{"id":"gen9nationaldexubers-1986117006","p1":"Isaqcq","p2":"Chaitanya15","format":"[Gen 9] National Dex Ubers","log":"|j|\u2606Isaqcq\n|j|\u2606Chaitanya15\n|t:|1699451803\n|gametype|singles\n|player|p1|Isaqcq|lucas|1245\n|player|p2|Chaitanya15|266|1434\n|teamsize|p1|6\n|teamsize|p2|6\n|gen|9\n|tier|[Gen 9] National Dex Ubers\n|rated|\n|rule|HP Percentage Mod: HP is shown in percentages\n|rule|Endless Battle Clause: Forcing endless battles is banned\n|rule|OHKO Clause: OHKO moves are banned\n|rule|Evasion Moves Clause: Evasion moves are banned\n|rule|Evasion Items Clause: Evasion items are banned\n|rule|Species Clause: Limit one of each Pok\u00e9mon\n|rule|Sleep Clause Mod: Limit one foe put to sleep\n|rule|Mega Rayquaza Clause: You cannot mega evolve Rayquaza\n|clearpoke\n|poke|p1|Zacian-*|\n|poke|p1|Dragonite, M|\n|poke|p1|Shuckle, F|\n|poke|p1|Cyclizar, F|\n|poke|p1|Toxapex, F|\n|poke|p1|Groudon|\n|poke|p2|Kingambit, M|\n|poke|p2|Basculegion, M|\n|poke|p2|Kyogre|\n|poke|p2|Flutter Mane|\n|poke|p2|Deoxys-Speed|\n|poke|p2|Groudon|\n|teampreview\n|\n|t:|1699451815\n|start\n|switch|p1a: Shuckle|Shuckle, F|100\/100\n|switch|p2a: Groudon|Groudon|100\/100\n|detailschange|p2a: Groudon|Groudon-Primal\n|-primal|p2a: Groudon|Red Orb\n|-weather|DesolateLand|[from] ability: Desolate Land|[of] p2a: Groudon\n|turn|1\n|inactive|Battle timer is ON: inactive players will automatically lose when time's up. (requested by Chaitanya15)\n|\n|t:|1699451824\n|move|p2a: Groudon|Swords Dance|p2a: Groudon\n|-boost|p2a: Groudon|atk|2\n|move|p1a: Shuckle|Sticky Web|p2a: Groudon\n|-sidestart|p2: Chaitanya15|move: Sticky Web\n|\n|-weather|DesolateLand|[upkeep]\n|upkeep\n|turn|2\n|\n|t:|1699451832\n|move|p2a: Groudon|Rock Polish|p2a: Groudon\n|-boost|p2a: Groudon|spe|2\n|move|p1a: Shuckle|Stealth Rock|p2a: Groudon\n|-sidestart|p2: Chaitanya15|move: Stealth Rock\n|\n|-weather|DesolateLand|[upkeep]\n|upkeep\n|turn|3\n|\n|t:|1699451842\n|move|p1a: Shuckle|Protect|p1a: Shuckle\n|-singleturn|p1a: Shuckle|Protect\n|move|p2a: Groudon|Heat Crash|p1a: Shuckle\n|-activate|p1a: Shuckle|move: Protect\n|\n|-weather|DesolateLand|[upkeep]\n|upkeep\n|turn|4\n|\n|t:|1699451856\n|switch|p1a: Dragonite|Dragonite, M|100\/100\n|move|p2a: Groudon|Heat Crash|p1a: Dragonite\n|-resisted|p1a: Dragonite\n|-damage|p1a: Dragonite|0 fnt\n|faint|p1a: Dragonite\n|\n|-weather|DesolateLand|[upkeep]\n|upkeep\n|\n|t:|1699451858\n|switch|p1a: Toxapex|Toxapex, F|100\/100\n|turn|5\n|\n|t:|1699451867\n|move|p1a: Toxapex|Baneful Bunker|p1a: Toxapex\n|-singleturn|p1a: Toxapex|move: Protect\n|move|p2a: Groudon|Precipice Blades|p1a: Toxapex\n|-activate|p1a: Toxapex|move: Protect\n|\n|-weather|DesolateLand|[upkeep]\n|upkeep\n|turn|6\n|\n|t:|1699451878\n|move|p2a: Groudon|Precipice Blades|p1a: Toxapex\n|-supereffective|p1a: Toxapex\n|-damage|p1a: Toxapex|0 fnt\n|faint|p1a: Toxapex\n|\n|-weather|DesolateLand|[upkeep]\n|upkeep\n|\n|t:|1699451882\n|switch|p1a: Zacian|Zacian-Crowned|100\/100\n|-ability|p1a: Zacian|Intrepid Sword|boost\n|-boost|p1a: Zacian|atk|1\n|turn|7\n|\n|t:|1699451888\n|move|p2a: Groudon|Heat Crash|p1a: Zacian\n|-supereffective|p1a: Zacian\n|-damage|p1a: Zacian|0 fnt\n|faint|p1a: Zacian\n|\n|-weather|DesolateLand|[upkeep]\n|upkeep\n|\n|t:|1699451893\n|switch|p1a: Shuckle|Shuckle, F|100\/100\n|turn|8\n|\n|t:|1699451897\n|move|p2a: Groudon|Heat Crash|p1a: Shuckle\n|-ability|p1a: Shuckle|Sturdy\n|-damage|p1a: Shuckle|1\/100\n|move|p1a: Shuckle|Bind|p2a: Groudon\n|-damage|p2a: Groudon|99\/100\n|-activate|p2a: Groudon|move: Bind|[of] p1a: Shuckle\n|\n|-weather|DesolateLand|[upkeep]\n|-heal|p1a: Shuckle|7\/100|[from] item: Leftovers\n|-damage|p2a: Groudon|88\/100|[from] move: Bind|[partiallytrapped]\n|upkeep\n|turn|9\n|\n|t:|1699451909\n|move|p1a: Shuckle|Protect|p1a: Shuckle\n|-singleturn|p1a: Shuckle|Protect\n|move|p2a: Groudon|Heat Crash|p1a: Shuckle\n|-activate|p1a: Shuckle|move: Protect\n|\n|-weather|DesolateLand|[upkeep]\n|-heal|p1a: Shuckle|13\/100|[from] item: Leftovers\n|-damage|p2a: Groudon|75\/100|[from] move: Bind|[partiallytrapped]\n|upkeep\n|turn|10\n|\n|t:|1699451918\n|move|p1a: Shuckle|Protect|p1a: Shuckle\n|-singleturn|p1a: Shuckle|Protect\n|move|p2a: Groudon|Heat Crash|p1a: Shuckle\n|-activate|p1a: Shuckle|move: Protect\n|\n|-weather|DesolateLand|[upkeep]\n|-heal|p1a: Shuckle|19\/100|[from] item: Leftovers\n|-damage|p2a: Groudon|63\/100|[from] move: Bind|[partiallytrapped]\n|upkeep\n|turn|11\n|\n|t:|1699451928\n|move|p2a: Groudon|Heat Crash|p1a: Shuckle\n|-damage|p1a: Shuckle|0 fnt\n|faint|p1a: Shuckle\n|\n|-weather|DesolateLand|[upkeep]\n|-end|p2a: Groudon|Bind|[partiallytrapped]|[silent]\n|upkeep\n|\n|t:|1699451931\n|switch|p1a: Cyclizar|Cyclizar, F|100\/100\n|turn|12\n|\n|t:|1699451939\n|move|p1a: Cyclizar|Shed Tail|p1a: Cyclizar\n|-start|p1a: Cyclizar|Substitute|[from] move: Shed Tail\n|-damage|p1a: Cyclizar|50\/100\n|\n|t:|1699451943\n|switch|p1a: Groudon|Groudon|100\/100|[from] Shed Tail\n|detailschange|p1a: Groudon|Groudon-Primal\n|-primal|p1a: Groudon|Red Orb\n|move|p2a: Groudon|Heat Crash|p1a: Groudon\n|-resisted|p1a: Groudon\n|-end|p1a: Groudon|Substitute\n|\n|-weather|DesolateLand|[upkeep]\n|upkeep\n|turn|13\n|\n|t:|1699451954\n|move|p2a: Groudon|Precipice Blades|p1a: Groudon\n|-supereffective|p1a: Groudon\n|-damage|p1a: Groudon|0 fnt\n|faint|p1a: Groudon\n|\n|-weather|DesolateLand|[upkeep]\n|upkeep\n|\n|t:|1699451957\n|switch|p1a: Cyclizar|Cyclizar, F|50\/100\n|turn|14\n|\n|t:|1699451962\n|move|p1a: Cyclizar|Acrobatics|p2a: Groudon\n|-damage|p2a: Groudon|55\/100\n|move|p2a: Groudon|Heat Crash|p1a: Cyclizar\n|-resisted|p1a: Cyclizar\n|-damage|p1a: Cyclizar|0 fnt\n|faint|p1a: Cyclizar\n|\n|win|Chaitanya15\n|raw|Isaqcq's rating: 1245 &rarr; <strong>1232<\/strong><br \/>(-13 for losing)\n|raw|Chaitanya15's rating: 1434 &rarr; <strong>1444<\/strong><br \/>(+10 for winning)\n|l|\u2606Isaqcq\n|c|\u2606Chaitanya15|Gg\n","uploadtime":1699451973,"views":6,"p1id":"isaqcq","p2id":"chaitanya15","formatid":"gen9nationaldexubers","rating":1232,"private":0,"password":""}