{"id":"gen9nationaldexubers-1979796326","p1":"Edras16","p2":"XX_1nfinity_XX","format":"[Gen 9] National Dex Ubers","log":"|j|\u2606Edras16\n|j|\u2606XX_1nfinity_XX\n|t:|1698714139\n|gametype|singles\n|player|p1|Edras16|steven|\n|player|p2|XX_1nfinity_XX|lucas|\n|teamsize|p1|6\n|teamsize|p2|6\n|gen|9\n|tier|[Gen 9] National Dex Ubers\n|rule|HP Percentage Mod: HP is shown in percentages\n|rule|Endless Battle Clause: Forcing endless battles is banned\n|rule|OHKO Clause: OHKO moves are banned\n|rule|Evasion Moves Clause: Evasion moves are banned\n|rule|Evasion Items Clause: Evasion items are banned\n|rule|Species Clause: Limit one of each Pok\u00e9mon\n|rule|Sleep Clause Mod: Limit one foe put to sleep\n|rule|Mega Rayquaza Clause: You cannot mega evolve Rayquaza\n|clearpoke\n|poke|p1|Tapu Lele|\n|poke|p1|Mewtwo|\n|poke|p1|Glalie, M|\n|poke|p1|Starmie|\n|poke|p1|Hatterene, F|\n|poke|p1|Armarouge, F|\n|poke|p2|Medicham, M|\n|poke|p2|Ogerpon-Wellspring, F|\n|poke|p2|Alomomola, F|\n|poke|p2|Chansey, F|\n|poke|p2|Blacephalon|\n|poke|p2|Cinderace, F|\n|teampreview\n|inactive|Battle timer is ON: inactive players will automatically lose when time's up. (requested by XX_1nfinity_XX)\n|inactive|Edras16 also wants the timer to be on.\n|c|\u2606Edras16|Glhf\n|c|\u2606XX_1nfinity_XX|u2\n|\n|t:|1698714155\n|start\n|switch|p1a: Starmie|Starmie|100\/100\n|switch|p2a: Ace from OP|Cinderace, F|100\/100\n|turn|1\n|\n|t:|1698714162\n|switch|p1a: Armarouge|Armarouge, F|100\/100\n|move|p2a: Ace from OP|Sucker Punch||[still]\n|-fail|p2a: Ace from OP\n|\n|upkeep\n|turn|2\n|\n|t:|1698714167\n|move|p2a: Ace from OP|U-turn|p1a: Armarouge\n|-start|p2a: Ace from OP|typechange|Bug|[from] ability: Libero\n|-damage|p1a: Armarouge|61\/100\n|-ability|p1a: Armarouge|Weak Armor|boost\n|-unboost|p1a: Armarouge|def|1\n|-boost|p1a: Armarouge|spe|2\n|\n|t:|1698714170\n|switch|p2a: Ball|Chansey, F|100\/100|[from] U-turn\n|move|p1a: Armarouge|Calm Mind|p1a: Armarouge\n|-boost|p1a: Armarouge|spa|1\n|-boost|p1a: Armarouge|spd|1\n|\n|upkeep\n|turn|3\n|\n|t:|1698714173\n|move|p1a: Armarouge|Calm Mind|p1a: Armarouge\n|-boost|p1a: Armarouge|spa|1\n|-boost|p1a: Armarouge|spd|1\n|move|p2a: Ball|Seismic Toss|p1a: Armarouge\n|-damage|p1a: Armarouge|29\/100\n|-ability|p1a: Armarouge|Weak Armor|boost\n|-unboost|p1a: Armarouge|def|1\n|-boost|p1a: Armarouge|spe|2\n|\n|upkeep\n|turn|4\n|\n|t:|1698714177\n|move|p1a: Armarouge|Psyshock|p2a: Ball\n|-damage|p2a: Ball|0 fnt\n|faint|p2a: Ball\n|\n|upkeep\n|\n|t:|1698714183\n|switch|p2a: Ace from OP|Cinderace, F|100\/100\n|turn|5\n|\n|t:|1698714186\n|move|p2a: Ace from OP|Sucker Punch||[still]\n|-fail|p2a: Ace from OP\n|move|p1a: Armarouge|Calm Mind|p1a: Armarouge\n|-boost|p1a: Armarouge|spa|1\n|-boost|p1a: Armarouge|spd|1\n|\n|upkeep\n|turn|6\n|\n|t:|1698714190\n|move|p2a: Ace from OP|Sucker Punch|p1a: Armarouge\n|-start|p2a: Ace from OP|typechange|Dark|[from] ability: Libero\n|-supereffective|p1a: Armarouge\n|-damage|p1a: Armarouge|0 fnt\n|faint|p1a: Armarouge\n|\n|upkeep\n|\n|t:|1698714199\n|switch|p1a: Tapu Lele|Tapu Lele|100\/100\n|-fieldstart|move: Psychic Terrain|[from] ability: Psychic Surge|[of] p1a: Tapu Lele\n|turn|7\n|\n|t:|1698714208\n|move|p2a: Ace from OP|U-turn|p1a: Tapu Lele\n|-damage|p1a: Tapu Lele|66\/100\n|\n|t:|1698714219\n|switch|p2a: Zoa's Daughter|Ogerpon-Wellspring, F|100\/100|[from] U-turn\n|move|p1a: Tapu Lele|Psyshock|p2a: Zoa's Daughter\n|-damage|p2a: Zoa's Daughter|27\/100\n|\n|upkeep\n|turn|8\n|\n|t:|1698714226\n|switch|p1a: Starmie|Starmie|100\/100\n|move|p2a: Zoa's Daughter|Horn Leech|p1a: Starmie\n|-supereffective|p1a: Starmie\n|-damage|p1a: Starmie|0 fnt\n|-heal|p2a: Zoa's Daughter|70\/100|[from] drain|[of] p1a: Starmie\n|faint|p1a: Starmie\n|\n|upkeep\n|c|\u2606XX_1nfinity_XX|ohh lol\n|\n|t:|1698714233\n|switch|p1a: Mewtwo|Mewtwo|100\/100\n|-ability|p1a: Mewtwo|Pressure\n|turn|9\n|\n|t:|1698714239\n|move|p1a: Mewtwo|Expanding Force|p2a: Zoa's Daughter\n|-damage|p2a: Zoa's Daughter|0 fnt\n|faint|p2a: Zoa's Daughter\n|\n|upkeep\n|\n|t:|1698714241\n|switch|p2a: Party|Blacephalon|100\/100\n|turn|10\n|\n|t:|1698714246\n|switch|p1a: Hatterene|Hatterene, F|100\/100\n|-terastallize|p2a: Party|Dark\n|move|p2a: Party|Dark Pulse|p1a: Hatterene\n|-damage|p1a: Hatterene|51\/100\n|\n|-heal|p1a: Hatterene|57\/100|[from] item: Leftovers\n|upkeep\n|turn|11\n|\n|t:|1698714250\n|switch|p2a: Ace from OP|Cinderace, F|100\/100\n|move|p1a: Hatterene|Draining Kiss|p2a: Ace from OP\n|-resisted|p2a: Ace from OP\n|-damage|p2a: Ace from OP|79\/100\n|-heal|p1a: Hatterene|73\/100|[from] drain|[of] p2a: Ace from OP\n|\n|-heal|p1a: Hatterene|79\/100|[from] item: Leftovers\n|upkeep\n|turn|12\n|\n|t:|1698714256\n|-terastallize|p1a: Hatterene|Water\n|move|p2a: Ace from OP|Pyro Ball|p1a: Hatterene\n|-resisted|p1a: Hatterene\n|-damage|p1a: Hatterene|46\/100\n|move|p1a: Hatterene|Calm Mind|p1a: Hatterene\n|-boost|p1a: Hatterene|spa|1\n|-boost|p1a: Hatterene|spd|1\n|\n|-heal|p1a: Hatterene|52\/100|[from] item: Leftovers\n|upkeep\n|turn|13\n|\n|t:|1698714262\n|move|p2a: Ace from OP|U-turn|p1a: Hatterene\n|-start|p2a: Ace from OP|typechange|Bug|[from] ability: Libero\n|-damage|p1a: Hatterene|16\/100\n|\n|t:|1698714265\n|switch|p2a: GOAT|Medicham, M|100\/100|[from] U-turn\n|move|p1a: Hatterene|Draining Kiss|p2a: GOAT\n|-supereffective|p2a: GOAT\n|-damage|p2a: GOAT|0 fnt\n|-heal|p1a: Hatterene|77\/100|[from] drain|[of] p2a: GOAT\n|faint|p2a: GOAT\n|\n|-heal|p1a: Hatterene|83\/100|[from] item: Leftovers\n|upkeep\n|\n|t:|1698714270\n|switch|p2a: Ace from OP|Cinderace, F|79\/100\n|turn|14\n|\n|t:|1698714278\n|move|p2a: Ace from OP|Pyro Ball|p1a: Hatterene\n|-resisted|p1a: Hatterene\n|-damage|p1a: Hatterene|49\/100\n|move|p1a: Hatterene|Psyshock|p2a: Ace from OP\n|-damage|p2a: Ace from OP|0 fnt\n|faint|p2a: Ace from OP\n|\n|-heal|p1a: Hatterene|55\/100|[from] item: Leftovers\n|-fieldend|move: Psychic Terrain\n|upkeep\n|\n|t:|1698714285\n|switch|p2a: Party|Blacephalon, tera:Dark|100\/100\n|turn|15\n|\n|t:|1698714289\n|move|p2a: Party|Dark Pulse|p1a: Hatterene\n|-damage|p1a: Hatterene|24\/100\n|move|p1a: Hatterene|Draining Kiss|p2a: Party\n|-supereffective|p2a: Party\n|-damage|p2a: Party|0 fnt\n|-heal|p1a: Hatterene|82\/100|[from] drain|[of] p2a: Party\n|faint|p2a: Party\n|\n|-heal|p1a: Hatterene|88\/100|[from] item: Leftovers\n|upkeep\n|c|\u2606XX_1nfinity_XX|flinch\n|c|\u2606XX_1nfinity_XX|man\n|-message|XX_1nfinity_XX forfeited.\n|\n|win|Edras16\n|l|\u2606XX_1nfinity_XX\n|c|\u2606Edras16|Gg\n","uploadtime":1698714326,"views":10,"p1id":"edras16","p2id":"xx1nfinityxx","formatid":"gen9nationaldexubers","rating":0,"private":0,"password":""}