{"id":"gen9nationaldexubers-1992376557","p1":"kemowastaken","p2":"Wally Nix","format":"[Gen 9] National Dex Ubers","log":"|j|\u2606kemowastaken\n|j|\u2606Wally Nix\n|t:|1700180456\n|gametype|singles\n|player|p1|kemowastaken|lady-gen4|1087\n|player|p2|Wally Nix|steven|1134\n|teamsize|p1|6\n|teamsize|p2|6\n|gen|9\n|tier|[Gen 9] National Dex Ubers\n|rated|\n|rule|HP Percentage Mod: HP is shown in percentages\n|rule|Endless Battle Clause: Forcing endless battles is banned\n|rule|OHKO Clause: OHKO moves are banned\n|rule|Evasion Moves Clause: Evasion moves are banned\n|rule|Evasion Items Clause: Evasion items are banned\n|rule|Species Clause: Limit one of each Pok\u00e9mon\n|rule|Sleep Clause Mod: Limit one foe put to sleep\n|rule|Mega Rayquaza Clause: You cannot mega evolve Rayquaza\n|clearpoke\n|poke|p1|Aron, L1, F|\n|poke|p1|Mimikyu, F|\n|poke|p1|Veluza, M|\n|poke|p1|Cyclizar, M|\n|poke|p1|Diancie|\n|poke|p1|Basculegion, M|\n|poke|p2|Ninetales-Alola, M|\n|poke|p2|Avalugg, M|\n|poke|p2|Mawile, F|\n|poke|p2|Ogerpon, F|\n|poke|p2|Victini|\n|poke|p2|Gholdengo|\n|teampreview\n|\n|t:|1700180466\n|start\n|switch|p1a: Cyclizar|Cyclizar, M|100\/100\n|switch|p2a: Prince's Guitar|Ninetales-Alola, M|100\/100\n|-weather|Snow|[from] ability: Snow Warning|[of] p2a: Prince's Guitar\n|turn|1\n|\n|t:|1700180480\n|move|p1a: Cyclizar|Shed Tail|p1a: Cyclizar\n|-start|p1a: Cyclizar|Substitute|[from] move: Shed Tail\n|-damage|p1a: Cyclizar|50\/100\n|-enditem|p1a: Cyclizar|Sitrus Berry|[eat]\n|-heal|p1a: Cyclizar|75\/100|[from] item: Sitrus Berry\n|\n|t:|1700180500\n|switch|p1a: Diancie|Diancie|100\/100|[from] Shed Tail\n|move|p2a: Prince's Guitar|Aurora Veil|p2a: Prince's Guitar\n|-sidestart|p2: Wally Nix|move: Aurora Veil\n|\n|-weather|Snow|[upkeep]\n|upkeep\n|turn|2\n|\n|t:|1700180514\n|switch|p2a: Sherane|Mawile, F|100\/100\n|-ability|p2a: Sherane|Intimidate|boost\n|-immune|p1a: Diancie\n|detailschange|p1a: Diancie|Diancie-Mega\n|-mega|p1a: Diancie|Diancie|Diancite\n|move|p1a: Diancie|Stealth Rock|p2a: Sherane\n|-sidestart|p2: Wally Nix|move: Stealth Rock\n|\n|-weather|Snow|[upkeep]\n|upkeep\n|turn|3\n|\n|t:|1700180530\n|detailschange|p2a: Sherane|Mawile-Mega, F\n|-mega|p2a: Sherane|Mawile|Mawilite\n|move|p1a: Diancie|Diamond Storm|p2a: Sherane\n|-resisted|p2a: Sherane\n|-damage|p2a: Sherane|89\/100\n|move|p2a: Sherane|Iron Head|p1a: Diancie\n|-supereffective|p1a: Diancie\n|-crit|p1a: Diancie\n|-end|p1a: Diancie|Substitute\n|\n|-weather|Snow|[upkeep]\n|upkeep\n|turn|4\n|\n|t:|1700180605\n|move|p1a: Diancie|Diamond Storm|p2a: Sherane\n|-resisted|p2a: Sherane\n|-damage|p2a: Sherane|77\/100\n|-boost|p1a: Diancie|def|2\n|move|p2a: Sherane|Iron Head|p1a: Diancie\n|-supereffective|p1a: Diancie\n|-crit|p1a: Diancie\n|-damage|p1a: Diancie|0 fnt\n|faint|p1a: Diancie\n|\n|-weather|Snow|[upkeep]\n|upkeep\n|\n|t:|1700180619\n|switch|p1a: Aron|Aron, L1, F|100\/100\n|turn|5\n|\n|t:|1700180642\n|move|p2a: Sherane|Iron Head|p1a: Aron\n|-ability|p1a: Aron|Sturdy\n|-damage|p1a: Aron|9\/100\n|move|p1a: Aron|Endeavor|p2a: Sherane\n|-damage|p2a: Sherane|1\/100\n|-heal|p1a: Aron|100\/100|[from] item: Shell Bell|[of] p2a: Sherane\n|\n|-weather|none\n|upkeep\n|turn|6\n|\n|t:|1700180682\n|move|p1a: Aron|Protect|p1a: Aron\n|-singleturn|p1a: Aron|Protect\n|move|p2a: Sherane|Sucker Punch||[still]\n|-fail|p2a: Sherane\n|\n|upkeep\n|turn|7\n|\n|t:|1700180700\n|switch|p1a: Cyclizar|Cyclizar, M|100\/100\n|move|p2a: Sherane|Iron Head|p1a: Cyclizar\n|-damage|p1a: Cyclizar|0 fnt\n|faint|p1a: Cyclizar\n|\n|upkeep\n|\n|t:|1700180714\n|switch|p1a: Mimikyu|Mimikyu, F|100\/100\n|turn|8\n|\n|t:|1700180720\n|move|p2a: Sherane|Sucker Punch||[still]\n|-fail|p2a: Sherane\n|move|p1a: Mimikyu|Swords Dance|p1a: Mimikyu\n|-boost|p1a: Mimikyu|atk|2\n|\n|-sideend|p2: Wally Nix|move: Aurora Veil\n|upkeep\n|turn|9\n|\n|t:|1700180735\n|move|p1a: Mimikyu|Shadow Sneak|p2a: Sherane\n|-damage|p2a: Sherane|0 fnt\n|faint|p2a: Sherane\n|-damage|p1a: Mimikyu|91\/100|[from] item: Life Orb\n|\n|upkeep\n|\n|t:|1700180743\n|switch|p2a: Coffee Table|Avalugg, M|100\/100\n|-damage|p2a: Coffee Table|76\/100|[from] Stealth Rock\n|turn|10\n|\n|t:|1700180777\n|move|p1a: Mimikyu|Swords Dance|p1a: Mimikyu\n|-boost|p1a: Mimikyu|atk|2\n|move|p2a: Coffee Table|Avalanche|p1a: Mimikyu\n|-activate|p1a: Mimikyu|ability: Disguise\n|-damage|p1a: Mimikyu|91\/100\n|detailschange|p1a: Mimikyu|Mimikyu-Busted, F\n|-damage|p1a: Mimikyu|78\/100|[from] pokemon: Mimikyu-Busted\n|\n|-heal|p2a: Coffee Table|82\/100|[from] item: Leftovers\n|upkeep\n|turn|11\n|\n|t:|1700180807\n|move|p1a: Mimikyu|Drain Punch|p2a: Coffee Table\n|-supereffective|p2a: Coffee Table\n|-damage|p2a: Coffee Table|8\/100\n|-heal|p1a: Mimikyu|100\/100|[from] drain|[of] p2a: Coffee Table\n|-damage|p1a: Mimikyu|91\/100|[from] item: Life Orb\n|move|p2a: Coffee Table|Gyro Ball|p1a: Mimikyu\n|-supereffective|p1a: Mimikyu\n|-damage|p1a: Mimikyu|0 fnt\n|faint|p1a: Mimikyu\n|\n|-heal|p2a: Coffee Table|14\/100|[from] item: Leftovers\n|upkeep\n|\n|t:|1700180821\n|switch|p1a: Veluza|Veluza, M|100\/100\n|turn|12\n|\n|t:|1700180830\n|move|p1a: Veluza|Fillet Away|p1a: Veluza\n|-boost|p1a: Veluza|atk|2\n|-boost|p1a: Veluza|spa|2\n|-boost|p1a: Veluza|spe|2\n|-damage|p1a: Veluza|50\/100\n|-enditem|p1a: Veluza|Sitrus Berry|[eat]\n|-heal|p1a: Veluza|75\/100|[from] item: Sitrus Berry\n|move|p2a: Coffee Table|Body Press|p1a: Veluza\n|-resisted|p1a: Veluza\n|-damage|p1a: Veluza|53\/100\n|\n|-heal|p2a: Coffee Table|20\/100|[from] item: Leftovers\n|upkeep\n|turn|13\n|\n|t:|1700180850\n|move|p1a: Veluza|Night Slash|p2a: Coffee Table\n|-damage|p2a: Coffee Table|0 fnt\n|faint|p2a: Coffee Table\n|\n|upkeep\n|\n|t:|1700180861\n|switch|p2a: Skull Kid|Ogerpon, F|100\/100\n|-damage|p2a: Skull Kid|88\/100|[from] Stealth Rock\n|turn|14\n|\n|t:|1700180877\n|-terastallize|p2a: Skull Kid|Grass\n|detailschange|p2a: Skull Kid|Ogerpon-Teal-Tera, F, tera:Grass\n|-ability|p2a: Skull Kid|Embody Aspect (Teal)|boost\n|-boost|p2a: Skull Kid|spe|1\n|move|p2a: Skull Kid|Horn Leech|p1a: Veluza\n|-supereffective|p1a: Veluza\n|-damage|p1a: Veluza|0 fnt\n|-heal|p2a: Skull Kid|100\/100|[from] drain|[of] p1a: Veluza\n|faint|p1a: Veluza\n|\n|upkeep\n|\n|t:|1700180887\n|switch|p1a: Aron|Aron, L1, F|100\/100\n|turn|15\n|\n|t:|1700180895\n|move|p2a: Skull Kid|Knock Off|p1a: Aron\n|-ability|p1a: Aron|Sturdy\n|-damage|p1a: Aron|9\/100\n|-enditem|p1a: Aron|Shell Bell|[from] move: Knock Off|[of] p2a: Skull Kid\n|move|p1a: Aron|Endeavor|p2a: Skull Kid\n|-damage|p2a: Skull Kid|1\/100\n|\n|upkeep\n|turn|16\n|\n|t:|1700180908\n|move|p2a: Skull Kid|Knock Off|p1a: Aron\n|-damage|p1a: Aron|0 fnt\n|faint|p1a: Aron\n|\n|upkeep\n|\n|t:|1700180913\n|switch|p1a: Basculegion|Basculegion, M|100\/100\n|turn|17\n|\n|t:|1700180939\n|move|p2a: Skull Kid|Ivy Cudgel|p1a: Basculegion\n|-supereffective|p1a: Basculegion\n|-damage|p1a: Basculegion|0 fnt\n|faint|p1a: Basculegion\n|\n|win|Wally Nix\n|raw|kemowastaken's rating: 1087 &rarr; <strong>1067<\/strong><br \/>(-20 for losing)\n|raw|Wally Nix's rating: 1134 &rarr; <strong>1156<\/strong><br \/>(+22 for winning)\n","uploadtime":1700180946,"views":8,"p1id":"kemowastaken","p2id":"wallynix","formatid":"gen9nationaldexubers","rating":1067,"private":0,"password":""}