{"id":"gen9nationaldexubers-1995884052","p1":"noofthan","p2":"DIOderent","format":"[Gen 9] National Dex Ubers","log":"|j|\u2606noofthan\n|j|\u2606DIOderent\n|t:|1700613356\n|gametype|singles\n|player|p1|noofthan|teamrocket|\n|player|p2|DIOderent|youngster-gen2|\n|teamsize|p1|6\n|teamsize|p2|6\n|gen|9\n|tier|[Gen 9] National Dex Ubers\n|rule|HP Percentage Mod: HP is shown in percentages\n|rule|Endless Battle Clause: Forcing endless battles is banned\n|rule|OHKO Clause: OHKO moves are banned\n|rule|Evasion Moves Clause: Evasion moves are banned\n|rule|Evasion Items Clause: Evasion items are banned\n|rule|Species Clause: Limit one of each Pok\u00e9mon\n|rule|Sleep Clause Mod: Limit one foe put to sleep\n|rule|Mega Rayquaza Clause: You cannot mega evolve Rayquaza\n|clearpoke\n|poke|p1|Qwilfish-Hisui, M|\n|poke|p1|Murkrow, M|\n|poke|p1|Zoroark-Hisui, M|\n|poke|p1|Gholdengo|\n|poke|p1|Volcarona, F|\n|poke|p1|Ditto|\n|poke|p2|Alomomola, F|\n|poke|p2|Gliscor, M|\n|poke|p2|Grimmsnarl, M|\n|poke|p2|Ferrothorn, M|\n|poke|p2|Glimmora, F|\n|poke|p2|Corviknight, F|\n|teampreview\n|c|\u2606DIOderent|ther\n|c|\u2606noofthan|ITS TIME\n|c|\u2606DIOderent|my team kinda sucks\n|c|\u2606DIOderent|s o\n|\n|t:|1700613396\n|start\n|switch|p1a: Volcarona|Volcarona, F|100\/100\n|switch|p2a: flower (?)|Glimmora, F, shiny|100\/100\n|turn|1\n|\n|t:|1700613416\n|move|p1a: Volcarona|U-turn|p2a: flower (?)\n|-resisted|p2a: flower (?)\n|-damage|p2a: flower (?)|92\/100\n|-activate|p2a: flower (?)|ability: Toxic Debris\n|-sidestart|p1: noofthan|move: Toxic Spikes\n|\n|t:|1700613421\n|switch|p1a: fishy (evil)|Qwilfish-Hisui, M|100\/100|[from] U-turn\n|-sideend|p1: noofthan|move: Toxic Spikes|[of] p1a: fishy (evil)\n|-ability|p1a: fishy (evil)|Intimidate|boost\n|-unboost|p2a: flower (?)|atk|1\n|move|p2a: flower (?)|Mortal Spin|p1a: fishy (evil)\n|-resisted|p1a: fishy (evil)\n|-crit|p1a: fishy (evil)\n|-damage|p1a: fishy (evil)|96\/100\n|\n|upkeep\n|turn|2\n|\n|t:|1700613432\n|move|p2a: flower (?)|Stealth Rock|p1a: fishy (evil)\n|-sidestart|p1: noofthan|move: Stealth Rock\n|move|p1a: fishy (evil)|Spikes|p2a: flower (?)\n|-sidestart|p2: DIOderent|Spikes\n|\n|upkeep\n|turn|3\n|\n|t:|1700613443\n|move|p2a: flower (?)|Earth Power|p1a: fishy (evil)\n|-supereffective|p1a: fishy (evil)\n|-damage|p1a: fishy (evil)|27\/100\n|move|p1a: fishy (evil)|Spikes|p2a: flower (?)\n|-sidestart|p2: DIOderent|Spikes\n|\n|upkeep\n|turn|4\n|\n|t:|1700613451\n|switch|p1a: birdy (evil)|Murkrow, M|100\/100\n|-damage|p1a: birdy (evil)|76\/100|[from] Stealth Rock\n|move|p2a: flower (?)|Earth Power|p1a: birdy (evil)\n|-immune|p1a: birdy (evil)\n|\n|upkeep\n|turn|5\n|\n|t:|1700613464\n|move|p1a: birdy (evil)|Protect|p1a: birdy (evil)\n|-singleturn|p1a: birdy (evil)|Protect\n|move|p2a: flower (?)|Mortal Spin|p1a: birdy (evil)\n|-activate|p1a: birdy (evil)|move: Protect\n|\n|upkeep\n|turn|6\n|\n|t:|1700613473\n|move|p1a: birdy (evil)|Tailwind|p1a: birdy (evil)\n|-sidestart|p1: noofthan|move: Tailwind\n|move|p2a: flower (?)|Mortal Spin|p1a: birdy (evil)\n|-damage|p1a: birdy (evil)|70\/100\n|-status|p1a: birdy (evil)|psn\n|-sideend|p2: DIOderent|Spikes|[from] move: Mortal Spin|[of] p2a: flower (?)\n|\n|-damage|p1a: birdy (evil)|57\/100 psn|[from] psn\n|upkeep\n|turn|7\n|\n|t:|1700613487\n|move|p1a: birdy (evil)|Brave Bird|p2a: flower (?)\n|-resisted|p2a: flower (?)\n|-damage|p2a: flower (?)|71\/100\n|-activate|p2a: flower (?)|ability: Toxic Debris\n|-sidestart|p1: noofthan|move: Toxic Spikes\n|-damage|p1a: birdy (evil)|51\/100 psn|[from] Recoil\n|move|p2a: flower (?)|Sludge Bomb|p1a: birdy (evil)\n|-damage|p1a: birdy (evil)|14\/100 psn\n|\n|-damage|p1a: birdy (evil)|1\/100 psn|[from] psn\n|upkeep\n|turn|8\n|\n|t:|1700613512\n|move|p1a: birdy (evil)|Brave Bird|p2a: flower (?)\n|-resisted|p2a: flower (?)\n|-damage|p2a: flower (?)|50\/100\n|-activate|p2a: flower (?)|ability: Toxic Debris\n|-sidestart|p1: noofthan|move: Toxic Spikes\n|-damage|p1a: birdy (evil)|0 fnt|[from] Recoil\n|faint|p1a: birdy (evil)\n|move|p2a: flower (?)|Mortal Spin|p1: birdy (evil)|[notarget]\n|-fail|p2a: flower (?)\n|\n|upkeep\n|c|\u2606DIOderent|does that not have defog\n|\n|t:|1700613521\n|switch|p1a: fishy (evil)|Qwilfish-Hisui, M|27\/100\n|-damage|p1a: fishy (evil)|15\/100|[from] Stealth Rock\n|-sideend|p1: noofthan|move: Toxic Spikes|[of] p1a: fishy (evil)\n|-ability|p1a: fishy (evil)|Intimidate|boost\n|-unboost|p2a: flower (?)|atk|1\n|turn|9\n|\n|t:|1700613530\n|move|p1a: fishy (evil)|Crunch|p2a: flower (?)\n|-damage|p2a: flower (?)|11\/100\n|-unboost|p2a: flower (?)|def|1\n|-activate|p2a: flower (?)|ability: Toxic Debris\n|-sidestart|p1: noofthan|move: Toxic Spikes\n|move|p2a: flower (?)|Earth Power|p1a: fishy (evil)\n|-supereffective|p1a: fishy (evil)\n|-damage|p1a: fishy (evil)|0 fnt\n|faint|p1a: fishy (evil)\n|\n|-sideend|p1: noofthan|move: Tailwind\n|upkeep\n|\n|t:|1700613549\n|switch|p1a: Volcarona|Volcarona, F|100\/100\n|turn|10\n|\n|t:|1700613559\n|move|p1a: Volcarona|Flamethrower|p2a: flower (?)\n|-resisted|p2a: flower (?)\n|-damage|p2a: flower (?)|0 fnt\n|faint|p2a: flower (?)\n|\n|upkeep\n|\n|t:|1700613565\n|switch|p2a: Alomomola|Alomomola, F, shiny|100\/100\n|turn|11\n|\n|t:|1700613572\n|switch|p1a: Gholdengo|Gholdengo|100\/100\n|-damage|p1a: Gholdengo|88\/100|[from] Stealth Rock\n|-status|p1a: Gholdengo|psn\n|move|p2a: Alomomola|Knock Off|p1a: Gholdengo\n|-supereffective|p1a: Gholdengo\n|-damage|p1a: Gholdengo|16\/100 psn\n|replace|p1a: Zoroark|Zoroark-Hisui, M\n|-end|p1a: Zoroark|Illusion\n|-enditem|p1a: Zoroark|Focus Sash|[from] move: Knock Off|[of] p2a: Alomomola\n|\n|-damage|p1a: Zoroark|4\/100 psn|[from] psn\n|upkeep\n|turn|12\n|c|\u2606noofthan|HOW DARE YOU\n|c|\u2606DIOderent|oh mah gah\n|\n|t:|1700613590\n|move|p1a: Zoroark|Shadow Ball|p2a: Alomomola\n|-damage|p2a: Alomomola|68\/100\n|-unboost|p2a: Alomomola|spd|1\n|move|p2a: Alomomola|Flip Turn|p1a: Zoroark\n|-damage|p1a: Zoroark|0 fnt\n|faint|p1a: Zoroark\n|\n|t:|1700613595\n|switch|p2a: Corviknight|Corviknight, F|100\/100|[from] Flip Turn\n|-ability|p2a: Corviknight|Pressure\n|\n|upkeep\n|\n|t:|1700613603\n|switch|p1a: Volcarona|Volcarona, F|100\/100\n|turn|13\n|\n|t:|1700613613\n|switch|p2a: Alomomola|Alomomola, F, shiny|100\/100\n|-terastallize|p1a: Volcarona|Water\n|move|p1a: Volcarona|Quiver Dance|p1a: Volcarona\n|-boost|p1a: Volcarona|spa|1\n|-boost|p1a: Volcarona|spd|1\n|-boost|p1a: Volcarona|spe|1\n|\n|upkeep\n|turn|14\n|\n|t:|1700613619\n|move|p1a: Volcarona|Quiver Dance|p1a: Volcarona\n|-boost|p1a: Volcarona|spa|1\n|-boost|p1a: Volcarona|spd|1\n|-boost|p1a: Volcarona|spe|1\n|move|p2a: Alomomola|Knock Off|p1a: Volcarona\n|-damage|p1a: Volcarona|74\/100\n|-enditem|p1a: Volcarona|Heavy-Duty Boots|[from] move: Knock Off|[of] p2a: Alomomola\n|\n|upkeep\n|turn|15\n|\n|t:|1700613628\n|switch|p2a: barbie|Grimmsnarl, M, shiny|100\/100\n|move|p1a: Volcarona|Flamethrower|p2a: barbie\n|-damage|p2a: barbie|18\/100\n|\n|upkeep\n|turn|16\n|\n|t:|1700613636\n|move|p2a: barbie|Parting Shot|p1a: Volcarona\n|-unboost|p1a: Volcarona|atk|1\n|-unboost|p1a: Volcarona|spa|1\n|\n|t:|1700613639\n|switch|p2a: Alomomola|Alomomola, F, shiny|100\/100|[from] Parting Shot\n|move|p1a: Volcarona|Flamethrower|p2a: Alomomola\n|-resisted|p2a: Alomomola\n|-damage|p2a: Alomomola|72\/100\n|\n|-heal|p2a: Alomomola|78\/100|[from] item: Leftovers\n|upkeep\n|turn|17\n|\n|t:|1700613646\n|move|p1a: Volcarona|Quiver Dance|p1a: Volcarona\n|-boost|p1a: Volcarona|spa|1\n|-boost|p1a: Volcarona|spd|1\n|-boost|p1a: Volcarona|spe|1\n|move|p2a: Alomomola|Flip Turn|p1a: Volcarona\n|-resisted|p1a: Volcarona\n|-damage|p1a: Volcarona|62\/100\n|\n|t:|1700613648\n|switch|p2a: barbie|Grimmsnarl, M, shiny|18\/100|[from] Flip Turn\n|\n|upkeep\n|turn|18\n|\n|t:|1700613657\n|move|p2a: barbie|Light Screen|p2a: barbie\n|-sidestart|p2: DIOderent|move: Light Screen\n|move|p1a: Volcarona|Tera Blast|p2a: barbie|[anim] Tera Blast Water\n|-damage|p2a: barbie|0 fnt\n|faint|p2a: barbie\n|\n|upkeep\n|\n|t:|1700613662\n|switch|p2a: Gliscor|Gliscor, M, shiny|100\/100\n|turn|19\n|\n|t:|1700613665\n|move|p1a: Volcarona|Tera Blast|p2a: Gliscor|[anim] Tera Blast Water\n|-supereffective|p2a: Gliscor\n|-damage|p2a: Gliscor|18\/100\n|move|p2a: Gliscor|Earthquake|p1a: Volcarona\n|-damage|p1a: Volcarona|6\/100\n|\n|-status|p2a: Gliscor|tox|[from] item: Toxic Orb\n|upkeep\n|turn|20\n|\n|t:|1700613676\n|switch|p2a: Alomomola|Alomomola, F, shiny|100\/100\n|move|p1a: Volcarona|Morning Sun|p1a: Volcarona\n|-heal|p1a: Volcarona|56\/100\n|\n|upkeep\n|turn|21\n|c|\u2606DIOderent|i forgot haze\n|c|\u2606DIOderent|teehee\n|\n|t:|1700613690\n|move|p1a: Volcarona|Flamethrower|p2a: Alomomola\n|-resisted|p2a: Alomomola\n|-damage|p2a: Alomomola|80\/100\n|move|p2a: Alomomola|Wish|p2a: Alomomola\n|\n|-heal|p2a: Alomomola|86\/100|[from] item: Leftovers\n|upkeep\n|turn|22\n|\n|t:|1700613702\n|switch|p2a: Gliscor|Gliscor, M, shiny|18\/100 tox\n|move|p1a: Volcarona|Quiver Dance|p1a: Volcarona\n|-boost|p1a: Volcarona|spa|1\n|-boost|p1a: Volcarona|spd|1\n|-boost|p1a: Volcarona|spe|1\n|\n|-heal|p2a: Gliscor|94\/100 tox|[from] move: Wish|[wisher] Alomomola\n|-heal|p2a: Gliscor|100\/100 tox|[from] ability: Poison Heal\n|upkeep\n|turn|23\n|\n|t:|1700613721\n|move|p1a: Volcarona|Tera Blast|p2a: Gliscor|[anim] Tera Blast Water\n|-supereffective|p2a: Gliscor\n|-damage|p2a: Gliscor|5\/100 tox\n|move|p2a: Gliscor|Earthquake|p1a: Volcarona\n|-damage|p1a: Volcarona|4\/100\n|\n|-heal|p2a: Gliscor|17\/100 tox|[from] ability: Poison Heal\n|upkeep\n|turn|24\n|\n|t:|1700613730\n|move|p1a: Volcarona|Tera Blast|p2a: Gliscor|[anim] Tera Blast Water\n|-supereffective|p2a: Gliscor\n|-damage|p2a: Gliscor|0 fnt\n|faint|p2a: Gliscor\n|\n|upkeep\n|\n|t:|1700613740\n|switch|p2a: Corviknight|Corviknight, F|100\/100\n|-ability|p2a: Corviknight|Pressure\n|turn|25\n|\n|t:|1700613749\n|move|p1a: Volcarona|Morning Sun|p1a: Volcarona\n|-heal|p1a: Volcarona|54\/100\n|move|p2a: Corviknight|Body Press|p1a: Volcarona\n|-damage|p1a: Volcarona|15\/100\n|-status|p2a: Corviknight|brn|[from] ability: Flame Body|[of] p1a: Volcarona\n|\n|-damage|p2a: Corviknight|94\/100 brn|[from] brn\n|-sideend|p2: DIOderent|move: Light Screen\n|upkeep\n|turn|26\n|\n|t:|1700613756\n|-terastallize|p2a: Corviknight|Flying\n|move|p1a: Volcarona|Morning Sun|p1a: Volcarona\n|-heal|p1a: Volcarona|65\/100\n|move|p2a: Corviknight|Body Press|p1a: Volcarona\n|-damage|p1a: Volcarona|47\/100\n|\n|-heal|p2a: Corviknight|100\/100 brn|[from] item: Leftovers\n|-damage|p2a: Corviknight|94\/100 brn|[from] brn\n|upkeep\n|turn|27\n|\n|t:|1700613766\n|move|p1a: Volcarona|Flamethrower|p2a: Corviknight\n|-damage|p2a: Corviknight|0 fnt\n|faint|p2a: Corviknight\n|\n|upkeep\n|\n|t:|1700613771\n|switch|p2a: Alomomola|Alomomola, F, shiny|100\/100\n|turn|28\n|\n|t:|1700613778\n|move|p1a: Volcarona|Flamethrower|p2a: Alomomola\n|-resisted|p2a: Alomomola\n|-damage|p2a: Alomomola|55\/100\n|move|p2a: Alomomola|Flip Turn|p1a: Volcarona\n|-resisted|p1a: Volcarona\n|-damage|p1a: Volcarona|34\/100\n|c|\u2606DIOderent|i also forgot to\n|c|\u2606DIOderent|change tera types\n|\n|t:|1700613783\n|switch|p2a: pineapple|Ferrothorn, M, shiny|100\/100|[from] Flip Turn\n|\n|upkeep\n|turn|29\n|\n|t:|1700613791\n|move|p1a: Volcarona|Flamethrower|p2a: pineapple\n|-supereffective|p2a: pineapple\n|-damage|p2a: pineapple|0 fnt\n|faint|p2a: pineapple\n|\n|upkeep\n|\n|t:|1700613792\n|switch|p2a: Alomomola|Alomomola, F, shiny|89\/100\n|turn|30\n|\n|t:|1700613796\n|move|p1a: Volcarona|Morning Sun|p1a: Volcarona\n|-heal|p1a: Volcarona|83\/100\n|move|p2a: Alomomola|Flip Turn|p1a: Volcarona\n|-resisted|p1a: Volcarona\n|-damage|p1a: Volcarona|71\/100\n|\n|-heal|p2a: Alomomola|95\/100|[from] item: Leftovers\n|upkeep\n|turn|31\n|\n|t:|1700613802\n|move|p1a: Volcarona|Flamethrower|p2a: Alomomola\n|-resisted|p2a: Alomomola\n|-damage|p2a: Alomomola|42\/100\n|move|p2a: Alomomola|Wish|p2a: Alomomola\n|\n|-heal|p2a: Alomomola|48\/100|[from] item: Leftovers\n|upkeep\n|turn|32\n|c|\u2606noofthan|VOLC SWEEP !!!!\n|\n|t:|1700613808\n|move|p2a: Alomomola|Protect|p2a: Alomomola\n|-singleturn|p2a: Alomomola|Protect\n|move|p1a: Volcarona|Flamethrower|p2a: Alomomola\n|-activate|p2a: Alomomola|move: Protect\n|\n|-heal|p2a: Alomomola|98\/100|[from] move: Wish|[wisher] Alomomola\n|-heal|p2a: Alomomola|100\/100|[from] item: Leftovers\n|upkeep\n|turn|33\n|c|\u2606noofthan|NEVER MIND !!!!\n|\n|t:|1700613819\n|move|p1a: Volcarona|Quiver Dance|p1a: Volcarona\n|-boost|p1a: Volcarona|spa|1\n|-boost|p1a: Volcarona|spd|1\n|-boost|p1a: Volcarona|spe|1\n|move|p2a: Alomomola|Wish|p2a: Alomomola\n|\n|upkeep\n|turn|34\n|\n|t:|1700613824\n|move|p1a: Volcarona|Quiver Dance|p1a: Volcarona\n|-boost|p1a: Volcarona|spa|1\n|-boost|p1a: Volcarona|spd|1\n|-boost|p1a: Volcarona|spe|1\n|move|p2a: Alomomola|Flip Turn|p1a: Volcarona\n|-resisted|p1a: Volcarona\n|-damage|p1a: Volcarona|59\/100\n|\n|upkeep\n|turn|35\n|\n|t:|1700613829\n|move|p1a: Volcarona|Quiver Dance|p1a: Volcarona\n|-boost|p1a: Volcarona|spa|1\n|-boost|p1a: Volcarona|spd|0\n|-boost|p1a: Volcarona|spe|0\n|move|p2a: Alomomola|Flip Turn|p1a: Volcarona\n|-resisted|p1a: Volcarona\n|-damage|p1a: Volcarona|47\/100\n|-status|p2a: Alomomola|brn|[from] ability: Flame Body|[of] p1a: Volcarona\n|\n|-damage|p2a: Alomomola|94\/100 brn|[from] brn\n|upkeep\n|turn|36\n|\n|t:|1700613836\n|move|p1a: Volcarona|Morning Sun|p1a: Volcarona\n|-heal|p1a: Volcarona|97\/100\n|move|p2a: Alomomola|Flip Turn|p1a: Volcarona\n|-resisted|p1a: Volcarona\n|-damage|p1a: Volcarona|91\/100\n|\n|-heal|p2a: Alomomola|100\/100 brn|[from] item: Leftovers\n|-damage|p2a: Alomomola|94\/100 brn|[from] brn\n|upkeep\n|turn|37\n|\n|t:|1700613842\n|move|p1a: Volcarona|Flamethrower|p2a: Alomomola\n|-resisted|p2a: Alomomola\n|-damage|p2a: Alomomola|9\/100 brn\n|move|p2a: Alomomola|Flip Turn|p1a: Volcarona\n|-resisted|p1a: Volcarona\n|-damage|p1a: Volcarona|85\/100\n|\n|-heal|p2a: Alomomola|15\/100 brn|[from] item: Leftovers\n|-damage|p2a: Alomomola|9\/100 brn|[from] brn\n|upkeep\n|turn|38\n|c|\u2606DIOderent|oh it puts the damage with burn now\n|c|\u2606DIOderent|cool\n|\n|t:|1700613852\n|move|p1a: Volcarona|Flamethrower|p2a: Alomomola\n|-resisted|p2a: Alomomola\n|-damage|p2a: Alomomola|0 fnt\n|faint|p2a: Alomomola\n|\n|win|noofthan\n|c|\u2606DIOderent|gg\n|c|\u2606noofthan|gg\n|c|\u2606DIOderent|now for the Funny Set...\n|c|\u2606DIOderent|(its even worse\n|c|\u2606noofthan|welp i gtg\n|c|\u2606noofthan|woopsie bye bye woohoo\n|c|\u2606DIOderent|aw\n|c|\u2606DIOderent|bye\n|l|\u2606noofthan\n","uploadtime":1700613859,"views":4,"p1id":"noofthan","p2id":"dioderent","formatid":"gen9nationaldexubers","rating":0,"private":0,"password":""}