{"id":"gen9nationaldexubers-1978945283","p1":"Ace_baka","p2":"Spade_Baka","format":"[Gen 9] National Dex Ubers","log":"|j|\u2606Ace_baka\n|j|\u2606Spade_Baka\n|t:|1698613157\n|gametype|singles\n|player|p1|Ace_baka|102|\n|player|p2|Spade_Baka|1|\n|teamsize|p1|6\n|teamsize|p2|6\n|gen|9\n|tier|[Gen 9] National Dex Ubers\n|rule|HP Percentage Mod: HP is shown in percentages\n|rule|Endless Battle Clause: Forcing endless battles is banned\n|rule|OHKO Clause: OHKO moves are banned\n|rule|Evasion Moves Clause: Evasion moves are banned\n|rule|Evasion Items Clause: Evasion items are banned\n|rule|Species Clause: Limit one of each Pok\u00e9mon\n|rule|Sleep Clause Mod: Limit one foe put to sleep\n|rule|Mega Rayquaza Clause: You cannot mega evolve Rayquaza\n|clearpoke\n|poke|p1|Blaziken, L51, M|\n|poke|p1|Giratina-Origin, L56|\n|poke|p1|Empoleon, L56, M|\n|poke|p1|Xerneas-*, L56|\n|poke|p1|Sandaconda, L63, F|\n|poke|p1|Toxtricity, L63, M|\n|poke|p2|Hoopa-Unbound, L57|\n|poke|p2|Volcanion, L60|\n|poke|p2|Sandslash-Alola, L55, F|\n|poke|p2|Magearna, L51|\n|poke|p2|Flygon, L59, F|\n|poke|p2|Sceptile, L52, M|\n|teampreview\n|\n|t:|1698613176\n|start\n|switch|p1a: Empoleon|Empoleon, L56, M|100\/100\n|switch|p2a: Sceptile|Sceptile, L52, M|100\/100\n|turn|1\n|\n|t:|1698613184\n|detailschange|p2a: Sceptile|Sceptile-Mega, L52, M\n|-mega|p2a: Sceptile|Sceptile|Sceptilite\n|move|p2a: Sceptile|Leaf Blade|p1a: Empoleon\n|-damage|p1a: Empoleon|44\/100\n|move|p1a: Empoleon|Drill Peck|p2a: Sceptile\n|-supereffective|p2a: Sceptile\n|-damage|p2a: Sceptile|34\/100\n|\n|-heal|p1a: Empoleon|50\/100|[from] item: Leftovers\n|upkeep\n|turn|2\n|\n|t:|1698613213\n|move|p2a: Sceptile|Leaf Blade|p1a: Empoleon\n|-damage|p1a: Empoleon|0 fnt\n|faint|p1a: Empoleon\n|\n|upkeep\n|\n|t:|1698613222\n|switch|p1a: Blaziken|Blaziken, L51, M|100\/100\n|turn|3\n|\n|t:|1698613234\n|switch|p2a: Flygon|Flygon, L59, F|100\/100\n|detailschange|p1a: Blaziken|Blaziken-Mega, L51, M\n|-mega|p1a: Blaziken|Blaziken|Blazikenite\n|move|p1a: Blaziken|Bulk Up|p1a: Blaziken\n|-boost|p1a: Blaziken|atk|1\n|-boost|p1a: Blaziken|def|1\n|\n|-ability|p1a: Blaziken|Speed Boost|boost\n|-boost|p1a: Blaziken|spe|1\n|upkeep\n|turn|4\n|\n|t:|1698613249\n|switch|p1a: Sandaconda|Sandaconda, L63, F|100\/100\n|move|p2a: Flygon|Earthquake|p1a: Sandaconda\n|-damage|p1a: Sandaconda|62\/100\n|-weather|Sandstorm|[from] ability: Sand Spit|[of] p1a: Sandaconda\n|\n|-weather|Sandstorm|[upkeep]\n|upkeep\n|turn|5\n|\n|t:|1698613260\n|move|p2a: Flygon|Dragon Rush|p1a: Sandaconda\n|-damage|p1a: Sandaconda|21\/100\n|move|p1a: Sandaconda|Slam|p2a: Flygon\n|-damage|p2a: Flygon|73\/100\n|-damage|p1a: Sandaconda|5\/100|[from] item: Rocky Helmet|[of] p2a: Flygon\n|\n|-weather|Sandstorm|[upkeep]\n|upkeep\n|turn|6\n|\n|t:|1698613269\n|move|p2a: Flygon|Dragon Rush|p1a: Sandaconda\n|-damage|p1a: Sandaconda|0 fnt\n|faint|p1a: Sandaconda\n|\n|-weather|Sandstorm|[upkeep]\n|upkeep\n|\n|t:|1698613278\n|switch|p1a: Toxtricity|Toxtricity, L63, M|100\/100\n|-item|p1a: Toxtricity|Air Balloon\n|turn|7\n|\n|t:|1698613283\n|move|p2a: Flygon|Earthquake|p1a: Toxtricity\n|-immune|p1a: Toxtricity\n|move|p1a: Toxtricity|Boomburst|p2a: Flygon\n|-damage|p2a: Flygon|4\/100\n|\n|-weather|Sandstorm|[upkeep]\n|-damage|p1a: Toxtricity|95\/100|[from] Sandstorm\n|upkeep\n|turn|8\n|\n|t:|1698613294\n|move|p2a: Flygon|Dragon Rush|p1a: Toxtricity\n|-damage|p1a: Toxtricity|34\/100\n|-enditem|p1a: Toxtricity|Air Balloon\n|move|p1a: Toxtricity|Boomburst|p2a: Flygon\n|-damage|p2a: Flygon|0 fnt\n|faint|p2a: Flygon\n|\n|-weather|none\n|upkeep\n|\n|t:|1698613309\n|switch|p2a: Volcanion|Volcanion, L60|100\/100\n|turn|9\n|\n|t:|1698613319\n|move|p1a: Toxtricity|Overdrive|p2a: Volcanion\n|-supereffective|p2a: Volcanion\n|-damage|p2a: Volcanion|25\/100\n|-enditem|p2a: Volcanion|Weakness Policy\n|-boost|p2a: Volcanion|atk|2|[from] item: Weakness Policy\n|-boost|p2a: Volcanion|spa|2|[from] item: Weakness Policy\n|move|p2a: Volcanion|Scald|p1a: Toxtricity\n|-damage|p1a: Toxtricity|0 fnt\n|faint|p1a: Toxtricity\n|\n|upkeep\n|\n|t:|1698613342\n|switch|p1a: Giratina|Giratina-Origin, L56|100\/100\n|turn|10\n|\n|t:|1698613369\n|move|p1a: Giratina|Shadow Force||[still]\n|-prepare|p1a: Giratina|Shadow Force\n|move|p2a: Volcanion|Scald|p1a: Giratina|[miss]\n|-miss|p2a: Volcanion|p1a: Giratina\n|\n|upkeep\n|turn|11\n|\n|t:|1698613379\n|switch|p2a: Hoopa|Hoopa-Unbound, L57|100\/100\n|move|p1a: Giratina|Shadow Force|p2a: Hoopa|[from]lockedmove\n|-damage|p2a: Hoopa|19\/100\n|\n|upkeep\n|turn|12\n|\n|t:|1698613396\n|move|p2a: Hoopa|Destiny Bond|p2a: Hoopa\n|-singlemove|p2a: Hoopa|Destiny Bond\n|move|p1a: Giratina|Shadow Force||[still]\n|-prepare|p1a: Giratina|Shadow Force\n|\n|upkeep\n|turn|13\n|\n|t:|1698613403\n|move|p2a: Hoopa|Destiny Bond||[still]\n|-fail|p2a: Hoopa\n|move|p1a: Giratina|Shadow Force|p2a: Hoopa|[from]lockedmove\n|-damage|p2a: Hoopa|0 fnt\n|faint|p2a: Hoopa\n|\n|upkeep\n|\n|t:|1698613412\n|switch|p2a: Magearna|Magearna, L51|100\/100\n|turn|14\n|\n|t:|1698613416\n|move|p1a: Giratina|Earth Power|p2a: Magearna\n|-supereffective|p2a: Magearna\n|-damage|p2a: Magearna|47\/100\n|move|p2a: Magearna|Dazzling Gleam|p1a: Giratina\n|-supereffective|p1a: Giratina\n|-damage|p1a: Giratina|38\/100\n|\n|-heal|p2a: Magearna|53\/100|[from] item: Leftovers\n|upkeep\n|turn|15\n|\n|t:|1698613425\n|move|p1a: Giratina|Earth Power|p2a: Magearna\n|-supereffective|p2a: Magearna\n|-damage|p2a: Magearna|0 fnt\n|faint|p2a: Magearna\n|\n|upkeep\n|\n|t:|1698613429\n|switch|p2a: Sandslash|Sandslash-Alola, L55, F|100\/100\n|turn|16\n|\n|t:|1698613433\n|move|p1a: Giratina|Aura Sphere|p2a: Sandslash\n|-supereffective|p2a: Sandslash\n|-damage|p2a: Sandslash|0 fnt\n|faint|p2a: Sandslash\n|\n|upkeep\n|\n|t:|1698613438\n|switch|p2a: Volcanion|Volcanion, L60|25\/100\n|turn|17\n|\n|t:|1698613444\n|move|p1a: Giratina|Dragon Claw|p2a: Volcanion\n|-damage|p2a: Volcanion|0 fnt\n|faint|p2a: Volcanion\n|\n|upkeep\n|\n|t:|1698613449\n|switch|p2a: Sceptile|Sceptile-Mega, L52, M|34\/100\n|turn|18\n|\n|t:|1698613453\n|move|p2a: Sceptile|X-Scissor|p1a: Giratina\n|-resisted|p1a: Giratina\n|-damage|p1a: Giratina|29\/100\n|move|p1a: Giratina|Dragon Claw|p2a: Sceptile\n|-supereffective|p2a: Sceptile\n|-damage|p2a: Sceptile|0 fnt\n|faint|p2a: Sceptile\n|\n|win|Ace_baka\n|l|\u2606Spade_Baka\n","uploadtime":1698613909,"views":10,"p1id":"acebaka","p2id":"spadebaka","formatid":"gen9nationaldexubers","rating":0,"private":0,"password":""}