{"id":"gen9nationaldexubers-1990067370","p1":"AceTheInadequate","p2":"ImGoodATM","format":"[Gen 9] National Dex Ubers","log":"|j|\u2606AceTheInadequate\n|j|\u2606ImGoodATM\n|t:|1699921019\n|gametype|singles\n|player|p1|AceTheInadequate|guitarist|\n|player|p2|ImGoodATM|will|\n|teamsize|p1|6\n|teamsize|p2|6\n|gen|9\n|tier|[Gen 9] National Dex Ubers\n|rule|HP Percentage Mod: HP is shown in percentages\n|rule|Endless Battle Clause: Forcing endless battles is banned\n|rule|OHKO Clause: OHKO moves are banned\n|rule|Evasion Moves Clause: Evasion moves are banned\n|rule|Evasion Items Clause: Evasion items are banned\n|rule|Species Clause: Limit one of each Pok\u00e9mon\n|rule|Sleep Clause Mod: Limit one foe put to sleep\n|rule|Mega Rayquaza Clause: You cannot mega evolve Rayquaza\n|clearpoke\n|poke|p1|Volcarona, M|\n|poke|p1|Scizor, F|\n|poke|p1|Slither Wing|\n|poke|p1|Araquanid, M|\n|poke|p1|Ribombee, M|\n|poke|p1|Galvantula, F|\n|poke|p2|Naganadel|\n|poke|p2|Sneasler, M|\n|poke|p2|Drapion, M|\n|poke|p2|Beedrill, F|\n|poke|p2|Crobat, F|\n|poke|p2|Slowking-Galar, F|\n|teampreview\n|inactive|Battle timer is ON: inactive players will automatically lose when time's up. (requested by ImGoodATM)\n|\n|t:|1699921027\n|start\n|switch|p1a: McQueen|Scizor, F|100\/100\n|switch|p2a: Beedrill|Beedrill, F|100\/100\n|turn|1\n|\n|t:|1699921031\n|detailschange|p2a: Beedrill|Beedrill-Mega, F\n|-mega|p2a: Beedrill|Beedrill|Beedrillite\n|detailschange|p1a: McQueen|Scizor-Mega, F\n|-mega|p1a: McQueen|Scizor|Scizorite\n|move|p2a: Beedrill|Drill Run|p1a: McQueen\n|-damage|p1a: McQueen|77\/100\n|move|p1a: McQueen|Swords Dance|p1a: McQueen\n|-boost|p1a: McQueen|atk|2\n|\n|upkeep\n|turn|2\n|\n|t:|1699921033\n|move|p2a: Beedrill|Drill Run|p1a: McQueen\n|-damage|p1a: McQueen|53\/100\n|move|p1a: McQueen|Swords Dance|p1a: McQueen\n|-boost|p1a: McQueen|atk|2\n|\n|upkeep\n|turn|3\n|\n|t:|1699921036\n|move|p1a: McQueen|Bullet Punch|p2a: Beedrill\n|-damage|p2a: Beedrill|0 fnt\n|faint|p2a: Beedrill\n|\n|upkeep\n|\n|t:|1699921040\n|switch|p2a: Slowking|Slowking-Galar, F|100\/100\n|turn|4\n|\n|t:|1699921044\n|move|p1a: McQueen|Dual Wingbeat|p2a: Slowking\n|-damage|p2a: Slowking|14\/100\n|-damage|p2a: Slowking|0 fnt\n|faint|p2a: Slowking\n|-hitcount|p2: Slowking|2\n|\n|upkeep\n|\n|t:|1699921047\n|switch|p2a: Crobat|Crobat, F|100\/100\n|turn|5\n|\n|t:|1699921049\n|move|p1a: McQueen|Bullet Punch|p2a: Crobat\n|-damage|p2a: Crobat|0 fnt\n|faint|p2a: Crobat\n|\n|upkeep\n|\n|t:|1699921051\n|switch|p2a: Sneasler|Sneasler, M|100\/100\n|turn|6\n|\n|t:|1699921054\n|move|p2a: Sneasler|Fake Out|p1a: McQueen\n|-enditem|p2a: Sneasler|Normal Gem|[from] gem\n|-resisted|p1a: McQueen\n|-damage|p1a: McQueen|45\/100\n|cant|p1a: McQueen|flinch\n|\n|upkeep\n|turn|7\n|\n|t:|1699921057\n|move|p1a: McQueen|Bullet Punch|p2a: Sneasler\n|-damage|p2a: Sneasler|0 fnt\n|faint|p2a: Sneasler\n|\n|upkeep\n|\n|t:|1699921060\n|switch|p2a: Drapion|Drapion, M|100\/100\n|turn|8\n|\n|t:|1699921062\n|move|p1a: McQueen|Bullet Punch|p2a: Drapion\n|-damage|p2a: Drapion|0 fnt\n|faint|p2a: Drapion\n|\n|upkeep\n|\n|t:|1699921064\n|switch|p2a: Naganadel|Naganadel|100\/100\n|turn|9\n|\n|t:|1699921066\n|move|p1a: McQueen|Bullet Punch|p2a: Naganadel\n|-damage|p2a: Naganadel|0 fnt\n|faint|p2a: Naganadel\n|\n|win|AceTheInadequate\n|l|\u2606ImGoodATM\n","uploadtime":1699921072,"views":19,"p1id":"acetheinadequate","p2id":"imgoodatm","formatid":"gen9nationaldexubers","rating":0,"private":0,"password":""}