{"id":"gen9nationaldexubers-1998758171","p1":"pvpclown","p2":"Duho","format":"[Gen 9] National Dex Ubers","log":"|j|\u2606pvpclown\n|j|\u2606Duho\n|t:|1700984684\n|gametype|singles\n|player|p1|pvpclown|rocketgrunt|1338\n|player|p2|Duho|whitney|1266\n|teamsize|p1|6\n|teamsize|p2|6\n|gen|9\n|tier|[Gen 9] National Dex Ubers\n|rated|\n|rule|HP Percentage Mod: HP is shown in percentages\n|rule|Endless Battle Clause: Forcing endless battles is banned\n|rule|OHKO Clause: OHKO moves are banned\n|rule|Evasion Moves Clause: Evasion moves are banned\n|rule|Evasion Items Clause: Evasion items are banned\n|rule|Species Clause: Limit one of each Pok\u00e9mon\n|rule|Sleep Clause Mod: Limit one foe put to sleep\n|rule|Mega Rayquaza Clause: You cannot mega evolve Rayquaza\n|clearpoke\n|poke|p1|Rayquaza|\n|poke|p1|Zacian-*|\n|poke|p1|Arceus-Ground|\n|poke|p1|Xerneas-*|\n|poke|p1|Ditto|\n|poke|p1|Flutter Mane|\n|poke|p2|Clefable, F|\n|poke|p2|Blissey, F|\n|poke|p2|Lopunny, F|\n|poke|p2|Toxapex, F|\n|poke|p2|Skarmory, M|\n|poke|p2|Ursaluna-Bloodmoon, M|\n|teampreview\n|inactive|Battle timer is ON: inactive players will automatically lose when time's up. (requested by Duho)\n|\n|t:|1700984697\n|start\n|switch|p1a: Zacian|Zacian-Crowned, shiny|100\/100\n|switch|p2a: Chun Li|Lopunny, F|100\/100\n|-ability|p1a: Zacian|Intrepid Sword|boost\n|-boost|p1a: Zacian|atk|1\n|turn|1\n|\n|t:|1700984703\n|detailschange|p2a: Chun Li|Lopunny-Mega, F\n|-mega|p2a: Chun Li|Lopunny|Lopunnite\n|move|p2a: Chun Li|Fake Out|p1a: Zacian\n|-resisted|p1a: Zacian\n|-damage|p1a: Zacian|90\/100\n|cant|p1a: Zacian|flinch\n|\n|upkeep\n|turn|2\n|\n|t:|1700984708\n|switch|p2a: Hitori|Toxapex, F|100\/100\n|move|p1a: Zacian|Play Rough|p2a: Hitori\n|-resisted|p2a: Hitori\n|-damage|p2a: Hitori|78\/100\n|\n|-heal|p2a: Hitori|85\/100|[from] item: Leftovers\n|upkeep\n|turn|3\n|\n|t:|1700984714\n|move|p1a: Zacian|Wild Charge|p2a: Hitori\n|-supereffective|p2a: Hitori\n|-damage|p2a: Hitori|16\/100\n|-damage|p1a: Zacian|74\/100|[from] Recoil\n|move|p2a: Hitori|Scald|p1a: Zacian\n|-damage|p1a: Zacian|59\/100\n|\n|-heal|p2a: Hitori|23\/100|[from] item: Leftovers\n|upkeep\n|turn|4\n|\n|t:|1700984718\n|switch|p2a: Disaster|Ursaluna-Bloodmoon, M|100\/100\n|move|p1a: Zacian|Wild Charge|p2a: Disaster\n|-immune|p2a: Disaster\n|\n|upkeep\n|turn|5\n|\n|t:|1700984726\n|move|p1a: Zacian|Close Combat|p2a: Disaster\n|-supereffective|p2a: Disaster\n|-damage|p2a: Disaster|3\/100\n|-unboost|p1a: Zacian|def|1\n|-unboost|p1a: Zacian|spd|1\n|move|p2a: Disaster|Earth Power|p1a: Zacian\n|-supereffective|p1a: Zacian\n|-damage|p1a: Zacian|0 fnt\n|faint|p1a: Zacian\n|\n|upkeep\n|\n|t:|1700984728\n|switch|p1a: Xerneas|Xerneas, shiny|100\/100\n|-ability|p1a: Xerneas|Fairy Aura\n|turn|6\n|\n|t:|1700984733\n|move|p1a: Xerneas|Moonblast|p2a: Disaster\n|-damage|p2a: Disaster|0 fnt\n|faint|p2a: Disaster\n|\n|upkeep\n|\n|t:|1700984739\n|switch|p2a: Clutch Player|Clefable, F|100\/100\n|turn|7\n|\n|t:|1700984750\n|switch|p1a: Flutter Mane|Flutter Mane|100\/100\n|move|p2a: Clutch Player|Cosmic Power|p2a: Clutch Player\n|-boost|p2a: Clutch Player|def|1\n|-boost|p2a: Clutch Player|spd|1\n|\n|upkeep\n|turn|8\n|\n|t:|1700984756\n|move|p1a: Flutter Mane|Moonblast|p2a: Clutch Player\n|-damage|p2a: Clutch Player|55\/100\n|move|p2a: Clutch Player|Cosmic Power|p2a: Clutch Player\n|-boost|p2a: Clutch Player|def|1\n|-boost|p2a: Clutch Player|spd|1\n|\n|-heal|p2a: Clutch Player|61\/100|[from] item: Leftovers\n|upkeep\n|turn|9\n|\n|t:|1700984764\n|move|p1a: Flutter Mane|Moonblast|p2a: Clutch Player\n|-damage|p2a: Clutch Player|24\/100\n|move|p2a: Clutch Player|Soft-Boiled|p2a: Clutch Player\n|-heal|p2a: Clutch Player|74\/100\n|\n|-heal|p2a: Clutch Player|80\/100|[from] item: Leftovers\n|upkeep\n|turn|10\n|\n|t:|1700984782\n|move|p1a: Flutter Mane|Moonblast|p2a: Clutch Player\n|-crit|p2a: Clutch Player\n|-damage|p2a: Clutch Player|0 fnt\n|faint|p2a: Clutch Player\n|\n|upkeep\n|\n|t:|1700984792\n|switch|p2a: Chun Li|Lopunny-Mega, F|100\/100\n|turn|11\n|\n|t:|1700984795\n|move|p2a: Chun Li|Fake Out|p1a: Flutter Mane\n|-damage|p1a: Flutter Mane|53\/100\n|cant|p1a: Flutter Mane|flinch\n|\n|upkeep\n|turn|12\n|\n|t:|1700984797\n|move|p1a: Flutter Mane|Moonblast|p2a: Chun Li\n|-supereffective|p2a: Chun Li\n|-damage|p2a: Chun Li|0 fnt\n|faint|p2a: Chun Li\n|\n|upkeep\n|\n|t:|1700984805\n|switch|p2a: Hitori|Toxapex, F|56\/100\n|turn|13\n|\n|t:|1700984814\n|-end|p1a: Flutter Mane|Protosynthesis|[silent]\n|switch|p1a: Arceus|Arceus-Ground, shiny|100\/100\n|move|p2a: Hitori|Recover|p2a: Hitori\n|-heal|p2a: Hitori|100\/100\n|\n|upkeep\n|turn|14\n|\n|t:|1700984818\n|switch|p2a: Full Metal Chicken|Skarmory, M|100\/100\n|move|p1a: Arceus|Calm Mind|p1a: Arceus\n|-boost|p1a: Arceus|spa|1\n|-boost|p1a: Arceus|spd|1\n|\n|upkeep\n|turn|15\n|\n|t:|1700984820\n|move|p1a: Arceus|Ice Beam|p2a: Full Metal Chicken\n|-damage|p2a: Full Metal Chicken|44\/100\n|move|p2a: Full Metal Chicken|Iron Defense|p2a: Full Metal Chicken\n|-boost|p2a: Full Metal Chicken|def|2\n|\n|upkeep\n|turn|16\n|\n|t:|1700984823\n|move|p1a: Arceus|Ice Beam|p2a: Full Metal Chicken\n|-damage|p2a: Full Metal Chicken|0 fnt\n|faint|p2a: Full Metal Chicken\n|\n|upkeep\n|-message|Duho forfeited.\n|\n|win|pvpclown\n|raw|pvpclown's rating: 1338 &rarr; <strong>1354<\/strong><br \/>(+16 for winning)\n|raw|Duho's rating: 1266 &rarr; <strong>1246<\/strong><br \/>(-20 for losing)\n|l|\u2606Duho\n","uploadtime":1700984828,"views":2,"p1id":"pvpclown","p2id":"duho","formatid":"gen9nationaldexubers","rating":1246,"private":0,"password":""}