{"id":"gen9nationaldexubers-1989807735","p1":"Ryusui7","p2":"femurdeeznuts","format":"[Gen 9] National Dex Ubers","log":"|j|\u2606Ryusui7\n|j|\u2606femurdeeznuts\n|t:|1699897418\n|gametype|singles\n|player|p1|Ryusui7|ghetsis|\n|player|p2|femurdeeznuts|1|\n|teamsize|p1|6\n|teamsize|p2|6\n|gen|9\n|tier|[Gen 9] National Dex Ubers\n|rule|HP Percentage Mod: HP is shown in percentages\n|rule|Endless Battle Clause: Forcing endless battles is banned\n|rule|OHKO Clause: OHKO moves are banned\n|rule|Evasion Moves Clause: Evasion moves are banned\n|rule|Evasion Items Clause: Evasion items are banned\n|rule|Species Clause: Limit one of each Pok\u00e9mon\n|rule|Sleep Clause Mod: Limit one foe put to sleep\n|rule|Mega Rayquaza Clause: You cannot mega evolve Rayquaza\n|clearpoke\n|poke|p1|Blaziken, M|\n|poke|p1|Aegislash, M|\n|poke|p1|Annihilape, M|\n|poke|p1|Darmanitan-Galar, F|\n|poke|p1|Dracovish|\n|poke|p1|Tyranitar, M|\n|poke|p2|Mimikyu, F|\n|poke|p2|Gliscor, M|\n|poke|p2|Darmanitan-Galar, M|\n|poke|p2|Shuckle, M|\n|poke|p2|Gholdengo|\n|poke|p2|Cyclizar, F|\n|teampreview\n|inactive|Battle timer is ON: inactive players will automatically lose when time's up. (requested by Ryusui7)\n|inactive|femurdeeznuts also wants the timer to be on.\n|j| El!te 00f\n|inactive|femurdeeznuts no longer wants the timer on, but the timer is staying on because ryusui7 still does.\n|j| bepsi-can\n|c| bepsi-can|lets goo\n|c|\u2606femurdeeznuts|can you turn timer off\n|c| bepsi-can|disable timer astaroth\n|c|\u2606Ryusui7|TWO MONKEYS\n|c| El!te 00f|bro\n|c|\u2606Ryusui7|NO THREE\n|c|\u2606Ryusui7|THERE IS ONE THAT IS DEAD\n|inactive|Ryusui7 has 270 seconds left.\n|inactive|femurdeeznuts has 270 seconds left.\n|c| bepsi-can|disable it\n|inactiveoff|Battle timer is now OFF.\n|c| bepsi-can|alright\n|c| bepsi-can|lets do some commentary\n|c| El!te 00f|It's time for...\n|\n|t:|1699897474\n|start\n|switch|p1a: Godzilla|Tyranitar, M|100\/100\n|switch|p2a: Pure Rizz|Shuckle, M, shiny|100\/100\n|-weather|Sandstorm|[from] ability: Sand Stream|[of] p1a: Godzilla\n|turn|1\n|c| El!te 00f|MORTAL KOMBAT\n|c| bepsi-can|devious muncher going in with his semi-stall balance team\n|\n|t:|1699897486\n|move|p1a: Godzilla|Stealth Rock|p2a: Pure Rizz\n|-sidestart|p2: femurdeeznuts|move: Stealth Rock\n|move|p2a: Pure Rizz|Sticky Web|p1a: Godzilla\n|-sidestart|p1: Ryusui7|move: Sticky Web\n|\n|-weather|Sandstorm|[upkeep]\n|upkeep\n|turn|2\n|\n|t:|1699897492\n|move|p1a: Godzilla|Knock Off|p2a: Pure Rizz\n|-damage|p2a: Pure Rizz|67\/100\n|-enditem|p2a: Pure Rizz|Mental Herb|[from] move: Knock Off|[of] p1a: Godzilla\n|move|p2a: Pure Rizz|Stealth Rock|p1a: Godzilla\n|-sidestart|p1: Ryusui7|move: Stealth Rock\n|\n|-weather|Sandstorm|[upkeep]\n|upkeep\n|turn|3\n|c| bepsi-can|astaroth going in with cancer\n|\n|t:|1699897497\n|move|p1a: Godzilla|Stone Edge|p2a: Pure Rizz\n|-supereffective|p2a: Pure Rizz\n|-damage|p2a: Pure Rizz|0 fnt\n|faint|p2a: Pure Rizz\n|\n|-weather|Sandstorm|[upkeep]\n|upkeep\n|\n|t:|1699897504\n|switch|p2a: Johnny from GGST|Gholdengo|100\/100\n|turn|4\n|c| bepsi-can|the shuck goes down\n|c| bepsi-can|no clear spinner for astaroth\n|\n|t:|1699897511\n|switch|p1a: Ugly Feesh|Dracovish|100\/100\n|-activate|p1a: Ugly Feesh|move: Sticky Web\n|-unboost|p1a: Ugly Feesh|spe|1\n|-damage|p1a: Ugly Feesh|88\/100|[from] Stealth Rock\n|move|p2a: Johnny from GGST|Make It Rain|p1a: Ugly Feesh\n|-resisted|p1a: Ugly Feesh\n|-damage|p1a: Ugly Feesh|46\/100\n|-unboost|p2a: Johnny from GGST|spa|1\n|\n|-weather|Sandstorm|[upkeep]\n|upkeep\n|turn|5\n|c| bepsi-can|a switch to tank a mir\n|c| El!te 00f|fish resists and has sand rush up\n|c| El!te 00f|what will femur do?\n|\n|t:|1699897536\n|move|p1a: Ugly Feesh|Crunch|p2a: Johnny from GGST\n|-supereffective|p2a: Johnny from GGST\n|-damage|p2a: Johnny from GGST|23\/100\n|move|p2a: Johnny from GGST|Shadow Ball|p1a: Ugly Feesh\n|-damage|p1a: Ugly Feesh|12\/100\n|\n|-weather|none\n|upkeep\n|turn|6\n|c| bepsi-can|sand rush implies it might not be scarf\n|c| bepsi-can|which is rare\n|c| bepsi-can|sand goes down\n|c| El!te 00f|band\n|c|\u2606Ryusui7|I either let him die anyway\n|c|\u2606Ryusui7|or switch and let it die to spikes\n|c| bepsi-can|no outspeed\n|\n|t:|1699897568\n|move|p2a: Johnny from GGST|Shadow Ball|p1a: Ugly Feesh\n|-damage|p1a: Ugly Feesh|0 fnt\n|faint|p1a: Ugly Feesh\n|\n|upkeep\n|c| bepsi-can|we know ttar doesnt have the smooth rock\n|\n|t:|1699897583\n|switch|p1a: Monke Mk II|Darmanitan-Galar, F|100\/100\n|turn|7\n|c| bepsi-can|so it might be leftys\n|c| bepsi-can|but that wouldnt make much sense\n|\n|t:|1699897591\n|move|p1a: Monke Mk II|Fire Punch|p2a: Johnny from GGST\n|-supereffective|p2a: Johnny from GGST\n|-damage|p2a: Johnny from GGST|0 fnt\n|faint|p2a: Johnny from GGST\n|\n|upkeep\n|\n|t:|1699897600\n|switch|p2a: Average 13 yr old|Mimikyu, F, shiny|100\/100\n|-damage|p2a: Average 13 yr old|88\/100|[from] Stealth Rock\n|turn|8\n|c| bepsi-can|fire punch over flare blitz is interesting\n|c| bepsi-can|by interesting i mean terrible\n|c| El!te 00f|could be a resist berry\n|c| bepsi-can|oh\n|\n|t:|1699897614\n|move|p2a: Average 13 yr old|Play Rough|p1a: Monke Mk II\n|-damage|p1a: Monke Mk II|22\/100\n|-unboost|p1a: Monke Mk II|atk|1\n|-damage|p2a: Average 13 yr old|78\/100|[from] item: Life Orb\n|move|p1a: Monke Mk II|Earthquake|p2a: Average 13 yr old\n|-activate|p2a: Average 13 yr old|ability: Disguise\n|-damage|p2a: Average 13 yr old|78\/100\n|detailschange|p2a: Average 13 yr old|Mimikyu-Busted, F, shiny\n|-damage|p2a: Average 13 yr old|66\/100|[from] pokemon: Mimikyu-Busted\n|\n|-formechange|p1a: Monke Mk II|Darmanitan-Galar-Zen|\n|upkeep\n|turn|9\n|c| bepsi-can|its boots\n|c| bepsi-can|boosts dtar with zen mode\n|c|\u2606Ryusui7|Lower attack :(\n|\n|t:|1699897636\n|move|p2a: Average 13 yr old|Shadow Sneak|p1a: Monke Mk II\n|-damage|p1a: Monke Mk II|0 fnt\n|faint|p1a: Monke Mk II\n|-damage|p2a: Average 13 yr old|56\/100|[from] item: Life Orb\n|\n|upkeep\n|c| bepsi-can|definitely weird\n|c|\u2606Ryusui7|bruh\n|\n|t:|1699897652\n|switch|p1a: Godzilla|Tyranitar, M|100\/100\n|-activate|p1a: Godzilla|move: Sticky Web\n|-unboost|p1a: Godzilla|spe|1\n|-damage|p1a: Godzilla|88\/100|[from] Stealth Rock\n|-weather|Sandstorm|[from] ability: Sand Stream|[of] p1a: Godzilla\n|turn|10\n|c| bepsi-can|a play rough might kill here\n|c| bepsi-can|ttar has high def though\n|c|\u2606Ryusui7|oh thanks for the info\n|c| bepsi-can|its commentation\n|c|\u2606femurdeeznuts|one moment\n|c| bepsi-can|can astaroth come back from the hazards?\n|c|\u2606Ryusui7|imma switch into the diamond sword\n|c| bepsi-can|DONT TELL HIM THAT\n|c|\u2606Ryusui7|FUCK\n|c| bepsi-can|this could be a fakeout\n|\n|t:|1699897748\n|move|p2a: Average 13 yr old|Play Rough|p1a: Godzilla\n|-supereffective|p1a: Godzilla\n|-damage|p1a: Godzilla|12\/100\n|-damage|p2a: Average 13 yr old|46\/100|[from] item: Life Orb\n|move|p1a: Godzilla|Stone Edge|p2a: Average 13 yr old\n|-damage|p2a: Average 13 yr old|0 fnt\n|faint|p2a: Average 13 yr old\n|\n|-weather|Sandstorm|[upkeep]\n|-heal|p1a: Godzilla|18\/100|[from] item: Leftovers\n|upkeep\n|c| bepsi-can|it was a fake out\n|c|\u2606Ryusui7|meh\n|c| El!te 00f|the mindgames are real\n|\n|t:|1699897755\n|switch|p2a: Ford F150|Cyclizar, F|100\/100\n|turn|11\n|c| bepsi-can|not really\n|c| bepsi-can|he just failed to mindgame\n|\n|t:|1699897769\n|move|p2a: Ford F150|U-turn|p1a: Godzilla\n|-supereffective|p1a: Godzilla\n|-damage|p1a: Godzilla|0 fnt\n|faint|p1a: Godzilla\n|\n|t:|1699897773\n|switch|p2a: Mothman|Gliscor, M|100\/100|[from] U-turn\n|-damage|p2a: Mothman|88\/100|[from] Stealth Rock\n|\n|-weather|Sandstorm|[upkeep]\n|-status|p2a: Mothman|tox|[from] item: Toxic Orb\n|upkeep\n|\n|t:|1699897778\n|switch|p1a: Monke Mk I|Annihilape, M|100\/100\n|-activate|p1a: Monke Mk I|move: Sticky Web\n|-unboost|p1a: Monke Mk I|spe|1\n|-ability|p1a: Monke Mk I|Defiant|boost\n|-boost|p1a: Monke Mk I|atk|2\n|-damage|p1a: Monke Mk I|94\/100|[from] Stealth Rock\n|turn|12\n|\n|t:|1699897787\n|move|p2a: Mothman|Toxic|p1a: Monke Mk I\n|-status|p1a: Monke Mk I|tox\n|move|p1a: Monke Mk I|Taunt|p2a: Mothman\n|-start|p2a: Mothman|move: Taunt\n|\n|-weather|Sandstorm|[upkeep]\n|-damage|p1a: Monke Mk I|88\/100 tox|[from] Sandstorm\n|-heal|p2a: Mothman|100\/100 tox|[from] ability: Poison Heal\n|-damage|p1a: Monke Mk I|82\/100 tox|[from] psn\n|upkeep\n|turn|13\n|c|\u2606Ryusui7|free atk boost\n|c| El!te 00f|now the question everybody wants to know\n|c| bepsi-can|hes got a really strong wall up\n|c| El!te 00f|does\n|c| El!te 00f|he\n|c| El!te 00f|have\n|c| El!te 00f|Ice coverage?\n|c| bepsi-can|2x attack is a lot\n|c|\u2606Ryusui7|WHY DO I HAVE BULK UP WHEN MY MONKE ONLY HAS FINAL GAMBIT\n|c| bepsi-can|despite gliscor being a physical wall\n|\n|t:|1699897829\n|move|p2a: Mothman|Earthquake|p1a: Monke Mk I\n|-damage|p1a: Monke Mk I|48\/100 tox\n|move|p1a: Monke Mk I|Final Gambit|p2a: Mothman\n|-damage|p2a: Mothman|43\/100 tox\n|faint|p1a: Monke Mk I\n|\n|-weather|Sandstorm|[upkeep]\n|-heal|p2a: Mothman|56\/100 tox|[from] ability: Poison Heal\n|upkeep\n|c|\u2606femurdeeznuts|uh\n|c| bepsi-can|final gambit smashes against gliscor\n|c|\u2606femurdeeznuts|why\n|c| bepsi-can|it wastes a mon\n|c| El!te 00f|bro lost his gambit\n|\n|t:|1699897846\n|switch|p1a: Netherite|Aegislash, M|100\/100\n|-activate|p1a: Netherite|move: Sticky Web\n|-unboost|p1a: Netherite|spe|1\n|-damage|p1a: Netherite|94\/100|[from] Stealth Rock\n|turn|14\n|\n|t:|1699897854\n|-terastallize|p1a: Netherite|Dark\n|move|p2a: Mothman|Knock Off|p1a: Netherite\n|-resisted|p1a: Netherite\n|-damage|p1a: Netherite|85\/100\n|-enditem|p1a: Netherite|Leftovers|[from] move: Knock Off|[of] p2a: Mothman\n|move|p1a: Netherite|Swords Dance|p1a: Netherite\n|-boost|p1a: Netherite|atk|2\n|\n|-weather|none\n|-heal|p2a: Mothman|68\/100 tox|[from] ability: Poison Heal\n|upkeep\n|turn|15\n|\n|t:|1699897866\n|move|p2a: Mothman|Earthquake|p1a: Netherite\n|-damage|p1a: Netherite|58\/100\n|move|p1a: Netherite|Autotomize|p1a: Netherite\n|-boost|p1a: Netherite|spe|2\n|-start|p1a: Netherite|Autotomize\n|\n|-heal|p2a: Mothman|80\/100 tox|[from] ability: Poison Heal\n|-end|p2a: Mothman|move: Taunt\n|upkeep\n|turn|16\n|\n|t:|1699897876\n|move|p1a: Netherite|Autotomize|p1a: Netherite\n|-boost|p1a: Netherite|spe|2\n|move|p2a: Mothman|Toxic|p1a: Netherite\n|-status|p1a: Netherite|tox\n|\n|-damage|p1a: Netherite|51\/100 tox|[from] psn\n|-heal|p2a: Mothman|93\/100 tox|[from] ability: Poison Heal\n|upkeep\n|turn|17\n|\n|t:|1699897893\n|move|p1a: Netherite|Swords Dance|p1a: Netherite\n|-boost|p1a: Netherite|atk|2\n|move|p2a: Mothman|Roost|p2a: Mothman\n|-heal|p2a: Mothman|100\/100 tox\n|-singleturn|p2a: Mothman|move: Roost\n|\n|-damage|p1a: Netherite|39\/100 tox|[from] psn\n|upkeep\n|turn|18\n|c| bepsi-can|autotomize was weird there\n|c| bepsi-can|wow\n|\n|t:|1699897901\n|-formechange|p1a: Netherite|Aegislash-Blade||[from] ability: Stance Change\n|move|p1a: Netherite|Iron Head|p2a: Mothman\n|-damage|p2a: Mothman|33\/100 tox\n|move|p2a: Mothman|Roost|p2a: Mothman\n|-heal|p2a: Mothman|83\/100 tox\n|-singleturn|p2a: Mothman|move: Roost\n|\n|-damage|p1a: Netherite|21\/100 tox|[from] psn\n|-heal|p2a: Mothman|95\/100 tox|[from] ability: Poison Heal\n|upkeep\n|turn|19\n|c| bepsi-can|really just letting toxic kill\n|c|\u2606Ryusui7|doresn't kill still\n|\n|t:|1699897913\n|move|p1a: Netherite|Iron Head|p2a: Mothman\n|-damage|p2a: Mothman|20\/100 tox\n|move|p2a: Mothman|Roost|p2a: Mothman\n|-heal|p2a: Mothman|70\/100 tox\n|-singleturn|p2a: Mothman|move: Roost\n|\n|-damage|p1a: Netherite|0 fnt|[from] psn\n|faint|p1a: Netherite\n|-heal|p2a: Mothman|82\/100 tox|[from] ability: Poison Heal\n|upkeep\n|\n|t:|1699897921\n|switch|p1a: KFC|Blaziken, M, shiny|100\/100\n|-activate|p1a: KFC|move: Sticky Web\n|-unboost|p1a: KFC|spe|1\n|-damage|p1a: KFC|88\/100|[from] Stealth Rock\n|turn|20\n|c| bepsi-can|blaziken is probably mega\n|\n|t:|1699897927\n|detailschange|p1a: KFC|Blaziken-Mega, M, shiny\n|-mega|p1a: KFC|Blaziken|Blazikenite\n|move|p2a: Mothman|Toxic|p1a: KFC\n|-status|p1a: KFC|tox\n|move|p1a: KFC|Swords Dance|p1a: KFC\n|-boost|p1a: KFC|atk|2\n|\n|-heal|p2a: Mothman|95\/100 tox|[from] ability: Poison Heal\n|-damage|p1a: KFC|82\/100 tox|[from] psn\n|-ability|p1a: KFC|Speed Boost|boost\n|-boost|p1a: KFC|spe|1\n|upkeep\n|turn|21\n|c| El!te 00f|one turn too late\n|\n|t:|1699897936\n|move|p1a: KFC|Flare Blitz|p2a: Mothman\n|-damage|p2a: Mothman|9\/100 tox\n|-damage|p1a: KFC|49\/100 tox|[from] Recoil\n|move|p2a: Mothman|Earthquake|p1a: KFC\n|-supereffective|p1a: KFC\n|-damage|p1a: KFC|0 fnt\n|faint|p1a: KFC\n|\n|win|femurdeeznuts\n|c|\u2606femurdeeznuts|gg\n|c|\u2606Ryusui7|how did that not kill\n|c| bepsi-can|and thats game 1\n","uploadtime":1699897946,"views":8,"p1id":"ryusui7","p2id":"femurdeeznuts","formatid":"gen9nationaldexubers","rating":0,"private":0,"password":""}