{"id":"gen9nationaldexubers-1983206575","p1":"MommyMikuNakano","p2":"85792195wwww","format":"[Gen 9] National Dex Ubers","log":"|j|\u2606MommyMikuNakano\n|j|\u260685792195wwww\n|t:|1699105100\n|gametype|singles\n|player|p1|MommyMikuNakano|erika-gen1|1845\n|player|p2|85792195wwww|102|1852\n|teamsize|p1|6\n|teamsize|p2|6\n|gen|9\n|tier|[Gen 9] National Dex Ubers\n|rated|\n|rule|HP Percentage Mod: HP is shown in percentages\n|rule|Endless Battle Clause: Forcing endless battles is banned\n|rule|OHKO Clause: OHKO moves are banned\n|rule|Evasion Moves Clause: Evasion moves are banned\n|rule|Evasion Items Clause: Evasion items are banned\n|rule|Species Clause: Limit one of each Pok\u00e9mon\n|rule|Sleep Clause Mod: Limit one foe put to sleep\n|rule|Mega Rayquaza Clause: You cannot mega evolve Rayquaza\n|clearpoke\n|poke|p1|Arceus-Dark|\n|poke|p1|Giratina-Origin|\n|poke|p1|Ditto|\n|poke|p1|Deoxys-Speed|\n|poke|p1|Metagross|\n|poke|p1|Necrozma-Dusk-Mane|\n|poke|p2|Arceus|\n|poke|p2|Xerneas-*|\n|poke|p2|Groudon|\n|poke|p2|Necrozma-Dusk-Mane|\n|poke|p2|Greninja-*, F|\n|poke|p2|Rayquaza|\n|teampreview\n|inactive|Battle timer is ON: inactive players will automatically lose when time's up. (requested by MommyMikuNakano)\n|\n|t:|1699105121\n|start\n|switch|p1a: Necrozma|Necrozma-Dusk-Mane|100\/100\n|switch|p2a: Greninja|Greninja, F|100\/100\n|turn|1\n|\n|t:|1699105129\n|move|p2a: Greninja|Dark Pulse|p1a: Necrozma\n|-start|p2a: Greninja|typechange|Dark|[from] ability: Protean\n|-supereffective|p1a: Necrozma\n|-damage|p1a: Necrozma|53\/100\n|move|p1a: Necrozma|Stealth Rock|p2a: Greninja\n|-sidestart|p2: 85792195wwww|move: Stealth Rock\n|\n|upkeep\n|turn|2\n|\n|t:|1699105138\n|detailschange|p1a: Necrozma|Necrozma-Ultra\n|-burst|p1a: Necrozma|Necrozma|Ultranecrozium Z\n|move|p1a: Necrozma|Dragon Pulse|p2a: Greninja\n|-damage|p2a: Greninja|18\/100\n|move|p2a: Greninja|Spikes|p1a: Necrozma\n|-sidestart|p1: MommyMikuNakano|Spikes\n|\n|upkeep\n|turn|3\n|\n|t:|1699105152\n|move|p1a: Necrozma|Earth Power|p2a: Greninja\n|-damage|p2a: Greninja|0 fnt\n|faint|p2a: Greninja\n|\n|upkeep\n|\n|t:|1699105165\n|switch|p2a: Arceus|Arceus|100\/100\n|-damage|p2a: Arceus|88\/100|[from] Stealth Rock\n|turn|4\n|\n|t:|1699105182\n|switch|p1a: Deoxys|Deoxys-Speed, shiny|100\/100\n|-damage|p1a: Deoxys|88\/100|[from] Spikes\n|-ability|p1a: Deoxys|Pressure\n|move|p2a: Arceus|Extreme Speed|p1a: Deoxys\n|-damage|p1a: Deoxys|30\/100\n|-damage|p2a: Arceus|78\/100|[from] item: Life Orb\n|\n|-heal|p1a: Deoxys|36\/100|[from] item: Leftovers\n|upkeep\n|turn|5\n|\n|t:|1699105195\n|switch|p1a: Giratina|Giratina-Origin|100\/100\n|move|p2a: Arceus|Extreme Speed|p1a: Giratina\n|-immune|p1a: Giratina\n|\n|upkeep\n|turn|6\n|\n|t:|1699105203\n|move|p2a: Arceus|Swords Dance|p2a: Arceus\n|-boost|p2a: Arceus|atk|2\n|move|p1a: Giratina|Will-O-Wisp|p2a: Arceus\n|-status|p2a: Arceus|brn\n|\n|-damage|p2a: Arceus|72\/100 brn|[from] brn\n|upkeep\n|turn|7\n|\n|t:|1699105213\n|move|p2a: Arceus|Shadow Force||[still]\n|-prepare|p2a: Arceus|Shadow Force\n|move|p1a: Giratina|Draco Meteor|p2a: Arceus|[miss]\n|-miss|p1a: Giratina|p2a: Arceus\n|\n|-damage|p2a: Arceus|66\/100 brn|[from] brn\n|upkeep\n|turn|8\n|\n|t:|1699105221\n|switch|p1a: Ditto|Ditto, shiny|100\/100\n|-damage|p1a: Ditto|88\/100|[from] Spikes\n|-transform|p1a: Ditto|p2a: Arceus|[from] ability: Imposter\n|move|p2a: Arceus|Shadow Force|p1a: Ditto|[from]lockedmove\n|-immune|p1a: Ditto\n|\n|-damage|p2a: Arceus|60\/100 brn|[from] brn\n|upkeep\n|turn|9\n|\n|t:|1699105233\n|move|p1a: Ditto|Extreme Speed|p2a: Arceus\n|-damage|p2a: Arceus|0 fnt\n|faint|p2a: Arceus\n|\n|upkeep\n|\n|t:|1699105242\n|switch|p2a: Necrozma|Necrozma-Dusk-Mane|100\/100\n|-damage|p2a: Necrozma|94\/100|[from] Stealth Rock\n|turn|10\n|\n|t:|1699105263\n|switch|p1a: Giratina|Giratina-Origin|100\/100\n|detailschange|p2a: Necrozma|Necrozma-Ultra\n|-burst|p2a: Necrozma|Necrozma|Ultranecrozium Z\n|move|p2a: Necrozma|Outrage|p1a: Giratina\n|-supereffective|p1a: Giratina\n|-damage|p1a: Giratina|0 fnt\n|faint|p1a: Giratina\n|\n|upkeep\n|\n|t:|1699105273\n|switch|p1a: Necrozma|Necrozma-Ultra|53\/100\n|-damage|p1a: Necrozma|41\/100|[from] Spikes\n|turn|11\n|\n|t:|1699105278\n|move|p1a: Necrozma|Dragon Pulse|p2a: Necrozma\n|-supereffective|p2a: Necrozma\n|-damage|p2a: Necrozma|0 fnt\n|faint|p2a: Necrozma\n|\n|upkeep\n|\n|t:|1699105284\n|switch|p2a: Rayquaza|Rayquaza|100\/100\n|-damage|p2a: Rayquaza|76\/100|[from] Stealth Rock\n|-ability|p2a: Rayquaza|Air Lock\n|turn|12\n|\n|t:|1699105292\n|switch|p1a: Deoxys|Deoxys-Speed, shiny|36\/100\n|-damage|p1a: Deoxys|24\/100|[from] Spikes\n|-ability|p1a: Deoxys|Pressure\n|move|p2a: Rayquaza|Extreme Speed|p1a: Deoxys\n|-damage|p1a: Deoxys|0 fnt\n|faint|p1a: Deoxys\n|\n|upkeep\n|\n|t:|1699105299\n|switch|p1a: Arceus|Arceus-Dark|100\/100\n|-damage|p1a: Arceus|88\/100|[from] Spikes\n|turn|13\n|\n|t:|1699105307\n|switch|p2a: Xerneas|Xerneas|100\/100\n|-damage|p2a: Xerneas|88\/100|[from] Stealth Rock\n|-ability|p2a: Xerneas|Fairy Aura\n|move|p1a: Arceus|Foul Play|p2a: Xerneas\n|-resisted|p2a: Xerneas\n|-damage|p2a: Xerneas|73\/100\n|\n|upkeep\n|turn|14\n|\n|t:|1699105317\n|switch|p1a: Metagross|Metagross, shiny|100\/100\n|-damage|p1a: Metagross|88\/100|[from] Spikes\n|move|p2a: Xerneas|Geomancy||[still]\n|-prepare|p2a: Xerneas|Geomancy\n|-enditem|p2a: Xerneas|Power Herb\n|-anim|p2a: Xerneas|Geomancy|p2a: Xerneas\n|-boost|p2a: Xerneas|spa|2\n|-boost|p2a: Xerneas|spd|2\n|-boost|p2a: Xerneas|spe|2\n|\n|upkeep\n|turn|15\n|\n|t:|1699105329\n|detailschange|p1a: Metagross|Metagross-Mega, shiny\n|-mega|p1a: Metagross|Metagross|Metagrossite\n|-terastallize|p2a: Xerneas|Fairy\n|move|p2a: Xerneas|Moonblast|p1a: Metagross\n|-resisted|p1a: Metagross\n|-damage|p1a: Metagross|0 fnt\n|faint|p1a: Metagross\n|\n|upkeep\n|\n|t:|1699105342\n|switch|p1a: Ditto|Ditto, shiny|88\/100\n|-damage|p1a: Ditto|76\/100|[from] Spikes\n|-transform|p1a: Ditto|p2a: Xerneas|[from] ability: Imposter\n|-ability|p1a: Ditto|Fairy Aura\n|turn|16\n|\n|t:|1699105350\n|move|p1a: Ditto|Moonblast|p2a: Xerneas\n|-damage|p2a: Xerneas|9\/100\n|move|p2a: Xerneas|Moonblast|p1a: Ditto\n|-damage|p1a: Ditto|0 fnt\n|faint|p1a: Ditto\n|\n|upkeep\n|\n|t:|1699105355\n|switch|p1a: Arceus|Arceus-Dark|88\/100\n|-damage|p1a: Arceus|76\/100|[from] Spikes\n|turn|17\n|\n|t:|1699105362\n|-terastallize|p1a: Arceus|Poison\n|move|p2a: Xerneas|Moonblast|p1a: Arceus\n|-resisted|p1a: Arceus\n|-damage|p1a: Arceus|8\/100\n|move|p1a: Arceus|Foul Play|p2a: Xerneas\n|-resisted|p2a: Xerneas\n|-damage|p2a: Xerneas|0 fnt\n|faint|p2a: Xerneas\n|\n|upkeep\n|\n|t:|1699105373\n|switch|p2a: Rayquaza|Rayquaza|76\/100\n|-damage|p2a: Rayquaza|51\/100|[from] Stealth Rock\n|-ability|p2a: Rayquaza|Air Lock\n|turn|18\n|\n|t:|1699105378\n|move|p2a: Rayquaza|Extreme Speed|p1a: Arceus\n|-damage|p1a: Arceus|0 fnt\n|faint|p1a: Arceus\n|\n|upkeep\n|\n|t:|1699105381\n|switch|p1a: Necrozma|Necrozma-Ultra|41\/100\n|-damage|p1a: Necrozma|28\/100|[from] Spikes\n|turn|19\n|\n|t:|1699105387\n|move|p2a: Rayquaza|Extreme Speed|p1a: Necrozma\n|-damage|p1a: Necrozma|0 fnt\n|faint|p1a: Necrozma\n|\n|win|85792195wwww\n|raw|MommyMikuNakano's rating: 1845 &rarr; <strong>1825<\/strong><br \/>(-20 for losing)\n|raw|85792195wwww's rating: 1852 &rarr; <strong>1872<\/strong><br \/>(+20 for winning)\n|l|\u2606MommyMikuNakano\n|l|\u260685792195wwww\n","uploadtime":1699105394,"views":14,"p1id":"mommymikunakano","p2id":"85792195wwww","formatid":"gen9nationaldexubers","rating":1825,"private":0,"password":""}