{"id":"gen9nationaldexubers-1978612701","p1":"Fairy Mercedes","p2":"pricicle","format":"[Gen 9] National Dex Ubers","log":"|j|\u2606Fairy Mercedes\n|j|\u2606pricicle\n|t:|1698566751\n|gametype|singles\n|player|p1|Fairy Mercedes|irida|\n|player|p2|pricicle|266|\n|teamsize|p1|6\n|teamsize|p2|6\n|gen|9\n|tier|[Gen 9] National Dex Ubers\n|rule|HP Percentage Mod: HP is shown in percentages\n|rule|Endless Battle Clause: Forcing endless battles is banned\n|rule|OHKO Clause: OHKO moves are banned\n|rule|Evasion Moves Clause: Evasion moves are banned\n|rule|Evasion Items Clause: Evasion items are banned\n|rule|Species Clause: Limit one of each Pok\u00e9mon\n|rule|Sleep Clause Mod: Limit one foe put to sleep\n|rule|Mega Rayquaza Clause: You cannot mega evolve Rayquaza\n|clearpoke\n|poke|p1|Charizard, M|\n|poke|p1|Tapu Lele|\n|poke|p1|Ogerpon-Wellspring, F|\n|poke|p1|Lilligant-Hisui, F|\n|poke|p1|Samurott-Hisui, M|\n|poke|p1|Great Tusk|\n|poke|p2|Dondozo, F|\n|poke|p2|Mienshao, F|\n|poke|p2|Okidogi, M|\n|poke|p2|Typhlosion-Hisui, M|\n|poke|p2|Florges, F|\n|poke|p2|Noivern, F|\n|teampreview\n|\n|t:|1698566845\n|start\n|switch|p1a: Samurott|Samurott-Hisui, M|100\/100\n|switch|p2a: Okidogi|Okidogi, M|100\/100\n|turn|1\n|\n|t:|1698566893\n|move|p1a: Samurott|Flip Turn|p2a: Okidogi\n|-damage|p2a: Okidogi|74\/100\n|\n|t:|1698566896\n|switch|p1a: Great Tusk|Great Tusk|100\/100|[from] Flip Turn\n|move|p2a: Okidogi|Drain Punch|p1a: Great Tusk\n|-damage|p1a: Great Tusk|69\/100\n|-heal|p2a: Okidogi|93\/100|[from] drain|[of] p1a: Great Tusk\n|-damage|p2a: Okidogi|83\/100|[from] item: Life Orb\n|\n|upkeep\n|turn|2\n|c|\u2606pricicle|just gonna do 2 tonight. im super eager to get into Futre Redeemed. i hope u dont mind. i didnt expect to be taken with it to the extent an anthropomorphic cartoon animal is a pie on a windowsill. im essentially the bear and the game is th\\e pie, and im levitating over it XD\n|c|\u2606Fairy Mercedes|Yeah, no worries\n|\n|t:|1698566996\n|switch|p2a: Florges|Florges, F|100\/100\n|move|p1a: Great Tusk|Headlong Rush|p2a: Florges\n|-damage|p2a: Florges|1\/100\n|-unboost|p1a: Great Tusk|def|1\n|-unboost|p1a: Great Tusk|spd|1\n|\n|upkeep\n|turn|3\n|\n|t:|1698567005\n|move|p1a: Great Tusk|Rapid Spin|p2a: Florges\n|-damage|p2a: Florges|0 fnt\n|-boost|p1a: Great Tusk|spe|1\n|faint|p2a: Florges\n|\n|upkeep\n|\n|t:|1698567023\n|switch|p2a: Noivern|Noivern, F|100\/100\n|-item|p1a: Great Tusk|Heavy-Duty Boots|[from] ability: Frisk|[of] p2a: Noivern|[identify]\n|turn|4\n|\n|t:|1698567035\n|move|p1a: Great Tusk|Ice Spinner|p2a: Noivern\n|-supereffective|p2a: Noivern\n|-damage|p2a: Noivern|0 fnt\n|faint|p2a: Noivern\n|\n|upkeep\n|\n|t:|1698567073\n|switch|p2a: Dondozo|Dondozo, F|100\/100\n|turn|5\n|c|\u2606pricicle|Great Tusk must have hella speed to outspeed Noivern even with 1.5x\n|\n|t:|1698567104\n|-end|p1a: Great Tusk|Protosynthesis|[silent]\n|switch|p1a: Ogerpon|Ogerpon-Wellspring, F|100\/100\n|move|p2a: Dondozo|Avalanche|p1a: Ogerpon\n|-damage|p1a: Ogerpon|79\/100\n|\n|upkeep\n|turn|6\n|\n|t:|1698567124\n|move|p1a: Ogerpon|Swords Dance|p1a: Ogerpon\n|-boost|p1a: Ogerpon|atk|2\n|move|p2a: Dondozo|Heavy Slam|p1a: Ogerpon\n|-resisted|p1a: Ogerpon\n|-damage|p1a: Ogerpon|55\/100\n|\n|upkeep\n|turn|7\n|\n|t:|1698567134\n|move|p1a: Ogerpon|Horn Leech|p2a: Dondozo\n|-supereffective|p2a: Dondozo\n|-damage|p2a: Dondozo|43\/100\n|-heal|p1a: Ogerpon|100\/100|[from] drain|[of] p2a: Dondozo\n|move|p2a: Dondozo|Body Press|p1a: Ogerpon\n|-damage|p1a: Ogerpon|74\/100\n|\n|upkeep\n|turn|8\n|c|\u2606Fairy Mercedes|Really does show why Mold Breaker is such a big deal.\n|\n|t:|1698567199\n|move|p1a: Ogerpon|Horn Leech|p2a: Dondozo\n|-supereffective|p2a: Dondozo\n|-crit|p2a: Dondozo\n|-damage|p2a: Dondozo|0 fnt\n|-heal|p1a: Ogerpon|100\/100|[from] drain|[of] p2a: Dondozo\n|faint|p2a: Dondozo\n|\n|upkeep\n|\n|t:|1698567216\n|switch|p2a: Mienshao|Mienshao, F|100\/100\n|turn|9\n|c|\u2606pricicle|this version omay have the face of a 90 yr old man but shes also about 90 secondsss from soloing the rest of my team\n|\n|t:|1698567279\n|move|p1a: Ogerpon|Ivy Cudgel|p2a: Mienshao\n|-enditem|p2a: Mienshao|Focus Sash\n|-damage|p2a: Mienshao|1\/100\n|move|p2a: Mienshao|Poison Jab|p1a: Ogerpon\n|-supereffective|p1a: Ogerpon\n|-damage|p1a: Ogerpon|20\/100\n|\n|upkeep\n|turn|10\n|c|\u2606pricicle|impressive. the fker'\n|\n|t:|1698567316\n|move|p1a: Ogerpon|Trailblaze|p2a: Mienshao\n|-crit|p2a: Mienshao\n|-damage|p2a: Mienshao|0 fnt\n|-boost|p1a: Ogerpon|spe|1\n|faint|p2a: Mienshao\n|\n|upkeep\n|\n|t:|1698567325\n|switch|p2a: Okidogi|Okidogi, M|83\/100\n|turn|11\n|c|\u2606pricicle|tank it okiedokie Okidogi?\n|\n|t:|1698567348\n|move|p1a: Ogerpon|Ivy Cudgel|p2a: Okidogi\n|-damage|p2a: Okidogi|0 fnt\n|faint|p2a: Okidogi\n|\n|upkeep\n|c|\u2606Fairy Mercedes|He tried, I imagine.\n|c|\u2606pricicle|i was actually thinking he wasnt even lsitening\n|\n|t:|1698567380\n|switch|p2a: Typhlosion|Typhlosion-Hisui, M|100\/100\n|turn|12\n|c|\u2606Fairy Mercedes|lol\n|c|\u2606pricicle|:P\n|\n|t:|1698567403\n|move|p1a: Ogerpon|Ivy Cudgel|p2a: Typhlosion\n|-supereffective|p2a: Typhlosion\n|-damage|p2a: Typhlosion|0 fnt\n|faint|p2a: Typhlosion\n|\n|win|Fairy Mercedes\n","uploadtime":1698567408,"views":16,"p1id":"fairymercedes","p2id":"pricicle","formatid":"gen9nationaldexubers","rating":0,"private":0,"password":""}