{"id":"gen9nationaldexubers-1981711601","p1":"RadicalKoala","p2":"Ralutions","format":"[Gen 9] National Dex Ubers","log":"|j|\u2606RadicalKoala\n|j|\u2606Ralutions\n|t:|1698935754\n|gametype|singles\n|player|p1|RadicalKoala|pokemaniac|1382\n|player|p2|Ralutions|gambler|1417\n|teamsize|p1|6\n|teamsize|p2|6\n|gen|9\n|tier|[Gen 9] National Dex Ubers\n|rated|\n|rule|HP Percentage Mod: HP is shown in percentages\n|rule|Endless Battle Clause: Forcing endless battles is banned\n|rule|OHKO Clause: OHKO moves are banned\n|rule|Evasion Moves Clause: Evasion moves are banned\n|rule|Evasion Items Clause: Evasion items are banned\n|rule|Species Clause: Limit one of each Pok\u00e9mon\n|rule|Sleep Clause Mod: Limit one foe put to sleep\n|rule|Mega Rayquaza Clause: You cannot mega evolve Rayquaza\n|clearpoke\n|poke|p1|Arceus-Fairy|\n|poke|p1|Ogerpon-Hearthflame, F|\n|poke|p1|Kingambit, F|\n|poke|p1|Necrozma-Dusk-Mane|\n|poke|p1|Yveltal|\n|poke|p1|Salamence, F|\n|poke|p2|Mewtwo|\n|poke|p2|Genesect|\n|poke|p2|Ho-Oh|\n|poke|p2|Necrozma-Dusk-Mane|\n|poke|p2|Zygarde|\n|poke|p2|Ditto|\n|teampreview\n|\n|t:|1698935771\n|start\n|switch|p1a: Necrozma|Necrozma-Dusk-Mane|100\/100\n|switch|p2a: Mewtwo|Mewtwo|100\/100\n|-ability|p2a: Mewtwo|Pressure\n|turn|1\n|inactive|Battle timer is ON: inactive players will automatically lose when time's up. (requested by RadicalKoala)\n|\n|t:|1698935777\n|switch|p2a: Pilar|Ho-Oh|100\/100\n|move|p1a: Necrozma|Knock Off|p2a: Pilar\n|-damage|p2a: Pilar|68\/100\n|-enditem|p2a: Pilar|Heavy-Duty Boots|[from] move: Knock Off|[of] p1a: Necrozma\n|\n|upkeep\n|turn|2\n|\n|t:|1698935779\n|move|p2a: Pilar|Sacred Fire|p1a: Necrozma\n|-supereffective|p1a: Necrozma\n|-damage|p1a: Necrozma|47\/100\n|-status|p1a: Necrozma|brn\n|move|p1a: Necrozma|Stealth Rock|p2a: Pilar\n|-sidestart|p2: Ralutions|move: Stealth Rock\n|\n|-heal|p1a: Necrozma|54\/100 brn|[from] item: Leftovers\n|-damage|p1a: Necrozma|47\/100 brn|[from] brn\n|upkeep\n|turn|3\n|\n|t:|1698935793\n|switch|p1a: Yveltal|Yveltal|100\/100\n|-ability|p1a: Yveltal|Dark Aura\n|move|p2a: Pilar|Defog|p1a: Yveltal\n|-unboost|p1a: Yveltal|evasion|1\n|-sideend|p2: Ralutions|Stealth Rock|[from] move: Defog|[of] p2a: Pilar\n|\n|upkeep\n|turn|4\n|\n|t:|1698935798\n|move|p1a: Yveltal|Toxic|p2a: Pilar\n|-status|p2a: Pilar|tox\n|move|p2a: Pilar|Toxic|p1a: Yveltal\n|-status|p1a: Yveltal|tox\n|\n|-damage|p1a: Yveltal|94\/100 tox|[from] psn\n|-damage|p2a: Pilar|62\/100 tox|[from] psn\n|upkeep\n|turn|5\n|\n|t:|1698935804\n|switch|p1a: Necrozma|Necrozma-Dusk-Mane|47\/100 brn\n|move|p2a: Pilar|Sacred Fire|p1a: Necrozma\n|-supereffective|p1a: Necrozma\n|-damage|p1a: Necrozma|0 fnt\n|faint|p1a: Necrozma\n|\n|-damage|p2a: Pilar|49\/100 tox|[from] psn\n|upkeep\n|\n|t:|1698935811\n|switch|p1a: Salamence|Salamence, F|100\/100\n|-ability|p1a: Salamence|Intimidate|boost\n|-unboost|p2a: Pilar|atk|1\n|turn|6\n|\n|t:|1698935815\n|detailschange|p1a: Salamence|Salamence-Mega, F\n|-mega|p1a: Salamence|Salamence|Salamencite\n|move|p1a: Salamence|Frustration|p2a: Pilar\n|-damage|p2a: Pilar|0 fnt\n|faint|p2a: Pilar\n|\n|upkeep\n|\n|t:|1698935823\n|switch|p2a: Mewtwo|Mewtwo|100\/100\n|-ability|p2a: Mewtwo|Pressure\n|turn|7\n|\n|t:|1698935828\n|switch|p1a: Kingambit|Kingambit, F|100\/100\n|-activate|p1a: Kingambit|ability: Supreme Overlord\n|-start|p1a: Kingambit|fallen1|[silent]\n|detailschange|p2a: Mewtwo|Mewtwo-Mega-Y\n|-mega|p2a: Mewtwo|Mewtwo|Mewtwonite Y\n|move|p2a: Mewtwo|Ice Beam|p1a: Kingambit\n|-resisted|p1a: Kingambit\n|-damage|p1a: Kingambit|77\/100\n|\n|upkeep\n|turn|8\n|\n|t:|1698935836\n|switch|p2a: victim|Zygarde|100\/100\n|move|p1a: Kingambit|Sucker Punch||[still]\n|-fail|p1a: Kingambit\n|\n|upkeep\n|turn|9\n|\n|t:|1698935842\n|-end|p1a: Kingambit|fallen1|[silent]\n|switch|p1a: Arceus|Arceus-Fairy|100\/100\n|move|p2a: victim|Glare|p1a: Arceus\n|-status|p1a: Arceus|par\n|\n|upkeep\n|turn|10\n|\n|t:|1698935851\n|-terastallize|p2a: victim|Steel\n|move|p2a: victim|Dragon Dance|p2a: victim\n|-boost|p2a: victim|atk|1\n|-boost|p2a: victim|spe|1\n|move|p1a: Arceus|Calm Mind|p1a: Arceus\n|-boost|p1a: Arceus|spa|1\n|-boost|p1a: Arceus|spd|1\n|\n|upkeep\n|turn|11\n|\n|t:|1698935857\n|move|p2a: victim|Iron Tail|p1a: Arceus|[miss]\n|-miss|p2a: victim|p1a: Arceus\n|move|p1a: Arceus|Earth Power|p2a: victim\n|-supereffective|p2a: victim\n|-damage|p2a: victim|28\/100\n|\n|-activate|p2a: victim|ability: Power Construct\n|detailschange|p2a: victim|Zygarde-Complete, tera:Steel\n|-heal|p2a: victim|53\/100|[silent]\n|upkeep\n|turn|12\n|\n|t:|1698935862\n|move|p2a: victim|Iron Tail|p1a: Arceus\n|-supereffective|p1a: Arceus\n|-damage|p1a: Arceus|0 fnt\n|faint|p1a: Arceus\n|\n|upkeep\n|\n|t:|1698935865\n|switch|p1a: Salamence|Salamence-Mega, F|100\/100\n|turn|13\n|\n|t:|1698935883\n|switch|p1a: Yveltal|Yveltal|94\/100 tox\n|-ability|p1a: Yveltal|Dark Aura\n|move|p2a: victim|Scale Shot|p1a: Yveltal\n|-damage|p1a: Yveltal|80\/100 tox\n|-damage|p1a: Yveltal|66\/100 tox\n|-damage|p1a: Yveltal|53\/100 tox\n|-damage|p1a: Yveltal|38\/100 tox\n|-damage|p1a: Yveltal|23\/100 tox\n|-hitcount|p1a: Yveltal|5\n|-unboost|p2a: victim|def|1\n|-boost|p2a: victim|spe|1\n|\n|-damage|p1a: Yveltal|17\/100 tox|[from] psn\n|upkeep\n|turn|14\n|inactive|RadicalKoala has 120 seconds left.\n|inactive|RadicalKoala has 90 seconds left.\n|inactive|RadicalKoala has 60 seconds left.\n|inactive|RadicalKoala has 30 seconds left.\n|\n|t:|1698936009\n|switch|p2a: Shiny|Genesect, shiny|100\/100\n|-ability|p2a: Shiny|Download|boost\n|-boost|p2a: Shiny|atk|1\n|move|p1a: Yveltal|Toxic|p2a: Shiny\n|-immune|p2a: Shiny\n|\n|-damage|p1a: Yveltal|5\/100 tox|[from] psn\n|upkeep\n|turn|15\n|\n|t:|1698936022\n|move|p2a: Shiny|Extreme Speed|p1a: Yveltal\n|-damage|p1a: Yveltal|0 fnt\n|faint|p1a: Yveltal\n|\n|upkeep\n|\n|t:|1698936025\n|switch|p1a: Ogerpon|Ogerpon-Hearthflame, F|100\/100\n|-ability|p1a: Ogerpon|Mold Breaker\n|turn|16\n|inactive|Ralutions has 120 seconds left.\n|inactive|Ralutions has 90 seconds left.\n|\n|t:|1698936092\n|-terastallize|p1a: Ogerpon|Fire\n|detailschange|p1a: Ogerpon|Ogerpon-Hearthflame-Tera, F, tera:Fire\n|-ability|p1a: Ogerpon|Embody Aspect (Hearthflame)|boost\n|-boost|p1a: Ogerpon|atk|1\n|move|p2a: Shiny|Extreme Speed|p1a: Ogerpon\n|-damage|p1a: Ogerpon|43\/100\n|move|p1a: Ogerpon|Trailblaze|p2a: Shiny\n|-resisted|p2a: Shiny\n|-damage|p2a: Shiny|85\/100\n|-boost|p1a: Ogerpon|spe|1\n|\n|upkeep\n|turn|17\n|inactive|Ralutions has 90 seconds left.\n|\n|t:|1698936101\n|switch|p1a: Kingambit|Kingambit, F|77\/100\n|-activate|p1a: Kingambit|ability: Supreme Overlord\n|-start|p1a: Kingambit|fallen3|[silent]\n|move|p2a: Shiny|Extreme Speed|p1a: Kingambit\n|-resisted|p1a: Kingambit\n|-damage|p1a: Kingambit|62\/100\n|\n|upkeep\n|turn|18\n|\n|t:|1698936105\n|move|p2a: Shiny|Shift Gear|p2a: Shiny\n|-boost|p2a: Shiny|spe|2\n|-boost|p2a: Shiny|atk|1\n|move|p1a: Kingambit|Kowtow Cleave|p2a: Shiny\n|-damage|p2a: Shiny|0 fnt\n|faint|p2a: Shiny\n|\n|upkeep\n|\n|t:|1698936115\n|switch|p2a: Sus|Ditto|100\/100\n|-transform|p2a: Sus|p1a: Kingambit|[from] ability: Imposter\n|-activate|p2a: Sus|ability: Supreme Overlord\n|-start|p2a: Sus|fallen2|[silent]\n|turn|19\n|\n|t:|1698936128\n|move|p2a: Sus|Kowtow Cleave|p1a: Kingambit\n|-resisted|p1a: Kingambit\n|-damage|p1a: Kingambit|40\/100\n|move|p1a: Kingambit|Kowtow Cleave|p2a: Sus\n|-resisted|p2a: Sus\n|-damage|p2a: Sus|67\/100\n|\n|upkeep\n|turn|20\n|\n|t:|1698936135\n|move|p2a: Sus|Kowtow Cleave|p1a: Kingambit\n|-resisted|p1a: Kingambit\n|-damage|p1a: Kingambit|19\/100\n|move|p1a: Kingambit|Swords Dance|p1a: Kingambit\n|-boost|p1a: Kingambit|atk|2\n|\n|upkeep\n|turn|21\n|inactive|Ralutions has 120 seconds left.\n|\n|t:|1698936143\n|-end|p2a: Sus|fallen2|[silent]\n|switch|p2a: Necrozma|Necrozma-Dusk-Mane|100\/100\n|move|p1a: Kingambit|Sucker Punch||[still]\n|-fail|p1a: Kingambit\n|\n|upkeep\n|turn|22\n|\n|t:|1698936148\n|move|p2a: Necrozma|Sunsteel Strike|p1a: Kingambit\n|-resisted|p1a: Kingambit\n|-damage|p1a: Kingambit|0 fnt\n|faint|p1a: Kingambit\n|-end|p1a: Kingambit|fallen3|[silent]\n|\n|upkeep\n|\n|t:|1698936152\n|switch|p1a: Salamence|Salamence-Mega, F|100\/100\n|turn|23\n|\n|t:|1698936156\n|move|p1a: Salamence|Dragon Dance|p1a: Salamence\n|-boost|p1a: Salamence|atk|1\n|-boost|p1a: Salamence|spe|1\n|move|p2a: Necrozma|Photon Geyser|p1a: Salamence\n|-damage|p1a: Salamence|45\/100\n|\n|upkeep\n|turn|24\n|\n|t:|1698936159\n|move|p1a: Salamence|Earthquake|p2a: Necrozma\n|-supereffective|p2a: Necrozma\n|-damage|p2a: Necrozma|32\/100\n|move|p2a: Necrozma|Photon Geyser|p1a: Salamence\n|-damage|p1a: Salamence|0 fnt\n|faint|p1a: Salamence\n|\n|upkeep\n|\n|t:|1698936161\n|switch|p1a: Ogerpon|Ogerpon-Hearthflame-Tera, F, tera:Fire|43\/100\n|-ability|p1a: Ogerpon|Embody Aspect (Hearthflame)|boost\n|-boost|p1a: Ogerpon|atk|1\n|turn|25\n|\n|t:|1698936165\n|detailschange|p2a: Necrozma|Necrozma-Ultra\n|-burst|p2a: Necrozma|Necrozma|Ultranecrozium Z\n|move|p2a: Necrozma|Morning Sun|p2a: Necrozma\n|-heal|p2a: Necrozma|82\/100\n|move|p1a: Ogerpon|Ivy Cudgel|p2a: Necrozma\n|-resisted|p2a: Necrozma\n|-crit|p2a: Necrozma\n|-damage|p2a: Necrozma|0 fnt\n|faint|p2a: Necrozma\n|\n|upkeep\n|\n|t:|1698936168\n|switch|p2a: Sus|Ditto|67\/100\n|turn|26\n|\n|t:|1698936175\n|move|p1a: Ogerpon|Trailblaze|p2a: Sus\n|-damage|p2a: Sus|0 fnt\n|-boost|p1a: Ogerpon|spe|1\n|faint|p2a: Sus\n|\n|upkeep\n|\n|t:|1698936183\n|switch|p2a: Mewtwo|Mewtwo-Mega-Y|100\/100\n|turn|27\n|\n|t:|1698936187\n|move|p1a: Ogerpon|Ivy Cudgel|p2a: Mewtwo\n|-damage|p2a: Mewtwo|0 fnt\n|faint|p2a: Mewtwo\n|\n|upkeep\n|\n|t:|1698936188\n|switch|p2a: victim|Zygarde-Complete, tera:Steel|53\/100\n|turn|28\n|\n|t:|1698936190\n|move|p1a: Ogerpon|Ivy Cudgel|p2a: victim\n|-supereffective|p2a: victim\n|-damage|p2a: victim|0 fnt\n|faint|p2a: victim\n|\n|win|RadicalKoala\n|raw|RadicalKoala's rating: 1382 &rarr; <strong>1404<\/strong><br \/>(+22 for winning)\n|raw|Ralutions's rating: 1417 &rarr; <strong>1395<\/strong><br \/>(-22 for losing)\n|l|\u2606Ralutions\n|c|\u2606RadicalKoala|gg\n","uploadtime":1698936198,"views":9,"p1id":"radicalkoala","p2id":"ralutions","formatid":"gen9nationaldexubers","rating":1395,"private":0,"password":""}