{"id":"gen9nationaldexubers-1988154556","p1":"fdbsisixifidi","p2":"bananaszn","format":"[Gen 9] National Dex Ubers","log":"|j|\u2606fdbsisixifidi\n|j|\u2606bananaszn\n|t:|1699676589\n|gametype|singles\n|player|p1|fdbsisixifidi|bellelba|1197\n|player|p2|bananaszn|supernerd|1120\n|teamsize|p1|6\n|teamsize|p2|6\n|gen|9\n|tier|[Gen 9] National Dex Ubers\n|rated|\n|rule|HP Percentage Mod: HP is shown in percentages\n|rule|Endless Battle Clause: Forcing endless battles is banned\n|rule|OHKO Clause: OHKO moves are banned\n|rule|Evasion Moves Clause: Evasion moves are banned\n|rule|Evasion Items Clause: Evasion items are banned\n|rule|Species Clause: Limit one of each Pok\u00e9mon\n|rule|Sleep Clause Mod: Limit one foe put to sleep\n|rule|Mega Rayquaza Clause: You cannot mega evolve Rayquaza\n|clearpoke\n|poke|p1|Lucario, F|\n|poke|p1|Greninja-*, M|\n|poke|p1|Weavile, M|\n|poke|p1|Garchomp, M|\n|poke|p1|Galvantula, F|\n|poke|p1|Gardevoir, F|\n|poke|p2|Zacian-*|\n|poke|p2|Arboliva, F|\n|poke|p2|Groudon|\n|poke|p2|Basculegion, M|\n|poke|p2|Lugia|\n|poke|p2|Ribombee, M|\n|teampreview\n|inactive|Battle timer is ON: inactive players will automatically lose when time's up. (requested by fdbsisixifidi)\n|\n|t:|1699676596\n|start\n|switch|p1a: Galvantula|Galvantula, F|100\/100\n|switch|p2a: Ribombee|Ribombee, M|100\/100\n|turn|1\n|\n|t:|1699676601\n|move|p2a: Ribombee|Sticky Web|p1a: Galvantula\n|-sidestart|p1: fdbsisixifidi|move: Sticky Web\n|move|p1a: Galvantula|Thunder|p2a: Ribombee\n|-damage|p2a: Ribombee|11\/100\n|\n|upkeep\n|turn|2\n|\n|t:|1699676607\n|move|p2a: Ribombee|Sticky Web||[still]\n|-fail|p2a: Ribombee\n|move|p1a: Galvantula|Sticky Web|p2a: Ribombee\n|-sidestart|p2: bananaszn|move: Sticky Web\n|\n|upkeep\n|turn|3\n|\n|t:|1699676613\n|move|p2a: Ribombee|Sticky Web||[still]\n|-fail|p2a: Ribombee\n|move|p1a: Galvantula|Thunder|p2a: Ribombee\n|-damage|p2a: Ribombee|0 fnt\n|faint|p2a: Ribombee\n|\n|upkeep\n|\n|t:|1699676620\n|switch|p2a: Groudon|Groudon|100\/100\n|-activate|p2a: Groudon|move: Sticky Web\n|-unboost|p2a: Groudon|spe|1\n|-weather|SunnyDay|[from] ability: Drought|[of] p2a: Groudon\n|turn|4\n|\n|t:|1699676624\n|move|p1a: Galvantula|Energy Ball|p2a: Groudon\n|-supereffective|p2a: Groudon\n|-damage|p2a: Groudon|57\/100\n|move|p2a: Groudon|Stealth Rock|p1a: Galvantula\n|-sidestart|p1: fdbsisixifidi|move: Stealth Rock\n|\n|-weather|SunnyDay|[upkeep]\n|-heal|p2a: Groudon|63\/100|[from] item: Leftovers\n|upkeep\n|turn|5\n|\n|t:|1699676632\n|move|p2a: Groudon|Protect|p2a: Groudon\n|-singleturn|p2a: Groudon|Protect\n|move|p1a: Galvantula|Energy Ball|p2a: Groudon\n|-activate|p2a: Groudon|move: Protect\n|\n|-weather|SunnyDay|[upkeep]\n|-heal|p2a: Groudon|69\/100|[from] item: Leftovers\n|upkeep\n|turn|6\n|\n|t:|1699676634\n|move|p1a: Galvantula|Toxic|p2a: Groudon\n|-status|p2a: Groudon|tox\n|move|p2a: Groudon|Spikes|p1a: Galvantula\n|-sidestart|p1: fdbsisixifidi|Spikes\n|\n|-weather|SunnyDay|[upkeep]\n|-heal|p2a: Groudon|76\/100 tox|[from] item: Leftovers\n|-damage|p2a: Groudon|69\/100 tox|[from] psn\n|upkeep\n|turn|7\n|\n|t:|1699676636\n|move|p1a: Galvantula|Energy Ball|p2a: Groudon\n|-supereffective|p2a: Groudon\n|-damage|p2a: Groudon|24\/100 tox\n|move|p2a: Groudon|Spikes|p1a: Galvantula\n|-sidestart|p1: fdbsisixifidi|Spikes\n|\n|-weather|SunnyDay|[upkeep]\n|-heal|p2a: Groudon|31\/100 tox|[from] item: Leftovers\n|-damage|p2a: Groudon|18\/100 tox|[from] psn\n|upkeep\n|turn|8\n|inactive|fdbsisixifidi has 120 seconds left.\n|\n|t:|1699676671\n|move|p1a: Galvantula|Energy Ball|p2a: Groudon\n|-supereffective|p2a: Groudon\n|-damage|p2a: Groudon|0 fnt\n|faint|p2a: Groudon\n|\n|-weather|none\n|upkeep\n|\n|t:|1699676674\n|switch|p2a: Lugia|Lugia|100\/100\n|turn|9\n|\n|t:|1699676685\n|-terastallize|p2a: Lugia|Psychic\n|move|p2a: Lugia|Toxic|p1a: Galvantula\n|-status|p1a: Galvantula|tox\n|move|p1a: Galvantula|Toxic|p2a: Lugia\n|-status|p2a: Lugia|tox\n|\n|-damage|p2a: Lugia|94\/100 tox|[from] psn\n|-damage|p1a: Galvantula|94\/100 tox|[from] psn\n|upkeep\n|turn|10\n|\n|t:|1699676697\n|move|p1a: Galvantula|Thunder|p2a: Lugia\n|-damage|p2a: Lugia|64\/100 tox\n|move|p2a: Lugia|Whirlwind|p1a: Galvantula\n|drag|p1a: Gardevoir|Gardevoir, F|100\/100\n|-activate|p1a: Gardevoir|move: Sticky Web\n|-unboost|p1a: Gardevoir|spe|1\n|-damage|p1a: Gardevoir|88\/100|[from] Stealth Rock\n|-damage|p1a: Gardevoir|72\/100|[from] Spikes\n|-ability|p1a: Gardevoir|Multiscale|[from] ability: Trace|[of] p2a: Lugia\n|\n|-damage|p2a: Lugia|52\/100 tox|[from] psn\n|upkeep\n|turn|11\n|\n|t:|1699676711\n|move|p2a: Lugia|Roost|p2a: Lugia\n|-heal|p2a: Lugia|100\/100 tox\n|move|p1a: Gardevoir|Moonblast|p2a: Lugia\n|-damage|p2a: Lugia|82\/100 tox\n|-unboost|p2a: Lugia|spa|1\n|-damage|p1a: Gardevoir|62\/100|[from] item: Life Orb\n|\n|-damage|p2a: Lugia|64\/100 tox|[from] psn\n|upkeep\n|turn|12\n|\n|t:|1699676717\n|move|p2a: Lugia|Toxic|p1a: Gardevoir\n|-status|p1a: Gardevoir|tox\n|move|p1a: Gardevoir|Moonblast|p2a: Lugia\n|-damage|p2a: Lugia|28\/100 tox\n|-damage|p1a: Gardevoir|52\/100 tox|[from] item: Life Orb\n|\n|-damage|p2a: Lugia|4\/100 tox|[from] psn\n|-damage|p1a: Gardevoir|46\/100 tox|[from] psn\n|upkeep\n|turn|13\n|\n|t:|1699676724\n|move|p1a: Gardevoir|Grass Knot|p2a: Lugia\n|-damage|p2a: Lugia|0 fnt\n|-damage|p1a: Gardevoir|30\/100 tox|[from] item: Rocky Helmet|[of] p2a: Lugia\n|faint|p2a: Lugia\n|-damage|p1a: Gardevoir|20\/100 tox|[from] item: Life Orb\n|\n|-damage|p1a: Gardevoir|8\/100 tox|[from] psn\n|upkeep\n|\n|t:|1699676735\n|switch|p2a: Arboliva|Arboliva, F|100\/100\n|-activate|p2a: Arboliva|move: Sticky Web\n|-unboost|p2a: Arboliva|spe|1\n|turn|14\n|\n|t:|1699676739\n|move|p2a: Arboliva|Protect|p2a: Arboliva\n|-singleturn|p2a: Arboliva|Protect\n|move|p1a: Gardevoir|Focus Blast|p2a: Arboliva\n|-activate|p2a: Arboliva|move: Protect\n|\n|-damage|p1a: Gardevoir|0 fnt|[from] psn\n|faint|p1a: Gardevoir\n|upkeep\n|\n|t:|1699676745\n|switch|p1a: Lucario|Lucario, F|100\/100\n|-activate|p1a: Lucario|move: Sticky Web\n|-unboost|p1a: Lucario|spe|1\n|-damage|p1a: Lucario|98\/100|[from] Stealth Rock\n|-damage|p1a: Lucario|81\/100|[from] Spikes\n|turn|15\n|\n|t:|1699676749\n|detailschange|p1a: Lucario|Lucario-Mega, F\n|-mega|p1a: Lucario|Lucario|Lucarionite\n|move|p1a: Lucario|Swords Dance|p1a: Lucario\n|-boost|p1a: Lucario|atk|2\n|move|p2a: Arboliva|Leech Seed|p1a: Lucario\n|-start|p1a: Lucario|move: Leech Seed\n|\n|-damage|p1a: Lucario|69\/100|[from] Leech Seed|[of] p2a: Arboliva\n|upkeep\n|turn|16\n|\n|t:|1699676756\n|move|p2a: Arboliva|Protect|p2a: Arboliva\n|-singleturn|p2a: Arboliva|Protect\n|move|p1a: Lucario|Close Combat|p2a: Arboliva\n|-activate|p2a: Arboliva|move: Protect\n|\n|-damage|p1a: Lucario|56\/100|[from] Leech Seed|[of] p2a: Arboliva\n|upkeep\n|turn|17\n|\n|t:|1699676763\n|switch|p2a: Basculegion|Basculegion, M|100\/100\n|-activate|p2a: Basculegion|move: Sticky Web\n|-unboost|p2a: Basculegion|spe|1\n|move|p1a: Lucario|Swords Dance|p1a: Lucario\n|-boost|p1a: Lucario|atk|2\n|\n|-damage|p1a: Lucario|44\/100|[from] Leech Seed|[of] p2a: Basculegion\n|upkeep\n|turn|18\n|\n|t:|1699676786\n|switch|p2a: Arboliva|Arboliva, F|100\/100\n|-activate|p2a: Arboliva|move: Sticky Web\n|-unboost|p2a: Arboliva|spe|1\n|move|p1a: Lucario|Bullet Punch|p2a: Arboliva\n|-damage|p2a: Arboliva|3\/100\n|-enditem|p2a: Arboliva|Aguav Berry|[eat]\n|-heal|p2a: Arboliva|36\/100|[from] item: Aguav Berry\n|\n|-damage|p1a: Lucario|31\/100|[from] Leech Seed|[of] p2a: Arboliva\n|-heal|p2a: Arboliva|46\/100|[silent]\n|upkeep\n|turn|19\n|\n|t:|1699676797\n|move|p2a: Arboliva|Protect|p2a: Arboliva\n|-singleturn|p2a: Arboliva|Protect\n|move|p1a: Lucario|Bullet Punch|p2a: Arboliva\n|-activate|p2a: Arboliva|move: Protect\n|\n|-damage|p1a: Lucario|19\/100|[from] Leech Seed|[of] p2a: Arboliva\n|-heal|p2a: Arboliva|56\/100|[silent]\n|upkeep\n|turn|20\n|\n|t:|1699676812\n|move|p2a: Arboliva|Protect||[still]\n|-fail|p2a: Arboliva\n|move|p1a: Lucario|Bullet Punch|p2a: Arboliva\n|-damage|p2a: Arboliva|0 fnt\n|faint|p2a: Arboliva\n|\n|upkeep\n|\n|t:|1699676818\n|switch|p2a: Zacian|Zacian-Crowned|100\/100\n|-activate|p2a: Zacian|move: Sticky Web\n|-unboost|p2a: Zacian|spe|1\n|-ability|p2a: Zacian|Intrepid Sword|boost\n|-boost|p2a: Zacian|atk|1\n|turn|21\n|\n|t:|1699676822\n|move|p1a: Lucario|Bullet Punch|p2a: Zacian\n|-damage|p2a: Zacian|4\/100\n|move|p2a: Zacian|Behemoth Blade|p1a: Lucario\n|-resisted|p1a: Lucario\n|-damage|p1a: Lucario|0 fnt\n|faint|p1a: Lucario\n|\n|upkeep\n|\n|t:|1699676827\n|switch|p1a: Weavile|Weavile, M|100\/100\n|-activate|p1a: Weavile|move: Sticky Web\n|-unboost|p1a: Weavile|spe|1\n|-damage|p1a: Weavile|76\/100|[from] Stealth Rock\n|-damage|p1a: Weavile|59\/100|[from] Spikes\n|turn|22\n|\n|t:|1699676834\n|move|p1a: Weavile|Ice Shard|p2a: Zacian\n|-resisted|p2a: Zacian\n|-damage|p2a: Zacian|0 fnt\n|faint|p2a: Zacian\n|\n|upkeep\n|\n|t:|1699676836\n|switch|p2a: Basculegion|Basculegion, M|100\/100\n|-activate|p2a: Basculegion|move: Sticky Web\n|-unboost|p2a: Basculegion|spe|1\n|turn|23\n|\n|t:|1699676842\n|move|p2a: Basculegion|Last Respects|p1a: Weavile\n|-resisted|p1a: Weavile\n|-damage|p1a: Weavile|0 fnt\n|faint|p1a: Weavile\n|\n|upkeep\n|\n|t:|1699676850\n|switch|p1a: Garchomp|Garchomp, M|100\/100\n|-activate|p1a: Garchomp|move: Sticky Web\n|-unboost|p1a: Garchomp|spe|1\n|-damage|p1a: Garchomp|94\/100|[from] Stealth Rock\n|-damage|p1a: Garchomp|78\/100|[from] Spikes\n|turn|24\n|\n|t:|1699676856\n|move|p2a: Basculegion|Last Respects|p1a: Garchomp\n|-damage|p1a: Garchomp|0 fnt\n|faint|p1a: Garchomp\n|\n|upkeep\n|\n|t:|1699676863\n|switch|p1a: Galvantula|Galvantula, F|94\/100 tox\n|-activate|p1a: Galvantula|move: Sticky Web\n|-unboost|p1a: Galvantula|spe|1\n|-damage|p1a: Galvantula|70\/100 tox|[from] Stealth Rock\n|-damage|p1a: Galvantula|53\/100 tox|[from] Spikes\n|turn|25\n|\n|t:|1699676867\n|move|p2a: Basculegion|Last Respects|p1a: Galvantula\n|-damage|p1a: Galvantula|0 fnt\n|faint|p1a: Galvantula\n|\n|upkeep\n|\n|t:|1699676871\n|switch|p1a: Greninja|Greninja, M|100\/100\n|-activate|p1a: Greninja|move: Sticky Web\n|-unboost|p1a: Greninja|spe|1\n|-damage|p1a: Greninja|88\/100|[from] Stealth Rock\n|-damage|p1a: Greninja|72\/100|[from] Spikes\n|turn|26\n|\n|t:|1699676877\n|move|p2a: Basculegion|Last Respects|p1a: Greninja\n|-resisted|p1a: Greninja\n|-damage|p1a: Greninja|0 fnt\n|faint|p1a: Greninja\n|\n|win|bananaszn\n|raw|fdbsisixifidi's rating: 1197 &rarr; <strong>1167<\/strong><br \/>(-30 for losing)\n|raw|bananaszn's rating: 1120 &rarr; <strong>1150<\/strong><br \/>(+30 for winning)\n|l|\u2606fdbsisixifidi\n","uploadtime":1699676884,"views":32,"p1id":"fdbsisixifidi","p2id":"bananaszn","formatid":"gen9nationaldexubers","rating":1150,"private":0,"password":""}