{"id":"gen9nationaldexubers-1999586862","p1":"Goldynn","p2":"Henti_Bakuretsu","format":"[Gen 9] National Dex Ubers","log":"|j|\u2606Goldynn\n|j|\u2606Henti_Bakuretsu\n|t:|1701098782\n|gametype|singles\n|player|p1|Goldynn|rood|\n|player|p2|Henti_Bakuretsu|266|\n|teamsize|p1|6\n|teamsize|p2|6\n|gen|9\n|tier|[Gen 9] National Dex Ubers\n|rule|HP Percentage Mod: HP is shown in percentages\n|rule|Endless Battle Clause: Forcing endless battles is banned\n|rule|OHKO Clause: OHKO moves are banned\n|rule|Evasion Moves Clause: Evasion moves are banned\n|rule|Evasion Items Clause: Evasion items are banned\n|rule|Species Clause: Limit one of each Pok\u00e9mon\n|rule|Sleep Clause Mod: Limit one foe put to sleep\n|rule|Mega Rayquaza Clause: You cannot mega evolve Rayquaza\n|clearpoke\n|poke|p1|Lumineon, M|\n|poke|p1|Beedrill, F|\n|poke|p1|Cinderace, F|\n|poke|p1|Sandy Shocks|\n|poke|p1|Diggersby, M|\n|poke|p1|Diancie|\n|poke|p2|Wugtrio, M|\n|poke|p2|Bellibolt, M|\n|poke|p2|Groudon|\n|poke|p2|Inteleon, M|\n|poke|p2|Klawf, M|\n|poke|p2|Mismagius, F|\n|teampreview\n|\n|t:|1701098791\n|start\n|switch|p1a: SMASH|Beedrill, F|100\/100\n|switch|p2a: Groudon|Groudon, shiny|100\/100\n|-weather|SunnyDay|[from] ability: Drought|[of] p2a: Groudon\n|turn|1\n|\n|t:|1701098806\n|detailschange|p1a: SMASH|Beedrill-Mega, F\n|-mega|p1a: SMASH|Beedrill|Beedrillite\n|move|p1a: SMASH|U-turn|p2a: Groudon\n|-damage|p2a: Groudon|72\/100\n|\n|t:|1701098814\n|switch|p1a: Guapito|Lumineon, M|100\/100|[from] U-turn\n|move|p2a: Groudon|Spikes|p1a: Guapito\n|-sidestart|p1: Goldynn|Spikes\n|\n|-weather|SunnyDay|[upkeep]\n|-heal|p2a: Groudon|78\/100|[from] item: Leftovers\n|upkeep\n|turn|2\n|\n|t:|1701098824\n|move|p2a: Groudon|Precipice Blades|p1a: Guapito\n|-damage|p1a: Guapito|29\/100\n|move|p1a: Guapito|Ice Beam|p2a: Groudon\n|-supereffective|p2a: Groudon\n|-damage|p2a: Groudon|52\/100\n|\n|-weather|SunnyDay|[upkeep]\n|-heal|p2a: Groudon|58\/100|[from] item: Leftovers\n|-heal|p1a: Guapito|35\/100|[from] item: Leftovers\n|upkeep\n|turn|3\n|\n|t:|1701098847\n|move|p2a: Groudon|Precipice Blades|p1a: Guapito\n|-damage|p1a: Guapito|0 fnt\n|faint|p1a: Guapito\n|\n|-weather|SunnyDay|[upkeep]\n|-heal|p2a: Groudon|64\/100|[from] item: Leftovers\n|upkeep\n|\n|t:|1701098865\n|switch|p1a: Furroman|Cinderace, F|100\/100\n|-damage|p1a: Furroman|88\/100|[from] Spikes\n|turn|4\n|\n|t:|1701098875\n|-terastallize|p1a: Furroman|Fire\n|move|p1a: Furroman|Pyro Ball|p2a: Groudon\n|-damage|p2a: Groudon|5\/100\n|-status|p2a: Groudon|brn\n|move|p2a: Groudon|Precipice Blades|p1a: Furroman|[miss]\n|-miss|p2a: Groudon|p1a: Furroman\n|\n|-weather|SunnyDay|[upkeep]\n|-heal|p2a: Groudon|12\/100 brn|[from] item: Leftovers\n|-damage|p2a: Groudon|5\/100 brn|[from] brn\n|upkeep\n|turn|5\n|\n|t:|1701098891\n|move|p2a: Groudon|Protect|p2a: Groudon\n|-singleturn|p2a: Groudon|Protect\n|move|p1a: Furroman|U-turn|p2a: Groudon\n|-activate|p2a: Groudon|move: Protect\n|\n|-weather|none\n|-heal|p2a: Groudon|12\/100 brn|[from] item: Leftovers\n|-damage|p2a: Groudon|5\/100 brn|[from] brn\n|upkeep\n|turn|6\n|\n|t:|1701098900\n|move|p1a: Furroman|U-turn|p2a: Groudon\n|-damage|p2a: Groudon|0 fnt\n|faint|p2a: Groudon\n|\n|t:|1701098908\n|switch|p1a: Peruano|Diggersby, M|100\/100|[from] U-turn\n|-damage|p1a: Peruano|88\/100|[from] Spikes\n|\n|upkeep\n|\n|t:|1701098913\n|switch|p2a: Inteleon|Inteleon, M, shiny|100\/100\n|turn|7\n|\n|t:|1701098930\n|move|p2a: Inteleon|Hydro Pump|p1a: Peruano|[miss]\n|-miss|p2a: Inteleon|p1a: Peruano\n|move|p1a: Peruano|Return|p2a: Inteleon\n|-damage|p2a: Inteleon|0 fnt\n|faint|p2a: Inteleon\n|\n|upkeep\n|\n|t:|1701098941\n|switch|p2a: Wugtrio|Wugtrio, M, shiny|100\/100\n|turn|8\n|\n|t:|1701098949\n|move|p2a: Wugtrio|Aqua Jet|p1a: Peruano\n|-supereffective|p1a: Peruano\n|-damage|p1a: Peruano|23\/100\n|move|p1a: Peruano|Return|p2a: Wugtrio\n|-damage|p2a: Wugtrio|0 fnt\n|-ability|p2a: Wugtrio|Gooey\n|-unboost|p1a: Peruano|spe|1\n|faint|p2a: Wugtrio\n|\n|upkeep\n|\n|t:|1701098959\n|switch|p2a: Mismagius|Mismagius, F|100\/100\n|turn|9\n|\n|t:|1701098970\n|switch|p1a: Popete|Sandy Shocks|100\/100\n|move|p2a: Mismagius|Shadow Ball|p1a: Popete\n|-crit|p1a: Popete\n|-damage|p1a: Popete|35\/100\n|\n|upkeep\n|turn|10\n|\n|t:|1701098979\n|move|p2a: Mismagius|Shadow Ball|p1a: Popete\n|-damage|p1a: Popete|0 fnt\n|faint|p1a: Popete\n|-end|p1a: Popete|Protosynthesis|[silent]\n|\n|upkeep\n|\n|t:|1701098989\n|switch|p1a: SMASH|Beedrill-Mega, F|100\/100\n|-damage|p1a: SMASH|88\/100|[from] Spikes\n|turn|11\n|\n|t:|1701098994\n|move|p2a: Mismagius|Shadow Ball|p1a: SMASH\n|-damage|p1a: SMASH|35\/100\n|move|p1a: SMASH|Knock Off|p2a: Mismagius\n|-supereffective|p2a: Mismagius\n|-damage|p2a: Mismagius|0 fnt\n|-enditem|p2a: Mismagius|Choice Scarf|[from] move: Knock Off|[of] p1a: SMASH\n|faint|p2a: Mismagius\n|\n|upkeep\n|\n|t:|1701099002\n|switch|p2a: Klawf|Klawf, M|100\/100\n|turn|12\n|\n|t:|1701099009\n|move|p1a: SMASH|Drill Run|p2a: Klawf\n|-supereffective|p2a: Klawf\n|-damage|p2a: Klawf|42\/100\n|move|p2a: Klawf|Stone Edge|p1a: SMASH|[miss]\n|-miss|p2a: Klawf|p1a: SMASH\n|\n|upkeep\n|turn|13\n|\n|t:|1701099018\n|move|p1a: SMASH|Drill Run|p2a: Klawf\n|-supereffective|p2a: Klawf\n|-damage|p2a: Klawf|0 fnt\n|faint|p2a: Klawf\n|\n|upkeep\n|\n|t:|1701099022\n|switch|p2a: Bellibolt|Bellibolt, M|100\/100\n|turn|14\n|\n|t:|1701099025\n|move|p1a: SMASH|Drill Run|p2a: Bellibolt\n|-supereffective|p2a: Bellibolt\n|-damage|p2a: Bellibolt|60\/100\n|-status|p1a: SMASH|par|[from] ability: Static|[of] p2a: Bellibolt\n|move|p2a: Bellibolt|Muddy Water|p1a: SMASH\n|-damage|p1a: SMASH|1\/100 par\n|\n|upkeep\n|turn|15\n|\n|t:|1701099037\n|move|p1a: SMASH|Drill Run|p2a: Bellibolt\n|-supereffective|p2a: Bellibolt\n|-damage|p2a: Bellibolt|22\/100\n|move|p2a: Bellibolt|Parabolic Charge|p1a: SMASH\n|-damage|p1a: SMASH|0 fnt\n|-heal|p2a: Bellibolt|22\/100|[from] drain|[of] p1a: SMASH\n|faint|p1a: SMASH\n|\n|upkeep\n|\n|t:|1701099045\n|switch|p1a: Furroman|Cinderace, F, tera:Fire|88\/100\n|-damage|p1a: Furroman|76\/100|[from] Spikes\n|turn|16\n|\n|t:|1701099053\n|move|p1a: Furroman|Pyro Ball|p2a: Bellibolt\n|-damage|p2a: Bellibolt|0 fnt\n|faint|p2a: Bellibolt\n|\n|win|Goldynn\n|l|\u2606Henti_Bakuretsu\n","uploadtime":1701100080,"views":1,"p1id":"goldynn","p2id":"hentibakuretsu","formatid":"gen9nationaldexubers","rating":0,"private":0,"password":""}