{"id":"gen9nationaldexubers-1989699853","p1":"greggyp","p2":"KarmaKazama0","format":"[Gen 9] National Dex Ubers","log":"|j|\u2606greggyp\n|j|\u2606KarmaKazama0\n|t:|1699888090\n|gametype|singles\n|player|p1|greggyp|2|1299\n|player|p2|KarmaKazama0|266|1421\n|teamsize|p1|6\n|teamsize|p2|6\n|gen|9\n|tier|[Gen 9] National Dex Ubers\n|rated|\n|rule|HP Percentage Mod: HP is shown in percentages\n|rule|Endless Battle Clause: Forcing endless battles is banned\n|rule|OHKO Clause: OHKO moves are banned\n|rule|Evasion Moves Clause: Evasion moves are banned\n|rule|Evasion Items Clause: Evasion items are banned\n|rule|Species Clause: Limit one of each Pok\u00e9mon\n|rule|Sleep Clause Mod: Limit one foe put to sleep\n|rule|Mega Rayquaza Clause: You cannot mega evolve Rayquaza\n|clearpoke\n|poke|p1|Marshadow|\n|poke|p1|Charizard, F|\n|poke|p1|Weezing-Galar, F|\n|poke|p1|Slowbro, M|\n|poke|p1|Melmetal|\n|poke|p1|Xerneas-*|\n|poke|p2|Groudon|\n|poke|p2|Yveltal|\n|poke|p2|Necrozma-Dusk-Mane|\n|poke|p2|Giratina-Origin|\n|poke|p2|Salamence, M|\n|poke|p2|Nidoking, M|\n|teampreview\n|inactive|Battle timer is ON: inactive players will automatically lose when time's up. (requested by greggyp)\n|inactive|KarmaKazama0 also wants the timer to be on.\n|\n|t:|1699888098\n|start\n|switch|p1a: Xerneas|Xerneas|100\/100\n|switch|p2a: Nidoking|Nidoking, M|100\/100\n|-ability|p1a: Xerneas|Fairy Aura\n|turn|1\n|\n|t:|1699888111\n|switch|p1a: Melmetal|Melmetal|100\/100\n|-terastallize|p2a: Nidoking|Poison\n|move|p2a: Nidoking|Sludge Wave|p1a: Melmetal\n|-immune|p1a: Melmetal\n|\n|upkeep\n|turn|2\n|\n|t:|1699888118\n|move|p2a: Nidoking|Earth Power|p1a: Melmetal\n|-supereffective|p1a: Melmetal\n|-damage|p1a: Melmetal|0 fnt\n|faint|p1a: Melmetal\n|\n|upkeep\n|\n|t:|1699888129\n|switch|p1a: Xerneas|Xerneas|100\/100\n|-ability|p1a: Xerneas|Fairy Aura\n|turn|3\n|\n|t:|1699888136\n|move|p1a: Xerneas|Psyshock|p2a: Nidoking\n|-supereffective|p2a: Nidoking\n|-damage|p2a: Nidoking|13\/100\n|move|p2a: Nidoking|Sludge Wave|p1a: Xerneas\n|-supereffective|p1a: Xerneas\n|-damage|p1a: Xerneas|0 fnt\n|faint|p1a: Xerneas\n|\n|upkeep\n|\n|t:|1699888145\n|switch|p1a: Slowbro|Slowbro, M|100\/100\n|turn|4\n|\n|t:|1699888151\n|move|p2a: Nidoking|Sludge Wave|p1a: Slowbro\n|-damage|p1a: Slowbro|0 fnt\n|faint|p1a: Slowbro\n|\n|upkeep\n|c|\u2606greggyp|what did u feed that thing\n|\n|t:|1699888165\n|switch|p1a: Marshadow|Marshadow|100\/100\n|turn|5\n|c|\u2606KarmaKazama0|My oreos\n|\n|t:|1699888171\n|switch|p2a: Yveltal|Yveltal|100\/100\n|-ability|p2a: Yveltal|Dark Aura\n|move|p1a: Marshadow|Drain Punch|p2a: Yveltal\n|-damage|p2a: Yveltal|66\/100\n|\n|upkeep\n|turn|6\n|\n|t:|1699888178\n|move|p1a: Marshadow|Rock Slide|p2a: Yveltal\n|-supereffective|p2a: Yveltal\n|-damage|p2a: Yveltal|23\/100\n|move|p2a: Yveltal|Oblivion Wing|p1a: Marshadow\n|-supereffective|p1a: Marshadow\n|-damage|p1a: Marshadow|15\/100\n|-heal|p2a: Yveltal|69\/100|[from] drain|[of] p1a: Marshadow\n|\n|upkeep\n|turn|7\n|\n|t:|1699888186\n|move|p1a: Marshadow|Rock Slide|p2a: Yveltal\n|-supereffective|p2a: Yveltal\n|-damage|p2a: Yveltal|29\/100\n|move|p2a: Yveltal|Oblivion Wing|p1a: Marshadow\n|-supereffective|p1a: Marshadow\n|-damage|p1a: Marshadow|0 fnt\n|-heal|p2a: Yveltal|36\/100|[from] drain|[of] p1a: Marshadow\n|faint|p1a: Marshadow\n|\n|upkeep\n|\n|t:|1699888195\n|switch|p1a: Weezing|Weezing-Galar, F|100\/100\n|-ability|p1a: Weezing|Neutralizing Gas\n|turn|8\n|\n|t:|1699888202\n|move|p2a: Yveltal|Oblivion Wing|p1a: Weezing\n|-damage|p1a: Weezing|39\/100\n|-heal|p2a: Yveltal|64\/100|[from] drain|[of] p1a: Weezing\n|move|p1a: Weezing|Dazzling Gleam|p2a: Yveltal\n|-supereffective|p2a: Yveltal\n|-damage|p2a: Yveltal|24\/100\n|\n|upkeep\n|turn|9\n|\n|t:|1699888210\n|move|p2a: Yveltal|Oblivion Wing|p1a: Weezing\n|-damage|p1a: Weezing|0 fnt\n|-heal|p2a: Yveltal|41\/100|[from] drain|[of] p1a: Weezing\n|faint|p1a: Weezing\n|-end|p1a: Weezing|ability: Neutralizing Gas\n|-ability|p2a: Yveltal|Dark Aura\n|\n|upkeep\n|\n|t:|1699888217\n|switch|p1a: Charizard|Charizard, F, shiny|100\/100\n|turn|10\n|\n|t:|1699888222\n|detailschange|p1a: Charizard|Charizard-Mega-Y, F, shiny\n|-mega|p1a: Charizard|Charizard|Charizardite Y\n|-weather|SunnyDay|[from] ability: Drought|[of] p1a: Charizard\n|move|p1a: Charizard|Weather Ball|p2a: Yveltal\n|-damage|p2a: Yveltal|0 fnt\n|faint|p2a: Yveltal\n|\n|-weather|SunnyDay|[upkeep]\n|upkeep\n|\n|t:|1699888230\n|switch|p2a: Groudon|Groudon|100\/100\n|detailschange|p2a: Groudon|Groudon-Primal\n|-primal|p2a: Groudon|Red Orb\n|-weather|DesolateLand|[from] ability: Desolate Land|[of] p2a: Groudon\n|turn|11\n|\n|t:|1699888243\n|move|p1a: Charizard|Air Slash|p2a: Groudon\n|-damage|p2a: Groudon|68\/100\n|move|p2a: Groudon|Fire Punch|p1a: Charizard\n|-resisted|p1a: Charizard\n|-damage|p1a: Charizard|56\/100\n|\n|-weather|DesolateLand|[upkeep]\n|upkeep\n|turn|12\n|\n|t:|1699888249\n|move|p1a: Charizard|Air Slash|p2a: Groudon\n|-damage|p2a: Groudon|33\/100\n|move|p2a: Groudon|Fire Punch|p1a: Charizard\n|-resisted|p1a: Charizard\n|-damage|p1a: Charizard|12\/100\n|\n|-weather|DesolateLand|[upkeep]\n|upkeep\n|turn|13\n|\n|t:|1699888255\n|move|p1a: Charizard|Air Slash|p2a: Groudon\n|-damage|p2a: Groudon|2\/100\n|move|p2a: Groudon|Fire Punch|p1a: Charizard\n|-resisted|p1a: Charizard\n|-damage|p1a: Charizard|0 fnt\n|faint|p1a: Charizard\n|\n|win|KarmaKazama0\n|raw|greggyp's rating: 1299 &rarr; <strong>1282<\/strong><br \/>(-17 for losing)\n|raw|KarmaKazama0's rating: 1421 &rarr; <strong>1434<\/strong><br \/>(+13 for winning)\n|l|\u2606greggyp\n|c|\u2606KarmaKazama0|In all seriousness, I was just lucky for that low row. GG\n","uploadtime":1699888287,"views":11,"p1id":"greggyp","p2id":"karmakazama0","formatid":"gen9nationaldexubers","rating":1282,"private":0,"password":""}