{"id":"gen9nationaldexubers-1990831681","p1":"meghan machim 78","p2":"Quizzle_tip","format":"[Gen 9] National Dex Ubers","log":"|j|\u2606meghan machim 78\n|j|\u2606Quizzle_tip\n|t:|1700005395\n|gametype|singles\n|player|p1|meghan machim 78|pokemonranger-gen4|1116\n|player|p2|Quizzle_tip|n|1240\n|teamsize|p1|6\n|teamsize|p2|6\n|gen|9\n|tier|[Gen 9] National Dex Ubers\n|rated|\n|rule|HP Percentage Mod: HP is shown in percentages\n|rule|Endless Battle Clause: Forcing endless battles is banned\n|rule|OHKO Clause: OHKO moves are banned\n|rule|Evasion Moves Clause: Evasion moves are banned\n|rule|Evasion Items Clause: Evasion items are banned\n|rule|Species Clause: Limit one of each Pok\u00e9mon\n|rule|Sleep Clause Mod: Limit one foe put to sleep\n|rule|Mega Rayquaza Clause: You cannot mega evolve Rayquaza\n|clearpoke\n|poke|p1|Umbreon, M|\n|poke|p1|Groudon|\n|poke|p1|Kangaskhan, F|\n|poke|p1|Necrozma-Dusk-Mane|\n|poke|p1|Dachsbun, M|\n|poke|p1|Zapdos-Galar|\n|poke|p2|Hydreigon, F|\n|poke|p2|Raichu, F|\n|poke|p2|Mewtwo|\n|poke|p2|Aegislash, M|\n|poke|p2|Greninja-*, M|\n|poke|p2|Sylveon, F|\n|teampreview\n|\n|t:|1700005403\n|start\n|switch|p1a: Umbreon|Umbreon, M|100\/100\n|switch|p2a: Hydreigon|Hydreigon, F|100\/100\n|turn|1\n|inactive|Battle timer is ON: inactive players will automatically lose when time's up. (requested by meghan machim 78)\n|\n|t:|1700005412\n|move|p2a: Hydreigon|Stealth Rock|p1a: Umbreon\n|-sidestart|p1: meghan machim 78|move: Stealth Rock\n|move|p1a: Umbreon|Taunt|p2a: Hydreigon\n|-start|p2a: Hydreigon|move: Taunt\n|\n|upkeep\n|turn|2\n|\n|t:|1700005423\n|move|p2a: Hydreigon|Dragon Pulse|p1a: Umbreon\n|-damage|p1a: Umbreon|73\/100\n|-damage|p2a: Hydreigon|91\/100|[from] item: Life Orb\n|move|p1a: Umbreon|Snarl|p2a: Hydreigon\n|-resisted|p2a: Hydreigon\n|-damage|p2a: Hydreigon|83\/100\n|-unboost|p2a: Hydreigon|spa|1\n|\n|-heal|p1a: Umbreon|79\/100|[from] item: Leftovers\n|upkeep\n|turn|3\n|\n|t:|1700005433\n|switch|p2a: Sylveon|Sylveon, F|100\/100\n|move|p1a: Umbreon|Wish|p1a: Umbreon\n|\n|-heal|p1a: Umbreon|85\/100|[from] item: Leftovers\n|upkeep\n|turn|4\n|\n|t:|1700005437\n|-terastallize|p1a: Umbreon|Steel\n|move|p1a: Umbreon|Taunt|p2a: Sylveon\n|-start|p2a: Sylveon|move: Taunt\n|move|p2a: Sylveon|Hyper Voice|p1a: Umbreon\n|-resisted|p1a: Umbreon\n|-damage|p1a: Umbreon|66\/100\n|\n|-heal|p1a: Umbreon|100\/100|[from] move: Wish|[wisher] Umbreon\n|upkeep\n|turn|5\n|j| tsundere_asmr\n|\n|t:|1700005461\n|switch|p1a: Groudon|Groudon|100\/100\n|-damage|p1a: Groudon|94\/100|[from] Stealth Rock\n|detailschange|p1a: Groudon|Groudon-Primal\n|-primal|p1a: Groudon|Red Orb\n|-weather|DesolateLand|[from] ability: Desolate Land|[of] p1a: Groudon\n|switch|p2a: Raichu|Raichu, F|100\/100\n|\n|-weather|DesolateLand|[upkeep]\n|upkeep\n|turn|6\n|l| tsundere_asmr\n|\n|t:|1700005472\n|move|p2a: Raichu|Fake Out|p1a: Groudon\n|-damage|p1a: Groudon|87\/100\n|cant|p1a: Groudon|flinch\n|\n|-weather|DesolateLand|[upkeep]\n|upkeep\n|turn|7\n|\n|t:|1700005476\n|switch|p2a: Hydreigon|Hydreigon, F|83\/100\n|move|p1a: Groudon|Rock Polish|p1a: Groudon\n|-boost|p1a: Groudon|spe|2\n|\n|-weather|DesolateLand|[upkeep]\n|upkeep\n|turn|8\n|\n|t:|1700005480\n|move|p1a: Groudon|Thunder Wave|p2a: Hydreigon\n|-status|p2a: Hydreigon|par\n|move|p2a: Hydreigon|Dragon Pulse|p1a: Groudon\n|-damage|p1a: Groudon|29\/100\n|-damage|p2a: Hydreigon|73\/100 par|[from] item: Life Orb\n|\n|-weather|DesolateLand|[upkeep]\n|upkeep\n|turn|9\n|\n|t:|1700005487\n|move|p1a: Groudon|Heat Crash|p2a: Hydreigon\n|-resisted|p2a: Hydreigon\n|-damage|p2a: Hydreigon|0 fnt\n|faint|p2a: Hydreigon\n|\n|-weather|DesolateLand|[upkeep]\n|upkeep\n|\n|t:|1700005494\n|switch|p2a: Greninja|Greninja, M|100\/100\n|turn|10\n|\n|t:|1700005497\n|move|p1a: Groudon|Earthquake|p2a: Greninja\n|-damage|p2a: Greninja|0 fnt\n|faint|p2a: Greninja\n|\n|-weather|DesolateLand|[upkeep]\n|upkeep\n|\n|t:|1700005502\n|switch|p2a: Raichu|Raichu, F|100\/100\n|turn|11\n|\n|t:|1700005505\n|move|p2a: Raichu|Fake Out|p1a: Groudon\n|-damage|p1a: Groudon|21\/100\n|cant|p1a: Groudon|flinch\n|\n|-weather|DesolateLand|[upkeep]\n|upkeep\n|turn|12\n|\n|t:|1700005513\n|switch|p2a: Sylveon|Sylveon, F|100\/100\n|move|p1a: Groudon|Earthquake|p2a: Sylveon\n|-damage|p2a: Sylveon|14\/100\n|\n|-weather|DesolateLand|[upkeep]\n|upkeep\n|turn|13\n|\n|t:|1700005520\n|move|p1a: Groudon|Earthquake|p2a: Sylveon\n|-damage|p2a: Sylveon|0 fnt\n|faint|p2a: Sylveon\n|\n|-weather|DesolateLand|[upkeep]\n|upkeep\n|\n|t:|1700005522\n|switch|p2a: Raichu|Raichu, F|100\/100\n|turn|14\n|\n|t:|1700005524\n|move|p2a: Raichu|Fake Out|p1a: Groudon\n|-damage|p1a: Groudon|14\/100\n|cant|p1a: Groudon|flinch\n|\n|-weather|DesolateLand|[upkeep]\n|upkeep\n|turn|15\n|\n|t:|1700005527\n|move|p2a: Raichu|Extreme Speed|p1a: Groudon\n|-damage|p1a: Groudon|0 fnt\n|faint|p1a: Groudon\n|-weather|none\n|\n|upkeep\n|\n|t:|1700005533\n|switch|p1a: Kangaskhan|Kangaskhan, F|100\/100\n|-damage|p1a: Kangaskhan|88\/100|[from] Stealth Rock\n|turn|16\n|\n|t:|1700005540\n|detailschange|p1a: Kangaskhan|Kangaskhan-Mega, F\n|-mega|p1a: Kangaskhan|Kangaskhan|Kangaskhanite\n|move|p1a: Kangaskhan|Fake Out|p2a: Raichu\n|-damage|p2a: Raichu|58\/100\n|-damage|p2a: Raichu|46\/100\n|-status|p1a: Kangaskhan|par|[from] ability: Static|[of] p2a: Raichu\n|-hitcount|p2a: Raichu|2\n|cant|p2a: Raichu|flinch\n|\n|upkeep\n|turn|17\n|\n|t:|1700005547\n|move|p2a: Raichu|Volt Tackle|p1a: Kangaskhan\n|-damage|p1a: Kangaskhan|29\/100 par\n|-damage|p2a: Raichu|20\/100|[from] Recoil\n|cant|p1a: Kangaskhan|par\n|\n|upkeep\n|turn|18\n|\n|t:|1700005553\n|-terastallize|p2a: Raichu|Normal\n|move|p2a: Raichu|Extreme Speed|p1a: Kangaskhan\n|-damage|p1a: Kangaskhan|0 fnt\n|faint|p1a: Kangaskhan\n|\n|upkeep\n|\n|t:|1700005565\n|switch|p1a: Necrozma|Necrozma-Dusk-Mane|100\/100\n|-damage|p1a: Necrozma|95\/100|[from] Stealth Rock\n|turn|19\n|\n|t:|1700005569\n|move|p2a: Raichu|Nuzzle|p1a: Necrozma\n|-damage|p1a: Necrozma|86\/100\n|-status|p1a: Necrozma|par\n|cant|p1a: Necrozma|par\n|\n|upkeep\n|turn|20\n|\n|t:|1700005583\n|switch|p2a: Mewtwo|Mewtwo|100\/100\n|-ability|p2a: Mewtwo|Pressure\n|move|p1a: Necrozma|Earthquake|p2a: Mewtwo\n|-damage|p2a: Mewtwo|54\/100\n|\n|upkeep\n|turn|21\n|\n|t:|1700005588\n|detailschange|p2a: Mewtwo|Mewtwo-Mega-Y\n|-mega|p2a: Mewtwo|Mewtwo|Mewtwonite Y\n|move|p2a: Mewtwo|Shadow Ball|p1a: Necrozma\n|-supereffective|p1a: Necrozma\n|-damage|p1a: Necrozma|29\/100 par\n|-unboost|p1a: Necrozma|spd|1\n|-enditem|p1a: Necrozma|Weakness Policy\n|-boost|p1a: Necrozma|atk|2|[from] item: Weakness Policy\n|-boost|p1a: Necrozma|spa|2|[from] item: Weakness Policy\n|move|p1a: Necrozma|Sunsteel Strike|p2a: Mewtwo\n|-damage|p2a: Mewtwo|0 fnt\n|faint|p2a: Mewtwo\n|\n|upkeep\n|\n|t:|1700005598\n|switch|p2a: Aegislash|Aegislash, M, shiny|100\/100\n|turn|22\n|\n|t:|1700005607\n|-formechange|p2a: Aegislash|Aegislash-Blade||[from] ability: Stance Change\n|move|p2a: Aegislash|Shadow Sneak|p1a: Necrozma\n|-supereffective|p1a: Necrozma\n|-damage|p1a: Necrozma|0 fnt\n|faint|p1a: Necrozma\n|\n|upkeep\n|\n|t:|1700005612\n|switch|p1a: Umbreon|Umbreon, M, tera:Steel|100\/100\n|-damage|p1a: Umbreon|94\/100|[from] Stealth Rock\n|turn|23\n|\n|t:|1700005625\n|switch|p2a: Raichu|Raichu, F, tera:Normal|20\/100\n|move|p1a: Umbreon|Wish|p1a: Umbreon\n|\n|-heal|p1a: Umbreon|100\/100|[from] item: Leftovers\n|upkeep\n|turn|24\n|\n|t:|1700005628\n|move|p2a: Raichu|Fake Out|p1a: Umbreon\n|-resisted|p1a: Umbreon\n|-damage|p1a: Umbreon|94\/100\n|cant|p1a: Umbreon|flinch\n|\n|-heal|p1a: Umbreon|100\/100|[from] move: Wish|[wisher] Umbreon\n|upkeep\n|turn|25\n|\n|t:|1700005633\n|move|p2a: Raichu|Nuzzle|p1a: Umbreon\n|-damage|p1a: Umbreon|92\/100\n|-status|p1a: Umbreon|par\n|-activate|p1a: Umbreon|ability: Synchronize\n|-status|p2a: Raichu|par\n|move|p1a: Umbreon|Snarl|p2a: Raichu\n|-damage|p2a: Raichu|0 fnt\n|faint|p2a: Raichu\n|\n|-heal|p1a: Umbreon|98\/100 par|[from] item: Leftovers\n|upkeep\n|\n|t:|1700005641\n|switch|p2a: Aegislash|Aegislash, M, shiny|100\/100\n|turn|26\n|\n|t:|1700005645\n|move|p2a: Aegislash|Swords Dance|p2a: Aegislash\n|-boost|p2a: Aegislash|atk|2\n|cant|p1a: Umbreon|par\n|\n|-heal|p1a: Umbreon|100\/100 par|[from] item: Leftovers\n|upkeep\n|turn|27\n|\n|t:|1700005651\n|move|p2a: Aegislash|Swords Dance|p2a: Aegislash\n|-boost|p2a: Aegislash|atk|2\n|move|p1a: Umbreon|Snarl|p2a: Aegislash\n|-supereffective|p2a: Aegislash\n|-damage|p2a: Aegislash|82\/100\n|-unboost|p2a: Aegislash|spa|1\n|\n|-heal|p2a: Aegislash|88\/100|[from] item: Leftovers\n|upkeep\n|turn|28\n|\n|t:|1700005658\n|move|p2a: Aegislash|Swords Dance|p2a: Aegislash\n|-boost|p2a: Aegislash|atk|2\n|move|p1a: Umbreon|Snarl|p2a: Aegislash|[miss]\n|-miss|p1a: Umbreon|p2a: Aegislash\n|\n|-heal|p2a: Aegislash|94\/100|[from] item: Leftovers\n|upkeep\n|turn|29\n|\n|t:|1700005661\n|-formechange|p2a: Aegislash|Aegislash-Blade||[from] ability: Stance Change\n|move|p2a: Aegislash|Iron Head|p1a: Umbreon\n|-resisted|p1a: Umbreon\n|-damage|p1a: Umbreon|27\/100 par\n|move|p1a: Umbreon|Snarl|p2a: Aegislash\n|-supereffective|p2a: Aegislash\n|-damage|p2a: Aegislash|44\/100\n|-unboost|p2a: Aegislash|spa|1\n|\n|-heal|p2a: Aegislash|50\/100|[from] item: Leftovers\n|-heal|p1a: Umbreon|33\/100 par|[from] item: Leftovers\n|upkeep\n|turn|30\n|\n|t:|1700005672\n|move|p1a: Umbreon|Protect|p1a: Umbreon\n|-singleturn|p1a: Umbreon|Protect\n|move|p2a: Aegislash|Shadow Sneak|p1a: Umbreon\n|-activate|p1a: Umbreon|move: Protect\n|\n|-heal|p2a: Aegislash|57\/100|[from] item: Leftovers\n|-heal|p1a: Umbreon|40\/100 par|[from] item: Leftovers\n|upkeep\n|turn|31\n|\n|t:|1700005677\n|move|p2a: Aegislash|Shadow Sneak|p1a: Umbreon\n|-damage|p1a: Umbreon|0 fnt\n|faint|p1a: Umbreon\n|\n|-heal|p2a: Aegislash|63\/100|[from] item: Leftovers\n|upkeep\n|\n|t:|1700005680\n|switch|p1a: Zapdos|Zapdos-Galar|100\/100\n|turn|32\n|\n|t:|1700005686\n|-formechange|p2a: Aegislash|Aegislash||[from] ability: Stance Change\n|move|p2a: Aegislash|King's Shield|p2a: Aegislash\n|-singleturn|p2a: Aegislash|Protect\n|move|p1a: Zapdos|Drill Peck|p2a: Aegislash\n|-activate|p2a: Aegislash|move: Protect\n|-unboost|p1a: Zapdos|atk|1\n|-ability|p1a: Zapdos|Defiant|boost\n|-boost|p1a: Zapdos|atk|2\n|\n|-heal|p2a: Aegislash|69\/100|[from] item: Leftovers\n|upkeep\n|turn|33\n|\n|t:|1700005699\n|-formechange|p2a: Aegislash|Aegislash-Blade||[from] ability: Stance Change\n|move|p2a: Aegislash|Shadow Sneak|p1a: Zapdos\n|-damage|p1a: Zapdos|0 fnt\n|faint|p1a: Zapdos\n|\n|-heal|p2a: Aegislash|75\/100|[from] item: Leftovers\n|upkeep\n|-message|meghan machim 78 forfeited.\n|\n|win|Quizzle_tip\n|raw|meghan machim 78's rating: 1116 &rarr; <strong>1100<\/strong><br \/>(-16 for losing)\n|raw|Quizzle_tip's rating: 1240 &rarr; <strong>1256<\/strong><br \/>(+16 for winning)\n|l|\u2606meghan machim 78\n","uploadtime":1700005718,"views":27,"p1id":"meghanmachim78","p2id":"quizzletip","formatid":"gen9nationaldexubers","rating":1100,"private":0,"password":""}