{"id":"gen9nationaldexubers-1982681670","p1":"ktxr1ze","p2":"Deletta","format":"[Gen 9] National Dex Ubers","log":"|j|\u2606ktxr1ze\n|j|\u2606Deletta\n|t:|1699035371\n|gametype|singles\n|player|p1|ktxr1ze|steven|1256\n|player|p2|Deletta|fisherman-gen4|1328\n|teamsize|p1|6\n|teamsize|p2|6\n|gen|9\n|tier|[Gen 9] National Dex Ubers\n|rated|\n|rule|HP Percentage Mod: HP is shown in percentages\n|rule|Endless Battle Clause: Forcing endless battles is banned\n|rule|OHKO Clause: OHKO moves are banned\n|rule|Evasion Moves Clause: Evasion moves are banned\n|rule|Evasion Items Clause: Evasion items are banned\n|rule|Species Clause: Limit one of each Pok\u00e9mon\n|rule|Sleep Clause Mod: Limit one foe put to sleep\n|rule|Mega Rayquaza Clause: You cannot mega evolve Rayquaza\n|clearpoke\n|poke|p1|Manectric, M|\n|poke|p1|Jumpluff, F|\n|poke|p1|Skeledirge, F|\n|poke|p1|Landorus-Therian, M|\n|poke|p1|Mandibuzz, F|\n|poke|p1|Dracovish|\n|poke|p2|Mewtwo|\n|poke|p2|Excadrill, M|\n|poke|p2|Wo-Chien|\n|poke|p2|Baxcalibur, F|\n|poke|p2|Ninetales-Alola, F|\n|poke|p2|Zygarde|\n|teampreview\n|\n|t:|1699035379\n|start\n|switch|p1a: Jumpluff|Jumpluff, F|100\/100\n|switch|p2a: Cachorro sa\u00e3o|Ninetales-Alola, F|100\/100\n|-weather|Snow|[from] ability: Snow Warning|[of] p2a: Cachorro sa\u00e3o\n|turn|1\n|\n|t:|1699035393\n|move|p1a: Jumpluff|Substitute|p1a: Jumpluff\n|-start|p1a: Jumpluff|Substitute\n|-damage|p1a: Jumpluff|76\/100\n|move|p2a: Cachorro sa\u00e3o|Aurora Veil|p2a: Cachorro sa\u00e3o\n|-sidestart|p2: Deletta|move: Aurora Veil\n|\n|-weather|Snow|[upkeep]\n|-heal|p1a: Jumpluff|82\/100|[from] item: Leftovers\n|upkeep\n|turn|2\n|\n|t:|1699035399\n|move|p1a: Jumpluff|Leech Seed|p2a: Cachorro sa\u00e3o\n|-start|p2a: Cachorro sa\u00e3o|move: Leech Seed\n|move|p2a: Cachorro sa\u00e3o|Blizzard|p1a: Jumpluff\n|-supereffective|p1a: Jumpluff\n|-end|p1a: Jumpluff|Substitute\n|\n|-weather|Snow|[upkeep]\n|-heal|p1a: Jumpluff|88\/100|[from] item: Leftovers\n|-damage|p2a: Cachorro sa\u00e3o|88\/100|[from] Leech Seed|[of] p1a: Jumpluff\n|-heal|p1a: Jumpluff|98\/100|[silent]\n|upkeep\n|turn|3\n|\n|t:|1699035407\n|move|p1a: Jumpluff|Substitute|p1a: Jumpluff\n|-start|p1a: Jumpluff|Substitute\n|-damage|p1a: Jumpluff|73\/100\n|move|p2a: Cachorro sa\u00e3o|Blizzard|p1a: Jumpluff\n|-supereffective|p1a: Jumpluff\n|-end|p1a: Jumpluff|Substitute\n|\n|-weather|Snow|[upkeep]\n|-heal|p1a: Jumpluff|79\/100|[from] item: Leftovers\n|-damage|p2a: Cachorro sa\u00e3o|76\/100|[from] Leech Seed|[of] p1a: Jumpluff\n|-heal|p1a: Jumpluff|89\/100|[silent]\n|upkeep\n|turn|4\n|\n|t:|1699035425\n|switch|p2a: Bagre|Baxcalibur, F|100\/100\n|move|p1a: Jumpluff|Substitute|p1a: Jumpluff\n|-start|p1a: Jumpluff|Substitute\n|-damage|p1a: Jumpluff|64\/100\n|\n|-weather|Snow|[upkeep]\n|-heal|p1a: Jumpluff|71\/100|[from] item: Leftovers\n|upkeep\n|turn|5\n|\n|t:|1699035434\n|move|p1a: Jumpluff|Leech Seed|p2a: Bagre\n|-start|p2a: Bagre|move: Leech Seed\n|move|p2a: Bagre|Icicle Spear|p1a: Jumpluff\n|-supereffective|p1a: Jumpluff\n|-end|p1a: Jumpluff|Substitute\n|-supereffective|p1a: Jumpluff\n|-damage|p1a: Jumpluff|0 fnt\n|faint|p1a: Jumpluff\n|-hitcount|p1: Jumpluff|2\n|\n|-weather|none\n|upkeep\n|\n|t:|1699035445\n|switch|p1a: Dracovish|Dracovish|100\/100\n|turn|6\n|\n|t:|1699035453\n|switch|p1a: Skeledirge|Skeledirge, F, shiny|100\/100\n|move|p2a: Bagre|Scale Shot|p1a: Skeledirge\n|-damage|p1a: Skeledirge|89\/100\n|-damage|p1a: Skeledirge|77\/100\n|-damage|p1a: Skeledirge|65\/100\n|-damage|p1a: Skeledirge|53\/100\n|-damage|p1a: Skeledirge|40\/100\n|-hitcount|p1a: Skeledirge|5\n|-unboost|p2a: Bagre|def|1\n|-boost|p2a: Bagre|spe|1\n|\n|-heal|p1a: Skeledirge|46\/100|[from] item: Leftovers\n|-damage|p2a: Bagre|88\/100|[from] Leech Seed|[of] p1a: Skeledirge\n|-heal|p1a: Skeledirge|58\/100|[silent]\n|upkeep\n|turn|7\n|\n|t:|1699035466\n|move|p2a: Bagre|Scale Shot|p1a: Skeledirge\n|-damage|p1a: Skeledirge|46\/100\n|-damage|p1a: Skeledirge|34\/100\n|-damage|p1a: Skeledirge|21\/100\n|-damage|p1a: Skeledirge|10\/100\n|-hitcount|p1a: Skeledirge|4\n|-unboost|p2a: Bagre|def|1\n|-boost|p2a: Bagre|spe|1\n|move|p1a: Skeledirge|Slack Off|p1a: Skeledirge\n|-heal|p1a: Skeledirge|60\/100\n|\n|-heal|p1a: Skeledirge|66\/100|[from] item: Leftovers\n|-damage|p2a: Bagre|76\/100|[from] Leech Seed|[of] p1a: Skeledirge\n|-heal|p1a: Skeledirge|77\/100|[silent]\n|upkeep\n|turn|8\n|\n|t:|1699035493\n|move|p2a: Bagre|Dragon Dance|p2a: Bagre\n|-boost|p2a: Bagre|atk|1\n|-boost|p2a: Bagre|spe|1\n|move|p1a: Skeledirge|Slack Off|p1a: Skeledirge\n|-heal|p1a: Skeledirge|100\/100\n|\n|-damage|p2a: Bagre|63\/100|[from] Leech Seed|[of] p1a: Skeledirge\n|-sideend|p2: Deletta|move: Aurora Veil\n|upkeep\n|turn|9\n|\n|t:|1699035503\n|move|p2a: Bagre|Earthquake|p1a: Skeledirge\n|-supereffective|p1a: Skeledirge\n|-damage|p1a: Skeledirge|37\/100\n|move|p1a: Skeledirge|Will-O-Wisp|p2a: Bagre\n|-immune|p2a: Bagre|[from] ability: Thermal Exchange\n|\n|-heal|p1a: Skeledirge|43\/100|[from] item: Leftovers\n|-damage|p2a: Bagre|51\/100|[from] Leech Seed|[of] p1a: Skeledirge\n|-heal|p1a: Skeledirge|54\/100|[silent]\n|upkeep\n|turn|10\n|\n|t:|1699035509\n|move|p2a: Bagre|Earthquake|p1a: Skeledirge\n|-supereffective|p1a: Skeledirge\n|-damage|p1a: Skeledirge|0 fnt\n|faint|p1a: Skeledirge\n|\n|upkeep\n|inactive|Battle timer is ON: inactive players will automatically lose when time's up. (requested by Deletta)\n|inactive|ktxr1ze has 120 seconds left.\n|\n|t:|1699035592\n|switch|p1a: Landorus|Landorus-Therian, M|100\/100\n|-ability|p1a: Landorus|Intimidate|boost\n|-unboost|p2a: Bagre|atk|1\n|turn|11\n|\n|t:|1699035601\n|move|p2a: Bagre|Icicle Spear|p1a: Landorus\n|-supereffective|p1a: Landorus\n|-damage|p1a: Landorus|29\/100\n|-supereffective|p1a: Landorus\n|-damage|p1a: Landorus|0 fnt\n|faint|p1a: Landorus\n|-hitcount|p1: Landorus|2\n|\n|upkeep\n|\n|t:|1699035607\n|switch|p1a: Manectric|Manectric, M, shiny|100\/100\n|turn|12\n|\n|t:|1699035637\n|switch|p1a: Mandibuzz|Mandibuzz, F|100\/100\n|move|p2a: Bagre|Icicle Spear|p1a: Mandibuzz\n|-supereffective|p1a: Mandibuzz\n|-damage|p1a: Mandibuzz|80\/100\n|-supereffective|p1a: Mandibuzz\n|-damage|p1a: Mandibuzz|60\/100\n|-supereffective|p1a: Mandibuzz\n|-damage|p1a: Mandibuzz|40\/100\n|-supereffective|p1a: Mandibuzz\n|-damage|p1a: Mandibuzz|22\/100\n|-supereffective|p1a: Mandibuzz\n|-damage|p1a: Mandibuzz|3\/100\n|-hitcount|p1a: Mandibuzz|5\n|\n|-damage|p2a: Bagre|39\/100|[from] Leech Seed|[of] p1a: Mandibuzz\n|-heal|p1a: Mandibuzz|14\/100|[silent]\n|upkeep\n|turn|13\n|inactive|Deletta has 120 seconds left.\n|inactive|ktxr1ze has 120 seconds left.\n|inactive|ktxr1ze has 90 seconds left.\n|\n|t:|1699035715\n|move|p2a: Bagre|Scale Shot|p1a: Mandibuzz\n|-damage|p1a: Mandibuzz|4\/100\n|-damage|p1a: Mandibuzz|0 fnt\n|faint|p1a: Mandibuzz\n|-hitcount|p1: Mandibuzz|2\n|-unboost|p2a: Bagre|def|1\n|-boost|p2a: Bagre|spe|1\n|\n|upkeep\n|\n|t:|1699035719\n|switch|p1a: Manectric|Manectric, M, shiny|100\/100\n|turn|14\n|\n|t:|1699035730\n|detailschange|p1a: Manectric|Manectric-Mega, M, shiny\n|-mega|p1a: Manectric|Manectric|Manectite\n|-ability|p1a: Manectric|Intimidate|boost\n|-unboost|p2a: Bagre|atk|1\n|move|p2a: Bagre|Scale Shot|p1a: Manectric\n|-damage|p1a: Manectric|86\/100\n|-damage|p1a: Manectric|70\/100\n|-damage|p1a: Manectric|55\/100\n|-damage|p1a: Manectric|38\/100\n|-damage|p1a: Manectric|21\/100\n|-hitcount|p1a: Manectric|5\n|-unboost|p2a: Bagre|def|1\n|-boost|p2a: Bagre|spe|1\n|move|p1a: Manectric|Thunderbolt|p2a: Bagre\n|-resisted|p2a: Bagre\n|-damage|p2a: Bagre|13\/100\n|-status|p2a: Bagre|par\n|\n|-damage|p2a: Bagre|1\/100 par|[from] Leech Seed|[of] p1a: Manectric\n|-heal|p1a: Manectric|38\/100|[silent]\n|upkeep\n|turn|15\n|inactive|Deletta has 120 seconds left.\n|\n|t:|1699035749\n|move|p2a: Bagre|Scale Shot|p1a: Manectric\n|-damage|p1a: Manectric|22\/100\n|-damage|p1a: Manectric|7\/100\n|-damage|p1a: Manectric|0 fnt\n|faint|p1a: Manectric\n|-hitcount|p1: Manectric|3\n|-unboost|p2a: Bagre|def|1\n|-boost|p2a: Bagre|spe|1\n|\n|upkeep\n|\n|t:|1699035754\n|switch|p1a: Dracovish|Dracovish|100\/100\n|turn|16\n|\n|t:|1699035761\n|move|p2a: Bagre|Scale Shot|p1a: Dracovish\n|-supereffective|p1a: Dracovish\n|-damage|p1a: Dracovish|77\/100\n|-supereffective|p1a: Dracovish\n|-damage|p1a: Dracovish|53\/100\n|-supereffective|p1a: Dracovish\n|-damage|p1a: Dracovish|29\/100\n|-supereffective|p1a: Dracovish\n|-damage|p1a: Dracovish|8\/100\n|-hitcount|p1a: Dracovish|4\n|-unboost|p2a: Bagre|def|1\n|move|p1a: Dracovish|Fishious Rend|p2a: Bagre\n|-resisted|p2a: Bagre\n|-damage|p2a: Bagre|0 fnt\n|faint|p2a: Bagre\n|\n|upkeep\n|\n|t:|1699035776\n|switch|p2a: CNPJoto|Mewtwo|100\/100\n|-ability|p2a: CNPJoto|Pressure\n|turn|17\n|\n|t:|1699035780\n|detailschange|p2a: CNPJoto|Mewtwo-Mega-Y\n|-mega|p2a: CNPJoto|Mewtwo|Mewtwonite Y\n|move|p1a: Dracovish|Fishious Rend|p2a: CNPJoto\n|-damage|p2a: CNPJoto|0 fnt\n|faint|p2a: CNPJoto\n|\n|upkeep\n|\n|t:|1699035787\n|switch|p2a: Monge chines|Wo-Chien|100\/100\n|-ability|p2a: Monge chines|Tablets of Ruin\n|turn|18\n|\n|t:|1699035791\n|move|p1a: Dracovish|Fishious Rend|p2a: Monge chines\n|-resisted|p2a: Monge chines\n|-damage|p2a: Monge chines|66\/100\n|move|p2a: Monge chines|Giga Drain|p1a: Dracovish\n|-damage|p1a: Dracovish|0 fnt\n|-heal|p2a: Monge chines|69\/100|[from] drain|[of] p1a: Dracovish\n|faint|p1a: Dracovish\n|\n|win|Deletta\n|raw|ktxr1ze's rating: 1256 &rarr; <strong>1236<\/strong><br \/>(-20 for losing)\n|raw|Deletta's rating: 1328 &rarr; <strong>1344<\/strong><br \/>(+16 for winning)\n|l|\u2606ktxr1ze\n","uploadtime":1699035799,"views":11,"p1id":"ktxr1ze","p2id":"deletta","formatid":"gen9nationaldexubers","rating":1236,"private":0,"password":""}