{"id":"gen9nationaldexubers-1983568343","p1":"Kitsune0xFF","p2":"KurumiTokisakilove","format":"[Gen 9] National Dex Ubers","log":"|j|\u2606Kitsune0xFF\n|j|\u2606KurumiTokisakilove\n|t:|1699144357\n|gametype|singles\n|player|p1|Kitsune0xFF|hexmaniac-gen6|1641\n|player|p2|KurumiTokisakilove|sabrina-gen2|1957\n|teamsize|p1|6\n|teamsize|p2|6\n|gen|9\n|tier|[Gen 9] National Dex Ubers\n|rated|\n|rule|HP Percentage Mod: HP is shown in percentages\n|rule|Endless Battle Clause: Forcing endless battles is banned\n|rule|OHKO Clause: OHKO moves are banned\n|rule|Evasion Moves Clause: Evasion moves are banned\n|rule|Evasion Items Clause: Evasion items are banned\n|rule|Species Clause: Limit one of each Pok\u00e9mon\n|rule|Sleep Clause Mod: Limit one foe put to sleep\n|rule|Mega Rayquaza Clause: You cannot mega evolve Rayquaza\n|clearpoke\n|poke|p1|Kyurem-Black|\n|poke|p1|Groudon|\n|poke|p1|Zygarde|\n|poke|p1|Xerneas-*|\n|poke|p1|Arceus-Ground|\n|poke|p1|Yveltal|\n|poke|p2|Zygarde|\n|poke|p2|Magearna|\n|poke|p2|Ditto|\n|poke|p2|Rayquaza|\n|poke|p2|Arceus-Water|\n|poke|p2|Necrozma-Dusk-Mane|\n|teampreview\n|inactive|Battle timer is ON: inactive players will automatically lose when time's up. (requested by KurumiTokisakilove)\n|\n|t:|1699144369\n|start\n|switch|p1a: Arceus|Arceus-Ground|100\/100\n|switch|p2a: Rayquaza|Rayquaza|100\/100\n|-ability|p2a: Rayquaza|Air Lock\n|turn|1\n|\n|t:|1699144394\n|move|p1a: Arceus|Will-O-Wisp|p2a: Rayquaza\n|-status|p2a: Rayquaza|brn\n|move|p2a: Rayquaza|Dragon Dance|p2a: Rayquaza\n|-boost|p2a: Rayquaza|atk|1\n|-boost|p2a: Rayquaza|spe|1\n|\n|-damage|p2a: Rayquaza|95\/100 brn|[from] brn\n|upkeep\n|turn|2\n|\n|t:|1699144401\n|move|p2a: Rayquaza|Dragon Ascent|p1a: Arceus\n|-damage|p1a: Arceus|69\/100\n|-unboost|p2a: Rayquaza|def|1\n|-unboost|p2a: Rayquaza|spd|1\n|move|p1a: Arceus|Taunt|p2a: Rayquaza\n|-start|p2a: Rayquaza|move: Taunt\n|\n|-damage|p2a: Rayquaza|89\/100 brn|[from] brn\n|upkeep\n|turn|3\n|\n|t:|1699144408\n|switch|p1a: Groudon|Groudon|100\/100\n|detailschange|p1a: Groudon|Groudon-Primal\n|-primal|p1a: Groudon|Red Orb\n|-weather|DesolateLand|[from] ability: Desolate Land|[of] p1a: Groudon\n|move|p2a: Rayquaza|Dragon Ascent|p1a: Groudon\n|-damage|p1a: Groudon|76\/100\n|-unboost|p2a: Rayquaza|def|1\n|-unboost|p2a: Rayquaza|spd|1\n|\n|-weather|DesolateLand|[upkeep]\n|-damage|p2a: Rayquaza|83\/100 brn|[from] brn\n|upkeep\n|turn|4\n|\n|t:|1699144419\n|move|p2a: Rayquaza|Earthquake|p1a: Groudon\n|-supereffective|p1a: Groudon\n|-damage|p1a: Groudon|51\/100\n|move|p1a: Groudon|Roar|p2a: Rayquaza\n|drag|p2a: Arceus|Arceus-Water|100\/100\n|\n|-weather|DesolateLand|[upkeep]\n|upkeep\n|turn|5\n|\n|t:|1699144426\n|move|p2a: Arceus|Taunt|p1a: Groudon\n|-start|p1a: Groudon|move: Taunt\n|cant|p1a: Groudon|move: Taunt|Stealth Rock\n|\n|-weather|DesolateLand|[upkeep]\n|upkeep\n|turn|6\n|\n|t:|1699144428\n|move|p2a: Arceus|Toxic|p1a: Groudon\n|-status|p1a: Groudon|tox\n|move|p1a: Groudon|Earthquake|p2a: Arceus\n|-damage|p2a: Arceus|64\/100\n|\n|-weather|DesolateLand|[upkeep]\n|-damage|p1a: Groudon|45\/100 tox|[from] psn\n|upkeep\n|turn|7\n|\n|t:|1699144437\n|move|p2a: Arceus|Recover|p2a: Arceus\n|-heal|p2a: Arceus|100\/100\n|move|p1a: Groudon|Earthquake|p2a: Arceus\n|-damage|p2a: Arceus|65\/100\n|\n|-weather|DesolateLand|[upkeep]\n|-damage|p1a: Groudon|32\/100 tox|[from] psn\n|-end|p1a: Groudon|move: Taunt\n|upkeep\n|turn|8\n|\n|t:|1699144441\n|move|p2a: Arceus|Taunt|p1a: Groudon\n|-start|p1a: Groudon|move: Taunt\n|move|p1a: Groudon|Earthquake|p2a: Arceus\n|-damage|p2a: Arceus|26\/100\n|\n|-weather|DesolateLand|[upkeep]\n|-damage|p1a: Groudon|14\/100 tox|[from] psn\n|upkeep\n|turn|9\n|\n|t:|1699144448\n|move|p2a: Arceus|Recover|p2a: Arceus\n|-heal|p2a: Arceus|76\/100\n|move|p1a: Groudon|Earthquake|p2a: Arceus\n|-damage|p2a: Arceus|37\/100\n|\n|-weather|DesolateLand|[upkeep]\n|-damage|p1a: Groudon|0 fnt|[from] psn\n|faint|p1a: Groudon\n|-weather|none\n|upkeep\n|\n|t:|1699144453\n|switch|p1a: Arceus|Arceus-Ground|69\/100\n|turn|10\n|\n|t:|1699144457\n|move|p1a: Arceus|Taunt|p2a: Arceus\n|-start|p2a: Arceus|move: Taunt\n|cant|p2a: Arceus|move: Taunt|Taunt\n|\n|upkeep\n|turn|11\n|\n|t:|1699144463\n|move|p1a: Arceus|Judgment|p2a: Arceus\n|-damage|p2a: Arceus|8\/100\n|move|p2a: Arceus|Judgment|p1a: Arceus\n|-supereffective|p1a: Arceus\n|-crit|p1a: Arceus\n|-damage|p1a: Arceus|0 fnt\n|faint|p1a: Arceus\n|\n|upkeep\n|\n|t:|1699144486\n|switch|p1a: Yveltal|Yveltal|100\/100\n|-ability|p1a: Yveltal|Dark Aura\n|turn|12\n|\n|t:|1699144490\n|switch|p2a: Magearna|Magearna|100\/100\n|move|p1a: Yveltal|Dark Pulse|p2a: Magearna\n|-resisted|p2a: Magearna\n|-damage|p2a: Magearna|88\/100\n|\n|upkeep\n|turn|13\n|\n|t:|1699144496\n|move|p1a: Yveltal|Taunt|p2a: Magearna\n|-start|p2a: Magearna|move: Taunt\n|move|p2a: Magearna|Fleur Cannon|p1a: Yveltal\n|-supereffective|p1a: Yveltal\n|-damage|p1a: Yveltal|43\/100\n|-unboost|p2a: Magearna|spa|2\n|\n|upkeep\n|turn|14\n|\n|t:|1699144504\n|move|p1a: Yveltal|Roost|p1a: Yveltal\n|-heal|p1a: Yveltal|93\/100\n|-singleturn|p1a: Yveltal|move: Roost\n|move|p2a: Magearna|Fleur Cannon|p1a: Yveltal\n|-supereffective|p1a: Yveltal\n|-damage|p1a: Yveltal|62\/100\n|-unboost|p2a: Magearna|spa|2\n|\n|upkeep\n|turn|15\n|\n|t:|1699144513\n|switch|p2a: Arceus|Arceus-Water|8\/100\n|move|p1a: Yveltal|Dark Pulse|p2a: Arceus\n|-damage|p2a: Arceus|0 fnt\n|faint|p2a: Arceus\n|\n|upkeep\n|\n|t:|1699144518\n|switch|p2a: Magearna|Magearna|88\/100\n|turn|16\n|\n|t:|1699144521\n|move|p1a: Yveltal|Taunt|p2a: Magearna\n|-start|p2a: Magearna|move: Taunt\n|cant|p2a: Magearna|move: Taunt|Heal Bell\n|\n|upkeep\n|turn|17\n|\n|t:|1699144527\n|switch|p2a: Zygarde|Zygarde, shiny|100\/100\n|move|p1a: Yveltal|Roost|p1a: Yveltal\n|-heal|p1a: Yveltal|100\/100\n|-singleturn|p1a: Yveltal|move: Roost\n|\n|upkeep\n|turn|18\n|\n|t:|1699144532\n|move|p2a: Zygarde|Thousand Arrows|p1a: Yveltal\n|-damage|p1a: Yveltal|71\/100\n|-start|p1a: Yveltal|Smack Down\n|move|p1a: Yveltal|Taunt|p2a: Zygarde\n|-start|p2a: Zygarde|move: Taunt\n|\n|upkeep\n|turn|19\n|\n|t:|1699144537\n|switch|p2a: Magearna|Magearna|88\/100\n|switch|p1a: Kyurem|Kyurem-Black, shiny|100\/100\n|-ability|p1a: Kyurem|Teravolt\n|\n|upkeep\n|turn|20\n|\n|t:|1699144544\n|move|p1a: Kyurem|Substitute|p1a: Kyurem\n|-start|p1a: Kyurem|Substitute\n|-damage|p1a: Kyurem|76\/100\n|move|p2a: Magearna|Fleur Cannon|p1a: Kyurem|[miss]\n|-miss|p2a: Magearna|p1a: Kyurem\n|\n|upkeep\n|turn|21\n|\n|t:|1699144555\n|move|p1a: Kyurem|Dragon Dance|p1a: Kyurem\n|-boost|p1a: Kyurem|atk|1\n|-boost|p1a: Kyurem|spe|1\n|move|p2a: Magearna|Fleur Cannon|p1a: Kyurem\n|-supereffective|p1a: Kyurem\n|-end|p1a: Kyurem|Substitute\n|-unboost|p2a: Magearna|spa|2\n|\n|upkeep\n|turn|22\n|\n|t:|1699144562\n|-terastallize|p1a: Kyurem|Electric\n|move|p1a: Kyurem|Substitute|p1a: Kyurem\n|-start|p1a: Kyurem|Substitute\n|-damage|p1a: Kyurem|51\/100\n|move|p2a: Magearna|Heart Swap|p1a: Kyurem\n|-swapboost|p2a: Magearna|p1a: Kyurem|[from] move: Heart Swap\n|\n|upkeep\n|turn|23\n|\n|t:|1699144569\n|move|p1a: Kyurem|Dragon Dance|p1a: Kyurem\n|-boost|p1a: Kyurem|atk|1\n|-boost|p1a: Kyurem|spe|1\n|move|p2a: Magearna|Fleur Cannon|p1a: Kyurem\n|-end|p1a: Kyurem|Substitute\n|-unboost|p2a: Magearna|spa|2\n|\n|upkeep\n|turn|24\n|\n|t:|1699144580\n|switch|p2a: Ditto|Ditto, shiny|100\/100\n|-transform|p2a: Ditto|p1a: Kyurem|[from] ability: Imposter\n|-ability|p2a: Ditto|Teravolt\n|move|p1a: Kyurem|Dragon Dance|p1a: Kyurem\n|-boost|p1a: Kyurem|atk|1\n|-boost|p1a: Kyurem|spe|1\n|\n|upkeep\n|-start|p2a: Ditto|typechange|Dragon\/Ice|[silent]\n|turn|25\n|\n|t:|1699144590\n|switch|p2a: Rayquaza|Rayquaza|83\/100 brn\n|-ability|p2a: Rayquaza|Air Lock\n|move|p1a: Kyurem|Icicle Spear|p2a: Rayquaza\n|-supereffective|p2a: Rayquaza\n|-damage|p2a: Rayquaza|0 fnt\n|faint|p2a: Rayquaza\n|-hitcount|p2: Rayquaza|1\n|\n|upkeep\n|\n|t:|1699144592\n|switch|p2a: Ditto|Ditto, shiny|100\/100\n|-transform|p2a: Ditto|p1a: Kyurem|[from] ability: Imposter\n|-ability|p2a: Ditto|Teravolt\n|-start|p2a: Ditto|typechange|Dragon\/Ice|[silent]\n|turn|26\n|\n|t:|1699144602\n|move|p2a: Ditto|Icicle Spear|p1a: Kyurem\n|-damage|p1a: Kyurem|29\/100\n|-damage|p1a: Kyurem|6\/100\n|-hitcount|p1a: Kyurem|2\n|move|p1a: Kyurem|Icicle Spear|p2a: Ditto\n|-damage|p2a: Ditto|70\/100\n|-damage|p2a: Ditto|41\/100\n|-damage|p2a: Ditto|13\/100\n|-damage|p2a: Ditto|0 fnt\n|faint|p2a: Ditto\n|-hitcount|p2: Ditto|4\n|\n|upkeep\n|\n|t:|1699144608\n|switch|p2a: Zygarde|Zygarde, shiny|100\/100\n|turn|27\n|\n|t:|1699144616\n|move|p2a: Zygarde|Extreme Speed|p1a: Kyurem\n|-damage|p1a: Kyurem|0 fnt\n|faint|p1a: Kyurem\n|\n|upkeep\n|\n|t:|1699144619\n|switch|p1a: Zygarde|Zygarde|100\/100\n|turn|28\n|\n|t:|1699144625\n|move|p2a: Zygarde|Substitute|p2a: Zygarde\n|-start|p2a: Zygarde|Substitute\n|-damage|p2a: Zygarde|76\/100\n|move|p1a: Zygarde|Thousand Waves|p2a: Zygarde\n|-activate|p2a: Zygarde|move: Substitute|[damage]\n|\n|-heal|p2a: Zygarde|82\/100|[from] item: Leftovers\n|upkeep\n|turn|29\n|\n|t:|1699144629\n|move|p2a: Zygarde|Dragon Dance|p2a: Zygarde\n|-boost|p2a: Zygarde|atk|1\n|-boost|p2a: Zygarde|spe|1\n|move|p1a: Zygarde|Coil|p1a: Zygarde\n|-boost|p1a: Zygarde|atk|1\n|-boost|p1a: Zygarde|def|1\n|-boost|p1a: Zygarde|accuracy|1\n|\n|-heal|p2a: Zygarde|88\/100|[from] item: Leftovers\n|upkeep\n|turn|30\n|\n|t:|1699144640\n|move|p2a: Zygarde|Dragon Dance|p2a: Zygarde\n|-boost|p2a: Zygarde|atk|1\n|-boost|p2a: Zygarde|spe|1\n|move|p1a: Zygarde|Coil|p1a: Zygarde\n|-boost|p1a: Zygarde|atk|1\n|-boost|p1a: Zygarde|def|1\n|-boost|p1a: Zygarde|accuracy|1\n|\n|-heal|p2a: Zygarde|94\/100|[from] item: Leftovers\n|upkeep\n|turn|31\n|\n|t:|1699144647\n|switch|p2a: Necrozma|Necrozma-Dusk-Mane|100\/100\n|move|p1a: Zygarde|Coil|p1a: Zygarde\n|-boost|p1a: Zygarde|atk|1\n|-boost|p1a: Zygarde|def|1\n|-boost|p1a: Zygarde|accuracy|1\n|\n|upkeep\n|turn|32\n|\n|t:|1699144650\n|detailschange|p2a: Necrozma|Necrozma-Ultra\n|-burst|p2a: Necrozma|Necrozma|Ultranecrozium Z\n|move|p2a: Necrozma|Dragon Pulse|p1a: Zygarde\n|-supereffective|p1a: Zygarde\n|-damage|p1a: Zygarde|2\/100\n|move|p1a: Zygarde|Thousand Waves|p2a: Necrozma\n|-damage|p2a: Necrozma|14\/100\n|-activate|p2a: Necrozma|trapped\n|\n|-heal|p1a: Zygarde|8\/100|[from] item: Leftovers\n|-activate|p1a: Zygarde|ability: Power Construct\n|detailschange|p1a: Zygarde|Zygarde-Complete\n|-heal|p1a: Zygarde|40\/100|[silent]\n|upkeep\n|turn|33\n|\n|t:|1699144659\n|move|p2a: Necrozma|Dragon Pulse|p1a: Zygarde\n|-supereffective|p1a: Zygarde\n|-damage|p1a: Zygarde|0 fnt\n|faint|p1a: Zygarde\n|\n|upkeep\n|\n|t:|1699144665\n|switch|p1a: Yveltal|Yveltal|71\/100\n|-ability|p1a: Yveltal|Dark Aura\n|turn|34\n|\n|t:|1699144668\n|switch|p2a: Magearna|Magearna|88\/100\n|move|p1a: Yveltal|Dark Pulse|p2a: Magearna\n|-resisted|p2a: Magearna\n|-damage|p2a: Magearna|74\/100\n|\n|upkeep\n|turn|35\n|\n|t:|1699144674\n|switch|p2a: Zygarde|Zygarde, shiny|94\/100\n|move|p1a: Yveltal|Taunt|p2a: Zygarde\n|-start|p2a: Zygarde|move: Taunt\n|\n|-heal|p2a: Zygarde|99\/100|[from] item: Leftovers\n|upkeep\n|turn|36\n|\n|t:|1699144682\n|switch|p2a: Magearna|Magearna|74\/100\n|switch|p1a: Xerneas|Xerneas|100\/100\n|-ability|p1a: Xerneas|Fairy Aura\n|\n|upkeep\n|turn|37\n|\n|t:|1699144685\n|move|p1a: Xerneas|Geomancy||[still]\n|-prepare|p1a: Xerneas|Geomancy\n|-enditem|p1a: Xerneas|Power Herb\n|-anim|p1a: Xerneas|Geomancy|p1a: Xerneas\n|-boost|p1a: Xerneas|spa|2\n|-boost|p1a: Xerneas|spd|2\n|-boost|p1a: Xerneas|spe|2\n|move|p2a: Magearna|Fleur Cannon|p1a: Xerneas\n|-damage|p1a: Xerneas|70\/100\n|-unboost|p2a: Magearna|spa|2\n|\n|upkeep\n|turn|38\n|\n|t:|1699144695\n|move|p1a: Xerneas|Thunderbolt|p2a: Magearna\n|-damage|p2a: Magearna|33\/100\n|move|p2a: Magearna|Heart Swap|p1a: Xerneas\n|-swapboost|p2a: Magearna|p1a: Xerneas|[from] move: Heart Swap\n|\n|upkeep\n|turn|39\n|\n|t:|1699144699\n|move|p2a: Magearna|Pain Split|p1a: Xerneas\n|-sethp|p1a: Xerneas|50\/100|[from] move: Pain Split|[silent]\n|-sethp|p2a: Magearna|54\/100|[from] move: Pain Split\n|move|p1a: Xerneas|Geomancy||[still]\n|-prepare|p1a: Xerneas|Geomancy\n|\n|upkeep\n|turn|40\n|\n|t:|1699144706\n|move|p2a: Magearna|Fleur Cannon|p1a: Xerneas\n|-damage|p1a: Xerneas|0 fnt\n|-unboost|p2a: Magearna|spa|2\n|faint|p1a: Xerneas\n|-ability|p2a: Magearna|Soul-Heart|boost\n|-boost|p2a: Magearna|spa|1\n|\n|upkeep\n|\n|t:|1699144709\n|switch|p1a: Yveltal|Yveltal|71\/100\n|-ability|p1a: Yveltal|Dark Aura\n|turn|41\n|-message|Kitsune0xFF forfeited.\n|\n|win|KurumiTokisakilove\n|raw|Kitsune0xFF's rating: 1641 &rarr; <strong>1635<\/strong><br \/>(-6 for losing)\n|raw|KurumiTokisakilove's rating: 1957 &rarr; <strong>1963<\/strong><br \/>(+6 for winning)\n|l|\u2606Kitsune0xFF\n|l|\u2606KurumiTokisakilove\n","uploadtime":1699144715,"views":36,"p1id":"kitsune0xff","p2id":"kurumitokisakilove","formatid":"gen9nationaldexubers","rating":1635,"private":0,"password":""}