{"id":"gen9nationaldexubers-1989815213","p1":"Deletta","p2":"maguila","format":"[Gen 9] National Dex Ubers","log":"|j|\u2606Deletta\n|j|\u2606maguila\n|t:|1699898041\n|gametype|singles\n|player|p1|Deletta|fisherman-gen4|\n|player|p2|maguila|hoopster|\n|teamsize|p1|6\n|teamsize|p2|6\n|gen|9\n|tier|[Gen 9] National Dex Ubers\n|rule|HP Percentage Mod: HP is shown in percentages\n|rule|Endless Battle Clause: Forcing endless battles is banned\n|rule|OHKO Clause: OHKO moves are banned\n|rule|Evasion Moves Clause: Evasion moves are banned\n|rule|Evasion Items Clause: Evasion items are banned\n|rule|Species Clause: Limit one of each Pok\u00e9mon\n|rule|Sleep Clause Mod: Limit one foe put to sleep\n|rule|Mega Rayquaza Clause: You cannot mega evolve Rayquaza\n|clearpoke\n|poke|p1|Magearna|\n|poke|p1|Flutter Mane|\n|poke|p1|Charizard, F|\n|poke|p1|Walking Wake|\n|poke|p1|Roaring Moon|\n|poke|p1|Groudon|\n|poke|p2|Pelipper, M|\n|poke|p2|Kyogre|\n|poke|p2|Basculegion, M|\n|poke|p2|Toxapex, M|\n|poke|p2|Samurott-Hisui, M|\n|poke|p2|Swampert, M|\n|teampreview\n|\n|t:|1699898051\n|start\n|switch|p1a: Jos\u00e9 Mourinho|Groudon|100\/100\n|switch|p2a: Pelipper|Pelipper, M|100\/100\n|-weather|SunnyDay|[from] ability: Drought|[of] p1a: Jos\u00e9 Mourinho\n|-weather|RainDance|[from] ability: Drizzle|[of] p2a: Pelipper\n|turn|1\n|\n|t:|1699898063\n|switch|p1a: Balls Drain|Walking Wake|100\/100\n|move|p2a: Pelipper|Scald|p1a: Balls Drain\n|-resisted|p1a: Balls Drain\n|-damage|p1a: Balls Drain|90\/100\n|\n|-weather|RainDance|[upkeep]\n|upkeep\n|turn|2\n|\n|t:|1699898074\n|move|p1a: Balls Drain|Dragon Pulse|p2a: Pelipper\n|-damage|p2a: Pelipper|44\/100\n|move|p2a: Pelipper|U-turn|p1a: Balls Drain\n|-crit|p1a: Balls Drain\n|-damage|p1a: Balls Drain|75\/100\n|\n|t:|1699898086\n|switch|p2a: Kyogre|Kyogre|100\/100|[from] U-turn\n|\n|-weather|RainDance|[upkeep]\n|upkeep\n|turn|3\n|\n|t:|1699898096\n|move|p2a: Kyogre|Thunder|p1a: Balls Drain\n|-damage|p1a: Balls Drain|27\/100\n|move|p1a: Balls Drain|Dragon Pulse|p2a: Kyogre\n|-damage|p2a: Kyogre|53\/100\n|\n|-weather|RainDance|[upkeep]\n|upkeep\n|turn|4\n|\n|t:|1699898101\n|-end|p1a: Balls Drain|Protosynthesis|[silent]\n|switch|p1a: Dorival Junior|Roaring Moon|100\/100\n|-enditem|p1a: Dorival Junior|Booster Energy\n|-activate|p1a: Dorival Junior|ability: Protosynthesis|[fromitem]\n|-start|p1a: Dorival Junior|protosynthesisatk\n|move|p2a: Kyogre|Thunder|p1a: Dorival Junior\n|-resisted|p1a: Dorival Junior\n|-damage|p1a: Dorival Junior|80\/100\n|\n|-weather|RainDance|[upkeep]\n|upkeep\n|turn|5\n|\n|t:|1699898112\n|switch|p2a: Toxapex|Toxapex, M|100\/100\n|move|p1a: Dorival Junior|Dragon Dance|p1a: Dorival Junior\n|-boost|p1a: Dorival Junior|atk|1\n|-boost|p1a: Dorival Junior|spe|1\n|\n|-weather|RainDance|[upkeep]\n|upkeep\n|turn|6\n|\n|t:|1699898122\n|move|p1a: Dorival Junior|Acrobatics|p2a: Toxapex\n|-damage|p2a: Toxapex|45\/100\n|move|p2a: Toxapex|Haze|p2a: Toxapex\n|-clearallboost\n|\n|-weather|RainDance|[upkeep]\n|-heal|p2a: Toxapex|51\/100|[from] item: Leftovers\n|upkeep\n|turn|7\n|\n|t:|1699898130\n|move|p1a: Dorival Junior|Acrobatics|p2a: Toxapex\n|-damage|p2a: Toxapex|14\/100\n|move|p2a: Toxapex|Toxic|p1a: Dorival Junior\n|-status|p1a: Dorival Junior|tox\n|\n|-weather|RainDance|[upkeep]\n|-heal|p2a: Toxapex|20\/100|[from] item: Leftovers\n|-damage|p1a: Dorival Junior|74\/100 tox|[from] psn\n|upkeep\n|turn|8\n|\n|t:|1699898134\n|move|p2a: Toxapex|Baneful Bunker|p2a: Toxapex\n|-singleturn|p2a: Toxapex|move: Protect\n|move|p1a: Dorival Junior|Crunch|p2a: Toxapex\n|-activate|p2a: Toxapex|move: Protect\n|\n|-weather|none\n|-heal|p2a: Toxapex|26\/100|[from] item: Leftovers\n|-damage|p1a: Dorival Junior|62\/100 tox|[from] psn\n|upkeep\n|turn|9\n|\n|t:|1699898141\n|switch|p2a: Samurott|Samurott-Hisui, M|100\/100\n|move|p1a: Dorival Junior|Crunch|p2a: Samurott\n|-resisted|p2a: Samurott\n|-damage|p2a: Samurott|59\/100\n|\n|-damage|p1a: Dorival Junior|44\/100 tox|[from] psn\n|upkeep\n|turn|10\n|\n|t:|1699898148\n|move|p1a: Dorival Junior|Acrobatics|p2a: Samurott\n|-damage|p2a: Samurott|0 fnt\n|faint|p2a: Samurott\n|\n|-damage|p1a: Dorival Junior|20\/100 tox|[from] psn\n|upkeep\n|\n|t:|1699898153\n|switch|p2a: Toxapex|Toxapex, M|60\/100\n|turn|11\n|\n|t:|1699898157\n|move|p2a: Toxapex|Baneful Bunker|p2a: Toxapex\n|-singleturn|p2a: Toxapex|move: Protect\n|move|p1a: Dorival Junior|Dragon Dance|p1a: Dorival Junior\n|-boost|p1a: Dorival Junior|atk|1\n|-boost|p1a: Dorival Junior|spe|1\n|\n|-heal|p2a: Toxapex|66\/100|[from] item: Leftovers\n|-damage|p1a: Dorival Junior|0 fnt|[from] psn\n|faint|p1a: Dorival Junior\n|-end|p1a: Dorival Junior|Protosynthesis|[silent]\n|upkeep\n|\n|t:|1699898168\n|switch|p1a: Jos\u00e9 Mourinho|Groudon|100\/100\n|-weather|SunnyDay|[from] ability: Drought|[of] p1a: Jos\u00e9 Mourinho\n|turn|12\n|\n|t:|1699898174\n|switch|p2a: Pelipper|Pelipper, M|44\/100\n|-weather|RainDance|[from] ability: Drizzle|[of] p2a: Pelipper\n|move|p1a: Jos\u00e9 Mourinho|Earthquake|p2a: Pelipper\n|-immune|p2a: Pelipper\n|\n|-weather|RainDance|[upkeep]\n|upkeep\n|turn|13\n|\n|t:|1699898181\n|move|p1a: Jos\u00e9 Mourinho|Smack Down|p2a: Pelipper\n|-supereffective|p2a: Pelipper\n|-damage|p2a: Pelipper|5\/100\n|-start|p2a: Pelipper|Smack Down\n|move|p2a: Pelipper|U-turn|p1a: Jos\u00e9 Mourinho\n|-damage|p1a: Jos\u00e9 Mourinho|95\/100\n|\n|t:|1699898191\n|switch|p2a: Swampert|Swampert, M|100\/100|[from] U-turn\n|\n|-weather|RainDance|[upkeep]\n|-heal|p1a: Jos\u00e9 Mourinho|100\/100|[from] item: Leftovers\n|upkeep\n|turn|14\n|\n|t:|1699898201\n|switch|p1a: Balls Drain|Walking Wake|27\/100\n|detailschange|p2a: Swampert|Swampert-Mega, M\n|-mega|p2a: Swampert|Swampert|Swampertite\n|move|p2a: Swampert|Bulk Up|p2a: Swampert\n|-boost|p2a: Swampert|atk|1\n|-boost|p2a: Swampert|def|1\n|\n|-weather|RainDance|[upkeep]\n|upkeep\n|turn|15\n|\n|t:|1699898212\n|move|p2a: Swampert|Earthquake|p1a: Balls Drain\n|-damage|p1a: Balls Drain|0 fnt\n|faint|p1a: Balls Drain\n|-end|p1a: Balls Drain|Protosynthesis|[silent]\n|\n|-weather|RainDance|[upkeep]\n|upkeep\n|\n|t:|1699898215\n|switch|p1a: Adriano Imperador|Magearna|100\/100\n|turn|16\n|\n|t:|1699898220\n|-terastallize|p1a: Adriano Imperador|Water\n|move|p2a: Swampert|Earthquake|p1a: Adriano Imperador\n|-damage|p1a: Adriano Imperador|46\/100\n|move|p1a: Adriano Imperador|Iron Defense|p1a: Adriano Imperador\n|-boost|p1a: Adriano Imperador|def|2\n|\n|-weather|RainDance|[upkeep]\n|-heal|p1a: Adriano Imperador|52\/100|[from] item: Leftovers\n|upkeep\n|turn|17\n|\n|t:|1699898229\n|move|p2a: Swampert|Power-Up Punch|p1a: Adriano Imperador\n|-damage|p1a: Adriano Imperador|44\/100\n|-boost|p2a: Swampert|atk|1\n|move|p1a: Adriano Imperador|Iron Defense|p1a: Adriano Imperador\n|-boost|p1a: Adriano Imperador|def|2\n|\n|-weather|RainDance|[upkeep]\n|-heal|p1a: Adriano Imperador|50\/100|[from] item: Leftovers\n|upkeep\n|turn|18\n|\n|t:|1699898237\n|move|p2a: Swampert|Power-Up Punch|p1a: Adriano Imperador\n|-damage|p1a: Adriano Imperador|43\/100\n|-boost|p2a: Swampert|atk|1\n|move|p1a: Adriano Imperador|Calm Mind|p1a: Adriano Imperador\n|-boost|p1a: Adriano Imperador|spa|1\n|-boost|p1a: Adriano Imperador|spd|1\n|\n|-weather|RainDance|[upkeep]\n|-heal|p1a: Adriano Imperador|50\/100|[from] item: Leftovers\n|upkeep\n|turn|19\n|\n|t:|1699898246\n|move|p2a: Swampert|Earthquake|p1a: Adriano Imperador\n|-damage|p1a: Adriano Imperador|19\/100\n|move|p1a: Adriano Imperador|Iron Defense|p1a: Adriano Imperador\n|-boost|p1a: Adriano Imperador|def|2\n|\n|-weather|none\n|-heal|p1a: Adriano Imperador|25\/100|[from] item: Leftovers\n|upkeep\n|turn|20\n|\n|t:|1699898250\n|move|p2a: Swampert|Earthquake|p1a: Adriano Imperador\n|-damage|p1a: Adriano Imperador|2\/100\n|move|p1a: Adriano Imperador|Draining Kiss|p2a: Swampert\n|-damage|p2a: Swampert|76\/100\n|-heal|p1a: Adriano Imperador|22\/100|[from] drain|[of] p2a: Swampert\n|\n|-heal|p1a: Adriano Imperador|28\/100|[from] item: Leftovers\n|upkeep\n|turn|21\n|\n|t:|1699898260\n|move|p2a: Swampert|Earthquake|p1a: Adriano Imperador\n|-damage|p1a: Adriano Imperador|3\/100\n|move|p1a: Adriano Imperador|Draining Kiss|p2a: Swampert\n|-damage|p2a: Swampert|51\/100\n|-heal|p1a: Adriano Imperador|24\/100|[from] drain|[of] p2a: Swampert\n|\n|-heal|p1a: Adriano Imperador|30\/100|[from] item: Leftovers\n|upkeep\n|turn|22\n|\n|t:|1699898269\n|move|p2a: Swampert|Waterfall|p1a: Adriano Imperador\n|-resisted|p1a: Adriano Imperador\n|-damage|p1a: Adriano Imperador|21\/100\n|move|p1a: Adriano Imperador|Draining Kiss|p2a: Swampert\n|-damage|p2a: Swampert|25\/100\n|-heal|p1a: Adriano Imperador|43\/100|[from] drain|[of] p2a: Swampert\n|\n|-heal|p1a: Adriano Imperador|49\/100|[from] item: Leftovers\n|upkeep\n|turn|23\n|\n|t:|1699898275\n|move|p2a: Swampert|Earthquake|p1a: Adriano Imperador\n|-damage|p1a: Adriano Imperador|24\/100\n|move|p1a: Adriano Imperador|Calm Mind|p1a: Adriano Imperador\n|-boost|p1a: Adriano Imperador|spa|1\n|-boost|p1a: Adriano Imperador|spd|1\n|\n|-heal|p1a: Adriano Imperador|30\/100|[from] item: Leftovers\n|upkeep\n|turn|24\n|\n|t:|1699898280\n|move|p2a: Swampert|Earthquake|p1a: Adriano Imperador\n|-damage|p1a: Adriano Imperador|6\/100\n|move|p1a: Adriano Imperador|Draining Kiss|p2a: Swampert\n|-damage|p2a: Swampert|0 fnt\n|-heal|p1a: Adriano Imperador|26\/100|[from] drain|[of] p2a: Swampert\n|faint|p2a: Swampert\n|-ability|p1a: Adriano Imperador|Soul-Heart|boost\n|-boost|p1a: Adriano Imperador|spa|1\n|\n|-heal|p1a: Adriano Imperador|32\/100|[from] item: Leftovers\n|upkeep\n|\n|t:|1699898285\n|switch|p2a: Kyogre|Kyogre|53\/100\n|-weather|RainDance|[from] ability: Drizzle|[of] p2a: Kyogre\n|turn|25\n|\n|t:|1699898291\n|move|p2a: Kyogre|Thunder|p1a: Adriano Imperador\n|-supereffective|p1a: Adriano Imperador\n|-damage|p1a: Adriano Imperador|0 fnt\n|faint|p1a: Adriano Imperador\n|\n|-weather|RainDance|[upkeep]\n|upkeep\n|\n|t:|1699898300\n|switch|p1a: Kung Lao com Aids|Charizard, F|100\/100\n|turn|26\n|\n|t:|1699898308\n|switch|p2a: Toxapex|Toxapex, M|99\/100\n|detailschange|p1a: Kung Lao com Aids|Charizard-Mega-Y, F\n|-mega|p1a: Kung Lao com Aids|Charizard|Charizardite Y\n|-weather|SunnyDay|[from] ability: Drought|[of] p1a: Kung Lao com Aids\n|move|p1a: Kung Lao com Aids|Solar Beam||[still]\n|-prepare|p1a: Kung Lao com Aids|Solar Beam\n|-anim|p1a: Kung Lao com Aids|Solar Beam|p2a: Toxapex\n|-damage|p2a: Toxapex|56\/100\n|\n|-weather|SunnyDay|[upkeep]\n|-heal|p2a: Toxapex|63\/100|[from] item: Leftovers\n|upkeep\n|turn|27\n|\n|t:|1699898320\n|move|p1a: Kung Lao com Aids|Scorching Sands|p2a: Toxapex\n|-supereffective|p2a: Toxapex\n|-damage|p2a: Toxapex|17\/100\n|move|p2a: Toxapex|Toxic|p1a: Kung Lao com Aids\n|-status|p1a: Kung Lao com Aids|tox\n|\n|-weather|SunnyDay|[upkeep]\n|-heal|p2a: Toxapex|24\/100|[from] item: Leftovers\n|-damage|p1a: Kung Lao com Aids|94\/100 tox|[from] psn\n|upkeep\n|turn|28\n|\n|t:|1699898325\n|move|p2a: Toxapex|Baneful Bunker|p2a: Toxapex\n|-singleturn|p2a: Toxapex|move: Protect\n|move|p1a: Kung Lao com Aids|Scorching Sands|p2a: Toxapex\n|-activate|p2a: Toxapex|move: Protect\n|\n|-weather|SunnyDay|[upkeep]\n|-heal|p2a: Toxapex|30\/100|[from] item: Leftovers\n|-damage|p1a: Kung Lao com Aids|82\/100 tox|[from] psn\n|upkeep\n|turn|29\n|\n|t:|1699898329\n|switch|p2a: Pelipper|Pelipper, M|5\/100\n|-weather|RainDance|[from] ability: Drizzle|[of] p2a: Pelipper\n|move|p1a: Kung Lao com Aids|Scorching Sands|p2a: Pelipper\n|-immune|p2a: Pelipper\n|\n|-weather|RainDance|[upkeep]\n|-damage|p1a: Kung Lao com Aids|64\/100 tox|[from] psn\n|upkeep\n|turn|30\n|\n|t:|1699898336\n|switch|p1a: Jos\u00e9 Mourinho|Groudon|100\/100\n|-weather|SunnyDay|[from] ability: Drought|[of] p1a: Jos\u00e9 Mourinho\n|switch|p2a: Toxapex|Toxapex, M|63\/100\n|\n|-weather|SunnyDay|[upkeep]\n|-heal|p2a: Toxapex|69\/100|[from] item: Leftovers\n|upkeep\n|turn|31\n|\n|t:|1699898344\n|move|p2a: Toxapex|Baneful Bunker|p2a: Toxapex\n|-singleturn|p2a: Toxapex|move: Protect\n|move|p1a: Jos\u00e9 Mourinho|Swords Dance|p1a: Jos\u00e9 Mourinho\n|-boost|p1a: Jos\u00e9 Mourinho|atk|2\n|\n|-weather|SunnyDay|[upkeep]\n|-heal|p2a: Toxapex|75\/100|[from] item: Leftovers\n|upkeep\n|turn|32\n|\n|t:|1699898352\n|switch|p2a: Pelipper|Pelipper, M|5\/100\n|-weather|RainDance|[from] ability: Drizzle|[of] p2a: Pelipper\n|move|p1a: Jos\u00e9 Mourinho|Earthquake|p2a: Pelipper\n|-immune|p2a: Pelipper\n|\n|-weather|RainDance|[upkeep]\n|upkeep\n|turn|33\n|\n|t:|1699898359\n|move|p1a: Jos\u00e9 Mourinho|Smack Down|p2a: Pelipper\n|-supereffective|p2a: Pelipper\n|-damage|p2a: Pelipper|0 fnt\n|faint|p2a: Pelipper\n|\n|-weather|RainDance|[upkeep]\n|upkeep\n|\n|t:|1699898364\n|switch|p2a: Kyogre|Kyogre|53\/100\n|turn|34\n|\n|t:|1699898375\n|switch|p1a: \ud83d\ude0f|Flutter Mane|100\/100\n|move|p2a: Kyogre|Origin Pulse|p1a: \ud83d\ude0f\n|-damage|p1a: \ud83d\ude0f|38\/100\n|\n|-weather|RainDance|[upkeep]\n|upkeep\n|turn|35\n|\n|t:|1699898382\n|move|p2a: Kyogre|Origin Pulse|p1a: \ud83d\ude0f\n|-damage|p1a: \ud83d\ude0f|0 fnt\n|faint|p1a: \ud83d\ude0f\n|-end|p1a: \ud83d\ude0f|Protosynthesis|[silent]\n|\n|-weather|RainDance|[upkeep]\n|upkeep\n|\n|t:|1699898389\n|switch|p1a: Kung Lao com Aids|Charizard-Mega-Y, F|64\/100 tox\n|-weather|SunnyDay|[from] ability: Drought|[of] p1a: Kung Lao com Aids\n|turn|36\n|\n|t:|1699898394\n|switch|p2a: Toxapex|Toxapex, M|100\/100\n|move|p1a: Kung Lao com Aids|Solar Beam||[still]\n|-prepare|p1a: Kung Lao com Aids|Solar Beam\n|-anim|p1a: Kung Lao com Aids|Solar Beam|p2a: Toxapex\n|-damage|p2a: Toxapex|59\/100\n|\n|-weather|SunnyDay|[upkeep]\n|-heal|p2a: Toxapex|65\/100|[from] item: Leftovers\n|-damage|p1a: Kung Lao com Aids|58\/100 tox|[from] psn\n|upkeep\n|turn|37\n|\n|t:|1699898401\n|move|p2a: Toxapex|Baneful Bunker|p2a: Toxapex\n|-singleturn|p2a: Toxapex|move: Protect\n|move|p1a: Kung Lao com Aids|Scorching Sands|p2a: Toxapex\n|-activate|p2a: Toxapex|move: Protect\n|\n|-weather|SunnyDay|[upkeep]\n|-heal|p2a: Toxapex|71\/100|[from] item: Leftovers\n|-damage|p1a: Kung Lao com Aids|46\/100 tox|[from] psn\n|upkeep\n|turn|38\n|\n|t:|1699898409\n|move|p1a: Kung Lao com Aids|Scorching Sands|p2a: Toxapex\n|-supereffective|p2a: Toxapex\n|-damage|p2a: Toxapex|28\/100\n|move|p2a: Toxapex|Liquidation|p1a: Kung Lao com Aids\n|-supereffective|p1a: Kung Lao com Aids\n|-damage|p1a: Kung Lao com Aids|17\/100 tox\n|\n|-weather|SunnyDay|[upkeep]\n|-heal|p2a: Toxapex|34\/100|[from] item: Leftovers\n|-damage|p1a: Kung Lao com Aids|0 fnt|[from] psn\n|faint|p1a: Kung Lao com Aids\n|upkeep\n|\n|t:|1699898414\n|switch|p1a: Jos\u00e9 Mourinho|Groudon|100\/100\n|turn|39\n|\n|t:|1699898418\n|move|p1a: Jos\u00e9 Mourinho|Earthquake|p2a: Toxapex\n|-supereffective|p2a: Toxapex\n|-damage|p2a: Toxapex|0 fnt\n|faint|p2a: Toxapex\n|\n|-weather|SunnyDay|[upkeep]\n|upkeep\n|\n|t:|1699898423\n|switch|p2a: Kyogre|Kyogre|53\/100\n|-weather|RainDance|[from] ability: Drizzle|[of] p2a: Kyogre\n|turn|40\n|\n|t:|1699898431\n|move|p2a: Kyogre|Origin Pulse|p1a: Jos\u00e9 Mourinho\n|-supereffective|p1a: Jos\u00e9 Mourinho\n|-damage|p1a: Jos\u00e9 Mourinho|0 fnt\n|faint|p1a: Jos\u00e9 Mourinho\n|\n|win|maguila\n|l|\u2606Deletta\n","uploadtime":1699898446,"views":8,"p1id":"deletta","p2id":"maguila","formatid":"gen9nationaldexubers","rating":0,"private":0,"password":""}