{"id":"gen9nationaldexubers-1981938290","p1":"Gtg g u2","p2":"alexzapad","format":"[Gen 9] National Dex Ubers","log":"|j|\u2606Gtg g u2\n|j|\u203dalexzapad\n|t:|1698953257\n|gametype|singles\n|player|p1|Gtg g u2|red-masters|1140\n|player|p2|alexzapad|265|1131\n|teamsize|p1|6\n|teamsize|p2|3\n|gen|9\n|tier|[Gen 9] National Dex Ubers\n|rated|\n|rule|HP Percentage Mod: HP is shown in percentages\n|rule|Endless Battle Clause: Forcing endless battles is banned\n|rule|OHKO Clause: OHKO moves are banned\n|rule|Evasion Moves Clause: Evasion moves are banned\n|rule|Evasion Items Clause: Evasion items are banned\n|rule|Species Clause: Limit one of each Pok\u00e9mon\n|rule|Sleep Clause Mod: Limit one foe put to sleep\n|rule|Mega Rayquaza Clause: You cannot mega evolve Rayquaza\n|clearpoke\n|poke|p1|Pikachu, M|\n|poke|p1|Rillaboom, M|\n|poke|p1|Cramorant, M|\n|poke|p1|Grapploct, M|\n|poke|p1|Centiskorch, M|\n|poke|p1|Runerigus, F|\n|poke|p2|Pyukumuku, M|\n|poke|p2|Serperior, F|\n|poke|p2|Volcarona, F|\n|teampreview\n|inactive|Battle timer is ON: inactive players will automatically lose when time's up. (requested by Gtg g u2)\n|\n|t:|1698953261\n|start\n|switch|p1a: Cramorant|Cramorant, M|100\/100\n|switch|p2a: Volcarona|Volcarona, F|100\/100\n|turn|1\n|\n|t:|1698953267\n|move|p2a: Volcarona|Quiver Dance|p2a: Volcarona\n|-boost|p2a: Volcarona|spa|1\n|-boost|p2a: Volcarona|spd|1\n|-boost|p2a: Volcarona|spe|1\n|move|p1a: Cramorant|Surf|p2a: Volcarona\n|-formechange|p1a: Cramorant|Cramorant-Gulping|\n|-supereffective|p2a: Volcarona\n|-damage|p2a: Volcarona|52\/100\n|\n|upkeep\n|turn|2\n|\n|t:|1698953274\n|move|p2a: Volcarona|Quiver Dance|p2a: Volcarona\n|-boost|p2a: Volcarona|spa|1\n|-boost|p2a: Volcarona|spd|1\n|-boost|p2a: Volcarona|spe|1\n|move|p1a: Cramorant|Hurricane|p2a: Volcarona\n|-supereffective|p2a: Volcarona\n|-damage|p2a: Volcarona|5\/100\n|-start|p2a: Volcarona|confusion\n|\n|upkeep\n|turn|3\n|\n|t:|1698953285\n|-activate|p2a: Volcarona|confusion\n|move|p2a: Volcarona|Bug Buzz|p1a: Cramorant\n|-resisted|p1a: Cramorant\n|-damage|p1a: Cramorant|16\/100\n|-damage|p2a: Volcarona|0 fnt|[from] ability: Gulp Missile|[of] p1a: Cramorant\n|-formechange|p1a: Cramorant|Cramorant|\n|faint|p2a: Volcarona\n|move|p1a: Cramorant|Hurricane|p2: Volcarona|[notarget]\n|-fail|p1a: Cramorant\n|\n|upkeep\n|\n|t:|1698953295\n|switch|p2a: Serperior|Serperior, F|100\/100\n|turn|4\n|\n|t:|1698953297\n|move|p2a: Serperior|Leaf Storm|p1a: Cramorant\n|-damage|p1a: Cramorant|0 fnt\n|-boost|p2a: Serperior|spa|2\n|faint|p1a: Cramorant\n|\n|upkeep\n|\n|t:|1698953299\n|switch|p1a: Centiskorch|Centiskorch, M|100\/100\n|turn|5\n|\n|t:|1698953307\n|move|p2a: Serperior|Leaf Storm|p1a: Centiskorch\n|-resisted|p1a: Centiskorch\n|-damage|p1a: Centiskorch|81\/100\n|-boost|p2a: Serperior|spa|2\n|move|p1a: Centiskorch|Leech Life|p2a: Serperior\n|-supereffective|p2a: Serperior\n|-damage|p2a: Serperior|0 fnt\n|-heal|p1a: Centiskorch|100\/100|[from] drain|[of] p2a: Serperior\n|faint|p2a: Serperior\n|\n|upkeep\n|\n|t:|1698953316\n|switch|p2a: Pyukumuku|Pyukumuku, M|100\/100\n|turn|6\n|\n|t:|1698953319\n|move|p1a: Centiskorch|Fire Lash|p2a: Pyukumuku\n|-resisted|p2a: Pyukumuku\n|-damage|p2a: Pyukumuku|87\/100\n|-unboost|p2a: Pyukumuku|def|1\n|move|p2a: Pyukumuku|Toxic|p1a: Centiskorch\n|-status|p1a: Centiskorch|tox\n|\n|-heal|p2a: Pyukumuku|93\/100|[from] item: Leftovers\n|-damage|p1a: Centiskorch|94\/100 tox|[from] psn\n|upkeep\n|turn|7\n|\n|t:|1698953329\n|move|p1a: Centiskorch|Power Whip|p2a: Pyukumuku\n|-supereffective|p2a: Pyukumuku\n|-damage|p2a: Pyukumuku|5\/100\n|move|p2a: Pyukumuku|Soak|p1a: Centiskorch\n|-start|p1a: Centiskorch|typechange|Water\n|\n|-heal|p2a: Pyukumuku|11\/100|[from] item: Leftovers\n|-damage|p1a: Centiskorch|82\/100 tox|[from] psn\n|upkeep\n|turn|8\n|\n|t:|1698953339\n|move|p2a: Pyukumuku|Protect|p2a: Pyukumuku\n|-singleturn|p2a: Pyukumuku|Protect\n|move|p1a: Centiskorch|Fire Lash|p2a: Pyukumuku\n|-activate|p2a: Pyukumuku|move: Protect\n|\n|-heal|p2a: Pyukumuku|17\/100|[from] item: Leftovers\n|-damage|p1a: Centiskorch|63\/100 tox|[from] psn\n|upkeep\n|turn|9\n|\n|t:|1698953349\n|move|p1a: Centiskorch|Leech Life|p2a: Pyukumuku\n|-damage|p2a: Pyukumuku|0 fnt\n|-heal|p1a: Centiskorch|70\/100 tox|[from] drain|[of] p2a: Pyukumuku\n|faint|p2a: Pyukumuku\n|\n|win|Gtg g u2\n|raw|Gtg g u2's rating: 1140 &rarr; <strong>1164<\/strong><br \/>(+24 for winning)\n|raw|alexzapad's rating: 1131 &rarr; <strong>1107<\/strong><br \/>(-24 for losing)\n","uploadtime":1698953352,"views":5,"p1id":"gtggu2","p2id":"alexzapad","formatid":"gen9nationaldexubers","rating":1107,"private":0,"password":""}