{"id":"gen9nationaldexubers-1991865076","p1":"Helpnoname","p2":"ShuckLord08","format":"[Gen 9] National Dex Ubers","log":"|j|\u2606Helpnoname\n|j|\u2606ShuckLord08\n|t:|1700130548\n|gametype|singles\n|player|p1|Helpnoname|169|1600\n|player|p2|ShuckLord08|266|1513\n|teamsize|p1|6\n|teamsize|p2|6\n|gen|9\n|tier|[Gen 9] National Dex Ubers\n|rated|\n|rule|HP Percentage Mod: HP is shown in percentages\n|rule|Endless Battle Clause: Forcing endless battles is banned\n|rule|OHKO Clause: OHKO moves are banned\n|rule|Evasion Moves Clause: Evasion moves are banned\n|rule|Evasion Items Clause: Evasion items are banned\n|rule|Species Clause: Limit one of each Pok\u00e9mon\n|rule|Sleep Clause Mod: Limit one foe put to sleep\n|rule|Mega Rayquaza Clause: You cannot mega evolve Rayquaza\n|clearpoke\n|poke|p1|Ferrothorn, F|\n|poke|p1|Eternatus|\n|poke|p1|Giratina|\n|poke|p1|Toxapex, F|\n|poke|p1|Ho-Oh|\n|poke|p1|Yveltal|\n|poke|p2|Groudon|\n|poke|p2|Kyogre|\n|poke|p2|Mewtwo|\n|poke|p2|Zacian-*|\n|poke|p2|Yveltal|\n|poke|p2|Regieleki|\n|teampreview\n|\n|t:|1700130567\n|start\n|switch|p1a: Yveltal|Yveltal|100\/100\n|switch|p2a: Regieleki|Regieleki|100\/100\n|-ability|p1a: Yveltal|Dark Aura\n|turn|1\n|\n|t:|1700130572\n|switch|p1a: Ferrothorn|Ferrothorn, F|100\/100\n|move|p2a: Regieleki|Volt Switch|p1a: Ferrothorn\n|-resisted|p1a: Ferrothorn\n|-damage|p1a: Ferrothorn|88\/100\n|\n|t:|1700130578\n|switch|p2a: Groudon|Groudon, shiny|100\/100|[from] Volt Switch\n|detailschange|p2a: Groudon|Groudon-Primal, shiny\n|-primal|p2a: Groudon|Red Orb\n|-weather|DesolateLand|[from] ability: Desolate Land|[of] p2a: Groudon\n|\n|-weather|DesolateLand|[upkeep]\n|-heal|p1a: Ferrothorn|94\/100|[from] item: Leftovers\n|upkeep\n|turn|2\n|\n|t:|1700130583\n|switch|p1a: Giratina|Giratina|100\/100\n|-ability|p1a: Giratina|Pressure\n|move|p2a: Groudon|Stone Edge|p1a: Giratina\n|-damage|p1a: Giratina|79\/100\n|\n|-weather|DesolateLand|[upkeep]\n|-heal|p1a: Giratina|85\/100|[from] item: Leftovers\n|upkeep\n|turn|3\n|\n|t:|1700130591\n|-weather|none\n|switch|p2a: Kyogre|Kyogre|100\/100\n|detailschange|p2a: Kyogre|Kyogre-Primal\n|-primal|p2a: Kyogre|Blue Orb\n|-weather|PrimordialSea|[from] ability: Primordial Sea|[of] p2a: Kyogre\n|move|p1a: Giratina|Hex|p2a: Kyogre\n|-damage|p2a: Kyogre|86\/100\n|\n|-weather|PrimordialSea|[upkeep]\n|-heal|p1a: Giratina|91\/100|[from] item: Leftovers\n|upkeep\n|turn|4\n|\n|t:|1700130600\n|switch|p1a: Zoroerk|Toxapex, F|100\/100\n|move|p2a: Kyogre|Thunder|p1a: Zoroerk\n|-supereffective|p1a: Zoroerk\n|-damage|p1a: Zoroerk|38\/100\n|\n|-weather|PrimordialSea|[upkeep]\n|upkeep\n|turn|5\n|\n|t:|1700130606\n|-weather|none\n|switch|p2a: Groudon|Groudon-Primal, shiny|100\/100\n|-weather|DesolateLand|[from] ability: Desolate Land|[of] p2a: Groudon\n|switch|p1a: Ferrothorn|Ferrothorn, F|94\/100\n|\n|-weather|DesolateLand|[upkeep]\n|-heal|p1a: Ferrothorn|99\/100|[from] item: Leftovers\n|upkeep\n|turn|6\n|\n|t:|1700130611\n|switch|p1a: Giratina|Giratina|91\/100\n|-ability|p1a: Giratina|Pressure\n|move|p2a: Groudon|Heat Crash|p1a: Giratina\n|-resisted|p1a: Giratina\n|-damage|p1a: Giratina|81\/100\n|\n|-weather|DesolateLand|[upkeep]\n|-heal|p1a: Giratina|87\/100|[from] item: Leftovers\n|upkeep\n|turn|7\n|\n|t:|1700130618\n|move|p2a: Groudon|Precipice Blades|p1a: Giratina|[miss]\n|-miss|p2a: Groudon|p1a: Giratina\n|move|p1a: Giratina|Will-O-Wisp|p2a: Groudon|[miss]\n|-miss|p1a: Giratina|p2a: Groudon\n|\n|-weather|DesolateLand|[upkeep]\n|-heal|p1a: Giratina|93\/100|[from] item: Leftovers\n|upkeep\n|turn|8\n|\n|t:|1700130625\n|move|p2a: Groudon|Precipice Blades|p1a: Giratina\n|-damage|p1a: Giratina|55\/100\n|move|p1a: Giratina|Hex|p2a: Groudon\n|-damage|p2a: Groudon|75\/100\n|\n|-weather|DesolateLand|[upkeep]\n|-heal|p1a: Giratina|61\/100|[from] item: Leftovers\n|upkeep\n|turn|9\n|\n|t:|1700130631\n|switch|p1a: Yveltal|Yveltal|100\/100\n|-ability|p1a: Yveltal|Dark Aura\n|move|p2a: Groudon|Stone Edge|p1a: Yveltal\n|-supereffective|p1a: Yveltal\n|-damage|p1a: Yveltal|8\/100\n|\n|-weather|DesolateLand|[upkeep]\n|upkeep\n|turn|10\n|\n|t:|1700130656\n|-terastallize|p1a: Yveltal|Dark\n|move|p1a: Yveltal|Dark Pulse|p2a: Groudon\n|-damage|p2a: Groudon|0 fnt\n|faint|p2a: Groudon\n|-weather|none\n|\n|upkeep\n|\n|t:|1700130660\n|switch|p2a: Regieleki|Regieleki|100\/100\n|turn|11\n|\n|t:|1700130673\n|switch|p1a: Ferrothorn|Ferrothorn, F|99\/100\n|move|p2a: Regieleki|Volt Switch|p1a: Ferrothorn\n|-resisted|p1a: Ferrothorn\n|-damage|p1a: Ferrothorn|87\/100\n|\n|t:|1700130678\n|switch|p2a: Mewtwo|Mewtwo|100\/100|[from] Volt Switch\n|-ability|p2a: Mewtwo|Pressure\n|\n|-heal|p1a: Ferrothorn|93\/100|[from] item: Leftovers\n|upkeep\n|turn|12\n|\n|t:|1700130681\n|detailschange|p2a: Mewtwo|Mewtwo-Mega-X\n|-mega|p2a: Mewtwo|Mewtwo|Mewtwonite X\n|move|p2a: Mewtwo|Bulk Up|p2a: Mewtwo\n|-boost|p2a: Mewtwo|atk|1\n|-boost|p2a: Mewtwo|def|1\n|move|p1a: Ferrothorn|Leech Seed|p2a: Mewtwo\n|-start|p2a: Mewtwo|move: Leech Seed\n|\n|-heal|p1a: Ferrothorn|99\/100|[from] item: Leftovers\n|-damage|p2a: Mewtwo|88\/100|[from] Leech Seed|[of] p1a: Ferrothorn\n|-heal|p1a: Ferrothorn|100\/100|[silent]\n|upkeep\n|turn|13\n|\n|t:|1700130691\n|switch|p1a: Ho-Oh|Ho-Oh|100\/100\n|move|p2a: Mewtwo|Drain Punch|p1a: Ho-Oh\n|-resisted|p1a: Ho-Oh\n|-damage|p1a: Ho-Oh|64\/100\n|-heal|p2a: Mewtwo|100\/100|[from] drain|[of] p1a: Ho-Oh\n|\n|-damage|p2a: Mewtwo|88\/100|[from] Leech Seed|[of] p1a: Ho-Oh\n|-heal|p1a: Ho-Oh|75\/100|[silent]\n|upkeep\n|turn|14\n|\n|t:|1700130696\n|move|p2a: Mewtwo|Zen Headbutt|p1a: Ho-Oh\n|-damage|p1a: Ho-Oh|3\/100\n|move|p1a: Ho-Oh|Toxic|p2a: Mewtwo\n|-status|p2a: Mewtwo|tox\n|\n|-damage|p2a: Mewtwo|76\/100 tox|[from] Leech Seed|[of] p1a: Ho-Oh\n|-heal|p1a: Ho-Oh|13\/100|[silent]\n|-damage|p2a: Mewtwo|69\/100 tox|[from] psn\n|upkeep\n|turn|15\n|\n|t:|1700130705\n|switch|p1a: Giratina|Giratina|61\/100\n|-ability|p1a: Giratina|Pressure\n|move|p2a: Mewtwo|Ice Punch|p1a: Giratina\n|-supereffective|p1a: Giratina\n|-damage|p1a: Giratina|14\/100\n|-status|p1a: Giratina|frz\n|\n|-heal|p1a: Giratina|20\/100 frz|[from] item: Leftovers\n|-damage|p2a: Mewtwo|57\/100 tox|[from] Leech Seed|[of] p1a: Giratina\n|-heal|p1a: Giratina|28\/100 frz|[silent]\n|-damage|p2a: Mewtwo|45\/100 tox|[from] psn\n|upkeep\n|turn|16\n|\n|t:|1700130713\n|switch|p2a: Zacian|Zacian-Crowned|100\/100\n|-ability|p2a: Zacian|Intrepid Sword|boost\n|-boost|p2a: Zacian|atk|1\n|cant|p1a: Giratina|frz\n|\n|-heal|p1a: Giratina|35\/100 frz|[from] item: Leftovers\n|upkeep\n|turn|17\n|\n|t:|1700130718\n|move|p2a: Zacian|Swords Dance|p2a: Zacian\n|-boost|p2a: Zacian|atk|2\n|cant|p1a: Giratina|frz\n|\n|-heal|p1a: Giratina|41\/100 frz|[from] item: Leftovers\n|upkeep\n|turn|18\n|\n|t:|1700130721\n|move|p2a: Zacian|Behemoth Blade|p1a: Giratina\n|-damage|p1a: Giratina|0 fnt\n|faint|p1a: Giratina\n|\n|upkeep\n|\n|t:|1700130728\n|switch|p1a: Ferrothorn|Ferrothorn, F|100\/100\n|turn|19\n|\n|t:|1700130731\n|move|p2a: Zacian|Close Combat|p1a: Ferrothorn\n|-supereffective|p1a: Ferrothorn\n|-damage|p1a: Ferrothorn|0 fnt\n|-unboost|p2a: Zacian|def|1\n|-unboost|p2a: Zacian|spd|1\n|-damage|p2a: Zacian|88\/100|[from] ability: Iron Barbs|[of] p1a: Ferrothorn\n|faint|p1a: Ferrothorn\n|\n|upkeep\n|-message|Helpnoname forfeited.\n|\n|win|ShuckLord08\n|raw|Helpnoname's rating: 1600 &rarr; <strong>1575<\/strong><br \/>(-25 for losing)\n|raw|ShuckLord08's rating: 1513 &rarr; <strong>1538<\/strong><br \/>(+25 for winning)\n|l|\u2606Helpnoname\n","uploadtime":1700130762,"views":12,"p1id":"helpnoname","p2id":"shucklord08","formatid":"gen9nationaldexubers","rating":1538,"private":0,"password":""}