{"id":"gen9nationaldexubers-1980737040","p1":"AlolanSandslashOU","p2":"Just B3A$T","format":"[Gen 9] National Dex Ubers","log":"|j|\u2606AlolanSandslashOU\n|j|\u2606Just B3A$T\n|t:|1698822664\n|gametype|singles\n|player|p1|AlolanSandslashOU|volkner|\n|player|p2|Just B3A$T|noland|\n|teamsize|p1|6\n|teamsize|p2|6\n|gen|9\n|tier|[Gen 9] National Dex Ubers\n|rule|HP Percentage Mod: HP is shown in percentages\n|rule|Endless Battle Clause: Forcing endless battles is banned\n|rule|OHKO Clause: OHKO moves are banned\n|rule|Evasion Moves Clause: Evasion moves are banned\n|rule|Evasion Items Clause: Evasion items are banned\n|rule|Species Clause: Limit one of each Pok\u00e9mon\n|rule|Sleep Clause Mod: Limit one foe put to sleep\n|rule|Mega Rayquaza Clause: You cannot mega evolve Rayquaza\n|clearpoke\n|poke|p1|Sneasler, F|\n|poke|p1|Greninja-*, F|\n|poke|p1|Zapdos|\n|poke|p1|Iron Moth|\n|poke|p1|Kartana|\n|poke|p1|Great Tusk|\n|poke|p2|Gholdengo|\n|poke|p2|Bisharp, M|\n|poke|p2|Mawile, F|\n|poke|p2|Genesect-Chill|\n|poke|p2|Celesteela|\n|poke|p2|Heatran, M|\n|teampreview\n|inactive|Battle timer is ON: inactive players will automatically lose when time's up. (requested by Just B3A$T)\n|c|\u2606AlolanSandslashOU|What is this eviolite bisharp\n|c|\u2606Just B3A$T|i like bisharp\n|inactive|Just B3A$T has 270 seconds left.\n|c|\u2606Just B3A$T|hate kingambit\n|c|\u2606Just B3A$T|so\n|c|\u2606AlolanSandslashOU|I have a shiny kingambit in sv\n|c|\u2606Just B3A$T|based\n|inactive|Just B3A$T has 240 seconds left.\n|\n|t:|1698822726\n|start\n|switch|p1a: Zapdos|Zapdos|100\/100\n|switch|p2a: Milagro Man|Gholdengo|100\/100\n|turn|1\n|c|\u2606AlolanSandslashOU|so true bestie\n|\n|t:|1698822731\n|move|p2a: Milagro Man|Shadow Ball|p1a: Zapdos\n|-damage|p1a: Zapdos|63\/100\n|move|p1a: Zapdos|Volt Switch|p2a: Milagro Man\n|-damage|p2a: Milagro Man|56\/100\n|\n|t:|1698822737\n|switch|p1a: Greninja|Greninja, F|100\/100|[from] Volt Switch\n|\n|upkeep\n|turn|2\n|c|\u2606Just B3A$T|hmm\n|\n|t:|1698822765\n|switch|p2a: Pixie Fatale|Mawile, F, shiny|100\/100\n|-ability|p2a: Pixie Fatale|Intimidate|boost\n|-unboost|p1a: Greninja|atk|1\n|move|p1a: Greninja|Surf|p2a: Pixie Fatale\n|-start|p1a: Greninja|typechange|Water|[from] ability: Protean\n|-damage|p2a: Pixie Fatale|2\/100\n|\n|upkeep\n|turn|3\n|c|\u2606Just B3A$T|oohttps:\/\/replay.pokemonshowdown.com\/gen9randombattle-1980734164\n|c|\u2606Just B3A$T|what\n|c|\u2606Just B3A$T|is this\n|c|\u2606AlolanSandslashOU|LMAO\n|inactive|Just B3A$T has 270 seconds left.\n|c|\u2606Just B3A$T|oof\n|c|\u2606Just B3A$T|there we go\n|c|\u2606AlolanSandslashOU|98\n|\n|t:|1698822790\n|switch|p1a: Iron Moth|Iron Moth|100\/100\n|-enditem|p1a: Iron Moth|Booster Energy\n|-activate|p1a: Iron Moth|ability: Quark Drive|[fromitem]\n|-start|p1a: Iron Moth|quarkdrivespe\n|detailschange|p2a: Pixie Fatale|Mawile-Mega, F, shiny\n|-mega|p2a: Pixie Fatale|Mawile|Mawilite\n|move|p2a: Pixie Fatale|Sucker Punch||[still]\n|-fail|p2a: Pixie Fatale\n|\n|upkeep\n|turn|4\n|\n|t:|1698822793\n|move|p2a: Pixie Fatale|Sucker Punch||[still]\n|-fail|p2a: Pixie Fatale\n|move|p1a: Iron Moth|Substitute|p1a: Iron Moth\n|-start|p1a: Iron Moth|Substitute\n|-damage|p1a: Iron Moth|76\/100\n|\n|upkeep\n|turn|5\n|c|\u2606Just B3A$T|im dumb\n|\n|t:|1698822799\n|move|p2a: Pixie Fatale|Sucker Punch|p1a: Iron Moth\n|-end|p1a: Iron Moth|Substitute\n|move|p1a: Iron Moth|Fiery Dance|p2a: Pixie Fatale\n|-supereffective|p2a: Pixie Fatale\n|-damage|p2a: Pixie Fatale|0 fnt\n|-boost|p1a: Iron Moth|spa|1\n|faint|p2a: Pixie Fatale\n|\n|upkeep\n|c|\u2606Just B3A$T|welp\n|\n|t:|1698822807\n|switch|p2a: LAVAAAA|Heatran, M, shiny|100\/100\n|-item|p2a: LAVAAAA|Air Balloon\n|turn|6\n|\n|t:|1698822810\n|-terastallize|p1a: Iron Moth|Grass\n|move|p1a: Iron Moth|Substitute|p1a: Iron Moth\n|-start|p1a: Iron Moth|Substitute\n|-damage|p1a: Iron Moth|51\/100\n|move|p2a: LAVAAAA|Stealth Rock|p1a: Iron Moth\n|-sidestart|p1: AlolanSandslashOU|move: Stealth Rock\n|\n|upkeep\n|turn|7\n|c|\u2606AlolanSandslashOU|Your ban is z moves right\n|\n|t:|1698822827\n|move|p1a: Iron Moth|Psychic|p2a: LAVAAAA\n|-resisted|p2a: LAVAAAA\n|-damage|p2a: LAVAAAA|88\/100\n|-enditem|p2a: LAVAAAA|Air Balloon\n|move|p2a: LAVAAAA|Lava Plume|p1a: Iron Moth\n|-supereffective|p1a: Iron Moth\n|-end|p1a: Iron Moth|Substitute\n|\n|upkeep\n|turn|8\n|\n|t:|1698822834\n|move|p1a: Iron Moth|Psychic|p2a: LAVAAAA\n|-resisted|p2a: LAVAAAA\n|-damage|p2a: LAVAAAA|73\/100\n|-unboost|p2a: LAVAAAA|spd|1\n|move|p2a: LAVAAAA|Lava Plume|p1a: Iron Moth\n|-supereffective|p1a: Iron Moth\n|-damage|p1a: Iron Moth|0 fnt\n|faint|p1a: Iron Moth\n|-end|p1a: Iron Moth|Quark Drive|[silent]\n|\n|upkeep\n|c|\u2606Just B3A$T|yes\n|c|\u2606AlolanSandslashOU|Alr\n|\n|t:|1698822845\n|switch|p1a: Zapdos|Zapdos|63\/100\n|-damage|p1a: Zapdos|38\/100|[from] Stealth Rock\n|turn|9\n|\n|t:|1698822851\n|move|p1a: Zapdos|Volt Switch|p2a: LAVAAAA\n|-damage|p2a: LAVAAAA|38\/100\n|\n|t:|1698822856\n|switch|p1a: Sneasler|Sneasler, F|100\/100|[from] Volt Switch\n|-damage|p1a: Sneasler|95\/100|[from] Stealth Rock\n|move|p2a: LAVAAAA|Lava Plume|p1a: Sneasler\n|-damage|p1a: Sneasler|47\/100\n|-status|p1a: Sneasler|brn\n|\n|-damage|p1a: Sneasler|41\/100 brn|[from] brn\n|upkeep\n|turn|10\n|c|\u2606Just B3A$T|yay\n|\n|t:|1698822866\n|move|p1a: Sneasler|U-turn|p2a: LAVAAAA\n|-resisted|p2a: LAVAAAA\n|-damage|p2a: LAVAAAA|35\/100\n|c|\u2606AlolanSandslashOU|Sigh\n|\n|t:|1698822873\n|switch|p1a: Zapdos|Zapdos|38\/100|[from] U-turn\n|-damage|p1a: Zapdos|13\/100|[from] Stealth Rock\n|move|p2a: LAVAAAA|Lava Plume|p1a: Zapdos\n|-damage|p1a: Zapdos|0 fnt\n|faint|p1a: Zapdos\n|\n|upkeep\n|\n|t:|1698822876\n|switch|p1a: Greninja|Greninja, F|100\/100\n|-damage|p1a: Greninja|88\/100|[from] Stealth Rock\n|turn|11\n|\n|t:|1698822894\n|move|p1a: Greninja|Surf|p2a: LAVAAAA\n|-start|p1a: Greninja|typechange|Water|[from] ability: Protean\n|-supereffective|p2a: LAVAAAA\n|-damage|p2a: LAVAAAA|0 fnt\n|faint|p2a: LAVAAAA\n|\n|upkeep\n|\n|t:|1698822897\n|switch|p2a: Milagro Man|Gholdengo|56\/100\n|turn|12\n|\n|t:|1698822900\n|move|p2a: Milagro Man|Thunderbolt|p1a: Greninja\n|-supereffective|p1a: Greninja\n|-damage|p1a: Greninja|0 fnt\n|faint|p1a: Greninja\n|\n|upkeep\n|\n|t:|1698822903\n|switch|p1a: Great Tusk|Great Tusk|100\/100\n|turn|13\n|\n|t:|1698822908\n|switch|p2a: Spaceship!!!|Celesteela, shiny|100\/100\n|move|p1a: Great Tusk|Rapid Spin|p2a: Spaceship!!!\n|-resisted|p2a: Spaceship!!!\n|-damage|p2a: Spaceship!!!|91\/100\n|-boost|p1a: Great Tusk|spe|1\n|-sideend|p1: AlolanSandslashOU|Stealth Rock|[from] move: Rapid Spin|[of] p1a: Great Tusk\n|\n|upkeep\n|turn|14\n|\n|t:|1698822913\n|move|p1a: Great Tusk|Knock Off|p2a: Spaceship!!!\n|-damage|p2a: Spaceship!!!|51\/100\n|-enditem|p2a: Spaceship!!!|Power Herb|[from] move: Knock Off|[of] p1a: Great Tusk\n|move|p2a: Spaceship!!!|Air Slash|p1a: Great Tusk\n|-supereffective|p1a: Great Tusk\n|-damage|p1a: Great Tusk|0 fnt\n|faint|p1a: Great Tusk\n|-end|p1a: Great Tusk|Protosynthesis|[silent]\n|-ability|p2a: Spaceship!!!|Beast Boost|boost\n|-boost|p2a: Spaceship!!!|spa|1\n|\n|upkeep\n|c|\u2606Just B3A$T|welp\n|\n|t:|1698822922\n|switch|p1a: Sneasler|Sneasler, F|41\/100 brn\n|turn|15\n|c|\u2606Just B3A$T|gg\n|\n|t:|1698822926\n|move|p1a: Sneasler|Close Combat|p2a: Spaceship!!!\n|-damage|p2a: Spaceship!!!|9\/100\n|-unboost|p1a: Sneasler|def|1\n|-unboost|p1a: Sneasler|spd|1\n|move|p2a: Spaceship!!!|Autotomize|p2a: Spaceship!!!\n|-boost|p2a: Spaceship!!!|spe|2\n|-start|p2a: Spaceship!!!|Autotomize\n|\n|-damage|p1a: Sneasler|35\/100 brn|[from] brn\n|upkeep\n|turn|16\n|\n|t:|1698822930\n|move|p2a: Spaceship!!!|Meteor Beam||[still]\n|-prepare|p2a: Spaceship!!!|Meteor Beam\n|-boost|p2a: Spaceship!!!|spa|1\n|move|p1a: Sneasler|Close Combat|p2a: Spaceship!!!\n|-damage|p2a: Spaceship!!!|0 fnt\n|-unboost|p1a: Sneasler|def|1\n|-unboost|p1a: Sneasler|spd|1\n|faint|p2a: Spaceship!!!\n|\n|-damage|p1a: Sneasler|29\/100 brn|[from] brn\n|upkeep\n|c|\u2606Just B3A$T|oh\n|c|\u2606Just B3A$T|right\n|c|\u2606AlolanSandslashOU|Did you not see\n|c|\u2606Just B3A$T|knock off\n|c|\u2606Just B3A$T|im blind\n|\n|t:|1698822946\n|switch|p2a: best bug|Genesect-Chill, shiny|100\/100\n|-ability|p2a: best bug|Download|boost\n|-boost|p2a: best bug|atk|1\n|turn|17\n|\n|t:|1698822949\n|move|p2a: best bug|Extreme Speed|p1a: Sneasler\n|-damage|p1a: Sneasler|0 fnt\n|faint|p1a: Sneasler\n|\n|upkeep\n|\n|t:|1698822952\n|switch|p1a: Kartana|Kartana|100\/100\n|turn|18\n|c|\u2606Just B3A$T|welp\n|c|\u2606AlolanSandslashOU|Ggs\n|c|\u2606Just B3A$T|gg\n|c|\u2606AlolanSandslashOU|i can\u2019t click anything\n|\n|t:|1698822968\n|move|p1a: Kartana|Knock Off|p2a: best bug\n|-damage|p2a: best bug|64\/100\n|move|p2a: best bug|Blaze Kick|p1a: Kartana|[miss]\n|-miss|p2a: best bug|p1a: Kartana\n|\n|upkeep\n|turn|19\n|c|\u2606Just B3A$T|...\n|c|\u2606AlolanSandslashOU|LMAO\n|c|\u2606Just B3A$T|ok\n|\n|t:|1698822979\n|move|p1a: Kartana|Knock Off|p2a: best bug\n|-damage|p2a: best bug|27\/100\n|move|p2a: best bug|Blaze Kick|p1a: Kartana\n|-supereffective|p1a: Kartana\n|-damage|p1a: Kartana|0 fnt\n|faint|p1a: Kartana\n|\n|win|Just B3A$T\n|c|\u2606Just B3A$T|well\n|c|\u2606AlolanSandslashOU|I used my tera too early\n|c|\u2606Just B3A$T|good attempt\n|c|\u2606Just B3A$T|yes\n|c|\u2606Just B3A$T|big mistake\n|c|\u2606AlolanSandslashOU|I\u2019ll be back\n|c|\u2606Just B3A$T|i know you will.\n|l|\u2606AlolanSandslashOU\n","uploadtime":1698823015,"views":9,"p1id":"alolansandslashou","p2id":"justb3at","formatid":"gen9nationaldexubers","rating":0,"private":0,"password":""}