{"id":"gen9nationaldexubers-1995733807","p1":"aguinaldo124","p2":"Kabuto003","format":"[Gen 9] National Dex Ubers","log":"|j|\u2606aguinaldo124\n|j|\u2606Kabuto003\n|t:|1700598137\n|gametype|singles\n|player|p1|aguinaldo124|bruno|1180\n|player|p2|Kabuto003|ghetsis-gen5bw|1330\n|teamsize|p1|6\n|teamsize|p2|6\n|gen|9\n|tier|[Gen 9] National Dex Ubers\n|rated|\n|rule|HP Percentage Mod: HP is shown in percentages\n|rule|Endless Battle Clause: Forcing endless battles is banned\n|rule|OHKO Clause: OHKO moves are banned\n|rule|Evasion Moves Clause: Evasion moves are banned\n|rule|Evasion Items Clause: Evasion items are banned\n|rule|Species Clause: Limit one of each Pok\u00e9mon\n|rule|Sleep Clause Mod: Limit one foe put to sleep\n|rule|Mega Rayquaza Clause: You cannot mega evolve Rayquaza\n|clearpoke\n|poke|p1|Snorlax, M|\n|poke|p1|Shuckle, M|\n|poke|p1|Glimmora, F|\n|poke|p1|Blissey, F|\n|poke|p1|Gholdengo|\n|poke|p1|Alomomola, F|\n|poke|p2|Mewtwo|\n|poke|p2|Necrozma-Dusk-Mane|\n|poke|p2|Calyrex-Ice|\n|poke|p2|Zacian-*|\n|poke|p2|Kingambit, F|\n|poke|p2|Arceus-Fairy|\n|teampreview\n|inactive|Battle timer is ON: inactive players will automatically lose when time's up. (requested by Kabuto003)\n|\n|t:|1700598145\n|start\n|switch|p1a: Shuckle|Shuckle, M|100\/100\n|switch|p2a: Necrozma|Necrozma-Dusk-Mane, shiny|100\/100\n|turn|1\n|\n|t:|1700598152\n|detailschange|p2a: Necrozma|Necrozma-Ultra, shiny\n|-burst|p2a: Necrozma|Necrozma|Ultranecrozium Z\n|move|p2a: Necrozma|Outrage|p1a: Shuckle\n|-damage|p1a: Shuckle|49\/100\n|move|p1a: Shuckle|Encore|p2a: Necrozma\n|-start|p2a: Necrozma|Encore\n|\n|upkeep\n|turn|2\n|\n|t:|1700598164\n|move|p2a: Necrozma|Outrage|p1a: Shuckle|[from]lockedmove\n|-damage|p1a: Shuckle|0 fnt\n|faint|p1a: Shuckle\n|-start|p2a: Necrozma|confusion|[fatigue]\n|\n|upkeep\n|\n|t:|1700598175\n|switch|p1a: Glimmora|Glimmora, F|100\/100\n|turn|3\n|\n|t:|1700598183\n|-activate|p2a: Necrozma|confusion\n|-damage|p2a: Necrozma|83\/100|[from] confusion\n|move|p1a: Glimmora|Mortal Spin|p2a: Necrozma\n|-damage|p2a: Necrozma|77\/100\n|-status|p2a: Necrozma|psn\n|\n|-damage|p2a: Necrozma|64\/100 psn|[from] psn\n|upkeep\n|turn|4\n|\n|t:|1700598193\n|-activate|p2a: Necrozma|confusion\n|-zpower|p2a: Necrozma\n|move|p2a: Necrozma|Light That Burns the Sky|p1a: Glimmora|[zeffect]\n|-supereffective|p1a: Glimmora\n|-enditem|p1a: Glimmora|Focus Sash\n|-damage|p1a: Glimmora|1\/100\n|-activate|p1a: Glimmora|ability: Toxic Debris\n|-sidestart|p2: Kabuto003|move: Toxic Spikes\n|move|p1a: Glimmora|Spikes|p2a: Necrozma\n|-sidestart|p2: Kabuto003|Spikes\n|\n|-damage|p2a: Necrozma|52\/100 psn|[from] psn\n|-end|p2a: Necrozma|Encore\n|upkeep\n|turn|5\n|\n|t:|1700598211\n|move|p1a: Glimmora|Spiky Shield|p1a: Glimmora\n|-singleturn|p1a: Glimmora|move: Protect\n|-activate|p2a: Necrozma|confusion\n|move|p2a: Necrozma|Photon Geyser|p1a: Glimmora\n|-activate|p1a: Glimmora|move: Protect\n|\n|-damage|p2a: Necrozma|40\/100 psn|[from] psn\n|upkeep\n|turn|6\n|\n|t:|1700598222\n|-activate|p2a: Necrozma|confusion\n|-damage|p2a: Necrozma|22\/100 psn|[from] confusion\n|move|p1a: Glimmora|Spikes|p2a: Necrozma\n|-sidestart|p2: Kabuto003|Spikes\n|\n|-damage|p2a: Necrozma|9\/100 psn|[from] psn\n|upkeep\n|turn|7\n|\n|t:|1700598230\n|-end|p2a: Necrozma|confusion\n|move|p2a: Necrozma|Dragon Dance|p2a: Necrozma\n|-boost|p2a: Necrozma|atk|1\n|-boost|p2a: Necrozma|spe|1\n|move|p1a: Glimmora|Spikes|p2a: Necrozma\n|-sidestart|p2: Kabuto003|Spikes\n|\n|-damage|p2a: Necrozma|0 fnt|[from] psn\n|faint|p2a: Necrozma\n|upkeep\n|\n|t:|1700598241\n|switch|p2a: Zacian|Zacian-Crowned|100\/100\n|-damage|p2a: Zacian|76\/100|[from] Spikes\n|-ability|p2a: Zacian|Intrepid Sword|boost\n|-boost|p2a: Zacian|atk|1\n|turn|8\n|\n|t:|1700598249\n|move|p2a: Zacian|Sacred Sword|p1a: Glimmora\n|-damage|p1a: Glimmora|0 fnt\n|-activate|p1a: Glimmora|ability: Toxic Debris\n|-sidestart|p2: Kabuto003|move: Toxic Spikes\n|faint|p1a: Glimmora\n|\n|upkeep\n|\n|t:|1700598261\n|switch|p1a: Alomomola|Alomomola, F|100\/100\n|turn|9\n|\n|t:|1700598266\n|move|p2a: Zacian|Behemoth Blade|p1a: Alomomola\n|-resisted|p1a: Alomomola\n|-damage|p1a: Alomomola|78\/100\n|move|p1a: Alomomola|Scald|p2a: Zacian\n|-damage|p2a: Zacian|64\/100\n|\n|-heal|p1a: Alomomola|84\/100|[from] item: Leftovers\n|upkeep\n|turn|10\n|\n|t:|1700598276\n|move|p2a: Zacian|Swords Dance|p2a: Zacian\n|-boost|p2a: Zacian|atk|2\n|move|p1a: Alomomola|Scald|p2a: Zacian\n|-damage|p2a: Zacian|52\/100\n|-status|p2a: Zacian|brn\n|\n|-heal|p1a: Alomomola|90\/100|[from] item: Leftovers\n|-damage|p2a: Zacian|46\/100 brn|[from] brn\n|upkeep\n|turn|11\n|\n|t:|1700598287\n|move|p2a: Zacian|Sacred Sword|p1a: Alomomola\n|-damage|p1a: Alomomola|66\/100\n|move|p1a: Alomomola|Wish|p1a: Alomomola\n|\n|-heal|p1a: Alomomola|73\/100|[from] item: Leftovers\n|-damage|p2a: Zacian|40\/100 brn|[from] brn\n|upkeep\n|turn|12\n|\n|t:|1700598296\n|switch|p1a: Gholdengo|Gholdengo|100\/100\n|move|p2a: Zacian|Sacred Sword|p1a: Gholdengo\n|-immune|p1a: Gholdengo\n|\n|-damage|p2a: Zacian|34\/100 brn|[from] brn\n|upkeep\n|turn|13\n|\n|t:|1700598307\n|move|p2a: Zacian|Behemoth Blade|p1a: Gholdengo\n|-resisted|p1a: Gholdengo\n|-damage|p1a: Gholdengo|62\/100\n|move|p1a: Gholdengo|Nasty Plot|p1a: Gholdengo\n|-boost|p1a: Gholdengo|spa|2\n|\n|-heal|p1a: Gholdengo|68\/100|[from] item: Leftovers\n|-damage|p2a: Zacian|28\/100 brn|[from] brn\n|upkeep\n|turn|14\n|\n|t:|1700598323\n|move|p2a: Zacian|Behemoth Blade|p1a: Gholdengo\n|-resisted|p1a: Gholdengo\n|-damage|p1a: Gholdengo|29\/100\n|move|p1a: Gholdengo|Dazzling Gleam|p2a: Zacian\n|-resisted|p2a: Zacian\n|-damage|p2a: Zacian|1\/100 brn\n|\n|-heal|p1a: Gholdengo|35\/100|[from] item: Leftovers\n|-damage|p2a: Zacian|0 fnt|[from] brn\n|faint|p2a: Zacian\n|upkeep\n|\n|t:|1700598334\n|switch|p2a: Arceus|Arceus-Fairy|100\/100\n|-status|p2a: Arceus|tox\n|-damage|p2a: Arceus|76\/100 tox|[from] Spikes\n|turn|15\n|\n|t:|1700598346\n|move|p2a: Arceus|Earth Power|p1a: Gholdengo\n|-supereffective|p1a: Gholdengo\n|-damage|p1a: Gholdengo|0 fnt\n|faint|p1a: Gholdengo\n|\n|-damage|p2a: Arceus|70\/100 tox|[from] psn\n|upkeep\n|\n|t:|1700598356\n|switch|p1a: Blissey|Blissey, F|100\/100\n|turn|16\n|\n|t:|1700598362\n|move|p2a: Arceus|Judgment|p1a: Blissey\n|-damage|p1a: Blissey|85\/100\n|move|p1a: Blissey|Toxic|p2a: Arceus|[miss]\n|-miss|p1a: Blissey|p2a: Arceus\n|\n|-heal|p1a: Blissey|91\/100|[from] item: Leftovers\n|-damage|p2a: Arceus|57\/100 tox|[from] psn\n|upkeep\n|turn|17\n|\n|t:|1700598374\n|move|p2a: Arceus|Extreme Speed|p1a: Blissey\n|-damage|p1a: Blissey|51\/100\n|move|p1a: Blissey|Seismic Toss|p2a: Arceus\n|-damage|p2a: Arceus|31\/100 tox\n|\n|-heal|p1a: Blissey|57\/100|[from] item: Leftovers\n|-damage|p2a: Arceus|13\/100 tox|[from] psn\n|upkeep\n|turn|18\n|\n|t:|1700598387\n|move|p1a: Blissey|Protect|p1a: Blissey\n|-singleturn|p1a: Blissey|Protect\n|move|p2a: Arceus|Extreme Speed|p1a: Blissey\n|-activate|p1a: Blissey|move: Protect\n|\n|-heal|p1a: Blissey|64\/100|[from] item: Leftovers\n|-damage|p2a: Arceus|0 fnt|[from] psn\n|faint|p2a: Arceus\n|upkeep\n|\n|t:|1700598397\n|switch|p2a: Mewtwo|Mewtwo|100\/100\n|-status|p2a: Mewtwo|tox\n|-damage|p2a: Mewtwo|76\/100 tox|[from] Spikes\n|-ability|p2a: Mewtwo|Pressure\n|turn|19\n|\n|t:|1700598405\n|detailschange|p2a: Mewtwo|Mewtwo-Mega-X\n|-mega|p2a: Mewtwo|Mewtwo|Mewtwonite X\n|move|p2a: Mewtwo|Drain Punch|p1a: Blissey\n|-supereffective|p1a: Blissey\n|-damage|p1a: Blissey|0 fnt\n|-heal|p2a: Mewtwo|100\/100 tox|[from] drain|[of] p1a: Blissey\n|faint|p1a: Blissey\n|\n|-damage|p2a: Mewtwo|94\/100 tox|[from] psn\n|upkeep\n|\n|t:|1700598415\n|switch|p1a: Alomomola|Alomomola, F|100\/100\n|turn|20\n|\n|t:|1700598419\n|move|p2a: Mewtwo|Zen Headbutt|p1a: Alomomola|[miss]\n|-miss|p2a: Mewtwo|p1a: Alomomola\n|move|p1a: Alomomola|Wish|p1a: Alomomola\n|\n|-damage|p2a: Mewtwo|82\/100 tox|[from] psn\n|upkeep\n|turn|21\n|\n|t:|1700598427\n|move|p2a: Mewtwo|Bulk Up|p2a: Mewtwo\n|-boost|p2a: Mewtwo|atk|1\n|-boost|p2a: Mewtwo|def|1\n|move|p1a: Alomomola|Scald|p2a: Mewtwo\n|-damage|p2a: Mewtwo|69\/100 tox\n|\n|-damage|p2a: Mewtwo|50\/100 tox|[from] psn\n|upkeep\n|turn|22\n|\n|t:|1700598438\n|move|p2a: Mewtwo|Zen Headbutt|p1a: Alomomola\n|-damage|p1a: Alomomola|52\/100\n|move|p1a: Alomomola|Wish|p1a: Alomomola\n|\n|-heal|p1a: Alomomola|58\/100|[from] item: Leftovers\n|-damage|p2a: Mewtwo|25\/100 tox|[from] psn\n|upkeep\n|turn|23\n|\n|t:|1700598448\n|move|p1a: Alomomola|Protect|p1a: Alomomola\n|-singleturn|p1a: Alomomola|Protect\n|move|p2a: Mewtwo|Drain Punch|p1a: Alomomola\n|-activate|p1a: Alomomola|move: Protect\n|\n|-heal|p1a: Alomomola|100\/100|[from] move: Wish|[wisher] Alomomola\n|-damage|p2a: Mewtwo|0 fnt|[from] psn\n|faint|p2a: Mewtwo\n|upkeep\n|\n|t:|1700598457\n|switch|p2a: Calyrex|Calyrex-Ice|100\/100\n|-ability|p2a: Calyrex|As One\n|-ability|p2a: Calyrex|Unnerve\n|-status|p2a: Calyrex|tox\n|-damage|p2a: Calyrex|76\/100 tox|[from] Spikes\n|turn|24\n|\n|t:|1700598467\n|move|p2a: Calyrex|Glacial Lance|p1a: Alomomola\n|-resisted|p1a: Alomomola\n|-damage|p1a: Alomomola|81\/100\n|move|p1a: Alomomola|Scald|p2a: Calyrex\n|-damage|p2a: Calyrex|66\/100 tox\n|\n|-heal|p2a: Calyrex|72\/100 tox|[from] item: Leftovers\n|-heal|p1a: Alomomola|87\/100|[from] item: Leftovers\n|-damage|p2a: Calyrex|66\/100 tox|[from] psn\n|upkeep\n|turn|25\n|\n|t:|1700598479\n|move|p1a: Alomomola|Wish|p1a: Alomomola\n|move|p2a: Calyrex|Trick Room|p2a: Calyrex\n|-fieldstart|move: Trick Room|[of] p2a: Calyrex\n|\n|-heal|p1a: Alomomola|93\/100|[from] item: Leftovers\n|-heal|p2a: Calyrex|72\/100 tox|[from] item: Leftovers\n|-damage|p2a: Calyrex|60\/100 tox|[from] psn\n|upkeep\n|turn|26\n|\n|t:|1700598487\n|move|p1a: Alomomola|Protect|p1a: Alomomola\n|-singleturn|p1a: Alomomola|Protect\n|move|p2a: Calyrex|Zen Headbutt|p1a: Alomomola\n|-activate|p1a: Alomomola|move: Protect\n|\n|-heal|p1a: Alomomola|100\/100|[from] move: Wish|[wisher] Alomomola\n|-heal|p2a: Calyrex|66\/100 tox|[from] item: Leftovers\n|-damage|p2a: Calyrex|47\/100 tox|[from] psn\n|upkeep\n|turn|27\n|\n|t:|1700598498\n|move|p1a: Alomomola|Wish|p1a: Alomomola\n|move|p2a: Calyrex|Zen Headbutt|p1a: Alomomola\n|-damage|p1a: Alomomola|76\/100\n|\n|-heal|p1a: Alomomola|82\/100|[from] item: Leftovers\n|-heal|p2a: Calyrex|53\/100 tox|[from] item: Leftovers\n|-damage|p2a: Calyrex|29\/100 tox|[from] psn\n|upkeep\n|turn|28\n|\n|t:|1700598509\n|move|p1a: Alomomola|Protect|p1a: Alomomola\n|-singleturn|p1a: Alomomola|Protect\n|move|p2a: Calyrex|Glacial Lance|p1a: Alomomola\n|-activate|p1a: Alomomola|move: Protect\n|\n|-heal|p1a: Alomomola|100\/100|[from] move: Wish|[wisher] Alomomola\n|-heal|p2a: Calyrex|35\/100 tox|[from] item: Leftovers\n|-damage|p2a: Calyrex|4\/100 tox|[from] psn\n|upkeep\n|turn|29\n|\n|t:|1700598520\n|move|p1a: Alomomola|Protect||[still]\n|-fail|p1a: Alomomola\n|move|p2a: Calyrex|Glacial Lance|p1a: Alomomola\n|-resisted|p1a: Alomomola\n|-damage|p1a: Alomomola|82\/100\n|\n|-heal|p1a: Alomomola|88\/100|[from] item: Leftovers\n|-heal|p2a: Calyrex|10\/100 tox|[from] item: Leftovers\n|-damage|p2a: Calyrex|0 fnt|[from] psn\n|faint|p2a: Calyrex\n|-fieldend|move: Trick Room\n|upkeep\n|\n|t:|1700598530\n|switch|p2a: Kingambit|Kingambit, F, shiny|100\/100\n|-activate|p2a: Kingambit|ability: Supreme Overlord\n|-start|p2a: Kingambit|fallen5|[silent]\n|turn|30\n|\n|t:|1700598541\n|move|p2a: Kingambit|Poison Jab|p1a: Alomomola\n|-damage|p1a: Alomomola|67\/100\n|move|p1a: Alomomola|Scald|p2a: Kingambit\n|-damage|p2a: Kingambit|87\/100\n|\n|-heal|p1a: Alomomola|73\/100|[from] item: Leftovers\n|upkeep\n|turn|31\n|\n|t:|1700598551\n|move|p2a: Kingambit|Iron Head|p1a: Alomomola\n|-resisted|p1a: Alomomola\n|-damage|p1a: Alomomola|56\/100\n|move|p1a: Alomomola|Scald|p2a: Kingambit\n|-damage|p2a: Kingambit|74\/100\n|-status|p2a: Kingambit|brn\n|\n|-heal|p1a: Alomomola|62\/100|[from] item: Leftovers\n|-damage|p2a: Kingambit|67\/100 brn|[from] brn\n|upkeep\n|turn|32\n|\n|t:|1700598562\n|move|p2a: Kingambit|Poison Jab|p1a: Alomomola\n|-damage|p1a: Alomomola|51\/100\n|-status|p1a: Alomomola|psn\n|move|p1a: Alomomola|Wish|p1a: Alomomola\n|\n|-heal|p1a: Alomomola|57\/100 psn|[from] item: Leftovers\n|-damage|p1a: Alomomola|45\/100 psn|[from] psn\n|-damage|p2a: Kingambit|61\/100 brn|[from] brn\n|upkeep\n|turn|33\n|\n|t:|1700598574\n|switch|p1a: Snorlax|Snorlax, M|100\/100\n|move|p2a: Kingambit|Knock Off|p1a: Snorlax\n|-damage|p1a: Snorlax|75\/100\n|-enditem|p1a: Snorlax|Leftovers|[from] move: Knock Off|[of] p2a: Kingambit\n|\n|-heal|p1a: Snorlax|100\/100|[from] move: Wish|[wisher] Alomomola\n|-damage|p2a: Kingambit|55\/100 brn|[from] brn\n|upkeep\n|turn|34\n|\n|t:|1700598588\n|move|p2a: Kingambit|Poison Jab|p1a: Snorlax\n|-damage|p1a: Snorlax|86\/100\n|move|p1a: Snorlax|Body Press|p2a: Kingambit\n|-supereffective|p2a: Kingambit\n|-damage|p2a: Kingambit|0 fnt\n|faint|p2a: Kingambit\n|-end|p2a: Kingambit|fallen5|[silent]\n|\n|win|aguinaldo124\n|raw|aguinaldo124's rating: 1180 &rarr; <strong>1215<\/strong><br \/>(+35 for winning)\n|raw|Kabuto003's rating: 1330 &rarr; <strong>1302<\/strong><br \/>(-28 for losing)\n|l|\u2606Kabuto003\n|l|\u2606aguinaldo124\n|j|\u2606aguinaldo124\n|player|p1|aguinaldo124|bruno\n","uploadtime":1700598614,"views":1,"p1id":"aguinaldo124","p2id":"kabuto003","formatid":"gen9nationaldexubers","rating":1215,"private":0,"password":""}