{"id":"gen9nationaldexubers-1989409843","p1":"JOUUU","p2":"Oukix","format":"[Gen 9] National Dex Ubers","log":"|j|\u2606JOUUU\n|j|\u2606Oukix\n|t:|1699846608\n|gametype|singles\n|player|p1|JOUUU|youngster|\n|player|p2|Oukix|169|\n|teamsize|p1|4\n|teamsize|p2|4\n|gen|9\n|tier|[Gen 9] National Dex Ubers\n|rule|HP Percentage Mod: HP is shown in percentages\n|rule|Endless Battle Clause: Forcing endless battles is banned\n|rule|OHKO Clause: OHKO moves are banned\n|rule|Evasion Moves Clause: Evasion moves are banned\n|rule|Evasion Items Clause: Evasion items are banned\n|rule|Species Clause: Limit one of each Pok\u00e9mon\n|rule|Sleep Clause Mod: Limit one foe put to sleep\n|rule|Mega Rayquaza Clause: You cannot mega evolve Rayquaza\n|clearpoke\n|poke|p1|Excadrill, L38, M|\n|poke|p1|Venusaur, L38, F|\n|poke|p1|Beartic, L38, F|\n|poke|p1|Dusknoir, L38, M|\n|poke|p2|Toxtricity, L39, M|\n|poke|p2|Zweilous, L38, F|\n|poke|p2|Grotle, L38, M|\n|poke|p2|Pignite, L37, M|\n|teampreview\n|\n|t:|1699846616\n|start\n|switch|p1a: Narizon|Excadrill, L38, M|100\/100\n|switch|p2a: Toxtricity|Toxtricity, L39, M|100\/100\n|turn|1\n|\n|t:|1699846625\n|switch|p2a: Grotle|Grotle, L38, M|100\/100\n|move|p1a: Narizon|Iron Defense|p1a: Narizon\n|-boost|p1a: Narizon|def|2\n|\n|upkeep\n|turn|2\n|\n|t:|1699846634\n|-terastallize|p1a: Narizon|Grass\n|move|p1a: Narizon|Iron Defense|p1a: Narizon\n|-boost|p1a: Narizon|def|2\n|move|p2a: Grotle|Seed Bomb|p1a: Narizon\n|-resisted|p1a: Narizon\n|-damage|p1a: Narizon|93\/100\n|\n|-heal|p1a: Narizon|98\/100|[from] item: Leftovers\n|upkeep\n|turn|3\n|\n|t:|1699846646\n|switch|p2a: Pignite|Pignite, L37, M|100\/100\n|move|p1a: Narizon|Hone Claws|p1a: Narizon\n|-boost|p1a: Narizon|atk|1\n|-boost|p1a: Narizon|accuracy|1\n|\n|-heal|p1a: Narizon|100\/100|[from] item: Leftovers\n|upkeep\n|turn|4\n|\n|t:|1699846656\n|move|p1a: Narizon|Earthquake|p2a: Pignite\n|-supereffective|p2a: Pignite\n|-damage|p2a: Pignite|0 fnt\n|faint|p2a: Pignite\n|\n|upkeep\n|\n|t:|1699846662\n|switch|p2a: Grotle|Grotle, L38, M|100\/100\n|turn|5\n|\n|t:|1699846668\n|-terastallize|p2a: Grotle|Grass\n|move|p1a: Narizon|Hone Claws|p1a: Narizon\n|-boost|p1a: Narizon|atk|1\n|-boost|p1a: Narizon|accuracy|1\n|move|p2a: Grotle|Trailblaze|p1a: Narizon\n|-resisted|p1a: Narizon\n|-damage|p1a: Narizon|93\/100\n|-boost|p2a: Grotle|spe|1\n|\n|-heal|p1a: Narizon|98\/100|[from] item: Leftovers\n|upkeep\n|turn|6\n|\n|t:|1699846682\n|move|p1a: Narizon|Brick Break|p2a: Grotle\n|-damage|p2a: Grotle|38\/100\n|move|p2a: Grotle|Iron Head|p1a: Narizon\n|-damage|p1a: Narizon|87\/100\n|\n|-heal|p1a: Narizon|92\/100|[from] item: Leftovers\n|upkeep\n|turn|7\n|\n|t:|1699846691\n|move|p1a: Narizon|Brick Break|p2a: Grotle\n|-damage|p2a: Grotle|0 fnt\n|faint|p2a: Grotle\n|\n|-heal|p1a: Narizon|98\/100|[from] item: Leftovers\n|upkeep\n|\n|t:|1699846696\n|switch|p2a: Zweilous|Zweilous, L38, F|100\/100\n|turn|8\n|\n|t:|1699846707\n|move|p1a: Narizon|Hone Claws|p1a: Narizon\n|-boost|p1a: Narizon|atk|1\n|-boost|p1a: Narizon|accuracy|1\n|move|p2a: Zweilous|Zen Headbutt|p1a: Narizon|[miss]\n|-miss|p2a: Zweilous|p1a: Narizon\n|\n|-heal|p1a: Narizon|100\/100|[from] item: Leftovers\n|upkeep\n|turn|9\n|\n|t:|1699846718\n|move|p1a: Narizon|Iron Defense|p1a: Narizon\n|-boost|p1a: Narizon|def|2\n|move|p2a: Zweilous|Zen Headbutt|p1a: Narizon\n|-damage|p1a: Narizon|84\/100\n|\n|-heal|p1a: Narizon|90\/100|[from] item: Leftovers\n|upkeep\n|turn|10\n|\n|t:|1699846727\n|move|p1a: Narizon|Earthquake|p2a: Zweilous\n|-damage|p2a: Zweilous|0 fnt\n|faint|p2a: Zweilous\n|\n|-heal|p1a: Narizon|96\/100|[from] item: Leftovers\n|upkeep\n|\n|t:|1699846741\n|switch|p2a: Toxtricity|Toxtricity, L39, M|100\/100\n|turn|11\n|\n|t:|1699846751\n|move|p1a: Narizon|Earthquake|p2a: Toxtricity\n|-supereffective|p2a: Toxtricity\n|-damage|p2a: Toxtricity|0 fnt\n|faint|p2a: Toxtricity\n|\n|win|JOUUU\n","uploadtime":1699846759,"views":14,"p1id":"jouuu","p2id":"oukix","formatid":"gen9nationaldexubers","rating":0,"private":0,"password":""}