{"id":"gen9nationaldexubers-1981095168","p1":"Mudseph03","p2":"MrBest2023","format":"[Gen 9] National Dex Ubers","log":"|j|\u2606Mudseph03\n|j|\u2606MrBest2023\n|t:|1698863149\n|gametype|singles\n|player|p1|Mudseph03|red|1234\n|player|p2|MrBest2023|unknown|1168\n|teamsize|p1|6\n|teamsize|p2|6\n|gen|9\n|tier|[Gen 9] National Dex Ubers\n|rated|\n|rule|HP Percentage Mod: HP is shown in percentages\n|rule|Endless Battle Clause: Forcing endless battles is banned\n|rule|OHKO Clause: OHKO moves are banned\n|rule|Evasion Moves Clause: Evasion moves are banned\n|rule|Evasion Items Clause: Evasion items are banned\n|rule|Species Clause: Limit one of each Pok\u00e9mon\n|rule|Sleep Clause Mod: Limit one foe put to sleep\n|rule|Mega Rayquaza Clause: You cannot mega evolve Rayquaza\n|clearpoke\n|poke|p1|Dragapult, M|\n|poke|p1|Kartana|\n|poke|p1|Aegislash, M|\n|poke|p1|Quagsire, M|\n|poke|p1|Heatran, M|\n|poke|p1|Togekiss, M|\n|poke|p2|Arceus|\n|poke|p2|Ditto|\n|poke|p2|Lopunny, F|\n|poke|p2|Cyclizar, F|\n|poke|p2|Ambipom, M|\n|poke|p2|Porygon-Z|\n|teampreview\n|\n|t:|1698863154\n|start\n|switch|p1a: Puyolsire|Quagsire, M|100\/100\n|switch|p2a: Cyclizar|Cyclizar, F|100\/100\n|turn|1\n|\n|t:|1698863167\n|move|p2a: Cyclizar|Dragon Claw|p1a: Puyolsire\n|-damage|p1a: Puyolsire|78\/100\n|move|p1a: Puyolsire|Earthquake|p2a: Cyclizar\n|-damage|p2a: Cyclizar|44\/100\n|\n|-heal|p1a: Puyolsire|84\/100|[from] item: Leftovers\n|upkeep\n|turn|2\n|\n|t:|1698863189\n|switch|p2a: Porygon-Z|Porygon-Z|100\/100\n|move|p1a: Puyolsire|Spikes|p2a: Porygon-Z\n|-sidestart|p2: MrBest2023|Spikes\n|\n|-heal|p1a: Puyolsire|90\/100|[from] item: Leftovers\n|upkeep\n|turn|3\n|\n|t:|1698863198\n|switch|p1a: Christran|Heatran, M|100\/100\n|move|p2a: Porygon-Z|Toxic|p1a: Christran\n|-immune|p1a: Christran\n|\n|upkeep\n|turn|4\n|\n|t:|1698863206\n|move|p2a: Porygon-Z|Discharge|p1a: Christran\n|-damage|p1a: Christran|88\/100\n|move|p1a: Christran|Magma Storm|p2a: Porygon-Z\n|-damage|p2a: Porygon-Z|38\/100\n|-activate|p2a: Porygon-Z|move: Magma Storm|[of] p1a: Christran\n|\n|-heal|p2a: Porygon-Z|45\/100|[from] item: Leftovers\n|-damage|p2a: Porygon-Z|32\/100|[from] move: Magma Storm|[partiallytrapped]\n|upkeep\n|turn|5\n|\n|t:|1698863221\n|move|p2a: Porygon-Z|Discharge|p1a: Christran\n|-damage|p1a: Christran|74\/100\n|move|p1a: Christran|Flash Cannon|p2a: Porygon-Z\n|-damage|p2a: Porygon-Z|0 fnt\n|faint|p2a: Porygon-Z\n|\n|upkeep\n|\n|t:|1698863229\n|switch|p2a: Cyclizar|Cyclizar, F|77\/100\n|turn|6\n|\n|t:|1698863240\n|move|p2a: Cyclizar|Rapid Spin|p1a: Christran\n|-resisted|p1a: Christran\n|-damage|p1a: Christran|66\/100\n|-boost|p2a: Cyclizar|spe|1\n|-sideend|p2: MrBest2023|Spikes|[from] move: Rapid Spin|[of] p2a: Cyclizar\n|move|p1a: Christran|Magma Storm|p2a: Cyclizar|[miss]\n|-miss|p1a: Christran|p2a: Cyclizar\n|\n|upkeep\n|turn|7\n|\n|t:|1698863249\n|move|p2a: Cyclizar|Shed Tail|p2a: Cyclizar\n|-start|p2a: Cyclizar|Substitute|[from] move: Shed Tail\n|-damage|p2a: Cyclizar|27\/100\n|\n|t:|1698863256\n|switch|p2a: Ambipom|Ambipom, M|100\/100|[from] Shed Tail\n|move|p1a: Christran|Magma Storm|p2a: Ambipom\n|-end|p2a: Ambipom|Substitute\n|\n|upkeep\n|turn|8\n|\n|t:|1698863284\n|switch|p1a: Saiko no Hero|Aegislash, M|100\/100\n|move|p2a: Ambipom|Fake Out|p1a: Saiko no Hero\n|-immune|p1a: Saiko no Hero\n|\n|upkeep\n|turn|9\n|\n|t:|1698863294\n|switch|p2a: Cyclizar|Cyclizar, F|60\/100\n|-formechange|p1a: Saiko no Hero|Aegislash-Blade||[from] ability: Stance Change\n|move|p1a: Saiko no Hero|Gyro Ball|p2a: Cyclizar\n|-damage|p2a: Cyclizar|0 fnt\n|faint|p2a: Cyclizar\n|\n|upkeep\n|\n|t:|1698863304\n|switch|p2a: Lopunny|Lopunny, F|100\/100\n|turn|10\n|\n|t:|1698863310\n|detailschange|p2a: Lopunny|Lopunny-Mega, F\n|-mega|p2a: Lopunny|Lopunny|Lopunnite\n|-formechange|p1a: Saiko no Hero|Aegislash||[from] ability: Stance Change\n|move|p1a: Saiko no Hero|King's Shield|p1a: Saiko no Hero\n|-singleturn|p1a: Saiko no Hero|Protect\n|move|p2a: Lopunny|Fake Out|p1a: Saiko no Hero\n|-activate|p1a: Saiko no Hero|move: Protect\n|-unboost|p2a: Lopunny|atk|1\n|\n|upkeep\n|turn|11\n|\n|t:|1698863321\n|switch|p2a: Ditto|Ditto|100\/100\n|-transform|p2a: Ditto|p1a: Saiko no Hero|[from] ability: Imposter\n|-terastallize|p1a: Saiko no Hero|Ghost\n|-formechange|p1a: Saiko no Hero|Aegislash-Blade||[from] ability: Stance Change\n|move|p1a: Saiko no Hero|Gyro Ball|p2a: Ditto\n|-resisted|p2a: Ditto\n|-damage|p2a: Ditto|87\/100\n|\n|upkeep\n|turn|12\n|-activate|p2a: Ditto|item: Quick Claw\n|\n|t:|1698863339\n|-formechange|p1a: Saiko no Hero|Aegislash||[from] ability: Stance Change\n|move|p1a: Saiko no Hero|King's Shield|p1a: Saiko no Hero\n|-singleturn|p1a: Saiko no Hero|Protect\n|move|p2a: Ditto|Swords Dance|p2a: Ditto\n|-boost|p2a: Ditto|atk|2\n|\n|upkeep\n|turn|13\n|\n|t:|1698863352\n|switch|p1a: Puyolsire|Quagsire, M|90\/100\n|move|p2a: Ditto|Shadow Sneak|p1a: Puyolsire\n|-damage|p1a: Puyolsire|81\/100\n|\n|-heal|p1a: Puyolsire|87\/100|[from] item: Leftovers\n|upkeep\n|turn|14\n|\n|t:|1698863360\n|move|p2a: Ditto|King's Shield|p2a: Ditto\n|-singleturn|p2a: Ditto|Protect\n|move|p1a: Puyolsire|Spikes|p2a: Ditto\n|-sidestart|p2: MrBest2023|Spikes\n|\n|-heal|p1a: Puyolsire|93\/100|[from] item: Leftovers\n|upkeep\n|turn|15\n|\n|t:|1698863371\n|switch|p2a: Ambipom|Ambipom, M|100\/100\n|-damage|p2a: Ambipom|88\/100|[from] Spikes\n|move|p1a: Puyolsire|Earthquake|p2a: Ambipom\n|-damage|p2a: Ambipom|40\/100\n|\n|-heal|p1a: Puyolsire|99\/100|[from] item: Leftovers\n|upkeep\n|turn|16\n|\n|t:|1698863383\n|move|p2a: Ambipom|Fake Out|p1a: Puyolsire\n|-damage|p1a: Puyolsire|79\/100\n|cant|p1a: Puyolsire|flinch\n|\n|-heal|p1a: Puyolsire|86\/100|[from] item: Leftovers\n|upkeep\n|turn|17\n|\n|t:|1698863389\n|move|p2a: Ambipom|Tail Slap|p1a: Puyolsire\n|-damage|p1a: Puyolsire|74\/100\n|-damage|p1a: Puyolsire|62\/100\n|-damage|p1a: Puyolsire|49\/100\n|-damage|p1a: Puyolsire|37\/100\n|-damage|p1a: Puyolsire|25\/100\n|-hitcount|p1a: Puyolsire|5\n|move|p1a: Puyolsire|Spikes|p2a: Ambipom\n|-sidestart|p2: MrBest2023|Spikes\n|\n|-heal|p1a: Puyolsire|31\/100|[from] item: Leftovers\n|upkeep\n|turn|18\n|\n|t:|1698863400\n|switch|p1a: Saiko no Hero|Aegislash, M, tera:Ghost|100\/100\n|move|p2a: Ambipom|Tail Slap|p1a: Saiko no Hero\n|-immune|p1a: Saiko no Hero\n|\n|upkeep\n|turn|19\n|\n|t:|1698863412\n|move|p2a: Ambipom|Aerial Ace|p1a: Saiko no Hero\n|-damage|p1a: Saiko no Hero|80\/100\n|-formechange|p1a: Saiko no Hero|Aegislash-Blade||[from] ability: Stance Change\n|move|p1a: Saiko no Hero|Gyro Ball|p2a: Ambipom\n|-damage|p2a: Ambipom|0 fnt\n|faint|p2a: Ambipom\n|\n|upkeep\n|\n|t:|1698863421\n|switch|p2a: Ditto|Ditto|87\/100\n|-damage|p2a: Ditto|71\/100|[from] Spikes\n|-transform|p2a: Ditto|p1a: Saiko no Hero|[from] ability: Imposter\n|-start|p2a: Ditto|typechange|Steel\/Ghost|[silent]\n|turn|20\n|\n|t:|1698863434\n|move|p2a: Ditto|King's Shield|p2a: Ditto\n|-singleturn|p2a: Ditto|Protect\n|move|p1a: Saiko no Hero|Shadow Sneak|p2a: Ditto\n|-activate|p2a: Ditto|move: Protect\n|-unboost|p1a: Saiko no Hero|atk|1\n|\n|upkeep\n|turn|21\n|\n|t:|1698863441\n|switch|p1a: Puyolsire|Quagsire, M|31\/100\n|move|p2a: Ditto|Swords Dance|p2a: Ditto\n|-boost|p2a: Ditto|atk|2\n|\n|-heal|p1a: Puyolsire|37\/100|[from] item: Leftovers\n|upkeep\n|turn|22\n|\n|t:|1698863448\n|move|p2a: Ditto|Gyro Ball|p1a: Puyolsire\n|-resisted|p1a: Puyolsire\n|-damage|p1a: Puyolsire|32\/100\n|move|p1a: Puyolsire|Recover|p1a: Puyolsire\n|-heal|p1a: Puyolsire|82\/100\n|\n|-heal|p1a: Puyolsire|89\/100|[from] item: Leftovers\n|upkeep\n|turn|23\n|\n|t:|1698863463\n|switch|p2a: Lopunny|Lopunny-Mega, F|100\/100\n|-damage|p2a: Lopunny|84\/100|[from] Spikes\n|move|p1a: Puyolsire|Spikes|p2a: Lopunny\n|-sidestart|p2: MrBest2023|Spikes\n|\n|-heal|p1a: Puyolsire|95\/100|[from] item: Leftovers\n|upkeep\n|turn|24\n|\n|t:|1698863470\n|move|p2a: Lopunny|Fake Out|p1a: Puyolsire\n|-damage|p1a: Puyolsire|78\/100\n|cant|p1a: Puyolsire|flinch\n|\n|-heal|p1a: Puyolsire|84\/100|[from] item: Leftovers\n|upkeep\n|turn|25\n|\n|t:|1698863479\n|move|p2a: Lopunny|Drain Punch|p1a: Puyolsire\n|-damage|p1a: Puyolsire|57\/100\n|-heal|p2a: Lopunny|100\/100|[from] drain|[of] p1a: Puyolsire\n|move|p1a: Puyolsire|Toxic|p2a: Lopunny\n|-status|p2a: Lopunny|tox\n|\n|-heal|p1a: Puyolsire|63\/100|[from] item: Leftovers\n|-damage|p2a: Lopunny|95\/100 tox|[from] psn\n|upkeep\n|turn|26\n|\n|t:|1698863488\n|move|p2a: Lopunny|Drain Punch|p1a: Puyolsire\n|-damage|p1a: Puyolsire|35\/100\n|-heal|p2a: Lopunny|100\/100 tox|[from] drain|[of] p1a: Puyolsire\n|move|p1a: Puyolsire|Recover|p1a: Puyolsire\n|-heal|p1a: Puyolsire|85\/100\n|\n|-heal|p1a: Puyolsire|91\/100|[from] item: Leftovers\n|-damage|p2a: Lopunny|89\/100 tox|[from] psn\n|upkeep\n|turn|27\n|\n|t:|1698863518\n|switch|p2a: Ditto|Ditto|71\/100\n|-damage|p2a: Ditto|46\/100|[from] Spikes\n|-transform|p2a: Ditto|p1a: Puyolsire|[from] ability: Imposter\n|move|p1a: Puyolsire|Earthquake|p2a: Ditto\n|-damage|p2a: Ditto|21\/100\n|\n|-heal|p1a: Puyolsire|97\/100|[from] item: Leftovers\n|upkeep\n|turn|28\n|\n|t:|1698863529\n|switch|p1a: Godtana|Kartana|100\/100\n|move|p2a: Ditto|Recover|p2a: Ditto\n|-heal|p2a: Ditto|71\/100\n|\n|upkeep\n|turn|29\n|\n|t:|1698863536\n|move|p1a: Godtana|Leaf Blade|p2a: Ditto\n|-supereffective|p2a: Ditto\n|-damage|p2a: Ditto|0 fnt\n|faint|p2a: Ditto\n|-ability|p1a: Godtana|Beast Boost|boost\n|-boost|p1a: Godtana|atk|1\n|\n|upkeep\n|\n|t:|1698863542\n|switch|p2a: Arceus|Arceus|100\/100\n|-damage|p2a: Arceus|75\/100|[from] Spikes\n|turn|30\n|\n|t:|1698863551\n|move|p1a: Godtana|Leaf Blade|p2a: Arceus\n|-damage|p2a: Arceus|19\/100\n|move|p2a: Arceus|Cosmic Power|p2a: Arceus\n|-boost|p2a: Arceus|def|1\n|-boost|p2a: Arceus|spd|1\n|\n|-heal|p2a: Arceus|25\/100|[from] item: Leftovers\n|upkeep\n|turn|31\n|\n|t:|1698863561\n|move|p2a: Arceus|Extreme Speed|p1a: Godtana\n|-resisted|p1a: Godtana\n|-crit|p1a: Godtana\n|-damage|p1a: Godtana|69\/100\n|move|p1a: Godtana|Leaf Blade|p2a: Arceus\n|-damage|p2a: Arceus|0 fnt\n|faint|p2a: Arceus\n|-ability|p1a: Godtana|Beast Boost|boost\n|-boost|p1a: Godtana|atk|1\n|\n|upkeep\n|c|\u2606MrBest2023|gg\n|\n|t:|1698863570\n|switch|p2a: Lopunny|Lopunny-Mega, F|89\/100 tox\n|-damage|p2a: Lopunny|64\/100 tox|[from] Spikes\n|turn|32\n|\n|t:|1698863575\n|move|p1a: Godtana|Leaf Blade|p2a: Lopunny\n|-damage|p2a: Lopunny|0 fnt\n|faint|p2a: Lopunny\n|\n|win|Mudseph03\n|raw|Mudseph03's rating: 1234 &rarr; <strong>1254<\/strong><br \/>(+20 for winning)\n|raw|MrBest2023's rating: 1168 &rarr; <strong>1148<\/strong><br \/>(-20 for losing)\n|c|\u2606Mudseph03|gg\n|l|\u2606MrBest2023\n","uploadtime":1698863593,"views":7,"p1id":"mudseph03","p2id":"mrbest2023","formatid":"gen9nationaldexubers","rating":1148,"private":0,"password":""}