{"id":"gen9nationaldexubers-1983674668","p1":"Hari Ganesh D","p2":"MemeBuilding","format":"[Gen 9] National Dex Ubers","log":"|j|\u2606Hari Ganesh D\n|j|\u2606MemeBuilding\n|t:|1699157730\n|gametype|singles\n|player|p1|Hari Ganesh D|leon|1277\n|player|p2|MemeBuilding|lusamine|1000\n|teamsize|p1|6\n|teamsize|p2|6\n|gen|9\n|tier|[Gen 9] National Dex Ubers\n|rated|\n|rule|HP Percentage Mod: HP is shown in percentages\n|rule|Endless Battle Clause: Forcing endless battles is banned\n|rule|OHKO Clause: OHKO moves are banned\n|rule|Evasion Moves Clause: Evasion moves are banned\n|rule|Evasion Items Clause: Evasion items are banned\n|rule|Species Clause: Limit one of each Pok\u00e9mon\n|rule|Sleep Clause Mod: Limit one foe put to sleep\n|rule|Mega Rayquaza Clause: You cannot mega evolve Rayquaza\n|clearpoke\n|poke|p1|Arceus|\n|poke|p1|Mewtwo|\n|poke|p1|Ogerpon-Hearthflame, F|\n|poke|p1|Zygarde|\n|poke|p1|Basculegion, M|\n|poke|p1|Xerneas-*|\n|poke|p2|Blacephalon|\n|poke|p2|Diggersby, M|\n|poke|p2|Wobbuffet, M|\n|poke|p2|Dottler, M|\n|poke|p2|Guzzlord|\n|poke|p2|Regieleki|\n|teampreview\n|inactive|Battle timer is ON: inactive players will automatically lose when time's up. (requested by Hari Ganesh D)\n|\n|t:|1699157740\n|start\n|switch|p1a: Ogerpon|Ogerpon-Hearthflame, F|100\/100\n|switch|p2a: Dottler|Dottler, M, shiny|100\/100\n|-ability|p1a: Ogerpon|Mold Breaker\n|turn|1\n|\n|t:|1699157757\n|switch|p2a: Guzzlord|Guzzlord|100\/100\n|-terastallize|p1a: Ogerpon|Fire\n|detailschange|p1a: Ogerpon|Ogerpon-Hearthflame-Tera, F, tera:Fire\n|-ability|p1a: Ogerpon|Embody Aspect (Hearthflame)|boost\n|-boost|p1a: Ogerpon|atk|1\n|move|p1a: Ogerpon|Ivy Cudgel|p2a: Guzzlord\n|-resisted|p2a: Guzzlord\n|-damage|p2a: Guzzlord|48\/100\n|\n|upkeep\n|turn|2\n|\n|t:|1699157766\n|move|p2a: Guzzlord|Endure|p2a: Guzzlord\n|-singleturn|p2a: Guzzlord|move: Endure\n|move|p1a: Ogerpon|Ivy Cudgel|p2a: Guzzlord\n|-resisted|p2a: Guzzlord\n|-activate|p2a: Guzzlord|move: Endure\n|-damage|p2a: Guzzlord|1\/100\n|\n|upkeep\n|turn|3\n|-enditem|p2a: Guzzlord|Custap Berry|[eat]\n|-activate|p2a: Guzzlord|item: Custap Berry|[consumed]\n|\n|t:|1699157773\n|move|p2a: Guzzlord|Knock Off|p1a: Ogerpon\n|-damage|p1a: Ogerpon|51\/100\n|move|p1a: Ogerpon|Ivy Cudgel|p2a: Guzzlord\n|-resisted|p2a: Guzzlord\n|-crit|p2a: Guzzlord\n|-damage|p2a: Guzzlord|0 fnt\n|faint|p2a: Guzzlord\n|\n|upkeep\n|inactive|MemeBuilding has 120 seconds left.\n|\n|t:|1699157803\n|switch|p2a: Regieleki|Regieleki|100\/100\n|turn|4\n|\n|t:|1699157809\n|move|p2a: Regieleki|Volt Switch|p1a: Ogerpon\n|-damage|p1a: Ogerpon|0 fnt\n|faint|p1a: Ogerpon\n|\n|t:|1699157817\n|switch|p2a: Diggersby|Diggersby, M|100\/100|[from] Volt Switch\n|\n|upkeep\n|\n|t:|1699157824\n|switch|p1a: Xerneas|Xerneas|100\/100\n|-ability|p1a: Xerneas|Fairy Aura\n|turn|5\n|\n|t:|1699157833\n|move|p2a: Diggersby|Earthquake|p1a: Xerneas\n|-damage|p1a: Xerneas|40\/100\n|move|p1a: Xerneas|Geomancy||[still]\n|-prepare|p1a: Xerneas|Geomancy\n|-enditem|p1a: Xerneas|Power Herb\n|-anim|p1a: Xerneas|Geomancy|p1a: Xerneas\n|-boost|p1a: Xerneas|spa|2\n|-boost|p1a: Xerneas|spd|2\n|-boost|p1a: Xerneas|spe|2\n|\n|upkeep\n|turn|6\n|\n|t:|1699157845\n|move|p2a: Diggersby|Quick Attack|p1a: Xerneas\n|-damage|p1a: Xerneas|15\/100\n|move|p1a: Xerneas|Moonblast|p2a: Diggersby\n|-damage|p2a: Diggersby|0 fnt\n|faint|p2a: Diggersby\n|\n|upkeep\n|\n|t:|1699157857\n|switch|p2a: Regieleki|Regieleki|100\/100\n|turn|7\n|\n|t:|1699157862\n|move|p2a: Regieleki|Volt Switch|p1a: Xerneas\n|-damage|p1a: Xerneas|0 fnt\n|faint|p1a: Xerneas\n|\n|t:|1699157872\n|switch|p2a: Dottler|Dottler, M, shiny|100\/100|[from] Volt Switch\n|\n|upkeep\n|\n|t:|1699157882\n|switch|p1a: Arceus|Arceus|100\/100\n|turn|8\n|\n|t:|1699157885\n|move|p1a: Arceus|Dragon Dance|p1a: Arceus\n|-boost|p1a: Arceus|atk|1\n|-boost|p1a: Arceus|spe|1\n|move|p2a: Dottler|Iron Defense|p2a: Dottler\n|-boost|p2a: Dottler|def|2\n|\n|upkeep\n|turn|9\n|\n|t:|1699157891\n|move|p1a: Arceus|Extreme Speed|p2a: Dottler\n|-damage|p2a: Dottler|66\/100\n|move|p2a: Dottler|Iron Defense|p2a: Dottler\n|-boost|p2a: Dottler|def|2\n|\n|upkeep\n|turn|10\n|\n|t:|1699157896\n|move|p1a: Arceus|Extreme Speed|p2a: Dottler\n|-damage|p2a: Dottler|44\/100\n|move|p2a: Dottler|Recover|p2a: Dottler\n|-heal|p2a: Dottler|94\/100\n|\n|upkeep\n|turn|11\n|\n|t:|1699157902\n|move|p1a: Arceus|Dragon Dance|p1a: Arceus\n|-boost|p1a: Arceus|atk|1\n|-boost|p1a: Arceus|spe|1\n|move|p2a: Dottler|Sticky Web|p1a: Arceus\n|-sidestart|p1: Hari Ganesh D|move: Sticky Web\n|\n|upkeep\n|turn|12\n|\n|t:|1699157907\n|move|p1a: Arceus|Extreme Speed|p2a: Dottler\n|-damage|p2a: Dottler|67\/100\n|move|p2a: Dottler|Iron Defense|p2a: Dottler\n|-boost|p2a: Dottler|def|2\n|\n|upkeep\n|turn|13\n|\n|t:|1699157913\n|move|p1a: Arceus|Extreme Speed|p2a: Dottler\n|-damage|p2a: Dottler|47\/100\n|move|p2a: Dottler|Recover|p2a: Dottler\n|-heal|p2a: Dottler|97\/100\n|\n|upkeep\n|turn|14\n|\n|t:|1699157918\n|move|p1a: Arceus|Dragon Dance|p1a: Arceus\n|-boost|p1a: Arceus|atk|1\n|-boost|p1a: Arceus|spe|1\n|move|p2a: Dottler|Body Press|p1a: Arceus\n|-supereffective|p1a: Arceus\n|-damage|p1a: Arceus|0 fnt\n|faint|p1a: Arceus\n|\n|upkeep\n|\n|t:|1699157930\n|switch|p1a: Zygarde|Zygarde|100\/100\n|-activate|p1a: Zygarde|move: Sticky Web\n|-unboost|p1a: Zygarde|spe|1\n|turn|15\n|\n|t:|1699157934\n|-zpower|p1a: Zygarde\n|move|p1a: Zygarde|Z-Coil|p1a: Zygarde|[anim]Coil\n|-clearnegativeboost|p1a: Zygarde|[zeffect]\n|-boost|p1a: Zygarde|atk|1\n|-boost|p1a: Zygarde|def|1\n|-boost|p1a: Zygarde|accuracy|1\n|move|p2a: Dottler|Body Press|p1a: Zygarde\n|-damage|p1a: Zygarde|70\/100\n|\n|upkeep\n|turn|16\n|\n|t:|1699157949\n|move|p1a: Zygarde|Coil|p1a: Zygarde\n|-boost|p1a: Zygarde|atk|1\n|-boost|p1a: Zygarde|def|1\n|-boost|p1a: Zygarde|accuracy|1\n|move|p2a: Dottler|Body Press|p1a: Zygarde\n|-damage|p1a: Zygarde|49\/100\n|\n|-activate|p1a: Zygarde|ability: Power Construct\n|detailschange|p1a: Zygarde|Zygarde-Complete\n|-heal|p1a: Zygarde|66\/100|[silent]\n|upkeep\n|turn|17\n|\n|t:|1699157954\n|switch|p2a: Wobbuffet|Wobbuffet, M|100\/100\n|move|p1a: Zygarde|Thousand Arrows|p2a: Wobbuffet\n|-damage|p2a: Wobbuffet|25\/100\n|-enditem|p2a: Wobbuffet|Sitrus Berry|[eat]\n|-heal|p2a: Wobbuffet|50\/100|[from] item: Sitrus Berry\n|\n|upkeep\n|turn|18\n|\n|t:|1699157962\n|move|p1a: Zygarde|Thousand Arrows|p2a: Wobbuffet\n|-damage|p2a: Wobbuffet|0 fnt\n|faint|p2a: Wobbuffet\n|\n|upkeep\n|\n|t:|1699157967\n|switch|p2a: Regieleki|Regieleki|100\/100\n|turn|19\n|\n|t:|1699157976\n|-terastallize|p2a: Regieleki|Ice\n|move|p2a: Regieleki|Tera Blast|p1a: Zygarde|[anim] Tera Blast Ice\n|-supereffective|p1a: Zygarde\n|-damage|p1a: Zygarde|0 fnt\n|faint|p1a: Zygarde\n|\n|upkeep\n|\n|t:|1699157984\n|switch|p1a: Mewtwo|Mewtwo|100\/100\n|-activate|p1a: Mewtwo|move: Sticky Web\n|-unboost|p1a: Mewtwo|spe|1\n|-ability|p1a: Mewtwo|Pressure\n|turn|20\n|\n|t:|1699157990\n|switch|p2a: Dottler|Dottler, M, shiny|97\/100\n|detailschange|p1a: Mewtwo|Mewtwo-Mega-Y\n|-mega|p1a: Mewtwo|Mewtwo|Mewtwonite Y\n|move|p1a: Mewtwo|Psystrike|p2a: Dottler\n|-resisted|p2a: Dottler\n|-damage|p2a: Dottler|66\/100\n|\n|upkeep\n|turn|21\n|\n|t:|1699157999\n|move|p1a: Mewtwo|Flamethrower|p2a: Dottler\n|-supereffective|p2a: Dottler\n|-damage|p2a: Dottler|15\/100\n|move|p2a: Dottler|Recover|p2a: Dottler\n|-heal|p2a: Dottler|65\/100\n|\n|upkeep\n|turn|22\n|\n|t:|1699158008\n|move|p1a: Mewtwo|Shadow Ball|p2a: Dottler\n|-supereffective|p2a: Dottler\n|-damage|p2a: Dottler|22\/100\n|move|p2a: Dottler|Body Press|p1a: Mewtwo\n|-resisted|p1a: Mewtwo\n|-damage|p1a: Mewtwo|89\/100\n|\n|upkeep\n|turn|23\n|\n|t:|1699158016\n|move|p1a: Mewtwo|Shadow Ball|p2a: Dottler\n|-supereffective|p2a: Dottler\n|-damage|p2a: Dottler|0 fnt\n|faint|p2a: Dottler\n|\n|upkeep\n|\n|t:|1699158023\n|switch|p2a: Regieleki|Regieleki, tera:Ice|100\/100\n|turn|24\n|\n|t:|1699158027\n|move|p2a: Regieleki|Volt Switch|p1a: Mewtwo\n|-damage|p1a: Mewtwo|42\/100\n|\n|t:|1699158029\n|switch|p2a: Blacephalon|Blacephalon|100\/100|[from] Volt Switch\n|move|p1a: Mewtwo|Psystrike|p2a: Blacephalon\n|-damage|p2a: Blacephalon|0 fnt\n|faint|p2a: Blacephalon\n|\n|upkeep\n|\n|t:|1699158036\n|switch|p2a: Regieleki|Regieleki, tera:Ice|100\/100\n|turn|25\n|\n|t:|1699158038\n|move|p2a: Regieleki|Thunderbolt|p1a: Mewtwo\n|-damage|p1a: Mewtwo|0 fnt\n|faint|p1a: Mewtwo\n|\n|upkeep\n|\n|t:|1699158041\n|switch|p1a: Basculegion|Basculegion, M|100\/100\n|-activate|p1a: Basculegion|move: Sticky Web\n|-unboost|p1a: Basculegion|spe|1\n|turn|26\n|\n|t:|1699158047\n|move|p2a: Regieleki|Thunderbolt|p1a: Basculegion\n|-supereffective|p1a: Basculegion\n|-damage|p1a: Basculegion|0 fnt\n|faint|p1a: Basculegion\n|\n|win|MemeBuilding\n|raw|Hari Ganesh D's rating: 1277 &rarr; <strong>1235<\/strong><br \/>(-42 for losing)\n|raw|MemeBuilding's rating: 1000 &rarr; <strong>1067<\/strong><br \/>(+67 for winning)\n|l|\u2606Hari Ganesh D\n","uploadtime":1699158059,"views":13,"p1id":"hariganeshd","p2id":"memebuilding","formatid":"gen9nationaldexubers","rating":1067,"private":0,"password":""}