{"id":"gen9nationaldexubers-1986543883","p1":"mah boss stiff","p2":"TeenageDisaster666","format":"[Gen 9] National Dex Ubers","log":"|j|\u2606mah boss stiff\n|j|\u2606TeenageDisaster666\n|t:|1699490187\n|gametype|singles\n|player|p1|mah boss stiff|kieran|\n|player|p2|TeenageDisaster666|burgh|\n|teamsize|p1|6\n|teamsize|p2|6\n|gen|9\n|tier|[Gen 9] National Dex Ubers\n|rule|HP Percentage Mod: HP is shown in percentages\n|rule|Endless Battle Clause: Forcing endless battles is banned\n|rule|OHKO Clause: OHKO moves are banned\n|rule|Evasion Moves Clause: Evasion moves are banned\n|rule|Evasion Items Clause: Evasion items are banned\n|rule|Species Clause: Limit one of each Pok\u00e9mon\n|rule|Sleep Clause Mod: Limit one foe put to sleep\n|rule|Mega Rayquaza Clause: You cannot mega evolve Rayquaza\n|clearpoke\n|poke|p1|Ivysaur, M|\n|poke|p1|Okidogi, M|\n|poke|p1|Regirock|\n|poke|p1|Mewtwo|\n|poke|p1|Tranquill, F|\n|poke|p1|Bisharp, F|\n|poke|p2|Urshifu-*, F|\n|poke|p2|Ursaluna, M|\n|poke|p2|Tornadus, M|\n|poke|p2|Annihilape, F|\n|poke|p2|Amoonguss, M|\n|poke|p2|Flutter Mane|\n|teampreview\n|inactive|Battle timer is ON: inactive players will automatically lose when time's up. (requested by mah boss stiff)\n|j| pikakip379\n|c| pikakip379|So that, just as sin reigned in death, so also grace might reign through righteousness to bring eternal life through Jesus Christ our Lord.\n|c| pikakip379|Romans 5:21\n|j| girlboss for hire\n|c| pikakip379|glhf!\n|\n|t:|1699490201\n|start\n|switch|p1a: shut up pika|Ivysaur, M|100\/100\n|switch|p2a: Urshifu|Urshifu-Rapid-Strike, F|100\/100\n|turn|1\n|c| girlboss for hire|oki dogersson\n|\n|t:|1699490211\n|switch|p2a: Goku|Tornadus, M|100\/100\n|move|p1a: shut up pika|Leech Seed|p2a: Goku\n|-start|p2a: Goku|move: Leech Seed\n|\n|-damage|p2a: Goku|88\/100|[from] Leech Seed|[of] p1a: shut up pika\n|upkeep\n|turn|2\n|c| girlboss for hire|please save me oki dogersson\n|\n|t:|1699490218\n|move|p2a: Goku|Air Slash|p1a: shut up pika\n|-supereffective|p1a: shut up pika\n|-damage|p1a: shut up pika|65\/100\n|move|p1a: shut up pika|Toxic|p2a: Goku\n|-status|p2a: Goku|tox\n|\n|-damage|p2a: Goku|76\/100 tox|[from] Leech Seed|[of] p1a: shut up pika\n|-heal|p1a: shut up pika|78\/100|[silent]\n|-damage|p2a: Goku|70\/100 tox|[from] psn\n|upkeep\n|turn|3\n|\n|t:|1699490227\n|move|p1a: shut up pika|Protect|p1a: shut up pika\n|-singleturn|p1a: shut up pika|Protect\n|move|p2a: Goku|Air Slash|p1a: shut up pika\n|-activate|p1a: shut up pika|move: Protect\n|\n|-damage|p2a: Goku|58\/100 tox|[from] Leech Seed|[of] p1a: shut up pika\n|-heal|p1a: shut up pika|91\/100|[silent]\n|-damage|p2a: Goku|46\/100 tox|[from] psn\n|upkeep\n|turn|4\n|\n|t:|1699490241\n|switch|p2a: Megumin|Flutter Mane|100\/100\n|-enditem|p2a: Megumin|Booster Energy\n|-activate|p2a: Megumin|ability: Protosynthesis|[fromitem]\n|-start|p2a: Megumin|protosynthesisspa\n|move|p1a: shut up pika|Giga Drain|p2a: Megumin\n|-damage|p2a: Megumin|78\/100\n|-heal|p1a: shut up pika|100\/100|[from] drain|[of] p2a: Megumin\n|\n|upkeep\n|turn|5\n|\n|t:|1699490250\n|-terastallize|p2a: Megumin|Electric\n|move|p2a: Megumin|Mystical Fire|p1a: shut up pika\n|-supereffective|p1a: shut up pika\n|-damage|p1a: shut up pika|59\/100\n|-unboost|p1a: shut up pika|spa|1\n|move|p1a: shut up pika|Leech Seed|p2a: Megumin\n|-start|p2a: Megumin|move: Leech Seed\n|\n|-damage|p2a: Megumin|65\/100|[from] Leech Seed|[of] p1a: shut up pika\n|-heal|p1a: shut up pika|70\/100|[silent]\n|upkeep\n|turn|6\n|\n|t:|1699490259\n|-end|p2a: Megumin|Protosynthesis|[silent]\n|switch|p2a: Unga Unga|Annihilape, F|100\/100\n|move|p1a: shut up pika|Protect||[still]\n|-fail|p1a: shut up pika\n|\n|upkeep\n|turn|7\n|\n|t:|1699490266\n|move|p2a: Unga Unga|Bulk Up|p2a: Unga Unga\n|-boost|p2a: Unga Unga|atk|1\n|-boost|p2a: Unga Unga|def|1\n|move|p1a: shut up pika|Leech Seed|p2a: Unga Unga\n|-start|p2a: Unga Unga|move: Leech Seed\n|\n|-damage|p2a: Unga Unga|88\/100|[from] Leech Seed|[of] p1a: shut up pika\n|-heal|p1a: shut up pika|85\/100|[silent]\n|upkeep\n|turn|8\n|c| pikakip379|This is love: not that we loved God, but that he loved us and sent his Son as an atoning sacrifice for our sins.\n|c| pikakip379|1 John 4:10\n|\n|t:|1699490273\n|move|p2a: Unga Unga|Rage Fist|p1a: shut up pika\n|-damage|p1a: shut up pika|55\/100\n|move|p1a: shut up pika|Toxic|p2a: Unga Unga\n|-status|p2a: Unga Unga|tox\n|\n|-heal|p2a: Unga Unga|94\/100 tox|[from] item: Leftovers\n|-damage|p2a: Unga Unga|82\/100 tox|[from] Leech Seed|[of] p1a: shut up pika\n|-heal|p1a: shut up pika|70\/100|[silent]\n|-damage|p2a: Unga Unga|76\/100 tox|[from] psn\n|upkeep\n|turn|9\n|c| pikakip379|this man should be flipping burgers\n|\n|t:|1699490291\n|switch|p1a: Mewtwo|Mewtwo|100\/100\n|-ability|p1a: Mewtwo|Pressure\n|move|p2a: Unga Unga|Rage Fist|p1a: Mewtwo\n|-supereffective|p1a: Mewtwo\n|-damage|p1a: Mewtwo|39\/100\n|\n|-heal|p2a: Unga Unga|82\/100 tox|[from] item: Leftovers\n|-damage|p2a: Unga Unga|69\/100 tox|[from] Leech Seed|[of] p1a: Mewtwo\n|-heal|p1a: Mewtwo|52\/100|[silent]\n|-damage|p2a: Unga Unga|57\/100 tox|[from] psn\n|upkeep\n|turn|10\n|\n|t:|1699490302\n|detailschange|p1a: Mewtwo|Mewtwo-Mega-X\n|-mega|p1a: Mewtwo|Mewtwo|Mewtwonite X\n|move|p1a: Mewtwo|Recover|p1a: Mewtwo\n|-heal|p1a: Mewtwo|100\/100\n|move|p2a: Unga Unga|Rage Fist|p1a: Mewtwo\n|-supereffective|p1a: Mewtwo\n|-damage|p1a: Mewtwo|45\/100\n|\n|-heal|p2a: Unga Unga|63\/100 tox|[from] item: Leftovers\n|-damage|p2a: Unga Unga|51\/100 tox|[from] Leech Seed|[of] p1a: Mewtwo\n|-heal|p1a: Mewtwo|57\/100|[silent]\n|-damage|p2a: Unga Unga|32\/100 tox|[from] psn\n|upkeep\n|turn|11\n|c|\u2606TeenageDisaster666|shut the fuck up.\n|\n|t:|1699490315\n|move|p1a: Mewtwo|Zen Headbutt|p2a: Unga Unga\n|-supereffective|p2a: Unga Unga\n|-damage|p2a: Unga Unga|0 fnt\n|faint|p2a: Unga Unga\n|\n|upkeep\n|c| pikakip379|:3\n|\n|t:|1699490320\n|switch|p2a: Megumin|Flutter Mane, tera:Electric|65\/100\n|turn|12\n|c|\u2606mah boss stiff|:3\n|c| girlboss for hire|:3\n|\n|t:|1699490326\n|switch|p1a: chansey?|Tranquill, F, shiny|100\/100\n|move|p2a: Megumin|Moonblast|p1a: chansey?\n|-damage|p1a: chansey?|25\/100\n|-unboost|p1a: chansey?|spa|1\n|\n|upkeep\n|turn|13\n|\n|t:|1699490333\n|move|p2a: Megumin|Moonblast|p1a: chansey?\n|-damage|p1a: chansey?|0 fnt\n|faint|p1a: chansey?\n|\n|upkeep\n|\n|t:|1699490336\n|switch|p1a: shut up pika|Ivysaur, M|70\/100\n|turn|14\n|\n|t:|1699490341\n|move|p2a: Megumin|Mystical Fire|p1a: shut up pika\n|-supereffective|p1a: shut up pika\n|-damage|p1a: shut up pika|37\/100\n|-unboost|p1a: shut up pika|spa|1\n|move|p1a: shut up pika|Leech Seed|p2a: Megumin\n|-start|p2a: Megumin|move: Leech Seed\n|\n|-damage|p2a: Megumin|53\/100|[from] Leech Seed|[of] p1a: shut up pika\n|-heal|p1a: shut up pika|47\/100|[silent]\n|upkeep\n|turn|15\n|\n|t:|1699490349\n|move|p2a: Megumin|Mystical Fire|p1a: shut up pika\n|-supereffective|p1a: shut up pika\n|-damage|p1a: shut up pika|15\/100\n|-unboost|p1a: shut up pika|spa|1\n|move|p1a: shut up pika|Leech Seed||[still]\n|-fail|p1a: shut up pika\n|\n|-damage|p2a: Megumin|41\/100|[from] Leech Seed|[of] p1a: shut up pika\n|-heal|p1a: shut up pika|26\/100|[silent]\n|upkeep\n|turn|16\n|\n|t:|1699490357\n|move|p1a: shut up pika|Protect|p1a: shut up pika\n|-singleturn|p1a: shut up pika|Protect\n|move|p2a: Megumin|Mystical Fire|p1a: shut up pika\n|-activate|p1a: shut up pika|move: Protect\n|\n|-damage|p2a: Megumin|28\/100|[from] Leech Seed|[of] p1a: shut up pika\n|-heal|p1a: shut up pika|36\/100|[silent]\n|upkeep\n|turn|17\n|\n|t:|1699490366\n|move|p2a: Megumin|Mystical Fire|p1a: shut up pika\n|-supereffective|p1a: shut up pika\n|-damage|p1a: shut up pika|2\/100\n|-unboost|p1a: shut up pika|spa|1\n|move|p1a: shut up pika|Giga Drain|p2a: Megumin\n|-damage|p2a: Megumin|16\/100\n|-heal|p1a: shut up pika|8\/100|[from] drain|[of] p2a: Megumin\n|\n|-damage|p2a: Megumin|4\/100|[from] Leech Seed|[of] p1a: shut up pika\n|-heal|p1a: shut up pika|18\/100|[silent]\n|upkeep\n|turn|18\n|c| pikakip379|bro getting walled by ivysaur???\n|\n|t:|1699490375\n|move|p1a: shut up pika|Protect|p1a: shut up pika\n|-singleturn|p1a: shut up pika|Protect\n|move|p2a: Megumin|Mystical Fire|p1a: shut up pika\n|-activate|p1a: shut up pika|move: Protect\n|\n|-damage|p2a: Megumin|0 fnt|[from] Leech Seed|[of] p1a: shut up pika\n|-heal|p1a: shut up pika|21\/100|[silent]\n|faint|p2a: Megumin\n|-end|p2a: Megumin|Protosynthesis|[silent]\n|upkeep\n|c|\u2606TeenageDisaster666|shut the fuck up.\n|c|\u2606mah boss stiff|washed?\n|\n|t:|1699490386\n|switch|p2a: Goku|Tornadus, M|46\/100 tox\n|turn|19\n|-message|TeenageDisaster666 forfeited.\n|\n|win|mah boss stiff\n|l|\u2606TeenageDisaster666\n|c| girlboss for hire|LOL\n|c| pikakip379|lol\n|l|\u2606mah boss stiff\n","uploadtime":1699490404,"views":5,"p1id":"mahbossstiff","p2id":"teenagedisaster666","formatid":"gen9nationaldexubers","rating":0,"private":0,"password":""}