{"id":"gen9nationaldexubers-1979363751","p1":"dgrgrnd","p2":"I sometimes win","format":"[Gen 9] National Dex Ubers","log":"|j|\u203ddgrgrnd\n|j|\u2606I sometimes win\n|t:|1698676593\n|gametype|singles\n|player|p1|dgrgrnd|170|1000\n|player|p2|I sometimes win|alec-anime|1040\n|teamsize|p1|6\n|teamsize|p2|6\n|gen|9\n|tier|[Gen 9] National Dex Ubers\n|rated|\n|rule|HP Percentage Mod: HP is shown in percentages\n|rule|Endless Battle Clause: Forcing endless battles is banned\n|rule|OHKO Clause: OHKO moves are banned\n|rule|Evasion Moves Clause: Evasion moves are banned\n|rule|Evasion Items Clause: Evasion items are banned\n|rule|Species Clause: Limit one of each Pok\u00e9mon\n|rule|Sleep Clause Mod: Limit one foe put to sleep\n|rule|Mega Rayquaza Clause: You cannot mega evolve Rayquaza\n|clearpoke\n|poke|p1|Zoroark-Hisui, M|\n|poke|p1|Palafin, F|\n|poke|p1|Ursaluna, M|\n|poke|p1|Cresselia, F|\n|poke|p1|Meowscarada, M|\n|poke|p1|Charizard, F|\n|poke|p2|Forretress, M|\n|poke|p2|Aron, L1, M|\n|poke|p2|Kyogre|\n|poke|p2|Braviary-Hisui, M|\n|poke|p2|Gigalith, F|\n|poke|p2|Spidops, F|\n|teampreview\n|inactive|Battle timer is ON: inactive players will automatically lose when time's up. (requested by I sometimes win)\n|\n|t:|1698676600\n|start\n|switch|p1a: Ursaluna|Ursaluna, M|100\/100\n|switch|p2a: Spidops|Spidops, F|100\/100\n|turn|1\n|\n|t:|1698676614\n|move|p2a: Spidops|Toxic Spikes|p1a: Ursaluna\n|-sidestart|p1: dgrgrnd|move: Toxic Spikes\n|move|p1a: Ursaluna|Fire Punch|p2a: Spidops\n|-supereffective|p2a: Spidops\n|-crit|p2a: Spidops\n|-damage|p2a: Spidops|32\/100\n|-status|p2a: Spidops|brn\n|\n|-damage|p2a: Spidops|26\/100 brn|[from] brn\n|-status|p1a: Ursaluna|brn|[from] item: Flame Orb\n|upkeep\n|turn|2\n|\n|t:|1698676623\n|move|p2a: Spidops|Sticky Web|p1a: Ursaluna\n|-sidestart|p1: dgrgrnd|move: Sticky Web\n|move|p1a: Ursaluna|Fire Punch|p2a: Spidops\n|-supereffective|p2a: Spidops\n|-crit|p2a: Spidops\n|-damage|p2a: Spidops|0 fnt\n|faint|p2a: Spidops\n|\n|-damage|p1a: Ursaluna|94\/100 brn|[from] brn\n|upkeep\n|\n|t:|1698676630\n|switch|p2a: Grim Reaper|Aron, L1, M, shiny|100\/100\n|turn|3\n|\n|t:|1698676635\n|move|p1a: Ursaluna|Headlong Rush|p2a: Grim Reaper\n|-supereffective|p2a: Grim Reaper\n|-ability|p2a: Grim Reaper|Sturdy\n|-damage|p2a: Grim Reaper|9\/100\n|-unboost|p1a: Ursaluna|def|1\n|-unboost|p1a: Ursaluna|spd|1\n|move|p2a: Grim Reaper|Endeavor|p1a: Ursaluna\n|-damage|p1a: Ursaluna|1\/100 brn\n|-heal|p2a: Grim Reaper|100\/100|[from] item: Shell Bell|[of] p1a: Ursaluna\n|\n|-damage|p1a: Ursaluna|0 fnt|[from] brn\n|faint|p1a: Ursaluna\n|upkeep\n|\n|t:|1698676650\n|switch|p1a: Charizard|Charizard, F|100\/100\n|turn|4\n|\n|t:|1698676656\n|detailschange|p1a: Charizard|Charizard-Mega-Y, F\n|-mega|p1a: Charizard|Charizard|Charizardite Y\n|-weather|SunnyDay|[from] ability: Drought|[of] p1a: Charizard\n|move|p1a: Charizard|Substitute|p1a: Charizard\n|-start|p1a: Charizard|Substitute\n|-damage|p1a: Charizard|76\/100\n|move|p2a: Grim Reaper|Endeavor|p1a: Charizard\n|-end|p1a: Charizard|Substitute\n|\n|-weather|SunnyDay|[upkeep]\n|upkeep\n|turn|5\n|\n|t:|1698676668\n|move|p1a: Charizard|Flamethrower|p2a: Grim Reaper\n|-ability|p2a: Grim Reaper|Sturdy\n|-damage|p2a: Grim Reaper|9\/100\n|move|p2a: Grim Reaper|Endeavor|p1a: Charizard\n|-damage|p1a: Charizard|1\/100\n|-heal|p2a: Grim Reaper|100\/100|[from] item: Shell Bell|[of] p1a: Charizard\n|\n|-weather|SunnyDay|[upkeep]\n|upkeep\n|turn|6\n|\n|t:|1698676678\n|switch|p2a: Gigalith|Gigalith, F, shiny|100\/100\n|-weather|Sandstorm|[from] ability: Sand Stream|[of] p2a: Gigalith\n|move|p1a: Charizard|Flamethrower|p2a: Gigalith\n|-resisted|p2a: Gigalith\n|-damage|p2a: Gigalith|79\/100\n|\n|-weather|Sandstorm|[upkeep]\n|-damage|p1a: Charizard|0 fnt|[from] Sandstorm\n|faint|p1a: Charizard\n|upkeep\n|\n|t:|1698676688\n|switch|p1a: Palafin|Palafin, F|100\/100\n|-status|p1a: Palafin|psn\n|-activate|p1a: Palafin|move: Sticky Web\n|-unboost|p1a: Palafin|spe|1\n|turn|7\n|\n|t:|1698676698\n|detailschange|p1a: Palafin|Palafin-Hero, F\n|switch|p1a: Meowscarada|Meowscarada, M|100\/100\n|-status|p1a: Meowscarada|psn\n|-activate|p1a: Meowscarada|move: Sticky Web\n|-unboost|p1a: Meowscarada|spe|1\n|move|p2a: Gigalith|Explosion|p1a: Meowscarada\n|-damage|p1a: Meowscarada|0 fnt\n|faint|p2a: Gigalith\n|faint|p1a: Meowscarada\n|\n|-weather|Sandstorm|[upkeep]\n|upkeep\n|\n|t:|1698676712\n|switch|p1a: Palafin|Palafin-Hero, F|100\/100 psn\n|switch|p2a: Grim Reaper|Aron, L1, M, shiny|100\/100\n|-activate|p1a: Palafin|move: Sticky Web\n|-unboost|p1a: Palafin|spe|1\n|-activate|p1a: Palafin|ability: Zero to Hero\n|turn|8\n|\n|t:|1698676721\n|move|p1a: Palafin|Liquidation|p2a: Grim Reaper\n|-supereffective|p2a: Grim Reaper\n|-ability|p2a: Grim Reaper|Sturdy\n|-damage|p2a: Grim Reaper|9\/100\n|move|p2a: Grim Reaper|Endeavor|p1a: Palafin\n|-damage|p1a: Palafin|1\/100 psn\n|-heal|p2a: Grim Reaper|100\/100|[from] item: Shell Bell|[of] p1a: Palafin\n|\n|-weather|Sandstorm|[upkeep]\n|-damage|p1a: Palafin|0 fnt|[from] Sandstorm\n|faint|p1a: Palafin\n|upkeep\n|\n|t:|1698676736\n|switch|p1a: Cresselia|Cresselia, F|100\/100\n|turn|9\n|\n|t:|1698676739\n|move|p2a: Grim Reaper|Protect|p2a: Grim Reaper\n|-singleturn|p2a: Grim Reaper|Protect\n|move|p1a: Cresselia|Trick Room|p1a: Cresselia\n|-fieldstart|move: Trick Room|[of] p1a: Cresselia\n|\n|-weather|Sandstorm|[upkeep]\n|-damage|p1a: Cresselia|94\/100|[from] Sandstorm\n|-heal|p1a: Cresselia|100\/100|[from] item: Leftovers\n|upkeep\n|turn|10\n|\n|t:|1698676749\n|switch|p2a: Forretress|Forretress, M|100\/100\n|move|p1a: Cresselia|Thunderbolt|p2a: Forretress\n|-damage|p2a: Forretress|77\/100\n|\n|-weather|Sandstorm|[upkeep]\n|-damage|p1a: Cresselia|94\/100|[from] Sandstorm\n|-heal|p2a: Forretress|84\/100|[from] item: Leftovers\n|-heal|p1a: Cresselia|100\/100|[from] item: Leftovers\n|upkeep\n|turn|11\n|\n|t:|1698676759\n|move|p2a: Forretress|Stealth Rock|p1a: Cresselia\n|-sidestart|p1: dgrgrnd|move: Stealth Rock\n|move|p1a: Cresselia|Calm Mind|p1a: Cresselia\n|-boost|p1a: Cresselia|spa|1\n|-boost|p1a: Cresselia|spd|1\n|\n|-weather|Sandstorm|[upkeep]\n|-damage|p1a: Cresselia|94\/100|[from] Sandstorm\n|-heal|p2a: Forretress|90\/100|[from] item: Leftovers\n|-heal|p1a: Cresselia|100\/100|[from] item: Leftovers\n|upkeep\n|turn|12\n|\n|t:|1698676769\n|move|p2a: Forretress|Rapid Spin|p1a: Cresselia\n|-damage|p1a: Cresselia|95\/100\n|-boost|p2a: Forretress|spe|1\n|move|p1a: Cresselia|Calm Mind|p1a: Cresselia\n|-boost|p1a: Cresselia|spa|1\n|-boost|p1a: Cresselia|spd|1\n|\n|-weather|Sandstorm|[upkeep]\n|-damage|p1a: Cresselia|89\/100|[from] Sandstorm\n|-heal|p2a: Forretress|96\/100|[from] item: Leftovers\n|-heal|p1a: Cresselia|95\/100|[from] item: Leftovers\n|upkeep\n|turn|13\n|\n|t:|1698676779\n|move|p2a: Forretress|Explosion|p1a: Cresselia\n|-damage|p1a: Cresselia|66\/100\n|faint|p2a: Forretress\n|move|p1a: Cresselia|Calm Mind|p1a: Cresselia\n|-boost|p1a: Cresselia|spa|1\n|-boost|p1a: Cresselia|spd|1\n|\n|-weather|none\n|-heal|p1a: Cresselia|72\/100|[from] item: Leftovers\n|-fieldend|move: Trick Room\n|upkeep\n|\n|t:|1698676784\n|switch|p2a: Grim Reaper|Aron, L1, M, shiny|100\/100\n|turn|14\n|\n|t:|1698676805\n|move|p1a: Cresselia|Thunderbolt|p2a: Grim Reaper\n|-ability|p2a: Grim Reaper|Sturdy\n|-damage|p2a: Grim Reaper|9\/100\n|move|p2a: Grim Reaper|Endeavor|p1a: Cresselia\n|-damage|p1a: Cresselia|1\/100\n|-heal|p2a: Grim Reaper|100\/100|[from] item: Shell Bell|[of] p1a: Cresselia\n|\n|-heal|p1a: Cresselia|7\/100|[from] item: Leftovers\n|upkeep\n|turn|15\n|\n|t:|1698676815\n|switch|p2a: just a Sac|Kyogre|100\/100\n|detailschange|p2a: just a Sac|Kyogre-Primal\n|-primal|p2a: just a Sac|Blue Orb\n|-weather|PrimordialSea|[from] ability: Primordial Sea|[of] p2a: just a Sac\n|move|p1a: Cresselia|Moonlight|p1a: Cresselia\n|-heal|p1a: Cresselia|32\/100\n|\n|-weather|PrimordialSea|[upkeep]\n|-heal|p1a: Cresselia|38\/100|[from] item: Leftovers\n|upkeep\n|turn|16\n|\n|t:|1698676830\n|move|p2a: just a Sac|Origin Pulse|p1a: Cresselia\n|-damage|p1a: Cresselia|8\/100\n|move|p1a: Cresselia|Thunderbolt|p2a: just a Sac\n|-supereffective|p2a: just a Sac\n|-crit|p2a: just a Sac\n|-damage|p2a: just a Sac|31\/100\n|\n|-weather|PrimordialSea|[upkeep]\n|-heal|p1a: Cresselia|14\/100|[from] item: Leftovers\n|upkeep\n|turn|17\n|\n|t:|1698676841\n|move|p2a: just a Sac|Origin Pulse|p1a: Cresselia\n|-damage|p1a: Cresselia|0 fnt\n|faint|p1a: Cresselia\n|\n|-weather|PrimordialSea|[upkeep]\n|upkeep\n|\n|t:|1698676846\n|switch|p1a: Zoroark|Zoroark-Hisui, M|100\/100\n|-status|p1a: Zoroark|psn\n|-activate|p1a: Zoroark|move: Sticky Web\n|-unboost|p1a: Zoroark|spe|1\n|-damage|p1a: Zoroark|88\/100 psn|[from] Stealth Rock\n|turn|18\n|\n|t:|1698676854\n|move|p1a: Zoroark|Shadow Ball|p2a: just a Sac\n|-damage|p2a: just a Sac|7\/100\n|move|p2a: just a Sac|Origin Pulse|p1a: Zoroark|[miss]\n|-miss|p2a: just a Sac|p1a: Zoroark\n|\n|-weather|PrimordialSea|[upkeep]\n|-damage|p1a: Zoroark|76\/100 psn|[from] psn\n|upkeep\n|turn|19\n|\n|t:|1698676862\n|move|p1a: Zoroark|Shadow Ball|p2a: just a Sac\n|-damage|p2a: just a Sac|0 fnt\n|faint|p2a: just a Sac\n|-weather|none\n|\n|-damage|p1a: Zoroark|64\/100 psn|[from] psn\n|upkeep\n|\n|t:|1698676868\n|switch|p2a: Braviary|Braviary-Hisui, M, shiny|100\/100\n|turn|20\n|\n|t:|1698676873\n|-terastallize|p2a: Braviary|Normal\n|-zpower|p1a: Zoroark\n|move|p1a: Zoroark|Breakneck Blitz|p2a: Braviary|[zeffect]\n|-damage|p2a: Braviary|0 fnt\n|faint|p2a: Braviary\n|\n|-damage|p1a: Zoroark|51\/100 psn|[from] psn\n|upkeep\n|\n|t:|1698676880\n|switch|p2a: Grim Reaper|Aron, L1, M, shiny|100\/100\n|turn|21\n|\n|t:|1698676885\n|move|p2a: Grim Reaper|Protect|p2a: Grim Reaper\n|-singleturn|p2a: Grim Reaper|Protect\n|move|p1a: Zoroark|Shadow Ball|p2a: Grim Reaper\n|-activate|p2a: Grim Reaper|move: Protect\n|\n|-damage|p1a: Zoroark|39\/100 psn|[from] psn\n|upkeep\n|turn|22\n|\n|t:|1698676893\n|move|p2a: Grim Reaper|Protect|p2a: Grim Reaper\n|-singleturn|p2a: Grim Reaper|Protect\n|move|p1a: Zoroark|Shadow Ball|p2a: Grim Reaper\n|-activate|p2a: Grim Reaper|move: Protect\n|\n|-damage|p1a: Zoroark|27\/100 psn|[from] psn\n|upkeep\n|turn|23\n|\n|t:|1698676900\n|move|p2a: Grim Reaper|Protect|p2a: Grim Reaper\n|-singleturn|p2a: Grim Reaper|Protect\n|move|p1a: Zoroark|Shadow Ball|p2a: Grim Reaper\n|-activate|p2a: Grim Reaper|move: Protect\n|\n|-damage|p1a: Zoroark|14\/100 psn|[from] psn\n|upkeep\n|turn|24\n|c|\u2606I sometimes win|gg lmfao\n|\n|t:|1698676908\n|move|p2a: Grim Reaper|Protect|p2a: Grim Reaper\n|-singleturn|p2a: Grim Reaper|Protect\n|move|p1a: Zoroark|Shadow Ball|p2a: Grim Reaper\n|-activate|p2a: Grim Reaper|move: Protect\n|\n|-damage|p1a: Zoroark|2\/100 psn|[from] psn\n|upkeep\n|turn|25\n|\n|t:|1698676915\n|move|p2a: Grim Reaper|Protect||[still]\n|-fail|p2a: Grim Reaper\n|move|p1a: Zoroark|Shadow Ball|p2a: Grim Reaper\n|-ability|p2a: Grim Reaper|Sturdy\n|-damage|p2a: Grim Reaper|9\/100\n|\n|-damage|p1a: Zoroark|0 fnt|[from] psn\n|faint|p1a: Zoroark\n|\n|win|I sometimes win\n|upkeep\n|raw|dgrgrnd's rating: 1000 &rarr; <strong>1000<\/strong><br \/>(+0 for losing)\n|raw|I sometimes win's rating: 1038 &rarr; <strong>1069<\/strong><br \/>(+31 for winning)\n|l|\u2606I sometimes win\n","uploadtime":1698677127,"views":11,"p1id":"dgrgrnd","p2id":"isometimeswin","formatid":"gen9nationaldexubers","rating":1000,"private":0,"password":""}