{"id":"gen9nationaldexubers-1983628067","p1":"StormStarshine","p2":"Ipenguin12","format":"[Gen 9] National Dex Ubers","log":"|j|\u2606StormStarshine\n|j|\u2606Ipenguin12\n|t:|1699151235\n|gametype|singles\n|player|p1|StormStarshine|bellelba|\n|player|p2|Ipenguin12|sabi|\n|teamsize|p1|6\n|teamsize|p2|6\n|gen|9\n|tier|[Gen 9] National Dex Ubers\n|rule|HP Percentage Mod: HP is shown in percentages\n|rule|Endless Battle Clause: Forcing endless battles is banned\n|rule|OHKO Clause: OHKO moves are banned\n|rule|Evasion Moves Clause: Evasion moves are banned\n|rule|Evasion Items Clause: Evasion items are banned\n|rule|Species Clause: Limit one of each Pok\u00e9mon\n|rule|Sleep Clause Mod: Limit one foe put to sleep\n|rule|Mega Rayquaza Clause: You cannot mega evolve Rayquaza\n|clearpoke\n|poke|p1|Lycanroc-Dusk, F|\n|poke|p1|Azelf|\n|poke|p1|Klefki, M|\n|poke|p1|Cryogonal|\n|poke|p1|Reuniclus, M|\n|poke|p1|Clodsire, M|\n|poke|p2|Azelf|\n|poke|p2|Cryogonal|\n|poke|p2|Gholdengo|\n|poke|p2|Quagsire, M|\n|poke|p2|Clodsire, F|\n|poke|p2|Scizor, F|\n|teampreview\n|j| HarmTurtle\n|j| Completeanimefan\n|j| DarthBowser151\n|c| Completeanimefan|Round Two: FIGHT!\n|\n|t:|1699151267\n|start\n|switch|p1a: Nucla|Reuniclus, M|100\/100\n|switch|p2a: Cryogonal|Cryogonal|100\/100\n|turn|1\n|\n|t:|1699151274\n|move|p2a: Cryogonal|Snowscape|p2a: Cryogonal\n|-weather|Snow\n|move|p1a: Nucla|Future Sight|p2a: Cryogonal\n|-start|p1a: Nucla|move: Future Sight\n|\n|-weather|Snow|[upkeep]\n|upkeep\n|turn|2\n|\n|t:|1699151282\n|move|p2a: Cryogonal|Aurora Veil|p2a: Cryogonal\n|-sidestart|p2: Ipenguin12|move: Aurora Veil\n|move|p1a: Nucla|Gyro Ball|p2a: Cryogonal\n|-supereffective|p2a: Cryogonal\n|-damage|p2a: Cryogonal|81\/100\n|\n|-weather|Snow|[upkeep]\n|upkeep\n|turn|3\n|\n|t:|1699151289\n|move|p2a: Cryogonal|Freeze-Dry|p1a: Nucla\n|-damage|p1a: Nucla|82\/100\n|move|p1a: Nucla|Gyro Ball|p2a: Cryogonal\n|-supereffective|p2a: Cryogonal\n|-damage|p2a: Cryogonal|61\/100\n|\n|-weather|Snow|[upkeep]\n|-end|p2a: Cryogonal|move: Future Sight\n|-damage|p2a: Cryogonal|39\/100\n|-heal|p1a: Nucla|88\/100|[from] item: Leftovers\n|upkeep\n|turn|4\n|\n|t:|1699151298\n|move|p2a: Cryogonal|Recover|p2a: Cryogonal\n|-heal|p2a: Cryogonal|89\/100\n|move|p1a: Nucla|Future Sight|p2a: Cryogonal\n|-start|p1a: Nucla|move: Future Sight\n|\n|-weather|Snow|[upkeep]\n|-heal|p1a: Nucla|94\/100|[from] item: Leftovers\n|upkeep\n|turn|5\n|\n|t:|1699151304\n|move|p2a: Cryogonal|Freeze-Dry|p1a: Nucla\n|-damage|p1a: Nucla|75\/100\n|move|p1a: Nucla|Shadow Ball|p2a: Cryogonal\n|-damage|p2a: Cryogonal|78\/100\n|\n|-weather|none\n|-heal|p1a: Nucla|81\/100|[from] item: Leftovers\n|upkeep\n|turn|6\n|\n|t:|1699151316\n|move|p2a: Cryogonal|Freeze-Dry|p1a: Nucla\n|-damage|p1a: Nucla|63\/100\n|move|p1a: Nucla|Shadow Ball|p2a: Cryogonal\n|-damage|p2a: Cryogonal|69\/100\n|\n|-end|p2a: Cryogonal|move: Future Sight\n|-damage|p2a: Cryogonal|49\/100\n|-heal|p1a: Nucla|69\/100|[from] item: Leftovers\n|-sideend|p2: Ipenguin12|move: Aurora Veil\n|upkeep\n|turn|7\n|\n|t:|1699151327\n|switch|p1a: Rock Boi|Lycanroc-Dusk, F|100\/100\n|move|p2a: Cryogonal|Snowscape|p2a: Cryogonal\n|-weather|Snow\n|\n|-weather|Snow|[upkeep]\n|upkeep\n|turn|8\n|\n|t:|1699151332\n|move|p2a: Cryogonal|Aurora Veil|p2a: Cryogonal\n|-sidestart|p2: Ipenguin12|move: Aurora Veil\n|move|p1a: Rock Boi|Trailblaze|p2a: Cryogonal\n|-damage|p2a: Cryogonal|37\/100\n|-boost|p1a: Rock Boi|spe|1\n|\n|-weather|Snow|[upkeep]\n|upkeep\n|turn|9\n|\n|t:|1699151339\n|move|p1a: Rock Boi|Stone Edge|p2a: Cryogonal\n|-supereffective|p2a: Cryogonal\n|-damage|p2a: Cryogonal|0 fnt\n|faint|p2a: Cryogonal\n|\n|-weather|Snow|[upkeep]\n|upkeep\n|\n|t:|1699151343\n|switch|p2a: Clodsire|Clodsire, F|100\/100\n|turn|10\n|\n|t:|1699151352\n|move|p1a: Rock Boi|Trailblaze|p2a: Clodsire\n|-crit|p2a: Clodsire\n|-damage|p2a: Clodsire|67\/100\n|-boost|p1a: Rock Boi|spe|1\n|move|p2a: Clodsire|Earthquake|p1a: Rock Boi\n|-supereffective|p1a: Rock Boi\n|-damage|p1a: Rock Boi|7\/100\n|\n|-weather|Snow|[upkeep]\n|upkeep\n|turn|11\n|\n|t:|1699151363\n|move|p1a: Rock Boi|Psychic Fangs|p2a: Clodsire\n|-sideend|p2: Ipenguin12|move: Aurora Veil\n|-supereffective|p2a: Clodsire\n|-damage|p2a: Clodsire|0 fnt\n|faint|p2a: Clodsire\n|\n|-weather|none\n|upkeep\n|\n|t:|1699151368\n|switch|p2a: Scizor|Scizor, F|100\/100\n|turn|12\n|\n|t:|1699151375\n|move|p2a: Scizor|Bullet Punch|p1a: Rock Boi\n|-supereffective|p1a: Rock Boi\n|-damage|p1a: Rock Boi|0 fnt\n|faint|p1a: Rock Boi\n|\n|upkeep\n|\n|t:|1699151387\n|switch|p1a: Frost|Cryogonal|100\/100\n|turn|13\n|\n|t:|1699151396\n|move|p2a: Scizor|Bullet Punch|p1a: Frost\n|-supereffective|p1a: Frost\n|-damage|p1a: Frost|13\/100\n|move|p1a: Frost|Knock Off|p2a: Scizor\n|-damage|p2a: Scizor|88\/100\n|-enditem|p2a: Scizor|Punching Glove|[from] move: Knock Off|[of] p1a: Frost\n|\n|upkeep\n|turn|14\n|\n|t:|1699151406\n|switch|p1a: Sora but Keys|Klefki, M|100\/100\n|move|p2a: Scizor|Bullet Punch|p1a: Sora but Keys\n|-damage|p1a: Sora but Keys|60\/100\n|-damage|p2a: Scizor|72\/100|[from] item: Rocky Helmet|[of] p1a: Sora but Keys\n|\n|upkeep\n|turn|15\n|\n|t:|1699151415\n|move|p1a: Sora but Keys|Spikes|p2a: Scizor\n|-sidestart|p2: Ipenguin12|Spikes\n|move|p2a: Scizor|Bullet Punch|p1a: Sora but Keys\n|-damage|p1a: Sora but Keys|19\/100\n|-damage|p2a: Scizor|55\/100|[from] item: Rocky Helmet|[of] p1a: Sora but Keys\n|\n|upkeep\n|turn|16\n|\n|t:|1699151421\n|move|p1a: Sora but Keys|Spikes|p2a: Scizor\n|-sidestart|p2: Ipenguin12|Spikes\n|move|p2a: Scizor|Bullet Punch|p1a: Sora but Keys\n|-damage|p1a: Sora but Keys|0 fnt\n|-damage|p2a: Scizor|39\/100|[from] item: Rocky Helmet|[of] p1a: Sora but Keys\n|faint|p1a: Sora but Keys\n|\n|upkeep\n|\n|t:|1699151436\n|switch|p1a: Azelf Angy|Azelf|100\/100\n|turn|17\n|\n|t:|1699151443\n|move|p1a: Azelf Angy|Drain Punch|p2a: Scizor\n|-damage|p2a: Scizor|7\/100\n|-damage|p1a: Azelf Angy|91\/100|[from] item: Life Orb\n|move|p2a: Scizor|Lunge|p1a: Azelf Angy\n|-supereffective|p1a: Azelf Angy\n|-damage|p1a: Azelf Angy|0 fnt\n|faint|p1a: Azelf Angy\n|\n|upkeep\n|\n|t:|1699151459\n|switch|p1a: Nucla|Reuniclus, M|69\/100\n|turn|18\n|\n|t:|1699151465\n|move|p2a: Scizor|Lunge|p1a: Nucla\n|-supereffective|p1a: Nucla\n|-damage|p1a: Nucla|0 fnt\n|faint|p1a: Nucla\n|\n|upkeep\n|\n|t:|1699151471\n|switch|p1a: Poison Boi|Clodsire, M|100\/100\n|turn|19\n|\n|t:|1699151476\n|move|p2a: Scizor|Roost|p2a: Scizor\n|-heal|p2a: Scizor|57\/100\n|-singleturn|p2a: Scizor|move: Roost\n|move|p1a: Poison Boi|Earthquake|p2a: Scizor\n|-damage|p2a: Scizor|28\/100\n|\n|upkeep\n|turn|20\n|\n|t:|1699151482\n|move|p2a: Scizor|Roost|p2a: Scizor\n|-heal|p2a: Scizor|78\/100\n|-singleturn|p2a: Scizor|move: Roost\n|move|p1a: Poison Boi|Chilling Water|p2a: Scizor\n|-damage|p2a: Scizor|68\/100\n|-unboost|p2a: Scizor|atk|1\n|\n|upkeep\n|turn|21\n|\n|t:|1699151490\n|move|p2a: Scizor|Lunge|p1a: Poison Boi\n|-resisted|p1a: Poison Boi\n|-damage|p1a: Poison Boi|86\/100\n|-unboost|p1a: Poison Boi|atk|1\n|move|p1a: Poison Boi|Chilling Water|p2a: Scizor\n|-damage|p2a: Scizor|58\/100\n|-unboost|p2a: Scizor|atk|1\n|\n|upkeep\n|turn|22\n|\n|t:|1699151501\n|move|p2a: Scizor|Lunge|p1a: Poison Boi\n|-resisted|p1a: Poison Boi\n|-damage|p1a: Poison Boi|75\/100\n|-unboost|p1a: Poison Boi|atk|1\n|move|p1a: Poison Boi|Earthquake|p2a: Scizor\n|-crit|p2a: Scizor\n|-damage|p2a: Scizor|15\/100\n|\n|upkeep\n|turn|23\n|\n|t:|1699151510\n|move|p2a: Scizor|Roost|p2a: Scizor\n|-heal|p2a: Scizor|65\/100\n|-singleturn|p2a: Scizor|move: Roost\n|move|p1a: Poison Boi|Tera Blast|p2a: Scizor\n|-resisted|p2a: Scizor\n|-damage|p2a: Scizor|56\/100\n|\n|upkeep\n|turn|24\n|\n|t:|1699151516\n|move|p2a: Scizor|Lunge|p1a: Poison Boi\n|-resisted|p1a: Poison Boi\n|-damage|p1a: Poison Boi|64\/100\n|-unboost|p1a: Poison Boi|atk|1\n|move|p1a: Poison Boi|Chilling Water|p2a: Scizor\n|-crit|p2a: Scizor\n|-damage|p2a: Scizor|40\/100\n|-unboost|p2a: Scizor|atk|1\n|\n|upkeep\n|turn|25\n|\n|t:|1699151525\n|switch|p1a: Frost|Cryogonal|13\/100\n|move|p2a: Scizor|Lunge|p1a: Frost\n|-damage|p1a: Frost|0 fnt\n|faint|p1a: Frost\n|\n|upkeep\n|\n|t:|1699151531\n|switch|p1a: Poison Boi|Clodsire, M|64\/100\n|turn|26\n|c|\u2606StormStarshine|yeah I think that's gg\n|\n|t:|1699151542\n|move|p2a: Scizor|Lunge|p1a: Poison Boi\n|-resisted|p1a: Poison Boi\n|-damage|p1a: Poison Boi|56\/100\n|-unboost|p1a: Poison Boi|atk|1\n|move|p1a: Poison Boi|Earthquake|p2a: Scizor\n|-damage|p2a: Scizor|20\/100\n|\n|upkeep\n|turn|27\n|\n|t:|1699151551\n|move|p2a: Scizor|Lunge|p1a: Poison Boi\n|-resisted|p1a: Poison Boi\n|-damage|p1a: Poison Boi|47\/100\n|-unboost|p1a: Poison Boi|atk|1\n|move|p1a: Poison Boi|Earthquake|p2a: Scizor\n|-damage|p2a: Scizor|5\/100\n|\n|upkeep\n|turn|28\n|\n|t:|1699151560\n|move|p2a: Scizor|Lunge|p1a: Poison Boi\n|-resisted|p1a: Poison Boi\n|-damage|p1a: Poison Boi|38\/100\n|-unboost|p1a: Poison Boi|atk|1\n|move|p1a: Poison Boi|Chilling Water|p2a: Scizor\n|-damage|p2a: Scizor|0 fnt\n|faint|p2a: Scizor\n|\n|upkeep\n|\n|t:|1699151568\n|switch|p2a: Azelf|Azelf|100\/100\n|turn|29\n|\n|t:|1699151574\n|move|p2a: Azelf|Mystical Power|p1a: Poison Boi\n|-supereffective|p1a: Poison Boi\n|-damage|p1a: Poison Boi|4\/100\n|-boost|p2a: Azelf|spa|1\n|move|p1a: Poison Boi|Sludge Bomb|p2a: Azelf\n|-damage|p2a: Azelf|62\/100\n|\n|-heal|p2a: Azelf|68\/100|[from] item: Leftovers\n|upkeep\n|turn|30\n|\n|t:|1699151583\n|-terastallize|p1a: Poison Boi|Dark\n|move|p2a: Azelf|Dazzling Gleam|p1a: Poison Boi\n|-supereffective|p1a: Poison Boi\n|-damage|p1a: Poison Boi|0 fnt\n|faint|p1a: Poison Boi\n|\n|win|Ipenguin12\n|c|\u2606StormStarshine|yeah gg\n|c|\u2606Ipenguin12|gg\n","uploadtime":1699151595,"views":6,"p1id":"stormstarshine","p2id":"ipenguin12","formatid":"gen9nationaldexubers","rating":0,"private":0,"password":""}