{"id":"gen9nationaldexubers-1990329802","p1":"FVM(arshadow)","p2":"Jothis","format":"[Gen 9] National Dex Ubers","log":"|j|\u2606FVM(arshadow)\n|j|\u2606Jothis\n|t:|1699957686\n|gametype|singles\n|player|p1|FVM(arshadow)|lucas|1090\n|player|p2|Jothis|palmer|1273\n|teamsize|p1|6\n|teamsize|p2|6\n|gen|9\n|tier|[Gen 9] National Dex Ubers\n|rated|\n|rule|HP Percentage Mod: HP is shown in percentages\n|rule|Endless Battle Clause: Forcing endless battles is banned\n|rule|OHKO Clause: OHKO moves are banned\n|rule|Evasion Moves Clause: Evasion moves are banned\n|rule|Evasion Items Clause: Evasion items are banned\n|rule|Species Clause: Limit one of each Pok\u00e9mon\n|rule|Sleep Clause Mod: Limit one foe put to sleep\n|rule|Mega Rayquaza Clause: You cannot mega evolve Rayquaza\n|clearpoke\n|poke|p1|Marshadow|\n|poke|p1|Ribombee, M|\n|poke|p1|Great Tusk|\n|poke|p1|Corviknight, F|\n|poke|p1|Clodsire, M|\n|poke|p1|Gholdengo|\n|poke|p2|Walking Wake|\n|poke|p2|Glimmora, M|\n|poke|p2|Arceus-Ghost|\n|poke|p2|Darmanitan-Galar, F|\n|poke|p2|Ogerpon-Hearthflame, F|\n|poke|p2|Zacian-*|\n|teampreview\n|inactive|Battle timer is ON: inactive players will automatically lose when time's up. (requested by Jothis)\n|inactive|FVM(arshadow) also wants the timer to be on.\n|\n|t:|1699957712\n|start\n|switch|p1a: Ribombee|Ribombee, M|100\/100\n|switch|p2a: Darmanitan|Darmanitan-Galar, F, shiny|100\/100\n|turn|1\n|\n|t:|1699957725\n|move|p2a: Darmanitan|Flare Blitz|p1a: Ribombee\n|-supereffective|p1a: Ribombee\n|-enditem|p1a: Ribombee|Focus Sash\n|-damage|p1a: Ribombee|1\/100\n|-damage|p2a: Darmanitan|76\/100|[from] Recoil\n|move|p1a: Ribombee|Sticky Web|p2a: Darmanitan\n|-sidestart|p2: Jothis|move: Sticky Web\n|\n|upkeep\n|turn|2\n|inactive|Jothis has 120 seconds left.\n|\n|t:|1699957771\n|switch|p1a: Great Tusk|Great Tusk|100\/100\n|move|p2a: Darmanitan|Flare Blitz|p1a: Great Tusk\n|-damage|p1a: Great Tusk|67\/100\n|-damage|p2a: Darmanitan|62\/100|[from] Recoil\n|\n|upkeep\n|turn|3\n|\n|t:|1699957777\n|move|p2a: Darmanitan|Flare Blitz|p1a: Great Tusk\n|-damage|p1a: Great Tusk|33\/100\n|-damage|p2a: Darmanitan|48\/100|[from] Recoil\n|move|p1a: Great Tusk|Knock Off|p2a: Darmanitan\n|-damage|p2a: Darmanitan|5\/100\n|-enditem|p2a: Darmanitan|Choice Scarf|[from] move: Knock Off|[of] p1a: Great Tusk\n|\n|upkeep\n|turn|4\n|\n|t:|1699957794\n|move|p2a: Darmanitan|Flare Blitz|p1a: Great Tusk\n|-damage|p1a: Great Tusk|0 fnt\n|faint|p1a: Great Tusk\n|-end|p1a: Great Tusk|Protosynthesis|[silent]\n|-damage|p2a: Darmanitan|0 fnt|[from] Recoil\n|faint|p2a: Darmanitan\n|\n|upkeep\n|\n|t:|1699957800\n|switch|p2a: Glimmora|Glimmora, M|100\/100\n|switch|p1a: Clodsire|Clodsire, M|100\/100\n|-activate|p2a: Glimmora|move: Sticky Web\n|-unboost|p2a: Glimmora|spe|1\n|turn|5\n|inactive|Jothis has 120 seconds left.\n|\n|t:|1699957822\n|move|p2a: Glimmora|Mortal Spin|p1a: Clodsire\n|-resisted|p1a: Clodsire\n|-damage|p1a: Clodsire|99\/100\n|-sideend|p2: Jothis|Sticky Web|[from] move: Mortal Spin|[of] p2a: Glimmora\n|move|p1a: Clodsire|Earthquake|p2a: Glimmora\n|-supereffective|p2a: Glimmora\n|-enditem|p2a: Glimmora|Focus Sash\n|-damage|p2a: Glimmora|1\/100\n|-activate|p2a: Glimmora|ability: Toxic Debris\n|-sidestart|p1: FVM(arshadow)|move: Toxic Spikes\n|\n|-heal|p1a: Clodsire|100\/100|[from] item: Black Sludge\n|upkeep\n|turn|6\n|\n|t:|1699957843\n|move|p2a: Glimmora|Stealth Rock|p1a: Clodsire\n|-sidestart|p1: FVM(arshadow)|move: Stealth Rock\n|move|p1a: Clodsire|Earthquake|p2a: Glimmora\n|-supereffective|p2a: Glimmora\n|-damage|p2a: Glimmora|0 fnt\n|-activate|p2a: Glimmora|ability: Toxic Debris\n|-sidestart|p1: FVM(arshadow)|move: Toxic Spikes\n|faint|p2a: Glimmora\n|\n|upkeep\n|inactive|Jothis has 90 seconds left.\n|inactive|Jothis has 60 seconds left.\n|\n|t:|1699957893\n|switch|p2a: Arceus|Arceus-Ghost|100\/100\n|turn|7\n|\n|t:|1699957897\n|move|p2a: Arceus|Judgment|p1a: Clodsire\n|-damage|p1a: Clodsire|67\/100\n|move|p1a: Clodsire|Toxic|p2a: Arceus\n|-status|p2a: Arceus|tox\n|\n|-heal|p1a: Clodsire|74\/100|[from] item: Black Sludge\n|-damage|p2a: Arceus|94\/100 tox|[from] psn\n|upkeep\n|turn|8\n|\n|t:|1699957905\n|move|p2a: Arceus|Judgment|p1a: Clodsire\n|-damage|p1a: Clodsire|39\/100\n|move|p1a: Clodsire|Recover|p1a: Clodsire\n|-heal|p1a: Clodsire|89\/100\n|\n|-heal|p1a: Clodsire|95\/100|[from] item: Black Sludge\n|-damage|p2a: Arceus|82\/100 tox|[from] psn\n|upkeep\n|turn|9\n|\n|t:|1699957922\n|switch|p2a: Walking Wake|Walking Wake|100\/100\n|move|p1a: Clodsire|Earthquake|p2a: Walking Wake\n|-damage|p2a: Walking Wake|70\/100\n|\n|-heal|p1a: Clodsire|100\/100|[from] item: Black Sludge\n|upkeep\n|turn|10\n|\n|t:|1699957931\n|move|p2a: Walking Wake|Sunny Day|p2a: Walking Wake\n|-weather|SunnyDay\n|-activate|p2a: Walking Wake|ability: Protosynthesis\n|-start|p2a: Walking Wake|protosynthesisspa\n|move|p1a: Clodsire|Toxic|p2a: Walking Wake\n|-status|p2a: Walking Wake|tox\n|\n|-weather|SunnyDay|[upkeep]\n|-damage|p2a: Walking Wake|64\/100 tox|[from] psn\n|upkeep\n|turn|11\n|\n|t:|1699957939\n|move|p2a: Walking Wake|Hydro Steam|p1a: Clodsire\n|-immune|p1a: Clodsire|[from] ability: Water Absorb\n|move|p1a: Clodsire|Gunk Shot|p2a: Walking Wake\n|-damage|p2a: Walking Wake|27\/100 tox\n|\n|-weather|SunnyDay|[upkeep]\n|-damage|p2a: Walking Wake|14\/100 tox|[from] psn\n|upkeep\n|turn|12\n|\n|t:|1699957947\n|move|p2a: Walking Wake|Draco Meteor|p1a: Clodsire\n|-damage|p1a: Clodsire|39\/100\n|-unboost|p2a: Walking Wake|spa|2\n|-damage|p2a: Walking Wake|5\/100 tox|[from] item: Life Orb\n|move|p1a: Clodsire|Recover|p1a: Clodsire\n|-heal|p1a: Clodsire|89\/100\n|\n|-weather|SunnyDay|[upkeep]\n|-heal|p1a: Clodsire|95\/100|[from] item: Black Sludge\n|-damage|p2a: Walking Wake|0 fnt|[from] psn\n|faint|p2a: Walking Wake\n|-end|p2a: Walking Wake|Protosynthesis|[silent]\n|upkeep\n|\n|t:|1699957955\n|switch|p2a: Ogerpon|Ogerpon-Hearthflame, F|100\/100\n|-ability|p2a: Ogerpon|Mold Breaker\n|turn|13\n|\n|t:|1699957960\n|-terastallize|p2a: Ogerpon|Fire\n|detailschange|p2a: Ogerpon|Ogerpon-Hearthflame-Tera, F, tera:Fire\n|-ability|p2a: Ogerpon|Embody Aspect (Hearthflame)|boost\n|-boost|p2a: Ogerpon|atk|1\n|move|p2a: Ogerpon|Ivy Cudgel|p1a: Clodsire|[anim] Ivy Cudgel Fire\n|-damage|p1a: Clodsire|0 fnt\n|faint|p1a: Clodsire\n|\n|-weather|SunnyDay|[upkeep]\n|upkeep\n|\n|t:|1699957967\n|switch|p1a: Gholdengo|Gholdengo|100\/100\n|-damage|p1a: Gholdengo|94\/100|[from] Stealth Rock\n|-item|p1a: Gholdengo|Air Balloon\n|turn|14\n|\n|t:|1699957974\n|move|p2a: Ogerpon|Ivy Cudgel|p1a: Gholdengo|[anim] Ivy Cudgel Fire\n|-supereffective|p1a: Gholdengo\n|-damage|p1a: Gholdengo|0 fnt\n|-enditem|p1a: Gholdengo|Air Balloon\n|faint|p1a: Gholdengo\n|\n|-weather|none\n|upkeep\n|\n|t:|1699957979\n|switch|p1a: Corviknight|Corviknight, F|100\/100\n|-damage|p1a: Corviknight|88\/100|[from] Stealth Rock\n|turn|15\n|\n|t:|1699957983\n|move|p2a: Ogerpon|Ivy Cudgel|p1a: Corviknight|[anim] Ivy Cudgel Fire\n|-supereffective|p1a: Corviknight\n|-damage|p1a: Corviknight|0 fnt\n|faint|p1a: Corviknight\n|\n|upkeep\n|\n|t:|1699957985\n|switch|p1a: Ribombee|Ribombee, M|1\/100\n|-status|p1a: Ribombee|tox\n|-damage|p1a: Ribombee|0 fnt|[from] Stealth Rock\n|faint|p1a: Ribombee\n|-message|FVM(arshadow) forfeited.\n|\n|win|Jothis\n|raw|FVM(arshadow)'s rating: 1090 &rarr; <strong>1078<\/strong><br \/>(-12 for losing)\n|raw|Jothis's rating: 1273 &rarr; <strong>1286<\/strong><br \/>(+13 for winning)\n","uploadtime":1699957996,"views":10,"p1id":"fvmarshadow","p2id":"jothis","formatid":"gen9nationaldexubers","rating":1078,"private":0,"password":""}