{"id":"gen9nationaldexubers-1994418722","p1":"ChaniFudo","p2":"alcatel999","format":"[Gen 9] National Dex Ubers","log":"|j|\u2606ChaniFudo\n|j|\u2606alcatel999\n|t:|1700441744\n|gametype|singles\n|player|p1|ChaniFudo|palmer|\n|player|p2|alcatel999|rocketgrunt|\n|teamsize|p1|6\n|teamsize|p2|6\n|gen|9\n|tier|[Gen 9] National Dex Ubers\n|rule|HP Percentage Mod: HP is shown in percentages\n|rule|Endless Battle Clause: Forcing endless battles is banned\n|rule|OHKO Clause: OHKO moves are banned\n|rule|Evasion Moves Clause: Evasion moves are banned\n|rule|Evasion Items Clause: Evasion items are banned\n|rule|Species Clause: Limit one of each Pok\u00e9mon\n|rule|Sleep Clause Mod: Limit one foe put to sleep\n|rule|Mega Rayquaza Clause: You cannot mega evolve Rayquaza\n|clearpoke\n|poke|p1|Noivern, F|\n|poke|p1|Goodra-Hisui, M|\n|poke|p1|Garchomp, M|\n|poke|p1|Hydreigon, M|\n|poke|p1|Kommo-o, F|\n|poke|p1|Ampharos, F|\n|poke|p2|Diancie|\n|poke|p2|Klefki, M|\n|poke|p2|Mimikyu, M|\n|poke|p2|Tapu Fini|\n|poke|p2|Tapu Bulu|\n|poke|p2|Tapu Lele|\n|teampreview\n|c|\u2606alcatel999|Suerte\n|\n|t:|1700441768\n|start\n|switch|p1a: Tulio|Noivern, F, shiny|100\/100\n|switch|p2a: Tapu Bulu|Tapu Bulu|100\/100\n|-fieldstart|move: Grassy Terrain|[from] ability: Grassy Surge|[of] p2a: Tapu Bulu\n|turn|1\n|\n|t:|1700441777\n|switch|p2a: Klefki|Klefki, M|100\/100\n|move|p1a: Tulio|Flamethrower|p2a: Klefki\n|-supereffective|p2a: Klefki\n|-damage|p2a: Klefki|43\/100\n|\n|-heal|p2a: Klefki|49\/100|[from] Grassy Terrain\n|upkeep\n|turn|2\n|\n|t:|1700441786\n|move|p2a: Klefki|Light Screen|p2a: Klefki\n|-sidestart|p2: alcatel999|move: Light Screen\n|move|p1a: Tulio|Flamethrower|p2a: Klefki\n|-supereffective|p2a: Klefki\n|-damage|p2a: Klefki|0 fnt\n|faint|p2a: Klefki\n|\n|upkeep\n|\n|t:|1700441796\n|switch|p2a: Tapu Lele|Tapu Lele|100\/100\n|-fieldstart|move: Psychic Terrain|[from] ability: Psychic Surge|[of] p2a: Tapu Lele\n|turn|3\n|\n|t:|1700441802\n|move|p2a: Tapu Lele|Moonblast|p1a: Tulio\n|-supereffective|p1a: Tulio\n|-damage|p1a: Tulio|0 fnt\n|faint|p1a: Tulio\n|\n|upkeep\n|j| DiosPanzer\n|c| DiosPanzer|Hola putos negros\n|c|\u2606alcatel999|Panzer mamahuevo\n|c|\u2606alcatel999|para chusmear combates si estas\n|c| DiosPanzer|Si\n|c|\u2606alcatel999|Chani\n|c|\u2606alcatel999|te moriste o tas pensando\n|\n|t:|1700441913\n|switch|p1a: Milo J|Hydreigon, M|100\/100\n|turn|4\n|c|\u2606alcatel999|uh\n|c|\u2606alcatel999|se viene tera\n|c| DiosPanzer|Tera acero\n|c|\u2606ChaniFudo|fui a ver la tabla de tipos xd\n|c| DiosPanzer|Es bastante obvio\n|\n|t:|1700441939\n|-terastallize|p1a: Milo J|Steel\n|move|p2a: Tapu Lele|Moonblast|p1a: Milo J\n|-resisted|p1a: Milo J\n|-damage|p1a: Milo J|70\/100\n|-unboost|p1a: Milo J|spa|1\n|move|p1a: Milo J|Dark Pulse|p2a: Tapu Lele\n|-damage|p2a: Tapu Lele|85\/100\n|\n|-heal|p1a: Milo J|76\/100|[from] item: Leftovers\n|upkeep\n|turn|5\n|c| DiosPanzer|Predict\n|c| DiosPanzer|Dea\n|\n|t:|1700441953\n|switch|p2a: Tapu Bulu|Tapu Bulu|100\/100\n|-fieldstart|move: Grassy Terrain|[from] ability: Grassy Surge|[of] p2a: Tapu Bulu\n|move|p1a: Milo J|Flash Cannon|p2a: Tapu Bulu\n|-supereffective|p2a: Tapu Bulu\n|-damage|p2a: Tapu Bulu|66\/100\n|\n|-heal|p1a: Milo J|83\/100|[from] item: Leftovers\n|-heal|p2a: Tapu Bulu|72\/100|[from] Grassy Terrain\n|upkeep\n|turn|6\n|\n|t:|1700441964\n|move|p1a: Milo J|Substitute|p1a: Milo J\n|-start|p1a: Milo J|Substitute\n|-damage|p1a: Milo J|58\/100\n|move|p2a: Tapu Bulu|Close Combat|p1a: Milo J\n|-supereffective|p1a: Milo J\n|-end|p1a: Milo J|Substitute\n|-unboost|p2a: Tapu Bulu|def|1\n|-unboost|p2a: Tapu Bulu|spd|1\n|\n|-heal|p1a: Milo J|64\/100|[from] item: Leftovers\n|-heal|p2a: Tapu Bulu|78\/100|[from] Grassy Terrain\n|upkeep\n|turn|7\n|\n|t:|1700441975\n|move|p1a: Milo J|Flash Cannon|p2a: Tapu Bulu\n|-supereffective|p2a: Tapu Bulu\n|-damage|p2a: Tapu Bulu|31\/100\n|move|p2a: Tapu Bulu|Close Combat|p1a: Milo J\n|-supereffective|p1a: Milo J\n|-damage|p1a: Milo J|0 fnt\n|-unboost|p2a: Tapu Bulu|def|1\n|-unboost|p2a: Tapu Bulu|spd|1\n|faint|p1a: Milo J\n|\n|-heal|p2a: Tapu Bulu|37\/100|[from] Grassy Terrain\n|upkeep\n|\n|t:|1700442008\n|switch|p1a: Kozmo|Kommo-o, F, shiny|100\/100\n|turn|8\n|c| DiosPanzer|Waos\n|\n|t:|1700442017\n|switch|p2a: Mimikyu|Mimikyu, M|100\/100\n|move|p1a: Kozmo|Boomburst|p2a: Mimikyu\n|-immune|p2a: Mimikyu\n|\n|upkeep\n|turn|9\n|c| DiosPanzer|Que asco de shiny\n|\n|t:|1700442033\n|move|p2a: Mimikyu|Play Rough|p1a: Kozmo\n|-supereffective|p1a: Kozmo\n|-damage|p1a: Kozmo|0 fnt\n|faint|p1a: Kozmo\n|-damage|p2a: Mimikyu|91\/100|[from] item: Life Orb\n|\n|-heal|p2a: Mimikyu|97\/100|[from] Grassy Terrain\n|-sideend|p2: alcatel999|move: Light Screen\n|-fieldend|move: Grassy Terrain\n|upkeep\n|\n|t:|1700442060\n|switch|p1a: El Cinto|Garchomp, M, shiny|100\/100\n|turn|10\n|\n|t:|1700442067\n|move|p1a: El Cinto|Earthquake|p2a: Mimikyu\n|-activate|p2a: Mimikyu|ability: Disguise\n|-damage|p2a: Mimikyu|97\/100\n|detailschange|p2a: Mimikyu|Mimikyu-Busted, M\n|-damage|p2a: Mimikyu|84\/100|[from] pokemon: Mimikyu-Busted\n|move|p2a: Mimikyu|Play Rough|p1a: El Cinto\n|-supereffective|p1a: El Cinto\n|-damage|p1a: El Cinto|9\/100\n|-damage|p2a: Mimikyu|72\/100|[from] ability: Rough Skin|[of] p1a: El Cinto\n|-damage|p2a: Mimikyu|55\/100|[from] item: Rocky Helmet|[of] p1a: El Cinto\n|-damage|p2a: Mimikyu|46\/100|[from] item: Life Orb\n|\n|upkeep\n|turn|11\n|\n|t:|1700442080\n|move|p2a: Mimikyu|Shadow Sneak|p1a: El Cinto\n|-damage|p1a: El Cinto|0 fnt\n|-damage|p2a: Mimikyu|33\/100|[from] ability: Rough Skin|[of] p1a: El Cinto\n|-damage|p2a: Mimikyu|17\/100|[from] item: Rocky Helmet|[of] p1a: El Cinto\n|faint|p1a: El Cinto\n|-damage|p2a: Mimikyu|7\/100|[from] item: Life Orb\n|\n|upkeep\n|c| DiosPanzer|A la\n|\n|t:|1700442090\n|switch|p1a: Wiglytuf|Goodra-Hisui, M|100\/100\n|turn|12\n|\n|t:|1700442098\n|move|p2a: Mimikyu|Drain Punch|p1a: Wiglytuf\n|-supereffective|p1a: Wiglytuf\n|-damage|p1a: Wiglytuf|54\/100\n|-heal|p2a: Mimikyu|41\/100|[from] drain|[of] p1a: Wiglytuf\n|-damage|p2a: Mimikyu|31\/100|[from] item: Life Orb\n|move|p1a: Wiglytuf|Sludge Bomb|p2a: Mimikyu\n|-damage|p2a: Mimikyu|0 fnt\n|faint|p2a: Mimikyu\n|\n|-heal|p1a: Wiglytuf|60\/100|[from] item: Leftovers\n|upkeep\n|\n|t:|1700442111\n|switch|p2a: Tapu Bulu|Tapu Bulu|37\/100\n|-fieldstart|move: Grassy Terrain|[from] ability: Grassy Surge|[of] p2a: Tapu Bulu\n|turn|13\n|\n|t:|1700442117\n|move|p2a: Tapu Bulu|Close Combat|p1a: Wiglytuf\n|-supereffective|p1a: Wiglytuf\n|-damage|p1a: Wiglytuf|0 fnt\n|-unboost|p2a: Tapu Bulu|def|1\n|-unboost|p2a: Tapu Bulu|spd|1\n|faint|p1a: Wiglytuf\n|\n|-heal|p2a: Tapu Bulu|43\/100|[from] Grassy Terrain\n|upkeep\n|\n|t:|1700442125\n|switch|p1a: Shakira|Ampharos, F, shiny|100\/100\n|turn|14\n|\n|t:|1700442137\n|switch|p2a: Diancie|Diancie|100\/100\n|detailschange|p1a: Shakira|Ampharos-Mega, F, shiny\n|-mega|p1a: Shakira|Ampharos|Ampharosite\n|-ability|p1a: Shakira|Mold Breaker\n|move|p1a: Shakira|Discharge|p2a: Diancie\n|-damage|p2a: Diancie|44\/100\n|\n|-heal|p2a: Diancie|50\/100|[from] Grassy Terrain\n|upkeep\n|turn|15\n|\n|t:|1700442151\n|detailschange|p2a: Diancie|Diancie-Mega\n|-mega|p2a: Diancie|Diancie|Diancite\n|move|p2a: Diancie|Moonblast|p1a: Shakira\n|-supereffective|p1a: Shakira\n|-damage|p1a: Shakira|5\/100\n|move|p1a: Shakira|Discharge|p2a: Diancie\n|-damage|p2a: Diancie|0 fnt\n|faint|p2a: Diancie\n|\n|-heal|p1a: Shakira|11\/100|[from] Grassy Terrain\n|upkeep\n|\n|t:|1700442160\n|switch|p2a: Tapu Fini|Tapu Fini|100\/100\n|-fieldstart|move: Misty Terrain|[from] ability: Misty Surge|[of] p2a: Tapu Fini\n|turn|16\n|\n|t:|1700442170\n|move|p2a: Tapu Fini|Draining Kiss|p1a: Shakira\n|-supereffective|p1a: Shakira\n|-damage|p1a: Shakira|0 fnt\n|faint|p1a: Shakira\n|\n|win|alcatel999\n|c|\u2606alcatel999|Gg\n","uploadtime":1700442177,"views":23,"p1id":"chanifudo","p2id":"alcatel999","formatid":"gen9nationaldexubers","rating":0,"private":0,"password":""}