{"id":"gen9nationaldexubers-1983900493","p1":"LelouchZr","p2":"Soyeon is a cutie","format":"[Gen 9] National Dex Ubers","log":"|j|\u2606LelouchZr\n|j|\u2606Soyeon is a cutie\n|t:|1699197847\n|gametype|singles\n|player|p1|LelouchZr|n|1620\n|player|p2|Soyeon is a cutie|idol|1767\n|teamsize|p1|6\n|teamsize|p2|6\n|gen|9\n|tier|[Gen 9] National Dex Ubers\n|rated|\n|rule|HP Percentage Mod: HP is shown in percentages\n|rule|Endless Battle Clause: Forcing endless battles is banned\n|rule|OHKO Clause: OHKO moves are banned\n|rule|Evasion Moves Clause: Evasion moves are banned\n|rule|Evasion Items Clause: Evasion items are banned\n|rule|Species Clause: Limit one of each Pok\u00e9mon\n|rule|Sleep Clause Mod: Limit one foe put to sleep\n|rule|Mega Rayquaza Clause: You cannot mega evolve Rayquaza\n|clearpoke\n|poke|p1|Necrozma-Dusk-Mane|\n|poke|p1|Ho-Oh|\n|poke|p1|Marshadow|\n|poke|p1|Yveltal|\n|poke|p1|Zygarde|\n|poke|p1|Kyogre|\n|poke|p2|Arceus-Fairy|\n|poke|p2|Kingambit, F|\n|poke|p2|Ditto|\n|poke|p2|Urshifu-*, M|\n|poke|p2|Lunala|\n|poke|p2|Necrozma-Dusk-Mane|\n|teampreview\n|inactive|Battle timer is ON: inactive players will automatically lose when time's up. (requested by LelouchZr)\n|inactive|Soyeon is a cutie also wants the timer to be on.\n|\n|t:|1699197860\n|start\n|switch|p1a: Necrozma|Necrozma-Dusk-Mane|100\/100\n|switch|p2a: Necrozma|Necrozma-Dusk-Mane, shiny|100\/100\n|turn|1\n|inactive|Soyeon is a cutie has 120 seconds left.\n|\n|t:|1699197901\n|move|p2a: Necrozma|Stealth Rock|p1a: Necrozma\n|-sidestart|p1: LelouchZr|move: Stealth Rock\n|move|p1a: Necrozma|Dragon Dance|p1a: Necrozma\n|-boost|p1a: Necrozma|atk|1\n|-boost|p1a: Necrozma|spe|1\n|\n|upkeep\n|turn|2\n|\n|t:|1699197912\n|detailschange|p1a: Necrozma|Necrozma-Ultra\n|-burst|p1a: Necrozma|Necrozma|Ultranecrozium Z\n|detailschange|p2a: Necrozma|Necrozma-Ultra, shiny\n|-burst|p2a: Necrozma|Necrozma|Ultranecrozium Z\n|move|p1a: Necrozma|Earthquake|p2a: Necrozma\n|-damage|p2a: Necrozma|28\/100\n|move|p2a: Necrozma|Earth Power|p1a: Necrozma\n|-crit|p1a: Necrozma\n|-damage|p1a: Necrozma|37\/100\n|\n|upkeep\n|turn|3\n|\n|t:|1699197924\n|move|p1a: Necrozma|Sunsteel Strike|p2a: Necrozma\n|-crit|p2a: Necrozma\n|-damage|p2a: Necrozma|0 fnt\n|faint|p2a: Necrozma\n|\n|upkeep\n|\n|t:|1699197928\n|switch|p2a: Ditto|Ditto, shiny|100\/100\n|-transform|p2a: Ditto|p1a: Necrozma|[from] ability: Imposter\n|turn|4\n|\n|t:|1699197936\n|move|p2a: Ditto|Sunsteel Strike|p1a: Necrozma\n|-damage|p1a: Necrozma|0 fnt\n|faint|p1a: Necrozma\n|\n|upkeep\n|\n|t:|1699197942\n|switch|p1a: Ho-Oh|Ho-Oh|100\/100\n|turn|5\n|\n|t:|1699197947\n|switch|p2a: Arceus|Arceus-Fairy|100\/100\n|move|p1a: Ho-Oh|Defog|p2a: Arceus\n|-unboost|p2a: Arceus|evasion|1\n|-sideend|p1: LelouchZr|Stealth Rock|[from] move: Defog|[of] p1a: Ho-Oh\n|\n|upkeep\n|turn|6\n|\n|t:|1699197954\n|move|p2a: Arceus|Taunt|p1a: Ho-Oh\n|-start|p1a: Ho-Oh|move: Taunt\n|cant|p1a: Ho-Oh|move: Taunt|Toxic\n|\n|upkeep\n|turn|7\n|\n|t:|1699197960\n|move|p2a: Arceus|Toxic|p1a: Ho-Oh\n|-status|p1a: Ho-Oh|tox\n|move|p1a: Ho-Oh|Sacred Fire|p2a: Arceus\n|-damage|p2a: Arceus|73\/100\n|\n|-damage|p1a: Ho-Oh|94\/100 tox|[from] psn\n|upkeep\n|turn|8\n|\n|t:|1699197970\n|switch|p2a: Ditto|Ditto, shiny|100\/100\n|-transform|p2a: Ditto|p1a: Ho-Oh|[from] ability: Imposter\n|move|p1a: Ho-Oh|Sacred Fire|p2a: Ditto\n|-resisted|p2a: Ditto\n|-damage|p2a: Ditto|78\/100\n|\n|-damage|p1a: Ho-Oh|82\/100 tox|[from] psn\n|-end|p1a: Ho-Oh|move: Taunt\n|upkeep\n|turn|9\n|\n|t:|1699197982\n|switch|p2a: Kingambit|Kingambit, F|100\/100\n|-activate|p2a: Kingambit|ability: Supreme Overlord\n|-start|p2a: Kingambit|fallen1|[silent]\n|move|p1a: Ho-Oh|Toxic|p2a: Kingambit|[miss]\n|-miss|p1a: Ho-Oh|p2a: Kingambit\n|\n|-damage|p1a: Ho-Oh|63\/100 tox|[from] psn\n|upkeep\n|turn|10\n|\n|t:|1699197991\n|-end|p2a: Kingambit|fallen1|[silent]\n|switch|p2a: Ditto|Ditto, shiny|100\/100\n|-transform|p2a: Ditto|p1a: Ho-Oh|[from] ability: Imposter\n|move|p1a: Ho-Oh|Sacred Fire|p2a: Ditto\n|-resisted|p2a: Ditto\n|-damage|p2a: Ditto|80\/100\n|\n|-damage|p1a: Ho-Oh|38\/100 tox|[from] psn\n|upkeep\n|turn|11\n|\n|t:|1699198003\n|move|p2a: Ditto|Brave Bird|p1a: Ho-Oh\n|-damage|p1a: Ho-Oh|0 fnt\n|faint|p1a: Ho-Oh\n|-damage|p2a: Ditto|66\/100|[from] Recoil\n|\n|upkeep\n|j| usamo 2021\n|\n|t:|1699198009\n|switch|p1a: Kyogre|Kyogre|100\/100\n|detailschange|p1a: Kyogre|Kyogre-Primal\n|-primal|p1a: Kyogre|Blue Orb\n|-weather|PrimordialSea|[from] ability: Primordial Sea|[of] p1a: Kyogre\n|turn|12\n|\n|t:|1699198014\n|move|p2a: Ditto|Brave Bird|p1a: Kyogre\n|-damage|p1a: Kyogre|50\/100\n|-damage|p2a: Ditto|43\/100|[from] Recoil\n|move|p1a: Kyogre|Water Spout|p2a: Ditto\n|-supereffective|p2a: Ditto\n|-damage|p2a: Ditto|0 fnt\n|faint|p2a: Ditto\n|\n|-weather|PrimordialSea|[upkeep]\n|upkeep\n|\n|t:|1699198021\n|switch|p2a: Urshifu|Urshifu, M|100\/100\n|turn|13\n|\n|t:|1699198026\n|move|p2a: Urshifu|Wicked Blow|p1a: Kyogre\n|-crit|p1a: Kyogre\n|-damage|p1a: Kyogre|0 fnt\n|faint|p1a: Kyogre\n|-weather|none\n|-damage|p2a: Urshifu|91\/100|[from] item: Life Orb\n|\n|upkeep\n|\n|t:|1699198033\n|switch|p1a: Yveltal|Yveltal|100\/100\n|-ability|p1a: Yveltal|Dark Aura\n|turn|14\n|\n|t:|1699198038\n|switch|p2a: Arceus|Arceus-Fairy|73\/100\n|move|p1a: Yveltal|Oblivion Wing|p2a: Arceus\n|-damage|p2a: Arceus|46\/100\n|\n|upkeep\n|turn|15\n|\n|t:|1699198046\n|move|p2a: Arceus|Recover|p2a: Arceus\n|-heal|p2a: Arceus|96\/100\n|move|p1a: Yveltal|Dark Pulse|p2a: Arceus\n|-resisted|p2a: Arceus\n|-damage|p2a: Arceus|76\/100\n|\n|upkeep\n|turn|16\n|\n|t:|1699198053\n|switch|p1a: Zygarde|Zygarde|100\/100\n|move|p2a: Arceus|Judgment|p1a: Zygarde\n|-supereffective|p1a: Zygarde\n|-damage|p1a: Zygarde|30\/100\n|\n|-activate|p1a: Zygarde|ability: Power Construct\n|detailschange|p1a: Zygarde|Zygarde-Complete\n|-heal|p1a: Zygarde|57\/100|[silent]\n|upkeep\n|turn|17\n|\n|t:|1699198065\n|-terastallize|p1a: Zygarde|Steel\n|move|p2a: Arceus|Taunt|p1a: Zygarde\n|-start|p1a: Zygarde|move: Taunt\n|cant|p1a: Zygarde|move: Taunt|Coil\n|\n|upkeep\n|turn|18\n|\n|t:|1699198072\n|switch|p2a: Urshifu|Urshifu, M|91\/100\n|move|p1a: Zygarde|Thousand Arrows|p2a: Urshifu\n|-damage|p2a: Urshifu|46\/100\n|\n|upkeep\n|turn|19\n|\n|t:|1699198080\n|switch|p1a: Yveltal|Yveltal|100\/100\n|-ability|p1a: Yveltal|Dark Aura\n|move|p2a: Urshifu|Low Kick|p1a: Yveltal\n|-damage|p1a: Yveltal|26\/100\n|-damage|p2a: Urshifu|36\/100|[from] item: Life Orb\n|\n|upkeep\n|turn|20\n|\n|t:|1699198088\n|move|p2a: Urshifu|Sucker Punch|p1a: Yveltal\n|-resisted|p1a: Yveltal\n|-damage|p1a: Yveltal|0 fnt\n|faint|p1a: Yveltal\n|-damage|p2a: Urshifu|26\/100|[from] item: Life Orb\n|\n|upkeep\n|\n|t:|1699198095\n|switch|p1a: Marshadow|Marshadow|100\/100\n|turn|21\n|\n|t:|1699198099\n|switch|p2a: Arceus|Arceus-Fairy|76\/100\n|move|p1a: Marshadow|Close Combat|p2a: Arceus\n|-resisted|p2a: Arceus\n|-damage|p2a: Arceus|56\/100\n|-unboost|p1a: Marshadow|def|1\n|-unboost|p1a: Marshadow|spd|1\n|\n|upkeep\n|turn|22\n|\n|t:|1699198108\n|switch|p1a: Zygarde|Zygarde-Complete, tera:Steel|57\/100\n|move|p2a: Arceus|Recover|p2a: Arceus\n|-heal|p2a: Arceus|100\/100\n|\n|upkeep\n|turn|23\n|\n|t:|1699198115\n|move|p2a: Arceus|Taunt|p1a: Zygarde\n|-start|p1a: Zygarde|move: Taunt\n|move|p1a: Zygarde|Thousand Arrows|p2a: Arceus\n|-damage|p2a: Arceus|73\/100\n|\n|upkeep\n|turn|24\n|\n|t:|1699198122\n|move|p2a: Arceus|Judgment|p1a: Zygarde\n|-resisted|p1a: Zygarde\n|-damage|p1a: Zygarde|45\/100\n|move|p1a: Zygarde|Thousand Arrows|p2a: Arceus\n|-damage|p2a: Arceus|44\/100\n|\n|upkeep\n|turn|25\n|\n|t:|1699198130\n|move|p2a: Arceus|Recover|p2a: Arceus\n|-heal|p2a: Arceus|94\/100\n|move|p1a: Zygarde|Thousand Arrows|p2a: Arceus\n|-damage|p2a: Arceus|65\/100\n|\n|-end|p1a: Zygarde|move: Taunt\n|upkeep\n|turn|26\n|\n|t:|1699198138\n|move|p2a: Arceus|Taunt|p1a: Zygarde\n|-start|p1a: Zygarde|move: Taunt\n|move|p1a: Zygarde|Thousand Arrows|p2a: Arceus\n|-damage|p2a: Arceus|37\/100\n|\n|upkeep\n|turn|27\n|\n|t:|1699198146\n|move|p2a: Arceus|Recover|p2a: Arceus\n|-heal|p2a: Arceus|87\/100\n|move|p1a: Zygarde|Thousand Arrows|p2a: Arceus\n|-damage|p2a: Arceus|60\/100\n|\n|upkeep\n|turn|28\n|\n|t:|1699198153\n|move|p2a: Arceus|Recover|p2a: Arceus\n|-heal|p2a: Arceus|100\/100\n|move|p1a: Zygarde|Thousand Arrows|p2a: Arceus\n|-damage|p2a: Arceus|70\/100\n|\n|-end|p1a: Zygarde|move: Taunt\n|upkeep\n|turn|29\n|\n|t:|1699198161\n|move|p2a: Arceus|Taunt|p1a: Zygarde\n|-start|p1a: Zygarde|move: Taunt\n|move|p1a: Zygarde|Thousand Arrows|p2a: Arceus\n|-damage|p2a: Arceus|43\/100\n|\n|upkeep\n|turn|30\n|\n|t:|1699198169\n|move|p2a: Arceus|Recover|p2a: Arceus\n|-heal|p2a: Arceus|93\/100\n|move|p1a: Zygarde|Thousand Arrows|p2a: Arceus\n|-damage|p2a: Arceus|63\/100\n|\n|upkeep\n|turn|31\n|\n|t:|1699198175\n|move|p2a: Arceus|Recover|p2a: Arceus\n|-heal|p2a: Arceus|100\/100\n|move|p1a: Zygarde|Thousand Arrows|p2a: Arceus\n|-damage|p2a: Arceus|73\/100\n|\n|-end|p1a: Zygarde|move: Taunt\n|upkeep\n|turn|32\n|\n|t:|1699198186\n|move|p2a: Arceus|Taunt|p1a: Zygarde\n|-start|p1a: Zygarde|move: Taunt\n|move|p1a: Zygarde|Thousand Arrows|p2a: Arceus\n|-damage|p2a: Arceus|48\/100\n|\n|upkeep\n|turn|33\n|\n|t:|1699198193\n|move|p2a: Arceus|Recover|p2a: Arceus\n|-heal|p2a: Arceus|98\/100\n|move|p1a: Zygarde|Thousand Arrows|p2a: Arceus\n|-damage|p2a: Arceus|71\/100\n|\n|upkeep\n|turn|34\n|\n|t:|1699198200\n|move|p2a: Arceus|Judgment|p1a: Zygarde\n|-resisted|p1a: Zygarde\n|-damage|p1a: Zygarde|33\/100\n|move|p1a: Zygarde|Thousand Arrows|p2a: Arceus\n|-damage|p2a: Arceus|43\/100\n|\n|-end|p1a: Zygarde|move: Taunt\n|upkeep\n|turn|35\n|\n|t:|1699198210\n|move|p2a: Arceus|Taunt|p1a: Zygarde\n|-start|p1a: Zygarde|move: Taunt\n|cant|p1a: Zygarde|move: Taunt|Rest\n|\n|upkeep\n|turn|36\n|\n|t:|1699198215\n|move|p2a: Arceus|Judgment|p1a: Zygarde\n|-resisted|p1a: Zygarde\n|-damage|p1a: Zygarde|21\/100\n|move|p1a: Zygarde|Thousand Arrows|p2a: Arceus\n|-damage|p2a: Arceus|17\/100\n|\n|upkeep\n|turn|37\n|\n|t:|1699198224\n|move|p2a: Arceus|Judgment|p1a: Zygarde\n|-resisted|p1a: Zygarde\n|-damage|p1a: Zygarde|9\/100\n|move|p1a: Zygarde|Thousand Arrows|p2a: Arceus\n|-damage|p2a: Arceus|0 fnt\n|faint|p2a: Arceus\n|\n|-end|p1a: Zygarde|move: Taunt\n|upkeep\n|\n|t:|1699198227\n|switch|p2a: Lunala|Lunala, shiny|100\/100\n|turn|38\n|\n|t:|1699198237\n|move|p2a: Lunala|Moongeist Beam|p1a: Zygarde\n|-damage|p1a: Zygarde|0 fnt\n|faint|p1a: Zygarde\n|\n|upkeep\n|\n|t:|1699198243\n|switch|p1a: Marshadow|Marshadow|100\/100\n|turn|39\n|\n|t:|1699198247\n|-terastallize|p2a: Lunala|Fairy\n|move|p1a: Marshadow|Spectral Thief|p2a: Lunala\n|-damage|p2a: Lunala|81\/100\n|move|p2a: Lunala|Moongeist Beam|p1a: Marshadow\n|-supereffective|p1a: Marshadow\n|-enditem|p1a: Marshadow|Focus Sash\n|-damage|p1a: Marshadow|1\/100\n|\n|upkeep\n|turn|40\n|-message|LelouchZr forfeited.\n|\n|win|Soyeon is a cutie\n|raw|LelouchZr's rating: 1620 &rarr; <strong>1608<\/strong><br \/>(-12 for losing)\n|raw|Soyeon is a cutie's rating: 1767 &rarr; <strong>1779<\/strong><br \/>(+12 for winning)\n|l|\u2606Soyeon is a cutie\n|l|\u2606LelouchZr\n","uploadtime":1699198269,"views":4,"p1id":"lelouchzr","p2id":"soyeonisacutie","formatid":"gen9nationaldexubers","rating":1608,"private":0,"password":""}