{"id":"gen9nationaldexubers-1995746057","p1":"Tytheguy004","p2":"AlolanSandslashOU","format":"[Gen 9] National Dex Ubers","log":"|j|\u2606Tytheguy004\n|j|\u203dAlolanSandslashOU\n|t:|1700599273\n|gametype|singles\n|player|p1|Tytheguy004|biker-gen4|\n|player|p2|AlolanSandslashOU|volkner|\n|teamsize|p1|6\n|teamsize|p2|6\n|gen|9\n|tier|[Gen 9] National Dex Ubers\n|rule|HP Percentage Mod: HP is shown in percentages\n|rule|Endless Battle Clause: Forcing endless battles is banned\n|rule|OHKO Clause: OHKO moves are banned\n|rule|Evasion Moves Clause: Evasion moves are banned\n|rule|Evasion Items Clause: Evasion items are banned\n|rule|Species Clause: Limit one of each Pok\u00e9mon\n|rule|Sleep Clause Mod: Limit one foe put to sleep\n|rule|Mega Rayquaza Clause: You cannot mega evolve Rayquaza\n|clearpoke\n|poke|p1|Tapu Lele|\n|poke|p1|Sneasler, F|\n|poke|p1|Beedrill, F|\n|poke|p1|Blaziken, F|\n|poke|p1|Serperior, F|\n|poke|p1|Iron Valiant|\n|poke|p2|Chien-Pao|\n|poke|p2|Ting-Lu|\n|poke|p2|Greninja-*, M|\n|poke|p2|Meowscarada, M|\n|poke|p2|Urshifu-*, M|\n|poke|p2|Annihilape, F|\n|teampreview\n|c|\u2606Tytheguy004|glhf\n|c|\u2606Tytheguy004|I misclicked on the mode btw\n|\n|t:|1700599319\n|start\n|switch|p1a: Beedrill|Beedrill, F|100\/100\n|switch|p2a: Meowscarada|Meowscarada, M|100\/100\n|turn|1\n|\n|t:|1700599330\n|detailschange|p1a: Beedrill|Beedrill-Mega, F\n|-mega|p1a: Beedrill|Beedrill|Beedrillite\n|-terastallize|p2a: Meowscarada|Poison\n|move|p1a: Beedrill|U-turn|p2a: Meowscarada\n|-resisted|p2a: Meowscarada\n|-damage|p2a: Meowscarada|58\/100\n|\n|t:|1700599337\n|switch|p1a: Serperior|Serperior, F|100\/100|[from] U-turn\n|move|p2a: Meowscarada|Knock Off|p1a: Serperior\n|-damage|p1a: Serperior|52\/100\n|-enditem|p1a: Serperior|Leftovers|[from] move: Knock Off|[of] p2a: Meowscarada\n|\n|upkeep\n|turn|2\n|\n|t:|1700599346\n|move|p2a: Meowscarada|U-turn|p1a: Serperior\n|-supereffective|p1a: Serperior\n|-damage|p1a: Serperior|0 fnt\n|faint|p1a: Serperior\n|\n|t:|1700599353\n|switch|p2a: Annihilape|Annihilape, F|100\/100|[from] U-turn\n|\n|upkeep\n|\n|t:|1700599357\n|switch|p1a: Tapu Lele|Tapu Lele|100\/100\n|-fieldstart|move: Psychic Terrain|[from] ability: Psychic Surge|[of] p1a: Tapu Lele\n|turn|3\n|\n|t:|1700599361\n|move|p1a: Tapu Lele|Toxic|p2a: Annihilape|[miss]\n|-miss|p1a: Tapu Lele|p2a: Annihilape\n|move|p2a: Annihilape|Taunt|p1a: Tapu Lele\n|-start|p1a: Tapu Lele|move: Taunt\n|\n|upkeep\n|turn|4\n|\n|t:|1700599366\n|move|p1a: Tapu Lele|Nature's Madness|p2a: Annihilape\n|-damage|p2a: Annihilape|51\/100\n|move|p2a: Annihilape|Rage Fist|p1a: Tapu Lele\n|-supereffective|p1a: Tapu Lele\n|-damage|p1a: Tapu Lele|7\/100\n|\n|-heal|p2a: Annihilape|57\/100|[from] item: Leftovers\n|upkeep\n|turn|5\n|\n|t:|1700599376\n|move|p1a: Tapu Lele|Draining Kiss|p2a: Annihilape\n|-supereffective|p2a: Annihilape\n|-damage|p2a: Annihilape|29\/100\n|-heal|p1a: Tapu Lele|33\/100|[from] drain|[of] p2a: Annihilape\n|move|p2a: Annihilape|Rage Fist|p1a: Tapu Lele\n|-supereffective|p1a: Tapu Lele\n|-damage|p1a: Tapu Lele|0 fnt\n|faint|p1a: Tapu Lele\n|\n|-heal|p2a: Annihilape|35\/100|[from] item: Leftovers\n|upkeep\n|\n|t:|1700599383\n|switch|p1a: Sneasler|Sneasler, F|100\/100\n|-enditem|p1a: Sneasler|Psychic Seed\n|-boost|p1a: Sneasler|spd|1|[from] item: Psychic Seed\n|turn|6\n|\n|t:|1700599387\n|move|p1a: Sneasler|Acrobatics|p2a: Annihilape\n|-supereffective|p2a: Annihilape\n|-damage|p2a: Annihilape|0 fnt\n|faint|p2a: Annihilape\n|\n|upkeep\n|\n|t:|1700599390\n|switch|p2a: Ting-Lu|Ting-Lu|100\/100\n|-ability|p2a: Ting-Lu|Vessel of Ruin\n|turn|7\n|\n|t:|1700599392\n|move|p1a: Sneasler|Close Combat|p2a: Ting-Lu\n|-supereffective|p2a: Ting-Lu\n|-damage|p2a: Ting-Lu|30\/100\n|-unboost|p1a: Sneasler|def|1\n|-unboost|p1a: Sneasler|spd|1\n|move|p2a: Ting-Lu|Whirlwind|p1a: Sneasler\n|drag|p1a: Beedrill|Beedrill-Mega, F|100\/100\n|\n|-heal|p2a: Ting-Lu|37\/100|[from] item: Leftovers\n|upkeep\n|turn|8\n|\n|t:|1700599398\n|move|p1a: Beedrill|U-turn|p2a: Ting-Lu\n|-supereffective|p2a: Ting-Lu\n|-damage|p2a: Ting-Lu|0 fnt\n|faint|p2a: Ting-Lu\n|\n|t:|1700599400\n|switch|p1a: Sneasler|Sneasler, F|100\/100|[from] U-turn\n|\n|upkeep\n|\n|t:|1700599407\n|switch|p2a: Greninja|Greninja, M|100\/100\n|turn|9\n|\n|t:|1700599421\n|-terastallize|p1a: Sneasler|Flying\n|move|p2a: Greninja|Surf|p1a: Sneasler\n|-start|p2a: Greninja|typechange|Water|[from] ability: Protean\n|-damage|p1a: Sneasler|22\/100\n|move|p1a: Sneasler|Acrobatics|p2a: Greninja\n|-damage|p2a: Greninja|1\/100\n|\n|upkeep\n|turn|10\n|\n|t:|1700599436\n|move|p2a: Greninja|Surf|p1a: Sneasler\n|-damage|p1a: Sneasler|0 fnt\n|faint|p1a: Sneasler\n|\n|-fieldend|move: Psychic Terrain\n|upkeep\n|\n|t:|1700599438\n|switch|p1a: Beedrill|Beedrill-Mega, F|100\/100\n|turn|11\n|\n|t:|1700599443\n|move|p1a: Beedrill|U-turn|p2a: Greninja\n|-damage|p2a: Greninja|0 fnt\n|faint|p2a: Greninja\n|\n|t:|1700599447\n|switch|p1a: Blaziken|Blaziken, F|100\/100|[from] U-turn\n|\n|upkeep\n|\n|t:|1700599453\n|switch|p2a: Urshifu|Urshifu, M|100\/100\n|turn|12\n|\n|t:|1700599456\n|move|p2a: Urshifu|Close Combat|p1a: Blaziken\n|-damage|p1a: Blaziken|0 fnt\n|-unboost|p2a: Urshifu|def|1\n|-unboost|p2a: Urshifu|spd|1\n|faint|p1a: Blaziken\n|\n|upkeep\n|\n|t:|1700599461\n|switch|p1a: Iron Valiant|Iron Valiant|100\/100\n|-enditem|p1a: Iron Valiant|Booster Energy\n|-activate|p1a: Iron Valiant|ability: Quark Drive|[fromitem]\n|-start|p1a: Iron Valiant|quarkdrivespe\n|turn|13\n|\n|t:|1700599465\n|switch|p2a: Meowscarada|Meowscarada, M, tera:Poison|58\/100\n|move|p1a: Iron Valiant|Moonblast|p2a: Meowscarada\n|-resisted|p2a: Meowscarada\n|-damage|p2a: Meowscarada|24\/100\n|\n|upkeep\n|turn|14\n|\n|t:|1700599471\n|move|p1a: Iron Valiant|Psychic|p2a: Meowscarada\n|-supereffective|p2a: Meowscarada\n|-damage|p2a: Meowscarada|0 fnt\n|faint|p2a: Meowscarada\n|\n|upkeep\n|\n|t:|1700599473\n|switch|p2a: Urshifu|Urshifu, M|100\/100\n|turn|15\n|\n|t:|1700599476\n|move|p1a: Iron Valiant|Moonblast|p2a: Urshifu\n|-supereffective|p2a: Urshifu\n|-damage|p2a: Urshifu|0 fnt\n|faint|p2a: Urshifu\n|\n|upkeep\n|\n|t:|1700599478\n|switch|p2a: Chien-Pao|Chien-Pao|100\/100\n|-ability|p2a: Chien-Pao|Sword of Ruin\n|turn|16\n|\n|t:|1700599481\n|move|p1a: Iron Valiant|Moonblast|p2a: Chien-Pao\n|-supereffective|p2a: Chien-Pao\n|-damage|p2a: Chien-Pao|0 fnt\n|faint|p2a: Chien-Pao\n|\n|win|Tytheguy004\n|c|\u2606Tytheguy004|gg\n","uploadtime":1700599484,"views":1,"p1id":"tytheguy004","p2id":"alolansandslashou","formatid":"gen9nationaldexubers","rating":0,"private":0,"password":""}