{"id":"gen9nationaldexubers-1994509399","p1":"Tony_Turtle22","p2":"momfr","format":"[Gen 9] National Dex Ubers","log":"|j|\u2606Tony_Turtle22\n|j|\u2606momfr\n|t:|1700452422\n|gametype|singles\n|player|p1|Tony_Turtle22|ash-kalos|1103\n|player|p2|momfr|265|1156\n|teamsize|p1|6\n|teamsize|p2|6\n|gen|9\n|tier|[Gen 9] National Dex Ubers\n|rated|\n|rule|HP Percentage Mod: HP is shown in percentages\n|rule|Endless Battle Clause: Forcing endless battles is banned\n|rule|OHKO Clause: OHKO moves are banned\n|rule|Evasion Moves Clause: Evasion moves are banned\n|rule|Evasion Items Clause: Evasion items are banned\n|rule|Species Clause: Limit one of each Pok\u00e9mon\n|rule|Sleep Clause Mod: Limit one foe put to sleep\n|rule|Mega Rayquaza Clause: You cannot mega evolve Rayquaza\n|clearpoke\n|poke|p1|Zeraora|\n|poke|p1|Iron Thorns|\n|poke|p1|Heracross, F|\n|poke|p1|Naganadel|\n|poke|p1|Gliscor, F|\n|poke|p1|Empoleon, F|\n|poke|p2|Cottonee, L1, F|\n|poke|p2|Eiscue, F|\n|poke|p2|Heatran, F|\n|poke|p2|Groudon|\n|poke|p2|Iron Hands|\n|poke|p2|Deoxys-Defense|\n|teampreview\n|inactive|Battle timer is ON: inactive players will automatically lose when time's up. (requested by Tony_Turtle22)\n|j| kung fu pokechu\n|inactive|momfr has 120 seconds left.\n|\n|t:|1700452455\n|start\n|switch|p1a: Iron Thorns|Iron Thorns|100\/100\n|switch|p2a: keknee|Cottonee, L1, F|100\/100\n|turn|1\n|\n|t:|1700452463\n|move|p2a: keknee|Leech Seed|p1a: Iron Thorns|[miss]\n|-miss|p2a: keknee|p1a: Iron Thorns\n|move|p1a: Iron Thorns|Pin Missile|p2a: keknee\n|-enditem|p2a: keknee|Focus Sash\n|-damage|p2a: keknee|10\/100\n|-damage|p2a: keknee|0 fnt\n|faint|p2a: keknee\n|-hitcount|p2: keknee|2\n|\n|upkeep\n|\n|t:|1700452477\n|switch|p2a: Mega Man Reject|Iron Hands|100\/100\n|turn|2\n|j| gayspotter2\n|\n|t:|1700452482\n|-end|p1a: Iron Thorns|Quark Drive|[silent]\n|switch|p1a: Gliscor|Gliscor, F|100\/100\n|move|p2a: Mega Man Reject|Drain Punch|p1a: Gliscor\n|-resisted|p1a: Gliscor\n|-damage|p1a: Gliscor|80\/100\n|\n|-status|p1a: Gliscor|tox|[from] item: Toxic Orb\n|upkeep\n|turn|3\n|\n|t:|1700452503\n|move|p1a: Gliscor|Earthquake|p2a: Mega Man Reject\n|-supereffective|p2a: Mega Man Reject\n|-damage|p2a: Mega Man Reject|50\/100\n|move|p2a: Mega Man Reject|Ice Punch|p1a: Gliscor\n|-supereffective|p1a: Gliscor\n|-damage|p1a: Gliscor|0 fnt\n|faint|p1a: Gliscor\n|\n|upkeep\n|\n|t:|1700452508\n|switch|p1a: Naganadel|Naganadel|100\/100\n|turn|4\n|\n|t:|1700452519\n|move|p1a: Naganadel|Sludge Wave|p2a: Mega Man Reject\n|-crit|p2a: Mega Man Reject\n|-damage|p2a: Mega Man Reject|0 fnt\n|faint|p2a: Mega Man Reject\n|-end|p2a: Mega Man Reject|Quark Drive|[silent]\n|-ability|p1a: Naganadel|Beast Boost|boost\n|-boost|p1a: Naganadel|spe|1\n|-damage|p1a: Naganadel|91\/100|[from] item: Life Orb\n|\n|upkeep\n|\n|t:|1700452524\n|switch|p2a: Mr. Tickle|Deoxys-Defense|100\/100\n|-ability|p2a: Mr. Tickle|Pressure\n|turn|5\n|\n|t:|1700452536\n|move|p1a: Naganadel|Sludge Wave|p2a: Mr. Tickle\n|-damage|p2a: Mr. Tickle|54\/100\n|-status|p2a: Mr. Tickle|psn\n|-damage|p1a: Naganadel|81\/100|[from] item: Life Orb\n|move|p2a: Mr. Tickle|Cosmic Power|p2a: Mr. Tickle\n|-boost|p2a: Mr. Tickle|def|1\n|-boost|p2a: Mr. Tickle|spd|1\n|\n|-damage|p2a: Mr. Tickle|41\/100 psn|[from] psn\n|upkeep\n|turn|6\n|\n|t:|1700452548\n|switch|p1a: Empoleon|Empoleon, F|100\/100\n|move|p2a: Mr. Tickle|Rest|p2a: Mr. Tickle\n|-status|p2a: Mr. Tickle|slp|[from] move: Rest\n|-heal|p2a: Mr. Tickle|100\/100 slp|[silent]\n|\n|upkeep\n|turn|7\n|\n|t:|1700452551\n|switch|p1a: Iron Thorns|Iron Thorns|100\/100\n|cant|p2a: Mr. Tickle|slp\n|\n|upkeep\n|turn|8\n|\n|t:|1700452557\n|move|p1a: Iron Thorns|Dragon Dance|p1a: Iron Thorns\n|-boost|p1a: Iron Thorns|atk|1\n|-boost|p1a: Iron Thorns|spe|1\n|cant|p2a: Mr. Tickle|slp\n|\n|upkeep\n|turn|9\n|\n|t:|1700452562\n|move|p1a: Iron Thorns|Dragon Dance|p1a: Iron Thorns\n|-boost|p1a: Iron Thorns|atk|1\n|-boost|p1a: Iron Thorns|spe|1\n|-curestatus|p2a: Mr. Tickle|slp|[msg]\n|move|p2a: Mr. Tickle|Cosmic Power|p2a: Mr. Tickle\n|-boost|p2a: Mr. Tickle|def|1\n|-boost|p2a: Mr. Tickle|spd|1\n|\n|upkeep\n|turn|10\n|j| Adamanzane\n|\n|t:|1700452567\n|-terastallize|p1a: Iron Thorns|Bug\n|move|p1a: Iron Thorns|Pin Missile|p2a: Mr. Tickle\n|-supereffective|p2a: Mr. Tickle\n|-damage|p2a: Mr. Tickle|82\/100\n|-supereffective|p2a: Mr. Tickle\n|-damage|p2a: Mr. Tickle|64\/100\n|-supereffective|p2a: Mr. Tickle\n|-damage|p2a: Mr. Tickle|46\/100\n|-hitcount|p2a: Mr. Tickle|3\n|move|p2a: Mr. Tickle|Wrap|p1a: Iron Thorns\n|-damage|p1a: Iron Thorns|98\/100\n|-activate|p1a: Iron Thorns|move: Wrap|[of] p2a: Mr. Tickle\n|\n|-damage|p1a: Iron Thorns|86\/100|[from] move: Wrap|[partiallytrapped]\n|upkeep\n|turn|11\n|\n|t:|1700452581\n|-terastallize|p2a: Mr. Tickle|Steel\n|move|p1a: Iron Thorns|Pin Missile|p2a: Mr. Tickle\n|-resisted|p2a: Mr. Tickle\n|-damage|p2a: Mr. Tickle|42\/100\n|-resisted|p2a: Mr. Tickle\n|-damage|p2a: Mr. Tickle|37\/100\n|-hitcount|p2a: Mr. Tickle|2\n|move|p2a: Mr. Tickle|Recover|p2a: Mr. Tickle\n|-heal|p2a: Mr. Tickle|88\/100\n|\n|-damage|p1a: Iron Thorns|73\/100|[from] move: Wrap|[partiallytrapped]\n|upkeep\n|turn|12\n|\n|t:|1700452594\n|move|p1a: Iron Thorns|Dragon Dance|p1a: Iron Thorns\n|-boost|p1a: Iron Thorns|atk|1\n|-boost|p1a: Iron Thorns|spe|1\n|move|p2a: Mr. Tickle|Cosmic Power|p2a: Mr. Tickle\n|-boost|p2a: Mr. Tickle|def|1\n|-boost|p2a: Mr. Tickle|spd|1\n|\n|-damage|p1a: Iron Thorns|61\/100|[from] move: Wrap|[partiallytrapped]\n|upkeep\n|turn|13\n|\n|t:|1700452603\n|move|p1a: Iron Thorns|Wild Charge|p2a: Mr. Tickle\n|-damage|p2a: Mr. Tickle|54\/100\n|-damage|p1a: Iron Thorns|53\/100|[from] Recoil\n|move|p2a: Mr. Tickle|Cosmic Power|p2a: Mr. Tickle\n|-boost|p2a: Mr. Tickle|def|1\n|-boost|p2a: Mr. Tickle|spd|1\n|\n|-damage|p1a: Iron Thorns|41\/100|[from] move: Wrap|[partiallytrapped]\n|upkeep\n|turn|14\n|\n|t:|1700452606\n|move|p1a: Iron Thorns|Wild Charge|p2a: Mr. Tickle\n|-damage|p2a: Mr. Tickle|28\/100\n|-damage|p1a: Iron Thorns|35\/100|[from] Recoil\n|move|p2a: Mr. Tickle|Recover|p2a: Mr. Tickle\n|-heal|p2a: Mr. Tickle|78\/100\n|\n|-damage|p1a: Iron Thorns|23\/100|[from] move: Wrap|[partiallytrapped]\n|upkeep\n|turn|15\n|\n|t:|1700452609\n|move|p1a: Iron Thorns|Wild Charge|p2a: Mr. Tickle\n|-damage|p2a: Mr. Tickle|51\/100\n|-damage|p1a: Iron Thorns|17\/100|[from] Recoil\n|move|p2a: Mr. Tickle|Cosmic Power|p2a: Mr. Tickle\n|-boost|p2a: Mr. Tickle|def|1\n|-boost|p2a: Mr. Tickle|spd|1\n|\n|-damage|p1a: Iron Thorns|5\/100|[from] move: Wrap|[partiallytrapped]\n|upkeep\n|turn|16\n|\n|t:|1700452612\n|move|p1a: Iron Thorns|Wild Charge|p2a: Mr. Tickle\n|-damage|p2a: Mr. Tickle|31\/100\n|-damage|p1a: Iron Thorns|0 fnt|[from] Recoil\n|faint|p1a: Iron Thorns\n|-end|p1a: Iron Thorns|Quark Drive|[silent]\n|move|p2a: Mr. Tickle|Cosmic Power|p2a: Mr. Tickle\n|-boost|p2a: Mr. Tickle|def|1\n|-boost|p2a: Mr. Tickle|spd|1\n|\n|upkeep\n|\n|t:|1700452616\n|switch|p1a: Heracross|Heracross, F|100\/100\n|turn|17\n|\n|t:|1700452624\n|detailschange|p1a: Heracross|Heracross-Mega, F\n|-mega|p1a: Heracross|Heracross|Heracronite\n|move|p1a: Heracross|Close Combat|p2a: Mr. Tickle\n|-supereffective|p2a: Mr. Tickle\n|-damage|p2a: Mr. Tickle|7\/100\n|-unboost|p1a: Heracross|def|1\n|-unboost|p1a: Heracross|spd|1\n|move|p2a: Mr. Tickle|Recover|p2a: Mr. Tickle\n|-heal|p2a: Mr. Tickle|57\/100\n|\n|upkeep\n|turn|18\n|\n|t:|1700452631\n|move|p1a: Heracross|Close Combat|p2a: Mr. Tickle\n|-supereffective|p2a: Mr. Tickle\n|-damage|p2a: Mr. Tickle|31\/100\n|-unboost|p1a: Heracross|def|1\n|-unboost|p1a: Heracross|spd|1\n|move|p2a: Mr. Tickle|Wrap|p1a: Heracross\n|-damage|p1a: Heracross|96\/100\n|-activate|p1a: Heracross|move: Wrap|[of] p2a: Mr. Tickle\n|\n|-damage|p1a: Heracross|83\/100|[from] move: Wrap|[partiallytrapped]\n|upkeep\n|turn|19\n|\n|t:|1700452650\n|move|p1a: Heracross|Close Combat|p2a: Mr. Tickle\n|-supereffective|p2a: Mr. Tickle\n|-damage|p2a: Mr. Tickle|5\/100\n|-unboost|p1a: Heracross|def|1\n|-unboost|p1a: Heracross|spd|1\n|move|p2a: Mr. Tickle|Recover|p2a: Mr. Tickle\n|-heal|p2a: Mr. Tickle|55\/100\n|\n|-damage|p1a: Heracross|71\/100|[from] move: Wrap|[partiallytrapped]\n|upkeep\n|turn|20\n|\n|t:|1700452655\n|move|p1a: Heracross|Close Combat|p2a: Mr. Tickle\n|-supereffective|p2a: Mr. Tickle\n|-damage|p2a: Mr. Tickle|33\/100\n|-unboost|p1a: Heracross|def|1\n|-unboost|p1a: Heracross|spd|1\n|move|p2a: Mr. Tickle|Recover|p2a: Mr. Tickle\n|-heal|p2a: Mr. Tickle|83\/100\n|\n|-damage|p1a: Heracross|59\/100|[from] move: Wrap|[partiallytrapped]\n|upkeep\n|turn|21\n|\n|t:|1700452664\n|move|p1a: Heracross|Rock Blast|p2a: Mr. Tickle\n|-resisted|p2a: Mr. Tickle\n|-damage|p2a: Mr. Tickle|82\/100\n|-resisted|p2a: Mr. Tickle\n|-damage|p2a: Mr. Tickle|81\/100\n|-resisted|p2a: Mr. Tickle\n|-damage|p2a: Mr. Tickle|80\/100\n|-resisted|p2a: Mr. Tickle\n|-damage|p2a: Mr. Tickle|79\/100\n|-resisted|p2a: Mr. Tickle\n|-damage|p2a: Mr. Tickle|78\/100\n|-hitcount|p2a: Mr. Tickle|5\n|move|p2a: Mr. Tickle|Wrap|p1a: Heracross\n|-damage|p1a: Heracross|51\/100\n|\n|-damage|p1a: Heracross|38\/100|[from] move: Wrap|[partiallytrapped]\n|upkeep\n|turn|22\n|\n|t:|1700452689\n|move|p1a: Heracross|Pin Missile|p2a: Mr. Tickle\n|-resisted|p2a: Mr. Tickle\n|-damage|p2a: Mr. Tickle|76\/100\n|-resisted|p2a: Mr. Tickle\n|-damage|p2a: Mr. Tickle|75\/100\n|-resisted|p2a: Mr. Tickle\n|-damage|p2a: Mr. Tickle|74\/100\n|-resisted|p2a: Mr. Tickle\n|-damage|p2a: Mr. Tickle|72\/100\n|-resisted|p2a: Mr. Tickle\n|-damage|p2a: Mr. Tickle|71\/100\n|-hitcount|p2a: Mr. Tickle|5\n|move|p2a: Mr. Tickle|Cosmic Power|p2a: Mr. Tickle\n|-boost|p2a: Mr. Tickle|def|0\n|-boost|p2a: Mr. Tickle|spd|0\n|\n|-damage|p1a: Heracross|26\/100|[from] move: Wrap|[partiallytrapped]\n|upkeep\n|turn|23\n|\n|t:|1700452697\n|move|p1a: Heracross|Pin Missile|p2a: Mr. Tickle\n|-resisted|p2a: Mr. Tickle\n|-damage|p2a: Mr. Tickle|70\/100\n|-resisted|p2a: Mr. Tickle\n|-damage|p2a: Mr. Tickle|68\/100\n|-resisted|p2a: Mr. Tickle\n|-damage|p2a: Mr. Tickle|67\/100\n|-resisted|p2a: Mr. Tickle\n|-damage|p2a: Mr. Tickle|66\/100\n|-resisted|p2a: Mr. Tickle\n|-damage|p2a: Mr. Tickle|65\/100\n|-hitcount|p2a: Mr. Tickle|5\n|move|p2a: Mr. Tickle|Wrap|p1a: Heracross|[miss]\n|-miss|p2a: Mr. Tickle|p1a: Heracross\n|\n|-damage|p1a: Heracross|14\/100|[from] move: Wrap|[partiallytrapped]\n|upkeep\n|turn|24\n|\n|t:|1700452713\n|move|p1a: Heracross|Rock Blast|p2a: Mr. Tickle\n|-resisted|p2a: Mr. Tickle\n|-damage|p2a: Mr. Tickle|64\/100\n|-resisted|p2a: Mr. Tickle\n|-damage|p2a: Mr. Tickle|63\/100\n|-resisted|p2a: Mr. Tickle\n|-damage|p2a: Mr. Tickle|62\/100\n|-resisted|p2a: Mr. Tickle\n|-damage|p2a: Mr. Tickle|61\/100\n|-resisted|p2a: Mr. Tickle\n|-damage|p2a: Mr. Tickle|60\/100\n|-hitcount|p2a: Mr. Tickle|5\n|move|p2a: Mr. Tickle|Recover|p2a: Mr. Tickle\n|-heal|p2a: Mr. Tickle|100\/100\n|\n|-damage|p1a: Heracross|1\/100|[from] move: Wrap|[partiallytrapped]\n|upkeep\n|turn|25\n|\n|t:|1700452717\n|move|p1a: Heracross|Rock Blast|p2a: Mr. Tickle\n|-resisted|p2a: Mr. Tickle\n|-crit|p2a: Mr. Tickle\n|-damage|p2a: Mr. Tickle|96\/100\n|-resisted|p2a: Mr. Tickle\n|-damage|p2a: Mr. Tickle|95\/100\n|-resisted|p2a: Mr. Tickle\n|-damage|p2a: Mr. Tickle|94\/100\n|-resisted|p2a: Mr. Tickle\n|-damage|p2a: Mr. Tickle|93\/100\n|-resisted|p2a: Mr. Tickle\n|-damage|p2a: Mr. Tickle|92\/100\n|-hitcount|p2a: Mr. Tickle|5\n|move|p2a: Mr. Tickle|Cosmic Power|p2a: Mr. Tickle\n|-boost|p2a: Mr. Tickle|def|0\n|-boost|p2a: Mr. Tickle|spd|0\n|\n|-end|p1a: Heracross|Wrap|[partiallytrapped]\n|upkeep\n|turn|26\n|\n|t:|1700452721\n|move|p1a: Heracross|Rock Blast|p2a: Mr. Tickle\n|-resisted|p2a: Mr. Tickle\n|-damage|p2a: Mr. Tickle|91\/100\n|-resisted|p2a: Mr. Tickle\n|-damage|p2a: Mr. Tickle|90\/100\n|-resisted|p2a: Mr. Tickle\n|-damage|p2a: Mr. Tickle|89\/100\n|-resisted|p2a: Mr. Tickle\n|-damage|p2a: Mr. Tickle|88\/100\n|-resisted|p2a: Mr. Tickle\n|-damage|p2a: Mr. Tickle|87\/100\n|-hitcount|p2a: Mr. Tickle|5\n|move|p2a: Mr. Tickle|Wrap|p1a: Heracross\n|-damage|p1a: Heracross|0 fnt\n|faint|p1a: Heracross\n|\n|upkeep\n|\n|t:|1700452727\n|switch|p1a: Zeraora|Zeraora|100\/100\n|turn|27\n|\n|t:|1700452737\n|move|p1a: Zeraora|Plasma Fists|p2a: Mr. Tickle\n|-damage|p2a: Mr. Tickle|79\/100\n|-fieldactivate|move: Ion Deluge\n|-hint|Normal-type moves become Electric-type after using Plasma Fists.\n|move|p2a: Mr. Tickle|Wrap|p1a: Zeraora\n|-immune|p1a: Zeraora|[from] ability: Volt Absorb\n|\n|upkeep\n|turn|28\n|\n|t:|1700452747\n|move|p1a: Zeraora|Blaze Kick|p2a: Mr. Tickle\n|-supereffective|p2a: Mr. Tickle\n|-damage|p2a: Mr. Tickle|70\/100\n|move|p2a: Mr. Tickle|Cosmic Power|p2a: Mr. Tickle\n|-boost|p2a: Mr. Tickle|def|0\n|-boost|p2a: Mr. Tickle|spd|0\n|\n|upkeep\n|turn|29\n|\n|t:|1700452752\n|move|p1a: Zeraora|Blaze Kick|p2a: Mr. Tickle\n|-supereffective|p2a: Mr. Tickle\n|-damage|p2a: Mr. Tickle|62\/100\n|move|p2a: Mr. Tickle|Wrap|p1a: Zeraora\n|-damage|p1a: Zeraora|97\/100\n|-activate|p1a: Zeraora|move: Wrap|[of] p2a: Mr. Tickle\n|\n|-damage|p1a: Zeraora|84\/100|[from] move: Wrap|[partiallytrapped]\n|upkeep\n|turn|30\n|\n|t:|1700452759\n|move|p1a: Zeraora|Plasma Fists|p2a: Mr. Tickle\n|-damage|p2a: Mr. Tickle|55\/100\n|-fieldactivate|move: Ion Deluge\n|-hint|Normal-type moves become Electric-type after using Plasma Fists.\n|move|p2a: Mr. Tickle|Cosmic Power|p2a: Mr. Tickle\n|-boost|p2a: Mr. Tickle|def|0\n|-boost|p2a: Mr. Tickle|spd|0\n|\n|-damage|p1a: Zeraora|72\/100|[from] move: Wrap|[partiallytrapped]\n|upkeep\n|turn|31\n|\n|t:|1700452772\n|move|p1a: Zeraora|Plasma Fists|p2a: Mr. Tickle\n|-damage|p2a: Mr. Tickle|47\/100\n|-fieldactivate|move: Ion Deluge\n|-hint|Normal-type moves become Electric-type after using Plasma Fists.\n|move|p2a: Mr. Tickle|Rest|p2a: Mr. Tickle\n|-status|p2a: Mr. Tickle|slp|[from] move: Rest\n|-heal|p2a: Mr. Tickle|100\/100 slp|[silent]\n|\n|-damage|p1a: Zeraora|60\/100|[from] move: Wrap|[partiallytrapped]\n|upkeep\n|turn|32\n|\n|t:|1700452778\n|move|p1a: Zeraora|Plasma Fists|p2a: Mr. Tickle\n|-damage|p2a: Mr. Tickle|93\/100 slp\n|-fieldactivate|move: Ion Deluge\n|-hint|Normal-type moves become Electric-type after using Plasma Fists.\n|cant|p2a: Mr. Tickle|slp\n|\n|-damage|p1a: Zeraora|48\/100|[from] move: Wrap|[partiallytrapped]\n|upkeep\n|turn|33\n|-message|Tony_Turtle22 forfeited.\n|\n|win|momfr\n|raw|Tony_Turtle22's rating: 1103 &rarr; <strong>1082<\/strong><br \/>(-21 for losing)\n|raw|momfr's rating: 1156 &rarr; <strong>1177<\/strong><br \/>(+21 for winning)\n|l|\u2606Tony_Turtle22\n","uploadtime":1700452822,"views":3,"p1id":"tonyturtle22","p2id":"momfr","formatid":"gen9nationaldexubers","rating":1082,"private":0,"password":""}