{"id":"gen9nationaldexubers-1987117742","p1":"AnotherPerson92","p2":"Yoswuert88088","format":"[Gen 9] National Dex Ubers","log":"|j|\u2606AnotherPerson92\n|j|\u2606Yoswuert88088\n|t:|1699557504\n|gametype|singles\n|player|p1|AnotherPerson92|lucas|1106\n|player|p2|Yoswuert88088|102|1000\n|teamsize|p1|6\n|teamsize|p2|6\n|gen|9\n|tier|[Gen 9] National Dex Ubers\n|rated|\n|rule|HP Percentage Mod: HP is shown in percentages\n|rule|Endless Battle Clause: Forcing endless battles is banned\n|rule|OHKO Clause: OHKO moves are banned\n|rule|Evasion Moves Clause: Evasion moves are banned\n|rule|Evasion Items Clause: Evasion items are banned\n|rule|Species Clause: Limit one of each Pok\u00e9mon\n|rule|Sleep Clause Mod: Limit one foe put to sleep\n|rule|Mega Rayquaza Clause: You cannot mega evolve Rayquaza\n|clearpoke\n|poke|p1|Melmetal|\n|poke|p1|Deoxys-Speed|\n|poke|p1|Xerneas-*|\n|poke|p1|Groudon|\n|poke|p1|Marshadow|\n|poke|p1|Clodsire, M|\n|poke|p2|Armarouge, M|\n|poke|p2|Cyclizar, M|\n|poke|p2|Tinkaton, F|\n|poke|p2|Maushold-Four|\n|poke|p2|Palafin, M|\n|poke|p2|Silvally-*|\n|teampreview\n|\n|t:|1699557512\n|start\n|switch|p1a: Xerneas|Xerneas|100\/100\n|switch|p2a: Palafin|Palafin, M|100\/100\n|-ability|p1a: Xerneas|Fairy Aura\n|turn|1\n|\n|t:|1699557519\n|detailschange|p2a: Palafin|Palafin-Hero, M\n|switch|p2a: Tinkaton|Tinkaton, F|100\/100\n|-ability|p2a: Tinkaton|Mold Breaker\n|move|p1a: Xerneas|Geomancy||[still]\n|-prepare|p1a: Xerneas|Geomancy\n|-enditem|p1a: Xerneas|Power Herb\n|-anim|p1a: Xerneas|Geomancy|p1a: Xerneas\n|-boost|p1a: Xerneas|spa|2\n|-boost|p1a: Xerneas|spd|2\n|-boost|p1a: Xerneas|spe|2\n|\n|upkeep\n|turn|2\n|\n|t:|1699557529\n|move|p1a: Xerneas|Psychic|p2a: Tinkaton\n|-resisted|p2a: Tinkaton\n|-damage|p2a: Tinkaton|75\/100\n|-unboost|p2a: Tinkaton|spd|1\n|move|p2a: Tinkaton|Swords Dance|p2a: Tinkaton\n|-boost|p2a: Tinkaton|atk|2\n|\n|upkeep\n|turn|3\n|\n|t:|1699557536\n|move|p1a: Xerneas|Draining Kiss|p2a: Tinkaton\n|-resisted|p2a: Tinkaton\n|-damage|p2a: Tinkaton|31\/100\n|move|p2a: Tinkaton|Gigaton Hammer|p1a: Xerneas\n|-supereffective|p1a: Xerneas\n|-damage|p1a: Xerneas|0 fnt\n|faint|p1a: Xerneas\n|\n|upkeep\n|\n|t:|1699557546\n|switch|p1a: Deoxys|Deoxys-Speed|100\/100\n|-ability|p1a: Deoxys|Pressure\n|turn|4\n|\n|t:|1699557550\n|move|p2a: Tinkaton|Knock Off|p1a: Deoxys\n|-supereffective|p1a: Deoxys\n|-enditem|p1a: Deoxys|Focus Sash\n|-damage|p1a: Deoxys|1\/100\n|move|p1a: Deoxys|Trick Room|p1a: Deoxys\n|-fieldstart|move: Trick Room|[of] p1a: Deoxys\n|\n|upkeep\n|turn|5\n|\n|t:|1699557556\n|move|p2a: Tinkaton|Knock Off|p1a: Deoxys\n|-supereffective|p1a: Deoxys\n|-damage|p1a: Deoxys|0 fnt\n|faint|p1a: Deoxys\n|\n|upkeep\n|\n|t:|1699557561\n|switch|p1a: Melmetal|Melmetal|100\/100\n|turn|6\n|\n|t:|1699557569\n|move|p1a: Melmetal|Earthquake|p2a: Tinkaton\n|-supereffective|p2a: Tinkaton\n|-damage|p2a: Tinkaton|0 fnt\n|faint|p2a: Tinkaton\n|\n|upkeep\n|\n|t:|1699557572\n|switch|p2a: Armarouge|Armarouge, M, shiny|100\/100\n|turn|7\n|\n|t:|1699557579\n|move|p1a: Melmetal|Double Iron Bash|p2a: Armarouge\n|-resisted|p2a: Armarouge\n|-damage|p2a: Armarouge|83\/100\n|-resisted|p2a: Armarouge\n|-damage|p2a: Armarouge|64\/100\n|-hitcount|p2a: Armarouge|2\n|move|p2a: Armarouge|Calm Mind|p2a: Armarouge\n|-boost|p2a: Armarouge|spa|1\n|-boost|p2a: Armarouge|spd|1\n|\n|upkeep\n|turn|8\n|\n|t:|1699557587\n|move|p1a: Melmetal|Earthquake|p2a: Armarouge\n|-supereffective|p2a: Armarouge\n|-damage|p2a: Armarouge|1\/100\n|move|p2a: Armarouge|Armor Cannon|p1a: Melmetal\n|-supereffective|p1a: Melmetal\n|-damage|p1a: Melmetal|0 fnt\n|-unboost|p2a: Armarouge|def|1\n|-unboost|p2a: Armarouge|spd|1\n|faint|p1a: Melmetal\n|\n|-fieldend|move: Trick Room\n|upkeep\n|\n|t:|1699557598\n|switch|p1a: Marshadow|Marshadow|100\/100\n|turn|9\n|\n|t:|1699557602\n|move|p1a: Marshadow|Shadow Sneak|p2a: Armarouge\n|-supereffective|p2a: Armarouge\n|-damage|p2a: Armarouge|0 fnt\n|faint|p2a: Armarouge\n|-damage|p1a: Marshadow|91\/100|[from] item: Life Orb\n|\n|upkeep\n|\n|t:|1699557606\n|switch|p2a: Silvally|Silvally-Bug|100\/100\n|turn|10\n|\n|t:|1699557612\n|move|p1a: Marshadow|Rock Tomb|p2a: Silvally\n|-supereffective|p2a: Silvally\n|-damage|p2a: Silvally|0 fnt\n|faint|p2a: Silvally\n|-damage|p1a: Marshadow|81\/100|[from] item: Life Orb\n|\n|upkeep\n|\n|t:|1699557617\n|switch|p2a: Maushold|Maushold-Four, shiny|100\/100\n|turn|11\n|\n|t:|1699557621\n|move|p1a: Marshadow|Shadow Sneak|p2a: Maushold\n|-immune|p2a: Maushold\n|move|p2a: Maushold|Shadow Claw|p1a: Marshadow\n|-supereffective|p1a: Marshadow\n|-damage|p1a: Marshadow|38\/100\n|\n|upkeep\n|turn|12\n|\n|t:|1699557629\n|move|p1a: Marshadow|Close Combat|p2a: Maushold\n|-supereffective|p2a: Maushold\n|-damage|p2a: Maushold|0 fnt\n|-unboost|p1a: Marshadow|def|1\n|-unboost|p1a: Marshadow|spd|1\n|faint|p2a: Maushold\n|-damage|p1a: Marshadow|28\/100|[from] item: Life Orb\n|\n|upkeep\n|\n|t:|1699557634\n|switch|p2a: Palafin|Palafin-Hero, M|100\/100\n|-activate|p2a: Palafin|ability: Zero to Hero\n|turn|13\n|\n|t:|1699557641\n|move|p1a: Marshadow|Rock Tomb|p2a: Palafin\n|-damage|p2a: Palafin|65\/100\n|-unboost|p2a: Palafin|spe|1\n|-damage|p1a: Marshadow|18\/100|[from] item: Life Orb\n|move|p2a: Palafin|Acrobatics|p1a: Marshadow\n|-supereffective|p1a: Marshadow\n|-damage|p1a: Marshadow|0 fnt\n|faint|p1a: Marshadow\n|\n|upkeep\n|\n|t:|1699557652\n|switch|p1a: Groudon|Groudon|100\/100\n|detailschange|p1a: Groudon|Groudon-Primal\n|-primal|p1a: Groudon|Red Orb\n|-weather|DesolateLand|[from] ability: Desolate Land|[of] p1a: Groudon\n|turn|14\n|\n|t:|1699557661\n|move|p1a: Groudon|Earthquake|p2a: Palafin\n|-damage|p2a: Palafin|10\/100\n|move|p2a: Palafin|Bulk Up|p2a: Palafin\n|-boost|p2a: Palafin|atk|1\n|-boost|p2a: Palafin|def|1\n|\n|-weather|DesolateLand|[upkeep]\n|upkeep\n|turn|15\n|\n|t:|1699557669\n|move|p1a: Groudon|Earthquake|p2a: Palafin\n|-damage|p2a: Palafin|0 fnt\n|faint|p2a: Palafin\n|\n|-weather|DesolateLand|[upkeep]\n|upkeep\n|\n|t:|1699557671\n|switch|p2a: Cyclizar|Cyclizar, M|100\/100\n|turn|16\n|\n|t:|1699557678\n|-terastallize|p2a: Cyclizar|Normal\n|move|p2a: Cyclizar|Body Slam|p1a: Groudon\n|-damage|p1a: Groudon|78\/100\n|move|p1a: Groudon|Crunch|p2a: Cyclizar\n|-damage|p2a: Cyclizar|45\/100\n|\n|-weather|DesolateLand|[upkeep]\n|upkeep\n|turn|17\n|\n|t:|1699557695\n|move|p2a: Cyclizar|Hyper Voice|p1a: Groudon\n|-damage|p1a: Groudon|42\/100\n|move|p1a: Groudon|Crunch|p2a: Cyclizar\n|-damage|p2a: Cyclizar|0 fnt\n|faint|p2a: Cyclizar\n|\n|win|AnotherPerson92\n|raw|AnotherPerson92's rating: 1106 &rarr; <strong>1124<\/strong><br \/>(+18 for winning)\n|raw|Yoswuert88088's rating: 1000 &rarr; <strong>1000<\/strong><br \/>(+0 for losing)\n|l|\u2606AnotherPerson92\n","uploadtime":1699557712,"views":6,"p1id":"anotherperson92","p2id":"yoswuert88088","formatid":"gen9nationaldexubers","rating":1000,"private":0,"password":""}