{"id":"gen9nationaldexubers-1997046799","p1":"Thicc_Arrow","p2":"GggImnotsurewhat","format":"[Gen 9] National Dex Ubers","log":"|j|\u2606Thicc_Arrow\n|j|\u2606GggImnotsurewhat\n|t:|1700759140\n|gametype|singles\n|player|p1|Thicc_Arrow|lance|1043\n|player|p2|GggImnotsurewhat|266|1057\n|teamsize|p1|6\n|teamsize|p2|6\n|gen|9\n|tier|[Gen 9] National Dex Ubers\n|rated|\n|rule|HP Percentage Mod: HP is shown in percentages\n|rule|Endless Battle Clause: Forcing endless battles is banned\n|rule|OHKO Clause: OHKO moves are banned\n|rule|Evasion Moves Clause: Evasion moves are banned\n|rule|Evasion Items Clause: Evasion items are banned\n|rule|Species Clause: Limit one of each Pok\u00e9mon\n|rule|Sleep Clause Mod: Limit one foe put to sleep\n|rule|Mega Rayquaza Clause: You cannot mega evolve Rayquaza\n|clearpoke\n|poke|p1|Metagross|\n|poke|p1|Rhyperior, M|\n|poke|p1|Decidueye, M|\n|poke|p1|Gyarados, M|\n|poke|p1|Volcarona, M|\n|poke|p1|Hydreigon, M|\n|poke|p2|Inteleon, M|\n|poke|p2|Aegislash, M|\n|poke|p2|Urshifu-*, M|\n|poke|p2|Rillaboom, F|\n|poke|p2|Gardevoir, M|\n|poke|p2|Ho-Oh|\n|teampreview\n|\n|t:|1700759149\n|start\n|switch|p1a: Volcarona|Volcarona, M|100\/100\n|switch|p2a: Ho-Oh|Ho-Oh|100\/100\n|turn|1\n|\n|t:|1700759157\n|move|p1a: Volcarona|Quiver Dance|p1a: Volcarona\n|-boost|p1a: Volcarona|spa|1\n|-boost|p1a: Volcarona|spd|1\n|-boost|p1a: Volcarona|spe|1\n|move|p2a: Ho-Oh|Dual Wingbeat|p1a: Volcarona\n|-supereffective|p1a: Volcarona\n|-damage|p1a: Volcarona|45\/100\n|-supereffective|p1a: Volcarona\n|-damage|p1a: Volcarona|0 fnt\n|faint|p1a: Volcarona\n|-hitcount|p1: Volcarona|2\n|\n|upkeep\n|\n|t:|1700759174\n|switch|p1a: Rhyperior|Rhyperior, M|100\/100\n|turn|2\n|\n|t:|1700759181\n|move|p2a: Ho-Oh|Sacred Fire|p1a: Rhyperior\n|-resisted|p1a: Rhyperior\n|-damage|p1a: Rhyperior|83\/100\n|move|p1a: Rhyperior|Stone Edge|p2a: Ho-Oh\n|-supereffective|p2a: Ho-Oh\n|-damage|p2a: Ho-Oh|0 fnt\n|faint|p2a: Ho-Oh\n|\n|upkeep\n|\n|t:|1700759193\n|switch|p2a: Inteleon|Inteleon, M|100\/100\n|turn|3\n|\n|t:|1700759208\n|switch|p1a: Decidueye|Decidueye, M|100\/100\n|move|p2a: Inteleon|Dark Pulse|p1a: Decidueye\n|-supereffective|p1a: Decidueye\n|-damage|p1a: Decidueye|50\/100\n|\n|upkeep\n|turn|4\n|\n|t:|1700759218\n|move|p2a: Inteleon|Dark Pulse|p1a: Decidueye\n|-supereffective|p1a: Decidueye\n|-damage|p1a: Decidueye|4\/100\n|move|p1a: Decidueye|Leaf Blade|p2a: Inteleon\n|-supereffective|p2a: Inteleon\n|-damage|p2a: Inteleon|0 fnt\n|faint|p2a: Inteleon\n|\n|upkeep\n|\n|t:|1700759227\n|switch|p2a: Aegislash|Aegislash, M|100\/100\n|turn|5\n|\n|t:|1700759230\n|switch|p1a: Hydreigon|Hydreigon, M|100\/100\n|-formechange|p2a: Aegislash|Aegislash-Blade||[from] ability: Stance Change\n|move|p2a: Aegislash|Shadow Sneak|p1a: Hydreigon\n|-resisted|p1a: Hydreigon\n|-damage|p1a: Hydreigon|90\/100\n|\n|upkeep\n|turn|6\n|\n|t:|1700759238\n|move|p1a: Hydreigon|Nasty Plot|p1a: Hydreigon\n|-boost|p1a: Hydreigon|spa|2\n|move|p2a: Aegislash|Flash Cannon|p1a: Hydreigon\n|-damage|p1a: Hydreigon|40\/100\n|\n|upkeep\n|turn|7\n|\n|t:|1700759245\n|move|p1a: Hydreigon|Dark Pulse|p2a: Aegislash\n|-supereffective|p2a: Aegislash\n|-damage|p2a: Aegislash|0 fnt\n|faint|p2a: Aegislash\n|\n|upkeep\n|\n|t:|1700759252\n|switch|p2a: Rillaboom|Rillaboom, F|100\/100\n|-fieldstart|move: Grassy Terrain|[from] ability: Grassy Surge|[of] p2a: Rillaboom\n|turn|8\n|\n|t:|1700759260\n|-terastallize|p2a: Rillaboom|Grass\n|move|p1a: Hydreigon|Draco Meteor|p2a: Rillaboom\n|-damage|p2a: Rillaboom|0 fnt\n|-unboost|p1a: Hydreigon|spa|2\n|faint|p2a: Rillaboom\n|\n|upkeep\n|-message|GggImnotsurewhat forfeited.\n|\n|win|Thicc_Arrow\n|raw|Thicc_Arrow's rating: 1043 &rarr; <strong>1078<\/strong><br \/>(+35 for winning)\n|raw|GggImnotsurewhat's rating: 1057 &rarr; <strong>1038<\/strong><br \/>(-19 for losing)\n|l|\u2606GggImnotsurewhat\n","uploadtime":1700759278,"views":7,"p1id":"thiccarrow","p2id":"gggimnotsurewhat","formatid":"gen9nationaldexubers","rating":1038,"private":0,"password":""}