{"id":"gen9nationaldexubers-1984619334","p1":"Szymszym134","p2":"Incredible Gassy","format":"[Gen 9] National Dex Ubers","log":"|j|\u2606Szymszym134\n|j|\u2606Incredible Gassy\n|t:|1699285178\n|gametype|singles\n|player|p1|Szymszym134|elesa|1575\n|player|p2|Incredible Gassy|kieran|1711\n|teamsize|p1|6\n|teamsize|p2|6\n|gen|9\n|tier|[Gen 9] National Dex Ubers\n|rated|\n|rule|HP Percentage Mod: HP is shown in percentages\n|rule|Endless Battle Clause: Forcing endless battles is banned\n|rule|OHKO Clause: OHKO moves are banned\n|rule|Evasion Moves Clause: Evasion moves are banned\n|rule|Evasion Items Clause: Evasion items are banned\n|rule|Species Clause: Limit one of each Pok\u00e9mon\n|rule|Sleep Clause Mod: Limit one foe put to sleep\n|rule|Mega Rayquaza Clause: You cannot mega evolve Rayquaza\n|clearpoke\n|poke|p1|Mewtwo|\n|poke|p1|Kingambit, F|\n|poke|p1|Garganacl, F|\n|poke|p1|Arceus-Ground|\n|poke|p1|Urshifu-*, M|\n|poke|p1|Ditto|\n|poke|p2|Rayquaza|\n|poke|p2|Hatterene, F|\n|poke|p2|Melmetal|\n|poke|p2|Kyogre|\n|poke|p2|Calyrex-Ice|\n|poke|p2|Arceus|\n|teampreview\n|inactive|Battle timer is ON: inactive players will automatically lose when time's up. (requested by Incredible Gassy)\n|inactive|Szymszym134 also wants the timer to be on.\n|\n|t:|1699285190\n|start\n|switch|p1a: Arceus|Arceus-Ground|100\/100\n|switch|p2a: The Biggest One|Arceus|100\/100\n|turn|1\n|\n|t:|1699285195\n|move|p1a: Arceus|Judgment|p2a: The Biggest One\n|-damage|p2a: The Biggest One|67\/100\n|move|p2a: The Biggest One|Trick Room|p2a: The Biggest One\n|-fieldstart|move: Trick Room|[of] p2a: The Biggest One\n|\n|upkeep\n|turn|2\n|\n|t:|1699285203\n|move|p2a: The Biggest One|Healing Wish|p2a: The Biggest One\n|faint|p2a: The Biggest One\n|move|p1a: Arceus|Ice Beam|p2: The Biggest One|[notarget]\n|-fail|p1a: Arceus\n|\n|upkeep\n|\n|t:|1699285206\n|switch|p2a: Big Blue|Kyogre|100\/100\n|detailschange|p2a: Big Blue|Kyogre-Primal\n|-primal|p2a: Big Blue|Blue Orb\n|-weather|PrimordialSea|[from] ability: Primordial Sea|[of] p2a: Big Blue\n|turn|3\n|\n|t:|1699285210\n|-terastallize|p1a: Arceus|Water\n|move|p2a: Big Blue|Origin Pulse|p1a: Arceus\n|-resisted|p1a: Arceus\n|-damage|p1a: Arceus|60\/100\n|move|p1a: Arceus|Judgment|p2a: Big Blue\n|-damage|p2a: Big Blue|75\/100\n|\n|-weather|PrimordialSea|[upkeep]\n|upkeep\n|turn|4\n|\n|t:|1699285218\n|move|p2a: Big Blue|Calm Mind|p2a: Big Blue\n|-boost|p2a: Big Blue|spa|1\n|-boost|p2a: Big Blue|spd|1\n|move|p1a: Arceus|Judgment|p2a: Big Blue\n|-damage|p2a: Big Blue|55\/100\n|\n|-weather|PrimordialSea|[upkeep]\n|upkeep\n|turn|5\n|\n|t:|1699285220\n|move|p2a: Big Blue|Thunder|p1a: Arceus\n|-supereffective|p1a: Arceus\n|-damage|p1a: Arceus|0 fnt\n|faint|p1a: Arceus\n|\n|-weather|PrimordialSea|[upkeep]\n|-fieldend|move: Trick Room\n|upkeep\n|\n|t:|1699285225\n|switch|p1a: Mewtwo|Mewtwo|100\/100\n|-ability|p1a: Mewtwo|Unnerve\n|turn|6\n|\n|t:|1699285227\n|detailschange|p1a: Mewtwo|Mewtwo-Mega-Y\n|-mega|p1a: Mewtwo|Mewtwo|Mewtwonite Y\n|move|p1a: Mewtwo|Psystrike|p2a: Big Blue\n|-damage|p2a: Big Blue|0 fnt\n|faint|p2a: Big Blue\n|-weather|none\n|\n|upkeep\n|\n|t:|1699285233\n|switch|p2a: Drumstick|Hatterene, F|100\/100\n|turn|7\n|\n|t:|1699285236\n|move|p1a: Mewtwo|Earth Power|p2a: Drumstick\n|-damage|p2a: Drumstick|61\/100\n|move|p2a: Drumstick|Trick Room|p2a: Drumstick\n|-fieldstart|move: Trick Room|[of] p2a: Drumstick\n|\n|upkeep\n|turn|8\n|\n|t:|1699285253\n|switch|p1a: Kingambit|Kingambit, F|100\/100\n|-activate|p1a: Kingambit|ability: Supreme Overlord\n|-start|p1a: Kingambit|fallen1|[silent]\n|move|p2a: Drumstick|Misty Explosion|p1a: Kingambit\n|-damage|p1a: Kingambit|48\/100\n|faint|p2a: Drumstick\n|\n|upkeep\n|\n|t:|1699285256\n|switch|p2a: Femme Metale|Melmetal, shiny|100\/100\n|turn|9\n|\n|t:|1699285274\n|-end|p1a: Kingambit|fallen1|[silent]\n|switch|p1a: Ditto|Ditto|100\/100\n|-transform|p1a: Ditto|p2a: Femme Metale|[from] ability: Imposter\n|move|p2a: Femme Metale|Double Iron Bash|p1a: Ditto\n|-resisted|p1a: Ditto\n|-damage|p1a: Ditto|73\/100\n|-resisted|p1a: Ditto\n|-damage|p1a: Ditto|47\/100\n|-hitcount|p1a: Ditto|2\n|\n|upkeep\n|turn|10\n|\n|t:|1699285286\n|move|p2a: Femme Metale|Double Iron Bash|p1a: Ditto\n|-resisted|p1a: Ditto\n|-damage|p1a: Ditto|18\/100\n|-resisted|p1a: Ditto\n|-damage|p1a: Ditto|0 fnt\n|faint|p1a: Ditto\n|-hitcount|p1: Ditto|2\n|\n|upkeep\n|\n|t:|1699285295\n|switch|p1a: Urshifu|Urshifu, M|100\/100\n|turn|11\n|\n|t:|1699285298\n|move|p2a: Femme Metale|Double Iron Bash|p1a: Urshifu\n|-damage|p1a: Urshifu|33\/100\n|-damage|p1a: Urshifu|0 fnt\n|faint|p1a: Urshifu\n|-hitcount|p1: Urshifu|2\n|\n|-fieldend|move: Trick Room\n|upkeep\n|\n|t:|1699285304\n|switch|p1a: Mewtwo|Mewtwo-Mega-Y|100\/100\n|turn|12\n|\n|t:|1699285306\n|switch|p2a: Emerald|Rayquaza|100\/100\n|-ability|p2a: Emerald|Air Lock\n|move|p1a: Mewtwo|Earth Power|p2a: Emerald\n|-immune|p2a: Emerald\n|\n|upkeep\n|turn|13\n|\n|t:|1699285309\n|-terastallize|p2a: Emerald|Normal\n|move|p1a: Mewtwo|Ice Beam|p2a: Emerald\n|-damage|p2a: Emerald|65\/100\n|move|p2a: Emerald|Dragon Ascent|p1a: Mewtwo\n|-damage|p1a: Mewtwo|0 fnt\n|-unboost|p2a: Emerald|def|1\n|-unboost|p2a: Emerald|spd|1\n|faint|p1a: Mewtwo\n|-damage|p2a: Emerald|55\/100|[from] item: Life Orb\n|\n|upkeep\n|-message|Szymszym134 forfeited.\n|\n|win|Incredible Gassy\n|raw|Szymszym134's rating: 1575 &rarr; <strong>1562<\/strong><br \/>(-13 for losing)\n|raw|Incredible Gassy's rating: 1711 &rarr; <strong>1724<\/strong><br \/>(+13 for winning)\n|l|\u2606Szymszym134\n","uploadtime":1699285328,"views":10,"p1id":"szymszym134","p2id":"incrediblegassy","formatid":"gen9nationaldexubers","rating":1562,"private":0,"password":""}