{"id":"gen9nationaldexubers-1980932633","p1":"RedHoodKat","p2":"Blue the zacian","format":"[Gen 9] National Dex Ubers","log":"|j|\u2606RedHoodKat\n|j|\u2606Blue the zacian\n|n|\u2606RedHoodKat|redhoodkat\n|n|\u2606Blue the zacian|bluethezacian\n|html|View the match progress at <a href=\"\/game-bestof3-gen9nationaldexubers-1980932631\">game-bestof3-gen9nationaldexubers-1980932631<\/a>\n|t:|1698850127\n|gametype|singles\n|player|p1|RedHoodKat|colress|\n|player|p2|Blue the zacian|ash-kalos|\n|teamsize|p1|6\n|teamsize|p2|6\n|gen|9\n|tier|[Gen 9] National Dex Ubers\n|rule|HP Percentage Mod: HP is shown in percentages\n|rule|Endless Battle Clause: Forcing endless battles is banned\n|rule|OHKO Clause: OHKO moves are banned\n|rule|Evasion Moves Clause: Evasion moves are banned\n|rule|Evasion Items Clause: Evasion items are banned\n|rule|Species Clause: Limit one of each Pok\u00e9mon\n|rule|Sleep Clause Mod: Limit one foe put to sleep\n|rule|Mega Rayquaza Clause: You cannot mega evolve Rayquaza\n|rule|Inverse Mod: Weaknesses become resistances, while resistances and immunities become weaknesses.\n|rule|Camomons Mod: Pok\u00e9mon have their types set to match their first two moves.\n|rule|No Switching: All Pok\u00e9mon are trapped\n|rule|Tier Shift Mod: Pok\u00e9mon get stat buffs depending on their tier, excluding HP.\n|rule|Revelationmons Mod: The first moveslots have their types changed to match the Pok\u00e9mon's types\n|rule|Re-Evolution Mod: Pok\u00e9mon gain the boosts they would gain from evolving again\n|rule|Force of the Fallen Mod: Pok&\u00e9mon pass the move in their last moveslot to their allies when they're KOed\n|rule|Bonus Type Mod: Pok\u00e9mon have their Tera Type added onto their current ones.\n|rule|Terastal Clause: You cannot Terastallize\n|rule|Frantic Fusions Mod: Pok\u00e9mon nicknamed after another Pok\u00e9mon get buffed stats and more abilities.\n|clearpoke\n|poke|p1|Archeops, M|\n|poke|p1|Ceruledge, M|\n|poke|p1|Boltund, M|\n|poke|p1|Gholdengo|\n|poke|p1|Bisharp, M|\n|poke|p1|Alakazam, M|\n|poke|p2|Charizard, M|\n|poke|p2|Arceus-Fire|\n|poke|p2|Blaziken, M|\n|poke|p2|Groudon|\n|poke|p2|Reshiram|\n|poke|p2|Moltres-Galar|\n|teampreview\n|c|\u2606RedHoodKat|gl\n|c|\u2606RedHoodKat|:3\n|c|\u2606Blue the zacian|uhhhh\n|j| BeeZeeSD\n|c|\u2606Blue the zacian|hmmmmmmmmm\n|\n|t:|1698850161\n|start\n|switch|p1a: Floette-Eternal|Alakazam, M|100\/100\n|switch|p2a: Reshiram|Reshiram, shiny|100\/100\n|-start|p1a: Floette-Eternal|typechange|Fairy\/Psychic\/Dark|[silent]\n|-start|p1a: Floette-Eternal|typechange|Fairy\/Psychic\/Dark|[silent]\n|-start|p2a: Reshiram|typechange|Fire\/Dragon|[silent]\n|-start|p2a: Reshiram|typechange|Fire\/Dragon|[silent]\n|-ability|p2a: Reshiram|Turboblaze\n|-start|p1a: Floette-Eternal|typechange|Fairy\/Psychic\/Dark|[silent]\n|-start|p2a: Reshiram|typechange|Fire\/Dragon|[silent]\n|turn|1\n|c| BeeZeeSD|It's a regular game smile\n|\n|t:|1698850188\n|move|p1a: Floette-Eternal|Energy Ball|p2a: Reshiram\n|-supereffective|p2a: Reshiram\n|-damage|p2a: Reshiram|0 fnt\n|faint|p2a: Reshiram\n|\n|upkeep\n|c| BeeZeeSD|Don't worry about the rules or typings\n|c| BeeZeeSD|Or that\n|c|\u2606Blue the zacian|...\n|c| BeeZeeSD|It's a new showdown update\n|c|\u2606Blue the zacian|lemme read this rq\n|c|\u2606Blue the zacian|...\n|\n|t:|1698850245\n|switch|p2a: Arceus|Arceus-Fire, shiny|100\/100\n|-start|p2a: Arceus|typechange|Fire|[silent]\n|-start|p2a: Arceus|typechange|Fire|[silent]\n|turn|2\n|c| BeeZeeSD|Also Blue, I do want to take a rematch for the best of three, I'm already thinking I have a plan >:)\n|\n|t:|1698850257\n|move|p1a: Floette-Eternal|Mind Blown|p2a: Arceus\n|-supereffective|p2a: Arceus\n|-damage|p2a: Arceus|0 fnt\n|faint|p2a: Arceus\n|\n|upkeep\n|\n|t:|1698850264\n|switch|p2a: Charizard|Charizard, M, shiny|100\/100\n|-start|p2a: Charizard|typechange|Fire|[silent]\n|-start|p2a: Charizard|typechange|Fire|[silent]\n|-start|p2a: Charizard|typechange|Fire|[silent]\n|turn|3\n|c|\u2606RedHoodKat|bee if you want to do a best o f3\n|c|\u2606RedHoodKat|then type this in his chat thing\n|c|\u2606RedHoodKat|\/\/challenge [Gen 9] National Dex  Uber @@@  best of = 3\n|\n|t:|1698850302\n|detailschange|p2a: Charizard|Charizard-Mega-Y, M, shiny\n|-mega|p2a: Charizard|Charizard|Charizardite Y\n|-weather|SunnyDay|[from] ability: Drought|[of] p2a: Charizard\n|-start|p2a: Charizard|typechange|Fire|[silent]\n|-start|p2a: Charizard|typechange|Fire|[silent]\n|move|p1a: Floette-Eternal|Worry Seed|p2a: Charizard\n|-endability|p2a: Charizard|Drought|[from] move: Worry Seed\n|-ability|p2a: Charizard|Insomnia|[from] move: Worry Seed\n|move|p2a: Charizard|Blast Burn|p1a: Floette-Eternal\n|-damage|p1a: Floette-Eternal|5\/100\n|-mustrecharge|p2a: Charizard\n|\n|-weather|SunnyDay|[upkeep]\n|upkeep\n|-start|p2a: Charizard|typechange|Fire|[silent]\n|turn|4\n|c| BeeZeeSD|Has Fishraidon, lord of spam, been banned Kat?\n|\n|t:|1698850314\n|move|p1a: Floette-Eternal|Sunny Day||[still]\n|-fail|p1a: Floette-Eternal\n|cant|p2a: Charizard|recharge\n|\n|-weather|SunnyDay|[upkeep]\n|upkeep\n|turn|5\n|c|\u2606RedHoodKat|no\n|c| BeeZeeSD|>:3\n|\n|t:|1698850324\n|move|p1a: Floette-Eternal|Mind Blown|p2a: Charizard\n|-supereffective|p2a: Charizard\n|-damage|p2a: Charizard|0 fnt\n|faint|p2a: Charizard\n|\n|-weather|SunnyDay|[upkeep]\n|upkeep\n|\n|t:|1698850330\n|switch|p2a: Blaziken|Blaziken, M|100\/100\n|-start|p2a: Blaziken|typechange|Flying\/Fighting\/Fire|[silent]\n|-start|p2a: Blaziken|typechange|Flying\/Fighting\/Fire|[silent]\n|-start|p2a: Blaziken|typechange|Flying\/Fighting\/Fire|[silent]\n|turn|6\n|c|\u2606RedHoodKat|arcues might be unbanned\n|c| BeeZeeSD|>I love that fish\n|\n|t:|1698850344\n|move|p1a: Floette-Eternal|Rain Dance|p1a: Floette-Eternal\n|-weather|RainDance\n|move|p2a: Blaziken|Blaze Kick|p1a: Floette-Eternal|[miss]\n|-miss|p2a: Blaziken|p1a: Floette-Eternal\n|\n|-weather|RainDance|[upkeep]\n|-ability|p2a: Blaziken|Speed Boost|boost\n|-boost|p2a: Blaziken|spe|1\n|upkeep\n|turn|7\n|c|\u2606RedHoodKat|i dont\n|c| BeeZeeSD|lol\n|c|\u2606Blue the zacian|;-;\n|c| BeeZeeSD|The ohko machine\n|\n|t:|1698850361\n|move|p2a: Blaziken|Blaze Kick|p1a: Floette-Eternal\n|-damage|p1a: Floette-Eternal|0 fnt\n|faint|p1a: Floette-Eternal\n|\n|-weather|RainDance|[upkeep]\n|-ability|p2a: Blaziken|Speed Boost|boost\n|-boost|p2a: Blaziken|spe|1\n|upkeep\n|c|\u2606Blue the zacian|honestly\n|c| BeeZeeSD|I have YET to show you some of the moves it has\n|c|\u2606Blue the zacian|im happy\n|c| BeeZeeSD|speeboos\n|c|\u2606Blue the zacian|i beat one pkmn\n|c|\u2606RedHoodKat|> \\\\^^~~__**FUCK THAT FISH**__~~^^\\\\\n|\n|t:|1698850392\n|switch|p1a: Haxorus|Ceruledge, M|100\/100\n|-start|p1a: Haxorus|typechange|Dragon\/Fire|[silent]\n|-start|p1a: Haxorus|typechange|Dragon\/Fire|[silent]\n|-start|p1a: Haxorus|typechange|Dragon\/Fire|[silent]\n|turn|8\n|c| BeeZeeSD|>Do it again\n|c| BeeZeeSD|lol\n|\n|t:|1698850399\n|move|p2a: Blaziken|Brave Bird|p1a: Haxorus\n|-damage|p1a: Haxorus|65\/100\n|-damage|p2a: Blaziken|88\/100|[from] Recoil\n|move|p1a: Haxorus|Phantom Force||[still]\n|-prepare|p1a: Haxorus|Phantom Force\n|\n|-weather|RainDance|[upkeep]\n|-heal|p1a: Haxorus|71\/100|[from] item: Leftovers\n|-ability|p2a: Blaziken|Speed Boost|boost\n|-boost|p2a: Blaziken|spe|1\n|upkeep\n|turn|9\n|c| BeeZeeSD|The fish loves you, and you spit on it callously?\n|\n|t:|1698850409\n|move|p2a: Blaziken|Bulk Up|p2a: Blaziken\n|-boost|p2a: Blaziken|atk|1\n|-boost|p2a: Blaziken|def|1\n|move|p1a: Haxorus|Phantom Force|p2a: Blaziken|[from]lockedmove\n|-damage|p2a: Blaziken|52\/100\n|\n|-weather|RainDance|[upkeep]\n|-heal|p1a: Haxorus|78\/100|[from] item: Leftovers\n|-ability|p2a: Blaziken|Speed Boost|boost\n|-boost|p2a: Blaziken|spe|1\n|upkeep\n|turn|10\n|\n|t:|1698850418\n|move|p2a: Blaziken|Bulk Up|p2a: Blaziken\n|-boost|p2a: Blaziken|atk|1\n|-boost|p2a: Blaziken|def|1\n|move|p1a: Haxorus|Dragon Darts|p2a: Blaziken\n|-supereffective|p2a: Blaziken\n|-damage|p2a: Blaziken|31\/100\n|-anim|p1a: Haxorus|Dragon Darts|p2a: Blaziken\n|-supereffective|p2a: Blaziken\n|-damage|p2a: Blaziken|10\/100\n|\n|-weather|none\n|-heal|p1a: Haxorus|84\/100|[from] item: Leftovers\n|-ability|p2a: Blaziken|Speed Boost|boost\n|-boost|p2a: Blaziken|spe|1\n|upkeep\n|turn|11\n|\n|t:|1698850437\n|move|p2a: Blaziken|Brave Bird|p1a: Haxorus\n|-damage|p1a: Haxorus|12\/100\n|-damage|p2a: Blaziken|0 fnt|[from] Recoil\n|faint|p2a: Blaziken\n|move|p1a: Haxorus|Flame Charge|p2: Blaziken|[notarget]\n|-fail|p1a: Haxorus\n|\n|-heal|p1a: Haxorus|18\/100|[from] item: Leftovers\n|upkeep\n|c| BeeZeeSD|>I love dragon darts Cerulrus\n|\n|t:|1698850447\n|switch|p2a: Moltres|Moltres-Galar, shiny|100\/100\n|-start|p2a: Moltres|typechange|Flying\/Dark|[silent]\n|-start|p2a: Moltres|typechange|Flying\/Dark|[silent]\n|-start|p2a: Moltres|typechange|Flying\/Dark|[silent]\n|turn|12\n|c|\u2606RedHoodKat|ceruledge not cerulrus\n|\n|t:|1698850463\n|move|p2a: Moltres|Protect|p2a: Moltres\n|-singleturn|p2a: Moltres|Protect\n|move|p1a: Haxorus|Psycho Cut|p2a: Moltres\n|-activate|p2a: Moltres|move: Protect\n|\n|-heal|p1a: Haxorus|24\/100|[from] item: Leftovers\n|upkeep\n|turn|13\n|\n|t:|1698850470\n|move|p1a: Haxorus|Psycho Cut|p2a: Moltres\n|-supereffective|p2a: Moltres\n|-damage|p2a: Moltres|21\/100\n|-ability|p2a: Moltres|Berserk|boost\n|-boost|p2a: Moltres|spa|1\n|move|p2a: Moltres|Fly||[still]\n|-prepare|p2a: Moltres|Fly\n|\n|-heal|p1a: Haxorus|30\/100|[from] item: Leftovers\n|upkeep\n|turn|14\n|c| BeeZeeSD|Ceruledge + Haxorus\n|c| BeeZeeSD|Cerul+Rus\n|\n|t:|1698850479\n|move|p1a: Haxorus|Phantom Force||[still]\n|-prepare|p1a: Haxorus|Phantom Force\n|move|p2a: Moltres|Fly|p1a: Haxorus|[from]lockedmove|[miss]\n|-miss|p2a: Moltres|p1a: Haxorus\n|\n|-heal|p1a: Haxorus|36\/100|[from] item: Leftovers\n|upkeep\n|turn|15\n|c| BeeZeeSD|Cerulrus\n|c|\u2606RedHoodKat|parry\n|\n|t:|1698850485\n|move|p1a: Haxorus|Phantom Force|p2a: Moltres|[from]lockedmove\n|-supereffective|p2a: Moltres\n|-damage|p2a: Moltres|0 fnt\n|faint|p2a: Moltres\n|\n|-heal|p1a: Haxorus|42\/100|[from] item: Leftovers\n|upkeep\n|\n|t:|1698850489\n|switch|p2a: Groudon|Groudon, shiny|100\/100\n|-start|p2a: Groudon|typechange|Ground\/Fire|[silent]\n|-start|p2a: Groudon|typechange|Ground\/Fire|[silent]\n|detailschange|p2a: Groudon|Groudon-Primal, shiny\n|-primal|p2a: Groudon|Red Orb\n|-weather|DesolateLand|[from] ability: Desolate Land|[of] p2a: Groudon\n|turn|16\n|c| BeeZeeSD|Switch kat\n|\n|t:|1698850497\n|move|p1a: Haxorus|Dragon Darts|p2a: Groudon\n|-supereffective|p2a: Groudon\n|-damage|p2a: Groudon|15\/100\n|-anim|p1a: Haxorus|Dragon Darts|p2a: Groudon\n|-supereffective|p2a: Groudon\n|-damage|p2a: Groudon|0 fnt\n|faint|p2a: Groudon\n|-weather|none\n|\n|win|RedHoodKat\n|c|\u2606RedHoodKat|gg\n|c| BeeZeeSD|Aw,\n|c|&|\/uhtml prompt-redhoodkat,RedHoodKat is ready for game 2!\n|inactive|Blue the zacian has 50 seconds to confirm battle start!\n|c|\u2606Blue the zacian|...\n|c| BeeZeeSD|There was so much more to be seen...\n|c|\u2606RedHoodKat|tf you mean switch\n|inactive|Blue the zacian has 40 seconds to confirm battle start!\n|c|\u2606RedHoodKat|also its best of 3\n|c|\u2606Blue the zacian|i wanna change my team\n|c| BeeZeeSD|Too bad\n|inactive|Blue the zacian has 30 seconds to confirm battle start!\n|c|&|\/uhtml prompt-bluethezacian,Blue the zacian is ready for game 2!\nBoth players are ready! Starting next match!\n|l| BeeZeeSD\n","uploadtime":1698850741,"views":11,"p1id":"redhoodkat","p2id":"bluethezacian","formatid":"gen9nationaldexubers","rating":0,"private":0,"password":""}