{"id":"gen9nationaldexubers-1990633240","p1":"Pwkejejieiw","p2":"whaah","format":"[Gen 9] National Dex Ubers","log":"|j|\u2606Pwkejejieiw\n|j|\u2606whaah\n|t:|1699987363\n|gametype|singles\n|player|p1|Pwkejejieiw|169|1600\n|player|p2|whaah|plasmagrunt-gen5bw|1478\n|teamsize|p1|6\n|teamsize|p2|6\n|gen|9\n|tier|[Gen 9] National Dex Ubers\n|rated|\n|rule|HP Percentage Mod: HP is shown in percentages\n|rule|Endless Battle Clause: Forcing endless battles is banned\n|rule|OHKO Clause: OHKO moves are banned\n|rule|Evasion Moves Clause: Evasion moves are banned\n|rule|Evasion Items Clause: Evasion items are banned\n|rule|Species Clause: Limit one of each Pok\u00e9mon\n|rule|Sleep Clause Mod: Limit one foe put to sleep\n|rule|Mega Rayquaza Clause: You cannot mega evolve Rayquaza\n|clearpoke\n|poke|p1|Groudon|\n|poke|p1|Arceus-Electric|\n|poke|p1|Giratina-Origin|\n|poke|p1|Yveltal|\n|poke|p1|Glimmora, F|\n|poke|p1|Necrozma-Dusk-Mane|\n|poke|p2|Arceus-Dark|\n|poke|p2|Xerneas-*|\n|poke|p2|Zygarde|\n|poke|p2|Eternatus|\n|poke|p2|Ho-Oh|\n|poke|p2|Groudon|\n|teampreview\n|c|\u2606Pwkejejieiw|boogie bomb\n|\n|t:|1699987393\n|start\n|switch|p1a: Glimmora|Glimmora, F|100\/100\n|switch|p2a: Groudon|Groudon|100\/100\n|detailschange|p2a: Groudon|Groudon-Primal\n|-primal|p2a: Groudon|Red Orb\n|-weather|DesolateLand|[from] ability: Desolate Land|[of] p2a: Groudon\n|turn|1\n|\n|t:|1699987418\n|move|p1a: Glimmora|Mud Shot|p2a: Groudon\n|-supereffective|p2a: Groudon\n|-damage|p2a: Groudon|71\/100\n|-unboost|p2a: Groudon|spe|1\n|move|p2a: Groudon|Precipice Blades|p1a: Glimmora\n|-supereffective|p1a: Glimmora\n|-enditem|p1a: Glimmora|Focus Sash\n|-damage|p1a: Glimmora|1\/100\n|-activate|p1a: Glimmora|ability: Toxic Debris\n|-sidestart|p2: whaah|move: Toxic Spikes\n|\n|-weather|DesolateLand|[upkeep]\n|upkeep\n|turn|2\n|j| hackmonsforever\n|\n|t:|1699987433\n|switch|p1a: Giratina|Giratina-Origin, shiny|100\/100\n|-weather|none\n|switch|p2a: Eternatus|Eternatus|100\/100\n|-sideend|p2: whaah|move: Toxic Spikes|[of] p2a: Eternatus\n|-ability|p2a: Eternatus|Pressure\n|\n|upkeep\n|turn|3\n|\n|t:|1699987444\n|move|p2a: Eternatus|Toxic Spikes|p1a: Giratina\n|-sidestart|p1: Pwkejejieiw|move: Toxic Spikes\n|move|p1a: Giratina|Draco Meteor|p2a: Eternatus\n|-supereffective|p2a: Eternatus\n|-damage|p2a: Eternatus|27\/100\n|-unboost|p1a: Giratina|spa|2\n|\n|-heal|p2a: Eternatus|33\/100|[from] item: Leftovers\n|upkeep\n|turn|4\n|\n|t:|1699987462\n|switch|p1a: Necrozma|Necrozma-Dusk-Mane|100\/100\n|move|p2a: Eternatus|Recover|p2a: Eternatus\n|-heal|p2a: Eternatus|83\/100\n|\n|-heal|p2a: Eternatus|89\/100|[from] item: Leftovers\n|upkeep\n|turn|5\n|\n|t:|1699987472\n|switch|p2a: Zygarde|Zygarde|100\/100\n|move|p1a: Necrozma|Dragon Dance|p1a: Necrozma\n|-boost|p1a: Necrozma|atk|1\n|-boost|p1a: Necrozma|spe|1\n|\n|upkeep\n|turn|6\n|\n|t:|1699987478\n|detailschange|p1a: Necrozma|Necrozma-Ultra\n|-burst|p1a: Necrozma|Necrozma|Ultranecrozium Z\n|move|p1a: Necrozma|Photon Geyser|p2a: Zygarde\n|-damage|p2a: Zygarde|50\/100\n|move|p2a: Zygarde|Glare|p1a: Necrozma\n|-status|p1a: Necrozma|par\n|\n|-heal|p2a: Zygarde|56\/100|[from] item: Leftovers\n|upkeep\n|turn|7\n|\n|t:|1699987493\n|-zpower|p1a: Necrozma\n|move|p1a: Necrozma|Light That Burns the Sky|p2a: Zygarde|[zeffect]\n|-damage|p2a: Zygarde|0 fnt\n|faint|p2a: Zygarde\n|\n|upkeep\n|c|\u2606Pwkejejieiw|denied\n|\n|t:|1699987501\n|switch|p2a: Arceus|Arceus-Dark|100\/100\n|turn|8\n|\n|t:|1699987504\n|move|p2a: Arceus|Foul Play|p1a: Necrozma\n|-supereffective|p1a: Necrozma\n|-damage|p1a: Necrozma|0 fnt\n|faint|p1a: Necrozma\n|\n|upkeep\n|\n|t:|1699987517\n|switch|p1a: Giratina|Giratina-Origin, shiny|100\/100\n|turn|9\n|\n|t:|1699987525\n|move|p2a: Arceus|Foul Play|p1a: Giratina\n|-supereffective|p1a: Giratina\n|-damage|p1a: Giratina|20\/100\n|move|p1a: Giratina|Draco Meteor|p2a: Arceus\n|-damage|p2a: Arceus|60\/100\n|-unboost|p1a: Giratina|spa|2\n|\n|upkeep\n|turn|10\n|\n|t:|1699987533\n|move|p2a: Arceus|Recover|p2a: Arceus\n|-heal|p2a: Arceus|100\/100\n|move|p1a: Giratina|Poltergeist|p2a: Arceus\n|-activate|p2a: Arceus|move: Poltergeist|Dread Plate\n|-resisted|p2a: Arceus\n|-damage|p2a: Arceus|80\/100\n|\n|upkeep\n|turn|11\n|\n|t:|1699987543\n|switch|p1a: Yveltal|Yveltal, shiny|100\/100\n|-ability|p1a: Yveltal|Dark Aura\n|move|p2a: Arceus|Foul Play|p1a: Yveltal\n|-resisted|p1a: Yveltal\n|-damage|p1a: Yveltal|76\/100\n|\n|upkeep\n|turn|12\n|\n|t:|1699987554\n|move|p2a: Arceus|Will-O-Wisp|p1a: Yveltal|[miss]\n|-miss|p2a: Arceus|p1a: Yveltal\n|move|p1a: Yveltal|Oblivion Wing|p2a: Arceus\n|-damage|p2a: Arceus|50\/100\n|-heal|p1a: Yveltal|98\/100|[from] drain|[of] p2a: Arceus\n|\n|upkeep\n|turn|13\n|\n|t:|1699987562\n|switch|p1a: Glimmora|Glimmora, F|1\/100\n|-sideend|p1: Pwkejejieiw|move: Toxic Spikes|[of] p1a: Glimmora\n|move|p2a: Arceus|Will-O-Wisp|p1a: Glimmora\n|-status|p1a: Glimmora|brn\n|\n|-damage|p1a: Glimmora|0 fnt|[from] brn\n|faint|p1a: Glimmora\n|upkeep\n|\n|t:|1699987573\n|switch|p1a: Arceus|Arceus-Electric|100\/100\n|turn|14\n|\n|t:|1699987578\n|switch|p2a: Groudon|Groudon-Primal|71\/100\n|-weather|DesolateLand|[from] ability: Desolate Land|[of] p2a: Groudon\n|move|p1a: Arceus|Taunt|p2a: Groudon\n|-start|p2a: Groudon|move: Taunt\n|\n|-weather|DesolateLand|[upkeep]\n|upkeep\n|turn|15\n|\n|t:|1699987590\n|switch|p1a: Yveltal|Yveltal, shiny|98\/100\n|-ability|p1a: Yveltal|Dark Aura\n|move|p2a: Groudon|Stone Edge|p1a: Yveltal\n|-supereffective|p1a: Yveltal\n|-damage|p1a: Yveltal|42\/100\n|\n|-weather|DesolateLand|[upkeep]\n|upkeep\n|turn|16\n|\n|t:|1699987602\n|move|p1a: Yveltal|Oblivion Wing|p2a: Groudon\n|-damage|p2a: Groudon|36\/100\n|-heal|p1a: Yveltal|66\/100|[from] drain|[of] p2a: Groudon\n|move|p2a: Groudon|Stone Edge|p1a: Yveltal\n|-supereffective|p1a: Yveltal\n|-damage|p1a: Yveltal|8\/100\n|\n|-weather|DesolateLand|[upkeep]\n|-end|p2a: Groudon|move: Taunt\n|upkeep\n|turn|17\n|\n|t:|1699987612\n|-weather|none\n|switch|p2a: Eternatus|Eternatus|89\/100\n|-ability|p2a: Eternatus|Pressure\n|move|p1a: Yveltal|Oblivion Wing|p2a: Eternatus\n|-damage|p2a: Eternatus|59\/100\n|-heal|p1a: Yveltal|33\/100|[from] drain|[of] p2a: Eternatus\n|\n|-heal|p2a: Eternatus|65\/100|[from] item: Leftovers\n|upkeep\n|turn|18\n|\n|t:|1699987627\n|move|p2a: Eternatus|Toxic Spikes|p1a: Yveltal\n|-sidestart|p1: Pwkejejieiw|move: Toxic Spikes\n|move|p1a: Yveltal|Dark Pulse|p2a: Eternatus\n|-damage|p2a: Eternatus|25\/100\n|\n|-heal|p2a: Eternatus|31\/100|[from] item: Leftovers\n|upkeep\n|turn|19\n|\n|t:|1699987633\n|move|p2a: Eternatus|Recover|p2a: Eternatus\n|-heal|p2a: Eternatus|81\/100\n|move|p1a: Yveltal|Dark Pulse|p2a: Eternatus\n|-damage|p2a: Eternatus|46\/100\n|\n|-heal|p2a: Eternatus|53\/100|[from] item: Leftovers\n|upkeep\n|turn|20\n|\n|t:|1699987641\n|move|p2a: Eternatus|Toxic Spikes|p1a: Yveltal\n|-sidestart|p1: Pwkejejieiw|move: Toxic Spikes\n|move|p1a: Yveltal|Dark Pulse|p2a: Eternatus\n|-damage|p2a: Eternatus|17\/100\n|\n|-heal|p2a: Eternatus|23\/100|[from] item: Leftovers\n|upkeep\n|turn|21\n|\n|t:|1699987649\n|move|p2a: Eternatus|Recover|p2a: Eternatus\n|-heal|p2a: Eternatus|73\/100\n|move|p1a: Yveltal|Dark Pulse|p2a: Eternatus\n|-damage|p2a: Eternatus|32\/100\n|\n|-heal|p2a: Eternatus|38\/100|[from] item: Leftovers\n|upkeep\n|turn|22\n|inactive|Battle timer is ON: inactive players will automatically lose when time's up. (requested by whaah)\n|c|\u2606Pwkejejieiw|benchod\n|\n|t:|1699987657\n|move|p2a: Eternatus|Recover|p2a: Eternatus\n|-heal|p2a: Eternatus|88\/100\n|move|p1a: Yveltal|Dark Pulse|p2a: Eternatus\n|-damage|p2a: Eternatus|54\/100\n|\n|-heal|p2a: Eternatus|60\/100|[from] item: Leftovers\n|upkeep\n|turn|23\n|-message|Pwkejejieiw forfeited.\n|\n|win|whaah\n|raw|Pwkejejieiw's rating: 1600 &rarr; <strong>1573<\/strong><br \/>(-27 for losing)\n|raw|whaah's rating: 1478 &rarr; <strong>1505<\/strong><br \/>(+27 for winning)\n|l|\u2606Pwkejejieiw\n","uploadtime":1699987656,"views":8,"p1id":"pwkejejieiw","p2id":"whaah","formatid":"gen9nationaldexubers","rating":1505,"private":0,"password":""}