{"id":"gen9nationaldexubers-1980768879","p1":"whaah","p2":"Chaitanya15","format":"[Gen 9] National Dex Ubers","log":"|j|\u2606whaah\n|j|\u2606Chaitanya15\n|t:|1698829546\n|gametype|singles\n|player|p1|whaah|plasmagrunt-gen5bw|1423\n|player|p2|Chaitanya15|170|1335\n|teamsize|p1|6\n|teamsize|p2|6\n|gen|9\n|tier|[Gen 9] National Dex Ubers\n|rated|\n|rule|HP Percentage Mod: HP is shown in percentages\n|rule|Endless Battle Clause: Forcing endless battles is banned\n|rule|OHKO Clause: OHKO moves are banned\n|rule|Evasion Moves Clause: Evasion moves are banned\n|rule|Evasion Items Clause: Evasion items are banned\n|rule|Species Clause: Limit one of each Pok\u00e9mon\n|rule|Sleep Clause Mod: Limit one foe put to sleep\n|rule|Mega Rayquaza Clause: You cannot mega evolve Rayquaza\n|clearpoke\n|poke|p1|Giratina-Origin|\n|poke|p1|Ho-Oh|\n|poke|p1|Dondozo, M|\n|poke|p1|Chansey, F|\n|poke|p1|Clodsire, M|\n|poke|p1|Groudon|\n|poke|p2|Kingambit, F|\n|poke|p2|Basculegion, M|\n|poke|p2|Pikachu, F|\n|poke|p2|Kyogre|\n|poke|p2|Flutter Mane|\n|poke|p2|Deoxys-Speed|\n|teampreview\n|inactive|Battle timer is ON: inactive players will automatically lose when time's up. (requested by whaah)\n|inactive|Chaitanya15 also wants the timer to be on.\n|inactive|whaah has 120 seconds left.\n|\n|t:|1698829590\n|start\n|switch|p1a: Groudon|Groudon|100\/100\n|switch|p2a: Deoxys|Deoxys-Speed|100\/100\n|-ability|p2a: Deoxys|Pressure\n|detailschange|p1a: Groudon|Groudon-Primal\n|-primal|p1a: Groudon|Red Orb\n|-weather|DesolateLand|[from] ability: Desolate Land|[of] p1a: Groudon\n|turn|1\n|\n|t:|1698829602\n|move|p2a: Deoxys|Stealth Rock|p1a: Groudon\n|-sidestart|p1: whaah|move: Stealth Rock\n|move|p1a: Groudon|Toxic|p2a: Deoxys\n|-status|p2a: Deoxys|tox\n|\n|-weather|DesolateLand|[upkeep]\n|-damage|p2a: Deoxys|95\/100 tox|[from] psn\n|upkeep\n|turn|2\n|\n|t:|1698829617\n|move|p2a: Deoxys|Psychic|p1a: Groudon\n|-damage|p1a: Groudon|80\/100\n|move|p1a: Groudon|Spikes|p2a: Deoxys\n|-sidestart|p2: Chaitanya15|Spikes\n|\n|-weather|DesolateLand|[upkeep]\n|-damage|p2a: Deoxys|83\/100 tox|[from] psn\n|upkeep\n|turn|3\n|\n|t:|1698829630\n|move|p2a: Deoxys|Spikes|p1a: Groudon\n|-sidestart|p1: whaah|Spikes\n|move|p1a: Groudon|Spikes|p2a: Deoxys\n|-sidestart|p2: Chaitanya15|Spikes\n|\n|-weather|DesolateLand|[upkeep]\n|-damage|p2a: Deoxys|65\/100 tox|[from] psn\n|upkeep\n|turn|4\n|\n|t:|1698829637\n|move|p2a: Deoxys|Spikes|p1a: Groudon\n|-sidestart|p1: whaah|Spikes\n|move|p1a: Groudon|Spikes|p2a: Deoxys\n|-sidestart|p2: Chaitanya15|Spikes\n|\n|-weather|DesolateLand|[upkeep]\n|-damage|p2a: Deoxys|41\/100 tox|[from] psn\n|upkeep\n|turn|5\n|\n|t:|1698829646\n|-weather|none\n|switch|p1a: Giratina|Giratina-Origin|100\/100\n|-damage|p1a: Giratina|88\/100|[from] Stealth Rock\n|move|p2a: Deoxys|Spikes|p1a: Giratina\n|-sidestart|p1: whaah|Spikes\n|\n|-damage|p2a: Deoxys|11\/100 tox|[from] psn\n|upkeep\n|turn|6\n|\n|t:|1698829656\n|move|p2a: Deoxys|Psychic|p1a: Giratina\n|-damage|p1a: Giratina|68\/100\n|-unboost|p1a: Giratina|spd|1\n|move|p1a: Giratina|Defog|p2a: Deoxys\n|-unboost|p2a: Deoxys|evasion|1\n|-sideend|p2: Chaitanya15|Spikes|[from] move: Defog|[of] p1a: Giratina\n|-sideend|p1: whaah|Spikes|[from] move: Defog|[of] p1a: Giratina\n|-sideend|p1: whaah|Stealth Rock|[from] move: Defog|[of] p1a: Giratina\n|\n|-damage|p2a: Deoxys|0 fnt|[from] psn\n|faint|p2a: Deoxys\n|upkeep\n|\n|t:|1698829669\n|switch|p2a: Flutter Mane|Flutter Mane|100\/100\n|-enditem|p2a: Flutter Mane|Booster Energy\n|-activate|p2a: Flutter Mane|ability: Protosynthesis|[fromitem]\n|-start|p2a: Flutter Mane|protosynthesisspe\n|turn|7\n|\n|t:|1698829684\n|switch|p1a: Clodsire|Clodsire, M|100\/100\n|move|p2a: Flutter Mane|Moonblast|p1a: Clodsire\n|-resisted|p1a: Clodsire\n|-damage|p1a: Clodsire|88\/100\n|\n|-heal|p1a: Clodsire|94\/100|[from] item: Leftovers\n|upkeep\n|turn|8\n|\n|t:|1698829695\n|move|p2a: Flutter Mane|Psyshock|p1a: Clodsire\n|-supereffective|p1a: Clodsire\n|-damage|p1a: Clodsire|35\/100\n|move|p1a: Clodsire|Toxic|p2a: Flutter Mane\n|-status|p2a: Flutter Mane|tox\n|\n|-heal|p1a: Clodsire|41\/100|[from] item: Leftovers\n|-damage|p2a: Flutter Mane|95\/100 tox|[from] psn\n|upkeep\n|turn|9\n|\n|t:|1698829705\n|switch|p1a: Chansey|Chansey, F|100\/100\n|move|p2a: Flutter Mane|Psyshock|p1a: Chansey\n|-damage|p1a: Chansey|80\/100\n|\n|-damage|p2a: Flutter Mane|83\/100 tox|[from] psn\n|upkeep\n|turn|10\n|\n|t:|1698829715\n|-end|p2a: Flutter Mane|Protosynthesis|[silent]\n|switch|p2a: Pikachu|Pikachu, F|100\/100\n|move|p1a: Chansey|Confide|p2a: Pikachu\n|-unboost|p2a: Pikachu|spa|1\n|\n|upkeep\n|turn|11\n|\n|t:|1698829724\n|switch|p1a: Clodsire|Clodsire, M|41\/100\n|move|p2a: Pikachu|Fake Out|p1a: Clodsire\n|-damage|p1a: Clodsire|23\/100\n|\n|-heal|p1a: Clodsire|30\/100|[from] item: Leftovers\n|upkeep\n|turn|12\n|\n|t:|1698829733\n|move|p2a: Pikachu|Extreme Speed|p1a: Clodsire\n|-damage|p1a: Clodsire|0 fnt\n|faint|p1a: Clodsire\n|\n|upkeep\n|\n|t:|1698829737\n|switch|p1a: Dondozo|Dondozo, M|100\/100\n|turn|13\n|\n|t:|1698829746\n|switch|p1a: Groudon|Groudon-Primal|80\/100\n|-weather|DesolateLand|[from] ability: Desolate Land|[of] p1a: Groudon\n|move|p2a: Pikachu|Volt Tackle|p1a: Groudon\n|-immune|p1a: Groudon\n|\n|-weather|DesolateLand|[upkeep]\n|upkeep\n|turn|14\n|\n|t:|1698829761\n|move|p2a: Pikachu|Brick Break|p1a: Groudon\n|-damage|p1a: Groudon|65\/100\n|move|p1a: Groudon|Precipice Blades|p2a: Pikachu\n|-supereffective|p2a: Pikachu\n|-damage|p2a: Pikachu|0 fnt\n|faint|p2a: Pikachu\n|\n|-weather|DesolateLand|[upkeep]\n|upkeep\n|\n|t:|1698829773\n|switch|p2a: Flutter Mane|Flutter Mane|83\/100 tox\n|turn|15\n|\n|t:|1698829786\n|-weather|none\n|switch|p1a: Chansey|Chansey, F|80\/100\n|move|p2a: Flutter Mane|Shadow Ball|p1a: Chansey\n|-immune|p1a: Chansey\n|\n|-damage|p2a: Flutter Mane|77\/100 tox|[from] psn\n|upkeep\n|turn|16\n|\n|t:|1698829798\n|move|p2a: Flutter Mane|Moonblast|p1a: Chansey\n|-damage|p1a: Chansey|67\/100\n|move|p1a: Chansey|Confide|p2a: Flutter Mane\n|-unboost|p2a: Flutter Mane|spa|1\n|\n|-damage|p2a: Flutter Mane|65\/100 tox|[from] psn\n|upkeep\n|turn|17\n|\n|t:|1698829812\n|-end|p2a: Flutter Mane|Protosynthesis|[silent]\n|switch|p2a: Kingambit|Kingambit, F|100\/100\n|-activate|p2a: Kingambit|ability: Supreme Overlord\n|-start|p2a: Kingambit|fallen2|[silent]\n|move|p1a: Chansey|Soft-Boiled|p1a: Chansey\n|-heal|p1a: Chansey|100\/100\n|\n|upkeep\n|turn|18\n|\n|t:|1698829822\n|switch|p1a: Dondozo|Dondozo, M|100\/100\n|move|p2a: Kingambit|Swords Dance|p2a: Kingambit\n|-boost|p2a: Kingambit|atk|2\n|\n|upkeep\n|turn|19\n|\n|t:|1698829831\n|move|p2a: Kingambit|Kowtow Cleave|p1a: Dondozo\n|-damage|p1a: Dondozo|66\/100\n|-damage|p2a: Kingambit|91\/100|[from] item: Life Orb\n|move|p1a: Dondozo|Curse|p1a: Dondozo\n|-unboost|p1a: Dondozo|spe|1\n|-boost|p1a: Dondozo|atk|1\n|-boost|p1a: Dondozo|def|1\n|\n|-heal|p1a: Dondozo|72\/100|[from] item: Leftovers\n|upkeep\n|turn|20\n|\n|t:|1698829843\n|-end|p2a: Kingambit|fallen2|[silent]\n|switch|p2a: Kyogre|Kyogre|100\/100\n|-weather|RainDance|[from] ability: Drizzle|[of] p2a: Kyogre\n|move|p1a: Dondozo|Curse|p1a: Dondozo\n|-unboost|p1a: Dondozo|spe|1\n|-boost|p1a: Dondozo|atk|1\n|-boost|p1a: Dondozo|def|1\n|\n|-weather|RainDance|[upkeep]\n|-heal|p1a: Dondozo|78\/100|[from] item: Leftovers\n|upkeep\n|turn|21\n|\n|t:|1698829857\n|switch|p1a: Groudon|Groudon-Primal|65\/100\n|-weather|DesolateLand|[from] ability: Desolate Land|[of] p1a: Groudon\n|move|p2a: Kyogre|Thunder|p1a: Groudon\n|-immune|p1a: Groudon\n|\n|-weather|DesolateLand|[upkeep]\n|upkeep\n|turn|22\n|\n|t:|1698829867\n|switch|p2a: Flutter Mane|Flutter Mane|65\/100 tox\n|move|p1a: Groudon|Toxic|p2a: Flutter Mane\n|-fail|p2a: Flutter Mane|tox\n|\n|-weather|DesolateLand|[upkeep]\n|-damage|p2a: Flutter Mane|59\/100 tox|[from] psn\n|upkeep\n|turn|23\n|\n|t:|1698829876\n|-weather|none\n|switch|p1a: Chansey|Chansey, F|100\/100\n|move|p2a: Flutter Mane|Psyshock|p1a: Chansey\n|-damage|p1a: Chansey|79\/100\n|\n|-damage|p2a: Flutter Mane|47\/100 tox|[from] psn\n|upkeep\n|turn|24\n|\n|t:|1698829887\n|move|p2a: Flutter Mane|Psyshock|p1a: Chansey\n|-damage|p1a: Chansey|58\/100\n|move|p1a: Chansey|Confide|p2a: Flutter Mane\n|-unboost|p2a: Flutter Mane|spa|1\n|\n|-damage|p2a: Flutter Mane|29\/100 tox|[from] psn\n|upkeep\n|turn|25\n|\n|t:|1698829900\n|move|p2a: Flutter Mane|Psyshock|p1a: Chansey\n|-damage|p1a: Chansey|43\/100\n|move|p1a: Chansey|Confide|p2a: Flutter Mane\n|-unboost|p2a: Flutter Mane|spa|1\n|\n|-damage|p2a: Flutter Mane|5\/100 tox|[from] psn\n|upkeep\n|turn|26\n|\n|t:|1698829909\n|move|p2a: Flutter Mane|Psyshock|p1a: Chansey\n|-damage|p1a: Chansey|32\/100\n|move|p1a: Chansey|Soft-Boiled|p1a: Chansey\n|-heal|p1a: Chansey|82\/100\n|\n|-damage|p2a: Flutter Mane|0 fnt|[from] psn\n|faint|p2a: Flutter Mane\n|-end|p2a: Flutter Mane|Protosynthesis|[silent]\n|upkeep\n|\n|t:|1698829921\n|switch|p2a: Basculegion|Basculegion, M|100\/100\n|turn|27\n|\n|t:|1698829937\n|switch|p1a: Dondozo|Dondozo, M|78\/100\n|move|p2a: Basculegion|Head Smash|p1a: Dondozo|[miss]\n|-miss|p2a: Basculegion|p1a: Dondozo\n|\n|-heal|p1a: Dondozo|84\/100|[from] item: Leftovers\n|upkeep\n|turn|28\n|\n|t:|1698829946\n|move|p2a: Basculegion|Head Smash|p1a: Dondozo\n|-damage|p1a: Dondozo|52\/100\n|-damage|p2a: Basculegion|79\/100|[from] Recoil\n|move|p1a: Dondozo|Curse|p1a: Dondozo\n|-unboost|p1a: Dondozo|spe|1\n|-boost|p1a: Dondozo|atk|1\n|-boost|p1a: Dondozo|def|1\n|\n|-heal|p1a: Dondozo|58\/100|[from] item: Leftovers\n|upkeep\n|turn|29\n|\n|t:|1698829960\n|switch|p2a: Kyogre|Kyogre|100\/100\n|-weather|RainDance|[from] ability: Drizzle|[of] p2a: Kyogre\n|move|p1a: Dondozo|Curse|p1a: Dondozo\n|-unboost|p1a: Dondozo|spe|1\n|-boost|p1a: Dondozo|atk|1\n|-boost|p1a: Dondozo|def|1\n|\n|-weather|RainDance|[upkeep]\n|-heal|p1a: Dondozo|64\/100|[from] item: Leftovers\n|upkeep\n|turn|30\n|\n|t:|1698829972\n|switch|p1a: Chansey|Chansey, F|82\/100\n|move|p2a: Kyogre|Ancient Power|p1a: Chansey\n|-damage|p1a: Chansey|76\/100\n|\n|-weather|RainDance|[upkeep]\n|upkeep\n|turn|31\n|\n|t:|1698829983\n|switch|p2a: Basculegion|Basculegion, M|79\/100\n|move|p1a: Chansey|Seismic Toss|p2a: Basculegion\n|-immune|p2a: Basculegion\n|\n|-weather|RainDance|[upkeep]\n|upkeep\n|turn|32\n|\n|t:|1698829992\n|switch|p1a: Groudon|Groudon-Primal|65\/100\n|-weather|DesolateLand|[from] ability: Desolate Land|[of] p1a: Groudon\n|move|p2a: Basculegion|Last Respects|p1a: Groudon\n|-damage|p1a: Groudon|0 fnt\n|faint|p1a: Groudon\n|-weather|none\n|\n|upkeep\n|\n|t:|1698830011\n|switch|p1a: Chansey|Chansey, F|76\/100\n|turn|33\n|\n|t:|1698830022\n|switch|p2a: Kingambit|Kingambit, F|91\/100\n|-activate|p2a: Kingambit|ability: Supreme Overlord\n|-start|p2a: Kingambit|fallen3|[silent]\n|move|p1a: Chansey|Confide|p2a: Kingambit\n|-unboost|p2a: Kingambit|spa|1\n|\n|upkeep\n|turn|34\n|\n|t:|1698830032\n|switch|p1a: Ho-Oh|Ho-Oh|100\/100\n|move|p2a: Kingambit|Kowtow Cleave|p1a: Ho-Oh\n|-damage|p1a: Ho-Oh|47\/100\n|-damage|p2a: Kingambit|81\/100|[from] item: Life Orb\n|\n|upkeep\n|turn|35\n|\n|t:|1698830041\n|switch|p1a: Dondozo|Dondozo, M|64\/100\n|move|p2a: Kingambit|Sucker Punch||[still]\n|-fail|p2a: Kingambit\n|\n|-heal|p1a: Dondozo|70\/100|[from] item: Leftovers\n|upkeep\n|turn|36\n|\n|t:|1698830050\n|-end|p2a: Kingambit|fallen3|[silent]\n|switch|p2a: Kyogre|Kyogre|100\/100\n|-weather|RainDance|[from] ability: Drizzle|[of] p2a: Kyogre\n|move|p1a: Dondozo|Liquidation|p2a: Kyogre\n|-resisted|p2a: Kyogre\n|-damage|p2a: Kyogre|76\/100\n|\n|-weather|RainDance|[upkeep]\n|-heal|p1a: Dondozo|76\/100|[from] item: Leftovers\n|upkeep\n|turn|37\n|\n|t:|1698830070\n|switch|p1a: Chansey|Chansey, F|76\/100\n|-terastallize|p2a: Kyogre|Water\n|move|p2a: Kyogre|Thunder|p1a: Chansey\n|-damage|p1a: Chansey|66\/100\n|\n|-weather|RainDance|[upkeep]\n|upkeep\n|turn|38\n|c|\u2606Chaitanya15|Oops\n|c|\u2606Chaitanya15|that was a misclick\n|\n|t:|1698830089\n|switch|p2a: Basculegion|Basculegion, M|79\/100\n|move|p1a: Chansey|Soft-Boiled|p1a: Chansey\n|-heal|p1a: Chansey|100\/100\n|\n|-weather|RainDance|[upkeep]\n|upkeep\n|turn|39\n|\n|t:|1698830097\n|move|p2a: Basculegion|Wave Crash|p1a: Chansey\n|-damage|p1a: Chansey|0 fnt\n|faint|p1a: Chansey\n|-damage|p2a: Basculegion|23\/100|[from] Recoil\n|\n|-weather|RainDance|[upkeep]\n|upkeep\n|\n|t:|1698830109\n|switch|p1a: Dondozo|Dondozo, M|76\/100\n|turn|40\n|\n|t:|1698830114\n|switch|p2a: Kyogre|Kyogre, tera:Water|76\/100\n|move|p1a: Dondozo|Avalanche|p2a: Kyogre\n|-resisted|p2a: Kyogre\n|-damage|p2a: Kyogre|69\/100\n|\n|-weather|none\n|-heal|p1a: Dondozo|82\/100|[from] item: Leftovers\n|upkeep\n|turn|41\n|\n|t:|1698830128\n|switch|p1a: Giratina|Giratina-Origin|68\/100\n|move|p2a: Kyogre|Water Spout|p1a: Giratina\n|-resisted|p1a: Giratina\n|-damage|p1a: Giratina|40\/100\n|\n|upkeep\n|turn|42\n|\n|t:|1698830136\n|switch|p2a: Kingambit|Kingambit, F|81\/100\n|-activate|p2a: Kingambit|ability: Supreme Overlord\n|-start|p2a: Kingambit|fallen3|[silent]\n|move|p1a: Giratina|Toxic|p2a: Kingambit\n|-immune|p2a: Kingambit\n|\n|upkeep\n|turn|43\n|\n|t:|1698830154\n|switch|p1a: Ho-Oh|Ho-Oh|80\/100\n|move|p2a: Kingambit|Kowtow Cleave|p1a: Ho-Oh\n|-damage|p1a: Ho-Oh|28\/100\n|-damage|p2a: Kingambit|71\/100|[from] item: Life Orb\n|\n|upkeep\n|turn|44\n|\n|t:|1698830162\n|switch|p1a: Dondozo|Dondozo, M|82\/100\n|move|p2a: Kingambit|Kowtow Cleave|p1a: Dondozo\n|-damage|p1a: Dondozo|44\/100\n|-damage|p2a: Kingambit|61\/100|[from] item: Life Orb\n|\n|-heal|p1a: Dondozo|50\/100|[from] item: Leftovers\n|upkeep\n|turn|45\n|\n|t:|1698830173\n|move|p2a: Kingambit|Kowtow Cleave|p1a: Dondozo\n|-damage|p1a: Dondozo|9\/100\n|-damage|p2a: Kingambit|51\/100|[from] item: Life Orb\n|move|p1a: Dondozo|Liquidation|p2a: Kingambit\n|-damage|p2a: Kingambit|29\/100\n|\n|-heal|p1a: Dondozo|15\/100|[from] item: Leftovers\n|upkeep\n|turn|46\n|\n|t:|1698830184\n|switch|p1a: Giratina|Giratina-Origin|40\/100\n|move|p2a: Kingambit|Kowtow Cleave|p1a: Giratina\n|-supereffective|p1a: Giratina\n|-damage|p1a: Giratina|0 fnt\n|faint|p1a: Giratina\n|-damage|p2a: Kingambit|19\/100|[from] item: Life Orb\n|\n|upkeep\n|\n|t:|1698830191\n|switch|p1a: Ho-Oh|Ho-Oh|61\/100\n|turn|47\n|\n|t:|1698830195\n|move|p2a: Kingambit|Sucker Punch|p1a: Ho-Oh\n|-damage|p1a: Ho-Oh|14\/100\n|-damage|p2a: Kingambit|9\/100|[from] item: Life Orb\n|move|p1a: Ho-Oh|Sacred Fire|p2a: Kingambit\n|-supereffective|p2a: Kingambit\n|-damage|p2a: Kingambit|0 fnt\n|faint|p2a: Kingambit\n|-end|p2a: Kingambit|fallen3|[silent]\n|\n|upkeep\n|\n|t:|1698830205\n|switch|p2a: Kyogre|Kyogre, tera:Water|69\/100\n|-weather|RainDance|[from] ability: Drizzle|[of] p2a: Kyogre\n|turn|48\n|\n|t:|1698830213\n|move|p2a: Kyogre|Thunder|p1a: Ho-Oh\n|-supereffective|p1a: Ho-Oh\n|-damage|p1a: Ho-Oh|0 fnt\n|faint|p1a: Ho-Oh\n|\n|-weather|RainDance|[upkeep]\n|upkeep\n|\n|t:|1698830216\n|switch|p1a: Dondozo|Dondozo, M|15\/100\n|turn|49\n|\n|t:|1698830222\n|-terastallize|p1a: Dondozo|Steel\n|move|p2a: Kyogre|Thunder|p1a: Dondozo\n|-damage|p1a: Dondozo|0 fnt\n|faint|p1a: Dondozo\n|\n|win|Chaitanya15\n|raw|whaah's rating: 1423 &rarr; <strong>1398<\/strong><br \/>(-25 for losing)\n|raw|Chaitanya15's rating: 1335 &rarr; <strong>1360<\/strong><br \/>(+25 for winning)\n|c|\u2606Chaitanya15|Gg\n|l|\u2606whaah\n|l|\u2606Chaitanya15\n|j|\u2606Chaitanya15\n|player|p2|Chaitanya15|170\n","uploadtime":1698830329,"views":15,"p1id":"whaah","p2id":"chaitanya15","formatid":"gen9nationaldexubers","rating":1360,"private":0,"password":""}