{"id":"gen9nationaldexubers-1977789691","p1":"GeorgiaEternatuss","p2":"ATL Talonflames","format":"[Gen 9] National Dex Ubers","log":"|j|\u2606GeorgiaEternatuss\n|j|\u2606ATL Talonflames\n|t:|1698449853\n|gametype|singles\n|player|p1|GeorgiaEternatuss|steven|\n|player|p2|ATL Talonflames|ethan|\n|teamsize|p1|6\n|teamsize|p2|6\n|gen|9\n|tier|[Gen 9] National Dex Ubers\n|rule|HP Percentage Mod: HP is shown in percentages\n|rule|Endless Battle Clause: Forcing endless battles is banned\n|rule|OHKO Clause: OHKO moves are banned\n|rule|Evasion Moves Clause: Evasion moves are banned\n|rule|Evasion Items Clause: Evasion items are banned\n|rule|Species Clause: Limit one of each Pok\u00e9mon\n|rule|Sleep Clause Mod: Limit one foe put to sleep\n|rule|Mega Rayquaza Clause: You cannot mega evolve Rayquaza\n|clearpoke\n|poke|p1|Naganadel|\n|poke|p1|Porygon2|\n|poke|p1|Zapdos|\n|poke|p1|Umbreon, F|\n|poke|p1|Greninja-*, F|\n|poke|p1|Diancie|\n|poke|p2|Groudon|\n|poke|p2|Basculegion, M|\n|poke|p2|Orthworm, F|\n|poke|p2|Dugtrio, M|\n|poke|p2|Rayquaza|\n|poke|p2|Arceus|\n|teampreview\n|\n|t:|1698449888\n|start\n|switch|p1a: Porygon2|Porygon2|100\/100\n|switch|p2a: Dugtrio|Dugtrio, M|100\/100\n|-ability|p1a: Porygon2|Download|boost\n|-boost|p1a: Porygon2|atk|1\n|turn|1\n|\n|t:|1698449897\n|move|p2a: Dugtrio|Stealth Rock|p1a: Porygon2\n|-sidestart|p1: GeorgiaEternatuss|move: Stealth Rock\n|move|p1a: Porygon2|Ice Beam|p2a: Dugtrio\n|-supereffective|p2a: Dugtrio\n|-damage|p2a: Dugtrio|2\/100\n|\n|upkeep\n|turn|2\n|\n|t:|1698449905\n|move|p2a: Dugtrio|Memento|p1a: Porygon2\n|-unboost|p1a: Porygon2|atk|2\n|-unboost|p1a: Porygon2|spa|2\n|faint|p2a: Dugtrio\n|move|p1a: Porygon2|Tri Attack|p2: Dugtrio|[notarget]\n|-fail|p1a: Porygon2\n|\n|upkeep\n|\n|t:|1698449921\n|switch|p2a: Orthworm|Orthworm, F|100\/100\n|turn|3\n|\n|t:|1698449944\n|switch|p1a: Greninja|Greninja, F|100\/100\n|-damage|p1a: Greninja|88\/100|[from] Stealth Rock\n|move|p2a: Orthworm|Shed Tail|p2a: Orthworm\n|-start|p2a: Orthworm|Substitute|[from] move: Shed Tail\n|-damage|p2a: Orthworm|50\/100\n|-enditem|p2a: Orthworm|Sitrus Berry|[eat]\n|-heal|p2a: Orthworm|75\/100|[from] item: Sitrus Berry\n|\n|t:|1698449972\n|switch|p2a: Groudon|Groudon, shiny|100\/100|[from] Shed Tail\n|detailschange|p2a: Groudon|Groudon-Primal, shiny\n|-primal|p2a: Groudon|Red Orb\n|-weather|DesolateLand|[from] ability: Desolate Land|[of] p2a: Groudon\n|\n|-weather|DesolateLand|[upkeep]\n|upkeep\n|turn|4\n|\n|t:|1698449989\n|switch|p1a: Zapdos|Zapdos|100\/100\n|-damage|p1a: Zapdos|75\/100|[from] Stealth Rock\n|move|p2a: Groudon|Rock Polish|p2a: Groudon\n|-boost|p2a: Groudon|spe|2\n|\n|-weather|DesolateLand|[upkeep]\n|upkeep\n|turn|5\n|\n|t:|1698449998\n|move|p2a: Groudon|Swords Dance|p2a: Groudon\n|-boost|p2a: Groudon|atk|2\n|move|p1a: Zapdos|Whirlwind|p2a: Groudon\n|-weather|none\n|drag|p2a: Orthworm|Orthworm, F|75\/100\n|\n|upkeep\n|turn|6\n|\n|t:|1698450010\n|move|p1a: Zapdos|Volt Switch|p2a: Orthworm\n|-damage|p2a: Orthworm|24\/100\n|\n|t:|1698450022\n|switch|p1a: Greninja|Greninja, F|88\/100|[from] Volt Switch\n|-damage|p1a: Greninja|76\/100|[from] Stealth Rock\n|move|p2a: Orthworm|Shed Tail|p2a: Orthworm\n|-fail|p2a: Orthworm|move: Shed Tail|[weak]\n|\n|upkeep\n|turn|7\n|\n|t:|1698450045\n|move|p1a: Greninja|Dark Pulse|p2a: Orthworm\n|-start|p1a: Greninja|typechange|Dark|[from] ability: Protean\n|-damage|p2a: Orthworm|0 fnt\n|faint|p2a: Orthworm\n|\n|upkeep\n|\n|t:|1698450056\n|switch|p2a: Rayquaza|Rayquaza|100\/100\n|-ability|p2a: Rayquaza|Air Lock\n|turn|8\n|\n|t:|1698450069\n|switch|p1a: Zapdos|Zapdos|75\/100\n|-damage|p1a: Zapdos|50\/100|[from] Stealth Rock\n|move|p2a: Rayquaza|U-turn|p1a: Zapdos\n|-resisted|p1a: Zapdos\n|-damage|p1a: Zapdos|40\/100\n|-damage|p2a: Rayquaza|84\/100|[from] item: Rocky Helmet|[of] p1a: Zapdos\n|\n|t:|1698450074\n|switch|p2a: Groudon|Groudon-Primal, shiny|100\/100|[from] U-turn\n|-weather|DesolateLand|[from] ability: Desolate Land|[of] p2a: Groudon\n|\n|-weather|DesolateLand|[upkeep]\n|upkeep\n|turn|9\n|\n|t:|1698450087\n|move|p2a: Groudon|Stone Edge|p1a: Zapdos\n|-supereffective|p1a: Zapdos\n|-damage|p1a: Zapdos|0 fnt\n|faint|p1a: Zapdos\n|\n|-weather|DesolateLand|[upkeep]\n|upkeep\n|\n|t:|1698450104\n|switch|p1a: Porygon2|Porygon2|100\/100\n|-damage|p1a: Porygon2|88\/100|[from] Stealth Rock\n|-ability|p1a: Porygon2|Download|boost\n|-boost|p1a: Porygon2|spa|1\n|turn|10\n|\n|t:|1698450121\n|-weather|none\n|switch|p2a: Basculegion|Basculegion, M|100\/100\n|move|p1a: Porygon2|Toxic|p2a: Basculegion\n|-status|p2a: Basculegion|tox\n|\n|-damage|p2a: Basculegion|94\/100 tox|[from] psn\n|upkeep\n|turn|11\n|\n|t:|1698450137\n|-terastallize|p2a: Basculegion|Water\n|move|p2a: Basculegion|Wave Crash|p1a: Porygon2\n|-damage|p1a: Porygon2|48\/100\n|-damage|p2a: Basculegion|81\/100 tox|[from] Recoil\n|move|p1a: Porygon2|Recover|p1a: Porygon2\n|-heal|p1a: Porygon2|98\/100\n|\n|-damage|p2a: Basculegion|69\/100 tox|[from] psn\n|upkeep\n|turn|12\n|\n|t:|1698450148\n|switch|p2a: Rayquaza|Rayquaza|84\/100\n|-ability|p2a: Rayquaza|Air Lock\n|move|p1a: Porygon2|Recover|p1a: Porygon2\n|-heal|p1a: Porygon2|100\/100\n|\n|upkeep\n|turn|13\n|\n|t:|1698450160\n|move|p2a: Rayquaza|Outrage|p1a: Porygon2\n|-damage|p1a: Porygon2|67\/100\n|move|p1a: Porygon2|Toxic|p2a: Rayquaza\n|-status|p2a: Rayquaza|tox\n|\n|-damage|p2a: Rayquaza|78\/100 tox|[from] psn\n|upkeep\n|turn|14\n|\n|t:|1698450169\n|move|p2a: Rayquaza|Outrage|p1a: Porygon2|[from]lockedmove\n|-damage|p1a: Porygon2|37\/100\n|-start|p2a: Rayquaza|confusion|[fatigue]\n|move|p1a: Porygon2|Recover|p1a: Porygon2\n|-heal|p1a: Porygon2|87\/100\n|\n|-damage|p2a: Rayquaza|66\/100 tox|[from] psn\n|upkeep\n|turn|15\n|\n|t:|1698450180\n|-activate|p2a: Rayquaza|confusion\n|-damage|p2a: Rayquaza|50\/100 tox|[from] confusion\n|move|p1a: Porygon2|Ice Beam|p2a: Rayquaza\n|-supereffective|p2a: Rayquaza\n|-damage|p2a: Rayquaza|0 fnt\n|faint|p2a: Rayquaza\n|\n|upkeep\n|\n|t:|1698450184\n|switch|p2a: Groudon|Groudon-Primal, shiny|100\/100\n|-weather|DesolateLand|[from] ability: Desolate Land|[of] p2a: Groudon\n|turn|16\n|\n|t:|1698450191\n|move|p2a: Groudon|Swords Dance|p2a: Groudon\n|-boost|p2a: Groudon|atk|2\n|move|p1a: Porygon2|Toxic|p2a: Groudon\n|-status|p2a: Groudon|tox\n|\n|-weather|DesolateLand|[upkeep]\n|-damage|p2a: Groudon|94\/100 tox|[from] psn\n|upkeep\n|turn|17\n|\n|t:|1698450201\n|move|p2a: Groudon|Rock Polish|p2a: Groudon\n|-boost|p2a: Groudon|spe|2\n|move|p1a: Porygon2|Tri Attack|p2a: Groudon\n|-damage|p2a: Groudon|56\/100 tox\n|\n|-weather|DesolateLand|[upkeep]\n|-damage|p2a: Groudon|43\/100 tox|[from] psn\n|upkeep\n|turn|18\n|\n|t:|1698450211\n|move|p2a: Groudon|Earthquake|p1a: Porygon2\n|-damage|p1a: Porygon2|21\/100\n|move|p1a: Porygon2|Tri Attack|p2a: Groudon\n|-damage|p2a: Groudon|4\/100 tox\n|\n|-weather|DesolateLand|[upkeep]\n|-damage|p2a: Groudon|0 fnt|[from] psn\n|faint|p2a: Groudon\n|-weather|none\n|upkeep\n|\n|t:|1698450214\n|switch|p2a: Arceus|Arceus, shiny|100\/100\n|turn|19\n|\n|t:|1698450228\n|move|p2a: Arceus|Extreme Speed|p1a: Porygon2\n|-damage|p1a: Porygon2|2\/100\n|move|p1a: Porygon2|Recover|p1a: Porygon2\n|-heal|p1a: Porygon2|52\/100\n|\n|upkeep\n|turn|20\n|\n|t:|1698450235\n|move|p2a: Arceus|Swords Dance|p2a: Arceus\n|-boost|p2a: Arceus|atk|2\n|move|p1a: Porygon2|Recover|p1a: Porygon2\n|-heal|p1a: Porygon2|100\/100\n|\n|upkeep\n|turn|21\n|\n|t:|1698450242\n|move|p2a: Arceus|Swords Dance|p2a: Arceus\n|-boost|p2a: Arceus|atk|2\n|move|p1a: Porygon2|Toxic|p2a: Arceus\n|-status|p2a: Arceus|tox\n|\n|-damage|p2a: Arceus|94\/100 tox|[from] psn\n|upkeep\n|turn|22\n|\n|t:|1698450258\n|move|p2a: Arceus|Extreme Speed|p1a: Porygon2\n|-damage|p1a: Porygon2|35\/100\n|move|p1a: Porygon2|Tri Attack|p2a: Arceus\n|-damage|p2a: Arceus|65\/100 tox\n|\n|-heal|p2a: Arceus|71\/100 tox|[from] item: Leftovers\n|-damage|p2a: Arceus|59\/100 tox|[from] psn\n|upkeep\n|turn|23\n|\n|t:|1698450269\n|move|p2a: Arceus|Extreme Speed|p1a: Porygon2\n|-damage|p1a: Porygon2|0 fnt\n|faint|p1a: Porygon2\n|\n|-heal|p2a: Arceus|65\/100 tox|[from] item: Leftovers\n|-damage|p2a: Arceus|47\/100 tox|[from] psn\n|upkeep\n|\n|t:|1698450281\n|switch|p1a: Umbreon|Umbreon, F|100\/100\n|-damage|p1a: Umbreon|88\/100|[from] Stealth Rock\n|turn|24\n|\n|t:|1698450287\n|move|p1a: Umbreon|Protect|p1a: Umbreon\n|-singleturn|p1a: Umbreon|Protect\n|move|p2a: Arceus|Extreme Speed|p1a: Umbreon\n|-activate|p1a: Umbreon|move: Protect\n|\n|-heal|p2a: Arceus|53\/100 tox|[from] item: Leftovers\n|-heal|p1a: Umbreon|94\/100|[from] item: Leftovers\n|-damage|p2a: Arceus|29\/100 tox|[from] psn\n|upkeep\n|turn|25\n|\n|t:|1698450321\n|switch|p1a: Diancie|Diancie|100\/100\n|-damage|p1a: Diancie|88\/100|[from] Stealth Rock\n|move|p2a: Arceus|Extreme Speed|p1a: Diancie\n|-resisted|p1a: Diancie\n|-damage|p1a: Diancie|21\/100\n|\n|-heal|p2a: Arceus|35\/100 tox|[from] item: Leftovers\n|-damage|p2a: Arceus|4\/100 tox|[from] psn\n|upkeep\n|turn|26\n|\n|t:|1698450341\n|detailschange|p1a: Diancie|Diancie-Mega\n|-mega|p1a: Diancie|Diancie|Diancite\n|move|p2a: Arceus|Extreme Speed|p1a: Diancie\n|-resisted|p1a: Diancie\n|-damage|p1a: Diancie|0 fnt\n|faint|p1a: Diancie\n|\n|-heal|p2a: Arceus|10\/100 tox|[from] item: Leftovers\n|-damage|p2a: Arceus|0 fnt|[from] psn\n|faint|p2a: Arceus\n|upkeep\n|\n|t:|1698450353\n|switch|p1a: Umbreon|Umbreon, F|94\/100\n|switch|p2a: Basculegion|Basculegion, M, tera:Water|69\/100 tox\n|-damage|p1a: Umbreon|82\/100|[from] Stealth Rock\n|turn|27\n|\n|t:|1698450362\n|move|p1a: Umbreon|Protect|p1a: Umbreon\n|-singleturn|p1a: Umbreon|Protect\n|move|p2a: Basculegion|Wave Crash|p1a: Umbreon\n|-activate|p1a: Umbreon|move: Protect\n|\n|-heal|p1a: Umbreon|88\/100|[from] item: Leftovers\n|-damage|p2a: Basculegion|63\/100 tox|[from] psn\n|upkeep\n|turn|28\n|\n|t:|1698450373\n|move|p2a: Basculegion|Wave Crash|p1a: Umbreon\n|-damage|p1a: Umbreon|19\/100\n|-damage|p2a: Basculegion|40\/100 tox|[from] Recoil\n|move|p1a: Umbreon|Wish|p1a: Umbreon\n|\n|-heal|p1a: Umbreon|25\/100|[from] item: Leftovers\n|-damage|p2a: Basculegion|28\/100 tox|[from] psn\n|upkeep\n|turn|29\n|\n|t:|1698450382\n|move|p1a: Umbreon|Protect|p1a: Umbreon\n|-singleturn|p1a: Umbreon|Protect\n|move|p2a: Basculegion|Wave Crash|p1a: Umbreon\n|-activate|p1a: Umbreon|move: Protect\n|\n|-heal|p1a: Umbreon|75\/100|[from] move: Wish|[wisher] Umbreon\n|-heal|p1a: Umbreon|81\/100|[from] item: Leftovers\n|-damage|p2a: Basculegion|9\/100 tox|[from] psn\n|upkeep\n|turn|30\n|\n|t:|1698450394\n|move|p2a: Basculegion|Wave Crash|p1a: Umbreon\n|-damage|p1a: Umbreon|16\/100\n|-damage|p2a: Basculegion|0 fnt|[from] Recoil\n|faint|p2a: Basculegion\n|\n|win|GeorgiaEternatuss\n|l|\u2606ATL Talonflames\n","uploadtime":1698450403,"views":22,"p1id":"georgiaeternatuss","p2id":"atltalonflames","formatid":"gen9nationaldexubers","rating":0,"private":0,"password":""}