{"id":"gen9nationaldexubers-1998402787","p1":"jmsgomes","p2":"Kye_Akashi","format":"[Gen 9] National Dex Ubers","log":"|j|\u2606jmsgomes\n|j|\u2606Kye_Akashi\n|t:|1700938372\n|gametype|singles\n|player|p1|jmsgomes|ethan|1044\n|player|p2|Kye_Akashi|1|1087\n|teamsize|p1|6\n|teamsize|p2|6\n|gen|9\n|tier|[Gen 9] National Dex Ubers\n|rated|\n|rule|HP Percentage Mod: HP is shown in percentages\n|rule|Endless Battle Clause: Forcing endless battles is banned\n|rule|OHKO Clause: OHKO moves are banned\n|rule|Evasion Moves Clause: Evasion moves are banned\n|rule|Evasion Items Clause: Evasion items are banned\n|rule|Species Clause: Limit one of each Pok\u00e9mon\n|rule|Sleep Clause Mod: Limit one foe put to sleep\n|rule|Mega Rayquaza Clause: You cannot mega evolve Rayquaza\n|clearpoke\n|poke|p1|Raichu-Alola, M|\n|poke|p1|Umbreon, M|\n|poke|p1|Pidgeot, F|\n|poke|p1|Torkoal, M|\n|poke|p1|Lapras, F|\n|poke|p1|Dragonite, M|\n|poke|p2|Lucario, M|\n|poke|p2|Garchomp, M|\n|poke|p2|Urshifu-*, M|\n|poke|p2|Mimikyu, F|\n|poke|p2|Talonflame, F|\n|poke|p2|Mewtwo|\n|teampreview\n|\n|t:|1700938384\n|start\n|switch|p1a: Raichu|Raichu-Alola, M|100\/100\n|switch|p2a: Mimikyu|Mimikyu, F, shiny|100\/100\n|turn|1\n|inactive|Battle timer is ON: inactive players will automatically lose when time's up. (requested by jmsgomes)\n|\n|t:|1700938389\n|move|p1a: Raichu|Volt Switch|p2a: Mimikyu\n|-activate|p2a: Mimikyu|ability: Disguise\n|-damage|p2a: Mimikyu|100\/100\n|detailschange|p2a: Mimikyu|Mimikyu-Busted, F, shiny\n|-damage|p2a: Mimikyu|88\/100|[from] pokemon: Mimikyu-Busted\n|\n|t:|1700938396\n|switch|p1a: Torkoal|Torkoal, M|100\/100|[from] Volt Switch\n|move|p2a: Mimikyu|Swords Dance|p2a: Mimikyu\n|-boost|p2a: Mimikyu|atk|2\n|\n|upkeep\n|turn|2\n|\n|t:|1700938404\n|move|p2a: Mimikyu|Drain Punch|p1a: Torkoal\n|-damage|p1a: Torkoal|74\/100\n|-heal|p2a: Mimikyu|100\/100|[from] drain|[of] p1a: Torkoal\n|move|p1a: Torkoal|Gyro Ball|p2a: Mimikyu\n|-supereffective|p2a: Mimikyu\n|-damage|p2a: Mimikyu|0 fnt\n|faint|p2a: Mimikyu\n|\n|upkeep\n|\n|t:|1700938411\n|switch|p2a: Garchomp|Garchomp, M, shiny|100\/100\n|turn|3\n|\n|t:|1700938428\n|switch|p1a: Umbreon|Umbreon, M|100\/100\n|move|p2a: Garchomp|Stealth Rock|p1a: Umbreon\n|-sidestart|p1: jmsgomes|move: Stealth Rock\n|\n|upkeep\n|turn|4\n|\n|t:|1700938436\n|move|p2a: Garchomp|Earthquake|p1a: Umbreon\n|-damage|p1a: Umbreon|61\/100\n|move|p1a: Umbreon|Toxic|p2a: Garchomp|[miss]\n|-miss|p1a: Umbreon|p2a: Garchomp\n|\n|upkeep\n|turn|5\n|\n|t:|1700938444\n|move|p2a: Garchomp|Poison Jab|p1a: Umbreon\n|-crit|p1a: Umbreon\n|-damage|p1a: Umbreon|27\/100\n|-status|p1a: Umbreon|psn\n|-activate|p1a: Umbreon|ability: Synchronize\n|-status|p2a: Garchomp|psn\n|move|p1a: Umbreon|Wish|p1a: Umbreon\n|\n|-damage|p2a: Garchomp|88\/100 psn|[from] psn\n|-damage|p1a: Umbreon|14\/100 psn|[from] psn\n|upkeep\n|turn|6\n|\n|t:|1700938455\n|move|p1a: Umbreon|Protect|p1a: Umbreon\n|-singleturn|p1a: Umbreon|Protect\n|move|p2a: Garchomp|Earthquake|p1a: Umbreon\n|-activate|p1a: Umbreon|move: Protect\n|\n|-heal|p1a: Umbreon|64\/100 psn|[from] move: Wish|[wisher] Umbreon\n|-damage|p2a: Garchomp|76\/100 psn|[from] psn\n|-damage|p1a: Umbreon|52\/100 psn|[from] psn\n|upkeep\n|turn|7\n|\n|t:|1700938464\n|move|p2a: Garchomp|Earthquake|p1a: Umbreon\n|-damage|p1a: Umbreon|11\/100 psn\n|move|p1a: Umbreon|Wish|p1a: Umbreon\n|\n|-damage|p2a: Garchomp|64\/100 psn|[from] psn\n|-damage|p1a: Umbreon|0 fnt|[from] psn\n|faint|p1a: Umbreon\n|upkeep\n|\n|t:|1700938478\n|switch|p1a: Torkoal|Torkoal, M|74\/100\n|turn|8\n|\n|t:|1700938482\n|move|p2a: Garchomp|Earthquake|p1a: Torkoal\n|-supereffective|p1a: Torkoal\n|-damage|p1a: Torkoal|1\/100\n|move|p1a: Torkoal|Rapid Spin|p2a: Garchomp\n|-crit|p2a: Garchomp\n|-damage|p2a: Garchomp|46\/100 psn\n|-boost|p1a: Torkoal|spe|1\n|-damage|p1a: Torkoal|0 fnt|[from] ability: Rough Skin|[of] p2a: Garchomp\n|faint|p1a: Torkoal\n|\n|-damage|p2a: Garchomp|34\/100 psn|[from] psn\n|upkeep\n|\n|t:|1700938497\n|switch|p1a: Pidgeot|Pidgeot, F|100\/100\n|-damage|p1a: Pidgeot|76\/100|[from] Stealth Rock\n|turn|9\n|\n|t:|1700938503\n|detailschange|p1a: Pidgeot|Pidgeot-Mega, F\n|-mega|p1a: Pidgeot|Pidgeot|Pidgeotite\n|move|p1a: Pidgeot|Hurricane|p2a: Garchomp\n|-damage|p2a: Garchomp|0 fnt\n|faint|p2a: Garchomp\n|\n|upkeep\n|\n|t:|1700938515\n|switch|p2a: Lucario|Lucario, M|100\/100\n|turn|10\n|\n|t:|1700938519\n|detailschange|p2a: Lucario|Lucario-Mega, M\n|-mega|p2a: Lucario|Lucario|Lucarionite\n|move|p1a: Pidgeot|Heat Wave|p2a: Lucario\n|-supereffective|p2a: Lucario\n|-damage|p2a: Lucario|0 fnt\n|faint|p2a: Lucario\n|\n|upkeep\n|\n|t:|1700938524\n|switch|p2a: Urshifu|Urshifu-Rapid-Strike, M|100\/100\n|turn|11\n|\n|t:|1700938529\n|-terastallize|p2a: Urshifu|Steel\n|move|p1a: Pidgeot|Hurricane|p2a: Urshifu\n|-resisted|p2a: Urshifu\n|-crit|p2a: Urshifu\n|-damage|p2a: Urshifu|32\/100\n|move|p2a: Urshifu|Surging Strikes|p1a: Pidgeot\n|-crit|p1a: Pidgeot\n|-damage|p1a: Pidgeot|42\/100\n|-crit|p1a: Pidgeot\n|-damage|p1a: Pidgeot|7\/100\n|-crit|p1a: Pidgeot\n|-damage|p1a: Pidgeot|0 fnt\n|faint|p1a: Pidgeot\n|-hitcount|p1: Pidgeot|3\n|\n|upkeep\n|\n|t:|1700938546\n|switch|p1a: Dragonite|Dragonite, M|100\/100\n|turn|12\n|\n|t:|1700938552\n|move|p2a: Urshifu|Poison Jab|p1a: Dragonite\n|-damage|p1a: Dragonite|84\/100\n|-status|p1a: Dragonite|psn\n|move|p1a: Dragonite|Dragon Dance|p1a: Dragonite\n|-boost|p1a: Dragonite|atk|1\n|-boost|p1a: Dragonite|spe|1\n|\n|-damage|p1a: Dragonite|72\/100 psn|[from] psn\n|upkeep\n|turn|13\n|\n|t:|1700938562\n|move|p1a: Dragonite|Earthquake|p2a: Urshifu\n|-supereffective|p2a: Urshifu\n|-damage|p2a: Urshifu|0 fnt\n|faint|p2a: Urshifu\n|\n|-damage|p1a: Dragonite|60\/100 psn|[from] psn\n|upkeep\n|\n|t:|1700938568\n|switch|p2a: Talonflame|Talonflame, F|100\/100\n|turn|14\n|\n|t:|1700938577\n|move|p1a: Dragonite|Extreme Speed|p2a: Talonflame\n|-damage|p2a: Talonflame|30\/100\n|move|p2a: Talonflame|Acrobatics|p1a: Dragonite\n|-damage|p1a: Dragonite|14\/100 psn\n|\n|-damage|p1a: Dragonite|1\/100 psn|[from] psn\n|upkeep\n|turn|15\n|\n|t:|1700938587\n|move|p1a: Dragonite|Extreme Speed|p2a: Talonflame\n|-damage|p2a: Talonflame|0 fnt\n|faint|p2a: Talonflame\n|\n|-damage|p1a: Dragonite|0 fnt|[from] psn\n|faint|p1a: Dragonite\n|upkeep\n|\n|t:|1700938597\n|switch|p2a: Mewtwo|Mewtwo|100\/100\n|switch|p1a: Raichu|Raichu-Alola, M|100\/100\n|-ability|p2a: Mewtwo|Unnerve\n|-damage|p1a: Raichu|88\/100|[from] Stealth Rock\n|turn|16\n|inactive|jmsgomes has 120 seconds left.\n|\n|t:|1700938647\n|move|p1a: Raichu|Signal Beam|p2a: Mewtwo\n|-supereffective|p2a: Mewtwo\n|-damage|p2a: Mewtwo|65\/100\n|move|p2a: Mewtwo|Calm Mind|p2a: Mewtwo\n|-boost|p2a: Mewtwo|spa|1\n|-boost|p2a: Mewtwo|spd|1\n|\n|-heal|p2a: Mewtwo|71\/100|[from] item: Leftovers\n|upkeep\n|turn|17\n|\n|t:|1700938656\n|switch|p1a: Lapras|Lapras, F|100\/100\n|-damage|p1a: Lapras|76\/100|[from] Stealth Rock\n|move|p2a: Mewtwo|Dark Pulse|p1a: Lapras\n|-damage|p1a: Lapras|36\/100\n|\n|-heal|p2a: Mewtwo|77\/100|[from] item: Leftovers\n|upkeep\n|turn|18\n|\n|t:|1700938664\n|move|p2a: Mewtwo|Dark Pulse|p1a: Lapras\n|-crit|p1a: Lapras\n|-damage|p1a: Lapras|0 fnt\n|faint|p1a: Lapras\n|\n|-heal|p2a: Mewtwo|84\/100|[from] item: Leftovers\n|upkeep\n|-message|jmsgomes forfeited.\n|\n|win|Kye_Akashi\n|raw|jmsgomes's rating: 1044 &rarr; <strong>1029<\/strong><br \/>(-15 for losing)\n|raw|Kye_Akashi's rating: 1087 &rarr; <strong>1111<\/strong><br \/>(+24 for winning)\n|l|\u2606jmsgomes\n","uploadtime":1700938671,"views":2,"p1id":"jmsgomes","p2id":"kyeakashi","formatid":"gen9nationaldexubers","rating":1029,"private":0,"password":""}