{"id":"gen9nationaldexubers-1993458972","p1":"Shadowheart05","p2":"PredicateCape21","format":"[Gen 9] National Dex Ubers","log":"|j|\u2606Shadowheart05\n|j|\u2606PredicateCape21\n|t:|1700320463\n|gametype|singles\n|player|p1|Shadowheart05|lady|\n|player|p2|PredicateCape21|101|\n|teamsize|p1|6\n|teamsize|p2|6\n|gen|9\n|tier|[Gen 9] National Dex Ubers\n|rule|HP Percentage Mod: HP is shown in percentages\n|rule|Endless Battle Clause: Forcing endless battles is banned\n|rule|OHKO Clause: OHKO moves are banned\n|rule|Evasion Moves Clause: Evasion moves are banned\n|rule|Evasion Items Clause: Evasion items are banned\n|rule|Species Clause: Limit one of each Pok\u00e9mon\n|rule|Sleep Clause Mod: Limit one foe put to sleep\n|rule|Mega Rayquaza Clause: You cannot mega evolve Rayquaza\n|clearpoke\n|poke|p1|Zapdos|\n|poke|p1|Arcanine-Hisui, M|\n|poke|p1|Qwilfish, M|\n|poke|p1|Haxorus, M|\n|poke|p1|Mew|\n|poke|p1|Lilligant-Hisui, F|\n|poke|p2|Ursaluna, M|\n|poke|p2|Conkeldurr, M|\n|poke|p2|Ninetales, F|\n|poke|p2|Salamence, F|\n|poke|p2|Sandy Shocks|\n|poke|p2|Skeledirge, F|\n|teampreview\n|c|\u2606PredicateCape21|gl hf\n|c|\u2606Shadowheart05|Good luck have fun\n|\n|t:|1700320494\n|start\n|switch|p1a: Zapdos|Zapdos|100\/100\n|switch|p2a: Salamence|Salamence, F|100\/100\n|-ability|p1a: Zapdos|Pressure\n|turn|1\n|\n|t:|1700320502\n|move|p2a: Salamence|Dragon Dance|p2a: Salamence\n|-boost|p2a: Salamence|atk|1\n|-boost|p2a: Salamence|spe|1\n|move|p1a: Zapdos|U-turn|p2a: Salamence\n|-resisted|p2a: Salamence\n|-damage|p2a: Salamence|92\/100\n|\n|t:|1700320517\n|switch|p1a: Arcanine|Arcanine-Hisui, M|100\/100|[from] U-turn\n|-ability|p1a: Arcanine|Intimidate|boost\n|-unboost|p2a: Salamence|atk|1\n|\n|upkeep\n|turn|2\n|\n|t:|1700320525\n|move|p2a: Salamence|Earthquake|p1a: Arcanine\n|-supereffective|p1a: Arcanine\n|-damage|p1a: Arcanine|0 fnt\n|faint|p1a: Arcanine\n|-ability|p2a: Salamence|Moxie|boost\n|-boost|p2a: Salamence|atk|1\n|\n|upkeep\n|\n|t:|1700320535\n|switch|p1a: Qwilfish|Qwilfish, M|100\/100\n|-ability|p1a: Qwilfish|Intimidate|boost\n|-unboost|p2a: Salamence|atk|1\n|turn|3\n|\n|t:|1700320544\n|move|p2a: Salamence|Dragon Claw|p1a: Qwilfish\n|-damage|p1a: Qwilfish|48\/100\n|move|p1a: Qwilfish|Thunder Wave|p2a: Salamence\n|-status|p2a: Salamence|par\n|\n|upkeep\n|turn|4\n|\n|t:|1700320554\n|move|p1a: Qwilfish|Destiny Bond|p1a: Qwilfish\n|-singlemove|p1a: Qwilfish|Destiny Bond\n|move|p2a: Salamence|Dragon Dance|p2a: Salamence\n|-boost|p2a: Salamence|atk|1\n|-boost|p2a: Salamence|spe|1\n|\n|upkeep\n|turn|5\n|\n|t:|1700320563\n|move|p2a: Salamence|Dragon Dance|p2a: Salamence\n|-boost|p2a: Salamence|atk|1\n|-boost|p2a: Salamence|spe|1\n|move|p1a: Qwilfish|Spikes|p2a: Salamence\n|-sidestart|p2: PredicateCape21|Spikes\n|\n|upkeep\n|turn|6\n|\n|t:|1700320569\n|move|p2a: Salamence|Dragon Dance|p2a: Salamence\n|-boost|p2a: Salamence|atk|1\n|-boost|p2a: Salamence|spe|1\n|move|p1a: Qwilfish|Destiny Bond|p1a: Qwilfish\n|-singlemove|p1a: Qwilfish|Destiny Bond\n|\n|upkeep\n|turn|7\n|\n|t:|1700320584\n|cant|p2a: Salamence|par\n|move|p1a: Qwilfish|Spikes|p2a: Salamence\n|-sidestart|p2: PredicateCape21|Spikes\n|\n|upkeep\n|turn|8\n|\n|t:|1700320586\n|cant|p2a: Salamence|par\n|move|p1a: Qwilfish|Destiny Bond|p1a: Qwilfish\n|-singlemove|p1a: Qwilfish|Destiny Bond\n|\n|upkeep\n|turn|9\n|c|\u2606PredicateCape21|lol\n|\n|t:|1700320591\n|move|p2a: Salamence|Dragon Claw|p1a: Qwilfish\n|-damage|p1a: Qwilfish|0 fnt\n|faint|p1a: Qwilfish\n|-activate|p1a: Qwilfish|move: Destiny Bond\n|faint|p2a: Salamence\n|\n|upkeep\n|\n|t:|1700320603\n|switch|p2a: Skeledirge|Skeledirge, F|100\/100\n|switch|p1a: Mew|Mew|100\/100\n|-damage|p2a: Skeledirge|84\/100|[from] Spikes\n|turn|10\n|\n|t:|1700320615\n|move|p1a: Mew|Knock Off|p2a: Skeledirge\n|-supereffective|p2a: Skeledirge\n|-damage|p2a: Skeledirge|48\/100\n|-enditem|p2a: Skeledirge|Leftovers|[from] move: Knock Off|[of] p1a: Mew\n|move|p2a: Skeledirge|Torch Song|p1a: Mew\n|-damage|p1a: Mew|82\/100\n|-boost|p2a: Skeledirge|spa|1\n|\n|-heal|p1a: Mew|89\/100|[from] item: Leftovers\n|upkeep\n|turn|11\n|\n|t:|1700320622\n|move|p1a: Mew|Sunny Day|p1a: Mew\n|-weather|SunnyDay\n|move|p2a: Skeledirge|Slack Off|p2a: Skeledirge\n|-heal|p2a: Skeledirge|98\/100\n|\n|-weather|SunnyDay|[upkeep]\n|-heal|p1a: Mew|95\/100|[from] item: Leftovers\n|upkeep\n|turn|12\n|\n|t:|1700320627\n|move|p1a: Mew|Taunt|p2a: Skeledirge\n|-start|p2a: Skeledirge|move: Taunt\n|cant|p2a: Skeledirge|move: Taunt|Will-O-Wisp\n|\n|-weather|SunnyDay|[upkeep]\n|-heal|p1a: Mew|100\/100|[from] item: Leftovers\n|upkeep\n|turn|13\n|\n|t:|1700320640\n|move|p1a: Mew|Knock Off|p2a: Skeledirge\n|-supereffective|p2a: Skeledirge\n|-damage|p2a: Skeledirge|76\/100\n|move|p2a: Skeledirge|Torch Song|p1a: Mew\n|-damage|p1a: Mew|55\/100\n|-boost|p2a: Skeledirge|spa|1\n|\n|-weather|SunnyDay|[upkeep]\n|-heal|p1a: Mew|61\/100|[from] item: Leftovers\n|upkeep\n|turn|14\n|\n|t:|1700320662\n|move|p1a: Mew|Knock Off|p2a: Skeledirge\n|-supereffective|p2a: Skeledirge\n|-damage|p2a: Skeledirge|53\/100\n|move|p2a: Skeledirge|Torch Song|p1a: Mew\n|-damage|p1a: Mew|0 fnt\n|-boost|p2a: Skeledirge|spa|1\n|faint|p1a: Mew\n|\n|-weather|SunnyDay|[upkeep]\n|-end|p2a: Skeledirge|move: Taunt\n|upkeep\n|\n|t:|1700320666\n|switch|p1a: Haxorus|Haxorus, M|100\/100\n|-ability|p1a: Haxorus|Mold Breaker\n|turn|15\n|\n|t:|1700320684\n|move|p1a: Haxorus|Scale Shot|p2a: Skeledirge\n|-damage|p2a: Skeledirge|42\/100\n|-damage|p2a: Skeledirge|31\/100\n|-damage|p2a: Skeledirge|20\/100\n|-damage|p2a: Skeledirge|10\/100\n|-hitcount|p2a: Skeledirge|4\n|-unboost|p1a: Haxorus|def|1\n|-boost|p1a: Haxorus|spe|1\n|move|p2a: Skeledirge|Torch Song|p1a: Haxorus\n|-resisted|p1a: Haxorus\n|-damage|p1a: Haxorus|8\/100\n|-boost|p2a: Skeledirge|spa|1\n|\n|-weather|none\n|upkeep\n|turn|16\n|\n|t:|1700320707\n|move|p1a: Haxorus|Scale Shot|p2a: Skeledirge\n|-damage|p2a: Skeledirge|0 fnt\n|faint|p2a: Skeledirge\n|-hitcount|p2: Skeledirge|1\n|-unboost|p1a: Haxorus|def|1\n|-boost|p1a: Haxorus|spe|1\n|\n|upkeep\n|\n|t:|1700320709\n|switch|p2a: Conkeldurr|Conkeldurr, M|100\/100\n|-damage|p2a: Conkeldurr|84\/100|[from] Spikes\n|turn|17\n|\n|t:|1700320715\n|move|p2a: Conkeldurr|Mach Punch|p1a: Haxorus\n|-damage|p1a: Haxorus|0 fnt\n|faint|p1a: Haxorus\n|\n|-status|p2a: Conkeldurr|brn|[from] item: Flame Orb\n|upkeep\n|\n|t:|1700320717\n|switch|p1a: Zapdos|Zapdos|100\/100\n|-ability|p1a: Zapdos|Pressure\n|turn|18\n|\n|t:|1700320727\n|move|p1a: Zapdos|Heat Wave|p2a: Conkeldurr\n|-damage|p2a: Conkeldurr|35\/100 brn\n|move|p2a: Conkeldurr|Knock Off|p1a: Zapdos\n|-damage|p1a: Zapdos|42\/100\n|-enditem|p1a: Zapdos|Heavy-Duty Boots|[from] move: Knock Off|[of] p2a: Conkeldurr\n|\n|-damage|p2a: Conkeldurr|29\/100 brn|[from] brn\n|upkeep\n|turn|19\n|\n|t:|1700320736\n|move|p2a: Conkeldurr|Mach Punch|p1a: Zapdos\n|-resisted|p1a: Zapdos\n|-damage|p1a: Zapdos|25\/100\n|move|p1a: Zapdos|Thunderbolt|p2a: Conkeldurr\n|-damage|p2a: Conkeldurr|0 fnt\n|faint|p2a: Conkeldurr\n|\n|upkeep\n|\n|t:|1700320742\n|switch|p2a: Sandy Shocks|Sandy Shocks|100\/100\n|-damage|p2a: Sandy Shocks|84\/100|[from] Spikes\n|turn|20\n|\n|t:|1700320756\n|move|p2a: Sandy Shocks|Stealth Rock|p1a: Zapdos\n|-sidestart|p1: Shadowheart05|move: Stealth Rock\n|move|p1a: Zapdos|Heat Wave|p2a: Sandy Shocks\n|-damage|p2a: Sandy Shocks|41\/100\n|\n|upkeep\n|turn|21\n|\n|t:|1700320770\n|move|p2a: Sandy Shocks|Volt Switch|p1a: Zapdos\n|-damage|p1a: Zapdos|0 fnt\n|faint|p1a: Zapdos\n|\n|t:|1700320773\n|-end|p2a: Sandy Shocks|Protosynthesis|[silent]\n|switch|p2a: Ninetales|Ninetales, F|100\/100|[from] Volt Switch\n|-damage|p2a: Ninetales|84\/100|[from] Spikes\n|-weather|SunnyDay|[from] ability: Drought|[of] p2a: Ninetales\n|\n|-weather|SunnyDay|[upkeep]\n|upkeep\n|\n|t:|1700320780\n|switch|p1a: Lilligant|Lilligant-Hisui, F|100\/100\n|-damage|p1a: Lilligant|94\/100|[from] Stealth Rock\n|turn|22\n|\n|t:|1700320793\n|move|p1a: Lilligant|Close Combat|p2a: Ninetales\n|-crit|p2a: Ninetales\n|-damage|p2a: Ninetales|0 fnt\n|-unboost|p1a: Lilligant|def|1\n|-unboost|p1a: Lilligant|spd|1\n|faint|p2a: Ninetales\n|\n|-weather|SunnyDay|[upkeep]\n|upkeep\n|\n|t:|1700320805\n|switch|p2a: Sandy Shocks|Sandy Shocks|41\/100\n|-damage|p2a: Sandy Shocks|25\/100|[from] Spikes\n|-activate|p2a: Sandy Shocks|ability: Protosynthesis\n|-start|p2a: Sandy Shocks|protosynthesisspa\n|turn|23\n|\n|t:|1700320815\n|move|p1a: Lilligant|Close Combat|p2a: Sandy Shocks\n|-damage|p2a: Sandy Shocks|0 fnt\n|-unboost|p1a: Lilligant|def|1\n|-unboost|p1a: Lilligant|spd|1\n|faint|p2a: Sandy Shocks\n|-end|p2a: Sandy Shocks|Protosynthesis|[silent]\n|\n|-weather|SunnyDay|[upkeep]\n|upkeep\n|\n|t:|1700320818\n|switch|p2a: Ursaluna|Ursaluna, M|100\/100\n|-damage|p2a: Ursaluna|84\/100|[from] Spikes\n|turn|24\n|\n|t:|1700320820\n|move|p1a: Lilligant|Close Combat|p2a: Ursaluna\n|-supereffective|p2a: Ursaluna\n|-damage|p2a: Ursaluna|0 fnt\n|-unboost|p1a: Lilligant|def|1\n|-unboost|p1a: Lilligant|spd|1\n|faint|p2a: Ursaluna\n|\n|win|Shadowheart05\n|c|\u2606Shadowheart05|How . . .\n|c|\u2606Shadowheart05|gg wp\n|c|\u2606PredicateCape21|igaveyouchlorophylligaveyouchlorophylligaveyouchlorophyll\n|c|\u2606PredicateCape21|gg\n|c|\u2606PredicateCape21|That was really stupid of me\n|c|\u2606PredicateCape21|Did the crit matter?\n|c|\u2606Shadowheart05|Calc?\n|c|\u2606Shadowheart05|I was choice band\n|c|\u2606PredicateCape21|prob not then\n","uploadtime":1700320887,"views":34,"p1id":"shadowheart05","p2id":"predicatecape21","formatid":"gen9nationaldexubers","rating":0,"private":0,"password":""}