{"id":"gen9nationaldexubers-1992505154","p1":"ThiccTeddyBo","p2":"Regice my beloved","format":"[Gen 9] National Dex Ubers","log":"|j|\u2606ThiccTeddyBo\n|j|\u2606Regice my beloved\n|t:|1700196337\n|gametype|singles\n|player|p1|ThiccTeddyBo|red|1364\n|player|p2|Regice my beloved|raifort|1308\n|teamsize|p1|6\n|teamsize|p2|6\n|gen|9\n|tier|[Gen 9] National Dex Ubers\n|rated|\n|rule|HP Percentage Mod: HP is shown in percentages\n|rule|Endless Battle Clause: Forcing endless battles is banned\n|rule|OHKO Clause: OHKO moves are banned\n|rule|Evasion Moves Clause: Evasion moves are banned\n|rule|Evasion Items Clause: Evasion items are banned\n|rule|Species Clause: Limit one of each Pok\u00e9mon\n|rule|Sleep Clause Mod: Limit one foe put to sleep\n|rule|Mega Rayquaza Clause: You cannot mega evolve Rayquaza\n|clearpoke\n|poke|p1|Espathra, F|\n|poke|p1|Ho-Oh|\n|poke|p1|Grimmsnarl, M|\n|poke|p1|Necrozma-Dusk-Mane|\n|poke|p1|Xerneas-*|\n|poke|p1|Arceus|\n|poke|p2|Zygarde|\n|poke|p2|Regice|\n|poke|p2|Ninetales-Alola, F|\n|poke|p2|Avalugg, F|\n|poke|p2|Sandslash-Alola, M|\n|poke|p2|Yveltal|\n|teampreview\n|inactive|Battle timer is ON: inactive players will automatically lose when time's up. (requested by ThiccTeddyBo)\n|\n|t:|1700196354\n|start\n|switch|p1a: Gropey Goblin|Grimmsnarl, M|100\/100\n|switch|p2a: enough spd|Regice|100\/100\n|turn|1\n|\n|t:|1700196359\n|move|p1a: Gropey Goblin|Taunt|p2a: enough spd\n|-start|p2a: enough spd|move: Taunt\n|cant|p2a: enough spd|move: Taunt|Curse\n|\n|upkeep\n|turn|2\n|\n|t:|1700196369\n|switch|p2a: enough def|Avalugg, F|100\/100\n|move|p1a: Gropey Goblin|Light Screen|p1a: Gropey Goblin\n|-sidestart|p1: ThiccTeddyBo|move: Light Screen\n|\n|upkeep\n|turn|3\n|\n|t:|1700196374\n|move|p1a: Gropey Goblin|Taunt|p2a: enough def\n|-start|p2a: enough def|move: Taunt\n|move|p2a: enough def|Gyro Ball|p1a: Gropey Goblin\n|-supereffective|p1a: Gropey Goblin\n|-damage|p1a: Gropey Goblin|57\/100\n|\n|upkeep\n|turn|4\n|\n|t:|1700196378\n|switch|p2a: Its xmas!|Ninetales-Alola, F|100\/100\n|-weather|Snow|[from] ability: Snow Warning|[of] p2a: Its xmas!\n|move|p1a: Gropey Goblin|Reflect|p1a: Gropey Goblin\n|-sidestart|p1: ThiccTeddyBo|Reflect\n|\n|-weather|Snow|[upkeep]\n|upkeep\n|turn|5\n|\n|t:|1700196386\n|move|p1a: Gropey Goblin|Parting Shot|p2a: Its xmas!\n|-unboost|p2a: Its xmas!|atk|1\n|-unboost|p2a: Its xmas!|spa|1\n|\n|t:|1700196397\n|switch|p1a: Hunter Biden|Necrozma-Dusk-Mane|100\/100|[from] Parting Shot\n|move|p2a: Its xmas!|Blizzard|p1a: Hunter Biden\n|-resisted|p1a: Hunter Biden\n|-damage|p1a: Hunter Biden|96\/100\n|\n|-weather|Snow|[upkeep]\n|upkeep\n|turn|6\n|\n|t:|1700196404\n|switch|p2a: enough def|Avalugg, F|100\/100\n|move|p1a: Hunter Biden|Dragon Dance|p1a: Hunter Biden\n|-boost|p1a: Hunter Biden|atk|1\n|-boost|p1a: Hunter Biden|spe|1\n|\n|-weather|Snow|[upkeep]\n|upkeep\n|turn|7\n|\n|t:|1700196411\n|move|p1a: Hunter Biden|Dragon Dance|p1a: Hunter Biden\n|-boost|p1a: Hunter Biden|atk|1\n|-boost|p1a: Hunter Biden|spe|1\n|move|p2a: enough def|Curse|p2a: enough def\n|-unboost|p2a: enough def|spe|1\n|-boost|p2a: enough def|atk|1\n|-boost|p2a: enough def|def|1\n|\n|-weather|Snow|[upkeep]\n|upkeep\n|turn|8\n|\n|t:|1700196418\n|move|p1a: Hunter Biden|Sunsteel Strike|p2a: enough def\n|-supereffective|p2a: enough def\n|-damage|p2a: enough def|57\/100\n|move|p2a: enough def|Curse|p2a: enough def\n|-unboost|p2a: enough def|spe|1\n|-boost|p2a: enough def|atk|1\n|-boost|p2a: enough def|def|1\n|\n|-weather|Snow|[upkeep]\n|-heal|p2a: enough def|63\/100|[from] ability: Ice Body\n|-heal|p2a: enough def|70\/100|[from] item: Leftovers\n|upkeep\n|turn|9\n|\n|t:|1700196426\n|move|p1a: Hunter Biden|Dragon Dance|p1a: Hunter Biden\n|-boost|p1a: Hunter Biden|atk|1\n|-boost|p1a: Hunter Biden|spe|1\n|move|p2a: enough def|Curse|p2a: enough def\n|-unboost|p2a: enough def|spe|1\n|-boost|p2a: enough def|atk|1\n|-boost|p2a: enough def|def|1\n|\n|-weather|Snow|[upkeep]\n|-heal|p2a: enough def|76\/100|[from] ability: Ice Body\n|-heal|p2a: enough def|82\/100|[from] item: Leftovers\n|-sideend|p1: ThiccTeddyBo|move: Light Screen\n|upkeep\n|turn|10\n|\n|t:|1700196432\n|move|p1a: Hunter Biden|Dragon Dance|p1a: Hunter Biden\n|-boost|p1a: Hunter Biden|atk|1\n|-boost|p1a: Hunter Biden|spe|1\n|move|p2a: enough def|Curse|p2a: enough def\n|-unboost|p2a: enough def|spe|1\n|-boost|p2a: enough def|atk|1\n|-boost|p2a: enough def|def|1\n|\n|-weather|Snow|[upkeep]\n|-heal|p2a: enough def|88\/100|[from] ability: Ice Body\n|-heal|p2a: enough def|94\/100|[from] item: Leftovers\n|upkeep\n|turn|11\n|\n|t:|1700196437\n|move|p1a: Hunter Biden|Sunsteel Strike|p2a: enough def\n|-supereffective|p2a: enough def\n|-damage|p2a: enough def|63\/100\n|move|p2a: enough def|Body Press|p1a: Hunter Biden\n|-damage|p1a: Hunter Biden|45\/100\n|\n|-weather|none\n|-heal|p2a: enough def|69\/100|[from] item: Leftovers\n|-sideend|p1: ThiccTeddyBo|Reflect\n|upkeep\n|turn|12\n|\n|t:|1700196444\n|move|p1a: Hunter Biden|Sunsteel Strike|p2a: enough def\n|-supereffective|p2a: enough def\n|-damage|p2a: enough def|18\/100\n|move|p2a: enough def|Body Press|p1a: Hunter Biden\n|-crit|p1a: Hunter Biden\n|-damage|p1a: Hunter Biden|0 fnt\n|faint|p1a: Hunter Biden\n|\n|-heal|p2a: enough def|24\/100|[from] item: Leftovers\n|upkeep\n|\n|t:|1700196453\n|switch|p1a: Espa Theez Nutz|Espathra, F|100\/100\n|turn|13\n|\n|t:|1700196464\n|switch|p2a: Its xmas!|Ninetales-Alola, F|100\/100\n|-weather|Snow|[from] ability: Snow Warning|[of] p2a: Its xmas!\n|move|p1a: Espa Theez Nutz|Protect||[still]\n|-fail|p1a: Espa Theez Nutz\n|\n|-weather|Snow|[upkeep]\n|-ability|p1a: Espa Theez Nutz|Speed Boost|boost\n|-boost|p1a: Espa Theez Nutz|spe|1\n|upkeep\n|turn|14\n|\n|t:|1700196467\n|move|p1a: Espa Theez Nutz|Calm Mind|p1a: Espa Theez Nutz\n|-boost|p1a: Espa Theez Nutz|spa|1\n|-boost|p1a: Espa Theez Nutz|spd|1\n|move|p2a: Its xmas!|Roar|p1a: Espa Theez Nutz\n|drag|p1a: Arceus|Arceus, shiny|100\/100\n|\n|-weather|Snow|[upkeep]\n|upkeep\n|turn|15\n|\n|t:|1700196472\n|move|p1a: Arceus|Extreme Speed|p2a: Its xmas!\n|-damage|p2a: Its xmas!|57\/100\n|-damage|p1a: Arceus|91\/100|[from] item: Life Orb\n|move|p2a: Its xmas!|Aurora Veil|p2a: Its xmas!\n|-sidestart|p2: Regice my beloved|move: Aurora Veil\n|\n|-weather|Snow|[upkeep]\n|upkeep\n|turn|16\n|\n|t:|1700196477\n|switch|p2a: enough def|Avalugg, F|24\/100\n|move|p1a: Arceus|Extreme Speed|p2a: enough def\n|-damage|p2a: enough def|17\/100\n|-damage|p1a: Arceus|81\/100|[from] item: Life Orb\n|\n|-weather|Snow|[upkeep]\n|-heal|p2a: enough def|23\/100|[from] ability: Ice Body\n|-heal|p2a: enough def|29\/100|[from] item: Leftovers\n|upkeep\n|turn|17\n|\n|t:|1700196482\n|move|p1a: Arceus|Swords Dance|p1a: Arceus\n|-boost|p1a: Arceus|atk|2\n|move|p2a: enough def|Curse|p2a: enough def\n|-unboost|p2a: enough def|spe|1\n|-boost|p2a: enough def|atk|1\n|-boost|p2a: enough def|def|1\n|\n|-weather|Snow|[upkeep]\n|-heal|p2a: enough def|35\/100|[from] ability: Ice Body\n|-heal|p2a: enough def|41\/100|[from] item: Leftovers\n|upkeep\n|turn|18\n|\n|t:|1700196485\n|move|p1a: Arceus|Shadow Claw|p2a: enough def\n|-crit|p2a: enough def\n|-damage|p2a: enough def|17\/100\n|-damage|p1a: Arceus|71\/100|[from] item: Life Orb\n|move|p2a: enough def|Curse|p2a: enough def\n|-unboost|p2a: enough def|spe|1\n|-boost|p2a: enough def|atk|1\n|-boost|p2a: enough def|def|1\n|\n|-weather|Snow|[upkeep]\n|-heal|p2a: enough def|23\/100|[from] ability: Ice Body\n|-heal|p2a: enough def|29\/100|[from] item: Leftovers\n|upkeep\n|turn|19\n|\n|t:|1700196491\n|switch|p1a: Hoe-Owe|Ho-Oh, shiny|100\/100\n|move|p2a: enough def|Curse|p2a: enough def\n|-unboost|p2a: enough def|spe|1\n|-boost|p2a: enough def|atk|1\n|-boost|p2a: enough def|def|1\n|\n|-weather|Snow|[upkeep]\n|-heal|p2a: enough def|36\/100|[from] ability: Ice Body\n|-heal|p2a: enough def|42\/100|[from] item: Leftovers\n|-sideend|p2: Regice my beloved|move: Aurora Veil\n|upkeep\n|turn|20\n|\n|t:|1700196495\n|move|p1a: Hoe-Owe|Toxic|p2a: enough def\n|-status|p2a: enough def|tox\n|move|p2a: enough def|Avalanche|p1a: Hoe-Owe\n|-damage|p1a: Hoe-Owe|64\/100\n|\n|-weather|none\n|-heal|p2a: enough def|48\/100 tox|[from] item: Leftovers\n|-damage|p2a: enough def|42\/100 tox|[from] psn\n|upkeep\n|turn|21\n|\n|t:|1700196500\n|move|p2a: enough def|Avalanche|p1a: Hoe-Owe\n|-damage|p1a: Hoe-Owe|26\/100\n|move|p1a: Hoe-Owe|Roar|p2a: enough def\n|drag|p2a: Gotcha!|Sandslash-Alola, M|100\/100\n|\n|upkeep\n|turn|22\n|\n|t:|1700196508\n|switch|p2a: I hate groudon|Yveltal, shiny|100\/100\n|-ability|p2a: I hate groudon|Dark Aura\n|switch|p1a: Gropey Goblin|Grimmsnarl, M|57\/100\n|\n|upkeep\n|turn|23\n|\n|t:|1700196516\n|move|p1a: Gropey Goblin|Light Screen|p1a: Gropey Goblin\n|-sidestart|p1: ThiccTeddyBo|move: Light Screen\n|move|p2a: I hate groudon|Oblivion Wing|p1a: Gropey Goblin\n|-damage|p1a: Gropey Goblin|39\/100\n|\n|upkeep\n|turn|24\n|\n|t:|1700196524\n|switch|p2a: Its xmas!|Ninetales-Alola, F|57\/100\n|-weather|Snow|[from] ability: Snow Warning|[of] p2a: Its xmas!\n|move|p1a: Gropey Goblin|Taunt|p2a: Its xmas!\n|-start|p2a: Its xmas!|move: Taunt\n|\n|-weather|Snow|[upkeep]\n|upkeep\n|turn|25\n|\n|t:|1700196531\n|move|p1a: Gropey Goblin|Parting Shot|p2a: Its xmas!\n|-unboost|p2a: Its xmas!|atk|1\n|-unboost|p2a: Its xmas!|spa|1\n|\n|t:|1700196542\n|switch|p1a: Arceus|Arceus, shiny|71\/100|[from] Parting Shot\n|move|p2a: Its xmas!|Blizzard|p1a: Arceus\n|-damage|p1a: Arceus|62\/100\n|\n|-weather|Snow|[upkeep]\n|upkeep\n|turn|26\n|\n|t:|1700196546\n|switch|p2a: enough def|Avalugg, F|42\/100 tox\n|move|p1a: Arceus|Extreme Speed|p2a: enough def\n|-damage|p2a: enough def|28\/100 tox\n|-damage|p1a: Arceus|52\/100|[from] item: Life Orb\n|\n|-weather|Snow|[upkeep]\n|-heal|p2a: enough def|35\/100 tox|[from] ability: Ice Body\n|-heal|p2a: enough def|41\/100 tox|[from] item: Leftovers\n|-damage|p2a: enough def|35\/100 tox|[from] psn\n|upkeep\n|turn|27\n|\n|t:|1700196555\n|-terastallize|p1a: Arceus|Ghost\n|move|p1a: Arceus|Swords Dance|p1a: Arceus\n|-boost|p1a: Arceus|atk|2\n|move|p2a: enough def|Body Press|p1a: Arceus\n|-immune|p1a: Arceus\n|\n|-weather|Snow|[upkeep]\n|-heal|p2a: enough def|41\/100 tox|[from] ability: Ice Body\n|-heal|p2a: enough def|47\/100 tox|[from] item: Leftovers\n|-damage|p2a: enough def|35\/100 tox|[from] psn\n|upkeep\n|turn|28\n|\n|t:|1700196572\n|-terastallize|p2a: enough def|Normal\n|move|p1a: Arceus|Swords Dance|p1a: Arceus\n|-boost|p1a: Arceus|atk|2\n|move|p2a: enough def|Avalanche|p1a: Arceus\n|-damage|p1a: Arceus|31\/100\n|\n|-weather|Snow|[upkeep]\n|-heal|p2a: enough def|41\/100 tox|[from] ability: Ice Body\n|-heal|p2a: enough def|47\/100 tox|[from] item: Leftovers\n|-damage|p2a: enough def|28\/100 tox|[from] psn\n|upkeep\n|turn|29\n|inactive|ThiccTeddyBo has 120 seconds left.\n|\n|t:|1700196602\n|move|p1a: Arceus|Swords Dance|p1a: Arceus\n|-boost|p1a: Arceus|atk|2\n|move|p2a: enough def|Avalanche|p1a: Arceus\n|-damage|p1a: Arceus|10\/100\n|\n|-weather|Snow|[upkeep]\n|-heal|p2a: enough def|35\/100 tox|[from] ability: Ice Body\n|-heal|p2a: enough def|41\/100 tox|[from] item: Leftovers\n|-damage|p2a: enough def|16\/100 tox|[from] psn\n|upkeep\n|turn|30\n|inactive|ThiccTeddyBo has 120 seconds left.\n|\n|t:|1700196609\n|move|p1a: Arceus|Extreme Speed|p2a: enough def\n|-damage|p2a: enough def|0 fnt\n|faint|p2a: enough def\n|-damage|p1a: Arceus|0 fnt|[from] item: Life Orb\n|faint|p1a: Arceus\n|\n|-weather|Snow|[upkeep]\n|-sideend|p1: ThiccTeddyBo|move: Light Screen\n|upkeep\n|inactive|ThiccTeddyBo has 120 seconds left.\n|\n|t:|1700196621\n|switch|p1a: Gropey Goblin|Grimmsnarl, M|39\/100\n|switch|p2a: Its xmas!|Ninetales-Alola, F|57\/100\n|turn|31\n|\n|t:|1700196623\n|move|p1a: Gropey Goblin|Taunt|p2a: Its xmas!\n|-start|p2a: Its xmas!|move: Taunt\n|move|p2a: Its xmas!|Blizzard|p1a: Gropey Goblin\n|-damage|p1a: Gropey Goblin|15\/100\n|\n|-weather|none\n|upkeep\n|turn|32\n|\n|t:|1700196625\n|move|p1a: Gropey Goblin|Light Screen|p1a: Gropey Goblin\n|-sidestart|p1: ThiccTeddyBo|move: Light Screen\n|move|p2a: Its xmas!|Blizzard|p1a: Gropey Goblin\n|-damage|p1a: Gropey Goblin|3\/100\n|\n|upkeep\n|turn|33\n|\n|t:|1700196629\n|switch|p2a: I hate groudon|Yveltal, shiny|100\/100\n|-ability|p2a: I hate groudon|Dark Aura\n|move|p1a: Gropey Goblin|Parting Shot|p2a: I hate groudon\n|-hint|Since gen 7, Dark is immune to Prankster moves.\n|-immune|p2a: I hate groudon\n|\n|upkeep\n|turn|34\n|\n|t:|1700196636\n|switch|p2a: Its xmas!|Ninetales-Alola, F|57\/100\n|-weather|Snow|[from] ability: Snow Warning|[of] p2a: Its xmas!\n|switch|p1a: Greenblatt|Xerneas, shiny|100\/100\n|-ability|p1a: Greenblatt|Fairy Aura\n|\n|-weather|Snow|[upkeep]\n|upkeep\n|turn|35\n|\n|t:|1700196641\n|move|p1a: Greenblatt|Moonblast|p2a: Its xmas!\n|-damage|p2a: Its xmas!|0 fnt\n|faint|p2a: Its xmas!\n|\n|-weather|Snow|[upkeep]\n|upkeep\n|\n|t:|1700196646\n|switch|p2a: Gotcha!|Sandslash-Alola, M|100\/100\n|turn|36\n|\n|t:|1700196650\n|move|p2a: Gotcha!|Iron Head|p1a: Greenblatt\n|-supereffective|p1a: Greenblatt\n|-damage|p1a: Greenblatt|13\/100\n|-damage|p2a: Gotcha!|91\/100|[from] item: Life Orb\n|move|p1a: Greenblatt|Geomancy||[still]\n|-prepare|p1a: Greenblatt|Geomancy\n|-enditem|p1a: Greenblatt|Power Herb\n|-anim|p1a: Greenblatt|Geomancy|p1a: Greenblatt\n|-boost|p1a: Greenblatt|spa|2\n|-boost|p1a: Greenblatt|spd|2\n|-boost|p1a: Greenblatt|spe|2\n|\n|-weather|Snow|[upkeep]\n|upkeep\n|turn|37\n|\n|t:|1700196657\n|move|p1a: Greenblatt|Thunderbolt|p2a: Gotcha!\n|-damage|p2a: Gotcha!|0 fnt\n|faint|p2a: Gotcha!\n|\n|-weather|Snow|[upkeep]\n|upkeep\n|\n|t:|1700196659\n|switch|p2a: enough spd|Regice|100\/100\n|turn|38\n|\n|t:|1700196662\n|move|p1a: Greenblatt|Focus Blast|p2a: enough spd\n|-supereffective|p2a: enough spd\n|-damage|p2a: enough spd|20\/100\n|move|p2a: enough spd|Toxic|p1a: Greenblatt|[miss]\n|-miss|p2a: enough spd|p1a: Greenblatt\n|\n|-weather|Snow|[upkeep]\n|-heal|p2a: enough spd|26\/100|[from] ability: Ice Body\n|-heal|p2a: enough spd|32\/100|[from] item: Leftovers\n|upkeep\n|turn|39\n|\n|t:|1700196670\n|move|p1a: Greenblatt|Moonblast|p2a: enough spd\n|-damage|p2a: enough spd|0 fnt\n|faint|p2a: enough spd\n|\n|-weather|Snow|[upkeep]\n|-sideend|p1: ThiccTeddyBo|move: Light Screen\n|upkeep\n|\n|t:|1700196672\n|switch|p2a: Snowking|Zygarde, shiny|100\/100\n|turn|40\n|\n|t:|1700196676\n|move|p1a: Greenblatt|Moonblast|p2a: Snowking\n|-supereffective|p2a: Snowking\n|-damage|p2a: Snowking|0 fnt\n|faint|p2a: Snowking\n|\n|-weather|Snow|[upkeep]\n|upkeep\n|\n|t:|1700196679\n|switch|p2a: I hate groudon|Yveltal, shiny|100\/100\n|-ability|p2a: I hate groudon|Dark Aura\n|turn|41\n|c|\u2606ThiccTeddyBo|YEAH\n|n|!ThiccTeddyBo|thiccteddybo\n|c|\u2606Regice my beloved|gotta love loosing to a miss\n|\n|t:|1700196690\n|move|p1a: Greenblatt|Moonblast|p2a: I hate groudon\n|-supereffective|p2a: I hate groudon\n|-damage|p2a: I hate groudon|0 fnt\n|faint|p2a: I hate groudon\n|\n|win|ThiccTeddyBo\n|raw|ThiccTeddyBo's rating: 1364 &rarr; <strong>1381<\/strong><br \/>(+17 for winning)\n|raw|Regice my beloved's rating: 1308 &rarr; <strong>1291<\/strong><br \/>(-17 for losing)\n","uploadtime":1700196684,"views":7,"p1id":"thiccteddybo","p2id":"regicemybeloved","formatid":"gen9nationaldexubers","rating":1291,"private":0,"password":""}