{"id":"gen9nationaldexubers-1988054515","p1":"Noob9876123","p2":"kitmash","format":"[Gen 9] National Dex Ubers","log":"|j|\u2606Noob9876123\n|j|\u2606kitmash\n|t:|1699663966\n|gametype|singles\n|player|p1|Noob9876123|unknown|1390\n|player|p2|kitmash|101|1558\n|teamsize|p1|6\n|teamsize|p2|6\n|gen|9\n|tier|[Gen 9] National Dex Ubers\n|rated|\n|rule|HP Percentage Mod: HP is shown in percentages\n|rule|Endless Battle Clause: Forcing endless battles is banned\n|rule|OHKO Clause: OHKO moves are banned\n|rule|Evasion Moves Clause: Evasion moves are banned\n|rule|Evasion Items Clause: Evasion items are banned\n|rule|Species Clause: Limit one of each Pok\u00e9mon\n|rule|Sleep Clause Mod: Limit one foe put to sleep\n|rule|Mega Rayquaza Clause: You cannot mega evolve Rayquaza\n|clearpoke\n|poke|p1|Ditto|\n|poke|p1|Kyogre|\n|poke|p1|Basculegion, M|\n|poke|p1|Dragonite, F|\n|poke|p1|Yveltal|\n|poke|p1|Magearna|\n|poke|p2|Ursaluna-Bloodmoon, M|\n|poke|p2|Chi-Yu|\n|poke|p2|Salamence, F|\n|poke|p2|Arceus-Poison|\n|poke|p2|Lugia|\n|poke|p2|Zacian-*|\n|teampreview\n|\n|t:|1699663993\n|start\n|switch|p1a: Yveltal|Yveltal, shiny|100\/100\n|switch|p2a: Lugia|Lugia|100\/100\n|-ability|p2a: Lugia|Pressure\n|-ability|p1a: Yveltal|Dark Aura\n|turn|1\n|\n|t:|1699664001\n|switch|p2a: Zacian|Zacian-Crowned|100\/100\n|-ability|p2a: Zacian|Intrepid Sword|boost\n|-boost|p2a: Zacian|atk|1\n|move|p1a: Yveltal|Knock Off|p2a: Zacian\n|-resisted|p2a: Zacian\n|-damage|p2a: Zacian|90\/100\n|\n|upkeep\n|turn|2\n|\n|t:|1699664013\n|move|p2a: Zacian|Play Rough|p1a: Yveltal\n|-supereffective|p1a: Yveltal\n|-damage|p1a: Yveltal|8\/100\n|move|p1a: Yveltal|Foul Play|p2a: Zacian\n|-resisted|p2a: Zacian\n|-damage|p2a: Zacian|63\/100\n|\n|upkeep\n|turn|3\n|\n|t:|1699664024\n|move|p2a: Zacian|Behemoth Blade|p1a: Yveltal\n|-damage|p1a: Yveltal|0 fnt\n|faint|p1a: Yveltal\n|\n|upkeep\n|\n|t:|1699664030\n|switch|p1a: Ditto|Ditto, shiny|100\/100\n|-transform|p1a: Ditto|p2a: Zacian|[from] ability: Imposter\n|-ability|p1a: Ditto|Intrepid Sword|boost\n|-boost|p1a: Ditto|atk|1\n|turn|4\n|inactive|Battle timer is ON: inactive players will automatically lose when time's up. (requested by kitmash)\n|\n|t:|1699664094\n|switch|p2a: Salamence|Salamence, F|100\/100\n|-ability|p2a: Salamence|Intimidate|boost\n|-unboost|p1a: Ditto|atk|1\n|move|p1a: Ditto|Behemoth Blade|p2a: Salamence\n|-damage|p2a: Salamence|43\/100\n|\n|upkeep\n|turn|5\n|\n|t:|1699664103\n|detailschange|p2a: Salamence|Salamence-Mega, F\n|-mega|p2a: Salamence|Salamence|Salamencite\n|move|p1a: Ditto|Behemoth Blade|p2a: Salamence\n|-damage|p2a: Salamence|5\/100\n|move|p2a: Salamence|Roost|p2a: Salamence\n|-heal|p2a: Salamence|55\/100\n|-singleturn|p2a: Salamence|move: Roost\n|\n|upkeep\n|turn|6\n|\n|t:|1699664114\n|move|p1a: Ditto|Behemoth Blade|p2a: Salamence\n|-damage|p2a: Salamence|15\/100\n|move|p2a: Salamence|Roost|p2a: Salamence\n|-heal|p2a: Salamence|65\/100\n|-singleturn|p2a: Salamence|move: Roost\n|\n|upkeep\n|turn|7\n|\n|t:|1699664123\n|move|p1a: Ditto|Behemoth Blade|p2a: Salamence\n|-damage|p2a: Salamence|27\/100\n|move|p2a: Salamence|Roost|p2a: Salamence\n|-heal|p2a: Salamence|77\/100\n|-singleturn|p2a: Salamence|move: Roost\n|\n|upkeep\n|turn|8\n|\n|t:|1699664138\n|switch|p1a: Magearna|Magearna|100\/100\n|move|p2a: Salamence|Double-Edge|p1a: Magearna\n|-resisted|p1a: Magearna\n|-damage|p1a: Magearna|76\/100\n|-damage|p2a: Salamence|70\/100|[from] Recoil\n|\n|-heal|p1a: Magearna|82\/100|[from] item: Leftovers\n|upkeep\n|turn|9\n|\n|t:|1699664147\n|switch|p2a: Chi-Yu|Chi-Yu|100\/100\n|-ability|p2a: Chi-Yu|Beads of Ruin\n|move|p1a: Magearna|Iron Defense|p1a: Magearna\n|-boost|p1a: Magearna|def|2\n|\n|-heal|p1a: Magearna|88\/100|[from] item: Leftovers\n|upkeep\n|turn|10\n|\n|t:|1699664165\n|move|p2a: Chi-Yu|Overheat|p1a: Magearna\n|-supereffective|p1a: Magearna\n|-damage|p1a: Magearna|0 fnt\n|-unboost|p2a: Chi-Yu|spa|2\n|faint|p1a: Magearna\n|\n|upkeep\n|\n|t:|1699664174\n|switch|p1a: Kyogre|Kyogre|100\/100\n|detailschange|p1a: Kyogre|Kyogre-Primal\n|-primal|p1a: Kyogre|Blue Orb\n|-weather|PrimordialSea|[from] ability: Primordial Sea|[of] p1a: Kyogre\n|turn|11\n|inactive|kitmash has 120 seconds left.\n|\n|t:|1699664206\n|switch|p2a: Lugia|Lugia|100\/100\n|-ability|p2a: Lugia|Pressure\n|move|p1a: Kyogre|Scald|p2a: Lugia\n|-damage|p2a: Lugia|77\/100\n|\n|-weather|PrimordialSea|[upkeep]\n|upkeep\n|turn|12\n|inactive|kitmash has 120 seconds left.\n|\n|t:|1699664219\n|move|p2a: Lugia|Toxic|p1a: Kyogre|[miss]\n|-miss|p2a: Lugia|p1a: Kyogre\n|move|p1a: Kyogre|Ice Beam|p2a: Lugia\n|-supereffective|p2a: Lugia\n|-damage|p2a: Lugia|35\/100\n|\n|-weather|PrimordialSea|[upkeep]\n|upkeep\n|turn|13\n|inactive|Noob9876123 has 120 seconds left.\n|\n|t:|1699664258\n|move|p2a: Lugia|Roost|p2a: Lugia\n|-heal|p2a: Lugia|85\/100\n|-singleturn|p2a: Lugia|move: Roost\n|move|p1a: Kyogre|Ice Beam|p2a: Lugia\n|-damage|p2a: Lugia|65\/100\n|-status|p2a: Lugia|frz\n|\n|-weather|PrimordialSea|[upkeep]\n|upkeep\n|turn|14\n|inactive|Noob9876123 has 120 seconds left.\n|\n|t:|1699664276\n|cant|p2a: Lugia|frz\n|move|p1a: Kyogre|Thunder|p2a: Lugia\n|-supereffective|p2a: Lugia\n|-damage|p2a: Lugia|18\/100 frz\n|\n|-weather|PrimordialSea|[upkeep]\n|upkeep\n|turn|15\n|inactive|Noob9876123 has 120 seconds left.\n|\n|t:|1699664282\n|cant|p2a: Lugia|frz\n|move|p1a: Kyogre|Calm Mind|p1a: Kyogre\n|-boost|p1a: Kyogre|spa|1\n|-boost|p1a: Kyogre|spd|1\n|\n|-weather|PrimordialSea|[upkeep]\n|upkeep\n|turn|16\n|\n|t:|1699664287\n|cant|p2a: Lugia|frz\n|move|p1a: Kyogre|Thunder|p2a: Lugia\n|-supereffective|p2a: Lugia\n|-damage|p2a: Lugia|0 fnt\n|faint|p2a: Lugia\n|\n|-weather|PrimordialSea|[upkeep]\n|upkeep\n|\n|t:|1699664295\n|switch|p2a: Arceus|Arceus-Poison|100\/100\n|turn|17\n|\n|t:|1699664305\n|move|p2a: Arceus|Gunk Shot|p1a: Kyogre\n|-damage|p1a: Kyogre|47\/100\n|-status|p1a: Kyogre|psn\n|move|p1a: Kyogre|Scald|p2a: Arceus\n|-damage|p2a: Arceus|41\/100\n|\n|-weather|PrimordialSea|[upkeep]\n|-damage|p1a: Kyogre|35\/100 psn|[from] psn\n|upkeep\n|turn|18\n|\n|t:|1699664315\n|move|p2a: Arceus|Gunk Shot|p1a: Kyogre\n|-damage|p1a: Kyogre|0 fnt\n|faint|p1a: Kyogre\n|-weather|none\n|\n|upkeep\n|\n|t:|1699664324\n|switch|p1a: Ditto|Ditto, shiny|100\/100\n|-transform|p1a: Ditto|p2a: Arceus|[from] ability: Imposter\n|turn|19\n|\n|t:|1699664337\n|-terastallize|p1a: Ditto|Steel\n|move|p1a: Ditto|Gunk Shot|p2a: Arceus\n|-resisted|p2a: Arceus\n|-damage|p2a: Arceus|26\/100\n|move|p2a: Arceus|Recover|p2a: Arceus\n|-heal|p2a: Arceus|76\/100\n|\n|upkeep\n|turn|20\n|\n|t:|1699664351\n|switch|p1a: Dragonite|Dragonite, F|100\/100\n|move|p2a: Arceus|Will-O-Wisp|p1a: Dragonite\n|-status|p1a: Dragonite|brn\n|\n|-damage|p1a: Dragonite|94\/100 brn|[from] brn\n|upkeep\n|turn|21\n|\n|t:|1699664366\n|move|p1a: Dragonite|Heal Bell|p1a: Dragonite\n|-activate|p1a: Dragonite|move: Heal Bell\n|-curestatus|p1a: Dragonite|brn|[msg]\n|move|p2a: Arceus|Seismic Toss|p1a: Dragonite\n|-damage|p1a: Dragonite|68\/100\n|\n|upkeep\n|turn|22\n|\n|t:|1699664377\n|move|p1a: Dragonite|Extreme Speed|p2a: Arceus\n|-damage|p2a: Arceus|60\/100\n|move|p2a: Arceus|Will-O-Wisp|p1a: Dragonite\n|-status|p1a: Dragonite|brn\n|\n|-damage|p1a: Dragonite|62\/100 brn|[from] brn\n|upkeep\n|turn|23\n|\n|t:|1699664387\n|switch|p2a: Chi-Yu|Chi-Yu|100\/100\n|-ability|p2a: Chi-Yu|Beads of Ruin\n|move|p1a: Dragonite|Heal Bell|p1a: Dragonite\n|-activate|p1a: Dragonite|move: Heal Bell\n|-curestatus|p1a: Dragonite|brn|[msg]\n|\n|upkeep\n|turn|24\n|\n|t:|1699664395\n|move|p2a: Chi-Yu|Dark Pulse|p1a: Dragonite\n|-damage|p1a: Dragonite|0 fnt\n|faint|p1a: Dragonite\n|\n|upkeep\n|\n|t:|1699664402\n|switch|p1a: Ditto|Ditto, shiny, tera:Steel|100\/100\n|-transform|p1a: Ditto|p2a: Chi-Yu|[from] ability: Imposter\n|-ability|p1a: Ditto|Beads of Ruin\n|turn|25\n|\n|t:|1699664425\n|move|p1a: Ditto|Dark Pulse|p2a: Chi-Yu\n|-resisted|p2a: Chi-Yu\n|-damage|p2a: Chi-Yu|72\/100\n|cant|p2a: Chi-Yu|flinch\n|\n|upkeep\n|turn|26\n|\n|t:|1699664431\n|move|p1a: Ditto|Dark Pulse|p2a: Chi-Yu\n|-resisted|p2a: Chi-Yu\n|-damage|p2a: Chi-Yu|46\/100\n|move|p2a: Chi-Yu|Dark Pulse|p1a: Ditto\n|-damage|p1a: Ditto|36\/100\n|\n|upkeep\n|turn|27\n|\n|t:|1699664437\n|move|p1a: Ditto|Dark Pulse|p2a: Chi-Yu\n|-resisted|p2a: Chi-Yu\n|-damage|p2a: Chi-Yu|19\/100\n|move|p2a: Chi-Yu|Dark Pulse|p1a: Ditto\n|-damage|p1a: Ditto|0 fnt\n|faint|p1a: Ditto\n|\n|upkeep\n|\n|t:|1699664445\n|switch|p1a: Basculegion|Basculegion, M|100\/100\n|turn|28\n|\n|t:|1699664452\n|move|p1a: Basculegion|Last Respects|p2a: Chi-Yu\n|-resisted|p2a: Chi-Yu\n|-damage|p2a: Chi-Yu|0 fnt\n|faint|p2a: Chi-Yu\n|\n|upkeep\n|\n|t:|1699664463\n|switch|p2a: Ursaluna|Ursaluna-Bloodmoon, M|100\/100\n|turn|29\n|\n|t:|1699664470\n|move|p1a: Basculegion|Last Respects|p2a: Ursaluna\n|-immune|p2a: Ursaluna\n|move|p2a: Ursaluna|Blood Moon|p1a: Basculegion\n|-damage|p1a: Basculegion|0 fnt\n|faint|p1a: Basculegion\n|\n|win|kitmash\n|raw|Noob9876123's rating: 1390 &rarr; <strong>1379<\/strong><br \/>(-11 for losing)\n|raw|kitmash's rating: 1558 &rarr; <strong>1569<\/strong><br \/>(+11 for winning)\n|c|\u2606Noob9876123|gg\n|c|\u2606kitmash|gg\n","uploadtime":1699664489,"views":14,"p1id":"noob9876123","p2id":"kitmash","formatid":"gen9nationaldexubers","rating":1379,"private":0,"password":""}