{"id":"gen9nationaldexubers-1993849140","p1":"GraysonWaddell","p2":"nateisneat","format":"[Gen 9] National Dex Ubers","log":"|j|\u2606GraysonWaddell\n|j|\u2606nateisneat\n|t:|1700364978\n|gametype|singles\n|player|p1|GraysonWaddell|marlon|\n|player|p2|nateisneat|janitor|\n|teamsize|p1|6\n|teamsize|p2|6\n|gen|9\n|tier|[Gen 9] National Dex Ubers\n|rule|HP Percentage Mod: HP is shown in percentages\n|rule|Endless Battle Clause: Forcing endless battles is banned\n|rule|OHKO Clause: OHKO moves are banned\n|rule|Evasion Moves Clause: Evasion moves are banned\n|rule|Evasion Items Clause: Evasion items are banned\n|rule|Species Clause: Limit one of each Pok\u00e9mon\n|rule|Sleep Clause Mod: Limit one foe put to sleep\n|rule|Mega Rayquaza Clause: You cannot mega evolve Rayquaza\n|clearpoke\n|poke|p1|Krookodile, M|\n|poke|p1|Whimsicott, F|\n|poke|p1|Garchomp, M|\n|poke|p1|Arceus|\n|poke|p1|Gothitelle, F|\n|poke|p1|Marowak, F|\n|poke|p2|Ninetales, F|\n|poke|p2|Venusaur, M|\n|poke|p2|Dragonite, F|\n|poke|p2|Skarmory, M|\n|poke|p2|Breloom, M|\n|poke|p2|Ditto|\n|teampreview\n|\n|t:|1700364994\n|start\n|switch|p1a: Krookodile|Krookodile, M|100\/100\n|switch|p2a: Dragonite|Dragonite, F|100\/100\n|turn|1\n|\n|t:|1700365006\n|move|p1a: Krookodile|Dragon Claw|p2a: Dragonite\n|-supereffective|p2a: Dragonite\n|-damage|p2a: Dragonite|71\/100\n|-enditem|p2a: Dragonite|Weakness Policy\n|-boost|p2a: Dragonite|atk|2|[from] item: Weakness Policy\n|-boost|p2a: Dragonite|spa|2|[from] item: Weakness Policy\n|move|p2a: Dragonite|Dragon Dance|p2a: Dragonite\n|-boost|p2a: Dragonite|atk|1\n|-boost|p2a: Dragonite|spe|1\n|\n|upkeep\n|turn|2\n|\n|t:|1700365022\n|move|p2a: Dragonite|Dragon Claw|p1a: Krookodile\n|-damage|p1a: Krookodile|0 fnt\n|faint|p1a: Krookodile\n|\n|upkeep\n|\n|t:|1700365028\n|switch|p1a: Whimsicott|Whimsicott, F|100\/100\n|turn|3\n|\n|t:|1700365034\n|move|p1a: Whimsicott|Tailwind|p1a: Whimsicott\n|-sidestart|p1: GraysonWaddell|move: Tailwind\n|move|p2a: Dragonite|Fire Punch|p1a: Whimsicott\n|-supereffective|p1a: Whimsicott\n|-enditem|p1a: Whimsicott|Focus Sash\n|-damage|p1a: Whimsicott|1\/100\n|\n|upkeep\n|turn|4\n|\n|t:|1700365044\n|move|p2a: Dragonite|Extreme Speed|p1a: Whimsicott\n|-damage|p1a: Whimsicott|0 fnt\n|faint|p1a: Whimsicott\n|\n|upkeep\n|\n|t:|1700365059\n|switch|p1a: Marowak|Marowak, F|100\/100\n|turn|5\n|\n|t:|1700365066\n|move|p2a: Dragonite|Dragon Claw|p1a: Marowak\n|-damage|p1a: Marowak|0 fnt\n|faint|p1a: Marowak\n|\n|upkeep\n|\n|t:|1700365078\n|switch|p1a: Garchomp|Garchomp, M|100\/100\n|turn|6\n|\n|t:|1700365083\n|move|p1a: Garchomp|Dragon Claw|p2a: Dragonite\n|-supereffective|p2a: Dragonite\n|-damage|p2a: Dragonite|0 fnt\n|faint|p2a: Dragonite\n|\n|-sideend|p1: GraysonWaddell|move: Tailwind\n|upkeep\n|\n|t:|1700365093\n|switch|p2a: Breloom|Breloom, M|100\/100\n|turn|7\n|\n|t:|1700365099\n|switch|p1a: Gothitelle|Gothitelle, F|100\/100\n|move|p2a: Breloom|Spore|p1a: Gothitelle\n|-status|p1a: Gothitelle|slp|[from] move: Spore\n|-enditem|p1a: Gothitelle|Lum Berry|[eat]\n|-curestatus|p1a: Gothitelle|slp|[msg]\n|\n|-status|p2a: Breloom|tox|[from] item: Toxic Orb\n|upkeep\n|turn|8\n|\n|t:|1700365123\n|move|p1a: Gothitelle|Protect|p1a: Gothitelle\n|-singleturn|p1a: Gothitelle|Protect\n|move|p2a: Breloom|Spore|p1a: Gothitelle\n|-activate|p1a: Gothitelle|move: Protect\n|\n|upkeep\n|turn|9\n|\n|t:|1700365139\n|move|p2a: Breloom|Spore|p1a: Gothitelle\n|-status|p1a: Gothitelle|slp|[from] move: Spore\n|cant|p1a: Gothitelle|slp\n|\n|upkeep\n|turn|10\n|\n|t:|1700365146\n|switch|p1a: Arceus|Arceus|100\/100\n|move|p2a: Breloom|Seed Bomb|p1a: Arceus\n|-damage|p1a: Arceus|80\/100\n|\n|upkeep\n|turn|11\n|\n|t:|1700365156\n|move|p2a: Breloom|Mach Punch|p1a: Arceus\n|-supereffective|p1a: Arceus\n|-damage|p1a: Arceus|56\/100\n|move|p1a: Arceus|Substitute|p1a: Arceus\n|-start|p1a: Arceus|Substitute\n|-damage|p1a: Arceus|31\/100\n|\n|upkeep\n|turn|12\n|\n|t:|1700365164\n|move|p2a: Breloom|Mach Punch|p1a: Arceus\n|-supereffective|p1a: Arceus\n|-activate|p1a: Arceus|move: Substitute|[damage]\n|move|p1a: Arceus|Swords Dance|p1a: Arceus\n|-boost|p1a: Arceus|atk|2\n|\n|upkeep\n|turn|13\n|\n|t:|1700365172\n|move|p1a: Arceus|Extreme Speed|p2a: Breloom\n|-damage|p2a: Breloom|7\/100 tox\n|move|p2a: Breloom|Mach Punch|p1a: Arceus\n|-supereffective|p1a: Arceus\n|-crit|p1a: Arceus\n|-end|p1a: Arceus|Substitute\n|\n|-heal|p2a: Breloom|19\/100 tox|[from] ability: Poison Heal\n|upkeep\n|turn|14\n|\n|t:|1700365180\n|move|p1a: Arceus|Extreme Speed|p2a: Breloom\n|-damage|p2a: Breloom|0 fnt\n|faint|p2a: Breloom\n|\n|upkeep\n|\n|t:|1700365185\n|switch|p2a: Ditto|Ditto, shiny|100\/100\n|-transform|p2a: Ditto|p1a: Arceus|[from] ability: Imposter\n|turn|15\n|\n|t:|1700365192\n|move|p2a: Ditto|Extreme Speed|p1a: Arceus\n|-damage|p1a: Arceus|0 fnt\n|faint|p1a: Arceus\n|\n|upkeep\n|\n|t:|1700365200\n|switch|p1a: Gothitelle|Gothitelle, F|100\/100 slp\n|turn|16\n|\n|t:|1700365207\n|move|p2a: Ditto|Extreme Speed|p1a: Gothitelle\n|-damage|p1a: Gothitelle|5\/100 slp\n|cant|p1a: Gothitelle|slp\n|\n|upkeep\n|turn|17\n|\n|t:|1700365212\n|move|p2a: Ditto|Extreme Speed|p1a: Gothitelle\n|-damage|p1a: Gothitelle|0 fnt\n|faint|p1a: Gothitelle\n|\n|upkeep\n|\n|t:|1700365216\n|switch|p1a: Garchomp|Garchomp, M|100\/100\n|turn|18\n|\n|t:|1700365221\n|move|p2a: Ditto|Extreme Speed|p1a: Garchomp\n|-damage|p1a: Garchomp|20\/100\n|-damage|p2a: Ditto|88\/100|[from] ability: Rough Skin|[of] p1a: Garchomp\n|-damage|p2a: Ditto|72\/100|[from] item: Rocky Helmet|[of] p1a: Garchomp\n|move|p1a: Garchomp|Earthquake|p2a: Ditto\n|-damage|p2a: Ditto|24\/100\n|\n|upkeep\n|turn|19\n|\n|t:|1700365230\n|move|p2a: Ditto|Extreme Speed|p1a: Garchomp\n|-damage|p1a: Garchomp|0 fnt\n|-damage|p2a: Ditto|11\/100|[from] ability: Rough Skin|[of] p1a: Garchomp\n|-damage|p2a: Ditto|0 fnt|[from] item: Rocky Helmet|[of] p1a: Garchomp\n|faint|p1a: Garchomp\n|faint|p2a: Ditto\n|\n|win|nateisneat\n|l|\u2606nateisneat\n","uploadtime":1700365724,"views":17,"p1id":"graysonwaddell","p2id":"nateisneat","formatid":"gen9nationaldexubers","rating":0,"private":0,"password":""}