{"id":"gen9nationaldexubers-1998476573","p1":"nullity0","p2":"XJohnson","format":"[Gen 9] National Dex Ubers","log":"|j|\u2606nullity0\n|j|\u2606XJohnson\n|t:|1700946656\n|gametype|singles\n|player|p1|nullity0|lusamine-nihilego|1334\n|player|p2|XJohnson|swimmer|1261\n|teamsize|p1|6\n|teamsize|p2|6\n|gen|9\n|tier|[Gen 9] National Dex Ubers\n|rated|\n|rule|HP Percentage Mod: HP is shown in percentages\n|rule|Endless Battle Clause: Forcing endless battles is banned\n|rule|OHKO Clause: OHKO moves are banned\n|rule|Evasion Moves Clause: Evasion moves are banned\n|rule|Evasion Items Clause: Evasion items are banned\n|rule|Species Clause: Limit one of each Pok\u00e9mon\n|rule|Sleep Clause Mod: Limit one foe put to sleep\n|rule|Mega Rayquaza Clause: You cannot mega evolve Rayquaza\n|clearpoke\n|poke|p1|Ceruledge, M|\n|poke|p1|Kommo-o, M|\n|poke|p1|Dragapult, M|\n|poke|p1|Necrozma-Dusk-Mane|\n|poke|p1|Basculegion, M|\n|poke|p1|Galvantula, M|\n|poke|p2|Shaymin-Sky|\n|poke|p2|Yveltal|\n|poke|p2|Lunala|\n|poke|p2|Tapu Bulu|\n|poke|p2|Annihilape, M|\n|poke|p2|Ninetales-Alola, F|\n|teampreview\n|inactive|Battle timer is ON: inactive players will automatically lose when time's up. (requested by nullity0)\n|\n|t:|1700946667\n|start\n|switch|p1a: Galvantula|Galvantula, M|100\/100\n|switch|p2a: Shaymin|Shaymin-Sky|100\/100\n|turn|1\n|\n|t:|1700946689\n|move|p2a: Shaymin|Air Slash|p1a: Galvantula\n|-crit|p1a: Galvantula\n|-damage|p1a: Galvantula|0 fnt\n|faint|p1a: Galvantula\n|\n|upkeep\n|\n|t:|1700946695\n|switch|p1a: colgate charcoal|Necrozma-Dusk-Mane|100\/100\n|turn|2\n|c|\u2606XJohnson|I literally have that exact toothpaste rn.\n|inactive|XJohnson has 120 seconds left.\n|c|\u2606nullity0|crunchy\n|\n|t:|1700946735\n|move|p2a: Shaymin|Secret Power|p1a: colgate charcoal\n|-resisted|p1a: colgate charcoal\n|-damage|p1a: colgate charcoal|95\/100\n|move|p1a: colgate charcoal|Autotomize|p1a: colgate charcoal\n|-boost|p1a: colgate charcoal|spe|2\n|-start|p1a: colgate charcoal|Autotomize\n|\n|upkeep\n|turn|3\n|inactive|XJohnson has 120 seconds left.\n|\n|t:|1700946754\n|switch|p2a: Annihilape|Annihilape, M|100\/100\n|-terastallize|p1a: colgate charcoal|Psychic\n|move|p1a: colgate charcoal|Photon Geyser|p2a: Annihilape\n|-supereffective|p2a: Annihilape\n|-damage|p2a: Annihilape|0 fnt\n|faint|p2a: Annihilape\n|\n|upkeep\n|c|\u2606nullity0|i love the power of the sun\n|\n|t:|1700946768\n|switch|p2a: Yveltal|Yveltal|100\/100\n|-ability|p2a: Yveltal|Dark Aura\n|turn|4\n|c|\u2606nullity0|i also love not seeing\n|\n|t:|1700946774\n|move|p1a: colgate charcoal|Sunsteel Strike|p2a: Yveltal\n|-damage|p2a: Yveltal|42\/100\n|move|p2a: Yveltal|Dark Pulse|p1a: colgate charcoal\n|-supereffective|p1a: colgate charcoal\n|-damage|p1a: colgate charcoal|0 fnt\n|faint|p1a: colgate charcoal\n|\n|upkeep\n|\n|t:|1700946785\n|switch|p1a: Raian|Dragapult, M|100\/100\n|turn|5\n|\n|t:|1700946789\n|switch|p2a: Ninetales|Ninetales-Alola, F|100\/100\n|-weather|Snow|[from] ability: Snow Warning|[of] p2a: Ninetales\n|move|p1a: Raian|Substitute|p1a: Raian\n|-start|p1a: Raian|Substitute\n|-damage|p1a: Raian|76\/100\n|\n|-weather|Snow|[upkeep]\n|-heal|p1a: Raian|82\/100|[from] item: Leftovers\n|upkeep\n|turn|6\n|\n|t:|1700946798\n|move|p1a: Raian|Dragon Dance|p1a: Raian\n|-boost|p1a: Raian|atk|1\n|-boost|p1a: Raian|spe|1\n|move|p2a: Ninetales|Encore|p1a: Raian\n|-start|p1a: Raian|Encore\n|\n|-weather|Snow|[upkeep]\n|-heal|p1a: Raian|88\/100|[from] item: Leftovers\n|upkeep\n|turn|7\n|\n|t:|1700946807\n|move|p1a: Raian|Dragon Dance|p1a: Raian\n|-boost|p1a: Raian|atk|1\n|-boost|p1a: Raian|spe|1\n|move|p2a: Ninetales|Aurora Veil|p2a: Ninetales\n|-sidestart|p2: XJohnson|move: Aurora Veil\n|\n|-weather|Snow|[upkeep]\n|-heal|p1a: Raian|94\/100|[from] item: Leftovers\n|upkeep\n|turn|8\n|\n|t:|1700946815\n|move|p1a: Raian|Dragon Dance|p1a: Raian\n|-boost|p1a: Raian|atk|1\n|-boost|p1a: Raian|spe|1\n|move|p2a: Ninetales|Moonblast|p1a: Raian\n|-supereffective|p1a: Raian\n|-end|p1a: Raian|Substitute\n|\n|-weather|Snow|[upkeep]\n|-heal|p1a: Raian|99\/100|[from] item: Leftovers\n|upkeep\n|turn|9\n|\n|t:|1700946826\n|switch|p1a: Bri'sh|Ceruledge, M|100\/100\n|move|p2a: Ninetales|Moonblast|p1a: Bri'sh\n|-resisted|p1a: Bri'sh\n|-damage|p1a: Bri'sh|84\/100\n|-unboost|p1a: Bri'sh|spa|1\n|\n|-weather|none\n|upkeep\n|turn|10\n|\n|t:|1700946852\n|switch|p2a: Tapu Bulu|Tapu Bulu|100\/100\n|-fieldstart|move: Grassy Terrain|[from] ability: Grassy Surge|[of] p2a: Tapu Bulu\n|move|p1a: Bri'sh|Flame Charge|p2a: Tapu Bulu\n|-supereffective|p2a: Tapu Bulu\n|-damage|p2a: Tapu Bulu|69\/100\n|-boost|p1a: Bri'sh|spe|1\n|-damage|p1a: Bri'sh|74\/100|[from] item: Life Orb\n|\n|-heal|p1a: Bri'sh|80\/100|[from] Grassy Terrain\n|-heal|p2a: Tapu Bulu|75\/100|[from] Grassy Terrain\n|upkeep\n|turn|11\n|\n|t:|1700946864\n|move|p1a: Bri'sh|Brick Break|p2a: Tapu Bulu\n|-sideend|p2: XJohnson|move: Aurora Veil\n|-resisted|p2a: Tapu Bulu\n|-damage|p2a: Tapu Bulu|61\/100\n|-damage|p1a: Bri'sh|70\/100|[from] item: Life Orb\n|move|p2a: Tapu Bulu|Leech Seed|p1a: Bri'sh\n|-start|p1a: Bri'sh|move: Leech Seed\n|\n|-heal|p1a: Bri'sh|76\/100|[from] Grassy Terrain\n|-heal|p2a: Tapu Bulu|67\/100|[from] Grassy Terrain\n|-damage|p1a: Bri'sh|64\/100|[from] Leech Seed|[of] p2a: Tapu Bulu\n|-heal|p2a: Tapu Bulu|77\/100|[silent]\n|upkeep\n|turn|12\n|\n|t:|1700946876\n|switch|p2a: Jeanne|Lunala, shiny|100\/100\n|move|p1a: Bri'sh|Bitter Blade|p2a: Jeanne\n|-damage|p2a: Jeanne|79\/100\n|-heal|p1a: Bri'sh|82\/100|[from] drain|[of] p2a: Jeanne\n|-damage|p1a: Bri'sh|72\/100|[from] item: Life Orb\n|\n|-heal|p1a: Bri'sh|79\/100|[from] Grassy Terrain\n|-heal|p2a: Jeanne|85\/100|[from] Grassy Terrain\n|-heal|p2a: Jeanne|91\/100|[from] item: Leftovers\n|-damage|p1a: Bri'sh|66\/100|[from] Leech Seed|[of] p2a: Jeanne\n|-heal|p2a: Jeanne|98\/100|[silent]\n|upkeep\n|turn|13\n|\n|t:|1700946889\n|move|p1a: Bri'sh|Shadow Sneak|p2a: Jeanne\n|-supereffective|p2a: Jeanne\n|-damage|p2a: Jeanne|7\/100\n|-damage|p1a: Bri'sh|56\/100|[from] item: Life Orb\n|move|p2a: Jeanne|Moongeist Beam|p1a: Bri'sh\n|-supereffective|p1a: Bri'sh\n|-damage|p1a: Bri'sh|0 fnt\n|faint|p1a: Bri'sh\n|\n|-heal|p2a: Jeanne|13\/100|[from] Grassy Terrain\n|-heal|p2a: Jeanne|19\/100|[from] item: Leftovers\n|upkeep\n|\n|t:|1700946904\n|switch|p1a: Raian|Dragapult, M|99\/100\n|turn|14\n|\n|t:|1700946920\n|move|p1a: Raian|Dragon Darts|p2a: Jeanne\n|-damage|p2a: Jeanne|0 fnt\n|faint|p2a: Jeanne\n|\n|-heal|p1a: Raian|100\/100|[from] Grassy Terrain\n|upkeep\n|\n|t:|1700946930\n|switch|p2a: Tapu Bulu|Tapu Bulu|77\/100\n|turn|15\n|\n|t:|1700946934\n|move|p1a: Raian|Substitute|p1a: Raian\n|-start|p1a: Raian|Substitute\n|-damage|p1a: Raian|76\/100\n|move|p2a: Tapu Bulu|Bulk Up|p2a: Tapu Bulu\n|-boost|p2a: Tapu Bulu|atk|1\n|-boost|p2a: Tapu Bulu|def|1\n|\n|-heal|p1a: Raian|82\/100|[from] Grassy Terrain\n|-heal|p1a: Raian|88\/100|[from] item: Leftovers\n|-heal|p2a: Tapu Bulu|84\/100|[from] Grassy Terrain\n|upkeep\n|turn|16\n|\n|t:|1700946946\n|move|p1a: Raian|Dragon Dance|p1a: Raian\n|-boost|p1a: Raian|atk|1\n|-boost|p1a: Raian|spe|1\n|move|p2a: Tapu Bulu|Horn Leech|p1a: Raian\n|-resisted|p1a: Raian\n|-end|p1a: Raian|Substitute\n|-heal|p2a: Tapu Bulu|95\/100|[from] drain|[of] p1a: Raian\n|\n|-heal|p1a: Raian|94\/100|[from] Grassy Terrain\n|-heal|p1a: Raian|99\/100|[from] item: Leftovers\n|-heal|p2a: Tapu Bulu|100\/100|[from] Grassy Terrain\n|upkeep\n|turn|17\n|\n|t:|1700946959\n|move|p1a: Raian|Substitute|p1a: Raian\n|-start|p1a: Raian|Substitute\n|-damage|p1a: Raian|75\/100\n|move|p2a: Tapu Bulu|Horn Leech|p1a: Raian\n|-resisted|p1a: Raian\n|-end|p1a: Raian|Substitute\n|\n|-heal|p1a: Raian|81\/100|[from] Grassy Terrain\n|-heal|p1a: Raian|87\/100|[from] item: Leftovers\n|-fieldend|move: Grassy Terrain\n|upkeep\n|turn|18\n|\n|t:|1700946970\n|move|p1a: Raian|Substitute|p1a: Raian\n|-start|p1a: Raian|Substitute\n|-damage|p1a: Raian|62\/100\n|move|p2a: Tapu Bulu|Bulk Up|p2a: Tapu Bulu\n|-boost|p2a: Tapu Bulu|atk|1\n|-boost|p2a: Tapu Bulu|def|1\n|\n|-heal|p1a: Raian|68\/100|[from] item: Leftovers\n|upkeep\n|turn|19\n|\n|t:|1700946978\n|move|p1a: Raian|Dragon Dance|p1a: Raian\n|-boost|p1a: Raian|atk|1\n|-boost|p1a: Raian|spe|1\n|move|p2a: Tapu Bulu|Horn Leech|p1a: Raian\n|-resisted|p1a: Raian\n|-end|p1a: Raian|Substitute\n|\n|-heal|p1a: Raian|74\/100|[from] item: Leftovers\n|upkeep\n|turn|20\n|\n|t:|1700946988\n|move|p1a: Raian|Phantom Force||[still]\n|-prepare|p1a: Raian|Phantom Force\n|move|p2a: Tapu Bulu|Horn Leech|p1a: Raian|[miss]\n|-miss|p2a: Tapu Bulu|p1a: Raian\n|\n|-heal|p1a: Raian|80\/100|[from] item: Leftovers\n|upkeep\n|turn|21\n|\n|t:|1700946994\n|move|p1a: Raian|Phantom Force|p2a: Tapu Bulu|[from]lockedmove\n|-damage|p2a: Tapu Bulu|59\/100\n|move|p2a: Tapu Bulu|Leech Seed|p1a: Raian\n|-start|p1a: Raian|move: Leech Seed\n|\n|-heal|p1a: Raian|86\/100|[from] item: Leftovers\n|-damage|p1a: Raian|73\/100|[from] Leech Seed|[of] p2a: Tapu Bulu\n|-heal|p2a: Tapu Bulu|70\/100|[silent]\n|upkeep\n|turn|22\n|\n|t:|1700947003\n|move|p1a: Raian|Phantom Force||[still]\n|-prepare|p1a: Raian|Phantom Force\n|move|p2a: Tapu Bulu|Bulk Up|p2a: Tapu Bulu\n|-boost|p2a: Tapu Bulu|atk|1\n|-boost|p2a: Tapu Bulu|def|1\n|\n|-heal|p1a: Raian|79\/100|[from] item: Leftovers\n|-damage|p1a: Raian|67\/100|[from] Leech Seed|[of] p2a: Tapu Bulu\n|-heal|p2a: Tapu Bulu|81\/100|[silent]\n|upkeep\n|turn|23\n|\n|t:|1700947012\n|move|p1a: Raian|Phantom Force|p2a: Tapu Bulu|[from]lockedmove\n|-damage|p2a: Tapu Bulu|45\/100\n|move|p2a: Tapu Bulu|Bulk Up|p2a: Tapu Bulu\n|-boost|p2a: Tapu Bulu|atk|1\n|-boost|p2a: Tapu Bulu|def|1\n|\n|-heal|p1a: Raian|73\/100|[from] item: Leftovers\n|-damage|p1a: Raian|61\/100|[from] Leech Seed|[of] p2a: Tapu Bulu\n|-heal|p2a: Tapu Bulu|56\/100|[silent]\n|upkeep\n|turn|24\n|\n|t:|1700947022\n|move|p1a: Raian|Dragon Dance|p1a: Raian\n|-boost|p1a: Raian|atk|1\n|-boost|p1a: Raian|spe|1\n|move|p2a: Tapu Bulu|Horn Leech|p1a: Raian\n|-resisted|p1a: Raian\n|-damage|p1a: Raian|0 fnt\n|-heal|p2a: Tapu Bulu|84\/100|[from] drain|[of] p1a: Raian\n|faint|p1a: Raian\n|\n|upkeep\n|\n|t:|1700947032\n|switch|p1a: auschfish|Basculegion, M|100\/100\n|-ability|p1a: auschfish|Mold Breaker\n|turn|25\n|\n|t:|1700947038\n|move|p1a: auschfish|Last Respects|p2a: Tapu Bulu\n|-damage|p2a: Tapu Bulu|47\/100\n|move|p2a: Tapu Bulu|Horn Leech|p1a: auschfish\n|-supereffective|p1a: auschfish\n|-damage|p1a: auschfish|0 fnt\n|-heal|p2a: Tapu Bulu|100\/100|[from] drain|[of] p1a: auschfish\n|faint|p1a: auschfish\n|\n|upkeep\n|-message|nullity0 forfeited.\n|\n|win|XJohnson\n|raw|nullity0's rating: 1334 &rarr; <strong>1310<\/strong><br \/>(-24 for losing)\n|raw|XJohnson's rating: 1261 &rarr; <strong>1291<\/strong><br \/>(+30 for winning)\n|l|\u2606nullity0\n","uploadtime":1700947312,"views":19,"p1id":"nullity0","p2id":"xjohnson","formatid":"gen9nationaldexubers","rating":1291,"private":0,"password":""}