{"id":"gen9nationaldexubers-1988132205","p1":"xicocavier","p2":"Rhyfinn 03","format":"[Gen 9] National Dex Ubers","log":"|j|\u2606xicocavier\n|j|\u2606Rhyfinn 03\n|t:|1699673584\n|gametype|singles\n|player|p1|xicocavier|170|1117\n|player|p2|Rhyfinn 03|alder|1000\n|teamsize|p1|6\n|teamsize|p2|6\n|gen|9\n|tier|[Gen 9] National Dex Ubers\n|rated|\n|rule|HP Percentage Mod: HP is shown in percentages\n|rule|Endless Battle Clause: Forcing endless battles is banned\n|rule|OHKO Clause: OHKO moves are banned\n|rule|Evasion Moves Clause: Evasion moves are banned\n|rule|Evasion Items Clause: Evasion items are banned\n|rule|Species Clause: Limit one of each Pok\u00e9mon\n|rule|Sleep Clause Mod: Limit one foe put to sleep\n|rule|Mega Rayquaza Clause: You cannot mega evolve Rayquaza\n|clearpoke\n|poke|p1|Breloom, F|\n|poke|p1|Zamazenta-*|\n|poke|p1|Blaziken, M|\n|poke|p1|Heracross, F|\n|poke|p1|Marshadow|\n|poke|p1|Machamp, F|\n|poke|p2|Groudon|\n|poke|p2|Xerneas-*|\n|poke|p2|Marshadow|\n|poke|p2|Necrozma-Dusk-Mane|\n|poke|p2|Deoxys-Speed|\n|poke|p2|Rayquaza|\n|teampreview\n|inactive|Battle timer is ON: inactive players will automatically lose when time's up. (requested by Rhyfinn 03)\n|\n|t:|1699673590\n|start\n|switch|p1a: Breloom|Breloom, F, shiny|100\/100\n|switch|p2a: Deoxys|Deoxys-Speed|100\/100\n|-ability|p2a: Deoxys|Pressure\n|turn|1\n|\n|t:|1699673594\n|move|p2a: Deoxys|Taunt|p1a: Breloom\n|-start|p1a: Breloom|move: Taunt\n|cant|p1a: Breloom|move: Taunt|Spore\n|\n|upkeep\n|turn|2\n|\n|t:|1699673599\n|move|p2a: Deoxys|Stealth Rock|p1a: Breloom\n|-sidestart|p1: xicocavier|move: Stealth Rock\n|move|p1a: Breloom|Bullet Seed|p2a: Deoxys\n|-damage|p2a: Deoxys|76\/100\n|-damage|p2a: Deoxys|52\/100\n|-damage|p2a: Deoxys|24\/100\n|-hitcount|p2a: Deoxys|3\n|\n|upkeep\n|turn|3\n|\n|t:|1699673605\n|move|p2a: Deoxys|Spikes|p1a: Breloom\n|-sidestart|p1: xicocavier|Spikes\n|move|p1a: Breloom|Bullet Seed|p2a: Deoxys\n|-damage|p2a: Deoxys|0 fnt\n|faint|p2a: Deoxys\n|-hitcount|p2: Deoxys|1\n|\n|-end|p1a: Breloom|move: Taunt\n|upkeep\n|\n|t:|1699673618\n|switch|p2a: Groudon|Groudon, shiny|100\/100\n|detailschange|p2a: Groudon|Groudon-Primal, shiny\n|-primal|p2a: Groudon|Red Orb\n|-weather|DesolateLand|[from] ability: Desolate Land|[of] p2a: Groudon\n|turn|4\n|\n|t:|1699673621\n|move|p2a: Groudon|Flamethrower|p1a: Breloom\n|-supereffective|p1a: Breloom\n|-enditem|p1a: Breloom|Focus Sash\n|-damage|p1a: Breloom|1\/100\n|move|p1a: Breloom|Spore|p2a: Groudon\n|-status|p2a: Groudon|slp|[from] move: Spore\n|\n|-weather|DesolateLand|[upkeep]\n|upkeep\n|turn|5\n|\n|t:|1699673627\n|-weather|none\n|switch|p2a: Necrozma|Necrozma-Dusk-Mane, shiny|100\/100\n|move|p1a: Breloom|Swords Dance|p1a: Breloom\n|-boost|p1a: Breloom|atk|2\n|\n|upkeep\n|turn|6\n|\n|t:|1699673640\n|detailschange|p2a: Necrozma|Necrozma-Ultra, shiny\n|-burst|p2a: Necrozma|Necrozma|Ultranecrozium Z\n|move|p1a: Breloom|Mach Punch|p2a: Necrozma\n|-resisted|p2a: Necrozma\n|-damage|p2a: Necrozma|62\/100\n|move|p2a: Necrozma|Dragon Dance|p2a: Necrozma\n|-boost|p2a: Necrozma|atk|1\n|-boost|p2a: Necrozma|spe|1\n|\n|upkeep\n|turn|7\n|\n|t:|1699673644\n|move|p1a: Breloom|Mach Punch|p2a: Necrozma\n|-resisted|p2a: Necrozma\n|-damage|p2a: Necrozma|26\/100\n|move|p2a: Necrozma|Photon Geyser|p1a: Breloom\n|-supereffective|p1a: Breloom\n|-damage|p1a: Breloom|0 fnt\n|faint|p1a: Breloom\n|\n|upkeep\n|\n|t:|1699673655\n|switch|p1a: Marshadow|Marshadow|100\/100\n|-damage|p1a: Marshadow|94\/100|[from] Stealth Rock\n|-damage|p1a: Marshadow|82\/100|[from] Spikes\n|turn|8\n|\n|t:|1699673661\n|switch|p2a: Rayquaza|Rayquaza|100\/100\n|-ability|p2a: Rayquaza|Air Lock\n|move|p1a: Marshadow|Spectral Thief|p2a: Rayquaza\n|-damage|p2a: Rayquaza|34\/100\n|-damage|p1a: Marshadow|72\/100|[from] item: Life Orb\n|\n|upkeep\n|turn|9\n|\n|t:|1699673666\n|move|p1a: Marshadow|Shadow Sneak|p2a: Rayquaza\n|-damage|p2a: Rayquaza|0 fnt\n|faint|p2a: Rayquaza\n|-damage|p1a: Marshadow|62\/100|[from] item: Life Orb\n|\n|upkeep\n|\n|t:|1699673671\n|switch|p2a: Marshadow|Marshadow|100\/100\n|turn|10\n|\n|t:|1699673685\n|-terastallize|p2a: Marshadow|Normal\n|move|p2a: Marshadow|Shadow Sneak|p1a: Marshadow\n|-supereffective|p1a: Marshadow\n|-damage|p1a: Marshadow|0 fnt\n|faint|p1a: Marshadow\n|\n|upkeep\n|\n|t:|1699673694\n|switch|p1a: Zamazenta|Zamazenta-Crowned|100\/100\n|-damage|p1a: Zamazenta|97\/100|[from] Stealth Rock\n|-damage|p1a: Zamazenta|85\/100|[from] Spikes\n|-ability|p1a: Zamazenta|Dauntless Shield|boost\n|-boost|p1a: Zamazenta|def|1\n|turn|11\n|\n|t:|1699673704\n|switch|p2a: Groudon|Groudon-Primal, shiny|100\/100 slp\n|-weather|DesolateLand|[from] ability: Desolate Land|[of] p2a: Groudon\n|move|p1a: Zamazenta|Close Combat|p2a: Groudon\n|-damage|p2a: Groudon|64\/100 slp\n|-unboost|p1a: Zamazenta|def|1\n|-unboost|p1a: Zamazenta|spd|1\n|\n|-weather|DesolateLand|[upkeep]\n|upkeep\n|turn|12\n|\n|t:|1699673708\n|move|p1a: Zamazenta|Howl|p1a: Zamazenta\n|-boost|p1a: Zamazenta|atk|1\n|cant|p2a: Groudon|slp\n|\n|-weather|DesolateLand|[upkeep]\n|upkeep\n|turn|13\n|\n|t:|1699673714\n|move|p1a: Zamazenta|Behemoth Bash|p2a: Groudon\n|-resisted|p2a: Groudon\n|-damage|p2a: Groudon|39\/100 slp\n|-curestatus|p2a: Groudon|slp|[msg]\n|move|p2a: Groudon|Rock Polish|p2a: Groudon\n|-boost|p2a: Groudon|spe|2\n|\n|-weather|DesolateLand|[upkeep]\n|upkeep\n|turn|14\n|\n|t:|1699673720\n|move|p2a: Groudon|Flamethrower|p1a: Zamazenta\n|-supereffective|p1a: Zamazenta\n|-damage|p1a: Zamazenta|0 fnt\n|faint|p1a: Zamazenta\n|\n|-weather|DesolateLand|[upkeep]\n|upkeep\n|\n|t:|1699673724\n|switch|p1a: Machamp|Machamp, F|100\/100\n|-damage|p1a: Machamp|94\/100|[from] Stealth Rock\n|-damage|p1a: Machamp|82\/100|[from] Spikes\n|turn|15\n|\n|t:|1699673727\n|move|p2a: Groudon|Flamethrower|p1a: Machamp\n|-damage|p1a: Machamp|0 fnt\n|faint|p1a: Machamp\n|\n|-weather|DesolateLand|[upkeep]\n|upkeep\n|\n|t:|1699673730\n|switch|p1a: Blaziken|Blaziken, M|100\/100\n|-damage|p1a: Blaziken|88\/100|[from] Stealth Rock\n|-damage|p1a: Blaziken|76\/100|[from] Spikes\n|turn|16\n|\n|t:|1699673740\n|detailschange|p1a: Blaziken|Blaziken-Mega, M\n|-mega|p1a: Blaziken|Blaziken|Blazikenite\n|move|p1a: Blaziken|Protect|p1a: Blaziken\n|-singleturn|p1a: Blaziken|Protect\n|move|p2a: Groudon|Earth Power|p1a: Blaziken\n|-activate|p1a: Blaziken|move: Protect\n|\n|-weather|DesolateLand|[upkeep]\n|-ability|p1a: Blaziken|Speed Boost|boost\n|-boost|p1a: Blaziken|spe|1\n|upkeep\n|turn|17\n|\n|t:|1699673748\n|move|p2a: Groudon|Earth Power|p1a: Blaziken\n|-supereffective|p1a: Blaziken\n|-damage|p1a: Blaziken|0 fnt\n|faint|p1a: Blaziken\n|\n|-weather|DesolateLand|[upkeep]\n|upkeep\n|\n|t:|1699673750\n|switch|p1a: Heracross|Heracross, F|100\/100\n|-damage|p1a: Heracross|88\/100|[from] Stealth Rock\n|-damage|p1a: Heracross|76\/100|[from] Spikes\n|turn|18\n|\n|t:|1699673755\n|move|p2a: Groudon|Flamethrower|p1a: Heracross\n|-supereffective|p1a: Heracross\n|-damage|p1a: Heracross|0 fnt\n|faint|p1a: Heracross\n|\n|win|Rhyfinn 03\n|raw|xicocavier's rating: 1117 &rarr; <strong>1084<\/strong><br \/>(-33 for losing)\n|raw|Rhyfinn 03's rating: 1000 &rarr; <strong>1053<\/strong><br \/>(+53 for winning)\n|l|\u2606xicocavier\n","uploadtime":1699673759,"views":5,"p1id":"xicocavier","p2id":"rhyfinn03","formatid":"gen9nationaldexubers","rating":1053,"private":0,"password":""}