{"id":"gen9nationaldexubers-1981948378","p1":"Olocozoco","p2":"Gtg g u2","format":"[Gen 9] National Dex Ubers","log":"|j|\u2606Olocozoco\n|j|\u2606Gtg g u2\n|t:|1698954094\n|gametype|singles\n|player|p1|Olocozoco|chili|1035\n|player|p2|Gtg g u2|red-masters|1092\n|teamsize|p1|6\n|teamsize|p2|6\n|gen|9\n|tier|[Gen 9] National Dex Ubers\n|rated|\n|rule|HP Percentage Mod: HP is shown in percentages\n|rule|Endless Battle Clause: Forcing endless battles is banned\n|rule|OHKO Clause: OHKO moves are banned\n|rule|Evasion Moves Clause: Evasion moves are banned\n|rule|Evasion Items Clause: Evasion items are banned\n|rule|Species Clause: Limit one of each Pok\u00e9mon\n|rule|Sleep Clause Mod: Limit one foe put to sleep\n|rule|Mega Rayquaza Clause: You cannot mega evolve Rayquaza\n|clearpoke\n|poke|p1|Gallade, M|\n|poke|p1|Komala, M|\n|poke|p1|Groudon|\n|poke|p1|Mimikyu, F|\n|poke|p1|Deoxys-Attack|\n|poke|p1|Nihilego|\n|poke|p2|Pikachu, M|\n|poke|p2|Rillaboom, M|\n|poke|p2|Cramorant, M|\n|poke|p2|Grapploct, M|\n|poke|p2|Centiskorch, M|\n|poke|p2|Runerigus, F|\n|teampreview\n|\n|t:|1698954103\n|start\n|switch|p1a: Coala a mimir|Komala, M|100\/100\n|switch|p2a: Centiskorch|Centiskorch, M|100\/100\n|-ability|p1a: Coala a mimir|Comatose\n|turn|1\n|inactive|Battle timer is ON: inactive players will automatically lose when time's up. (requested by Gtg g u2)\n|\n|t:|1698954113\n|move|p1a: Coala a mimir|Sleep Talk|p1a: Coala a mimir\n|move|p1a: Coala a mimir|Last Resort|p2a: Centiskorch|[from]move: Sleep Talk\n|-damage|p2a: Centiskorch|0 fnt\n|faint|p2a: Centiskorch\n|\n|upkeep\n|\n|t:|1698954115\n|switch|p2a: Runerigus|Runerigus, F, shiny|100\/100\n|turn|2\n|\n|t:|1698954136\n|switch|p1a: Groudon|Groudon|100\/100\n|detailschange|p1a: Groudon|Groudon-Primal\n|-primal|p1a: Groudon|Red Orb\n|-weather|DesolateLand|[from] ability: Desolate Land|[of] p1a: Groudon\n|move|p2a: Runerigus|Earthquake|p1a: Groudon\n|-supereffective|p1a: Groudon\n|-damage|p1a: Groudon|51\/100\n|\n|-weather|DesolateLand|[upkeep]\n|upkeep\n|turn|3\n|\n|t:|1698954151\n|switch|p2a: Cramorant|Cramorant, M|100\/100\n|move|p1a: Groudon|Precipice Blades|p2a: Cramorant\n|-immune|p2a: Cramorant\n|\n|-weather|DesolateLand|[upkeep]\n|upkeep\n|turn|4\n|\n|t:|1698954158\n|move|p2a: Cramorant|Hurricane|p1a: Groudon|[miss]\n|-miss|p2a: Cramorant|p1a: Groudon\n|move|p1a: Groudon|Heavy Slam|p2a: Cramorant\n|-resisted|p2a: Cramorant\n|-damage|p2a: Cramorant|38\/100\n|\n|-weather|DesolateLand|[upkeep]\n|upkeep\n|turn|5\n|inactive|Olocozoco has 120 seconds left.\n|\n|t:|1698954187\n|move|p2a: Cramorant|Hurricane|p1a: Groudon|[miss]\n|-miss|p2a: Cramorant|p1a: Groudon\n|move|p1a: Groudon|Heavy Slam|p2a: Cramorant\n|-resisted|p2a: Cramorant\n|-damage|p2a: Cramorant|0 fnt\n|faint|p2a: Cramorant\n|\n|-weather|DesolateLand|[upkeep]\n|upkeep\n|\n|t:|1698954191\n|switch|p2a: Rillaboom|Rillaboom, M|100\/100\n|-fieldstart|move: Grassy Terrain|[from] ability: Grassy Surge|[of] p2a: Rillaboom\n|turn|6\n|\n|t:|1698954201\n|-terastallize|p2a: Rillaboom|Grass\n|move|p2a: Rillaboom|Grassy Glide|p1a: Groudon\n|-damage|p1a: Groudon|11\/100\n|-damage|p2a: Rillaboom|91\/100|[from] item: Life Orb\n|move|p1a: Groudon|Eruption|p2a: Rillaboom\n|-supereffective|p2a: Rillaboom\n|-damage|p2a: Rillaboom|60\/100\n|\n|-weather|DesolateLand|[upkeep]\n|-heal|p2a: Rillaboom|66\/100|[from] Grassy Terrain\n|-heal|p1a: Groudon|17\/100|[from] Grassy Terrain\n|upkeep\n|turn|7\n|\n|t:|1698954216\n|move|p2a: Rillaboom|Grassy Glide|p1a: Groudon\n|-damage|p1a: Groudon|0 fnt\n|faint|p1a: Groudon\n|-weather|none\n|-damage|p2a: Rillaboom|56\/100|[from] item: Life Orb\n|\n|-heal|p2a: Rillaboom|62\/100|[from] Grassy Terrain\n|upkeep\n|inactive|Olocozoco has 120 seconds left.\n|\n|t:|1698954238\n|switch|p1a: Pikachu da shopee|Mimikyu, F|100\/100\n|turn|8\n|\n|t:|1698954241\n|move|p2a: Rillaboom|Knock Off|p1a: Pikachu da shopee\n|-activate|p1a: Pikachu da shopee|ability: Disguise\n|-damage|p1a: Pikachu da shopee|100\/100\n|detailschange|p1a: Pikachu da shopee|Mimikyu-Busted, F\n|-damage|p1a: Pikachu da shopee|88\/100|[from] pokemon: Mimikyu-Busted\n|-damage|p2a: Rillaboom|52\/100|[from] item: Life Orb\n|move|p1a: Pikachu da shopee|Swords Dance|p1a: Pikachu da shopee\n|-boost|p1a: Pikachu da shopee|atk|2\n|\n|-heal|p2a: Rillaboom|59\/100|[from] Grassy Terrain\n|-heal|p1a: Pikachu da shopee|94\/100|[from] Grassy Terrain\n|upkeep\n|turn|9\n|inactive|Olocozoco has 120 seconds left.\n|\n|t:|1698954264\n|move|p2a: Rillaboom|Grassy Glide|p1a: Pikachu da shopee\n|-damage|p1a: Pikachu da shopee|0 fnt\n|faint|p1a: Pikachu da shopee\n|-damage|p2a: Rillaboom|49\/100|[from] item: Life Orb\n|\n|-heal|p2a: Rillaboom|55\/100|[from] Grassy Terrain\n|upkeep\n|\n|t:|1698954281\n|switch|p1a: Alien bravo|Deoxys-Attack|100\/100\n|-ability|p1a: Alien bravo|Pressure\n|turn|10\n|\n|t:|1698954289\n|move|p2a: Rillaboom|Grassy Glide|p1a: Alien bravo\n|-damage|p1a: Alien bravo|0 fnt\n|faint|p1a: Alien bravo\n|-damage|p2a: Rillaboom|45\/100|[from] item: Life Orb\n|\n|-heal|p2a: Rillaboom|51\/100|[from] Grassy Terrain\n|-fieldend|move: Grassy Terrain\n|upkeep\n|\n|t:|1698954299\n|switch|p1a: Coala a mimir|Komala, M|100\/100\n|-ability|p1a: Coala a mimir|Comatose\n|turn|11\n|\n|t:|1698954305\n|switch|p2a: Runerigus|Runerigus, F, shiny|100\/100\n|switch|p1a: Agua viva Lunar|Nihilego, shiny|100\/100\n|\n|upkeep\n|turn|12\n|\n|t:|1698954315\n|move|p1a: Agua viva Lunar|Gunk Shot|p2a: Runerigus|[miss]\n|-miss|p1a: Agua viva Lunar|p2a: Runerigus\n|move|p2a: Runerigus|Earthquake|p1a: Agua viva Lunar\n|-supereffective|p1a: Agua viva Lunar\n|-damage|p1a: Agua viva Lunar|0 fnt\n|faint|p1a: Agua viva Lunar\n|\n|upkeep\n|\n|t:|1698954323\n|switch|p1a: Cavaleiro|Gallade, M|100\/100\n|turn|13\n|\n|t:|1698954327\n|detailschange|p1a: Cavaleiro|Gallade-Mega, M\n|-mega|p1a: Cavaleiro|Gallade|Galladite\n|move|p1a: Cavaleiro|Knock Off|p2a: Runerigus\n|-supereffective|p2a: Runerigus\n|-damage|p2a: Runerigus|32\/100\n|-activate|p2a: Runerigus|ability: Wandering Spirit|Inner Focus|Wandering Spirit|[of] p1a: Cavaleiro\n|-enditem|p2a: Runerigus|Leftovers|[from] move: Knock Off|[of] p1a: Cavaleiro\n|move|p2a: Runerigus|Will-O-Wisp|p1a: Cavaleiro\n|-status|p1a: Cavaleiro|brn\n|\n|-damage|p1a: Cavaleiro|94\/100 brn|[from] brn\n|upkeep\n|turn|14\n|inactive|Olocozoco has 120 seconds left.\n|\n|t:|1698954342\n|switch|p2a: Pikachu|Pikachu, M|100\/100\n|move|p1a: Cavaleiro|Knock Off|p2a: Pikachu\n|-damage|p2a: Pikachu|31\/100\n|-enditem|p2a: Pikachu|Light Ball|[from] move: Knock Off|[of] p1a: Cavaleiro\n|\n|-damage|p1a: Cavaleiro|88\/100 brn|[from] brn\n|upkeep\n|turn|15\n|inactive|Olocozoco has 120 seconds left.\n|\n|t:|1698954353\n|move|p1a: Cavaleiro|Knock Off|p2a: Pikachu\n|-damage|p2a: Pikachu|0 fnt\n|faint|p2a: Pikachu\n|\n|-damage|p1a: Cavaleiro|82\/100 brn|[from] brn\n|upkeep\n|\n|t:|1698954354\n|switch|p2a: Grapploct|Grapploct, M|100\/100\n|turn|16\n|\n|t:|1698954362\n|switch|p2a: Rillaboom|Rillaboom, M, tera:Grass|51\/100\n|-fieldstart|move: Grassy Terrain|[from] ability: Grassy Surge|[of] p2a: Rillaboom\n|move|p1a: Cavaleiro|Close Combat|p2a: Rillaboom\n|-damage|p2a: Rillaboom|7\/100\n|-unboost|p1a: Cavaleiro|def|1\n|-unboost|p1a: Cavaleiro|spd|1\n|\n|-heal|p1a: Cavaleiro|88\/100 brn|[from] Grassy Terrain\n|-heal|p2a: Rillaboom|13\/100|[from] Grassy Terrain\n|-damage|p1a: Cavaleiro|82\/100 brn|[from] brn\n|upkeep\n|turn|17\n|\n|t:|1698954378\n|move|p2a: Rillaboom|Grassy Glide|p1a: Cavaleiro\n|-damage|p1a: Cavaleiro|0 fnt\n|-activate|p1a: Cavaleiro|ability: Wandering Spirit|Grassy Surge|Wandering Spirit|[of] p2a: Rillaboom\n|faint|p1a: Cavaleiro\n|-damage|p2a: Rillaboom|3\/100|[from] item: Life Orb\n|\n|-heal|p2a: Rillaboom|10\/100|[from] Grassy Terrain\n|upkeep\n|inactive|Olocozoco has 120 seconds left.\n|\n|t:|1698954390\n|switch|p1a: Coala a mimir|Komala, M|100\/100\n|-ability|p1a: Coala a mimir|Comatose\n|turn|18\n|-message|Olocozoco forfeited.\n|\n|win|Gtg g u2\n|raw|Olocozoco's rating: 1035 &rarr; <strong>1022<\/strong><br \/>(-13 for losing)\n|raw|Gtg g u2's rating: 1092 &rarr; <strong>1114<\/strong><br \/>(+22 for winning)\n|l|\u2606Olocozoco\n","uploadtime":1698954397,"views":4,"p1id":"olocozoco","p2id":"gtggu2","formatid":"gen9nationaldexubers","rating":1022,"private":0,"password":""}