{"id":"gen9nationaldexubers-1985715221","p1":"Pkmaster448","p2":"skintty","format":"[Gen 9] National Dex Ubers","log":"|j|\u2606Pkmaster448\n|j|\u2606skintty\n|t:|1699398597\n|gametype|singles\n|player|p1|Pkmaster448|lance|1462\n|player|p2|skintty|caitlin|1428\n|teamsize|p1|6\n|teamsize|p2|6\n|gen|9\n|tier|[Gen 9] National Dex Ubers\n|rated|\n|rule|HP Percentage Mod: HP is shown in percentages\n|rule|Endless Battle Clause: Forcing endless battles is banned\n|rule|OHKO Clause: OHKO moves are banned\n|rule|Evasion Moves Clause: Evasion moves are banned\n|rule|Evasion Items Clause: Evasion items are banned\n|rule|Species Clause: Limit one of each Pok\u00e9mon\n|rule|Sleep Clause Mod: Limit one foe put to sleep\n|rule|Mega Rayquaza Clause: You cannot mega evolve Rayquaza\n|clearpoke\n|poke|p1|Meowscarada, M|\n|poke|p1|Darmanitan-Galar, F|\n|poke|p1|Palkia-Origin|\n|poke|p1|Diancie|\n|poke|p1|Corsola-Galar, F|\n|poke|p1|Chansey, F|\n|poke|p2|Kyogre|\n|poke|p2|Marshadow|\n|poke|p2|Zacian-*|\n|poke|p2|Arceus-Ground|\n|poke|p2|Necrozma-Dusk-Mane|\n|poke|p2|Eternatus|\n|teampreview\n|inactive|Battle timer is ON: inactive players will automatically lose when time's up. (requested by skintty)\n|\n|t:|1699398602\n|start\n|switch|p1a: Darmanitan|Darmanitan-Galar, F|100\/100\n|switch|p2a: Necrozma|Necrozma-Dusk-Mane|100\/100\n|turn|1\n|\n|t:|1699398615\n|move|p1a: Darmanitan|U-turn|p2a: Necrozma\n|-damage|p2a: Necrozma|77\/100\n|\n|t:|1699398631\n|switch|p1a: Corsola|Corsola-Galar, F|100\/100|[from] U-turn\n|move|p2a: Necrozma|Toxic|p1a: Corsola\n|-status|p1a: Corsola|tox\n|\n|-heal|p2a: Necrozma|83\/100|[from] item: Leftovers\n|-damage|p1a: Corsola|94\/100 tox|[from] psn\n|upkeep\n|turn|2\n|\n|t:|1699398647\n|move|p2a: Necrozma|Knock Off|p1a: Corsola\n|-supereffective|p1a: Corsola\n|-damage|p1a: Corsola|63\/100 tox\n|-enditem|p1a: Corsola|Eviolite|[from] move: Knock Off|[of] p2a: Necrozma\n|move|p1a: Corsola|Stealth Rock|p2a: Necrozma\n|-sidestart|p2: skintty|move: Stealth Rock\n|\n|-heal|p2a: Necrozma|89\/100|[from] item: Leftovers\n|-damage|p1a: Corsola|51\/100 tox|[from] psn\n|upkeep\n|turn|3\n|inactive|Pkmaster448 has 120 seconds left.\n|inactive|Pkmaster448 has 90 seconds left.\n|\n|t:|1699398711\n|move|p2a: Necrozma|Knock Off|p1a: Corsola\n|-supereffective|p1a: Corsola\n|-damage|p1a: Corsola|18\/100 tox\n|move|p1a: Corsola|Will-O-Wisp|p2a: Necrozma\n|-status|p2a: Necrozma|brn\n|\n|-heal|p2a: Necrozma|95\/100 brn|[from] item: Leftovers\n|-damage|p1a: Corsola|0 fnt|[from] psn\n|faint|p1a: Corsola\n|-damage|p2a: Necrozma|89\/100 brn|[from] brn\n|upkeep\n|inactive|Pkmaster448 has 90 seconds left.\n|\n|t:|1699398734\n|switch|p1a: Meowscarada|Meowscarada, M|100\/100\n|turn|4\n|\n|t:|1699398743\n|move|p1a: Meowscarada|Knock Off|p2a: Necrozma\n|-start|p1a: Meowscarada|typechange|Dark|[from] ability: Protean\n|-supereffective|p2a: Necrozma\n|-damage|p2a: Necrozma|23\/100 brn\n|-enditem|p2a: Necrozma|Leftovers|[from] move: Knock Off|[of] p1a: Meowscarada\n|move|p2a: Necrozma|Knock Off|p1a: Meowscarada\n|-resisted|p1a: Meowscarada\n|-damage|p1a: Meowscarada|89\/100\n|-enditem|p1a: Meowscarada|Choice Band|[from] move: Knock Off|[of] p2a: Necrozma\n|\n|-damage|p2a: Necrozma|17\/100 brn|[from] brn\n|upkeep\n|turn|5\n|inactive|Pkmaster448 has 90 seconds left.\n|inactive|skintty has 120 seconds left.\n|inactive|Pkmaster448 has 60 seconds left.\n|inactive|Pkmaster448 has 30 seconds left.\n|inactive|Pkmaster448 has 20 seconds left.\n|\n|t:|1699398819\n|switch|p2a: Arceus|Arceus-Ground|100\/100\n|-damage|p2a: Arceus|94\/100|[from] Stealth Rock\n|move|p1a: Meowscarada|Knock Off|p2a: Arceus\n|-damage|p2a: Arceus|69\/100\n|\n|upkeep\n|turn|6\n|inactive|Pkmaster448 has 30 seconds left this turn.\n|inactive|skintty has 120 seconds left.\n|\n|t:|1699398837\n|move|p1a: Meowscarada|Flower Trick|p2a: Arceus\n|-supereffective|p2a: Arceus\n|-crit|p2a: Arceus\n|-damage|p2a: Arceus|17\/100\n|move|p2a: Arceus|Calm Mind|p2a: Arceus\n|-boost|p2a: Arceus|spa|1\n|-boost|p2a: Arceus|spd|1\n|\n|upkeep\n|turn|7\n|inactive|Pkmaster448 has 30 seconds left.\n|inactive|skintty has 120 seconds left.\n|\n|t:|1699398854\n|switch|p2a: Eternatus|Eternatus|100\/100\n|-damage|p2a: Eternatus|88\/100|[from] Stealth Rock\n|-ability|p2a: Eternatus|Pressure\n|move|p1a: Meowscarada|Flower Trick|p2a: Eternatus\n|-resisted|p2a: Eternatus\n|-crit|p2a: Eternatus\n|-damage|p2a: Eternatus|81\/100\n|\n|upkeep\n|turn|8\n|inactive|Pkmaster448 has 30 seconds left.\n|\n|t:|1699398864\n|switch|p1a: Chansey|Chansey, F|100\/100\n|move|p2a: Eternatus|Cosmic Power|p2a: Eternatus\n|-boost|p2a: Eternatus|def|1\n|-boost|p2a: Eternatus|spd|1\n|\n|upkeep\n|turn|9\n|\n|t:|1699398871\n|move|p2a: Eternatus|Cosmic Power|p2a: Eternatus\n|-boost|p2a: Eternatus|def|1\n|-boost|p2a: Eternatus|spd|1\n|move|p1a: Chansey|Seismic Toss|p2a: Eternatus\n|-damage|p2a: Eternatus|58\/100\n|\n|upkeep\n|turn|10\n|\n|t:|1699398880\n|move|p2a: Eternatus|Flamethrower|p1a: Chansey\n|-damage|p1a: Chansey|94\/100\n|move|p1a: Chansey|Seismic Toss|p2a: Eternatus\n|-damage|p2a: Eternatus|35\/100\n|\n|upkeep\n|turn|11\n|\n|t:|1699398886\n|move|p2a: Eternatus|Recover|p2a: Eternatus\n|-heal|p2a: Eternatus|85\/100\n|move|p1a: Chansey|Seismic Toss|p2a: Eternatus\n|-damage|p2a: Eternatus|62\/100\n|\n|upkeep\n|turn|12\n|c|\u2606skintty|ur a fxg\n|-message|skintty forfeited.\n|\n|win|Pkmaster448\n|raw|Pkmaster448's rating: 1462 &rarr; <strong>1480<\/strong><br \/>(+18 for winning)\n|raw|skintty's rating: 1428 &rarr; <strong>1410<\/strong><br \/>(-18 for losing)\n|l|\u2606skintty\n","uploadtime":1699398914,"views":8,"p1id":"pkmaster448","p2id":"skintty","formatid":"gen9nationaldexubers","rating":1410,"private":0,"password":""}