{"id":"gen9nationaldexubers-1995829705","p1":"KingoftheTitans","p2":"MrBest2023","format":"[Gen 9] National Dex Ubers","log":"|j|\u2606KingoftheTitans\n|j|\u2606MrBest2023\n|t:|1700607321\n|gametype|singles\n|player|p1|KingoftheTitans|2|\n|player|p2|MrBest2023|unknown|\n|teamsize|p1|6\n|teamsize|p2|6\n|gen|9\n|tier|[Gen 9] National Dex Ubers\n|rule|HP Percentage Mod: HP is shown in percentages\n|rule|Endless Battle Clause: Forcing endless battles is banned\n|rule|OHKO Clause: OHKO moves are banned\n|rule|Evasion Moves Clause: Evasion moves are banned\n|rule|Evasion Items Clause: Evasion items are banned\n|rule|Species Clause: Limit one of each Pok\u00e9mon\n|rule|Sleep Clause Mod: Limit one foe put to sleep\n|rule|Mega Rayquaza Clause: You cannot mega evolve Rayquaza\n|clearpoke\n|poke|p1|Porygon-Z|\n|poke|p1|Absol, F|\n|poke|p1|Iron Valiant|\n|poke|p1|Heatran, M|\n|poke|p1|Genesect|\n|poke|p1|Rotom-Wash|\n|poke|p2|Blastoise, F|\n|poke|p2|Polteageist-Antique|\n|poke|p2|Cloyster, M|\n|poke|p2|Torterra, M|\n|poke|p2|Breloom, M|\n|poke|p2|Minior|\n|teampreview\n|\n|t:|1700607329\n|start\n|switch|p1a: Genesect|Genesect, shiny|100\/100\n|switch|p2a: Muscle man|Breloom, M|100\/100\n|-ability|p1a: Genesect|Download|boost\n|-boost|p1a: Genesect|spa|1\n|turn|1\n|\n|t:|1700607335\n|move|p1a: Genesect|Ice Beam|p2a: Muscle man\n|-supereffective|p2a: Muscle man\n|-enditem|p2a: Muscle man|Focus Sash\n|-damage|p2a: Muscle man|1\/100\n|move|p2a: Muscle man|Spore|p1a: Genesect\n|-status|p1a: Genesect|slp|[from] move: Spore\n|\n|upkeep\n|turn|2\n|\n|t:|1700607355\n|switch|p2a: Polteageist|Polteageist-Antique|100\/100\n|cant|p1a: Genesect|slp\n|\n|upkeep\n|turn|3\n|inactive|Battle timer is ON: inactive players will automatically lose when time's up. (requested by MrBest2023)\n|\n|t:|1700607393\n|switch|p1a: Absol|Absol, F|100\/100\n|move|p2a: Polteageist|Shell Smash|p2a: Polteageist\n|-unboost|p2a: Polteageist|def|1\n|-unboost|p2a: Polteageist|spd|1\n|-boost|p2a: Polteageist|atk|2\n|-boost|p2a: Polteageist|spa|2\n|-boost|p2a: Polteageist|spe|2\n|-enditem|p2a: Polteageist|White Herb\n|-clearnegativeboost|p2a: Polteageist|[silent]\n|\n|upkeep\n|turn|4\n|\n|t:|1700607405\n|detailschange|p1a: Absol|Absol-Mega, F\n|-mega|p1a: Absol|Absol|Absolite\n|move|p1a: Absol|Sucker Punch|p2a: Polteageist\n|-supereffective|p2a: Polteageist\n|-damage|p2a: Polteageist|0 fnt\n|faint|p2a: Polteageist\n|\n|upkeep\n|\n|t:|1700607413\n|switch|p2a: Muscle man|Breloom, M|1\/100\n|turn|5\n|\n|t:|1700607426\n|move|p1a: Absol|Sucker Punch|p2a: Muscle man\n|-resisted|p2a: Muscle man\n|-damage|p2a: Muscle man|0 fnt\n|faint|p2a: Muscle man\n|\n|upkeep\n|c|\u2606MrBest2023|darn no effect sport\n|c|\u2606MrBest2023|spore\n|\n|t:|1700607437\n|switch|p2a: Torterra|Torterra, M|100\/100\n|turn|6\n|inactive|KingoftheTitans has 270 seconds left.\n|\n|t:|1700607492\n|switch|p1a: Genesect|Genesect, shiny|100\/100 slp\n|-ability|p1a: Genesect|Download|boost\n|-boost|p1a: Genesect|spa|1\n|move|p2a: Torterra|Shell Smash|p2a: Torterra\n|-unboost|p2a: Torterra|def|1\n|-unboost|p2a: Torterra|spd|1\n|-boost|p2a: Torterra|atk|2\n|-boost|p2a: Torterra|spa|2\n|-boost|p2a: Torterra|spe|2\n|\n|upkeep\n|turn|7\n|\n|t:|1700607503\n|cant|p1a: Genesect|slp\n|move|p2a: Torterra|Earthquake|p1a: Genesect\n|-damage|p1a: Genesect|0 fnt\n|faint|p1a: Genesect\n|\n|upkeep\n|\n|t:|1700607510\n|switch|p1a: Heatran|Heatran, M|100\/100\n|-item|p1a: Heatran|Air Balloon\n|turn|8\n|\n|t:|1700607517\n|move|p2a: Torterra|Stone Edge|p1a: Heatran\n|-damage|p1a: Heatran|35\/100\n|-enditem|p1a: Heatran|Air Balloon\n|move|p1a: Heatran|Magma Storm|p2a: Torterra\n|-supereffective|p2a: Torterra\n|-enditem|p2a: Torterra|Focus Sash\n|-damage|p2a: Torterra|1\/100\n|-activate|p2a: Torterra|move: Magma Storm|[of] p1a: Heatran\n|\n|-damage|p2a: Torterra|0 fnt|[from] move: Magma Storm|[partiallytrapped]\n|faint|p2a: Torterra\n|upkeep\n|\n|t:|1700607528\n|switch|p2a: Blastoise|Blastoise, F|100\/100\n|turn|9\n|\n|t:|1700607535\n|detailschange|p2a: Blastoise|Blastoise-Mega, F\n|-mega|p2a: Blastoise|Blastoise|Blastoisinite\n|move|p2a: Blastoise|Water Pulse|p1a: Heatran\n|-supereffective|p1a: Heatran\n|-damage|p1a: Heatran|0 fnt\n|faint|p1a: Heatran\n|\n|upkeep\n|\n|t:|1700607544\n|switch|p1a: Iron Valiant|Iron Valiant|100\/100\n|-enditem|p1a: Iron Valiant|Booster Energy\n|-activate|p1a: Iron Valiant|ability: Quark Drive|[fromitem]\n|-start|p1a: Iron Valiant|quarkdrivespe\n|turn|10\n|\n|t:|1700607550\n|move|p1a: Iron Valiant|Thunderbolt|p2a: Blastoise\n|-supereffective|p2a: Blastoise\n|-damage|p2a: Blastoise|42\/100\n|move|p2a: Blastoise|Water Pulse|p1a: Iron Valiant\n|-damage|p1a: Iron Valiant|9\/100\n|\n|upkeep\n|turn|11\n|inactive|KingoftheTitans has 270 seconds left.\n|\n|t:|1700607556\n|move|p1a: Iron Valiant|Thunderbolt|p2a: Blastoise\n|-supereffective|p2a: Blastoise\n|-damage|p2a: Blastoise|0 fnt\n|faint|p2a: Blastoise\n|\n|upkeep\n|\n|t:|1700607560\n|switch|p2a: Minior|Minior|100\/100\n|-formechange|p2a: Minior|Minior-Meteor||[from] ability: Shields Down\n|turn|12\n|\n|t:|1700607566\n|-terastallize|p1a: Iron Valiant|Electric\n|move|p1a: Iron Valiant|Thunderbolt|p2a: Minior\n|-supereffective|p2a: Minior\n|-enditem|p2a: Minior|Focus Sash\n|-damage|p2a: Minior|1\/100\n|move|p2a: Minior|Shell Smash|p2a: Minior\n|-unboost|p2a: Minior|def|1\n|-unboost|p2a: Minior|spd|1\n|-boost|p2a: Minior|atk|2\n|-boost|p2a: Minior|spa|2\n|-boost|p2a: Minior|spe|2\n|\n|-formechange|p2a: Minior|Minior||[from] ability: Shields Down\n|upkeep\n|turn|13\n|\n|t:|1700607579\n|move|p2a: Minior|Earthquake|p1a: Iron Valiant\n|-supereffective|p1a: Iron Valiant\n|-damage|p1a: Iron Valiant|0 fnt\n|faint|p1a: Iron Valiant\n|-end|p1a: Iron Valiant|Quark Drive|[silent]\n|\n|upkeep\n|\n|t:|1700607585\n|switch|p1a: Absol|Absol-Mega, F|100\/100\n|turn|14\n|\n|t:|1700607590\n|move|p1a: Absol|Sucker Punch||[still]\n|-fail|p1a: Absol\n|move|p2a: Minior|Shell Smash|p2a: Minior\n|-unboost|p2a: Minior|def|1\n|-unboost|p2a: Minior|spd|1\n|-boost|p2a: Minior|atk|2\n|-boost|p2a: Minior|spa|2\n|-boost|p2a: Minior|spe|2\n|\n|upkeep\n|turn|15\n|\n|t:|1700607598\n|move|p1a: Absol|Sucker Punch|p2a: Minior\n|-damage|p2a: Minior|0 fnt\n|faint|p2a: Minior\n|\n|upkeep\n|\n|t:|1700607602\n|switch|p2a: Cloyster|Cloyster, M|100\/100\n|turn|16\n|\n|t:|1700607605\n|move|p1a: Absol|Close Combat|p2a: Cloyster\n|-supereffective|p2a: Cloyster\n|-damage|p2a: Cloyster|23\/100\n|-unboost|p1a: Absol|def|1\n|-unboost|p1a: Absol|spd|1\n|move|p2a: Cloyster|Shell Smash|p2a: Cloyster\n|-unboost|p2a: Cloyster|def|1\n|-unboost|p2a: Cloyster|spd|1\n|-boost|p2a: Cloyster|atk|2\n|-boost|p2a: Cloyster|spa|2\n|-boost|p2a: Cloyster|spe|2\n|\n|upkeep\n|turn|17\n|\n|t:|1700607616\n|-terastallize|p2a: Cloyster|Ground\n|move|p1a: Absol|Sucker Punch||[still]\n|-fail|p1a: Absol\n|move|p2a: Cloyster|Shell Smash|p2a: Cloyster\n|-unboost|p2a: Cloyster|def|1\n|-unboost|p2a: Cloyster|spd|1\n|-boost|p2a: Cloyster|atk|2\n|-boost|p2a: Cloyster|spa|2\n|-boost|p2a: Cloyster|spe|2\n|\n|upkeep\n|turn|18\n|\n|t:|1700607625\n|move|p1a: Absol|Sucker Punch||[still]\n|-fail|p1a: Absol\n|move|p2a: Cloyster|Shell Smash|p2a: Cloyster\n|-unboost|p2a: Cloyster|def|1\n|-unboost|p2a: Cloyster|spd|1\n|-boost|p2a: Cloyster|atk|2\n|-boost|p2a: Cloyster|spa|2\n|-boost|p2a: Cloyster|spe|2\n|\n|upkeep\n|turn|19\n|\n|t:|1700607636\n|move|p1a: Absol|Sucker Punch||[still]\n|-fail|p1a: Absol\n|move|p2a: Cloyster|Shell Smash|p2a: Cloyster\n|-unboost|p2a: Cloyster|def|1\n|-unboost|p2a: Cloyster|spd|1\n|-boost|p2a: Cloyster|atk|0\n|-boost|p2a: Cloyster|spa|0\n|-boost|p2a: Cloyster|spe|0\n|\n|upkeep\n|turn|20\n|\n|t:|1700607648\n|move|p2a: Cloyster|Shell Smash|p2a: Cloyster\n|-unboost|p2a: Cloyster|def|1\n|-unboost|p2a: Cloyster|spd|1\n|-boost|p2a: Cloyster|atk|0\n|-boost|p2a: Cloyster|spa|0\n|-boost|p2a: Cloyster|spe|0\n|move|p1a: Absol|Knock Off|p2a: Cloyster\n|-damage|p2a: Cloyster|0 fnt\n|-enditem|p2a: Cloyster|Heavy-Duty Boots|[from] move: Knock Off|[of] p1a: Absol\n|faint|p2a: Cloyster\n|\n|win|KingoftheTitans\n|c|\u2606MrBest2023|darn\n|l|\u2606MrBest2023\n|c|\u2606KingoftheTitans|I got you!\n|c|\u2606KingoftheTitans|Gg\n","uploadtime":1700607665,"views":0,"p1id":"kingofthetitans","p2id":"mrbest2023","formatid":"gen9nationaldexubers","rating":0,"private":0,"password":""}