{"id":"gen9nationaldexubers-1988139036","p1":"JOUUU","p2":"ikiro_sakurai","format":"[Gen 9] National Dex Ubers","log":"|j|\u2606JOUUU\n|j|\u2606ikiro_sakurai\n|t:|1699674479\n|gametype|singles\n|player|p1|JOUUU|102|\n|player|p2|ikiro_sakurai|ethan|\n|teamsize|p1|2\n|teamsize|p2|3\n|gen|9\n|tier|[Gen 9] National Dex Ubers\n|rule|HP Percentage Mod: HP is shown in percentages\n|rule|Endless Battle Clause: Forcing endless battles is banned\n|rule|OHKO Clause: OHKO moves are banned\n|rule|Evasion Moves Clause: Evasion moves are banned\n|rule|Evasion Items Clause: Evasion items are banned\n|rule|Species Clause: Limit one of each Pok\u00e9mon\n|rule|Sleep Clause Mod: Limit one foe put to sleep\n|rule|Mega Rayquaza Clause: You cannot mega evolve Rayquaza\n|clearpoke\n|poke|p1|Ivysaur, L21, F|\n|poke|p1|Drilbur, L21, M|\n|poke|p2|Drilbur, L21, F|\n|poke|p2|Rhyhorn, L21, F|\n|poke|p2|Nosepass, L21, M|\n|teampreview\n|\n|t:|1699674490\n|start\n|switch|p1a: Marihuana|Ivysaur, L21, F|100\/100\n|switch|p2a: Drilbur|Drilbur, L21, F|100\/100\n|turn|1\n|\n|t:|1699674500\n|move|p1a: Marihuana|Grassy Terrain|p1a: Marihuana\n|-fieldstart|move: Grassy Terrain\n|move|p2a: Drilbur|Sandstorm|p2a: Drilbur\n|-weather|Sandstorm\n|\n|-weather|Sandstorm|[upkeep]\n|-damage|p1a: Marihuana|95\/100|[from] Sandstorm\n|-heal|p1a: Marihuana|100\/100|[from] Grassy Terrain\n|upkeep\n|turn|2\n|\n|t:|1699674511\n|move|p2a: Drilbur|Hone Claws|p2a: Drilbur\n|-boost|p2a: Drilbur|atk|1\n|-boost|p2a: Drilbur|accuracy|1\n|move|p1a: Marihuana|Leech Seed|p2a: Drilbur\n|-start|p2a: Drilbur|move: Leech Seed\n|\n|-weather|Sandstorm|[upkeep]\n|-damage|p1a: Marihuana|95\/100|[from] Sandstorm\n|-heal|p1a: Marihuana|100\/100|[from] Grassy Terrain\n|-damage|p2a: Drilbur|89\/100|[from] Leech Seed|[of] p1a: Marihuana\n|upkeep\n|turn|3\n|\n|t:|1699674526\n|move|p2a: Drilbur|Metal Claw|p1a: Marihuana\n|-damage|p1a: Marihuana|74\/100\n|-damage|p2a: Drilbur|73\/100|[from] item: Rocky Helmet|[of] p1a: Marihuana\n|move|p1a: Marihuana|Energy Ball|p2a: Drilbur\n|-supereffective|p2a: Drilbur\n|-damage|p2a: Drilbur|0 fnt\n|faint|p2a: Drilbur\n|\n|-weather|Sandstorm|[upkeep]\n|-damage|p1a: Marihuana|68\/100|[from] Sandstorm\n|-heal|p1a: Marihuana|74\/100|[from] Grassy Terrain\n|upkeep\n|\n|t:|1699674538\n|switch|p2a: Rhyhorn|Rhyhorn, L21, F|100\/100\n|turn|4\n|\n|t:|1699674545\n|move|p1a: Marihuana|Energy Ball|p2a: Rhyhorn\n|-supereffective|p2a: Rhyhorn\n|-damage|p2a: Rhyhorn|0 fnt\n|faint|p2a: Rhyhorn\n|\n|-weather|Sandstorm|[upkeep]\n|-damage|p1a: Marihuana|68\/100|[from] Sandstorm\n|-heal|p1a: Marihuana|74\/100|[from] Grassy Terrain\n|upkeep\n|\n|t:|1699674553\n|switch|p2a: Nosepass|Nosepass, L21, M|100\/100\n|turn|5\n|\n|t:|1699674559\n|move|p1a: Marihuana|Energy Ball|p2a: Nosepass\n|-supereffective|p2a: Nosepass\n|-crit|p2a: Nosepass\n|-ability|p2a: Nosepass|Sturdy\n|-damage|p2a: Nosepass|2\/100\n|move|p2a: Nosepass|Spark|p1a: Marihuana\n|-resisted|p1a: Marihuana\n|-damage|p1a: Marihuana|67\/100\n|-damage|p2a: Nosepass|0 fnt|[from] item: Rocky Helmet|[of] p1a: Marihuana\n|faint|p2a: Nosepass\n|\n|win|JOUUU\n","uploadtime":1699674580,"views":18,"p1id":"jouuu","p2id":"ikirosakurai","formatid":"gen9nationaldexubers","rating":0,"private":0,"password":""}