{"id":"gen9nationaldexubers-1987427067","p1":"202231a","p2":"0huhuhu","format":"[Gen 9] National Dex Ubers","log":"|j|\u2606202231a\n|j|\u26060huhuhu\n|t:|1699589957\n|gametype|singles\n|player|p1|202231a|gambler|1143\n|player|p2|0huhuhu|170|1048\n|teamsize|p1|6\n|teamsize|p2|6\n|gen|9\n|tier|[Gen 9] National Dex Ubers\n|rated|\n|rule|HP Percentage Mod: HP is shown in percentages\n|rule|Endless Battle Clause: Forcing endless battles is banned\n|rule|OHKO Clause: OHKO moves are banned\n|rule|Evasion Moves Clause: Evasion moves are banned\n|rule|Evasion Items Clause: Evasion items are banned\n|rule|Species Clause: Limit one of each Pok\u00e9mon\n|rule|Sleep Clause Mod: Limit one foe put to sleep\n|rule|Mega Rayquaza Clause: You cannot mega evolve Rayquaza\n|clearpoke\n|poke|p1|Necrozma-Dawn-Wings|\n|poke|p1|Dragapult, M|\n|poke|p1|Salamence, M|\n|poke|p1|Naganadel|\n|poke|p1|Kommo-o, F|\n|poke|p1|Dracovish|\n|poke|p2|Groudon|\n|poke|p2|Arceus|\n|poke|p2|Yveltal|\n|poke|p2|Kingambit, F|\n|poke|p2|Giratina|\n|poke|p2|Zygarde|\n|teampreview\n|inactive|Battle timer is ON: inactive players will automatically lose when time's up. (requested by 202231a)\n|l|\u26060huhuhu\n|inactive|0huhuhu disconnected and has a minute to reconnect!\n|player|p2|\n|j|\u26060huhuhu\n|inactive|0huhuhu reconnected and has 130 seconds left.\n|player|p2|0huhuhu|170\n|\n|t:|1699590015\n|start\n|switch|p1a: Kommo-o|Kommo-o, F|100\/100\n|switch|p2a: Yveltal|Yveltal|100\/100\n|-ability|p2a: Yveltal|Dark Aura\n|turn|1\n|\n|t:|1699590027\n|move|p2a: Yveltal|Oblivion Wing|p1a: Kommo-o\n|-supereffective|p1a: Kommo-o\n|-damage|p1a: Kommo-o|34\/100\n|-zpower|p1a: Kommo-o\n|move|p1a: Kommo-o|Clangorous Soulblaze|p2a: Yveltal|[zeffect]\n|-damage|p2a: Yveltal|63\/100\n|-boost|p1a: Kommo-o|atk|1\n|-boost|p1a: Kommo-o|def|1\n|-boost|p1a: Kommo-o|spa|1\n|-boost|p1a: Kommo-o|spd|1\n|-boost|p1a: Kommo-o|spe|1\n|\n|upkeep\n|turn|2\n|\n|t:|1699590042\n|move|p2a: Yveltal|Oblivion Wing|p1a: Kommo-o\n|-supereffective|p1a: Kommo-o\n|-damage|p1a: Kommo-o|0 fnt\n|-heal|p2a: Yveltal|83\/100|[from] drain|[of] p1a: Kommo-o\n|faint|p1a: Kommo-o\n|\n|upkeep\n|\n|t:|1699590051\n|switch|p1a: Dragapult|Dragapult, M|100\/100\n|turn|3\n|\n|t:|1699590060\n|move|p1a: Dragapult|Dragon Dance|p1a: Dragapult\n|-boost|p1a: Dragapult|atk|1\n|-boost|p1a: Dragapult|spe|1\n|move|p2a: Yveltal|Dark Pulse|p1a: Dragapult\n|-supereffective|p1a: Dragapult\n|-enditem|p1a: Dragapult|Focus Sash\n|-damage|p1a: Dragapult|1\/100\n|\n|upkeep\n|turn|4\n|\n|t:|1699590072\n|move|p1a: Dragapult|Dragon Darts|p2a: Yveltal\n|-damage|p2a: Yveltal|52\/100\n|-anim|p1a: Dragapult|Dragon Darts|p2a: Yveltal\n|-damage|p2a: Yveltal|24\/100\n|move|p2a: Yveltal|Oblivion Wing|p1a: Dragapult\n|-damage|p1a: Dragapult|0 fnt\n|-heal|p2a: Yveltal|24\/100|[from] drain|[of] p1a: Dragapult\n|faint|p1a: Dragapult\n|\n|upkeep\n|\n|t:|1699590081\n|switch|p1a: Salamence|Salamence, M|100\/100\n|-ability|p1a: Salamence|Intimidate|boost\n|-unboost|p2a: Yveltal|atk|1\n|turn|5\n|\n|t:|1699590101\n|detailschange|p1a: Salamence|Salamence-Mega, M\n|-mega|p1a: Salamence|Salamence|Salamencite\n|move|p1a: Salamence|Dragon Claw|p2a: Yveltal\n|-damage|p2a: Yveltal|0 fnt\n|faint|p2a: Yveltal\n|\n|upkeep\n|\n|t:|1699590116\n|switch|p2a: Arceus|Arceus|100\/100\n|turn|6\n|\n|t:|1699590121\n|move|p1a: Salamence|Dragon Dance|p1a: Salamence\n|-boost|p1a: Salamence|atk|1\n|-boost|p1a: Salamence|spe|1\n|move|p2a: Arceus|Swords Dance|p2a: Arceus\n|-boost|p2a: Arceus|atk|2\n|\n|upkeep\n|turn|7\n|\n|t:|1699590127\n|-terastallize|p2a: Arceus|Normal\n|move|p2a: Arceus|Extreme Speed|p1a: Salamence\n|-damage|p1a: Salamence|0 fnt\n|faint|p1a: Salamence\n|\n|upkeep\n|\n|t:|1699590133\n|switch|p1a: Necrozma|Necrozma-Dawn-Wings|100\/100\n|turn|8\n|\n|t:|1699590142\n|detailschange|p1a: Necrozma|Necrozma-Ultra\n|-burst|p1a: Necrozma|Necrozma|Ultranecrozium Z\n|move|p1a: Necrozma|Photon Geyser|p2a: Arceus\n|-damage|p2a: Arceus|50\/100\n|move|p2a: Arceus|Earthquake|p1a: Necrozma\n|-damage|p1a: Necrozma|23\/100\n|\n|-heal|p2a: Arceus|56\/100|[from] item: Leftovers\n|upkeep\n|turn|9\n|\n|t:|1699590154\n|move|p2a: Arceus|Extreme Speed|p1a: Necrozma\n|-damage|p1a: Necrozma|0 fnt\n|faint|p1a: Necrozma\n|\n|-heal|p2a: Arceus|62\/100|[from] item: Leftovers\n|upkeep\n|\n|t:|1699590160\n|switch|p1a: Dracovish|Dracovish|100\/100\n|turn|10\n|\n|t:|1699590165\n|-terastallize|p1a: Dracovish|Water\n|move|p2a: Arceus|Extreme Speed|p1a: Dracovish\n|-crit|p1a: Dracovish\n|-damage|p1a: Dracovish|0 fnt\n|faint|p1a: Dracovish\n|\n|-heal|p2a: Arceus|68\/100|[from] item: Leftovers\n|upkeep\n|-message|202231a forfeited.\n|\n|win|0huhuhu\n|raw|202231a's rating: 1143 &rarr; <strong>1111<\/strong><br \/>(-32 for losing)\n|raw|0huhuhu's rating: 1048 &rarr; <strong>1090<\/strong><br \/>(+42 for winning)\n|l|\u2606202231a\n","uploadtime":1699590181,"views":10,"p1id":"202231a","p2id":"0huhuhu","formatid":"gen9nationaldexubers","rating":1090,"private":0,"password":""}