{"id":"gen9nationaldexubers-1988930540","p1":"Haaall Out Attacc","p2":"Kaeiand","format":"[Gen 9] National Dex Ubers","log":"|j|\u2606Haaall Out Attacc\n|j|\u2606Kaeiand\n|t:|1699789862\n|gametype|singles\n|player|p1|Haaall Out Attacc|170|1130\n|player|p2|Kaeiand|lusamine-nihilego|1179\n|teamsize|p1|6\n|teamsize|p2|6\n|gen|9\n|tier|[Gen 9] National Dex Ubers\n|rated|\n|rule|HP Percentage Mod: HP is shown in percentages\n|rule|Endless Battle Clause: Forcing endless battles is banned\n|rule|OHKO Clause: OHKO moves are banned\n|rule|Evasion Moves Clause: Evasion moves are banned\n|rule|Evasion Items Clause: Evasion items are banned\n|rule|Species Clause: Limit one of each Pok\u00e9mon\n|rule|Sleep Clause Mod: Limit one foe put to sleep\n|rule|Mega Rayquaza Clause: You cannot mega evolve Rayquaza\n|clearpoke\n|poke|p1|Shuckle, M|\n|poke|p1|Deoxys-Speed|\n|poke|p1|Groudon|\n|poke|p1|Kyurem-White|\n|poke|p1|Arceus-Fighting|\n|poke|p1|Xerneas-*|\n|poke|p2|Cottonee, L1, F|\n|poke|p2|Ditto|\n|poke|p2|Aron, L1, F|\n|poke|p2|Mew|\n|poke|p2|Cyclizar, F|\n|poke|p2|Houndstone, F|\n|teampreview\n|c|\u2606Kaeiand|o\/\n|\n|t:|1699789879\n|start\n|switch|p1a: Shuckle|Shuckle, M|100\/100\n|switch|p2a: Mew|Mew, shiny|100\/100\n|turn|1\n|c|\u2606Kaeiand|GL HF\n|\n|t:|1699789886\n|move|p2a: Mew|Toxic Spikes|p1a: Shuckle\n|-sidestart|p1: Haaall Out Attacc|move: Toxic Spikes\n|move|p1a: Shuckle|Encore|p2a: Mew\n|-start|p2a: Mew|Encore\n|\n|upkeep\n|turn|2\n|\n|t:|1699789889\n|move|p2a: Mew|Toxic Spikes|p1a: Shuckle\n|-sidestart|p1: Haaall Out Attacc|move: Toxic Spikes\n|move|p1a: Shuckle|Sticky Web|p2a: Mew\n|-sidestart|p2: Kaeiand|move: Sticky Web\n|\n|upkeep\n|turn|3\n|\n|t:|1699789897\n|switch|p2a: Aron|Aron, L1, F, shiny|100\/100\n|-activate|p2a: Aron|move: Sticky Web\n|-unboost|p2a: Aron|spe|1\n|move|p1a: Shuckle|Stealth Rock|p2a: Aron\n|-sidestart|p2: Kaeiand|move: Stealth Rock\n|\n|upkeep\n|turn|4\n|\n|t:|1699789913\n|move|p1a: Shuckle|Final Gambit|p2a: Aron\n|-ability|p2a: Aron|Sturdy\n|-damage|p2a: Aron|9\/100\n|faint|p1a: Shuckle\n|move|p2a: Aron|Toxic|p1: Shuckle|[notarget]\n|-fail|p2a: Aron\n|\n|upkeep\n|\n|t:|1699789919\n|switch|p1a: Kyurem|Kyurem-White|100\/100\n|-status|p1a: Kyurem|tox\n|-ability|p1a: Kyurem|Turboblaze\n|turn|5\n|\n|t:|1699789928\n|move|p1a: Kyurem|Ice Beam|p2a: Aron\n|-resisted|p2a: Aron\n|-damage|p2a: Aron|0 fnt\n|faint|p2a: Aron\n|-damage|p1a: Kyurem|91\/100 tox|[from] item: Life Orb\n|\n|-damage|p1a: Kyurem|84\/100 tox|[from] psn\n|upkeep\n|\n|t:|1699789943\n|switch|p2a: Mew|Mew, shiny|100\/100\n|-activate|p2a: Mew|move: Sticky Web\n|-unboost|p2a: Mew|spe|1\n|-damage|p2a: Mew|88\/100|[from] Stealth Rock\n|turn|6\n|\n|t:|1699789947\n|move|p1a: Kyurem|Ice Beam|p2a: Mew\n|-damage|p2a: Mew|44\/100\n|-enditem|p2a: Mew|Red Card|[of] p1a: Kyurem\n|drag|p1a: Xerneas|Xerneas|100\/100\n|-status|p1a: Xerneas|tox\n|-ability|p1a: Xerneas|Fairy Aura\n|move|p2a: Mew|Stealth Rock|p1a: Xerneas\n|-sidestart|p1: Haaall Out Attacc|move: Stealth Rock\n|\n|-damage|p1a: Xerneas|94\/100 tox|[from] psn\n|upkeep\n|turn|7\n|\n|t:|1699789952\n|move|p1a: Xerneas|Geomancy||[still]\n|-prepare|p1a: Xerneas|Geomancy\n|-enditem|p1a: Xerneas|Power Herb\n|-anim|p1a: Xerneas|Geomancy|p1a: Xerneas\n|-boost|p1a: Xerneas|spa|2\n|-boost|p1a: Xerneas|spd|2\n|-boost|p1a: Xerneas|spe|2\n|move|p2a: Mew|Spikes|p1a: Xerneas\n|-sidestart|p1: Haaall Out Attacc|Spikes\n|\n|-damage|p1a: Xerneas|82\/100 tox|[from] psn\n|upkeep\n|turn|8\n|\n|t:|1699789958\n|move|p1a: Xerneas|Aromatherapy|p1a: Xerneas\n|-activate|p1a: Xerneas|move: Aromatherapy\n|-curestatus|p1a: Xerneas|tox|[msg]\n|-curestatus|p1: Kyurem|tox|[msg]\n|move|p2a: Mew|Spikes|p1a: Xerneas\n|-sidestart|p1: Haaall Out Attacc|Spikes\n|\n|upkeep\n|turn|9\n|\n|t:|1699789961\n|move|p1a: Xerneas|Moonblast|p2a: Mew\n|-damage|p2a: Mew|0 fnt\n|faint|p2a: Mew\n|\n|upkeep\n|\n|t:|1699789978\n|switch|p2a: Ditto|Ditto, shiny|100\/100\n|-activate|p2a: Ditto|move: Sticky Web\n|-unboost|p2a: Ditto|spe|1\n|-damage|p2a: Ditto|88\/100|[from] Stealth Rock\n|-transform|p2a: Ditto|p1a: Xerneas|[from] ability: Imposter\n|-ability|p2a: Ditto|Fairy Aura\n|turn|10\n|\n|t:|1699789987\n|move|p2a: Ditto|Moonblast|p1a: Xerneas\n|-damage|p1a: Xerneas|28\/100\n|-unboost|p1a: Xerneas|spa|1\n|move|p1a: Xerneas|Moonblast|p2a: Ditto\n|-damage|p2a: Ditto|34\/100\n|\n|upkeep\n|turn|11\n|\n|t:|1699789998\n|move|p2a: Ditto|Moonblast|p1a: Xerneas\n|-damage|p1a: Xerneas|0 fnt\n|faint|p1a: Xerneas\n|\n|upkeep\n|\n|t:|1699790015\n|switch|p1a: Deoxys|Deoxys-Speed|100\/100\n|-status|p1a: Deoxys|tox\n|-damage|p1a: Deoxys|88\/100 tox|[from] Stealth Rock\n|-damage|p1a: Deoxys|72\/100 tox|[from] Spikes\n|-ability|p1a: Deoxys|Pressure\n|turn|12\n|\n|t:|1699790021\n|move|p2a: Ditto|Moonblast|p1a: Deoxys\n|-damage|p1a: Deoxys|0 fnt\n|faint|p1a: Deoxys\n|\n|upkeep\n|\n|t:|1699790028\n|switch|p1a: Kyurem|Kyurem-White|84\/100\n|-status|p1a: Kyurem|tox\n|-damage|p1a: Kyurem|60\/100 tox|[from] Stealth Rock\n|-damage|p1a: Kyurem|43\/100 tox|[from] Spikes\n|-ability|p1a: Kyurem|Turboblaze\n|turn|13\n|\n|t:|1699790031\n|move|p2a: Ditto|Moonblast|p1a: Kyurem\n|-supereffective|p1a: Kyurem\n|-damage|p1a: Kyurem|0 fnt\n|faint|p1a: Kyurem\n|\n|upkeep\n|\n|t:|1699790034\n|switch|p1a: Arceus|Arceus-Fighting|100\/100\n|-status|p1a: Arceus|tox\n|-damage|p1a: Arceus|94\/100 tox|[from] Stealth Rock\n|-damage|p1a: Arceus|78\/100 tox|[from] Spikes\n|turn|14\n|\n|t:|1699790037\n|-activate|p2a: Ditto|move: Struggle\n|move|p2a: Ditto|Struggle|p1a: Arceus\n|-damage|p1a: Arceus|72\/100 tox\n|-damage|p2a: Ditto|9\/100|[from] recoil\n|move|p1a: Arceus|Cosmic Power|p1a: Arceus\n|-boost|p1a: Arceus|def|1\n|-boost|p1a: Arceus|spd|1\n|\n|-damage|p1a: Arceus|66\/100 tox|[from] psn\n|upkeep\n|turn|15\n|\n|t:|1699790044\n|-activate|p2a: Ditto|move: Struggle\n|move|p2a: Ditto|Struggle|p1a: Arceus\n|-damage|p1a: Arceus|61\/100 tox\n|-damage|p2a: Ditto|0 fnt|[from] recoil\n|faint|p2a: Ditto\n|move|p1a: Arceus|Body Press|p2: Ditto|[notarget]\n|-fail|p1a: Arceus\n|\n|-damage|p1a: Arceus|49\/100 tox|[from] psn\n|upkeep\n|\n|t:|1699790051\n|switch|p2a: Cottonee|Cottonee, L1, F, shiny|100\/100\n|-activate|p2a: Cottonee|move: Sticky Web\n|-unboost|p2a: Cottonee|spe|1\n|-damage|p2a: Cottonee|91\/100|[from] Stealth Rock\n|turn|16\n|\n|t:|1699790055\n|move|p2a: Cottonee|Substitute|p2a: Cottonee\n|-start|p2a: Cottonee|Substitute\n|-damage|p2a: Cottonee|73\/100\n|move|p1a: Arceus|Body Press|p2a: Cottonee\n|-resisted|p2a: Cottonee\n|-end|p2a: Cottonee|Substitute\n|\n|-damage|p1a: Arceus|31\/100 tox|[from] psn\n|upkeep\n|turn|17\n|\n|t:|1699790058\n|move|p2a: Cottonee|Protect|p2a: Cottonee\n|-singleturn|p2a: Cottonee|Protect\n|move|p1a: Arceus|Body Press|p2a: Cottonee\n|-activate|p2a: Cottonee|move: Protect\n|\n|-damage|p1a: Arceus|7\/100 tox|[from] psn\n|upkeep\n|turn|18\n|-message|Haaall Out Attacc forfeited.\n|\n|win|Kaeiand\n|raw|Haaall Out Attacc's rating: 1130 &rarr; <strong>1109<\/strong><br \/>(-21 for losing)\n|raw|Kaeiand's rating: 1179 &rarr; <strong>1200<\/strong><br \/>(+21 for winning)\n|l|\u2606Haaall Out Attacc\n","uploadtime":1699790068,"views":17,"p1id":"haaalloutattacc","p2id":"kaeiand","formatid":"gen9nationaldexubers","rating":1109,"private":0,"password":""}