{"id":"gen9nationaldexubers-2000320378","p1":"cynthiazhann","p2":"TylerEX22","format":"[Gen 9] National Dex Ubers","log":"|j|\u2606cynthiazhann\n|j|\u2606TylerEX22\n|t:|1701184677\n|gametype|singles\n|player|p1|cynthiazhann|cynthia-gen4|1050\n|player|p2|TylerEX22|hilbert|1152\n|teamsize|p1|6\n|teamsize|p2|6\n|gen|9\n|tier|[Gen 9] National Dex Ubers\n|rated|\n|rule|HP Percentage Mod: HP is shown in percentages\n|rule|Endless Battle Clause: Forcing endless battles is banned\n|rule|OHKO Clause: OHKO moves are banned\n|rule|Evasion Moves Clause: Evasion moves are banned\n|rule|Evasion Items Clause: Evasion items are banned\n|rule|Species Clause: Limit one of each Pok\u00e9mon\n|rule|Sleep Clause Mod: Limit one foe put to sleep\n|rule|Mega Rayquaza Clause: You cannot mega evolve Rayquaza\n|clearpoke\n|poke|p1|Rayquaza|\n|poke|p1|Lucario, M|\n|poke|p1|Sharpedo, M|\n|poke|p1|Gardevoir, F|\n|poke|p1|Tyranitar, M|\n|poke|p1|Corviknight, M|\n|poke|p2|Gardevoir, F|\n|poke|p2|Drampa, F|\n|poke|p2|Iron Treads|\n|poke|p2|Deoxys-Attack|\n|poke|p2|Araquanid, M|\n|poke|p2|Mew|\n|teampreview\n|\n|t:|1701184686\n|start\n|switch|p1a: Taibor|Sharpedo, M|100\/100\n|switch|p2a: Drampa|Drampa, F, shiny|100\/100\n|turn|1\n|\n|t:|1701184695\n|move|p1a: Taibor|Ice Fang|p2a: Drampa\n|-supereffective|p2a: Drampa\n|-damage|p2a: Drampa|49\/100\n|-damage|p1a: Taibor|91\/100|[from] item: Life Orb\n|cant|p2a: Drampa|flinch\n|\n|-heal|p2a: Drampa|55\/100|[from] item: Leftovers\n|-ability|p1a: Taibor|Speed Boost|boost\n|-boost|p1a: Taibor|spe|1\n|upkeep\n|turn|2\n|\n|t:|1701184700\n|move|p1a: Taibor|Ice Fang|p2a: Drampa\n|-supereffective|p2a: Drampa\n|-damage|p2a: Drampa|3\/100\n|-damage|p1a: Taibor|81\/100|[from] item: Life Orb\n|move|p2a: Drampa|Toxic|p1a: Taibor\n|-status|p1a: Taibor|tox\n|\n|-heal|p2a: Drampa|9\/100|[from] item: Leftovers\n|-damage|p1a: Taibor|75\/100 tox|[from] psn\n|-ability|p1a: Taibor|Speed Boost|boost\n|-boost|p1a: Taibor|spe|1\n|upkeep\n|turn|3\n|\n|t:|1701184707\n|move|p1a: Taibor|Ice Fang|p2a: Drampa\n|-supereffective|p2a: Drampa\n|-damage|p2a: Drampa|0 fnt\n|faint|p2a: Drampa\n|-damage|p1a: Taibor|65\/100 tox|[from] item: Life Orb\n|\n|-damage|p1a: Taibor|53\/100 tox|[from] psn\n|-ability|p1a: Taibor|Speed Boost|boost\n|-boost|p1a: Taibor|spe|1\n|upkeep\n|\n|t:|1701184714\n|switch|p2a: Araquanid|Araquanid, M|100\/100\n|turn|4\n|\n|t:|1701184729\n|switch|p1a: Rayquaza|Rayquaza|100\/100\n|-ability|p1a: Rayquaza|Air Lock\n|move|p2a: Araquanid|Sticky Web|p1a: Rayquaza\n|-sidestart|p1: cynthiazhann|move: Sticky Web\n|\n|upkeep\n|turn|5\n|\n|t:|1701184734\n|move|p1a: Rayquaza|Swords Dance|p1a: Rayquaza\n|-boost|p1a: Rayquaza|atk|2\n|move|p2a: Araquanid|Spider Web|p1a: Rayquaza\n|-activate|p1a: Rayquaza|trapped\n|\n|upkeep\n|turn|6\n|\n|t:|1701184745\n|move|p1a: Rayquaza|Dragon Ascent|p2a: Araquanid\n|-supereffective|p2a: Araquanid\n|-damage|p2a: Araquanid|0 fnt\n|-unboost|p1a: Rayquaza|def|1\n|-unboost|p1a: Rayquaza|spd|1\n|faint|p2a: Araquanid\n|-damage|p1a: Rayquaza|91\/100|[from] item: Life Orb\n|\n|upkeep\n|\n|t:|1701184757\n|switch|p2a: Mew|Mew, shiny|100\/100\n|turn|7\n|\n|t:|1701184764\n|move|p1a: Rayquaza|Extreme Speed|p2a: Mew\n|-damage|p2a: Mew|29\/100\n|-damage|p1a: Rayquaza|81\/100|[from] item: Life Orb\n|move|p2a: Mew|Thunder Wave|p1a: Rayquaza\n|-status|p1a: Rayquaza|par\n|\n|-heal|p2a: Mew|36\/100|[from] item: Leftovers\n|upkeep\n|turn|8\n|\n|t:|1701184770\n|move|p1a: Rayquaza|Extreme Speed|p2a: Mew\n|-damage|p2a: Mew|0 fnt\n|faint|p2a: Mew\n|-damage|p1a: Rayquaza|71\/100 par|[from] item: Life Orb\n|\n|upkeep\n|\n|t:|1701184777\n|switch|p2a: Deoxys|Deoxys-Attack, shiny|100\/100\n|-ability|p2a: Deoxys|Pressure\n|turn|9\n|\n|t:|1701184780\n|move|p2a: Deoxys|Protect|p2a: Deoxys\n|-singleturn|p2a: Deoxys|Protect\n|cant|p1a: Rayquaza|par\n|\n|upkeep\n|turn|10\n|\n|t:|1701184785\n|move|p1a: Rayquaza|Extreme Speed|p2a: Deoxys\n|-damage|p2a: Deoxys|0 fnt\n|faint|p2a: Deoxys\n|-damage|p1a: Rayquaza|61\/100 par|[from] item: Life Orb\n|\n|upkeep\n|\n|t:|1701184789\n|switch|p2a: Gardevoir|Gardevoir, F|100\/100\n|turn|11\n|\n|t:|1701184792\n|move|p1a: Rayquaza|Extreme Speed|p2a: Gardevoir\n|-crit|p2a: Gardevoir\n|-damage|p2a: Gardevoir|0 fnt\n|faint|p2a: Gardevoir\n|-damage|p1a: Rayquaza|51\/100 par|[from] item: Life Orb\n|\n|upkeep\n|\n|t:|1701184795\n|switch|p2a: Iron Treads|Iron Treads|100\/100\n|turn|12\n|\n|t:|1701184802\n|move|p2a: Iron Treads|Iron Defense|p2a: Iron Treads\n|-boost|p2a: Iron Treads|def|2\n|move|p1a: Rayquaza|V-create|p2a: Iron Treads\n|-supereffective|p2a: Iron Treads\n|-damage|p2a: Iron Treads|0 fnt\n|-unboost|p1a: Rayquaza|spe|1\n|-unboost|p1a: Rayquaza|def|1\n|-unboost|p1a: Rayquaza|spd|1\n|faint|p2a: Iron Treads\n|-end|p2a: Iron Treads|Quark Drive|[silent]\n|-damage|p1a: Rayquaza|41\/100 par|[from] item: Life Orb\n|\n|win|cynthiazhann\n|raw|cynthiazhann's rating: 1050 &rarr; <strong>1092<\/strong><br \/>(+42 for winning)\n|raw|TylerEX22's rating: 1152 &rarr; <strong>1120<\/strong><br \/>(-32 for losing)\n|l|\u2606TylerEX22\n","uploadtime":1701184813,"views":13,"p1id":"cynthiazhann","p2id":"tylerex22","formatid":"gen9nationaldexubers","rating":1092,"private":0,"password":""}