{"id":"gen9nationaldexubers-1979567966","p1":"Tropopi","p2":"Ammosia","format":"[Gen 9] National Dex Ubers","log":"|j|\u2606Tropopi\n|j|\u2606Ammosia\n|t:|1698692961\n|gametype|singles\n|player|p1|Tropopi|169|\n|player|p2|Ammosia|1|\n|teamsize|p1|5\n|teamsize|p2|6\n|gen|9\n|tier|[Gen 9] National Dex Ubers\n|rule|HP Percentage Mod: HP is shown in percentages\n|rule|Endless Battle Clause: Forcing endless battles is banned\n|rule|OHKO Clause: OHKO moves are banned\n|rule|Evasion Moves Clause: Evasion moves are banned\n|rule|Evasion Items Clause: Evasion items are banned\n|rule|Species Clause: Limit one of each Pok\u00e9mon\n|rule|Sleep Clause Mod: Limit one foe put to sleep\n|rule|Mega Rayquaza Clause: You cannot mega evolve Rayquaza\n|clearpoke\n|poke|p1|Kommo-o, F|\n|poke|p1|Falinks|\n|poke|p1|Gallade, M|\n|poke|p1|Lucario, F|\n|poke|p1|Marshadow|\n|poke|p2|Lapras, L80, M|\n|poke|p2|Solgaleo|\n|poke|p2|Cinderace, L80, F|\n|poke|p2|Zoroark, L80, F|\n|poke|p2|Appletun, L80, M|\n|poke|p2|Dragapult, F|\n|teampreview\n|\n|t:|1698693016\n|start\n|switch|p1a: Lucario|Lucario, F|100\/100\n|switch|p2a: Cinderace|Cinderace, L80, F|100\/100\n|turn|1\n|\n|t:|1698693027\n|move|p2a: Cinderace|Pyro Ball|p1a: Lucario\n|-supereffective|p1a: Lucario\n|-damage|p1a: Lucario|0 fnt\n|faint|p1a: Lucario\n|\n|upkeep\n|\n|t:|1698693032\n|switch|p1a: Falinks|Falinks|100\/100\n|turn|2\n|\n|t:|1698693037\n|switch|p2a: Dragapult|Dragapult, F|100\/100\n|move|p1a: Falinks|Close Combat|p2a: Dragapult\n|-immune|p2a: Dragapult\n|\n|upkeep\n|turn|3\n|\n|t:|1698693047\n|move|p2a: Dragapult|Phantom Force||[still]\n|-prepare|p2a: Dragapult|Phantom Force\n|move|p1a: Falinks|Iron Head|p2a: Dragapult|[miss]\n|-miss|p1a: Falinks|p2a: Dragapult\n|\n|upkeep\n|turn|4\n|\n|t:|1698693057\n|move|p2a: Dragapult|Phantom Force|p1a: Falinks|[from]lockedmove\n|-damage|p1a: Falinks|59\/100\n|move|p1a: Falinks|Iron Head|p2a: Dragapult\n|-damage|p2a: Dragapult|74\/100\n|\n|-heal|p1a: Falinks|64\/100|[from] item: Leftovers\n|upkeep\n|turn|5\n|\n|t:|1698693068\n|move|p2a: Dragapult|Phantom Force||[still]\n|-prepare|p2a: Dragapult|Phantom Force\n|move|p1a: Falinks|No Retreat|p1a: Falinks\n|-boost|p1a: Falinks|atk|1\n|-boost|p1a: Falinks|def|1\n|-boost|p1a: Falinks|spa|1\n|-boost|p1a: Falinks|spd|1\n|-boost|p1a: Falinks|spe|1\n|-start|p1a: Falinks|move: No Retreat\n|\n|-heal|p1a: Falinks|70\/100|[from] item: Leftovers\n|upkeep\n|turn|6\n|\n|t:|1698693078\n|move|p2a: Dragapult|Phantom Force|p1a: Falinks|[from]lockedmove\n|-damage|p1a: Falinks|42\/100\n|move|p1a: Falinks|Iron Head|p2a: Dragapult\n|-damage|p2a: Dragapult|32\/100\n|\n|-heal|p1a: Falinks|48\/100|[from] item: Leftovers\n|upkeep\n|turn|7\n|\n|t:|1698693109\n|move|p2a: Dragapult|Draco Meteor|p1a: Falinks\n|-damage|p1a: Falinks|0 fnt\n|-unboost|p2a: Dragapult|spa|2\n|faint|p1a: Falinks\n|\n|upkeep\n|\n|t:|1698693114\n|switch|p1a: Gallade|Gallade, M|100\/100\n|turn|8\n|\n|t:|1698693121\n|move|p2a: Dragapult|Phantom Force||[still]\n|-prepare|p2a: Dragapult|Phantom Force\n|move|p1a: Gallade|Agility|p1a: Gallade\n|-boost|p1a: Gallade|spe|2\n|\n|upkeep\n|turn|9\n|\n|t:|1698693127\n|move|p1a: Gallade|Agility|p1a: Gallade\n|-boost|p1a: Gallade|spe|2\n|move|p2a: Dragapult|Phantom Force|p1a: Gallade|[from]lockedmove\n|-supereffective|p1a: Gallade\n|-damage|p1a: Gallade|0 fnt\n|faint|p1a: Gallade\n|\n|upkeep\n|\n|t:|1698693135\n|switch|p1a: Kommo-o|Kommo-o, F|100\/100\n|turn|10\n|\n|t:|1698693140\n|move|p2a: Dragapult|Draco Meteor|p1a: Kommo-o\n|-supereffective|p1a: Kommo-o\n|-damage|p1a: Kommo-o|52\/100\n|-unboost|p2a: Dragapult|spa|2\n|move|p1a: Kommo-o|Draco Meteor|p2a: Dragapult\n|-supereffective|p2a: Dragapult\n|-damage|p2a: Dragapult|0 fnt\n|-unboost|p1a: Kommo-o|spa|2\n|faint|p2a: Dragapult\n|\n|-heal|p1a: Kommo-o|59\/100|[from] item: Leftovers\n|upkeep\n|\n|t:|1698693154\n|switch|p2a: Lapras|Lapras, L80, M|100\/100\n|turn|11\n|\n|t:|1698693159\n|move|p1a: Kommo-o|Iron Defense|p1a: Kommo-o\n|-boost|p1a: Kommo-o|def|2\n|move|p2a: Lapras|Perish Song|p2a: Lapras\n|-start|p1a: Kommo-o|perish3|[silent]\n|-start|p2a: Lapras|perish3|[silent]\n|-fieldactivate|move: Perish Song\n|\n|-heal|p1a: Kommo-o|65\/100|[from] item: Leftovers\n|-start|p1a: Kommo-o|perish3\n|-start|p2a: Lapras|perish3\n|upkeep\n|turn|12\n|\n|t:|1698693171\n|move|p1a: Kommo-o|Boomburst|p2a: Lapras\n|-damage|p2a: Lapras|80\/100\n|move|p2a: Lapras|Growl|p1a: Kommo-o\n|-unboost|p1a: Kommo-o|atk|1\n|\n|-heal|p1a: Kommo-o|71\/100|[from] item: Leftovers\n|-start|p1a: Kommo-o|perish2\n|-start|p2a: Lapras|perish2\n|upkeep\n|turn|13\n|\n|t:|1698693183\n|-singleturn|p1a: Kommo-o|move: Focus Punch\n|move|p2a: Lapras|Growl|p1a: Kommo-o\n|-unboost|p1a: Kommo-o|atk|1\n|move|p1a: Kommo-o|Focus Punch|p2a: Lapras\n|-supereffective|p2a: Lapras\n|-damage|p2a: Lapras|3\/100\n|\n|-heal|p1a: Kommo-o|77\/100|[from] item: Leftovers\n|-start|p1a: Kommo-o|perish1\n|-start|p2a: Lapras|perish1\n|upkeep\n|turn|14\n|\n|t:|1698693197\n|-singleturn|p1a: Kommo-o|move: Focus Punch\n|move|p2a: Lapras|Growl|p1a: Kommo-o\n|-unboost|p1a: Kommo-o|atk|1\n|move|p1a: Kommo-o|Focus Punch|p2a: Lapras\n|-supereffective|p2a: Lapras\n|-damage|p2a: Lapras|0 fnt\n|faint|p2a: Lapras\n|\n|-heal|p1a: Kommo-o|84\/100|[from] item: Leftovers\n|-start|p1a: Kommo-o|perish0\n|upkeep\n|faint|p1a: Kommo-o\n|\n|t:|1698693211\n|switch|p1a: Marshadow|Marshadow|100\/100\n|switch|p2a: Solgaleo|Solgaleo, L80|100\/100\n|turn|15\n|\n|t:|1698693224\n|move|p1a: Marshadow|Shadow Ball|p2a: Solgaleo\n|-resisted|p2a: Solgaleo\n|-damage|p2a: Solgaleo|67\/100\n|replace|p2a: Zoroark|Zoroark, L80, F\n|-end|p2a: Zoroark|Illusion\n|move|p2a: Zoroark|Foul Play|p1a: Marshadow\n|-damage|p1a: Marshadow|59\/100\n|\n|-heal|p1a: Marshadow|65\/100|[from] item: Leftovers\n|-heal|p2a: Zoroark|73\/100|[from] item: Leftovers\n|upkeep\n|turn|16\n|\n|t:|1698693236\n|move|p1a: Marshadow|Outrage|p2a: Zoroark\n|-damage|p2a: Zoroark|0 fnt\n|faint|p2a: Zoroark\n|\n|-heal|p1a: Marshadow|71\/100|[from] item: Leftovers\n|upkeep\n|\n|t:|1698693245\n|switch|p2a: Cinderace|Cinderace, L80, F|100\/100\n|turn|17\n|\n|t:|1698693251\n|move|p1a: Marshadow|Outrage|p2a: Cinderace|[from]lockedmove\n|-damage|p2a: Cinderace|29\/100\n|move|p2a: Cinderace|High Jump Kick|p1a: Marshadow\n|-immune|p1a: Marshadow\n|-damage|p2a: Cinderace|0 fnt|[from] highjumpkick\n|faint|p2a: Cinderace\n|\n|-heal|p1a: Marshadow|77\/100|[from] item: Leftovers\n|upkeep\n|\n|t:|1698693262\n|switch|p2a: Appletun|Appletun, L80, M|100\/100\n|turn|18\n|\n|t:|1698693266\n|move|p1a: Marshadow|Outrage|p2a: Appletun|[from]lockedmove\n|-supereffective|p2a: Appletun\n|-damage|p2a: Appletun|5\/100\n|-start|p1a: Marshadow|confusion|[fatigue]\n|move|p2a: Appletun|Outrage|p1a: Marshadow\n|-damage|p1a: Marshadow|48\/100\n|\n|-heal|p1a: Marshadow|54\/100|[from] item: Leftovers\n|upkeep\n|turn|19\n|\n|t:|1698693278\n|-activate|p1a: Marshadow|confusion\n|move|p1a: Marshadow|Outrage|p2a: Appletun\n|-supereffective|p2a: Appletun\n|-damage|p2a: Appletun|0 fnt\n|faint|p2a: Appletun\n|\n|-heal|p1a: Marshadow|60\/100|[from] item: Leftovers\n|upkeep\n|\n|t:|1698693286\n|switch|p2a: Solgaleo|Solgaleo|100\/100\n|turn|20\n|\n|t:|1698693292\n|-activate|p1a: Marshadow|confusion\n|move|p1a: Marshadow|Outrage|p2a: Solgaleo|[from]lockedmove\n|-resisted|p2a: Solgaleo\n|-damage|p2a: Solgaleo|87\/100\n|move|p2a: Solgaleo|Future Sight|p1a: Marshadow\n|-start|p2a: Solgaleo|move: Future Sight\n|\n|-heal|p1a: Marshadow|66\/100|[from] item: Leftovers\n|upkeep\n|turn|21\n|\n|t:|1698693304\n|-end|p1a: Marshadow|confusion\n|move|p1a: Marshadow|Outrage|p2a: Solgaleo|[from]lockedmove\n|-resisted|p2a: Solgaleo\n|-damage|p2a: Solgaleo|73\/100\n|-start|p1a: Marshadow|confusion|[fatigue]\n|move|p2a: Solgaleo|Flash Cannon|p1a: Marshadow\n|-damage|p1a: Marshadow|31\/100\n|\n|-heal|p1a: Marshadow|37\/100|[from] item: Leftovers\n|upkeep\n|turn|22\n|\n|t:|1698693322\n|-activate|p1a: Marshadow|confusion\n|move|p1a: Marshadow|Outrage|p2a: Solgaleo\n|-resisted|p2a: Solgaleo\n|-damage|p2a: Solgaleo|61\/100\n|move|p2a: Solgaleo|Flash Cannon|p1a: Marshadow\n|-damage|p1a: Marshadow|5\/100\n|\n|-end|p1a: Marshadow|move: Future Sight\n|-supereffective|p1a: Marshadow\n|-crit|p1a: Marshadow\n|-damage|p1a: Marshadow|0 fnt\n|faint|p1a: Marshadow\n|\n|win|Ammosia\n|upkeep\n","uploadtime":1698693335,"views":9,"p1id":"tropopi","p2id":"ammosia","formatid":"gen9nationaldexubers","rating":0,"private":0,"password":""}