{"id":"gen9nationaldexubers-1978814187","p1":"mastro uccello","p2":"NOOB_1352011","format":"[Gen 9] National Dex Ubers","log":"|j|\u2606mastro uccello\n|j|\u2606NOOB_1352011\n|t:|1698598389\n|gametype|singles\n|player|p1|mastro uccello|guitarist-gen4|1380\n|player|p2|NOOB_1352011|iris-gen5bw2|1521\n|teamsize|p1|6\n|teamsize|p2|6\n|gen|9\n|tier|[Gen 9] National Dex Ubers\n|rated|\n|rule|HP Percentage Mod: HP is shown in percentages\n|rule|Endless Battle Clause: Forcing endless battles is banned\n|rule|OHKO Clause: OHKO moves are banned\n|rule|Evasion Moves Clause: Evasion moves are banned\n|rule|Evasion Items Clause: Evasion items are banned\n|rule|Species Clause: Limit one of each Pok\u00e9mon\n|rule|Sleep Clause Mod: Limit one foe put to sleep\n|rule|Mega Rayquaza Clause: You cannot mega evolve Rayquaza\n|clearpoke\n|poke|p1|Annihilape, M|\n|poke|p1|Lucario, M|\n|poke|p1|Arceus-Ice|\n|poke|p1|Palafin, M|\n|poke|p1|Wooper, M|\n|poke|p1|Necrozma-Dusk-Mane|\n|poke|p2|Zacian-*|\n|poke|p2|Grimmsnarl, M|\n|poke|p2|Ho-Oh|\n|poke|p2|Groudon|\n|poke|p2|Marshadow|\n|poke|p2|Blaziken, M|\n|teampreview\n|inactive|Battle timer is ON: inactive players will automatically lose when time's up. (requested by NOOB_1352011)\n|inactive|NOOB_1352011 has 120 seconds left.\n|\n|t:|1698598422\n|start\n|switch|p1a: Jiren|Palafin, M|100\/100\n|switch|p2a: Groudon|Groudon|100\/100\n|detailschange|p2a: Groudon|Groudon-Primal\n|-primal|p2a: Groudon|Red Orb\n|-weather|DesolateLand|[from] ability: Desolate Land|[of] p2a: Groudon\n|turn|1\n|\n|t:|1698598426\n|detailschange|p1a: Jiren|Palafin-Hero, M\n|switch|p1a: Lord Zeno|Wooper, M|100\/100\n|move|p2a: Groudon|Stealth Rock|p1a: Lord Zeno\n|-sidestart|p1: mastro uccello|move: Stealth Rock\n|\n|-weather|DesolateLand|[upkeep]\n|upkeep\n|turn|2\n|\n|t:|1698598439\n|-weather|none\n|switch|p2a: Grimmsnarl|Grimmsnarl, M|100\/100\n|move|p1a: Lord Zeno|Stealth Rock|p2a: Grimmsnarl\n|-sidestart|p2: NOOB_1352011|move: Stealth Rock\n|\n|upkeep\n|turn|3\n|\n|t:|1698598446\n|move|p2a: Grimmsnarl|Taunt|p1a: Lord Zeno\n|-start|p1a: Lord Zeno|move: Taunt\n|cant|p1a: Lord Zeno|move: Taunt|Encore\n|\n|upkeep\n|turn|4\n|\n|t:|1698598456\n|switch|p1a: Lord Beerus|Lucario, M|100\/100\n|-damage|p1a: Lord Beerus|98\/100|[from] Stealth Rock\n|move|p2a: Grimmsnarl|Reflect|p2a: Grimmsnarl\n|-sidestart|p2: NOOB_1352011|Reflect\n|\n|upkeep\n|turn|5\n|\n|t:|1698598464\n|detailschange|p1a: Lord Beerus|Lucario-Mega, M\n|-mega|p1a: Lord Beerus|Lucario|Lucarionite\n|move|p2a: Grimmsnarl|Light Screen|p2a: Grimmsnarl\n|-sidestart|p2: NOOB_1352011|move: Light Screen\n|move|p1a: Lord Beerus|Swords Dance|p1a: Lord Beerus\n|-boost|p1a: Lord Beerus|atk|2\n|\n|upkeep\n|turn|6\n|\n|t:|1698598474\n|move|p1a: Lord Beerus|Bullet Punch|p2a: Grimmsnarl\n|-supereffective|p2a: Grimmsnarl\n|-damage|p2a: Grimmsnarl|24\/100\n|move|p2a: Grimmsnarl|Parting Shot|p1a: Lord Beerus\n|-unboost|p1a: Lord Beerus|atk|1\n|-unboost|p1a: Lord Beerus|spa|1\n|\n|t:|1698598480\n|switch|p2a: Marshadow|Marshadow|100\/100|[from] Parting Shot\n|-damage|p2a: Marshadow|94\/100|[from] Stealth Rock\n|\n|upkeep\n|turn|7\n|\n|t:|1698598488\n|switch|p1a: Lord Zeno|Wooper, M|100\/100\n|-damage|p1a: Lord Zeno|94\/100|[from] Stealth Rock\n|move|p2a: Marshadow|Spectral Thief|p1a: Lord Zeno\n|-damage|p1a: Lord Zeno|55\/100\n|\n|upkeep\n|turn|8\n|\n|t:|1698598512\n|switch|p2a: Ho-Oh|Ho-Oh|100\/100\n|move|p1a: Lord Zeno|Toxic|p2a: Ho-Oh|[miss]\n|-miss|p1a: Lord Zeno|p2a: Ho-Oh\n|\n|upkeep\n|turn|9\n|\n|t:|1698598520\n|move|p2a: Ho-Oh|Defog|p1a: Lord Zeno\n|-unboost|p1a: Lord Zeno|evasion|1\n|-sideend|p1: mastro uccello|Stealth Rock|[from] move: Defog|[of] p2a: Ho-Oh\n|-sideend|p2: NOOB_1352011|Stealth Rock|[from] move: Defog|[of] p2a: Ho-Oh\n|move|p1a: Lord Zeno|Toxic|p2a: Ho-Oh\n|-status|p2a: Ho-Oh|tox\n|\n|-damage|p2a: Ho-Oh|94\/100 tox|[from] psn\n|upkeep\n|turn|10\n|\n|t:|1698598527\n|move|p2a: Ho-Oh|Earthquake|p1a: Lord Zeno\n|-damage|p1a: Lord Zeno|29\/100\n|move|p1a: Lord Zeno|Stealth Rock|p2a: Ho-Oh\n|-sidestart|p2: NOOB_1352011|move: Stealth Rock\n|\n|-damage|p2a: Ho-Oh|82\/100 tox|[from] psn\n|upkeep\n|turn|11\n|\n|t:|1698598532\n|move|p2a: Ho-Oh|Defog|p1a: Lord Zeno\n|-unboost|p1a: Lord Zeno|evasion|1\n|-sideend|p2: NOOB_1352011|Stealth Rock|[from] move: Defog|[of] p2a: Ho-Oh\n|move|p1a: Lord Zeno|Encore|p2a: Ho-Oh\n|-start|p2a: Ho-Oh|Encore\n|\n|-damage|p2a: Ho-Oh|63\/100 tox|[from] psn\n|-sideend|p2: NOOB_1352011|Reflect\n|upkeep\n|turn|12\n|\n|t:|1698598543\n|switch|p2a: Grimmsnarl|Grimmsnarl, M|24\/100\n|move|p1a: Lord Zeno|Stealth Rock|p2a: Grimmsnarl\n|-sidestart|p2: NOOB_1352011|move: Stealth Rock\n|\n|-sideend|p2: NOOB_1352011|move: Light Screen\n|upkeep\n|turn|13\n|\n|t:|1698598549\n|switch|p1a: Lord Beerus|Lucario-Mega, M|98\/100\n|move|p2a: Grimmsnarl|Reflect|p2a: Grimmsnarl\n|-sidestart|p2: NOOB_1352011|Reflect\n|\n|upkeep\n|turn|14\n|\n|t:|1698598554\n|move|p1a: Lord Beerus|Bullet Punch|p2a: Grimmsnarl\n|-supereffective|p2a: Grimmsnarl\n|-damage|p2a: Grimmsnarl|0 fnt\n|faint|p2a: Grimmsnarl\n|\n|upkeep\n|\n|t:|1698598557\n|switch|p2a: Ho-Oh|Ho-Oh|96\/100 tox\n|turn|15\n|\n|t:|1698598564\n|switch|p1a: Lord Zeno|Wooper, M|29\/100\n|move|p2a: Ho-Oh|Defog|p1a: Lord Zeno\n|-unboost|p1a: Lord Zeno|evasion|1\n|-sideend|p2: NOOB_1352011|Stealth Rock|[from] move: Defog|[of] p2a: Ho-Oh\n|\n|-damage|p2a: Ho-Oh|90\/100 tox|[from] psn\n|upkeep\n|turn|16\n|\n|t:|1698598569\n|move|p2a: Ho-Oh|Earthquake|p1a: Lord Zeno\n|-damage|p1a: Lord Zeno|8\/100\n|move|p1a: Lord Zeno|Encore|p2a: Ho-Oh\n|-start|p2a: Ho-Oh|Encore\n|\n|-damage|p2a: Ho-Oh|77\/100 tox|[from] psn\n|upkeep\n|turn|17\n|\n|t:|1698598574\n|move|p2a: Ho-Oh|Earthquake|p1a: Lord Zeno\n|-crit|p1a: Lord Zeno\n|-damage|p1a: Lord Zeno|0 fnt\n|faint|p1a: Lord Zeno\n|\n|-damage|p2a: Ho-Oh|59\/100 tox|[from] psn\n|upkeep\n|\n|t:|1698598581\n|switch|p1a: Jiren|Palafin-Hero, M|100\/100\n|-activate|p1a: Jiren|ability: Zero to Hero\n|turn|18\n|\n|t:|1698598587\n|switch|p2a: Groudon|Groudon-Primal|100\/100\n|-weather|DesolateLand|[from] ability: Desolate Land|[of] p2a: Groudon\n|move|p1a: Jiren|Bulk Up|p1a: Jiren\n|-boost|p1a: Jiren|atk|1\n|-boost|p1a: Jiren|def|1\n|\n|-weather|DesolateLand|[upkeep]\n|upkeep\n|turn|19\n|\n|t:|1698598593\n|move|p2a: Groudon|Stealth Rock|p1a: Jiren\n|-sidestart|p1: mastro uccello|move: Stealth Rock\n|move|p1a: Jiren|Bulk Up|p1a: Jiren\n|-boost|p1a: Jiren|atk|1\n|-boost|p1a: Jiren|def|1\n|\n|-weather|DesolateLand|[upkeep]\n|upkeep\n|turn|20\n|\n|t:|1698598598\n|move|p2a: Groudon|Precipice Blades|p1a: Jiren\n|-damage|p1a: Jiren|65\/100\n|move|p1a: Jiren|Bulk Up|p1a: Jiren\n|-boost|p1a: Jiren|atk|1\n|-boost|p1a: Jiren|def|1\n|\n|-weather|DesolateLand|[upkeep]\n|-heal|p1a: Jiren|71\/100|[from] item: Leftovers\n|-sideend|p2: NOOB_1352011|Reflect\n|upkeep\n|turn|21\n|\n|t:|1698598607\n|move|p2a: Groudon|Precipice Blades|p1a: Jiren\n|-damage|p1a: Jiren|46\/100\n|move|p1a: Jiren|Drain Punch|p2a: Groudon\n|-damage|p2a: Groudon|45\/100\n|-heal|p1a: Jiren|69\/100|[from] drain|[of] p2a: Groudon\n|\n|-weather|DesolateLand|[upkeep]\n|-heal|p1a: Jiren|75\/100|[from] item: Leftovers\n|upkeep\n|turn|22\n|\n|t:|1698598614\n|move|p2a: Groudon|Precipice Blades|p1a: Jiren\n|-damage|p1a: Jiren|46\/100\n|move|p1a: Jiren|Drain Punch|p2a: Groudon\n|-damage|p2a: Groudon|0 fnt\n|-heal|p1a: Jiren|65\/100|[from] drain|[of] p2a: Groudon\n|faint|p2a: Groudon\n|-weather|none\n|\n|-heal|p1a: Jiren|71\/100|[from] item: Leftovers\n|upkeep\n|\n|t:|1698598617\n|switch|p2a: Marshadow|Marshadow|94\/100\n|turn|23\n|\n|t:|1698598620\n|-terastallize|p1a: Jiren|Water\n|move|p1a: Jiren|Jet Punch|p2a: Marshadow\n|-damage|p2a: Marshadow|0 fnt\n|faint|p2a: Marshadow\n|\n|-heal|p1a: Jiren|77\/100|[from] item: Leftovers\n|upkeep\n|\n|t:|1698598628\n|switch|p2a: Ho-Oh|Ho-Oh|92\/100 tox\n|turn|24\n|\n|t:|1698598639\n|move|p1a: Jiren|Jet Punch|p2a: Ho-Oh\n|-supereffective|p2a: Ho-Oh\n|-damage|p2a: Ho-Oh|0 fnt\n|faint|p2a: Ho-Oh\n|\n|-heal|p1a: Jiren|83\/100|[from] item: Leftovers\n|upkeep\n|\n|t:|1698598645\n|switch|p2a: gg|Zacian-Crowned|100\/100\n|-ability|p2a: gg|Intrepid Sword|boost\n|-boost|p2a: gg|atk|1\n|turn|25\n|\n|t:|1698598649\n|move|p1a: Jiren|Jet Punch|p2a: gg\n|-damage|p2a: gg|0 fnt\n|faint|p2a: gg\n|\n|-heal|p1a: Jiren|90\/100|[from] item: Leftovers\n|upkeep\n|\n|t:|1698598652\n|switch|p2a: Blaziken|Blaziken, M|100\/100\n|turn|26\n|\n|t:|1698598655\n|detailschange|p2a: Blaziken|Blaziken-Mega, M\n|-mega|p2a: Blaziken|Blaziken|Blazikenite\n|move|p1a: Jiren|Jet Punch|p2a: Blaziken\n|-supereffective|p2a: Blaziken\n|-damage|p2a: Blaziken|0 fnt\n|faint|p2a: Blaziken\n|\n|win|mastro uccello\n|raw|mastro uccello's rating: 1380 &rarr; <strong>1408<\/strong><br \/>(+28 for winning)\n|raw|NOOB_1352011's rating: 1521 &rarr; <strong>1493<\/strong><br \/>(-28 for losing)\n","uploadtime":1698598662,"views":16,"p1id":"mastrouccello","p2id":"noob1352011","formatid":"gen9nationaldexubers","rating":1408,"private":0,"password":""}