{"id":"gen9nationaldexubers-1998679911","p1":"W.B gastly","p2":"Critian Caceorte","format":"[Gen 9] National Dex Ubers","log":"|j|\u2606W.B gastly\n|j|\u2606Critian Caceorte\n|t:|1700971551\n|gametype|singles\n|player|p1|W.B gastly|cynthia-gen4|1102\n|player|p2|Critian Caceorte|hilda|1051\n|teamsize|p1|6\n|teamsize|p2|6\n|gen|9\n|tier|[Gen 9] National Dex Ubers\n|rated|\n|rule|HP Percentage Mod: HP is shown in percentages\n|rule|Endless Battle Clause: Forcing endless battles is banned\n|rule|OHKO Clause: OHKO moves are banned\n|rule|Evasion Moves Clause: Evasion moves are banned\n|rule|Evasion Items Clause: Evasion items are banned\n|rule|Species Clause: Limit one of each Pok\u00e9mon\n|rule|Sleep Clause Mod: Limit one foe put to sleep\n|rule|Mega Rayquaza Clause: You cannot mega evolve Rayquaza\n|clearpoke\n|poke|p1|Aerodactyl, F|\n|poke|p1|Smeargle, M|\n|poke|p1|Kartana|\n|poke|p1|Kangaskhan, F|\n|poke|p1|Urshifu-*, M|\n|poke|p1|Xurkitree|\n|poke|p2|Dracovish|\n|poke|p2|Tyranitar, F|\n|poke|p2|Hippowdon, M|\n|poke|p2|Excadrill, M|\n|poke|p2|Houndstone, F|\n|poke|p2|Garganacl, M|\n|teampreview\n|\n|t:|1700971554\n|start\n|switch|p1a: Aerodactyl|Aerodactyl, F|100\/100\n|switch|p2a: Hippowdon|Hippowdon, M|100\/100\n|-weather|Sandstorm|[from] ability: Sand Stream|[of] p2a: Hippowdon\n|turn|1\n|\n|t:|1700971566\n|move|p1a: Aerodactyl|Tailwind|p1a: Aerodactyl\n|-sidestart|p1: W.B gastly|move: Tailwind\n|move|p2a: Hippowdon|Toxic|p1a: Aerodactyl\n|-status|p1a: Aerodactyl|tox\n|\n|-weather|Sandstorm|[upkeep]\n|-damage|p1a: Aerodactyl|95\/100 tox|[from] psn\n|upkeep\n|turn|2\n|\n|t:|1700971578\n|move|p1a: Aerodactyl|Taunt|p2a: Hippowdon\n|-start|p2a: Hippowdon|move: Taunt\n|move|p2a: Hippowdon|Heavy Slam|p1a: Aerodactyl\n|-supereffective|p1a: Aerodactyl\n|-damage|p1a: Aerodactyl|13\/100 tox\n|\n|-weather|Sandstorm|[upkeep]\n|-damage|p1a: Aerodactyl|1\/100 tox|[from] psn\n|upkeep\n|turn|3\n|\n|t:|1700971588\n|move|p1a: Aerodactyl|Reflect|p1a: Aerodactyl\n|-sidestart|p1: W.B gastly|Reflect\n|move|p2a: Hippowdon|Heavy Slam|p1a: Aerodactyl\n|-supereffective|p1a: Aerodactyl\n|-damage|p1a: Aerodactyl|0 fnt\n|faint|p1a: Aerodactyl\n|\n|-weather|Sandstorm|[upkeep]\n|upkeep\n|\n|t:|1700971596\n|switch|p1a: Smeargle|Smeargle, M|100\/100\n|turn|4\n|\n|t:|1700971600\n|move|p1a: Smeargle|Spore|p2a: Hippowdon\n|-status|p2a: Hippowdon|slp|[from] move: Spore\n|cant|p2a: Hippowdon|slp\n|\n|-weather|Sandstorm|[upkeep]\n|-damage|p1a: Smeargle|95\/100|[from] Sandstorm\n|-heal|p1a: Smeargle|100\/100|[from] item: Leftovers\n|-end|p2a: Hippowdon|move: Taunt\n|-sideend|p1: W.B gastly|move: Tailwind\n|-ability|p1a: Smeargle|Moody|boost\n|-boost|p1a: Smeargle|spe|2\n|-unboost|p1a: Smeargle|spa|1\n|upkeep\n|turn|5\n|\n|t:|1700971615\n|switch|p2a: Dracovish|Dracovish|100\/100\n|move|p1a: Smeargle|Substitute|p1a: Smeargle\n|-start|p1a: Smeargle|Substitute\n|-damage|p1a: Smeargle|75\/100\n|\n|-weather|Sandstorm|[upkeep]\n|-damage|p1a: Smeargle|70\/100|[from] Sandstorm\n|-heal|p1a: Smeargle|75\/100|[from] item: Leftovers\n|-ability|p1a: Smeargle|Moody|boost\n|-boost|p1a: Smeargle|atk|2\n|-unboost|p1a: Smeargle|spa|1\n|upkeep\n|turn|6\n|\n|t:|1700971629\n|move|p1a: Smeargle|Protect|p1a: Smeargle\n|-singleturn|p1a: Smeargle|Protect\n|move|p2a: Dracovish|Fishious Rend|p1a: Smeargle\n|-activate|p1a: Smeargle|move: Protect\n|\n|-weather|Sandstorm|[upkeep]\n|-damage|p1a: Smeargle|70\/100|[from] Sandstorm\n|-heal|p1a: Smeargle|75\/100|[from] item: Leftovers\n|-ability|p1a: Smeargle|Moody|boost\n|-boost|p1a: Smeargle|spe|2\n|-unboost|p1a: Smeargle|atk|1\n|upkeep\n|turn|7\n|\n|t:|1700971652\n|move|p1a: Smeargle|Protect|p1a: Smeargle\n|-singleturn|p1a: Smeargle|Protect\n|move|p2a: Dracovish|Fishious Rend|p1a: Smeargle\n|-activate|p1a: Smeargle|move: Protect\n|\n|-weather|Sandstorm|[upkeep]\n|-damage|p1a: Smeargle|70\/100|[from] Sandstorm\n|-heal|p1a: Smeargle|75\/100|[from] item: Leftovers\n|-sideend|p1: W.B gastly|Reflect\n|-ability|p1a: Smeargle|Moody|boost\n|-boost|p1a: Smeargle|def|2\n|-unboost|p1a: Smeargle|atk|1\n|upkeep\n|turn|8\n|\n|t:|1700971664\n|move|p1a: Smeargle|Protect||[still]\n|-fail|p1a: Smeargle\n|move|p2a: Dracovish|Fishious Rend|p1a: Smeargle\n|-end|p1a: Smeargle|Substitute\n|\n|-weather|none\n|-heal|p1a: Smeargle|81\/100|[from] item: Leftovers\n|-ability|p1a: Smeargle|Moody|boost\n|-boost|p1a: Smeargle|spa|2\n|-unboost|p1a: Smeargle|spe|1\n|upkeep\n|turn|9\n|\n|t:|1700971675\n|move|p1a: Smeargle|Protect|p1a: Smeargle\n|-singleturn|p1a: Smeargle|Protect\n|move|p2a: Dracovish|Fishious Rend|p1a: Smeargle\n|-activate|p1a: Smeargle|move: Protect\n|\n|-heal|p1a: Smeargle|87\/100|[from] item: Leftovers\n|-ability|p1a: Smeargle|Moody|boost\n|-boost|p1a: Smeargle|def|2\n|-unboost|p1a: Smeargle|spe|1\n|upkeep\n|turn|10\n|\n|t:|1700971685\n|move|p1a: Smeargle|Substitute|p1a: Smeargle\n|-start|p1a: Smeargle|Substitute\n|-damage|p1a: Smeargle|62\/100\n|move|p2a: Dracovish|Fishious Rend|p1a: Smeargle\n|-end|p1a: Smeargle|Substitute\n|\n|-heal|p1a: Smeargle|68\/100|[from] item: Leftovers\n|-ability|p1a: Smeargle|Moody|boost\n|-boost|p1a: Smeargle|atk|2\n|-unboost|p1a: Smeargle|spa|1\n|upkeep\n|turn|11\n|\n|t:|1700971697\n|switch|p2a: Hippowdon|Hippowdon, M|100\/100 slp\n|-weather|Sandstorm|[from] ability: Sand Stream|[of] p2a: Hippowdon\n|move|p1a: Smeargle|Protect||[still]\n|-fail|p1a: Smeargle\n|\n|-weather|Sandstorm|[upkeep]\n|-damage|p1a: Smeargle|62\/100|[from] Sandstorm\n|-heal|p1a: Smeargle|68\/100|[from] item: Leftovers\n|-ability|p1a: Smeargle|Moody|boost\n|-boost|p1a: Smeargle|spa|2\n|-unboost|p1a: Smeargle|spd|1\n|upkeep\n|turn|12\n|\n|t:|1700971711\n|switch|p2a: Excadrill|Excadrill, M|100\/100\n|move|p1a: Smeargle|Substitute|p1a: Smeargle\n|-start|p1a: Smeargle|Substitute\n|-damage|p1a: Smeargle|43\/100\n|\n|-weather|Sandstorm|[upkeep]\n|-damage|p1a: Smeargle|37\/100|[from] Sandstorm\n|-heal|p1a: Smeargle|43\/100|[from] item: Leftovers\n|-ability|p1a: Smeargle|Moody|boost\n|-boost|p1a: Smeargle|spd|2\n|-unboost|p1a: Smeargle|def|1\n|upkeep\n|turn|13\n|\n|t:|1700971726\n|move|p1a: Smeargle|Protect|p1a: Smeargle\n|-singleturn|p1a: Smeargle|Protect\n|move|p2a: Excadrill|Iron Head|p1a: Smeargle\n|-activate|p1a: Smeargle|move: Protect\n|\n|-weather|Sandstorm|[upkeep]\n|-damage|p1a: Smeargle|37\/100|[from] Sandstorm\n|-heal|p1a: Smeargle|43\/100|[from] item: Leftovers\n|-ability|p1a: Smeargle|Moody|boost\n|-boost|p1a: Smeargle|spe|2\n|-unboost|p1a: Smeargle|spa|1\n|upkeep\n|turn|14\n|\n|t:|1700971743\n|move|p1a: Smeargle|Protect|p1a: Smeargle\n|-singleturn|p1a: Smeargle|Protect\n|move|p2a: Excadrill|Iron Head|p1a: Smeargle\n|-activate|p1a: Smeargle|move: Protect\n|\n|-weather|Sandstorm|[upkeep]\n|-damage|p1a: Smeargle|37\/100|[from] Sandstorm\n|-heal|p1a: Smeargle|43\/100|[from] item: Leftovers\n|-ability|p1a: Smeargle|Moody|boost\n|-boost|p1a: Smeargle|def|2\n|-unboost|p1a: Smeargle|spe|1\n|upkeep\n|turn|15\n|\n|t:|1700971756\n|move|p1a: Smeargle|Protect||[still]\n|-fail|p1a: Smeargle\n|move|p2a: Excadrill|Iron Head|p1a: Smeargle\n|-end|p1a: Smeargle|Substitute\n|-damage|p2a: Excadrill|91\/100|[from] item: Life Orb\n|\n|-weather|Sandstorm|[upkeep]\n|-damage|p1a: Smeargle|37\/100|[from] Sandstorm\n|-heal|p1a: Smeargle|43\/100|[from] item: Leftovers\n|-ability|p1a: Smeargle|Moody|boost\n|-boost|p1a: Smeargle|spa|2\n|-unboost|p1a: Smeargle|atk|1\n|upkeep\n|turn|16\n|\n|t:|1700971770\n|move|p1a: Smeargle|Protect|p1a: Smeargle\n|-singleturn|p1a: Smeargle|Protect\n|move|p2a: Excadrill|Iron Head|p1a: Smeargle\n|-activate|p1a: Smeargle|move: Protect\n|\n|-weather|Sandstorm|[upkeep]\n|-damage|p1a: Smeargle|37\/100|[from] Sandstorm\n|-heal|p1a: Smeargle|43\/100|[from] item: Leftovers\n|-ability|p1a: Smeargle|Moody|boost\n|-boost|p1a: Smeargle|spd|2\n|-unboost|p1a: Smeargle|spe|1\n|upkeep\n|turn|17\n|\n|t:|1700971782\n|move|p2a: Excadrill|Iron Head|p1a: Smeargle\n|-damage|p1a: Smeargle|14\/100\n|-damage|p2a: Excadrill|81\/100|[from] item: Life Orb\n|cant|p1a: Smeargle|flinch\n|\n|-weather|Sandstorm|[upkeep]\n|-damage|p1a: Smeargle|8\/100|[from] Sandstorm\n|-heal|p1a: Smeargle|14\/100|[from] item: Leftovers\n|-ability|p1a: Smeargle|Moody|boost\n|-boost|p1a: Smeargle|spa|2\n|-unboost|p1a: Smeargle|atk|1\n|upkeep\n|turn|18\n|\n|t:|1700971795\n|move|p1a: Smeargle|Protect|p1a: Smeargle\n|-singleturn|p1a: Smeargle|Protect\n|move|p2a: Excadrill|Iron Head|p1a: Smeargle\n|-activate|p1a: Smeargle|move: Protect\n|\n|-weather|none\n|-heal|p1a: Smeargle|20\/100|[from] item: Leftovers\n|-ability|p1a: Smeargle|Moody|boost\n|-boost|p1a: Smeargle|def|1\n|-unboost|p1a: Smeargle|spe|1\n|upkeep\n|turn|19\n|\n|t:|1700971806\n|switch|p2a: Hippowdon|Hippowdon, M|100\/100 slp\n|-weather|Sandstorm|[from] ability: Sand Stream|[of] p2a: Hippowdon\n|move|p1a: Smeargle|Power Trip|p2a: Hippowdon\n|-damage|p2a: Hippowdon|90\/100 slp\n|\n|-weather|Sandstorm|[upkeep]\n|-damage|p1a: Smeargle|14\/100|[from] Sandstorm\n|-heal|p1a: Smeargle|20\/100|[from] item: Leftovers\n|-ability|p1a: Smeargle|Moody|boost\n|-boost|p1a: Smeargle|spd|2\n|-unboost|p1a: Smeargle|atk|1\n|upkeep\n|turn|20\n|\n|t:|1700971822\n|switch|p2a: Excadrill|Excadrill, M|81\/100\n|move|p1a: Smeargle|Power Trip|p2a: Excadrill\n|-damage|p2a: Excadrill|58\/100\n|\n|-weather|Sandstorm|[upkeep]\n|-damage|p1a: Smeargle|14\/100|[from] Sandstorm\n|-heal|p1a: Smeargle|20\/100|[from] item: Leftovers\n|-ability|p1a: Smeargle|Moody|boost\n|-boost|p1a: Smeargle|spe|2\n|-unboost|p1a: Smeargle|spa|1\n|upkeep\n|turn|21\n|\n|t:|1700971835\n|move|p1a: Smeargle|Protect|p1a: Smeargle\n|-singleturn|p1a: Smeargle|Protect\n|move|p2a: Excadrill|Brick Break|p1a: Smeargle\n|-activate|p1a: Smeargle|move: Protect\n|\n|-weather|Sandstorm|[upkeep]\n|-damage|p1a: Smeargle|14\/100|[from] Sandstorm\n|-heal|p1a: Smeargle|20\/100|[from] item: Leftovers\n|-ability|p1a: Smeargle|Moody|boost\n|-boost|p1a: Smeargle|atk|2\n|-unboost|p1a: Smeargle|def|1\n|upkeep\n|turn|22\n|\n|t:|1700971847\n|move|p2a: Excadrill|Iron Head|p1a: Smeargle\n|-damage|p1a: Smeargle|0 fnt\n|faint|p1a: Smeargle\n|-damage|p2a: Excadrill|48\/100|[from] item: Life Orb\n|\n|-weather|Sandstorm|[upkeep]\n|upkeep\n|\n|t:|1700971856\n|switch|p1a: Kartana|Kartana|100\/100\n|turn|23\n|\n|t:|1700971861\n|move|p2a: Excadrill|Brick Break|p1a: Kartana\n|-supereffective|p1a: Kartana\n|-damage|p1a: Kartana|16\/100\n|-damage|p2a: Excadrill|38\/100|[from] item: Life Orb\n|move|p1a: Kartana|Sacred Sword|p2a: Excadrill\n|-supereffective|p2a: Excadrill\n|-damage|p2a: Excadrill|0 fnt\n|faint|p2a: Excadrill\n|-ability|p1a: Kartana|Beast Boost|boost\n|-boost|p1a: Kartana|atk|1\n|\n|-weather|Sandstorm|[upkeep]\n|upkeep\n|\n|t:|1700971872\n|switch|p2a: Dracovish|Dracovish|100\/100\n|turn|24\n|\n|t:|1700971884\n|move|p2a: Dracovish|Earthquake|p1a: Kartana\n|-damage|p1a: Kartana|0 fnt\n|faint|p1a: Kartana\n|\n|-weather|Sandstorm|[upkeep]\n|upkeep\n|\n|t:|1700971892\n|switch|p1a: Kangaskhan|Kangaskhan, F|100\/100\n|turn|25\n|\n|t:|1700971897\n|detailschange|p1a: Kangaskhan|Kangaskhan-Mega, F\n|-mega|p1a: Kangaskhan|Kangaskhan|Kangaskhanite\n|move|p1a: Kangaskhan|Fake Out|p2a: Dracovish\n|-damage|p2a: Dracovish|78\/100\n|-damage|p2a: Dracovish|72\/100\n|-hitcount|p2a: Dracovish|2\n|cant|p2a: Dracovish|flinch\n|\n|-weather|Sandstorm|[upkeep]\n|-damage|p1a: Kangaskhan|95\/100|[from] Sandstorm\n|upkeep\n|turn|26\n|\n|t:|1700971911\n|move|p2a: Dracovish|Earthquake|p1a: Kangaskhan\n|-damage|p1a: Kangaskhan|62\/100\n|move|p1a: Kangaskhan|Body Slam|p2a: Dracovish\n|-damage|p2a: Dracovish|23\/100\n|-damage|p2a: Dracovish|10\/100\n|-status|p2a: Dracovish|par\n|-hitcount|p2a: Dracovish|2\n|\n|-weather|none\n|upkeep\n|turn|27\n|\n|t:|1700971922\n|move|p1a: Kangaskhan|Power-Up Punch|p2a: Dracovish\n|-damage|p2a: Dracovish|0 fnt\n|-boost|p1a: Kangaskhan|atk|1\n|faint|p2a: Dracovish\n|-hitcount|p2: Dracovish|1\n|\n|upkeep\n|\n|t:|1700971931\n|switch|p2a: Tyranitar|Tyranitar, F|100\/100\n|-weather|Sandstorm|[from] ability: Sand Stream|[of] p2a: Tyranitar\n|turn|28\n|\n|t:|1700971944\n|detailschange|p2a: Tyranitar|Tyranitar-Mega, F\n|-mega|p2a: Tyranitar|Tyranitar|Tyranitarite\n|move|p1a: Kangaskhan|Power-Up Punch|p2a: Tyranitar\n|-supereffective|p2a: Tyranitar\n|-damage|p2a: Tyranitar|43\/100\n|-boost|p1a: Kangaskhan|atk|1\n|-supereffective|p2a: Tyranitar\n|-damage|p2a: Tyranitar|26\/100\n|-boost|p1a: Kangaskhan|atk|1\n|-hitcount|p2a: Tyranitar|2\n|move|p2a: Tyranitar|Power-Up Punch|p1a: Kangaskhan\n|-supereffective|p1a: Kangaskhan\n|-damage|p1a: Kangaskhan|30\/100\n|-boost|p2a: Tyranitar|atk|1\n|\n|-weather|Sandstorm|[upkeep]\n|-damage|p1a: Kangaskhan|24\/100|[from] Sandstorm\n|upkeep\n|turn|29\n|\n|t:|1700971959\n|move|p1a: Kangaskhan|Power-Up Punch|p2a: Tyranitar\n|-supereffective|p2a: Tyranitar\n|-damage|p2a: Tyranitar|0 fnt\n|-boost|p1a: Kangaskhan|atk|1\n|faint|p2a: Tyranitar\n|-hitcount|p2: Tyranitar|1\n|\n|-weather|Sandstorm|[upkeep]\n|-damage|p1a: Kangaskhan|18\/100|[from] Sandstorm\n|upkeep\n|\n|t:|1700971969\n|switch|p2a: Houndstone|Houndstone, F|100\/100\n|turn|30\n|\n|t:|1700971975\n|move|p2a: Houndstone|Crunch|p1a: Kangaskhan\n|-damage|p1a: Kangaskhan|0 fnt\n|faint|p1a: Kangaskhan\n|\n|-weather|Sandstorm|[upkeep]\n|upkeep\n|\n|t:|1700971983\n|switch|p1a: Urshifu|Urshifu-Rapid-Strike, M|100\/100\n|turn|31\n|\n|t:|1700971987\n|switch|p2a: Garganacl|Garganacl, M|100\/100\n|move|p1a: Urshifu|Surging Strikes|p2a: Garganacl\n|-supereffective|p2a: Garganacl\n|-crit|p2a: Garganacl\n|-damage|p2a: Garganacl|75\/100\n|-supereffective|p2a: Garganacl\n|-crit|p2a: Garganacl\n|-damage|p2a: Garganacl|47\/100\n|-supereffective|p2a: Garganacl\n|-crit|p2a: Garganacl\n|-damage|p2a: Garganacl|18\/100\n|-hitcount|p2a: Garganacl|3\n|\n|-weather|Sandstorm|[upkeep]\n|-damage|p1a: Urshifu|94\/100|[from] Sandstorm\n|-heal|p2a: Garganacl|25\/100|[from] item: Leftovers\n|upkeep\n|turn|32\n|\n|t:|1700972002\n|move|p1a: Urshifu|Surging Strikes|p2a: Garganacl\n|-supereffective|p2a: Garganacl\n|-crit|p2a: Garganacl\n|-damage|p2a: Garganacl|0 fnt\n|faint|p2a: Garganacl\n|-hitcount|p2: Garganacl|1\n|\n|-weather|none\n|upkeep\n|\n|t:|1700972008\n|switch|p2a: Hippowdon|Hippowdon, M|90\/100 slp\n|-weather|Sandstorm|[from] ability: Sand Stream|[of] p2a: Hippowdon\n|turn|33\n|\n|t:|1700972015\n|move|p1a: Urshifu|Surging Strikes|p2a: Hippowdon\n|-supereffective|p2a: Hippowdon\n|-crit|p2a: Hippowdon\n|-damage|p2a: Hippowdon|68\/100 slp\n|-supereffective|p2a: Hippowdon\n|-crit|p2a: Hippowdon\n|-damage|p2a: Hippowdon|47\/100 slp\n|-supereffective|p2a: Hippowdon\n|-crit|p2a: Hippowdon\n|-damage|p2a: Hippowdon|26\/100 slp\n|-hitcount|p2a: Hippowdon|3\n|cant|p2a: Hippowdon|slp\n|\n|-weather|Sandstorm|[upkeep]\n|-damage|p1a: Urshifu|88\/100|[from] Sandstorm\n|upkeep\n|turn|34\n|\n|t:|1700972027\n|move|p1a: Urshifu|Surging Strikes|p2a: Hippowdon\n|-supereffective|p2a: Hippowdon\n|-crit|p2a: Hippowdon\n|-damage|p2a: Hippowdon|6\/100 slp\n|-supereffective|p2a: Hippowdon\n|-crit|p2a: Hippowdon\n|-damage|p2a: Hippowdon|0 fnt\n|faint|p2a: Hippowdon\n|-hitcount|p2: Hippowdon|2\n|\n|-weather|Sandstorm|[upkeep]\n|-damage|p1a: Urshifu|82\/100|[from] Sandstorm\n|upkeep\n|\n|t:|1700972036\n|switch|p2a: Houndstone|Houndstone, F|100\/100\n|turn|35\n|\n|t:|1700972040\n|-terastallize|p2a: Houndstone|Ghost\n|move|p2a: Houndstone|Last Respects|p1a: Urshifu\n|-damage|p1a: Urshifu|0 fnt\n|faint|p1a: Urshifu\n|\n|-weather|Sandstorm|[upkeep]\n|upkeep\n|\n|t:|1700972049\n|switch|p1a: Xurkitree|Xurkitree|100\/100\n|turn|36\n|\n|t:|1700972054\n|move|p2a: Houndstone|Last Respects|p1a: Xurkitree\n|-damage|p1a: Xurkitree|0 fnt\n|faint|p1a: Xurkitree\n|\n|win|Critian Caceorte\n|raw|W.B gastly's rating: 1102 &rarr; <strong>1073<\/strong><br \/>(-29 for losing)\n|raw|Critian Caceorte's rating: 1051 &rarr; <strong>1088<\/strong><br \/>(+37 for winning)\n|c|\u2606Critian Caceorte|gg\n|c|\u2606W.B gastly|Gg wp\n|l|\u2606W.B gastly\n","uploadtime":1700972067,"views":1,"p1id":"wbgastly","p2id":"critiancaceorte","formatid":"gen9nationaldexubers","rating":1073,"private":0,"password":""}