{"id":"gen9nationaldexubers-1981665291","p1":"redxteamx","p2":"KingoftheTitans","format":"[Gen 9] National Dex Ubers","log":"|j|\u2606redxteamx\n|j|\u2606KingoftheTitans\n|t:|1698931717\n|gametype|singles\n|player|p1|redxteamx|gentleman-gen4|1365\n|player|p2|KingoftheTitans|170|1334\n|teamsize|p1|6\n|teamsize|p2|6\n|gen|9\n|tier|[Gen 9] National Dex Ubers\n|rated|\n|rule|HP Percentage Mod: HP is shown in percentages\n|rule|Endless Battle Clause: Forcing endless battles is banned\n|rule|OHKO Clause: OHKO moves are banned\n|rule|Evasion Moves Clause: Evasion moves are banned\n|rule|Evasion Items Clause: Evasion items are banned\n|rule|Species Clause: Limit one of each Pok\u00e9mon\n|rule|Sleep Clause Mod: Limit one foe put to sleep\n|rule|Mega Rayquaza Clause: You cannot mega evolve Rayquaza\n|clearpoke\n|poke|p1|Annihilape, M|\n|poke|p1|Xerneas-*|\n|poke|p1|Landorus-Therian, M|\n|poke|p1|Kingambit, F|\n|poke|p1|Kleavor, F|\n|poke|p1|Heatran, M|\n|poke|p2|Ogerpon-Hearthflame, F|\n|poke|p2|Deoxys-Attack|\n|poke|p2|Salamence, M|\n|poke|p2|Dragapult, M|\n|poke|p2|Darmanitan-Galar, F|\n|poke|p2|Flutter Mane|\n|teampreview\n|inactive|Battle timer is ON: inactive players will automatically lose when time's up. (requested by redxteamx)\n|inactive|redxteamx has 120 seconds left.\n|\n|t:|1698931751\n|start\n|switch|p1a: Kleavor|Kleavor, F|100\/100\n|switch|p2a: Darmanitan|Darmanitan-Galar, F, shiny|100\/100\n|turn|1\n|\n|t:|1698931762\n|move|p2a: Darmanitan|U-turn|p1a: Kleavor\n|-damage|p1a: Kleavor|51\/100\n|\n|t:|1698931765\n|switch|p2a: Salamence|Salamence, M, shiny|100\/100|[from] U-turn\n|-ability|p2a: Salamence|Intimidate|boost\n|-unboost|p1a: Kleavor|atk|1\n|move|p1a: Kleavor|Stone Axe|p2a: Salamence|[miss]\n|-miss|p1a: Kleavor|p2a: Salamence\n|\n|upkeep\n|turn|2\n|\n|t:|1698931774\n|detailschange|p2a: Salamence|Salamence-Mega, M, shiny\n|-mega|p2a: Salamence|Salamence|Salamencite\n|move|p2a: Salamence|Body Slam|p1a: Kleavor\n|-damage|p1a: Kleavor|0 fnt\n|faint|p1a: Kleavor\n|\n|upkeep\n|\n|t:|1698931781\n|switch|p1a: Xerneas|Xerneas|100\/100\n|-ability|p1a: Xerneas|Fairy Aura\n|turn|3\n|\n|t:|1698931789\n|move|p2a: Salamence|Dragon Dance|p2a: Salamence\n|-boost|p2a: Salamence|atk|1\n|-boost|p2a: Salamence|spe|1\n|move|p1a: Xerneas|Moonblast|p2a: Salamence\n|-supereffective|p2a: Salamence\n|-damage|p2a: Salamence|0 fnt\n|faint|p2a: Salamence\n|\n|upkeep\n|\n|t:|1698931796\n|switch|p2a: Deoxys|Deoxys-Attack, shiny|100\/100\n|-ability|p2a: Deoxys|Pressure\n|turn|4\n|\n|t:|1698931800\n|move|p2a: Deoxys|Psycho Boost|p1a: Xerneas\n|-damage|p1a: Xerneas|30\/100\n|-unboost|p2a: Deoxys|spa|2\n|move|p1a: Xerneas|Geomancy||[still]\n|-prepare|p1a: Xerneas|Geomancy\n|-enditem|p1a: Xerneas|Power Herb\n|-anim|p1a: Xerneas|Geomancy|p1a: Xerneas\n|-boost|p1a: Xerneas|spa|2\n|-boost|p1a: Xerneas|spd|2\n|-boost|p1a: Xerneas|spe|2\n|\n|upkeep\n|turn|5\n|\n|t:|1698931810\n|-terastallize|p1a: Xerneas|Fairy\n|move|p2a: Deoxys|Extreme Speed|p1a: Xerneas\n|-damage|p1a: Xerneas|3\/100\n|move|p1a: Xerneas|Moonblast|p2a: Deoxys\n|-enditem|p2a: Deoxys|Focus Sash\n|-damage|p2a: Deoxys|1\/100\n|\n|upkeep\n|turn|6\n|\n|t:|1698931817\n|move|p2a: Deoxys|Extreme Speed|p1a: Xerneas\n|-damage|p1a: Xerneas|0 fnt\n|faint|p1a: Xerneas\n|\n|upkeep\n|\n|t:|1698931831\n|switch|p1a: Heatran|Heatran, M|100\/100\n|turn|7\n|\n|t:|1698931835\n|move|p2a: Deoxys|Brick Break|p1a: Heatran\n|-supereffective|p1a: Heatran\n|-damage|p1a: Heatran|49\/100\n|move|p1a: Heatran|Dark Pulse|p2a: Deoxys\n|-supereffective|p2a: Deoxys\n|-damage|p2a: Deoxys|0 fnt\n|faint|p2a: Deoxys\n|\n|upkeep\n|\n|t:|1698931851\n|switch|p2a: Flutter Mane|Flutter Mane, shiny|100\/100\n|-enditem|p2a: Flutter Mane|Booster Energy\n|-activate|p2a: Flutter Mane|ability: Protosynthesis|[fromitem]\n|-start|p2a: Flutter Mane|protosynthesisspe\n|turn|8\n|\n|t:|1698931860\n|move|p2a: Flutter Mane|Shadow Ball|p1a: Heatran\n|-damage|p1a: Heatran|11\/100\n|move|p1a: Heatran|Magma Storm|p2a: Flutter Mane\n|-crit|p2a: Flutter Mane\n|-damage|p2a: Flutter Mane|8\/100\n|-activate|p2a: Flutter Mane|move: Magma Storm|[of] p1a: Heatran\n|\n|-damage|p2a: Flutter Mane|0 fnt|[from] move: Magma Storm|[partiallytrapped]\n|faint|p2a: Flutter Mane\n|-end|p2a: Flutter Mane|Protosynthesis|[silent]\n|upkeep\n|\n|t:|1698931870\n|switch|p2a: Darmanitan|Darmanitan-Galar, F, shiny|100\/100\n|turn|9\n|\n|t:|1698931874\n|move|p2a: Darmanitan|U-turn|p1a: Heatran\n|-resisted|p1a: Heatran\n|-damage|p1a: Heatran|3\/100\n|\n|t:|1698931877\n|switch|p2a: Dragapult|Dragapult, M, shiny|100\/100|[from] U-turn\n|move|p1a: Heatran|Magma Storm|p2a: Dragapult\n|-resisted|p2a: Dragapult\n|-damage|p2a: Dragapult|63\/100\n|-activate|p2a: Dragapult|move: Magma Storm|[of] p1a: Heatran\n|-start|p1a: Heatran|Disable|Magma Storm|[from] ability: Cursed Body|[of] p2a: Dragapult\n|\n|-damage|p2a: Dragapult|50\/100|[from] move: Magma Storm|[partiallytrapped]\n|upkeep\n|turn|10\n|\n|t:|1698931886\n|move|p2a: Dragapult|Surf|p1a: Heatran\n|-supereffective|p1a: Heatran\n|-damage|p1a: Heatran|0 fnt\n|faint|p1a: Heatran\n|\n|-end|p2a: Dragapult|Magma Storm|[partiallytrapped]|[silent]\n|upkeep\n|\n|t:|1698931890\n|switch|p1a: Landorus|Landorus-Therian, M|100\/100\n|-ability|p1a: Landorus|Intimidate|boost\n|-unboost|p2a: Dragapult|atk|1\n|turn|11\n|\n|t:|1698931894\n|move|p2a: Dragapult|Surf|p1a: Landorus\n|-supereffective|p1a: Landorus\n|-enditem|p1a: Landorus|Focus Sash\n|-damage|p1a: Landorus|1\/100\n|move|p1a: Landorus|Rock Polish|p1a: Landorus\n|-boost|p1a: Landorus|spe|2\n|\n|upkeep\n|turn|12\n|\n|t:|1698931900\n|move|p1a: Landorus|Earthquake|p2a: Dragapult\n|-damage|p2a: Dragapult|0 fnt\n|faint|p2a: Dragapult\n|\n|upkeep\n|\n|t:|1698931905\n|switch|p2a: Darmanitan|Darmanitan-Galar, F, shiny|100\/100\n|turn|13\n|\n|t:|1698931909\n|move|p1a: Landorus|Stone Edge|p2a: Darmanitan|[miss]\n|-miss|p1a: Landorus|p2a: Darmanitan\n|move|p2a: Darmanitan|U-turn|p1a: Landorus\n|-resisted|p1a: Landorus\n|-damage|p1a: Landorus|0 fnt\n|faint|p1a: Landorus\n|\n|t:|1698931914\n|switch|p2a: Ogerpon|Ogerpon-Hearthflame, F|100\/100|[from] U-turn\n|-ability|p2a: Ogerpon|Mold Breaker\n|\n|upkeep\n|\n|t:|1698931918\n|switch|p1a: Annihilape|Annihilape, M|100\/100\n|turn|14\n|\n|t:|1698931935\n|-terastallize|p2a: Ogerpon|Fire\n|detailschange|p2a: Ogerpon|Ogerpon-Hearthflame-Tera, F, tera:Fire\n|-ability|p2a: Ogerpon|Embody Aspect (Hearthflame)|boost\n|-boost|p2a: Ogerpon|atk|1\n|move|p2a: Ogerpon|Ivy Cudgel|p1a: Annihilape\n|-enditem|p1a: Annihilape|Focus Sash\n|-damage|p1a: Annihilape|1\/100\n|move|p1a: Annihilape|Rage Fist|p2a: Ogerpon\n|-crit|p2a: Ogerpon\n|-damage|p2a: Ogerpon|10\/100\n|\n|upkeep\n|turn|15\n|\n|t:|1698931945\n|move|p2a: Ogerpon|Horn Leech|p1a: Annihilape\n|-damage|p1a: Annihilape|0 fnt\n|-heal|p2a: Ogerpon|10\/100|[from] drain|[of] p1a: Annihilape\n|faint|p1a: Annihilape\n|\n|upkeep\n|inactive|redxteamx has 120 seconds left.\n|\n|t:|1698931975\n|switch|p1a: Kingambit|Kingambit, F|100\/100\n|-activate|p1a: Kingambit|ability: Supreme Overlord\n|-start|p1a: Kingambit|fallen5|[silent]\n|turn|16\n|\n|t:|1698931988\n|move|p1a: Kingambit|Sucker Punch||[still]\n|-fail|p1a: Kingambit\n|move|p2a: Ogerpon|Swords Dance|p2a: Ogerpon\n|-boost|p2a: Ogerpon|atk|2\n|\n|upkeep\n|turn|17\n|\n|t:|1698931995\n|move|p1a: Kingambit|Sucker Punch|p2a: Ogerpon\n|-damage|p2a: Ogerpon|0 fnt\n|faint|p2a: Ogerpon\n|\n|upkeep\n|\n|t:|1698931999\n|switch|p2a: Darmanitan|Darmanitan-Galar, F, shiny|100\/100\n|turn|18\n|\n|t:|1698932002\n|move|p2a: Darmanitan|Flare Blitz|p1a: Kingambit\n|-supereffective|p1a: Kingambit\n|-damage|p1a: Kingambit|4\/100\n|-damage|p2a: Darmanitan|64\/100|[from] Recoil\n|move|p1a: Kingambit|Iron Head|p2a: Darmanitan\n|-supereffective|p2a: Darmanitan\n|-damage|p2a: Darmanitan|0 fnt\n|faint|p2a: Darmanitan\n|\n|win|redxteamx\n|raw|redxteamx's rating: 1365 &rarr; <strong>1383<\/strong><br \/>(+18 for winning)\n|raw|KingoftheTitans's rating: 1334 &rarr; <strong>1316<\/strong><br \/>(-18 for losing)\n|c|\u2606KingoftheTitans|WHAT???\n","uploadtime":1698932040,"views":12,"p1id":"redxteamx","p2id":"kingofthetitans","formatid":"gen9nationaldexubers","rating":1316,"private":0,"password":""}