{"id":"gen9nationaldexubers-1986120658","p1":"ThatDumbo","p2":"Ichangedmynameto","format":"[Gen 9] National Dex Ubers","log":"|j|\u2606ThatDumbo\n|j|\u203dIchangedmynameto\n|t:|1699452174\n|gametype|singles\n|player|p1|ThatDumbo|1|1217\n|player|p2|Ichangedmynameto|jogger|1141\n|teamsize|p1|6\n|teamsize|p2|6\n|gen|9\n|tier|[Gen 9] National Dex Ubers\n|rated|\n|rule|HP Percentage Mod: HP is shown in percentages\n|rule|Endless Battle Clause: Forcing endless battles is banned\n|rule|OHKO Clause: OHKO moves are banned\n|rule|Evasion Moves Clause: Evasion moves are banned\n|rule|Evasion Items Clause: Evasion items are banned\n|rule|Species Clause: Limit one of each Pok\u00e9mon\n|rule|Sleep Clause Mod: Limit one foe put to sleep\n|rule|Mega Rayquaza Clause: You cannot mega evolve Rayquaza\n|clearpoke\n|poke|p1|Ninjask, M|\n|poke|p1|Crawdaunt, F|\n|poke|p1|Lopunny, M|\n|poke|p1|Ferrothorn, F|\n|poke|p1|Dragapult, F|\n|poke|p1|Clefable, M|\n|poke|p2|Togekiss, M|\n|poke|p2|Samurott-Hisui, M|\n|poke|p2|Zapdos-Galar|\n|poke|p2|Necrozma-Dusk-Mane|\n|poke|p2|Tyranitar, M|\n|poke|p2|Swampert, M|\n|teampreview\n|\n|t:|1699452186\n|start\n|switch|p1a: Shimmer|Clefable, M, shiny|100\/100\n|switch|p2a: Samurott|Samurott-Hisui, M|100\/100\n|turn|1\n|\n|t:|1699452191\n|move|p2a: Samurott|Ceaseless Edge|p1a: Shimmer\n|-resisted|p1a: Shimmer\n|-crit|p1a: Shimmer\n|-damage|p1a: Shimmer|68\/100\n|-sidestart|p1: ThatDumbo|Spikes\n|move|p1a: Shimmer|Cosmic Power|p1a: Shimmer\n|-boost|p1a: Shimmer|def|1\n|-boost|p1a: Shimmer|spd|1\n|\n|upkeep\n|turn|2\n|\n|t:|1699452199\n|switch|p2a: Necrozma|Necrozma-Dusk-Mane|100\/100\n|move|p1a: Shimmer|Cosmic Power|p1a: Shimmer\n|-boost|p1a: Shimmer|def|1\n|-boost|p1a: Shimmer|spd|1\n|\n|upkeep\n|turn|3\n|\n|t:|1699452207\n|move|p2a: Necrozma|Sunsteel Strike|p1a: Shimmer\n|-supereffective|p1a: Shimmer\n|-damage|p1a: Shimmer|12\/100\n|move|p1a: Shimmer|Flamethrower|p2a: Necrozma\n|-supereffective|p2a: Necrozma\n|-damage|p2a: Necrozma|54\/100\n|\n|upkeep\n|turn|4\n|\n|t:|1699452217\n|switch|p1a: Metagrass|Ferrothorn, F|100\/100\n|-damage|p1a: Metagrass|88\/100|[from] Spikes\n|detailschange|p2a: Necrozma|Necrozma-Ultra\n|-burst|p2a: Necrozma|Necrozma|Ultranecrozium Z\n|move|p2a: Necrozma|Sunsteel Strike|p1a: Metagrass\n|-resisted|p1a: Metagrass\n|-damage|p1a: Metagrass|73\/100\n|-damage|p2a: Necrozma|42\/100|[from] ability: Iron Barbs|[of] p1a: Metagrass\n|-damage|p2a: Necrozma|25\/100|[from] item: Rocky Helmet|[of] p1a: Metagrass\n|\n|upkeep\n|turn|5\n|\n|t:|1699452223\n|-zpower|p2a: Necrozma\n|move|p2a: Necrozma|Light That Burns the Sky|p1a: Metagrass|[zeffect]\n|-resisted|p1a: Metagrass\n|-damage|p1a: Metagrass|25\/100\n|move|p1a: Metagrass|Leech Seed|p2a: Necrozma\n|-start|p2a: Necrozma|move: Leech Seed\n|\n|-damage|p2a: Necrozma|13\/100|[from] Leech Seed|[of] p1a: Metagrass\n|-heal|p1a: Metagrass|37\/100|[silent]\n|upkeep\n|turn|6\n|\n|t:|1699452240\n|switch|p2a: Togekiss|Togekiss, M|100\/100\n|move|p1a: Metagrass|Curse|p1a: Metagrass\n|-unboost|p1a: Metagrass|spe|1\n|-boost|p1a: Metagrass|atk|1\n|-boost|p1a: Metagrass|def|1\n|\n|upkeep\n|turn|7\n|\n|t:|1699452243\n|move|p2a: Togekiss|Flamethrower|p1a: Metagrass\n|-supereffective|p1a: Metagrass\n|-damage|p1a: Metagrass|0 fnt\n|faint|p1a: Metagrass\n|\n|upkeep\n|\n|t:|1699452249\n|switch|p1a: Locust|Ninjask, M|100\/100\n|turn|8\n|\n|t:|1699452252\n|move|p1a: Locust|Substitute|p1a: Locust\n|-start|p1a: Locust|Substitute\n|-damage|p1a: Locust|76\/100\n|move|p2a: Togekiss|Air Slash|p1a: Locust\n|-supereffective|p1a: Locust\n|-end|p1a: Locust|Substitute\n|\n|-ability|p1a: Locust|Speed Boost|boost\n|-boost|p1a: Locust|spe|1\n|upkeep\n|turn|9\n|\n|t:|1699452257\n|switch|p2a: Tyranitar|Tyranitar, M|100\/100\n|-weather|Sandstorm|[from] ability: Sand Stream|[of] p2a: Tyranitar\n|move|p1a: Locust|Swagger|p2a: Tyranitar\n|-boost|p2a: Tyranitar|atk|2\n|-enditem|p1a: Locust|Mirror Herb\n|-boost|p1a: Locust|atk|2|[from] item: Mirror Herb\n|-start|p2a: Tyranitar|confusion\n|\n|-weather|Sandstorm|[upkeep]\n|-damage|p1a: Locust|70\/100|[from] Sandstorm\n|-ability|p1a: Locust|Speed Boost|boost\n|-boost|p1a: Locust|spe|1\n|upkeep\n|turn|10\n|\n|t:|1699452263\n|switch|p2a: Swampert|Swampert, M|100\/100\n|move|p1a: Locust|Substitute|p1a: Locust\n|-start|p1a: Locust|Substitute\n|-damage|p1a: Locust|45\/100\n|\n|-weather|Sandstorm|[upkeep]\n|-damage|p1a: Locust|39\/100|[from] Sandstorm\n|-ability|p1a: Locust|Speed Boost|boost\n|-boost|p1a: Locust|spe|1\n|upkeep\n|turn|11\n|\n|t:|1699452271\n|move|p1a: Locust|Leech Life|p2a: Swampert\n|-damage|p2a: Swampert|40\/100\n|-heal|p1a: Locust|85\/100|[from] drain|[of] p2a: Swampert\n|move|p2a: Swampert|Liquidation|p1a: Locust\n|-end|p1a: Locust|Substitute\n|\n|-weather|Sandstorm|[upkeep]\n|-damage|p1a: Locust|79\/100|[from] Sandstorm\n|-ability|p1a: Locust|Speed Boost|boost\n|-boost|p1a: Locust|spe|1\n|upkeep\n|turn|12\n|\n|t:|1699452279\n|move|p1a: Locust|Leech Life|p2a: Swampert\n|-damage|p2a: Swampert|0 fnt\n|-heal|p1a: Locust|100\/100|[from] drain|[of] p2a: Swampert\n|faint|p2a: Swampert\n|\n|-weather|Sandstorm|[upkeep]\n|-damage|p1a: Locust|94\/100|[from] Sandstorm\n|-ability|p1a: Locust|Speed Boost|boost\n|-boost|p1a: Locust|spe|1\n|upkeep\n|\n|t:|1699452283\n|switch|p2a: Samurott|Samurott-Hisui, M|100\/100\n|turn|13\n|\n|t:|1699452285\n|move|p2a: Samurott|Sucker Punch||[still]\n|-fail|p2a: Samurott\n|move|p1a: Locust|Substitute|p1a: Locust\n|-start|p1a: Locust|Substitute\n|-damage|p1a: Locust|70\/100\n|\n|-weather|none\n|-ability|p1a: Locust|Speed Boost|boost\n|-boost|p1a: Locust|spe|1\n|upkeep\n|turn|14\n|\n|t:|1699452304\n|switch|p2a: Tyranitar|Tyranitar, M|100\/100\n|-weather|Sandstorm|[from] ability: Sand Stream|[of] p2a: Tyranitar\n|move|p1a: Locust|Leech Life|p2a: Tyranitar\n|-supereffective|p2a: Tyranitar\n|-damage|p2a: Tyranitar|0 fnt\n|-heal|p1a: Locust|100\/100|[from] drain|[of] p2a: Tyranitar\n|faint|p2a: Tyranitar\n|\n|-weather|Sandstorm|[upkeep]\n|-damage|p1a: Locust|94\/100|[from] Sandstorm\n|upkeep\n|\n|t:|1699452308\n|switch|p2a: Necrozma|Necrozma-Ultra|13\/100\n|turn|15\n|\n|t:|1699452316\n|move|p1a: Locust|Leech Life|p2a: Necrozma\n|-supereffective|p2a: Necrozma\n|-damage|p2a: Necrozma|0 fnt\n|-heal|p1a: Locust|100\/100|[from] drain|[of] p2a: Necrozma\n|faint|p2a: Necrozma\n|\n|-weather|Sandstorm|[upkeep]\n|-damage|p1a: Locust|94\/100|[from] Sandstorm\n|upkeep\n|\n|t:|1699452321\n|switch|p2a: Togekiss|Togekiss, M|100\/100\n|turn|16\n|\n|t:|1699452324\n|move|p1a: Locust|Acrobatics|p2a: Togekiss\n|-damage|p2a: Togekiss|5\/100\n|move|p2a: Togekiss|Air Slash|p1a: Locust\n|-supereffective|p1a: Locust\n|-crit|p1a: Locust\n|-end|p1a: Locust|Substitute\n|\n|-weather|Sandstorm|[upkeep]\n|-damage|p1a: Locust|88\/100|[from] Sandstorm\n|-damage|p2a: Togekiss|0 fnt|[from] Sandstorm\n|faint|p2a: Togekiss\n|upkeep\n|\n|t:|1699452330\n|switch|p2a: Zapdos|Zapdos-Galar|100\/100\n|turn|17\n|\n|t:|1699452333\n|-terastallize|p2a: Zapdos|Fire\n|move|p1a: Locust|Acrobatics|p2a: Zapdos\n|-damage|p2a: Zapdos|0 fnt\n|faint|p2a: Zapdos\n|\n|-weather|Sandstorm|[upkeep]\n|-damage|p1a: Locust|82\/100|[from] Sandstorm\n|upkeep\n|-message|Ichangedmynameto forfeited.\n|\n|win|ThatDumbo\n|raw|ThatDumbo's rating: 1217 &rarr; <strong>1237<\/strong><br \/>(+20 for winning)\n|raw|Ichangedmynameto's rating: 1141 &rarr; <strong>1121<\/strong><br \/>(-20 for losing)\n|l|\u203dIchangedmynameto\n","uploadtime":1699452342,"views":11,"p1id":"thatdumbo","p2id":"ichangedmynameto","formatid":"gen9nationaldexubers","rating":1121,"private":0,"password":""}