{"id":"gen9nationaldexubers-1984244905","p1":"KingPepper7","p2":"ninjamage13","format":"[Gen 9] National Dex Ubers","log":"|j|\u2606KingPepper7\n|j|\u2606ninjamage13\n|t:|1699234399\n|gametype|singles\n|player|p1|KingPepper7|cheren-gen5bw2|\n|player|p2|ninjamage13|pokemonranger-gen6xy|\n|teamsize|p1|6\n|teamsize|p2|6\n|gen|9\n|tier|[Gen 9] National Dex Ubers\n|rule|HP Percentage Mod: HP is shown in percentages\n|rule|Endless Battle Clause: Forcing endless battles is banned\n|rule|OHKO Clause: OHKO moves are banned\n|rule|Evasion Moves Clause: Evasion moves are banned\n|rule|Evasion Items Clause: Evasion items are banned\n|rule|Species Clause: Limit one of each Pok\u00e9mon\n|rule|Sleep Clause Mod: Limit one foe put to sleep\n|rule|Mega Rayquaza Clause: You cannot mega evolve Rayquaza\n|clearpoke\n|poke|p1|Banette, M|\n|poke|p1|Tornadus-Therian, M|\n|poke|p1|Hatterene, F|\n|poke|p1|Volcarona, F|\n|poke|p1|Gliscor, F|\n|poke|p1|Blissey, F|\n|poke|p2|Venusaur, F|\n|poke|p2|Ogerpon-Cornerstone, F|\n|poke|p2|Breloom, M|\n|poke|p2|Florges-Blue, F|\n|poke|p2|Meowscarada, M|\n|poke|p2|Torterra, F|\n|teampreview\n|j| TheRealDiabeto\n|j| Pex Hater\n|j| B3YOND THE HOR1ZON\n|c| B3YOND THE HOR1ZON|Why the fuck is there a Banette\n|c| B3YOND THE HOR1ZON|KP why are you hard coping\n|c| Pex Hater|morgan\n|c| B3YOND THE HOR1ZON|Vince\n|\n|t:|1699234471\n|start\n|switch|p1a: Tornadus|Tornadus-Therian, M|100\/100\n|switch|p2a: USE YOUR ILLUSION|Meowscarada, M|100\/100\n|turn|1\n|c|\u2606KingPepper7|i thought it could work\n|\n|t:|1699234498\n|move|p2a: USE YOUR ILLUSION|Knock Off|p1a: Tornadus\n|-start|p2a: USE YOUR ILLUSION|typechange|Dark|[from] ability: Protean\n|-damage|p1a: Tornadus|25\/100\n|-enditem|p1a: Tornadus|Heavy-Duty Boots|[from] move: Knock Off|[of] p2a: USE YOUR ILLUSION\n|move|p1a: Tornadus|U-turn|p2a: USE YOUR ILLUSION\n|-supereffective|p2a: USE YOUR ILLUSION\n|-damage|p2a: USE YOUR ILLUSION|51\/100\n|\n|t:|1699234504\n|switch|p1a: Gliscor|Gliscor, F|100\/100|[from] U-turn\n|\n|-status|p1a: Gliscor|tox|[from] item: Toxic Orb\n|upkeep\n|turn|2\n|c|\u2606ninjamage13|man\n|c|\u2606ninjamage13|sammy moment\n|c| B3YOND THE HOR1ZON|Brother\n|c| B3YOND THE HOR1ZON|Have you LEARNED NOTHING\n|c| B3YOND THE HOR1ZON|see threat\n|c| B3YOND THE HOR1ZON|Kill threat\n|c| B3YOND THE HOR1ZON|Threat dies\n|c| B3YOND THE HOR1ZON|easy\n|j| k7eenex\n|c|\u2606ninjamage13|i wanted to knock the orb :((((\n|c| B3YOND THE HOR1ZON|ninja.\n|\n|t:|1699234544\n|switch|p2a: OK I'M SICK|Venusaur, F|100\/100\n|move|p1a: Gliscor|Spikes|p2a: OK I'M SICK\n|-sidestart|p2: ninjamage13|Spikes\n|\n|upkeep\n|turn|3\n|j| vespyyy\n|c| B3YOND THE HOR1ZON|see threat. kill threat.\n|c| B3YOND THE HOR1ZON|threat dies.\n|\n|t:|1699234555\n|detailschange|p2a: OK I'M SICK|Venusaur-Mega, F\n|-mega|p2a: OK I'M SICK|Venusaur|Venusaurite\n|move|p1a: Gliscor|Protect|p1a: Gliscor\n|-singleturn|p1a: Gliscor|Protect\n|move|p2a: OK I'M SICK|Leech Seed|p1a: Gliscor\n|-activate|p1a: Gliscor|move: Protect\n|\n|upkeep\n|turn|4\n|c|\u2606ninjamage13|eat my balls\n|c| B3YOND THE HOR1ZON|ok\n|\n|t:|1699234566\n|move|p1a: Gliscor|Spikes|p2a: OK I'M SICK\n|-sidestart|p2: ninjamage13|Spikes\n|move|p2a: OK I'M SICK|Leech Seed|p1a: Gliscor\n|-start|p1a: Gliscor|move: Leech Seed\n|\n|-damage|p1a: Gliscor|88\/100 tox|[from] Leech Seed|[of] p2a: OK I'M SICK\n|-heal|p1a: Gliscor|100\/100 tox|[from] ability: Poison Heal\n|upkeep\n|turn|5\n|\n|t:|1699234573\n|switch|p2a: FOXGLOVE|Florges-Blue, F|100\/100\n|-damage|p2a: FOXGLOVE|84\/100|[from] Spikes\n|move|p1a: Gliscor|Spikes|p2a: FOXGLOVE\n|-sidestart|p2: ninjamage13|Spikes\n|\n|-heal|p2a: FOXGLOVE|90\/100|[from] item: Leftovers\n|-damage|p1a: Gliscor|88\/100 tox|[from] Leech Seed|[of] p2a: FOXGLOVE\n|-heal|p2a: FOXGLOVE|100\/100|[silent]\n|-heal|p1a: Gliscor|100\/100 tox|[from] ability: Poison Heal\n|upkeep\n|turn|6\n|c| B3YOND THE HOR1ZON|Gimme like 5 minutes and I'll challenge you with pred stall\n|c|\u2606ninjamage13|nvmd\n|c| B3YOND THE HOR1ZON|exactly\n|c| B3YOND THE HOR1ZON|xd\n|c|\u2606KingPepper7|wait what the fuck\n|c| B3YOND THE HOR1ZON|Wut\n|c|\u2606KingPepper7|i thought this was just a cm florges this thing gets defog??\n|c| B3YOND THE HOR1ZON|yeah\n|\n|t:|1699234607\n|switch|p1a: Volcarona|Volcarona, F|100\/100\n|move|p2a: FOXGLOVE|Defog|p1a: Volcarona\n|-unboost|p1a: Volcarona|evasion|1\n|-sideend|p2: ninjamage13|Spikes|[from] move: Defog|[of] p2a: FOXGLOVE\n|\n|upkeep\n|turn|7\n|c| B3YOND THE HOR1ZON|gen 7 momeny\n|c| B3YOND THE HOR1ZON|*moment\n|\n|t:|1699234617\n|move|p1a: Volcarona|Psychic|p2a: FOXGLOVE\n|-damage|p2a: FOXGLOVE|85\/100\n|move|p2a: FOXGLOVE|Wish|p2a: FOXGLOVE\n|\n|-heal|p2a: FOXGLOVE|91\/100|[from] item: Leftovers\n|upkeep\n|turn|8\n|\n|t:|1699234623\n|switch|p2a: YOUNG LORE|Ogerpon-Cornerstone, F|100\/100\n|move|p1a: Volcarona|Bug Buzz|p2a: YOUNG LORE\n|-supereffective|p2a: YOUNG LORE\n|-ability|p2a: YOUNG LORE|Sturdy\n|-damage|p2a: YOUNG LORE|1\/100\n|\n|-heal|p2a: YOUNG LORE|60\/100|[from] move: Wish|[wisher] FOXGLOVE\n|upkeep\n|turn|9\n|c| B3YOND THE HOR1ZON|Ouch\n|c| B3YOND THE HOR1ZON|now ninja\n|c| B3YOND THE HOR1ZON|What did we learn\n|\n|t:|1699234646\n|switch|p1a: Gliscor|Gliscor, F|100\/100 tox\n|move|p2a: YOUNG LORE|Ivy Cudgel|p1a: Gliscor\n|-damage|p1a: Gliscor|65\/100 tox\n|\n|-heal|p1a: Gliscor|78\/100 tox|[from] ability: Poison Heal\n|upkeep\n|turn|10\n|c|\u2606ninjamage13|i'm gonna do it\n|c|\u2606ninjamage13|i should have done it\n|\n|t:|1699234661\n|move|p2a: YOUNG LORE|Swords Dance|p2a: YOUNG LORE\n|-boost|p2a: YOUNG LORE|atk|2\n|move|p1a: Gliscor|Earthquake|p2a: YOUNG LORE\n|-damage|p2a: YOUNG LORE|14\/100\n|\n|-heal|p1a: Gliscor|90\/100 tox|[from] ability: Poison Heal\n|upkeep\n|turn|11\n|c| B3YOND THE HOR1ZON|Ninja I would have smacked you if it didn't work out\n|c| Pex Hater|smack him anyways\n|\n|t:|1699234674\n|move|p1a: Gliscor|Protect|p1a: Gliscor\n|-singleturn|p1a: Gliscor|Protect\n|move|p2a: YOUNG LORE|Horn Leech|p1a: Gliscor\n|-activate|p1a: Gliscor|move: Protect\n|\n|-heal|p1a: Gliscor|100\/100 tox|[from] ability: Poison Heal\n|upkeep\n|turn|12\n|c| B3YOND THE HOR1ZON|sure\n|c| B3YOND THE HOR1ZON|ninja cmere\n|\n|t:|1699234681\n|move|p2a: YOUNG LORE|Horn Leech|p1a: Gliscor\n|-damage|p1a: Gliscor|44\/100 tox\n|-heal|p2a: YOUNG LORE|47\/100|[from] drain|[of] p1a: Gliscor\n|move|p1a: Gliscor|Earthquake|p2a: YOUNG LORE\n|-damage|p2a: YOUNG LORE|6\/100\n|\n|-heal|p1a: Gliscor|57\/100 tox|[from] ability: Poison Heal\n|upkeep\n|turn|13\n|c| B3YOND THE HOR1ZON|oh naur\n|\n|t:|1699234695\n|move|p1a: Gliscor|Protect|p1a: Gliscor\n|-singleturn|p1a: Gliscor|Protect\n|move|p2a: YOUNG LORE|Ivy Cudgel|p1a: Gliscor\n|-activate|p1a: Gliscor|move: Protect\n|\n|-heal|p1a: Gliscor|69\/100 tox|[from] ability: Poison Heal\n|upkeep\n|turn|14\n|c|\u2606ninjamage13|gimme someone\n|\n|t:|1699234709\n|move|p2a: YOUNG LORE|Ivy Cudgel|p1a: Gliscor\n|-damage|p1a: Gliscor|0 fnt\n|faint|p1a: Gliscor\n|\n|upkeep\n|c| B3YOND THE HOR1ZON|Ninja I'd have kissed you if you sded on the tect\n|c|\u2606ninjamage13|kewl\n|\n|t:|1699234716\n|switch|p1a: Tornadus|Tornadus-Therian, M|58\/100\n|turn|15\n|\n|t:|1699234721\n|switch|p2a: FOXGLOVE|Florges-Blue, F|91\/100\n|move|p1a: Tornadus|U-turn|p2a: FOXGLOVE\n|-resisted|p2a: FOXGLOVE\n|-damage|p2a: FOXGLOVE|80\/100\n|c| Pex Hater|would you have kissed pepper if he eq'd on the sd?\n|c| B3YOND THE HOR1ZON|no\n|c|\u2606ninjamage13|no he would slapped me\n|c| B3YOND THE HOR1ZON|KP is like 10\n|c| Pex Hater|lol\n|c| B3YOND THE HOR1ZON|yea\n|c| Pex Hater|oh\n|c| B3YOND THE HOR1ZON|I would've slapped Ninja\n|\n|t:|1699234758\n|switch|p1a: Volcarona|Volcarona, F|100\/100|[from] U-turn\n|\n|-heal|p2a: FOXGLOVE|87\/100|[from] item: Leftovers\n|upkeep\n|turn|16\n|\n|t:|1699234773\n|move|p1a: Volcarona|Quiver Dance|p1a: Volcarona\n|-boost|p1a: Volcarona|spa|1\n|-boost|p1a: Volcarona|spd|1\n|-boost|p1a: Volcarona|spe|1\n|move|p2a: FOXGLOVE|Wish|p2a: FOXGLOVE\n|\n|-heal|p2a: FOXGLOVE|93\/100|[from] item: Leftovers\n|upkeep\n|turn|17\n|c|\u2606ninjamage13|hmm\n|c| B3YOND THE HOR1ZON|ninja\n|c|\u2606ninjamage13|maybe I should have like\n|c|\u2606ninjamage13|toxic\n|c|\u2606ninjamage13|on this\n|c| B3YOND THE HOR1ZON|If you lose to volc you're banned\n|c|\u2606ninjamage13|instead of synth\n|c|\u2606ninjamage13|now watch me ship\n|\n|t:|1699234807\n|switch|p2a: YOUNG LORE|Ogerpon-Cornerstone, F|6\/100\n|move|p1a: Volcarona|Flamethrower|p2a: YOUNG LORE\n|-damage|p2a: YOUNG LORE|0 fnt\n|faint|p2a: YOUNG LORE\n|\n|upkeep\n|c|\u2606ninjamage13|ballin\n|\n|t:|1699234812\n|switch|p2a: EVERLONG|Breloom, M|100\/100\n|turn|18\n|c| B3YOND THE HOR1ZON|EVERDONG\n|\n|t:|1699234822\n|switch|p1a: Hatterene|Hatterene, F|100\/100\n|move|p2a: EVERLONG|Rock Tomb|p1a: Hatterene\n|-damage|p1a: Hatterene|72\/100\n|-unboost|p1a: Hatterene|spe|1\n|\n|-heal|p1a: Hatterene|78\/100|[from] item: Leftovers\n|upkeep\n|turn|19\n|c| B3YOND THE HOR1ZON|just don't miss\n|\n|t:|1699234832\n|switch|p2a: OK I'M SICK|Venusaur-Mega, F|100\/100\n|move|p1a: Hatterene|Nuzzle|p2a: OK I'M SICK\n|-resisted|p2a: OK I'M SICK\n|-damage|p2a: OK I'M SICK|99\/100\n|-status|p2a: OK I'M SICK|par\n|\n|-heal|p1a: Hatterene|84\/100|[from] item: Leftovers\n|upkeep\n|turn|20\n|c| B3YOND THE HOR1ZON|oh hey you didn't\n|\n|t:|1699234845\n|switch|p1a: Tornadus|Tornadus-Therian, M|91\/100\n|move|p2a: OK I'M SICK|Sludge Bomb|p1a: Tornadus\n|-damage|p1a: Tornadus|48\/100\n|\n|upkeep\n|turn|21\n|c| B3YOND THE HOR1ZON|Also how tf does Hatt nuzzle something\n|\n|t:|1699234852\n|move|p1a: Tornadus|Hurricane|p2a: OK I'M SICK\n|-supereffective|p2a: OK I'M SICK\n|-damage|p2a: OK I'M SICK|35\/100 par\n|-start|p2a: OK I'M SICK|confusion\n|-activate|p2a: OK I'M SICK|confusion\n|cant|p2a: OK I'M SICK|par\n|\n|upkeep\n|turn|22\n|c|\u2606KingPepper7|it just does\n|c|\u2606ninjamage13|balls\n|c| Pex Hater|nuzzling only requires a head and neck\n|\n|t:|1699234871\n|move|p1a: Tornadus|Hurricane|p2a: OK I'M SICK|[miss]\n|-miss|p1a: Tornadus|p2a: OK I'M SICK\n|-activate|p2a: OK I'M SICK|confusion\n|-damage|p2a: OK I'M SICK|30\/100 par|[from] confusion\n|\n|upkeep\n|turn|23\n|c|\u2606ninjamage13|NOT gaming\n|c| B3YOND THE HOR1ZON|I'd probably re consider life if hatt tried to nuzzle me\n|\n|t:|1699234878\n|switch|p2a: FOXGLOVE|Florges-Blue, F|93\/100\n|move|p1a: Tornadus|Hurricane|p2a: FOXGLOVE|[miss]\n|-miss|p1a: Tornadus|p2a: FOXGLOVE\n|\n|-heal|p2a: FOXGLOVE|99\/100|[from] item: Leftovers\n|upkeep\n|turn|24\n|\n|t:|1699234882\n|move|p1a: Tornadus|U-turn|p2a: FOXGLOVE\n|-resisted|p2a: FOXGLOVE\n|-damage|p2a: FOXGLOVE|89\/100\n|\n|t:|1699234888\n|switch|p1a: Banette|Banette, M, shiny|100\/100|[from] U-turn\n|move|p2a: FOXGLOVE|Wish|p2a: FOXGLOVE\n|\n|-heal|p2a: FOXGLOVE|95\/100|[from] item: Leftovers\n|upkeep\n|turn|25\n|\n|t:|1699234891\n|switch|p2a: OK I'M SICK|Venusaur-Mega, F|30\/100 par\n|detailschange|p1a: Banette|Banette-Mega, M, shiny\n|-mega|p1a: Banette|Banette|Banettite\n|move|p1a: Banette|Poltergeist|p2a: OK I'M SICK\n|-activate|p2a: OK I'M SICK|move: Poltergeist|Venusaurite\n|-damage|p2a: OK I'M SICK|0 fnt\n|faint|p2a: OK I'M SICK\n|\n|upkeep\n|c| B3YOND THE HOR1ZON|apparently he was too sick\n|c|\u2606KingPepper7|the wicked bitch is dead\n|c|\u2606ninjamage13|oh it dies\n|c|\u2606ninjamage13|how unfortunate\n|c| B3YOND THE HOR1ZON|Its base 165 attack\n|\n|t:|1699234911\n|switch|p2a: ATLAS UNDERGROUND|Torterra, F|100\/100\n|turn|26\n|c| Pex Hater|165 base atk after all\n|c| B3YOND THE HOR1ZON|Its fine\n|c| B3YOND THE HOR1ZON|Torterra will tort all over him\n|\n|t:|1699234935\n|move|p2a: ATLAS UNDERGROUND|Rock Blast|p1a: Banette\n|-damage|p1a: Banette|89\/100\n|-damage|p1a: Banette|77\/100\n|-damage|p1a: Banette|66\/100\n|-damage|p1a: Banette|55\/100\n|-damage|p1a: Banette|44\/100\n|-hitcount|p1a: Banette|5\n|move|p1a: Banette|Poltergeist|p2a: ATLAS UNDERGROUND\n|-activate|p2a: ATLAS UNDERGROUND|move: Poltergeist|Loaded Dice\n|-damage|p2a: ATLAS UNDERGROUND|47\/100\n|\n|upkeep\n|turn|27\n|c| B3YOND THE HOR1ZON|unless you do that\n|c|\u2606ninjamage13|he has encore bozo\n|c| B3YOND THE HOR1ZON|not if you don't believe he does\n|\n|t:|1699234967\n|move|p1a: Banette|Destiny Bond|p1a: Banette\n|-singlemove|p1a: Banette|Destiny Bond\n|move|p2a: ATLAS UNDERGROUND|Bullet Seed|p1a: Banette\n|-damage|p1a: Banette|27\/100\n|-damage|p1a: Banette|8\/100\n|-damage|p1a: Banette|0 fnt\n|faint|p1a: Banette\n|-activate|p1a: Banette|move: Destiny Bond\n|faint|p2a: ATLAS UNDERGROUND\n|-hitcount|p1: Banette|3\n|\n|upkeep\n|\n|t:|1699234977\n|switch|p2a: USE YOUR ILLUSION|Meowscarada, M|51\/100\n|switch|p1a: Hatterene|Hatterene, F|84\/100\n|turn|28\n|c| B3YOND THE HOR1ZON|Ninja nooo\n|c| Pex Hater|is this how the winstreak ends?\n|c| B3YOND THE HOR1ZON|nah\n|c| B3YOND THE HOR1ZON|I believe\n|c| B3YOND THE HOR1ZON|!\n|\n|t:|1699235017\n|switch|p2a: FOXGLOVE|Florges-Blue, F|95\/100\n|move|p1a: Hatterene|Nuzzle|p2a: FOXGLOVE\n|-damage|p2a: FOXGLOVE|91\/100\n|-status|p2a: FOXGLOVE|par\n|\n|-heal|p1a: Hatterene|90\/100|[from] item: Leftovers\n|-heal|p2a: FOXGLOVE|97\/100 par|[from] item: Leftovers\n|upkeep\n|turn|29\n|c| B3YOND THE HOR1ZON|As a wise man once said\n|c| B3YOND THE HOR1ZON|Where there is a pussy\n|c| B3YOND THE HOR1ZON|There is a way\n|\n|t:|1699235045\n|switch|p2a: USE YOUR ILLUSION|Meowscarada, M|51\/100\n|move|p1a: Hatterene|Mystical Fire|p2a: USE YOUR ILLUSION\n|-supereffective|p2a: USE YOUR ILLUSION\n|-damage|p2a: USE YOUR ILLUSION|0 fnt\n|faint|p2a: USE YOUR ILLUSION\n|\n|-heal|p1a: Hatterene|96\/100|[from] item: Leftovers\n|upkeep\n|c| Pex Hater|have you been talking to pred?\n|c| B3YOND THE HOR1ZON|no\n|c|\u2606ninjamage13|yeah this was\n|c|\u2606ninjamage13|bad\n|c| B3YOND THE HOR1ZON|have YOU been talking to pred?\n|c|\u2606ninjamage13|the volcarona is too much of an issue\n|c|\u2606ninjamage13|literally beats everything\n|\n|t:|1699235086\n|switch|p2a: FOXGLOVE|Florges-Blue, F|97\/100 par\n|turn|30\n|c| B3YOND THE HOR1ZON|Ninja noo\n|c| B3YOND THE HOR1ZON|;_;\n|\n|t:|1699235094\n|move|p2a: FOXGLOVE|Moonblast|p1a: Hatterene\n|-damage|p1a: Hatterene|56\/100\n|-unboost|p1a: Hatterene|spa|1\n|move|p1a: Hatterene|Psyshock|p2a: FOXGLOVE\n|-damage|p2a: FOXGLOVE|63\/100 par\n|\n|-heal|p1a: Hatterene|62\/100|[from] item: Leftovers\n|-heal|p2a: FOXGLOVE|70\/100 par|[from] item: Leftovers\n|upkeep\n|turn|31\n|\n|t:|1699235103\n|switch|p1a: Volcarona|Volcarona, F|100\/100\n|cant|p2a: FOXGLOVE|par\n|\n|-heal|p2a: FOXGLOVE|76\/100 par|[from] item: Leftovers\n|upkeep\n|turn|32\n|\n|t:|1699235108\n|move|p1a: Volcarona|Quiver Dance|p1a: Volcarona\n|-boost|p1a: Volcarona|spa|1\n|-boost|p1a: Volcarona|spd|1\n|-boost|p1a: Volcarona|spe|1\n|move|p2a: FOXGLOVE|Moonblast|p1a: Volcarona\n|-resisted|p1a: Volcarona\n|-damage|p1a: Volcarona|88\/100\n|-unboost|p1a: Volcarona|spa|1\n|\n|-heal|p2a: FOXGLOVE|82\/100 par|[from] item: Leftovers\n|upkeep\n|turn|33\n|c| B3YOND THE HOR1ZON|Unfort\n|c|\u2606ninjamage13|why\n|c|\u2606ninjamage13|whould he\n|c|\u2606ninjamage13|aosdihsaoufihbwaob:gfv\n|c| B3YOND THE HOR1ZON|Just\n|c| B3YOND THE HOR1ZON|Keep dropping\n|c| B3YOND THE HOR1ZON|!\n|\n|t:|1699235124\n|move|p1a: Volcarona|Quiver Dance|p1a: Volcarona\n|-boost|p1a: Volcarona|spa|1\n|-boost|p1a: Volcarona|spd|1\n|-boost|p1a: Volcarona|spe|1\n|cant|p2a: FOXGLOVE|par\n|\n|-heal|p2a: FOXGLOVE|88\/100 par|[from] item: Leftovers\n|upkeep\n|turn|34\n|c| B3YOND THE HOR1ZON|F\n|\n|t:|1699235129\n|move|p1a: Volcarona|Flamethrower|p2a: FOXGLOVE\n|-damage|p2a: FOXGLOVE|53\/100 par\n|move|p2a: FOXGLOVE|Wish|p2a: FOXGLOVE\n|\n|-heal|p2a: FOXGLOVE|59\/100 par|[from] item: Leftovers\n|upkeep\n|turn|35\n|\n|t:|1699235147\n|move|p1a: Volcarona|Flamethrower|p2a: FOXGLOVE\n|-damage|p2a: FOXGLOVE|21\/100 par\n|move|p2a: FOXGLOVE|Moonblast|p1a: Volcarona\n|-resisted|p1a: Volcarona\n|-damage|p1a: Volcarona|78\/100\n|-unboost|p1a: Volcarona|spa|1\n|\n|-heal|p2a: FOXGLOVE|71\/100 par|[from] move: Wish|[wisher] FOXGLOVE\n|-heal|p2a: FOXGLOVE|77\/100 par|[from] item: Leftovers\n|upkeep\n|turn|36\n|c|\u2606KingPepper7|damn\n|\n|t:|1699235156\n|switch|p2a: EVERLONG|Breloom, M|100\/100\n|move|p1a: Volcarona|Quiver Dance|p1a: Volcarona\n|-boost|p1a: Volcarona|spa|1\n|-boost|p1a: Volcarona|spd|1\n|-boost|p1a: Volcarona|spe|1\n|\n|upkeep\n|turn|37\n|c| B3YOND THE HOR1ZON|Hold on gamers\n|c| B3YOND THE HOR1ZON|HOLD ON GAMERS\n|c|\u2606ninjamage13|i'm the GYAOT\n|c| B3YOND THE HOR1ZON|THERES A SHOT\n|\n|t:|1699235178\n|move|p1a: Volcarona|Flamethrower|p2a: EVERLONG\n|-supereffective|p2a: EVERLONG\n|-enditem|p2a: EVERLONG|Focus Sash\n|-damage|p2a: EVERLONG|1\/100\n|move|p2a: EVERLONG|Spore|p1a: Volcarona\n|-status|p1a: Volcarona|slp|[from] move: Spore\n|\n|upkeep\n|turn|38\n|c| B3YOND THE HOR1ZON|GOOO EVERDONG\n|c| B3YOND THE HOR1ZON|GOOO\n|c| B3YOND THE HOR1ZON|IKUZO\n|\n|t:|1699235190\n|cant|p1a: Volcarona|slp\n|move|p2a: EVERLONG|Rock Tomb|p1a: Volcarona\n|-supereffective|p1a: Volcarona\n|-damage|p1a: Volcarona|0 fnt\n|faint|p1a: Volcarona\n|\n|upkeep\n|c| B3YOND THE HOR1ZON|EVERDONG\n|c| B3YOND THE HOR1ZON|EXPAND THAT DONG\n|\n|t:|1699235195\n|switch|p1a: Tornadus|Tornadus-Therian, M|82\/100\n|turn|39\n|\n|t:|1699235208\n|switch|p2a: FOXGLOVE|Florges-Blue, F|77\/100 par\n|move|p1a: Tornadus|U-turn|p2a: FOXGLOVE\n|-resisted|p2a: FOXGLOVE\n|-damage|p2a: FOXGLOVE|68\/100 par\n|\n|t:|1699235215\n|switch|p1a: Hatterene|Hatterene, F|62\/100|[from] U-turn\n|\n|-heal|p1a: Hatterene|68\/100|[from] item: Leftovers\n|-heal|p2a: FOXGLOVE|74\/100 par|[from] item: Leftovers\n|upkeep\n|turn|40\n|\n|t:|1699235220\n|move|p2a: FOXGLOVE|Moonblast|p1a: Hatterene\n|-damage|p1a: Hatterene|28\/100\n|move|p1a: Hatterene|Mystical Fire|p2a: FOXGLOVE\n|-damage|p2a: FOXGLOVE|61\/100 par\n|-unboost|p2a: FOXGLOVE|spa|1\n|\n|-heal|p1a: Hatterene|34\/100|[from] item: Leftovers\n|-heal|p2a: FOXGLOVE|67\/100 par|[from] item: Leftovers\n|upkeep\n|turn|41\n|c| B3YOND THE HOR1ZON|ikuzo\n|c| B3YOND THE HOR1ZON|I believe\n|l| vespyyy\n|\n|t:|1699235229\n|switch|p1a: Blissey|Blissey, F|100\/100\n|move|p2a: FOXGLOVE|Wish|p2a: FOXGLOVE\n|\n|-heal|p2a: FOXGLOVE|73\/100 par|[from] item: Leftovers\n|upkeep\n|turn|42\n|\n|t:|1699235236\n|move|p1a: Blissey|Seismic Toss|p2a: FOXGLOVE\n|-damage|p2a: FOXGLOVE|46\/100 par\n|move|p2a: FOXGLOVE|Moonblast|p1a: Blissey\n|-damage|p1a: Blissey|92\/100\n|-unboost|p1a: Blissey|spa|1\n|\n|-heal|p2a: FOXGLOVE|95\/100 par|[from] move: Wish|[wisher] FOXGLOVE\n|-heal|p2a: FOXGLOVE|100\/100 par|[from] item: Leftovers\n|upkeep\n|turn|43\n|c| B3YOND THE HOR1ZON|We're gonna\n|c| B3YOND THE HOR1ZON|Be here a while\n|\n|t:|1699235245\n|move|p1a: Blissey|Seismic Toss|p2a: FOXGLOVE\n|-damage|p2a: FOXGLOVE|73\/100 par\n|move|p2a: FOXGLOVE|Moonblast|p1a: Blissey\n|-damage|p1a: Blissey|83\/100\n|\n|-heal|p2a: FOXGLOVE|79\/100 par|[from] item: Leftovers\n|upkeep\n|turn|44\n|\n|t:|1699235251\n|move|p1a: Blissey|Seismic Toss|p2a: FOXGLOVE\n|-damage|p2a: FOXGLOVE|51\/100 par\n|cant|p2a: FOXGLOVE|par\n|\n|-heal|p2a: FOXGLOVE|57\/100 par|[from] item: Leftovers\n|upkeep\n|turn|45\n|\n|t:|1699235256\n|move|p1a: Blissey|Seismic Toss|p2a: FOXGLOVE\n|-damage|p2a: FOXGLOVE|29\/100 par\n|cant|p2a: FOXGLOVE|par\n|\n|-heal|p2a: FOXGLOVE|35\/100 par|[from] item: Leftovers\n|upkeep\n|turn|46\n|c| Pex Hater|or not\n|c| B3YOND THE HOR1ZON|Not like this\n|c|\u2606ninjamage13|hey\n|c| B3YOND THE HOR1ZON|Pls\n|c|\u2606ninjamage13|stop that\n|c| B3YOND THE HOR1ZON|Florges\n|\n|t:|1699235270\n|move|p1a: Blissey|Seismic Toss|p2a: FOXGLOVE\n|-damage|p2a: FOXGLOVE|7\/100 par\n|cant|p2a: FOXGLOVE|par\n|\n|-heal|p2a: FOXGLOVE|14\/100 par|[from] item: Leftovers\n|upkeep\n|turn|47\n|c|\u2606ninjamage13|bruh\n|c| B3YOND THE HOR1ZON|breh\n|c| B3YOND THE HOR1ZON|In the arms of an Angel\n|\n|t:|1699235287\n|move|p1a: Blissey|Seismic Toss|p2a: FOXGLOVE\n|-damage|p2a: FOXGLOVE|0 fnt\n|faint|p2a: FOXGLOVE\n|\n|upkeep\n|\n|t:|1699235291\n|switch|p2a: EVERLONG|Breloom, M|1\/100\n|turn|48\n|\n|t:|1699235297\n|move|p2a: EVERLONG|Spore|p1a: Blissey\n|-status|p1a: Blissey|slp|[from] move: Spore\n|cant|p1a: Blissey|slp\n|\n|upkeep\n|turn|49\n|\n|t:|1699235301\n|move|p2a: EVERLONG|Rock Tomb|p1a: Blissey\n|-damage|p1a: Blissey|51\/100 slp\n|-unboost|p1a: Blissey|spe|1\n|-curestatus|p1a: Blissey|slp|[msg]\n|move|p1a: Blissey|Teleport|p1a: Blissey\n|\n|t:|1699235303\n|switch|p1a: Tornadus|Tornadus-Therian, M|100\/100|[from] Teleport\n|\n|upkeep\n|turn|50\n|c|\u2606ninjamage13|simply miss uturn\n|c| B3YOND THE HOR1ZON|Dodge\n|\n|t:|1699235319\n|move|p1a: Tornadus|U-turn|p2a: EVERLONG\n|-damage|p2a: EVERLONG|0 fnt\n|faint|p2a: EVERLONG\n|\n|win|KingPepper7\n|c| B3YOND THE HOR1ZON|F\n|c| Pex Hater|dodge u turn\n|c|\u2606ninjamage13|f\n|c| Pex Hater|l\n|c|\u2606ninjamage13|gg\n|c|\u2606KingPepper7|gg\n","uploadtime":1699235327,"views":6,"p1id":"kingpepper7","p2id":"ninjamage13","formatid":"gen9nationaldexubers","rating":0,"private":0,"password":""}