{"id":"gen9nationaldexubers-1996632027","p1":"Shido464","p2":"KingoftheTitans","format":"[Gen 9] National Dex Ubers","log":"|j|\u2606Shido464\n|j|\u2606KingoftheTitans\n|t:|1700702935\n|gametype|singles\n|player|p1|Shido464|shadowtriad|1150\n|player|p2|KingoftheTitans|2|1128\n|teamsize|p1|6\n|teamsize|p2|6\n|gen|9\n|tier|[Gen 9] National Dex Ubers\n|rated|\n|rule|HP Percentage Mod: HP is shown in percentages\n|rule|Endless Battle Clause: Forcing endless battles is banned\n|rule|OHKO Clause: OHKO moves are banned\n|rule|Evasion Moves Clause: Evasion moves are banned\n|rule|Evasion Items Clause: Evasion items are banned\n|rule|Species Clause: Limit one of each Pok\u00e9mon\n|rule|Sleep Clause Mod: Limit one foe put to sleep\n|rule|Mega Rayquaza Clause: You cannot mega evolve Rayquaza\n|clearpoke\n|poke|p1|Kingambit, M|\n|poke|p1|Sableye, M|\n|poke|p1|Greninja-*, M|\n|poke|p1|Yveltal|\n|poke|p1|Krookodile, M|\n|poke|p1|Muk-Alola, M|\n|poke|p2|Politoed, M|\n|poke|p2|Basculegion, M|\n|poke|p2|Druddigon, M|\n|poke|p2|Iron Thorns|\n|poke|p2|Torterra, M|\n|poke|p2|Aggron, M|\n|teampreview\n|\n|t:|1700702943\n|start\n|switch|p1a: Kingambit|Kingambit, M|100\/100\n|switch|p2a: Druddigon|Druddigon, M, shiny|100\/100\n|turn|1\n|\n|t:|1700702949\n|move|p1a: Kingambit|Swords Dance|p1a: Kingambit\n|-boost|p1a: Kingambit|atk|2\n|move|p2a: Druddigon|Stealth Rock|p1a: Kingambit\n|-sidestart|p1: Shido464|move: Stealth Rock\n|\n|upkeep\n|turn|2\n|\n|t:|1700702953\n|move|p1a: Kingambit|Kowtow Cleave|p2a: Druddigon\n|-damage|p2a: Druddigon|0 fnt\n|-damage|p1a: Kingambit|88\/100|[from] ability: Rough Skin|[of] p2a: Druddigon\n|-damage|p1a: Kingambit|72\/100|[from] item: Rocky Helmet|[of] p2a: Druddigon\n|faint|p2a: Druddigon\n|\n|upkeep\n|\n|t:|1700702963\n|switch|p2a: Aggron|Aggron, M, shiny|100\/100\n|turn|3\n|\n|t:|1700702973\n|detailschange|p2a: Aggron|Aggron-Mega, M, shiny\n|-mega|p2a: Aggron|Aggron|Aggronite\n|move|p1a: Kingambit|Iron Head|p2a: Aggron\n|-resisted|p2a: Aggron\n|-damage|p2a: Aggron|77\/100\n|move|p2a: Aggron|Body Press|p1a: Kingambit\n|-supereffective|p1a: Kingambit\n|-damage|p1a: Kingambit|0 fnt\n|faint|p1a: Kingambit\n|-end|p1a: Kingambit|fallenundefined|[silent]\n|\n|upkeep\n|\n|t:|1700702984\n|switch|p1a: Krookodile|Krookodile, M|100\/100\n|-damage|p1a: Krookodile|94\/100|[from] Stealth Rock\n|turn|4\n|\n|t:|1700702990\n|move|p1a: Krookodile|Earthquake|p2a: Aggron\n|-supereffective|p2a: Aggron\n|-damage|p2a: Aggron|42\/100\n|move|p2a: Aggron|Body Press|p1a: Krookodile\n|-supereffective|p1a: Krookodile\n|-damage|p1a: Krookodile|6\/100\n|\n|upkeep\n|turn|5\n|\n|t:|1700703004\n|switch|p2a: Iron Thorns|Iron Thorns|100\/100\n|-item|p2a: Iron Thorns|Air Balloon\n|move|p1a: Krookodile|Earthquake|p2a: Iron Thorns\n|-immune|p2a: Iron Thorns\n|\n|upkeep\n|turn|6\n|\n|t:|1700703010\n|move|p1a: Krookodile|Scale Shot|p2a: Iron Thorns|[miss]\n|-miss|p1a: Krookodile|p2a: Iron Thorns\n|move|p2a: Iron Thorns|Dragon Dance|p2a: Iron Thorns\n|-boost|p2a: Iron Thorns|atk|1\n|-boost|p2a: Iron Thorns|spe|1\n|-enditem|p1a: Krookodile|Mirror Herb\n|-boost|p1a: Krookodile|atk|1|[from] item: Mirror Herb\n|-boost|p1a: Krookodile|spe|1|[from] item: Mirror Herb\n|\n|upkeep\n|turn|7\n|\n|t:|1700703017\n|move|p1a: Krookodile|Scale Shot|p2a: Iron Thorns\n|-damage|p2a: Iron Thorns|90\/100\n|-enditem|p2a: Iron Thorns|Air Balloon\n|-damage|p2a: Iron Thorns|78\/100\n|-damage|p2a: Iron Thorns|68\/100\n|-damage|p2a: Iron Thorns|57\/100\n|-hitcount|p2a: Iron Thorns|4\n|-unboost|p1a: Krookodile|def|1\n|-boost|p1a: Krookodile|spe|1\n|move|p2a: Iron Thorns|Ice Punch|p1a: Krookodile\n|-supereffective|p1a: Krookodile\n|-damage|p1a: Krookodile|0 fnt\n|faint|p1a: Krookodile\n|\n|upkeep\n|-message|Shido464 forfeited.\n|\n|win|KingoftheTitans\n|raw|Shido464's rating: 1150 &rarr; <strong>1123<\/strong><br \/>(-27 for losing)\n|raw|KingoftheTitans's rating: 1128 &rarr; <strong>1155<\/strong><br \/>(+27 for winning)\n|l|\u2606Shido464\n","uploadtime":1700703032,"views":2,"p1id":"shido464","p2id":"kingofthetitans","formatid":"gen9nationaldexubers","rating":1123,"private":0,"password":""}