{"id":"gen9nationaldexubers-1982953429","p1":"aquiles meo","p2":"Christian adonai","format":"[Gen 9] National Dex Ubers","log":"|j|\u2606aquiles meo\n|j|\u2606Christian adonai\n|t:|1699062623\n|gametype|singles\n|player|p1|aquiles meo|102|1056\n|player|p2|Christian adonai|blue|1002\n|teamsize|p1|6\n|teamsize|p2|6\n|gen|9\n|tier|[Gen 9] National Dex Ubers\n|rated|\n|rule|HP Percentage Mod: HP is shown in percentages\n|rule|Endless Battle Clause: Forcing endless battles is banned\n|rule|OHKO Clause: OHKO moves are banned\n|rule|Evasion Moves Clause: Evasion moves are banned\n|rule|Evasion Items Clause: Evasion items are banned\n|rule|Species Clause: Limit one of each Pok\u00e9mon\n|rule|Sleep Clause Mod: Limit one foe put to sleep\n|rule|Mega Rayquaza Clause: You cannot mega evolve Rayquaza\n|clearpoke\n|poke|p1|Jirachi|\n|poke|p1|Ho-Oh|\n|poke|p1|Rayquaza|\n|poke|p1|Pidgeot, M|\n|poke|p1|Lucario, M|\n|poke|p1|Luxray, M|\n|poke|p2|Pinsir, F|\n|poke|p2|Alakazam, F|\n|poke|p2|Kabutops, F|\n|poke|p2|Aerodactyl, M|\n|poke|p2|Magmortar, M|\n|poke|p2|Houndoom, M|\n|teampreview\n|l|\u2606aquiles meo\n|player|p1|\n|j|\u2606aquiles meo\n|player|p1|aquiles meo|102\n|\n|t:|1699062639\n|start\n|switch|p1a: Jirachi|Jirachi, shiny|100\/100\n|switch|p2a: Kabutops|Kabutops, F|100\/100\n|turn|1\n|\n|t:|1699062647\n|move|p1a: Jirachi|Iron Head|p2a: Kabutops\n|-damage|p2a: Kabutops|61\/100\n|-ability|p2a: Kabutops|Weak Armor|boost\n|-unboost|p2a: Kabutops|def|1\n|-boost|p2a: Kabutops|spe|2\n|cant|p2a: Kabutops|flinch\n|\n|upkeep\n|turn|2\n|inactive|Battle timer is ON: inactive players will automatically lose when time's up. (requested by Christian adonai)\n|\n|t:|1699062665\n|move|p2a: Kabutops|Stealth Rock|p1a: Jirachi\n|-sidestart|p1: aquiles meo|move: Stealth Rock\n|move|p1a: Jirachi|Doom Desire|p2a: Kabutops\n|-start|p1a: Jirachi|Doom Desire\n|\n|upkeep\n|turn|3\n|\n|t:|1699062670\n|move|p2a: Kabutops|Stealth Rock||[still]\n|-fail|p2a: Kabutops\n|move|p1a: Jirachi|Wish|p1a: Jirachi\n|\n|upkeep\n|turn|4\n|\n|t:|1699062677\n|switch|p1a: Ho-Oh|Ho-Oh, shiny|100\/100\n|-damage|p1a: Ho-Oh|51\/100|[from] Stealth Rock\n|move|p2a: Kabutops|Stone Edge|p1a: Ho-Oh\n|-supereffective|p1a: Ho-Oh\n|-crit|p1a: Ho-Oh\n|-damage|p1a: Ho-Oh|0 fnt\n|faint|p1a: Ho-Oh\n|\n|-end|p2a: Kabutops|move: Doom Desire\n|-damage|p2a: Kabutops|0 fnt\n|faint|p2a: Kabutops\n|upkeep\n|\n|t:|1699062703\n|switch|p2a: Houndoom|Houndoom, M|100\/100\n|switch|p1a: Jirachi|Jirachi, shiny|100\/100\n|-damage|p1a: Jirachi|95\/100|[from] Stealth Rock\n|turn|5\n|inactive|aquiles meo has 120 seconds left.\n|\n|t:|1699062723\n|move|p1a: Jirachi|Iron Head|p2a: Houndoom\n|-resisted|p2a: Houndoom\n|-damage|p2a: Houndoom|71\/100\n|cant|p2a: Houndoom|flinch\n|\n|-heal|p1a: Jirachi|100\/100|[from] item: Leftovers\n|upkeep\n|turn|6\n|inactive|aquiles meo has 120 seconds left.\n|\n|t:|1699062732\n|move|p1a: Jirachi|Iron Head|p2a: Houndoom\n|-resisted|p2a: Houndoom\n|-damage|p2a: Houndoom|42\/100\n|cant|p2a: Houndoom|flinch\n|\n|upkeep\n|turn|7\n|inactive|aquiles meo has 120 seconds left.\n|\n|t:|1699062753\n|move|p1a: Jirachi|Doom Desire|p2a: Houndoom\n|-start|p1a: Jirachi|Doom Desire\n|move|p2a: Houndoom|Flamethrower|p1a: Jirachi\n|-supereffective|p1a: Jirachi\n|-damage|p1a: Jirachi|30\/100\n|\n|-heal|p1a: Jirachi|36\/100|[from] item: Leftovers\n|upkeep\n|turn|8\n|\n|t:|1699062763\n|switch|p1a: Rayquaza|Rayquaza, shiny|100\/100\n|-ability|p1a: Rayquaza|Air Lock\n|move|p2a: Houndoom|Flamethrower|p1a: Rayquaza\n|-resisted|p1a: Rayquaza\n|-damage|p1a: Rayquaza|79\/100\n|\n|upkeep\n|turn|9\n|inactive|aquiles meo has 120 seconds left.\n|\n|t:|1699062774\n|move|p2a: Houndoom|Dark Pulse|p1a: Rayquaza\n|-damage|p1a: Rayquaza|34\/100\n|move|p1a: Rayquaza|Dragon Dance|p1a: Rayquaza\n|-boost|p1a: Rayquaza|atk|1\n|-boost|p1a: Rayquaza|spe|1\n|\n|-end|p2a: Houndoom|move: Doom Desire\n|-resisted|p2a: Houndoom\n|-damage|p2a: Houndoom|10\/100\n|upkeep\n|turn|10\n|inactive|aquiles meo has 120 seconds left.\n|\n|t:|1699062792\n|move|p1a: Rayquaza|Extreme Speed|p2a: Houndoom\n|-damage|p2a: Houndoom|0 fnt\n|faint|p2a: Houndoom\n|\n|upkeep\n|\n|t:|1699062797\n|switch|p2a: Aerodactyl|Aerodactyl, M|100\/100\n|-ability|p2a: Aerodactyl|Unnerve\n|turn|11\n|inactive|aquiles meo has 120 seconds left.\n|\n|t:|1699062817\n|move|p1a: Rayquaza|Dragon Claw|p2a: Aerodactyl\n|-damage|p2a: Aerodactyl|0 fnt\n|faint|p2a: Aerodactyl\n|\n|upkeep\n|\n|t:|1699062821\n|switch|p2a: Alakazam|Alakazam, F|100\/100\n|turn|12\n|\n|t:|1699062833\n|detailschange|p2a: Alakazam|Alakazam-Mega, F\n|-mega|p2a: Alakazam|Alakazam|Alakazite\n|-ability|p2a: Alakazam|Air Lock|[from] ability: Trace|[of] p1a: Rayquaza\n|-terastallize|p1a: Rayquaza|Flying\n|move|p2a: Alakazam|Dazzling Gleam|p1a: Rayquaza\n|-damage|p1a: Rayquaza|0 fnt\n|faint|p1a: Rayquaza\n|\n|upkeep\n|\n|t:|1699062841\n|switch|p1a: Jirachi|Jirachi, shiny|36\/100\n|-damage|p1a: Jirachi|30\/100|[from] Stealth Rock\n|turn|13\n|\n|t:|1699062862\n|move|p2a: Alakazam|Shadow Ball|p1a: Jirachi\n|-supereffective|p1a: Jirachi\n|-damage|p1a: Jirachi|0 fnt\n|faint|p1a: Jirachi\n|\n|upkeep\n|inactive|aquiles meo has 90 seconds left.\n|\n|t:|1699062895\n|switch|p1a: Luxray|Luxray, M, shiny|100\/100\n|-damage|p1a: Luxray|88\/100|[from] Stealth Rock\n|turn|14\n|\n|t:|1699062903\n|move|p2a: Alakazam|Psychic|p1a: Luxray\n|-damage|p1a: Luxray|26\/100\n|move|p1a: Luxray|Crunch|p2a: Alakazam\n|-supereffective|p2a: Alakazam\n|-damage|p2a: Alakazam|3\/100\n|\n|upkeep\n|turn|15\n|\n|t:|1699062919\n|switch|p1a: Lucario|Lucario, M, shiny|100\/100\n|-damage|p1a: Lucario|98\/100|[from] Stealth Rock\n|move|p2a: Alakazam|Shadow Ball|p1a: Lucario\n|-damage|p1a: Lucario|42\/100\n|-unboost|p1a: Lucario|spd|1\n|\n|upkeep\n|turn|16\n|\n|t:|1699062929\n|detailschange|p1a: Lucario|Lucario-Mega, M, shiny\n|-mega|p1a: Lucario|Lucario|Lucarionite\n|move|p1a: Lucario|Bullet Punch|p2a: Alakazam\n|-damage|p2a: Alakazam|0 fnt\n|faint|p2a: Alakazam\n|\n|upkeep\n|\n|t:|1699062934\n|switch|p2a: Pinsir|Pinsir, F|100\/100\n|turn|17\n|inactive|aquiles meo has 90 seconds left.\n|\n|t:|1699062961\n|move|p1a: Lucario|Drain Punch|p2a: Pinsir\n|-resisted|p2a: Pinsir\n|-damage|p2a: Pinsir|65\/100\n|-heal|p1a: Lucario|60\/100|[from] drain|[of] p2a: Pinsir\n|move|p2a: Pinsir|Close Combat|p1a: Lucario\n|-supereffective|p1a: Lucario\n|-damage|p1a: Lucario|0 fnt\n|-unboost|p2a: Pinsir|def|1\n|-unboost|p2a: Pinsir|spd|1\n|faint|p1a: Lucario\n|\n|upkeep\n|\n|t:|1699062971\n|switch|p1a: Pidgeot|Pidgeot, M, shiny|100\/100\n|-damage|p1a: Pidgeot|76\/100|[from] Stealth Rock\n|turn|18\n|inactive|aquiles meo has 60 seconds left.\n|\n|t:|1699062998\n|move|p1a: Pidgeot|Hurricane|p2a: Pinsir|[miss]\n|-miss|p1a: Pidgeot|p2a: Pinsir\n|move|p2a: Pinsir|Close Combat|p1a: Pidgeot\n|-damage|p1a: Pidgeot|23\/100\n|-unboost|p2a: Pinsir|def|1\n|-unboost|p2a: Pinsir|spd|1\n|\n|upkeep\n|turn|19\n|\n|t:|1699063011\n|move|p1a: Pidgeot|Hurricane|p2a: Pinsir\n|-supereffective|p2a: Pinsir\n|-damage|p2a: Pinsir|0 fnt\n|faint|p2a: Pinsir\n|\n|upkeep\n|\n|t:|1699063023\n|switch|p2a: Magmortar|Magmortar, M|100\/100\n|turn|20\n|inactive|aquiles meo has 60 seconds left.\n|\n|t:|1699063042\n|-terastallize|p2a: Magmortar|Fire\n|move|p1a: Pidgeot|Tailwind|p1a: Pidgeot\n|-sidestart|p1: aquiles meo|move: Tailwind\n|move|p2a: Magmortar|Fire Blast|p1a: Pidgeot\n|-damage|p1a: Pidgeot|0 fnt\n|faint|p1a: Pidgeot\n|\n|upkeep\n|\n|t:|1699063047\n|switch|p1a: Luxray|Luxray, M, shiny|26\/100\n|-damage|p1a: Luxray|14\/100|[from] Stealth Rock\n|turn|21\n|\n|t:|1699063054\n|-zpower|p1a: Luxray\n|move|p1a: Luxray|Gigavolt Havoc|p2a: Magmortar|[zeffect]\n|-damage|p2a: Magmortar|0 fnt\n|faint|p2a: Magmortar\n|\n|win|aquiles meo\n|raw|aquiles meo's rating: 1056 &rarr; <strong>1083<\/strong><br \/>(+27 for winning)\n|raw|Christian adonai's rating: 1000 &rarr; <strong>1000<\/strong><br \/>(+0 for losing)\n|l|\u2606Christian adonai\n","uploadtime":1699063076,"views":21,"p1id":"aquilesmeo","p2id":"christianadonai","formatid":"gen9nationaldexubers","rating":1000,"private":0,"password":""}