{"id":"gen9nationaldexubers-1983175608","p1":"Rhyfinn jr.","p2":"sfjhsbduyjerbsd","format":"[Gen 9] National Dex Ubers","log":"|j|\u2606Rhyfinn jr.\n|j|\u2606sfjhsbduyjerbsd\n|t:|1699100668\n|gametype|singles\n|player|p1|Rhyfinn jr.|ninjaboy|1132\n|player|p2|sfjhsbduyjerbsd|iris-gen5bw2|1044\n|teamsize|p1|6\n|teamsize|p2|6\n|gen|9\n|tier|[Gen 9] National Dex Ubers\n|rated|\n|rule|HP Percentage Mod: HP is shown in percentages\n|rule|Endless Battle Clause: Forcing endless battles is banned\n|rule|OHKO Clause: OHKO moves are banned\n|rule|Evasion Moves Clause: Evasion moves are banned\n|rule|Evasion Items Clause: Evasion items are banned\n|rule|Species Clause: Limit one of each Pok\u00e9mon\n|rule|Sleep Clause Mod: Limit one foe put to sleep\n|rule|Mega Rayquaza Clause: You cannot mega evolve Rayquaza\n|clearpoke\n|poke|p1|Salamence, F|\n|poke|p1|Xerneas-*|\n|poke|p1|Ho-Oh|\n|poke|p1|Marshadow|\n|poke|p1|Groudon|\n|poke|p1|Urshifu-*, M|\n|poke|p2|Galvantula, F|\n|poke|p2|Baxcalibur, M|\n|poke|p2|Zacian-*|\n|poke|p2|Pawmot, M|\n|poke|p2|Eternatus|\n|poke|p2|Necrozma-Dusk-Mane|\n|teampreview\n|inactive|Battle timer is ON: inactive players will automatically lose when time's up. (requested by Rhyfinn jr.)\n|\n|t:|1699100680\n|start\n|switch|p1a: Urshifu|Urshifu, M|100\/100\n|switch|p2a: Galvantula|Galvantula, F|100\/100\n|-ability|p2a: Galvantula|Unnerve\n|turn|1\n|\n|t:|1699100688\n|move|p1a: Urshifu|U-turn|p2a: Galvantula\n|-damage|p2a: Galvantula|55\/100\n|\n|t:|1699100691\n|switch|p1a: Groudon|Groudon|100\/100|[from] U-turn\n|detailschange|p1a: Groudon|Groudon-Primal\n|-primal|p1a: Groudon|Red Orb\n|-weather|DesolateLand|[from] ability: Desolate Land|[of] p1a: Groudon\n|move|p2a: Galvantula|Sticky Web|p1a: Groudon\n|-sidestart|p1: Rhyfinn jr.|move: Sticky Web\n|\n|-weather|DesolateLand|[upkeep]\n|upkeep\n|turn|2\n|\n|t:|1699100707\n|move|p2a: Galvantula|Toxic|p1a: Groudon|[miss]\n|-miss|p2a: Galvantula|p1a: Groudon\n|move|p1a: Groudon|Rock Polish|p1a: Groudon\n|-boost|p1a: Groudon|spe|2\n|\n|-weather|DesolateLand|[upkeep]\n|upkeep\n|turn|3\n|\n|t:|1699100712\n|move|p1a: Groudon|Flamethrower|p2a: Galvantula\n|-supereffective|p2a: Galvantula\n|-damage|p2a: Galvantula|0 fnt\n|faint|p2a: Galvantula\n|\n|-weather|DesolateLand|[upkeep]\n|upkeep\n|\n|t:|1699100718\n|switch|p2a: Eternatus|Eternatus|100\/100\n|-ability|p2a: Eternatus|Pressure\n|turn|4\n|\n|t:|1699100723\n|move|p1a: Groudon|Earth Power|p2a: Eternatus\n|-supereffective|p2a: Eternatus\n|-damage|p2a: Eternatus|10\/100\n|move|p2a: Eternatus|Dynamax Cannon|p1a: Groudon\n|-damage|p1a: Groudon|37\/100\n|\n|-weather|DesolateLand|[upkeep]\n|upkeep\n|turn|5\n|\n|t:|1699100730\n|move|p1a: Groudon|Flamethrower|p2a: Eternatus\n|-resisted|p2a: Eternatus\n|-damage|p2a: Eternatus|0 fnt\n|faint|p2a: Eternatus\n|\n|-weather|DesolateLand|[upkeep]\n|upkeep\n|\n|t:|1699100735\n|switch|p2a: Pawmot|Pawmot, M|100\/100\n|turn|6\n|\n|t:|1699100741\n|move|p1a: Groudon|Earth Power|p2a: Pawmot\n|-supereffective|p2a: Pawmot\n|-enditem|p2a: Pawmot|Focus Sash\n|-damage|p2a: Pawmot|1\/100\n|move|p2a: Pawmot|Close Combat|p1a: Groudon\n|-damage|p1a: Groudon|0 fnt\n|-unboost|p2a: Pawmot|def|1\n|-unboost|p2a: Pawmot|spd|1\n|faint|p1a: Groudon\n|-weather|none\n|\n|upkeep\n|\n|t:|1699100754\n|switch|p1a: Salamence|Salamence, F|100\/100\n|-ability|p1a: Salamence|Intimidate|boost\n|-unboost|p2a: Pawmot|atk|1\n|turn|7\n|\n|t:|1699100761\n|detailschange|p1a: Salamence|Salamence-Mega, F\n|-mega|p1a: Salamence|Salamence|Salamencite\n|move|p1a: Salamence|Dragon Dance|p1a: Salamence\n|-boost|p1a: Salamence|atk|1\n|-boost|p1a: Salamence|spe|1\n|move|p2a: Pawmot|Revival Blessing|p2a: Pawmot\n|\n|t:|1699100767\n|-heal|p2: Eternatus|50\/100|[from] move: Revival Blessing\n|\n|upkeep\n|turn|8\n|\n|t:|1699100770\n|move|p1a: Salamence|Dragon Dance|p1a: Salamence\n|-boost|p1a: Salamence|atk|1\n|-boost|p1a: Salamence|spe|1\n|move|p2a: Pawmot|Double Shock|p1a: Salamence\n|-damage|p1a: Salamence|70\/100\n|-start|p2a: Pawmot|typechange|???\/Fighting|[from] move: Double Shock\n|\n|upkeep\n|turn|9\n|\n|t:|1699100778\n|move|p2a: Pawmot|Mach Punch|p1a: Salamence\n|-resisted|p1a: Salamence\n|-damage|p1a: Salamence|65\/100\n|move|p1a: Salamence|Return|p2a: Pawmot\n|-supereffective|p2a: Pawmot\n|-damage|p2a: Pawmot|0 fnt\n|faint|p2a: Pawmot\n|\n|upkeep\n|\n|t:|1699100788\n|switch|p2a: Zacian|Zacian-Crowned|100\/100\n|-ability|p2a: Zacian|Intrepid Sword|boost\n|-boost|p2a: Zacian|atk|1\n|turn|10\n|\n|t:|1699100792\n|move|p1a: Salamence|Earthquake|p2a: Zacian\n|-supereffective|p2a: Zacian\n|-damage|p2a: Zacian|0 fnt\n|faint|p2a: Zacian\n|\n|upkeep\n|\n|t:|1699100800\n|switch|p2a: Necrozma|Necrozma-Dusk-Mane|100\/100\n|turn|11\n|\n|t:|1699100805\n|detailschange|p2a: Necrozma|Necrozma-Ultra\n|-burst|p2a: Necrozma|Necrozma|Ultranecrozium Z\n|move|p1a: Salamence|Earthquake|p2a: Necrozma\n|-damage|p2a: Necrozma|28\/100\n|move|p2a: Necrozma|Photon Geyser|p1a: Salamence\n|-damage|p1a: Salamence|23\/100\n|\n|upkeep\n|turn|12\n|\n|t:|1699100814\n|move|p1a: Salamence|Dragon Claw|p2a: Necrozma\n|-supereffective|p2a: Necrozma\n|-damage|p2a: Necrozma|0 fnt\n|faint|p2a: Necrozma\n|\n|upkeep\n|-message|sfjhsbduyjerbsd forfeited.\n|\n|win|Rhyfinn jr.\n|raw|Rhyfinn jr.'s rating: 1132 &rarr; <strong>1151<\/strong><br \/>(+19 for winning)\n|raw|sfjhsbduyjerbsd's rating: 1044 &rarr; <strong>1032<\/strong><br \/>(-12 for losing)\n|l|\u2606sfjhsbduyjerbsd\n","uploadtime":1699100820,"views":10,"p1id":"rhyfinnjr","p2id":"sfjhsbduyjerbsd","formatid":"gen9nationaldexubers","rating":1032,"private":0,"password":""}