{"id":"gen9nationaldexubers-1991696848","p1":"MrMeasly14","p2":"OpTiC Waffle","format":"[Gen 9] National Dex Ubers","log":"|j|\u2606MrMeasly14\n|j|\u2606OpTiC Waffle\n|t:|1700103826\n|gametype|singles\n|player|p1|MrMeasly14|clair|\n|player|p2|OpTiC Waffle|169|\n|teamsize|p1|6\n|teamsize|p2|6\n|gen|9\n|tier|[Gen 9] National Dex Ubers\n|rule|HP Percentage Mod: HP is shown in percentages\n|rule|Endless Battle Clause: Forcing endless battles is banned\n|rule|OHKO Clause: OHKO moves are banned\n|rule|Evasion Moves Clause: Evasion moves are banned\n|rule|Evasion Items Clause: Evasion items are banned\n|rule|Species Clause: Limit one of each Pok\u00e9mon\n|rule|Sleep Clause Mod: Limit one foe put to sleep\n|rule|Mega Rayquaza Clause: You cannot mega evolve Rayquaza\n|clearpoke\n|poke|p1|Roaring Moon|\n|poke|p1|Scream Tail|\n|poke|p1|Great Tusk|\n|poke|p1|Leavanny, F|\n|poke|p1|Torkoal, M|\n|poke|p1|Walking Wake|\n|poke|p2|Iron Valiant|\n|poke|p2|Annihilape, M|\n|poke|p2|Heatran, F|\n|poke|p2|Cresselia, F|\n|poke|p2|Electrode-Hisui|\n|poke|p2|Ditto|\n|teampreview\n|inactive|Battle timer is ON: inactive players will automatically lose when time's up. (requested by OpTiC Waffle)\n|inactiveoff|Battle timer is now OFF.\n|c|\u2606MrMeasly14|glhf :)\n|c|\u2606OpTiC Waffle|u 2 :)\n|\n|t:|1700103917\n|start\n|switch|p1a: Torkoal|Torkoal, M, shiny|100\/100\n|switch|p2a: Bertholdt|Heatran, F, shiny|100\/100\n|-weather|SunnyDay|[from] ability: Drought|[of] p1a: Torkoal\n|turn|1\n|j| SchmittBit\n|c| SchmittBit|i hope both you guys lose\n|c|\u2606OpTiC Waffle|ok\n|\n|t:|1700103956\n|switch|p1a: Walking Wake|Walking Wake|100\/100\n|-activate|p1a: Walking Wake|ability: Protosynthesis\n|-start|p1a: Walking Wake|protosynthesisspe\n|move|p2a: Bertholdt|Stealth Rock|p1a: Walking Wake\n|-sidestart|p1: MrMeasly14|move: Stealth Rock\n|\n|-weather|SunnyDay|[upkeep]\n|upkeep\n|turn|2\n|c| SchmittBit|peyton watch out for explosion\n|c| SchmittBit|kaboom\n|l| SchmittBit\n|\n|t:|1700104002\n|switch|p2a: Baki|Annihilape, M|100\/100\n|move|p1a: Walking Wake|Dragon Pulse|p2a: Baki\n|-damage|p2a: Baki|68\/100\n|\n|-weather|SunnyDay|[upkeep]\n|upkeep\n|turn|3\n|\n|t:|1700104070\n|switch|p2a: Iron Valiant|Iron Valiant|100\/100\n|move|p1a: Walking Wake|Dragon Pulse|p2a: Iron Valiant\n|-immune|p2a: Iron Valiant\n|\n|-weather|SunnyDay|[upkeep]\n|upkeep\n|turn|4\n|\n|t:|1700104087\n|-end|p1a: Walking Wake|Protosynthesis|[silent]\n|switch|p1a: Scream Tail|Scream Tail|100\/100\n|-damage|p1a: Scream Tail|88\/100|[from] Stealth Rock\n|-activate|p1a: Scream Tail|ability: Protosynthesis\n|-start|p1a: Scream Tail|protosynthesisspe\n|move|p2a: Iron Valiant|Moonblast|p1a: Scream Tail\n|-damage|p1a: Scream Tail|59\/100\n|\n|-weather|SunnyDay|[upkeep]\n|upkeep\n|turn|5\n|\n|t:|1700104152\n|-end|p2a: Iron Valiant|Quark Drive|[silent]\n|switch|p2a: Bertholdt|Heatran, F, shiny|100\/100\n|move|p1a: Scream Tail|Dazzling Gleam|p2a: Bertholdt\n|-resisted|p2a: Bertholdt\n|-damage|p2a: Bertholdt|97\/100\n|\n|-weather|SunnyDay|[upkeep]\n|upkeep\n|turn|6\n|\n|t:|1700104227\n|-end|p1a: Scream Tail|Protosynthesis|[silent]\n|switch|p1a: Walking Wake|Walking Wake|100\/100\n|-damage|p1a: Walking Wake|88\/100|[from] Stealth Rock\n|-activate|p1a: Walking Wake|ability: Protosynthesis\n|-start|p1a: Walking Wake|protosynthesisspe\n|move|p2a: Bertholdt|Will-O-Wisp|p1a: Walking Wake\n|-status|p1a: Walking Wake|brn\n|\n|-weather|SunnyDay|[upkeep]\n|-damage|p1a: Walking Wake|82\/100 brn|[from] brn\n|upkeep\n|turn|7\n|\n|t:|1700104261\n|switch|p2a: Cresselia|Cresselia, F, shiny|100\/100\n|move|p1a: Walking Wake|Hydro Steam|p2a: Cresselia\n|-damage|p2a: Cresselia|45\/100\n|\n|-weather|SunnyDay|[upkeep]\n|-damage|p1a: Walking Wake|76\/100 brn|[from] brn\n|upkeep\n|turn|8\n|\n|t:|1700104327\n|-end|p1a: Walking Wake|Protosynthesis|[silent]\n|switch|p1a: Great Tusk|Great Tusk|100\/100\n|-activate|p1a: Great Tusk|ability: Protosynthesis\n|-start|p1a: Great Tusk|protosynthesisatk\n|switch|p2a: Ditto|Ditto, shiny|100\/100\n|-transform|p2a: Ditto|p1a: Great Tusk|[from] ability: Imposter\n|\n|-weather|none\n|-end|p1a: Great Tusk|Protosynthesis\n|upkeep\n|turn|9\n|\n|t:|1700104458\n|-end|p2a: Ditto|Protosynthesis|[silent]\n|switch|p2a: Cresselia|Cresselia, F, shiny|45\/100\n|move|p1a: Great Tusk|Rapid Spin|p2a: Cresselia\n|-damage|p2a: Cresselia|36\/100\n|-boost|p1a: Great Tusk|spe|1\n|-sideend|p1: MrMeasly14|Stealth Rock|[from] move: Rapid Spin|[of] p1a: Great Tusk\n|\n|upkeep\n|turn|10\n|\n|t:|1700104496\n|move|p1a: Great Tusk|Knock Off|p2a: Cresselia\n|-supereffective|p2a: Cresselia\n|-enditem|p2a: Cresselia|Colbur Berry|[eat]\n|-enditem|p2a: Cresselia|Colbur Berry|[weaken]\n|-damage|p2a: Cresselia|16\/100\n|move|p2a: Cresselia|Trick Room|p2a: Cresselia\n|-fieldstart|move: Trick Room|[of] p2a: Cresselia\n|\n|upkeep\n|turn|11\n|\n|t:|1700104508\n|move|p2a: Cresselia|Moonlight|p2a: Cresselia\n|-heal|p2a: Cresselia|66\/100\n|move|p1a: Great Tusk|Knock Off|p2a: Cresselia\n|-supereffective|p2a: Cresselia\n|-damage|p2a: Cresselia|40\/100\n|\n|upkeep\n|turn|12\n|\n|t:|1700104532\n|-end|p1a: Great Tusk|Protosynthesis|[silent]\n|switch|p1a: Scream Tail|Scream Tail|59\/100\n|move|p2a: Cresselia|Moonlight|p2a: Cresselia\n|-heal|p2a: Cresselia|90\/100\n|\n|upkeep\n|turn|13\n|\n|t:|1700104574\n|-end|p1a: Scream Tail|Protosynthesis|[silent]\n|switch|p1a: Torkoal|Torkoal, M, shiny|100\/100\n|-weather|SunnyDay|[from] ability: Drought|[of] p1a: Torkoal\n|move|p2a: Cresselia|Moonblast|p1a: Torkoal\n|-resisted|p1a: Torkoal\n|-damage|p1a: Torkoal|89\/100\n|\n|-weather|SunnyDay|[upkeep]\n|upkeep\n|turn|14\n|\n|t:|1700104626\n|switch|p2a: Bertholdt|Heatran, F, shiny|97\/100\n|move|p1a: Torkoal|Stealth Rock|p2a: Bertholdt\n|-sidestart|p2: OpTiC Waffle|move: Stealth Rock\n|\n|-weather|SunnyDay|[upkeep]\n|-fieldend|move: Trick Room\n|upkeep\n|turn|15\n|\n|t:|1700104679\n|move|p2a: Bertholdt|Power Gem|p1a: Torkoal\n|-supereffective|p1a: Torkoal\n|-damage|p1a: Torkoal|25\/100\n|move|p1a: Torkoal|Earth Power|p2a: Bertholdt\n|-supereffective|p2a: Bertholdt\n|-enditem|p2a: Bertholdt|Shuca Berry|[eat]\n|-enditem|p2a: Bertholdt|Shuca Berry|[weaken]\n|-damage|p2a: Bertholdt|63\/100\n|\n|-weather|SunnyDay|[upkeep]\n|upkeep\n|turn|16\n|\n|t:|1700104708\n|switch|p2a: Cresselia|Cresselia, F, shiny|90\/100\n|-damage|p2a: Cresselia|78\/100|[from] Stealth Rock\n|switch|p1a: Leavanny|Leavanny, F, shiny|100\/100\n|\n|-weather|SunnyDay|[upkeep]\n|upkeep\n|turn|17\n|\n|t:|1700104762\n|move|p1a: Leavanny|Sticky Web|p2a: Cresselia\n|-sidestart|p2: OpTiC Waffle|move: Sticky Web\n|move|p2a: Cresselia|Trick Room|p2a: Cresselia\n|-fieldstart|move: Trick Room|[of] p2a: Cresselia\n|\n|-weather|SunnyDay|[upkeep]\n|upkeep\n|turn|18\n|j| SchmittBit\n|\n|t:|1700104803\n|switch|p2a: Baki|Annihilape, M|68\/100\n|-damage|p2a: Baki|62\/100|[from] Stealth Rock\n|-activate|p2a: Baki|move: Sticky Web\n|-unboost|p2a: Baki|spe|1\n|-ability|p2a: Baki|Defiant|boost\n|-boost|p2a: Baki|atk|2\n|move|p1a: Leavanny|Lunge|p2a: Baki\n|-resisted|p2a: Baki\n|-damage|p2a: Baki|52\/100\n|-unboost|p2a: Baki|atk|1\n|-ability|p2a: Baki|Defiant|boost\n|-boost|p2a: Baki|atk|2\n|\n|-weather|SunnyDay|[upkeep]\n|upkeep\n|turn|19\n|l| SchmittBit\n|j| SchmittBit\n|l| SchmittBit\n|\n|t:|1700104935\n|move|p2a: Baki|Rage Fist|p1a: Leavanny\n|-enditem|p1a: Leavanny|Focus Sash\n|-damage|p1a: Leavanny|1\/100\n|move|p1a: Leavanny|Low Kick|p2a: Baki\n|-immune|p2a: Baki\n|\n|-weather|SunnyDay|[upkeep]\n|upkeep\n|turn|20\n|\n|t:|1700104943\n|move|p2a: Baki|Drain Punch|p1a: Leavanny\n|-resisted|p1a: Leavanny\n|-damage|p1a: Leavanny|0 fnt\n|-heal|p2a: Baki|52\/100|[from] drain|[of] p1a: Leavanny\n|faint|p1a: Leavanny\n|\n|-weather|none\n|upkeep\n|\n|t:|1700104951\n|switch|p1a: Roaring Moon|Roaring Moon|100\/100\n|turn|21\n|\n|t:|1700104973\n|-end|p1a: Roaring Moon|Protosynthesis|[silent]\n|switch|p1a: Scream Tail|Scream Tail|59\/100\n|move|p2a: Baki|Rage Fist|p1a: Scream Tail\n|-supereffective|p1a: Scream Tail\n|-damage|p1a: Scream Tail|0 fnt\n|faint|p1a: Scream Tail\n|-end|p1a: Scream Tail|Protosynthesis|[silent]\n|\n|-fieldend|move: Trick Room\n|upkeep\n|\n|t:|1700105017\n|switch|p1a: Roaring Moon|Roaring Moon|100\/100\n|turn|22\n|\n|t:|1700105040\n|move|p1a: Roaring Moon|Knock Off|p2a: Baki\n|-damage|p2a: Baki|0 fnt\n|-enditem|p2a: Baki|Assault Vest|[from] move: Knock Off|[of] p1a: Roaring Moon\n|faint|p2a: Baki\n|-damage|p1a: Roaring Moon|90\/100|[from] item: Life Orb\n|\n|upkeep\n|\n|t:|1700105058\n|switch|p2a: Electrode|Electrode-Hisui, shiny|100\/100\n|turn|23\n|\n|t:|1700105156\n|-end|p1a: Roaring Moon|Protosynthesis|[silent]\n|switch|p1a: Torkoal|Torkoal, M, shiny|25\/100\n|-weather|SunnyDay|[from] ability: Drought|[of] p1a: Torkoal\n|move|p2a: Electrode|Substitute|p2a: Electrode\n|-start|p2a: Electrode|Substitute\n|-damage|p2a: Electrode|76\/100\n|\n|-weather|SunnyDay|[upkeep]\n|upkeep\n|turn|24\n|\n|t:|1700105180\n|switch|p1a: Walking Wake|Walking Wake|76\/100 brn\n|-activate|p1a: Walking Wake|ability: Protosynthesis\n|-start|p1a: Walking Wake|protosynthesisspe\n|move|p2a: Electrode|Tera Blast|p1a: Walking Wake\n|-damage|p1a: Walking Wake|52\/100 brn\n|\n|-weather|SunnyDay|[upkeep]\n|-damage|p1a: Walking Wake|46\/100 brn|[from] brn\n|upkeep\n|turn|25\n|j| jkkayy\n|\n|t:|1700105238\n|move|p1a: Walking Wake|Dragon Pulse|p2a: Electrode\n|-end|p2a: Electrode|Substitute\n|move|p2a: Electrode|Volt Switch|p1a: Walking Wake\n|-damage|p1a: Walking Wake|15\/100 brn\n|\n|t:|1700105267\n|switch|p2a: Iron Valiant|Iron Valiant|100\/100|[from] Volt Switch\n|-damage|p2a: Iron Valiant|94\/100|[from] Stealth Rock\n|-activate|p2a: Iron Valiant|move: Sticky Web\n|-unboost|p2a: Iron Valiant|spe|1\n|\n|-weather|SunnyDay|[upkeep]\n|-damage|p1a: Walking Wake|8\/100 brn|[from] brn\n|upkeep\n|turn|26\n|\n|t:|1700105323\n|-end|p1a: Walking Wake|Protosynthesis|[silent]\n|switch|p1a: Great Tusk|Great Tusk|100\/100\n|-activate|p1a: Great Tusk|ability: Protosynthesis\n|-start|p1a: Great Tusk|protosynthesisatk\n|move|p2a: Iron Valiant|Moonblast|p1a: Great Tusk\n|-supereffective|p1a: Great Tusk\n|-damage|p1a: Great Tusk|0 fnt\n|faint|p1a: Great Tusk\n|-end|p1a: Great Tusk|Protosynthesis|[silent]\n|\n|-weather|SunnyDay|[upkeep]\n|upkeep\n|\n|t:|1700105422\n|switch|p1a: Walking Wake|Walking Wake|8\/100 brn\n|-activate|p1a: Walking Wake|ability: Protosynthesis\n|-start|p1a: Walking Wake|protosynthesisspe\n|turn|27\n|\n|t:|1700105463\n|-end|p2a: Iron Valiant|Quark Drive|[silent]\n|switch|p2a: Ditto|Ditto, shiny|100\/100\n|-damage|p2a: Ditto|88\/100|[from] Stealth Rock\n|-activate|p2a: Ditto|move: Sticky Web\n|-unboost|p2a: Ditto|spe|1\n|-transform|p2a: Ditto|p1a: Walking Wake|[from] ability: Imposter\n|move|p1a: Walking Wake|Draco Meteor|p2a: Ditto\n|-supereffective|p2a: Ditto\n|-damage|p2a: Ditto|0 fnt\n|-unboost|p1a: Walking Wake|spa|2\n|faint|p2a: Ditto\n|-end|p2a: Ditto|Protosynthesis|[silent]\n|\n|-weather|SunnyDay|[upkeep]\n|-damage|p1a: Walking Wake|2\/100 brn|[from] brn\n|upkeep\n|\n|t:|1700105479\n|switch|p2a: Iron Valiant|Iron Valiant|94\/100\n|-damage|p2a: Iron Valiant|88\/100|[from] Stealth Rock\n|-activate|p2a: Iron Valiant|move: Sticky Web\n|-unboost|p2a: Iron Valiant|spe|1\n|turn|28\n|\n|t:|1700105487\n|move|p1a: Walking Wake|Draco Meteor|p2a: Iron Valiant\n|-immune|p2a: Iron Valiant\n|move|p2a: Iron Valiant|Moonblast|p1a: Walking Wake\n|-supereffective|p1a: Walking Wake\n|-damage|p1a: Walking Wake|0 fnt\n|faint|p1a: Walking Wake\n|-end|p1a: Walking Wake|Protosynthesis|[silent]\n|\n|-weather|SunnyDay|[upkeep]\n|upkeep\n|\n|t:|1700105497\n|switch|p1a: Roaring Moon|Roaring Moon|90\/100\n|-activate|p1a: Roaring Moon|ability: Protosynthesis\n|-start|p1a: Roaring Moon|protosynthesisspe\n|turn|29\n|\n|t:|1700105524\n|move|p1a: Roaring Moon|Zen Headbutt|p2a: Iron Valiant\n|-supereffective|p2a: Iron Valiant\n|-damage|p2a: Iron Valiant|0 fnt\n|faint|p2a: Iron Valiant\n|-end|p2a: Iron Valiant|Quark Drive|[silent]\n|-damage|p1a: Roaring Moon|80\/100|[from] item: Life Orb\n|\n|-weather|SunnyDay|[upkeep]\n|upkeep\n|\n|t:|1700105531\n|switch|p2a: Cresselia|Cresselia, F, shiny|78\/100\n|-damage|p2a: Cresselia|66\/100|[from] Stealth Rock\n|turn|30\n|\n|t:|1700105586\n|move|p1a: Roaring Moon|Dragon Dance|p1a: Roaring Moon\n|-boost|p1a: Roaring Moon|atk|1\n|-boost|p1a: Roaring Moon|spe|1\n|move|p2a: Cresselia|Trick Room|p2a: Cresselia\n|-fieldstart|move: Trick Room|[of] p2a: Cresselia\n|\n|-weather|none\n|-end|p1a: Roaring Moon|Protosynthesis\n|upkeep\n|turn|31\n|\n|t:|1700105599\n|move|p2a: Cresselia|Moonblast|p1a: Roaring Moon\n|-supereffective|p1a: Roaring Moon\n|-damage|p1a: Roaring Moon|14\/100\n|move|p1a: Roaring Moon|Knock Off|p2a: Cresselia\n|-supereffective|p2a: Cresselia\n|-damage|p2a: Cresselia|0 fnt\n|faint|p2a: Cresselia\n|-damage|p1a: Roaring Moon|4\/100|[from] item: Life Orb\n|\n|upkeep\n|\n|t:|1700105609\n|switch|p2a: Bertholdt|Heatran, F, shiny|63\/100\n|-damage|p2a: Bertholdt|51\/100|[from] Stealth Rock\n|-activate|p2a: Bertholdt|move: Sticky Web\n|-unboost|p2a: Bertholdt|spe|1\n|turn|32\n|\n|t:|1700105650\n|move|p2a: Bertholdt|Power Gem|p1a: Roaring Moon\n|-damage|p1a: Roaring Moon|0 fnt\n|faint|p1a: Roaring Moon\n|-end|p1a: Roaring Moon|Protosynthesis|[silent]\n|\n|upkeep\n|\n|t:|1700105652\n|switch|p1a: Torkoal|Torkoal, M, shiny|25\/100\n|-weather|SunnyDay|[from] ability: Drought|[of] p1a: Torkoal\n|turn|33\n|\n|t:|1700105666\n|move|p1a: Torkoal|Earth Power|p2a: Bertholdt\n|-supereffective|p2a: Bertholdt\n|-crit|p2a: Bertholdt\n|-damage|p2a: Bertholdt|0 fnt\n|faint|p2a: Bertholdt\n|\n|-weather|SunnyDay|[upkeep]\n|upkeep\n|\n|t:|1700105675\n|switch|p2a: Electrode|Electrode-Hisui, shiny|76\/100\n|turn|34\n|\n|t:|1700105686\n|move|p1a: Torkoal|Earth Power|p2a: Electrode\n|-damage|p2a: Electrode|48\/100\n|move|p2a: Electrode|Substitute|p2a: Electrode\n|-start|p2a: Electrode|Substitute\n|-damage|p2a: Electrode|23\/100\n|\n|-weather|SunnyDay|[upkeep]\n|-fieldend|move: Trick Room\n|upkeep\n|turn|35\n|\n|t:|1700105694\n|move|p2a: Electrode|Volt Switch|p1a: Torkoal\n|-damage|p1a: Torkoal|0 fnt\n|faint|p1a: Torkoal\n|\n|win|OpTiC Waffle\n|c| jkkayy|Whatever happens with this turn, helluva game boys.\n|c|\u2606OpTiC Waffle|gg\n|c|\u2606OpTiC Waffle|dang bro\n|c|\u2606OpTiC Waffle|that was intense\n|c|\u2606MrMeasly14|gg\n|c| jkkayy|Dudes, game of the season. That was ridiculous to watch\n|c|\u2606OpTiC Waffle|thanks man\n|c| jkkayy|well  played both of you\n","uploadtime":1700105854,"views":72,"p1id":"mrmeasly14","p2id":"opticwaffle","formatid":"gen9nationaldexubers","rating":0,"private":0,"password":""}