{"id":"gen9nationaldexubers-1995080511","p1":"pakiavatar9434","p2":"szymszym134","format":"[Gen 9] National Dex Ubers","log":"|j|\u2606pakiavatar9434\n|j|\u2606szymszym134\n|t:|1700520398\n|gametype|singles\n|player|p1|pakiavatar9434|dragontamer|1593\n|player|p2|szymszym134|doubleteam|1690\n|teamsize|p1|6\n|teamsize|p2|6\n|gen|9\n|tier|[Gen 9] National Dex Ubers\n|rated|\n|rule|HP Percentage Mod: HP is shown in percentages\n|rule|Endless Battle Clause: Forcing endless battles is banned\n|rule|OHKO Clause: OHKO moves are banned\n|rule|Evasion Moves Clause: Evasion moves are banned\n|rule|Evasion Items Clause: Evasion items are banned\n|rule|Species Clause: Limit one of each Pok\u00e9mon\n|rule|Sleep Clause Mod: Limit one foe put to sleep\n|rule|Mega Rayquaza Clause: You cannot mega evolve Rayquaza\n|clearpoke\n|poke|p1|Melmetal|\n|poke|p1|Sharpedo, F|\n|poke|p1|Jellicent, M|\n|poke|p1|Blissey, F|\n|poke|p1|Xerneas-*|\n|poke|p1|Heatran, M|\n|poke|p2|Magearna|\n|poke|p2|Arceus-Ground|\n|poke|p2|Yveltal|\n|poke|p2|Ditto|\n|poke|p2|Garganacl, M|\n|poke|p2|Zygarde|\n|teampreview\n|inactive|Battle timer is ON: inactive players will automatically lose when time's up. (requested by szymszym134)\n|inactive|szymszym134 has 120 seconds left.\n|\n|t:|1700520429\n|start\n|switch|p1a: Sharpedo|Sharpedo, F|100\/100\n|switch|p2a: Arceus|Arceus-Ground|100\/100\n|turn|1\n|\n|t:|1700520436\n|move|p2a: Arceus|Toxic|p1a: Sharpedo\n|-status|p1a: Sharpedo|tox\n|move|p1a: Sharpedo|Waterfall|p2a: Arceus\n|-supereffective|p2a: Arceus\n|-damage|p2a: Arceus|48\/100\n|\n|-damage|p1a: Sharpedo|94\/100 tox|[from] psn\n|-ability|p1a: Sharpedo|Speed Boost|boost\n|-boost|p1a: Sharpedo|spe|1\n|upkeep\n|turn|2\n|\n|t:|1700520443\n|switch|p2a: Magearna|Magearna|100\/100\n|move|p1a: Sharpedo|Waterfall|p2a: Magearna\n|-damage|p2a: Magearna|68\/100\n|\n|-heal|p2a: Magearna|74\/100|[from] item: Leftovers\n|-damage|p1a: Sharpedo|82\/100 tox|[from] psn\n|-ability|p1a: Sharpedo|Speed Boost|boost\n|-boost|p1a: Sharpedo|spe|1\n|upkeep\n|turn|3\n|\n|t:|1700520452\n|move|p1a: Sharpedo|Destiny Bond|p1a: Sharpedo\n|-singlemove|p1a: Sharpedo|Destiny Bond\n|move|p2a: Magearna|Fleur Cannon|p1a: Sharpedo|[miss]\n|-miss|p2a: Magearna|p1a: Sharpedo\n|\n|-heal|p2a: Magearna|80\/100|[from] item: Leftovers\n|-damage|p1a: Sharpedo|64\/100 tox|[from] psn\n|-ability|p1a: Sharpedo|Speed Boost|boost\n|-boost|p1a: Sharpedo|spe|1\n|upkeep\n|turn|4\n|\n|t:|1700520458\n|move|p2a: Magearna|Heart Swap|p1a: Sharpedo\n|-swapboost|p2a: Magearna|p1a: Sharpedo|[from] move: Heart Swap\n|move|p1a: Sharpedo|Roar|p2a: Magearna\n|drag|p2a: Arceus|Arceus-Ground|48\/100\n|\n|-damage|p1a: Sharpedo|40\/100 tox|[from] psn\n|-ability|p1a: Sharpedo|Speed Boost|boost\n|-boost|p1a: Sharpedo|spe|1\n|upkeep\n|turn|5\n|\n|t:|1700520467\n|switch|p2a: Magearna|Magearna|80\/100\n|move|p1a: Sharpedo|Waterfall|p2a: Magearna\n|-damage|p2a: Magearna|46\/100\n|\n|-heal|p2a: Magearna|52\/100|[from] item: Leftovers\n|-damage|p1a: Sharpedo|10\/100 tox|[from] psn\n|-ability|p1a: Sharpedo|Speed Boost|boost\n|-boost|p1a: Sharpedo|spe|1\n|upkeep\n|turn|6\n|\n|t:|1700520475\n|switch|p1a: Heatran|Heatran, M|100\/100\n|-item|p1a: Heatran|Air Balloon\n|move|p2a: Magearna|Heart Swap|p1a: Heatran\n|-swapboost|p2a: Magearna|p1a: Heatran|[from] move: Heart Swap\n|\n|-heal|p2a: Magearna|58\/100|[from] item: Leftovers\n|upkeep\n|turn|7\n|\n|t:|1700520480\n|switch|p2a: Zygarde|Zygarde|100\/100\n|move|p1a: Heatran|Magma Storm|p2a: Zygarde\n|-resisted|p2a: Zygarde\n|-damage|p2a: Zygarde|83\/100\n|-activate|p2a: Zygarde|move: Magma Storm|[of] p1a: Heatran\n|\n|-heal|p2a: Zygarde|89\/100|[from] item: Leftovers\n|-damage|p2a: Zygarde|77\/100|[from] move: Magma Storm|[partiallytrapped]\n|upkeep\n|turn|8\n|\n|t:|1700520484\n|-terastallize|p1a: Heatran|Grass\n|move|p2a: Zygarde|Thousand Arrows|p1a: Heatran\n|-resisted|p1a: Heatran\n|-damage|p1a: Heatran|88\/100\n|-enditem|p1a: Heatran|Air Balloon\n|move|p1a: Heatran|Toxic|p2a: Zygarde\n|-status|p2a: Zygarde|tox\n|\n|-heal|p2a: Zygarde|83\/100 tox|[from] item: Leftovers\n|-damage|p2a: Zygarde|77\/100 tox|[from] psn\n|-damage|p2a: Zygarde|65\/100 tox|[from] move: Magma Storm|[partiallytrapped]\n|upkeep\n|turn|9\n|\n|t:|1700520493\n|move|p1a: Heatran|Tera Blast|p2a: Zygarde|[anim] Tera Blast Grass\n|-damage|p2a: Zygarde|39\/100 tox\n|move|p2a: Zygarde|Dragon Tail|p1a: Heatran\n|-crit|p1a: Heatran\n|-damage|p1a: Heatran|60\/100\n|drag|p1a: Melmetal|Melmetal|100\/100\n|\n|-heal|p2a: Zygarde|45\/100 tox|[from] item: Leftovers\n|-damage|p2a: Zygarde|32\/100 tox|[from] psn\n|-end|p2a: Zygarde|Magma Storm|[partiallytrapped]|[silent]\n|-activate|p2a: Zygarde|ability: Power Construct\n|detailschange|p2a: Zygarde|Zygarde-Complete\n|-heal|p2a: Zygarde|56\/100 tox|[silent]\n|upkeep\n|turn|10\n|\n|t:|1700520508\n|switch|p2a: Yveltal|Yveltal|100\/100\n|-ability|p2a: Yveltal|Dark Aura\n|move|p1a: Melmetal|Double Iron Bash|p2a: Yveltal\n|-damage|p2a: Yveltal|65\/100\n|-damage|p2a: Yveltal|28\/100\n|-hitcount|p2a: Yveltal|2\n|\n|upkeep\n|turn|11\n|j| AGKilled\n|\n|t:|1700520516\n|move|p2a: Yveltal|Foul Play|p1a: Melmetal\n|-damage|p1a: Melmetal|61\/100\n|move|p1a: Melmetal|Thunder Punch|p2a: Yveltal\n|-supereffective|p2a: Yveltal\n|-damage|p2a: Yveltal|0 fnt\n|faint|p2a: Yveltal\n|\n|upkeep\n|\n|t:|1700520522\n|switch|p2a: Arceus|Arceus-Ground|48\/100\n|turn|12\n|\n|t:|1700520535\n|move|p2a: Arceus|Judgment|p1a: Melmetal\n|-supereffective|p1a: Melmetal\n|-damage|p1a: Melmetal|0 fnt\n|faint|p1a: Melmetal\n|\n|upkeep\n|\n|t:|1700520540\n|switch|p1a: Jellicent|Jellicent, M|100\/100\n|turn|13\n|\n|t:|1700520544\n|switch|p2a: Magearna|Magearna|58\/100\n|move|p1a: Jellicent|Scald|p2a: Magearna\n|-damage|p2a: Magearna|41\/100\n|-status|p2a: Magearna|brn\n|\n|-heal|p2a: Magearna|47\/100 brn|[from] item: Leftovers\n|-damage|p2a: Magearna|41\/100 brn|[from] brn\n|upkeep\n|turn|14\n|\n|t:|1700520549\n|switch|p1a: Blissey|Blissey, F|100\/100\n|move|p2a: Magearna|Pain Split|p1a: Blissey\n|-sethp|p1a: Blissey|61\/100|[from] move: Pain Split|[silent]\n|-sethp|p2a: Magearna|100\/100 brn|[from] move: Pain Split\n|\n|-heal|p1a: Blissey|67\/100|[from] item: Leftovers\n|-damage|p2a: Magearna|94\/100 brn|[from] brn\n|upkeep\n|turn|15\n|\n|t:|1700520553\n|switch|p2a: Garganacl|Garganacl, M|100\/100\n|move|p1a: Blissey|Soft-Boiled|p1a: Blissey\n|-heal|p1a: Blissey|100\/100\n|\n|upkeep\n|turn|16\n|\n|t:|1700520560\n|move|p1a: Blissey|Wish|p1a: Blissey\n|move|p2a: Garganacl|Salt Cure|p1a: Blissey\n|-damage|p1a: Blissey|89\/100\n|-start|p1a: Blissey|Salt Cure\n|\n|-heal|p1a: Blissey|95\/100|[from] item: Leftovers\n|-damage|p1a: Blissey|82\/100|[from] Salt Cure\n|upkeep\n|turn|17\n|\n|t:|1700520565\n|switch|p1a: Heatran|Heatran, M, tera:Grass|60\/100\n|move|p2a: Garganacl|Salt Cure|p1a: Heatran\n|-crit|p1a: Heatran\n|-damage|p1a: Heatran|41\/100\n|-start|p1a: Heatran|Salt Cure\n|\n|-heal|p1a: Heatran|100\/100|[from] move: Wish|[wisher] Blissey\n|-damage|p1a: Heatran|88\/100|[from] Salt Cure\n|upkeep\n|turn|18\n|\n|t:|1700520572\n|move|p1a: Heatran|Tera Blast|p2a: Garganacl|[anim] Tera Blast Grass\n|-supereffective|p2a: Garganacl\n|-damage|p2a: Garganacl|23\/100\n|move|p2a: Garganacl|Recover|p2a: Garganacl\n|-heal|p2a: Garganacl|73\/100\n|\n|-heal|p2a: Garganacl|79\/100|[from] item: Leftovers\n|-damage|p1a: Heatran|76\/100|[from] Salt Cure\n|upkeep\n|turn|19\n|\n|t:|1700520578\n|switch|p1a: Blissey|Blissey, F|82\/100\n|move|p2a: Garganacl|Protect||[still]\n|-fail|p2a: Garganacl\n|\n|-heal|p1a: Blissey|89\/100|[from] item: Leftovers\n|-heal|p2a: Garganacl|86\/100|[from] item: Leftovers\n|upkeep\n|turn|20\n|\n|t:|1700520582\n|move|p1a: Blissey|Wish|p1a: Blissey\n|move|p2a: Garganacl|Stealth Rock|p1a: Blissey\n|-sidestart|p1: pakiavatar9434|move: Stealth Rock\n|\n|-heal|p1a: Blissey|95\/100|[from] item: Leftovers\n|-heal|p2a: Garganacl|92\/100|[from] item: Leftovers\n|upkeep\n|turn|21\n|\n|t:|1700520585\n|switch|p1a: Xerneas|Xerneas|100\/100\n|-damage|p1a: Xerneas|88\/100|[from] Stealth Rock\n|-ability|p1a: Xerneas|Fairy Aura\n|move|p2a: Garganacl|Salt Cure|p1a: Xerneas\n|-damage|p1a: Xerneas|81\/100\n|-start|p1a: Xerneas|Salt Cure\n|\n|-heal|p1a: Xerneas|100\/100|[from] move: Wish|[wisher] Blissey\n|-heal|p2a: Garganacl|98\/100|[from] item: Leftovers\n|-damage|p1a: Xerneas|88\/100|[from] Salt Cure\n|upkeep\n|turn|22\n|\n|t:|1700520593\n|switch|p2a: Magearna|Magearna|94\/100 brn\n|move|p1a: Xerneas|Aromatherapy|p1a: Xerneas\n|-activate|p1a: Xerneas|move: Aromatherapy\n|-curestatus|p1: Sharpedo|tox|[msg]\n|\n|-heal|p2a: Magearna|100\/100 brn|[from] item: Leftovers\n|-damage|p2a: Magearna|94\/100 brn|[from] brn\n|-damage|p1a: Xerneas|76\/100|[from] Salt Cure\n|upkeep\n|turn|23\n|\n|t:|1700520600\n|switch|p1a: Blissey|Blissey, F|95\/100\n|-damage|p1a: Blissey|82\/100|[from] Stealth Rock\n|move|p2a: Magearna|Fleur Cannon|p1a: Blissey\n|-damage|p1a: Blissey|62\/100\n|-unboost|p2a: Magearna|spa|2\n|\n|-heal|p2a: Magearna|100\/100 brn|[from] item: Leftovers\n|-heal|p1a: Blissey|68\/100|[from] item: Leftovers\n|-damage|p2a: Magearna|94\/100 brn|[from] brn\n|upkeep\n|turn|24\n|\n|t:|1700520604\n|switch|p2a: Zygarde|Zygarde-Complete|56\/100 tox\n|move|p1a: Blissey|Seismic Toss|p2a: Zygarde\n|-damage|p2a: Zygarde|40\/100 tox\n|\n|-heal|p2a: Zygarde|46\/100 tox|[from] item: Leftovers\n|-heal|p1a: Blissey|74\/100|[from] item: Leftovers\n|-damage|p2a: Zygarde|40\/100 tox|[from] psn\n|upkeep\n|turn|25\n|\n|t:|1700520611\n|move|p2a: Zygarde|Rest|p2a: Zygarde\n|-status|p2a: Zygarde|slp|[from] move: Rest\n|-heal|p2a: Zygarde|100\/100 slp|[silent]\n|move|p1a: Blissey|Wish|p1a: Blissey\n|\n|-heal|p1a: Blissey|81\/100|[from] item: Leftovers\n|upkeep\n|turn|26\n|\n|t:|1700520617\n|switch|p2a: Magearna|Magearna|94\/100 brn\n|switch|p1a: Xerneas|Xerneas|76\/100\n|-damage|p1a: Xerneas|64\/100|[from] Stealth Rock\n|-ability|p1a: Xerneas|Fairy Aura\n|\n|-heal|p1a: Xerneas|100\/100|[from] move: Wish|[wisher] Blissey\n|-heal|p2a: Magearna|100\/100 brn|[from] item: Leftovers\n|-damage|p2a: Magearna|94\/100 brn|[from] brn\n|upkeep\n|turn|27\n|\n|t:|1700520622\n|move|p1a: Xerneas|Defog|p2a: Magearna\n|-unboost|p2a: Magearna|evasion|1\n|-sideend|p1: pakiavatar9434|Stealth Rock|[from] move: Defog|[of] p1a: Xerneas\n|move|p2a: Magearna|Fleur Cannon|p1a: Xerneas\n|-damage|p1a: Xerneas|48\/100\n|-unboost|p2a: Magearna|spa|2\n|\n|-heal|p2a: Magearna|100\/100 brn|[from] item: Leftovers\n|-damage|p2a: Magearna|94\/100 brn|[from] brn\n|upkeep\n|turn|28\n|\n|t:|1700520628\n|switch|p1a: Blissey|Blissey, F|81\/100\n|move|p2a: Magearna|Heart Swap|p1a: Blissey\n|-swapboost|p2a: Magearna|p1a: Blissey|[from] move: Heart Swap\n|\n|-heal|p2a: Magearna|100\/100 brn|[from] item: Leftovers\n|-heal|p1a: Blissey|87\/100|[from] item: Leftovers\n|-damage|p2a: Magearna|94\/100 brn|[from] brn\n|upkeep\n|turn|29\n|\n|t:|1700520631\n|switch|p2a: Garganacl|Garganacl, M|98\/100\n|move|p1a: Blissey|Seismic Toss|p2a: Garganacl\n|-damage|p2a: Garganacl|73\/100\n|\n|-heal|p1a: Blissey|93\/100|[from] item: Leftovers\n|-heal|p2a: Garganacl|79\/100|[from] item: Leftovers\n|upkeep\n|turn|30\n|\n|t:|1700520638\n|move|p1a: Blissey|Wish|p1a: Blissey\n|move|p2a: Garganacl|Salt Cure|p1a: Blissey\n|-damage|p1a: Blissey|81\/100\n|-start|p1a: Blissey|Salt Cure\n|\n|-heal|p1a: Blissey|88\/100|[from] item: Leftovers\n|-heal|p2a: Garganacl|86\/100|[from] item: Leftovers\n|-damage|p1a: Blissey|75\/100|[from] Salt Cure\n|upkeep\n|turn|31\n|\n|t:|1700520642\n|switch|p1a: Xerneas|Xerneas|48\/100\n|-ability|p1a: Xerneas|Fairy Aura\n|move|p2a: Garganacl|Recover|p2a: Garganacl\n|-heal|p2a: Garganacl|100\/100\n|\n|-heal|p1a: Xerneas|100\/100|[from] move: Wish|[wisher] Blissey\n|upkeep\n|turn|32\n|\n|t:|1700520648\n|move|p1a: Xerneas|Moonblast|p2a: Garganacl\n|-damage|p2a: Garganacl|57\/100\n|move|p2a: Garganacl|Salt Cure|p1a: Xerneas\n|-damage|p1a: Xerneas|92\/100\n|-start|p1a: Xerneas|Salt Cure\n|\n|-heal|p2a: Garganacl|64\/100|[from] item: Leftovers\n|-damage|p1a: Xerneas|80\/100|[from] Salt Cure\n|upkeep\n|turn|33\n|\n|t:|1700520653\n|switch|p1a: Blissey|Blissey, F|75\/100\n|move|p2a: Garganacl|Recover|p2a: Garganacl\n|-heal|p2a: Garganacl|100\/100\n|\n|-heal|p1a: Blissey|81\/100|[from] item: Leftovers\n|upkeep\n|turn|34\n|\n|t:|1700520662\n|move|p1a: Blissey|Wish|p1a: Blissey\n|move|p2a: Garganacl|Stealth Rock|p1a: Blissey\n|-sidestart|p1: pakiavatar9434|move: Stealth Rock\n|\n|-heal|p1a: Blissey|87\/100|[from] item: Leftovers\n|upkeep\n|turn|35\n|\n|t:|1700520666\n|switch|p1a: Heatran|Heatran, M, tera:Grass|76\/100\n|-damage|p1a: Heatran|63\/100|[from] Stealth Rock\n|move|p2a: Garganacl|Salt Cure|p1a: Heatran\n|-damage|p1a: Heatran|52\/100\n|-start|p1a: Heatran|Salt Cure\n|\n|-heal|p1a: Heatran|100\/100|[from] move: Wish|[wisher] Blissey\n|-damage|p1a: Heatran|88\/100|[from] Salt Cure\n|upkeep\n|turn|36\n|\n|t:|1700520677\n|switch|p2a: Zygarde|Zygarde-Complete|100\/100 slp\n|move|p1a: Heatran|Magma Storm|p2a: Zygarde\n|-resisted|p2a: Zygarde\n|-damage|p2a: Zygarde|89\/100 slp\n|-activate|p2a: Zygarde|move: Magma Storm|[of] p1a: Heatran\n|\n|-heal|p2a: Zygarde|95\/100 slp|[from] item: Leftovers\n|-damage|p2a: Zygarde|83\/100 slp|[from] move: Magma Storm|[partiallytrapped]\n|-damage|p1a: Heatran|76\/100|[from] Salt Cure\n|upkeep\n|turn|37\n|\n|t:|1700520684\n|cant|p2a: Zygarde|slp\n|move|p1a: Heatran|Tera Blast|p2a: Zygarde|[anim] Tera Blast Grass\n|-damage|p2a: Zygarde|65\/100 slp\n|\n|-heal|p2a: Zygarde|71\/100 slp|[from] item: Leftovers\n|-damage|p2a: Zygarde|58\/100 slp|[from] move: Magma Storm|[partiallytrapped]\n|-damage|p1a: Heatran|63\/100|[from] Salt Cure\n|upkeep\n|turn|38\n|\n|t:|1700520691\n|switch|p1a: Jellicent|Jellicent, M|100\/100\n|-damage|p1a: Jellicent|88\/100|[from] Stealth Rock\n|cant|p2a: Zygarde|slp\n|\n|-heal|p2a: Zygarde|64\/100 slp|[from] item: Leftovers\n|-end|p2a: Zygarde|Magma Storm|[partiallytrapped]|[silent]\n|upkeep\n|turn|39\n|\n|t:|1700520697\n|switch|p2a: Magearna|Magearna|94\/100 brn\n|move|p1a: Jellicent|Substitute|p1a: Jellicent\n|-start|p1a: Jellicent|Substitute\n|-damage|p1a: Jellicent|63\/100\n|\n|-heal|p2a: Magearna|100\/100 brn|[from] item: Leftovers\n|-damage|p2a: Magearna|94\/100 brn|[from] brn\n|upkeep\n|turn|40\n|\n|t:|1700520715\n|move|p2a: Magearna|Fleur Cannon|p1a: Jellicent\n|-end|p1a: Jellicent|Substitute\n|-unboost|p2a: Magearna|spa|2\n|move|p1a: Jellicent|Strength Sap|p2a: Magearna\n|-unboost|p2a: Magearna|atk|1\n|-heal|p1a: Jellicent|100\/100\n|\n|-heal|p2a: Magearna|100\/100 brn|[from] item: Leftovers\n|-damage|p2a: Magearna|94\/100 brn|[from] brn\n|upkeep\n|turn|41\n|\n|t:|1700520729\n|move|p2a: Magearna|Fleur Cannon|p1a: Jellicent\n|-damage|p1a: Jellicent|77\/100\n|-unboost|p2a: Magearna|spa|2\n|move|p1a: Jellicent|Spite|p2a: Magearna\n|-activate|p2a: Magearna|move: Spite|Fleur Cannon|3\n|\n|-heal|p2a: Magearna|100\/100 brn|[from] item: Leftovers\n|-damage|p2a: Magearna|94\/100 brn|[from] brn\n|upkeep\n|turn|42\n|\n|t:|1700520739\n|move|p2a: Magearna|Heart Swap|p1a: Jellicent\n|-swapboost|p2a: Magearna|p1a: Jellicent|[from] move: Heart Swap\n|move|p1a: Jellicent|Substitute|p1a: Jellicent\n|-start|p1a: Jellicent|Substitute\n|-damage|p1a: Jellicent|52\/100\n|\n|-heal|p2a: Magearna|100\/100 brn|[from] item: Leftovers\n|-damage|p2a: Magearna|94\/100 brn|[from] brn\n|upkeep\n|turn|43\n|\n|t:|1700520753\n|move|p2a: Magearna|Heal Bell|p2a: Magearna\n|-activate|p2a: Magearna|move: Heal Bell\n|-curestatus|p2a: Magearna|brn|[msg]\n|-curestatus|p2: Zygarde|slp|[msg]\n|move|p1a: Jellicent|Strength Sap|p2a: Magearna\n|-unboost|p2a: Magearna|atk|1\n|-heal|p1a: Jellicent|96\/100\n|\n|-heal|p2a: Magearna|100\/100|[from] item: Leftovers\n|upkeep\n|turn|44\n|\n|t:|1700520764\n|switch|p2a: Arceus|Arceus-Ground|48\/100\n|move|p1a: Jellicent|Scald|p2a: Arceus\n|-supereffective|p2a: Arceus\n|-damage|p2a: Arceus|37\/100\n|\n|upkeep\n|turn|45\n|\n|t:|1700520771\n|move|p2a: Arceus|Recover|p2a: Arceus\n|-heal|p2a: Arceus|87\/100\n|move|p1a: Jellicent|Strength Sap|p2a: Arceus\n|-unboost|p2a: Arceus|atk|1\n|-heal|p1a: Jellicent|100\/100\n|\n|upkeep\n|turn|46\n|\n|t:|1700520776\n|move|p2a: Arceus|Taunt|p1a: Jellicent\n|-start|p1a: Jellicent|move: Taunt\n|move|p1a: Jellicent|Scald|p2a: Arceus\n|-supereffective|p2a: Arceus\n|-damage|p2a: Arceus|77\/100\n|-status|p2a: Arceus|brn\n|\n|-damage|p2a: Arceus|71\/100 brn|[from] brn\n|upkeep\n|turn|47\n|\n|t:|1700520779\n|move|p2a: Arceus|Judgment|p1a: Jellicent\n|-end|p1a: Jellicent|Substitute\n|move|p1a: Jellicent|Scald|p2a: Arceus\n|-supereffective|p2a: Arceus\n|-damage|p2a: Arceus|61\/100 brn\n|\n|-damage|p2a: Arceus|55\/100 brn|[from] brn\n|upkeep\n|turn|48\n|\n|t:|1700520790\n|switch|p1a: Blissey|Blissey, F|87\/100\n|-damage|p1a: Blissey|75\/100|[from] Stealth Rock\n|move|p2a: Arceus|Judgment|p1a: Blissey\n|-damage|p1a: Blissey|59\/100\n|\n|-heal|p1a: Blissey|65\/100|[from] item: Leftovers\n|-damage|p2a: Arceus|48\/100 brn|[from] brn\n|upkeep\n|turn|49\n|\n|t:|1700520794\n|switch|p2a: Garganacl|Garganacl, M|100\/100\n|move|p1a: Blissey|Wish|p1a: Blissey\n|\n|-heal|p1a: Blissey|71\/100|[from] item: Leftovers\n|upkeep\n|turn|50\n|\n|t:|1700520798\n|switch|p1a: Heatran|Heatran, M, tera:Grass|63\/100\n|-damage|p1a: Heatran|51\/100|[from] Stealth Rock\n|move|p2a: Garganacl|Salt Cure|p1a: Heatran\n|-damage|p1a: Heatran|39\/100\n|-start|p1a: Heatran|Salt Cure\n|\n|-heal|p1a: Heatran|100\/100|[from] move: Wish|[wisher] Blissey\n|-damage|p1a: Heatran|88\/100|[from] Salt Cure\n|upkeep\n|turn|51\n|\n|t:|1700520805\n|switch|p2a: Zygarde|Zygarde-Complete|64\/100\n|move|p1a: Heatran|Magma Storm|p2a: Zygarde\n|-resisted|p2a: Zygarde\n|-damage|p2a: Zygarde|53\/100\n|-activate|p2a: Zygarde|move: Magma Storm|[of] p1a: Heatran\n|\n|-heal|p2a: Zygarde|59\/100|[from] item: Leftovers\n|-damage|p2a: Zygarde|47\/100|[from] move: Magma Storm|[partiallytrapped]\n|-damage|p1a: Heatran|76\/100|[from] Salt Cure\n|upkeep\n|turn|52\n|\n|t:|1700520811\n|move|p2a: Zygarde|Coil|p2a: Zygarde\n|-boost|p2a: Zygarde|atk|1\n|-boost|p2a: Zygarde|def|1\n|-boost|p2a: Zygarde|accuracy|1\n|move|p1a: Heatran|Toxic|p2a: Zygarde\n|-status|p2a: Zygarde|tox\n|\n|-heal|p2a: Zygarde|53\/100 tox|[from] item: Leftovers\n|-damage|p2a: Zygarde|47\/100 tox|[from] psn\n|-damage|p2a: Zygarde|34\/100 tox|[from] move: Magma Storm|[partiallytrapped]\n|-damage|p1a: Heatran|63\/100|[from] Salt Cure\n|upkeep\n|turn|53\n|\n|t:|1700520816\n|move|p1a: Heatran|Tera Blast|p2a: Zygarde|[anim] Tera Blast Grass\n|-damage|p2a: Zygarde|16\/100 tox\n|move|p2a: Zygarde|Dragon Tail|p1a: Heatran\n|-damage|p1a: Heatran|37\/100\n|drag|p1a: Sharpedo|Sharpedo, F|10\/100\n|-damage|p1a: Sharpedo|0 fnt|[from] Stealth Rock\n|faint|p1a: Sharpedo\n|\n|-heal|p2a: Zygarde|22\/100 tox|[from] item: Leftovers\n|-damage|p2a: Zygarde|10\/100 tox|[from] psn\n|-end|p2a: Zygarde|Magma Storm|[partiallytrapped]|[silent]\n|upkeep\n|\n|t:|1700520823\n|switch|p1a: Jellicent|Jellicent, M|100\/100\n|-damage|p1a: Jellicent|88\/100|[from] Stealth Rock\n|turn|54\n|\n|t:|1700520833\n|switch|p2a: Garganacl|Garganacl, M|100\/100\n|move|p1a: Jellicent|Strength Sap|p2a: Garganacl\n|-unboost|p2a: Garganacl|atk|1\n|-heal|p1a: Jellicent|100\/100\n|\n|upkeep\n|turn|55\n|\n|t:|1700520839\n|move|p1a: Jellicent|Substitute|p1a: Jellicent\n|-start|p1a: Jellicent|Substitute\n|-damage|p1a: Jellicent|75\/100\n|move|p2a: Garganacl|Salt Cure|p1a: Jellicent\n|-activate|p1a: Jellicent|move: Substitute|[damage]\n|\n|upkeep\n|turn|56\n|\n|t:|1700520846\n|switch|p2a: Ditto|Ditto|100\/100\n|move|p1a: Jellicent|Spite||[still]\n|-fail|p1a: Jellicent\n|\n|upkeep\n|turn|57\n|\n|t:|1700520851\n|switch|p2a: Garganacl|Garganacl, M|100\/100\n|move|p1a: Jellicent|Scald|p2a: Garganacl\n|-supereffective|p2a: Garganacl\n|-damage|p2a: Garganacl|59\/100\n|\n|-heal|p2a: Garganacl|65\/100|[from] item: Leftovers\n|upkeep\n|turn|58\n|\n|t:|1700520862\n|move|p2a: Garganacl|Protect|p2a: Garganacl\n|-singleturn|p2a: Garganacl|Protect\n|move|p1a: Jellicent|Spite|p2a: Garganacl\n|-activate|p2a: Garganacl|move: Protect\n|\n|-heal|p2a: Garganacl|71\/100|[from] item: Leftovers\n|upkeep\n|turn|59\n|\n|t:|1700520870\n|switch|p2a: Magearna|Magearna|100\/100\n|move|p1a: Jellicent|Scald|p2a: Magearna\n|-damage|p2a: Magearna|85\/100\n|\n|-heal|p2a: Magearna|91\/100|[from] item: Leftovers\n|upkeep\n|turn|60\n|\n|t:|1700520884\n|move|p2a: Magearna|Heal Bell|p2a: Magearna\n|-activate|p2a: Magearna|move: Heal Bell\n|-curestatus|p2: Arceus|brn|[msg]\n|-curestatus|p2: Zygarde|tox|[msg]\n|move|p1a: Jellicent|Strength Sap|p2a: Magearna\n|-unboost|p2a: Magearna|atk|1\n|-heal|p1a: Jellicent|100\/100\n|\n|-heal|p2a: Magearna|97\/100|[from] item: Leftovers\n|upkeep\n|turn|61\n|\n|t:|1700520894\n|switch|p2a: Garganacl|Garganacl, M|71\/100\n|move|p1a: Jellicent|Spite||[still]\n|-fail|p1a: Jellicent\n|\n|-heal|p2a: Garganacl|77\/100|[from] item: Leftovers\n|upkeep\n|turn|62\n|\n|t:|1700520904\n|move|p1a: Jellicent|Scald|p2a: Garganacl\n|-supereffective|p2a: Garganacl\n|-damage|p2a: Garganacl|40\/100\n|move|p2a: Garganacl|Salt Cure|p1a: Jellicent\n|-activate|p1a: Jellicent|move: Substitute|[damage]\n|\n|-heal|p2a: Garganacl|46\/100|[from] item: Leftovers\n|upkeep\n|turn|63\n|\n|t:|1700520913\n|move|p1a: Jellicent|Scald|p2a: Garganacl\n|-supereffective|p2a: Garganacl\n|-damage|p2a: Garganacl|3\/100\n|move|p2a: Garganacl|Recover|p2a: Garganacl\n|-heal|p2a: Garganacl|53\/100\n|\n|-heal|p2a: Garganacl|59\/100|[from] item: Leftovers\n|upkeep\n|turn|64\n|\n|t:|1700520918\n|move|p2a: Garganacl|Protect|p2a: Garganacl\n|-singleturn|p2a: Garganacl|Protect\n|move|p1a: Jellicent|Spite|p2a: Garganacl\n|-activate|p2a: Garganacl|move: Protect\n|\n|-heal|p2a: Garganacl|65\/100|[from] item: Leftovers\n|upkeep\n|turn|65\n|\n|t:|1700520924\n|switch|p2a: Magearna|Magearna|97\/100\n|move|p1a: Jellicent|Scald|p2a: Magearna\n|-damage|p2a: Magearna|81\/100\n|\n|-heal|p2a: Magearna|87\/100|[from] item: Leftovers\n|upkeep\n|turn|66\n|inactive|szymszym134 has 120 seconds left.\n|\n|t:|1700520954\n|switch|p2a: Garganacl|Garganacl, M|65\/100\n|move|p1a: Jellicent|Scald|p2a: Garganacl\n|-supereffective|p2a: Garganacl\n|-damage|p2a: Garganacl|27\/100\n|\n|-heal|p2a: Garganacl|33\/100|[from] item: Leftovers\n|upkeep\n|turn|67\n|\n|t:|1700520964\n|move|p2a: Garganacl|Protect|p2a: Garganacl\n|-singleturn|p2a: Garganacl|Protect\n|move|p1a: Jellicent|Scald|p2a: Garganacl\n|-activate|p2a: Garganacl|move: Protect\n|\n|-heal|p2a: Garganacl|39\/100|[from] item: Leftovers\n|upkeep\n|turn|68\n|\n|t:|1700520974\n|switch|p2a: Magearna|Magearna|87\/100\n|move|p1a: Jellicent|Scald|p2a: Magearna\n|-damage|p2a: Magearna|69\/100\n|-status|p2a: Magearna|brn\n|\n|-heal|p2a: Magearna|75\/100 brn|[from] item: Leftovers\n|-damage|p2a: Magearna|69\/100 brn|[from] brn\n|upkeep\n|turn|69\n|\n|t:|1700520981\n|move|p2a: Magearna|Pain Split||[still]\n|-fail|p2a: Magearna\n|move|p1a: Jellicent|Spite|p2a: Magearna\n|-activate|p2a: Magearna|move: Spite|Pain Split|4\n|\n|-heal|p2a: Magearna|75\/100 brn|[from] item: Leftovers\n|-damage|p2a: Magearna|69\/100 brn|[from] brn\n|upkeep\n|turn|70\n|\n|t:|1700520985\n|move|p2a: Magearna|Heal Bell|p2a: Magearna\n|-activate|p2a: Magearna|move: Heal Bell\n|-curestatus|p2a: Magearna|brn|[msg]\n|move|p1a: Jellicent|Scald|p2a: Magearna\n|-damage|p2a: Magearna|52\/100\n|\n|-heal|p2a: Magearna|58\/100|[from] item: Leftovers\n|upkeep\n|turn|71\n|\n|t:|1700520994\n|switch|p2a: Ditto|Ditto|100\/100\n|move|p1a: Jellicent|Scald|p2a: Ditto\n|-damage|p2a: Ditto|54\/100\n|\n|upkeep\n|turn|72\n|\n|t:|1700521005\n|switch|p2a: Magearna|Magearna|58\/100\n|move|p1a: Jellicent|Scald|p2a: Magearna\n|-damage|p2a: Magearna|41\/100\n|\n|-heal|p2a: Magearna|47\/100|[from] item: Leftovers\n|upkeep\n|turn|73\n|\n|t:|1700521015\n|switch|p2a: Arceus|Arceus-Ground|48\/100\n|move|p1a: Jellicent|Scald|p2a: Arceus\n|-supereffective|p2a: Arceus\n|-damage|p2a: Arceus|16\/100\n|-status|p2a: Arceus|brn\n|\n|-damage|p2a: Arceus|10\/100 brn|[from] brn\n|upkeep\n|turn|74\n|\n|t:|1700521021\n|move|p2a: Arceus|Recover|p2a: Arceus\n|-heal|p2a: Arceus|60\/100 brn\n|move|p1a: Jellicent|Scald|p2a: Arceus\n|-supereffective|p2a: Arceus\n|-damage|p2a: Arceus|27\/100 brn\n|\n|-damage|p2a: Arceus|21\/100 brn|[from] brn\n|upkeep\n|turn|75\n|\n|t:|1700521029\n|switch|p2a: Magearna|Magearna|47\/100\n|move|p1a: Jellicent|Spite||[still]\n|-fail|p1a: Jellicent\n|\n|-heal|p2a: Magearna|53\/100|[from] item: Leftovers\n|upkeep\n|turn|76\n|\n|t:|1700521047\n|move|p2a: Magearna|Heal Bell|p2a: Magearna\n|-activate|p2a: Magearna|move: Heal Bell\n|-curestatus|p2: Arceus|brn|[msg]\n|move|p1a: Jellicent|Spite|p2a: Magearna\n|-activate|p2a: Magearna|move: Spite|Heal Bell|4\n|\n|-heal|p2a: Magearna|59\/100|[from] item: Leftovers\n|upkeep\n|turn|77\n|\n|t:|1700521058\n|move|p2a: Magearna|Pain Split||[still]\n|-fail|p2a: Magearna\n|move|p1a: Jellicent|Scald|p2a: Magearna\n|-damage|p2a: Magearna|43\/100\n|\n|-heal|p2a: Magearna|49\/100|[from] item: Leftovers\n|upkeep\n|turn|78\n|\n|t:|1700521070\n|switch|p1a: Blissey|Blissey, F|71\/100\n|-damage|p1a: Blissey|58\/100|[from] Stealth Rock\n|move|p2a: Magearna|Pain Split|p1a: Blissey\n|-sethp|p1a: Blissey|42\/100|[from] move: Pain Split|[silent]\n|-sethp|p2a: Magearna|82\/100|[from] move: Pain Split\n|\n|-heal|p2a: Magearna|88\/100|[from] item: Leftovers\n|-heal|p1a: Blissey|48\/100|[from] item: Leftovers\n|upkeep\n|turn|79\n|\n|t:|1700521074\n|switch|p2a: Garganacl|Garganacl, M|39\/100\n|move|p1a: Blissey|Thunder Wave|p2a: Garganacl\n|-immune|p2a: Garganacl|[from] ability: Purifying Salt\n|\n|-heal|p1a: Blissey|54\/100|[from] item: Leftovers\n|-heal|p2a: Garganacl|45\/100|[from] item: Leftovers\n|upkeep\n|turn|80\n|\n|t:|1700521078\n|move|p1a: Blissey|Soft-Boiled|p1a: Blissey\n|-heal|p1a: Blissey|100\/100\n|move|p2a: Garganacl|Salt Cure|p1a: Blissey\n|-damage|p1a: Blissey|88\/100\n|-start|p1a: Blissey|Salt Cure\n|\n|-heal|p1a: Blissey|94\/100|[from] item: Leftovers\n|-heal|p2a: Garganacl|51\/100|[from] item: Leftovers\n|-damage|p1a: Blissey|82\/100|[from] Salt Cure\n|upkeep\n|turn|81\n|\n|t:|1700521081\n|move|p1a: Blissey|Wish|p1a: Blissey\n|move|p2a: Garganacl|Recover|p2a: Garganacl\n|-heal|p2a: Garganacl|100\/100\n|\n|-heal|p1a: Blissey|88\/100|[from] item: Leftovers\n|-damage|p1a: Blissey|76\/100|[from] Salt Cure\n|upkeep\n|turn|82\n|\n|t:|1700521085\n|switch|p1a: Heatran|Heatran, M, tera:Grass|37\/100\n|-damage|p1a: Heatran|25\/100|[from] Stealth Rock\n|move|p2a: Garganacl|Salt Cure|p1a: Heatran\n|-damage|p1a: Heatran|12\/100\n|-start|p1a: Heatran|Salt Cure\n|\n|-heal|p1a: Heatran|100\/100|[from] move: Wish|[wisher] Blissey\n|-damage|p1a: Heatran|88\/100|[from] Salt Cure\n|upkeep\n|turn|83\n|\n|t:|1700521091\n|switch|p1a: Xerneas|Xerneas|80\/100\n|-damage|p1a: Xerneas|68\/100|[from] Stealth Rock\n|-ability|p1a: Xerneas|Fairy Aura\n|move|p2a: Garganacl|Protect||[still]\n|-fail|p2a: Garganacl\n|\n|upkeep\n|turn|84\n|\n|t:|1700521095\n|move|p1a: Xerneas|Defog|p2a: Garganacl\n|-unboost|p2a: Garganacl|evasion|1\n|-sideend|p1: pakiavatar9434|Stealth Rock|[from] move: Defog|[of] p1a: Xerneas\n|move|p2a: Garganacl|Salt Cure|p1a: Xerneas\n|-damage|p1a: Xerneas|59\/100\n|-start|p1a: Xerneas|Salt Cure\n|\n|-damage|p1a: Xerneas|47\/100|[from] Salt Cure\n|upkeep\n|turn|85\n|\n|t:|1700521098\n|switch|p1a: Blissey|Blissey, F|76\/100\n|move|p2a: Garganacl|Salt Cure|p1a: Blissey\n|-damage|p1a: Blissey|64\/100\n|-start|p1a: Blissey|Salt Cure\n|\n|-heal|p1a: Blissey|71\/100|[from] item: Leftovers\n|-damage|p1a: Blissey|58\/100|[from] Salt Cure\n|upkeep\n|turn|86\n|\n|t:|1700521107\n|move|p1a: Blissey|Soft-Boiled|p1a: Blissey\n|-heal|p1a: Blissey|100\/100\n|move|p2a: Garganacl|Stealth Rock|p1a: Blissey\n|-sidestart|p1: pakiavatar9434|move: Stealth Rock\n|\n|-damage|p1a: Blissey|88\/100|[from] Salt Cure\n|upkeep\n|turn|87\n|\n|t:|1700521118\n|switch|p2a: Arceus|Arceus-Ground|21\/100\n|move|p1a: Blissey|Wish|p1a: Blissey\n|\n|-heal|p1a: Blissey|94\/100|[from] item: Leftovers\n|-damage|p1a: Blissey|82\/100|[from] Salt Cure\n|upkeep\n|turn|88\n|\n|t:|1700521123\n|move|p2a: Arceus|Recover|p2a: Arceus\n|-heal|p2a: Arceus|71\/100\n|move|p1a: Blissey|Seismic Toss|p2a: Arceus\n|-damage|p2a: Arceus|48\/100\n|\n|-heal|p1a: Blissey|100\/100|[from] move: Wish|[wisher] Blissey\n|-damage|p1a: Blissey|88\/100|[from] Salt Cure\n|upkeep\n|turn|89\n|\n|t:|1700521135\n|move|p2a: Arceus|Taunt|p1a: Blissey\n|-start|p1a: Blissey|move: Taunt\n|move|p1a: Blissey|Seismic Toss|p2a: Arceus\n|-damage|p2a: Arceus|26\/100\n|\n|-heal|p1a: Blissey|94\/100|[from] item: Leftovers\n|-damage|p1a: Blissey|82\/100|[from] Salt Cure\n|upkeep\n|turn|90\n|\n|t:|1700521141\n|move|p2a: Arceus|Toxic|p1a: Blissey\n|-status|p1a: Blissey|tox\n|move|p1a: Blissey|Seismic Toss|p2a: Arceus\n|-damage|p2a: Arceus|3\/100\n|\n|-heal|p1a: Blissey|88\/100 tox|[from] item: Leftovers\n|-damage|p1a: Blissey|82\/100 tox|[from] psn\n|-damage|p1a: Blissey|69\/100 tox|[from] Salt Cure\n|upkeep\n|turn|91\n|\n|t:|1700521149\n|-curestatus|p1a: Blissey|tox|[from] ability: Natural Cure\n|switch|p1a: Jellicent|Jellicent, M|100\/100\n|-damage|p1a: Jellicent|88\/100|[from] Stealth Rock\n|move|p2a: Arceus|Recover|p2a: Arceus\n|-heal|p2a: Arceus|53\/100\n|\n|upkeep\n|turn|92\n|\n|t:|1700521159\n|switch|p1a: Blissey|Blissey, F|69\/100\n|-damage|p1a: Blissey|57\/100|[from] Stealth Rock\n|move|p2a: Arceus|Toxic|p1a: Blissey\n|-status|p1a: Blissey|tox\n|\n|-heal|p1a: Blissey|63\/100 tox|[from] item: Leftovers\n|-damage|p1a: Blissey|57\/100 tox|[from] psn\n|upkeep\n|turn|93\n|\n|t:|1700521166\n|-curestatus|p1a: Blissey|tox|[from] ability: Natural Cure\n|switch|p1a: Heatran|Heatran, M, tera:Grass|88\/100\n|-damage|p1a: Heatran|76\/100|[from] Stealth Rock\n|move|p2a: Arceus|Taunt|p1a: Heatran\n|-start|p1a: Heatran|move: Taunt\n|\n|upkeep\n|turn|94\n|\n|t:|1700521171\n|move|p2a: Arceus|Toxic|p1a: Heatran|[miss]\n|-miss|p2a: Arceus|p1a: Heatran\n|move|p1a: Heatran|Tera Blast|p2a: Arceus|[anim] Tera Blast Grass\n|-supereffective|p2a: Arceus\n|-damage|p2a: Arceus|0 fnt\n|faint|p2a: Arceus\n|\n|upkeep\n|\n|t:|1700521185\n|switch|p2a: Ditto|Ditto|54\/100\n|-transform|p2a: Ditto|p1a: Heatran|[from] ability: Imposter\n|turn|95\n|\n|t:|1700521194\n|-terastallize|p2a: Ditto|Ghost\n|move|p2a: Ditto|Toxic|p1a: Heatran\n|-status|p1a: Heatran|tox\n|move|p1a: Heatran|Earth Power|p2a: Ditto\n|-damage|p2a: Ditto|16\/100\n|\n|-damage|p1a: Heatran|69\/100 tox|[from] psn\n|-end|p1a: Heatran|move: Taunt\n|upkeep\n|turn|96\n|\n|t:|1700521204\n|switch|p2a: Garganacl|Garganacl, M|100\/100\n|move|p1a: Heatran|Earth Power|p2a: Garganacl\n|-supereffective|p2a: Garganacl\n|-damage|p2a: Garganacl|37\/100\n|\n|-heal|p2a: Garganacl|43\/100|[from] item: Leftovers\n|-damage|p1a: Heatran|57\/100 tox|[from] psn\n|upkeep\n|turn|97\n|\n|t:|1700521210\n|move|p2a: Garganacl|Protect|p2a: Garganacl\n|-singleturn|p2a: Garganacl|Protect\n|move|p1a: Heatran|Earth Power|p2a: Garganacl\n|-activate|p2a: Garganacl|move: Protect\n|\n|-heal|p2a: Garganacl|50\/100|[from] item: Leftovers\n|-damage|p1a: Heatran|38\/100 tox|[from] psn\n|upkeep\n|turn|98\n|\n|t:|1700521222\n|switch|p2a: Magearna|Magearna|88\/100\n|move|p1a: Heatran|Earth Power|p2a: Magearna\n|-supereffective|p2a: Magearna\n|-damage|p2a: Magearna|43\/100\n|-unboost|p2a: Magearna|spd|1\n|\n|-heal|p2a: Magearna|49\/100|[from] item: Leftovers\n|-damage|p1a: Heatran|13\/100 tox|[from] psn\n|upkeep\n|turn|99\n|\n|t:|1700521238\n|switch|p2a: Zygarde|Zygarde-Complete|10\/100\n|move|p1a: Heatran|Magma Storm|p2a: Zygarde\n|-resisted|p2a: Zygarde\n|-damage|p2a: Zygarde|0 fnt\n|faint|p2a: Zygarde\n|\n|-damage|p1a: Heatran|0 fnt|[from] psn\n|faint|p1a: Heatran\n|upkeep\n|\n|t:|1700521249\n|switch|p2a: Ditto|Ditto, tera:Ghost|16\/100\n|switch|p1a: Jellicent|Jellicent, M|88\/100\n|-transform|p2a: Ditto|p1a: Jellicent|[from] ability: Imposter\n|-damage|p1a: Jellicent|76\/100|[from] Stealth Rock\n|turn|100\n|\n|t:|1700521258\n|move|p2a: Ditto|Strength Sap|p1a: Jellicent\n|-unboost|p1a: Jellicent|atk|1\n|-heal|p2a: Ditto|54\/100\n|move|p1a: Jellicent|Substitute|p1a: Jellicent\n|-start|p1a: Jellicent|Substitute\n|-damage|p1a: Jellicent|51\/100\n|\n|upkeep\n|turn|101\n|\n|t:|1700521267\n|switch|p2a: Garganacl|Garganacl, M|50\/100\n|move|p1a: Jellicent|Spite||[still]\n|-fail|p1a: Jellicent\n|\n|-heal|p2a: Garganacl|56\/100|[from] item: Leftovers\n|upkeep\n|turn|102\n|\n|t:|1700521274\n|move|p2a: Garganacl|Protect|p2a: Garganacl\n|-singleturn|p2a: Garganacl|Protect\n|move|p1a: Jellicent|Strength Sap|p2a: Garganacl\n|-activate|p2a: Garganacl|move: Protect\n|\n|-heal|p2a: Garganacl|62\/100|[from] item: Leftovers\n|upkeep\n|turn|103\n|\n|t:|1700521282\n|move|p1a: Jellicent|Strength Sap|p2a: Garganacl\n|-unboost|p2a: Garganacl|atk|1\n|-heal|p1a: Jellicent|100\/100\n|move|p2a: Garganacl|Recover|p2a: Garganacl\n|-heal|p2a: Garganacl|100\/100\n|\n|upkeep\n|turn|104\n|\n|t:|1700521291\n|move|p2a: Garganacl|Protect|p2a: Garganacl\n|-singleturn|p2a: Garganacl|Protect\n|move|p1a: Jellicent|Substitute|p1a: Jellicent\n|-fail|p1a: Jellicent|move: Substitute\n|\n|upkeep\n|turn|105\n|\n|t:|1700521299\n|move|p1a: Jellicent|Scald|p2a: Garganacl\n|-supereffective|p2a: Garganacl\n|-damage|p2a: Garganacl|62\/100\n|move|p2a: Garganacl|Stealth Rock||[still]\n|-fail|p2a: Garganacl\n|\n|-heal|p2a: Garganacl|68\/100|[from] item: Leftovers\n|upkeep\n|turn|106\n|\n|t:|1700521307\n|move|p1a: Jellicent|Substitute|p1a: Jellicent\n|-fail|p1a: Jellicent|move: Substitute\n|move|p2a: Garganacl|Stealth Rock||[still]\n|-fail|p2a: Garganacl\n|\n|-heal|p2a: Garganacl|74\/100|[from] item: Leftovers\n|upkeep\n|turn|107\n|\n|t:|1700521309\n|move|p2a: Garganacl|Protect|p2a: Garganacl\n|-singleturn|p2a: Garganacl|Protect\n|move|p1a: Jellicent|Scald|p2a: Garganacl\n|-activate|p2a: Garganacl|move: Protect\n|\n|-heal|p2a: Garganacl|80\/100|[from] item: Leftovers\n|upkeep\n|turn|108\n|\n|t:|1700521316\n|move|p1a: Jellicent|Scald|p2a: Garganacl\n|-supereffective|p2a: Garganacl\n|-damage|p2a: Garganacl|37\/100\n|move|p2a: Garganacl|Stealth Rock||[still]\n|-fail|p2a: Garganacl\n|\n|-heal|p2a: Garganacl|43\/100|[from] item: Leftovers\n|upkeep\n|turn|109\n|\n|t:|1700521325\n|switch|p2a: Magearna|Magearna|49\/100\n|move|p1a: Jellicent|Substitute|p1a: Jellicent\n|-fail|p1a: Jellicent|move: Substitute\n|\n|-heal|p2a: Magearna|55\/100|[from] item: Leftovers\n|upkeep\n|turn|110\n|\n|t:|1700521330\n|move|p2a: Magearna|Heart Swap|p1a: Jellicent\n|-swapboost|p2a: Magearna|p1a: Jellicent|[from] move: Heart Swap\n|move|p1a: Jellicent|Scald|p2a: Magearna\n|-damage|p2a: Magearna|37\/100\n|\n|-heal|p2a: Magearna|43\/100|[from] item: Leftovers\n|upkeep\n|turn|111\n|\n|t:|1700521340\n|move|p2a: Magearna|Heart Swap|p1a: Jellicent\n|-swapboost|p2a: Magearna|p1a: Jellicent|[from] move: Heart Swap\n|move|p1a: Jellicent|Scald|p2a: Magearna\n|-damage|p2a: Magearna|27\/100\n|\n|-heal|p2a: Magearna|33\/100|[from] item: Leftovers\n|upkeep\n|turn|112\n|\n|t:|1700521352\n|move|p2a: Magearna|Pain Split||[still]\n|-fail|p2a: Magearna\n|move|p1a: Jellicent|Spite|p2a: Magearna\n|-activate|p2a: Magearna|move: Spite|Pain Split|4\n|\n|-heal|p2a: Magearna|40\/100|[from] item: Leftovers\n|upkeep\n|turn|113\n|\n|t:|1700521360\n|move|p2a: Magearna|Heart Swap|p1a: Jellicent\n|-swapboost|p2a: Magearna|p1a: Jellicent|[from] move: Heart Swap\n|move|p1a: Jellicent|Spite|p2a: Magearna\n|-activate|p2a: Magearna|move: Spite|Heart Swap|4\n|\n|-heal|p2a: Magearna|46\/100|[from] item: Leftovers\n|upkeep\n|turn|114\n|\n|t:|1700521367\n|move|p2a: Magearna|Pain Split||[still]\n|-fail|p2a: Magearna\n|move|p1a: Jellicent|Spite|p2a: Magearna\n|-activate|p2a: Magearna|move: Spite|Pain Split|4\n|\n|-heal|p2a: Magearna|52\/100|[from] item: Leftovers\n|upkeep\n|turn|115\n|\n|t:|1700521376\n|move|p2a: Magearna|Pain Split||[still]\n|-fail|p2a: Magearna\n|move|p1a: Jellicent|Spite|p2a: Magearna\n|-activate|p2a: Magearna|move: Spite|Pain Split|4\n|\n|-heal|p2a: Magearna|58\/100|[from] item: Leftovers\n|upkeep\n|turn|116\n|\n|t:|1700521389\n|move|p2a: Magearna|Pain Split||[still]\n|-fail|p2a: Magearna\n|move|p1a: Jellicent|Substitute|p1a: Jellicent\n|-fail|p1a: Jellicent|move: Substitute\n|\n|-heal|p2a: Magearna|64\/100|[from] item: Leftovers\n|upkeep\n|turn|117\n|\n|t:|1700521395\n|switch|p2a: Garganacl|Garganacl, M|43\/100\n|switch|p1a: Blissey|Blissey, F|57\/100\n|-damage|p1a: Blissey|44\/100|[from] Stealth Rock\n|\n|-heal|p1a: Blissey|50\/100|[from] item: Leftovers\n|-heal|p2a: Garganacl|49\/100|[from] item: Leftovers\n|upkeep\n|turn|118\n|\n|t:|1700521402\n|move|p1a: Blissey|Soft-Boiled|p1a: Blissey\n|-heal|p1a: Blissey|100\/100\n|move|p2a: Garganacl|Recover|p2a: Garganacl\n|-heal|p2a: Garganacl|99\/100\n|\n|-heal|p2a: Garganacl|100\/100|[from] item: Leftovers\n|upkeep\n|turn|119\n|\n|t:|1700521408\n|move|p1a: Blissey|Wish|p1a: Blissey\n|move|p2a: Garganacl|Salt Cure|p1a: Blissey\n|-crit|p1a: Blissey\n|-damage|p1a: Blissey|82\/100\n|-start|p1a: Blissey|Salt Cure\n|\n|-heal|p1a: Blissey|88\/100|[from] item: Leftovers\n|-damage|p1a: Blissey|75\/100|[from] Salt Cure\n|upkeep\n|turn|120\n|\n|t:|1700521412\n|switch|p1a: Xerneas|Xerneas|47\/100\n|-damage|p1a: Xerneas|34\/100|[from] Stealth Rock\n|-ability|p1a: Xerneas|Fairy Aura\n|move|p2a: Garganacl|Salt Cure|p1a: Xerneas\n|-damage|p1a: Xerneas|26\/100\n|-start|p1a: Xerneas|Salt Cure\n|\n|-heal|p1a: Xerneas|100\/100|[from] move: Wish|[wisher] Blissey\n|-damage|p1a: Xerneas|88\/100|[from] Salt Cure\n|upkeep\n|turn|121\n|\n|t:|1700521422\n|switch|p1a: Jellicent|Jellicent, M|100\/100\n|-damage|p1a: Jellicent|88\/100|[from] Stealth Rock\n|move|p2a: Garganacl|Stealth Rock||[still]\n|-fail|p2a: Garganacl\n|\n|upkeep\n|turn|122\n|\n|t:|1700521427\n|switch|p1a: Blissey|Blissey, F|75\/100\n|-damage|p1a: Blissey|63\/100|[from] Stealth Rock\n|move|p2a: Garganacl|Salt Cure|p1a: Blissey\n|-damage|p1a: Blissey|50\/100\n|-start|p1a: Blissey|Salt Cure\n|\n|-heal|p1a: Blissey|56\/100|[from] item: Leftovers\n|-damage|p1a: Blissey|44\/100|[from] Salt Cure\n|upkeep\n|turn|123\n|\n|t:|1700521432\n|switch|p2a: Ditto|Ditto, tera:Ghost|54\/100\n|-transform|p2a: Ditto|p1a: Blissey|[from] ability: Imposter\n|move|p1a: Blissey|Soft-Boiled|p1a: Blissey\n|-heal|p1a: Blissey|94\/100\n|\n|-heal|p1a: Blissey|99\/100|[from] item: Leftovers\n|-damage|p1a: Blissey|87\/100|[from] Salt Cure\n|upkeep\n|turn|124\n|\n|t:|1700521456\n|switch|p2a: Garganacl|Garganacl, M|100\/100\n|move|p1a: Blissey|Thunder Wave|p2a: Garganacl\n|-immune|p2a: Garganacl|[from] ability: Purifying Salt\n|\n|-heal|p1a: Blissey|94\/100|[from] item: Leftovers\n|-damage|p1a: Blissey|81\/100|[from] Salt Cure\n|upkeep\n|turn|125\n|\n|t:|1700521463\n|move|p1a: Blissey|Seismic Toss|p2a: Garganacl\n|-damage|p2a: Garganacl|76\/100\n|move|p2a: Garganacl|Salt Cure|p1a: Blissey\n|-damage|p1a: Blissey|69\/100\n|\n|-heal|p1a: Blissey|75\/100|[from] item: Leftovers\n|-heal|p2a: Garganacl|82\/100|[from] item: Leftovers\n|-damage|p1a: Blissey|62\/100|[from] Salt Cure\n|upkeep\n|turn|126\n|\n|t:|1700521465\n|switch|p2a: Magearna|Magearna|64\/100\n|move|p1a: Blissey|Seismic Toss|p2a: Magearna\n|-damage|p2a: Magearna|36\/100\n|\n|-heal|p2a: Magearna|42\/100|[from] item: Leftovers\n|-heal|p1a: Blissey|68\/100|[from] item: Leftovers\n|-damage|p1a: Blissey|56\/100|[from] Salt Cure\n|upkeep\n|turn|127\n|\n|t:|1700521469\n|move|p2a: Magearna|Pain Split|p1a: Blissey\n|-sethp|p1a: Blissey|39\/100|[from] move: Pain Split|[silent]\n|-sethp|p2a: Magearna|76\/100|[from] move: Pain Split\n|move|p1a: Blissey|Seismic Toss|p2a: Magearna\n|-damage|p2a: Magearna|48\/100\n|\n|-heal|p2a: Magearna|54\/100|[from] item: Leftovers\n|-heal|p1a: Blissey|45\/100|[from] item: Leftovers\n|-damage|p1a: Blissey|33\/100|[from] Salt Cure\n|upkeep\n|turn|128\n|\n|t:|1700521477\n|move|p2a: Magearna|Pain Split|p1a: Blissey\n|-sethp|p1a: Blissey|30\/100|[from] move: Pain Split|[silent]\n|-sethp|p2a: Magearna|59\/100|[from] move: Pain Split\n|move|p1a: Blissey|Thunder Wave|p2a: Magearna\n|-status|p2a: Magearna|par\n|\n|-heal|p1a: Blissey|36\/100|[from] item: Leftovers\n|-heal|p2a: Magearna|65\/100 par|[from] item: Leftovers\n|-damage|p1a: Blissey|24\/100|[from] Salt Cure\n|upkeep\n|turn|129\n|\n|t:|1700521485\n|switch|p2a: Garganacl|Garganacl, M|82\/100\n|move|p1a: Blissey|Soft-Boiled|p1a: Blissey\n|-heal|p1a: Blissey|74\/100\n|\n|-heal|p1a: Blissey|80\/100|[from] item: Leftovers\n|-heal|p2a: Garganacl|88\/100|[from] item: Leftovers\n|-damage|p1a: Blissey|68\/100|[from] Salt Cure\n|upkeep\n|turn|130\n|\n|t:|1700521493\n|switch|p1a: Xerneas|Xerneas|88\/100\n|-damage|p1a: Xerneas|76\/100|[from] Stealth Rock\n|-ability|p1a: Xerneas|Fairy Aura\n|switch|p2a: Ditto|Ditto, tera:Ghost|54\/100\n|-transform|p2a: Ditto|p1a: Xerneas|[from] ability: Imposter\n|-ability|p2a: Ditto|Fairy Aura\n|\n|upkeep\n|turn|131\n|\n|t:|1700521502\n|switch|p2a: Magearna|Magearna|65\/100 par\n|move|p1a: Xerneas|Moonblast|p2a: Magearna\n|-resisted|p2a: Magearna\n|-damage|p2a: Magearna|45\/100 par\n|-unboost|p2a: Magearna|spa|1\n|\n|-heal|p2a: Magearna|51\/100 par|[from] item: Leftovers\n|upkeep\n|turn|132\n|\n|t:|1700521512\n|switch|p1a: Blissey|Blissey, F|68\/100\n|-damage|p1a: Blissey|55\/100|[from] Stealth Rock\n|move|p2a: Magearna|Pain Split|p1a: Blissey\n|-sethp|p1a: Blissey|41\/100|[from] move: Pain Split|[silent]\n|-sethp|p2a: Magearna|79\/100 par|[from] move: Pain Split\n|\n|-heal|p1a: Blissey|47\/100|[from] item: Leftovers\n|-heal|p2a: Magearna|85\/100 par|[from] item: Leftovers\n|upkeep\n|turn|133\n|\n|t:|1700521521\n|switch|p2a: Garganacl|Garganacl, M|88\/100\n|move|p1a: Blissey|Wish|p1a: Blissey\n|\n|-heal|p1a: Blissey|53\/100|[from] item: Leftovers\n|-heal|p2a: Garganacl|94\/100|[from] item: Leftovers\n|upkeep\n|turn|134\n|\n|t:|1700521527\n|move|p1a: Blissey|Seismic Toss|p2a: Garganacl\n|-damage|p2a: Garganacl|70\/100\n|move|p2a: Garganacl|Salt Cure|p1a: Blissey\n|-damage|p1a: Blissey|41\/100\n|-start|p1a: Blissey|Salt Cure\n|\n|-heal|p1a: Blissey|91\/100|[from] move: Wish|[wisher] Blissey\n|-heal|p1a: Blissey|97\/100|[from] item: Leftovers\n|-heal|p2a: Garganacl|76\/100|[from] item: Leftovers\n|-damage|p1a: Blissey|85\/100|[from] Salt Cure\n|upkeep\n|turn|135\n|\n|t:|1700521532\n|switch|p1a: Jellicent|Jellicent, M|88\/100\n|-damage|p1a: Jellicent|76\/100|[from] Stealth Rock\n|move|p2a: Garganacl|Protect||[still]\n|-fail|p2a: Garganacl\n|\n|-heal|p2a: Garganacl|82\/100|[from] item: Leftovers\n|upkeep\n|turn|136\n|\n|t:|1700521538\n|move|p1a: Jellicent|Substitute|p1a: Jellicent\n|-start|p1a: Jellicent|Substitute\n|-damage|p1a: Jellicent|51\/100\n|move|p2a: Garganacl|Salt Cure|p1a: Jellicent\n|-activate|p1a: Jellicent|move: Substitute|[damage]\n|\n|-heal|p2a: Garganacl|88\/100|[from] item: Leftovers\n|upkeep\n|turn|137\n|\n|t:|1700521542\n|move|p2a: Garganacl|Protect|p2a: Garganacl\n|-singleturn|p2a: Garganacl|Protect\n|move|p1a: Jellicent|Strength Sap|p2a: Garganacl\n|-activate|p2a: Garganacl|move: Protect\n|\n|-heal|p2a: Garganacl|94\/100|[from] item: Leftovers\n|upkeep\n|turn|138\n|\n|t:|1700521548\n|switch|p2a: Magearna|Magearna|85\/100 par\n|move|p1a: Jellicent|Strength Sap|p2a: Magearna\n|-unboost|p2a: Magearna|atk|1\n|-heal|p1a: Jellicent|94\/100\n|\n|-heal|p2a: Magearna|91\/100 par|[from] item: Leftovers\n|upkeep\n|turn|139\n|\n|t:|1700521556\n|move|p1a: Jellicent|Substitute|p1a: Jellicent\n|-fail|p1a: Jellicent|move: Substitute\n|move|p2a: Magearna|Heart Swap|p1a: Jellicent\n|-swapboost|p2a: Magearna|p1a: Jellicent|[from] move: Heart Swap\n|\n|-heal|p2a: Magearna|97\/100 par|[from] item: Leftovers\n|upkeep\n|turn|140\n|\n|t:|1700521561\n|switch|p2a: Garganacl|Garganacl, M|94\/100\n|move|p1a: Jellicent|Spite||[still]\n|-fail|p1a: Jellicent\n|\n|-heal|p2a: Garganacl|100\/100|[from] item: Leftovers\n|upkeep\n|turn|141\n|\n|t:|1700521568\n|switch|p1a: Xerneas|Xerneas|76\/100\n|-damage|p1a: Xerneas|64\/100|[from] Stealth Rock\n|-ability|p1a: Xerneas|Fairy Aura\n|move|p2a: Garganacl|Protect||[still]\n|-fail|p2a: Garganacl\n|\n|upkeep\n|turn|142\n|\n|t:|1700521574\n|move|p1a: Xerneas|Defog|p2a: Garganacl\n|-unboost|p2a: Garganacl|evasion|1\n|-sideend|p1: pakiavatar9434|Stealth Rock|[from] move: Defog|[of] p1a: Xerneas\n|move|p2a: Garganacl|Salt Cure|p1a: Xerneas\n|-damage|p1a: Xerneas|56\/100\n|-start|p1a: Xerneas|Salt Cure\n|\n|-damage|p1a: Xerneas|43\/100|[from] Salt Cure\n|upkeep\n|turn|143\n|\n|t:|1700521577\n|switch|p1a: Blissey|Blissey, F|85\/100\n|move|p2a: Garganacl|Salt Cure|p1a: Blissey\n|-damage|p1a: Blissey|74\/100\n|-start|p1a: Blissey|Salt Cure\n|\n|-heal|p1a: Blissey|80\/100|[from] item: Leftovers\n|-damage|p1a: Blissey|68\/100|[from] Salt Cure\n|upkeep\n|turn|144\n|\n|t:|1700521579\n|move|p1a: Blissey|Wish|p1a: Blissey\n|move|p2a: Garganacl|Stealth Rock|p1a: Blissey\n|-sidestart|p1: pakiavatar9434|move: Stealth Rock\n|\n|-heal|p1a: Blissey|74\/100|[from] item: Leftovers\n|-damage|p1a: Blissey|61\/100|[from] Salt Cure\n|upkeep\n|turn|145\n|\n|t:|1700521582\n|switch|p2a: Ditto|Ditto, tera:Ghost|54\/100\n|-transform|p2a: Ditto|p1a: Blissey|[from] ability: Imposter\n|move|p1a: Blissey|Seismic Toss|p2a: Ditto\n|-immune|p2a: Ditto\n|\n|-heal|p1a: Blissey|100\/100|[from] move: Wish|[wisher] Blissey\n|-damage|p1a: Blissey|88\/100|[from] Salt Cure\n|upkeep\n|turn|146\n|\n|t:|1700521592\n|switch|p1a: Xerneas|Xerneas|43\/100\n|-damage|p1a: Xerneas|31\/100|[from] Stealth Rock\n|-ability|p1a: Xerneas|Fairy Aura\n|move|p2a: Ditto|Wish|p2a: Ditto\n|\n|upkeep\n|turn|147\n|\n|t:|1700521603\n|switch|p2a: Magearna|Magearna|97\/100 par\n|move|p1a: Xerneas|Moonblast|p2a: Magearna\n|-resisted|p2a: Magearna\n|-damage|p2a: Magearna|78\/100 par\n|\n|-heal|p2a: Magearna|100\/100 par|[from] move: Wish|[wisher] Ditto\n|upkeep\n|turn|148\n|\n|t:|1700521615\n|switch|p2a: Garganacl|Garganacl, M|100\/100\n|move|p1a: Xerneas|Defog|p2a: Garganacl\n|-unboost|p2a: Garganacl|evasion|1\n|-sideend|p1: pakiavatar9434|Stealth Rock|[from] move: Defog|[of] p1a: Xerneas\n|\n|upkeep\n|turn|149\n|\n|t:|1700521620\n|move|p1a: Xerneas|Moonblast|p2a: Garganacl\n|-damage|p2a: Garganacl|56\/100\n|-unboost|p2a: Garganacl|spa|1\n|move|p2a: Garganacl|Stealth Rock|p1a: Xerneas\n|-sidestart|p1: pakiavatar9434|move: Stealth Rock\n|\n|-heal|p2a: Garganacl|62\/100|[from] item: Leftovers\n|upkeep\n|turn|150\n|\n|t:|1700521625\n|move|p1a: Xerneas|Moonblast|p2a: Garganacl\n|-damage|p2a: Garganacl|17\/100\n|-unboost|p2a: Garganacl|spa|1\n|move|p2a: Garganacl|Salt Cure|p1a: Xerneas\n|-damage|p1a: Xerneas|22\/100\n|-start|p1a: Xerneas|Salt Cure\n|\n|-heal|p2a: Garganacl|24\/100|[from] item: Leftovers\n|-damage|p1a: Xerneas|10\/100|[from] Salt Cure\n|upkeep\n|turn|151\n|\n|t:|1700521635\n|move|p2a: Garganacl|Protect|p2a: Garganacl\n|-singleturn|p2a: Garganacl|Protect\n|move|p1a: Xerneas|Moonblast|p2a: Garganacl\n|-activate|p2a: Garganacl|move: Protect\n|\n|-heal|p2a: Garganacl|30\/100|[from] item: Leftovers\n|-damage|p1a: Xerneas|0 fnt|[from] Salt Cure\n|faint|p1a: Xerneas\n|upkeep\n|\n|t:|1700521640\n|switch|p1a: Blissey|Blissey, F|88\/100\n|-damage|p1a: Blissey|76\/100|[from] Stealth Rock\n|turn|152\n|\n|t:|1700521653\n|switch|p2a: Ditto|Ditto, tera:Ghost|54\/100\n|-transform|p2a: Ditto|p1a: Blissey|[from] ability: Imposter\n|move|p1a: Blissey|Seismic Toss|p2a: Ditto\n|-immune|p2a: Ditto\n|\n|-heal|p1a: Blissey|82\/100|[from] item: Leftovers\n|upkeep\n|turn|153\n|\n|t:|1700521661\n|move|p2a: Ditto|Wish|p2a: Ditto\n|move|p1a: Blissey|Thunder Wave|p2a: Ditto\n|-status|p2a: Ditto|par\n|\n|-heal|p1a: Blissey|88\/100|[from] item: Leftovers\n|upkeep\n|turn|154\n|\n|t:|1700521665\n|move|p1a: Blissey|Seismic Toss|p2a: Ditto\n|-immune|p2a: Ditto\n|move|p2a: Ditto|Wish||[still]\n|-fail|p2a: Ditto\n|\n|-heal|p2a: Ditto|100\/100 par|[from] move: Wish|[wisher] Ditto\n|-heal|p1a: Blissey|94\/100|[from] item: Leftovers\n|upkeep\n|turn|155\n|\n|t:|1700521669\n|move|p1a: Blissey|Seismic Toss|p2a: Ditto\n|-immune|p2a: Ditto\n|move|p2a: Ditto|Wish|p2a: Ditto\n|\n|-heal|p1a: Blissey|99\/100|[from] item: Leftovers\n|upkeep\n|turn|156\n|\n|t:|1700521675\n|-curestatus|p2a: Ditto|par|[from] ability: Natural Cure\n|switch|p2a: Magearna|Magearna|100\/100 par\n|move|p1a: Blissey|Seismic Toss|p2a: Magearna\n|-damage|p2a: Magearna|73\/100 par\n|\n|-heal|p2a: Magearna|100\/100 par|[from] move: Wish|[wisher] Ditto\n|-heal|p1a: Blissey|100\/100|[from] item: Leftovers\n|upkeep\n|turn|157\n|\n|t:|1700521687\n|switch|p1a: Jellicent|Jellicent, M|94\/100\n|-damage|p1a: Jellicent|82\/100|[from] Stealth Rock\n|switch|p2a: Ditto|Ditto, tera:Ghost|100\/100\n|-transform|p2a: Ditto|p1a: Jellicent|[from] ability: Imposter\n|\n|upkeep\n|turn|158\n|\n|t:|1700521694\n|move|p2a: Ditto|Substitute|p2a: Ditto\n|-start|p2a: Ditto|Substitute\n|-damage|p2a: Ditto|76\/100\n|move|p1a: Jellicent|Substitute|p1a: Jellicent\n|-start|p1a: Jellicent|Substitute\n|-damage|p1a: Jellicent|57\/100\n|\n|upkeep\n|turn|159\n|\n|t:|1700521704\n|move|p2a: Ditto|Substitute|p2a: Ditto\n|-fail|p2a: Ditto|move: Substitute\n|move|p1a: Jellicent|Substitute|p1a: Jellicent\n|-fail|p1a: Jellicent|move: Substitute\n|\n|upkeep\n|turn|160\n|\n|t:|1700521708\n|move|p2a: Ditto|Substitute|p2a: Ditto\n|-fail|p2a: Ditto|move: Substitute\n|move|p1a: Jellicent|Spite|p2a: Ditto\n|-activate|p2a: Ditto|move: Spite|Substitute|2\n|\n|upkeep\n|turn|161\n|\n|t:|1700521716\n|switch|p2a: Magearna|Magearna|100\/100 par\n|move|p1a: Jellicent|Strength Sap|p2a: Magearna\n|-unboost|p2a: Magearna|atk|1\n|-heal|p1a: Jellicent|99\/100\n|\n|upkeep\n|turn|162\n|\n|t:|1700521733\n|switch|p2a: Ditto|Ditto, tera:Ghost|76\/100\n|move|p1a: Jellicent|Scald|p2a: Ditto\n|-damage|p2a: Ditto|27\/100\n|\n|upkeep\n|turn|163\n|\n|t:|1700521741\n|switch|p2a: Magearna|Magearna|100\/100 par\n|move|p1a: Jellicent|Strength Sap|p2a: Magearna\n|-unboost|p2a: Magearna|atk|1\n|-heal|p1a: Jellicent|100\/100\n|\n|upkeep\n|turn|164\n|\n|t:|1700521750\n|switch|p1a: Blissey|Blissey, F|100\/100\n|-damage|p1a: Blissey|88\/100|[from] Stealth Rock\n|move|p2a: Magearna|Heart Swap|p1a: Blissey\n|-swapboost|p2a: Magearna|p1a: Blissey|[from] move: Heart Swap\n|\n|-heal|p1a: Blissey|94\/100|[from] item: Leftovers\n|upkeep\n|turn|165\n|\n|t:|1700521755\n|switch|p2a: Ditto|Ditto, tera:Ghost|27\/100\n|-transform|p2a: Ditto|p1a: Blissey|[from] ability: Imposter\n|move|p1a: Blissey|Seismic Toss|p2a: Ditto\n|-immune|p2a: Ditto\n|\n|-heal|p1a: Blissey|99\/100|[from] item: Leftovers\n|upkeep\n|turn|166\n|\n|t:|1700521766\n|move|p2a: Ditto|Soft-Boiled|p2a: Ditto\n|-heal|p2a: Ditto|77\/100\n|move|p1a: Blissey|Seismic Toss|p2a: Ditto\n|-immune|p2a: Ditto\n|\n|-heal|p1a: Blissey|100\/100|[from] item: Leftovers\n|upkeep\n|turn|167\n|\n|t:|1700521771\n|move|p2a: Ditto|Soft-Boiled|p2a: Ditto\n|-heal|p2a: Ditto|100\/100\n|move|p1a: Blissey|Seismic Toss|p2a: Ditto\n|-immune|p2a: Ditto\n|\n|upkeep\n|turn|168\n|\n|t:|1700521777\n|switch|p2a: Magearna|Magearna|100\/100 par\n|move|p1a: Blissey|Seismic Toss|p2a: Magearna\n|-damage|p2a: Magearna|73\/100 par\n|\n|-heal|p2a: Magearna|79\/100 par|[from] item: Leftovers\n|upkeep\n|turn|169\n|\n|t:|1700521782\n|switch|p1a: Jellicent|Jellicent, M|100\/100\n|-damage|p1a: Jellicent|88\/100|[from] Stealth Rock\n|switch|p2a: Ditto|Ditto, tera:Ghost|100\/100\n|-transform|p2a: Ditto|p1a: Jellicent|[from] ability: Imposter\n|\n|upkeep\n|turn|170\n|\n|t:|1700521789\n|switch|p1a: Blissey|Blissey, F|100\/100\n|-damage|p1a: Blissey|88\/100|[from] Stealth Rock\n|move|p2a: Ditto|Spite||[still]\n|-fail|p2a: Ditto\n|\n|-heal|p1a: Blissey|94\/100|[from] item: Leftovers\n|upkeep\n|turn|171\n|\n|t:|1700521796\n|move|p2a: Ditto|Spite||[still]\n|-fail|p2a: Ditto\n|move|p1a: Blissey|Thunder Wave|p2a: Ditto\n|-status|p2a: Ditto|par\n|\n|-heal|p1a: Blissey|99\/100|[from] item: Leftovers\n|upkeep\n|turn|172\n|\n|t:|1700521804\n|switch|p1a: Jellicent|Jellicent, M|88\/100\n|-damage|p1a: Jellicent|76\/100|[from] Stealth Rock\n|cant|p2a: Ditto|par\n|\n|upkeep\n|turn|173\n|\n|t:|1700521814\n|switch|p1a: Blissey|Blissey, F|99\/100\n|-damage|p1a: Blissey|88\/100|[from] Stealth Rock\n|switch|p2a: Magearna|Magearna|79\/100 par\n|\n|-heal|p1a: Blissey|94\/100|[from] item: Leftovers\n|-heal|p2a: Magearna|85\/100 par|[from] item: Leftovers\n|upkeep\n|turn|174\n|\n|t:|1700521820\n|switch|p1a: Jellicent|Jellicent, M|76\/100\n|-damage|p1a: Jellicent|63\/100|[from] Stealth Rock\n|switch|p2a: Ditto|Ditto, tera:Ghost|100\/100 par\n|-transform|p2a: Ditto|p1a: Jellicent|[from] ability: Imposter\n|\n|upkeep\n|turn|175\n|\n|t:|1700521828\n|switch|p1a: Blissey|Blissey, F|94\/100\n|-damage|p1a: Blissey|82\/100|[from] Stealth Rock\n|move|p2a: Ditto|Scald|p1a: Blissey\n|-damage|p1a: Blissey|73\/100\n|\n|-heal|p1a: Blissey|79\/100|[from] item: Leftovers\n|upkeep\n|turn|176\n|\n|t:|1700521835\n|switch|p1a: Jellicent|Jellicent, M|63\/100\n|-damage|p1a: Jellicent|51\/100|[from] Stealth Rock\n|move|p2a: Ditto|Scald|p1a: Jellicent\n|-heal|p1a: Jellicent|76\/100|[from] ability: Water Absorb|[of] p2a: Ditto\n|\n|upkeep\n|turn|177\n|\n|t:|1700521847\n|switch|p1a: Blissey|Blissey, F|79\/100\n|-damage|p1a: Blissey|67\/100|[from] Stealth Rock\n|switch|p2a: Garganacl|Garganacl, M|30\/100\n|\n|-heal|p1a: Blissey|73\/100|[from] item: Leftovers\n|-heal|p2a: Garganacl|36\/100|[from] item: Leftovers\n|upkeep\n|turn|178\n|\n|t:|1700521851\n|move|p2a: Garganacl|Protect|p2a: Garganacl\n|-singleturn|p2a: Garganacl|Protect\n|move|p1a: Blissey|Seismic Toss|p2a: Garganacl\n|-activate|p2a: Garganacl|move: Protect\n|\n|-heal|p1a: Blissey|79\/100|[from] item: Leftovers\n|-heal|p2a: Garganacl|42\/100|[from] item: Leftovers\n|upkeep\n|turn|179\n|\n|t:|1700521857\n|switch|p2a: Ditto|Ditto, tera:Ghost|100\/100 par\n|-transform|p2a: Ditto|p1a: Blissey|[from] ability: Imposter\n|move|p1a: Blissey|Seismic Toss|p2a: Ditto\n|-immune|p2a: Ditto\n|\n|-heal|p1a: Blissey|85\/100|[from] item: Leftovers\n|upkeep\n|turn|180\n|\n|t:|1700521869\n|switch|p1a: Jellicent|Jellicent, M|76\/100\n|-damage|p1a: Jellicent|64\/100|[from] Stealth Rock\n|move|p2a: Ditto|Wish|p2a: Ditto\n|\n|upkeep\n|turn|181\n|\n|t:|1700521881\n|-curestatus|p2a: Ditto|par|[from] ability: Natural Cure\n|switch|p2a: Garganacl|Garganacl, M|42\/100\n|move|p1a: Jellicent|Strength Sap|p2a: Garganacl\n|-unboost|p2a: Garganacl|atk|1\n|-heal|p1a: Jellicent|100\/100\n|\n|-heal|p2a: Garganacl|79\/100|[from] move: Wish|[wisher] Ditto\n|-heal|p2a: Garganacl|85\/100|[from] item: Leftovers\n|upkeep\n|turn|182\n|\n|t:|1700521892\n|switch|p1a: Blissey|Blissey, F|85\/100\n|-damage|p1a: Blissey|73\/100|[from] Stealth Rock\n|move|p2a: Garganacl|Salt Cure|p1a: Blissey\n|-damage|p1a: Blissey|65\/100\n|-start|p1a: Blissey|Salt Cure\n|\n|-heal|p1a: Blissey|71\/100|[from] item: Leftovers\n|-heal|p2a: Garganacl|91\/100|[from] item: Leftovers\n|-damage|p1a: Blissey|58\/100|[from] Salt Cure\n|upkeep\n|turn|183\n|\n|t:|1700521898\n|switch|p2a: Ditto|Ditto, tera:Ghost|100\/100\n|-transform|p2a: Ditto|p1a: Blissey|[from] ability: Imposter\n|move|p1a: Blissey|Soft-Boiled|p1a: Blissey\n|-heal|p1a: Blissey|100\/100\n|\n|-damage|p1a: Blissey|88\/100|[from] Salt Cure\n|upkeep\n|turn|184\n|\n|t:|1700521908\n|move|p2a: Ditto|Thunder Wave|p1a: Blissey\n|-status|p1a: Blissey|par\n|move|p1a: Blissey|Thunder Wave|p2a: Ditto\n|-status|p2a: Ditto|par\n|\n|-heal|p1a: Blissey|94\/100 par|[from] item: Leftovers\n|-damage|p1a: Blissey|82\/100 par|[from] Salt Cure\n|upkeep\n|turn|185\n|\n|t:|1700521915\n|-curestatus|p2a: Ditto|par|[from] ability: Natural Cure\n|switch|p2a: Magearna|Magearna|85\/100 par\n|cant|p1a: Blissey|par\n|\n|-heal|p2a: Magearna|91\/100 par|[from] item: Leftovers\n|-heal|p1a: Blissey|88\/100 par|[from] item: Leftovers\n|-damage|p1a: Blissey|75\/100 par|[from] Salt Cure\n|upkeep\n|turn|186\n|\n|t:|1700521927\n|switch|p2a: Ditto|Ditto, tera:Ghost|100\/100\n|-transform|p2a: Ditto|p1a: Blissey|[from] ability: Imposter\n|move|p1a: Blissey|Seismic Toss|p2a: Ditto\n|-immune|p2a: Ditto\n|\n|-heal|p1a: Blissey|82\/100 par|[from] item: Leftovers\n|-damage|p1a: Blissey|69\/100 par|[from] Salt Cure\n|upkeep\n|turn|187\n|\n|t:|1700521931\n|switch|p2a: Magearna|Magearna|91\/100 par\n|move|p1a: Blissey|Thunder Wave|p2a: Magearna\n|-fail|p2a: Magearna|par\n|\n|-heal|p2a: Magearna|97\/100 par|[from] item: Leftovers\n|-heal|p1a: Blissey|75\/100 par|[from] item: Leftovers\n|-damage|p1a: Blissey|63\/100 par|[from] Salt Cure\n|upkeep\n|turn|188\n|\n|t:|1700521949\n|switch|p2a: Ditto|Ditto, tera:Ghost|100\/100\n|-transform|p2a: Ditto|p1a: Blissey|[from] ability: Imposter\n|-curestatus|p1a: Blissey|par|[from] ability: Natural Cure\n|switch|p1a: Jellicent|Jellicent, M|100\/100\n|-damage|p1a: Jellicent|88\/100|[from] Stealth Rock\n|\n|upkeep\n|turn|189\n|\n|t:|1700521957\n|switch|p2a: Magearna|Magearna|97\/100 par\n|switch|p1a: Blissey|Blissey, F|63\/100\n|-damage|p1a: Blissey|50\/100|[from] Stealth Rock\n|\n|-heal|p1a: Blissey|57\/100|[from] item: Leftovers\n|-heal|p2a: Magearna|100\/100 par|[from] item: Leftovers\n|upkeep\n|turn|190\n|\n|t:|1700521963\n|switch|p2a: Ditto|Ditto, tera:Ghost|100\/100\n|-transform|p2a: Ditto|p1a: Blissey|[from] ability: Imposter\n|move|p1a: Blissey|Thunder Wave|p2a: Ditto\n|-status|p2a: Ditto|par\n|\n|-heal|p1a: Blissey|63\/100|[from] item: Leftovers\n|upkeep\n|turn|191\n|\n|t:|1700521972\n|-curestatus|p2a: Ditto|par|[from] ability: Natural Cure\n|switch|p2a: Magearna|Magearna|100\/100 par\n|move|p1a: Blissey|Seismic Toss|p2a: Magearna\n|-damage|p2a: Magearna|73\/100 par\n|\n|-heal|p1a: Blissey|69\/100|[from] item: Leftovers\n|-heal|p2a: Magearna|79\/100 par|[from] item: Leftovers\n|upkeep\n|turn|192\n|\n|t:|1700521979\n|switch|p2a: Garganacl|Garganacl, M|91\/100\n|move|p1a: Blissey|Seismic Toss|p2a: Garganacl\n|-damage|p2a: Garganacl|67\/100\n|\n|-heal|p1a: Blissey|75\/100|[from] item: Leftovers\n|-heal|p2a: Garganacl|73\/100|[from] item: Leftovers\n|upkeep\n|turn|193\n|\n|t:|1700521986\n|switch|p2a: Ditto|Ditto, tera:Ghost|100\/100\n|-transform|p2a: Ditto|p1a: Blissey|[from] ability: Imposter\n|move|p1a: Blissey|Seismic Toss|p2a: Ditto\n|-immune|p2a: Ditto\n|\n|-heal|p1a: Blissey|81\/100|[from] item: Leftovers\n|upkeep\n|turn|194\n|\n|t:|1700521989\n|switch|p2a: Garganacl|Garganacl, M|73\/100\n|move|p1a: Blissey|Thunder Wave|p2a: Garganacl\n|-immune|p2a: Garganacl|[from] ability: Purifying Salt\n|\n|-heal|p1a: Blissey|87\/100|[from] item: Leftovers\n|-heal|p2a: Garganacl|79\/100|[from] item: Leftovers\n|upkeep\n|turn|195\n|\n|t:|1700521994\n|switch|p2a: Ditto|Ditto, tera:Ghost|100\/100\n|-transform|p2a: Ditto|p1a: Blissey|[from] ability: Imposter\n|move|p1a: Blissey|Seismic Toss|p2a: Ditto\n|-immune|p2a: Ditto\n|\n|-heal|p1a: Blissey|93\/100|[from] item: Leftovers\n|upkeep\n|turn|196\n|\n|t:|1700522000\n|move|p2a: Ditto|Seismic Toss|p1a: Blissey\n|-damage|p1a: Blissey|79\/100\n|move|p1a: Blissey|Thunder Wave|p2a: Ditto\n|-status|p2a: Ditto|par\n|\n|-heal|p1a: Blissey|86\/100|[from] item: Leftovers\n|upkeep\n|turn|197\n|\n|t:|1700522006\n|switch|p1a: Jellicent|Jellicent, M|88\/100\n|-damage|p1a: Jellicent|76\/100|[from] Stealth Rock\n|-curestatus|p2a: Ditto|par|[from] ability: Natural Cure\n|switch|p2a: Magearna|Magearna|79\/100 par\n|\n|-heal|p2a: Magearna|85\/100 par|[from] item: Leftovers\n|upkeep\n|turn|198\n|\n|t:|1700522013\n|switch|p2a: Ditto|Ditto, tera:Ghost|100\/100\n|-transform|p2a: Ditto|p1a: Jellicent|[from] ability: Imposter\n|move|p1a: Jellicent|Substitute|p1a: Jellicent\n|-start|p1a: Jellicent|Substitute\n|-damage|p1a: Jellicent|51\/100\n|\n|upkeep\n|turn|199\n|\n|t:|1700522022\n|switch|p1a: Blissey|Blissey, F|86\/100\n|-damage|p1a: Blissey|73\/100|[from] Stealth Rock\n|move|p2a: Ditto|Scald|p1a: Blissey\n|-crit|p1a: Blissey\n|-damage|p1a: Blissey|59\/100\n|\n|-heal|p1a: Blissey|65\/100|[from] item: Leftovers\n|upkeep\n|turn|200\n|\n|t:|1700522025\n|switch|p2a: Garganacl|Garganacl, M|79\/100\n|switch|p1a: Jellicent|Jellicent, M|51\/100\n|-damage|p1a: Jellicent|38\/100|[from] Stealth Rock\n|\n|-heal|p2a: Garganacl|85\/100|[from] item: Leftovers\n|upkeep\n|turn|201\n|\n|t:|1700522029\n|switch|p2a: Magearna|Magearna|85\/100 par\n|move|p1a: Jellicent|Strength Sap|p2a: Magearna\n|-unboost|p2a: Magearna|atk|1\n|-heal|p1a: Jellicent|82\/100\n|\n|-heal|p2a: Magearna|91\/100 par|[from] item: Leftovers\n|upkeep\n|turn|202\n|\n|t:|1700522034\n|switch|p2a: Ditto|Ditto, tera:Ghost|100\/100\n|-transform|p2a: Ditto|p1a: Jellicent|[from] ability: Imposter\n|move|p1a: Jellicent|Substitute|p1a: Jellicent\n|-start|p1a: Jellicent|Substitute\n|-damage|p1a: Jellicent|57\/100\n|\n|upkeep\n|turn|203\n|\n|t:|1700522040\n|move|p2a: Ditto|Substitute|p2a: Ditto\n|-start|p2a: Ditto|Substitute\n|-damage|p2a: Ditto|76\/100\n|move|p1a: Jellicent|Strength Sap||[still]\n|-fail|p1a: Jellicent\n|\n|upkeep\n|turn|204\n|\n|t:|1700522045\n|move|p2a: Ditto|Substitute|p2a: Ditto\n|-fail|p2a: Ditto|move: Substitute\n|move|p1a: Jellicent|Spite|p2a: Ditto\n|-activate|p2a: Ditto|move: Spite|Substitute|3\n|\n|upkeep\n|turn|205\n|\n|t:|1700522055\n|switch|p2a: Garganacl|Garganacl, M|85\/100\n|move|p1a: Jellicent|Strength Sap|p2a: Garganacl\n|-unboost|p2a: Garganacl|atk|1\n|-heal|p1a: Jellicent|100\/100\n|\n|-heal|p2a: Garganacl|91\/100|[from] item: Leftovers\n|upkeep\n|turn|206\n|\n|t:|1700522064\n|switch|p1a: Blissey|Blissey, F|65\/100\n|-damage|p1a: Blissey|52\/100|[from] Stealth Rock\n|move|p2a: Garganacl|Stealth Rock||[still]\n|-fail|p2a: Garganacl\n|\n|-heal|p1a: Blissey|59\/100|[from] item: Leftovers\n|-heal|p2a: Garganacl|98\/100|[from] item: Leftovers\n|upkeep\n|turn|207\n|\n|t:|1700522068\n|switch|p2a: Ditto|Ditto, tera:Ghost|76\/100\n|-transform|p2a: Ditto|p1a: Blissey|[from] ability: Imposter\n|move|p1a: Blissey|Seismic Toss|p2a: Ditto\n|-immune|p2a: Ditto\n|\n|-heal|p1a: Blissey|65\/100|[from] item: Leftovers\n|upkeep\n|turn|208\n|\n|t:|1700522072\n|move|p2a: Ditto|Soft-Boiled|p2a: Ditto\n|-heal|p2a: Ditto|100\/100\n|move|p1a: Blissey|Thunder Wave|p2a: Ditto\n|-status|p2a: Ditto|par\n|\n|-heal|p1a: Blissey|71\/100|[from] item: Leftovers\n|upkeep\n|turn|209\n|\n|t:|1700522076\n|move|p1a: Blissey|Seismic Toss|p2a: Ditto\n|-immune|p2a: Ditto\n|move|p2a: Ditto|Soft-Boiled||[still]\n|-fail|p2a: Ditto|heal\n|\n|-heal|p1a: Blissey|77\/100|[from] item: Leftovers\n|upkeep\n|turn|210\n|\n|t:|1700522080\n|move|p1a: Blissey|Seismic Toss|p2a: Ditto\n|-immune|p2a: Ditto\n|cant|p2a: Ditto|par\n|\n|-heal|p1a: Blissey|83\/100|[from] item: Leftovers\n|upkeep\n|turn|211\n|\n|t:|1700522082\n|switch|p1a: Jellicent|Jellicent, M|100\/100\n|-damage|p1a: Jellicent|88\/100|[from] Stealth Rock\n|cant|p2a: Ditto|par\n|\n|upkeep\n|turn|212\n|\n|t:|1700522086\n|switch|p1a: Blissey|Blissey, F|83\/100\n|-damage|p1a: Blissey|71\/100|[from] Stealth Rock\n|move|p2a: Ditto|Soft-Boiled||[still]\n|-fail|p2a: Ditto|heal\n|\n|-heal|p1a: Blissey|77\/100|[from] item: Leftovers\n|upkeep\n|turn|213\n|\n|t:|1700522091\n|switch|p1a: Jellicent|Jellicent, M|88\/100\n|-damage|p1a: Jellicent|76\/100|[from] Stealth Rock\n|move|p2a: Ditto|Soft-Boiled||[still]\n|-fail|p2a: Ditto|heal\n|\n|upkeep\n|turn|214\n|\n|t:|1700522097\n|switch|p1a: Blissey|Blissey, F|77\/100\n|-damage|p1a: Blissey|65\/100|[from] Stealth Rock\n|move|p2a: Ditto|Soft-Boiled||[still]\n|-fail|p2a: Ditto|heal\n|\n|-heal|p1a: Blissey|71\/100|[from] item: Leftovers\n|upkeep\n|turn|215\n|\n|t:|1700522101\n|-curestatus|p2a: Ditto|par|[from] ability: Natural Cure\n|switch|p2a: Magearna|Magearna|91\/100 par\n|move|p1a: Blissey|Seismic Toss|p2a: Magearna\n|-damage|p2a: Magearna|64\/100 par\n|\n|-heal|p1a: Blissey|77\/100|[from] item: Leftovers\n|-heal|p2a: Magearna|70\/100 par|[from] item: Leftovers\n|upkeep\n|turn|216\n|\n|t:|1700522110\n|switch|p1a: Jellicent|Jellicent, M|76\/100\n|-damage|p1a: Jellicent|63\/100|[from] Stealth Rock\n|switch|p2a: Ditto|Ditto, tera:Ghost|100\/100\n|-transform|p2a: Ditto|p1a: Jellicent|[from] ability: Imposter\n|\n|upkeep\n|turn|217\n|\n|t:|1700522117\n|switch|p1a: Blissey|Blissey, F|77\/100\n|-damage|p1a: Blissey|64\/100|[from] Stealth Rock\n|move|p2a: Ditto|Substitute|p2a: Ditto\n|-start|p2a: Ditto|Substitute\n|-damage|p2a: Ditto|76\/100\n|\n|-heal|p1a: Blissey|71\/100|[from] item: Leftovers\n|upkeep\n|turn|218\n|\n|t:|1700522123\n|move|p2a: Ditto|Substitute|p2a: Ditto\n|-fail|p2a: Ditto|move: Substitute\n|move|p1a: Blissey|Thunder Wave||[still]\n|-fail|p1a: Blissey\n|\n|-heal|p1a: Blissey|77\/100|[from] item: Leftovers\n|upkeep\n|turn|219\n|\n|t:|1700522128\n|switch|p1a: Jellicent|Jellicent, M|63\/100\n|-damage|p1a: Jellicent|51\/100|[from] Stealth Rock\n|move|p2a: Ditto|Substitute|p2a: Ditto\n|-fail|p2a: Ditto|move: Substitute\n|\n|upkeep\n|turn|220\n|\n|t:|1700522131\n|switch|p1a: Blissey|Blissey, F|77\/100\n|-damage|p1a: Blissey|64\/100|[from] Stealth Rock\n|move|p2a: Ditto|Substitute|p2a: Ditto\n|-fail|p2a: Ditto|move: Substitute\n|\n|-heal|p1a: Blissey|70\/100|[from] item: Leftovers\n|upkeep\n|turn|221\n|\n|t:|1700522134\n|switch|p1a: Jellicent|Jellicent, M|51\/100\n|-damage|p1a: Jellicent|39\/100|[from] Stealth Rock\n|move|p2a: Ditto|Substitute|p2a: Ditto\n|-fail|p2a: Ditto|move: Substitute\n|\n|upkeep\n|turn|222\n|\n|t:|1700522143\n|-activate|p2a: Ditto|move: Struggle\n|move|p2a: Ditto|Struggle|p1a: Jellicent\n|-damage|p1a: Jellicent|34\/100\n|-damage|p2a: Ditto|51\/100|[from] recoil\n|move|p1a: Jellicent|Strength Sap||[still]\n|-fail|p1a: Jellicent\n|\n|upkeep\n|turn|223\n|\n|t:|1700522153\n|switch|p2a: Magearna|Magearna|70\/100 par\n|switch|p1a: Blissey|Blissey, F|70\/100\n|-damage|p1a: Blissey|58\/100|[from] Stealth Rock\n|\n|-heal|p1a: Blissey|64\/100|[from] item: Leftovers\n|-heal|p2a: Magearna|76\/100 par|[from] item: Leftovers\n|upkeep\n|turn|224\n|\n|t:|1700522158\n|switch|p1a: Jellicent|Jellicent, M|34\/100\n|-damage|p1a: Jellicent|22\/100|[from] Stealth Rock\n|switch|p2a: Ditto|Ditto, tera:Ghost|51\/100\n|-transform|p2a: Ditto|p1a: Jellicent|[from] ability: Imposter\n|\n|upkeep\n|turn|225\n|\n|t:|1700522162\n|switch|p1a: Blissey|Blissey, F|64\/100\n|-damage|p1a: Blissey|52\/100|[from] Stealth Rock\n|move|p2a: Ditto|Strength Sap|p1a: Blissey\n|-unboost|p1a: Blissey|atk|1\n|-heal|p2a: Ditto|58\/100\n|\n|-heal|p1a: Blissey|58\/100|[from] item: Leftovers\n|upkeep\n|turn|226\n|\n|t:|1700522167\n|switch|p2a: Magearna|Magearna|76\/100 par\n|move|p1a: Blissey|Thunder Wave|p2a: Magearna|[miss]\n|-miss|p1a: Blissey|p2a: Magearna\n|\n|-heal|p1a: Blissey|64\/100|[from] item: Leftovers\n|-heal|p2a: Magearna|82\/100 par|[from] item: Leftovers\n|upkeep\n|turn|227\n|\n|t:|1700522170\n|switch|p2a: Ditto|Ditto, tera:Ghost|58\/100\n|-transform|p2a: Ditto|p1a: Blissey|[from] ability: Imposter\n|move|p1a: Blissey|Wish|p1a: Blissey\n|\n|-heal|p1a: Blissey|70\/100|[from] item: Leftovers\n|upkeep\n|turn|228\n|\n|t:|1700522179\n|switch|p1a: Jellicent|Jellicent, M|22\/100\n|-damage|p1a: Jellicent|10\/100|[from] Stealth Rock\n|move|p2a: Ditto|Wish|p2a: Ditto\n|\n|-heal|p1a: Jellicent|98\/100|[from] move: Wish|[wisher] Blissey\n|upkeep\n|turn|229\n|\n|t:|1700522182\n|switch|p1a: Blissey|Blissey, F|70\/100\n|-damage|p1a: Blissey|58\/100|[from] Stealth Rock\n|move|p2a: Ditto|Wish||[still]\n|-fail|p2a: Ditto\n|\n|-heal|p2a: Ditto|100\/100|[from] move: Wish|[wisher] Ditto\n|-heal|p1a: Blissey|64\/100|[from] item: Leftovers\n|upkeep\n|turn|230\n|\n|t:|1700522185\n|switch|p1a: Jellicent|Jellicent, M|98\/100\n|-damage|p1a: Jellicent|86\/100|[from] Stealth Rock\n|move|p2a: Ditto|Wish|p2a: Ditto\n|\n|upkeep\n|turn|231\n|\n|t:|1700522190\n|switch|p1a: Blissey|Blissey, F|64\/100\n|-damage|p1a: Blissey|51\/100|[from] Stealth Rock\n|move|p2a: Ditto|Wish||[still]\n|-fail|p2a: Ditto\n|\n|-heal|p1a: Blissey|58\/100|[from] item: Leftovers\n|upkeep\n|turn|232\n|\n|t:|1700522200\n|switch|p1a: Jellicent|Jellicent, M|86\/100\n|-damage|p1a: Jellicent|73\/100|[from] Stealth Rock\n|move|p2a: Ditto|Wish|p2a: Ditto\n|\n|upkeep\n|turn|233\n|\n|t:|1700522209\n|switch|p2a: Magearna|Magearna|82\/100 par\n|switch|p1a: Blissey|Blissey, F|58\/100\n|-damage|p1a: Blissey|45\/100|[from] Stealth Rock\n|\n|-heal|p2a: Magearna|100\/100 par|[from] move: Wish|[wisher] Ditto\n|-heal|p1a: Blissey|51\/100|[from] item: Leftovers\n|upkeep\n|turn|234\n|\n|t:|1700522218\n|switch|p2a: Ditto|Ditto, tera:Ghost|100\/100\n|-transform|p2a: Ditto|p1a: Blissey|[from] ability: Imposter\n|move|p1a: Blissey|Thunder Wave|p2a: Ditto\n|-status|p2a: Ditto|par\n|\n|-heal|p1a: Blissey|57\/100|[from] item: Leftovers\n|upkeep\n|turn|235\n|\n|t:|1700522227\n|switch|p1a: Jellicent|Jellicent, M|73\/100\n|-damage|p1a: Jellicent|61\/100|[from] Stealth Rock\n|-curestatus|p2a: Ditto|par|[from] ability: Natural Cure\n|switch|p2a: Magearna|Magearna|100\/100 par\n|\n|upkeep\n|turn|236\n|\n|t:|1700522240\n|switch|p1a: Blissey|Blissey, F|57\/100\n|-damage|p1a: Blissey|45\/100|[from] Stealth Rock\n|switch|p2a: Ditto|Ditto, tera:Ghost|100\/100\n|-transform|p2a: Ditto|p1a: Blissey|[from] ability: Imposter\n|\n|-heal|p1a: Blissey|51\/100|[from] item: Leftovers\n|upkeep\n|turn|237\n|\n|t:|1700522252\n|switch|p2a: Magearna|Magearna|100\/100 par\n|move|p1a: Blissey|Soft-Boiled|p1a: Blissey\n|-heal|p1a: Blissey|100\/100\n|\n|upkeep\n|turn|238\n|\n|t:|1700522257\n|switch|p1a: Jellicent|Jellicent, M|61\/100\n|-damage|p1a: Jellicent|49\/100|[from] Stealth Rock\n|switch|p2a: Ditto|Ditto, tera:Ghost|100\/100\n|-transform|p2a: Ditto|p1a: Jellicent|[from] ability: Imposter\n|\n|upkeep\n|turn|239\n|\n|t:|1700522263\n|switch|p1a: Blissey|Blissey, F|100\/100\n|-damage|p1a: Blissey|88\/100|[from] Stealth Rock\n|move|p2a: Ditto|Scald|p1a: Blissey\n|-damage|p1a: Blissey|79\/100\n|-status|p1a: Blissey|brn\n|\n|-heal|p1a: Blissey|85\/100 brn|[from] item: Leftovers\n|-damage|p1a: Blissey|79\/100 brn|[from] brn\n|upkeep\n|turn|240\n|\n|t:|1700522273\n|-curestatus|p1a: Blissey|brn|[from] ability: Natural Cure\n|switch|p1a: Jellicent|Jellicent, M|49\/100\n|-damage|p1a: Jellicent|36\/100|[from] Stealth Rock\n|move|p2a: Ditto|Scald|p1a: Jellicent\n|-heal|p1a: Jellicent|61\/100|[from] ability: Water Absorb|[of] p2a: Ditto\n|\n|upkeep\n|turn|241\n|\n|t:|1700522279\n|switch|p2a: Magearna|Magearna|100\/100 par\n|switch|p1a: Blissey|Blissey, F|79\/100\n|-damage|p1a: Blissey|67\/100|[from] Stealth Rock\n|\n|-heal|p1a: Blissey|73\/100|[from] item: Leftovers\n|upkeep\n|turn|242\n|\n|t:|1700522285\n|switch|p1a: Jellicent|Jellicent, M|61\/100\n|-damage|p1a: Jellicent|49\/100|[from] Stealth Rock\n|switch|p2a: Ditto|Ditto, tera:Ghost|100\/100\n|-transform|p2a: Ditto|p1a: Jellicent|[from] ability: Imposter\n|\n|upkeep\n|turn|243\n|\n|t:|1700522293\n|switch|p1a: Blissey|Blissey, F|73\/100\n|-damage|p1a: Blissey|60\/100|[from] Stealth Rock\n|move|p2a: Ditto|Spite||[still]\n|-fail|p2a: Ditto\n|\n|-heal|p1a: Blissey|67\/100|[from] item: Leftovers\n|upkeep\n|turn|244\n|\n|t:|1700522297\n|switch|p1a: Jellicent|Jellicent, M|49\/100\n|-damage|p1a: Jellicent|36\/100|[from] Stealth Rock\n|move|p2a: Ditto|Spite||[still]\n|-fail|p2a: Ditto\n|\n|upkeep\n|turn|245\n|\n|t:|1700522303\n|switch|p1a: Blissey|Blissey, F|67\/100\n|-damage|p1a: Blissey|54\/100|[from] Stealth Rock\n|move|p2a: Ditto|Spite||[still]\n|-fail|p2a: Ditto\n|\n|-heal|p1a: Blissey|60\/100|[from] item: Leftovers\n|upkeep\n|turn|246\n|\n|t:|1700522307\n|move|p2a: Ditto|Spite||[still]\n|-fail|p2a: Ditto\n|move|p1a: Blissey|Thunder Wave|p2a: Ditto\n|-status|p2a: Ditto|par\n|\n|-heal|p1a: Blissey|66\/100|[from] item: Leftovers\n|upkeep\n|turn|247\n|\n|t:|1700522314\n|switch|p1a: Jellicent|Jellicent, M|36\/100\n|-damage|p1a: Jellicent|24\/100|[from] Stealth Rock\n|cant|p2a: Ditto|par\n|\n|upkeep\n|turn|248\n|\n|t:|1700522319\n|switch|p1a: Blissey|Blissey, F|66\/100\n|-damage|p1a: Blissey|54\/100|[from] Stealth Rock\n|switch|p2a: Garganacl|Garganacl, M|98\/100\n|\n|-heal|p1a: Blissey|60\/100|[from] item: Leftovers\n|-heal|p2a: Garganacl|100\/100|[from] item: Leftovers\n|upkeep\n|turn|249\n|\n|t:|1700522328\n|move|p2a: Garganacl|Protect|p2a: Garganacl\n|-singleturn|p2a: Garganacl|Protect\n|move|p1a: Blissey|Wish|p1a: Blissey\n|\n|-heal|p1a: Blissey|66\/100|[from] item: Leftovers\n|upkeep\n|turn|250\n|\n|t:|1700522335\n|switch|p1a: Jellicent|Jellicent, M|24\/100\n|-damage|p1a: Jellicent|12\/100|[from] Stealth Rock\n|move|p2a: Garganacl|Salt Cure|p1a: Jellicent\n|-damage|p1a: Jellicent|2\/100\n|-start|p1a: Jellicent|Salt Cure\n|\n|-heal|p1a: Jellicent|90\/100|[from] move: Wish|[wisher] Blissey\n|-damage|p1a: Jellicent|65\/100|[from] Salt Cure\n|upkeep\n|turn|251\n|\n|t:|1700522346\n|switch|p1a: Blissey|Blissey, F|66\/100\n|-damage|p1a: Blissey|54\/100|[from] Stealth Rock\n|switch|p2a: Ditto|Ditto, tera:Ghost|100\/100 par\n|-transform|p2a: Ditto|p1a: Blissey|[from] ability: Imposter\n|\n|-heal|p1a: Blissey|60\/100|[from] item: Leftovers\n|upkeep\n|turn|252\n|inactive|pakiavatar9434 has 120 seconds left.\n|\n|t:|1700522360\n|move|p1a: Blissey|Thunder Wave|p2a: Ditto\n|-fail|p2a: Ditto|par\n|cant|p2a: Ditto|par\n|\n|-heal|p1a: Blissey|66\/100|[from] item: Leftovers\n|upkeep\n|turn|253\n|\n|t:|1700522365\n|move|p1a: Blissey|Thunder Wave|p2a: Ditto\n|-fail|p2a: Ditto|par\n|move|p2a: Ditto|Seismic Toss|p1a: Blissey\n|-damage|p1a: Blissey|52\/100\n|\n|-heal|p1a: Blissey|58\/100|[from] item: Leftovers\n|upkeep\n|turn|254\n|inactive|pakiavatar9434 has 120 seconds left.\n|\n|t:|1700522386\n|move|p1a: Blissey|Wish|p1a: Blissey\n|move|p2a: Ditto|Seismic Toss|p1a: Blissey\n|-damage|p1a: Blissey|44\/100\n|\n|-heal|p1a: Blissey|50\/100|[from] item: Leftovers\n|upkeep\n|turn|255\n|\n|t:|1700522399\n|switch|p1a: Jellicent|Jellicent, M|65\/100\n|-damage|p1a: Jellicent|53\/100|[from] Stealth Rock\n|-curestatus|p2a: Ditto|par|[from] ability: Natural Cure\n|switch|p2a: Garganacl|Garganacl, M|100\/100\n|\n|-heal|p1a: Jellicent|100\/100|[from] move: Wish|[wisher] Blissey\n|upkeep\n|turn|256\n|\n|t:|1700522412\n|switch|p1a: Blissey|Blissey, F|50\/100\n|-damage|p1a: Blissey|38\/100|[from] Stealth Rock\n|switch|p2a: Ditto|Ditto, tera:Ghost|100\/100\n|-transform|p2a: Ditto|p1a: Blissey|[from] ability: Imposter\n|\n|-heal|p1a: Blissey|44\/100|[from] item: Leftovers\n|upkeep\n|turn|257\n|\n|t:|1700522420\n|move|p2a: Ditto|Wish|p2a: Ditto\n|move|p1a: Blissey|Wish|p1a: Blissey\n|\n|-heal|p1a: Blissey|50\/100|[from] item: Leftovers\n|upkeep\n|turn|258\n|\n|t:|1700522427\n|move|p2a: Ditto|Wish||[still]\n|-fail|p2a: Ditto\n|move|p1a: Blissey|Thunder Wave|p2a: Ditto\n|-status|p2a: Ditto|par\n|\n|-heal|p1a: Blissey|99\/100|[from] move: Wish|[wisher] Blissey\n|-heal|p1a: Blissey|100\/100|[from] item: Leftovers\n|upkeep\n|turn|259\n|inactive|pakiavatar9434 has 90 seconds left.\n|\n|t:|1700522438\n|switch|p1a: Jellicent|Jellicent, M|100\/100\n|-damage|p1a: Jellicent|88\/100|[from] Stealth Rock\n|move|p2a: Ditto|Wish|p2a: Ditto\n|\n|upkeep\n|turn|260\n|\n|t:|1700522443\n|move|p1a: Jellicent|Substitute|p1a: Jellicent\n|-start|p1a: Jellicent|Substitute\n|-damage|p1a: Jellicent|63\/100\n|move|p2a: Ditto|Wish||[still]\n|-fail|p2a: Ditto\n|\n|upkeep\n|turn|261\n|\n|t:|1700522448\n|move|p1a: Jellicent|Substitute|p1a: Jellicent\n|-fail|p1a: Jellicent|move: Substitute\n|move|p2a: Ditto|Wish|p2a: Ditto\n|\n|upkeep\n|turn|262\n|\n|t:|1700522452\n|-curestatus|p2a: Ditto|par|[from] ability: Natural Cure\n|switch|p2a: Magearna|Magearna|100\/100 par\n|-activate|p1a: Jellicent|move: Struggle\n|move|p1a: Jellicent|Struggle|p2a: Magearna\n|-damage|p2a: Magearna|96\/100 par\n|-damage|p1a: Jellicent|38\/100|[from] recoil\n|\n|-heal|p2a: Magearna|100\/100 par|[from] move: Wish|[wisher] Ditto\n|upkeep\n|turn|263\n|inactive|pakiavatar9434 has 90 seconds left.\n|\n|t:|1700522459\n|switch|p1a: Blissey|Blissey, F|100\/100\n|-damage|p1a: Blissey|88\/100|[from] Stealth Rock\n|switch|p2a: Ditto|Ditto, tera:Ghost|100\/100\n|-transform|p2a: Ditto|p1a: Blissey|[from] ability: Imposter\n|\n|-heal|p1a: Blissey|94\/100|[from] item: Leftovers\n|upkeep\n|turn|264\n|\n|t:|1700522469\n|move|p2a: Ditto|Soft-Boiled||[still]\n|-fail|p2a: Ditto|heal\n|move|p1a: Blissey|Thunder Wave|p2a: Ditto\n|-status|p2a: Ditto|par\n|\n|-heal|p1a: Blissey|99\/100|[from] item: Leftovers\n|upkeep\n|turn|265\n|\n|t:|1700522489\n|move|p1a: Blissey|Wish|p1a: Blissey\n|move|p2a: Ditto|Soft-Boiled||[still]\n|-fail|p2a: Ditto|heal\n|\n|-heal|p1a: Blissey|100\/100|[from] item: Leftovers\n|upkeep\n|turn|266\n|\n|t:|1700522494\n|switch|p1a: Jellicent|Jellicent, M|38\/100\n|-damage|p1a: Jellicent|26\/100|[from] Stealth Rock\n|-curestatus|p2a: Ditto|par|[from] ability: Natural Cure\n|switch|p2a: Garganacl|Garganacl, M|100\/100\n|\n|-heal|p1a: Jellicent|100\/100|[from] move: Wish|[wisher] Blissey\n|upkeep\n|turn|267\n|\n|t:|1700522504\n|switch|p1a: Blissey|Blissey, F|100\/100\n|-damage|p1a: Blissey|88\/100|[from] Stealth Rock\n|switch|p2a: Ditto|Ditto, tera:Ghost|100\/100\n|-transform|p2a: Ditto|p1a: Blissey|[from] ability: Imposter\n|\n|-heal|p1a: Blissey|94\/100|[from] item: Leftovers\n|upkeep\n|turn|268\n|\n|t:|1700522510\n|switch|p2a: Magearna|Magearna|100\/100 par\n|switch|p1a: Jellicent|Jellicent, M|100\/100\n|-damage|p1a: Jellicent|88\/100|[from] Stealth Rock\n|\n|upkeep\n|turn|269\n|\n|t:|1700522513\n|switch|p1a: Blissey|Blissey, F|94\/100\n|-damage|p1a: Blissey|82\/100|[from] Stealth Rock\n|switch|p2a: Ditto|Ditto, tera:Ghost|100\/100\n|-transform|p2a: Ditto|p1a: Blissey|[from] ability: Imposter\n|\n|-heal|p1a: Blissey|88\/100|[from] item: Leftovers\n|upkeep\n|turn|270\n|\n|t:|1700522516\n|switch|p2a: Magearna|Magearna|100\/100 par\n|switch|p1a: Jellicent|Jellicent, M|88\/100\n|-damage|p1a: Jellicent|76\/100|[from] Stealth Rock\n|\n|upkeep\n|turn|271\n|\n|t:|1700522520\n|switch|p1a: Blissey|Blissey, F|88\/100\n|-damage|p1a: Blissey|75\/100|[from] Stealth Rock\n|switch|p2a: Garganacl|Garganacl, M|100\/100\n|\n|-heal|p1a: Blissey|82\/100|[from] item: Leftovers\n|upkeep\n|turn|272\n|\n|t:|1700522523\n|switch|p2a: Magearna|Magearna|100\/100 par\n|move|p1a: Blissey|Seismic Toss|p2a: Magearna\n|-damage|p2a: Magearna|73\/100 par\n|\n|-heal|p1a: Blissey|88\/100|[from] item: Leftovers\n|-heal|p2a: Magearna|79\/100 par|[from] item: Leftovers\n|upkeep\n|turn|273\n|\n|t:|1700522526\n|switch|p2a: Garganacl|Garganacl, M|100\/100\n|move|p1a: Blissey|Seismic Toss|p2a: Garganacl\n|-damage|p2a: Garganacl|76\/100\n|\n|-heal|p1a: Blissey|94\/100|[from] item: Leftovers\n|-heal|p2a: Garganacl|82\/100|[from] item: Leftovers\n|upkeep\n|turn|274\n|\n|t:|1700522534\n|switch|p2a: Ditto|Ditto, tera:Ghost|100\/100\n|-transform|p2a: Ditto|p1a: Blissey|[from] ability: Imposter\n|move|p1a: Blissey|Seismic Toss|p2a: Ditto\n|-immune|p2a: Ditto\n|\n|-heal|p1a: Blissey|99\/100|[from] item: Leftovers\n|upkeep\n|turn|275\n|-message|pakiavatar9434 forfeited.\n|\n|win|szymszym134\n|raw|pakiavatar9434's rating: 1593 &rarr; <strong>1578<\/strong><br \/>(-15 for losing)\n|raw|szymszym134's rating: 1690 &rarr; <strong>1705<\/strong><br \/>(+15 for winning)\n|l|\u2606pakiavatar9434\n","uploadtime":1700522568,"views":8,"p1id":"pakiavatar9434","p2id":"szymszym134","formatid":"gen9nationaldexubers","rating":1578,"private":0,"password":""}