{"id":"gen9nationaldexubers-1990582429","p1":"KJ.nyc","p2":"egirl'shandpics","format":"[Gen 9] National Dex Ubers","log":"|j|\u2606KJ.nyc\n|j|\u2606egirl'shandpics\n|t:|1699983275\n|gametype|singles\n|player|p1|KJ.nyc|hilbert|1114\n|player|p2|egirl'shandpics|swimmerf-gen4|1000\n|teamsize|p1|6\n|teamsize|p2|6\n|gen|9\n|tier|[Gen 9] National Dex Ubers\n|rated|\n|rule|HP Percentage Mod: HP is shown in percentages\n|rule|Endless Battle Clause: Forcing endless battles is banned\n|rule|OHKO Clause: OHKO moves are banned\n|rule|Evasion Moves Clause: Evasion moves are banned\n|rule|Evasion Items Clause: Evasion items are banned\n|rule|Species Clause: Limit one of each Pok\u00e9mon\n|rule|Sleep Clause Mod: Limit one foe put to sleep\n|rule|Mega Rayquaza Clause: You cannot mega evolve Rayquaza\n|clearpoke\n|poke|p1|Pikachu, M|\n|poke|p1|Dragonite, F|\n|poke|p1|Gengar, M|\n|poke|p1|Lucario, M|\n|poke|p1|Sirfetch\u2019d, M|\n|poke|p1|Dracovish|\n|poke|p2|Aron, L1, M|\n|poke|p2|Togedemaru, L1, F|\n|poke|p2|Galvantula, F|\n|poke|p2|Naganadel|\n|poke|p2|Cottonee, L1, M|\n|poke|p2|Lucario, M|\n|teampreview\n|c|\u2606KJ.nyc|glhf\n|inactive|Battle timer is ON: inactive players will automatically lose when time's up. (requested by KJ.nyc)\n|c|\u2606egirl'shandpics|thanks you 2\n|\n|t:|1699983290\n|start\n|switch|p1a: Dracovish|Dracovish|100\/100\n|switch|p2a: Naganadel|Naganadel|100\/100\n|turn|1\n|\n|t:|1699983311\n|move|p2a: Naganadel|Toxic Spikes|p1a: Dracovish\n|-sidestart|p1: KJ.nyc|move: Toxic Spikes\n|move|p1a: Dracovish|Dragon Rush|p2a: Naganadel\n|-supereffective|p2a: Naganadel\n|-enditem|p2a: Naganadel|Focus Sash\n|-damage|p2a: Naganadel|1\/100\n|\n|upkeep\n|turn|2\n|\n|t:|1699983317\n|move|p2a: Naganadel|Spikes|p1a: Dracovish\n|-sidestart|p1: KJ.nyc|Spikes\n|move|p1a: Dracovish|Dragon Rush|p2a: Naganadel\n|-supereffective|p2a: Naganadel\n|-damage|p2a: Naganadel|0 fnt\n|faint|p2a: Naganadel\n|\n|upkeep\n|\n|t:|1699983322\n|switch|p2a: Galvantula|Galvantula, F|100\/100\n|turn|3\n|\n|t:|1699983329\n|move|p2a: Galvantula|Sticky Web|p1a: Dracovish\n|-sidestart|p1: KJ.nyc|move: Sticky Web\n|move|p1a: Dracovish|Dragon Rush|p2a: Galvantula\n|-damage|p2a: Galvantula|3\/100\n|\n|upkeep\n|turn|4\n|\n|t:|1699983337\n|move|p2a: Galvantula|Light Screen|p2a: Galvantula\n|-sidestart|p2: egirl'shandpics|move: Light Screen\n|move|p1a: Dracovish|Dragon Rush|p2a: Galvantula\n|-damage|p2a: Galvantula|0 fnt\n|faint|p2a: Galvantula\n|\n|upkeep\n|\n|t:|1699983342\n|switch|p2a: Togedemaru|Togedemaru, L1, F|100\/100\n|turn|5\n|\n|t:|1699983348\n|move|p1a: Dracovish|Dragon Rush|p2a: Togedemaru\n|-resisted|p2a: Togedemaru\n|-ability|p2a: Togedemaru|Sturdy\n|-damage|p2a: Togedemaru|9\/100\n|move|p2a: Togedemaru|Endeavor|p1a: Dracovish\n|-damage|p1a: Dracovish|1\/100\n|-heal|p2a: Togedemaru|100\/100|[from] item: Shell Bell|[of] p1a: Dracovish\n|\n|upkeep\n|turn|6\n|\n|t:|1699983358\n|move|p2a: Togedemaru|Spiky Shield|p2a: Togedemaru\n|-singleturn|p2a: Togedemaru|move: Protect\n|move|p1a: Dracovish|Dragon Rush|p2a: Togedemaru\n|-activate|p2a: Togedemaru|move: Protect\n|-damage|p1a: Dracovish|0 fnt|[from] Spiky Shield|[of] p2a: Togedemaru\n|faint|p1a: Dracovish\n|\n|upkeep\n|\n|t:|1699983362\n|switch|p1a: Gengar|Gengar, M|100\/100\n|-sideend|p1: KJ.nyc|move: Toxic Spikes|[of] p1a: Gengar\n|-damage|p1a: Gengar|88\/100|[from] Spikes\n|-activate|p1a: Gengar|move: Sticky Web\n|-unboost|p1a: Gengar|spe|1\n|turn|7\n|\n|t:|1699983386\n|switch|p1a: Dragonite|Dragonite, F|100\/100\n|switch|p2a: Lucario|Lucario, M|100\/100\n|\n|upkeep\n|turn|8\n|\n|t:|1699983397\n|move|p2a: Lucario|Swords Dance|p2a: Lucario\n|-boost|p2a: Lucario|atk|2\n|move|p1a: Dragonite|Dragon Dance|p1a: Dragonite\n|-boost|p1a: Dragonite|atk|1\n|-boost|p1a: Dragonite|spe|1\n|\n|-sideend|p2: egirl'shandpics|move: Light Screen\n|upkeep\n|turn|9\n|\n|t:|1699983402\n|move|p2a: Lucario|Extreme Speed|p1a: Dragonite\n|-damage|p1a: Dragonite|74\/100\n|move|p1a: Dragonite|Fire Punch|p2a: Lucario\n|-supereffective|p2a: Lucario\n|-damage|p2a: Lucario|0 fnt\n|faint|p2a: Lucario\n|\n|-heal|p1a: Dragonite|80\/100|[from] item: Leftovers\n|upkeep\n|\n|t:|1699983410\n|switch|p2a: Togedemaru|Togedemaru, L1, F|100\/100\n|turn|10\n|\n|t:|1699983413\n|move|p1a: Dragonite|Hurricane|p2a: Togedemaru|[miss]\n|-miss|p1a: Dragonite|p2a: Togedemaru\n|move|p2a: Togedemaru|Toxic|p1a: Dragonite\n|-status|p1a: Dragonite|tox\n|\n|-heal|p1a: Dragonite|87\/100 tox|[from] item: Leftovers\n|-damage|p1a: Dragonite|80\/100 tox|[from] psn\n|upkeep\n|turn|11\n|\n|t:|1699983422\n|move|p1a: Dragonite|Hurricane|p2a: Togedemaru|[miss]\n|-miss|p1a: Dragonite|p2a: Togedemaru\n|move|p2a: Togedemaru|Substitute|p2a: Togedemaru\n|-start|p2a: Togedemaru|Substitute\n|-damage|p2a: Togedemaru|75\/100\n|\n|-heal|p1a: Dragonite|87\/100 tox|[from] item: Leftovers\n|-damage|p1a: Dragonite|74\/100 tox|[from] psn\n|upkeep\n|turn|12\n|\n|t:|1699983425\n|move|p1a: Dragonite|Dragon Claw|p2a: Togedemaru\n|-resisted|p2a: Togedemaru\n|-end|p2a: Togedemaru|Substitute\n|move|p2a: Togedemaru|Endeavor|p1a: Dragonite\n|-damage|p1a: Dragonite|3\/100 tox\n|-heal|p2a: Togedemaru|100\/100|[from] item: Shell Bell|[of] p1a: Dragonite\n|\n|-heal|p1a: Dragonite|9\/100 tox|[from] item: Leftovers\n|-damage|p1a: Dragonite|0 fnt|[from] psn\n|faint|p1a: Dragonite\n|upkeep\n|\n|t:|1699983433\n|switch|p1a: Sirfetch\u2019d|Sirfetch\u2019d, M|100\/100\n|-damage|p1a: Sirfetch\u2019d|88\/100|[from] Spikes\n|-activate|p1a: Sirfetch\u2019d|move: Sticky Web\n|-unboost|p1a: Sirfetch\u2019d|spe|1\n|turn|13\n|\n|t:|1699983437\n|-terastallize|p1a: Sirfetch\u2019d|Steel\n|move|p1a: Sirfetch\u2019d|First Impression|p2a: Togedemaru\n|-resisted|p2a: Togedemaru\n|-ability|p2a: Togedemaru|Sturdy\n|-damage|p2a: Togedemaru|9\/100\n|move|p2a: Togedemaru|Endeavor|p1a: Sirfetch\u2019d\n|-damage|p1a: Sirfetch\u2019d|1\/100\n|-heal|p2a: Togedemaru|100\/100|[from] item: Shell Bell|[of] p1a: Sirfetch\u2019d\n|\n|upkeep\n|turn|14\n|\n|t:|1699983446\n|move|p2a: Togedemaru|Spiky Shield|p2a: Togedemaru\n|-singleturn|p2a: Togedemaru|move: Protect\n|move|p1a: Sirfetch\u2019d|Night Slash|p2a: Togedemaru\n|-activate|p2a: Togedemaru|move: Protect\n|-damage|p1a: Sirfetch\u2019d|0 fnt|[from] Spiky Shield|[of] p2a: Togedemaru\n|faint|p1a: Sirfetch\u2019d\n|\n|upkeep\n|\n|t:|1699983453\n|switch|p1a: Lucario|Lucario, M|100\/100\n|-damage|p1a: Lucario|88\/100|[from] Spikes\n|-activate|p1a: Lucario|move: Sticky Web\n|-unboost|p1a: Lucario|spe|1\n|turn|15\n|\n|t:|1699983458\n|detailschange|p1a: Lucario|Lucario-Mega, M\n|-mega|p1a: Lucario|Lucario|Lucarionite\n|move|p1a: Lucario|Aura Sphere|p2a: Togedemaru\n|-supereffective|p2a: Togedemaru\n|-crit|p2a: Togedemaru\n|-ability|p2a: Togedemaru|Sturdy\n|-damage|p2a: Togedemaru|9\/100\n|move|p2a: Togedemaru|Endeavor|p1a: Lucario\n|-damage|p1a: Lucario|1\/100\n|-heal|p2a: Togedemaru|100\/100|[from] item: Shell Bell|[of] p1a: Lucario\n|\n|upkeep\n|turn|16\n|\n|t:|1699983463\n|move|p2a: Togedemaru|Spiky Shield|p2a: Togedemaru\n|-singleturn|p2a: Togedemaru|move: Protect\n|move|p1a: Lucario|Aura Sphere|p2a: Togedemaru\n|-activate|p2a: Togedemaru|move: Protect\n|\n|upkeep\n|turn|17\n|\n|t:|1699983487\n|move|p1a: Lucario|Aura Sphere|p2a: Togedemaru\n|-supereffective|p2a: Togedemaru\n|-ability|p2a: Togedemaru|Sturdy\n|-damage|p2a: Togedemaru|9\/100\n|move|p2a: Togedemaru|Endeavor|p1a: Lucario\n|-immune|p1a: Lucario\n|\n|upkeep\n|turn|18\n|\n|t:|1699983498\n|move|p1a: Lucario|Aura Sphere|p2a: Togedemaru\n|-supereffective|p2a: Togedemaru\n|-damage|p2a: Togedemaru|0 fnt\n|faint|p2a: Togedemaru\n|\n|upkeep\n|\n|t:|1699983501\n|switch|p2a: Cottonee|Cottonee, L1, M|100\/100\n|turn|19\n|\n|t:|1699983505\n|move|p2a: Cottonee|Leech Seed|p1a: Lucario|[miss]\n|-miss|p2a: Cottonee|p1a: Lucario\n|move|p1a: Lucario|Aura Sphere|p2a: Cottonee\n|-resisted|p2a: Cottonee\n|-enditem|p2a: Cottonee|Focus Sash\n|-damage|p2a: Cottonee|9\/100\n|\n|upkeep\n|turn|20\n|\n|t:|1699983510\n|move|p2a: Cottonee|Protect|p2a: Cottonee\n|-singleturn|p2a: Cottonee|Protect\n|move|p1a: Lucario|Aura Sphere|p2a: Cottonee\n|-activate|p2a: Cottonee|move: Protect\n|\n|upkeep\n|turn|21\n|\n|t:|1699983511\n|move|p2a: Cottonee|Leech Seed|p1a: Lucario\n|-start|p1a: Lucario|move: Leech Seed\n|move|p1a: Lucario|Aura Sphere|p2a: Cottonee\n|-resisted|p2a: Cottonee\n|-damage|p2a: Cottonee|0 fnt\n|faint|p2a: Cottonee\n|\n|upkeep\n|\n|t:|1699983517\n|switch|p2a: Aron|Aron, L1, M|100\/100\n|turn|22\n|\n|t:|1699983523\n|move|p2a: Aron|Protect|p2a: Aron\n|-singleturn|p2a: Aron|Protect\n|move|p1a: Lucario|Ice Punch|p2a: Aron\n|-activate|p2a: Aron|move: Protect\n|\n|-damage|p1a: Lucario|0 fnt|[from] Leech Seed|[of] p2a: Aron\n|faint|p1a: Lucario\n|upkeep\n|\n|t:|1699983530\n|switch|p1a: Pikachu|Pikachu, M|100\/100\n|-damage|p1a: Pikachu|88\/100|[from] Spikes\n|-activate|p1a: Pikachu|move: Sticky Web\n|-unboost|p1a: Pikachu|spe|1\n|turn|23\n|\n|t:|1699983536\n|move|p1a: Pikachu|Thunderbolt|p2a: Aron\n|-ability|p2a: Aron|Sturdy\n|-damage|p2a: Aron|9\/100\n|move|p2a: Aron|Endeavor|p1a: Pikachu\n|-damage|p1a: Pikachu|1\/100\n|-heal|p2a: Aron|100\/100|[from] item: Shell Bell|[of] p1a: Pikachu\n|\n|upkeep\n|turn|24\n|\n|t:|1699983546\n|move|p1a: Pikachu|Thunderbolt|p2a: Aron\n|-crit|p2a: Aron\n|-ability|p2a: Aron|Sturdy\n|-damage|p2a: Aron|9\/100\n|move|p2a: Aron|Toxic|p1a: Pikachu|[miss]\n|-miss|p2a: Aron|p1a: Pikachu\n|\n|upkeep\n|turn|25\n|\n|t:|1699983552\n|move|p1a: Pikachu|Quick Attack|p2a: Aron\n|-resisted|p2a: Aron\n|-damage|p2a: Aron|0 fnt\n|faint|p2a: Aron\n|\n|win|KJ.nyc\n|raw|KJ.nyc's rating: 1114 &rarr; <strong>1131<\/strong><br \/>(+17 for winning)\n|raw|egirl&apos;shandpics's rating: 1000 &rarr; <strong>1000<\/strong><br \/>(+0 for losing)\n|c|\u2606KJ.nyc|gg\n|c|\u2606egirl'shandpics|gg\n","uploadtime":1699983559,"views":8,"p1id":"kjnyc","p2id":"egirlshandpics","formatid":"gen9nationaldexubers","rating":1000,"private":0,"password":""}