{"id":"gen9nationaldexubers-1987984977","p1":"GoianoReidoKuduro","p2":"Master Kirbs","format":"[Gen 9] National Dex Ubers","log":"|j|\u2606GoianoReidoKuduro\n|j|\u2606Master Kirbs\n|t:|1699656016\n|gametype|singles\n|player|p1|GoianoReidoKuduro|170|1187\n|player|p2|Master Kirbs|hiker-gen4|1123\n|teamsize|p1|6\n|teamsize|p2|6\n|gen|9\n|tier|[Gen 9] National Dex Ubers\n|rated|\n|rule|HP Percentage Mod: HP is shown in percentages\n|rule|Endless Battle Clause: Forcing endless battles is banned\n|rule|OHKO Clause: OHKO moves are banned\n|rule|Evasion Moves Clause: Evasion moves are banned\n|rule|Evasion Items Clause: Evasion items are banned\n|rule|Species Clause: Limit one of each Pok\u00e9mon\n|rule|Sleep Clause Mod: Limit one foe put to sleep\n|rule|Mega Rayquaza Clause: You cannot mega evolve Rayquaza\n|clearpoke\n|poke|p1|Necrozma-Dawn-Wings|\n|poke|p1|Calyrex-Ice|\n|poke|p1|Porygon2|\n|poke|p1|Dialga-Origin|\n|poke|p1|Hoopa-Unbound|\n|poke|p1|Melmetal|\n|poke|p2|Enamorus, F|\n|poke|p2|Miltank, F|\n|poke|p2|Masquerain, F|\n|poke|p2|Palafin, F|\n|poke|p2|Kleavor, M|\n|poke|p2|Zoroark-Hisui, F|\n|teampreview\n|inactive|Battle timer is ON: inactive players will automatically lose when time's up. (requested by Master Kirbs)\n|\n|t:|1699656040\n|start\n|switch|p1a: Porygon2|Porygon2|100\/100\n|switch|p2a: Palafin|Palafin, F|100\/100\n|turn|1\n|\n|t:|1699656047\n|detailschange|p2a: Palafin|Palafin-Hero, F\n|switch|p2a: Kleavor|Kleavor, M|100\/100\n|-ability|p1a: Porygon2|Sharpness|[from] ability: Trace|[of] p2a: Kleavor\n|move|p1a: Porygon2|Trick Room|p1a: Porygon2\n|-fieldstart|move: Trick Room|[of] p1a: Porygon2\n|\n|upkeep\n|turn|2\n|\n|t:|1699656054\n|move|p2a: Kleavor|Stone Axe|p1a: Porygon2\n|-damage|p1a: Porygon2|56\/100\n|-sidestart|p1: GoianoReidoKuduro|move: Stealth Rock\n|-damage|p2a: Kleavor|91\/100|[from] item: Life Orb\n|move|p1a: Porygon2|Teleport|p1a: Porygon2\n|\n|t:|1699656065\n|switch|p1a: Melmetal|Melmetal|100\/100|[from] Teleport\n|-damage|p1a: Melmetal|94\/100|[from] Stealth Rock\n|\n|upkeep\n|turn|3\n|\n|t:|1699656071\n|move|p1a: Melmetal|Double Iron Bash|p2a: Kleavor\n|-supereffective|p2a: Kleavor\n|-crit|p2a: Kleavor\n|-damage|p2a: Kleavor|0 fnt\n|faint|p2a: Kleavor\n|-hitcount|p2: Kleavor|1\n|-damage|p1a: Melmetal|84\/100|[from] item: Life Orb\n|\n|upkeep\n|\n|t:|1699656075\n|switch|p2a: Masquerain|Masquerain, F|100\/100\n|-ability|p2a: Masquerain|Intimidate|boost\n|-unboost|p1a: Melmetal|atk|1\n|turn|4\n|\n|t:|1699656081\n|move|p1a: Melmetal|Ice Punch|p2a: Masquerain\n|-supereffective|p2a: Masquerain\n|-enditem|p2a: Masquerain|Focus Sash\n|-damage|p2a: Masquerain|1\/100\n|-damage|p1a: Melmetal|75\/100|[from] item: Life Orb\n|move|p2a: Masquerain|Stun Spore|p1a: Melmetal|[miss]\n|-miss|p2a: Masquerain|p1a: Melmetal\n|\n|upkeep\n|turn|5\n|\n|t:|1699656090\n|switch|p2a: Palafin|Palafin-Hero, F|100\/100\n|-activate|p2a: Palafin|ability: Zero to Hero\n|move|p1a: Melmetal|Ice Punch|p2a: Palafin\n|-resisted|p2a: Palafin\n|-damage|p2a: Palafin|85\/100\n|-damage|p1a: Melmetal|65\/100|[from] item: Life Orb\n|\n|-fieldend|move: Trick Room\n|upkeep\n|turn|6\n|\n|t:|1699656098\n|move|p2a: Palafin|Bulk Up|p2a: Palafin\n|-boost|p2a: Palafin|atk|1\n|-boost|p2a: Palafin|def|1\n|move|p1a: Melmetal|Thunder Punch|p2a: Palafin\n|-supereffective|p2a: Palafin\n|-damage|p2a: Palafin|38\/100\n|-damage|p1a: Melmetal|55\/100|[from] item: Life Orb\n|\n|upkeep\n|turn|7\n|\n|t:|1699656107\n|move|p2a: Palafin|Close Combat|p1a: Melmetal\n|-supereffective|p1a: Melmetal\n|-damage|p1a: Melmetal|0 fnt\n|-unboost|p2a: Palafin|def|1\n|-unboost|p2a: Palafin|spd|1\n|faint|p1a: Melmetal\n|\n|upkeep\n|\n|t:|1699656115\n|switch|p1a: Porygon2|Porygon2|56\/100\n|-damage|p1a: Porygon2|44\/100|[from] Stealth Rock\n|turn|8\n|\n|t:|1699656125\n|move|p2a: Palafin|Close Combat|p1a: Porygon2\n|-supereffective|p1a: Porygon2\n|-damage|p1a: Porygon2|0 fnt\n|-unboost|p2a: Palafin|def|1\n|-unboost|p2a: Palafin|spd|1\n|faint|p1a: Porygon2\n|\n|upkeep\n|\n|t:|1699656130\n|switch|p1a: Dialga|Dialga-Origin|100\/100\n|-damage|p1a: Dialga|94\/100|[from] Stealth Rock\n|-ability|p1a: Dialga|Pressure\n|turn|9\n|\n|t:|1699656143\n|move|p2a: Palafin|Jet Punch|p1a: Dialga\n|-resisted|p1a: Dialga\n|-damage|p1a: Dialga|73\/100\n|move|p1a: Dialga|Trick Room|p1a: Dialga\n|-fieldstart|move: Trick Room|[of] p1a: Dialga\n|\n|upkeep\n|turn|10\n|\n|t:|1699656149\n|move|p1a: Dialga|Draco Meteor|p2a: Palafin\n|-damage|p2a: Palafin|0 fnt\n|-unboost|p1a: Dialga|spa|2\n|faint|p2a: Palafin\n|\n|upkeep\n|\n|t:|1699656155\n|switch|p2a: Miltank|Miltank, F|100\/100\n|turn|11\n|\n|t:|1699656163\n|move|p1a: Dialga|Flash Cannon|p2a: Miltank\n|-damage|p2a: Miltank|67\/100\n|move|p2a: Miltank|Curse|p2a: Miltank\n|-unboost|p2a: Miltank|spe|1\n|-boost|p2a: Miltank|atk|1\n|-boost|p2a: Miltank|def|1\n|\n|-heal|p2a: Miltank|73\/100|[from] item: Leftovers\n|upkeep\n|turn|12\n|\n|t:|1699656171\n|move|p2a: Miltank|Curse|p2a: Miltank\n|-unboost|p2a: Miltank|spe|1\n|-boost|p2a: Miltank|atk|1\n|-boost|p2a: Miltank|def|1\n|move|p1a: Dialga|Draco Meteor|p2a: Miltank\n|-damage|p2a: Miltank|15\/100\n|-unboost|p1a: Dialga|spa|2\n|\n|-heal|p2a: Miltank|21\/100|[from] item: Leftovers\n|upkeep\n|turn|13\n|\n|t:|1699656180\n|move|p2a: Miltank|Milk Drink|p2a: Miltank\n|-heal|p2a: Miltank|71\/100\n|move|p1a: Dialga|Draco Meteor|p2a: Miltank\n|-damage|p2a: Miltank|33\/100\n|-unboost|p1a: Dialga|spa|2\n|\n|-heal|p2a: Miltank|39\/100|[from] item: Leftovers\n|-fieldend|move: Trick Room\n|upkeep\n|turn|14\n|\n|t:|1699656187\n|move|p2a: Miltank|Milk Drink|p2a: Miltank\n|-heal|p2a: Miltank|89\/100\n|move|p1a: Dialga|Trick Room|p1a: Dialga\n|-fieldstart|move: Trick Room|[of] p1a: Dialga\n|\n|-heal|p2a: Miltank|95\/100|[from] item: Leftovers\n|upkeep\n|turn|15\n|inactive|Master Kirbs has 120 seconds left.\n|inactive|Master Kirbs has 90 seconds left.\n|\n|t:|1699656255\n|switch|p1a: Hoopa|Hoopa-Unbound|100\/100\n|-damage|p1a: Hoopa|88\/100|[from] Stealth Rock\n|move|p2a: Miltank|Curse|p2a: Miltank\n|-unboost|p2a: Miltank|spe|1\n|-boost|p2a: Miltank|atk|1\n|-boost|p2a: Miltank|def|1\n|\n|-heal|p2a: Miltank|100\/100|[from] item: Leftovers\n|upkeep\n|turn|16\n|inactive|Master Kirbs has 90 seconds left.\n|\n|t:|1699656278\n|move|p2a: Miltank|Body Slam|p1a: Hoopa\n|-damage|p1a: Hoopa|0 fnt\n|faint|p1a: Hoopa\n|\n|upkeep\n|\n|t:|1699656287\n|switch|p1a: Calyrex|Calyrex-Ice|100\/100\n|-ability|p1a: Calyrex|As One\n|-ability|p1a: Calyrex|Unnerve\n|-damage|p1a: Calyrex|76\/100|[from] Stealth Rock\n|turn|17\n|\n|t:|1699656292\n|move|p2a: Miltank|Body Slam|p1a: Calyrex\n|-damage|p1a: Calyrex|26\/100\n|-status|p1a: Calyrex|par\n|move|p1a: Calyrex|Close Combat|p2a: Miltank\n|-supereffective|p2a: Miltank\n|-damage|p2a: Miltank|48\/100\n|-unboost|p1a: Calyrex|def|1\n|-unboost|p1a: Calyrex|spd|1\n|\n|-heal|p2a: Miltank|54\/100|[from] item: Leftovers\n|upkeep\n|turn|18\n|-message|GoianoReidoKuduro forfeited.\n|\n|win|Master Kirbs\n|raw|GoianoReidoKuduro's rating: 1187 &rarr; <strong>1157<\/strong><br \/>(-30 for losing)\n|raw|Master Kirbs's rating: 1123 &rarr; <strong>1153<\/strong><br \/>(+30 for winning)\n|l|\u2606GoianoReidoKuduro\n","uploadtime":1699656307,"views":11,"p1id":"goianoreidokuduro","p2id":"masterkirbs","formatid":"gen9nationaldexubers","rating":1153,"private":0,"password":""}