{"id":"gen9nationaldexubers-1998682848","p1":"iLoveJujutsuHigh","p2":"TPD DreadNaw","format":"[Gen 9] National Dex Ubers","log":"|j|\u2606iLoveJujutsuHigh\n|j|\u2606TPD DreadNaw\n|t:|1700971960\n|gametype|singles\n|player|p1|iLoveJujutsuHigh|doctor|1137\n|player|p2|TPD DreadNaw|clay|1049\n|teamsize|p1|6\n|teamsize|p2|6\n|gen|9\n|tier|[Gen 9] National Dex Ubers\n|rated|\n|rule|HP Percentage Mod: HP is shown in percentages\n|rule|Endless Battle Clause: Forcing endless battles is banned\n|rule|OHKO Clause: OHKO moves are banned\n|rule|Evasion Moves Clause: Evasion moves are banned\n|rule|Evasion Items Clause: Evasion items are banned\n|rule|Species Clause: Limit one of each Pok\u00e9mon\n|rule|Sleep Clause Mod: Limit one foe put to sleep\n|rule|Mega Rayquaza Clause: You cannot mega evolve Rayquaza\n|clearpoke\n|poke|p1|Heracross, F|\n|poke|p1|Corviknight, M|\n|poke|p1|Urshifu-*, F|\n|poke|p1|Iron Valiant|\n|poke|p1|Chi-Yu|\n|poke|p1|Lechonk, L1, M|\n|poke|p2|Jirachi|\n|poke|p2|Stakataka|\n|poke|p2|Heatran, M|\n|poke|p2|Scizor, M|\n|poke|p2|Celesteela|\n|poke|p2|Excadrill, M|\n|teampreview\n|\n|t:|1700971980\n|start\n|switch|p1a: Chi-Yu|Chi-Yu|100\/100\n|switch|p2a: Jirachi|Jirachi, shiny|100\/100\n|-ability|p1a: Chi-Yu|Beads of Ruin\n|turn|1\n|\n|t:|1700971991\n|switch|p2a: Heatran|Heatran, M|100\/100\n|move|p1a: Chi-Yu|Light Screen|p1a: Chi-Yu\n|-sidestart|p1: iLoveJujutsuHigh|move: Light Screen\n|\n|upkeep\n|turn|2\n|\n|t:|1700972015\n|move|p2a: Heatran|Earth Power|p1a: Chi-Yu\n|-supereffective|p1a: Chi-Yu\n|-damage|p1a: Chi-Yu|63\/100\n|move|p1a: Chi-Yu|Heat Wave|p2a: Heatran\n|-start|p2a: Heatran|ability: Flash Fire\n|\n|upkeep\n|turn|3\n|\n|t:|1700972023\n|switch|p1a: Urshifu|Urshifu-Rapid-Strike, F|100\/100\n|move|p2a: Heatran|Earth Power|p1a: Urshifu\n|-damage|p1a: Urshifu|76\/100\n|\n|upkeep\n|turn|4\n|\n|t:|1700972033\n|move|p2a: Heatran|Earth Power|p1a: Urshifu\n|-damage|p1a: Urshifu|54\/100\n|move|p1a: Urshifu|Bulk Up|p1a: Urshifu\n|-boost|p1a: Urshifu|atk|1\n|-boost|p1a: Urshifu|def|1\n|\n|upkeep\n|turn|5\n|\n|t:|1700972040\n|move|p2a: Heatran|Earth Power|p1a: Urshifu\n|-damage|p1a: Urshifu|29\/100\n|move|p1a: Urshifu|Surging Strikes|p2a: Heatran\n|-supereffective|p2a: Heatran\n|-crit|p2a: Heatran\n|-damage|p2a: Heatran|45\/100\n|-supereffective|p2a: Heatran\n|-crit|p2a: Heatran\n|-damage|p2a: Heatran|0 fnt\n|faint|p2a: Heatran\n|-hitcount|p2: Heatran|2\n|\n|-sideend|p1: iLoveJujutsuHigh|move: Light Screen\n|upkeep\n|\n|t:|1700972056\n|switch|p2a: Stakataka|Stakataka|100\/100\n|turn|6\n|\n|t:|1700972066\n|move|p1a: Urshifu|Close Combat|p2a: Stakataka\n|-supereffective|p2a: Stakataka\n|-enditem|p2a: Stakataka|Focus Sash\n|-damage|p2a: Stakataka|1\/100\n|-unboost|p1a: Urshifu|def|1\n|-unboost|p1a: Urshifu|spd|1\n|move|p2a: Stakataka|Trick Room|p2a: Stakataka\n|-fieldstart|move: Trick Room|[of] p2a: Stakataka\n|\n|upkeep\n|turn|7\n|\n|t:|1700972077\n|move|p2a: Stakataka|Gyro Ball|p1a: Urshifu\n|-resisted|p1a: Urshifu\n|-damage|p1a: Urshifu|0 fnt\n|faint|p1a: Urshifu\n|-ability|p2a: Stakataka|Beast Boost|boost\n|-boost|p2a: Stakataka|def|1\n|\n|upkeep\n|\n|t:|1700972086\n|switch|p1a: Iron Valiant|Iron Valiant|100\/100\n|-enditem|p1a: Iron Valiant|Booster Energy\n|-activate|p1a: Iron Valiant|ability: Quark Drive|[fromitem]\n|-start|p1a: Iron Valiant|quarkdrivespe\n|turn|8\n|\n|t:|1700972091\n|move|p2a: Stakataka|Gyro Ball|p1a: Iron Valiant\n|-supereffective|p1a: Iron Valiant\n|-damage|p1a: Iron Valiant|0 fnt\n|faint|p1a: Iron Valiant\n|-end|p1a: Iron Valiant|Quark Drive|[silent]\n|-ability|p2a: Stakataka|Beast Boost|boost\n|-boost|p2a: Stakataka|def|1\n|\n|upkeep\n|\n|t:|1700972095\n|switch|p1a: Heracross|Heracross, F|100\/100\n|turn|9\n|\n|t:|1700972099\n|move|p2a: Stakataka|Gyro Ball|p1a: Heracross\n|-enditem|p1a: Heracross|Focus Sash\n|-damage|p1a: Heracross|1\/100\n|move|p1a: Heracross|Stone Edge|p2a: Stakataka\n|-resisted|p2a: Stakataka\n|-damage|p2a: Stakataka|0 fnt\n|faint|p2a: Stakataka\n|-ability|p1a: Heracross|Moxie|boost\n|-boost|p1a: Heracross|atk|1\n|\n|upkeep\n|\n|t:|1700972106\n|switch|p2a: Scizor|Scizor, M|100\/100\n|turn|10\n|\n|t:|1700972113\n|detailschange|p2a: Scizor|Scizor-Mega, M\n|-mega|p2a: Scizor|Scizor|Scizorite\n|move|p2a: Scizor|Bullet Punch|p1a: Heracross\n|-damage|p1a: Heracross|0 fnt\n|faint|p1a: Heracross\n|\n|-fieldend|move: Trick Room\n|upkeep\n|\n|t:|1700972118\n|switch|p1a: Chi-Yu|Chi-Yu|63\/100\n|-ability|p1a: Chi-Yu|Beads of Ruin\n|turn|11\n|\n|t:|1700972123\n|move|p2a: Scizor|Bullet Punch|p1a: Chi-Yu\n|-resisted|p1a: Chi-Yu\n|-crit|p1a: Chi-Yu\n|-damage|p1a: Chi-Yu|16\/100\n|move|p1a: Chi-Yu|Heat Wave|p2a: Scizor|[miss]\n|-miss|p1a: Chi-Yu|p2a: Scizor\n|\n|upkeep\n|turn|12\n|\n|t:|1700972132\n|move|p2a: Scizor|Bullet Punch|p1a: Chi-Yu\n|-resisted|p1a: Chi-Yu\n|-damage|p1a: Chi-Yu|0 fnt\n|faint|p1a: Chi-Yu\n|\n|upkeep\n|\n|t:|1700972134\n|switch|p1a: Corviknight|Corviknight, M|100\/100\n|-ability|p1a: Corviknight|Pressure\n|turn|13\n|\n|t:|1700972142\n|move|p2a: Scizor|Swords Dance|p2a: Scizor\n|-boost|p2a: Scizor|atk|2\n|move|p1a: Corviknight|Brave Bird|p2a: Scizor\n|-damage|p2a: Scizor|73\/100\n|-damage|p1a: Corviknight|92\/100|[from] Recoil\n|\n|upkeep\n|turn|14\n|\n|t:|1700972160\n|move|p2a: Scizor|Swords Dance|p2a: Scizor\n|-boost|p2a: Scizor|atk|2\n|move|p1a: Corviknight|Iron Head|p2a: Scizor\n|-resisted|p2a: Scizor\n|-damage|p2a: Scizor|63\/100\n|\n|upkeep\n|turn|15\n|\n|t:|1700972168\n|move|p2a: Scizor|Swords Dance|p2a: Scizor\n|-boost|p2a: Scizor|atk|2\n|move|p1a: Corviknight|Brave Bird|p2a: Scizor\n|-damage|p2a: Scizor|36\/100\n|-damage|p1a: Corviknight|85\/100|[from] Recoil\n|\n|upkeep\n|turn|16\n|\n|t:|1700972175\n|move|p2a: Scizor|Roost|p2a: Scizor\n|-heal|p2a: Scizor|86\/100\n|-singleturn|p2a: Scizor|move: Roost\n|move|p1a: Corviknight|Brave Bird|p2a: Scizor\n|-damage|p2a: Scizor|59\/100\n|-damage|p1a: Corviknight|77\/100|[from] Recoil\n|\n|upkeep\n|turn|17\n|\n|t:|1700972181\n|move|p2a: Scizor|Knock Off|p1a: Corviknight\n|-damage|p1a: Corviknight|0 fnt\n|-damage|p2a: Scizor|42\/100|[from] item: Rocky Helmet|[of] p1a: Corviknight\n|-enditem|p1a: Corviknight|Rocky Helmet|[from] move: Knock Off|[of] p2a: Scizor\n|faint|p1a: Corviknight\n|\n|upkeep\n|\n|t:|1700972183\n|switch|p1a: Lechonk|Lechonk, L1, M|100\/100\n|turn|18\n|\n|t:|1700972190\n|move|p2a: Scizor|Knock Off|p1a: Lechonk\n|-enditem|p1a: Lechonk|Focus Sash\n|-damage|p1a: Lechonk|9\/100\n|move|p1a: Lechonk|Endeavor|p2a: Scizor\n|-damage|p2a: Scizor|1\/100\n|\n|upkeep\n|turn|19\n|\n|t:|1700972198\n|move|p1a: Lechonk|Protect|p1a: Lechonk\n|-singleturn|p1a: Lechonk|Protect\n|move|p2a: Scizor|Bullet Punch|p1a: Lechonk\n|-activate|p1a: Lechonk|move: Protect\n|\n|upkeep\n|turn|20\n|\n|t:|1700972209\n|-terastallize|p1a: Lechonk|Normal\n|move|p2a: Scizor|Bullet Punch|p1a: Lechonk\n|-damage|p1a: Lechonk|0 fnt\n|faint|p1a: Lechonk\n|\n|win|TPD DreadNaw\n|raw|iLoveJujutsuHigh's rating: 1137 &rarr; <strong>1106<\/strong><br \/>(-31 for losing)\n|raw|TPD DreadNaw's rating: 1049 &rarr; <strong>1090<\/strong><br \/>(+41 for winning)\n","uploadtime":1700972218,"views":2,"p1id":"ilovejujutsuhigh","p2id":"tpddreadnaw","formatid":"gen9nationaldexubers","rating":1090,"private":0,"password":""}