{"id":"gen9nationaldexubers-1993315308","p1":"BillyBambo64","p2":"if canot","format":"[Gen 9] National Dex Ubers","log":"|j|\u2606BillyBambo64\n|j|\u2606if canot\n|t:|1700296571\n|gametype|singles\n|player|p1|BillyBambo64|101|1536\n|player|p2|if canot|misty-masters|1598\n|teamsize|p1|6\n|teamsize|p2|6\n|gen|9\n|tier|[Gen 9] National Dex Ubers\n|rated|\n|rule|HP Percentage Mod: HP is shown in percentages\n|rule|Endless Battle Clause: Forcing endless battles is banned\n|rule|OHKO Clause: OHKO moves are banned\n|rule|Evasion Moves Clause: Evasion moves are banned\n|rule|Evasion Items Clause: Evasion items are banned\n|rule|Species Clause: Limit one of each Pok\u00e9mon\n|rule|Sleep Clause Mod: Limit one foe put to sleep\n|rule|Mega Rayquaza Clause: You cannot mega evolve Rayquaza\n|clearpoke\n|poke|p1|Victini|\n|poke|p1|Groudon|\n|poke|p1|Mawile, M|\n|poke|p1|Arceus-Ground|\n|poke|p1|Flutter Mane|\n|poke|p1|Zacian-*|\n|poke|p2|Hatterene, F|\n|poke|p2|Porygon2|\n|poke|p2|Cresselia, F|\n|poke|p2|Arceus-Poison|\n|poke|p2|Melmetal|\n|poke|p2|Kyogre|\n|teampreview\n|inactive|Battle timer is ON: inactive players will automatically lose when time's up. (requested by if canot)\n|\n|t:|1700296586\n|start\n|switch|p1a: Groudon|Groudon|100\/100\n|switch|p2a: 3D\u9f99Il\u578b\u8089\u5230\u6b7b\uff0c\u62cd\u843d\u9664\u5916|Porygon2|100\/100\n|-ability|p2a: 3D\u9f99Il\u578b\u8089\u5230\u6b7b\uff0c\u62cd\u843d\u9664\u5916|Download|boost\n|-boost|p2a: 3D\u9f99Il\u578b\u8089\u5230\u6b7b\uff0c\u62cd\u843d\u9664\u5916|spa|1\n|detailschange|p1a: Groudon|Groudon-Primal\n|-primal|p1a: Groudon|Red Orb\n|-weather|DesolateLand|[from] ability: Desolate Land|[of] p1a: Groudon\n|turn|1\n|\n|t:|1700296593\n|move|p1a: Groudon|Bulk Up|p1a: Groudon\n|-boost|p1a: Groudon|atk|1\n|-boost|p1a: Groudon|def|1\n|move|p2a: 3D\u9f99Il\u578b\u8089\u5230\u6b7b\uff0c\u62cd\u843d\u9664\u5916|Trick Room|p2a: 3D\u9f99Il\u578b\u8089\u5230\u6b7b\uff0c\u62cd\u843d\u9664\u5916\n|-fieldstart|move: Trick Room|[of] p2a: 3D\u9f99Il\u578b\u8089\u5230\u6b7b\uff0c\u62cd\u843d\u9664\u5916\n|\n|-weather|DesolateLand|[upkeep]\n|upkeep\n|turn|2\n|\n|t:|1700296598\n|move|p1a: Groudon|Heat Crash|p2a: 3D\u9f99Il\u578b\u8089\u5230\u6b7b\uff0c\u62cd\u843d\u9664\u5916\n|-damage|p2a: 3D\u9f99Il\u578b\u8089\u5230\u6b7b\uff0c\u62cd\u843d\u9664\u5916|11\/100\n|move|p2a: 3D\u9f99Il\u578b\u8089\u5230\u6b7b\uff0c\u62cd\u843d\u9664\u5916|Teleport|p2a: 3D\u9f99Il\u578b\u8089\u5230\u6b7b\uff0c\u62cd\u843d\u9664\u5916\n|\n|t:|1700296603\n|switch|p2a: \u4f60\u662f\uff1fl|Kyogre|100\/100|[from] Teleport\n|detailschange|p2a: \u4f60\u662f\uff1fl|Kyogre-Primal\n|-primal|p2a: \u4f60\u662f\uff1fl|Blue Orb\n|-weather|PrimordialSea|[from] ability: Primordial Sea|[of] p2a: \u4f60\u662f\uff1fl\n|\n|-weather|PrimordialSea|[upkeep]\n|upkeep\n|turn|3\n|\n|t:|1700296608\n|move|p2a: \u4f60\u662f\uff1fl|Water Spout|p1a: Groudon\n|-supereffective|p1a: Groudon\n|-damage|p1a: Groudon|0 fnt\n|faint|p1a: Groudon\n|\n|-weather|PrimordialSea|[upkeep]\n|upkeep\n|\n|t:|1700296617\n|switch|p1a: Flutter Mane|Flutter Mane|100\/100\n|turn|4\n|\n|t:|1700296623\n|move|p2a: \u4f60\u662f\uff1fl|Water Spout|p1a: Flutter Mane\n|-damage|p1a: Flutter Mane|0 fnt\n|faint|p1a: Flutter Mane\n|-end|p1a: Flutter Mane|Protosynthesis|[silent]\n|\n|-weather|PrimordialSea|[upkeep]\n|upkeep\n|\n|t:|1700296629\n|switch|p1a: Arceus|Arceus-Ground|100\/100\n|turn|5\n|c|\u2606if canot|why\uff1f\n|\n|t:|1700296633\n|move|p2a: \u4f60\u662f\uff1fl|Water Spout|p1a: Arceus\n|-supereffective|p1a: Arceus\n|-damage|p1a: Arceus|0 fnt\n|faint|p1a: Arceus\n|\n|-weather|PrimordialSea|[upkeep]\n|-fieldend|move: Trick Room\n|upkeep\n|\n|t:|1700296635\n|switch|p1a: Victini|Victini|100\/100\n|turn|6\n|\n|t:|1700296642\n|move|p1a: Victini|Final Gambit|p2a: \u4f60\u662f\uff1fl\n|-damage|p2a: \u4f60\u662f\uff1fl|0 fnt\n|faint|p1a: Victini\n|faint|p2a: \u4f60\u662f\uff1fl\n|-weather|none\n|\n|upkeep\n|\n|t:|1700296650\n|switch|p1a: Mawile|Mawile, M|100\/100\n|switch|p2a: \u9b54\u5973\u5e3d\u5b50\uff0c\u53ea\u4f1a\u9001\u6b7b|Hatterene, F|100\/100\n|-ability|p1a: Mawile|Intimidate|boost\n|-unboost|p2a: \u9b54\u5973\u5e3d\u5b50\uff0c\u53ea\u4f1a\u9001\u6b7b|atk|1\n|turn|7\n|\n|t:|1700296656\n|move|p1a: Mawile|Swords Dance|p1a: Mawile\n|-boost|p1a: Mawile|atk|2\n|move|p2a: \u9b54\u5973\u5e3d\u5b50\uff0c\u53ea\u4f1a\u9001\u6b7b|Trick Room|p2a: \u9b54\u5973\u5e3d\u5b50\uff0c\u53ea\u4f1a\u9001\u6b7b\n|-fieldstart|move: Trick Room|[of] p2a: \u9b54\u5973\u5e3d\u5b50\uff0c\u53ea\u4f1a\u9001\u6b7b\n|\n|upkeep\n|turn|8\n|\n|t:|1700296663\n|detailschange|p1a: Mawile|Mawile-Mega, M\n|-mega|p1a: Mawile|Mawile|Mawilite\n|move|p2a: \u9b54\u5973\u5e3d\u5b50\uff0c\u53ea\u4f1a\u9001\u6b7b|Healing Wish|p2a: \u9b54\u5973\u5e3d\u5b50\uff0c\u53ea\u4f1a\u9001\u6b7b\n|faint|p2a: \u9b54\u5973\u5e3d\u5b50\uff0c\u53ea\u4f1a\u9001\u6b7b\n|move|p1a: Mawile|Swords Dance|p1a: Mawile\n|-boost|p1a: Mawile|atk|2\n|\n|upkeep\n|\n|t:|1700296668\n|switch|p2a: \u5854\u7237\u7684\u7269\u653b\u5df2\u7ecf\u6765\u5230\u4e8613000\u70b9|Melmetal|100\/100\n|turn|9\n|\n|t:|1700296673\n|-terastallize|p2a: \u5854\u7237\u7684\u7269\u653b\u5df2\u7ecf\u6765\u5230\u4e8613000\u70b9|Steel\n|move|p1a: Mawile|Sucker Punch|p2a: \u5854\u7237\u7684\u7269\u653b\u5df2\u7ecf\u6765\u5230\u4e8613000\u70b9\n|-damage|p2a: \u5854\u7237\u7684\u7269\u653b\u5df2\u7ecf\u6765\u5230\u4e8613000\u70b9|26\/100\n|move|p2a: \u5854\u7237\u7684\u7269\u653b\u5df2\u7ecf\u6765\u5230\u4e8613000\u70b9|Double Iron Bash|p1a: Mawile\n|-damage|p1a: Mawile|18\/100\n|-damage|p1a: Mawile|0 fnt\n|faint|p1a: Mawile\n|-hitcount|p1: Mawile|2\n|\n|upkeep\n|\n|t:|1700296681\n|switch|p1a: Zacian|Zacian-Crowned|100\/100\n|-ability|p1a: Zacian|Intrepid Sword|boost\n|-boost|p1a: Zacian|atk|1\n|turn|10\n|\n|t:|1700296686\n|-terastallize|p1a: Zacian|Ground\n|move|p2a: \u5854\u7237\u7684\u7269\u653b\u5df2\u7ecf\u6765\u5230\u4e8613000\u70b9|Double Iron Bash|p1a: Zacian\n|-damage|p1a: Zacian|12\/100\n|-damage|p1a: Zacian|0 fnt\n|faint|p1a: Zacian\n|-hitcount|p1: Zacian|2\n|\n|win|if canot\n|raw|BillyBambo64's rating: 1536 &rarr; <strong>1520<\/strong><br \/>(-16 for losing)\n|raw|if canot's rating: 1598 &rarr; <strong>1614<\/strong><br \/>(+16 for winning)\n","uploadtime":1700296692,"views":14,"p1id":"billybambo64","p2id":"ifcanot","formatid":"gen9nationaldexubers","rating":1520,"private":0,"password":""}