{"id":"gen9nationaldexubers-1994508575","p1":"legomagic007","p2":"blownmind00","format":"[Gen 9] National Dex Ubers","log":"|j|\u2606legomagic007\n|j|\u2606blownmind00\n|t:|1700452319\n|gametype|singles\n|player|p1|legomagic007|nate|1091\n|player|p2|blownmind00|dawn|1072\n|teamsize|p1|6\n|teamsize|p2|6\n|gen|9\n|tier|[Gen 9] National Dex Ubers\n|rated|\n|rule|HP Percentage Mod: HP is shown in percentages\n|rule|Endless Battle Clause: Forcing endless battles is banned\n|rule|OHKO Clause: OHKO moves are banned\n|rule|Evasion Moves Clause: Evasion moves are banned\n|rule|Evasion Items Clause: Evasion items are banned\n|rule|Species Clause: Limit one of each Pok\u00e9mon\n|rule|Sleep Clause Mod: Limit one foe put to sleep\n|rule|Mega Rayquaza Clause: You cannot mega evolve Rayquaza\n|clearpoke\n|poke|p1|Dragapult, M|\n|poke|p1|Rotom-Wash|\n|poke|p1|Grimmsnarl, M|\n|poke|p1|Sneasler, F|\n|poke|p1|Porygon-Z|\n|poke|p1|Baxcalibur, F|\n|poke|p2|Magnemite, L1|\n|poke|p2|Kyogre|\n|poke|p2|Pineco, L1, F|\n|poke|p2|Liepard, F|\n|poke|p2|Ditto|\n|poke|p2|Skarmory, L1, F|\n|teampreview\n|\n|t:|1700452324\n|start\n|switch|p1a: Dragapult|Dragapult, M|100\/100\n|switch|p2a: A bit troll|Pineco, L1, F, shiny|100\/100\n|turn|1\n|inactive|Battle timer is ON: inactive players will automatically lose when time's up. (requested by legomagic007)\n|\n|t:|1700452331\n|move|p1a: Dragapult|U-turn|p2a: A bit troll\n|-ability|p2a: A bit troll|Sturdy\n|-damage|p2a: A bit troll|9\/100\n|-enditem|p2a: A bit troll|Berry Juice\n|-heal|p2a: A bit troll|100\/100|[from] item: Berry Juice\n|\n|t:|1700452338\n|switch|p1a: Sneasler|Sneasler, F|100\/100|[from] U-turn\n|move|p2a: A bit troll|Stealth Rock|p1a: Sneasler\n|-sidestart|p1: legomagic007|move: Stealth Rock\n|\n|upkeep\n|turn|2\n|\n|t:|1700452345\n|move|p1a: Sneasler|U-turn|p2a: A bit troll\n|-ability|p2a: A bit troll|Sturdy\n|-damage|p2a: A bit troll|9\/100\n|\n|t:|1700452351\n|switch|p1a: Dragapult|Dragapult, M|100\/100|[from] U-turn\n|move|p2a: A bit troll|Pain Split|p1a: Dragapult\n|-sethp|p1a: Dragapult|51\/100|[from] move: Pain Split|[silent]\n|-sethp|p2a: A bit troll|100\/100|[from] move: Pain Split\n|\n|upkeep\n|turn|3\n|\n|t:|1700452362\n|move|p1a: Dragapult|Shadow Ball|p2a: A bit troll\n|-ability|p2a: A bit troll|Sturdy\n|-damage|p2a: A bit troll|9\/100\n|-unboost|p2a: A bit troll|spd|1\n|move|p2a: A bit troll|Pain Split|p1a: Dragapult\n|-sethp|p1a: Dragapult|26\/100|[from] move: Pain Split|[silent]\n|-sethp|p2a: A bit troll|100\/100|[from] move: Pain Split\n|\n|upkeep\n|turn|4\n|\n|t:|1700452370\n|move|p1a: Dragapult|U-turn|p2a: A bit troll\n|-ability|p2a: A bit troll|Sturdy\n|-damage|p2a: A bit troll|9\/100\n|\n|t:|1700452376\n|switch|p1a: Baxcalibur|Baxcalibur, F|100\/100|[from] U-turn\n|-damage|p1a: Baxcalibur|76\/100|[from] Stealth Rock\n|move|p2a: A bit troll|Pain Split|p1a: Baxcalibur\n|-sethp|p1a: Baxcalibur|38\/100|[from] move: Pain Split|[silent]\n|-sethp|p2a: A bit troll|100\/100|[from] move: Pain Split\n|\n|upkeep\n|turn|5\n|\n|t:|1700452385\n|move|p1a: Baxcalibur|Scale Shot|p2a: A bit troll\n|-ability|p2a: A bit troll|Sturdy\n|-damage|p2a: A bit troll|9\/100\n|-damage|p2a: A bit troll|0 fnt\n|faint|p2a: A bit troll\n|-hitcount|p2: A bit troll|2\n|-unboost|p1a: Baxcalibur|def|1\n|-boost|p1a: Baxcalibur|spe|1\n|\n|upkeep\n|\n|t:|1700452397\n|switch|p2a: Ditto perfect wife|Ditto, shiny|100\/100\n|-transform|p2a: Ditto perfect wife|p1a: Baxcalibur|[from] ability: Imposter\n|turn|6\n|\n|t:|1700452404\n|-terastallize|p1a: Baxcalibur|Ground\n|move|p2a: Ditto perfect wife|Icicle Spear|p1a: Baxcalibur\n|-supereffective|p1a: Baxcalibur\n|-damage|p1a: Baxcalibur|0 fnt\n|faint|p1a: Baxcalibur\n|-hitcount|p1: Baxcalibur|1\n|\n|upkeep\n|c|\u2606legomagic007|you're dead i'll burn u alive\n|n|\u203dlegomagic007|legomagic007\n|c|&|\/log legomagic007 was locked from talking by Artemis. (\u2606legomagic007: you're dead i'll burn u alive)\n|c|&|\/raw <small>This action was done automatically. Want to learn more about the AI? <a href=\"https:\/\/www.smogon.com\/forums\/threads\/3570628\/#post-9056769\">Visit the information thread<\/a>.<\/small>\n|c|\u2606blownmind00|hhahahaaha\n|-message|legomagic007 forfeited.\n|\n|win|blownmind00\n|raw|legomagic007's rating: 1091 &rarr; <strong>1066<\/strong><br \/>(-25 for losing)\n|raw|blownmind00's rating: 1072 &rarr; <strong>1103<\/strong><br \/>(+31 for winning)\n","uploadtime":1700452420,"views":3,"p1id":"legomagic007","p2id":"blownmind00","formatid":"gen9nationaldexubers","rating":1066,"private":0,"password":""}