{"id":"gen9nationaldexubers-1980047244","p1":"1 em trach thu","p2":"09-10a","format":"[Gen 9] National Dex Ubers","log":"|j|\u26061 em trach thu\n|j|\u260609-10a\n|t:|1698751285\n|gametype|singles\n|player|p1|1 em trach thu|169|1654\n|player|p2|09-10a|schoolkid-gen4dp|1743\n|teamsize|p1|6\n|teamsize|p2|6\n|gen|9\n|tier|[Gen 9] National Dex Ubers\n|rated|\n|rule|HP Percentage Mod: HP is shown in percentages\n|rule|Endless Battle Clause: Forcing endless battles is banned\n|rule|OHKO Clause: OHKO moves are banned\n|rule|Evasion Moves Clause: Evasion moves are banned\n|rule|Evasion Items Clause: Evasion items are banned\n|rule|Species Clause: Limit one of each Pok\u00e9mon\n|rule|Sleep Clause Mod: Limit one foe put to sleep\n|rule|Mega Rayquaza Clause: You cannot mega evolve Rayquaza\n|clearpoke\n|poke|p1|Kyogre|\n|poke|p1|Groudon|\n|poke|p1|Zacian-*|\n|poke|p1|Arceus|\n|poke|p1|Rayquaza|\n|poke|p1|Banette, F|\n|poke|p2|Eternatus|\n|poke|p2|Arceus-Fairy|\n|poke|p2|Necrozma-Dusk-Mane|\n|poke|p2|Groudon, L99|\n|poke|p2|Marshadow|\n|poke|p2|Zygarde|\n|teampreview\n|inactive|Battle timer is ON: inactive players will automatically lose when time's up. (requested by 09-10a)\n|inactive|09-10a has 120 seconds left.\n|\n|t:|1698751323\n|start\n|switch|p1a: Arceus|Arceus|100\/100\n|switch|p2a: Marshadow|Marshadow|100\/100\n|turn|1\n|\n|t:|1698751330\n|move|p1a: Arceus|Toxic|p2a: Marshadow\n|-status|p2a: Marshadow|tox\n|move|p2a: Marshadow|Close Combat|p1a: Arceus\n|-supereffective|p1a: Arceus\n|-damage|p1a: Arceus|0 fnt\n|-unboost|p2a: Marshadow|def|1\n|-unboost|p2a: Marshadow|spd|1\n|faint|p1a: Arceus\n|\n|-damage|p2a: Marshadow|94\/100 tox|[from] psn\n|upkeep\n|\n|t:|1698751343\n|switch|p1a: Zacian|Zacian-Crowned|100\/100\n|-ability|p1a: Zacian|Intrepid Sword|boost\n|-boost|p1a: Zacian|atk|1\n|turn|2\n|\n|t:|1698751356\n|move|p1a: Zacian|Play Rough|p2a: Marshadow|[miss]\n|-miss|p1a: Zacian|p2a: Marshadow\n|move|p2a: Marshadow|Close Combat|p1a: Zacian\n|-damage|p1a: Zacian|9\/100\n|-unboost|p2a: Marshadow|def|1\n|-unboost|p2a: Marshadow|spd|1\n|\n|-damage|p2a: Marshadow|82\/100 tox|[from] psn\n|upkeep\n|turn|3\n|\n|t:|1698751367\n|switch|p2a: Necrozma|Necrozma-Dusk-Mane, shiny|100\/100\n|move|p1a: Zacian|Play Rough|p2a: Necrozma\n|-resisted|p2a: Necrozma\n|-damage|p2a: Necrozma|71\/100\n|\n|upkeep\n|turn|4\n|\n|t:|1698751375\n|-terastallize|p1a: Zacian|Ground\n|move|p1a: Zacian|Tera Blast|p2a: Necrozma|[anim] Tera Blast Ground\n|-supereffective|p2a: Necrozma\n|-damage|p2a: Necrozma|0 fnt\n|faint|p2a: Necrozma\n|\n|upkeep\n|\n|t:|1698751378\n|switch|p2a: Marshadow|Marshadow|82\/100 tox\n|turn|5\n|\n|t:|1698751384\n|switch|p1a: Groudon|Groudon|100\/100\n|detailschange|p1a: Groudon|Groudon-Primal\n|-primal|p1a: Groudon|Red Orb\n|-weather|DesolateLand|[from] ability: Desolate Land|[of] p1a: Groudon\n|move|p2a: Marshadow|Shadow Sneak|p1a: Groudon\n|-damage|p1a: Groudon|71\/100\n|\n|-weather|DesolateLand|[upkeep]\n|-damage|p2a: Marshadow|76\/100 tox|[from] psn\n|upkeep\n|turn|6\n|\n|t:|1698751407\n|switch|p2a: Zygarde|Zygarde, shiny|100\/100\n|move|p1a: Groudon|Earthquake|p2a: Zygarde\n|-damage|p2a: Zygarde|54\/100\n|\n|-weather|DesolateLand|[upkeep]\n|-heal|p2a: Zygarde|60\/100|[from] item: Leftovers\n|upkeep\n|turn|7\n|\n|t:|1698751418\n|-weather|none\n|switch|p1a: Zacian|Zacian-Crowned, tera:Ground|9\/100\n|move|p2a: Zygarde|Thousand Arrows|p1a: Zacian\n|-damage|p1a: Zacian|0 fnt\n|faint|p1a: Zacian\n|\n|-heal|p2a: Zygarde|66\/100|[from] item: Leftovers\n|upkeep\n|\n|t:|1698751429\n|switch|p1a: Kyogre|Kyogre|100\/100\n|detailschange|p1a: Kyogre|Kyogre-Primal\n|-primal|p1a: Kyogre|Blue Orb\n|-weather|PrimordialSea|[from] ability: Primordial Sea|[of] p1a: Kyogre\n|turn|8\n|\n|t:|1698751445\n|switch|p2a: Eternatus|Eternatus|100\/100\n|-ability|p2a: Eternatus|Pressure\n|move|p1a: Kyogre|Ice Beam|p2a: Eternatus\n|-supereffective|p2a: Eternatus\n|-damage|p2a: Eternatus|58\/100\n|-status|p2a: Eternatus|frz\n|\n|-weather|PrimordialSea|[upkeep]\n|upkeep\n|turn|9\n|\n|t:|1698751455\n|switch|p2a: Groudon|Groudon, L99, shiny|100\/100\n|detailschange|p2a: Groudon|Groudon-Primal, L99, shiny\n|-primal|p2a: Groudon|Red Orb\n|-weather|DesolateLand|[from] ability: Desolate Land|[of] p2a: Groudon\n|move|p1a: Kyogre|Ice Beam|p2a: Groudon\n|-damage|p2a: Groudon|70\/100\n|\n|-weather|DesolateLand|[upkeep]\n|upkeep\n|turn|10\n|\n|t:|1698751466\n|move|p1a: Kyogre|Hidden Power|p2a: Groudon\n|-supereffective|p2a: Groudon\n|-damage|p2a: Groudon|32\/100\n|move|p2a: Groudon|Rock Tomb|p1a: Kyogre\n|-damage|p1a: Kyogre|77\/100\n|-unboost|p1a: Kyogre|spe|1\n|\n|-weather|DesolateLand|[upkeep]\n|upkeep\n|turn|11\n|\n|t:|1698751475\n|switch|p1a: Rayquaza|Rayquaza|100\/100\n|-ability|p1a: Rayquaza|Air Lock\n|move|p2a: Groudon|Stealth Rock|p1a: Rayquaza\n|-sidestart|p1: 1 em trach thu|move: Stealth Rock\n|\n|-weather|DesolateLand|[upkeep]\n|upkeep\n|turn|12\n|\n|t:|1698751482\n|move|p1a: Rayquaza|Surf|p2a: Groudon\n|-supereffective|p2a: Groudon\n|-damage|p2a: Groudon|0 fnt\n|faint|p2a: Groudon\n|-weather|none\n|\n|upkeep\n|\n|t:|1698751494\n|switch|p2a: Arceus|Arceus-Fairy|100\/100\n|turn|13\n|\n|t:|1698751502\n|switch|p1a: Groudon|Groudon-Primal|71\/100\n|-damage|p1a: Groudon|59\/100|[from] Stealth Rock\n|-weather|DesolateLand|[from] ability: Desolate Land|[of] p1a: Groudon\n|move|p2a: Arceus|Judgment|p1a: Groudon\n|-resisted|p1a: Groudon\n|-damage|p1a: Groudon|32\/100\n|\n|-weather|DesolateLand|[upkeep]\n|upkeep\n|turn|14\n|\n|t:|1698751515\n|move|p2a: Arceus|Judgment|p1a: Groudon\n|-resisted|p1a: Groudon\n|-crit|p1a: Groudon\n|-damage|p1a: Groudon|0 fnt\n|faint|p1a: Groudon\n|-weather|none\n|\n|upkeep\n|\n|t:|1698751524\n|switch|p1a: Kyogre|Kyogre-Primal|77\/100\n|-damage|p1a: Kyogre|65\/100|[from] Stealth Rock\n|-weather|PrimordialSea|[from] ability: Primordial Sea|[of] p1a: Kyogre\n|turn|15\n|\n|t:|1698751551\n|switch|p2a: Eternatus|Eternatus|58\/100 frz\n|-ability|p2a: Eternatus|Pressure\n|move|p1a: Kyogre|Surf|p2a: Eternatus\n|-resisted|p2a: Eternatus\n|-damage|p2a: Eternatus|30\/100 frz\n|\n|-weather|PrimordialSea|[upkeep]\n|upkeep\n|turn|16\n|\n|t:|1698751560\n|-curestatus|p2a: Eternatus|frz|[msg]\n|move|p2a: Eternatus|Toxic Spikes|p1a: Kyogre\n|-sidestart|p1: 1 em trach thu|move: Toxic Spikes\n|move|p1a: Kyogre|Ice Beam|p2a: Eternatus\n|-supereffective|p2a: Eternatus\n|-damage|p2a: Eternatus|0 fnt\n|faint|p2a: Eternatus\n|\n|-weather|PrimordialSea|[upkeep]\n|upkeep\n|\n|t:|1698751565\n|switch|p2a: Marshadow|Marshadow|76\/100 tox\n|turn|17\n|\n|t:|1698751578\n|-weather|none\n|switch|p1a: Banette|Banette, F|100\/100\n|-damage|p1a: Banette|88\/100|[from] Stealth Rock\n|-status|p1a: Banette|psn\n|-item|p2a: Marshadow|Choice Band|[from] ability: Frisk|[of] p1a: Banette|[identify]\n|move|p2a: Marshadow|Poltergeist|p1a: Banette\n|-activate|p1a: Banette|move: Poltergeist|Banettite\n|-supereffective|p1a: Banette\n|-damage|p1a: Banette|0 fnt\n|faint|p1a: Banette\n|\n|-damage|p2a: Marshadow|69\/100 tox|[from] psn\n|upkeep\n|\n|t:|1698751594\n|switch|p1a: Kyogre|Kyogre-Primal|65\/100\n|-damage|p1a: Kyogre|52\/100|[from] Stealth Rock\n|-status|p1a: Kyogre|psn\n|-weather|PrimordialSea|[from] ability: Primordial Sea|[of] p1a: Kyogre\n|turn|18\n|\n|t:|1698751609\n|move|p2a: Marshadow|Poltergeist|p1a: Kyogre\n|-activate|p1a: Kyogre|move: Poltergeist|Blue Orb\n|-damage|p1a: Kyogre|0 fnt\n|faint|p1a: Kyogre\n|-weather|none\n|\n|-damage|p2a: Marshadow|57\/100 tox|[from] psn\n|upkeep\n|\n|t:|1698751618\n|switch|p1a: Rayquaza|Rayquaza|100\/100\n|-damage|p1a: Rayquaza|76\/100|[from] Stealth Rock\n|-ability|p1a: Rayquaza|Air Lock\n|turn|19\n|\n|t:|1698751632\n|move|p2a: Marshadow|Poltergeist|p1a: Rayquaza\n|-activate|p1a: Rayquaza|move: Poltergeist|Focus Sash\n|-damage|p1a: Rayquaza|0 fnt\n|faint|p1a: Rayquaza\n|\n|win|09-10a\n|raw|1 em trach thu's rating: 1654 &rarr; <strong>1639<\/strong><br \/>(-15 for losing)\n|raw|09-10a's rating: 1750 &rarr; <strong>1765<\/strong><br \/>(+15 for winning)\n|l|\u260609-10a\n|l|\u26061 em trach thu\n","uploadtime":1698751668,"views":9,"p1id":"1emtrachthu","p2id":"0910a","formatid":"gen9nationaldexubers","rating":1639,"private":0,"password":""}