{"id":"gen9nationaldexubers-1986200263","p1":"Walter black 0000","p2":"xinnobu","format":"[Gen 9] National Dex Ubers","log":"|j|\u2606Walter black 0000\n|j|\u2606xinnobu\n|t:|1699459263\n|gametype|singles\n|player|p1|Walter black 0000|lance-gen2|1729\n|player|p2|xinnobu|elesa-gen5bw2|1731\n|teamsize|p1|6\n|teamsize|p2|6\n|gen|9\n|tier|[Gen 9] National Dex Ubers\n|rated|\n|rule|HP Percentage Mod: HP is shown in percentages\n|rule|Endless Battle Clause: Forcing endless battles is banned\n|rule|OHKO Clause: OHKO moves are banned\n|rule|Evasion Moves Clause: Evasion moves are banned\n|rule|Evasion Items Clause: Evasion items are banned\n|rule|Species Clause: Limit one of each Pok\u00e9mon\n|rule|Sleep Clause Mod: Limit one foe put to sleep\n|rule|Mega Rayquaza Clause: You cannot mega evolve Rayquaza\n|clearpoke\n|poke|p1|Zekrom|\n|poke|p1|Kingambit, M|\n|poke|p1|Ditto|\n|poke|p1|Skeledirge, F|\n|poke|p1|Arceus-Dark|\n|poke|p1|Necrozma-Dusk-Mane|\n|poke|p2|Glimmora, F|\n|poke|p2|Xerneas-*|\n|poke|p2|Groudon|\n|poke|p2|Yveltal|\n|poke|p2|Kyogre|\n|poke|p2|Zacian-*|\n|teampreview\n|inactive|Battle timer is ON: inactive players will automatically lose when time's up. (requested by Walter black 0000)\n|\n|t:|1699459270\n|start\n|switch|p1a: Necrozma|Necrozma-Dusk-Mane, shiny|100\/100\n|switch|p2a: Glimmora|Glimmora, F|100\/100\n|turn|1\n|\n|t:|1699459278\n|move|p2a: Glimmora|Mud Shot|p1a: Necrozma\n|-supereffective|p1a: Necrozma\n|-damage|p1a: Necrozma|71\/100\n|-unboost|p1a: Necrozma|spe|1\n|move|p1a: Necrozma|Stealth Rock|p2a: Glimmora\n|-sidestart|p2: xinnobu|move: Stealth Rock\n|\n|upkeep\n|turn|2\n|\n|t:|1699459285\n|move|p2a: Glimmora|Stealth Rock|p1a: Necrozma\n|-sidestart|p1: Walter black 0000|move: Stealth Rock\n|move|p1a: Necrozma|Dragon Pulse|p2a: Glimmora\n|-damage|p2a: Glimmora|64\/100\n|\n|upkeep\n|turn|3\n|\n|t:|1699459292\n|move|p2a: Glimmora|Mud Shot|p1a: Necrozma|[miss]\n|-miss|p2a: Glimmora|p1a: Necrozma\n|move|p1a: Necrozma|Earth Power|p2a: Glimmora\n|-supereffective|p2a: Glimmora\n|-damage|p2a: Glimmora|0 fnt\n|faint|p2a: Glimmora\n|\n|upkeep\n|\n|t:|1699459302\n|switch|p2a: Groudon|Groudon|100\/100\n|-damage|p2a: Groudon|94\/100|[from] Stealth Rock\n|detailschange|p2a: Groudon|Groudon-Primal\n|-primal|p2a: Groudon|Red Orb\n|-weather|DesolateLand|[from] ability: Desolate Land|[of] p2a: Groudon\n|turn|4\n|j| Incredible Gassy\n|\n|t:|1699459313\n|switch|p1a: Arceus|Arceus-Dark|100\/100\n|-damage|p1a: Arceus|88\/100|[from] Stealth Rock\n|move|p2a: Groudon|Precipice Blades|p1a: Arceus\n|-damage|p1a: Arceus|30\/100\n|\n|-weather|DesolateLand|[upkeep]\n|upkeep\n|turn|5\n|\n|t:|1699459320\n|-weather|none\n|switch|p2a: Xerneas|Xerneas|100\/100\n|-damage|p2a: Xerneas|88\/100|[from] Stealth Rock\n|-ability|p2a: Xerneas|Fairy Aura\n|move|p1a: Arceus|Foul Play|p2a: Xerneas\n|-resisted|p2a: Xerneas\n|-damage|p2a: Xerneas|70\/100\n|\n|upkeep\n|turn|6\n|\n|t:|1699459329\n|switch|p1a: Skeledirge|Skeledirge, F|100\/100\n|move|p2a: Xerneas|Substitute|p2a: Xerneas\n|-start|p2a: Xerneas|Substitute\n|-damage|p2a: Xerneas|45\/100\n|\n|upkeep\n|turn|7\n|\n|t:|1699459334\n|move|p2a: Xerneas|Moonblast|p1a: Skeledirge\n|-resisted|p1a: Skeledirge\n|-damage|p1a: Skeledirge|78\/100\n|move|p1a: Skeledirge|Torch Song|p2a: Xerneas\n|-damage|p2a: Xerneas|20\/100\n|-boost|p1a: Skeledirge|spa|1\n|\n|upkeep\n|turn|8\n|\n|t:|1699459346\n|move|p2a: Xerneas|Psyshock|p1a: Skeledirge\n|-damage|p1a: Skeledirge|55\/100\n|move|p1a: Skeledirge|Will-O-Wisp|p2a: Xerneas|[miss]\n|-miss|p1a: Skeledirge|p2a: Xerneas\n|\n|upkeep\n|turn|9\n|\n|t:|1699459352\n|move|p2a: Xerneas|Moonblast|p1a: Skeledirge\n|-resisted|p1a: Skeledirge\n|-damage|p1a: Skeledirge|32\/100\n|-unboost|p1a: Skeledirge|spa|1\n|move|p1a: Skeledirge|Slack Off|p1a: Skeledirge\n|-heal|p1a: Skeledirge|82\/100\n|\n|upkeep\n|turn|10\n|\n|t:|1699459359\n|move|p2a: Xerneas|Moonblast|p1a: Skeledirge\n|-resisted|p1a: Skeledirge\n|-damage|p1a: Skeledirge|58\/100\n|move|p1a: Skeledirge|Torch Song|p2a: Xerneas\n|-crit|p2a: Xerneas\n|-damage|p2a: Xerneas|0 fnt\n|-boost|p1a: Skeledirge|spa|1\n|faint|p2a: Xerneas\n|\n|upkeep\n|\n|t:|1699459368\n|switch|p2a: Kyogre|Kyogre|100\/100\n|-damage|p2a: Kyogre|88\/100|[from] Stealth Rock\n|detailschange|p2a: Kyogre|Kyogre-Primal\n|-primal|p2a: Kyogre|Blue Orb\n|-weather|PrimordialSea|[from] ability: Primordial Sea|[of] p2a: Kyogre\n|turn|11\n|\n|t:|1699459378\n|move|p2a: Kyogre|Water Spout|p1a: Skeledirge\n|-supereffective|p1a: Skeledirge\n|-damage|p1a: Skeledirge|0 fnt\n|faint|p1a: Skeledirge\n|\n|-weather|PrimordialSea|[upkeep]\n|upkeep\n|\n|t:|1699459389\n|switch|p1a: Zekrom|Zekrom|100\/100\n|-damage|p1a: Zekrom|88\/100|[from] Stealth Rock\n|-ability|p1a: Zekrom|Teravolt\n|turn|12\n|j| AGisgood\u82cd\u54cd\u4fa0\n|\n|t:|1699459394\n|move|p1a: Zekrom|Dragon Dance|p1a: Zekrom\n|-boost|p1a: Zekrom|atk|1\n|-boost|p1a: Zekrom|spe|1\n|move|p2a: Kyogre|Ice Beam|p1a: Zekrom\n|-supereffective|p1a: Zekrom\n|-damage|p1a: Zekrom|10\/100\n|\n|-weather|PrimordialSea|[upkeep]\n|upkeep\n|turn|13\n|\n|t:|1699459417\n|move|p1a: Zekrom|Bolt Strike|p2a: Kyogre\n|-supereffective|p2a: Kyogre\n|-damage|p2a: Kyogre|0 fnt\n|faint|p2a: Kyogre\n|-weather|none\n|\n|upkeep\n|\n|t:|1699459422\n|switch|p2a: Yveltal|Yveltal|100\/100\n|-damage|p2a: Yveltal|76\/100|[from] Stealth Rock\n|-ability|p2a: Yveltal|Dark Aura\n|turn|14\n|\n|t:|1699459428\n|move|p2a: Yveltal|Sucker Punch||[still]\n|-fail|p2a: Yveltal\n|move|p1a: Zekrom|Dragon Dance|p1a: Zekrom\n|-boost|p1a: Zekrom|atk|1\n|-boost|p1a: Zekrom|spe|1\n|\n|upkeep\n|turn|15\n|l| AGisgood\u82cd\u54cd\u4fa0\n|\n|t:|1699459433\n|move|p2a: Yveltal|Sucker Punch||[still]\n|-fail|p2a: Yveltal\n|move|p1a: Zekrom|Dragon Dance|p1a: Zekrom\n|-boost|p1a: Zekrom|atk|1\n|-boost|p1a: Zekrom|spe|1\n|\n|upkeep\n|turn|16\n|\n|t:|1699459439\n|move|p2a: Yveltal|Sucker Punch||[still]\n|-fail|p2a: Yveltal\n|move|p1a: Zekrom|Dragon Dance|p1a: Zekrom\n|-boost|p1a: Zekrom|atk|1\n|-boost|p1a: Zekrom|spe|1\n|\n|upkeep\n|turn|17\n|\n|t:|1699459444\n|move|p2a: Yveltal|Sucker Punch|p1a: Zekrom\n|-damage|p1a: Zekrom|0 fnt\n|faint|p1a: Zekrom\n|-damage|p2a: Yveltal|66\/100|[from] item: Life Orb\n|\n|upkeep\n|\n|t:|1699459447\n|switch|p1a: Arceus|Arceus-Dark|30\/100\n|-damage|p1a: Arceus|18\/100|[from] Stealth Rock\n|turn|18\n|n| BugCatcherFlatz|incrediblegassy\n|\n|t:|1699459452\n|move|p1a: Arceus|Recover|p1a: Arceus\n|-heal|p1a: Arceus|68\/100\n|move|p2a: Yveltal|Oblivion Wing|p1a: Arceus\n|-damage|p1a: Arceus|29\/100\n|-heal|p2a: Yveltal|98\/100|[from] drain|[of] p1a: Arceus\n|-damage|p2a: Yveltal|89\/100|[from] item: Life Orb\n|\n|upkeep\n|turn|19\n|n| BugCatcherFlatz|bugcatcherflatz\n|\n|t:|1699459467\n|move|p1a: Arceus|Recover|p1a: Arceus\n|-heal|p1a: Arceus|79\/100\n|move|p2a: Yveltal|Oblivion Wing|p1a: Arceus\n|-damage|p1a: Arceus|45\/100\n|-heal|p2a: Yveltal|100\/100|[from] drain|[of] p1a: Arceus\n|-damage|p2a: Yveltal|91\/100|[from] item: Life Orb\n|\n|upkeep\n|turn|20\n|\n|t:|1699459476\n|move|p1a: Arceus|Toxic|p2a: Yveltal\n|-status|p2a: Yveltal|tox\n|move|p2a: Yveltal|Oblivion Wing|p1a: Arceus\n|-damage|p1a: Arceus|7\/100\n|-heal|p2a: Yveltal|100\/100 tox|[from] drain|[of] p1a: Arceus\n|-damage|p2a: Yveltal|91\/100 tox|[from] item: Life Orb\n|\n|-damage|p2a: Yveltal|84\/100 tox|[from] psn\n|upkeep\n|turn|21\n|l| BugCatcherFlatz\n|\n|t:|1699459486\n|switch|p2a: Zacian|Zacian-Crowned|100\/100\n|-damage|p2a: Zacian|94\/100|[from] Stealth Rock\n|-ability|p2a: Zacian|Intrepid Sword|boost\n|-boost|p2a: Zacian|atk|1\n|move|p1a: Arceus|Recover|p1a: Arceus\n|-heal|p1a: Arceus|57\/100\n|\n|upkeep\n|turn|22\n|\n|t:|1699459498\n|move|p2a: Zacian|Behemoth Blade|p1a: Arceus\n|-damage|p1a: Arceus|0 fnt\n|faint|p1a: Arceus\n|\n|upkeep\n|\n|t:|1699459500\n|switch|p1a: Ditto|Ditto, shiny|100\/100\n|-damage|p1a: Ditto|88\/100|[from] Stealth Rock\n|-transform|p1a: Ditto|p2a: Zacian|[from] ability: Imposter\n|-ability|p1a: Ditto|Intrepid Sword|boost\n|-boost|p1a: Ditto|atk|1\n|turn|23\n|\n|t:|1699459510\n|move|p1a: Ditto|Behemoth Blade|p2a: Zacian\n|-damage|p2a: Zacian|0 fnt\n|faint|p2a: Zacian\n|\n|upkeep\n|\n|t:|1699459514\n|switch|p2a: Groudon|Groudon-Primal|94\/100\n|-damage|p2a: Groudon|82\/100|[from] Stealth Rock\n|-weather|DesolateLand|[from] ability: Desolate Land|[of] p2a: Groudon\n|turn|24\n|\n|t:|1699459527\n|switch|p1a: Kingambit|Kingambit, M|100\/100\n|-damage|p1a: Kingambit|94\/100|[from] Stealth Rock\n|-activate|p1a: Kingambit|ability: Supreme Overlord\n|-start|p1a: Kingambit|fallen3|[silent]\n|move|p2a: Groudon|Precipice Blades|p1a: Kingambit\n|-supereffective|p1a: Kingambit\n|-damage|p1a: Kingambit|0 fnt\n|faint|p1a: Kingambit\n|-end|p1a: Kingambit|fallen3|[silent]\n|\n|-weather|DesolateLand|[upkeep]\n|upkeep\n|\n|t:|1699459531\n|switch|p1a: Necrozma|Necrozma-Dusk-Mane, shiny|71\/100\n|-damage|p1a: Necrozma|65\/100|[from] Stealth Rock\n|turn|25\n|\n|t:|1699459539\n|detailschange|p1a: Necrozma|Necrozma-Ultra, shiny\n|-burst|p1a: Necrozma|Necrozma|Ultranecrozium Z\n|move|p1a: Necrozma|Earth Power|p2a: Groudon\n|-supereffective|p2a: Groudon\n|-damage|p2a: Groudon|0 fnt\n|faint|p2a: Groudon\n|-weather|none\n|\n|upkeep\n|\n|t:|1699459545\n|switch|p2a: Yveltal|Yveltal|84\/100 tox\n|-damage|p2a: Yveltal|60\/100 tox|[from] Stealth Rock\n|-ability|p2a: Yveltal|Dark Aura\n|turn|26\n|\n|t:|1699459551\n|move|p1a: Necrozma|Dragon Pulse|p2a: Yveltal\n|-damage|p2a: Yveltal|5\/100 tox\n|move|p2a: Yveltal|Knock Off|p1a: Necrozma\n|-supereffective|p1a: Necrozma\n|-damage|p1a: Necrozma|0 fnt\n|faint|p1a: Necrozma\n|-damage|p2a: Yveltal|0 fnt|[from] item: Life Orb\n|faint|p2a: Yveltal\n|\n|win|Walter black 0000\n|raw|Walter black 0000's rating: 1729 &rarr; <strong>1749<\/strong><br \/>(+20 for winning)\n|raw|xinnobu's rating: 1731 &rarr; <strong>1711<\/strong><br \/>(-20 for losing)\n|l|\u2606xinnobu\n|l|\u2606Walter black 0000\n","uploadtime":1699459571,"views":7,"p1id":"walterblack0000","p2id":"xinnobu","formatid":"gen9nationaldexubers","rating":1711,"private":0,"password":""}