{"id":"gen9nationaldexubers-1985261472","p1":"dhkfx","p2":"Szymszym134","format":"[Gen 9] National Dex Ubers","log":"|j|\u2606dhkfx\n|j|\u2606Szymszym134\n|t:|1699356934\n|gametype|singles\n|player|p1|dhkfx|n|1616\n|player|p2|Szymszym134|elesa|1738\n|teamsize|p1|6\n|teamsize|p2|6\n|gen|9\n|tier|[Gen 9] National Dex Ubers\n|rated|\n|rule|HP Percentage Mod: HP is shown in percentages\n|rule|Endless Battle Clause: Forcing endless battles is banned\n|rule|OHKO Clause: OHKO moves are banned\n|rule|Evasion Moves Clause: Evasion moves are banned\n|rule|Evasion Items Clause: Evasion items are banned\n|rule|Species Clause: Limit one of each Pok\u00e9mon\n|rule|Sleep Clause Mod: Limit one foe put to sleep\n|rule|Mega Rayquaza Clause: You cannot mega evolve Rayquaza\n|clearpoke\n|poke|p1|Glimmora, M|\n|poke|p1|Giratina-Origin|\n|poke|p1|Xerneas-*|\n|poke|p1|Arceus-Dark|\n|poke|p1|Groudon|\n|poke|p1|Necrozma-Dusk-Mane|\n|poke|p2|Mewtwo|\n|poke|p2|Kingambit, M|\n|poke|p2|Garganacl, M|\n|poke|p2|Arceus-Ground|\n|poke|p2|Urshifu-*, M|\n|poke|p2|Ditto|\n|teampreview\n|inactive|Battle timer is ON: inactive players will automatically lose when time's up. (requested by Szymszym134)\n|\n|t:|1699356946\n|start\n|switch|p1a: Glimmora|Glimmora, M|100\/100\n|switch|p2a: Arceus|Arceus-Ground|100\/100\n|turn|1\n|\n|t:|1699356964\n|move|p2a: Arceus|Judgment|p1a: Glimmora\n|-supereffective|p1a: Glimmora\n|-enditem|p1a: Glimmora|Focus Sash\n|-damage|p1a: Glimmora|1\/100\n|move|p1a: Glimmora|Mortal Spin|p2a: Arceus\n|-resisted|p2a: Arceus\n|-damage|p2a: Arceus|99\/100\n|-status|p2a: Arceus|psn\n|\n|-damage|p2a: Arceus|87\/100 psn|[from] psn\n|upkeep\n|turn|2\n|\n|t:|1699356979\n|move|p2a: Arceus|Ice Beam|p1a: Glimmora\n|-damage|p1a: Glimmora|0 fnt\n|faint|p1a: Glimmora\n|\n|-damage|p2a: Arceus|74\/100 psn|[from] psn\n|upkeep\n|inactive|dhkfx has 120 seconds left.\n|\n|t:|1699357004\n|switch|p1a: Giratina|Giratina-Origin|100\/100\n|turn|3\n|\n|t:|1699357009\n|switch|p2a: Garganacl|Garganacl, M|100\/100\n|move|p1a: Giratina|Draco Meteor|p2a: Garganacl\n|-damage|p2a: Garganacl|51\/100\n|-unboost|p1a: Giratina|spa|2\n|\n|-heal|p2a: Garganacl|57\/100|[from] item: Leftovers\n|upkeep\n|turn|4\n|\n|t:|1699357015\n|switch|p1a: Groudon|Groudon|100\/100\n|detailschange|p1a: Groudon|Groudon-Primal\n|-primal|p1a: Groudon|Red Orb\n|-weather|DesolateLand|[from] ability: Desolate Land|[of] p1a: Groudon\n|move|p2a: Garganacl|Recover|p2a: Garganacl\n|-heal|p2a: Garganacl|100\/100\n|\n|-weather|DesolateLand|[upkeep]\n|upkeep\n|turn|5\n|\n|t:|1699357027\n|move|p1a: Groudon|Precipice Blades|p2a: Garganacl\n|-supereffective|p2a: Garganacl\n|-damage|p2a: Garganacl|14\/100\n|move|p2a: Garganacl|Salt Cure|p1a: Groudon\n|-damage|p1a: Groudon|93\/100\n|-start|p1a: Groudon|Salt Cure\n|\n|-weather|DesolateLand|[upkeep]\n|-heal|p2a: Garganacl|20\/100|[from] item: Leftovers\n|-damage|p1a: Groudon|80\/100|[from] Salt Cure\n|upkeep\n|turn|6\n|\n|t:|1699357033\n|move|p1a: Groudon|Heat Crash|p2a: Garganacl\n|-resisted|p2a: Garganacl\n|-damage|p2a: Garganacl|0 fnt\n|faint|p2a: Garganacl\n|\n|-weather|DesolateLand|[upkeep]\n|-damage|p1a: Groudon|68\/100|[from] Salt Cure\n|upkeep\n|\n|t:|1699357037\n|switch|p2a: Arceus|Arceus-Ground|74\/100 psn\n|turn|7\n|\n|t:|1699357044\n|-weather|none\n|switch|p1a: Arceus|Arceus-Dark|100\/100\n|move|p2a: Arceus|Judgment|p1a: Arceus\n|-damage|p1a: Arceus|62\/100\n|\n|-damage|p2a: Arceus|62\/100 psn|[from] psn\n|upkeep\n|turn|8\n|\n|t:|1699357052\n|move|p1a: Arceus|Recover|p1a: Arceus\n|-heal|p1a: Arceus|100\/100\n|move|p2a: Arceus|Judgment|p1a: Arceus\n|-damage|p1a: Arceus|64\/100\n|\n|-damage|p2a: Arceus|49\/100 psn|[from] psn\n|upkeep\n|turn|9\n|\n|t:|1699357067\n|switch|p2a: Kingambit|Kingambit, M|100\/100\n|-activate|p2a: Kingambit|ability: Supreme Overlord\n|-start|p2a: Kingambit|fallen1|[silent]\n|move|p1a: Arceus|Recover|p1a: Arceus\n|-heal|p1a: Arceus|100\/100\n|\n|upkeep\n|turn|10\n|\n|t:|1699357076\n|switch|p1a: Groudon|Groudon-Primal|68\/100\n|-weather|DesolateLand|[from] ability: Desolate Land|[of] p1a: Groudon\n|move|p2a: Kingambit|Iron Head|p1a: Groudon\n|-resisted|p1a: Groudon\n|-damage|p1a: Groudon|51\/100\n|\n|-weather|DesolateLand|[upkeep]\n|upkeep\n|turn|11\n|\n|t:|1699357086\n|-end|p2a: Kingambit|fallen1|[silent]\n|switch|p2a: Arceus|Arceus-Ground|49\/100 psn\n|move|p1a: Groudon|Heat Crash|p2a: Arceus\n|-damage|p2a: Arceus|1\/100 psn\n|\n|-weather|DesolateLand|[upkeep]\n|-damage|p2a: Arceus|0 fnt|[from] psn\n|faint|p2a: Arceus\n|upkeep\n|\n|t:|1699357089\n|switch|p2a: Mewtwo|Mewtwo|100\/100\n|-ability|p2a: Mewtwo|Unnerve\n|turn|12\n|\n|t:|1699357102\n|-weather|none\n|switch|p1a: Arceus|Arceus-Dark|100\/100\n|detailschange|p2a: Mewtwo|Mewtwo-Mega-Y\n|-mega|p2a: Mewtwo|Mewtwo|Mewtwonite Y\n|move|p2a: Mewtwo|Earth Power|p1a: Arceus\n|-damage|p1a: Arceus|66\/100\n|\n|upkeep\n|turn|13\n|\n|t:|1699357110\n|switch|p2a: Urshifu|Urshifu, M|100\/100\n|move|p1a: Arceus|Judgment|p2a: Urshifu\n|-resisted|p2a: Urshifu\n|-damage|p2a: Urshifu|76\/100\n|\n|upkeep\n|turn|14\n|\n|t:|1699357119\n|switch|p1a: Xerneas|Xerneas, shiny|100\/100\n|-ability|p1a: Xerneas|Fairy Aura\n|move|p2a: Urshifu|Wicked Blow|p1a: Xerneas\n|-resisted|p1a: Xerneas\n|-crit|p1a: Xerneas\n|-damage|p1a: Xerneas|66\/100\n|-damage|p2a: Urshifu|66\/100|[from] item: Life Orb\n|\n|upkeep\n|turn|15\n|\n|t:|1699357127\n|move|p2a: Urshifu|Iron Head|p1a: Xerneas\n|-supereffective|p1a: Xerneas\n|-damage|p1a: Xerneas|6\/100\n|-damage|p2a: Urshifu|56\/100|[from] item: Life Orb\n|cant|p1a: Xerneas|flinch\n|\n|upkeep\n|turn|16\n|\n|t:|1699357134\n|move|p2a: Urshifu|Wicked Blow|p1a: Xerneas\n|-resisted|p1a: Xerneas\n|-crit|p1a: Xerneas\n|-damage|p1a: Xerneas|0 fnt\n|faint|p1a: Xerneas\n|-damage|p2a: Urshifu|46\/100|[from] item: Life Orb\n|\n|upkeep\n|\n|t:|1699357147\n|switch|p1a: Necrozma|Necrozma-Dusk-Mane|100\/100\n|turn|17\n|\n|t:|1699357157\n|detailschange|p1a: Necrozma|Necrozma-Ultra\n|-burst|p1a: Necrozma|Necrozma|Ultranecrozium Z\n|move|p1a: Necrozma|Earthquake|p2a: Urshifu\n|-damage|p2a: Urshifu|0 fnt\n|faint|p2a: Urshifu\n|\n|upkeep\n|\n|t:|1699357163\n|switch|p2a: Mewtwo|Mewtwo-Mega-Y|100\/100\n|turn|18\n|inactive|dhkfx has 120 seconds left.\n|\n|t:|1699357201\n|move|p2a: Mewtwo|Ice Beam|p1a: Necrozma\n|-supereffective|p1a: Necrozma\n|-damage|p1a: Necrozma|11\/100\n|-status|p1a: Necrozma|frz\n|-curestatus|p1a: Necrozma|frz|[msg]\n|move|p1a: Necrozma|Dragon Dance|p1a: Necrozma\n|-boost|p1a: Necrozma|atk|1\n|-boost|p1a: Necrozma|spe|1\n|\n|upkeep\n|turn|19\n|inactive|dhkfx has 120 seconds left.\n|\n|t:|1699357210\n|switch|p2a: Kingambit|Kingambit, M|100\/100\n|-activate|p2a: Kingambit|ability: Supreme Overlord\n|-start|p2a: Kingambit|fallen3|[silent]\n|-zpower|p1a: Necrozma\n|move|p1a: Necrozma|Light That Burns the Sky|p2a: Kingambit|[zeffect]\n|-immune|p2a: Kingambit\n|\n|upkeep\n|turn|20\n|\n|t:|1699357221\n|move|p2a: Kingambit|Sucker Punch||[still]\n|-fail|p2a: Kingambit\n|move|p1a: Necrozma|Dragon Dance|p1a: Necrozma\n|-boost|p1a: Necrozma|atk|1\n|-boost|p1a: Necrozma|spe|1\n|\n|upkeep\n|turn|21\n|\n|t:|1699357225\n|move|p2a: Kingambit|Sucker Punch||[still]\n|-fail|p2a: Kingambit\n|move|p1a: Necrozma|Dragon Dance|p1a: Necrozma\n|-boost|p1a: Necrozma|atk|1\n|-boost|p1a: Necrozma|spe|1\n|\n|upkeep\n|turn|22\n|\n|t:|1699357230\n|move|p2a: Kingambit|Sucker Punch||[still]\n|-fail|p2a: Kingambit\n|move|p1a: Necrozma|Dragon Dance|p1a: Necrozma\n|-boost|p1a: Necrozma|atk|1\n|-boost|p1a: Necrozma|spe|1\n|\n|upkeep\n|turn|23\n|\n|t:|1699357235\n|move|p1a: Necrozma|Dragon Dance|p1a: Necrozma\n|-boost|p1a: Necrozma|atk|1\n|-boost|p1a: Necrozma|spe|1\n|move|p2a: Kingambit|Knock Off|p1a: Necrozma\n|-supereffective|p1a: Necrozma\n|-damage|p1a: Necrozma|0 fnt\n|faint|p1a: Necrozma\n|\n|upkeep\n|\n|t:|1699357240\n|switch|p1a: Groudon|Groudon-Primal|51\/100\n|-weather|DesolateLand|[from] ability: Desolate Land|[of] p1a: Groudon\n|turn|24\n|\n|t:|1699357249\n|-end|p2a: Kingambit|fallen3|[silent]\n|switch|p2a: Ditto|Ditto|100\/100\n|-transform|p2a: Ditto|p1a: Groudon|[from] ability: Imposter\n|move|p1a: Groudon|Heat Crash|p2a: Ditto\n|-resisted|p2a: Ditto\n|-damage|p2a: Ditto|85\/100\n|\n|-weather|DesolateLand|[upkeep]\n|upkeep\n|turn|25\n|\n|t:|1699357256\n|switch|p1a: Giratina|Giratina-Origin|100\/100\n|move|p2a: Ditto|Precipice Blades|p1a: Giratina\n|-immune|p1a: Giratina|[from] ability: Levitate\n|\n|-weather|DesolateLand|[upkeep]\n|upkeep\n|turn|26\n|\n|t:|1699357261\n|-weather|none\n|switch|p2a: Kingambit|Kingambit, M|100\/100\n|-activate|p2a: Kingambit|ability: Supreme Overlord\n|-start|p2a: Kingambit|fallen3|[silent]\n|move|p1a: Giratina|Will-O-Wisp|p2a: Kingambit\n|-status|p2a: Kingambit|brn\n|\n|-damage|p2a: Kingambit|94\/100 brn|[from] brn\n|upkeep\n|turn|27\n|\n|t:|1699357277\n|switch|p1a: Groudon|Groudon-Primal|51\/100\n|-weather|DesolateLand|[from] ability: Desolate Land|[of] p1a: Groudon\n|move|p2a: Kingambit|Swords Dance|p2a: Kingambit\n|-boost|p2a: Kingambit|atk|2\n|\n|-weather|DesolateLand|[upkeep]\n|-damage|p2a: Kingambit|88\/100 brn|[from] brn\n|upkeep\n|turn|28\n|\n|t:|1699357283\n|-terastallize|p2a: Kingambit|Dark\n|move|p2a: Kingambit|Sucker Punch|p1a: Groudon\n|-damage|p1a: Groudon|0 fnt\n|faint|p1a: Groudon\n|-weather|none\n|\n|-damage|p2a: Kingambit|82\/100 brn|[from] brn\n|upkeep\n|\n|t:|1699357291\n|switch|p1a: Arceus|Arceus-Dark|66\/100\n|turn|29\n|\n|t:|1699357296\n|move|p1a: Arceus|Recover|p1a: Arceus\n|-heal|p1a: Arceus|100\/100\n|move|p2a: Kingambit|Knock Off|p1a: Arceus\n|-resisted|p1a: Arceus\n|-damage|p1a: Arceus|74\/100\n|\n|-damage|p2a: Kingambit|76\/100 brn|[from] brn\n|upkeep\n|turn|30\n|\n|t:|1699357303\n|move|p2a: Kingambit|Sucker Punch|p1a: Arceus\n|-resisted|p1a: Arceus\n|-damage|p1a: Arceus|41\/100\n|move|p1a: Arceus|Judgment|p2a: Kingambit\n|-resisted|p2a: Kingambit\n|-damage|p2a: Kingambit|43\/100 brn\n|\n|-damage|p2a: Kingambit|37\/100 brn|[from] brn\n|upkeep\n|turn|31\n|\n|t:|1699357306\n|move|p1a: Arceus|Recover|p1a: Arceus\n|-heal|p1a: Arceus|91\/100\n|move|p2a: Kingambit|Iron Head|p1a: Arceus\n|-crit|p1a: Arceus\n|-damage|p1a: Arceus|25\/100\n|\n|-damage|p2a: Kingambit|31\/100 brn|[from] brn\n|upkeep\n|turn|32\n|\n|t:|1699357312\n|move|p1a: Arceus|Recover|p1a: Arceus\n|-heal|p1a: Arceus|75\/100\n|move|p2a: Kingambit|Iron Head|p1a: Arceus\n|-damage|p1a: Arceus|33\/100\n|\n|-damage|p2a: Kingambit|25\/100 brn|[from] brn\n|upkeep\n|turn|33\n|\n|t:|1699357318\n|move|p2a: Kingambit|Sucker Punch||[still]\n|-fail|p2a: Kingambit\n|move|p1a: Arceus|Recover|p1a: Arceus\n|-heal|p1a: Arceus|83\/100\n|\n|-damage|p2a: Kingambit|19\/100 brn|[from] brn\n|upkeep\n|turn|34\n|\n|t:|1699357322\n|move|p2a: Kingambit|Sucker Punch|p1a: Arceus\n|-resisted|p1a: Arceus\n|-damage|p1a: Arceus|52\/100\n|move|p1a: Arceus|Judgment|p2a: Kingambit\n|-resisted|p2a: Kingambit\n|-damage|p2a: Kingambit|0 fnt\n|faint|p2a: Kingambit\n|-end|p2a: Kingambit|fallen3|[silent]\n|\n|upkeep\n|\n|t:|1699357324\n|switch|p2a: Ditto|Ditto|85\/100\n|-transform|p2a: Ditto|p1a: Arceus|[from] ability: Imposter\n|turn|35\n|\n|t:|1699357333\n|switch|p2a: Mewtwo|Mewtwo-Mega-Y|100\/100\n|move|p1a: Arceus|Recover|p1a: Arceus\n|-heal|p1a: Arceus|100\/100\n|\n|upkeep\n|turn|36\n|\n|t:|1699357340\n|move|p2a: Mewtwo|Ice Beam|p1a: Arceus\n|-damage|p1a: Arceus|67\/100\n|-status|p1a: Arceus|frz\n|cant|p1a: Arceus|frz\n|\n|upkeep\n|turn|37\n|\n|t:|1699357345\n|move|p2a: Mewtwo|Nasty Plot|p2a: Mewtwo\n|-boost|p2a: Mewtwo|spa|2\n|cant|p1a: Arceus|frz\n|\n|upkeep\n|turn|38\n|\n|t:|1699357347\n|move|p2a: Mewtwo|Ice Beam|p1a: Arceus\n|-damage|p1a: Arceus|0 fnt\n|faint|p1a: Arceus\n|\n|upkeep\n|\n|t:|1699357350\n|switch|p1a: Giratina|Giratina-Origin|100\/100\n|turn|39\n|\n|t:|1699357354\n|-terastallize|p1a: Giratina|Steel\n|move|p1a: Giratina|Shadow Sneak|p2a: Mewtwo\n|-supereffective|p2a: Mewtwo\n|-damage|p2a: Mewtwo|56\/100\n|move|p2a: Mewtwo|Ice Beam|p1a: Giratina\n|-resisted|p1a: Giratina\n|-damage|p1a: Giratina|72\/100\n|\n|upkeep\n|turn|40\n|\n|t:|1699357360\n|move|p1a: Giratina|Shadow Sneak|p2a: Mewtwo\n|-supereffective|p2a: Mewtwo\n|-damage|p2a: Mewtwo|9\/100\n|move|p2a: Mewtwo|Psystrike|p1a: Giratina\n|-resisted|p1a: Giratina\n|-damage|p1a: Giratina|37\/100\n|\n|upkeep\n|turn|41\n|\n|t:|1699357366\n|move|p1a: Giratina|Shadow Sneak|p2a: Mewtwo\n|-supereffective|p2a: Mewtwo\n|-damage|p2a: Mewtwo|0 fnt\n|faint|p2a: Mewtwo\n|\n|upkeep\n|\n|t:|1699357367\n|switch|p2a: Ditto|Ditto|85\/100\n|-transform|p2a: Ditto|p1a: Giratina|[from] ability: Imposter\n|-start|p2a: Ditto|typechange|Ghost\/Dragon|[silent]\n|turn|42\n|\n|t:|1699357373\n|move|p2a: Ditto|Draco Meteor|p1a: Giratina\n|-resisted|p1a: Giratina\n|-damage|p1a: Giratina|17\/100\n|-unboost|p2a: Ditto|spa|2\n|move|p1a: Giratina|Draco Meteor|p2a: Ditto\n|-supereffective|p2a: Ditto\n|-damage|p2a: Ditto|0 fnt\n|-unboost|p1a: Giratina|spa|2\n|faint|p2a: Ditto\n|\n|win|dhkfx\n|raw|dhkfx's rating: 1616 &rarr; <strong>1643<\/strong><br \/>(+27 for winning)\n|raw|Szymszym134's rating: 1738 &rarr; <strong>1711<\/strong><br \/>(-27 for losing)\n|l|\u2606Szymszym134\n|l|\u2606dhkfx\n","uploadtime":1699357513,"views":12,"p1id":"dhkfx","p2id":"szymszym134","formatid":"gen9nationaldexubers","rating":1643,"private":0,"password":""}