{"id":"gen9nationaldexubers-1990898135","p1":"joon30","p2":"vic_ketchum","format":"[Gen 9] National Dex Ubers","log":"|j|\u2606joon30\n|j|\u2606vic_ketchum\n|t:|1700012748\n|gametype|singles\n|player|p1|joon30|unknownf|1183\n|player|p2|vic_ketchum|ash-sinnoh|1141\n|teamsize|p1|6\n|teamsize|p2|6\n|gen|9\n|tier|[Gen 9] National Dex Ubers\n|rated|\n|rule|HP Percentage Mod: HP is shown in percentages\n|rule|Endless Battle Clause: Forcing endless battles is banned\n|rule|OHKO Clause: OHKO moves are banned\n|rule|Evasion Moves Clause: Evasion moves are banned\n|rule|Evasion Items Clause: Evasion items are banned\n|rule|Species Clause: Limit one of each Pok\u00e9mon\n|rule|Sleep Clause Mod: Limit one foe put to sleep\n|rule|Mega Rayquaza Clause: You cannot mega evolve Rayquaza\n|clearpoke\n|poke|p1|Charizard, M|\n|poke|p1|Marshadow|\n|poke|p1|Urshifu-*, F|\n|poke|p1|Darkrai|\n|poke|p1|Kyogre|\n|poke|p1|Maushold-Four|\n|poke|p2|Mewtwo|\n|poke|p2|Pheromosa|\n|poke|p2|Deoxys|\n|poke|p2|Buzzwole|\n|poke|p2|Zoroark, M|\n|poke|p2|Scizor, M|\n|teampreview\n|inactive|Battle timer is ON: inactive players will automatically lose when time's up. (requested by vic_ketchum)\n|\n|t:|1700012762\n|start\n|switch|p1a: Maushold|Maushold-Four, shiny|100\/100\n|switch|p2a: CELL|Pheromosa|100\/100\n|turn|1\n|\n|t:|1700012772\n|move|p2a: CELL|Ice Beam|p1a: Maushold\n|-damage|p1a: Maushold|54\/100\n|-status|p1a: Maushold|frz\n|-curestatus|p1a: Maushold|frz|[msg]\n|move|p1a: Maushold|Population Bomb|p2a: CELL|[miss]\n|-miss|p1a: Maushold|p2a: CELL\n|\n|upkeep\n|turn|2\n|\n|t:|1700012793\n|move|p2a: CELL|Poison Jab|p1a: Maushold\n|-damage|p1a: Maushold|14\/100\n|move|p1a: Maushold|Population Bomb|p2a: CELL|[miss]\n|-miss|p1a: Maushold|p2a: CELL\n|\n|upkeep\n|turn|3\n|\n|t:|1700012801\n|move|p2a: CELL|Ice Beam|p1a: Maushold\n|-damage|p1a: Maushold|0 fnt\n|faint|p1a: Maushold\n|-ability|p2a: CELL|Beast Boost|boost\n|-boost|p2a: CELL|spe|1\n|\n|upkeep\n|c|\u2606vic_ketchum|gracias arceus\n|\n|t:|1700012808\n|switch|p1a: Dark Wing|Charizard, M|100\/100\n|turn|4\n|\n|t:|1700012812\n|move|p2a: CELL|Ice Beam|p1a: Dark Wing\n|-damage|p1a: Dark Wing|60\/100\n|move|p1a: Dark Wing|Blaze Kick|p2a: CELL\n|-supereffective|p2a: CELL\n|-enditem|p2a: CELL|Focus Sash\n|-damage|p2a: CELL|1\/100\n|\n|upkeep\n|turn|5\n|\n|t:|1700012821\n|move|p2a: CELL|Ice Beam|p1a: Dark Wing\n|-damage|p1a: Dark Wing|25\/100\n|move|p1a: Dark Wing|Dragon Claw|p2a: CELL\n|-damage|p2a: CELL|0 fnt\n|faint|p2a: CELL\n|\n|upkeep\n|\n|t:|1700012829\n|switch|p2a: MAJIN BUU|Deoxys|100\/100\n|-ability|p2a: MAJIN BUU|Pressure\n|turn|6\n|\n|t:|1700012840\n|detailschange|p1a: Dark Wing|Charizard-Mega-X, M\n|-mega|p1a: Dark Wing|Charizard|Charizardite X\n|move|p2a: MAJIN BUU|Dark Pulse|p1a: Dark Wing\n|-damage|p1a: Dark Wing|0 fnt\n|faint|p1a: Dark Wing\n|\n|upkeep\n|\n|t:|1700012851\n|switch|p1a: Chicken Devour|Darkrai|100\/100\n|turn|7\n|\n|t:|1700012855\n|move|p2a: MAJIN BUU|Signal Beam|p1a: Chicken Devour\n|-supereffective|p1a: Chicken Devour\n|-damage|p1a: Chicken Devour|23\/100\n|move|p1a: Chicken Devour|Hypnosis|p2a: MAJIN BUU|[miss]\n|-miss|p1a: Chicken Devour|p2a: MAJIN BUU\n|\n|upkeep\n|turn|8\n|\n|t:|1700012862\n|move|p2a: MAJIN BUU|Signal Beam|p1a: Chicken Devour\n|-supereffective|p1a: Chicken Devour\n|-damage|p1a: Chicken Devour|0 fnt\n|faint|p1a: Chicken Devour\n|\n|upkeep\n|\n|t:|1700012869\n|switch|p1a: Watermelon Muncher|Marshadow|100\/100\n|turn|9\n|\n|t:|1700012872\n|move|p1a: Watermelon Muncher|Spectral Thief|p2a: MAJIN BUU\n|-supereffective|p2a: MAJIN BUU\n|-enditem|p2a: MAJIN BUU|Focus Sash\n|-damage|p2a: MAJIN BUU|1\/100\n|move|p2a: MAJIN BUU|Psychic|p1a: Watermelon Muncher\n|-supereffective|p1a: Watermelon Muncher\n|-damage|p1a: Watermelon Muncher|0 fnt\n|faint|p1a: Watermelon Muncher\n|\n|upkeep\n|\n|t:|1700012879\n|switch|p1a: Master Po|Urshifu-Rapid-Strike, F|100\/100\n|turn|10\n|\n|t:|1700012884\n|move|p2a: MAJIN BUU|Psychic|p1a: Master Po\n|-supereffective|p1a: Master Po\n|-damage|p1a: Master Po|0 fnt\n|faint|p1a: Master Po\n|\n|upkeep\n|\n|t:|1700012887\n|switch|p1a: Fatass|Kyogre, shiny|100\/100\n|detailschange|p1a: Fatass|Kyogre-Primal, shiny\n|-primal|p1a: Fatass|Blue Orb\n|-weather|PrimordialSea|[from] ability: Primordial Sea|[of] p1a: Fatass\n|turn|11\n|-message|joon30 forfeited.\n|\n|win|vic_ketchum\n|raw|joon30's rating: 1183 &rarr; <strong>1155<\/strong><br \/>(-28 for losing)\n|raw|vic_ketchum's rating: 1141 &rarr; <strong>1169<\/strong><br \/>(+28 for winning)\n|l|\u2606joon30\n","uploadtime":1700012896,"views":6,"p1id":"joon30","p2id":"vicketchum","formatid":"gen9nationaldexubers","rating":1155,"private":0,"password":""}