{"id":"gen9nationaldexubers-1990875437","p1":"tbor2002","p2":"Solaris2003","format":"[Gen 9] National Dex Ubers","log":"|j|\u2606tbor2002\n|j|\u2606Solaris2003\n|t:|1700010214\n|gametype|singles\n|player|p1|tbor2002|wattson|\n|player|p2|Solaris2003|265|\n|teamsize|p1|6\n|teamsize|p2|6\n|gen|9\n|tier|[Gen 9] National Dex Ubers\n|rule|HP Percentage Mod: HP is shown in percentages\n|rule|Endless Battle Clause: Forcing endless battles is banned\n|rule|OHKO Clause: OHKO moves are banned\n|rule|Evasion Moves Clause: Evasion moves are banned\n|rule|Evasion Items Clause: Evasion items are banned\n|rule|Species Clause: Limit one of each Pok\u00e9mon\n|rule|Sleep Clause Mod: Limit one foe put to sleep\n|rule|Mega Rayquaza Clause: You cannot mega evolve Rayquaza\n|clearpoke\n|poke|p1|Walking Wake|\n|poke|p1|Muk-Alola, M|\n|poke|p1|Jolteon, M|\n|poke|p1|Toxicroak, M|\n|poke|p1|Crabominable, M|\n|poke|p1|Glimmet, F|\n|poke|p2|Cinderace, M|\n|poke|p2|Lycanroc-Dusk, F|\n|poke|p2|Noivern, M|\n|poke|p2|Copperajah, M|\n|poke|p2|Leafeon, F|\n|poke|p2|Flaaffy, M|\n|teampreview\n|j| Jam20Jam\n|\n|t:|1700010226\n|start\n|switch|p1a: Crabominable|Crabominable, M|100\/100\n|switch|p2a: Flaaffy|Flaaffy, M|100\/100\n|turn|1\n|\n|t:|1700010232\n|move|p2a: Flaaffy|Sunny Day|p2a: Flaaffy\n|-weather|SunnyDay\n|move|p1a: Crabominable|Earthquake|p2a: Flaaffy\n|-supereffective|p2a: Flaaffy\n|-damage|p2a: Flaaffy|0 fnt\n|faint|p2a: Flaaffy\n|\n|-weather|SunnyDay|[upkeep]\n|upkeep\n|\n|t:|1700010255\n|switch|p2a: Lycanroc|Lycanroc-Dusk, F|100\/100\n|turn|2\n|\n|t:|1700010282\n|move|p2a: Lycanroc|Close Combat|p1a: Crabominable\n|-supereffective|p1a: Crabominable\n|-damage|p1a: Crabominable|0 fnt\n|-unboost|p2a: Lycanroc|def|1\n|-unboost|p2a: Lycanroc|spd|1\n|faint|p1a: Crabominable\n|\n|-weather|SunnyDay|[upkeep]\n|upkeep\n|\n|t:|1700010295\n|switch|p1a: Glimmet|Glimmet, F|100\/100\n|turn|3\n|\n|t:|1700010305\n|switch|p2a: Copperajah|Copperajah, M|100\/100\n|move|p1a: Glimmet|Stealth Rock|p2a: Copperajah\n|-sidestart|p2: Solaris2003|move: Stealth Rock\n|\n|-weather|SunnyDay|[upkeep]\n|upkeep\n|turn|4\n|\n|t:|1700010320\n|move|p1a: Glimmet|Spikes|p2a: Copperajah\n|-sidestart|p2: Solaris2003|Spikes\n|move|p2a: Copperajah|Heavy Slam|p1a: Glimmet\n|-supereffective|p1a: Glimmet\n|-enditem|p1a: Glimmet|Focus Sash\n|-damage|p1a: Glimmet|1\/100\n|-activate|p1a: Glimmet|ability: Toxic Debris\n|-sidestart|p2: Solaris2003|move: Toxic Spikes\n|\n|-weather|SunnyDay|[upkeep]\n|upkeep\n|turn|5\n|\n|t:|1700010331\n|move|p1a: Glimmet|Power Gem|p2a: Copperajah\n|-resisted|p2a: Copperajah\n|-damage|p2a: Copperajah|83\/100\n|move|p2a: Copperajah|Heavy Slam|p1a: Glimmet\n|-supereffective|p1a: Glimmet\n|-damage|p1a: Glimmet|0 fnt\n|-activate|p1a: Glimmet|ability: Toxic Debris\n|-sidestart|p2: Solaris2003|move: Toxic Spikes\n|faint|p1a: Glimmet\n|\n|-weather|SunnyDay|[upkeep]\n|-heal|p2a: Copperajah|89\/100|[from] item: Leftovers\n|upkeep\n|\n|t:|1700010342\n|switch|p1a: Toxicroak|Toxicroak, M|100\/100\n|turn|6\n|\n|t:|1700010367\n|move|p1a: Toxicroak|Drain Punch|p2a: Copperajah\n|-supereffective|p2a: Copperajah\n|-damage|p2a: Copperajah|0 fnt\n|faint|p2a: Copperajah\n|-damage|p1a: Toxicroak|91\/100|[from] item: Life Orb\n|\n|-weather|SunnyDay|[upkeep]\n|-damage|p1a: Toxicroak|78\/100|[from] ability: Dry Skin|[of] p1a: Toxicroak\n|upkeep\n|\n|t:|1700010382\n|switch|p2a: Cinderace|Cinderace, M|100\/100\n|turn|7\n|\n|t:|1700010395\n|move|p2a: Cinderace|Court Change|p2a: Cinderace\n|-start|p2a: Cinderace|typechange|Normal|[from] ability: Libero\n|-swapsideconditions\n|-activate|p2a: Cinderace|move: Court Change\n|move|p1a: Toxicroak|Drain Punch|p2a: Cinderace\n|-supereffective|p2a: Cinderace\n|-damage|p2a: Cinderace|0 fnt\n|-heal|p1a: Toxicroak|100\/100|[from] drain|[of] p2a: Cinderace\n|faint|p2a: Cinderace\n|-damage|p1a: Toxicroak|91\/100|[from] item: Life Orb\n|\n|-weather|SunnyDay|[upkeep]\n|-damage|p1a: Toxicroak|78\/100|[from] ability: Dry Skin|[of] p1a: Toxicroak\n|upkeep\n|\n|t:|1700010409\n|switch|p2a: Lycanroc|Lycanroc-Dusk, F|100\/100\n|turn|8\n|\n|t:|1700010423\n|move|p2a: Lycanroc|Psychic Fangs|p1a: Toxicroak\n|-supereffective|p1a: Toxicroak\n|-damage|p1a: Toxicroak|0 fnt\n|faint|p1a: Toxicroak\n|\n|-weather|none\n|upkeep\n|\n|t:|1700010432\n|switch|p1a: Muk|Muk-Alola, M|100\/100\n|-damage|p1a: Muk|88\/100|[from] Stealth Rock\n|-damage|p1a: Muk|76\/100|[from] Spikes\n|-sideend|p1: tbor2002|move: Toxic Spikes|[of] p1a: Muk\n|turn|9\n|\n|t:|1700010441\n|switch|p2a: Noivern|Noivern, M|100\/100\n|move|p1a: Muk|Brick Break|p2a: Noivern\n|-resisted|p2a: Noivern\n|-damage|p2a: Noivern|85\/100\n|\n|upkeep\n|turn|10\n|\n|t:|1700010454\n|move|p2a: Noivern|Draco Meteor|p1a: Muk\n|-damage|p1a: Muk|36\/100\n|-unboost|p2a: Noivern|spa|2\n|-damage|p2a: Noivern|75\/100|[from] item: Life Orb\n|move|p1a: Muk|Knock Off|p2a: Noivern\n|-damage|p2a: Noivern|12\/100\n|-enditem|p2a: Noivern|Life Orb|[from] move: Knock Off|[of] p1a: Muk\n|\n|upkeep\n|turn|11\n|\n|t:|1700010471\n|move|p2a: Noivern|Sunny Day|p2a: Noivern\n|-weather|SunnyDay\n|move|p1a: Muk|Poison Jab|p2a: Noivern\n|-damage|p2a: Noivern|0 fnt\n|faint|p2a: Noivern\n|\n|-weather|SunnyDay|[upkeep]\n|upkeep\n|\n|t:|1700010477\n|switch|p2a: Glockeon Jr|Leafeon, F|100\/100\n|turn|12\n|\n|t:|1700010489\n|move|p2a: Glockeon Jr|Solar Blade||[still]\n|-prepare|p2a: Glockeon Jr|Solar Blade\n|-anim|p2a: Glockeon Jr|Solar Blade|p1a: Muk\n|-resisted|p1a: Muk\n|-damage|p1a: Muk|0 fnt\n|faint|p1a: Muk\n|-damage|p2a: Glockeon Jr|91\/100|[from] item: Life Orb\n|\n|-weather|SunnyDay|[upkeep]\n|upkeep\n|\n|t:|1700010499\n|switch|p1a: Jolteon|Jolteon, M|100\/100\n|turn|13\n|\n|t:|1700010511\n|move|p2a: Glockeon Jr|Solar Blade||[still]\n|-prepare|p2a: Glockeon Jr|Solar Blade\n|-anim|p2a: Glockeon Jr|Solar Blade|p1a: Jolteon\n|-damage|p1a: Jolteon|0 fnt\n|faint|p1a: Jolteon\n|-damage|p2a: Glockeon Jr|81\/100|[from] item: Life Orb\n|\n|-weather|SunnyDay|[upkeep]\n|upkeep\n|\n|t:|1700010529\n|switch|p1a: Walking Wake|Walking Wake|100\/100\n|-damage|p1a: Walking Wake|88\/100|[from] Stealth Rock\n|-damage|p1a: Walking Wake|76\/100|[from] Spikes\n|-activate|p1a: Walking Wake|ability: Protosynthesis\n|-start|p1a: Walking Wake|protosynthesisspa\n|turn|14\n|\n|t:|1700010561\n|-terastallize|p2a: Glockeon Jr|Grass\n|move|p2a: Glockeon Jr|Solar Blade||[still]\n|-prepare|p2a: Glockeon Jr|Solar Blade\n|-anim|p2a: Glockeon Jr|Solar Blade|p1a: Walking Wake\n|-damage|p1a: Walking Wake|0 fnt\n|faint|p1a: Walking Wake\n|-end|p1a: Walking Wake|Protosynthesis|[silent]\n|-damage|p2a: Glockeon Jr|71\/100|[from] item: Life Orb\n|\n|win|Solaris2003\n","uploadtime":1700010580,"views":7,"p1id":"tbor2002","p2id":"solaris2003","formatid":"gen9nationaldexubers","rating":0,"private":0,"password":""}