{"id":"gen9nationaldexubers-1992889095","p1":"Reality_Check56","p2":"The power of ROCK","format":"[Gen 9] National Dex Ubers","log":"|j|\u2606Reality_Check56\n|j|\u2606The power of ROCK\n|t:|1700244180\n|gametype|singles\n|player|p1|Reality_Check56|gloria-dojo|\n|player|p2|The power of ROCK|roark|\n|teamsize|p1|6\n|teamsize|p2|6\n|gen|9\n|tier|[Gen 9] National Dex Ubers\n|rule|HP Percentage Mod: HP is shown in percentages\n|rule|Endless Battle Clause: Forcing endless battles is banned\n|rule|OHKO Clause: OHKO moves are banned\n|rule|Evasion Moves Clause: Evasion moves are banned\n|rule|Evasion Items Clause: Evasion items are banned\n|rule|Species Clause: Limit one of each Pok\u00e9mon\n|rule|Sleep Clause Mod: Limit one foe put to sleep\n|rule|Mega Rayquaza Clause: You cannot mega evolve Rayquaza\n|clearpoke\n|poke|p1|Yveltal|\n|poke|p1|Hydreigon, F|\n|poke|p1|Tyranitar, M|\n|poke|p1|Great Tusk|\n|poke|p1|Groudon|\n|poke|p1|Eternatus|\n|poke|p2|Tyranitar, F|\n|poke|p2|Garganacl, M|\n|poke|p2|Aggron, M|\n|poke|p2|Cradily, F|\n|poke|p2|Glimmora, F|\n|poke|p2|Avalugg-Hisui, F|\n|teampreview\n|c|\u2606The power of ROCK|Welcome to the ROCK gym\n|c|\u2606Reality_Check56|GLHF\n|j| RedHoodKat\n|c| RedHoodKat|ill beat you one day\n|\n|t:|1700244210\n|start\n|switch|p1a: Hydreigon|Hydreigon, F|100\/100\n|switch|p2a: Cradily|Cradily, F|100\/100\n|turn|1\n|\n|t:|1700244219\n|switch|p2a: Tyranitar|Tyranitar, F|100\/100\n|-weather|Sandstorm|[from] ability: Sand Stream|[of] p2a: Tyranitar\n|move|p1a: Hydreigon|Flash Cannon|p2a: Tyranitar\n|-supereffective|p2a: Tyranitar\n|-damage|p2a: Tyranitar|87\/100\n|\n|-weather|Sandstorm|[upkeep]\n|-damage|p1a: Hydreigon|94\/100|[from] Sandstorm\n|upkeep\n|turn|2\n|c|\u2606Reality_Check56|welp\n|\n|t:|1700244229\n|-activate|p1a: Hydreigon|move: Pursuit\n|move|p2a: Tyranitar|Pursuit|p1a: Hydreigon|[from]Pursuit\n|-resisted|p1a: Hydreigon\n|-damage|p1a: Hydreigon|72\/100\n|switch|p1a: Groudon|Groudon|100\/100\n|detailschange|p1a: Groudon|Groudon-Primal\n|-primal|p1a: Groudon|Red Orb\n|-weather|DesolateLand|[from] ability: Desolate Land|[of] p1a: Groudon\n|\n|-weather|DesolateLand|[upkeep]\n|upkeep\n|turn|3\n|\n|t:|1700244239\n|switch|p2a: Cradily|Cradily, F|100\/100\n|move|p1a: Groudon|Will-O-Wisp|p2a: Cradily\n|-status|p2a: Cradily|brn\n|\n|-weather|DesolateLand|[upkeep]\n|-damage|p2a: Cradily|94\/100 brn|[from] brn\n|upkeep\n|turn|4\n|\n|t:|1700244248\n|move|p1a: Groudon|Earth Power|p2a: Cradily\n|-damage|p2a: Cradily|43\/100 brn\n|move|p2a: Cradily|Leech Seed|p1a: Groudon\n|-start|p1a: Groudon|move: Leech Seed\n|\n|-weather|DesolateLand|[upkeep]\n|-damage|p1a: Groudon|88\/100|[from] Leech Seed|[of] p2a: Cradily\n|-heal|p2a: Cradily|56\/100 brn|[silent]\n|-damage|p2a: Cradily|50\/100 brn|[from] brn\n|upkeep\n|turn|5\n|\n|t:|1700244265\n|-weather|none\n|switch|p1a: Great Tusk|Great Tusk|100\/100\n|move|p2a: Cradily|Rest|p2a: Cradily\n|-status|p2a: Cradily|slp|[from] move: Rest\n|-heal|p2a: Cradily|100\/100 slp|[silent]\n|\n|upkeep\n|turn|6\n|\n|t:|1700244278\n|move|p1a: Great Tusk|Ice Spinner|p2a: Cradily\n|-supereffective|p2a: Cradily\n|-damage|p2a: Cradily|71\/100 slp\n|cant|p2a: Cradily|slp\n|\n|upkeep\n|turn|7\n|\n|t:|1700244284\n|move|p1a: Great Tusk|Stealth Rock|p2a: Cradily\n|-sidestart|p2: The power of ROCK|move: Stealth Rock\n|cant|p2a: Cradily|slp\n|\n|upkeep\n|turn|8\n|c|\u2606Reality_Check56|welp\n|\n|t:|1700244289\n|move|p1a: Great Tusk|Rapid Spin|p2a: Cradily\n|-resisted|p2a: Cradily\n|-damage|p2a: Cradily|66\/100 slp\n|-boost|p1a: Great Tusk|spe|1\n|-curestatus|p2a: Cradily|slp|[msg]\n|move|p2a: Cradily|Leech Seed|p1a: Great Tusk\n|-start|p1a: Great Tusk|move: Leech Seed\n|\n|-damage|p1a: Great Tusk|88\/100|[from] Leech Seed|[of] p2a: Cradily\n|-heal|p2a: Cradily|80\/100|[silent]\n|upkeep\n|turn|9\n|\n|t:|1700244297\n|move|p1a: Great Tusk|Rapid Spin|p2a: Cradily\n|-resisted|p2a: Cradily\n|-damage|p2a: Cradily|75\/100\n|-boost|p1a: Great Tusk|spe|1\n|-end|p1a: Great Tusk|Leech Seed|[from] move: Rapid Spin|[of] p1a: Great Tusk\n|move|p2a: Cradily|Leech Seed|p1a: Great Tusk|[miss]\n|-miss|p2a: Cradily|p1a: Great Tusk\n|\n|upkeep\n|turn|10\n|c|\u2606Reality_Check56|heheh\n|\n|t:|1700244307\n|move|p1a: Great Tusk|Earthquake|p2a: Cradily\n|-damage|p2a: Cradily|48\/100\n|move|p2a: Cradily|Leech Seed|p1a: Great Tusk\n|-start|p1a: Great Tusk|move: Leech Seed\n|\n|-damage|p1a: Great Tusk|76\/100|[from] Leech Seed|[of] p2a: Cradily\n|-heal|p2a: Cradily|63\/100|[silent]\n|upkeep\n|turn|11\n|\n|t:|1700244316\n|-end|p1a: Great Tusk|Protosynthesis|[silent]\n|switch|p1a: Tyranitar|Tyranitar, M|100\/100\n|-weather|Sandstorm|[from] ability: Sand Stream|[of] p1a: Tyranitar\n|move|p2a: Cradily|Infestation|p1a: Tyranitar\n|-supereffective|p1a: Tyranitar\n|-damage|p1a: Tyranitar|95\/100\n|-activate|p1a: Tyranitar|move: Infestation|[of] p2a: Cradily\n|\n|-weather|Sandstorm|[upkeep]\n|-damage|p1a: Tyranitar|79\/100|[from] move: Infestation|[partiallytrapped]\n|upkeep\n|turn|12\n|c|\u2606Reality_Check56|welp\n|\n|t:|1700244327\n|detailschange|p1a: Tyranitar|Tyranitar-Mega, M\n|-mega|p1a: Tyranitar|Tyranitar|Tyranitarite\n|move|p1a: Tyranitar|Knock Off|p2a: Cradily\n|-damage|p2a: Cradily|21\/100\n|-enditem|p2a: Cradily|Binding Band|[from] move: Knock Off|[of] p1a: Tyranitar\n|move|p2a: Cradily|Leech Seed|p1a: Tyranitar\n|-start|p1a: Tyranitar|move: Leech Seed\n|\n|-weather|Sandstorm|[upkeep]\n|-damage|p1a: Tyranitar|66\/100|[from] Leech Seed|[of] p2a: Cradily\n|-heal|p2a: Cradily|32\/100|[silent]\n|-damage|p1a: Tyranitar|50\/100|[from] move: Infestation|[partiallytrapped]\n|upkeep\n|turn|13\n|c|\u2606Reality_Check56|Ah crap\n|\n|t:|1700244337\n|move|p1a: Tyranitar|Knock Off|p2a: Cradily\n|-damage|p2a: Cradily|2\/100\n|move|p2a: Cradily|Rest|p2a: Cradily\n|-status|p2a: Cradily|slp|[from] move: Rest\n|-heal|p2a: Cradily|100\/100 slp|[silent]\n|\n|-weather|Sandstorm|[upkeep]\n|-damage|p1a: Tyranitar|38\/100|[from] Leech Seed|[of] p2a: Cradily\n|-damage|p1a: Tyranitar|21\/100|[from] move: Infestation|[partiallytrapped]\n|upkeep\n|turn|14\n|c|\u2606Reality_Check56|NO\n|c|\u2606The power of ROCK|:V\n|\n|t:|1700244346\n|move|p1a: Tyranitar|Dragon Dance|p1a: Tyranitar\n|-boost|p1a: Tyranitar|atk|1\n|-boost|p1a: Tyranitar|spe|1\n|cant|p2a: Cradily|slp\n|\n|-weather|Sandstorm|[upkeep]\n|-damage|p1a: Tyranitar|9\/100|[from] Leech Seed|[of] p2a: Cradily\n|-damage|p1a: Tyranitar|0 fnt|[from] move: Infestation|[partiallytrapped]\n|faint|p1a: Tyranitar\n|upkeep\n|c|\u2606Reality_Check56|DANG\n|\n|t:|1700244358\n|switch|p1a: Yveltal|Yveltal|100\/100\n|-ability|p1a: Yveltal|Dark Aura\n|turn|15\n|\n|t:|1700244368\n|switch|p2a: Glimmora|Glimmora, F|100\/100\n|-damage|p2a: Glimmora|88\/100|[from] Stealth Rock\n|move|p1a: Yveltal|Taunt|p2a: Glimmora\n|-start|p2a: Glimmora|move: Taunt\n|\n|-weather|none\n|upkeep\n|turn|16\n|c| RedHoodKat|Rock i challange you to a fight on my \"turf\"\n|c|\u2606Reality_Check56|HEHEHEH\n|c|\u2606Reality_Check56|ROCK DONT\n|\n|t:|1700244379\n|move|p2a: Glimmora|Mortal Spin|p1a: Yveltal\n|-damage|p1a: Yveltal|95\/100\n|-status|p1a: Yveltal|psn\n|-sideend|p2: The power of ROCK|Stealth Rock|[from] move: Mortal Spin|[of] p2a: Glimmora\n|move|p1a: Yveltal|Dark Pulse|p2a: Glimmora\n|-damage|p2a: Glimmora|17\/100\n|\n|-damage|p1a: Yveltal|83\/100 psn|[from] psn\n|upkeep\n|turn|17\n|c| RedHoodKat|do it\n|c|\u2606Reality_Check56|ITS A TRAP\n|c|\u2606The power of ROCK|lol i know of his traps\n|c|\u2606The power of ROCK|it will be a custom game with crazy rules\n|c|\u2606Reality_Check56|No\\\n|c|\u2606The power of ROCK|where i just cant win\n|c|\u2606The power of ROCK|xD\n|c|\u2606Reality_Check56|Its Worse\n|\n|t:|1700244451\n|switch|p2a: Tyranitar|Tyranitar, F|87\/100\n|-weather|Sandstorm|[from] ability: Sand Stream|[of] p2a: Tyranitar\n|move|p1a: Yveltal|Dark Pulse|p2a: Tyranitar\n|-resisted|p2a: Tyranitar\n|-damage|p2a: Tyranitar|79\/100\n|\n|-weather|Sandstorm|[upkeep]\n|-damage|p1a: Yveltal|77\/100 psn|[from] Sandstorm\n|-damage|p1a: Yveltal|64\/100 psn|[from] psn\n|upkeep\n|turn|18\n|\n|t:|1700244461\n|-activate|p1a: Yveltal|move: Pursuit\n|move|p2a: Tyranitar|Pursuit|p1a: Yveltal|[from]Pursuit\n|-resisted|p1a: Yveltal\n|-damage|p1a: Yveltal|45\/100 psn\n|switch|p1a: Eternatus|Eternatus|100\/100\n|-ability|p1a: Eternatus|Pressure\n|\n|-weather|Sandstorm|[upkeep]\n|-damage|p1a: Eternatus|94\/100|[from] Sandstorm\n|upkeep\n|turn|19\n|\n|t:|1700244472\n|move|p1a: Eternatus|Toxic Spikes|p2a: Tyranitar\n|-sidestart|p2: The power of ROCK|move: Toxic Spikes\n|move|p2a: Tyranitar|Knock Off|p1a: Eternatus\n|-damage|p1a: Eternatus|61\/100\n|-enditem|p1a: Eternatus|Heavy-Duty Boots|[from] move: Knock Off|[of] p2a: Tyranitar\n|\n|-weather|Sandstorm|[upkeep]\n|-damage|p1a: Eternatus|55\/100|[from] Sandstorm\n|upkeep\n|turn|20\n|c|\u2606Reality_Check56|welp\n|\n|t:|1700244483\n|switch|p2a: Cradily|Cradily, F|100\/100 slp\n|move|p1a: Eternatus|Dynamax Cannon|p2a: Cradily\n|-damage|p2a: Cradily|64\/100 slp\n|\n|-weather|Sandstorm|[upkeep]\n|-damage|p1a: Eternatus|48\/100|[from] Sandstorm\n|upkeep\n|turn|21\n|\n|t:|1700244489\n|switch|p2a: Garganacl|Garganacl, M|100\/100\n|move|p1a: Eternatus|Fire Blast|p2a: Garganacl|[miss]\n|-miss|p1a: Eternatus|p2a: Garganacl\n|\n|-weather|none\n|upkeep\n|turn|22\n|c|\u2606Reality_Check56|welp\n|\n|t:|1700244496\n|move|p1a: Eternatus|Fire Blast|p2a: Garganacl\n|-resisted|p2a: Garganacl\n|-damage|p2a: Garganacl|86\/100\n|-enditem|p2a: Garganacl|Maranga Berry|[eat]\n|-boost|p2a: Garganacl|spd|1|[from] item: Maranga Berry\n|move|p2a: Garganacl|Iron Defense|p2a: Garganacl\n|-boost|p2a: Garganacl|def|2\n|\n|upkeep\n|turn|23\n|c|\u2606Reality_Check56|damg\n|\n|t:|1700244506\n|switch|p1a: Yveltal|Yveltal|45\/100 psn\n|-ability|p1a: Yveltal|Dark Aura\n|move|p2a: Garganacl|Iron Defense|p2a: Garganacl\n|-boost|p2a: Garganacl|def|2\n|\n|-damage|p1a: Yveltal|32\/100 psn|[from] psn\n|upkeep\n|turn|24\n|\n|t:|1700244514\n|move|p1a: Yveltal|Taunt|p2a: Garganacl\n|-start|p2a: Garganacl|move: Taunt\n|move|p2a: Garganacl|Salt Cure|p1a: Yveltal\n|-supereffective|p1a: Yveltal\n|-damage|p1a: Yveltal|5\/100 psn\n|-start|p1a: Yveltal|Salt Cure\n|\n|-damage|p1a: Yveltal|0 fnt|[from] psn\n|faint|p1a: Yveltal\n|upkeep\n|c| RedHoodKat|this was my most recent Choas gym fight (Im running a Chaos gym now i think) https:\/\/replay.pokemonshowdown.com\/gen9nationaldex-1986200528\n|\n|t:|1700244524\n|switch|p1a: Hydreigon|Hydreigon, F|72\/100\n|turn|25\n|c|\u2606The power of ROCK|lol xD\n|\n|t:|1700244531\n|-terastallize|p1a: Hydreigon|Steel\n|move|p1a: Hydreigon|Dark Pulse|p2a: Garganacl\n|-damage|p2a: Garganacl|68\/100\n|move|p2a: Garganacl|Body Press|p1a: Hydreigon\n|-supereffective|p1a: Hydreigon\n|-damage|p1a: Hydreigon|0 fnt\n|faint|p1a: Hydreigon\n|\n|upkeep\n|c|\u2606Reality_Check56|Gtg\n|c|\u2606Reality_Check56|srry\n|-message|Reality_Check56 forfeited.\n|\n|win|The power of ROCK\n|l|\u2606Reality_Check56\n|c|\u2606The power of ROCK|gg xD\n|j| BeeZeeSD\n|l| BeeZeeSD\n|j| BeeZeeSD\n|j|\u2606Reality_Check56\n|player|p1|Reality_Check56|gloria-dojo\n|l| BeeZeeSD\n|l|\u2606Reality_Check56\n|player|p1|\n|j| BeeZeeSD\n|l| BeeZeeSD\n","uploadtime":1700244559,"views":8,"p1id":"realitycheck56","p2id":"thepowerofrock","formatid":"gen9nationaldexubers","rating":0,"private":0,"password":""}