{"id":"gen9nationaldexubers-1981766335","p1":"Aroma Nobody","p2":"ThatOneZoro\/Zoa","format":"[Gen 9] National Dex Ubers","log":"|j|\u2606Aroma Nobody\n|j|\u203dThatOneZoro\/Zoa\n|t:|1698940014\n|gametype|singles\n|player|p1|Aroma Nobody|turo-ai|\n|player|p2|ThatOneZoro\/Zoa|grusha|\n|teamsize|p1|6\n|teamsize|p2|6\n|gen|9\n|tier|[Gen 9] National Dex Ubers\n|rule|HP Percentage Mod: HP is shown in percentages\n|rule|Endless Battle Clause: Forcing endless battles is banned\n|rule|OHKO Clause: OHKO moves are banned\n|rule|Evasion Moves Clause: Evasion moves are banned\n|rule|Evasion Items Clause: Evasion items are banned\n|rule|Species Clause: Limit one of each Pok\u00e9mon\n|rule|Sleep Clause Mod: Limit one foe put to sleep\n|rule|Mega Rayquaza Clause: You cannot mega evolve Rayquaza\n|clearpoke\n|poke|p1|Pelipper, F|\n|poke|p1|Crawdaunt, M|\n|poke|p1|Tapu Koko|\n|poke|p1|Swampert, M|\n|poke|p1|Iron Bundle|\n|poke|p1|Manaphy|\n|poke|p2|Ursaluna, M|\n|poke|p2|Azumarill, F|\n|poke|p2|Blaziken, F|\n|poke|p2|Zoroark, M|\n|poke|p2|Lopunny, M|\n|poke|p2|Hatterene, F|\n|teampreview\n|c|\u2606Aroma Nobody|Glhf\n|\n|t:|1698940046\n|start\n|switch|p1a: Pelipper|Pelipper, F|100\/100\n|switch|p2a: Lopunny|Lopunny, M|100\/100\n|-weather|RainDance|[from] ability: Drizzle|[of] p1a: Pelipper\n|turn|1\n|\n|t:|1698940055\n|move|p2a: Lopunny|Dark Pulse|p1a: Pelipper\n|-damage|p1a: Pelipper|50\/100\n|cant|p1a: Pelipper|flinch\n|\n|-weather|RainDance|[upkeep]\n|upkeep\n|turn|2\n|c|\u2606Aroma Nobody|Sad predicted it too\n|\n|t:|1698940077\n|move|p2a: Lopunny|Dark Pulse|p1a: Pelipper\n|-damage|p1a: Pelipper|0 fnt\n|faint|p1a: Pelipper\n|\n|-weather|RainDance|[upkeep]\n|upkeep\n|\n|t:|1698940084\n|switch|p1a: Swampert|Swampert, M|100\/100\n|turn|3\n|\n|t:|1698940091\n|detailschange|p1a: Swampert|Swampert-Mega, M\n|-mega|p1a: Swampert|Swampert|Swampertite\n|move|p1a: Swampert|Waterfall|p2a: Lopunny\n|-crit|p2a: Lopunny\n|-damage|p2a: Lopunny|0 fnt\n|replace|p2a: Zoroark|Zoroark, M\n|-end|p2a: Zoroark|Illusion\n|faint|p2a: Zoroark\n|\n|-weather|RainDance|[upkeep]\n|upkeep\n|\n|t:|1698940102\n|switch|p2a: Hatterene|Hatterene, F|100\/100\n|turn|4\n|\n|t:|1698940106\n|move|p1a: Swampert|Waterfall|p2a: Hatterene\n|-damage|p2a: Hatterene|25\/100\n|move|p2a: Hatterene|Calm Mind|p2a: Hatterene\n|-boost|p2a: Hatterene|spa|1\n|-boost|p2a: Hatterene|spd|1\n|\n|-weather|RainDance|[upkeep]\n|-heal|p2a: Hatterene|31\/100|[from] item: Leftovers\n|upkeep\n|turn|5\n|\n|t:|1698940112\n|move|p1a: Swampert|Waterfall|p2a: Hatterene\n|-damage|p2a: Hatterene|0 fnt\n|faint|p2a: Hatterene\n|\n|-weather|RainDance|[upkeep]\n|upkeep\n|\n|t:|1698940119\n|switch|p2a: Lopunny|Lopunny, M|100\/100\n|turn|6\n|\n|t:|1698940122\n|detailschange|p2a: Lopunny|Lopunny-Mega, M\n|-mega|p2a: Lopunny|Lopunny|Lopunnite\n|move|p2a: Lopunny|Fake Out|p1a: Swampert\n|-damage|p1a: Swampert|80\/100\n|cant|p1a: Swampert|flinch\n|\n|-weather|RainDance|[upkeep]\n|upkeep\n|turn|7\n|\n|t:|1698940131\n|move|p1a: Swampert|Waterfall|p2a: Lopunny\n|-damage|p2a: Lopunny|12\/100\n|move|p2a: Lopunny|High Jump Kick|p1a: Swampert\n|-damage|p1a: Swampert|13\/100\n|\n|-weather|RainDance|[upkeep]\n|upkeep\n|turn|8\n|\n|t:|1698940138\n|move|p1a: Swampert|Flip Turn|p2a: Lopunny\n|-damage|p2a: Lopunny|0 fnt\n|faint|p2a: Lopunny\n|\n|t:|1698940148\n|switch|p1a: Iron Bundle|Iron Bundle|100\/100|[from] Flip Turn\n|\n|-weather|none\n|upkeep\n|\n|t:|1698940152\n|switch|p2a: Azumarill|Azumarill, F, shiny|100\/100\n|turn|9\n|\n|t:|1698940177\n|move|p1a: Iron Bundle|Freeze-Dry|p2a: Azumarill\n|-supereffective|p2a: Azumarill\n|-damage|p2a: Azumarill|0 fnt\n|faint|p2a: Azumarill\n|\n|upkeep\n|\n|t:|1698940182\n|switch|p2a: Blaziken|Blaziken, F, shiny|100\/100\n|turn|10\n|\n|t:|1698940191\n|-end|p1a: Iron Bundle|Quark Drive|[silent]\n|switch|p1a: Crawdaunt|Crawdaunt, M|100\/100\n|move|p2a: Blaziken|Protect||[still]\n|-fail|p2a: Blaziken\n|\n|-ability|p2a: Blaziken|Speed Boost|boost\n|-boost|p2a: Blaziken|spe|1\n|upkeep\n|turn|11\n|\n|t:|1698940199\n|-terastallize|p1a: Crawdaunt|Water\n|move|p1a: Crawdaunt|Aqua Jet|p2a: Blaziken\n|-supereffective|p2a: Blaziken\n|-damage|p2a: Blaziken|0 fnt\n|faint|p2a: Blaziken\n|\n|upkeep\n|\n|t:|1698940203\n|switch|p2a: Ursaluna|Ursaluna, M, shiny|100\/100\n|turn|12\n|\n|t:|1698940207\n|move|p2a: Ursaluna|Protect|p2a: Ursaluna\n|-singleturn|p2a: Ursaluna|Protect\n|move|p1a: Crawdaunt|Aqua Jet|p2a: Ursaluna\n|-activate|p2a: Ursaluna|move: Protect\n|\n|-status|p2a: Ursaluna|brn|[from] item: Flame Orb\n|upkeep\n|turn|13\n|\n|t:|1698940212\n|move|p1a: Crawdaunt|Aqua Jet|p2a: Ursaluna\n|-supereffective|p2a: Ursaluna\n|-damage|p2a: Ursaluna|37\/100 brn\n|move|p2a: Ursaluna|Trailblaze|p1a: Crawdaunt\n|-supereffective|p1a: Crawdaunt\n|-damage|p1a: Crawdaunt|16\/100\n|-boost|p2a: Ursaluna|spe|1\n|\n|-damage|p2a: Ursaluna|31\/100 brn|[from] brn\n|upkeep\n|turn|14\n|\n|t:|1698940219\n|move|p1a: Crawdaunt|Aqua Jet|p2a: Ursaluna\n|-supereffective|p2a: Ursaluna\n|-damage|p2a: Ursaluna|0 fnt\n|faint|p2a: Ursaluna\n|\n|win|Aroma Nobody\n|c|\u2606Aroma Nobody|Gg\n","uploadtime":1698940240,"views":12,"p1id":"aromanobody","p2id":"thatonezorozoa","formatid":"gen9nationaldexubers","rating":0,"private":0,"password":""}