{"id":"gen9nationaldexubers-1978597404","p1":"Dreepy Airlines","p2":"ANinjaDude","format":"[Gen 9] National Dex Ubers","log":"|j|\u2606Dreepy Airlines\n|j|\u2606ANinjaDude\n|t:|1698563391\n|gametype|singles\n|player|p1|Dreepy Airlines|elesa-masters2|\n|player|p2|ANinjaDude|volkner|\n|teamsize|p1|6\n|teamsize|p2|6\n|gen|9\n|tier|[Gen 9] National Dex Ubers\n|rule|HP Percentage Mod: HP is shown in percentages\n|rule|Endless Battle Clause: Forcing endless battles is banned\n|rule|OHKO Clause: OHKO moves are banned\n|rule|Evasion Moves Clause: Evasion moves are banned\n|rule|Evasion Items Clause: Evasion items are banned\n|rule|Species Clause: Limit one of each Pok\u00e9mon\n|rule|Sleep Clause Mod: Limit one foe put to sleep\n|rule|Mega Rayquaza Clause: You cannot mega evolve Rayquaza\n|clearpoke\n|poke|p1|Lopunny, M|\n|poke|p1|Ursaluna-Bloodmoon, M|\n|poke|p1|Porygon-Z|\n|poke|p1|Chansey, F|\n|poke|p1|Ditto|\n|poke|p1|Zoroark-Hisui, F|\n|poke|p2|Landorus-Therian, M|\n|poke|p2|Celesteela|\n|poke|p2|Thundurus-Therian, M|\n|poke|p2|Dragonite, M|\n|poke|p2|Rayquaza|\n|poke|p2|Scizor, F|\n|teampreview\n|inactive|Battle timer is ON: inactive players will automatically lose when time's up. (requested by ANinjaDude)\n|c|\u2606ANinjaDude|glhf\n|c|\u2606Dreepy Airlines|hf\n|c|\u2606Dreepy Airlines|this battle is a gym battle\n|inactive|Dreepy Airlines has 270 seconds left.\n|c|\u2606Dreepy Airlines|for s3\n|c|\u2606ANinjaDude|yes\n|\n|t:|1698563437\n|start\n|switch|p1a: Lopunny|Lopunny, M|100\/100\n|switch|p2a: Landorus|Landorus-Therian, M|100\/100\n|-ability|p2a: Landorus|Intimidate|boost\n|-unboost|p1a: Lopunny|atk|1\n|turn|1\n|\n|t:|1698563445\n|switch|p2a: Celesteela|Celesteela|100\/100\n|detailschange|p1a: Lopunny|Lopunny-Mega, M\n|-mega|p1a: Lopunny|Lopunny|Lopunnite\n|move|p1a: Lopunny|Fake Out|p2a: Celesteela\n|-resisted|p2a: Celesteela\n|-damage|p2a: Celesteela|93\/100\n|\n|upkeep\n|turn|2\n|\n|t:|1698563449\n|move|p1a: Lopunny|U-turn|p2a: Celesteela\n|-resisted|p2a: Celesteela\n|-damage|p2a: Celesteela|89\/100\n|\n|t:|1698563467\n|switch|p1a: Chansey|Chansey, F|100\/100|[from] U-turn\n|move|p2a: Celesteela|Autotomize|p2a: Celesteela\n|-boost|p2a: Celesteela|spe|2\n|-start|p2a: Celesteela|Autotomize\n|\n|upkeep\n|turn|3\n|\n|t:|1698563471\n|move|p2a: Celesteela|Air Slash|p1a: Chansey\n|-damage|p1a: Chansey|89\/100\n|move|p1a: Chansey|Stealth Rock|p2a: Celesteela\n|-sidestart|p2: ANinjaDude|move: Stealth Rock\n|\n|upkeep\n|turn|4\n|\n|t:|1698563475\n|move|p2a: Celesteela|Air Slash|p1a: Chansey\n|-damage|p1a: Chansey|78\/100\n|move|p1a: Chansey|Seismic Toss|p2a: Celesteela\n|-damage|p2a: Celesteela|59\/100\n|\n|upkeep\n|turn|5\n|c|\u2606ANinjaDude|whats your opinion on parahax\n|\n|t:|1698563482\n|move|p2a: Celesteela|Air Slash|p1a: Chansey\n|-damage|p1a: Chansey|67\/100\n|move|p1a: Chansey|Seismic Toss|p2a: Celesteela\n|-damage|p2a: Celesteela|29\/100\n|\n|upkeep\n|turn|6\n|c|\u2606Dreepy Airlines|no\n|\n|t:|1698563487\n|move|p2a: Celesteela|Air Slash|p1a: Chansey\n|-damage|p1a: Chansey|57\/100\n|move|p1a: Chansey|Soft-Boiled|p1a: Chansey\n|-heal|p1a: Chansey|100\/100\n|\n|upkeep\n|turn|7\n|\n|t:|1698563490\n|move|p2a: Celesteela|Air Slash|p1a: Chansey|[miss]\n|-miss|p2a: Celesteela|p1a: Chansey\n|move|p1a: Chansey|Seismic Toss|p2a: Celesteela\n|-damage|p2a: Celesteela|0 fnt\n|faint|p2a: Celesteela\n|\n|upkeep\n|\n|t:|1698563495\n|switch|p2a: Landorus|Landorus-Therian, M|100\/100\n|-damage|p2a: Landorus|88\/100|[from] Stealth Rock\n|-ability|p2a: Landorus|Intimidate|boost\n|-unboost|p1a: Chansey|atk|1\n|turn|8\n|c|\u2606ANinjaDude|dont mind me, just setting up rocks\n|c|\u2606ANinjaDude|nothing to see here\n|c|\u2606Dreepy Airlines|fr\n|inactive|Dreepy Airlines has 270 seconds left.\n|\n|t:|1698563536\n|switch|p1a: Ursaluna|Ursaluna-Bloodmoon, M|100\/100\n|move|p2a: Landorus|Stealth Rock|p1a: Ursaluna\n|-sidestart|p1: Dreepy Airlines|move: Stealth Rock\n|\n|upkeep\n|turn|9\n|c|\u2606ANinjaDude|i feel as though i have been minded\n|\n|t:|1698563561\n|move|p2a: Landorus|Knock Off|p1a: Ursaluna\n|-damage|p1a: Ursaluna|82\/100\n|-enditem|p1a: Ursaluna|Leftovers|[from] move: Knock Off|[of] p2a: Landorus\n|move|p1a: Ursaluna|Calm Mind|p1a: Ursaluna\n|-boost|p1a: Ursaluna|spa|1\n|-boost|p1a: Ursaluna|spd|1\n|\n|upkeep\n|turn|10\n|\n|t:|1698563571\n|move|p2a: Landorus|Earthquake|p1a: Ursaluna\n|-damage|p1a: Ursaluna|54\/100\n|move|p1a: Ursaluna|Blood Moon|p2a: Landorus\n|-damage|p2a: Landorus|0 fnt\n|faint|p2a: Landorus\n|\n|upkeep\n|c|\u2606Dreepy Airlines|blorp\n|c|\u2606ANinjaDude|shoulda went boom\n|\n|t:|1698563582\n|switch|p2a: Thundurus|Thundurus-Therian, M|100\/100\n|turn|11\n|c|\u2606Dreepy Airlines|its gonna gknot me\n|\n|t:|1698563605\n|move|p2a: Thundurus|Substitute|p2a: Thundurus\n|-start|p2a: Thundurus|Substitute\n|-damage|p2a: Thundurus|76\/100\n|move|p1a: Ursaluna|Moonlight|p1a: Ursaluna\n|-heal|p1a: Ursaluna|100\/100\n|\n|upkeep\n|turn|12\n|c|\u2606Dreepy Airlines|nvmm\n|\n|t:|1698563611\n|move|p2a: Thundurus|Nasty Plot|p2a: Thundurus\n|-boost|p2a: Thundurus|spa|2\n|move|p1a: Ursaluna|Blood Moon|p2a: Thundurus\n|-end|p2a: Thundurus|Substitute\n|\n|upkeep\n|turn|13\n|\n|t:|1698563617\n|switch|p1a: Chansey|Chansey, F|100\/100\n|-damage|p1a: Chansey|88\/100|[from] Stealth Rock\n|move|p2a: Thundurus|Substitute|p2a: Thundurus\n|-start|p2a: Thundurus|Substitute\n|-damage|p2a: Thundurus|51\/100\n|\n|upkeep\n|turn|14\n|\n|t:|1698563622\n|move|p2a: Thundurus|Thunderbolt|p1a: Chansey\n|-crit|p1a: Chansey\n|-damage|p1a: Chansey|41\/100\n|move|p1a: Chansey|Seismic Toss|p2a: Thundurus\n|-end|p2a: Thundurus|Substitute\n|\n|upkeep\n|turn|15\n|\n|t:|1698563628\n|move|p2a: Thundurus|Thunderbolt|p1a: Chansey\n|-damage|p1a: Chansey|12\/100\n|move|p1a: Chansey|Seismic Toss|p2a: Thundurus\n|-damage|p2a: Thundurus|18\/100\n|\n|upkeep\n|turn|16\n|c|\u2606Dreepy Airlines|im really not using chansey for anything else\n|\n|t:|1698563638\n|-terastallize|p2a: Thundurus|Ice\n|move|p2a: Thundurus|Tera Blast|p1a: Chansey|[anim] Tera Blast Ice\n|-damage|p1a: Chansey|0 fnt\n|faint|p1a: Chansey\n|\n|upkeep\n|c|\u2606Dreepy Airlines|unless the spa ray\n|c|\u2606Dreepy Airlines|which i would love\n|c|\u2606Dreepy Airlines|cus more peeps should really use\n|c|\u2606ANinjaDude|was really expecting a switch to ditto to eat the tbolt tbh\n|inactive|Dreepy Airlines has 270 seconds left.\n|c|\u2606Dreepy Airlines|but no reason to risk it\n|c|\u2606ANinjaDude|fair\n|\n|t:|1698563679\n|switch|p1a: Lopunny|Lopunny-Mega, M|100\/100\n|-damage|p1a: Lopunny|95\/100|[from] Stealth Rock\n|turn|17\n|\n|t:|1698563694\n|move|p1a: Lopunny|U-turn|p2a: Thundurus\n|-damage|p2a: Thundurus|0 fnt\n|faint|p2a: Thundurus\n|c|\u2606ANinjaDude|bring in ditto\n|c|\u2606ANinjaDude|fr\n|inactive|Dreepy Airlines has 240 seconds left.\n|\n|t:|1698563715\n|switch|p1a: Porygon-Z|Porygon-Z|100\/100|[from] U-turn\n|-damage|p1a: Porygon-Z|88\/100|[from] Stealth Rock\n|\n|upkeep\n|c|\u2606Dreepy Airlines|shooty time\n|\n|t:|1698563726\n|switch|p2a: Scizor|Scizor, F|100\/100\n|-damage|p2a: Scizor|88\/100|[from] Stealth Rock\n|turn|18\n|inactive|Dreepy Airlines has 240 seconds left.\n|c|\u2606ANinjaDude|i feel slightly threatened\n|c|\u2606ANinjaDude|but its fine\n|c|\u2606Dreepy Airlines|say i wont\n|\n|t:|1698563769\n|detailschange|p2a: Scizor|Scizor-Mega, F\n|-mega|p2a: Scizor|Scizor|Scizorite\n|-terastallize|p1a: Porygon-Z|Normal\n|move|p1a: Porygon-Z|Hyper Beam|p2a: Scizor\n|-resisted|p2a: Scizor\n|-crit|p2a: Scizor\n|-damage|p2a: Scizor|0 fnt\n|-mustrecharge|p1a: Porygon-Z\n|faint|p2a: Scizor\n|\n|upkeep\n|c|\u2606ANinjaDude|bruh\n|c|\u2606Dreepy Airlines|idt that mattered\n|c|\u2606Dreepy Airlines|50% to kill w\/o\n|c|\u2606ANinjaDude|you specs?\n|c|\u2606Dreepy Airlines|yeah\n|c|\u2606Dreepy Airlines|!showset 3\n|c| Dreepy Airlines|\/raw <div class=\"infobox\">Porygon-Z @ Choice Specs  <br \/>Ability: Adaptability  <br \/>Tera Type: Normal  <br \/>EVs: 252 SpA &#x2f; 4 SpD &#x2f; 252 Spe  <br \/>Modest Nature  <br \/>IVs: 0 Atk  <br \/>- Tri Attack  <br \/>- Hyper Beam  <br \/>- Trick  <br \/>- Dark Pulse  <br \/><br \/><\/div>\n|\n|t:|1698563795\n|switch|p2a: Rayquaza|Rayquaza|100\/100\n|-damage|p2a: Rayquaza|76\/100|[from] Stealth Rock\n|-ability|p2a: Rayquaza|Air Lock\n|turn|19\n|\n|t:|1698563803\n|move|p2a: Rayquaza|Scale Shot|p1a: Porygon-Z\n|-damage|p1a: Porygon-Z|66\/100\n|-damage|p1a: Porygon-Z|46\/100\n|-damage|p1a: Porygon-Z|23\/100\n|-damage|p1a: Porygon-Z|3\/100\n|-damage|p1a: Porygon-Z|0 fnt\n|faint|p1a: Porygon-Z\n|-hitcount|p1: Porygon-Z|5\n|-unboost|p2a: Rayquaza|def|1\n|-boost|p2a: Rayquaza|spe|1\n|\n|upkeep\n|\n|t:|1698563809\n|switch|p1a: Ditto|Ditto|100\/100\n|-damage|p1a: Ditto|88\/100|[from] Stealth Rock\n|-transform|p1a: Ditto|p2a: Rayquaza|[from] ability: Imposter\n|turn|20\n|\n|t:|1698563822\n|move|p1a: Ditto|Scale Shot|p2a: Rayquaza|[miss]\n|-miss|p1a: Ditto|p2a: Rayquaza\n|move|p2a: Rayquaza|Scale Shot|p1a: Ditto\n|-supereffective|p1a: Ditto\n|-damage|p1a: Ditto|33\/100\n|-supereffective|p1a: Ditto\n|-damage|p1a: Ditto|0 fnt\n|faint|p1a: Ditto\n|-hitcount|p1: Ditto|2\n|-unboost|p2a: Rayquaza|def|1\n|-boost|p2a: Rayquaza|spe|1\n|\n|upkeep\n|c|\u2606Dreepy Airlines|interesting\n|inactive|Dreepy Airlines has 210 seconds left.\n|c|\u2606Dreepy Airlines|wwhy did i have to bring earth power ursa to flying gym\n|c|\u2606Dreepy Airlines|with only blood moon as the other move\n|c|\u2606ANinjaDude|lol\n|\n|t:|1698563856\n|switch|p1a: Lopunny|Lopunny-Mega, M|95\/100\n|-damage|p1a: Lopunny|89\/100|[from] Stealth Rock\n|turn|21\n|c|\u2606Dreepy Airlines|oopsie\n|c|\u2606Dreepy Airlines|wrong one\n|c|\u2606ANinjaDude|thats almost as bad as the time someone set up spikes vs me\n|\n|t:|1698563880\n|move|p1a: Lopunny|Fake Out|p2a: Rayquaza\n|-damage|p2a: Rayquaza|29\/100\n|cant|p2a: Rayquaza|flinch\n|\n|upkeep\n|turn|22\n|c|\u2606Dreepy Airlines|i thought i had qa\n|inactive|Dreepy Airlines has 210 seconds left.\n|c|\u2606ANinjaDude|on lopunny?\n|c|\u2606Dreepy Airlines|yeah\n|\n|t:|1698563900\n|move|p2a: Rayquaza|Dragon Ascent|p1a: Lopunny\n|-supereffective|p1a: Lopunny\n|-damage|p1a: Lopunny|0 fnt\n|-unboost|p2a: Rayquaza|def|1\n|-unboost|p2a: Rayquaza|spd|1\n|faint|p1a: Lopunny\n|\n|upkeep\n|\n|t:|1698563904\n|switch|p1a: Ursaluna|Ursaluna-Bloodmoon, M|100\/100\n|-damage|p1a: Ursaluna|94\/100|[from] Stealth Rock\n|turn|23\n|\n|t:|1698563909\n|move|p2a: Rayquaza|Dragon Ascent|p1a: Ursaluna\n|-damage|p1a: Ursaluna|61\/100\n|-unboost|p2a: Rayquaza|def|1\n|-unboost|p2a: Rayquaza|spd|1\n|move|p1a: Ursaluna|Blood Moon|p2a: Rayquaza\n|-crit|p2a: Rayquaza\n|-damage|p2a: Rayquaza|0 fnt\n|faint|p2a: Rayquaza\n|\n|upkeep\n|c|\u2606Dreepy Airlines|really cost me\n|\n|t:|1698563915\n|switch|p2a: Dragonite|Dragonite, M|100\/100\n|turn|24\n|c|\u2606ANinjaDude|yeah\n|\n|t:|1698563923\n|move|p2a: Dragonite|Dragon Dance|p2a: Dragonite\n|-boost|p2a: Dragonite|atk|1\n|-boost|p2a: Dragonite|spe|1\n|move|p1a: Ursaluna|Calm Mind|p1a: Ursaluna\n|-boost|p1a: Ursaluna|spa|1\n|-boost|p1a: Ursaluna|spd|1\n|\n|upkeep\n|turn|25\n|c|\u2606Dreepy Airlines|you kill\n|c|\u2606Dreepy Airlines|trust\n|\n|t:|1698563941\n|move|p2a: Dragonite|Dragon Dance|p2a: Dragonite\n|-boost|p2a: Dragonite|atk|1\n|-boost|p2a: Dragonite|spe|1\n|move|p1a: Ursaluna|Blood Moon|p2a: Dragonite\n|-damage|p2a: Dragonite|49\/100\n|\n|upkeep\n|turn|26\n|c|\u2606Dreepy Airlines|wtff\n|inactive|Dreepy Airlines has 240 seconds left.\n|\n|t:|1698563947\n|move|p2a: Dragonite|Earthquake|p1a: Ursaluna\n|-damage|p1a: Ursaluna|25\/100\n|move|p1a: Ursaluna|Moonlight|p1a: Ursaluna\n|-heal|p1a: Ursaluna|75\/100\n|\n|upkeep\n|turn|27\n|c|\u2606Dreepy Airlines|gg\n|\n|t:|1698563953\n|move|p2a: Dragonite|Roost|p2a: Dragonite\n|-heal|p2a: Dragonite|99\/100\n|-singleturn|p2a: Dragonite|move: Roost\n|move|p1a: Ursaluna|Blood Moon|p2a: Dragonite\n|-damage|p2a: Dragonite|0 fnt\n|faint|p2a: Dragonite\n|\n|win|Dreepy Airlines\n|c|\u2606ANinjaDude|ggs\n|c|\u2606ANinjaDude|should have roosted twice\n|c|\u2606Dreepy Airlines|yeah prob\n|l|\u2606Dreepy Airlines\n|c|\u2606ANinjaDude|i could have stalled out blood moon\n","uploadtime":1698563967,"views":12,"p1id":"dreepyairlines","p2id":"aninjadude","formatid":"gen9nationaldexubers","rating":0,"private":0,"password":""}