{"id":"gen9nationaldexubers-1993663956","p1":"85792195wwww","p2":"teneber","format":"[Gen 9] National Dex Ubers","log":"|j|\u260685792195wwww\n|j|\u2606teneber\n|t:|1700343053\n|gametype|singles\n|player|p1|85792195wwww|mira|1677\n|player|p2|teneber|ghetsis|1628\n|teamsize|p1|6\n|teamsize|p2|6\n|gen|9\n|tier|[Gen 9] National Dex Ubers\n|rated|\n|rule|HP Percentage Mod: HP is shown in percentages\n|rule|Endless Battle Clause: Forcing endless battles is banned\n|rule|OHKO Clause: OHKO moves are banned\n|rule|Evasion Moves Clause: Evasion moves are banned\n|rule|Evasion Items Clause: Evasion items are banned\n|rule|Species Clause: Limit one of each Pok\u00e9mon\n|rule|Sleep Clause Mod: Limit one foe put to sleep\n|rule|Mega Rayquaza Clause: You cannot mega evolve Rayquaza\n|clearpoke\n|poke|p1|Mewtwo|\n|poke|p1|Arceus-Rock|\n|poke|p1|Xerneas-*|\n|poke|p1|Rayquaza|\n|poke|p1|Krookodile, M|\n|poke|p1|Groudon|\n|poke|p2|Groudon|\n|poke|p2|Necrozma-Dusk-Mane|\n|poke|p2|Zacian-*|\n|poke|p2|Kyogre|\n|poke|p2|Yveltal|\n|poke|p2|Eternatus|\n|teampreview\n|inactive|Battle timer is ON: inactive players will automatically lose when time's up. (requested by teneber)\n|\n|t:|1700343066\n|start\n|switch|p1a: Krookodile|Krookodile, M|100\/100\n|switch|p2a: Necrozma|Necrozma-Dusk-Mane, shiny|100\/100\n|-ability|p1a: Krookodile|Intimidate|boost\n|-unboost|p2a: Necrozma|atk|1\n|turn|1\n|\n|t:|1700343074\n|switch|p2a: Yveltal|Yveltal|100\/100\n|-ability|p2a: Yveltal|Dark Aura\n|move|p1a: Krookodile|Stealth Rock|p2a: Yveltal\n|-sidestart|p2: teneber|move: Stealth Rock\n|\n|upkeep\n|turn|2\n|\n|t:|1700343082\n|move|p2a: Yveltal|Defog|p1a: Krookodile\n|-unboost|p1a: Krookodile|evasion|1\n|-sideend|p2: teneber|Stealth Rock|[from] move: Defog|[of] p2a: Yveltal\n|move|p1a: Krookodile|Knock Off|p2a: Yveltal\n|-resisted|p2a: Yveltal\n|-damage|p2a: Yveltal|69\/100\n|-enditem|p2a: Yveltal|Black Glasses|[from] move: Knock Off|[of] p1a: Krookodile\n|\n|upkeep\n|turn|3\n|\n|t:|1700343090\n|switch|p1a: Arceus|Arceus-Rock|100\/100\n|move|p2a: Yveltal|Oblivion Wing|p1a: Arceus\n|-resisted|p1a: Arceus\n|-crit|p1a: Arceus\n|-damage|p1a: Arceus|76\/100\n|-heal|p2a: Yveltal|87\/100|[from] drain|[of] p1a: Arceus\n|\n|upkeep\n|turn|4\n|\n|t:|1700343100\n|move|p1a: Arceus|Will-O-Wisp|p2a: Yveltal\n|-status|p2a: Yveltal|brn\n|move|p2a: Yveltal|Dark Pulse|p1a: Arceus\n|-damage|p1a: Arceus|34\/100\n|\n|-damage|p2a: Yveltal|81\/100 brn|[from] brn\n|upkeep\n|turn|5\n|\n|t:|1700343112\n|move|p1a: Arceus|Judgment|p2a: Yveltal\n|-supereffective|p2a: Yveltal\n|-damage|p2a: Yveltal|0 fnt\n|faint|p2a: Yveltal\n|\n|upkeep\n|\n|t:|1700343126\n|switch|p2a: Groudon|Groudon, shiny|100\/100\n|detailschange|p2a: Groudon|Groudon-Primal, shiny\n|-primal|p2a: Groudon|Red Orb\n|-weather|DesolateLand|[from] ability: Desolate Land|[of] p2a: Groudon\n|turn|6\n|\n|t:|1700343132\n|move|p1a: Arceus|Judgment|p2a: Groudon\n|-damage|p2a: Groudon|32\/100\n|move|p2a: Groudon|Rock Polish|p2a: Groudon\n|-boost|p2a: Groudon|spe|2\n|\n|-weather|DesolateLand|[upkeep]\n|upkeep\n|turn|7\n|\n|t:|1700343139\n|move|p2a: Groudon|Earthquake|p1a: Arceus\n|-supereffective|p1a: Arceus\n|-damage|p1a: Arceus|0 fnt\n|faint|p1a: Arceus\n|\n|-weather|DesolateLand|[upkeep]\n|upkeep\n|\n|t:|1700343145\n|switch|p1a: Krookodile|Krookodile, M|100\/100\n|-ability|p1a: Krookodile|Intimidate|boost\n|-unboost|p2a: Groudon|atk|1\n|turn|8\n|\n|t:|1700343153\n|move|p2a: Groudon|Heat Crash|p1a: Krookodile\n|-damage|p1a: Krookodile|0 fnt\n|faint|p1a: Krookodile\n|\n|-weather|DesolateLand|[upkeep]\n|upkeep\n|\n|t:|1700343164\n|switch|p1a: Rayquaza|Rayquaza|100\/100\n|-ability|p1a: Rayquaza|Air Lock\n|turn|9\n|\n|t:|1700343173\n|move|p2a: Groudon|Heat Crash|p1a: Rayquaza\n|-resisted|p1a: Rayquaza\n|-damage|p1a: Rayquaza|76\/100\n|move|p1a: Rayquaza|Earthquake|p2a: Groudon\n|-supereffective|p2a: Groudon\n|-damage|p2a: Groudon|0 fnt\n|faint|p2a: Groudon\n|-weather|none\n|\n|upkeep\n|\n|t:|1700343183\n|switch|p2a: Necrozma|Necrozma-Dusk-Mane, shiny|100\/100\n|turn|10\n|\n|t:|1700343187\n|move|p1a: Rayquaza|Earthquake|p2a: Necrozma\n|-supereffective|p2a: Necrozma\n|-damage|p2a: Necrozma|26\/100\n|move|p2a: Necrozma|Dragon Dance|p2a: Necrozma\n|-boost|p2a: Necrozma|atk|1\n|-boost|p2a: Necrozma|spe|1\n|\n|upkeep\n|turn|11\n|\n|t:|1700343201\n|switch|p1a: Mewtwo|Mewtwo|100\/100\n|-ability|p1a: Mewtwo|Pressure\n|detailschange|p2a: Necrozma|Necrozma-Ultra, shiny\n|-burst|p2a: Necrozma|Necrozma|Ultranecrozium Z\n|move|p2a: Necrozma|Photon Geyser|p1a: Mewtwo\n|-resisted|p1a: Mewtwo\n|-damage|p1a: Mewtwo|48\/100\n|\n|upkeep\n|turn|12\n|\n|t:|1700343217\n|detailschange|p1a: Mewtwo|Mewtwo-Mega-X\n|-mega|p1a: Mewtwo|Mewtwo|Mewtwonite X\n|move|p2a: Necrozma|Sunsteel Strike|p1a: Mewtwo\n|-damage|p1a: Mewtwo|0 fnt\n|faint|p1a: Mewtwo\n|\n|upkeep\n|\n|t:|1700343225\n|switch|p1a: Rayquaza|Rayquaza|76\/100\n|-ability|p1a: Rayquaza|Air Lock\n|turn|13\n|\n|t:|1700343231\n|move|p1a: Rayquaza|Extreme Speed|p2a: Necrozma\n|-damage|p2a: Necrozma|0 fnt\n|faint|p2a: Necrozma\n|\n|upkeep\n|\n|t:|1700343239\n|switch|p2a: Kyogre|Kyogre|100\/100\n|-weather|RainDance|[from] ability: Drizzle|[of] p2a: Kyogre\n|turn|14\n|\n|t:|1700343244\n|move|p1a: Rayquaza|Extreme Speed|p2a: Kyogre\n|-crit|p2a: Kyogre\n|-damage|p2a: Kyogre|17\/100\n|move|p2a: Kyogre|Ice Beam|p1a: Rayquaza\n|-supereffective|p1a: Rayquaza\n|-damage|p1a: Rayquaza|0 fnt\n|faint|p1a: Rayquaza\n|\n|-weather|RainDance|[upkeep]\n|upkeep\n|\n|t:|1700343256\n|switch|p1a: Xerneas|Xerneas|100\/100\n|-ability|p1a: Xerneas|Fairy Aura\n|turn|15\n|\n|t:|1700343262\n|move|p2a: Kyogre|Ice Beam|p1a: Xerneas\n|-damage|p1a: Xerneas|68\/100\n|move|p1a: Xerneas|Geomancy||[still]\n|-prepare|p1a: Xerneas|Geomancy\n|-enditem|p1a: Xerneas|Power Herb\n|-anim|p1a: Xerneas|Geomancy|p1a: Xerneas\n|-boost|p1a: Xerneas|spa|2\n|-boost|p1a: Xerneas|spd|2\n|-boost|p1a: Xerneas|spe|2\n|\n|-weather|RainDance|[upkeep]\n|upkeep\n|turn|16\n|\n|t:|1700343272\n|move|p1a: Xerneas|Moonblast|p2a: Kyogre\n|-damage|p2a: Kyogre|0 fnt\n|faint|p2a: Kyogre\n|\n|-weather|RainDance|[upkeep]\n|upkeep\n|\n|t:|1700343285\n|switch|p2a: Zacian|Zacian-Crowned|100\/100\n|-ability|p2a: Zacian|Intrepid Sword|boost\n|-boost|p2a: Zacian|atk|1\n|turn|17\n|\n|t:|1700343291\n|-terastallize|p1a: Xerneas|Fighting\n|move|p1a: Xerneas|Moonblast|p2a: Zacian\n|-resisted|p2a: Zacian\n|-damage|p2a: Zacian|37\/100\n|move|p2a: Zacian|Behemoth Blade|p1a: Xerneas\n|-damage|p1a: Xerneas|11\/100\n|\n|-weather|RainDance|[upkeep]\n|upkeep\n|turn|18\n|\n|t:|1700343306\n|move|p1a: Xerneas|Moonblast|p2a: Zacian\n|-resisted|p2a: Zacian\n|-damage|p2a: Zacian|0 fnt\n|faint|p2a: Zacian\n|\n|-weather|none\n|upkeep\n|\n|t:|1700343309\n|switch|p2a: Eternatus|Eternatus|100\/100\n|-ability|p2a: Eternatus|Pressure\n|turn|19\n|\n|t:|1700343318\n|-terastallize|p2a: Eternatus|Poison\n|move|p1a: Xerneas|Moonblast|p2a: Eternatus\n|-resisted|p2a: Eternatus\n|-damage|p2a: Eternatus|40\/100\n|-unboost|p2a: Eternatus|spa|1\n|move|p2a: Eternatus|Meteor Beam||[still]\n|-prepare|p2a: Eternatus|Meteor Beam\n|-boost|p2a: Eternatus|spa|1\n|-enditem|p2a: Eternatus|Power Herb\n|-anim|p2a: Eternatus|Meteor Beam|p1a: Xerneas\n|-resisted|p1a: Xerneas\n|-damage|p1a: Xerneas|0 fnt\n|faint|p1a: Xerneas\n|\n|upkeep\n|\n|t:|1700343332\n|switch|p1a: Groudon|Groudon|100\/100\n|detailschange|p1a: Groudon|Groudon-Primal\n|-primal|p1a: Groudon|Red Orb\n|-weather|DesolateLand|[from] ability: Desolate Land|[of] p1a: Groudon\n|turn|20\n|\n|t:|1700343340\n|move|p2a: Eternatus|Dynamax Cannon|p1a: Groudon\n|-damage|p1a: Groudon|50\/100\n|move|p1a: Groudon|Precipice Blades|p2a: Eternatus\n|-supereffective|p2a: Eternatus\n|-damage|p2a: Eternatus|0 fnt\n|faint|p2a: Eternatus\n|\n|win|85792195wwww\n|raw|85792195wwww's rating: 1677 &rarr; <strong>1694<\/strong><br \/>(+17 for winning)\n|raw|teneber's rating: 1628 &rarr; <strong>1611<\/strong><br \/>(-17 for losing)\n|l|\u2606teneber\n","uploadtime":1700343367,"views":6,"p1id":"85792195wwww","p2id":"teneber","formatid":"gen9nationaldexubers","rating":1611,"private":0,"password":""}