{"id":"gen9nationaldexubers-1999369259","p1":"BrawlerBlake","p2":"killgaldod","format":"[Gen 9] National Dex Ubers","log":"|j|\u2606BrawlerBlake\n|j|\u2606killgaldod\n|t:|1701068310\n|gametype|singles\n|player|p1|BrawlerBlake|alec-anime|1117\n|player|p2|killgaldod|lance|1282\n|teamsize|p1|6\n|teamsize|p2|6\n|gen|9\n|tier|[Gen 9] National Dex Ubers\n|rated|\n|rule|HP Percentage Mod: HP is shown in percentages\n|rule|Endless Battle Clause: Forcing endless battles is banned\n|rule|OHKO Clause: OHKO moves are banned\n|rule|Evasion Moves Clause: Evasion moves are banned\n|rule|Evasion Items Clause: Evasion items are banned\n|rule|Species Clause: Limit one of each Pok\u00e9mon\n|rule|Sleep Clause Mod: Limit one foe put to sleep\n|rule|Mega Rayquaza Clause: You cannot mega evolve Rayquaza\n|clearpoke\n|poke|p1|Palafin, M|\n|poke|p1|Grimmsnarl, M|\n|poke|p1|Zoroark-Hisui, M|\n|poke|p1|Arcanine-Hisui, F|\n|poke|p1|Nidoking, M|\n|poke|p1|Meowscarada, F|\n|poke|p2|Ribombee, M|\n|poke|p2|Xerneas-*|\n|poke|p2|Skeledirge, M|\n|poke|p2|Charizard, M|\n|poke|p2|Zamazenta-*|\n|poke|p2|Xurkitree|\n|teampreview\n|inactive|Battle timer is ON: inactive players will automatically lose when time's up. (requested by BrawlerBlake)\n|\n|t:|1701068328\n|start\n|switch|p1a: Nidoking|Nidoking, M|100\/100\n|switch|p2a: Ribombee|Ribombee, M|100\/100\n|turn|1\n|\n|t:|1701068333\n|move|p2a: Ribombee|Sticky Web|p1a: Nidoking\n|-sidestart|p1: BrawlerBlake|move: Sticky Web\n|move|p1a: Nidoking|Nasty Plot|p1a: Nidoking\n|-boost|p1a: Nidoking|spa|2\n|\n|upkeep\n|turn|2\n|\n|t:|1701068343\n|move|p2a: Ribombee|Moonblast|p1a: Nidoking\n|-damage|p1a: Nidoking|18\/100\n|replace|p1a: Zoroark|Zoroark-Hisui, M\n|-end|p1a: Zoroark|Illusion\n|move|p1a: Zoroark|Nasty Plot|p1a: Zoroark\n|-boost|p1a: Zoroark|spa|2\n|\n|upkeep\n|turn|3\n|\n|t:|1701068350\n|move|p2a: Ribombee|Moonblast|p1a: Zoroark\n|-damage|p1a: Zoroark|0 fnt\n|faint|p1a: Zoroark\n|\n|upkeep\n|\n|t:|1701068357\n|switch|p1a: Grimmsnarl|Grimmsnarl, M|100\/100\n|-activate|p1a: Grimmsnarl|move: Sticky Web\n|-unboost|p1a: Grimmsnarl|spe|1\n|turn|4\n|\n|t:|1701068364\n|move|p1a: Grimmsnarl|Taunt|p2a: Ribombee\n|-start|p2a: Ribombee|move: Taunt\n|cant|p2a: Ribombee|move: Taunt|Reflect\n|\n|upkeep\n|turn|5\n|\n|t:|1701068373\n|move|p1a: Grimmsnarl|Parting Shot|p2a: Ribombee\n|-unboost|p2a: Ribombee|atk|1\n|-unboost|p2a: Ribombee|spa|1\n|\n|t:|1701068380\n|switch|p1a: Meowscarada|Meowscarada, F|100\/100|[from] Parting Shot\n|-activate|p1a: Meowscarada|move: Sticky Web\n|-unboost|p1a: Meowscarada|spe|1\n|move|p2a: Ribombee|Moonblast|p1a: Meowscarada\n|-supereffective|p1a: Meowscarada\n|-crit|p1a: Meowscarada\n|-enditem|p1a: Meowscarada|Focus Sash\n|-damage|p1a: Meowscarada|1\/100\n|-unboost|p1a: Meowscarada|spa|1\n|\n|upkeep\n|turn|6\n|\n|t:|1701068388\n|move|p2a: Ribombee|Moonblast|p1a: Meowscarada\n|-supereffective|p1a: Meowscarada\n|-damage|p1a: Meowscarada|0 fnt\n|faint|p1a: Meowscarada\n|\n|-end|p2a: Ribombee|move: Taunt\n|upkeep\n|\n|t:|1701068393\n|switch|p1a: Palafin|Palafin, M|100\/100\n|-activate|p1a: Palafin|move: Sticky Web\n|-unboost|p1a: Palafin|spe|1\n|turn|7\n|\n|t:|1701068400\n|move|p2a: Ribombee|Moonblast|p1a: Palafin\n|-damage|p1a: Palafin|61\/100\n|-unboost|p1a: Palafin|spa|1\n|move|p1a: Palafin|Flip Turn|p2a: Ribombee\n|-damage|p2a: Ribombee|58\/100\n|-message|BrawlerBlake forfeited.\n|\n|win|killgaldod\n|raw|BrawlerBlake's rating: 1117 &rarr; <strong>1103<\/strong><br \/>(-14 for losing)\n|raw|killgaldod's rating: 1282 &rarr; <strong>1296<\/strong><br \/>(+14 for winning)\n|l|\u2606BrawlerBlake\n","uploadtime":1701068412,"views":31,"p1id":"brawlerblake","p2id":"killgaldod","formatid":"gen9nationaldexubers","rating":1103,"private":0,"password":""}