{"id":"gen9nationaldexubers-1979486888","p1":"FrootGuy","p2":"Hazervex2.0","format":"[Gen 9] National Dex Ubers","log":"|j|\u2606FrootGuy\n|j|\u2606Hazervex2.0\n|t:|1698686532\n|gametype|singles\n|player|p1|FrootGuy|1|1088\n|player|p2|Hazervex2.0|giovanni|1171\n|teamsize|p1|6\n|teamsize|p2|6\n|gen|9\n|tier|[Gen 9] National Dex Ubers\n|rated|\n|rule|HP Percentage Mod: HP is shown in percentages\n|rule|Endless Battle Clause: Forcing endless battles is banned\n|rule|OHKO Clause: OHKO moves are banned\n|rule|Evasion Moves Clause: Evasion moves are banned\n|rule|Evasion Items Clause: Evasion items are banned\n|rule|Species Clause: Limit one of each Pok\u00e9mon\n|rule|Sleep Clause Mod: Limit one foe put to sleep\n|rule|Mega Rayquaza Clause: You cannot mega evolve Rayquaza\n|clearpoke\n|poke|p1|Munkidori, M|\n|poke|p1|Basculegion, M|\n|poke|p1|Ursaluna-Bloodmoon, M|\n|poke|p1|Rayquaza|\n|poke|p1|Kleavor, M|\n|poke|p1|Articuno|\n|poke|p2|Tinkaton, F|\n|poke|p2|Sylveon, F|\n|poke|p2|Clefable, F|\n|poke|p2|Mimikyu, F|\n|poke|p2|Gardevoir, F|\n|poke|p2|Zacian-*|\n|teampreview\n|c|\u2606FrootGuy|Glhf\n|inactive|Battle timer is ON: inactive players will automatically lose when time's up. (requested by Hazervex2.0)\n|c|\u2606Hazervex2.0|gl\n|\n|t:|1698686568\n|start\n|switch|p1a: Kleavor|Kleavor, M, shiny|100\/100\n|switch|p2a: Tinkaton|Tinkaton, F|100\/100\n|-ability|p2a: Tinkaton|Mold Breaker\n|turn|1\n|\n|t:|1698686584\n|switch|p1a: Twitch Prime|Basculegion, M, shiny|100\/100\n|move|p2a: Tinkaton|Gigaton Hammer|p1a: Twitch Prime\n|-resisted|p1a: Twitch Prime\n|-damage|p1a: Twitch Prime|72\/100\n|\n|upkeep\n|turn|2\n|\n|t:|1698686592\n|move|p1a: Twitch Prime|Flip Turn|p2a: Tinkaton\n|-damage|p2a: Tinkaton|61\/100\n|\n|t:|1698686605\n|switch|p1a: Munkidori|Munkidori, M|100\/100|[from] Flip Turn\n|move|p2a: Tinkaton|Stealth Rock|p1a: Munkidori\n|-sidestart|p1: FrootGuy|move: Stealth Rock\n|\n|-heal|p2a: Tinkaton|68\/100|[from] item: Leftovers\n|upkeep\n|turn|3\n|\n|t:|1698686616\n|move|p1a: Munkidori|Fake Out|p2a: Tinkaton\n|-resisted|p2a: Tinkaton\n|-damage|p2a: Tinkaton|64\/100\n|cant|p2a: Tinkaton|flinch\n|\n|-heal|p2a: Tinkaton|70\/100|[from] item: Leftovers\n|upkeep\n|turn|4\n|\n|t:|1698686629\n|move|p1a: Munkidori|Parting Shot|p2a: Tinkaton\n|-unboost|p2a: Tinkaton|atk|1\n|-unboost|p2a: Tinkaton|spa|1\n|\n|t:|1698686640\n|switch|p1a: Ursaluna|Ursaluna-Bloodmoon, M|100\/100|[from] Parting Shot\n|-damage|p1a: Ursaluna|94\/100|[from] Stealth Rock\n|move|p2a: Tinkaton|Knock Off|p1a: Ursaluna\n|-damage|p1a: Ursaluna|86\/100\n|-enditem|p1a: Ursaluna|Leftovers|[from] move: Knock Off|[of] p2a: Tinkaton\n|\n|-heal|p2a: Tinkaton|76\/100|[from] item: Leftovers\n|upkeep\n|turn|5\n|\n|t:|1698686658\n|switch|p2a: Mimikyu|Mimikyu, F|100\/100\n|move|p1a: Ursaluna|Calm Mind|p1a: Ursaluna\n|-boost|p1a: Ursaluna|spa|1\n|-boost|p1a: Ursaluna|spd|1\n|\n|upkeep\n|turn|6\n|\n|t:|1698686671\n|move|p2a: Mimikyu|Swords Dance|p2a: Mimikyu\n|-boost|p2a: Mimikyu|atk|2\n|move|p1a: Ursaluna|Blood Moon|p2a: Mimikyu\n|-activate|p2a: Mimikyu|ability: Disguise\n|-damage|p2a: Mimikyu|100\/100\n|detailschange|p2a: Mimikyu|Mimikyu-Busted, F\n|-damage|p2a: Mimikyu|88\/100|[from] pokemon: Mimikyu-Busted\n|\n|upkeep\n|turn|7\n|\n|t:|1698686684\n|move|p2a: Mimikyu|Play Rough|p1a: Ursaluna\n|-damage|p1a: Ursaluna|20\/100\n|-unboost|p1a: Ursaluna|atk|1\n|-damage|p2a: Mimikyu|78\/100|[from] item: Life Orb\n|move|p1a: Ursaluna|Earth Power|p2a: Mimikyu\n|-damage|p2a: Mimikyu|0 fnt\n|faint|p2a: Mimikyu\n|\n|upkeep\n|\n|t:|1698686696\n|switch|p2a: Tinkaton|Tinkaton, F|76\/100\n|-ability|p2a: Tinkaton|Mold Breaker\n|turn|8\n|\n|t:|1698686704\n|move|p2a: Tinkaton|Gigaton Hammer|p1a: Ursaluna\n|-damage|p1a: Ursaluna|0 fnt\n|faint|p1a: Ursaluna\n|\n|-heal|p2a: Tinkaton|82\/100|[from] item: Leftovers\n|upkeep\n|\n|t:|1698686719\n|switch|p1a: Kleavor|Kleavor, M, shiny|100\/100\n|turn|9\n|\n|t:|1698686725\n|move|p2a: Tinkaton|Knock Off|p1a: Kleavor\n|-damage|p1a: Kleavor|78\/100\n|-enditem|p1a: Kleavor|Heavy-Duty Boots|[from] move: Knock Off|[of] p2a: Tinkaton\n|move|p1a: Kleavor|Close Combat|p2a: Tinkaton\n|-crit|p2a: Tinkaton\n|-damage|p2a: Tinkaton|11\/100\n|-unboost|p1a: Kleavor|def|1\n|-unboost|p1a: Kleavor|spd|1\n|\n|-heal|p2a: Tinkaton|17\/100|[from] item: Leftovers\n|upkeep\n|turn|10\n|\n|t:|1698686737\n|move|p2a: Tinkaton|Gigaton Hammer|p1a: Kleavor\n|-supereffective|p1a: Kleavor\n|-damage|p1a: Kleavor|0 fnt\n|faint|p1a: Kleavor\n|\n|-heal|p2a: Tinkaton|23\/100|[from] item: Leftovers\n|upkeep\n|\n|t:|1698686750\n|switch|p1a: Twitch Prime|Basculegion, M, shiny|72\/100\n|-damage|p1a: Twitch Prime|60\/100|[from] Stealth Rock\n|turn|11\n|\n|t:|1698686759\n|switch|p2a: Clefable|Clefable, F|100\/100\n|move|p1a: Twitch Prime|Flip Turn|p2a: Clefable\n|-damage|p2a: Clefable|59\/100\n|\n|t:|1698686774\n|switch|p1a: Pet Shop|Articuno, shiny|100\/100|[from] Flip Turn\n|-ability|p1a: Pet Shop|Pressure\n|\n|-heal|p2a: Clefable|65\/100|[from] item: Leftovers\n|upkeep\n|turn|12\n|inactive|Hazervex2.0 has 120 seconds left.\n|\n|t:|1698686807\n|move|p1a: Pet Shop|Freeze-Dry|p2a: Clefable\n|-damage|p2a: Clefable|51\/100\n|move|p2a: Clefable|Knock Off|p1a: Pet Shop\n|-damage|p1a: Pet Shop|86\/100\n|-enditem|p1a: Pet Shop|Heavy-Duty Boots|[from] move: Knock Off|[of] p2a: Clefable\n|\n|-heal|p2a: Clefable|57\/100|[from] item: Leftovers\n|upkeep\n|turn|13\n|\n|t:|1698686819\n|move|p1a: Pet Shop|Freeze-Dry|p2a: Clefable\n|-damage|p2a: Clefable|41\/100\n|move|p2a: Clefable|Thunder Wave|p1a: Pet Shop\n|-status|p1a: Pet Shop|par\n|\n|-heal|p2a: Clefable|47\/100|[from] item: Leftovers\n|upkeep\n|turn|14\n|\n|t:|1698686831\n|switch|p2a: Zacian|Zacian-Crowned|100\/100\n|-ability|p2a: Zacian|Intrepid Sword|boost\n|-boost|p2a: Zacian|atk|1\n|move|p1a: Pet Shop|U-turn|p2a: Zacian\n|-resisted|p2a: Zacian\n|-damage|p2a: Zacian|98\/100\n|\n|t:|1698686843\n|switch|p1a: Twitch Prime|Basculegion, M, shiny|60\/100|[from] U-turn\n|-damage|p1a: Twitch Prime|48\/100|[from] Stealth Rock\n|\n|upkeep\n|turn|15\n|\n|t:|1698686853\n|move|p2a: Zacian|Wild Charge|p1a: Twitch Prime\n|-supereffective|p1a: Twitch Prime\n|-damage|p1a: Twitch Prime|0 fnt\n|faint|p1a: Twitch Prime\n|-damage|p2a: Zacian|84\/100|[from] Recoil\n|\n|upkeep\n|\n|t:|1698686863\n|switch|p1a: Joe Biden|Rayquaza|100\/100\n|-damage|p1a: Joe Biden|75\/100|[from] Stealth Rock\n|-ability|p1a: Joe Biden|Air Lock\n|turn|16\n|inactive|Hazervex2.0 has 120 seconds left.\n|\n|t:|1698686905\n|-terastallize|p2a: Zacian|Fighting\n|-terastallize|p1a: Joe Biden|Steel\n|move|p2a: Zacian|Swords Dance|p2a: Zacian\n|-boost|p2a: Zacian|atk|2\n|move|p1a: Joe Biden|Dragon Dance|p1a: Joe Biden\n|-boost|p1a: Joe Biden|atk|1\n|-boost|p1a: Joe Biden|spe|1\n|\n|upkeep\n|turn|17\n|\n|t:|1698686916\n|move|p1a: Joe Biden|Dragon Ascent|p2a: Zacian\n|-supereffective|p2a: Zacian\n|-damage|p2a: Zacian|0 fnt\n|-unboost|p1a: Joe Biden|def|1\n|-unboost|p1a: Joe Biden|spd|1\n|faint|p2a: Zacian\n|\n|upkeep\n|\n|t:|1698686932\n|switch|p2a: Clefable|Clefable, F|47\/100\n|turn|18\n|\n|t:|1698686938\n|move|p1a: Joe Biden|Dragon Dance|p1a: Joe Biden\n|-boost|p1a: Joe Biden|atk|1\n|-boost|p1a: Joe Biden|spe|1\n|move|p2a: Clefable|Moonblast|p1a: Joe Biden\n|-resisted|p1a: Joe Biden\n|-damage|p1a: Joe Biden|52\/100\n|\n|-heal|p2a: Clefable|53\/100|[from] item: Leftovers\n|upkeep\n|turn|19\n|inactive|Hazervex2.0 has 120 seconds left.\n|\n|t:|1698686947\n|move|p1a: Joe Biden|Iron Head|p2a: Clefable\n|-supereffective|p2a: Clefable\n|-damage|p2a: Clefable|0 fnt\n|faint|p2a: Clefable\n|\n|upkeep\n|-message|Hazervex2.0 forfeited.\n|\n|win|FrootGuy\n|raw|FrootGuy's rating: 1088 &rarr; <strong>1121<\/strong><br \/>(+33 for winning)\n|raw|Hazervex2.0's rating: 1171 &rarr; <strong>1140<\/strong><br \/>(-31 for losing)\n|l|\u2606Hazervex2.0\n|c|\u2606FrootGuy|Gg?\n","uploadtime":1698686966,"views":9,"p1id":"frootguy","p2id":"hazervex20","formatid":"gen9nationaldexubers","rating":1121,"private":0,"password":""}