{"id":"gen9nationaldexubers-1993736368","p1":"Kdisue","p2":"shadow shy man","format":"[Gen 9] National Dex Ubers","log":"|j|\u2606Kdisue\n|j|\u2606shadow shy man\n|t:|1700351167\n|gametype|singles\n|player|p1|Kdisue|102|1013\n|player|p2|shadow shy man|marlon|1041\n|teamsize|p1|6\n|teamsize|p2|6\n|gen|9\n|tier|[Gen 9] National Dex Ubers\n|rated|\n|rule|HP Percentage Mod: HP is shown in percentages\n|rule|Endless Battle Clause: Forcing endless battles is banned\n|rule|OHKO Clause: OHKO moves are banned\n|rule|Evasion Moves Clause: Evasion moves are banned\n|rule|Evasion Items Clause: Evasion items are banned\n|rule|Species Clause: Limit one of each Pok\u00e9mon\n|rule|Sleep Clause Mod: Limit one foe put to sleep\n|rule|Mega Rayquaza Clause: You cannot mega evolve Rayquaza\n|clearpoke\n|poke|p1|Deoxys-Defense|\n|poke|p1|Chansey, F|\n|poke|p1|Ferrothorn, M|\n|poke|p1|Rotom-Wash|\n|poke|p1|Ho-Oh|\n|poke|p1|Lugia|\n|poke|p2|Guzzlord|\n|poke|p2|Dustox, F|\n|poke|p2|Mismagius, F|\n|poke|p2|Magmortar, M|\n|poke|p2|Claydol|\n|poke|p2|Mawile, M|\n|teampreview\n|inactive|Battle timer is ON: inactive players will automatically lose when time's up. (requested by Kdisue)\n|\n|t:|1700351182\n|start\n|switch|p1a: Washington|Rotom-Wash|100\/100\n|switch|p2a: Claydol|Claydol|100\/100\n|turn|1\n|c|\u2606Kdisue|Dustox?\n|c|\u2606shadow shy man|yea\n|c|\u2606Kdisue|You\u2019re not ready for this team\n|inactive|shadow shy man has 120 seconds left.\n|\n|t:|1700351219\n|-terastallize|p2a: Claydol|Psychic\n|move|p1a: Washington|Hydro Pump|p2a: Claydol\n|-damage|p2a: Claydol|29\/100\n|move|p2a: Claydol|Calm Mind|p2a: Claydol\n|-boost|p2a: Claydol|spa|1\n|-boost|p2a: Claydol|spd|1\n|\n|upkeep\n|turn|2\n|inactive|shadow shy man has 120 seconds left.\n|\n|t:|1700351233\n|move|p1a: Washington|Hydro Pump|p2a: Claydol\n|-damage|p2a: Claydol|0 fnt\n|faint|p2a: Claydol\n|\n|upkeep\n|c|\u2606shadow shy man|that was a bad start\n|c|\u2606Kdisue|Yea\n|c|\u2606Kdisue|specs rotom\n|inactive|shadow shy man has 90 seconds left.\n|\n|t:|1700351270\n|switch|p2a: Mismagius|Mismagius, F|100\/100\n|turn|3\n|inactive|shadow shy man has 90 seconds left.\n|\n|t:|1700351279\n|move|p2a: Mismagius|Thunderbolt|p1a: Washington\n|-damage|p1a: Washington|55\/100\n|move|p1a: Washington|Hydro Pump|p2a: Mismagius\n|-damage|p2a: Mismagius|13\/100\n|\n|upkeep\n|turn|4\n|\n|t:|1700351289\n|switch|p1a: Egg woman|Chansey, F|100\/100\n|move|p2a: Mismagius|Destiny Bond|p2a: Mismagius\n|-singlemove|p2a: Mismagius|Destiny Bond\n|\n|upkeep\n|turn|5\n|\n|t:|1700351299\n|move|p2a: Mismagius|Dazzling Gleam|p1a: Egg woman\n|-damage|p1a: Egg woman|87\/100\n|move|p1a: Egg woman|Ice Punch|p2a: Mismagius\n|-damage|p2a: Mismagius|0 fnt\n|faint|p2a: Mismagius\n|\n|upkeep\n|\n|t:|1700351312\n|switch|p2a: Magmortar|Magmortar, M|100\/100\n|turn|6\n|\n|t:|1700351318\n|switch|p1a: Washington|Rotom-Wash|55\/100\n|move|p2a: Magmortar|Focus Blast|p1a: Washington\n|-crit|p1a: Washington\n|-damage|p1a: Washington|0 fnt\n|faint|p1a: Washington\n|\n|upkeep\n|\n|t:|1700351331\n|switch|p1a: Sexy Red|Deoxys-Defense|100\/100\n|-ability|p1a: Sexy Red|Pressure\n|turn|7\n|\n|t:|1700351347\n|switch|p2a: Dustox|Dustox, F|100\/100\n|move|p1a: Sexy Red|Nasty Plot|p1a: Sexy Red\n|-boost|p1a: Sexy Red|spa|2\n|\n|upkeep\n|turn|8\n|\n|t:|1700351356\n|move|p1a: Sexy Red|Psycho Boost|p2a: Dustox\n|-supereffective|p2a: Dustox\n|-damage|p2a: Dustox|0 fnt\n|-unboost|p1a: Sexy Red|spa|2\n|faint|p2a: Dustox\n|-damage|p1a: Sexy Red|91\/100|[from] item: Life Orb\n|\n|upkeep\n|\n|t:|1700351364\n|switch|p2a: Guzzlord|Guzzlord|100\/100\n|turn|9\n|c|\u2606Kdisue|Buh bye\n|\n|t:|1700351373\n|move|p1a: Sexy Red|Stealth Rock|p2a: Guzzlord\n|-sidestart|p2: shadow shy man|move: Stealth Rock\n|move|p2a: Guzzlord|Iron Defense|p2a: Guzzlord\n|-boost|p2a: Guzzlord|def|2\n|\n|upkeep\n|turn|10\n|\n|t:|1700351385\n|switch|p1a: Egg woman|Chansey, F|87\/100\n|move|p2a: Guzzlord|Iron Defense|p2a: Guzzlord\n|-boost|p2a: Guzzlord|def|2\n|\n|upkeep\n|turn|11\n|inactive|shadow shy man has 120 seconds left.\n|\n|t:|1700351395\n|-terastallize|p1a: Egg woman|Ghost\n|move|p1a: Egg woman|Power-Up Punch|p2a: Guzzlord\n|-supereffective|p2a: Guzzlord\n|-damage|p2a: Guzzlord|97\/100\n|-boost|p1a: Egg woman|atk|1\n|move|p2a: Guzzlord|Iron Defense|p2a: Guzzlord\n|-boost|p2a: Guzzlord|def|2\n|\n|-heal|p2a: Guzzlord|100\/100|[from] item: Leftovers\n|upkeep\n|turn|12\n|inactive|shadow shy man has 120 seconds left.\n|\n|t:|1700351411\n|move|p1a: Egg woman|Power-Up Punch|p2a: Guzzlord\n|-supereffective|p2a: Guzzlord\n|-damage|p2a: Guzzlord|97\/100\n|-boost|p1a: Egg woman|atk|1\n|move|p2a: Guzzlord|Dragon Pulse|p1a: Egg woman\n|-damage|p1a: Egg woman|72\/100\n|\n|-heal|p2a: Guzzlord|100\/100|[from] item: Leftovers\n|upkeep\n|turn|13\n|\n|t:|1700351421\n|move|p1a: Egg woman|Power-Up Punch|p2a: Guzzlord\n|-supereffective|p2a: Guzzlord\n|-crit|p2a: Guzzlord\n|-damage|p2a: Guzzlord|75\/100\n|-boost|p1a: Egg woman|atk|1\n|move|p2a: Guzzlord|Dragon Pulse|p1a: Egg woman\n|-damage|p1a: Egg woman|58\/100\n|\n|-heal|p2a: Guzzlord|81\/100|[from] item: Leftovers\n|upkeep\n|turn|14\n|inactive|shadow shy man has 120 seconds left.\n|\n|t:|1700351441\n|move|p1a: Egg woman|Power-Up Punch|p2a: Guzzlord\n|-supereffective|p2a: Guzzlord\n|-damage|p2a: Guzzlord|76\/100\n|-boost|p1a: Egg woman|atk|1\n|move|p2a: Guzzlord|Sludge Wave|p1a: Egg woman\n|-resisted|p1a: Egg woman\n|-damage|p1a: Egg woman|53\/100\n|\n|-heal|p2a: Guzzlord|82\/100|[from] item: Leftovers\n|upkeep\n|turn|15\n|\n|t:|1700351453\n|move|p1a: Egg woman|Soft-Boiled|p1a: Egg woman\n|-heal|p1a: Egg woman|100\/100\n|move|p2a: Guzzlord|Dragon Pulse|p1a: Egg woman\n|-damage|p1a: Egg woman|85\/100\n|\n|-heal|p2a: Guzzlord|88\/100|[from] item: Leftovers\n|upkeep\n|turn|16\n|c|\u2606shadow shy man|(0-0)\n|\n|t:|1700351477\n|move|p1a: Egg woman|Power-Up Punch|p2a: Guzzlord\n|-supereffective|p2a: Guzzlord\n|-crit|p2a: Guzzlord\n|-damage|p2a: Guzzlord|50\/100\n|-boost|p1a: Egg woman|atk|1\n|move|p2a: Guzzlord|Dragon Pulse|p1a: Egg woman\n|-damage|p1a: Egg woman|69\/100\n|\n|-heal|p2a: Guzzlord|56\/100|[from] item: Leftovers\n|upkeep\n|turn|17\n|c|\u2606Kdisue|Unexpected?\n|inactive|shadow shy man has 90 seconds left.\n|\n|t:|1700351495\n|move|p1a: Egg woman|Power-Up Punch|p2a: Guzzlord\n|-supereffective|p2a: Guzzlord\n|-crit|p2a: Guzzlord\n|-damage|p2a: Guzzlord|14\/100\n|-boost|p1a: Egg woman|atk|1\n|move|p2a: Guzzlord|Rest|p2a: Guzzlord\n|-status|p2a: Guzzlord|slp|[from] move: Rest\n|-heal|p2a: Guzzlord|100\/100 slp|[silent]\n|\n|upkeep\n|turn|18\n|inactive|shadow shy man has 90 seconds left.\n|\n|t:|1700351510\n|move|p1a: Egg woman|Ice Punch|p2a: Guzzlord\n|-supereffective|p2a: Guzzlord\n|-crit|p2a: Guzzlord\n|-damage|p2a: Guzzlord|16\/100 slp\n|cant|p2a: Guzzlord|slp\n|\n|-heal|p2a: Guzzlord|22\/100 slp|[from] item: Leftovers\n|upkeep\n|turn|19\n|inactive|shadow shy man has 90 seconds left.\n|\n|t:|1700351525\n|switch|p2a: Magmortar|Magmortar, M|100\/100\n|-damage|p2a: Magmortar|76\/100|[from] Stealth Rock\n|move|p1a: Egg woman|Ice Punch|p2a: Magmortar\n|-resisted|p2a: Magmortar\n|-crit|p2a: Magmortar\n|-damage|p2a: Magmortar|33\/100\n|\n|upkeep\n|turn|20\n|inactive|shadow shy man has 90 seconds left.\n|\n|t:|1700351539\n|move|p2a: Magmortar|Fire Blast|p1a: Egg woman\n|-damage|p1a: Egg woman|30\/100\n|move|p1a: Egg woman|Thunder Punch|p2a: Magmortar\n|-damage|p2a: Magmortar|0 fnt\n|faint|p2a: Magmortar\n|\n|upkeep\n|inactive|shadow shy man has 90 seconds left.\n|\n|t:|1700351547\n|switch|p2a: Mawile|Mawile, M|100\/100\n|-damage|p2a: Mawile|95\/100|[from] Stealth Rock\n|turn|21\n|inactive|shadow shy man has 90 seconds left.\n|\n|t:|1700351559\n|detailschange|p2a: Mawile|Mawile-Mega, M\n|-mega|p2a: Mawile|Mawile|Mawilite\n|move|p2a: Mawile|Protect|p2a: Mawile\n|-singleturn|p2a: Mawile|Protect\n|move|p1a: Egg woman|Thunder Punch|p2a: Mawile\n|-activate|p2a: Mawile|move: Protect\n|\n|upkeep\n|turn|22\n|inactive|shadow shy man has 90 seconds left.\n|inactive|shadow shy man has 60 seconds left.\n|\n|t:|1700351600\n|move|p1a: Egg woman|Thunder Punch|p2a: Mawile\n|-crit|p2a: Mawile\n|-damage|p2a: Mawile|44\/100\n|move|p2a: Mawile|Swords Dance|p2a: Mawile\n|-boost|p2a: Mawile|atk|2\n|\n|upkeep\n|turn|23\n|inactive|shadow shy man has 60 seconds left.\n|\n|t:|1700351611\n|move|p2a: Mawile|Play Rough|p1a: Egg woman\n|-damage|p1a: Egg woman|0 fnt\n|faint|p1a: Egg woman\n|\n|upkeep\n|\n|t:|1700351618\n|switch|p1a: Lugia|Lugia|100\/100\n|turn|24\n|\n|t:|1700351630\n|move|p2a: Mawile|Protect|p2a: Mawile\n|-singleturn|p2a: Mawile|Protect\n|move|p1a: Lugia|Psycho Boost|p2a: Mawile\n|-activate|p2a: Mawile|move: Protect\n|\n|upkeep\n|turn|25\n|inactive|shadow shy man has 60 seconds left.\n|\n|t:|1700351646\n|move|p1a: Lugia|Calm Mind|p1a: Lugia\n|-boost|p1a: Lugia|spa|1\n|-boost|p1a: Lugia|spd|1\n|move|p2a: Mawile|Play Rough|p1a: Lugia\n|-damage|p1a: Lugia|38\/100\n|\n|upkeep\n|turn|26\n|\n|t:|1700351654\n|move|p1a: Lugia|Psycho Boost|p2a: Mawile\n|-resisted|p2a: Mawile\n|-damage|p2a: Mawile|0 fnt\n|-unboost|p1a: Lugia|spa|2\n|faint|p2a: Mawile\n|-damage|p1a: Lugia|28\/100|[from] item: Life Orb\n|\n|upkeep\n|\n|t:|1700351662\n|switch|p2a: Guzzlord|Guzzlord|22\/100 slp\n|-damage|p2a: Guzzlord|10\/100 slp|[from] Stealth Rock\n|turn|27\n|\n|t:|1700351668\n|move|p1a: Lugia|Aeroblast|p2a: Guzzlord\n|-crit|p2a: Guzzlord\n|-damage|p2a: Guzzlord|0 fnt\n|faint|p2a: Guzzlord\n|-damage|p1a: Lugia|19\/100|[from] item: Life Orb\n|\n|win|Kdisue\n|raw|Kdisue's rating: 1013 &rarr; <strong>1054<\/strong><br \/>(+41 for winning)\n|raw|shadow shy man's rating: 1041 &rarr; <strong>1024<\/strong><br \/>(-17 for losing)\n|l|\u2606shadow shy man\n|c|\u2606Kdisue|Did you just lose to physical attacking chantey?\n","uploadtime":1700351684,"views":6,"p1id":"kdisue","p2id":"shadowshyman","formatid":"gen9nationaldexubers","rating":1024,"private":0,"password":""}