{"id":"gen9nationaldexubers-1998356242","p1":"Exzavionte","p2":"elitextreeza","format":"[Gen 9] National Dex Ubers","log":"|j|\u2606Exzavionte\n|j|\u2606elitextreeza\n|t:|1700933188\n|gametype|singles\n|player|p1|Exzavionte|lucas|1391\n|player|p2|elitextreeza|1|1388\n|teamsize|p1|6\n|teamsize|p2|6\n|gen|9\n|tier|[Gen 9] National Dex Ubers\n|rated|\n|rule|HP Percentage Mod: HP is shown in percentages\n|rule|Endless Battle Clause: Forcing endless battles is banned\n|rule|OHKO Clause: OHKO moves are banned\n|rule|Evasion Moves Clause: Evasion moves are banned\n|rule|Evasion Items Clause: Evasion items are banned\n|rule|Species Clause: Limit one of each Pok\u00e9mon\n|rule|Sleep Clause Mod: Limit one foe put to sleep\n|rule|Mega Rayquaza Clause: You cannot mega evolve Rayquaza\n|clearpoke\n|poke|p1|Groudon|\n|poke|p1|Shuckle, M|\n|poke|p1|Mewtwo|\n|poke|p1|Ting-Lu|\n|poke|p1|Zacian-*|\n|poke|p1|Ho-Oh|\n|poke|p2|Uxie|\n|poke|p2|Slowbro-Galar, M|\n|poke|p2|Groudon|\n|poke|p2|Maushold-Four|\n|poke|p2|Zacian-*|\n|poke|p2|Marshadow|\n|teampreview\n|c|\u2606elitextreeza|glhf\n|c|\u2606elitextreeza|Oh fuck not shuckle\n|\n|t:|1700933205\n|start\n|switch|p1a: Shuckle|Shuckle, M, shiny|100\/100\n|switch|p2a: Slowbro|Slowbro-Galar, M|100\/100\n|turn|1\n|-activate|p2a: Slowbro|item: Quick Claw\n|\n|t:|1700933208\n|move|p2a: Slowbro|Belly Drum|p2a: Slowbro\n|-damage|p2a: Slowbro|50\/100\n|-setboost|p2a: Slowbro|atk|6|[from] move: Belly Drum\n|move|p1a: Shuckle|Encore|p2a: Slowbro\n|-start|p2a: Slowbro|Encore\n|\n|upkeep\n|turn|2\n|\n|t:|1700933215\n|move|p2a: Slowbro|Belly Drum||[still]\n|-fail|p2a: Slowbro\n|move|p1a: Shuckle|Stealth Rock|p2a: Slowbro\n|-sidestart|p2: elitextreeza|move: Stealth Rock\n|\n|upkeep\n|turn|3\n|\n|t:|1700933218\n|move|p2a: Slowbro|Belly Drum||[still]\n|-fail|p2a: Slowbro\n|move|p1a: Shuckle|Sticky Web|p2a: Slowbro\n|-sidestart|p2: elitextreeza|move: Sticky Web\n|\n|upkeep\n|turn|4\n|-activate|p2a: Slowbro|item: Quick Claw\n|\n|t:|1700933220\n|move|p2a: Slowbro|Belly Drum||[still]\n|-fail|p2a: Slowbro\n|move|p1a: Shuckle|Final Gambit|p2a: Slowbro\n|-damage|p2a: Slowbro|0 fnt\n|faint|p1a: Shuckle\n|faint|p2a: Slowbro\n|\n|upkeep\n|c|\u2606elitextreeza|Son of a bitch\n|\n|t:|1700933227\n|switch|p2a: Maushold|Maushold-Four|100\/100\n|switch|p1a: Zacian|Zacian-Crowned, shiny|100\/100\n|-ability|p1a: Zacian|Intrepid Sword|boost\n|-boost|p1a: Zacian|atk|1\n|-damage|p2a: Maushold|88\/100|[from] Stealth Rock\n|-activate|p2a: Maushold|move: Sticky Web\n|-unboost|p2a: Maushold|spe|1\n|turn|5\n|\n|t:|1700933230\n|move|p1a: Zacian|Sacred Sword|p2a: Maushold\n|-supereffective|p2a: Maushold\n|-damage|p2a: Maushold|0 fnt\n|faint|p2a: Maushold\n|\n|upkeep\n|c|\u2606elitextreeza|Nah I just lose now\n|\n|t:|1700933239\n|switch|p2a: Uxie|Uxie|100\/100\n|-damage|p2a: Uxie|88\/100|[from] Stealth Rock\n|turn|6\n|\n|t:|1700933242\n|-terastallize|p1a: Zacian|Water\n|move|p1a: Zacian|Tera Blast|p2a: Uxie|[anim] Tera Blast Water\n|-damage|p2a: Uxie|34\/100\n|move|p2a: Uxie|Reflect|p2a: Uxie\n|-sidestart|p2: elitextreeza|Reflect\n|\n|upkeep\n|turn|7\n|\n|t:|1700933249\n|move|p1a: Zacian|Tera Blast|p2a: Uxie|[anim] Tera Blast Water\n|-damage|p2a: Uxie|6\/100\n|move|p2a: Uxie|Light Screen|p2a: Uxie\n|-sidestart|p2: elitextreeza|move: Light Screen\n|\n|upkeep\n|turn|8\n|\n|t:|1700933253\n|move|p1a: Zacian|Tera Blast|p2a: Uxie|[anim] Tera Blast Water\n|-damage|p2a: Uxie|0 fnt\n|faint|p2a: Uxie\n|\n|upkeep\n|\n|t:|1700933258\n|switch|p2a: Zacian|Zacian-Crowned|100\/100\n|-damage|p2a: Zacian|94\/100|[from] Stealth Rock\n|-activate|p2a: Zacian|move: Sticky Web\n|-unboost|p2a: Zacian|spe|1\n|-ability|p2a: Zacian|Intrepid Sword|boost\n|-boost|p2a: Zacian|atk|1\n|turn|9\n|\n|t:|1700933262\n|switch|p1a: Ting-Lu|Ting-Lu|100\/100\n|-ability|p1a: Ting-Lu|Vessel of Ruin\n|move|p2a: Zacian|Swords Dance|p2a: Zacian\n|-boost|p2a: Zacian|atk|2\n|\n|upkeep\n|turn|10\n|\n|t:|1700933268\n|-terastallize|p2a: Zacian|Flying\n|move|p2a: Zacian|Swords Dance|p2a: Zacian\n|-boost|p2a: Zacian|atk|2\n|move|p1a: Ting-Lu|Earthquake|p2a: Zacian\n|-immune|p2a: Zacian\n|\n|upkeep\n|turn|11\n|\n|t:|1700933273\n|move|p2a: Zacian|Play Rough|p1a: Ting-Lu\n|-supereffective|p1a: Ting-Lu\n|-damage|p1a: Ting-Lu|0 fnt\n|faint|p1a: Ting-Lu\n|\n|upkeep\n|\n|t:|1700933276\n|switch|p1a: Ho-Oh|Ho-Oh, shiny|100\/100\n|turn|12\n|\n|t:|1700933280\n|move|p2a: Zacian|Wild Charge|p1a: Ho-Oh\n|-supereffective|p1a: Ho-Oh\n|-damage|p1a: Ho-Oh|0 fnt\n|faint|p1a: Ho-Oh\n|-damage|p2a: Zacian|62\/100|[from] Recoil\n|\n|upkeep\n|\n|t:|1700933283\n|switch|p1a: Mewtwo|Mewtwo, shiny|100\/100\n|-ability|p1a: Mewtwo|Pressure\n|turn|13\n|\n|t:|1700933289\n|detailschange|p1a: Mewtwo|Mewtwo-Mega-Y, shiny\n|-mega|p1a: Mewtwo|Mewtwo|Mewtwonite Y\n|move|p1a: Mewtwo|Power Gem|p2a: Zacian\n|-supereffective|p2a: Zacian\n|-damage|p2a: Zacian|28\/100\n|move|p2a: Zacian|Behemoth Blade|p1a: Mewtwo\n|-damage|p1a: Mewtwo|0 fnt\n|faint|p1a: Mewtwo\n|\n|-sideend|p2: elitextreeza|Reflect\n|upkeep\n|\n|t:|1700933295\n|switch|p1a: Groudon|Groudon, shiny|100\/100\n|detailschange|p1a: Groudon|Groudon-Primal, shiny\n|-primal|p1a: Groudon|Red Orb\n|-weather|DesolateLand|[from] ability: Desolate Land|[of] p1a: Groudon\n|turn|14\n|\n|t:|1700933301\n|move|p1a: Groudon|Heat Crash|p2a: Zacian\n|-damage|p2a: Zacian|0 fnt\n|faint|p2a: Zacian\n|\n|-weather|DesolateLand|[upkeep]\n|-sideend|p2: elitextreeza|move: Light Screen\n|upkeep\n|\n|t:|1700933306\n|switch|p2a: Groudon|Groudon|100\/100\n|-damage|p2a: Groudon|94\/100|[from] Stealth Rock\n|-activate|p2a: Groudon|move: Sticky Web\n|-unboost|p2a: Groudon|spe|1\n|detailschange|p2a: Groudon|Groudon-Primal\n|-primal|p2a: Groudon|Red Orb\n|turn|15\n|\n|t:|1700933313\n|move|p1a: Groudon|Earthquake|p2a: Groudon\n|-supereffective|p2a: Groudon\n|-crit|p2a: Groudon\n|-damage|p2a: Groudon|0 fnt\n|faint|p2a: Groudon\n|\n|-weather|DesolateLand|[upkeep]\n|upkeep\n|\n|t:|1700933315\n|switch|p2a: Marshadow|Marshadow|100\/100\n|-damage|p2a: Marshadow|94\/100|[from] Stealth Rock\n|-activate|p2a: Marshadow|move: Sticky Web\n|-unboost|p2a: Marshadow|spe|1\n|turn|16\n|\n|t:|1700933319\n|move|p1a: Groudon|Heat Crash|p2a: Marshadow\n|-damage|p2a: Marshadow|0 fnt\n|faint|p2a: Marshadow\n|\n|win|Exzavionte\n|raw|Exzavionte's rating: 1391 &rarr; <strong>1411<\/strong><br \/>(+20 for winning)\n|raw|elitextreeza's rating: 1388 &rarr; <strong>1368<\/strong><br \/>(-20 for losing)\n","uploadtime":1700933227,"views":0,"p1id":"exzavionte","p2id":"elitextreeza","formatid":"gen9nationaldexubers","rating":1368,"private":0,"password":""}