{"id":"gen9nationaldexubers-1978369451","p1":"Small_positive987","p2":"JustMonika_CARR","format":"[Gen 9] National Dex Ubers","log":"|j|\u2606Small_positive987\n|j|\u2606JustMonika_CARR\n|t:|1698530344\n|gametype|singles\n|player|p1|Small_positive987|1|1254\n|player|p2|JustMonika_CARR|dawn|1381\n|teamsize|p1|6\n|teamsize|p2|6\n|gen|9\n|tier|[Gen 9] National Dex Ubers\n|rated|\n|rule|HP Percentage Mod: HP is shown in percentages\n|rule|Endless Battle Clause: Forcing endless battles is banned\n|rule|OHKO Clause: OHKO moves are banned\n|rule|Evasion Moves Clause: Evasion moves are banned\n|rule|Evasion Items Clause: Evasion items are banned\n|rule|Species Clause: Limit one of each Pok\u00e9mon\n|rule|Sleep Clause Mod: Limit one foe put to sleep\n|rule|Mega Rayquaza Clause: You cannot mega evolve Rayquaza\n|clearpoke\n|poke|p1|Deoxys-Attack|\n|poke|p1|Kartana|\n|poke|p1|Blaziken, F|\n|poke|p1|Palafin, M|\n|poke|p1|Grimmsnarl, M|\n|poke|p1|Lugia|\n|poke|p2|Marshadow|\n|poke|p2|Lopunny, F|\n|poke|p2|Dialga|\n|poke|p2|Forretress, F|\n|poke|p2|Pheromosa|\n|poke|p2|Grimmsnarl, M|\n|teampreview\n|c|\u2606JustMonika_CARR|glhf\n|inactive|Battle timer is ON: inactive players will automatically lose when time's up. (requested by Small_positive987)\n|\n|t:|1698530362\n|start\n|switch|p1a: Palafin|Palafin, M, shiny|100\/100\n|switch|p2a: Forretress|Forretress, F, shiny|100\/100\n|turn|1\n|\n|t:|1698530372\n|detailschange|p1a: Palafin|Palafin-Hero, M, shiny\n|switch|p1a: Blaziken|Blaziken, F, shiny|100\/100\n|move|p2a: Forretress|Toxic Spikes|p1a: Blaziken\n|-sidestart|p1: Small_positive987|move: Toxic Spikes\n|\n|upkeep\n|turn|2\n|\n|t:|1698530381\n|detailschange|p1a: Blaziken|Blaziken-Mega, F, shiny\n|-mega|p1a: Blaziken|Blaziken|Blazikenite\n|move|p1a: Blaziken|High Jump Kick|p2a: Forretress\n|-damage|p2a: Forretress|56\/100\n|-enditem|p2a: Forretress|Red Card|[of] p1a: Blaziken\n|drag|p1a: Kartana|Kartana, shiny|100\/100\n|move|p2a: Forretress|Stealth Rock|p1a: Kartana\n|-sidestart|p1: Small_positive987|move: Stealth Rock\n|\n|upkeep\n|turn|3\n|\n|t:|1698530391\n|move|p1a: Kartana|Sacred Sword|p2a: Forretress\n|-damage|p2a: Forretress|34\/100\n|move|p2a: Forretress|Toxic Spikes|p1a: Kartana\n|-sidestart|p1: Small_positive987|move: Toxic Spikes\n|\n|upkeep\n|turn|4\n|\n|t:|1698530397\n|switch|p2a: Marshadow|Marshadow|100\/100\n|move|p1a: Kartana|Sacred Sword|p2a: Marshadow\n|-immune|p2a: Marshadow\n|\n|upkeep\n|turn|5\n|\n|t:|1698530404\n|switch|p1a: Lugia|Lugia|100\/100\n|move|p2a: Marshadow|Drain Punch|p1a: Lugia\n|-resisted|p1a: Lugia\n|-damage|p1a: Lugia|97\/100\n|\n|upkeep\n|turn|6\n|\n|t:|1698530410\n|move|p2a: Marshadow|Spectral Thief|p1a: Lugia\n|-supereffective|p1a: Lugia\n|-damage|p1a: Lugia|33\/100\n|move|p1a: Lugia|Defog|p2a: Marshadow\n|-unboost|p2a: Marshadow|evasion|1\n|-sideend|p1: Small_positive987|Toxic Spikes|[from] move: Defog|[of] p1a: Lugia\n|-sideend|p1: Small_positive987|Stealth Rock|[from] move: Defog|[of] p1a: Lugia\n|\n|upkeep\n|turn|7\n|\n|t:|1698530422\n|switch|p1a: Palafin|Palafin-Hero, M, shiny|100\/100\n|-activate|p1a: Palafin|ability: Zero to Hero\n|move|p2a: Marshadow|Shadow Sneak|p1a: Palafin\n|-damage|p1a: Palafin|74\/100\n|\n|-heal|p1a: Palafin|80\/100|[from] item: Leftovers\n|upkeep\n|turn|8\n|\n|t:|1698530433\n|move|p1a: Palafin|Jet Punch|p2a: Marshadow\n|-damage|p2a: Marshadow|48\/100\n|move|p2a: Marshadow|Spectral Thief|p1a: Palafin\n|-crit|p1a: Palafin\n|-damage|p1a: Palafin|19\/100\n|\n|-heal|p1a: Palafin|25\/100|[from] item: Leftovers\n|upkeep\n|turn|9\n|\n|t:|1698530441\n|move|p2a: Marshadow|Shadow Sneak|p1a: Palafin\n|-damage|p1a: Palafin|1\/100\n|move|p1a: Palafin|Jet Punch|p2a: Marshadow\n|-damage|p2a: Marshadow|1\/100\n|\n|-heal|p1a: Palafin|7\/100|[from] item: Leftovers\n|upkeep\n|turn|10\n|\n|t:|1698530450\n|move|p2a: Marshadow|Shadow Sneak|p1a: Palafin\n|-damage|p1a: Palafin|0 fnt\n|faint|p1a: Palafin\n|\n|upkeep\n|\n|t:|1698530457\n|switch|p1a: Blaziken|Blaziken-Mega, F, shiny|100\/100\n|turn|11\n|l|\u2606Small_positive987\n|inactive|Small_positive987 disconnected and has a minute to reconnect!\n|player|p1|\n|j|\u2606Small_positive987\n|inactive|Small_positive987 reconnected and has 115 seconds left.\n|player|p1|Small_positive987|1\n|\n|t:|1698530508\n|move|p2a: Marshadow|Rock Tomb|p1a: Blaziken\n|-damage|p1a: Blaziken|68\/100\n|-unboost|p1a: Blaziken|spe|1\n|move|p1a: Blaziken|Earthquake|p2a: Marshadow\n|-damage|p2a: Marshadow|0 fnt\n|faint|p2a: Marshadow\n|\n|-ability|p1a: Blaziken|Speed Boost|boost\n|-boost|p1a: Blaziken|spe|1\n|upkeep\n|\n|t:|1698530521\n|switch|p2a: Pheromosa|Pheromosa, shiny|100\/100\n|turn|12\n|\n|t:|1698530528\n|move|p2a: Pheromosa|Rapid Spin|p1a: Blaziken\n|-damage|p1a: Blaziken|51\/100\n|-boost|p2a: Pheromosa|spe|1\n|move|p1a: Blaziken|Bulk Up|p1a: Blaziken\n|-boost|p1a: Blaziken|atk|1\n|-boost|p1a: Blaziken|def|1\n|\n|-ability|p1a: Blaziken|Speed Boost|boost\n|-boost|p1a: Blaziken|spe|1\n|upkeep\n|turn|13\n|\n|t:|1698530537\n|move|p2a: Pheromosa|Rapid Spin|p1a: Blaziken\n|-damage|p1a: Blaziken|41\/100\n|-boost|p2a: Pheromosa|spe|1\n|move|p1a: Blaziken|Bulk Up|p1a: Blaziken\n|-boost|p1a: Blaziken|atk|1\n|-boost|p1a: Blaziken|def|1\n|\n|-ability|p1a: Blaziken|Speed Boost|boost\n|-boost|p1a: Blaziken|spe|1\n|upkeep\n|turn|14\n|\n|t:|1698530545\n|move|p2a: Pheromosa|Rapid Spin|p1a: Blaziken\n|-damage|p1a: Blaziken|34\/100\n|-boost|p2a: Pheromosa|spe|1\n|move|p1a: Blaziken|Earthquake|p2a: Pheromosa\n|-resisted|p2a: Pheromosa\n|-enditem|p2a: Pheromosa|Focus Sash\n|-damage|p2a: Pheromosa|1\/100\n|\n|-ability|p1a: Blaziken|Speed Boost|boost\n|-boost|p1a: Blaziken|spe|1\n|upkeep\n|turn|15\n|\n|t:|1698530559\n|-terastallize|p2a: Pheromosa|Flying\n|move|p2a: Pheromosa|Close Combat|p1a: Blaziken\n|-damage|p1a: Blaziken|4\/100\n|-unboost|p2a: Pheromosa|def|1\n|-unboost|p2a: Pheromosa|spd|1\n|move|p1a: Blaziken|Earthquake|p2a: Pheromosa\n|-immune|p2a: Pheromosa\n|\n|-ability|p1a: Blaziken|Speed Boost|boost\n|-boost|p1a: Blaziken|spe|1\n|upkeep\n|turn|16\n|\n|t:|1698530569\n|move|p1a: Blaziken|Protect|p1a: Blaziken\n|-singleturn|p1a: Blaziken|Protect\n|move|p2a: Pheromosa|Rapid Spin|p1a: Blaziken\n|-activate|p1a: Blaziken|move: Protect\n|\n|-ability|p1a: Blaziken|Speed Boost|boost\n|-boost|p1a: Blaziken|spe|1\n|upkeep\n|turn|17\n|\n|t:|1698530590\n|move|p2a: Pheromosa|Rapid Spin|p1a: Blaziken\n|-damage|p1a: Blaziken|0 fnt\n|-boost|p2a: Pheromosa|spe|1\n|faint|p1a: Blaziken\n|-ability|p2a: Pheromosa|Beast Boost|boost\n|-boost|p2a: Pheromosa|spa|1\n|\n|upkeep\n|\n|t:|1698530594\n|switch|p1a: Deoxys|Deoxys-Attack|100\/100\n|-ability|p1a: Deoxys|Pressure\n|turn|18\n|\n|t:|1698530600\n|move|p1a: Deoxys|Extreme Speed|p2a: Pheromosa\n|-damage|p2a: Pheromosa|0 fnt\n|faint|p2a: Pheromosa\n|\n|upkeep\n|\n|t:|1698530607\n|switch|p2a: Forretress|Forretress, F, shiny|34\/100\n|turn|19\n|\n|t:|1698530614\n|move|p1a: Deoxys|Dark Pulse|p2a: Forretress\n|-damage|p2a: Forretress|0 fnt\n|faint|p2a: Forretress\n|\n|upkeep\n|\n|t:|1698530619\n|switch|p2a: Grimmsnarl|Grimmsnarl, M, shiny|100\/100\n|turn|20\n|\n|t:|1698530628\n|move|p2a: Grimmsnarl|Light Screen|p2a: Grimmsnarl\n|-sidestart|p2: JustMonika_CARR|move: Light Screen\n|move|p1a: Deoxys|Ice Beam|p2a: Grimmsnarl\n|-damage|p2a: Grimmsnarl|82\/100\n|\n|-heal|p2a: Grimmsnarl|88\/100|[from] item: Leftovers\n|upkeep\n|turn|21\n|\n|t:|1698530636\n|switch|p1a: Grimmsnarl|Grimmsnarl, M, shiny|100\/100\n|move|p2a: Grimmsnarl|Spirit Break|p1a: Grimmsnarl\n|-supereffective|p1a: Grimmsnarl\n|-damage|p1a: Grimmsnarl|21\/100\n|-unboost|p1a: Grimmsnarl|spa|1\n|\n|-heal|p2a: Grimmsnarl|94\/100|[from] item: Leftovers\n|upkeep\n|turn|22\n|\n|t:|1698530644\n|move|p1a: Grimmsnarl|Reflect|p1a: Grimmsnarl\n|-sidestart|p1: Small_positive987|Reflect\n|move|p2a: Grimmsnarl|Spirit Break|p1a: Grimmsnarl\n|-supereffective|p1a: Grimmsnarl\n|-damage|p1a: Grimmsnarl|0 fnt\n|faint|p1a: Grimmsnarl\n|\n|-heal|p2a: Grimmsnarl|99\/100|[from] item: Leftovers\n|upkeep\n|\n|t:|1698530649\n|switch|p1a: Kartana|Kartana, shiny|100\/100\n|turn|23\n|\n|t:|1698530654\n|move|p2a: Grimmsnarl|Reflect|p2a: Grimmsnarl\n|-sidestart|p2: JustMonika_CARR|Reflect\n|move|p1a: Kartana|Sacred Sword|p2a: Grimmsnarl\n|-damage|p2a: Grimmsnarl|78\/100\n|\n|-heal|p2a: Grimmsnarl|85\/100|[from] item: Leftovers\n|upkeep\n|turn|24\n|\n|t:|1698530661\n|move|p1a: Kartana|Sacred Sword|p2a: Grimmsnarl\n|-damage|p2a: Grimmsnarl|63\/100\n|move|p2a: Grimmsnarl|Spirit Break|p1a: Kartana\n|-resisted|p1a: Kartana\n|-damage|p1a: Kartana|92\/100\n|-unboost|p1a: Kartana|spa|1\n|\n|-heal|p2a: Grimmsnarl|70\/100|[from] item: Leftovers\n|-sideend|p2: JustMonika_CARR|move: Light Screen\n|upkeep\n|turn|25\n|\n|t:|1698530670\n|move|p1a: Kartana|Sacred Sword|p2a: Grimmsnarl\n|-damage|p2a: Grimmsnarl|48\/100\n|move|p2a: Grimmsnarl|Spirit Break|p1a: Kartana\n|-resisted|p1a: Kartana\n|-damage|p1a: Kartana|84\/100\n|-unboost|p1a: Kartana|spa|1\n|\n|-heal|p2a: Grimmsnarl|55\/100|[from] item: Leftovers\n|upkeep\n|turn|26\n|\n|t:|1698530679\n|move|p1a: Kartana|Sacred Sword|p2a: Grimmsnarl\n|-damage|p2a: Grimmsnarl|33\/100\n|move|p2a: Grimmsnarl|Spirit Break|p1a: Kartana\n|-resisted|p1a: Kartana\n|-damage|p1a: Kartana|76\/100\n|-unboost|p1a: Kartana|spa|1\n|\n|-heal|p2a: Grimmsnarl|39\/100|[from] item: Leftovers\n|upkeep\n|turn|27\n|\n|t:|1698530688\n|move|p1a: Kartana|Sacred Sword|p2a: Grimmsnarl\n|-damage|p2a: Grimmsnarl|18\/100\n|move|p2a: Grimmsnarl|Spirit Break|p1a: Kartana\n|-resisted|p1a: Kartana\n|-damage|p1a: Kartana|67\/100\n|-unboost|p1a: Kartana|spa|1\n|\n|-heal|p2a: Grimmsnarl|24\/100|[from] item: Leftovers\n|-sideend|p2: JustMonika_CARR|Reflect\n|upkeep\n|turn|28\n|\n|t:|1698530704\n|move|p2a: Grimmsnarl|Reflect|p2a: Grimmsnarl\n|-sidestart|p2: JustMonika_CARR|Reflect\n|move|p1a: Kartana|Sacred Sword|p2a: Grimmsnarl\n|-damage|p2a: Grimmsnarl|5\/100\n|\n|-heal|p2a: Grimmsnarl|11\/100|[from] item: Leftovers\n|upkeep\n|turn|29\n|\n|t:|1698530710\n|move|p1a: Kartana|Sacred Sword|p2a: Grimmsnarl\n|-damage|p2a: Grimmsnarl|0 fnt\n|faint|p2a: Grimmsnarl\n|-ability|p1a: Kartana|Beast Boost|boost\n|-boost|p1a: Kartana|atk|1\n|\n|-sideend|p1: Small_positive987|Reflect\n|upkeep\n|\n|t:|1698530717\n|switch|p2a: Dialga|Dialga, shiny|100\/100\n|-ability|p2a: Dialga|Pressure\n|turn|30\n|\n|t:|1698530723\n|move|p1a: Kartana|Sacred Sword|p2a: Dialga\n|-supereffective|p2a: Dialga\n|-damage|p2a: Dialga|50\/100\n|move|p2a: Dialga|Earth Power|p1a: Kartana\n|-damage|p1a: Kartana|0 fnt\n|faint|p1a: Kartana\n|\n|upkeep\n|\n|t:|1698530733\n|switch|p1a: Lugia|Lugia|33\/100\n|turn|31\n|\n|t:|1698530741\n|switch|p2a: Lopunny|Lopunny, F, shiny|100\/100\n|move|p1a: Lugia|Recover|p1a: Lugia\n|-heal|p1a: Lugia|83\/100\n|\n|upkeep\n|turn|32\n|\n|t:|1698530762\n|detailschange|p2a: Lopunny|Lopunny-Mega, F, shiny\n|-mega|p2a: Lopunny|Lopunny|Lopunnite\n|move|p2a: Lopunny|Fake Out|p1a: Lugia\n|-damage|p1a: Lugia|69\/100\n|cant|p1a: Lugia|flinch\n|\n|-sideend|p2: JustMonika_CARR|Reflect\n|upkeep\n|turn|33\n|\n|t:|1698530771\n|move|p2a: Lopunny|Return|p1a: Lugia\n|-damage|p1a: Lugia|35\/100\n|move|p1a: Lugia|Toxic|p2a: Lopunny\n|-status|p2a: Lopunny|tox\n|\n|-damage|p2a: Lopunny|95\/100 tox|[from] psn\n|upkeep\n|turn|34\n|\n|t:|1698530778\n|move|p2a: Lopunny|Return|p1a: Lugia\n|-damage|p1a: Lugia|0 fnt\n|faint|p1a: Lugia\n|\n|-damage|p2a: Lopunny|83\/100 tox|[from] psn\n|upkeep\n|\n|t:|1698530784\n|switch|p1a: Deoxys|Deoxys-Attack|100\/100\n|-ability|p1a: Deoxys|Pressure\n|turn|35\n|\n|t:|1698530790\n|switch|p2a: Dialga|Dialga, shiny|50\/100\n|-ability|p2a: Dialga|Pressure\n|move|p1a: Deoxys|Psyshock|p2a: Dialga\n|-resisted|p2a: Dialga\n|-damage|p2a: Dialga|29\/100\n|\n|upkeep\n|turn|36\n|\n|t:|1698530801\n|move|p2a: Dialga|Steel Beam|p1a: Deoxys\n|-enditem|p1a: Deoxys|Focus Sash\n|-damage|p1a: Deoxys|1\/100\n|-damage|p2a: Dialga|0 fnt|[from] steelbeam\n|faint|p2a: Dialga\n|move|p1a: Deoxys|Ice Beam|p2: Dialga|[notarget]\n|-fail|p1a: Deoxys\n|\n|upkeep\n|\n|t:|1698530809\n|switch|p2a: Lopunny|Lopunny-Mega, F, shiny|83\/100 tox\n|turn|37\n|\n|t:|1698530811\n|move|p2a: Lopunny|Fake Out|p1a: Deoxys\n|-damage|p1a: Deoxys|0 fnt\n|faint|p1a: Deoxys\n|\n|win|JustMonika_CARR\n|raw|Small_positive987's rating: 1254 &rarr; <strong>1238<\/strong><br \/>(-16 for losing)\n|raw|JustMonika_CARR's rating: 1381 &rarr; <strong>1394<\/strong><br \/>(+13 for winning)\n|l|\u2606Small_positive987\n|c|\u2606JustMonika_CARR|gg\n","uploadtime":1698530819,"views":7,"p1id":"smallpositive987","p2id":"justmonikacarr","formatid":"gen9nationaldexubers","rating":1238,"private":0,"password":""}