{"id":"gen9nationaldexubers-1986057387","p1":"1 em trach thu","p2":"priestmajor","format":"[Gen 9] National Dex Ubers","log":"|j|\u26061 em trach thu\n|j|\u2606priestmajor\n|t:|1699444962\n|gametype|singles\n|player|p1|1 em trach thu|1|1549\n|player|p2|priestmajor|102|1812\n|teamsize|p1|6\n|teamsize|p2|6\n|gen|9\n|tier|[Gen 9] National Dex Ubers\n|rated|\n|rule|HP Percentage Mod: HP is shown in percentages\n|rule|Endless Battle Clause: Forcing endless battles is banned\n|rule|OHKO Clause: OHKO moves are banned\n|rule|Evasion Moves Clause: Evasion moves are banned\n|rule|Evasion Items Clause: Evasion items are banned\n|rule|Species Clause: Limit one of each Pok\u00e9mon\n|rule|Sleep Clause Mod: Limit one foe put to sleep\n|rule|Mega Rayquaza Clause: You cannot mega evolve Rayquaza\n|clearpoke\n|poke|p1|Kyogre|\n|poke|p1|Groudon|\n|poke|p1|Zacian-*|\n|poke|p1|Arceus|\n|poke|p1|Rayquaza|\n|poke|p1|Banette, F|\n|poke|p2|Groudon|\n|poke|p2|Ho-Oh|\n|poke|p2|Zygarde|\n|poke|p2|Arceus-Ground|\n|poke|p2|Yveltal|\n|poke|p2|Eternatus|\n|teampreview\n|inactive|Battle timer is ON: inactive players will automatically lose when time's up. (requested by 1 em trach thu)\n|\n|t:|1699444976\n|start\n|switch|p1a: Arceus|Arceus|100\/100\n|switch|p2a: Yveltal|Yveltal|100\/100\n|-ability|p2a: Yveltal|Dark Aura\n|turn|1\n|\n|t:|1699444986\n|move|p1a: Arceus|Toxic|p2a: Yveltal\n|-status|p2a: Yveltal|tox\n|move|p2a: Yveltal|Foul Play|p1a: Arceus\n|-crit|p1a: Arceus\n|-damage|p1a: Arceus|53\/100\n|\n|-heal|p1a: Arceus|59\/100|[from] item: Leftovers\n|-damage|p2a: Yveltal|94\/100 tox|[from] psn\n|upkeep\n|turn|2\n|\n|t:|1699444996\n|move|p1a: Arceus|Stealth Rock|p2a: Yveltal\n|-sidestart|p2: priestmajor|move: Stealth Rock\n|move|p2a: Yveltal|Toxic|p1a: Arceus\n|-status|p1a: Arceus|tox\n|\n|-heal|p1a: Arceus|65\/100 tox|[from] item: Leftovers\n|-damage|p1a: Arceus|59\/100 tox|[from] psn\n|-damage|p2a: Yveltal|82\/100 tox|[from] psn\n|upkeep\n|turn|3\n|\n|t:|1699445006\n|switch|p2a: Ho-Oh|Ho-Oh|100\/100\n|move|p1a: Arceus|Extreme Speed|p2a: Ho-Oh\n|-damage|p2a: Ho-Oh|80\/100\n|\n|-heal|p1a: Arceus|65\/100 tox|[from] item: Leftovers\n|-damage|p1a: Arceus|53\/100 tox|[from] psn\n|upkeep\n|turn|4\n|\n|t:|1699445016\n|switch|p2a: Yveltal|Yveltal|82\/100 tox\n|-ability|p2a: Yveltal|Dark Aura\n|move|p1a: Arceus|Toxic|p2a: Yveltal\n|-fail|p2a: Yveltal|tox\n|\n|-heal|p1a: Arceus|59\/100 tox|[from] item: Leftovers\n|-damage|p1a: Arceus|41\/100 tox|[from] psn\n|-damage|p2a: Yveltal|76\/100 tox|[from] psn\n|upkeep\n|turn|5\n|\n|t:|1699445027\n|move|p1a: Arceus|Extreme Speed|p2a: Yveltal\n|-damage|p2a: Yveltal|51\/100 tox\n|move|p2a: Yveltal|Roost|p2a: Yveltal\n|-heal|p2a: Yveltal|100\/100 tox\n|-singleturn|p2a: Yveltal|move: Roost\n|\n|-heal|p1a: Arceus|47\/100 tox|[from] item: Leftovers\n|-damage|p1a: Arceus|23\/100 tox|[from] psn\n|-damage|p2a: Yveltal|88\/100 tox|[from] psn\n|upkeep\n|turn|6\n|\n|t:|1699445038\n|move|p1a: Arceus|Extreme Speed|p2a: Yveltal\n|-damage|p2a: Yveltal|64\/100 tox\n|move|p2a: Yveltal|Roost|p2a: Yveltal\n|-heal|p2a: Yveltal|100\/100 tox\n|-singleturn|p2a: Yveltal|move: Roost\n|\n|-heal|p1a: Arceus|29\/100 tox|[from] item: Leftovers\n|-damage|p1a: Arceus|0 fnt|[from] psn\n|faint|p1a: Arceus\n|-damage|p2a: Yveltal|82\/100 tox|[from] psn\n|upkeep\n|\n|t:|1699445051\n|switch|p1a: Zacian|Zacian-Crowned|100\/100\n|-ability|p1a: Zacian|Intrepid Sword|boost\n|-boost|p1a: Zacian|atk|1\n|turn|7\n|\n|t:|1699445056\n|move|p1a: Zacian|Swords Dance|p1a: Zacian\n|-boost|p1a: Zacian|atk|2\n|move|p2a: Yveltal|Foul Play|p1a: Zacian\n|-resisted|p1a: Zacian\n|-damage|p1a: Zacian|15\/100\n|\n|-damage|p2a: Yveltal|58\/100 tox|[from] psn\n|upkeep\n|turn|8\n|\n|t:|1699445065\n|move|p1a: Zacian|Play Rough|p2a: Yveltal\n|-supereffective|p2a: Yveltal\n|-damage|p2a: Yveltal|0 fnt\n|faint|p2a: Yveltal\n|\n|upkeep\n|\n|t:|1699445070\n|switch|p2a: Ho-Oh|Ho-Oh|100\/100\n|turn|9\n|\n|t:|1699445076\n|move|p1a: Zacian|Wild Charge|p2a: Ho-Oh\n|-supereffective|p2a: Ho-Oh\n|-damage|p2a: Ho-Oh|0 fnt\n|faint|p2a: Ho-Oh\n|-damage|p1a: Zacian|0 fnt|[from] Recoil\n|faint|p1a: Zacian\n|\n|upkeep\n|\n|t:|1699445089\n|switch|p1a: Groudon|Groudon|100\/100\n|switch|p2a: Arceus|Arceus-Ground|100\/100\n|-damage|p2a: Arceus|94\/100|[from] Stealth Rock\n|detailschange|p1a: Groudon|Groudon-Primal\n|-primal|p1a: Groudon|Red Orb\n|-weather|DesolateLand|[from] ability: Desolate Land|[of] p1a: Groudon\n|turn|10\n|\n|t:|1699445101\n|-weather|none\n|switch|p1a: Kyogre|Kyogre|100\/100\n|detailschange|p1a: Kyogre|Kyogre-Primal\n|-primal|p1a: Kyogre|Blue Orb\n|-weather|PrimordialSea|[from] ability: Primordial Sea|[of] p1a: Kyogre\n|move|p2a: Arceus|Dragon Dance|p2a: Arceus\n|-boost|p2a: Arceus|atk|1\n|-boost|p2a: Arceus|spe|1\n|\n|-weather|PrimordialSea|[upkeep]\n|upkeep\n|turn|11\n|\n|t:|1699445120\n|-terastallize|p2a: Arceus|Ground\n|move|p2a: Arceus|Earthquake|p1a: Kyogre\n|-damage|p1a: Kyogre|0 fnt\n|faint|p1a: Kyogre\n|-weather|none\n|\n|upkeep\n|\n|t:|1699445128\n|switch|p1a: Banette|Banette, F|100\/100\n|-item|p2a: Arceus|Earth Plate|[from] ability: Frisk|[of] p1a: Banette|[identify]\n|turn|12\n|\n|t:|1699445134\n|switch|p2a: Eternatus|Eternatus|100\/100\n|-damage|p2a: Eternatus|88\/100|[from] Stealth Rock\n|-ability|p2a: Eternatus|Pressure\n|detailschange|p1a: Banette|Banette-Mega, F\n|-mega|p1a: Banette|Banette|Banettite\n|move|p1a: Banette|Destiny Bond|p1a: Banette\n|-singlemove|p1a: Banette|Destiny Bond\n|\n|upkeep\n|turn|13\n|\n|t:|1699445149\n|switch|p1a: Rayquaza|Rayquaza|100\/100\n|-ability|p1a: Rayquaza|Air Lock\n|move|p2a: Eternatus|Dynamax Cannon|p1a: Rayquaza\n|-supereffective|p1a: Rayquaza\n|-enditem|p1a: Rayquaza|Focus Sash\n|-damage|p1a: Rayquaza|1\/100\n|\n|upkeep\n|turn|14\n|\n|t:|1699445158\n|move|p2a: Eternatus|Dynamax Cannon|p1a: Rayquaza\n|-supereffective|p1a: Rayquaza\n|-damage|p1a: Rayquaza|0 fnt\n|faint|p1a: Rayquaza\n|\n|upkeep\n|\n|t:|1699445165\n|switch|p1a: Groudon|Groudon-Primal|100\/100\n|-weather|DesolateLand|[from] ability: Desolate Land|[of] p1a: Groudon\n|turn|15\n|\n|t:|1699445170\n|switch|p2a: Zygarde|Zygarde|100\/100\n|-damage|p2a: Zygarde|94\/100|[from] Stealth Rock\n|move|p1a: Groudon|Earthquake|p2a: Zygarde\n|-damage|p2a: Zygarde|57\/100\n|\n|-weather|DesolateLand|[upkeep]\n|-heal|p2a: Zygarde|63\/100|[from] item: Leftovers\n|upkeep\n|turn|16\n|\n|t:|1699445179\n|move|p2a: Zygarde|Thousand Arrows|p1a: Groudon\n|-supereffective|p1a: Groudon\n|-crit|p1a: Groudon\n|-damage|p1a: Groudon|42\/100\n|move|p1a: Groudon|Earthquake|p2a: Zygarde\n|-damage|p2a: Zygarde|23\/100\n|\n|-weather|DesolateLand|[upkeep]\n|-heal|p2a: Zygarde|29\/100|[from] item: Leftovers\n|-activate|p2a: Zygarde|ability: Power Construct\n|detailschange|p2a: Zygarde|Zygarde-Complete\n|-heal|p2a: Zygarde|54\/100|[silent]\n|upkeep\n|turn|17\n|\n|t:|1699445192\n|move|p1a: Groudon|Earthquake|p2a: Zygarde\n|-damage|p2a: Zygarde|30\/100\n|move|p2a: Zygarde|Coil|p2a: Zygarde\n|-boost|p2a: Zygarde|atk|1\n|-boost|p2a: Zygarde|def|1\n|-boost|p2a: Zygarde|accuracy|1\n|\n|-weather|DesolateLand|[upkeep]\n|-heal|p2a: Zygarde|36\/100|[from] item: Leftovers\n|upkeep\n|turn|18\n|\n|t:|1699445202\n|-weather|none\n|switch|p1a: Banette|Banette-Mega, F|100\/100\n|move|p2a: Zygarde|Thousand Arrows|p1a: Banette\n|-damage|p1a: Banette|28\/100\n|\n|-heal|p2a: Zygarde|43\/100|[from] item: Leftovers\n|upkeep\n|turn|19\n|\n|t:|1699445213\n|move|p1a: Banette|Knock Off|p2a: Zygarde\n|-damage|p2a: Zygarde|32\/100\n|-enditem|p2a: Zygarde|Leftovers|[from] move: Knock Off|[of] p1a: Banette\n|move|p2a: Zygarde|Thousand Arrows|p1a: Banette\n|-damage|p1a: Banette|0 fnt\n|faint|p1a: Banette\n|\n|upkeep\n|\n|t:|1699445222\n|switch|p1a: Groudon|Groudon-Primal|42\/100\n|-weather|DesolateLand|[from] ability: Desolate Land|[of] p1a: Groudon\n|turn|20\n|\n|t:|1699445229\n|move|p1a: Groudon|Solar Beam||[still]\n|-prepare|p1a: Groudon|Solar Beam\n|-anim|p1a: Groudon|Solar Beam|p2a: Zygarde\n|-damage|p2a: Zygarde|14\/100\n|move|p2a: Zygarde|Thousand Arrows|p1a: Groudon\n|-supereffective|p1a: Groudon\n|-damage|p1a: Groudon|0 fnt\n|faint|p1a: Groudon\n|-weather|none\n|\n|win|priestmajor\n|raw|1 em trach thu's rating: 1549 &rarr; <strong>1542<\/strong><br \/>(-7 for losing)\n|raw|priestmajor's rating: 1812 &rarr; <strong>1819<\/strong><br \/>(+7 for winning)\n|l|\u2606priestmajor\n","uploadtime":1699445295,"views":5,"p1id":"1emtrachthu","p2id":"priestmajor","formatid":"gen9nationaldexubers","rating":1542,"private":0,"password":""}