{"id":"gen9nationaldexubers-1982343195","p1":"kikofp","p2":"Chaitanya15","format":"[Gen 9] National Dex Ubers","log":"|j|\u2606kikofp\n|j|\u2606Chaitanya15\n|t:|1699000988\n|gametype|singles\n|player|p1|kikofp|265|1632\n|player|p2|Chaitanya15|101|1441\n|teamsize|p1|6\n|teamsize|p2|6\n|gen|9\n|tier|[Gen 9] National Dex Ubers\n|rated|\n|rule|HP Percentage Mod: HP is shown in percentages\n|rule|Endless Battle Clause: Forcing endless battles is banned\n|rule|OHKO Clause: OHKO moves are banned\n|rule|Evasion Moves Clause: Evasion moves are banned\n|rule|Evasion Items Clause: Evasion items are banned\n|rule|Species Clause: Limit one of each Pok\u00e9mon\n|rule|Sleep Clause Mod: Limit one foe put to sleep\n|rule|Mega Rayquaza Clause: You cannot mega evolve Rayquaza\n|clearpoke\n|poke|p1|Groudon|\n|poke|p1|Arceus|\n|poke|p1|Zacian-*|\n|poke|p1|Ho-Oh|\n|poke|p1|Necrozma-Dusk-Mane|\n|poke|p1|Yveltal|\n|poke|p2|Kingambit, F|\n|poke|p2|Basculegion, M|\n|poke|p2|Pikachu, F|\n|poke|p2|Kyogre|\n|poke|p2|Flutter Mane|\n|poke|p2|Deoxys-Speed|\n|teampreview\n|inactive|Battle timer is ON: inactive players will automatically lose when time's up. (requested by kikofp)\n|\n|t:|1699000998\n|start\n|switch|p1a: Groudon|Groudon|100\/100\n|switch|p2a: Deoxys|Deoxys-Speed|100\/100\n|-ability|p2a: Deoxys|Pressure\n|detailschange|p1a: Groudon|Groudon-Primal\n|-primal|p1a: Groudon|Red Orb\n|-weather|DesolateLand|[from] ability: Desolate Land|[of] p1a: Groudon\n|turn|1\n|\n|t:|1699001010\n|move|p2a: Deoxys|Stealth Rock|p1a: Groudon\n|-sidestart|p1: kikofp|move: Stealth Rock\n|move|p1a: Groudon|Heat Crash|p2a: Deoxys\n|-enditem|p2a: Deoxys|Focus Sash\n|-damage|p2a: Deoxys|1\/100\n|\n|-weather|DesolateLand|[upkeep]\n|upkeep\n|turn|2\n|\n|t:|1699001019\n|move|p2a: Deoxys|Psychic|p1a: Groudon\n|-damage|p1a: Groudon|71\/100\n|-unboost|p1a: Groudon|spd|1\n|move|p1a: Groudon|Stealth Rock|p2a: Deoxys\n|-sidestart|p2: Chaitanya15|move: Stealth Rock\n|\n|-weather|DesolateLand|[upkeep]\n|upkeep\n|turn|3\n|\n|t:|1699001027\n|move|p2a: Deoxys|Psychic|p1a: Groudon\n|-damage|p1a: Groudon|33\/100\n|move|p1a: Groudon|Heat Crash|p2a: Deoxys\n|-damage|p2a: Deoxys|0 fnt\n|faint|p2a: Deoxys\n|\n|-weather|DesolateLand|[upkeep]\n|upkeep\n|\n|t:|1699001036\n|switch|p2a: Flutter Mane|Flutter Mane|100\/100\n|-damage|p2a: Flutter Mane|88\/100|[from] Stealth Rock\n|-enditem|p2a: Flutter Mane|Booster Energy\n|-activate|p2a: Flutter Mane|ability: Protosynthesis|[fromitem]\n|-start|p2a: Flutter Mane|protosynthesisspe\n|turn|4\n|\n|t:|1699001042\n|move|p2a: Flutter Mane|Shadow Ball|p1a: Groudon\n|-damage|p1a: Groudon|0 fnt\n|faint|p1a: Groudon\n|-weather|none\n|\n|upkeep\n|\n|t:|1699001044\n|switch|p1a: Ho-Oh|Ho-Oh, shiny|100\/100\n|turn|5\n|\n|t:|1699001055\n|-terastallize|p2a: Flutter Mane|Ghost\n|move|p2a: Flutter Mane|Shadow Ball|p1a: Ho-Oh\n|-damage|p1a: Ho-Oh|69\/100\n|move|p1a: Ho-Oh|Sacred Fire|p2a: Flutter Mane|[miss]\n|-miss|p1a: Ho-Oh|p2a: Flutter Mane\n|\n|upkeep\n|turn|6\n|\n|t:|1699001065\n|move|p2a: Flutter Mane|Shadow Ball|p1a: Ho-Oh\n|-damage|p1a: Ho-Oh|36\/100\n|move|p1a: Ho-Oh|Roost|p1a: Ho-Oh\n|-heal|p1a: Ho-Oh|86\/100\n|-singleturn|p1a: Ho-Oh|move: Roost\n|\n|upkeep\n|turn|7\n|\n|t:|1699001075\n|move|p2a: Flutter Mane|Shadow Ball|p1a: Ho-Oh\n|-damage|p1a: Ho-Oh|56\/100\n|-unboost|p1a: Ho-Oh|spd|1\n|move|p1a: Ho-Oh|Sacred Fire|p2a: Flutter Mane\n|-damage|p2a: Flutter Mane|0 fnt\n|faint|p2a: Flutter Mane\n|-end|p2a: Flutter Mane|Protosynthesis|[silent]\n|\n|upkeep\n|\n|t:|1699001086\n|switch|p2a: Pikachu|Pikachu, F|100\/100\n|-damage|p2a: Pikachu|88\/100|[from] Stealth Rock\n|turn|8\n|\n|t:|1699001090\n|switch|p1a: Necrozma|Necrozma-Dusk-Mane|100\/100\n|-damage|p1a: Necrozma|94\/100|[from] Stealth Rock\n|move|p2a: Pikachu|Volt Tackle|p1a: Necrozma\n|-damage|p1a: Necrozma|48\/100\n|-damage|p2a: Pikachu|59\/100|[from] Recoil\n|\n|upkeep\n|turn|9\n|\n|t:|1699001099\n|move|p2a: Pikachu|Volt Tackle|p1a: Necrozma\n|-damage|p1a: Necrozma|3\/100\n|-damage|p2a: Pikachu|31\/100|[from] Recoil\n|move|p1a: Necrozma|Morning Sun|p1a: Necrozma\n|-heal|p1a: Necrozma|53\/100\n|\n|upkeep\n|turn|10\n|\n|t:|1699001110\n|move|p2a: Pikachu|Volt Tackle|p1a: Necrozma\n|-damage|p1a: Necrozma|2\/100\n|-damage|p2a: Pikachu|0 fnt|[from] Recoil\n|faint|p2a: Pikachu\n|move|p1a: Necrozma|Morning Sun|p1a: Necrozma\n|-heal|p1a: Necrozma|52\/100\n|\n|upkeep\n|\n|t:|1699001119\n|switch|p2a: Kyogre|Kyogre|100\/100\n|-damage|p2a: Kyogre|88\/100|[from] Stealth Rock\n|-weather|RainDance|[from] ability: Drizzle|[of] p2a: Kyogre\n|turn|11\n|\n|t:|1699001127\n|move|p2a: Kyogre|Water Spout|p1a: Necrozma\n|-damage|p1a: Necrozma|0 fnt\n|faint|p1a: Necrozma\n|\n|-weather|RainDance|[upkeep]\n|upkeep\n|\n|t:|1699001138\n|switch|p1a: Arceus|Arceus|100\/100\n|-damage|p1a: Arceus|88\/100|[from] Stealth Rock\n|turn|12\n|\n|t:|1699001145\n|switch|p2a: Basculegion|Basculegion, M|100\/100\n|-damage|p2a: Basculegion|88\/100|[from] Stealth Rock\n|move|p1a: Arceus|Extreme Speed|p2a: Basculegion\n|-immune|p2a: Basculegion\n|\n|-weather|RainDance|[upkeep]\n|upkeep\n|turn|13\n|\n|t:|1699001156\n|move|p2a: Basculegion|Wave Crash|p1a: Arceus\n|-damage|p1a: Arceus|0 fnt\n|faint|p1a: Arceus\n|-damage|p2a: Basculegion|55\/100|[from] Recoil\n|\n|-weather|RainDance|[upkeep]\n|upkeep\n|\n|t:|1699001163\n|switch|p1a: Zacian|Zacian-Crowned, shiny|100\/100\n|-damage|p1a: Zacian|94\/100|[from] Stealth Rock\n|-ability|p1a: Zacian|Intrepid Sword|boost\n|-boost|p1a: Zacian|atk|1\n|turn|14\n|\n|t:|1699001170\n|move|p2a: Basculegion|Wave Crash|p1a: Zacian\n|-damage|p1a: Zacian|0 fnt\n|faint|p1a: Zacian\n|-damage|p2a: Basculegion|28\/100|[from] Recoil\n|\n|-weather|RainDance|[upkeep]\n|upkeep\n|\n|t:|1699001173\n|switch|p1a: Ho-Oh|Ho-Oh, shiny|89\/100\n|turn|15\n|\n|t:|1699001180\n|move|p2a: Basculegion|Wave Crash|p1a: Ho-Oh\n|-supereffective|p1a: Ho-Oh\n|-damage|p1a: Ho-Oh|0 fnt\n|faint|p1a: Ho-Oh\n|-damage|p2a: Basculegion|0 fnt|[from] Recoil\n|faint|p2a: Basculegion\n|\n|-weather|none\n|upkeep\n|\n|t:|1699001190\n|switch|p2a: Kyogre|Kyogre|88\/100\n|switch|p1a: Yveltal|Yveltal, shiny|100\/100\n|-damage|p2a: Kyogre|76\/100|[from] Stealth Rock\n|-weather|RainDance|[from] ability: Drizzle|[of] p2a: Kyogre\n|-ability|p1a: Yveltal|Dark Aura\n|turn|16\n|\n|t:|1699001206\n|move|p2a: Kyogre|Thunder|p1a: Yveltal\n|-supereffective|p1a: Yveltal\n|-damage|p1a: Yveltal|39\/100\n|move|p1a: Yveltal|Foul Play|p2a: Kyogre\n|-damage|p2a: Kyogre|39\/100\n|\n|-weather|RainDance|[upkeep]\n|upkeep\n|turn|17\n|\n|t:|1699001215\n|-terastallize|p1a: Yveltal|Steel\n|move|p2a: Kyogre|Thunder|p1a: Yveltal\n|-damage|p1a: Yveltal|6\/100\n|move|p1a: Yveltal|Roost|p1a: Yveltal\n|-heal|p1a: Yveltal|56\/100\n|\n|-weather|RainDance|[upkeep]\n|upkeep\n|turn|18\n|\n|t:|1699001225\n|move|p2a: Kyogre|Thunder|p1a: Yveltal\n|-damage|p1a: Yveltal|21\/100\n|-status|p1a: Yveltal|par\n|move|p1a: Yveltal|Roost|p1a: Yveltal\n|-heal|p1a: Yveltal|71\/100 par\n|\n|-weather|RainDance|[upkeep]\n|upkeep\n|turn|19\n|\n|t:|1699001235\n|move|p2a: Kyogre|Thunder|p1a: Yveltal\n|-damage|p1a: Yveltal|41\/100 par\n|cant|p1a: Yveltal|par\n|\n|-weather|RainDance|[upkeep]\n|upkeep\n|turn|20\n|\n|t:|1699001248\n|move|p2a: Kyogre|Thunder|p1a: Yveltal\n|-damage|p1a: Yveltal|9\/100 par\n|move|p1a: Yveltal|Roost|p1a: Yveltal\n|-heal|p1a: Yveltal|59\/100 par\n|\n|-weather|none\n|upkeep\n|turn|21\n|\n|t:|1699001257\n|move|p2a: Kyogre|Thunder|p1a: Yveltal\n|-damage|p1a: Yveltal|26\/100 par\n|move|p1a: Yveltal|Roost|p1a: Yveltal\n|-heal|p1a: Yveltal|76\/100 par\n|\n|upkeep\n|turn|22\n|\n|t:|1699001265\n|move|p2a: Kyogre|Thunder|p1a: Yveltal|[miss]\n|-miss|p2a: Kyogre|p1a: Yveltal\n|move|p1a: Yveltal|Roost|p1a: Yveltal\n|-heal|p1a: Yveltal|100\/100 par\n|\n|upkeep\n|turn|23\n|\n|t:|1699001278\n|move|p2a: Kyogre|Thunder|p1a: Yveltal\n|-damage|p1a: Yveltal|66\/100 par\n|move|p1a: Yveltal|Taunt|p2a: Kyogre\n|-start|p2a: Kyogre|move: Taunt\n|\n|upkeep\n|turn|24\n|\n|t:|1699001289\n|move|p2a: Kyogre|Thunder|p1a: Yveltal\n|-crit|p1a: Yveltal\n|-damage|p1a: Yveltal|13\/100 par\n|move|p1a: Yveltal|Roost|p1a: Yveltal\n|-heal|p1a: Yveltal|63\/100 par\n|\n|upkeep\n|turn|25\n|\n|t:|1699001299\n|move|p2a: Kyogre|Thunder|p1a: Yveltal\n|-damage|p1a: Yveltal|34\/100 par\n|cant|p1a: Yveltal|par\n|\n|upkeep\n|turn|26\n|\n|t:|1699001311\n|move|p2a: Kyogre|Thunder|p1a: Yveltal\n|-damage|p1a: Yveltal|3\/100 par\n|move|p1a: Yveltal|Roost|p1a: Yveltal\n|-heal|p1a: Yveltal|53\/100 par\n|\n|-end|p2a: Kyogre|move: Taunt\n|upkeep\n|turn|27\n|\n|t:|1699001320\n|switch|p2a: Kingambit|Kingambit, F|100\/100\n|-damage|p2a: Kingambit|94\/100|[from] Stealth Rock\n|-activate|p2a: Kingambit|ability: Supreme Overlord\n|-start|p2a: Kingambit|fallen4|[silent]\n|cant|p1a: Yveltal|par\n|\n|upkeep\n|turn|28\n|\n|t:|1699001331\n|move|p1a: Yveltal|Foul Play|p2a: Kingambit\n|-resisted|p2a: Kingambit\n|-damage|p2a: Kingambit|68\/100\n|move|p2a: Kingambit|Kowtow Cleave|p1a: Yveltal\n|-crit|p1a: Yveltal\n|-damage|p1a: Yveltal|0 fnt\n|faint|p1a: Yveltal\n|-damage|p2a: Kingambit|58\/100|[from] item: Life Orb\n|\n|win|Chaitanya15\n|raw|kikofp's rating: 1632 &rarr; <strong>1602<\/strong><br \/>(-30 for losing)\n|raw|Chaitanya15's rating: 1441 &rarr; <strong>1471<\/strong><br \/>(+30 for winning)\n|c|\u2606Chaitanya15|Gg\n|l|\u2606kikofp\n","uploadtime":1699001348,"views":11,"p1id":"kikofp","p2id":"chaitanya15","formatid":"gen9nationaldexubers","rating":1471,"private":0,"password":""}