{"id":"gen9nationaldexubers-1980085508","p1":"babbona","p2":"Lady Xion \u2661","format":"[Gen 9] National Dex Ubers","log":"|j|\u2606babbona\n|j|\u2606Lady Xion \u2661\n|t:|1698755748\n|gametype|singles\n|player|p1|babbona|medium|1228\n|player|p2|Lady Xion \u2661|winona-gen6|1191\n|teamsize|p1|6\n|teamsize|p2|6\n|gen|9\n|tier|[Gen 9] National Dex Ubers\n|rated|\n|rule|HP Percentage Mod: HP is shown in percentages\n|rule|Endless Battle Clause: Forcing endless battles is banned\n|rule|OHKO Clause: OHKO moves are banned\n|rule|Evasion Moves Clause: Evasion moves are banned\n|rule|Evasion Items Clause: Evasion items are banned\n|rule|Species Clause: Limit one of each Pok\u00e9mon\n|rule|Sleep Clause Mod: Limit one foe put to sleep\n|rule|Mega Rayquaza Clause: You cannot mega evolve Rayquaza\n|clearpoke\n|poke|p1|Zygarde|\n|poke|p1|Marshadow|\n|poke|p1|Mewtwo|\n|poke|p1|Necrozma-Dusk-Mane|\n|poke|p1|Solgaleo|\n|poke|p1|Shuckle, F|\n|poke|p2|Magearna|\n|poke|p2|Kommo-o, M|\n|poke|p2|Basculegion, M|\n|poke|p2|Gliscor, M|\n|poke|p2|Toxapex, M|\n|poke|p2|Pheromosa|\n|teampreview\n|\n|t:|1698755754\n|start\n|switch|p1a: Shuckle|Shuckle, F|100\/100\n|switch|p2a: Pheromosa|Pheromosa|100\/100\n|turn|1\n|\n|t:|1698755763\n|move|p2a: Pheromosa|Close Combat|p1a: Shuckle\n|-damage|p1a: Shuckle|52\/100\n|-unboost|p2a: Pheromosa|def|1\n|-unboost|p2a: Pheromosa|spd|1\n|-enditem|p1a: Shuckle|Red Card|[of] p2a: Pheromosa\n|drag|p2a: Magearna|Magearna|100\/100\n|move|p1a: Shuckle|Stealth Rock|p2a: Magearna\n|-sidestart|p2: Lady Xion \u2661|move: Stealth Rock\n|\n|upkeep\n|turn|2\n|\n|t:|1698755767\n|move|p2a: Magearna|Heart Swap|p1a: Shuckle\n|-swapboost|p2a: Magearna|p1a: Shuckle|[from] move: Heart Swap\n|move|p1a: Shuckle|Sticky Web|p2a: Magearna\n|-sidestart|p2: Lady Xion \u2661|move: Sticky Web\n|\n|upkeep\n|turn|3\n|\n|t:|1698755775\n|switch|p2a: Gliscor|Gliscor, M|100\/100\n|-damage|p2a: Gliscor|88\/100|[from] Stealth Rock\n|move|p1a: Shuckle|Infestation|p2a: Gliscor\n|-resisted|p2a: Gliscor\n|-damage|p2a: Gliscor|87\/100\n|-activate|p2a: Gliscor|move: Infestation|[of] p1a: Shuckle\n|\n|-damage|p2a: Gliscor|74\/100|[from] move: Infestation|[partiallytrapped]\n|-status|p2a: Gliscor|tox|[from] item: Toxic Orb\n|upkeep\n|turn|4\n|\n|t:|1698755787\n|move|p2a: Gliscor|Crabhammer|p1a: Shuckle\n|-supereffective|p1a: Shuckle\n|-damage|p1a: Shuckle|7\/100\n|move|p1a: Shuckle|Infestation|p2a: Gliscor\n|-resisted|p2a: Gliscor\n|-crit|p2a: Gliscor\n|-damage|p2a: Gliscor|72\/100 tox\n|\n|-heal|p2a: Gliscor|85\/100 tox|[from] ability: Poison Heal\n|-damage|p2a: Gliscor|72\/100 tox|[from] move: Infestation|[partiallytrapped]\n|upkeep\n|turn|5\n|\n|t:|1698755799\n|move|p2a: Gliscor|Swords Dance|p2a: Gliscor\n|-boost|p2a: Gliscor|atk|2\n|move|p1a: Shuckle|Infestation|p2a: Gliscor\n|-resisted|p2a: Gliscor\n|-damage|p2a: Gliscor|71\/100 tox\n|\n|-heal|p2a: Gliscor|83\/100 tox|[from] ability: Poison Heal\n|-damage|p2a: Gliscor|71\/100 tox|[from] move: Infestation|[partiallytrapped]\n|upkeep\n|turn|6\n|\n|t:|1698755802\n|move|p2a: Gliscor|Dual Wingbeat|p1a: Shuckle\n|-damage|p1a: Shuckle|0 fnt\n|faint|p1a: Shuckle\n|-hitcount|p1: Shuckle|1\n|\n|-heal|p2a: Gliscor|83\/100 tox|[from] ability: Poison Heal\n|-end|p2a: Gliscor|Infestation|[partiallytrapped]|[silent]\n|upkeep\n|\n|t:|1698755808\n|switch|p1a: Mewtwo|Mewtwo, shiny|100\/100\n|-ability|p1a: Mewtwo|Pressure\n|turn|7\n|\n|t:|1698755814\n|detailschange|p1a: Mewtwo|Mewtwo-Mega-Y, shiny\n|-mega|p1a: Mewtwo|Mewtwo|Mewtwonite Y\n|move|p1a: Mewtwo|Ice Beam|p2a: Gliscor\n|-supereffective|p2a: Gliscor\n|-damage|p2a: Gliscor|0 fnt\n|faint|p2a: Gliscor\n|\n|upkeep\n|\n|t:|1698755826\n|switch|p2a: Kommo-o|Kommo-o, M|100\/100\n|-damage|p2a: Kommo-o|94\/100|[from] Stealth Rock\n|-activate|p2a: Kommo-o|move: Sticky Web\n|-unboost|p2a: Kommo-o|spe|1\n|turn|8\n|\n|t:|1698755833\n|move|p1a: Mewtwo|Nasty Plot|p1a: Mewtwo\n|-boost|p1a: Mewtwo|spa|2\n|-zpower|p2a: Kommo-o\n|move|p2a: Kommo-o|Clangorous Soulblaze|p1a: Mewtwo|[zeffect]\n|-damage|p1a: Mewtwo|30\/100\n|-boost|p2a: Kommo-o|atk|1\n|-boost|p2a: Kommo-o|def|1\n|-boost|p2a: Kommo-o|spa|1\n|-boost|p2a: Kommo-o|spd|1\n|-boost|p2a: Kommo-o|spe|1\n|\n|upkeep\n|turn|9\n|\n|t:|1698755848\n|move|p1a: Mewtwo|Psyshock|p2a: Kommo-o\n|-supereffective|p2a: Kommo-o\n|-damage|p2a: Kommo-o|0 fnt\n|faint|p2a: Kommo-o\n|\n|upkeep\n|\n|t:|1698755857\n|switch|p2a: Toxapex|Toxapex, M|100\/100\n|-damage|p2a: Toxapex|88\/100|[from] Stealth Rock\n|-activate|p2a: Toxapex|move: Sticky Web\n|-unboost|p2a: Toxapex|spe|1\n|turn|10\n|\n|t:|1698755863\n|move|p1a: Mewtwo|Psyshock|p2a: Toxapex\n|-supereffective|p2a: Toxapex\n|-damage|p2a: Toxapex|0 fnt\n|faint|p2a: Toxapex\n|\n|upkeep\n|\n|t:|1698755874\n|switch|p2a: Pheromosa|Pheromosa|100\/100\n|-damage|p2a: Pheromosa|88\/100|[from] Stealth Rock\n|-activate|p2a: Pheromosa|move: Sticky Web\n|-unboost|p2a: Pheromosa|spe|1\n|turn|11\n|\n|t:|1698755881\n|move|p1a: Mewtwo|Psyshock|p2a: Pheromosa\n|-supereffective|p2a: Pheromosa\n|-damage|p2a: Pheromosa|0 fnt\n|faint|p2a: Pheromosa\n|\n|upkeep\n|\n|t:|1698755888\n|switch|p2a: Basculegion|Basculegion, M|100\/100\n|-damage|p2a: Basculegion|88\/100|[from] Stealth Rock\n|-activate|p2a: Basculegion|move: Sticky Web\n|-unboost|p2a: Basculegion|spe|1\n|-ability|p2a: Basculegion|Mold Breaker\n|turn|12\n|\n|t:|1698755916\n|move|p1a: Mewtwo|Shadow Ball|p2a: Basculegion\n|-supereffective|p2a: Basculegion\n|-damage|p2a: Basculegion|0 fnt\n|faint|p2a: Basculegion\n|\n|upkeep\n|\n|t:|1698755922\n|switch|p2a: Magearna|Magearna|100\/100\n|-damage|p2a: Magearna|95\/100|[from] Stealth Rock\n|-activate|p2a: Magearna|move: Sticky Web\n|-unboost|p2a: Magearna|spe|1\n|turn|13\n|\n|t:|1698755938\n|move|p1a: Mewtwo|Psyshock|p2a: Magearna\n|-resisted|p2a: Magearna\n|-damage|p2a: Magearna|35\/100\n|move|p2a: Magearna|Calm Mind|p2a: Magearna\n|-boost|p2a: Magearna|spa|1\n|-boost|p2a: Magearna|spd|1\n|\n|-heal|p2a: Magearna|41\/100|[from] item: Leftovers\n|upkeep\n|turn|14\n|\n|t:|1698755943\n|move|p1a: Mewtwo|Psyshock|p2a: Magearna\n|-resisted|p2a: Magearna\n|-damage|p2a: Magearna|0 fnt\n|faint|p2a: Magearna\n|\n|win|babbona\n|raw|babbona's rating: 1228 &rarr; <strong>1250<\/strong><br \/>(+22 for winning)\n|raw|Lady Xion \u2661's rating: 1191 &rarr; <strong>1169<\/strong><br \/>(-22 for losing)\n|c|\u2606babbona|gg\n","uploadtime":1698755949,"views":7,"p1id":"babbona","p2id":"ladyxion","formatid":"gen9nationaldexubers","rating":1169,"private":0,"password":""}