{"id":"gen9nationaldexubers-1986994060","p1":"Boyca","p2":"Taafeite","format":"[Gen 9] National Dex Ubers","log":"|j|\u2606Boyca\n|j|\u2606Taafeite\n|t:|1699547436\n|gametype|singles\n|player|p1|Boyca|clown|\n|player|p2|Taafeite|clerkf|\n|teamsize|p1|4\n|teamsize|p2|4\n|gen|9\n|tier|[Gen 9] National Dex Ubers\n|rule|HP Percentage Mod: HP is shown in percentages\n|rule|Endless Battle Clause: Forcing endless battles is banned\n|rule|OHKO Clause: OHKO moves are banned\n|rule|Evasion Moves Clause: Evasion moves are banned\n|rule|Evasion Items Clause: Evasion items are banned\n|rule|Species Clause: Limit one of each Pok\u00e9mon\n|rule|Sleep Clause Mod: Limit one foe put to sleep\n|rule|Mega Rayquaza Clause: You cannot mega evolve Rayquaza\n|clearpoke\n|poke|p1|Parasect, M|\n|poke|p1|Spinda, M|\n|poke|p1|Gholdengo|\n|poke|p1|Hippowdon, M|\n|poke|p2|Furret, M|\n|poke|p2|Xatu, M|\n|poke|p2|Regieleki|\n|poke|p2|Swellow, F|\n|teampreview\n|c|\u2606Boyca|gl!\n|c|\u2606Taafeite|glhf\n|\n|t:|1699547465\n|start\n|switch|p1a: Galoomba|Parasect, M, shiny|100\/100\n|switch|p2a: Magpie|Swellow, F|100\/100\n|turn|1\n|\n|t:|1699547474\n|switch|p1a: Cheesestring|Gholdengo|100\/100\n|move|p2a: Magpie|Brave Bird|p1a: Cheesestring\n|-resisted|p1a: Cheesestring\n|-damage|p1a: Cheesestring|77\/100\n|-damage|p2a: Magpie|89\/100|[from] Recoil\n|-enditem|p1a: Cheesestring|Eject Button\n|\n|t:|1699547485\n|switch|p1a: HippoCrit|Hippowdon, M|100\/100\n|-weather|Sandstorm|[from] ability: Sand Stream|[of] p1a: HippoCrit\n|\n|-weather|Sandstorm|[upkeep]\n|-damage|p2a: Magpie|83\/100|[from] Sandstorm\n|upkeep\n|turn|2\n|\n|t:|1699547496\n|switch|p1a: Cheesestring|Gholdengo|77\/100\n|move|p2a: Magpie|Return|p1a: Cheesestring\n|-resisted|p1a: Cheesestring\n|-damage|p1a: Cheesestring|57\/100\n|\n|-weather|Sandstorm|[upkeep]\n|-damage|p2a: Magpie|77\/100|[from] Sandstorm\n|upkeep\n|turn|3\n|\n|t:|1699547512\n|move|p2a: Magpie|Brave Bird|p1a: Cheesestring\n|-resisted|p1a: Cheesestring\n|-damage|p1a: Cheesestring|34\/100\n|-damage|p2a: Magpie|66\/100|[from] Recoil\n|move|p1a: Cheesestring|Recover|p1a: Cheesestring\n|-heal|p1a: Cheesestring|84\/100\n|\n|-weather|Sandstorm|[upkeep]\n|-damage|p2a: Magpie|60\/100|[from] Sandstorm\n|upkeep\n|turn|4\n|\n|t:|1699547522\n|switch|p2a: gottagofast|Regieleki|100\/100\n|move|p1a: Cheesestring|Thunder Wave|p2a: gottagofast\n|-immune|p2a: gottagofast\n|\n|-weather|Sandstorm|[upkeep]\n|-damage|p2a: gottagofast|94\/100|[from] Sandstorm\n|upkeep\n|turn|5\n|\n|t:|1699547534\n|switch|p2a: Long boi|Furret, M|100\/100\n|switch|p1a: HippoCrit|Hippowdon, M|100\/100\n|\n|-weather|none\n|upkeep\n|turn|6\n|\n|t:|1699547539\n|switch|p1a: Galoomba|Parasect, M, shiny|100\/100\n|move|p2a: Long boi|Coil|p2a: Long boi\n|-boost|p2a: Long boi|atk|1\n|-boost|p2a: Long boi|def|1\n|-boost|p2a: Long boi|accuracy|1\n|\n|upkeep\n|turn|7\n|\n|t:|1699547548\n|move|p2a: Long boi|Body Slam|p1a: Galoomba\n|-damage|p1a: Galoomba|52\/100\n|move|p1a: Galoomba|Spore|p2a: Long boi\n|-status|p2a: Long boi|slp|[from] move: Spore\n|\n|-heal|p1a: Galoomba|58\/100|[from] item: Leftovers\n|upkeep\n|turn|8\n|\n|t:|1699547553\n|switch|p2a: Magpie|Swellow, F|60\/100\n|switch|p1a: opposite day|Spinda, M|100\/100\n|\n|upkeep\n|turn|9\n|\n|t:|1699547560\n|switch|p1a: Cheesestring|Gholdengo|84\/100\n|move|p2a: Magpie|Brave Bird|p1a: Cheesestring\n|-resisted|p1a: Cheesestring\n|-damage|p1a: Cheesestring|61\/100\n|-damage|p2a: Magpie|49\/100|[from] Recoil\n|\n|upkeep\n|turn|10\n|\n|t:|1699547574\n|move|p2a: Magpie|Brave Bird|p1a: Cheesestring\n|-resisted|p1a: Cheesestring\n|-damage|p1a: Cheesestring|38\/100\n|-damage|p2a: Magpie|38\/100|[from] Recoil\n|move|p1a: Cheesestring|Thunder Wave|p2a: Magpie\n|-status|p2a: Magpie|par\n|\n|upkeep\n|turn|11\n|\n|t:|1699547584\n|move|p1a: Cheesestring|Recover|p1a: Cheesestring\n|-heal|p1a: Cheesestring|88\/100\n|-zpower|p2a: Magpie\n|move|p2a: Magpie|Z-Mirror Move|p1a: Cheesestring|[anim]Mirror Move\n|-boost|p2a: Magpie|atk|2|[zeffect]\n|-immune|p1a: Cheesestring|[from] ability: Good as Gold\n|\n|upkeep\n|turn|12\n|\n|t:|1699547617\n|move|p1a: Cheesestring|Confuse Ray|p2a: Magpie\n|-start|p2a: Magpie|confusion\n|-activate|p2a: Magpie|confusion\n|-damage|p2a: Magpie|0 fnt|[from] confusion\n|faint|p2a: Magpie\n|\n|upkeep\n|\n|t:|1699547628\n|switch|p2a: gottagofast|Regieleki|94\/100\n|turn|13\n|\n|t:|1699547640\n|switch|p1a: HippoCrit|Hippowdon, M|100\/100\n|-weather|Sandstorm|[from] ability: Sand Stream|[of] p1a: HippoCrit\n|move|p2a: gottagofast|Electro Ball|p1a: HippoCrit\n|-immune|p1a: HippoCrit\n|\n|-weather|Sandstorm|[upkeep]\n|-damage|p2a: gottagofast|88\/100|[from] Sandstorm\n|upkeep\n|turn|14\n|\n|t:|1699547646\n|switch|p2a: Xavier|Xatu, M|100\/100\n|move|p1a: HippoCrit|Iron Head|p2a: Xavier\n|-damage|p2a: Xavier|74\/100\n|\n|-weather|Sandstorm|[upkeep]\n|-damage|p2a: Xavier|68\/100|[from] Sandstorm\n|upkeep\n|turn|15\n|\n|t:|1699547659\n|switch|p1a: Cheesestring|Gholdengo|88\/100\n|move|p2a: Xavier|Psychic|p1a: Cheesestring\n|-resisted|p1a: Cheesestring\n|-damage|p1a: Cheesestring|73\/100\n|\n|-weather|Sandstorm|[upkeep]\n|-damage|p2a: Xavier|62\/100|[from] Sandstorm\n|upkeep\n|turn|16\n|\n|t:|1699547676\n|move|p1a: Cheesestring|Thunder Wave|p2a: Xavier\n|move|p2a: Xavier|Thunder Wave|p1a: Cheesestring|[from]ability: Magic Bounce\n|-immune|p1a: Cheesestring|[from] ability: Good as Gold\n|move|p2a: Xavier|Psychic|p1a: Cheesestring\n|-resisted|p1a: Cheesestring\n|-damage|p1a: Cheesestring|58\/100\n|\n|-weather|Sandstorm|[upkeep]\n|-damage|p2a: Xavier|56\/100|[from] Sandstorm\n|upkeep\n|turn|17\n|\n|t:|1699547683\n|move|p1a: Cheesestring|Thunder Wave|p2a: Xavier\n|move|p2a: Xavier|Thunder Wave|p1a: Cheesestring|[from]ability: Magic Bounce\n|-immune|p1a: Cheesestring|[from] ability: Good as Gold\n|move|p2a: Xavier|Psychic|p1a: Cheesestring\n|-resisted|p1a: Cheesestring\n|-damage|p1a: Cheesestring|44\/100\n|\n|-weather|none\n|upkeep\n|turn|18\n|\n|t:|1699547685\n|move|p1a: Cheesestring|Recover|p1a: Cheesestring\n|-heal|p1a: Cheesestring|94\/100\n|move|p2a: Xavier|Psychic|p1a: Cheesestring\n|-resisted|p1a: Cheesestring\n|-damage|p1a: Cheesestring|79\/100\n|\n|upkeep\n|turn|19\n|c|\u2606Taafeite|Oh you can literally stall psychic pp with recover\n|\n|t:|1699547705\n|move|p1a: Cheesestring|Steel Beam|p2a: Xavier\n|-damage|p2a: Xavier|0 fnt\n|-damage|p1a: Cheesestring|29\/100|[from] steelbeam\n|faint|p2a: Xavier\n|\n|upkeep\n|\n|t:|1699547713\n|switch|p2a: Long boi|Furret, M|100\/100 slp\n|turn|20\n|\n|t:|1699547719\n|switch|p1a: opposite day|Spinda, M|100\/100\n|cant|p2a: Long boi|slp\n|\n|upkeep\n|turn|21\n|\n|t:|1699547724\n|switch|p2a: gottagofast|Regieleki|88\/100\n|move|p1a: opposite day|Superpower|p2a: gottagofast\n|-damage|p2a: gottagofast|37\/100\n|-boost|p1a: opposite day|atk|1\n|-boost|p1a: opposite day|def|1\n|\n|upkeep\n|turn|22\n|\n|t:|1699547728\n|switch|p1a: HippoCrit|Hippowdon, M|100\/100\n|-weather|Sandstorm|[from] ability: Sand Stream|[of] p1a: HippoCrit\n|move|p2a: gottagofast|Electro Ball|p1a: HippoCrit\n|-immune|p1a: HippoCrit\n|\n|-weather|Sandstorm|[upkeep]\n|-damage|p2a: gottagofast|31\/100|[from] Sandstorm\n|upkeep\n|turn|23\n|\n|t:|1699547736\n|switch|p2a: Long boi|Furret, M|100\/100 slp\n|-item|p1a: HippoCrit|Leftovers|[from] ability: Frisk|[of] p2a: Long boi|[identify]\n|move|p1a: HippoCrit|Iron Head|p2a: Long boi\n|-damage|p2a: Long boi|76\/100 slp\n|\n|-weather|Sandstorm|[upkeep]\n|-damage|p2a: Long boi|70\/100 slp|[from] Sandstorm\n|-heal|p2a: Long boi|76\/100 slp|[from] item: Leftovers\n|upkeep\n|turn|24\n|\n|t:|1699547742\n|switch|p1a: opposite day|Spinda, M|100\/100\n|cant|p2a: Long boi|slp\n|\n|-weather|Sandstorm|[upkeep]\n|-damage|p1a: opposite day|94\/100|[from] Sandstorm\n|-damage|p2a: Long boi|70\/100 slp|[from] Sandstorm\n|-heal|p2a: Long boi|76\/100 slp|[from] item: Leftovers\n|upkeep\n|turn|25\n|\n|t:|1699547747\n|move|p1a: opposite day|Superpower|p2a: Long boi\n|-supereffective|p2a: Long boi\n|-damage|p2a: Long boi|5\/100 slp\n|-boost|p1a: opposite day|atk|1\n|-boost|p1a: opposite day|def|1\n|-curestatus|p2a: Long boi|slp|[msg]\n|move|p2a: Long boi|Body Slam|p1a: opposite day\n|-damage|p1a: opposite day|63\/100\n|\n|-weather|Sandstorm|[upkeep]\n|-damage|p1a: opposite day|57\/100|[from] Sandstorm\n|-damage|p2a: Long boi|0 fnt|[from] Sandstorm\n|faint|p2a: Long boi\n|upkeep\n|\n|t:|1699547752\n|switch|p2a: gottagofast|Regieleki|31\/100\n|turn|26\n|-message|Taafeite forfeited.\n|\n|win|Boyca\n|c|\u2606Boyca|gg\n|c|\u2606Taafeite|gg\n|c|\u2606Boyca|I can post the score and replays in the discord, I got em saved\n","uploadtime":1699547770,"views":19,"p1id":"boyca","p2id":"taafeite","formatid":"gen9nationaldexubers","rating":0,"private":0,"password":""}