{"id":"gen9nationaldexubers-1977758750","p1":"Bandit2017","p2":"Wholelottagayshit","format":"[Gen 9] National Dex Ubers","log":"|j|\u2606Bandit2017\n|j|\u2606Wholelottagayshit\n|t:|1698446193\n|gametype|singles\n|player|p1|Bandit2017|170|\n|player|p2|Wholelottagayshit|blackbelt-gen4dp|\n|teamsize|p1|6\n|teamsize|p2|6\n|gen|9\n|tier|[Gen 9] National Dex Ubers\n|rule|HP Percentage Mod: HP is shown in percentages\n|rule|Endless Battle Clause: Forcing endless battles is banned\n|rule|OHKO Clause: OHKO moves are banned\n|rule|Evasion Moves Clause: Evasion moves are banned\n|rule|Evasion Items Clause: Evasion items are banned\n|rule|Species Clause: Limit one of each Pok\u00e9mon\n|rule|Sleep Clause Mod: Limit one foe put to sleep\n|rule|Mega Rayquaza Clause: You cannot mega evolve Rayquaza\n|clearpoke\n|poke|p1|Hippowdon, M|\n|poke|p1|Garchomp, M|\n|poke|p1|Gastrodon, M|\n|poke|p1|Swampert, F|\n|poke|p1|Flygon, M|\n|poke|p1|Rhydon, F|\n|poke|p2|Charizard, M|\n|poke|p2|Talonflame, F|\n|poke|p2|Torkoal, M|\n|poke|p2|Blaziken, M|\n|poke|p2|Arcanine, F|\n|poke|p2|Armarouge, F|\n|teampreview\n|j| Triggerhappy50\n|\n|t:|1698446240\n|start\n|switch|p1a: Gastrodon|Gastrodon, M|100\/100\n|switch|p2a: Torkoal|Torkoal, M|100\/100\n|turn|1\n|\n|t:|1698446247\n|move|p1a: Gastrodon|Surf|p2a: Torkoal\n|-supereffective|p2a: Torkoal\n|-damage|p2a: Torkoal|26\/100\n|move|p2a: Torkoal|Stealth Rock|p1a: Gastrodon\n|-sidestart|p1: Bandit2017|move: Stealth Rock\n|\n|-heal|p2a: Torkoal|33\/100|[from] item: Leftovers\n|upkeep\n|turn|2\n|\n|t:|1698446258\n|move|p1a: Gastrodon|Surf|p2a: Torkoal\n|-supereffective|p2a: Torkoal\n|-damage|p2a: Torkoal|0 fnt\n|faint|p2a: Torkoal\n|\n|upkeep\n|\n|t:|1698446267\n|switch|p2a: Arcanine|Arcanine, F|100\/100\n|-ability|p2a: Arcanine|Intimidate|boost\n|-unboost|p1a: Gastrodon|atk|1\n|turn|3\n|\n|t:|1698446289\n|move|p2a: Arcanine|Flare Blitz|p1a: Gastrodon\n|-resisted|p1a: Gastrodon\n|-damage|p1a: Gastrodon|64\/100\n|-damage|p2a: Arcanine|85\/100|[from] Recoil\n|-damage|p2a: Arcanine|75\/100|[from] item: Life Orb\n|move|p1a: Gastrodon|Earth Power|p2a: Arcanine\n|-supereffective|p2a: Arcanine\n|-damage|p2a: Arcanine|5\/100\n|\n|-heal|p1a: Gastrodon|70\/100|[from] item: Leftovers\n|upkeep\n|turn|4\n|\n|t:|1698446304\n|move|p2a: Arcanine|Extreme Speed|p1a: Gastrodon\n|-damage|p1a: Gastrodon|33\/100\n|-damage|p2a: Arcanine|0 fnt|[from] item: Life Orb\n|faint|p2a: Arcanine\n|move|p1a: Gastrodon|Earth Power|p2: Arcanine|[notarget]\n|-fail|p1a: Gastrodon\n|\n|-heal|p1a: Gastrodon|39\/100|[from] item: Leftovers\n|upkeep\n|\n|t:|1698446318\n|switch|p2a: Blaziken|Blaziken, M|100\/100\n|turn|5\n|\n|t:|1698446332\n|move|p2a: Blaziken|Stone Edge|p1a: Gastrodon\n|-resisted|p1a: Gastrodon\n|-damage|p1a: Gastrodon|17\/100\n|move|p1a: Gastrodon|Recover|p1a: Gastrodon\n|-heal|p1a: Gastrodon|67\/100\n|\n|-heal|p1a: Gastrodon|74\/100|[from] item: Leftovers\n|-ability|p2a: Blaziken|Speed Boost|boost\n|-boost|p2a: Blaziken|spe|1\n|upkeep\n|turn|6\n|\n|t:|1698446345\n|move|p2a: Blaziken|Flare Blitz|p1a: Gastrodon\n|-resisted|p1a: Gastrodon\n|-damage|p1a: Gastrodon|36\/100\n|-damage|p2a: Blaziken|83\/100|[from] Recoil\n|move|p1a: Gastrodon|Earth Power|p2a: Blaziken\n|-supereffective|p2a: Blaziken\n|-damage|p2a: Blaziken|1\/100\n|\n|-heal|p1a: Gastrodon|42\/100|[from] item: Leftovers\n|-ability|p2a: Blaziken|Speed Boost|boost\n|-boost|p2a: Blaziken|spe|1\n|upkeep\n|turn|7\n|\n|t:|1698446361\n|move|p2a: Blaziken|Low Kick|p1a: Gastrodon\n|-damage|p1a: Gastrodon|7\/100\n|move|p1a: Gastrodon|Recover|p1a: Gastrodon\n|-heal|p1a: Gastrodon|57\/100\n|\n|-heal|p1a: Gastrodon|63\/100|[from] item: Leftovers\n|-ability|p2a: Blaziken|Speed Boost|boost\n|-boost|p2a: Blaziken|spe|1\n|upkeep\n|turn|8\n|\n|t:|1698446375\n|move|p2a: Blaziken|Low Kick|p1a: Gastrodon\n|-damage|p1a: Gastrodon|26\/100\n|move|p1a: Gastrodon|Surf|p2a: Blaziken\n|-supereffective|p2a: Blaziken\n|-damage|p2a: Blaziken|0 fnt\n|faint|p2a: Blaziken\n|\n|-heal|p1a: Gastrodon|32\/100|[from] item: Leftovers\n|upkeep\n|\n|t:|1698446391\n|switch|p2a: Talonflame|Talonflame, F|100\/100\n|turn|9\n|\n|t:|1698446395\n|move|p2a: Talonflame|Brave Bird|p1a: Gastrodon\n|-damage|p1a: Gastrodon|0 fnt\n|faint|p1a: Gastrodon\n|-damage|p2a: Talonflame|86\/100|[from] Recoil\n|\n|upkeep\n|\n|t:|1698446402\n|switch|p1a: Swampert|Swampert, F|100\/100\n|-damage|p1a: Swampert|94\/100|[from] Stealth Rock\n|turn|10\n|\n|t:|1698446419\n|switch|p2a: Armarouge|Armarouge, F|100\/100\n|move|p1a: Swampert|Waterfall|p2a: Armarouge\n|-supereffective|p2a: Armarouge\n|-damage|p2a: Armarouge|33\/100\n|-damage|p1a: Swampert|78\/100|[from] item: Rocky Helmet|[of] p2a: Armarouge\n|-ability|p2a: Armarouge|Weak Armor|boost\n|-unboost|p2a: Armarouge|def|1\n|-boost|p2a: Armarouge|spe|2\n|\n|upkeep\n|turn|11\n|\n|t:|1698446433\n|move|p2a: Armarouge|Destiny Bond|p2a: Armarouge\n|-singlemove|p2a: Armarouge|Destiny Bond\n|move|p1a: Swampert|Earthquake|p2a: Armarouge\n|-supereffective|p2a: Armarouge\n|-damage|p2a: Armarouge|0 fnt\n|faint|p2a: Armarouge\n|-activate|p2a: Armarouge|move: Destiny Bond\n|faint|p1a: Swampert\n|\n|upkeep\n|\n|t:|1698446447\n|switch|p2a: Talonflame|Talonflame, F|86\/100\n|switch|p1a: Hippowdon|Hippowdon, M|100\/100\n|-damage|p1a: Hippowdon|94\/100|[from] Stealth Rock\n|-weather|Sandstorm|[from] ability: Sand Stream|[of] p1a: Hippowdon\n|turn|12\n|c| Triggerhappy50|POG\n|\n|t:|1698446461\n|move|p2a: Talonflame|Brave Bird|p1a: Hippowdon\n|-damage|p1a: Hippowdon|54\/100\n|-damage|p2a: Talonflame|67\/100|[from] Recoil\n|move|p1a: Hippowdon|Stone Edge|p2a: Talonflame\n|-supereffective|p2a: Talonflame\n|-damage|p2a: Talonflame|0 fnt\n|faint|p2a: Talonflame\n|\n|-weather|Sandstorm|[upkeep]\n|-heal|p1a: Hippowdon|60\/100|[from] item: Leftovers\n|upkeep\n|\n|t:|1698446472\n|switch|p2a: Charizard|Charizard, M|100\/100\n|turn|13\n|\n|t:|1698446487\n|detailschange|p2a: Charizard|Charizard-Mega-Y, M\n|-mega|p2a: Charizard|Charizard|Charizardite Y\n|-weather|SunnyDay|[from] ability: Drought|[of] p2a: Charizard\n|move|p2a: Charizard|Fire Blast|p1a: Hippowdon\n|-crit|p1a: Hippowdon\n|-damage|p1a: Hippowdon|0 fnt\n|faint|p1a: Hippowdon\n|\n|-weather|SunnyDay|[upkeep]\n|upkeep\n|\n|t:|1698446521\n|switch|p1a: Rhydon|Rhydon, F|100\/100\n|-damage|p1a: Rhydon|94\/100|[from] Stealth Rock\n|turn|14\n|\n|t:|1698446530\n|move|p2a: Charizard|Overheat|p1a: Rhydon|[miss]\n|-miss|p2a: Charizard|p1a: Rhydon\n|move|p1a: Rhydon|Rock Slide|p2a: Charizard\n|-supereffective|p2a: Charizard\n|-damage|p2a: Charizard|0 fnt\n|faint|p2a: Charizard\n|\n|win|Bandit2017\n|c| Triggerhappy50|Ggs\n|c|\u2606Bandit2017|ggs\n|l|\u2606Wholelottagayshit\n","uploadtime":1698446549,"views":15,"p1id":"bandit2017","p2id":"wholelottagayshit","formatid":"gen9nationaldexubers","rating":0,"private":0,"password":""}