{"id":"gen9nationaldexubers-1999045348","p1":"Onlymanever","p2":"sis i won LOL","format":"[Gen 9] National Dex Ubers","log":"|j|\u2606Onlymanever\n|j|\u2606sis i won LOL\n|t:|1701027288\n|gametype|singles\n|player|p1|Onlymanever|lyra|1029\n|player|p2|sis i won LOL|bellelba|1125\n|teamsize|p1|6\n|teamsize|p2|6\n|gen|9\n|tier|[Gen 9] National Dex Ubers\n|rated|\n|rule|HP Percentage Mod: HP is shown in percentages\n|rule|Endless Battle Clause: Forcing endless battles is banned\n|rule|OHKO Clause: OHKO moves are banned\n|rule|Evasion Moves Clause: Evasion moves are banned\n|rule|Evasion Items Clause: Evasion items are banned\n|rule|Species Clause: Limit one of each Pok\u00e9mon\n|rule|Sleep Clause Mod: Limit one foe put to sleep\n|rule|Mega Rayquaza Clause: You cannot mega evolve Rayquaza\n|clearpoke\n|poke|p1|Espathra, M|\n|poke|p1|Annihilape, M|\n|poke|p1|Palafin, F|\n|poke|p1|Kingambit, M|\n|poke|p1|Blaziken, M|\n|poke|p1|Dracovish|\n|poke|p2|Jynx, F|\n|poke|p2|Hatterene, F|\n|poke|p2|Kangaskhan, F|\n|poke|p2|Blissey, F|\n|poke|p2|Nidoqueen, F|\n|poke|p2|Cresselia, F|\n|teampreview\n|inactive|Battle timer is ON: inactive players will automatically lose when time's up. (requested by sis i won LOL)\n|\n|t:|1701027299\n|start\n|switch|p1a: Palafin|Palafin, F|100\/100\n|switch|p2a: Support Education|Hatterene, F, shiny|100\/100\n|turn|1\n|\n|t:|1701027311\n|move|p1a: Palafin|Wave Crash|p2a: Support Education\n|-damage|p2a: Support Education|58\/100\n|-damage|p1a: Palafin|87\/100|[from] Recoil\n|move|p2a: Support Education|Nuzzle|p1a: Palafin\n|-supereffective|p1a: Palafin\n|-damage|p1a: Palafin|76\/100\n|-status|p1a: Palafin|par\n|\n|-heal|p1a: Palafin|82\/100 par|[from] item: Leftovers\n|upkeep\n|turn|2\n|\n|t:|1701027324\n|detailschange|p1a: Palafin|Palafin-Hero, F\n|switch|p1a: Annihilape|Annihilape, M|100\/100\n|move|p2a: Support Education|Future Sight|p1a: Annihilape\n|-start|p2a: Support Education|move: Future Sight\n|\n|upkeep\n|turn|3\n|\n|t:|1701027330\n|move|p1a: Annihilape|Rage Fist|p2a: Support Education\n|-supereffective|p2a: Support Education\n|-damage|p2a: Support Education|3\/100\n|move|p2a: Support Education|Nuzzle|p1a: Annihilape\n|-damage|p1a: Annihilape|96\/100\n|-status|p1a: Annihilape|par\n|\n|-heal|p1a: Annihilape|100\/100 par|[from] item: Leftovers\n|upkeep\n|turn|4\n|\n|t:|1701027341\n|switch|p1a: Kingambit|Kingambit, M|100\/100\n|move|p2a: Support Education|Rest|p2a: Support Education\n|-status|p2a: Support Education|slp|[from] move: Rest\n|-heal|p2a: Support Education|100\/100 slp|[silent]\n|\n|-end|p1a: Kingambit|move: Future Sight\n|-immune|p1a: Kingambit\n|upkeep\n|turn|5\n|\n|t:|1701027354\n|switch|p2a: She Hulk|Nidoqueen, F, shiny|100\/100\n|move|p1a: Kingambit|Swords Dance|p1a: Kingambit\n|-boost|p1a: Kingambit|atk|2\n|\n|upkeep\n|turn|6\n|\n|t:|1701027366\n|-terastallize|p1a: Kingambit|Fighting\n|move|p2a: She Hulk|Earth Power|p1a: Kingambit\n|-crit|p1a: Kingambit\n|-damage|p1a: Kingambit|24\/100\n|move|p1a: Kingambit|Iron Head|p2a: She Hulk\n|-damage|p2a: She Hulk|0 fnt\n|faint|p2a: She Hulk\n|\n|-heal|p1a: Kingambit|30\/100|[from] item: Leftovers\n|upkeep\n|\n|t:|1701027375\n|switch|p2a: MOTHER|Kangaskhan, F|100\/100\n|turn|7\n|\n|t:|1701027387\n|-end|p1a: Kingambit|fallenundefined|[silent]\n|switch|p1a: Annihilape|Annihilape, M|100\/100 par\n|detailschange|p2a: MOTHER|Kangaskhan-Mega, F\n|-mega|p2a: MOTHER|Kangaskhan|Kangaskhanite\n|move|p2a: MOTHER|Power-Up Punch|p1a: Annihilape\n|-immune|p1a: Annihilape\n|\n|upkeep\n|turn|8\n|\n|t:|1701027397\n|switch|p2a: CVNTY|Blissey, F|100\/100\n|move|p1a: Annihilape|Close Combat|p2a: CVNTY\n|-supereffective|p2a: CVNTY\n|-damage|p2a: CVNTY|0 fnt\n|-unboost|p1a: Annihilape|def|1\n|-unboost|p1a: Annihilape|spd|1\n|faint|p2a: CVNTY\n|\n|upkeep\n|inactive|sis i won LOL has 120 seconds left.\n|\n|t:|1701027429\n|switch|p2a: Cresselia|Cresselia, F|100\/100\n|turn|9\n|inactive|sis i won LOL has 120 seconds left.\n|\n|t:|1701027442\n|switch|p1a: Espathra|Espathra, M|100\/100\n|-terastallize|p2a: Cresselia|Electric\n|move|p2a: Cresselia|Expanding Force|p1a: Espathra\n|-resisted|p1a: Espathra\n|-damage|p1a: Espathra|84\/100\n|\n|-heal|p1a: Espathra|90\/100|[from] item: Leftovers\n|upkeep\n|turn|10\n|\n|t:|1701027453\n|move|p1a: Espathra|Calm Mind|p1a: Espathra\n|-boost|p1a: Espathra|spa|1\n|-boost|p1a: Espathra|spd|1\n|move|p2a: Cresselia|Confuse Ray|p1a: Espathra\n|-start|p1a: Espathra|confusion\n|\n|-heal|p1a: Espathra|96\/100|[from] item: Leftovers\n|-ability|p1a: Espathra|Speed Boost|boost\n|-boost|p1a: Espathra|spe|1\n|upkeep\n|turn|11\n|\n|t:|1701027463\n|switch|p2a: George Santos|Jynx, F, shiny|100\/100\n|-activate|p1a: Espathra|confusion\n|move|p1a: Espathra|Hypnosis|p2a: George Santos|[miss]\n|-miss|p1a: Espathra|p2a: George Santos\n|\n|-heal|p1a: Espathra|100\/100|[from] item: Leftovers\n|-ability|p1a: Espathra|Speed Boost|boost\n|-boost|p1a: Espathra|spe|1\n|upkeep\n|turn|12\n|\n|t:|1701027473\n|-activate|p1a: Espathra|confusion\n|move|p1a: Espathra|Hypnosis|p2a: George Santos|[miss]\n|-miss|p1a: Espathra|p2a: George Santos\n|move|p2a: George Santos|Lovely Kiss|p1a: Espathra|[miss]\n|-miss|p2a: George Santos|p1a: Espathra\n|\n|-ability|p1a: Espathra|Speed Boost|boost\n|-boost|p1a: Espathra|spe|1\n|upkeep\n|turn|13\n|\n|t:|1701027482\n|switch|p2a: Support Education|Hatterene, F, shiny|100\/100 slp\n|-activate|p1a: Espathra|confusion\n|move|p1a: Espathra|Hypnosis|p2a: Support Education\n|move|p2a: Support Education|Hypnosis|p1a: Espathra|[from]ability: Magic Bounce|[miss]\n|-miss|p2a: Support Education|p1a: Espathra\n|\n|-ability|p1a: Espathra|Speed Boost|boost\n|-boost|p1a: Espathra|spe|1\n|upkeep\n|turn|14\n|\n|t:|1701027499\n|-end|p1a: Espathra|confusion\n|move|p1a: Espathra|Calm Mind|p1a: Espathra\n|-boost|p1a: Espathra|spa|1\n|-boost|p1a: Espathra|spd|1\n|cant|p2a: Support Education|slp\n|move|p2a: Support Education|Snore|p1a: Espathra\n|-damage|p1a: Espathra|88\/100\n|\n|-heal|p1a: Espathra|94\/100|[from] item: Leftovers\n|-ability|p1a: Espathra|Speed Boost|boost\n|-boost|p1a: Espathra|spe|1\n|upkeep\n|turn|15\n|\n|t:|1701027513\n|move|p1a: Espathra|Dazzling Gleam|p2a: Support Education\n|-damage|p2a: Support Education|63\/100 slp\n|cant|p2a: Support Education|slp\n|move|p2a: Support Education|Snore|p1a: Espathra\n|-damage|p1a: Espathra|82\/100\n|\n|-heal|p1a: Espathra|88\/100|[from] item: Leftovers\n|-ability|p1a: Espathra|Speed Boost|boost\n|-boost|p1a: Espathra|spe|1\n|upkeep\n|turn|16\n|\n|t:|1701027525\n|move|p1a: Espathra|Lumina Crash|p2a: Support Education\n|-resisted|p2a: Support Education\n|-damage|p2a: Support Education|35\/100 slp\n|-unboost|p2a: Support Education|spd|2\n|-curestatus|p2a: Support Education|slp|[msg]\n|move|p2a: Support Education|Nuzzle|p1a: Espathra\n|-damage|p1a: Espathra|81\/100\n|-status|p1a: Espathra|par\n|\n|-heal|p1a: Espathra|87\/100 par|[from] item: Leftovers\n|upkeep\n|turn|17\n|\n|t:|1701027538\n|move|p1a: Espathra|Dazzling Gleam|p2a: Support Education\n|-damage|p2a: Support Education|0 fnt\n|faint|p2a: Support Education\n|\n|-heal|p1a: Espathra|93\/100 par|[from] item: Leftovers\n|upkeep\n|\n|t:|1701027544\n|switch|p2a: George Santos|Jynx, F, shiny|100\/100\n|turn|18\n|\n|t:|1701027550\n|switch|p2a: Cresselia|Cresselia, F, tera:Electric|100\/100\n|cant|p1a: Espathra|par\n|\n|-heal|p1a: Espathra|99\/100 par|[from] item: Leftovers\n|upkeep\n|turn|19\n|\n|t:|1701027558\n|cant|p1a: Espathra|par\n|move|p2a: Cresselia|Confuse Ray|p1a: Espathra\n|-start|p1a: Espathra|confusion\n|\n|-heal|p1a: Espathra|100\/100 par|[from] item: Leftovers\n|upkeep\n|turn|20\n|\n|t:|1701027566\n|switch|p2a: MOTHER|Kangaskhan-Mega, F|100\/100\n|-activate|p1a: Espathra|confusion\n|move|p1a: Espathra|Lumina Crash|p2a: MOTHER\n|-crit|p2a: MOTHER\n|-damage|p2a: MOTHER|0 fnt\n|faint|p2a: MOTHER\n|\n|upkeep\n|\n|t:|1701027575\n|switch|p2a: Cresselia|Cresselia, F, tera:Electric|100\/100\n|turn|21\n|\n|t:|1701027578\n|-activate|p1a: Espathra|confusion\n|-damage|p1a: Espathra|93\/100 par|[from] confusion\n|move|p2a: Cresselia|Tera Blast|p1a: Espathra|[anim] Tera Blast Electric\n|-damage|p1a: Espathra|75\/100 par\n|\n|-heal|p1a: Espathra|81\/100 par|[from] item: Leftovers\n|upkeep\n|turn|22\n|\n|t:|1701027586\n|-activate|p1a: Espathra|confusion\n|move|p1a: Espathra|Lumina Crash|p2a: Cresselia\n|-damage|p2a: Cresselia|69\/100\n|-unboost|p2a: Cresselia|spd|2\n|move|p2a: Cresselia|Tera Blast|p1a: Espathra|[anim] Tera Blast Electric\n|-damage|p1a: Espathra|65\/100 par\n|\n|-heal|p1a: Espathra|71\/100 par|[from] item: Leftovers\n|upkeep\n|turn|23\n|\n|t:|1701027597\n|-activate|p1a: Espathra|confusion\n|cant|p1a: Espathra|par\n|move|p2a: Cresselia|Tera Blast|p1a: Espathra|[anim] Tera Blast Electric\n|-damage|p1a: Espathra|54\/100 par\n|\n|-heal|p1a: Espathra|60\/100 par|[from] item: Leftovers\n|upkeep\n|turn|24\n|\n|t:|1701027605\n|-end|p1a: Espathra|confusion\n|move|p1a: Espathra|Lumina Crash|p2a: Cresselia\n|-damage|p2a: Cresselia|2\/100\n|-unboost|p2a: Cresselia|spd|2\n|-enditem|p2a: Cresselia|Sitrus Berry|[eat]\n|-heal|p2a: Cresselia|27\/100|[from] item: Sitrus Berry\n|move|p2a: Cresselia|Tera Blast|p1a: Espathra|[anim] Tera Blast Electric\n|-damage|p1a: Espathra|43\/100 par\n|\n|-heal|p1a: Espathra|49\/100 par|[from] item: Leftovers\n|upkeep\n|turn|25\n|\n|t:|1701027619\n|move|p1a: Espathra|Lumina Crash|p2a: Cresselia\n|-damage|p2a: Cresselia|0 fnt\n|faint|p2a: Cresselia\n|\n|-heal|p1a: Espathra|55\/100 par|[from] item: Leftovers\n|upkeep\n|\n|t:|1701027621\n|switch|p2a: George Santos|Jynx, F, shiny|100\/100\n|turn|26\n|\n|t:|1701027628\n|move|p1a: Espathra|Dazzling Gleam|p2a: George Santos\n|-damage|p2a: George Santos|39\/100\n|move|p2a: George Santos|Blizzard|p1a: Espathra|[miss]\n|-miss|p2a: George Santos|p1a: Espathra\n|\n|-heal|p1a: Espathra|62\/100 par|[from] item: Leftovers\n|upkeep\n|turn|27\n|c|\u2606sis i won LOL|Gg wp\n|\n|t:|1701027637\n|move|p1a: Espathra|Lumina Crash|p2a: George Santos\n|-resisted|p2a: George Santos\n|-damage|p2a: George Santos|0 fnt\n|faint|p2a: George Santos\n|\n|win|Onlymanever\n|raw|Onlymanever's rating: 1029 &rarr; <strong>1074<\/strong><br \/>(+45 for winning)\n|raw|sis i won LOL's rating: 1125 &rarr; <strong>1093<\/strong><br \/>(-32 for losing)\n|l|\u2606sis i won LOL\n","uploadtime":1701027682,"views":1,"p1id":"onlymanever","p2id":"sisiwonlol","formatid":"gen9nationaldexubers","rating":1074,"private":0,"password":""}