{"id":"gen9nationaldexubers-1999447351","p1":"Adamgamer15","p2":"AyanManPlays yt","format":"[Gen 9] National Dex Ubers","log":"|j|\u2606Adamgamer15\n|j|\u2606AyanManPlays yt\n|t:|1701082002\n|gametype|singles\n|player|p1|Adamgamer15|1|1056\n|player|p2|AyanManPlays yt|alder|1234\n|teamsize|p1|6\n|teamsize|p2|6\n|gen|9\n|tier|[Gen 9] National Dex Ubers\n|rated|\n|rule|HP Percentage Mod: HP is shown in percentages\n|rule|Endless Battle Clause: Forcing endless battles is banned\n|rule|OHKO Clause: OHKO moves are banned\n|rule|Evasion Moves Clause: Evasion moves are banned\n|rule|Evasion Items Clause: Evasion items are banned\n|rule|Species Clause: Limit one of each Pok\u00e9mon\n|rule|Sleep Clause Mod: Limit one foe put to sleep\n|rule|Mega Rayquaza Clause: You cannot mega evolve Rayquaza\n|clearpoke\n|poke|p1|Polteageist|\n|poke|p1|Toxapex, F|\n|poke|p1|Metagross|\n|poke|p1|Kommo-o, M|\n|poke|p1|Lugia|\n|poke|p1|Serperior, F|\n|poke|p2|Shuckle, M|\n|poke|p2|Pyukumuku, M|\n|poke|p2|Groudon|\n|poke|p2|Yveltal|\n|poke|p2|Zacian-*|\n|poke|p2|Glimmora, F|\n|teampreview\n|\n|t:|1701082011\n|start\n|switch|p1a: Serperior|Serperior, F|100\/100\n|switch|p2a: clapped|Glimmora, F|100\/100\n|turn|1\n|\n|t:|1701082018\n|move|p1a: Serperior|Leaf Storm|p2a: clapped\n|-damage|p2a: clapped|36\/100\n|-boost|p1a: Serperior|spa|2\n|move|p2a: clapped|Spikes|p1a: Serperior\n|-sidestart|p1: Adamgamer15|Spikes\n|\n|upkeep\n|turn|2\n|\n|t:|1701082023\n|move|p1a: Serperior|Leaf Storm|p2a: clapped|[miss]\n|-miss|p1a: Serperior|p2a: clapped\n|move|p2a: clapped|Spikes|p1a: Serperior\n|-sidestart|p1: Adamgamer15|Spikes\n|\n|upkeep\n|turn|3\n|\n|t:|1701082028\n|move|p1a: Serperior|Leaf Storm|p2a: clapped\n|-damage|p2a: clapped|0 fnt\n|-boost|p1a: Serperior|spa|2\n|faint|p2a: clapped\n|\n|upkeep\n|\n|t:|1701082038\n|switch|p2a: my bad|Yveltal|100\/100\n|-ability|p2a: my bad|Dark Aura\n|turn|4\n|\n|t:|1701082047\n|move|p1a: Serperior|Glare|p2a: my bad\n|-status|p2a: my bad|par\n|move|p2a: my bad|Oblivion Wing|p1a: Serperior\n|-supereffective|p1a: Serperior\n|-damage|p1a: Serperior|0 fnt\n|faint|p1a: Serperior\n|\n|upkeep\n|\n|t:|1701082059\n|switch|p1a: Kommo-o|Kommo-o, M|100\/100\n|-damage|p1a: Kommo-o|84\/100|[from] Spikes\n|turn|5\n|\n|t:|1701082065\n|-zpower|p1a: Kommo-o\n|move|p1a: Kommo-o|Clangorous Soulblaze|p2a: my bad|[zeffect]\n|-damage|p2a: my bad|46\/100 par\n|-boost|p1a: Kommo-o|atk|1\n|-boost|p1a: Kommo-o|def|1\n|-boost|p1a: Kommo-o|spa|1\n|-boost|p1a: Kommo-o|spd|1\n|-boost|p1a: Kommo-o|spe|1\n|cant|p2a: my bad|par\n|\n|upkeep\n|turn|6\n|\n|t:|1701082081\n|move|p1a: Kommo-o|Drain Punch|p2a: my bad\n|-damage|p2a: my bad|0 fnt\n|-heal|p1a: Kommo-o|100\/100|[from] drain|[of] p2a: my bad\n|faint|p2a: my bad\n|\n|upkeep\n|\n|t:|1701082090\n|switch|p2a: yo wassup|Pyukumuku, M|100\/100\n|turn|7\n|\n|t:|1701082095\n|move|p1a: Kommo-o|Dragon Dance|p1a: Kommo-o\n|-boost|p1a: Kommo-o|atk|1\n|-boost|p1a: Kommo-o|spe|1\n|move|p2a: yo wassup|Reflect|p2a: yo wassup\n|-sidestart|p2: AyanManPlays yt|Reflect\n|\n|upkeep\n|turn|8\n|\n|t:|1701082100\n|move|p1a: Kommo-o|Dragon Dance|p1a: Kommo-o\n|-boost|p1a: Kommo-o|atk|1\n|-boost|p1a: Kommo-o|spe|1\n|move|p2a: yo wassup|Toxic|p1a: Kommo-o\n|-status|p1a: Kommo-o|tox\n|\n|-damage|p1a: Kommo-o|94\/100 tox|[from] psn\n|upkeep\n|turn|9\n|\n|t:|1701082109\n|-terastallize|p2a: yo wassup|Poison\n|move|p1a: Kommo-o|Dragon Dance|p1a: Kommo-o\n|-boost|p1a: Kommo-o|atk|1\n|-boost|p1a: Kommo-o|spe|1\n|move|p2a: yo wassup|Recover||[still]\n|-fail|p2a: yo wassup|heal\n|\n|-damage|p1a: Kommo-o|82\/100 tox|[from] psn\n|upkeep\n|turn|10\n|\n|t:|1701082117\n|move|p1a: Kommo-o|Dragon Dance|p1a: Kommo-o\n|-boost|p1a: Kommo-o|atk|1\n|-boost|p1a: Kommo-o|spe|1\n|move|p2a: yo wassup|Light Screen|p2a: yo wassup\n|-sidestart|p2: AyanManPlays yt|move: Light Screen\n|\n|-damage|p1a: Kommo-o|63\/100 tox|[from] psn\n|upkeep\n|turn|11\n|\n|t:|1701082124\n|move|p1a: Kommo-o|Drain Punch|p2a: yo wassup\n|-resisted|p2a: yo wassup\n|-damage|p2a: yo wassup|93\/100\n|-heal|p1a: Kommo-o|68\/100 tox|[from] drain|[of] p2a: yo wassup\n|move|p2a: yo wassup|Recover|p2a: yo wassup\n|-heal|p2a: yo wassup|100\/100\n|\n|-damage|p1a: Kommo-o|43\/100 tox|[from] psn\n|-sideend|p2: AyanManPlays yt|Reflect\n|upkeep\n|turn|12\n|\n|t:|1701082137\n|move|p1a: Kommo-o|Dragon Claw|p2a: yo wassup\n|-damage|p2a: yo wassup|62\/100\n|move|p2a: yo wassup|Reflect|p2a: yo wassup\n|-sidestart|p2: AyanManPlays yt|Reflect\n|\n|-heal|p2a: yo wassup|68\/100|[from] item: Leftovers\n|-damage|p1a: Kommo-o|12\/100 tox|[from] psn\n|upkeep\n|turn|13\n|\n|t:|1701082146\n|move|p1a: Kommo-o|Dragon Claw|p2a: yo wassup\n|-damage|p2a: yo wassup|51\/100\n|move|p2a: yo wassup|Recover|p2a: yo wassup\n|-heal|p2a: yo wassup|100\/100\n|\n|-damage|p1a: Kommo-o|0 fnt|[from] psn\n|faint|p1a: Kommo-o\n|upkeep\n|\n|t:|1701082155\n|switch|p1a: Metagross|Metagross, shiny|100\/100\n|-damage|p1a: Metagross|84\/100|[from] Spikes\n|turn|14\n|inactive|Battle timer is ON: inactive players will automatically lose when time's up. (requested by AyanManPlays yt)\n|\n|t:|1701082163\n|switch|p2a: burned lol|Groudon|100\/100\n|detailschange|p2a: burned lol|Groudon-Primal\n|-primal|p2a: burned lol|Red Orb\n|-weather|DesolateLand|[from] ability: Desolate Land|[of] p2a: burned lol\n|detailschange|p1a: Metagross|Metagross-Mega, shiny\n|-mega|p1a: Metagross|Metagross|Metagrossite\n|move|p1a: Metagross|Agility|p1a: Metagross\n|-boost|p1a: Metagross|spe|2\n|\n|-weather|DesolateLand|[upkeep]\n|-sideend|p2: AyanManPlays yt|move: Light Screen\n|upkeep\n|turn|15\n|\n|t:|1701082175\n|switch|p1a: Toxapex|Toxapex, F|100\/100\n|-damage|p1a: Toxapex|84\/100|[from] Spikes\n|move|p2a: burned lol|Fire Punch|p1a: Toxapex\n|-resisted|p1a: Toxapex\n|-damage|p1a: Toxapex|51\/100\n|\n|-weather|DesolateLand|[upkeep]\n|-heal|p1a: Toxapex|57\/100|[from] item: Leftovers\n|upkeep\n|turn|16\n|\n|t:|1701082184\n|move|p2a: burned lol|Earthquake|p1a: Toxapex\n|-supereffective|p1a: Toxapex\n|-damage|p1a: Toxapex|0 fnt\n|faint|p1a: Toxapex\n|\n|-weather|DesolateLand|[upkeep]\n|-sideend|p2: AyanManPlays yt|Reflect\n|upkeep\n|\n|t:|1701082189\n|switch|p1a: Lugia|Lugia|100\/100\n|turn|17\n|\n|t:|1701082192\n|move|p2a: burned lol|Swords Dance|p2a: burned lol\n|-boost|p2a: burned lol|atk|2\n|move|p1a: Lugia|Toxic|p2a: burned lol\n|-status|p2a: burned lol|tox\n|\n|-weather|DesolateLand|[upkeep]\n|-damage|p2a: burned lol|94\/100 tox|[from] psn\n|upkeep\n|turn|18\n|\n|t:|1701082201\n|move|p2a: burned lol|Fire Punch|p1a: Lugia\n|-damage|p1a: Lugia|50\/100\n|move|p1a: Lugia|Psycho Boost|p2a: burned lol|[miss]\n|-miss|p1a: Lugia|p2a: burned lol\n|\n|-weather|DesolateLand|[upkeep]\n|-heal|p1a: Lugia|56\/100|[from] item: Leftovers\n|-damage|p2a: burned lol|82\/100 tox|[from] psn\n|upkeep\n|turn|19\n|\n|t:|1701082209\n|move|p1a: Lugia|Protect|p1a: Lugia\n|-singleturn|p1a: Lugia|Protect\n|move|p2a: burned lol|Fire Punch|p1a: Lugia\n|-activate|p1a: Lugia|move: Protect\n|\n|-weather|DesolateLand|[upkeep]\n|-heal|p1a: Lugia|62\/100|[from] item: Leftovers\n|-damage|p2a: burned lol|64\/100 tox|[from] psn\n|upkeep\n|turn|20\n|\n|t:|1701082217\n|move|p2a: burned lol|Fire Punch|p1a: Lugia\n|-damage|p1a: Lugia|0 fnt\n|faint|p1a: Lugia\n|\n|-weather|DesolateLand|[upkeep]\n|-damage|p2a: burned lol|39\/100 tox|[from] psn\n|upkeep\n|\n|t:|1701082222\n|switch|p1a: Metagross|Metagross-Mega, shiny|84\/100\n|-damage|p1a: Metagross|67\/100|[from] Spikes\n|turn|21\n|\n|t:|1701082228\n|move|p1a: Metagross|Meteor Mash|p2a: burned lol\n|-resisted|p2a: burned lol\n|-damage|p2a: burned lol|13\/100 tox\n|move|p2a: burned lol|Fire Punch|p1a: Metagross\n|-supereffective|p1a: Metagross\n|-damage|p1a: Metagross|0 fnt\n|faint|p1a: Metagross\n|\n|-weather|DesolateLand|[upkeep]\n|-damage|p2a: burned lol|0 fnt|[from] psn\n|faint|p2a: burned lol\n|-weather|none\n|upkeep\n|\n|t:|1701082237\n|switch|p1a: Polteageist|Polteageist|100\/100\n|switch|p2a: yo wassup|Pyukumuku, M, tera:Poison|100\/100\n|-damage|p1a: Polteageist|84\/100|[from] Spikes\n|turn|22\n|\n|t:|1701082242\n|move|p1a: Polteageist|Shell Smash|p1a: Polteageist\n|-unboost|p1a: Polteageist|def|1\n|-unboost|p1a: Polteageist|spd|1\n|-boost|p1a: Polteageist|atk|2\n|-boost|p1a: Polteageist|spa|2\n|-boost|p1a: Polteageist|spe|2\n|move|p2a: yo wassup|Light Screen|p2a: yo wassup\n|-sidestart|p2: AyanManPlays yt|move: Light Screen\n|\n|upkeep\n|turn|23\n|\n|t:|1701082251\n|move|p1a: Polteageist|Stored Power|p2a: yo wassup\n|-supereffective|p2a: yo wassup\n|-damage|p2a: yo wassup|61\/100\n|-damage|p1a: Polteageist|74\/100|[from] item: Life Orb\n|move|p2a: yo wassup|Toxic|p1a: Polteageist\n|-status|p1a: Polteageist|tox\n|\n|-heal|p2a: yo wassup|67\/100|[from] item: Leftovers\n|-damage|p1a: Polteageist|68\/100 tox|[from] psn\n|upkeep\n|turn|24\n|\n|t:|1701082260\n|move|p1a: Polteageist|Shell Smash|p1a: Polteageist\n|-unboost|p1a: Polteageist|def|1\n|-unboost|p1a: Polteageist|spd|1\n|-boost|p1a: Polteageist|atk|2\n|-boost|p1a: Polteageist|spa|2\n|-boost|p1a: Polteageist|spe|2\n|move|p2a: yo wassup|Recover|p2a: yo wassup\n|-heal|p2a: yo wassup|100\/100\n|\n|-damage|p1a: Polteageist|56\/100 tox|[from] psn\n|upkeep\n|turn|25\n|\n|t:|1701082269\n|switch|p2a: im a bug|Shuckle, M|100\/100\n|move|p1a: Polteageist|Shell Smash|p1a: Polteageist\n|-unboost|p1a: Polteageist|def|1\n|-unboost|p1a: Polteageist|spd|1\n|-boost|p1a: Polteageist|atk|2\n|-boost|p1a: Polteageist|spa|2\n|-boost|p1a: Polteageist|spe|2\n|\n|-damage|p1a: Polteageist|37\/100 tox|[from] psn\n|upkeep\n|turn|26\n|\n|t:|1701082280\n|move|p1a: Polteageist|Stored Power|p2a: im a bug\n|-enditem|p2a: im a bug|Focus Sash\n|-damage|p2a: im a bug|1\/100\n|-damage|p1a: Polteageist|27\/100 tox|[from] item: Life Orb\n|move|p2a: im a bug|Infestation|p1a: Polteageist\n|-resisted|p1a: Polteageist\n|-damage|p1a: Polteageist|22\/100 tox\n|-activate|p1a: Polteageist|move: Infestation|[of] p2a: im a bug\n|\n|-damage|p1a: Polteageist|0 fnt|[from] psn\n|faint|p1a: Polteageist\n|\n|win|AyanManPlays yt\n|upkeep\n|raw|Adamgamer15's rating: 1056 &rarr; <strong>1046<\/strong><br \/>(-10 for losing)\n|raw|AyanManPlays yt's rating: 1234 &rarr; <strong>1247<\/strong><br \/>(+13 for winning)\n|l|\u2606Adamgamer15\n","uploadtime":1701082297,"views":1,"p1id":"adamgamer15","p2id":"ayanmanplaysyt","formatid":"gen9nationaldexubers","rating":1046,"private":0,"password":""}