{"id":"gen9nationaldexubers-1986858067","p1":"zomboks134","p2":"85792195wwww","format":"[Gen 9] National Dex Ubers","log":"|j|\u2606zomboks134\n|j|\u260685792195wwww\n|t:|1699534847\n|gametype|singles\n|player|p1|zomboks134|pokemaniac|1533\n|player|p2|85792195wwww|mira|1778\n|teamsize|p1|6\n|teamsize|p2|6\n|gen|9\n|tier|[Gen 9] National Dex Ubers\n|rated|\n|rule|HP Percentage Mod: HP is shown in percentages\n|rule|Endless Battle Clause: Forcing endless battles is banned\n|rule|OHKO Clause: OHKO moves are banned\n|rule|Evasion Moves Clause: Evasion moves are banned\n|rule|Evasion Items Clause: Evasion items are banned\n|rule|Species Clause: Limit one of each Pok\u00e9mon\n|rule|Sleep Clause Mod: Limit one foe put to sleep\n|rule|Mega Rayquaza Clause: You cannot mega evolve Rayquaza\n|clearpoke\n|poke|p1|Garganacl, F|\n|poke|p1|Kingambit, F|\n|poke|p1|Ditto|\n|poke|p1|Mewtwo|\n|poke|p1|Arceus-Fairy|\n|poke|p1|Ho-Oh|\n|poke|p2|Ribombee, F|\n|poke|p2|Arceus-Ground|\n|poke|p2|Groudon|\n|poke|p2|Krookodile, M|\n|poke|p2|Gholdengo|\n|poke|p2|Kyurem-Black|\n|teampreview\n|inactive|Battle timer is ON: inactive players will automatically lose when time's up. (requested by zomboks134)\n|\n|t:|1699534861\n|start\n|switch|p1a: Arceus|Arceus-Fairy|100\/100\n|switch|p2a: Ribombee|Ribombee, F|100\/100\n|turn|1\n|\n|t:|1699534874\n|move|p2a: Ribombee|Moonblast|p1a: Arceus\n|-damage|p1a: Arceus|74\/100\n|move|p1a: Arceus|Judgment|p2a: Ribombee\n|-damage|p2a: Ribombee|19\/100\n|\n|upkeep\n|turn|2\n|\n|t:|1699534892\n|move|p2a: Ribombee|Sticky Web|p1a: Arceus\n|-sidestart|p1: zomboks134|move: Sticky Web\n|move|p1a: Arceus|Judgment|p2a: Ribombee\n|-damage|p2a: Ribombee|0 fnt\n|faint|p2a: Ribombee\n|\n|upkeep\n|\n|t:|1699534900\n|switch|p2a: Krookodile|Krookodile, M|100\/100\n|-ability|p2a: Krookodile|Intimidate|boost\n|-unboost|p1a: Arceus|atk|1\n|turn|3\n|inactive|zomboks134 has 120 seconds left.\n|\n|t:|1699534941\n|move|p2a: Krookodile|Bulldoze|p1a: Arceus\n|-damage|p1a: Arceus|59\/100\n|-unboost|p1a: Arceus|spe|1\n|move|p1a: Arceus|Judgment|p2a: Krookodile\n|-supereffective|p2a: Krookodile\n|-enditem|p2a: Krookodile|Focus Sash\n|-damage|p2a: Krookodile|1\/100\n|\n|upkeep\n|turn|4\n|\n|t:|1699534950\n|move|p2a: Krookodile|Stealth Rock|p1a: Arceus\n|-sidestart|p1: zomboks134|move: Stealth Rock\n|move|p1a: Arceus|Toxic|p2a: Krookodile\n|-status|p2a: Krookodile|tox\n|\n|-damage|p2a: Krookodile|0 fnt|[from] psn\n|faint|p2a: Krookodile\n|upkeep\n|\n|t:|1699534961\n|switch|p2a: Groudon|Groudon|100\/100\n|detailschange|p2a: Groudon|Groudon-Primal\n|-primal|p2a: Groudon|Red Orb\n|-weather|DesolateLand|[from] ability: Desolate Land|[of] p2a: Groudon\n|turn|5\n|inactive|zomboks134 has 120 seconds left.\n|\n|t:|1699534982\n|move|p2a: Groudon|Eruption|p1a: Arceus\n|-damage|p1a: Arceus|0 fnt\n|faint|p1a: Arceus\n|\n|-weather|DesolateLand|[upkeep]\n|upkeep\n|\n|t:|1699534990\n|switch|p1a: Ditto|Ditto|100\/100\n|-activate|p1a: Ditto|move: Sticky Web\n|-unboost|p1a: Ditto|spe|1\n|-damage|p1a: Ditto|88\/100|[from] Stealth Rock\n|-transform|p1a: Ditto|p2a: Groudon|[from] ability: Imposter\n|turn|6\n|\n|t:|1699535002\n|switch|p2a: Kyurem|Kyurem-Black|100\/100\n|-ability|p2a: Kyurem|Teravolt\n|move|p1a: Ditto|Earth Power|p2a: Kyurem\n|-damage|p2a: Kyurem|52\/100\n|\n|-weather|DesolateLand|[upkeep]\n|upkeep\n|turn|7\n|inactive|zomboks134 has 90 seconds left.\n|\n|t:|1699535032\n|move|p1a: Ditto|Earth Power|p2a: Kyurem\n|-damage|p2a: Kyurem|3\/100\n|move|p2a: Kyurem|Icicle Spear|p1a: Ditto\n|-damage|p1a: Ditto|76\/100\n|-damage|p1a: Ditto|62\/100\n|-damage|p1a: Ditto|48\/100\n|-damage|p1a: Ditto|35\/100\n|-hitcount|p1a: Ditto|4\n|\n|-weather|DesolateLand|[upkeep]\n|upkeep\n|turn|8\n|\n|t:|1699535043\n|move|p1a: Ditto|Earth Power|p2a: Kyurem\n|-damage|p2a: Kyurem|0 fnt\n|faint|p2a: Kyurem\n|\n|-weather|DesolateLand|[upkeep]\n|upkeep\n|\n|t:|1699535061\n|switch|p2a: Arceus|Arceus-Ground|100\/100\n|turn|9\n|\n|t:|1699535077\n|-weather|none\n|switch|p1a: Ho-Oh|Ho-Oh|100\/100\n|move|p2a: Arceus|Stone Edge|p1a: Ho-Oh\n|-supereffective|p1a: Ho-Oh\n|-damage|p1a: Ho-Oh|0 fnt\n|faint|p1a: Ho-Oh\n|\n|upkeep\n|inactive|zomboks134 has 90 seconds left.\n|inactive|zomboks134 has 60 seconds left.\n|\n|t:|1699535119\n|switch|p1a: Mewtwo|Mewtwo|100\/100\n|-activate|p1a: Mewtwo|move: Sticky Web\n|-unboost|p1a: Mewtwo|spe|1\n|-damage|p1a: Mewtwo|88\/100|[from] Stealth Rock\n|-ability|p1a: Mewtwo|Pressure\n|turn|10\n|inactive|zomboks134 has 60 seconds left.\n|\n|t:|1699535134\n|detailschange|p1a: Mewtwo|Mewtwo-Mega-Y\n|-mega|p1a: Mewtwo|Mewtwo|Mewtwonite Y\n|-zpower|p2a: Arceus\n|move|p2a: Arceus|Tectonic Rage|p1a: Mewtwo|[zeffect]\n|-damage|p1a: Mewtwo|0 fnt\n|faint|p1a: Mewtwo\n|\n|upkeep\n|inactive|zomboks134 has 30 seconds left.\n|\n|t:|1699535170\n|switch|p1a: Garganacl|Garganacl, F|100\/100\n|-activate|p1a: Garganacl|move: Sticky Web\n|-unboost|p1a: Garganacl|spe|1\n|-damage|p1a: Garganacl|88\/100|[from] Stealth Rock\n|turn|11\n|\n|t:|1699535176\n|switch|p2a: Gholdengo|Gholdengo|100\/100\n|move|p1a: Garganacl|Salt Cure|p2a: Gholdengo\n|-resisted|p2a: Gholdengo\n|-damage|p2a: Gholdengo|93\/100\n|-start|p2a: Gholdengo|Salt Cure\n|\n|-heal|p1a: Garganacl|94\/100|[from] item: Leftovers\n|-damage|p2a: Gholdengo|68\/100|[from] Salt Cure\n|upkeep\n|turn|12\n|inactive|zomboks134 has 30 seconds left.\n|inactive|zomboks134 has 20 seconds left.\n|inactive|zomboks134 has 15 seconds left.\n|inactive|zomboks134 has 10 seconds left.\n|inactive|zomboks134 has 5 seconds left.\n|\n|t:|1699535217\n|move|p1a: Garganacl|Protect|p1a: Garganacl\n|-singleturn|p1a: Garganacl|Protect\n|move|p2a: Gholdengo|Trick|p1a: Garganacl\n|-activate|p1a: Garganacl|move: Protect\n|\n|-heal|p1a: Garganacl|100\/100|[from] item: Leftovers\n|-damage|p2a: Gholdengo|43\/100|[from] Salt Cure\n|upkeep\n|turn|13\n|inactive|zomboks134 has 15 seconds left this turn.\n|inactive|zomboks134 has 10 seconds left.\n|inactive|zomboks134 has 5 seconds left.\n|\n|t:|1699535230\n|move|p2a: Gholdengo|Trick|p1a: Garganacl\n|-activate|p2a: Gholdengo|move: Trick|[of] p1a: Garganacl\n|-item|p1a: Garganacl|Choice Specs|[from] move: Trick\n|-item|p2a: Gholdengo|Leftovers|[from] move: Trick\n|move|p1a: Garganacl|Salt Cure|p2a: Gholdengo\n|-resisted|p2a: Gholdengo\n|-damage|p2a: Gholdengo|35\/100\n|\n|-heal|p2a: Gholdengo|41\/100|[from] item: Leftovers\n|-damage|p2a: Gholdengo|16\/100|[from] Salt Cure\n|upkeep\n|turn|14\n|inactive|zomboks134 has 15 seconds left this turn.\n|inactive|zomboks134 has 10 seconds left.\n|inactive|zomboks134 has 5 seconds left.\n|\n|t:|1699535242\n|move|p2a: Gholdengo|Make It Rain|p1a: Garganacl\n|-supereffective|p1a: Garganacl\n|-damage|p1a: Garganacl|0 fnt\n|-unboost|p2a: Gholdengo|spa|1\n|faint|p1a: Garganacl\n|\n|-heal|p2a: Gholdengo|22\/100|[from] item: Leftovers\n|-damage|p2a: Gholdengo|0 fnt|[from] Salt Cure\n|faint|p2a: Gholdengo\n|upkeep\n|inactive|zomboks134 has 15 seconds left this turn.\n|inactive|zomboks134 has 10 seconds left.\n|inactive|zomboks134 has 5 seconds left.\n|\n|t:|1699535263\n|switch|p2a: Groudon|Groudon-Primal|100\/100\n|switch|p1a: Ditto|Ditto|35\/100\n|-weather|DesolateLand|[from] ability: Desolate Land|[of] p2a: Groudon\n|-activate|p1a: Ditto|move: Sticky Web\n|-unboost|p1a: Ditto|spe|1\n|-damage|p1a: Ditto|23\/100|[from] Stealth Rock\n|-transform|p1a: Ditto|p2a: Groudon|[from] ability: Imposter\n|turn|15\n|inactive|zomboks134 has 15 seconds left this turn.\n|inactive|85792195wwww has 120 seconds left.\n|\n|t:|1699535288\n|switch|p2a: Arceus|Arceus-Ground|100\/100\n|move|p1a: Ditto|Earth Power|p2a: Arceus\n|-damage|p2a: Arceus|59\/100\n|\n|-weather|DesolateLand|[upkeep]\n|upkeep\n|turn|16\n|inactive|zomboks134 has 25 seconds left this turn.\n|inactive|zomboks134 has 20 seconds left.\n|inactive|85792195wwww has 120 seconds left.\n|\n|t:|1699535297\n|move|p1a: Ditto|Earth Power|p2a: Arceus\n|-damage|p2a: Arceus|19\/100\n|move|p2a: Arceus|Earthquake|p1a: Ditto\n|-supereffective|p1a: Ditto\n|-damage|p1a: Ditto|0 fnt\n|faint|p1a: Ditto\n|-weather|none\n|\n|upkeep\n|inactive|zomboks134 has 25 seconds left this turn.\n|\n|t:|1699535301\n|switch|p1a: Kingambit|Kingambit, F|100\/100\n|-activate|p1a: Kingambit|move: Sticky Web\n|-unboost|p1a: Kingambit|spe|1\n|-damage|p1a: Kingambit|94\/100|[from] Stealth Rock\n|-activate|p1a: Kingambit|ability: Supreme Overlord\n|-start|p1a: Kingambit|fallen5|[silent]\n|turn|17\n|inactive|zomboks134 has 30 seconds left.\n|\n|t:|1699535312\n|-terastallize|p1a: Kingambit|Dark\n|move|p2a: Arceus|Taunt|p1a: Kingambit\n|-start|p1a: Kingambit|move: Taunt\n|move|p1a: Kingambit|Knock Off|p2a: Arceus\n|-damage|p2a: Arceus|0 fnt\n|faint|p2a: Arceus\n|\n|upkeep\n|\n|t:|1699535322\n|switch|p2a: Groudon|Groudon-Primal|100\/100\n|-weather|DesolateLand|[from] ability: Desolate Land|[of] p2a: Groudon\n|turn|18\n|\n|t:|1699535327\n|move|p2a: Groudon|Eruption|p1a: Kingambit\n|-damage|p1a: Kingambit|0 fnt\n|faint|p1a: Kingambit\n|-end|p1a: Kingambit|fallen5|[silent]\n|\n|win|85792195wwww\n|raw|zomboks134's rating: 1533 &rarr; <strong>1525<\/strong><br \/>(-8 for losing)\n|raw|85792195wwww's rating: 1778 &rarr; <strong>1786<\/strong><br \/>(+8 for winning)\n","uploadtime":1699535338,"views":6,"p1id":"zomboks134","p2id":"85792195wwww","formatid":"gen9nationaldexubers","rating":1525,"private":0,"password":""}