{"id":"gen9nationaldexubers-1996446306","p1":"BillyBambo64","p2":"85792195wwww","format":"[Gen 9] National Dex Ubers","log":"|j|\u2606BillyBambo64\n|j|\u260685792195wwww\n|t:|1700682791\n|gametype|singles\n|player|p1|BillyBambo64|102|1491\n|player|p2|85792195wwww|mira|1695\n|teamsize|p1|6\n|teamsize|p2|6\n|gen|9\n|tier|[Gen 9] National Dex Ubers\n|rated|\n|rule|HP Percentage Mod: HP is shown in percentages\n|rule|Endless Battle Clause: Forcing endless battles is banned\n|rule|OHKO Clause: OHKO moves are banned\n|rule|Evasion Moves Clause: Evasion moves are banned\n|rule|Evasion Items Clause: Evasion items are banned\n|rule|Species Clause: Limit one of each Pok\u00e9mon\n|rule|Sleep Clause Mod: Limit one foe put to sleep\n|rule|Mega Rayquaza Clause: You cannot mega evolve Rayquaza\n|clearpoke\n|poke|p1|Ogerpon-Hearthflame, F|\n|poke|p1|Groudon|\n|poke|p1|Mawile, M|\n|poke|p1|Arceus-Ground|\n|poke|p1|Flutter Mane|\n|poke|p1|Zacian-*|\n|poke|p2|Arceus|\n|poke|p2|Zacian-*|\n|poke|p2|Xerneas-*|\n|poke|p2|Kyurem-Black|\n|poke|p2|Groudon|\n|poke|p2|Deoxys-Speed|\n|teampreview\n|\n|t:|1700682814\n|start\n|switch|p1a: Flutter Mane|Flutter Mane|100\/100\n|switch|p2a: Deoxys|Deoxys-Speed|100\/100\n|-ability|p2a: Deoxys|Pressure\n|turn|1\n|\n|t:|1700682836\n|switch|p2a: Arceus|Arceus|100\/100\n|move|p1a: Flutter Mane|Calm Mind|p1a: Flutter Mane\n|-boost|p1a: Flutter Mane|spa|1\n|-boost|p1a: Flutter Mane|spd|1\n|\n|upkeep\n|turn|2\n|\n|t:|1700682851\n|-end|p1a: Flutter Mane|Protosynthesis|[silent]\n|switch|p1a: Mawile|Mawile, M|100\/100\n|-ability|p1a: Mawile|Intimidate|boost\n|-unboost|p2a: Arceus|atk|1\n|move|p2a: Arceus|Earthquake|p1a: Mawile\n|-supereffective|p1a: Mawile\n|-damage|p1a: Mawile|14\/100\n|-damage|p2a: Arceus|91\/100|[from] item: Life Orb\n|\n|upkeep\n|turn|3\n|\n|t:|1700682865\n|switch|p2a: Deoxys|Deoxys-Speed|100\/100\n|-ability|p2a: Deoxys|Pressure\n|detailschange|p1a: Mawile|Mawile-Mega, M\n|-mega|p1a: Mawile|Mawile|Mawilite\n|move|p1a: Mawile|Iron Head|p2a: Deoxys\n|-damage|p2a: Deoxys|20\/100\n|-damage|p1a: Mawile|0 fnt|[from] item: Rocky Helmet|[of] p2a: Deoxys\n|faint|p1a: Mawile\n|\n|upkeep\n|\n|t:|1700682871\n|switch|p1a: Ogerpon|Ogerpon-Hearthflame, F|100\/100\n|-ability|p1a: Ogerpon|Mold Breaker\n|turn|4\n|\n|t:|1700682881\n|move|p2a: Deoxys|Stealth Rock|p1a: Ogerpon\n|-sidestart|p1: BillyBambo64|move: Stealth Rock\n|move|p1a: Ogerpon|U-turn|p2a: Deoxys\n|-supereffective|p2a: Deoxys\n|-damage|p2a: Deoxys|0 fnt\n|-damage|p1a: Ogerpon|84\/100|[from] item: Rocky Helmet|[of] p2a: Deoxys\n|faint|p2a: Deoxys\n|\n|t:|1700682883\n|switch|p1a: Arceus|Arceus-Ground|100\/100|[from] U-turn\n|-damage|p1a: Arceus|94\/100|[from] Stealth Rock\n|\n|upkeep\n|\n|t:|1700682898\n|switch|p2a: Kyurem|Kyurem-Black|100\/100\n|-ability|p2a: Kyurem|Teravolt\n|turn|5\n|\n|t:|1700682903\n|move|p1a: Arceus|Taunt|p2a: Kyurem\n|-start|p2a: Kyurem|move: Taunt\n|cant|p2a: Kyurem|move: Taunt|Dragon Dance\n|\n|upkeep\n|turn|6\n|\n|t:|1700682909\n|move|p1a: Arceus|Judgment|p2a: Kyurem\n|-damage|p2a: Kyurem|38\/100\n|move|p2a: Kyurem|Icicle Spear|p1a: Arceus\n|-supereffective|p1a: Arceus\n|-damage|p1a: Arceus|68\/100\n|-supereffective|p1a: Arceus\n|-damage|p1a: Arceus|38\/100\n|-supereffective|p1a: Arceus\n|-damage|p1a: Arceus|13\/100\n|-supereffective|p1a: Arceus\n|-damage|p1a: Arceus|0 fnt\n|faint|p1a: Arceus\n|-hitcount|p1: Arceus|4\n|\n|upkeep\n|\n|t:|1700682920\n|switch|p1a: Groudon|Groudon|100\/100\n|-damage|p1a: Groudon|94\/100|[from] Stealth Rock\n|detailschange|p1a: Groudon|Groudon-Primal\n|-primal|p1a: Groudon|Red Orb\n|-weather|DesolateLand|[from] ability: Desolate Land|[of] p1a: Groudon\n|turn|7\n|\n|t:|1700682928\n|move|p1a: Groudon|Bulk Up|p1a: Groudon\n|-boost|p1a: Groudon|atk|1\n|-boost|p1a: Groudon|def|1\n|move|p2a: Kyurem|Icicle Spear|p1a: Groudon\n|-damage|p1a: Groudon|87\/100\n|-damage|p1a: Groudon|81\/100\n|-damage|p1a: Groudon|73\/100\n|-damage|p1a: Groudon|66\/100\n|-damage|p1a: Groudon|59\/100\n|-hitcount|p1a: Groudon|5\n|\n|-weather|DesolateLand|[upkeep]\n|-end|p2a: Kyurem|move: Taunt\n|upkeep\n|turn|8\n|\n|t:|1700682942\n|move|p1a: Groudon|Bulk Up|p1a: Groudon\n|-boost|p1a: Groudon|atk|1\n|-boost|p1a: Groudon|def|1\n|move|p2a: Kyurem|Dragon Dance|p2a: Kyurem\n|-boost|p2a: Kyurem|atk|1\n|-boost|p2a: Kyurem|spe|1\n|\n|-weather|DesolateLand|[upkeep]\n|upkeep\n|turn|9\n|\n|t:|1700682949\n|move|p2a: Kyurem|Icicle Spear|p1a: Groudon\n|-damage|p1a: Groudon|52\/100\n|-damage|p1a: Groudon|44\/100\n|-damage|p1a: Groudon|36\/100\n|-damage|p1a: Groudon|29\/100\n|-hitcount|p1a: Groudon|4\n|move|p1a: Groudon|Heat Crash|p2a: Kyurem\n|-damage|p2a: Kyurem|0 fnt\n|faint|p2a: Kyurem\n|\n|-weather|DesolateLand|[upkeep]\n|upkeep\n|\n|t:|1700682962\n|switch|p2a: Arceus|Arceus|91\/100\n|turn|10\n|\n|t:|1700682966\n|move|p2a: Arceus|Earthquake|p1a: Groudon\n|-supereffective|p1a: Groudon\n|-damage|p1a: Groudon|1\/100\n|-damage|p2a: Arceus|81\/100|[from] item: Life Orb\n|move|p1a: Groudon|Precipice Blades|p2a: Arceus\n|-damage|p2a: Arceus|0 fnt\n|faint|p2a: Arceus\n|\n|-weather|DesolateLand|[upkeep]\n|upkeep\n|\n|t:|1700682976\n|switch|p2a: Zacian|Zacian-Crowned|100\/100\n|-ability|p2a: Zacian|Intrepid Sword|boost\n|-boost|p2a: Zacian|atk|1\n|turn|11\n|c|\u2606BillyBambo64|Okay me living on two HP has happened to me 4 times today\n|c|\u2606BillyBambo64|This is getting a little weird\n|\n|t:|1700682993\n|move|p2a: Zacian|Behemoth Blade|p1a: Groudon\n|-resisted|p1a: Groudon\n|-damage|p1a: Groudon|0 fnt\n|faint|p1a: Groudon\n|-weather|none\n|\n|upkeep\n|\n|t:|1700683002\n|switch|p1a: Ogerpon|Ogerpon-Hearthflame, F|84\/100\n|-damage|p1a: Ogerpon|59\/100|[from] Stealth Rock\n|-ability|p1a: Ogerpon|Mold Breaker\n|turn|12\n|\n|t:|1700683010\n|move|p2a: Zacian|Behemoth Blade|p1a: Ogerpon\n|-resisted|p1a: Ogerpon\n|-damage|p1a: Ogerpon|0 fnt\n|faint|p1a: Ogerpon\n|\n|upkeep\n|\n|t:|1700683014\n|switch|p1a: Zacian|Zacian-Crowned|100\/100\n|-damage|p1a: Zacian|94\/100|[from] Stealth Rock\n|-ability|p1a: Zacian|Intrepid Sword|boost\n|-boost|p1a: Zacian|atk|1\n|turn|13\n|\n|t:|1700683020\n|move|p1a: Zacian|Behemoth Blade|p2a: Zacian\n|-damage|p2a: Zacian|23\/100\n|move|p2a: Zacian|Behemoth Blade|p1a: Zacian\n|-damage|p1a: Zacian|0 fnt\n|faint|p1a: Zacian\n|\n|upkeep\n|\n|t:|1700683025\n|switch|p1a: Flutter Mane|Flutter Mane|100\/100\n|-damage|p1a: Flutter Mane|88\/100|[from] Stealth Rock\n|turn|14\n|\n|t:|1700683032\n|move|p1a: Flutter Mane|Shadow Ball|p2a: Zacian\n|-damage|p2a: Zacian|0 fnt\n|faint|p2a: Zacian\n|\n|upkeep\n|\n|t:|1700683037\n|switch|p2a: Groudon|Groudon|100\/100\n|detailschange|p2a: Groudon|Groudon-Primal\n|-primal|p2a: Groudon|Red Orb\n|-weather|DesolateLand|[from] ability: Desolate Land|[of] p2a: Groudon\n|turn|15\n|\n|t:|1700683043\n|-zpower|p1a: Flutter Mane\n|move|p1a: Flutter Mane|Never-Ending Nightmare|p2a: Groudon|[zeffect]\n|-damage|p2a: Groudon|18\/100\n|move|p2a: Groudon|Heat Crash|p1a: Flutter Mane\n|-damage|p1a: Flutter Mane|0 fnt\n|faint|p1a: Flutter Mane\n|-end|p1a: Flutter Mane|Protosynthesis|[silent]\n|\n|win|85792195wwww\n|raw|BillyBambo64's rating: 1491 &rarr; <strong>1482<\/strong><br \/>(-9 for losing)\n|raw|85792195wwww's rating: 1695 &rarr; <strong>1704<\/strong><br \/>(+9 for winning)\n|c|\u2606BillyBambo64|Good game!\n","uploadtime":1700683056,"views":0,"p1id":"billybambo64","p2id":"85792195wwww","formatid":"gen9nationaldexubers","rating":1482,"private":0,"password":""}