{"id":"gen9nationaldexubers-1983835202","p1":"Nicovito106","p2":"yvucfuyigvl","format":"[Gen 9] National Dex Ubers","log":"|j|\u2606Nicovito106\n|j|\u2606yvucfuyigvl\n|t:|1699189412\n|gametype|singles\n|player|p1|Nicovito106|infielder|1242\n|player|p2|yvucfuyigvl|roark|1308\n|teamsize|p1|6\n|teamsize|p2|6\n|gen|9\n|tier|[Gen 9] National Dex Ubers\n|rated|\n|rule|HP Percentage Mod: HP is shown in percentages\n|rule|Endless Battle Clause: Forcing endless battles is banned\n|rule|OHKO Clause: OHKO moves are banned\n|rule|Evasion Moves Clause: Evasion moves are banned\n|rule|Evasion Items Clause: Evasion items are banned\n|rule|Species Clause: Limit one of each Pok\u00e9mon\n|rule|Sleep Clause Mod: Limit one foe put to sleep\n|rule|Mega Rayquaza Clause: You cannot mega evolve Rayquaza\n|clearpoke\n|poke|p1|Gothitelle, F|\n|poke|p1|Durant, M|\n|poke|p1|Rayquaza|\n|poke|p1|Weavile, F|\n|poke|p1|Porygon2|\n|poke|p1|Deoxys-Attack|\n|poke|p2|Tyranitar, M|\n|poke|p2|Garganacl, M|\n|poke|p2|Aggron, F|\n|poke|p2|Glimmora, F|\n|poke|p2|Cradily, F|\n|poke|p2|Probopass, L1, F|\n|teampreview\n|\n|t:|1699189422\n|start\n|switch|p1a: Weavile|Weavile, F|100\/100\n|switch|p2a: Garganacl|Garganacl, M|100\/100\n|-ability|p1a: Weavile|Pressure\n|turn|1\n|\n|t:|1699189432\n|switch|p1a: Durant|Durant, M|100\/100\n|switch|p2a: Glimmora|Glimmora, F|100\/100\n|\n|upkeep\n|turn|2\n|\n|t:|1699189447\n|move|p2a: Glimmora|Spikes|p1a: Durant\n|-sidestart|p1: Nicovito106|Spikes\n|move|p1a: Durant|Entrainment|p2a: Glimmora\n|-endability|p2a: Glimmora|Toxic Debris|[from] move: Entrainment\n|-ability|p2a: Glimmora|Truant|[from] move: Entrainment\n|\n|upkeep\n|turn|3\n|\n|t:|1699189453\n|switch|p2a: Aggron|Aggron, F|100\/100\n|switch|p1a: Gothitelle|Gothitelle, F|100\/100\n|-damage|p1a: Gothitelle|88\/100|[from] Spikes\n|\n|-heal|p1a: Gothitelle|94\/100|[from] item: Leftovers\n|upkeep\n|turn|4\n|\n|t:|1699189468\n|switch|p1a: Durant|Durant, M|100\/100\n|-damage|p1a: Durant|88\/100|[from] Spikes\n|detailschange|p2a: Aggron|Aggron-Mega, F\n|-mega|p2a: Aggron|Aggron|Aggronite\n|move|p2a: Aggron|Iron Defense|p2a: Aggron\n|-boost|p2a: Aggron|def|2\n|\n|upkeep\n|turn|5\n|\n|t:|1699189478\n|move|p1a: Durant|Entrainment|p2a: Aggron\n|-endability|p2a: Aggron|Filter|[from] move: Entrainment\n|-ability|p2a: Aggron|Truant|[from] move: Entrainment\n|move|p2a: Aggron|Body Press|p1a: Durant\n|-damage|p1a: Durant|0 fnt\n|faint|p1a: Durant\n|\n|upkeep\n|\n|t:|1699189486\n|switch|p1a: Gothitelle|Gothitelle, F|94\/100\n|-damage|p1a: Gothitelle|82\/100|[from] Spikes\n|turn|6\n|\n|t:|1699189493\n|move|p1a: Gothitelle|Cosmic Power|p1a: Gothitelle\n|-boost|p1a: Gothitelle|def|1\n|-boost|p1a: Gothitelle|spd|1\n|cant|p2a: Aggron|ability: Truant\n|\n|-heal|p1a: Gothitelle|88\/100|[from] item: Leftovers\n|upkeep\n|turn|7\n|\n|t:|1699189500\n|move|p1a: Gothitelle|Protect|p1a: Gothitelle\n|-singleturn|p1a: Gothitelle|Protect\n|move|p2a: Aggron|Iron Defense|p2a: Aggron\n|-boost|p2a: Aggron|def|2\n|\n|-heal|p1a: Gothitelle|94\/100|[from] item: Leftovers\n|upkeep\n|turn|8\n|\n|t:|1699189507\n|move|p1a: Gothitelle|Cosmic Power|p1a: Gothitelle\n|-boost|p1a: Gothitelle|def|1\n|-boost|p1a: Gothitelle|spd|1\n|cant|p2a: Aggron|ability: Truant\n|\n|-heal|p1a: Gothitelle|99\/100|[from] item: Leftovers\n|upkeep\n|turn|9\n|\n|t:|1699189518\n|move|p1a: Gothitelle|Protect|p1a: Gothitelle\n|-singleturn|p1a: Gothitelle|Protect\n|move|p2a: Aggron|Iron Defense|p2a: Aggron\n|-boost|p2a: Aggron|def|2\n|\n|-heal|p1a: Gothitelle|100\/100|[from] item: Leftovers\n|upkeep\n|turn|10\n|\n|t:|1699189529\n|move|p1a: Gothitelle|Cosmic Power|p1a: Gothitelle\n|-boost|p1a: Gothitelle|def|1\n|-boost|p1a: Gothitelle|spd|1\n|cant|p2a: Aggron|ability: Truant\n|\n|upkeep\n|turn|11\n|\n|t:|1699189536\n|move|p1a: Gothitelle|Protect|p1a: Gothitelle\n|-singleturn|p1a: Gothitelle|Protect\n|move|p2a: Aggron|Body Press|p1a: Gothitelle\n|-activate|p1a: Gothitelle|move: Protect\n|\n|upkeep\n|turn|12\n|\n|t:|1699189542\n|move|p1a: Gothitelle|Cosmic Power|p1a: Gothitelle\n|-boost|p1a: Gothitelle|def|1\n|-boost|p1a: Gothitelle|spd|1\n|cant|p2a: Aggron|ability: Truant\n|\n|upkeep\n|turn|13\n|\n|t:|1699189548\n|move|p1a: Gothitelle|Protect|p1a: Gothitelle\n|-singleturn|p1a: Gothitelle|Protect\n|move|p2a: Aggron|Sleep Talk||[still]\n|-fail|p2a: Aggron\n|\n|upkeep\n|turn|14\n|\n|t:|1699189554\n|move|p1a: Gothitelle|Cosmic Power|p1a: Gothitelle\n|-boost|p1a: Gothitelle|def|1\n|-boost|p1a: Gothitelle|spd|1\n|cant|p2a: Aggron|ability: Truant\n|\n|upkeep\n|turn|15\n|\n|t:|1699189560\n|move|p1a: Gothitelle|Protect|p1a: Gothitelle\n|-singleturn|p1a: Gothitelle|Protect\n|move|p2a: Aggron|Sleep Talk||[still]\n|-fail|p2a: Aggron\n|\n|upkeep\n|turn|16\n|\n|t:|1699189566\n|move|p1a: Gothitelle|Cosmic Power|p1a: Gothitelle\n|-boost|p1a: Gothitelle|def|1\n|-boost|p1a: Gothitelle|spd|1\n|cant|p2a: Aggron|ability: Truant\n|\n|upkeep\n|turn|17\n|\n|t:|1699189575\n|move|p1a: Gothitelle|Protect|p1a: Gothitelle\n|-singleturn|p1a: Gothitelle|Protect\n|move|p2a: Aggron|Sleep Talk||[still]\n|-fail|p2a: Aggron\n|\n|upkeep\n|turn|18\n|\n|t:|1699189581\n|move|p1a: Gothitelle|Charge Beam|p2a: Aggron\n|-damage|p2a: Aggron|86\/100\n|-boost|p1a: Gothitelle|spa|1\n|cant|p2a: Aggron|ability: Truant\n|\n|upkeep\n|turn|19\n|\n|t:|1699189590\n|move|p1a: Gothitelle|Protect|p1a: Gothitelle\n|-singleturn|p1a: Gothitelle|Protect\n|move|p2a: Aggron|Sleep Talk||[still]\n|-fail|p2a: Aggron\n|\n|upkeep\n|turn|20\n|\n|t:|1699189595\n|move|p1a: Gothitelle|Charge Beam|p2a: Aggron\n|-damage|p2a: Aggron|66\/100\n|cant|p2a: Aggron|ability: Truant\n|\n|upkeep\n|turn|21\n|\n|t:|1699189601\n|move|p1a: Gothitelle|Protect|p1a: Gothitelle\n|-singleturn|p1a: Gothitelle|Protect\n|move|p2a: Aggron|Rest|p2a: Aggron\n|-status|p2a: Aggron|slp|[from] move: Rest\n|-heal|p2a: Aggron|100\/100 slp|[silent]\n|\n|upkeep\n|turn|22\n|\n|t:|1699189610\n|move|p1a: Gothitelle|Charge Beam|p2a: Aggron\n|-damage|p2a: Aggron|79\/100 slp\n|cant|p2a: Aggron|slp\n|cant|p2a: Aggron|ability: Truant\n|\n|upkeep\n|turn|23\n|\n|t:|1699189617\n|move|p1a: Gothitelle|Protect|p1a: Gothitelle\n|-singleturn|p1a: Gothitelle|Protect\n|cant|p2a: Aggron|slp\n|move|p2a: Aggron|Sleep Talk|p2a: Aggron\n|move|p2a: Aggron|Iron Defense|p2a: Aggron|[from]move: Sleep Talk\n|-boost|p2a: Aggron|def|0\n|\n|upkeep\n|turn|24\n|\n|t:|1699189626\n|move|p1a: Gothitelle|Charge Beam|p2a: Aggron\n|-damage|p2a: Aggron|57\/100 slp\n|-boost|p1a: Gothitelle|spa|1\n|-curestatus|p2a: Aggron|slp|[msg]\n|cant|p2a: Aggron|ability: Truant\n|\n|upkeep\n|turn|25\n|\n|t:|1699189633\n|move|p1a: Gothitelle|Protect|p1a: Gothitelle\n|-singleturn|p1a: Gothitelle|Protect\n|move|p2a: Aggron|Sleep Talk||[still]\n|-fail|p2a: Aggron\n|\n|upkeep\n|turn|26\n|\n|t:|1699189641\n|move|p1a: Gothitelle|Charge Beam|p2a: Aggron\n|-damage|p2a: Aggron|29\/100\n|-boost|p1a: Gothitelle|spa|1\n|cant|p2a: Aggron|ability: Truant\n|\n|upkeep\n|turn|27\n|\n|t:|1699189648\n|move|p1a: Gothitelle|Protect|p1a: Gothitelle\n|-singleturn|p1a: Gothitelle|Protect\n|move|p2a: Aggron|Rest|p2a: Aggron\n|-status|p2a: Aggron|slp|[from] move: Rest\n|-heal|p2a: Aggron|100\/100 slp|[silent]\n|\n|upkeep\n|turn|28\n|c|\u2606yvucfuyigvl|How are you going to feel after you lose to me\n|\n|t:|1699189657\n|move|p1a: Gothitelle|Charge Beam|p2a: Aggron\n|-damage|p2a: Aggron|62\/100 slp\n|-boost|p1a: Gothitelle|spa|1\n|cant|p2a: Aggron|slp\n|\n|upkeep\n|turn|29\n|\n|t:|1699189675\n|move|p1a: Gothitelle|Protect|p1a: Gothitelle\n|-singleturn|p1a: Gothitelle|Protect\n|cant|p2a: Aggron|slp\n|\n|upkeep\n|turn|30\n|\n|t:|1699189683\n|move|p1a: Gothitelle|Charge Beam|p2a: Aggron\n|-damage|p2a: Aggron|22\/100 slp\n|-boost|p1a: Gothitelle|spa|1\n|-curestatus|p2a: Aggron|slp|[msg]\n|cant|p2a: Aggron|ability: Truant\n|\n|upkeep\n|turn|31\n|\n|t:|1699189690\n|move|p1a: Gothitelle|Charge Beam|p2a: Aggron\n|-damage|p2a: Aggron|0 fnt\n|faint|p2a: Aggron\n|\n|upkeep\n|\n|t:|1699189693\n|switch|p2a: Tyranitar|Tyranitar, M|100\/100\n|-weather|Sandstorm|[from] ability: Sand Stream|[of] p2a: Tyranitar\n|turn|32\n|\n|t:|1699189699\n|move|p1a: Gothitelle|Charge Beam|p2a: Tyranitar\n|-damage|p2a: Tyranitar|88\/100\n|-boost|p1a: Gothitelle|spa|1\n|move|p2a: Tyranitar|Dragon Tail|p1a: Gothitelle\n|-damage|p1a: Gothitelle|96\/100\n|drag|p1a: Deoxys|Deoxys-Attack|100\/100\n|-damage|p1a: Deoxys|88\/100|[from] Spikes\n|-ability|p1a: Deoxys|Pressure\n|\n|-weather|Sandstorm|[upkeep]\n|-damage|p1a: Deoxys|82\/100|[from] Sandstorm\n|upkeep\n|turn|33\n|c|\u2606yvucfuyigvl|lmao ez\n|\n|t:|1699189712\n|switch|p2a: Glimmora|Glimmora, F|100\/100\n|move|p1a: Deoxys|Focus Blast|p2a: Glimmora|[miss]\n|-miss|p1a: Deoxys|p2a: Glimmora\n|\n|-weather|Sandstorm|[upkeep]\n|-damage|p1a: Deoxys|76\/100|[from] Sandstorm\n|upkeep\n|turn|34\n|\n|t:|1699189732\n|switch|p2a: Cradily|Cradily, F|100\/100\n|switch|p1a: Porygon2|Porygon2|100\/100\n|-damage|p1a: Porygon2|88\/100|[from] Spikes\n|-ability|p1a: Porygon2|Download|boost\n|-boost|p1a: Porygon2|spa|1\n|\n|-weather|Sandstorm|[upkeep]\n|-damage|p1a: Porygon2|82\/100|[from] Sandstorm\n|upkeep\n|turn|35\n|\n|t:|1699189753\n|move|p1a: Porygon2|Thunder Wave|p2a: Cradily\n|-status|p2a: Cradily|par\n|move|p2a: Cradily|Leech Seed|p1a: Porygon2\n|-start|p1a: Porygon2|move: Leech Seed\n|\n|-weather|Sandstorm|[upkeep]\n|-damage|p1a: Porygon2|76\/100|[from] Sandstorm\n|-damage|p1a: Porygon2|63\/100|[from] Leech Seed|[of] p2a: Cradily\n|upkeep\n|turn|36\n|\n|t:|1699189784\n|switch|p1a: Weavile|Weavile, F|100\/100\n|-ability|p1a: Weavile|Pressure\n|switch|p2a: Garganacl|Garganacl, M|100\/100\n|\n|-weather|none\n|upkeep\n|turn|37\n|c|\u2606yvucfuyigvl|you are going to lose\n|c|\u2606yvucfuyigvl|tell me how does this make u feel\n|\n|t:|1699189815\n|switch|p2a: Glimmora|Glimmora, F|100\/100\n|-terastallize|p1a: Weavile|Ghost\n|move|p1a: Weavile|Low Kick|p2a: Glimmora\n|-damage|p2a: Glimmora|76\/100\n|-activate|p2a: Glimmora|ability: Toxic Debris\n|-sidestart|p1: Nicovito106|move: Toxic Spikes\n|\n|upkeep\n|turn|38\n|c|\u2606yvucfuyigvl|erm LUL\n|\n|t:|1699189831\n|move|p2a: Glimmora|Mortal Spin|p1a: Weavile\n|-resisted|p1a: Weavile\n|-damage|p1a: Weavile|96\/100\n|-status|p1a: Weavile|psn\n|move|p1a: Weavile|Triple Axel|p2a: Glimmora\n|-damage|p2a: Glimmora|63\/100\n|-activate|p2a: Glimmora|ability: Toxic Debris\n|-sidestart|p1: Nicovito106|move: Toxic Spikes\n|-damage|p2a: Glimmora|38\/100\n|-damage|p2a: Glimmora|0 fnt\n|faint|p2a: Glimmora\n|-hitcount|p2: Glimmora|3\n|\n|-damage|p1a: Weavile|83\/100 psn|[from] psn\n|upkeep\n|\n|t:|1699189858\n|switch|p2a: Garganacl|Garganacl, M|100\/100\n|turn|39\n|\n|t:|1699189864\n|-terastallize|p2a: Garganacl|Ghost\n|move|p1a: Weavile|Low Kick|p2a: Garganacl\n|-immune|p2a: Garganacl\n|move|p2a: Garganacl|Iron Defense|p2a: Garganacl\n|-boost|p2a: Garganacl|def|2\n|\n|-damage|p1a: Weavile|71\/100 psn|[from] psn\n|upkeep\n|turn|40\n|\n|t:|1699189872\n|move|p1a: Weavile|Knock Off|p2a: Garganacl\n|-supereffective|p2a: Garganacl\n|-damage|p2a: Garganacl|66\/100\n|-enditem|p2a: Garganacl|Maranga Berry|[from] move: Knock Off|[of] p1a: Weavile\n|move|p2a: Garganacl|Iron Defense|p2a: Garganacl\n|-boost|p2a: Garganacl|def|2\n|\n|-damage|p1a: Weavile|59\/100 psn|[from] psn\n|upkeep\n|turn|41\n|c|\u2606yvucfuyigvl|come and get it\n|c|\u2606yvucfuyigvl|get ur salt here\n|c|\u2606yvucfuyigvl|btw u lost\n|\n|t:|1699189896\n|switch|p1a: Porygon2|Porygon2|63\/100\n|-damage|p1a: Porygon2|51\/100|[from] Spikes\n|-status|p1a: Porygon2|tox\n|-ability|p1a: Porygon2|Download|boost\n|-boost|p1a: Porygon2|spa|1\n|move|p2a: Garganacl|Recover|p2a: Garganacl\n|-heal|p2a: Garganacl|100\/100\n|\n|-damage|p1a: Porygon2|45\/100 tox|[from] psn\n|upkeep\n|turn|42\n|\n|t:|1699189911\n|move|p1a: Porygon2|Thunder Wave|p2a: Garganacl\n|-immune|p2a: Garganacl|[from] ability: Purifying Salt\n|move|p2a: Garganacl|Body Press|p1a: Porygon2\n|-supereffective|p1a: Porygon2\n|-damage|p1a: Porygon2|0 fnt\n|faint|p1a: Porygon2\n|\n|upkeep\n|c|\u2606yvucfuyigvl|!dt porygon 2\n|raw|<div class=\"message\"><ul class=\"utilichart\"><li class=\"result\"><span class=\"col numcol\">NFE<\/span> <span class=\"col iconcol\"><psicon pokemon=\"porygon2\"\/><\/span> <span class=\"col pokemonnamecol\" style=\"white-space:nowrap\"><a href=\"https:\/\/dex.pokemonshowdown.com\/pokemon\/porygon2\" target=\"_blank\">Porygon2<\/a><\/span> <span class=\"col typecol\"><img src=\"https:\/\/play.pokemonshowdown.com\/sprites\/types\/Normal.png\" alt=\"Normal\" height=\"14\" width=\"32\"><\/span> <span style=\"float:left;min-height:26px\"><span class=\"col twoabilitycol\">Trace<br \/>Download<\/span><span class=\"col abilitycol\"><em>Analytic<\/em><\/span><\/span><span style=\"float:left;min-height:26px\"><span class=\"col statcol\"><em>HP<\/em><br \/>85<\/span> <span class=\"col statcol\"><em>Atk<\/em><br \/>80<\/span> <span class=\"col statcol\"><em>Def<\/em><br \/>90<\/span> <span class=\"col statcol\"><em>SpA<\/em><br \/>105<\/span> <span class=\"col statcol\"><em>SpD<\/em><br \/>95<\/span> <span class=\"col statcol\"><em>Spe<\/em><br \/>60<\/span> <span class=\"col bstcol\"><em>BST<br \/>515<\/em><\/span> <\/span><\/li><li style=\"clear:both\"><\/li><\/ul><\/div>\n|raw|<font size=\"1\"><font color=\"#686868\">Dex#:<\/font> 233&nbsp;|&ThickSpace;<font color=\"#686868\">Gen:<\/font> 2&nbsp;|&ThickSpace;<font color=\"#686868\">Height:<\/font> 0.6 m&nbsp;|&ThickSpace;<font color=\"#686868\">Weight:<\/font> 32.5 kg <em>(60 BP)<\/em>&nbsp;|&ThickSpace;<font color=\"#686868\">Dex Colour:<\/font> Red&nbsp;|&ThickSpace;<font color=\"#686868\">Egg Group(s):<\/font> Mineral&nbsp;|&ThickSpace;<font color=\"#686868\">Pre-Evolution:<\/font> Porygon&nbsp;|&ThickSpace;<font color=\"#686868\">Evolution:<\/font> Porygon-Z (trade holding Dubious Disc)<\/font>\n\n|c|\u2606yvucfuyigvl|CLICK X\n|\n|t:|1699189934\n|switch|p1a: Deoxys|Deoxys-Attack|76\/100\n|-damage|p1a: Deoxys|63\/100|[from] Spikes\n|-status|p1a: Deoxys|tox\n|-ability|p1a: Deoxys|Pressure\n|turn|43\n|\n|t:|1699189944\n|move|p1a: Deoxys|Psycho Boost|p2a: Garganacl\n|-damage|p2a: Garganacl|33\/100\n|-unboost|p1a: Deoxys|spa|2\n|move|p2a: Garganacl|Recover|p2a: Garganacl\n|-heal|p2a: Garganacl|83\/100\n|\n|-damage|p1a: Deoxys|57\/100 tox|[from] psn\n|upkeep\n|turn|44\n|c|\u2606yvucfuyigvl|hell no\n|\n|t:|1699189967\n|switch|p1a: Rayquaza|Rayquaza|100\/100\n|-ability|p1a: Rayquaza|Air Lock\n|move|p2a: Garganacl|Salt Cure|p1a: Rayquaza\n|-supereffective|p1a: Rayquaza\n|-damage|p1a: Rayquaza|73\/100\n|-start|p1a: Rayquaza|Salt Cure\n|\n|-damage|p1a: Rayquaza|61\/100|[from] Salt Cure\n|upkeep\n|turn|45\n|c|\u2606yvucfuyigvl|CLICK X\n|\n|t:|1699189985\n|move|p1a: Rayquaza|Dragon Ascent|p2a: Garganacl\n|-damage|p2a: Garganacl|61\/100\n|-unboost|p1a: Rayquaza|def|1\n|-unboost|p1a: Rayquaza|spd|1\n|-damage|p1a: Rayquaza|51\/100|[from] item: Life Orb\n|move|p2a: Garganacl|Recover|p2a: Garganacl\n|-heal|p2a: Garganacl|100\/100\n|\n|-damage|p1a: Rayquaza|39\/100|[from] Salt Cure\n|upkeep\n|turn|46\n|c|\u2606yvucfuyigvl|THATS NOT X BUDDY\n|c|\u2606yvucfuyigvl|CLICK X\n|-message|Nicovito106 forfeited.\n|\n|win|yvucfuyigvl\n|raw|Nicovito106's rating: 1242 &rarr; <strong>1222<\/strong><br \/>(-20 for losing)\n|raw|yvucfuyigvl's rating: 1308 &rarr; <strong>1324<\/strong><br \/>(+16 for winning)\n|l|\u2606Nicovito106\n","uploadtime":1699190018,"views":6,"p1id":"nicovito106","p2id":"yvucfuyigvl","formatid":"gen9nationaldexubers","rating":1222,"private":0,"password":""}