{"id":"gen9nationaldexubers-1982507053","p1":"David uwu35","p2":"Jasonspatrick","format":"[Gen 9] National Dex Ubers","log":"|j|\u2606David uwu35\n|j|\u2606Jasonspatrick\n|t:|1699021237\n|gametype|singles\n|player|p1|David uwu35|shadowtriad|1146\n|player|p2|Jasonspatrick|n|1100\n|teamsize|p1|4\n|teamsize|p2|6\n|gen|9\n|tier|[Gen 9] National Dex Ubers\n|rated|\n|rule|HP Percentage Mod: HP is shown in percentages\n|rule|Endless Battle Clause: Forcing endless battles is banned\n|rule|OHKO Clause: OHKO moves are banned\n|rule|Evasion Moves Clause: Evasion moves are banned\n|rule|Evasion Items Clause: Evasion items are banned\n|rule|Species Clause: Limit one of each Pok\u00e9mon\n|rule|Sleep Clause Mod: Limit one foe put to sleep\n|rule|Mega Rayquaza Clause: You cannot mega evolve Rayquaza\n|clearpoke\n|poke|p1|Espathra, F|\n|poke|p1|Lilligant-Hisui, F|\n|poke|p1|Magearna|\n|poke|p1|Chien-Pao|\n|poke|p2|Maractus, M|\n|poke|p2|Incineroar, M|\n|poke|p2|Mantyke, M|\n|poke|p2|Lucario, F|\n|poke|p2|Rotom-Frost|\n|poke|p2|Mew|\n|teampreview\n|\n|t:|1699021256\n|start\n|switch|p1a: Magearna|Magearna|100\/100\n|switch|p2a: Incinerock|Incineroar, M, shiny|100\/100\n|-ability|p2a: Incinerock|Intimidate|boost\n|-unboost|p1a: Magearna|atk|1\n|turn|1\n|\n|t:|1699021265\n|-terastallize|p1a: Magearna|Flying\n|move|p2a: Incinerock|Flare Blitz|p1a: Magearna\n|-damage|p1a: Magearna|45\/100\n|-damage|p2a: Incinerock|84\/100|[from] Recoil\n|move|p1a: Magearna|Iron Defense|p1a: Magearna\n|-boost|p1a: Magearna|def|2\n|\n|-heal|p1a: Magearna|51\/100|[from] item: Leftovers\n|upkeep\n|turn|2\n|\n|t:|1699021278\n|move|p2a: Incinerock|Flare Blitz|p1a: Magearna\n|-damage|p1a: Magearna|25\/100\n|-damage|p2a: Incinerock|76\/100|[from] Recoil\n|move|p1a: Magearna|Draining Kiss|p2a: Incinerock\n|-damage|p2a: Incinerock|49\/100\n|-heal|p1a: Magearna|47\/100|[from] drain|[of] p2a: Incinerock\n|\n|-heal|p1a: Magearna|53\/100|[from] item: Leftovers\n|upkeep\n|turn|3\n|\n|t:|1699021290\n|move|p2a: Incinerock|Flare Blitz|p1a: Magearna\n|-damage|p1a: Magearna|27\/100\n|-damage|p2a: Incinerock|42\/100|[from] Recoil\n|move|p1a: Magearna|Iron Defense|p1a: Magearna\n|-boost|p1a: Magearna|def|2\n|\n|-heal|p1a: Magearna|33\/100|[from] item: Leftovers\n|upkeep\n|turn|4\n|\n|t:|1699021300\n|move|p2a: Incinerock|Flare Blitz|p1a: Magearna\n|-damage|p1a: Magearna|15\/100\n|-damage|p2a: Incinerock|36\/100|[from] Recoil\n|move|p1a: Magearna|Draining Kiss|p2a: Incinerock\n|-damage|p2a: Incinerock|8\/100\n|-heal|p1a: Magearna|38\/100|[from] drain|[of] p2a: Incinerock\n|\n|-heal|p1a: Magearna|44\/100|[from] item: Leftovers\n|upkeep\n|turn|5\n|\n|t:|1699021315\n|switch|p2a: Womantyke|Mantyke, M, shiny|100\/100\n|move|p1a: Magearna|Calm Mind|p1a: Magearna\n|-boost|p1a: Magearna|spa|1\n|-boost|p1a: Magearna|spd|1\n|\n|-heal|p1a: Magearna|50\/100|[from] item: Leftovers\n|upkeep\n|turn|6\n|\n|t:|1699021324\n|move|p1a: Magearna|Draining Kiss|p2a: Womantyke\n|-damage|p2a: Womantyke|77\/100\n|-heal|p1a: Magearna|68\/100|[from] drain|[of] p2a: Womantyke\n|move|p2a: Womantyke|Haze|p2a: Womantyke\n|-clearallboost\n|\n|-heal|p1a: Magearna|74\/100|[from] item: Leftovers\n|upkeep\n|turn|7\n|\n|t:|1699021340\n|move|p1a: Magearna|Draining Kiss|p2a: Womantyke\n|-damage|p2a: Womantyke|60\/100\n|-heal|p1a: Magearna|86\/100|[from] drain|[of] p2a: Womantyke\n|move|p2a: Womantyke|Toxic|p1a: Magearna\n|-status|p1a: Magearna|tox\n|\n|-heal|p1a: Magearna|92\/100 tox|[from] item: Leftovers\n|-damage|p1a: Magearna|86\/100 tox|[from] psn\n|upkeep\n|turn|8\n|\n|t:|1699021360\n|move|p1a: Magearna|Calm Mind|p1a: Magearna\n|-boost|p1a: Magearna|spa|1\n|-boost|p1a: Magearna|spd|1\n|move|p2a: Womantyke|Rain Dance|p2a: Womantyke\n|-weather|RainDance\n|\n|-weather|RainDance|[upkeep]\n|-heal|p1a: Magearna|92\/100 tox|[from] item: Leftovers\n|-damage|p1a: Magearna|80\/100 tox|[from] psn\n|upkeep\n|turn|9\n|\n|t:|1699021369\n|move|p1a: Magearna|Draining Kiss|p2a: Womantyke\n|-damage|p2a: Womantyke|34\/100\n|-heal|p1a: Magearna|99\/100 tox|[from] drain|[of] p2a: Womantyke\n|move|p2a: Womantyke|Haze|p2a: Womantyke\n|-clearallboost\n|\n|-weather|RainDance|[upkeep]\n|-heal|p1a: Magearna|100\/100 tox|[from] item: Leftovers\n|-damage|p1a: Magearna|83\/100 tox|[from] psn\n|upkeep\n|turn|10\n|\n|t:|1699021382\n|move|p1a: Magearna|Calm Mind|p1a: Magearna\n|-boost|p1a: Magearna|spa|1\n|-boost|p1a: Magearna|spd|1\n|move|p2a: Womantyke|Scald|p1a: Magearna\n|-damage|p1a: Magearna|68\/100 tox\n|\n|-weather|RainDance|[upkeep]\n|-heal|p1a: Magearna|74\/100 tox|[from] item: Leftovers\n|-damage|p1a: Magearna|50\/100 tox|[from] psn\n|upkeep\n|turn|11\n|\n|t:|1699021393\n|move|p1a: Magearna|Draining Kiss|p2a: Womantyke\n|-damage|p2a: Womantyke|10\/100\n|-heal|p1a: Magearna|68\/100 tox|[from] drain|[of] p2a: Womantyke\n|move|p2a: Womantyke|Haze|p2a: Womantyke\n|-clearallboost\n|\n|-weather|RainDance|[upkeep]\n|-heal|p1a: Magearna|74\/100 tox|[from] item: Leftovers\n|-damage|p1a: Magearna|44\/100 tox|[from] psn\n|upkeep\n|turn|12\n|\n|t:|1699021405\n|move|p1a: Magearna|Draining Kiss|p2a: Womantyke\n|-damage|p2a: Womantyke|0 fnt\n|-heal|p1a: Magearna|51\/100 tox|[from] drain|[of] p2a: Womantyke\n|faint|p2a: Womantyke\n|-ability|p1a: Magearna|Soul-Heart|boost\n|-boost|p1a: Magearna|spa|1\n|\n|-weather|none\n|-heal|p1a: Magearna|57\/100 tox|[from] item: Leftovers\n|-damage|p1a: Magearna|21\/100 tox|[from] psn\n|upkeep\n|\n|t:|1699021409\n|switch|p2a: Incinerock|Incineroar, M, shiny|8\/100\n|-ability|p2a: Incinerock|Intimidate|boost\n|-unboost|p1a: Magearna|atk|1\n|turn|13\n|\n|t:|1699021420\n|move|p2a: Incinerock|Darkest Lariat|p1a: Magearna\n|-damage|p1a: Magearna|0 fnt\n|faint|p1a: Magearna\n|\n|upkeep\n|\n|t:|1699021435\n|switch|p1a: Chien-Pao|Chien-Pao|100\/100\n|-ability|p1a: Chien-Pao|Sword of Ruin\n|turn|14\n|\n|t:|1699021445\n|move|p1a: Chien-Pao|Sucker Punch|p2a: Incinerock\n|-resisted|p2a: Incinerock\n|-damage|p2a: Incinerock|0 fnt\n|faint|p2a: Incinerock\n|\n|upkeep\n|\n|t:|1699021458\n|switch|p2a: Maractussy|Maractus, M, shiny|100\/100\n|turn|15\n|\n|t:|1699021463\n|-terastallize|p2a: Maractussy|Fire\n|move|p1a: Chien-Pao|Swords Dance|p1a: Chien-Pao\n|-boost|p1a: Chien-Pao|atk|2\n|move|p2a: Maractussy|Leech Seed|p1a: Chien-Pao\n|-start|p1a: Chien-Pao|move: Leech Seed\n|\n|-damage|p1a: Chien-Pao|88\/100|[from] Leech Seed|[of] p2a: Maractussy\n|upkeep\n|turn|16\n|\n|t:|1699021478\n|move|p2a: Maractussy|Spiky Shield|p2a: Maractussy\n|-singleturn|p2a: Maractussy|move: Protect\n|move|p1a: Chien-Pao|Sucker Punch||[still]\n|-fail|p1a: Chien-Pao\n|\n|-damage|p1a: Chien-Pao|76\/100|[from] Leech Seed|[of] p2a: Maractussy\n|upkeep\n|turn|17\n|\n|t:|1699021487\n|move|p1a: Chien-Pao|Sacred Sword|p2a: Maractussy\n|-damage|p2a: Maractussy|0 fnt\n|faint|p2a: Maractussy\n|\n|upkeep\n|\n|t:|1699021495\n|switch|p2a: Overrated AF|Lucario, F, shiny|100\/100\n|turn|18\n|\n|t:|1699021499\n|detailschange|p2a: Overrated AF|Lucario-Mega, F, shiny\n|-mega|p2a: Overrated AF|Lucario|Lucarionite\n|move|p2a: Overrated AF|Bullet Punch|p1a: Chien-Pao\n|-supereffective|p1a: Chien-Pao\n|-damage|p1a: Chien-Pao|15\/100\n|move|p1a: Chien-Pao|Sacred Sword|p2a: Overrated AF\n|-supereffective|p2a: Overrated AF\n|-damage|p2a: Overrated AF|0 fnt\n|faint|p2a: Overrated AF\n|\n|upkeep\n|\n|t:|1699021506\n|switch|p2a: Brand Spankin Mew|Mew|100\/100\n|turn|19\n|\n|t:|1699021511\n|move|p1a: Chien-Pao|Sucker Punch|p2a: Brand Spankin Mew\n|-supereffective|p2a: Brand Spankin Mew\n|-damage|p2a: Brand Spankin Mew|0 fnt\n|faint|p2a: Brand Spankin Mew\n|\n|upkeep\n|\n|t:|1699021514\n|switch|p2a: Phantom Zone|Rotom-Frost, shiny|100\/100\n|turn|20\n|\n|t:|1699021523\n|move|p1a: Chien-Pao|Sucker Punch|p2a: Phantom Zone\n|-damage|p2a: Phantom Zone|2\/100\n|move|p2a: Phantom Zone|Thunderbolt|p1a: Chien-Pao\n|-damage|p1a: Chien-Pao|0 fnt\n|faint|p1a: Chien-Pao\n|\n|upkeep\n|\n|t:|1699021535\n|switch|p1a: Lilligant|Lilligant-Hisui, F, shiny|100\/100\n|turn|21\n|\n|t:|1699021543\n|move|p1a: Lilligant|Leaf Blade|p2a: Phantom Zone\n|-damage|p2a: Phantom Zone|0 fnt\n|faint|p2a: Phantom Zone\n|\n|win|David uwu35\n|raw|David uwu35's rating: 1146 &rarr; <strong>1168<\/strong><br \/>(+22 for winning)\n|raw|Jasonspatrick's rating: 1100 &rarr; <strong>1078<\/strong><br \/>(-22 for losing)\n|l|\u2606Jasonspatrick\n","uploadtime":1699021550,"views":6,"p1id":"daviduwu35","p2id":"jasonspatrick","formatid":"gen9nationaldexubers","rating":1078,"private":0,"password":""}