{"id":"gen9nationaldexubers-1990437915","p1":"atomicbgd","p2":"TRIPLE RILABOOM","format":"[Gen 9] National Dex Ubers","log":"|j|\u2606atomicbgd\n|j|\u2606TRIPLE RILABOOM\n|t:|1699970956\n|gametype|singles\n|player|p1|atomicbgd|265|1135\n|player|p2|TRIPLE RILABOOM|2|1126\n|teamsize|p1|6\n|teamsize|p2|6\n|gen|9\n|tier|[Gen 9] National Dex Ubers\n|rated|\n|rule|HP Percentage Mod: HP is shown in percentages\n|rule|Endless Battle Clause: Forcing endless battles is banned\n|rule|OHKO Clause: OHKO moves are banned\n|rule|Evasion Moves Clause: Evasion moves are banned\n|rule|Evasion Items Clause: Evasion items are banned\n|rule|Species Clause: Limit one of each Pok\u00e9mon\n|rule|Sleep Clause Mod: Limit one foe put to sleep\n|rule|Mega Rayquaza Clause: You cannot mega evolve Rayquaza\n|clearpoke\n|poke|p1|Hatterene, F|\n|poke|p1|Calyrex-Ice|\n|poke|p1|Ursaluna, M|\n|poke|p1|Melmetal|\n|poke|p1|Necrozma-Dusk-Mane|\n|poke|p1|Mawile, F|\n|poke|p2|Marshadow|\n|poke|p2|Darmanitan-Galar, F|\n|poke|p2|Gholdengo|\n|poke|p2|Galvantula, F|\n|poke|p2|Zarude|\n|poke|p2|Necrozma|\n|teampreview\n|\n|t:|1699970964\n|start\n|switch|p1a: \u4f60\u6562\u6311\u62e8\u6211|Hatterene, F|100\/100\n|switch|p2a: Galvantula|Galvantula, F|100\/100\n|turn|1\n|\n|t:|1699970970\n|move|p2a: Galvantula|Sticky Web|p1a: \u4f60\u6562\u6311\u62e8\u6211\n|move|p1a: \u4f60\u6562\u6311\u62e8\u6211|Sticky Web|p2a: Galvantula|[from]ability: Magic Bounce\n|-sidestart|p2: TRIPLE RILABOOM|move: Sticky Web\n|move|p1a: \u4f60\u6562\u6311\u62e8\u6211|Trick Room|p1a: \u4f60\u6562\u6311\u62e8\u6211\n|-fieldstart|move: Trick Room|[of] p1a: \u4f60\u6562\u6311\u62e8\u6211\n|\n|upkeep\n|turn|2\n|\n|t:|1699970979\n|switch|p1a: \u5730\u51b0\u6253\u51fb\u9762|Calyrex-Ice|100\/100\n|-ability|p1a: \u5730\u51b0\u6253\u51fb\u9762|As One\n|-ability|p1a: \u5730\u51b0\u6253\u51fb\u9762|Unnerve\n|switch|p2a: Darmanitan|Darmanitan-Galar, F|100\/100\n|-activate|p2a: Darmanitan|move: Sticky Web\n|-unboost|p2a: Darmanitan|spe|1\n|\n|upkeep\n|turn|3\n|\n|t:|1699971001\n|-terastallize|p2a: Darmanitan|Ground\n|move|p1a: \u5730\u51b0\u6253\u51fb\u9762|Swords Dance|p1a: \u5730\u51b0\u6253\u51fb\u9762\n|-boost|p1a: \u5730\u51b0\u6253\u51fb\u9762|atk|2\n|move|p2a: Darmanitan|Substitute|p2a: Darmanitan\n|-start|p2a: Darmanitan|Substitute\n|-damage|p2a: Darmanitan|75\/100\n|\n|upkeep\n|turn|4\n|\n|t:|1699971009\n|-terastallize|p1a: \u5730\u51b0\u6253\u51fb\u9762|Fairy\n|move|p1a: \u5730\u51b0\u6253\u51fb\u9762|Glacial Lance|p2a: Darmanitan\n|-supereffective|p2a: Darmanitan\n|-end|p2a: Darmanitan|Substitute\n|move|p2a: Darmanitan|Belly Drum|p2a: Darmanitan\n|-damage|p2a: Darmanitan|25\/100\n|-setboost|p2a: Darmanitan|atk|6|[from] move: Belly Drum\n|\n|-formechange|p2a: Darmanitan|Darmanitan-Galar-Zen|\n|upkeep\n|turn|5\n|\n|t:|1699971024\n|move|p1a: \u5730\u51b0\u6253\u51fb\u9762|Glacial Lance|p2a: Darmanitan\n|-supereffective|p2a: Darmanitan\n|-damage|p2a: Darmanitan|0 fnt\n|faint|p2a: Darmanitan\n|-ability|p1a: \u5730\u51b0\u6253\u51fb\u9762|Chilling Neigh|boost\n|-boost|p1a: \u5730\u51b0\u6253\u51fb\u9762|atk|1\n|\n|-fieldend|move: Trick Room\n|upkeep\n|\n|t:|1699971032\n|switch|p2a: Necrozma|Necrozma, shiny|100\/100\n|-activate|p2a: Necrozma|move: Sticky Web\n|-unboost|p2a: Necrozma|spe|1\n|turn|6\n|\n|t:|1699971043\n|move|p2a: Necrozma|Photon Geyser|p1a: \u5730\u51b0\u6253\u51fb\u9762\n|-damage|p1a: \u5730\u51b0\u6253\u51fb\u9762|74\/100\n|move|p1a: \u5730\u51b0\u6253\u51fb\u9762|Trick Room|p1a: \u5730\u51b0\u6253\u51fb\u9762\n|-fieldstart|move: Trick Room|[of] p1a: \u5730\u51b0\u6253\u51fb\u9762\n|\n|upkeep\n|turn|7\n|\n|t:|1699971051\n|move|p1a: \u5730\u51b0\u6253\u51fb\u9762|Glacial Lance|p2a: Necrozma\n|-damage|p2a: Necrozma|0 fnt\n|faint|p2a: Necrozma\n|-ability|p1a: \u5730\u51b0\u6253\u51fb\u9762|Chilling Neigh|boost\n|-boost|p1a: \u5730\u51b0\u6253\u51fb\u9762|atk|1\n|\n|upkeep\n|\n|t:|1699971060\n|switch|p2a: Gholdengo|Gholdengo|100\/100\n|-activate|p2a: Gholdengo|move: Sticky Web\n|-unboost|p2a: Gholdengo|spe|1\n|turn|8\n|\n|t:|1699971068\n|move|p1a: \u5730\u51b0\u6253\u51fb\u9762|High Horsepower|p2a: Gholdengo\n|-supereffective|p2a: Gholdengo\n|-damage|p2a: Gholdengo|0 fnt\n|faint|p2a: Gholdengo\n|-ability|p1a: \u5730\u51b0\u6253\u51fb\u9762|Chilling Neigh|boost\n|-boost|p1a: \u5730\u51b0\u6253\u51fb\u9762|atk|1\n|\n|upkeep\n|\n|t:|1699971079\n|switch|p2a: Marshadow|Marshadow|100\/100\n|-activate|p2a: Marshadow|move: Sticky Web\n|-unboost|p2a: Marshadow|spe|1\n|turn|9\n|\n|t:|1699971086\n|move|p1a: \u5730\u51b0\u6253\u51fb\u9762|Glacial Lance|p2a: Marshadow\n|-damage|p2a: Marshadow|0 fnt\n|faint|p2a: Marshadow\n|-ability|p1a: \u5730\u51b0\u6253\u51fb\u9762|Chilling Neigh|boost\n|-boost|p1a: \u5730\u51b0\u6253\u51fb\u9762|atk|1\n|\n|upkeep\n|\n|t:|1699971092\n|switch|p2a: Galvantula|Galvantula, F|100\/100\n|-activate|p2a: Galvantula|move: Sticky Web\n|-unboost|p2a: Galvantula|spe|1\n|turn|10\n|\n|t:|1699971098\n|move|p1a: \u5730\u51b0\u6253\u51fb\u9762|High Horsepower|p2a: Galvantula\n|-enditem|p2a: Galvantula|Focus Sash\n|-damage|p2a: Galvantula|1\/100\n|move|p2a: Galvantula|Thunder|p1a: \u5730\u51b0\u6253\u51fb\u9762\n|-damage|p1a: \u5730\u51b0\u6253\u51fb\u9762|44\/100\n|-status|p1a: \u5730\u51b0\u6253\u51fb\u9762|par\n|\n|-fieldend|move: Trick Room\n|upkeep\n|turn|11\n|\n|t:|1699971108\n|move|p2a: Galvantula|Thunder|p1a: \u5730\u51b0\u6253\u51fb\u9762\n|-damage|p1a: \u5730\u51b0\u6253\u51fb\u9762|11\/100 par\n|cant|p1a: \u5730\u51b0\u6253\u51fb\u9762|par\n|\n|upkeep\n|turn|12\n|\n|t:|1699971114\n|switch|p1a: \u4f60\u6562\u7ed9\u6211\u4e0a\u72b6\u6001|Ursaluna, M|100\/100\n|move|p2a: Galvantula|Thunder|p1a: \u4f60\u6562\u7ed9\u6211\u4e0a\u72b6\u6001\n|-immune|p1a: \u4f60\u6562\u7ed9\u6211\u4e0a\u72b6\u6001\n|\n|-status|p1a: \u4f60\u6562\u7ed9\u6211\u4e0a\u72b6\u6001|brn|[from] item: Flame Orb\n|upkeep\n|turn|13\n|\n|t:|1699971119\n|switch|p2a: Zarude|Zarude|100\/100\n|-activate|p2a: Zarude|move: Sticky Web\n|-unboost|p2a: Zarude|spe|1\n|move|p1a: \u4f60\u6562\u7ed9\u6211\u4e0a\u72b6\u6001|Fire Punch|p2a: Zarude\n|-supereffective|p2a: Zarude\n|-damage|p2a: Zarude|29\/100\n|\n|-heal|p2a: Zarude|35\/100|[from] item: Leftovers\n|-damage|p1a: \u4f60\u6562\u7ed9\u6211\u4e0a\u72b6\u6001|94\/100 brn|[from] brn\n|upkeep\n|turn|14\n|\n|t:|1699971131\n|move|p2a: Zarude|Power Whip|p1a: \u4f60\u6562\u7ed9\u6211\u4e0a\u72b6\u6001\n|-supereffective|p1a: \u4f60\u6562\u7ed9\u6211\u4e0a\u72b6\u6001\n|-damage|p1a: \u4f60\u6562\u7ed9\u6211\u4e0a\u72b6\u6001|4\/100 brn\n|move|p1a: \u4f60\u6562\u7ed9\u6211\u4e0a\u72b6\u6001|Facade|p2a: Zarude\n|-damage|p2a: Zarude|0 fnt\n|faint|p2a: Zarude\n|\n|-damage|p1a: \u4f60\u6562\u7ed9\u6211\u4e0a\u72b6\u6001|0 fnt|[from] brn\n|faint|p1a: \u4f60\u6562\u7ed9\u6211\u4e0a\u72b6\u6001\n|upkeep\n|\n|t:|1699971141\n|switch|p2a: Galvantula|Galvantula, F|1\/100\n|switch|p1a: \u5927\u9171\uff08\u786e\u4fe1\uff09|Mawile, F|100\/100\n|-activate|p2a: Galvantula|move: Sticky Web\n|-unboost|p2a: Galvantula|spe|1\n|-ability|p1a: \u5927\u9171\uff08\u786e\u4fe1\uff09|Intimidate|boost\n|-unboost|p2a: Galvantula|atk|1\n|turn|15\n|\n|t:|1699971154\n|detailschange|p1a: \u5927\u9171\uff08\u786e\u4fe1\uff09|Mawile-Mega, F\n|-mega|p1a: \u5927\u9171\uff08\u786e\u4fe1\uff09|Mawile|Mawilite\n|move|p1a: \u5927\u9171\uff08\u786e\u4fe1\uff09|Sucker Punch|p2a: Galvantula\n|-damage|p2a: Galvantula|0 fnt\n|faint|p2a: Galvantula\n|\n|win|atomicbgd\n|raw|atomicbgd's rating: 1135 &rarr; <strong>1159<\/strong><br \/>(+24 for winning)\n|raw|TRIPLE RILABOOM's rating: 1126 &rarr; <strong>1102<\/strong><br \/>(-24 for losing)\n|l|\u2606TRIPLE RILABOOM\n","uploadtime":1699971159,"views":5,"p1id":"atomicbgd","p2id":"triplerilaboom","formatid":"gen9nationaldexubers","rating":1102,"private":0,"password":""}