{"id":"gen9nationaldexubers-1984951640","p1":"Trainer Lore","p2":"Moonwatcher19","format":"[Gen 9] National Dex Ubers","log":"|j|\u2606Trainer Lore\n|j|\u2606Moonwatcher19\n|t:|1699314105\n|gametype|singles\n|player|p1|Trainer Lore|veteranf|\n|player|p2|Moonwatcher19|169|\n|teamsize|p1|6\n|teamsize|p2|6\n|gen|9\n|tier|[Gen 9] National Dex Ubers\n|rule|HP Percentage Mod: HP is shown in percentages\n|rule|Endless Battle Clause: Forcing endless battles is banned\n|rule|OHKO Clause: OHKO moves are banned\n|rule|Evasion Moves Clause: Evasion moves are banned\n|rule|Evasion Items Clause: Evasion items are banned\n|rule|Species Clause: Limit one of each Pok\u00e9mon\n|rule|Sleep Clause Mod: Limit one foe put to sleep\n|rule|Mega Rayquaza Clause: You cannot mega evolve Rayquaza\n|clearpoke\n|poke|p1|Palafin, F|\n|poke|p1|Basculegion, M|\n|poke|p1|Toxapex, M|\n|poke|p1|Iron Bundle|\n|poke|p1|Greninja-*, M|\n|poke|p1|Rotom-Wash|\n|poke|p2|Dracozolt|\n|poke|p2|Bellibolt, F|\n|poke|p2|Golem-Alola, M|\n|poke|p2|Galvantula, F|\n|poke|p2|Pincurchin, F|\n|poke|p2|Iron Thorns|\n|teampreview\n|inactive|Battle timer is ON: inactive players will automatically lose when time's up. (requested by Trainer Lore)\n|\n|t:|1699314109\n|start\n|switch|p1a: Tsunami|Palafin, F|100\/100\n|switch|p2a: Galvantula|Galvantula, F|100\/100\n|turn|1\n|\n|t:|1699314115\n|detailschange|p1a: Tsunami|Palafin-Hero, F\n|switch|p1a: Ophiure|Toxapex, M, shiny|100\/100\n|move|p2a: Galvantula|Energy Ball|p1a: Ophiure\n|-damage|p1a: Ophiure|77\/100\n|\n|-heal|p1a: Ophiure|83\/100|[from] item: Leftovers\n|upkeep\n|turn|2\n|\n|t:|1699314127\n|move|p2a: Galvantula|Sticky Web|p1a: Ophiure\n|-sidestart|p1: Trainer Lore|move: Sticky Web\n|move|p1a: Ophiure|Toxic|p2a: Galvantula\n|-status|p2a: Galvantula|tox\n|-enditem|p2a: Galvantula|Pecha Berry|[eat]\n|-curestatus|p2a: Galvantula|tox|[msg]\n|\n|-heal|p1a: Ophiure|90\/100|[from] item: Leftovers\n|upkeep\n|turn|3\n|\n|t:|1699314138\n|move|p2a: Galvantula|Thunder|p1a: Ophiure\n|-supereffective|p1a: Ophiure\n|-damage|p1a: Ophiure|11\/100\n|move|p1a: Ophiure|Toxic|p2a: Galvantula\n|-status|p2a: Galvantula|tox\n|\n|-heal|p1a: Ophiure|17\/100|[from] item: Leftovers\n|-damage|p2a: Galvantula|94\/100 tox|[from] psn\n|upkeep\n|turn|4\n|\n|t:|1699314146\n|move|p2a: Galvantula|Thunder|p1a: Ophiure\n|-supereffective|p1a: Ophiure\n|-damage|p1a: Ophiure|0 fnt\n|faint|p1a: Ophiure\n|\n|-damage|p2a: Galvantula|82\/100 tox|[from] psn\n|upkeep\n|\n|t:|1699314165\n|switch|p1a: Sentakuki|Rotom-Wash|100\/100\n|turn|5\n|\n|t:|1699314167\n|move|p2a: Galvantula|Energy Ball|p1a: Sentakuki\n|-supereffective|p1a: Sentakuki\n|-damage|p1a: Sentakuki|47\/100\n|move|p1a: Sentakuki|Defog|p2a: Galvantula\n|-unboost|p2a: Galvantula|evasion|1\n|-sideend|p1: Trainer Lore|Sticky Web|[from] move: Defog|[of] p1a: Sentakuki\n|\n|-damage|p2a: Galvantula|64\/100 tox|[from] psn\n|upkeep\n|turn|6\n|\n|t:|1699314175\n|move|p2a: Galvantula|Energy Ball|p1a: Sentakuki\n|-supereffective|p1a: Sentakuki\n|-damage|p1a: Sentakuki|0 fnt\n|faint|p1a: Sentakuki\n|\n|-damage|p2a: Galvantula|40\/100 tox|[from] psn\n|upkeep\n|\n|t:|1699314179\n|switch|p1a: Tsunami|Palafin-Hero, F|100\/100\n|-activate|p1a: Tsunami|ability: Zero to Hero\n|turn|7\n|\n|t:|1699314184\n|move|p1a: Tsunami|Jet Punch|p2a: Galvantula\n|-damage|p2a: Galvantula|0 fnt\n|faint|p2a: Galvantula\n|\n|upkeep\n|\n|t:|1699314188\n|switch|p2a: Dracozolt|Dracozolt|100\/100\n|turn|8\n|\n|t:|1699314202\n|switch|p1a: Clause|Iron Bundle|100\/100\n|move|p2a: Dracozolt|Bolt Beak|p1a: Clause\n|-supereffective|p1a: Clause\n|-damage|p1a: Clause|0 fnt\n|faint|p1a: Clause\n|-end|p1a: Clause|Quark Drive|[silent]\n|\n|upkeep\n|\n|t:|1699314204\n|switch|p1a: Swashbuckler|Greninja, M|100\/100\n|turn|9\n|\n|t:|1699314210\n|-terastallize|p1a: Swashbuckler|Ground\n|move|p1a: Swashbuckler|Tera Blast|p2a: Dracozolt|[anim] Tera Blast Ground\n|-supereffective|p2a: Dracozolt\n|-damage|p2a: Dracozolt|11\/100\n|move|p2a: Dracozolt|Bolt Beak|p1a: Swashbuckler\n|-immune|p1a: Swashbuckler\n|\n|upkeep\n|turn|10\n|\n|t:|1699314219\n|move|p1a: Swashbuckler|Tera Blast|p2a: Dracozolt|[anim] Tera Blast Ground\n|-supereffective|p2a: Dracozolt\n|-damage|p2a: Dracozolt|0 fnt\n|faint|p2a: Dracozolt\n|-ability|p1a: Swashbuckler|Battle Bond|boost\n|-boost|p1a: Swashbuckler|atk|1\n|-boost|p1a: Swashbuckler|spa|1\n|-boost|p1a: Swashbuckler|spe|1\n|-activate|p1a: Swashbuckler|ability: Battle Bond\n|\n|upkeep\n|\n|t:|1699314227\n|switch|p2a: Bellibolt|Bellibolt, F|100\/100\n|turn|11\n|\n|t:|1699314233\n|-terastallize|p2a: Bellibolt|Water\n|move|p1a: Swashbuckler|Extrasensory|p2a: Bellibolt\n|-damage|p2a: Bellibolt|65\/100\n|-start|p2a: Bellibolt|Charge|Extrasensory|[from] ability: Electromorphosis\n|move|p2a: Bellibolt|Muddy Water|p1a: Swashbuckler|[miss]\n|-miss|p2a: Bellibolt|p1a: Swashbuckler\n|\n|-heal|p2a: Bellibolt|71\/100|[from] item: Leftovers\n|upkeep\n|turn|12\n|\n|t:|1699314242\n|move|p1a: Swashbuckler|Extrasensory|p2a: Bellibolt\n|-damage|p2a: Bellibolt|37\/100\n|-start|p2a: Bellibolt|Charge|Extrasensory|[from] ability: Electromorphosis\n|move|p2a: Bellibolt|Muddy Water|p1a: Swashbuckler\n|-supereffective|p1a: Swashbuckler\n|-crit|p1a: Swashbuckler\n|-enditem|p1a: Swashbuckler|Focus Sash\n|-damage|p1a: Swashbuckler|1\/100\n|\n|-heal|p2a: Bellibolt|43\/100|[from] item: Leftovers\n|upkeep\n|turn|13\n|\n|t:|1699314254\n|move|p1a: Swashbuckler|Tera Blast|p2a: Bellibolt|[anim] Tera Blast Ground\n|-damage|p2a: Bellibolt|0 fnt\n|faint|p2a: Bellibolt\n|\n|upkeep\n|\n|t:|1699314259\n|switch|p2a: Golem|Golem-Alola, M|100\/100\n|turn|14\n|\n|t:|1699314263\n|move|p1a: Swashbuckler|Tera Blast|p2a: Golem|[anim] Tera Blast Ground\n|-supereffective|p2a: Golem\n|-ability|p2a: Golem|Sturdy\n|-damage|p2a: Golem|1\/100\n|move|p2a: Golem|Iron Head|p1a: Swashbuckler\n|-damage|p1a: Swashbuckler|0 fnt\n|faint|p1a: Swashbuckler\n|\n|upkeep\n|\n|t:|1699314268\n|switch|p1a: Tsunami|Palafin-Hero, F|100\/100\n|turn|15\n|\n|t:|1699314273\n|switch|p2a: Pincurchin|Pincurchin, F|100\/100\n|-fieldstart|move: Electric Terrain|[from] ability: Electric Surge|[of] p2a: Pincurchin\n|move|p1a: Tsunami|Jet Punch|p2a: Pincurchin\n|-damage|p2a: Pincurchin|50\/100\n|\n|upkeep\n|turn|16\n|\n|t:|1699314281\n|move|p1a: Tsunami|Jet Punch|p2a: Pincurchin\n|-damage|p2a: Pincurchin|1\/100\n|move|p2a: Pincurchin|Discharge|p1a: Tsunami\n|-supereffective|p1a: Tsunami\n|-damage|p1a: Tsunami|22\/100\n|-status|p1a: Tsunami|par\n|\n|upkeep\n|turn|17\n|\n|t:|1699314288\n|cant|p1a: Tsunami|par\n|move|p2a: Pincurchin|Discharge|p1a: Tsunami\n|-supereffective|p1a: Tsunami\n|-damage|p1a: Tsunami|0 fnt\n|faint|p1a: Tsunami\n|\n|upkeep\n|\n|t:|1699314291\n|switch|p1a: Riptide|Basculegion, M, shiny|100\/100\n|turn|18\n|\n|t:|1699314296\n|move|p1a: Riptide|Last Respects|p2a: Pincurchin\n|-crit|p2a: Pincurchin\n|-damage|p2a: Pincurchin|0 fnt\n|faint|p2a: Pincurchin\n|\n|upkeep\n|\n|t:|1699314301\n|switch|p2a: Golem|Golem-Alola, M|1\/100\n|turn|19\n|-enditem|p2a: Golem|Custap Berry|[eat]\n|-activate|p2a: Golem|item: Custap Berry|[consumed]\n|\n|t:|1699314304\n|move|p2a: Golem|Brutal Swing|p1a: Riptide\n|-supereffective|p1a: Riptide\n|-damage|p1a: Riptide|41\/100\n|move|p1a: Riptide|Last Respects|p2a: Golem\n|-damage|p2a: Golem|0 fnt\n|faint|p2a: Golem\n|\n|upkeep\n|\n|t:|1699314312\n|switch|p2a: Iron Thorns|Iron Thorns|100\/100\n|-activate|p2a: Iron Thorns|ability: Quark Drive\n|-start|p2a: Iron Thorns|quarkdriveatk\n|turn|20\n|\n|t:|1699314323\n|move|p1a: Riptide|Last Respects|p2a: Iron Thorns\n|-damage|p2a: Iron Thorns|0 fnt\n|faint|p2a: Iron Thorns\n|-end|p2a: Iron Thorns|Quark Drive|[silent]\n|\n|win|Trainer Lore\n","uploadtime":1699314333,"views":6,"p1id":"trainerlore","p2id":"moonwatcher19","formatid":"gen9nationaldexubers","rating":0,"private":0,"password":""}