{"id":"gen9nationaldexubers-1990610047","p1":"24gjb001","p2":"85792195wwww","format":"[Gen 9] National Dex Ubers","log":"|j|\u260624gjb001\n|j|\u260685792195wwww\n|t:|1699985502\n|gametype|singles\n|player|p1|24gjb001|1|1525\n|player|p2|85792195wwww|mira|1710\n|teamsize|p1|6\n|teamsize|p2|6\n|gen|9\n|tier|[Gen 9] National Dex Ubers\n|rated|\n|rule|HP Percentage Mod: HP is shown in percentages\n|rule|Endless Battle Clause: Forcing endless battles is banned\n|rule|OHKO Clause: OHKO moves are banned\n|rule|Evasion Moves Clause: Evasion moves are banned\n|rule|Evasion Items Clause: Evasion items are banned\n|rule|Species Clause: Limit one of each Pok\u00e9mon\n|rule|Sleep Clause Mod: Limit one foe put to sleep\n|rule|Mega Rayquaza Clause: You cannot mega evolve Rayquaza\n|clearpoke\n|poke|p1|Groudon|\n|poke|p1|Ho-Oh|\n|poke|p1|Marshadow|\n|poke|p1|Rayquaza|\n|poke|p1|Yveltal|\n|poke|p1|Xerneas-*|\n|poke|p2|Arceus-Ground|\n|poke|p2|Deoxys-Speed|\n|poke|p2|Landorus, M|\n|poke|p2|Zacian-*|\n|poke|p2|Groudon|\n|poke|p2|Kyurem-Black|\n|teampreview\n|inactive|Battle timer is ON: inactive players will automatically lose when time's up. (requested by 24gjb001)\n|\n|t:|1699985529\n|start\n|switch|p1a: Ho-Oh|Ho-Oh|100\/100\n|switch|p2a: Kyurem|Kyurem-Black|100\/100\n|-ability|p2a: Kyurem|Teravolt\n|turn|1\n|\n|t:|1699985541\n|move|p2a: Kyurem|Fusion Bolt|p1a: Ho-Oh\n|-supereffective|p1a: Ho-Oh\n|-damage|p1a: Ho-Oh|20\/100\n|move|p1a: Ho-Oh|Sacred Fire|p2a: Kyurem\n|-damage|p2a: Kyurem|66\/100\n|-status|p2a: Kyurem|brn\n|\n|-damage|p2a: Kyurem|60\/100 brn|[from] brn\n|upkeep\n|turn|2\n|\n|t:|1699985554\n|switch|p2a: Deoxys|Deoxys-Speed|100\/100\n|-ability|p2a: Deoxys|Pressure\n|switch|p1a: Groudon|Groudon|100\/100\n|detailschange|p1a: Groudon|Groudon-Primal\n|-primal|p1a: Groudon|Red Orb\n|-weather|DesolateLand|[from] ability: Desolate Land|[of] p1a: Groudon\n|\n|-weather|DesolateLand|[upkeep]\n|upkeep\n|turn|3\n|\n|t:|1699985566\n|move|p2a: Deoxys|Stealth Rock|p1a: Groudon\n|-sidestart|p1: 24gjb001|move: Stealth Rock\n|move|p1a: Groudon|Fire Punch|p2a: Deoxys\n|-crit|p2a: Deoxys\n|-enditem|p2a: Deoxys|Focus Sash\n|-damage|p2a: Deoxys|1\/100\n|\n|-weather|DesolateLand|[upkeep]\n|upkeep\n|turn|4\n|\n|t:|1699985574\n|move|p2a: Deoxys|Spikes|p1a: Groudon\n|-sidestart|p1: 24gjb001|Spikes\n|move|p1a: Groudon|Fire Punch|p2a: Deoxys\n|-damage|p2a: Deoxys|0 fnt\n|faint|p2a: Deoxys\n|\n|-weather|DesolateLand|[upkeep]\n|upkeep\n|\n|t:|1699985582\n|switch|p2a: Arceus|Arceus-Ground|100\/100\n|turn|5\n|\n|t:|1699985587\n|move|p2a: Arceus|Dragon Dance|p2a: Arceus\n|-boost|p2a: Arceus|atk|1\n|-boost|p2a: Arceus|spe|1\n|move|p1a: Groudon|Stealth Rock|p2a: Arceus\n|-sidestart|p2: 85792195wwww|move: Stealth Rock\n|\n|-weather|DesolateLand|[upkeep]\n|upkeep\n|turn|6\n|\n|t:|1699985605\n|-weather|none\n|switch|p1a: Ho-Oh|Ho-Oh|54\/100\n|move|p2a: Arceus|Stone Edge|p1a: Ho-Oh|[miss]\n|-miss|p2a: Arceus|p1a: Ho-Oh\n|\n|upkeep\n|turn|7\n|\n|t:|1699985629\n|switch|p1a: Rayquaza|Rayquaza|100\/100\n|-damage|p1a: Rayquaza|76\/100|[from] Stealth Rock\n|-ability|p1a: Rayquaza|Air Lock\n|move|p2a: Arceus|Stone Edge|p1a: Rayquaza\n|-supereffective|p1a: Rayquaza\n|-damage|p1a: Rayquaza|0 fnt\n|faint|p1a: Rayquaza\n|\n|upkeep\n|\n|t:|1699985639\n|switch|p1a: Ho-Oh|Ho-Oh|87\/100\n|turn|8\n|\n|t:|1699985644\n|-terastallize|p1a: Ho-Oh|Fire\n|move|p2a: Arceus|Stone Edge|p1a: Ho-Oh\n|-supereffective|p1a: Ho-Oh\n|-damage|p1a: Ho-Oh|0 fnt\n|faint|p1a: Ho-Oh\n|\n|upkeep\n|inactive|24gjb001 has 120 seconds left.\n|\n|t:|1699985659\n|switch|p1a: Xerneas|Xerneas|100\/100\n|-damage|p1a: Xerneas|88\/100|[from] Stealth Rock\n|-damage|p1a: Xerneas|76\/100|[from] Spikes\n|-ability|p1a: Xerneas|Fairy Aura\n|turn|9\n|\n|t:|1699985666\n|-zpower|p2a: Arceus\n|move|p2a: Arceus|Tectonic Rage|p1a: Xerneas|[zeffect]\n|-damage|p1a: Xerneas|0 fnt\n|faint|p1a: Xerneas\n|\n|upkeep\n|\n|t:|1699985672\n|switch|p1a: Yveltal|Yveltal|100\/100\n|-damage|p1a: Yveltal|76\/100|[from] Stealth Rock\n|-ability|p1a: Yveltal|Dark Aura\n|turn|10\n|\n|t:|1699985679\n|move|p1a: Yveltal|Sucker Punch|p2a: Arceus\n|-damage|p2a: Arceus|52\/100\n|-damage|p1a: Yveltal|66\/100|[from] item: Life Orb\n|move|p2a: Arceus|Stone Edge|p1a: Yveltal|[miss]\n|-miss|p2a: Arceus|p1a: Yveltal\n|\n|upkeep\n|turn|11\n|\n|t:|1699985687\n|move|p2a: Arceus|Stone Edge|p1a: Yveltal\n|-supereffective|p1a: Yveltal\n|-crit|p1a: Yveltal\n|-damage|p1a: Yveltal|0 fnt\n|faint|p1a: Yveltal\n|\n|upkeep\n|\n|t:|1699985693\n|switch|p1a: Groudon|Groudon-Primal|100\/100\n|-damage|p1a: Groudon|88\/100|[from] Stealth Rock\n|-damage|p1a: Groudon|76\/100|[from] Spikes\n|-weather|DesolateLand|[from] ability: Desolate Land|[of] p1a: Groudon\n|turn|12\n|j| Irfanayan\n|\n|t:|1699985702\n|move|p2a: Arceus|Earthquake|p1a: Groudon\n|-supereffective|p1a: Groudon\n|-damage|p1a: Groudon|0 fnt\n|faint|p1a: Groudon\n|-weather|none\n|\n|upkeep\n|\n|t:|1699985706\n|switch|p1a: Marshadow|Marshadow|100\/100\n|-damage|p1a: Marshadow|94\/100|[from] Stealth Rock\n|-damage|p1a: Marshadow|82\/100|[from] Spikes\n|turn|13\n|\n|t:|1699985712\n|move|p1a: Marshadow|Shadow Sneak|p2a: Arceus\n|-damage|p2a: Arceus|29\/100\n|move|p2a: Arceus|Earthquake|p1a: Marshadow\n|-damage|p1a: Marshadow|0 fnt\n|faint|p1a: Marshadow\n|\n|win|85792195wwww\n|raw|24gjb001's rating: 1525 &rarr; <strong>1515<\/strong><br \/>(-10 for losing)\n|raw|85792195wwww's rating: 1710 &rarr; <strong>1720<\/strong><br \/>(+10 for winning)\n|l|\u260624gjb001\n|l| Irfanayan\n","uploadtime":1699985721,"views":6,"p1id":"24gjb001","p2id":"85792195wwww","formatid":"gen9nationaldexubers","rating":1515,"private":0,"password":""}