{"id":"gen9nationaldexubers-1996760987","p1":"Grantypoo","p2":"ThisLad","format":"[Gen 9] National Dex Ubers","log":"|j|\u2606Grantypoo\n|j|\u2606ThisLad\n|t:|1700720725\n|gametype|singles\n|player|p1|Grantypoo|shauntal|1185\n|player|p2|ThisLad|170|1268\n|teamsize|p1|6\n|teamsize|p2|6\n|gen|9\n|tier|[Gen 9] National Dex Ubers\n|rated|\n|rule|HP Percentage Mod: HP is shown in percentages\n|rule|Endless Battle Clause: Forcing endless battles is banned\n|rule|OHKO Clause: OHKO moves are banned\n|rule|Evasion Moves Clause: Evasion moves are banned\n|rule|Evasion Items Clause: Evasion items are banned\n|rule|Species Clause: Limit one of each Pok\u00e9mon\n|rule|Sleep Clause Mod: Limit one foe put to sleep\n|rule|Mega Rayquaza Clause: You cannot mega evolve Rayquaza\n|clearpoke\n|poke|p1|Armarouge, F|\n|poke|p1|Nihilego|\n|poke|p1|Naganadel|\n|poke|p1|Genesect-Douse|\n|poke|p1|Corviknight, M|\n|poke|p1|Bronzong|\n|poke|p2|Groudon|\n|poke|p2|Arceus-Dark|\n|poke|p2|Ho-Oh|\n|poke|p2|Zygarde|\n|poke|p2|Kyogre|\n|poke|p2|Necrozma-Dusk-Mane|\n|teampreview\n|inactive|Battle timer is ON: inactive players will automatically lose when time's up. (requested by ThisLad)\n|c|\u2606Grantypoo|Wow ok\n|c|\u2606Grantypoo|gl hf I guess\n|\n|t:|1700720750\n|start\n|switch|p1a: Zebesian|Genesect-Douse, shiny|100\/100\n|switch|p2a: I hate this thing|Kyogre|100\/100\n|-ability|p1a: Zebesian|Download|boost\n|-boost|p1a: Zebesian|atk|1\n|detailschange|p2a: I hate this thing|Kyogre-Primal\n|-primal|p2a: I hate this thing|Blue Orb\n|-weather|PrimordialSea|[from] ability: Primordial Sea|[of] p2a: I hate this thing\n|turn|1\n|\n|t:|1700720761\n|move|p1a: Zebesian|Shift Gear|p1a: Zebesian\n|-boost|p1a: Zebesian|spe|2\n|-boost|p1a: Zebesian|atk|1\n|move|p2a: I hate this thing|Scald|p1a: Zebesian\n|-damage|p1a: Zebesian|0 fnt\n|faint|p1a: Zebesian\n|\n|-weather|PrimordialSea|[upkeep]\n|upkeep\n|\n|t:|1700720776\n|switch|p1a: Samus Aran|Armarouge, F|100\/100\n|turn|2\n|\n|t:|1700720786\n|-weather|none\n|switch|p2a: Lugia Replacement|Ho-Oh|100\/100\n|move|p1a: Samus Aran|Energy Ball|p2a: Lugia Replacement\n|-resisted|p2a: Lugia Replacement\n|-damage|p2a: Lugia Replacement|96\/100\n|\n|upkeep\n|turn|3\n|\n|t:|1700720796\n|switch|p1a: Metroid|Nihilego|100\/100\n|move|p2a: Lugia Replacement|Toxic|p1a: Metroid\n|-immune|p1a: Metroid\n|\n|upkeep\n|turn|4\n|\n|t:|1700720806\n|switch|p2a: Worm to Gundam|Zygarde|100\/100\n|move|p1a: Metroid|Toxic Spikes|p2a: Worm to Gundam\n|-sidestart|p2: ThisLad|move: Toxic Spikes\n|\n|upkeep\n|turn|5\n|\n|t:|1700720815\n|switch|p1a: Nightmare|Bronzong|100\/100\n|move|p2a: Worm to Gundam|Glare|p1a: Nightmare\n|-status|p1a: Nightmare|par\n|\n|upkeep\n|turn|6\n|\n|t:|1700720824\n|move|p2a: Worm to Gundam|Coil|p2a: Worm to Gundam\n|-boost|p2a: Worm to Gundam|atk|1\n|-boost|p2a: Worm to Gundam|def|1\n|-boost|p2a: Worm to Gundam|accuracy|1\n|move|p1a: Nightmare|Iron Defense|p1a: Nightmare\n|-boost|p1a: Nightmare|def|2\n|\n|upkeep\n|turn|7\n|\n|t:|1700720831\n|switch|p1a: Ridley|Naganadel|100\/100\n|-item|p1a: Ridley|Air Balloon\n|move|p2a: Worm to Gundam|Coil|p2a: Worm to Gundam\n|-boost|p2a: Worm to Gundam|atk|1\n|-boost|p2a: Worm to Gundam|def|1\n|-boost|p2a: Worm to Gundam|accuracy|1\n|\n|upkeep\n|turn|8\n|\n|t:|1700720840\n|-terastallize|p2a: Worm to Gundam|Fairy\n|move|p1a: Ridley|Dragon Pulse|p2a: Worm to Gundam\n|-immune|p2a: Worm to Gundam\n|move|p2a: Worm to Gundam|Thousand Arrows|p1a: Ridley\n|-supereffective|p1a: Ridley\n|-damage|p1a: Ridley|0 fnt\n|-enditem|p1a: Ridley|Air Balloon\n|faint|p1a: Ridley\n|\n|upkeep\n|c|\u2606Grantypoo|Frick off\n|\n|t:|1700720861\n|switch|p1a: Metroid|Nihilego|100\/100\n|turn|9\n|\n|t:|1700720869\n|-terastallize|p1a: Metroid|Flying\n|move|p1a: Metroid|Sludge Bomb|p2a: Worm to Gundam\n|-supereffective|p2a: Worm to Gundam\n|-damage|p2a: Worm to Gundam|25\/100\n|move|p2a: Worm to Gundam|Glare|p1a: Metroid\n|-status|p1a: Metroid|par\n|\n|-heal|p2a: Worm to Gundam|31\/100|[from] item: Leftovers\n|-activate|p2a: Worm to Gundam|ability: Power Construct\n|detailschange|p2a: Worm to Gundam|Zygarde-Complete, tera:Fairy\n|-heal|p2a: Worm to Gundam|55\/100|[silent]\n|upkeep\n|turn|10\n|\n|t:|1700720880\n|move|p2a: Worm to Gundam|Thousand Arrows|p1a: Metroid\n|-damage|p1a: Metroid|0 fnt\n|faint|p1a: Metroid\n|\n|-heal|p2a: Worm to Gundam|61\/100|[from] item: Leftovers\n|upkeep\n|-message|Grantypoo forfeited.\n|\n|win|ThisLad\n|raw|Grantypoo's rating: 1185 &rarr; <strong>1166<\/strong><br \/>(-19 for losing)\n|raw|ThisLad's rating: 1268 &rarr; <strong>1287<\/strong><br \/>(+19 for winning)\n|l|\u2606Grantypoo\n","uploadtime":1700720890,"views":7,"p1id":"grantypoo","p2id":"thislad","formatid":"gen9nationaldexubers","rating":1166,"private":0,"password":""}