{"id":"gen9nationaldexubers-1992930884","p1":"Alpha1231","p2":"Melmetalmenace","format":"[Gen 9] National Dex Ubers","log":"|j|\u2606Alpha1231\n|j|\u203dMelmetalmenace\n|t:|1700247853\n|gametype|singles\n|player|p1|Alpha1231|170|1000\n|player|p2|Melmetalmenace|steven|1042\n|teamsize|p1|6\n|teamsize|p2|6\n|gen|9\n|tier|[Gen 9] National Dex Ubers\n|rated|\n|rule|HP Percentage Mod: HP is shown in percentages\n|rule|Endless Battle Clause: Forcing endless battles is banned\n|rule|OHKO Clause: OHKO moves are banned\n|rule|Evasion Moves Clause: Evasion moves are banned\n|rule|Evasion Items Clause: Evasion items are banned\n|rule|Species Clause: Limit one of each Pok\u00e9mon\n|rule|Sleep Clause Mod: Limit one foe put to sleep\n|rule|Mega Rayquaza Clause: You cannot mega evolve Rayquaza\n|clearpoke\n|poke|p1|Blaziken, M|\n|poke|p1|Wo-Chien|\n|poke|p1|Ribombee, M|\n|poke|p1|Manaphy|\n|poke|p1|Annihilape, F|\n|poke|p1|Chi-Yu|\n|poke|p2|Annihilape, M|\n|poke|p2|Diancie|\n|poke|p2|Landorus-Therian, M|\n|poke|p2|Audino, M|\n|poke|p2|Tyranitar, M|\n|poke|p2|Carbink|\n|teampreview\n|c|\u2606Alpha1231|Glhf\n|inactive|Battle timer is ON: inactive players will automatically lose when time's up. (requested by Alpha1231)\n|\n|t:|1700247883\n|start\n|switch|p1a: Ribombee|Ribombee, M|100\/100\n|switch|p2a: Annihilape|Annihilape, M|100\/100\n|turn|1\n|\n|t:|1700247892\n|move|p1a: Ribombee|Stun Spore|p2a: Annihilape\n|-status|p2a: Annihilape|par\n|move|p2a: Annihilape|Taunt|p1a: Ribombee\n|-start|p1a: Ribombee|move: Taunt\n|\n|upkeep\n|turn|2\n|\n|t:|1700247903\n|switch|p1a: Wo-Chien|Wo-Chien|100\/100\n|-ability|p1a: Wo-Chien|Tablets of Ruin\n|cant|p2a: Annihilape|par\n|\n|upkeep\n|turn|3\n|\n|t:|1700247909\n|move|p1a: Wo-Chien|Leech Seed|p2a: Annihilape\n|-start|p2a: Annihilape|move: Leech Seed\n|move|p2a: Annihilape|Close Combat|p1a: Wo-Chien\n|-supereffective|p1a: Wo-Chien\n|-damage|p1a: Wo-Chien|35\/100\n|-unboost|p2a: Annihilape|def|1\n|-unboost|p2a: Annihilape|spd|1\n|-damage|p2a: Annihilape|84\/100 par|[from] item: Rocky Helmet|[of] p1a: Wo-Chien\n|\n|-damage|p2a: Annihilape|72\/100 par|[from] Leech Seed|[of] p1a: Wo-Chien\n|-heal|p1a: Wo-Chien|49\/100|[silent]\n|upkeep\n|turn|4\n|\n|t:|1700247924\n|switch|p1a: Annihilape|Annihilape, F|100\/100\n|move|p2a: Annihilape|Close Combat|p1a: Annihilape\n|-immune|p1a: Annihilape\n|\n|-damage|p2a: Annihilape|59\/100 par|[from] Leech Seed|[of] p1a: Annihilape\n|upkeep\n|turn|5\n|\n|t:|1700247932\n|move|p2a: Annihilape|Detect|p2a: Annihilape\n|-singleturn|p2a: Annihilape|Protect\n|move|p1a: Annihilape|Bulk Up|p1a: Annihilape\n|-boost|p1a: Annihilape|atk|1\n|-boost|p1a: Annihilape|def|1\n|\n|-damage|p2a: Annihilape|47\/100 par|[from] Leech Seed|[of] p1a: Annihilape\n|upkeep\n|turn|6\n|\n|t:|1700247941\n|move|p1a: Annihilape|Bulk Up|p1a: Annihilape\n|-boost|p1a: Annihilape|atk|1\n|-boost|p1a: Annihilape|def|1\n|move|p2a: Annihilape|Taunt|p1a: Annihilape\n|-start|p1a: Annihilape|move: Taunt\n|\n|-damage|p2a: Annihilape|35\/100 par|[from] Leech Seed|[of] p1a: Annihilape\n|upkeep\n|turn|7\n|\n|t:|1700247951\n|move|p2a: Annihilape|Detect|p2a: Annihilape\n|-singleturn|p2a: Annihilape|Protect\n|move|p1a: Annihilape|Rage Fist|p2a: Annihilape\n|-activate|p2a: Annihilape|move: Protect\n|\n|-damage|p2a: Annihilape|22\/100 par|[from] Leech Seed|[of] p1a: Annihilape\n|upkeep\n|turn|8\n|inactive|Melmetalmenace has 120 seconds left.\n|\n|t:|1700247999\n|move|p1a: Annihilape|Gunk Shot|p2a: Annihilape\n|-resisted|p2a: Annihilape\n|-crit|p2a: Annihilape\n|-damage|p2a: Annihilape|0 fnt\n|faint|p2a: Annihilape\n|\n|upkeep\n|\n|t:|1700248007\n|switch|p2a: Diancie|Diancie|100\/100\n|turn|9\n|\n|t:|1700248011\n|move|p2a: Diancie|Spikes|p1a: Annihilape\n|-sidestart|p1: Alpha1231|Spikes\n|move|p1a: Annihilape|Drain Punch|p2a: Diancie\n|-damage|p2a: Diancie|12\/100\n|\n|-end|p1a: Annihilape|move: Taunt\n|upkeep\n|turn|10\n|inactive|Melmetalmenace has 120 seconds left.\n|\n|t:|1700248020\n|move|p2a: Diancie|Diamond Storm|p1a: Annihilape\n|-resisted|p1a: Annihilape\n|-damage|p1a: Annihilape|89\/100\n|move|p1a: Annihilape|Drain Punch|p2a: Diancie\n|-damage|p2a: Diancie|0 fnt\n|-heal|p1a: Annihilape|92\/100|[from] drain|[of] p2a: Diancie\n|faint|p2a: Diancie\n|\n|-heal|p1a: Annihilape|99\/100|[from] item: Leftovers\n|upkeep\n|inactive|Melmetalmenace has 120 seconds left.\n|\n|t:|1700248028\n|switch|p2a: Landorus|Landorus-Therian, M|100\/100\n|-ability|p2a: Landorus|Intimidate|boost\n|-unboost|p1a: Annihilape|atk|1\n|-ability|p1a: Annihilape|Defiant|boost\n|-boost|p1a: Annihilape|atk|2\n|turn|11\n|\n|t:|1700248039\n|move|p2a: Landorus|Earthquake|p1a: Annihilape\n|-damage|p1a: Annihilape|73\/100\n|move|p1a: Annihilape|Rage Fist|p2a: Landorus\n|-damage|p2a: Landorus|0 fnt\n|faint|p2a: Landorus\n|\n|-heal|p1a: Annihilape|79\/100|[from] item: Leftovers\n|upkeep\n|inactive|Melmetalmenace has 120 seconds left.\n|inactive|Melmetalmenace has 90 seconds left.\n|\n|t:|1700248080\n|switch|p2a: Tyranitar|Tyranitar, M|100\/100\n|-weather|Sandstorm|[from] ability: Sand Stream|[of] p2a: Tyranitar\n|turn|12\n|\n|t:|1700248085\n|detailschange|p2a: Tyranitar|Tyranitar-Mega, M\n|-mega|p2a: Tyranitar|Tyranitar|Tyranitarite\n|move|p1a: Annihilape|Drain Punch|p2a: Tyranitar\n|-supereffective|p2a: Tyranitar\n|-crit|p2a: Tyranitar\n|-damage|p2a: Tyranitar|0 fnt\n|-heal|p1a: Annihilape|100\/100|[from] drain|[of] p2a: Tyranitar\n|faint|p2a: Tyranitar\n|\n|-weather|Sandstorm|[upkeep]\n|-damage|p1a: Annihilape|94\/100|[from] Sandstorm\n|-heal|p1a: Annihilape|100\/100|[from] item: Leftovers\n|upkeep\n|-message|Melmetalmenace forfeited.\n|\n|win|Alpha1231\n|raw|Alpha1231's rating: 1000 &rarr; <strong>1045<\/strong><br \/>(+45 for winning)\n|raw|Melmetalmenace's rating: 1042 &rarr; <strong>1024<\/strong><br \/>(-18 for losing)\n|l|\u203dMelmetalmenace\n","uploadtime":1700248101,"views":8,"p1id":"alpha1231","p2id":"melmetalmenace","formatid":"gen9nationaldexubers","rating":1024,"private":0,"password":""}