{"id":"gen9nationaldexubers-1988030873","p1":"vptwarrior","p2":"ThatSpicyDragon","format":"[Gen 9] National Dex Ubers","log":"|j|\u2606vptwarrior\n|j|\u2606ThatSpicyDragon\n|t:|1699661190\n|gametype|singles\n|player|p1|vptwarrior|swimmer|\n|player|p2|ThatSpicyDragon|drayden|\n|teamsize|p1|6\n|teamsize|p2|6\n|gen|9\n|tier|[Gen 9] National Dex Ubers\n|rule|HP Percentage Mod: HP is shown in percentages\n|rule|Endless Battle Clause: Forcing endless battles is banned\n|rule|OHKO Clause: OHKO moves are banned\n|rule|Evasion Moves Clause: Evasion moves are banned\n|rule|Evasion Items Clause: Evasion items are banned\n|rule|Species Clause: Limit one of each Pok\u00e9mon\n|rule|Sleep Clause Mod: Limit one foe put to sleep\n|rule|Mega Rayquaza Clause: You cannot mega evolve Rayquaza\n|clearpoke\n|poke|p1|Golduck, M|\n|poke|p1|Charizard, M|\n|poke|p1|Machamp, M|\n|poke|p1|Pidgeot, M|\n|poke|p1|Rhyperior, M|\n|poke|p1|Porygon-Z|\n|poke|p2|Incineroar, F|\n|poke|p2|Meowscarada, M|\n|poke|p2|Perrserker, M|\n|poke|p2|Meowstic-F, F|\n|poke|p2|Espeon, F|\n|poke|p2|Vaporeon, M|\n|teampreview\n|\n|t:|1699661208\n|start\n|switch|p1a: Golduck|Golduck, M|100\/100\n|switch|p2a: Surf Curse|Vaporeon, M|100\/100\n|turn|1\n|\n|t:|1699661218\n|switch|p1a: Porygon-Z|Porygon-Z|100\/100\n|move|p2a: Surf Curse|Hidden Power|p1a: Porygon-Z\n|-damage|p1a: Porygon-Z|74\/100\n|\n|upkeep\n|turn|2\n|\n|t:|1699661231\n|switch|p2a: Incineroar|Incineroar, F|100\/100\n|-ability|p2a: Incineroar|Intimidate|boost\n|-unboost|p1a: Porygon-Z|atk|1\n|move|p1a: Porygon-Z|Thunderbolt|p2a: Incineroar\n|-damage|p2a: Incineroar|61\/100\n|\n|upkeep\n|turn|3\n|\n|t:|1699661239\n|move|p1a: Porygon-Z|Hyper Beam|p2a: Incineroar\n|-damage|p2a: Incineroar|0 fnt\n|-mustrecharge|p1a: Porygon-Z\n|faint|p2a: Incineroar\n|\n|upkeep\n|\n|t:|1699661246\n|switch|p2a: Def Leppard|Perrserker, M|100\/100\n|turn|4\n|\n|t:|1699661258\n|cant|p1a: Porygon-Z|recharge\n|move|p2a: Def Leppard|Brick Break|p1a: Porygon-Z\n|-supereffective|p1a: Porygon-Z\n|-damage|p1a: Porygon-Z|4\/100\n|\n|upkeep\n|turn|5\n|\n|t:|1699661270\n|move|p1a: Porygon-Z|Thunderbolt|p2a: Def Leppard\n|-damage|p2a: Def Leppard|48\/100\n|move|p2a: Def Leppard|Taunt|p1a: Porygon-Z\n|-start|p1a: Porygon-Z|move: Taunt\n|\n|-heal|p2a: Def Leppard|54\/100|[from] item: Leftovers\n|upkeep\n|turn|6\n|\n|t:|1699661277\n|move|p1a: Porygon-Z|Thunderbolt|p2a: Def Leppard\n|-damage|p2a: Def Leppard|0 fnt\n|faint|p2a: Def Leppard\n|\n|upkeep\n|\n|t:|1699661289\n|switch|p2a: Surf Curse|Vaporeon, M|100\/100\n|turn|7\n|\n|t:|1699661300\n|move|p1a: Porygon-Z|Thunderbolt|p2a: Surf Curse\n|-supereffective|p2a: Surf Curse\n|-damage|p2a: Surf Curse|26\/100\n|move|p2a: Surf Curse|Hidden Power|p1a: Porygon-Z\n|-damage|p1a: Porygon-Z|0 fnt\n|faint|p1a: Porygon-Z\n|\n|-heal|p2a: Surf Curse|33\/100|[from] item: Leftovers\n|upkeep\n|\n|t:|1699661314\n|switch|p1a: Golduck|Golduck, M|100\/100\n|turn|8\n|\n|t:|1699661327\n|move|p1a: Golduck|Calm Mind|p1a: Golduck\n|-boost|p1a: Golduck|spa|1\n|-boost|p1a: Golduck|spd|1\n|move|p2a: Surf Curse|Hidden Power|p1a: Golduck\n|-supereffective|p1a: Golduck\n|-damage|p1a: Golduck|67\/100\n|\n|-heal|p1a: Golduck|73\/100|[from] item: Leftovers\n|-heal|p2a: Surf Curse|39\/100|[from] item: Leftovers\n|upkeep\n|turn|9\n|\n|t:|1699661339\n|move|p1a: Golduck|Psychic|p2a: Surf Curse\n|-damage|p2a: Surf Curse|4\/100\n|move|p2a: Surf Curse|Haze|p2a: Surf Curse\n|-clearallboost\n|\n|-heal|p1a: Golduck|79\/100|[from] item: Leftovers\n|-heal|p2a: Surf Curse|10\/100|[from] item: Leftovers\n|upkeep\n|turn|10\n|\n|t:|1699661349\n|move|p1a: Golduck|Psychic|p2a: Surf Curse\n|-damage|p2a: Surf Curse|0 fnt\n|faint|p2a: Surf Curse\n|\n|-heal|p1a: Golduck|85\/100|[from] item: Leftovers\n|upkeep\n|\n|t:|1699661358\n|switch|p2a: Meowscarada|Meowscarada, M|100\/100\n|turn|11\n|\n|t:|1699661368\n|move|p2a: Meowscarada|Leech Seed|p1a: Golduck\n|-start|p2a: Meowscarada|typechange|Grass|[from] ability: Protean\n|-start|p1a: Golduck|move: Leech Seed\n|move|p1a: Golduck|Ice Beam|p2a: Meowscarada\n|-supereffective|p2a: Meowscarada\n|-damage|p2a: Meowscarada|8\/100\n|\n|-heal|p1a: Golduck|91\/100|[from] item: Leftovers\n|-damage|p1a: Golduck|78\/100|[from] Leech Seed|[of] p2a: Meowscarada\n|-heal|p2a: Meowscarada|21\/100|[silent]\n|upkeep\n|turn|12\n|\n|t:|1699661382\n|move|p2a: Meowscarada|Petal Blizzard|p1a: Golduck\n|-supereffective|p1a: Golduck\n|-damage|p1a: Golduck|0 fnt\n|faint|p1a: Golduck\n|\n|upkeep\n|\n|t:|1699661391\n|switch|p1a: Machamp|Machamp, M|100\/100\n|turn|13\n|\n|t:|1699661397\n|move|p1a: Machamp|Bullet Punch|p2a: Meowscarada\n|-damage|p2a: Meowscarada|0 fnt\n|faint|p2a: Meowscarada\n|\n|upkeep\n|\n|t:|1699661408\n|switch|p2a: Espeon|Espeon, F|100\/100\n|turn|14\n|\n|t:|1699661411\n|move|p1a: Machamp|Bullet Punch|p2a: Espeon\n|-damage|p2a: Espeon|72\/100\n|move|p2a: Espeon|Calm Mind|p2a: Espeon\n|-boost|p2a: Espeon|spa|1\n|-boost|p2a: Espeon|spd|1\n|\n|-heal|p2a: Espeon|79\/100|[from] item: Leftovers\n|upkeep\n|turn|15\n|\n|t:|1699661421\n|move|p2a: Espeon|Psychic|p1a: Machamp\n|-supereffective|p1a: Machamp\n|-damage|p1a: Machamp|0 fnt\n|faint|p1a: Machamp\n|\n|-heal|p2a: Espeon|85\/100|[from] item: Leftovers\n|upkeep\n|\n|t:|1699661427\n|switch|p1a: Pidgeot|Pidgeot, M|100\/100\n|turn|16\n|\n|t:|1699661431\n|move|p2a: Espeon|Power Gem|p1a: Pidgeot\n|-supereffective|p1a: Pidgeot\n|-damage|p1a: Pidgeot|0 fnt\n|faint|p1a: Pidgeot\n|\n|-heal|p2a: Espeon|91\/100|[from] item: Leftovers\n|upkeep\n|\n|t:|1699661436\n|switch|p1a: Charizard|Charizard, M|100\/100\n|turn|17\n|\n|t:|1699661441\n|move|p2a: Espeon|Power Gem|p1a: Charizard\n|-supereffective|p1a: Charizard\n|-damage|p1a: Charizard|0 fnt\n|faint|p1a: Charizard\n|\n|-heal|p2a: Espeon|97\/100|[from] item: Leftovers\n|upkeep\n|\n|t:|1699661443\n|switch|p1a: Rhyperior|Rhyperior, M|100\/100\n|turn|18\n|\n|t:|1699661470\n|move|p2a: Espeon|Power Gem|p1a: Rhyperior\n|-resisted|p1a: Rhyperior\n|-damage|p1a: Rhyperior|70\/100\n|move|p1a: Rhyperior|Earthquake|p2a: Espeon\n|-damage|p2a: Espeon|0 fnt\n|faint|p2a: Espeon\n|\n|-heal|p1a: Rhyperior|76\/100|[from] item: Leftovers\n|upkeep\n|\n|t:|1699661483\n|switch|p2a: Meowstic|Meowstic-F, F|100\/100\n|turn|19\n|\n|t:|1699661490\n|move|p2a: Meowstic|Shadow Ball|p1a: Rhyperior\n|-damage|p1a: Rhyperior|48\/100\n|-unboost|p1a: Rhyperior|spd|1\n|move|p1a: Rhyperior|Earthquake|p2a: Meowstic\n|-damage|p2a: Meowstic|17\/100\n|\n|-heal|p2a: Meowstic|23\/100|[from] item: Leftovers\n|-heal|p1a: Rhyperior|54\/100|[from] item: Leftovers\n|upkeep\n|turn|20\n|\n|t:|1699661503\n|move|p2a: Meowstic|Psychic|p1a: Rhyperior\n|-damage|p1a: Rhyperior|0 fnt\n|faint|p1a: Rhyperior\n|\n|win|ThatSpicyDragon\n","uploadtime":1699661509,"views":5,"p1id":"vptwarrior","p2id":"thatspicydragon","formatid":"gen9nationaldexubers","rating":0,"private":0,"password":""}