{"id":"gen9nationaldexubers-1983531083","p1":"lanciepoo","p2":"Mooser Gangooser","format":"[Gen 9] National Dex Ubers","log":"|j|\u2606lanciepoo\n|j|\u2606Mooser Gangooser\n|t:|1699140229\n|gametype|singles\n|player|p1|lanciepoo|baker|\n|player|p2|Mooser Gangooser|rood|\n|teamsize|p1|6\n|teamsize|p2|6\n|gen|9\n|tier|[Gen 9] National Dex Ubers\n|rule|HP Percentage Mod: HP is shown in percentages\n|rule|Endless Battle Clause: Forcing endless battles is banned\n|rule|OHKO Clause: OHKO moves are banned\n|rule|Evasion Moves Clause: Evasion moves are banned\n|rule|Evasion Items Clause: Evasion items are banned\n|rule|Species Clause: Limit one of each Pok\u00e9mon\n|rule|Sleep Clause Mod: Limit one foe put to sleep\n|rule|Mega Rayquaza Clause: You cannot mega evolve Rayquaza\n|clearpoke\n|poke|p1|Darmanitan-Galar, M|\n|poke|p1|Aerodactyl, M|\n|poke|p1|Goodra, M|\n|poke|p1|Iron Moth|\n|poke|p1|Swampert, M|\n|poke|p1|Audino, M|\n|poke|p2|Roaring Moon|\n|poke|p2|Charizard, M|\n|poke|p2|Venusaur, M|\n|poke|p2|Excadrill, F|\n|poke|p2|Registeel|\n|poke|p2|Komala, M|\n|teampreview\n|c|\u2606lanciepoo|glhf\n|c|\u2606Mooser Gangooser|u2\n|j| Andilius\n|\n|t:|1699140273\n|start\n|switch|p1a: Darmanitan|Darmanitan-Galar, M|100\/100\n|switch|p2a: Excadrill|Excadrill, F|100\/100\n|-ability|p2a: Excadrill|Mold Breaker\n|turn|1\n|l| Andilius\n|\n|t:|1699140310\n|move|p1a: Darmanitan|Flare Blitz|p2a: Excadrill\n|-supereffective|p2a: Excadrill\n|-damage|p2a: Excadrill|0 fnt\n|faint|p2a: Excadrill\n|-damage|p1a: Darmanitan|61\/100|[from] Recoil\n|\n|upkeep\n|\n|t:|1699140320\n|switch|p2a: Charizard|Charizard, M|100\/100\n|turn|2\n|\n|t:|1699140326\n|switch|p1a: Goodra|Goodra, M|100\/100\n|move|p2a: Charizard|Ancient Power|p1a: Goodra\n|-damage|p1a: Goodra|93\/100\n|\n|upkeep\n|turn|3\n|\n|t:|1699140339\n|switch|p2a: Registeel|Registeel|100\/100\n|move|p1a: Goodra|Rock Slide|p2a: Registeel\n|-resisted|p2a: Registeel\n|-damage|p2a: Registeel|92\/100\n|\n|-heal|p2a: Registeel|98\/100|[from] item: Leftovers\n|upkeep\n|turn|4\n|\n|t:|1699140345\n|move|p1a: Goodra|Knock Off|p2a: Registeel\n|-damage|p2a: Registeel|77\/100\n|-enditem|p2a: Registeel|Leftovers|[from] move: Knock Off|[of] p1a: Goodra\n|move|p2a: Registeel|Toxic|p1a: Goodra\n|-status|p1a: Goodra|tox\n|\n|-damage|p1a: Goodra|87\/100 tox|[from] psn\n|upkeep\n|turn|5\n|\n|t:|1699140355\n|move|p1a: Goodra|Earthquake|p2a: Registeel\n|-supereffective|p2a: Registeel\n|-damage|p2a: Registeel|36\/100\n|move|p2a: Registeel|Seismic Toss|p1a: Goodra\n|-damage|p1a: Goodra|61\/100 tox\n|-ability|p1a: Goodra|Gooey\n|-fail|p2a: Registeel|unboost|[from] ability: Clear Body|[of] p2a: Registeel\n|\n|-damage|p1a: Goodra|49\/100 tox|[from] psn\n|upkeep\n|turn|6\n|\n|t:|1699140361\n|move|p2a: Registeel|Protect|p2a: Registeel\n|-singleturn|p2a: Registeel|Protect\n|move|p1a: Goodra|Earthquake|p2a: Registeel\n|-activate|p2a: Registeel|move: Protect\n|\n|-damage|p1a: Goodra|31\/100 tox|[from] psn\n|upkeep\n|turn|7\n|\n|t:|1699140372\n|switch|p1a: Iron Moth|Iron Moth|100\/100\n|move|p2a: Registeel|Seismic Toss|p1a: Iron Moth\n|-damage|p1a: Iron Moth|67\/100\n|\n|upkeep\n|turn|8\n|j| BFO Ethanol\n|\n|t:|1699140377\n|switch|p2a: Komala|Komala, M|100\/100\n|-ability|p2a: Komala|Comatose\n|move|p1a: Iron Moth|Fiery Dance|p2a: Komala\n|-damage|p2a: Komala|70\/100\n|\n|upkeep\n|turn|9\n|\n|t:|1699140389\n|-end|p1a: Iron Moth|Quark Drive|[silent]\n|switch|p1a: Swampert|Swampert, M|100\/100\n|move|p2a: Komala|Body Slam|p1a: Swampert\n|-damage|p1a: Swampert|72\/100\n|-status|p1a: Swampert|par\n|-damage|p2a: Komala|53\/100|[from] item: Rocky Helmet|[of] p1a: Swampert\n|\n|upkeep\n|turn|10\n|\n|t:|1699140399\n|switch|p2a: Venusaur|Venusaur, M|100\/100\n|cant|p1a: Swampert|par\n|\n|upkeep\n|turn|11\n|\n|t:|1699140415\n|switch|p1a: Audino|Audino, M|100\/100\n|move|p2a: Venusaur|Earth Power|p1a: Audino\n|-damage|p1a: Audino|68\/100\n|-damage|p2a: Venusaur|91\/100|[from] item: Life Orb\n|\n|-heal|p1a: Audino|74\/100|[from] item: Leftovers\n|upkeep\n|turn|12\n|\n|t:|1699140420\n|switch|p2a: Charizard|Charizard, M|100\/100\n|move|p1a: Audino|Wish|p1a: Audino\n|\n|-heal|p1a: Audino|80\/100|[from] item: Leftovers\n|upkeep\n|turn|13\n|\n|t:|1699140428\n|switch|p1a: Goodra|Goodra, M|31\/100 tox\n|detailschange|p2a: Charizard|Charizard-Mega-Y, M\n|-mega|p2a: Charizard|Charizard|Charizardite Y\n|-weather|SunnyDay|[from] ability: Drought|[of] p2a: Charizard\n|move|p2a: Charizard|Dragon Pulse|p1a: Goodra\n|-supereffective|p1a: Goodra\n|-damage|p1a: Goodra|1\/100 tox\n|\n|-weather|SunnyDay|[upkeep]\n|-heal|p1a: Goodra|55\/100 tox|[from] move: Wish|[wisher] Audino\n|-damage|p1a: Goodra|49\/100 tox|[from] psn\n|upkeep\n|turn|14\n|\n|t:|1699140458\n|switch|p2a: Komala|Komala, M|53\/100\n|-ability|p2a: Komala|Comatose\n|move|p1a: Goodra|Rock Slide|p2a: Komala\n|-damage|p2a: Komala|20\/100\n|\n|-weather|SunnyDay|[upkeep]\n|-damage|p1a: Goodra|37\/100 tox|[from] psn\n|upkeep\n|turn|15\n|\n|t:|1699140476\n|switch|p1a: Swampert|Swampert, M|72\/100 par\n|move|p2a: Komala|Play Rough|p1a: Swampert\n|-damage|p1a: Swampert|50\/100 par\n|-damage|p2a: Komala|3\/100|[from] item: Rocky Helmet|[of] p1a: Swampert\n|\n|-weather|SunnyDay|[upkeep]\n|upkeep\n|turn|16\n|\n|t:|1699140482\n|switch|p2a: Venusaur|Venusaur, M|91\/100\n|move|p1a: Swampert|Stealth Rock|p2a: Venusaur\n|-sidestart|p2: Mooser Gangooser|move: Stealth Rock\n|\n|-weather|SunnyDay|[upkeep]\n|upkeep\n|turn|17\n|\n|t:|1699140491\n|switch|p1a: Audino|Audino, M|100\/100\n|move|p2a: Venusaur|Giga Drain|p1a: Audino\n|-damage|p1a: Audino|61\/100\n|-heal|p2a: Venusaur|100\/100|[from] drain|[of] p1a: Audino\n|-damage|p2a: Venusaur|91\/100|[from] item: Life Orb\n|\n|-weather|none\n|-heal|p1a: Audino|67\/100|[from] item: Leftovers\n|upkeep\n|turn|18\n|\n|t:|1699140516\n|move|p2a: Venusaur|Sludge Bomb|p1a: Audino\n|-damage|p1a: Audino|20\/100\n|-damage|p2a: Venusaur|81\/100|[from] item: Life Orb\n|move|p1a: Audino|Wish|p1a: Audino\n|\n|-heal|p1a: Audino|27\/100|[from] item: Leftovers\n|upkeep\n|turn|19\n|l| BFO Ethanol\n|\n|t:|1699140526\n|switch|p2a: Roaring Moon|Roaring Moon|100\/100\n|-damage|p2a: Roaring Moon|88\/100|[from] Stealth Rock\n|switch|p1a: Goodra|Goodra, M|37\/100 tox\n|\n|-heal|p1a: Goodra|90\/100 tox|[from] move: Wish|[wisher] Audino\n|-damage|p1a: Goodra|84\/100 tox|[from] psn\n|upkeep\n|turn|20\n|\n|t:|1699140536\n|switch|p1a: Swampert|Swampert, M|50\/100 par\n|move|p2a: Roaring Moon|U-turn|p1a: Swampert\n|-damage|p1a: Swampert|26\/100 par\n|-damage|p2a: Roaring Moon|72\/100|[from] item: Rocky Helmet|[of] p1a: Swampert\n|\n|t:|1699140548\n|-end|p2a: Roaring Moon|Protosynthesis|[silent]\n|switch|p2a: Venusaur|Venusaur, M|81\/100|[from] U-turn\n|-damage|p2a: Venusaur|68\/100|[from] Stealth Rock\n|\n|upkeep\n|turn|21\n|\n|t:|1699140641\n|switch|p2a: Komala|Komala, M|3\/100\n|-damage|p2a: Komala|0 fnt|[from] Stealth Rock\n|faint|p2a: Komala\n|switch|p1a: Goodra|Goodra, M|84\/100 tox\n|\n|-damage|p1a: Goodra|78\/100 tox|[from] psn\n|upkeep\n|\n|t:|1699140654\n|switch|p2a: Roaring Moon|Roaring Moon|72\/100\n|-damage|p2a: Roaring Moon|60\/100|[from] Stealth Rock\n|turn|22\n|\n|t:|1699140673\n|switch|p1a: Audino|Audino, M|60\/100\n|move|p2a: Roaring Moon|Knock Off|p1a: Audino\n|-damage|p1a: Audino|11\/100\n|-enditem|p1a: Audino|Leftovers|[from] move: Knock Off|[of] p2a: Roaring Moon\n|\n|upkeep\n|turn|23\n|\n|t:|1699140682\n|move|p1a: Audino|Protect|p1a: Audino\n|-singleturn|p1a: Audino|Protect\n|move|p2a: Roaring Moon|Knock Off|p1a: Audino\n|-activate|p1a: Audino|move: Protect\n|\n|upkeep\n|turn|24\n|\n|t:|1699140687\n|switch|p1a: Swampert|Swampert, M|26\/100 par\n|move|p2a: Roaring Moon|Knock Off|p1a: Swampert\n|-damage|p1a: Swampert|0 fnt\n|-damage|p2a: Roaring Moon|43\/100|[from] item: Rocky Helmet|[of] p1a: Swampert\n|-enditem|p1a: Swampert|Rocky Helmet|[from] move: Knock Off|[of] p2a: Roaring Moon\n|faint|p1a: Swampert\n|\n|upkeep\n|j| Moth_32\n|\n|t:|1699140733\n|switch|p1a: Darmanitan|Darmanitan-Galar, M|61\/100\n|turn|25\n|\n|t:|1699140783\n|-end|p2a: Roaring Moon|Protosynthesis|[silent]\n|switch|p2a: Registeel|Registeel|36\/100\n|-damage|p2a: Registeel|30\/100|[from] Stealth Rock\n|move|p1a: Darmanitan|U-turn|p2a: Registeel\n|-resisted|p2a: Registeel\n|-damage|p2a: Registeel|16\/100\n|\n|t:|1699140796\n|switch|p1a: Aerodactyl|Aerodactyl, M|100\/100|[from] U-turn\n|\n|upkeep\n|turn|26\n|\n|t:|1699140803\n|detailschange|p1a: Aerodactyl|Aerodactyl-Mega, M\n|-mega|p1a: Aerodactyl|Aerodactyl|Aerodactylite\n|move|p1a: Aerodactyl|Earthquake|p2a: Registeel\n|-supereffective|p2a: Registeel\n|-damage|p2a: Registeel|0 fnt\n|faint|p2a: Registeel\n|\n|upkeep\n|\n|t:|1699140810\n|switch|p2a: Charizard|Charizard-Mega-Y, M|100\/100\n|-damage|p2a: Charizard|51\/100|[from] Stealth Rock\n|-weather|SunnyDay|[from] ability: Drought|[of] p2a: Charizard\n|turn|27\n|\n|t:|1699140847\n|switch|p2a: Venusaur|Venusaur, M|68\/100\n|-damage|p2a: Venusaur|56\/100|[from] Stealth Rock\n|move|p1a: Aerodactyl|Dual Wingbeat|p2a: Venusaur\n|-supereffective|p2a: Venusaur\n|-damage|p2a: Venusaur|0 fnt\n|faint|p2a: Venusaur\n|-hitcount|p2: Venusaur|1\n|\n|-weather|SunnyDay|[upkeep]\n|upkeep\n|\n|t:|1699140857\n|switch|p2a: Charizard|Charizard-Mega-Y, M|51\/100\n|-damage|p2a: Charizard|1\/100|[from] Stealth Rock\n|turn|28\n|\n|t:|1699140869\n|move|p1a: Aerodactyl|Dual Wingbeat|p2a: Charizard\n|-damage|p2a: Charizard|0 fnt\n|faint|p2a: Charizard\n|-hitcount|p2: Charizard|1\n|\n|-weather|SunnyDay|[upkeep]\n|upkeep\n|\n|t:|1699140872\n|switch|p2a: Roaring Moon|Roaring Moon|43\/100\n|-damage|p2a: Roaring Moon|31\/100|[from] Stealth Rock\n|-activate|p2a: Roaring Moon|ability: Protosynthesis\n|-start|p2a: Roaring Moon|protosynthesisspe\n|turn|29\n|\n|t:|1699140909\n|move|p2a: Roaring Moon|Crunch|p1a: Aerodactyl\n|-damage|p1a: Aerodactyl|18\/100\n|move|p1a: Aerodactyl|Dual Wingbeat|p2a: Roaring Moon\n|-damage|p2a: Roaring Moon|0 fnt\n|faint|p2a: Roaring Moon\n|-end|p2a: Roaring Moon|Protosynthesis|[silent]\n|-hitcount|p2: Roaring Moon|1\n|\n|win|lanciepoo\n|c|\u2606lanciepoo|gg can u send replay\n","uploadtime":1699140940,"views":20,"p1id":"lanciepoo","p2id":"moosergangooser","formatid":"gen9nationaldexubers","rating":0,"private":0,"password":""}