{"id":"gen9nationaldexubers-1982885321","p1":"alcatel999","p2":"Elohim yt 08\u00b3","format":"[Gen 9] National Dex Ubers","log":"|j|\u2606alcatel999\n|j|\u2606Elohim yt 08\u00b3\n|t:|1699054842\n|gametype|singles\n|player|p1|alcatel999|rocketgrunt|\n|player|p2|Elohim yt 08\u00b3|266|\n|teamsize|p1|6\n|teamsize|p2|6\n|gen|9\n|tier|[Gen 9] National Dex Ubers\n|rule|HP Percentage Mod: HP is shown in percentages\n|rule|Endless Battle Clause: Forcing endless battles is banned\n|rule|OHKO Clause: OHKO moves are banned\n|rule|Evasion Moves Clause: Evasion moves are banned\n|rule|Evasion Items Clause: Evasion items are banned\n|rule|Species Clause: Limit one of each Pok\u00e9mon\n|rule|Sleep Clause Mod: Limit one foe put to sleep\n|rule|Mega Rayquaza Clause: You cannot mega evolve Rayquaza\n|clearpoke\n|poke|p1|Altaria, M|\n|poke|p1|Sylveon, M|\n|poke|p1|Clefable, F|\n|poke|p1|Azumarill, M|\n|poke|p1|Enamorus, F|\n|poke|p1|Tapu Koko|\n|poke|p2|Volcarona, F|\n|poke|p2|Bisharp, M|\n|poke|p2|Heracross, F|\n|poke|p2|Ferrothorn, F|\n|poke|p2|Excadrill, M|\n|poke|p2|Garchomp, M|\n|teampreview\n|c|\u2606alcatel999|Suerte\n|c|\u2606alcatel999|esta bueno tu team\n|\n|t:|1699054877\n|start\n|switch|p1a: ChikiBaby|Enamorus, F|100\/100\n|switch|p2a: Ferrothorn|Ferrothorn, F|100\/100\n|turn|1\n|j| Gallade1235763\n|\n|t:|1699054909\n|move|p1a: ChikiBaby|Mystical Fire|p2a: Ferrothorn\n|-supereffective|p2a: Ferrothorn\n|-damage|p2a: Ferrothorn|0 fnt\n|faint|p2a: Ferrothorn\n|\n|upkeep\n|\n|t:|1699054915\n|switch|p2a: Heracross|Heracross, F|100\/100\n|turn|2\n|c| Gallade1235763|Ola papus\n|\n|t:|1699054923\n|detailschange|p2a: Heracross|Heracross-Mega, F\n|-mega|p2a: Heracross|Heracross|Heracronite\n|move|p1a: ChikiBaby|Mystical Fire|p2a: Heracross\n|-supereffective|p2a: Heracross\n|-damage|p2a: Heracross|17\/100\n|-unboost|p2a: Heracross|spa|1\n|move|p2a: Heracross|Rock Blast|p1a: ChikiBaby\n|-supereffective|p1a: ChikiBaby\n|-damage|p1a: ChikiBaby|61\/100\n|-supereffective|p1a: ChikiBaby\n|-damage|p1a: ChikiBaby|18\/100\n|-supereffective|p1a: ChikiBaby\n|-damage|p1a: ChikiBaby|0 fnt\n|faint|p1a: ChikiBaby\n|-hitcount|p1: ChikiBaby|3\n|\n|upkeep\n|c|\u2606alcatel999|Ol\n|c|\u2606alcatel999|a\n|\n|t:|1699054935\n|switch|p1a: ElRasho|Tapu Koko|100\/100\n|-fieldstart|move: Electric Terrain|[from] ability: Electric Surge|[of] p1a: ElRasho\n|turn|3\n|\n|t:|1699054940\n|move|p1a: ElRasho|Dazzling Gleam|p2a: Heracross\n|-supereffective|p2a: Heracross\n|-damage|p2a: Heracross|0 fnt\n|faint|p2a: Heracross\n|-damage|p1a: ElRasho|91\/100|[from] item: Life Orb\n|\n|upkeep\n|\n|t:|1699054946\n|switch|p2a: Garchomp|Garchomp, M|100\/100\n|turn|4\n|\n|t:|1699054955\n|-terastallize|p2a: Garchomp|Dragon\n|move|p1a: ElRasho|Dazzling Gleam|p2a: Garchomp\n|-supereffective|p2a: Garchomp\n|-damage|p2a: Garchomp|10\/100\n|-damage|p1a: ElRasho|81\/100|[from] item: Life Orb\n|move|p2a: Garchomp|Fire Fang|p1a: ElRasho\n|-damage|p1a: ElRasho|51\/100\n|\n|-heal|p2a: Garchomp|16\/100|[from] item: Leftovers\n|upkeep\n|turn|5\n|\n|t:|1699054964\n|move|p1a: ElRasho|Dazzling Gleam|p2a: Garchomp\n|-supereffective|p2a: Garchomp\n|-damage|p2a: Garchomp|0 fnt\n|faint|p2a: Garchomp\n|-damage|p1a: ElRasho|41\/100|[from] item: Life Orb\n|\n|upkeep\n|\n|t:|1699054967\n|switch|p2a: Excadrill|Excadrill, M|100\/100\n|-ability|p2a: Excadrill|Mold Breaker\n|turn|6\n|c| Gallade1235763|Que pendejada fue esa\n|\n|t:|1699054978\n|switch|p1a: HuevoKinder|Azumarill, M|100\/100\n|move|p2a: Excadrill|Earthquake|p1a: HuevoKinder\n|-damage|p1a: HuevoKinder|47\/100\n|-enditem|p1a: HuevoKinder|Sitrus Berry|[eat]\n|-heal|p1a: HuevoKinder|72\/100|[from] item: Sitrus Berry\n|\n|upkeep\n|turn|7\n|\n|t:|1699054984\n|move|p1a: HuevoKinder|Aqua Jet|p2a: Excadrill\n|-supereffective|p2a: Excadrill\n|-damage|p2a: Excadrill|33\/100\n|move|p2a: Excadrill|Iron Head|p1a: HuevoKinder\n|-crit|p1a: HuevoKinder\n|-damage|p1a: HuevoKinder|12\/100\n|\n|-heal|p2a: Excadrill|40\/100|[from] item: Leftovers\n|-fieldend|move: Electric Terrain\n|upkeep\n|turn|8\n|\n|t:|1699054991\n|move|p1a: HuevoKinder|Aqua Jet|p2a: Excadrill\n|-supereffective|p2a: Excadrill\n|-damage|p2a: Excadrill|0 fnt\n|faint|p2a: Excadrill\n|\n|upkeep\n|\n|t:|1699054994\n|switch|p2a: Bisharp|Bisharp, M|100\/100\n|turn|9\n|\n|t:|1699055003\n|switch|p1a: ElRasho|Tapu Koko|41\/100\n|-fieldstart|move: Electric Terrain|[from] ability: Electric Surge|[of] p1a: ElRasho\n|move|p2a: Bisharp|Swords Dance|p2a: Bisharp\n|-boost|p2a: Bisharp|atk|2\n|\n|upkeep\n|turn|10\n|\n|t:|1699055010\n|move|p2a: Bisharp|Sucker Punch|p1a: ElRasho\n|-resisted|p1a: ElRasho\n|-damage|p1a: ElRasho|0 fnt\n|faint|p1a: ElRasho\n|-damage|p2a: Bisharp|91\/100|[from] item: Life Orb\n|\n|upkeep\n|\n|t:|1699055019\n|switch|p1a: AlgodonDeAzucar|Altaria, M|100\/100\n|turn|11\n|\n|t:|1699055022\n|detailschange|p1a: AlgodonDeAzucar|Altaria-Mega, M\n|-mega|p1a: AlgodonDeAzucar|Altaria|Altarianite\n|move|p2a: Bisharp|Sucker Punch||[still]\n|-fail|p2a: Bisharp\n|move|p1a: AlgodonDeAzucar|Dragon Dance|p1a: AlgodonDeAzucar\n|-boost|p1a: AlgodonDeAzucar|atk|1\n|-boost|p1a: AlgodonDeAzucar|spe|1\n|\n|upkeep\n|turn|12\n|\n|t:|1699055027\n|move|p1a: AlgodonDeAzucar|Earthquake|p2a: Bisharp\n|-supereffective|p2a: Bisharp\n|-damage|p2a: Bisharp|0 fnt\n|faint|p2a: Bisharp\n|\n|upkeep\n|\n|t:|1699055031\n|switch|p2a: Vodka|Volcarona, F|100\/100\n|turn|13\n|\n|t:|1699055038\n|move|p1a: AlgodonDeAzucar|Return|p2a: Vodka\n|-resisted|p2a: Vodka\n|-damage|p2a: Vodka|32\/100\n|-zpower|p2a: Vodka\n|move|p2a: Vodka|Savage Spin-Out|p1a: AlgodonDeAzucar|[zeffect]\n|-resisted|p1a: AlgodonDeAzucar\n|-crit|p1a: AlgodonDeAzucar\n|-damage|p1a: AlgodonDeAzucar|21\/100\n|\n|-fieldend|move: Electric Terrain\n|upkeep\n|turn|14\n|l| Gallade1235763\n|\n|t:|1699055048\n|move|p1a: AlgodonDeAzucar|Return|p2a: Vodka\n|-resisted|p2a: Vodka\n|-damage|p2a: Vodka|0 fnt\n|faint|p2a: Vodka\n|\n|win|alcatel999\n|c|\u2606alcatel999|Gg\n","uploadtime":1699055059,"views":6,"p1id":"alcatel999","p2id":"elohimyt08","formatid":"gen9nationaldexubers","rating":0,"private":0,"password":""}