{"id":"gen9nationaldexubers-1997891219","p1":"PaleSwordsman_666","p2":"Sereio","format":"[Gen 9] National Dex Ubers","log":"|j|\u2606PaleSwordsman_666\n|j|\u2606Sereio\n|t:|1700864269\n|gametype|singles\n|player|p1|PaleSwordsman_666|cynthia-gen4|\n|player|p2|Sereio|1|\n|teamsize|p1|6\n|teamsize|p2|6\n|gen|9\n|tier|[Gen 9] National Dex Ubers\n|rule|HP Percentage Mod: HP is shown in percentages\n|rule|Endless Battle Clause: Forcing endless battles is banned\n|rule|OHKO Clause: OHKO moves are banned\n|rule|Evasion Moves Clause: Evasion moves are banned\n|rule|Evasion Items Clause: Evasion items are banned\n|rule|Species Clause: Limit one of each Pok\u00e9mon\n|rule|Sleep Clause Mod: Limit one foe put to sleep\n|rule|Mega Rayquaza Clause: You cannot mega evolve Rayquaza\n|clearpoke\n|poke|p1|Rampardos, M|\n|poke|p1|Gyarados, F|\n|poke|p1|Bronzong|\n|poke|p1|Toxapex, F|\n|poke|p1|Landorus-Therian, M|\n|poke|p1|Celesteela|\n|poke|p2|Rillaboom, M|\n|poke|p2|Blastoise, M|\n|poke|p2|Hawlucha, M|\n|poke|p2|Vanilluxe, M|\n|poke|p2|Cradily, F|\n|poke|p2|Dracovish|\n|teampreview\n|\n|t:|1700864282\n|start\n|switch|p1a: Bronzong|Bronzong|100\/100\n|switch|p2a: Vanilluxe|Vanilluxe, M|100\/100\n|-weather|Snow|[from] ability: Snow Warning|[of] p2a: Vanilluxe\n|turn|1\n|inactive|Battle timer is ON: inactive players will automatically lose when time's up. (requested by PaleSwordsman_666)\n|\n|t:|1700864290\n|move|p2a: Vanilluxe|Aurora Veil|p2a: Vanilluxe\n|-sidestart|p2: Sereio|move: Aurora Veil\n|move|p1a: Bronzong|Stealth Rock|p2a: Vanilluxe\n|-sidestart|p2: Sereio|move: Stealth Rock\n|\n|-weather|Snow|[upkeep]\n|upkeep\n|turn|2\n|\n|t:|1700864295\n|switch|p2a: Blastoise|Blastoise, M|100\/100\n|-damage|p2a: Blastoise|88\/100|[from] Stealth Rock\n|move|p1a: Bronzong|Gyro Ball|p2a: Blastoise\n|-resisted|p2a: Blastoise\n|-damage|p2a: Blastoise|80\/100\n|\n|-weather|Snow|[upkeep]\n|upkeep\n|turn|3\n|\n|t:|1700864302\n|detailschange|p2a: Blastoise|Blastoise-Mega, M\n|-mega|p2a: Blastoise|Blastoise|Blastoisinite\n|move|p2a: Blastoise|Shell Smash|p2a: Blastoise\n|-unboost|p2a: Blastoise|def|1\n|-unboost|p2a: Blastoise|spd|1\n|-boost|p2a: Blastoise|atk|2\n|-boost|p2a: Blastoise|spa|2\n|-boost|p2a: Blastoise|spe|2\n|move|p1a: Bronzong|Toxic|p2a: Blastoise\n|-status|p2a: Blastoise|tox\n|\n|-weather|Snow|[upkeep]\n|-damage|p2a: Blastoise|74\/100 tox|[from] psn\n|upkeep\n|turn|4\n|\n|t:|1700864315\n|move|p2a: Blastoise|Hydro Pump|p1a: Bronzong\n|-damage|p1a: Bronzong|25\/100\n|move|p1a: Bronzong|Psywave|p2a: Blastoise\n|-damage|p2a: Blastoise|42\/100 tox\n|\n|-weather|Snow|[upkeep]\n|-heal|p1a: Bronzong|31\/100|[from] item: Leftovers\n|-damage|p2a: Blastoise|30\/100 tox|[from] psn\n|upkeep\n|turn|5\n|\n|t:|1700864324\n|move|p2a: Blastoise|Aura Sphere|p1a: Bronzong\n|-damage|p1a: Bronzong|0 fnt\n|faint|p1a: Bronzong\n|\n|-weather|none\n|-damage|p2a: Blastoise|12\/100 tox|[from] psn\n|upkeep\n|\n|t:|1700864331\n|switch|p1a: Toxapex|Toxapex, F|100\/100\n|turn|6\n|\n|t:|1700864343\n|move|p2a: Blastoise|Hydro Pump|p1a: Toxapex\n|-resisted|p1a: Toxapex\n|-damage|p1a: Toxapex|61\/100\n|move|p1a: Toxapex|Toxic|p2a: Blastoise\n|-fail|p2a: Blastoise|tox\n|\n|-heal|p1a: Toxapex|68\/100|[from] item: Black Sludge\n|-damage|p2a: Blastoise|0 fnt|[from] psn\n|faint|p2a: Blastoise\n|upkeep\n|\n|t:|1700864363\n|switch|p2a: Rillaboom|Rillaboom, M|100\/100\n|-damage|p2a: Rillaboom|88\/100|[from] Stealth Rock\n|-fieldstart|move: Grassy Terrain|[from] ability: Grassy Surge|[of] p2a: Rillaboom\n|turn|7\n|\n|t:|1700864368\n|move|p1a: Toxapex|Baneful Bunker|p1a: Toxapex\n|-singleturn|p1a: Toxapex|move: Protect\n|move|p2a: Rillaboom|High Horsepower|p1a: Toxapex\n|-activate|p1a: Toxapex|move: Protect\n|-status|p2a: Rillaboom|psn\n|\n|-heal|p2a: Rillaboom|94\/100 psn|[from] Grassy Terrain\n|-heal|p1a: Toxapex|74\/100|[from] Grassy Terrain\n|-heal|p1a: Toxapex|80\/100|[from] item: Black Sludge\n|-damage|p2a: Rillaboom|82\/100 psn|[from] psn\n|upkeep\n|turn|8\n|\n|t:|1700864381\n|switch|p1a: Celesteela|Celesteela, shiny|100\/100\n|move|p2a: Rillaboom|High Horsepower|p1a: Celesteela\n|-immune|p1a: Celesteela\n|\n|-heal|p2a: Rillaboom|88\/100 psn|[from] Grassy Terrain\n|-damage|p2a: Rillaboom|76\/100 psn|[from] psn\n|-sideend|p2: Sereio|move: Aurora Veil\n|upkeep\n|turn|9\n|\n|t:|1700864388\n|switch|p2a: Vanilluxe|Vanilluxe, M|100\/100\n|-damage|p2a: Vanilluxe|76\/100|[from] Stealth Rock\n|-weather|Snow|[from] ability: Snow Warning|[of] p2a: Vanilluxe\n|move|p1a: Celesteela|Air Slash|p2a: Vanilluxe\n|-damage|p2a: Vanilluxe|46\/100\n|\n|-weather|Snow|[upkeep]\n|-heal|p2a: Vanilluxe|52\/100|[from] Grassy Terrain\n|upkeep\n|turn|10\n|\n|t:|1700864406\n|move|p2a: Vanilluxe|Aurora Veil|p2a: Vanilluxe\n|-sidestart|p2: Sereio|move: Aurora Veil\n|move|p1a: Celesteela|Heavy Slam|p2a: Vanilluxe\n|-supereffective|p2a: Vanilluxe\n|-damage|p2a: Vanilluxe|32\/100\n|\n|-weather|Snow|[upkeep]\n|-heal|p2a: Vanilluxe|38\/100|[from] Grassy Terrain\n|upkeep\n|turn|11\n|\n|t:|1700864413\n|move|p2a: Vanilluxe|Blizzard|p1a: Celesteela\n|-damage|p1a: Celesteela|71\/100\n|move|p1a: Celesteela|Leech Seed|p2a: Vanilluxe\n|-start|p2a: Vanilluxe|move: Leech Seed\n|\n|-weather|Snow|[upkeep]\n|-heal|p2a: Vanilluxe|44\/100|[from] Grassy Terrain\n|-heal|p1a: Celesteela|77\/100|[from] item: Leftovers\n|-damage|p2a: Vanilluxe|31\/100|[from] Leech Seed|[of] p1a: Celesteela\n|-heal|p1a: Celesteela|88\/100|[silent]\n|-fieldend|move: Grassy Terrain\n|upkeep\n|turn|12\n|\n|t:|1700864424\n|switch|p2a: Hawlucha|Hawlucha, M|100\/100\n|-damage|p2a: Hawlucha|88\/100|[from] Stealth Rock\n|move|p1a: Celesteela|Heavy Slam|p2a: Hawlucha\n|-damage|p2a: Hawlucha|60\/100\n|\n|-weather|Snow|[upkeep]\n|-heal|p1a: Celesteela|94\/100|[from] item: Leftovers\n|upkeep\n|turn|13\n|\n|t:|1700864434\n|switch|p2a: Rillaboom|Rillaboom, M|76\/100 psn\n|-damage|p2a: Rillaboom|64\/100 psn|[from] Stealth Rock\n|-fieldstart|move: Grassy Terrain|[from] ability: Grassy Surge|[of] p2a: Rillaboom\n|move|p1a: Celesteela|Leech Seed|p2a: Rillaboom\n|-immune|p2a: Rillaboom\n|\n|-weather|none\n|-heal|p2a: Rillaboom|70\/100 psn|[from] Grassy Terrain\n|-heal|p1a: Celesteela|99\/100|[from] item: Leftovers\n|-damage|p2a: Rillaboom|58\/100 psn|[from] psn\n|upkeep\n|turn|14\n|\n|t:|1700864444\n|move|p1a: Celesteela|Protect|p1a: Celesteela\n|-singleturn|p1a: Celesteela|Protect\n|move|p2a: Rillaboom|U-turn|p1a: Celesteela\n|-activate|p1a: Celesteela|move: Protect\n|\n|-heal|p2a: Rillaboom|64\/100 psn|[from] Grassy Terrain\n|-heal|p1a: Celesteela|100\/100|[from] item: Leftovers\n|-damage|p2a: Rillaboom|51\/100 psn|[from] psn\n|upkeep\n|turn|15\n|\n|t:|1700864451\n|move|p2a: Rillaboom|U-turn|p1a: Celesteela\n|-resisted|p1a: Celesteela\n|-damage|p1a: Celesteela|95\/100\n|\n|t:|1700864458\n|switch|p2a: Hawlucha|Hawlucha, M|60\/100|[from] U-turn\n|-damage|p2a: Hawlucha|47\/100|[from] Stealth Rock\n|-enditem|p2a: Hawlucha|Grassy Seed\n|-boost|p2a: Hawlucha|def|1|[from] item: Grassy Seed\n|move|p1a: Celesteela|Leech Seed|p2a: Hawlucha\n|-start|p2a: Hawlucha|move: Leech Seed\n|\n|-heal|p1a: Celesteela|100\/100|[from] item: Leftovers\n|-damage|p2a: Hawlucha|35\/100|[from] Leech Seed|[of] p1a: Celesteela\n|upkeep\n|turn|16\n|\n|t:|1700864469\n|move|p2a: Hawlucha|Swords Dance|p2a: Hawlucha\n|-boost|p2a: Hawlucha|atk|2\n|move|p1a: Celesteela|Air Slash|p2a: Hawlucha\n|-supereffective|p2a: Hawlucha\n|-damage|p2a: Hawlucha|0 fnt\n|faint|p2a: Hawlucha\n|-ability|p1a: Celesteela|Beast Boost|boost\n|-boost|p1a: Celesteela|spd|1\n|\n|upkeep\n|\n|t:|1700864476\n|switch|p2a: Dracovish|Dracovish|100\/100\n|-damage|p2a: Dracovish|88\/100|[from] Stealth Rock\n|turn|17\n|\n|t:|1700864480\n|-terastallize|p2a: Dracovish|Water\n|move|p2a: Dracovish|Fishious Rend|p1a: Celesteela\n|-damage|p1a: Celesteela|0 fnt\n|faint|p1a: Celesteela\n|\n|-heal|p2a: Dracovish|94\/100|[from] Grassy Terrain\n|-sideend|p2: Sereio|move: Aurora Veil\n|-fieldend|move: Grassy Terrain\n|upkeep\n|\n|t:|1700864486\n|switch|p1a: Landorus|Landorus-Therian, M|100\/100\n|-ability|p1a: Landorus|Intimidate|boost\n|-unboost|p2a: Dracovish|atk|1\n|turn|18\n|\n|t:|1700864491\n|switch|p1a: Gyarados|Gyarados, F|100\/100\n|-ability|p1a: Gyarados|Intimidate|boost\n|-unboost|p2a: Dracovish|atk|1\n|move|p2a: Dracovish|Fishious Rend|p1a: Gyarados\n|-resisted|p1a: Gyarados\n|-damage|p1a: Gyarados|57\/100\n|\n|upkeep\n|turn|19\n|\n|t:|1700864501\n|switch|p2a: Rillaboom|Rillaboom, M|51\/100 psn\n|-damage|p2a: Rillaboom|39\/100 psn|[from] Stealth Rock\n|-fieldstart|move: Grassy Terrain|[from] ability: Grassy Surge|[of] p2a: Rillaboom\n|switch|p1a: Toxapex|Toxapex, F|100\/100\n|\n|-heal|p2a: Rillaboom|45\/100 psn|[from] Grassy Terrain\n|-damage|p2a: Rillaboom|33\/100 psn|[from] psn\n|upkeep\n|turn|20\n|\n|t:|1700864521\n|move|p2a: Rillaboom|Wood Hammer|p1a: Toxapex\n|-damage|p1a: Toxapex|28\/100\n|-damage|p2a: Rillaboom|12\/100 psn|[from] Recoil\n|move|p1a: Toxapex|Recover|p1a: Toxapex\n|-heal|p1a: Toxapex|78\/100\n|\n|-heal|p2a: Rillaboom|18\/100 psn|[from] Grassy Terrain\n|-heal|p1a: Toxapex|85\/100|[from] Grassy Terrain\n|-heal|p1a: Toxapex|91\/100|[from] item: Black Sludge\n|-damage|p2a: Rillaboom|6\/100 psn|[from] psn\n|upkeep\n|turn|21\n|\n|t:|1700864540\n|move|p1a: Toxapex|Baneful Bunker|p1a: Toxapex\n|-singleturn|p1a: Toxapex|move: Protect\n|move|p2a: Rillaboom|Wood Hammer|p1a: Toxapex\n|-activate|p1a: Toxapex|move: Protect\n|\n|-heal|p2a: Rillaboom|12\/100 psn|[from] Grassy Terrain\n|-heal|p1a: Toxapex|97\/100|[from] Grassy Terrain\n|-heal|p1a: Toxapex|100\/100|[from] item: Black Sludge\n|-damage|p2a: Rillaboom|0 fnt|[from] psn\n|faint|p2a: Rillaboom\n|upkeep\n|\n|t:|1700864546\n|switch|p2a: Vanilluxe|Vanilluxe, M|31\/100\n|-damage|p2a: Vanilluxe|7\/100|[from] Stealth Rock\n|-weather|Snow|[from] ability: Snow Warning|[of] p2a: Vanilluxe\n|turn|22\n|\n|t:|1700864554\n|move|p2a: Vanilluxe|Aurora Veil|p2a: Vanilluxe\n|-sidestart|p2: Sereio|move: Aurora Veil\n|move|p1a: Toxapex|Scald|p2a: Vanilluxe\n|-crit|p2a: Vanilluxe\n|-damage|p2a: Vanilluxe|0 fnt\n|faint|p2a: Vanilluxe\n|\n|-weather|Snow|[upkeep]\n|upkeep\n|\n|t:|1700864563\n|switch|p2a: Cradily|Cradily, F|100\/100\n|-damage|p2a: Cradily|88\/100|[from] Stealth Rock\n|turn|23\n|\n|t:|1700864568\n|move|p2a: Cradily|Earth Power|p1a: Toxapex\n|-supereffective|p1a: Toxapex\n|-damage|p1a: Toxapex|79\/100\n|move|p1a: Toxapex|Toxic|p2a: Cradily\n|-status|p2a: Cradily|tox\n|\n|-weather|Snow|[upkeep]\n|-heal|p2a: Cradily|94\/100 tox|[from] Grassy Terrain\n|-heal|p2a: Cradily|99\/100 tox|[from] item: Leftovers\n|-heal|p1a: Toxapex|85\/100|[from] Grassy Terrain\n|-heal|p1a: Toxapex|91\/100|[from] item: Black Sludge\n|-damage|p2a: Cradily|94\/100 tox|[from] psn\n|-fieldend|move: Grassy Terrain\n|upkeep\n|turn|24\n|\n|t:|1700864581\n|switch|p2a: Dracovish|Dracovish, tera:Water|94\/100\n|-damage|p2a: Dracovish|82\/100|[from] Stealth Rock\n|move|p1a: Toxapex|Scald|p2a: Dracovish\n|-resisted|p2a: Dracovish\n|-damage|p2a: Dracovish|76\/100\n|\n|-weather|Snow|[upkeep]\n|-heal|p1a: Toxapex|98\/100|[from] item: Black Sludge\n|upkeep\n|turn|25\n|\n|t:|1700864589\n|move|p2a: Dracovish|Fishious Rend|p1a: Toxapex\n|-resisted|p1a: Toxapex\n|-damage|p1a: Toxapex|47\/100\n|move|p1a: Toxapex|Toxic|p2a: Dracovish\n|-status|p2a: Dracovish|tox\n|\n|-weather|Snow|[upkeep]\n|-heal|p1a: Toxapex|53\/100|[from] item: Black Sludge\n|-damage|p2a: Dracovish|70\/100 tox|[from] psn\n|upkeep\n|turn|26\n|\n|t:|1700864615\n|move|p1a: Toxapex|Baneful Bunker|p1a: Toxapex\n|-singleturn|p1a: Toxapex|move: Protect\n|move|p2a: Dracovish|Fishious Rend|p1a: Toxapex\n|-activate|p1a: Toxapex|move: Protect\n|\n|-weather|none\n|-heal|p1a: Toxapex|60\/100|[from] item: Black Sludge\n|-damage|p2a: Dracovish|58\/100 tox|[from] psn\n|upkeep\n|turn|27\n|\n|t:|1700864623\n|move|p2a: Dracovish|Fishious Rend|p1a: Toxapex\n|-resisted|p1a: Toxapex\n|-damage|p1a: Toxapex|7\/100\n|move|p1a: Toxapex|Recover|p1a: Toxapex\n|-heal|p1a: Toxapex|57\/100\n|\n|-heal|p1a: Toxapex|64\/100|[from] item: Black Sludge\n|-damage|p2a: Dracovish|39\/100 tox|[from] psn\n|upkeep\n|turn|28\n|\n|t:|1700864635\n|switch|p2a: Cradily|Cradily, F|94\/100 tox\n|-damage|p2a: Cradily|82\/100 tox|[from] Stealth Rock\n|move|p1a: Toxapex|Recover|p1a: Toxapex\n|-heal|p1a: Toxapex|100\/100\n|\n|-heal|p2a: Cradily|88\/100 tox|[from] item: Leftovers\n|-damage|p2a: Cradily|82\/100 tox|[from] psn\n|upkeep\n|turn|29\n|\n|t:|1700864643\n|move|p2a: Cradily|Earth Power|p1a: Toxapex\n|-supereffective|p1a: Toxapex\n|-damage|p1a: Toxapex|77\/100\n|move|p1a: Toxapex|Scald|p2a: Cradily\n|-ability|p2a: Cradily|Storm Drain|boost\n|-boost|p2a: Cradily|spa|1\n|\n|-heal|p2a: Cradily|88\/100 tox|[from] item: Leftovers\n|-heal|p1a: Toxapex|84\/100|[from] item: Black Sludge\n|-damage|p2a: Cradily|75\/100 tox|[from] psn\n|-sideend|p2: Sereio|move: Aurora Veil\n|upkeep\n|turn|30\n|\n|t:|1700864653\n|switch|p1a: Landorus|Landorus-Therian, M|100\/100\n|-ability|p1a: Landorus|Intimidate|boost\n|-unboost|p2a: Cradily|atk|1\n|move|p2a: Cradily|Earth Power|p1a: Landorus\n|-immune|p1a: Landorus\n|\n|-heal|p2a: Cradily|82\/100 tox|[from] item: Leftovers\n|-damage|p2a: Cradily|63\/100 tox|[from] psn\n|upkeep\n|turn|31\n|\n|t:|1700864665\n|switch|p1a: Toxapex|Toxapex, F|100\/100\n|move|p2a: Cradily|Giga Drain|p1a: Toxapex\n|-damage|p1a: Toxapex|80\/100\n|-heal|p2a: Cradily|72\/100 tox|[from] drain|[of] p1a: Toxapex\n|\n|-heal|p2a: Cradily|78\/100 tox|[from] item: Leftovers\n|-heal|p1a: Toxapex|86\/100|[from] item: Black Sludge\n|-damage|p2a: Cradily|53\/100 tox|[from] psn\n|upkeep\n|turn|32\n|\n|t:|1700864675\n|move|p1a: Toxapex|Baneful Bunker|p1a: Toxapex\n|-singleturn|p1a: Toxapex|move: Protect\n|move|p2a: Cradily|Recover|p2a: Cradily\n|-heal|p2a: Cradily|100\/100 tox\n|\n|-heal|p1a: Toxapex|92\/100|[from] item: Black Sludge\n|-damage|p2a: Cradily|70\/100 tox|[from] psn\n|upkeep\n|turn|33\n|\n|t:|1700864683\n|move|p2a: Cradily|Earth Power|p1a: Toxapex\n|-supereffective|p1a: Toxapex\n|-damage|p1a: Toxapex|59\/100\n|move|p1a: Toxapex|Recover|p1a: Toxapex\n|-heal|p1a: Toxapex|100\/100\n|\n|-heal|p2a: Cradily|76\/100 tox|[from] item: Leftovers\n|-damage|p2a: Cradily|39\/100 tox|[from] psn\n|upkeep\n|turn|34\n|\n|t:|1700864693\n|switch|p1a: Landorus|Landorus-Therian, M|100\/100\n|-ability|p1a: Landorus|Intimidate|boost\n|-unboost|p2a: Cradily|atk|1\n|move|p2a: Cradily|Earth Power|p1a: Landorus\n|-immune|p1a: Landorus\n|\n|-heal|p2a: Cradily|45\/100 tox|[from] item: Leftovers\n|-damage|p2a: Cradily|3\/100 tox|[from] psn\n|upkeep\n|turn|35\n|\n|t:|1700864703\n|move|p1a: Landorus|U-turn|p2a: Cradily\n|-supereffective|p2a: Cradily\n|-damage|p2a: Cradily|0 fnt\n|faint|p2a: Cradily\n|\n|t:|1700864707\n|switch|p1a: Rampardos|Rampardos, M, shiny|100\/100|[from] U-turn\n|\n|upkeep\n|\n|t:|1700864710\n|switch|p2a: Dracovish|Dracovish, tera:Water|39\/100 tox\n|-damage|p2a: Dracovish|27\/100 tox|[from] Stealth Rock\n|turn|36\n|\n|t:|1700864715\n|move|p2a: Dracovish|Fishious Rend|p1a: Rampardos\n|-supereffective|p1a: Rampardos\n|-damage|p1a: Rampardos|0 fnt\n|faint|p1a: Rampardos\n|\n|-damage|p2a: Dracovish|20\/100 tox|[from] psn\n|upkeep\n|\n|t:|1700864721\n|switch|p1a: Landorus|Landorus-Therian, M|100\/100\n|-ability|p1a: Landorus|Intimidate|boost\n|-unboost|p2a: Dracovish|atk|1\n|turn|37\n|\n|t:|1700864724\n|move|p2a: Dracovish|Fishious Rend|p1a: Landorus\n|-supereffective|p1a: Landorus\n|-damage|p1a: Landorus|0 fnt\n|faint|p1a: Landorus\n|\n|-damage|p2a: Dracovish|8\/100 tox|[from] psn\n|upkeep\n|\n|t:|1700864728\n|switch|p1a: Gyarados|Gyarados, F|57\/100\n|-ability|p1a: Gyarados|Intimidate|boost\n|-unboost|p2a: Dracovish|atk|1\n|turn|38\n|\n|t:|1700864734\n|detailschange|p1a: Gyarados|Gyarados-Mega, F\n|-mega|p1a: Gyarados|Gyarados|Gyaradosite\n|-ability|p1a: Gyarados|Mold Breaker\n|move|p2a: Dracovish|Fishious Rend|p1a: Gyarados\n|-resisted|p1a: Gyarados\n|-damage|p1a: Gyarados|25\/100\n|move|p1a: Gyarados|Ice Fang|p2a: Dracovish\n|-resisted|p2a: Dracovish\n|-damage|p2a: Dracovish|0 fnt\n|faint|p2a: Dracovish\n|\n|win|PaleSwordsman_666\n|l|\u2606Sereio\n","uploadtime":1700864749,"views":1,"p1id":"paleswordsman666","p2id":"sereio","formatid":"gen9nationaldexubers","rating":0,"private":0,"password":""}