{"id":"gen9nationaldexubers-1995915588","p1":"Aurinkopoetry","p2":"blujaystorm","format":"[Gen 9] National Dex Ubers","log":"|j|\u2606Aurinkopoetry\n|j|\u2606blujaystorm\n|t:|1700616994\n|gametype|singles\n|player|p1|Aurinkopoetry|swimmer|\n|player|p2|blujaystorm|psychic-gen4|\n|teamsize|p1|6\n|teamsize|p2|6\n|gen|9\n|tier|[Gen 9] National Dex Ubers\n|rule|HP Percentage Mod: HP is shown in percentages\n|rule|Endless Battle Clause: Forcing endless battles is banned\n|rule|OHKO Clause: OHKO moves are banned\n|rule|Evasion Moves Clause: Evasion moves are banned\n|rule|Evasion Items Clause: Evasion items are banned\n|rule|Species Clause: Limit one of each Pok\u00e9mon\n|rule|Sleep Clause Mod: Limit one foe put to sleep\n|rule|Mega Rayquaza Clause: You cannot mega evolve Rayquaza\n|clearpoke\n|poke|p1|Liepard, M|\n|poke|p1|Breloom, M|\n|poke|p1|Indeedee-F, F|\n|poke|p1|Great Tusk|\n|poke|p1|Dusclops, F|\n|poke|p1|Ambipom, F|\n|poke|p2|Banette, M|\n|poke|p2|Houndoom, M|\n|poke|p2|Gastrodon, F|\n|poke|p2|Mimikyu, F|\n|poke|p2|Empoleon, M|\n|poke|p2|Glimmora, F|\n|teampreview\n|\n|t:|1700617005\n|start\n|switch|p1a: Seychelles|Great Tusk|100\/100\n|switch|p2a: Bella Donna|Glimmora, F|100\/100\n|turn|1\n|\n|t:|1700617015\n|switch|p2a: OoooooBlooooob|Gastrodon, F|100\/100\n|move|p1a: Seychelles|Headlong Rush|p2a: OoooooBlooooob\n|-damage|p2a: OoooooBlooooob|31\/100\n|-unboost|p1a: Seychelles|def|1\n|-unboost|p1a: Seychelles|spd|1\n|\n|-heal|p2a: OoooooBlooooob|37\/100|[from] item: Leftovers\n|upkeep\n|turn|2\n|\n|t:|1700617024\n|move|p1a: Seychelles|Headlong Rush|p2a: OoooooBlooooob\n|-damage|p2a: OoooooBlooooob|0 fnt\n|-unboost|p1a: Seychelles|def|1\n|-unboost|p1a: Seychelles|spd|1\n|faint|p2a: OoooooBlooooob\n|\n|upkeep\n|\n|t:|1700617046\n|switch|p2a: Inky|Mimikyu, F|100\/100\n|turn|3\n|\n|t:|1700617055\n|-end|p1a: Seychelles|Protosynthesis|[silent]\n|switch|p1a: Povlegia|Dusclops, F, shiny|100\/100\n|-ability|p1a: Povlegia|Pressure\n|move|p2a: Inky|Trick Room|p2a: Inky\n|-fieldstart|move: Trick Room|[of] p2a: Inky\n|\n|upkeep\n|turn|4\n|\n|t:|1700617063\n|move|p1a: Povlegia|Earthquake|p2a: Inky\n|-activate|p2a: Inky|ability: Disguise\n|-damage|p2a: Inky|100\/100\n|detailschange|p2a: Inky|Mimikyu-Busted, F\n|-damage|p2a: Inky|88\/100|[from] pokemon: Mimikyu-Busted\n|move|p2a: Inky|Will-O-Wisp|p1a: Povlegia\n|-status|p1a: Povlegia|brn\n|\n|-damage|p1a: Povlegia|95\/100 brn|[from] brn\n|upkeep\n|turn|5\n|\n|t:|1700617079\n|switch|p2a: Clyde|Banette, M|100\/100\n|move|p1a: Povlegia|Taunt|p2a: Clyde\n|-start|p2a: Clyde|move: Taunt\n|\n|-heal|p1a: Povlegia|100\/100 brn|[from] item: Leftovers\n|-damage|p1a: Povlegia|95\/100 brn|[from] brn\n|upkeep\n|turn|6\n|\n|t:|1700617091\n|move|p1a: Povlegia|Sucker Punch|p2a: Clyde\n|-supereffective|p2a: Clyde\n|-damage|p2a: Clyde|77\/100\n|move|p2a: Clyde|Hex|p1a: Povlegia\n|-supereffective|p1a: Povlegia\n|-damage|p1a: Povlegia|31\/100 brn\n|\n|-heal|p1a: Povlegia|37\/100 brn|[from] item: Leftovers\n|-heal|p2a: Clyde|83\/100|[from] item: Leftovers\n|-damage|p1a: Povlegia|31\/100 brn|[from] brn\n|upkeep\n|turn|7\n|\n|t:|1700617108\n|switch|p1a: Capri|Indeedee-F, F|100\/100\n|-fieldstart|move: Psychic Terrain|[from] ability: Psychic Surge|[of] p1a: Capri\n|-enditem|p1a: Capri|Psychic Seed\n|-boost|p1a: Capri|spd|1|[from] item: Psychic Seed\n|move|p2a: Clyde|Hex|p1a: Capri\n|-immune|p1a: Capri\n|\n|-heal|p2a: Clyde|89\/100|[from] item: Leftovers\n|-end|p2a: Clyde|move: Taunt\n|-fieldend|move: Trick Room\n|upkeep\n|turn|8\n|\n|t:|1700617127\n|move|p1a: Capri|Shadow Ball|p2a: Clyde\n|-supereffective|p2a: Clyde\n|-damage|p2a: Clyde|44\/100\n|-start|p1a: Capri|Disable|Shadow Ball|[from] ability: Cursed Body|[of] p2a: Clyde\n|move|p2a: Clyde|Will-O-Wisp|p1a: Capri\n|-status|p1a: Capri|brn\n|\n|-heal|p2a: Clyde|50\/100|[from] item: Leftovers\n|-damage|p1a: Capri|94\/100 brn|[from] brn\n|upkeep\n|turn|9\n|\n|t:|1700617142\n|switch|p2a: Goodboy II|Houndoom, M|100\/100\n|move|p1a: Capri|Expanding Force|p2a: Goodboy II\n|-immune|p2a: Goodboy II\n|\n|-damage|p1a: Capri|88\/100 brn|[from] brn\n|upkeep\n|turn|10\n|\n|t:|1700617153\n|switch|p1a: Povlegia|Dusclops, F, shiny|31\/100 brn\n|-ability|p1a: Povlegia|Pressure\n|move|p2a: Goodboy II|Crunch|p1a: Povlegia\n|-supereffective|p1a: Povlegia\n|-damage|p1a: Povlegia|0 fnt\n|faint|p1a: Povlegia\n|\n|upkeep\n|\n|t:|1700617165\n|switch|p1a: Seychelles|Great Tusk|100\/100\n|turn|11\n|\n|t:|1700617187\n|switch|p2a: Inky|Mimikyu-Busted, F|88\/100\n|move|p1a: Seychelles|Headlong Rush|p2a: Inky\n|-damage|p2a: Inky|0 fnt\n|-unboost|p1a: Seychelles|def|1\n|-unboost|p1a: Seychelles|spd|1\n|faint|p2a: Inky\n|\n|-fieldend|move: Psychic Terrain\n|upkeep\n|\n|t:|1700617197\n|switch|p2a: Clyde|Banette, M|50\/100\n|turn|12\n|\n|t:|1700617201\n|move|p1a: Seychelles|Headlong Rush|p2a: Clyde\n|-damage|p2a: Clyde|0 fnt\n|-unboost|p1a: Seychelles|def|1\n|-unboost|p1a: Seychelles|spd|1\n|-start|p1a: Seychelles|Disable|Headlong Rush|[from] ability: Cursed Body|[of] p2a: Clyde\n|faint|p2a: Clyde\n|\n|upkeep\n|\n|t:|1700617210\n|switch|p2a: Prince of Wails|Empoleon, M|100\/100\n|turn|13\n|\n|t:|1700617214\n|-end|p1a: Seychelles|Protosynthesis|[silent]\n|switch|p1a: Gruinard|Breloom, M|100\/100\n|move|p2a: Prince of Wails|Ice Beam|p1a: Gruinard\n|-supereffective|p1a: Gruinard\n|-damage|p1a: Gruinard|0 fnt\n|faint|p1a: Gruinard\n|\n|upkeep\n|c|\u2606Aurinkopoetry|EXCELLENT PREDICTION\n|\n|t:|1700617240\n|switch|p1a: Ibiza|Ambipom, F|100\/100\n|turn|14\n|\n|t:|1700617252\n|switch|p2a: Goodboy II|Houndoom, M|100\/100\n|move|p1a: Ibiza|Fake Out|p2a: Goodboy II\n|-enditem|p1a: Ibiza|Normal Gem|[from] gem\n|-crit|p2a: Goodboy II\n|-damage|p2a: Goodboy II|0 fnt\n|faint|p2a: Goodboy II\n|\n|upkeep\n|\n|t:|1700617263\n|switch|p2a: Bella Donna|Glimmora, F|100\/100\n|turn|15\n|\n|t:|1700617268\n|move|p1a: Ibiza|Knock Off|p2a: Bella Donna\n|-damage|p2a: Bella Donna|79\/100\n|-enditem|p2a: Bella Donna|Leftovers|[from] move: Knock Off|[of] p1a: Ibiza\n|move|p2a: Bella Donna|Toxic|p1a: Ibiza\n|-status|p1a: Ibiza|tox\n|\n|-damage|p1a: Ibiza|94\/100 tox|[from] psn\n|upkeep\n|turn|16\n|\n|t:|1700617281\n|move|p1a: Ibiza|Power-Up Punch|p2a: Bella Donna\n|-damage|p2a: Bella Donna|66\/100\n|-boost|p1a: Ibiza|atk|1\n|move|p2a: Bella Donna|Stealth Rock|p1a: Ibiza\n|-sidestart|p1: Aurinkopoetry|move: Stealth Rock\n|\n|-damage|p1a: Ibiza|82\/100 tox|[from] psn\n|upkeep\n|turn|17\n|\n|t:|1700617291\n|move|p1a: Ibiza|Power-Up Punch|p2a: Bella Donna\n|-damage|p2a: Bella Donna|47\/100\n|-boost|p1a: Ibiza|atk|1\n|move|p2a: Bella Donna|Venoshock|p1a: Ibiza\n|-damage|p1a: Ibiza|10\/100 tox\n|\n|-damage|p1a: Ibiza|0 fnt|[from] psn\n|faint|p1a: Ibiza\n|upkeep\n|\n|t:|1700617300\n|switch|p1a: Seychelles|Great Tusk|100\/100\n|-damage|p1a: Seychelles|97\/100|[from] Stealth Rock\n|turn|18\n|\n|t:|1700617307\n|move|p1a: Seychelles|Headlong Rush|p2a: Bella Donna\n|-supereffective|p2a: Bella Donna\n|-damage|p2a: Bella Donna|0 fnt\n|-unboost|p1a: Seychelles|def|1\n|-unboost|p1a: Seychelles|spd|1\n|faint|p2a: Bella Donna\n|\n|upkeep\n|\n|t:|1700617314\n|switch|p2a: Prince of Wails|Empoleon, M|100\/100\n|turn|19\n|\n|t:|1700617318\n|move|p1a: Seychelles|Headlong Rush|p2a: Prince of Wails\n|-supereffective|p2a: Prince of Wails\n|-damage|p2a: Prince of Wails|0 fnt\n|-unboost|p1a: Seychelles|def|1\n|-unboost|p1a: Seychelles|spd|1\n|faint|p2a: Prince of Wails\n|\n|win|Aurinkopoetry\n|c|\u2606blujaystorm|That Great Tusk is so scary\n|c|\u2606Aurinkopoetry|Yep  those 2 abilites mattered\n|c|\u2606Aurinkopoetry|damn  it was fun though!\n|c|\u2606blujaystorm|Absolutely!\n|l|\u2606blujaystorm\n|c|\u2606Aurinkopoetry|THanks for the rematch   Wanted to see how much those ability misses mattered\n|l|\u2606Aurinkopoetry\n|j|\u2606blujaystorm\n|player|p2|blujaystorm|psychic-gen4\n","uploadtime":1700617358,"views":13,"p1id":"aurinkopoetry","p2id":"blujaystorm","formatid":"gen9nationaldexubers","rating":0,"private":0,"password":""}