{"id":"gen9nationaldexubers-1985701623","p1":"KingPepper7","p2":"asayake","format":"[Gen 9] National Dex Ubers","log":"|j|\u2606KingPepper7\n|j|\u2606asayake\n|t:|1699397204\n|gametype|singles\n|player|p1|KingPepper7|cheren-gen5bw2|\n|player|p2|asayake|caitlin|\n|teamsize|p1|6\n|teamsize|p2|6\n|gen|9\n|tier|[Gen 9] National Dex Ubers\n|rule|HP Percentage Mod: HP is shown in percentages\n|rule|Endless Battle Clause: Forcing endless battles is banned\n|rule|OHKO Clause: OHKO moves are banned\n|rule|Evasion Moves Clause: Evasion moves are banned\n|rule|Evasion Items Clause: Evasion items are banned\n|rule|Species Clause: Limit one of each Pok\u00e9mon\n|rule|Sleep Clause Mod: Limit one foe put to sleep\n|rule|Mega Rayquaza Clause: You cannot mega evolve Rayquaza\n|clearpoke\n|poke|p1|Ogerpon-Cornerstone, F|\n|poke|p1|Rotom-Wash|\n|poke|p1|Banette, M|\n|poke|p1|Blissey, F|\n|poke|p1|Hatterene, F|\n|poke|p1|Tornadus-Therian, M|\n|poke|p2|Pelipper, M|\n|poke|p2|Gastrodon, F|\n|poke|p2|Greninja-*, M|\n|poke|p2|Toxapex, F|\n|poke|p2|Swampert, M|\n|poke|p2|Manaphy|\n|teampreview\n|c|\u2606KingPepper7|glhf\n|c|\u2606asayake|u2\n|\n|t:|1699397240\n|start\n|switch|p1a: Tornadus|Tornadus-Therian, M|100\/100\n|switch|p2a: Pelipper|Pelipper, M|100\/100\n|-weather|RainDance|[from] ability: Drizzle|[of] p2a: Pelipper\n|turn|1\n|\n|t:|1699397259\n|switch|p2a: Gastrodon|Gastrodon, F|100\/100\n|move|p1a: Tornadus|Knock Off|p2a: Gastrodon\n|-damage|p2a: Gastrodon|78\/100\n|-enditem|p2a: Gastrodon|Heavy-Duty Boots|[from] move: Knock Off|[of] p1a: Tornadus\n|\n|-weather|RainDance|[upkeep]\n|upkeep\n|turn|2\n|\n|t:|1699397281\n|move|p1a: Tornadus|U-turn|p2a: Gastrodon\n|-damage|p2a: Gastrodon|62\/100\n|\n|t:|1699397288\n|switch|p1a: Hatterene|Hatterene, F|100\/100|[from] U-turn\n|move|p2a: Gastrodon|Toxic|p1a: Hatterene\n|move|p1a: Hatterene|Toxic|p2a: Gastrodon|[from]ability: Magic Bounce\n|-status|p2a: Gastrodon|tox\n|\n|-weather|RainDance|[upkeep]\n|-damage|p2a: Gastrodon|56\/100 tox|[from] psn\n|upkeep\n|turn|3\n|j| Pex Hater\n|\n|t:|1699397315\n|switch|p2a: Swampert|Swampert, M|100\/100\n|move|p1a: Hatterene|Nuzzle|p2a: Swampert\n|-immune|p2a: Swampert\n|\n|-weather|RainDance|[upkeep]\n|upkeep\n|turn|4\n|\n|t:|1699397343\n|switch|p1a: Rotom|Rotom-Wash|100\/100\n|detailschange|p2a: Swampert|Swampert-Mega, M\n|-mega|p2a: Swampert|Swampert|Swampertite\n|move|p2a: Swampert|Liquidation|p1a: Rotom\n|-resisted|p1a: Rotom\n|-damage|p1a: Rotom|67\/100\n|\n|-weather|RainDance|[upkeep]\n|-heal|p1a: Rotom|73\/100|[from] item: Leftovers\n|upkeep\n|turn|5\n|\n|t:|1699397349\n|move|p2a: Swampert|Flip Turn|p1a: Rotom\n|-resisted|p1a: Rotom\n|-damage|p1a: Rotom|50\/100\n|\n|t:|1699397351\n|switch|p2a: Gastrodon|Gastrodon, F|56\/100 tox|[from] Flip Turn\n|move|p1a: Rotom|Will-O-Wisp|p2a: Gastrodon|[miss]\n|-miss|p1a: Rotom|p2a: Gastrodon\n|\n|-weather|none\n|-heal|p1a: Rotom|56\/100|[from] item: Leftovers\n|-damage|p2a: Gastrodon|50\/100 tox|[from] psn\n|upkeep\n|turn|6\n|\n|t:|1699397366\n|switch|p1a: Hatterene|Hatterene, F|100\/100\n|switch|p2a: Greninja|Greninja, M|100\/100\n|\n|upkeep\n|turn|7\n|\n|t:|1699397387\n|switch|p1a: Tornadus|Tornadus-Therian, M|100\/100\n|move|p2a: Greninja|Gunk Shot|p1a: Tornadus\n|-start|p2a: Greninja|typechange|Poison|[from] ability: Protean\n|-crit|p1a: Tornadus\n|-damage|p1a: Tornadus|21\/100\n|\n|upkeep\n|turn|8\n|\n|t:|1699397427\n|switch|p1a: Banette|Banette, M, shiny|100\/100\n|move|p2a: Greninja|Gunk Shot|p1a: Banette\n|-resisted|p1a: Banette\n|-damage|p1a: Banette|66\/100\n|\n|upkeep\n|turn|9\n|\n|t:|1699397451\n|switch|p2a: Toxapex|Toxapex, F|100\/100\n|detailschange|p1a: Banette|Banette-Mega, M, shiny\n|-mega|p1a: Banette|Banette|Banettite\n|move|p1a: Banette|Thunder Wave|p2a: Toxapex\n|-status|p2a: Toxapex|par\n|\n|upkeep\n|turn|10\n|\n|t:|1699397471\n|switch|p1a: Hatterene|Hatterene, F|100\/100\n|move|p2a: Toxapex|Gunk Shot|p1a: Hatterene|[miss]\n|-miss|p2a: Toxapex|p1a: Hatterene\n|\n|upkeep\n|turn|11\n|c|\u2606asayake|NO\n|c|\u2606asayake|IM MAD\n|\n|t:|1699397494\n|move|p1a: Hatterene|Psyshock|p2a: Toxapex\n|-supereffective|p2a: Toxapex\n|-damage|p2a: Toxapex|40\/100 par\n|move|p2a: Toxapex|Gunk Shot|p1a: Hatterene\n|-supereffective|p1a: Hatterene\n|-damage|p1a: Hatterene|0 fnt\n|faint|p1a: Hatterene\n|\n|upkeep\n|\n|t:|1699397518\n|switch|p1a: Ogerpon|Ogerpon-Cornerstone, F|100\/100\n|turn|12\n|\n|t:|1699397526\n|move|p1a: Ogerpon|Trailblaze|p2a: Toxapex\n|-damage|p2a: Toxapex|18\/100 par\n|-boost|p1a: Ogerpon|spe|1\n|move|p2a: Toxapex|Gunk Shot|p1a: Ogerpon\n|-damage|p1a: Ogerpon|15\/100\n|\n|upkeep\n|turn|13\n|\n|t:|1699397538\n|switch|p2a: Gastrodon|Gastrodon, F|50\/100 tox\n|move|p1a: Ogerpon|Trailblaze|p2a: Gastrodon\n|-supereffective|p2a: Gastrodon\n|-damage|p2a: Gastrodon|0 fnt\n|-boost|p1a: Ogerpon|spe|1\n|faint|p2a: Gastrodon\n|\n|upkeep\n|\n|t:|1699397546\n|switch|p2a: Toxapex|Toxapex, F|52\/100 par\n|turn|14\n|\n|t:|1699397558\n|move|p1a: Ogerpon|Horn Leech|p2a: Toxapex\n|-damage|p2a: Toxapex|17\/100 par\n|-heal|p1a: Ogerpon|32\/100|[from] drain|[of] p2a: Toxapex\n|move|p2a: Toxapex|Liquidation|p1a: Ogerpon\n|-damage|p1a: Ogerpon|0 fnt\n|faint|p1a: Ogerpon\n|\n|upkeep\n|\n|t:|1699397567\n|switch|p1a: Rotom|Rotom-Wash|56\/100\n|turn|15\n|\n|t:|1699397581\n|move|p1a: Rotom|Volt Switch|p2a: Toxapex\n|-supereffective|p2a: Toxapex\n|-damage|p2a: Toxapex|0 fnt\n|faint|p2a: Toxapex\n|\n|t:|1699397597\n|switch|p1a: Banette|Banette-Mega, M, shiny|66\/100|[from] Volt Switch\n|\n|upkeep\n|\n|t:|1699397605\n|switch|p2a: Manaphy|Manaphy|100\/100\n|turn|16\n|\n|t:|1699397612\n|switch|p1a: Blissey|Blissey, F|100\/100\n|move|p2a: Manaphy|Acid Armor|p2a: Manaphy\n|-boost|p2a: Manaphy|def|2\n|\n|upkeep\n|turn|17\n|\n|t:|1699397658\n|switch|p2a: Pelipper|Pelipper, M|100\/100\n|-weather|RainDance|[from] ability: Drizzle|[of] p2a: Pelipper\n|move|p1a: Blissey|Seismic Toss|p2a: Pelipper\n|-damage|p2a: Pelipper|62\/100\n|\n|-weather|RainDance|[upkeep]\n|upkeep\n|turn|18\n|\n|t:|1699397674\n|move|p2a: Pelipper|U-turn|p1a: Blissey\n|-crit|p1a: Blissey\n|-damage|p1a: Blissey|90\/100\n|\n|t:|1699397685\n|switch|p2a: Swampert|Swampert-Mega, M|100\/100|[from] U-turn\n|move|p1a: Blissey|Teleport|p1a: Blissey\n|\n|t:|1699397688\n|switch|p1a: Rotom|Rotom-Wash|56\/100|[from] Teleport\n|\n|-weather|RainDance|[upkeep]\n|-heal|p1a: Rotom|62\/100|[from] item: Leftovers\n|upkeep\n|turn|19\n|\n|t:|1699397702\n|move|p2a: Swampert|Flip Turn|p1a: Rotom\n|-resisted|p1a: Rotom\n|-damage|p1a: Rotom|41\/100\n|\n|t:|1699397705\n|switch|p2a: Manaphy|Manaphy|100\/100|[from] Flip Turn\n|move|p1a: Rotom|Pain Split|p2a: Manaphy\n|-sethp|p2a: Manaphy|66\/100|[from] move: Pain Split|[silent]\n|-sethp|p1a: Rotom|87\/100|[from] move: Pain Split\n|\n|-weather|RainDance|[upkeep]\n|-heal|p2a: Manaphy|72\/100|[from] item: Leftovers\n|-heal|p1a: Rotom|93\/100|[from] item: Leftovers\n|upkeep\n|turn|20\n|\n|t:|1699397715\n|move|p2a: Manaphy|Take Heart|p2a: Manaphy\n|-boost|p2a: Manaphy|spa|1\n|-boost|p2a: Manaphy|spd|1\n|move|p1a: Rotom|Volt Switch|p2a: Manaphy\n|-supereffective|p2a: Manaphy\n|-damage|p2a: Manaphy|46\/100\n|\n|t:|1699397720\n|switch|p1a: Blissey|Blissey, F|90\/100|[from] Volt Switch\n|\n|-weather|RainDance|[upkeep]\n|-heal|p2a: Manaphy|52\/100|[from] item: Leftovers\n|upkeep\n|turn|21\n|\n|t:|1699397737\n|move|p2a: Manaphy|Take Heart|p2a: Manaphy\n|-boost|p2a: Manaphy|spa|1\n|-boost|p2a: Manaphy|spd|1\n|move|p1a: Blissey|Seismic Toss|p2a: Manaphy\n|-damage|p2a: Manaphy|27\/100\n|\n|-weather|none\n|-heal|p2a: Manaphy|34\/100|[from] item: Leftovers\n|upkeep\n|turn|22\n|\n|t:|1699397743\n|move|p2a: Manaphy|Take Heart|p2a: Manaphy\n|-boost|p2a: Manaphy|spa|1\n|-boost|p2a: Manaphy|spd|1\n|move|p1a: Blissey|Seismic Toss|p2a: Manaphy\n|-damage|p2a: Manaphy|9\/100\n|\n|-heal|p2a: Manaphy|15\/100|[from] item: Leftovers\n|upkeep\n|turn|23\n|\n|t:|1699397747\n|move|p2a: Manaphy|Stored Power|p1a: Blissey\n|-damage|p1a: Blissey|60\/100\n|move|p1a: Blissey|Seismic Toss|p2a: Manaphy\n|-damage|p2a: Manaphy|0 fnt\n|faint|p2a: Manaphy\n|\n|upkeep\n|\n|t:|1699397753\n|switch|p2a: Greninja|Greninja, M|100\/100\n|turn|24\n|\n|t:|1699397760\n|move|p2a: Greninja|Gunk Shot|p1a: Blissey|[miss]\n|-start|p2a: Greninja|typechange|Poison|[from] ability: Protean\n|-miss|p2a: Greninja|p1a: Blissey\n|move|p1a: Blissey|Teleport|p1a: Blissey\n|\n|t:|1699397766\n|switch|p1a: Banette|Banette-Mega, M, shiny|66\/100|[from] Teleport\n|\n|upkeep\n|turn|25\n|\n|t:|1699397768\n|move|p1a: Banette|Destiny Bond|p1a: Banette\n|-singlemove|p1a: Banette|Destiny Bond\n|move|p2a: Greninja|Gunk Shot|p1a: Banette\n|-resisted|p1a: Banette\n|-damage|p1a: Banette|34\/100\n|\n|upkeep\n|turn|26\n|\n|t:|1699397775\n|switch|p2a: Pelipper|Pelipper, M|62\/100\n|-weather|RainDance|[from] ability: Drizzle|[of] p2a: Pelipper\n|move|p1a: Banette|Poltergeist|p2a: Pelipper\n|-activate|p2a: Pelipper|move: Poltergeist|Choice Scarf\n|-damage|p2a: Pelipper|0 fnt\n|faint|p2a: Pelipper\n|\n|-weather|RainDance|[upkeep]\n|upkeep\n|\n|t:|1699397778\n|switch|p2a: Swampert|Swampert-Mega, M|100\/100\n|turn|27\n|\n|t:|1699397783\n|move|p1a: Banette|Destiny Bond|p1a: Banette\n|-singlemove|p1a: Banette|Destiny Bond\n|move|p2a: Swampert|Stealth Rock|p1a: Banette\n|-sidestart|p1: KingPepper7|move: Stealth Rock\n|\n|-weather|RainDance|[upkeep]\n|upkeep\n|turn|28\n|\n|t:|1699397788\n|switch|p2a: Greninja|Greninja, M|100\/100\n|move|p1a: Banette|Poltergeist|p2a: Greninja\n|-activate|p2a: Greninja|move: Poltergeist|Choice Scarf\n|-resisted|p2a: Greninja\n|-damage|p2a: Greninja|48\/100\n|\n|-weather|RainDance|[upkeep]\n|upkeep\n|turn|29\n|\n|t:|1699397791\n|move|p1a: Banette|Destiny Bond|p1a: Banette\n|-singlemove|p1a: Banette|Destiny Bond\n|move|p2a: Greninja|Gunk Shot|p1a: Banette\n|-start|p2a: Greninja|typechange|Poison|[from] ability: Protean\n|-resisted|p1a: Banette\n|-crit|p1a: Banette\n|-damage|p1a: Banette|0 fnt\n|faint|p1a: Banette\n|-activate|p1a: Banette|move: Destiny Bond\n|faint|p2a: Greninja\n|\n|-weather|RainDance|[upkeep]\n|upkeep\n|\n|t:|1699397798\n|switch|p2a: Swampert|Swampert-Mega, M|100\/100\n|switch|p1a: Rotom|Rotom-Wash|93\/100\n|-damage|p1a: Rotom|81\/100|[from] Stealth Rock\n|turn|30\n|\n|t:|1699397802\n|move|p2a: Swampert|Liquidation|p1a: Rotom\n|-resisted|p1a: Rotom\n|-damage|p1a: Rotom|48\/100\n|move|p1a: Rotom|Will-O-Wisp|p2a: Swampert\n|-status|p2a: Swampert|brn\n|\n|-weather|none\n|-heal|p1a: Rotom|54\/100|[from] item: Leftovers\n|-damage|p2a: Swampert|94\/100 brn|[from] brn\n|upkeep\n|turn|31\n|\n|t:|1699397806\n|move|p2a: Swampert|Liquidation|p1a: Rotom\n|-resisted|p1a: Rotom\n|-damage|p1a: Rotom|43\/100\n|move|p1a: Rotom|Pain Split|p2a: Swampert\n|-sethp|p2a: Swampert|66\/100 brn|[from] move: Pain Split|[silent]\n|-sethp|p1a: Rotom|75\/100|[from] move: Pain Split\n|\n|-heal|p1a: Rotom|81\/100|[from] item: Leftovers\n|-damage|p2a: Swampert|60\/100 brn|[from] brn\n|upkeep\n|turn|32\n|\n|t:|1699397809\n|move|p2a: Swampert|Liquidation|p1a: Rotom\n|-resisted|p1a: Rotom\n|-damage|p1a: Rotom|71\/100\n|-unboost|p1a: Rotom|def|1\n|move|p1a: Rotom|Hydro Pump|p2a: Swampert\n|-damage|p2a: Swampert|21\/100 brn\n|\n|-heal|p1a: Rotom|77\/100|[from] item: Leftovers\n|-damage|p2a: Swampert|15\/100 brn|[from] brn\n|upkeep\n|turn|33\n|\n|t:|1699397812\n|move|p2a: Swampert|Liquidation|p1a: Rotom\n|-resisted|p1a: Rotom\n|-damage|p1a: Rotom|62\/100\n|move|p1a: Rotom|Hydro Pump|p2a: Swampert|[miss]\n|-miss|p1a: Rotom|p2a: Swampert\n|\n|-heal|p1a: Rotom|68\/100|[from] item: Leftovers\n|-damage|p2a: Swampert|9\/100 brn|[from] brn\n|upkeep\n|turn|34\n|\n|t:|1699397815\n|move|p2a: Swampert|Liquidation|p1a: Rotom\n|-resisted|p1a: Rotom\n|-damage|p1a: Rotom|53\/100\n|move|p1a: Rotom|Hydro Pump|p2a: Swampert|[miss]\n|-miss|p1a: Rotom|p2a: Swampert\n|\n|-heal|p1a: Rotom|59\/100|[from] item: Leftovers\n|-damage|p2a: Swampert|3\/100 brn|[from] brn\n|upkeep\n|turn|35\n|\n|t:|1699397817\n|move|p2a: Swampert|Liquidation|p1a: Rotom\n|-resisted|p1a: Rotom\n|-damage|p1a: Rotom|45\/100\n|move|p1a: Rotom|Hydro Pump|p2a: Swampert\n|-damage|p2a: Swampert|0 fnt\n|faint|p2a: Swampert\n|\n|win|KingPepper7\n","uploadtime":1699397821,"views":20,"p1id":"kingpepper7","p2id":"asayake","formatid":"gen9nationaldexubers","rating":0,"private":0,"password":""}