{"id":"gen9nationaldexubers-1980424582","p1":"M N Vinela","p2":"SoulSilvre","format":"[Gen 9] National Dex Ubers","log":"|j|\u2606M N Vinela\n|j|\u2606SoulSilvre\n|t:|1698783746\n|gametype|singles\n|player|p1|M N Vinela|266|\n|player|p2|SoulSilvre|2|\n|teamsize|p1|6\n|teamsize|p2|6\n|gen|9\n|tier|[Gen 9] National Dex Ubers\n|rule|HP Percentage Mod: HP is shown in percentages\n|rule|Endless Battle Clause: Forcing endless battles is banned\n|rule|OHKO Clause: OHKO moves are banned\n|rule|Evasion Moves Clause: Evasion moves are banned\n|rule|Evasion Items Clause: Evasion items are banned\n|rule|Species Clause: Limit one of each Pok\u00e9mon\n|rule|Sleep Clause Mod: Limit one foe put to sleep\n|rule|Mega Rayquaza Clause: You cannot mega evolve Rayquaza\n|clearpoke\n|poke|p1|Machamp, M|\n|poke|p1|Mewtwo, L85|\n|poke|p1|Regieleki, L85|\n|poke|p1|Zacian-*, L85|\n|poke|p1|Iron Hands|\n|poke|p1|Noivern, M|\n|poke|p2|Walking Wake, L85|\n|poke|p2|Flutter Mane, L85|\n|poke|p2|Groudon, L85|\n|poke|p2|Great Tusk|\n|poke|p2|Charizard, F|\n|poke|p2|Lilligant-Hisui, F|\n|teampreview\n|inactive|Battle timer is ON: inactive players will automatically lose when time's up. (requested by M N Vinela)\n|\n|t:|1698783757\n|start\n|switch|p1a: Mike|Machamp, M|100\/100\n|switch|p2a: Groudon|Groudon, L85|100\/100\n|-weather|SunnyDay|[from] ability: Drought|[of] p2a: Groudon\n|turn|1\n|\n|t:|1698783768\n|move|p2a: Groudon|Precipice Blades|p1a: Mike\n|-damage|p1a: Mike|36\/100\n|move|p1a: Mike|Dynamic Punch|p2a: Groudon\n|-damage|p2a: Groudon|45\/100\n|-start|p2a: Groudon|confusion\n|\n|-weather|SunnyDay|[upkeep]\n|upkeep\n|turn|2\n|\n|t:|1698783786\n|-activate|p2a: Groudon|confusion\n|-damage|p2a: Groudon|32\/100|[from] confusion\n|move|p1a: Mike|Knock Off|p2a: Groudon\n|-damage|p2a: Groudon|0 fnt\n|-enditem|p2a: Groudon|Assault Vest|[from] move: Knock Off|[of] p1a: Mike\n|faint|p2a: Groudon\n|\n|-weather|SunnyDay|[upkeep]\n|upkeep\n|\n|t:|1698783799\n|switch|p2a: Walking Wake|Walking Wake, L85|100\/100\n|-activate|p2a: Walking Wake|ability: Protosynthesis\n|-start|p2a: Walking Wake|protosynthesisspe\n|turn|3\n|\n|t:|1698783807\n|move|p2a: Walking Wake|Hydro Steam|p1a: Mike\n|-damage|p1a: Mike|0 fnt\n|faint|p1a: Mike\n|-damage|p2a: Walking Wake|91\/100|[from] item: Life Orb\n|\n|-weather|SunnyDay|[upkeep]\n|upkeep\n|\n|t:|1698783816\n|switch|p1a: Leonidas|Iron Hands|100\/100\n|turn|4\n|\n|t:|1698783832\n|-end|p2a: Walking Wake|Protosynthesis|[silent]\n|switch|p2a: Lilligant|Lilligant-Hisui, F|100\/100\n|move|p1a: Leonidas|Fake Out|p2a: Lilligant\n|-damage|p2a: Lilligant|82\/100\n|\n|-weather|SunnyDay|[upkeep]\n|upkeep\n|turn|5\n|\n|t:|1698783842\n|move|p2a: Lilligant|Leaf Blade|p1a: Leonidas\n|-damage|p1a: Leonidas|79\/100\n|move|p1a: Leonidas|Volt Switch|p2a: Lilligant\n|-resisted|p2a: Lilligant\n|-damage|p2a: Lilligant|73\/100\n|\n|t:|1698783856\n|-end|p1a: Leonidas|Quark Drive|[silent]\n|switch|p1a: Mewtwo|Mewtwo, L85|100\/100|[from] Volt Switch\n|-ability|p1a: Mewtwo|Pressure\n|\n|-weather|none\n|upkeep\n|turn|6\n|\n|t:|1698783880\n|move|p1a: Mewtwo|Psychic|p2a: Lilligant\n|-supereffective|p2a: Lilligant\n|-damage|p2a: Lilligant|0 fnt\n|faint|p2a: Lilligant\n|\n|upkeep\n|\n|t:|1698783885\n|switch|p2a: Flutter Mane|Flutter Mane, L85|100\/100\n|-enditem|p2a: Flutter Mane|Booster Energy\n|-activate|p2a: Flutter Mane|ability: Protosynthesis|[fromitem]\n|-start|p2a: Flutter Mane|protosynthesisspe\n|turn|7\n|\n|t:|1698783896\n|switch|p1a: Leonidas|Iron Hands|79\/100\n|move|p2a: Flutter Mane|Shadow Ball|p1a: Leonidas\n|-damage|p1a: Leonidas|64\/100\n|\n|upkeep\n|turn|8\n|\n|t:|1698783908\n|-end|p2a: Flutter Mane|Protosynthesis|[silent]\n|switch|p2a: Charizard|Charizard, F|100\/100\n|move|p1a: Leonidas|Volt Switch|p2a: Charizard\n|-supereffective|p2a: Charizard\n|-damage|p2a: Charizard|70\/100\n|\n|t:|1698783920\n|-end|p1a: Leonidas|Quark Drive|[silent]\n|switch|p1a: Regieleki|Regieleki, L85|100\/100|[from] Volt Switch\n|\n|upkeep\n|turn|9\n|\n|t:|1698783933\n|switch|p2a: Great Tusk|Great Tusk|100\/100\n|move|p1a: Regieleki|Thunder Cage|p2a: Great Tusk\n|-immune|p2a: Great Tusk\n|\n|upkeep\n|turn|10\n|\n|t:|1698783940\n|switch|p1a: Noivern|Noivern, M, shiny|100\/100\n|move|p2a: Great Tusk|Knock Off|p1a: Noivern\n|-damage|p1a: Noivern|53\/100\n|-enditem|p1a: Noivern|Choice Scarf|[from] move: Knock Off|[of] p2a: Great Tusk\n|\n|upkeep\n|turn|11\n|\n|t:|1698783950\n|move|p1a: Noivern|Air Slash|p2a: Great Tusk\n|-supereffective|p2a: Great Tusk\n|-damage|p2a: Great Tusk|0 fnt\n|faint|p2a: Great Tusk\n|-end|p2a: Great Tusk|Protosynthesis|[silent]\n|\n|upkeep\n|\n|t:|1698783960\n|switch|p2a: Charizard|Charizard, F|70\/100\n|turn|12\n|\n|t:|1698783968\n|detailschange|p2a: Charizard|Charizard-Mega-Y, F\n|-mega|p2a: Charizard|Charizard|Charizardite Y\n|-weather|SunnyDay|[from] ability: Drought|[of] p2a: Charizard\n|move|p1a: Noivern|Dragon Pulse|p2a: Charizard\n|-damage|p2a: Charizard|29\/100\n|move|p2a: Charizard|Flamethrower|p1a: Noivern\n|-resisted|p1a: Noivern\n|-crit|p1a: Noivern\n|-damage|p1a: Noivern|0 fnt\n|faint|p1a: Noivern\n|\n|-weather|SunnyDay|[upkeep]\n|upkeep\n|\n|t:|1698783982\n|switch|p1a: Regieleki|Regieleki, L85|100\/100\n|turn|13\n|\n|t:|1698783985\n|move|p1a: Regieleki|Volt Switch|p2a: Charizard\n|-supereffective|p2a: Charizard\n|-damage|p2a: Charizard|0 fnt\n|faint|p2a: Charizard\n|\n|t:|1698783989\n|switch|p1a: Zacian|Zacian-Crowned, L85|100\/100|[from] Volt Switch\n|-ability|p1a: Zacian|Intrepid Sword|boost\n|-boost|p1a: Zacian|atk|1\n|\n|-weather|SunnyDay|[upkeep]\n|upkeep\n|\n|t:|1698783995\n|switch|p2a: Walking Wake|Walking Wake, L85|91\/100\n|-activate|p2a: Walking Wake|ability: Protosynthesis\n|-start|p2a: Walking Wake|protosynthesisspe\n|turn|14\n|\n|t:|1698784005\n|move|p2a: Walking Wake|Flamethrower|p1a: Zacian\n|-supereffective|p1a: Zacian\n|-damage|p1a: Zacian|0 fnt\n|faint|p1a: Zacian\n|-damage|p2a: Walking Wake|81\/100|[from] item: Life Orb\n|\n|-weather|SunnyDay|[upkeep]\n|upkeep\n|\n|t:|1698784010\n|switch|p1a: Leonidas|Iron Hands|64\/100\n|turn|15\n|\n|t:|1698784015\n|move|p1a: Leonidas|Fake Out|p2a: Walking Wake\n|-damage|p2a: Walking Wake|64\/100\n|cant|p2a: Walking Wake|flinch\n|\n|-weather|SunnyDay|[upkeep]\n|upkeep\n|turn|16\n|\n|t:|1698784021\n|move|p2a: Walking Wake|Hydro Steam|p1a: Leonidas\n|-damage|p1a: Leonidas|35\/100\n|-damage|p2a: Walking Wake|54\/100|[from] item: Life Orb\n|move|p1a: Leonidas|Drain Punch|p2a: Walking Wake\n|-damage|p2a: Walking Wake|6\/100\n|-heal|p1a: Leonidas|49\/100|[from] drain|[of] p2a: Walking Wake\n|\n|-weather|none\n|-end|p2a: Walking Wake|Protosynthesis\n|upkeep\n|turn|17\n|\n|t:|1698784037\n|move|p2a: Walking Wake|Draco Meteor|p1a: Leonidas|[miss]\n|-miss|p2a: Walking Wake|p1a: Leonidas\n|move|p1a: Leonidas|Volt Switch|p2a: Walking Wake\n|-damage|p2a: Walking Wake|0 fnt\n|faint|p2a: Walking Wake\n|-end|p2a: Walking Wake|Protosynthesis|[silent]\n|\n|t:|1698784045\n|-end|p1a: Leonidas|Quark Drive|[silent]\n|switch|p1a: Regieleki|Regieleki, L85|100\/100|[from] Volt Switch\n|\n|upkeep\n|\n|t:|1698784048\n|switch|p2a: Flutter Mane|Flutter Mane, L85|100\/100\n|turn|18\n|\n|t:|1698784056\n|move|p1a: Regieleki|Thunder Cage|p2a: Flutter Mane\n|-damage|p2a: Flutter Mane|31\/100\n|-activate|p2a: Flutter Mane|move: Thunder Cage|[of] p1a: Regieleki\n|move|p2a: Flutter Mane|Moonblast|p1a: Regieleki\n|-damage|p1a: Regieleki|0 fnt\n|faint|p1a: Regieleki\n|\n|-end|p2a: Flutter Mane|Thunder Cage|[partiallytrapped]|[silent]\n|upkeep\n|\n|t:|1698784060\n|switch|p1a: Mewtwo|Mewtwo, L85|100\/100\n|-ability|p1a: Mewtwo|Pressure\n|turn|19\n|\n|t:|1698784075\n|move|p1a: Mewtwo|Psychic|p2a: Flutter Mane\n|-damage|p2a: Flutter Mane|0 fnt\n|faint|p2a: Flutter Mane\n|-end|p2a: Flutter Mane|Protosynthesis|[silent]\n|\n|win|M N Vinela\n|c|\u2606M N Vinela|Gg\n|l|\u2606SoulSilvre\n","uploadtime":1698784082,"views":16,"p1id":"mnvinela","p2id":"soulsilvre","formatid":"gen9nationaldexubers","rating":0,"private":0,"password":""}