{"id":"gen9nationaldexubers-1999021742","p1":"paultheconvincer","p2":"Kysersosa","format":"[Gen 9] National Dex Ubers","log":"|j|\u2606paultheconvincer\n|j|\u2606Kysersosa\n|t:|1701024769\n|gametype|singles\n|player|p1|paultheconvincer|170|\n|player|p2|Kysersosa|170|\n|teamsize|p1|6\n|teamsize|p2|6\n|gen|9\n|tier|[Gen 9] National Dex Ubers\n|rule|HP Percentage Mod: HP is shown in percentages\n|rule|Endless Battle Clause: Forcing endless battles is banned\n|rule|OHKO Clause: OHKO moves are banned\n|rule|Evasion Moves Clause: Evasion moves are banned\n|rule|Evasion Items Clause: Evasion items are banned\n|rule|Species Clause: Limit one of each Pok\u00e9mon\n|rule|Sleep Clause Mod: Limit one foe put to sleep\n|rule|Mega Rayquaza Clause: You cannot mega evolve Rayquaza\n|clearpoke\n|poke|p1|Samurott-Hisui, M|\n|poke|p1|Garchomp, M|\n|poke|p1|Vikavolt, M|\n|poke|p1|Aromatisse, F|\n|poke|p1|Alomomola, M|\n|poke|p1|Revavroom, M|\n|poke|p2|Xurkitree|\n|poke|p2|Gyarados, F|\n|poke|p2|Spidops, M|\n|poke|p2|Chansey, F|\n|poke|p2|Spectrier|\n|poke|p2|Primeape, M|\n|teampreview\n|\n|t:|1701024786\n|start\n|switch|p1a: Garchomp|Garchomp, M|100\/100\n|switch|p2a: Spidops|Spidops, M|100\/100\n|turn|1\n|\n|t:|1701024793\n|detailschange|p1a: Garchomp|Garchomp-Mega, M\n|-mega|p1a: Garchomp|Garchomp|Garchompite\n|move|p1a: Garchomp|Substitute|p1a: Garchomp\n|-start|p1a: Garchomp|Substitute\n|-damage|p1a: Garchomp|76\/100\n|move|p2a: Spidops|Sticky Web|p1a: Garchomp\n|-sidestart|p1: paultheconvincer|move: Sticky Web\n|\n|upkeep\n|turn|2\n|\n|t:|1701024802\n|move|p1a: Garchomp|Swords Dance|p1a: Garchomp\n|-boost|p1a: Garchomp|atk|2\n|move|p2a: Spidops|Circle Throw|p1a: Garchomp\n|-activate|p1a: Garchomp|move: Substitute|[damage]\n|\n|upkeep\n|turn|3\n|\n|t:|1701024813\n|move|p1a: Garchomp|Scale Shot|p2a: Spidops\n|-damage|p2a: Spidops|77\/100\n|-damage|p2a: Spidops|54\/100\n|-hitcount|p2a: Spidops|2\n|-unboost|p1a: Garchomp|def|1\n|-boost|p1a: Garchomp|spe|1\n|move|p2a: Spidops|Circle Throw|p1a: Garchomp\n|-activate|p1a: Garchomp|move: Substitute|[damage]\n|\n|-heal|p2a: Spidops|60\/100|[from] item: Leftovers\n|upkeep\n|turn|4\n|j| Lp-$tylez\n|\n|t:|1701024835\n|move|p1a: Garchomp|Swords Dance|p1a: Garchomp\n|-boost|p1a: Garchomp|atk|2\n|move|p2a: Spidops|Circle Throw|p1a: Garchomp\n|-end|p1a: Garchomp|Substitute\n|\n|-heal|p2a: Spidops|67\/100|[from] item: Leftovers\n|upkeep\n|turn|5\n|\n|t:|1701024846\n|move|p1a: Garchomp|Substitute|p1a: Garchomp\n|-start|p1a: Garchomp|Substitute\n|-damage|p1a: Garchomp|51\/100\n|move|p2a: Spidops|Spikes|p1a: Garchomp\n|-sidestart|p1: paultheconvincer|Spikes\n|\n|-heal|p2a: Spidops|73\/100|[from] item: Leftovers\n|upkeep\n|turn|6\n|\n|t:|1701024852\n|move|p1a: Garchomp|Scale Shot|p2a: Spidops\n|-damage|p2a: Spidops|37\/100\n|-damage|p2a: Spidops|1\/100\n|-damage|p2a: Spidops|0 fnt\n|faint|p2a: Spidops\n|-hitcount|p2: Spidops|3\n|-unboost|p1a: Garchomp|def|1\n|-boost|p1a: Garchomp|spe|1\n|\n|upkeep\n|j| Battlejabs\n|\n|t:|1701024862\n|switch|p2a: Primeape|Primeape, M|100\/100\n|turn|7\n|j| PLM2fgs\n|\n|t:|1701024874\n|-terastallize|p2a: Primeape|Fairy\n|move|p1a: Garchomp|Earthquake|p2a: Primeape\n|-damage|p2a: Primeape|0 fnt\n|faint|p2a: Primeape\n|\n|upkeep\n|\n|t:|1701024882\n|switch|p2a: Spectrier|Spectrier|100\/100\n|turn|8\n|j| modxix\n|l| modxix\n|\n|t:|1701024888\n|move|p2a: Spectrier|Shadow Ball|p1a: Garchomp\n|-end|p1a: Garchomp|Substitute\n|move|p1a: Garchomp|Earthquake|p2a: Spectrier\n|-damage|p2a: Spectrier|0 fnt\n|faint|p2a: Spectrier\n|\n|upkeep\n|\n|t:|1701024890\n|switch|p2a: Gyarados|Gyarados, F|100\/100\n|-ability|p2a: Gyarados|Intimidate|boost\n|-unboost|p1a: Garchomp|atk|1\n|turn|9\n|\n|t:|1701024901\n|detailschange|p2a: Gyarados|Gyarados-Mega, F\n|-mega|p2a: Gyarados|Gyarados|Gyaradosite\n|-ability|p2a: Gyarados|Mold Breaker\n|move|p1a: Garchomp|Scale Shot|p2a: Gyarados\n|-damage|p2a: Gyarados|73\/100\n|-damage|p2a: Gyarados|43\/100\n|-hitcount|p2a: Gyarados|2\n|-unboost|p1a: Garchomp|def|1\n|-boost|p1a: Garchomp|spe|1\n|move|p2a: Gyarados|Dragon Dance|p2a: Gyarados\n|-boost|p2a: Gyarados|atk|1\n|-boost|p2a: Gyarados|spe|1\n|\n|upkeep\n|turn|10\n|\n|t:|1701024915\n|move|p1a: Garchomp|Earthquake|p2a: Gyarados\n|-damage|p2a: Gyarados|0 fnt\n|faint|p2a: Gyarados\n|\n|upkeep\n|\n|t:|1701024922\n|switch|p2a: Xurkitree|Xurkitree|100\/100\n|turn|11\n|\n|t:|1701024925\n|move|p1a: Garchomp|Earthquake|p2a: Xurkitree\n|-supereffective|p2a: Xurkitree\n|-damage|p2a: Xurkitree|0 fnt\n|faint|p2a: Xurkitree\n|\n|upkeep\n|\n|t:|1701024928\n|switch|p2a: Chansey|Chansey, F|100\/100\n|turn|12\n|\n|t:|1701024932\n|move|p1a: Garchomp|Earthquake|p2a: Chansey\n|-damage|p2a: Chansey|5\/100\n|move|p2a: Chansey|Soft-Boiled|p2a: Chansey\n|-heal|p2a: Chansey|55\/100\n|\n|upkeep\n|turn|13\n|\n|t:|1701024937\n|move|p1a: Garchomp|Earthquake|p2a: Chansey\n|-damage|p2a: Chansey|0 fnt\n|faint|p2a: Chansey\n|\n|win|paultheconvincer\n|c|\u2606paultheconvincer|gg\n|l| PLM2fgs\n|l|\u2606Kysersosa\n","uploadtime":1701024961,"views":18,"p1id":"paultheconvincer","p2id":"kysersosa","formatid":"gen9nationaldexubers","rating":0,"private":0,"password":""}