{"id":"gen9nationaldexubers-1984377267","p1":"X3N037","p2":"KarmaNightraide","format":"[Gen 9] National Dex Ubers","log":"|j|\u2606X3N037\n|j|\u2606KarmaNightraide\n|t:|1699252457\n|gametype|singles\n|player|p1|X3N037|unknown|1115\n|player|p2|KarmaNightraide|unknown|1132\n|teamsize|p1|6\n|teamsize|p2|6\n|gen|9\n|tier|[Gen 9] National Dex Ubers\n|rated|\n|rule|HP Percentage Mod: HP is shown in percentages\n|rule|Endless Battle Clause: Forcing endless battles is banned\n|rule|OHKO Clause: OHKO moves are banned\n|rule|Evasion Moves Clause: Evasion moves are banned\n|rule|Evasion Items Clause: Evasion items are banned\n|rule|Species Clause: Limit one of each Pok\u00e9mon\n|rule|Sleep Clause Mod: Limit one foe put to sleep\n|rule|Mega Rayquaza Clause: You cannot mega evolve Rayquaza\n|clearpoke\n|poke|p1|Melmetal|\n|poke|p1|Annihilape, M|\n|poke|p1|Blaziken, F|\n|poke|p1|Calyrex-Ice|\n|poke|p1|Darkrai|\n|poke|p1|Deoxys-Speed|\n|poke|p2|Aegislash, F|\n|poke|p2|Ceruledge, F|\n|poke|p2|Basculegion, M|\n|poke|p2|Mimikyu, M|\n|poke|p2|Mismagius, F|\n|poke|p2|Gourgeist-*, M|\n|teampreview\n|\n|t:|1699252462\n|start\n|switch|p1a: Darkrai|Darkrai|100\/100\n|switch|p2a: Witch|Mismagius, F|100\/100\n|turn|1\n|inactive|Battle timer is ON: inactive players will automatically lose when time's up. (requested by KarmaNightraide)\n|\n|t:|1699252486\n|move|p1a: Darkrai|Dark Void|p2a: Witch\n|-status|p2a: Witch|slp|[from] move: Dark Void\n|cant|p2a: Witch|slp\n|\n|-damage|p2a: Witch|88\/100 slp|[from] ability: Bad Dreams|[of] p1a: Darkrai\n|upkeep\n|turn|2\n|inactive|KarmaNightraide has 120 seconds left.\n|\n|t:|1699252521\n|move|p1a: Darkrai|Calm Mind|p1a: Darkrai\n|-boost|p1a: Darkrai|spa|1\n|-boost|p1a: Darkrai|spd|1\n|cant|p2a: Witch|slp\n|\n|-damage|p2a: Witch|76\/100 slp|[from] ability: Bad Dreams|[of] p1a: Darkrai\n|upkeep\n|turn|3\n|inactive|KarmaNightraide has 120 seconds left.\n|\n|t:|1699252532\n|move|p1a: Darkrai|Calm Mind|p1a: Darkrai\n|-boost|p1a: Darkrai|spa|1\n|-boost|p1a: Darkrai|spd|1\n|cant|p2a: Witch|slp\n|\n|-damage|p2a: Witch|64\/100 slp|[from] ability: Bad Dreams|[of] p1a: Darkrai\n|upkeep\n|turn|4\n|inactive|KarmaNightraide has 120 seconds left.\n|\n|t:|1699252540\n|move|p1a: Darkrai|Calm Mind|p1a: Darkrai\n|-boost|p1a: Darkrai|spa|1\n|-boost|p1a: Darkrai|spd|1\n|-curestatus|p2a: Witch|slp|[msg]\n|move|p2a: Witch|Taunt|p1a: Darkrai\n|-start|p1a: Darkrai|move: Taunt\n|\n|upkeep\n|turn|5\n|inactive|KarmaNightraide has 120 seconds left.\n|\n|t:|1699252550\n|move|p1a: Darkrai|Dark Pulse|p2a: Witch\n|-supereffective|p2a: Witch\n|-damage|p2a: Witch|0 fnt\n|faint|p2a: Witch\n|\n|upkeep\n|inactive|KarmaNightraide has 120 seconds left.\n|\n|t:|1699252558\n|switch|p2a: Lil guy my man|Mimikyu, M|100\/100\n|turn|6\n|\n|t:|1699252566\n|move|p1a: Darkrai|Dark Pulse|p2a: Lil guy my man\n|-activate|p2a: Lil guy my man|ability: Disguise\n|-damage|p2a: Lil guy my man|100\/100\n|detailschange|p2a: Lil guy my man|Mimikyu-Busted, M\n|-damage|p2a: Lil guy my man|88\/100|[from] pokemon: Mimikyu-Busted\n|cant|p2a: Lil guy my man|flinch\n|\n|upkeep\n|turn|7\n|inactive|KarmaNightraide has 120 seconds left.\n|\n|t:|1699252586\n|-terastallize|p2a: Lil guy my man|Fighting\n|move|p1a: Darkrai|Dark Pulse|p2a: Lil guy my man\n|-resisted|p2a: Lil guy my man\n|-damage|p2a: Lil guy my man|16\/100\n|move|p2a: Lil guy my man|Drain Punch|p1a: Darkrai\n|-supereffective|p1a: Darkrai\n|-damage|p1a: Darkrai|0 fnt\n|-heal|p2a: Lil guy my man|72\/100|[from] drain|[of] p1a: Darkrai\n|faint|p1a: Darkrai\n|-damage|p2a: Lil guy my man|62\/100|[from] item: Life Orb\n|\n|upkeep\n|\n|t:|1699252597\n|switch|p1a: Deoxys|Deoxys-Speed|100\/100\n|-ability|p1a: Deoxys|Pressure\n|turn|8\n|\n|t:|1699252611\n|move|p2a: Lil guy my man|Shadow Sneak|p1a: Deoxys\n|-supereffective|p1a: Deoxys\n|-damage|p1a: Deoxys|32\/100\n|-damage|p2a: Lil guy my man|52\/100|[from] item: Life Orb\n|move|p1a: Deoxys|Knock Off|p2a: Lil guy my man\n|-resisted|p2a: Lil guy my man\n|-damage|p2a: Lil guy my man|30\/100\n|-enditem|p2a: Lil guy my man|Life Orb|[from] move: Knock Off|[of] p1a: Deoxys\n|\n|upkeep\n|turn|9\n|\n|t:|1699252619\n|move|p2a: Lil guy my man|Shadow Sneak|p1a: Deoxys\n|-supereffective|p1a: Deoxys\n|-damage|p1a: Deoxys|0 fnt\n|faint|p1a: Deoxys\n|\n|upkeep\n|\n|t:|1699252633\n|switch|p1a: Melmetal|Melmetal, shiny|100\/100\n|turn|10\n|\n|t:|1699252643\n|-terastallize|p1a: Melmetal|Ghost\n|move|p2a: Lil guy my man|Drain Punch|p1a: Melmetal\n|-immune|p1a: Melmetal\n|move|p1a: Melmetal|Double Iron Bash|p2a: Lil guy my man\n|-damage|p2a: Lil guy my man|0 fnt\n|faint|p2a: Lil guy my man\n|-hitcount|p2: Lil guy my man|1\n|\n|upkeep\n|\n|t:|1699252652\n|switch|p2a: Pumpin|Gourgeist-Small, M|100\/100\n|-item|p1a: Melmetal|Assault Vest|[from] ability: Frisk|[of] p2a: Pumpin|[identify]\n|turn|11\n|\n|t:|1699252660\n|-zpower|p2a: Pumpin\n|move|p2a: Pumpin|Z-Trick-or-Treat||[anim]Trick-or-Treat|[still]\n|-boost|p2a: Pumpin|atk|1|[zeffect]\n|-boost|p2a: Pumpin|def|1|[zeffect]\n|-boost|p2a: Pumpin|spa|1|[zeffect]\n|-boost|p2a: Pumpin|spd|1|[zeffect]\n|-boost|p2a: Pumpin|spe|1|[zeffect]\n|-fail|p2a: Pumpin\n|move|p1a: Melmetal|Ice Punch|p2a: Pumpin\n|-supereffective|p2a: Pumpin\n|-damage|p2a: Pumpin|43\/100\n|\n|upkeep\n|turn|12\n|\n|t:|1699252672\n|move|p2a: Pumpin|Poltergeist|p1a: Melmetal\n|-activate|p1a: Melmetal|move: Poltergeist|Assault Vest\n|-supereffective|p1a: Melmetal\n|-damage|p1a: Melmetal|30\/100\n|move|p1a: Melmetal|Ice Punch|p2a: Pumpin\n|-supereffective|p2a: Pumpin\n|-damage|p2a: Pumpin|0 fnt\n|faint|p2a: Pumpin\n|\n|upkeep\n|\n|t:|1699252681\n|switch|p2a: Widowmaker|Ceruledge, F|100\/100\n|turn|13\n|\n|t:|1699252686\n|move|p2a: Widowmaker|Swords Dance|p2a: Widowmaker\n|-boost|p2a: Widowmaker|atk|2\n|move|p1a: Melmetal|Rock Slide|p2a: Widowmaker\n|-supereffective|p2a: Widowmaker\n|-damage|p2a: Widowmaker|11\/100\n|-ability|p2a: Widowmaker|Weak Armor|boost\n|-unboost|p2a: Widowmaker|def|1\n|-boost|p2a: Widowmaker|spe|2\n|\n|upkeep\n|turn|14\n|\n|t:|1699252702\n|move|p2a: Widowmaker|Bitter Blade|p1a: Melmetal\n|-damage|p1a: Melmetal|0 fnt\n|-heal|p2a: Widowmaker|35\/100|[from] drain|[of] p1a: Melmetal\n|faint|p1a: Melmetal\n|\n|upkeep\n|\n|t:|1699252712\n|switch|p1a: Calyrex|Calyrex-Ice|100\/100\n|-ability|p1a: Calyrex|As One\n|-ability|p1a: Calyrex|Unnerve\n|turn|15\n|\n|t:|1699252727\n|move|p2a: Widowmaker|Bitter Blade|p1a: Calyrex\n|-supereffective|p1a: Calyrex\n|-damage|p1a: Calyrex|0 fnt\n|-heal|p2a: Widowmaker|100\/100|[from] drain|[of] p1a: Calyrex\n|-damage|p2a: Widowmaker|84\/100|[from] item: Rocky Helmet|[of] p1a: Calyrex\n|faint|p1a: Calyrex\n|\n|upkeep\n|\n|t:|1699252737\n|switch|p1a: Annihilape|Annihilape, M, shiny|100\/100\n|turn|16\n|\n|t:|1699252753\n|move|p2a: Widowmaker|Bitter Blade|p1a: Annihilape\n|-damage|p1a: Annihilape|8\/100\n|-heal|p2a: Widowmaker|100\/100|[from] drain|[of] p1a: Annihilape\n|move|p1a: Annihilape|Rage Fist|p2a: Widowmaker\n|-supereffective|p2a: Widowmaker\n|-enditem|p2a: Widowmaker|Focus Sash\n|-damage|p2a: Widowmaker|1\/100\n|-ability|p2a: Widowmaker|Weak Armor|boost\n|-unboost|p2a: Widowmaker|def|1\n|-boost|p2a: Widowmaker|spe|2\n|-heal|p1a: Annihilape|16\/100|[from] item: Shell Bell|[of] p2a: Widowmaker\n|\n|upkeep\n|turn|17\n|\n|t:|1699252765\n|switch|p1a: Blaziken|Blaziken, F|100\/100\n|move|p2a: Widowmaker|Bitter Blade|p1a: Blaziken\n|-resisted|p1a: Blaziken\n|-damage|p1a: Blaziken|37\/100\n|-heal|p2a: Widowmaker|34\/100|[from] drain|[of] p1a: Blaziken\n|\n|upkeep\n|turn|18\n|\n|t:|1699252787\n|detailschange|p1a: Blaziken|Blaziken-Mega, F\n|-mega|p1a: Blaziken|Blaziken|Blazikenite\n|move|p2a: Widowmaker|Dragon Claw|p1a: Blaziken\n|-damage|p1a: Blaziken|0 fnt\n|faint|p1a: Blaziken\n|\n|upkeep\n|\n|t:|1699252793\n|switch|p1a: Annihilape|Annihilape, M, shiny|16\/100\n|turn|19\n|\n|t:|1699252797\n|move|p2a: Widowmaker|Bitter Blade|p1a: Annihilape\n|-damage|p1a: Annihilape|0 fnt\n|-heal|p2a: Widowmaker|45\/100|[from] drain|[of] p1a: Annihilape\n|faint|p1a: Annihilape\n|\n|win|KarmaNightraide\n|raw|X3N037's rating: 1115 &rarr; <strong>1091<\/strong><br \/>(-24 for losing)\n|raw|KarmaNightraide's rating: 1132 &rarr; <strong>1156<\/strong><br \/>(+24 for winning)\n","uploadtime":1699252805,"views":4,"p1id":"x3n037","p2id":"karmanightraide","formatid":"gen9nationaldexubers","rating":1091,"private":0,"password":""}