{"id":"gen9nationaldexubers-1983353843","p1":"BankaiBleachGeek","p2":"brunindusgames2.0","format":"[Gen 9] National Dex Ubers","log":"|j|\u2606BankaiBleachGeek\n|j|\u2606brunindusgames2.0\n|t:|1699121298\n|gametype|singles\n|player|p1|BankaiBleachGeek|palmer|1109\n|player|p2|brunindusgames2.0|steven|1000\n|teamsize|p1|6\n|teamsize|p2|6\n|gen|9\n|tier|[Gen 9] National Dex Ubers\n|rated|\n|rule|HP Percentage Mod: HP is shown in percentages\n|rule|Endless Battle Clause: Forcing endless battles is banned\n|rule|OHKO Clause: OHKO moves are banned\n|rule|Evasion Moves Clause: Evasion moves are banned\n|rule|Evasion Items Clause: Evasion items are banned\n|rule|Species Clause: Limit one of each Pok\u00e9mon\n|rule|Sleep Clause Mod: Limit one foe put to sleep\n|rule|Mega Rayquaza Clause: You cannot mega evolve Rayquaza\n|clearpoke\n|poke|p1|Sceptile, M|\n|poke|p1|Arboliva, F|\n|poke|p1|Electrode-Hisui|\n|poke|p1|Ferrothorn, M|\n|poke|p1|Ludicolo, M|\n|poke|p1|Torterra, M|\n|poke|p2|Dracovish|\n|poke|p2|Metagross|\n|poke|p2|Incineroar, M|\n|poke|p2|Zapdos|\n|poke|p2|Pheromosa|\n|poke|p2|Gardevoir, M|\n|teampreview\n|\n|t:|1699121321\n|start\n|switch|p1a: Electrode|Electrode-Hisui|100\/100\n|switch|p2a: Incineroar|Incineroar, M|100\/100\n|turn|1\n|\n|t:|1699121327\n|move|p1a: Electrode|Rain Dance|p1a: Electrode\n|-weather|RainDance\n|move|p2a: Incineroar|Blaze Kick|p1a: Electrode|[miss]\n|-miss|p2a: Incineroar|p1a: Electrode\n|\n|-weather|RainDance|[upkeep]\n|upkeep\n|turn|2\n|\n|t:|1699121333\n|move|p1a: Electrode|Thunderbolt|p2a: Incineroar\n|-damage|p2a: Incineroar|65\/100\n|-status|p2a: Incineroar|par\n|move|p2a: Incineroar|Blaze Kick|p1a: Electrode|[miss]\n|-miss|p2a: Incineroar|p1a: Electrode\n|\n|-weather|RainDance|[upkeep]\n|upkeep\n|turn|3\n|\n|t:|1699121341\n|move|p1a: Electrode|Thunderbolt|p2a: Incineroar\n|-damage|p2a: Incineroar|35\/100 par\n|move|p2a: Incineroar|Blaze Kick|p1a: Electrode\n|-supereffective|p1a: Electrode\n|-damage|p1a: Electrode|38\/100\n|\n|-weather|RainDance|[upkeep]\n|upkeep\n|turn|4\n|\n|t:|1699121347\n|move|p1a: Electrode|Thunderbolt|p2a: Incineroar\n|-damage|p2a: Incineroar|1\/100 par\n|cant|p2a: Incineroar|par\n|\n|-weather|RainDance|[upkeep]\n|upkeep\n|turn|5\n|\n|t:|1699121359\n|move|p1a: Electrode|Volt Switch|p2a: Incineroar\n|-damage|p2a: Incineroar|0 fnt\n|faint|p2a: Incineroar\n|\n|t:|1699121364\n|switch|p1a: Ludicolo|Ludicolo, M|100\/100|[from] Volt Switch\n|\n|-weather|RainDance|[upkeep]\n|upkeep\n|\n|t:|1699121372\n|switch|p2a: Zapdos|Zapdos|100\/100\n|turn|6\n|\n|t:|1699121376\n|move|p1a: Ludicolo|Ice Beam|p2a: Zapdos\n|-supereffective|p2a: Zapdos\n|-damage|p2a: Zapdos|27\/100\n|-damage|p1a: Ludicolo|91\/100|[from] item: Life Orb\n|move|p2a: Zapdos|Thunderbolt|p1a: Ludicolo\n|-damage|p1a: Ludicolo|41\/100\n|\n|-weather|RainDance|[upkeep]\n|upkeep\n|turn|7\n|\n|t:|1699121386\n|move|p1a: Ludicolo|Ice Beam|p2a: Zapdos\n|-supereffective|p2a: Zapdos\n|-damage|p2a: Zapdos|0 fnt\n|faint|p2a: Zapdos\n|-damage|p1a: Ludicolo|31\/100|[from] item: Life Orb\n|\n|-weather|RainDance|[upkeep]\n|upkeep\n|\n|t:|1699121394\n|switch|p2a: Pheromosa|Pheromosa|100\/100\n|turn|8\n|\n|t:|1699121398\n|move|p1a: Ludicolo|Weather Ball|p2a: Pheromosa\n|-damage|p2a: Pheromosa|0 fnt\n|faint|p2a: Pheromosa\n|-damage|p1a: Ludicolo|21\/100|[from] item: Life Orb\n|\n|-weather|none\n|upkeep\n|\n|t:|1699121405\n|switch|p2a: Metagross|Metagross, shiny|100\/100\n|turn|9\n|\n|t:|1699121411\n|move|p1a: Ludicolo|Ice Beam|p2a: Metagross\n|-resisted|p2a: Metagross\n|-damage|p2a: Metagross|82\/100\n|-damage|p1a: Ludicolo|11\/100|[from] item: Life Orb\n|move|p2a: Metagross|Meteor Mash|p1a: Ludicolo\n|-resisted|p1a: Ludicolo\n|-damage|p1a: Ludicolo|0 fnt\n|faint|p1a: Ludicolo\n|\n|upkeep\n|\n|t:|1699121422\n|switch|p1a: Torterra|Torterra, M|100\/100\n|turn|10\n|\n|t:|1699121436\n|detailschange|p2a: Metagross|Metagross-Mega, shiny\n|-mega|p2a: Metagross|Metagross|Metagrossite\n|move|p2a: Metagross|Giga Impact|p1a: Torterra\n|-damage|p1a: Torterra|65\/100\n|-mustrecharge|p2a: Metagross\n|move|p1a: Torterra|Earthquake|p2a: Metagross\n|-supereffective|p2a: Metagross\n|-damage|p2a: Metagross|33\/100\n|\n|-heal|p1a: Torterra|71\/100|[from] item: Leftovers\n|upkeep\n|turn|11\n|\n|t:|1699121447\n|cant|p2a: Metagross|recharge\n|move|p1a: Torterra|Earthquake|p2a: Metagross\n|-supereffective|p2a: Metagross\n|-damage|p2a: Metagross|0 fnt\n|faint|p2a: Metagross\n|\n|-heal|p1a: Torterra|77\/100|[from] item: Leftovers\n|upkeep\n|\n|t:|1699121454\n|switch|p2a: Gardevoir|Gardevoir, M|100\/100\n|turn|12\n|\n|t:|1699121462\n|move|p2a: Gardevoir|Mystical Fire|p1a: Torterra\n|-supereffective|p1a: Torterra\n|-damage|p1a: Torterra|27\/100\n|-unboost|p1a: Torterra|spa|1\n|move|p1a: Torterra|Rock Slide|p2a: Gardevoir\n|-damage|p2a: Gardevoir|75\/100\n|\n|-heal|p1a: Torterra|33\/100|[from] item: Leftovers\n|upkeep\n|turn|13\n|\n|t:|1699121471\n|move|p2a: Gardevoir|Mystical Fire|p1a: Torterra\n|-supereffective|p1a: Torterra\n|-damage|p1a: Torterra|0 fnt\n|faint|p1a: Torterra\n|\n|upkeep\n|\n|t:|1699121482\n|switch|p1a: Arboliva|Arboliva, F|100\/100\n|turn|14\n|\n|t:|1699121488\n|move|p2a: Gardevoir|Mystical Fire|p1a: Arboliva\n|-supereffective|p1a: Arboliva\n|-damage|p1a: Arboliva|70\/100\n|-unboost|p1a: Arboliva|spa|1\n|-fieldstart|move: Grassy Terrain|[from] ability: Seed Sower|[of] p1a: Arboliva\n|move|p1a: Arboliva|Earth Power|p2a: Gardevoir\n|-damage|p2a: Gardevoir|56\/100\n|\n|-heal|p2a: Gardevoir|62\/100|[from] Grassy Terrain\n|-heal|p1a: Arboliva|76\/100|[from] Grassy Terrain\n|upkeep\n|turn|15\n|\n|t:|1699121502\n|move|p2a: Gardevoir|Aura Sphere|p1a: Arboliva\n|-supereffective|p1a: Arboliva\n|-crit|p1a: Arboliva\n|-damage|p1a: Arboliva|29\/100\n|move|p1a: Arboliva|Energy Ball|p2a: Gardevoir\n|-damage|p2a: Gardevoir|23\/100\n|\n|-heal|p2a: Gardevoir|30\/100|[from] Grassy Terrain\n|-heal|p1a: Arboliva|35\/100|[from] Grassy Terrain\n|upkeep\n|turn|16\n|\n|t:|1699121512\n|move|p2a: Gardevoir|Aura Sphere|p1a: Arboliva\n|-supereffective|p1a: Arboliva\n|-damage|p1a: Arboliva|1\/100\n|move|p1a: Arboliva|Energy Ball|p2a: Gardevoir\n|-damage|p2a: Gardevoir|0 fnt\n|faint|p2a: Gardevoir\n|\n|-heal|p1a: Arboliva|7\/100|[from] Grassy Terrain\n|upkeep\n|\n|t:|1699121521\n|switch|p2a: Dracovish|Dracovish|100\/100\n|turn|17\n|\n|t:|1699121527\n|move|p2a: Dracovish|Psychic Fangs|p1a: Arboliva\n|-damage|p1a: Arboliva|0 fnt\n|faint|p1a: Arboliva\n|\n|upkeep\n|\n|t:|1699121534\n|switch|p1a: Sceptile|Sceptile, M|100\/100\n|turn|18\n|\n|t:|1699121538\n|detailschange|p1a: Sceptile|Sceptile-Mega, M\n|-mega|p1a: Sceptile|Sceptile|Sceptilite\n|move|p1a: Sceptile|Dragon Pulse|p2a: Dracovish\n|-supereffective|p2a: Dracovish\n|-damage|p2a: Dracovish|0 fnt\n|faint|p2a: Dracovish\n|\n|win|BankaiBleachGeek\n|raw|BankaiBleachGeek's rating: 1109 &rarr; <strong>1126<\/strong><br \/>(+17 for winning)\n|raw|brunindusgames2.0's rating: 1000 &rarr; <strong>1000<\/strong><br \/>(+0 for losing)\n","uploadtime":1699121549,"views":5,"p1id":"bankaibleachgeek","p2id":"brunindusgames20","formatid":"gen9nationaldexubers","rating":1000,"private":0,"password":""}