{"id":"gen9nationaldexubers-1984723678","p1":"babbona","p2":"haii x3","format":"[Gen 9] National Dex Ubers","log":"|j|\u2606babbona\n|j|\u2606haii x3\n|t:|1699293835\n|gametype|singles\n|player|p1|babbona|ghetsis-gen5bw|1340\n|player|p2|haii x3|rosa-masters|1293\n|teamsize|p1|6\n|teamsize|p2|6\n|gen|9\n|tier|[Gen 9] National Dex Ubers\n|rated|\n|rule|HP Percentage Mod: HP is shown in percentages\n|rule|Endless Battle Clause: Forcing endless battles is banned\n|rule|OHKO Clause: OHKO moves are banned\n|rule|Evasion Moves Clause: Evasion moves are banned\n|rule|Evasion Items Clause: Evasion items are banned\n|rule|Species Clause: Limit one of each Pok\u00e9mon\n|rule|Sleep Clause Mod: Limit one foe put to sleep\n|rule|Mega Rayquaza Clause: You cannot mega evolve Rayquaza\n|clearpoke\n|poke|p1|Zygarde|\n|poke|p1|Marshadow|\n|poke|p1|Mewtwo|\n|poke|p1|Necrozma-Dusk-Mane|\n|poke|p1|Solgaleo|\n|poke|p1|Shuckle, M|\n|poke|p2|Zygarde|\n|poke|p2|Xerneas-*|\n|poke|p2|Eternatus|\n|poke|p2|Ho-Oh|\n|poke|p2|Marshadow|\n|poke|p2|Zekrom|\n|teampreview\n|inactive|Battle timer is ON: inactive players will automatically lose when time's up. (requested by haii x3)\n|\n|t:|1699293842\n|start\n|switch|p1a: Dustin The Turkey|Shuckle, M|100\/100\n|switch|p2a: Zekrom|Zekrom, shiny|100\/100\n|-ability|p2a: Zekrom|Teravolt\n|turn|1\n|\n|t:|1699293848\n|move|p2a: Zekrom|Substitute|p2a: Zekrom\n|-start|p2a: Zekrom|Substitute\n|-damage|p2a: Zekrom|76\/100\n|move|p1a: Dustin The Turkey|Stealth Rock|p2a: Zekrom\n|-sidestart|p2: haii x3|move: Stealth Rock\n|\n|-heal|p2a: Zekrom|82\/100|[from] item: Leftovers\n|upkeep\n|turn|2\n|\n|t:|1699293859\n|move|p2a: Zekrom|Dragon Dance|p2a: Zekrom\n|-boost|p2a: Zekrom|atk|1\n|-boost|p2a: Zekrom|spe|1\n|move|p1a: Dustin The Turkey|Sticky Web|p2a: Zekrom\n|-sidestart|p2: haii x3|move: Sticky Web\n|\n|-heal|p2a: Zekrom|88\/100|[from] item: Leftovers\n|upkeep\n|turn|3\n|\n|t:|1699293871\n|switch|p1a: K\u00e4\u00e4rij\u00e4|Marshadow|100\/100\n|move|p2a: Zekrom|Dragon Dance|p2a: Zekrom\n|-boost|p2a: Zekrom|atk|1\n|-boost|p2a: Zekrom|spe|1\n|\n|-heal|p2a: Zekrom|94\/100|[from] item: Leftovers\n|upkeep\n|turn|4\n|\n|t:|1699293886\n|move|p2a: Zekrom|Dragon Claw|p1a: K\u00e4\u00e4rij\u00e4\n|-enditem|p1a: K\u00e4\u00e4rij\u00e4|Focus Sash\n|-damage|p1a: K\u00e4\u00e4rij\u00e4|1\/100\n|move|p1a: K\u00e4\u00e4rij\u00e4|Spectral Thief||[still]\n|-clearpositiveboost|p2a: Zekrom|p1a: K\u00e4\u00e4rij\u00e4|move: Spectral Thief\n|-boost|p1a: K\u00e4\u00e4rij\u00e4|atk|2\n|-boost|p1a: K\u00e4\u00e4rij\u00e4|spe|2\n|-anim|p1a: K\u00e4\u00e4rij\u00e4|Spectral Thief|p2a: Zekrom\n|-damage|p2a: Zekrom|10\/100\n|\n|-heal|p2a: Zekrom|16\/100|[from] item: Leftovers\n|upkeep\n|turn|5\n|\n|t:|1699293908\n|move|p1a: K\u00e4\u00e4rij\u00e4|Spectral Thief|p2a: Zekrom\n|-damage|p2a: Zekrom|0 fnt\n|faint|p2a: Zekrom\n|\n|upkeep\n|\n|t:|1699293915\n|switch|p2a: Marshadow|Marshadow|100\/100\n|-damage|p2a: Marshadow|94\/100|[from] Stealth Rock\n|-activate|p2a: Marshadow|move: Sticky Web\n|-unboost|p2a: Marshadow|spe|1\n|turn|6\n|\n|t:|1699293921\n|move|p2a: Marshadow|Shadow Sneak|p1a: K\u00e4\u00e4rij\u00e4\n|-supereffective|p1a: K\u00e4\u00e4rij\u00e4\n|-damage|p1a: K\u00e4\u00e4rij\u00e4|0 fnt\n|faint|p1a: K\u00e4\u00e4rij\u00e4\n|\n|upkeep\n|\n|t:|1699293926\n|switch|p1a: Dustin The Turkey|Shuckle, M|100\/100\n|turn|7\n|\n|t:|1699293933\n|move|p2a: Marshadow|Shadow Sneak|p1a: Dustin The Turkey\n|-damage|p1a: Dustin The Turkey|70\/100\n|-enditem|p1a: Dustin The Turkey|Red Card|[of] p2a: Marshadow\n|drag|p2a: Zygarde|Zygarde, shiny|100\/100\n|-damage|p2a: Zygarde|94\/100|[from] Stealth Rock\n|-activate|p2a: Zygarde|move: Sticky Web\n|-unboost|p2a: Zygarde|spe|1\n|move|p1a: Dustin The Turkey|Toxic|p2a: Zygarde\n|-status|p2a: Zygarde|tox\n|\n|-damage|p2a: Zygarde|88\/100 tox|[from] psn\n|upkeep\n|turn|8\n|\n|t:|1699293947\n|move|p2a: Zygarde|Glare|p1a: Dustin The Turkey\n|-status|p1a: Dustin The Turkey|par\n|move|p1a: Dustin The Turkey|Infestation|p2a: Zygarde\n|-damage|p2a: Zygarde|86\/100 tox\n|-activate|p2a: Zygarde|move: Infestation|[of] p1a: Dustin The Turkey\n|\n|-damage|p2a: Zygarde|74\/100 tox|[from] psn\n|-damage|p2a: Zygarde|62\/100 tox|[from] move: Infestation|[partiallytrapped]\n|upkeep\n|turn|9\n|\n|t:|1699293953\n|move|p2a: Zygarde|Coil|p2a: Zygarde\n|-boost|p2a: Zygarde|atk|1\n|-boost|p2a: Zygarde|def|1\n|-boost|p2a: Zygarde|accuracy|1\n|move|p1a: Dustin The Turkey|Infestation|p2a: Zygarde\n|-damage|p2a: Zygarde|60\/100 tox\n|\n|-damage|p2a: Zygarde|41\/100 tox|[from] psn\n|-damage|p2a: Zygarde|29\/100 tox|[from] move: Infestation|[partiallytrapped]\n|-activate|p2a: Zygarde|ability: Power Construct\n|detailschange|p2a: Zygarde|Zygarde-Complete, shiny\n|-heal|p2a: Zygarde|53\/100 tox|[silent]\n|upkeep\n|turn|10\n|\n|t:|1699293960\n|move|p2a: Zygarde|Coil|p2a: Zygarde\n|-boost|p2a: Zygarde|atk|1\n|-boost|p2a: Zygarde|def|1\n|-boost|p2a: Zygarde|accuracy|1\n|move|p1a: Dustin The Turkey|Infestation|p2a: Zygarde\n|-damage|p2a: Zygarde|52\/100 tox\n|\n|-damage|p2a: Zygarde|28\/100 tox|[from] psn\n|-damage|p2a: Zygarde|15\/100 tox|[from] move: Infestation|[partiallytrapped]\n|upkeep\n|turn|11\n|\n|t:|1699293964\n|move|p2a: Zygarde|Rest|p2a: Zygarde\n|-status|p2a: Zygarde|slp|[from] move: Rest\n|-heal|p2a: Zygarde|100\/100 slp|[silent]\n|-enditem|p2a: Zygarde|Chesto Berry|[eat]\n|-curestatus|p2a: Zygarde|slp|[msg]\n|move|p1a: Dustin The Turkey|Infestation|p2a: Zygarde\n|-damage|p2a: Zygarde|99\/100\n|\n|-damage|p2a: Zygarde|87\/100|[from] move: Infestation|[partiallytrapped]\n|upkeep\n|turn|12\n|\n|t:|1699293971\n|move|p2a: Zygarde|Coil|p2a: Zygarde\n|-boost|p2a: Zygarde|atk|1\n|-boost|p2a: Zygarde|def|1\n|-boost|p2a: Zygarde|accuracy|1\n|move|p1a: Dustin The Turkey|Toxic|p2a: Zygarde\n|-status|p2a: Zygarde|tox\n|\n|-damage|p2a: Zygarde|81\/100 tox|[from] psn\n|-damage|p2a: Zygarde|68\/100 tox|[from] move: Infestation|[partiallytrapped]\n|upkeep\n|turn|13\n|\n|t:|1699293974\n|move|p2a: Zygarde|Thousand Arrows|p1a: Dustin The Turkey\n|-damage|p1a: Dustin The Turkey|15\/100 par\n|cant|p1a: Dustin The Turkey|par\n|\n|-damage|p2a: Zygarde|56\/100 tox|[from] psn\n|-end|p2a: Zygarde|Infestation|[partiallytrapped]\n|upkeep\n|turn|14\n|\n|t:|1699293980\n|move|p2a: Zygarde|Coil|p2a: Zygarde\n|-boost|p2a: Zygarde|atk|1\n|-boost|p2a: Zygarde|def|1\n|-boost|p2a: Zygarde|accuracy|1\n|move|p1a: Dustin The Turkey|Infestation|p2a: Zygarde\n|-damage|p2a: Zygarde|55\/100 tox\n|-activate|p2a: Zygarde|move: Infestation|[of] p1a: Dustin The Turkey\n|\n|-damage|p2a: Zygarde|37\/100 tox|[from] psn\n|-damage|p2a: Zygarde|24\/100 tox|[from] move: Infestation|[partiallytrapped]\n|upkeep\n|turn|15\n|\n|t:|1699293987\n|move|p2a: Zygarde|Rest|p2a: Zygarde\n|-status|p2a: Zygarde|slp|[from] move: Rest\n|-heal|p2a: Zygarde|100\/100 slp|[silent]\n|move|p1a: Dustin The Turkey|Infestation|p2a: Zygarde\n|-damage|p2a: Zygarde|99\/100 slp\n|\n|-damage|p2a: Zygarde|87\/100 slp|[from] move: Infestation|[partiallytrapped]\n|upkeep\n|turn|16\n|\n|t:|1699293994\n|switch|p1a: Graham Norton|Mewtwo, shiny|100\/100\n|-ability|p1a: Graham Norton|Pressure\n|cant|p2a: Zygarde|slp\n|\n|-end|p2a: Zygarde|Infestation|[partiallytrapped]|[silent]\n|upkeep\n|turn|17\n|\n|t:|1699294005\n|detailschange|p1a: Graham Norton|Mewtwo-Mega-Y, shiny\n|-mega|p1a: Graham Norton|Mewtwo|Mewtwonite Y\n|move|p1a: Graham Norton|Nasty Plot|p1a: Graham Norton\n|-boost|p1a: Graham Norton|spa|2\n|cant|p2a: Zygarde|slp\n|\n|upkeep\n|turn|18\n|\n|t:|1699294012\n|move|p1a: Graham Norton|Ice Beam|p2a: Zygarde\n|-supereffective|p2a: Zygarde\n|-damage|p2a: Zygarde|0 fnt\n|faint|p2a: Zygarde\n|\n|upkeep\n|\n|t:|1699294016\n|switch|p2a: Marshadow|Marshadow|94\/100\n|-damage|p2a: Marshadow|88\/100|[from] Stealth Rock\n|-activate|p2a: Marshadow|move: Sticky Web\n|-unboost|p2a: Marshadow|spe|1\n|turn|19\n|\n|t:|1699294020\n|move|p2a: Marshadow|Shadow Sneak|p1a: Graham Norton\n|-supereffective|p1a: Graham Norton\n|-damage|p1a: Graham Norton|0 fnt\n|faint|p1a: Graham Norton\n|\n|upkeep\n|\n|t:|1699294025\n|switch|p1a: Loreen|Zygarde, shiny|100\/100\n|turn|20\n|\n|t:|1699294031\n|switch|p2a: Ho-Oh|Ho-Oh, shiny|100\/100\n|-terastallize|p1a: Loreen|Normal\n|move|p1a: Loreen|Dragon Dance|p1a: Loreen\n|-boost|p1a: Loreen|atk|1\n|-boost|p1a: Loreen|spe|1\n|\n|upkeep\n|turn|21\n|\n|t:|1699294036\n|move|p1a: Loreen|Thousand Arrows|p2a: Ho-Oh\n|-damage|p2a: Ho-Oh|60\/100\n|-start|p2a: Ho-Oh|Smack Down\n|move|p2a: Ho-Oh|Toxic|p1a: Loreen\n|-status|p1a: Loreen|tox\n|\n|-damage|p1a: Loreen|94\/100 tox|[from] psn\n|upkeep\n|turn|22\n|\n|t:|1699294043\n|move|p1a: Loreen|Thousand Arrows|p2a: Ho-Oh\n|-supereffective|p2a: Ho-Oh\n|-crit|p2a: Ho-Oh\n|-damage|p2a: Ho-Oh|0 fnt\n|faint|p2a: Ho-Oh\n|\n|-heal|p1a: Loreen|100\/100 tox|[from] item: Leftovers\n|-damage|p1a: Loreen|88\/100 tox|[from] psn\n|upkeep\n|\n|t:|1699294049\n|switch|p2a: Xerneas|Xerneas, shiny|100\/100\n|-damage|p2a: Xerneas|88\/100|[from] Stealth Rock\n|-activate|p2a: Xerneas|move: Sticky Web\n|-unboost|p2a: Xerneas|spe|1\n|-ability|p2a: Xerneas|Fairy Aura\n|turn|23\n|\n|t:|1699294052\n|move|p1a: Loreen|Extreme Speed|p2a: Xerneas\n|-damage|p2a: Xerneas|35\/100\n|move|p2a: Xerneas|Substitute|p2a: Xerneas\n|-start|p2a: Xerneas|Substitute\n|-damage|p2a: Xerneas|10\/100\n|\n|-heal|p1a: Loreen|94\/100 tox|[from] item: Leftovers\n|-damage|p1a: Loreen|76\/100 tox|[from] psn\n|upkeep\n|turn|24\n|\n|t:|1699294056\n|move|p1a: Loreen|Extreme Speed|p2a: Xerneas\n|-end|p2a: Xerneas|Substitute\n|move|p2a: Xerneas|Geomancy||[still]\n|-prepare|p2a: Xerneas|Geomancy\n|-enditem|p2a: Xerneas|Power Herb\n|-anim|p2a: Xerneas|Geomancy|p2a: Xerneas\n|-boost|p2a: Xerneas|spa|2\n|-boost|p2a: Xerneas|spd|2\n|-boost|p2a: Xerneas|spe|2\n|\n|-heal|p1a: Loreen|82\/100 tox|[from] item: Leftovers\n|-damage|p1a: Loreen|57\/100 tox|[from] psn\n|upkeep\n|turn|25\n|\n|t:|1699294066\n|switch|p2a: Marshadow|Marshadow|88\/100\n|-damage|p2a: Marshadow|82\/100|[from] Stealth Rock\n|-activate|p2a: Marshadow|move: Sticky Web\n|-unboost|p2a: Marshadow|spe|1\n|move|p1a: Loreen|Extreme Speed|p2a: Marshadow\n|-immune|p2a: Marshadow\n|\n|-heal|p1a: Loreen|64\/100 tox|[from] item: Leftovers\n|-damage|p1a: Loreen|33\/100 tox|[from] psn\n|-activate|p1a: Loreen|ability: Power Construct\n|detailschange|p1a: Loreen|Zygarde-Complete, shiny, tera:Normal\n|-heal|p1a: Loreen|58\/100 tox|[silent]\n|upkeep\n|turn|26\n|\n|t:|1699294073\n|move|p1a: Loreen|Zen Headbutt|p2a: Marshadow\n|-supereffective|p2a: Marshadow\n|-damage|p2a: Marshadow|0 fnt\n|faint|p2a: Marshadow\n|\n|-heal|p1a: Loreen|64\/100 tox|[from] item: Leftovers\n|-damage|p1a: Loreen|28\/100 tox|[from] psn\n|upkeep\n|\n|t:|1699294075\n|switch|p2a: Eternatus|Eternatus|100\/100\n|-damage|p2a: Eternatus|88\/100|[from] Stealth Rock\n|-activate|p2a: Eternatus|move: Sticky Web\n|-unboost|p2a: Eternatus|spe|1\n|-ability|p2a: Eternatus|Pressure\n|turn|27\n|\n|t:|1699294084\n|-terastallize|p2a: Eternatus|Rock\n|move|p1a: Loreen|Zen Headbutt|p2a: Eternatus\n|-damage|p2a: Eternatus|60\/100\n|move|p2a: Eternatus|Meteor Beam||[still]\n|-prepare|p2a: Eternatus|Meteor Beam\n|-boost|p2a: Eternatus|spa|1\n|-enditem|p2a: Eternatus|Power Herb\n|-anim|p2a: Eternatus|Meteor Beam|p1a: Loreen\n|-damage|p1a: Loreen|0 fnt\n|faint|p1a: Loreen\n|\n|upkeep\n|\n|t:|1699294095\n|switch|p1a: The Arockalypse|Necrozma-Dusk-Mane|100\/100\n|turn|28\n|\n|t:|1699294109\n|detailschange|p1a: The Arockalypse|Necrozma-Ultra\n|-burst|p1a: The Arockalypse|Necrozma|Ultranecrozium Z\n|move|p1a: The Arockalypse|Sunsteel Strike|p2a: Eternatus\n|-supereffective|p2a: Eternatus\n|-damage|p2a: Eternatus|0 fnt\n|faint|p2a: Eternatus\n|\n|upkeep\n|\n|t:|1699294114\n|switch|p2a: Xerneas|Xerneas, shiny|10\/100\n|-damage|p2a: Xerneas|0 fnt|[from] Stealth Rock\n|-activate|p2a: Xerneas|move: Sticky Web\n|faint|p2a: Xerneas\n|\n|win|babbona\n|raw|babbona's rating: 1340 &rarr; <strong>1357<\/strong><br \/>(+17 for winning)\n|raw|haii x3's rating: 1293 &rarr; <strong>1271<\/strong><br \/>(-22 for losing)\n|c|\u2606babbona|gg\n|l|\u2606haii x3\n","uploadtime":1699294147,"views":7,"p1id":"babbona","p2id":"haiix3","formatid":"gen9nationaldexubers","rating":1271,"private":0,"password":""}