{"id":"gen9nationaldexubers-1981033557","p1":"seisantube","p2":"700club","format":"[Gen 9] National Dex Ubers","log":"|j|\u2606seisantube\n|j|\u2606700club\n|t:|1698858345\n|gametype|singles\n|player|p1|seisantube|1|1173\n|player|p2|700club|shadowtriad|1097\n|teamsize|p1|6\n|teamsize|p2|6\n|gen|9\n|tier|[Gen 9] National Dex Ubers\n|rated|\n|rule|HP Percentage Mod: HP is shown in percentages\n|rule|Endless Battle Clause: Forcing endless battles is banned\n|rule|OHKO Clause: OHKO moves are banned\n|rule|Evasion Moves Clause: Evasion moves are banned\n|rule|Evasion Items Clause: Evasion items are banned\n|rule|Species Clause: Limit one of each Pok\u00e9mon\n|rule|Sleep Clause Mod: Limit one foe put to sleep\n|rule|Mega Rayquaza Clause: You cannot mega evolve Rayquaza\n|clearpoke\n|poke|p1|Mimikyu, F|\n|poke|p1|Dracovish|\n|poke|p1|Necrozma-Dusk-Mane|\n|poke|p1|Medicham, F|\n|poke|p1|Moltres|\n|poke|p1|Swellow, M|\n|poke|p2|Ogerpon-Hearthflame, F|\n|poke|p2|Arceus-Poison|\n|poke|p2|Deoxys-Speed|\n|poke|p2|Alakazam, F|\n|poke|p2|Necrozma-Dusk-Mane|\n|poke|p2|Yveltal|\n|teampreview\n|inactive|Battle timer is ON: inactive players will automatically lose when time's up. (requested by seisantube)\n|c|\u2606700club|hi\n|\n|t:|1698858354\n|start\n|switch|p1a: Mimikyu|Mimikyu, F|100\/100\n|switch|p2a: Deoxys|Deoxys-Speed|100\/100\n|-ability|p2a: Deoxys|Pressure\n|turn|1\n|\n|t:|1698858363\n|move|p2a: Deoxys|Taunt|p1a: Mimikyu\n|-start|p1a: Mimikyu|move: Taunt\n|move|p1a: Mimikyu|Shadow Claw|p2a: Deoxys\n|-supereffective|p2a: Deoxys\n|-damage|p2a: Deoxys|7\/100\n|-damage|p1a: Mimikyu|91\/100|[from] item: Life Orb\n|\n|upkeep\n|turn|2\n|\n|t:|1698858371\n|move|p1a: Mimikyu|Shadow Sneak|p2a: Deoxys\n|-supereffective|p2a: Deoxys\n|-damage|p2a: Deoxys|0 fnt\n|faint|p2a: Deoxys\n|-damage|p1a: Mimikyu|81\/100|[from] item: Life Orb\n|\n|upkeep\n|inactive|700club has 120 seconds left.\n|\n|t:|1698858407\n|switch|p2a: Arceus|Arceus-Poison|100\/100\n|turn|3\n|inactive|700club has 120 seconds left.\n|\n|t:|1698858425\n|switch|p1a: Necrozma|Necrozma-Dusk-Mane|100\/100\n|move|p2a: Arceus|Sludge Bomb|p1a: Necrozma\n|-immune|p1a: Necrozma\n|\n|upkeep\n|turn|4\n|\n|t:|1698858435\n|switch|p2a: Yveltal|Yveltal|100\/100\n|-ability|p2a: Yveltal|Dark Aura\n|move|p1a: Necrozma|Dragon Dance|p1a: Necrozma\n|-boost|p1a: Necrozma|atk|1\n|-boost|p1a: Necrozma|spe|1\n|\n|upkeep\n|turn|5\n|inactive|700club has 120 seconds left.\n|\n|t:|1698858455\n|-terastallize|p2a: Yveltal|Ghost\n|move|p1a: Necrozma|Sunsteel Strike|p2a: Yveltal\n|-damage|p2a: Yveltal|42\/100\n|move|p2a: Yveltal|Foul Play|p1a: Necrozma\n|-supereffective|p1a: Necrozma\n|-damage|p1a: Necrozma|0 fnt\n|faint|p1a: Necrozma\n|\n|upkeep\n|\n|t:|1698858468\n|switch|p1a: Mimikyu|Mimikyu, F|81\/100\n|turn|6\n|inactive|700club has 120 seconds left.\n|\n|t:|1698858484\n|move|p1a: Mimikyu|Shadow Sneak|p2a: Yveltal\n|-supereffective|p2a: Yveltal\n|-damage|p2a: Yveltal|10\/100\n|-damage|p1a: Mimikyu|71\/100|[from] item: Life Orb\n|move|p2a: Yveltal|Foul Play|p1a: Mimikyu\n|-activate|p1a: Mimikyu|ability: Disguise\n|-damage|p1a: Mimikyu|71\/100\n|detailschange|p1a: Mimikyu|Mimikyu-Busted, F\n|-damage|p1a: Mimikyu|58\/100|[from] pokemon: Mimikyu-Busted\n|\n|upkeep\n|turn|7\n|inactive|700club has 120 seconds left.\n|\n|t:|1698858495\n|move|p1a: Mimikyu|Shadow Sneak|p2a: Yveltal\n|-supereffective|p2a: Yveltal\n|-damage|p2a: Yveltal|0 fnt\n|faint|p2a: Yveltal\n|-damage|p1a: Mimikyu|48\/100|[from] item: Life Orb\n|\n|upkeep\n|\n|t:|1698858516\n|switch|p2a: Ogerpon|Ogerpon-Hearthflame, F|100\/100\n|-ability|p2a: Ogerpon|Mold Breaker\n|turn|8\n|\n|t:|1698858525\n|move|p2a: Ogerpon|Ivy Cudgel|p1a: Mimikyu\n|-damage|p1a: Mimikyu|0 fnt\n|faint|p1a: Mimikyu\n|\n|upkeep\n|\n|t:|1698858544\n|switch|p1a: Swellow|Swellow, M|100\/100\n|turn|9\n|\n|t:|1698858551\n|move|p1a: Swellow|Air Slash|p2a: Ogerpon\n|-supereffective|p2a: Ogerpon\n|-damage|p2a: Ogerpon|27\/100\n|move|p2a: Ogerpon|Ivy Cudgel|p1a: Swellow\n|-damage|p1a: Swellow|10\/100\n|\n|upkeep\n|turn|10\n|inactive|700club has 120 seconds left.\n|\n|t:|1698858558\n|move|p1a: Swellow|Air Slash|p2a: Ogerpon\n|-supereffective|p2a: Ogerpon\n|-damage|p2a: Ogerpon|0 fnt\n|faint|p2a: Ogerpon\n|\n|upkeep\n|inactive|700club has 120 seconds left.\n|\n|t:|1698858564\n|switch|p2a: Necrozma|Necrozma-Dusk-Mane|100\/100\n|turn|11\n|\n|t:|1698858572\n|move|p1a: Swellow|Air Slash|p2a: Necrozma\n|-resisted|p2a: Necrozma\n|-damage|p2a: Necrozma|81\/100\n|cant|p2a: Necrozma|flinch\n|\n|upkeep\n|turn|12\n|\n|t:|1698858578\n|switch|p1a: Dracovish|Dracovish|100\/100\n|move|p2a: Necrozma|Dragon Dance|p2a: Necrozma\n|-boost|p2a: Necrozma|atk|1\n|-boost|p2a: Necrozma|spe|1\n|\n|upkeep\n|turn|13\n|inactive|700club has 120 seconds left.\n|\n|t:|1698858613\n|switch|p1a: Moltres|Moltres|100\/100\n|detailschange|p2a: Necrozma|Necrozma-Ultra\n|-burst|p2a: Necrozma|Necrozma|Ultranecrozium Z\n|move|p2a: Necrozma|Photon Geyser|p1a: Moltres\n|-damage|p1a: Moltres|28\/100\n|\n|upkeep\n|turn|14\n|-message|seisantube forfeited.\n|\n|win|700club\n|raw|seisantube's rating: 1173 &rarr; <strong>1143<\/strong><br \/>(-30 for losing)\n|raw|700club's rating: 1097 &rarr; <strong>1128<\/strong><br \/>(+31 for winning)\n|l|\u2606seisantube\n","uploadtime":1698858628,"views":10,"p1id":"seisantube","p2id":"700club","formatid":"gen9nationaldexubers","rating":1128,"private":0,"password":""}