{"id":"gen9nationaldexubers-1988641280","p1":"BugkeeperBimmy","p2":"kraibh","format":"[Gen 9] National Dex Ubers","log":"|j|\u2606BugkeeperBimmy\n|j|\u2606kraibh\n|t:|1699745202\n|gametype|singles\n|player|p1|BugkeeperBimmy|bugcatcher-gen4dp|\n|player|p2|kraibh|169|\n|teamsize|p1|6\n|teamsize|p2|6\n|gen|9\n|tier|[Gen 9] National Dex Ubers\n|rule|HP Percentage Mod: HP is shown in percentages\n|rule|Endless Battle Clause: Forcing endless battles is banned\n|rule|OHKO Clause: OHKO moves are banned\n|rule|Evasion Moves Clause: Evasion moves are banned\n|rule|Evasion Items Clause: Evasion items are banned\n|rule|Species Clause: Limit one of each Pok\u00e9mon\n|rule|Sleep Clause Mod: Limit one foe put to sleep\n|rule|Mega Rayquaza Clause: You cannot mega evolve Rayquaza\n|clearpoke\n|poke|p1|Landorus-Therian, M|\n|poke|p1|Seismitoad, F|\n|poke|p1|Raikou|\n|poke|p1|Terrakion|\n|poke|p1|Kyurem|\n|poke|p1|Dodrio, M|\n|poke|p2|Raikou|\n|poke|p2|Terrakion|\n|poke|p2|Landorus-Therian, M|\n|poke|p2|Kyurem|\n|poke|p2|Delphox, M|\n|poke|p2|Gourgeist-*, M|\n|teampreview\n|inactive|Battle timer is ON: inactive players will automatically lose when time's up. (requested by BugkeeperBimmy)\n|\n|t:|1699745226\n|start\n|switch|p1a: Milf Pounder|Terrakion|100\/100\n|switch|p2a: You just got ICED|Landorus-Therian, M|100\/100\n|-ability|p2a: You just got ICED|Intimidate|boost\n|-unboost|p1a: Milf Pounder|atk|1\n|turn|1\n|j| Pyos\n|inactive|BugkeeperBimmy has 270 seconds left.\n|\n|t:|1699745273\n|move|p1a: Milf Pounder|Stealth Rock|p2a: You just got ICED\n|-sidestart|p2: kraibh|move: Stealth Rock\n|move|p2a: You just got ICED|Stealth Rock|p1a: Milf Pounder\n|-sidestart|p1: BugkeeperBimmy|move: Stealth Rock\n|\n|upkeep\n|turn|2\n|\n|t:|1699745286\n|move|p1a: Milf Pounder|Stone Edge|p2a: You just got ICED\n|-crit|p2a: You just got ICED\n|-damage|p2a: You just got ICED|46\/100\n|move|p2a: You just got ICED|Knock Off|p1a: Milf Pounder\n|-resisted|p1a: Milf Pounder\n|-damage|p1a: Milf Pounder|84\/100\n|-ability|p1a: Milf Pounder|Justified|boost\n|-boost|p1a: Milf Pounder|atk|1\n|-enditem|p1a: Milf Pounder|Focus Sash|[from] move: Knock Off|[of] p2a: You just got ICED\n|\n|upkeep\n|turn|3\n|c|\u2606kraibh|i am a fool\n|\n|t:|1699745298\n|move|p1a: Milf Pounder|Stone Edge|p2a: You just got ICED\n|-damage|p2a: You just got ICED|6\/100\n|move|p2a: You just got ICED|Earthquake|p1a: Milf Pounder\n|-supereffective|p1a: Milf Pounder\n|-damage|p1a: Milf Pounder|0 fnt\n|faint|p1a: Milf Pounder\n|\n|upkeep\n|c|\u2606BugkeeperBimmy|lol\n|c|\u2606kraibh|this pokemon is broken\n|inactive|BugkeeperBimmy has 240 seconds left.\n|inactive|BugkeeperBimmy has 210 seconds left.\n|\n|t:|1699745361\n|switch|p1a: Him|Landorus-Therian, M|100\/100\n|-damage|p1a: Him|88\/100|[from] Stealth Rock\n|-ability|p1a: Him|Intimidate|boost\n|-unboost|p2a: You just got ICED|atk|1\n|turn|4\n|\n|t:|1699745367\n|move|p1a: Him|U-turn|p2a: You just got ICED\n|-resisted|p2a: You just got ICED\n|-damage|p2a: You just got ICED|0 fnt\n|faint|p2a: You just got ICED\n|inactive|BugkeeperBimmy has 210 seconds left.\n|\n|t:|1699745403\n|switch|p1a: Bird up|Dodrio, M|100\/100|[from] U-turn\n|-damage|p1a: Bird up|76\/100|[from] Stealth Rock\n|\n|upkeep\n|\n|t:|1699745424\n|switch|p2a: Ungreat Neck|Raikou, shiny|100\/100\n|-damage|p2a: Ungreat Neck|88\/100|[from] Stealth Rock\n|-ability|p2a: Ungreat Neck|Pressure\n|-item|p2a: Ungreat Neck|Air Balloon\n|turn|5\n|inactive|BugkeeperBimmy has 180 seconds left.\n|\n|t:|1699745450\n|move|p2a: Ungreat Neck|Thunderbolt|p1a: Bird up\n|-supereffective|p1a: Bird up\n|-damage|p1a: Bird up|0 fnt\n|faint|p1a: Bird up\n|\n|upkeep\n|\n|t:|1699745455\n|switch|p1a: Pupper|Raikou|100\/100\n|-damage|p1a: Pupper|88\/100|[from] Stealth Rock\n|turn|6\n|inactive|BugkeeperBimmy has 180 seconds left.\n|inactive|BugkeeperBimmy has 150 seconds left.\n|\n|t:|1699745508\n|switch|p2a: Animal Style|Gourgeist-Super, M|100\/100\n|-damage|p2a: Animal Style|88\/100|[from] Stealth Rock\n|-item|p1a: Pupper|Damp Rock|[from] ability: Frisk|[of] p2a: Animal Style|[identify]\n|move|p1a: Pupper|Thunderbolt|p2a: Animal Style\n|-resisted|p2a: Animal Style\n|-damage|p2a: Animal Style|63\/100\n|\n|upkeep\n|turn|7\n|inactive|BugkeeperBimmy has 150 seconds left.\n|c|\u2606kraibh|wanna turn off the timer?\n|c|\u2606BugkeeperBimmy|sure\n|inactiveoff|Battle timer is now OFF.\n|l| Pyos\n|\n|t:|1699745535\n|move|p1a: Pupper|Rain Dance|p1a: Pupper\n|-weather|RainDance\n|move|p2a: Animal Style|Poltergeist|p1a: Pupper\n|-activate|p1a: Pupper|move: Poltergeist|Damp Rock\n|-damage|p1a: Pupper|0 fnt\n|faint|p1a: Pupper\n|\n|-weather|RainDance|[upkeep]\n|upkeep\n|\n|t:|1699745579\n|switch|p1a: Ice to meet you!|Kyurem|100\/100\n|-damage|p1a: Ice to meet you!|76\/100|[from] Stealth Rock\n|-ability|p1a: Ice to meet you!|Pressure\n|turn|8\n|\n|t:|1699745594\n|move|p1a: Ice to meet you!|Draco Meteor|p2a: Animal Style\n|-damage|p2a: Animal Style|0 fnt\n|-unboost|p1a: Ice to meet you!|spa|2\n|faint|p2a: Animal Style\n|\n|-weather|RainDance|[upkeep]\n|upkeep\n|\n|t:|1699745614\n|switch|p2a: The Purple Gal|Delphox, M, shiny|100\/100\n|-damage|p2a: The Purple Gal|75\/100|[from] Stealth Rock\n|turn|9\n|\n|t:|1699745635\n|move|p1a: Ice to meet you!|Draco Meteor|p2a: The Purple Gal\n|-damage|p2a: The Purple Gal|37\/100\n|-unboost|p1a: Ice to meet you!|spa|2\n|move|p2a: The Purple Gal|Substitute|p2a: The Purple Gal\n|-start|p2a: The Purple Gal|Substitute\n|-damage|p2a: The Purple Gal|12\/100\n|-enditem|p2a: The Purple Gal|Salac Berry|[eat]\n|-boost|p2a: The Purple Gal|spe|1|[from] item: Salac Berry\n|\n|-weather|RainDance|[upkeep]\n|upkeep\n|turn|10\n|\n|t:|1699745647\n|move|p2a: The Purple Gal|Nasty Plot|p2a: The Purple Gal\n|-boost|p2a: The Purple Gal|spa|2\n|move|p1a: Ice to meet you!|Draco Meteor|p2a: The Purple Gal|[miss]\n|-miss|p1a: Ice to meet you!|p2a: The Purple Gal\n|\n|-weather|RainDance|[upkeep]\n|upkeep\n|turn|11\n|c|\u2606kraibh|unlucky\n|c|\u2606kraibh|sorry\n|c|\u2606BugkeeperBimmy|ok well thats gg I think\n|c|\u2606BugkeeperBimmy|whatever\n|\n|t:|1699745673\n|move|p2a: The Purple Gal|Dazzling Gleam|p1a: Ice to meet you!\n|-supereffective|p1a: Ice to meet you!\n|-damage|p1a: Ice to meet you!|0 fnt\n|faint|p1a: Ice to meet you!\n|\n|-weather|RainDance|[upkeep]\n|upkeep\n|j| Flungusdungus\n|\n|t:|1699745705\n|switch|p1a: Him|Landorus-Therian, M|88\/100\n|-damage|p1a: Him|76\/100|[from] Stealth Rock\n|-ability|p1a: Him|Intimidate|boost\n|-immune|p2a: The Purple Gal\n|turn|12\n|\n|t:|1699745720\n|move|p2a: The Purple Gal|Dazzling Gleam|p1a: Him\n|-damage|p1a: Him|14\/100\n|-item|p2a: The Purple Gal|Choice Scarf|[from] ability: Magician|[of] p1a: Him\n|move|p1a: Him|Explosion|p2a: The Purple Gal\n|-end|p2a: The Purple Gal|Substitute\n|faint|p1a: Him\n|\n|-weather|RainDance|[upkeep]\n|upkeep\n|-message|BugkeeperBimmy forfeited.\n|\n|win|kraibh\n|l|\u2606BugkeeperBimmy\n","uploadtime":1699745730,"views":14,"p1id":"bugkeeperbimmy","p2id":"kraibh","formatid":"gen9nationaldexubers","rating":0,"private":0,"password":""}