{"id":"gen9nationaldexubers-1994552209","p1":"SCARCITY25","p2":"Aroma Nobody","format":"[Gen 9] National Dex Ubers","log":"|j|\u2606SCARCITY25\n|j|\u2606Aroma Nobody\n|t:|1700458608\n|gametype|singles\n|player|p1|SCARCITY25|cynthia-gen4|\n|player|p2|Aroma Nobody|turo-ai|\n|teamsize|p1|6\n|teamsize|p2|6\n|gen|9\n|tier|[Gen 9] National Dex Ubers\n|rule|HP Percentage Mod: HP is shown in percentages\n|rule|Endless Battle Clause: Forcing endless battles is banned\n|rule|OHKO Clause: OHKO moves are banned\n|rule|Evasion Moves Clause: Evasion moves are banned\n|rule|Evasion Items Clause: Evasion items are banned\n|rule|Species Clause: Limit one of each Pok\u00e9mon\n|rule|Sleep Clause Mod: Limit one foe put to sleep\n|rule|Mega Rayquaza Clause: You cannot mega evolve Rayquaza\n|clearpoke\n|poke|p1|Iron Valiant|\n|poke|p1|Tapu Koko|\n|poke|p1|Urshifu-*, F|\n|poke|p1|Corviknight, F|\n|poke|p1|Garchomp, M|\n|poke|p1|Rotom-Wash|\n|poke|p2|Deoxys-Speed|\n|poke|p2|Tapu Lele|\n|poke|p2|Hawlucha, M|\n|poke|p2|Gardevoir, M|\n|poke|p2|Slowbro, F|\n|poke|p2|Victini|\n|teampreview\n|c|\u2606Aroma Nobody|glhf\n|c|\u2606SCARCITY25|glhf\n|c|\u2606SCARCITY25|ngl i forgor lele was a psychic\n|\n|t:|1700458636\n|start\n|switch|p1a: Urshifu|Urshifu, F|100\/100\n|switch|p2a: Gardevoir|Gardevoir, M|100\/100\n|-ability|p2a: Gardevoir|Unseen Fist|[from] ability: Trace|[of] p1a: Urshifu\n|turn|1\n|\n|t:|1700458693\n|switch|p1a: Corviknight|Corviknight, F|100\/100\n|-ability|p1a: Corviknight|Pressure\n|detailschange|p2a: Gardevoir|Gardevoir-Mega, M\n|-mega|p2a: Gardevoir|Gardevoir|Gardevoirite\n|move|p2a: Gardevoir|Hyper Voice|p1a: Corviknight\n|-resisted|p1a: Corviknight\n|-damage|p1a: Corviknight|68\/100\n|\n|-heal|p1a: Corviknight|75\/100|[from] item: Leftovers\n|upkeep\n|turn|2\n|\n|t:|1700458712\n|switch|p2a: Victini|Victini|100\/100\n|switch|p1a: Tapu Koko|Tapu Koko|100\/100\n|-fieldstart|move: Electric Terrain|[from] ability: Electric Surge|[of] p1a: Tapu Koko\n|\n|upkeep\n|turn|3\n|c|\u2606SCARCITY25|yooo i screwed up the evs here\n|c|\u2606SCARCITY25|oh well\n|\n|t:|1700458736\n|switch|p1a: Garchomp|Garchomp, M|100\/100\n|move|p2a: Victini|U-turn|p1a: Garchomp\n|-damage|p1a: Garchomp|72\/100\n|-damage|p2a: Victini|88\/100|[from] ability: Rough Skin|[of] p1a: Garchomp\n|\n|t:|1700458745\n|switch|p2a: Slowbro|Slowbro, F|100\/100|[from] U-turn\n|\n|upkeep\n|turn|4\n|\n|t:|1700458770\n|switch|p1a: Rotom|Rotom-Wash|100\/100\n|move|p2a: Slowbro|Future Sight|p1a: Rotom\n|-start|p2a: Slowbro|move: Future Sight\n|\n|upkeep\n|turn|5\n|\n|t:|1700458798\n|move|p1a: Rotom|Thunder Wave|p2a: Slowbro\n|-status|p2a: Slowbro|par\n|cant|p2a: Slowbro|par\n|\n|upkeep\n|turn|6\n|\n|t:|1700458801\n|move|p1a: Rotom|Volt Switch|p2a: Slowbro\n|-supereffective|p2a: Slowbro\n|-damage|p2a: Slowbro|51\/100 par\n|\n|t:|1700458814\n|switch|p1a: Urshifu|Urshifu, F|100\/100|[from] Volt Switch\n|cant|p2a: Slowbro|par\n|\n|-end|p1a: Urshifu|move: Future Sight\n|-immune|p1a: Urshifu\n|-fieldend|move: Electric Terrain\n|upkeep\n|turn|7\n|c|\u2606SCARCITY25|mb\n|\n|t:|1700458832\n|move|p1a: Urshifu|Swords Dance|p1a: Urshifu\n|-boost|p1a: Urshifu|atk|2\n|move|p2a: Slowbro|Scald|p1a: Urshifu\n|-damage|p1a: Urshifu|57\/100\n|\n|upkeep\n|turn|8\n|\n|t:|1700458835\n|move|p1a: Urshifu|Wicked Blow|p2a: Slowbro\n|-supereffective|p2a: Slowbro\n|-crit|p2a: Slowbro\n|-damage|p2a: Slowbro|0 fnt\n|faint|p2a: Slowbro\n|\n|upkeep\n|\n|t:|1700458838\n|switch|p2a: Tapu Lele|Tapu Lele|100\/100\n|-fieldstart|move: Psychic Terrain|[from] ability: Psychic Surge|[of] p2a: Tapu Lele\n|turn|9\n|\n|t:|1700458866\n|switch|p1a: Corviknight|Corviknight, F|75\/100\n|-ability|p1a: Corviknight|Pressure\n|move|p2a: Tapu Lele|Moonblast|p1a: Corviknight\n|-resisted|p1a: Corviknight\n|-damage|p1a: Corviknight|50\/100\n|\n|-heal|p1a: Corviknight|56\/100|[from] item: Leftovers\n|upkeep\n|turn|10\n|\n|t:|1700458888\n|switch|p2a: Victini|Victini|88\/100\n|move|p1a: Corviknight|Roost|p1a: Corviknight\n|-heal|p1a: Corviknight|100\/100\n|-singleturn|p1a: Corviknight|move: Roost\n|\n|upkeep\n|turn|11\n|\n|t:|1700458896\n|switch|p1a: Rotom|Rotom-Wash|100\/100\n|move|p2a: Victini|U-turn|p1a: Rotom\n|-damage|p1a: Rotom|68\/100\n|\n|t:|1700458908\n|switch|p2a: Gardevoir|Gardevoir-Mega, M|100\/100|[from] U-turn\n|\n|-heal|p1a: Rotom|75\/100|[from] item: Leftovers\n|upkeep\n|turn|12\n|\n|t:|1700458914\n|move|p2a: Gardevoir|Hyper Voice|p1a: Rotom\n|-damage|p1a: Rotom|25\/100\n|move|p1a: Rotom|Thunder Wave|p2a: Gardevoir\n|-status|p2a: Gardevoir|par\n|\n|-heal|p1a: Rotom|31\/100|[from] item: Leftovers\n|upkeep\n|turn|13\n|\n|t:|1700458919\n|move|p1a: Rotom|Volt Switch|p2a: Gardevoir\n|-damage|p2a: Gardevoir|76\/100 par\n|\n|t:|1700458922\n|switch|p1a: Corviknight|Corviknight, F|100\/100|[from] Volt Switch\n|-ability|p1a: Corviknight|Pressure\n|move|p2a: Gardevoir|Hyper Voice|p1a: Corviknight\n|-resisted|p1a: Corviknight\n|-damage|p1a: Corviknight|70\/100\n|\n|-heal|p1a: Corviknight|76\/100|[from] item: Leftovers\n|-fieldend|move: Psychic Terrain\n|upkeep\n|turn|14\n|\n|t:|1700458927\n|move|p2a: Gardevoir|Mystical Fire|p1a: Corviknight\n|-supereffective|p1a: Corviknight\n|-damage|p1a: Corviknight|16\/100\n|-unboost|p1a: Corviknight|spa|1\n|move|p1a: Corviknight|U-turn|p2a: Gardevoir\n|-damage|p2a: Gardevoir|50\/100 par\n|\n|t:|1700458933\n|switch|p1a: Tapu Koko|Tapu Koko|100\/100|[from] U-turn\n|-fieldstart|move: Electric Terrain|[from] ability: Electric Surge|[of] p1a: Tapu Koko\n|\n|upkeep\n|turn|15\n|\n|t:|1700458936\n|switch|p2a: Tapu Lele|Tapu Lele|100\/100\n|-fieldstart|move: Psychic Terrain|[from] ability: Psychic Surge|[of] p2a: Tapu Lele\n|move|p1a: Tapu Koko|Light Screen|p1a: Tapu Koko\n|-sidestart|p1: SCARCITY25|move: Light Screen\n|\n|upkeep\n|turn|16\n|\n|t:|1700458944\n|move|p2a: Tapu Lele|Psychic|p1a: Tapu Koko\n|-damage|p1a: Tapu Koko|54\/100\n|move|p1a: Tapu Koko|Reflect|p1a: Tapu Koko\n|-sidestart|p1: SCARCITY25|Reflect\n|\n|upkeep\n|turn|17\n|j| Ginesect\n|c| Ginesect|Hi I'm here\n|c|\u2606SCARCITY25|hello\n|c|\u2606Aroma Nobody|Hello\n|c| Ginesect|Don't mind me sneaking\n|c|\u2606SCARCITY25|help gin i have max spatk screens koko\n|c|\u2606SCARCITY25|i screwed up\n|c| Ginesect|if impulse wins chal me next fr\n|c| Ginesect|is it specs\n|c| Ginesect|I love specs koko\n|c|\u2606SCARCITY25|no its screens\n|\n|t:|1700458976\n|switch|p1a: Urshifu|Urshifu, F|57\/100\n|move|p2a: Tapu Lele|Psychic|p1a: Urshifu\n|-immune|p1a: Urshifu\n|\n|upkeep\n|turn|18\n|c| Ginesect|oh\n|c| Ginesect|Specs koko is my fav set\n|\n|t:|1700458987\n|switch|p2a: Victini|Victini|88\/100\n|move|p1a: Urshifu|Wicked Blow|p2a: Victini\n|-supereffective|p2a: Victini\n|-crit|p2a: Victini\n|-damage|p2a: Victini|0 fnt\n|faint|p2a: Victini\n|\n|upkeep\n|\n|t:|1700458991\n|switch|p2a: Hawlucha|Hawlucha, M|100\/100\n|-enditem|p2a: Hawlucha|Psychic Seed\n|-boost|p2a: Hawlucha|spd|1|[from] item: Psychic Seed\n|turn|19\n|c| Ginesect|Omg nobody\n|\n|t:|1700459030\n|-terastallize|p2a: Hawlucha|Flying\n|move|p2a: Hawlucha|Acrobatics|p1a: Urshifu\n|-supereffective|p1a: Urshifu\n|-damage|p1a: Urshifu|0 fnt\n|faint|p1a: Urshifu\n|\n|-fieldend|move: Psychic Terrain\n|upkeep\n|\n|t:|1700459071\n|switch|p1a: Rotom|Rotom-Wash|31\/100\n|turn|20\n|\n|t:|1700459098\n|move|p2a: Hawlucha|Close Combat|p1a: Rotom\n|-damage|p1a: Rotom|0 fnt\n|-unboost|p2a: Hawlucha|def|1\n|-unboost|p2a: Hawlucha|spd|1\n|faint|p1a: Rotom\n|\n|upkeep\n|c|\u2606SCARCITY25|252+ Atk Hawlucha Close Combat vs. 252 HP \/ 0 Def Rotom-Wash through Reflect: 80-95 (26.3 - 31.2%) -- 11.4% chance to 4HKO after Leftovers recovery\n|c|\u2606SCARCITY25|damn it\n|c|\u2606SCARCITY25|uhh\n|c| Ginesect|Wtf bulky af\n|c|\u2606Aroma Nobody|I mean, that's with reflect\n|\n|t:|1700459155\n|switch|p1a: Garchomp|Garchomp, M|72\/100\n|turn|21\n|j| lnkibugfytrd\n|c|\u2606Aroma Nobody|otherwise it does 50%\n|l| lnkibugfytrd\n|c| Ginesect|Ninja u should use sneasler instead of hawlucha fr\n|\n|t:|1700459183\n|move|p2a: Hawlucha|Acrobatics|p1a: Garchomp\n|-damage|p1a: Garchomp|42\/100\n|-damage|p2a: Hawlucha|88\/100|[from] ability: Rough Skin|[of] p1a: Garchomp\n|move|p1a: Garchomp|Scale Shot|p2a: Hawlucha\n|-damage|p2a: Hawlucha|61\/100\n|-damage|p2a: Hawlucha|34\/100\n|-damage|p2a: Hawlucha|9\/100\n|-damage|p2a: Hawlucha|0 fnt\n|faint|p2a: Hawlucha\n|-hitcount|p2: Hawlucha|4\n|-unboost|p1a: Garchomp|def|1\n|-boost|p1a: Garchomp|spe|1\n|\n|upkeep\n|c|\u2606Aroma Nobody|who ninja?\n|c| Ginesect|Oh wait\n|\n|t:|1700459194\n|switch|p2a: Tapu Lele|Tapu Lele|100\/100\n|-fieldstart|move: Psychic Terrain|[from] ability: Psychic Surge|[of] p2a: Tapu Lele\n|turn|22\n|c| Ginesect|Nobody\n|c| Ginesect|Mb\n|c|\u2606Aroma Nobody|yeah, it's the better option\n|c|\u2606Aroma Nobody|I kinda just tossed this team together as a theory idea\n|\n|t:|1700459266\n|-terastallize|p1a: Garchomp|Steel\n|move|p1a: Garchomp|Swords Dance|p1a: Garchomp\n|-boost|p1a: Garchomp|atk|2\n|move|p2a: Tapu Lele|Psychic|p1a: Garchomp\n|-resisted|p1a: Garchomp\n|-damage|p1a: Garchomp|27\/100\n|\n|-sideend|p1: SCARCITY25|move: Light Screen\n|upkeep\n|turn|23\n|c| Ginesect|Damn\n|c| Ginesect|gg ig\n|c|\u2606Aroma Nobody|yeah gg\n|\n|t:|1700459313\n|move|p1a: Garchomp|Earthquake|p2a: Tapu Lele\n|-damage|p2a: Tapu Lele|0 fnt\n|faint|p2a: Tapu Lele\n|\n|-sideend|p1: SCARCITY25|Reflect\n|upkeep\n|\n|t:|1700459317\n|switch|p2a: Deoxys|Deoxys-Speed|100\/100\n|-ability|p2a: Deoxys|Pressure\n|turn|24\n|\n|t:|1700459321\n|move|p2a: Deoxys|Ice Beam|p1a: Garchomp\n|-resisted|p1a: Garchomp\n|-damage|p1a: Garchomp|14\/100\n|-status|p1a: Garchomp|frz\n|-curestatus|p1a: Garchomp|frz|[msg]\n|move|p1a: Garchomp|Earthquake|p2a: Deoxys\n|-crit|p2a: Deoxys\n|-damage|p2a: Deoxys|0 fnt\n|faint|p2a: Deoxys\n|\n|upkeep\n|\n|t:|1700459326\n|switch|p2a: Gardevoir|Gardevoir-Mega, M|50\/100 par\n|turn|25\n|c| Ginesect|Lmao\n|\n|t:|1700459329\n|move|p1a: Garchomp|Earthquake|p2a: Gardevoir\n|-damage|p2a: Gardevoir|0 fnt\n|faint|p2a: Gardevoir\n|\n|win|SCARCITY25\n|c|\u2606SCARCITY25|ggs\n|c| Ginesect|Impulse chal me next\n|c|\u2606SCARCITY25|!showteam\n|c| SCARCITY25|\/raw <div class=\"infobox\"><details><summary>View team<\/summary>Iron Valiant @ Life Orb  <br \/>Ability: Quark Drive  <br \/>Tera Type: Steel  <br \/>EVs: 252 SpA &#x2f; 4 SpD &#x2f; 252 Spe  <br \/>Timid Nature  <br \/>- Swords Dance  <br \/>- Knock Off  <br \/>- Spirit Break  <br \/>- Poison Jab  <br \/><br \/>Tapu Koko @ Light Clay  <br \/>Ability: Electric Surge  <br \/>Tera Type: Electric  <br \/>EVs: 252 SpA &#x2f; 4 SpD &#x2f; 252 Spe  <br \/>Timid Nature  <br \/>- Light Screen  <br \/>- Reflect  <br \/>- U-turn  <br \/>- Roost  <br \/><br \/>Urshifu (F) @ Roseli Berry  <br \/>Ability: Unseen Fist  <br \/>Tera Type: Dark  <br \/>EVs: 252 Atk &#x2f; 4 SpD &#x2f; 252 Spe  <br \/>Jolly Nature  <br \/>- Swords Dance  <br \/>- Wicked Blow  <br \/>- Sucker Punch  <br \/>- Iron Head  <br \/><br \/>Corviknight (F) @ Leftovers  <br \/>Ability: Pressure  <br \/>Tera Type: Dragon  <br \/>EVs: 252 HP &#x2f; 252 Def &#x2f; 4 SpD  <br \/>Relaxed Nature  <br \/>IVs: 0 Spe  <br \/>- U-turn  <br \/>- Brave Bird  <br \/>- Roost  <br \/>- Defog  <br \/><br \/>Garchomp (M) @ Loaded Dice  <br \/>Ability: Rough Skin  <br \/>Tera Type: Steel  <br \/>EVs: 252 Atk &#x2f; 4 SpD &#x2f; 252 Spe  <br \/>Jolly Nature  <br \/>- Stealth Rock  <br \/>- Swords Dance  <br \/>- Earthquake  <br \/>- Scale Shot  <br \/><br \/>Rotom (Rotom-Wash) @ Leftovers  <br \/>Ability: Levitate  <br \/>Tera Type: Steel  <br \/>EVs: 252 HP &#x2f; 248 SpD &#x2f; 8 Spe  <br \/>Calm Nature  <br \/>IVs: 0 Atk  <br \/>- Volt Switch  <br \/>- Hydro Pump  <br \/>- Thunder Wave  <br \/>- Pain Split  <br \/><br \/><\/details><\/div>\n","uploadtime":1700459336,"views":5,"p1id":"scarcity25","p2id":"aromanobody","formatid":"gen9nationaldexubers","rating":0,"private":0,"password":""}