{"id":"gen9nationaldexubers-1989038088","p1":"Yami Tayori","p2":"Jacw212","format":"[Gen 9] National Dex Ubers","log":"|j|\u2606Yami Tayori\n|j|\u2606Jacw212\n|t:|1699805194\n|gametype|singles\n|player|p1|Yami Tayori|steven|1190\n|player|p2|Jacw212|roughneck-gen4|1288\n|teamsize|p1|6\n|teamsize|p2|6\n|gen|9\n|tier|[Gen 9] National Dex Ubers\n|rated|\n|rule|HP Percentage Mod: HP is shown in percentages\n|rule|Endless Battle Clause: Forcing endless battles is banned\n|rule|OHKO Clause: OHKO moves are banned\n|rule|Evasion Moves Clause: Evasion moves are banned\n|rule|Evasion Items Clause: Evasion items are banned\n|rule|Species Clause: Limit one of each Pok\u00e9mon\n|rule|Sleep Clause Mod: Limit one foe put to sleep\n|rule|Mega Rayquaza Clause: You cannot mega evolve Rayquaza\n|clearpoke\n|poke|p1|Kingambit, M|\n|poke|p1|Roggenrola, F|\n|poke|p1|Carbink|\n|poke|p1|Magnemite|\n|poke|p1|Geodude, M|\n|poke|p1|Bonsly, M|\n|poke|p2|Alakazam, F|\n|poke|p2|Weavile, F|\n|poke|p2|Scolipede, F|\n|poke|p2|Cofagrigus, F|\n|poke|p2|Magnezone|\n|poke|p2|Machamp, F|\n|teampreview\n|\n|t:|1699805205\n|start\n|switch|p1a: Bonsly|Bonsly, M|100\/100\n|switch|p2a: Scolipede|Scolipede, F|100\/100\n|turn|1\n|\n|t:|1699805210\n|move|p2a: Scolipede|Rock Slide|p1a: Bonsly\n|-damage|p1a: Bonsly|59\/100\n|-damage|p2a: Scolipede|91\/100|[from] item: Life Orb\n|move|p1a: Bonsly|Explosion|p2a: Scolipede\n|-damage|p2a: Scolipede|0 fnt\n|faint|p1a: Bonsly\n|faint|p2a: Scolipede\n|\n|upkeep\n|\n|t:|1699805223\n|switch|p2a: Machamp|Machamp, F|100\/100\n|switch|p1a: Roggenrola|Roggenrola, F|100\/100\n|turn|2\n|\n|t:|1699805228\n|move|p2a: Machamp|Dynamic Punch|p1a: Roggenrola\n|-supereffective|p1a: Roggenrola\n|-ability|p1a: Roggenrola|Sturdy\n|-damage|p1a: Roggenrola|1\/100\n|-start|p1a: Roggenrola|confusion\n|-activate|p1a: Roggenrola|confusion\n|move|p1a: Roggenrola|Explosion|p2a: Machamp\n|-damage|p2a: Machamp|26\/100\n|faint|p1a: Roggenrola\n|\n|upkeep\n|\n|t:|1699805237\n|switch|p1a: Carbink|Carbink|100\/100\n|turn|3\n|\n|t:|1699805242\n|move|p2a: Machamp|Bullet Punch|p1a: Carbink\n|-supereffective|p1a: Carbink\n|-damage|p1a: Carbink|37\/100\n|move|p1a: Carbink|Explosion|p2a: Machamp\n|-damage|p2a: Machamp|0 fnt\n|faint|p1a: Carbink\n|faint|p2a: Machamp\n|\n|upkeep\n|\n|t:|1699805251\n|switch|p2a: Weavile|Weavile, F|100\/100\n|switch|p1a: Magnemite|Magnemite|100\/100\n|turn|4\n|\n|t:|1699805255\n|move|p2a: Weavile|Fake Out|p1a: Magnemite\n|-resisted|p1a: Magnemite\n|-damage|p1a: Magnemite|84\/100\n|cant|p1a: Magnemite|flinch\n|\n|upkeep\n|turn|5\n|\n|t:|1699805260\n|move|p2a: Weavile|Knock Off|p1a: Magnemite\n|-damage|p1a: Magnemite|0 fnt\n|-enditem|p1a: Magnemite|Choice Band|[from] move: Knock Off|[of] p2a: Weavile\n|faint|p1a: Magnemite\n|\n|upkeep\n|\n|t:|1699805264\n|switch|p1a: Geodude|Geodude, M|100\/100\n|turn|6\n|\n|t:|1699805267\n|move|p2a: Weavile|Triple Axel|p1a: Geodude\n|-supereffective|p1a: Geodude\n|-damage|p1a: Geodude|70\/100\n|-hitcount|p1a: Geodude|1\n|move|p1a: Geodude|Explosion|p2a: Weavile\n|-enditem|p2a: Weavile|Focus Sash\n|-damage|p2a: Weavile|1\/100\n|faint|p1a: Geodude\n|\n|upkeep\n|\n|t:|1699805270\n|switch|p1a: Kingambit|Kingambit, M|100\/100\n|-activate|p1a: Kingambit|ability: Supreme Overlord\n|-start|p1a: Kingambit|fallen5|[silent]\n|turn|7\n|\n|t:|1699805278\n|move|p1a: Kingambit|Sucker Punch|p2a: Weavile\n|-resisted|p2a: Weavile\n|-damage|p2a: Weavile|0 fnt\n|faint|p2a: Weavile\n|\n|upkeep\n|\n|t:|1699805281\n|switch|p2a: Cofagrigus|Cofagrigus, F|100\/100\n|turn|8\n|\n|t:|1699805292\n|-terastallize|p2a: Cofagrigus|Normal\n|move|p1a: Kingambit|Swords Dance|p1a: Kingambit\n|-boost|p1a: Kingambit|atk|2\n|move|p2a: Cofagrigus|Will-O-Wisp|p1a: Kingambit|[miss]\n|-miss|p2a: Cofagrigus|p1a: Kingambit\n|\n|upkeep\n|turn|9\n|\n|t:|1699805304\n|move|p1a: Kingambit|Brick Break|p2a: Cofagrigus\n|-supereffective|p2a: Cofagrigus\n|-damage|p2a: Cofagrigus|0 fnt\n|-damage|p1a: Kingambit|84\/100|[from] item: Rocky Helmet|[of] p2a: Cofagrigus\n|-end|p1a: Kingambit|fallen5|[silent]\n|-activate|p2a: Cofagrigus|ability: Mummy|Supreme Overlord|[of] p1a: Kingambit\n|faint|p2a: Cofagrigus\n|\n|upkeep\n|\n|t:|1699805312\n|switch|p2a: Magnezone|Magnezone|100\/100\n|-item|p2a: Magnezone|Air Balloon\n|turn|10\n|\n|t:|1699805316\n|move|p1a: Kingambit|Brick Break|p2a: Magnezone\n|-supereffective|p2a: Magnezone\n|-damage|p2a: Magnezone|3\/100\n|-enditem|p2a: Magnezone|Air Balloon\n|move|p2a: Magnezone|Signal Beam|p1a: Kingambit\n|-damage|p1a: Kingambit|43\/100\n|\n|upkeep\n|turn|11\n|\n|t:|1699805324\n|move|p1a: Kingambit|Sucker Punch|p2a: Magnezone\n|-damage|p2a: Magnezone|0 fnt\n|faint|p2a: Magnezone\n|\n|upkeep\n|\n|t:|1699805325\n|switch|p2a: Alakazam|Alakazam, F|100\/100\n|turn|12\n|\n|t:|1699805330\n|-terastallize|p1a: Kingambit|Dark\n|move|p1a: Kingambit|Sucker Punch|p2a: Alakazam\n|-supereffective|p2a: Alakazam\n|-damage|p2a: Alakazam|0 fnt\n|faint|p2a: Alakazam\n|\n|win|Yami Tayori\n|raw|Yami Tayori's rating: 1190 &rarr; <strong>1222<\/strong><br \/>(+32 for winning)\n|raw|Jacw212's rating: 1288 &rarr; <strong>1256<\/strong><br \/>(-32 for losing)\n|l|\u2606Jacw212\n","uploadtime":1699805344,"views":6,"p1id":"yamitayori","p2id":"jacw212","formatid":"gen9nationaldexubers","rating":1222,"private":0,"password":""}