{"id":"gen9nationaldexubers-1985852491","p1":"hutoew","p2":"mokshagnaathenub","format":"[Gen 9] National Dex Ubers","log":"|j|\u2606hutoew\n|j|\u2606mokshagnaathenub\n|t:|1699413330\n|gametype|singles\n|player|p1|hutoew|hilda|1252\n|player|p2|mokshagnaathenub|101|1381\n|teamsize|p1|6\n|teamsize|p2|6\n|gen|9\n|tier|[Gen 9] National Dex Ubers\n|rated|\n|rule|HP Percentage Mod: HP is shown in percentages\n|rule|Endless Battle Clause: Forcing endless battles is banned\n|rule|OHKO Clause: OHKO moves are banned\n|rule|Evasion Moves Clause: Evasion moves are banned\n|rule|Evasion Items Clause: Evasion items are banned\n|rule|Species Clause: Limit one of each Pok\u00e9mon\n|rule|Sleep Clause Mod: Limit one foe put to sleep\n|rule|Mega Rayquaza Clause: You cannot mega evolve Rayquaza\n|clearpoke\n|poke|p1|Xerneas-*|\n|poke|p1|Yveltal|\n|poke|p1|Marshadow|\n|poke|p1|Cinderace, F|\n|poke|p1|Kartana|\n|poke|p1|Kyurem-White|\n|poke|p2|Xerneas-*|\n|poke|p2|Jirachi|\n|poke|p2|Yveltal|\n|poke|p2|Zygarde|\n|poke|p2|Chansey, F|\n|poke|p2|Scizor, M|\n|teampreview\n|\n|t:|1699413343\n|start\n|switch|p1a: Yveltal|Yveltal|100\/100\n|switch|p2a: Yveltal|Yveltal|100\/100\n|-ability|p1a: Yveltal|Dark Aura\n|-ability|p2a: Yveltal|Dark Aura\n|turn|1\n|\n|t:|1699413347\n|move|p1a: Yveltal|Knock Off|p2a: Yveltal\n|-resisted|p2a: Yveltal\n|-damage|p2a: Yveltal|80\/100\n|-enditem|p2a: Yveltal|Leftovers|[from] move: Knock Off|[of] p1a: Yveltal\n|move|p2a: Yveltal|Toxic|p1a: Yveltal\n|-status|p1a: Yveltal|tox\n|\n|-damage|p1a: Yveltal|94\/100 tox|[from] psn\n|upkeep\n|turn|2\n|\n|t:|1699413352\n|move|p1a: Yveltal|U-turn|p2a: Yveltal\n|-damage|p2a: Yveltal|67\/100\n|\n|t:|1699413355\n|switch|p1a: Kartana|Kartana|100\/100|[from] U-turn\n|move|p2a: Yveltal|Roost|p2a: Yveltal\n|-heal|p2a: Yveltal|100\/100\n|-singleturn|p2a: Yveltal|move: Roost\n|\n|upkeep\n|turn|3\n|\n|t:|1699413365\n|move|p1a: Kartana|Smart Strike|p2a: Yveltal\n|-damage|p2a: Yveltal|60\/100\n|move|p2a: Yveltal|Foul Play|p1a: Kartana\n|-damage|p1a: Kartana|13\/100\n|\n|upkeep\n|turn|4\n|\n|t:|1699413371\n|switch|p1a: Xerneas|Xerneas|100\/100\n|-ability|p1a: Xerneas|Fairy Aura\n|move|p2a: Yveltal|Roost|p2a: Yveltal\n|-heal|p2a: Yveltal|100\/100\n|-singleturn|p2a: Yveltal|move: Roost\n|\n|upkeep\n|turn|5\n|\n|t:|1699413375\n|move|p1a: Xerneas|Play Rough|p2a: Yveltal\n|-supereffective|p2a: Yveltal\n|-damage|p2a: Yveltal|1\/100\n|move|p2a: Yveltal|Toxic|p1a: Xerneas\n|-status|p1a: Xerneas|tox\n|\n|-damage|p1a: Xerneas|94\/100 tox|[from] psn\n|upkeep\n|turn|6\n|\n|t:|1699413381\n|switch|p2a: Scizor|Scizor, M|100\/100\n|move|p1a: Xerneas|Play Rough|p2a: Scizor\n|-resisted|p2a: Scizor\n|-damage|p2a: Scizor|65\/100\n|\n|-damage|p1a: Xerneas|82\/100 tox|[from] psn\n|upkeep\n|turn|7\n|\n|t:|1699413385\n|switch|p1a: Kartana|Kartana|13\/100\n|detailschange|p2a: Scizor|Scizor-Mega, M\n|-mega|p2a: Scizor|Scizor|Scizorite\n|move|p2a: Scizor|Roost|p2a: Scizor\n|-heal|p2a: Scizor|100\/100\n|-singleturn|p2a: Scizor|move: Roost\n|\n|upkeep\n|turn|8\n|\n|t:|1699413390\n|move|p2a: Scizor|Bullet Punch|p1a: Kartana\n|-resisted|p1a: Kartana\n|-damage|p1a: Kartana|0 fnt\n|faint|p1a: Kartana\n|\n|upkeep\n|\n|t:|1699413394\n|switch|p1a: Cinderace|Cinderace, F|100\/100\n|turn|9\n|\n|t:|1699413400\n|move|p2a: Scizor|Bullet Punch|p1a: Cinderace\n|-resisted|p1a: Cinderace\n|-damage|p1a: Cinderace|78\/100\n|move|p1a: Cinderace|Pyro Ball|p2a: Scizor\n|-supereffective|p2a: Scizor\n|-damage|p2a: Scizor|0 fnt\n|faint|p2a: Scizor\n|\n|upkeep\n|\n|t:|1699413407\n|switch|p2a: Zygarde|Zygarde|100\/100\n|-ability|p2a: Zygarde|Aura Break\n|turn|10\n|\n|t:|1699413416\n|move|p1a: Cinderace|Pyro Ball|p2a: Zygarde\n|-resisted|p2a: Zygarde\n|-damage|p2a: Zygarde|81\/100\n|move|p2a: Zygarde|Glare|p1a: Cinderace\n|-status|p1a: Cinderace|par\n|\n|-heal|p2a: Zygarde|87\/100|[from] item: Leftovers\n|upkeep\n|turn|11\n|\n|t:|1699413422\n|switch|p1a: Yveltal|Yveltal|94\/100 tox\n|-ability|p1a: Yveltal|Dark Aura\n|move|p2a: Zygarde|Dragon Dance|p2a: Zygarde\n|-boost|p2a: Zygarde|atk|1\n|-boost|p2a: Zygarde|spe|1\n|\n|-heal|p2a: Zygarde|93\/100|[from] item: Leftovers\n|-damage|p1a: Yveltal|88\/100 tox|[from] psn\n|upkeep\n|turn|12\n|\n|t:|1699413425\n|move|p2a: Zygarde|Substitute|p2a: Zygarde\n|-start|p2a: Zygarde|Substitute\n|-damage|p2a: Zygarde|69\/100\n|move|p1a: Yveltal|Knock Off|p2a: Zygarde\n|-end|p2a: Zygarde|Substitute\n|\n|-heal|p2a: Zygarde|75\/100|[from] item: Leftovers\n|-damage|p1a: Yveltal|76\/100 tox|[from] psn\n|upkeep\n|turn|13\n|\n|t:|1699413433\n|move|p2a: Zygarde|Substitute|p2a: Zygarde\n|-start|p2a: Zygarde|Substitute\n|-damage|p2a: Zygarde|50\/100\n|move|p1a: Yveltal|Knock Off|p2a: Zygarde\n|-end|p2a: Zygarde|Substitute\n|\n|-heal|p2a: Zygarde|56\/100|[from] item: Leftovers\n|-damage|p1a: Yveltal|58\/100 tox|[from] psn\n|upkeep\n|turn|14\n|\n|t:|1699413437\n|move|p2a: Zygarde|Thousand Arrows|p1a: Yveltal\n|-damage|p1a: Yveltal|14\/100 tox\n|-start|p1a: Yveltal|Smack Down\n|move|p1a: Yveltal|U-turn|p2a: Zygarde\n|-damage|p2a: Zygarde|40\/100\n|\n|t:|1699413442\n|switch|p1a: Kyurem|Kyurem-White|100\/100|[from] U-turn\n|-ability|p1a: Kyurem|Turboblaze\n|\n|-heal|p2a: Zygarde|46\/100|[from] item: Leftovers\n|upkeep\n|turn|15\n|\n|t:|1699413446\n|move|p1a: Kyurem|Freeze-Dry|p2a: Zygarde\n|-supereffective|p2a: Zygarde\n|-damage|p2a: Zygarde|0 fnt\n|faint|p2a: Zygarde\n|\n|upkeep\n|\n|t:|1699413452\n|switch|p2a: Xerneas|Xerneas|100\/100\n|-ability|p2a: Xerneas|Fairy Aura\n|turn|16\n|\n|t:|1699413457\n|move|p1a: Kyurem|Freeze-Dry|p2a: Xerneas\n|-damage|p2a: Xerneas|63\/100\n|-status|p2a: Xerneas|frz\n|cant|p2a: Xerneas|frz\n|\n|upkeep\n|turn|17\n|\n|t:|1699413462\n|move|p1a: Kyurem|Freeze-Dry|p2a: Xerneas\n|-damage|p2a: Xerneas|27\/100 frz\n|cant|p2a: Xerneas|frz\n|\n|upkeep\n|turn|18\n|\n|t:|1699413464\n|switch|p2a: Jirachi|Jirachi|100\/100\n|move|p1a: Kyurem|Freeze-Dry|p2a: Jirachi\n|-resisted|p2a: Jirachi\n|-damage|p2a: Jirachi|81\/100\n|\n|upkeep\n|turn|19\n|\n|t:|1699413471\n|switch|p1a: Yveltal|Yveltal|14\/100 tox\n|-ability|p1a: Yveltal|Dark Aura\n|move|p2a: Jirachi|Healing Wish|p2a: Jirachi\n|faint|p2a: Jirachi\n|\n|-damage|p1a: Yveltal|8\/100 tox|[from] psn\n|upkeep\n|\n|t:|1699413478\n|switch|p2a: Xerneas|Xerneas|27\/100 frz\n|-heal|p2a: Xerneas|100\/100|[from] move: Healing Wish\n|-ability|p2a: Xerneas|Fairy Aura\n|turn|20\n|\n|t:|1699413484\n|switch|p2a: Chansey|Chansey, F|100\/100\n|move|p1a: Yveltal|Knock Off|p2a: Chansey\n|-damage|p2a: Chansey|56\/100\n|-enditem|p2a: Chansey|Eviolite|[from] move: Knock Off|[of] p1a: Yveltal\n|\n|-damage|p1a: Yveltal|0 fnt|[from] psn\n|faint|p1a: Yveltal\n|upkeep\n|\n|t:|1699413495\n|switch|p1a: Xerneas|Xerneas|82\/100 tox\n|-ability|p1a: Xerneas|Fairy Aura\n|turn|21\n|\n|t:|1699413501\n|move|p1a: Xerneas|Play Rough|p2a: Chansey\n|-damage|p2a: Chansey|0 fnt\n|faint|p2a: Chansey\n|\n|-damage|p1a: Xerneas|76\/100 tox|[from] psn\n|upkeep\n|\n|t:|1699413509\n|switch|p2a: Xerneas|Xerneas|100\/100\n|-ability|p2a: Xerneas|Fairy Aura\n|turn|22\n|\n|t:|1699413523\n|move|p1a: Xerneas|Play Rough|p2a: Xerneas\n|-damage|p2a: Xerneas|20\/100\n|move|p2a: Xerneas|Geomancy||[still]\n|-prepare|p2a: Xerneas|Geomancy\n|-enditem|p2a: Xerneas|Power Herb\n|-anim|p2a: Xerneas|Geomancy|p2a: Xerneas\n|-boost|p2a: Xerneas|spa|2\n|-boost|p2a: Xerneas|spd|2\n|-boost|p2a: Xerneas|spe|2\n|\n|-damage|p1a: Xerneas|64\/100 tox|[from] psn\n|upkeep\n|turn|23\n|\n|t:|1699413534\n|move|p2a: Xerneas|Moonblast|p1a: Xerneas\n|-damage|p1a: Xerneas|0 fnt\n|faint|p1a: Xerneas\n|\n|upkeep\n|\n|t:|1699413536\n|switch|p1a: Marshadow|Marshadow|100\/100\n|turn|24\n|\n|t:|1699413538\n|move|p1a: Marshadow|Shadow Sneak|p2a: Xerneas\n|-damage|p2a: Xerneas|0 fnt\n|faint|p2a: Xerneas\n|\n|upkeep\n|-message|mokshagnaathenub forfeited.\n|\n|win|hutoew\n|raw|hutoew's rating: 1252 &rarr; <strong>1286<\/strong><br \/>(+34 for winning)\n|raw|mokshagnaathenub's rating: 1381 &rarr; <strong>1354<\/strong><br \/>(-27 for losing)\n|l|\u2606mokshagnaathenub\n","uploadtime":1699413573,"views":5,"p1id":"hutoew","p2id":"mokshagnaathenub","formatid":"gen9nationaldexubers","rating":1286,"private":0,"password":""}