{"id":"gen9nationaldexubers-1981869204","p1":"sppregaladog01","p2":"zereffu","format":"[Gen 9] National Dex Ubers","log":"|j|\u2606sppregaladog01\n|j|\u2606zereffu\n|t:|1698947777\n|gametype|singles\n|player|p1|sppregaladog01|2|\n|player|p2|zereffu|sabrina|\n|teamsize|p1|6\n|teamsize|p2|6\n|gen|9\n|tier|[Gen 9] National Dex Ubers\n|rule|HP Percentage Mod: HP is shown in percentages\n|rule|Endless Battle Clause: Forcing endless battles is banned\n|rule|OHKO Clause: OHKO moves are banned\n|rule|Evasion Moves Clause: Evasion moves are banned\n|rule|Evasion Items Clause: Evasion items are banned\n|rule|Species Clause: Limit one of each Pok\u00e9mon\n|rule|Sleep Clause Mod: Limit one foe put to sleep\n|rule|Mega Rayquaza Clause: You cannot mega evolve Rayquaza\n|clearpoke\n|poke|p1|Dragapult, F|\n|poke|p1|Ariados, F|\n|poke|p1|Steelix, M|\n|poke|p1|Sirfetch\u2019d, F|\n|poke|p1|Girafarig, F|\n|poke|p1|Inteleon, M|\n|poke|p2|Moltres-Galar|\n|poke|p2|Runerigus, M|\n|poke|p2|Lanturn, M|\n|poke|p2|Rillaboom, M|\n|poke|p2|Dubwool, F|\n|poke|p2|Eldegoss, M|\n|teampreview\n|c|\u2606zereffu|A esperar a los vivi2\n|j| Mr Graecus\n|c| Mr Graecus|Hype\n|j| ric94\n|c| ric94|hola\n|j| Juanjomaster\n|c| Mr Graecus|Santy no va a poder\n|c| Mr Graecus|Solo falta Andy\n|c|\u2606sppregaladog01|Andy micasita\n|c|\u2606sppregaladog01|La avis\u00e9 ya por wa\n|c| Mr Graecus|:^)\n|c| Mr Graecus|Le tengo fe a Zereff\n|c|\u2606sppregaladog01|Yo tambi\u00e9n\n|c|\u2606zereffu|Yo no\n|j| Liza_White\n|c|\u2606sppregaladog01|Ah\u00ed ta\n|c|\u2606sppregaladog01|Le damos?\n|c| Mr Graecus|500 FicCoins a Zereff\n|\n|t:|1698947968\n|start\n|switch|p1a: Inteleon|Inteleon, M|100\/100\n|switch|p2a: Nemo|Lanturn, M|100\/100\n|turn|1\n|j| santysas\n|\n|t:|1698947988\n|move|p1a: Inteleon|U-turn|p2a: Nemo\n|-damage|p2a: Nemo|85\/100\n|\n|t:|1698947992\n|switch|p1a: Steelix|Steelix, M|100\/100|[from] U-turn\n|move|p2a: Nemo|Rain Dance|p2a: Nemo\n|-weather|RainDance\n|\n|-weather|RainDance|[upkeep]\n|-heal|p2a: Nemo|91\/100|[from] item: Leftovers\n|upkeep\n|turn|2\n|l| Juanjomaster\n|\n|t:|1698948008\n|switch|p1a: Dragapult|Dragapult, F|100\/100\n|move|p2a: Nemo|Scald|p1a: Dragapult\n|-resisted|p1a: Dragapult\n|-damage|p1a: Dragapult|72\/100\n|\n|-weather|RainDance|[upkeep]\n|-heal|p2a: Nemo|97\/100|[from] item: Leftovers\n|upkeep\n|turn|3\n|c|\u2606sppregaladog01|HE IS COOKING\n|\n|t:|1698948019\n|move|p1a: Dragapult|Dragon Claw|p2a: Nemo\n|-damage|p2a: Nemo|46\/100\n|move|p2a: Nemo|Thunder|p1a: Dragapult\n|-resisted|p1a: Dragapult\n|-damage|p1a: Dragapult|44\/100\n|-status|p1a: Dragapult|par\n|\n|-weather|RainDance|[upkeep]\n|-heal|p2a: Nemo|52\/100|[from] item: Leftovers\n|upkeep\n|turn|4\n|c|\u2606sppregaladog01|Mom come pick me up\n|c| Mr Graecus|Woooo\n|\n|t:|1698948039\n|move|p1a: Dragapult|Dragon Claw|p2a: Nemo\n|-damage|p2a: Nemo|2\/100\n|move|p2a: Nemo|Scald|p1a: Dragapult\n|-resisted|p1a: Dragapult\n|-damage|p1a: Dragapult|15\/100 par\n|\n|-weather|RainDance|[upkeep]\n|-heal|p2a: Nemo|8\/100|[from] item: Leftovers\n|upkeep\n|turn|5\n|j| Juanjomaster\n|\n|t:|1698948060\n|switch|p2a: Galar Mummy|Runerigus, M|100\/100\n|move|p1a: Dragapult|U-turn|p2a: Galar Mummy\n|-resisted|p2a: Galar Mummy\n|-damage|p2a: Galar Mummy|92\/100\n|-damage|p1a: Dragapult|0 fnt|[from] item: Rocky Helmet|[of] p2a: Galar Mummy\n|faint|p1a: Dragapult\n|\n|-weather|none\n|upkeep\n|\n|t:|1698948077\n|switch|p1a: Ariados|Ariados, F|100\/100\n|turn|6\n|\n|t:|1698948084\n|move|p1a: Ariados|Knock Off|p2a: Galar Mummy\n|-supereffective|p2a: Galar Mummy\n|-damage|p2a: Galar Mummy|61\/100\n|-damage|p1a: Ariados|84\/100|[from] item: Rocky Helmet|[of] p2a: Galar Mummy\n|-activate|p2a: Galar Mummy|ability: Wandering Spirit|Swarm|Wandering Spirit|[of] p1a: Ariados\n|-enditem|p2a: Galar Mummy|Rocky Helmet|[from] move: Knock Off|[of] p1a: Ariados\n|move|p2a: Galar Mummy|Iron Defense|p2a: Galar Mummy\n|-boost|p2a: Galar Mummy|def|2\n|\n|upkeep\n|turn|7\n|c| Juanjomaster|buenisima\n|\n|t:|1698948099\n|move|p1a: Ariados|Toxic Spikes|p2a: Galar Mummy\n|-sidestart|p2: zereffu|move: Toxic Spikes\n|move|p2a: Galar Mummy|Earthquake|p1a: Ariados\n|-damage|p1a: Ariados|43\/100\n|\n|upkeep\n|turn|8\n|\n|t:|1698948110\n|move|p1a: Ariados|Sticky Web|p2a: Galar Mummy\n|-sidestart|p2: zereffu|move: Sticky Web\n|move|p2a: Galar Mummy|Earthquake|p1a: Ariados\n|-damage|p1a: Ariados|5\/100\n|\n|upkeep\n|turn|9\n|\n|t:|1698948117\n|move|p1a: Ariados|Toxic Spikes|p2a: Galar Mummy\n|-sidestart|p2: zereffu|move: Toxic Spikes\n|move|p2a: Galar Mummy|Earthquake|p1a: Ariados\n|-damage|p1a: Ariados|0 fnt\n|faint|p1a: Ariados\n|\n|upkeep\n|c| Liza_White|alamadre\n|\n|t:|1698948133\n|switch|p1a: Sirfetch\u2019d|Sirfetch\u2019d, F|100\/100\n|turn|10\n|\n|t:|1698948143\n|-terastallize|p2a: Galar Mummy|Fighting\n|move|p1a: Sirfetch\u2019d|Leaf Blade|p2a: Galar Mummy\n|-crit|p2a: Galar Mummy\n|-damage|p2a: Galar Mummy|25\/100\n|move|p2a: Galar Mummy|Body Press|p1a: Sirfetch\u2019d\n|-damage|p1a: Sirfetch\u2019d|0 fnt\n|faint|p1a: Sirfetch\u2019d\n|\n|upkeep\n|\n|t:|1698948155\n|switch|p1a: Girafarig|Girafarig, F|100\/100\n|turn|11\n|\n|t:|1698948174\n|-terastallize|p1a: Girafarig|Fairy\n|move|p1a: Girafarig|Dazzling Gleam|p2a: Galar Mummy\n|-supereffective|p2a: Galar Mummy\n|-damage|p2a: Galar Mummy|0 fnt\n|faint|p2a: Galar Mummy\n|\n|upkeep\n|\n|t:|1698948179\n|switch|p2a: Eldegod|Eldegoss, M|100\/100\n|-status|p2a: Eldegod|tox\n|-activate|p2a: Eldegod|move: Sticky Web\n|-unboost|p2a: Eldegod|spe|1\n|turn|12\n|\n|t:|1698948190\n|move|p1a: Girafarig|Wish|p1a: Girafarig\n|move|p2a: Eldegod|Rapid Spin|p1a: Girafarig\n|-damage|p1a: Girafarig|95\/100\n|-boost|p2a: Eldegod|spe|1\n|-sideend|p2: zereffu|Toxic Spikes|[from] move: Rapid Spin|[of] p2a: Eldegod\n|-sideend|p2: zereffu|Sticky Web|[from] move: Rapid Spin|[of] p2a: Eldegod\n|\n|-damage|p2a: Eldegod|94\/100 tox|[from] psn\n|upkeep\n|turn|13\n|\n|t:|1698948201\n|move|p1a: Girafarig|Light Screen|p1a: Girafarig\n|-sidestart|p1: sppregaladog01|move: Light Screen\n|move|p2a: Eldegod|Leaf Tornado|p1a: Girafarig\n|-ability|p1a: Girafarig|Sap Sipper|boost\n|-boost|p1a: Girafarig|atk|1\n|\n|-heal|p1a: Girafarig|100\/100|[from] move: Wish|[wisher] Girafarig\n|-damage|p2a: Eldegod|82\/100 tox|[from] psn\n|upkeep\n|turn|14\n|\n|t:|1698948217\n|move|p1a: Girafarig|Psychic|p2a: Eldegod\n|-damage|p2a: Eldegod|62\/100 tox\n|move|p2a: Eldegod|Aromatherapy|p2a: Eldegod\n|-activate|p2a: Eldegod|move: Aromatherapy\n|-curestatus|p2a: Eldegod|tox|[msg]\n|\n|upkeep\n|turn|15\n|\n|t:|1698948230\n|switch|p2a: Nemo|Lanturn, M|8\/100\n|move|p1a: Girafarig|Dazzling Gleam|p2a: Nemo\n|-damage|p2a: Nemo|0 fnt\n|faint|p2a: Nemo\n|\n|upkeep\n|\n|t:|1698948237\n|switch|p2a: La cabra song|Dubwool, F|100\/100\n|turn|16\n|\n|t:|1698948240\n|switch|p1a: Steelix|Steelix, M|100\/100\n|-zpower|p2a: La cabra song\n|move|p2a: La cabra song|Z-Thunder Wave|p1a: Steelix|[anim]Thunder Wave\n|-boost|p2a: La cabra song|spd|1|[zeffect]\n|-immune|p1a: Steelix\n|\n|upkeep\n|turn|17\n|\n|t:|1698948251\n|detailschange|p1a: Steelix|Steelix-Mega, M\n|-mega|p1a: Steelix|Steelix|Steelixite\n|move|p2a: La cabra song|Cotton Guard|p2a: La cabra song\n|-boost|p2a: La cabra song|def|3\n|move|p1a: Steelix|Body Press|p2a: La cabra song\n|-supereffective|p2a: La cabra song\n|-damage|p2a: La cabra song|87\/100\n|\n|-sideend|p1: sppregaladog01|move: Light Screen\n|upkeep\n|turn|18\n|\n|t:|1698948268\n|move|p2a: La cabra song|Substitute|p2a: La cabra song\n|-start|p2a: La cabra song|Substitute\n|-damage|p2a: La cabra song|62\/100\n|move|p1a: Steelix|Body Press|p2a: La cabra song\n|-supereffective|p2a: La cabra song\n|-activate|p2a: La cabra song|move: Substitute|[damage]\n|\n|upkeep\n|turn|19\n|\n|t:|1698948275\n|switch|p1a: Girafarig|Girafarig, F, tera:Fairy|100\/100\n|move|p2a: La cabra song|Cotton Guard|p2a: La cabra song\n|-boost|p2a: La cabra song|def|3\n|\n|upkeep\n|turn|20\n|\n|t:|1698948284\n|move|p2a: La cabra song|Body Press|p1a: Girafarig\n|-resisted|p1a: Girafarig\n|-damage|p1a: Girafarig|53\/100\n|move|p1a: Girafarig|Psychic|p2a: La cabra song\n|-end|p2a: La cabra song|Substitute\n|\n|upkeep\n|turn|21\n|c|\u2606sppregaladog01|Ay wey\n|\n|t:|1698948298\n|move|p2a: La cabra song|Thunder Wave|p1a: Girafarig\n|-status|p1a: Girafarig|par\n|move|p1a: Girafarig|Psychic|p2a: La cabra song\n|-damage|p2a: La cabra song|40\/100\n|\n|upkeep\n|turn|22\n|\n|t:|1698948309\n|move|p2a: La cabra song|Substitute|p2a: La cabra song\n|-start|p2a: La cabra song|Substitute\n|-damage|p2a: La cabra song|15\/100\n|move|p1a: Girafarig|Psychic|p2a: La cabra song\n|-activate|p2a: La cabra song|move: Substitute|[damage]\n|\n|upkeep\n|turn|23\n|\n|t:|1698948315\n|move|p2a: La cabra song|Body Press|p1a: Girafarig\n|-resisted|p1a: Girafarig\n|-damage|p1a: Girafarig|4\/100 par\n|move|p1a: Girafarig|Psychic|p2a: La cabra song\n|-end|p2a: La cabra song|Substitute\n|\n|upkeep\n|turn|24\n|\n|t:|1698948321\n|move|p2a: La cabra song|Body Press|p1a: Girafarig\n|-resisted|p1a: Girafarig\n|-damage|p1a: Girafarig|0 fnt\n|faint|p1a: Girafarig\n|\n|upkeep\n|\n|t:|1698948323\n|switch|p1a: Inteleon|Inteleon, M|100\/100\n|turn|25\n|\n|t:|1698948332\n|move|p1a: Inteleon|Snipe Shot|p2a: La cabra song\n|-crit|p2a: La cabra song\n|-damage|p2a: La cabra song|0 fnt\n|faint|p2a: La cabra song\n|\n|upkeep\n|\n|t:|1698948340\n|switch|p2a: Eldegod|Eldegoss, M|95\/100\n|turn|26\n|\n|t:|1698948359\n|move|p1a: Inteleon|U-turn|p2a: Eldegod\n|-supereffective|p2a: Eldegod\n|-crit|p2a: Eldegod\n|-damage|p2a: Eldegod|39\/100\n|\n|t:|1698948362\n|switch|p1a: Steelix|Steelix-Mega, M|100\/100|[from] U-turn\n|move|p2a: Eldegod|Giga Drain|p1a: Steelix\n|-damage|p1a: Steelix|75\/100\n|-heal|p2a: Eldegod|54\/100|[from] drain|[of] p1a: Steelix\n|\n|upkeep\n|turn|27\n|\n|t:|1698948371\n|move|p2a: Eldegod|Leaf Tornado|p1a: Steelix\n|-damage|p1a: Steelix|55\/100\n|-unboost|p1a: Steelix|accuracy|1\n|move|p1a: Steelix|Stealth Rock|p2a: Eldegod\n|-sidestart|p2: zereffu|move: Stealth Rock\n|\n|upkeep\n|turn|28\n|\n|t:|1698948378\n|move|p2a: Eldegod|Rapid Spin|p1a: Steelix\n|-resisted|p1a: Steelix\n|-damage|p1a: Steelix|54\/100\n|-boost|p2a: Eldegod|spe|1\n|-sideend|p2: zereffu|Stealth Rock|[from] move: Rapid Spin|[of] p2a: Eldegod\n|move|p1a: Steelix|Body Press|p2a: Eldegod\n|-damage|p2a: Eldegod|7\/100\n|\n|upkeep\n|turn|29\n|\n|t:|1698948388\n|move|p2a: Eldegod|Leaf Tornado|p1a: Steelix\n|-damage|p1a: Steelix|34\/100\n|-unboost|p1a: Steelix|accuracy|1\n|move|p1a: Steelix|Rest|p1a: Steelix\n|-status|p1a: Steelix|slp|[from] move: Rest\n|-heal|p1a: Steelix|100\/100 slp|[silent]\n|\n|upkeep\n|turn|30\n|\n|t:|1698948396\n|move|p2a: Eldegod|Giga Drain|p1a: Steelix\n|-damage|p1a: Steelix|76\/100 slp\n|-heal|p2a: Eldegod|21\/100|[from] drain|[of] p1a: Steelix\n|cant|p1a: Steelix|slp\n|\n|upkeep\n|turn|31\n|c| Liza_White|ojito\n|\n|t:|1698948403\n|move|p2a: Eldegod|Giga Drain|p1a: Steelix\n|-damage|p1a: Steelix|54\/100 slp\n|-heal|p2a: Eldegod|33\/100|[from] drain|[of] p1a: Steelix\n|cant|p1a: Steelix|slp\n|\n|upkeep\n|turn|32\n|\n|t:|1698948409\n|move|p2a: Eldegod|Giga Drain|p1a: Steelix\n|-damage|p1a: Steelix|29\/100 slp\n|-heal|p2a: Eldegod|46\/100|[from] drain|[of] p1a: Steelix\n|-curestatus|p1a: Steelix|slp|[msg]\n|move|p1a: Steelix|Body Press|p2a: Eldegod|[miss]\n|-miss|p1a: Steelix|p2a: Eldegod\n|\n|upkeep\n|turn|33\n|\n|t:|1698948420\n|move|p2a: Eldegod|Giga Drain|p1a: Steelix\n|-damage|p1a: Steelix|4\/100\n|-heal|p2a: Eldegod|60\/100|[from] drain|[of] p1a: Steelix\n|move|p1a: Steelix|Rest|p1a: Steelix\n|-status|p1a: Steelix|slp|[from] move: Rest\n|-heal|p1a: Steelix|100\/100 slp|[silent]\n|\n|upkeep\n|turn|34\n|\n|t:|1698948435\n|move|p2a: Eldegod|Leaf Tornado|p1a: Steelix\n|-damage|p1a: Steelix|78\/100 slp\n|cant|p1a: Steelix|slp\n|\n|upkeep\n|turn|35\n|c| Liza_White|Pablo dejalo morir al pobre\n|\n|t:|1698948444\n|move|p2a: Eldegod|Leaf Tornado|p1a: Steelix\n|-damage|p1a: Steelix|59\/100 slp\n|-unboost|p1a: Steelix|accuracy|1\n|cant|p1a: Steelix|slp\n|\n|upkeep\n|turn|36\n|\n|t:|1698948452\n|move|p2a: Eldegod|Giga Drain|p1a: Steelix\n|-damage|p1a: Steelix|36\/100 slp\n|-heal|p2a: Eldegod|73\/100|[from] drain|[of] p1a: Steelix\n|-curestatus|p1a: Steelix|slp|[msg]\n|move|p1a: Steelix|Body Press|p2a: Eldegod\n|-crit|p2a: Eldegod\n|-damage|p2a: Eldegod|0 fnt\n|faint|p2a: Eldegod\n|\n|upkeep\n|\n|t:|1698948459\n|switch|p2a: Donko|Rillaboom, M|100\/100\n|-fieldstart|move: Grassy Terrain|[from] ability: Grassy Surge|[of] p2a: Donko\n|-enditem|p2a: Donko|Grassy Seed\n|-boost|p2a: Donko|def|1|[from] item: Grassy Seed\n|turn|37\n|c|\u2606sppregaladog01|VAMO\n|\n|t:|1698948468\n|move|p2a: Donko|Bulk Up|p2a: Donko\n|-boost|p2a: Donko|atk|1\n|-boost|p2a: Donko|def|1\n|move|p1a: Steelix|Rest|p1a: Steelix\n|-status|p1a: Steelix|slp|[from] move: Rest\n|-heal|p1a: Steelix|100\/100 slp|[silent]\n|\n|upkeep\n|turn|38\n|c|\u2606sppregaladog01|otia JAJAJA\n|\n|t:|1698948479\n|switch|p1a: Inteleon|Inteleon, M|100\/100\n|move|p2a: Donko|Bulk Up|p2a: Donko\n|-boost|p2a: Donko|atk|1\n|-boost|p2a: Donko|def|1\n|\n|upkeep\n|turn|39\n|\n|t:|1698948484\n|move|p2a: Donko|Grassy Glide|p1a: Inteleon\n|-supereffective|p1a: Inteleon\n|-damage|p1a: Inteleon|0 fnt\n|faint|p1a: Inteleon\n|\n|upkeep\n|c|\u2606sppregaladog01|Qu\u00e9 tonto, deb\u00ed haberlo aguantado m\u00e1s a que se pasase el campo xd\n|c| Liza_White|que isiste\n|\n|t:|1698948501\n|switch|p1a: Steelix|Steelix-Mega, M|100\/100 slp\n|turn|40\n|\n|t:|1698948507\n|move|p2a: Donko|Grassy Glide|p1a: Steelix\n|-damage|p1a: Steelix|78\/100 slp\n|cant|p1a: Steelix|slp\n|\n|-heal|p1a: Steelix|84\/100 slp|[from] Grassy Terrain\n|upkeep\n|turn|41\n|c|\u2606sppregaladog01|Na, gg\n|\n|t:|1698948514\n|move|p2a: Donko|Bulk Up|p2a: Donko\n|-boost|p2a: Donko|atk|1\n|-boost|p2a: Donko|def|1\n|cant|p1a: Steelix|slp\n|\n|-heal|p1a: Steelix|90\/100 slp|[from] Grassy Terrain\n|-fieldend|move: Grassy Terrain\n|upkeep\n|turn|42\n|c| Juanjomaster|zereff encontr\u00f3 las manos, y pabl perdi\u00f3 las suyas\n|\n|t:|1698948520\n|move|p2a: Donko|Substitute|p2a: Donko\n|-start|p2a: Donko|Substitute\n|-damage|p2a: Donko|76\/100\n|-curestatus|p1a: Steelix|slp|[msg]\n|move|p1a: Steelix|Body Press|p2a: Donko\n|-activate|p2a: Donko|move: Substitute|[damage]\n|\n|upkeep\n|turn|43\n|c| Mr Graecus|No entiendo c\u00f3mo fue m\u00e1s r\u00e1pido\n|j| Lucaslakd\n|\n|t:|1698948527\n|move|p2a: Donko|Bulk Up|p2a: Donko\n|-boost|p2a: Donko|atk|1\n|-boost|p2a: Donko|def|1\n|move|p1a: Steelix|Body Press|p2a: Donko\n|-end|p2a: Donko|Substitute\n|\n|upkeep\n|turn|44\n|c|\u2606sppregaladog01|S\u00ed JAJAJA\n|c| Mr Graecus|Que Inteleon\n|c| Lucaslakd|POR QUE TAN TEMPRANO HDPS\n|\n|t:|1698948540\n|move|p2a: Donko|Substitute|p2a: Donko\n|-start|p2a: Donko|Substitute\n|-damage|p2a: Donko|51\/100\n|move|p1a: Steelix|Body Press|p2a: Donko\n|-activate|p2a: Donko|move: Substitute|[damage]\n|\n|upkeep\n|turn|45\n|\n|t:|1698948545\n|move|p2a: Donko|Bulk Up|p2a: Donko\n|-boost|p2a: Donko|atk|1\n|-boost|p2a: Donko|def|1\n|move|p1a: Steelix|Body Press|p2a: Donko\n|-activate|p2a: Donko|move: Substitute|[damage]\n|\n|upkeep\n|turn|46\n|c| Mr Graecus|Si no era scarf\n|\n|t:|1698948548\n|move|p2a: Donko|Grassy Glide|p1a: Steelix\n|-damage|p1a: Steelix|54\/100\n|move|p1a: Steelix|Body Press|p2a: Donko\n|-end|p2a: Donko|Substitute\n|\n|upkeep\n|turn|47\n|c|\u2606zereffu|Grassy glide tiene prioridad en campo\n|\n|t:|1698948564\n|move|p2a: Donko|Grassy Glide|p1a: Steelix\n|-damage|p1a: Steelix|19\/100\n|move|p1a: Steelix|Rest|p1a: Steelix\n|-status|p1a: Steelix|slp|[from] move: Rest\n|-heal|p1a: Steelix|100\/100 slp|[silent]\n|\n|upkeep\n|turn|48\n|c| Lucaslakd|Crit champagne\n|\n|t:|1698948570\n|move|p2a: Donko|Grassy Glide|p1a: Steelix\n|-damage|p1a: Steelix|69\/100 slp\n|cant|p1a: Steelix|slp\n|\n|upkeep\n|turn|49\n|c| Mr Graecus|Ahhh\n|c| Mr Graecus|Ok\n|c| Lucaslakd|Rest ew\n|\n|t:|1698948576\n|move|p2a: Donko|Grassy Glide|p1a: Steelix\n|-damage|p1a: Steelix|38\/100 slp\n|cant|p1a: Steelix|slp\n|\n|upkeep\n|turn|50\n|\n|t:|1698948583\n|move|p2a: Donko|Substitute|p2a: Donko\n|-start|p2a: Donko|Substitute\n|-damage|p2a: Donko|26\/100\n|-curestatus|p1a: Steelix|slp|[msg]\n|move|p1a: Steelix|Rest|p1a: Steelix\n|-status|p1a: Steelix|slp|[from] move: Rest\n|-heal|p1a: Steelix|100\/100 slp|[silent]\n|\n|upkeep\n|turn|51\n|\n|t:|1698948589\n|move|p2a: Donko|Bulk Up|p2a: Donko\n|-boost|p2a: Donko|atk|1\n|-boost|p2a: Donko|def|0\n|cant|p1a: Steelix|slp\n|\n|upkeep\n|turn|52\n|\n|t:|1698948594\n|move|p2a: Donko|Grassy Glide|p1a: Steelix\n|-damage|p1a: Steelix|60\/100 slp\n|cant|p1a: Steelix|slp\n|\n|upkeep\n|turn|53\n|\n|t:|1698948599\n|move|p2a: Donko|Grassy Glide|p1a: Steelix\n|-damage|p1a: Steelix|26\/100 slp\n|-curestatus|p1a: Steelix|slp|[msg]\n|move|p1a: Steelix|Body Press|p2a: Donko\n|-activate|p2a: Donko|move: Substitute|[damage]\n|\n|upkeep\n|turn|54\n|c|\u2606sppregaladog01|gg\n|\n|t:|1698948607\n|move|p2a: Donko|Grassy Glide|p1a: Steelix\n|-damage|p1a: Steelix|0 fnt\n|faint|p1a: Steelix\n|\n|win|zereffu\n|c|\u2606zereffu|gg\n|c| Lucaslakd|Gg\n|c| Juanjomaster|gg\n","uploadtime":1698948622,"views":49,"p1id":"sppregaladog01","p2id":"zereffu","formatid":"gen9nationaldexubers","rating":0,"private":0,"password":""}