{"id":"gen9nationaldexubers-1987272231","p1":"Graterol882008","p2":"Mykewea","format":"[Gen 9] National Dex Ubers","log":"|j|\u2606Graterol882008\n|j|\u2606Mykewea\n|t:|1699571760\n|gametype|singles\n|player|p1|Graterol882008|petrel|\n|player|p2|Mykewea|benga|\n|teamsize|p1|6\n|teamsize|p2|6\n|gen|9\n|tier|[Gen 9] National Dex Ubers\n|rule|HP Percentage Mod: HP is shown in percentages\n|rule|Endless Battle Clause: Forcing endless battles is banned\n|rule|OHKO Clause: OHKO moves are banned\n|rule|Evasion Moves Clause: Evasion moves are banned\n|rule|Evasion Items Clause: Evasion items are banned\n|rule|Species Clause: Limit one of each Pok\u00e9mon\n|rule|Sleep Clause Mod: Limit one foe put to sleep\n|rule|Mega Rayquaza Clause: You cannot mega evolve Rayquaza\n|clearpoke\n|poke|p1|Metagross|\n|poke|p1|Infernape, F|\n|poke|p1|Dragapult, M|\n|poke|p1|Dragonite, M|\n|poke|p1|Volcarona, F|\n|poke|p1|Primarina, F|\n|poke|p2|Dracovish|\n|poke|p2|Gigalith, F|\n|poke|p2|Dragapult, F|\n|poke|p2|Dragonite, M|\n|poke|p2|Salamence, F|\n|poke|p2|Baxcalibur, F|\n|teampreview\n|inactive|Battle timer is ON: inactive players will automatically lose when time's up. (requested by Mykewea)\n|inactive|Graterol882008 has 270 seconds left.\n|inactive|Graterol882008 has 240 seconds left.\n|inactive|Graterol882008 has 210 seconds left.\n|inactive|Graterol882008 has 180 seconds left.\n|c|\u2606Mykewea|Bro?\n|inactive|Graterol882008 has 150 seconds left.\n|\n|t:|1699571941\n|start\n|switch|p1a: Dragonite|Dragonite, M|100\/100\n|switch|p2a: Gigalith|Gigalith, F, shiny|100\/100\n|-weather|Sandstorm|[from] ability: Sand Stream|[of] p2a: Gigalith\n|turn|1\n|\n|t:|1699571950\n|-terastallize|p2a: Gigalith|Dragon\n|move|p1a: Dragonite|Dragon Dance|p1a: Dragonite\n|-boost|p1a: Dragonite|atk|1\n|-boost|p1a: Dragonite|spe|1\n|move|p2a: Gigalith|Stealth Rock|p1a: Dragonite\n|-sidestart|p1: Graterol882008|move: Stealth Rock\n|\n|-weather|Sandstorm|[upkeep]\n|-damage|p1a: Dragonite|94\/100|[from] Sandstorm\n|-damage|p2a: Gigalith|94\/100|[from] Sandstorm\n|upkeep\n|turn|2\n|\n|t:|1699571965\n|move|p1a: Dragonite|Dragon Claw|p2a: Gigalith\n|-supereffective|p2a: Gigalith\n|-damage|p2a: Gigalith|0 fnt\n|faint|p2a: Gigalith\n|\n|-weather|Sandstorm|[upkeep]\n|-damage|p1a: Dragonite|88\/100|[from] Sandstorm\n|upkeep\n|\n|t:|1699571972\n|switch|p2a: Dragonite|Dragonite, M|100\/100\n|turn|3\n|\n|t:|1699571978\n|move|p1a: Dragonite|Dragon Claw|p2a: Dragonite\n|-supereffective|p2a: Dragonite\n|-damage|p2a: Dragonite|14\/100\n|move|p2a: Dragonite|Draco Meteor|p1a: Dragonite\n|-supereffective|p1a: Dragonite\n|-damage|p1a: Dragonite|0 fnt\n|-unboost|p2a: Dragonite|spa|2\n|faint|p1a: Dragonite\n|-damage|p2a: Dragonite|4\/100|[from] item: Life Orb\n|\n|-weather|Sandstorm|[upkeep]\n|-damage|p2a: Dragonite|0 fnt|[from] Sandstorm\n|faint|p2a: Dragonite\n|upkeep\n|\n|t:|1699572008\n|switch|p2a: Dracovish|Dracovish|100\/100\n|switch|p1a: Primarina|Primarina, F|100\/100\n|-damage|p1a: Primarina|88\/100|[from] Stealth Rock\n|turn|4\n|inactive|Graterol882008 has 180 seconds left.\n|\n|t:|1699572026\n|move|p2a: Dracovish|Fishious Rend|p1a: Primarina\n|-resisted|p1a: Primarina\n|-damage|p1a: Primarina|20\/100\n|move|p1a: Primarina|Energy Ball|p2a: Dracovish\n|-damage|p2a: Dracovish|60\/100\n|\n|-weather|Sandstorm|[upkeep]\n|-damage|p2a: Dracovish|54\/100|[from] Sandstorm\n|-damage|p1a: Primarina|14\/100|[from] Sandstorm\n|upkeep\n|turn|5\n|inactive|Graterol882008 has 180 seconds left.\n|\n|t:|1699572041\n|move|p2a: Dracovish|Fishious Rend|p1a: Primarina\n|-resisted|p1a: Primarina\n|-damage|p1a: Primarina|0 fnt\n|faint|p1a: Primarina\n|\n|-weather|Sandstorm|[upkeep]\n|-damage|p2a: Dracovish|48\/100|[from] Sandstorm\n|upkeep\n|inactive|Graterol882008 has 180 seconds left.\n|\n|t:|1699572057\n|switch|p1a: Dragapult|Dragapult, M|100\/100\n|-damage|p1a: Dragapult|88\/100|[from] Stealth Rock\n|turn|6\n|\n|t:|1699572065\n|-terastallize|p1a: Dragapult|Fairy\n|move|p1a: Dragapult|Thunderbolt|p2a: Dracovish\n|-damage|p2a: Dracovish|15\/100\n|move|p2a: Dracovish|Fishious Rend|p1a: Dragapult\n|-damage|p1a: Dragapult|18\/100\n|\n|-weather|Sandstorm|[upkeep]\n|-damage|p1a: Dragapult|12\/100|[from] Sandstorm\n|-damage|p2a: Dracovish|9\/100|[from] Sandstorm\n|upkeep\n|turn|7\n|inactive|Graterol882008 has 180 seconds left.\n|\n|t:|1699572073\n|move|p1a: Dragapult|Thunderbolt|p2a: Dracovish\n|-damage|p2a: Dracovish|0 fnt\n|faint|p2a: Dracovish\n|\n|-weather|Sandstorm|[upkeep]\n|-damage|p1a: Dragapult|6\/100|[from] Sandstorm\n|upkeep\n|\n|t:|1699572086\n|switch|p2a: Dragapult|Dragapult, F|100\/100\n|turn|8\n|\n|t:|1699572093\n|move|p2a: Dragapult|Sucker Punch|p1a: Dragapult\n|-resisted|p1a: Dragapult\n|-damage|p1a: Dragapult|0 fnt\n|faint|p1a: Dragapult\n|\n|-weather|none\n|upkeep\n|\n|t:|1699572102\n|switch|p1a: Volcadroga|Volcarona, F|100\/100\n|-damage|p1a: Volcadroga|51\/100|[from] Stealth Rock\n|turn|9\n|\n|t:|1699572112\n|move|p2a: Dragapult|Dragon Darts|p1a: Volcadroga\n|-damage|p1a: Volcadroga|11\/100\n|-anim|p2a: Dragapult|Dragon Darts|p1a: Volcadroga\n|-damage|p1a: Volcadroga|0 fnt\n|faint|p1a: Volcadroga\n|\n|upkeep\n|\n|t:|1699572121\n|switch|p1a: Metagross|Metagross|100\/100\n|-damage|p1a: Metagross|95\/100|[from] Stealth Rock\n|turn|10\n|\n|t:|1699572131\n|detailschange|p1a: Metagross|Metagross-Mega\n|-mega|p1a: Metagross|Metagross|Metagrossite\n|move|p2a: Dragapult|Reflect|p2a: Dragapult\n|-sidestart|p2: Mykewea|Reflect\n|move|p1a: Metagross|Iron Defense|p1a: Metagross\n|-boost|p1a: Metagross|def|2\n|\n|upkeep\n|turn|11\n|\n|t:|1699572141\n|move|p2a: Dragapult|Sucker Punch||[still]\n|-fail|p2a: Dragapult\n|move|p1a: Metagross|Iron Defense|p1a: Metagross\n|-boost|p1a: Metagross|def|2\n|\n|upkeep\n|turn|12\n|\n|t:|1699572150\n|move|p2a: Dragapult|Light Screen|p2a: Dragapult\n|-sidestart|p2: Mykewea|move: Light Screen\n|move|p1a: Metagross|Agility|p1a: Metagross\n|-boost|p1a: Metagross|spe|2\n|\n|upkeep\n|turn|13\n|\n|t:|1699572161\n|move|p1a: Metagross|Iron Defense|p1a: Metagross\n|-boost|p1a: Metagross|def|2\n|move|p2a: Dragapult|Dragon Darts|p1a: Metagross\n|-resisted|p1a: Metagross\n|-damage|p1a: Metagross|93\/100\n|-anim|p2a: Dragapult|Dragon Darts|p1a: Metagross\n|-resisted|p1a: Metagross\n|-damage|p1a: Metagross|91\/100\n|\n|upkeep\n|turn|14\n|\n|t:|1699572172\n|switch|p2a: Baxcalibur|Baxcalibur, F|100\/100\n|move|p1a: Metagross|Agility|p1a: Metagross\n|-boost|p1a: Metagross|spe|2\n|\n|upkeep\n|turn|15\n|\n|t:|1699572185\n|move|p1a: Metagross|Iron Head|p2a: Baxcalibur\n|-supereffective|p2a: Baxcalibur\n|-damage|p2a: Baxcalibur|34\/100\n|cant|p2a: Baxcalibur|flinch\n|\n|upkeep\n|turn|16\n|\n|t:|1699572194\n|move|p1a: Metagross|Iron Head|p2a: Baxcalibur\n|-supereffective|p2a: Baxcalibur\n|-damage|p2a: Baxcalibur|0 fnt\n|faint|p2a: Baxcalibur\n|\n|upkeep\n|\n|t:|1699572197\n|switch|p2a: Salamence|Salamence, F|100\/100\n|-ability|p2a: Salamence|Intimidate|boost\n|-unboost|p1a: Metagross|atk|1\n|turn|17\n|inactive|Graterol882008 has 210 seconds left.\n|\n|t:|1699572208\n|detailschange|p2a: Salamence|Salamence-Mega, F\n|-mega|p2a: Salamence|Salamence|Salamencite\n|move|p1a: Metagross|Iron Head|p2a: Salamence\n|-damage|p2a: Salamence|82\/100\n|move|p2a: Salamence|Hydro Pump|p1a: Metagross\n|-damage|p1a: Metagross|52\/100\n|\n|-sideend|p2: Mykewea|Reflect\n|upkeep\n|turn|18\n|inactive|Graterol882008 has 210 seconds left.\n|\n|t:|1699572225\n|move|p1a: Metagross|Zen Headbutt|p2a: Salamence\n|-damage|p2a: Salamence|47\/100\n|move|p2a: Salamence|Hydro Pump|p1a: Metagross|[miss]\n|-miss|p2a: Salamence|p1a: Metagross\n|\n|upkeep\n|turn|19\n|inactive|Graterol882008 has 210 seconds left.\n|\n|t:|1699572234\n|move|p1a: Metagross|Zen Headbutt|p2a: Salamence\n|-damage|p2a: Salamence|14\/100\n|cant|p2a: Salamence|flinch\n|\n|-sideend|p2: Mykewea|move: Light Screen\n|upkeep\n|turn|20\n|\n|t:|1699572243\n|move|p1a: Metagross|Zen Headbutt|p2a: Salamence\n|-damage|p2a: Salamence|0 fnt\n|faint|p2a: Salamence\n|\n|upkeep\n|\n|t:|1699572245\n|switch|p2a: Dragapult|Dragapult, F|100\/100\n|turn|21\n|-message|Mykewea forfeited.\n|\n|win|Graterol882008\n|l|\u2606Mykewea\n","uploadtime":1699572259,"views":7,"p1id":"graterol882008","p2id":"mykewea","formatid":"gen9nationaldexubers","rating":0,"private":0,"password":""}