{"id":"gen9nationaldexubers-1983540447","p1":"Squi101","p2":"whitebeard solos","format":"[Gen 9] National Dex Ubers","log":"|j|\u2606Squi101\n|j|\u2606whitebeard solos\n|t:|1699141267\n|gametype|singles\n|player|p1|Squi101|265|1388\n|player|p2|whitebeard solos|diamondclanmember|1498\n|teamsize|p1|6\n|teamsize|p2|6\n|gen|9\n|tier|[Gen 9] National Dex Ubers\n|rated|\n|rule|HP Percentage Mod: HP is shown in percentages\n|rule|Endless Battle Clause: Forcing endless battles is banned\n|rule|OHKO Clause: OHKO moves are banned\n|rule|Evasion Moves Clause: Evasion moves are banned\n|rule|Evasion Items Clause: Evasion items are banned\n|rule|Species Clause: Limit one of each Pok\u00e9mon\n|rule|Sleep Clause Mod: Limit one foe put to sleep\n|rule|Mega Rayquaza Clause: You cannot mega evolve Rayquaza\n|clearpoke\n|poke|p1|Melmetal|\n|poke|p1|Eternatus|\n|poke|p1|Deoxys-Speed|\n|poke|p1|Xerneas-*|\n|poke|p1|Mewtwo|\n|poke|p1|Kartana|\n|poke|p2|Giratina|\n|poke|p2|Dondozo, M|\n|poke|p2|Chansey, F|\n|poke|p2|Arceus-Fairy|\n|poke|p2|Ho-Oh|\n|poke|p2|Mewtwo|\n|teampreview\n|\n|t:|1699141279\n|start\n|switch|p1a: Melmetal|Melmetal|100\/100\n|switch|p2a: Arceus|Arceus-Fairy, shiny|100\/100\n|turn|1\n|\n|t:|1699141301\n|switch|p2a: Dondozo|Dondozo, M, shiny|100\/100\n|switch|p1a: Deoxys|Deoxys-Speed|100\/100\n|-ability|p1a: Deoxys|Pressure\n|\n|upkeep\n|turn|2\n|inactive|Battle timer is ON: inactive players will automatically lose when time's up. (requested by whitebeard solos)\n|\n|t:|1699141311\n|switch|p2a: Ho-Oh|Ho-Oh, shiny|100\/100\n|move|p1a: Deoxys|Thunderbolt|p2a: Ho-Oh\n|-supereffective|p2a: Ho-Oh\n|-damage|p2a: Ho-Oh|67\/100\n|-damage|p1a: Deoxys|91\/100|[from] item: Life Orb\n|\n|upkeep\n|turn|3\n|\n|t:|1699141319\n|move|p1a: Deoxys|Thunderbolt|p2a: Ho-Oh\n|-supereffective|p2a: Ho-Oh\n|-damage|p2a: Ho-Oh|33\/100\n|-status|p2a: Ho-Oh|par\n|-damage|p1a: Deoxys|81\/100|[from] item: Life Orb\n|cant|p2a: Ho-Oh|par\n|\n|upkeep\n|turn|4\n|c|\u2606whitebeard solos|broooo\n|\n|t:|1699141330\n|switch|p2a: Chansey|Chansey, F, shiny|100\/100\n|move|p1a: Deoxys|Thunderbolt|p2a: Chansey\n|-damage|p2a: Chansey|92\/100\n|-damage|p1a: Deoxys|71\/100|[from] item: Life Orb\n|\n|upkeep\n|turn|5\n|\n|t:|1699141337\n|move|p1a: Deoxys|Pursuit|p2a: Chansey\n|-damage|p2a: Chansey|82\/100\n|-damage|p1a: Deoxys|61\/100|[from] item: Life Orb\n|move|p2a: Chansey|Heal Bell|p2a: Chansey\n|-activate|p2a: Chansey|move: Heal Bell\n|-curestatus|p2: Ho-Oh|par|[msg]\n|\n|upkeep\n|turn|6\n|\n|t:|1699141354\n|switch|p1a: Kartana|Kartana|100\/100\n|move|p2a: Chansey|Seismic Toss|p1a: Kartana\n|-damage|p1a: Kartana|62\/100\n|\n|upkeep\n|turn|7\n|inactive|whitebeard solos has 120 seconds left.\n|\n|t:|1699141387\n|switch|p2a: Dondozo|Dondozo, M, shiny|100\/100\n|move|p1a: Kartana|Knock Off|p2a: Dondozo\n|-damage|p2a: Dondozo|80\/100\n|-enditem|p2a: Dondozo|Leftovers|[from] move: Knock Off|[of] p1a: Kartana\n|\n|upkeep\n|turn|8\n|\n|t:|1699141395\n|switch|p2a: Ho-Oh|Ho-Oh, shiny|66\/100\n|move|p1a: Kartana|Leaf Blade|p2a: Ho-Oh\n|-resisted|p2a: Ho-Oh\n|-damage|p2a: Ho-Oh|57\/100\n|\n|upkeep\n|turn|9\n|\n|t:|1699141402\n|move|p1a: Kartana|Knock Off|p2a: Ho-Oh\n|-damage|p2a: Ho-Oh|28\/100\n|-enditem|p2a: Ho-Oh|Heavy-Duty Boots|[from] move: Knock Off|[of] p1a: Kartana\n|move|p2a: Ho-Oh|Sacred Fire|p1a: Kartana\n|-supereffective|p1a: Kartana\n|-damage|p1a: Kartana|0 fnt\n|faint|p1a: Kartana\n|\n|upkeep\n|\n|t:|1699141412\n|switch|p1a: Deoxys|Deoxys-Speed|61\/100\n|-ability|p1a: Deoxys|Pressure\n|turn|10\n|\n|t:|1699141419\n|-activate|p2a: Ho-Oh|move: Pursuit\n|move|p1a: Deoxys|Pursuit|p2a: Ho-Oh|[from]Pursuit\n|-damage|p2a: Ho-Oh|12\/100\n|-damage|p1a: Deoxys|51\/100|[from] item: Life Orb\n|switch|p2a: Chansey|Chansey, F, shiny|82\/100\n|\n|upkeep\n|turn|11\n|\n|t:|1699141432\n|switch|p1a: Melmetal|Melmetal|100\/100\n|move|p2a: Chansey|Seismic Toss|p1a: Melmetal\n|-damage|p1a: Melmetal|79\/100\n|\n|upkeep\n|turn|12\n|\n|t:|1699141438\n|switch|p2a: Dondozo|Dondozo, M, shiny|80\/100\n|move|p1a: Melmetal|Double Iron Bash|p2a: Dondozo\n|-resisted|p2a: Dondozo\n|-damage|p2a: Dondozo|64\/100\n|-resisted|p2a: Dondozo\n|-damage|p2a: Dondozo|50\/100\n|-hitcount|p2a: Dondozo|2\n|\n|upkeep\n|turn|13\n|\n|t:|1699141452\n|switch|p2a: Giratina|Giratina, shiny|100\/100\n|-ability|p2a: Giratina|Pressure\n|move|p1a: Melmetal|Double Iron Bash|p2a: Giratina\n|-damage|p2a: Giratina|72\/100\n|-damage|p2a: Giratina|45\/100\n|-hitcount|p2a: Giratina|2\n|\n|-heal|p2a: Giratina|51\/100|[from] item: Leftovers\n|upkeep\n|turn|14\n|j| Dogpraxis\n|\n|t:|1699141468\n|switch|p2a: Dondozo|Dondozo, M, shiny|50\/100\n|switch|p1a: Deoxys|Deoxys-Speed|51\/100\n|-ability|p1a: Deoxys|Pressure\n|\n|upkeep\n|turn|15\n|\n|t:|1699141478\n|switch|p2a: Chansey|Chansey, F, shiny|82\/100\n|move|p1a: Deoxys|Thunderbolt|p2a: Chansey\n|-damage|p2a: Chansey|74\/100\n|-damage|p1a: Deoxys|41\/100|[from] item: Life Orb\n|\n|upkeep\n|turn|16\n|\n|t:|1699141486\n|switch|p1a: Mewtwo|Mewtwo|100\/100\n|-ability|p1a: Mewtwo|Pressure\n|move|p2a: Chansey|Seismic Toss|p1a: Mewtwo\n|-damage|p1a: Mewtwo|72\/100\n|\n|upkeep\n|turn|17\n|\n|t:|1699141496\n|detailschange|p1a: Mewtwo|Mewtwo-Mega-Y\n|-mega|p1a: Mewtwo|Mewtwo|Mewtwonite Y\n|move|p1a: Mewtwo|Psystrike|p2a: Chansey\n|-damage|p2a: Chansey|14\/100\n|move|p2a: Chansey|Confide|p1a: Mewtwo\n|-unboost|p1a: Mewtwo|spa|1\n|\n|upkeep\n|turn|18\n|c|\u2606whitebeard solos|forgot\n|\n|t:|1699141513\n|switch|p2a: Arceus|Arceus-Fairy, shiny|100\/100\n|move|p1a: Mewtwo|Earth Power|p2a: Arceus\n|-damage|p2a: Arceus|83\/100\n|\n|upkeep\n|turn|19\n|\n|t:|1699141533\n|switch|p1a: Eternatus|Eternatus|100\/100\n|-ability|p1a: Eternatus|Pressure\n|move|p2a: Arceus|Stealth Rock|p1a: Eternatus\n|-sidestart|p1: Squi101|move: Stealth Rock\n|\n|upkeep\n|turn|20\n|\n|t:|1699141547\n|switch|p2a: Ho-Oh|Ho-Oh, shiny|45\/100\n|move|p1a: Eternatus|Meteor Beam||[still]\n|-prepare|p1a: Eternatus|Meteor Beam\n|-boost|p1a: Eternatus|spa|1\n|\n|upkeep\n|turn|21\n|\n|t:|1699141565\n|switch|p2a: Giratina|Giratina, shiny|51\/100\n|-ability|p2a: Giratina|Pressure\n|move|p1a: Eternatus|Meteor Beam|p2a: Giratina|[from]lockedmove|[miss]\n|-miss|p1a: Eternatus|p2a: Giratina\n|\n|-heal|p2a: Giratina|58\/100|[from] item: Leftovers\n|upkeep\n|turn|22\n|\n|t:|1699141575\n|move|p1a: Eternatus|Dynamax Cannon|p2a: Giratina\n|-supereffective|p2a: Giratina\n|-damage|p2a: Giratina|0 fnt\n|faint|p2a: Giratina\n|\n|upkeep\n|\n|t:|1699141581\n|switch|p2a: Mewtwo|Mewtwo, shiny|100\/100\n|-ability|p2a: Mewtwo|Pressure\n|turn|23\n|\n|t:|1699141588\n|detailschange|p2a: Mewtwo|Mewtwo-Mega-Y, shiny\n|-mega|p2a: Mewtwo|Mewtwo|Mewtwonite Y\n|move|p2a: Mewtwo|Psystrike|p1a: Eternatus\n|-supereffective|p1a: Eternatus\n|-damage|p1a: Eternatus|2\/100\n|move|p1a: Eternatus|Dynamax Cannon|p2a: Mewtwo\n|-damage|p2a: Mewtwo|38\/100\n|\n|upkeep\n|turn|24\n|\n|t:|1699141602\n|move|p2a: Mewtwo|Psystrike|p1a: Eternatus\n|-supereffective|p1a: Eternatus\n|-damage|p1a: Eternatus|0 fnt\n|faint|p1a: Eternatus\n|\n|upkeep\n|\n|t:|1699141613\n|switch|p1a: Deoxys|Deoxys-Speed|41\/100\n|-damage|p1a: Deoxys|28\/100|[from] Stealth Rock\n|-ability|p1a: Deoxys|Pressure\n|turn|25\n|\n|t:|1699141635\n|-activate|p2a: Mewtwo|move: Pursuit\n|move|p1a: Deoxys|Pursuit|p2a: Mewtwo|[from]Pursuit\n|-supereffective|p2a: Mewtwo\n|-damage|p2a: Mewtwo|0 fnt\n|faint|p2a: Mewtwo\n|-damage|p1a: Deoxys|18\/100|[from] item: Life Orb\n|-hint|A Pokemon can't switch between when it runs out of HP and when it faints\n|\n|upkeep\n|c|\u2606whitebeard solos|uh oh\n|\n|t:|1699141641\n|switch|p2a: Chansey|Chansey, F, shiny|14\/100\n|turn|26\n|\n|t:|1699141647\n|move|p1a: Deoxys|Psycho Boost|p2a: Chansey\n|-damage|p2a: Chansey|0 fnt\n|-unboost|p1a: Deoxys|spa|2\n|faint|p2a: Chansey\n|-damage|p1a: Deoxys|8\/100|[from] item: Life Orb\n|\n|upkeep\n|\n|t:|1699141651\n|switch|p2a: Arceus|Arceus-Fairy, shiny|83\/100\n|turn|27\n|\n|t:|1699141661\n|move|p1a: Deoxys|Ice Beam|p2a: Arceus\n|-damage|p2a: Arceus|74\/100\n|-status|p2a: Arceus|frz\n|-damage|p1a: Deoxys|0 fnt|[from] item: Life Orb\n|faint|p1a: Deoxys\n|cant|p2a: Arceus|frz\n|\n|upkeep\n|\n|t:|1699141668\n|switch|p1a: Melmetal|Melmetal|79\/100\n|-damage|p1a: Melmetal|73\/100|[from] Stealth Rock\n|turn|28\n|\n|t:|1699141690\n|cant|p2a: Arceus|frz\n|move|p1a: Melmetal|Double Iron Bash|p2a: Arceus\n|-supereffective|p2a: Arceus\n|-damage|p2a: Arceus|0 fnt\n|faint|p2a: Arceus\n|-hitcount|p2: Arceus|1\n|\n|upkeep\n|\n|t:|1699141696\n|switch|p2a: Ho-Oh|Ho-Oh, shiny|78\/100\n|turn|29\n|\n|t:|1699141701\n|switch|p1a: Mewtwo|Mewtwo-Mega-Y|72\/100\n|-damage|p1a: Mewtwo|60\/100|[from] Stealth Rock\n|move|p2a: Ho-Oh|Sacred Fire|p1a: Mewtwo\n|-damage|p1a: Mewtwo|7\/100\n|\n|upkeep\n|turn|30\n|\n|t:|1699141710\n|-terastallize|p2a: Ho-Oh|Grass\n|move|p1a: Mewtwo|Psystrike|p2a: Ho-Oh\n|-damage|p2a: Ho-Oh|24\/100\n|move|p2a: Ho-Oh|Sacred Fire|p1a: Mewtwo\n|-damage|p1a: Mewtwo|0 fnt\n|faint|p1a: Mewtwo\n|\n|upkeep\n|\n|t:|1699141719\n|switch|p1a: Xerneas|Xerneas|100\/100\n|-damage|p1a: Xerneas|88\/100|[from] Stealth Rock\n|-ability|p1a: Xerneas|Fairy Aura\n|turn|31\n|\n|t:|1699141738\n|move|p1a: Xerneas|Geomancy||[still]\n|-prepare|p1a: Xerneas|Geomancy\n|-enditem|p1a: Xerneas|Power Herb\n|-anim|p1a: Xerneas|Geomancy|p1a: Xerneas\n|-boost|p1a: Xerneas|spa|2\n|-boost|p1a: Xerneas|spd|2\n|-boost|p1a: Xerneas|spe|2\n|move|p2a: Ho-Oh|Whirlwind|p1a: Xerneas\n|drag|p1a: Melmetal|Melmetal|73\/100\n|-damage|p1a: Melmetal|67\/100|[from] Stealth Rock\n|\n|upkeep\n|turn|32\n|\n|t:|1699141749\n|switch|p1a: Xerneas|Xerneas|88\/100\n|-damage|p1a: Xerneas|76\/100|[from] Stealth Rock\n|-ability|p1a: Xerneas|Fairy Aura\n|move|p2a: Ho-Oh|Sacred Fire|p1a: Xerneas\n|-damage|p1a: Xerneas|43\/100\n|\n|upkeep\n|turn|33\n|c|\u2606whitebeard solos|ok its not scarfed\n|\n|t:|1699141762\n|switch|p2a: Dondozo|Dondozo, M, shiny|50\/100\n|move|p1a: Xerneas|Moonblast|p2a: Dondozo\n|-crit|p2a: Dondozo\n|-damage|p2a: Dondozo|0 fnt\n|faint|p2a: Dondozo\n|\n|upkeep\n|\n|t:|1699141765\n|switch|p2a: Ho-Oh|Ho-Oh, shiny, tera:Grass|57\/100\n|turn|34\n|c|\u2606whitebeard solos|gg\n|c|\u2606whitebeard solos|im washed\n|\n|t:|1699141779\n|move|p1a: Xerneas|Moonblast|p2a: Ho-Oh\n|-damage|p2a: Ho-Oh|15\/100\n|move|p2a: Ho-Oh|Sacred Fire|p1a: Xerneas\n|-damage|p1a: Xerneas|10\/100\n|\n|upkeep\n|turn|35\n|\n|t:|1699141785\n|move|p1a: Xerneas|Moonblast|p2a: Ho-Oh\n|-damage|p2a: Ho-Oh|0 fnt\n|faint|p2a: Ho-Oh\n|\n|win|Squi101\n|raw|Squi101's rating: 1388 &rarr; <strong>1414<\/strong><br \/>(+26 for winning)\n|raw|whitebeard solos's rating: 1498 &rarr; <strong>1472<\/strong><br \/>(-26 for losing)\n|c| Dogpraxis|No roost?\n|c|\u2606Squi101|no\n|c|\u2606whitebeard solos|no\n|c|\u2606whitebeard solos|its regenerator\n|c| Dogpraxis|Zamn\n|l| Dogpraxis\n|c|\u2606Squi101|Idk how i won tbh\n|c|\u2606Squi101|i just saw a video with a deoxys speed\n|c|\u2606Squi101|that wasnt for setup and i got carried away xD\n|c|\u2606Squi101|ama go to sleep\n|c|\u2606Squi101|cya\n|l|\u2606Squi101\n|c|\u2606whitebeard solos|bye\n|l|\u2606whitebeard solos\n","uploadtime":1699142146,"views":10,"p1id":"squi101","p2id":"whitebeardsolos","formatid":"gen9nationaldexubers","rating":1414,"private":0,"password":""}