{"id":"gen9nationaldexubers-1990554058","p1":"fkfjdjjdj","p2":"Xero Dracohart","format":"[Gen 9] National Dex Ubers","log":"|j|\u2606fkfjdjjdj\n|j|\u2606Xero Dracohart\n|t:|1699980967\n|gametype|singles\n|player|p1|fkfjdjjdj|benga|1240\n|player|p2|Xero Dracohart|ingo|1205\n|teamsize|p1|6\n|teamsize|p2|6\n|gen|9\n|tier|[Gen 9] National Dex Ubers\n|rated|\n|rule|HP Percentage Mod: HP is shown in percentages\n|rule|Endless Battle Clause: Forcing endless battles is banned\n|rule|OHKO Clause: OHKO moves are banned\n|rule|Evasion Moves Clause: Evasion moves are banned\n|rule|Evasion Items Clause: Evasion items are banned\n|rule|Species Clause: Limit one of each Pok\u00e9mon\n|rule|Sleep Clause Mod: Limit one foe put to sleep\n|rule|Mega Rayquaza Clause: You cannot mega evolve Rayquaza\n|clearpoke\n|poke|p1|Lucario, M|\n|poke|p1|Durant, F|\n|poke|p1|Aegislash, F|\n|poke|p1|Kingambit, M|\n|poke|p1|Ferrothorn, M|\n|poke|p1|Melmetal|\n|poke|p2|Gholdengo|\n|poke|p2|Genesect-Douse|\n|poke|p2|Palafin, M|\n|poke|p2|Zeraora|\n|poke|p2|Noivern, M|\n|poke|p2|Sableye, M|\n|teampreview\n|j| HellDragonWarrior7\n|\n|t:|1699980980\n|start\n|switch|p1a: Melmetal|Melmetal|100\/100\n|switch|p2a: Sableye|Sableye, M, shiny|100\/100\n|turn|1\n|\n|t:|1699980991\n|detailschange|p2a: Sableye|Sableye-Mega, M, shiny\n|-mega|p2a: Sableye|Sableye|Sablenite\n|move|p1a: Melmetal|Double Iron Bash|p2a: Sableye\n|-crit|p2a: Sableye\n|-damage|p2a: Sableye|36\/100\n|-damage|p2a: Sableye|0 fnt\n|faint|p2a: Sableye\n|-hitcount|p2: Sableye|2\n|\n|upkeep\n|\n|t:|1699981013\n|switch|p2a: Palafin|Palafin, M|100\/100\n|turn|2\n|\n|t:|1699981019\n|detailschange|p2a: Palafin|Palafin-Hero, M\n|switch|p2a: Gholdengo|Gholdengo|100\/100\n|move|p1a: Melmetal|Earthquake|p2a: Gholdengo\n|-supereffective|p2a: Gholdengo\n|-damage|p2a: Gholdengo|44\/100\n|\n|-heal|p2a: Gholdengo|50\/100|[from] item: Leftovers\n|upkeep\n|turn|3\n|\n|t:|1699981030\n|move|p2a: Gholdengo|Shadow Ball|p1a: Melmetal\n|-damage|p1a: Melmetal|67\/100\n|move|p1a: Melmetal|Darkest Lariat|p2a: Gholdengo\n|-supereffective|p2a: Gholdengo\n|-damage|p2a: Gholdengo|0 fnt\n|faint|p2a: Gholdengo\n|\n|upkeep\n|\n|t:|1699981035\n|switch|p2a: Genesect|Genesect-Douse, shiny|100\/100\n|-ability|p2a: Genesect|Download|boost\n|-boost|p2a: Genesect|spa|1\n|turn|4\n|inactive|Battle timer is ON: inactive players will automatically lose when time's up. (requested by Xero Dracohart)\n|\n|t:|1699981058\n|move|p2a: Genesect|Shift Gear|p2a: Genesect\n|-boost|p2a: Genesect|spe|2\n|-boost|p2a: Genesect|atk|1\n|move|p1a: Melmetal|Earthquake|p2a: Genesect\n|-damage|p2a: Genesect|56\/100\n|\n|upkeep\n|turn|5\n|\n|t:|1699981067\n|move|p2a: Genesect|Bug Buzz|p1a: Melmetal\n|-resisted|p1a: Melmetal\n|-damage|p1a: Melmetal|35\/100\n|move|p1a: Melmetal|Darkest Lariat|p2a: Genesect\n|-damage|p2a: Genesect|15\/100\n|\n|upkeep\n|turn|6\n|\n|t:|1699981077\n|move|p2a: Genesect|Techno Blast|p1a: Melmetal\n|-damage|p1a: Melmetal|0 fnt\n|faint|p1a: Melmetal\n|\n|upkeep\n|\n|t:|1699981107\n|switch|p1a: Hormiga at\u00f3mica|Durant, F|100\/100\n|turn|7\n|inactive|Xero Dracohart has 120 seconds left.\n|\n|t:|1699981144\n|move|p1a: Hormiga at\u00f3mica|First Impression|p2a: Genesect\n|-resisted|p2a: Genesect\n|-damage|p2a: Genesect|0 fnt\n|faint|p2a: Genesect\n|\n|upkeep\n|\n|t:|1699981157\n|switch|p2a: Noivern|Noivern, M, shiny|100\/100\n|turn|8\n|\n|t:|1699981163\n|-terastallize|p2a: Noivern|Normal\n|move|p2a: Noivern|Boomburst|p1a: Hormiga at\u00f3mica\n|-resisted|p1a: Hormiga at\u00f3mica\n|-damage|p1a: Hormiga at\u00f3mica|32\/100\n|-enditem|p2a: Noivern|Throat Spray\n|-boost|p2a: Noivern|spa|1|[from] item: Throat Spray\n|move|p1a: Hormiga at\u00f3mica|Iron Head|p2a: Noivern\n|-damage|p2a: Noivern|34\/100\n|\n|upkeep\n|turn|9\n|inactive|Xero Dracohart has 120 seconds left.\n|\n|t:|1699981197\n|switch|p1a: Aegislash|Aegislash, F, shiny|100\/100\n|move|p2a: Noivern|Dark Pulse|p1a: Aegislash\n|-supereffective|p1a: Aegislash\n|-damage|p1a: Aegislash|48\/100\n|\n|-heal|p1a: Aegislash|54\/100|[from] item: Leftovers\n|upkeep\n|turn|10\n|\n|t:|1699981205\n|move|p1a: Aegislash|King's Shield|p1a: Aegislash\n|-singleturn|p1a: Aegislash|Protect\n|move|p2a: Noivern|Dark Pulse|p1a: Aegislash\n|-activate|p1a: Aegislash|move: Protect\n|\n|-heal|p1a: Aegislash|60\/100|[from] item: Leftovers\n|upkeep\n|turn|11\n|\n|t:|1699981219\n|move|p2a: Noivern|Dark Pulse|p1a: Aegislash\n|-supereffective|p1a: Aegislash\n|-damage|p1a: Aegislash|5\/100\n|-formechange|p1a: Aegislash|Aegislash-Blade||[from] ability: Stance Change\n|move|p1a: Aegislash|Sacred Sword|p2a: Noivern\n|-supereffective|p2a: Noivern\n|-damage|p2a: Noivern|0 fnt\n|faint|p2a: Noivern\n|\n|-heal|p1a: Aegislash|11\/100|[from] item: Leftovers\n|upkeep\n|\n|t:|1699981229\n|switch|p2a: Palafin|Palafin-Hero, M|100\/100\n|-activate|p2a: Palafin|ability: Zero to Hero\n|turn|12\n|\n|t:|1699981231\n|-formechange|p1a: Aegislash|Aegislash||[from] ability: Stance Change\n|move|p1a: Aegislash|King's Shield|p1a: Aegislash\n|-singleturn|p1a: Aegislash|Protect\n|move|p2a: Palafin|Bulk Up|p2a: Palafin\n|-boost|p2a: Palafin|atk|1\n|-boost|p2a: Palafin|def|1\n|\n|-heal|p1a: Aegislash|17\/100|[from] item: Leftovers\n|upkeep\n|turn|13\n|\n|t:|1699981245\n|move|p2a: Palafin|Jet Punch|p1a: Aegislash\n|-damage|p1a: Aegislash|0 fnt\n|faint|p1a: Aegislash\n|\n|upkeep\n|\n|t:|1699981250\n|switch|p1a: Hormiga at\u00f3mica|Durant, F|32\/100\n|turn|14\n|\n|t:|1699981255\n|move|p1a: Hormiga at\u00f3mica|First Impression|p2a: Palafin\n|-damage|p2a: Palafin|69\/100\n|move|p2a: Palafin|Bulk Up|p2a: Palafin\n|-boost|p2a: Palafin|atk|1\n|-boost|p2a: Palafin|def|1\n|\n|-heal|p2a: Palafin|76\/100|[from] item: Leftovers\n|upkeep\n|turn|15\n|\n|t:|1699981264\n|move|p2a: Palafin|Jet Punch|p1a: Hormiga at\u00f3mica\n|-crit|p1a: Hormiga at\u00f3mica\n|-damage|p1a: Hormiga at\u00f3mica|0 fnt\n|faint|p1a: Hormiga at\u00f3mica\n|\n|-heal|p2a: Palafin|82\/100|[from] item: Leftovers\n|upkeep\n|\n|t:|1699981277\n|switch|p1a: Lucario|Lucario, M|100\/100\n|turn|16\n|\n|t:|1699981281\n|detailschange|p1a: Lucario|Lucario-Mega, M\n|-mega|p1a: Lucario|Lucario|Lucarionite\n|move|p1a: Lucario|Close Combat|p2a: Palafin\n|-damage|p2a: Palafin|42\/100\n|-unboost|p1a: Lucario|def|1\n|-unboost|p1a: Lucario|spd|1\n|move|p2a: Palafin|Drain Punch|p1a: Lucario\n|-supereffective|p1a: Lucario\n|-damage|p1a: Lucario|0 fnt\n|-heal|p2a: Palafin|84\/100|[from] drain|[of] p1a: Lucario\n|faint|p1a: Lucario\n|\n|-heal|p2a: Palafin|90\/100|[from] item: Leftovers\n|upkeep\n|\n|t:|1699981295\n|switch|p1a: Ferrothorn|Ferrothorn, M|100\/100\n|turn|17\n|\n|t:|1699981301\n|move|p2a: Palafin|Bulk Up|p2a: Palafin\n|-boost|p2a: Palafin|atk|1\n|-boost|p2a: Palafin|def|1\n|move|p1a: Ferrothorn|Leech Seed|p2a: Palafin|[miss]\n|-miss|p1a: Ferrothorn|p2a: Palafin\n|\n|-heal|p2a: Palafin|96\/100|[from] item: Leftovers\n|upkeep\n|turn|18\n|\n|t:|1699981312\n|move|p2a: Palafin|Close Combat|p1a: Ferrothorn\n|-supereffective|p1a: Ferrothorn\n|-damage|p1a: Ferrothorn|0 fnt\n|-unboost|p2a: Palafin|def|1\n|-unboost|p2a: Palafin|spd|1\n|-damage|p2a: Palafin|84\/100|[from] ability: Iron Barbs|[of] p1a: Ferrothorn\n|faint|p1a: Ferrothorn\n|\n|-heal|p2a: Palafin|90\/100|[from] item: Leftovers\n|upkeep\n|\n|t:|1699981316\n|switch|p1a: Kingambit|Kingambit, M|100\/100\n|-activate|p1a: Kingambit|ability: Supreme Overlord\n|-start|p1a: Kingambit|fallen5|[silent]\n|turn|19\n|\n|t:|1699981319\n|move|p1a: Kingambit|Sucker Punch|p2a: Palafin\n|-damage|p2a: Palafin|66\/100\n|move|p2a: Palafin|Drain Punch|p1a: Kingambit\n|-supereffective|p1a: Kingambit\n|-damage|p1a: Kingambit|0 fnt\n|-heal|p2a: Palafin|100\/100|[from] drain|[of] p1a: Kingambit\n|faint|p1a: Kingambit\n|-end|p1a: Kingambit|fallen5|[silent]\n|\n|win|Xero Dracohart\n|raw|fkfjdjjdj's rating: 1240 &rarr; <strong>1212<\/strong><br \/>(-28 for losing)\n|raw|Xero Dracohart's rating: 1205 &rarr; <strong>1233<\/strong><br \/>(+28 for winning)\n|c|\u2606Xero Dracohart|Gg\n|l| HellDragonWarrior7\n|l|\u2606fkfjdjjdj\n","uploadtime":1699981347,"views":6,"p1id":"fkfjdjjdj","p2id":"xerodracohart","formatid":"gen9nationaldexubers","rating":1212,"private":0,"password":""}