{"id":"gen9nationaldexubers-1992750650","p1":"Contest hater","p2":"JustMonika_CARR","format":"[Gen 9] National Dex Ubers","log":"|j|\u2606Contest hater\n|j|\u2606JustMonika_CARR\n|t:|1700232064\n|gametype|singles\n|player|p1|Contest hater|rocketgrunt|1270\n|player|p2|JustMonika_CARR|rosa|1411\n|teamsize|p1|6\n|teamsize|p2|6\n|gen|9\n|tier|[Gen 9] National Dex Ubers\n|rated|\n|rule|HP Percentage Mod: HP is shown in percentages\n|rule|Endless Battle Clause: Forcing endless battles is banned\n|rule|OHKO Clause: OHKO moves are banned\n|rule|Evasion Moves Clause: Evasion moves are banned\n|rule|Evasion Items Clause: Evasion items are banned\n|rule|Species Clause: Limit one of each Pok\u00e9mon\n|rule|Sleep Clause Mod: Limit one foe put to sleep\n|rule|Mega Rayquaza Clause: You cannot mega evolve Rayquaza\n|clearpoke\n|poke|p1|Arceus-Water|\n|poke|p1|Groudon|\n|poke|p1|Lucario, F|\n|poke|p1|Flutter Mane|\n|poke|p1|Zacian-*|\n|poke|p1|Kyurem-White|\n|poke|p2|Blaziken, F|\n|poke|p2|Pheromosa|\n|poke|p2|Gothitelle, F|\n|poke|p2|Deoxys-Speed|\n|poke|p2|Shuckle, M|\n|poke|p2|Durant, F|\n|teampreview\n|\n|t:|1700232083\n|start\n|switch|p1a: Arceus|Arceus-Water|100\/100\n|switch|p2a: Deoxys|Deoxys-Speed, shiny|100\/100\n|-ability|p2a: Deoxys|Pressure\n|turn|1\n|\n|t:|1700232091\n|move|p2a: Deoxys|Taunt|p1a: Arceus\n|-start|p1a: Arceus|move: Taunt\n|cant|p1a: Arceus|move: Taunt|Toxic\n|\n|upkeep\n|turn|2\n|\n|t:|1700232098\n|move|p2a: Deoxys|Light Screen|p2a: Deoxys\n|-sidestart|p2: JustMonika_CARR|move: Light Screen\n|-zpower|p1a: Arceus\n|move|p1a: Arceus|Hydro Vortex|p2a: Deoxys|[zeffect]\n|-damage|p2a: Deoxys|78\/100\n|\n|upkeep\n|turn|3\n|\n|t:|1700232105\n|move|p2a: Deoxys|Stealth Rock|p1a: Arceus\n|-sidestart|p1: Contest hater|move: Stealth Rock\n|move|p1a: Arceus|Earth Power|p2a: Deoxys\n|-damage|p2a: Deoxys|63\/100\n|\n|-end|p1a: Arceus|move: Taunt\n|upkeep\n|turn|4\n|\n|t:|1700232114\n|move|p2a: Deoxys|Taunt|p1a: Arceus\n|-start|p1a: Arceus|move: Taunt\n|move|p1a: Arceus|Earth Power|p2a: Deoxys\n|-damage|p2a: Deoxys|49\/100\n|\n|upkeep\n|turn|5\n|\n|t:|1700232123\n|move|p2a: Deoxys|Reflect|p2a: Deoxys\n|-sidestart|p2: JustMonika_CARR|Reflect\n|move|p1a: Arceus|Chilling Water|p2a: Deoxys\n|-crit|p2a: Deoxys\n|-damage|p2a: Deoxys|13\/100\n|-unboost|p2a: Deoxys|atk|1\n|\n|upkeep\n|turn|6\n|\n|t:|1700232133\n|move|p2a: Deoxys|Taunt||[still]\n|-fail|p2a: Deoxys\n|move|p1a: Arceus|Chilling Water|p2a: Deoxys\n|-damage|p2a: Deoxys|2\/100\n|-unboost|p2a: Deoxys|atk|1\n|\n|-end|p1a: Arceus|move: Taunt\n|upkeep\n|turn|7\n|\n|t:|1700232141\n|move|p2a: Deoxys|Taunt|p1a: Arceus\n|-start|p1a: Arceus|move: Taunt\n|move|p1a: Arceus|Chilling Water|p2a: Deoxys\n|-damage|p2a: Deoxys|0 fnt\n|faint|p2a: Deoxys\n|\n|upkeep\n|inactive|Battle timer is ON: inactive players will automatically lose when time's up. (requested by Contest hater)\n|\n|t:|1700232155\n|switch|p2a: Shuckle|Shuckle, M, shiny|100\/100\n|turn|8\n|\n|t:|1700232158\n|move|p1a: Arceus|Chilling Water|p2a: Shuckle\n|-supereffective|p2a: Shuckle\n|-crit|p2a: Shuckle\n|-damage|p2a: Shuckle|64\/100\n|-boost|p2a: Shuckle|atk|1\n|move|p2a: Shuckle|Shell Smash|p2a: Shuckle\n|-boost|p2a: Shuckle|def|1\n|-boost|p2a: Shuckle|spd|1\n|-unboost|p2a: Shuckle|atk|2\n|-unboost|p2a: Shuckle|spa|2\n|-unboost|p2a: Shuckle|spe|2\n|\n|upkeep\n|turn|9\n|\n|t:|1700232169\n|move|p1a: Arceus|Chilling Water|p2a: Shuckle\n|-supereffective|p2a: Shuckle\n|-damage|p2a: Shuckle|55\/100\n|-boost|p2a: Shuckle|atk|1\n|move|p2a: Shuckle|Shell Smash|p2a: Shuckle\n|-boost|p2a: Shuckle|def|1\n|-boost|p2a: Shuckle|spd|1\n|-unboost|p2a: Shuckle|atk|2\n|-unboost|p2a: Shuckle|spa|2\n|-unboost|p2a: Shuckle|spe|2\n|\n|-end|p1a: Arceus|move: Taunt\n|-sideend|p2: JustMonika_CARR|move: Light Screen\n|upkeep\n|turn|10\n|\n|t:|1700232187\n|move|p1a: Arceus|Toxic|p2a: Shuckle\n|-status|p2a: Shuckle|tox\n|move|p2a: Shuckle|Shell Smash|p2a: Shuckle\n|-boost|p2a: Shuckle|def|1\n|-boost|p2a: Shuckle|spd|1\n|-unboost|p2a: Shuckle|atk|2\n|-unboost|p2a: Shuckle|spa|2\n|-unboost|p2a: Shuckle|spe|2\n|\n|-damage|p2a: Shuckle|49\/100 tox|[from] psn\n|upkeep\n|turn|11\n|\n|t:|1700232197\n|switch|p1a: Lucario|Lucario, F|100\/100\n|-damage|p1a: Lucario|98\/100|[from] Stealth Rock\n|move|p2a: Shuckle|Rest|p2a: Shuckle\n|-status|p2a: Shuckle|slp|[from] move: Rest\n|-heal|p2a: Shuckle|100\/100 slp|[silent]\n|-enditem|p2a: Shuckle|Chesto Berry|[eat]\n|-curestatus|p2a: Shuckle|slp|[msg]\n|\n|upkeep\n|turn|12\n|\n|t:|1700232213\n|move|p1a: Lucario|Power-Up Punch|p2a: Shuckle\n|-damage|p2a: Shuckle|98\/100\n|-boost|p1a: Lucario|atk|1\n|move|p2a: Shuckle|Infestation|p1a: Lucario\n|-resisted|p1a: Lucario\n|-damage|p1a: Lucario|97\/100\n|-activate|p1a: Lucario|move: Infestation|[of] p2a: Shuckle\n|\n|-damage|p1a: Lucario|85\/100|[from] move: Infestation|[partiallytrapped]\n|-sideend|p2: JustMonika_CARR|Reflect\n|upkeep\n|turn|13\n|\n|t:|1700232223\n|detailschange|p1a: Lucario|Lucario-Mega, F\n|-mega|p1a: Lucario|Lucario|Lucarionite\n|move|p1a: Lucario|Meteor Mash|p2a: Shuckle\n|-supereffective|p2a: Shuckle\n|-damage|p2a: Shuckle|44\/100\n|move|p2a: Shuckle|Shell Smash|p2a: Shuckle\n|-boost|p2a: Shuckle|def|1\n|-boost|p2a: Shuckle|spd|1\n|-unboost|p2a: Shuckle|atk|2\n|-unboost|p2a: Shuckle|spa|0\n|-unboost|p2a: Shuckle|spe|0\n|\n|-damage|p1a: Lucario|72\/100|[from] move: Infestation|[partiallytrapped]\n|upkeep\n|turn|14\n|\n|t:|1700232239\n|-terastallize|p2a: Shuckle|Steel\n|move|p1a: Lucario|Drain Punch|p2a: Shuckle\n|-supereffective|p2a: Shuckle\n|-damage|p2a: Shuckle|8\/100\n|-heal|p1a: Lucario|87\/100|[from] drain|[of] p2a: Shuckle\n|move|p2a: Shuckle|Rest|p2a: Shuckle\n|-status|p2a: Shuckle|slp|[from] move: Rest\n|-heal|p2a: Shuckle|100\/100 slp|[silent]\n|\n|-damage|p1a: Lucario|75\/100|[from] move: Infestation|[partiallytrapped]\n|upkeep\n|turn|15\n|\n|t:|1700232253\n|move|p1a: Lucario|Power-Up Punch|p2a: Shuckle\n|-supereffective|p2a: Shuckle\n|-crit|p2a: Shuckle\n|-damage|p2a: Shuckle|13\/100 slp\n|-boost|p1a: Lucario|atk|1\n|cant|p2a: Shuckle|slp\n|\n|-damage|p1a: Lucario|62\/100|[from] move: Infestation|[partiallytrapped]\n|upkeep\n|turn|16\n|c|\u2606JustMonika_CARR|Lmao\n|\n|t:|1700232263\n|move|p1a: Lucario|Power-Up Punch|p2a: Shuckle\n|-supereffective|p2a: Shuckle\n|-damage|p2a: Shuckle|0 fnt\n|-boost|p1a: Lucario|atk|1\n|faint|p2a: Shuckle\n|\n|-end|p1a: Lucario|Infestation|[partiallytrapped]|[silent]\n|upkeep\n|\n|t:|1700232269\n|switch|p2a: Durant|Durant, F, shiny|100\/100\n|turn|17\n|\n|t:|1700232272\n|move|p2a: Durant|Entrainment|p1a: Lucario\n|-endability|p1a: Lucario|Adaptability|[from] move: Entrainment\n|-ability|p1a: Lucario|Truant|[from] move: Entrainment\n|move|p1a: Lucario|Drain Punch|p2a: Durant\n|-damage|p2a: Durant|0 fnt\n|-heal|p1a: Lucario|100\/100|[from] drain|[of] p2a: Durant\n|faint|p2a: Durant\n|\n|upkeep\n|\n|t:|1700232281\n|switch|p2a: Gothitelle|Gothitelle, F, shiny|100\/100\n|turn|18\n|\n|t:|1700232286\n|cant|p1a: Lucario|ability: Truant\n|move|p2a: Gothitelle|Substitute|p2a: Gothitelle\n|-start|p2a: Gothitelle|Substitute\n|-damage|p2a: Gothitelle|75\/100\n|\n|upkeep\n|turn|19\n|\n|t:|1700232292\n|move|p1a: Lucario|Meteor Mash|p2a: Gothitelle\n|-end|p2a: Gothitelle|Substitute\n|move|p2a: Gothitelle|Substitute|p2a: Gothitelle\n|-start|p2a: Gothitelle|Substitute\n|-damage|p2a: Gothitelle|50\/100\n|\n|upkeep\n|turn|20\n|\n|t:|1700232303\n|cant|p1a: Lucario|ability: Truant\n|move|p2a: Gothitelle|Dark Pulse|p1a: Lucario\n|-resisted|p1a: Lucario\n|-damage|p1a: Lucario|82\/100\n|\n|upkeep\n|turn|21\n|\n|t:|1700232310\n|move|p1a: Lucario|Meteor Mash|p2a: Gothitelle\n|-end|p2a: Gothitelle|Substitute\n|move|p2a: Gothitelle|Substitute|p2a: Gothitelle\n|-start|p2a: Gothitelle|Substitute\n|-damage|p2a: Gothitelle|25\/100\n|-enditem|p2a: Gothitelle|Starf Berry|[eat]\n|-boost|p2a: Gothitelle|spd|2|[from] item: Starf Berry\n|\n|upkeep\n|turn|22\n|\n|t:|1700232320\n|cant|p1a: Lucario|ability: Truant\n|move|p2a: Gothitelle|Recycle|p2a: Gothitelle\n|-item|p2a: Gothitelle|Starf Berry|[from] move: Recycle\n|-enditem|p2a: Gothitelle|Starf Berry|[eat]\n|-boost|p2a: Gothitelle|spe|2|[from] item: Starf Berry\n|\n|upkeep\n|turn|23\n|\n|t:|1700232325\n|move|p2a: Gothitelle|Protect|p2a: Gothitelle\n|-singleturn|p2a: Gothitelle|Protect\n|move|p1a: Lucario|Drain Punch|p2a: Gothitelle\n|-activate|p2a: Gothitelle|move: Protect\n|\n|upkeep\n|turn|24\n|\n|t:|1700232332\n|cant|p1a: Lucario|ability: Truant\n|move|p2a: Gothitelle|Recycle|p2a: Gothitelle\n|-item|p2a: Gothitelle|Starf Berry|[from] move: Recycle\n|-enditem|p2a: Gothitelle|Starf Berry|[eat]\n|-boost|p2a: Gothitelle|atk|2|[from] item: Starf Berry\n|\n|upkeep\n|turn|25\n|\n|t:|1700232339\n|move|p2a: Gothitelle|Protect|p2a: Gothitelle\n|-singleturn|p2a: Gothitelle|Protect\n|move|p1a: Lucario|Power-Up Punch|p2a: Gothitelle\n|-activate|p2a: Gothitelle|move: Protect\n|\n|upkeep\n|turn|26\n|\n|t:|1700232349\n|cant|p1a: Lucario|ability: Truant\n|move|p2a: Gothitelle|Recycle|p2a: Gothitelle\n|-item|p2a: Gothitelle|Starf Berry|[from] move: Recycle\n|-enditem|p2a: Gothitelle|Starf Berry|[eat]\n|-boost|p2a: Gothitelle|spd|2|[from] item: Starf Berry\n|\n|upkeep\n|turn|27\n|\n|t:|1700232354\n|move|p2a: Gothitelle|Protect|p2a: Gothitelle\n|-singleturn|p2a: Gothitelle|Protect\n|move|p1a: Lucario|Drain Punch|p2a: Gothitelle\n|-activate|p2a: Gothitelle|move: Protect\n|\n|upkeep\n|turn|28\n|\n|t:|1700232356\n|cant|p1a: Lucario|ability: Truant\n|move|p2a: Gothitelle|Recycle|p2a: Gothitelle\n|-item|p2a: Gothitelle|Starf Berry|[from] move: Recycle\n|-enditem|p2a: Gothitelle|Starf Berry|[eat]\n|-boost|p2a: Gothitelle|def|2|[from] item: Starf Berry\n|\n|upkeep\n|turn|29\n|\n|t:|1700232359\n|move|p2a: Gothitelle|Protect|p2a: Gothitelle\n|-singleturn|p2a: Gothitelle|Protect\n|move|p1a: Lucario|Drain Punch|p2a: Gothitelle\n|-activate|p2a: Gothitelle|move: Protect\n|\n|upkeep\n|turn|30\n|\n|t:|1700232362\n|cant|p1a: Lucario|ability: Truant\n|move|p2a: Gothitelle|Recycle|p2a: Gothitelle\n|-item|p2a: Gothitelle|Starf Berry|[from] move: Recycle\n|-enditem|p2a: Gothitelle|Starf Berry|[eat]\n|-boost|p2a: Gothitelle|spa|2|[from] item: Starf Berry\n|\n|upkeep\n|turn|31\n|\n|t:|1700232366\n|move|p2a: Gothitelle|Protect|p2a: Gothitelle\n|-singleturn|p2a: Gothitelle|Protect\n|move|p1a: Lucario|Bullet Punch|p2a: Gothitelle\n|-activate|p2a: Gothitelle|move: Protect\n|\n|upkeep\n|turn|32\n|\n|t:|1700232369\n|cant|p1a: Lucario|ability: Truant\n|move|p2a: Gothitelle|Recycle|p2a: Gothitelle\n|-item|p2a: Gothitelle|Starf Berry|[from] move: Recycle\n|-enditem|p2a: Gothitelle|Starf Berry|[eat]\n|-boost|p2a: Gothitelle|def|2|[from] item: Starf Berry\n|\n|upkeep\n|turn|33\n|\n|t:|1700232372\n|move|p2a: Gothitelle|Protect|p2a: Gothitelle\n|-singleturn|p2a: Gothitelle|Protect\n|move|p1a: Lucario|Bullet Punch|p2a: Gothitelle\n|-activate|p2a: Gothitelle|move: Protect\n|\n|upkeep\n|turn|34\n|\n|t:|1700232373\n|cant|p1a: Lucario|ability: Truant\n|move|p2a: Gothitelle|Recycle|p2a: Gothitelle\n|-item|p2a: Gothitelle|Starf Berry|[from] move: Recycle\n|-enditem|p2a: Gothitelle|Starf Berry|[eat]\n|-boost|p2a: Gothitelle|spd|2|[from] item: Starf Berry\n|\n|upkeep\n|turn|35\n|\n|t:|1700232375\n|move|p2a: Gothitelle|Protect|p2a: Gothitelle\n|-singleturn|p2a: Gothitelle|Protect\n|move|p1a: Lucario|Bullet Punch|p2a: Gothitelle\n|-activate|p2a: Gothitelle|move: Protect\n|\n|upkeep\n|turn|36\n|\n|t:|1700232379\n|cant|p1a: Lucario|ability: Truant\n|move|p2a: Gothitelle|Recycle|p2a: Gothitelle\n|-item|p2a: Gothitelle|Starf Berry|[from] move: Recycle\n|-enditem|p2a: Gothitelle|Starf Berry|[eat]\n|-boost|p2a: Gothitelle|atk|2|[from] item: Starf Berry\n|\n|upkeep\n|turn|37\n|\n|t:|1700232382\n|move|p2a: Gothitelle|Protect|p2a: Gothitelle\n|-singleturn|p2a: Gothitelle|Protect\n|move|p1a: Lucario|Bullet Punch|p2a: Gothitelle\n|-activate|p2a: Gothitelle|move: Protect\n|\n|upkeep\n|turn|38\n|\n|t:|1700232385\n|cant|p1a: Lucario|ability: Truant\n|move|p2a: Gothitelle|Recycle|p2a: Gothitelle\n|-item|p2a: Gothitelle|Starf Berry|[from] move: Recycle\n|-enditem|p2a: Gothitelle|Starf Berry|[eat]\n|-boost|p2a: Gothitelle|atk|2|[from] item: Starf Berry\n|\n|upkeep\n|turn|39\n|\n|t:|1700232389\n|move|p2a: Gothitelle|Protect|p2a: Gothitelle\n|-singleturn|p2a: Gothitelle|Protect\n|move|p1a: Lucario|Bullet Punch|p2a: Gothitelle\n|-activate|p2a: Gothitelle|move: Protect\n|\n|upkeep\n|turn|40\n|\n|t:|1700232391\n|cant|p1a: Lucario|ability: Truant\n|move|p2a: Gothitelle|Recycle|p2a: Gothitelle\n|-item|p2a: Gothitelle|Starf Berry|[from] move: Recycle\n|-enditem|p2a: Gothitelle|Starf Berry|[eat]\n|-boost|p2a: Gothitelle|spa|2|[from] item: Starf Berry\n|\n|upkeep\n|turn|41\n|\n|t:|1700232396\n|move|p2a: Gothitelle|Protect|p2a: Gothitelle\n|-singleturn|p2a: Gothitelle|Protect\n|move|p1a: Lucario|Bullet Punch|p2a: Gothitelle\n|-activate|p2a: Gothitelle|move: Protect\n|\n|upkeep\n|turn|42\n|\n|t:|1700232398\n|cant|p1a: Lucario|ability: Truant\n|move|p2a: Gothitelle|Recycle|p2a: Gothitelle\n|-item|p2a: Gothitelle|Starf Berry|[from] move: Recycle\n|-enditem|p2a: Gothitelle|Starf Berry|[eat]\n|-boost|p2a: Gothitelle|spa|2|[from] item: Starf Berry\n|\n|upkeep\n|turn|43\n|\n|t:|1700232402\n|move|p2a: Gothitelle|Protect|p2a: Gothitelle\n|-singleturn|p2a: Gothitelle|Protect\n|move|p1a: Lucario|Bullet Punch|p2a: Gothitelle\n|-activate|p2a: Gothitelle|move: Protect\n|\n|upkeep\n|turn|44\n|\n|t:|1700232404\n|cant|p1a: Lucario|ability: Truant\n|move|p2a: Gothitelle|Recycle|p2a: Gothitelle\n|-item|p2a: Gothitelle|Starf Berry|[from] move: Recycle\n|-enditem|p2a: Gothitelle|Starf Berry|[eat]\n|-boost|p2a: Gothitelle|spe|2|[from] item: Starf Berry\n|\n|upkeep\n|turn|45\n|\n|t:|1700232407\n|move|p2a: Gothitelle|Protect|p2a: Gothitelle\n|-singleturn|p2a: Gothitelle|Protect\n|move|p1a: Lucario|Bullet Punch|p2a: Gothitelle\n|-activate|p2a: Gothitelle|move: Protect\n|\n|upkeep\n|turn|46\n|\n|t:|1700232409\n|cant|p1a: Lucario|ability: Truant\n|move|p2a: Gothitelle|Recycle|p2a: Gothitelle\n|-item|p2a: Gothitelle|Starf Berry|[from] move: Recycle\n|-enditem|p2a: Gothitelle|Starf Berry|[eat]\n|-boost|p2a: Gothitelle|def|2|[from] item: Starf Berry\n|\n|upkeep\n|turn|47\n|\n|t:|1700232416\n|move|p2a: Gothitelle|Protect|p2a: Gothitelle\n|-singleturn|p2a: Gothitelle|Protect\n|move|p1a: Lucario|Bullet Punch|p2a: Gothitelle\n|-activate|p2a: Gothitelle|move: Protect\n|\n|upkeep\n|turn|48\n|\n|t:|1700232418\n|cant|p1a: Lucario|ability: Truant\n|move|p2a: Gothitelle|Recycle|p2a: Gothitelle\n|-item|p2a: Gothitelle|Starf Berry|[from] move: Recycle\n|-enditem|p2a: Gothitelle|Starf Berry|[eat]\n|-boost|p2a: Gothitelle|spe|2|[from] item: Starf Berry\n|\n|upkeep\n|turn|49\n|\n|t:|1700232427\n|move|p2a: Gothitelle|Protect|p2a: Gothitelle\n|-singleturn|p2a: Gothitelle|Protect\n|move|p1a: Lucario|Bullet Punch|p2a: Gothitelle\n|-activate|p2a: Gothitelle|move: Protect\n|\n|upkeep\n|turn|50\n|\n|t:|1700232429\n|cant|p1a: Lucario|ability: Truant\n|move|p2a: Gothitelle|Dark Pulse|p1a: Lucario\n|-resisted|p1a: Lucario\n|-damage|p1a: Lucario|7\/100\n|\n|upkeep\n|turn|51\n|\n|t:|1700232436\n|move|p2a: Gothitelle|Protect|p2a: Gothitelle\n|-singleturn|p2a: Gothitelle|Protect\n|move|p1a: Lucario|Bullet Punch|p2a: Gothitelle\n|-activate|p2a: Gothitelle|move: Protect\n|\n|upkeep\n|turn|52\n|\n|t:|1700232441\n|cant|p1a: Lucario|ability: Truant\n|move|p2a: Gothitelle|Dark Pulse|p1a: Lucario\n|-resisted|p1a: Lucario\n|-damage|p1a: Lucario|0 fnt\n|faint|p1a: Lucario\n|\n|upkeep\n|\n|t:|1700232455\n|switch|p1a: Groudon|Groudon|100\/100\n|-damage|p1a: Groudon|94\/100|[from] Stealth Rock\n|detailschange|p1a: Groudon|Groudon-Primal\n|-primal|p1a: Groudon|Red Orb\n|-weather|DesolateLand|[from] ability: Desolate Land|[of] p1a: Groudon\n|turn|53\n|\n|t:|1700232462\n|move|p2a: Gothitelle|Dark Pulse|p1a: Groudon\n|-damage|p1a: Groudon|0 fnt\n|faint|p1a: Groudon\n|-weather|none\n|\n|upkeep\n|\n|t:|1700232468\n|switch|p1a: Kyurem|Kyurem-White|100\/100\n|-damage|p1a: Kyurem|76\/100|[from] Stealth Rock\n|-ability|p1a: Kyurem|Turboblaze\n|turn|54\n|\n|t:|1700232473\n|move|p2a: Gothitelle|Dark Pulse|p1a: Kyurem\n|-damage|p1a: Kyurem|1\/100\n|cant|p1a: Kyurem|flinch\n|\n|upkeep\n|turn|55\n|\n|t:|1700232479\n|move|p2a: Gothitelle|Dark Pulse|p1a: Kyurem\n|-damage|p1a: Kyurem|0 fnt\n|faint|p1a: Kyurem\n|\n|upkeep\n|c|\u2606Contest hater|dang it\n|\n|t:|1700232483\n|switch|p1a: Zacian|Zacian-Crowned|100\/100\n|-damage|p1a: Zacian|94\/100|[from] Stealth Rock\n|-ability|p1a: Zacian|Intrepid Sword|boost\n|-boost|p1a: Zacian|atk|1\n|turn|56\n|\n|t:|1700232490\n|move|p2a: Gothitelle|Dark Pulse|p1a: Zacian\n|-resisted|p1a: Zacian\n|-damage|p1a: Zacian|55\/100\n|move|p1a: Zacian|Behemoth Blade|p2a: Gothitelle\n|-activate|p2a: Gothitelle|move: Substitute|[damage]\n|\n|upkeep\n|turn|57\n|\n|t:|1700232497\n|move|p2a: Gothitelle|Dark Pulse|p1a: Zacian\n|-resisted|p1a: Zacian\n|-damage|p1a: Zacian|11\/100\n|move|p1a: Zacian|Behemoth Blade|p2a: Gothitelle\n|-end|p2a: Gothitelle|Substitute\n|\n|upkeep\n|turn|58\n|\n|t:|1700232505\n|move|p2a: Gothitelle|Dark Pulse|p1a: Zacian\n|-resisted|p1a: Zacian\n|-damage|p1a: Zacian|0 fnt\n|faint|p1a: Zacian\n|\n|upkeep\n|\n|t:|1700232511\n|switch|p1a: Arceus|Arceus-Water|100\/100\n|-damage|p1a: Arceus|88\/100|[from] Stealth Rock\n|turn|59\n|\n|t:|1700232516\n|move|p2a: Gothitelle|Dark Pulse|p1a: Arceus\n|-damage|p1a: Arceus|31\/100\n|move|p1a: Arceus|Toxic|p2a: Gothitelle\n|-status|p2a: Gothitelle|tox\n|\n|-damage|p2a: Gothitelle|19\/100 tox|[from] psn\n|upkeep\n|turn|60\n|\n|t:|1700232524\n|move|p2a: Gothitelle|Dark Pulse|p1a: Arceus\n|-crit|p1a: Arceus\n|-damage|p1a: Arceus|0 fnt\n|faint|p1a: Arceus\n|\n|-damage|p2a: Gothitelle|7\/100 tox|[from] psn\n|upkeep\n|\n|t:|1700232526\n|switch|p1a: Flutter Mane|Flutter Mane|100\/100\n|-damage|p1a: Flutter Mane|88\/100|[from] Stealth Rock\n|-enditem|p1a: Flutter Mane|Booster Energy\n|-activate|p1a: Flutter Mane|ability: Protosynthesis|[fromitem]\n|-start|p1a: Flutter Mane|protosynthesisspe\n|turn|61\n|\n|t:|1700232536\n|-terastallize|p1a: Flutter Mane|Fairy\n|move|p2a: Gothitelle|Dark Pulse|p1a: Flutter Mane\n|-resisted|p1a: Flutter Mane\n|-damage|p1a: Flutter Mane|46\/100\n|cant|p1a: Flutter Mane|flinch\n|\n|-damage|p2a: Gothitelle|0 fnt|[from] psn\n|faint|p2a: Gothitelle\n|upkeep\n|\n|t:|1700232552\n|switch|p2a: Pheromosa|Pheromosa, shiny|100\/100\n|turn|62\n|\n|t:|1700232566\n|move|p1a: Flutter Mane|Moonblast|p2a: Pheromosa\n|-supereffective|p2a: Pheromosa\n|-enditem|p2a: Pheromosa|Focus Sash\n|-damage|p2a: Pheromosa|1\/100\n|-unboost|p2a: Pheromosa|spa|1\n|move|p2a: Pheromosa|Rapid Spin|p1a: Flutter Mane\n|-damage|p1a: Flutter Mane|11\/100\n|-boost|p2a: Pheromosa|spe|1\n|\n|upkeep\n|turn|63\n|\n|t:|1700232576\n|move|p1a: Flutter Mane|Psyshock|p2a: Pheromosa\n|-supereffective|p2a: Pheromosa\n|-damage|p2a: Pheromosa|0 fnt\n|faint|p2a: Pheromosa\n|\n|upkeep\n|\n|t:|1700232581\n|switch|p2a: Blaziken|Blaziken, F, shiny|100\/100\n|turn|64\n|\n|t:|1700232586\n|detailschange|p2a: Blaziken|Blaziken-Mega, F, shiny\n|-mega|p2a: Blaziken|Blaziken|Blazikenite\n|move|p2a: Blaziken|Protect|p2a: Blaziken\n|-singleturn|p2a: Blaziken|Protect\n|move|p1a: Flutter Mane|Psyshock|p2a: Blaziken\n|-activate|p2a: Blaziken|move: Protect\n|\n|-ability|p2a: Blaziken|Speed Boost|boost\n|-boost|p2a: Blaziken|spe|1\n|upkeep\n|turn|65\n|\n|t:|1700232600\n|move|p2a: Blaziken|Protect||[still]\n|-fail|p2a: Blaziken\n|move|p1a: Flutter Mane|Moonblast|p2a: Blaziken\n|-damage|p2a: Blaziken|14\/100\n|\n|-ability|p2a: Blaziken|Speed Boost|boost\n|-boost|p2a: Blaziken|spe|1\n|upkeep\n|turn|66\n|\n|t:|1700232608\n|move|p2a: Blaziken|Protect|p2a: Blaziken\n|-singleturn|p2a: Blaziken|Protect\n|move|p1a: Flutter Mane|Psyshock|p2a: Blaziken\n|-activate|p2a: Blaziken|move: Protect\n|\n|-ability|p2a: Blaziken|Speed Boost|boost\n|-boost|p2a: Blaziken|spe|1\n|upkeep\n|turn|67\n|c|\u2606Contest hater|gg\n|\n|t:|1700232617\n|move|p2a: Blaziken|Blaze Kick|p1a: Flutter Mane\n|-damage|p1a: Flutter Mane|0 fnt\n|faint|p1a: Flutter Mane\n|-end|p1a: Flutter Mane|Protosynthesis|[silent]\n|\n|win|JustMonika_CARR\n|raw|Contest hater's rating: 1270 &rarr; <strong>1255<\/strong><br \/>(-15 for losing)\n|raw|JustMonika_CARR's rating: 1411 &rarr; <strong>1423<\/strong><br \/>(+12 for winning)\n|l|\u2606Contest hater\n|c|\u2606JustMonika_CARR|Gg\n","uploadtime":1700232632,"views":8,"p1id":"contesthater","p2id":"justmonikacarr","formatid":"gen9nationaldexubers","rating":1255,"private":0,"password":""}