{"id":"gen9nationaldexubers-1987935739","p1":"PhobosYeah","p2":"Small_positive987","format":"[Gen 9] National Dex Ubers","log":"|j|\u2606PhobosYeah\n|j|\u2606Small_positive987\n|t:|1699650816\n|gametype|singles\n|player|p1|PhobosYeah|roughneck|1362\n|player|p2|Small_positive987|falkner|1359\n|teamsize|p1|6\n|teamsize|p2|6\n|gen|9\n|tier|[Gen 9] National Dex Ubers\n|rated|\n|rule|HP Percentage Mod: HP is shown in percentages\n|rule|Endless Battle Clause: Forcing endless battles is banned\n|rule|OHKO Clause: OHKO moves are banned\n|rule|Evasion Moves Clause: Evasion moves are banned\n|rule|Evasion Items Clause: Evasion items are banned\n|rule|Species Clause: Limit one of each Pok\u00e9mon\n|rule|Sleep Clause Mod: Limit one foe put to sleep\n|rule|Mega Rayquaza Clause: You cannot mega evolve Rayquaza\n|clearpoke\n|poke|p1|Ditto|\n|poke|p1|Smeargle, F|\n|poke|p1|Kangaskhan, F|\n|poke|p1|Zoroark-Hisui, F|\n|poke|p1|Ursaluna-Bloodmoon, M|\n|poke|p1|Arceus|\n|poke|p2|Deoxys-Attack|\n|poke|p2|Kartana|\n|poke|p2|Salamence, M|\n|poke|p2|Palafin, M|\n|poke|p2|Grimmsnarl, M|\n|poke|p2|Lugia|\n|teampreview\n|inactive|Battle timer is ON: inactive players will automatically lose when time's up. (requested by Small_positive987)\n|c|\u2606PhobosYeah|GLHF\n|\n|t:|1699650829\n|start\n|switch|p1a: Smeargle|Smeargle, F|100\/100\n|switch|p2a: Grimmsnarl|Grimmsnarl, M, shiny|100\/100\n|turn|1\n|\n|t:|1699650834\n|move|p2a: Grimmsnarl|Taunt|p1a: Smeargle\n|-start|p1a: Smeargle|move: Taunt\n|cant|p1a: Smeargle|move: Taunt|Spore\n|\n|-ability|p1a: Smeargle|Moody|boost\n|-boost|p1a: Smeargle|spe|2\n|-unboost|p1a: Smeargle|atk|1\n|upkeep\n|turn|2\n|\n|t:|1699650844\n|move|p2a: Grimmsnarl|Thunder Wave|p1a: Smeargle\n|-status|p1a: Smeargle|par\n|move|p1a: Smeargle|Seismic Toss|p2a: Grimmsnarl\n|-damage|p2a: Grimmsnarl|75\/100\n|\n|-ability|p1a: Smeargle|Moody|boost\n|-boost|p1a: Smeargle|atk|2\n|-unboost|p1a: Smeargle|spd|1\n|upkeep\n|turn|3\n|\n|t:|1699650853\n|move|p2a: Grimmsnarl|Reflect|p2a: Grimmsnarl\n|-sidestart|p2: Small_positive987|Reflect\n|move|p1a: Smeargle|Seismic Toss|p2a: Grimmsnarl\n|-damage|p2a: Grimmsnarl|50\/100\n|\n|-end|p1a: Smeargle|move: Taunt\n|-ability|p1a: Smeargle|Moody|boost\n|-boost|p1a: Smeargle|spa|2\n|-unboost|p1a: Smeargle|def|1\n|upkeep\n|turn|4\n|\n|t:|1699650861\n|move|p2a: Grimmsnarl|Light Screen|p2a: Grimmsnarl\n|-sidestart|p2: Small_positive987|move: Light Screen\n|move|p1a: Smeargle|Seismic Toss|p2a: Grimmsnarl\n|-damage|p2a: Grimmsnarl|24\/100\n|\n|-ability|p1a: Smeargle|Moody|boost\n|-boost|p1a: Smeargle|def|2\n|-unboost|p1a: Smeargle|spe|1\n|upkeep\n|turn|5\n|\n|t:|1699650870\n|move|p2a: Grimmsnarl|Taunt|p1a: Smeargle\n|-start|p1a: Smeargle|move: Taunt\n|move|p1a: Smeargle|Seismic Toss|p2a: Grimmsnarl\n|-damage|p2a: Grimmsnarl|0 fnt\n|faint|p2a: Grimmsnarl\n|\n|-ability|p1a: Smeargle|Moody|boost\n|-boost|p1a: Smeargle|spa|2\n|-unboost|p1a: Smeargle|spe|1\n|upkeep\n|\n|t:|1699650878\n|switch|p2a: Palafin|Palafin, M, shiny|100\/100\n|turn|6\n|\n|t:|1699650881\n|detailschange|p2a: Palafin|Palafin-Hero, M, shiny\n|switch|p2a: Salamence|Salamence, M, shiny|100\/100\n|-ability|p2a: Salamence|Intimidate|boost\n|-unboost|p1a: Smeargle|atk|1\n|move|p1a: Smeargle|Seismic Toss|p2a: Salamence\n|-damage|p2a: Salamence|70\/100\n|\n|-ability|p1a: Smeargle|Moody|boost\n|-boost|p1a: Smeargle|spa|2\n|-unboost|p1a: Smeargle|atk|1\n|upkeep\n|turn|7\n|\n|t:|1699650893\n|detailschange|p2a: Salamence|Salamence-Mega, M, shiny\n|-mega|p2a: Salamence|Salamence|Salamencite\n|move|p2a: Salamence|Frustration|p1a: Smeargle\n|-enditem|p1a: Smeargle|Focus Sash\n|-damage|p1a: Smeargle|1\/100 par\n|move|p1a: Smeargle|Seismic Toss|p2a: Salamence\n|-damage|p2a: Salamence|40\/100\n|\n|-end|p1a: Smeargle|move: Taunt\n|-ability|p1a: Smeargle|Moody|boost\n|-boost|p1a: Smeargle|spd|2\n|-unboost|p1a: Smeargle|atk|1\n|upkeep\n|turn|8\n|\n|t:|1699650909\n|switch|p1a: Arceus|Arceus|100\/100\n|move|p2a: Salamence|Frustration|p1a: Arceus\n|-damage|p1a: Arceus|0 fnt\n|replace|p1a: Zoroark|Zoroark-Hisui, F\n|-end|p1a: Zoroark|Illusion\n|faint|p1a: Zoroark\n|\n|upkeep\n|\n|t:|1699650923\n|switch|p1a: Ditto|Ditto, shiny|100\/100\n|-transform|p1a: Ditto|p2a: Salamence|[from] ability: Imposter\n|turn|9\n|\n|t:|1699650935\n|move|p1a: Ditto|Frustration|p2a: Salamence\n|-crit|p2a: Salamence\n|-damage|p2a: Salamence|39\/100\n|move|p2a: Salamence|Frustration|p1a: Ditto\n|-damage|p1a: Ditto|40\/100\n|\n|upkeep\n|turn|10\n|inactive|PhobosYeah has 120 seconds left.\n|\n|t:|1699650956\n|switch|p1a: Smeargle|Smeargle, F|1\/100 par\n|move|p2a: Salamence|Dragon Dance|p2a: Salamence\n|-boost|p2a: Salamence|atk|1\n|-boost|p2a: Salamence|spe|1\n|\n|-sideend|p2: Small_positive987|Reflect\n|-ability|p1a: Smeargle|Moody|boost\n|-boost|p1a: Smeargle|spd|2\n|-unboost|p1a: Smeargle|def|1\n|upkeep\n|turn|11\n|\n|t:|1699650965\n|move|p2a: Salamence|Fire Fang|p1a: Smeargle\n|-damage|p1a: Smeargle|0 fnt\n|faint|p1a: Smeargle\n|\n|-sideend|p2: Small_positive987|move: Light Screen\n|upkeep\n|\n|t:|1699650972\n|switch|p1a: Ditto|Ditto, shiny|40\/100\n|-transform|p1a: Ditto|p2a: Salamence|[from] ability: Imposter\n|turn|12\n|\n|t:|1699650981\n|move|p1a: Ditto|Iron Tail|p2a: Salamence\n|-damage|p2a: Salamence|0 fnt\n|faint|p2a: Salamence\n|\n|upkeep\n|\n|t:|1699650987\n|switch|p2a: Kartana|Kartana, shiny|100\/100\n|turn|13\n|\n|t:|1699650995\n|move|p1a: Ditto|Iron Tail|p2a: Kartana\n|-resisted|p2a: Kartana\n|-damage|p2a: Kartana|71\/100\n|move|p2a: Kartana|Knock Off|p1a: Ditto\n|-damage|p1a: Ditto|6\/100\n|-enditem|p1a: Ditto|Choice Scarf|[from] move: Knock Off|[of] p2a: Kartana\n|\n|upkeep\n|turn|14\n|\n|t:|1699651009\n|move|p2a: Kartana|Knock Off|p1a: Ditto\n|-damage|p1a: Ditto|0 fnt\n|faint|p1a: Ditto\n|-ability|p2a: Kartana|Beast Boost|boost\n|-boost|p2a: Kartana|atk|1\n|\n|upkeep\n|\n|t:|1699651018\n|switch|p1a: Kangaskhan|Kangaskhan, F, shiny|100\/100\n|turn|15\n|\n|t:|1699651022\n|detailschange|p1a: Kangaskhan|Kangaskhan-Mega, F, shiny\n|-mega|p1a: Kangaskhan|Kangaskhan|Kangaskhanite\n|move|p1a: Kangaskhan|Fake Out|p2a: Kartana\n|-resisted|p2a: Kartana\n|-damage|p2a: Kartana|60\/100\n|-resisted|p2a: Kartana\n|-crit|p2a: Kartana\n|-damage|p2a: Kartana|56\/100\n|-hitcount|p2a: Kartana|2\n|cant|p2a: Kartana|flinch\n|\n|upkeep\n|turn|16\n|\n|t:|1699651031\n|move|p2a: Kartana|Knock Off|p1a: Kangaskhan\n|-damage|p1a: Kangaskhan|57\/100\n|move|p1a: Kangaskhan|Seismic Toss|p2a: Kartana\n|-damage|p2a: Kartana|18\/100\n|-damage|p2a: Kartana|0 fnt\n|faint|p2a: Kartana\n|-hitcount|p2: Kartana|2\n|\n|upkeep\n|\n|t:|1699651040\n|switch|p2a: Palafin|Palafin-Hero, M, shiny|100\/100\n|-activate|p2a: Palafin|ability: Zero to Hero\n|turn|17\n|\n|t:|1699651050\n|move|p1a: Kangaskhan|Seismic Toss|p2a: Palafin\n|-damage|p2a: Palafin|71\/100\n|-damage|p2a: Palafin|42\/100\n|-hitcount|p2a: Palafin|2\n|move|p2a: Palafin|Bulk Up|p2a: Palafin\n|-boost|p2a: Palafin|atk|1\n|-boost|p2a: Palafin|def|1\n|\n|-heal|p2a: Palafin|48\/100|[from] item: Leftovers\n|upkeep\n|turn|18\n|\n|t:|1699651074\n|move|p2a: Palafin|Jet Punch|p1a: Kangaskhan\n|-damage|p1a: Kangaskhan|0 fnt\n|faint|p1a: Kangaskhan\n|\n|-heal|p2a: Palafin|54\/100|[from] item: Leftovers\n|upkeep\n|\n|t:|1699651082\n|switch|p1a: Arceus|Arceus|100\/100\n|turn|19\n|\n|t:|1699651086\n|-terastallize|p1a: Arceus|Normal\n|move|p1a: Arceus|Extreme Speed|p2a: Palafin\n|-damage|p2a: Palafin|18\/100\n|move|p2a: Palafin|Drain Punch|p1a: Arceus\n|-supereffective|p1a: Arceus\n|-damage|p1a: Arceus|30\/100\n|-heal|p2a: Palafin|57\/100|[from] drain|[of] p1a: Arceus\n|\n|-heal|p2a: Palafin|64\/100|[from] item: Leftovers\n|upkeep\n|turn|20\n|\n|t:|1699651097\n|move|p1a: Arceus|Extreme Speed|p2a: Palafin\n|-damage|p2a: Palafin|29\/100\n|move|p2a: Palafin|Drain Punch|p1a: Arceus\n|-supereffective|p1a: Arceus\n|-damage|p1a: Arceus|0 fnt\n|-heal|p2a: Palafin|45\/100|[from] drain|[of] p1a: Arceus\n|faint|p1a: Arceus\n|\n|-heal|p2a: Palafin|52\/100|[from] item: Leftovers\n|upkeep\n|\n|t:|1699651110\n|switch|p1a: Ursaluna|Ursaluna-Bloodmoon, M|100\/100\n|turn|21\n|\n|t:|1699651118\n|move|p2a: Palafin|Jet Punch|p1a: Ursaluna\n|-supereffective|p1a: Ursaluna\n|-damage|p1a: Ursaluna|2\/100\n|move|p1a: Ursaluna|Blood Moon|p2a: Palafin\n|-damage|p2a: Palafin|0 fnt\n|faint|p2a: Palafin\n|\n|-heal|p1a: Ursaluna|8\/100|[from] item: Leftovers\n|upkeep\n|\n|t:|1699651120\n|switch|p2a: Deoxys|Deoxys-Attack|100\/100\n|-ability|p2a: Deoxys|Pressure\n|turn|22\n|\n|t:|1699651130\n|move|p2a: Deoxys|Extreme Speed|p1a: Ursaluna\n|-damage|p1a: Ursaluna|0 fnt\n|faint|p1a: Ursaluna\n|\n|win|Small_positive987\n|raw|PhobosYeah's rating: 1362 &rarr; <strong>1342<\/strong><br \/>(-20 for losing)\n|raw|Small_positive987's rating: 1359 &rarr; <strong>1379<\/strong><br \/>(+20 for winning)\n|c|\u2606PhobosYeah|GG\n","uploadtime":1699651140,"views":6,"p1id":"phobosyeah","p2id":"smallpositive987","formatid":"gen9nationaldexubers","rating":1342,"private":0,"password":""}