{"id":"gen9nationaldexubers-1983864683","p1":"DavBluDino","p2":"jotao10_10","format":"[Gen 9] National Dex Ubers","log":"|j|\u2606DavBluDino\n|j|\u2606jotao10_10\n|t:|1699193508\n|gametype|singles\n|player|p1|DavBluDino|169|1657\n|player|p2|jotao10_10|101|1570\n|teamsize|p1|6\n|teamsize|p2|6\n|gen|9\n|tier|[Gen 9] National Dex Ubers\n|rated|\n|rule|HP Percentage Mod: HP is shown in percentages\n|rule|Endless Battle Clause: Forcing endless battles is banned\n|rule|OHKO Clause: OHKO moves are banned\n|rule|Evasion Moves Clause: Evasion moves are banned\n|rule|Evasion Items Clause: Evasion items are banned\n|rule|Species Clause: Limit one of each Pok\u00e9mon\n|rule|Sleep Clause Mod: Limit one foe put to sleep\n|rule|Mega Rayquaza Clause: You cannot mega evolve Rayquaza\n|clearpoke\n|poke|p1|Sableye, M|\n|poke|p1|Chansey, F|\n|poke|p1|Ferrothorn, F|\n|poke|p1|Toxapex, F|\n|poke|p1|Rotom-Wash|\n|poke|p1|Ditto|\n|poke|p2|Ho-Oh|\n|poke|p2|Arceus-Dark|\n|poke|p2|Groudon|\n|poke|p2|Necrozma-Dusk-Mane|\n|poke|p2|Marshadow|\n|poke|p2|Yveltal|\n|teampreview\n|inactive|Battle timer is ON: inactive players will automatically lose when time's up. (requested by DavBluDino)\n|\n|t:|1699193527\n|start\n|switch|p1a: Rotom|Rotom-Wash|100\/100\n|switch|p2a: Yveltal|Yveltal|100\/100\n|-ability|p2a: Yveltal|Dark Aura\n|turn|1\n|\n|t:|1699193532\n|-terastallize|p2a: Yveltal|Dark\n|move|p1a: Rotom|Toxic|p2a: Yveltal\n|-status|p2a: Yveltal|tox\n|move|p2a: Yveltal|Dark Pulse|p1a: Rotom\n|-damage|p1a: Rotom|0 fnt\n|faint|p1a: Rotom\n|-damage|p2a: Yveltal|91\/100 tox|[from] item: Life Orb\n|\n|-damage|p2a: Yveltal|84\/100 tox|[from] psn\n|upkeep\n|\n|t:|1699193539\n|switch|p1a: Chansey|Chansey, F|100\/100\n|turn|2\n|\n|t:|1699193543\n|move|p2a: Yveltal|Taunt|p1a: Chansey\n|-start|p1a: Chansey|move: Taunt\n|cant|p1a: Chansey|move: Taunt|Stealth Rock\n|\n|-damage|p2a: Yveltal|72\/100 tox|[from] psn\n|upkeep\n|turn|3\n|\n|t:|1699193546\n|switch|p2a: Marshadow|Marshadow|100\/100\n|switch|p1a: Ditto|Ditto|100\/100\n|-transform|p1a: Ditto|p2a: Marshadow|[from] ability: Imposter\n|\n|upkeep\n|turn|4\n|\n|t:|1699193550\n|switch|p1a: Toxapex|Toxapex, F|100\/100\n|move|p2a: Marshadow|Spectral Thief|p1a: Toxapex\n|-damage|p1a: Toxapex|67\/100\n|\n|-heal|p1a: Toxapex|73\/100|[from] item: Leftovers\n|upkeep\n|turn|5\n|\n|t:|1699193561\n|switch|p2a: Necrozma|Necrozma-Dusk-Mane|100\/100\n|move|p1a: Toxapex|Toxic|p2a: Necrozma\n|-immune|p2a: Necrozma\n|\n|-heal|p1a: Toxapex|79\/100|[from] item: Leftovers\n|upkeep\n|turn|6\n|\n|t:|1699193565\n|switch|p1a: Ferrothorn|Ferrothorn, F|100\/100\n|move|p2a: Necrozma|Dragon Dance|p2a: Necrozma\n|-boost|p2a: Necrozma|atk|1\n|-boost|p2a: Necrozma|spe|1\n|\n|upkeep\n|turn|7\n|\n|t:|1699193569\n|detailschange|p2a: Necrozma|Necrozma-Ultra\n|-burst|p2a: Necrozma|Necrozma|Ultranecrozium Z\n|move|p2a: Necrozma|Earthquake|p1a: Ferrothorn\n|-damage|p1a: Ferrothorn|62\/100\n|move|p1a: Ferrothorn|Spikes|p2a: Necrozma\n|-sidestart|p2: jotao10_10|Spikes\n|\n|-heal|p1a: Ferrothorn|68\/100|[from] item: Leftovers\n|upkeep\n|turn|8\n|\n|t:|1699193574\n|move|p2a: Necrozma|Earthquake|p1a: Ferrothorn\n|-damage|p1a: Ferrothorn|29\/100\n|move|p1a: Ferrothorn|Leech Seed|p2a: Necrozma\n|-start|p2a: Necrozma|move: Leech Seed\n|\n|-heal|p1a: Ferrothorn|35\/100|[from] item: Leftovers\n|-damage|p2a: Necrozma|88\/100|[from] Leech Seed|[of] p1a: Ferrothorn\n|-heal|p1a: Ferrothorn|47\/100|[silent]\n|upkeep\n|turn|9\n|\n|t:|1699193582\n|move|p2a: Necrozma|Dragon Dance|p2a: Necrozma\n|-boost|p2a: Necrozma|atk|1\n|-boost|p2a: Necrozma|spe|1\n|move|p1a: Ferrothorn|Knock Off|p2a: Necrozma\n|-supereffective|p2a: Necrozma\n|-crit|p2a: Necrozma\n|-damage|p2a: Necrozma|45\/100\n|\n|-heal|p1a: Ferrothorn|53\/100|[from] item: Leftovers\n|-damage|p2a: Necrozma|33\/100|[from] Leech Seed|[of] p1a: Ferrothorn\n|-heal|p1a: Ferrothorn|65\/100|[silent]\n|upkeep\n|turn|10\n|\n|t:|1699193591\n|-zpower|p2a: Necrozma\n|move|p2a: Necrozma|Light That Burns the Sky|p1a: Ferrothorn|[zeffect]\n|-resisted|p1a: Ferrothorn\n|-damage|p1a: Ferrothorn|0 fnt\n|faint|p1a: Ferrothorn\n|\n|upkeep\n|\n|t:|1699193593\n|switch|p1a: Ditto|Ditto|100\/100\n|-transform|p1a: Ditto|p2a: Necrozma|[from] ability: Imposter\n|turn|11\n|\n|t:|1699193598\n|move|p1a: Ditto|Sunsteel Strike|p2a: Necrozma\n|-damage|p2a: Necrozma|0 fnt\n|faint|p2a: Necrozma\n|\n|upkeep\n|\n|t:|1699193600\n|switch|p2a: Ho-Oh|Ho-Oh|100\/100\n|turn|12\n|\n|t:|1699193609\n|-terastallize|p1a: Ditto|Steel\n|move|p1a: Ditto|Sunsteel Strike|p2a: Ho-Oh\n|-resisted|p2a: Ho-Oh\n|-damage|p2a: Ho-Oh|57\/100\n|move|p2a: Ho-Oh|Defog|p1a: Ditto\n|-unboost|p1a: Ditto|evasion|1\n|-sideend|p2: jotao10_10|Spikes|[from] move: Defog|[of] p2a: Ho-Oh\n|\n|upkeep\n|turn|13\n|\n|t:|1699193615\n|switch|p1a: Chansey|Chansey, F|100\/100\n|move|p2a: Ho-Oh|Sacred Fire|p1a: Chansey\n|-damage|p1a: Chansey|71\/100\n|-status|p1a: Chansey|brn\n|\n|-damage|p1a: Chansey|65\/100 brn|[from] brn\n|upkeep\n|turn|14\n|\n|t:|1699193619\n|move|p2a: Ho-Oh|Sacred Fire|p1a: Chansey\n|-damage|p1a: Chansey|38\/100 brn\n|move|p1a: Chansey|Stealth Rock|p2a: Ho-Oh\n|-sidestart|p2: jotao10_10|move: Stealth Rock\n|\n|-damage|p1a: Chansey|32\/100 brn|[from] brn\n|upkeep\n|turn|15\n|\n|t:|1699193622\n|move|p2a: Ho-Oh|Defog|p1a: Chansey\n|-unboost|p1a: Chansey|evasion|1\n|-sideend|p2: jotao10_10|Stealth Rock|[from] move: Defog|[of] p2a: Ho-Oh\n|move|p1a: Chansey|Toxic|p2a: Ho-Oh\n|-status|p2a: Ho-Oh|tox\n|\n|-damage|p2a: Ho-Oh|51\/100 tox|[from] psn\n|-damage|p1a: Chansey|26\/100 brn|[from] brn\n|upkeep\n|turn|16\n|\n|t:|1699193625\n|move|p2a: Ho-Oh|Sacred Fire|p1a: Chansey\n|-damage|p1a: Chansey|0 fnt\n|faint|p1a: Chansey\n|\n|-damage|p2a: Ho-Oh|39\/100 tox|[from] psn\n|upkeep\n|\n|t:|1699193627\n|switch|p1a: Ditto|Ditto, tera:Steel|100\/100\n|-transform|p1a: Ditto|p2a: Ho-Oh|[from] ability: Imposter\n|turn|17\n|\n|t:|1699193631\n|switch|p1a: Toxapex|Toxapex, F|100\/100\n|move|p2a: Ho-Oh|Sacred Fire|p1a: Toxapex\n|-resisted|p1a: Toxapex\n|-damage|p1a: Toxapex|87\/100\n|\n|-heal|p1a: Toxapex|93\/100|[from] item: Leftovers\n|-damage|p2a: Ho-Oh|21\/100 tox|[from] psn\n|upkeep\n|turn|18\n|\n|t:|1699193637\n|switch|p2a: Arceus|Arceus-Dark|100\/100\n|move|p1a: Toxapex|Toxic|p2a: Arceus\n|-status|p2a: Arceus|tox\n|\n|-heal|p1a: Toxapex|99\/100|[from] item: Leftovers\n|-damage|p2a: Arceus|94\/100 tox|[from] psn\n|upkeep\n|turn|19\n|\n|t:|1699193641\n|move|p2a: Arceus|Taunt|p1a: Toxapex\n|-start|p1a: Toxapex|move: Taunt\n|cant|p1a: Toxapex|move: Taunt|Recover\n|\n|-heal|p1a: Toxapex|100\/100|[from] item: Leftovers\n|-damage|p2a: Arceus|82\/100 tox|[from] psn\n|upkeep\n|turn|20\n|\n|t:|1699193644\n|switch|p2a: Yveltal|Yveltal, tera:Dark|72\/100 tox\n|-ability|p2a: Yveltal|Dark Aura\n|switch|p1a: Sableye|Sableye, M|100\/100\n|\n|-damage|p2a: Yveltal|66\/100 tox|[from] psn\n|upkeep\n|turn|21\n|\n|t:|1699193647\n|detailschange|p1a: Sableye|Sableye-Mega, M\n|-mega|p1a: Sableye|Sableye|Sablenite\n|move|p2a: Yveltal|Dark Pulse|p1a: Sableye\n|-damage|p1a: Sableye|0 fnt\n|faint|p1a: Sableye\n|-damage|p2a: Yveltal|56\/100 tox|[from] item: Life Orb\n|\n|-damage|p2a: Yveltal|44\/100 tox|[from] psn\n|upkeep\n|\n|t:|1699193652\n|switch|p1a: Ditto|Ditto, tera:Steel|100\/100\n|-transform|p1a: Ditto|p2a: Yveltal|[from] ability: Imposter\n|-ability|p1a: Ditto|Dark Aura\n|turn|22\n|\n|t:|1699193656\n|switch|p2a: Arceus|Arceus-Dark|82\/100 tox\n|move|p1a: Ditto|Heat Wave|p2a: Arceus\n|-damage|p2a: Arceus|59\/100 tox\n|\n|-damage|p2a: Arceus|53\/100 tox|[from] psn\n|upkeep\n|turn|23\n|\n|t:|1699193661\n|switch|p1a: Toxapex|Toxapex, F|100\/100\n|move|p2a: Arceus|Foul Play|p1a: Toxapex\n|-damage|p1a: Toxapex|88\/100\n|\n|-heal|p1a: Toxapex|94\/100|[from] item: Leftovers\n|-damage|p2a: Arceus|41\/100 tox|[from] psn\n|upkeep\n|turn|24\n|\n|t:|1699193665\n|switch|p1a: Ditto|Ditto, tera:Steel|100\/100\n|-transform|p1a: Ditto|p2a: Arceus|[from] ability: Imposter\n|move|p2a: Arceus|Taunt|p1a: Ditto\n|-start|p1a: Ditto|move: Taunt\n|\n|-damage|p2a: Arceus|22\/100 tox|[from] psn\n|upkeep\n|turn|25\n|\n|t:|1699193668\n|switch|p1a: Toxapex|Toxapex, F|100\/100\n|move|p2a: Arceus|Will-O-Wisp|p1a: Toxapex\n|-status|p1a: Toxapex|brn\n|\n|-damage|p2a: Arceus|0 fnt|[from] psn\n|faint|p2a: Arceus\n|-damage|p1a: Toxapex|94\/100 brn|[from] brn\n|upkeep\n|\n|t:|1699193671\n|switch|p2a: Yveltal|Yveltal, tera:Dark|44\/100 tox\n|-ability|p2a: Yveltal|Dark Aura\n|turn|26\n|\n|t:|1699193674\n|move|p2a: Yveltal|Dark Pulse|p1a: Toxapex\n|-damage|p1a: Toxapex|23\/100 brn\n|-damage|p2a: Yveltal|34\/100 tox|[from] item: Life Orb\n|move|p1a: Toxapex|Recover|p1a: Toxapex\n|-heal|p1a: Toxapex|73\/100 brn\n|\n|-heal|p1a: Toxapex|79\/100 brn|[from] item: Leftovers\n|-damage|p2a: Yveltal|28\/100 tox|[from] psn\n|-damage|p1a: Toxapex|73\/100 brn|[from] brn\n|upkeep\n|turn|27\n|\n|t:|1699193678\n|switch|p1a: Ditto|Ditto, tera:Steel|100\/100\n|-transform|p1a: Ditto|p2a: Yveltal|[from] ability: Imposter\n|-ability|p1a: Ditto|Dark Aura\n|move|p2a: Yveltal|Taunt|p1a: Ditto\n|-start|p1a: Ditto|move: Taunt\n|\n|-damage|p2a: Yveltal|16\/100 tox|[from] psn\n|upkeep\n|turn|28\n|\n|t:|1699193683\n|move|p1a: Ditto|Heat Wave|p2a: Yveltal\n|-damage|p2a: Yveltal|0 fnt\n|faint|p2a: Yveltal\n|\n|upkeep\n|\n|t:|1699193685\n|switch|p2a: Groudon|Groudon|100\/100\n|detailschange|p2a: Groudon|Groudon-Primal\n|-primal|p2a: Groudon|Red Orb\n|-weather|DesolateLand|[from] ability: Desolate Land|[of] p2a: Groudon\n|turn|29\n|\n|t:|1699193692\n|switch|p1a: Toxapex|Toxapex, F|100\/100 brn\n|move|p2a: Groudon|Precipice Blades|p1a: Toxapex\n|-supereffective|p1a: Toxapex\n|-damage|p1a: Toxapex|0 fnt\n|faint|p1a: Toxapex\n|\n|-weather|DesolateLand|[upkeep]\n|upkeep\n|\n|t:|1699193694\n|switch|p1a: Ditto|Ditto, tera:Steel|100\/100\n|-transform|p1a: Ditto|p2a: Groudon|[from] ability: Imposter\n|turn|30\n|\n|t:|1699193697\n|switch|p2a: Ho-Oh|Ho-Oh|54\/100 tox\n|move|p1a: Ditto|Precipice Blades|p2a: Ho-Oh\n|-immune|p2a: Ho-Oh\n|\n|-weather|DesolateLand|[upkeep]\n|-damage|p2a: Ho-Oh|48\/100 tox|[from] psn\n|upkeep\n|turn|31\n|-message|DavBluDino forfeited.\n|\n|win|jotao10_10\n|raw|DavBluDino's rating: 1657 &rarr; <strong>1632<\/strong><br \/>(-25 for losing)\n|raw|jotao10_10's rating: 1570 &rarr; <strong>1595<\/strong><br \/>(+25 for winning)\n|l|\u2606DavBluDino\n","uploadtime":1699193707,"views":3,"p1id":"davbludino","p2id":"jotao1010","formatid":"gen9nationaldexubers","rating":1595,"private":0,"password":""}