{"id":"gen9nationaldexubers-1993278852","p1":"Zuluzhi","p2":"therealplayerred","format":"[Gen 9] National Dex Ubers","log":"|j|\u2606Zuluzhi\n|j|\u2606therealplayerred\n|t:|1700289131\n|gametype|singles\n|player|p1|Zuluzhi|firebreather|1292\n|player|p2|therealplayerred|blue|1294\n|teamsize|p1|6\n|teamsize|p2|6\n|gen|9\n|tier|[Gen 9] National Dex Ubers\n|rated|\n|rule|HP Percentage Mod: HP is shown in percentages\n|rule|Endless Battle Clause: Forcing endless battles is banned\n|rule|OHKO Clause: OHKO moves are banned\n|rule|Evasion Moves Clause: Evasion moves are banned\n|rule|Evasion Items Clause: Evasion items are banned\n|rule|Species Clause: Limit one of each Pok\u00e9mon\n|rule|Sleep Clause Mod: Limit one foe put to sleep\n|rule|Mega Rayquaza Clause: You cannot mega evolve Rayquaza\n|clearpoke\n|poke|p1|Galvantula, M|\n|poke|p1|Salamence, M|\n|poke|p1|Mamoswine, F|\n|poke|p1|Mimikyu, F|\n|poke|p1|Primarina, F|\n|poke|p1|Blaziken, F|\n|poke|p2|Ribombee, F|\n|poke|p2|Amoonguss, F|\n|poke|p2|Gholdengo|\n|poke|p2|Samurott-Hisui, F|\n|poke|p2|Ursaluna-Bloodmoon, M|\n|poke|p2|Lucario, F|\n|teampreview\n|\n|t:|1700289140\n|start\n|switch|p1a: Galvantula|Galvantula, M|100\/100\n|switch|p2a: Ribombee|Ribombee, F, shiny|100\/100\n|turn|1\n|\n|t:|1700289152\n|move|p2a: Ribombee|Sticky Web|p1a: Galvantula\n|-sidestart|p1: Zuluzhi|move: Sticky Web\n|move|p1a: Galvantula|Thunder Wave|p2a: Ribombee\n|-status|p2a: Ribombee|par\n|\n|upkeep\n|turn|2\n|\n|t:|1700289173\n|move|p1a: Galvantula|Sticky Web|p2a: Ribombee\n|-sidestart|p2: therealplayerred|move: Sticky Web\n|move|p2a: Ribombee|Moonblast|p1a: Galvantula\n|-damage|p1a: Galvantula|34\/100\n|\n|upkeep\n|turn|3\n|\n|t:|1700289185\n|move|p1a: Galvantula|Thunderbolt|p2a: Ribombee\n|-damage|p2a: Ribombee|34\/100 par\n|move|p2a: Ribombee|Moonblast|p1a: Galvantula\n|-damage|p1a: Galvantula|0 fnt\n|faint|p1a: Galvantula\n|\n|upkeep\n|\n|t:|1700289194\n|switch|p1a: Blaziken|Blaziken, F|100\/100\n|-activate|p1a: Blaziken|move: Sticky Web\n|-unboost|p1a: Blaziken|spe|1\n|turn|4\n|\n|t:|1700289202\n|move|p2a: Ribombee|Reflect|p2a: Ribombee\n|-sidestart|p2: therealplayerred|Reflect\n|move|p1a: Blaziken|Swords Dance|p1a: Blaziken\n|-boost|p1a: Blaziken|atk|2\n|\n|-ability|p1a: Blaziken|Speed Boost|boost\n|-boost|p1a: Blaziken|spe|1\n|upkeep\n|turn|5\n|\n|t:|1700289211\n|move|p1a: Blaziken|Swords Dance|p1a: Blaziken\n|-boost|p1a: Blaziken|atk|2\n|move|p2a: Ribombee|Stun Spore|p1a: Blaziken\n|-status|p1a: Blaziken|par\n|\n|-ability|p1a: Blaziken|Speed Boost|boost\n|-boost|p1a: Blaziken|spe|1\n|upkeep\n|turn|6\n|\n|t:|1700289222\n|move|p1a: Blaziken|Earthquake|p2a: Ribombee\n|-resisted|p2a: Ribombee\n|-damage|p2a: Ribombee|0 fnt\n|faint|p2a: Ribombee\n|\n|-ability|p1a: Blaziken|Speed Boost|boost\n|-boost|p1a: Blaziken|spe|1\n|upkeep\n|\n|t:|1700289228\n|switch|p2a: Amoonguss|Amoonguss, F, shiny|100\/100\n|-activate|p2a: Amoonguss|move: Sticky Web\n|-unboost|p2a: Amoonguss|spe|1\n|turn|7\n|\n|t:|1700289245\n|switch|p2a: Samurott|Samurott-Hisui, F, shiny|100\/100\n|-activate|p2a: Samurott|move: Sticky Web\n|-unboost|p2a: Samurott|spe|1\n|move|p1a: Blaziken|Blaze Kick|p2a: Samurott\n|-resisted|p2a: Samurott\n|-crit|p2a: Samurott\n|-damage|p2a: Samurott|0 fnt\n|faint|p2a: Samurott\n|\n|-ability|p1a: Blaziken|Speed Boost|boost\n|-boost|p1a: Blaziken|spe|1\n|upkeep\n|\n|t:|1700289259\n|switch|p2a: Golden boi|Gholdengo, shiny|100\/100\n|-activate|p2a: Golden boi|move: Sticky Web\n|-unboost|p2a: Golden boi|spe|1\n|turn|8\n|\n|t:|1700289273\n|move|p1a: Blaziken|Blaze Kick|p2a: Golden boi\n|-supereffective|p2a: Golden boi\n|-damage|p2a: Golden boi|0 fnt\n|faint|p2a: Golden boi\n|\n|-sideend|p2: therealplayerred|Reflect\n|-ability|p1a: Blaziken|Speed Boost|boost\n|-boost|p1a: Blaziken|spe|1\n|upkeep\n|\n|t:|1700289284\n|switch|p2a: Bloodmoon|Ursaluna-Bloodmoon, M|100\/100\n|-activate|p2a: Bloodmoon|move: Sticky Web\n|-unboost|p2a: Bloodmoon|spe|1\n|turn|9\n|\n|t:|1700289290\n|move|p1a: Blaziken|High Jump Kick|p2a: Bloodmoon\n|-supereffective|p2a: Bloodmoon\n|-crit|p2a: Bloodmoon\n|-damage|p2a: Bloodmoon|0 fnt\n|faint|p2a: Bloodmoon\n|\n|-ability|p1a: Blaziken|Speed Boost|boost\n|-boost|p1a: Blaziken|spe|1\n|upkeep\n|\n|t:|1700289298\n|switch|p2a: Lucario|Lucario, F, shiny|100\/100\n|-activate|p2a: Lucario|move: Sticky Web\n|-unboost|p2a: Lucario|spe|1\n|turn|10\n|\n|t:|1700289306\n|detailschange|p2a: Lucario|Lucario-Mega, F, shiny\n|-mega|p2a: Lucario|Lucario|Lucarionite\n|move|p2a: Lucario|Extreme Speed|p1a: Blaziken\n|-damage|p1a: Blaziken|58\/100 par\n|move|p1a: Blaziken|Earthquake|p2a: Lucario\n|-supereffective|p2a: Lucario\n|-damage|p2a: Lucario|0 fnt\n|faint|p2a: Lucario\n|\n|-ability|p1a: Blaziken|Speed Boost|boost\n|-boost|p1a: Blaziken|spe|1\n|upkeep\n|\n|t:|1700289316\n|switch|p2a: Amoonguss|Amoonguss, F, shiny|100\/100\n|-activate|p2a: Amoonguss|move: Sticky Web\n|-unboost|p2a: Amoonguss|spe|1\n|turn|11\n|\n|t:|1700289321\n|move|p1a: Blaziken|Blaze Kick|p2a: Amoonguss\n|-supereffective|p2a: Amoonguss\n|-crit|p2a: Amoonguss\n|-damage|p2a: Amoonguss|0 fnt\n|faint|p2a: Amoonguss\n|\n|win|Zuluzhi\n|raw|Zuluzhi's rating: 1292 &rarr; <strong>1317<\/strong><br \/>(+25 for winning)\n|raw|therealplayerred's rating: 1294 &rarr; <strong>1269<\/strong><br \/>(-25 for losing)\n","uploadtime":1700289327,"views":44,"p1id":"zuluzhi","p2id":"therealplayerred","formatid":"gen9nationaldexubers","rating":1269,"private":0,"password":""}