{"id":"gen9nationaldexubers-1997369115","p1":"kyato234","p2":"Wolfen2468","format":"[Gen 9] National Dex Ubers","log":"|j|\u2606kyato234\n|j|\u2606Wolfen2468\n|t:|1700795153\n|gametype|singles\n|player|p1|kyato234|1|\n|player|p2|Wolfen2468|265|\n|teamsize|p1|6\n|teamsize|p2|6\n|gen|9\n|tier|[Gen 9] National Dex Ubers\n|rule|HP Percentage Mod: HP is shown in percentages\n|rule|Endless Battle Clause: Forcing endless battles is banned\n|rule|OHKO Clause: OHKO moves are banned\n|rule|Evasion Moves Clause: Evasion moves are banned\n|rule|Evasion Items Clause: Evasion items are banned\n|rule|Species Clause: Limit one of each Pok\u00e9mon\n|rule|Sleep Clause Mod: Limit one foe put to sleep\n|rule|Mega Rayquaza Clause: You cannot mega evolve Rayquaza\n|clearpoke\n|poke|p1|Starmie|\n|poke|p1|Basculegion, M|\n|poke|p1|Cresselia, F|\n|poke|p1|Eiscue, M|\n|poke|p1|Shuckle, F|\n|poke|p1|Comfey, F|\n|poke|p2|Tapu Bulu|\n|poke|p2|Breloom, M|\n|poke|p2|Suicune|\n|poke|p2|Umbreon, F|\n|poke|p2|Heatmor, M|\n|poke|p2|Magcargo, M|\n|teampreview\n|\n|t:|1700795159\n|start\n|switch|p1a: Shuckle|Shuckle, F|100\/100\n|switch|p2a: Magcargo|Magcargo, M|100\/100\n|turn|1\n|\n|t:|1700795164\n|move|p2a: Magcargo|Stealth Rock|p1a: Shuckle\n|-sidestart|p1: kyato234|move: Stealth Rock\n|move|p1a: Shuckle|Sticky Web|p2a: Magcargo\n|-sidestart|p2: Wolfen2468|move: Sticky Web\n|\n|upkeep\n|turn|2\n|\n|t:|1700795171\n|move|p2a: Magcargo|Lava Plume|p1a: Shuckle\n|-damage|p1a: Shuckle|87\/100\n|move|p1a: Shuckle|Stealth Rock|p2a: Magcargo\n|-sidestart|p2: Wolfen2468|move: Stealth Rock\n|\n|upkeep\n|turn|3\n|\n|t:|1700795176\n|move|p2a: Magcargo|Toxic|p1a: Shuckle\n|-status|p1a: Shuckle|tox\n|move|p1a: Shuckle|Toxic|p2a: Magcargo\n|-status|p2a: Magcargo|tox\n|\n|-damage|p2a: Magcargo|94\/100 tox|[from] psn\n|-damage|p1a: Shuckle|80\/100 tox|[from] psn\n|upkeep\n|turn|4\n|\n|t:|1700795189\n|move|p2a: Magcargo|Lava Plume|p1a: Shuckle\n|-damage|p1a: Shuckle|68\/100 tox\n|move|p1a: Shuckle|Knock Off|p2a: Magcargo\n|-damage|p2a: Magcargo|89\/100 tox\n|-enditem|p2a: Magcargo|Leftovers|[from] move: Knock Off|[of] p1a: Shuckle\n|\n|-damage|p2a: Magcargo|77\/100 tox|[from] psn\n|-damage|p1a: Shuckle|55\/100 tox|[from] psn\n|upkeep\n|turn|5\n|\n|t:|1700795199\n|move|p2a: Magcargo|Lava Plume|p1a: Shuckle\n|-damage|p1a: Shuckle|40\/100 tox\n|-enditem|p1a: Shuckle|Sitrus Berry|[eat]\n|-heal|p1a: Shuckle|65\/100 tox|[from] item: Sitrus Berry\n|move|p1a: Shuckle|Sticky Web||[still]\n|-fail|p1a: Shuckle\n|\n|-damage|p2a: Magcargo|58\/100 tox|[from] psn\n|-damage|p1a: Shuckle|47\/100 tox|[from] psn\n|upkeep\n|turn|6\n|\n|t:|1700795208\n|switch|p1a: Comfey|Comfey, F|100\/100\n|-damage|p1a: Comfey|88\/100|[from] Stealth Rock\n|move|p2a: Magcargo|Lava Plume|p1a: Comfey\n|-damage|p1a: Comfey|58\/100\n|-status|p1a: Comfey|brn\n|\n|-damage|p2a: Magcargo|34\/100 tox|[from] psn\n|-damage|p1a: Comfey|52\/100 brn|[from] brn\n|upkeep\n|turn|7\n|\n|t:|1700795217\n|move|p1a: Comfey|Calm Mind|p1a: Comfey\n|-boost|p1a: Comfey|spa|1\n|-boost|p1a: Comfey|spd|1\n|move|p2a: Magcargo|Recover|p2a: Magcargo\n|-heal|p2a: Magcargo|84\/100 tox\n|\n|-damage|p2a: Magcargo|53\/100 tox|[from] psn\n|-damage|p1a: Comfey|46\/100 brn|[from] brn\n|upkeep\n|turn|8\n|\n|t:|1700795225\n|move|p1a: Comfey|Synthesis|p1a: Comfey\n|-heal|p1a: Comfey|96\/100 brn\n|move|p2a: Magcargo|Lava Plume|p1a: Comfey\n|-damage|p1a: Comfey|72\/100 brn\n|\n|-damage|p2a: Magcargo|16\/100 tox|[from] psn\n|-damage|p1a: Comfey|66\/100 brn|[from] brn\n|upkeep\n|turn|9\n|\n|t:|1700795233\n|move|p1a: Comfey|Calm Mind|p1a: Comfey\n|-boost|p1a: Comfey|spa|1\n|-boost|p1a: Comfey|spd|1\n|move|p2a: Magcargo|Lava Plume|p1a: Comfey\n|-damage|p1a: Comfey|49\/100 brn\n|\n|-damage|p2a: Magcargo|0 fnt|[from] psn\n|faint|p2a: Magcargo\n|-damage|p1a: Comfey|43\/100 brn|[from] brn\n|upkeep\n|\n|t:|1700795241\n|switch|p2a: Zimbabwe|Tapu Bulu, shiny|100\/100\n|-activate|p2a: Zimbabwe|move: Sticky Web\n|-unboost|p2a: Zimbabwe|spe|1\n|-damage|p2a: Zimbabwe|88\/100|[from] Stealth Rock\n|-fieldstart|move: Grassy Terrain|[from] ability: Grassy Surge|[of] p2a: Zimbabwe\n|turn|10\n|\n|t:|1700795247\n|move|p1a: Comfey|Stored Power|p2a: Zimbabwe\n|-damage|p2a: Zimbabwe|38\/100\n|-damage|p1a: Comfey|33\/100 brn|[from] item: Life Orb\n|move|p2a: Zimbabwe|Swords Dance|p2a: Zimbabwe\n|-boost|p2a: Zimbabwe|atk|2\n|\n|-heal|p1a: Comfey|40\/100 brn|[from] Grassy Terrain\n|-heal|p2a: Zimbabwe|44\/100|[from] Grassy Terrain\n|-heal|p2a: Zimbabwe|50\/100|[from] item: Leftovers\n|-damage|p1a: Comfey|33\/100 brn|[from] brn\n|upkeep\n|turn|11\n|\n|t:|1700795261\n|move|p1a: Comfey|Stored Power|p2a: Zimbabwe\n|-crit|p2a: Zimbabwe\n|-damage|p2a: Zimbabwe|0 fnt\n|faint|p2a: Zimbabwe\n|-damage|p1a: Comfey|24\/100 brn|[from] item: Life Orb\n|\n|-heal|p1a: Comfey|30\/100 brn|[from] Grassy Terrain\n|-damage|p1a: Comfey|24\/100 brn|[from] brn\n|upkeep\n|\n|t:|1700795294\n|switch|p2a: Heatmor|Heatmor, M|100\/100\n|-activate|p2a: Heatmor|move: Sticky Web\n|-unboost|p2a: Heatmor|spe|1\n|-damage|p2a: Heatmor|76\/100|[from] Stealth Rock\n|turn|12\n|\n|t:|1700795299\n|move|p1a: Comfey|Stored Power|p2a: Heatmor\n|-damage|p2a: Heatmor|0 fnt\n|faint|p2a: Heatmor\n|-damage|p1a: Comfey|14\/100 brn|[from] item: Life Orb\n|\n|-heal|p1a: Comfey|20\/100 brn|[from] Grassy Terrain\n|-damage|p1a: Comfey|14\/100 brn|[from] brn\n|upkeep\n|\n|t:|1700795307\n|switch|p2a: Mario|Breloom, M|100\/100\n|-activate|p2a: Mario|move: Sticky Web\n|-unboost|p2a: Mario|spe|1\n|-damage|p2a: Mario|94\/100|[from] Stealth Rock\n|turn|13\n|\n|t:|1700795313\n|move|p1a: Comfey|Draining Kiss|p2a: Mario\n|-supereffective|p2a: Mario\n|-damage|p2a: Mario|0 fnt\n|-heal|p1a: Comfey|100\/100 brn|[from] drain|[of] p2a: Mario\n|faint|p2a: Mario\n|-damage|p1a: Comfey|91\/100 brn|[from] item: Life Orb\n|\n|-heal|p1a: Comfey|97\/100 brn|[from] Grassy Terrain\n|-damage|p1a: Comfey|91\/100 brn|[from] brn\n|upkeep\n|\n|t:|1700795322\n|switch|p2a: Suicune|Suicune, shiny|100\/100\n|-activate|p2a: Suicune|move: Sticky Web\n|-unboost|p2a: Suicune|spe|1\n|-damage|p2a: Suicune|88\/100|[from] Stealth Rock\n|-ability|p2a: Suicune|Pressure\n|turn|14\n|\n|t:|1700795329\n|move|p1a: Comfey|Stored Power|p2a: Suicune\n|-damage|p2a: Suicune|43\/100\n|-damage|p1a: Comfey|81\/100 brn|[from] item: Life Orb\n|move|p2a: Suicune|Scald|p1a: Comfey\n|-damage|p1a: Comfey|63\/100 brn\n|\n|-heal|p1a: Comfey|70\/100 brn|[from] Grassy Terrain\n|-heal|p2a: Suicune|49\/100|[from] Grassy Terrain\n|-heal|p2a: Suicune|55\/100|[from] item: Leftovers\n|-damage|p1a: Comfey|63\/100 brn|[from] brn\n|-fieldend|move: Grassy Terrain\n|upkeep\n|turn|15\n|\n|t:|1700795344\n|move|p2a: Suicune|Protect|p2a: Suicune\n|-singleturn|p2a: Suicune|Protect\n|move|p1a: Comfey|Stored Power|p2a: Suicune\n|-activate|p2a: Suicune|move: Protect\n|\n|-heal|p2a: Suicune|62\/100|[from] item: Leftovers\n|-damage|p1a: Comfey|57\/100 brn|[from] brn\n|upkeep\n|turn|16\n|\n|t:|1700795351\n|move|p1a: Comfey|Synthesis|p1a: Comfey\n|-heal|p1a: Comfey|100\/100 brn\n|move|p2a: Suicune|Scald|p1a: Comfey\n|-damage|p1a: Comfey|82\/100 brn\n|\n|-heal|p2a: Suicune|68\/100|[from] item: Leftovers\n|-damage|p1a: Comfey|76\/100 brn|[from] brn\n|upkeep\n|turn|17\n|-message|Wolfen2468 forfeited.\n|\n|win|kyato234\n|l|\u2606Wolfen2468\n","uploadtime":1700795361,"views":4,"p1id":"kyato234","p2id":"wolfen2468","formatid":"gen9nationaldexubers","rating":0,"private":0,"password":""}