{"id":"gen9nationaldexubers-1983781107","p1":"japue","p2":"7vxk","format":"[Gen 9] National Dex Ubers","log":"|j|\u2606japue\n|j|\u26067vxk\n|t:|1699179825\n|gametype|singles\n|player|p1|japue|cynthia|1245\n|player|p2|7vxk|winona|1343\n|teamsize|p1|6\n|teamsize|p2|6\n|gen|9\n|tier|[Gen 9] National Dex Ubers\n|rated|\n|rule|HP Percentage Mod: HP is shown in percentages\n|rule|Endless Battle Clause: Forcing endless battles is banned\n|rule|OHKO Clause: OHKO moves are banned\n|rule|Evasion Moves Clause: Evasion moves are banned\n|rule|Evasion Items Clause: Evasion items are banned\n|rule|Species Clause: Limit one of each Pok\u00e9mon\n|rule|Sleep Clause Mod: Limit one foe put to sleep\n|rule|Mega Rayquaza Clause: You cannot mega evolve Rayquaza\n|clearpoke\n|poke|p1|Deoxys-Attack|\n|poke|p1|Tapu Lele|\n|poke|p1|Alakazam, M|\n|poke|p1|Sneasler, M|\n|poke|p1|Great Tusk|\n|poke|p1|Chansey, F|\n|poke|p2|Flutter Mane|\n|poke|p2|Necrozma-Dusk-Mane|\n|poke|p2|Marshadow|\n|poke|p2|Banette, M|\n|poke|p2|Dracovish|\n|poke|p2|Zacian-*|\n|teampreview\n|inactive|Battle timer is ON: inactive players will automatically lose when time's up. (requested by japue)\n|\n|t:|1699179843\n|start\n|switch|p1a: Tapu Lele|Tapu Lele|100\/100\n|switch|p2a: Banette|Banette, M|100\/100\n|-fieldstart|move: Psychic Terrain|[from] ability: Psychic Surge|[of] p1a: Tapu Lele\n|turn|1\n|\n|t:|1699179852\n|switch|p1a: Great Tusk|Great Tusk|100\/100\n|detailschange|p2a: Banette|Banette-Mega, M\n|-mega|p2a: Banette|Banette|Banettite\n|move|p2a: Banette|Swords Dance|p2a: Banette\n|-boost|p2a: Banette|atk|2\n|\n|upkeep\n|turn|2\n|\n|t:|1699179861\n|move|p2a: Banette|Shadow Sneak|p1a: Great Tusk\n|-activate|p1a: Great Tusk|move: Psychic Terrain\n|move|p1a: Great Tusk|Headlong Rush|p2a: Banette\n|-crit|p2a: Banette\n|-damage|p2a: Banette|0 fnt\n|-unboost|p1a: Great Tusk|def|1\n|-unboost|p1a: Great Tusk|spd|1\n|faint|p2a: Banette\n|\n|upkeep\n|c|\u26067vxk|I forgot\n|\n|t:|1699179875\n|switch|p2a: Necrozma|Necrozma-Dusk-Mane|100\/100\n|turn|3\n|\n|t:|1699179882\n|move|p1a: Great Tusk|Headlong Rush|p2a: Necrozma\n|-supereffective|p2a: Necrozma\n|-damage|p2a: Necrozma|28\/100\n|-unboost|p1a: Great Tusk|def|1\n|-unboost|p1a: Great Tusk|spd|1\n|-enditem|p2a: Necrozma|Weakness Policy\n|-boost|p2a: Necrozma|atk|2|[from] item: Weakness Policy\n|-boost|p2a: Necrozma|spa|2|[from] item: Weakness Policy\n|move|p2a: Necrozma|Autotomize|p2a: Necrozma\n|-boost|p2a: Necrozma|spe|2\n|-start|p2a: Necrozma|Autotomize\n|\n|upkeep\n|turn|4\n|\n|t:|1699179907\n|move|p2a: Necrozma|Stored Power|p1a: Great Tusk\n|-supereffective|p1a: Great Tusk\n|-damage|p1a: Great Tusk|0 fnt\n|faint|p1a: Great Tusk\n|-end|p1a: Great Tusk|Protosynthesis|[silent]\n|\n|upkeep\n|\n|t:|1699179915\n|switch|p1a: Sneasler|Sneasler, M|100\/100\n|-enditem|p1a: Sneasler|Psychic Seed\n|-boost|p1a: Sneasler|spd|1|[from] item: Psychic Seed\n|turn|5\n|\n|t:|1699179923\n|move|p1a: Sneasler|Close Combat|p2a: Necrozma\n|-damage|p2a: Necrozma|0 fnt\n|-unboost|p1a: Sneasler|def|1\n|-unboost|p1a: Sneasler|spd|1\n|faint|p2a: Necrozma\n|\n|upkeep\n|\n|t:|1699179934\n|switch|p2a: Flutter Mane|Flutter Mane|100\/100\n|-enditem|p2a: Flutter Mane|Booster Energy\n|-activate|p2a: Flutter Mane|ability: Protosynthesis|[fromitem]\n|-start|p2a: Flutter Mane|protosynthesisspe\n|turn|6\n|\n|t:|1699179939\n|move|p1a: Sneasler|Dire Claw|p2a: Flutter Mane\n|-damage|p2a: Flutter Mane|4\/100\n|move|p2a: Flutter Mane|Moonblast|p1a: Sneasler\n|-damage|p1a: Sneasler|31\/100\n|\n|upkeep\n|turn|7\n|\n|t:|1699179949\n|-end|p2a: Flutter Mane|Protosynthesis|[silent]\n|switch|p2a: Zacian|Zacian-Crowned|100\/100\n|-ability|p2a: Zacian|Intrepid Sword|boost\n|-boost|p2a: Zacian|atk|1\n|move|p1a: Sneasler|Acrobatics|p2a: Zacian\n|-resisted|p2a: Zacian\n|-damage|p2a: Zacian|84\/100\n|\n|upkeep\n|turn|8\n|\n|t:|1699179963\n|-terastallize|p1a: Sneasler|Fighting\n|-terastallize|p2a: Zacian|Fairy\n|move|p1a: Sneasler|Close Combat|p2a: Zacian\n|-resisted|p2a: Zacian\n|-damage|p2a: Zacian|43\/100\n|-unboost|p1a: Sneasler|def|1\n|-unboost|p1a: Sneasler|spd|1\n|move|p2a: Zacian|Play Rough|p1a: Sneasler\n|-supereffective|p1a: Sneasler\n|-damage|p1a: Sneasler|0 fnt\n|faint|p1a: Sneasler\n|\n|-fieldend|move: Psychic Terrain\n|upkeep\n|\n|t:|1699179969\n|switch|p1a: Tapu Lele|Tapu Lele|100\/100\n|-fieldstart|move: Psychic Terrain|[from] ability: Psychic Surge|[of] p1a: Tapu Lele\n|turn|9\n|\n|t:|1699179974\n|move|p2a: Zacian|Behemoth Blade|p1a: Tapu Lele\n|-supereffective|p1a: Tapu Lele\n|-damage|p1a: Tapu Lele|0 fnt\n|faint|p1a: Tapu Lele\n|\n|upkeep\n|\n|t:|1699179981\n|switch|p1a: Deoxys|Deoxys-Attack|100\/100\n|-ability|p1a: Deoxys|Pressure\n|turn|10\n|\n|t:|1699179989\n|move|p1a: Deoxys|Psycho Boost|p2a: Zacian\n|-damage|p2a: Zacian|0 fnt\n|-unboost|p1a: Deoxys|spa|2\n|faint|p2a: Zacian\n|-damage|p1a: Deoxys|91\/100|[from] item: Life Orb\n|\n|upkeep\n|\n|t:|1699179999\n|switch|p2a: Dracovish|Dracovish|100\/100\n|turn|11\n|\n|t:|1699180003\n|move|p1a: Deoxys|Ice Beam|p2a: Dracovish\n|-damage|p2a: Dracovish|67\/100\n|-damage|p1a: Deoxys|81\/100|[from] item: Life Orb\n|move|p2a: Dracovish|Fishious Rend|p1a: Deoxys\n|-damage|p1a: Deoxys|0 fnt\n|faint|p1a: Deoxys\n|\n|upkeep\n|\n|t:|1699180007\n|switch|p1a: Alakazam|Alakazam, M|100\/100\n|turn|12\n|\n|t:|1699180010\n|detailschange|p1a: Alakazam|Alakazam-Mega, M\n|-mega|p1a: Alakazam|Alakazam|Alakazite\n|-ability|p1a: Alakazam|Strong Jaw|[from] ability: Trace|[of] p2a: Dracovish\n|move|p1a: Alakazam|Dazzling Gleam|p2a: Dracovish\n|-supereffective|p2a: Dracovish\n|-damage|p2a: Dracovish|0 fnt\n|faint|p2a: Dracovish\n|\n|upkeep\n|\n|t:|1699180017\n|switch|p2a: Flutter Mane|Flutter Mane|4\/100\n|turn|13\n|\n|t:|1699180023\n|move|p1a: Alakazam|Shadow Ball|p2a: Flutter Mane\n|-supereffective|p2a: Flutter Mane\n|-damage|p2a: Flutter Mane|0 fnt\n|faint|p2a: Flutter Mane\n|-end|p2a: Flutter Mane|Protosynthesis|[silent]\n|\n|upkeep\n|\n|t:|1699180025\n|switch|p2a: Marshadow|Marshadow|100\/100\n|turn|14\n|\n|t:|1699180028\n|move|p1a: Alakazam|Expanding Force|p2a: Marshadow\n|-supereffective|p2a: Marshadow\n|-damage|p2a: Marshadow|0 fnt\n|faint|p2a: Marshadow\n|\n|win|japue\n|raw|japue's rating: 1245 &rarr; <strong>1277<\/strong><br \/>(+32 for winning)\n|raw|7vxk's rating: 1343 &rarr; <strong>1318<\/strong><br \/>(-25 for losing)\n|l|\u2606japue\n","uploadtime":1699180037,"views":3,"p1id":"japue","p2id":"7vxk","formatid":"gen9nationaldexubers","rating":1277,"private":0,"password":""}