{"id":"gen9nationaldexubers-1990724820","p1":"Fidgety42","p2":"pablo0742","format":"[Gen 9] National Dex Ubers","log":"|j|\u2606Fidgety42\n|j|\u2606pablo0742\n|t:|1699995035\n|gametype|singles\n|player|p1|Fidgety42|266|\n|player|p2|pablo0742|waiter|\n|teamsize|p1|6\n|teamsize|p2|6\n|gen|9\n|tier|[Gen 9] National Dex Ubers\n|rule|HP Percentage Mod: HP is shown in percentages\n|rule|Endless Battle Clause: Forcing endless battles is banned\n|rule|OHKO Clause: OHKO moves are banned\n|rule|Evasion Moves Clause: Evasion moves are banned\n|rule|Evasion Items Clause: Evasion items are banned\n|rule|Species Clause: Limit one of each Pok\u00e9mon\n|rule|Sleep Clause Mod: Limit one foe put to sleep\n|rule|Mega Rayquaza Clause: You cannot mega evolve Rayquaza\n|clearpoke\n|poke|p1|Eternatus|\n|poke|p1|Gliscor, M|\n|poke|p1|Dialga|\n|poke|p1|Grimmsnarl, M|\n|poke|p1|Charizard, F|\n|poke|p1|Iron Bundle|\n|poke|p2|Mewtwo|\n|poke|p2|Dialga-Origin|\n|poke|p2|Corviknight, F|\n|poke|p2|Xerneas-*|\n|poke|p2|Blastoise, F|\n|poke|p2|Great Tusk|\n|teampreview\n|j| Stranger of Annwn\n|c| Stranger of Annwn|i gotta say mewtwos gen 9 sprite looks sick\n|c| Stranger of Annwn|weird but sick\n|\n|t:|1699995211\n|start\n|switch|p1a: Grimmsnarl|Grimmsnarl, M|100\/100\n|switch|p2a: Ymir|Xerneas|100\/100\n|-ability|p2a: Ymir|Fairy Aura\n|turn|1\n|\n|t:|1699995223\n|move|p1a: Grimmsnarl|Parting Shot|p2a: Ymir\n|-unboost|p2a: Ymir|atk|1\n|-unboost|p2a: Ymir|spa|1\n|\n|t:|1699995231\n|switch|p1a: Charizard|Charizard, F|100\/100|[from] Parting Shot\n|move|p2a: Ymir|Moonblast|p1a: Charizard\n|-resisted|p1a: Charizard\n|-damage|p1a: Charizard|72\/100\n|-unboost|p1a: Charizard|spa|1\n|\n|upkeep\n|turn|2\n|c|\u2606Fidgety42|Parting shot on grimmsnarl is so dumb\n|\n|t:|1699995373\n|switch|p1a: Eternatus|Eternatus|100\/100\n|-ability|p1a: Eternatus|Pressure\n|switch|p2a: Armred Titan|Blastoise, F|100\/100\n|\n|upkeep\n|turn|3\n|\n|t:|1699995426\n|detailschange|p2a: Armred Titan|Blastoise-Mega, F\n|-mega|p2a: Armred Titan|Blastoise|Blastoisinite\n|move|p1a: Eternatus|Fire Blast|p2a: Armred Titan\n|-resisted|p2a: Armred Titan\n|-damage|p2a: Armred Titan|70\/100\n|move|p2a: Armred Titan|Shell Smash|p2a: Armred Titan\n|-unboost|p2a: Armred Titan|def|1\n|-unboost|p2a: Armred Titan|spd|1\n|-boost|p2a: Armred Titan|atk|2\n|-boost|p2a: Armred Titan|spa|2\n|-boost|p2a: Armred Titan|spe|2\n|\n|upkeep\n|turn|4\n|\n|t:|1699995461\n|switch|p1a: Dialga|Dialga|100\/100\n|-ability|p1a: Dialga|Pressure\n|move|p2a: Armred Titan|Ice Beam|p1a: Dialga\n|-damage|p1a: Dialga|51\/100\n|\n|upkeep\n|turn|5\n|\n|t:|1699995478\n|switch|p1a: Eternatus|Eternatus|100\/100\n|-ability|p1a: Eternatus|Pressure\n|move|p2a: Armred Titan|Aura Sphere|p1a: Eternatus\n|-resisted|p1a: Eternatus\n|-damage|p1a: Eternatus|65\/100\n|\n|upkeep\n|turn|6\n|\n|t:|1699995551\n|-terastallize|p1a: Eternatus|Water\n|move|p2a: Armred Titan|Water Pulse|p1a: Eternatus\n|-resisted|p1a: Eternatus\n|-damage|p1a: Eternatus|28\/100\n|-start|p1a: Eternatus|confusion\n|-activate|p1a: Eternatus|confusion\n|move|p1a: Eternatus|Sludge Wave|p2a: Armred Titan\n|-damage|p2a: Armred Titan|0 fnt\n|faint|p2a: Armred Titan\n|\n|upkeep\n|j| PLAYING DRESS UP\n|inactive|Battle timer is ON: inactive players will automatically lose when time's up. (requested by Fidgety42)\n|\n|t:|1699995673\n|switch|p2a: Rod Reiss|Great Tusk|100\/100\n|-enditem|p2a: Rod Reiss|Booster Energy\n|-activate|p2a: Rod Reiss|ability: Protosynthesis|[fromitem]\n|-start|p2a: Rod Reiss|protosynthesisatk\n|turn|7\n|c|\u2606pablo0742|timer off\n|inactive|pablo0742 has 270 seconds left.\n|\n|t:|1699995704\n|switch|p1a: Gliscor|Gliscor, M|100\/100\n|move|p2a: Rod Reiss|Close Combat|p1a: Gliscor\n|-resisted|p1a: Gliscor\n|-damage|p1a: Gliscor|72\/100\n|-unboost|p2a: Rod Reiss|def|1\n|-unboost|p2a: Rod Reiss|spd|1\n|\n|-status|p1a: Gliscor|tox|[from] item: Toxic Orb\n|upkeep\n|turn|8\n|\n|t:|1699995724\n|switch|p1a: Eternatus|Eternatus, tera:Water|28\/100\n|-ability|p1a: Eternatus|Pressure\n|move|p2a: Rod Reiss|Ice Spinner|p1a: Eternatus\n|-resisted|p1a: Eternatus\n|-damage|p1a: Eternatus|13\/100\n|\n|upkeep\n|turn|9\n|inactive|pablo0742 has 270 seconds left.\n|c| Stranger of Annwn|[battle timer is now off]\n|inactive|pablo0742 has 240 seconds left.\n|\n|t:|1699995779\n|-end|p2a: Rod Reiss|Protosynthesis|[silent]\n|switch|p2a: Pieck|Corviknight, F|100\/100\n|move|p1a: Eternatus|Draco Meteor|p2a: Pieck\n|-resisted|p2a: Pieck\n|-damage|p2a: Pieck|54\/100\n|-unboost|p1a: Eternatus|spa|2\n|\n|-heal|p2a: Pieck|60\/100|[from] item: Leftovers\n|upkeep\n|turn|10\n|inactive|pablo0742 has 240 seconds left.\n|\n|t:|1699995788\n|move|p1a: Eternatus|Draco Meteor|p2a: Pieck\n|-resisted|p2a: Pieck\n|-damage|p2a: Pieck|37\/100\n|-unboost|p1a: Eternatus|spa|2\n|move|p2a: Pieck|U-turn|p1a: Eternatus\n|-damage|p1a: Eternatus|1\/100\n|inactive|pablo0742 has 240 seconds left.\n|\n|t:|1699995810\n|switch|p2a: Eren|Mewtwo|100\/100|[from] U-turn\n|-ability|p2a: Eren|Unnerve\n|\n|upkeep\n|turn|11\n|\n|t:|1699995818\n|switch|p2a: Pieck|Corviknight, F|37\/100\n|switch|p1a: Grimmsnarl|Grimmsnarl, M|100\/100\n|\n|-heal|p2a: Pieck|43\/100|[from] item: Leftovers\n|upkeep\n|turn|12\n|inactive|pablo0742 has 240 seconds left.\n|\n|t:|1699995831\n|move|p2a: Pieck|U-turn|p1a: Grimmsnarl\n|-damage|p1a: Grimmsnarl|86\/100\n|\n|t:|1699995852\n|switch|p2a: Rod Reiss|Great Tusk|100\/100|[from] U-turn\n|move|p1a: Grimmsnarl|Darkest Lariat|p2a: Rod Reiss\n|-resisted|p2a: Rod Reiss\n|-damage|p2a: Rod Reiss|88\/100\n|\n|-heal|p1a: Grimmsnarl|92\/100|[from] item: Leftovers\n|upkeep\n|turn|13\n|inactive|pablo0742 has 210 seconds left.\n|\n|t:|1699995874\n|move|p1a: Grimmsnarl|Parting Shot|p2a: Rod Reiss\n|-unboost|p2a: Rod Reiss|atk|1\n|-unboost|p2a: Rod Reiss|spa|1\n|\n|t:|1699995877\n|switch|p1a: Eternatus|Eternatus, tera:Water|1\/100|[from] Parting Shot\n|-ability|p1a: Eternatus|Pressure\n|move|p2a: Rod Reiss|Close Combat|p1a: Eternatus\n|-damage|p1a: Eternatus|0 fnt\n|-unboost|p2a: Rod Reiss|def|1\n|-unboost|p2a: Rod Reiss|spd|1\n|faint|p1a: Eternatus\n|\n|upkeep\n|\n|t:|1699995881\n|switch|p1a: Charizard|Charizard, F|72\/100\n|turn|14\n|inactive|pablo0742 has 210 seconds left.\n|\n|t:|1699995905\n|-end|p2a: Rod Reiss|Protosynthesis|[silent]\n|switch|p2a: Eren|Mewtwo|100\/100\n|-ability|p2a: Eren|Unnerve\n|detailschange|p1a: Charizard|Charizard-Mega-Y, F\n|-mega|p1a: Charizard|Charizard|Charizardite Y\n|-weather|SunnyDay|[from] ability: Drought|[of] p1a: Charizard\n|move|p1a: Charizard|Flamethrower|p2a: Eren\n|-damage|p2a: Eren|9\/100\n|\n|-weather|SunnyDay|[upkeep]\n|upkeep\n|turn|15\n|inactive|pablo0742 has 210 seconds left.\n|inactive|pablo0742 has 180 seconds left.\n|\n|t:|1699995962\n|switch|p1a: Grimmsnarl|Grimmsnarl, M|92\/100\n|move|p2a: Eren|Psystrike|p1a: Grimmsnarl\n|-immune|p1a: Grimmsnarl\n|\n|-weather|SunnyDay|[upkeep]\n|-heal|p1a: Grimmsnarl|98\/100|[from] item: Leftovers\n|upkeep\n|turn|16\n|inactive|Fidgety42 has 270 seconds left.\n|\n|t:|1699995993\n|move|p2a: Eren|Recover|p2a: Eren\n|-heal|p2a: Eren|59\/100\n|move|p1a: Grimmsnarl|Darkest Lariat|p2a: Eren\n|-supereffective|p2a: Eren\n|-damage|p2a: Eren|0 fnt\n|faint|p2a: Eren\n|\n|-weather|SunnyDay|[upkeep]\n|-heal|p1a: Grimmsnarl|100\/100|[from] item: Leftovers\n|upkeep\n|inactive|pablo0742 has 150 seconds left.\n|\n|t:|1699996011\n|switch|p2a: Pieck|Corviknight, F|43\/100\n|turn|17\n|\n|t:|1699996017\n|move|p2a: Pieck|Roost|p2a: Pieck\n|-heal|p2a: Pieck|93\/100\n|-singleturn|p2a: Pieck|move: Roost\n|move|p1a: Grimmsnarl|Darkest Lariat|p2a: Pieck\n|-damage|p2a: Pieck|71\/100\n|\n|-weather|SunnyDay|[upkeep]\n|-heal|p2a: Pieck|77\/100|[from] item: Leftovers\n|upkeep\n|turn|18\n|\n|t:|1699996027\n|move|p1a: Grimmsnarl|Thunder Wave|p2a: Pieck\n|-status|p2a: Pieck|par\n|move|p2a: Pieck|Brave Bird|p1a: Grimmsnarl\n|-damage|p1a: Grimmsnarl|63\/100\n|-damage|p2a: Pieck|65\/100 par|[from] Recoil\n|\n|-weather|none\n|-heal|p1a: Grimmsnarl|69\/100|[from] item: Leftovers\n|-heal|p2a: Pieck|71\/100 par|[from] item: Leftovers\n|upkeep\n|turn|19\n|\n|t:|1699996036\n|move|p1a: Grimmsnarl|Reflect|p1a: Grimmsnarl\n|-sidestart|p1: Fidgety42|Reflect\n|move|p2a: Pieck|U-turn|p1a: Grimmsnarl\n|-damage|p1a: Grimmsnarl|63\/100\n|\n|t:|1699996050\n|switch|p2a: War Hammer Titan|Dialga-Origin|100\/100|[from] U-turn\n|-ability|p2a: War Hammer Titan|Pressure\n|\n|-heal|p1a: Grimmsnarl|69\/100|[from] item: Leftovers\n|upkeep\n|turn|20\n|\n|t:|1699996059\n|move|p1a: Grimmsnarl|Parting Shot|p2a: War Hammer Titan\n|-unboost|p2a: War Hammer Titan|atk|1\n|-unboost|p2a: War Hammer Titan|spa|1\n|\n|t:|1699996070\n|switch|p1a: Dialga|Dialga|51\/100|[from] Parting Shot\n|-ability|p1a: Dialga|Pressure\n|move|p2a: War Hammer Titan|Stealth Rock|p1a: Dialga\n|-sidestart|p1: Fidgety42|move: Stealth Rock\n|\n|upkeep\n|turn|21\n|\n|t:|1699996077\n|move|p2a: War Hammer Titan|Thunder Wave|p1a: Dialga\n|-status|p1a: Dialga|par\n|cant|p1a: Dialga|par\n|\n|upkeep\n|turn|22\n|inactive|pablo0742 has 180 seconds left.\n|\n|t:|1699996094\n|switch|p2a: Ymir|Xerneas|100\/100\n|-ability|p2a: Ymir|Fairy Aura\n|move|p1a: Dialga|Draco Meteor|p2a: Ymir\n|-immune|p2a: Ymir\n|\n|upkeep\n|turn|23\n|inactive|pablo0742 has 180 seconds left.\n|\n|t:|1699996120\n|move|p2a: Ymir|Moonblast|p1a: Dialga\n|-damage|p1a: Dialga|6\/100 par\n|-unboost|p1a: Dialga|spa|1\n|move|p1a: Dialga|Toxic|p2a: Ymir\n|-status|p2a: Ymir|tox\n|\n|-damage|p2a: Ymir|94\/100 tox|[from] psn\n|-sideend|p1: Fidgety42|Reflect\n|upkeep\n|turn|24\n|\n|t:|1699996127\n|move|p2a: Ymir|Moonblast|p1a: Dialga\n|-damage|p1a: Dialga|0 fnt\n|faint|p1a: Dialga\n|\n|-damage|p2a: Ymir|82\/100 tox|[from] psn\n|upkeep\n|\n|t:|1699996140\n|switch|p1a: Iron Bundle|Iron Bundle|100\/100\n|-damage|p1a: Iron Bundle|76\/100|[from] Stealth Rock\n|-enditem|p1a: Iron Bundle|Booster Energy\n|-activate|p1a: Iron Bundle|ability: Quark Drive|[fromitem]\n|-start|p1a: Iron Bundle|quarkdrivespe\n|turn|25\n|\n|t:|1699996146\n|move|p1a: Iron Bundle|Hydro Pump|p2a: Ymir\n|-damage|p2a: Ymir|46\/100 tox\n|move|p2a: Ymir|Moonblast|p1a: Iron Bundle\n|-damage|p1a: Iron Bundle|0 fnt\n|faint|p1a: Iron Bundle\n|-end|p1a: Iron Bundle|Quark Drive|[silent]\n|\n|-damage|p2a: Ymir|28\/100 tox|[from] psn\n|upkeep\n|\n|t:|1699996155\n|switch|p1a: Charizard|Charizard-Mega-Y, F|72\/100\n|-damage|p1a: Charizard|22\/100|[from] Stealth Rock\n|-weather|SunnyDay|[from] ability: Drought|[of] p1a: Charizard\n|turn|26\n|inactive|pablo0742 has 180 seconds left.\n|\n|t:|1699996188\n|move|p1a: Charizard|Flamethrower|p2a: Ymir\n|-damage|p2a: Ymir|0 fnt\n|faint|p2a: Ymir\n|\n|-weather|SunnyDay|[upkeep]\n|upkeep\n|\n|t:|1699996213\n|switch|p2a: War Hammer Titan|Dialga-Origin|100\/100\n|-ability|p2a: War Hammer Titan|Pressure\n|turn|27\n|c|\u2606Fidgety42|Had to be av to take that hydro so well\n|c|\u2606pablo0742|yeah\n|\n|t:|1699996237\n|move|p1a: Charizard|Overheat|p2a: War Hammer Titan\n|-damage|p2a: War Hammer Titan|36\/100\n|-unboost|p1a: Charizard|spa|2\n|move|p2a: War Hammer Titan|Draco Meteor|p1a: Charizard\n|-damage|p1a: Charizard|0 fnt\n|-unboost|p2a: War Hammer Titan|spa|2\n|faint|p1a: Charizard\n|\n|-weather|SunnyDay|[upkeep]\n|upkeep\n|c| Stranger of Annwn|dang i thought it was specs\n|\n|t:|1699996250\n|switch|p1a: Gliscor|Gliscor, M|72\/100 tox\n|-damage|p1a: Gliscor|59\/100 tox|[from] Stealth Rock\n|turn|28\n|c| Stranger of Annwn|but fairy aura was just that powerful i guess\n|\n|t:|1699996261\n|switch|p1a: Grimmsnarl|Grimmsnarl, M|69\/100\n|-damage|p1a: Grimmsnarl|56\/100|[from] Stealth Rock\n|switch|p2a: Pieck|Corviknight, F|71\/100 par\n|\n|-weather|SunnyDay|[upkeep]\n|-heal|p1a: Grimmsnarl|62\/100|[from] item: Leftovers\n|-heal|p2a: Pieck|77\/100 par|[from] item: Leftovers\n|upkeep\n|turn|29\n|\n|t:|1699996275\n|move|p1a: Grimmsnarl|Reflect|p1a: Grimmsnarl\n|-sidestart|p1: Fidgety42|Reflect\n|cant|p2a: Pieck|par\n|\n|-weather|SunnyDay|[upkeep]\n|-heal|p1a: Grimmsnarl|69\/100|[from] item: Leftovers\n|-heal|p2a: Pieck|83\/100 par|[from] item: Leftovers\n|upkeep\n|turn|30\n|\n|t:|1699996280\n|move|p1a: Grimmsnarl|Darkest Lariat|p2a: Pieck\n|-damage|p2a: Pieck|57\/100 par\n|move|p2a: Pieck|Brave Bird|p1a: Grimmsnarl\n|-damage|p1a: Grimmsnarl|49\/100\n|-damage|p2a: Pieck|51\/100 par|[from] Recoil\n|\n|-weather|none\n|-heal|p1a: Grimmsnarl|56\/100|[from] item: Leftovers\n|-heal|p2a: Pieck|57\/100 par|[from] item: Leftovers\n|upkeep\n|turn|31\n|\n|t:|1699996288\n|move|p1a: Grimmsnarl|Darkest Lariat|p2a: Pieck\n|-damage|p2a: Pieck|32\/100 par\n|cant|p2a: Pieck|par\n|\n|-heal|p1a: Grimmsnarl|62\/100|[from] item: Leftovers\n|-heal|p2a: Pieck|38\/100 par|[from] item: Leftovers\n|upkeep\n|turn|32\n|\n|t:|1699996293\n|move|p1a: Grimmsnarl|Darkest Lariat|p2a: Pieck\n|-damage|p2a: Pieck|15\/100 par\n|cant|p2a: Pieck|par\n|\n|-heal|p1a: Grimmsnarl|68\/100|[from] item: Leftovers\n|-heal|p2a: Pieck|21\/100 par|[from] item: Leftovers\n|upkeep\n|turn|33\n|\n|t:|1699996306\n|switch|p2a: War Hammer Titan|Dialga-Origin|36\/100\n|-ability|p2a: War Hammer Titan|Pressure\n|move|p1a: Grimmsnarl|Darkest Lariat|p2a: War Hammer Titan\n|-damage|p2a: War Hammer Titan|10\/100\n|\n|-heal|p1a: Grimmsnarl|74\/100|[from] item: Leftovers\n|-sideend|p1: Fidgety42|Reflect\n|upkeep\n|turn|34\n|c|\u2606Fidgety42|That was the win con\n|\n|t:|1699996319\n|move|p1a: Grimmsnarl|Thunder Wave|p2a: War Hammer Titan\n|-status|p2a: War Hammer Titan|par\n|cant|p2a: War Hammer Titan|par\n|\n|-heal|p1a: Grimmsnarl|80\/100|[from] item: Leftovers\n|upkeep\n|turn|35\n|c|\u2606pablo0742|brooo\n|inactive|pablo0742 has 180 seconds left.\n|c|\u2606pablo0742|I was flash canon\n|\n|t:|1699996343\n|move|p1a: Grimmsnarl|Darkest Lariat|p2a: War Hammer Titan\n|-damage|p2a: War Hammer Titan|0 fnt\n|faint|p2a: War Hammer Titan\n|\n|-heal|p1a: Grimmsnarl|86\/100|[from] item: Leftovers\n|upkeep\n|c| Stranger of Annwn|this match is\n|\n|t:|1699996350\n|switch|p2a: Rod Reiss|Great Tusk|88\/100\n|turn|36\n|c|\u2606Fidgety42|I'm bulky af i live flash\n|c| Stranger of Annwn|very intense\n|\n|t:|1699996359\n|move|p1a: Grimmsnarl|Reflect|p1a: Grimmsnarl\n|-sidestart|p1: Fidgety42|Reflect\n|move|p2a: Rod Reiss|Bulk Up|p2a: Rod Reiss\n|-boost|p2a: Rod Reiss|atk|1\n|-boost|p2a: Rod Reiss|def|1\n|\n|-heal|p1a: Grimmsnarl|92\/100|[from] item: Leftovers\n|upkeep\n|turn|37\n|inactive|pablo0742 has 180 seconds left.\n|\n|t:|1699996377\n|move|p1a: Grimmsnarl|Parting Shot|p2a: Rod Reiss\n|-unboost|p2a: Rod Reiss|atk|1\n|-unboost|p2a: Rod Reiss|spa|1\n|\n|t:|1699996380\n|switch|p1a: Gliscor|Gliscor, M|59\/100 tox|[from] Parting Shot\n|-damage|p1a: Gliscor|47\/100 tox|[from] Stealth Rock\n|move|p2a: Rod Reiss|Bulk Up|p2a: Rod Reiss\n|-boost|p2a: Rod Reiss|atk|1\n|-boost|p2a: Rod Reiss|def|1\n|\n|-heal|p1a: Gliscor|59\/100 tox|[from] ability: Poison Heal\n|upkeep\n|turn|38\n|\n|t:|1699996392\n|move|p2a: Rod Reiss|Ice Spinner|p1a: Gliscor\n|-supereffective|p1a: Gliscor\n|-damage|p1a: Gliscor|0 fnt\n|faint|p1a: Gliscor\n|\n|upkeep\n|\n|t:|1699996394\n|switch|p1a: Grimmsnarl|Grimmsnarl, M|92\/100\n|-damage|p1a: Grimmsnarl|80\/100|[from] Stealth Rock\n|turn|39\n|c|\u2606Fidgety42|Gg\n|\n|t:|1699996407\n|move|p2a: Rod Reiss|Earthquake|p1a: Grimmsnarl\n|-damage|p1a: Grimmsnarl|40\/100\n|move|p1a: Grimmsnarl|Darkest Lariat|p2a: Rod Reiss\n|-resisted|p2a: Rod Reiss\n|-damage|p2a: Rod Reiss|74\/100\n|\n|-heal|p1a: Grimmsnarl|46\/100|[from] item: Leftovers\n|upkeep\n|turn|40\n|\n|t:|1699996411\n|move|p2a: Rod Reiss|Earthquake|p1a: Grimmsnarl\n|-damage|p1a: Grimmsnarl|1\/100\n|move|p1a: Grimmsnarl|Darkest Lariat|p2a: Rod Reiss\n|-resisted|p2a: Rod Reiss\n|-damage|p2a: Rod Reiss|62\/100\n|\n|-heal|p1a: Grimmsnarl|7\/100|[from] item: Leftovers\n|-sideend|p1: Fidgety42|Reflect\n|upkeep\n|turn|41\n|c|\u2606pablo0742|gg\n|c| Stranger of Annwn|close game tho\n|c|\u2606pablo0742|with the hax ofc\n|l| PLAYING DRESS UP\n|c|\u2606pablo0742|I was double mega\n|c|\u2606Fidgety42|I probably win with the fully optimized team the way it played out\n|inactive|Fidgety42 has 270 seconds left.\n|c| Stranger of Annwn|the game was decided before\n|\n|t:|1699996448\n|move|p1a: Grimmsnarl|Parting Shot|p2a: Rod Reiss\n|-unboost|p2a: Rod Reiss|atk|1\n|-unboost|p2a: Rod Reiss|spa|1\n|move|p2a: Rod Reiss|Earthquake|p1a: Grimmsnarl\n|-damage|p1a: Grimmsnarl|0 fnt\n|faint|p1a: Grimmsnarl\n|\n|win|pablo0742\n|c| Stranger of Annwn|i recognized the double mega\n|c|\u2606pablo0742|And didn\u00b4t reliezed it until in the fight\n|c| Stranger of Annwn|as it wasnt lefties or lo\n|c| Stranger of Annwn|i guessed it'd be sash or mega\n|c| Stranger of Annwn|you played well tho\n|c|\u2606pablo0742|me too\n|c|\u2606pablo0742|if I had it optimized gg for you\n|c| Stranger of Annwn|i think blastoise was just\n|c|\u2606pablo0742|I made the teambuilding 40 Minutes before\n|c| Stranger of Annwn|a really unfortunate matchup for fidgety\n|c|\u2606Fidgety42|At least you had time\n|c|\u2606Fidgety42|I was literally running to the middle school cafeteria after i came back in while buildings\n|c| Stranger of Annwn|it was an unfortunate series of events\n|l|\u2606Fidgety42\n|c| Stranger of Annwn|i believe there was very little counterplay fidgety had against blastoise\n|l| Stranger of Annwn\n|c|\u2606pablo0742|gg\n","uploadtime":1699996587,"views":24,"p1id":"fidgety42","p2id":"pablo0742","formatid":"gen9nationaldexubers","rating":0,"private":0,"password":""}