{"id":"gen9nationaldexubers-1980729256","p1":"kimg desu","p2":"Chaitanya15","format":"[Gen 9] National Dex Ubers","log":"|j|\u2606kimg desu\n|j|\u2606Chaitanya15\n|t:|1698820946\n|gametype|singles\n|player|p1|kimg desu|1|1201\n|player|p2|Chaitanya15|170|1291\n|teamsize|p1|6\n|teamsize|p2|6\n|gen|9\n|tier|[Gen 9] National Dex Ubers\n|rated|\n|rule|HP Percentage Mod: HP is shown in percentages\n|rule|Endless Battle Clause: Forcing endless battles is banned\n|rule|OHKO Clause: OHKO moves are banned\n|rule|Evasion Moves Clause: Evasion moves are banned\n|rule|Evasion Items Clause: Evasion items are banned\n|rule|Species Clause: Limit one of each Pok\u00e9mon\n|rule|Sleep Clause Mod: Limit one foe put to sleep\n|rule|Mega Rayquaza Clause: You cannot mega evolve Rayquaza\n|clearpoke\n|poke|p1|Audino, F|\n|poke|p1|Landorus-Therian, M|\n|poke|p1|Gallade, M|\n|poke|p1|Genesect|\n|poke|p1|Rotom-Wash|\n|poke|p1|Heatran, F|\n|poke|p2|Pikachu, F|\n|poke|p2|Dragonite, F|\n|poke|p2|Gengar, M|\n|poke|p2|Sirfetch\u2019d, F|\n|poke|p2|Lucario, F|\n|poke|p2|Dracovish|\n|teampreview\n|inactive|Battle timer is ON: inactive players will automatically lose when time's up. (requested by Chaitanya15)\n|\n|t:|1698820957\n|start\n|switch|p1a: Landorus|Landorus-Therian, M|100\/100\n|switch|p2a: Pikachu|Pikachu, F|100\/100\n|-ability|p1a: Landorus|Intimidate|boost\n|-unboost|p2a: Pikachu|atk|1\n|turn|1\n|inactive|kimg desu has 120 seconds left.\n|l|\u2606Chaitanya15\n|inactive|Chaitanya15 disconnected and has a minute to reconnect!\n|player|p2|\n|j|\u2606Chaitanya15\n|inactive|Chaitanya15 reconnected.\n|player|p2|Chaitanya15|170\n|inactive|kimg desu has 90 seconds left.\n|inactive|kimg desu has 60 seconds left.\n|inactive|kimg desu has 30 seconds left.\n|\n|t:|1698821081\n|move|p2a: Pikachu|Fake Out|p1a: Landorus\n|-damage|p1a: Landorus|88\/100\n|cant|p1a: Landorus|flinch\n|\n|upkeep\n|turn|2\n|\n|t:|1698821090\n|switch|p2a: Dragonite|Dragonite, F|100\/100\n|move|p1a: Landorus|Earthquake|p2a: Dragonite\n|-immune|p2a: Dragonite\n|\n|upkeep\n|turn|3\n|\n|t:|1698821097\n|switch|p1a: Audino|Audino, F|100\/100\n|move|p2a: Dragonite|Dragon Dance|p2a: Dragonite\n|-boost|p2a: Dragonite|atk|1\n|-boost|p2a: Dragonite|spe|1\n|\n|upkeep\n|turn|4\n|\n|t:|1698821105\n|move|p2a: Dragonite|Dragon Dance|p2a: Dragonite\n|-boost|p2a: Dragonite|atk|1\n|-boost|p2a: Dragonite|spe|1\n|move|p1a: Audino|Thunder Wave|p2a: Dragonite\n|-status|p2a: Dragonite|par\n|\n|upkeep\n|turn|5\n|inactive|kimg desu has 60 seconds left.\n|\n|t:|1698821112\n|move|p2a: Dragonite|Dragon Claw|p1a: Audino\n|-damage|p1a: Audino|40\/100\n|move|p1a: Audino|Knock Off|p2a: Dragonite\n|-damage|p2a: Dragonite|93\/100 par\n|-enditem|p2a: Dragonite|Weakness Policy|[from] move: Knock Off|[of] p1a: Audino\n|\n|upkeep\n|turn|6\n|inactive|kimg desu has 60 seconds left.\n|\n|t:|1698821130\n|switch|p1a: Rotom|Rotom-Wash|100\/100\n|cant|p2a: Dragonite|par\n|\n|upkeep\n|turn|7\n|\n|t:|1698821135\n|move|p2a: Dragonite|Dragon Claw|p1a: Rotom\n|-damage|p1a: Rotom|26\/100\n|move|p1a: Rotom|Volt Switch|p2a: Dragonite\n|-damage|p2a: Dragonite|67\/100 par\n|\n|t:|1698821140\n|switch|p1a: Gallade|Gallade, M|100\/100|[from] Volt Switch\n|\n|upkeep\n|turn|8\n|\n|t:|1698821146\n|detailschange|p1a: Gallade|Gallade-Mega, M\n|-mega|p1a: Gallade|Gallade|Galladite\n|move|p1a: Gallade|Triple Axel|p2a: Dragonite\n|-supereffective|p2a: Dragonite\n|-damage|p2a: Dragonite|28\/100 par\n|-supereffective|p2a: Dragonite\n|-damage|p2a: Dragonite|0 fnt\n|faint|p2a: Dragonite\n|-hitcount|p2: Dragonite|2\n|\n|upkeep\n|\n|t:|1698821175\n|switch|p2a: Dracovish|Dracovish|100\/100\n|turn|9\n|inactive|kimg desu has 90 seconds left.\n|\n|t:|1698821192\n|switch|p1a: Audino|Audino, F|73\/100\n|move|p2a: Dracovish|Fishious Rend|p1a: Audino\n|-damage|p1a: Audino|8\/100\n|\n|upkeep\n|turn|10\n|\n|t:|1698821200\n|move|p2a: Dracovish|Fishious Rend|p1a: Audino\n|-damage|p1a: Audino|0 fnt\n|faint|p1a: Audino\n|\n|upkeep\n|\n|t:|1698821204\n|switch|p1a: Landorus|Landorus-Therian, M|88\/100\n|-ability|p1a: Landorus|Intimidate|boost\n|-unboost|p2a: Dracovish|atk|1\n|turn|11\n|\n|t:|1698821210\n|-terastallize|p2a: Dracovish|Water\n|move|p1a: Landorus|Earthquake|p2a: Dracovish\n|-damage|p2a: Dracovish|37\/100\n|move|p2a: Dracovish|Fishious Rend|p1a: Landorus\n|-supereffective|p1a: Landorus\n|-damage|p1a: Landorus|0 fnt\n|faint|p1a: Landorus\n|\n|upkeep\n|\n|t:|1698821218\n|switch|p1a: Genesect|Genesect, shiny|100\/100\n|-ability|p1a: Genesect|Download|boost\n|-boost|p1a: Genesect|spa|1\n|turn|12\n|\n|t:|1698821226\n|switch|p2a: Sirfetch\u2019d|Sirfetch\u2019d, F|100\/100\n|move|p1a: Genesect|Extreme Speed|p2a: Sirfetch\u2019d\n|-damage|p2a: Sirfetch\u2019d|61\/100\n|-damage|p1a: Genesect|91\/100|[from] item: Life Orb\n|\n|upkeep\n|turn|13\n|\n|t:|1698821234\n|move|p1a: Genesect|Flash Cannon|p2a: Sirfetch\u2019d\n|-damage|p2a: Sirfetch\u2019d|0 fnt\n|faint|p2a: Sirfetch\u2019d\n|-damage|p1a: Genesect|81\/100|[from] item: Life Orb\n|\n|upkeep\n|\n|t:|1698821241\n|switch|p2a: Gengar|Gengar, M|100\/100\n|turn|14\n|\n|t:|1698821245\n|switch|p1a: Heatran|Heatran, F|100\/100\n|-item|p1a: Heatran|Air Balloon\n|move|p2a: Gengar|Shadow Ball|p1a: Heatran\n|-damage|p1a: Heatran|46\/100\n|-enditem|p1a: Heatran|Air Balloon\n|\n|upkeep\n|turn|15\n|\n|t:|1698821254\n|move|p2a: Gengar|Shadow Ball|p1a: Heatran\n|-damage|p1a: Heatran|0 fnt\n|faint|p1a: Heatran\n|\n|upkeep\n|\n|t:|1698821260\n|switch|p1a: Gallade|Gallade-Mega, M|100\/100\n|turn|16\n|\n|t:|1698821263\n|move|p2a: Gengar|Shadow Ball|p1a: Gallade\n|-supereffective|p1a: Gallade\n|-crit|p1a: Gallade\n|-damage|p1a: Gallade|0 fnt\n|faint|p1a: Gallade\n|\n|upkeep\n|\n|t:|1698821268\n|switch|p1a: Genesect|Genesect, shiny|81\/100\n|-ability|p1a: Genesect|Download|boost\n|-boost|p1a: Genesect|atk|1\n|turn|17\n|\n|t:|1698821273\n|move|p2a: Gengar|Shadow Ball|p1a: Genesect\n|-damage|p1a: Genesect|0 fnt\n|faint|p1a: Genesect\n|\n|upkeep\n|\n|t:|1698821276\n|switch|p1a: Rotom|Rotom-Wash|26\/100\n|turn|18\n|-message|kimg desu forfeited.\n|\n|win|Chaitanya15\n|raw|kimg desu's rating: 1201 &rarr; <strong>1182<\/strong><br \/>(-19 for losing)\n|raw|Chaitanya15's rating: 1291 &rarr; <strong>1310<\/strong><br \/>(+19 for winning)\n|l|\u2606kimg desu\n","uploadtime":1698821284,"views":12,"p1id":"kimgdesu","p2id":"chaitanya15","formatid":"gen9nationaldexubers","rating":1182,"private":0,"password":""}