{"id":"gen9nationaldexubers-1986743156","p1":"AlolanSandslashOU","p2":"XX_1nfinity_XX","format":"[Gen 9] National Dex Ubers","log":"|j|\u2606AlolanSandslashOU\n|j|\u2606XX_1nfinity_XX\n|t:|1699517925\n|gametype|singles\n|player|p1|AlolanSandslashOU|volkner|\n|player|p2|XX_1nfinity_XX|steven|\n|teamsize|p1|6\n|teamsize|p2|6\n|gen|9\n|tier|[Gen 9] National Dex Ubers\n|rule|HP Percentage Mod: HP is shown in percentages\n|rule|Endless Battle Clause: Forcing endless battles is banned\n|rule|OHKO Clause: OHKO moves are banned\n|rule|Evasion Moves Clause: Evasion moves are banned\n|rule|Evasion Items Clause: Evasion items are banned\n|rule|Species Clause: Limit one of each Pok\u00e9mon\n|rule|Sleep Clause Mod: Limit one foe put to sleep\n|rule|Mega Rayquaza Clause: You cannot mega evolve Rayquaza\n|clearpoke\n|poke|p1|Sneasler, M|\n|poke|p1|Greninja-*, M|\n|poke|p1|Zapdos|\n|poke|p1|Iron Moth|\n|poke|p1|Kartana|\n|poke|p1|Great Tusk|\n|poke|p2|Flutter Mane|\n|poke|p2|Corsola-Galar, F|\n|poke|p2|Gholdengo|\n|poke|p2|Brambleghast, F|\n|poke|p2|Runerigus, M|\n|poke|p2|Sableye, M|\n|teampreview\n|inactive|Battle timer is ON: inactive players will automatically lose when time's up. (requested by XX_1nfinity_XX)\n|c|\u2606XX_1nfinity_XX|glhf\n|\n|t:|1699517948\n|start\n|switch|p1a: Zapdos|Zapdos|100\/100\n|switch|p2a: Runerigus|Runerigus, M|100\/100\n|turn|1\n|\n|t:|1699517954\n|move|p1a: Zapdos|Hurricane|p2a: Runerigus\n|-damage|p2a: Runerigus|55\/100\n|-start|p2a: Runerigus|confusion\n|-activate|p2a: Runerigus|confusion\n|-damage|p2a: Runerigus|49\/100|[from] confusion\n|\n|-heal|p2a: Runerigus|55\/100|[from] item: Leftovers\n|upkeep\n|turn|2\n|c|\u2606XX_1nfinity_XX|stop haxing me\n|c|\u2606XX_1nfinity_XX|please\n|\n|t:|1699517967\n|move|p1a: Zapdos|Hurricane|p2a: Runerigus\n|-damage|p2a: Runerigus|14\/100\n|-activate|p2a: Runerigus|confusion\n|-damage|p2a: Runerigus|8\/100|[from] confusion\n|\n|-heal|p2a: Runerigus|15\/100|[from] item: Leftovers\n|upkeep\n|turn|3\n|c|\u2606AlolanSandslashOU|LMAOO\n|\n|t:|1699517979\n|switch|p2a: Corsola|Corsola-Galar, F|100\/100\n|move|p1a: Zapdos|Hurricane|p2a: Corsola|[miss]\n|-miss|p1a: Zapdos|p2a: Corsola\n|\n|upkeep\n|turn|4\n|\n|t:|1699517985\n|move|p1a: Zapdos|Thunderbolt|p2a: Corsola\n|-damage|p2a: Corsola|74\/100\n|-start|p1a: Zapdos|Disable|Thunderbolt|[from] ability: Cursed Body|[of] p2a: Corsola\n|move|p2a: Corsola|Stealth Rock|p1a: Zapdos\n|-sidestart|p1: AlolanSandslashOU|move: Stealth Rock\n|\n|upkeep\n|turn|5\n|\n|t:|1699517989\n|move|p1a: Zapdos|Hurricane|p2a: Corsola\n|-damage|p2a: Corsola|42\/100\n|move|p2a: Corsola|Will-O-Wisp|p1a: Zapdos\n|-status|p1a: Zapdos|brn\n|\n|-damage|p1a: Zapdos|94\/100 brn|[from] brn\n|upkeep\n|turn|6\n|\n|t:|1699517994\n|move|p1a: Zapdos|Hurricane|p2a: Corsola\n|-damage|p2a: Corsola|15\/100\n|-start|p2a: Corsola|confusion\n|-activate|p2a: Corsola|confusion\n|move|p2a: Corsola|Night Shade|p1a: Zapdos\n|-damage|p1a: Zapdos|68\/100 brn\n|\n|-heal|p1a: Zapdos|74\/100 brn|[from] item: Leftovers\n|-damage|p1a: Zapdos|68\/100 brn|[from] brn\n|upkeep\n|turn|7\n|c|\u2606XX_1nfinity_XX|ohh i clicked weong move\n|\n|t:|1699518010\n|move|p1a: Zapdos|Roost|p1a: Zapdos\n|-heal|p1a: Zapdos|100\/100 brn\n|-singleturn|p1a: Zapdos|move: Roost\n|-activate|p2a: Corsola|confusion\n|move|p2a: Corsola|Strength Sap|p1a: Zapdos\n|-unboost|p1a: Zapdos|atk|1\n|-heal|p2a: Corsola|66\/100\n|\n|-damage|p1a: Zapdos|94\/100 brn|[from] brn\n|-end|p1a: Zapdos|Disable\n|upkeep\n|turn|8\n|c|\u2606XX_1nfinity_XX|well thanks for letting me heal\n|\n|t:|1699518022\n|switch|p2a: Runerigus|Runerigus, M|15\/100\n|move|p1a: Zapdos|Thunderbolt|p2a: Runerigus\n|-immune|p2a: Runerigus\n|\n|-heal|p1a: Zapdos|100\/100 brn|[from] item: Leftovers\n|-heal|p2a: Runerigus|21\/100|[from] item: Leftovers\n|-damage|p1a: Zapdos|94\/100 brn|[from] brn\n|upkeep\n|turn|9\n|c|\u2606AlolanSandslashOU|You stayed in you mad lad\n|\n|t:|1699518030\n|move|p1a: Zapdos|Hurricane|p2a: Runerigus\n|-crit|p2a: Runerigus\n|-damage|p2a: Runerigus|0 fnt\n|faint|p2a: Runerigus\n|\n|-heal|p1a: Zapdos|100\/100 brn|[from] item: Leftovers\n|-damage|p1a: Zapdos|94\/100 brn|[from] brn\n|upkeep\n|\n|t:|1699518034\n|switch|p2a: Brambleghast|Brambleghast, F|100\/100\n|turn|10\n|\n|t:|1699518037\n|move|p2a: Brambleghast|Spikes|p1a: Zapdos\n|-sidestart|p1: AlolanSandslashOU|Spikes\n|move|p1a: Zapdos|Volt Switch|p2a: Brambleghast\n|-resisted|p2a: Brambleghast\n|-damage|p2a: Brambleghast|72\/100\n|\n|t:|1699518044\n|switch|p1a: Iron Moth|Iron Moth, shiny|100\/100|[from] Volt Switch\n|-damage|p1a: Iron Moth|76\/100|[from] Stealth Rock\n|-damage|p1a: Iron Moth|63\/100|[from] Spikes\n|-enditem|p1a: Iron Moth|Booster Energy\n|-activate|p1a: Iron Moth|ability: Quark Drive|[fromitem]\n|-start|p1a: Iron Moth|quarkdrivespe\n|\n|-heal|p2a: Brambleghast|78\/100|[from] item: Leftovers\n|upkeep\n|turn|11\n|\n|t:|1699518048\n|switch|p2a: Sableye|Sableye, M|100\/100\n|move|p1a: Iron Moth|Fiery Dance|p2a: Sableye\n|-damage|p2a: Sableye|58\/100\n|\n|upkeep\n|turn|12\n|\n|t:|1699518053\n|-end|p1a: Iron Moth|Quark Drive|[silent]\n|switch|p1a: Zapdos|Zapdos|94\/100 brn\n|-damage|p1a: Zapdos|69\/100 brn|[from] Stealth Rock\n|move|p2a: Sableye|Thunder Wave||[still]\n|-fail|p2a: Sableye\n|\n|-heal|p1a: Zapdos|75\/100 brn|[from] item: Leftovers\n|-damage|p1a: Zapdos|69\/100 brn|[from] brn\n|upkeep\n|turn|13\n|\n|t:|1699518057\n|move|p2a: Sableye|Recover|p2a: Sableye\n|-heal|p2a: Sableye|100\/100\n|move|p1a: Zapdos|Volt Switch|p2a: Sableye\n|-damage|p2a: Sableye|65\/100\n|\n|t:|1699518064\n|switch|p1a: Iron Moth|Iron Moth, shiny|63\/100|[from] Volt Switch\n|-damage|p1a: Iron Moth|39\/100|[from] Stealth Rock\n|-damage|p1a: Iron Moth|26\/100|[from] Spikes\n|\n|upkeep\n|turn|14\n|c|\u2606XX_1nfinity_XX|what are you doing lol\n|\n|t:|1699518074\n|move|p2a: Sableye|Thunder Wave|p1a: Iron Moth\n|-status|p1a: Iron Moth|par\n|move|p1a: Iron Moth|Fiery Dance|p2a: Sableye\n|-damage|p2a: Sableye|23\/100\n|-boost|p1a: Iron Moth|spa|1\n|\n|upkeep\n|turn|15\n|\n|t:|1699518080\n|move|p2a: Sableye|Recover|p2a: Sableye\n|-heal|p2a: Sableye|73\/100\n|move|p1a: Iron Moth|Fiery Dance|p2a: Sableye\n|-damage|p2a: Sableye|3\/100\n|-boost|p1a: Iron Moth|spa|1\n|\n|upkeep\n|turn|16\n|\n|t:|1699518086\n|switch|p2a: Corsola|Corsola-Galar, F|66\/100\n|move|p1a: Iron Moth|Fiery Dance|p2a: Corsola\n|-damage|p2a: Corsola|26\/100\n|\n|upkeep\n|turn|17\n|\n|t:|1699518089\n|cant|p1a: Iron Moth|par\n|move|p2a: Corsola|Night Shade|p1a: Iron Moth\n|-damage|p1a: Iron Moth|0 fnt\n|faint|p1a: Iron Moth\n|-end|p1a: Iron Moth|Quark Drive|[silent]\n|\n|upkeep\n|\n|t:|1699518092\n|switch|p1a: Greninja|Greninja, M|100\/100\n|-damage|p1a: Greninja|88\/100|[from] Stealth Rock\n|-damage|p1a: Greninja|76\/100|[from] Spikes\n|turn|18\n|c|\u2606XX_1nfinity_XX|thats unblockable\n|c|\u2606AlolanSandslashOU|You don\u2019t have a restriction right\n|c|\u2606XX_1nfinity_XX|i might\n|c|\u2606XX_1nfinity_XX|not\n|inactive|AlolanSandslashOU has 270 seconds left.\n|c|\u2606AlolanSandslashOU|I\u2019ll double check just in casee\n|c|\u2606XX_1nfinity_XX|greninja sweeps from here\n|c|\u2606XX_1nfinity_XX|i dont\n|l|\u2606AlolanSandslashOU\n|inactive|AlolanSandslashOU disconnected and has 300 seconds to reconnect!\n|player|p1|\n|j|\u2606AlolanSandslashOU\n|inactive|AlolanSandslashOU reconnected and has 245 seconds left.\n|player|p1|AlolanSandslashOU|volkner\n|c|\u2606XX_1nfinity_XX|trust me switch out to sneasler\n|\n|t:|1699518161\n|-zpower|p1a: Greninja\n|move|p1a: Greninja|Black Hole Eclipse|p2a: Corsola|[zeffect]\n|-supereffective|p2a: Corsola\n|-damage|p2a: Corsola|0 fnt\n|faint|p2a: Corsola\n|-ability|p1a: Greninja|Battle Bond|boost\n|-boost|p1a: Greninja|atk|1\n|-boost|p1a: Greninja|spa|1\n|-boost|p1a: Greninja|spe|1\n|-activate|p1a: Greninja|ability: Battle Bond\n|\n|upkeep\n|inactive|XX_1nfinity_XX has 270 seconds left.\n|\n|t:|1699518176\n|switch|p2a: Flutter Mane|Flutter Mane|100\/100\n|turn|19\n|\n|t:|1699518180\n|move|p1a: Greninja|Water Shuriken|p2a: Flutter Mane\n|-damage|p2a: Flutter Mane|91\/100\n|-damage|p2a: Flutter Mane|81\/100\n|-damage|p2a: Flutter Mane|71\/100\n|-hitcount|p2a: Flutter Mane|3\n|move|p2a: Flutter Mane|Moonblast|p1a: Greninja\n|-supereffective|p1a: Greninja\n|-damage|p1a: Greninja|0 fnt\n|faint|p1a: Greninja\n|\n|upkeep\n|j| Just B3A$T\n|\n|t:|1699518184\n|switch|p1a: Kartana|Kartana, shiny|100\/100\n|-damage|p1a: Kartana|94\/100|[from] Stealth Rock\n|-damage|p1a: Kartana|82\/100|[from] Spikes\n|turn|20\n|c|\u2606XX_1nfinity_XX|wtf why?\n|inactive|AlolanSandslashOU has 270 seconds left.\n|c| Just B3A$T|guess I'm too late\n|\n|t:|1699518193\n|-end|p2a: Flutter Mane|Protosynthesis|[silent]\n|switch|p2a: Brambleghast|Brambleghast, F|78\/100\n|move|p1a: Kartana|Knock Off|p2a: Brambleghast\n|-supereffective|p2a: Brambleghast\n|-damage|p2a: Brambleghast|0 fnt\n|-enditem|p2a: Brambleghast|Leftovers|[from] move: Knock Off|[of] p1a: Kartana\n|faint|p2a: Brambleghast\n|-ability|p1a: Kartana|Beast Boost|boost\n|-boost|p1a: Kartana|atk|1\n|\n|upkeep\n|\n|t:|1699518197\n|switch|p2a: Sableye|Sableye, M|3\/100\n|turn|21\n|\n|t:|1699518201\n|switch|p1a: Zapdos|Zapdos|69\/100 brn\n|-damage|p1a: Zapdos|44\/100 brn|[from] Stealth Rock\n|move|p2a: Sableye|Thunder Wave||[still]\n|-fail|p2a: Sableye\n|\n|-heal|p1a: Zapdos|50\/100 brn|[from] item: Leftovers\n|-damage|p1a: Zapdos|44\/100 brn|[from] brn\n|upkeep\n|turn|22\n|\n|t:|1699518206\n|move|p2a: Sableye|Recover|p2a: Sableye\n|-heal|p2a: Sableye|53\/100\n|move|p1a: Zapdos|Roost|p1a: Zapdos\n|-heal|p1a: Zapdos|94\/100 brn\n|-singleturn|p1a: Zapdos|move: Roost\n|\n|-heal|p1a: Zapdos|100\/100 brn|[from] item: Leftovers\n|-damage|p1a: Zapdos|94\/100 brn|[from] brn\n|upkeep\n|turn|23\n|\n|t:|1699518208\n|move|p2a: Sableye|Recover|p2a: Sableye\n|-heal|p2a: Sableye|100\/100\n|move|p1a: Zapdos|Hurricane|p2a: Sableye\n|-damage|p2a: Sableye|37\/100\n|\n|-heal|p1a: Zapdos|100\/100 brn|[from] item: Leftovers\n|-damage|p1a: Zapdos|94\/100 brn|[from] brn\n|upkeep\n|turn|24\n|\n|t:|1699518214\n|move|p2a: Sableye|Recover|p2a: Sableye\n|-heal|p2a: Sableye|87\/100\n|move|p1a: Zapdos|Thunderbolt|p2a: Sableye\n|-damage|p2a: Sableye|34\/100\n|\n|-heal|p1a: Zapdos|100\/100 brn|[from] item: Leftovers\n|-damage|p1a: Zapdos|94\/100 brn|[from] brn\n|upkeep\n|turn|25\n|c|\u2606XX_1nfinity_XX|stop hitting hurricanes\n|\n|t:|1699518226\n|move|p2a: Sableye|Recover|p2a: Sableye\n|-heal|p2a: Sableye|85\/100\n|move|p1a: Zapdos|Hurricane|p2a: Sableye\n|-damage|p2a: Sableye|18\/100\n|\n|-heal|p1a: Zapdos|100\/100 brn|[from] item: Leftovers\n|-damage|p1a: Zapdos|94\/100 brn|[from] brn\n|upkeep\n|turn|26\n|c| Just B3A$T|man has the option to use Dirge\n|c|\u2606XX_1nfinity_XX|BROOO\n|c| Just B3A$T|doesn't\n|\n|t:|1699518239\n|move|p2a: Sableye|Recover|p2a: Sableye\n|-heal|p2a: Sableye|68\/100\n|move|p1a: Zapdos|Hurricane|p2a: Sableye|[miss]\n|-miss|p1a: Zapdos|p2a: Sableye\n|\n|-heal|p1a: Zapdos|100\/100 brn|[from] item: Leftovers\n|-damage|p1a: Zapdos|94\/100 brn|[from] brn\n|upkeep\n|turn|27\n|c| Just B3A$T|it's like the best Unaware mon\n|\n|t:|1699518244\n|move|p2a: Sableye|Recover|p2a: Sableye\n|-heal|p2a: Sableye|100\/100\n|move|p1a: Zapdos|Hurricane|p2a: Sableye|[miss]\n|-miss|p1a: Zapdos|p2a: Sableye\n|\n|-heal|p1a: Zapdos|100\/100 brn|[from] item: Leftovers\n|-damage|p1a: Zapdos|94\/100 brn|[from] brn\n|upkeep\n|turn|28\n|\n|t:|1699518248\n|move|p1a: Zapdos|Thunderbolt|p2a: Sableye\n|-crit|p2a: Sableye\n|-damage|p2a: Sableye|19\/100\n|move|p2a: Sableye|Knock Off|p1a: Zapdos\n|-damage|p1a: Zapdos|67\/100 brn\n|-status|p2a: Sableye|par|[from] ability: Static|[of] p1a: Zapdos\n|-enditem|p1a: Zapdos|Leftovers|[from] move: Knock Off|[of] p2a: Sableye\n|\n|-damage|p1a: Zapdos|61\/100 brn|[from] brn\n|upkeep\n|turn|29\n|c|\u2606AlolanSandslashOU|LOL\n|\n|t:|1699518262\n|switch|p2a: Flutter Mane|Flutter Mane|71\/100\n|move|p1a: Zapdos|Roost|p1a: Zapdos\n|-heal|p1a: Zapdos|100\/100 brn\n|-singleturn|p1a: Zapdos|move: Roost\n|\n|-damage|p1a: Zapdos|94\/100 brn|[from] brn\n|upkeep\n|turn|30\n|\n|t:|1699518273\n|-terastallize|p2a: Flutter Mane|Fire\n|-terastallize|p1a: Zapdos|Steel\n|move|p2a: Flutter Mane|Tera Blast|p1a: Zapdos|[anim] Tera Blast Fire\n|-supereffective|p1a: Zapdos\n|-damage|p1a: Zapdos|0 fnt\n|faint|p1a: Zapdos\n|\n|upkeep\n|c|\u2606XX_1nfinity_XX|lol\n|\n|t:|1699518285\n|switch|p1a: Great Tusk|Great Tusk, shiny|100\/100\n|turn|31\n|c| Just B3A$T|Dan\n|c| Just B3A$T|use Discharge\n|c| Just B3A$T|smh\n|\n|t:|1699518292\n|-end|p2a: Flutter Mane|Protosynthesis|[silent]\n|switch|p2a: Gholdengo|Gholdengo|100\/100\n|-item|p2a: Gholdengo|Air Balloon\n|move|p1a: Great Tusk|Knock Off|p2a: Gholdengo\n|-supereffective|p2a: Gholdengo\n|-damage|p2a: Gholdengo|28\/100\n|-enditem|p2a: Gholdengo|Air Balloon\n|\n|upkeep\n|turn|32\n|\n|t:|1699518298\n|-end|p1a: Great Tusk|Protosynthesis|[silent]\n|switch|p1a: Sneasler|Sneasler, M|100\/100\n|-damage|p1a: Sneasler|95\/100|[from] Stealth Rock\n|-damage|p1a: Sneasler|82\/100|[from] Spikes\n|move|p2a: Gholdengo|Shadow Ball|p1a: Sneasler\n|-damage|p1a: Sneasler|34\/100\n|\n|upkeep\n|turn|33\n|c| Just B3A$T|more para chance is what you need\n|\n|t:|1699518306\n|move|p1a: Sneasler|Night Slash|p2a: Gholdengo\n|-supereffective|p2a: Gholdengo\n|-damage|p2a: Gholdengo|0 fnt\n|faint|p2a: Gholdengo\n|\n|upkeep\n|\n|t:|1699518314\n|switch|p2a: Flutter Mane|Flutter Mane, tera:Fire|71\/100\n|turn|34\n|c|\u2606AlolanSandslashOU|I just forgot to put it on\n|\n|t:|1699518322\n|move|p2a: Flutter Mane|Tera Blast|p1a: Sneasler|[anim] Tera Blast Fire\n|-damage|p1a: Sneasler|0 fnt\n|faint|p1a: Sneasler\n|\n|upkeep\n|\n|t:|1699518323\n|switch|p1a: Great Tusk|Great Tusk, shiny|100\/100\n|turn|35\n|\n|t:|1699518326\n|move|p2a: Flutter Mane|Tera Blast|p1a: Great Tusk|[anim] Tera Blast Fire\n|-damage|p1a: Great Tusk|17\/100\n|move|p1a: Great Tusk|Knock Off|p2a: Flutter Mane\n|-damage|p2a: Flutter Mane|0 fnt\n|-enditem|p2a: Flutter Mane|Choice Specs|[from] move: Knock Off|[of] p1a: Great Tusk\n|faint|p2a: Flutter Mane\n|-end|p2a: Flutter Mane|Protosynthesis|[silent]\n|\n|upkeep\n|\n|t:|1699518331\n|switch|p2a: Sableye|Sableye, M|19\/100 par\n|turn|36\n|\n|t:|1699518334\n|detailschange|p2a: Sableye|Sableye-Mega, M\n|-mega|p2a: Sableye|Sableye|Sablenite\n|move|p1a: Great Tusk|Earthquake|p2a: Sableye\n|-damage|p2a: Sableye|0 fnt\n|faint|p2a: Sableye\n|\n|win|AlolanSandslashOU\n|c|\u2606XX_1nfinity_XX|ggs\n|c| Just B3A$T|winnable\n|c|\u2606AlolanSandslashOU|Ggs\n|c| Just B3A$T|nvm\n|c| Just B3A$T|gg\n|l| Just B3A$T\n|c|\u2606XX_1nfinity_XX|if only i stop getting ultra haxed\n","uploadtime":1699518350,"views":8,"p1id":"alolansandslashou","p2id":"xx1nfinityxx","formatid":"gen9nationaldexubers","rating":0,"private":0,"password":""}