{"id":"gen9nationaldexubers-1978535415","p1":"Noonmaster9818","p2":"OjoRojoCrack","format":"[Gen 9] National Dex Ubers","log":"|j|\u2606Noonmaster9818\n|j|\u2606OjoRojoCrack\n|t:|1698552054\n|gametype|singles\n|player|p1|Noonmaster9818|policeman-gen4|1291\n|player|p2|OjoRojoCrack|hilbert-wonderlauncher|1336\n|teamsize|p1|6\n|teamsize|p2|6\n|gen|9\n|tier|[Gen 9] National Dex Ubers\n|rated|\n|rule|HP Percentage Mod: HP is shown in percentages\n|rule|Endless Battle Clause: Forcing endless battles is banned\n|rule|OHKO Clause: OHKO moves are banned\n|rule|Evasion Moves Clause: Evasion moves are banned\n|rule|Evasion Items Clause: Evasion items are banned\n|rule|Species Clause: Limit one of each Pok\u00e9mon\n|rule|Sleep Clause Mod: Limit one foe put to sleep\n|rule|Mega Rayquaza Clause: You cannot mega evolve Rayquaza\n|clearpoke\n|poke|p1|Yveltal|\n|poke|p1|Ho-Oh|\n|poke|p1|Xerneas-*|\n|poke|p1|Marshadow|\n|poke|p1|Kyogre|\n|poke|p1|Eternatus|\n|poke|p2|Salamence, M|\n|poke|p2|Kommo-o, M|\n|poke|p2|Metagross|\n|poke|p2|Tyranitar, M|\n|poke|p2|Aegislash, M|\n|poke|p2|Groudon|\n|teampreview\n|inactive|Battle timer is ON: inactive players will automatically lose when time's up. (requested by OjoRojoCrack)\n|inactive|Noonmaster9818 also wants the timer to be on.\n|\n|t:|1698552071\n|start\n|switch|p1a: Beastie|Eternatus|100\/100\n|switch|p2a: Kommo-o|Kommo-o, M|100\/100\n|-ability|p1a: Beastie|Pressure\n|turn|1\n|\n|t:|1698552077\n|move|p1a: Beastie|Dynamax Cannon|p2a: Kommo-o\n|-supereffective|p2a: Kommo-o\n|-damage|p2a: Kommo-o|0 fnt\n|faint|p2a: Kommo-o\n|\n|upkeep\n|\n|t:|1698552084\n|switch|p2a: Aegislash|Aegislash, M|100\/100\n|turn|2\n|\n|t:|1698552087\n|move|p1a: Beastie|Flamethrower|p2a: Aegislash\n|-supereffective|p2a: Aegislash\n|-damage|p2a: Aegislash|38\/100\n|move|p2a: Aegislash|Swords Dance|p2a: Aegislash\n|-boost|p2a: Aegislash|atk|2\n|\n|upkeep\n|turn|3\n|\n|t:|1698552092\n|move|p2a: Aegislash|King's Shield|p2a: Aegislash\n|-singleturn|p2a: Aegislash|Protect\n|move|p1a: Beastie|Flamethrower|p2a: Aegislash\n|-activate|p2a: Aegislash|move: Protect\n|\n|upkeep\n|turn|4\n|\n|t:|1698552098\n|-formechange|p2a: Aegislash|Aegislash-Blade||[from] ability: Stance Change\n|move|p2a: Aegislash|Shadow Sneak|p1a: Beastie\n|-damage|p1a: Beastie|52\/100\n|move|p1a: Beastie|Flamethrower|p2a: Aegislash\n|-supereffective|p2a: Aegislash\n|-damage|p2a: Aegislash|0 fnt\n|faint|p2a: Aegislash\n|\n|upkeep\n|\n|t:|1698552103\n|switch|p2a: Groudon|Groudon|100\/100\n|detailschange|p2a: Groudon|Groudon-Primal\n|-primal|p2a: Groudon|Red Orb\n|-weather|DesolateLand|[from] ability: Desolate Land|[of] p2a: Groudon\n|turn|5\n|\n|t:|1698552110\n|move|p1a: Beastie|Dynamax Cannon|p2a: Groudon\n|-damage|p2a: Groudon|40\/100\n|move|p2a: Groudon|Rock Polish|p2a: Groudon\n|-boost|p2a: Groudon|spe|2\n|\n|-weather|DesolateLand|[upkeep]\n|upkeep\n|turn|6\n|\n|t:|1698552117\n|move|p2a: Groudon|Earthquake|p1a: Beastie\n|-supereffective|p1a: Beastie\n|-damage|p1a: Beastie|0 fnt\n|faint|p1a: Beastie\n|\n|-weather|DesolateLand|[upkeep]\n|upkeep\n|\n|t:|1698552119\n|switch|p1a: Marshmallow|Marshadow|100\/100\n|turn|7\n|\n|t:|1698552124\n|move|p2a: Groudon|Earthquake|p1a: Marshmallow\n|-damage|p1a: Marshmallow|7\/100\n|move|p1a: Marshmallow|Spectral Thief||[still]\n|-clearpositiveboost|p2a: Groudon|p1a: Marshmallow|move: Spectral Thief\n|-boost|p1a: Marshmallow|spe|2\n|-anim|p1a: Marshmallow|Spectral Thief|p2a: Groudon\n|-damage|p2a: Groudon|8\/100\n|\n|-weather|DesolateLand|[upkeep]\n|upkeep\n|turn|8\n|\n|t:|1698552132\n|move|p1a: Marshmallow|Spectral Thief|p2a: Groudon\n|-damage|p2a: Groudon|0 fnt\n|faint|p2a: Groudon\n|-weather|none\n|\n|upkeep\n|\n|t:|1698552139\n|switch|p2a: Salamence|Salamence, M|100\/100\n|turn|9\n|j| Incredible Gassy\n|\n|t:|1698552147\n|move|p1a: Marshmallow|Rock Tomb|p2a: Salamence\n|-supereffective|p2a: Salamence\n|-damage|p2a: Salamence|22\/100\n|-unboost|p2a: Salamence|spe|1\n|move|p2a: Salamence|Earthquake|p1a: Marshmallow\n|-damage|p1a: Marshmallow|0 fnt\n|faint|p1a: Marshmallow\n|-ability|p2a: Salamence|Moxie|boost\n|-boost|p2a: Salamence|atk|1\n|\n|upkeep\n|\n|t:|1698552157\n|switch|p1a: Zernie Sanders|Xerneas, shiny|100\/100\n|-ability|p1a: Zernie Sanders|Fairy Aura\n|turn|10\n|\n|t:|1698552171\n|detailschange|p2a: Salamence|Salamence-Mega, M\n|-mega|p2a: Salamence|Salamence|Salamencite\n|move|p1a: Zernie Sanders|Moonblast|p2a: Salamence\n|-supereffective|p2a: Salamence\n|-damage|p2a: Salamence|0 fnt\n|faint|p2a: Salamence\n|\n|upkeep\n|\n|t:|1698552176\n|switch|p2a: Metagross|Metagross, shiny|100\/100\n|turn|11\n|\n|t:|1698552182\n|switch|p1a: Kai|Kyogre, shiny|100\/100\n|detailschange|p1a: Kai|Kyogre-Primal, shiny\n|-primal|p1a: Kai|Blue Orb\n|-weather|PrimordialSea|[from] ability: Primordial Sea|[of] p1a: Kai\n|move|p2a: Metagross|Agility|p2a: Metagross\n|-boost|p2a: Metagross|spe|2\n|\n|-weather|PrimordialSea|[upkeep]\n|upkeep\n|turn|12\n|\n|t:|1698552186\n|move|p2a: Metagross|Zen Headbutt|p1a: Kai\n|-damage|p1a: Kai|57\/100\n|move|p1a: Kai|Origin Pulse|p2a: Metagross\n|-damage|p2a: Metagross|0 fnt\n|faint|p2a: Metagross\n|\n|-weather|PrimordialSea|[upkeep]\n|upkeep\n|\n|t:|1698552192\n|switch|p2a: Tyranitar|Tyranitar, M|100\/100\n|-ability|p2a: Tyranitar|Sand Stream|[from] primordialsea|[fail]\n|turn|13\n|\n|t:|1698552199\n|move|p1a: Kai|Origin Pulse|p2a: Tyranitar\n|-supereffective|p2a: Tyranitar\n|-damage|p2a: Tyranitar|0 fnt\n|faint|p2a: Tyranitar\n|\n|win|Noonmaster9818\n|raw|Noonmaster9818's rating: 1291 &rarr; <strong>1319<\/strong><br \/>(+28 for winning)\n|raw|OjoRojoCrack's rating: 1336 &rarr; <strong>1313<\/strong><br \/>(-23 for losing)\n","uploadtime":1698552203,"views":12,"p1id":"noonmaster9818","p2id":"ojorojocrack","formatid":"gen9nationaldexubers","rating":1313,"private":0,"password":""}