{"id":"gen9nationaldexubers-1981474762","p1":"zillygaming","p2":"SeTambien","format":"[Gen 9] National Dex Ubers","log":"|j|\u2606zillygaming\n|j|\u2606SeTambien\n|t:|1698902664\n|gametype|singles\n|player|p1|zillygaming|ingo|1158\n|player|p2|SeTambien|caitlin|1239\n|teamsize|p1|6\n|teamsize|p2|6\n|gen|9\n|tier|[Gen 9] National Dex Ubers\n|rated|\n|rule|HP Percentage Mod: HP is shown in percentages\n|rule|Endless Battle Clause: Forcing endless battles is banned\n|rule|OHKO Clause: OHKO moves are banned\n|rule|Evasion Moves Clause: Evasion moves are banned\n|rule|Evasion Items Clause: Evasion items are banned\n|rule|Species Clause: Limit one of each Pok\u00e9mon\n|rule|Sleep Clause Mod: Limit one foe put to sleep\n|rule|Mega Rayquaza Clause: You cannot mega evolve Rayquaza\n|clearpoke\n|poke|p1|Incineroar, F|\n|poke|p1|Meowscarada, M|\n|poke|p1|Zacian-*|\n|poke|p1|Blastoise, F|\n|poke|p1|Lycanroc-Dusk, M|\n|poke|p1|Lunala|\n|poke|p2|Grafaiai, M|\n|poke|p2|Pheromosa|\n|poke|p2|Calyrex-Ice|\n|poke|p2|Landorus, M|\n|poke|p2|Lickilicky, F|\n|poke|p2|Chandelure, M|\n|teampreview\n|inactive|Battle timer is ON: inactive players will automatically lose when time's up. (requested by SeTambien)\n|j| Incredible Gassy\n|\n|t:|1698902672\n|start\n|switch|p1a: Meowscarada|Meowscarada, M, shiny|100\/100\n|switch|p2a: Colonel|Landorus, M, shiny|100\/100\n|turn|1\n|\n|t:|1698902682\n|move|p1a: Meowscarada|Protect|p1a: Meowscarada\n|-start|p1a: Meowscarada|typechange|Normal|[from] ability: Protean\n|-singleturn|p1a: Meowscarada|Protect\n|move|p2a: Colonel|Stealth Rock|p1a: Meowscarada\n|-sidestart|p1: zillygaming|move: Stealth Rock\n|\n|upkeep\n|turn|2\n|\n|t:|1698902705\n|move|p2a: Colonel|Earth Power|p1a: Meowscarada\n|-damage|p1a: Meowscarada|16\/100\n|move|p1a: Meowscarada|Toxic Spikes|p2a: Colonel\n|-sidestart|p2: SeTambien|move: Toxic Spikes\n|\n|-heal|p1a: Meowscarada|22\/100|[from] item: Leftovers\n|upkeep\n|turn|3\n|\n|t:|1698902727\n|move|p2a: Colonel|Earth Power|p1a: Meowscarada\n|-damage|p1a: Meowscarada|0 fnt\n|faint|p1a: Meowscarada\n|\n|upkeep\n|\n|t:|1698902738\n|switch|p1a: Blastoise|Blastoise, F, shiny|100\/100\n|-damage|p1a: Blastoise|88\/100|[from] Stealth Rock\n|turn|4\n|\n|t:|1698902761\n|detailschange|p1a: Blastoise|Blastoise-Mega, F, shiny\n|-mega|p1a: Blastoise|Blastoise|Blastoisinite\n|move|p2a: Colonel|Psychic|p1a: Blastoise\n|-damage|p1a: Blastoise|36\/100\n|move|p1a: Blastoise|Shell Smash|p1a: Blastoise\n|-unboost|p1a: Blastoise|def|1\n|-unboost|p1a: Blastoise|spd|1\n|-boost|p1a: Blastoise|atk|2\n|-boost|p1a: Blastoise|spa|2\n|-boost|p1a: Blastoise|spe|2\n|\n|upkeep\n|turn|5\n|\n|t:|1698902775\n|move|p1a: Blastoise|Ice Beam|p2a: Colonel\n|-supereffective|p2a: Colonel\n|-damage|p2a: Colonel|0 fnt\n|faint|p2a: Colonel\n|\n|upkeep\n|\n|t:|1698902787\n|switch|p2a: Lickmi Lickmi|Lickilicky, F, shiny|100\/100\n|-status|p2a: Lickmi Lickmi|psn\n|-ability|p2a: Lickmi Lickmi|Cloud Nine\n|turn|6\n|\n|t:|1698902797\n|move|p1a: Blastoise|Water Pulse|p2a: Lickmi Lickmi\n|-damage|p2a: Lickmi Lickmi|45\/100 psn\n|move|p2a: Lickmi Lickmi|Dragon Tail|p1a: Blastoise\n|-crit|p1a: Blastoise\n|-damage|p1a: Blastoise|11\/100\n|drag|p1a: Zacian|Zacian-Crowned, shiny|100\/100\n|-damage|p1a: Zacian|94\/100|[from] Stealth Rock\n|-ability|p1a: Zacian|Intrepid Sword|boost\n|-boost|p1a: Zacian|atk|1\n|\n|-heal|p2a: Lickmi Lickmi|51\/100 psn|[from] item: Leftovers\n|-damage|p2a: Lickmi Lickmi|39\/100 psn|[from] psn\n|upkeep\n|turn|7\n|\n|t:|1698902820\n|move|p1a: Zacian|Play Rough|p2a: Lickmi Lickmi\n|-damage|p2a: Lickmi Lickmi|0 fnt\n|faint|p2a: Lickmi Lickmi\n|\n|upkeep\n|\n|t:|1698902825\n|switch|p2a: The Tickler|Grafaiai, M|100\/100\n|-sideend|p2: SeTambien|move: Toxic Spikes|[of] p2a: The Tickler\n|turn|8\n|\n|t:|1698902831\n|-terastallize|p1a: Zacian|Ground\n|move|p2a: The Tickler|Protect|p2a: The Tickler\n|-singleturn|p2a: The Tickler|Protect\n|move|p1a: Zacian|Tera Blast|p2a: The Tickler|[anim] Tera Blast Ground\n|-activate|p2a: The Tickler|move: Protect\n|\n|upkeep\n|turn|9\n|\n|t:|1698902843\n|move|p2a: The Tickler|Substitute|p2a: The Tickler\n|-start|p2a: The Tickler|Substitute\n|-damage|p2a: The Tickler|76\/100\n|move|p1a: Zacian|Tera Blast|p2a: The Tickler|[anim] Tera Blast Ground\n|-supereffective|p2a: The Tickler\n|-end|p2a: The Tickler|Substitute\n|\n|-heal|p2a: The Tickler|82\/100|[from] item: Leftovers\n|upkeep\n|turn|10\n|\n|t:|1698902852\n|move|p2a: The Tickler|Protect|p2a: The Tickler\n|-singleturn|p2a: The Tickler|Protect\n|move|p1a: Zacian|Tera Blast|p2a: The Tickler|[anim] Tera Blast Ground\n|-activate|p2a: The Tickler|move: Protect\n|\n|-heal|p2a: The Tickler|88\/100|[from] item: Leftovers\n|upkeep\n|turn|11\n|\n|t:|1698902862\n|move|p2a: The Tickler|Substitute|p2a: The Tickler\n|-start|p2a: The Tickler|Substitute\n|-damage|p2a: The Tickler|63\/100\n|move|p1a: Zacian|Tera Blast|p2a: The Tickler|[anim] Tera Blast Ground\n|-supereffective|p2a: The Tickler\n|-end|p2a: The Tickler|Substitute\n|\n|-heal|p2a: The Tickler|69\/100|[from] item: Leftovers\n|upkeep\n|turn|12\n|\n|t:|1698902878\n|move|p2a: The Tickler|Protect|p2a: The Tickler\n|-singleturn|p2a: The Tickler|Protect\n|move|p1a: Zacian|Tera Blast|p2a: The Tickler|[anim] Tera Blast Ground\n|-activate|p2a: The Tickler|move: Protect\n|\n|-heal|p2a: The Tickler|75\/100|[from] item: Leftovers\n|upkeep\n|turn|13\n|\n|t:|1698902891\n|switch|p2a: Earl Enero|Calyrex-Ice|100\/100\n|-ability|p2a: Earl Enero|As One\n|-ability|p2a: Earl Enero|Unnerve\n|move|p1a: Zacian|Behemoth Blade|p2a: Earl Enero\n|-supereffective|p2a: Earl Enero\n|-damage|p2a: Earl Enero|7\/100\n|\n|-heal|p2a: Earl Enero|13\/100|[from] item: Leftovers\n|upkeep\n|turn|14\n|\n|t:|1698902915\n|move|p1a: Zacian|Behemoth Blade|p2a: Earl Enero\n|-supereffective|p2a: Earl Enero\n|-damage|p2a: Earl Enero|0 fnt\n|faint|p2a: Earl Enero\n|\n|upkeep\n|\n|t:|1698902920\n|switch|p2a: Sanguine|Pheromosa, shiny|100\/100\n|turn|15\n|\n|t:|1698902938\n|switch|p1a: Lunala|Lunala, shiny|100\/100\n|-damage|p1a: Lunala|88\/100|[from] Stealth Rock\n|move|p2a: Sanguine|Triple Axel|p1a: Lunala\n|-damage|p1a: Lunala|79\/100\n|-damage|p1a: Lunala|61\/100\n|-hitcount|p1a: Lunala|2\n|\n|upkeep\n|turn|16\n|\n|t:|1698902954\n|move|p2a: Sanguine|Triple Axel|p1a: Lunala\n|-damage|p1a: Lunala|51\/100\n|-damage|p1a: Lunala|32\/100\n|-damage|p1a: Lunala|2\/100\n|-hitcount|p1a: Lunala|3\n|move|p1a: Lunala|Defog|p2a: Sanguine\n|-unboost|p2a: Sanguine|evasion|1\n|-sideend|p1: zillygaming|Stealth Rock|[from] move: Defog|[of] p1a: Lunala\n|\n|upkeep\n|turn|17\n|\n|t:|1698902965\n|move|p2a: Sanguine|Triple Axel|p1a: Lunala\n|-damage|p1a: Lunala|0 fnt\n|faint|p1a: Lunala\n|-ability|p2a: Sanguine|Beast Boost|boost\n|-boost|p2a: Sanguine|spe|1\n|-hitcount|p1: Lunala|1\n|\n|upkeep\n|\n|t:|1698902973\n|switch|p1a: Lycanroc|Lycanroc-Dusk, M, shiny|100\/100\n|turn|18\n|\n|t:|1698902980\n|move|p2a: Sanguine|Triple Axel|p1a: Lycanroc\n|-damage|p1a: Lycanroc|86\/100\n|-damage|p1a: Lycanroc|55\/100\n|-damage|p1a: Lycanroc|11\/100\n|-hitcount|p1a: Lycanroc|3\n|move|p1a: Lycanroc|Endeavor|p2a: Sanguine\n|-damage|p2a: Sanguine|11\/100\n|\n|upkeep\n|turn|19\n|\n|t:|1698902991\n|move|p1a: Lycanroc|Sucker Punch|p2a: Sanguine\n|-resisted|p2a: Sanguine\n|-damage|p2a: Sanguine|0 fnt\n|faint|p2a: Sanguine\n|\n|upkeep\n|\n|t:|1698902996\n|switch|p2a: The Tickler|Grafaiai, M|75\/100\n|turn|20\n|\n|t:|1698903005\n|move|p2a: The Tickler|Encore|p1a: Lycanroc\n|-start|p1a: Lycanroc|Encore\n|move|p1a: Lycanroc|Sucker Punch||[still]\n|-fail|p1a: Lycanroc\n|\n|-heal|p2a: The Tickler|81\/100|[from] item: Leftovers\n|upkeep\n|turn|21\n|\n|t:|1698903025\n|switch|p1a: Incineroar|Incineroar, F, shiny|100\/100\n|-ability|p1a: Incineroar|Intimidate|boost\n|-unboost|p2a: The Tickler|atk|1\n|move|p2a: The Tickler|Toxic|p1a: Incineroar\n|-hint|Since gen 7, Dark is immune to Prankster moves.\n|-immune|p1a: Incineroar\n|\n|-heal|p2a: The Tickler|87\/100|[from] item: Leftovers\n|upkeep\n|turn|22\n|l|\u2606SeTambien\n|inactive|SeTambien disconnected and has a minute to reconnect!\n|player|p2|\n|l| Incredible Gassy\n|inactive|zillygaming has 120 seconds left.\n|inactive|SeTambien has 30 seconds to reconnect!\n|inactive|SeTambien has 20 seconds to reconnect!\n|inactive|SeTambien has 15 seconds to reconnect!\n|inactive|SeTambien has 10 seconds to reconnect!\n|inactive|SeTambien has 5 seconds to reconnect!\n|-message|SeTambien lost due to inactivity.\n|\n|win|zillygaming\n|raw|zillygaming's rating: 1158 &rarr; <strong>1189<\/strong><br \/>(+31 for winning)\n|raw|SeTambien's rating: 1239 &rarr; <strong>1208<\/strong><br \/>(-31 for losing)\n","uploadtime":1698903114,"views":11,"p1id":"zillygaming","p2id":"setambien","formatid":"gen9nationaldexubers","rating":1189,"private":0,"password":""}