{"id":"gen9nationaldexubers-1994049795","p1":"LunchyLunchy2","p2":"uiuo","format":"[Gen 9] National Dex Ubers","log":"|j|\u2606LunchyLunchy2\n|j|\u2606uiuo\n|t:|1700399857\n|gametype|singles\n|player|p1|LunchyLunchy2|brycen|1000\n|player|p2|uiuo|2|1000\n|teamsize|p1|2\n|teamsize|p2|2\n|gen|9\n|tier|[Gen 9] National Dex Ubers\n|rated|\n|rule|HP Percentage Mod: HP is shown in percentages\n|rule|Endless Battle Clause: Forcing endless battles is banned\n|rule|OHKO Clause: OHKO moves are banned\n|rule|Evasion Moves Clause: Evasion moves are banned\n|rule|Evasion Items Clause: Evasion items are banned\n|rule|Species Clause: Limit one of each Pok\u00e9mon\n|rule|Sleep Clause Mod: Limit one foe put to sleep\n|rule|Mega Rayquaza Clause: You cannot mega evolve Rayquaza\n|clearpoke\n|poke|p1|Durant, M|\n|poke|p1|Dugtrio, M|\n|poke|p2|Shuckle, F|\n|poke|p2|Aron, L1, M|\n|teampreview\n|c|\u2606LunchyLunchy2|hmm\n|\n|t:|1700399863\n|start\n|switch|p1a: Durant|Durant, M|100\/100\n|switch|p2a: Aron|Aron, L1, M|100\/100\n|turn|1\n|\n|t:|1700399869\n|move|p1a: Durant|Entrainment|p2a: Aron\n|-endability|p2a: Aron|Sturdy|[from] move: Entrainment\n|-ability|p2a: Aron|Truant|[from] move: Entrainment\n|move|p2a: Aron|Endeavor|p1a: Durant\n|-damage|p1a: Durant|5\/100\n|-enditem|p1a: Durant|Eject Button\n|j| lyx114\n|\n|t:|1700399875\n|switch|p1a: Dugtrio|Dugtrio, M, shiny|100\/100\n|\n|upkeep\n|turn|2\n|\n|t:|1700399881\n|move|p1a: Dugtrio|Hone Claws|p1a: Dugtrio\n|-boost|p1a: Dugtrio|atk|1\n|-boost|p1a: Dugtrio|accuracy|1\n|cant|p2a: Aron|ability: Truant\n|\n|upkeep\n|turn|3\n|\n|t:|1700399887\n|move|p1a: Dugtrio|Protect|p1a: Dugtrio\n|-singleturn|p1a: Dugtrio|Protect\n|move|p2a: Aron|Endeavor|p1a: Dugtrio\n|-activate|p1a: Dugtrio|move: Protect\n|\n|upkeep\n|turn|4\n|\n|t:|1700399903\n|move|p1a: Dugtrio|Hone Claws|p1a: Dugtrio\n|-boost|p1a: Dugtrio|atk|1\n|-boost|p1a: Dugtrio|accuracy|1\n|cant|p2a: Aron|ability: Truant\n|\n|upkeep\n|turn|5\n|\n|t:|1700399909\n|move|p1a: Dugtrio|Protect|p1a: Dugtrio\n|-singleturn|p1a: Dugtrio|Protect\n|move|p2a: Aron|Endeavor|p1a: Dugtrio\n|-activate|p1a: Dugtrio|move: Protect\n|\n|upkeep\n|turn|6\n|c|\u2606LunchyLunchy2|i think you win :p\n|\n|t:|1700399923\n|move|p1a: Dugtrio|Hone Claws|p1a: Dugtrio\n|-boost|p1a: Dugtrio|atk|1\n|-boost|p1a: Dugtrio|accuracy|1\n|cant|p2a: Aron|ability: Truant\n|\n|upkeep\n|turn|7\n|c|\u2606LunchyLunchy2|i was debating on rock slide and rock throw too :(\n|\n|t:|1700399934\n|move|p1a: Dugtrio|Protect|p1a: Dugtrio\n|-singleturn|p1a: Dugtrio|Protect\n|move|p2a: Aron|Endeavor|p1a: Dugtrio\n|-activate|p1a: Dugtrio|move: Protect\n|\n|upkeep\n|turn|8\n|\n|t:|1700399941\n|move|p1a: Dugtrio|Hone Claws|p1a: Dugtrio\n|-boost|p1a: Dugtrio|atk|1\n|-boost|p1a: Dugtrio|accuracy|1\n|cant|p2a: Aron|ability: Truant\n|\n|upkeep\n|turn|9\n|\n|t:|1700399954\n|-terastallize|p2a: Aron|Steel\n|move|p1a: Dugtrio|Protect|p1a: Dugtrio\n|-singleturn|p1a: Dugtrio|Protect\n|move|p2a: Aron|Body Slam|p1a: Dugtrio\n|-activate|p1a: Dugtrio|move: Protect\n|\n|upkeep\n|turn|10\n|\n|t:|1700399965\n|move|p1a: Dugtrio|Hone Claws|p1a: Dugtrio\n|-boost|p1a: Dugtrio|atk|1\n|-boost|p1a: Dugtrio|accuracy|1\n|cant|p2a: Aron|ability: Truant\n|\n|upkeep\n|turn|11\n|\n|t:|1700399978\n|move|p1a: Dugtrio|Protect|p1a: Dugtrio\n|-singleturn|p1a: Dugtrio|Protect\n|move|p2a: Aron|Endeavor|p1a: Dugtrio\n|-activate|p1a: Dugtrio|move: Protect\n|\n|upkeep\n|turn|12\n|\n|t:|1700399987\n|move|p1a: Dugtrio|Hone Claws|p1a: Dugtrio\n|-boost|p1a: Dugtrio|atk|1\n|-boost|p1a: Dugtrio|accuracy|1\n|cant|p2a: Aron|ability: Truant\n|\n|upkeep\n|turn|13\n|\n|t:|1700399994\n|move|p1a: Dugtrio|Protect|p1a: Dugtrio\n|-singleturn|p1a: Dugtrio|Protect\n|move|p2a: Aron|Body Slam|p1a: Dugtrio\n|-activate|p1a: Dugtrio|move: Protect\n|\n|upkeep\n|turn|14\n|\n|t:|1700400001\n|move|p1a: Dugtrio|Rock Slide|p2a: Aron\n|-resisted|p2a: Aron\n|-damage|p2a: Aron|0 fnt\n|faint|p2a: Aron\n|\n|upkeep\n|-message|uiuo forfeited.\n|\n|win|LunchyLunchy2\n|raw|LunchyLunchy2's rating: 1000 &rarr; <strong>1040<\/strong><br \/>(+40 for winning)\n|raw|uiuo's rating: 1000 &rarr; <strong>1000<\/strong><br \/>(+0 for losing)\n|l|\u2606uiuo\n|c|\u2606LunchyLunchy2|:p\n|c|\u2606LunchyLunchy2|that was fun\n","uploadtime":1700400023,"views":18,"p1id":"lunchylunchy2","p2id":"uiuo","formatid":"gen9nationaldexubers","rating":1000,"private":0,"password":""}