{"id":"gen9nationaldexubers-1985760797","p1":"hackilla15","p2":"Phantomtheabsol","format":"[Gen 9] National Dex Ubers","log":"|j|\u2606hackilla15\n|j|\u2606Phantomtheabsol\n|t:|1699403372\n|gametype|singles\n|player|p1|hackilla15|ethan|1188\n|player|p2|Phantomtheabsol|cynthia-gen4|1081\n|teamsize|p1|6\n|teamsize|p2|6\n|gen|9\n|tier|[Gen 9] National Dex Ubers\n|rated|\n|rule|HP Percentage Mod: HP is shown in percentages\n|rule|Endless Battle Clause: Forcing endless battles is banned\n|rule|OHKO Clause: OHKO moves are banned\n|rule|Evasion Moves Clause: Evasion moves are banned\n|rule|Evasion Items Clause: Evasion items are banned\n|rule|Species Clause: Limit one of each Pok\u00e9mon\n|rule|Sleep Clause Mod: Limit one foe put to sleep\n|rule|Mega Rayquaza Clause: You cannot mega evolve Rayquaza\n|clearpoke\n|poke|p1|Kangaskhan, F|\n|poke|p1|Annihilape, F|\n|poke|p1|Lugia|\n|poke|p1|Articuno|\n|poke|p1|Slowking-Galar, M|\n|poke|p1|Kyurem-Black|\n|poke|p2|Clodsire, M|\n|poke|p2|Iron Leaves|\n|poke|p2|Gholdengo|\n|poke|p2|Basculegion, M|\n|poke|p2|Sylveon, F|\n|poke|p2|Samurott-Hisui, F|\n|teampreview\n|\n|t:|1699403385\n|start\n|switch|p1a: Kangaskhan|Kangaskhan, F, shiny|100\/100\n|switch|p2a: Cheese|Gholdengo|100\/100\n|-item|p2a: Cheese|Air Balloon\n|turn|1\n|\n|t:|1699403401\n|detailschange|p1a: Kangaskhan|Kangaskhan-Mega, F, shiny\n|-mega|p1a: Kangaskhan|Kangaskhan|Kangaskhanite\n|move|p2a: Cheese|Nasty Plot|p2a: Cheese\n|-boost|p2a: Cheese|spa|2\n|move|p1a: Kangaskhan|Fire Punch|p2a: Cheese\n|-supereffective|p2a: Cheese\n|-damage|p2a: Cheese|35\/100\n|-enditem|p2a: Cheese|Air Balloon\n|-supereffective|p2a: Cheese\n|-damage|p2a: Cheese|20\/100\n|-hitcount|p2a: Cheese|2\n|\n|upkeep\n|turn|2\n|\n|t:|1699403432\n|move|p1a: Kangaskhan|Sucker Punch|p2a: Cheese\n|-supereffective|p2a: Cheese\n|-damage|p2a: Cheese|0 fnt\n|faint|p2a: Cheese\n|-hitcount|p2: Cheese|1\n|\n|upkeep\n|\n|t:|1699403437\n|switch|p2a: Metal Cheese|Iron Leaves|100\/100\n|-enditem|p2a: Metal Cheese|Booster Energy\n|-activate|p2a: Metal Cheese|ability: Quark Drive|[fromitem]\n|-start|p2a: Metal Cheese|quarkdriveatk\n|turn|3\n|\n|t:|1699403451\n|move|p1a: Kangaskhan|Sucker Punch|p2a: Metal Cheese\n|-supereffective|p2a: Metal Cheese\n|-damage|p2a: Metal Cheese|41\/100\n|-supereffective|p2a: Metal Cheese\n|-damage|p2a: Metal Cheese|26\/100\n|-hitcount|p2a: Metal Cheese|2\n|move|p2a: Metal Cheese|Wild Charge|p1a: Kangaskhan\n|-damage|p1a: Kangaskhan|70\/100\n|-damage|p2a: Metal Cheese|17\/100|[from] Recoil\n|\n|upkeep\n|turn|4\n|\n|t:|1699403462\n|move|p2a: Metal Cheese|Psyblade|p1a: Kangaskhan\n|-damage|p1a: Kangaskhan|24\/100\n|move|p1a: Kangaskhan|Power-Up Punch|p2a: Metal Cheese\n|-resisted|p2a: Metal Cheese\n|-damage|p2a: Metal Cheese|8\/100\n|-boost|p1a: Kangaskhan|atk|1\n|-resisted|p2a: Metal Cheese\n|-damage|p2a: Metal Cheese|4\/100\n|-boost|p1a: Kangaskhan|atk|1\n|-hitcount|p2a: Metal Cheese|2\n|\n|upkeep\n|turn|5\n|\n|t:|1699403472\n|move|p1a: Kangaskhan|Sucker Punch|p2a: Metal Cheese\n|-supereffective|p2a: Metal Cheese\n|-damage|p2a: Metal Cheese|0 fnt\n|faint|p2a: Metal Cheese\n|-end|p2a: Metal Cheese|Quark Drive|[silent]\n|-hitcount|p2: Metal Cheese|1\n|\n|upkeep\n|\n|t:|1699403525\n|switch|p2a: Poison cheese|Clodsire, M|100\/100\n|turn|6\n|j| hisuian greninja\n|c| hisuian greninja|STHAP THE GENGAS KHAN!!!!\n|c| hisuian greninja|er\n|c| hisuian greninja|KANGASKHAN\n|c| hisuian greninja|the reason jhengis khan is a single parent is cause its dad left for the milk\n|\n|t:|1699403651\n|move|p1a: Kangaskhan|Fire Punch|p2a: Poison cheese\n|-crit|p2a: Poison cheese\n|-damage|p2a: Poison cheese|13\/100\n|-damage|p2a: Poison cheese|0 fnt\n|faint|p2a: Poison cheese\n|-hitcount|p2: Poison cheese|2\n|\n|upkeep\n|\n|t:|1699403658\n|switch|p2a: Ghostly cheese|Basculegion, M, shiny|100\/100\n|turn|7\n|\n|t:|1699403671\n|move|p2a: Ghostly cheese|Aqua Jet|p1a: Kangaskhan\n|-damage|p1a: Kangaskhan|0 fnt\n|faint|p1a: Kangaskhan\n|\n|upkeep\n|\n|t:|1699403677\n|switch|p1a: Slowking|Slowking-Galar, M, shiny|100\/100\n|turn|8\n|j| chikaslim\n|\n|t:|1699403685\n|move|p2a: Ghostly cheese|Aqua Jet|p1a: Slowking\n|-damage|p1a: Slowking|71\/100\n|move|p1a: Slowking|Chilly Reception|p1a: Slowking\n|-weather|Snow\n|\n|t:|1699403687\n|switch|p1a: Articuno|Articuno, shiny|100\/100|[from] Chilly Reception\n|-ability|p1a: Articuno|Pressure\n|\n|-weather|Snow|[upkeep]\n|upkeep\n|turn|9\n|c| hisuian greninja|YAAAAAAAAAAAAAAAAAAAAAAAAAAAAAAAAAAAAAAAAAAAAAAAAAAAAAAAAAAAAAAAAAAAAAAAAAAAAAAAAAAAAAAAAAAAAAAAAAAAAAAAAAAAAAAAAAAAAAAAAAAY\n|\n|t:|1699403695\n|switch|p2a: Is this cheese?|Samurott-Hisui, F|100\/100\n|move|p1a: Articuno|Reflect|p1a: Articuno\n|-sidestart|p1: hackilla15|Reflect\n|\n|-weather|Snow|[upkeep]\n|upkeep\n|turn|10\n|\n|t:|1699403705\n|move|p2a: Is this cheese?|Ceaseless Edge|p1a: Articuno\n|-damage|p1a: Articuno|89\/100\n|-sidestart|p1: hackilla15|Spikes\n|move|p1a: Articuno|Tailwind|p1a: Articuno\n|-sidestart|p1: hackilla15|move: Tailwind\n|\n|-weather|Snow|[upkeep]\n|upkeep\n|turn|11\n|\n|t:|1699403714\n|move|p1a: Articuno|Freeze-Dry|p2a: Is this cheese?\n|-supereffective|p2a: Is this cheese?\n|-damage|p2a: Is this cheese?|22\/100\n|move|p2a: Is this cheese?|Swords Dance|p2a: Is this cheese?\n|-boost|p2a: Is this cheese?|atk|2\n|\n|-weather|Snow|[upkeep]\n|upkeep\n|turn|12\n|\n|t:|1699403724\n|move|p1a: Articuno|Freeze-Dry|p2a: Is this cheese?\n|-supereffective|p2a: Is this cheese?\n|-damage|p2a: Is this cheese?|0 fnt\n|faint|p2a: Is this cheese?\n|\n|-weather|Snow|[upkeep]\n|upkeep\n|\n|t:|1699403733\n|switch|p2a: Fairy Cheese|Sylveon, F, shiny|100\/100\n|turn|13\n|\n|t:|1699403738\n|move|p1a: Articuno|Light Screen|p1a: Articuno\n|-sidestart|p1: hackilla15|move: Light Screen\n|move|p2a: Fairy Cheese|Hyper Voice|p1a: Articuno\n|-damage|p1a: Articuno|75\/100\n|\n|-weather|Snow|[upkeep]\n|-sideend|p1: hackilla15|move: Tailwind\n|upkeep\n|turn|14\n|c| chikaslim|Did dad went to buy milk to make cheese?\n|c|\u2606Phantomtheabsol|.-.\n|\n|t:|1699403765\n|switch|p1a: Kyurem|Kyurem-Black, shiny|100\/100\n|-damage|p1a: Kyurem|88\/100|[from] Spikes\n|-ability|p1a: Kyurem|Teravolt\n|move|p2a: Fairy Cheese|Calm Mind|p2a: Fairy Cheese\n|-boost|p2a: Fairy Cheese|spa|1\n|-boost|p2a: Fairy Cheese|spd|1\n|\n|-weather|Snow|[upkeep]\n|upkeep\n|turn|15\n|c|\u2606Phantomtheabsol|WHY\n|\n|t:|1699403779\n|move|p1a: Kyurem|Icicle Spear|p2a: Fairy Cheese\n|-damage|p2a: Fairy Cheese|88\/100\n|-damage|p2a: Fairy Cheese|76\/100\n|-damage|p2a: Fairy Cheese|64\/100\n|-damage|p2a: Fairy Cheese|52\/100\n|-hitcount|p2a: Fairy Cheese|4\n|move|p2a: Fairy Cheese|Hyper Voice|p1a: Kyurem\n|-supereffective|p1a: Kyurem\n|-damage|p1a: Kyurem|39\/100\n|\n|-weather|none\n|-heal|p2a: Fairy Cheese|58\/100|[from] item: Leftovers\n|upkeep\n|turn|16\n|c|\u2606Phantomtheabsol|JUST WHY\n|\n|t:|1699403794\n|switch|p1a: Slowking|Slowking-Galar, M, shiny|100\/100\n|-damage|p1a: Slowking|88\/100|[from] Spikes\n|move|p2a: Fairy Cheese|Hyper Voice|p1a: Slowking\n|-resisted|p1a: Slowking\n|-damage|p1a: Slowking|78\/100\n|\n|-heal|p2a: Fairy Cheese|64\/100|[from] item: Leftovers\n|-sideend|p1: hackilla15|Reflect\n|upkeep\n|turn|17\n|\n|t:|1699403809\n|switch|p2a: Ghostly cheese|Basculegion, M, shiny|100\/100\n|move|p1a: Slowking|Chilly Reception|p1a: Slowking\n|-weather|Snow\n|\n|t:|1699403814\n|switch|p1a: Kyurem|Kyurem-Black, shiny|39\/100|[from] Chilly Reception\n|-damage|p1a: Kyurem|27\/100|[from] Spikes\n|-ability|p1a: Kyurem|Teravolt\n|\n|-weather|Snow|[upkeep]\n|upkeep\n|turn|18\n|c| hisuian greninja|yeah\n|j| The Mr Man 3.0\n|l| The Mr Man 3.0\n|\n|t:|1699403832\n|-terastallize|p1a: Kyurem|Dragon\n|move|p2a: Ghostly cheese|Phantom Force||[still]\n|-prepare|p2a: Ghostly cheese|Phantom Force\n|move|p1a: Kyurem|Scale Shot|p2a: Ghostly cheese|[miss]\n|-miss|p1a: Kyurem|p2a: Ghostly cheese\n|\n|-weather|Snow|[upkeep]\n|upkeep\n|turn|19\n|c| hisuian greninja|he is out of the picture\n|\n|t:|1699403839\n|switch|p1a: Lugia|Lugia, shiny|100\/100\n|move|p2a: Ghostly cheese|Phantom Force|p1a: Lugia|[from]lockedmove\n|-supereffective|p1a: Lugia\n|-damage|p1a: Lugia|62\/100\n|\n|-weather|Snow|[upkeep]\n|upkeep\n|turn|20\n|\n|t:|1699403845\n|move|p2a: Ghostly cheese|Phantom Force||[still]\n|-prepare|p2a: Ghostly cheese|Phantom Force\n|move|p1a: Lugia|Roost|p1a: Lugia\n|-heal|p1a: Lugia|100\/100\n|-singleturn|p1a: Lugia|move: Roost\n|\n|-weather|Snow|[upkeep]\n|-sideend|p1: hackilla15|move: Light Screen\n|upkeep\n|turn|21\n|\n|t:|1699403851\n|move|p2a: Ghostly cheese|Phantom Force|p1a: Lugia|[from]lockedmove\n|-supereffective|p1a: Lugia\n|-damage|p1a: Lugia|60\/100\n|move|p1a: Lugia|Toxic|p2a: Ghostly cheese|[miss]\n|-miss|p1a: Lugia|p2a: Ghostly cheese\n|\n|-weather|Snow|[upkeep]\n|upkeep\n|turn|22\n|\n|t:|1699403860\n|-terastallize|p2a: Ghostly cheese|Water\n|move|p2a: Ghostly cheese|Phantom Force||[still]\n|-prepare|p2a: Ghostly cheese|Phantom Force\n|move|p1a: Lugia|Roost|p1a: Lugia\n|-heal|p1a: Lugia|100\/100\n|-singleturn|p1a: Lugia|move: Roost\n|\n|-weather|Snow|[upkeep]\n|upkeep\n|turn|23\n|c|\u2606Phantomtheabsol|I hate this stupid lugia\n|\n|t:|1699403877\n|move|p2a: Ghostly cheese|Phantom Force|p1a: Lugia|[from]lockedmove\n|-supereffective|p1a: Lugia\n|-damage|p1a: Lugia|60\/100\n|move|p1a: Lugia|Aeroblast|p2a: Ghostly cheese\n|-crit|p2a: Ghostly cheese\n|-damage|p2a: Ghostly cheese|32\/100\n|\n|-weather|Snow|[upkeep]\n|upkeep\n|turn|24\n|\n|t:|1699403889\n|move|p2a: Ghostly cheese|Phantom Force||[still]\n|-prepare|p2a: Ghostly cheese|Phantom Force\n|move|p1a: Lugia|Roost|p1a: Lugia\n|-heal|p1a: Lugia|100\/100\n|-singleturn|p1a: Lugia|move: Roost\n|\n|-weather|none\n|upkeep\n|turn|25\n|-message|Phantomtheabsol forfeited.\n|\n|win|hackilla15\n|raw|hackilla15's rating: 1188 &rarr; <strong>1206<\/strong><br \/>(+18 for winning)\n|raw|Phantomtheabsol's rating: 1081 &rarr; <strong>1065<\/strong><br \/>(-16 for losing)\n|l|\u2606Phantomtheabsol\n|c|\u2606hackilla15|Gg\n|c| hisuian greninja|NOOOOOOOOOOOOOOOOOOOOOOOOOOOOOOOOOOOOOOOOOOOOOOOOOOOOOOOOOOOOOOOOOOOOOOO\n|c| hisuian greninja|eh whatevs\n|c| hisuian greninja|wanna battle\n|c|\u2606hackilla15|Sure\n","uploadtime":1699403948,"views":9,"p1id":"hackilla15","p2id":"phantomtheabsol","formatid":"gen9nationaldexubers","rating":1065,"private":0,"password":""}