{"id":"gen9nationaldexubers-1993313189","p1":"GeorgiaEternatuss","p2":"realerthanu","format":"[Gen 9] National Dex Ubers","log":"|j|\u2606GeorgiaEternatuss\n|j|\u2606realerthanu\n|t:|1700296112\n|gametype|singles\n|player|p1|GeorgiaEternatuss|steven|1354\n|player|p2|realerthanu|bellelba|1208\n|teamsize|p1|6\n|teamsize|p2|6\n|gen|9\n|tier|[Gen 9] National Dex Ubers\n|rated|\n|rule|HP Percentage Mod: HP is shown in percentages\n|rule|Endless Battle Clause: Forcing endless battles is banned\n|rule|OHKO Clause: OHKO moves are banned\n|rule|Evasion Moves Clause: Evasion moves are banned\n|rule|Evasion Items Clause: Evasion items are banned\n|rule|Species Clause: Limit one of each Pok\u00e9mon\n|rule|Sleep Clause Mod: Limit one foe put to sleep\n|rule|Mega Rayquaza Clause: You cannot mega evolve Rayquaza\n|clearpoke\n|poke|p1|Xerneas-*|\n|poke|p1|Zapdos|\n|poke|p1|Umbreon, F|\n|poke|p1|Marshadow|\n|poke|p1|Diancie|\n|poke|p1|Celesteela|\n|poke|p2|Flutter Mane|\n|poke|p2|Dialga-Origin|\n|poke|p2|Zacian-*|\n|poke|p2|Rayquaza|\n|poke|p2|Groudon|\n|poke|p2|Kyogre|\n|teampreview\n|\n|t:|1700296123\n|start\n|switch|p1a: Zapdos|Zapdos|100\/100\n|switch|p2a: Dale|Dialga-Origin, shiny|100\/100\n|-ability|p2a: Dale|Pressure\n|turn|1\n|\n|t:|1700296133\n|move|p1a: Zapdos|Volt Switch|p2a: Dale\n|-resisted|p2a: Dale\n|-damage|p2a: Dale|88\/100\n|\n|t:|1700296138\n|switch|p1a: Umbreon|Umbreon, F|100\/100|[from] Volt Switch\n|move|p2a: Dale|Ice Beam|p1a: Umbreon\n|-damage|p1a: Umbreon|83\/100\n|\n|-heal|p1a: Umbreon|89\/100|[from] item: Leftovers\n|upkeep\n|turn|2\n|\n|t:|1700296149\n|move|p2a: Dale|Body Press|p1a: Umbreon\n|-supereffective|p1a: Umbreon\n|-damage|p1a: Umbreon|41\/100\n|move|p1a: Umbreon|Wish|p1a: Umbreon\n|\n|-heal|p1a: Umbreon|47\/100|[from] item: Leftovers\n|upkeep\n|turn|3\n|\n|t:|1700296157\n|move|p1a: Umbreon|Protect|p1a: Umbreon\n|-singleturn|p1a: Umbreon|Protect\n|move|p2a: Dale|Body Press|p1a: Umbreon\n|-activate|p1a: Umbreon|move: Protect\n|\n|-heal|p1a: Umbreon|97\/100|[from] move: Wish|[wisher] Umbreon\n|-heal|p1a: Umbreon|100\/100|[from] item: Leftovers\n|upkeep\n|turn|4\n|\n|t:|1700296173\n|switch|p1a: Celesteela|Celesteela|100\/100\n|move|p2a: Dale|Thunderbolt|p1a: Celesteela\n|-supereffective|p1a: Celesteela\n|-damage|p1a: Celesteela|31\/100\n|\n|-heal|p1a: Celesteela|37\/100|[from] item: Leftovers\n|upkeep\n|turn|5\n|\n|t:|1700296182\n|switch|p1a: Umbreon|Umbreon, F|100\/100\n|move|p2a: Dale|Thunderbolt|p1a: Umbreon\n|-damage|p1a: Umbreon|83\/100\n|\n|-heal|p1a: Umbreon|89\/100|[from] item: Leftovers\n|upkeep\n|turn|6\n|\n|t:|1700296191\n|move|p2a: Dale|Body Press|p1a: Umbreon\n|-supereffective|p1a: Umbreon\n|-damage|p1a: Umbreon|46\/100\n|move|p1a: Umbreon|Wish|p1a: Umbreon\n|\n|-heal|p1a: Umbreon|52\/100|[from] item: Leftovers\n|upkeep\n|turn|7\n|\n|t:|1700296199\n|move|p1a: Umbreon|Protect|p1a: Umbreon\n|-singleturn|p1a: Umbreon|Protect\n|move|p2a: Dale|Thunderbolt|p1a: Umbreon\n|-activate|p1a: Umbreon|move: Protect\n|\n|-heal|p1a: Umbreon|100\/100|[from] move: Wish|[wisher] Umbreon\n|upkeep\n|turn|8\n|\n|t:|1700296216\n|switch|p2a: Hank|Zacian-Crowned|100\/100\n|-ability|p2a: Hank|Intrepid Sword|boost\n|-boost|p2a: Hank|atk|1\n|move|p1a: Umbreon|Wish|p1a: Umbreon\n|\n|upkeep\n|turn|9\n|\n|t:|1700296226\n|switch|p1a: Zapdos|Zapdos|100\/100\n|move|p2a: Hank|Trailblaze|p1a: Zapdos\n|-resisted|p1a: Zapdos\n|-damage|p1a: Zapdos|90\/100\n|-boost|p2a: Hank|spe|1\n|-damage|p2a: Hank|84\/100|[from] item: Rocky Helmet|[of] p1a: Zapdos\n|\n|-heal|p1a: Zapdos|100\/100|[from] move: Wish|[wisher] Umbreon\n|upkeep\n|turn|10\n|\n|t:|1700296242\n|switch|p2a: Bill|Groudon, shiny|100\/100\n|detailschange|p2a: Bill|Groudon-Primal, shiny\n|-primal|p2a: Bill|Red Orb\n|-weather|DesolateLand|[from] ability: Desolate Land|[of] p2a: Bill\n|move|p1a: Zapdos|Volt Switch|p2a: Bill\n|-immune|p2a: Bill\n|\n|-weather|DesolateLand|[upkeep]\n|upkeep\n|turn|11\n|\n|t:|1700296252\n|move|p2a: Bill|Bulk Up|p2a: Bill\n|-boost|p2a: Bill|atk|1\n|-boost|p2a: Bill|def|1\n|move|p1a: Zapdos|Whirlwind|p2a: Bill\n|-weather|none\n|drag|p2a: Redcorn|Flutter Mane|100\/100\n|-enditem|p2a: Redcorn|Booster Energy\n|-activate|p2a: Redcorn|ability: Protosynthesis|[fromitem]\n|-start|p2a: Redcorn|protosynthesisspd\n|\n|upkeep\n|turn|12\n|\n|t:|1700296266\n|move|p2a: Redcorn|Taunt|p1a: Zapdos\n|-start|p1a: Zapdos|move: Taunt\n|move|p1a: Zapdos|Volt Switch|p2a: Redcorn\n|-damage|p2a: Redcorn|81\/100\n|\n|t:|1700296275\n|switch|p1a: Xerneas|Xerneas|100\/100|[from] Volt Switch\n|-ability|p1a: Xerneas|Fairy Aura\n|\n|upkeep\n|turn|13\n|\n|t:|1700296282\n|move|p2a: Redcorn|Mystical Fire|p1a: Xerneas\n|-damage|p1a: Xerneas|82\/100\n|-unboost|p1a: Xerneas|spa|1\n|move|p1a: Xerneas|Geomancy||[still]\n|-prepare|p1a: Xerneas|Geomancy\n|-enditem|p1a: Xerneas|Power Herb\n|-anim|p1a: Xerneas|Geomancy|p1a: Xerneas\n|-boost|p1a: Xerneas|spa|2\n|-boost|p1a: Xerneas|spd|2\n|-boost|p1a: Xerneas|spe|2\n|\n|upkeep\n|turn|14\n|\n|t:|1700296295\n|-terastallize|p1a: Xerneas|Fairy\n|move|p1a: Xerneas|Moonblast|p2a: Redcorn\n|-damage|p2a: Redcorn|0 fnt\n|faint|p2a: Redcorn\n|-end|p2a: Redcorn|Protosynthesis|[silent]\n|\n|upkeep\n|\n|t:|1700296305\n|switch|p2a: Hank|Zacian-Crowned|84\/100\n|turn|15\n|\n|t:|1700296318\n|move|p1a: Xerneas|Focus Blast|p2a: Hank\n|-damage|p2a: Hank|22\/100\n|move|p2a: Hank|Behemoth Blade|p1a: Xerneas\n|-supereffective|p1a: Xerneas\n|-damage|p1a: Xerneas|0 fnt\n|faint|p1a: Xerneas\n|\n|upkeep\n|\n|t:|1700296329\n|switch|p1a: Marshadow|Marshadow|100\/100\n|turn|16\n|\n|t:|1700296338\n|switch|p1a: Zapdos|Zapdos|100\/100\n|move|p2a: Hank|Play Rough|p1a: Zapdos\n|-damage|p1a: Zapdos|61\/100\n|-damage|p2a: Hank|5\/100|[from] item: Rocky Helmet|[of] p1a: Zapdos\n|\n|upkeep\n|turn|17\n|\n|t:|1700296347\n|switch|p2a: Bill|Groudon-Primal, shiny|100\/100\n|-weather|DesolateLand|[from] ability: Desolate Land|[of] p2a: Bill\n|move|p1a: Zapdos|Roost|p1a: Zapdos\n|-heal|p1a: Zapdos|100\/100\n|-singleturn|p1a: Zapdos|move: Roost\n|\n|-weather|DesolateLand|[upkeep]\n|upkeep\n|turn|18\n|\n|t:|1700296358\n|move|p2a: Bill|Heat Crash|p1a: Zapdos\n|-damage|p1a: Zapdos|2\/100\n|-damage|p2a: Bill|84\/100|[from] item: Rocky Helmet|[of] p1a: Zapdos\n|move|p1a: Zapdos|Whirlwind|p2a: Bill\n|-weather|none\n|drag|p2a: Kyogre|Kyogre, shiny|100\/100\n|detailschange|p2a: Kyogre|Kyogre-Primal, shiny\n|-primal|p2a: Kyogre|Blue Orb\n|-weather|PrimordialSea|[from] ability: Primordial Sea|[of] p2a: Kyogre\n|\n|-weather|PrimordialSea|[upkeep]\n|upkeep\n|turn|19\n|\n|t:|1700296375\n|-weather|none\n|switch|p2a: Bill|Groudon-Primal, shiny|84\/100\n|-weather|DesolateLand|[from] ability: Desolate Land|[of] p2a: Bill\n|move|p1a: Zapdos|Roost|p1a: Zapdos\n|-heal|p1a: Zapdos|52\/100\n|-singleturn|p1a: Zapdos|move: Roost\n|\n|-weather|DesolateLand|[upkeep]\n|upkeep\n|turn|20\n|\n|t:|1700296385\n|move|p1a: Zapdos|Roost|p1a: Zapdos\n|-heal|p1a: Zapdos|100\/100\n|-singleturn|p1a: Zapdos|move: Roost\n|move|p2a: Bill|Heat Crash|p1a: Zapdos\n|-damage|p1a: Zapdos|0 fnt\n|-damage|p2a: Bill|68\/100|[from] item: Rocky Helmet|[of] p1a: Zapdos\n|faint|p1a: Zapdos\n|\n|-weather|DesolateLand|[upkeep]\n|upkeep\n|\n|t:|1700296405\n|switch|p1a: Diancie|Diancie|100\/100\n|turn|21\n|\n|t:|1700296410\n|detailschange|p1a: Diancie|Diancie-Mega\n|-mega|p1a: Diancie|Diancie|Diancite\n|move|p1a: Diancie|Earth Power|p2a: Bill\n|-supereffective|p2a: Bill\n|-damage|p2a: Bill|0 fnt\n|faint|p2a: Bill\n|-weather|none\n|\n|upkeep\n|\n|t:|1700296420\n|switch|p2a: Hank|Zacian-Crowned|5\/100\n|turn|22\n|\n|t:|1700296433\n|move|p2a: Hank|Behemoth Blade|p1a: Diancie\n|-supereffective|p1a: Diancie\n|-damage|p1a: Diancie|0 fnt\n|faint|p1a: Diancie\n|\n|upkeep\n|\n|t:|1700296441\n|switch|p1a: Marshadow|Marshadow|100\/100\n|turn|23\n|\n|t:|1700296445\n|move|p1a: Marshadow|Shadow Sneak|p2a: Hank\n|-damage|p2a: Hank|0 fnt\n|faint|p2a: Hank\n|\n|upkeep\n|\n|t:|1700296473\n|switch|p2a: Kyogre|Kyogre-Primal, shiny|100\/100\n|-weather|PrimordialSea|[from] ability: Primordial Sea|[of] p2a: Kyogre\n|turn|24\n|\n|t:|1700296485\n|move|p1a: Marshadow|Spectral Thief|p2a: Kyogre\n|-damage|p2a: Kyogre|53\/100\n|move|p2a: Kyogre|Calm Mind|p2a: Kyogre\n|-boost|p2a: Kyogre|spa|1\n|-boost|p2a: Kyogre|spd|1\n|\n|-weather|PrimordialSea|[upkeep]\n|upkeep\n|turn|25\n|\n|t:|1700296494\n|move|p1a: Marshadow|Spectral Thief||[still]\n|-clearpositiveboost|p2a: Kyogre|p1a: Marshadow|move: Spectral Thief\n|-boost|p1a: Marshadow|spa|1\n|-boost|p1a: Marshadow|spd|1\n|-anim|p1a: Marshadow|Spectral Thief|p2a: Kyogre\n|-damage|p2a: Kyogre|0 fnt\n|faint|p2a: Kyogre\n|-weather|none\n|\n|upkeep\n|\n|t:|1700296513\n|switch|p2a: Bobby|Rayquaza, shiny|100\/100\n|-ability|p2a: Bobby|Air Lock\n|turn|26\n|\n|t:|1700296523\n|move|p1a: Marshadow|Spectral Thief|p2a: Bobby\n|-damage|p2a: Bobby|60\/100\n|move|p2a: Bobby|Air Slash|p1a: Marshadow\n|-supereffective|p1a: Marshadow\n|-damage|p1a: Marshadow|41\/100\n|\n|upkeep\n|turn|27\n|\n|t:|1700296539\n|switch|p1a: Umbreon|Umbreon, F|100\/100\n|move|p2a: Bobby|Air Slash|p1a: Umbreon|[miss]\n|-miss|p2a: Bobby|p1a: Umbreon\n|\n|upkeep\n|turn|28\n|\n|t:|1700296547\n|-terastallize|p2a: Bobby|Steel\n|move|p2a: Bobby|Dragon Dance|p2a: Bobby\n|-boost|p2a: Bobby|atk|1\n|-boost|p2a: Bobby|spe|1\n|move|p1a: Umbreon|Toxic|p2a: Bobby\n|-immune|p2a: Bobby\n|\n|upkeep\n|turn|29\n|\n|t:|1700296559\n|move|p2a: Bobby|Dragon Dance|p2a: Bobby\n|-boost|p2a: Bobby|atk|1\n|-boost|p2a: Bobby|spe|1\n|move|p1a: Umbreon|Wish|p1a: Umbreon\n|\n|upkeep\n|turn|30\n|\n|t:|1700296566\n|switch|p1a: Marshadow|Marshadow|41\/100\n|move|p2a: Bobby|Dragon Dance|p2a: Bobby\n|-boost|p2a: Bobby|atk|1\n|-boost|p2a: Bobby|spe|1\n|\n|-heal|p1a: Marshadow|100\/100|[from] move: Wish|[wisher] Umbreon\n|upkeep\n|turn|31\n|\n|t:|1700296576\n|move|p2a: Bobby|Dragon Claw|p1a: Marshadow\n|-enditem|p1a: Marshadow|Focus Sash\n|-damage|p1a: Marshadow|1\/100\n|move|p1a: Marshadow|Spectral Thief||[still]\n|-clearpositiveboost|p2a: Bobby|p1a: Marshadow|move: Spectral Thief\n|-boost|p1a: Marshadow|atk|3\n|-boost|p1a: Marshadow|spe|3\n|-anim|p1a: Marshadow|Spectral Thief|p2a: Bobby\n|-damage|p2a: Bobby|0 fnt\n|faint|p2a: Bobby\n|\n|upkeep\n|\n|t:|1700296589\n|switch|p2a: Dale|Dialga-Origin, shiny|88\/100\n|-ability|p2a: Dale|Pressure\n|turn|32\n|\n|t:|1700296597\n|move|p1a: Marshadow|Close Combat|p2a: Dale\n|-supereffective|p2a: Dale\n|-damage|p2a: Dale|0 fnt\n|-unboost|p1a: Marshadow|def|1\n|-unboost|p1a: Marshadow|spd|1\n|faint|p2a: Dale\n|\n|win|GeorgiaEternatuss\n|raw|GeorgiaEternatuss's rating: 1354 &rarr; <strong>1366<\/strong><br \/>(+12 for winning)\n|raw|realerthanu's rating: 1208 &rarr; <strong>1193<\/strong><br \/>(-15 for losing)\n","uploadtime":1700296607,"views":13,"p1id":"georgiaeternatuss","p2id":"realerthanu","formatid":"gen9nationaldexubers","rating":1193,"private":0,"password":""}