{"id":"gen9nationaldexubers-1982798673","p1":"David uwu35","p2":"wekelele","format":"[Gen 9] National Dex Ubers","log":"|j|\u2606David uwu35\n|j|\u2606wekelele\n|t:|1699045970\n|gametype|singles\n|player|p1|David uwu35|shadowtriad|1113\n|player|p2|wekelele|1|1130\n|teamsize|p1|5\n|teamsize|p2|6\n|gen|9\n|tier|[Gen 9] National Dex Ubers\n|rated|\n|rule|HP Percentage Mod: HP is shown in percentages\n|rule|Endless Battle Clause: Forcing endless battles is banned\n|rule|OHKO Clause: OHKO moves are banned\n|rule|Evasion Moves Clause: Evasion moves are banned\n|rule|Evasion Items Clause: Evasion items are banned\n|rule|Species Clause: Limit one of each Pok\u00e9mon\n|rule|Sleep Clause Mod: Limit one foe put to sleep\n|rule|Mega Rayquaza Clause: You cannot mega evolve Rayquaza\n|clearpoke\n|poke|p1|Espathra, F|\n|poke|p1|Lilligant-Hisui, F|\n|poke|p1|Magearna|\n|poke|p1|Chien-Pao|\n|poke|p1|Quaquaval, F|\n|poke|p2|Groudon|\n|poke|p2|Regieleki|\n|poke|p2|Salamence, M|\n|poke|p2|Zacian-*|\n|poke|p2|Kyogre|\n|poke|p2|Arceus|\n|teampreview\n|\n|t:|1699045976\n|start\n|switch|p1a: Espathra|Espathra, F|100\/100\n|switch|p2a: Arceus|Arceus, shiny|100\/100\n|turn|1\n|\n|t:|1699045986\n|-terastallize|p1a: Espathra|Fairy\n|move|p1a: Espathra|Calm Mind|p1a: Espathra\n|-boost|p1a: Espathra|spa|1\n|-boost|p1a: Espathra|spd|1\n|move|p2a: Arceus|Stealth Rock|p1a: Espathra\n|-sidestart|p1: David uwu35|move: Stealth Rock\n|\n|-ability|p1a: Espathra|Speed Boost|boost\n|-boost|p1a: Espathra|spe|1\n|upkeep\n|turn|2\n|\n|t:|1699045997\n|move|p1a: Espathra|Calm Mind|p1a: Espathra\n|-boost|p1a: Espathra|spa|1\n|-boost|p1a: Espathra|spd|1\n|move|p2a: Arceus|Electric Terrain|p2a: Arceus\n|-fieldstart|move: Electric Terrain\n|\n|-ability|p1a: Espathra|Speed Boost|boost\n|-boost|p1a: Espathra|spe|1\n|upkeep\n|turn|3\n|\n|t:|1699046006\n|move|p1a: Espathra|Stored Power|p2a: Arceus\n|-damage|p2a: Arceus|15\/100\n|-enditem|p2a: Arceus|Aguav Berry|[eat]\n|-heal|p2a: Arceus|48\/100|[from] item: Aguav Berry\n|move|p2a: Arceus|Draco Meteor|p1a: Espathra\n|-immune|p1a: Espathra\n|\n|-ability|p1a: Espathra|Speed Boost|boost\n|-boost|p1a: Espathra|spe|1\n|upkeep\n|turn|4\n|\n|t:|1699046018\n|move|p1a: Espathra|Stored Power|p2a: Arceus\n|-damage|p2a: Arceus|0 fnt\n|faint|p2a: Arceus\n|\n|-ability|p1a: Espathra|Speed Boost|boost\n|-boost|p1a: Espathra|spe|1\n|upkeep\n|\n|t:|1699046025\n|switch|p2a: Regieleki|Regieleki, shiny|100\/100\n|turn|5\n|\n|t:|1699046030\n|-terastallize|p2a: Regieleki|Electric\n|move|p1a: Espathra|Stored Power|p2a: Regieleki\n|-damage|p2a: Regieleki|0 fnt\n|faint|p2a: Regieleki\n|\n|-ability|p1a: Espathra|Speed Boost|boost\n|-boost|p1a: Espathra|spe|1\n|upkeep\n|\n|t:|1699046037\n|switch|p2a: Kyogre|Kyogre, shiny|100\/100\n|detailschange|p2a: Kyogre|Kyogre-Primal, shiny\n|-primal|p2a: Kyogre|Blue Orb\n|-weather|PrimordialSea|[from] ability: Primordial Sea|[of] p2a: Kyogre\n|turn|6\n|\n|t:|1699046045\n|move|p1a: Espathra|Calm Mind|p1a: Espathra\n|-boost|p1a: Espathra|spa|1\n|-boost|p1a: Espathra|spd|1\n|move|p2a: Kyogre|Ice Beam|p1a: Espathra\n|-damage|p1a: Espathra|77\/100\n|\n|-weather|PrimordialSea|[upkeep]\n|-heal|p1a: Espathra|83\/100|[from] item: Leftovers\n|-fieldend|move: Electric Terrain\n|-ability|p1a: Espathra|Speed Boost|boost\n|-boost|p1a: Espathra|spe|1\n|upkeep\n|turn|7\n|\n|t:|1699046055\n|move|p1a: Espathra|Calm Mind|p1a: Espathra\n|-boost|p1a: Espathra|spa|1\n|-boost|p1a: Espathra|spd|1\n|move|p2a: Kyogre|Water Spout|p1a: Espathra\n|-damage|p1a: Espathra|6\/100\n|\n|-weather|PrimordialSea|[upkeep]\n|-heal|p1a: Espathra|12\/100|[from] item: Leftovers\n|upkeep\n|turn|8\n|\n|t:|1699046065\n|move|p1a: Espathra|Stored Power|p2a: Kyogre\n|-damage|p2a: Kyogre|0 fnt\n|faint|p2a: Kyogre\n|-weather|none\n|\n|-heal|p1a: Espathra|18\/100|[from] item: Leftovers\n|upkeep\n|-message|wekelele forfeited.\n|\n|win|David uwu35\n|raw|David uwu35's rating: 1113 &rarr; <strong>1139<\/strong><br \/>(+26 for winning)\n|raw|wekelele's rating: 1130 &rarr; <strong>1104<\/strong><br \/>(-26 for losing)\n|l|\u2606wekelele\n","uploadtime":1699046087,"views":8,"p1id":"daviduwu35","p2id":"wekelele","formatid":"gen9nationaldexubers","rating":1104,"private":0,"password":""}