{"id":"gen9nationaldexubers-1987196077","p1":"BigMommaBadger","p2":"PeggyPlsCallMe","format":"[Gen 9] National Dex Ubers","log":"|j|\u2606BigMommaBadger\n|j|\u2606PeggyPlsCallMe\n|t:|1699564262\n|gametype|singles\n|player|p1|BigMommaBadger|pokemonrangerf|1093\n|player|p2|PeggyPlsCallMe|169|1042\n|teamsize|p1|6\n|teamsize|p2|6\n|gen|9\n|tier|[Gen 9] National Dex Ubers\n|rated|\n|rule|HP Percentage Mod: HP is shown in percentages\n|rule|Endless Battle Clause: Forcing endless battles is banned\n|rule|OHKO Clause: OHKO moves are banned\n|rule|Evasion Moves Clause: Evasion moves are banned\n|rule|Evasion Items Clause: Evasion items are banned\n|rule|Species Clause: Limit one of each Pok\u00e9mon\n|rule|Sleep Clause Mod: Limit one foe put to sleep\n|rule|Mega Rayquaza Clause: You cannot mega evolve Rayquaza\n|clearpoke\n|poke|p1|Rillaboom, M|\n|poke|p1|Cinderace, M|\n|poke|p1|Inteleon, M|\n|poke|p1|Dragapult, M|\n|poke|p1|Zacian-*|\n|poke|p1|Moltres-Galar|\n|poke|p2|Sneasler, F|\n|poke|p2|Talonflame, M|\n|poke|p2|Iron Leaves|\n|poke|p2|Zeraora|\n|poke|p2|Walking Wake|\n|poke|p2|Hippowdon, F|\n|teampreview\n|inactive|Battle timer is ON: inactive players will automatically lose when time's up. (requested by PeggyPlsCallMe)\n|\n|t:|1699564266\n|start\n|switch|p1a: Widowmaker|Zacian-Crowned, shiny|100\/100\n|switch|p2a: Rosie O'Donnell|Hippowdon, F|100\/100\n|-ability|p1a: Widowmaker|Intrepid Sword|boost\n|-boost|p1a: Widowmaker|atk|1\n|-weather|Sandstorm|[from] ability: Sand Stream|[of] p2a: Rosie O'Donnell\n|turn|1\n|\n|t:|1699564277\n|move|p1a: Widowmaker|Swords Dance|p1a: Widowmaker\n|-boost|p1a: Widowmaker|atk|2\n|move|p2a: Rosie O'Donnell|Yawn|p1a: Widowmaker\n|-start|p1a: Widowmaker|move: Yawn|[of] p2a: Rosie O'Donnell\n|\n|-weather|Sandstorm|[upkeep]\n|upkeep\n|turn|2\n|\n|t:|1699564284\n|move|p1a: Widowmaker|Psychic Fangs|p2a: Rosie O'Donnell\n|-damage|p2a: Rosie O'Donnell|56\/100\n|move|p2a: Rosie O'Donnell|Earthquake|p1a: Widowmaker\n|-supereffective|p1a: Widowmaker\n|-damage|p1a: Widowmaker|30\/100\n|\n|-weather|Sandstorm|[upkeep]\n|-heal|p2a: Rosie O'Donnell|63\/100|[from] item: Leftovers\n|-end|p1a: Widowmaker|move: Yawn|[silent]\n|-status|p1a: Widowmaker|slp\n|upkeep\n|turn|3\n|\n|t:|1699564293\n|cant|p1a: Widowmaker|slp\n|move|p2a: Rosie O'Donnell|Earthquake|p1a: Widowmaker\n|-supereffective|p1a: Widowmaker\n|-damage|p1a: Widowmaker|0 fnt\n|faint|p1a: Widowmaker\n|\n|-weather|Sandstorm|[upkeep]\n|-heal|p2a: Rosie O'Donnell|69\/100|[from] item: Leftovers\n|upkeep\n|\n|t:|1699564296\n|switch|p1a: Funky Kong|Rillaboom, M, shiny|100\/100\n|-fieldstart|move: Grassy Terrain|[from] ability: Grassy Surge|[of] p1a: Funky Kong\n|-enditem|p1a: Funky Kong|Grassy Seed\n|-boost|p1a: Funky Kong|def|1|[from] item: Grassy Seed\n|turn|4\n|\n|t:|1699564313\n|move|p1a: Funky Kong|Drum Beating|p2a: Rosie O'Donnell\n|-supereffective|p2a: Rosie O'Donnell\n|-damage|p2a: Rosie O'Donnell|14\/100\n|-unboost|p2a: Rosie O'Donnell|spe|1\n|move|p2a: Rosie O'Donnell|Crunch|p1a: Funky Kong\n|-damage|p1a: Funky Kong|85\/100\n|\n|-weather|Sandstorm|[upkeep]\n|-damage|p1a: Funky Kong|79\/100|[from] Sandstorm\n|-heal|p1a: Funky Kong|85\/100|[from] Grassy Terrain\n|-heal|p2a: Rosie O'Donnell|20\/100|[from] Grassy Terrain\n|-heal|p2a: Rosie O'Donnell|26\/100|[from] item: Leftovers\n|upkeep\n|turn|5\n|\n|t:|1699564331\n|switch|p2a: OG Iron Kush|Iron Leaves|100\/100\n|-enditem|p2a: OG Iron Kush|Booster Energy\n|-activate|p2a: OG Iron Kush|ability: Quark Drive|[fromitem]\n|-start|p2a: OG Iron Kush|quarkdriveatk\n|move|p1a: Funky Kong|Drum Beating|p2a: OG Iron Kush\n|-resisted|p2a: OG Iron Kush\n|-crit|p2a: OG Iron Kush\n|-damage|p2a: OG Iron Kush|53\/100\n|-unboost|p2a: OG Iron Kush|spe|1\n|\n|-weather|none\n|-heal|p1a: Funky Kong|91\/100|[from] Grassy Terrain\n|-heal|p2a: OG Iron Kush|59\/100|[from] Grassy Terrain\n|upkeep\n|turn|6\n|\n|t:|1699564343\n|move|p1a: Funky Kong|Darkest Lariat|p2a: OG Iron Kush\n|-supereffective|p2a: OG Iron Kush\n|-damage|p2a: OG Iron Kush|0 fnt\n|faint|p2a: OG Iron Kush\n|-end|p2a: OG Iron Kush|Quark Drive|[silent]\n|\n|-heal|p1a: Funky Kong|98\/100|[from] Grassy Terrain\n|upkeep\n|\n|t:|1699564349\n|switch|p2a: Woodstock '99|Talonflame, M|100\/100\n|turn|7\n|\n|t:|1699564356\n|move|p2a: Woodstock '99|Flare Blitz|p1a: Funky Kong\n|-supereffective|p1a: Funky Kong\n|-crit|p1a: Funky Kong\n|-damage|p1a: Funky Kong|0 fnt\n|faint|p1a: Funky Kong\n|-damage|p2a: Woodstock '99|64\/100|[from] Recoil\n|\n|-heal|p2a: Woodstock '99|70\/100|[from] item: Leftovers\n|upkeep\n|\n|t:|1699564360\n|switch|p1a: Bubble '07|Inteleon, M, shiny|100\/100\n|turn|8\n|\n|t:|1699564365\n|move|p2a: Woodstock '99|Brave Bird|p1a: Bubble '07\n|-damage|p1a: Bubble '07|28\/100\n|-damage|p2a: Woodstock '99|47\/100|[from] Recoil\n|move|p1a: Bubble '07|Snipe Shot|p2a: Woodstock '99\n|-supereffective|p2a: Woodstock '99\n|-crit|p2a: Woodstock '99\n|-damage|p2a: Woodstock '99|0 fnt\n|faint|p2a: Woodstock '99\n|\n|-heal|p1a: Bubble '07|34\/100|[from] Grassy Terrain\n|-fieldend|move: Grassy Terrain\n|upkeep\n|\n|t:|1699564375\n|switch|p2a: Rosie O'Donnell|Hippowdon, F|26\/100\n|-weather|Sandstorm|[from] ability: Sand Stream|[of] p2a: Rosie O'Donnell\n|turn|9\n|\n|t:|1699564382\n|move|p1a: Bubble '07|Snipe Shot|p2a: Rosie O'Donnell\n|-supereffective|p2a: Rosie O'Donnell\n|-damage|p2a: Rosie O'Donnell|0 fnt\n|faint|p2a: Rosie O'Donnell\n|\n|-weather|Sandstorm|[upkeep]\n|-damage|p1a: Bubble '07|28\/100|[from] Sandstorm\n|upkeep\n|\n|t:|1699564388\n|switch|p2a: Nikola Tesla|Zeraora|100\/100\n|turn|10\n|\n|t:|1699564394\n|move|p2a: Nikola Tesla|Plasma Fists|p1a: Bubble '07\n|-supereffective|p1a: Bubble '07\n|-damage|p1a: Bubble '07|0 fnt\n|-fieldactivate|move: Ion Deluge\n|-hint|Normal-type moves become Electric-type after using Plasma Fists.\n|faint|p1a: Bubble '07\n|\n|-weather|Sandstorm|[upkeep]\n|-damage|p2a: Nikola Tesla|95\/100|[from] Sandstorm\n|upkeep\n|\n|t:|1699564398\n|switch|p1a: Bonnie|Cinderace, M, shiny|100\/100\n|turn|11\n|\n|t:|1699564409\n|-terastallize|p1a: Bonnie|Fire\n|move|p2a: Nikola Tesla|Close Combat|p1a: Bonnie\n|-damage|p1a: Bonnie|46\/100\n|-unboost|p2a: Nikola Tesla|def|1\n|-unboost|p2a: Nikola Tesla|spd|1\n|move|p1a: Bonnie|Trailblaze|p2a: Nikola Tesla\n|-damage|p2a: Nikola Tesla|60\/100\n|-boost|p1a: Bonnie|spe|1\n|\n|-weather|Sandstorm|[upkeep]\n|-damage|p1a: Bonnie|40\/100|[from] Sandstorm\n|-damage|p2a: Nikola Tesla|54\/100|[from] Sandstorm\n|-heal|p1a: Bonnie|46\/100|[from] item: Leftovers\n|upkeep\n|turn|12\n|\n|t:|1699564423\n|move|p1a: Bonnie|Blaze Kick|p2a: Nikola Tesla\n|-damage|p2a: Nikola Tesla|0 fnt\n|faint|p2a: Nikola Tesla\n|\n|-weather|Sandstorm|[upkeep]\n|-damage|p1a: Bonnie|40\/100|[from] Sandstorm\n|-heal|p1a: Bonnie|46\/100|[from] item: Leftovers\n|upkeep\n|\n|t:|1699564429\n|switch|p2a: Wake N Bake|Walking Wake|100\/100\n|-enditem|p2a: Wake N Bake|Booster Energy\n|-activate|p2a: Wake N Bake|ability: Protosynthesis|[fromitem]\n|-start|p2a: Wake N Bake|protosynthesisspe\n|turn|13\n|\n|t:|1699564434\n|move|p1a: Bonnie|Trailblaze|p2a: Wake N Bake\n|-damage|p2a: Wake N Bake|84\/100\n|-boost|p1a: Bonnie|spe|1\n|move|p2a: Wake N Bake|Hydro Steam|p1a: Bonnie\n|-supereffective|p1a: Bonnie\n|-damage|p1a: Bonnie|0 fnt\n|faint|p1a: Bonnie\n|\n|-weather|none\n|upkeep\n|\n|t:|1699564441\n|switch|p1a: Beetlejuice|Dragapult, M, shiny|100\/100\n|turn|14\n|\n|t:|1699564445\n|move|p2a: Wake N Bake|Dragon Pulse|p1a: Beetlejuice\n|-supereffective|p1a: Beetlejuice\n|-damage|p1a: Beetlejuice|18\/100\n|move|p1a: Beetlejuice|Dragon Darts|p2a: Wake N Bake\n|-supereffective|p2a: Wake N Bake\n|-crit|p2a: Wake N Bake\n|-damage|p2a: Wake N Bake|1\/100\n|-anim|p1a: Beetlejuice|Dragon Darts|p2a: Wake N Bake\n|-supereffective|p2a: Wake N Bake\n|-damage|p2a: Wake N Bake|0 fnt\n|faint|p2a: Wake N Bake\n|-end|p2a: Wake N Bake|Protosynthesis|[silent]\n|\n|upkeep\n|\n|t:|1699564454\n|switch|p2a: Nicki Minaj|Sneasler, F|100\/100\n|turn|15\n|\n|t:|1699564460\n|move|p1a: Beetlejuice|Phantom Force||[still]\n|-prepare|p1a: Beetlejuice|Phantom Force\n|move|p2a: Nicki Minaj|Lash Out|p1a: Beetlejuice|[miss]\n|-miss|p2a: Nicki Minaj|p1a: Beetlejuice\n|\n|upkeep\n|turn|16\n|\n|t:|1699564464\n|move|p1a: Beetlejuice|Phantom Force|p2a: Nicki Minaj|[from]lockedmove\n|-damage|p2a: Nicki Minaj|29\/100\n|move|p2a: Nicki Minaj|Lash Out|p1a: Beetlejuice\n|-supereffective|p1a: Beetlejuice\n|-damage|p1a: Beetlejuice|0 fnt\n|faint|p1a: Beetlejuice\n|\n|upkeep\n|\n|t:|1699564469\n|switch|p1a: Molting|Moltres-Galar, shiny|100\/100\n|turn|17\n|\n|t:|1699564475\n|move|p2a: Nicki Minaj|Dire Claw|p1a: Molting\n|-damage|p1a: Molting|48\/100\n|-status|p1a: Molting|par\n|-ability|p1a: Molting|Berserk|boost\n|-boost|p1a: Molting|spa|1\n|move|p1a: Molting|Air Slash|p2a: Nicki Minaj\n|-supereffective|p2a: Nicki Minaj\n|-damage|p2a: Nicki Minaj|0 fnt\n|faint|p2a: Nicki Minaj\n|\n|win|BigMommaBadger\n|raw|BigMommaBadger's rating: 1093 &rarr; <strong>1115<\/strong><br \/>(+22 for winning)\n|raw|PeggyPlsCallMe's rating: 1042 &rarr; <strong>1028<\/strong><br \/>(-14 for losing)\n|c|\u2606BigMommaBadger|gg\n","uploadtime":1699564489,"views":4,"p1id":"bigmommabadger","p2id":"peggyplscallme","formatid":"gen9nationaldexubers","rating":1028,"private":0,"password":""}