{"id":"gen9nationaldexubers-2000525853","p1":"Lluvasd","p2":"Halil66","format":"[Gen 9] National Dex Ubers","log":"|j|\u2606Lluvasd\n|j|\u2606Halil66\n|t:|1701202250\n|gametype|singles\n|player|p1|Lluvasd|red|1099\n|player|p2|Halil66|brock|1078\n|teamsize|p1|6\n|teamsize|p2|6\n|gen|9\n|tier|[Gen 9] National Dex Ubers\n|rated|\n|rule|HP Percentage Mod: HP is shown in percentages\n|rule|Endless Battle Clause: Forcing endless battles is banned\n|rule|OHKO Clause: OHKO moves are banned\n|rule|Evasion Moves Clause: Evasion moves are banned\n|rule|Evasion Items Clause: Evasion items are banned\n|rule|Species Clause: Limit one of each Pok\u00e9mon\n|rule|Sleep Clause Mod: Limit one foe put to sleep\n|rule|Mega Rayquaza Clause: You cannot mega evolve Rayquaza\n|clearpoke\n|poke|p1|Silvally-*|\n|poke|p1|Greninja-*, M|\n|poke|p1|Kyogre|\n|poke|p1|Lugia|\n|poke|p1|Pelipper, F|\n|poke|p1|Swampert, M|\n|poke|p2|Charizard, M|\n|poke|p2|Kyurem-White|\n|poke|p2|Darkrai|\n|poke|p2|Melmetal|\n|poke|p2|Latios, M|\n|poke|p2|Lugia|\n|teampreview\n|inactive|Battle timer is ON: inactive players will automatically lose when time's up. (requested by Halil66)\n|inactive|Halil66 has 120 seconds left.\n|\n|t:|1701202289\n|start\n|switch|p1a: Silvally|Silvally-Water|100\/100\n|switch|p2a: Melmetal|Melmetal|100\/100\n|turn|1\n|\n|t:|1701202304\n|switch|p1a: Pelipper|Pelipper, F|100\/100\n|-weather|RainDance|[from] ability: Drizzle|[of] p1a: Pelipper\n|move|p2a: Melmetal|Thunder Punch|p1a: Pelipper\n|-supereffective|p1a: Pelipper\n|-damage|p1a: Pelipper|0 fnt\n|faint|p1a: Pelipper\n|\n|-weather|RainDance|[upkeep]\n|upkeep\n|\n|t:|1701202312\n|switch|p1a: Swampert|Swampert, M|100\/100\n|turn|2\n|inactive|Halil66 has 120 seconds left.\n|\n|t:|1701202366\n|switch|p2a: Kyurem|Kyurem-White|100\/100\n|-ability|p2a: Kyurem|Turboblaze\n|detailschange|p1a: Swampert|Swampert-Mega, M\n|-mega|p1a: Swampert|Swampert|Swampertite\n|move|p1a: Swampert|Earthquake|p2a: Kyurem\n|-damage|p2a: Kyurem|42\/100\n|\n|-weather|RainDance|[upkeep]\n|upkeep\n|turn|3\n|inactive|Halil66 has 90 seconds left.\n|\n|t:|1701202391\n|move|p1a: Swampert|Earthquake|p2a: Kyurem\n|-damage|p2a: Kyurem|0 fnt\n|faint|p2a: Kyurem\n|\n|-weather|RainDance|[upkeep]\n|upkeep\n|inactive|Halil66 has 90 seconds left.\n|\n|t:|1701202400\n|switch|p2a: Latios|Latios, M|100\/100\n|turn|4\n|\n|t:|1701202405\n|-terastallize|p2a: Latios|Grass\n|move|p1a: Swampert|Ice Punch|p2a: Latios\n|-supereffective|p2a: Latios\n|-damage|p2a: Latios|19\/100\n|move|p2a: Latios|Energy Ball|p1a: Swampert\n|-supereffective|p1a: Swampert\n|-damage|p1a: Swampert|0 fnt\n|faint|p1a: Swampert\n|\n|-weather|RainDance|[upkeep]\n|upkeep\n|\n|t:|1701202422\n|switch|p1a: Greninja|Greninja, M|100\/100\n|turn|5\n|\n|t:|1701202445\n|switch|p2a: Melmetal|Melmetal|100\/100\n|move|p1a: Greninja|Ice Beam|p2a: Melmetal\n|-resisted|p2a: Melmetal\n|-damage|p2a: Melmetal|92\/100\n|\n|-weather|none\n|upkeep\n|turn|6\n|inactive|Halil66 has 90 seconds left.\n|inactive|Lluvasd has 120 seconds left.\n|\n|t:|1701202482\n|switch|p1a: Kyogre|Kyogre|100\/100\n|detailschange|p1a: Kyogre|Kyogre-Primal\n|-primal|p1a: Kyogre|Blue Orb\n|-weather|PrimordialSea|[from] ability: Primordial Sea|[of] p1a: Kyogre\n|move|p2a: Melmetal|Thunder Punch|p1a: Kyogre\n|-supereffective|p1a: Kyogre\n|-damage|p1a: Kyogre|19\/100\n|\n|-weather|PrimordialSea|[upkeep]\n|upkeep\n|turn|7\n|inactive|Lluvasd has 120 seconds left.\n|inactive|Halil66 has 90 seconds left.\n|\n|t:|1701202503\n|move|p1a: Kyogre|Origin Pulse|p2a: Melmetal\n|-damage|p2a: Melmetal|8\/100\n|move|p2a: Melmetal|Thunder Punch|p1a: Kyogre\n|-supereffective|p1a: Kyogre\n|-damage|p1a: Kyogre|0 fnt\n|faint|p1a: Kyogre\n|-weather|none\n|\n|upkeep\n|inactive|Lluvasd has 120 seconds left.\n|\n|t:|1701202517\n|switch|p1a: Silvally|Silvally-Water|100\/100\n|turn|8\n|inactive|Lluvasd has 120 seconds left.\n|inactive|Halil66 has 90 seconds left.\n|\n|t:|1701202543\n|move|p1a: Silvally|Dragon Claw|p2a: Melmetal\n|-resisted|p2a: Melmetal\n|-damage|p2a: Melmetal|2\/100\n|move|p2a: Melmetal|Thunder Punch|p1a: Silvally\n|-supereffective|p1a: Silvally\n|-damage|p1a: Silvally|24\/100\n|\n|upkeep\n|turn|9\n|inactive|Lluvasd has 120 seconds left.\n|inactive|Halil66 has 60 seconds left.\n|\n|t:|1701202565\n|move|p1a: Silvally|Dragon Claw|p2a: Melmetal\n|-resisted|p2a: Melmetal\n|-damage|p2a: Melmetal|0 fnt\n|faint|p2a: Melmetal\n|\n|upkeep\n|inactive|Halil66 has 60 seconds left.\n|\n|t:|1701202576\n|switch|p2a: Latios|Latios, M, tera:Grass|19\/100\n|turn|10\n|inactive|Halil66 has 60 seconds left.\n|\n|t:|1701202585\n|move|p2a: Latios|Energy Ball|p1a: Silvally\n|-supereffective|p1a: Silvally\n|-damage|p1a: Silvally|0 fnt\n|faint|p1a: Silvally\n|\n|upkeep\n|\n|t:|1701202592\n|switch|p1a: Greninja|Greninja, M|100\/100\n|turn|11\n|\n|t:|1701202602\n|switch|p2a: Shadow Lugia|Lugia, shiny|100\/100\n|move|p1a: Greninja|Ice Beam|p2a: Shadow Lugia\n|-supereffective|p2a: Shadow Lugia\n|-damage|p2a: Shadow Lugia|86\/100\n|-enditem|p2a: Shadow Lugia|Weakness Policy\n|-boost|p2a: Shadow Lugia|atk|2|[from] item: Weakness Policy\n|-boost|p2a: Shadow Lugia|spa|2|[from] item: Weakness Policy\n|\n|upkeep\n|turn|12\n|inactive|Halil66 has 60 seconds left.\n|\n|t:|1701202630\n|move|p1a: Greninja|Water Shuriken|p2a: Shadow Lugia\n|-damage|p2a: Shadow Lugia|82\/100\n|-damage|p2a: Shadow Lugia|78\/100\n|-hitcount|p2a: Shadow Lugia|2\n|move|p2a: Shadow Lugia|Aeroblast|p1a: Greninja\n|-enditem|p1a: Greninja|Focus Sash\n|-damage|p1a: Greninja|1\/100\n|\n|upkeep\n|turn|13\n|\n|t:|1701202641\n|move|p1a: Greninja|Water Shuriken|p2a: Shadow Lugia\n|-damage|p2a: Shadow Lugia|74\/100\n|-damage|p2a: Shadow Lugia|70\/100\n|-hitcount|p2a: Shadow Lugia|2\n|move|p2a: Shadow Lugia|Recover|p2a: Shadow Lugia\n|-heal|p2a: Shadow Lugia|100\/100\n|\n|upkeep\n|turn|14\n|-message|Lluvasd forfeited.\n|\n|win|Halil66\n|raw|Lluvasd's rating: 1099 &rarr; <strong>1073<\/strong><br \/>(-26 for losing)\n|raw|Halil66's rating: 1078 &rarr; <strong>1108<\/strong><br \/>(+30 for winning)\n|l|\u2606Lluvasd\n","uploadtime":1701202665,"views":1,"p1id":"lluvasd","p2id":"halil66","formatid":"gen9nationaldexubers","rating":1073,"private":0,"password":""}