{"id":"gen9nationaldexubers-1989075717","p1":"Yeetmaneat42069","p2":"Catisbest8","format":"[Gen 9] National Dex Ubers","log":"|j|\u2606Yeetmaneat42069\n|j|\u2606Catisbest8\n|t:|1699809514\n|gametype|singles\n|player|p1|Yeetmaneat42069|265|\n|player|p2|Catisbest8|102|\n|teamsize|p1|6\n|teamsize|p2|6\n|gen|9\n|tier|[Gen 9] National Dex Ubers\n|rule|HP Percentage Mod: HP is shown in percentages\n|rule|Endless Battle Clause: Forcing endless battles is banned\n|rule|OHKO Clause: OHKO moves are banned\n|rule|Evasion Moves Clause: Evasion moves are banned\n|rule|Evasion Items Clause: Evasion items are banned\n|rule|Species Clause: Limit one of each Pok\u00e9mon\n|rule|Sleep Clause Mod: Limit one foe put to sleep\n|rule|Mega Rayquaza Clause: You cannot mega evolve Rayquaza\n|clearpoke\n|poke|p1|Dewgong, F|\n|poke|p1|Kingler, F|\n|poke|p1|Grimmsnarl, M|\n|poke|p1|Kecleon, M|\n|poke|p1|Oricorio, F|\n|poke|p1|Slurpuff, M|\n|poke|p2|Leavanny, F|\n|poke|p2|Emboar, F|\n|poke|p2|Sneasler, M|\n|poke|p2|Togedemaru, M|\n|poke|p2|Swampert, M|\n|poke|p2|Delphox, M|\n|teampreview\n|\n|t:|1699809527\n|start\n|switch|p1a: Grimmsnarl|Grimmsnarl, M|100\/100\n|switch|p2a: leafs the building|Leavanny, F|100\/100\n|turn|1\n|\n|t:|1699809542\n|move|p1a: Grimmsnarl|Reflect|p1a: Grimmsnarl\n|-sidestart|p1: Yeetmaneat42069|Reflect\n|move|p2a: leafs the building|Sticky Web|p1a: Grimmsnarl\n|-sidestart|p1: Yeetmaneat42069|move: Sticky Web\n|\n|upkeep\n|turn|2\n|\n|t:|1699809551\n|move|p1a: Grimmsnarl|Light Screen|p1a: Grimmsnarl\n|-sidestart|p1: Yeetmaneat42069|move: Light Screen\n|move|p2a: leafs the building|Knock Off|p1a: Grimmsnarl\n|-resisted|p1a: Grimmsnarl\n|-damage|p1a: Grimmsnarl|97\/100\n|-enditem|p1a: Grimmsnarl|Light Clay|[from] move: Knock Off|[of] p2a: leafs the building\n|\n|upkeep\n|turn|3\n|j| Azurfriend\n|\n|t:|1699809565\n|switch|p1a: Kingler|Kingler, F|100\/100\n|-activate|p1a: Kingler|move: Sticky Web\n|-unboost|p1a: Kingler|spe|1\n|move|p2a: leafs the building|Bug Buzz|p1a: Kingler\n|-damage|p1a: Kingler|67\/100\n|\n|upkeep\n|turn|4\n|\n|t:|1699809577\n|-terastallize|p1a: Kingler|Dragon\n|move|p2a: leafs the building|Knock Off|p1a: Kingler\n|-damage|p1a: Kingler|53\/100\n|-enditem|p1a: Kingler|Life Orb|[from] move: Knock Off|[of] p2a: leafs the building\n|move|p1a: Kingler|Swords Dance|p1a: Kingler\n|-boost|p1a: Kingler|atk|2\n|\n|upkeep\n|turn|5\n|\n|t:|1699809591\n|move|p2a: leafs the building|Energy Ball|p1a: Kingler\n|-resisted|p1a: Kingler\n|-damage|p1a: Kingler|34\/100\n|move|p1a: Kingler|Knock Off|p2a: leafs the building\n|-damage|p2a: leafs the building|1\/100\n|-enditem|p2a: leafs the building|Leftovers|[from] move: Knock Off|[of] p1a: Kingler\n|\n|upkeep\n|turn|6\n|\n|t:|1699809602\n|move|p2a: leafs the building|Bug Buzz|p1a: Kingler\n|-damage|p1a: Kingler|0 fnt\n|faint|p1a: Kingler\n|\n|upkeep\n|\n|t:|1699809613\n|switch|p1a: Dewgong|Dewgong, F|100\/100\n|-activate|p1a: Dewgong|move: Sticky Web\n|-unboost|p1a: Dewgong|spe|1\n|turn|7\n|\n|t:|1699809620\n|move|p1a: Dewgong|Fake Out|p2a: leafs the building\n|-damage|p2a: leafs the building|0 fnt\n|faint|p2a: leafs the building\n|\n|upkeep\n|\n|t:|1699809628\n|switch|p2a: very gucci nails|Sneasler, M|100\/100\n|turn|8\n|\n|t:|1699809635\n|move|p2a: very gucci nails|Dire Claw|p1a: Dewgong\n|-damage|p1a: Dewgong|77\/100\n|-status|p1a: Dewgong|slp\n|cant|p1a: Dewgong|slp\n|\n|-heal|p1a: Dewgong|83\/100 slp|[from] item: Leftovers\n|-sideend|p1: Yeetmaneat42069|Reflect\n|upkeep\n|turn|9\n|l|\u2606Catisbest8\n|player|p2|\n|j|\u2606Catisbest8\n|player|p2|Catisbest8|102\n|\n|t:|1699809670\n|move|p2a: very gucci nails|Poison Jab|p1a: Dewgong\n|-damage|p1a: Dewgong|39\/100 slp\n|-curestatus|p1a: Dewgong|slp|[msg]\n|move|p1a: Dewgong|Whirlpool|p2a: very gucci nails\n|-damage|p2a: very gucci nails|92\/100\n|-activate|p2a: very gucci nails|move: Whirlpool|[of] p1a: Dewgong\n|\n|-heal|p1a: Dewgong|45\/100|[from] item: Leftovers\n|-damage|p2a: very gucci nails|80\/100|[from] move: Whirlpool|[partiallytrapped]\n|-sideend|p1: Yeetmaneat42069|move: Light Screen\n|upkeep\n|turn|10\n|\n|t:|1699809684\n|move|p2a: very gucci nails|Poison Jab|p1a: Dewgong\n|-damage|p1a: Dewgong|0 fnt\n|faint|p1a: Dewgong\n|\n|-end|p2a: very gucci nails|Whirlpool|[partiallytrapped]|[silent]\n|upkeep\n|\n|t:|1699809698\n|switch|p1a: Oricorio|Oricorio, F|100\/100\n|turn|11\n|\n|t:|1699809708\n|move|p2a: very gucci nails|U-turn|p1a: Oricorio\n|-resisted|p1a: Oricorio\n|-damage|p1a: Oricorio|91\/100\n|-status|p1a: Oricorio|psn|[from] ability: Poison Touch|[of] p2a: very gucci nails\n|\n|t:|1699809714\n|switch|p2a: yay oh it burns|Emboar, F, shiny|100\/100|[from] U-turn\n|move|p1a: Oricorio|Quiver Dance|p1a: Oricorio\n|-boost|p1a: Oricorio|spa|1\n|-boost|p1a: Oricorio|spd|1\n|-boost|p1a: Oricorio|spe|1\n|\n|-damage|p1a: Oricorio|79\/100 psn|[from] psn\n|upkeep\n|turn|12\n|\n|t:|1699809729\n|switch|p2a: dark magician!!!!|Delphox, M, shiny|100\/100\n|move|p1a: Oricorio|Air Slash|p2a: dark magician!!!!\n|-damage|p2a: dark magician!!!!|26\/100\n|-damage|p1a: Oricorio|69\/100 psn|[from] item: Life Orb\n|\n|-damage|p1a: Oricorio|57\/100 psn|[from] psn\n|upkeep\n|turn|13\n|\n|t:|1699809747\n|move|p1a: Oricorio|Air Slash|p2a: dark magician!!!!\n|-damage|p2a: dark magician!!!!|0 fnt\n|faint|p2a: dark magician!!!!\n|-damage|p1a: Oricorio|47\/100 psn|[from] item: Life Orb\n|\n|-damage|p1a: Oricorio|34\/100 psn|[from] psn\n|upkeep\n|\n|t:|1699809754\n|switch|p2a: overrated|Swampert, M, shiny|100\/100\n|turn|14\n|\n|t:|1699809764\n|move|p1a: Oricorio|Roost|p1a: Oricorio\n|-heal|p1a: Oricorio|84\/100 psn\n|-singleturn|p1a: Oricorio|move: Roost\n|move|p2a: overrated|Waterfall|p1a: Oricorio\n|-supereffective|p1a: Oricorio\n|-damage|p1a: Oricorio|0 fnt\n|faint|p1a: Oricorio\n|\n|upkeep\n|\n|t:|1699809779\n|switch|p1a: Grimmsnarl|Grimmsnarl, M|97\/100\n|-activate|p1a: Grimmsnarl|move: Sticky Web\n|-unboost|p1a: Grimmsnarl|spe|1\n|turn|15\n|\n|t:|1699809788\n|move|p1a: Grimmsnarl|Reflect|p1a: Grimmsnarl\n|-sidestart|p1: Yeetmaneat42069|Reflect\n|move|p2a: overrated|Superpower|p1a: Grimmsnarl\n|-damage|p1a: Grimmsnarl|74\/100\n|-unboost|p2a: overrated|atk|1\n|-unboost|p2a: overrated|def|1\n|\n|upkeep\n|turn|16\n|\n|t:|1699809801\n|move|p2a: overrated|Yawn|p1a: Grimmsnarl\n|-start|p1a: Grimmsnarl|move: Yawn|[of] p2a: overrated\n|move|p1a: Grimmsnarl|Spirit Break|p2a: overrated\n|-damage|p2a: overrated|47\/100\n|-unboost|p2a: overrated|spa|1\n|\n|upkeep\n|turn|17\n|\n|t:|1699809811\n|switch|p2a: hard but soft|Togedemaru, M|100\/100\n|move|p1a: Grimmsnarl|Spirit Break|p2a: hard but soft\n|-resisted|p2a: hard but soft\n|-damage|p2a: hard but soft|57\/100\n|-unboost|p2a: hard but soft|spa|1\n|-damage|p1a: Grimmsnarl|62\/100|[from] ability: Iron Barbs|[of] p2a: hard but soft\n|\n|-heal|p2a: hard but soft|62\/100|[from] item: Leftovers\n|-end|p1a: Grimmsnarl|move: Yawn|[silent]\n|-status|p1a: Grimmsnarl|slp\n|upkeep\n|turn|18\n|c| Azurfriend|Hello guys\n|\n|t:|1699809841\n|switch|p2a: very gucci nails|Sneasler, M|80\/100\n|cant|p1a: Grimmsnarl|slp\n|\n|upkeep\n|turn|19\n|\n|t:|1699809854\n|move|p2a: very gucci nails|Poison Jab|p1a: Grimmsnarl\n|-supereffective|p1a: Grimmsnarl\n|-damage|p1a: Grimmsnarl|6\/100 slp\n|-curestatus|p1a: Grimmsnarl|slp|[msg]\n|move|p1a: Grimmsnarl|Spirit Break|p2a: very gucci nails\n|-damage|p2a: very gucci nails|14\/100\n|-unboost|p2a: very gucci nails|spa|1\n|\n|-sideend|p1: Yeetmaneat42069|Reflect\n|upkeep\n|turn|20\n|\n|t:|1699809868\n|move|p1a: Grimmsnarl|Reflect|p1a: Grimmsnarl\n|-sidestart|p1: Yeetmaneat42069|Reflect\n|move|p2a: very gucci nails|Poison Jab|p1a: Grimmsnarl\n|-supereffective|p1a: Grimmsnarl\n|-damage|p1a: Grimmsnarl|0 fnt\n|faint|p1a: Grimmsnarl\n|\n|upkeep\n|\n|t:|1699809875\n|switch|p1a: Slurpuff|Slurpuff, M|100\/100\n|-activate|p1a: Slurpuff|move: Sticky Web\n|-unboost|p1a: Slurpuff|spe|1\n|turn|21\n|l|\u2606Yeetmaneat42069\n|player|p1|\n|l|\u2606Catisbest8\n|player|p2|\n|j|\u2606Catisbest8\n|player|p2|Catisbest8|102\n|j|\u2606Yeetmaneat42069\n|player|p1|Yeetmaneat42069|265\n|l|\u2606Catisbest8\n|player|p2|\n|j|\u2606Catisbest8\n|player|p2|Catisbest8|102\n|\n|t:|1699809944\n|move|p2a: very gucci nails|Poison Jab|p1a: Slurpuff\n|-supereffective|p1a: Slurpuff\n|-damage|p1a: Slurpuff|45\/100\n|-enditem|p1a: Slurpuff|Sitrus Berry|[eat]\n|-heal|p1a: Slurpuff|69\/100|[from] item: Sitrus Berry\n|move|p1a: Slurpuff|Belly Drum|p1a: Slurpuff\n|-damage|p1a: Slurpuff|19\/100\n|-setboost|p1a: Slurpuff|atk|6|[from] move: Belly Drum\n|\n|upkeep\n|turn|22\n|\n|t:|1699809960\n|move|p2a: very gucci nails|Poison Jab|p1a: Slurpuff\n|-supereffective|p1a: Slurpuff\n|-damage|p1a: Slurpuff|0 fnt\n|faint|p1a: Slurpuff\n|\n|upkeep\n|c|\u2606Catisbest8|that was some chaotic disconnecting\n|\n|t:|1699809972\n|switch|p1a: Kecleon|Kecleon, M|100\/100\n|-activate|p1a: Kecleon|move: Sticky Web\n|-unboost|p1a: Kecleon|spe|1\n|turn|23\n|\n|t:|1699809997\n|move|p2a: very gucci nails|U-turn|p1a: Kecleon\n|-damage|p1a: Kecleon|84\/100\n|l|\u2606Catisbest8\n|player|p2|\n|j|\u2606Catisbest8\n|player|p2|Catisbest8|102\n|\n|t:|1699810025\n|switch|p2a: hard but soft|Togedemaru, M|62\/100|[from] U-turn\n|move|p1a: Kecleon|Body Slam|p2a: hard but soft\n|-resisted|p2a: hard but soft\n|-damage|p2a: hard but soft|23\/100\n|-damage|p1a: Kecleon|72\/100|[from] ability: Iron Barbs|[of] p2a: hard but soft\n|\n|-heal|p2a: hard but soft|29\/100|[from] item: Leftovers\n|upkeep\n|turn|24\n|\n|t:|1699810039\n|move|p2a: hard but soft|Nuzzle|p1a: Kecleon\n|-damage|p1a: Kecleon|66\/100\n|-status|p1a: Kecleon|par\n|move|p1a: Kecleon|Fire Punch|p2a: hard but soft\n|-start|p1a: Kecleon|typechange|Fire|[from] ability: Protean\n|-supereffective|p2a: hard but soft\n|-damage|p2a: hard but soft|0 fnt\n|-damage|p1a: Kecleon|54\/100 par|[from] ability: Iron Barbs|[of] p2a: hard but soft\n|faint|p2a: hard but soft\n|\n|-sideend|p1: Yeetmaneat42069|Reflect\n|upkeep\n|\n|t:|1699810045\n|switch|p2a: overrated|Swampert, M, shiny|47\/100\n|turn|25\n|c|\u2606Catisbest8|can\u2019t believe I\u2019m ending this with such an overrated pokemon\n|c|\u2606Catisbest8|Woe\n|c|\u2606Catisbest8|Gg\n|\n|t:|1699810062\n|move|p2a: overrated|Earthquake|p1a: Kecleon\n|-supereffective|p1a: Kecleon\n|-damage|p1a: Kecleon|0 fnt\n|faint|p1a: Kecleon\n|\n|win|Catisbest8\n","uploadtime":1699810069,"views":22,"p1id":"yeetmaneat42069","p2id":"catisbest8","formatid":"gen9nationaldexubers","rating":0,"private":0,"password":""}