{"id":"gen9nationaldexubers-1983458724","p1":"robloxian5gl","p2":"not a blue guy","format":"[Gen 9] National Dex Ubers","log":"|j|\u2606robloxian5gl\n|j|\u2606not a blue guy\n|t:|1699132318\n|gametype|singles\n|player|p1|robloxian5gl|geeta|1039\n|player|p2|not a blue guy|falkner|1052\n|teamsize|p1|6\n|teamsize|p2|6\n|gen|9\n|tier|[Gen 9] National Dex Ubers\n|rated|\n|rule|HP Percentage Mod: HP is shown in percentages\n|rule|Endless Battle Clause: Forcing endless battles is banned\n|rule|OHKO Clause: OHKO moves are banned\n|rule|Evasion Moves Clause: Evasion moves are banned\n|rule|Evasion Items Clause: Evasion items are banned\n|rule|Species Clause: Limit one of each Pok\u00e9mon\n|rule|Sleep Clause Mod: Limit one foe put to sleep\n|rule|Mega Rayquaza Clause: You cannot mega evolve Rayquaza\n|clearpoke\n|poke|p1|Glimmora, M|\n|poke|p1|Toucannon, M|\n|poke|p1|Milotic, M|\n|poke|p1|Minior-Violet|\n|poke|p1|Metagross|\n|poke|p1|Volcarona, M|\n|poke|p2|Overqwil, F|\n|poke|p2|Starmie|\n|poke|p2|Ribombee, F|\n|poke|p2|Enamorus-Therian, F|\n|poke|p2|Annihilape, F|\n|poke|p2|Ditto|\n|teampreview\n|inactive|Battle timer is ON: inactive players will automatically lose when time's up. (requested by robloxian5gl)\n|j| snugglesnfluff\n|j| discord raider\n|j| less might be more\n|j| tjgggfsnnsnfsfgn\n|inactive|not a blue guy has 120 seconds left.\n|c|\u2606robloxian5gl|erm\n|c|\u2606robloxian5gl|what did just happened\n|inactive|not a blue guy has 90 seconds left.\n|\n|t:|1699132380\n|start\n|switch|p1a: Glimmora|Glimmora, M|100\/100\n|switch|p2a: hass att|Annihilape, F|100\/100\n|turn|1\n|\n|t:|1699132395\n|move|p1a: Glimmora|Stealth Rock|p2a: hass att\n|-sidestart|p2: not a blue guy|move: Stealth Rock\n|move|p2a: hass att|Bulk Up|p2a: hass att\n|-boost|p2a: hass att|atk|1\n|-boost|p2a: hass att|def|1\n|\n|upkeep\n|turn|2\n|\n|t:|1699132402\n|move|p1a: Glimmora|Earth Power|p2a: hass att\n|-damage|p2a: hass att|79\/100\n|move|p2a: hass att|Bulk Up|p2a: hass att\n|-boost|p2a: hass att|atk|1\n|-boost|p2a: hass att|def|1\n|\n|-heal|p2a: hass att|85\/100|[from] item: Leftovers\n|upkeep\n|turn|3\n|\n|t:|1699132414\n|move|p1a: Glimmora|Earth Power|p2a: hass att\n|-damage|p2a: hass att|67\/100\n|move|p2a: hass att|Bulk Up|p2a: hass att\n|-boost|p2a: hass att|atk|1\n|-boost|p2a: hass att|def|1\n|\n|-heal|p2a: hass att|73\/100|[from] item: Leftovers\n|upkeep\n|turn|4\n|\n|t:|1699132428\n|switch|p1a: Toucannon|Toucannon, M|100\/100\n|move|p2a: hass att|Bulk Up|p2a: hass att\n|-boost|p2a: hass att|atk|1\n|-boost|p2a: hass att|def|1\n|\n|-heal|p2a: hass att|80\/100|[from] item: Leftovers\n|upkeep\n|turn|5\n|\n|t:|1699132438\n|move|p2a: hass att|Drain Punch|p1a: Toucannon\n|-damage|p1a: Toucannon|0 fnt\n|-heal|p2a: hass att|100\/100|[from] drain|[of] p1a: Toucannon\n|faint|p1a: Toucannon\n|\n|upkeep\n|\n|t:|1699132443\n|switch|p1a: Volcarona|Volcarona, M, shiny|100\/100\n|turn|6\n|\n|t:|1699132449\n|move|p1a: Volcarona|Quiver Dance|p1a: Volcarona\n|-boost|p1a: Volcarona|spa|1\n|-boost|p1a: Volcarona|spd|1\n|-boost|p1a: Volcarona|spe|1\n|move|p2a: hass att|Rage Fist|p1a: Volcarona\n|-damage|p1a: Volcarona|0 fnt\n|-status|p2a: hass att|brn|[from] ability: Flame Body|[of] p1a: Volcarona\n|faint|p1a: Volcarona\n|\n|-damage|p2a: hass att|94\/100 brn|[from] brn\n|upkeep\n|\n|t:|1699132459\n|switch|p1a: Glimmora|Glimmora, M|100\/100\n|turn|7\n|j| BigDrifblims\n|\n|t:|1699132475\n|move|p1a: Glimmora|Earth Power|p2a: hass att\n|-damage|p2a: hass att|75\/100 brn\n|move|p2a: hass att|Bulk Up|p2a: hass att\n|-boost|p2a: hass att|atk|1\n|-boost|p2a: hass att|def|1\n|\n|-heal|p2a: hass att|81\/100 brn|[from] item: Leftovers\n|-damage|p2a: hass att|75\/100 brn|[from] brn\n|upkeep\n|turn|8\n|\n|t:|1699132485\n|move|p1a: Glimmora|Sludge Bomb|p2a: hass att\n|-resisted|p2a: hass att\n|-damage|p2a: hass att|59\/100 brn\n|move|p2a: hass att|Bulk Up|p2a: hass att\n|-boost|p2a: hass att|atk|1\n|-boost|p2a: hass att|def|1\n|\n|-heal|p2a: hass att|66\/100 brn|[from] item: Leftovers\n|-damage|p2a: hass att|59\/100 brn|[from] brn\n|upkeep\n|turn|9\n|\n|t:|1699132494\n|move|p1a: Glimmora|Earth Power|p2a: hass att\n|-damage|p2a: hass att|39\/100 brn\n|-unboost|p2a: hass att|spd|1\n|-boost|p2a: hass att|atk|0\n|move|p2a: hass att|Drain Punch|p1a: Glimmora\n|-damage|p1a: Glimmora|25\/100\n|-heal|p2a: hass att|67\/100 brn|[from] drain|[of] p1a: Glimmora\n|-activate|p1a: Glimmora|ability: Toxic Debris\n|-sidestart|p2: not a blue guy|move: Toxic Spikes\n|\n|-heal|p2a: hass att|73\/100 brn|[from] item: Leftovers\n|-damage|p2a: hass att|67\/100 brn|[from] brn\n|upkeep\n|turn|10\n|j| imbleach\n|\n|t:|1699132507\n|move|p1a: Glimmora|Earth Power|p2a: hass att\n|-damage|p2a: hass att|39\/100 brn\n|move|p2a: hass att|Drain Punch|p1a: Glimmora\n|-damage|p1a: Glimmora|0 fnt\n|-heal|p2a: hass att|48\/100 brn|[from] drain|[of] p1a: Glimmora\n|-activate|p1a: Glimmora|ability: Toxic Debris\n|-sidestart|p2: not a blue guy|move: Toxic Spikes\n|faint|p1a: Glimmora\n|\n|-heal|p2a: hass att|54\/100 brn|[from] item: Leftovers\n|-damage|p2a: hass att|48\/100 brn|[from] brn\n|upkeep\n|\n|t:|1699132521\n|switch|p1a: Minior|Minior-Violet|100\/100\n|-formechange|p1a: Minior|Minior-Meteor||[from] ability: Shields Down\n|turn|11\n|\n|t:|1699132527\n|move|p2a: hass att|Rage Fist|p1a: Minior\n|-damage|p1a: Minior|0 fnt\n|faint|p1a: Minior\n|\n|-heal|p2a: hass att|54\/100 brn|[from] item: Leftovers\n|-damage|p2a: hass att|48\/100 brn|[from] brn\n|upkeep\n|\n|t:|1699132534\n|switch|p1a: Milotic|Milotic, M|100\/100\n|turn|12\n|\n|t:|1699132537\n|move|p2a: hass att|Rage Fist|p1a: Milotic\n|-damage|p1a: Milotic|0 fnt\n|faint|p1a: Milotic\n|\n|-heal|p2a: hass att|54\/100 brn|[from] item: Leftovers\n|-damage|p2a: hass att|48\/100 brn|[from] brn\n|upkeep\n|\n|t:|1699132544\n|switch|p1a: Metagross|Metagross|100\/100\n|turn|13\n|\n|t:|1699132553\n|-terastallize|p1a: Metagross|Fairy\n|move|p2a: hass att|Rage Fist|p1a: Metagross\n|-damage|p1a: Metagross|0 fnt\n|-damage|p2a: hass att|31\/100 brn|[from] item: Rocky Helmet|[of] p1a: Metagross\n|faint|p1a: Metagross\n|\n|win|not a blue guy\n|raw|robloxian5gl's rating: 1039 &rarr; <strong>1024<\/strong><br \/>(-15 for losing)\n|raw|not a blue guy's rating: 1052 &rarr; <strong>1083<\/strong><br \/>(+31 for winning)\n|l|\u2606robloxian5gl\n","uploadtime":1699132571,"views":6,"p1id":"robloxian5gl","p2id":"notablueguy","formatid":"gen9nationaldexubers","rating":1024,"private":0,"password":""}