{"id":"gen9nationaldexubers-1994906297","p1":"Bloze","p2":"700club","format":"[Gen 9] National Dex Ubers","log":"|j|\u2606Bloze\n|j|\u2606700club\n|t:|1700503517\n|gametype|singles\n|player|p1|Bloze|gentleman-gen4|1367\n|player|p2|700club|shadowtriad|1377\n|teamsize|p1|6\n|teamsize|p2|6\n|gen|9\n|tier|[Gen 9] National Dex Ubers\n|rated|\n|rule|HP Percentage Mod: HP is shown in percentages\n|rule|Endless Battle Clause: Forcing endless battles is banned\n|rule|OHKO Clause: OHKO moves are banned\n|rule|Evasion Moves Clause: Evasion moves are banned\n|rule|Evasion Items Clause: Evasion items are banned\n|rule|Species Clause: Limit one of each Pok\u00e9mon\n|rule|Sleep Clause Mod: Limit one foe put to sleep\n|rule|Mega Rayquaza Clause: You cannot mega evolve Rayquaza\n|clearpoke\n|poke|p1|Zacian-*|\n|poke|p1|Genesect|\n|poke|p1|Ho-Oh|\n|poke|p1|Ditto|\n|poke|p1|Kyogre|\n|poke|p1|Salamence, F|\n|poke|p2|Ogerpon-Hearthflame, F|\n|poke|p2|Ditto|\n|poke|p2|Deoxys-Speed|\n|poke|p2|Mewtwo|\n|poke|p2|Necrozma-Dusk-Mane|\n|poke|p2|Sharpedo, M|\n|teampreview\n|inactive|Battle timer is ON: inactive players will automatically lose when time's up. (requested by Bloze)\n|c|\u2606700club|hi\n|\n|t:|1700503529\n|start\n|switch|p1a: Kyogre|Kyogre|100\/100\n|switch|p2a: Deoxys|Deoxys-Speed|100\/100\n|-ability|p2a: Deoxys|Pressure\n|detailschange|p1a: Kyogre|Kyogre-Primal\n|-primal|p1a: Kyogre|Blue Orb\n|-weather|PrimordialSea|[from] ability: Primordial Sea|[of] p1a: Kyogre\n|turn|1\n|\n|t:|1700503545\n|move|p2a: Deoxys|Light Screen|p2a: Deoxys\n|-sidestart|p2: 700club|move: Light Screen\n|move|p1a: Kyogre|Thunder|p2a: Deoxys\n|-crit|p2a: Deoxys\n|-damage|p2a: Deoxys|8\/100\n|-status|p2a: Deoxys|par\n|\n|-weather|PrimordialSea|[upkeep]\n|upkeep\n|turn|2\n|\n|t:|1700503554\n|move|p1a: Kyogre|Thunder|p2a: Deoxys\n|-damage|p2a: Deoxys|0 fnt\n|faint|p2a: Deoxys\n|\n|-weather|PrimordialSea|[upkeep]\n|upkeep\n|\n|t:|1700503561\n|switch|p2a: Ogerpon|Ogerpon-Hearthflame, F|100\/100\n|-ability|p2a: Ogerpon|Mold Breaker\n|turn|3\n|\n|t:|1700503569\n|move|p2a: Ogerpon|Horn Leech|p1a: Kyogre\n|-supereffective|p1a: Kyogre\n|-damage|p1a: Kyogre|27\/100\n|move|p1a: Kyogre|Origin Pulse|p2a: Ogerpon\n|-damage|p2a: Ogerpon|51\/100\n|\n|-weather|PrimordialSea|[upkeep]\n|upkeep\n|turn|4\n|\n|t:|1700503578\n|-weather|none\n|switch|p1a: F-35A|Salamence, F|100\/100\n|-ability|p1a: F-35A|Intimidate|boost\n|-unboost|p2a: Ogerpon|atk|1\n|move|p2a: Ogerpon|Horn Leech|p1a: F-35A\n|-resisted|p1a: F-35A\n|-damage|p1a: F-35A|94\/100\n|-heal|p2a: Ogerpon|54\/100|[from] drain|[of] p1a: F-35A\n|\n|upkeep\n|turn|5\n|\n|t:|1700503591\n|switch|p2a: Mewtwo|Mewtwo|100\/100\n|-ability|p2a: Mewtwo|Unnerve\n|move|p1a: F-35A|Dragon Dance|p1a: F-35A\n|-boost|p1a: F-35A|atk|1\n|-boost|p1a: F-35A|spe|1\n|\n|-sideend|p2: 700club|move: Light Screen\n|upkeep\n|turn|6\n|\n|t:|1700503600\n|detailschange|p2a: Mewtwo|Mewtwo-Mega-Y\n|-mega|p2a: Mewtwo|Mewtwo|Mewtwonite Y\n|move|p1a: F-35A|Dragon Claw|p2a: Mewtwo\n|-damage|p2a: Mewtwo|3\/100\n|move|p2a: Mewtwo|Ice Beam|p1a: F-35A\n|-supereffective|p1a: F-35A\n|-damage|p1a: F-35A|0 fnt\n|faint|p1a: F-35A\n|\n|upkeep\n|\n|t:|1700503608\n|switch|p1a: Stark|Genesect|100\/100\n|-ability|p1a: Stark|Download|boost\n|-boost|p1a: Stark|atk|1\n|turn|7\n|\n|t:|1700503612\n|move|p1a: Stark|U-turn|p2a: Mewtwo\n|-supereffective|p2a: Mewtwo\n|-damage|p2a: Mewtwo|0 fnt\n|faint|p2a: Mewtwo\n|\n|t:|1700503616\n|switch|p1a: Clause|Ho-Oh|100\/100|[from] U-turn\n|\n|upkeep\n|\n|t:|1700503625\n|switch|p2a: Necrozma|Necrozma-Dusk-Mane|100\/100\n|turn|8\n|\n|t:|1700503632\n|detailschange|p2a: Necrozma|Necrozma-Ultra\n|-burst|p2a: Necrozma|Necrozma|Ultranecrozium Z\n|move|p2a: Necrozma|Stone Edge|p1a: Clause\n|-supereffective|p1a: Clause\n|-crit|p1a: Clause\n|-damage|p1a: Clause|0 fnt\n|faint|p1a: Clause\n|\n|upkeep\n|\n|t:|1700503638\n|switch|p1a: sword doggo|Zacian-Crowned|100\/100\n|-ability|p1a: sword doggo|Intrepid Sword|boost\n|-boost|p1a: sword doggo|atk|1\n|turn|9\n|\n|t:|1700503651\n|move|p1a: sword doggo|Play Rough|p2a: Necrozma\n|-supereffective|p2a: Necrozma\n|-damage|p2a: Necrozma|0 fnt\n|faint|p2a: Necrozma\n|\n|upkeep\n|\n|t:|1700503657\n|switch|p2a: Ditto|Ditto|100\/100\n|-transform|p2a: Ditto|p1a: sword doggo|[from] ability: Imposter\n|-ability|p2a: Ditto|Intrepid Sword|boost\n|-boost|p2a: Ditto|atk|1\n|turn|10\n|\n|t:|1700503671\n|-terastallize|p2a: Ditto|Steel\n|move|p2a: Ditto|Behemoth Blade|p1a: sword doggo\n|-damage|p1a: sword doggo|0 fnt\n|faint|p1a: sword doggo\n|\n|upkeep\n|\n|t:|1700503675\n|switch|p1a: Ditto|Ditto|100\/100\n|turn|11\n|\n|t:|1700503682\n|move|p2a: Ditto|Behemoth Blade|p1a: Ditto\n|-damage|p1a: Ditto|0 fnt\n|faint|p1a: Ditto\n|\n|upkeep\n|\n|t:|1700503686\n|switch|p1a: Stark|Genesect|100\/100\n|-ability|p1a: Stark|Download|boost\n|-boost|p1a: Stark|atk|1\n|turn|12\n|\n|t:|1700503691\n|-terastallize|p1a: Stark|Fire\n|move|p2a: Ditto|Behemoth Blade|p1a: Stark\n|-resisted|p1a: Stark\n|-damage|p1a: Stark|0 fnt\n|faint|p1a: Stark\n|\n|upkeep\n|-message|Bloze forfeited.\n|\n|win|700club\n|raw|Bloze's rating: 1385 &rarr; <strong>1365<\/strong><br \/>(-20 for losing)\n|raw|700club's rating: 1377 &rarr; <strong>1397<\/strong><br \/>(+20 for winning)\n|l|\u2606Bloze\n","uploadtime":1700503698,"views":4,"p1id":"bloze","p2id":"700club","formatid":"gen9nationaldexubers","rating":1365,"private":0,"password":""}