{"id":"gen9nationaldexubers-1983455817","p1":"not a blue guy","p2":"Lil' rich homie$$$","format":"[Gen 9] National Dex Ubers","log":"|j|\u2606not a blue guy\n|j|\u2606Lil' rich homie$$$\n|t:|1699132011\n|gametype|singles\n|player|p1|not a blue guy|falkner|1071\n|player|p2|Lil' rich homie$$$|170|1103\n|teamsize|p1|6\n|teamsize|p2|6\n|gen|9\n|tier|[Gen 9] National Dex Ubers\n|rated|\n|rule|HP Percentage Mod: HP is shown in percentages\n|rule|Endless Battle Clause: Forcing endless battles is banned\n|rule|OHKO Clause: OHKO moves are banned\n|rule|Evasion Moves Clause: Evasion moves are banned\n|rule|Evasion Items Clause: Evasion items are banned\n|rule|Species Clause: Limit one of each Pok\u00e9mon\n|rule|Sleep Clause Mod: Limit one foe put to sleep\n|rule|Mega Rayquaza Clause: You cannot mega evolve Rayquaza\n|clearpoke\n|poke|p1|Overqwil, M|\n|poke|p1|Starmie|\n|poke|p1|Ribombee, F|\n|poke|p1|Enamorus-Therian, F|\n|poke|p1|Annihilape, F|\n|poke|p1|Ditto|\n|poke|p2|Delphox, F|\n|poke|p2|Tornadus-Therian, M|\n|poke|p2|Ursaluna-Bloodmoon, M|\n|poke|p2|Azumarill, M|\n|poke|p2|Uxie|\n|poke|p2|Togekiss, F|\n|teampreview\n|inactive|Battle timer is ON: inactive players will automatically lose when time's up. (requested by Lil' rich homie$$$)\n|c|\u2606Lil' rich homie$$$|glhf\n|inactive|not a blue guy has 120 seconds left.\n|inactive|not a blue guy has 90 seconds left.\n|\n|t:|1699132074\n|start\n|switch|p1a: (._.)|Starmie|100\/100\n|switch|p2a: Delphox|Delphox, F, shiny|100\/100\n|turn|1\n|\n|t:|1699132079\n|move|p1a: (._.)|Hydro Pump|p2a: Delphox\n|-supereffective|p2a: Delphox\n|-damage|p2a: Delphox|0 fnt\n|faint|p2a: Delphox\n|\n|upkeep\n|\n|t:|1699132093\n|switch|p2a: Uxie|Uxie, shiny|100\/100\n|turn|2\n|j| tjgggfsnnsnfsfgn\n|\n|t:|1699132104\n|move|p1a: (._.)|Hydro Pump|p2a: Uxie\n|-damage|p2a: Uxie|63\/100\n|move|p2a: Uxie|Stealth Rock|p1a: (._.)\n|-sidestart|p1: not a blue guy|move: Stealth Rock\n|\n|upkeep\n|turn|3\n|\n|t:|1699132120\n|switch|p1a: autism turtle?????|Enamorus-Therian, F|100\/100\n|-damage|p1a: autism turtle?????|75\/100|[from] Stealth Rock\n|move|p2a: Uxie|Thunder Wave|p1a: autism turtle?????\n|-status|p1a: autism turtle?????|par\n|\n|-heal|p1a: autism turtle?????|82\/100 par|[from] item: Leftovers\n|upkeep\n|turn|4\n|j| less might be more\n|c|\u2606Lil' rich homie$$$|hello\n|j| discord raider\n|c| less might be more|hey chuddy\n|\n|t:|1699132149\n|move|p2a: Uxie|Mystical Power|p1a: autism turtle?????\n|-damage|p1a: autism turtle?????|58\/100 par\n|-boost|p2a: Uxie|spa|1\n|cant|p1a: autism turtle?????|par\n|\n|-heal|p1a: autism turtle?????|64\/100 par|[from] item: Leftovers\n|upkeep\n|turn|5\n|\n|t:|1699132154\n|move|p2a: Uxie|Mystical Power|p1a: autism turtle?????\n|-damage|p1a: autism turtle?????|27\/100 par\n|-boost|p2a: Uxie|spa|1\n|cant|p1a: autism turtle?????|par\n|\n|-heal|p1a: autism turtle?????|33\/100 par|[from] item: Leftovers\n|upkeep\n|turn|6\n|\n|t:|1699132158\n|move|p2a: Uxie|Mystical Power|p1a: autism turtle?????\n|-damage|p1a: autism turtle?????|0 fnt\n|-boost|p2a: Uxie|spa|1\n|faint|p1a: autism turtle?????\n|\n|upkeep\n|\n|t:|1699132178\n|switch|p1a: webs up gg|Ribombee, F|100\/100\n|-damage|p1a: webs up gg|76\/100|[from] Stealth Rock\n|turn|7\n|\n|t:|1699132183\n|move|p1a: webs up gg|Bug Buzz|p2a: Uxie\n|-supereffective|p2a: Uxie\n|-damage|p2a: Uxie|0 fnt\n|faint|p2a: Uxie\n|\n|upkeep\n|\n|t:|1699132191\n|switch|p2a: Azumarill|Azumarill, M, shiny|100\/100\n|turn|8\n|\n|t:|1699132195\n|switch|p1a: hass att|Annihilape, F|100\/100\n|-damage|p1a: hass att|94\/100|[from] Stealth Rock\n|move|p2a: Azumarill|Belly Drum|p2a: Azumarill\n|-damage|p2a: Azumarill|51\/100\n|-setboost|p2a: Azumarill|atk|6|[from] move: Belly Drum\n|\n|-heal|p1a: hass att|100\/100|[from] item: Leftovers\n|upkeep\n|turn|9\n|\n|t:|1699132206\n|move|p2a: Azumarill|Aqua Jet|p1a: hass att\n|-damage|p1a: hass att|0 fnt\n|faint|p1a: hass att\n|\n|upkeep\n|\n|t:|1699132210\n|switch|p1a: shitto|Ditto|100\/100\n|-damage|p1a: shitto|88\/100|[from] Stealth Rock\n|-transform|p1a: shitto|p2a: Azumarill|[from] ability: Imposter\n|turn|10\n|\n|t:|1699132217\n|-terastallize|p1a: shitto|Fairy\n|move|p2a: Azumarill|Aqua Jet|p1a: shitto\n|-damage|p1a: shitto|0 fnt\n|faint|p1a: shitto\n|\n|upkeep\n|\n|t:|1699132230\n|switch|p1a: snover-hisui|Overqwil, M|100\/100\n|-damage|p1a: snover-hisui|88\/100|[from] Stealth Rock\n|-ability|p1a: snover-hisui|Intimidate|boost\n|-unboost|p2a: Azumarill|atk|1\n|turn|11\n|\n|t:|1699132237\n|move|p2a: Azumarill|Aqua Jet|p1a: snover-hisui\n|-damage|p1a: snover-hisui|5\/100\n|-damage|p2a: Azumarill|34\/100|[from] item: Rocky Helmet|[of] p1a: snover-hisui\n|move|p1a: snover-hisui|Barb Barrage|p2a: Azumarill\n|-supereffective|p2a: Azumarill\n|-damage|p2a: Azumarill|0 fnt\n|faint|p2a: Azumarill\n|\n|upkeep\n|\n|t:|1699132243\n|switch|p2a: Tornadus|Tornadus-Therian, M|100\/100\n|turn|12\n|\n|t:|1699132253\n|move|p2a: Tornadus|U-turn|p1a: snover-hisui\n|-damage|p1a: snover-hisui|0 fnt\n|-damage|p2a: Tornadus|84\/100|[from] item: Rocky Helmet|[of] p1a: snover-hisui\n|faint|p1a: snover-hisui\n|\n|t:|1699132257\n|switch|p2a: Togekiss|Togekiss, F, shiny|100\/100|[from] U-turn\n|\n|upkeep\n|\n|t:|1699132261\n|switch|p1a: (._.)|Starmie|100\/100\n|-damage|p1a: (._.)|88\/100|[from] Stealth Rock\n|turn|13\n|\n|t:|1699132270\n|move|p1a: (._.)|Blizzard|p2a: Togekiss\n|-supereffective|p2a: Togekiss\n|-damage|p2a: Togekiss|43\/100\n|move|p2a: Togekiss|Air Slash|p1a: (._.)\n|-damage|p1a: (._.)|33\/100\n|\n|upkeep\n|turn|14\n|\n|t:|1699132281\n|move|p1a: (._.)|Blizzard|p2a: Togekiss|[miss]\n|-miss|p1a: (._.)|p2a: Togekiss\n|move|p2a: Togekiss|Air Slash|p1a: (._.)\n|-damage|p1a: (._.)|0 fnt\n|faint|p1a: (._.)\n|\n|upkeep\n|\n|t:|1699132285\n|switch|p1a: webs up gg|Ribombee, F|76\/100\n|-damage|p1a: webs up gg|51\/100|[from] Stealth Rock\n|turn|15\n|\n|t:|1699132289\n|move|p1a: webs up gg|Moonblast|p2a: Togekiss\n|-damage|p2a: Togekiss|0 fnt\n|faint|p2a: Togekiss\n|\n|upkeep\n|\n|t:|1699132292\n|switch|p2a: Tornadus|Tornadus-Therian, M|100\/100\n|turn|16\n|\n|t:|1699132294\n|move|p1a: webs up gg|Moonblast|p2a: Tornadus\n|-damage|p2a: Tornadus|36\/100\n|-unboost|p2a: Tornadus|spa|1\n|move|p2a: Tornadus|Bleakwind Storm|p1a: webs up gg\n|-supereffective|p1a: webs up gg\n|-damage|p1a: webs up gg|0 fnt\n|faint|p1a: webs up gg\n|\n|win|Lil' rich homie$$$\n|raw|not a blue guy's rating: 1071 &rarr; <strong>1052<\/strong><br \/>(-19 for losing)\n|raw|Lil&apos; rich homie$$$'s rating: 1103 &rarr; <strong>1126<\/strong><br \/>(+23 for winning)\n|l|\u2606Lil' rich homie$$$\n","uploadtime":1699132322,"views":6,"p1id":"notablueguy","p2id":"lilrichhomie","formatid":"gen9nationaldexubers","rating":1052,"private":0,"password":""}