{"id":"gen9nationaldexubers-1997338303","p1":"LuckyPlays10136","p2":"TrafalgarLaw6969","format":"[Gen 9] National Dex Ubers","log":"|j|\u2606LuckyPlays10136\n|j|\u2606TrafalgarLaw6969\n|t:|1700791260\n|gametype|singles\n|player|p1|LuckyPlays10136|hilbert|\n|player|p2|TrafalgarLaw6969|170|\n|teamsize|p1|6\n|teamsize|p2|6\n|gen|9\n|tier|[Gen 9] National Dex Ubers\n|rule|HP Percentage Mod: HP is shown in percentages\n|rule|Endless Battle Clause: Forcing endless battles is banned\n|rule|OHKO Clause: OHKO moves are banned\n|rule|Evasion Moves Clause: Evasion moves are banned\n|rule|Evasion Items Clause: Evasion items are banned\n|rule|Species Clause: Limit one of each Pok\u00e9mon\n|rule|Sleep Clause Mod: Limit one foe put to sleep\n|rule|Mega Rayquaza Clause: You cannot mega evolve Rayquaza\n|clearpoke\n|poke|p1|Klefki, F|\n|poke|p1|Rotom-Wash|\n|poke|p1|Ninetales, M|\n|poke|p1|Chi-Yu|\n|poke|p1|Zoroark-Hisui, F|\n|poke|p1|Alomomola, M|\n|poke|p2|Toxapex, M|\n|poke|p2|Mienshao, F|\n|poke|p2|Decidueye, M|\n|poke|p2|Bidoof, M|\n|poke|p2|Ting-Lu|\n|poke|p2|Garchomp, M|\n|teampreview\n|inactive|Battle timer is ON: inactive players will automatically lose when time's up. (requested by LuckyPlays10136)\n|\n|t:|1700791271\n|start\n|switch|p1a: Rotom|Rotom-Wash|100\/100\n|switch|p2a: Chompy|Garchomp, M, shiny|100\/100\n|turn|1\n|\n|t:|1700791293\n|switch|p2a: Ting-Lu|Ting-Lu|100\/100\n|-ability|p2a: Ting-Lu|Vessel of Ruin\n|move|p1a: Rotom|Will-O-Wisp|p2a: Ting-Lu|[miss]\n|-miss|p1a: Rotom|p2a: Ting-Lu\n|\n|upkeep\n|turn|2\n|\n|t:|1700791303\n|move|p1a: Rotom|Will-O-Wisp|p2a: Ting-Lu\n|-status|p2a: Ting-Lu|brn\n|move|p2a: Ting-Lu|Whirlwind|p1a: Rotom\n|drag|p1a: Alomomola|Alomomola, M|100\/100\n|\n|-damage|p2a: Ting-Lu|94\/100 brn|[from] brn\n|upkeep\n|turn|3\n|\n|t:|1700791316\n|move|p1a: Alomomola|Hyper Voice|p2a: Ting-Lu\n|-damage|p2a: Ting-Lu|51\/100 brn\n|move|p2a: Ting-Lu|Earthquake|p1a: Alomomola\n|-damage|p1a: Alomomola|59\/100\n|replace|p1a: Zoroark|Zoroark-Hisui, F\n|-end|p1a: Zoroark|Illusion\n|\n|-damage|p2a: Ting-Lu|45\/100 brn|[from] brn\n|upkeep\n|turn|4\n|\n|t:|1700791326\n|move|p1a: Zoroark|Hyper Voice|p2a: Ting-Lu\n|-damage|p2a: Ting-Lu|2\/100 brn\n|move|p2a: Ting-Lu|Earthquake|p1a: Zoroark\n|-damage|p1a: Zoroark|23\/100\n|\n|-damage|p2a: Ting-Lu|0 fnt|[from] brn\n|faint|p2a: Ting-Lu\n|upkeep\n|\n|t:|1700791337\n|switch|p2a: Spiky Feesh|Toxapex, M, shiny|100\/100\n|turn|5\n|\n|t:|1700791356\n|switch|p1a: Klefki|Klefki, F|100\/100\n|move|p2a: Spiky Feesh|Toxic|p1a: Klefki\n|-immune|p1a: Klefki\n|\n|upkeep\n|turn|6\n|\n|t:|1700791365\n|switch|p2a: Chompy|Garchomp, M, shiny|100\/100\n|move|p1a: Klefki|Thunder Wave|p2a: Chompy\n|-immune|p2a: Chompy\n|\n|upkeep\n|turn|7\n|\n|t:|1700791372\n|move|p1a: Klefki|Reflect|p1a: Klefki\n|-sidestart|p1: LuckyPlays10136|Reflect\n|move|p2a: Chompy|Earthquake|p1a: Klefki\n|-supereffective|p1a: Klefki\n|-damage|p1a: Klefki|52\/100\n|\n|upkeep\n|turn|8\n|\n|t:|1700791380\n|move|p1a: Klefki|Light Screen|p1a: Klefki\n|-sidestart|p1: LuckyPlays10136|move: Light Screen\n|move|p2a: Chompy|Swords Dance|p2a: Chompy\n|-boost|p2a: Chompy|atk|2\n|\n|upkeep\n|turn|9\n|\n|t:|1700791386\n|move|p2a: Chompy|Earthquake|p1a: Klefki\n|-supereffective|p1a: Klefki\n|-damage|p1a: Klefki|0 fnt\n|faint|p1a: Klefki\n|\n|upkeep\n|\n|t:|1700791393\n|switch|p1a: Rotom|Rotom-Wash|100\/100\n|turn|10\n|\n|t:|1700791403\n|move|p2a: Chompy|Earthquake|p1a: Rotom\n|-immune|p1a: Rotom|[from] ability: Levitate\n|move|p1a: Rotom|Will-O-Wisp|p2a: Chompy|[miss]\n|-miss|p1a: Rotom|p2a: Chompy\n|\n|upkeep\n|turn|11\n|\n|t:|1700791413\n|switch|p2a: NootNoot|Decidueye, M, shiny|100\/100\n|move|p1a: Rotom|Will-O-Wisp|p2a: NootNoot\n|-status|p2a: NootNoot|brn\n|\n|-damage|p2a: NootNoot|94\/100 brn|[from] brn\n|upkeep\n|turn|12\n|\n|t:|1700791423\n|move|p1a: Rotom|Volt Switch|p2a: NootNoot\n|-resisted|p2a: NootNoot\n|-damage|p2a: NootNoot|80\/100 brn\n|\n|t:|1700791427\n|switch|p1a: Ninetales|Ninetales, M|100\/100|[from] Volt Switch\n|-weather|SunnyDay|[from] ability: Drought|[of] p1a: Ninetales\n|move|p2a: NootNoot|Leaf Blade|p1a: Ninetales\n|-resisted|p1a: Ninetales\n|-crit|p1a: Ninetales\n|-damage|p1a: Ninetales|81\/100\n|-heal|p2a: NootNoot|82\/100 brn|[from] item: Shell Bell|[of] p1a: Ninetales\n|\n|-weather|SunnyDay|[upkeep]\n|-heal|p1a: Ninetales|87\/100|[from] item: Leftovers\n|-damage|p2a: NootNoot|76\/100 brn|[from] brn\n|upkeep\n|turn|13\n|\n|t:|1700791440\n|switch|p2a: Chompy|Garchomp, M, shiny|100\/100\n|move|p1a: Ninetales|Flamethrower|p2a: Chompy\n|-resisted|p2a: Chompy\n|-damage|p2a: Chompy|79\/100\n|\n|-weather|SunnyDay|[upkeep]\n|-heal|p1a: Ninetales|93\/100|[from] item: Leftovers\n|upkeep\n|turn|14\n|\n|t:|1700791454\n|move|p2a: Chompy|Earthquake|p1a: Ninetales\n|-supereffective|p1a: Ninetales\n|-damage|p1a: Ninetales|24\/100\n|move|p1a: Ninetales|Will-O-Wisp|p2a: Chompy\n|-status|p2a: Chompy|brn\n|\n|-weather|SunnyDay|[upkeep]\n|-heal|p1a: Ninetales|30\/100|[from] item: Leftovers\n|-damage|p2a: Chompy|72\/100 brn|[from] brn\n|-sideend|p1: LuckyPlays10136|Reflect\n|upkeep\n|turn|15\n|\n|t:|1700791474\n|switch|p1a: Rotom|Rotom-Wash|100\/100\n|move|p2a: Chompy|Swords Dance|p2a: Chompy\n|-boost|p2a: Chompy|atk|2\n|\n|-weather|SunnyDay|[upkeep]\n|-damage|p2a: Chompy|66\/100 brn|[from] brn\n|-sideend|p1: LuckyPlays10136|move: Light Screen\n|upkeep\n|turn|16\n|\n|t:|1700791486\n|move|p2a: Chompy|Draco Meteor|p1a: Rotom\n|-damage|p1a: Rotom|59\/100\n|-unboost|p2a: Chompy|spa|2\n|move|p1a: Rotom|Hydro Pump|p2a: Chompy\n|-damage|p2a: Chompy|45\/100 brn\n|\n|-weather|none\n|-heal|p1a: Rotom|66\/100|[from] item: Leftovers\n|-damage|p2a: Chompy|39\/100 brn|[from] brn\n|upkeep\n|turn|17\n|\n|t:|1700791497\n|move|p2a: Chompy|Crunch|p1a: Rotom\n|-damage|p1a: Rotom|34\/100\n|move|p1a: Rotom|Hydro Pump|p2a: Chompy\n|-damage|p2a: Chompy|0 fnt\n|faint|p2a: Chompy\n|\n|-heal|p1a: Rotom|40\/100|[from] item: Leftovers\n|upkeep\n|\n|t:|1700791510\n|switch|p2a: NootNoot|Decidueye, M, shiny|76\/100 brn\n|turn|18\n|\n|t:|1700791526\n|switch|p1a: Ninetales|Ninetales, M|30\/100\n|-weather|SunnyDay|[from] ability: Drought|[of] p1a: Ninetales\n|move|p2a: NootNoot|Leaf Blade|p1a: Ninetales\n|-resisted|p1a: Ninetales\n|-damage|p1a: Ninetales|17\/100\n|-heal|p2a: NootNoot|77\/100 brn|[from] item: Shell Bell|[of] p1a: Ninetales\n|\n|-weather|SunnyDay|[upkeep]\n|-heal|p1a: Ninetales|23\/100|[from] item: Leftovers\n|-damage|p2a: NootNoot|71\/100 brn|[from] brn\n|upkeep\n|turn|19\n|\n|t:|1700791538\n|switch|p2a: Spiky Feesh|Toxapex, M, shiny|100\/100\n|move|p1a: Ninetales|Encore||[still]\n|-fail|p1a: Ninetales\n|\n|-weather|SunnyDay|[upkeep]\n|-heal|p1a: Ninetales|29\/100|[from] item: Leftovers\n|upkeep\n|turn|20\n|\n|t:|1700791550\n|move|p1a: Ninetales|Protect|p1a: Ninetales\n|-singleturn|p1a: Ninetales|Protect\n|move|p2a: Spiky Feesh|Toxic|p1a: Ninetales\n|-activate|p1a: Ninetales|move: Protect\n|\n|-weather|SunnyDay|[upkeep]\n|-heal|p1a: Ninetales|35\/100|[from] item: Leftovers\n|upkeep\n|turn|21\n|\n|t:|1700791561\n|move|p1a: Ninetales|Will-O-Wisp|p2a: Spiky Feesh\n|-status|p2a: Spiky Feesh|brn\n|move|p2a: Spiky Feesh|Toxic|p1a: Ninetales\n|-status|p1a: Ninetales|tox\n|\n|-weather|SunnyDay|[upkeep]\n|-heal|p1a: Ninetales|41\/100 tox|[from] item: Leftovers\n|-damage|p1a: Ninetales|35\/100 tox|[from] psn\n|-damage|p2a: Spiky Feesh|94\/100 brn|[from] brn\n|upkeep\n|turn|22\n|\n|t:|1700791573\n|move|p1a: Ninetales|Encore|p2a: Spiky Feesh\n|-start|p2a: Spiky Feesh|Encore\n|move|p2a: Spiky Feesh|Toxic|p1a: Ninetales\n|-fail|p1a: Ninetales|tox\n|\n|-weather|none\n|-heal|p1a: Ninetales|41\/100 tox|[from] item: Leftovers\n|-heal|p2a: Spiky Feesh|100\/100 brn|[from] item: Black Sludge\n|-damage|p1a: Ninetales|29\/100 tox|[from] psn\n|-damage|p2a: Spiky Feesh|94\/100 brn|[from] brn\n|upkeep\n|turn|23\n|\n|t:|1700791589\n|switch|p1a: Alomomola|Alomomola, M|23\/100\n|switch|p2a: God|Bidoof, M, shiny|100\/100\n|\n|upkeep\n|turn|24\n|\n|t:|1700791598\n|-terastallize|p2a: God|Ghost\n|move|p1a: Alomomola|Hyper Voice|p2a: God\n|-immune|p2a: God\n|move|p2a: God|Stealth Rock|p1a: Alomomola\n|-sidestart|p1: LuckyPlays10136|move: Stealth Rock\n|\n|upkeep\n|turn|25\n|\n|t:|1700791607\n|switch|p1a: Alomomola|Alomomola, M|100\/100\n|-damage|p1a: Alomomola|88\/100|[from] Stealth Rock\n|move|p2a: God|Quick Attack|p1a: Alomomola\n|-damage|p1a: Alomomola|82\/100\n|\n|-heal|p1a: Alomomola|88\/100|[from] item: Leftovers\n|upkeep\n|turn|26\n|\n|t:|1700791617\n|move|p2a: God|Ice Beam|p1a: Alomomola\n|-resisted|p1a: Alomomola\n|-damage|p1a: Alomomola|83\/100\n|move|p1a: Alomomola|Scald|p2a: God\n|-damage|p2a: God|65\/100\n|\n|-heal|p1a: Alomomola|89\/100|[from] item: Leftovers\n|upkeep\n|turn|27\n|j| Danfire1045\n|\n|t:|1700791626\n|switch|p2a: Punchy|Mienshao, F, shiny|100\/100\n|move|p1a: Alomomola|Wish|p1a: Alomomola\n|\n|-heal|p1a: Alomomola|96\/100|[from] item: Leftovers\n|upkeep\n|turn|28\n|\n|t:|1700791639\n|switch|p1a: Rotom|Rotom-Wash|40\/100\n|-damage|p1a: Rotom|28\/100|[from] Stealth Rock\n|move|p2a: Punchy|Fake Out|p1a: Rotom\n|-damage|p1a: Rotom|14\/100\n|\n|-heal|p1a: Rotom|100\/100|[from] move: Wish|[wisher] Alomomola\n|upkeep\n|turn|29\n|\n|t:|1700791653\n|move|p2a: Punchy|Knock Off|p1a: Rotom\n|-damage|p1a: Rotom|65\/100\n|-enditem|p1a: Rotom|Leftovers|[from] move: Knock Off|[of] p2a: Punchy\n|move|p1a: Rotom|Will-O-Wisp|p2a: Punchy\n|-status|p2a: Punchy|brn\n|\n|-damage|p2a: Punchy|95\/100 brn|[from] brn\n|upkeep\n|turn|30\n|\n|t:|1700791667\n|move|p2a: Punchy|Drain Punch|p1a: Rotom\n|-damage|p1a: Rotom|45\/100\n|-heal|p2a: Punchy|100\/100 brn|[from] drain|[of] p1a: Rotom\n|move|p1a: Rotom|Defog|p2a: Punchy\n|-unboost|p2a: Punchy|evasion|1\n|-sideend|p1: LuckyPlays10136|Stealth Rock|[from] move: Defog|[of] p1a: Rotom\n|\n|-damage|p2a: Punchy|95\/100 brn|[from] brn\n|upkeep\n|turn|31\n|\n|t:|1700791680\n|switch|p1a: Rotom|Rotom-Wash|23\/100\n|move|p2a: Punchy|Drain Punch|p1a: Rotom\n|-immune|p1a: Rotom\n|\n|-damage|p2a: Punchy|89\/100 brn|[from] brn\n|upkeep\n|turn|32\n|\n|t:|1700791694\n|switch|p1a: Ninetales|Ninetales, M|29\/100 tox\n|-weather|SunnyDay|[from] ability: Drought|[of] p1a: Ninetales\n|move|p2a: Punchy|Knock Off|p1a: Ninetales\n|-damage|p1a: Ninetales|8\/100 tox\n|-enditem|p1a: Ninetales|Leftovers|[from] move: Knock Off|[of] p2a: Punchy\n|\n|-weather|SunnyDay|[upkeep]\n|-damage|p1a: Ninetales|2\/100 tox|[from] psn\n|-damage|p2a: Punchy|83\/100 brn|[from] brn\n|upkeep\n|turn|33\n|\n|t:|1700791706\n|move|p2a: Punchy|Drain Punch|p1a: Ninetales\n|-damage|p1a: Ninetales|0 fnt\n|-heal|p2a: Punchy|84\/100 brn|[from] drain|[of] p1a: Ninetales\n|faint|p1a: Ninetales\n|\n|-weather|SunnyDay|[upkeep]\n|-damage|p2a: Punchy|78\/100 brn|[from] brn\n|upkeep\n|\n|t:|1700791710\n|switch|p1a: Chi-Yu|Chi-Yu|100\/100\n|-ability|p1a: Chi-Yu|Beads of Ruin\n|turn|34\n|\n|t:|1700791727\n|switch|p2a: NootNoot|Decidueye, M, shiny|71\/100 brn\n|move|p1a: Chi-Yu|Psychic|p2a: NootNoot\n|-damage|p2a: NootNoot|5\/100 brn\n|-unboost|p2a: NootNoot|spd|1\n|\n|-weather|SunnyDay|[upkeep]\n|-damage|p2a: NootNoot|0 fnt|[from] brn\n|faint|p2a: NootNoot\n|upkeep\n|\n|t:|1700791744\n|switch|p2a: Spiky Feesh|Toxapex, M, shiny|100\/100 brn\n|turn|35\n|\n|t:|1700791750\n|move|p1a: Chi-Yu|Psychic|p2a: Spiky Feesh\n|-supereffective|p2a: Spiky Feesh\n|-damage|p2a: Spiky Feesh|12\/100 brn\n|move|p2a: Spiky Feesh|Toxic|p1a: Chi-Yu\n|-status|p1a: Chi-Yu|tox\n|\n|-weather|SunnyDay|[upkeep]\n|-heal|p2a: Spiky Feesh|19\/100 brn|[from] item: Black Sludge\n|-damage|p1a: Chi-Yu|95\/100 tox|[from] psn\n|-damage|p2a: Spiky Feesh|12\/100 brn|[from] brn\n|upkeep\n|turn|36\n|\n|t:|1700791764\n|switch|p1a: Rotom|Rotom-Wash|23\/100\n|switch|p2a: Punchy|Mienshao, F, shiny|100\/100 brn\n|\n|-weather|none\n|-damage|p2a: Punchy|95\/100 brn|[from] brn\n|upkeep\n|turn|37\n|\n|t:|1700791778\n|move|p2a: Punchy|Fake Out|p1a: Rotom\n|-immune|p1a: Rotom\n|move|p1a: Rotom|Hyper Voice|p2a: Punchy\n|-damage|p2a: Punchy|0 fnt\n|faint|p2a: Punchy\n|\n|upkeep\n|inactive|TrafalgarLaw6969 has 270 seconds left.\n|\n|t:|1700791794\n|switch|p2a: Spiky Feesh|Toxapex, M, shiny|46\/100 brn\n|turn|38\n|\n|t:|1700791798\n|move|p1a: Rotom|Hyper Voice|p2a: Spiky Feesh\n|-damage|p2a: Spiky Feesh|4\/100 brn\n|move|p2a: Spiky Feesh|Scald|p1a: Rotom\n|-damage|p1a: Rotom|0 fnt\n|replace|p1a: Zoroark|Zoroark-Hisui, F\n|-end|p1a: Zoroark|Illusion\n|faint|p1a: Zoroark\n|\n|-heal|p2a: Spiky Feesh|10\/100 brn|[from] item: Black Sludge\n|-damage|p2a: Spiky Feesh|4\/100 brn|[from] brn\n|upkeep\n|\n|t:|1700791803\n|switch|p1a: Alomomola|Alomomola, M|100\/100\n|turn|39\n|\n|t:|1700791817\n|switch|p2a: God|Bidoof, M, shiny, tera:Ghost|65\/100\n|move|p1a: Alomomola|Flip Turn|p2a: God\n|-damage|p2a: God|23\/100\n|\n|t:|1700791823\n|switch|p1a: Rotom|Rotom-Wash|45\/100|[from] Flip Turn\n|\n|upkeep\n|turn|40\n|\n|t:|1700791833\n|move|p2a: God|Quick Attack|p1a: Rotom\n|-damage|p1a: Rotom|34\/100\n|move|p1a: Rotom|Will-O-Wisp|p2a: God\n|-status|p2a: God|brn\n|\n|-damage|p2a: God|17\/100 brn|[from] brn\n|upkeep\n|turn|41\n|\n|t:|1700791844\n|move|p1a: Rotom|Defog|p2a: God\n|-unboost|p2a: God|evasion|1\n|move|p2a: God|Stealth Rock|p1a: Rotom\n|-sidestart|p1: LuckyPlays10136|move: Stealth Rock\n|\n|-damage|p2a: God|11\/100 brn|[from] brn\n|upkeep\n|turn|42\n|\n|t:|1700791855\n|move|p1a: Rotom|Defog|p2a: God\n|-unboost|p2a: God|evasion|1\n|-sideend|p1: LuckyPlays10136|Stealth Rock|[from] move: Defog|[of] p1a: Rotom\n|move|p2a: God|Ice Beam|p1a: Rotom\n|-resisted|p1a: Rotom\n|-damage|p1a: Rotom|29\/100\n|\n|-damage|p2a: God|4\/100 brn|[from] brn\n|upkeep\n|turn|43\n|\n|t:|1700791867\n|move|p2a: God|Quick Attack|p1a: Rotom\n|-damage|p1a: Rotom|23\/100\n|move|p1a: Rotom|Defog|p2a: God\n|-unboost|p2a: God|evasion|1\n|\n|-damage|p2a: God|0 fnt|[from] brn\n|faint|p2a: God\n|upkeep\n|\n|t:|1700791874\n|switch|p2a: Spiky Feesh|Toxapex, M, shiny|37\/100 brn\n|turn|44\n|\n|t:|1700791877\n|move|p1a: Rotom|Volt Switch|p2a: Spiky Feesh\n|-supereffective|p2a: Spiky Feesh\n|-damage|p2a: Spiky Feesh|0 fnt\n|faint|p2a: Spiky Feesh\n|\n|win|LuckyPlays10136\n","uploadtime":1700791887,"views":29,"p1id":"luckyplays10136","p2id":"trafalgarlaw6969","formatid":"gen9nationaldexubers","rating":0,"private":0,"password":""}