{"id":"gen9nationaldexubers-1980098152","p1":"85792195wwww","p2":"09-10a","format":"[Gen 9] National Dex Ubers","log":"|j|\u203d85792195wwww\n|j|\u260609-10a\n|t:|1698757016\n|gametype|singles\n|player|p1|85792195wwww|lady|1796\n|player|p2|09-10a|schoolkid-gen4dp|1857\n|teamsize|p1|6\n|teamsize|p2|6\n|gen|9\n|tier|[Gen 9] National Dex Ubers\n|rated|\n|rule|HP Percentage Mod: HP is shown in percentages\n|rule|Endless Battle Clause: Forcing endless battles is banned\n|rule|OHKO Clause: OHKO moves are banned\n|rule|Evasion Moves Clause: Evasion moves are banned\n|rule|Evasion Items Clause: Evasion items are banned\n|rule|Species Clause: Limit one of each Pok\u00e9mon\n|rule|Sleep Clause Mod: Limit one foe put to sleep\n|rule|Mega Rayquaza Clause: You cannot mega evolve Rayquaza\n|clearpoke\n|poke|p1|Xerneas-*|\n|poke|p1|Rayquaza|\n|poke|p1|Zacian-*|\n|poke|p1|Deoxys-Speed|\n|poke|p1|Groudon|\n|poke|p1|Arceus|\n|poke|p2|Eternatus|\n|poke|p2|Arceus-Fairy|\n|poke|p2|Necrozma-Dusk-Mane|\n|poke|p2|Groudon, L99|\n|poke|p2|Marshadow|\n|poke|p2|Zygarde|\n|teampreview\n|inactive|Battle timer is ON: inactive players will automatically lose when time's up. (requested by 09-10a)\n|inactive|09-10a has 120 seconds left.\n|\n|t:|1698757057\n|start\n|switch|p1a: Deoxys|Deoxys-Speed|100\/100\n|switch|p2a: Groudon|Groudon, L99, shiny|100\/100\n|-ability|p1a: Deoxys|Pressure\n|detailschange|p2a: Groudon|Groudon-Primal, L99, shiny\n|-primal|p2a: Groudon|Red Orb\n|-weather|DesolateLand|[from] ability: Desolate Land|[of] p2a: Groudon\n|turn|1\n|\n|t:|1698757069\n|move|p1a: Deoxys|Stealth Rock|p2a: Groudon\n|-sidestart|p2: 09-10a|move: Stealth Rock\n|move|p2a: Groudon|Rock Tomb|p1a: Deoxys\n|-damage|p1a: Deoxys|80\/100\n|-unboost|p1a: Deoxys|spe|1\n|\n|-weather|DesolateLand|[upkeep]\n|upkeep\n|turn|2\n|\n|t:|1698757078\n|move|p1a: Deoxys|Psycho Boost|p2a: Groudon\n|-damage|p2a: Groudon|70\/100\n|-unboost|p1a: Deoxys|spa|2\n|move|p2a: Groudon|Rock Tomb|p1a: Deoxys\n|-damage|p1a: Deoxys|59\/100\n|-unboost|p1a: Deoxys|spe|1\n|\n|-weather|DesolateLand|[upkeep]\n|upkeep\n|turn|3\n|\n|t:|1698757090\n|switch|p1a: Rayquaza|Rayquaza|100\/100\n|-ability|p1a: Rayquaza|Air Lock\n|move|p2a: Groudon|Rock Tomb|p1a: Rayquaza\n|-supereffective|p1a: Rayquaza\n|-damage|p1a: Rayquaza|54\/100\n|-unboost|p1a: Rayquaza|spe|1\n|\n|-weather|DesolateLand|[upkeep]\n|upkeep\n|turn|4\n|\n|t:|1698757111\n|switch|p1a: Deoxys|Deoxys-Speed|59\/100\n|-ability|p1a: Deoxys|Pressure\n|move|p2a: Groudon|Stealth Rock|p1a: Deoxys\n|-sidestart|p1: 85792195wwww|move: Stealth Rock\n|\n|-weather|DesolateLand|[upkeep]\n|upkeep\n|turn|5\n|\n|t:|1698757119\n|move|p1a: Deoxys|Psycho Boost|p2a: Groudon\n|-damage|p2a: Groudon|39\/100\n|-unboost|p1a: Deoxys|spa|2\n|move|p2a: Groudon|Rock Tomb|p1a: Deoxys\n|-damage|p1a: Deoxys|39\/100\n|-unboost|p1a: Deoxys|spe|1\n|\n|-weather|DesolateLand|[upkeep]\n|upkeep\n|turn|6\n|\n|t:|1698757130\n|move|p1a: Deoxys|Psycho Boost|p2a: Groudon\n|-damage|p2a: Groudon|23\/100\n|-unboost|p1a: Deoxys|spa|2\n|move|p2a: Groudon|Rock Tomb|p1a: Deoxys\n|-damage|p1a: Deoxys|16\/100\n|-unboost|p1a: Deoxys|spe|1\n|\n|-weather|DesolateLand|[upkeep]\n|upkeep\n|turn|7\n|\n|t:|1698757150\n|move|p1a: Deoxys|Taunt|p2a: Groudon\n|-start|p2a: Groudon|move: Taunt\n|move|p2a: Groudon|Rock Tomb|p1a: Deoxys\n|-damage|p1a: Deoxys|0 fnt\n|faint|p1a: Deoxys\n|\n|-weather|DesolateLand|[upkeep]\n|upkeep\n|inactive|85792195wwww has 120 seconds left.\n|\n|t:|1698757169\n|switch|p1a: Arceus|Arceus|100\/100\n|-damage|p1a: Arceus|88\/100|[from] Stealth Rock\n|turn|8\n|inactive|85792195wwww has 120 seconds left.\n|\n|t:|1698757196\n|-weather|none\n|switch|p2a: Marshadow|Marshadow|100\/100\n|-damage|p2a: Marshadow|94\/100|[from] Stealth Rock\n|move|p1a: Arceus|Extreme Speed|p2a: Marshadow\n|-immune|p2a: Marshadow\n|\n|upkeep\n|turn|9\n|inactive|85792195wwww has 120 seconds left.\n|\n|t:|1698757206\n|move|p2a: Marshadow|Close Combat|p1a: Arceus\n|-supereffective|p1a: Arceus\n|-damage|p1a: Arceus|0 fnt\n|-unboost|p2a: Marshadow|def|1\n|-unboost|p2a: Marshadow|spd|1\n|faint|p1a: Arceus\n|\n|upkeep\n|inactive|85792195wwww has 120 seconds left.\n|\n|t:|1698757217\n|switch|p1a: Zacian|Zacian-Crowned|100\/100\n|-damage|p1a: Zacian|94\/100|[from] Stealth Rock\n|-ability|p1a: Zacian|Intrepid Sword|boost\n|-boost|p1a: Zacian|atk|1\n|turn|10\n|inactive|85792195wwww has 120 seconds left.\n|inactive|09-10a has 120 seconds left.\n|inactive|09-10a has 90 seconds left.\n|\n|t:|1698757282\n|move|p1a: Zacian|Swords Dance|p1a: Zacian\n|-boost|p1a: Zacian|atk|2\n|move|p2a: Marshadow|Close Combat|p1a: Zacian\n|-damage|p1a: Zacian|7\/100\n|-unboost|p2a: Marshadow|def|1\n|-unboost|p2a: Marshadow|spd|1\n|\n|upkeep\n|turn|11\n|\n|t:|1698757292\n|switch|p2a: Groudon|Groudon-Primal, L99, shiny|23\/100\n|-damage|p2a: Groudon|11\/100|[from] Stealth Rock\n|-weather|DesolateLand|[from] ability: Desolate Land|[of] p2a: Groudon\n|move|p1a: Zacian|Behemoth Blade|p2a: Groudon\n|-resisted|p2a: Groudon\n|-damage|p2a: Groudon|0 fnt\n|faint|p2a: Groudon\n|-weather|none\n|\n|upkeep\n|\n|t:|1698757296\n|switch|p2a: Marshadow|Marshadow|94\/100\n|-damage|p2a: Marshadow|88\/100|[from] Stealth Rock\n|turn|12\n|\n|t:|1698757306\n|move|p2a: Marshadow|Shadow Sneak|p1a: Zacian\n|-damage|p1a: Zacian|0 fnt\n|faint|p1a: Zacian\n|\n|upkeep\n|\n|t:|1698757312\n|switch|p1a: Groudon|Groudon|100\/100\n|-damage|p1a: Groudon|94\/100|[from] Stealth Rock\n|detailschange|p1a: Groudon|Groudon-Primal\n|-primal|p1a: Groudon|Red Orb\n|-weather|DesolateLand|[from] ability: Desolate Land|[of] p1a: Groudon\n|turn|13\n|\n|t:|1698757319\n|switch|p2a: Zygarde|Zygarde, shiny|100\/100\n|-damage|p2a: Zygarde|94\/100|[from] Stealth Rock\n|move|p1a: Groudon|Swords Dance|p1a: Groudon\n|-boost|p1a: Groudon|atk|2\n|\n|-weather|DesolateLand|[upkeep]\n|-heal|p2a: Zygarde|100\/100|[from] item: Leftovers\n|upkeep\n|turn|14\n|\n|t:|1698757329\n|move|p2a: Zygarde|Thousand Arrows|p1a: Groudon\n|-supereffective|p1a: Groudon\n|-crit|p1a: Groudon\n|-damage|p1a: Groudon|25\/100\n|move|p1a: Groudon|Precipice Blades|p2a: Zygarde\n|-damage|p2a: Zygarde|0 fnt\n|faint|p2a: Zygarde\n|\n|-weather|DesolateLand|[upkeep]\n|upkeep\n|\n|t:|1698757333\n|switch|p2a: Marshadow|Marshadow|88\/100\n|-damage|p2a: Marshadow|82\/100|[from] Stealth Rock\n|turn|15\n|\n|t:|1698757341\n|-weather|none\n|switch|p1a: Rayquaza|Rayquaza|54\/100\n|-damage|p1a: Rayquaza|30\/100|[from] Stealth Rock\n|-ability|p1a: Rayquaza|Air Lock\n|move|p2a: Marshadow|Poltergeist|p1a: Rayquaza\n|-activate|p1a: Rayquaza|move: Poltergeist|Choice Band\n|-damage|p1a: Rayquaza|0 fnt\n|faint|p1a: Rayquaza\n|\n|upkeep\n|\n|t:|1698757355\n|switch|p1a: Xerneas|Xerneas|100\/100\n|-damage|p1a: Xerneas|88\/100|[from] Stealth Rock\n|-ability|p1a: Xerneas|Fairy Aura\n|turn|16\n|\n|t:|1698757363\n|-terastallize|p2a: Marshadow|Ghost\n|move|p2a: Marshadow|Poltergeist|p1a: Xerneas\n|-activate|p1a: Xerneas|move: Poltergeist|Power Herb\n|-crit|p1a: Xerneas\n|-damage|p1a: Xerneas|0 fnt\n|faint|p1a: Xerneas\n|\n|upkeep\n|-message|85792195wwww forfeited.\n|\n|win|09-10a\n|raw|85792195wwww's rating: 1796 &rarr; <strong>1779<\/strong><br \/>(-17 for losing)\n|raw|09-10a's rating: 1857 &rarr; <strong>1874<\/strong><br \/>(+17 for winning)\n|l|\u203d85792195wwww\n","uploadtime":1698757473,"views":9,"p1id":"85792195wwww","p2id":"0910a","formatid":"gen9nationaldexubers","rating":1779,"private":0,"password":""}