{"id":"gen9nationaldexubers-1988582304","p1":"trifortay","p2":"hi5834hi","format":"[Gen 9] National Dex Ubers","log":"|j|\u2606trifortay\n|j|\u2606hi5834hi\n|t:|1699738577\n|gametype|singles\n|player|p1|trifortay|blue-gen1|1093\n|player|p2|hi5834hi|lucas-gen4pt|1065\n|teamsize|p1|6\n|teamsize|p2|6\n|gen|9\n|tier|[Gen 9] National Dex Ubers\n|rated|\n|rule|HP Percentage Mod: HP is shown in percentages\n|rule|Endless Battle Clause: Forcing endless battles is banned\n|rule|OHKO Clause: OHKO moves are banned\n|rule|Evasion Moves Clause: Evasion moves are banned\n|rule|Evasion Items Clause: Evasion items are banned\n|rule|Species Clause: Limit one of each Pok\u00e9mon\n|rule|Sleep Clause Mod: Limit one foe put to sleep\n|rule|Mega Rayquaza Clause: You cannot mega evolve Rayquaza\n|clearpoke\n|poke|p1|Rayquaza|\n|poke|p1|Arceus-Ice|\n|poke|p1|Blissey, F|\n|poke|p1|Kyogre|\n|poke|p1|Iron Moth|\n|poke|p1|Xerneas-*|\n|poke|p2|Lilligant-Hisui, F|\n|poke|p2|Torkoal, M|\n|poke|p2|Samurott-Hisui, M|\n|poke|p2|Gholdengo|\n|poke|p2|Magnezone|\n|poke|p2|Clefable, M|\n|teampreview\n|\n|t:|1699738583\n|start\n|switch|p1a: Xerneas|Xerneas|100\/100\n|switch|p2a: Torkoal|Torkoal, M|100\/100\n|-ability|p1a: Xerneas|Fairy Aura\n|-weather|SunnyDay|[from] ability: Drought|[of] p2a: Torkoal\n|turn|1\n|\n|t:|1699738591\n|move|p1a: Xerneas|Geomancy||[still]\n|-prepare|p1a: Xerneas|Geomancy\n|-enditem|p1a: Xerneas|Power Herb\n|-anim|p1a: Xerneas|Geomancy|p1a: Xerneas\n|-boost|p1a: Xerneas|spa|2\n|-boost|p1a: Xerneas|spd|2\n|-boost|p1a: Xerneas|spe|2\n|move|p2a: Torkoal|Yawn|p1a: Xerneas\n|-start|p1a: Xerneas|move: Yawn|[of] p2a: Torkoal\n|\n|-weather|SunnyDay|[upkeep]\n|upkeep\n|turn|2\n|\n|t:|1699738602\n|move|p1a: Xerneas|Moonblast|p2a: Torkoal\n|-resisted|p2a: Torkoal\n|-damage|p2a: Torkoal|10\/100\n|-unboost|p2a: Torkoal|spa|1\n|move|p2a: Torkoal|Yawn||[still]\n|-fail|p2a: Torkoal\n|\n|-weather|SunnyDay|[upkeep]\n|-end|p1a: Xerneas|move: Yawn|[silent]\n|-status|p1a: Xerneas|slp\n|upkeep\n|turn|3\n|\n|t:|1699738611\n|switch|p1a: Iron Moth|Iron Moth|100\/100\n|-enditem|p1a: Iron Moth|Booster Energy\n|-activate|p1a: Iron Moth|ability: Quark Drive|[fromitem]\n|-start|p1a: Iron Moth|quarkdrivespa\n|move|p2a: Torkoal|Explosion|p1a: Iron Moth\n|-damage|p1a: Iron Moth|14\/100\n|faint|p2a: Torkoal\n|\n|-weather|SunnyDay|[upkeep]\n|upkeep\n|\n|t:|1699738616\n|switch|p2a: Samurott|Samurott-Hisui, M, shiny|100\/100\n|turn|4\n|\n|t:|1699738632\n|-end|p1a: Iron Moth|Quark Drive|[silent]\n|switch|p1a: Xerneas|Xerneas|100\/100 slp\n|-ability|p1a: Xerneas|Fairy Aura\n|move|p2a: Samurott|Aqua Jet|p1a: Xerneas\n|-damage|p1a: Xerneas|93\/100 slp\n|\n|-weather|SunnyDay|[upkeep]\n|upkeep\n|turn|5\n|\n|t:|1699738644\n|switch|p2a: Lilligant|Lilligant-Hisui, F, shiny|100\/100\n|-terastallize|p1a: Xerneas|Fairy\n|cant|p1a: Xerneas|slp\n|\n|-weather|SunnyDay|[upkeep]\n|upkeep\n|turn|6\n|\n|t:|1699738657\n|-terastallize|p2a: Lilligant|Grass\n|move|p2a: Lilligant|Victory Dance|p2a: Lilligant\n|-boost|p2a: Lilligant|atk|1\n|-boost|p2a: Lilligant|def|1\n|-boost|p2a: Lilligant|spe|1\n|-curestatus|p1a: Xerneas|slp|[msg]\n|move|p1a: Xerneas|Moonblast|p2a: Lilligant\n|-damage|p2a: Lilligant|0 fnt\n|faint|p2a: Lilligant\n|\n|-weather|SunnyDay|[upkeep]\n|upkeep\n|\n|t:|1699738667\n|switch|p2a: Magnezone|Magnezone, shiny|100\/100\n|turn|7\n|\n|t:|1699738699\n|switch|p1a: Kyogre|Kyogre|100\/100\n|detailschange|p1a: Kyogre|Kyogre-Primal\n|-primal|p1a: Kyogre|Blue Orb\n|-weather|PrimordialSea|[from] ability: Primordial Sea|[of] p1a: Kyogre\n|move|p2a: Magnezone|Flash Cannon|p1a: Kyogre\n|-resisted|p1a: Kyogre\n|-damage|p1a: Kyogre|80\/100\n|\n|-weather|PrimordialSea|[upkeep]\n|upkeep\n|turn|8\n|\n|t:|1699738708\n|switch|p2a: Samurott|Samurott-Hisui, M, shiny|100\/100\n|move|p1a: Kyogre|Scald|p2a: Samurott\n|-resisted|p2a: Samurott\n|-damage|p2a: Samurott|43\/100\n|-status|p2a: Samurott|brn\n|\n|-weather|PrimordialSea|[upkeep]\n|-damage|p2a: Samurott|36\/100 brn|[from] brn\n|upkeep\n|turn|9\n|\n|t:|1699738722\n|move|p1a: Kyogre|Scald|p2a: Samurott\n|-resisted|p2a: Samurott\n|-damage|p2a: Samurott|0 fnt\n|faint|p2a: Samurott\n|\n|-weather|PrimordialSea|[upkeep]\n|upkeep\n|\n|t:|1699738726\n|switch|p2a: Magnezone|Magnezone, shiny|100\/100\n|turn|10\n|c|\u2606trifortay|Speed best stat\n|\n|t:|1699738732\n|move|p1a: Kyogre|Origin Pulse|p2a: Magnezone\n|-damage|p2a: Magnezone|0 fnt\n|faint|p2a: Magnezone\n|\n|-weather|PrimordialSea|[upkeep]\n|upkeep\n|\n|t:|1699738737\n|switch|p2a: Clefable|Clefable, M, shiny|100\/100\n|turn|11\n|\n|t:|1699738742\n|move|p1a: Kyogre|Origin Pulse|p2a: Clefable\n|-damage|p2a: Clefable|0 fnt\n|faint|p2a: Clefable\n|\n|-weather|PrimordialSea|[upkeep]\n|upkeep\n|\n|t:|1699738746\n|switch|p2a: Gholdengo|Gholdengo, shiny|100\/100\n|turn|12\n|\n|t:|1699738750\n|move|p1a: Kyogre|Origin Pulse|p2a: Gholdengo|[miss]\n|-miss|p1a: Kyogre|p2a: Gholdengo\n|move|p2a: Gholdengo|Shadow Ball|p1a: Kyogre\n|-damage|p1a: Kyogre|54\/100\n|\n|-weather|PrimordialSea|[upkeep]\n|upkeep\n|turn|13\n|c|\u2606hi5834hi|gg\n|\n|t:|1699738757\n|move|p1a: Kyogre|Origin Pulse|p2a: Gholdengo|[miss]\n|-miss|p1a: Kyogre|p2a: Gholdengo\n|move|p2a: Gholdengo|Shadow Ball|p1a: Kyogre\n|-damage|p1a: Kyogre|26\/100\n|\n|-weather|PrimordialSea|[upkeep]\n|upkeep\n|turn|14\n|c|\u2606hi5834hi|oh\n|\n|t:|1699738768\n|move|p1a: Kyogre|Origin Pulse|p2a: Gholdengo\n|-damage|p2a: Gholdengo|0 fnt\n|faint|p2a: Gholdengo\n|\n|win|trifortay\n|raw|trifortay's rating: 1093 &rarr; <strong>1117<\/strong><br \/>(+24 for winning)\n|raw|hi5834hi's rating: 1065 &rarr; <strong>1047<\/strong><br \/>(-18 for losing)\n|c|\u2606trifortay|gg\n|c|\u2606hi5834hi|gg\n|l|\u2606hi5834hi\n","uploadtime":1699738790,"views":5,"p1id":"trifortay","p2id":"hi5834hi","formatid":"gen9nationaldexubers","rating":1047,"private":0,"password":""}