{"id":"gen9nationaldexubers-1985604278","p1":"satoshikuso","p2":"Pollylopy","format":"[Gen 9] National Dex Ubers","log":"|j|\u2606satoshikuso\n|j|\u2606Pollylopy\n|t:|1699388321\n|gametype|singles\n|player|p1|satoshikuso|red|1100\n|player|p2|Pollylopy|waitress|1181\n|teamsize|p1|6\n|teamsize|p2|6\n|gen|9\n|tier|[Gen 9] National Dex Ubers\n|rated|\n|rule|HP Percentage Mod: HP is shown in percentages\n|rule|Endless Battle Clause: Forcing endless battles is banned\n|rule|OHKO Clause: OHKO moves are banned\n|rule|Evasion Moves Clause: Evasion moves are banned\n|rule|Evasion Items Clause: Evasion items are banned\n|rule|Species Clause: Limit one of each Pok\u00e9mon\n|rule|Sleep Clause Mod: Limit one foe put to sleep\n|rule|Mega Rayquaza Clause: You cannot mega evolve Rayquaza\n|clearpoke\n|poke|p1|Dragonite, M|\n|poke|p1|Greninja-*, M|\n|poke|p1|Lucario, M|\n|poke|p1|Torterra, M|\n|poke|p1|Charizard, M|\n|poke|p1|Noivern, M|\n|poke|p2|Dusknoir, F|\n|poke|p2|Arcanine, F|\n|poke|p2|Marowak, M|\n|poke|p2|Exeggutor-Alola, M|\n|poke|p2|Corviknight, M|\n|poke|p2|Electrode|\n|teampreview\n|inactive|Battle timer is ON: inactive players will automatically lose when time's up. (requested by Pollylopy)\n|\n|t:|1699388329\n|start\n|switch|p1a: George floyd|Dragonite, M|100\/100\n|switch|p2a: Electrode|Electrode|100\/100\n|turn|1\n|\n|t:|1699388340\n|move|p2a: Electrode|Taunt|p1a: George floyd\n|-start|p1a: George floyd|move: Taunt\n|cant|p1a: George floyd|move: Taunt|Dragon Dance\n|\n|upkeep\n|turn|2\n|\n|t:|1699388347\n|move|p2a: Electrode|Reflect|p2a: Electrode\n|-sidestart|p2: Pollylopy|Reflect\n|move|p1a: George floyd|Earthquake|p2a: Electrode\n|-supereffective|p2a: Electrode\n|-damage|p2a: Electrode|48\/100\n|\n|upkeep\n|turn|3\n|\n|t:|1699388355\n|move|p2a: Electrode|Discharge|p1a: George floyd\n|-damage|p1a: George floyd|87\/100\n|-status|p1a: George floyd|par\n|cant|p1a: George floyd|par\n|\n|-end|p1a: George floyd|move: Taunt\n|upkeep\n|turn|4\n|\n|t:|1699388365\n|switch|p2a: Corviknight|Corviknight, M|100\/100\n|move|p1a: George floyd|Dragon Dance|p1a: George floyd\n|-boost|p1a: George floyd|atk|1\n|-boost|p1a: George floyd|spe|1\n|\n|upkeep\n|turn|5\n|\n|t:|1699388372\n|move|p2a: Corviknight|Brave Bird|p1a: George floyd\n|-damage|p1a: George floyd|54\/100 par\n|-damage|p2a: Corviknight|91\/100|[from] Recoil\n|move|p1a: George floyd|Dragon Dance|p1a: George floyd\n|-boost|p1a: George floyd|atk|1\n|-boost|p1a: George floyd|spe|1\n|\n|-heal|p2a: Corviknight|98\/100|[from] item: Leftovers\n|upkeep\n|turn|6\n|\n|t:|1699388383\n|cant|p1a: George floyd|par\n|move|p2a: Corviknight|Brave Bird|p1a: George floyd\n|-damage|p1a: George floyd|22\/100 par\n|-damage|p2a: Corviknight|89\/100|[from] Recoil\n|\n|-heal|p2a: Corviknight|95\/100|[from] item: Leftovers\n|-sideend|p2: Pollylopy|Reflect\n|upkeep\n|turn|7\n|\n|t:|1699388399\n|move|p1a: George floyd|Extreme Speed|p2a: Corviknight\n|-resisted|p2a: Corviknight\n|-damage|p2a: Corviknight|76\/100\n|move|p2a: Corviknight|Brave Bird|p1a: George floyd\n|-damage|p1a: George floyd|0 fnt\n|faint|p1a: George floyd\n|-damage|p2a: Corviknight|71\/100|[from] Recoil\n|\n|-heal|p2a: Corviknight|77\/100|[from] item: Leftovers\n|upkeep\n|\n|t:|1699388403\n|switch|p1a: FanFavorite|Charizard, M|100\/100\n|turn|8\n|\n|t:|1699388417\n|switch|p2a: Arcanine|Arcanine, F|100\/100\n|-ability|p2a: Arcanine|Intimidate|boost\n|-unboost|p1a: FanFavorite|atk|1\n|-zpower|p1a: FanFavorite\n|move|p1a: FanFavorite|Z-Celebrate|p1a: FanFavorite|[anim]Celebrate\n|-boost|p1a: FanFavorite|atk|1|[zeffect]\n|-boost|p1a: FanFavorite|def|1|[zeffect]\n|-boost|p1a: FanFavorite|spa|1|[zeffect]\n|-boost|p1a: FanFavorite|spd|1|[zeffect]\n|-boost|p1a: FanFavorite|spe|1|[zeffect]\n|-activate|p1a: FanFavorite|move: Celebrate\n|\n|upkeep\n|turn|9\n|\n|t:|1699388432\n|move|p1a: FanFavorite|Ancient Power|p2a: Arcanine\n|-supereffective|p2a: Arcanine\n|-damage|p2a: Arcanine|25\/100\n|move|p2a: Arcanine|Crunch|p1a: FanFavorite\n|-damage|p1a: FanFavorite|77\/100\n|\n|upkeep\n|turn|10\n|\n|t:|1699388445\n|switch|p2a: Corviknight|Corviknight, M|77\/100\n|move|p1a: FanFavorite|Ancient Power|p2a: Corviknight\n|-damage|p2a: Corviknight|48\/100\n|\n|-heal|p2a: Corviknight|54\/100|[from] item: Leftovers\n|upkeep\n|turn|11\n|\n|t:|1699388456\n|switch|p2a: Arcanine|Arcanine, F|25\/100\n|-ability|p2a: Arcanine|Intimidate|boost\n|-unboost|p1a: FanFavorite|atk|1\n|move|p1a: FanFavorite|Flamethrower|p2a: Arcanine\n|-resisted|p2a: Arcanine\n|-damage|p2a: Arcanine|0 fnt\n|faint|p2a: Arcanine\n|\n|upkeep\n|\n|t:|1699388472\n|switch|p2a: Dusknoir|Dusknoir, F|100\/100\n|-item|p1a: FanFavorite|Normalium Z|[from] ability: Frisk|[of] p2a: Dusknoir|[identify]\n|turn|12\n|\n|t:|1699388481\n|move|p1a: FanFavorite|Ancient Power|p2a: Dusknoir\n|-damage|p2a: Dusknoir|82\/100\n|-boost|p1a: FanFavorite|atk|1\n|-boost|p1a: FanFavorite|def|1\n|-boost|p1a: FanFavorite|spa|1\n|-boost|p1a: FanFavorite|spd|1\n|-boost|p1a: FanFavorite|spe|1\n|move|p2a: Dusknoir|Trick Room|p2a: Dusknoir\n|-fieldstart|move: Trick Room|[of] p2a: Dusknoir\n|\n|-heal|p2a: Dusknoir|88\/100|[from] item: Leftovers\n|upkeep\n|turn|13\n|\n|t:|1699388491\n|move|p2a: Dusknoir|Haze|p2a: Dusknoir\n|-clearallboost\n|move|p1a: FanFavorite|Flamethrower|p2a: Dusknoir\n|-damage|p2a: Dusknoir|60\/100\n|\n|-heal|p2a: Dusknoir|66\/100|[from] item: Leftovers\n|upkeep\n|turn|14\n|\n|t:|1699388513\n|move|p2a: Dusknoir|Toxic|p1a: FanFavorite\n|-status|p1a: FanFavorite|tox\n|move|p1a: FanFavorite|Flamethrower|p2a: Dusknoir\n|-damage|p2a: Dusknoir|41\/100\n|\n|-heal|p2a: Dusknoir|47\/100|[from] item: Leftovers\n|-damage|p1a: FanFavorite|71\/100 tox|[from] psn\n|upkeep\n|turn|15\n|\n|t:|1699388535\n|switch|p2a: Marowak|Marowak, M|100\/100\n|move|p1a: FanFavorite|Flamethrower|p2a: Marowak\n|-damage|p2a: Marowak|45\/100\n|\n|-damage|p1a: FanFavorite|58\/100 tox|[from] psn\n|upkeep\n|turn|16\n|\n|t:|1699388544\n|move|p2a: Marowak|Double-Edge|p1a: FanFavorite\n|-damage|p1a: FanFavorite|0 fnt\n|faint|p1a: FanFavorite\n|\n|-fieldend|move: Trick Room\n|upkeep\n|\n|t:|1699388557\n|switch|p1a: Asma-attack|Greninja, M|100\/100\n|turn|17\n|\n|t:|1699388570\n|switch|p2a: Corviknight|Corviknight, M|54\/100\n|move|p1a: Asma-attack|Water Shuriken|p2a: Corviknight\n|-damage|p2a: Corviknight|47\/100\n|-damage|p2a: Corviknight|39\/100\n|-hitcount|p2a: Corviknight|2\n|\n|-heal|p2a: Corviknight|46\/100|[from] item: Leftovers\n|upkeep\n|turn|18\n|\n|t:|1699388581\n|move|p1a: Asma-attack|Ice Beam|p2a: Corviknight\n|-damage|p2a: Corviknight|18\/100\n|move|p2a: Corviknight|Roost|p2a: Corviknight\n|-heal|p2a: Corviknight|68\/100\n|-singleturn|p2a: Corviknight|move: Roost\n|\n|-heal|p2a: Corviknight|74\/100|[from] item: Leftovers\n|upkeep\n|turn|19\n|\n|t:|1699388592\n|move|p1a: Asma-attack|Ice Beam|p2a: Corviknight\n|-damage|p2a: Corviknight|44\/100\n|move|p2a: Corviknight|Body Press|p1a: Asma-attack\n|-supereffective|p1a: Asma-attack\n|-damage|p1a: Asma-attack|5\/100\n|-enditem|p1a: Asma-attack|Salac Berry|[eat]\n|-boost|p1a: Asma-attack|spe|1|[from] item: Salac Berry\n|\n|-heal|p2a: Corviknight|50\/100|[from] item: Leftovers\n|upkeep\n|turn|20\n|\n|t:|1699388603\n|move|p1a: Asma-attack|Dark Pulse|p2a: Corviknight\n|-damage|p2a: Corviknight|13\/100\n|move|p2a: Corviknight|Body Press|p1a: Asma-attack\n|-supereffective|p1a: Asma-attack\n|-damage|p1a: Asma-attack|0 fnt\n|faint|p1a: Asma-attack\n|\n|-heal|p2a: Corviknight|19\/100|[from] item: Leftovers\n|upkeep\n|\n|t:|1699388607\n|switch|p1a: PENl5 disorder|Lucario, M|100\/100\n|turn|21\n|\n|t:|1699388626\n|move|p1a: PENl5 disorder|Flash Cannon|p2a: Corviknight\n|-resisted|p2a: Corviknight\n|-damage|p2a: Corviknight|0 fnt\n|faint|p2a: Corviknight\n|\n|upkeep\n|\n|t:|1699388634\n|switch|p2a: Dusknoir|Dusknoir, F|47\/100\n|-item|p1a: PENl5 disorder|Lucarionite|[from] ability: Frisk|[of] p2a: Dusknoir|[identify]\n|turn|22\n|\n|t:|1699388643\n|move|p1a: PENl5 disorder|Flash Cannon|p2a: Dusknoir\n|-damage|p2a: Dusknoir|20\/100\n|-unboost|p2a: Dusknoir|spd|1\n|move|p2a: Dusknoir|Trick Room|p2a: Dusknoir\n|-fieldstart|move: Trick Room|[of] p2a: Dusknoir\n|\n|-heal|p2a: Dusknoir|26\/100|[from] item: Leftovers\n|upkeep\n|turn|23\n|\n|t:|1699388666\n|switch|p2a: Electrode|Electrode|48\/100\n|detailschange|p1a: PENl5 disorder|Lucario-Mega, M\n|-mega|p1a: PENl5 disorder|Lucario|Lucarionite\n|move|p1a: PENl5 disorder|Flash Cannon|p2a: Electrode\n|-resisted|p2a: Electrode\n|-damage|p2a: Electrode|8\/100\n|\n|upkeep\n|turn|24\n|\n|t:|1699388679\n|move|p1a: PENl5 disorder|Dragon Pulse|p2a: Electrode\n|-damage|p2a: Electrode|0 fnt\n|faint|p2a: Electrode\n|\n|upkeep\n|\n|t:|1699388685\n|switch|p2a: Marowak|Marowak, M|45\/100\n|turn|25\n|\n|t:|1699388689\n|move|p2a: Marowak|Bonemerang|p1a: PENl5 disorder\n|-supereffective|p1a: PENl5 disorder\n|-damage|p1a: PENl5 disorder|0 fnt\n|faint|p1a: PENl5 disorder\n|-hitcount|p1: PENl5 disorder|1\n|\n|upkeep\n|\n|t:|1699388694\n|switch|p1a: Batman|Noivern, M|100\/100\n|turn|26\n|\n|t:|1699388705\n|move|p2a: Marowak|Double-Edge|p1a: Batman\n|-damage|p1a: Batman|11\/100\n|move|p1a: Batman|Boomburst|p2a: Marowak\n|-damage|p2a: Marowak|0 fnt\n|faint|p2a: Marowak\n|-enditem|p1a: Batman|Throat Spray\n|-boost|p1a: Batman|spa|1|[from] item: Throat Spray\n|\n|-fieldend|move: Trick Room\n|upkeep\n|\n|t:|1699388716\n|switch|p2a: Dusknoir|Dusknoir, F|26\/100\n|turn|27\n|\n|t:|1699388720\n|move|p2a: Dusknoir|Shadow Sneak|p1a: Batman\n|-damage|p1a: Batman|0 fnt\n|faint|p1a: Batman\n|\n|-heal|p2a: Dusknoir|32\/100|[from] item: Leftovers\n|upkeep\n|\n|t:|1699388723\n|switch|p1a: Mandragora|Torterra, M|100\/100\n|turn|28\n|\n|t:|1699388731\n|move|p1a: Mandragora|Toxic|p2a: Dusknoir\n|-status|p2a: Dusknoir|tox\n|move|p2a: Dusknoir|Trick Room|p2a: Dusknoir\n|-fieldstart|move: Trick Room|[of] p2a: Dusknoir\n|\n|-heal|p2a: Dusknoir|39\/100 tox|[from] item: Leftovers\n|-damage|p2a: Dusknoir|32\/100 tox|[from] psn\n|upkeep\n|turn|29\n|\n|t:|1699388742\n|move|p2a: Dusknoir|Toxic|p1a: Mandragora|[miss]\n|-miss|p2a: Dusknoir|p1a: Mandragora\n|move|p1a: Mandragora|Leech Seed|p2a: Dusknoir\n|-start|p2a: Dusknoir|move: Leech Seed\n|\n|-heal|p2a: Dusknoir|39\/100 tox|[from] item: Leftovers\n|-damage|p2a: Dusknoir|26\/100 tox|[from] Leech Seed|[of] p1a: Mandragora\n|-damage|p2a: Dusknoir|14\/100 tox|[from] psn\n|upkeep\n|turn|30\n|\n|t:|1699388752\n|move|p1a: Mandragora|Protect|p1a: Mandragora\n|-singleturn|p1a: Mandragora|Protect\n|move|p2a: Dusknoir|Toxic|p1a: Mandragora\n|-activate|p1a: Mandragora|move: Protect\n|\n|-heal|p2a: Dusknoir|20\/100 tox|[from] item: Leftovers\n|-damage|p2a: Dusknoir|8\/100 tox|[from] Leech Seed|[of] p1a: Mandragora\n|-damage|p2a: Dusknoir|0 fnt|[from] psn\n|faint|p2a: Dusknoir\n|upkeep\n|\n|t:|1699388762\n|switch|p2a: Exeggutor|Exeggutor-Alola, M|100\/100\n|turn|31\n|c|\u2606satoshikuso|Rotate now m0therfucker\n|\n|t:|1699388783\n|move|p2a: Exeggutor|Giga Drain|p1a: Mandragora\n|-damage|p1a: Mandragora|68\/100\n|move|p1a: Mandragora|Toxic|p2a: Exeggutor\n|-status|p2a: Exeggutor|tox\n|\n|-heal|p1a: Mandragora|74\/100|[from] item: Leftovers\n|-damage|p2a: Exeggutor|94\/100 tox|[from] psn\n|upkeep\n|turn|32\n|\n|t:|1699388793\n|move|p1a: Mandragora|Leech Seed|p2a: Exeggutor\n|-immune|p2a: Exeggutor\n|move|p2a: Exeggutor|Dragon Tail|p1a: Mandragora\n|-damage|p1a: Mandragora|61\/100\n|\n|-heal|p1a: Mandragora|67\/100|[from] item: Leftovers\n|-damage|p2a: Exeggutor|82\/100 tox|[from] psn\n|-fieldend|move: Trick Room\n|upkeep\n|turn|33\n|\n|t:|1699388805\n|move|p1a: Mandragora|Mega Drain|p2a: Exeggutor\n|-resisted|p2a: Exeggutor\n|-damage|p2a: Exeggutor|79\/100 tox\n|-heal|p1a: Mandragora|69\/100|[from] drain|[of] p2a: Exeggutor\n|move|p2a: Exeggutor|Giga Drain|p1a: Mandragora\n|-damage|p1a: Mandragora|37\/100\n|-heal|p2a: Exeggutor|95\/100 tox|[from] drain|[of] p1a: Mandragora\n|\n|-heal|p1a: Mandragora|43\/100|[from] item: Leftovers\n|-damage|p2a: Exeggutor|77\/100 tox|[from] psn\n|upkeep\n|turn|34\n|\n|t:|1699388817\n|move|p1a: Mandragora|Protect|p1a: Mandragora\n|-singleturn|p1a: Mandragora|Protect\n|move|p2a: Exeggutor|Giga Drain|p1a: Mandragora\n|-activate|p1a: Mandragora|move: Protect\n|\n|-heal|p1a: Mandragora|49\/100|[from] item: Leftovers\n|-damage|p2a: Exeggutor|53\/100 tox|[from] psn\n|upkeep\n|turn|35\n|\n|t:|1699388826\n|move|p1a: Mandragora|Mega Drain|p2a: Exeggutor\n|-resisted|p2a: Exeggutor\n|-damage|p2a: Exeggutor|49\/100 tox\n|-heal|p1a: Mandragora|50\/100|[from] drain|[of] p2a: Exeggutor\n|-enditem|p2a: Exeggutor|Sitrus Berry|[eat]\n|-heal|p2a: Exeggutor|74\/100 tox|[from] item: Sitrus Berry\n|move|p2a: Exeggutor|Giga Drain|p1a: Mandragora\n|-damage|p1a: Mandragora|21\/100\n|-heal|p2a: Exeggutor|89\/100 tox|[from] drain|[of] p1a: Mandragora\n|\n|-heal|p1a: Mandragora|27\/100|[from] item: Leftovers\n|-damage|p2a: Exeggutor|59\/100 tox|[from] psn\n|-item|p2a: Exeggutor|Sitrus Berry|[from] ability: Harvest\n|upkeep\n|turn|36\n|\n|t:|1699388843\n|move|p1a: Mandragora|Protect|p1a: Mandragora\n|-singleturn|p1a: Mandragora|Protect\n|move|p2a: Exeggutor|Giga Drain|p1a: Mandragora\n|-activate|p1a: Mandragora|move: Protect\n|\n|-heal|p1a: Mandragora|33\/100|[from] item: Leftovers\n|-damage|p2a: Exeggutor|22\/100 tox|[from] psn\n|upkeep\n|-enditem|p2a: Exeggutor|Sitrus Berry|[eat]\n|-heal|p2a: Exeggutor|47\/100 tox|[from] item: Sitrus Berry\n|turn|37\n|\n|t:|1699388855\n|move|p1a: Mandragora|Mega Drain|p2a: Exeggutor\n|-resisted|p2a: Exeggutor\n|-damage|p2a: Exeggutor|44\/100 tox\n|-heal|p1a: Mandragora|35\/100|[from] drain|[of] p2a: Exeggutor\n|move|p2a: Exeggutor|Giga Drain|p1a: Mandragora\n|-damage|p1a: Mandragora|5\/100\n|-heal|p2a: Exeggutor|59\/100 tox|[from] drain|[of] p1a: Mandragora\n|\n|-heal|p1a: Mandragora|11\/100|[from] item: Leftovers\n|-damage|p2a: Exeggutor|16\/100 tox|[from] psn\n|upkeep\n|turn|38\n|\n|t:|1699388867\n|move|p1a: Mandragora|Protect|p1a: Mandragora\n|-singleturn|p1a: Mandragora|Protect\n|move|p2a: Exeggutor|Giga Drain|p1a: Mandragora\n|-activate|p1a: Mandragora|move: Protect\n|\n|-heal|p1a: Mandragora|17\/100|[from] item: Leftovers\n|-damage|p2a: Exeggutor|0 fnt|[from] psn\n|faint|p2a: Exeggutor\n|\n|win|satoshikuso\n|upkeep\n|raw|satoshikuso's rating: 1100 &rarr; <strong>1131<\/strong><br \/>(+31 for winning)\n|raw|Pollylopy's rating: 1181 &rarr; <strong>1150<\/strong><br \/>(-31 for losing)\n","uploadtime":1699388772,"views":5,"p1id":"satoshikuso","p2id":"pollylopy","formatid":"gen9nationaldexubers","rating":1131,"private":0,"password":""}