{"id":"gen9nationaldexubers-1988536374","p1":"DestroyXO","p2":"jacothaptrllr","format":"[Gen 9] National Dex Ubers","log":"|j|\u2606DestroyXO\n|j|\u2606jacothaptrllr\n|t:|1699733494\n|gametype|singles\n|player|p1|DestroyXO|169|1092\n|player|p2|jacothaptrllr|shadowtriad|1099\n|teamsize|p1|6\n|teamsize|p2|6\n|gen|9\n|tier|[Gen 9] National Dex Ubers\n|rated|\n|rule|HP Percentage Mod: HP is shown in percentages\n|rule|Endless Battle Clause: Forcing endless battles is banned\n|rule|OHKO Clause: OHKO moves are banned\n|rule|Evasion Moves Clause: Evasion moves are banned\n|rule|Evasion Items Clause: Evasion items are banned\n|rule|Species Clause: Limit one of each Pok\u00e9mon\n|rule|Sleep Clause Mod: Limit one foe put to sleep\n|rule|Mega Rayquaza Clause: You cannot mega evolve Rayquaza\n|clearpoke\n|poke|p1|Amoonguss, M|\n|poke|p1|Palafin, M|\n|poke|p1|Klinklang|\n|poke|p1|Clefable, M|\n|poke|p1|Mandibuzz, F|\n|poke|p1|Chandelure, M|\n|poke|p2|Goodra-Hisui, M|\n|poke|p2|Iron Valiant|\n|poke|p2|Skeledirge, M|\n|poke|p2|Thundurus-Therian, M|\n|poke|p2|Deoxys-Speed|\n|poke|p2|Annihilape, F|\n|teampreview\n|inactive|Battle timer is ON: inactive players will automatically lose when time's up. (requested by jacothaptrllr)\n|\n|t:|1699733509\n|start\n|switch|p1a: Palafin|Palafin, M|100\/100\n|switch|p2a: big stepper #1|Goodra-Hisui, M|100\/100\n|-item|p2a: big stepper #1|Air Balloon\n|turn|1\n|\n|t:|1699733523\n|move|p1a: Palafin|Close Combat|p2a: big stepper #1\n|-supereffective|p2a: big stepper #1\n|-damage|p2a: big stepper #1|9\/100\n|-unboost|p1a: Palafin|def|1\n|-unboost|p1a: Palafin|spd|1\n|-ability|p2a: big stepper #1|Gooey\n|-unboost|p1a: Palafin|spe|1\n|-enditem|p2a: big stepper #1|Air Balloon\n|move|p2a: big stepper #1|Thunderbolt|p1a: Palafin\n|-supereffective|p1a: Palafin\n|-damage|p1a: Palafin|0 fnt\n|faint|p1a: Palafin\n|\n|upkeep\n|\n|t:|1699733533\n|switch|p1a: Chandelure|Chandelure, M|100\/100\n|turn|2\n|\n|t:|1699733537\n|move|p1a: Chandelure|Shadow Ball|p2a: big stepper #1\n|-damage|p2a: big stepper #1|0 fnt\n|faint|p2a: big stepper #1\n|\n|upkeep\n|\n|t:|1699733549\n|switch|p2a: big stepper #8|Annihilape, F|100\/100\n|turn|3\n|\n|t:|1699733551\n|move|p2a: big stepper #8|Pursuit|p1a: Chandelure\n|-supereffective|p1a: Chandelure\n|-damage|p1a: Chandelure|65\/100\n|move|p1a: Chandelure|Shadow Ball|p2a: big stepper #8\n|-supereffective|p2a: big stepper #8\n|-damage|p2a: big stepper #8|0 fnt\n|faint|p2a: big stepper #8\n|\n|upkeep\n|\n|t:|1699733558\n|switch|p2a: big stepper #2|Iron Valiant|100\/100\n|-enditem|p2a: big stepper #2|Booster Energy\n|-activate|p2a: big stepper #2|ability: Quark Drive|[fromitem]\n|-start|p2a: big stepper #2|quarkdrivespe\n|turn|4\n|\n|t:|1699733571\n|switch|p1a: Clefable|Clefable, M|100\/100\n|move|p2a: big stepper #2|Knock Off|p1a: Clefable\n|-resisted|p1a: Clefable\n|-damage|p1a: Clefable|86\/100\n|-enditem|p1a: Clefable|Life Orb|[from] move: Knock Off|[of] p2a: big stepper #2\n|\n|upkeep\n|turn|5\n|\n|t:|1699733581\n|move|p2a: big stepper #2|Spirit Break|p1a: Clefable\n|-damage|p1a: Clefable|57\/100\n|-unboost|p1a: Clefable|spa|1\n|move|p1a: Clefable|Calm Mind|p1a: Clefable\n|-boost|p1a: Clefable|spa|1\n|-boost|p1a: Clefable|spd|1\n|\n|upkeep\n|turn|6\n|\n|t:|1699733587\n|move|p2a: big stepper #2|Encore|p1a: Clefable\n|-start|p1a: Clefable|Encore\n|move|p1a: Clefable|Calm Mind|p1a: Clefable\n|-boost|p1a: Clefable|spa|1\n|-boost|p1a: Clefable|spd|1\n|\n|upkeep\n|turn|7\n|\n|t:|1699733592\n|switch|p1a: Amoonguss|Amoonguss, M|100\/100\n|move|p2a: big stepper #2|Spirit Break|p1a: Amoonguss\n|-resisted|p1a: Amoonguss\n|-damage|p1a: Amoonguss|85\/100\n|-unboost|p1a: Amoonguss|spa|1\n|-damage|p2a: big stepper #2|84\/100|[from] item: Rocky Helmet|[of] p1a: Amoonguss\n|\n|upkeep\n|turn|8\n|\n|t:|1699733601\n|move|p2a: big stepper #2|Knock Off|p1a: Amoonguss\n|-damage|p1a: Amoonguss|60\/100\n|-damage|p2a: big stepper #2|67\/100|[from] item: Rocky Helmet|[of] p1a: Amoonguss\n|-enditem|p1a: Amoonguss|Rocky Helmet|[from] move: Knock Off|[of] p2a: big stepper #2\n|move|p1a: Amoonguss|Spore|p2a: big stepper #2\n|-status|p2a: big stepper #2|slp|[from] move: Spore\n|\n|upkeep\n|turn|9\n|\n|t:|1699733611\n|cant|p2a: big stepper #2|slp\n|move|p1a: Amoonguss|Sludge Bomb|p2a: big stepper #2\n|-supereffective|p2a: big stepper #2\n|-damage|p2a: big stepper #2|7\/100 slp\n|\n|upkeep\n|turn|10\n|\n|t:|1699733615\n|cant|p2a: big stepper #2|slp\n|move|p1a: Amoonguss|Sludge Bomb|p2a: big stepper #2\n|-supereffective|p2a: big stepper #2\n|-damage|p2a: big stepper #2|0 fnt\n|faint|p2a: big stepper #2\n|-end|p2a: big stepper #2|Quark Drive|[silent]\n|\n|upkeep\n|\n|t:|1699733618\n|switch|p2a: Mr Morale|Skeledirge, M|100\/100\n|turn|11\n|\n|t:|1699733621\n|switch|p1a: Chandelure|Chandelure, M|65\/100\n|move|p2a: Mr Morale|Substitute|p2a: Mr Morale\n|-start|p2a: Mr Morale|Substitute\n|-damage|p2a: Mr Morale|76\/100\n|\n|upkeep\n|turn|12\n|\n|t:|1699733626\n|move|p1a: Chandelure|Shadow Ball|p2a: Mr Morale\n|-supereffective|p2a: Mr Morale\n|-end|p2a: Mr Morale|Substitute\n|move|p2a: Mr Morale|Earth Power|p1a: Chandelure\n|-supereffective|p1a: Chandelure\n|-damage|p1a: Chandelure|0 fnt\n|faint|p1a: Chandelure\n|\n|upkeep\n|\n|t:|1699733635\n|switch|p1a: Mandibuzz|Mandibuzz, F|100\/100\n|turn|13\n|\n|t:|1699733645\n|-terastallize|p2a: Mr Morale|Flying\n|move|p2a: Mr Morale|Torch Song|p1a: Mandibuzz\n|-damage|p1a: Mandibuzz|71\/100\n|-boost|p2a: Mr Morale|spa|1\n|move|p1a: Mandibuzz|Foul Play|p2a: Mr Morale\n|-damage|p2a: Mr Morale|57\/100\n|\n|upkeep\n|turn|14\n|\n|t:|1699733670\n|move|p2a: Mr Morale|Slack Off|p2a: Mr Morale\n|-heal|p2a: Mr Morale|100\/100\n|move|p1a: Mandibuzz|U-turn|p2a: Mr Morale\n|-resisted|p2a: Mr Morale\n|-damage|p2a: Mr Morale|95\/100\n|\n|t:|1699733672\n|switch|p1a: Klinklang|Klinklang|100\/100|[from] U-turn\n|\n|upkeep\n|turn|15\n|\n|t:|1699733685\n|move|p1a: Klinklang|Gear Grind|p2a: Mr Morale\n|-damage|p2a: Mr Morale|71\/100\n|-crit|p2a: Mr Morale\n|-damage|p2a: Mr Morale|37\/100\n|-hitcount|p2a: Mr Morale|2\n|move|p2a: Mr Morale|Torch Song|p1a: Klinklang\n|-supereffective|p1a: Klinklang\n|-damage|p1a: Klinklang|0 fnt\n|-boost|p2a: Mr Morale|spa|1\n|faint|p1a: Klinklang\n|\n|upkeep\n|\n|t:|1699733696\n|switch|p1a: Clefable|Clefable, M|57\/100\n|turn|16\n|\n|t:|1699733701\n|move|p2a: Mr Morale|Slack Off|p2a: Mr Morale\n|-heal|p2a: Mr Morale|87\/100\n|move|p1a: Clefable|Moonblast|p2a: Mr Morale\n|-damage|p2a: Mr Morale|50\/100\n|\n|upkeep\n|turn|17\n|\n|t:|1699733709\n|move|p2a: Mr Morale|Slack Off|p2a: Mr Morale\n|-heal|p2a: Mr Morale|99\/100\n|move|p1a: Clefable|Moonblast|p2a: Mr Morale\n|-damage|p2a: Mr Morale|60\/100\n|\n|upkeep\n|turn|18\n|\n|t:|1699733715\n|move|p2a: Mr Morale|Torch Song|p1a: Clefable\n|-damage|p1a: Clefable|0 fnt\n|-boost|p2a: Mr Morale|spa|1\n|faint|p1a: Clefable\n|\n|upkeep\n|-message|DestroyXO forfeited.\n|\n|win|jacothaptrllr\n|raw|DestroyXO's rating: 1092 &rarr; <strong>1069<\/strong><br \/>(-23 for losing)\n|raw|jacothaptrllr's rating: 1099 &rarr; <strong>1124<\/strong><br \/>(+25 for winning)\n|l|\u2606DestroyXO\n","uploadtime":1699733726,"views":4,"p1id":"destroyxo","p2id":"jacothaptrllr","formatid":"gen9nationaldexubers","rating":1069,"private":0,"password":""}