{"id":"gen9nationaldexubers-1994533935","p1":"momfr","p2":"Kdisue","format":"[Gen 9] National Dex Ubers","log":"|j|\u2606momfr\n|j|\u2606Kdisue\n|t:|1700455786\n|gametype|singles\n|player|p1|momfr|265|1188\n|player|p2|Kdisue|265|1097\n|teamsize|p1|6\n|teamsize|p2|6\n|gen|9\n|tier|[Gen 9] National Dex Ubers\n|rated|\n|rule|HP Percentage Mod: HP is shown in percentages\n|rule|Endless Battle Clause: Forcing endless battles is banned\n|rule|OHKO Clause: OHKO moves are banned\n|rule|Evasion Moves Clause: Evasion moves are banned\n|rule|Evasion Items Clause: Evasion items are banned\n|rule|Species Clause: Limit one of each Pok\u00e9mon\n|rule|Sleep Clause Mod: Limit one foe put to sleep\n|rule|Mega Rayquaza Clause: You cannot mega evolve Rayquaza\n|clearpoke\n|poke|p1|Deoxys-Attack|\n|poke|p1|Gliscor, F|\n|poke|p1|Darkrai|\n|poke|p1|Dragonite, M|\n|poke|p1|Mewtwo|\n|poke|p1|Rayquaza|\n|poke|p2|Arceus-Bug|\n|poke|p2|Genesect|\n|poke|p2|Beedrill, M|\n|poke|p2|Kleavor, F|\n|poke|p2|Volcarona, F|\n|poke|p2|Ursaluna-Bloodmoon, M|\n|teampreview\n|inactive|Battle timer is ON: inactive players will automatically lose when time's up. (requested by Kdisue)\n|j| gayspotter2\n|j| kung fu pokechu\n|\n|t:|1700455811\n|start\n|switch|p1a: KANTOOOOOOOOOOOOOO|Mewtwo|100\/100\n|switch|p2a: Truck ; ;|Kleavor, F|100\/100\n|-ability|p1a: KANTOOOOOOOOOOOOOO|Pressure\n|turn|1\n|c|\u2606Kdisue|Again\n|j| Adamanzane\n|c|\u2606Kdisue|im not using band ferrothorn or specs rotom tho\n|\n|t:|1700455827\n|detailschange|p1a: KANTOOOOOOOOOOOOOO|Mewtwo-Mega-X\n|-mega|p1a: KANTOOOOOOOOOOOOOO|Mewtwo|Mewtwonite X\n|move|p2a: Truck ; ;|X-Scissor|p1a: KANTOOOOOOOOOOOOOO\n|-damage|p1a: KANTOOOOOOOOOOOOOO|51\/100\n|move|p1a: KANTOOOOOOOOOOOOOO|Low Kick|p2a: Truck ; ;\n|-damage|p2a: Truck ; ;|31\/100\n|\n|upkeep\n|turn|2\n|c| gayspotter2|don't worry I told them you were just joking before\n|c| gayspotter2|now champ fights for real\n|\n|t:|1700455845\n|move|p2a: Truck ; ;|X-Scissor|p1a: KANTOOOOOOOOOOOOOO\n|-damage|p1a: KANTOOOOOOOOOOOOOO|0 fnt\n|faint|p1a: KANTOOOOOOOOOOOOOO\n|\n|upkeep\n|c|\u2606Kdisue|Still monobug\n|\n|t:|1700455851\n|switch|p1a: OJ Simpson|Gliscor, F|100\/100\n|turn|3\n|\n|t:|1700455855\n|switch|p2a: Flora|Ursaluna-Bloodmoon, M|100\/100\n|move|p1a: OJ Simpson|Swords Dance|p1a: OJ Simpson\n|-boost|p1a: OJ Simpson|atk|2\n|\n|-status|p1a: OJ Simpson|tox|[from] item: Toxic Orb\n|upkeep\n|turn|4\n|\n|t:|1700455864\n|-terastallize|p2a: Flora|Bug\n|move|p1a: OJ Simpson|Earthquake|p2a: Flora\n|-resisted|p2a: Flora\n|-damage|p2a: Flora|80\/100\n|move|p2a: Flora|Blood Moon|p1a: OJ Simpson\n|-damage|p1a: OJ Simpson|27\/100 tox\n|\n|-heal|p2a: Flora|86\/100|[from] item: Leftovers\n|-heal|p1a: OJ Simpson|40\/100 tox|[from] ability: Poison Heal\n|upkeep\n|turn|5\n|\n|t:|1700455878\n|move|p1a: OJ Simpson|Roost|p1a: OJ Simpson\n|-heal|p1a: OJ Simpson|90\/100 tox\n|-singleturn|p1a: OJ Simpson|move: Roost\n|move|p2a: Flora|Tera Blast|p1a: OJ Simpson|[anim] Tera Blast Bug\n|-damage|p1a: OJ Simpson|49\/100 tox\n|\n|-heal|p2a: Flora|92\/100|[from] item: Leftovers\n|-heal|p1a: OJ Simpson|62\/100 tox|[from] ability: Poison Heal\n|upkeep\n|turn|6\n|\n|t:|1700455889\n|move|p1a: OJ Simpson|Facade|p2a: Flora\n|-damage|p2a: Flora|52\/100\n|move|p2a: Flora|Blood Moon|p1a: OJ Simpson\n|-damage|p1a: OJ Simpson|0 fnt\n|faint|p1a: OJ Simpson\n|\n|-heal|p2a: Flora|58\/100|[from] item: Leftovers\n|upkeep\n|\n|t:|1700455899\n|switch|p1a: GUF|Rayquaza|100\/100\n|-ability|p1a: GUF|Air Lock\n|turn|7\n|\n|t:|1700455906\n|move|p1a: GUF|Dragon Dance|p1a: GUF\n|-boost|p1a: GUF|atk|1\n|-boost|p1a: GUF|spe|1\n|move|p2a: Flora|Tera Blast|p1a: GUF|[anim] Tera Blast Bug\n|-resisted|p1a: GUF\n|-damage|p1a: GUF|77\/100\n|\n|-heal|p2a: Flora|64\/100|[from] item: Leftovers\n|upkeep\n|turn|8\n|\n|t:|1700455915\n|move|p1a: GUF|Dragon Ascent|p2a: Flora\n|-supereffective|p2a: Flora\n|-damage|p2a: Flora|0 fnt\n|-unboost|p1a: GUF|def|1\n|-unboost|p1a: GUF|spd|1\n|faint|p2a: Flora\n|-damage|p1a: GUF|67\/100|[from] item: Life Orb\n|\n|upkeep\n|\n|t:|1700455925\n|switch|p2a: Truck ; ;|Kleavor, F|31\/100\n|turn|9\n|\n|t:|1700455935\n|move|p1a: GUF|Dragon Ascent|p2a: Truck ; ;\n|-damage|p2a: Truck ; ;|0 fnt\n|-unboost|p1a: GUF|def|1\n|-unboost|p1a: GUF|spd|1\n|faint|p2a: Truck ; ;\n|-damage|p1a: GUF|57\/100|[from] item: Life Orb\n|\n|upkeep\n|\n|t:|1700455943\n|switch|p2a: Truck :v:|Genesect, shiny|100\/100\n|-ability|p2a: Truck :v:|Download|boost\n|-boost|p2a: Truck :v:|spa|1\n|turn|10\n|\n|t:|1700455950\n|move|p2a: Truck :v:|Extreme Speed|p1a: GUF\n|-damage|p1a: GUF|0 fnt\n|faint|p1a: GUF\n|\n|upkeep\n|\n|t:|1700455956\n|switch|p1a: Barney|Dragonite, M|100\/100\n|turn|11\n|\n|t:|1700455961\n|move|p2a: Truck :v:|Extreme Speed|p1a: Barney\n|-damage|p1a: Barney|85\/100\n|move|p1a: Barney|Dragon Dance|p1a: Barney\n|-boost|p1a: Barney|atk|1\n|-boost|p1a: Barney|spe|1\n|\n|upkeep\n|turn|12\n|\n|t:|1700455982\n|switch|p2a: Truck ;.;|Arceus-Bug, shiny|100\/100\n|move|p1a: Barney|Outrage|p2a: Truck ;.;\n|-damage|p2a: Truck ;.;|36\/100\n|\n|upkeep\n|turn|13\n|\n|t:|1700455989\n|move|p1a: Barney|Outrage|p2a: Truck ;.;|[from]lockedmove\n|-damage|p2a: Truck ;.;|0 fnt\n|faint|p2a: Truck ;.;\n|-start|p1a: Barney|confusion|[fatigue]\n|-enditem|p1a: Barney|Lum Berry|[eat]\n|-end|p1a: Barney|confusion\n|\n|upkeep\n|\n|t:|1700455999\n|switch|p2a: Truck :v:|Genesect, shiny|100\/100\n|-ability|p2a: Truck :v:|Download|boost\n|-boost|p2a: Truck :v:|atk|1\n|turn|14\n|\n|t:|1700456004\n|move|p2a: Truck :v:|Iron Head|p1a: Barney\n|-damage|p1a: Barney|20\/100\n|move|p1a: Barney|Outrage|p2a: Truck :v:\n|-resisted|p2a: Truck :v:\n|-damage|p2a: Truck :v:|32\/100\n|\n|upkeep\n|turn|15\n|\n|t:|1700456011\n|move|p2a: Truck :v:|Iron Head|p1a: Barney\n|-damage|p1a: Barney|0 fnt\n|faint|p1a: Barney\n|\n|upkeep\n|\n|t:|1700456016\n|switch|p1a: normie in space|Deoxys-Attack|100\/100\n|-ability|p1a: normie in space|Pressure\n|turn|16\n|\n|t:|1700456021\n|-terastallize|p1a: normie in space|Normal\n|move|p1a: normie in space|Extreme Speed|p2a: Truck :v:\n|-resisted|p2a: Truck :v:\n|-damage|p2a: Truck :v:|0 fnt\n|faint|p2a: Truck :v:\n|\n|upkeep\n|\n|t:|1700456028\n|switch|p2a: Articulated Lorry|Volcarona, F|100\/100\n|turn|17\n|\n|t:|1700456033\n|move|p1a: normie in space|Extreme Speed|p2a: Articulated Lorry\n|-damage|p2a: Articulated Lorry|31\/100\n|move|p2a: Articulated Lorry|Bug Buzz|p1a: normie in space\n|-damage|p1a: normie in space|0 fnt\n|faint|p1a: normie in space\n|\n|upkeep\n|\n|t:|1700456038\n|switch|p1a: Stall is Evil|Darkrai|100\/100\n|turn|18\n|\n|t:|1700456044\n|move|p2a: Articulated Lorry|Bug Buzz|p1a: Stall is Evil\n|-supereffective|p1a: Stall is Evil\n|-damage|p1a: Stall is Evil|13\/100\n|move|p1a: Stall is Evil|Hypnosis|p2a: Articulated Lorry|[miss]\n|-miss|p1a: Stall is Evil|p2a: Articulated Lorry\n|\n|-heal|p1a: Stall is Evil|19\/100|[from] item: Leftovers\n|upkeep\n|turn|19\n|c|\u2606Kdisue|Tough\n|\n|t:|1700456054\n|move|p2a: Articulated Lorry|Bug Buzz|p1a: Stall is Evil\n|-supereffective|p1a: Stall is Evil\n|-damage|p1a: Stall is Evil|0 fnt\n|faint|p1a: Stall is Evil\n|\n|win|Kdisue\n|raw|momfr's rating: 1188 &rarr; <strong>1157<\/strong><br \/>(-31 for losing)\n|raw|Kdisue's rating: 1097 &rarr; <strong>1129<\/strong><br \/>(+32 for winning)\n|c|\u2606Kdisue|gg\n|c| gayspotter2|bg\n|l| kung fu pokechu\n","uploadtime":1700456058,"views":3,"p1id":"momfr","p2id":"kdisue","formatid":"gen9nationaldexubers","rating":1129,"private":0,"password":""}