{"id":"gen9nationaldexubers-1991536218","p1":"Rayqueerza32","p2":"skillzbp","format":"[Gen 9] National Dex Ubers","log":"|j|\u2606Rayqueerza32\n|j|\u2606skillzbp\n|t:|1700086018\n|gametype|singles\n|player|p1|Rayqueerza32|palmer|\n|player|p2|skillzbp|hau|\n|teamsize|p1|6\n|teamsize|p2|6\n|gen|9\n|tier|[Gen 9] National Dex Ubers\n|rule|HP Percentage Mod: HP is shown in percentages\n|rule|Endless Battle Clause: Forcing endless battles is banned\n|rule|OHKO Clause: OHKO moves are banned\n|rule|Evasion Moves Clause: Evasion moves are banned\n|rule|Evasion Items Clause: Evasion items are banned\n|rule|Species Clause: Limit one of each Pok\u00e9mon\n|rule|Sleep Clause Mod: Limit one foe put to sleep\n|rule|Mega Rayquaza Clause: You cannot mega evolve Rayquaza\n|clearpoke\n|poke|p1|Scizor, F|\n|poke|p1|Landorus-Therian, M|\n|poke|p1|Greninja-*, M|\n|poke|p1|Corviknight, M|\n|poke|p1|Blissey, F|\n|poke|p1|Conkeldurr, M|\n|poke|p2|Kyogre|\n|poke|p2|Slowbro, F|\n|poke|p2|Urshifu-*, F|\n|poke|p2|Palkia-Origin|\n|poke|p2|Crawdaunt, F|\n|poke|p2|Swampert, M|\n|teampreview\n|inactive|Battle timer is ON: inactive players will automatically lose when time's up. (requested by Rayqueerza32)\n|inactive|skillzbp also wants the timer to be on.\n|c|\u2606skillzbp|ok NOWW glhf\n|c|\u2606Rayqueerza32|u2\n|j| Destinum\n|inactive|skillzbp no longer wants the timer on, but the timer is staying on because rayqueerza32 still does.\n|\n|t:|1700086042\n|start\n|switch|p1a: UUBL|Landorus-Therian, M|100\/100\n|switch|p2a: Kyogre|Kyogre|100\/100\n|-ability|p1a: UUBL|Intimidate|boost\n|-unboost|p2a: Kyogre|atk|1\n|-weather|RainDance|[from] ability: Drizzle|[of] p2a: Kyogre\n|turn|1\n|\n|t:|1700086051\n|switch|p1a: Fat Fuck Friday|Blissey, F|100\/100\n|move|p2a: Kyogre|Water Spout|p1a: Fat Fuck Friday\n|-damage|p1a: Fat Fuck Friday|66\/100\n|\n|-weather|RainDance|[upkeep]\n|upkeep\n|turn|2\n|\n|t:|1700086067\n|switch|p2a: That crab I hate|Crawdaunt, F|100\/100\n|move|p1a: Fat Fuck Friday|Soft-Boiled|p1a: Fat Fuck Friday\n|-heal|p1a: Fat Fuck Friday|100\/100\n|\n|-weather|RainDance|[upkeep]\n|upkeep\n|turn|3\n|\n|t:|1700086075\n|switch|p1a: Tinkatrouble|Corviknight, M|100\/100\n|-ability|p1a: Tinkatrouble|Pressure\n|move|p2a: That crab I hate|Liquidation|p1a: Tinkatrouble\n|-damage|p1a: Tinkatrouble|32\/100\n|-unboost|p1a: Tinkatrouble|def|1\n|-damage|p2a: That crab I hate|84\/100|[from] item: Rocky Helmet|[of] p1a: Tinkatrouble\n|-damage|p2a: That crab I hate|74\/100|[from] item: Life Orb\n|\n|-weather|RainDance|[upkeep]\n|upkeep\n|turn|4\n|\n|t:|1700086081\n|-terastallize|p1a: Tinkatrouble|Dragon\n|move|p2a: That crab I hate|Knock Off|p1a: Tinkatrouble\n|-damage|p1a: Tinkatrouble|0 fnt\n|-damage|p2a: That crab I hate|58\/100|[from] item: Rocky Helmet|[of] p1a: Tinkatrouble\n|-enditem|p1a: Tinkatrouble|Rocky Helmet|[from] move: Knock Off|[of] p2a: That crab I hate\n|faint|p1a: Tinkatrouble\n|-damage|p2a: That crab I hate|48\/100|[from] item: Life Orb\n|\n|-weather|RainDance|[upkeep]\n|upkeep\n|\n|t:|1700086085\n|switch|p1a: Amphinobi|Greninja, M|100\/100\n|turn|5\n|\n|t:|1700086098\n|switch|p2a: Palkia|Palkia-Origin|100\/100\n|-ability|p2a: Palkia|Pressure\n|move|p1a: Amphinobi|Grass Knot|p2a: Palkia\n|-damage|p2a: Palkia|49\/100\n|\n|-weather|none\n|upkeep\n|turn|6\n|\n|t:|1700086125\n|move|p1a: Amphinobi|Grass Knot|p2a: Palkia\n|-crit|p2a: Palkia\n|-damage|p2a: Palkia|0 fnt\n|faint|p2a: Palkia\n|-ability|p1a: Amphinobi|Battle Bond|boost\n|-boost|p1a: Amphinobi|atk|1\n|-boost|p1a: Amphinobi|spa|1\n|-boost|p1a: Amphinobi|spe|1\n|-activate|p1a: Amphinobi|ability: Battle Bond\n|\n|upkeep\n|inactive|skillzbp has 270 seconds left.\n|\n|t:|1700086140\n|switch|p2a: Kyogre|Kyogre|100\/100\n|-weather|RainDance|[from] ability: Drizzle|[of] p2a: Kyogre\n|turn|7\n|\n|t:|1700086145\n|move|p1a: Amphinobi|Grass Knot|p2a: Kyogre\n|-supereffective|p2a: Kyogre\n|-damage|p2a: Kyogre|0 fnt\n|faint|p2a: Kyogre\n|\n|-weather|RainDance|[upkeep]\n|upkeep\n|\n|t:|1700086153\n|switch|p2a: That crab I hate|Crawdaunt, F|48\/100\n|turn|8\n|c|\u2606Rayqueerza32|we ball\n|c| Destinum|The Grass Knot sweep?\n|\n|t:|1700086159\n|move|p2a: That crab I hate|Aqua Jet|p1a: Amphinobi\n|-resisted|p1a: Amphinobi\n|-damage|p1a: Amphinobi|56\/100\n|-damage|p2a: That crab I hate|38\/100|[from] item: Life Orb\n|move|p1a: Amphinobi|Grass Knot|p2a: That crab I hate\n|-supereffective|p2a: That crab I hate\n|-damage|p2a: That crab I hate|0 fnt\n|faint|p2a: That crab I hate\n|\n|-weather|RainDance|[upkeep]\n|upkeep\n|\n|t:|1700086163\n|switch|p2a: Single mother of 2|Slowbro, F|100\/100\n|turn|9\n|\n|t:|1700086166\n|move|p1a: Amphinobi|Grass Knot|p2a: Single mother of 2\n|-supereffective|p2a: Single mother of 2\n|-damage|p2a: Single mother of 2|0 fnt\n|-damage|p1a: Amphinobi|40\/100|[from] item: Rocky Helmet|[of] p2a: Single mother of 2\n|faint|p2a: Single mother of 2\n|\n|-weather|RainDance|[upkeep]\n|upkeep\n|\n|t:|1700086168\n|switch|p2a: bear(?)|Urshifu-Rapid-Strike, F|100\/100\n|turn|10\n|\n|t:|1700086170\n|move|p1a: Amphinobi|Grass Knot|p2a: bear(?)\n|-supereffective|p2a: bear(?)\n|-damage|p2a: bear(?)|0 fnt\n|faint|p2a: bear(?)\n|\n|-weather|RainDance|[upkeep]\n|upkeep\n|\n|t:|1700086172\n|switch|p2a: Dwayne Johnson|Swampert, M|100\/100\n|turn|11\n|\n|t:|1700086174\n|detailschange|p2a: Dwayne Johnson|Swampert-Mega, M\n|-mega|p2a: Dwayne Johnson|Swampert|Swampertite\n|move|p1a: Amphinobi|Grass Knot|p2a: Dwayne Johnson\n|-supereffective|p2a: Dwayne Johnson\n|-damage|p2a: Dwayne Johnson|0 fnt\n|faint|p2a: Dwayne Johnson\n|\n|win|Rayqueerza32\n|c|\u2606Rayqueerza32|GG\n|c|\u2606skillzbp|gg\n|c|\u2606Rayqueerza32|E4 HERE I COME\n","uploadtime":1700086189,"views":27,"p1id":"rayqueerza32","p2id":"skillzbp","formatid":"gen9nationaldexubers","rating":0,"private":0,"password":""}