{"id":"gen9nationaldexubers-1990234696","p1":"BulbaJr","p2":"RositaV (TRAINER)","format":"[Gen 9] National Dex Ubers","log":"|j|\u2606BulbaJr\n|j|\u2606RositaV (TRAINER)\n|t:|1699941810\n|gametype|singles\n|player|p1|BulbaJr|lucas-gen4pt|1078\n|player|p2|RositaV (TRAINER)|rosa|1012\n|teamsize|p1|6\n|teamsize|p2|6\n|gen|9\n|tier|[Gen 9] National Dex Ubers\n|rated|\n|rule|HP Percentage Mod: HP is shown in percentages\n|rule|Endless Battle Clause: Forcing endless battles is banned\n|rule|OHKO Clause: OHKO moves are banned\n|rule|Evasion Moves Clause: Evasion moves are banned\n|rule|Evasion Items Clause: Evasion items are banned\n|rule|Species Clause: Limit one of each Pok\u00e9mon\n|rule|Sleep Clause Mod: Limit one foe put to sleep\n|rule|Mega Rayquaza Clause: You cannot mega evolve Rayquaza\n|clearpoke\n|poke|p1|Magmortar, M|\n|poke|p1|Tangrowth, M|\n|poke|p1|Tsareena, F|\n|poke|p1|Blastoise, M|\n|poke|p1|Amoonguss, M|\n|poke|p1|Dragonite, M|\n|poke|p2|Dragapult, M|\n|poke|p2|Ceruledge, M|\n|poke|p2|Gengar, M|\n|poke|p2|Mimikyu, M|\n|poke|p2|Annihilape, F|\n|poke|p2|Gholdengo|\n|teampreview\n|\n|t:|1699941819\n|start\n|switch|p1a: Bowser|Blastoise, M|100\/100\n|switch|p2a: Mimikyu|Mimikyu, M, shiny|100\/100\n|turn|1\n|\n|t:|1699941829\n|detailschange|p1a: Bowser|Blastoise-Mega, M\n|-mega|p1a: Bowser|Blastoise|Blastoisinite\n|move|p1a: Bowser|Water Pulse|p2a: Mimikyu\n|-activate|p2a: Mimikyu|ability: Disguise\n|-damage|p2a: Mimikyu|100\/100\n|detailschange|p2a: Mimikyu|Mimikyu-Busted, M, shiny\n|-damage|p2a: Mimikyu|88\/100|[from] pokemon: Mimikyu-Busted\n|move|p2a: Mimikyu|Trick Room|p2a: Mimikyu\n|-fieldstart|move: Trick Room|[of] p2a: Mimikyu\n|\n|upkeep\n|turn|2\n|\n|t:|1699941846\n|move|p2a: Mimikyu|Drain Punch|p1a: Bowser\n|-damage|p1a: Bowser|79\/100\n|-heal|p2a: Mimikyu|99\/100|[from] drain|[of] p1a: Bowser\n|move|p1a: Bowser|Water Pulse|p2a: Mimikyu\n|-crit|p2a: Mimikyu\n|-damage|p2a: Mimikyu|15\/100\n|\n|upkeep\n|turn|3\n|\n|t:|1699941857\n|move|p2a: Mimikyu|Drain Punch|p1a: Bowser\n|-damage|p1a: Bowser|60\/100\n|-heal|p2a: Mimikyu|24\/100|[from] drain|[of] p1a: Bowser\n|move|p1a: Bowser|Water Pulse|p2a: Mimikyu\n|-damage|p2a: Mimikyu|0 fnt\n|faint|p2a: Mimikyu\n|\n|upkeep\n|\n|t:|1699941871\n|switch|p2a: Dragapult|Dragapult, M, shiny|100\/100\n|turn|4\n|\n|t:|1699941884\n|move|p1a: Bowser|Dragon Pulse|p2a: Dragapult\n|-supereffective|p2a: Dragapult\n|-damage|p2a: Dragapult|0 fnt\n|faint|p2a: Dragapult\n|\n|upkeep\n|\n|t:|1699941892\n|switch|p2a: Ceruledge|Ceruledge, M, shiny|100\/100\n|turn|5\n|\n|t:|1699941897\n|move|p1a: Bowser|Shell Smash|p1a: Bowser\n|-unboost|p1a: Bowser|def|1\n|-unboost|p1a: Bowser|spd|1\n|-boost|p1a: Bowser|atk|2\n|-boost|p1a: Bowser|spa|2\n|-boost|p1a: Bowser|spe|2\n|move|p2a: Ceruledge|Close Combat|p1a: Bowser\n|-damage|p1a: Bowser|0 fnt\n|-unboost|p2a: Ceruledge|def|1\n|-unboost|p2a: Ceruledge|spd|1\n|faint|p1a: Bowser\n|-damage|p2a: Ceruledge|91\/100|[from] item: Life Orb\n|\n|-fieldend|move: Trick Room\n|upkeep\n|\n|t:|1699941925\n|switch|p1a: Yoshi|Dragonite, M, shiny|100\/100\n|turn|6\n|\n|t:|1699941961\n|move|p2a: Ceruledge|Close Combat|p1a: Yoshi\n|-resisted|p1a: Yoshi\n|-damage|p1a: Yoshi|86\/100\n|-unboost|p2a: Ceruledge|def|1\n|-unboost|p2a: Ceruledge|spd|1\n|-damage|p2a: Ceruledge|81\/100|[from] item: Life Orb\n|move|p1a: Yoshi|Dragon Dance|p1a: Yoshi\n|-boost|p1a: Yoshi|atk|1\n|-boost|p1a: Yoshi|spe|1\n|\n|upkeep\n|turn|7\n|\n|t:|1699941975\n|-terastallize|p1a: Yoshi|Dragon\n|move|p1a: Yoshi|Dragon Claw|p2a: Ceruledge\n|-damage|p2a: Ceruledge|0 fnt\n|faint|p2a: Ceruledge\n|-damage|p1a: Yoshi|76\/100|[from] item: Life Orb\n|\n|upkeep\n|\n|t:|1699941984\n|switch|p2a: Gengar|Gengar, M, shiny|100\/100\n|turn|8\n|\n|t:|1699941988\n|move|p1a: Yoshi|Dragon Claw|p2a: Gengar\n|-enditem|p2a: Gengar|Focus Sash\n|-damage|p2a: Gengar|1\/100\n|-start|p1a: Yoshi|Disable|Dragon Claw|[from] ability: Cursed Body|[of] p2a: Gengar\n|-damage|p1a: Yoshi|66\/100|[from] item: Life Orb\n|move|p2a: Gengar|Dazzling Gleam|p1a: Yoshi\n|-supereffective|p1a: Yoshi\n|-damage|p1a: Yoshi|2\/100\n|\n|upkeep\n|turn|9\n|\n|t:|1699942002\n|move|p1a: Yoshi|Dual Wingbeat|p2a: Gengar\n|-damage|p2a: Gengar|0 fnt\n|faint|p2a: Gengar\n|-hitcount|p2: Gengar|1\n|-damage|p1a: Yoshi|0 fnt|[from] item: Life Orb\n|faint|p1a: Yoshi\n|\n|upkeep\n|\n|t:|1699942015\n|switch|p2a: Annihilape|Annihilape, F, shiny|100\/100\n|switch|p1a: Toad|Amoonguss, M|100\/100\n|turn|10\n|\n|t:|1699942025\n|move|p2a: Annihilape|Earthquake|p1a: Toad\n|-damage|p1a: Toad|69\/100\n|move|p1a: Toad|Toxic|p2a: Annihilape\n|-status|p2a: Annihilape|tox\n|\n|-heal|p1a: Toad|75\/100|[from] item: Leftovers\n|-damage|p2a: Annihilape|94\/100 tox|[from] psn\n|upkeep\n|turn|11\n|\n|t:|1699942036\n|move|p2a: Annihilape|Bulk Up|p2a: Annihilape\n|-boost|p2a: Annihilape|atk|1\n|-boost|p2a: Annihilape|def|1\n|move|p1a: Toad|Synthesis|p1a: Toad\n|-heal|p1a: Toad|100\/100\n|\n|-heal|p2a: Annihilape|100\/100 tox|[from] item: Leftovers\n|-damage|p2a: Annihilape|88\/100 tox|[from] psn\n|upkeep\n|turn|12\n|\n|t:|1699942047\n|switch|p1a: Luigi|Tangrowth, M, shiny|100\/100\n|move|p2a: Annihilape|Bulk Up|p2a: Annihilape\n|-boost|p2a: Annihilape|atk|1\n|-boost|p2a: Annihilape|def|1\n|\n|-heal|p2a: Annihilape|94\/100 tox|[from] item: Leftovers\n|-damage|p2a: Annihilape|76\/100 tox|[from] psn\n|upkeep\n|turn|13\n|\n|t:|1699942062\n|move|p2a: Annihilape|Drain Punch|p1a: Luigi\n|-damage|p1a: Luigi|54\/100\n|-heal|p2a: Annihilape|100\/100 tox|[from] drain|[of] p1a: Luigi\n|move|p1a: Luigi|Giga Drain|p2a: Annihilape\n|-damage|p2a: Annihilape|67\/100 tox\n|-heal|p1a: Luigi|69\/100|[from] drain|[of] p2a: Annihilape\n|\n|-heal|p2a: Annihilape|73\/100 tox|[from] item: Leftovers\n|-damage|p2a: Annihilape|49\/100 tox|[from] psn\n|upkeep\n|turn|14\n|\n|t:|1699942076\n|move|p2a: Annihilape|Drain Punch|p1a: Luigi\n|-damage|p1a: Luigi|22\/100\n|-heal|p2a: Annihilape|76\/100 tox|[from] drain|[of] p1a: Luigi\n|move|p1a: Luigi|Giga Drain|p2a: Annihilape\n|-damage|p2a: Annihilape|42\/100 tox\n|-heal|p1a: Luigi|36\/100|[from] drain|[of] p2a: Annihilape\n|\n|-heal|p2a: Annihilape|49\/100 tox|[from] item: Leftovers\n|-damage|p2a: Annihilape|18\/100 tox|[from] psn\n|upkeep\n|turn|15\n|\n|t:|1699942090\n|switch|p1a: Toad|Amoonguss, M|100\/100\n|move|p2a: Annihilape|Drain Punch|p1a: Toad\n|-resisted|p1a: Toad\n|-damage|p1a: Toad|60\/100\n|-heal|p2a: Annihilape|43\/100 tox|[from] drain|[of] p1a: Toad\n|\n|-heal|p2a: Annihilape|49\/100 tox|[from] item: Leftovers\n|-heal|p1a: Toad|66\/100|[from] item: Leftovers\n|-damage|p2a: Annihilape|12\/100 tox|[from] psn\n|upkeep\n|turn|16\n|\n|t:|1699942121\n|move|p2a: Annihilape|Earthquake|p1a: Toad\n|-damage|p1a: Toad|0 fnt\n|faint|p1a: Toad\n|\n|-heal|p2a: Annihilape|18\/100 tox|[from] item: Leftovers\n|-damage|p2a: Annihilape|0 fnt|[from] psn\n|faint|p2a: Annihilape\n|upkeep\n|\n|t:|1699942131\n|switch|p2a: Gholdengo|Gholdengo|100\/100\n|switch|p1a: Mario|Magmortar, M|100\/100\n|turn|17\n|\n|t:|1699942141\n|-terastallize|p2a: Gholdengo|Fighting\n|move|p1a: Mario|Fire Blast|p2a: Gholdengo|[miss]\n|-miss|p1a: Mario|p2a: Gholdengo\n|move|p2a: Gholdengo|Nasty Plot|p2a: Gholdengo\n|-boost|p2a: Gholdengo|spa|2\n|\n|upkeep\n|turn|18\n|\n|t:|1699942154\n|move|p1a: Mario|Fire Blast|p2a: Gholdengo\n|-damage|p2a: Gholdengo|40\/100\n|move|p2a: Gholdengo|Focus Blast|p1a: Mario|[miss]\n|-miss|p2a: Gholdengo|p1a: Mario\n|\n|upkeep\n|turn|19\n|\n|t:|1699942163\n|move|p1a: Mario|Fire Blast|p2a: Gholdengo|[miss]\n|-miss|p1a: Mario|p2a: Gholdengo\n|move|p2a: Gholdengo|Shadow Ball|p1a: Mario\n|-damage|p1a: Mario|29\/100\n|\n|upkeep\n|turn|20\n|\n|t:|1699942171\n|move|p1a: Mario|Fire Blast|p2a: Gholdengo\n|-damage|p2a: Gholdengo|0 fnt\n|faint|p2a: Gholdengo\n|\n|win|BulbaJr\n|raw|BulbaJr's rating: 1078 &rarr; <strong>1101<\/strong><br \/>(+23 for winning)\n|raw|RositaV (TRAINER)'s rating: 1012 &rarr; <strong>1002<\/strong><br \/>(-10 for losing)\n","uploadtime":1699942184,"views":7,"p1id":"bulbajr","p2id":"rositavtrainer","formatid":"gen9nationaldexubers","rating":1002,"private":0,"password":""}