{"id":"gen9nationaldexubers-1982729460","p1":"Yellow_Calico","p2":"Jujiro Hanma","format":"[Gen 9] National Dex Ubers","log":"|j|\u2606Yellow_Calico\n|j|\u2606Jujiro Hanma\n|t:|1699039498\n|gametype|singles\n|player|p1|Yellow_Calico|scientistf|1180\n|player|p2|Jujiro Hanma|kiawe|1289\n|teamsize|p1|6\n|teamsize|p2|6\n|gen|9\n|tier|[Gen 9] National Dex Ubers\n|rated|\n|rule|HP Percentage Mod: HP is shown in percentages\n|rule|Endless Battle Clause: Forcing endless battles is banned\n|rule|OHKO Clause: OHKO moves are banned\n|rule|Evasion Moves Clause: Evasion moves are banned\n|rule|Evasion Items Clause: Evasion items are banned\n|rule|Species Clause: Limit one of each Pok\u00e9mon\n|rule|Sleep Clause Mod: Limit one foe put to sleep\n|rule|Mega Rayquaza Clause: You cannot mega evolve Rayquaza\n|clearpoke\n|poke|p1|Liepard, F|\n|poke|p1|Gothitelle, M|\n|poke|p1|Reshiram|\n|poke|p1|Great Tusk|\n|poke|p1|Chi-Yu|\n|poke|p1|Clodsire, M|\n|poke|p2|Pinsir, M|\n|poke|p2|Pheromosa|\n|poke|p2|Genesect|\n|poke|p2|Volbeat, M|\n|poke|p2|Shuckle, M|\n|poke|p2|Slither Wing|\n|teampreview\n|\n|t:|1699039507\n|start\n|switch|p1a: Liepard|Liepard, F|100\/100\n|switch|p2a: Volbeat|Volbeat, M|100\/100\n|turn|1\n|inactive|Battle timer is ON: inactive players will automatically lose when time's up. (requested by Jujiro Hanma)\n|\n|t:|1699039520\n|switch|p2a: Genesect|Genesect, shiny|100\/100\n|-ability|p2a: Genesect|Download|boost\n|-boost|p2a: Genesect|spa|1\n|move|p1a: Liepard|Fake Out|p2a: Genesect\n|-resisted|p2a: Genesect\n|-damage|p2a: Genesect|93\/100\n|\n|upkeep\n|turn|2\n|\n|t:|1699039528\n|move|p2a: Genesect|U-turn|p1a: Liepard\n|-supereffective|p1a: Liepard\n|-enditem|p1a: Liepard|Focus Sash\n|-damage|p1a: Liepard|1\/100\n|\n|t:|1699039535\n|switch|p2a: Shuckle|Shuckle, M, shiny|100\/100|[from] U-turn\n|move|p1a: Liepard|Knock Off|p2a: Shuckle\n|-damage|p2a: Shuckle|72\/100\n|-enditem|p2a: Shuckle|Leftovers|[from] move: Knock Off|[of] p1a: Liepard\n|\n|upkeep\n|turn|3\n|\n|t:|1699039546\n|move|p1a: Liepard|Knock Off|p2a: Shuckle\n|-damage|p2a: Shuckle|54\/100\n|move|p2a: Shuckle|Sticky Web|p1a: Liepard\n|-sidestart|p1: Yellow_Calico|move: Sticky Web\n|\n|upkeep\n|turn|4\n|\n|t:|1699039552\n|move|p1a: Liepard|Encore|p2a: Shuckle\n|-start|p2a: Shuckle|Encore\n|move|p2a: Shuckle|Sticky Web||[still]\n|-fail|p2a: Shuckle\n|\n|upkeep\n|turn|5\n|\n|t:|1699039557\n|switch|p2a: Pinsir|Pinsir, M, shiny|100\/100\n|move|p1a: Liepard|Knock Off|p2a: Pinsir\n|-damage|p2a: Pinsir|68\/100\n|\n|upkeep\n|turn|6\n|\n|t:|1699039568\n|switch|p1a: Clodsire|Clodsire, M|100\/100\n|-activate|p1a: Clodsire|move: Sticky Web\n|-unboost|p1a: Clodsire|spe|1\n|detailschange|p2a: Pinsir|Pinsir-Mega, M, shiny\n|-mega|p2a: Pinsir|Pinsir|Pinsirite\n|move|p2a: Pinsir|Quick Attack|p1a: Clodsire\n|-damage|p1a: Clodsire|69\/100\n|\n|-heal|p1a: Clodsire|75\/100|[from] item: Leftovers\n|upkeep\n|turn|7\n|\n|t:|1699039579\n|move|p2a: Pinsir|Earthquake|p1a: Clodsire\n|-supereffective|p1a: Clodsire\n|-damage|p1a: Clodsire|0 fnt\n|faint|p1a: Clodsire\n|\n|upkeep\n|\n|t:|1699039585\n|switch|p1a: Great Tusk|Great Tusk|100\/100\n|-activate|p1a: Great Tusk|move: Sticky Web\n|-unboost|p1a: Great Tusk|spe|1\n|-enditem|p1a: Great Tusk|Booster Energy\n|-activate|p1a: Great Tusk|ability: Protosynthesis|[fromitem]\n|-start|p1a: Great Tusk|protosynthesisatk\n|turn|8\n|\n|t:|1699039592\n|-terastallize|p1a: Great Tusk|Steel\n|move|p2a: Pinsir|Body Slam|p1a: Great Tusk\n|-resisted|p1a: Great Tusk\n|-damage|p1a: Great Tusk|78\/100\n|move|p1a: Great Tusk|Rapid Spin|p2a: Pinsir\n|-damage|p2a: Pinsir|44\/100\n|-boost|p1a: Great Tusk|spe|1\n|-sideend|p1: Yellow_Calico|Sticky Web|[from] move: Rapid Spin|[of] p1a: Great Tusk\n|\n|upkeep\n|turn|9\n|\n|t:|1699039611\n|switch|p2a: Volbeat|Volbeat, M|100\/100\n|move|p1a: Great Tusk|Ice Spinner|p2a: Volbeat\n|-damage|p2a: Volbeat|66\/100\n|\n|upkeep\n|turn|10\n|\n|t:|1699039619\n|-end|p1a: Great Tusk|Protosynthesis|[silent]\n|switch|p1a: Liepard|Liepard, F|1\/100\n|move|p2a: Volbeat|Thunder Wave|p1a: Liepard\n|-status|p1a: Liepard|par\n|\n|upkeep\n|turn|11\n|c|\u2606Jujiro Hanma|hehe\n|\n|t:|1699039632\n|switch|p2a: Pinsir|Pinsir-Mega, M, shiny|44\/100\n|move|p1a: Liepard|Encore||[still]\n|-fail|p1a: Liepard\n|\n|upkeep\n|turn|12\n|\n|t:|1699039638\n|move|p2a: Pinsir|Swords Dance|p2a: Pinsir\n|-boost|p2a: Pinsir|atk|2\n|move|p1a: Liepard|Knock Off|p2a: Pinsir\n|-damage|p2a: Pinsir|13\/100\n|\n|upkeep\n|turn|13\n|\n|t:|1699039644\n|move|p2a: Pinsir|Quick Attack|p1a: Liepard\n|-damage|p1a: Liepard|0 fnt\n|faint|p1a: Liepard\n|\n|upkeep\n|\n|t:|1699039650\n|switch|p1a: Chi-Yu|Chi-Yu|100\/100\n|-ability|p1a: Chi-Yu|Beads of Ruin\n|turn|14\n|\n|t:|1699039661\n|move|p2a: Pinsir|Earthquake|p1a: Chi-Yu\n|-supereffective|p1a: Chi-Yu\n|-enditem|p1a: Chi-Yu|Focus Sash\n|-damage|p1a: Chi-Yu|1\/100\n|move|p1a: Chi-Yu|Flamethrower|p2a: Pinsir\n|-supereffective|p2a: Pinsir\n|-damage|p2a: Pinsir|0 fnt\n|faint|p2a: Pinsir\n|\n|upkeep\n|\n|t:|1699039665\n|switch|p2a: Genesect|Genesect, shiny|93\/100\n|-ability|p2a: Genesect|Download|boost\n|-boost|p2a: Genesect|atk|1\n|turn|15\n|\n|t:|1699039674\n|move|p2a: Genesect|U-turn|p1a: Chi-Yu\n|-damage|p1a: Chi-Yu|0 fnt\n|faint|p1a: Chi-Yu\n|\n|t:|1699039688\n|switch|p2a: Pheromosa|Pheromosa, shiny|100\/100|[from] U-turn\n|\n|upkeep\n|\n|t:|1699039692\n|switch|p1a: Reshiram|Reshiram|100\/100\n|-ability|p1a: Reshiram|Turboblaze\n|turn|16\n|\n|t:|1699039707\n|move|p2a: Pheromosa|Hidden Power|p1a: Reshiram\n|-supereffective|p1a: Reshiram\n|-damage|p1a: Reshiram|81\/100\n|move|p1a: Reshiram|Fusion Flare|p2a: Pheromosa\n|-supereffective|p2a: Pheromosa\n|-damage|p2a: Pheromosa|0 fnt\n|faint|p2a: Pheromosa\n|\n|upkeep\n|\n|t:|1699039712\n|switch|p2a: Slither Wing|Slither Wing|100\/100\n|turn|17\n|\n|t:|1699039720\n|move|p1a: Reshiram|Fusion Flare|p2a: Slither Wing\n|-supereffective|p2a: Slither Wing\n|-damage|p2a: Slither Wing|34\/100\n|move|p2a: Slither Wing|Earthquake|p1a: Reshiram\n|-supereffective|p1a: Reshiram\n|-damage|p1a: Reshiram|8\/100\n|\n|upkeep\n|turn|18\n|\n|t:|1699039728\n|-end|p2a: Slither Wing|Protosynthesis|[silent]\n|switch|p2a: Shuckle|Shuckle, M, shiny|54\/100\n|move|p1a: Reshiram|Fusion Flare|p2a: Shuckle\n|-damage|p2a: Shuckle|21\/100\n|\n|upkeep\n|turn|19\n|\n|t:|1699039734\n|move|p1a: Reshiram|Fusion Flare|p2a: Shuckle\n|-damage|p2a: Shuckle|0 fnt\n|faint|p2a: Shuckle\n|\n|upkeep\n|\n|t:|1699039740\n|switch|p2a: Genesect|Genesect, shiny|93\/100\n|-ability|p2a: Genesect|Download|boost\n|-boost|p2a: Genesect|atk|1\n|turn|20\n|\n|t:|1699039745\n|switch|p1a: Great Tusk|Great Tusk, tera:Steel|78\/100\n|move|p2a: Genesect|U-turn|p1a: Great Tusk\n|-resisted|p1a: Great Tusk\n|-damage|p1a: Great Tusk|63\/100\n|\n|t:|1699039750\n|switch|p2a: Volbeat|Volbeat, M|66\/100|[from] U-turn\n|\n|upkeep\n|turn|21\n|\n|t:|1699039755\n|-end|p1a: Great Tusk|Protosynthesis|[silent]\n|switch|p1a: Gothitelle|Gothitelle, M|100\/100\n|move|p2a: Volbeat|Thunder Wave|p1a: Gothitelle\n|-status|p1a: Gothitelle|par\n|\n|upkeep\n|turn|22\n|\n|t:|1699039762\n|move|p2a: Volbeat|Thunder Wave|p1a: Gothitelle\n|-fail|p1a: Gothitelle|par\n|move|p1a: Gothitelle|Calm Mind|p1a: Gothitelle\n|-boost|p1a: Gothitelle|spa|1\n|-boost|p1a: Gothitelle|spd|1\n|\n|upkeep\n|turn|23\n|\n|t:|1699039768\n|move|p2a: Volbeat|Thunder Wave|p1a: Gothitelle\n|-fail|p1a: Gothitelle|par\n|move|p1a: Gothitelle|Calm Mind|p1a: Gothitelle\n|-boost|p1a: Gothitelle|spa|1\n|-boost|p1a: Gothitelle|spd|1\n|\n|upkeep\n|turn|24\n|\n|t:|1699039775\n|move|p2a: Volbeat|Thunder Wave|p1a: Gothitelle\n|-fail|p1a: Gothitelle|par\n|move|p1a: Gothitelle|Calm Mind|p1a: Gothitelle\n|-boost|p1a: Gothitelle|spa|1\n|-boost|p1a: Gothitelle|spd|1\n|\n|upkeep\n|turn|25\n|\n|t:|1699039783\n|move|p2a: Volbeat|Thunder Wave|p1a: Gothitelle\n|-fail|p1a: Gothitelle|par\n|move|p1a: Gothitelle|Calm Mind|p1a: Gothitelle\n|-boost|p1a: Gothitelle|spa|1\n|-boost|p1a: Gothitelle|spd|1\n|\n|upkeep\n|turn|26\n|\n|t:|1699039790\n|move|p2a: Volbeat|Thunder Wave|p1a: Gothitelle\n|-fail|p1a: Gothitelle|par\n|move|p1a: Gothitelle|Stored Power|p2a: Volbeat\n|-damage|p2a: Volbeat|0 fnt\n|faint|p2a: Volbeat\n|\n|upkeep\n|\n|t:|1699039795\n|switch|p2a: Slither Wing|Slither Wing|34\/100\n|turn|27\n|\n|t:|1699039800\n|move|p2a: Slither Wing|First Impression|p1a: Gothitelle\n|-supereffective|p1a: Gothitelle\n|-damage|p1a: Gothitelle|16\/100 par\n|cant|p1a: Gothitelle|par\n|\n|-heal|p1a: Gothitelle|22\/100 par|[from] item: Leftovers\n|upkeep\n|turn|28\n|\n|t:|1699039808\n|move|p2a: Slither Wing|Earthquake|p1a: Gothitelle\n|-damage|p1a: Gothitelle|0 fnt\n|faint|p1a: Gothitelle\n|\n|upkeep\n|\n|t:|1699039813\n|switch|p1a: Great Tusk|Great Tusk, tera:Steel|63\/100\n|turn|29\n|\n|t:|1699039818\n|move|p1a: Great Tusk|Headlong Rush|p2a: Slither Wing\n|-resisted|p2a: Slither Wing\n|-damage|p2a: Slither Wing|0 fnt\n|-unboost|p1a: Great Tusk|def|1\n|-unboost|p1a: Great Tusk|spd|1\n|faint|p2a: Slither Wing\n|-end|p2a: Slither Wing|Protosynthesis|[silent]\n|\n|upkeep\n|\n|t:|1699039821\n|switch|p2a: Genesect|Genesect, shiny|93\/100\n|-ability|p2a: Genesect|Download|boost\n|-boost|p2a: Genesect|spa|1\n|turn|30\n|\n|t:|1699039829\n|-terastallize|p2a: Genesect|Fire\n|move|p2a: Genesect|Flamethrower|p1a: Great Tusk\n|-supereffective|p1a: Great Tusk\n|-damage|p1a: Great Tusk|0 fnt\n|faint|p1a: Great Tusk\n|-end|p1a: Great Tusk|Protosynthesis|[silent]\n|\n|upkeep\n|\n|t:|1699039836\n|switch|p1a: Reshiram|Reshiram|8\/100\n|-ability|p1a: Reshiram|Turboblaze\n|turn|31\n|\n|t:|1699039840\n|move|p2a: Genesect|Flamethrower|p1a: Reshiram\n|-resisted|p1a: Reshiram\n|-damage|p1a: Reshiram|1\/100\n|move|p1a: Reshiram|Scorching Sands|p2a: Genesect\n|-supereffective|p2a: Genesect\n|-damage|p2a: Genesect|14\/100\n|\n|upkeep\n|turn|32\n|-message|Yellow_Calico forfeited.\n|\n|win|Jujiro Hanma\n|raw|Yellow_Calico's rating: 1180 &rarr; <strong>1163<\/strong><br \/>(-17 for losing)\n|raw|Jujiro Hanma's rating: 1289 &rarr; <strong>1306<\/strong><br \/>(+17 for winning)\n|l|\u2606Yellow_Calico\n|c|\u2606Jujiro Hanma|gg\n","uploadtime":1699039858,"views":5,"p1id":"yellowcalico","p2id":"jujirohanma","formatid":"gen9nationaldexubers","rating":1163,"private":0,"password":""}