{"id":"gen9nationaldexubers-1998413874","p1":"Soyeon is a cutie","p2":"zooz da tromp","format":"[Gen 9] National Dex Ubers","log":"|j|\u2606Soyeon is a cutie\n|j|\u2606zooz da tromp\n|t:|1700939611\n|gametype|singles\n|player|p1|Soyeon is a cutie|idol|1603\n|player|p2|zooz da tromp|twins-gen4|1845\n|teamsize|p1|6\n|teamsize|p2|6\n|gen|9\n|tier|[Gen 9] National Dex Ubers\n|rated|\n|rule|HP Percentage Mod: HP is shown in percentages\n|rule|Endless Battle Clause: Forcing endless battles is banned\n|rule|OHKO Clause: OHKO moves are banned\n|rule|Evasion Moves Clause: Evasion moves are banned\n|rule|Evasion Items Clause: Evasion items are banned\n|rule|Species Clause: Limit one of each Pok\u00e9mon\n|rule|Sleep Clause Mod: Limit one foe put to sleep\n|rule|Mega Rayquaza Clause: You cannot mega evolve Rayquaza\n|clearpoke\n|poke|p1|Ho-Oh|\n|poke|p1|Yveltal|\n|poke|p1|Ditto|\n|poke|p1|Magearna|\n|poke|p1|Necrozma-Dusk-Mane|\n|poke|p1|Arceus-Ground|\n|poke|p2|Yveltal|\n|poke|p2|Ho-Oh|\n|poke|p2|Arceus-Dark|\n|poke|p2|Eternatus|\n|poke|p2|Dondozo, F|\n|poke|p2|Groudon|\n|teampreview\n|inactive|Battle timer is ON: inactive players will automatically lose when time's up. (requested by Soyeon is a cutie)\n|\n|t:|1700939635\n|start\n|switch|p1a: Ho-Oh|Ho-Oh|100\/100\n|switch|p2a: Arceus|Arceus-Dark|100\/100\n|turn|1\n|\n|t:|1700939642\n|switch|p2a: Eternatus|Eternatus|100\/100\n|-ability|p2a: Eternatus|Pressure\n|move|p1a: Ho-Oh|Sacred Fire|p2a: Eternatus\n|-resisted|p2a: Eternatus\n|-damage|p2a: Eternatus|74\/100\n|\n|-heal|p2a: Eternatus|80\/100|[from] item: Black Sludge\n|upkeep\n|turn|2\n|\n|t:|1700939651\n|switch|p1a: Necrozma|Necrozma-Dusk-Mane|100\/100\n|move|p2a: Eternatus|Toxic Spikes|p1a: Necrozma\n|-sidestart|p1: Soyeon is a cutie|move: Toxic Spikes\n|\n|-heal|p2a: Eternatus|87\/100|[from] item: Black Sludge\n|upkeep\n|turn|3\n|\n|t:|1700939657\n|move|p2a: Eternatus|Flamethrower|p1a: Necrozma\n|-supereffective|p1a: Necrozma\n|-damage|p1a: Necrozma|59\/100\n|move|p1a: Necrozma|Stealth Rock|p2a: Eternatus\n|-sidestart|p2: zooz da tromp|move: Stealth Rock\n|\n|-heal|p2a: Eternatus|93\/100|[from] item: Black Sludge\n|upkeep\n|turn|4\n|\n|t:|1700939664\n|switch|p2a: Yveltal|Yveltal|100\/100\n|-damage|p2a: Yveltal|76\/100|[from] Stealth Rock\n|-ability|p2a: Yveltal|Dark Aura\n|switch|p1a: Ho-Oh|Ho-Oh|100\/100\n|\n|-heal|p2a: Yveltal|82\/100|[from] item: Leftovers\n|upkeep\n|turn|5\n|\n|t:|1700939672\n|switch|p1a: Magearna|Magearna|100\/100\n|move|p2a: Yveltal|Knock Off|p1a: Magearna\n|-resisted|p1a: Magearna\n|-damage|p1a: Magearna|86\/100\n|\n|-heal|p2a: Yveltal|88\/100|[from] item: Leftovers\n|upkeep\n|turn|6\n|\n|t:|1700939679\n|switch|p2a: Ho-Oh|Ho-Oh|100\/100\n|move|p1a: Magearna|Fleur Cannon|p2a: Ho-Oh\n|-resisted|p2a: Ho-Oh\n|-damage|p2a: Ho-Oh|85\/100\n|-unboost|p1a: Magearna|spa|2\n|\n|upkeep\n|turn|7\n|\n|t:|1700939686\n|switch|p1a: Yveltal|Yveltal, shiny|100\/100\n|-ability|p1a: Yveltal|Dark Aura\n|move|p2a: Ho-Oh|Toxic|p1a: Yveltal\n|-status|p1a: Yveltal|tox\n|\n|-damage|p1a: Yveltal|94\/100 tox|[from] psn\n|upkeep\n|turn|8\n|\n|t:|1700939698\n|switch|p2a: Eternatus|Eternatus|93\/100\n|-damage|p2a: Eternatus|80\/100|[from] Stealth Rock\n|-ability|p2a: Eternatus|Pressure\n|move|p1a: Yveltal|Toxic|p2a: Eternatus\n|-immune|p2a: Eternatus\n|\n|-heal|p2a: Eternatus|87\/100|[from] item: Black Sludge\n|-damage|p1a: Yveltal|82\/100 tox|[from] psn\n|upkeep\n|turn|9\n|\n|t:|1700939707\n|switch|p1a: Ho-Oh|Ho-Oh|100\/100\n|move|p2a: Eternatus|Sludge Bomb|p1a: Ho-Oh\n|-damage|p1a: Ho-Oh|70\/100\n|\n|-heal|p2a: Eternatus|93\/100|[from] item: Black Sludge\n|upkeep\n|turn|10\n|\n|t:|1700939714\n|move|p2a: Eternatus|Sludge Bomb|p1a: Ho-Oh\n|-damage|p1a: Ho-Oh|44\/100\n|move|p1a: Ho-Oh|Brave Bird|p2a: Eternatus\n|-damage|p2a: Eternatus|31\/100\n|-damage|p1a: Ho-Oh|16\/100|[from] Recoil\n|\n|-heal|p2a: Eternatus|38\/100|[from] item: Black Sludge\n|upkeep\n|turn|11\n|\n|t:|1700939722\n|switch|p1a: Necrozma|Necrozma-Dusk-Mane|59\/100\n|move|p2a: Eternatus|Flamethrower|p1a: Necrozma\n|-supereffective|p1a: Necrozma\n|-damage|p1a: Necrozma|17\/100\n|\n|-heal|p2a: Eternatus|44\/100|[from] item: Black Sludge\n|upkeep\n|turn|12\n|\n|t:|1700939729\n|switch|p2a: Arceus|Arceus-Dark|100\/100\n|-damage|p2a: Arceus|88\/100|[from] Stealth Rock\n|detailschange|p1a: Necrozma|Necrozma-Ultra\n|-burst|p1a: Necrozma|Necrozma|Ultranecrozium Z\n|move|p1a: Necrozma|Dragon Pulse|p2a: Arceus\n|-damage|p2a: Arceus|54\/100\n|\n|upkeep\n|turn|13\n|\n|t:|1700939737\n|switch|p1a: Magearna|Magearna|86\/100\n|move|p2a: Arceus|Recover|p2a: Arceus\n|-heal|p2a: Arceus|100\/100\n|\n|upkeep\n|turn|14\n|\n|t:|1700939744\n|switch|p2a: Groudon|Groudon|100\/100\n|-damage|p2a: Groudon|94\/100|[from] Stealth Rock\n|detailschange|p2a: Groudon|Groudon-Primal\n|-primal|p2a: Groudon|Red Orb\n|-weather|DesolateLand|[from] ability: Desolate Land|[of] p2a: Groudon\n|move|p1a: Magearna|Heal Bell|p1a: Magearna\n|-activate|p1a: Magearna|move: Heal Bell\n|-curestatus|p1: Yveltal|tox|[msg]\n|\n|-weather|DesolateLand|[upkeep]\n|upkeep\n|turn|15\n|\n|t:|1700939754\n|switch|p1a: Yveltal|Yveltal, shiny|82\/100\n|-ability|p1a: Yveltal|Dark Aura\n|move|p2a: Groudon|Stone Edge|p1a: Yveltal\n|-supereffective|p1a: Yveltal\n|-damage|p1a: Yveltal|39\/100\n|\n|-weather|DesolateLand|[upkeep]\n|upkeep\n|turn|16\n|\n|t:|1700939761\n|move|p1a: Yveltal|Roost|p1a: Yveltal\n|-heal|p1a: Yveltal|89\/100\n|-singleturn|p1a: Yveltal|move: Roost\n|move|p2a: Groudon|Stone Edge|p1a: Yveltal\n|-damage|p1a: Yveltal|65\/100\n|\n|-weather|DesolateLand|[upkeep]\n|upkeep\n|turn|17\n|\n|t:|1700939767\n|move|p1a: Yveltal|Toxic|p2a: Groudon\n|-status|p2a: Groudon|tox\n|move|p2a: Groudon|Thunder Wave|p1a: Yveltal\n|-status|p1a: Yveltal|par\n|\n|-weather|DesolateLand|[upkeep]\n|-damage|p2a: Groudon|88\/100 tox|[from] psn\n|upkeep\n|turn|18\n|\n|t:|1700939776\n|move|p2a: Groudon|Stealth Rock|p1a: Yveltal\n|-sidestart|p1: Soyeon is a cutie|move: Stealth Rock\n|cant|p1a: Yveltal|par\n|\n|-weather|DesolateLand|[upkeep]\n|-damage|p2a: Groudon|76\/100 tox|[from] psn\n|upkeep\n|turn|19\n|\n|t:|1700939781\n|move|p2a: Groudon|Stone Edge|p1a: Yveltal\n|-supereffective|p1a: Yveltal\n|-damage|p1a: Yveltal|21\/100 par\n|move|p1a: Yveltal|Defog|p2a: Groudon\n|-unboost|p2a: Groudon|evasion|1\n|-sideend|p2: zooz da tromp|Stealth Rock|[from] move: Defog|[of] p1a: Yveltal\n|-sideend|p1: Soyeon is a cutie|Toxic Spikes|[from] move: Defog|[of] p1a: Yveltal\n|-sideend|p1: Soyeon is a cutie|Stealth Rock|[from] move: Defog|[of] p1a: Yveltal\n|\n|-weather|DesolateLand|[upkeep]\n|-damage|p2a: Groudon|57\/100 tox|[from] psn\n|upkeep\n|turn|20\n|\n|t:|1700939796\n|-weather|none\n|switch|p2a: Arceus|Arceus-Dark|100\/100\n|move|p1a: Yveltal|Defog|p2a: Arceus\n|-unboost|p2a: Arceus|evasion|1\n|\n|upkeep\n|turn|21\n|\n|t:|1700939802\n|move|p2a: Arceus|Taunt|p1a: Yveltal\n|-start|p1a: Yveltal|move: Taunt\n|cant|p1a: Yveltal|move: Taunt|Toxic\n|\n|upkeep\n|turn|22\n|\n|t:|1700939812\n|switch|p2a: Groudon|Groudon-Primal|57\/100 tox\n|-weather|DesolateLand|[from] ability: Desolate Land|[of] p2a: Groudon\n|switch|p1a: Ho-Oh|Ho-Oh|49\/100\n|\n|-weather|DesolateLand|[upkeep]\n|-damage|p2a: Groudon|51\/100 tox|[from] psn\n|upkeep\n|turn|23\n|\n|t:|1700939823\n|-weather|none\n|switch|p2a: Ho-Oh|Ho-Oh|100\/100\n|move|p1a: Ho-Oh|Earthquake|p2a: Ho-Oh\n|-immune|p2a: Ho-Oh\n|\n|upkeep\n|turn|24\n|\n|t:|1700939831\n|switch|p1a: Yveltal|Yveltal, shiny|21\/100 par\n|-ability|p1a: Yveltal|Dark Aura\n|move|p2a: Ho-Oh|Sacred Fire|p1a: Yveltal|[miss]\n|-miss|p2a: Ho-Oh|p1a: Yveltal\n|\n|upkeep\n|turn|25\n|\n|t:|1700939838\n|move|p2a: Ho-Oh|Sacred Fire|p1a: Yveltal|[miss]\n|-miss|p2a: Ho-Oh|p1a: Yveltal\n|move|p1a: Yveltal|Roost|p1a: Yveltal\n|-heal|p1a: Yveltal|71\/100 par\n|-singleturn|p1a: Yveltal|move: Roost\n|\n|upkeep\n|turn|26\n|c|\u2606zooz da tromp|and your're not lucky\n|\n|t:|1700939862\n|switch|p2a: Eternatus|Eternatus|44\/100\n|-ability|p2a: Eternatus|Pressure\n|switch|p1a: Ho-Oh|Ho-Oh|82\/100\n|\n|-heal|p2a: Eternatus|50\/100|[from] item: Black Sludge\n|upkeep\n|turn|27\n|\n|t:|1700939872\n|switch|p2a: Dondozo|Dondozo, F|100\/100\n|move|p1a: Ho-Oh|Brave Bird|p2a: Dondozo\n|-damage|p2a: Dondozo|59\/100\n|-damage|p1a: Ho-Oh|63\/100|[from] Recoil\n|\n|-heal|p2a: Dondozo|65\/100|[from] item: Leftovers\n|upkeep\n|turn|28\n|\n|t:|1700939882\n|switch|p1a: Yveltal|Yveltal, shiny|71\/100 par\n|-ability|p1a: Yveltal|Dark Aura\n|move|p2a: Dondozo|Wave Crash|p1a: Yveltal\n|-damage|p1a: Yveltal|47\/100 par\n|-damage|p2a: Dondozo|58\/100|[from] Recoil\n|\n|-heal|p2a: Dondozo|64\/100|[from] item: Leftovers\n|upkeep\n|turn|29\n|\n|t:|1700939891\n|switch|p1a: Ho-Oh|Ho-Oh|96\/100\n|switch|p2a: Eternatus|Eternatus|50\/100\n|-ability|p2a: Eternatus|Pressure\n|\n|-heal|p2a: Eternatus|56\/100|[from] item: Black Sludge\n|upkeep\n|turn|30\n|\n|t:|1700939899\n|switch|p2a: Ho-Oh|Ho-Oh|100\/100\n|move|p1a: Ho-Oh|Brave Bird|p2a: Ho-Oh\n|-damage|p2a: Ho-Oh|35\/100\n|-damage|p1a: Ho-Oh|70\/100|[from] Recoil\n|\n|upkeep\n|turn|31\n|\n|t:|1700939914\n|switch|p2a: Arceus|Arceus-Dark|100\/100\n|move|p1a: Ho-Oh|Brave Bird|p2a: Arceus\n|-damage|p2a: Arceus|44\/100\n|-damage|p1a: Ho-Oh|47\/100|[from] Recoil\n|\n|upkeep\n|turn|32\n|\n|t:|1700939923\n|switch|p1a: Magearna|Magearna|86\/100\n|move|p2a: Arceus|Recover|p2a: Arceus\n|-heal|p2a: Arceus|94\/100\n|\n|upkeep\n|turn|33\n|j| promasterXX\n|\n|t:|1700939931\n|switch|p2a: Ho-Oh|Ho-Oh|68\/100\n|switch|p1a: Ho-Oh|Ho-Oh|80\/100\n|\n|upkeep\n|turn|34\n|\n|t:|1700939938\n|switch|p2a: Arceus|Arceus-Dark|94\/100\n|move|p1a: Ho-Oh|Brave Bird|p2a: Arceus\n|-damage|p2a: Arceus|31\/100\n|-damage|p1a: Ho-Oh|54\/100|[from] Recoil\n|\n|upkeep\n|turn|35\n|\n|t:|1700939945\n|switch|p1a: Arceus|Arceus-Ground|100\/100\n|move|p2a: Arceus|Recover|p2a: Arceus\n|-heal|p2a: Arceus|81\/100\n|\n|upkeep\n|turn|36\n|l| promasterXX\n|\n|t:|1700939950\n|move|p1a: Arceus|Toxic|p2a: Arceus\n|-status|p2a: Arceus|tox\n|move|p2a: Arceus|Taunt|p1a: Arceus\n|-start|p1a: Arceus|move: Taunt\n|\n|-damage|p2a: Arceus|75\/100 tox|[from] psn\n|upkeep\n|turn|37\n|c|\u2606zooz da tromp|won speed tied lol\n|inactive|zooz da tromp has 120 seconds left.\n|\n|t:|1700939983\n|switch|p1a: Ho-Oh|Ho-Oh|87\/100\n|switch|p2a: Eternatus|Eternatus|56\/100\n|-ability|p2a: Eternatus|Pressure\n|\n|-heal|p2a: Eternatus|62\/100|[from] item: Black Sludge\n|upkeep\n|turn|38\n|\n|t:|1700939991\n|move|p2a: Eternatus|Recover|p2a: Eternatus\n|-heal|p2a: Eternatus|100\/100\n|move|p1a: Ho-Oh|Brave Bird|p2a: Eternatus\n|-damage|p2a: Eternatus|37\/100\n|-damage|p1a: Ho-Oh|58\/100|[from] Recoil\n|\n|-heal|p2a: Eternatus|43\/100|[from] item: Black Sludge\n|upkeep\n|turn|39\n|\n|t:|1700940001\n|switch|p1a: Necrozma|Necrozma-Ultra|17\/100\n|move|p2a: Eternatus|Toxic Spikes|p1a: Necrozma\n|-sidestart|p1: Soyeon is a cutie|move: Toxic Spikes\n|\n|-heal|p2a: Eternatus|49\/100|[from] item: Black Sludge\n|upkeep\n|turn|40\n|\n|t:|1700940007\n|switch|p2a: Yveltal|Yveltal|88\/100\n|-ability|p2a: Yveltal|Dark Aura\n|move|p1a: Necrozma|Dragon Pulse|p2a: Yveltal\n|-damage|p2a: Yveltal|56\/100\n|\n|-heal|p2a: Yveltal|62\/100|[from] item: Leftovers\n|upkeep\n|turn|41\n|\n|t:|1700940018\n|switch|p1a: Magearna|Magearna|86\/100\n|switch|p2a: Groudon|Groudon-Primal|51\/100 tox\n|-weather|DesolateLand|[from] ability: Desolate Land|[of] p2a: Groudon\n|\n|-weather|DesolateLand|[upkeep]\n|-damage|p2a: Groudon|45\/100 tox|[from] psn\n|upkeep\n|turn|42\n|\n|t:|1700940026\n|switch|p1a: Yveltal|Yveltal, shiny|47\/100 par\n|-ability|p1a: Yveltal|Dark Aura\n|move|p2a: Groudon|Precipice Blades|p1a: Yveltal\n|-immune|p1a: Yveltal\n|\n|-weather|DesolateLand|[upkeep]\n|-damage|p2a: Groudon|32\/100 tox|[from] psn\n|upkeep\n|turn|43\n|\n|t:|1700940040\n|-weather|none\n|switch|p2a: Arceus|Arceus-Dark|75\/100 tox\n|move|p1a: Yveltal|Defog|p2a: Arceus\n|-unboost|p2a: Arceus|evasion|1\n|-sideend|p1: Soyeon is a cutie|Toxic Spikes|[from] move: Defog|[of] p1a: Yveltal\n|\n|-damage|p2a: Arceus|69\/100 tox|[from] psn\n|upkeep\n|turn|44\n|\n|t:|1700940057\n|switch|p1a: Ho-Oh|Ho-Oh|91\/100\n|move|p2a: Arceus|Judgment|p1a: Ho-Oh\n|-damage|p1a: Ho-Oh|59\/100\n|\n|-damage|p2a: Arceus|57\/100 tox|[from] psn\n|upkeep\n|turn|45\n|\n|t:|1700940063\n|switch|p1a: Arceus|Arceus-Ground|100\/100\n|move|p2a: Arceus|Recover|p2a: Arceus\n|-heal|p2a: Arceus|100\/100 tox\n|\n|-damage|p2a: Arceus|82\/100 tox|[from] psn\n|upkeep\n|turn|46\n|\n|t:|1700940072\n|switch|p1a: Ho-Oh|Ho-Oh|92\/100\n|switch|p2a: Eternatus|Eternatus|49\/100\n|-ability|p2a: Eternatus|Pressure\n|\n|-heal|p2a: Eternatus|55\/100|[from] item: Black Sludge\n|upkeep\n|turn|47\n|\n|t:|1700940088\n|switch|p2a: Ho-Oh|Ho-Oh|100\/100\n|move|p1a: Ho-Oh|Brave Bird|p2a: Ho-Oh\n|-damage|p2a: Ho-Oh|35\/100\n|-damage|p1a: Ho-Oh|66\/100|[from] Recoil\n|\n|upkeep\n|turn|48\n|-message|zooz da tromp forfeited.\n|\n|win|Soyeon is a cutie\n|raw|Soyeon is a cutie's rating: 1603 &rarr; <strong>1635<\/strong><br \/>(+32 for winning)\n|raw|zooz da tromp's rating: 1845 &rarr; <strong>1813<\/strong><br \/>(-32 for losing)\n|l|\u2606zooz da tromp\n","uploadtime":1700940113,"views":9,"p1id":"soyeonisacutie","p2id":"zoozdatromp","formatid":"gen9nationaldexubers","rating":1635,"private":0,"password":""}