{"id":"gen9nationaldexubers-1977910736","p1":"longzaizi","p2":"wastedogg","format":"[Gen 9] National Dex Ubers","log":"|j|\u2606longzaizi\n|j|\u2606wastedogg\n|t:|1698465184\n|gametype|singles\n|player|p1|longzaizi|clair|1321\n|player|p2|wastedogg|101|1375\n|teamsize|p1|6\n|teamsize|p2|6\n|gen|9\n|tier|[Gen 9] National Dex Ubers\n|rated|\n|rule|HP Percentage Mod: HP is shown in percentages\n|rule|Endless Battle Clause: Forcing endless battles is banned\n|rule|OHKO Clause: OHKO moves are banned\n|rule|Evasion Moves Clause: Evasion moves are banned\n|rule|Evasion Items Clause: Evasion items are banned\n|rule|Species Clause: Limit one of each Pok\u00e9mon\n|rule|Sleep Clause Mod: Limit one foe put to sleep\n|rule|Mega Rayquaza Clause: You cannot mega evolve Rayquaza\n|clearpoke\n|poke|p1|Ursaluna-Bloodmoon, M|\n|poke|p1|Stakataka|\n|poke|p1|Slowbro, M|\n|poke|p1|Melmetal|\n|poke|p1|Calyrex-Ice|\n|poke|p1|Hatterene, F|\n|poke|p2|Ho-Oh|\n|poke|p2|Yveltal|\n|poke|p2|Arceus-Ground|\n|poke|p2|Eternatus|\n|poke|p2|Alakazam, M|\n|poke|p2|Urshifu-*, F|\n|teampreview\n|\n|t:|1698465203\n|start\n|switch|p1a: \u8349\u94a2\u98df\u6211\u5927\u5b57\u7206\u708e|Slowbro, M|100\/100\n|switch|p2a: Eternatus|Eternatus|100\/100\n|-ability|p2a: Eternatus|Pressure\n|turn|1\n|\n|t:|1698465213\n|move|p2a: Eternatus|Cosmic Power|p2a: Eternatus\n|-boost|p2a: Eternatus|def|1\n|-boost|p2a: Eternatus|spd|1\n|move|p1a: \u8349\u94a2\u98df\u6211\u5927\u5b57\u7206\u708e|Trick Room|p1a: \u8349\u94a2\u98df\u6211\u5927\u5b57\u7206\u708e\n|-fieldstart|move: Trick Room|[of] p1a: \u8349\u94a2\u98df\u6211\u5927\u5b57\u7206\u708e\n|\n|upkeep\n|turn|2\n|\n|t:|1698465224\n|move|p2a: Eternatus|Cosmic Power|p2a: Eternatus\n|-boost|p2a: Eternatus|def|1\n|-boost|p2a: Eternatus|spd|1\n|move|p1a: \u8349\u94a2\u98df\u6211\u5927\u5b57\u7206\u708e|Teleport|p1a: \u8349\u94a2\u98df\u6211\u5927\u5b57\u7206\u708e\n|\n|t:|1698465227\n|switch|p1a: \u88ab\u62ff\u634f|Calyrex-Ice|100\/100|[from] Teleport\n|-ability|p1a: \u88ab\u62ff\u634f|As One\n|-ability|p1a: \u88ab\u62ff\u634f|Unnerve\n|\n|upkeep\n|turn|3\n|\n|t:|1698465234\n|-terastallize|p1a: \u88ab\u62ff\u634f|Ground\n|move|p1a: \u88ab\u62ff\u634f|Glacial Lance|p2a: Eternatus\n|-supereffective|p2a: Eternatus\n|-damage|p2a: Eternatus|53\/100\n|move|p2a: Eternatus|Recover|p2a: Eternatus\n|-heal|p2a: Eternatus|100\/100\n|\n|upkeep\n|turn|4\n|\n|t:|1698465245\n|move|p1a: \u88ab\u62ff\u634f|Stomping Tantrum|p2a: Eternatus\n|-supereffective|p2a: Eternatus\n|-damage|p2a: Eternatus|70\/100\n|move|p2a: Eternatus|Cosmic Power|p2a: Eternatus\n|-boost|p2a: Eternatus|def|1\n|-boost|p2a: Eternatus|spd|1\n|\n|-heal|p2a: Eternatus|76\/100|[from] item: Black Sludge\n|upkeep\n|turn|5\n|\n|t:|1698465253\n|move|p1a: \u88ab\u62ff\u634f|Stomping Tantrum|p2a: Eternatus\n|-supereffective|p2a: Eternatus\n|-damage|p2a: Eternatus|51\/100\n|move|p2a: Eternatus|Recover|p2a: Eternatus\n|-heal|p2a: Eternatus|100\/100\n|\n|-fieldend|move: Trick Room\n|upkeep\n|turn|6\n|-message|longzaizi forfeited.\n|\n|win|wastedogg\n|raw|longzaizi's rating: 1321 &rarr; <strong>1304<\/strong><br \/>(-17 for losing)\n|raw|wastedogg's rating: 1375 &rarr; <strong>1392<\/strong><br \/>(+17 for winning)\n|l|\u2606longzaizi\n|j|\u2606longzaizi\n|player|p1|longzaizi|clair\n|l|\u2606wastedogg\n","uploadtime":1698465263,"views":15,"p1id":"longzaizi","p2id":"wastedogg","formatid":"gen9nationaldexubers","rating":1304,"private":0,"password":""}