{"id":"gen9nationaldexubers-1991908054","p1":"Szymszym134","p2":"Soyeon is a cutie","format":"[Gen 9] National Dex Ubers","log":"|j|\u2606Szymszym134\n|j|\u2606Soyeon is a cutie\n|t:|1700136707\n|gametype|singles\n|player|p1|Szymszym134|elesa|1653\n|player|p2|Soyeon is a cutie|idol|1885\n|teamsize|p1|6\n|teamsize|p2|6\n|gen|9\n|tier|[Gen 9] National Dex Ubers\n|rated|\n|rule|HP Percentage Mod: HP is shown in percentages\n|rule|Endless Battle Clause: Forcing endless battles is banned\n|rule|OHKO Clause: OHKO moves are banned\n|rule|Evasion Moves Clause: Evasion moves are banned\n|rule|Evasion Items Clause: Evasion items are banned\n|rule|Species Clause: Limit one of each Pok\u00e9mon\n|rule|Sleep Clause Mod: Limit one foe put to sleep\n|rule|Mega Rayquaza Clause: You cannot mega evolve Rayquaza\n|clearpoke\n|poke|p1|Magearna|\n|poke|p1|Arceus-Dark|\n|poke|p1|Ho-Oh|\n|poke|p1|Ditto|\n|poke|p1|Garganacl, M|\n|poke|p1|Zygarde|\n|poke|p2|Ditto|\n|poke|p2|Urshifu-*, M|\n|poke|p2|Kingambit, M|\n|poke|p2|Necrozma-Dusk-Mane|\n|poke|p2|Skeledirge, M|\n|poke|p2|Arceus-Ground|\n|teampreview\n|inactive|Battle timer is ON: inactive players will automatically lose when time's up. (requested by Soyeon is a cutie)\n|inactive|Szymszym134 also wants the timer to be on.\n|\n|t:|1700136722\n|start\n|switch|p1a: Zygarde|Zygarde|100\/100\n|switch|p2a: Arceus|Arceus-Ground|100\/100\n|turn|1\n|\n|t:|1700136725\n|move|p2a: Arceus|Taunt|p1a: Zygarde\n|-start|p1a: Zygarde|move: Taunt\n|cant|p1a: Zygarde|move: Taunt|Coil\n|\n|upkeep\n|turn|2\n|\n|t:|1700136729\n|switch|p1a: Arceus|Arceus-Dark|100\/100\n|move|p2a: Arceus|Toxic|p1a: Arceus\n|-status|p1a: Arceus|tox\n|\n|-damage|p1a: Arceus|94\/100 tox|[from] psn\n|upkeep\n|turn|3\n|\n|t:|1700136734\n|move|p1a: Arceus|Toxic|p2a: Arceus\n|-status|p2a: Arceus|tox\n|move|p2a: Arceus|Taunt|p1a: Arceus\n|-start|p1a: Arceus|move: Taunt\n|\n|-damage|p1a: Arceus|82\/100 tox|[from] psn\n|-damage|p2a: Arceus|94\/100 tox|[from] psn\n|upkeep\n|turn|4\n|\n|t:|1700136739\n|switch|p1a: Ho-Oh|Ho-Oh|100\/100\n|move|p2a: Arceus|Judgment|p1a: Ho-Oh\n|-immune|p1a: Ho-Oh\n|\n|-damage|p2a: Arceus|82\/100 tox|[from] psn\n|upkeep\n|turn|5\n|\n|t:|1700136747\n|switch|p1a: Arceus|Arceus-Dark|82\/100 tox\n|move|p2a: Arceus|Toxic|p1a: Arceus\n|-fail|p1a: Arceus|tox\n|\n|-damage|p1a: Arceus|76\/100 tox|[from] psn\n|-damage|p2a: Arceus|64\/100 tox|[from] psn\n|upkeep\n|turn|6\n|\n|t:|1700136751\n|switch|p2a: Kingambit|Kingambit, M, shiny|100\/100\n|move|p1a: Arceus|Taunt|p2a: Kingambit\n|-start|p2a: Kingambit|move: Taunt\n|\n|-damage|p1a: Arceus|64\/100 tox|[from] psn\n|upkeep\n|turn|7\n|\n|t:|1700136754\n|switch|p1a: Zygarde|Zygarde|100\/100\n|move|p2a: Kingambit|Knock Off|p1a: Zygarde\n|-damage|p1a: Zygarde|57\/100\n|-enditem|p1a: Zygarde|Leftovers|[from] move: Knock Off|[of] p2a: Kingambit\n|\n|upkeep\n|turn|8\n|\n|t:|1700136761\n|-end|p2a: Kingambit|fallenundefined|[silent]\n|switch|p2a: Necrozma|Necrozma-Dusk-Mane|100\/100\n|move|p1a: Zygarde|Coil|p1a: Zygarde\n|-boost|p1a: Zygarde|atk|1\n|-boost|p1a: Zygarde|def|1\n|-boost|p1a: Zygarde|accuracy|1\n|\n|upkeep\n|turn|9\n|\n|t:|1700136765\n|detailschange|p2a: Necrozma|Necrozma-Ultra\n|-burst|p2a: Necrozma|Necrozma|Ultranecrozium Z\n|move|p2a: Necrozma|Dragon Pulse|p1a: Zygarde\n|-supereffective|p1a: Zygarde\n|-damage|p1a: Zygarde|0 fnt\n|faint|p1a: Zygarde\n|\n|upkeep\n|\n|t:|1700136771\n|switch|p1a: Magearna|Magearna|100\/100\n|turn|10\n|\n|t:|1700136774\n|switch|p2a: Ditto|Ditto, shiny|100\/100\n|-transform|p2a: Ditto|p1a: Magearna|[from] ability: Imposter\n|move|p1a: Magearna|Volt Switch|p2a: Ditto\n|-damage|p2a: Ditto|82\/100\n|\n|t:|1700136783\n|switch|p1a: Ho-Oh|Ho-Oh|100\/100|[from] Volt Switch\n|\n|upkeep\n|turn|11\n|\n|t:|1700136787\n|move|p2a: Ditto|Heal Bell|p2a: Ditto\n|-activate|p2a: Ditto|move: Heal Bell\n|-curestatus|p2: Arceus|tox|[msg]\n|move|p1a: Ho-Oh|Sacred Fire|p2a: Ditto\n|-supereffective|p2a: Ditto\n|-damage|p2a: Ditto|4\/100\n|\n|upkeep\n|turn|12\n|\n|t:|1700136795\n|switch|p2a: Skeledirge|Skeledirge, M|100\/100\n|move|p1a: Ho-Oh|Toxic|p2a: Skeledirge\n|-status|p2a: Skeledirge|tox\n|\n|-damage|p2a: Skeledirge|94\/100 tox|[from] psn\n|upkeep\n|turn|13\n|\n|t:|1700136799\n|switch|p1a: Garganacl|Garganacl, M|100\/100\n|switch|p2a: Necrozma|Necrozma-Ultra|100\/100\n|\n|upkeep\n|turn|14\n|\n|t:|1700136804\n|move|p2a: Necrozma|Stealth Rock|p1a: Garganacl\n|-sidestart|p1: Szymszym134|move: Stealth Rock\n|move|p1a: Garganacl|Salt Cure|p2a: Necrozma\n|-damage|p2a: Necrozma|86\/100\n|-start|p2a: Necrozma|Salt Cure\n|\n|-damage|p2a: Necrozma|74\/100|[from] Salt Cure\n|upkeep\n|turn|15\n|\n|t:|1700136808\n|move|p1a: Garganacl|Protect|p1a: Garganacl\n|-singleturn|p1a: Garganacl|Protect\n|move|p2a: Necrozma|Earth Power|p1a: Garganacl\n|-activate|p1a: Garganacl|move: Protect\n|\n|-damage|p2a: Necrozma|61\/100|[from] Salt Cure\n|upkeep\n|turn|16\n|\n|t:|1700136816\n|switch|p2a: Urshifu|Urshifu, M|100\/100\n|move|p1a: Garganacl|Protect||[still]\n|-fail|p1a: Garganacl\n|\n|upkeep\n|turn|17\n|\n|t:|1700136819\n|move|p2a: Urshifu|Low Kick|p1a: Garganacl\n|-supereffective|p1a: Garganacl\n|-damage|p1a: Garganacl|14\/100\n|-damage|p2a: Urshifu|91\/100|[from] item: Life Orb\n|move|p1a: Garganacl|Stealth Rock|p2a: Urshifu\n|-sidestart|p2: Soyeon is a cutie|move: Stealth Rock\n|\n|-heal|p1a: Garganacl|20\/100|[from] item: Leftovers\n|upkeep\n|turn|18\n|\n|t:|1700136822\n|switch|p1a: Ho-Oh|Ho-Oh|100\/100\n|move|p2a: Urshifu|Wicked Blow|p1a: Ho-Oh\n|-crit|p1a: Ho-Oh\n|-damage|p1a: Ho-Oh|49\/100\n|-damage|p2a: Urshifu|81\/100|[from] item: Life Orb\n|\n|upkeep\n|turn|19\n|\n|t:|1700136828\n|switch|p1a: Magearna|Magearna|100\/100\n|-damage|p1a: Magearna|94\/100|[from] Stealth Rock\n|move|p2a: Urshifu|Wicked Blow|p1a: Magearna\n|-resisted|p1a: Magearna\n|-crit|p1a: Magearna\n|-damage|p1a: Magearna|66\/100\n|-damage|p2a: Urshifu|71\/100|[from] item: Life Orb\n|\n|-heal|p1a: Magearna|72\/100|[from] item: Leftovers\n|upkeep\n|turn|20\n|\n|t:|1700136842\n|switch|p2a: Ditto|Ditto, shiny|4\/100\n|-damage|p2a: Ditto|0 fnt|[from] Stealth Rock\n|faint|p2a: Ditto\n|-ability|p1a: Magearna|Soul-Heart|boost\n|-boost|p1a: Magearna|spa|1\n|move|p1a: Magearna|Fleur Cannon|p2: Ditto|[notarget]\n|-fail|p1a: Magearna\n|\n|-heal|p1a: Magearna|78\/100|[from] item: Leftovers\n|upkeep\n|\n|t:|1700136850\n|switch|p2a: Arceus|Arceus-Ground|64\/100\n|-damage|p2a: Arceus|58\/100|[from] Stealth Rock\n|turn|21\n|\n|t:|1700136853\n|switch|p1a: Ho-Oh|Ho-Oh|83\/100\n|move|p2a: Arceus|Judgment|p1a: Ho-Oh\n|-immune|p1a: Ho-Oh\n|\n|upkeep\n|turn|22\n|\n|t:|1700136862\n|move|p2a: Arceus|Toxic|p1a: Ho-Oh\n|-status|p1a: Ho-Oh|tox\n|move|p1a: Ho-Oh|Sacred Fire|p2a: Arceus\n|-damage|p2a: Arceus|29\/100\n|-status|p2a: Arceus|brn\n|\n|-damage|p1a: Ho-Oh|77\/100 tox|[from] psn\n|-damage|p2a: Arceus|23\/100 brn|[from] brn\n|upkeep\n|turn|23\n|\n|t:|1700136872\n|switch|p1a: Ditto|Ditto|100\/100\n|-damage|p1a: Ditto|88\/100|[from] Stealth Rock\n|-transform|p1a: Ditto|p2a: Arceus|[from] ability: Imposter\n|move|p2a: Arceus|Recover|p2a: Arceus\n|-heal|p2a: Arceus|73\/100 brn\n|\n|-damage|p2a: Arceus|67\/100 brn|[from] brn\n|upkeep\n|turn|24\n|\n|t:|1700136877\n|switch|p2a: Kingambit|Kingambit, M, shiny|100\/100\n|-damage|p2a: Kingambit|94\/100|[from] Stealth Rock\n|-activate|p2a: Kingambit|ability: Supreme Overlord\n|-start|p2a: Kingambit|fallen1|[silent]\n|move|p1a: Ditto|Taunt|p2a: Kingambit\n|-start|p2a: Kingambit|move: Taunt\n|\n|upkeep\n|turn|25\n|\n|t:|1700136880\n|switch|p1a: Magearna|Magearna|78\/100\n|-damage|p1a: Magearna|72\/100|[from] Stealth Rock\n|move|p2a: Kingambit|Knock Off|p1a: Magearna\n|-resisted|p1a: Magearna\n|-damage|p1a: Magearna|44\/100\n|-enditem|p1a: Magearna|Leftovers|[from] move: Knock Off|[of] p2a: Kingambit\n|\n|upkeep\n|turn|26\n|\n|t:|1700136884\n|move|p1a: Magearna|Pain Split|p2a: Kingambit\n|-sethp|p2a: Kingambit|67\/100|[from] move: Pain Split|[silent]\n|-sethp|p1a: Magearna|74\/100|[from] move: Pain Split\n|move|p2a: Kingambit|Iron Head|p1a: Magearna\n|-damage|p1a: Magearna|35\/100\n|\n|-end|p2a: Kingambit|move: Taunt\n|upkeep\n|turn|27\n|\n|t:|1700136892\n|move|p1a: Magearna|Fleur Cannon|p2a: Kingambit\n|-damage|p2a: Kingambit|8\/100\n|-unboost|p1a: Magearna|spa|2\n|move|p2a: Kingambit|Iron Head|p1a: Magearna\n|-damage|p1a: Magearna|0 fnt\n|faint|p1a: Magearna\n|\n|upkeep\n|\n|t:|1700136896\n|switch|p1a: Ditto|Ditto|88\/100\n|-damage|p1a: Ditto|76\/100|[from] Stealth Rock\n|-transform|p1a: Ditto|p2a: Kingambit|[from] ability: Imposter\n|-activate|p1a: Ditto|ability: Supreme Overlord\n|-start|p1a: Ditto|fallen2|[silent]\n|turn|28\n|\n|t:|1700136902\n|move|p2a: Kingambit|Sucker Punch|p1a: Ditto\n|-resisted|p1a: Ditto\n|-damage|p1a: Ditto|49\/100\n|move|p1a: Ditto|Knock Off|p2a: Kingambit\n|-resisted|p2a: Kingambit\n|-damage|p2a: Kingambit|0 fnt\n|-enditem|p2a: Kingambit|Black Glasses|[from] move: Knock Off|[of] p1a: Ditto\n|faint|p2a: Kingambit\n|-end|p2a: Kingambit|fallen1|[silent]\n|\n|upkeep\n|\n|t:|1700136909\n|switch|p2a: Urshifu|Urshifu, M|71\/100\n|-damage|p2a: Urshifu|64\/100|[from] Stealth Rock\n|turn|29\n|\n|t:|1700136913\n|-end|p1a: Ditto|fallen2|[silent]\n|switch|p1a: Arceus|Arceus-Dark|64\/100 tox\n|-damage|p1a: Arceus|52\/100 tox|[from] Stealth Rock\n|move|p2a: Urshifu|Low Kick|p1a: Arceus\n|-supereffective|p1a: Arceus\n|-damage|p1a: Arceus|0 fnt\n|faint|p1a: Arceus\n|-damage|p2a: Urshifu|54\/100|[from] item: Life Orb\n|\n|upkeep\n|\n|t:|1700136916\n|switch|p1a: Ho-Oh|Ho-Oh|100\/100 tox\n|turn|30\n|\n|t:|1700136918\n|switch|p2a: Skeledirge|Skeledirge, M|94\/100 tox\n|move|p1a: Ho-Oh|Sacred Fire|p2a: Skeledirge\n|-resisted|p2a: Skeledirge\n|-damage|p2a: Skeledirge|79\/100 tox\n|\n|-damage|p1a: Ho-Oh|94\/100 tox|[from] psn\n|-damage|p2a: Skeledirge|73\/100 tox|[from] psn\n|upkeep\n|turn|31\n|\n|t:|1700136923\n|move|p2a: Skeledirge|Hex|p1a: Ho-Oh\n|-damage|p1a: Ho-Oh|68\/100 tox\n|move|p1a: Ho-Oh|Whirlwind|p2a: Skeledirge\n|drag|p2a: Necrozma|Necrozma-Ultra|61\/100\n|-damage|p2a: Necrozma|49\/100|[from] Stealth Rock\n|\n|-damage|p1a: Ho-Oh|56\/100 tox|[from] psn\n|upkeep\n|turn|32\n|\n|t:|1700136933\n|move|p2a: Necrozma|Photon Geyser|p1a: Ho-Oh\n|-damage|p1a: Ho-Oh|25\/100 tox\n|move|p1a: Ho-Oh|Sacred Fire|p2a: Necrozma\n|-resisted|p2a: Necrozma\n|-damage|p2a: Necrozma|28\/100\n|\n|-damage|p1a: Ho-Oh|7\/100 tox|[from] psn\n|upkeep\n|turn|33\n|\n|t:|1700136943\n|switch|p1a: Garganacl|Garganacl, M|20\/100\n|-damage|p1a: Garganacl|7\/100|[from] Stealth Rock\n|move|p2a: Necrozma|Dragon Pulse|p1a: Garganacl\n|-damage|p1a: Garganacl|0 fnt\n|faint|p1a: Garganacl\n|\n|upkeep\n|\n|t:|1700136945\n|switch|p1a: Ditto|Ditto|49\/100\n|-damage|p1a: Ditto|36\/100|[from] Stealth Rock\n|-transform|p1a: Ditto|p2a: Necrozma|[from] ability: Imposter\n|turn|34\n|\n|t:|1700136954\n|switch|p2a: Skeledirge|Skeledirge, M|73\/100 tox\n|move|p1a: Ditto|Earth Power|p2a: Skeledirge\n|-supereffective|p2a: Skeledirge\n|-damage|p2a: Skeledirge|1\/100 tox\n|-unboost|p2a: Skeledirge|spd|1\n|\n|-damage|p2a: Skeledirge|0 fnt|[from] psn\n|faint|p2a: Skeledirge\n|upkeep\n|\n|t:|1700136956\n|switch|p2a: Urshifu|Urshifu, M|54\/100\n|-damage|p2a: Urshifu|48\/100|[from] Stealth Rock\n|turn|35\n|\n|t:|1700136963\n|switch|p1a: Ho-Oh|Ho-Oh|40\/100 tox\n|move|p2a: Urshifu|Sucker Punch||[still]\n|-fail|p2a: Urshifu\n|\n|-damage|p1a: Ho-Oh|34\/100 tox|[from] psn\n|upkeep\n|turn|36\n|\n|t:|1700136968\n|-terastallize|p1a: Ho-Oh|Fire\n|move|p2a: Urshifu|Wicked Blow|p1a: Ho-Oh\n|-crit|p1a: Ho-Oh\n|-damage|p1a: Ho-Oh|0 fnt\n|faint|p1a: Ho-Oh\n|-damage|p2a: Urshifu|38\/100|[from] item: Life Orb\n|\n|upkeep\n|\n|t:|1700136973\n|switch|p1a: Ditto|Ditto|36\/100\n|-damage|p1a: Ditto|24\/100|[from] Stealth Rock\n|-transform|p1a: Ditto|p2a: Urshifu|[from] ability: Imposter\n|turn|37\n|\n|t:|1700136979\n|move|p2a: Urshifu|Sucker Punch|p1a: Ditto\n|-resisted|p1a: Ditto\n|-damage|p1a: Ditto|10\/100\n|-damage|p2a: Urshifu|28\/100|[from] item: Life Orb\n|move|p1a: Ditto|Low Kick|p2a: Urshifu\n|-supereffective|p2a: Urshifu\n|-damage|p2a: Urshifu|0 fnt\n|faint|p2a: Urshifu\n|\n|upkeep\n|\n|t:|1700136986\n|switch|p2a: Necrozma|Necrozma-Ultra|28\/100\n|-damage|p2a: Necrozma|16\/100|[from] Stealth Rock\n|turn|38\n|\n|t:|1700136990\n|move|p1a: Ditto|Low Kick|p2a: Necrozma\n|-resisted|p2a: Necrozma\n|-damage|p2a: Necrozma|0 fnt\n|faint|p2a: Necrozma\n|\n|upkeep\n|\n|t:|1700136991\n|switch|p2a: Arceus|Arceus-Ground|67\/100 brn\n|-damage|p2a: Arceus|61\/100 brn|[from] Stealth Rock\n|turn|39\n|\n|t:|1700136994\n|move|p1a: Ditto|Low Kick|p2a: Arceus\n|-damage|p2a: Arceus|16\/100 brn\n|move|p2a: Arceus|Judgment|p1a: Ditto\n|-damage|p1a: Ditto|0 fnt\n|faint|p1a: Ditto\n|\n|win|Soyeon is a cutie\n|raw|Szymszym134's rating: 1653 &rarr; <strong>1645<\/strong><br \/>(-8 for losing)\n|raw|Soyeon is a cutie's rating: 1885 &rarr; <strong>1893<\/strong><br \/>(+8 for winning)\n|c|\u2606Szymszym134|GG\n","uploadtime":1700137013,"views":19,"p1id":"szymszym134","p2id":"soyeonisacutie","formatid":"gen9nationaldexubers","rating":1645,"private":0,"password":""}