{"id":"gen9nationaldexubers-1982457880","p1":"bzjnb","p2":"urso1509","format":"[Gen 9] National Dex Ubers","log":"|j|\u2606bzjnb\n|j|\u2606urso1509\n|t:|1699016706\n|gametype|singles\n|player|p1|bzjnb|red|1016\n|player|p2|urso1509|flannery|1142\n|teamsize|p1|6\n|teamsize|p2|6\n|gen|9\n|tier|[Gen 9] National Dex Ubers\n|rated|\n|rule|HP Percentage Mod: HP is shown in percentages\n|rule|Endless Battle Clause: Forcing endless battles is banned\n|rule|OHKO Clause: OHKO moves are banned\n|rule|Evasion Moves Clause: Evasion moves are banned\n|rule|Evasion Items Clause: Evasion items are banned\n|rule|Species Clause: Limit one of each Pok\u00e9mon\n|rule|Sleep Clause Mod: Limit one foe put to sleep\n|rule|Mega Rayquaza Clause: You cannot mega evolve Rayquaza\n|clearpoke\n|poke|p1|Baxcalibur, F|\n|poke|p1|Ursaluna-Bloodmoon, M|\n|poke|p1|Garchomp, M|\n|poke|p1|Slowbro, F|\n|poke|p1|Moltres|\n|poke|p1|Charizard, F|\n|poke|p2|Kartana|\n|poke|p2|Clodsire, F|\n|poke|p2|Maushold-Four|\n|poke|p2|Meowscarada, F|\n|poke|p2|Ceruledge, F|\n|poke|p2|Beedrill, M|\n|teampreview\n|inactive|Battle timer is ON: inactive players will automatically lose when time's up. (requested by bzjnb)\n|\n|t:|1699016717\n|start\n|switch|p1a: Garchomp|Garchomp, M, shiny|100\/100\n|switch|p2a: Clodsire|Clodsire, F|100\/100\n|turn|1\n|\n|t:|1699016723\n|move|p1a: Garchomp|Swords Dance|p1a: Garchomp\n|-boost|p1a: Garchomp|atk|2\n|move|p2a: Clodsire|Stealth Rock|p1a: Garchomp\n|-sidestart|p1: bzjnb|move: Stealth Rock\n|\n|upkeep\n|turn|2\n|\n|t:|1699016729\n|move|p1a: Garchomp|Earthquake|p2a: Clodsire\n|-supereffective|p2a: Clodsire\n|-damage|p2a: Clodsire|20\/100\n|move|p2a: Clodsire|Toxic|p1a: Garchomp\n|-status|p1a: Garchomp|tox\n|\n|-heal|p2a: Clodsire|26\/100|[from] item: Black Sludge\n|-damage|p1a: Garchomp|94\/100 tox|[from] psn\n|upkeep\n|turn|3\n|\n|t:|1699016734\n|move|p1a: Garchomp|Earthquake|p2a: Clodsire\n|-supereffective|p2a: Clodsire\n|-damage|p2a: Clodsire|0 fnt\n|faint|p2a: Clodsire\n|\n|-damage|p1a: Garchomp|82\/100 tox|[from] psn\n|upkeep\n|\n|t:|1699016741\n|switch|p2a: Meowscarada|Meowscarada, F|100\/100\n|turn|4\n|\n|t:|1699016755\n|move|p2a: Meowscarada|Play Rough|p1a: Garchomp\n|-start|p2a: Meowscarada|typechange|Fairy|[from] ability: Protean\n|-supereffective|p1a: Garchomp\n|-damage|p1a: Garchomp|0 fnt\n|-damage|p2a: Meowscarada|88\/100|[from] ability: Rough Skin|[of] p1a: Garchomp\n|faint|p1a: Garchomp\n|-damage|p2a: Meowscarada|78\/100|[from] item: Life Orb\n|\n|upkeep\n|\n|t:|1699016759\n|switch|p1a: Charizard|Charizard, F|100\/100\n|-damage|p1a: Charizard|51\/100|[from] Stealth Rock\n|turn|5\n|\n|t:|1699016768\n|detailschange|p1a: Charizard|Charizard-Mega-Y, F\n|-mega|p1a: Charizard|Charizard|Charizardite Y\n|-weather|SunnyDay|[from] ability: Drought|[of] p1a: Charizard\n|move|p2a: Meowscarada|Knock Off|p1a: Charizard\n|-damage|p1a: Charizard|17\/100\n|-damage|p2a: Meowscarada|68\/100|[from] item: Life Orb\n|move|p1a: Charizard|Solar Beam||[still]\n|-prepare|p1a: Charizard|Solar Beam\n|-anim|p1a: Charizard|Solar Beam|p2a: Meowscarada\n|-damage|p2a: Meowscarada|0 fnt\n|faint|p2a: Meowscarada\n|\n|-weather|SunnyDay|[upkeep]\n|upkeep\n|\n|t:|1699016783\n|switch|p2a: Kartana|Kartana|100\/100\n|turn|6\n|\n|t:|1699016789\n|switch|p1a: Moltres|Moltres|100\/100\n|-zpower|p2a: Kartana\n|move|p2a: Kartana|All-Out Pummeling|p1a: Moltres|[zeffect]\n|-resisted|p1a: Moltres\n|-damage|p1a: Moltres|72\/100\n|\n|-weather|SunnyDay|[upkeep]\n|upkeep\n|turn|7\n|\n|t:|1699016801\n|switch|p2a: Ceruledge|Ceruledge, F|100\/100\n|move|p1a: Moltres|Flamethrower|p2a: Ceruledge\n|-start|p2a: Ceruledge|ability: Flash Fire\n|\n|-weather|SunnyDay|[upkeep]\n|upkeep\n|turn|8\n|\n|t:|1699016807\n|move|p1a: Moltres|Toxic|p2a: Ceruledge\n|-status|p2a: Ceruledge|tox\n|move|p2a: Ceruledge|Bulk Up|p2a: Ceruledge\n|-boost|p2a: Ceruledge|atk|1\n|-boost|p2a: Ceruledge|def|1\n|\n|-weather|SunnyDay|[upkeep]\n|-damage|p2a: Ceruledge|94\/100 tox|[from] psn\n|upkeep\n|turn|9\n|\n|t:|1699016818\n|switch|p1a: Slowbro|Slowbro, F|100\/100\n|-damage|p1a: Slowbro|88\/100|[from] Stealth Rock\n|move|p2a: Ceruledge|Shadow Sneak|p1a: Slowbro\n|-supereffective|p1a: Slowbro\n|-damage|p1a: Slowbro|59\/100\n|-damage|p2a: Ceruledge|78\/100 tox|[from] item: Rocky Helmet|[of] p1a: Slowbro\n|\n|-weather|none\n|-heal|p2a: Ceruledge|84\/100 tox|[from] item: Leftovers\n|-damage|p2a: Ceruledge|72\/100 tox|[from] psn\n|upkeep\n|turn|10\n|\n|t:|1699016829\n|move|p2a: Ceruledge|Shadow Sneak|p1a: Slowbro\n|-supereffective|p1a: Slowbro\n|-damage|p1a: Slowbro|31\/100\n|-damage|p2a: Ceruledge|55\/100 tox|[from] item: Rocky Helmet|[of] p1a: Slowbro\n|move|p1a: Slowbro|Slack Off|p1a: Slowbro\n|-heal|p1a: Slowbro|81\/100\n|\n|-heal|p2a: Ceruledge|61\/100 tox|[from] item: Leftovers\n|-damage|p2a: Ceruledge|43\/100 tox|[from] psn\n|upkeep\n|turn|11\n|\n|t:|1699016838\n|move|p2a: Ceruledge|Shadow Sneak|p1a: Slowbro\n|-supereffective|p1a: Slowbro\n|-damage|p1a: Slowbro|49\/100\n|-damage|p2a: Ceruledge|26\/100 tox|[from] item: Rocky Helmet|[of] p1a: Slowbro\n|move|p1a: Slowbro|Scald|p2a: Ceruledge\n|-supereffective|p2a: Ceruledge\n|-damage|p2a: Ceruledge|0 fnt\n|faint|p2a: Ceruledge\n|\n|upkeep\n|\n|t:|1699016848\n|switch|p2a: Maushold|Maushold-Four|100\/100\n|turn|12\n|\n|t:|1699016852\n|-terastallize|p2a: Maushold|Normal\n|move|p2a: Maushold|Tidy Up|p2a: Maushold\n|-sideend|p1: bzjnb|Stealth Rock\n|-activate|p2a: Maushold|move: Tidy Up\n|-boost|p2a: Maushold|atk|1\n|-boost|p2a: Maushold|spe|1\n|move|p1a: Slowbro|Slack Off|p1a: Slowbro\n|-heal|p1a: Slowbro|99\/100\n|\n|upkeep\n|turn|13\n|\n|t:|1699016861\n|move|p2a: Maushold|Population Bomb|p1a: Slowbro\n|-damage|p1a: Slowbro|85\/100\n|-damage|p2a: Maushold|84\/100|[from] item: Rocky Helmet|[of] p1a: Slowbro\n|-damage|p1a: Slowbro|73\/100\n|-damage|p2a: Maushold|67\/100|[from] item: Rocky Helmet|[of] p1a: Slowbro\n|-damage|p1a: Slowbro|59\/100\n|-damage|p2a: Maushold|51\/100|[from] item: Rocky Helmet|[of] p1a: Slowbro\n|-damage|p1a: Slowbro|45\/100\n|-damage|p2a: Maushold|34\/100|[from] item: Rocky Helmet|[of] p1a: Slowbro\n|-damage|p1a: Slowbro|32\/100\n|-damage|p2a: Maushold|17\/100|[from] item: Rocky Helmet|[of] p1a: Slowbro\n|-damage|p1a: Slowbro|20\/100\n|-damage|p2a: Maushold|1\/100|[from] item: Rocky Helmet|[of] p1a: Slowbro\n|-damage|p1a: Slowbro|7\/100\n|-damage|p2a: Maushold|0 fnt|[from] item: Rocky Helmet|[of] p1a: Slowbro\n|faint|p2a: Maushold\n|-hitcount|p1a: Slowbro|7\n|move|p1a: Slowbro|Trick Room|p1a: Slowbro\n|-fieldstart|move: Trick Room|[of] p1a: Slowbro\n|\n|upkeep\n|\n|t:|1699016881\n|switch|p2a: Beedrill|Beedrill, M|100\/100\n|turn|14\n|\n|t:|1699016889\n|detailschange|p2a: Beedrill|Beedrill-Mega, M\n|-mega|p2a: Beedrill|Beedrill|Beedrillite\n|move|p1a: Slowbro|Scald|p2a: Beedrill\n|-damage|p2a: Beedrill|61\/100\n|move|p2a: Beedrill|Fell Stinger|p1a: Slowbro\n|-supereffective|p1a: Slowbro\n|-damage|p1a: Slowbro|0 fnt\n|-damage|p2a: Beedrill|45\/100|[from] item: Rocky Helmet|[of] p1a: Slowbro\n|faint|p1a: Slowbro\n|-boost|p2a: Beedrill|atk|3\n|\n|upkeep\n|\n|t:|1699016901\n|switch|p1a: Moltres|Moltres|72\/100\n|turn|15\n|\n|t:|1699016909\n|move|p1a: Moltres|Flamethrower|p2a: Beedrill\n|-supereffective|p2a: Beedrill\n|-damage|p2a: Beedrill|0 fnt\n|faint|p2a: Beedrill\n|\n|upkeep\n|\n|t:|1699016914\n|switch|p2a: Kartana|Kartana|100\/100\n|turn|16\n|\n|t:|1699016917\n|move|p1a: Moltres|Flamethrower|p2a: Kartana\n|-supereffective|p2a: Kartana\n|-damage|p2a: Kartana|0 fnt\n|faint|p2a: Kartana\n|\n|win|bzjnb\n|raw|bzjnb's rating: 1016 &rarr; <strong>1067<\/strong><br \/>(+51 for winning)\n|raw|urso1509's rating: 1142 &rarr; <strong>1108<\/strong><br \/>(-34 for losing)\n","uploadtime":1699016921,"views":7,"p1id":"bzjnb","p2id":"urso1509","formatid":"gen9nationaldexubers","rating":1067,"private":0,"password":""}