{"id":"gen9nationaldexubers-1993695613","p1":"PIXIE-MODE\u2665\ufe0f","p2":"ElisaMarie1719","format":"[Gen 9] National Dex Ubers","log":"|j|\u2606PIXIE-MODE\u2665\ufe0f\n|j|\u2606ElisaMarie1719\n|t:|1700346529\n|gametype|singles\n|player|p1|PIXIE-MODE\u2665\ufe0f|valerie|1088\n|player|p2|ElisaMarie1719|nurse|1108\n|teamsize|p1|6\n|teamsize|p2|6\n|gen|9\n|tier|[Gen 9] National Dex Ubers\n|rated|\n|rule|HP Percentage Mod: HP is shown in percentages\n|rule|Endless Battle Clause: Forcing endless battles is banned\n|rule|OHKO Clause: OHKO moves are banned\n|rule|Evasion Moves Clause: Evasion moves are banned\n|rule|Evasion Items Clause: Evasion items are banned\n|rule|Species Clause: Limit one of each Pok\u00e9mon\n|rule|Sleep Clause Mod: Limit one foe put to sleep\n|rule|Mega Rayquaza Clause: You cannot mega evolve Rayquaza\n|clearpoke\n|poke|p1|Klefki, F|\n|poke|p1|Ribombee, F|\n|poke|p1|Rapidash-Galar, F|\n|poke|p1|Primarina, F|\n|poke|p1|Togekiss, F|\n|poke|p1|Ninetales-Alola, F|\n|poke|p2|Necrozma-Dusk-Mane|\n|poke|p2|Kangaskhan, F|\n|poke|p2|Kyogre|\n|poke|p2|Toxapex, F|\n|poke|p2|Cyclizar, F|\n|poke|p2|Espathra, F|\n|teampreview\n|inactive|Battle timer is ON: inactive players will automatically lose when time's up. (requested by ElisaMarie1719)\n|\n|t:|1700346547\n|start\n|switch|p1a: \ud83d\udc96RIBOMBEE\ud83d\udc96\ud83e\uddda\u200d\u2640\ufe0f|Ribombee, F, shiny|100\/100\n|switch|p2a: gigachad|Toxapex, F|100\/100\n|turn|1\n|\n|t:|1700346555\n|move|p2a: gigachad|Baneful Bunker|p2a: gigachad\n|-singleturn|p2a: gigachad|move: Protect\n|move|p1a: \ud83d\udc96RIBOMBEE\ud83d\udc96\ud83e\uddda\u200d\u2640\ufe0f|Sticky Web|p2a: gigachad\n|-sidestart|p2: ElisaMarie1719|move: Sticky Web\n|\n|upkeep\n|turn|2\n|\n|t:|1700346566\n|move|p1a: \ud83d\udc96RIBOMBEE\ud83d\udc96\ud83e\uddda\u200d\u2640\ufe0f|Quiver Dance|p1a: \ud83d\udc96RIBOMBEE\ud83d\udc96\ud83e\uddda\u200d\u2640\ufe0f\n|-boost|p1a: \ud83d\udc96RIBOMBEE\ud83d\udc96\ud83e\uddda\u200d\u2640\ufe0f|spa|1\n|-boost|p1a: \ud83d\udc96RIBOMBEE\ud83d\udc96\ud83e\uddda\u200d\u2640\ufe0f|spd|1\n|-boost|p1a: \ud83d\udc96RIBOMBEE\ud83d\udc96\ud83e\uddda\u200d\u2640\ufe0f|spe|1\n|move|p2a: gigachad|Toxic|p1a: \ud83d\udc96RIBOMBEE\ud83d\udc96\ud83e\uddda\u200d\u2640\ufe0f\n|-status|p1a: \ud83d\udc96RIBOMBEE\ud83d\udc96\ud83e\uddda\u200d\u2640\ufe0f|tox\n|\n|-damage|p1a: \ud83d\udc96RIBOMBEE\ud83d\udc96\ud83e\uddda\u200d\u2640\ufe0f|94\/100 tox|[from] psn\n|upkeep\n|turn|3\n|\n|t:|1700346578\n|move|p2a: gigachad|Baneful Bunker|p2a: gigachad\n|-singleturn|p2a: gigachad|move: Protect\n|move|p1a: \ud83d\udc96RIBOMBEE\ud83d\udc96\ud83e\uddda\u200d\u2640\ufe0f|Quiver Dance|p1a: \ud83d\udc96RIBOMBEE\ud83d\udc96\ud83e\uddda\u200d\u2640\ufe0f\n|-boost|p1a: \ud83d\udc96RIBOMBEE\ud83d\udc96\ud83e\uddda\u200d\u2640\ufe0f|spa|1\n|-boost|p1a: \ud83d\udc96RIBOMBEE\ud83d\udc96\ud83e\uddda\u200d\u2640\ufe0f|spd|1\n|-boost|p1a: \ud83d\udc96RIBOMBEE\ud83d\udc96\ud83e\uddda\u200d\u2640\ufe0f|spe|1\n|\n|-damage|p1a: \ud83d\udc96RIBOMBEE\ud83d\udc96\ud83e\uddda\u200d\u2640\ufe0f|82\/100 tox|[from] psn\n|upkeep\n|turn|4\n|\n|t:|1700346590\n|move|p2a: gigachad|Baneful Bunker||[still]\n|-fail|p2a: gigachad\n|move|p1a: \ud83d\udc96RIBOMBEE\ud83d\udc96\ud83e\uddda\u200d\u2640\ufe0f|Moonblast|p2a: gigachad\n|-resisted|p2a: gigachad\n|-crit|p2a: gigachad\n|-damage|p2a: gigachad|54\/100\n|\n|-heal|p2a: gigachad|60\/100|[from] item: Black Sludge\n|-damage|p1a: \ud83d\udc96RIBOMBEE\ud83d\udc96\ud83e\uddda\u200d\u2640\ufe0f|64\/100 tox|[from] psn\n|upkeep\n|turn|5\n|\n|t:|1700346601\n|move|p2a: gigachad|Baneful Bunker|p2a: gigachad\n|-singleturn|p2a: gigachad|move: Protect\n|move|p1a: \ud83d\udc96RIBOMBEE\ud83d\udc96\ud83e\uddda\u200d\u2640\ufe0f|Quiver Dance|p1a: \ud83d\udc96RIBOMBEE\ud83d\udc96\ud83e\uddda\u200d\u2640\ufe0f\n|-boost|p1a: \ud83d\udc96RIBOMBEE\ud83d\udc96\ud83e\uddda\u200d\u2640\ufe0f|spa|1\n|-boost|p1a: \ud83d\udc96RIBOMBEE\ud83d\udc96\ud83e\uddda\u200d\u2640\ufe0f|spd|1\n|-boost|p1a: \ud83d\udc96RIBOMBEE\ud83d\udc96\ud83e\uddda\u200d\u2640\ufe0f|spe|1\n|\n|-heal|p2a: gigachad|67\/100|[from] item: Black Sludge\n|-damage|p1a: \ud83d\udc96RIBOMBEE\ud83d\udc96\ud83e\uddda\u200d\u2640\ufe0f|39\/100 tox|[from] psn\n|upkeep\n|turn|6\n|\n|t:|1700346611\n|move|p1a: \ud83d\udc96RIBOMBEE\ud83d\udc96\ud83e\uddda\u200d\u2640\ufe0f|Moonblast|p2a: gigachad\n|-resisted|p2a: gigachad\n|-damage|p2a: gigachad|24\/100\n|move|p2a: gigachad|Recover|p2a: gigachad\n|-heal|p2a: gigachad|74\/100\n|\n|-heal|p2a: gigachad|80\/100|[from] item: Black Sludge\n|-damage|p1a: \ud83d\udc96RIBOMBEE\ud83d\udc96\ud83e\uddda\u200d\u2640\ufe0f|9\/100 tox|[from] psn\n|upkeep\n|turn|7\n|\n|t:|1700346622\n|move|p1a: \ud83d\udc96RIBOMBEE\ud83d\udc96\ud83e\uddda\u200d\u2640\ufe0f|Bug Buzz|p2a: gigachad\n|-resisted|p2a: gigachad\n|-damage|p2a: gigachad|43\/100\n|-unboost|p2a: gigachad|spd|1\n|move|p2a: gigachad|Ice Spinner|p1a: \ud83d\udc96RIBOMBEE\ud83d\udc96\ud83e\uddda\u200d\u2640\ufe0f\n|-damage|p1a: \ud83d\udc96RIBOMBEE\ud83d\udc96\ud83e\uddda\u200d\u2640\ufe0f|0 fnt\n|faint|p1a: \ud83d\udc96RIBOMBEE\ud83d\udc96\ud83e\uddda\u200d\u2640\ufe0f\n|\n|-heal|p2a: gigachad|49\/100|[from] item: Black Sludge\n|upkeep\n|\n|t:|1700346638\n|switch|p1a: \ud83d\udc97MY LIL PONY\ud83d\udc97\ud83d\udc8b|Rapidash-Galar, F|100\/100\n|turn|8\n|\n|t:|1700346645\n|move|p2a: gigachad|Baneful Bunker|p2a: gigachad\n|-singleturn|p2a: gigachad|move: Protect\n|move|p1a: \ud83d\udc97MY LIL PONY\ud83d\udc97\ud83d\udc8b|Misty Terrain|p1a: \ud83d\udc97MY LIL PONY\ud83d\udc97\ud83d\udc8b\n|-fieldstart|move: Misty Terrain\n|\n|-heal|p2a: gigachad|55\/100|[from] item: Black Sludge\n|upkeep\n|turn|9\n|\n|t:|1700346655\n|move|p2a: gigachad|Baneful Bunker||[still]\n|-fail|p2a: gigachad\n|move|p1a: \ud83d\udc97MY LIL PONY\ud83d\udc97\ud83d\udc8b|Dazzling Gleam|p2a: gigachad\n|-resisted|p2a: gigachad\n|-damage|p2a: gigachad|43\/100\n|\n|-heal|p2a: gigachad|50\/100|[from] item: Black Sludge\n|upkeep\n|turn|10\n|\n|t:|1700346666\n|switch|p1a: \ud83c\udf19\ud83d\udc97NINETALES\ud83d\udc97\ud83d\udc8b|Ninetales-Alola, F, shiny|100\/100\n|-weather|Snow|[from] ability: Snow Warning|[of] p1a: \ud83c\udf19\ud83d\udc97NINETALES\ud83d\udc97\ud83d\udc8b\n|move|p2a: gigachad|Recover|p2a: gigachad\n|-heal|p2a: gigachad|99\/100\n|\n|-weather|Snow|[upkeep]\n|-heal|p2a: gigachad|100\/100|[from] item: Black Sludge\n|upkeep\n|turn|11\n|\n|t:|1700346679\n|switch|p2a: My bycicle|Cyclizar, F|100\/100\n|move|p1a: \ud83c\udf19\ud83d\udc97NINETALES\ud83d\udc97\ud83d\udc8b|Nasty Plot|p1a: \ud83c\udf19\ud83d\udc97NINETALES\ud83d\udc97\ud83d\udc8b\n|-boost|p1a: \ud83c\udf19\ud83d\udc97NINETALES\ud83d\udc97\ud83d\udc8b|spa|2\n|\n|-weather|Snow|[upkeep]\n|upkeep\n|turn|12\n|\n|t:|1700346691\n|move|p2a: My bycicle|Shed Tail|p2a: My bycicle\n|-start|p2a: My bycicle|Substitute|[from] move: Shed Tail\n|-damage|p2a: My bycicle|50\/100\n|\n|t:|1700346694\n|switch|p2a: Simba|Necrozma-Dusk-Mane|100\/100|[from] Shed Tail\n|-activate|p2a: Simba|move: Sticky Web\n|-unboost|p2a: Simba|spe|1\n|move|p1a: \ud83c\udf19\ud83d\udc97NINETALES\ud83d\udc97\ud83d\udc8b|Moonblast|p2a: Simba\n|-resisted|p2a: Simba\n|-end|p2a: Simba|Substitute\n|\n|-weather|Snow|[upkeep]\n|upkeep\n|turn|13\n|\n|t:|1700346717\n|-terastallize|p1a: \ud83c\udf19\ud83d\udc97NINETALES\ud83d\udc97\ud83d\udc8b|Fairy\n|move|p1a: \ud83c\udf19\ud83d\udc97NINETALES\ud83d\udc97\ud83d\udc8b|Moonblast|p2a: Simba\n|-resisted|p2a: Simba\n|-damage|p2a: Simba|39\/100\n|move|p2a: Simba|Dragon Dance|p2a: Simba\n|-boost|p2a: Simba|atk|1\n|-boost|p2a: Simba|spe|1\n|\n|-weather|Snow|[upkeep]\n|upkeep\n|turn|14\n|\n|t:|1700346728\n|move|p1a: \ud83c\udf19\ud83d\udc97NINETALES\ud83d\udc97\ud83d\udc8b|Moonblast|p2a: Simba\n|-resisted|p2a: Simba\n|-damage|p2a: Simba|0 fnt\n|faint|p2a: Simba\n|\n|-weather|none\n|upkeep\n|\n|t:|1700346734\n|switch|p2a: Espathra|Espathra, F|100\/100\n|-activate|p2a: Espathra|move: Sticky Web\n|-unboost|p2a: Espathra|spe|1\n|turn|15\n|\n|t:|1700346742\n|move|p1a: \ud83c\udf19\ud83d\udc97NINETALES\ud83d\udc97\ud83d\udc8b|Nasty Plot|p1a: \ud83c\udf19\ud83d\udc97NINETALES\ud83d\udc97\ud83d\udc8b\n|-boost|p1a: \ud83c\udf19\ud83d\udc97NINETALES\ud83d\udc97\ud83d\udc8b|spa|2\n|-ability|p2a: Espathra|Opportunist|boost\n|-boost|p2a: Espathra|spa|2\n|move|p2a: Espathra|Light Screen|p2a: Espathra\n|-sidestart|p2: ElisaMarie1719|move: Light Screen\n|\n|-fieldend|Misty Terrain\n|upkeep\n|turn|16\n|\n|t:|1700346750\n|move|p1a: \ud83c\udf19\ud83d\udc97NINETALES\ud83d\udc97\ud83d\udc8b|Moonblast|p2a: Espathra\n|-damage|p2a: Espathra|0 fnt\n|faint|p2a: Espathra\n|\n|upkeep\n|\n|t:|1700346755\n|switch|p2a: My bycicle|Cyclizar, F|84\/100\n|turn|17\n|\n|t:|1700346759\n|move|p2a: My bycicle|Shed Tail|p2a: My bycicle\n|-start|p2a: My bycicle|Substitute|[from] move: Shed Tail\n|-damage|p2a: My bycicle|34\/100\n|\n|t:|1700346763\n|switch|p2a: gigachad|Toxapex, F|100\/100|[from] Shed Tail\n|-activate|p2a: gigachad|move: Sticky Web\n|-unboost|p2a: gigachad|spe|1\n|move|p1a: \ud83c\udf19\ud83d\udc97NINETALES\ud83d\udc97\ud83d\udc8b|Draining Kiss|p2a: gigachad\n|-resisted|p2a: gigachad\n|-activate|p2a: gigachad|move: Substitute|[damage]\n|\n|upkeep\n|turn|18\n|\n|t:|1700346773\n|move|p1a: \ud83c\udf19\ud83d\udc97NINETALES\ud83d\udc97\ud83d\udc8b|Nasty Plot|p1a: \ud83c\udf19\ud83d\udc97NINETALES\ud83d\udc97\ud83d\udc8b\n|-boost|p1a: \ud83c\udf19\ud83d\udc97NINETALES\ud83d\udc97\ud83d\udc8b|spa|2\n|move|p2a: gigachad|Toxic|p1a: \ud83c\udf19\ud83d\udc97NINETALES\ud83d\udc97\ud83d\udc8b\n|-status|p1a: \ud83c\udf19\ud83d\udc97NINETALES\ud83d\udc97\ud83d\udc8b|tox\n|\n|-damage|p1a: \ud83c\udf19\ud83d\udc97NINETALES\ud83d\udc97\ud83d\udc8b|95\/100 tox|[from] psn\n|upkeep\n|turn|19\n|\n|t:|1700346786\n|move|p1a: \ud83c\udf19\ud83d\udc97NINETALES\ud83d\udc97\ud83d\udc8b|Moonblast|p2a: gigachad\n|-resisted|p2a: gigachad\n|-end|p2a: gigachad|Substitute\n|move|p2a: gigachad|Ice Spinner|p1a: \ud83c\udf19\ud83d\udc97NINETALES\ud83d\udc97\ud83d\udc8b\n|-damage|p1a: \ud83c\udf19\ud83d\udc97NINETALES\ud83d\udc97\ud83d\udc8b|77\/100 tox\n|\n|-damage|p1a: \ud83c\udf19\ud83d\udc97NINETALES\ud83d\udc97\ud83d\udc8b|65\/100 tox|[from] psn\n|upkeep\n|turn|20\n|\n|t:|1700346797\n|move|p2a: gigachad|Baneful Bunker|p2a: gigachad\n|-singleturn|p2a: gigachad|move: Protect\n|move|p1a: \ud83c\udf19\ud83d\udc97NINETALES\ud83d\udc97\ud83d\udc8b|Draining Kiss|p2a: gigachad\n|-activate|p2a: gigachad|move: Protect\n|\n|-damage|p1a: \ud83c\udf19\ud83d\udc97NINETALES\ud83d\udc97\ud83d\udc8b|47\/100 tox|[from] psn\n|upkeep\n|turn|21\n|\n|t:|1700346810\n|move|p2a: gigachad|Baneful Bunker||[still]\n|-fail|p2a: gigachad\n|move|p1a: \ud83c\udf19\ud83d\udc97NINETALES\ud83d\udc97\ud83d\udc8b|Moonblast|p2a: gigachad\n|-resisted|p2a: gigachad\n|-damage|p2a: gigachad|46\/100\n|\n|-heal|p2a: gigachad|52\/100|[from] item: Black Sludge\n|-damage|p1a: \ud83c\udf19\ud83d\udc97NINETALES\ud83d\udc97\ud83d\udc8b|23\/100 tox|[from] psn\n|upkeep\n|turn|22\n|\n|t:|1700346825\n|move|p2a: gigachad|Baneful Bunker|p2a: gigachad\n|-singleturn|p2a: gigachad|move: Protect\n|move|p1a: \ud83c\udf19\ud83d\udc97NINETALES\ud83d\udc97\ud83d\udc8b|Moonblast|p2a: gigachad\n|-activate|p2a: gigachad|move: Protect\n|\n|-heal|p2a: gigachad|59\/100|[from] item: Black Sludge\n|-damage|p1a: \ud83c\udf19\ud83d\udc97NINETALES\ud83d\udc97\ud83d\udc8b|0 fnt|[from] psn\n|faint|p1a: \ud83c\udf19\ud83d\udc97NINETALES\ud83d\udc97\ud83d\udc8b\n|-sideend|p2: ElisaMarie1719|move: Light Screen\n|upkeep\n|c|\u2606ElisaMarie1719|sayonara ninetails\n|\n|t:|1700346844\n|switch|p1a: \ud83d\udc97MY LIL PONY\ud83d\udc97\ud83d\udc8b|Rapidash-Galar, F|100\/100\n|turn|23\n|\n|t:|1700346850\n|move|p1a: \ud83d\udc97MY LIL PONY\ud83d\udc97\ud83d\udc8b|Misty Terrain|p1a: \ud83d\udc97MY LIL PONY\ud83d\udc97\ud83d\udc8b\n|-fieldstart|move: Misty Terrain\n|move|p2a: gigachad|Recover|p2a: gigachad\n|-heal|p2a: gigachad|100\/100\n|\n|upkeep\n|turn|24\n|inactive|PIXIE-MODE\u2665\ufe0f has 120 seconds left.\n|\n|t:|1700346881\n|move|p1a: \ud83d\udc97MY LIL PONY\ud83d\udc97\ud83d\udc8b|Play Rough|p2a: gigachad\n|-resisted|p2a: gigachad\n|-damage|p2a: gigachad|89\/100\n|-unboost|p2a: gigachad|atk|1\n|move|p2a: gigachad|Ice Spinner|p1a: \ud83d\udc97MY LIL PONY\ud83d\udc97\ud83d\udc8b\n|-damage|p1a: \ud83d\udc97MY LIL PONY\ud83d\udc97\ud83d\udc8b|86\/100\n|-fieldend|Misty Terrain\n|\n|-heal|p2a: gigachad|95\/100|[from] item: Black Sludge\n|upkeep\n|turn|25\n|inactive|PIXIE-MODE\u2665\ufe0f has 120 seconds left.\n|\n|t:|1700346893\n|move|p1a: \ud83d\udc97MY LIL PONY\ud83d\udc97\ud83d\udc8b|Misty Terrain|p1a: \ud83d\udc97MY LIL PONY\ud83d\udc97\ud83d\udc8b\n|-fieldstart|move: Misty Terrain\n|move|p2a: gigachad|Toxic|p1a: \ud83d\udc97MY LIL PONY\ud83d\udc97\ud83d\udc8b\n|-block|p1a: \ud83d\udc97MY LIL PONY\ud83d\udc97\ud83d\udc8b|ability: Pastel Veil|[of] p1a: \ud83d\udc97MY LIL PONY\ud83d\udc97\ud83d\udc8b\n|\n|-heal|p2a: gigachad|100\/100|[from] item: Black Sludge\n|upkeep\n|turn|26\n|inactive|PIXIE-MODE\u2665\ufe0f has 120 seconds left.\n|\n|t:|1700346917\n|switch|p2a: Just make a rain|Kyogre|100\/100\n|-activate|p2a: Just make a rain|move: Sticky Web\n|-unboost|p2a: Just make a rain|spe|1\n|detailschange|p2a: Just make a rain|Kyogre-Primal\n|-primal|p2a: Just make a rain|Blue Orb\n|-weather|PrimordialSea|[from] ability: Primordial Sea|[of] p2a: Just make a rain\n|move|p1a: \ud83d\udc97MY LIL PONY\ud83d\udc97\ud83d\udc8b|Dazzling Gleam|p2a: Just make a rain\n|-damage|p2a: Just make a rain|88\/100\n|\n|-weather|PrimordialSea|[upkeep]\n|upkeep\n|turn|27\n|\n|t:|1700346930\n|move|p1a: \ud83d\udc97MY LIL PONY\ud83d\udc97\ud83d\udc8b|Mystical Fire||[still]\n|-fail|p1a: \ud83d\udc97MY LIL PONY\ud83d\udc97\ud83d\udc8b|Mystical Fire|[from] Primordial Sea\n|move|p2a: Just make a rain|Calm Mind|p2a: Just make a rain\n|-boost|p2a: Just make a rain|spa|1\n|-boost|p2a: Just make a rain|spd|1\n|\n|-weather|PrimordialSea|[upkeep]\n|upkeep\n|turn|28\n|\n|t:|1700346939\n|switch|p1a: \ud83d\udc96PRIMARINA\ud83d\udc97\ud83e\udddc\u200d\u2640\ufe0f|Primarina, F, shiny|100\/100\n|move|p2a: Just make a rain|Calm Mind|p2a: Just make a rain\n|-boost|p2a: Just make a rain|spa|1\n|-boost|p2a: Just make a rain|spd|1\n|\n|-weather|PrimordialSea|[upkeep]\n|upkeep\n|turn|29\n|\n|t:|1700346949\n|-zpower|p1a: \ud83d\udc96PRIMARINA\ud83d\udc97\ud83e\udddc\u200d\u2640\ufe0f\n|move|p1a: \ud83d\udc96PRIMARINA\ud83d\udc97\ud83e\udddc\u200d\u2640\ufe0f|Twinkle Tackle|p2a: Just make a rain|[zeffect]\n|-crit|p2a: Just make a rain\n|-damage|p2a: Just make a rain|0 fnt\n|faint|p2a: Just make a rain\n|-weather|none\n|\n|upkeep\n|\n|t:|1700346958\n|switch|p2a: gigachad|Toxapex, F|100\/100\n|-activate|p2a: gigachad|move: Sticky Web\n|-unboost|p2a: gigachad|spe|1\n|turn|30\n|inactive|PIXIE-MODE\u2665\ufe0f has 120 seconds left.\n|\n|t:|1700346968\n|move|p1a: \ud83d\udc96PRIMARINA\ud83d\udc97\ud83e\udddc\u200d\u2640\ufe0f|Moonblast|p2a: gigachad\n|-resisted|p2a: gigachad\n|-damage|p2a: gigachad|79\/100\n|move|p2a: gigachad|Ice Spinner|p1a: \ud83d\udc96PRIMARINA\ud83d\udc97\ud83e\udddc\u200d\u2640\ufe0f\n|-resisted|p1a: \ud83d\udc96PRIMARINA\ud83d\udc97\ud83e\udddc\u200d\u2640\ufe0f\n|-damage|p1a: \ud83d\udc96PRIMARINA\ud83d\udc97\ud83e\udddc\u200d\u2640\ufe0f|92\/100\n|-fieldend|Misty Terrain\n|\n|-heal|p2a: gigachad|85\/100|[from] item: Black Sludge\n|upkeep\n|turn|31\n|inactive|PIXIE-MODE\u2665\ufe0f has 120 seconds left.\n|\n|t:|1700346980\n|switch|p1a: \ud83d\udc97KLEKI\ud83d\udc97\ud83d\udc8b|Klefki, F|100\/100\n|move|p2a: gigachad|Toxic|p1a: \ud83d\udc97KLEKI\ud83d\udc97\ud83d\udc8b\n|-immune|p1a: \ud83d\udc97KLEKI\ud83d\udc97\ud83d\udc8b\n|\n|-heal|p2a: gigachad|91\/100|[from] item: Black Sludge\n|upkeep\n|turn|32\n|inactive|PIXIE-MODE\u2665\ufe0f has 120 seconds left.\n|\n|t:|1700346992\n|switch|p2a: My besty and me|Kangaskhan, F|100\/100\n|-activate|p2a: My besty and me|move: Sticky Web\n|-unboost|p2a: My besty and me|spe|1\n|move|p1a: \ud83d\udc97KLEKI\ud83d\udc97\ud83d\udc8b|Reflect|p1a: \ud83d\udc97KLEKI\ud83d\udc97\ud83d\udc8b\n|-sidestart|p1: PIXIE-MODE\u2665\ufe0f|Reflect\n|\n|upkeep\n|turn|33\n|inactive|PIXIE-MODE\u2665\ufe0f has 120 seconds left.\n|\n|t:|1700347016\n|switch|p1a: \ud83d\udc97THE JUBILEEE\ud83d\udc97\ud83d\udc8b|Togekiss, F, shiny|100\/100\n|detailschange|p2a: My besty and me|Kangaskhan-Mega, F\n|-mega|p2a: My besty and me|Kangaskhan|Kangaskhanite\n|move|p2a: My besty and me|Fake Out|p1a: \ud83d\udc97THE JUBILEEE\ud83d\udc97\ud83d\udc8b\n|-damage|p1a: \ud83d\udc97THE JUBILEEE\ud83d\udc97\ud83d\udc8b|88\/100\n|-damage|p1a: \ud83d\udc97THE JUBILEEE\ud83d\udc97\ud83d\udc8b|86\/100\n|-hitcount|p1a: \ud83d\udc97THE JUBILEEE\ud83d\udc97\ud83d\udc8b|2\n|\n|upkeep\n|turn|34\n|\n|t:|1700347026\n|move|p1a: \ud83d\udc97THE JUBILEEE\ud83d\udc97\ud83d\udc8b|Thunder Wave|p2a: My besty and me\n|-status|p2a: My besty and me|par\n|move|p2a: My besty and me|Avalanche|p1a: \ud83d\udc97THE JUBILEEE\ud83d\udc97\ud83d\udc8b\n|-supereffective|p1a: \ud83d\udc97THE JUBILEEE\ud83d\udc97\ud83d\udc8b\n|-damage|p1a: \ud83d\udc97THE JUBILEEE\ud83d\udc97\ud83d\udc8b|63\/100\n|-supereffective|p1a: \ud83d\udc97THE JUBILEEE\ud83d\udc97\ud83d\udc8b\n|-damage|p1a: \ud83d\udc97THE JUBILEEE\ud83d\udc97\ud83d\udc8b|57\/100\n|-hitcount|p1a: \ud83d\udc97THE JUBILEEE\ud83d\udc97\ud83d\udc8b|2\n|\n|upkeep\n|turn|35\n|inactive|PIXIE-MODE\u2665\ufe0f has 120 seconds left.\n|\n|t:|1700347039\n|move|p1a: \ud83d\udc97THE JUBILEEE\ud83d\udc97\ud83d\udc8b|Air Slash|p2a: My besty and me\n|-damage|p2a: My besty and me|67\/100 par\n|move|p2a: My besty and me|Avalanche|p1a: \ud83d\udc97THE JUBILEEE\ud83d\udc97\ud83d\udc8b\n|-supereffective|p1a: \ud83d\udc97THE JUBILEEE\ud83d\udc97\ud83d\udc8b\n|-damage|p1a: \ud83d\udc97THE JUBILEEE\ud83d\udc97\ud83d\udc8b|8\/100\n|-supereffective|p1a: \ud83d\udc97THE JUBILEEE\ud83d\udc97\ud83d\udc8b\n|-damage|p1a: \ud83d\udc97THE JUBILEEE\ud83d\udc97\ud83d\udc8b|0 fnt\n|faint|p1a: \ud83d\udc97THE JUBILEEE\ud83d\udc97\ud83d\udc8b\n|-hitcount|p1: \ud83d\udc97THE JUBILEEE\ud83d\udc97\ud83d\udc8b|2\n|\n|upkeep\n|\n|t:|1700347057\n|switch|p1a: \ud83d\udc96PRIMARINA\ud83d\udc97\ud83e\udddc\u200d\u2640\ufe0f|Primarina, F, shiny|92\/100\n|turn|36\n|\n|t:|1700347064\n|move|p1a: \ud83d\udc96PRIMARINA\ud83d\udc97\ud83e\udddc\u200d\u2640\ufe0f|Moonblast|p2a: My besty and me\n|-damage|p2a: My besty and me|17\/100 par\n|cant|p2a: My besty and me|par\n|\n|upkeep\n|turn|37\n|\n|t:|1700347070\n|switch|p2a: gigachad|Toxapex, F|100\/100\n|-activate|p2a: gigachad|move: Sticky Web\n|-unboost|p2a: gigachad|spe|1\n|move|p1a: \ud83d\udc96PRIMARINA\ud83d\udc97\ud83e\udddc\u200d\u2640\ufe0f|Moonblast|p2a: gigachad\n|-resisted|p2a: gigachad\n|-damage|p2a: gigachad|80\/100\n|\n|-heal|p2a: gigachad|86\/100|[from] item: Black Sludge\n|upkeep\n|turn|38\n|inactive|PIXIE-MODE\u2665\ufe0f has 120 seconds left.\n|\n|t:|1700347084\n|switch|p1a: \ud83d\udc97KLEKI\ud83d\udc97\ud83d\udc8b|Klefki, F|100\/100\n|move|p2a: gigachad|Toxic|p1a: \ud83d\udc97KLEKI\ud83d\udc97\ud83d\udc8b\n|-immune|p1a: \ud83d\udc97KLEKI\ud83d\udc97\ud83d\udc8b\n|\n|-heal|p2a: gigachad|93\/100|[from] item: Black Sludge\n|upkeep\n|turn|39\n|inactive|PIXIE-MODE\u2665\ufe0f has 120 seconds left.\n|\n|t:|1700347092\n|-terastallize|p2a: gigachad|Poison\n|move|p2a: gigachad|Baneful Bunker|p2a: gigachad\n|-singleturn|p2a: gigachad|move: Protect\n|move|p1a: \ud83d\udc97KLEKI\ud83d\udc97\ud83d\udc8b|Misty Terrain|p1a: \ud83d\udc97KLEKI\ud83d\udc97\ud83d\udc8b\n|-fieldstart|move: Misty Terrain\n|\n|-heal|p2a: gigachad|99\/100|[from] item: Black Sludge\n|-sideend|p1: PIXIE-MODE\u2665\ufe0f|Reflect\n|upkeep\n|turn|40\n|inactive|PIXIE-MODE\u2665\ufe0f has 120 seconds left.\n|\n|t:|1700347105\n|move|p1a: \ud83d\udc97KLEKI\ud83d\udc97\ud83d\udc8b|Light Screen|p1a: \ud83d\udc97KLEKI\ud83d\udc97\ud83d\udc8b\n|-sidestart|p1: PIXIE-MODE\u2665\ufe0f|move: Light Screen\n|move|p2a: gigachad|Ice Spinner|p1a: \ud83d\udc97KLEKI\ud83d\udc97\ud83d\udc8b\n|-resisted|p1a: \ud83d\udc97KLEKI\ud83d\udc97\ud83d\udc8b\n|-damage|p1a: \ud83d\udc97KLEKI\ud83d\udc97\ud83d\udc8b|93\/100\n|-fieldend|Misty Terrain\n|\n|-heal|p2a: gigachad|100\/100|[from] item: Black Sludge\n|upkeep\n|turn|41\n|\n|t:|1700347114\n|move|p1a: \ud83d\udc97KLEKI\ud83d\udc97\ud83d\udc8b|Reflect|p1a: \ud83d\udc97KLEKI\ud83d\udc97\ud83d\udc8b\n|-sidestart|p1: PIXIE-MODE\u2665\ufe0f|Reflect\n|move|p2a: gigachad|Ice Spinner|p1a: \ud83d\udc97KLEKI\ud83d\udc97\ud83d\udc8b\n|-resisted|p1a: \ud83d\udc97KLEKI\ud83d\udc97\ud83d\udc8b\n|-damage|p1a: \ud83d\udc97KLEKI\ud83d\udc97\ud83d\udc8b|89\/100\n|\n|upkeep\n|turn|42\n|\n|t:|1700347127\n|move|p1a: \ud83d\udc97KLEKI\ud83d\udc97\ud83d\udc8b|Draining Kiss|p2a: gigachad\n|-resisted|p2a: gigachad\n|-damage|p2a: gigachad|95\/100\n|-heal|p1a: \ud83d\udc97KLEKI\ud83d\udc97\ud83d\udc8b|94\/100|[from] drain|[of] p2a: gigachad\n|move|p2a: gigachad|Ice Spinner|p1a: \ud83d\udc97KLEKI\ud83d\udc97\ud83d\udc8b\n|-resisted|p1a: \ud83d\udc97KLEKI\ud83d\udc97\ud83d\udc8b\n|-damage|p1a: \ud83d\udc97KLEKI\ud83d\udc97\ud83d\udc8b|91\/100\n|\n|-heal|p2a: gigachad|100\/100|[from] item: Black Sludge\n|upkeep\n|turn|43\n|inactive|PIXIE-MODE\u2665\ufe0f has 120 seconds left.\n|\n|t:|1700347158\n|move|p1a: \ud83d\udc97KLEKI\ud83d\udc97\ud83d\udc8b|Draining Kiss|p2a: gigachad\n|-resisted|p2a: gigachad\n|-damage|p2a: gigachad|95\/100\n|-heal|p1a: \ud83d\udc97KLEKI\ud83d\udc97\ud83d\udc8b|95\/100|[from] drain|[of] p2a: gigachad\n|move|p2a: gigachad|Ice Spinner|p1a: \ud83d\udc97KLEKI\ud83d\udc97\ud83d\udc8b\n|-resisted|p1a: \ud83d\udc97KLEKI\ud83d\udc97\ud83d\udc8b\n|-damage|p1a: \ud83d\udc97KLEKI\ud83d\udc97\ud83d\udc8b|92\/100\n|\n|-heal|p2a: gigachad|100\/100|[from] item: Black Sludge\n|upkeep\n|turn|44\n|\n|t:|1700347170\n|move|p2a: gigachad|Baneful Bunker|p2a: gigachad\n|-singleturn|p2a: gigachad|move: Protect\n|move|p1a: \ud83d\udc97KLEKI\ud83d\udc97\ud83d\udc8b|Draining Kiss|p2a: gigachad\n|-activate|p2a: gigachad|move: Protect\n|\n|upkeep\n|turn|45\n|-message|ElisaMarie1719 forfeited.\n|\n|win|PIXIE-MODE\u2665\ufe0f\n|raw|PIXIE-MODE\u2665\ufe0f's rating: 1088 &rarr; <strong>1116<\/strong><br \/>(+28 for winning)\n|raw|ElisaMarie1719's rating: 1108 &rarr; <strong>1082<\/strong><br \/>(-26 for losing)\n|l|\u2606ElisaMarie1719\n","uploadtime":1700347970,"views":7,"p1id":"pixiemode","p2id":"elisamarie1719","formatid":"gen9nationaldexubers","rating":1082,"private":0,"password":""}