{"id":"gen9nationaldexubers-1991567785","p1":"krookodilemoxie","p2":"Dracho23","format":"[Gen 9] National Dex Ubers","log":"|j|\u203dkrookodilemoxie\n|j|\u2606Dracho23\n|t:|1700089213\n|gametype|singles\n|player|p1|krookodilemoxie|byron|1323\n|player|p2|Dracho23|blue|1348\n|teamsize|p1|6\n|teamsize|p2|6\n|gen|9\n|tier|[Gen 9] National Dex Ubers\n|rated|\n|rule|HP Percentage Mod: HP is shown in percentages\n|rule|Endless Battle Clause: Forcing endless battles is banned\n|rule|OHKO Clause: OHKO moves are banned\n|rule|Evasion Moves Clause: Evasion moves are banned\n|rule|Evasion Items Clause: Evasion items are banned\n|rule|Species Clause: Limit one of each Pok\u00e9mon\n|rule|Sleep Clause Mod: Limit one foe put to sleep\n|rule|Mega Rayquaza Clause: You cannot mega evolve Rayquaza\n|clearpoke\n|poke|p1|Clefable, F|\n|poke|p1|Xerneas-*|\n|poke|p1|Zygarde|\n|poke|p1|Serperior, F|\n|poke|p1|Latias, F|\n|poke|p1|Arceus|\n|poke|p2|Gengar, M|\n|poke|p2|Gardevoir, F|\n|poke|p2|Golduck, M|\n|poke|p2|Ursaluna-Bloodmoon, M|\n|poke|p2|Roaring Moon|\n|poke|p2|Groudon|\n|teampreview\n|inactive|Battle timer is ON: inactive players will automatically lose when time's up. (requested by Dracho23)\n|\n|t:|1700089240\n|start\n|switch|p1a: Arceus|Arceus|100\/100\n|switch|p2a: Krakatoa|Groudon|100\/100\n|detailschange|p2a: Krakatoa|Groudon-Primal\n|-primal|p2a: Krakatoa|Red Orb\n|-weather|DesolateLand|[from] ability: Desolate Land|[of] p2a: Krakatoa\n|turn|1\n|\n|t:|1700089251\n|move|p1a: Arceus|Stealth Rock|p2a: Krakatoa\n|-sidestart|p2: Dracho23|move: Stealth Rock\n|move|p2a: Krakatoa|Thunder Wave|p1a: Arceus\n|-status|p1a: Arceus|par\n|\n|-weather|DesolateLand|[upkeep]\n|upkeep\n|turn|2\n|\n|t:|1700089280\n|move|p2a: Krakatoa|Heat Crash|p1a: Arceus\n|-damage|p1a: Arceus|47\/100 par\n|move|p1a: Arceus|Roar|p2a: Krakatoa\n|-weather|none\n|drag|p2a: Queenzy|Gardevoir, F, shiny|100\/100\n|-damage|p2a: Queenzy|88\/100|[from] Stealth Rock\n|\n|upkeep\n|turn|3\n|\n|t:|1700089291\n|move|p2a: Queenzy|Magic Coat|p2a: Queenzy\n|-singleturn|p2a: Queenzy|move: Magic Coat\n|move|p1a: Arceus|Roar|p2a: Queenzy\n|move|p2a: Queenzy|Roar|p1a: Arceus|[from]Magic Coat\n|drag|p1a: Xerneas|Xerneas|100\/100\n|-ability|p1a: Xerneas|Fairy Aura\n|-ability|p2a: Queenzy|Fairy Aura\n|-ability|p2a: Queenzy|Fairy Aura|[from] ability: Trace|[of] p1a: Xerneas\n|\n|upkeep\n|turn|4\n|\n|t:|1700089310\n|switch|p1a: Serperior|Serperior, F|100\/100\n|move|p2a: Queenzy|Moonblast|p1a: Serperior\n|-damage|p1a: Serperior|13\/100\n|\n|upkeep\n|turn|5\n|\n|t:|1700089321\n|switch|p2a: Krakatoa|Groudon-Primal|100\/100\n|-damage|p2a: Krakatoa|88\/100|[from] Stealth Rock\n|-weather|DesolateLand|[from] ability: Desolate Land|[of] p2a: Krakatoa\n|move|p1a: Serperior|Leaf Storm|p2a: Krakatoa|[miss]\n|-miss|p1a: Serperior|p2a: Krakatoa\n|\n|-weather|DesolateLand|[upkeep]\n|upkeep\n|turn|6\n|\n|t:|1700089331\n|move|p1a: Serperior|Glare|p2a: Krakatoa\n|-status|p2a: Krakatoa|par\n|move|p2a: Krakatoa|Heat Crash|p1a: Serperior\n|-supereffective|p1a: Serperior\n|-damage|p1a: Serperior|0 fnt\n|faint|p1a: Serperior\n|\n|-weather|DesolateLand|[upkeep]\n|upkeep\n|\n|t:|1700089343\n|switch|p1a: Zygarde|Zygarde|100\/100\n|turn|7\n|\n|t:|1700089348\n|-weather|none\n|switch|p2a: Kahuna|Golduck, M, shiny|100\/100\n|-damage|p2a: Kahuna|88\/100|[from] Stealth Rock\n|-ability|p2a: Kahuna|Cloud Nine\n|move|p1a: Zygarde|Coil|p1a: Zygarde\n|-boost|p1a: Zygarde|atk|1\n|-boost|p1a: Zygarde|def|1\n|-boost|p1a: Zygarde|accuracy|1\n|\n|upkeep\n|turn|8\n|\n|t:|1700089359\n|-terastallize|p1a: Zygarde|Normal\n|move|p2a: Kahuna|Ice Beam|p1a: Zygarde\n|-damage|p1a: Zygarde|79\/100\n|-status|p1a: Zygarde|frz\n|cant|p1a: Zygarde|frz\n|\n|upkeep\n|turn|9\n|\n|t:|1700089371\n|-curestatus|p1a: Zygarde|frz|[msg]\n|move|p1a: Zygarde|Extreme Speed|p2a: Kahuna\n|-damage|p2a: Kahuna|0 fnt\n|faint|p2a: Kahuna\n|\n|upkeep\n|\n|t:|1700089379\n|switch|p2a: Misha|Ursaluna-Bloodmoon, M|100\/100\n|-damage|p2a: Misha|94\/100|[from] Stealth Rock\n|turn|10\n|\n|t:|1700089385\n|move|p1a: Zygarde|Coil|p1a: Zygarde\n|-boost|p1a: Zygarde|atk|1\n|-boost|p1a: Zygarde|def|1\n|-boost|p1a: Zygarde|accuracy|1\n|move|p2a: Misha|Calm Mind|p2a: Misha\n|-boost|p2a: Misha|spa|1\n|-boost|p2a: Misha|spd|1\n|\n|upkeep\n|turn|11\n|\n|t:|1700089395\n|move|p1a: Zygarde|Extreme Speed|p2a: Misha\n|-damage|p2a: Misha|34\/100\n|-damage|p1a: Zygarde|62\/100|[from] item: Rocky Helmet|[of] p2a: Misha\n|move|p2a: Misha|Blood Moon|p1a: Zygarde\n|-damage|p1a: Zygarde|0 fnt\n|faint|p1a: Zygarde\n|\n|upkeep\n|\n|t:|1700089413\n|switch|p1a: Latias|Latias, F|100\/100\n|turn|12\n|\n|t:|1700089417\n|detailschange|p1a: Latias|Latias-Mega, F\n|-mega|p1a: Latias|Latias|Latiasite\n|move|p1a: Latias|Mystical Fire|p2a: Misha\n|-damage|p2a: Misha|12\/100\n|-unboost|p2a: Misha|spa|1\n|move|p2a: Misha|Calm Mind|p2a: Misha\n|-boost|p2a: Misha|spa|1\n|-boost|p2a: Misha|spd|1\n|\n|upkeep\n|turn|13\n|\n|t:|1700089427\n|move|p1a: Latias|Mystical Fire|p2a: Misha\n|-damage|p2a: Misha|0 fnt\n|faint|p2a: Misha\n|\n|upkeep\n|\n|t:|1700089434\n|switch|p2a: Brama|Roaring Moon, shiny|100\/100\n|-damage|p2a: Brama|88\/100|[from] Stealth Rock\n|-enditem|p2a: Brama|Booster Energy\n|-activate|p2a: Brama|ability: Protosynthesis|[fromitem]\n|-start|p2a: Brama|protosynthesisatk\n|turn|14\n|\n|t:|1700089449\n|-terastallize|p2a: Brama|Flying\n|move|p2a: Brama|Knock Off|p1a: Latias\n|-supereffective|p1a: Latias\n|-damage|p1a: Latias|7\/100\n|move|p1a: Latias|Dragon Breath|p2a: Brama\n|-damage|p2a: Brama|56\/100\n|\n|upkeep\n|turn|15\n|\n|t:|1700089461\n|move|p2a: Brama|Scale Shot|p1a: Latias\n|-supereffective|p1a: Latias\n|-damage|p1a: Latias|0 fnt\n|faint|p1a: Latias\n|-hitcount|p1: Latias|1\n|-unboost|p2a: Brama|def|1\n|-boost|p2a: Brama|spe|1\n|\n|upkeep\n|\n|t:|1700089464\n|switch|p1a: Clefable|Clefable, F|100\/100\n|turn|16\n|\n|t:|1700089471\n|move|p2a: Brama|Iron Head|p1a: Clefable\n|-supereffective|p1a: Clefable\n|-damage|p1a: Clefable|9\/100\n|cant|p1a: Clefable|flinch\n|\n|-damage|p2a: Brama|43\/100|[from] item: Sticky Barb\n|upkeep\n|turn|17\n|\n|t:|1700089486\n|move|p2a: Brama|Knock Off|p1a: Clefable\n|-resisted|p1a: Clefable\n|-damage|p1a: Clefable|0 fnt\n|faint|p1a: Clefable\n|\n|-damage|p2a: Brama|31\/100|[from] item: Sticky Barb\n|upkeep\n|\n|t:|1700089490\n|switch|p1a: Arceus|Arceus|47\/100 par\n|turn|18\n|\n|t:|1700089498\n|move|p2a: Brama|Knock Off|p1a: Arceus\n|-crit|p1a: Arceus\n|-damage|p1a: Arceus|0 fnt\n|-enditem|p1a: Arceus|Leppa Berry|[from] move: Knock Off|[of] p2a: Brama\n|faint|p1a: Arceus\n|\n|-damage|p2a: Brama|18\/100|[from] item: Sticky Barb\n|upkeep\n|\n|t:|1700089505\n|switch|p1a: Xerneas|Xerneas|100\/100\n|-ability|p1a: Xerneas|Fairy Aura\n|turn|19\n|\n|t:|1700089515\n|move|p2a: Brama|Knock Off|p1a: Xerneas\n|-resisted|p1a: Xerneas\n|-damage|p1a: Xerneas|73\/100\n|-enditem|p1a: Xerneas|Power Herb|[from] move: Knock Off|[of] p2a: Brama\n|move|p1a: Xerneas|Geomancy||[still]\n|-prepare|p1a: Xerneas|Geomancy\n|\n|-damage|p2a: Brama|6\/100|[from] item: Sticky Barb\n|upkeep\n|turn|20\n|\n|t:|1700089525\n|move|p2a: Brama|Acrobatics|p1a: Xerneas\n|-damage|p1a: Xerneas|41\/100\n|move|p1a: Xerneas|Geomancy|p1a: Xerneas|[from]lockedmove\n|-boost|p1a: Xerneas|spa|2\n|-boost|p1a: Xerneas|spd|2\n|-boost|p1a: Xerneas|spe|2\n|\n|-damage|p2a: Brama|0 fnt|[from] item: Sticky Barb\n|faint|p2a: Brama\n|-end|p2a: Brama|Protosynthesis|[silent]\n|upkeep\n|\n|t:|1700089536\n|switch|p2a: Krakatoa|Groudon-Primal|88\/100 par\n|-damage|p2a: Krakatoa|76\/100 par|[from] Stealth Rock\n|-weather|DesolateLand|[from] ability: Desolate Land|[of] p2a: Krakatoa\n|turn|21\n|\n|t:|1700089542\n|move|p1a: Xerneas|Draining Kiss|p2a: Krakatoa\n|-resisted|p2a: Krakatoa\n|-damage|p2a: Krakatoa|41\/100 par\n|-heal|p1a: Xerneas|62\/100|[from] drain|[of] p2a: Krakatoa\n|move|p2a: Krakatoa|Thunder Wave|p1a: Xerneas\n|-status|p1a: Xerneas|par\n|\n|-weather|DesolateLand|[upkeep]\n|upkeep\n|turn|22\n|\n|t:|1700089551\n|move|p1a: Xerneas|Draining Kiss|p2a: Krakatoa\n|-resisted|p2a: Krakatoa\n|-crit|p2a: Krakatoa\n|-damage|p2a: Krakatoa|0 fnt\n|-heal|p1a: Xerneas|88\/100 par|[from] drain|[of] p2a: Krakatoa\n|faint|p2a: Krakatoa\n|-weather|none\n|\n|upkeep\n|\n|t:|1700089558\n|switch|p2a: Bhoo|Gengar, M|100\/100\n|-damage|p2a: Bhoo|88\/100|[from] Stealth Rock\n|turn|23\n|\n|t:|1700089563\n|move|p2a: Bhoo|Clear Smog|p1a: Xerneas\n|-supereffective|p1a: Xerneas\n|-damage|p1a: Xerneas|64\/100 par\n|-clearboost|p1a: Xerneas\n|cant|p1a: Xerneas|par\n|\n|upkeep\n|turn|24\n|\n|t:|1700089571\n|move|p2a: Bhoo|Clear Smog|p1a: Xerneas\n|-supereffective|p1a: Xerneas\n|-damage|p1a: Xerneas|20\/100 par\n|-clearboost|p1a: Xerneas\n|cant|p1a: Xerneas|par\n|\n|upkeep\n|turn|25\n|\n|t:|1700089578\n|move|p2a: Bhoo|Clear Smog|p1a: Xerneas\n|-supereffective|p1a: Xerneas\n|-damage|p1a: Xerneas|0 fnt\n|-clearboost|p1a: Xerneas\n|faint|p1a: Xerneas\n|\n|win|Dracho23\n|raw|krookodilemoxie's rating: 1323 &rarr; <strong>1304<\/strong><br \/>(-19 for losing)\n|raw|Dracho23's rating: 1348 &rarr; <strong>1367<\/strong><br \/>(+19 for winning)\n|c|\u2606Dracho23|Gg\n|l|\u203dkrookodilemoxie\n","uploadtime":1700089623,"views":13,"p1id":"krookodilemoxie","p2id":"dracho23","formatid":"gen9nationaldexubers","rating":1304,"private":0,"password":""}