{"id":"gen9nationaldexubers-1992977641","p1":"Rishious Fend","p2":"galaxystudios370","format":"[Gen 9] National Dex Ubers","log":"|j|\u2606Rishious Fend\n|j|\u2606galaxystudios370\n|t:|1700252087\n|gametype|singles\n|player|p1|Rishious Fend|steven|\n|player|p2|galaxystudios370|hilbert|\n|teamsize|p1|6\n|teamsize|p2|6\n|gen|9\n|tier|[Gen 9] National Dex Ubers\n|rule|HP Percentage Mod: HP is shown in percentages\n|rule|Endless Battle Clause: Forcing endless battles is banned\n|rule|OHKO Clause: OHKO moves are banned\n|rule|Evasion Moves Clause: Evasion moves are banned\n|rule|Evasion Items Clause: Evasion items are banned\n|rule|Species Clause: Limit one of each Pok\u00e9mon\n|rule|Sleep Clause Mod: Limit one foe put to sleep\n|rule|Mega Rayquaza Clause: You cannot mega evolve Rayquaza\n|clearpoke\n|poke|p1|Naganadel|\n|poke|p1|Kleavor, F|\n|poke|p1|Basculegion, M|\n|poke|p1|Baxcalibur, F|\n|poke|p1|Dracovish|\n|poke|p1|Salamence, F|\n|poke|p2|Hatterene, F|\n|poke|p2|Calyrex-Ice|\n|poke|p2|Necrozma-Dusk-Mane|\n|poke|p2|Lunala|\n|poke|p2|Mewtwo|\n|poke|p2|Tapu Lele|\n|teampreview\n|inactive|Battle timer is ON: inactive players will automatically lose when time's up. (requested by galaxystudios370)\n|\n|t:|1700252116\n|start\n|switch|p1a: inferior pawn|Kleavor, F|100\/100\n|switch|p2a: Mistral|Hatterene, F|100\/100\n|turn|1\n|\n|t:|1700252122\n|move|p1a: inferior pawn|Stone Axe|p2a: Mistral\n|-damage|p2a: Mistral|38\/100\n|-sidestart|p2: galaxystudios370|move: Stealth Rock\n|move|p2a: Mistral|Trick Room|p2a: Mistral\n|-fieldstart|move: Trick Room|[of] p2a: Mistral\n|\n|upkeep\n|turn|2\n|\n|t:|1700252130\n|move|p2a: Mistral|Dazzling Gleam|p1a: inferior pawn\n|-damage|p1a: inferior pawn|29\/100\n|move|p1a: inferior pawn|Stone Axe|p2a: Mistral\n|-damage|p2a: Mistral|0 fnt\n|faint|p2a: Mistral\n|\n|upkeep\n|\n|t:|1700252132\n|switch|p2a: Jetstream Sam|Calyrex-Ice|100\/100\n|-ability|p2a: Jetstream Sam|As One\n|-ability|p2a: Jetstream Sam|Unnerve\n|-damage|p2a: Jetstream Sam|76\/100|[from] Stealth Rock\n|turn|3\n|\n|t:|1700252143\n|move|p1a: inferior pawn|Quick Attack|p2a: Jetstream Sam\n|-damage|p2a: Jetstream Sam|67\/100\n|move|p2a: Jetstream Sam|Glacial Lance|p1a: inferior pawn\n|-damage|p1a: inferior pawn|0 fnt\n|faint|p1a: inferior pawn\n|-ability|p2a: Jetstream Sam|Chilling Neigh|boost\n|-boost|p2a: Jetstream Sam|atk|1\n|\n|upkeep\n|\n|t:|1700252151\n|switch|p1a: special pawn|Salamence, F|100\/100\n|-ability|p1a: special pawn|Intimidate|boost\n|-unboost|p2a: Jetstream Sam|atk|1\n|turn|4\n|\n|t:|1700252169\n|switch|p1a: pawn 2|Baxcalibur, F|100\/100\n|move|p2a: Jetstream Sam|Glacial Lance|p1a: pawn 2\n|-damage|p1a: pawn 2|24\/100\n|\n|upkeep\n|turn|5\n|\n|t:|1700252180\n|move|p2a: Jetstream Sam|Glacial Lance|p1a: pawn 2\n|-damage|p1a: pawn 2|0 fnt\n|faint|p1a: pawn 2\n|-ability|p2a: Jetstream Sam|Chilling Neigh|boost\n|-boost|p2a: Jetstream Sam|atk|1\n|\n|-fieldend|move: Trick Room\n|upkeep\n|\n|t:|1700252186\n|switch|p1a: pawn 3|Naganadel|100\/100\n|turn|6\n|\n|t:|1700252209\n|-zpower|p1a: pawn 3\n|move|p1a: pawn 3|Devastating Drake|p2a: Jetstream Sam|[zeffect]\n|-damage|p2a: Jetstream Sam|0 fnt\n|faint|p2a: Jetstream Sam\n|-ability|p1a: pawn 3|Beast Boost|boost\n|-boost|p1a: pawn 3|spe|1\n|\n|upkeep\n|\n|t:|1700252224\n|switch|p2a: Blade Wolf|Necrozma-Dusk-Mane|100\/100\n|-damage|p2a: Blade Wolf|94\/100|[from] Stealth Rock\n|turn|7\n|\n|t:|1700252228\n|move|p1a: pawn 3|Fire Blast|p2a: Blade Wolf\n|-supereffective|p2a: Blade Wolf\n|-crit|p2a: Blade Wolf\n|-damage|p2a: Blade Wolf|33\/100\n|-enditem|p2a: Blade Wolf|Weakness Policy\n|-boost|p2a: Blade Wolf|atk|2|[from] item: Weakness Policy\n|-boost|p2a: Blade Wolf|spa|2|[from] item: Weakness Policy\n|move|p2a: Blade Wolf|Trick Room|p2a: Blade Wolf\n|-fieldstart|move: Trick Room|[of] p2a: Blade Wolf\n|\n|upkeep\n|turn|8\n|\n|t:|1700252240\n|switch|p1a: special pawn|Salamence, F|100\/100\n|-ability|p1a: special pawn|Intimidate|boost\n|-unboost|p2a: Blade Wolf|atk|1\n|move|p2a: Blade Wolf|Sunsteel Strike|p1a: special pawn\n|-damage|p1a: special pawn|0 fnt\n|faint|p1a: special pawn\n|\n|upkeep\n|\n|t:|1700252255\n|switch|p1a: pawn 1|Dracovish|100\/100\n|turn|9\n|\n|t:|1700252267\n|switch|p1a: pawn 3|Naganadel|100\/100\n|move|p2a: Blade Wolf|Earthquake|p1a: pawn 3\n|-supereffective|p1a: pawn 3\n|-damage|p1a: pawn 3|0 fnt\n|faint|p1a: pawn 3\n|\n|upkeep\n|\n|t:|1700252275\n|switch|p1a: pawn 1|Dracovish|100\/100\n|turn|10\n|\n|t:|1700252282\n|move|p2a: Blade Wolf|Earthquake|p1a: pawn 1\n|-damage|p1a: pawn 1|29\/100\n|move|p1a: pawn 1|Fishious Rend|p2a: Blade Wolf\n|-damage|p2a: Blade Wolf|0 fnt\n|faint|p2a: Blade Wolf\n|\n|upkeep\n|\n|t:|1700252290\n|switch|p2a: Sundowner|Lunala|100\/100\n|-damage|p2a: Sundowner|88\/100|[from] Stealth Rock\n|turn|11\n|\n|t:|1700252294\n|move|p2a: Sundowner|Moongeist Beam|p1a: pawn 1\n|-damage|p1a: pawn 1|0 fnt\n|faint|p1a: pawn 1\n|\n|-fieldend|move: Trick Room\n|upkeep\n|\n|t:|1700252300\n|switch|p1a: Ace in the hole|Basculegion, M|100\/100\n|turn|12\n|c|\u2606galaxystudios370|Let's dance.\n|\n|t:|1700252312\n|-terastallize|p1a: Ace in the hole|Ghost\n|move|p1a: Ace in the hole|Last Respects|p2a: Sundowner\n|-supereffective|p2a: Sundowner\n|-damage|p2a: Sundowner|0 fnt\n|faint|p2a: Sundowner\n|\n|upkeep\n|\n|t:|1700252328\n|switch|p2a: Armstrong|Mewtwo|100\/100\n|-damage|p2a: Armstrong|88\/100|[from] Stealth Rock\n|-ability|p2a: Armstrong|Pressure\n|turn|13\n|inactive|galaxystudios370 has 270 seconds left.\n|c|\u2606galaxystudios370|You max out at 280 speed\n|c|\u2606galaxystudios370|Meaning there's no way you outspeed this.\n|c|\u2606galaxystudios370|ggwp\n|\n|t:|1700252362\n|detailschange|p2a: Armstrong|Mewtwo-Mega-Y\n|-mega|p2a: Armstrong|Mewtwo|Mewtwonite Y\n|move|p1a: Ace in the hole|Last Respects|p2a: Armstrong\n|-supereffective|p2a: Armstrong\n|-damage|p2a: Armstrong|0 fnt\n|faint|p2a: Armstrong\n|\n|upkeep\n|\n|t:|1700252365\n|switch|p2a: Monsoon|Tapu Lele|100\/100\n|-damage|p2a: Monsoon|88\/100|[from] Stealth Rock\n|-fieldstart|move: Psychic Terrain|[from] ability: Psychic Surge|[of] p2a: Monsoon\n|turn|14\n|inactive|galaxystudios370 has 270 seconds left.\n|c|\u2606galaxystudios370|uh\n|c|\u2606Rishious Fend|you're a fool\n|c|\u2606galaxystudios370|ngl I expected this set from the very beginning\n|\n|t:|1700252393\n|-terastallize|p2a: Monsoon|Normal\n|move|p1a: Ace in the hole|Last Respects|p2a: Monsoon\n|-immune|p2a: Monsoon\n|move|p2a: Monsoon|Psyshock|p1a: Ace in the hole\n|-damage|p1a: Ace in the hole|29\/100\n|\n|upkeep\n|turn|15\n|-message|Rishious Fend forfeited.\n|\n|win|galaxystudios370\n|l|\u2606Rishious Fend\n","uploadtime":1700252417,"views":10,"p1id":"rishiousfend","p2id":"galaxystudios370","formatid":"gen9nationaldexubers","rating":0,"private":0,"password":""}