{"id":"gen9nationaldexubers-1979159572","p1":"grass knot zygarde","p2":"09-10a","format":"[Gen 9] National Dex Ubers","log":"|j|\u2606grass knot zygarde\n|j|\u260609-10a\n|t:|1698641098\n|gametype|singles\n|player|p1|grass knot zygarde|dawn|1666\n|player|p2|09-10a|schoolkid-gen4dp|1833\n|teamsize|p1|6\n|teamsize|p2|6\n|gen|9\n|tier|[Gen 9] National Dex Ubers\n|rated|\n|rule|HP Percentage Mod: HP is shown in percentages\n|rule|Endless Battle Clause: Forcing endless battles is banned\n|rule|OHKO Clause: OHKO moves are banned\n|rule|Evasion Moves Clause: Evasion moves are banned\n|rule|Evasion Items Clause: Evasion items are banned\n|rule|Species Clause: Limit one of each Pok\u00e9mon\n|rule|Sleep Clause Mod: Limit one foe put to sleep\n|rule|Mega Rayquaza Clause: You cannot mega evolve Rayquaza\n|clearpoke\n|poke|p1|Chi-Yu|\n|poke|p1|Glimmora, F|\n|poke|p1|Groudon|\n|poke|p1|Arceus-Ghost|\n|poke|p1|Xerneas-*|\n|poke|p1|Zekrom|\n|poke|p2|Zacian-*|\n|poke|p2|Arceus-Ghost|\n|poke|p2|Zekrom|\n|poke|p2|Grimmsnarl, M|\n|poke|p2|Xerneas-*|\n|poke|p2|Marshadow|\n|teampreview\n|inactive|Battle timer is ON: inactive players will automatically lose when time's up. (requested by 09-10a)\n|\n|t:|1698641107\n|start\n|switch|p1a: \ua329\ua35f\ua074\ua14f\ua2ea\ua038\ua038\ua0a6\ua329\ua038\ua018\ua02d|Glimmora, F, shiny|100\/100\n|switch|p2a: Arceus|Arceus-Ghost|100\/100\n|turn|1\n|\n|t:|1698641121\n|move|p2a: Arceus|Taunt|p1a: \ua329\ua35f\ua074\ua14f\ua2ea\ua038\ua038\ua0a6\ua329\ua038\ua018\ua02d\n|-start|p1a: \ua329\ua35f\ua074\ua14f\ua2ea\ua038\ua038\ua0a6\ua329\ua038\ua018\ua02d|move: Taunt\n|move|p1a: \ua329\ua35f\ua074\ua14f\ua2ea\ua038\ua038\ua0a6\ua329\ua038\ua018\ua02d|Mud Shot|p2a: Arceus\n|-damage|p2a: Arceus|87\/100\n|-unboost|p2a: Arceus|spe|1\n|\n|upkeep\n|turn|2\n|\n|t:|1698641125\n|move|p1a: \ua329\ua35f\ua074\ua14f\ua2ea\ua038\ua038\ua0a6\ua329\ua038\ua018\ua02d|Mortal Spin|p2a: Arceus\n|-resisted|p2a: Arceus\n|-damage|p2a: Arceus|85\/100\n|-status|p2a: Arceus|psn\n|move|p2a: Arceus|Judgment|p1a: \ua329\ua35f\ua074\ua14f\ua2ea\ua038\ua038\ua0a6\ua329\ua038\ua018\ua02d\n|-damage|p1a: \ua329\ua35f\ua074\ua14f\ua2ea\ua038\ua038\ua0a6\ua329\ua038\ua018\ua02d|42\/100\n|\n|-damage|p2a: Arceus|72\/100 psn|[from] psn\n|upkeep\n|turn|3\n|\n|t:|1698641141\n|move|p1a: \ua329\ua35f\ua074\ua14f\ua2ea\ua038\ua038\ua0a6\ua329\ua038\ua018\ua02d|Power Gem|p2a: Arceus\n|-damage|p2a: Arceus|41\/100 psn\n|move|p2a: Arceus|Judgment|p1a: \ua329\ua35f\ua074\ua14f\ua2ea\ua038\ua038\ua0a6\ua329\ua038\ua018\ua02d\n|-damage|p1a: \ua329\ua35f\ua074\ua14f\ua2ea\ua038\ua038\ua0a6\ua329\ua038\ua018\ua02d|0 fnt\n|faint|p1a: \ua329\ua35f\ua074\ua14f\ua2ea\ua038\ua038\ua0a6\ua329\ua038\ua018\ua02d\n|\n|-damage|p2a: Arceus|29\/100 psn|[from] psn\n|upkeep\n|\n|t:|1698641144\n|switch|p1a: Rifle With a Scope|Chi-Yu|100\/100\n|-ability|p1a: Rifle With a Scope|Beads of Ruin\n|turn|4\n|\n|t:|1698641150\n|move|p1a: Rifle With a Scope|Substitute|p1a: Rifle With a Scope\n|-start|p1a: Rifle With a Scope|Substitute\n|-damage|p1a: Rifle With a Scope|76\/100\n|move|p2a: Arceus|Healing Wish|p2a: Arceus\n|faint|p2a: Arceus\n|\n|upkeep\n|\n|t:|1698641155\n|switch|p2a: Grimmsnarl|Grimmsnarl, M|100\/100\n|turn|5\n|\n|t:|1698641159\n|move|p1a: Rifle With a Scope|Nasty Plot|p1a: Rifle With a Scope\n|-boost|p1a: Rifle With a Scope|spa|2\n|move|p2a: Grimmsnarl|Spirit Break|p1a: Rifle With a Scope\n|-end|p1a: Rifle With a Scope|Substitute\n|\n|upkeep\n|turn|6\n|\n|t:|1698641162\n|move|p2a: Grimmsnarl|Light Screen|p2a: Grimmsnarl\n|-sidestart|p2: 09-10a|move: Light Screen\n|move|p1a: Rifle With a Scope|Flamethrower|p2a: Grimmsnarl\n|-damage|p2a: Grimmsnarl|36\/100\n|\n|upkeep\n|turn|7\n|\n|t:|1698641167\n|move|p1a: Rifle With a Scope|Flamethrower|p2a: Grimmsnarl\n|-damage|p2a: Grimmsnarl|0 fnt\n|faint|p2a: Grimmsnarl\n|\n|upkeep\n|\n|t:|1698641177\n|switch|p2a: Zekrom|Zekrom, shiny|100\/100\n|-ability|p2a: Zekrom|Teravolt\n|turn|8\n|\n|t:|1698641189\n|-zpower|p1a: Rifle With a Scope\n|move|p1a: Rifle With a Scope|Black Hole Eclipse|p2a: Zekrom|[zeffect]\n|-damage|p2a: Zekrom|0 fnt\n|faint|p2a: Zekrom\n|\n|upkeep\n|\n|t:|1698641192\n|switch|p2a: Xerneas|Xerneas|100\/100\n|-ability|p2a: Xerneas|Fairy Aura\n|turn|9\n|\n|t:|1698641206\n|move|p1a: Rifle With a Scope|Flamethrower|p2a: Xerneas\n|-damage|p2a: Xerneas|42\/100\n|move|p2a: Xerneas|Geomancy||[still]\n|-prepare|p2a: Xerneas|Geomancy\n|-enditem|p2a: Xerneas|Power Herb\n|-anim|p2a: Xerneas|Geomancy|p2a: Xerneas\n|-boost|p2a: Xerneas|spa|2\n|-boost|p2a: Xerneas|spd|2\n|-boost|p2a: Xerneas|spe|2\n|\n|upkeep\n|turn|10\n|\n|t:|1698641209\n|move|p2a: Xerneas|Moonblast|p1a: Rifle With a Scope\n|-damage|p1a: Rifle With a Scope|0 fnt\n|faint|p1a: Rifle With a Scope\n|\n|upkeep\n|j| incrediblebraps\n|c| incrediblebraps|our yung generation is clearly lost mane\n|c| incrediblebraps|clearly lost\n|\n|t:|1698641231\n|switch|p1a: So Far I Came|Groudon, shiny|100\/100\n|detailschange|p1a: So Far I Came|Groudon-Primal, shiny\n|-primal|p1a: So Far I Came|Red Orb\n|-weather|DesolateLand|[from] ability: Desolate Land|[of] p1a: So Far I Came\n|turn|11\n|\n|t:|1698641252\n|move|p2a: Xerneas|Moonblast|p1a: So Far I Came\n|-resisted|p1a: So Far I Came\n|-damage|p1a: So Far I Came|22\/100\n|-unboost|p1a: So Far I Came|spa|1\n|move|p1a: So Far I Came|Heat Crash|p2a: Xerneas\n|-damage|p2a: Xerneas|0 fnt\n|faint|p2a: Xerneas\n|\n|-weather|DesolateLand|[upkeep]\n|upkeep\n|\n|t:|1698641256\n|switch|p2a: Marshadow|Marshadow|100\/100\n|turn|12\n|\n|t:|1698641261\n|move|p2a: Marshadow|Poltergeist|p1a: So Far I Came\n|-activate|p1a: So Far I Came|move: Poltergeist|Red Orb\n|-damage|p1a: So Far I Came|0 fnt\n|faint|p1a: So Far I Came\n|-weather|none\n|-damage|p2a: Marshadow|91\/100|[from] item: Life Orb\n|\n|upkeep\n|\n|t:|1698641268\n|switch|p1a: Eyez see the shyne|Xerneas, shiny|100\/100\n|-ability|p1a: Eyez see the shyne|Fairy Aura\n|turn|13\n|\n|t:|1698641271\n|-terastallize|p2a: Marshadow|Ghost\n|move|p2a: Marshadow|Poltergeist|p1a: Eyez see the shyne\n|-activate|p1a: Eyez see the shyne|move: Poltergeist|Power Herb\n|-crit|p1a: Eyez see the shyne\n|-damage|p1a: Eyez see the shyne|0 fnt\n|faint|p1a: Eyez see the shyne\n|-damage|p2a: Marshadow|81\/100|[from] item: Life Orb\n|\n|-sideend|p2: 09-10a|move: Light Screen\n|upkeep\n|\n|t:|1698641277\n|switch|p1a: Ride til ya die|Arceus-Ghost|100\/100\n|turn|14\n|\n|t:|1698641297\n|-terastallize|p1a: Ride til ya die|Normal\n|move|p2a: Marshadow|Close Combat|p1a: Ride til ya die\n|-supereffective|p1a: Ride til ya die\n|-damage|p1a: Ride til ya die|0 fnt\n|-unboost|p2a: Marshadow|def|1\n|-unboost|p2a: Marshadow|spd|1\n|faint|p1a: Ride til ya die\n|-damage|p2a: Marshadow|71\/100|[from] item: Life Orb\n|\n|upkeep\n|\n|t:|1698641303\n|switch|p1a: Caution|Zekrom, shiny|100\/100\n|-ability|p1a: Caution|Teravolt\n|turn|15\n|c| incrediblebraps|clearly lost maneeee\n|\n|t:|1698641306\n|move|p2a: Marshadow|Poltergeist|p1a: Caution\n|-activate|p1a: Caution|move: Poltergeist|Life Orb\n|-damage|p1a: Caution|8\/100\n|-damage|p2a: Marshadow|61\/100|[from] item: Life Orb\n|move|p1a: Caution|Dragon Dance|p1a: Caution\n|-boost|p1a: Caution|atk|1\n|-boost|p1a: Caution|spe|1\n|\n|upkeep\n|turn|16\n|\n|t:|1698641311\n|move|p2a: Marshadow|Shadow Sneak|p1a: Caution\n|-damage|p1a: Caution|0 fnt\n|faint|p1a: Caution\n|-damage|p2a: Marshadow|51\/100|[from] item: Life Orb\n|\n|win|09-10a\n|raw|grass knot zygarde's rating: 1666 &rarr; <strong>1655<\/strong><br \/>(-11 for losing)\n|raw|09-10a's rating: 1833 &rarr; <strong>1844<\/strong><br \/>(+11 for winning)\n","uploadtime":1698641321,"views":13,"p1id":"grassknotzygarde","p2id":"0910a","formatid":"gen9nationaldexubers","rating":1655,"private":0,"password":""}