{"id":"gen9nationaldexubers-1981992988","p1":"santiastidias27","p2":"Fawful oscuro","format":"[Gen 9] National Dex Ubers","log":"|j|\u2606santiastidias27\n|j|\u2606Fawful oscuro\n|t:|1698957837\n|gametype|singles\n|player|p1|santiastidias27|calem-masters|\n|player|p2|Fawful oscuro|will|\n|teamsize|p1|6\n|teamsize|p2|6\n|gen|9\n|tier|[Gen 9] National Dex Ubers\n|rule|HP Percentage Mod: HP is shown in percentages\n|rule|Endless Battle Clause: Forcing endless battles is banned\n|rule|OHKO Clause: OHKO moves are banned\n|rule|Evasion Moves Clause: Evasion moves are banned\n|rule|Evasion Items Clause: Evasion items are banned\n|rule|Species Clause: Limit one of each Pok\u00e9mon\n|rule|Sleep Clause Mod: Limit one foe put to sleep\n|rule|Mega Rayquaza Clause: You cannot mega evolve Rayquaza\n|clearpoke\n|poke|p1|Scizor, M|\n|poke|p1|Grimmsnarl, M|\n|poke|p1|Iron Valiant|\n|poke|p1|Tentacruel, F|\n|poke|p1|Garganacl, F|\n|poke|p1|Skeledirge, M|\n|poke|p2|Vaporeon, F|\n|poke|p2|Jolteon, M|\n|poke|p2|Pelipper, F|\n|poke|p2|Greninja-*, M|\n|poke|p2|Banette, M|\n|poke|p2|Zoroark-Hisui, M|\n|teampreview\n|c|\u2606santiastidias27|Ahora esperame\n|c|\u2606santiastidias27|Estoy en jna random battle\n|c|\u2606Fawful oscuro|Ok\n|c|\u2606Fawful oscuro|Ped\n|c|\u2606Fawful oscuro|Perd\u00f3n\n|c|\u2606santiastidias27|Ya\n|c|\u2606santiastidias27|Gan\u00e9\n|\n|t:|1698958024\n|start\n|switch|p1a: Grimmsnarl|Grimmsnarl, M, shiny|100\/100\n|switch|p2a: Pelipper|Pelipper, F|100\/100\n|-weather|RainDance|[from] ability: Drizzle|[of] p2a: Pelipper\n|turn|1\n|\n|t:|1698958045\n|move|p1a: Grimmsnarl|Light Screen|p1a: Grimmsnarl\n|-sidestart|p1: santiastidias27|move: Light Screen\n|move|p2a: Pelipper|U-turn|p1a: Grimmsnarl\n|-damage|p1a: Grimmsnarl|92\/100\n|\n|t:|1698958049\n|switch|p2a: Jolteon|Jolteon, M|100\/100|[from] U-turn\n|\n|-weather|RainDance|[upkeep]\n|upkeep\n|turn|2\n|\n|t:|1698958058\n|move|p2a: Jolteon|Thunder|p1a: Grimmsnarl\n|-damage|p1a: Grimmsnarl|73\/100\n|move|p1a: Grimmsnarl|Spirit Break|p2a: Jolteon\n|-damage|p2a: Jolteon|61\/100\n|-unboost|p2a: Jolteon|spa|1\n|\n|-weather|RainDance|[upkeep]\n|upkeep\n|turn|3\n|\n|t:|1698958066\n|move|p1a: Grimmsnarl|Parting Shot|p2a: Jolteon\n|-unboost|p2a: Jolteon|atk|1\n|-unboost|p2a: Jolteon|spa|1\n|\n|t:|1698958071\n|switch|p1a: Scizor|Scizor, M|100\/100|[from] Parting Shot\n|move|p2a: Jolteon|Volt Switch|p1a: Scizor\n|-damage|p1a: Scizor|91\/100\n|\n|t:|1698958078\n|switch|p2a: Vaporeon|Vaporeon, F|100\/100|[from] Volt Switch\n|\n|-weather|RainDance|[upkeep]\n|upkeep\n|turn|4\n|\n|t:|1698958085\n|detailschange|p1a: Scizor|Scizor-Mega, M\n|-mega|p1a: Scizor|Scizor|Scizorite\n|move|p1a: Scizor|Swords Dance|p1a: Scizor\n|-boost|p1a: Scizor|atk|2\n|move|p2a: Vaporeon|Acid Armor|p2a: Vaporeon\n|-boost|p2a: Vaporeon|def|2\n|\n|-weather|RainDance|[upkeep]\n|upkeep\n|turn|5\n|\n|t:|1698958092\n|move|p1a: Scizor|Knock Off|p2a: Vaporeon\n|-damage|p2a: Vaporeon|70\/100\n|-enditem|p2a: Vaporeon|Leftovers|[from] move: Knock Off|[of] p1a: Scizor\n|move|p2a: Vaporeon|Acid Armor|p2a: Vaporeon\n|-boost|p2a: Vaporeon|def|2\n|\n|-weather|RainDance|[upkeep]\n|upkeep\n|turn|6\n|\n|t:|1698958111\n|switch|p1a: Grimmsnarl|Grimmsnarl, M, shiny|73\/100\n|move|p2a: Vaporeon|Acid Armor|p2a: Vaporeon\n|-boost|p2a: Vaporeon|def|2\n|\n|-weather|RainDance|[upkeep]\n|upkeep\n|turn|7\n|\n|t:|1698958124\n|move|p2a: Vaporeon|Scald|p1a: Grimmsnarl\n|-damage|p1a: Grimmsnarl|51\/100\n|move|p1a: Grimmsnarl|Spirit Break|p2a: Vaporeon\n|-damage|p2a: Vaporeon|63\/100\n|-unboost|p2a: Vaporeon|spa|1\n|\n|-weather|RainDance|[upkeep]\n|upkeep\n|turn|8\n|\n|t:|1698958134\n|move|p2a: Vaporeon|Scald|p1a: Grimmsnarl\n|-damage|p1a: Grimmsnarl|39\/100\n|-status|p1a: Grimmsnarl|brn\n|move|p1a: Grimmsnarl|Spirit Break|p2a: Vaporeon\n|-damage|p2a: Vaporeon|59\/100\n|-unboost|p2a: Vaporeon|spa|1\n|\n|-weather|none\n|-damage|p1a: Grimmsnarl|33\/100 brn|[from] brn\n|-sideend|p1: santiastidias27|move: Light Screen\n|upkeep\n|turn|9\n|\n|t:|1698958147\n|move|p1a: Grimmsnarl|Light Screen|p1a: Grimmsnarl\n|-sidestart|p1: santiastidias27|move: Light Screen\n|move|p2a: Vaporeon|Scald|p1a: Grimmsnarl\n|-damage|p1a: Grimmsnarl|26\/100 brn\n|\n|-damage|p1a: Grimmsnarl|20\/100 brn|[from] brn\n|upkeep\n|turn|10\n|\n|t:|1698958155\n|move|p1a: Grimmsnarl|Parting Shot|p2a: Vaporeon\n|-unboost|p2a: Vaporeon|atk|1\n|-unboost|p2a: Vaporeon|spa|1\n|\n|t:|1698958158\n|switch|p1a: Garganacl|Garganacl, F, shiny|100\/100|[from] Parting Shot\n|move|p2a: Vaporeon|Rain Dance|p2a: Vaporeon\n|-weather|RainDance\n|\n|-weather|RainDance|[upkeep]\n|upkeep\n|turn|11\n|\n|t:|1698958167\n|move|p2a: Vaporeon|Scald|p1a: Garganacl\n|-supereffective|p1a: Garganacl\n|-damage|p1a: Garganacl|83\/100\n|move|p1a: Garganacl|Salt Cure|p2a: Vaporeon\n|-damage|p2a: Vaporeon|56\/100\n|-start|p2a: Vaporeon|Salt Cure\n|\n|-weather|RainDance|[upkeep]\n|-heal|p1a: Garganacl|89\/100|[from] item: Leftovers\n|-damage|p2a: Vaporeon|31\/100|[from] Salt Cure\n|upkeep\n|turn|12\n|\n|t:|1698958174\n|move|p2a: Vaporeon|Rest|p2a: Vaporeon\n|-status|p2a: Vaporeon|slp|[from] move: Rest\n|-heal|p2a: Vaporeon|100\/100 slp|[silent]\n|move|p1a: Garganacl|Salt Cure|p2a: Vaporeon\n|-damage|p2a: Vaporeon|97\/100 slp\n|\n|-weather|RainDance|[upkeep]\n|-activate|p2a: Vaporeon|ability: Hydration\n|-curestatus|p2a: Vaporeon|slp|[msg]\n|-heal|p1a: Garganacl|95\/100|[from] item: Leftovers\n|-damage|p2a: Vaporeon|72\/100|[from] Salt Cure\n|upkeep\n|turn|13\n|\n|t:|1698958196\n|switch|p2a: Banette|Banette, M|100\/100\n|move|p1a: Garganacl|Iron Defense|p1a: Garganacl\n|-boost|p1a: Garganacl|def|2\n|\n|-weather|RainDance|[upkeep]\n|-heal|p1a: Garganacl|100\/100|[from] item: Leftovers\n|upkeep\n|turn|14\n|\n|t:|1698958210\n|move|p2a: Banette|Knock Off|p1a: Garganacl\n|-damage|p1a: Garganacl|95\/100\n|-enditem|p1a: Garganacl|Leftovers|[from] move: Knock Off|[of] p2a: Banette\n|move|p1a: Garganacl|Salt Cure|p2a: Banette\n|-damage|p2a: Banette|74\/100\n|-start|p2a: Banette|Salt Cure\n|replace|p2a: Zoroark|Zoroark-Hisui, M\n|-end|p2a: Zoroark|Illusion\n|\n|-weather|none\n|-damage|p2a: Zoroark|62\/100|[from] Salt Cure\n|upkeep\n|turn|15\n|\n|t:|1698958229\n|move|p2a: Zoroark|Nasty Plot|p2a: Zoroark\n|-boost|p2a: Zoroark|spa|2\n|move|p1a: Garganacl|Iron Defense|p1a: Garganacl\n|-boost|p1a: Garganacl|def|2\n|\n|-damage|p2a: Zoroark|49\/100|[from] Salt Cure\n|upkeep\n|turn|16\n|\n|t:|1698958239\n|move|p2a: Zoroark|Nasty Plot|p2a: Zoroark\n|-boost|p2a: Zoroark|spa|2\n|move|p1a: Garganacl|Salt Cure|p2a: Zoroark\n|-damage|p2a: Zoroark|24\/100\n|\n|-damage|p2a: Zoroark|12\/100|[from] Salt Cure\n|-sideend|p1: santiastidias27|move: Light Screen\n|upkeep\n|turn|17\n|\n|t:|1698958250\n|switch|p1a: Grimmsnarl|Grimmsnarl, M, shiny|20\/100 brn\n|move|p2a: Zoroark|Hyper Voice|p1a: Grimmsnarl\n|-damage|p1a: Grimmsnarl|0 fnt\n|faint|p1a: Grimmsnarl\n|\n|-damage|p2a: Zoroark|0 fnt|[from] Salt Cure\n|faint|p2a: Zoroark\n|upkeep\n|\n|t:|1698958257\n|switch|p2a: Pelipper|Pelipper, F|100\/100\n|switch|p1a: Tentacruel|Tentacruel, F, shiny|100\/100\n|-weather|RainDance|[from] ability: Drizzle|[of] p2a: Pelipper\n|turn|18\n|c|\u2606santiastidias27|Now tentacruel\n|\n|t:|1698958275\n|move|p1a: Tentacruel|Toxic|p2a: Pelipper\n|-status|p2a: Pelipper|tox\n|move|p2a: Pelipper|Hurricane|p1a: Tentacruel\n|-damage|p1a: Tentacruel|71\/100\n|\n|-weather|RainDance|[upkeep]\n|-heal|p1a: Tentacruel|77\/100|[from] item: Leftovers\n|-damage|p2a: Pelipper|94\/100 tox|[from] psn\n|upkeep\n|turn|19\n|c|\u2606santiastidias27|Perdon\n|c|\u2606santiastidias27|La costumbre de en ingles\n|\n|t:|1698958286\n|move|p1a: Tentacruel|Knock Off|p2a: Pelipper\n|-damage|p2a: Pelipper|81\/100 tox\n|-enditem|p2a: Pelipper|Damp Rock|[from] move: Knock Off|[of] p1a: Tentacruel\n|move|p2a: Pelipper|U-turn|p1a: Tentacruel\n|-resisted|p1a: Tentacruel\n|-damage|p1a: Tentacruel|73\/100\n|\n|t:|1698958292\n|switch|p2a: Jolteon|Jolteon, M|61\/100|[from] U-turn\n|\n|-weather|RainDance|[upkeep]\n|-heal|p1a: Tentacruel|79\/100|[from] item: Leftovers\n|upkeep\n|turn|20\n|\n|t:|1698958304\n|switch|p1a: Scizor|Scizor-Mega, M|91\/100\n|move|p2a: Jolteon|Thunder|p1a: Scizor\n|-damage|p1a: Scizor|43\/100\n|-status|p1a: Scizor|par\n|\n|-weather|RainDance|[upkeep]\n|upkeep\n|turn|21\n|\n|t:|1698958311\n|move|p1a: Scizor|Bullet Punch|p2a: Jolteon\n|-resisted|p2a: Jolteon\n|-damage|p2a: Jolteon|39\/100\n|move|p2a: Jolteon|Thunder|p1a: Scizor\n|-damage|p1a: Scizor|0 fnt\n|faint|p1a: Scizor\n|\n|-weather|RainDance|[upkeep]\n|upkeep\n|\n|t:|1698958320\n|switch|p1a: Garganacl|Garganacl, F, shiny|95\/100\n|turn|22\n|\n|t:|1698958330\n|move|p2a: Jolteon|Volt Switch|p1a: Garganacl\n|-damage|p1a: Garganacl|68\/100\n|\n|t:|1698958335\n|switch|p2a: Pelipper|Pelipper, F|81\/100 tox|[from] Volt Switch\n|move|p1a: Garganacl|Salt Cure|p2a: Pelipper\n|-supereffective|p2a: Pelipper\n|-damage|p2a: Pelipper|60\/100 tox\n|-start|p2a: Pelipper|Salt Cure\n|\n|-weather|RainDance|[upkeep]\n|-damage|p2a: Pelipper|54\/100 tox|[from] psn\n|-damage|p2a: Pelipper|29\/100 tox|[from] Salt Cure\n|upkeep\n|turn|23\n|\n|t:|1698958359\n|switch|p1a: Tentacruel|Tentacruel, F, shiny|79\/100\n|move|p2a: Pelipper|Hurricane|p1a: Tentacruel\n|-damage|p1a: Tentacruel|50\/100\n|\n|-weather|RainDance|[upkeep]\n|-heal|p1a: Tentacruel|56\/100|[from] item: Leftovers\n|-damage|p2a: Pelipper|17\/100 tox|[from] psn\n|-damage|p2a: Pelipper|0 fnt|[from] Salt Cure\n|faint|p2a: Pelipper\n|upkeep\n|\n|t:|1698958369\n|switch|p2a: Jolteon|Jolteon, M|39\/100\n|turn|24\n|\n|t:|1698958388\n|move|p2a: Jolteon|Thunder|p1a: Tentacruel\n|-supereffective|p1a: Tentacruel\n|-damage|p1a: Tentacruel|0 fnt\n|faint|p1a: Tentacruel\n|\n|-weather|RainDance|[upkeep]\n|upkeep\n|\n|t:|1698958391\n|switch|p1a: Skeledirge|Skeledirge, M, shiny|100\/100\n|turn|25\n|\n|t:|1698958398\n|move|p2a: Jolteon|Thunder|p1a: Skeledirge\n|-damage|p1a: Skeledirge|63\/100\n|-status|p1a: Skeledirge|par\n|cant|p1a: Skeledirge|par\n|\n|-weather|none\n|upkeep\n|turn|26\n|\n|t:|1698958404\n|move|p2a: Jolteon|Rain Dance|p2a: Jolteon\n|-weather|RainDance\n|cant|p1a: Skeledirge|par\n|\n|-weather|RainDance|[upkeep]\n|upkeep\n|turn|27\n|\n|t:|1698958409\n|move|p2a: Jolteon|Thunder|p1a: Skeledirge\n|-crit|p1a: Skeledirge\n|-damage|p1a: Skeledirge|9\/100 par\n|move|p1a: Skeledirge|Earth Power|p2a: Jolteon\n|-supereffective|p2a: Jolteon\n|-damage|p2a: Jolteon|0 fnt\n|faint|p2a: Jolteon\n|\n|-weather|RainDance|[upkeep]\n|upkeep\n|\n|t:|1698958419\n|switch|p2a: Vaporeon|Vaporeon, F|72\/100\n|turn|28\n|c|\u2606Fawful oscuro|Lucky\n|\n|t:|1698958444\n|move|p2a: Vaporeon|Scald|p1a: Skeledirge\n|-supereffective|p1a: Skeledirge\n|-damage|p1a: Skeledirge|0 fnt\n|faint|p1a: Skeledirge\n|\n|-weather|RainDance|[upkeep]\n|upkeep\n|\n|t:|1698958450\n|switch|p1a: Iron Valiant|Iron Valiant, shiny|100\/100\n|-enditem|p1a: Iron Valiant|Booster Energy\n|-activate|p1a: Iron Valiant|ability: Quark Drive|[fromitem]\n|-start|p1a: Iron Valiant|quarkdrivespe\n|turn|29\n|\n|t:|1698958460\n|-terastallize|p1a: Iron Valiant|Electric\n|move|p1a: Iron Valiant|Thunderbolt|p2a: Vaporeon\n|-supereffective|p2a: Vaporeon\n|-damage|p2a: Vaporeon|1\/100\n|move|p2a: Vaporeon|Scald|p1a: Iron Valiant\n|-damage|p1a: Iron Valiant|13\/100\n|\n|-weather|RainDance|[upkeep]\n|upkeep\n|turn|30\n|\n|t:|1698958469\n|move|p1a: Iron Valiant|Moonblast|p2a: Vaporeon\n|-damage|p2a: Vaporeon|0 fnt\n|faint|p2a: Vaporeon\n|\n|-weather|none\n|upkeep\n|\n|t:|1698958471\n|switch|p2a: Banette|Banette, M|100\/100\n|turn|31\n|\n|t:|1698958478\n|-end|p1a: Iron Valiant|Quark Drive|[silent]\n|switch|p1a: Garganacl|Garganacl, F, shiny|68\/100\n|detailschange|p2a: Banette|Banette-Mega, M\n|-mega|p2a: Banette|Banette|Banettite\n|move|p2a: Banette|Poltergeist||[still]\n|-fail|p2a: Banette\n|\n|upkeep\n|turn|32\n|\n|t:|1698958492\n|move|p2a: Banette|Taunt|p1a: Garganacl\n|-start|p1a: Garganacl|move: Taunt\n|move|p1a: Garganacl|Salt Cure|p2a: Banette\n|-damage|p2a: Banette|83\/100\n|-start|p2a: Banette|Salt Cure\n|\n|-damage|p2a: Banette|71\/100|[from] Salt Cure\n|upkeep\n|turn|33\n|\n|t:|1698958497\n|switch|p2a: Greninja|Greninja, M|100\/100\n|move|p1a: Garganacl|Salt Cure|p2a: Greninja\n|-damage|p2a: Greninja|76\/100\n|-start|p2a: Greninja|Salt Cure\n|\n|-damage|p2a: Greninja|51\/100|[from] Salt Cure\n|upkeep\n|turn|34\n|\n|t:|1698958504\n|move|p2a: Greninja|Hydro Pump|p1a: Garganacl\n|-start|p2a: Greninja|typechange|Water|[from] ability: Protean\n|-supereffective|p1a: Garganacl\n|-damage|p1a: Garganacl|0 fnt\n|faint|p1a: Garganacl\n|\n|-damage|p2a: Greninja|26\/100|[from] Salt Cure\n|upkeep\n|\n|t:|1698958515\n|switch|p1a: Iron Valiant|Iron Valiant, shiny, tera:Electric|13\/100\n|turn|35\n|\n|t:|1698958524\n|switch|p2a: Banette|Banette-Mega, M|71\/100\n|move|p1a: Iron Valiant|Thunderbolt|p2a: Banette\n|-damage|p2a: Banette|20\/100\n|\n|upkeep\n|turn|36\n|c|\u2606santiastidias27|Felicidades\n|c|\u2606santiastidias27|Me ganaste modo facil\n|\n|t:|1698958552\n|move|p2a: Banette|Destiny Bond|p2a: Banette\n|-singlemove|p2a: Banette|Destiny Bond\n|move|p1a: Iron Valiant|Moonblast|p2a: Banette\n|-damage|p2a: Banette|0 fnt\n|faint|p2a: Banette\n|-activate|p2a: Banette|move: Destiny Bond\n|faint|p1a: Iron Valiant\n|-end|p1a: Iron Valiant|Quark Drive|[silent]\n|\n|win|Fawful oscuro\n|c|\u2606Fawful oscuro|:(\n|c|\u2606santiastidias27|Oye\n|c|\u2606santiastidias27|Ya es ganar\n|c|\u2606santiastidias27|Eso es reconocible\n|c|\u2606Fawful oscuro|Ganar no es tan bueno cuando esperas perder y no hay m\u00fasica XD\n|c|\u2606santiastidias27|Es cierto\n|c|\u2606Fawful oscuro|Pero bueno, algo es algo\n|c|\u2606Fawful oscuro|GG\n|c|\u2606Fawful oscuro|(vapoesencia gan\u00f3 XD)\n|c|\u2606santiastidias27|Desafiame!!!!\n|c|\u2606santiastidias27|Antes de que me vaya\n|l|\u2606santiastidias27\n","uploadtime":1698959525,"views":6,"p1id":"santiastidias27","p2id":"fawfuloscuro","formatid":"gen9nationaldexubers","rating":0,"private":0,"password":""}