{"id":"gen9nationaldexubers-1994298880","p1":"yiyi yizi","p2":"Tycoon3921","format":"[Gen 9] National Dex Ubers","log":"|j|\u2606yiyi yizi\n|j|\u203dTycoon3921\n|t:|1700428484\n|gametype|singles\n|player|p1|yiyi yizi|hilbert|1393\n|player|p2|Tycoon3921|ingo|1231\n|teamsize|p1|6\n|teamsize|p2|6\n|gen|9\n|tier|[Gen 9] National Dex Ubers\n|rated|\n|rule|HP Percentage Mod: HP is shown in percentages\n|rule|Endless Battle Clause: Forcing endless battles is banned\n|rule|OHKO Clause: OHKO moves are banned\n|rule|Evasion Moves Clause: Evasion moves are banned\n|rule|Evasion Items Clause: Evasion items are banned\n|rule|Species Clause: Limit one of each Pok\u00e9mon\n|rule|Sleep Clause Mod: Limit one foe put to sleep\n|rule|Mega Rayquaza Clause: You cannot mega evolve Rayquaza\n|clearpoke\n|poke|p1|Corsola-Galar, F|\n|poke|p1|Gliscor, M|\n|poke|p1|Togedemaru, L1, M|\n|poke|p1|Dusclops, M|\n|poke|p1|Yveltal|\n|poke|p1|Zoroark, F|\n|poke|p2|Groudon|\n|poke|p2|Chien-Pao|\n|poke|p2|Grimmsnarl, M|\n|poke|p2|Hoopa-Unbound|\n|poke|p2|Spiritomb, M|\n|poke|p2|Empoleon, M|\n|teampreview\n|inactive|Battle timer is ON: inactive players will automatically lose when time's up. (requested by yiyi yizi)\n|\n|t:|1700428496\n|start\n|switch|p1a: Corsola|Corsola-Galar, F, shiny|100\/100\n|switch|p2a: Empoleon|Empoleon, M|100\/100\n|turn|1\n|\n|t:|1700428501\n|move|p1a: Corsola|Trick|p2a: Empoleon\n|-activate|p1a: Corsola|move: Trick|[of] p2a: Empoleon\n|-item|p2a: Empoleon|Choice Scarf|[from] move: Trick\n|-item|p1a: Corsola|Mystic Water|[from] move: Trick\n|move|p2a: Empoleon|Stealth Rock|p1a: Corsola\n|-sidestart|p1: yiyi yizi|move: Stealth Rock\n|\n|upkeep\n|turn|2\n|\n|t:|1700428508\n|switch|p2a: Hoopa|Hoopa-Unbound|100\/100\n|move|p1a: Corsola|Nasty Plot|p1a: Corsola\n|-boost|p1a: Corsola|spa|2\n|\n|upkeep\n|turn|3\n|inactive|yiyi yizi has 120 seconds left.\n|\n|t:|1700428544\n|move|p1a: Corsola|Dark Pulse|p2a: Hoopa\n|-damage|p2a: Hoopa|25\/100\n|cant|p2a: Hoopa|flinch\n|\n|upkeep\n|turn|4\n|\n|t:|1700428550\n|move|p1a: Corsola|Dark Pulse|p2a: Hoopa\n|-damage|p2a: Hoopa|0 fnt\n|faint|p2a: Hoopa\n|\n|upkeep\n|\n|t:|1700428557\n|switch|p2a: Chien-Pao|Chien-Pao|100\/100\n|-ability|p2a: Chien-Pao|Sword of Ruin\n|turn|5\n|\n|t:|1700428561\n|move|p2a: Chien-Pao|Tera Blast|p1a: Corsola\n|-damage|p1a: Corsola|69\/100\n|replace|p1a: Zoroark|Zoroark, F\n|-end|p1a: Zoroark|Illusion\n|move|p1a: Zoroark|Flamethrower|p2a: Chien-Pao\n|-supereffective|p2a: Chien-Pao\n|-enditem|p2a: Chien-Pao|Focus Sash\n|-damage|p2a: Chien-Pao|1\/100\n|\n|upkeep\n|turn|6\n|\n|t:|1700428568\n|move|p2a: Chien-Pao|Ice Shard|p1a: Zoroark\n|-damage|p1a: Zoroark|13\/100\n|move|p1a: Zoroark|Dark Pulse|p2a: Chien-Pao\n|-resisted|p2a: Chien-Pao\n|-damage|p2a: Chien-Pao|0 fnt\n|faint|p2a: Chien-Pao\n|\n|upkeep\n|\n|t:|1700428577\n|switch|p2a: Groudon|Groudon|100\/100\n|detailschange|p2a: Groudon|Groudon-Primal\n|-primal|p2a: Groudon|Red Orb\n|-weather|DesolateLand|[from] ability: Desolate Land|[of] p2a: Groudon\n|turn|7\n|\n|t:|1700428589\n|move|p1a: Zoroark|Dark Pulse|p2a: Groudon\n|-damage|p2a: Groudon|10\/100\n|move|p2a: Groudon|Fire Punch|p1a: Zoroark\n|-damage|p1a: Zoroark|0 fnt\n|faint|p1a: Zoroark\n|\n|-weather|DesolateLand|[upkeep]\n|upkeep\n|\n|t:|1700428594\n|switch|p1a: Gliscor|Gliscor, M, shiny|100\/100\n|-damage|p1a: Gliscor|88\/100|[from] Stealth Rock\n|turn|8\n|\n|t:|1700428598\n|move|p1a: Gliscor|Earthquake|p2a: Groudon\n|-supereffective|p2a: Groudon\n|-damage|p2a: Groudon|0 fnt\n|faint|p2a: Groudon\n|-weather|none\n|\n|-status|p1a: Gliscor|tox|[from] item: Toxic Orb\n|upkeep\n|\n|t:|1700428602\n|switch|p2a: Empoleon|Empoleon, M|100\/100\n|turn|9\n|\n|t:|1700428606\n|move|p1a: Gliscor|Substitute|p1a: Gliscor\n|-start|p1a: Gliscor|Substitute\n|-damage|p1a: Gliscor|63\/100 tox\n|move|p2a: Empoleon|Surf|p1a: Gliscor\n|-supereffective|p1a: Gliscor\n|-end|p1a: Gliscor|Substitute\n|\n|-heal|p1a: Gliscor|76\/100 tox|[from] ability: Poison Heal\n|upkeep\n|turn|10\n|\n|t:|1700428615\n|switch|p1a: Yveltal|Yveltal, shiny|100\/100\n|-damage|p1a: Yveltal|76\/100|[from] Stealth Rock\n|-ability|p1a: Yveltal|Dark Aura\n|move|p2a: Empoleon|Surf|p1a: Yveltal\n|-damage|p1a: Yveltal|57\/100\n|\n|upkeep\n|turn|11\n|\n|t:|1700428623\n|switch|p2a: Grimmsnarl|Grimmsnarl, M|100\/100\n|move|p1a: Yveltal|Focus Blast|p2a: Grimmsnarl|[miss]\n|-miss|p1a: Yveltal|p2a: Grimmsnarl\n|\n|upkeep\n|turn|12\n|\n|t:|1700428627\n|move|p2a: Grimmsnarl|Light Screen|p2a: Grimmsnarl\n|-sidestart|p2: Tycoon3921|move: Light Screen\n|move|p1a: Yveltal|Oblivion Wing|p2a: Grimmsnarl\n|-damage|p2a: Grimmsnarl|76\/100\n|-heal|p1a: Yveltal|73\/100|[from] drain|[of] p2a: Grimmsnarl\n|\n|upkeep\n|turn|13\n|\n|t:|1700428639\n|switch|p1a: Gliscor|Gliscor, M, shiny|76\/100 tox\n|-damage|p1a: Gliscor|63\/100 tox|[from] Stealth Rock\n|move|p2a: Grimmsnarl|Thunder Wave|p1a: Gliscor\n|-immune|p1a: Gliscor\n|\n|-heal|p1a: Gliscor|76\/100 tox|[from] ability: Poison Heal\n|upkeep\n|turn|14\n|\n|t:|1700428665\n|move|p1a: Gliscor|Substitute|p1a: Gliscor\n|-start|p1a: Gliscor|Substitute\n|-damage|p1a: Gliscor|51\/100 tox\n|move|p2a: Grimmsnarl|Spirit Break|p1a: Gliscor\n|-end|p1a: Gliscor|Substitute\n|\n|-heal|p1a: Gliscor|63\/100 tox|[from] ability: Poison Heal\n|upkeep\n|turn|15\n|inactive|Tycoon3921 has 120 seconds left.\n|inactive|Tycoon3921 has 90 seconds left.\n|\n|t:|1700428736\n|move|p1a: Gliscor|Substitute|p1a: Gliscor\n|-start|p1a: Gliscor|Substitute\n|-damage|p1a: Gliscor|39\/100 tox\n|move|p2a: Grimmsnarl|Spirit Break|p1a: Gliscor\n|-end|p1a: Gliscor|Substitute\n|\n|-heal|p1a: Gliscor|51\/100 tox|[from] ability: Poison Heal\n|upkeep\n|turn|16\n|\n|t:|1700428744\n|move|p1a: Gliscor|Protect|p1a: Gliscor\n|-singleturn|p1a: Gliscor|Protect\n|move|p2a: Grimmsnarl|Spirit Break|p1a: Gliscor\n|-activate|p1a: Gliscor|move: Protect\n|\n|-heal|p1a: Gliscor|63\/100 tox|[from] ability: Poison Heal\n|upkeep\n|turn|17\n|\n|t:|1700428748\n|move|p1a: Gliscor|Substitute|p1a: Gliscor\n|-start|p1a: Gliscor|Substitute\n|-damage|p1a: Gliscor|39\/100 tox\n|move|p2a: Grimmsnarl|Spirit Break|p1a: Gliscor\n|-end|p1a: Gliscor|Substitute\n|\n|-heal|p1a: Gliscor|51\/100 tox|[from] ability: Poison Heal\n|upkeep\n|turn|18\n|\n|t:|1700428755\n|move|p1a: Gliscor|Substitute|p1a: Gliscor\n|-start|p1a: Gliscor|Substitute\n|-damage|p1a: Gliscor|26\/100 tox\n|move|p2a: Grimmsnarl|Spirit Break|p1a: Gliscor\n|-end|p1a: Gliscor|Substitute\n|\n|-heal|p1a: Gliscor|39\/100 tox|[from] ability: Poison Heal\n|upkeep\n|turn|19\n|\n|t:|1700428760\n|move|p1a: Gliscor|Protect|p1a: Gliscor\n|-singleturn|p1a: Gliscor|Protect\n|move|p2a: Grimmsnarl|Spirit Break|p1a: Gliscor\n|-activate|p1a: Gliscor|move: Protect\n|\n|-heal|p1a: Gliscor|51\/100 tox|[from] ability: Poison Heal\n|-sideend|p2: Tycoon3921|move: Light Screen\n|upkeep\n|turn|20\n|\n|t:|1700428764\n|move|p2a: Grimmsnarl|Reflect|p2a: Grimmsnarl\n|-sidestart|p2: Tycoon3921|Reflect\n|move|p1a: Gliscor|Toxic|p2a: Grimmsnarl\n|-status|p2a: Grimmsnarl|tox\n|\n|-heal|p1a: Gliscor|63\/100 tox|[from] ability: Poison Heal\n|-damage|p2a: Grimmsnarl|70\/100 tox|[from] psn\n|upkeep\n|turn|21\n|\n|t:|1700428770\n|move|p1a: Gliscor|Protect|p1a: Gliscor\n|-singleturn|p1a: Gliscor|Protect\n|move|p2a: Grimmsnarl|Spirit Break|p1a: Gliscor\n|-activate|p1a: Gliscor|move: Protect\n|\n|-heal|p1a: Gliscor|76\/100 tox|[from] ability: Poison Heal\n|-damage|p2a: Grimmsnarl|58\/100 tox|[from] psn\n|upkeep\n|turn|22\n|\n|t:|1700428772\n|move|p1a: Gliscor|Substitute|p1a: Gliscor\n|-start|p1a: Gliscor|Substitute\n|-damage|p1a: Gliscor|51\/100 tox\n|move|p2a: Grimmsnarl|Spirit Break|p1a: Gliscor\n|-end|p1a: Gliscor|Substitute\n|\n|-heal|p1a: Gliscor|63\/100 tox|[from] ability: Poison Heal\n|-damage|p2a: Grimmsnarl|40\/100 tox|[from] psn\n|upkeep\n|turn|23\n|\n|t:|1700428781\n|move|p1a: Gliscor|Substitute|p1a: Gliscor\n|-start|p1a: Gliscor|Substitute\n|-damage|p1a: Gliscor|39\/100 tox\n|move|p2a: Grimmsnarl|Spirit Break|p1a: Gliscor\n|-end|p1a: Gliscor|Substitute\n|\n|-heal|p1a: Gliscor|51\/100 tox|[from] ability: Poison Heal\n|-damage|p2a: Grimmsnarl|16\/100 tox|[from] psn\n|upkeep\n|turn|24\n|\n|t:|1700428786\n|move|p1a: Gliscor|Earthquake|p2a: Grimmsnarl\n|-damage|p2a: Grimmsnarl|0 fnt\n|faint|p2a: Grimmsnarl\n|\n|-heal|p1a: Gliscor|63\/100 tox|[from] ability: Poison Heal\n|upkeep\n|\n|t:|1700428789\n|switch|p2a: Empoleon|Empoleon, M|100\/100\n|turn|25\n|\n|t:|1700428792\n|move|p1a: Gliscor|Protect|p1a: Gliscor\n|-singleturn|p1a: Gliscor|Protect\n|move|p2a: Empoleon|Surf|p1a: Gliscor\n|-activate|p1a: Gliscor|move: Protect\n|\n|-heal|p1a: Gliscor|76\/100 tox|[from] ability: Poison Heal\n|upkeep\n|turn|26\n|\n|t:|1700428809\n|switch|p1a: Dusclops|Dusclops, M|100\/100\n|-damage|p1a: Dusclops|88\/100|[from] Stealth Rock\n|-ability|p1a: Dusclops|Pressure\n|move|p2a: Empoleon|Surf|p1a: Dusclops\n|-damage|p1a: Dusclops|69\/100\n|\n|upkeep\n|turn|27\n|inactive|Tycoon3921 has 120 seconds left.\n|\n|t:|1700428838\n|-terastallize|p2a: Empoleon|Water\n|move|p2a: Empoleon|Surf|p1a: Dusclops\n|-damage|p1a: Dusclops|41\/100\n|move|p1a: Dusclops|Will-O-Wisp|p2a: Empoleon\n|-status|p2a: Empoleon|brn\n|\n|-damage|p2a: Empoleon|94\/100 brn|[from] brn\n|-sideend|p2: Tycoon3921|Reflect\n|upkeep\n|turn|28\n|\n|t:|1700428846\n|move|p2a: Empoleon|Surf|p1a: Dusclops\n|-damage|p1a: Dusclops|12\/100\n|move|p1a: Dusclops|Trick Room|p1a: Dusclops\n|-fieldstart|move: Trick Room|[of] p1a: Dusclops\n|\n|-damage|p2a: Empoleon|88\/100 brn|[from] brn\n|upkeep\n|turn|29\n|inactive|Tycoon3921 has 120 seconds left.\n|\n|t:|1700428866\n|move|p1a: Dusclops|Rest|p1a: Dusclops\n|-status|p1a: Dusclops|slp|[from] move: Rest\n|-heal|p1a: Dusclops|100\/100 slp|[silent]\n|move|p2a: Empoleon|Surf|p1a: Dusclops\n|-damage|p1a: Dusclops|73\/100 slp\n|\n|-damage|p2a: Empoleon|82\/100 brn|[from] brn\n|upkeep\n|turn|30\n|\n|t:|1700428872\n|cant|p1a: Dusclops|slp\n|move|p2a: Empoleon|Surf|p1a: Dusclops\n|-damage|p1a: Dusclops|48\/100 slp\n|\n|-damage|p2a: Empoleon|76\/100 brn|[from] brn\n|upkeep\n|turn|31\n|\n|t:|1700428879\n|switch|p2a: Spiritomb|Spiritomb, M|100\/100\n|cant|p1a: Dusclops|slp\n|\n|upkeep\n|turn|32\n|\n|t:|1700428885\n|switch|p1a: Yveltal|Yveltal, shiny|73\/100\n|-damage|p1a: Yveltal|48\/100|[from] Stealth Rock\n|-ability|p1a: Yveltal|Dark Aura\n|move|p2a: Spiritomb|Dark Pulse|p1a: Yveltal\n|-resisted|p1a: Yveltal\n|-damage|p1a: Yveltal|39\/100\n|\n|-fieldend|move: Trick Room\n|upkeep\n|turn|33\n|\n|t:|1700428891\n|move|p1a: Yveltal|Oblivion Wing|p2a: Spiritomb\n|-damage|p2a: Spiritomb|43\/100\n|-heal|p1a: Yveltal|65\/100|[from] drain|[of] p2a: Spiritomb\n|move|p2a: Spiritomb|Trick Room|p2a: Spiritomb\n|-fieldstart|move: Trick Room|[of] p2a: Spiritomb\n|\n|upkeep\n|turn|34\n|\n|t:|1700428898\n|move|p2a: Spiritomb|Dark Pulse|p1a: Yveltal\n|-resisted|p1a: Yveltal\n|-crit|p1a: Yveltal\n|-damage|p1a: Yveltal|53\/100\n|move|p1a: Yveltal|Oblivion Wing|p2a: Spiritomb\n|-damage|p2a: Spiritomb|0 fnt\n|-heal|p1a: Yveltal|73\/100|[from] drain|[of] p2a: Spiritomb\n|faint|p2a: Spiritomb\n|\n|upkeep\n|\n|t:|1700428903\n|switch|p2a: Empoleon|Empoleon, M, tera:Water|76\/100 brn\n|turn|35\n|\n|t:|1700428910\n|move|p2a: Empoleon|Ice Beam|p1a: Yveltal\n|-supereffective|p1a: Yveltal\n|-crit|p1a: Yveltal\n|-damage|p1a: Yveltal|33\/100\n|-status|p1a: Yveltal|frz\n|cant|p1a: Yveltal|frz\n|\n|-damage|p2a: Empoleon|70\/100 brn|[from] brn\n|upkeep\n|turn|36\n|\n|t:|1700428913\n|move|p2a: Empoleon|Ice Beam|p1a: Yveltal\n|-supereffective|p1a: Yveltal\n|-damage|p1a: Yveltal|6\/100 frz\n|cant|p1a: Yveltal|frz\n|\n|-damage|p2a: Empoleon|64\/100 brn|[from] brn\n|upkeep\n|turn|37\n|\n|t:|1700428917\n|move|p2a: Empoleon|Ice Beam|p1a: Yveltal\n|-supereffective|p1a: Yveltal\n|-damage|p1a: Yveltal|0 fnt\n|faint|p1a: Yveltal\n|\n|-damage|p2a: Empoleon|57\/100 brn|[from] brn\n|-fieldend|move: Trick Room\n|upkeep\n|\n|t:|1700428926\n|switch|p1a: oneshotn't|Togedemaru, L1, M|100\/100\n|-damage|p1a: oneshotn't|92\/100|[from] Stealth Rock\n|turn|38\n|\n|t:|1700428937\n|move|p1a: oneshotn't|Fake Out|p2a: Empoleon\n|-damage|p2a: Empoleon|57\/100 brn\n|-heal|p1a: oneshotn't|100\/100|[from] item: Shell Bell|[of] p2a: Empoleon\n|cant|p2a: Empoleon|flinch\n|\n|-damage|p2a: Empoleon|51\/100 brn|[from] brn\n|upkeep\n|turn|39\n|\n|t:|1700428941\n|move|p2a: Empoleon|Ice Beam|p1a: oneshotn't\n|-resisted|p1a: oneshotn't\n|-ability|p1a: oneshotn't|Sturdy\n|-damage|p1a: oneshotn't|9\/100\n|move|p1a: oneshotn't|Endeavor|p2a: Empoleon\n|-damage|p2a: Empoleon|1\/100 brn\n|-heal|p1a: oneshotn't|100\/100|[from] item: Shell Bell|[of] p2a: Empoleon\n|\n|-damage|p2a: Empoleon|0 fnt|[from] brn\n|faint|p2a: Empoleon\n|\n|win|yiyi yizi\n|upkeep\n|raw|yiyi yizi's rating: 1393 &rarr; <strong>1403<\/strong><br \/>(+10 for winning)\n|raw|Tycoon3921's rating: 1195 &rarr; <strong>1183<\/strong><br \/>(-12 for losing)\n","uploadtime":1700428946,"views":6,"p1id":"yiyiyizi","p2id":"tycoon3921","formatid":"gen9nationaldexubers","rating":1183,"private":0,"password":""}