{"id":"gen9nationaldexubers-1978284666","p1":"heavylever","p2":"85792195wwww","format":"[Gen 9] National Dex Ubers","log":"|j|\u2606heavylever\n|j|\u260685792195wwww\n|t:|1698520831\n|gametype|singles\n|player|p1|heavylever|ash-unova|1542\n|player|p2|85792195wwww|lady|1834\n|teamsize|p1|6\n|teamsize|p2|6\n|gen|9\n|tier|[Gen 9] National Dex Ubers\n|rated|\n|rule|HP Percentage Mod: HP is shown in percentages\n|rule|Endless Battle Clause: Forcing endless battles is banned\n|rule|OHKO Clause: OHKO moves are banned\n|rule|Evasion Moves Clause: Evasion moves are banned\n|rule|Evasion Items Clause: Evasion items are banned\n|rule|Species Clause: Limit one of each Pok\u00e9mon\n|rule|Sleep Clause Mod: Limit one foe put to sleep\n|rule|Mega Rayquaza Clause: You cannot mega evolve Rayquaza\n|clearpoke\n|poke|p1|Groudon|\n|poke|p1|Giratina-Origin|\n|poke|p1|Dondozo, M|\n|poke|p1|Zekrom|\n|poke|p1|Shaymin-Sky|\n|poke|p1|Regieleki|\n|poke|p2|Zacian-*|\n|poke|p2|Kyogre|\n|poke|p2|Xerneas-*|\n|poke|p2|Krookodile, F|\n|poke|p2|Groudon|\n|poke|p2|Arceus|\n|teampreview\n|\n|t:|1698520844\n|start\n|switch|p1a: Shaymin|Shaymin-Sky, shiny|100\/100\n|switch|p2a: Krookodile|Krookodile, F|100\/100\n|-ability|p2a: Krookodile|Intimidate|boost\n|-unboost|p1a: Shaymin|atk|1\n|turn|1\n|inactive|Battle timer is ON: inactive players will automatically lose when time's up. (requested by heavylever)\n|\n|t:|1698520853\n|switch|p2a: Zacian|Zacian-Crowned|100\/100\n|-ability|p2a: Zacian|Intrepid Sword|boost\n|-boost|p2a: Zacian|atk|1\n|move|p1a: Shaymin|Air Slash|p2a: Zacian\n|-resisted|p2a: Zacian\n|-damage|p2a: Zacian|73\/100\n|\n|upkeep\n|turn|2\n|l|\u260685792195wwww\n|inactive|85792195wwww disconnected and has a minute to reconnect!\n|player|p2|\n|j| Toon_13\n|j|\u260685792195wwww\n|inactive|85792195wwww reconnected and has 110 seconds left.\n|player|p2|85792195wwww|lady\n|\n|t:|1698520898\n|switch|p1a: Dondizzy|Dondozo, M|100\/100\n|move|p2a: Zacian|Wild Charge|p1a: Dondizzy\n|-supereffective|p1a: Dondizzy\n|-damage|p1a: Dondizzy|64\/100\n|-damage|p2a: Zacian|59\/100|[from] Recoil\n|\n|-heal|p1a: Dondizzy|70\/100|[from] item: Leftovers\n|upkeep\n|turn|3\n|\n|t:|1698520909\n|switch|p2a: Krookodile|Krookodile, F|100\/100\n|-ability|p2a: Krookodile|Intimidate|boost\n|-unboost|p1a: Dondizzy|atk|1\n|move|p1a: Dondizzy|Curse|p1a: Dondizzy\n|-unboost|p1a: Dondizzy|spe|1\n|-boost|p1a: Dondizzy|atk|1\n|-boost|p1a: Dondizzy|def|1\n|\n|-heal|p1a: Dondizzy|76\/100|[from] item: Leftovers\n|upkeep\n|turn|4\n|\n|t:|1698520920\n|move|p2a: Krookodile|Stealth Rock|p1a: Dondizzy\n|-sidestart|p1: heavylever|move: Stealth Rock\n|move|p1a: Dondizzy|Body Press|p2a: Krookodile\n|-supereffective|p2a: Krookodile\n|-enditem|p2a: Krookodile|Focus Sash\n|-damage|p2a: Krookodile|1\/100\n|\n|-heal|p1a: Dondizzy|82\/100|[from] item: Leftovers\n|upkeep\n|turn|5\n|\n|t:|1698520931\n|move|p2a: Krookodile|Knock Off|p1a: Dondizzy\n|-damage|p1a: Dondizzy|67\/100\n|-enditem|p1a: Dondizzy|Leftovers|[from] move: Knock Off|[of] p2a: Krookodile\n|move|p1a: Dondizzy|Curse|p1a: Dondizzy\n|-unboost|p1a: Dondizzy|spe|1\n|-boost|p1a: Dondizzy|atk|1\n|-boost|p1a: Dondizzy|def|1\n|\n|upkeep\n|turn|6\n|\n|t:|1698520941\n|switch|p2a: Xerneas|Xerneas|100\/100\n|-ability|p2a: Xerneas|Fairy Aura\n|move|p1a: Dondizzy|Liquidation|p2a: Xerneas\n|-damage|p2a: Xerneas|67\/100\n|\n|upkeep\n|turn|7\n|\n|t:|1698520951\n|move|p2a: Xerneas|Geomancy||[still]\n|-prepare|p2a: Xerneas|Geomancy\n|-enditem|p2a: Xerneas|Power Herb\n|-anim|p2a: Xerneas|Geomancy|p2a: Xerneas\n|-boost|p2a: Xerneas|spa|2\n|-boost|p2a: Xerneas|spd|2\n|-boost|p2a: Xerneas|spe|2\n|move|p1a: Dondizzy|Liquidation|p2a: Xerneas\n|-damage|p2a: Xerneas|38\/100\n|\n|upkeep\n|turn|8\n|inactive|85792195wwww has 120 seconds left.\n|\n|t:|1698520960\n|move|p2a: Xerneas|Grass Knot|p1a: Dondizzy\n|-supereffective|p1a: Dondizzy\n|-damage|p1a: Dondizzy|0 fnt\n|faint|p1a: Dondizzy\n|\n|upkeep\n|\n|t:|1698520979\n|switch|p1a: Giratina|Giratina-Origin, shiny|100\/100\n|-damage|p1a: Giratina|88\/100|[from] Stealth Rock\n|turn|9\n|\n|t:|1698520985\n|-terastallize|p1a: Giratina|Poison\n|move|p2a: Xerneas|Moonblast|p1a: Giratina\n|-resisted|p1a: Giratina\n|-damage|p1a: Giratina|39\/100\n|-unboost|p1a: Giratina|spa|1\n|move|p1a: Giratina|Defog|p2a: Xerneas\n|-unboost|p2a: Xerneas|evasion|1\n|-sideend|p1: heavylever|Stealth Rock|[from] move: Defog|[of] p1a: Giratina\n|\n|upkeep\n|turn|10\n|\n|t:|1698520995\n|move|p2a: Xerneas|Moonblast|p1a: Giratina\n|-resisted|p1a: Giratina\n|-damage|p1a: Giratina|0 fnt\n|faint|p1a: Giratina\n|\n|upkeep\n|\n|t:|1698520997\n|switch|p1a: Zekrom|Zekrom|100\/100\n|-ability|p1a: Zekrom|Teravolt\n|turn|11\n|\n|t:|1698521004\n|move|p2a: Xerneas|Moonblast|p1a: Zekrom\n|-supereffective|p1a: Zekrom\n|-enditem|p1a: Zekrom|Focus Sash\n|-damage|p1a: Zekrom|1\/100\n|move|p1a: Zekrom|Bolt Strike|p2a: Xerneas\n|-damage|p2a: Xerneas|0 fnt\n|faint|p2a: Xerneas\n|\n|upkeep\n|\n|t:|1698521014\n|switch|p2a: Krookodile|Krookodile, F|1\/100\n|-ability|p2a: Krookodile|Intimidate|boost\n|-unboost|p1a: Zekrom|atk|1\n|turn|12\n|\n|t:|1698521022\n|move|p2a: Krookodile|Stealth Rock|p1a: Zekrom\n|-sidestart|p1: heavylever|move: Stealth Rock\n|move|p1a: Zekrom|Dragon Claw|p2a: Krookodile\n|-damage|p2a: Krookodile|0 fnt\n|faint|p2a: Krookodile\n|\n|upkeep\n|\n|t:|1698521031\n|switch|p2a: Arceus|Arceus|100\/100\n|turn|13\n|\n|t:|1698521034\n|move|p2a: Arceus|Swords Dance|p2a: Arceus\n|-boost|p2a: Arceus|atk|2\n|move|p1a: Zekrom|Bolt Strike|p2a: Arceus\n|-damage|p2a: Arceus|62\/100\n|\n|upkeep\n|turn|14\n|\n|t:|1698521041\n|move|p2a: Arceus|Extreme Speed|p1a: Zekrom\n|-damage|p1a: Zekrom|0 fnt\n|faint|p1a: Zekrom\n|-damage|p2a: Arceus|53\/100|[from] item: Life Orb\n|\n|upkeep\n|\n|t:|1698521045\n|switch|p1a: Groudon|Groudon|100\/100\n|-damage|p1a: Groudon|94\/100|[from] Stealth Rock\n|detailschange|p1a: Groudon|Groudon-Primal\n|-primal|p1a: Groudon|Red Orb\n|-weather|DesolateLand|[from] ability: Desolate Land|[of] p1a: Groudon\n|turn|15\n|\n|t:|1698521053\n|move|p2a: Arceus|Earthquake|p1a: Groudon\n|-supereffective|p1a: Groudon\n|-damage|p1a: Groudon|0 fnt\n|faint|p1a: Groudon\n|-weather|none\n|-damage|p2a: Arceus|43\/100|[from] item: Life Orb\n|\n|upkeep\n|\n|t:|1698521058\n|switch|p1a: Shaymin|Shaymin-Sky, shiny|100\/100\n|-damage|p1a: Shaymin|76\/100|[from] Stealth Rock\n|turn|16\n|\n|t:|1698521064\n|move|p1a: Shaymin|Air Slash|p2a: Arceus\n|-damage|p2a: Arceus|1\/100\n|cant|p2a: Arceus|flinch\n|\n|upkeep\n|turn|17\n|\n|t:|1698521072\n|move|p2a: Arceus|Extreme Speed|p1a: Shaymin\n|-damage|p1a: Shaymin|0 fnt\n|faint|p1a: Shaymin\n|-damage|p2a: Arceus|0 fnt|[from] item: Life Orb\n|faint|p2a: Arceus\n|\n|upkeep\n|\n|t:|1698521080\n|switch|p1a: Regieleki|Regieleki, shiny|100\/100\n|switch|p2a: Groudon|Groudon|100\/100\n|-damage|p1a: Regieleki|88\/100|[from] Stealth Rock\n|detailschange|p2a: Groudon|Groudon-Primal\n|-primal|p2a: Groudon|Red Orb\n|-weather|DesolateLand|[from] ability: Desolate Land|[of] p2a: Groudon\n|turn|18\n|\n|t:|1698521088\n|move|p1a: Regieleki|Tera Blast|p2a: Groudon\n|-damage|p2a: Groudon|70\/100\n|-damage|p1a: Regieleki|78\/100|[from] item: Life Orb\n|move|p2a: Groudon|Heat Crash|p1a: Regieleki\n|-damage|p1a: Regieleki|0 fnt\n|faint|p1a: Regieleki\n|\n|win|85792195wwww\n|raw|heavylever's rating: 1542 &rarr; <strong>1536<\/strong><br \/>(-6 for losing)\n|raw|85792195wwww's rating: 1834 &rarr; <strong>1840<\/strong><br \/>(+6 for winning)\n|l|\u2606heavylever\n","uploadtime":1698521099,"views":6,"p1id":"heavylever","p2id":"85792195wwww","formatid":"gen9nationaldexubers","rating":1536,"private":0,"password":""}