{"id":"gen9nationaldexubers-1978235254","p1":"JustMonika_CARR","p2":"letch","format":"[Gen 9] National Dex Ubers","log":"|j|\u2606JustMonika_CARR\n|j|\u2606letch\n|t:|1698515507\n|gametype|singles\n|player|p1|JustMonika_CARR|dawn|1395\n|player|p2|letch|wallace|1471\n|teamsize|p1|6\n|teamsize|p2|6\n|gen|9\n|tier|[Gen 9] National Dex Ubers\n|rated|\n|rule|HP Percentage Mod: HP is shown in percentages\n|rule|Endless Battle Clause: Forcing endless battles is banned\n|rule|OHKO Clause: OHKO moves are banned\n|rule|Evasion Moves Clause: Evasion moves are banned\n|rule|Evasion Items Clause: Evasion items are banned\n|rule|Species Clause: Limit one of each Pok\u00e9mon\n|rule|Sleep Clause Mod: Limit one foe put to sleep\n|rule|Mega Rayquaza Clause: You cannot mega evolve Rayquaza\n|clearpoke\n|poke|p1|Groudon|\n|poke|p1|Alakazam, M|\n|poke|p1|Gothitelle, F|\n|poke|p1|Deoxys-Speed|\n|poke|p1|Shuckle, M|\n|poke|p1|Durant, F|\n|poke|p2|Medicham, F|\n|poke|p2|Kyogre|\n|poke|p2|Necrozma-Dusk-Mane|\n|poke|p2|Xerneas-*|\n|poke|p2|Zacian-*|\n|poke|p2|Yveltal|\n|teampreview\n|\n|t:|1698515513\n|start\n|switch|p1a: Groudon|Groudon, shiny|100\/100\n|switch|p2a: Medicham|Medicham, F|100\/100\n|detailschange|p1a: Groudon|Groudon-Primal, shiny\n|-primal|p1a: Groudon|Red Orb\n|-weather|DesolateLand|[from] ability: Desolate Land|[of] p1a: Groudon\n|turn|1\n|\n|t:|1698515526\n|detailschange|p2a: Medicham|Medicham-Mega, F\n|-mega|p2a: Medicham|Medicham|Medichamite\n|move|p2a: Medicham|Bulk Up|p2a: Medicham\n|-boost|p2a: Medicham|atk|1\n|-boost|p2a: Medicham|def|1\n|move|p1a: Groudon|Rock Polish|p1a: Groudon\n|-boost|p1a: Groudon|spe|2\n|\n|-weather|DesolateLand|[upkeep]\n|upkeep\n|turn|2\n|\n|t:|1698515540\n|move|p1a: Groudon|Swords Dance|p1a: Groudon\n|-boost|p1a: Groudon|atk|2\n|move|p2a: Medicham|Trailblaze|p1a: Groudon\n|-damage|p1a: Groudon|73\/100\n|-boost|p2a: Medicham|spe|1\n|\n|-weather|DesolateLand|[upkeep]\n|upkeep\n|turn|3\n|\n|t:|1698515555\n|move|p2a: Medicham|Trailblaze|p1a: Groudon\n|-damage|p1a: Groudon|45\/100\n|-boost|p2a: Medicham|spe|1\n|move|p1a: Groudon|Heat Crash|p2a: Medicham\n|-damage|p2a: Medicham|0 fnt\n|faint|p2a: Medicham\n|\n|-weather|DesolateLand|[upkeep]\n|upkeep\n|\n|t:|1698515568\n|switch|p2a: Yveltal|Yveltal|100\/100\n|-ability|p2a: Yveltal|Dark Aura\n|turn|4\n|\n|t:|1698515573\n|-terastallize|p2a: Yveltal|Dark\n|move|p2a: Yveltal|Sucker Punch|p1a: Groudon\n|-damage|p1a: Groudon|5\/100\n|-damage|p2a: Yveltal|91\/100|[from] item: Life Orb\n|move|p1a: Groudon|Heat Crash|p2a: Yveltal\n|-damage|p2a: Yveltal|0 fnt\n|faint|p2a: Yveltal\n|\n|-weather|DesolateLand|[upkeep]\n|upkeep\n|\n|t:|1698515580\n|switch|p2a: Xerneas|Xerneas|100\/100\n|-ability|p2a: Xerneas|Fairy Aura\n|turn|5\n|\n|t:|1698515585\n|move|p2a: Xerneas|Moonblast|p1a: Groudon\n|-resisted|p1a: Groudon\n|-damage|p1a: Groudon|0 fnt\n|faint|p1a: Groudon\n|-weather|none\n|\n|upkeep\n|c|\u2606JustMonika_CARR|Oh, scarfed\n|\n|t:|1698515600\n|switch|p1a: Durant|Durant, F, shiny|100\/100\n|turn|6\n|\n|t:|1698515606\n|move|p1a: Durant|Entrainment|p2a: Xerneas\n|-endability|p2a: Xerneas|Fairy Aura|[from] move: Entrainment\n|-ability|p2a: Xerneas|Truant|[from] move: Entrainment\n|move|p2a: Xerneas|Moonblast|p1a: Durant\n|-resisted|p1a: Durant\n|-damage|p1a: Durant|41\/100\n|\n|upkeep\n|turn|7\n|\n|t:|1698515612\n|switch|p1a: Gothitelle|Gothitelle, F, shiny|100\/100\n|switch|p2a: Necrozma|Necrozma-Dusk-Mane|100\/100\n|\n|upkeep\n|turn|8\n|\n|t:|1698515625\n|switch|p1a: Deoxys|Deoxys-Speed, shiny|100\/100\n|-ability|p1a: Deoxys|Pressure\n|detailschange|p2a: Necrozma|Necrozma-Ultra\n|-burst|p2a: Necrozma|Necrozma|Ultranecrozium Z\n|move|p2a: Necrozma|Dragon Pulse|p1a: Deoxys\n|-damage|p1a: Deoxys|33\/100\n|\n|upkeep\n|turn|9\n|c|\u2606JustMonika_CARR|Heh, nice one\n|\n|t:|1698515637\n|move|p1a: Deoxys|Light Screen|p1a: Deoxys\n|-sidestart|p1: JustMonika_CARR|move: Light Screen\n|move|p2a: Necrozma|Dragon Pulse|p1a: Deoxys\n|-damage|p1a: Deoxys|1\/100\n|\n|upkeep\n|turn|10\n|\n|t:|1698515644\n|move|p1a: Deoxys|Toxic|p2a: Necrozma\n|-status|p2a: Necrozma|tox\n|move|p2a: Necrozma|Earth Power|p1a: Deoxys\n|-damage|p1a: Deoxys|0 fnt\n|faint|p1a: Deoxys\n|\n|-damage|p2a: Necrozma|95\/100 tox|[from] psn\n|upkeep\n|\n|t:|1698515652\n|switch|p1a: Shuckle|Shuckle, M, shiny|100\/100\n|turn|11\n|\n|t:|1698515661\n|move|p2a: Necrozma|Stone Edge|p1a: Shuckle\n|-supereffective|p1a: Shuckle\n|-damage|p1a: Shuckle|53\/100\n|move|p1a: Shuckle|Shell Smash|p1a: Shuckle\n|-boost|p1a: Shuckle|def|1\n|-boost|p1a: Shuckle|spd|1\n|-unboost|p1a: Shuckle|atk|2\n|-unboost|p1a: Shuckle|spa|2\n|-unboost|p1a: Shuckle|spe|2\n|\n|-damage|p2a: Necrozma|83\/100 tox|[from] psn\n|upkeep\n|turn|12\n|\n|t:|1698515674\n|move|p2a: Necrozma|Stone Edge|p1a: Shuckle\n|-supereffective|p1a: Shuckle\n|-damage|p1a: Shuckle|16\/100\n|move|p1a: Shuckle|Rest|p1a: Shuckle\n|-status|p1a: Shuckle|slp|[from] move: Rest\n|-heal|p1a: Shuckle|100\/100 slp|[silent]\n|-enditem|p1a: Shuckle|Chesto Berry|[eat]\n|-curestatus|p1a: Shuckle|slp|[msg]\n|\n|-damage|p2a: Necrozma|65\/100 tox|[from] psn\n|upkeep\n|turn|13\n|\n|t:|1698515685\n|move|p2a: Necrozma|Stone Edge|p1a: Shuckle\n|-supereffective|p1a: Shuckle\n|-damage|p1a: Shuckle|65\/100\n|move|p1a: Shuckle|Shell Smash|p1a: Shuckle\n|-boost|p1a: Shuckle|def|1\n|-boost|p1a: Shuckle|spd|1\n|-unboost|p1a: Shuckle|atk|2\n|-unboost|p1a: Shuckle|spa|2\n|-unboost|p1a: Shuckle|spe|2\n|\n|-damage|p2a: Necrozma|41\/100 tox|[from] psn\n|upkeep\n|turn|14\n|\n|t:|1698515694\n|move|p2a: Necrozma|Stone Edge|p1a: Shuckle\n|-supereffective|p1a: Shuckle\n|-damage|p1a: Shuckle|38\/100\n|move|p1a: Shuckle|Shell Smash|p1a: Shuckle\n|-boost|p1a: Shuckle|def|1\n|-boost|p1a: Shuckle|spd|1\n|-unboost|p1a: Shuckle|atk|2\n|-unboost|p1a: Shuckle|spa|2\n|-unboost|p1a: Shuckle|spe|2\n|\n|-damage|p2a: Necrozma|11\/100 tox|[from] psn\n|upkeep\n|turn|15\n|\n|t:|1698515714\n|move|p2a: Necrozma|Stone Edge|p1a: Shuckle\n|-supereffective|p1a: Shuckle\n|-damage|p1a: Shuckle|18\/100\n|move|p1a: Shuckle|Rest|p1a: Shuckle\n|-status|p1a: Shuckle|slp|[from] move: Rest\n|-heal|p1a: Shuckle|100\/100 slp|[silent]\n|\n|-damage|p2a: Necrozma|0 fnt|[from] psn\n|faint|p2a: Necrozma\n|upkeep\n|c|\u2606JustMonika_CARR|Damn\n|c|\u2606JustMonika_CARR|Dumb me\n|c|\u2606JustMonika_CARR|Also, it's rare for Stone Edge not to miss huh\n|\n|t:|1698515747\n|switch|p2a: Zacian|Zacian-Crowned|100\/100\n|-ability|p2a: Zacian|Intrepid Sword|boost\n|-boost|p2a: Zacian|atk|1\n|turn|16\n|\n|t:|1698515755\n|move|p2a: Zacian|Behemoth Blade|p1a: Shuckle\n|-supereffective|p1a: Shuckle\n|-damage|p1a: Shuckle|56\/100 slp\n|cant|p1a: Shuckle|slp\n|\n|-sideend|p1: JustMonika_CARR|move: Light Screen\n|upkeep\n|turn|17\n|\n|t:|1698515762\n|move|p2a: Zacian|Behemoth Blade|p1a: Shuckle\n|-supereffective|p1a: Shuckle\n|-damage|p1a: Shuckle|13\/100 slp\n|cant|p1a: Shuckle|slp\n|\n|upkeep\n|turn|18\n|\n|t:|1698515768\n|move|p2a: Zacian|Behemoth Blade|p1a: Shuckle\n|-supereffective|p1a: Shuckle\n|-damage|p1a: Shuckle|0 fnt\n|faint|p1a: Shuckle\n|\n|upkeep\n|\n|t:|1698515773\n|switch|p1a: Durant|Durant, F, shiny|41\/100\n|turn|19\n|\n|t:|1698515782\n|move|p1a: Durant|Entrainment|p2a: Zacian\n|-endability|p2a: Zacian|Intrepid Sword|[from] move: Entrainment\n|-ability|p2a: Zacian|Truant|[from] move: Entrainment\n|move|p2a: Zacian|Wild Charge|p1a: Durant\n|-damage|p1a: Durant|0 fnt\n|faint|p1a: Durant\n|-damage|p2a: Zacian|92\/100|[from] Recoil\n|\n|upkeep\n|\n|t:|1698515789\n|switch|p1a: Gothitelle|Gothitelle, F, shiny|100\/100\n|turn|20\n|\n|t:|1698515794\n|cant|p2a: Zacian|ability: Truant\n|move|p1a: Gothitelle|Substitute|p1a: Gothitelle\n|-start|p1a: Gothitelle|Substitute\n|-damage|p1a: Gothitelle|75\/100\n|\n|upkeep\n|turn|21\n|\n|t:|1698515799\n|move|p2a: Zacian|Behemoth Blade|p1a: Gothitelle\n|-end|p1a: Gothitelle|Substitute\n|move|p1a: Gothitelle|Substitute|p1a: Gothitelle\n|-start|p1a: Gothitelle|Substitute\n|-damage|p1a: Gothitelle|50\/100\n|\n|upkeep\n|turn|22\n|\n|t:|1698515805\n|cant|p2a: Zacian|ability: Truant\n|move|p1a: Gothitelle|Substitute|p1a: Gothitelle\n|-fail|p1a: Gothitelle|move: Substitute\n|\n|upkeep\n|turn|23\n|\n|t:|1698515809\n|move|p2a: Zacian|Wild Charge|p1a: Gothitelle\n|-end|p1a: Gothitelle|Substitute\n|-damage|p2a: Zacian|86\/100|[from] Recoil|[of] p1a: Gothitelle\n|move|p1a: Gothitelle|Substitute|p1a: Gothitelle\n|-start|p1a: Gothitelle|Substitute\n|-damage|p1a: Gothitelle|25\/100\n|-enditem|p1a: Gothitelle|Starf Berry|[eat]\n|-boost|p1a: Gothitelle|atk|2|[from] item: Starf Berry\n|\n|upkeep\n|turn|24\n|\n|t:|1698515817\n|cant|p2a: Zacian|ability: Truant\n|move|p1a: Gothitelle|Recycle|p1a: Gothitelle\n|-item|p1a: Gothitelle|Starf Berry|[from] move: Recycle\n|-enditem|p1a: Gothitelle|Starf Berry|[eat]\n|-boost|p1a: Gothitelle|spa|2|[from] item: Starf Berry\n|\n|upkeep\n|turn|25\n|\n|t:|1698515822\n|move|p1a: Gothitelle|Protect|p1a: Gothitelle\n|-singleturn|p1a: Gothitelle|Protect\n|move|p2a: Zacian|Wild Charge|p1a: Gothitelle\n|-activate|p1a: Gothitelle|move: Protect\n|\n|upkeep\n|turn|26\n|\n|t:|1698515825\n|cant|p2a: Zacian|ability: Truant\n|move|p1a: Gothitelle|Recycle|p1a: Gothitelle\n|-item|p1a: Gothitelle|Starf Berry|[from] move: Recycle\n|-enditem|p1a: Gothitelle|Starf Berry|[eat]\n|-boost|p1a: Gothitelle|def|2|[from] item: Starf Berry\n|\n|upkeep\n|turn|27\n|\n|t:|1698515828\n|move|p1a: Gothitelle|Protect|p1a: Gothitelle\n|-singleturn|p1a: Gothitelle|Protect\n|move|p2a: Zacian|Behemoth Blade|p1a: Gothitelle\n|-activate|p1a: Gothitelle|move: Protect\n|\n|upkeep\n|turn|28\n|\n|t:|1698515833\n|cant|p2a: Zacian|ability: Truant\n|move|p1a: Gothitelle|Recycle|p1a: Gothitelle\n|-item|p1a: Gothitelle|Starf Berry|[from] move: Recycle\n|-enditem|p1a: Gothitelle|Starf Berry|[eat]\n|-boost|p1a: Gothitelle|spe|2|[from] item: Starf Berry\n|\n|upkeep\n|turn|29\n|\n|t:|1698515838\n|move|p1a: Gothitelle|Protect|p1a: Gothitelle\n|-singleturn|p1a: Gothitelle|Protect\n|move|p2a: Zacian|Behemoth Blade|p1a: Gothitelle\n|-activate|p1a: Gothitelle|move: Protect\n|\n|upkeep\n|turn|30\n|\n|t:|1698515841\n|cant|p2a: Zacian|ability: Truant\n|move|p1a: Gothitelle|Recycle|p1a: Gothitelle\n|-item|p1a: Gothitelle|Starf Berry|[from] move: Recycle\n|-enditem|p1a: Gothitelle|Starf Berry|[eat]\n|-boost|p1a: Gothitelle|atk|2|[from] item: Starf Berry\n|\n|upkeep\n|turn|31\n|\n|t:|1698515845\n|move|p1a: Gothitelle|Protect|p1a: Gothitelle\n|-singleturn|p1a: Gothitelle|Protect\n|move|p2a: Zacian|Wild Charge|p1a: Gothitelle\n|-activate|p1a: Gothitelle|move: Protect\n|\n|upkeep\n|turn|32\n|\n|t:|1698515852\n|cant|p2a: Zacian|ability: Truant\n|move|p1a: Gothitelle|Recycle|p1a: Gothitelle\n|-item|p1a: Gothitelle|Starf Berry|[from] move: Recycle\n|-enditem|p1a: Gothitelle|Starf Berry|[eat]\n|-boost|p1a: Gothitelle|spa|2|[from] item: Starf Berry\n|\n|upkeep\n|turn|33\n|inactive|Battle timer is ON: inactive players will automatically lose when time's up. (requested by JustMonika_CARR)\n|\n|t:|1698515875\n|move|p1a: Gothitelle|Protect|p1a: Gothitelle\n|-singleturn|p1a: Gothitelle|Protect\n|move|p2a: Zacian|Play Rough|p1a: Gothitelle\n|-activate|p1a: Gothitelle|move: Protect\n|\n|upkeep\n|turn|34\n|c|\u2606JustMonika_CARR|Please skip the next few turns\n|\n|t:|1698515887\n|cant|p2a: Zacian|ability: Truant\n|move|p1a: Gothitelle|Recycle|p1a: Gothitelle\n|-item|p1a: Gothitelle|Starf Berry|[from] move: Recycle\n|-enditem|p1a: Gothitelle|Starf Berry|[eat]\n|-boost|p1a: Gothitelle|spe|2|[from] item: Starf Berry\n|\n|upkeep\n|turn|35\n|\n|t:|1698515892\n|move|p1a: Gothitelle|Protect|p1a: Gothitelle\n|-singleturn|p1a: Gothitelle|Protect\n|move|p2a: Zacian|Play Rough|p1a: Gothitelle\n|-activate|p1a: Gothitelle|move: Protect\n|\n|upkeep\n|turn|36\n|\n|t:|1698515896\n|move|p1a: Gothitelle|Recycle|p1a: Gothitelle\n|-item|p1a: Gothitelle|Starf Berry|[from] move: Recycle\n|-enditem|p1a: Gothitelle|Starf Berry|[eat]\n|-boost|p1a: Gothitelle|spe|2|[from] item: Starf Berry\n|cant|p2a: Zacian|ability: Truant\n|\n|upkeep\n|turn|37\n|\n|t:|1698515900\n|move|p1a: Gothitelle|Protect|p1a: Gothitelle\n|-singleturn|p1a: Gothitelle|Protect\n|move|p2a: Zacian|Behemoth Blade|p1a: Gothitelle\n|-activate|p1a: Gothitelle|move: Protect\n|\n|upkeep\n|turn|38\n|\n|t:|1698515902\n|move|p1a: Gothitelle|Recycle|p1a: Gothitelle\n|-item|p1a: Gothitelle|Starf Berry|[from] move: Recycle\n|-enditem|p1a: Gothitelle|Starf Berry|[eat]\n|-boost|p1a: Gothitelle|def|2|[from] item: Starf Berry\n|cant|p2a: Zacian|ability: Truant\n|\n|upkeep\n|turn|39\n|\n|t:|1698515905\n|move|p1a: Gothitelle|Protect|p1a: Gothitelle\n|-singleturn|p1a: Gothitelle|Protect\n|move|p2a: Zacian|Behemoth Blade|p1a: Gothitelle\n|-activate|p1a: Gothitelle|move: Protect\n|\n|upkeep\n|turn|40\n|\n|t:|1698515910\n|move|p1a: Gothitelle|Recycle|p1a: Gothitelle\n|-item|p1a: Gothitelle|Starf Berry|[from] move: Recycle\n|-enditem|p1a: Gothitelle|Starf Berry|[eat]\n|-boost|p1a: Gothitelle|spa|2|[from] item: Starf Berry\n|cant|p2a: Zacian|ability: Truant\n|\n|upkeep\n|turn|41\n|\n|t:|1698515921\n|move|p1a: Gothitelle|Protect|p1a: Gothitelle\n|-singleturn|p1a: Gothitelle|Protect\n|move|p2a: Zacian|Play Rough|p1a: Gothitelle\n|-activate|p1a: Gothitelle|move: Protect\n|\n|upkeep\n|turn|42\n|l|\u2606letch\n|inactive|letch disconnected and has a minute to reconnect!\n|player|p2|\n|c|\u2606JustMonika_CARR|Lol\n|c|\u2606JustMonika_CARR|At least forfeit lmao\n|inactive|letch has 30 seconds to reconnect!\n|inactive|letch has 20 seconds to reconnect!\n|inactive|letch has 15 seconds to reconnect!\n|j|\u2606letch\n|inactive|letch reconnected and has 80 seconds left.\n|player|p2|letch|wallace\n|\n|t:|1698515999\n|move|p1a: Gothitelle|Recycle|p1a: Gothitelle\n|-item|p1a: Gothitelle|Starf Berry|[from] move: Recycle\n|-enditem|p1a: Gothitelle|Starf Berry|[eat]\n|-boost|p1a: Gothitelle|def|2|[from] item: Starf Berry\n|cant|p2a: Zacian|ability: Truant\n|\n|upkeep\n|turn|43\n|c|\u2606JustMonika_CARR|So\n|inactive|letch has 60 seconds left.\n|c|\u2606JustMonika_CARR|U playing or not?\n|\n|t:|1698516030\n|move|p1a: Gothitelle|Protect|p1a: Gothitelle\n|-singleturn|p1a: Gothitelle|Protect\n|move|p2a: Zacian|Wild Charge|p1a: Gothitelle\n|-activate|p1a: Gothitelle|move: Protect\n|\n|upkeep\n|turn|44\n|inactive|letch has 60 seconds left.\n|\n|t:|1698516037\n|move|p1a: Gothitelle|Recycle|p1a: Gothitelle\n|-item|p1a: Gothitelle|Starf Berry|[from] move: Recycle\n|-enditem|p1a: Gothitelle|Starf Berry|[eat]\n|-boost|p1a: Gothitelle|spd|2|[from] item: Starf Berry\n|cant|p2a: Zacian|ability: Truant\n|\n|upkeep\n|turn|45\n|\n|t:|1698516041\n|move|p1a: Gothitelle|Protect|p1a: Gothitelle\n|-singleturn|p1a: Gothitelle|Protect\n|move|p2a: Zacian|Wild Charge|p1a: Gothitelle\n|-activate|p1a: Gothitelle|move: Protect\n|\n|upkeep\n|turn|46\n|\n|t:|1698516043\n|move|p1a: Gothitelle|Recycle|p1a: Gothitelle\n|-item|p1a: Gothitelle|Starf Berry|[from] move: Recycle\n|-enditem|p1a: Gothitelle|Starf Berry|[eat]\n|-boost|p1a: Gothitelle|spd|2|[from] item: Starf Berry\n|cant|p2a: Zacian|ability: Truant\n|\n|upkeep\n|turn|47\n|\n|t:|1698516045\n|move|p1a: Gothitelle|Protect|p1a: Gothitelle\n|-singleturn|p1a: Gothitelle|Protect\n|move|p2a: Zacian|Play Rough|p1a: Gothitelle\n|-activate|p1a: Gothitelle|move: Protect\n|\n|upkeep\n|turn|48\n|\n|t:|1698516047\n|move|p1a: Gothitelle|Recycle|p1a: Gothitelle\n|-item|p1a: Gothitelle|Starf Berry|[from] move: Recycle\n|-enditem|p1a: Gothitelle|Starf Berry|[eat]\n|-boost|p1a: Gothitelle|spd|2|[from] item: Starf Berry\n|cant|p2a: Zacian|ability: Truant\n|\n|upkeep\n|turn|49\n|\n|t:|1698516052\n|move|p1a: Gothitelle|Protect|p1a: Gothitelle\n|-singleturn|p1a: Gothitelle|Protect\n|move|p2a: Zacian|Play Rough|p1a: Gothitelle\n|-activate|p1a: Gothitelle|move: Protect\n|\n|upkeep\n|turn|50\n|\n|t:|1698516055\n|move|p1a: Gothitelle|Dark Pulse|p2a: Zacian\n|-resisted|p2a: Zacian\n|-damage|p2a: Zacian|46\/100\n|cant|p2a: Zacian|ability: Truant\n|\n|upkeep\n|turn|51\n|\n|t:|1698516061\n|move|p1a: Gothitelle|Protect|p1a: Gothitelle\n|-singleturn|p1a: Gothitelle|Protect\n|move|p2a: Zacian|Play Rough|p1a: Gothitelle\n|-activate|p1a: Gothitelle|move: Protect\n|\n|upkeep\n|turn|52\n|\n|t:|1698516069\n|move|p1a: Gothitelle|Dark Pulse|p2a: Zacian\n|-resisted|p2a: Zacian\n|-damage|p2a: Zacian|6\/100\n|cant|p2a: Zacian|ability: Truant\n|\n|upkeep\n|turn|53\n|\n|t:|1698516075\n|move|p1a: Gothitelle|Dark Pulse|p2a: Zacian\n|-resisted|p2a: Zacian\n|-damage|p2a: Zacian|0 fnt\n|faint|p2a: Zacian\n|\n|upkeep\n|\n|t:|1698516080\n|switch|p2a: Xerneas|Xerneas|100\/100\n|-ability|p2a: Xerneas|Fairy Aura\n|turn|54\n|\n|t:|1698516086\n|move|p1a: Gothitelle|Dark Pulse|p2a: Xerneas\n|-resisted|p2a: Xerneas\n|-damage|p2a: Xerneas|65\/100\n|move|p2a: Xerneas|Moonblast|p1a: Gothitelle\n|-crit|p1a: Gothitelle\n|-end|p1a: Gothitelle|Substitute\n|\n|upkeep\n|turn|55\n|\n|t:|1698516095\n|move|p1a: Gothitelle|Dark Pulse|p2a: Xerneas\n|-resisted|p2a: Xerneas\n|-damage|p2a: Xerneas|28\/100\n|move|p2a: Xerneas|Moonblast|p1a: Gothitelle\n|-damage|p1a: Gothitelle|9\/100\n|-unboost|p1a: Gothitelle|spa|1\n|\n|upkeep\n|turn|56\n|\n|t:|1698516105\n|-terastallize|p1a: Gothitelle|Dark\n|move|p1a: Gothitelle|Dark Pulse|p2a: Xerneas\n|-resisted|p2a: Xerneas\n|-damage|p2a: Xerneas|0 fnt\n|faint|p2a: Xerneas\n|\n|upkeep\n|\n|t:|1698516109\n|switch|p2a: Kyogre|Kyogre|100\/100\n|detailschange|p2a: Kyogre|Kyogre-Primal\n|-primal|p2a: Kyogre|Blue Orb\n|-weather|PrimordialSea|[from] ability: Primordial Sea|[of] p2a: Kyogre\n|turn|57\n|\n|t:|1698516115\n|move|p1a: Gothitelle|Dark Pulse|p2a: Kyogre\n|-damage|p2a: Kyogre|25\/100\n|move|p2a: Kyogre|Origin Pulse|p1a: Gothitelle\n|-damage|p1a: Gothitelle|0 fnt\n|faint|p1a: Gothitelle\n|\n|-weather|PrimordialSea|[upkeep]\n|upkeep\n|\n|t:|1698516122\n|switch|p1a: Alakazam|Alakazam, M, shiny|100\/100\n|turn|58\n|\n|t:|1698516126\n|detailschange|p1a: Alakazam|Alakazam-Mega, M, shiny\n|-mega|p1a: Alakazam|Alakazam|Alakazite\n|-ability|p1a: Alakazam|Primordial Sea|[from] ability: Trace|[of] p2a: Kyogre\n|move|p1a: Alakazam|Grass Knot|p2a: Kyogre\n|-supereffective|p2a: Kyogre\n|-damage|p2a: Kyogre|0 fnt\n|faint|p2a: Kyogre\n|\n|win|JustMonika_CARR\n|raw|JustMonika_CARR's rating: 1395 &rarr; <strong>1419<\/strong><br \/>(+24 for winning)\n|raw|letch's rating: 1471 &rarr; <strong>1447<\/strong><br \/>(-24 for losing)\n|c|\u2606JustMonika_CARR|gg\n|l|\u2606letch\n","uploadtime":1698516140,"views":8,"p1id":"justmonikacarr","p2id":"letch","formatid":"gen9nationaldexubers","rating":1419,"private":0,"password":""}