{"id":"gen9nationaldexubers-1986531532","p1":"zillygaming","p2":"Luigi20000","format":"[Gen 9] National Dex Ubers","log":"|j|\u2606zillygaming\n|j|\u2606Luigi20000\n|t:|1699488829\n|gametype|singles\n|player|p1|zillygaming|ingo|1184\n|player|p2|Luigi20000|lucas-gen4pt|1146\n|teamsize|p1|6\n|teamsize|p2|6\n|gen|9\n|tier|[Gen 9] National Dex Ubers\n|rated|\n|rule|HP Percentage Mod: HP is shown in percentages\n|rule|Endless Battle Clause: Forcing endless battles is banned\n|rule|OHKO Clause: OHKO moves are banned\n|rule|Evasion Moves Clause: Evasion moves are banned\n|rule|Evasion Items Clause: Evasion items are banned\n|rule|Species Clause: Limit one of each Pok\u00e9mon\n|rule|Sleep Clause Mod: Limit one foe put to sleep\n|rule|Mega Rayquaza Clause: You cannot mega evolve Rayquaza\n|clearpoke\n|poke|p1|Incineroar, F|\n|poke|p1|Meowscarada, F|\n|poke|p1|Zacian-*|\n|poke|p1|Blastoise, F|\n|poke|p1|Lycanroc-Dusk, M|\n|poke|p1|Lunala|\n|poke|p2|Aegislash, M|\n|poke|p2|Rillaboom, M|\n|poke|p2|Slowking-Galar, M|\n|poke|p2|Palafin, M|\n|poke|p2|Pidgeot, M|\n|poke|p2|Xurkitree|\n|teampreview\n|\n|t:|1699488844\n|start\n|switch|p1a: Meowscarada|Meowscarada, F, shiny|100\/100\n|switch|p2a: Rillaboom|Rillaboom, M|100\/100\n|-fieldstart|move: Grassy Terrain|[from] ability: Grassy Surge|[of] p2a: Rillaboom\n|-enditem|p2a: Rillaboom|Grassy Seed\n|-boost|p2a: Rillaboom|def|1|[from] item: Grassy Seed\n|turn|1\n|\n|t:|1699488854\n|move|p1a: Meowscarada|Toxic Spikes|p2a: Rillaboom\n|-start|p1a: Meowscarada|typechange|Poison|[from] ability: Protean\n|-sidestart|p2: Luigi20000|move: Toxic Spikes\n|move|p2a: Rillaboom|U-turn|p1a: Meowscarada\n|-resisted|p1a: Meowscarada\n|-damage|p1a: Meowscarada|87\/100\n|\n|t:|1699488860\n|switch|p2a: Slowking|Slowking-Galar, M|100\/100|[from] U-turn\n|-sideend|p2: Luigi20000|move: Toxic Spikes|[of] p2a: Slowking\n|\n|-heal|p1a: Meowscarada|93\/100|[from] Grassy Terrain\n|-heal|p1a: Meowscarada|99\/100|[from] item: Leftovers\n|upkeep\n|turn|2\n|\n|t:|1699488869\n|move|p1a: Meowscarada|Protect|p1a: Meowscarada\n|-singleturn|p1a: Meowscarada|Protect\n|move|p2a: Slowking|Eerie Spell|p1a: Meowscarada\n|-activate|p1a: Meowscarada|move: Protect\n|\n|-heal|p1a: Meowscarada|100\/100|[from] Grassy Terrain\n|upkeep\n|turn|3\n|\n|t:|1699488879\n|switch|p1a: Incineroar|Incineroar, F, shiny|100\/100\n|-ability|p1a: Incineroar|Intimidate|boost\n|-unboost|p2a: Slowking|atk|1\n|move|p2a: Slowking|Sludge Bomb|p1a: Incineroar\n|-damage|p1a: Incineroar|53\/100\n|-status|p1a: Incineroar|psn\n|\n|-heal|p1a: Incineroar|59\/100 psn|[from] Grassy Terrain\n|-damage|p1a: Incineroar|47\/100 psn|[from] psn\n|upkeep\n|turn|4\n|\n|t:|1699488891\n|switch|p2a: Pidgeot|Pidgeot, M|100\/100\n|move|p1a: Incineroar|Fake Out|p2a: Pidgeot\n|-damage|p2a: Pidgeot|83\/100\n|\n|-heal|p1a: Incineroar|53\/100 psn|[from] Grassy Terrain\n|-damage|p1a: Incineroar|40\/100 psn|[from] psn\n|upkeep\n|turn|5\n|\n|t:|1699488909\n|detailschange|p2a: Pidgeot|Pidgeot-Mega, M\n|-mega|p2a: Pidgeot|Pidgeot|Pidgeotite\n|move|p2a: Pidgeot|Hurricane|p1a: Incineroar\n|-damage|p1a: Incineroar|0 fnt\n|faint|p1a: Incineroar\n|\n|-fieldend|move: Grassy Terrain\n|upkeep\n|\n|t:|1699488917\n|switch|p1a: Lycanroc|Lycanroc-Dusk, M, shiny|100\/100\n|turn|6\n|\n|t:|1699488920\n|move|p2a: Pidgeot|Hidden Power|p1a: Lycanroc\n|-damage|p1a: Lycanroc|71\/100\n|move|p1a: Lycanroc|Endeavor|p2a: Pidgeot\n|-damage|p2a: Pidgeot|67\/100\n|\n|upkeep\n|turn|7\n|\n|t:|1699488933\n|switch|p2a: Aegislash|Aegislash, M|100\/100\n|move|p1a: Lycanroc|Sucker Punch||[still]\n|-fail|p1a: Lycanroc\n|\n|upkeep\n|turn|8\n|\n|t:|1699488939\n|move|p1a: Lycanroc|Drill Run|p2a: Aegislash\n|-supereffective|p2a: Aegislash\n|-damage|p2a: Aegislash|47\/100\n|-formechange|p2a: Aegislash|Aegislash-Blade||[from] ability: Stance Change\n|move|p2a: Aegislash|Iron Head|p1a: Lycanroc\n|-supereffective|p1a: Lycanroc\n|-damage|p1a: Lycanroc|0 fnt\n|faint|p1a: Lycanroc\n|\n|-heal|p2a: Aegislash|53\/100|[from] item: Leftovers\n|upkeep\n|\n|t:|1699488954\n|switch|p1a: Meowscarada|Meowscarada, F, shiny|100\/100\n|turn|9\n|\n|t:|1699488959\n|-formechange|p2a: Aegislash|Aegislash||[from] ability: Stance Change\n|move|p2a: Aegislash|King's Shield|p2a: Aegislash\n|-singleturn|p2a: Aegislash|Protect\n|move|p1a: Meowscarada|Knock Off|p2a: Aegislash\n|-start|p1a: Meowscarada|typechange|Dark|[from] ability: Protean\n|-activate|p2a: Aegislash|move: Protect\n|-unboost|p1a: Meowscarada|atk|1\n|\n|-heal|p2a: Aegislash|59\/100|[from] item: Leftovers\n|upkeep\n|turn|10\n|\n|t:|1699488981\n|move|p1a: Meowscarada|Knock Off|p2a: Aegislash\n|-supereffective|p2a: Aegislash\n|-damage|p2a: Aegislash|18\/100\n|-enditem|p2a: Aegislash|Leftovers|[from] move: Knock Off|[of] p1a: Meowscarada\n|-formechange|p2a: Aegislash|Aegislash-Blade||[from] ability: Stance Change\n|move|p2a: Aegislash|Close Combat|p1a: Meowscarada\n|-supereffective|p1a: Meowscarada\n|-damage|p1a: Meowscarada|0 fnt\n|-unboost|p2a: Aegislash|def|1\n|-unboost|p2a: Aegislash|spd|1\n|faint|p1a: Meowscarada\n|\n|upkeep\n|\n|t:|1699488993\n|switch|p1a: Blastoise|Blastoise, F, shiny|100\/100\n|turn|11\n|\n|t:|1699488998\n|detailschange|p1a: Blastoise|Blastoise-Mega, F, shiny\n|-mega|p1a: Blastoise|Blastoise|Blastoisinite\n|move|p1a: Blastoise|Shell Smash|p1a: Blastoise\n|-unboost|p1a: Blastoise|def|1\n|-unboost|p1a: Blastoise|spd|1\n|-boost|p1a: Blastoise|atk|2\n|-boost|p1a: Blastoise|spa|2\n|-boost|p1a: Blastoise|spe|2\n|move|p2a: Aegislash|Shadow Claw|p1a: Blastoise\n|-damage|p1a: Blastoise|41\/100\n|\n|upkeep\n|turn|12\n|\n|t:|1699489010\n|move|p1a: Blastoise|Water Pulse|p2a: Aegislash\n|-damage|p2a: Aegislash|0 fnt\n|faint|p2a: Aegislash\n|\n|upkeep\n|\n|t:|1699489022\n|switch|p2a: Rillaboom|Rillaboom, M|100\/100\n|-fieldstart|move: Grassy Terrain|[from] ability: Grassy Surge|[of] p2a: Rillaboom\n|turn|13\n|\n|t:|1699489029\n|switch|p1a: Zacian|Zacian-Crowned, shiny|100\/100\n|-ability|p1a: Zacian|Intrepid Sword|boost\n|-boost|p1a: Zacian|atk|1\n|move|p2a: Rillaboom|Grassy Glide|p1a: Zacian\n|-resisted|p1a: Zacian\n|-damage|p1a: Zacian|84\/100\n|\n|-heal|p1a: Zacian|90\/100|[from] Grassy Terrain\n|upkeep\n|turn|14\n|\n|t:|1699489044\n|move|p1a: Zacian|Play Rough|p2a: Rillaboom|[miss]\n|-miss|p1a: Zacian|p2a: Rillaboom\n|move|p2a: Rillaboom|Drum Beating|p1a: Zacian\n|-resisted|p1a: Zacian\n|-damage|p1a: Zacian|70\/100\n|-unboost|p1a: Zacian|spe|1\n|\n|-heal|p1a: Zacian|76\/100|[from] Grassy Terrain\n|upkeep\n|turn|15\n|\n|t:|1699489055\n|move|p2a: Rillaboom|Drum Beating|p1a: Zacian\n|-resisted|p1a: Zacian\n|-damage|p1a: Zacian|55\/100\n|-unboost|p1a: Zacian|spe|1\n|move|p1a: Zacian|Play Rough|p2a: Rillaboom\n|-damage|p2a: Rillaboom|18\/100\n|\n|-heal|p2a: Rillaboom|24\/100|[from] Grassy Terrain\n|-heal|p1a: Zacian|61\/100|[from] Grassy Terrain\n|upkeep\n|turn|16\n|\n|t:|1699489066\n|move|p2a: Rillaboom|U-turn|p1a: Zacian\n|-resisted|p1a: Zacian\n|-damage|p1a: Zacian|57\/100\n|\n|t:|1699489070\n|switch|p2a: Palafin|Palafin, M|100\/100|[from] U-turn\n|move|p1a: Zacian|Behemoth Blade|p2a: Palafin\n|-resisted|p2a: Palafin\n|-damage|p2a: Palafin|43\/100\n|\n|-heal|p2a: Palafin|49\/100|[from] Grassy Terrain\n|-heal|p1a: Zacian|63\/100|[from] Grassy Terrain\n|upkeep\n|turn|17\n|\n|t:|1699489088\n|detailschange|p2a: Palafin|Palafin-Hero, M\n|switch|p2a: Pidgeot|Pidgeot-Mega, M|67\/100\n|move|p1a: Zacian|Play Rough|p2a: Pidgeot\n|-damage|p2a: Pidgeot|0 fnt\n|faint|p2a: Pidgeot\n|\n|-heal|p1a: Zacian|69\/100|[from] Grassy Terrain\n|-fieldend|move: Grassy Terrain\n|upkeep\n|\n|t:|1699489096\n|switch|p2a: Slowking|Slowking-Galar, M|100\/100\n|turn|18\n|\n|t:|1699489101\n|-terastallize|p1a: Zacian|Ground\n|move|p1a: Zacian|Tera Blast|p2a: Slowking|[anim] Tera Blast Ground\n|-supereffective|p2a: Slowking\n|-crit|p2a: Slowking\n|-damage|p2a: Slowking|0 fnt\n|faint|p2a: Slowking\n|\n|upkeep\n|\n|t:|1699489108\n|switch|p2a: Rillaboom|Rillaboom, M|24\/100\n|-fieldstart|move: Grassy Terrain|[from] ability: Grassy Surge|[of] p2a: Rillaboom\n|turn|19\n|\n|t:|1699489113\n|switch|p1a: Lunala|Lunala, shiny|100\/100\n|move|p2a: Rillaboom|Drum Beating|p1a: Lunala\n|-damage|p1a: Lunala|76\/100\n|-unboost|p1a: Lunala|spe|1\n|\n|-heal|p2a: Rillaboom|30\/100|[from] Grassy Terrain\n|-heal|p1a: Lunala|82\/100|[from] Grassy Terrain\n|upkeep\n|turn|20\n|\n|t:|1699489128\n|move|p2a: Rillaboom|Drum Beating|p1a: Lunala\n|-damage|p1a: Lunala|39\/100\n|-unboost|p1a: Lunala|spe|1\n|move|p1a: Lunala|Moongeist Beam|p2a: Rillaboom\n|-damage|p2a: Rillaboom|0 fnt\n|faint|p2a: Rillaboom\n|\n|-heal|p1a: Lunala|45\/100|[from] Grassy Terrain\n|upkeep\n|l|\u2606zillygaming\n|player|p1|\n|j|\u2606zillygaming\n|player|p1|zillygaming|ingo\n|\n|t:|1699489143\n|switch|p2a: Xurkitree|Xurkitree|100\/100\n|turn|21\n|\n|t:|1699489149\n|move|p2a: Xurkitree|Thunderbolt|p1a: Lunala\n|-damage|p1a: Lunala|3\/100\n|move|p1a: Lunala|Meteor Beam||[still]\n|-prepare|p1a: Lunala|Meteor Beam\n|-boost|p1a: Lunala|spa|1\n|-enditem|p1a: Lunala|Power Herb\n|-anim|p1a: Lunala|Meteor Beam|p2a: Xurkitree\n|-damage|p2a: Xurkitree|6\/100\n|\n|-heal|p2a: Xurkitree|12\/100|[from] Grassy Terrain\n|-heal|p1a: Lunala|9\/100|[from] Grassy Terrain\n|upkeep\n|turn|22\n|\n|t:|1699489162\n|move|p2a: Xurkitree|Dazzling Gleam|p1a: Lunala\n|-crit|p1a: Lunala\n|-damage|p1a: Lunala|0 fnt\n|faint|p1a: Lunala\n|-ability|p2a: Xurkitree|Beast Boost|boost\n|-boost|p2a: Xurkitree|spa|1\n|\n|-heal|p2a: Xurkitree|18\/100|[from] Grassy Terrain\n|upkeep\n|\n|t:|1699489177\n|switch|p1a: Zacian|Zacian-Crowned, shiny, tera:Ground|69\/100\n|turn|23\n|\n|t:|1699489182\n|move|p1a: Zacian|Play Rough|p2a: Xurkitree\n|-damage|p2a: Xurkitree|0 fnt\n|faint|p2a: Xurkitree\n|\n|-heal|p1a: Zacian|75\/100|[from] Grassy Terrain\n|-fieldend|move: Grassy Terrain\n|upkeep\n|\n|t:|1699489188\n|switch|p2a: Palafin|Palafin-Hero, M|49\/100\n|-activate|p2a: Palafin|ability: Zero to Hero\n|turn|24\n|\n|t:|1699489195\n|-terastallize|p2a: Palafin|Water\n|move|p2a: Palafin|Jet Punch|p1a: Zacian\n|-supereffective|p1a: Zacian\n|-damage|p1a: Zacian|0 fnt\n|faint|p1a: Zacian\n|-damage|p2a: Palafin|39\/100|[from] item: Life Orb\n|\n|upkeep\n|\n|t:|1699489203\n|switch|p1a: Blastoise|Blastoise-Mega, F, shiny|41\/100\n|turn|25\n|\n|t:|1699489212\n|move|p2a: Palafin|Drain Punch|p1a: Blastoise\n|-damage|p1a: Blastoise|1\/100\n|-heal|p2a: Palafin|57\/100|[from] drain|[of] p1a: Blastoise\n|-damage|p2a: Palafin|47\/100|[from] item: Life Orb\n|move|p1a: Blastoise|Dragon Pulse|p2a: Palafin\n|-damage|p2a: Palafin|0 fnt\n|faint|p2a: Palafin\n|\n|win|zillygaming\n|raw|zillygaming's rating: 1184 &rarr; <strong>1206<\/strong><br \/>(+22 for winning)\n|raw|Luigi20000's rating: 1146 &rarr; <strong>1124<\/strong><br \/>(-22 for losing)\n|l|\u2606Luigi20000\n|c|\u2606zillygaming|Gg\n","uploadtime":1699489226,"views":65,"p1id":"zillygaming","p2id":"luigi20000","formatid":"gen9nationaldexubers","rating":1124,"private":0,"password":""}