{"id":"gen9nationaldexubers-1996038776","p1":"rhydon112","p2":"Rhyfinn1.2.1","format":"[Gen 9] National Dex Ubers","log":"|j|\u2606rhydon112\n|j|\u2606Rhyfinn1.2.1\n|t:|1700633516\n|gametype|singles\n|player|p1|rhydon112|1|1017\n|player|p2|Rhyfinn1.2.1|ninjaboy|1040\n|teamsize|p1|6\n|teamsize|p2|6\n|gen|9\n|tier|[Gen 9] National Dex Ubers\n|rated|\n|rule|HP Percentage Mod: HP is shown in percentages\n|rule|Endless Battle Clause: Forcing endless battles is banned\n|rule|OHKO Clause: OHKO moves are banned\n|rule|Evasion Moves Clause: Evasion moves are banned\n|rule|Evasion Items Clause: Evasion items are banned\n|rule|Species Clause: Limit one of each Pok\u00e9mon\n|rule|Sleep Clause Mod: Limit one foe put to sleep\n|rule|Mega Rayquaza Clause: You cannot mega evolve Rayquaza\n|clearpoke\n|poke|p1|Calyrex-Ice|\n|poke|p1|Cresselia, F|\n|poke|p1|Hoopa-Unbound|\n|poke|p1|Latios, M|\n|poke|p1|Spectrier|\n|poke|p1|Heatran, F|\n|poke|p2|Xerneas-*|\n|poke|p2|Marshadow|\n|poke|p2|Groudon|\n|poke|p2|Deoxys-Speed|\n|poke|p2|Necrozma-Dusk-Mane|\n|poke|p2|Pheromosa|\n|teampreview\n|inactive|Battle timer is ON: inactive players will automatically lose when time's up. (requested by Rhyfinn1.2.1)\n|\n|t:|1700633543\n|start\n|switch|p1a: Calyrex|Calyrex-Ice|100\/100\n|switch|p2a: Deoxys|Deoxys-Speed, shiny|100\/100\n|-ability|p1a: Calyrex|As One\n|-ability|p1a: Calyrex|Unnerve\n|-ability|p2a: Deoxys|Pressure\n|turn|1\n|\n|t:|1700633554\n|move|p2a: Deoxys|Taunt|p1a: Calyrex\n|-start|p1a: Calyrex|move: Taunt\n|move|p1a: Calyrex|Glacial Lance|p2a: Deoxys\n|-damage|p2a: Deoxys|23\/100\n|\n|upkeep\n|turn|2\n|\n|t:|1700633564\n|move|p2a: Deoxys|Stealth Rock|p1a: Calyrex\n|-sidestart|p1: rhydon112|move: Stealth Rock\n|move|p1a: Calyrex|Glacial Lance|p2a: Deoxys\n|-damage|p2a: Deoxys|0 fnt\n|faint|p2a: Deoxys\n|-ability|p1a: Calyrex|Chilling Neigh|boost\n|-boost|p1a: Calyrex|atk|1\n|\n|upkeep\n|\n|t:|1700633571\n|switch|p2a: Groudon|Groudon, shiny|100\/100\n|detailschange|p2a: Groudon|Groudon-Primal, shiny\n|-primal|p2a: Groudon|Red Orb\n|-weather|DesolateLand|[from] ability: Desolate Land|[of] p2a: Groudon\n|turn|3\n|\n|t:|1700633584\n|move|p2a: Groudon|Flamethrower|p1a: Calyrex\n|-supereffective|p1a: Calyrex\n|-damage|p1a: Calyrex|0 fnt\n|faint|p1a: Calyrex\n|\n|-weather|DesolateLand|[upkeep]\n|upkeep\n|\n|t:|1700633594\n|switch|p1a: Latios|Latios, M|100\/100\n|-damage|p1a: Latios|88\/100|[from] Stealth Rock\n|turn|4\n|\n|t:|1700633602\n|-weather|none\n|switch|p2a: Necrozma|Necrozma-Dusk-Mane, shiny|100\/100\n|move|p1a: Latios|Defog|p2a: Necrozma\n|-unboost|p2a: Necrozma|evasion|1\n|-sideend|p1: rhydon112|Stealth Rock|[from] move: Defog|[of] p1a: Latios\n|\n|upkeep\n|turn|5\n|\n|t:|1700633614\n|move|p1a: Latios|Calm Mind|p1a: Latios\n|-boost|p1a: Latios|spa|1\n|-boost|p1a: Latios|spd|1\n|move|p2a: Necrozma|Dragon Dance|p2a: Necrozma\n|-boost|p2a: Necrozma|atk|1\n|-boost|p2a: Necrozma|spe|1\n|\n|upkeep\n|turn|6\n|\n|t:|1700633622\n|move|p2a: Necrozma|Dragon Dance|p2a: Necrozma\n|-boost|p2a: Necrozma|atk|1\n|-boost|p2a: Necrozma|spe|1\n|move|p1a: Latios|Aura Sphere|p2a: Necrozma\n|-damage|p2a: Necrozma|63\/100\n|\n|upkeep\n|turn|7\n|\n|t:|1700633631\n|detailschange|p2a: Necrozma|Necrozma-Ultra, shiny\n|-burst|p2a: Necrozma|Necrozma|Ultranecrozium Z\n|detailschange|p1a: Latios|Latios-Mega, M\n|-mega|p1a: Latios|Latios|Latiosite\n|move|p2a: Necrozma|Sunsteel Strike|p1a: Latios\n|-damage|p1a: Latios|1\/100\n|move|p1a: Latios|Aura Sphere|p2a: Necrozma\n|-resisted|p2a: Necrozma\n|-damage|p2a: Necrozma|36\/100\n|\n|upkeep\n|turn|8\n|\n|t:|1700633644\n|switch|p1a: Heatran|Heatran, F|100\/100\n|move|p2a: Necrozma|Photon Geyser|p1a: Heatran\n|-resisted|p1a: Heatran\n|-damage|p1a: Heatran|52\/100\n|\n|-heal|p1a: Heatran|58\/100|[from] item: Leftovers\n|upkeep\n|turn|9\n|\n|t:|1700633657\n|move|p2a: Necrozma|Earthquake|p1a: Heatran\n|-supereffective|p1a: Heatran\n|-damage|p1a: Heatran|0 fnt\n|faint|p1a: Heatran\n|\n|upkeep\n|-message|rhydon112 forfeited.\n|\n|win|Rhyfinn1.2.1\n|raw|rhydon112's rating: 1017 &rarr; <strong>1005<\/strong><br \/>(-12 for losing)\n|raw|Rhyfinn1.2.1's rating: 1040 &rarr; <strong>1072<\/strong><br \/>(+32 for winning)\n|l|\u2606rhydon112\n","uploadtime":1700633664,"views":0,"p1id":"rhydon112","p2id":"rhyfinn121","formatid":"gen9nationaldexubers","rating":1005,"private":0,"password":""}