{"id":"gen9nationaldexubers-1995646050","p1":"LTitan9","p2":"catomic756","format":"[Gen 9] National Dex Ubers","log":"|j|\u2606LTitan9\n|j|\u2606catomic756\n|t:|1700590418\n|gametype|singles\n|player|p1|LTitan9|acetrainer|1469\n|player|p2|catomic756|cynthia-gen4|1495\n|teamsize|p1|6\n|teamsize|p2|6\n|gen|9\n|tier|[Gen 9] National Dex Ubers\n|rated|\n|rule|HP Percentage Mod: HP is shown in percentages\n|rule|Endless Battle Clause: Forcing endless battles is banned\n|rule|OHKO Clause: OHKO moves are banned\n|rule|Evasion Moves Clause: Evasion moves are banned\n|rule|Evasion Items Clause: Evasion items are banned\n|rule|Species Clause: Limit one of each Pok\u00e9mon\n|rule|Sleep Clause Mod: Limit one foe put to sleep\n|rule|Mega Rayquaza Clause: You cannot mega evolve Rayquaza\n|clearpoke\n|poke|p1|Necrozma-Dusk-Mane|\n|poke|p1|Arceus|\n|poke|p1|Ho-Oh|\n|poke|p1|Yveltal|\n|poke|p1|Mewtwo|\n|poke|p1|Groudon|\n|poke|p2|Salamence, F|\n|poke|p2|Arceus-Grass|\n|poke|p2|Groudon|\n|poke|p2|Necrozma-Dawn-Wings|\n|poke|p2|Zacian-*|\n|poke|p2|Zygarde|\n|teampreview\n|inactive|Battle timer is ON: inactive players will automatically lose when time's up. (requested by catomic756)\n|\n|t:|1700590421\n|start\n|switch|p1a: Groudon|Groudon|100\/100\n|switch|p2a: Groudon|Groudon, shiny|100\/100\n|detailschange|p1a: Groudon|Groudon-Primal\n|-primal|p1a: Groudon|Red Orb\n|-weather|DesolateLand|[from] ability: Desolate Land|[of] p1a: Groudon\n|detailschange|p2a: Groudon|Groudon-Primal, shiny\n|-primal|p2a: Groudon|Red Orb\n|turn|1\n|\n|t:|1700590426\n|move|p1a: Groudon|Precipice Blades|p2a: Groudon\n|-supereffective|p2a: Groudon\n|-damage|p2a: Groudon|5\/100\n|move|p2a: Groudon|Earthquake|p1a: Groudon\n|-supereffective|p1a: Groudon\n|-damage|p1a: Groudon|10\/100\n|\n|-weather|DesolateLand|[upkeep]\n|upkeep\n|turn|2\n|\n|t:|1700590432\n|move|p1a: Groudon|Stealth Rock|p2a: Groudon\n|-sidestart|p2: catomic756|move: Stealth Rock\n|move|p2a: Groudon|Earthquake|p1a: Groudon\n|-supereffective|p1a: Groudon\n|-damage|p1a: Groudon|0 fnt\n|faint|p1a: Groudon\n|\n|-weather|DesolateLand|[upkeep]\n|upkeep\n|\n|t:|1700590440\n|switch|p1a: Mewtwo|Mewtwo|100\/100\n|-ability|p1a: Mewtwo|Pressure\n|turn|3\n|j| Soyeon is a cutie\n|\n|t:|1700590449\n|detailschange|p1a: Mewtwo|Mewtwo-Mega-Y\n|-mega|p1a: Mewtwo|Mewtwo|Mewtwonite Y\n|move|p1a: Mewtwo|Fire Blast|p2a: Groudon\n|-resisted|p2a: Groudon\n|-damage|p2a: Groudon|0 fnt\n|faint|p2a: Groudon\n|-weather|none\n|\n|upkeep\n|\n|t:|1700590463\n|switch|p2a: Necrozma|Necrozma-Dawn-Wings|100\/100\n|-damage|p2a: Necrozma|88\/100|[from] Stealth Rock\n|turn|4\n|\n|t:|1700590466\n|switch|p1a: Yveltal|Yveltal|100\/100\n|-ability|p1a: Yveltal|Dark Aura\n|move|p2a: Necrozma|Moongeist Beam|p1a: Yveltal\n|-resisted|p1a: Yveltal\n|-damage|p1a: Yveltal|74\/100\n|\n|upkeep\n|turn|5\n|\n|t:|1700590478\n|switch|p2a: Zacian|Zacian-Crowned, shiny|100\/100\n|-damage|p2a: Zacian|94\/100|[from] Stealth Rock\n|-ability|p2a: Zacian|Intrepid Sword|boost\n|-boost|p2a: Zacian|atk|1\n|move|p1a: Yveltal|Taunt|p2a: Zacian\n|-start|p2a: Zacian|move: Taunt\n|\n|upkeep\n|turn|6\n|\n|t:|1700590483\n|switch|p1a: Ho-Oh|Ho-Oh|100\/100\n|move|p2a: Zacian|Play Rough|p1a: Ho-Oh\n|-resisted|p1a: Ho-Oh\n|-damage|p1a: Ho-Oh|64\/100\n|\n|upkeep\n|turn|7\n|\n|t:|1700590488\n|switch|p2a: Zygarde|Zygarde, shiny|100\/100\n|-damage|p2a: Zygarde|94\/100|[from] Stealth Rock\n|move|p1a: Ho-Oh|Sacred Fire|p2a: Zygarde\n|-resisted|p2a: Zygarde\n|-damage|p2a: Zygarde|77\/100\n|\n|-heal|p2a: Zygarde|83\/100|[from] item: Leftovers\n|upkeep\n|turn|8\n|\n|t:|1700590493\n|switch|p1a: Mewtwo|Mewtwo-Mega-Y|100\/100\n|move|p2a: Zygarde|Thousand Arrows|p1a: Mewtwo\n|-damage|p1a: Mewtwo|55\/100\n|\n|-heal|p2a: Zygarde|89\/100|[from] item: Leftovers\n|upkeep\n|turn|9\n|\n|t:|1700590504\n|move|p1a: Mewtwo|Ice Beam|p2a: Zygarde\n|-supereffective|p2a: Zygarde\n|-damage|p2a: Zygarde|0 fnt\n|faint|p2a: Zygarde\n|\n|upkeep\n|\n|t:|1700590508\n|switch|p2a: Necrozma|Necrozma-Dawn-Wings|88\/100\n|-damage|p2a: Necrozma|75\/100|[from] Stealth Rock\n|turn|10\n|\n|t:|1700590513\n|switch|p1a: Yveltal|Yveltal|74\/100\n|-ability|p1a: Yveltal|Dark Aura\n|detailschange|p2a: Necrozma|Necrozma-Ultra\n|-burst|p2a: Necrozma|Necrozma|Ultranecrozium Z\n|move|p2a: Necrozma|Dragon Pulse|p1a: Yveltal\n|-damage|p1a: Yveltal|20\/100\n|\n|upkeep\n|turn|11\n|\n|t:|1700590521\n|move|p1a: Yveltal|Sucker Punch|p2a: Necrozma\n|-supereffective|p2a: Necrozma\n|-damage|p2a: Necrozma|0 fnt\n|faint|p2a: Necrozma\n|-damage|p1a: Yveltal|10\/100|[from] item: Life Orb\n|\n|upkeep\n|\n|t:|1700590524\n|switch|p2a: Zacian|Zacian-Crowned, shiny|94\/100\n|-damage|p2a: Zacian|88\/100|[from] Stealth Rock\n|turn|12\n|\n|t:|1700590532\n|move|p1a: Yveltal|Sucker Punch|p2a: Zacian\n|-resisted|p2a: Zacian\n|-damage|p2a: Zacian|65\/100\n|-damage|p1a: Yveltal|0 fnt|[from] item: Life Orb\n|faint|p1a: Yveltal\n|move|p2a: Zacian|Behemoth Blade|p1: Yveltal|[notarget]\n|-fail|p2a: Zacian\n|\n|upkeep\n|\n|t:|1700590536\n|switch|p1a: Ho-Oh|Ho-Oh|97\/100\n|turn|13\n|\n|t:|1700590539\n|switch|p2a: Arceus|Arceus-Grass|100\/100\n|-damage|p2a: Arceus|88\/100|[from] Stealth Rock\n|move|p1a: Ho-Oh|Sacred Fire|p2a: Arceus\n|-supereffective|p2a: Arceus\n|-damage|p2a: Arceus|14\/100\n|-status|p2a: Arceus|brn\n|\n|-damage|p2a: Arceus|8\/100 brn|[from] brn\n|upkeep\n|turn|14\n|\n|t:|1700590547\n|move|p2a: Arceus|Recover|p2a: Arceus\n|-heal|p2a: Arceus|58\/100 brn\n|move|p1a: Ho-Oh|Earthquake|p2a: Arceus\n|-resisted|p2a: Arceus\n|-damage|p2a: Arceus|47\/100 brn\n|\n|-damage|p2a: Arceus|41\/100 brn|[from] brn\n|upkeep\n|turn|15\n|\n|t:|1700590554\n|-terastallize|p2a: Arceus|Water\n|move|p2a: Arceus|Recover|p2a: Arceus\n|-heal|p2a: Arceus|91\/100 brn\n|move|p1a: Ho-Oh|Brave Bird|p2a: Arceus\n|-damage|p2a: Arceus|50\/100 brn\n|-damage|p1a: Ho-Oh|85\/100|[from] Recoil\n|\n|-damage|p2a: Arceus|44\/100 brn|[from] brn\n|upkeep\n|turn|16\n|\n|t:|1700590560\n|move|p2a: Arceus|Recover|p2a: Arceus\n|-heal|p2a: Arceus|94\/100 brn\n|move|p1a: Ho-Oh|Brave Bird|p2a: Arceus\n|-damage|p2a: Arceus|48\/100 brn\n|-damage|p1a: Ho-Oh|71\/100|[from] Recoil\n|\n|-damage|p2a: Arceus|42\/100 brn|[from] brn\n|upkeep\n|turn|17\n|\n|t:|1700590565\n|switch|p1a: Mewtwo|Mewtwo-Mega-Y|55\/100\n|move|p2a: Arceus|Recover|p2a: Arceus\n|-heal|p2a: Arceus|92\/100 brn\n|\n|-damage|p2a: Arceus|86\/100 brn|[from] brn\n|upkeep\n|turn|18\n|\n|t:|1700590569\n|move|p1a: Mewtwo|Nasty Plot|p1a: Mewtwo\n|-boost|p1a: Mewtwo|spa|2\n|move|p2a: Arceus|Cosmic Power|p2a: Arceus\n|-boost|p2a: Arceus|def|1\n|-boost|p2a: Arceus|spd|1\n|\n|-damage|p2a: Arceus|80\/100 brn|[from] brn\n|upkeep\n|turn|19\n|\n|t:|1700590573\n|move|p1a: Mewtwo|Psystrike|p2a: Arceus\n|-damage|p2a: Arceus|21\/100 brn\n|move|p2a: Arceus|Cosmic Power|p2a: Arceus\n|-boost|p2a: Arceus|def|1\n|-boost|p2a: Arceus|spd|1\n|\n|-damage|p2a: Arceus|15\/100 brn|[from] brn\n|upkeep\n|turn|20\n|\n|t:|1700590576\n|move|p1a: Mewtwo|Psystrike|p2a: Arceus\n|-damage|p2a: Arceus|0 fnt\n|faint|p2a: Arceus\n|\n|upkeep\n|\n|t:|1700590579\n|switch|p2a: Zacian|Zacian-Crowned, shiny|65\/100\n|-damage|p2a: Zacian|59\/100|[from] Stealth Rock\n|turn|21\n|\n|t:|1700590587\n|move|p1a: Mewtwo|Fire Blast|p2a: Zacian|[miss]\n|-miss|p1a: Mewtwo|p2a: Zacian\n|move|p2a: Zacian|Behemoth Blade|p1a: Mewtwo\n|-damage|p1a: Mewtwo|0 fnt\n|faint|p1a: Mewtwo\n|\n|upkeep\n|j| Death of Mimikyu\n|\n|t:|1700590597\n|switch|p1a: Necrozma|Necrozma-Dusk-Mane|100\/100\n|turn|22\n|\n|t:|1700590599\n|move|p2a: Zacian|Close Combat|p1a: Necrozma\n|-damage|p1a: Necrozma|55\/100\n|-unboost|p2a: Zacian|def|1\n|-unboost|p2a: Zacian|spd|1\n|move|p1a: Necrozma|Dragon Dance|p1a: Necrozma\n|-boost|p1a: Necrozma|atk|1\n|-boost|p1a: Necrozma|spe|1\n|\n|upkeep\n|turn|23\n|\n|t:|1700590607\n|move|p1a: Necrozma|Earthquake|p2a: Zacian\n|-supereffective|p2a: Zacian\n|-damage|p2a: Zacian|0 fnt\n|faint|p2a: Zacian\n|\n|upkeep\n|inactive|catomic756 has 120 seconds left.\n|inactive|catomic756 has 90 seconds left.\n|\n|t:|1700590676\n|switch|p2a: Salamence|Salamence, F, shiny|100\/100\n|-damage|p2a: Salamence|75\/100|[from] Stealth Rock\n|-ability|p2a: Salamence|Intimidate|boost\n|-unboost|p1a: Necrozma|atk|1\n|turn|24\n|\n|t:|1700590692\n|detailschange|p1a: Necrozma|Necrozma-Ultra\n|-burst|p1a: Necrozma|Necrozma|Ultranecrozium Z\n|detailschange|p2a: Salamence|Salamence-Mega, F, shiny\n|-mega|p2a: Salamence|Salamence|Salamencite\n|move|p1a: Necrozma|Photon Geyser|p2a: Salamence\n|-damage|p2a: Salamence|28\/100\n|move|p2a: Salamence|Dragon Dance|p2a: Salamence\n|-boost|p2a: Salamence|atk|1\n|-boost|p2a: Salamence|spe|1\n|\n|upkeep\n|turn|25\n|inactive|catomic756 has 90 seconds left.\n|c|\u2606LTitan9|gg\n|\n|t:|1700590712\n|-zpower|p1a: Necrozma\n|move|p1a: Necrozma|Light That Burns the Sky|p2a: Salamence|[zeffect]\n|-damage|p2a: Salamence|0 fnt\n|faint|p2a: Salamence\n|\n|win|LTitan9\n|raw|LTitan9's rating: 1469 &rarr; <strong>1490<\/strong><br \/>(+21 for winning)\n|raw|catomic756's rating: 1495 &rarr; <strong>1474<\/strong><br \/>(-21 for losing)\n|l|\u2606catomic756\n|l| Soyeon is a cutie\n","uploadtime":1700590726,"views":2,"p1id":"ltitan9","p2id":"catomic756","formatid":"gen9nationaldexubers","rating":1474,"private":0,"password":""}