{"id":"gen9nationaldexubers-1985792539","p1":"mo447","p2":"npcovo","format":"[Gen 9] National Dex Ubers","log":"|j|\u2606mo447\n|j|\u2606npcovo\n|t:|1699406672\n|gametype|singles\n|player|p1|mo447|klara|1503\n|player|p2|npcovo|adaman|1418\n|teamsize|p1|6\n|teamsize|p2|6\n|gen|9\n|tier|[Gen 9] National Dex Ubers\n|rated|\n|rule|HP Percentage Mod: HP is shown in percentages\n|rule|Endless Battle Clause: Forcing endless battles is banned\n|rule|OHKO Clause: OHKO moves are banned\n|rule|Evasion Moves Clause: Evasion moves are banned\n|rule|Evasion Items Clause: Evasion items are banned\n|rule|Species Clause: Limit one of each Pok\u00e9mon\n|rule|Sleep Clause Mod: Limit one foe put to sleep\n|rule|Mega Rayquaza Clause: You cannot mega evolve Rayquaza\n|clearpoke\n|poke|p1|Tapu Lele|\n|poke|p1|Mewtwo|\n|poke|p1|Sneasler, M|\n|poke|p1|Arceus-Dark|\n|poke|p1|Zacian-*|\n|poke|p1|Xerneas-*|\n|poke|p2|Glimmora, M|\n|poke|p2|Giratina-Origin|\n|poke|p2|Xerneas-*|\n|poke|p2|Arceus-Dark|\n|poke|p2|Groudon|\n|poke|p2|Necrozma-Dusk-Mane|\n|teampreview\n|inactive|Battle timer is ON: inactive players will automatically lose when time's up. (requested by mo447)\n|\n|t:|1699406680\n|start\n|switch|p1a: Tapu Lele|Tapu Lele|100\/100\n|switch|p2a: Glimmora|Glimmora, M|100\/100\n|-fieldstart|move: Psychic Terrain|[from] ability: Psychic Surge|[of] p1a: Tapu Lele\n|turn|1\n|\n|t:|1699406685\n|move|p1a: Tapu Lele|Taunt|p2a: Glimmora\n|-start|p2a: Glimmora|move: Taunt\n|cant|p2a: Glimmora|move: Taunt|Spikes\n|\n|upkeep\n|turn|2\n|\n|t:|1699406700\n|switch|p1a: Zacian|Zacian-Crowned|100\/100\n|-ability|p1a: Zacian|Intrepid Sword|boost\n|-boost|p1a: Zacian|atk|1\n|switch|p2a: Arceus|Arceus-Dark|100\/100\n|\n|upkeep\n|turn|3\n|\n|t:|1699406713\n|switch|p2a: Giratina|Giratina-Origin|100\/100\n|move|p1a: Zacian|Swords Dance|p1a: Zacian\n|-boost|p1a: Zacian|atk|2\n|\n|upkeep\n|turn|4\n|\n|t:|1699406721\n|-terastallize|p2a: Giratina|Steel\n|move|p1a: Zacian|Play Rough|p2a: Giratina\n|-resisted|p2a: Giratina\n|-damage|p2a: Giratina|67\/100\n|move|p2a: Giratina|Roar|p1a: Zacian\n|drag|p1a: Tapu Lele|Tapu Lele|100\/100\n|\n|upkeep\n|turn|5\n|\n|t:|1699406733\n|switch|p2a: Necrozma|Necrozma-Dusk-Mane|100\/100\n|move|p1a: Tapu Lele|Taunt|p2a: Necrozma\n|-start|p2a: Necrozma|move: Taunt\n|\n|upkeep\n|turn|6\n|\n|t:|1699406747\n|switch|p1a: Arceus|Arceus-Dark|100\/100\n|move|p2a: Necrozma|Sunsteel Strike|p1a: Arceus\n|-damage|p1a: Arceus|55\/100\n|\n|upkeep\n|turn|7\n|\n|t:|1699406756\n|switch|p2a: Xerneas|Xerneas, shiny|100\/100\n|-ability|p2a: Xerneas|Fairy Aura\n|move|p1a: Arceus|Earthquake|p2a: Xerneas\n|-damage|p2a: Xerneas|75\/100\n|\n|upkeep\n|turn|8\n|\n|t:|1699406773\n|move|p1a: Arceus|Healing Wish|p1a: Arceus\n|faint|p1a: Arceus\n|move|p2a: Xerneas|Moonblast|p1: Arceus|[notarget]\n|-fail|p2a: Xerneas\n|\n|-fieldend|move: Psychic Terrain\n|upkeep\n|\n|t:|1699406779\n|switch|p1a: Tapu Lele|Tapu Lele|100\/100\n|-fieldstart|move: Psychic Terrain|[from] ability: Psychic Surge|[of] p1a: Tapu Lele\n|turn|9\n|\n|t:|1699406786\n|switch|p2a: Necrozma|Necrozma-Dusk-Mane|100\/100\n|move|p1a: Tapu Lele|Taunt|p2a: Necrozma\n|-start|p2a: Necrozma|move: Taunt\n|\n|upkeep\n|turn|10\n|\n|t:|1699406810\n|switch|p1a: Xerneas|Xerneas|100\/100\n|-ability|p1a: Xerneas|Fairy Aura\n|move|p2a: Necrozma|Sunsteel Strike|p1a: Xerneas\n|-supereffective|p1a: Xerneas\n|-damage|p1a: Xerneas|0 fnt\n|faint|p1a: Xerneas\n|\n|upkeep\n|\n|t:|1699406821\n|switch|p1a: Mewtwo|Mewtwo|100\/100\n|-ability|p1a: Mewtwo|Unnerve\n|turn|11\n|\n|t:|1699406829\n|detailschange|p1a: Mewtwo|Mewtwo-Mega-Y\n|-mega|p1a: Mewtwo|Mewtwo|Mewtwonite Y\n|move|p1a: Mewtwo|Earth Power|p2a: Necrozma\n|-supereffective|p2a: Necrozma\n|-damage|p2a: Necrozma|31\/100\n|move|p2a: Necrozma|Sunsteel Strike|p1a: Mewtwo\n|-damage|p1a: Mewtwo|26\/100\n|\n|-end|p2a: Necrozma|move: Taunt\n|upkeep\n|turn|12\n|\n|t:|1699406843\n|switch|p2a: Giratina|Giratina-Origin, tera:Steel|67\/100\n|move|p1a: Mewtwo|Recover|p1a: Mewtwo\n|-heal|p1a: Mewtwo|76\/100\n|\n|upkeep\n|turn|13\n|\n|t:|1699406860\n|switch|p2a: Arceus|Arceus-Dark|100\/100\n|move|p1a: Mewtwo|Earth Power|p2a: Arceus\n|-damage|p2a: Arceus|68\/100\n|\n|upkeep\n|turn|14\n|\n|t:|1699406870\n|switch|p1a: Zacian|Zacian-Crowned|100\/100\n|move|p2a: Arceus|Judgment|p1a: Zacian\n|-resisted|p1a: Zacian\n|-damage|p1a: Zacian|69\/100\n|\n|upkeep\n|turn|15\n|\n|t:|1699406877\n|switch|p2a: Giratina|Giratina-Origin, tera:Steel|67\/100\n|move|p1a: Zacian|Play Rough|p2a: Giratina\n|-resisted|p2a: Giratina\n|-damage|p2a: Giratina|54\/100\n|\n|upkeep\n|turn|16\n|\n|t:|1699406884\n|move|p1a: Zacian|Close Combat|p2a: Giratina\n|-supereffective|p2a: Giratina\n|-damage|p2a: Giratina|2\/100\n|-unboost|p1a: Zacian|def|1\n|-unboost|p1a: Zacian|spd|1\n|move|p2a: Giratina|Will-O-Wisp|p1a: Zacian\n|-status|p1a: Zacian|brn\n|\n|-damage|p1a: Zacian|63\/100 brn|[from] brn\n|-fieldend|move: Psychic Terrain\n|upkeep\n|turn|17\n|\n|t:|1699406893\n|move|p2a: Giratina|Shadow Sneak|p1a: Zacian\n|-damage|p1a: Zacian|32\/100 brn\n|move|p1a: Zacian|Play Rough|p2a: Giratina\n|-resisted|p2a: Giratina\n|-damage|p2a: Giratina|0 fnt\n|faint|p2a: Giratina\n|\n|-damage|p1a: Zacian|26\/100 brn|[from] brn\n|upkeep\n|\n|t:|1699406896\n|switch|p2a: Glimmora|Glimmora, M|100\/100\n|turn|18\n|\n|t:|1699406905\n|switch|p1a: Mewtwo|Mewtwo-Mega-Y|76\/100\n|-heal|p1a: Mewtwo|100\/100|[from] move: Healing Wish\n|move|p2a: Glimmora|Spikes|p1a: Mewtwo\n|-sidestart|p1: mo447|Spikes\n|\n|upkeep\n|turn|19\n|\n|t:|1699406919\n|move|p1a: Mewtwo|Earth Power|p2a: Glimmora\n|-supereffective|p2a: Glimmora\n|-enditem|p2a: Glimmora|Focus Sash\n|-damage|p2a: Glimmora|1\/100\n|move|p2a: Glimmora|Spikes|p1a: Mewtwo\n|-sidestart|p1: mo447|Spikes\n|\n|upkeep\n|turn|20\n|\n|t:|1699406937\n|move|p1a: Mewtwo|Expanding Force|p2a: Glimmora\n|-supereffective|p2a: Glimmora\n|-damage|p2a: Glimmora|0 fnt\n|faint|p2a: Glimmora\n|\n|upkeep\n|l|\u2606npcovo\n|inactive|npcovo disconnected and has a minute to reconnect!\n|player|p2|\n|j|\u2606npcovo\n|inactive|npcovo reconnected and has 120 seconds left.\n|player|p2|npcovo|adaman\n|\n|t:|1699406980\n|switch|p2a: Groudon|Groudon|100\/100\n|detailschange|p2a: Groudon|Groudon-Primal\n|-primal|p2a: Groudon|Red Orb\n|-weather|DesolateLand|[from] ability: Desolate Land|[of] p2a: Groudon\n|turn|21\n|\n|t:|1699406987\n|move|p1a: Mewtwo|Earth Power|p2a: Groudon\n|-supereffective|p2a: Groudon\n|-damage|p2a: Groudon|0 fnt\n|faint|p2a: Groudon\n|-weather|none\n|\n|upkeep\n|inactive|npcovo has 120 seconds left.\n|\n|t:|1699406996\n|switch|p2a: Arceus|Arceus-Dark|68\/100\n|turn|22\n|\n|t:|1699407004\n|switch|p1a: Tapu Lele|Tapu Lele|100\/100\n|-damage|p1a: Tapu Lele|84\/100|[from] Spikes\n|-fieldstart|move: Psychic Terrain|[from] ability: Psychic Surge|[of] p1a: Tapu Lele\n|move|p2a: Arceus|Judgment|p1a: Tapu Lele\n|-damage|p1a: Tapu Lele|15\/100\n|\n|upkeep\n|turn|23\n|\n|t:|1699407019\n|move|p2a: Arceus|Calm Mind|p2a: Arceus\n|-boost|p2a: Arceus|spa|1\n|-boost|p2a: Arceus|spd|1\n|move|p1a: Tapu Lele|Moonblast|p2a: Arceus\n|-supereffective|p2a: Arceus\n|-damage|p2a: Arceus|12\/100\n|\n|upkeep\n|turn|24\n|\n|t:|1699407024\n|move|p2a: Arceus|Recover|p2a: Arceus\n|-heal|p2a: Arceus|62\/100\n|move|p1a: Tapu Lele|Moonblast|p2a: Arceus\n|-supereffective|p2a: Arceus\n|-damage|p2a: Arceus|10\/100\n|\n|upkeep\n|turn|25\n|\n|t:|1699407031\n|move|p2a: Arceus|Recover|p2a: Arceus\n|-heal|p2a: Arceus|60\/100\n|move|p1a: Tapu Lele|Moonblast|p2a: Arceus\n|-supereffective|p2a: Arceus\n|-damage|p2a: Arceus|5\/100\n|-unboost|p2a: Arceus|spa|1\n|\n|upkeep\n|turn|26\n|\n|t:|1699407034\n|move|p2a: Arceus|Recover|p2a: Arceus\n|-heal|p2a: Arceus|55\/100\n|move|p1a: Tapu Lele|Moonblast|p2a: Arceus\n|-supereffective|p2a: Arceus\n|-damage|p2a: Arceus|3\/100\n|-unboost|p2a: Arceus|spa|1\n|\n|upkeep\n|turn|27\n|\n|t:|1699407039\n|move|p2a: Arceus|Recover|p2a: Arceus\n|-heal|p2a: Arceus|53\/100\n|move|p1a: Tapu Lele|Moonblast|p2a: Arceus\n|-supereffective|p2a: Arceus\n|-damage|p2a: Arceus|4\/100\n|-unboost|p2a: Arceus|spa|1\n|\n|upkeep\n|turn|28\n|\n|t:|1699407044\n|move|p2a: Arceus|Recover|p2a: Arceus\n|-heal|p2a: Arceus|54\/100\n|move|p1a: Tapu Lele|Taunt|p2a: Arceus\n|-start|p2a: Arceus|move: Taunt\n|\n|upkeep\n|turn|29\n|\n|t:|1699407049\n|move|p2a: Arceus|Judgment|p1a: Tapu Lele\n|-damage|p1a: Tapu Lele|0 fnt\n|faint|p1a: Tapu Lele\n|\n|-fieldend|move: Psychic Terrain\n|upkeep\n|\n|t:|1699407057\n|switch|p1a: Zacian|Zacian-Crowned|26\/100 brn\n|-damage|p1a: Zacian|10\/100 brn|[from] Spikes\n|turn|30\n|\n|t:|1699407063\n|move|p1a: Zacian|Play Rough|p2a: Arceus|[miss]\n|-miss|p1a: Zacian|p2a: Arceus\n|move|p2a: Arceus|Judgment|p1a: Zacian\n|-resisted|p1a: Zacian\n|-damage|p1a: Zacian|0 fnt\n|faint|p1a: Zacian\n|\n|upkeep\n|\n|t:|1699407070\n|switch|p1a: Sneasler|Sneasler, M|100\/100\n|-damage|p1a: Sneasler|84\/100|[from] Spikes\n|turn|31\n|\n|t:|1699407075\n|move|p1a: Sneasler|Close Combat|p2a: Arceus\n|-supereffective|p2a: Arceus\n|-damage|p2a: Arceus|0 fnt\n|-unboost|p1a: Sneasler|def|1\n|-unboost|p1a: Sneasler|spd|1\n|faint|p2a: Arceus\n|\n|upkeep\n|\n|t:|1699407081\n|switch|p2a: Necrozma|Necrozma-Dusk-Mane|31\/100\n|turn|32\n|\n|t:|1699407101\n|detailschange|p2a: Necrozma|Necrozma-Ultra\n|-burst|p2a: Necrozma|Necrozma|Ultranecrozium Z\n|-terastallize|p1a: Sneasler|Poison\n|move|p2a: Necrozma|Dragon Dance|p2a: Necrozma\n|-boost|p2a: Necrozma|atk|1\n|-boost|p2a: Necrozma|spe|1\n|move|p1a: Sneasler|Close Combat|p2a: Necrozma\n|-resisted|p2a: Necrozma\n|-damage|p2a: Necrozma|0 fnt\n|-unboost|p1a: Sneasler|def|1\n|-unboost|p1a: Sneasler|spd|1\n|faint|p2a: Necrozma\n|\n|upkeep\n|\n|t:|1699407117\n|switch|p2a: Xerneas|Xerneas, shiny|75\/100\n|-ability|p2a: Xerneas|Fairy Aura\n|turn|33\n|\n|t:|1699407122\n|move|p1a: Sneasler|Gunk Shot|p2a: Xerneas\n|-supereffective|p2a: Xerneas\n|-damage|p2a: Xerneas|0 fnt\n|faint|p2a: Xerneas\n|\n|win|mo447\n|raw|mo447's rating: 1503 &rarr; <strong>1519<\/strong><br \/>(+16 for winning)\n|raw|npcovo's rating: 1441 &rarr; <strong>1425<\/strong><br \/>(-16 for losing)\n|l|\u2606npcovo\n","uploadtime":1699407129,"views":6,"p1id":"mo447","p2id":"npcovo","formatid":"gen9nationaldexubers","rating":1425,"private":0,"password":""}