{"id":"gen9nationaldexubers-1990018216","p1":"leohg","p2":"R0n-McD0n","format":"[Gen 9] National Dex Ubers","log":"|j|\u2606leohg\n|j|\u2606R0n-McD0n\n|t:|1699915863\n|gametype|singles\n|player|p1|leohg|dawn|1050\n|player|p2|R0n-McD0n|will|1067\n|teamsize|p1|6\n|teamsize|p2|6\n|gen|9\n|tier|[Gen 9] National Dex Ubers\n|rated|\n|rule|HP Percentage Mod: HP is shown in percentages\n|rule|Endless Battle Clause: Forcing endless battles is banned\n|rule|OHKO Clause: OHKO moves are banned\n|rule|Evasion Moves Clause: Evasion moves are banned\n|rule|Evasion Items Clause: Evasion items are banned\n|rule|Species Clause: Limit one of each Pok\u00e9mon\n|rule|Sleep Clause Mod: Limit one foe put to sleep\n|rule|Mega Rayquaza Clause: You cannot mega evolve Rayquaza\n|clearpoke\n|poke|p1|Landorus-Therian, M|\n|poke|p1|Thundurus-Therian, M|\n|poke|p1|Tornadus-Therian, M|\n|poke|p1|Volcanion|\n|poke|p1|Yveltal|\n|poke|p1|Xerneas-*|\n|poke|p2|Clodsire, M|\n|poke|p2|Cloyster, F|\n|poke|p2|Kingambit, M|\n|poke|p2|Necrozma-Dusk-Mane|\n|poke|p2|Alakazam, F|\n|poke|p2|Azumarill, F|\n|teampreview\n|c|\u2606R0n-McD0n|ledgenday spam\n|inactive|Battle timer is ON: inactive players will automatically lose when time's up. (requested by R0n-McD0n)\n|\n|t:|1699915887\n|start\n|switch|p1a: bird|Tornadus-Therian, M, shiny|100\/100\n|switch|p2a: Azumarill|Azumarill, F|100\/100\n|turn|1\n|\n|t:|1699915893\n|move|p1a: bird|Bleakwind Storm|p2a: Azumarill\n|-damage|p2a: Azumarill|35\/100\n|-unboost|p2a: Azumarill|spe|1\n|move|p2a: Azumarill|Belly Drum||[still]\n|-fail|p2a: Azumarill\n|\n|upkeep\n|turn|2\n|\n|t:|1699915900\n|move|p2a: Azumarill|Aqua Jet|p1a: bird\n|-damage|p1a: bird|68\/100\n|move|p1a: bird|Bleakwind Storm|p2a: Azumarill\n|-damage|p2a: Azumarill|0 fnt\n|faint|p2a: Azumarill\n|\n|upkeep\n|\n|t:|1699915906\n|switch|p2a: Cloyster|Cloyster, F, shiny|100\/100\n|turn|3\n|\n|t:|1699915913\n|move|p1a: bird|Bleakwind Storm|p2a: Cloyster\n|-enditem|p2a: Cloyster|Focus Sash\n|-damage|p2a: Cloyster|1\/100\n|-unboost|p2a: Cloyster|spe|1\n|move|p2a: Cloyster|Shell Smash|p2a: Cloyster\n|-unboost|p2a: Cloyster|def|1\n|-unboost|p2a: Cloyster|spd|1\n|-boost|p2a: Cloyster|atk|2\n|-boost|p2a: Cloyster|spa|2\n|-boost|p2a: Cloyster|spe|2\n|\n|upkeep\n|turn|4\n|\n|t:|1699915927\n|move|p2a: Cloyster|Icicle Spear|p1a: bird\n|-supereffective|p1a: bird\n|-crit|p1a: bird\n|-damage|p1a: bird|0 fnt\n|faint|p1a: bird\n|-hitcount|p1: bird|1\n|\n|upkeep\n|\n|t:|1699915931\n|switch|p1a: lt|Landorus-Therian, M, shiny|100\/100\n|-ability|p1a: lt|Intimidate|boost\n|-unboost|p2a: Cloyster|atk|1\n|turn|5\n|\n|t:|1699915937\n|move|p2a: Cloyster|Icicle Spear|p1a: lt\n|-supereffective|p1a: lt\n|-damage|p1a: lt|24\/100\n|-supereffective|p1a: lt\n|-damage|p1a: lt|0 fnt\n|faint|p1a: lt\n|-hitcount|p1: lt|2\n|\n|upkeep\n|\n|t:|1699915943\n|switch|p1a: ufu|Volcanion|100\/100\n|turn|6\n|\n|t:|1699915952\n|move|p2a: Cloyster|Icicle Spear|p1a: ufu\n|-resisted|p1a: ufu\n|-damage|p1a: ufu|97\/100\n|-resisted|p1a: ufu\n|-damage|p1a: ufu|94\/100\n|-resisted|p1a: ufu\n|-damage|p1a: ufu|91\/100\n|-resisted|p1a: ufu\n|-damage|p1a: ufu|88\/100\n|-resisted|p1a: ufu\n|-damage|p1a: ufu|84\/100\n|-hitcount|p1a: ufu|5\n|move|p1a: ufu|Fire Fang|p2a: Cloyster\n|-damage|p2a: Cloyster|0 fnt\n|faint|p2a: Cloyster\n|\n|upkeep\n|\n|t:|1699915966\n|switch|p2a: Clodsire|Clodsire, M, shiny|100\/100\n|turn|7\n|\n|t:|1699915986\n|move|p1a: ufu|Fire Fang|p2a: Clodsire\n|-damage|p2a: Clodsire|73\/100\n|-status|p2a: Clodsire|brn\n|move|p2a: Clodsire|Toxic|p1a: ufu\n|-status|p1a: ufu|tox\n|\n|-heal|p2a: Clodsire|79\/100 brn|[from] item: Leftovers\n|-damage|p1a: ufu|78\/100 tox|[from] psn\n|-damage|p2a: Clodsire|73\/100 brn|[from] brn\n|upkeep\n|turn|8\n|\n|t:|1699915999\n|move|p1a: ufu|Water Pulse|p2a: Clodsire\n|-heal|p2a: Clodsire|98\/100 brn|[from] ability: Water Absorb|[of] p1a: ufu\n|move|p2a: Clodsire|Recover|p2a: Clodsire\n|-heal|p2a: Clodsire|100\/100 brn\n|\n|-damage|p1a: ufu|66\/100 tox|[from] psn\n|-damage|p2a: Clodsire|94\/100 brn|[from] brn\n|upkeep\n|turn|9\n|\n|t:|1699916008\n|move|p2a: Clodsire|Protect|p2a: Clodsire\n|-singleturn|p2a: Clodsire|Protect\n|move|p1a: ufu|Water Pulse|p2a: Clodsire\n|-activate|p2a: Clodsire|move: Protect\n|\n|-heal|p2a: Clodsire|100\/100 brn|[from] item: Leftovers\n|-damage|p1a: ufu|48\/100 tox|[from] psn\n|-damage|p2a: Clodsire|94\/100 brn|[from] brn\n|upkeep\n|turn|10\n|\n|t:|1699916018\n|move|p1a: ufu|Water Pulse|p2a: Clodsire\n|-heal|p2a: Clodsire|100\/100 brn|[from] ability: Water Absorb|[of] p1a: ufu\n|move|p2a: Clodsire|Haze|p2a: Clodsire\n|-clearallboost\n|\n|-damage|p1a: ufu|24\/100 tox|[from] psn\n|-damage|p2a: Clodsire|94\/100 brn|[from] brn\n|upkeep\n|turn|11\n|\n|t:|1699916030\n|move|p1a: ufu|Earth Power|p2a: Clodsire\n|-supereffective|p2a: Clodsire\n|-damage|p2a: Clodsire|57\/100 brn\n|move|p2a: Clodsire|Haze|p2a: Clodsire\n|-clearallboost\n|\n|-heal|p2a: Clodsire|63\/100 brn|[from] item: Leftovers\n|-damage|p1a: ufu|0 fnt|[from] psn\n|faint|p1a: ufu\n|-damage|p2a: Clodsire|57\/100 brn|[from] brn\n|upkeep\n|\n|t:|1699916040\n|switch|p1a: taylor tony|Thundurus-Therian, M, shiny|100\/100\n|turn|12\n|\n|t:|1699916045\n|move|p1a: taylor tony|Electro Ball|p2a: Clodsire\n|-immune|p2a: Clodsire\n|move|p2a: Clodsire|Toxic|p1a: taylor tony\n|-status|p1a: taylor tony|tox\n|\n|-heal|p2a: Clodsire|63\/100 brn|[from] item: Leftovers\n|-damage|p1a: taylor tony|94\/100 tox|[from] psn\n|-damage|p2a: Clodsire|57\/100 brn|[from] brn\n|upkeep\n|turn|13\n|\n|t:|1699916055\n|switch|p1a: ipf3eoj3 4o|Yveltal, shiny|100\/100\n|-ability|p1a: ipf3eoj3 4o|Dark Aura\n|move|p2a: Clodsire|Recover|p2a: Clodsire\n|-heal|p2a: Clodsire|100\/100 brn\n|\n|-damage|p2a: Clodsire|94\/100 brn|[from] brn\n|upkeep\n|turn|14\n|\n|t:|1699916069\n|move|p1a: ipf3eoj3 4o|Air Slash|p2a: Clodsire\n|-damage|p2a: Clodsire|75\/100 brn\n|move|p2a: Clodsire|Toxic|p1a: ipf3eoj3 4o\n|-status|p1a: ipf3eoj3 4o|tox\n|\n|-heal|p2a: Clodsire|82\/100 brn|[from] item: Leftovers\n|-damage|p1a: ipf3eoj3 4o|94\/100 tox|[from] psn\n|-damage|p2a: Clodsire|75\/100 brn|[from] brn\n|upkeep\n|turn|15\n|\n|t:|1699916081\n|switch|p1a: blood|Xerneas, shiny|100\/100\n|-ability|p1a: blood|Fairy Aura\n|move|p2a: Clodsire|Recover|p2a: Clodsire\n|-heal|p2a: Clodsire|100\/100 brn\n|\n|-damage|p2a: Clodsire|94\/100 brn|[from] brn\n|upkeep\n|turn|16\n|\n|t:|1699916091\n|move|p1a: blood|Dazzling Gleam|p2a: Clodsire\n|-resisted|p2a: Clodsire\n|-damage|p2a: Clodsire|79\/100 brn\n|move|p2a: Clodsire|Toxic|p1a: blood\n|-status|p1a: blood|tox\n|\n|-heal|p2a: Clodsire|85\/100 brn|[from] item: Leftovers\n|-damage|p1a: blood|94\/100 tox|[from] psn\n|-damage|p2a: Clodsire|79\/100 brn|[from] brn\n|upkeep\n|turn|17\n|-message|leohg forfeited.\n|\n|win|R0n-McD0n\n|raw|leohg's rating: 1050 &rarr; <strong>1033<\/strong><br \/>(-17 for losing)\n|raw|R0n-McD0n's rating: 1067 &rarr; <strong>1095<\/strong><br \/>(+28 for winning)\n|l|\u2606leohg\n","uploadtime":1699916105,"views":7,"p1id":"leohg","p2id":"r0nmcd0n","formatid":"gen9nationaldexubers","rating":1033,"private":0,"password":""}