{"id":"gen9nationaldexubers-1990725728","p1":"Thatboykam456","p2":"MrTRB","format":"[Gen 9] National Dex Ubers","log":"|j|\u2606Thatboykam456\n|j|\u2606MrTRB\n|t:|1699995115\n|gametype|singles\n|player|p1|Thatboykam456|clair|1265\n|player|p2|MrTRB|benga|1213\n|teamsize|p1|6\n|teamsize|p2|6\n|gen|9\n|tier|[Gen 9] National Dex Ubers\n|rated|\n|rule|HP Percentage Mod: HP is shown in percentages\n|rule|Endless Battle Clause: Forcing endless battles is banned\n|rule|OHKO Clause: OHKO moves are banned\n|rule|Evasion Moves Clause: Evasion moves are banned\n|rule|Evasion Items Clause: Evasion items are banned\n|rule|Species Clause: Limit one of each Pok\u00e9mon\n|rule|Sleep Clause Mod: Limit one foe put to sleep\n|rule|Mega Rayquaza Clause: You cannot mega evolve Rayquaza\n|clearpoke\n|poke|p1|Arcanine-Hisui, M|\n|poke|p1|Lokix, M|\n|poke|p1|Samurott-Hisui, M|\n|poke|p1|Zoroark-Hisui, M|\n|poke|p1|Annihilape, M|\n|poke|p1|Blastoise, M|\n|poke|p2|Gliscor, M|\n|poke|p2|Roaring Moon|\n|poke|p2|Annihilape, M|\n|poke|p2|Zoroark-Hisui, F|\n|poke|p2|Ursaluna-Bloodmoon, M|\n|poke|p2|Infernape, M|\n|teampreview\n|c|\u2606MrTRB|amazing\n|c|\u2606Thatboykam456|yes\n|c|\u2606MrTRB|not a single legendary in sight\n|c|\u2606Thatboykam456|i respect your team\n|\n|t:|1699995147\n|start\n|switch|p1a: Lokix|Lokix, M, shiny|100\/100\n|switch|p2a: Gliscor|Gliscor, M|100\/100\n|turn|1\n|c|\u2606MrTRB|you too, bud\n|\n|t:|1699995175\n|-terastallize|p1a: Lokix|Bug\n|move|p1a: Lokix|First Impression|p2a: Gliscor\n|-resisted|p2a: Gliscor\n|-damage|p2a: Gliscor|35\/100\n|move|p2a: Gliscor|Swords Dance|p2a: Gliscor\n|-boost|p2a: Gliscor|atk|2\n|\n|-status|p2a: Gliscor|tox|[from] item: Toxic Orb\n|upkeep\n|turn|2\n|\n|t:|1699995196\n|switch|p1a: Arcanine|Arcanine-Hisui, M|100\/100\n|move|p2a: Gliscor|Roost|p2a: Gliscor\n|-heal|p2a: Gliscor|85\/100 tox\n|-singleturn|p2a: Gliscor|move: Roost\n|\n|-heal|p2a: Gliscor|97\/100 tox|[from] ability: Poison Heal\n|upkeep\n|turn|3\n|\n|t:|1699995207\n|move|p1a: Arcanine|Flare Blitz|p2a: Gliscor\n|-damage|p2a: Gliscor|37\/100 tox\n|-damage|p1a: Arcanine|91\/100|[from] item: Life Orb\n|move|p2a: Gliscor|Earthquake|p1a: Arcanine\n|-supereffective|p1a: Arcanine\n|-damage|p1a: Arcanine|0 fnt\n|faint|p1a: Arcanine\n|\n|-heal|p2a: Gliscor|49\/100 tox|[from] ability: Poison Heal\n|upkeep\n|\n|t:|1699995235\n|switch|p1a: Blastoise|Blastoise, M|100\/100\n|turn|4\n|\n|t:|1699995245\n|detailschange|p1a: Blastoise|Blastoise-Mega, M\n|-mega|p1a: Blastoise|Blastoise|Blastoisinite\n|move|p1a: Blastoise|Shell Smash|p1a: Blastoise\n|-unboost|p1a: Blastoise|def|1\n|-unboost|p1a: Blastoise|spd|1\n|-boost|p1a: Blastoise|atk|2\n|-boost|p1a: Blastoise|spa|2\n|-boost|p1a: Blastoise|spe|2\n|move|p2a: Gliscor|Roost|p2a: Gliscor\n|-heal|p2a: Gliscor|99\/100 tox\n|-singleturn|p2a: Gliscor|move: Roost\n|\n|-heal|p2a: Gliscor|100\/100 tox|[from] ability: Poison Heal\n|upkeep\n|turn|5\n|\n|t:|1699995256\n|move|p1a: Blastoise|Surf|p2a: Gliscor\n|-supereffective|p2a: Gliscor\n|-damage|p2a: Gliscor|0 fnt\n|faint|p2a: Gliscor\n|\n|upkeep\n|\n|t:|1699995266\n|switch|p2a: Meteor|Infernape, M|100\/100\n|turn|6\n|\n|t:|1699995282\n|move|p1a: Blastoise|Dark Pulse|p2a: Meteor\n|-supereffective|p2a: Meteor\n|-enditem|p2a: Meteor|Focus Sash\n|-damage|p2a: Meteor|1\/100\n|replace|p2a: Zoroark|Zoroark-Hisui, F\n|-end|p2a: Zoroark|Illusion\n|move|p2a: Zoroark|Grass Knot|p1a: Blastoise\n|-supereffective|p1a: Blastoise\n|-damage|p1a: Blastoise|0 fnt\n|faint|p1a: Blastoise\n|\n|upkeep\n|c|\u2606Thatboykam456|I SEE\n|\n|t:|1699995298\n|switch|p1a: Samurott|Samurott-Hisui, M|100\/100\n|turn|7\n|c|\u2606MrTRB|i also see\n|\n|t:|1699995307\n|move|p2a: Zoroark|Grass Knot|p1a: Samurott\n|-supereffective|p1a: Samurott\n|-crit|p1a: Samurott\n|-damage|p1a: Samurott|0 fnt\n|faint|p1a: Samurott\n|\n|upkeep\n|c|\u2606Thatboykam456|LOL\n|c|\u2606MrTRB|i was expe ting the zoroark\n|\n|t:|1699995319\n|switch|p1a: Lokix|Lokix, M, shiny, tera:Bug|100\/100\n|turn|8\n|\n|t:|1699995324\n|move|p1a: Lokix|Sucker Punch|p2a: Zoroark\n|-supereffective|p2a: Zoroark\n|-damage|p2a: Zoroark|0 fnt\n|faint|p2a: Zoroark\n|\n|upkeep\n|\n|t:|1699995329\n|switch|p2a: Meteor|Infernape, M|100\/100\n|turn|9\n|\n|t:|1699995337\n|switch|p1a: Annihilape|Annihilape, M|100\/100\n|move|p2a: Meteor|Knock Off|p1a: Annihilape\n|-damage|p1a: Annihilape|68\/100\n|-enditem|p1a: Annihilape|Mirror Herb|[from] move: Knock Off|[of] p2a: Meteor\n|\n|upkeep\n|turn|10\n|\n|t:|1699995350\n|move|p2a: Meteor|Raging Fury|p1a: Annihilape\n|-damage|p1a: Annihilape|8\/100\n|move|p1a: Annihilape|Drain Punch|p2a: Meteor\n|-damage|p2a: Meteor|43\/100\n|-heal|p1a: Annihilape|30\/100|[from] drain|[of] p2a: Meteor\n|\n|upkeep\n|turn|11\n|\n|t:|1699995383\n|switch|p1a: Annihilape|Annihilape, M|100\/100\n|move|p2a: Meteor|Raging Fury|p1a: Annihilape|[from]lockedmove\n|-damage|p1a: Annihilape|0 fnt\n|replace|p1a: Zoroark|Zoroark-Hisui, M, shiny\n|-end|p1a: Zoroark|Illusion\n|faint|p1a: Zoroark\n|\n|upkeep\n|\n|t:|1699995390\n|switch|p1a: Lokix|Lokix, M, shiny, tera:Bug|100\/100\n|turn|12\n|\n|t:|1699995394\n|move|p1a: Lokix|First Impression|p2a: Meteor\n|-resisted|p2a: Meteor\n|-damage|p2a: Meteor|0 fnt\n|faint|p2a: Meteor\n|\n|upkeep\n|\n|t:|1699995399\n|switch|p2a: Ursaluna|Ursaluna-Bloodmoon, M|100\/100\n|turn|13\n|\n|t:|1699995403\n|switch|p1a: Annihilape|Annihilape, M|30\/100\n|move|p2a: Ursaluna|Calm Mind|p2a: Ursaluna\n|-boost|p2a: Ursaluna|spa|1\n|-boost|p2a: Ursaluna|spd|1\n|\n|upkeep\n|turn|14\n|\n|t:|1699995416\n|-terastallize|p2a: Ursaluna|Ground\n|move|p1a: Annihilape|Drain Punch|p2a: Ursaluna\n|-damage|p2a: Ursaluna|73\/100\n|-heal|p1a: Annihilape|46\/100|[from] drain|[of] p2a: Ursaluna\n|move|p2a: Ursaluna|Calm Mind|p2a: Ursaluna\n|-boost|p2a: Ursaluna|spa|1\n|-boost|p2a: Ursaluna|spd|1\n|\n|-heal|p2a: Ursaluna|79\/100|[from] item: Leftovers\n|upkeep\n|turn|15\n|\n|t:|1699995426\n|move|p2a: Ursaluna|Vacuum Wave|p1a: Annihilape\n|-damage|p1a: Annihilape|17\/100\n|move|p1a: Annihilape|Rage Fist|p2a: Ursaluna\n|-crit|p2a: Ursaluna\n|-damage|p2a: Ursaluna|0 fnt\n|faint|p2a: Ursaluna\n|\n|upkeep\n|\n|t:|1699995433\n|switch|p2a: Roaring Moon|Roaring Moon|100\/100\n|-enditem|p2a: Roaring Moon|Booster Energy\n|-activate|p2a: Roaring Moon|ability: Protosynthesis|[fromitem]\n|-start|p2a: Roaring Moon|protosynthesisatk\n|turn|16\n|\n|t:|1699995440\n|move|p2a: Roaring Moon|Dragon Dance|p2a: Roaring Moon\n|-boost|p2a: Roaring Moon|atk|1\n|-boost|p2a: Roaring Moon|spe|1\n|move|p1a: Annihilape|Drain Punch|p2a: Roaring Moon\n|-supereffective|p2a: Roaring Moon\n|-damage|p2a: Roaring Moon|1\/100\n|-heal|p1a: Annihilape|64\/100|[from] drain|[of] p2a: Roaring Moon\n|\n|upkeep\n|turn|17\n|\n|t:|1699995452\n|move|p2a: Roaring Moon|Outrage|p1a: Annihilape\n|-crit|p1a: Annihilape\n|-damage|p1a: Annihilape|0 fnt\n|faint|p1a: Annihilape\n|\n|upkeep\n|\n|t:|1699995461\n|switch|p1a: Lokix|Lokix, M, shiny, tera:Bug|100\/100\n|turn|18\n|\n|t:|1699995465\n|move|p1a: Lokix|Sucker Punch|p2a: Roaring Moon\n|-resisted|p2a: Roaring Moon\n|-damage|p2a: Roaring Moon|0 fnt\n|faint|p2a: Roaring Moon\n|-end|p2a: Roaring Moon|Protosynthesis|[silent]\n|\n|upkeep\n|\n|t:|1699995467\n|switch|p2a: Annihilape|Annihilape, M|100\/100\n|turn|19\n|\n|t:|1699995472\n|move|p1a: Lokix|Sucker Punch|p2a: Annihilape\n|-damage|p2a: Annihilape|57\/100\n|move|p2a: Annihilape|Rock Slide|p1a: Lokix\n|-supereffective|p1a: Lokix\n|-damage|p1a: Lokix|21\/100\n|\n|-heal|p2a: Annihilape|63\/100|[from] item: Leftovers\n|upkeep\n|turn|20\n|c|\u2606Thatboykam456|I channel\n|c|\u2606Thatboykam456|the divine energy\n|c|\u2606Thatboykam456|CRIT THIS MAN\n|\n|t:|1699995492\n|move|p1a: Lokix|Sucker Punch||[still]\n|-fail|p1a: Lokix\n|move|p2a: Annihilape|Bulk Up|p2a: Annihilape\n|-boost|p2a: Annihilape|atk|1\n|-boost|p2a: Annihilape|def|1\n|\n|-heal|p2a: Annihilape|69\/100|[from] item: Leftovers\n|upkeep\n|turn|21\n|c|\u2606Thatboykam456|oh..\n|c|\u2606MrTRB|weren't expecting that\n|c|\u2606MrTRB|but anyways\n|c|\u2606Thatboykam456|i'm banded...\n|\n|t:|1699995513\n|move|p1a: Lokix|Sucker Punch|p2a: Annihilape\n|-crit|p2a: Annihilape\n|-damage|p2a: Annihilape|5\/100\n|move|p2a: Annihilape|Rage Fist|p1a: Lokix\n|-damage|p1a: Lokix|0 fnt\n|faint|p1a: Lokix\n|\n|win|MrTRB\n|raw|Thatboykam456's rating: 1265 &rarr; <strong>1236<\/strong><br \/>(-29 for losing)\n|raw|MrTRB's rating: 1213 &rarr; <strong>1242<\/strong><br \/>(+29 for winning)\n|c|\u2606MrTRB|death.\n|c|\u2606Thatboykam456|ggs\n|c|\u2606MrTRB|gg\n","uploadtime":1699995528,"views":5,"p1id":"thatboykam456","p2id":"mrtrb","formatid":"gen9nationaldexubers","rating":1236,"private":0,"password":""}