{"id":"gen9nationaldexubers-1992032157","p1":"Kdisue","p2":"Cibbstr","format":"[Gen 9] National Dex Ubers","log":"|j|\u2606Kdisue\n|j|\u2606Cibbstr\n|t:|1700149348\n|gametype|singles\n|player|p1|Kdisue|101|1261\n|player|p2|Cibbstr|giovanni|1439\n|teamsize|p1|6\n|teamsize|p2|6\n|gen|9\n|tier|[Gen 9] National Dex Ubers\n|rated|\n|rule|HP Percentage Mod: HP is shown in percentages\n|rule|Endless Battle Clause: Forcing endless battles is banned\n|rule|OHKO Clause: OHKO moves are banned\n|rule|Evasion Moves Clause: Evasion moves are banned\n|rule|Evasion Items Clause: Evasion items are banned\n|rule|Species Clause: Limit one of each Pok\u00e9mon\n|rule|Sleep Clause Mod: Limit one foe put to sleep\n|rule|Mega Rayquaza Clause: You cannot mega evolve Rayquaza\n|clearpoke\n|poke|p1|Arceus-Bug|\n|poke|p1|Genesect|\n|poke|p1|Beedrill, F|\n|poke|p1|Kleavor, M|\n|poke|p1|Volcarona, F|\n|poke|p1|Ursaluna-Bloodmoon, M|\n|poke|p2|Zacian-*|\n|poke|p2|Zygarde|\n|poke|p2|Marshadow|\n|poke|p2|Kyogre|\n|poke|p2|Kingambit, M|\n|poke|p2|Ho-Oh|\n|teampreview\n|inactive|Battle timer is ON: inactive players will automatically lose when time's up. (requested by Kdisue)\n|\n|t:|1700149357\n|start\n|switch|p1a: Truck :.:|Beedrill, F, shiny|100\/100\n|switch|p2a: Zygarde|Zygarde|100\/100\n|turn|1\n|\n|t:|1700149368\n|detailschange|p1a: Truck :.:|Beedrill-Mega, F, shiny\n|-mega|p1a: Truck :.:|Beedrill|Beedrillite\n|move|p1a: Truck :.:|U-turn|p2a: Zygarde\n|-damage|p2a: Zygarde|62\/100\n|c|\u2606Kdisue|Nice legends\n|\n|t:|1700149379\n|switch|p1a: Truck ;.;|Arceus-Bug, shiny|100\/100|[from] U-turn\n|move|p2a: Zygarde|Coil|p2a: Zygarde\n|-boost|p2a: Zygarde|atk|1\n|-boost|p2a: Zygarde|def|1\n|-boost|p2a: Zygarde|accuracy|1\n|\n|-heal|p2a: Zygarde|69\/100|[from] item: Leftovers\n|upkeep\n|turn|2\n|c|\u2606Cibbstr|Nice bugs\n|\n|t:|1700149392\n|move|p1a: Truck ;.;|Calm Mind|p1a: Truck ;.;\n|-boost|p1a: Truck ;.;|spa|1\n|-boost|p1a: Truck ;.;|spd|1\n|move|p2a: Zygarde|Coil|p2a: Zygarde\n|-boost|p2a: Zygarde|atk|1\n|-boost|p2a: Zygarde|def|1\n|-boost|p2a: Zygarde|accuracy|1\n|\n|-heal|p2a: Zygarde|75\/100|[from] item: Leftovers\n|upkeep\n|turn|3\n|\n|t:|1700149402\n|move|p1a: Truck ;.;|Calm Mind|p1a: Truck ;.;\n|-boost|p1a: Truck ;.;|spa|1\n|-boost|p1a: Truck ;.;|spd|1\n|move|p2a: Zygarde|Scale Shot|p1a: Truck ;.;\n|-damage|p1a: Truck ;.;|85\/100\n|-damage|p1a: Truck ;.;|69\/100\n|-hitcount|p1a: Truck ;.;|2\n|-unboost|p2a: Zygarde|def|1\n|-boost|p2a: Zygarde|spe|1\n|\n|-heal|p2a: Zygarde|81\/100|[from] item: Leftovers\n|upkeep\n|turn|4\n|\n|t:|1700149416\n|move|p1a: Truck ;.;|Judgment|p2a: Zygarde\n|-damage|p2a: Zygarde|5\/100\n|move|p2a: Zygarde|Scale Shot|p1a: Truck ;.;\n|-damage|p1a: Truck ;.;|54\/100\n|-damage|p1a: Truck ;.;|41\/100\n|-damage|p1a: Truck ;.;|26\/100\n|-damage|p1a: Truck ;.;|12\/100\n|-damage|p1a: Truck ;.;|0 fnt\n|faint|p1a: Truck ;.;\n|-hitcount|p1: Truck ;.;|5\n|-unboost|p2a: Zygarde|def|1\n|-boost|p2a: Zygarde|spe|1\n|\n|-heal|p2a: Zygarde|11\/100|[from] item: Leftovers\n|-activate|p2a: Zygarde|ability: Power Construct\n|detailschange|p2a: Zygarde|Zygarde-Complete\n|-heal|p2a: Zygarde|42\/100|[silent]\n|upkeep\n|inactive|Kdisue has 120 seconds left.\n|\n|t:|1700149443\n|switch|p1a: Flora|Ursaluna-Bloodmoon, M|100\/100\n|turn|5\n|\n|t:|1700149448\n|-terastallize|p1a: Flora|Bug\n|move|p2a: Zygarde|Thousand Arrows|p1a: Flora\n|-resisted|p1a: Flora\n|-damage|p1a: Flora|75\/100\n|move|p1a: Flora|Blood Moon|p2a: Zygarde\n|-crit|p2a: Zygarde\n|-damage|p2a: Zygarde|0 fnt\n|faint|p2a: Zygarde\n|\n|-heal|p1a: Flora|81\/100|[from] item: Leftovers\n|upkeep\n|\n|t:|1700149460\n|switch|p2a: Zacian|Zacian-Crowned|100\/100\n|-ability|p2a: Zacian|Intrepid Sword|boost\n|-boost|p2a: Zacian|atk|1\n|turn|6\n|\n|t:|1700149466\n|move|p2a: Zacian|Swords Dance|p2a: Zacian\n|-boost|p2a: Zacian|atk|2\n|move|p1a: Flora|Earth Power|p2a: Zacian\n|-supereffective|p2a: Zacian\n|-damage|p2a: Zacian|8\/100\n|\n|-heal|p1a: Flora|87\/100|[from] item: Leftovers\n|upkeep\n|turn|7\n|\n|t:|1700149476\n|move|p2a: Zacian|Behemoth Blade|p1a: Flora\n|-damage|p1a: Flora|0 fnt\n|faint|p1a: Flora\n|\n|upkeep\n|\n|t:|1700149482\n|switch|p1a: Truck :v:|Genesect, shiny|100\/100\n|-ability|p1a: Truck :v:|Download|boost\n|-boost|p1a: Truck :v:|spa|1\n|turn|8\n|\n|t:|1700149488\n|move|p1a: Truck :v:|Extreme Speed|p2a: Zacian\n|-resisted|p2a: Zacian\n|-damage|p2a: Zacian|0 fnt\n|faint|p2a: Zacian\n|\n|upkeep\n|\n|t:|1700149494\n|switch|p2a: Ho-Oh|Ho-Oh, shiny|100\/100\n|turn|9\n|\n|t:|1700149498\n|switch|p1a: Articulated Lorry|Volcarona, F|100\/100\n|move|p2a: Ho-Oh|Sacred Fire|p1a: Articulated Lorry\n|-damage|p1a: Articulated Lorry|42\/100\n|\n|upkeep\n|turn|10\n|\n|t:|1700149506\n|move|p1a: Articulated Lorry|Roost|p1a: Articulated Lorry\n|-heal|p1a: Articulated Lorry|92\/100\n|-singleturn|p1a: Articulated Lorry|move: Roost\n|move|p2a: Ho-Oh|Brave Bird|p1a: Articulated Lorry\n|-supereffective|p1a: Articulated Lorry\n|-damage|p1a: Articulated Lorry|0 fnt\n|faint|p1a: Articulated Lorry\n|-damage|p2a: Ho-Oh|74\/100|[from] Recoil\n|\n|upkeep\n|\n|t:|1700149516\n|switch|p1a: Truck ; ;|Kleavor, M|100\/100\n|turn|11\n|\n|t:|1700149520\n|move|p1a: Truck ; ;|Stone Axe|p2a: Ho-Oh\n|-supereffective|p2a: Ho-Oh\n|-damage|p2a: Ho-Oh|0 fnt\n|-sidestart|p2: Cibbstr|move: Stealth Rock\n|faint|p2a: Ho-Oh\n|\n|upkeep\n|\n|t:|1700149526\n|switch|p2a: Marshadow|Marshadow|100\/100\n|-damage|p2a: Marshadow|94\/100|[from] Stealth Rock\n|turn|12\n|\n|t:|1700149537\n|move|p1a: Truck ; ;|Stone Axe|p2a: Marshadow\n|-resisted|p2a: Marshadow\n|-damage|p2a: Marshadow|61\/100\n|move|p2a: Marshadow|Swagger|p1a: Truck ; ;\n|-boost|p1a: Truck ; ;|atk|2\n|-start|p1a: Truck ; ;|confusion\n|\n|upkeep\n|turn|13\n|\n|t:|1700149545\n|-activate|p1a: Truck ; ;|confusion\n|move|p1a: Truck ; ;|Stone Axe|p2a: Marshadow\n|-resisted|p2a: Marshadow\n|-damage|p2a: Marshadow|0 fnt\n|faint|p2a: Marshadow\n|\n|upkeep\n|\n|t:|1700149550\n|switch|p2a: Kyogre|Kyogre, shiny|100\/100\n|-damage|p2a: Kyogre|88\/100|[from] Stealth Rock\n|detailschange|p2a: Kyogre|Kyogre-Primal, shiny\n|-primal|p2a: Kyogre|Blue Orb\n|-weather|PrimordialSea|[from] ability: Primordial Sea|[of] p2a: Kyogre\n|turn|14\n|\n|t:|1700149556\n|-activate|p1a: Truck ; ;|confusion\n|move|p1a: Truck ; ;|Stone Axe|p2a: Kyogre\n|-crit|p2a: Kyogre\n|-damage|p2a: Kyogre|0 fnt\n|faint|p2a: Kyogre\n|-weather|none\n|\n|upkeep\n|\n|t:|1700149561\n|switch|p2a: Kingambit|Kingambit, M|100\/100\n|-damage|p2a: Kingambit|94\/100|[from] Stealth Rock\n|-activate|p2a: Kingambit|ability: Supreme Overlord\n|-start|p2a: Kingambit|fallen5|[silent]\n|turn|15\n|\n|t:|1700149570\n|switch|p1a: Truck :v:|Genesect, shiny|100\/100\n|-ability|p1a: Truck :v:|Download|boost\n|-boost|p1a: Truck :v:|spa|1\n|move|p2a: Kingambit|Iron Head|p1a: Truck :v:\n|-resisted|p1a: Truck :v:\n|-damage|p1a: Truck :v:|54\/100\n|\n|upkeep\n|turn|16\n|\n|t:|1700149580\n|switch|p1a: Truck ; ;|Kleavor, M|100\/100\n|move|p2a: Kingambit|Iron Head|p1a: Truck ; ;\n|-supereffective|p1a: Truck ; ;\n|-crit|p1a: Truck ; ;\n|-damage|p1a: Truck ; ;|0 fnt\n|faint|p1a: Truck ; ;\n|\n|upkeep\n|\n|t:|1700149589\n|switch|p1a: Truck :v:|Genesect, shiny|54\/100\n|-ability|p1a: Truck :v:|Download|boost\n|-boost|p1a: Truck :v:|spa|1\n|turn|17\n|\n|t:|1700149593\n|move|p1a: Truck :v:|Flamethrower|p2a: Kingambit\n|-supereffective|p2a: Kingambit\n|-damage|p2a: Kingambit|7\/100\n|-status|p2a: Kingambit|brn\n|move|p2a: Kingambit|Iron Head|p1a: Truck :v:\n|-resisted|p1a: Truck :v:\n|-damage|p1a: Truck :v:|33\/100\n|\n|-damage|p2a: Kingambit|1\/100 brn|[from] brn\n|upkeep\n|turn|18\n|c|\u2606Cibbstr|GG\n|\n|t:|1700149604\n|move|p1a: Truck :v:|Flamethrower|p2a: Kingambit\n|-supereffective|p2a: Kingambit\n|-damage|p2a: Kingambit|0 fnt\n|faint|p2a: Kingambit\n|-end|p2a: Kingambit|fallen5|[silent]\n|\n|win|Kdisue\n|raw|Kdisue's rating: 1261 &rarr; <strong>1298<\/strong><br \/>(+37 for winning)\n|raw|Cibbstr's rating: 1439 &rarr; <strong>1410<\/strong><br \/>(-29 for losing)\n|c|\u2606Kdisue|Gg\n","uploadtime":1700149614,"views":7,"p1id":"kdisue","p2id":"cibbstr","formatid":"gen9nationaldexubers","rating":1298,"private":0,"password":""}