{"id":"gen9nationaldexubers-1990390605","p1":"nombre epico.jpg","p2":"HYDRO-MODE\ufe0f\ufe0f\ufe0f\u267e\ufe0f","format":"[Gen 9] National Dex Ubers","log":"|j|\u2606nombre epico.jpg\n|j|\u2606HYDRO-MODE\ufe0f\ufe0f\ufe0f\u267e\ufe0f\n|t:|1699965909\n|gametype|singles\n|player|p1|nombre epico.jpg|bianca-pwt|1126\n|player|p2|HYDRO-MODE\ufe0f\ufe0f\ufe0f\u267e\ufe0f|nessa|1150\n|teamsize|p1|6\n|teamsize|p2|6\n|gen|9\n|tier|[Gen 9] National Dex Ubers\n|rated|\n|rule|HP Percentage Mod: HP is shown in percentages\n|rule|Endless Battle Clause: Forcing endless battles is banned\n|rule|OHKO Clause: OHKO moves are banned\n|rule|Evasion Moves Clause: Evasion moves are banned\n|rule|Evasion Items Clause: Evasion items are banned\n|rule|Species Clause: Limit one of each Pok\u00e9mon\n|rule|Sleep Clause Mod: Limit one foe put to sleep\n|rule|Mega Rayquaza Clause: You cannot mega evolve Rayquaza\n|clearpoke\n|poke|p1|Deoxys-Attack|\n|poke|p1|Flutter Mane|\n|poke|p1|Yveltal|\n|poke|p1|Marshadow|\n|poke|p1|Blaziken, F|\n|poke|p1|Magearna|\n|poke|p2|Araquanid, F|\n|poke|p2|Bruxish, F|\n|poke|p2|Basculegion, M|\n|poke|p2|Tauros-Paldea-Aqua, M|\n|poke|p2|Barbaracle, M|\n|poke|p2|Dondozo, M|\n|teampreview\n|\n|t:|1699965925\n|start\n|switch|p1a: Yveltal|Yveltal, shiny|100\/100\n|switch|p2a: \ud83c\udf0a\ud83d\udca7ARAQUANID\ud83d\udca6|Araquanid, F, shiny|100\/100\n|-ability|p1a: Yveltal|Dark Aura\n|turn|1\n|\n|t:|1699965934\n|move|p1a: Yveltal|Oblivion Wing|p2a: \ud83c\udf0a\ud83d\udca7ARAQUANID\ud83d\udca6\n|-supereffective|p2a: \ud83c\udf0a\ud83d\udca7ARAQUANID\ud83d\udca6\n|-damage|p2a: \ud83c\udf0a\ud83d\udca7ARAQUANID\ud83d\udca6|20\/100\n|move|p2a: \ud83c\udf0a\ud83d\udca7ARAQUANID\ud83d\udca6|Sticky Web|p1a: Yveltal\n|-sidestart|p1: nombre epico.jpg|move: Sticky Web\n|\n|upkeep\n|turn|2\n|\n|t:|1699965944\n|move|p1a: Yveltal|Dark Pulse|p2a: \ud83c\udf0a\ud83d\udca7ARAQUANID\ud83d\udca6\n|-damage|p2a: \ud83c\udf0a\ud83d\udca7ARAQUANID\ud83d\udca6|0 fnt\n|faint|p2a: \ud83c\udf0a\ud83d\udca7ARAQUANID\ud83d\udca6\n|\n|upkeep\n|\n|t:|1699965964\n|switch|p2a: \ud83d\udca7DONDOZO\ud83d\udca7\ud83c\udf27|Dondozo, M, shiny|100\/100\n|turn|3\n|\n|t:|1699965989\n|move|p1a: Yveltal|Oblivion Wing|p2a: \ud83d\udca7DONDOZO\ud83d\udca7\ud83c\udf27\n|-damage|p2a: \ud83d\udca7DONDOZO\ud83d\udca7\ud83c\udf27|70\/100\n|move|p2a: \ud83d\udca7DONDOZO\ud83d\udca7\ud83c\udf27|Rain Dance|p2a: \ud83d\udca7DONDOZO\ud83d\udca7\ud83c\udf27\n|-weather|RainDance\n|\n|-weather|RainDance|[upkeep]\n|upkeep\n|turn|4\n|\n|t:|1699965999\n|move|p1a: Yveltal|Dark Pulse|p2a: \ud83d\udca7DONDOZO\ud83d\udca7\ud83c\udf27\n|-damage|p2a: \ud83d\udca7DONDOZO\ud83d\udca7\ud83c\udf27|26\/100\n|move|p2a: \ud83d\udca7DONDOZO\ud83d\udca7\ud83c\udf27|Wave Crash|p1a: Yveltal\n|-damage|p1a: Yveltal|31\/100\n|-damage|p2a: \ud83d\udca7DONDOZO\ud83d\udca7\ud83c\udf27|3\/100|[from] Recoil\n|\n|-weather|RainDance|[upkeep]\n|upkeep\n|turn|5\n|\n|t:|1699966011\n|move|p1a: Yveltal|Sucker Punch|p2a: \ud83d\udca7DONDOZO\ud83d\udca7\ud83c\udf27\n|-damage|p2a: \ud83d\udca7DONDOZO\ud83d\udca7\ud83c\udf27|0 fnt\n|faint|p2a: \ud83d\udca7DONDOZO\ud83d\udca7\ud83c\udf27\n|\n|-weather|RainDance|[upkeep]\n|upkeep\n|\n|t:|1699966031\n|switch|p2a: \u2728\ufe0f\ud83d\udca7BOXFISH\ud83d\udca7\u2728\ufe0f|Bruxish, F|100\/100\n|turn|6\n|\n|t:|1699966037\n|move|p1a: Yveltal|Sucker Punch||[still]\n|cant|p2a: \u2728\ufe0f\ud83d\udca7BOXFISH\ud83d\udca7\u2728\ufe0f|ability: Dazzling|Sucker Punch|[of] p1a: Yveltal\n|move|p2a: \u2728\ufe0f\ud83d\udca7BOXFISH\ud83d\udca7\u2728\ufe0f|Wave Crash|p1a: Yveltal\n|-damage|p1a: Yveltal|0 fnt\n|faint|p1a: Yveltal\n|-damage|p2a: \u2728\ufe0f\ud83d\udca7BOXFISH\ud83d\udca7\u2728\ufe0f|84\/100|[from] Recoil\n|\n|-weather|RainDance|[upkeep]\n|upkeep\n|c|\u2606nombre epico.jpg|Siempre me olvid\u00f3 de su habilidad XD\n|\n|t:|1699966058\n|switch|p1a: Deoxys|Deoxys-Attack, shiny|100\/100\n|-activate|p1a: Deoxys|move: Sticky Web\n|-unboost|p1a: Deoxys|spe|1\n|-ability|p1a: Deoxys|Pressure\n|turn|7\n|\n|t:|1699966066\n|move|p2a: \u2728\ufe0f\ud83d\udca7BOXFISH\ud83d\udca7\u2728\ufe0f|Flip Turn|p1a: Deoxys\n|-enditem|p1a: Deoxys|Focus Sash\n|-damage|p1a: Deoxys|1\/100\n|\n|t:|1699966096\n|switch|p2a: \ud83c\udf0aBASCULEGION\ud83d\udca7|Basculegion, M|100\/100|[from] Flip Turn\n|move|p1a: Deoxys|Shadow Ball|p2a: \ud83c\udf0aBASCULEGION\ud83d\udca7\n|-supereffective|p2a: \ud83c\udf0aBASCULEGION\ud83d\udca7\n|-damage|p2a: \ud83c\udf0aBASCULEGION\ud83d\udca7|16\/100\n|\n|-weather|RainDance|[upkeep]\n|upkeep\n|turn|8\n|\n|t:|1699966107\n|move|p2a: \ud83c\udf0aBASCULEGION\ud83d\udca7|Aqua Jet|p1a: Deoxys\n|-damage|p1a: Deoxys|0 fnt\n|faint|p1a: Deoxys\n|\n|-weather|RainDance|[upkeep]\n|upkeep\n|\n|t:|1699966116\n|switch|p1a: Marshadow|Marshadow|100\/100\n|-activate|p1a: Marshadow|move: Sticky Web\n|-unboost|p1a: Marshadow|spe|1\n|turn|9\n|\n|t:|1699966130\n|-terastallize|p2a: \ud83c\udf0aBASCULEGION\ud83d\udca7|Water\n|move|p1a: Marshadow|Shadow Sneak|p2a: \ud83c\udf0aBASCULEGION\ud83d\udca7\n|-damage|p2a: \ud83c\udf0aBASCULEGION\ud83d\udca7|0 fnt\n|faint|p2a: \ud83c\udf0aBASCULEGION\ud83d\udca7\n|\n|-weather|RainDance|[upkeep]\n|upkeep\n|\n|t:|1699966140\n|switch|p2a: \ud83c\udf0a\ud83d\udca7TAUROS\ud83d\udca7\ud83d\udca6|Tauros-Paldea-Aqua, M, shiny|100\/100\n|-ability|p2a: \ud83c\udf0a\ud83d\udca7TAUROS\ud83d\udca7\ud83d\udca6|Intimidate|boost\n|-unboost|p1a: Marshadow|atk|1\n|turn|10\n|\n|t:|1699966158\n|-zpower|p2a: \ud83c\udf0a\ud83d\udca7TAUROS\ud83d\udca7\ud83d\udca6\n|move|p2a: \ud83c\udf0a\ud83d\udca7TAUROS\ud83d\udca7\ud83d\udca6|Hydro Vortex|p1a: Marshadow|[zeffect]\n|-damage|p1a: Marshadow|0 fnt\n|faint|p1a: Marshadow\n|\n|-weather|none\n|upkeep\n|\n|t:|1699966168\n|switch|p1a: Magearna|Magearna|100\/100\n|-activate|p1a: Magearna|move: Sticky Web\n|-unboost|p1a: Magearna|spe|1\n|turn|11\n|\n|t:|1699966183\n|switch|p2a: \u2728\ufe0f\ud83d\udca7BOXFISH\ud83d\udca7\u2728\ufe0f|Bruxish, F|84\/100\n|move|p1a: Magearna|Thunder Wave|p2a: \u2728\ufe0f\ud83d\udca7BOXFISH\ud83d\udca7\u2728\ufe0f\n|-status|p2a: \u2728\ufe0f\ud83d\udca7BOXFISH\ud83d\udca7\u2728\ufe0f|par\n|\n|upkeep\n|turn|12\n|\n|t:|1699966191\n|move|p2a: \u2728\ufe0f\ud83d\udca7BOXFISH\ud83d\udca7\u2728\ufe0f|Rain Dance|p2a: \u2728\ufe0f\ud83d\udca7BOXFISH\ud83d\udca7\u2728\ufe0f\n|-weather|RainDance\n|move|p1a: Magearna|Shift Gear|p1a: Magearna\n|-boost|p1a: Magearna|spe|2\n|-boost|p1a: Magearna|atk|1\n|\n|-weather|RainDance|[upkeep]\n|upkeep\n|turn|13\n|\n|t:|1699966199\n|move|p1a: Magearna|Shift Gear|p1a: Magearna\n|-boost|p1a: Magearna|spe|2\n|-boost|p1a: Magearna|atk|1\n|move|p2a: \u2728\ufe0f\ud83d\udca7BOXFISH\ud83d\udca7\u2728\ufe0f|Wave Crash|p1a: Magearna\n|-damage|p1a: Magearna|33\/100\n|-damage|p2a: \u2728\ufe0f\ud83d\udca7BOXFISH\ud83d\udca7\u2728\ufe0f|55\/100 par|[from] Recoil\n|\n|-weather|RainDance|[upkeep]\n|-heal|p1a: Magearna|40\/100|[from] item: Leftovers\n|upkeep\n|turn|14\n|\n|t:|1699966211\n|move|p1a: Magearna|Fleur Cannon|p2a: \u2728\ufe0f\ud83d\udca7BOXFISH\ud83d\udca7\u2728\ufe0f\n|-damage|p2a: \u2728\ufe0f\ud83d\udca7BOXFISH\ud83d\udca7\u2728\ufe0f|0 fnt\n|-unboost|p1a: Magearna|spa|2\n|faint|p2a: \u2728\ufe0f\ud83d\udca7BOXFISH\ud83d\udca7\u2728\ufe0f\n|-ability|p1a: Magearna|Soul-Heart|boost\n|-boost|p1a: Magearna|spa|1\n|\n|-weather|RainDance|[upkeep]\n|-heal|p1a: Magearna|46\/100|[from] item: Leftovers\n|upkeep\n|\n|t:|1699966229\n|switch|p2a: \ud83d\udca7BARBARCLE\ud83d\udca7\ud83d\udca6|Barbaracle, M, shiny|100\/100\n|turn|15\n|\n|t:|1699966234\n|move|p1a: Magearna|Thunder Wave|p2a: \ud83d\udca7BARBARCLE\ud83d\udca7\ud83d\udca6\n|-status|p2a: \ud83d\udca7BARBARCLE\ud83d\udca7\ud83d\udca6|par\n|move|p2a: \ud83d\udca7BARBARCLE\ud83d\udca7\ud83d\udca6|Shell Smash|p2a: \ud83d\udca7BARBARCLE\ud83d\udca7\ud83d\udca6\n|-unboost|p2a: \ud83d\udca7BARBARCLE\ud83d\udca7\ud83d\udca6|def|1\n|-unboost|p2a: \ud83d\udca7BARBARCLE\ud83d\udca7\ud83d\udca6|spd|1\n|-boost|p2a: \ud83d\udca7BARBARCLE\ud83d\udca7\ud83d\udca6|atk|2\n|-boost|p2a: \ud83d\udca7BARBARCLE\ud83d\udca7\ud83d\udca6|spa|2\n|-boost|p2a: \ud83d\udca7BARBARCLE\ud83d\udca7\ud83d\udca6|spe|2\n|-enditem|p2a: \ud83d\udca7BARBARCLE\ud83d\udca7\ud83d\udca6|White Herb\n|-clearnegativeboost|p2a: \ud83d\udca7BARBARCLE\ud83d\udca7\ud83d\udca6|[silent]\n|\n|-weather|RainDance|[upkeep]\n|-heal|p1a: Magearna|52\/100|[from] item: Leftovers\n|upkeep\n|turn|16\n|\n|t:|1699966266\n|move|p1a: Magearna|Flash Cannon|p2a: \ud83d\udca7BARBARCLE\ud83d\udca7\ud83d\udca6\n|-damage|p2a: \ud83d\udca7BARBARCLE\ud83d\udca7\ud83d\udca6|67\/100 par\n|move|p2a: \ud83d\udca7BARBARCLE\ud83d\udca7\ud83d\udca6|Liquidation|p1a: Magearna\n|-damage|p1a: Magearna|0 fnt\n|faint|p1a: Magearna\n|\n|-weather|RainDance|[upkeep]\n|upkeep\n|\n|t:|1699966275\n|switch|p1a: Blaziken|Blaziken, F, shiny|100\/100\n|-activate|p1a: Blaziken|move: Sticky Web\n|-unboost|p1a: Blaziken|spe|1\n|turn|17\n|\n|t:|1699966281\n|detailschange|p1a: Blaziken|Blaziken-Mega, F, shiny\n|-mega|p1a: Blaziken|Blaziken|Blazikenite\n|move|p1a: Blaziken|Protect|p1a: Blaziken\n|-singleturn|p1a: Blaziken|Protect\n|move|p2a: \ud83d\udca7BARBARCLE\ud83d\udca7\ud83d\udca6|Liquidation|p1a: Blaziken\n|-activate|p1a: Blaziken|move: Protect\n|\n|-weather|RainDance|[upkeep]\n|-ability|p1a: Blaziken|Speed Boost|boost\n|-boost|p1a: Blaziken|spe|1\n|upkeep\n|turn|18\n|\n|t:|1699966294\n|move|p1a: Blaziken|Close Combat|p2a: \ud83d\udca7BARBARCLE\ud83d\udca7\ud83d\udca6\n|-supereffective|p2a: \ud83d\udca7BARBARCLE\ud83d\udca7\ud83d\udca6\n|-damage|p2a: \ud83d\udca7BARBARCLE\ud83d\udca7\ud83d\udca6|0 fnt\n|-unboost|p1a: Blaziken|def|1\n|-unboost|p1a: Blaziken|spd|1\n|faint|p2a: \ud83d\udca7BARBARCLE\ud83d\udca7\ud83d\udca6\n|\n|-weather|RainDance|[upkeep]\n|-ability|p1a: Blaziken|Speed Boost|boost\n|-boost|p1a: Blaziken|spe|1\n|upkeep\n|\n|t:|1699966307\n|switch|p2a: \ud83c\udf0a\ud83d\udca7TAUROS\ud83d\udca7\ud83d\udca6|Tauros-Paldea-Aqua, M, shiny|100\/100\n|-ability|p2a: \ud83c\udf0a\ud83d\udca7TAUROS\ud83d\udca7\ud83d\udca6|Intimidate|boost\n|-unboost|p1a: Blaziken|atk|1\n|turn|19\n|\n|t:|1699966316\n|switch|p1a: Flutter Mane|Flutter Mane|100\/100\n|-activate|p1a: Flutter Mane|move: Sticky Web\n|-unboost|p1a: Flutter Mane|spe|1\n|-enditem|p1a: Flutter Mane|Booster Energy\n|-activate|p1a: Flutter Mane|ability: Protosynthesis|[fromitem]\n|-start|p1a: Flutter Mane|protosynthesisspa\n|move|p2a: \ud83c\udf0a\ud83d\udca7TAUROS\ud83d\udca7\ud83d\udca6|Wave Crash|p1a: Flutter Mane\n|-damage|p1a: Flutter Mane|0 fnt\n|faint|p1a: Flutter Mane\n|-end|p1a: Flutter Mane|Protosynthesis|[silent]\n|-damage|p2a: \ud83c\udf0a\ud83d\udca7TAUROS\ud83d\udca7\ud83d\udca6|72\/100|[from] Recoil\n|\n|-weather|none\n|upkeep\n|\n|t:|1699966329\n|switch|p1a: Blaziken|Blaziken-Mega, F, shiny|100\/100\n|-activate|p1a: Blaziken|move: Sticky Web\n|-unboost|p1a: Blaziken|spe|1\n|turn|20\n|\n|t:|1699966335\n|move|p1a: Blaziken|Protect|p1a: Blaziken\n|-singleturn|p1a: Blaziken|Protect\n|move|p2a: \ud83c\udf0a\ud83d\udca7TAUROS\ud83d\udca7\ud83d\udca6|Raging Bull|p1a: Blaziken\n|-activate|p1a: Blaziken|move: Protect\n|\n|-ability|p1a: Blaziken|Speed Boost|boost\n|-boost|p1a: Blaziken|spe|1\n|upkeep\n|turn|21\n|\n|t:|1699966345\n|move|p2a: \ud83c\udf0a\ud83d\udca7TAUROS\ud83d\udca7\ud83d\udca6|Raging Bull|p1a: Blaziken\n|-supereffective|p1a: Blaziken\n|-damage|p1a: Blaziken|0 fnt\n|faint|p1a: Blaziken\n|\n|win|HYDRO-MODE\ufe0f\ufe0f\ufe0f\u267e\ufe0f\n|raw|nombre epico.jpg's rating: 1126 &rarr; <strong>1103<\/strong><br \/>(-23 for losing)\n|raw|HYDRO-MODE\ufe0f\ufe0f\ufe0f\u267e\ufe0f's rating: 1150 &rarr; <strong>1173<\/strong><br \/>(+23 for winning)\n|l|\u2606nombre epico.jpg\n|c|\u2606HYDRO-MODE\ufe0f\ufe0f\ufe0f\u267e\ufe0f|I win\n","uploadtime":1699966496,"views":6,"p1id":"nombreepicojpg","p2id":"hydromode","formatid":"gen9nationaldexubers","rating":1103,"private":0,"password":""}