{"id":"gen9nationaldexubers-1984231756","p1":"wholesomegardepls","p2":"deivide0x18","format":"[Gen 9] National Dex Ubers","log":"|j|\u2606wholesomegardepls\n|j|\u2606deivide0x18\n|t:|1699232957\n|gametype|singles\n|player|p1|wholesomegardepls|ghetsis-gen5bw|1007\n|player|p2|deivide0x18|cynthia-gen4|1081\n|teamsize|p1|6\n|teamsize|p2|6\n|gen|9\n|tier|[Gen 9] National Dex Ubers\n|rated|\n|rule|HP Percentage Mod: HP is shown in percentages\n|rule|Endless Battle Clause: Forcing endless battles is banned\n|rule|OHKO Clause: OHKO moves are banned\n|rule|Evasion Moves Clause: Evasion moves are banned\n|rule|Evasion Items Clause: Evasion items are banned\n|rule|Species Clause: Limit one of each Pok\u00e9mon\n|rule|Sleep Clause Mod: Limit one foe put to sleep\n|rule|Mega Rayquaza Clause: You cannot mega evolve Rayquaza\n|clearpoke\n|poke|p1|Urshifu-*, M|\n|poke|p1|Necrozma-Dusk-Mane|\n|poke|p1|Eternatus|\n|poke|p1|Regieleki|\n|poke|p1|Darmanitan-Galar, M|\n|poke|p1|Calyrex-Ice|\n|poke|p2|Lucario, F|\n|poke|p2|Groudon|\n|poke|p2|Kyogre|\n|poke|p2|Zamazenta-*|\n|poke|p2|Zacian-*|\n|poke|p2|Smeargle, F|\n|teampreview\n|inactive|Battle timer is ON: inactive players will automatically lose when time's up. (requested by wholesomegardepls)\n|\n|t:|1699232961\n|start\n|switch|p1a: Necrozma|Necrozma-Dusk-Mane, shiny|100\/100\n|switch|p2a: Smeargle|Smeargle, F|100\/100\n|turn|1\n|\n|t:|1699232969\n|move|p2a: Smeargle|Sticky Web|p1a: Necrozma\n|-sidestart|p1: wholesomegardepls|move: Sticky Web\n|move|p1a: Necrozma|Toxic|p2a: Smeargle\n|-status|p2a: Smeargle|tox\n|\n|-damage|p2a: Smeargle|95\/100 tox|[from] psn\n|upkeep\n|turn|2\n|\n|t:|1699232980\n|move|p2a: Smeargle|Body Slam|p1a: Necrozma\n|-resisted|p1a: Necrozma\n|-damage|p1a: Necrozma|95\/100\n|-status|p1a: Necrozma|par\n|move|p1a: Necrozma|Stealth Rock|p2a: Smeargle\n|-sidestart|p2: deivide0x18|move: Stealth Rock\n|\n|-heal|p1a: Necrozma|100\/100 par|[from] item: Leftovers\n|-damage|p2a: Smeargle|83\/100 tox|[from] psn\n|upkeep\n|turn|3\n|\n|t:|1699232987\n|move|p2a: Smeargle|Body Slam|p1a: Necrozma\n|-resisted|p1a: Necrozma\n|-damage|p1a: Necrozma|95\/100 par\n|move|p1a: Necrozma|Sunsteel Strike|p2a: Smeargle\n|-damage|p2a: Smeargle|0 fnt\n|faint|p2a: Smeargle\n|\n|-heal|p1a: Necrozma|100\/100 par|[from] item: Leftovers\n|upkeep\n|\n|t:|1699232991\n|switch|p2a: Groudon|Groudon|100\/100\n|-damage|p2a: Groudon|94\/100|[from] Stealth Rock\n|detailschange|p2a: Groudon|Groudon-Primal\n|-primal|p2a: Groudon|Red Orb\n|-weather|DesolateLand|[from] ability: Desolate Land|[of] p2a: Groudon\n|turn|4\n|\n|t:|1699232998\n|move|p2a: Groudon|Stealth Rock|p1a: Necrozma\n|-sidestart|p1: wholesomegardepls|move: Stealth Rock\n|move|p1a: Necrozma|Toxic|p2a: Groudon\n|-status|p2a: Groudon|tox\n|\n|-weather|DesolateLand|[upkeep]\n|-damage|p2a: Groudon|88\/100 tox|[from] psn\n|upkeep\n|turn|5\n|\n|t:|1699233011\n|move|p2a: Groudon|Eruption|p1a: Necrozma\n|-supereffective|p1a: Necrozma\n|-damage|p1a: Necrozma|11\/100 par\n|move|p1a: Necrozma|Morning Sun|p1a: Necrozma\n|-heal|p1a: Necrozma|77\/100 par\n|\n|-weather|DesolateLand|[upkeep]\n|-heal|p1a: Necrozma|83\/100 par|[from] item: Leftovers\n|-damage|p2a: Groudon|76\/100 tox|[from] psn\n|upkeep\n|turn|6\n|\n|t:|1699233017\n|move|p2a: Groudon|Eruption|p1a: Necrozma\n|-supereffective|p1a: Necrozma\n|-damage|p1a: Necrozma|6\/100 par\n|cant|p1a: Necrozma|par\n|\n|-weather|DesolateLand|[upkeep]\n|-heal|p1a: Necrozma|12\/100 par|[from] item: Leftovers\n|-damage|p2a: Groudon|57\/100 tox|[from] psn\n|upkeep\n|turn|7\n|\n|t:|1699233028\n|move|p2a: Groudon|Eruption|p1a: Necrozma\n|-supereffective|p1a: Necrozma\n|-damage|p1a: Necrozma|0 fnt\n|faint|p1a: Necrozma\n|\n|-weather|DesolateLand|[upkeep]\n|-damage|p2a: Groudon|32\/100 tox|[from] psn\n|upkeep\n|\n|t:|1699233040\n|switch|p1a: Regieleki|Regieleki, shiny|100\/100\n|turn|8\n|\n|t:|1699233044\n|move|p1a: Regieleki|Rapid Spin|p2a: Groudon\n|-crit|p2a: Groudon\n|-damage|p2a: Groudon|24\/100 tox\n|-boost|p1a: Regieleki|spe|1\n|-sideend|p1: wholesomegardepls|Stealth Rock|[from] move: Rapid Spin|[of] p1a: Regieleki\n|-sideend|p1: wholesomegardepls|Sticky Web|[from] move: Rapid Spin|[of] p1a: Regieleki\n|move|p2a: Groudon|Earthquake|p1a: Regieleki\n|-supereffective|p1a: Regieleki\n|-damage|p1a: Regieleki|0 fnt\n|faint|p1a: Regieleki\n|\n|-weather|DesolateLand|[upkeep]\n|-damage|p2a: Groudon|0 fnt|[from] psn\n|faint|p2a: Groudon\n|-weather|none\n|upkeep\n|\n|t:|1699233055\n|switch|p1a: Urshifu|Urshifu, M|100\/100\n|switch|p2a: Kyogre|Kyogre|100\/100\n|-damage|p2a: Kyogre|88\/100|[from] Stealth Rock\n|detailschange|p2a: Kyogre|Kyogre-Primal\n|-primal|p2a: Kyogre|Blue Orb\n|-weather|PrimordialSea|[from] ability: Primordial Sea|[of] p2a: Kyogre\n|turn|9\n|\n|t:|1699233060\n|move|p1a: Urshifu|Wicked Blow|p2a: Kyogre\n|-crit|p2a: Kyogre\n|-damage|p2a: Kyogre|0 fnt\n|faint|p2a: Kyogre\n|-weather|none\n|-damage|p1a: Urshifu|91\/100|[from] item: Life Orb\n|\n|upkeep\n|\n|t:|1699233081\n|switch|p2a: Zamazenta|Zamazenta-Crowned|100\/100\n|-damage|p2a: Zamazenta|97\/100|[from] Stealth Rock\n|-ability|p2a: Zamazenta|Dauntless Shield|boost\n|-boost|p2a: Zamazenta|def|1\n|turn|10\n|\n|t:|1699233095\n|-terastallize|p1a: Urshifu|Poison\n|move|p2a: Zamazenta|Close Combat|p1a: Urshifu\n|-resisted|p1a: Urshifu\n|-damage|p1a: Urshifu|57\/100\n|-unboost|p2a: Zamazenta|def|1\n|-unboost|p2a: Zamazenta|spd|1\n|move|p1a: Urshifu|Close Combat|p2a: Zamazenta\n|-supereffective|p2a: Zamazenta\n|-damage|p2a: Zamazenta|0 fnt\n|-unboost|p1a: Urshifu|def|1\n|-unboost|p1a: Urshifu|spd|1\n|faint|p2a: Zamazenta\n|-damage|p1a: Urshifu|47\/100|[from] item: Life Orb\n|\n|upkeep\n|\n|t:|1699233113\n|switch|p2a: Lucario|Lucario, F|100\/100\n|-damage|p2a: Lucario|98\/100|[from] Stealth Rock\n|turn|11\n|\n|t:|1699233119\n|switch|p1a: Eternatus|Eternatus|100\/100\n|-ability|p1a: Eternatus|Pressure\n|detailschange|p2a: Lucario|Lucario-Mega, F\n|-mega|p2a: Lucario|Lucario|Lucarionite\n|move|p2a: Lucario|Close Combat|p1a: Eternatus\n|-resisted|p1a: Eternatus\n|-damage|p1a: Eternatus|65\/100\n|-unboost|p2a: Lucario|def|1\n|-unboost|p2a: Lucario|spd|1\n|\n|-heal|p1a: Eternatus|72\/100|[from] item: Leftovers\n|upkeep\n|turn|12\n|\n|t:|1699233125\n|move|p1a: Eternatus|Fire Blast|p2a: Lucario\n|-supereffective|p2a: Lucario\n|-damage|p2a: Lucario|0 fnt\n|faint|p2a: Lucario\n|\n|-heal|p1a: Eternatus|78\/100|[from] item: Leftovers\n|upkeep\n|\n|t:|1699233128\n|switch|p2a: Zacian|Zacian-Crowned|100\/100\n|-damage|p2a: Zacian|94\/100|[from] Stealth Rock\n|-ability|p2a: Zacian|Intrepid Sword|boost\n|-boost|p2a: Zacian|atk|1\n|turn|13\n|\n|t:|1699233133\n|move|p2a: Zacian|Behemoth Blade|p1a: Eternatus\n|-damage|p1a: Eternatus|2\/100\n|move|p1a: Eternatus|Fire Blast|p2a: Zacian|[miss]\n|-miss|p1a: Eternatus|p2a: Zacian\n|\n|-heal|p1a: Eternatus|8\/100|[from] item: Leftovers\n|upkeep\n|turn|14\n|\n|t:|1699233138\n|move|p2a: Zacian|Behemoth Blade|p1a: Eternatus\n|-damage|p1a: Eternatus|0 fnt\n|faint|p1a: Eternatus\n|\n|upkeep\n|\n|t:|1699233142\n|switch|p1a: Calyrex|Calyrex-Ice|100\/100\n|-ability|p1a: Calyrex|As One\n|-ability|p1a: Calyrex|Unnerve\n|turn|15\n|\n|t:|1699233155\n|move|p2a: Zacian|Behemoth Blade|p1a: Calyrex\n|-supereffective|p1a: Calyrex\n|-damage|p1a: Calyrex|0 fnt\n|faint|p1a: Calyrex\n|\n|upkeep\n|\n|t:|1699233159\n|switch|p1a: Darmanitan|Darmanitan-Galar, M, shiny|100\/100\n|turn|16\n|\n|t:|1699233163\n|move|p1a: Darmanitan|Flare Blitz|p2a: Zacian\n|-supereffective|p2a: Zacian\n|-damage|p2a: Zacian|0 fnt\n|faint|p2a: Zacian\n|-damage|p1a: Darmanitan|72\/100|[from] Recoil\n|\n|win|wholesomegardepls\n|raw|wholesomegardepls's rating: 1007 &rarr; <strong>1054<\/strong><br \/>(+47 for winning)\n|raw|deivide0x18's rating: 1081 &rarr; <strong>1054<\/strong><br \/>(-27 for losing)\n|l|\u2606deivide0x18\n|c|\u2606wholesomegardepls|gg wp\n","uploadtime":1699233329,"views":5,"p1id":"wholesomegardepls","p2id":"deivide0x18","formatid":"gen9nationaldexubers","rating":1054,"private":0,"password":""}