{"id":"gen9nationaldexubers-1995270147","p1":"RyPaKi","p2":"Rhyfinn1.1.1","format":"[Gen 9] National Dex Ubers","log":"|j|\u2606RyPaKi\n|j|\u2606Rhyfinn1.1.1\n|t:|1700544378\n|gametype|singles\n|player|p1|RyPaKi|rika|1098\n|player|p2|Rhyfinn1.1.1|ninjaboy|1070\n|teamsize|p1|6\n|teamsize|p2|6\n|gen|9\n|tier|[Gen 9] National Dex Ubers\n|rated|\n|rule|HP Percentage Mod: HP is shown in percentages\n|rule|Endless Battle Clause: Forcing endless battles is banned\n|rule|OHKO Clause: OHKO moves are banned\n|rule|Evasion Moves Clause: Evasion moves are banned\n|rule|Evasion Items Clause: Evasion items are banned\n|rule|Species Clause: Limit one of each Pok\u00e9mon\n|rule|Sleep Clause Mod: Limit one foe put to sleep\n|rule|Mega Rayquaza Clause: You cannot mega evolve Rayquaza\n|clearpoke\n|poke|p1|Kyogre|\n|poke|p1|Politoed, F|\n|poke|p1|Swampert, M|\n|poke|p1|Omastar, M|\n|poke|p1|Zapdos|\n|poke|p1|Barraskewda, F|\n|poke|p2|Xerneas-*|\n|poke|p2|Marshadow|\n|poke|p2|Groudon|\n|poke|p2|Deoxys-Speed|\n|poke|p2|Necrozma-Dusk-Mane|\n|poke|p2|Pheromosa|\n|teampreview\n|inactive|Battle timer is ON: inactive players will automatically lose when time's up. (requested by Rhyfinn1.1.1)\n|\n|t:|1700544386\n|start\n|switch|p1a: Politoed|Politoed, F|100\/100\n|switch|p2a: Deoxys|Deoxys-Speed, shiny|100\/100\n|-ability|p2a: Deoxys|Pressure\n|-weather|RainDance|[from] ability: Drizzle|[of] p1a: Politoed\n|turn|1\n|\n|t:|1700544398\n|move|p2a: Deoxys|Stealth Rock|p1a: Politoed\n|-sidestart|p1: RyPaKi|move: Stealth Rock\n|move|p1a: Politoed|Hypnosis|p2a: Deoxys\n|-status|p2a: Deoxys|slp|[from] move: Hypnosis\n|\n|-weather|RainDance|[upkeep]\n|upkeep\n|turn|2\n|\n|t:|1700544404\n|switch|p2a: Groudon|Groudon, shiny|100\/100\n|detailschange|p2a: Groudon|Groudon-Primal, shiny\n|-primal|p2a: Groudon|Red Orb\n|-weather|DesolateLand|[from] ability: Desolate Land|[of] p2a: Groudon\n|move|p1a: Politoed|Earth Power|p2a: Groudon\n|-supereffective|p2a: Groudon\n|-damage|p2a: Groudon|45\/100\n|\n|-weather|DesolateLand|[upkeep]\n|upkeep\n|turn|3\n|\n|t:|1700544413\n|move|p2a: Groudon|Solar Beam||[still]\n|-prepare|p2a: Groudon|Solar Beam\n|-anim|p2a: Groudon|Solar Beam|p1a: Politoed\n|-supereffective|p1a: Politoed\n|-damage|p1a: Politoed|0 fnt\n|faint|p1a: Politoed\n|\n|-weather|DesolateLand|[upkeep]\n|upkeep\n|\n|t:|1700544420\n|switch|p1a: Kyogre|Kyogre, shiny|100\/100\n|-damage|p1a: Kyogre|88\/100|[from] Stealth Rock\n|detailschange|p1a: Kyogre|Kyogre-Primal, shiny\n|-primal|p1a: Kyogre|Blue Orb\n|-weather|PrimordialSea|[from] ability: Primordial Sea|[of] p1a: Kyogre\n|turn|4\n|j| lnkibugfytrd\n|l| lnkibugfytrd\n|\n|t:|1700544433\n|switch|p2a: Deoxys|Deoxys-Speed, shiny|100\/100 slp\n|-ability|p2a: Deoxys|Pressure\n|move|p1a: Kyogre|Water Spout|p2a: Deoxys\n|-enditem|p2a: Deoxys|Focus Sash\n|-damage|p2a: Deoxys|1\/100 slp\n|\n|-weather|PrimordialSea|[upkeep]\n|upkeep\n|turn|5\n|\n|t:|1700544456\n|switch|p2a: Groudon|Groudon-Primal, shiny|45\/100\n|-weather|DesolateLand|[from] ability: Desolate Land|[of] p2a: Groudon\n|switch|p1a: Omastar|Omastar, M, shiny|100\/100\n|-damage|p1a: Omastar|88\/100|[from] Stealth Rock\n|\n|-weather|DesolateLand|[upkeep]\n|upkeep\n|turn|6\n|\n|t:|1700544468\n|move|p2a: Groudon|Earth Power|p1a: Omastar\n|-supereffective|p1a: Omastar\n|-damage|p1a: Omastar|0 fnt\n|faint|p1a: Omastar\n|\n|-weather|DesolateLand|[upkeep]\n|upkeep\n|inactive|RyPaKi has 120 seconds left.\n|\n|t:|1700544487\n|switch|p1a: Kyogre|Kyogre-Primal, shiny|88\/100\n|-damage|p1a: Kyogre|76\/100|[from] Stealth Rock\n|-weather|PrimordialSea|[from] ability: Primordial Sea|[of] p1a: Kyogre\n|turn|7\n|\n|t:|1700544493\n|switch|p2a: Deoxys|Deoxys-Speed, shiny|1\/100 slp\n|-ability|p2a: Deoxys|Pressure\n|move|p1a: Kyogre|Water Spout|p2a: Deoxys\n|-damage|p2a: Deoxys|0 fnt\n|faint|p2a: Deoxys\n|\n|-weather|PrimordialSea|[upkeep]\n|upkeep\n|\n|t:|1700544506\n|switch|p2a: Groudon|Groudon-Primal, shiny|45\/100\n|-weather|DesolateLand|[from] ability: Desolate Land|[of] p2a: Groudon\n|turn|8\n|\n|t:|1700544511\n|-weather|none\n|switch|p2a: Pheromosa|Pheromosa, shiny|100\/100\n|move|p1a: Kyogre|Blizzard|p2a: Pheromosa\n|-damage|p2a: Pheromosa|0 fnt\n|faint|p2a: Pheromosa\n|\n|upkeep\n|\n|t:|1700544518\n|switch|p2a: Xerneas|Xerneas|100\/100\n|-ability|p2a: Xerneas|Fairy Aura\n|turn|9\n|\n|t:|1700544535\n|move|p1a: Kyogre|Water Spout|p2a: Xerneas\n|-crit|p2a: Xerneas\n|-damage|p2a: Xerneas|0 fnt\n|faint|p2a: Xerneas\n|\n|upkeep\n|\n|t:|1700544543\n|switch|p2a: Necrozma|Necrozma-Dusk-Mane, shiny|100\/100\n|turn|10\n|inactive|RyPaKi has 120 seconds left.\n|\n|t:|1700544586\n|detailschange|p2a: Necrozma|Necrozma-Ultra, shiny\n|-burst|p2a: Necrozma|Necrozma|Ultranecrozium Z\n|move|p2a: Necrozma|Dragon Dance|p2a: Necrozma\n|-boost|p2a: Necrozma|atk|1\n|-boost|p2a: Necrozma|spe|1\n|move|p1a: Kyogre|Water Spout|p2a: Necrozma\n|-resisted|p2a: Necrozma\n|-damage|p2a: Necrozma|55\/100\n|\n|upkeep\n|turn|11\n|\n|t:|1700544595\n|-zpower|p2a: Necrozma\n|move|p2a: Necrozma|Light That Burns the Sky|p1a: Kyogre|[zeffect]\n|-damage|p1a: Kyogre|0 fnt\n|faint|p1a: Kyogre\n|\n|upkeep\n|inactive|RyPaKi has 90 seconds left.\n|\n|t:|1700544627\n|switch|p1a: Swampert|Swampert, M, shiny|100\/100\n|-damage|p1a: Swampert|94\/100|[from] Stealth Rock\n|turn|12\n|\n|t:|1700544645\n|detailschange|p1a: Swampert|Swampert-Mega, M, shiny\n|-mega|p1a: Swampert|Swampert|Swampertite\n|move|p2a: Necrozma|Photon Geyser|p1a: Swampert\n|-damage|p1a: Swampert|4\/100\n|move|p1a: Swampert|Ice Punch|p2a: Necrozma\n|-supereffective|p2a: Necrozma\n|-damage|p2a: Necrozma|0 fnt\n|faint|p2a: Necrozma\n|\n|upkeep\n|\n|t:|1700544659\n|switch|p2a: Groudon|Groudon-Primal, shiny|45\/100\n|-weather|DesolateLand|[from] ability: Desolate Land|[of] p2a: Groudon\n|turn|13\n|\n|t:|1700544669\n|move|p2a: Groudon|Solar Beam||[still]\n|-prepare|p2a: Groudon|Solar Beam\n|-anim|p2a: Groudon|Solar Beam|p1a: Swampert\n|-supereffective|p1a: Swampert\n|-damage|p1a: Swampert|0 fnt\n|faint|p1a: Swampert\n|\n|-weather|DesolateLand|[upkeep]\n|upkeep\n|\n|t:|1700544679\n|switch|p1a: Barraskewda|Barraskewda, F, shiny|100\/100\n|-damage|p1a: Barraskewda|88\/100|[from] Stealth Rock\n|turn|14\n|\n|t:|1700544688\n|move|p1a: Barraskewda|Drill Run|p2a: Groudon\n|-supereffective|p2a: Groudon\n|-damage|p2a: Groudon|8\/100\n|move|p2a: Groudon|Rock Polish|p2a: Groudon\n|-boost|p2a: Groudon|spe|2\n|\n|-weather|DesolateLand|[upkeep]\n|upkeep\n|turn|15\n|\n|t:|1700544696\n|move|p2a: Groudon|Solar Beam||[still]\n|-prepare|p2a: Groudon|Solar Beam\n|-anim|p2a: Groudon|Solar Beam|p1a: Barraskewda\n|-supereffective|p1a: Barraskewda\n|-damage|p1a: Barraskewda|0 fnt\n|faint|p1a: Barraskewda\n|\n|-weather|DesolateLand|[upkeep]\n|upkeep\n|\n|t:|1700544702\n|switch|p1a: Zapdos|Zapdos|100\/100\n|-damage|p1a: Zapdos|76\/100|[from] Stealth Rock\n|-ability|p1a: Zapdos|Pressure\n|turn|16\n|inactive|RyPaKi has 120 seconds left.\n|\n|t:|1700544710\n|move|p2a: Groudon|Flamethrower|p1a: Zapdos\n|-damage|p1a: Zapdos|0 fnt\n|faint|p1a: Zapdos\n|\n|win|Rhyfinn1.1.1\n|raw|RyPaKi's rating: 1098 &rarr; <strong>1071<\/strong><br \/>(-27 for losing)\n|raw|Rhyfinn1.1.1's rating: 1070 &rarr; <strong>1102<\/strong><br \/>(+32 for winning)\n|c|\u2606RyPaKi|ggwp\n","uploadtime":1700544715,"views":1,"p1id":"rypaki","p2id":"rhyfinn111","formatid":"gen9nationaldexubers","rating":1071,"private":0,"password":""}