{"id":"gen9nationaldexubers-1984766146","p1":"Dan07B","p2":"Elin Baecil","format":"[Gen 9] National Dex Ubers","log":"|j|\u2606Dan07B\n|j|\u2606Elin Baecil\n|t:|1699297274\n|gametype|singles\n|player|p1|Dan07B|pokemonranger-gen4|\n|player|p2|Elin Baecil|leon-masters|\n|teamsize|p1|6\n|teamsize|p2|6\n|gen|9\n|tier|[Gen 9] National Dex Ubers\n|rule|HP Percentage Mod: HP is shown in percentages\n|rule|Endless Battle Clause: Forcing endless battles is banned\n|rule|OHKO Clause: OHKO moves are banned\n|rule|Evasion Moves Clause: Evasion moves are banned\n|rule|Evasion Items Clause: Evasion items are banned\n|rule|Species Clause: Limit one of each Pok\u00e9mon\n|rule|Sleep Clause Mod: Limit one foe put to sleep\n|rule|Mega Rayquaza Clause: You cannot mega evolve Rayquaza\n|clearpoke\n|poke|p1|Goodra-Hisui, F|\n|poke|p1|Gardevoir, F|\n|poke|p1|Dracovish|\n|poke|p1|Metagross|\n|poke|p1|Sirfetch\u2019d, F|\n|poke|p1|Toxapex, M|\n|poke|p2|Ursaluna-Bloodmoon, M|\n|poke|p2|Dragonite, F|\n|poke|p2|Cyclizar, M|\n|poke|p2|Kangaskhan, F|\n|poke|p2|Porygon-Z|\n|poke|p2|Chansey, F|\n|teampreview\n|\n|t:|1699297283\n|start\n|switch|p1a: Mortarion|Toxapex, M|100\/100\n|switch|p2a: Cyclizar|Cyclizar, M|100\/100\n|turn|1\n|\n|t:|1699297289\n|move|p2a: Cyclizar|Shed Tail|p2a: Cyclizar\n|-start|p2a: Cyclizar|Substitute|[from] move: Shed Tail\n|-damage|p2a: Cyclizar|50\/100\n|\n|t:|1699297310\n|switch|p2a: Dragonite|Dragonite, F|100\/100|[from] Shed Tail\n|move|p1a: Mortarion|Knock Off|p2a: Dragonite\n|-activate|p2a: Dragonite|move: Substitute|[damage]\n|\n|upkeep\n|turn|2\n|\n|t:|1699297322\n|-terastallize|p2a: Dragonite|Normal\n|move|p2a: Dragonite|Dragon Dance|p2a: Dragonite\n|-boost|p2a: Dragonite|atk|1\n|-boost|p2a: Dragonite|spe|1\n|move|p1a: Mortarion|Knock Off|p2a: Dragonite\n|-activate|p2a: Dragonite|move: Substitute|[damage]\n|\n|upkeep\n|turn|3\n|\n|t:|1699297328\n|move|p2a: Dragonite|Dragon Dance|p2a: Dragonite\n|-boost|p2a: Dragonite|atk|1\n|-boost|p2a: Dragonite|spe|1\n|move|p1a: Mortarion|Knock Off|p2a: Dragonite\n|-end|p2a: Dragonite|Substitute\n|\n|upkeep\n|turn|4\n|\n|t:|1699297338\n|move|p1a: Mortarion|Baneful Bunker|p1a: Mortarion\n|-singleturn|p1a: Mortarion|move: Protect\n|move|p2a: Dragonite|Encore|p1a: Mortarion\n|-activate|p1a: Mortarion|move: Protect\n|\n|upkeep\n|turn|5\n|\n|t:|1699297352\n|switch|p1a: Perturabo|Metagross, shiny|100\/100\n|move|p2a: Dragonite|Encore||[still]\n|-fail|p2a: Dragonite\n|\n|upkeep\n|turn|6\n|\n|t:|1699297357\n|detailschange|p1a: Perturabo|Metagross-Mega, shiny\n|-mega|p1a: Perturabo|Metagross|Metagrossite\n|move|p2a: Dragonite|Earthquake|p1a: Perturabo\n|-supereffective|p1a: Perturabo\n|-damage|p1a: Perturabo|0 fnt\n|faint|p1a: Perturabo\n|\n|upkeep\n|\n|t:|1699297365\n|switch|p1a: Mortarion|Toxapex, M|100\/100\n|turn|7\n|\n|t:|1699297370\n|move|p1a: Mortarion|Baneful Bunker|p1a: Mortarion\n|-singleturn|p1a: Mortarion|move: Protect\n|move|p2a: Dragonite|Earthquake|p1a: Mortarion\n|-activate|p1a: Mortarion|move: Protect\n|\n|upkeep\n|turn|8\n|\n|t:|1699297373\n|move|p1a: Mortarion|Baneful Bunker|p1a: Mortarion\n|-singleturn|p1a: Mortarion|move: Protect\n|move|p2a: Dragonite|Encore|p1a: Mortarion\n|-activate|p1a: Mortarion|move: Protect\n|\n|upkeep\n|turn|9\n|\n|t:|1699297379\n|move|p1a: Mortarion|Baneful Bunker||[still]\n|-fail|p1a: Mortarion\n|move|p2a: Dragonite|Encore|p1a: Mortarion\n|-start|p1a: Mortarion|Encore\n|\n|upkeep\n|turn|10\n|j| s.daninja\n|\n|t:|1699297382\n|move|p1a: Mortarion|Baneful Bunker|p1a: Mortarion\n|-singleturn|p1a: Mortarion|move: Protect\n|move|p2a: Dragonite|Dragon Dance|p2a: Dragonite\n|-boost|p2a: Dragonite|atk|1\n|-boost|p2a: Dragonite|spe|1\n|\n|upkeep\n|turn|11\n|\n|t:|1699297384\n|move|p1a: Mortarion|Baneful Bunker||[still]\n|-fail|p1a: Mortarion\n|move|p2a: Dragonite|Earthquake|p1a: Mortarion\n|-supereffective|p1a: Mortarion\n|-damage|p1a: Mortarion|0 fnt\n|faint|p1a: Mortarion\n|\n|upkeep\n|\n|t:|1699297407\n|switch|p1a: Lion El'jonhson|Sirfetch\u2019d, F, shiny|100\/100\n|turn|12\n|\n|t:|1699297415\n|-terastallize|p1a: Lion El'jonhson|Flying\n|move|p2a: Dragonite|Extreme Speed|p1a: Lion El'jonhson\n|-damage|p1a: Lion El'jonhson|0 fnt\n|faint|p1a: Lion El'jonhson\n|\n|upkeep\n|\n|t:|1699297424\n|switch|p1a: Konrad Curze|Dracovish, shiny|100\/100\n|turn|13\n|\n|t:|1699297429\n|move|p2a: Dragonite|Extreme Speed|p1a: Konrad Curze\n|-damage|p1a: Konrad Curze|0 fnt\n|faint|p1a: Konrad Curze\n|\n|upkeep\n|\n|t:|1699297431\n|switch|p1a: Jade|Goodra-Hisui, F, shiny|100\/100\n|turn|14\n|\n|t:|1699297435\n|move|p2a: Dragonite|Earthquake|p1a: Jade\n|-supereffective|p1a: Jade\n|-damage|p1a: Jade|0 fnt\n|faint|p1a: Jade\n|\n|upkeep\n|\n|t:|1699297437\n|switch|p1a: Gardevoir|Gardevoir, F, shiny|100\/100\n|turn|15\n|\n|t:|1699297441\n|move|p2a: Dragonite|Extreme Speed|p1a: Gardevoir\n|-damage|p1a: Gardevoir|0 fnt\n|faint|p1a: Gardevoir\n|\n|win|Elin Baecil\n|c|\u2606Dan07B|Buena esa\n|l|\u2606Dan07B\n|l|\u2606Elin Baecil\n|l| s.daninja\n|j|\u2606Dan07B\n|player|p1|Dan07B|pokemonranger-gen4\n","uploadtime":1699297538,"views":6,"p1id":"dan07b","p2id":"elinbaecil","formatid":"gen9nationaldexubers","rating":0,"private":0,"password":""}