{"id":"gen9nationaldexubers-1985728919","p1":"KingoftheTitans","p2":"ThatDumbo","format":"[Gen 9] National Dex Ubers","log":"|j|\u2606KingoftheTitans\n|j|\u2606ThatDumbo\n|t:|1699400011\n|gametype|singles\n|player|p1|KingoftheTitans|170|1259\n|player|p2|ThatDumbo|1|1307\n|teamsize|p1|6\n|teamsize|p2|6\n|gen|9\n|tier|[Gen 9] National Dex Ubers\n|rated|\n|rule|HP Percentage Mod: HP is shown in percentages\n|rule|Endless Battle Clause: Forcing endless battles is banned\n|rule|OHKO Clause: OHKO moves are banned\n|rule|Evasion Moves Clause: Evasion moves are banned\n|rule|Evasion Items Clause: Evasion items are banned\n|rule|Species Clause: Limit one of each Pok\u00e9mon\n|rule|Sleep Clause Mod: Limit one foe put to sleep\n|rule|Mega Rayquaza Clause: You cannot mega evolve Rayquaza\n|clearpoke\n|poke|p1|Porygon-Z|\n|poke|p1|Absol, F|\n|poke|p1|Iron Valiant|\n|poke|p1|Heatran, M|\n|poke|p1|Genesect|\n|poke|p1|Rotom-Wash|\n|poke|p2|Ninjask, M|\n|poke|p2|Crawdaunt, F|\n|poke|p2|Lopunny, M|\n|poke|p2|Ferrothorn, M|\n|poke|p2|Dragapult, M|\n|poke|p2|Clefable, M|\n|teampreview\n|\n|t:|1699400017\n|start\n|switch|p1a: Genesect|Genesect, shiny|100\/100\n|switch|p2a: Locust|Ninjask, M|100\/100\n|-ability|p1a: Genesect|Download|boost\n|-boost|p1a: Genesect|atk|1\n|-enditem|p2a: Locust|Mirror Herb\n|-boost|p2a: Locust|atk|1|[from] item: Mirror Herb\n|turn|1\n|\n|t:|1699400025\n|move|p1a: Genesect|Extreme Speed|p2a: Locust\n|-damage|p2a: Locust|10\/100\n|move|p2a: Locust|Substitute|p2a: Locust\n|-fail|p2a: Locust|move: Substitute|[weak]\n|\n|-ability|p2a: Locust|Speed Boost|boost\n|-boost|p2a: Locust|spe|1\n|upkeep\n|turn|2\n|\n|t:|1699400032\n|switch|p2a: Fade|Dragapult, M|100\/100\n|move|p1a: Genesect|Extreme Speed|p2a: Fade\n|-immune|p2a: Fade\n|\n|upkeep\n|turn|3\n|\n|t:|1699400044\n|switch|p1a: Heatran|Heatran, M|100\/100\n|-item|p1a: Heatran|Air Balloon\n|move|p2a: Fade|Substitute|p2a: Fade\n|-start|p2a: Fade|Substitute\n|-damage|p2a: Fade|76\/100\n|\n|-heal|p2a: Fade|82\/100|[from] item: Leftovers\n|upkeep\n|turn|4\n|\n|t:|1699400051\n|move|p2a: Fade|Dragon Dance|p2a: Fade\n|-boost|p2a: Fade|atk|1\n|-boost|p2a: Fade|spe|1\n|move|p1a: Heatran|Magma Storm|p2a: Fade\n|-resisted|p2a: Fade\n|-end|p2a: Fade|Substitute\n|\n|-heal|p2a: Fade|88\/100|[from] item: Leftovers\n|upkeep\n|turn|5\n|\n|t:|1699400059\n|move|p2a: Fade|Phantom Force||[still]\n|-prepare|p2a: Fade|Phantom Force\n|move|p1a: Heatran|Flash Cannon|p2a: Fade|[miss]\n|-miss|p1a: Heatran|p2a: Fade\n|\n|-heal|p2a: Fade|94\/100|[from] item: Leftovers\n|upkeep\n|turn|6\n|\n|t:|1699400066\n|switch|p1a: Porygon-Z|Porygon-Z|100\/100\n|move|p2a: Fade|Phantom Force|p1a: Porygon-Z|[from]lockedmove\n|-immune|p1a: Porygon-Z\n|\n|-heal|p2a: Fade|99\/100|[from] item: Leftovers\n|upkeep\n|turn|7\n|\n|t:|1699400073\n|move|p2a: Fade|Substitute|p2a: Fade\n|-start|p2a: Fade|Substitute\n|-damage|p2a: Fade|75\/100\n|move|p1a: Porygon-Z|Ice Beam|p2a: Fade\n|-supereffective|p2a: Fade\n|-end|p2a: Fade|Substitute\n|-damage|p1a: Porygon-Z|91\/100|[from] item: Life Orb\n|\n|-heal|p2a: Fade|81\/100|[from] item: Leftovers\n|upkeep\n|turn|8\n|\n|t:|1699400081\n|move|p2a: Fade|Dragon Darts|p1a: Porygon-Z\n|-damage|p1a: Porygon-Z|27\/100\n|-anim|p2a: Fade|Dragon Darts|p1a: Porygon-Z\n|-damage|p1a: Porygon-Z|0 fnt\n|faint|p1a: Porygon-Z\n|\n|-heal|p2a: Fade|87\/100|[from] item: Leftovers\n|upkeep\n|\n|t:|1699400092\n|switch|p1a: Absol|Absol, F|100\/100\n|-ability|p1a: Absol|Pressure\n|turn|9\n|\n|t:|1699400096\n|detailschange|p1a: Absol|Absol-Mega, F\n|-mega|p1a: Absol|Absol|Absolite\n|move|p1a: Absol|Sucker Punch||[still]\n|-fail|p1a: Absol\n|move|p2a: Fade|Substitute|p2a: Fade\n|-start|p2a: Fade|Substitute\n|-damage|p2a: Fade|62\/100\n|\n|-heal|p2a: Fade|68\/100|[from] item: Leftovers\n|upkeep\n|turn|10\n|\n|t:|1699400103\n|move|p1a: Absol|Sucker Punch|p2a: Fade\n|-supereffective|p2a: Fade\n|-end|p2a: Fade|Substitute\n|move|p2a: Fade|Dragon Darts|p1a: Absol\n|-damage|p1a: Absol|24\/100\n|-anim|p2a: Fade|Dragon Darts|p1a: Absol\n|-damage|p1a: Absol|0 fnt\n|faint|p1a: Absol\n|\n|-heal|p2a: Fade|74\/100|[from] item: Leftovers\n|upkeep\n|-message|KingoftheTitans forfeited.\n|\n|win|ThatDumbo\n|raw|KingoftheTitans's rating: 1259 &rarr; <strong>1237<\/strong><br \/>(-22 for losing)\n|raw|ThatDumbo's rating: 1307 &rarr; <strong>1324<\/strong><br \/>(+17 for winning)\n|l|\u2606KingoftheTitans\n","uploadtime":1699400127,"views":18,"p1id":"kingofthetitans","p2id":"thatdumbo","formatid":"gen9nationaldexubers","rating":1237,"private":0,"password":""}