{"id":"gen9nationaldexubers-1981381184","p1":"Cilantora","p2":"Cicjcjcjc","format":"[Gen 9] National Dex Ubers","log":"|j|\u2606Cilantora\n|j|\u2606Cicjcjcjc\n|t:|1698889587\n|gametype|singles\n|player|p1|Cilantora|veteran|1085\n|player|p2|Cicjcjcjc|eusine|1000\n|teamsize|p1|6\n|teamsize|p2|6\n|gen|9\n|tier|[Gen 9] National Dex Ubers\n|rated|\n|rule|HP Percentage Mod: HP is shown in percentages\n|rule|Endless Battle Clause: Forcing endless battles is banned\n|rule|OHKO Clause: OHKO moves are banned\n|rule|Evasion Moves Clause: Evasion moves are banned\n|rule|Evasion Items Clause: Evasion items are banned\n|rule|Species Clause: Limit one of each Pok\u00e9mon\n|rule|Sleep Clause Mod: Limit one foe put to sleep\n|rule|Mega Rayquaza Clause: You cannot mega evolve Rayquaza\n|clearpoke\n|poke|p1|Dragapult, M|\n|poke|p1|Breloom, F|\n|poke|p1|Cyclizar, F|\n|poke|p1|Annihilape, F|\n|poke|p1|Darmanitan-Galar, M|\n|poke|p1|Samurott-Hisui, M|\n|poke|p2|Necrozma-Dusk-Mane|\n|poke|p2|Melmetal|\n|poke|p2|Naganadel|\n|poke|p2|Zygarde|\n|poke|p2|Marshadow|\n|poke|p2|Lugia|\n|teampreview\n|\n|t:|1698889623\n|start\n|switch|p1a: Cyclizar|Cyclizar, F|100\/100\n|switch|p2a: Zygarde|Zygarde, shiny|100\/100\n|turn|1\n|\n|t:|1698889630\n|move|p1a: Cyclizar|Shed Tail|p1a: Cyclizar\n|-start|p1a: Cyclizar|Substitute|[from] move: Shed Tail\n|-damage|p1a: Cyclizar|50\/100\n|\n|t:|1698889633\n|switch|p1a: Darmanitan|Darmanitan-Galar, M|100\/100|[from] Shed Tail\n|move|p2a: Zygarde|Core Enforcer|p1a: Darmanitan\n|-end|p1a: Darmanitan|Substitute\n|\n|upkeep\n|turn|2\n|\n|t:|1698889642\n|-terastallize|p1a: Darmanitan|Ice\n|move|p1a: Darmanitan|Icicle Crash|p2a: Zygarde|[miss]\n|-miss|p1a: Darmanitan|p2a: Zygarde\n|move|p2a: Zygarde|Core Enforcer|p1a: Darmanitan\n|-damage|p1a: Darmanitan|56\/100\n|-endability|p1a: Darmanitan\n|\n|upkeep\n|turn|3\n|\n|t:|1698889652\n|move|p1a: Darmanitan|Icicle Crash|p2a: Zygarde\n|-supereffective|p2a: Zygarde\n|-damage|p2a: Zygarde|0 fnt\n|faint|p2a: Zygarde\n|\n|upkeep\n|\n|t:|1698889657\n|switch|p2a: Marshadow|Marshadow|100\/100\n|turn|4\n|\n|t:|1698889666\n|switch|p1a: Samurott|Samurott-Hisui, M|100\/100\n|move|p2a: Marshadow|Drain Punch|p1a: Samurott\n|-supereffective|p1a: Samurott\n|-enditem|p1a: Samurott|Focus Sash\n|-damage|p1a: Samurott|1\/100\n|\n|upkeep\n|turn|5\n|\n|t:|1698889721\n|move|p1a: Samurott|Aqua Jet|p2a: Marshadow\n|-damage|p2a: Marshadow|82\/100\n|move|p2a: Marshadow|Drain Punch|p1a: Samurott\n|-supereffective|p1a: Samurott\n|-damage|p1a: Samurott|0 fnt\n|-heal|p2a: Marshadow|83\/100|[from] drain|[of] p1a: Samurott\n|faint|p1a: Samurott\n|\n|upkeep\n|\n|t:|1698889734\n|switch|p1a: Dragapult|Dragapult, M|100\/100\n|turn|6\n|\n|t:|1698889783\n|move|p1a: Dragapult|Will-O-Wisp|p2a: Marshadow\n|-status|p2a: Marshadow|brn\n|move|p2a: Marshadow|Close Combat|p1a: Dragapult\n|-immune|p1a: Dragapult\n|\n|-damage|p2a: Marshadow|76\/100 brn|[from] brn\n|upkeep\n|turn|7\n|\n|t:|1698889791\n|move|p1a: Dragapult|Hex|p2a: Marshadow\n|-supereffective|p2a: Marshadow\n|-damage|p2a: Marshadow|0 fnt\n|faint|p2a: Marshadow\n|\n|upkeep\n|\n|t:|1698889795\n|switch|p2a: Lugia|Lugia|100\/100\n|-ability|p2a: Lugia|Pressure\n|turn|8\n|\n|t:|1698889828\n|move|p1a: Dragapult|Hex|p2a: Lugia\n|-supereffective|p2a: Lugia\n|-damage|p2a: Lugia|69\/100\n|move|p2a: Lugia|Psycho Boost|p1a: Dragapult\n|-damage|p1a: Dragapult|44\/100\n|-unboost|p2a: Lugia|spa|2\n|\n|upkeep\n|turn|9\n|\n|t:|1698889840\n|move|p1a: Dragapult|Draco Meteor|p2a: Lugia|[miss]\n|-miss|p1a: Dragapult|p2a: Lugia\n|move|p2a: Lugia|Psycho Boost|p1a: Dragapult\n|-damage|p1a: Dragapult|14\/100\n|-unboost|p2a: Lugia|spa|2\n|\n|upkeep\n|turn|10\n|\n|t:|1698889888\n|move|p1a: Dragapult|Draco Meteor|p2a: Lugia\n|-damage|p2a: Lugia|39\/100\n|-unboost|p1a: Dragapult|spa|2\n|move|p2a: Lugia|Psycho Boost|p1a: Dragapult\n|-crit|p1a: Dragapult\n|-damage|p1a: Dragapult|0 fnt\n|-unboost|p2a: Lugia|spa|2\n|faint|p1a: Dragapult\n|\n|upkeep\n|\n|t:|1698889898\n|switch|p1a: Annihilape|Annihilape, F|100\/100\n|turn|11\n|\n|t:|1698889907\n|move|p2a: Lugia|Blizzard|p1a: Annihilape\n|-damage|p1a: Annihilape|97\/100\n|move|p1a: Annihilape|Taunt|p2a: Lugia\n|-start|p2a: Lugia|move: Taunt\n|\n|-heal|p1a: Annihilape|100\/100|[from] item: Leftovers\n|upkeep\n|turn|12\n|\n|t:|1698889915\n|move|p2a: Lugia|Aeroblast|p1a: Annihilape\n|-supereffective|p1a: Annihilape\n|-damage|p1a: Annihilape|91\/100\n|move|p1a: Annihilape|Bulk Up|p1a: Annihilape\n|-boost|p1a: Annihilape|atk|1\n|-boost|p1a: Annihilape|def|1\n|\n|-heal|p1a: Annihilape|97\/100|[from] item: Leftovers\n|upkeep\n|turn|13\n|\n|t:|1698889928\n|switch|p2a: Melmetal|Melmetal, shiny|100\/100\n|move|p1a: Annihilape|Bulk Up|p1a: Annihilape\n|-boost|p1a: Annihilape|atk|1\n|-boost|p1a: Annihilape|def|1\n|\n|-heal|p1a: Annihilape|100\/100|[from] item: Leftovers\n|upkeep\n|turn|14\n|\n|t:|1698889947\n|move|p1a: Annihilape|Taunt|p2a: Melmetal\n|-start|p2a: Melmetal|move: Taunt\n|move|p2a: Melmetal|Double Iron Bash|p1a: Annihilape\n|-damage|p1a: Annihilape|80\/100\n|-damage|p1a: Annihilape|62\/100\n|-hitcount|p1a: Annihilape|2\n|\n|-heal|p1a: Annihilape|68\/100|[from] item: Leftovers\n|upkeep\n|turn|15\n|\n|t:|1698889956\n|move|p1a: Annihilape|Bulk Up|p1a: Annihilape\n|-boost|p1a: Annihilape|atk|1\n|-boost|p1a: Annihilape|def|1\n|move|p2a: Melmetal|Earthquake|p1a: Annihilape\n|-damage|p1a: Annihilape|52\/100\n|\n|-heal|p1a: Annihilape|58\/100|[from] item: Leftovers\n|upkeep\n|turn|16\n|\n|t:|1698889964\n|move|p1a: Annihilape|Bulk Up|p1a: Annihilape\n|-boost|p1a: Annihilape|atk|1\n|-boost|p1a: Annihilape|def|1\n|move|p2a: Melmetal|Thunder|p1a: Annihilape\n|-damage|p1a: Annihilape|45\/100\n|\n|-heal|p1a: Annihilape|51\/100|[from] item: Leftovers\n|-end|p2a: Melmetal|move: Taunt\n|upkeep\n|turn|17\n|\n|t:|1698889972\n|move|p1a: Annihilape|Drain Punch|p2a: Melmetal\n|-supereffective|p2a: Melmetal\n|-damage|p2a: Melmetal|14\/100\n|-heal|p1a: Annihilape|99\/100|[from] drain|[of] p2a: Melmetal\n|move|p2a: Melmetal|Double Iron Bash|p1a: Annihilape\n|-damage|p1a: Annihilape|86\/100\n|-damage|p1a: Annihilape|73\/100\n|-hitcount|p1a: Annihilape|2\n|\n|-heal|p1a: Annihilape|79\/100|[from] item: Leftovers\n|upkeep\n|turn|18\n|\n|t:|1698889987\n|switch|p2a: Naganadel|Naganadel|100\/100\n|move|p1a: Annihilape|Drain Punch|p2a: Naganadel\n|-resisted|p2a: Naganadel\n|-damage|p2a: Naganadel|49\/100\n|-heal|p1a: Annihilape|99\/100|[from] drain|[of] p2a: Naganadel\n|\n|-heal|p1a: Annihilape|100\/100|[from] item: Leftovers\n|upkeep\n|turn|19\n|\n|t:|1698890062\n|-zpower|p2a: Naganadel\n|move|p2a: Naganadel|Acid Downpour|p1a: Annihilape|[zeffect]\n|-resisted|p1a: Annihilape\n|-damage|p1a: Annihilape|91\/100\n|move|p1a: Annihilape|Rage Fist|p2a: Naganadel\n|-damage|p2a: Naganadel|0 fnt\n|faint|p2a: Naganadel\n|\n|-heal|p1a: Annihilape|97\/100|[from] item: Leftovers\n|upkeep\n|-message|Cicjcjcjc forfeited.\n|\n|win|Cilantora\n|raw|Cilantora's rating: 1085 &rarr; <strong>1109<\/strong><br \/>(+24 for winning)\n|raw|Cicjcjcjc's rating: 1040 &rarr; <strong>1026<\/strong><br \/>(-14 for losing)\n|l|\u2606Cicjcjcjc\n","uploadtime":1698890212,"views":10,"p1id":"cilantora","p2id":"cicjcjcjc","formatid":"gen9nationaldexubers","rating":1026,"private":0,"password":""}