{"id":"gen9nationaldexubers-1999135734","p1":"Mike LEsgo","p2":"waquiner","format":"[Gen 9] National Dex Ubers","log":"|j|\u2606Mike LEsgo\n|j|\u2606waquiner\n|t:|1701037020\n|gametype|singles\n|player|p1|Mike LEsgo|volkner|\n|player|p2|waquiner|lucas|\n|teamsize|p1|6\n|teamsize|p2|6\n|gen|9\n|tier|[Gen 9] National Dex Ubers\n|rule|HP Percentage Mod: HP is shown in percentages\n|rule|Endless Battle Clause: Forcing endless battles is banned\n|rule|OHKO Clause: OHKO moves are banned\n|rule|Evasion Moves Clause: Evasion moves are banned\n|rule|Evasion Items Clause: Evasion items are banned\n|rule|Species Clause: Limit one of each Pok\u00e9mon\n|rule|Sleep Clause Mod: Limit one foe put to sleep\n|rule|Mega Rayquaza Clause: You cannot mega evolve Rayquaza\n|clearpoke\n|poke|p1|Venusaur, M|\n|poke|p1|Raichu, F|\n|poke|p1|Nidoking, M|\n|poke|p1|Arcanine, M|\n|poke|p1|Raticate, M|\n|poke|p1|Gyarados, F|\n|poke|p2|Charizard, M|\n|poke|p2|Pikachu-Original, M|\n|poke|p2|Gengar, F|\n|poke|p2|Mewtwo|\n|poke|p2|Mew|\n|poke|p2|Blastoise, M|\n|teampreview\n|\n|t:|1701037029\n|start\n|switch|p1a: Nidoking|Nidoking, M|100\/100\n|switch|p2a: Mew|Mew|100\/100\n|turn|1\n|\n|t:|1701037071\n|move|p1a: Nidoking|Stealth Rock|p2a: Mew\n|-sidestart|p2: waquiner|move: Stealth Rock\n|move|p2a: Mew|Stealth Rock|p1a: Nidoking\n|-sidestart|p1: Mike LEsgo|move: Stealth Rock\n|\n|upkeep\n|turn|2\n|\n|t:|1701037086\n|move|p1a: Nidoking|Shadow Ball|p2a: Mew\n|-supereffective|p2a: Mew\n|-damage|p2a: Mew|59\/100\n|move|p2a: Mew|Tailwind|p2a: Mew\n|-sidestart|p2: waquiner|move: Tailwind\n|\n|-heal|p2a: Mew|66\/100|[from] item: Leftovers\n|upkeep\n|turn|3\n|\n|t:|1701037099\n|move|p2a: Mew|Psychic|p1a: Nidoking\n|-supereffective|p1a: Nidoking\n|-damage|p1a: Nidoking|19\/100\n|move|p1a: Nidoking|Shadow Ball|p2a: Mew\n|-supereffective|p2a: Mew\n|-damage|p2a: Mew|20\/100\n|\n|-heal|p2a: Mew|26\/100|[from] item: Leftovers\n|upkeep\n|turn|4\n|\n|t:|1701037114\n|move|p2a: Mew|Psychic|p1a: Nidoking\n|-supereffective|p1a: Nidoking\n|-damage|p1a: Nidoking|0 fnt\n|faint|p1a: Nidoking\n|\n|-heal|p2a: Mew|32\/100|[from] item: Leftovers\n|upkeep\n|\n|t:|1701037129\n|switch|p1a: Raichu|Raichu, F|100\/100\n|-damage|p1a: Raichu|88\/100|[from] Stealth Rock\n|-item|p1a: Raichu|Air Balloon\n|turn|5\n|\n|t:|1701037142\n|move|p1a: Raichu|Fake Out|p2a: Mew\n|-damage|p2a: Mew|22\/100\n|cant|p2a: Mew|flinch\n|\n|-heal|p2a: Mew|28\/100|[from] item: Leftovers\n|-sideend|p2: waquiner|move: Tailwind\n|upkeep\n|turn|6\n|\n|t:|1701037163\n|switch|p2a: Pikachu|Pikachu-Original, M|100\/100\n|-damage|p2a: Pikachu|88\/100|[from] Stealth Rock\n|move|p1a: Raichu|Knock Off|p2a: Pikachu\n|-damage|p2a: Pikachu|0 fnt\n|-enditem|p2a: Pikachu|Light Ball|[from] move: Knock Off|[of] p1a: Raichu\n|faint|p2a: Pikachu\n|\n|upkeep\n|\n|t:|1701037179\n|switch|p2a: Mewtwo|Mewtwo|100\/100\n|-ability|p2a: Mewtwo|Unnerve\n|-damage|p2a: Mewtwo|88\/100|[from] Stealth Rock\n|turn|7\n|\n|t:|1701037201\n|move|p2a: Mewtwo|Psystrike|p1a: Raichu\n|-damage|p1a: Raichu|0 fnt\n|-enditem|p1a: Raichu|Air Balloon\n|faint|p1a: Raichu\n|-damage|p2a: Mewtwo|78\/100|[from] item: Life Orb\n|\n|upkeep\n|\n|t:|1701037210\n|switch|p1a: Raticate|Raticate, M|100\/100\n|-damage|p1a: Raticate|88\/100|[from] Stealth Rock\n|turn|8\n|\n|t:|1701037218\n|move|p1a: Raticate|Sucker Punch|p2a: Mewtwo\n|-supereffective|p2a: Mewtwo\n|-damage|p2a: Mewtwo|24\/100\n|move|p2a: Mewtwo|Psystrike|p1a: Raticate\n|-damage|p1a: Raticate|0 fnt\n|faint|p1a: Raticate\n|-damage|p2a: Mewtwo|14\/100|[from] item: Life Orb\n|\n|upkeep\n|\n|t:|1701037229\n|switch|p1a: Arcanine|Arcanine, M|100\/100\n|-damage|p1a: Arcanine|76\/100|[from] Stealth Rock\n|turn|9\n|\n|t:|1701037252\n|move|p1a: Arcanine|Extreme Speed|p2a: Mewtwo\n|-damage|p2a: Mewtwo|0 fnt\n|faint|p2a: Mewtwo\n|\n|upkeep\n|\n|t:|1701037264\n|switch|p2a: Blastoise|Blastoise, M|100\/100\n|-damage|p2a: Blastoise|88\/100|[from] Stealth Rock\n|turn|10\n|\n|t:|1701037276\n|switch|p1a: Venusaur|Venusaur, M|100\/100\n|-damage|p1a: Venusaur|88\/100|[from] Stealth Rock\n|move|p2a: Blastoise|Shell Smash|p2a: Blastoise\n|-unboost|p2a: Blastoise|def|1\n|-unboost|p2a: Blastoise|spd|1\n|-boost|p2a: Blastoise|atk|2\n|-boost|p2a: Blastoise|spa|2\n|-boost|p2a: Blastoise|spe|2\n|-enditem|p2a: Blastoise|White Herb\n|-clearnegativeboost|p2a: Blastoise|[silent]\n|\n|-heal|p1a: Venusaur|94\/100|[from] item: Black Sludge\n|upkeep\n|turn|11\n|\n|t:|1701037291\n|move|p1a: Venusaur|Protect|p1a: Venusaur\n|-singleturn|p1a: Venusaur|Protect\n|move|p2a: Blastoise|Ice Beam|p1a: Venusaur\n|-activate|p1a: Venusaur|move: Protect\n|\n|-heal|p1a: Venusaur|99\/100|[from] item: Black Sludge\n|upkeep\n|turn|12\n|\n|t:|1701037306\n|move|p2a: Blastoise|Ice Beam|p1a: Venusaur\n|-supereffective|p1a: Venusaur\n|-damage|p1a: Venusaur|2\/100\n|move|p1a: Venusaur|Toxic|p2a: Blastoise\n|-status|p2a: Blastoise|tox\n|\n|-heal|p1a: Venusaur|8\/100|[from] item: Black Sludge\n|-damage|p2a: Blastoise|82\/100 tox|[from] psn\n|upkeep\n|turn|13\n|\n|t:|1701037320\n|move|p1a: Venusaur|Protect|p1a: Venusaur\n|-singleturn|p1a: Venusaur|Protect\n|move|p2a: Blastoise|Ice Beam|p1a: Venusaur\n|-activate|p1a: Venusaur|move: Protect\n|\n|-heal|p1a: Venusaur|14\/100|[from] item: Black Sludge\n|-damage|p2a: Blastoise|70\/100 tox|[from] psn\n|upkeep\n|turn|14\n|\n|t:|1701037332\n|move|p1a: Venusaur|Protect||[still]\n|-fail|p1a: Venusaur\n|move|p2a: Blastoise|Ice Beam|p1a: Venusaur\n|-supereffective|p1a: Venusaur\n|-damage|p1a: Venusaur|0 fnt\n|faint|p1a: Venusaur\n|\n|-damage|p2a: Blastoise|52\/100 tox|[from] psn\n|upkeep\n|\n|t:|1701037342\n|switch|p1a: Gyarados|Gyarados, F|100\/100\n|-damage|p1a: Gyarados|76\/100|[from] Stealth Rock\n|turn|15\n|\n|t:|1701037355\n|move|p2a: Blastoise|Ice Beam|p1a: Gyarados\n|-damage|p1a: Gyarados|20\/100\n|move|p1a: Gyarados|Outrage|p2a: Blastoise\n|-damage|p2a: Blastoise|0 fnt\n|faint|p2a: Blastoise\n|-ability|p1a: Gyarados|Moxie|boost\n|-boost|p1a: Gyarados|atk|1\n|\n|upkeep\n|\n|t:|1701037372\n|switch|p2a: Gengar|Gengar, F|100\/100\n|-damage|p2a: Gengar|88\/100|[from] Stealth Rock\n|turn|16\n|\n|t:|1701037386\n|move|p2a: Gengar|Shadow Ball|p1a: Gyarados\n|-damage|p1a: Gyarados|0 fnt\n|faint|p1a: Gyarados\n|-damage|p2a: Gengar|78\/100|[from] item: Life Orb\n|\n|upkeep\n|\n|t:|1701037392\n|switch|p1a: Arcanine|Arcanine, M|76\/100\n|-damage|p1a: Arcanine|51\/100|[from] Stealth Rock\n|turn|17\n|\n|t:|1701037414\n|move|p2a: Gengar|Shadow Ball|p1a: Arcanine\n|-damage|p1a: Arcanine|0 fnt\n|faint|p1a: Arcanine\n|-damage|p2a: Gengar|68\/100|[from] item: Life Orb\n|\n|win|waquiner\n","uploadtime":1701037437,"views":12,"p1id":"mikelesgo","p2id":"waquiner","formatid":"gen9nationaldexubers","rating":0,"private":0,"password":""}