{"id":"gen9nationaldexubers-1980715437","p1":"AceTheInadequate","p2":"Cross12000","format":"[Gen 9] National Dex Ubers","log":"|j|\u2606AceTheInadequate\n|j|\u2606Cross12000\n|t:|1698818030\n|gametype|singles\n|player|p1|AceTheInadequate|guitarist|\n|player|p2|Cross12000|roxie|\n|teamsize|p1|6\n|teamsize|p2|6\n|gen|9\n|tier|[Gen 9] National Dex Ubers\n|rule|HP Percentage Mod: HP is shown in percentages\n|rule|Endless Battle Clause: Forcing endless battles is banned\n|rule|OHKO Clause: OHKO moves are banned\n|rule|Evasion Moves Clause: Evasion moves are banned\n|rule|Evasion Items Clause: Evasion items are banned\n|rule|Species Clause: Limit one of each Pok\u00e9mon\n|rule|Sleep Clause Mod: Limit one foe put to sleep\n|rule|Mega Rayquaza Clause: You cannot mega evolve Rayquaza\n|clearpoke\n|poke|p1|Palafin, F|\n|poke|p1|Quaquaval, F|\n|poke|p1|Pyukumuku, F|\n|poke|p1|Cloyster, F|\n|poke|p1|Gastrodon, F|\n|poke|p1|Alomomola, M|\n|poke|p2|Ursaluna, M|\n|poke|p2|Blissey, F|\n|poke|p2|Zoroark-Hisui, F|\n|poke|p2|Heliolisk, F|\n|poke|p2|Porygon2|\n|poke|p2|Pidgeot, F|\n|teampreview\n|\n|t:|1698818041\n|start\n|switch|p1a: Plus Ultra|Palafin, F|100\/100\n|switch|p2a: Buhay ba itlog|Blissey, F|100\/100\n|turn|1\n|\n|t:|1698818047\n|switch|p2a: Ibong Goku|Pidgeot, F|100\/100\n|move|p1a: Plus Ultra|Flip Turn|p2a: Ibong Goku\n|-damage|p2a: Ibong Goku|31\/100\n|replace|p2a: Sorong Muzan|Zoroark-Hisui, F\n|-end|p2a: Sorong Muzan|Illusion\n|\n|t:|1698818063\n|detailschange|p1a: Plus Ultra|Palafin-Hero, F\n|switch|p1a: Crackem|Cloyster, F|100\/100|[from] Flip Turn\n|\n|upkeep\n|turn|2\n|\n|t:|1698818072\n|switch|p1a: \u270c\ufe0f|Pyukumuku, F|100\/100\n|move|p2a: Sorong Muzan|Hyper Voice|p1a: \u270c\ufe0f\n|-damage|p1a: \u270c\ufe0f|32\/100\n|\n|upkeep\n|turn|3\n|\n|t:|1698818078\n|switch|p2a: Buhay ba itlog|Blissey, F|100\/100\n|move|p1a: \u270c\ufe0f|Rest|p1a: \u270c\ufe0f\n|-status|p1a: \u270c\ufe0f|slp|[from] move: Rest\n|-heal|p1a: \u270c\ufe0f|100\/100 slp|[silent]\n|\n|upkeep\n|turn|4\n|\n|t:|1698818084\n|switch|p1a: Plus Ultra|Palafin-Hero, F|100\/100\n|-activate|p1a: Plus Ultra|ability: Zero to Hero\n|move|p2a: Buhay ba itlog|Stealth Rock|p1a: Plus Ultra\n|-sidestart|p1: AceTheInadequate|move: Stealth Rock\n|\n|upkeep\n|turn|5\n|\n|t:|1698818095\n|switch|p2a: Ibong Goku|Pidgeot, F|31\/100\n|move|p1a: Plus Ultra|Drain Punch|p2a: Ibong Goku\n|-immune|p2a: Ibong Goku\n|\n|upkeep\n|turn|6\n|\n|t:|1698818106\n|switch|p2a: Butiking koriente|Heliolisk, F|100\/100\n|switch|p1a: \u270c\ufe0f|Pyukumuku, F|100\/100 slp\n|-damage|p1a: \u270c\ufe0f|88\/100 slp|[from] Stealth Rock\n|\n|upkeep\n|turn|7\n|\n|t:|1698818116\n|switch|p1a: Plus Ultra|Palafin-Hero, F|100\/100\n|-damage|p1a: Plus Ultra|88\/100|[from] Stealth Rock\n|move|p2a: Butiking koriente|Substitute|p2a: Butiking koriente\n|-start|p2a: Butiking koriente|Substitute\n|-damage|p2a: Butiking koriente|76\/100\n|\n|upkeep\n|turn|8\n|\n|t:|1698818124\n|switch|p1a: \u270c\ufe0f|Pyukumuku, F|88\/100 slp\n|-damage|p1a: \u270c\ufe0f|76\/100 slp|[from] Stealth Rock\n|move|p2a: Butiking koriente|Thunderbolt|p1a: \u270c\ufe0f\n|-supereffective|p1a: \u270c\ufe0f\n|-damage|p1a: \u270c\ufe0f|0 fnt\n|-damage|p2a: Butiking koriente|4\/100|[from] ability: Innards Out|[of] p1a: \u270c\ufe0f\n|-enditem|p2a: Butiking koriente|Aguav Berry|[eat]\n|-heal|p2a: Butiking koriente|37\/100|[from] item: Aguav Berry\n|faint|p1a: \u270c\ufe0f\n|\n|upkeep\n|\n|t:|1698818137\n|switch|p1a: Escargot|Gastrodon, F|100\/100\n|-damage|p1a: Escargot|94\/100|[from] Stealth Rock\n|turn|9\n|\n|t:|1698818142\n|move|p2a: Butiking koriente|Grass Knot|p1a: Escargot\n|-supereffective|p1a: Escargot\n|-damage|p1a: Escargot|24\/100\n|move|p1a: Escargot|Scald|p2a: Butiking koriente\n|-heal|p2a: Butiking koriente|62\/100|[from] ability: Dry Skin|[of] p1a: Escargot\n|\n|-heal|p1a: Escargot|30\/100|[from] item: Leftovers\n|upkeep\n|turn|10\n|\n|t:|1698818155\n|move|p2a: Butiking koriente|Grass Knot|p1a: Escargot\n|-supereffective|p1a: Escargot\n|-damage|p1a: Escargot|0 fnt\n|faint|p1a: Escargot\n|\n|upkeep\n|\n|t:|1698818160\n|switch|p1a: Water Walker|Quaquaval, F|100\/100\n|-damage|p1a: Water Walker|94\/100|[from] Stealth Rock\n|turn|11\n|\n|t:|1698818167\n|move|p2a: Butiking koriente|Thunderbolt|p1a: Water Walker\n|-supereffective|p1a: Water Walker\n|-damage|p1a: Water Walker|17\/100\n|move|p1a: Water Walker|Flip Turn|p2a: Butiking koriente\n|-heal|p2a: Butiking koriente|87\/100|[from] ability: Dry Skin|[of] p1a: Water Walker\n|\n|upkeep\n|turn|12\n|\n|t:|1698818176\n|move|p2a: Butiking koriente|Thunderbolt|p1a: Water Walker\n|-supereffective|p1a: Water Walker\n|-damage|p1a: Water Walker|0 fnt\n|faint|p1a: Water Walker\n|\n|upkeep\n|\n|t:|1698818190\n|switch|p1a: Plus Ultra|Palafin-Hero, F|88\/100\n|-damage|p1a: Plus Ultra|76\/100|[from] Stealth Rock\n|turn|13\n|\n|t:|1698818200\n|-terastallize|p1a: Plus Ultra|Water\n|move|p1a: Plus Ultra|Jet Punch|p2a: Butiking koriente\n|-heal|p2a: Butiking koriente|100\/100|[from] ability: Dry Skin|[of] p1a: Plus Ultra\n|move|p2a: Butiking koriente|Thunderbolt|p1a: Plus Ultra\n|-supereffective|p1a: Plus Ultra\n|-damage|p1a: Plus Ultra|0 fnt\n|faint|p1a: Plus Ultra\n|\n|upkeep\n|\n|t:|1698818282\n|switch|p1a: Crackem|Cloyster, F|100\/100\n|-damage|p1a: Crackem|76\/100|[from] Stealth Rock\n|turn|14\n|\n|t:|1698818292\n|move|p2a: Butiking koriente|Thunderbolt|p1a: Crackem\n|-supereffective|p1a: Crackem\n|-damage|p1a: Crackem|0 fnt\n|faint|p1a: Crackem\n|\n|upkeep\n|\n|t:|1698818295\n|switch|p1a: Leviathan|Alomomola, M|100\/100\n|-damage|p1a: Leviathan|88\/100|[from] Stealth Rock\n|turn|15\n|\n|t:|1698818305\n|move|p2a: Butiking koriente|Thunderbolt|p1a: Leviathan\n|-supereffective|p1a: Leviathan\n|-damage|p1a: Leviathan|0 fnt\n|faint|p1a: Leviathan\n|\n|win|Cross12000\n|l|\u2606AceTheInadequate\n","uploadtime":1698818361,"views":9,"p1id":"acetheinadequate","p2id":"cross12000","formatid":"gen9nationaldexubers","rating":0,"private":0,"password":""}