{"id":"gen9nationaldexubers-1995433829","p1":"SCARCITY25","p2":"AlolanSandslashOU","format":"[Gen 9] National Dex Ubers","log":"|j|\u2606SCARCITY25\n|j|\u2606AlolanSandslashOU\n|t:|1700570246\n|gametype|singles\n|player|p1|SCARCITY25|cynthia-gen4|\n|player|p2|AlolanSandslashOU|volkner|\n|teamsize|p1|6\n|teamsize|p2|6\n|gen|9\n|tier|[Gen 9] National Dex Ubers\n|rule|HP Percentage Mod: HP is shown in percentages\n|rule|Endless Battle Clause: Forcing endless battles is banned\n|rule|OHKO Clause: OHKO moves are banned\n|rule|Evasion Moves Clause: Evasion moves are banned\n|rule|Evasion Items Clause: Evasion items are banned\n|rule|Species Clause: Limit one of each Pok\u00e9mon\n|rule|Sleep Clause Mod: Limit one foe put to sleep\n|rule|Mega Rayquaza Clause: You cannot mega evolve Rayquaza\n|clearpoke\n|poke|p1|Tapu Koko|\n|poke|p1|Iron Valiant|\n|poke|p1|Urshifu-*, M|\n|poke|p1|Corviknight, F|\n|poke|p1|Rotom-Wash|\n|poke|p1|Garchomp, M|\n|poke|p2|Chien-Pao|\n|poke|p2|Ting-Lu|\n|poke|p2|Greninja-*, M|\n|poke|p2|Meowscarada, M|\n|poke|p2|Urshifu-*, M|\n|poke|p2|Annihilape, M|\n|teampreview\n|c|\u2606SCARCITY25|ok thx\n|c|\u2606SCARCITY25|glhf\n|\n|t:|1700570253\n|start\n|switch|p1a: Garchomp|Garchomp, M|100\/100\n|switch|p2a: Meowscarada|Meowscarada, M|100\/100\n|turn|1\n|\n|t:|1700570257\n|move|p2a: Meowscarada|Flower Trick|p1a: Garchomp\n|-start|p2a: Meowscarada|typechange|Grass|[from] ability: Protean\n|-crit|p1a: Garchomp\n|-damage|p1a: Garchomp|61\/100\n|move|p1a: Garchomp|Stealth Rock|p2a: Meowscarada\n|-sidestart|p2: AlolanSandslashOU|move: Stealth Rock\n|\n|upkeep\n|turn|2\n|\n|t:|1700570267\n|move|p2a: Meowscarada|Flower Trick|p1a: Garchomp\n|-crit|p1a: Garchomp\n|-damage|p1a: Garchomp|19\/100\n|move|p1a: Garchomp|Spikes|p2a: Meowscarada\n|-sidestart|p2: AlolanSandslashOU|Spikes\n|\n|upkeep\n|turn|3\n|\n|t:|1700570272\n|switch|p1a: Corviknight|Corviknight, F|100\/100\n|move|p2a: Meowscarada|Knock Off|p1a: Corviknight\n|-damage|p1a: Corviknight|81\/100\n|-enditem|p1a: Corviknight|Leftovers|[from] move: Knock Off|[of] p2a: Meowscarada\n|\n|upkeep\n|turn|4\n|\n|t:|1700570278\n|move|p2a: Meowscarada|U-turn|p1a: Corviknight\n|-resisted|p1a: Corviknight\n|-damage|p1a: Corviknight|78\/100\n|\n|t:|1700570283\n|switch|p2a: Annihilape|Annihilape, M|100\/100|[from] U-turn\n|-damage|p2a: Annihilape|94\/100|[from] Stealth Rock\n|-damage|p2a: Annihilape|82\/100|[from] Spikes\n|move|p1a: Corviknight|U-turn|p2a: Annihilape\n|-resisted|p2a: Annihilape\n|-damage|p2a: Annihilape|78\/100\n|\n|t:|1700570287\n|switch|p1a: Garchomp|Garchomp, M|19\/100|[from] U-turn\n|\n|-heal|p2a: Annihilape|85\/100|[from] item: Leftovers\n|upkeep\n|turn|5\n|\n|t:|1700570292\n|move|p1a: Garchomp|Toxic|p2a: Annihilape\n|-status|p2a: Annihilape|tox\n|move|p2a: Annihilape|Drain Punch|p1a: Garchomp\n|-damage|p1a: Garchomp|0 fnt\n|-heal|p2a: Annihilape|94\/100 tox|[from] drain|[of] p1a: Garchomp\n|-damage|p2a: Annihilape|81\/100 tox|[from] ability: Rough Skin|[of] p1a: Garchomp\n|faint|p1a: Garchomp\n|\n|-heal|p2a: Annihilape|88\/100 tox|[from] item: Leftovers\n|-damage|p2a: Annihilape|81\/100 tox|[from] psn\n|upkeep\n|\n|t:|1700570309\n|switch|p1a: Iron Valiant|Iron Valiant|100\/100\n|turn|6\n|\n|t:|1700570312\n|move|p1a: Iron Valiant|Moonblast|p2a: Annihilape\n|-supereffective|p2a: Annihilape\n|-damage|p2a: Annihilape|0 fnt\n|faint|p2a: Annihilape\n|\n|upkeep\n|\n|t:|1700570316\n|switch|p2a: Chien-Pao|Chien-Pao|100\/100\n|-damage|p2a: Chien-Pao|76\/100|[from] Stealth Rock\n|-damage|p2a: Chien-Pao|63\/100|[from] Spikes\n|-ability|p2a: Chien-Pao|Sword of Ruin\n|turn|7\n|\n|t:|1700570320\n|move|p2a: Chien-Pao|Ice Spinner|p1a: Iron Valiant\n|-damage|p1a: Iron Valiant|7\/100\n|move|p1a: Iron Valiant|Moonblast|p2a: Chien-Pao\n|-supereffective|p2a: Chien-Pao\n|-damage|p2a: Chien-Pao|0 fnt\n|faint|p2a: Chien-Pao\n|\n|upkeep\n|\n|t:|1700570325\n|switch|p2a: Urshifu|Urshifu, M|100\/100\n|-damage|p2a: Urshifu|94\/100|[from] Stealth Rock\n|-damage|p2a: Urshifu|82\/100|[from] Spikes\n|turn|8\n|\n|t:|1700570338\n|move|p1a: Iron Valiant|Moonblast|p2a: Urshifu\n|-supereffective|p2a: Urshifu\n|-damage|p2a: Urshifu|0 fnt\n|faint|p2a: Urshifu\n|\n|upkeep\n|c|\u2606AlolanSandslashOU|My urshifu was banded instead of scarf\n|c|\u2606AlolanSandslashOU|rip\n|\n|t:|1700570356\n|switch|p2a: Greninja|Greninja, M|100\/100\n|-damage|p2a: Greninja|88\/100|[from] Stealth Rock\n|-damage|p2a: Greninja|76\/100|[from] Spikes\n|turn|9\n|c|\u2606SCARCITY25|oh unfort\n|\n|t:|1700570362\n|move|p2a: Greninja|Water Shuriken|p1a: Iron Valiant\n|-start|p2a: Greninja|typechange|Water|[from] ability: Protean\n|-damage|p1a: Iron Valiant|0 fnt\n|faint|p1a: Iron Valiant\n|-end|p1a: Iron Valiant|Quark Drive|[silent]\n|-hitcount|p1: Iron Valiant|1\n|\n|upkeep\n|c|\u2606AlolanSandslashOU|I didn\u2019t even notice\n|\n|t:|1700570372\n|switch|p1a: Urshifu|Urshifu, M|100\/100\n|turn|10\n|\n|t:|1700570380\n|move|p2a: Greninja|Water Shuriken|p1a: Urshifu\n|-damage|p1a: Urshifu|86\/100\n|-damage|p1a: Urshifu|71\/100\n|-damage|p1a: Urshifu|56\/100\n|-damage|p1a: Urshifu|39\/100\n|-damage|p1a: Urshifu|24\/100\n|-hitcount|p1a: Urshifu|5\n|move|p1a: Urshifu|Close Combat|p2a: Greninja\n|-damage|p2a: Greninja|0 fnt\n|-unboost|p1a: Urshifu|def|1\n|-unboost|p1a: Urshifu|spd|1\n|faint|p2a: Greninja\n|\n|upkeep\n|\n|t:|1700570391\n|switch|p2a: Ting-Lu|Ting-Lu|100\/100\n|-damage|p2a: Ting-Lu|94\/100|[from] Stealth Rock\n|-damage|p2a: Ting-Lu|82\/100|[from] Spikes\n|-ability|p2a: Ting-Lu|Vessel of Ruin\n|turn|11\n|c|\u2606SCARCITY25|the only thing i changed for this was making val and koko live cb spinner lol\n|c|\u2606AlolanSandslashOU|Sad\n|c|\u2606SCARCITY25|i hate that snow leopard\n|\n|t:|1700570417\n|switch|p1a: Rotom|Rotom-Wash|100\/100\n|move|p2a: Ting-Lu|Whirlwind|p1a: Rotom\n|drag|p1a: Tapu Koko|Tapu Koko|100\/100\n|-fieldstart|move: Electric Terrain|[from] ability: Electric Surge|[of] p1a: Tapu Koko\n|\n|-heal|p2a: Ting-Lu|88\/100|[from] item: Leftovers\n|upkeep\n|turn|12\n|\n|t:|1700570432\n|switch|p1a: Rotom|Rotom-Wash|100\/100\n|move|p2a: Ting-Lu|Earthquake|p1a: Rotom\n|-immune|p1a: Rotom|[from] ability: Levitate\n|\n|-heal|p2a: Ting-Lu|94\/100|[from] item: Leftovers\n|upkeep\n|turn|13\n|\n|t:|1700570437\n|move|p1a: Rotom|Will-O-Wisp|p2a: Ting-Lu\n|-status|p2a: Ting-Lu|brn\n|move|p2a: Ting-Lu|Ruination|p1a: Rotom\n|-damage|p1a: Rotom|50\/100\n|\n|-heal|p1a: Rotom|57\/100|[from] item: Leftovers\n|-heal|p2a: Ting-Lu|100\/100 brn|[from] item: Leftovers\n|-damage|p2a: Ting-Lu|94\/100 brn|[from] brn\n|upkeep\n|turn|14\n|\n|t:|1700570441\n|move|p1a: Rotom|Hydro Pump|p2a: Ting-Lu\n|-supereffective|p2a: Ting-Lu\n|-damage|p2a: Ting-Lu|64\/100 brn\n|move|p2a: Ting-Lu|Earthquake|p1a: Rotom\n|-immune|p1a: Rotom|[from] ability: Levitate\n|\n|-heal|p1a: Rotom|63\/100|[from] item: Leftovers\n|-heal|p2a: Ting-Lu|70\/100 brn|[from] item: Leftovers\n|-damage|p2a: Ting-Lu|64\/100 brn|[from] brn\n|upkeep\n|turn|15\n|\n|t:|1700570445\n|move|p1a: Rotom|Hydro Pump|p2a: Ting-Lu\n|-supereffective|p2a: Ting-Lu\n|-damage|p2a: Ting-Lu|30\/100 brn\n|move|p2a: Ting-Lu|Spikes|p1a: Rotom\n|-sidestart|p1: SCARCITY25|Spikes\n|\n|-heal|p1a: Rotom|69\/100|[from] item: Leftovers\n|-heal|p2a: Ting-Lu|37\/100 brn|[from] item: Leftovers\n|-damage|p2a: Ting-Lu|30\/100 brn|[from] brn\n|-fieldend|move: Electric Terrain\n|upkeep\n|turn|16\n|\n|t:|1700570447\n|move|p1a: Rotom|Hydro Pump|p2a: Ting-Lu\n|-supereffective|p2a: Ting-Lu\n|-damage|p2a: Ting-Lu|0 fnt\n|faint|p2a: Ting-Lu\n|\n|-heal|p1a: Rotom|75\/100|[from] item: Leftovers\n|upkeep\n|\n|t:|1700570450\n|switch|p2a: Meowscarada|Meowscarada, M|100\/100\n|-damage|p2a: Meowscarada|88\/100|[from] Stealth Rock\n|-damage|p2a: Meowscarada|76\/100|[from] Spikes\n|turn|17\n|\n|t:|1700570454\n|-terastallize|p1a: Rotom|Fairy\n|move|p2a: Meowscarada|Flower Trick|p1a: Rotom\n|-start|p2a: Meowscarada|typechange|Grass|[from] ability: Protean\n|-crit|p1a: Rotom\n|-damage|p1a: Rotom|21\/100\n|move|p1a: Rotom|Will-O-Wisp|p2a: Meowscarada\n|-status|p2a: Meowscarada|brn\n|\n|-heal|p1a: Rotom|27\/100|[from] item: Leftovers\n|-damage|p2a: Meowscarada|70\/100 brn|[from] brn\n|upkeep\n|turn|18\n|\n|t:|1700570464\n|move|p2a: Meowscarada|Flower Trick|p1a: Rotom\n|-crit|p1a: Rotom\n|-damage|p1a: Rotom|0 fnt\n|faint|p1a: Rotom\n|\n|-damage|p2a: Meowscarada|64\/100 brn|[from] brn\n|upkeep\n|\n|t:|1700570466\n|switch|p1a: Urshifu|Urshifu, M|24\/100\n|-damage|p1a: Urshifu|11\/100|[from] Spikes\n|turn|19\n|\n|t:|1700570469\n|-terastallize|p2a: Meowscarada|Poison\n|move|p1a: Urshifu|Wicked Blow|p2a: Meowscarada\n|-crit|p2a: Meowscarada\n|-damage|p2a: Meowscarada|0 fnt\n|faint|p2a: Meowscarada\n|\n|win|SCARCITY25\n|c|\u2606SCARCITY25|is everything tera poison\n|c|\u2606SCARCITY25|ggs\n|c|\u2606AlolanSandslashOU|Gg\n|c|\u2606AlolanSandslashOU|Nah\n|c|\u2606AlolanSandslashOU|only pao and meow\n|c|\u2606SCARCITY25|ah\n|c|\u2606AlolanSandslashOU|I was planning to switch pao to ice\n|c|\u2606AlolanSandslashOU|forgot to\n","uploadtime":1700570485,"views":2,"p1id":"scarcity25","p2id":"alolansandslashou","formatid":"gen9nationaldexubers","rating":0,"private":0,"password":""}