{"id":"gen9nationaldexubers-1982297968","p1":"swunkey","p2":"getrektunub","format":"[Gen 9] National Dex Ubers","log":"|j|\u2606swunkey\n|j|\u2606getrektunub\n|t:|1698992329\n|gametype|singles\n|player|p1|swunkey|hau-stance|1135\n|player|p2|getrektunub|serena-masters2|1171\n|teamsize|p1|6\n|teamsize|p2|6\n|gen|9\n|tier|[Gen 9] National Dex Ubers\n|rated|\n|rule|HP Percentage Mod: HP is shown in percentages\n|rule|Endless Battle Clause: Forcing endless battles is banned\n|rule|OHKO Clause: OHKO moves are banned\n|rule|Evasion Moves Clause: Evasion moves are banned\n|rule|Evasion Items Clause: Evasion items are banned\n|rule|Species Clause: Limit one of each Pok\u00e9mon\n|rule|Sleep Clause Mod: Limit one foe put to sleep\n|rule|Mega Rayquaza Clause: You cannot mega evolve Rayquaza\n|clearpoke\n|poke|p1|Salazzle, F|\n|poke|p1|Zamazenta-*|\n|poke|p1|Ninetales-Alola, M|\n|poke|p1|Greninja-*, F|\n|poke|p1|Ceruledge, F|\n|poke|p1|Quaquaval, M|\n|poke|p2|Dragonite, M|\n|poke|p2|Raichu-Alola, F|\n|poke|p2|Chien-Pao|\n|poke|p2|Cyclizar, M|\n|poke|p2|Quagsire, M|\n|poke|p2|Palafin, F|\n|teampreview\n|inactive|Battle timer is ON: inactive players will automatically lose when time's up. (requested by swunkey)\n|inactive|getrektunub also wants the timer to be on.\n|\n|t:|1698992335\n|start\n|switch|p1a: Ninetales|Ninetales-Alola, M|100\/100\n|switch|p2a: Peace Out|Cyclizar, M, shiny|100\/100\n|-weather|Snow|[from] ability: Snow Warning|[of] p1a: Ninetales\n|turn|1\n|\n|t:|1698992347\n|move|p2a: Peace Out|Shed Tail|p2a: Peace Out\n|-start|p2a: Peace Out|Substitute|[from] move: Shed Tail\n|-damage|p2a: Peace Out|50\/100\n|\n|t:|1698992350\n|switch|p2a: Imagine Dragon :)|Dragonite, M, shiny|100\/100|[from] Shed Tail\n|move|p1a: Ninetales|Aurora Veil|p1a: Ninetales\n|-sidestart|p1: swunkey|move: Aurora Veil\n|\n|-weather|Snow|[upkeep]\n|upkeep\n|turn|2\n|\n|t:|1698992358\n|move|p1a: Ninetales|Nasty Plot|p1a: Ninetales\n|-boost|p1a: Ninetales|spa|2\n|move|p2a: Imagine Dragon :)|Dragon Dance|p2a: Imagine Dragon :)\n|-boost|p2a: Imagine Dragon :)|atk|1\n|-boost|p2a: Imagine Dragon :)|spe|1\n|\n|-weather|Snow|[upkeep]\n|upkeep\n|turn|3\n|\n|t:|1698992365\n|move|p2a: Imagine Dragon :)|Dragon Dance|p2a: Imagine Dragon :)\n|-boost|p2a: Imagine Dragon :)|atk|1\n|-boost|p2a: Imagine Dragon :)|spe|1\n|move|p1a: Ninetales|Freeze-Dry|p2a: Imagine Dragon :)\n|-supereffective|p2a: Imagine Dragon :)\n|-end|p2a: Imagine Dragon :)|Substitute\n|\n|-weather|Snow|[upkeep]\n|upkeep\n|turn|4\n|\n|t:|1698992378\n|move|p2a: Imagine Dragon :)|Extreme Speed|p1a: Ninetales\n|-damage|p1a: Ninetales|70\/100\n|move|p1a: Ninetales|Freeze-Dry|p2a: Imagine Dragon :)\n|-supereffective|p2a: Imagine Dragon :)\n|-damage|p2a: Imagine Dragon :)|0 fnt\n|faint|p2a: Imagine Dragon :)\n|\n|-weather|Snow|[upkeep]\n|upkeep\n|\n|t:|1698992390\n|switch|p2a: Super Dolphin|Palafin, F, shiny|100\/100\n|turn|5\n|\n|t:|1698992398\n|move|p1a: Ninetales|Freeze-Dry|p2a: Super Dolphin\n|-supereffective|p2a: Super Dolphin\n|-damage|p2a: Super Dolphin|11\/100\n|move|p2a: Super Dolphin|Flip Turn|p1a: Ninetales\n|-damage|p1a: Ninetales|60\/100\n|\n|t:|1698992405\n|detailschange|p2a: Super Dolphin|Palafin-Hero, F, shiny\n|switch|p2a: Chains for Teeth|Chien-Pao|100\/100|[from] Flip Turn\n|-ability|p2a: Chains for Teeth|Sword of Ruin\n|\n|-weather|none\n|upkeep\n|turn|6\n|\n|t:|1698992419\n|switch|p1a: Zamazenta|Zamazenta-Crowned|100\/100\n|-ability|p1a: Zamazenta|Dauntless Shield|boost\n|-boost|p1a: Zamazenta|def|1\n|move|p2a: Chains for Teeth|Sacred Sword|p1a: Zamazenta\n|-supereffective|p1a: Zamazenta\n|-damage|p1a: Zamazenta|66\/100\n|-damage|p2a: Chains for Teeth|91\/100|[from] item: Life Orb\n|\n|upkeep\n|turn|7\n|\n|t:|1698992433\n|switch|p2a: Durp|Quagsire, M, shiny|100\/100\n|move|p1a: Zamazenta|Iron Defense|p1a: Zamazenta\n|-boost|p1a: Zamazenta|def|2\n|\n|upkeep\n|turn|8\n|\n|t:|1698992447\n|move|p1a: Zamazenta|Body Press|p2a: Durp\n|-damage|p2a: Durp|72\/100\n|move|p2a: Durp|Earthquake|p1a: Zamazenta\n|-supereffective|p1a: Zamazenta\n|-damage|p1a: Zamazenta|42\/100\n|\n|-heal|p2a: Durp|78\/100|[from] item: Leftovers\n|-sideend|p1: swunkey|move: Aurora Veil\n|upkeep\n|turn|9\n|\n|t:|1698992455\n|move|p1a: Zamazenta|Iron Defense|p1a: Zamazenta\n|-boost|p1a: Zamazenta|def|2\n|move|p2a: Durp|Earthquake|p1a: Zamazenta\n|-supereffective|p1a: Zamazenta\n|-crit|p1a: Zamazenta\n|-damage|p1a: Zamazenta|0 fnt\n|faint|p1a: Zamazenta\n|\n|-heal|p2a: Durp|84\/100|[from] item: Leftovers\n|upkeep\n|\n|t:|1698992473\n|switch|p1a: Salazzle|Salazzle, F|100\/100\n|turn|10\n|\n|t:|1698992495\n|move|p1a: Salazzle|Toxic|p2a: Durp\n|-status|p2a: Durp|tox\n|move|p2a: Durp|Earthquake|p1a: Salazzle\n|-supereffective|p1a: Salazzle\n|-damage|p1a: Salazzle|0 fnt\n|faint|p1a: Salazzle\n|\n|-heal|p2a: Durp|90\/100 tox|[from] item: Leftovers\n|-damage|p2a: Durp|84\/100 tox|[from] psn\n|upkeep\n|inactive|swunkey has 120 seconds left.\n|\n|t:|1698992508\n|switch|p1a: Greninja|Greninja, F|100\/100\n|turn|11\n|\n|t:|1698992526\n|switch|p2a: Chains for Teeth|Chien-Pao|91\/100\n|-ability|p2a: Chains for Teeth|Sword of Ruin\n|move|p1a: Greninja|Grass Knot|p2a: Chains for Teeth\n|-start|p1a: Greninja|typechange|Grass|[from] ability: Protean\n|-damage|p2a: Chains for Teeth|13\/100\n|\n|upkeep\n|turn|12\n|inactive|swunkey has 120 seconds left.\n|\n|t:|1698992548\n|switch|p1a: Ninetales|Ninetales-Alola, M|60\/100\n|-weather|Snow|[from] ability: Snow Warning|[of] p1a: Ninetales\n|move|p2a: Chains for Teeth|Ice Spinner|p1a: Ninetales\n|-resisted|p1a: Ninetales\n|-damage|p1a: Ninetales|27\/100\n|-damage|p2a: Chains for Teeth|3\/100|[from] item: Life Orb\n|\n|-weather|Snow|[upkeep]\n|upkeep\n|turn|13\n|inactive|swunkey has 120 seconds left.\n|\n|t:|1698992560\n|move|p2a: Chains for Teeth|Recover|p2a: Chains for Teeth\n|-heal|p2a: Chains for Teeth|53\/100\n|move|p1a: Ninetales|Aurora Veil|p1a: Ninetales\n|-sidestart|p1: swunkey|move: Aurora Veil\n|\n|-weather|Snow|[upkeep]\n|upkeep\n|turn|14\n|\n|t:|1698992566\n|move|p2a: Chains for Teeth|Recover|p2a: Chains for Teeth\n|-heal|p2a: Chains for Teeth|100\/100\n|move|p1a: Ninetales|Nasty Plot|p1a: Ninetales\n|-boost|p1a: Ninetales|spa|2\n|\n|-weather|Snow|[upkeep]\n|upkeep\n|turn|15\n|\n|t:|1698992577\n|move|p2a: Chains for Teeth|Sacred Sword|p1a: Ninetales\n|-damage|p1a: Ninetales|3\/100\n|-damage|p2a: Chains for Teeth|91\/100|[from] item: Life Orb\n|move|p1a: Ninetales|Freeze-Dry|p2a: Chains for Teeth\n|-resisted|p2a: Chains for Teeth\n|-damage|p2a: Chains for Teeth|56\/100\n|\n|-weather|Snow|[upkeep]\n|upkeep\n|turn|16\n|\n|t:|1698992588\n|move|p2a: Chains for Teeth|Recover|p2a: Chains for Teeth\n|-heal|p2a: Chains for Teeth|100\/100\n|move|p1a: Ninetales|Grudge|p1a: Ninetales\n|-singlemove|p1a: Ninetales|Grudge\n|\n|-weather|none\n|upkeep\n|turn|17\n|\n|t:|1698992596\n|move|p2a: Chains for Teeth|Sacred Sword|p1a: Ninetales\n|-damage|p1a: Ninetales|0 fnt\n|faint|p1a: Ninetales\n|-activate|p2a: Chains for Teeth|move: Grudge|Sacred Sword\n|-damage|p2a: Chains for Teeth|91\/100|[from] item: Life Orb\n|\n|upkeep\n|c|\u2606getrektunub|whaat\n|inactive|swunkey has 120 seconds left.\n|\n|t:|1698992619\n|switch|p1a: Quaquaval|Quaquaval, M|100\/100\n|turn|18\n|c|\u2606getrektunub|i ain't never seen someone use grudge\n|inactive|swunkey has 120 seconds left.\n|\n|t:|1698992644\n|move|p2a: Chains for Teeth|Ice Spinner|p1a: Quaquaval\n|-resisted|p1a: Quaquaval\n|-crit|p1a: Quaquaval\n|-damage|p1a: Quaquaval|31\/100\n|-damage|p2a: Chains for Teeth|81\/100|[from] item: Life Orb\n|move|p1a: Quaquaval|Close Combat|p2a: Chains for Teeth\n|-supereffective|p2a: Chains for Teeth\n|-crit|p2a: Chains for Teeth\n|-damage|p2a: Chains for Teeth|0 fnt\n|-unboost|p1a: Quaquaval|def|1\n|-unboost|p1a: Quaquaval|spd|1\n|faint|p2a: Chains for Teeth\n|-ability|p1a: Quaquaval|Moxie|boost\n|-boost|p1a: Quaquaval|atk|1\n|\n|upkeep\n|inactive|getrektunub has 120 seconds left.\n|\n|t:|1698992657\n|switch|p2a: Flying Raichu|Raichu-Alola, F, shiny|100\/100\n|turn|19\n|\n|t:|1698992668\n|move|p2a: Flying Raichu|Thunderbolt|p1a: Quaquaval\n|-supereffective|p1a: Quaquaval\n|-damage|p1a: Quaquaval|0 fnt\n|faint|p1a: Quaquaval\n|\n|upkeep\n|\n|t:|1698992672\n|switch|p1a: Ceruledge|Ceruledge, F|100\/100\n|turn|20\n|\n|t:|1698992680\n|switch|p2a: Peace Out|Cyclizar, M, shiny|83\/100\n|move|p1a: Ceruledge|Bulk Up|p1a: Ceruledge\n|-boost|p1a: Ceruledge|atk|1\n|-boost|p1a: Ceruledge|def|1\n|\n|-sideend|p1: swunkey|move: Aurora Veil\n|upkeep\n|turn|21\n|\n|t:|1698992699\n|move|p2a: Peace Out|Shed Tail|p2a: Peace Out\n|-start|p2a: Peace Out|Substitute|[from] move: Shed Tail\n|-damage|p2a: Peace Out|33\/100\n|\n|t:|1698992704\n|switch|p2a: Durp|Quagsire, M, shiny|84\/100 tox|[from] Shed Tail\n|move|p1a: Ceruledge|Bulk Up|p1a: Ceruledge\n|-boost|p1a: Ceruledge|atk|1\n|-boost|p1a: Ceruledge|def|1\n|\n|-heal|p2a: Durp|90\/100 tox|[from] item: Leftovers\n|-damage|p2a: Durp|84\/100 tox|[from] psn\n|upkeep\n|turn|22\n|\n|t:|1698992721\n|move|p1a: Ceruledge|Bitter Blade|p2a: Durp\n|-resisted|p2a: Durp\n|-end|p2a: Durp|Substitute\n|-damage|p1a: Ceruledge|91\/100|[from] item: Life Orb\n|move|p2a: Durp|Waterfall|p1a: Ceruledge\n|-supereffective|p1a: Ceruledge\n|-damage|p1a: Ceruledge|24\/100\n|-ability|p1a: Ceruledge|Weak Armor|boost\n|-unboost|p1a: Ceruledge|def|1\n|-boost|p1a: Ceruledge|spe|2\n|\n|-heal|p2a: Durp|90\/100 tox|[from] item: Leftovers\n|-damage|p2a: Durp|78\/100 tox|[from] psn\n|upkeep\n|turn|23\n|l|\u2606getrektunub\n|inactive|getrektunub disconnected and has a minute to reconnect!\n|player|p2|\n|\n|t:|1698992740\n|move|p1a: Ceruledge|Bitter Blade|p2a: Durp\n|-resisted|p2a: Durp\n|-damage|p2a: Durp|60\/100 tox\n|-heal|p1a: Ceruledge|37\/100|[from] drain|[of] p2a: Durp\n|-damage|p1a: Ceruledge|27\/100|[from] item: Life Orb\n|move|p2a: Durp|Waterfall|p1a: Ceruledge\n|-supereffective|p1a: Ceruledge\n|-damage|p1a: Ceruledge|0 fnt\n|faint|p1a: Ceruledge\n|\n|-heal|p2a: Durp|66\/100 tox|[from] item: Leftovers\n|-damage|p2a: Durp|47\/100 tox|[from] psn\n|upkeep\n|\n|t:|1698992750\n|switch|p1a: Greninja|Greninja, F|100\/100\n|turn|24\n|j|\u2606getrektunub\n|inactive|getrektunub reconnected and has 135 seconds left.\n|player|p2|getrektunub|serena-masters2\n|c|\u2606getrektunub|oh shit i didn't lose\n|inactive|getrektunub has 120 seconds left.\n|\n|t:|1698992784\n|move|p1a: Greninja|Grass Knot|p2a: Durp\n|-start|p1a: Greninja|typechange|Grass|[from] ability: Protean\n|-supereffective|p2a: Durp\n|-damage|p2a: Durp|0 fnt\n|faint|p2a: Durp\n|\n|upkeep\n|inactive|getrektunub has 120 seconds left.\n|\n|t:|1698992792\n|switch|p2a: Super Dolphin|Palafin-Hero, F, shiny|11\/100\n|-activate|p2a: Super Dolphin|ability: Zero to Hero\n|turn|25\n|\n|t:|1698992809\n|move|p2a: Super Dolphin|Jet Punch|p1a: Greninja\n|-resisted|p1a: Greninja\n|-damage|p1a: Greninja|72\/100\n|move|p1a: Greninja|Dark Pulse|p2a: Super Dolphin\n|-damage|p2a: Super Dolphin|0 fnt\n|faint|p2a: Super Dolphin\n|\n|upkeep\n|inactive|getrektunub has 120 seconds left.\n|inactive|getrektunub has 90 seconds left.\n|\n|t:|1698992855\n|switch|p2a: Peace Out|Cyclizar, M, shiny|66\/100\n|turn|26\n|inactive|getrektunub has 90 seconds left.\n|\n|t:|1698992877\n|-terastallize|p2a: Peace Out|Dragon\n|move|p2a: Peace Out|Draco Meteor|p1a: Greninja\n|-damage|p1a: Greninja|0 fnt\n|-unboost|p2a: Peace Out|spa|2\n|faint|p1a: Greninja\n|\n|win|getrektunub\n|raw|swunkey's rating: 1135 &rarr; <strong>1113<\/strong><br \/>(-22 for losing)\n|raw|getrektunub's rating: 1171 &rarr; <strong>1193<\/strong><br \/>(+22 for winning)\n","uploadtime":1698992887,"views":10,"p1id":"swunkey","p2id":"getrektunub","formatid":"gen9nationaldexubers","rating":1113,"private":0,"password":""}