{"id":"gen9nationaldexubers-1981370145","p1":"MagikGRR","p2":"PSYCH0-MODE\ufe0f","format":"[Gen 9] National Dex Ubers","log":"|j|\u2606MagikGRR\n|j|\u2606PSYCH0-MODE\ufe0f\n|t:|1698888441\n|gametype|singles\n|player|p1|MagikGRR|colress-gen7|1132\n|player|p2|PSYCH0-MODE\ufe0f|sabrina|1149\n|teamsize|p1|6\n|teamsize|p2|6\n|gen|9\n|tier|[Gen 9] National Dex Ubers\n|rated|\n|rule|HP Percentage Mod: HP is shown in percentages\n|rule|Endless Battle Clause: Forcing endless battles is banned\n|rule|OHKO Clause: OHKO moves are banned\n|rule|Evasion Moves Clause: Evasion moves are banned\n|rule|Evasion Items Clause: Evasion items are banned\n|rule|Species Clause: Limit one of each Pok\u00e9mon\n|rule|Sleep Clause Mod: Limit one foe put to sleep\n|rule|Mega Rayquaza Clause: You cannot mega evolve Rayquaza\n|clearpoke\n|poke|p1|Landorus, M|\n|poke|p1|Melmetal|\n|poke|p1|Tyranitar, F|\n|poke|p1|Gliscor, M|\n|poke|p1|Houndstone, F|\n|poke|p1|Lucario, M|\n|poke|p2|Mew|\n|poke|p2|Articuno-Galar|\n|poke|p2|Munkidori, M|\n|poke|p2|Indeedee, M|\n|poke|p2|Necrozma-Dawn-Wings|\n|poke|p2|Alakazam, M|\n|teampreview\n|c|\u2606MagikGRR|Glhf\n|\n|t:|1698888460\n|start\n|switch|p1a: Mafia Leader|Tyranitar, F|100\/100\n|switch|p2a: \ud83c\udf0c\ud83d\udd2eMUNKIDORI\ud83d\udd2e\ud83c\udf0c|Munkidori, M|100\/100\n|-weather|Sandstorm|[from] ability: Sand Stream|[of] p1a: Mafia Leader\n|turn|1\n|\n|t:|1698888471\n|move|p2a: \ud83c\udf0c\ud83d\udd2eMUNKIDORI\ud83d\udd2e\ud83c\udf0c|Sludge Wave|p1a: Mafia Leader\n|-resisted|p1a: Mafia Leader\n|-damage|p1a: Mafia Leader|91\/100\n|-status|p1a: Mafia Leader|tox|[from] ability: Toxic Chain|[of] p2a: \ud83c\udf0c\ud83d\udd2eMUNKIDORI\ud83d\udd2e\ud83c\udf0c\n|move|p1a: Mafia Leader|Stealth Rock|p2a: \ud83c\udf0c\ud83d\udd2eMUNKIDORI\ud83d\udd2e\ud83c\udf0c\n|-sidestart|p2: PSYCH0-MODE\ufe0f|move: Stealth Rock\n|\n|-weather|Sandstorm|[upkeep]\n|-damage|p2a: \ud83c\udf0c\ud83d\udd2eMUNKIDORI\ud83d\udd2e\ud83c\udf0c|95\/100|[from] Sandstorm\n|-damage|p1a: Mafia Leader|85\/100 tox|[from] psn\n|upkeep\n|turn|2\n|\n|t:|1698888485\n|move|p2a: \ud83c\udf0c\ud83d\udd2eMUNKIDORI\ud83d\udd2e\ud83c\udf0c|Psychic Terrain|p2a: \ud83c\udf0c\ud83d\udd2eMUNKIDORI\ud83d\udd2e\ud83c\udf0c\n|-fieldstart|move: Psychic Terrain\n|move|p1a: Mafia Leader|Thunder Wave|p2a: \ud83c\udf0c\ud83d\udd2eMUNKIDORI\ud83d\udd2e\ud83c\udf0c\n|-status|p2a: \ud83c\udf0c\ud83d\udd2eMUNKIDORI\ud83d\udd2e\ud83c\udf0c|par\n|\n|-weather|Sandstorm|[upkeep]\n|-damage|p2a: \ud83c\udf0c\ud83d\udd2eMUNKIDORI\ud83d\udd2e\ud83c\udf0c|89\/100 par|[from] Sandstorm\n|-damage|p1a: Mafia Leader|72\/100 tox|[from] psn\n|upkeep\n|turn|3\n|\n|t:|1698888497\n|move|p2a: \ud83c\udf0c\ud83d\udd2eMUNKIDORI\ud83d\udd2e\ud83c\udf0c|Sludge Wave|p1a: Mafia Leader\n|-resisted|p1a: Mafia Leader\n|-crit|p1a: Mafia Leader\n|-damage|p1a: Mafia Leader|58\/100 tox\n|move|p1a: Mafia Leader|Crunch|p2a: \ud83c\udf0c\ud83d\udd2eMUNKIDORI\ud83d\udd2e\ud83c\udf0c\n|-supereffective|p2a: \ud83c\udf0c\ud83d\udd2eMUNKIDORI\ud83d\udd2e\ud83c\udf0c\n|-damage|p2a: \ud83c\udf0c\ud83d\udd2eMUNKIDORI\ud83d\udd2e\ud83c\udf0c|0 fnt\n|faint|p2a: \ud83c\udf0c\ud83d\udd2eMUNKIDORI\ud83d\udd2e\ud83c\udf0c\n|\n|-weather|Sandstorm|[upkeep]\n|-damage|p1a: Mafia Leader|39\/100 tox|[from] psn\n|upkeep\n|\n|t:|1698888524\n|switch|p2a: \ud83c\udf0c\ud83d\udd2eARTICUNO\ud83d\udd2e\ud83c\udf0c|Articuno-Galar|100\/100\n|-damage|p2a: \ud83c\udf0c\ud83d\udd2eARTICUNO\ud83d\udd2e\ud83c\udf0c|76\/100|[from] Stealth Rock\n|turn|4\n|\n|t:|1698888552\n|switch|p1a: Smooth Criminal|Gliscor, M|100\/100\n|move|p2a: \ud83c\udf0c\ud83d\udd2eARTICUNO\ud83d\udd2e\ud83c\udf0c|Psychic|p1a: Smooth Criminal\n|-damage|p1a: Smooth Criminal|38\/100\n|\n|-weather|Sandstorm|[upkeep]\n|-damage|p2a: \ud83c\udf0c\ud83d\udd2eARTICUNO\ud83d\udd2e\ud83c\udf0c|69\/100|[from] Sandstorm\n|upkeep\n|turn|5\n|\n|t:|1698888567\n|-zpower|p1a: Smooth Criminal\n|move|p1a: Smooth Criminal|Z-Detect|p1a: Smooth Criminal|[anim]Detect\n|-boost|p1a: Smooth Criminal|evasion|1|[zeffect]\n|-singleturn|p1a: Smooth Criminal|Protect\n|move|p2a: \ud83c\udf0c\ud83d\udd2eARTICUNO\ud83d\udd2e\ud83c\udf0c|Freezing Glare|p1a: Smooth Criminal\n|-activate|p1a: Smooth Criminal|move: Protect\n|\n|-weather|Sandstorm|[upkeep]\n|-damage|p2a: \ud83c\udf0c\ud83d\udd2eARTICUNO\ud83d\udd2e\ud83c\udf0c|63\/100|[from] Sandstorm\n|upkeep\n|turn|6\n|\n|t:|1698888584\n|move|p2a: \ud83c\udf0c\ud83d\udd2eARTICUNO\ud83d\udd2e\ud83c\udf0c|Psychic|p1a: Smooth Criminal\n|-damage|p1a: Smooth Criminal|0 fnt\n|faint|p1a: Smooth Criminal\n|\n|-weather|Sandstorm|[upkeep]\n|-damage|p2a: \ud83c\udf0c\ud83d\udd2eARTICUNO\ud83d\udd2e\ud83c\udf0c|57\/100|[from] Sandstorm\n|upkeep\n|\n|t:|1698888608\n|switch|p1a: Hopping Mad Furry|Lucario, M|100\/100\n|turn|7\n|\n|t:|1698888623\n|detailschange|p1a: Hopping Mad Furry|Lucario-Mega, M\n|-mega|p1a: Hopping Mad Furry|Lucario|Lucarionite\n|-terastallize|p2a: \ud83c\udf0c\ud83d\udd2eARTICUNO\ud83d\udd2e\ud83c\udf0c|Psychic\n|move|p1a: Hopping Mad Furry|Swords Dance|p1a: Hopping Mad Furry\n|-boost|p1a: Hopping Mad Furry|atk|2\n|move|p2a: \ud83c\udf0c\ud83d\udd2eARTICUNO\ud83d\udd2e\ud83c\udf0c|Psychic|p1a: Hopping Mad Furry\n|-damage|p1a: Hopping Mad Furry|0 fnt\n|faint|p1a: Hopping Mad Furry\n|\n|-weather|Sandstorm|[upkeep]\n|-damage|p2a: \ud83c\udf0c\ud83d\udd2eARTICUNO\ud83d\udd2e\ud83c\udf0c|51\/100|[from] Sandstorm\n|upkeep\n|\n|t:|1698888634\n|switch|p1a: Slayer Of Earth|Houndstone, F, shiny|100\/100\n|turn|8\n|\n|t:|1698888641\n|move|p1a: Slayer Of Earth|Last Respects|p2a: \ud83c\udf0c\ud83d\udd2eARTICUNO\ud83d\udd2e\ud83c\udf0c\n|-supereffective|p2a: \ud83c\udf0c\ud83d\udd2eARTICUNO\ud83d\udd2e\ud83c\udf0c\n|-damage|p2a: \ud83c\udf0c\ud83d\udd2eARTICUNO\ud83d\udd2e\ud83c\udf0c|0 fnt\n|faint|p2a: \ud83c\udf0c\ud83d\udd2eARTICUNO\ud83d\udd2e\ud83c\udf0c\n|\n|-weather|none\n|upkeep\n|\n|t:|1698888649\n|switch|p2a: \ud83c\udf0c\ud83d\udd2eALAKAZAM\ud83d\udd2e\ud83c\udf0c|Alakazam, M, shiny|100\/100\n|turn|9\n|\n|t:|1698888656\n|switch|p1a: Krampus|Landorus, M|100\/100\n|detailschange|p2a: \ud83c\udf0c\ud83d\udd2eALAKAZAM\ud83d\udd2e\ud83c\udf0c|Alakazam-Mega, M, shiny\n|-mega|p2a: \ud83c\udf0c\ud83d\udd2eALAKAZAM\ud83d\udd2e\ud83c\udf0c|Alakazam|Alakazite\n|-ability|p2a: \ud83c\udf0c\ud83d\udd2eALAKAZAM\ud83d\udd2e\ud83c\udf0c|Sheer Force|[from] ability: Trace|[of] p1a: Krampus\n|move|p2a: \ud83c\udf0c\ud83d\udd2eALAKAZAM\ud83d\udd2e\ud83c\udf0c|Expanding Force|p1a: Krampus\n|-damage|p1a: Krampus|0 fnt\n|faint|p1a: Krampus\n|\n|-fieldend|move: Psychic Terrain\n|upkeep\n|\n|t:|1698888666\n|switch|p1a: Wriggler 2.0|Melmetal|100\/100\n|turn|10\n|\n|t:|1698888671\n|switch|p2a: \ud83c\udf0c\ud83d\udd2eINDEEDEE\ud83d\udd2e\ud83c\udf0c|Indeedee, M|100\/100\n|-damage|p2a: \ud83c\udf0c\ud83d\udd2eINDEEDEE\ud83d\udd2e\ud83c\udf0c|88\/100|[from] Stealth Rock\n|-fieldstart|move: Psychic Terrain|[from] ability: Psychic Surge|[of] p2a: \ud83c\udf0c\ud83d\udd2eINDEEDEE\ud83d\udd2e\ud83c\udf0c\n|move|p1a: Wriggler 2.0|Double Iron Bash|p2a: \ud83c\udf0c\ud83d\udd2eINDEEDEE\ud83d\udd2e\ud83c\udf0c\n|-damage|p2a: \ud83c\udf0c\ud83d\udd2eINDEEDEE\ud83d\udd2e\ud83c\udf0c|0 fnt\n|faint|p2a: \ud83c\udf0c\ud83d\udd2eINDEEDEE\ud83d\udd2e\ud83c\udf0c\n|-hitcount|p2: \ud83c\udf0c\ud83d\udd2eINDEEDEE\ud83d\udd2e\ud83c\udf0c|1\n|\n|upkeep\n|\n|t:|1698888683\n|switch|p2a: \ud83c\udf0c\ud83d\udd2eNECROZMA\ud83d\udd2e\ud83c\udf0c|Necrozma-Dawn-Wings|100\/100\n|-damage|p2a: \ud83c\udf0c\ud83d\udd2eNECROZMA\ud83d\udd2e\ud83c\udf0c|88\/100|[from] Stealth Rock\n|turn|11\n|\n|t:|1698888693\n|detailschange|p2a: \ud83c\udf0c\ud83d\udd2eNECROZMA\ud83d\udd2e\ud83c\udf0c|Necrozma-Ultra\n|-burst|p2a: \ud83c\udf0c\ud83d\udd2eNECROZMA\ud83d\udd2e\ud83c\udf0c|Necrozma|Ultranecrozium Z\n|move|p2a: \ud83c\udf0c\ud83d\udd2eNECROZMA\ud83d\udd2e\ud83c\udf0c|Photon Geyser|p1a: Wriggler 2.0\n|-resisted|p1a: Wriggler 2.0\n|-damage|p1a: Wriggler 2.0|54\/100\n|move|p1a: Wriggler 2.0|Darkest Lariat|p2a: \ud83c\udf0c\ud83d\udd2eNECROZMA\ud83d\udd2e\ud83c\udf0c\n|-supereffective|p2a: \ud83c\udf0c\ud83d\udd2eNECROZMA\ud83d\udd2e\ud83c\udf0c\n|-damage|p2a: \ud83c\udf0c\ud83d\udd2eNECROZMA\ud83d\udd2e\ud83c\udf0c|15\/100\n|\n|upkeep\n|turn|12\n|\n|t:|1698888705\n|-zpower|p2a: \ud83c\udf0c\ud83d\udd2eNECROZMA\ud83d\udd2e\ud83c\udf0c\n|move|p2a: \ud83c\udf0c\ud83d\udd2eNECROZMA\ud83d\udd2e\ud83c\udf0c|Light That Burns the Sky|p1a: Wriggler 2.0|[zeffect]\n|-resisted|p1a: Wriggler 2.0\n|-damage|p1a: Wriggler 2.0|0 fnt\n|faint|p1a: Wriggler 2.0\n|\n|upkeep\n|\n|t:|1698888714\n|switch|p1a: Mafia Leader|Tyranitar, F|39\/100 tox\n|-weather|Sandstorm|[from] ability: Sand Stream|[of] p1a: Mafia Leader\n|turn|13\n|\n|t:|1698888719\n|move|p2a: \ud83c\udf0c\ud83d\udd2eNECROZMA\ud83d\udd2e\ud83c\udf0c|Outrage|p1a: Mafia Leader\n|-damage|p1a: Mafia Leader|0 fnt\n|faint|p1a: Mafia Leader\n|\n|-weather|Sandstorm|[upkeep]\n|-damage|p2a: \ud83c\udf0c\ud83d\udd2eNECROZMA\ud83d\udd2e\ud83c\udf0c|9\/100|[from] Sandstorm\n|upkeep\n|\n|t:|1698888726\n|switch|p1a: Slayer Of Earth|Houndstone, F, shiny|100\/100\n|turn|14\n|\n|t:|1698888731\n|-terastallize|p1a: Slayer Of Earth|Ghost\n|move|p1a: Slayer Of Earth|Last Respects|p2a: \ud83c\udf0c\ud83d\udd2eNECROZMA\ud83d\udd2e\ud83c\udf0c\n|-supereffective|p2a: \ud83c\udf0c\ud83d\udd2eNECROZMA\ud83d\udd2e\ud83c\udf0c\n|-damage|p2a: \ud83c\udf0c\ud83d\udd2eNECROZMA\ud83d\udd2e\ud83c\udf0c|0 fnt\n|faint|p2a: \ud83c\udf0c\ud83d\udd2eNECROZMA\ud83d\udd2e\ud83c\udf0c\n|\n|-weather|Sandstorm|[upkeep]\n|upkeep\n|\n|t:|1698888744\n|switch|p2a: \ud83c\udf0c\ud83d\udd2eALAKAZAM\ud83d\udd2e\ud83c\udf0c|Alakazam-Mega, M, shiny|100\/100\n|-damage|p2a: \ud83c\udf0c\ud83d\udd2eALAKAZAM\ud83d\udd2e\ud83c\udf0c|88\/100|[from] Stealth Rock\n|-ability|p2a: \ud83c\udf0c\ud83d\udd2eALAKAZAM\ud83d\udd2e\ud83c\udf0c|Sand Rush|[from] ability: Trace|[of] p1a: Slayer Of Earth\n|turn|15\n|\n|t:|1698888752\n|move|p2a: \ud83c\udf0c\ud83d\udd2eALAKAZAM\ud83d\udd2e\ud83c\udf0c|Expanding Force|p1a: Slayer Of Earth\n|-damage|p1a: Slayer Of Earth|0 fnt\n|faint|p1a: Slayer Of Earth\n|\n|win|PSYCH0-MODE\ufe0f\n|raw|MagikGRR's rating: 1132 &rarr; <strong>1108<\/strong><br \/>(-24 for losing)\n|raw|PSYCH0-MODE\ufe0f's rating: 1149 &rarr; <strong>1173<\/strong><br \/>(+24 for winning)\n|l|\u2606MagikGRR\n","uploadtime":1698888767,"views":9,"p1id":"magikgrr","p2id":"psych0mode","formatid":"gen9nationaldexubers","rating":1108,"private":0,"password":""}