{"id":"gen9nationaldexubers-1994298993","p1":"gracejos","p2":"massivehumongous","format":"[Gen 9] National Dex Ubers","log":"|j|\u2606gracejos\n|j|\u2606massivehumongous\n|t:|1700428494\n|gametype|singles\n|player|p1|gracejos|hilbert|1000\n|player|p2|massivehumongous|palmer|1031\n|teamsize|p1|6\n|teamsize|p2|6\n|gen|9\n|tier|[Gen 9] National Dex Ubers\n|rated|\n|rule|HP Percentage Mod: HP is shown in percentages\n|rule|Endless Battle Clause: Forcing endless battles is banned\n|rule|OHKO Clause: OHKO moves are banned\n|rule|Evasion Moves Clause: Evasion moves are banned\n|rule|Evasion Items Clause: Evasion items are banned\n|rule|Species Clause: Limit one of each Pok\u00e9mon\n|rule|Sleep Clause Mod: Limit one foe put to sleep\n|rule|Mega Rayquaza Clause: You cannot mega evolve Rayquaza\n|clearpoke\n|poke|p1|Arcanine, M|\n|poke|p1|Gengar, F|\n|poke|p1|Dragonite, F|\n|poke|p1|Blastoise, M|\n|poke|p1|Mewtwo|\n|poke|p1|Parasect, M|\n|poke|p2|Necrozma-Dusk-Mane|\n|poke|p2|Ho-Oh|\n|poke|p2|Zacian-*|\n|poke|p2|Groudon|\n|poke|p2|Arceus-Ground|\n|poke|p2|Dragapult, F|\n|teampreview\n|\n|t:|1700428519\n|start\n|switch|p1a: Blastoise|Blastoise, M, shiny|100\/100\n|switch|p2a: Dragapult|Dragapult, F|100\/100\n|turn|1\n|\n|t:|1700428530\n|move|p2a: Dragapult|U-turn|p1a: Blastoise\n|-damage|p1a: Blastoise|84\/100\n|\n|t:|1700428536\n|switch|p2a: Necrozma|Necrozma-Dusk-Mane|100\/100|[from] U-turn\n|move|p1a: Blastoise|Flash Cannon|p2a: Necrozma\n|-resisted|p2a: Necrozma\n|-damage|p2a: Necrozma|90\/100\n|-unboost|p2a: Necrozma|spd|1\n|\n|-heal|p1a: Blastoise|90\/100|[from] item: Leftovers\n|upkeep\n|turn|2\n|\n|t:|1700428549\n|move|p2a: Necrozma|Knock Off|p1a: Blastoise\n|-damage|p1a: Blastoise|59\/100\n|-enditem|p1a: Blastoise|Leftovers|[from] move: Knock Off|[of] p2a: Necrozma\n|move|p1a: Blastoise|Water Spout|p2a: Necrozma\n|-damage|p2a: Necrozma|46\/100\n|\n|upkeep\n|turn|3\n|\n|t:|1700428563\n|switch|p2a: Groudon|Groudon|100\/100\n|detailschange|p2a: Groudon|Groudon-Primal\n|-primal|p2a: Groudon|Red Orb\n|-weather|DesolateLand|[from] ability: Desolate Land|[of] p2a: Groudon\n|move|p1a: Blastoise|Water Spout||[still]\n|-fail|p1a: Blastoise|Water Spout|[from] Desolate Land\n|\n|-weather|DesolateLand|[upkeep]\n|upkeep\n|turn|4\n|\n|t:|1700428580\n|switch|p1a: Parasect|Parasect, M|100\/100\n|move|p2a: Groudon|Precipice Blades|p1a: Parasect\n|-resisted|p1a: Parasect\n|-damage|p1a: Parasect|80\/100\n|\n|-weather|DesolateLand|[upkeep]\n|-heal|p1a: Parasect|86\/100|[from] item: Leftovers\n|upkeep\n|turn|5\n|\n|t:|1700428589\n|-terastallize|p1a: Parasect|Water\n|move|p2a: Groudon|Fire Blast|p1a: Parasect\n|-resisted|p1a: Parasect\n|-damage|p1a: Parasect|41\/100\n|move|p1a: Parasect|Spore|p2a: Groudon\n|-status|p2a: Groudon|slp|[from] move: Spore\n|\n|-weather|DesolateLand|[upkeep]\n|-heal|p1a: Parasect|47\/100|[from] item: Leftovers\n|upkeep\n|turn|6\n|\n|t:|1700428598\n|cant|p2a: Groudon|slp\n|move|p1a: Parasect|Leech Seed|p2a: Groudon\n|-start|p2a: Groudon|move: Leech Seed\n|\n|-weather|DesolateLand|[upkeep]\n|-heal|p1a: Parasect|54\/100|[from] item: Leftovers\n|-damage|p2a: Groudon|88\/100 slp|[from] Leech Seed|[of] p1a: Parasect\n|-heal|p1a: Parasect|67\/100|[silent]\n|upkeep\n|turn|7\n|\n|t:|1700428605\n|-curestatus|p2a: Groudon|slp|[msg]\n|move|p2a: Groudon|Precipice Blades|p1a: Parasect|[miss]\n|-miss|p2a: Groudon|p1a: Parasect\n|move|p1a: Parasect|Energy Ball|p2a: Groudon\n|-damage|p2a: Groudon|66\/100\n|\n|-weather|DesolateLand|[upkeep]\n|-heal|p1a: Parasect|73\/100|[from] item: Leftovers\n|-damage|p2a: Groudon|54\/100|[from] Leech Seed|[of] p1a: Parasect\n|-heal|p1a: Parasect|86\/100|[silent]\n|upkeep\n|turn|8\n|\n|t:|1700428615\n|move|p2a: Groudon|Precipice Blades|p1a: Parasect\n|-damage|p1a: Parasect|3\/100\n|move|p1a: Parasect|Spore|p2a: Groudon\n|-status|p2a: Groudon|slp|[from] move: Spore\n|\n|-weather|DesolateLand|[upkeep]\n|-heal|p1a: Parasect|9\/100|[from] item: Leftovers\n|-damage|p2a: Groudon|42\/100 slp|[from] Leech Seed|[of] p1a: Parasect\n|-heal|p1a: Parasect|22\/100|[silent]\n|upkeep\n|turn|9\n|\n|t:|1700428624\n|-weather|none\n|switch|p2a: Arceus|Arceus-Ground|100\/100\n|move|p1a: Parasect|Energy Ball|p2a: Arceus\n|-supereffective|p2a: Arceus\n|-damage|p2a: Arceus|71\/100\n|\n|-heal|p1a: Parasect|28\/100|[from] item: Leftovers\n|upkeep\n|turn|10\n|\n|t:|1700428632\n|move|p2a: Arceus|Extreme Speed|p1a: Parasect\n|-damage|p1a: Parasect|0 fnt\n|faint|p1a: Parasect\n|\n|upkeep\n|\n|t:|1700428637\n|switch|p1a: Blastoise|Blastoise, M, shiny|59\/100\n|turn|11\n|\n|t:|1700428640\n|switch|p2a: Groudon|Groudon-Primal|42\/100 slp\n|-weather|DesolateLand|[from] ability: Desolate Land|[of] p2a: Groudon\n|move|p1a: Blastoise|Water Spout||[still]\n|-fail|p1a: Blastoise|Water Spout|[from] Desolate Land\n|\n|-weather|DesolateLand|[upkeep]\n|upkeep\n|turn|12\n|\n|t:|1700428648\n|cant|p2a: Groudon|slp\n|move|p1a: Blastoise|Dragon Pulse|p2a: Groudon\n|-damage|p2a: Groudon|13\/100 slp\n|\n|-weather|DesolateLand|[upkeep]\n|upkeep\n|turn|13\n|\n|t:|1700428652\n|cant|p2a: Groudon|slp\n|move|p1a: Blastoise|Dragon Pulse|p2a: Groudon\n|-damage|p2a: Groudon|0 fnt\n|faint|p2a: Groudon\n|-weather|none\n|\n|upkeep\n|\n|t:|1700428656\n|switch|p2a: Dragapult|Dragapult, F|100\/100\n|turn|14\n|\n|t:|1700428660\n|-zpower|p2a: Dragapult\n|move|p2a: Dragapult|Devastating Drake|p1a: Blastoise|[zeffect]\n|-damage|p1a: Blastoise|0 fnt\n|faint|p1a: Blastoise\n|\n|upkeep\n|-message|gracejos forfeited.\n|\n|win|massivehumongous\n|raw|gracejos's rating: 1000 &rarr; <strong>1000<\/strong><br \/>(+0 for losing)\n|raw|massivehumongous's rating: 1031 &rarr; <strong>1063<\/strong><br \/>(+32 for winning)\n|l|\u2606gracejos\n","uploadtime":1700428671,"views":3,"p1id":"gracejos","p2id":"massivehumongous","formatid":"gen9nationaldexubers","rating":1000,"private":0,"password":""}