{"id":"gen9nationaldexubers-1981446487","p1":"HarlequinHager","p2":"QM3 Rilo","format":"[Gen 9] National Dex Ubers","log":"|j|\u2606HarlequinHager\n|j|\u2606QM3 Rilo\n|t:|1698897083\n|gametype|singles\n|player|p1|HarlequinHager|clown|1113\n|player|p2|QM3 Rilo|korrina|1000\n|teamsize|p1|6\n|teamsize|p2|6\n|gen|9\n|tier|[Gen 9] National Dex Ubers\n|rated|\n|rule|HP Percentage Mod: HP is shown in percentages\n|rule|Endless Battle Clause: Forcing endless battles is banned\n|rule|OHKO Clause: OHKO moves are banned\n|rule|Evasion Moves Clause: Evasion moves are banned\n|rule|Evasion Items Clause: Evasion items are banned\n|rule|Species Clause: Limit one of each Pok\u00e9mon\n|rule|Sleep Clause Mod: Limit one foe put to sleep\n|rule|Mega Rayquaza Clause: You cannot mega evolve Rayquaza\n|clearpoke\n|poke|p1|Sneasler, M|\n|poke|p1|Goodra-Hisui, F|\n|poke|p1|Hatterene, F|\n|poke|p1|Dugtrio, F|\n|poke|p1|Archeops, F|\n|poke|p1|Kleavor, F|\n|poke|p2|Smeargle, M|\n|poke|p2|Glimmora, M|\n|poke|p2|Gholdengo|\n|poke|p2|Blaziken, M|\n|poke|p2|Groudon|\n|poke|p2|Regieleki|\n|teampreview\n|inactive|Battle timer is ON: inactive players will automatically lose when time's up. (requested by QM3 Rilo)\n|inactive|HarlequinHager has 120 seconds left.\n|\n|t:|1698897121\n|start\n|switch|p1a: Britney Spears|Sneasler, M|100\/100\n|switch|p2a: Glimmora|Glimmora, M|100\/100\n|turn|1\n|\n|t:|1698897128\n|move|p1a: Britney Spears|Fake Out|p2a: Glimmora\n|-resisted|p2a: Glimmora\n|-damage|p2a: Glimmora|91\/100\n|-activate|p2a: Glimmora|ability: Toxic Debris\n|-sidestart|p1: HarlequinHager|move: Toxic Spikes\n|cant|p2a: Glimmora|flinch\n|\n|upkeep\n|turn|2\n|\n|t:|1698897138\n|switch|p1a: Gary|Goodra-Hisui, F|100\/100\n|move|p2a: Glimmora|Stealth Rock|p1a: Gary\n|-sidestart|p1: HarlequinHager|move: Stealth Rock\n|\n|upkeep\n|turn|3\n|\n|t:|1698897146\n|move|p2a: Glimmora|Spikes|p1a: Gary\n|-sidestart|p1: HarlequinHager|Spikes\n|move|p1a: Gary|Flash Cannon|p2a: Glimmora\n|-supereffective|p2a: Glimmora\n|-damage|p2a: Glimmora|20\/100\n|\n|upkeep\n|turn|4\n|\n|t:|1698897151\n|move|p2a: Glimmora|Toxic Spikes|p1a: Gary\n|-sidestart|p1: HarlequinHager|move: Toxic Spikes\n|move|p1a: Gary|Substitute|p1a: Gary\n|-start|p1a: Gary|Substitute\n|-damage|p1a: Gary|75\/100\n|\n|-heal|p1a: Gary|82\/100|[from] item: Leftovers\n|upkeep\n|turn|5\n|\n|t:|1698897160\n|move|p2a: Glimmora|Spikes|p1a: Gary\n|-sidestart|p1: HarlequinHager|Spikes\n|move|p1a: Gary|Flash Cannon|p2a: Glimmora\n|-supereffective|p2a: Glimmora\n|-crit|p2a: Glimmora\n|-damage|p2a: Glimmora|0 fnt\n|faint|p2a: Glimmora\n|\n|-heal|p1a: Gary|88\/100|[from] item: Leftovers\n|upkeep\n|\n|t:|1698897162\n|switch|p2a: Smeargle|Smeargle, M|100\/100\n|turn|6\n|\n|t:|1698897170\n|move|p2a: Smeargle|Spikes|p1a: Gary\n|-sidestart|p1: HarlequinHager|Spikes\n|move|p1a: Gary|Toxic|p2a: Smeargle\n|-status|p2a: Smeargle|tox\n|\n|-heal|p1a: Gary|94\/100|[from] item: Leftovers\n|-damage|p2a: Smeargle|94\/100 tox|[from] psn\n|-ability|p2a: Smeargle|Moody|boost\n|-boost|p2a: Smeargle|def|2\n|-unboost|p2a: Smeargle|spd|1\n|upkeep\n|turn|7\n|\n|t:|1698897184\n|move|p2a: Smeargle|Sticky Web|p1a: Gary\n|-sidestart|p1: HarlequinHager|move: Sticky Web\n|move|p1a: Gary|Flash Cannon|p2a: Smeargle\n|-damage|p2a: Smeargle|0 fnt\n|faint|p2a: Smeargle\n|\n|-heal|p1a: Gary|99\/100|[from] item: Leftovers\n|upkeep\n|\n|t:|1698897188\n|switch|p2a: Blaziken|Blaziken, M|100\/100\n|turn|8\n|\n|t:|1698897193\n|detailschange|p2a: Blaziken|Blaziken-Mega, M\n|-mega|p2a: Blaziken|Blaziken|Blazikenite\n|move|p2a: Blaziken|Close Combat|p1a: Gary\n|-supereffective|p1a: Gary\n|-end|p1a: Gary|Substitute\n|-unboost|p2a: Blaziken|def|1\n|-unboost|p2a: Blaziken|spd|1\n|move|p1a: Gary|Toxic|p2a: Blaziken\n|-status|p2a: Blaziken|tox\n|\n|-heal|p1a: Gary|100\/100|[from] item: Leftovers\n|-damage|p2a: Blaziken|95\/100 tox|[from] psn\n|-ability|p2a: Blaziken|Speed Boost|boost\n|-boost|p2a: Blaziken|spe|1\n|upkeep\n|turn|9\n|\n|t:|1698897207\n|move|p2a: Blaziken|Close Combat|p1a: Gary\n|-supereffective|p1a: Gary\n|-damage|p1a: Gary|0 fnt\n|-unboost|p2a: Blaziken|def|1\n|-unboost|p2a: Blaziken|spd|1\n|faint|p1a: Gary\n|\n|-damage|p2a: Blaziken|83\/100 tox|[from] psn\n|-ability|p2a: Blaziken|Speed Boost|boost\n|-boost|p2a: Blaziken|spe|1\n|upkeep\n|inactive|HarlequinHager has 120 seconds left.\n|\n|t:|1698897238\n|switch|p1a: Jurassic Big Bird|Archeops, F|100\/100\n|-damage|p1a: Jurassic Big Bird|76\/100|[from] Stealth Rock\n|turn|10\n|inactive|HarlequinHager has 120 seconds left.\n|\n|t:|1698897245\n|move|p2a: Blaziken|Close Combat|p1a: Jurassic Big Bird\n|-damage|p1a: Jurassic Big Bird|0 fnt\n|-unboost|p2a: Blaziken|def|1\n|-unboost|p2a: Blaziken|spd|1\n|faint|p1a: Jurassic Big Bird\n|\n|-damage|p2a: Blaziken|65\/100 tox|[from] psn\n|-ability|p2a: Blaziken|Speed Boost|boost\n|-boost|p2a: Blaziken|spe|1\n|upkeep\n|inactive|HarlequinHager has 120 seconds left.\n|\n|t:|1698897255\n|switch|p1a: Three Stooges|Dugtrio, F|100\/100\n|-status|p1a: Three Stooges|tox\n|-damage|p1a: Three Stooges|94\/100 tox|[from] Stealth Rock\n|-damage|p1a: Three Stooges|70\/100 tox|[from] Spikes\n|-activate|p1a: Three Stooges|move: Sticky Web\n|-unboost|p1a: Three Stooges|spe|1\n|turn|11\n|\n|t:|1698897264\n|move|p1a: Three Stooges|Sucker Punch|p2a: Blaziken\n|-resisted|p2a: Blaziken\n|-damage|p2a: Blaziken|25\/100 tox\n|move|p2a: Blaziken|Close Combat|p1a: Three Stooges\n|-damage|p1a: Three Stooges|0 fnt\n|-unboost|p2a: Blaziken|def|1\n|-unboost|p2a: Blaziken|spd|1\n|faint|p1a: Three Stooges\n|\n|-damage|p2a: Blaziken|1\/100 tox|[from] psn\n|-ability|p2a: Blaziken|Speed Boost|boost\n|-boost|p2a: Blaziken|spe|1\n|upkeep\n|inactive|HarlequinHager has 120 seconds left.\n|\n|t:|1698897278\n|switch|p1a: Gimli|Kleavor, F|100\/100\n|-status|p1a: Gimli|tox\n|-damage|p1a: Gimli|76\/100 tox|[from] Stealth Rock\n|-damage|p1a: Gimli|51\/100 tox|[from] Spikes\n|-activate|p1a: Gimli|move: Sticky Web\n|-unboost|p1a: Gimli|spe|1\n|turn|12\n|\n|t:|1698897287\n|move|p2a: Blaziken|Flare Blitz|p1a: Gimli\n|-damage|p1a: Gimli|0 fnt\n|faint|p1a: Gimli\n|-damage|p2a: Blaziken|0 fnt|[from] Recoil\n|faint|p2a: Blaziken\n|\n|upkeep\n|\n|t:|1698897294\n|switch|p2a: Groudon|Groudon|100\/100\n|switch|p1a: Glinda|Hatterene, F|100\/100\n|-status|p1a: Glinda|tox\n|-damage|p1a: Glinda|88\/100 tox|[from] Stealth Rock\n|-damage|p1a: Glinda|63\/100 tox|[from] Spikes\n|-activate|p1a: Glinda|move: Sticky Web\n|-unboost|p1a: Glinda|spe|1\n|detailschange|p2a: Groudon|Groudon-Primal\n|-primal|p2a: Groudon|Red Orb\n|-weather|DesolateLand|[from] ability: Desolate Land|[of] p2a: Groudon\n|turn|13\n|\n|t:|1698897314\n|move|p2a: Groudon|Precipice Blades|p1a: Glinda\n|-damage|p1a: Glinda|0 fnt\n|faint|p1a: Glinda\n|\n|-weather|DesolateLand|[upkeep]\n|upkeep\n|\n|t:|1698897318\n|switch|p1a: Britney Spears|Sneasler, M|100\/100\n|-sideend|p1: HarlequinHager|move: Toxic Spikes|[of] p1a: Britney Spears\n|-damage|p1a: Britney Spears|95\/100|[from] Stealth Rock\n|-damage|p1a: Britney Spears|70\/100|[from] Spikes\n|-activate|p1a: Britney Spears|move: Sticky Web\n|-unboost|p1a: Britney Spears|spe|1\n|turn|14\n|-message|HarlequinHager forfeited.\n|\n|win|QM3 Rilo\n|raw|HarlequinHager's rating: 1113 &rarr; <strong>1083<\/strong><br \/>(-30 for losing)\n|raw|QM3 Rilo's rating: 1040 &rarr; <strong>1081<\/strong><br \/>(+41 for winning)\n|l|\u2606HarlequinHager\n","uploadtime":1698897335,"views":7,"p1id":"harlequinhager","p2id":"qm3rilo","formatid":"gen9nationaldexubers","rating":1081,"private":0,"password":""}