{"id":"gen9nationaldexubers-1991113913","p1":"zjt369","p2":"kraken2002","format":"[Gen 9] National Dex Ubers","log":"|j|\u2606zjt369\n|j|\u2606kraken2002\n|t:|1700045050\n|gametype|singles\n|player|p1|zjt369|scientist|1150\n|player|p2|kraken2002|swimmerf-gen4|1207\n|teamsize|p1|6\n|teamsize|p2|6\n|gen|9\n|tier|[Gen 9] National Dex Ubers\n|rated|\n|rule|HP Percentage Mod: HP is shown in percentages\n|rule|Endless Battle Clause: Forcing endless battles is banned\n|rule|OHKO Clause: OHKO moves are banned\n|rule|Evasion Moves Clause: Evasion moves are banned\n|rule|Evasion Items Clause: Evasion items are banned\n|rule|Species Clause: Limit one of each Pok\u00e9mon\n|rule|Sleep Clause Mod: Limit one foe put to sleep\n|rule|Mega Rayquaza Clause: You cannot mega evolve Rayquaza\n|clearpoke\n|poke|p1|Xerneas-*|\n|poke|p1|Lucario, M|\n|poke|p1|Ogerpon-Hearthflame, F|\n|poke|p1|Ninetales-Alola, M|\n|poke|p1|Kyogre|\n|poke|p1|Groudon|\n|poke|p2|Lopunny, F|\n|poke|p2|Gardevoir, F|\n|poke|p2|Ninetales, F|\n|poke|p2|Lilligant-Hisui, F|\n|poke|p2|Gothitelle, F|\n|poke|p2|Milotic, F|\n|teampreview\n|\n|t:|1700045058\n|start\n|switch|p1a: Ninetales|Ninetales-Alola, M|100\/100\n|switch|p2a: Ninetales|Ninetales, F|100\/100\n|-weather|Snow|[from] ability: Snow Warning|[of] p1a: Ninetales\n|-weather|SunnyDay|[from] ability: Drought|[of] p2a: Ninetales\n|turn|1\n|\n|t:|1700045067\n|switch|p1a: Kyogre|Kyogre|100\/100\n|detailschange|p1a: Kyogre|Kyogre-Primal\n|-primal|p1a: Kyogre|Blue Orb\n|-weather|PrimordialSea|[from] ability: Primordial Sea|[of] p1a: Kyogre\n|move|p2a: Ninetales|Toxic|p1a: Kyogre\n|-status|p1a: Kyogre|tox\n|\n|-weather|PrimordialSea|[upkeep]\n|-damage|p1a: Kyogre|94\/100 tox|[from] psn\n|upkeep\n|turn|2\n|\n|t:|1700045080\n|switch|p2a: Milotic|Milotic, F|100\/100\n|move|p1a: Kyogre|Thunder|p2a: Milotic\n|-supereffective|p2a: Milotic\n|-damage|p2a: Milotic|17\/100\n|\n|-weather|PrimordialSea|[upkeep]\n|-damage|p1a: Kyogre|82\/100 tox|[from] psn\n|-status|p2a: Milotic|brn|[from] item: Flame Orb\n|upkeep\n|turn|3\n|\n|t:|1700045091\n|move|p2a: Milotic|Ice Beam|p1a: Kyogre\n|-resisted|p1a: Kyogre\n|-damage|p1a: Kyogre|75\/100 tox\n|move|p1a: Kyogre|Origin Pulse|p2a: Milotic|[miss]\n|-miss|p1a: Kyogre|p2a: Milotic\n|\n|-weather|PrimordialSea|[upkeep]\n|-damage|p1a: Kyogre|56\/100 tox|[from] psn\n|-damage|p2a: Milotic|10\/100 brn|[from] brn\n|upkeep\n|turn|4\n|\n|t:|1700045102\n|move|p2a: Milotic|Recover|p2a: Milotic\n|-heal|p2a: Milotic|61\/100 brn\n|move|p1a: Kyogre|Thunder|p2a: Milotic\n|-supereffective|p2a: Milotic\n|-damage|p2a: Milotic|0 fnt\n|faint|p2a: Milotic\n|\n|-weather|PrimordialSea|[upkeep]\n|-damage|p1a: Kyogre|31\/100 tox|[from] psn\n|upkeep\n|\n|t:|1700045109\n|switch|p2a: Ninetales|Ninetales, F|100\/100\n|-ability|p2a: Ninetales|Drought|[from] primordialsea|[fail]\n|turn|5\n|\n|t:|1700045121\n|move|p2a: Ninetales|Overheat||[still]\n|-fail|p2a: Ninetales|Overheat|[from] Primordial Sea\n|move|p1a: Kyogre|Origin Pulse|p2a: Ninetales\n|-supereffective|p2a: Ninetales\n|-damage|p2a: Ninetales|0 fnt\n|faint|p2a: Ninetales\n|\n|-weather|PrimordialSea|[upkeep]\n|-damage|p1a: Kyogre|0 fnt|[from] psn\n|faint|p1a: Kyogre\n|-weather|none\n|upkeep\n|\n|t:|1700045132\n|switch|p2a: Gardevoir|Gardevoir, F|100\/100\n|switch|p1a: Ninetales|Ninetales-Alola, M|100\/100\n|-weather|Snow|[from] ability: Snow Warning|[of] p1a: Ninetales\n|turn|6\n|\n|t:|1700045138\n|move|p2a: Gardevoir|Trick|p1a: Ninetales\n|-activate|p2a: Gardevoir|move: Trick|[of] p1a: Ninetales\n|-item|p1a: Ninetales|Choice Scarf|[from] move: Trick\n|-item|p2a: Gardevoir|Focus Sash|[from] move: Trick\n|move|p1a: Ninetales|Aurora Veil|p1a: Ninetales\n|-sidestart|p1: zjt369|move: Aurora Veil\n|\n|-weather|Snow|[upkeep]\n|upkeep\n|turn|7\n|\n|t:|1700045155\n|switch|p1a: Xerneas|Xerneas|100\/100\n|-ability|p1a: Xerneas|Fairy Aura\n|switch|p2a: Gothitelle|Gothitelle, F|100\/100\n|\n|-weather|Snow|[upkeep]\n|upkeep\n|turn|8\n|\n|t:|1700045164\n|move|p1a: Xerneas|Geomancy||[still]\n|-prepare|p1a: Xerneas|Geomancy\n|-enditem|p1a: Xerneas|Power Herb\n|-anim|p1a: Xerneas|Geomancy|p1a: Xerneas\n|-boost|p1a: Xerneas|spa|2\n|-boost|p1a: Xerneas|spd|2\n|-boost|p1a: Xerneas|spe|2\n|move|p2a: Gothitelle|Cosmic Power|p2a: Gothitelle\n|-boost|p2a: Gothitelle|def|1\n|-boost|p2a: Gothitelle|spd|1\n|\n|-weather|Snow|[upkeep]\n|upkeep\n|turn|9\n|\n|t:|1700045173\n|-terastallize|p1a: Xerneas|Fairy\n|move|p1a: Xerneas|Moonblast|p2a: Gothitelle\n|-damage|p2a: Gothitelle|0 fnt\n|faint|p2a: Gothitelle\n|\n|-weather|Snow|[upkeep]\n|upkeep\n|\n|t:|1700045187\n|switch|p2a: Lilligant|Lilligant-Hisui, F|100\/100\n|turn|10\n|inactive|Battle timer is ON: inactive players will automatically lose when time's up. (requested by zjt369)\n|\n|t:|1700045194\n|move|p1a: Xerneas|Moonblast|p2a: Lilligant\n|-supereffective|p2a: Lilligant\n|-enditem|p2a: Lilligant|Focus Sash\n|-damage|p2a: Lilligant|1\/100\n|move|p2a: Lilligant|Sleep Powder|p1a: Xerneas\n|-status|p1a: Xerneas|slp|[from] move: Sleep Powder\n|\n|-weather|none\n|-sideend|p1: zjt369|move: Aurora Veil\n|upkeep\n|turn|11\n|\n|t:|1700045204\n|cant|p1a: Xerneas|slp\n|move|p2a: Lilligant|Swords Dance|p2a: Lilligant\n|-boost|p2a: Lilligant|atk|2\n|\n|upkeep\n|turn|12\n|\n|t:|1700045209\n|cant|p1a: Xerneas|slp\n|move|p2a: Lilligant|Solar Blade||[still]\n|-prepare|p2a: Lilligant|Solar Blade\n|\n|upkeep\n|turn|13\n|\n|t:|1700045213\n|cant|p1a: Xerneas|slp\n|move|p2a: Lilligant|Solar Blade|p1a: Xerneas|[from]lockedmove\n|-damage|p1a: Xerneas|0 fnt\n|faint|p1a: Xerneas\n|\n|upkeep\n|\n|t:|1700045219\n|switch|p1a: Lucario|Lucario, M|100\/100\n|turn|14\n|\n|t:|1700045223\n|detailschange|p1a: Lucario|Lucario-Mega, M\n|-mega|p1a: Lucario|Lucario|Lucarionite\n|move|p1a: Lucario|Bullet Punch|p2a: Lilligant\n|-crit|p2a: Lilligant\n|-damage|p2a: Lilligant|0 fnt\n|faint|p2a: Lilligant\n|\n|upkeep\n|\n|t:|1700045227\n|switch|p2a: Lopunny|Lopunny, F|100\/100\n|turn|15\n|\n|t:|1700045247\n|detailschange|p2a: Lopunny|Lopunny-Mega, F\n|-mega|p2a: Lopunny|Lopunny|Lopunnite\n|move|p2a: Lopunny|Fake Out|p1a: Lucario\n|-resisted|p1a: Lucario\n|-damage|p1a: Lucario|86\/100\n|cant|p1a: Lucario|flinch\n|\n|upkeep\n|turn|16\n|\n|t:|1700045263\n|switch|p1a: Groudon|Groudon|100\/100\n|detailschange|p1a: Groudon|Groudon-Primal\n|-primal|p1a: Groudon|Red Orb\n|-weather|DesolateLand|[from] ability: Desolate Land|[of] p1a: Groudon\n|move|p2a: Lopunny|High Jump Kick|p1a: Groudon\n|-damage|p1a: Groudon|60\/100\n|\n|-weather|DesolateLand|[upkeep]\n|upkeep\n|turn|17\n|\n|t:|1700045293\n|move|p2a: Lopunny|Return|p1a: Groudon\n|-damage|p1a: Groudon|28\/100\n|move|p1a: Groudon|Heat Crash|p2a: Lopunny\n|-damage|p2a: Lopunny|0 fnt\n|faint|p2a: Lopunny\n|\n|-weather|DesolateLand|[upkeep]\n|upkeep\n|\n|t:|1700045299\n|switch|p2a: Gardevoir|Gardevoir, F|100\/100\n|turn|18\n|\n|t:|1700045304\n|move|p2a: Gardevoir|Psychic|p1a: Groudon\n|-damage|p1a: Groudon|0 fnt\n|faint|p1a: Groudon\n|-weather|none\n|\n|upkeep\n|\n|t:|1700045309\n|switch|p1a: Lucario|Lucario-Mega, M|86\/100\n|turn|19\n|\n|t:|1700045313\n|move|p1a: Lucario|Bullet Punch|p2a: Gardevoir\n|-supereffective|p2a: Gardevoir\n|-damage|p2a: Gardevoir|2\/100\n|move|p2a: Gardevoir|Focus Blast|p1a: Lucario\n|-supereffective|p1a: Lucario\n|-crit|p1a: Lucario\n|-damage|p1a: Lucario|0 fnt\n|faint|p1a: Lucario\n|\n|upkeep\n|\n|t:|1700045324\n|switch|p1a: Ogerpon|Ogerpon-Hearthflame, F|100\/100\n|-ability|p1a: Ogerpon|Mold Breaker\n|turn|20\n|\n|t:|1700045332\n|-terastallize|p2a: Gardevoir|Psychic\n|move|p1a: Ogerpon|Trailblaze|p2a: Gardevoir\n|-damage|p2a: Gardevoir|0 fnt\n|-boost|p1a: Ogerpon|spe|1\n|faint|p2a: Gardevoir\n|\n|win|zjt369\n|raw|zjt369's rating: 1150 &rarr; <strong>1179<\/strong><br \/>(+29 for winning)\n|raw|kraken2002's rating: 1207 &rarr; <strong>1178<\/strong><br \/>(-29 for losing)\n|l|\u2606kraken2002\n","uploadtime":1700045343,"views":8,"p1id":"zjt369","p2id":"kraken2002","formatid":"gen9nationaldexubers","rating":1178,"private":0,"password":""}