{"id":"gen9nationaldexubers-1981811467","p1":"kaikalos","p2":"Pizzariapokimon","format":"[Gen 9] National Dex Ubers","log":"|j|\u2606kaikalos\n|j|\u2606Pizzariapokimon\n|t:|1698943420\n|gametype|singles\n|player|p1|kaikalos|schoolkid|1224\n|player|p2|Pizzariapokimon|n|1319\n|teamsize|p1|6\n|teamsize|p2|6\n|gen|9\n|tier|[Gen 9] National Dex Ubers\n|rated|\n|rule|HP Percentage Mod: HP is shown in percentages\n|rule|Endless Battle Clause: Forcing endless battles is banned\n|rule|OHKO Clause: OHKO moves are banned\n|rule|Evasion Moves Clause: Evasion moves are banned\n|rule|Evasion Items Clause: Evasion items are banned\n|rule|Species Clause: Limit one of each Pok\u00e9mon\n|rule|Sleep Clause Mod: Limit one foe put to sleep\n|rule|Mega Rayquaza Clause: You cannot mega evolve Rayquaza\n|clearpoke\n|poke|p1|Ogerpon, F|\n|poke|p1|Ceruledge, F|\n|poke|p1|Azumarill, F|\n|poke|p1|Lopunny, F|\n|poke|p1|Necrozma-Dawn-Wings|\n|poke|p1|Togedemaru, L1, F|\n|poke|p2|Naganadel|\n|poke|p2|Pheromosa|\n|poke|p2|Kartana|\n|poke|p2|Xurkitree|\n|poke|p2|Buzzwole|\n|poke|p2|Blacephalon|\n|teampreview\n|inactive|Battle timer is ON: inactive players will automatically lose when time's up. (requested by Pizzariapokimon)\n|\n|t:|1698943428\n|start\n|switch|p1a: Ratoelho|Azumarill, F, shiny|100\/100\n|switch|p2a: Pheromosa|Pheromosa, shiny|100\/100\n|turn|1\n|\n|t:|1698943433\n|move|p2a: Pheromosa|Quiver Dance|p2a: Pheromosa\n|-boost|p2a: Pheromosa|spa|1\n|-boost|p2a: Pheromosa|spd|1\n|-boost|p2a: Pheromosa|spe|1\n|move|p1a: Ratoelho|Play Rough|p2a: Pheromosa\n|-supereffective|p2a: Pheromosa\n|-enditem|p2a: Pheromosa|Focus Sash\n|-damage|p2a: Pheromosa|1\/100\n|\n|upkeep\n|turn|2\n|\n|t:|1698943441\n|move|p1a: Ratoelho|Aqua Jet|p2a: Pheromosa\n|-damage|p2a: Pheromosa|0 fnt\n|faint|p2a: Pheromosa\n|\n|upkeep\n|\n|t:|1698943445\n|switch|p2a: Kartana|Kartana, shiny|100\/100\n|turn|3\n|\n|t:|1698943451\n|move|p2a: Kartana|Leaf Blade|p1a: Ratoelho\n|-supereffective|p1a: Ratoelho\n|-damage|p1a: Ratoelho|0 fnt\n|faint|p1a: Ratoelho\n|-ability|p2a: Kartana|Beast Boost|boost\n|-boost|p2a: Kartana|atk|1\n|\n|upkeep\n|\n|t:|1698943458\n|switch|p1a: Togedemaru|Togedemaru, L1, F|100\/100\n|turn|4\n|\n|t:|1698943460\n|move|p2a: Kartana|Leaf Blade|p1a: Togedemaru\n|-resisted|p1a: Togedemaru\n|-ability|p1a: Togedemaru|Sturdy\n|-damage|p1a: Togedemaru|9\/100\n|move|p1a: Togedemaru|Endeavor|p2a: Kartana\n|-damage|p2a: Kartana|1\/100\n|-heal|p1a: Togedemaru|100\/100|[from] item: Shell Bell|[of] p2a: Kartana\n|\n|upkeep\n|turn|5\n|\n|t:|1698943471\n|move|p1a: Togedemaru|Spiky Shield|p1a: Togedemaru\n|-singleturn|p1a: Togedemaru|move: Protect\n|move|p2a: Kartana|Leaf Blade|p1a: Togedemaru\n|-activate|p1a: Togedemaru|move: Protect\n|-damage|p2a: Kartana|0 fnt|[from] Spiky Shield|[of] p1a: Togedemaru\n|faint|p2a: Kartana\n|\n|upkeep\n|\n|t:|1698943478\n|switch|p2a: Blacephalon|Blacephalon, shiny|100\/100\n|turn|6\n|\n|t:|1698943487\n|switch|p1a: Cueia|Lopunny, F|100\/100\n|move|p2a: Blacephalon|Shadow Ball|p1a: Cueia\n|-immune|p1a: Cueia\n|\n|upkeep\n|turn|7\n|\n|t:|1698943493\n|switch|p2a: Buzzwole|Buzzwole|100\/100\n|detailschange|p1a: Cueia|Lopunny-Mega, F\n|-mega|p1a: Cueia|Lopunny|Lopunnite\n|move|p1a: Cueia|Fake Out|p2a: Buzzwole\n|-damage|p2a: Buzzwole|85\/100\n|\n|-heal|p2a: Buzzwole|91\/100|[from] item: Leftovers\n|upkeep\n|turn|8\n|\n|t:|1698943503\n|switch|p1a: Necrozma|Necrozma-Dawn-Wings|100\/100\n|move|p2a: Buzzwole|Drain Punch|p1a: Necrozma\n|-immune|p1a: Necrozma\n|\n|-heal|p2a: Buzzwole|97\/100|[from] item: Leftovers\n|upkeep\n|turn|9\n|\n|t:|1698943513\n|detailschange|p1a: Necrozma|Necrozma-Ultra\n|-burst|p1a: Necrozma|Necrozma|Ultranecrozium Z\n|move|p1a: Necrozma|Photon Geyser|p2a: Buzzwole\n|-supereffective|p2a: Buzzwole\n|-damage|p2a: Buzzwole|0 fnt\n|faint|p2a: Buzzwole\n|\n|upkeep\n|\n|t:|1698943531\n|switch|p2a: Bee|Naganadel, shiny|100\/100\n|turn|10\n|\n|t:|1698943535\n|-zpower|p1a: Necrozma\n|move|p1a: Necrozma|Light That Burns the Sky|p2a: Bee|[zeffect]\n|-supereffective|p2a: Bee\n|-enditem|p2a: Bee|Focus Sash\n|-damage|p2a: Bee|1\/100\n|move|p2a: Bee|Dragon Pulse|p1a: Necrozma\n|-supereffective|p1a: Necrozma\n|-damage|p1a: Necrozma|9\/100\n|\n|upkeep\n|turn|11\n|\n|t:|1698943548\n|move|p1a: Necrozma|Dragon Pulse|p2a: Bee\n|-supereffective|p2a: Bee\n|-damage|p2a: Bee|0 fnt\n|faint|p2a: Bee\n|\n|upkeep\n|\n|t:|1698943559\n|switch|p2a: Xurkitree|Xurkitree, shiny|100\/100\n|turn|12\n|\n|t:|1698943563\n|move|p1a: Necrozma|Photon Geyser|p2a: Xurkitree\n|-damage|p2a: Xurkitree|6\/100\n|-zpower|p2a: Xurkitree\n|move|p2a: Xurkitree|Z-Hypnosis|p1a: Necrozma|[anim]Hypnosis\n|-boost|p2a: Xurkitree|spe|1|[zeffect]\n|-status|p1a: Necrozma|slp|[from] move: Hypnosis\n|\n|upkeep\n|turn|13\n|\n|t:|1698943570\n|move|p2a: Xurkitree|Tail Glow|p2a: Xurkitree\n|-boost|p2a: Xurkitree|spa|3\n|cant|p1a: Necrozma|slp\n|\n|upkeep\n|turn|14\n|\n|t:|1698943572\n|move|p2a: Xurkitree|Hidden Power|p1a: Necrozma\n|-supereffective|p1a: Necrozma\n|-damage|p1a: Necrozma|0 fnt\n|faint|p1a: Necrozma\n|-ability|p2a: Xurkitree|Beast Boost|boost\n|-boost|p2a: Xurkitree|spa|1\n|\n|upkeep\n|\n|t:|1698943575\n|switch|p1a: Cueia|Lopunny-Mega, F|100\/100\n|turn|15\n|\n|t:|1698943578\n|move|p1a: Cueia|Fake Out|p2a: Xurkitree\n|-damage|p2a: Xurkitree|0 fnt\n|faint|p2a: Xurkitree\n|\n|upkeep\n|\n|t:|1698943589\n|switch|p2a: Blacephalon|Blacephalon, shiny|100\/100\n|turn|16\n|\n|t:|1698943594\n|-terastallize|p2a: Blacephalon|Fire\n|move|p2a: Blacephalon|Mind Blown|p1a: Cueia\n|-damage|p1a: Cueia|0 fnt\n|-damage|p2a: Blacephalon|50\/100|[from] mindblown\n|faint|p1a: Cueia\n|-ability|p2a: Blacephalon|Beast Boost|boost\n|-boost|p2a: Blacephalon|spa|1\n|\n|upkeep\n|\n|t:|1698943604\n|switch|p1a: Togedemaru|Togedemaru, L1, F|100\/100\n|turn|17\n|\n|t:|1698943606\n|move|p2a: Blacephalon|Mind Blown|p1a: Togedemaru\n|-supereffective|p1a: Togedemaru\n|-ability|p1a: Togedemaru|Sturdy\n|-damage|p1a: Togedemaru|9\/100\n|-damage|p2a: Blacephalon|0 fnt|[from] mindblown\n|faint|p2a: Blacephalon\n|\n|win|kaikalos\n|raw|kaikalos's rating: 1224 &rarr; <strong>1256<\/strong><br \/>(+32 for winning)\n|raw|Pizzariapokimon's rating: 1319 &rarr; <strong>1294<\/strong><br \/>(-25 for losing)\n|l|\u2606Pizzariapokimon\n","uploadtime":1698943618,"views":17,"p1id":"kaikalos","p2id":"pizzariapokimon","formatid":"gen9nationaldexubers","rating":1256,"private":0,"password":""}