{"id":"gen9nationaldexubers-1992981795","p1":"astatski","p2":"Pyr0tz","format":"[Gen 9] National Dex Ubers","log":"|j|\u2606astatski\n|j|\u2606Pyr0tz\n|t:|1700252482\n|gametype|singles\n|player|p1|astatski|ingo|1000\n|player|p2|Pyr0tz|101|1068\n|teamsize|p1|6\n|teamsize|p2|6\n|gen|9\n|tier|[Gen 9] National Dex Ubers\n|rated|\n|rule|HP Percentage Mod: HP is shown in percentages\n|rule|Endless Battle Clause: Forcing endless battles is banned\n|rule|OHKO Clause: OHKO moves are banned\n|rule|Evasion Moves Clause: Evasion moves are banned\n|rule|Evasion Items Clause: Evasion items are banned\n|rule|Species Clause: Limit one of each Pok\u00e9mon\n|rule|Sleep Clause Mod: Limit one foe put to sleep\n|rule|Mega Rayquaza Clause: You cannot mega evolve Rayquaza\n|clearpoke\n|poke|p1|Metagross|\n|poke|p1|Cinderace, F|\n|poke|p1|Toxapex, M|\n|poke|p1|Gyarados, M|\n|poke|p1|Gengar, M|\n|poke|p1|Salamence, F|\n|poke|p2|Iron Leaves|\n|poke|p2|Tapu Koko|\n|poke|p2|Landorus-Therian, M|\n|poke|p2|Gholdengo|\n|poke|p2|Iron Bundle|\n|poke|p2|Salamence, F|\n|teampreview\n|inactive|Battle timer is ON: inactive players will automatically lose when time's up. (requested by Pyr0tz)\n|\n|t:|1700252490\n|start\n|switch|p1a: Leviator|Gyarados, M, shiny|100\/100\n|switch|p2a: Landorus|Landorus-Therian, M|100\/100\n|-ability|p2a: Landorus|Intimidate|boost\n|-unboost|p1a: Leviator|atk|1\n|turn|1\n|\n|t:|1700252499\n|move|p2a: Landorus|Stealth Rock|p1a: Leviator\n|-sidestart|p1: astatski|move: Stealth Rock\n|move|p1a: Leviator|Dragon Dance|p1a: Leviator\n|-boost|p1a: Leviator|atk|1\n|-boost|p1a: Leviator|spe|1\n|\n|upkeep\n|turn|2\n|\n|t:|1700252506\n|move|p1a: Leviator|Dragon Dance|p1a: Leviator\n|-boost|p1a: Leviator|atk|1\n|-boost|p1a: Leviator|spe|1\n|move|p2a: Landorus|Rock Slide|p1a: Leviator\n|-supereffective|p1a: Leviator\n|-damage|p1a: Leviator|31\/100\n|\n|upkeep\n|turn|3\n|\n|t:|1700252515\n|move|p1a: Leviator|Waterfall|p2a: Landorus\n|-supereffective|p2a: Landorus\n|-enditem|p2a: Landorus|Focus Sash\n|-damage|p2a: Landorus|1\/100\n|move|p2a: Landorus|Explosion|p1a: Leviator\n|-damage|p1a: Leviator|0 fnt\n|faint|p2a: Landorus\n|faint|p1a: Leviator\n|\n|upkeep\n|\n|t:|1700252528\n|switch|p2a: Salamence|Salamence, F|100\/100\n|switch|p1a: Gengar|Gengar, M|100\/100\n|-damage|p1a: Gengar|88\/100|[from] Stealth Rock\n|-ability|p2a: Salamence|Intimidate|boost\n|-unboost|p1a: Gengar|atk|1\n|turn|4\n|\n|t:|1700252541\n|switch|p2a: Tapu Koko|Tapu Koko|100\/100\n|-fieldstart|move: Electric Terrain|[from] ability: Electric Surge|[of] p2a: Tapu Koko\n|move|p1a: Gengar|Dazzling Gleam|p2a: Tapu Koko\n|-damage|p2a: Tapu Koko|31\/100\n|\n|upkeep\n|turn|5\n|\n|t:|1700252554\n|move|p2a: Tapu Koko|U-turn|p1a: Gengar\n|-resisted|p1a: Gengar\n|-damage|p1a: Gengar|77\/100\n|\n|t:|1700252557\n|switch|p2a: Gholdengo|Gholdengo|100\/100|[from] U-turn\n|move|p1a: Gengar|Dazzling Gleam|p2a: Gholdengo\n|-resisted|p2a: Gholdengo\n|-damage|p2a: Gholdengo|80\/100\n|\n|upkeep\n|turn|6\n|\n|t:|1700252569\n|switch|p1a: Cinderace|Cinderace, F, shiny|100\/100\n|-damage|p1a: Cinderace|76\/100|[from] Stealth Rock\n|switch|p2a: Iron Bundle|Iron Bundle|100\/100\n|-activate|p2a: Iron Bundle|ability: Quark Drive\n|-start|p2a: Iron Bundle|quarkdrivespe\n|\n|upkeep\n|turn|7\n|\n|t:|1700252581\n|move|p1a: Cinderace|Sucker Punch|p2a: Iron Bundle\n|-start|p1a: Cinderace|typechange|Dark|[from] ability: Libero\n|-damage|p2a: Iron Bundle|45\/100\n|-damage|p1a: Cinderace|66\/100|[from] item: Life Orb\n|move|p2a: Iron Bundle|Hydro Pump|p1a: Cinderace\n|-damage|p1a: Cinderace|0 fnt\n|faint|p1a: Cinderace\n|\n|upkeep\n|\n|t:|1700252592\n|switch|p1a: Toxapex|Toxapex, M, shiny|100\/100\n|-damage|p1a: Toxapex|88\/100|[from] Stealth Rock\n|turn|8\n|\n|t:|1700252614\n|-end|p2a: Iron Bundle|Quark Drive|[silent]\n|switch|p2a: Iron Leaves|Iron Leaves|100\/100\n|-activate|p2a: Iron Leaves|ability: Quark Drive\n|-start|p2a: Iron Leaves|quarkdriveatk\n|move|p1a: Toxapex|Toxic Spikes|p2a: Iron Leaves\n|-sidestart|p2: Pyr0tz|move: Toxic Spikes\n|\n|-heal|p1a: Toxapex|94\/100|[from] item: Black Sludge\n|upkeep\n|turn|9\n|\n|t:|1700252625\n|switch|p1a: Metagross|Metagross|100\/100\n|-damage|p1a: Metagross|94\/100|[from] Stealth Rock\n|move|p2a: Iron Leaves|Psyblade|p1a: Metagross\n|-resisted|p1a: Metagross\n|-damage|p1a: Metagross|78\/100\n|\n|upkeep\n|turn|10\n|\n|t:|1700252641\n|-end|p2a: Iron Leaves|Quark Drive|[silent]\n|switch|p2a: Salamence|Salamence, F|100\/100\n|-ability|p2a: Salamence|Intimidate|boost\n|-fail|p1a: Metagross|unboost|[from] ability: Clear Body|[of] p1a: Metagross\n|move|p1a: Metagross|Agility|p1a: Metagross\n|-boost|p1a: Metagross|spe|2\n|\n|upkeep\n|turn|11\n|\n|t:|1700252654\n|detailschange|p2a: Salamence|Salamence-Mega, F\n|-mega|p2a: Salamence|Salamence|Salamencite\n|-terastallize|p1a: Metagross|Steel\n|move|p1a: Metagross|Meteor Mash|p2a: Salamence\n|-crit|p2a: Salamence\n|-damage|p2a: Salamence|17\/100\n|-boost|p1a: Metagross|atk|1\n|move|p2a: Salamence|Dragon Dance|p2a: Salamence\n|-boost|p2a: Salamence|atk|1\n|-boost|p2a: Salamence|spe|1\n|\n|-fieldend|move: Electric Terrain\n|upkeep\n|turn|12\n|\n|t:|1700252667\n|move|p2a: Salamence|Earthquake|p1a: Metagross\n|-supereffective|p1a: Metagross\n|-damage|p1a: Metagross|0 fnt\n|faint|p1a: Metagross\n|\n|upkeep\n|\n|t:|1700252676\n|switch|p1a: Toxapex|Toxapex, M, shiny|100\/100\n|-damage|p1a: Toxapex|88\/100|[from] Stealth Rock\n|turn|13\n|\n|t:|1700252682\n|switch|p1a: Desolator|Salamence, F|100\/100\n|-damage|p1a: Desolator|75\/100|[from] Stealth Rock\n|-ability|p1a: Desolator|Intimidate|boost\n|-unboost|p2a: Salamence|atk|1\n|move|p2a: Salamence|Earthquake|p1a: Desolator\n|-immune|p1a: Desolator\n|\n|upkeep\n|turn|14\n|\n|t:|1700252691\n|detailschange|p1a: Desolator|Salamence-Mega, F\n|-mega|p1a: Desolator|Salamence|Salamencite\n|move|p2a: Salamence|Dragon Claw|p1a: Desolator\n|-supereffective|p1a: Desolator\n|-damage|p1a: Desolator|3\/100\n|move|p1a: Desolator|Draco Meteor|p2a: Salamence\n|-supereffective|p2a: Salamence\n|-damage|p2a: Salamence|0 fnt\n|-unboost|p1a: Desolator|spa|2\n|faint|p2a: Salamence\n|\n|upkeep\n|\n|t:|1700252703\n|switch|p2a: Tapu Koko|Tapu Koko|31\/100\n|-status|p2a: Tapu Koko|psn\n|-fieldstart|move: Electric Terrain|[from] ability: Electric Surge|[of] p2a: Tapu Koko\n|turn|15\n|\n|t:|1700252711\n|move|p2a: Tapu Koko|U-turn|p1a: Desolator\n|-resisted|p1a: Desolator\n|-damage|p1a: Desolator|0 fnt\n|faint|p1a: Desolator\n|\n|t:|1700252715\n|switch|p2a: Iron Bundle|Iron Bundle|45\/100|[from] U-turn\n|-status|p2a: Iron Bundle|psn\n|-activate|p2a: Iron Bundle|ability: Quark Drive\n|-start|p2a: Iron Bundle|quarkdrivespe\n|\n|-damage|p2a: Iron Bundle|33\/100 psn|[from] psn\n|upkeep\n|\n|t:|1700252731\n|switch|p1a: Toxapex|Toxapex, M, shiny|100\/100\n|-damage|p1a: Toxapex|88\/100|[from] Stealth Rock\n|turn|16\n|\n|t:|1700252736\n|-terastallize|p2a: Iron Bundle|Ice\n|move|p2a: Iron Bundle|Freeze-Dry|p1a: Toxapex\n|-supereffective|p1a: Toxapex\n|-crit|p1a: Toxapex\n|-damage|p1a: Toxapex|0 fnt\n|faint|p1a: Toxapex\n|\n|-damage|p2a: Iron Bundle|21\/100 psn|[from] psn\n|upkeep\n|\n|t:|1700252741\n|switch|p1a: Gengar|Gengar, M|77\/100\n|-damage|p1a: Gengar|65\/100|[from] Stealth Rock\n|turn|17\n|\n|t:|1700252749\n|move|p2a: Iron Bundle|Freeze-Dry|p1a: Gengar\n|-damage|p1a: Gengar|0 fnt\n|faint|p1a: Gengar\n|\n|win|Pyr0tz\n|raw|astatski's rating: 1000 &rarr; <strong>1000<\/strong><br \/>(+0 for losing)\n|raw|Pyr0tz's rating: 1068 &rarr; <strong>1092<\/strong><br \/>(+24 for winning)\n|l|\u2606astatski\n","uploadtime":1700252772,"views":8,"p1id":"astatski","p2id":"pyr0tz","formatid":"gen9nationaldexubers","rating":1000,"private":0,"password":""}