{"id":"gen9nationaldexubers-1987113566","p1":"MrCatKing07","p2":"musekek","format":"[Gen 9] National Dex Ubers","log":"|j|\u2606MrCatKing07\n|j|\u2606musekek\n|t:|1699557157\n|gametype|singles\n|player|p1|MrCatKing07|preschoolers|1095\n|player|p2|musekek|iris-gen5bw2|1164\n|teamsize|p1|6\n|teamsize|p2|6\n|gen|9\n|tier|[Gen 9] National Dex Ubers\n|rated|\n|rule|HP Percentage Mod: HP is shown in percentages\n|rule|Endless Battle Clause: Forcing endless battles is banned\n|rule|OHKO Clause: OHKO moves are banned\n|rule|Evasion Moves Clause: Evasion moves are banned\n|rule|Evasion Items Clause: Evasion items are banned\n|rule|Species Clause: Limit one of each Pok\u00e9mon\n|rule|Sleep Clause Mod: Limit one foe put to sleep\n|rule|Mega Rayquaza Clause: You cannot mega evolve Rayquaza\n|clearpoke\n|poke|p1|Pineco, L1, F|\n|poke|p1|Whimsicott, L1, M|\n|poke|p1|Aron, L1, F|\n|poke|p1|Azurill, M|\n|poke|p1|Donphan, L1, M|\n|poke|p1|Blaziken, F|\n|poke|p2|Dragapult, F|\n|poke|p2|Great Tusk|\n|poke|p2|Corviknight, F|\n|poke|p2|Swampert, F|\n|poke|p2|Dragonite, M|\n|poke|p2|Lurantis, M|\n|teampreview\n|inactive|Battle timer is ON: inactive players will automatically lose when time's up. (requested by MrCatKing07)\n|inactive|MrCatKing07 has 120 seconds left.\n|inactive|MrCatKing07 has 90 seconds left.\n|\n|t:|1699557225\n|start\n|switch|p1a: Azurill|Azurill, M|100\/100\n|switch|p2a: Tinkaton Fodder|Corviknight, F, shiny|100\/100\n|-ability|p2a: Tinkaton Fodder|Pressure\n|turn|1\n|\n|t:|1699557241\n|move|p1a: Azurill|Belly Drum|p1a: Azurill\n|-damage|p1a: Azurill|50\/100\n|-setboost|p1a: Azurill|atk|6|[from] move: Belly Drum\n|move|p2a: Tinkaton Fodder|U-turn|p1a: Azurill\n|-resisted|p1a: Azurill\n|-crit|p1a: Azurill\n|-damage|p1a: Azurill|18\/100\n|-enditem|p1a: Azurill|Salac Berry|[eat]\n|-boost|p1a: Azurill|spe|1|[from] item: Salac Berry\n|\n|t:|1699557260\n|switch|p2a: King DDZ|Dragapult, F|100\/100|[from] U-turn\n|\n|upkeep\n|turn|2\n|\n|t:|1699557269\n|move|p2a: King DDZ|Dragon Darts|p1a: Azurill\n|-immune|p1a: Azurill\n|move|p1a: Azurill|Bounce||[still]\n|-prepare|p1a: Azurill|Bounce\n|\n|upkeep\n|turn|3\n|c|\u2606MrCatKing07|burh\n|\n|t:|1699557274\n|move|p2a: King DDZ|Substitute|p2a: King DDZ\n|-start|p2a: King DDZ|Substitute\n|-damage|p2a: King DDZ|76\/100\n|move|p1a: Azurill|Bounce|p2a: King DDZ|[from]lockedmove|[miss]\n|-miss|p1a: Azurill|p2a: King DDZ\n|\n|upkeep\n|turn|4\n|c|\u2606MrCatKing07|o\n|c|\u2606MrCatKing07|thats crazy\n|\n|t:|1699557286\n|move|p2a: King DDZ|Dragon Dance|p2a: King DDZ\n|-boost|p2a: King DDZ|atk|1\n|-boost|p2a: King DDZ|spe|1\n|move|p1a: Azurill|Bounce||[still]\n|-prepare|p1a: Azurill|Bounce\n|\n|upkeep\n|turn|5\n|c|\u2606musekek|lmao\n|\n|t:|1699557301\n|move|p2a: King DDZ|Dragon Dance|p2a: King DDZ\n|-boost|p2a: King DDZ|atk|1\n|-boost|p2a: King DDZ|spe|1\n|move|p1a: Azurill|Bounce|p2a: King DDZ|[from]lockedmove\n|-end|p2a: King DDZ|Substitute\n|\n|upkeep\n|turn|6\n|\n|t:|1699557309\n|move|p2a: King DDZ|Dragon Darts|p1a: Azurill\n|-immune|p1a: Azurill\n|move|p1a: Azurill|Bounce||[still]\n|-prepare|p1a: Azurill|Bounce\n|\n|upkeep\n|turn|7\n|c|\u2606MrCatKing07|why\n|c|\u2606musekek|i press it again LMAO i forgot immediately\n|\n|t:|1699557321\n|move|p2a: King DDZ|Substitute|p2a: King DDZ\n|-start|p2a: King DDZ|Substitute\n|-damage|p2a: King DDZ|51\/100\n|move|p1a: Azurill|Bounce|p2a: King DDZ|[from]lockedmove\n|-end|p2a: King DDZ|Substitute\n|\n|upkeep\n|turn|8\n|\n|t:|1699557327\n|move|p2a: King DDZ|Phantom Force||[still]\n|-prepare|p2a: King DDZ|Phantom Force\n|move|p1a: Azurill|Waterfall|p2a: King DDZ|[miss]\n|-miss|p1a: Azurill|p2a: King DDZ\n|\n|upkeep\n|turn|9\n|c|\u2606MrCatKing07|why\n|c|\u2606MrCatKing07|would you do that\n|\n|t:|1699557340\n|move|p2a: King DDZ|Phantom Force|p1a: Azurill|[from]lockedmove\n|-immune|p1a: Azurill\n|move|p1a: Azurill|Bounce||[still]\n|-prepare|p1a: Azurill|Bounce\n|\n|upkeep\n|turn|10\n|\n|t:|1699557359\n|switch|p2a: Tinkaton Fodder|Corviknight, F, shiny|100\/100\n|-ability|p2a: Tinkaton Fodder|Pressure\n|move|p1a: Azurill|Bounce|p2a: Tinkaton Fodder|[from]lockedmove\n|-resisted|p2a: Tinkaton Fodder\n|-damage|p2a: Tinkaton Fodder|65\/100\n|-status|p2a: Tinkaton Fodder|par\n|\n|-heal|p2a: Tinkaton Fodder|72\/100 par|[from] item: Leftovers\n|upkeep\n|turn|11\n|c|\u2606MrCatKing07|lololol\n|c|\u2606musekek|i genuinely forgot how fairy types work\n|\n|t:|1699557375\n|move|p1a: Azurill|Waterfall|p2a: Tinkaton Fodder\n|-damage|p2a: Tinkaton Fodder|0 fnt\n|faint|p2a: Tinkaton Fodder\n|\n|upkeep\n|c|\u2606MrCatKing07|absolute killer\n|\n|t:|1699557387\n|switch|p2a: win button|Great Tusk|100\/100\n|-enditem|p2a: win button|Booster Energy\n|-activate|p2a: win button|ability: Protosynthesis|[fromitem]\n|-start|p2a: win button|protosynthesisatk\n|turn|12\n|\n|t:|1699557393\n|move|p2a: win button|Close Combat|p1a: Azurill\n|-damage|p1a: Azurill|0 fnt\n|-unboost|p2a: win button|def|1\n|-unboost|p2a: win button|spd|1\n|faint|p1a: Azurill\n|\n|upkeep\n|\n|t:|1699557412\n|switch|p1a: Donphan|Donphan, L1, M|100\/100\n|turn|13\n|\n|t:|1699557419\n|move|p2a: win button|Rapid Spin|p1a: Donphan\n|-ability|p1a: Donphan|Sturdy\n|-damage|p1a: Donphan|8\/100\n|-boost|p2a: win button|spe|1\n|move|p1a: Donphan|Endeavor|p2a: win button\n|-damage|p2a: win button|1\/100\n|-heal|p1a: Donphan|100\/100|[from] item: Shell Bell|[of] p2a: win button\n|\n|upkeep\n|turn|14\n|\n|t:|1699557439\n|-end|p2a: win button|Protosynthesis|[silent]\n|switch|p2a: King DDZ|Dragapult, F|51\/100\n|move|p1a: Donphan|Ice Shard|p2a: King DDZ\n|-supereffective|p2a: King DDZ\n|-damage|p2a: King DDZ|50\/100\n|\n|upkeep\n|turn|15\n|c|\u2606MrCatKing07|lol\n|\n|t:|1699557451\n|move|p1a: Donphan|Ice Shard|p2a: King DDZ\n|-supereffective|p2a: King DDZ\n|-damage|p2a: King DDZ|49\/100\n|move|p2a: King DDZ|Substitute|p2a: King DDZ\n|-start|p2a: King DDZ|Substitute\n|-damage|p2a: King DDZ|24\/100\n|\n|upkeep\n|turn|16\n|\n|t:|1699557467\n|switch|p1a: Blaziken|Blaziken, F|100\/100\n|move|p2a: King DDZ|Dragon Darts|p1a: Blaziken\n|-damage|p1a: Blaziken|64\/100\n|-anim|p2a: King DDZ|Dragon Darts|p1a: Blaziken\n|-damage|p1a: Blaziken|29\/100\n|\n|upkeep\n|turn|17\n|\n|t:|1699557475\n|detailschange|p1a: Blaziken|Blaziken-Mega, F\n|-mega|p1a: Blaziken|Blaziken|Blazikenite\n|move|p2a: King DDZ|Dragon Darts|p1a: Blaziken\n|-damage|p1a: Blaziken|0 fnt\n|faint|p1a: Blaziken\n|\n|upkeep\n|\n|t:|1699557486\n|switch|p1a: Aron|Aron, L1, F|100\/100\n|turn|18\n|\n|t:|1699557489\n|move|p2a: King DDZ|Dragon Darts|p1a: Aron\n|-resisted|p1a: Aron\n|-ability|p1a: Aron|Sturdy\n|-damage|p1a: Aron|9\/100\n|-anim|p2a: King DDZ|Dragon Darts|p1a: Aron\n|-resisted|p1a: Aron\n|-damage|p1a: Aron|0 fnt\n|faint|p1a: Aron\n|\n|upkeep\n|\n|t:|1699557496\n|switch|p1a: Whimsicott|Whimsicott, L1, M|100\/100\n|turn|19\n|\n|t:|1699557511\n|switch|p2a: Big Guy|Dragonite, M, shiny|100\/100\n|move|p1a: Whimsicott|Leech Seed|p2a: Big Guy\n|-start|p2a: Big Guy|move: Leech Seed\n|\n|-damage|p2a: Big Guy|88\/100|[from] Leech Seed|[of] p1a: Whimsicott\n|upkeep\n|turn|20\n|\n|t:|1699557519\n|move|p2a: Big Guy|Extreme Speed|p1a: Whimsicott\n|-enditem|p1a: Whimsicott|Focus Sash\n|-damage|p1a: Whimsicott|8\/100\n|move|p1a: Whimsicott|Substitute|p1a: Whimsicott\n|-fail|p1a: Whimsicott|move: Substitute|[weak]\n|\n|-damage|p2a: Big Guy|76\/100|[from] Leech Seed|[of] p1a: Whimsicott\n|-heal|p1a: Whimsicott|100\/100|[silent]\n|upkeep\n|turn|21\n|\n|t:|1699557527\n|move|p1a: Whimsicott|Protect|p1a: Whimsicott\n|-singleturn|p1a: Whimsicott|Protect\n|move|p2a: Big Guy|Extreme Speed|p1a: Whimsicott\n|-activate|p1a: Whimsicott|move: Protect\n|\n|-damage|p2a: Big Guy|64\/100|[from] Leech Seed|[of] p1a: Whimsicott\n|upkeep\n|turn|22\n|\n|t:|1699557534\n|move|p2a: Big Guy|Extreme Speed|p1a: Whimsicott\n|-damage|p1a: Whimsicott|0 fnt\n|faint|p1a: Whimsicott\n|\n|upkeep\n|\n|t:|1699557548\n|switch|p1a: Pineco|Pineco, L1, F, shiny|100\/100\n|turn|23\n|\n|t:|1699557552\n|move|p2a: Big Guy|Roost|p2a: Big Guy\n|-heal|p2a: Big Guy|100\/100\n|-singleturn|p2a: Big Guy|move: Roost\n|move|p1a: Pineco|Pain Split|p2a: Big Guy\n|-sethp|p2a: Big Guy|52\/100|[from] move: Pain Split|[silent]\n|-sethp|p1a: Pineco|100\/100|[from] move: Pain Split\n|\n|-damage|p2a: Big Guy|40\/100|[from] Leech Seed|[of] p1a: Pineco\n|upkeep\n|turn|24\n|\n|t:|1699557573\n|move|p2a: Big Guy|Earthquake|p1a: Pineco\n|-resisted|p1a: Pineco\n|-ability|p1a: Pineco|Sturdy\n|-damage|p1a: Pineco|9\/100\n|-enditem|p1a: Pineco|Berry Juice\n|-heal|p1a: Pineco|100\/100|[from] item: Berry Juice\n|move|p1a: Pineco|Pain Split|p2a: Big Guy\n|-sethp|p2a: Big Guy|22\/100|[from] move: Pain Split|[silent]\n|-sethp|p1a: Pineco|100\/100|[from] move: Pain Split\n|\n|-damage|p2a: Big Guy|9\/100|[from] Leech Seed|[of] p1a: Pineco\n|upkeep\n|turn|25\n|\n|t:|1699557584\n|move|p2a: Big Guy|Roost|p2a: Big Guy\n|-heal|p2a: Big Guy|60\/100\n|-singleturn|p2a: Big Guy|move: Roost\n|move|p1a: Pineco|Toxic Spikes|p2a: Big Guy\n|-sidestart|p2: musekek|move: Toxic Spikes\n|\n|-damage|p2a: Big Guy|47\/100|[from] Leech Seed|[of] p1a: Pineco\n|upkeep\n|turn|26\n|\n|t:|1699557591\n|move|p2a: Big Guy|Roost|p2a: Big Guy\n|-heal|p2a: Big Guy|97\/100\n|-singleturn|p2a: Big Guy|move: Roost\n|move|p1a: Pineco|Toxic Spikes|p2a: Big Guy\n|-sidestart|p2: musekek|move: Toxic Spikes\n|\n|-damage|p2a: Big Guy|85\/100|[from] Leech Seed|[of] p1a: Pineco\n|upkeep\n|turn|27\n|\n|t:|1699557597\n|move|p2a: Big Guy|Earthquake|p1a: Pineco\n|-resisted|p1a: Pineco\n|-ability|p1a: Pineco|Sturdy\n|-damage|p1a: Pineco|9\/100\n|move|p1a: Pineco|Stealth Rock|p2a: Big Guy\n|-sidestart|p2: musekek|move: Stealth Rock\n|\n|-damage|p2a: Big Guy|73\/100|[from] Leech Seed|[of] p1a: Pineco\n|-heal|p1a: Pineco|100\/100|[silent]\n|upkeep\n|turn|28\n|c|\u2606musekek|hm\n|-message|musekek forfeited.\n|\n|win|MrCatKing07\n|raw|MrCatKing07's rating: 1095 &rarr; <strong>1126<\/strong><br \/>(+31 for winning)\n|raw|musekek's rating: 1164 &rarr; <strong>1134<\/strong><br \/>(-30 for losing)\n|l|\u2606musekek\n|c|\u2606MrCatKing07|bruh\n","uploadtime":1699557644,"views":5,"p1id":"mrcatking07","p2id":"musekek","formatid":"gen9nationaldexubers","rating":1126,"private":0,"password":""}