{"id":"gen9nationaldexubers-1981298077","p1":"XX_1nfinity_XX","p2":"michael213","format":"[Gen 9] National Dex Ubers","log":"|j|\u2606XX_1nfinity_XX\n|j|\u2606michael213\n|t:|1698881046\n|gametype|singles\n|player|p1|XX_1nfinity_XX|lucas|\n|player|p2|michael213|akari|\n|teamsize|p1|6\n|teamsize|p2|6\n|gen|9\n|tier|[Gen 9] National Dex Ubers\n|rule|HP Percentage Mod: HP is shown in percentages\n|rule|Endless Battle Clause: Forcing endless battles is banned\n|rule|OHKO Clause: OHKO moves are banned\n|rule|Evasion Moves Clause: Evasion moves are banned\n|rule|Evasion Items Clause: Evasion items are banned\n|rule|Species Clause: Limit one of each Pok\u00e9mon\n|rule|Sleep Clause Mod: Limit one foe put to sleep\n|rule|Mega Rayquaza Clause: You cannot mega evolve Rayquaza\n|clearpoke\n|poke|p1|Flutter Mane|\n|poke|p1|Corsola-Galar, F|\n|poke|p1|Gholdengo|\n|poke|p1|Brambleghast, F|\n|poke|p1|Runerigus, M|\n|poke|p1|Sableye, M|\n|poke|p2|Roaring Moon|\n|poke|p2|Clodsire, F|\n|poke|p2|Jirachi|\n|poke|p2|Samurott-Hisui, M|\n|poke|p2|Zapdos|\n|poke|p2|Medicham, F|\n|teampreview\n|inactive|Battle timer is ON: inactive players will automatically lose when time's up. (requested by michael213)\n|inactive|XX_1nfinity_XX also wants the timer to be on.\n|c|\u2606michael213|hf\n|c|\u2606XX_1nfinity_XX|u2\n|\n|t:|1698881064\n|start\n|switch|p1a: Corsola|Corsola-Galar, F|100\/100\n|switch|p2a: Zapdos|Zapdos, shiny|100\/100\n|turn|1\n|\n|t:|1698881071\n|move|p2a: Zapdos|Hurricane|p1a: Corsola|[miss]\n|-miss|p2a: Zapdos|p1a: Corsola\n|move|p1a: Corsola|Stealth Rock|p2a: Zapdos\n|-sidestart|p2: michael213|move: Stealth Rock\n|\n|upkeep\n|turn|2\n|\n|t:|1698881074\n|move|p2a: Zapdos|Defog|p1a: Corsola\n|-unboost|p1a: Corsola|evasion|1\n|-sideend|p2: michael213|Stealth Rock|[from] move: Defog|[of] p2a: Zapdos\n|move|p1a: Corsola|Night Shade|p2a: Zapdos\n|-damage|p2a: Zapdos|74\/100\n|\n|upkeep\n|turn|3\n|\n|t:|1698881079\n|move|p2a: Zapdos|Hurricane|p1a: Corsola\n|-damage|p1a: Corsola|78\/100\n|-start|p2a: Zapdos|Disable|Hurricane|[from] ability: Cursed Body|[of] p1a: Corsola\n|move|p1a: Corsola|Stealth Rock|p2a: Zapdos\n|-sidestart|p2: michael213|move: Stealth Rock\n|\n|upkeep\n|turn|4\n|\n|t:|1698881088\n|switch|p1a: Gholdengo|Gholdengo|100\/100\n|-item|p1a: Gholdengo|Air Balloon\n|move|p2a: Zapdos|Defog|p1a: Gholdengo\n|-immune|p1a: Gholdengo|[from] ability: Good as Gold\n|\n|upkeep\n|turn|5\n|\n|t:|1698881100\n|move|p2a: Zapdos|Volt Switch|p1a: Gholdengo\n|-damage|p1a: Gholdengo|81\/100\n|-enditem|p1a: Gholdengo|Air Balloon\n|\n|t:|1698881103\n|switch|p2a: Samurott|Samurott-Hisui, M, shiny|100\/100|[from] Volt Switch\n|-damage|p2a: Samurott|88\/100|[from] Stealth Rock\n|move|p1a: Gholdengo|Shadow Ball|p2a: Samurott\n|-resisted|p2a: Samurott\n|-damage|p2a: Samurott|62\/100\n|\n|upkeep\n|turn|6\n|\n|t:|1698881114\n|switch|p1a: Sableye|Sableye, M|100\/100\n|-terastallize|p2a: Samurott|Dark\n|move|p2a: Samurott|Ceaseless Edge|p1a: Sableye\n|-damage|p1a: Sableye|18\/100\n|-sidestart|p1: XX_1nfinity_XX|Spikes\n|\n|upkeep\n|turn|7\n|\n|t:|1698881120\n|move|p1a: Sableye|Recover|p1a: Sableye\n|-heal|p1a: Sableye|68\/100\n|move|p2a: Samurott|Ceaseless Edge|p1a: Sableye\n|-damage|p1a: Sableye|0 fnt\n|-sidestart|p1: XX_1nfinity_XX|Spikes\n|faint|p1a: Sableye\n|\n|upkeep\n|\n|t:|1698881124\n|switch|p1a: Flutter Mane|Flutter Mane|100\/100\n|-damage|p1a: Flutter Mane|84\/100|[from] Spikes\n|turn|8\n|\n|t:|1698881127\n|switch|p2a: Clodsire|Clodsire, F, shiny|100\/100\n|-damage|p2a: Clodsire|94\/100|[from] Stealth Rock\n|move|p1a: Flutter Mane|Moonblast|p2a: Clodsire\n|-resisted|p2a: Clodsire\n|-damage|p2a: Clodsire|73\/100\n|-unboost|p2a: Clodsire|spa|1\n|\n|-heal|p2a: Clodsire|80\/100|[from] item: Leftovers\n|upkeep\n|turn|9\n|\n|t:|1698881132\n|-end|p1a: Flutter Mane|Protosynthesis|[silent]\n|switch|p1a: Runerigus|Runerigus, M|100\/100\n|-damage|p1a: Runerigus|84\/100|[from] Spikes\n|move|p2a: Clodsire|Stealth Rock|p1a: Runerigus\n|-sidestart|p1: XX_1nfinity_XX|move: Stealth Rock\n|\n|-heal|p1a: Runerigus|90\/100|[from] item: Leftovers\n|-heal|p2a: Clodsire|86\/100|[from] item: Leftovers\n|upkeep\n|turn|10\n|\n|t:|1698881136\n|move|p1a: Runerigus|Toxic Spikes|p2a: Clodsire\n|-sidestart|p2: michael213|move: Toxic Spikes\n|move|p2a: Clodsire|Toxic|p1a: Runerigus\n|-status|p1a: Runerigus|tox\n|\n|-heal|p1a: Runerigus|96\/100 tox|[from] item: Leftovers\n|-heal|p2a: Clodsire|92\/100|[from] item: Leftovers\n|-damage|p1a: Runerigus|90\/100 tox|[from] psn\n|upkeep\n|turn|11\n|\n|t:|1698881141\n|switch|p2a: Zapdos|Zapdos, shiny|74\/100\n|-damage|p2a: Zapdos|50\/100|[from] Stealth Rock\n|move|p1a: Runerigus|Curse|p2a: Zapdos\n|-start|p2a: Zapdos|Curse|[of] p1a: Runerigus\n|-damage|p1a: Runerigus|40\/100 tox\n|\n|-heal|p1a: Runerigus|46\/100 tox|[from] item: Leftovers\n|-damage|p1a: Runerigus|34\/100 tox|[from] psn\n|-damage|p2a: Zapdos|25\/100|[from] Curse\n|upkeep\n|turn|12\n|\n|t:|1698881148\n|move|p2a: Zapdos|Roost|p2a: Zapdos\n|-heal|p2a: Zapdos|75\/100\n|-singleturn|p2a: Zapdos|move: Roost\n|move|p1a: Runerigus|Toxic Spikes|p2a: Zapdos\n|-sidestart|p2: michael213|move: Toxic Spikes\n|\n|-heal|p1a: Runerigus|40\/100 tox|[from] item: Leftovers\n|-damage|p1a: Runerigus|21\/100 tox|[from] psn\n|-damage|p2a: Zapdos|50\/100|[from] Curse\n|upkeep\n|turn|13\n|\n|t:|1698881154\n|switch|p2a: Clodsire|Clodsire, F, shiny|92\/100\n|-damage|p2a: Clodsire|86\/100|[from] Stealth Rock\n|-sideend|p2: michael213|move: Toxic Spikes|[of] p2a: Clodsire\n|switch|p1a: Gholdengo|Gholdengo|81\/100\n|-damage|p1a: Gholdengo|65\/100|[from] Spikes\n|-damage|p1a: Gholdengo|59\/100|[from] Stealth Rock\n|\n|-heal|p2a: Clodsire|92\/100|[from] item: Leftovers\n|upkeep\n|turn|14\n|\n|t:|1698881162\n|-terastallize|p1a: Gholdengo|Flying\n|move|p1a: Gholdengo|Nasty Plot|p1a: Gholdengo\n|-boost|p1a: Gholdengo|spa|2\n|move|p2a: Clodsire|Earthquake|p1a: Gholdengo\n|-immune|p1a: Gholdengo\n|\n|-heal|p2a: Clodsire|98\/100|[from] item: Leftovers\n|upkeep\n|turn|15\n|inactive|michael213 has 270 seconds left.\n|\n|t:|1698881196\n|switch|p2a: Jirachi|Jirachi, shiny|100\/100\n|-damage|p2a: Jirachi|94\/100|[from] Stealth Rock\n|move|p1a: Gholdengo|Shadow Ball|p2a: Jirachi\n|-supereffective|p2a: Jirachi\n|-damage|p2a: Jirachi|0 fnt\n|faint|p2a: Jirachi\n|\n|upkeep\n|\n|t:|1698881198\n|switch|p2a: Medicham|Medicham, F, shiny|100\/100\n|-damage|p2a: Medicham|94\/100|[from] Stealth Rock\n|turn|16\n|\n|t:|1698881223\n|detailschange|p2a: Medicham|Medicham-Mega, F, shiny\n|-mega|p2a: Medicham|Medicham|Medichamite\n|move|p2a: Medicham|Ice Punch|p1a: Gholdengo\n|-supereffective|p1a: Gholdengo\n|-damage|p1a: Gholdengo|0 fnt\n|faint|p1a: Gholdengo\n|\n|upkeep\n|inactive|XX_1nfinity_XX has 270 seconds left.\n|\n|t:|1698881234\n|switch|p1a: Flutter Mane|Flutter Mane|84\/100\n|-damage|p1a: Flutter Mane|68\/100|[from] Spikes\n|-damage|p1a: Flutter Mane|55\/100|[from] Stealth Rock\n|turn|17\n|\n|t:|1698881242\n|move|p2a: Medicham|Bullet Punch|p1a: Flutter Mane\n|-supereffective|p1a: Flutter Mane\n|-damage|p1a: Flutter Mane|0 fnt\n|faint|p1a: Flutter Mane\n|-end|p1a: Flutter Mane|Protosynthesis|[silent]\n|\n|upkeep\n|c|\u2606XX_1nfinity_XX|ohh rip\n|\n|t:|1698881250\n|switch|p1a: Corsola|Corsola-Galar, F|78\/100\n|-damage|p1a: Corsola|62\/100|[from] Spikes\n|-damage|p1a: Corsola|49\/100|[from] Stealth Rock\n|turn|18\n|\n|t:|1698881259\n|switch|p2a: Clodsire|Clodsire, F, shiny|98\/100\n|-damage|p2a: Clodsire|92\/100|[from] Stealth Rock\n|move|p1a: Corsola|Will-O-Wisp|p2a: Clodsire|[miss]\n|-miss|p1a: Corsola|p2a: Clodsire\n|\n|-heal|p2a: Clodsire|98\/100|[from] item: Leftovers\n|upkeep\n|turn|19\n|\n|t:|1698881268\n|switch|p1a: Runerigus|Runerigus, M|21\/100 tox\n|-damage|p1a: Runerigus|5\/100 tox|[from] Spikes\n|-damage|p1a: Runerigus|0 fnt|[from] Stealth Rock\n|faint|p1a: Runerigus\n|move|p2a: Clodsire|Toxic|p1: Runerigus|[notarget]\n|-fail|p2a: Clodsire\n|\n|-heal|p2a: Clodsire|100\/100|[from] item: Leftovers\n|upkeep\n|\n|t:|1698881270\n|switch|p1a: Brambleghast|Brambleghast, F|100\/100\n|-damage|p1a: Brambleghast|84\/100|[from] Spikes\n|-damage|p1a: Brambleghast|72\/100|[from] Stealth Rock\n|turn|20\n|\n|t:|1698881273\n|move|p1a: Brambleghast|Rapid Spin|p2a: Clodsire\n|-damage|p2a: Clodsire|86\/100\n|-boost|p1a: Brambleghast|spe|1\n|-sideend|p1: XX_1nfinity_XX|Spikes|[from] move: Rapid Spin|[of] p1a: Brambleghast\n|-sideend|p1: XX_1nfinity_XX|Stealth Rock|[from] move: Rapid Spin|[of] p1a: Brambleghast\n|move|p2a: Clodsire|Toxic|p1a: Brambleghast\n|-status|p1a: Brambleghast|tox\n|\n|-heal|p1a: Brambleghast|78\/100 tox|[from] item: Leftovers\n|-heal|p2a: Clodsire|93\/100|[from] item: Leftovers\n|-damage|p1a: Brambleghast|72\/100 tox|[from] psn\n|upkeep\n|turn|21\n|\n|t:|1698881279\n|move|p1a: Brambleghast|Spikes|p2a: Clodsire\n|-sidestart|p2: michael213|Spikes\n|move|p2a: Clodsire|Stealth Rock|p1a: Brambleghast\n|-sidestart|p1: XX_1nfinity_XX|move: Stealth Rock\n|\n|-heal|p1a: Brambleghast|78\/100 tox|[from] item: Leftovers\n|-heal|p2a: Clodsire|99\/100|[from] item: Leftovers\n|-damage|p1a: Brambleghast|65\/100 tox|[from] psn\n|upkeep\n|turn|22\n|\n|t:|1698881284\n|move|p1a: Brambleghast|Rapid Spin|p2a: Clodsire\n|-damage|p2a: Clodsire|85\/100\n|-boost|p1a: Brambleghast|spe|1\n|-sideend|p1: XX_1nfinity_XX|Stealth Rock|[from] move: Rapid Spin|[of] p1a: Brambleghast\n|move|p2a: Clodsire|Earthquake|p1a: Brambleghast\n|-resisted|p1a: Brambleghast\n|-damage|p1a: Brambleghast|45\/100 tox\n|\n|-heal|p1a: Brambleghast|51\/100 tox|[from] item: Leftovers\n|-heal|p2a: Clodsire|91\/100|[from] item: Leftovers\n|-damage|p1a: Brambleghast|33\/100 tox|[from] psn\n|upkeep\n|turn|23\n|\n|t:|1698881287\n|move|p1a: Brambleghast|Seed Bomb|p2a: Clodsire\n|-damage|p2a: Clodsire|54\/100\n|move|p2a: Clodsire|Recover|p2a: Clodsire\n|-heal|p2a: Clodsire|100\/100\n|\n|-heal|p1a: Brambleghast|39\/100 tox|[from] item: Leftovers\n|-damage|p1a: Brambleghast|15\/100 tox|[from] psn\n|upkeep\n|turn|24\n|\n|t:|1698881291\n|move|p1a: Brambleghast|Seed Bomb|p2a: Clodsire\n|-damage|p2a: Clodsire|63\/100\n|move|p2a: Clodsire|Stealth Rock|p1a: Brambleghast\n|-sidestart|p1: XX_1nfinity_XX|move: Stealth Rock\n|\n|-heal|p1a: Brambleghast|21\/100 tox|[from] item: Leftovers\n|-heal|p2a: Clodsire|69\/100|[from] item: Leftovers\n|-damage|p1a: Brambleghast|0 fnt|[from] psn\n|faint|p1a: Brambleghast\n|upkeep\n|c|\u2606michael213|gg\n|\n|t:|1698881295\n|switch|p1a: Corsola|Corsola-Galar, F|49\/100\n|-damage|p1a: Corsola|37\/100|[from] Stealth Rock\n|turn|25\n|\n|t:|1698881297\n|move|p1a: Corsola|Strength Sap|p2a: Clodsire\n|-unboost|p2a: Clodsire|atk|1\n|-heal|p1a: Corsola|95\/100\n|move|p2a: Clodsire|Toxic|p1a: Corsola\n|-status|p1a: Corsola|tox\n|\n|-heal|p2a: Clodsire|75\/100|[from] item: Leftovers\n|-damage|p1a: Corsola|88\/100 tox|[from] psn\n|upkeep\n|turn|26\n|\n|t:|1698881301\n|move|p1a: Corsola|Night Shade|p2a: Clodsire\n|-damage|p2a: Clodsire|54\/100\n|move|p2a: Clodsire|Earthquake|p1a: Corsola\n|-damage|p1a: Corsola|74\/100 tox\n|\n|-heal|p2a: Clodsire|60\/100|[from] item: Leftovers\n|-damage|p1a: Corsola|62\/100 tox|[from] psn\n|upkeep\n|turn|27\n|c|\u2606XX_1nfinity_XX|ggs\n|\n|t:|1698881307\n|move|p1a: Corsola|Night Shade|p2a: Clodsire\n|-damage|p2a: Clodsire|38\/100\n|move|p2a: Clodsire|Recover|p2a: Clodsire\n|-heal|p2a: Clodsire|88\/100\n|\n|-heal|p2a: Clodsire|95\/100|[from] item: Leftovers\n|-damage|p1a: Corsola|43\/100 tox|[from] psn\n|upkeep\n|turn|28\n|\n|t:|1698881325\n|move|p1a: Corsola|Strength Sap|p2a: Clodsire\n|-unboost|p2a: Clodsire|atk|1\n|-heal|p1a: Corsola|82\/100 tox\n|move|p2a: Clodsire|Earthquake|p1a: Corsola\n|-damage|p1a: Corsola|71\/100 tox\n|-start|p2a: Clodsire|Disable|Earthquake|[from] ability: Cursed Body|[of] p1a: Corsola\n|\n|-heal|p2a: Clodsire|100\/100|[from] item: Leftovers\n|-damage|p1a: Corsola|46\/100 tox|[from] psn\n|upkeep\n|turn|29\n|\n|t:|1698881330\n|move|p1a: Corsola|Strength Sap|p2a: Clodsire\n|-unboost|p2a: Clodsire|atk|1\n|-heal|p1a: Corsola|75\/100 tox\n|move|p2a: Clodsire|Toxic|p1a: Corsola\n|-fail|p1a: Corsola|tox\n|\n|-damage|p1a: Corsola|44\/100 tox|[from] psn\n|upkeep\n|turn|30\n|\n|t:|1698881337\n|move|p1a: Corsola|Strength Sap|p2a: Clodsire\n|-unboost|p2a: Clodsire|atk|1\n|-heal|p1a: Corsola|67\/100 tox\n|move|p2a: Clodsire|Toxic|p1a: Corsola\n|-fail|p1a: Corsola|tox\n|\n|-damage|p1a: Corsola|30\/100 tox|[from] psn\n|upkeep\n|turn|31\n|\n|t:|1698881346\n|move|p1a: Corsola|Night Shade|p2a: Clodsire\n|-damage|p2a: Clodsire|79\/100\n|move|p2a: Clodsire|Toxic|p1a: Corsola\n|-fail|p1a: Corsola|tox\n|\n|-heal|p2a: Clodsire|85\/100|[from] item: Leftovers\n|-damage|p1a: Corsola|0 fnt|[from] psn\n|faint|p1a: Corsola\n|\n|win|michael213\n|upkeep\n|l|\u2606michael213\n","uploadtime":1698881361,"views":4,"p1id":"xx1nfinityxx","p2id":"michael213","formatid":"gen9nationaldexubers","rating":0,"private":0,"password":""}