{"id":"gen9nationaldexubers-1980146840","p1":"ducn1110","p2":"DavyCricket","format":"[Gen 9] National Dex Ubers","log":"|j|\u2606ducn1110\n|j|\u2606DavyCricket\n|t:|1698761433\n|gametype|singles\n|player|p1|ducn1110|skier|1083\n|player|p2|DavyCricket|266|1050\n|teamsize|p1|6\n|teamsize|p2|6\n|gen|9\n|tier|[Gen 9] National Dex Ubers\n|rated|\n|rule|HP Percentage Mod: HP is shown in percentages\n|rule|Endless Battle Clause: Forcing endless battles is banned\n|rule|OHKO Clause: OHKO moves are banned\n|rule|Evasion Moves Clause: Evasion moves are banned\n|rule|Evasion Items Clause: Evasion items are banned\n|rule|Species Clause: Limit one of each Pok\u00e9mon\n|rule|Sleep Clause Mod: Limit one foe put to sleep\n|rule|Mega Rayquaza Clause: You cannot mega evolve Rayquaza\n|clearpoke\n|poke|p1|Regieleki|\n|poke|p1|Deoxys-Speed|\n|poke|p1|Ninjask, M|\n|poke|p1|Zacian-*|\n|poke|p1|Aerodactyl, F|\n|poke|p1|Pheromosa|\n|poke|p2|Blaziken, M|\n|poke|p2|Swellow, M|\n|poke|p2|Gallade, M|\n|poke|p2|Crawdaunt, M|\n|poke|p2|Salamence, M|\n|poke|p2|Metagross|\n|teampreview\n|\n|t:|1698761442\n|start\n|switch|p1a: I|Regieleki|100\/100\n|switch|p2a: Sturgeon|Crawdaunt, M|100\/100\n|turn|1\n|\n|t:|1698761448\n|move|p1a: I|Thunder Cage|p2a: Sturgeon\n|-supereffective|p2a: Sturgeon\n|-damage|p2a: Sturgeon|0 fnt\n|faint|p2a: Sturgeon\n|\n|upkeep\n|\n|t:|1698761461\n|switch|p2a: Lightyear|Salamence, M|100\/100\n|turn|2\n|\n|t:|1698761471\n|move|p1a: I|Thunder Cage|p2a: Lightyear\n|-damage|p2a: Lightyear|52\/100\n|-activate|p2a: Lightyear|move: Thunder Cage|[of] p1a: I\n|move|p2a: Lightyear|Outrage|p1a: I\n|-damage|p1a: I|0 fnt\n|faint|p1a: I\n|-ability|p2a: Lightyear|Moxie|boost\n|-boost|p2a: Lightyear|atk|1\n|\n|-end|p2a: Lightyear|Thunder Cage|[partiallytrapped]|[silent]\n|upkeep\n|\n|t:|1698761481\n|switch|p1a: E|Zacian-Crowned|100\/100\n|-ability|p1a: E|Intrepid Sword|boost\n|-boost|p1a: E|atk|1\n|turn|3\n|\n|t:|1698761487\n|move|p1a: E|Agility|p1a: E\n|-boost|p1a: E|spe|2\n|move|p2a: Lightyear|Outrage|p1a: E|[from]lockedmove\n|-immune|p1a: E\n|\n|upkeep\n|turn|4\n|\n|t:|1698761496\n|move|p1a: E|Agility|p1a: E\n|-boost|p1a: E|spe|2\n|move|p2a: Lightyear|Heat Wave|p1a: E\n|-supereffective|p1a: E\n|-damage|p1a: E|44\/100\n|\n|upkeep\n|turn|5\n|\n|t:|1698761506\n|move|p1a: E|Behemoth Blade|p2a: Lightyear\n|-damage|p2a: Lightyear|0 fnt\n|faint|p2a: Lightyear\n|\n|upkeep\n|\n|t:|1698761513\n|switch|p2a: Cross|Metagross|100\/100\n|turn|6\n|\n|t:|1698761520\n|move|p1a: E|Close Combat|p2a: Cross\n|-damage|p2a: Cross|50\/100\n|-unboost|p1a: E|def|1\n|-unboost|p1a: E|spd|1\n|move|p2a: Cross|Meteor Mash|p1a: E\n|-damage|p1a: E|0 fnt\n|-boost|p2a: Cross|atk|1\n|faint|p1a: E\n|\n|-heal|p2a: Cross|56\/100|[from] item: Leftovers\n|upkeep\n|\n|t:|1698761534\n|switch|p1a: SP|Aerodactyl, F|100\/100\n|turn|7\n|\n|t:|1698761545\n|detailschange|p1a: SP|Aerodactyl-Mega, F\n|-mega|p1a: SP|Aerodactyl|Aerodactylite\n|move|p1a: SP|Aerial Ace|p2a: Cross\n|-resisted|p2a: Cross\n|-damage|p2a: Cross|42\/100\n|move|p2a: Cross|Meteor Mash|p1a: SP\n|-supereffective|p1a: SP\n|-damage|p1a: SP|0 fnt\n|-boost|p2a: Cross|atk|1\n|faint|p1a: SP\n|\n|-heal|p2a: Cross|48\/100|[from] item: Leftovers\n|upkeep\n|\n|t:|1698761555\n|switch|p1a: ED|Pheromosa|100\/100\n|turn|8\n|\n|t:|1698761560\n|move|p2a: Cross|Bullet Punch|p1a: ED\n|-damage|p1a: ED|0 fnt\n|faint|p1a: ED\n|\n|-heal|p2a: Cross|54\/100|[from] item: Leftovers\n|upkeep\n|\n|t:|1698761567\n|switch|p1a: OW|Ninjask, M|100\/100\n|turn|9\n|\n|t:|1698761572\n|move|p1a: OW|Bug Buzz|p2a: Cross\n|-damage|p2a: Cross|34\/100\n|move|p2a: Cross|Cosmic Power|p2a: Cross\n|-boost|p2a: Cross|def|1\n|-boost|p2a: Cross|spd|1\n|\n|-heal|p2a: Cross|40\/100|[from] item: Leftovers\n|-ability|p1a: OW|Speed Boost|boost\n|-boost|p1a: OW|spe|1\n|upkeep\n|turn|10\n|\n|t:|1698761581\n|move|p2a: Cross|Bullet Punch|p1a: OW\n|-damage|p1a: OW|2\/100\n|move|p1a: OW|Bug Buzz|p2a: Cross\n|-damage|p2a: Cross|28\/100\n|\n|-heal|p1a: OW|8\/100|[from] item: Leftovers\n|-heal|p2a: Cross|34\/100|[from] item: Leftovers\n|-ability|p1a: OW|Speed Boost|boost\n|-boost|p1a: OW|spe|1\n|upkeep\n|turn|11\n|\n|t:|1698761594\n|move|p2a: Cross|Bullet Punch|p1a: OW\n|-damage|p1a: OW|0 fnt\n|faint|p1a: OW\n|\n|-heal|p2a: Cross|40\/100|[from] item: Leftovers\n|upkeep\n|\n|t:|1698761600\n|switch|p1a: SH|Deoxys-Speed|100\/100\n|-ability|p1a: SH|Pressure\n|turn|12\n|\n|t:|1698761609\n|move|p1a: SH|Brick Break|p2a: Cross\n|-damage|p2a: Cross|29\/100\n|move|p2a: Cross|Meteor Mash|p1a: SH\n|-enditem|p1a: SH|Focus Sash\n|-damage|p1a: SH|1\/100\n|\n|-heal|p2a: Cross|35\/100|[from] item: Leftovers\n|upkeep\n|turn|13\n|\n|t:|1698761617\n|move|p2a: Cross|Bullet Punch|p1a: SH\n|-damage|p1a: SH|0 fnt\n|faint|p1a: SH\n|\n|win|DavyCricket\n|raw|ducn1110's rating: 1083 &rarr; <strong>1058<\/strong><br \/>(-25 for losing)\n|raw|DavyCricket's rating: 1050 &rarr; <strong>1086<\/strong><br \/>(+36 for winning)\n|c|\u2606DavyCricket|gg\n|l|\u2606ducn1110\n","uploadtime":1698761998,"views":7,"p1id":"ducn1110","p2id":"davycricket","formatid":"gen9nationaldexubers","rating":1058,"private":0,"password":""}