{"id":"gen9nationaldexubers-1988487798","p1":"BigMommaBadger","p2":"Suprisedmorpeko","format":"[Gen 9] National Dex Ubers","log":"|j|\u2606BigMommaBadger\n|j|\u2606Suprisedmorpeko\n|t:|1699728262\n|gametype|singles\n|player|p1|BigMommaBadger|pokemonrangerf|1101\n|player|p2|Suprisedmorpeko|170|1047\n|teamsize|p1|6\n|teamsize|p2|6\n|gen|9\n|tier|[Gen 9] National Dex Ubers\n|rated|\n|rule|HP Percentage Mod: HP is shown in percentages\n|rule|Endless Battle Clause: Forcing endless battles is banned\n|rule|OHKO Clause: OHKO moves are banned\n|rule|Evasion Moves Clause: Evasion moves are banned\n|rule|Evasion Items Clause: Evasion items are banned\n|rule|Species Clause: Limit one of each Pok\u00e9mon\n|rule|Sleep Clause Mod: Limit one foe put to sleep\n|rule|Mega Rayquaza Clause: You cannot mega evolve Rayquaza\n|clearpoke\n|poke|p1|Serperior, F|\n|poke|p1|Samurott, M|\n|poke|p1|Emboar, M|\n|poke|p1|Krookodile, F|\n|poke|p1|Swoobat, M|\n|poke|p1|Kyurem-White|\n|poke|p2|Wobbuffet, M|\n|poke|p2|Lopunny, M|\n|poke|p2|Palafin, M|\n|poke|p2|Clodsire, F|\n|poke|p2|Pelipper, F|\n|poke|p2|Aegislash, M|\n|teampreview\n|\n|t:|1699728269\n|start\n|switch|p1a: Swoops|Swoobat, M, shiny|100\/100\n|switch|p2a: Pelipper|Pelipper, F|100\/100\n|-weather|RainDance|[from] ability: Drizzle|[of] p2a: Pelipper\n|turn|1\n|inactive|Battle timer is ON: inactive players will automatically lose when time's up. (requested by BigMommaBadger)\n|\n|t:|1699728278\n|move|p1a: Swoops|Calm Mind|p1a: Swoops\n|-boost|p1a: Swoops|spa|2\n|-boost|p1a: Swoops|spd|2\n|move|p2a: Pelipper|Hurricane|p1a: Swoops\n|-damage|p1a: Swoops|63\/100\n|-start|p1a: Swoops|confusion\n|\n|-weather|RainDance|[upkeep]\n|upkeep\n|turn|2\n|\n|t:|1699728286\n|-activate|p1a: Swoops|confusion\n|move|p1a: Swoops|Roost|p1a: Swoops\n|-heal|p1a: Swoops|100\/100\n|-singleturn|p1a: Swoops|move: Roost\n|move|p2a: Pelipper|Hurricane|p1a: Swoops\n|-damage|p1a: Swoops|66\/100\n|\n|-weather|RainDance|[upkeep]\n|upkeep\n|turn|3\n|\n|t:|1699728294\n|-activate|p1a: Swoops|confusion\n|move|p1a: Swoops|Calm Mind|p1a: Swoops\n|-boost|p1a: Swoops|spa|2\n|-boost|p1a: Swoops|spd|2\n|move|p2a: Pelipper|U-turn|p1a: Swoops\n|-damage|p1a: Swoops|53\/100\n|\n|t:|1699728302\n|switch|p2a: Clodsire|Clodsire, F|100\/100|[from] U-turn\n|\n|-weather|RainDance|[upkeep]\n|upkeep\n|turn|4\n|\n|t:|1699728307\n|-activate|p1a: Swoops|confusion\n|-damage|p1a: Swoops|47\/100|[from] confusion\n|move|p2a: Clodsire|Haze|p2a: Clodsire\n|-clearallboost\n|\n|-weather|RainDance|[upkeep]\n|upkeep\n|turn|5\n|\n|t:|1699728314\n|-end|p1a: Swoops|confusion\n|move|p1a: Swoops|Roost|p1a: Swoops\n|-heal|p1a: Swoops|97\/100\n|-singleturn|p1a: Swoops|move: Roost\n|move|p2a: Clodsire|Toxic Spikes|p1a: Swoops\n|-sidestart|p1: BigMommaBadger|move: Toxic Spikes\n|\n|-weather|none\n|upkeep\n|turn|6\n|\n|t:|1699728321\n|move|p1a: Swoops|Calm Mind|p1a: Swoops\n|-boost|p1a: Swoops|spa|2\n|-boost|p1a: Swoops|spd|2\n|move|p2a: Clodsire|Toxic Spikes|p1a: Swoops\n|-sidestart|p1: BigMommaBadger|move: Toxic Spikes\n|\n|upkeep\n|turn|7\n|\n|t:|1699728326\n|move|p1a: Swoops|Stored Power|p2a: Clodsire\n|-supereffective|p2a: Clodsire\n|-damage|p2a: Clodsire|42\/100\n|move|p2a: Clodsire|Haze|p2a: Clodsire\n|-clearallboost\n|\n|-heal|p2a: Clodsire|48\/100|[from] item: Leftovers\n|upkeep\n|turn|8\n|\n|t:|1699728334\n|switch|p2a: Wobbuffet|Wobbuffet, M|100\/100\n|move|p1a: Swoops|Calm Mind|p1a: Swoops\n|-boost|p1a: Swoops|spa|2\n|-boost|p1a: Swoops|spd|2\n|\n|upkeep\n|turn|9\n|\n|t:|1699728339\n|move|p1a: Swoops|Calm Mind|p1a: Swoops\n|-boost|p1a: Swoops|spa|2\n|-boost|p1a: Swoops|spd|2\n|move|p2a: Wobbuffet|Encore|p1a: Swoops\n|-start|p1a: Swoops|Encore\n|\n|upkeep\n|turn|10\n|\n|t:|1699728350\n|move|p1a: Swoops|Calm Mind|p1a: Swoops\n|-boost|p1a: Swoops|spa|2\n|-boost|p1a: Swoops|spd|2\n|move|p2a: Wobbuffet|Mirror Coat||[still]\n|-fail|p2a: Wobbuffet\n|\n|upkeep\n|turn|11\n|\n|t:|1699728355\n|move|p1a: Swoops|Calm Mind|p1a: Swoops\n|-boost|p1a: Swoops|spa|0\n|-boost|p1a: Swoops|spd|0\n|move|p2a: Wobbuffet|Encore||[still]\n|-fail|p2a: Wobbuffet\n|\n|upkeep\n|turn|12\n|\n|t:|1699728360\n|move|p1a: Swoops|Calm Mind|p1a: Swoops\n|-boost|p1a: Swoops|spa|0\n|-boost|p1a: Swoops|spd|0\n|move|p2a: Wobbuffet|Encore||[still]\n|-fail|p2a: Wobbuffet\n|\n|-end|p1a: Swoops|Encore\n|upkeep\n|turn|13\n|\n|t:|1699728367\n|move|p1a: Swoops|Stored Power|p2a: Wobbuffet\n|-resisted|p2a: Wobbuffet\n|-damage|p2a: Wobbuffet|14\/100\n|move|p2a: Wobbuffet|Mirror Coat|p1a: Swoops\n|-damage|p1a: Swoops|0 fnt\n|faint|p1a: Swoops\n|\n|-heal|p2a: Wobbuffet|20\/100|[from] item: Leftovers\n|upkeep\n|\n|t:|1699728375\n|switch|p1a: Ronin|Samurott, M, shiny|100\/100\n|turn|14\n|c|\u2606Suprisedmorpeko|WOMP WOMP\n|\n|t:|1699728381\n|switch|p2a: Pelipper|Pelipper, F|100\/100\n|-weather|RainDance|[from] ability: Drizzle|[of] p2a: Pelipper\n|-terastallize|p1a: Ronin|Water\n|move|p1a: Ronin|Swords Dance|p1a: Ronin\n|-boost|p1a: Ronin|atk|2\n|\n|-weather|RainDance|[upkeep]\n|upkeep\n|turn|15\n|\n|t:|1699728391\n|move|p1a: Ronin|Megahorn|p2a: Pelipper\n|-resisted|p2a: Pelipper\n|-damage|p2a: Pelipper|69\/100\n|move|p2a: Pelipper|Hurricane|p1a: Ronin\n|-damage|p1a: Ronin|54\/100\n|\n|-weather|RainDance|[upkeep]\n|-heal|p2a: Pelipper|75\/100|[from] item: Leftovers\n|upkeep\n|turn|16\n|\n|t:|1699728399\n|move|p1a: Ronin|Aqua Jet|p2a: Pelipper\n|-resisted|p2a: Pelipper\n|-damage|p2a: Pelipper|46\/100\n|move|p2a: Pelipper|Hurricane|p1a: Ronin\n|-damage|p1a: Ronin|3\/100\n|-start|p1a: Ronin|confusion\n|\n|-weather|RainDance|[upkeep]\n|-heal|p2a: Pelipper|52\/100|[from] item: Leftovers\n|upkeep\n|turn|17\n|\n|t:|1699728411\n|-activate|p1a: Ronin|confusion\n|-damage|p1a: Ronin|0 fnt|[from] confusion\n|faint|p1a: Ronin\n|move|p2a: Pelipper|Toxic|p1: Ronin|[notarget]\n|-fail|p2a: Pelipper\n|\n|-weather|RainDance|[upkeep]\n|-heal|p2a: Pelipper|58\/100|[from] item: Leftovers\n|upkeep\n|\n|t:|1699728414\n|switch|p1a: Karate Krok|Krookodile, F, shiny|100\/100\n|-status|p1a: Karate Krok|tox\n|turn|18\n|\n|t:|1699728421\n|move|p1a: Karate Krok|Knock Off|p2a: Pelipper\n|-damage|p2a: Pelipper|22\/100\n|-enditem|p2a: Pelipper|Leftovers|[from] move: Knock Off|[of] p1a: Karate Krok\n|move|p2a: Pelipper|Scald|p1a: Karate Krok\n|-supereffective|p1a: Karate Krok\n|-damage|p1a: Karate Krok|0 fnt\n|faint|p1a: Karate Krok\n|\n|-weather|none\n|upkeep\n|\n|t:|1699728426\n|switch|p1a: Napoleon|Emboar, M, shiny|100\/100\n|-status|p1a: Napoleon|tox\n|turn|19\n|\n|t:|1699728433\n|switch|p2a: Wobbuffet|Wobbuffet, M|20\/100\n|move|p1a: Napoleon|Wild Charge|p2a: Wobbuffet\n|-damage|p2a: Wobbuffet|0 fnt\n|faint|p2a: Wobbuffet\n|-damage|p1a: Napoleon|94\/100 tox|[from] Recoil\n|\n|-damage|p1a: Napoleon|87\/100 tox|[from] psn\n|upkeep\n|\n|t:|1699728444\n|switch|p2a: Lopunny|Lopunny, M|100\/100\n|turn|20\n|\n|t:|1699728447\n|detailschange|p2a: Lopunny|Lopunny-Mega, M\n|-mega|p2a: Lopunny|Lopunny|Lopunnite\n|move|p2a: Lopunny|Return|p1a: Napoleon\n|-damage|p1a: Napoleon|20\/100 tox\n|move|p1a: Napoleon|Brick Break|p2a: Lopunny\n|-supereffective|p2a: Lopunny\n|-damage|p2a: Lopunny|0 fnt\n|faint|p2a: Lopunny\n|\n|-damage|p1a: Napoleon|8\/100 tox|[from] psn\n|upkeep\n|\n|t:|1699728458\n|switch|p2a: Palafin|Palafin, M|100\/100\n|turn|21\n|-activate|p1a: Napoleon|item: Quick Claw\n|\n|t:|1699728461\n|move|p2a: Palafin|Jet Punch|p1a: Napoleon\n|-supereffective|p1a: Napoleon\n|-damage|p1a: Napoleon|0 fnt\n|faint|p1a: Napoleon\n|\n|upkeep\n|\n|t:|1699728465\n|switch|p1a: Heiness|Serperior, F, shiny|100\/100\n|-status|p1a: Heiness|tox\n|turn|22\n|\n|t:|1699728472\n|detailschange|p2a: Palafin|Palafin-Hero, M\n|switch|p2a: Clodsire|Clodsire, F|48\/100\n|move|p1a: Heiness|Leaf Storm|p2a: Clodsire\n|-damage|p2a: Clodsire|27\/100\n|-boost|p1a: Heiness|spa|2\n|\n|-heal|p2a: Clodsire|33\/100|[from] item: Leftovers\n|-damage|p1a: Heiness|94\/100 tox|[from] psn\n|upkeep\n|turn|23\n|\n|t:|1699728481\n|move|p1a: Heiness|Leaf Storm|p2a: Clodsire\n|-damage|p2a: Clodsire|0 fnt\n|-boost|p1a: Heiness|spa|2\n|faint|p2a: Clodsire\n|\n|-heal|p1a: Heiness|100\/100 tox|[from] item: Leftovers\n|-damage|p1a: Heiness|88\/100 tox|[from] psn\n|upkeep\n|\n|t:|1699728490\n|switch|p2a: Aegislash|Aegislash, M|100\/100\n|turn|24\n|\n|t:|1699728494\n|move|p1a: Heiness|Leaf Storm|p2a: Aegislash\n|-resisted|p2a: Aegislash\n|-damage|p2a: Aegislash|61\/100\n|-boost|p1a: Heiness|spa|2\n|move|p2a: Aegislash|Swords Dance|p2a: Aegislash\n|-boost|p2a: Aegislash|atk|2\n|\n|-heal|p1a: Heiness|94\/100 tox|[from] item: Leftovers\n|-heal|p2a: Aegislash|67\/100|[from] item: Leftovers\n|-damage|p1a: Heiness|76\/100 tox|[from] psn\n|upkeep\n|turn|25\n|\n|t:|1699728505\n|move|p1a: Heiness|Dragon Pulse|p2a: Aegislash\n|-resisted|p2a: Aegislash\n|-damage|p2a: Aegislash|42\/100\n|-formechange|p2a: Aegislash|Aegislash-Blade||[from] ability: Stance Change\n|move|p2a: Aegislash|Sacred Sword|p1a: Heiness\n|-damage|p1a: Heiness|0 fnt\n|faint|p1a: Heiness\n|\n|-heal|p2a: Aegislash|48\/100|[from] item: Leftovers\n|upkeep\n|\n|t:|1699728511\n|switch|p1a: Iceflame|Kyurem-White, shiny|100\/100\n|-status|p1a: Iceflame|tox\n|-ability|p1a: Iceflame|Turboblaze\n|turn|26\n|\n|t:|1699728520\n|-formechange|p2a: Aegislash|Aegislash||[from] ability: Stance Change\n|move|p2a: Aegislash|King's Shield|p2a: Aegislash\n|-singleturn|p2a: Aegislash|Protect\n|move|p1a: Iceflame|Fusion Flare|p2a: Aegislash\n|-activate|p2a: Aegislash|move: Protect\n|\n|-heal|p2a: Aegislash|54\/100|[from] item: Leftovers\n|-damage|p1a: Iceflame|94\/100 tox|[from] psn\n|upkeep\n|turn|27\n|\n|t:|1699728530\n|-formechange|p2a: Aegislash|Aegislash-Blade||[from] ability: Stance Change\n|move|p2a: Aegislash|Shadow Sneak|p1a: Iceflame\n|-damage|p1a: Iceflame|56\/100 tox\n|move|p1a: Iceflame|Fusion Flare|p2a: Aegislash\n|-supereffective|p2a: Aegislash\n|-damage|p2a: Aegislash|0 fnt\n|faint|p2a: Aegislash\n|\n|-heal|p1a: Iceflame|62\/100 tox|[from] item: Leftovers\n|-damage|p1a: Iceflame|50\/100 tox|[from] psn\n|upkeep\n|\n|t:|1699728540\n|switch|p2a: Pelipper|Pelipper, F|22\/100\n|-weather|RainDance|[from] ability: Drizzle|[of] p2a: Pelipper\n|turn|28\n|\n|t:|1699728545\n|move|p1a: Iceflame|Freeze-Dry|p2a: Pelipper\n|-supereffective|p2a: Pelipper\n|-damage|p2a: Pelipper|0 fnt\n|faint|p2a: Pelipper\n|\n|-weather|RainDance|[upkeep]\n|-heal|p1a: Iceflame|56\/100 tox|[from] item: Leftovers\n|-damage|p1a: Iceflame|38\/100 tox|[from] psn\n|upkeep\n|\n|t:|1699728551\n|switch|p2a: Palafin|Palafin-Hero, M|100\/100\n|-activate|p2a: Palafin|ability: Zero to Hero\n|turn|29\n|c|\u2606BigMommaBadger|maybe gg\n|\n|t:|1699728559\n|-terastallize|p2a: Palafin|Water\n|move|p2a: Palafin|Bulk Up|p2a: Palafin\n|-boost|p2a: Palafin|atk|1\n|-boost|p2a: Palafin|def|1\n|move|p1a: Iceflame|Freeze-Dry|p2a: Palafin\n|-supereffective|p2a: Palafin\n|-damage|p2a: Palafin|0 fnt\n|faint|p2a: Palafin\n|\n|win|BigMommaBadger\n|raw|BigMommaBadger's rating: 1101 &rarr; <strong>1122<\/strong><br \/>(+21 for winning)\n|raw|Suprisedmorpeko's rating: 1047 &rarr; <strong>1033<\/strong><br \/>(-14 for losing)\n|c|\u2606Suprisedmorpeko|gg\n|c|\u2606Suprisedmorpeko|well done\n","uploadtime":1699728569,"views":6,"p1id":"bigmommabadger","p2id":"suprisedmorpeko","formatid":"gen9nationaldexubers","rating":1033,"private":0,"password":""}