{"id":"gen9nationaldexubers-1995782673","p1":"EWQFYGWQGFWF","p2":"Charlie98554","format":"[Gen 9] National Dex Ubers","log":"|j|\u2606EWQFYGWQGFWF\n|j|\u2606Charlie98554\n|t:|1700602686\n|gametype|singles\n|player|p1|EWQFYGWQGFWF|2|1132\n|player|p2|Charlie98554|266|1185\n|teamsize|p1|6\n|teamsize|p2|6\n|gen|9\n|tier|[Gen 9] National Dex Ubers\n|rated|\n|rule|HP Percentage Mod: HP is shown in percentages\n|rule|Endless Battle Clause: Forcing endless battles is banned\n|rule|OHKO Clause: OHKO moves are banned\n|rule|Evasion Moves Clause: Evasion moves are banned\n|rule|Evasion Items Clause: Evasion items are banned\n|rule|Species Clause: Limit one of each Pok\u00e9mon\n|rule|Sleep Clause Mod: Limit one foe put to sleep\n|rule|Mega Rayquaza Clause: You cannot mega evolve Rayquaza\n|clearpoke\n|poke|p1|Maushold-Four|\n|poke|p1|Sirfetch\u2019d, F|\n|poke|p1|Chien-Pao|\n|poke|p1|Darmanitan-Galar, F|\n|poke|p1|Rayquaza|\n|poke|p1|Greninja-*, M|\n|poke|p2|Mewtwo|\n|poke|p2|Regirock|\n|poke|p2|Arceus-Steel|\n|poke|p2|Blastoise, M|\n|poke|p2|Kyogre|\n|poke|p2|Groudon|\n|teampreview\n|inactive|Battle timer is ON: inactive players will automatically lose when time's up. (requested by Charlie98554)\n|\n|t:|1700602729\n|start\n|switch|p1a: Sirfetch\u2019d|Sirfetch\u2019d, F|100\/100\n|switch|p2a: Blastoise|Blastoise, M|100\/100\n|turn|1\n|\n|t:|1700602751\n|detailschange|p2a: Blastoise|Blastoise-Mega, M\n|-mega|p2a: Blastoise|Blastoise|Blastoisinite\n|move|p2a: Blastoise|Shell Smash|p2a: Blastoise\n|-unboost|p2a: Blastoise|def|1\n|-unboost|p2a: Blastoise|spd|1\n|-boost|p2a: Blastoise|atk|2\n|-boost|p2a: Blastoise|spa|2\n|-boost|p2a: Blastoise|spe|2\n|move|p1a: Sirfetch\u2019d|Close Combat|p2a: Blastoise\n|-damage|p2a: Blastoise|0 fnt\n|-unboost|p1a: Sirfetch\u2019d|def|1\n|-unboost|p1a: Sirfetch\u2019d|spd|1\n|faint|p2a: Blastoise\n|\n|upkeep\n|c|\u2606EWQFYGWQGFWF|ded\n|c|\u2606Charlie98554|shut the fuck up\n|inactive|Charlie98554 has 120 seconds left.\n|c|\u2606EWQFYGWQGFWF|no i thought i was gonna die\n|c|\u2606EWQFYGWQGFWF|not u\n|c|\u2606EWQFYGWQGFWF|mega blastoise is very strong\n|c|\u2606Charlie98554|ye\n|c|\u2606Charlie98554|also im not actually a legend spammer\n|c|\u2606EWQFYGWQGFWF|mega launcher makes it so op\n|inactive|Charlie98554 has 90 seconds left.\n|c|\u2606Charlie98554|fr\n|c|\u2606EWQFYGWQGFWF|its practically a legendary\n|\n|t:|1700602801\n|switch|p2a: Groudon|Groudon, shiny|100\/100\n|detailschange|p2a: Groudon|Groudon-Primal, shiny\n|-primal|p2a: Groudon|Red Orb\n|-weather|DesolateLand|[from] ability: Desolate Land|[of] p2a: Groudon\n|turn|2\n|c|\u2606EWQFYGWQGFWF|with shell smash\n|c|\u2606Charlie98554|true\n|\n|t:|1700602809\n|move|p2a: Groudon|Will-O-Wisp|p1a: Sirfetch\u2019d|[miss]\n|-miss|p2a: Groudon|p1a: Sirfetch\u2019d\n|move|p1a: Sirfetch\u2019d|Close Combat|p2a: Groudon\n|-damage|p2a: Groudon|27\/100\n|-unboost|p1a: Sirfetch\u2019d|def|1\n|-unboost|p1a: Sirfetch\u2019d|spd|1\n|\n|-weather|DesolateLand|[upkeep]\n|upkeep\n|turn|3\n|c|\u2606Charlie98554|bruh\n|\n|t:|1700602817\n|switch|p1a: Greninja|Greninja, M|100\/100\n|move|p2a: Groudon|Heat Crash|p1a: Greninja\n|-resisted|p1a: Greninja\n|-damage|p1a: Greninja|0 fnt\n|faint|p1a: Greninja\n|\n|-weather|DesolateLand|[upkeep]\n|upkeep\n|c|\u2606EWQFYGWQGFWF|...\n|c|\u2606EWQFYGWQGFWF|HOLY\n|c|\u2606Charlie98554|HUH?\n|c|\u2606EWQFYGWQGFWF|NO WAY\n|c|\u2606EWQFYGWQGFWF|LOL\n|c|\u2606Charlie98554|i mean\n|c|\u2606EWQFYGWQGFWF|THESE LEGENDARIES ARE THIS OP\n|c|\u2606Charlie98554|its boosted in the sun and stab\n|c|\u2606Charlie98554|its a base 120 power move\n|c|\u2606EWQFYGWQGFWF|groudon can reach 504 attack\n|inactive|EWQFYGWQGFWF has 120 seconds left.\n|c|\u2606Charlie98554|and its base 170 attack\n|c|\u2606EWQFYGWQGFWF|its crazy\n|c|\u2606Charlie98554|yeah it is 504 attack lol\n|\n|t:|1700602857\n|switch|p1a: Chien-Pao|Chien-Pao|100\/100\n|-ability|p1a: Chien-Pao|Sword of Ruin\n|turn|4\n|inactive|EWQFYGWQGFWF has 120 seconds left.\n|c|\u2606EWQFYGWQGFWF|\"not very effective\"\n|\n|t:|1700602871\n|move|p1a: Chien-Pao|Crunch|p2a: Groudon\n|-damage|p2a: Groudon|0 fnt\n|faint|p2a: Groudon\n|-weather|none\n|-damage|p1a: Chien-Pao|91\/100|[from] item: Life Orb\n|\n|upkeep\n|c|\u2606Charlie98554|lol\n|\n|t:|1700602877\n|switch|p2a: Regirock|Regirock|100\/100\n|turn|5\n|\n|t:|1700602883\n|switch|p1a: Sirfetch\u2019d|Sirfetch\u2019d, F|100\/100\n|move|p2a: Regirock|Drain Punch|p1a: Sirfetch\u2019d\n|-damage|p1a: Sirfetch\u2019d|76\/100\n|\n|upkeep\n|turn|6\n|c|\u2606Charlie98554|lol\n|\n|t:|1700602889\n|switch|p2a: Mewtwo|Mewtwo|100\/100\n|-ability|p2a: Mewtwo|Pressure\n|move|p1a: Sirfetch\u2019d|Close Combat|p2a: Mewtwo\n|-resisted|p2a: Mewtwo\n|-damage|p2a: Mewtwo|42\/100\n|-unboost|p1a: Sirfetch\u2019d|def|1\n|-unboost|p1a: Sirfetch\u2019d|spd|1\n|\n|upkeep\n|turn|7\n|c|\u2606EWQFYGWQGFWF|sheesh\n|c|\u2606Charlie98554|HOLY\n|c|\u2606EWQFYGWQGFWF|choice band close combat does a ton\n|c|\u2606Charlie98554|yeah\n|\n|t:|1700602904\n|switch|p1a: Chien-Pao|Chien-Pao|91\/100\n|-ability|p1a: Chien-Pao|Sword of Ruin\n|move|p2a: Mewtwo|Psystrike|p1a: Chien-Pao\n|-immune|p1a: Chien-Pao\n|\n|upkeep\n|turn|8\n|c|\u2606Charlie98554|yes sir\n|c|\u2606Charlie98554|damn\n|\n|t:|1700602913\n|move|p1a: Chien-Pao|Sucker Punch|p2a: Mewtwo\n|-supereffective|p2a: Mewtwo\n|-damage|p2a: Mewtwo|0 fnt\n|faint|p2a: Mewtwo\n|-damage|p1a: Chien-Pao|81\/100|[from] item: Life Orb\n|\n|upkeep\n|c|\u2606Charlie98554|i used aura sphere\n|\n|t:|1700602923\n|switch|p2a: Regirock|Regirock|100\/100\n|turn|9\n|c|\u2606EWQFYGWQGFWF|u prolly have explosion on that thing\n|c|\u2606Charlie98554|maybe\n|c|\u2606EWQFYGWQGFWF|and im gonna be stupid enough to switch sirfetch into it\n|\n|t:|1700602944\n|switch|p1a: Sirfetch\u2019d|Sirfetch\u2019d, F|76\/100\n|move|p2a: Regirock|Body Press|p1a: Sirfetch\u2019d\n|-damage|p1a: Sirfetch\u2019d|24\/100\n|\n|upkeep\n|turn|10\n|c|\u2606EWQFYGWQGFWF|oh\n|c|\u2606Charlie98554|read\n|c|\u2606EWQFYGWQGFWF|well atleast i can get u down to 1 hp\n|c|\u2606Charlie98554|nothing takes it\n|c|\u2606EWQFYGWQGFWF|dont bother switching into kyogre btw\n|c|\u2606EWQFYGWQGFWF|or arceus ghost if u have it\n|inactive|Charlie98554 has 120 seconds left.\n|c|\u2606Charlie98554|im not running sturdy\n|c|\u2606EWQFYGWQGFWF|lol\n|inactive|EWQFYGWQGFWF has 120 seconds left.\n|c|\u2606Charlie98554|this is a set up regirock\n|\n|t:|1700602980\n|move|p1a: Sirfetch\u2019d|Close Combat|p2a: Regirock\n|-supereffective|p2a: Regirock\n|-damage|p2a: Regirock|9\/100\n|-unboost|p1a: Sirfetch\u2019d|def|1\n|-unboost|p1a: Sirfetch\u2019d|spd|1\n|move|p2a: Regirock|Body Press|p1a: Sirfetch\u2019d\n|-damage|p1a: Sirfetch\u2019d|0 fnt\n|faint|p1a: Sirfetch\u2019d\n|\n|-heal|p2a: Regirock|15\/100|[from] item: Leftovers\n|upkeep\n|c|\u2606EWQFYGWQGFWF|wait what.\n|c|\u2606EWQFYGWQGFWF|IT SURVIVED\n|c|\u2606EWQFYGWQGFWF|its defenses are that crazy\n|c|\u2606Charlie98554|yeah its base 200 defense\n|c|\u2606Charlie98554|i built it bulky too\n|c|\u2606Charlie98554|max bulk\n|\n|t:|1700603001\n|switch|p1a: Maushold|Maushold-Four|100\/100\n|turn|11\n|c|\u2606Charlie98554|548 defense\n|c|\u2606EWQFYGWQGFWF|sheesh\n|\n|t:|1700603010\n|-terastallize|p1a: Maushold|Ghost\n|move|p1a: Maushold|Encore|p2a: Regirock\n|-start|p2a: Regirock|Encore\n|move|p2a: Regirock|Body Press|p1a: Maushold\n|-immune|p1a: Maushold\n|\n|-heal|p2a: Regirock|21\/100|[from] item: Leftovers\n|upkeep\n|turn|12\n|\n|t:|1700603018\n|switch|p2a: Arceus|Arceus-Steel|100\/100\n|move|p1a: Maushold|Tidy Up|p1a: Maushold\n|-boost|p1a: Maushold|atk|1\n|-boost|p1a: Maushold|spe|1\n|\n|upkeep\n|turn|13\n|inactive|EWQFYGWQGFWF has 120 seconds left.\n|c|\u2606EWQFYGWQGFWF|i wanna see how much it will do so\n|\n|t:|1700603029\n|move|p1a: Maushold|Population Bomb|p2a: Arceus\n|-resisted|p2a: Arceus\n|-damage|p2a: Arceus|96\/100\n|-resisted|p2a: Arceus\n|-damage|p2a: Arceus|91\/100\n|-resisted|p2a: Arceus\n|-damage|p2a: Arceus|87\/100\n|-resisted|p2a: Arceus\n|-damage|p2a: Arceus|82\/100\n|-resisted|p2a: Arceus\n|-damage|p2a: Arceus|77\/100\n|-resisted|p2a: Arceus\n|-damage|p2a: Arceus|72\/100\n|-resisted|p2a: Arceus\n|-crit|p2a: Arceus\n|-damage|p2a: Arceus|65\/100\n|-resisted|p2a: Arceus\n|-damage|p2a: Arceus|60\/100\n|-resisted|p2a: Arceus\n|-damage|p2a: Arceus|56\/100\n|-resisted|p2a: Arceus\n|-damage|p2a: Arceus|51\/100\n|-hitcount|p2a: Arceus|10\n|move|p2a: Arceus|Cosmic Power|p2a: Arceus\n|-boost|p2a: Arceus|def|1\n|-boost|p2a: Arceus|spd|1\n|\n|upkeep\n|turn|14\n|inactive|EWQFYGWQGFWF has 120 seconds left.\n|c|\u2606EWQFYGWQGFWF|lol\n|\n|t:|1700603048\n|move|p1a: Maushold|Encore|p2a: Arceus\n|-start|p2a: Arceus|Encore\n|move|p2a: Arceus|Cosmic Power|p2a: Arceus\n|-boost|p2a: Arceus|def|1\n|-boost|p2a: Arceus|spd|1\n|\n|upkeep\n|turn|15\n|c|\u2606Charlie98554|FUCK\n|c|\u2606EWQFYGWQGFWF|we can do this all day basically\n|\n|t:|1700603063\n|switch|p2a: Regirock|Regirock|21\/100\n|move|p1a: Maushold|Tidy Up|p1a: Maushold\n|-boost|p1a: Maushold|atk|1\n|-boost|p1a: Maushold|spe|1\n|\n|-heal|p2a: Regirock|27\/100|[from] item: Leftovers\n|upkeep\n|turn|16\n|inactive|EWQFYGWQGFWF has 120 seconds left.\n|c|\u2606EWQFYGWQGFWF|tidy up also removes hazards so dont try using stealth rocks to weaken my other mons\n|\n|t:|1700603077\n|move|p1a: Maushold|Population Bomb|p2a: Regirock\n|-resisted|p2a: Regirock\n|-damage|p2a: Regirock|23\/100\n|-resisted|p2a: Regirock\n|-damage|p2a: Regirock|19\/100\n|-resisted|p2a: Regirock\n|-damage|p2a: Regirock|15\/100\n|-resisted|p2a: Regirock\n|-damage|p2a: Regirock|11\/100\n|-resisted|p2a: Regirock\n|-damage|p2a: Regirock|7\/100\n|-resisted|p2a: Regirock\n|-damage|p2a: Regirock|2\/100\n|-resisted|p2a: Regirock\n|-damage|p2a: Regirock|0 fnt\n|faint|p2a: Regirock\n|-hitcount|p2: Regirock|7\n|\n|upkeep\n|\n|t:|1700603082\n|switch|p2a: Kyogre|Kyogre, shiny|100\/100\n|detailschange|p2a: Kyogre|Kyogre-Primal, shiny\n|-primal|p2a: Kyogre|Blue Orb\n|-weather|PrimordialSea|[from] ability: Primordial Sea|[of] p2a: Kyogre\n|turn|17\n|\n|t:|1700603088\n|move|p1a: Maushold|Population Bomb|p2a: Kyogre\n|-damage|p2a: Kyogre|76\/100\n|-crit|p2a: Kyogre\n|-damage|p2a: Kyogre|38\/100\n|-damage|p2a: Kyogre|12\/100\n|-damage|p2a: Kyogre|0 fnt\n|faint|p2a: Kyogre\n|-weather|none\n|-hitcount|p2: Kyogre|4\n|\n|upkeep\n|c|\u2606Charlie98554|i quit lol\n|c|\u2606Charlie98554|can i face u with my normal team\n|\n|t:|1700603099\n|switch|p2a: Arceus|Arceus-Steel|51\/100\n|turn|18\n|c|\u2606EWQFYGWQGFWF|yes\n|\n|t:|1700603108\n|move|p1a: Maushold|Population Bomb|p2a: Arceus\n|-resisted|p2a: Arceus\n|-damage|p2a: Arceus|46\/100\n|-resisted|p2a: Arceus\n|-damage|p2a: Arceus|39\/100\n|-resisted|p2a: Arceus\n|-damage|p2a: Arceus|32\/100\n|-resisted|p2a: Arceus\n|-damage|p2a: Arceus|26\/100\n|-resisted|p2a: Arceus\n|-damage|p2a: Arceus|20\/100\n|-resisted|p2a: Arceus\n|-crit|p2a: Arceus\n|-damage|p2a: Arceus|11\/100\n|-resisted|p2a: Arceus\n|-damage|p2a: Arceus|5\/100\n|-resisted|p2a: Arceus\n|-damage|p2a: Arceus|0 fnt\n|faint|p2a: Arceus\n|-hitcount|p2: Arceus|8\n|\n|win|EWQFYGWQGFWF\n|raw|EWQFYGWQGFWF's rating: 1132 &rarr; <strong>1162<\/strong><br \/>(+30 for winning)\n|raw|Charlie98554's rating: 1209 &rarr; <strong>1179<\/strong><br \/>(-30 for losing)\n","uploadtime":1700602763,"views":0,"p1id":"ewqfygwqgfwf","p2id":"charlie98554","formatid":"gen9nationaldexubers","rating":1162,"private":0,"password":""}