{"id":"gen9nationaldexubers-1984811928","p1":"thmonster","p2":"85792195wwww","format":"[Gen 9] National Dex Ubers","log":"|j|\u203dthmonster\n|j|\u260685792195wwww\n|t:|1699301026\n|gametype|singles\n|player|p1|thmonster|169|1432\n|player|p2|85792195wwww|mira|1787\n|teamsize|p1|6\n|teamsize|p2|6\n|gen|9\n|tier|[Gen 9] National Dex Ubers\n|rated|\n|rule|HP Percentage Mod: HP is shown in percentages\n|rule|Endless Battle Clause: Forcing endless battles is banned\n|rule|OHKO Clause: OHKO moves are banned\n|rule|Evasion Moves Clause: Evasion moves are banned\n|rule|Evasion Items Clause: Evasion items are banned\n|rule|Species Clause: Limit one of each Pok\u00e9mon\n|rule|Sleep Clause Mod: Limit one foe put to sleep\n|rule|Mega Rayquaza Clause: You cannot mega evolve Rayquaza\n|clearpoke\n|poke|p1|Yveltal|\n|poke|p1|Necrozma-Dusk-Mane|\n|poke|p1|Xerneas-*|\n|poke|p1|Groudon|\n|poke|p1|Arceus|\n|poke|p1|Kyogre|\n|poke|p2|Zacian-*|\n|poke|p2|Groudon|\n|poke|p2|Krookodile, F|\n|poke|p2|Mewtwo|\n|poke|p2|Xerneas-*|\n|poke|p2|Arceus|\n|teampreview\n|inactive|Battle timer is ON: inactive players will automatically lose when time's up. (requested by thmonster)\n|\n|t:|1699301034\n|start\n|switch|p1a: Yveltal|Yveltal|100\/100\n|switch|p2a: Krookodile|Krookodile, F|100\/100\n|-ability|p1a: Yveltal|Dark Aura\n|-ability|p2a: Krookodile|Intimidate|boost\n|-unboost|p1a: Yveltal|atk|1\n|turn|1\n|\n|t:|1699301043\n|move|p1a: Yveltal|Oblivion Wing|p2a: Krookodile\n|-damage|p2a: Krookodile|51\/100\n|move|p2a: Krookodile|Stealth Rock|p1a: Yveltal\n|-sidestart|p1: thmonster|move: Stealth Rock\n|\n|upkeep\n|turn|2\n|\n|t:|1699301050\n|switch|p2a: Zacian|Zacian-Crowned|100\/100\n|-ability|p2a: Zacian|Intrepid Sword|boost\n|-boost|p2a: Zacian|atk|1\n|move|p1a: Yveltal|Defog|p2a: Zacian\n|-unboost|p2a: Zacian|evasion|1\n|-sideend|p1: thmonster|Stealth Rock|[from] move: Defog|[of] p1a: Yveltal\n|\n|upkeep\n|turn|3\n|\n|t:|1699301059\n|move|p2a: Zacian|Swords Dance|p2a: Zacian\n|-boost|p2a: Zacian|atk|2\n|move|p1a: Yveltal|Oblivion Wing|p2a: Zacian\n|-resisted|p2a: Zacian\n|-damage|p2a: Zacian|83\/100\n|\n|upkeep\n|turn|4\n|\n|t:|1699301069\n|move|p2a: Zacian|Behemoth Blade|p1a: Yveltal\n|-damage|p1a: Yveltal|0 fnt\n|faint|p1a: Yveltal\n|\n|upkeep\n|\n|t:|1699301081\n|switch|p1a: Necrozma|Necrozma-Dusk-Mane|100\/100\n|turn|5\n|\n|t:|1699301088\n|move|p2a: Zacian|Close Combat|p1a: Necrozma\n|-damage|p1a: Necrozma|16\/100\n|-unboost|p2a: Zacian|def|1\n|-unboost|p2a: Zacian|spd|1\n|move|p1a: Necrozma|Trick Room|p1a: Necrozma\n|-fieldstart|move: Trick Room|[of] p1a: Necrozma\n|\n|upkeep\n|turn|6\n|\n|t:|1699301103\n|switch|p2a: Mewtwo|Mewtwo|100\/100\n|-ability|p2a: Mewtwo|Pressure\n|move|p1a: Necrozma|Earthquake|p2a: Mewtwo\n|-damage|p2a: Mewtwo|51\/100\n|\n|upkeep\n|turn|7\n|\n|t:|1699301113\n|switch|p2a: Zacian|Zacian-Crowned|83\/100\n|move|p1a: Necrozma|Sunsteel Strike|p2a: Zacian\n|-damage|p2a: Zacian|19\/100\n|\n|upkeep\n|turn|8\n|\n|t:|1699301123\n|switch|p2a: Mewtwo|Mewtwo|51\/100\n|-ability|p2a: Mewtwo|Pressure\n|move|p1a: Necrozma|Sunsteel Strike|p2a: Mewtwo\n|-damage|p2a: Mewtwo|0 fnt\n|faint|p2a: Mewtwo\n|\n|upkeep\n|\n|t:|1699301133\n|switch|p2a: Krookodile|Krookodile, F|51\/100\n|-ability|p2a: Krookodile|Intimidate|boost\n|-unboost|p1a: Necrozma|atk|1\n|turn|9\n|\n|t:|1699301140\n|switch|p2a: Zacian|Zacian-Crowned|19\/100\n|move|p1a: Necrozma|Sunsteel Strike|p2a: Zacian\n|-damage|p2a: Zacian|0 fnt\n|faint|p2a: Zacian\n|\n|-fieldend|move: Trick Room\n|upkeep\n|\n|t:|1699301150\n|switch|p2a: Krookodile|Krookodile, F|51\/100\n|-ability|p2a: Krookodile|Intimidate|boost\n|-unboost|p1a: Necrozma|atk|1\n|turn|10\n|\n|t:|1699301156\n|move|p2a: Krookodile|Stealth Rock|p1a: Necrozma\n|-sidestart|p1: thmonster|move: Stealth Rock\n|move|p1a: Necrozma|Sunsteel Strike|p2a: Krookodile\n|-damage|p2a: Krookodile|11\/100\n|\n|upkeep\n|turn|11\n|\n|t:|1699301163\n|move|p2a: Krookodile|Bulldoze|p1a: Necrozma\n|-supereffective|p1a: Necrozma\n|-damage|p1a: Necrozma|0 fnt\n|faint|p1a: Necrozma\n|\n|upkeep\n|\n|t:|1699301173\n|switch|p1a: Kyogre|Kyogre|100\/100\n|-damage|p1a: Kyogre|88\/100|[from] Stealth Rock\n|detailschange|p1a: Kyogre|Kyogre-Primal\n|-primal|p1a: Kyogre|Blue Orb\n|-weather|PrimordialSea|[from] ability: Primordial Sea|[of] p1a: Kyogre\n|turn|12\n|\n|t:|1699301181\n|move|p2a: Krookodile|Bulldoze|p1a: Kyogre\n|-damage|p1a: Kyogre|63\/100\n|-unboost|p1a: Kyogre|spe|1\n|move|p1a: Kyogre|Surf|p2a: Krookodile\n|-supereffective|p2a: Krookodile\n|-damage|p2a: Krookodile|0 fnt\n|faint|p2a: Krookodile\n|\n|-weather|PrimordialSea|[upkeep]\n|upkeep\n|\n|t:|1699301192\n|switch|p2a: Groudon|Groudon|100\/100\n|detailschange|p2a: Groudon|Groudon-Primal\n|-primal|p2a: Groudon|Red Orb\n|-weather|DesolateLand|[from] ability: Desolate Land|[of] p2a: Groudon\n|turn|13\n|\n|t:|1699301198\n|move|p2a: Groudon|Rock Polish|p2a: Groudon\n|-boost|p2a: Groudon|spe|2\n|move|p1a: Kyogre|Ice Beam|p2a: Groudon\n|-damage|p2a: Groudon|60\/100\n|\n|-weather|DesolateLand|[upkeep]\n|upkeep\n|turn|14\n|\n|t:|1699301205\n|move|p2a: Groudon|Precipice Blades|p1a: Kyogre\n|-damage|p1a: Kyogre|0 fnt\n|faint|p1a: Kyogre\n|\n|-weather|DesolateLand|[upkeep]\n|upkeep\n|\n|t:|1699301221\n|switch|p1a: Arceus|Arceus|100\/100\n|-damage|p1a: Arceus|88\/100|[from] Stealth Rock\n|turn|15\n|\n|t:|1699301231\n|move|p2a: Groudon|Heat Crash|p1a: Arceus\n|-damage|p1a: Arceus|34\/100\n|move|p1a: Arceus|Swords Dance|p1a: Arceus\n|-boost|p1a: Arceus|atk|2\n|\n|-weather|DesolateLand|[upkeep]\n|upkeep\n|turn|16\n|\n|t:|1699301242\n|-terastallize|p1a: Arceus|Normal\n|move|p1a: Arceus|Extreme Speed|p2a: Groudon\n|-damage|p2a: Groudon|0 fnt\n|faint|p2a: Groudon\n|-weather|none\n|\n|upkeep\n|\n|t:|1699301251\n|switch|p2a: Xerneas|Xerneas|100\/100\n|-ability|p2a: Xerneas|Fairy Aura\n|turn|17\n|\n|t:|1699301264\n|move|p1a: Arceus|Extreme Speed|p2a: Xerneas\n|-damage|p2a: Xerneas|0 fnt\n|faint|p2a: Xerneas\n|\n|upkeep\n|\n|t:|1699301269\n|switch|p2a: Arceus|Arceus|100\/100\n|turn|18\n|\n|t:|1699301281\n|move|p2a: Arceus|Extreme Speed|p1a: Arceus\n|-damage|p1a: Arceus|0 fnt\n|faint|p1a: Arceus\n|-damage|p2a: Arceus|91\/100|[from] item: Life Orb\n|\n|upkeep\n|\n|t:|1699301288\n|switch|p1a: Groudon|Groudon|100\/100\n|-damage|p1a: Groudon|94\/100|[from] Stealth Rock\n|detailschange|p1a: Groudon|Groudon-Primal\n|-primal|p1a: Groudon|Red Orb\n|-weather|DesolateLand|[from] ability: Desolate Land|[of] p1a: Groudon\n|turn|19\n|\n|t:|1699301295\n|move|p2a: Arceus|Swords Dance|p2a: Arceus\n|-boost|p2a: Arceus|atk|2\n|move|p1a: Groudon|Earthquake|p2a: Arceus\n|-damage|p2a: Arceus|36\/100\n|\n|-weather|DesolateLand|[upkeep]\n|upkeep\n|turn|20\n|\n|t:|1699301302\n|move|p2a: Arceus|Earthquake|p1a: Groudon\n|-supereffective|p1a: Groudon\n|-damage|p1a: Groudon|0 fnt\n|faint|p1a: Groudon\n|-weather|none\n|-damage|p2a: Arceus|26\/100|[from] item: Life Orb\n|\n|upkeep\n|\n|t:|1699301308\n|switch|p1a: Xerneas|Xerneas|100\/100\n|-damage|p1a: Xerneas|88\/100|[from] Stealth Rock\n|-ability|p1a: Xerneas|Fairy Aura\n|turn|21\n|\n|t:|1699301314\n|-terastallize|p2a: Arceus|Normal\n|move|p2a: Arceus|Extreme Speed|p1a: Xerneas\n|-damage|p1a: Xerneas|0 fnt\n|faint|p1a: Xerneas\n|-damage|p2a: Arceus|16\/100|[from] item: Life Orb\n|\n|win|85792195wwww\n|raw|thmonster's rating: 1432 &rarr; <strong>1427<\/strong><br \/>(-5 for losing)\n|raw|85792195wwww's rating: 1787 &rarr; <strong>1792<\/strong><br \/>(+5 for winning)\n|l|\u203dthmonster\n","uploadtime":1699301324,"views":7,"p1id":"thmonster","p2id":"85792195wwww","formatid":"gen9nationaldexubers","rating":1427,"private":0,"password":""}