{"id":"gen9nationaldexubers-1979510263","p1":"Dark Zerzes","p2":"De1ff","format":"[Gen 9] National Dex Ubers","log":"|j|\u2606Dark Zerzes\n|j|\u2606De1ff\n|t:|1698688364\n|gametype|singles\n|player|p1|Dark Zerzes|grimsley|\n|player|p2|De1ff|fisherman-gen4|\n|teamsize|p1|6\n|teamsize|p2|6\n|gen|9\n|tier|[Gen 9] National Dex Ubers\n|rule|HP Percentage Mod: HP is shown in percentages\n|rule|Endless Battle Clause: Forcing endless battles is banned\n|rule|OHKO Clause: OHKO moves are banned\n|rule|Evasion Moves Clause: Evasion moves are banned\n|rule|Evasion Items Clause: Evasion items are banned\n|rule|Species Clause: Limit one of each Pok\u00e9mon\n|rule|Sleep Clause Mod: Limit one foe put to sleep\n|rule|Mega Rayquaza Clause: You cannot mega evolve Rayquaza\n|clearpoke\n|poke|p1|Galvantula, M|\n|poke|p1|Crobat, F|\n|poke|p1|Mimikyu, M|\n|poke|p1|Toxapex, F|\n|poke|p1|Houndoom, F|\n|poke|p1|Doublade, F|\n|poke|p2|Gliscor, M|\n|poke|p2|Toxapex, F|\n|poke|p2|Gengar, M|\n|poke|p2|Mimikyu, F|\n|poke|p2|Galvantula, F|\n|poke|p2|Chandelure, M|\n|teampreview\n|\n|t:|1698688410\n|start\n|switch|p1a: Elektra Spider|Galvantula, M|100\/100\n|switch|p2a: Gliscor|Gliscor, M|100\/100\n|turn|1\n|\n|t:|1698688431\n|move|p1a: Elektra Spider|Sticky Web|p2a: Gliscor\n|-sidestart|p2: De1ff|move: Sticky Web\n|move|p2a: Gliscor|Earthquake|p1a: Elektra Spider\n|-damage|p1a: Elektra Spider|37\/100\n|\n|-status|p2a: Gliscor|tox|[from] item: Toxic Orb\n|upkeep\n|turn|2\n|\n|t:|1698688440\n|switch|p1a: Night Slayer|Crobat, F, shiny|100\/100\n|move|p2a: Gliscor|Stealth Rock|p1a: Night Slayer\n|-sidestart|p1: Dark Zerzes|move: Stealth Rock\n|\n|upkeep\n|turn|3\n|\n|t:|1698688462\n|move|p1a: Night Slayer|Curse|p1a: Night Slayer\n|-unboost|p1a: Night Slayer|spe|1\n|-boost|p1a: Night Slayer|atk|1\n|-boost|p1a: Night Slayer|def|1\n|-enditem|p1a: Night Slayer|White Herb\n|-clearnegativeboost|p1a: Night Slayer|[silent]\n|move|p2a: Gliscor|U-turn|p1a: Night Slayer\n|-resisted|p1a: Night Slayer\n|-damage|p1a: Night Slayer|97\/100\n|\n|t:|1698688527\n|switch|p2a: Toxapex|Toxapex, F, shiny|100\/100|[from] U-turn\n|-activate|p2a: Toxapex|move: Sticky Web\n|-unboost|p2a: Toxapex|spe|1\n|\n|upkeep\n|turn|4\n|\n|t:|1698688536\n|move|p1a: Night Slayer|Taunt|p2a: Toxapex\n|-start|p2a: Toxapex|move: Taunt\n|move|p2a: Toxapex|Ice Spinner|p1a: Night Slayer\n|-supereffective|p1a: Night Slayer\n|-crit|p1a: Night Slayer\n|-damage|p1a: Night Slayer|0 fnt\n|faint|p1a: Night Slayer\n|\n|upkeep\n|\n|t:|1698688553\n|switch|p1a: Lord of Doom|Houndoom, F|100\/100\n|-ability|p1a: Lord of Doom|Unnerve\n|-damage|p1a: Lord of Doom|75\/100|[from] Stealth Rock\n|turn|5\n|\n|t:|1698688584\n|switch|p2a: Gliscor|Gliscor, M|100\/100 tox\n|move|p1a: Lord of Doom|Nasty Plot|p1a: Lord of Doom\n|-boost|p1a: Lord of Doom|spa|2\n|\n|upkeep\n|turn|6\n|\n|t:|1698688632\n|move|p2a: Gliscor|Protect|p2a: Gliscor\n|-singleturn|p2a: Gliscor|Protect\n|move|p1a: Lord of Doom|Hidden Power|p2a: Gliscor\n|-activate|p2a: Gliscor|move: Protect\n|\n|upkeep\n|turn|7\n|\n|t:|1698688674\n|move|p1a: Lord of Doom|Hidden Power|p2a: Gliscor\n|-supereffective|p2a: Gliscor\n|-damage|p2a: Gliscor|0 fnt\n|faint|p2a: Gliscor\n|-damage|p1a: Lord of Doom|66\/100|[from] item: Life Orb\n|\n|upkeep\n|\n|t:|1698688685\n|switch|p2a: Toxapex|Toxapex, F, shiny|100\/100\n|-activate|p2a: Toxapex|move: Sticky Web\n|-unboost|p2a: Toxapex|spe|1\n|turn|8\n|\n|t:|1698688691\n|move|p1a: Lord of Doom|Dark Pulse|p2a: Toxapex\n|-damage|p2a: Toxapex|15\/100\n|-damage|p1a: Lord of Doom|56\/100|[from] item: Life Orb\n|cant|p2a: Toxapex|flinch\n|\n|upkeep\n|turn|9\n|\n|t:|1698688729\n|move|p1a: Lord of Doom|Dark Pulse|p2a: Toxapex\n|-damage|p2a: Toxapex|0 fnt\n|faint|p2a: Toxapex\n|-damage|p1a: Lord of Doom|46\/100|[from] item: Life Orb\n|\n|upkeep\n|\n|t:|1698688734\n|switch|p2a: Mimikyu|Mimikyu, F, shiny|100\/100\n|-activate|p2a: Mimikyu|move: Sticky Web\n|-unboost|p2a: Mimikyu|spe|1\n|turn|10\n|\n|t:|1698688747\n|move|p1a: Lord of Doom|Dark Pulse|p2a: Mimikyu\n|-activate|p2a: Mimikyu|ability: Disguise\n|-damage|p2a: Mimikyu|100\/100\n|detailschange|p2a: Mimikyu|Mimikyu-Busted, F, shiny\n|-damage|p2a: Mimikyu|88\/100|[from] pokemon: Mimikyu-Busted\n|-damage|p1a: Lord of Doom|36\/100|[from] item: Life Orb\n|cant|p2a: Mimikyu|flinch\n|\n|-heal|p2a: Mimikyu|94\/100|[from] item: Leftovers\n|upkeep\n|turn|11\n|c|\u2606De1ff|!dt Dark Pulse\n|raw|<ul class=\"utilichart\"><li class=\"result\"><span class=\"col movenamecol\"><a href=\"https:\/\/dex.pokemonshowdown.com\/moves\/darkpulse\">Dark Pulse<\/a><\/span> <span class=\"col typecol\"><img src=\"\/\/play.pokemonshowdown.com\/sprites\/types\/Dark.png\" alt=\"Dark\" width=\"32\" height=\"14\"><img src=\"\/\/play.pokemonshowdown.com\/sprites\/categories\/Special.png\" alt=\"Special\" width=\"32\" height=\"14\"><\/span> <span class=\"col labelcol\"><em>Power<\/em><br>80<\/span> <span class=\"col widelabelcol\"><em>Accuracy<\/em><br>100%<\/span> <span class=\"col pplabelcol\"><em>PP<\/em><br>24<\/span> <span class=\"col movedesccol\">20% chance to make the target flinch.<\/span> <\/li><li style=\"clear:both\"><\/li><\/ul>\n|raw|<font size=\"1\"><font color=\"#686868\">Priority:<\/font> 0&nbsp;|&ThickSpace;<font color=\"#686868\">Gen:<\/font> 4&nbsp;|&ThickSpace;&#10003; Boosted by Sheer Force&nbsp;|&ThickSpace;&#10003; Pulse&nbsp;|&ThickSpace;<font color=\"#686868\">Z-Power:<\/font> 160&nbsp;|&ThickSpace;<font color=\"#686868\">Dynamax Power:<\/font> 130&nbsp;|&ThickSpace;<font color=\"#686868\">Target:<\/font> Any Pok\u00e9mon<\/font>\n\n|\n|t:|1698688790\n|switch|p2a: Galvantula|Galvantula, F, shiny|100\/100\n|-activate|p2a: Galvantula|move: Sticky Web\n|-unboost|p2a: Galvantula|spe|1\n|move|p1a: Lord of Doom|Flamethrower|p2a: Galvantula\n|-supereffective|p2a: Galvantula\n|-damage|p2a: Galvantula|0 fnt\n|faint|p2a: Galvantula\n|-damage|p1a: Lord of Doom|26\/100|[from] item: Life Orb\n|\n|upkeep\n|\n|t:|1698688811\n|switch|p2a: Gengar|Gengar, M|100\/100\n|-activate|p2a: Gengar|move: Sticky Web\n|-unboost|p2a: Gengar|spe|1\n|turn|12\n|\n|t:|1698688818\n|move|p2a: Gengar|Shadow Ball|p1a: Lord of Doom\n|-resisted|p1a: Lord of Doom\n|-damage|p1a: Lord of Doom|0 fnt\n|faint|p1a: Lord of Doom\n|\n|upkeep\n|\n|t:|1698688834\n|switch|p1a: Soul Blade's|Doublade, F, shiny|100\/100\n|-damage|p1a: Soul Blade's|94\/100|[from] Stealth Rock\n|turn|13\n|\n|t:|1698688853\n|move|p2a: Gengar|Shadow Ball|p1a: Soul Blade's\n|-supereffective|p1a: Soul Blade's\n|-damage|p1a: Soul Blade's|22\/100\n|move|p1a: Soul Blade's|Swords Dance|p1a: Soul Blade's\n|-boost|p1a: Soul Blade's|atk|2\n|\n|upkeep\n|turn|14\n|\n|t:|1698688913\n|switch|p2a: Chandelure|Chandelure, M|100\/100\n|-activate|p2a: Chandelure|move: Sticky Web\n|-unboost|p2a: Chandelure|spe|1\n|move|p1a: Soul Blade's|Shadow Sneak|p2a: Chandelure\n|-supereffective|p2a: Chandelure\n|-damage|p2a: Chandelure|0 fnt\n|faint|p2a: Chandelure\n|\n|upkeep\n|\n|t:|1698688920\n|switch|p2a: Mimikyu|Mimikyu-Busted, F, shiny|94\/100\n|-activate|p2a: Mimikyu|move: Sticky Web\n|-unboost|p2a: Mimikyu|spe|1\n|turn|15\n|\n|t:|1698688928\n|move|p2a: Mimikyu|Shadow Sneak|p1a: Soul Blade's\n|-supereffective|p1a: Soul Blade's\n|-damage|p1a: Soul Blade's|5\/100\n|move|p1a: Soul Blade's|Shadow Sneak|p2a: Mimikyu\n|-supereffective|p2a: Mimikyu\n|-damage|p2a: Mimikyu|0 fnt\n|faint|p2a: Mimikyu\n|\n|upkeep\n|\n|t:|1698688934\n|switch|p2a: Gengar|Gengar, M|100\/100\n|-activate|p2a: Gengar|move: Sticky Web\n|-unboost|p2a: Gengar|spe|1\n|turn|16\n|\n|t:|1698688946\n|move|p1a: Soul Blade's|Shadow Sneak|p2a: Gengar\n|-supereffective|p2a: Gengar\n|-damage|p2a: Gengar|0 fnt\n|-start|p1a: Soul Blade's|Disable|Shadow Sneak|[from] ability: Cursed Body|[of] p2a: Gengar\n|faint|p2a: Gengar\n|\n|win|Dark Zerzes\n|c|\u2606De1ff|gg\n|c|\u2606Dark Zerzes|Gg\n","uploadtime":1698688954,"views":19,"p1id":"darkzerzes","p2id":"de1ff","formatid":"gen9nationaldexubers","rating":0,"private":0,"password":""}