{"id":"gen9nationaldexubers-1977861036","p1":"Scampton","p2":"Egg O War","format":"[Gen 9] National Dex Ubers","log":"|j|\u2606Scampton\n|j|\u2606Egg O War\n|t:|1698458628\n|gametype|singles\n|player|p1|Scampton|clown|\n|player|p2|Egg O War|drayden|\n|teamsize|p1|6\n|teamsize|p2|6\n|gen|9\n|tier|[Gen 9] National Dex Ubers\n|rule|HP Percentage Mod: HP is shown in percentages\n|rule|Endless Battle Clause: Forcing endless battles is banned\n|rule|OHKO Clause: OHKO moves are banned\n|rule|Evasion Moves Clause: Evasion moves are banned\n|rule|Evasion Items Clause: Evasion items are banned\n|rule|Species Clause: Limit one of each Pok\u00e9mon\n|rule|Sleep Clause Mod: Limit one foe put to sleep\n|rule|Mega Rayquaza Clause: You cannot mega evolve Rayquaza\n|clearpoke\n|poke|p1|Groudon|\n|poke|p1|Walking Wake|\n|poke|p1|Politoed, F|\n|poke|p1|Palafin, M|\n|poke|p1|Duraludon, F|\n|poke|p1|Alomomola, F|\n|poke|p2|Slowbro-Galar, F|\n|poke|p2|Grimmsnarl, M|\n|poke|p2|Ursaluna, M|\n|poke|p2|Enamorus-Therian, F|\n|poke|p2|Iron Hands|\n|poke|p2|Kingambit, M|\n|teampreview\n|c|\u2606Egg O War|welp. sorry, old lady. this is why i never make promises.\n|c|\u2606Scampton|undertale battle sound\n|\n|t:|1698458663\n|start\n|switch|p1a: Groudon|Groudon|100\/100\n|switch|p2a: Guldo|Grimmsnarl, M|100\/100\n|-weather|SunnyDay|[from] ability: Drought|[of] p1a: Groudon\n|turn|1\n|\n|t:|1698458669\n|move|p2a: Guldo|Taunt|p1a: Groudon\n|-start|p1a: Groudon|move: Taunt\n|cant|p1a: Groudon|move: Taunt|Swords Dance\n|\n|-weather|SunnyDay|[upkeep]\n|upkeep\n|turn|2\n|-activate|p1a: Groudon|item: Quick Claw\n|\n|t:|1698458677\n|move|p2a: Guldo|Reflect|p2a: Guldo\n|-sidestart|p2: Egg O War|Reflect\n|move|p1a: Groudon|Heavy Slam|p2a: Guldo\n|-supereffective|p2a: Guldo\n|-damage|p2a: Guldo|64\/100\n|\n|-weather|SunnyDay|[upkeep]\n|upkeep\n|turn|3\n|\n|t:|1698458693\n|switch|p1a: Detective|Duraludon, F|100\/100\n|switch|p2a: Recoome|Ursaluna, M|100\/100\n|\n|-weather|SunnyDay|[upkeep]\n|upkeep\n|turn|4\n|\n|t:|1698458702\n|move|p1a: Detective|Brick Break|p2a: Recoome\n|-sideend|p2: Egg O War|Reflect\n|-supereffective|p2a: Recoome\n|-damage|p2a: Recoome|78\/100\n|move|p2a: Recoome|Swords Dance|p2a: Recoome\n|-boost|p2a: Recoome|atk|2\n|\n|-weather|SunnyDay|[upkeep]\n|upkeep\n|turn|5\n|\n|t:|1698458709\n|move|p1a: Detective|Draco Meteor|p2a: Recoome\n|-damage|p2a: Recoome|17\/100\n|-unboost|p1a: Detective|spa|2\n|move|p2a: Recoome|Headlong Rush|p1a: Detective\n|-supereffective|p1a: Detective\n|-damage|p1a: Detective|0 fnt\n|-unboost|p2a: Recoome|def|1\n|-unboost|p2a: Recoome|spd|1\n|faint|p1a: Detective\n|\n|-weather|none\n|upkeep\n|\n|t:|1698458713\n|switch|p1a: Palafin|Palafin, M|100\/100\n|turn|6\n|-activate|p1a: Palafin|item: Quick Claw\n|-activate|p2a: Recoome|item: Quick Claw\n|\n|t:|1698458726\n|move|p1a: Palafin|Jet Punch|p2a: Recoome\n|-supereffective|p2a: Recoome\n|-damage|p2a: Recoome|0 fnt\n|faint|p2a: Recoome\n|\n|upkeep\n|\n|t:|1698458747\n|switch|p2a: Jeice|Enamorus-Therian, F|100\/100\n|turn|7\n|\n|t:|1698458757\n|detailschange|p1a: Palafin|Palafin-Hero, M\n|switch|p1a: Politoed|Politoed, F|100\/100\n|-weather|RainDance|[from] ability: Drizzle|[of] p1a: Politoed\n|move|p2a: Jeice|Moonblast|p1a: Politoed\n|-damage|p1a: Politoed|50\/100\n|-unboost|p1a: Politoed|spa|1\n|\n|-weather|RainDance|[upkeep]\n|upkeep\n|turn|8\n|\n|t:|1698458762\n|move|p1a: Politoed|Toxic|p2a: Jeice\n|-status|p2a: Jeice|tox\n|move|p2a: Jeice|Moonblast|p1a: Politoed\n|-damage|p1a: Politoed|5\/100\n|-unboost|p1a: Politoed|spa|1\n|\n|-weather|RainDance|[upkeep]\n|-damage|p2a: Jeice|95\/100 tox|[from] psn\n|upkeep\n|turn|9\n|\n|t:|1698458772\n|move|p1a: Politoed|Scald|p2a: Jeice\n|-damage|p2a: Jeice|75\/100 tox\n|move|p2a: Jeice|Moonblast|p1a: Politoed\n|-damage|p1a: Politoed|0 fnt\n|faint|p1a: Politoed\n|\n|-weather|RainDance|[upkeep]\n|-damage|p2a: Jeice|63\/100 tox|[from] psn\n|upkeep\n|\n|t:|1698458791\n|switch|p1a: Palafin|Palafin-Hero, M|100\/100\n|-activate|p1a: Palafin|ability: Zero to Hero\n|turn|10\n|\n|t:|1698458800\n|move|p1a: Palafin|Wave Crash|p2a: Jeice\n|-damage|p2a: Jeice|0 fnt\n|faint|p2a: Jeice\n|-damage|p1a: Palafin|83\/100|[from] Recoil\n|\n|-weather|RainDance|[upkeep]\n|upkeep\n|\n|t:|1698458806\n|switch|p2a: Guldo|Grimmsnarl, M|64\/100\n|turn|11\n|-activate|p1a: Palafin|item: Quick Claw\n|\n|t:|1698458810\n|move|p2a: Guldo|Reflect|p2a: Guldo\n|-sidestart|p2: Egg O War|Reflect\n|move|p1a: Palafin|Bulk Up|p1a: Palafin\n|-boost|p1a: Palafin|atk|1\n|-boost|p1a: Palafin|def|1\n|\n|-weather|RainDance|[upkeep]\n|upkeep\n|turn|12\n|-activate|p1a: Palafin|item: Quick Claw\n|\n|t:|1698458814\n|move|p2a: Guldo|Taunt|p1a: Palafin\n|-start|p1a: Palafin|move: Taunt\n|move|p1a: Palafin|Wave Crash|p2a: Guldo\n|-damage|p2a: Guldo|3\/100\n|-damage|p1a: Palafin|63\/100|[from] Recoil\n|\n|-weather|RainDance|[upkeep]\n|upkeep\n|turn|13\n|-activate|p1a: Palafin|item: Quick Claw\n|\n|t:|1698458824\n|move|p2a: Guldo|Light Screen|p2a: Guldo\n|-sidestart|p2: Egg O War|move: Light Screen\n|move|p1a: Palafin|Drain Punch|p2a: Guldo\n|-damage|p2a: Guldo|0 fnt\n|-heal|p1a: Palafin|64\/100|[from] drain|[of] p2a: Guldo\n|faint|p2a: Guldo\n|\n|-weather|RainDance|[upkeep]\n|upkeep\n|\n|t:|1698458838\n|switch|p2a: Captain Ginyu|Iron Hands|100\/100\n|turn|14\n|-activate|p1a: Palafin|item: Quick Claw\n|\n|t:|1698458917\n|move|p1a: Palafin|Wave Crash|p2a: Captain Ginyu\n|-damage|p2a: Captain Ginyu|50\/100\n|-damage|p1a: Palafin|43\/100|[from] Recoil\n|move|p2a: Captain Ginyu|Wild Charge|p1a: Palafin\n|-supereffective|p1a: Palafin\n|-damage|p1a: Palafin|0 fnt\n|faint|p1a: Palafin\n|-damage|p2a: Captain Ginyu|42\/100|[from] Recoil\n|\n|-weather|none\n|upkeep\n|\n|t:|1698458927\n|switch|p1a: Groudon|Groudon|100\/100\n|-weather|SunnyDay|[from] ability: Drought|[of] p1a: Groudon\n|turn|15\n|\n|t:|1698458935\n|move|p1a: Groudon|Swords Dance|p1a: Groudon\n|-boost|p1a: Groudon|atk|2\n|move|p2a: Captain Ginyu|Ice Punch|p1a: Groudon\n|-supereffective|p1a: Groudon\n|-damage|p1a: Groudon|55\/100\n|\n|-weather|SunnyDay|[upkeep]\n|upkeep\n|turn|16\n|-activate|p1a: Groudon|item: Quick Claw\n|\n|t:|1698458946\n|move|p1a: Groudon|Earthquake|p2a: Captain Ginyu\n|-supereffective|p2a: Captain Ginyu\n|-damage|p2a: Captain Ginyu|0 fnt\n|faint|p2a: Captain Ginyu\n|-end|p2a: Captain Ginyu|Quark Drive|[silent]\n|\n|-weather|SunnyDay|[upkeep]\n|upkeep\n|\n|t:|1698458950\n|switch|p2a: Burter|Slowbro-Galar, F|100\/100\n|turn|17\n|-activate|p2a: Burter|ability: Quick Draw\n|\n|t:|1698458995\n|move|p2a: Burter|Sludge Bomb|p1a: Groudon\n|-resisted|p1a: Groudon\n|-damage|p1a: Groudon|34\/100\n|move|p1a: Groudon|Earthquake|p2a: Burter\n|-supereffective|p2a: Burter\n|-damage|p2a: Burter|0 fnt\n|faint|p2a: Burter\n|\n|-weather|SunnyDay|[upkeep]\n|upkeep\n|\n|t:|1698459005\n|switch|p2a: Lord Frieza|Kingambit, M|100\/100\n|-activate|p2a: Lord Frieza|ability: Supreme Overlord\n|-start|p2a: Lord Frieza|fallen5|[silent]\n|turn|18\n|-activate|p2a: Lord Frieza|item: Quick Claw\n|\n|t:|1698459031\n|switch|p1a: Alomomola|Alomomola, F|100\/100\n|move|p2a: Lord Frieza|Sucker Punch||[still]\n|-fail|p2a: Lord Frieza\n|\n|-weather|SunnyDay|[upkeep]\n|-sideend|p2: Egg O War|Reflect\n|upkeep\n|turn|19\n|-activate|p2a: Lord Frieza|item: Quick Claw\n|\n|t:|1698459038\n|move|p2a: Lord Frieza|Swords Dance|p2a: Lord Frieza\n|-boost|p2a: Lord Frieza|atk|2\n|move|p1a: Alomomola|Wish|p1a: Alomomola\n|\n|-weather|none\n|upkeep\n|turn|20\n|\n|t:|1698459053\n|move|p2a: Lord Frieza|Swords Dance|p2a: Lord Frieza\n|-boost|p2a: Lord Frieza|atk|2\n|move|p1a: Alomomola|Scald|p2a: Lord Frieza\n|-damage|p2a: Lord Frieza|95\/100\n|\n|-sideend|p2: Egg O War|move: Light Screen\n|upkeep\n|turn|21\n|\n|t:|1698459058\n|move|p2a: Lord Frieza|Kowtow Cleave|p1a: Alomomola\n|-damage|p1a: Alomomola|0 fnt\n|faint|p1a: Alomomola\n|\n|upkeep\n|\n|t:|1698459061\n|switch|p1a: Walking Wake|Walking Wake|100\/100\n|turn|22\n|\n|t:|1698459070\n|move|p2a: Lord Frieza|Sucker Punch||[still]\n|-fail|p2a: Lord Frieza\n|move|p1a: Walking Wake|Substitute|p1a: Walking Wake\n|-start|p1a: Walking Wake|Substitute\n|-damage|p1a: Walking Wake|76\/100\n|\n|upkeep\n|turn|23\n|\n|t:|1698459078\n|move|p1a: Walking Wake|Flamethrower|p2a: Lord Frieza\n|-supereffective|p2a: Lord Frieza\n|-damage|p2a: Lord Frieza|27\/100\n|move|p2a: Lord Frieza|Kowtow Cleave|p1a: Walking Wake\n|-end|p1a: Walking Wake|Substitute\n|\n|upkeep\n|turn|24\n|\n|t:|1698459087\n|move|p1a: Walking Wake|Substitute|p1a: Walking Wake\n|-start|p1a: Walking Wake|Substitute\n|-damage|p1a: Walking Wake|51\/100\n|move|p2a: Lord Frieza|Kowtow Cleave|p1a: Walking Wake\n|-end|p1a: Walking Wake|Substitute\n|\n|upkeep\n|turn|25\n|\n|t:|1698459092\n|move|p1a: Walking Wake|Flamethrower|p2a: Lord Frieza\n|-supereffective|p2a: Lord Frieza\n|-crit|p2a: Lord Frieza\n|-damage|p2a: Lord Frieza|0 fnt\n|faint|p2a: Lord Frieza\n|-end|p2a: Lord Frieza|fallen5|[silent]\n|\n|win|Scampton\n","uploadtime":1698459097,"views":12,"p1id":"scampton","p2id":"eggowar","formatid":"gen9nationaldexubers","rating":0,"private":0,"password":""}