{"id":"gen9nationaldexubers-1982816134","p1":"Urfavegirly","p2":"Tourettediccoes","format":"[Gen 9] National Dex Ubers","log":"|j|\u2606Urfavegirly\n|j|\u2606Tourettediccoes\n|t:|1699047674\n|gametype|singles\n|player|p1|Urfavegirly|cynthia-gen4|1111\n|player|p2|Tourettediccoes|firebreather|1188\n|teamsize|p1|6\n|teamsize|p2|6\n|gen|9\n|tier|[Gen 9] National Dex Ubers\n|rated|\n|rule|HP Percentage Mod: HP is shown in percentages\n|rule|Endless Battle Clause: Forcing endless battles is banned\n|rule|OHKO Clause: OHKO moves are banned\n|rule|Evasion Moves Clause: Evasion moves are banned\n|rule|Evasion Items Clause: Evasion items are banned\n|rule|Species Clause: Limit one of each Pok\u00e9mon\n|rule|Sleep Clause Mod: Limit one foe put to sleep\n|rule|Mega Rayquaza Clause: You cannot mega evolve Rayquaza\n|clearpoke\n|poke|p1|Eternatus|\n|poke|p1|Giratina-Origin|\n|poke|p1|Rayquaza|\n|poke|p1|Zygarde|\n|poke|p1|Zekrom|\n|poke|p1|Necrozma-Dawn-Wings|\n|poke|p2|Smeargle, M|\n|poke|p2|Durant, M|\n|poke|p2|Espathra, F|\n|poke|p2|Whimsicott, L1, M|\n|poke|p2|Duosion, M|\n|poke|p2|Hitmonlee, M|\n|teampreview\n|inactive|Battle timer is ON: inactive players will automatically lose when time's up. (requested by Urfavegirly)\n|\n|t:|1699047680\n|start\n|switch|p1a: Eternatus|Eternatus, shiny|100\/100\n|switch|p2a: Durant|Durant, M|100\/100\n|-ability|p1a: Eternatus|Pressure\n|turn|1\n|c|\u2606Tourettediccoes|legend spammer\n|c|\u2606Urfavegirly|UWU\n|c|\u2606Tourettediccoes|you will loser for GELEIA DE PORRA\n|c|\u2606Urfavegirly|anyways\n|c|\u2606Tourettediccoes|uwu\n|c|\u2606Tourettediccoes|chupa meu pau aqui fdp\n|\n|t:|1699047705\n|move|p2a: Durant|Entrainment|p1a: Eternatus\n|-endability|p1a: Eternatus|Pressure|[from] move: Entrainment\n|-ability|p1a: Eternatus|Truant|[from] move: Entrainment\n|move|p1a: Eternatus|Toxic Spikes|p2a: Durant\n|-sidestart|p2: Tourettediccoes|move: Toxic Spikes\n|\n|upkeep\n|turn|2\n|\n|t:|1699047721\n|switch|p2a: GELEIA DE PORRA jr|Duosion, M|100\/100\n|-status|p2a: GELEIA DE PORRA jr|psn\n|cant|p1a: Eternatus|ability: Truant\n|\n|upkeep\n|turn|3\n|\n|t:|1699047728\n|move|p1a: Eternatus|Toxic Spikes|p2a: GELEIA DE PORRA jr\n|-sidestart|p2: Tourettediccoes|move: Toxic Spikes\n|move|p2a: GELEIA DE PORRA jr|Calm Mind|p2a: GELEIA DE PORRA jr\n|-boost|p2a: GELEIA DE PORRA jr|spa|1\n|-boost|p2a: GELEIA DE PORRA jr|spd|1\n|\n|upkeep\n|turn|4\n|\n|t:|1699047734\n|cant|p1a: Eternatus|ability: Truant\n|move|p2a: GELEIA DE PORRA jr|Calm Mind|p2a: GELEIA DE PORRA jr\n|-boost|p2a: GELEIA DE PORRA jr|spa|1\n|-boost|p2a: GELEIA DE PORRA jr|spd|1\n|\n|upkeep\n|turn|5\n|\n|t:|1699047739\n|move|p1a: Eternatus|Dynamax Cannon|p2a: GELEIA DE PORRA jr\n|-damage|p2a: GELEIA DE PORRA jr|80\/100 psn\n|move|p2a: GELEIA DE PORRA jr|Calm Mind|p2a: GELEIA DE PORRA jr\n|-boost|p2a: GELEIA DE PORRA jr|spa|1\n|-boost|p2a: GELEIA DE PORRA jr|spd|1\n|\n|upkeep\n|turn|6\n|\n|t:|1699047745\n|cant|p1a: Eternatus|ability: Truant\n|move|p2a: GELEIA DE PORRA jr|Calm Mind|p2a: GELEIA DE PORRA jr\n|-boost|p2a: GELEIA DE PORRA jr|spa|1\n|-boost|p2a: GELEIA DE PORRA jr|spd|1\n|\n|upkeep\n|turn|7\n|\n|t:|1699047750\n|move|p1a: Eternatus|Sludge Wave|p2a: GELEIA DE PORRA jr\n|-damage|p2a: GELEIA DE PORRA jr|65\/100 psn\n|move|p2a: GELEIA DE PORRA jr|Calm Mind|p2a: GELEIA DE PORRA jr\n|-boost|p2a: GELEIA DE PORRA jr|spa|1\n|-boost|p2a: GELEIA DE PORRA jr|spd|1\n|\n|upkeep\n|turn|8\n|\n|t:|1699047756\n|cant|p1a: Eternatus|ability: Truant\n|move|p2a: GELEIA DE PORRA jr|Calm Mind|p2a: GELEIA DE PORRA jr\n|-boost|p2a: GELEIA DE PORRA jr|spa|1\n|-boost|p2a: GELEIA DE PORRA jr|spd|1\n|\n|upkeep\n|turn|9\n|\n|t:|1699047763\n|move|p1a: Eternatus|Sludge Wave|p2a: GELEIA DE PORRA jr\n|-crit|p2a: GELEIA DE PORRA jr\n|-damage|p2a: GELEIA DE PORRA jr|5\/100 psn\n|move|p2a: GELEIA DE PORRA jr|Acid Armor|p2a: GELEIA DE PORRA jr\n|-boost|p2a: GELEIA DE PORRA jr|def|2\n|\n|upkeep\n|turn|10\n|\n|t:|1699047771\n|cant|p1a: Eternatus|ability: Truant\n|move|p2a: GELEIA DE PORRA jr|Recover|p2a: GELEIA DE PORRA jr\n|-heal|p2a: GELEIA DE PORRA jr|55\/100 psn\n|\n|upkeep\n|turn|11\n|\n|t:|1699047776\n|move|p1a: Eternatus|Dynamax Cannon|p2a: GELEIA DE PORRA jr\n|-crit|p2a: GELEIA DE PORRA jr\n|-damage|p2a: GELEIA DE PORRA jr|0 fnt\n|faint|p2a: GELEIA DE PORRA jr\n|\n|upkeep\n|\n|t:|1699047797\n|switch|p2a: Hitmonlee|Hitmonlee, M|100\/100\n|-status|p2a: Hitmonlee|tox\n|turn|12\n|\n|t:|1699047804\n|cant|p1a: Eternatus|ability: Truant\n|move|p2a: Hitmonlee|Bulk Up|p2a: Hitmonlee\n|-boost|p2a: Hitmonlee|atk|1\n|-boost|p2a: Hitmonlee|def|1\n|\n|-damage|p2a: Hitmonlee|94\/100 tox|[from] psn\n|upkeep\n|turn|13\n|\n|t:|1699047811\n|-terastallize|p2a: Hitmonlee|Steel\n|move|p1a: Eternatus|Sludge Wave|p2a: Hitmonlee\n|-immune|p2a: Hitmonlee\n|move|p2a: Hitmonlee|Bulk Up|p2a: Hitmonlee\n|-boost|p2a: Hitmonlee|atk|1\n|-boost|p2a: Hitmonlee|def|1\n|\n|-damage|p2a: Hitmonlee|82\/100 tox|[from] psn\n|upkeep\n|turn|14\n|\n|t:|1699047823\n|cant|p1a: Eternatus|ability: Truant\n|move|p2a: Hitmonlee|Knock Off|p1a: Eternatus\n|-crit|p1a: Eternatus\n|-damage|p1a: Eternatus|7\/100\n|-enditem|p1a: Eternatus|Expert Belt|[from] move: Knock Off|[of] p2a: Hitmonlee\n|\n|-damage|p2a: Hitmonlee|63\/100 tox|[from] psn\n|upkeep\n|turn|15\n|\n|t:|1699047831\n|move|p1a: Eternatus|Eternabeam|p2a: Hitmonlee\n|-resisted|p2a: Hitmonlee\n|-damage|p2a: Hitmonlee|15\/100 tox\n|-mustrecharge|p1a: Eternatus\n|-enditem|p2a: Hitmonlee|Liechi Berry|[eat]\n|-boost|p2a: Hitmonlee|atk|1|[from] item: Liechi Berry\n|move|p2a: Hitmonlee|Knock Off|p1a: Eternatus\n|-damage|p1a: Eternatus|0 fnt\n|faint|p1a: Eternatus\n|\n|-damage|p2a: Hitmonlee|0 fnt|[from] psn\n|faint|p2a: Hitmonlee\n|upkeep\n|\n|t:|1699047843\n|switch|p1a: Giratina|Giratina-Origin, shiny|100\/100\n|switch|p2a: Durant|Durant, M|100\/100\n|turn|16\n|\n|t:|1699047849\n|move|p2a: Durant|Entrainment|p1a: Giratina\n|-endability|p1a: Giratina|Levitate|[from] move: Entrainment\n|-ability|p1a: Giratina|Truant|[from] move: Entrainment\n|move|p1a: Giratina|Dragon Pulse|p2a: Durant\n|-resisted|p2a: Durant\n|-damage|p2a: Durant|37\/100\n|\n|upkeep\n|turn|17\n|\n|t:|1699047855\n|cant|p2a: Durant|ability: Truant\n|cant|p1a: Giratina|ability: Truant\n|\n|upkeep\n|turn|18\n|\n|t:|1699047860\n|move|p2a: Durant|Entrainment||[still]\n|-fail|p2a: Durant\n|move|p1a: Giratina|Dragon Pulse|p2a: Durant\n|-resisted|p2a: Durant\n|-damage|p2a: Durant|0 fnt\n|faint|p2a: Durant\n|\n|upkeep\n|\n|t:|1699047883\n|switch|p2a: Rogerio bailarino|Espathra, F|100\/100\n|-status|p2a: Rogerio bailarino|tox\n|turn|19\n|\n|t:|1699047896\n|move|p2a: Rogerio bailarino|Calm Mind|p2a: Rogerio bailarino\n|-boost|p2a: Rogerio bailarino|spa|1\n|-boost|p2a: Rogerio bailarino|spd|1\n|cant|p1a: Giratina|ability: Truant\n|\n|-damage|p2a: Rogerio bailarino|94\/100 tox|[from] psn\n|-ability|p2a: Rogerio bailarino|Speed Boost|boost\n|-boost|p2a: Rogerio bailarino|spe|1\n|upkeep\n|turn|20\n|\n|t:|1699047904\n|move|p2a: Rogerio bailarino|Calm Mind|p2a: Rogerio bailarino\n|-boost|p2a: Rogerio bailarino|spa|1\n|-boost|p2a: Rogerio bailarino|spd|1\n|move|p1a: Giratina|Shadow Force||[still]\n|-prepare|p1a: Giratina|Shadow Force\n|\n|-damage|p2a: Rogerio bailarino|82\/100 tox|[from] psn\n|-ability|p2a: Rogerio bailarino|Speed Boost|boost\n|-boost|p2a: Rogerio bailarino|spe|1\n|upkeep\n|turn|21\n|\n|t:|1699047913\n|move|p2a: Rogerio bailarino|Calm Mind|p2a: Rogerio bailarino\n|-boost|p2a: Rogerio bailarino|spa|1\n|-boost|p2a: Rogerio bailarino|spd|1\n|cant|p1a: Giratina|ability: Truant\n|\n|-damage|p2a: Rogerio bailarino|64\/100 tox|[from] psn\n|-ability|p2a: Rogerio bailarino|Speed Boost|boost\n|-boost|p2a: Rogerio bailarino|spe|1\n|upkeep\n|turn|22\n|\n|t:|1699047921\n|move|p2a: Rogerio bailarino|Dazzling Gleam|p1a: Giratina\n|-supereffective|p1a: Giratina\n|-damage|p1a: Giratina|17\/100\n|move|p1a: Giratina|Hex|p2a: Rogerio bailarino\n|-supereffective|p2a: Rogerio bailarino\n|-damage|p2a: Rogerio bailarino|0 fnt\n|faint|p2a: Rogerio bailarino\n|\n|upkeep\n|inactive|Tourettediccoes has 120 seconds left.\n|inactive|Tourettediccoes has 90 seconds left.\n|c|\u2606Urfavegirly|womp womp womp\n|c|\u2606Urfavegirly|anyways\n|\n|t:|1699047992\n|switch|p2a: Smeargle|Smeargle, M|100\/100\n|-status|p2a: Smeargle|tox\n|turn|23\n|\n|t:|1699047996\n|move|p2a: Smeargle|Spore|p1a: Giratina\n|-status|p1a: Giratina|slp|[from] move: Spore\n|cant|p1a: Giratina|slp\n|\n|-damage|p2a: Smeargle|95\/100 tox|[from] psn\n|-ability|p2a: Smeargle|Moody|boost\n|-boost|p2a: Smeargle|spe|2\n|-unboost|p2a: Smeargle|spd|1\n|upkeep\n|turn|24\n|\n|t:|1699048005\n|move|p2a: Smeargle|Shell Smash|p2a: Smeargle\n|-unboost|p2a: Smeargle|def|1\n|-unboost|p2a: Smeargle|spd|1\n|-boost|p2a: Smeargle|atk|2\n|-boost|p2a: Smeargle|spa|2\n|-boost|p2a: Smeargle|spe|2\n|cant|p1a: Giratina|slp\n|\n|-damage|p2a: Smeargle|83\/100 tox|[from] psn\n|-ability|p2a: Smeargle|Moody|boost\n|-boost|p2a: Smeargle|spa|2\n|-unboost|p2a: Smeargle|def|1\n|upkeep\n|turn|25\n|\n|t:|1699048016\n|move|p2a: Smeargle|Power Trip|p1a: Giratina\n|-supereffective|p1a: Giratina\n|-damage|p1a: Giratina|0 fnt\n|faint|p1a: Giratina\n|\n|-damage|p2a: Smeargle|65\/100 tox|[from] psn\n|-ability|p2a: Smeargle|Moody|boost\n|-boost|p2a: Smeargle|def|2\n|-unboost|p2a: Smeargle|spe|1\n|upkeep\n|\n|t:|1699048025\n|switch|p1a: Rayquaza|Rayquaza, shiny|100\/100\n|-ability|p1a: Rayquaza|Air Lock\n|turn|26\n|\n|t:|1699048030\n|-terastallize|p1a: Rayquaza|Dragon\n|move|p2a: Smeargle|Spore|p1a: Rayquaza\n|-status|p1a: Rayquaza|slp|[from] move: Spore\n|cant|p1a: Rayquaza|slp\n|\n|-damage|p2a: Smeargle|41\/100 tox|[from] psn\n|-ability|p2a: Smeargle|Moody|boost\n|-boost|p2a: Smeargle|atk|2\n|-unboost|p2a: Smeargle|spa|1\n|upkeep\n|turn|27\n|\n|t:|1699048041\n|move|p2a: Smeargle|Power Trip|p1a: Rayquaza\n|-damage|p1a: Rayquaza|3\/100 slp\n|cant|p1a: Rayquaza|slp\n|\n|-heal|p1a: Rayquaza|9\/100 slp|[from] item: Leftovers\n|-damage|p2a: Smeargle|11\/100 tox|[from] psn\n|-ability|p2a: Smeargle|Moody|boost\n|-boost|p2a: Smeargle|spe|2\n|-unboost|p2a: Smeargle|atk|1\n|upkeep\n|turn|28\n|\n|t:|1699048052\n|move|p2a: Smeargle|Power Trip|p1a: Rayquaza\n|-damage|p1a: Rayquaza|0 fnt\n|faint|p1a: Rayquaza\n|\n|-damage|p2a: Smeargle|0 fnt|[from] psn\n|faint|p2a: Smeargle\n|upkeep\n|l|\u2606Urfavegirly\n|inactive|Urfavegirly disconnected and has a minute to reconnect!\n|player|p1|\n|inactive|Tourettediccoes has 120 seconds left.\n|\n|t:|1699048088\n|switch|p1a: Zygarde|Zygarde, shiny|100\/100\n|switch|p2a: Whimsicott|Whimsicott, L1, M|100\/100\n|-status|p2a: Whimsicott|tox\n|turn|29\n|inactive|Urfavegirly has 30 seconds to reconnect!\n|inactive|Urfavegirly has 20 seconds to reconnect!\n|inactive|Urfavegirly has 15 seconds to reconnect!\n|inactive|Urfavegirly has 10 seconds to reconnect!\n|inactive|Urfavegirly has 5 seconds to reconnect!\n|-message|Urfavegirly lost due to inactivity.\n|\n|win|Tourettediccoes\n|raw|Urfavegirly's rating: 1111 &rarr; <strong>1091<\/strong><br \/>(-20 for losing)\n|raw|Tourettediccoes's rating: 1188 &rarr; <strong>1208<\/strong><br \/>(+20 for winning)\n","uploadtime":1699047702,"views":4,"p1id":"urfavegirly","p2id":"tourettediccoes","formatid":"gen9nationaldexubers","rating":1091,"private":0,"password":""}