{"id":"gen9nationaldexubers-1988676252","p1":"Trail Beats Rock","p2":"Nutty_Nutz","format":"[Gen 9] National Dex Ubers","log":"|j|\u2606Trail Beats Rock\n|j|\u2606Nutty_Nutz\n|t:|1699749337\n|gametype|singles\n|player|p1|Trail Beats Rock|red|\n|player|p2|Nutty_Nutz|102|\n|teamsize|p1|6\n|teamsize|p2|6\n|gen|9\n|tier|[Gen 9] National Dex Ubers\n|rule|HP Percentage Mod: HP is shown in percentages\n|rule|Endless Battle Clause: Forcing endless battles is banned\n|rule|OHKO Clause: OHKO moves are banned\n|rule|Evasion Moves Clause: Evasion moves are banned\n|rule|Evasion Items Clause: Evasion items are banned\n|rule|Species Clause: Limit one of each Pok\u00e9mon\n|rule|Sleep Clause Mod: Limit one foe put to sleep\n|rule|Mega Rayquaza Clause: You cannot mega evolve Rayquaza\n|clearpoke\n|poke|p1|Infernape, F|\n|poke|p1|Greninja-*, M|\n|poke|p1|Latias, F|\n|poke|p1|Mismagius, M|\n|poke|p1|Dachsbun, M|\n|poke|p1|Scizor, M|\n|poke|p2|Yanmega, F|\n|poke|p2|Goodra, F|\n|poke|p2|Umbreon, F|\n|poke|p2|Marowak-Alola, F|\n|poke|p2|Chandelure, M|\n|poke|p2|Espathra, F|\n|teampreview\n|inactive|Battle timer is ON: inactive players will automatically lose when time's up. (requested by Trail Beats Rock)\n|\n|t:|1699749349\n|start\n|switch|p1a: Greninja|Greninja, M|100\/100\n|switch|p2a: Yanmega|Yanmega, F|100\/100\n|turn|1\n|\n|t:|1699749359\n|switch|p1a: Scizor|Scizor, M|100\/100\n|move|p2a: Yanmega|Tailwind|p2a: Yanmega\n|-sidestart|p2: Nutty_Nutz|move: Tailwind\n|\n|upkeep\n|turn|2\n|\n|t:|1699749368\n|move|p2a: Yanmega|Hidden Power|p1a: Scizor\n|-supereffective|p1a: Scizor\n|-crit|p1a: Scizor\n|-damage|p1a: Scizor|0 fnt\n|faint|p1a: Scizor\n|\n|upkeep\n|\n|t:|1699749390\n|switch|p1a: Latias|Latias, F|100\/100\n|turn|3\n|inactive|Nutty_Nutz has 270 seconds left.\n|\n|t:|1699749425\n|move|p2a: Yanmega|Bug Buzz|p1a: Latias\n|-supereffective|p1a: Latias\n|-damage|p1a: Latias|30\/100\n|move|p1a: Latias|Calm Mind|p1a: Latias\n|-boost|p1a: Latias|spa|1\n|-boost|p1a: Latias|spd|1\n|\n|-heal|p1a: Latias|36\/100|[from] item: Leftovers\n|upkeep\n|turn|4\n|\n|t:|1699749436\n|switch|p1a: Mismagius|Mismagius, M|100\/100\n|move|p2a: Yanmega|Bug Buzz|p1a: Mismagius\n|-resisted|p1a: Mismagius\n|-damage|p1a: Mismagius|53\/100\n|-unboost|p1a: Mismagius|spd|1\n|\n|-heal|p1a: Mismagius|59\/100|[from] item: Leftovers\n|-sideend|p2: Nutty_Nutz|move: Tailwind\n|upkeep\n|turn|5\n|\n|t:|1699749446\n|switch|p2a: Chandelure|Chandelure, M|100\/100\n|move|p1a: Mismagius|Toxic|p2a: Chandelure\n|-status|p2a: Chandelure|tox\n|\n|-heal|p1a: Mismagius|65\/100|[from] item: Leftovers\n|-damage|p2a: Chandelure|94\/100 tox|[from] psn\n|upkeep\n|turn|6\n|\n|t:|1699749453\n|move|p1a: Mismagius|Protect|p1a: Mismagius\n|-singleturn|p1a: Mismagius|Protect\n|move|p2a: Chandelure|Trick Room|p2a: Chandelure\n|-fieldstart|move: Trick Room|[of] p2a: Chandelure\n|\n|-heal|p1a: Mismagius|71\/100|[from] item: Leftovers\n|-damage|p2a: Chandelure|82\/100 tox|[from] psn\n|upkeep\n|turn|7\n|\n|t:|1699749459\n|move|p2a: Chandelure|Memento|p1a: Mismagius\n|-unboost|p1a: Mismagius|atk|2\n|-unboost|p1a: Mismagius|spa|2\n|faint|p2a: Chandelure\n|move|p1a: Mismagius|Mean Look|p2: Chandelure|[notarget]\n|-fail|p1a: Mismagius\n|\n|-heal|p1a: Mismagius|78\/100|[from] item: Leftovers\n|upkeep\n|\n|t:|1699749474\n|switch|p2a: Marowak|Marowak-Alola, F|100\/100\n|turn|8\n|\n|t:|1699749480\n|move|p1a: Mismagius|Protect|p1a: Mismagius\n|-singleturn|p1a: Mismagius|Protect\n|move|p2a: Marowak|Poltergeist|p1a: Mismagius\n|-activate|p1a: Mismagius|move: Protect\n|\n|-heal|p1a: Mismagius|84\/100|[from] item: Leftovers\n|upkeep\n|turn|9\n|\n|t:|1699749491\n|move|p2a: Marowak|Thunder Punch|p1a: Mismagius\n|-damage|p1a: Mismagius|17\/100\n|move|p1a: Mismagius|Toxic|p2a: Marowak\n|-status|p2a: Marowak|tox\n|\n|-heal|p1a: Mismagius|23\/100|[from] item: Leftovers\n|-damage|p2a: Marowak|94\/100 tox|[from] psn\n|upkeep\n|turn|10\n|\n|t:|1699749495\n|move|p1a: Mismagius|Protect|p1a: Mismagius\n|-singleturn|p1a: Mismagius|Protect\n|move|p2a: Marowak|Thunder Punch|p1a: Mismagius\n|-activate|p1a: Mismagius|move: Protect\n|\n|-heal|p1a: Mismagius|29\/100|[from] item: Leftovers\n|-damage|p2a: Marowak|82\/100 tox|[from] psn\n|-fieldend|move: Trick Room\n|upkeep\n|turn|11\n|\n|t:|1699749503\n|switch|p1a: Dachsbun|Dachsbun, M|100\/100\n|move|p2a: Marowak|Poltergeist|p1a: Dachsbun\n|-activate|p1a: Dachsbun|move: Poltergeist|Rocky Helmet\n|-damage|p1a: Dachsbun|34\/100\n|\n|-damage|p2a: Marowak|63\/100 tox|[from] psn\n|upkeep\n|turn|12\n|\n|t:|1699749512\n|move|p1a: Dachsbun|Protect|p1a: Dachsbun\n|-singleturn|p1a: Dachsbun|Protect\n|move|p2a: Marowak|Poltergeist|p1a: Dachsbun\n|-activate|p1a: Dachsbun|move: Protect\n|\n|-damage|p2a: Marowak|39\/100 tox|[from] psn\n|upkeep\n|turn|13\n|\n|t:|1699749518\n|switch|p1a: Mismagius|Mismagius, M|29\/100\n|move|p2a: Marowak|Poltergeist|p1a: Mismagius\n|-activate|p1a: Mismagius|move: Poltergeist|Leftovers\n|-supereffective|p1a: Mismagius\n|-damage|p1a: Mismagius|0 fnt\n|faint|p1a: Mismagius\n|\n|-damage|p2a: Marowak|8\/100 tox|[from] psn\n|upkeep\n|\n|t:|1699749542\n|switch|p1a: Greninja|Greninja, M|100\/100\n|turn|14\n|j| Jutao0\n|\n|t:|1699749567\n|switch|p2a: Umbreon|Umbreon, F|100\/100\n|move|p1a: Greninja|Ice Beam|p2a: Umbreon\n|-start|p1a: Greninja|typechange|Ice|[from] ability: Protean\n|-damage|p2a: Umbreon|69\/100\n|\n|-heal|p2a: Umbreon|75\/100|[from] item: Leftovers\n|upkeep\n|turn|15\n|\n|t:|1699749584\n|switch|p1a: Dachsbun|Dachsbun, M|34\/100\n|move|p2a: Umbreon|Wish|p2a: Umbreon\n|\n|-heal|p2a: Umbreon|81\/100|[from] item: Leftovers\n|upkeep\n|turn|16\n|\n|t:|1699749590\n|switch|p2a: Marowak|Marowak-Alola, F|8\/100 tox\n|move|p1a: Dachsbun|Wish|p1a: Dachsbun\n|\n|-heal|p2a: Marowak|69\/100 tox|[from] move: Wish|[wisher] Umbreon\n|-damage|p2a: Marowak|63\/100 tox|[from] psn\n|upkeep\n|turn|17\n|\n|t:|1699749597\n|move|p1a: Dachsbun|Protect|p1a: Dachsbun\n|-singleturn|p1a: Dachsbun|Protect\n|move|p2a: Marowak|Poltergeist|p1a: Dachsbun\n|-activate|p1a: Dachsbun|move: Protect\n|\n|-heal|p1a: Dachsbun|84\/100|[from] move: Wish|[wisher] Dachsbun\n|-damage|p2a: Marowak|50\/100 tox|[from] psn\n|upkeep\n|turn|18\n|\n|t:|1699749603\n|move|p1a: Dachsbun|Wish|p1a: Dachsbun\n|move|p2a: Marowak|Poltergeist|p1a: Dachsbun|[miss]\n|-miss|p2a: Marowak|p1a: Dachsbun\n|\n|-damage|p2a: Marowak|32\/100 tox|[from] psn\n|upkeep\n|turn|19\n|\n|t:|1699749607\n|switch|p2a: Umbreon|Umbreon, F|81\/100\n|move|p1a: Dachsbun|Protect||[still]\n|-fail|p1a: Dachsbun\n|\n|-heal|p1a: Dachsbun|100\/100|[from] move: Wish|[wisher] Dachsbun\n|-heal|p2a: Umbreon|87\/100|[from] item: Leftovers\n|upkeep\n|turn|20\n|\n|t:|1699749614\n|move|p1a: Dachsbun|Body Press|p2a: Umbreon\n|-supereffective|p2a: Umbreon\n|-damage|p2a: Umbreon|39\/100\n|move|p2a: Umbreon|Toxic|p1a: Dachsbun\n|-status|p1a: Dachsbun|tox\n|\n|-heal|p2a: Umbreon|45\/100|[from] item: Leftovers\n|-damage|p1a: Dachsbun|95\/100 tox|[from] psn\n|upkeep\n|turn|21\n|\n|t:|1699749622\n|move|p2a: Umbreon|Protect|p2a: Umbreon\n|-singleturn|p2a: Umbreon|Protect\n|move|p1a: Dachsbun|Play Rough|p2a: Umbreon\n|-activate|p2a: Umbreon|move: Protect\n|\n|-heal|p2a: Umbreon|51\/100|[from] item: Leftovers\n|-damage|p1a: Dachsbun|83\/100 tox|[from] psn\n|upkeep\n|turn|22\n|\n|t:|1699749633\n|switch|p2a: Marowak|Marowak-Alola, F|32\/100 tox\n|move|p1a: Dachsbun|Play Rough|p2a: Marowak\n|-resisted|p2a: Marowak\n|-damage|p2a: Marowak|19\/100 tox\n|\n|-damage|p1a: Dachsbun|65\/100 tox|[from] psn\n|-damage|p2a: Marowak|13\/100 tox|[from] psn\n|upkeep\n|turn|23\n|\n|t:|1699749638\n|move|p1a: Dachsbun|Protect|p1a: Dachsbun\n|-singleturn|p1a: Dachsbun|Protect\n|move|p2a: Marowak|Poltergeist|p1a: Dachsbun\n|-activate|p1a: Dachsbun|move: Protect\n|\n|-damage|p1a: Dachsbun|41\/100 tox|[from] psn\n|-damage|p2a: Marowak|0 fnt|[from] psn\n|faint|p2a: Marowak\n|upkeep\n|\n|t:|1699749658\n|switch|p2a: Espathra|Espathra, F|100\/100\n|turn|24\n|\n|t:|1699749676\n|move|p2a: Espathra|Calm Mind|p2a: Espathra\n|-boost|p2a: Espathra|spa|1\n|-boost|p2a: Espathra|spd|1\n|move|p1a: Dachsbun|Play Rough|p2a: Espathra\n|-damage|p2a: Espathra|73\/100\n|\n|-heal|p2a: Espathra|79\/100|[from] item: Leftovers\n|-damage|p1a: Dachsbun|11\/100 tox|[from] psn\n|-ability|p2a: Espathra|Speed Boost|boost\n|-boost|p2a: Espathra|spe|1\n|upkeep\n|turn|25\n|\n|t:|1699749688\n|move|p2a: Espathra|Calm Mind|p2a: Espathra\n|-boost|p2a: Espathra|spa|1\n|-boost|p2a: Espathra|spd|1\n|move|p1a: Dachsbun|Wish|p1a: Dachsbun\n|\n|-heal|p2a: Espathra|85\/100|[from] item: Leftovers\n|-damage|p1a: Dachsbun|0 fnt|[from] psn\n|faint|p1a: Dachsbun\n|-ability|p2a: Espathra|Speed Boost|boost\n|-boost|p2a: Espathra|spe|1\n|upkeep\n|\n|t:|1699749704\n|switch|p1a: Latias|Latias, F|36\/100\n|turn|26\n|\n|t:|1699749718\n|move|p2a: Espathra|Dazzling Gleam|p1a: Latias\n|-supereffective|p1a: Latias\n|-damage|p1a: Latias|0 fnt\n|faint|p1a: Latias\n|\n|-heal|p2a: Espathra|91\/100|[from] item: Leftovers\n|-ability|p2a: Espathra|Speed Boost|boost\n|-boost|p2a: Espathra|spe|1\n|upkeep\n|\n|t:|1699749724\n|switch|p1a: Infernape|Infernape, F|100\/100\n|turn|27\n|\n|t:|1699749729\n|move|p2a: Espathra|Stored Power|p1a: Infernape\n|-supereffective|p1a: Infernape\n|-damage|p1a: Infernape|0 fnt\n|faint|p1a: Infernape\n|\n|-heal|p2a: Espathra|97\/100|[from] item: Leftovers\n|-ability|p2a: Espathra|Speed Boost|boost\n|-boost|p2a: Espathra|spe|1\n|upkeep\n|\n|t:|1699749731\n|switch|p1a: Greninja|Greninja, M|100\/100\n|turn|28\n|\n|t:|1699749734\n|move|p2a: Espathra|Dazzling Gleam|p1a: Greninja\n|-supereffective|p1a: Greninja\n|-damage|p1a: Greninja|0 fnt\n|faint|p1a: Greninja\n|\n|win|Nutty_Nutz\n|l| Jutao0\n","uploadtime":1699749741,"views":20,"p1id":"trailbeatsrock","p2id":"nuttynutz","formatid":"gen9nationaldexubers","rating":0,"private":0,"password":""}