{"id":"gen9nationaldexubers-1979699766","p1":"MiniBearGrahams","p2":"CelestialSquidKid","format":"[Gen 9] National Dex Ubers","log":"|j|\u2606MiniBearGrahams\n|j|\u2606CelestialSquidKid\n|t:|1698704474\n|gametype|singles\n|player|p1|MiniBearGrahams|zinnia|\n|player|p2|CelestialSquidKid|102|\n|teamsize|p1|6\n|teamsize|p2|6\n|gen|9\n|tier|[Gen 9] National Dex Ubers\n|rule|HP Percentage Mod: HP is shown in percentages\n|rule|Endless Battle Clause: Forcing endless battles is banned\n|rule|OHKO Clause: OHKO moves are banned\n|rule|Evasion Moves Clause: Evasion moves are banned\n|rule|Evasion Items Clause: Evasion items are banned\n|rule|Species Clause: Limit one of each Pok\u00e9mon\n|rule|Sleep Clause Mod: Limit one foe put to sleep\n|rule|Mega Rayquaza Clause: You cannot mega evolve Rayquaza\n|clearpoke\n|poke|p1|Cinderace, F|\n|poke|p1|Illumise, F|\n|poke|p1|Serperior, F|\n|poke|p1|Medicham, F|\n|poke|p1|Zapdos|\n|poke|p1|Mesprit|\n|poke|p2|Mamoswine, F|\n|poke|p2|Ferrothorn, M|\n|poke|p2|Togekiss, F|\n|poke|p2|Pelipper, M|\n|poke|p2|Thundurus-Therian, M|\n|poke|p2|Swampert, M|\n|teampreview\n|j| Smackey_5\n|j| Lunar Sloth\n|c| Smackey_5|First\n|c| Lunar Sloth|the illumise\n|j| VoIteon\n|c|\u2606MiniBearGrahams|we can wait a min or two\n|j| Demolution545\n|c|\u2606CelestialSquidKid|that's fine\n|c|\u2606CelestialSquidKid|I got my mon picked\n|c|\u2606MiniBearGrahams|kk ill just pick in a minute\n|j| ZBFusion\n|c|\u2606MiniBearGrahams|glhf\n|\n|t:|1698704645\n|start\n|switch|p1a: iphone 14|Cinderace, F|100\/100\n|switch|p2a: Mamoswine|Mamoswine, F|100\/100\n|turn|1\n|c|\u2606CelestialSquidKid|gl\n|l| Demolution545\n|\n|t:|1698704689\n|move|p1a: iphone 14|Pyro Ball|p2a: Mamoswine\n|-supereffective|p2a: Mamoswine\n|-damage|p2a: Mamoswine|20\/100\n|-damage|p1a: iphone 14|91\/100|[from] item: Life Orb\n|move|p2a: Mamoswine|Earthquake|p1a: iphone 14\n|-supereffective|p1a: iphone 14\n|-damage|p1a: iphone 14|0 fnt\n|faint|p1a: iphone 14\n|\n|upkeep\n|\n|t:|1698704728\n|switch|p1a: ken carson|Serperior, F|100\/100\n|turn|2\n|\n|t:|1698704740\n|switch|p2a: Ferrothorn|Ferrothorn, M|100\/100\n|move|p1a: ken carson|Leaf Storm|p2a: Ferrothorn\n|-resisted|p2a: Ferrothorn\n|-damage|p2a: Ferrothorn|91\/100\n|-boost|p1a: ken carson|spa|2\n|\n|-heal|p2a: Ferrothorn|97\/100|[from] item: Leftovers\n|upkeep\n|turn|3\n|\n|t:|1698704774\n|move|p1a: ken carson|Glare|p2a: Ferrothorn\n|-status|p2a: Ferrothorn|par\n|cant|p2a: Ferrothorn|par\n|\n|-heal|p2a: Ferrothorn|100\/100 par|[from] item: Leftovers\n|upkeep\n|turn|4\n|c| Smackey_5|Cheese\n|j| Demolution545\n|\n|t:|1698704791\n|move|p1a: ken carson|Substitute|p1a: ken carson\n|-start|p1a: ken carson|Substitute\n|-damage|p1a: ken carson|76\/100\n|move|p2a: Ferrothorn|Thunder Wave||[still]\n|-fail|p2a: Ferrothorn\n|\n|-heal|p1a: ken carson|82\/100|[from] item: Leftovers\n|upkeep\n|turn|5\n|c| ZBFusion|Serperior my GOAT\n|\n|t:|1698704811\n|move|p1a: ken carson|Leaf Storm|p2a: Ferrothorn\n|-resisted|p2a: Ferrothorn\n|-damage|p2a: Ferrothorn|81\/100 par\n|-boost|p1a: ken carson|spa|2\n|move|p2a: Ferrothorn|Gyro Ball|p1a: ken carson\n|-end|p1a: ken carson|Substitute\n|\n|-heal|p1a: ken carson|88\/100|[from] item: Leftovers\n|-heal|p2a: Ferrothorn|87\/100 par|[from] item: Leftovers\n|upkeep\n|turn|6\n|\n|t:|1698704850\n|move|p1a: ken carson|Substitute|p1a: ken carson\n|-start|p1a: ken carson|Substitute\n|-damage|p1a: ken carson|63\/100\n|move|p2a: Ferrothorn|Gyro Ball|p1a: ken carson\n|-end|p1a: ken carson|Substitute\n|\n|-heal|p1a: ken carson|69\/100|[from] item: Leftovers\n|-heal|p2a: Ferrothorn|94\/100 par|[from] item: Leftovers\n|upkeep\n|turn|7\n|l| VoIteon\n|\n|t:|1698704890\n|move|p1a: ken carson|Leaf Storm|p2a: Ferrothorn\n|-resisted|p2a: Ferrothorn\n|-damage|p2a: Ferrothorn|65\/100 par\n|-boost|p1a: ken carson|spa|2\n|move|p2a: Ferrothorn|Stealth Rock|p1a: ken carson\n|-sidestart|p1: MiniBearGrahams|move: Stealth Rock\n|\n|-heal|p1a: ken carson|75\/100|[from] item: Leftovers\n|-heal|p2a: Ferrothorn|72\/100 par|[from] item: Leftovers\n|upkeep\n|turn|8\n|l| Demolution545\n|\n|t:|1698704921\n|switch|p2a: Togekiss|Togekiss, F|100\/100\n|move|p1a: ken carson|Substitute|p1a: ken carson\n|-start|p1a: ken carson|Substitute\n|-damage|p1a: ken carson|50\/100\n|\n|-heal|p1a: ken carson|56\/100|[from] item: Leftovers\n|upkeep\n|turn|9\n|j| Demolution545\n|j| VoIteon\n|\n|t:|1698704941\n|-terastallize|p1a: ken carson|Normal\n|move|p1a: ken carson|Wring Out|p2a: Togekiss\n|-damage|p2a: Togekiss|0 fnt\n|faint|p2a: Togekiss\n|\n|-heal|p1a: ken carson|62\/100|[from] item: Leftovers\n|upkeep\n|c| Lunar Sloth|the wring out\n|c| VoIteon|Holy\n|c| VoIteon|Its joever\n|c| VoIteon|Gg go next\n|\n|t:|1698704992\n|switch|p2a: Thundurus|Thundurus-Therian, M|100\/100\n|turn|10\n|c| ZBFusion|this is quite a precarious situation\n|c|\u2606CelestialSquidKid|is wring out dark\n|c| ZBFusion|normal\n|c| Lunar Sloth|normal\n|\n|t:|1698705014\n|move|p1a: ken carson|Wring Out|p2a: Thundurus\n|-damage|p2a: Thundurus|0 fnt\n|faint|p2a: Thundurus\n|\n|-heal|p1a: ken carson|68\/100|[from] item: Leftovers\n|upkeep\n|\n|t:|1698705026\n|switch|p2a: Pelipper|Pelipper, M|100\/100\n|-weather|RainDance|[from] ability: Drizzle|[of] p2a: Pelipper\n|turn|11\n|\n|t:|1698705039\n|-terastallize|p2a: Pelipper|Electric\n|move|p1a: ken carson|Wring Out|p2a: Pelipper\n|-crit|p2a: Pelipper\n|-damage|p2a: Pelipper|0 fnt\n|faint|p2a: Pelipper\n|\n|-weather|RainDance|[upkeep]\n|-heal|p1a: ken carson|74\/100|[from] item: Leftovers\n|upkeep\n|c| Lunar Sloth|i did not expect a wring out sweep i will say that\n|c|\u2606CelestialSquidKid|glare cheese would've been para\n|c| VoIteon|I never seen a wring out sweep in my life\n|\n|t:|1698705064\n|switch|p2a: Swampert|Swampert, M|100\/100\n|turn|12\n|\n|t:|1698705081\n|detailschange|p2a: Swampert|Swampert-Mega, M\n|-mega|p2a: Swampert|Swampert|Swampertite\n|move|p2a: Swampert|Ice Punch|p1a: ken carson\n|-end|p1a: ken carson|Substitute\n|move|p1a: ken carson|Leaf Storm|p2a: Swampert\n|-supereffective|p2a: Swampert\n|-damage|p2a: Swampert|0 fnt\n|faint|p2a: Swampert\n|\n|-weather|RainDance|[upkeep]\n|-heal|p1a: ken carson|80\/100|[from] item: Leftovers\n|upkeep\n|c| Lunar Sloth|that most dead swampert in the history of pokemon\n|\n|t:|1698705097\n|switch|p2a: Ferrothorn|Ferrothorn, M|72\/100 par\n|turn|13\n|c|\u2606MiniBearGrahams|damage calc says 636%\n|\n|t:|1698705116\n|move|p1a: ken carson|Wring Out|p2a: Ferrothorn\n|-resisted|p2a: Ferrothorn\n|-damage|p2a: Ferrothorn|18\/100 par\n|-damage|p1a: ken carson|67\/100|[from] ability: Iron Barbs|[of] p2a: Ferrothorn\n|cant|p2a: Ferrothorn|par\n|\n|-weather|RainDance|[upkeep]\n|-heal|p1a: ken carson|73\/100|[from] item: Leftovers\n|-heal|p2a: Ferrothorn|25\/100 par|[from] item: Leftovers\n|upkeep\n|turn|14\n|c| Smackey_5|Good thing you calced it\n|c| Lunar Sloth|wring out is contact?\n|c|\u2606CelestialSquidKid|i saw your team had insane speed\n|c| Lunar Sloth|thats funny\n|c|\u2606MiniBearGrahams|yeah it is\n|\n|t:|1698705136\n|move|p1a: ken carson|Leaf Storm|p2a: Ferrothorn\n|-resisted|p2a: Ferrothorn\n|-damage|p2a: Ferrothorn|0 fnt\n|faint|p2a: Ferrothorn\n|\n|-weather|RainDance|[upkeep]\n|-heal|p1a: ken carson|79\/100|[from] item: Leftovers\n|upkeep\n|c|\u2606CelestialSquidKid|insane thorn turns\n|\n|t:|1698705147\n|switch|p2a: Mamoswine|Mamoswine, F|20\/100\n|turn|15\n|\n|t:|1698705161\n|move|p2a: Mamoswine|Ice Shard|p1a: ken carson\n|-damage|p1a: ken carson|52\/100\n|move|p1a: ken carson|Wring Out|p2a: Mamoswine\n|-damage|p2a: Mamoswine|0 fnt\n|faint|p2a: Mamoswine\n|\n|win|MiniBearGrahams\n|c| ZBFusion|welp\n|c|\u2606CelestialSquidKid|nah run that back\n|c|\u2606MiniBearGrahams|LOL\n|l|\u2606CelestialSquidKid\n|l|\u2606MiniBearGrahams\n|l| Smackey_5\n|j|\u2606MiniBearGrahams\n|player|p1|MiniBearGrahams|zinnia\n|l| ZBFusion\n","uploadtime":1698705191,"views":17,"p1id":"minibeargrahams","p2id":"celestialsquidkid","formatid":"gen9nationaldexubers","rating":0,"private":0,"password":""}