{"id":"gen9nationaldexubers-1982143669","p1":"masterbharath","p2":"aguinaldo124","format":"[Gen 9] National Dex Ubers","log":"|j|\u2606masterbharath\n|j|\u2606aguinaldo124\n|t:|1698972349\n|gametype|singles\n|player|p1|masterbharath|265|1240\n|player|p2|aguinaldo124|red|1204\n|teamsize|p1|6\n|teamsize|p2|6\n|gen|9\n|tier|[Gen 9] National Dex Ubers\n|rated|\n|rule|HP Percentage Mod: HP is shown in percentages\n|rule|Endless Battle Clause: Forcing endless battles is banned\n|rule|OHKO Clause: OHKO moves are banned\n|rule|Evasion Moves Clause: Evasion moves are banned\n|rule|Evasion Items Clause: Evasion items are banned\n|rule|Species Clause: Limit one of each Pok\u00e9mon\n|rule|Sleep Clause Mod: Limit one foe put to sleep\n|rule|Mega Rayquaza Clause: You cannot mega evolve Rayquaza\n|clearpoke\n|poke|p1|Glimmora, M|\n|poke|p1|Celesteela|\n|poke|p1|Xerneas-*|\n|poke|p1|Urshifu-*, M|\n|poke|p1|Pyukumuku, M|\n|poke|p1|Dragonite, M|\n|poke|p2|Flutter Mane|\n|poke|p2|Banette, F|\n|poke|p2|Aegislash, M|\n|poke|p2|Gourgeist-*, F|\n|poke|p2|Annihilape, M|\n|poke|p2|Skeledirge, M|\n|teampreview\n|inactive|Battle timer is ON: inactive players will automatically lose when time's up. (requested by aguinaldo124)\n|\n|t:|1698972380\n|start\n|switch|p1a: Glimmora|Glimmora, M|100\/100\n|switch|p2a: Xotacabeluda|Gourgeist, F|100\/100\n|-item|p1a: Glimmora|Focus Sash|[from] ability: Frisk|[of] p2a: Xotacabeluda|[identify]\n|turn|1\n|\n|t:|1698972390\n|move|p1a: Glimmora|Mortal Spin|p2a: Xotacabeluda\n|-damage|p2a: Xotacabeluda|95\/100\n|-status|p2a: Xotacabeluda|psn\n|-zpower|p2a: Xotacabeluda\n|move|p2a: Xotacabeluda|Z-Trick-or-Treat|p1a: Glimmora|[anim]Trick-or-Treat\n|-boost|p2a: Xotacabeluda|atk|1|[zeffect]\n|-boost|p2a: Xotacabeluda|def|1|[zeffect]\n|-boost|p2a: Xotacabeluda|spa|1|[zeffect]\n|-boost|p2a: Xotacabeluda|spd|1|[zeffect]\n|-boost|p2a: Xotacabeluda|spe|1|[zeffect]\n|-start|p1a: Glimmora|typeadd|Ghost|[from] move: Trick-or-Treat\n|\n|-damage|p2a: Xotacabeluda|82\/100 psn|[from] psn\n|upkeep\n|turn|2\n|\n|t:|1698972407\n|move|p2a: Xotacabeluda|Flame Charge|p1a: Glimmora\n|-resisted|p1a: Glimmora\n|-damage|p1a: Glimmora|87\/100\n|-boost|p2a: Xotacabeluda|spe|1\n|-activate|p1a: Glimmora|ability: Toxic Debris\n|-sidestart|p2: aguinaldo124|move: Toxic Spikes\n|move|p1a: Glimmora|Toxic Spikes|p2a: Xotacabeluda\n|-sidestart|p2: aguinaldo124|move: Toxic Spikes\n|\n|-damage|p2a: Xotacabeluda|70\/100 psn|[from] psn\n|upkeep\n|turn|3\n|c|\u2606aguinaldo124|Just why using T spikes on glimmora?\n|\n|t:|1698972428\n|move|p2a: Xotacabeluda|Poltergeist|p1a: Glimmora\n|-activate|p1a: Glimmora|move: Poltergeist|Focus Sash\n|-supereffective|p1a: Glimmora\n|-damage|p1a: Glimmora|0 fnt\n|faint|p1a: Glimmora\n|\n|-damage|p2a: Xotacabeluda|58\/100 psn|[from] psn\n|upkeep\n|\n|t:|1698972438\n|switch|p1a: Celesteela|Celesteela|100\/100\n|turn|4\n|\n|t:|1698972442\n|move|p2a: Xotacabeluda|Poltergeist|p1a: Celesteela\n|-activate|p1a: Celesteela|move: Poltergeist|Leftovers\n|-damage|p1a: Celesteela|49\/100\n|move|p1a: Celesteela|Flamethrower|p2a: Xotacabeluda\n|-supereffective|p2a: Xotacabeluda\n|-damage|p2a: Xotacabeluda|14\/100 psn\n|\n|-heal|p1a: Celesteela|55\/100|[from] item: Leftovers\n|-damage|p2a: Xotacabeluda|2\/100 psn|[from] psn\n|upkeep\n|turn|5\n|c|\u2606masterbharath|y noot\n|\n|t:|1698972453\n|move|p1a: Celesteela|Protect|p1a: Celesteela\n|-singleturn|p1a: Celesteela|Protect\n|move|p2a: Xotacabeluda|Poltergeist|p1a: Celesteela\n|-activate|p1a: Celesteela|move: Protect\n|\n|-heal|p1a: Celesteela|61\/100|[from] item: Leftovers\n|-damage|p2a: Xotacabeluda|0 fnt|[from] psn\n|faint|p2a: Xotacabeluda\n|upkeep\n|c|\u2606aguinaldo124|Like his abillity already do it\n|\n|t:|1698972477\n|switch|p2a: Minha pomba|Aegislash, M|100\/100\n|turn|6\n|c|\u2606masterbharath|ik\n|c|\u2606masterbharath|but usually cant use it twice\n|\n|t:|1698972492\n|move|p2a: Minha pomba|Swords Dance|p2a: Minha pomba\n|-boost|p2a: Minha pomba|atk|2\n|move|p1a: Celesteela|Leech Seed|p2a: Minha pomba\n|-start|p2a: Minha pomba|move: Leech Seed\n|\n|-heal|p1a: Celesteela|67\/100|[from] item: Leftovers\n|-damage|p2a: Minha pomba|88\/100|[from] Leech Seed|[of] p1a: Celesteela\n|-heal|p1a: Celesteela|77\/100|[silent]\n|upkeep\n|turn|7\n|\n|t:|1698972502\n|move|p1a: Celesteela|Protect|p1a: Celesteela\n|-singleturn|p1a: Celesteela|Protect\n|move|p2a: Minha pomba|Swords Dance|p2a: Minha pomba\n|-boost|p2a: Minha pomba|atk|2\n|\n|-heal|p1a: Celesteela|83\/100|[from] item: Leftovers\n|-damage|p2a: Minha pomba|76\/100|[from] Leech Seed|[of] p1a: Celesteela\n|-heal|p1a: Celesteela|93\/100|[silent]\n|upkeep\n|turn|8\n|\n|t:|1698972513\n|-formechange|p2a: Minha pomba|Aegislash-Blade||[from] ability: Stance Change\n|move|p2a: Minha pomba|Shadow Sneak|p1a: Celesteela\n|-damage|p1a: Celesteela|16\/100\n|move|p1a: Celesteela|Flamethrower|p2a: Minha pomba\n|-supereffective|p2a: Minha pomba\n|-damage|p2a: Minha pomba|0 fnt\n|faint|p2a: Minha pomba\n|-ability|p1a: Celesteela|Beast Boost|boost\n|-boost|p1a: Celesteela|spd|1\n|\n|-heal|p1a: Celesteela|22\/100|[from] item: Leftovers\n|upkeep\n|c|\u2606aguinaldo124|Celesteela is so annoying dude\n|inactive|aguinaldo124 has 120 seconds left.\n|c|\u2606masterbharath|yee\n|\n|t:|1698972542\n|switch|p2a: Gay-mega|Banette, F|100\/100\n|-status|p2a: Gay-mega|tox\n|-item|p1a: Celesteela|Leftovers|[from] ability: Frisk|[of] p2a: Gay-mega|[identify]\n|turn|9\n|c|\u2606masterbharath|thats why i have him :)\n|inactive|aguinaldo124 has 120 seconds left.\n|\n|t:|1698972551\n|detailschange|p2a: Gay-mega|Banette-Mega, F\n|-mega|p2a: Gay-mega|Banette|Banettite\n|move|p2a: Gay-mega|Poltergeist|p1a: Celesteela\n|-activate|p1a: Celesteela|move: Poltergeist|Leftovers\n|-damage|p1a: Celesteela|0 fnt\n|faint|p1a: Celesteela\n|\n|-damage|p2a: Gay-mega|94\/100 tox|[from] psn\n|upkeep\n|\n|t:|1698972559\n|switch|p1a: Urshifu|Urshifu, M|100\/100\n|turn|10\n|\n|t:|1698972567\n|move|p2a: Gay-mega|Destiny Bond|p2a: Gay-mega\n|-singlemove|p2a: Gay-mega|Destiny Bond\n|move|p1a: Urshifu|Wicked Blow|p2a: Gay-mega\n|-supereffective|p2a: Gay-mega\n|-crit|p2a: Gay-mega\n|-damage|p2a: Gay-mega|0 fnt\n|faint|p2a: Gay-mega\n|-activate|p2a: Gay-mega|move: Destiny Bond\n|faint|p1a: Urshifu\n|\n|upkeep\n|inactive|aguinaldo124 has 120 seconds left.\n|inactive|aguinaldo124 has 90 seconds left.\n|\n|t:|1698972643\n|switch|p1a: Dragonite|Dragonite, M|100\/100\n|switch|p2a: Cuca|Skeledirge, M|100\/100\n|-status|p2a: Cuca|tox\n|turn|11\n|\n|t:|1698972650\n|move|p1a: Dragonite|Earthquake|p2a: Cuca\n|-supereffective|p2a: Cuca\n|-damage|p2a: Cuca|38\/100 tox\n|move|p2a: Cuca|Will-O-Wisp|p1a: Dragonite\n|-status|p1a: Dragonite|brn\n|\n|-heal|p2a: Cuca|44\/100 tox|[from] item: Leftovers\n|-damage|p2a: Cuca|38\/100 tox|[from] psn\n|-damage|p1a: Dragonite|94\/100 brn|[from] brn\n|upkeep\n|turn|12\n|\n|t:|1698972662\n|move|p1a: Dragonite|Extreme Speed|p2a: Cuca\n|-immune|p2a: Cuca\n|move|p2a: Cuca|Hex|p1a: Dragonite\n|-crit|p1a: Dragonite\n|-damage|p1a: Dragonite|7\/100 brn\n|\n|-heal|p2a: Cuca|44\/100 tox|[from] item: Leftovers\n|-damage|p2a: Cuca|32\/100 tox|[from] psn\n|-damage|p1a: Dragonite|1\/100 brn|[from] brn\n|upkeep\n|turn|13\n|c|\u2606masterbharath|so dumb smh\n|inactive|aguinaldo124 has 60 seconds left.\n|\n|t:|1698972684\n|move|p1a: Dragonite|Earthquake|p2a: Cuca\n|-supereffective|p2a: Cuca\n|-damage|p2a: Cuca|0 fnt\n|faint|p2a: Cuca\n|\n|-damage|p1a: Dragonite|0 fnt|[from] brn\n|faint|p1a: Dragonite\n|upkeep\n|inactive|aguinaldo124 has 60 seconds left.\n|inactive|aguinaldo124 has 30 seconds left.\n|inactive|aguinaldo124 has 20 seconds left.\n|\n|t:|1698972737\n|switch|p1a: Xerneas|Xerneas|100\/100\n|switch|p2a: Vagabunda|Flutter Mane|100\/100\n|-status|p2a: Vagabunda|tox\n|-ability|p1a: Xerneas|Fairy Aura\n|-enditem|p2a: Vagabunda|Booster Energy\n|-activate|p2a: Vagabunda|ability: Protosynthesis|[fromitem]\n|-start|p2a: Vagabunda|protosynthesisspe\n|turn|14\n|inactive|aguinaldo124 has 30 seconds left this turn.\n|inactive|aguinaldo124 has 20 seconds left.\n|c|\u2606aguinaldo124|Gg\n|\n|t:|1698972763\n|move|p2a: Vagabunda|Moonblast|p1a: Xerneas\n|-damage|p1a: Xerneas|36\/100\n|-unboost|p1a: Xerneas|spa|1\n|move|p1a: Xerneas|Moonblast|p2a: Vagabunda\n|-damage|p2a: Vagabunda|52\/100 tox\n|\n|-damage|p2a: Vagabunda|46\/100 tox|[from] psn\n|upkeep\n|turn|15\n|inactive|aguinaldo124 has 30 seconds left this turn.\n|inactive|aguinaldo124 has 20 seconds left.\n|\n|t:|1698972775\n|move|p2a: Vagabunda|Moonblast|p1a: Xerneas\n|-damage|p1a: Xerneas|0 fnt\n|faint|p1a: Xerneas\n|\n|-damage|p2a: Vagabunda|34\/100 tox|[from] psn\n|upkeep\n|inactive|aguinaldo124 has 25 seconds left this turn.\n|c|\u2606aguinaldo124|No geomancy?\n|\n|t:|1698972780\n|switch|p1a: Pyukumuku|Pyukumuku, M|100\/100\n|turn|16\n|inactive|aguinaldo124 has 30 seconds left.\n|c|\u2606masterbharath|thought i could just end it lol\n|\n|t:|1698972793\n|-terastallize|p2a: Vagabunda|Steel\n|move|p2a: Vagabunda|Moonblast|p1a: Pyukumuku\n|-damage|p1a: Pyukumuku|69\/100\n|move|p1a: Pyukumuku|Recover|p1a: Pyukumuku\n|-heal|p1a: Pyukumuku|100\/100\n|\n|-damage|p2a: Vagabunda|16\/100 tox|[from] psn\n|upkeep\n|turn|17\n|inactive|aguinaldo124 has 30 seconds left.\n|c|\u2606aguinaldo124|Bruh\n|\n|t:|1698972807\n|move|p2a: Vagabunda|Moonblast|p1a: Pyukumuku\n|-damage|p1a: Pyukumuku|66\/100\n|move|p1a: Pyukumuku|Recover|p1a: Pyukumuku\n|-heal|p1a: Pyukumuku|100\/100\n|\n|-damage|p2a: Vagabunda|0 fnt|[from] psn\n|faint|p2a: Vagabunda\n|-end|p2a: Vagabunda|Protosynthesis|[silent]\n|upkeep\n|inactive|aguinaldo124 has 30 seconds left.\n|\n|t:|1698972817\n|switch|p2a: Cuca beludo|Annihilape, M|100\/100\n|-status|p2a: Cuca beludo|tox\n|turn|18\n|c|\u2606masterbharath|el oh el\n|\n|t:|1698972825\n|move|p2a: Cuca beludo|Taunt|p1a: Pyukumuku\n|-start|p1a: Pyukumuku|move: Taunt\n|cant|p1a: Pyukumuku|move: Taunt|Recover\n|\n|-damage|p2a: Cuca beludo|94\/100 tox|[from] psn\n|upkeep\n|turn|19\n|c|\u2606masterbharath|rip\n|c|\u2606aguinaldo124|Bet\n|c|\u2606masterbharath|that was the best thing u could have done\n|\n|t:|1698972844\n|move|p2a: Cuca beludo|Rage Fist|p1a: Pyukumuku\n|-damage|p1a: Pyukumuku|82\/100\n|-activate|p1a: Pyukumuku|move: Struggle\n|move|p1a: Pyukumuku|Struggle|p2a: Cuca beludo\n|-damage|p2a: Cuca beludo|89\/100 tox\n|-damage|p1a: Pyukumuku|57\/100|[from] recoil\n|\n|-heal|p2a: Cuca beludo|95\/100 tox|[from] item: Leftovers\n|-heal|p1a: Pyukumuku|63\/100|[from] item: Leftovers\n|-damage|p2a: Cuca beludo|83\/100 tox|[from] psn\n|upkeep\n|turn|20\n|c|\u2606aguinaldo124|Gg\n|\n|t:|1698972856\n|move|p2a: Cuca beludo|Rage Fist|p1a: Pyukumuku\n|-damage|p1a: Pyukumuku|31\/100\n|-activate|p1a: Pyukumuku|move: Struggle\n|move|p1a: Pyukumuku|Struggle|p2a: Cuca beludo\n|-damage|p2a: Cuca beludo|77\/100 tox\n|-damage|p1a: Pyukumuku|6\/100|[from] recoil\n|\n|-heal|p2a: Cuca beludo|83\/100 tox|[from] item: Leftovers\n|-heal|p1a: Pyukumuku|12\/100|[from] item: Leftovers\n|-damage|p2a: Cuca beludo|65\/100 tox|[from] psn\n|-end|p1a: Pyukumuku|move: Taunt\n|upkeep\n|turn|21\n|c|\u2606masterbharath|gg\n|c|\u2606aguinaldo124|Wp\n|\n|t:|1698972870\n|move|p2a: Cuca beludo|Rage Fist|p1a: Pyukumuku\n|-damage|p1a: Pyukumuku|0 fnt\n|faint|p1a: Pyukumuku\n|\n|win|aguinaldo124\n|raw|masterbharath's rating: 1240 &rarr; <strong>1212<\/strong><br \/>(-28 for losing)\n|raw|aguinaldo124's rating: 1204 &rarr; <strong>1232<\/strong><br \/>(+28 for winning)\n|l|\u2606masterbharath\n","uploadtime":1698972882,"views":11,"p1id":"masterbharath","p2id":"aguinaldo124","formatid":"gen9nationaldexubers","rating":1212,"private":0,"password":""}