{"id":"gen9nationaldexubers-1992195228","p1":"Neosouls","p2":"Laewen","format":"[Gen 9] National Dex Ubers","log":"|j|\u2606Neosouls\n|j|\u2606Laewen\n|t:|1700162887\n|gametype|singles\n|player|p1|Neosouls|marlon|\n|player|p2|Laewen|dawn|\n|teamsize|p1|3\n|teamsize|p2|3\n|gen|9\n|tier|[Gen 9] National Dex Ubers\n|rule|HP Percentage Mod: HP is shown in percentages\n|rule|Endless Battle Clause: Forcing endless battles is banned\n|rule|OHKO Clause: OHKO moves are banned\n|rule|Evasion Moves Clause: Evasion moves are banned\n|rule|Evasion Items Clause: Evasion items are banned\n|rule|Species Clause: Limit one of each Pok\u00e9mon\n|rule|Sleep Clause Mod: Limit one foe put to sleep\n|rule|Mega Rayquaza Clause: You cannot mega evolve Rayquaza\n|clearpoke\n|poke|p1|Swanna, L45, F|\n|poke|p1|Nidoqueen, L45, F|\n|poke|p1|Zoroark, L45, M|\n|poke|p2|Talonflame, L45, M|\n|poke|p2|Slowking, L45, F|\n|poke|p2|Banette, L45, F|\n|teampreview\n|\n|t:|1700162913\n|start\n|switch|p1a: Nidoqueen|Nidoqueen, L45, F|100\/100\n|switch|p2a: Slowking|Slowking, L45, F|100\/100\n|turn|1\n|\n|t:|1700162939\n|move|p1a: Nidoqueen|Stealth Rock|p2a: Slowking\n|-sidestart|p2: Laewen|move: Stealth Rock\n|move|p2a: Slowking|Scald|p1a: Nidoqueen\n|-supereffective|p1a: Nidoqueen\n|-damage|p1a: Nidoqueen|43\/100\n|\n|upkeep\n|turn|2\n|\n|t:|1700162950\n|move|p1a: Nidoqueen|Earth Power|p2a: Slowking\n|-damage|p2a: Slowking|68\/100\n|move|p2a: Slowking|Scald|p1a: Nidoqueen\n|-supereffective|p1a: Nidoqueen\n|-damage|p1a: Nidoqueen|0 fnt\n|faint|p1a: Nidoqueen\n|\n|upkeep\n|\n|t:|1700162957\n|switch|p1a: Swanna|Swanna, L45, F|100\/100\n|turn|3\n|\n|t:|1700162997\n|move|p1a: Swanna|Dark Pulse|p2a: Slowking\n|-supereffective|p2a: Slowking\n|-damage|p2a: Slowking|4\/100\n|move|p2a: Slowking|Yawn|p1a: Swanna\n|-start|p1a: Swanna|move: Yawn|[of] p2a: Slowking\n|\n|upkeep\n|turn|4\n|\n|t:|1700163013\n|move|p1a: Swanna|Hex|p2a: Slowking\n|-supereffective|p2a: Slowking\n|-damage|p2a: Slowking|0 fnt\n|faint|p2a: Slowking\n|\n|-end|p1a: Swanna|move: Yawn|[silent]\n|-status|p1a: Swanna|slp\n|upkeep\n|\n|t:|1700163038\n|switch|p2a: Talonflame|Talonflame, L45, M|100\/100\n|-damage|p2a: Talonflame|51\/100|[from] Stealth Rock\n|turn|5\n|\n|t:|1700163057\n|switch|p1a: Swanna|Swanna, L45, F|100\/100\n|move|p2a: Talonflame|Brave Bird|p1a: Swanna\n|-damage|p1a: Swanna|19\/100\n|-damage|p2a: Talonflame|24\/100|[from] Recoil\n|\n|upkeep\n|turn|6\n|\n|t:|1700163070\n|move|p2a: Talonflame|Brave Bird|p1a: Swanna\n|-damage|p1a: Swanna|0 fnt\n|faint|p1a: Swanna\n|-damage|p2a: Talonflame|18\/100|[from] Recoil\n|\n|upkeep\n|\n|t:|1700163076\n|switch|p1a: Zoroark|Zoroark, L45, M|100\/100 slp\n|turn|7\n|\n|t:|1700163086\n|move|p2a: Talonflame|Brave Bird|p1a: Zoroark\n|-damage|p1a: Zoroark|0 fnt\n|faint|p1a: Zoroark\n|-damage|p2a: Talonflame|0 fnt|[from] Recoil\n|faint|p2a: Talonflame\n|\n|win|Laewen\n","uploadtime":1700163104,"views":13,"p1id":"neosouls","p2id":"laewen","formatid":"gen9nationaldexubers","rating":0,"private":0,"password":""}