{"id":"gen9nationaldexubers-1984167502","p1":"Wralagath","p2":"pedrinzs","format":"[Gen 9] National Dex Ubers","log":"|j|\u2606Wralagath\n|j|\u2606pedrinzs\n|t:|1699225790\n|gametype|singles\n|player|p1|Wralagath|elesa-masters|1075\n|player|p2|pedrinzs|101|1119\n|teamsize|p1|6\n|teamsize|p2|6\n|gen|9\n|tier|[Gen 9] National Dex Ubers\n|rated|\n|rule|HP Percentage Mod: HP is shown in percentages\n|rule|Endless Battle Clause: Forcing endless battles is banned\n|rule|OHKO Clause: OHKO moves are banned\n|rule|Evasion Moves Clause: Evasion moves are banned\n|rule|Evasion Items Clause: Evasion items are banned\n|rule|Species Clause: Limit one of each Pok\u00e9mon\n|rule|Sleep Clause Mod: Limit one foe put to sleep\n|rule|Mega Rayquaza Clause: You cannot mega evolve Rayquaza\n|clearpoke\n|poke|p1|Galvantula, F|\n|poke|p1|Kilowattrel, M|\n|poke|p1|Rotom-Wash|\n|poke|p1|Eelektross, M|\n|poke|p1|Boltund, F|\n|poke|p1|Oricorio-Pom-Pom, M|\n|poke|p2|Zamazenta-*|\n|poke|p2|Zacian-*|\n|poke|p2|Yveltal|\n|poke|p2|Kyurem-Black|\n|poke|p2|Darkrai|\n|poke|p2|Marshadow|\n|teampreview\n|\n|t:|1699225799\n|start\n|switch|p1a: Galvantula|Galvantula, F|100\/100\n|switch|p2a: Zamazenta|Zamazenta-Crowned, shiny|100\/100\n|-ability|p2a: Zamazenta|Dauntless Shield|boost\n|-boost|p2a: Zamazenta|def|1\n|turn|1\n|\n|t:|1699225809\n|move|p1a: Galvantula|Sticky Web|p2a: Zamazenta\n|-sidestart|p2: pedrinzs|move: Sticky Web\n|move|p2a: Zamazenta|Behemoth Bash|p1a: Galvantula\n|-resisted|p1a: Galvantula\n|-damage|p1a: Galvantula|69\/100\n|\n|upkeep\n|turn|2\n|\n|t:|1699225816\n|move|p1a: Galvantula|Thunder|p2a: Zamazenta\n|-damage|p2a: Zamazenta|64\/100\n|move|p2a: Zamazenta|Behemoth Bash|p1a: Galvantula\n|-resisted|p1a: Galvantula\n|-damage|p1a: Galvantula|33\/100\n|\n|upkeep\n|turn|3\n|\n|t:|1699225823\n|move|p1a: Galvantula|Thunder|p2a: Zamazenta\n|-damage|p2a: Zamazenta|29\/100\n|move|p2a: Zamazenta|Close Combat|p1a: Galvantula\n|-resisted|p1a: Galvantula\n|-damage|p1a: Galvantula|0 fnt\n|-unboost|p2a: Zamazenta|def|1\n|-unboost|p2a: Zamazenta|spd|1\n|faint|p1a: Galvantula\n|\n|upkeep\n|\n|t:|1699225838\n|switch|p1a: Kilowattrel|Kilowattrel, M|100\/100\n|turn|4\n|\n|t:|1699225844\n|move|p1a: Kilowattrel|Thunderbolt|p2a: Zamazenta\n|-damage|p2a: Zamazenta|0 fnt\n|faint|p2a: Zamazenta\n|-damage|p1a: Kilowattrel|91\/100|[from] item: Life Orb\n|\n|upkeep\n|\n|t:|1699225847\n|switch|p2a: Darkrai|Darkrai|100\/100\n|-activate|p2a: Darkrai|move: Sticky Web\n|-unboost|p2a: Darkrai|spe|1\n|turn|5\n|\n|t:|1699225853\n|move|p1a: Kilowattrel|Tailwind|p1a: Kilowattrel\n|-sidestart|p1: Wralagath|move: Tailwind\n|-start|p1a: Kilowattrel|Charge|Tailwind|[from] ability: Wind Power\n|move|p2a: Darkrai|Hypnosis|p1a: Kilowattrel\n|-status|p1a: Kilowattrel|slp|[from] move: Hypnosis\n|\n|-damage|p1a: Kilowattrel|78\/100 slp|[from] ability: Bad Dreams|[of] p2a: Darkrai\n|upkeep\n|turn|6\n|\n|t:|1699225870\n|switch|p1a: Eelektross|Eelektross, M|100\/100\n|move|p2a: Darkrai|Toxic|p1a: Eelektross\n|-status|p1a: Eelektross|tox\n|\n|-damage|p1a: Eelektross|94\/100 tox|[from] psn\n|upkeep\n|turn|7\n|\n|t:|1699225878\n|move|p1a: Eelektross|Coil|p1a: Eelektross\n|-boost|p1a: Eelektross|atk|1\n|-boost|p1a: Eelektross|def|1\n|-boost|p1a: Eelektross|accuracy|1\n|move|p2a: Darkrai|Hypnosis|p1a: Eelektross|[miss]\n|-miss|p2a: Darkrai|p1a: Eelektross\n|\n|-damage|p1a: Eelektross|82\/100 tox|[from] psn\n|upkeep\n|turn|8\n|\n|t:|1699225887\n|move|p1a: Eelektross|Coil|p1a: Eelektross\n|-boost|p1a: Eelektross|atk|1\n|-boost|p1a: Eelektross|def|1\n|-boost|p1a: Eelektross|accuracy|1\n|-zpower|p2a: Darkrai\n|move|p2a: Darkrai|Z-Hypnosis|p1a: Eelektross|[anim]Hypnosis|[miss]\n|-boost|p2a: Darkrai|spe|1|[zeffect]\n|-miss|p2a: Darkrai|p1a: Eelektross\n|\n|-damage|p1a: Eelektross|64\/100 tox|[from] psn\n|-sideend|p1: Wralagath|move: Tailwind\n|upkeep\n|turn|9\n|\n|t:|1699225899\n|move|p2a: Darkrai|Hypnosis||[still]\n|-fail|p2a: Darkrai\n|move|p1a: Eelektross|Coil|p1a: Eelektross\n|-boost|p1a: Eelektross|atk|1\n|-boost|p1a: Eelektross|def|1\n|-boost|p1a: Eelektross|accuracy|1\n|\n|-damage|p1a: Eelektross|39\/100 tox|[from] psn\n|upkeep\n|-enditem|p1a: Eelektross|Sitrus Berry|[eat]\n|-heal|p1a: Eelektross|64\/100 tox|[from] item: Sitrus Berry\n|turn|10\n|\n|t:|1699225913\n|switch|p2a: Yveltal|Yveltal, shiny|100\/100\n|-ability|p2a: Yveltal|Dark Aura\n|move|p1a: Eelektross|Drain Punch|p2a: Yveltal\n|-damage|p2a: Yveltal|44\/100\n|-heal|p1a: Eelektross|98\/100 tox|[from] drain|[of] p2a: Yveltal\n|\n|-heal|p2a: Yveltal|50\/100|[from] item: Leftovers\n|-damage|p1a: Eelektross|68\/100 tox|[from] psn\n|upkeep\n|turn|11\n|\n|t:|1699225924\n|-terastallize|p2a: Yveltal|Fire\n|move|p2a: Yveltal|Dark Pulse|p1a: Eelektross\n|-damage|p1a: Eelektross|3\/100 tox\n|cant|p1a: Eelektross|flinch\n|\n|-heal|p2a: Yveltal|56\/100|[from] item: Leftovers\n|-damage|p1a: Eelektross|0 fnt|[from] psn\n|faint|p1a: Eelektross\n|upkeep\n|\n|t:|1699225941\n|switch|p1a: Rotom|Rotom-Wash|100\/100\n|turn|12\n|\n|t:|1699225956\n|move|p1a: Rotom|Toxic|p2a: Yveltal\n|-status|p2a: Yveltal|tox\n|move|p2a: Yveltal|Dark Pulse|p1a: Rotom\n|-damage|p1a: Rotom|36\/100\n|\n|-heal|p2a: Yveltal|62\/100 tox|[from] item: Leftovers\n|-damage|p2a: Yveltal|56\/100 tox|[from] psn\n|upkeep\n|turn|13\n|\n|t:|1699225966\n|move|p1a: Rotom|Light Screen|p1a: Rotom\n|-sidestart|p1: Wralagath|move: Light Screen\n|move|p2a: Yveltal|Dark Pulse|p1a: Rotom\n|-damage|p1a: Rotom|2\/100\n|\n|-heal|p2a: Yveltal|62\/100 tox|[from] item: Leftovers\n|-damage|p2a: Yveltal|50\/100 tox|[from] psn\n|upkeep\n|turn|14\n|\n|t:|1699225974\n|move|p1a: Rotom|Reflect|p1a: Rotom\n|-sidestart|p1: Wralagath|Reflect\n|move|p2a: Yveltal|Dark Pulse|p1a: Rotom\n|-damage|p1a: Rotom|0 fnt\n|faint|p1a: Rotom\n|\n|-heal|p2a: Yveltal|56\/100 tox|[from] item: Leftovers\n|-damage|p2a: Yveltal|38\/100 tox|[from] psn\n|upkeep\n|\n|t:|1699225983\n|switch|p1a: Oricorio|Oricorio-Pom-Pom, M|100\/100\n|turn|15\n|\n|t:|1699225996\n|move|p1a: Oricorio|Quiver Dance|p1a: Oricorio\n|-boost|p1a: Oricorio|spa|1\n|-boost|p1a: Oricorio|spd|1\n|-boost|p1a: Oricorio|spe|1\n|move|p2a: Yveltal|Dark Pulse|p1a: Oricorio\n|-damage|p1a: Oricorio|75\/100\n|\n|-heal|p1a: Oricorio|81\/100|[from] item: Leftovers\n|-heal|p2a: Yveltal|44\/100 tox|[from] item: Leftovers\n|-damage|p2a: Yveltal|19\/100 tox|[from] psn\n|upkeep\n|turn|16\n|\n|t:|1699226007\n|move|p1a: Oricorio|Quiver Dance|p1a: Oricorio\n|-boost|p1a: Oricorio|spa|1\n|-boost|p1a: Oricorio|spd|1\n|-boost|p1a: Oricorio|spe|1\n|move|p2a: Yveltal|Disable|p1a: Oricorio\n|-start|p1a: Oricorio|Disable|Quiver Dance\n|\n|-heal|p1a: Oricorio|87\/100|[from] item: Leftovers\n|-heal|p2a: Yveltal|25\/100 tox|[from] item: Leftovers\n|-damage|p2a: Yveltal|0 fnt|[from] psn\n|faint|p2a: Yveltal\n|upkeep\n|\n|t:|1699226013\n|switch|p2a: Darkrai|Darkrai|100\/100\n|-activate|p2a: Darkrai|move: Sticky Web\n|-unboost|p2a: Darkrai|spe|1\n|turn|17\n|\n|t:|1699226024\n|move|p1a: Oricorio|Revelation Dance|p2a: Darkrai\n|-damage|p2a: Darkrai|20\/100\n|move|p2a: Darkrai|Hypnosis|p1a: Oricorio|[miss]\n|-miss|p2a: Darkrai|p1a: Oricorio\n|\n|-heal|p1a: Oricorio|94\/100|[from] item: Leftovers\n|upkeep\n|turn|18\n|\n|t:|1699226036\n|move|p1a: Oricorio|Revelation Dance|p2a: Darkrai\n|-damage|p2a: Darkrai|0 fnt\n|faint|p2a: Darkrai\n|\n|-heal|p1a: Oricorio|99\/100|[from] item: Leftovers\n|upkeep\n|\n|t:|1699226040\n|switch|p2a: Marshadow|Marshadow|100\/100\n|-activate|p2a: Marshadow|move: Sticky Web\n|-unboost|p2a: Marshadow|spe|1\n|turn|19\n|\n|t:|1699226047\n|move|p1a: Oricorio|Air Slash|p2a: Marshadow\n|-supereffective|p2a: Marshadow\n|-damage|p2a: Marshadow|0 fnt\n|faint|p2a: Marshadow\n|\n|-heal|p1a: Oricorio|100\/100|[from] item: Leftovers\n|upkeep\n|\n|t:|1699226052\n|switch|p2a: Kyurem|Kyurem-Black|100\/100\n|-activate|p2a: Kyurem|move: Sticky Web\n|-unboost|p2a: Kyurem|spe|1\n|-ability|p2a: Kyurem|Teravolt\n|turn|20\n|\n|t:|1699226059\n|-terastallize|p1a: Oricorio|Water\n|move|p1a: Oricorio|Air Slash|p2a: Kyurem\n|-damage|p2a: Kyurem|44\/100\n|move|p2a: Kyurem|Ancient Power|p1a: Oricorio\n|-damage|p1a: Oricorio|95\/100\n|\n|-heal|p1a: Oricorio|100\/100|[from] item: Leftovers\n|-end|p1a: Oricorio|Disable\n|-sideend|p1: Wralagath|move: Light Screen\n|upkeep\n|turn|21\n|\n|t:|1699226070\n|move|p1a: Oricorio|Air Slash|p2a: Kyurem\n|-damage|p2a: Kyurem|0 fnt\n|faint|p2a: Kyurem\n|\n|-sideend|p1: Wralagath|Reflect\n|upkeep\n|\n|t:|1699226073\n|switch|p2a: Zacian|Zacian-Crowned, shiny|100\/100\n|-activate|p2a: Zacian|move: Sticky Web\n|-unboost|p2a: Zacian|spe|1\n|-ability|p2a: Zacian|Intrepid Sword|boost\n|-boost|p2a: Zacian|atk|1\n|turn|22\n|\n|t:|1699226081\n|move|p1a: Oricorio|Revelation Dance|p2a: Zacian\n|-damage|p2a: Zacian|37\/100\n|move|p2a: Zacian|Behemoth Blade|p1a: Oricorio\n|-resisted|p1a: Oricorio\n|-damage|p1a: Oricorio|57\/100\n|\n|-heal|p1a: Oricorio|64\/100|[from] item: Leftovers\n|upkeep\n|turn|23\n|\n|t:|1699226091\n|move|p1a: Oricorio|Revelation Dance|p2a: Zacian\n|-damage|p2a: Zacian|0 fnt\n|faint|p2a: Zacian\n|\n|win|Wralagath\n|raw|Wralagath's rating: 1075 &rarr; <strong>1107<\/strong><br \/>(+32 for winning)\n|raw|pedrinzs's rating: 1119 &rarr; <strong>1091<\/strong><br \/>(-28 for losing)\n|c|\u2606Wralagath|Ggs\n|l|\u2606pedrinzs\n","uploadtime":1699226099,"views":9,"p1id":"wralagath","p2id":"pedrinzs","formatid":"gen9nationaldexubers","rating":1091,"private":0,"password":""}