{"id":"gen9nationaldexubers-1988326503","p1":"zjt369","p2":"Shuckle_pro228","format":"[Gen 9] National Dex Ubers","log":"|j|\u2606zjt369\n|j|\u2606Shuckle_pro228\n|t:|1699709000\n|gametype|singles\n|player|p1|zjt369|266|1177\n|player|p2|Shuckle_pro228|bugcatcher-gen4dp|1167\n|teamsize|p1|6\n|teamsize|p2|6\n|gen|9\n|tier|[Gen 9] National Dex Ubers\n|rated|\n|rule|HP Percentage Mod: HP is shown in percentages\n|rule|Endless Battle Clause: Forcing endless battles is banned\n|rule|OHKO Clause: OHKO moves are banned\n|rule|Evasion Moves Clause: Evasion moves are banned\n|rule|Evasion Items Clause: Evasion items are banned\n|rule|Species Clause: Limit one of each Pok\u00e9mon\n|rule|Sleep Clause Mod: Limit one foe put to sleep\n|rule|Mega Rayquaza Clause: You cannot mega evolve Rayquaza\n|clearpoke\n|poke|p1|Blastoise, M|\n|poke|p1|Espathra, M|\n|poke|p1|Gholdengo|\n|poke|p1|Xerneas-*|\n|poke|p1|Pheromosa|\n|poke|p1|Ninetales-Alola, F|\n|poke|p2|Chimecho, M|\n|poke|p2|Dragapult, M|\n|poke|p2|Thundurus-Therian, M|\n|poke|p2|Heatran, M|\n|poke|p2|Quaquaval, M|\n|poke|p2|Overqwil, F|\n|teampreview\n|inactive|Battle timer is ON: inactive players will automatically lose when time's up. (requested by zjt369)\n|\n|t:|1699709006\n|start\n|switch|p1a: Ninetales|Ninetales-Alola, F|100\/100\n|switch|p2a: Thundurus|Thundurus-Therian, M|100\/100\n|-weather|Snow|[from] ability: Snow Warning|[of] p1a: Ninetales\n|turn|1\n|\n|t:|1699709018\n|move|p1a: Ninetales|Aurora Veil|p1a: Ninetales\n|-sidestart|p1: zjt369|move: Aurora Veil\n|move|p2a: Thundurus|Nasty Plot|p2a: Thundurus\n|-boost|p2a: Thundurus|spa|2\n|\n|-weather|Snow|[upkeep]\n|upkeep\n|turn|2\n|\n|t:|1699709033\n|move|p1a: Ninetales|Encore|p2a: Thundurus\n|-start|p2a: Thundurus|Encore\n|move|p2a: Thundurus|Nasty Plot|p2a: Thundurus\n|-boost|p2a: Thundurus|spa|2\n|\n|-weather|Snow|[upkeep]\n|upkeep\n|turn|3\n|\n|t:|1699709046\n|switch|p1a: Xerneas|Xerneas|100\/100\n|-ability|p1a: Xerneas|Fairy Aura\n|switch|p2a: Heatran|Heatran, M|100\/100\n|\n|-weather|Snow|[upkeep]\n|upkeep\n|turn|4\n|\n|t:|1699709064\n|switch|p1a: Blastoise|Blastoise, M|100\/100\n|move|p2a: Heatran|Will-O-Wisp|p1a: Blastoise\n|-status|p1a: Blastoise|brn\n|\n|-weather|Snow|[upkeep]\n|-damage|p1a: Blastoise|94\/100 brn|[from] brn\n|upkeep\n|turn|5\n|\n|t:|1699709076\n|switch|p2a: Thundurus|Thundurus-Therian, M|100\/100\n|detailschange|p1a: Blastoise|Blastoise-Mega, M\n|-mega|p1a: Blastoise|Blastoise|Blastoisinite\n|move|p1a: Blastoise|Shell Smash|p1a: Blastoise\n|-unboost|p1a: Blastoise|def|1\n|-unboost|p1a: Blastoise|spd|1\n|-boost|p1a: Blastoise|atk|2\n|-boost|p1a: Blastoise|spa|2\n|-boost|p1a: Blastoise|spe|2\n|\n|-weather|none\n|-damage|p1a: Blastoise|88\/100 brn|[from] brn\n|-sideend|p1: zjt369|move: Aurora Veil\n|upkeep\n|turn|6\n|\n|t:|1699709106\n|move|p1a: Blastoise|Dark Pulse|p2a: Thundurus\n|-damage|p2a: Thundurus|0 fnt\n|faint|p2a: Thundurus\n|\n|-damage|p1a: Blastoise|82\/100 brn|[from] brn\n|upkeep\n|\n|t:|1699709118\n|switch|p2a: Dragapult|Dragapult, M|100\/100\n|turn|7\n|\n|t:|1699709121\n|move|p1a: Blastoise|Dark Pulse|p2a: Dragapult\n|-supereffective|p2a: Dragapult\n|-damage|p2a: Dragapult|0 fnt\n|faint|p2a: Dragapult\n|\n|-damage|p1a: Blastoise|76\/100 brn|[from] brn\n|upkeep\n|\n|t:|1699709126\n|switch|p2a: Overqwil|Overqwil, F|100\/100\n|turn|8\n|\n|t:|1699709132\n|move|p2a: Overqwil|Protect|p2a: Overqwil\n|-singleturn|p2a: Overqwil|Protect\n|move|p1a: Blastoise|Aura Sphere|p2a: Overqwil\n|-activate|p2a: Overqwil|move: Protect\n|\n|-damage|p1a: Blastoise|70\/100 brn|[from] brn\n|upkeep\n|turn|9\n|\n|t:|1699709142\n|move|p1a: Blastoise|Aura Sphere|p2a: Overqwil\n|-damage|p2a: Overqwil|16\/100\n|move|p2a: Overqwil|Crunch|p1a: Blastoise\n|-damage|p1a: Blastoise|33\/100 brn\n|\n|-heal|p2a: Overqwil|22\/100|[from] item: Leftovers\n|-damage|p1a: Blastoise|26\/100 brn|[from] brn\n|upkeep\n|turn|10\n|\n|t:|1699709152\n|move|p2a: Overqwil|Protect|p2a: Overqwil\n|-singleturn|p2a: Overqwil|Protect\n|move|p1a: Blastoise|Shell Smash|p1a: Blastoise\n|-unboost|p1a: Blastoise|def|1\n|-unboost|p1a: Blastoise|spd|1\n|-boost|p1a: Blastoise|atk|2\n|-boost|p1a: Blastoise|spa|2\n|-boost|p1a: Blastoise|spe|2\n|\n|-heal|p2a: Overqwil|28\/100|[from] item: Leftovers\n|-damage|p1a: Blastoise|20\/100 brn|[from] brn\n|upkeep\n|turn|11\n|\n|t:|1699709163\n|move|p1a: Blastoise|Aura Sphere|p2a: Overqwil\n|-damage|p2a: Overqwil|0 fnt\n|faint|p2a: Overqwil\n|\n|-damage|p1a: Blastoise|14\/100 brn|[from] brn\n|upkeep\n|\n|t:|1699709183\n|switch|p2a: Heatran|Heatran, M|100\/100\n|turn|12\n|\n|t:|1699709189\n|move|p1a: Blastoise|Water Pulse|p2a: Heatran\n|-supereffective|p2a: Heatran\n|-damage|p2a: Heatran|0 fnt\n|faint|p2a: Heatran\n|\n|-damage|p1a: Blastoise|8\/100 brn|[from] brn\n|upkeep\n|\n|t:|1699709192\n|switch|p2a: Quaquaval|Quaquaval, M|100\/100\n|turn|13\n|\n|t:|1699709199\n|move|p1a: Blastoise|Dark Pulse|p2a: Quaquaval\n|-resisted|p2a: Quaquaval\n|-damage|p2a: Quaquaval|17\/100\n|move|p2a: Quaquaval|Roost|p2a: Quaquaval\n|-heal|p2a: Quaquaval|67\/100\n|-singleturn|p2a: Quaquaval|move: Roost\n|\n|-damage|p1a: Blastoise|2\/100 brn|[from] brn\n|upkeep\n|turn|14\n|\n|t:|1699709210\n|move|p1a: Blastoise|Aura Sphere|p2a: Quaquaval\n|-damage|p2a: Quaquaval|0 fnt\n|faint|p2a: Quaquaval\n|\n|-damage|p1a: Blastoise|0 fnt|[from] brn\n|faint|p1a: Blastoise\n|upkeep\n|\n|t:|1699709217\n|switch|p2a: Chimecho|Chimecho, M|100\/100\n|switch|p1a: Ninetales|Ninetales-Alola, F|100\/100\n|-weather|Snow|[from] ability: Snow Warning|[of] p1a: Ninetales\n|turn|15\n|\n|t:|1699709224\n|-terastallize|p2a: Chimecho|Electric\n|move|p1a: Ninetales|Aurora Veil|p1a: Ninetales\n|-sidestart|p1: zjt369|move: Aurora Veil\n|move|p2a: Chimecho|Cosmic Power|p2a: Chimecho\n|-boost|p2a: Chimecho|def|1\n|-boost|p2a: Chimecho|spd|1\n|\n|-weather|Snow|[upkeep]\n|upkeep\n|turn|16\n|\n|t:|1699709249\n|move|p1a: Ninetales|Moonblast|p2a: Chimecho\n|-damage|p2a: Chimecho|73\/100\n|-unboost|p2a: Chimecho|spa|1\n|move|p2a: Chimecho|Cosmic Power|p2a: Chimecho\n|-boost|p2a: Chimecho|def|1\n|-boost|p2a: Chimecho|spd|1\n|\n|-weather|Snow|[upkeep]\n|-heal|p2a: Chimecho|79\/100|[from] item: Leftovers\n|upkeep\n|turn|17\n|inactive|zjt369 has 120 seconds left.\n|\n|t:|1699709272\n|move|p1a: Ninetales|Encore|p2a: Chimecho\n|-start|p2a: Chimecho|Encore\n|move|p2a: Chimecho|Cosmic Power|p2a: Chimecho\n|-boost|p2a: Chimecho|def|1\n|-boost|p2a: Chimecho|spd|1\n|\n|-weather|Snow|[upkeep]\n|-heal|p2a: Chimecho|85\/100|[from] item: Leftovers\n|upkeep\n|turn|18\n|inactive|zjt369 has 120 seconds left.\n|\n|t:|1699709280\n|switch|p1a: Xerneas|Xerneas|100\/100\n|-ability|p1a: Xerneas|Fairy Aura\n|move|p2a: Chimecho|Cosmic Power|p2a: Chimecho\n|-boost|p2a: Chimecho|def|1\n|-boost|p2a: Chimecho|spd|1\n|\n|-weather|Snow|[upkeep]\n|-heal|p2a: Chimecho|91\/100|[from] item: Leftovers\n|upkeep\n|turn|19\n|inactive|zjt369 has 120 seconds left.\n|\n|t:|1699709291\n|move|p1a: Xerneas|Geomancy||[still]\n|-prepare|p1a: Xerneas|Geomancy\n|-enditem|p1a: Xerneas|Power Herb\n|-anim|p1a: Xerneas|Geomancy|p1a: Xerneas\n|-boost|p1a: Xerneas|spa|2\n|-boost|p1a: Xerneas|spd|2\n|-boost|p1a: Xerneas|spe|2\n|move|p2a: Chimecho|Cosmic Power|p2a: Chimecho\n|-boost|p2a: Chimecho|def|1\n|-boost|p2a: Chimecho|spd|1\n|\n|-weather|none\n|-heal|p2a: Chimecho|97\/100|[from] item: Leftovers\n|-end|p2a: Chimecho|Encore\n|-sideend|p1: zjt369|move: Aurora Veil\n|upkeep\n|turn|20\n|inactive|zjt369 has 120 seconds left.\n|\n|t:|1699709304\n|-terastallize|p1a: Xerneas|Fairy\n|move|p1a: Xerneas|Moonblast|p2a: Chimecho\n|-damage|p2a: Chimecho|42\/100\n|move|p2a: Chimecho|Cosmic Power|p2a: Chimecho\n|-boost|p2a: Chimecho|def|1\n|-boost|p2a: Chimecho|spd|1\n|\n|-heal|p2a: Chimecho|48\/100|[from] item: Leftovers\n|upkeep\n|turn|21\n|\n|t:|1699709313\n|move|p1a: Xerneas|Moonblast|p2a: Chimecho\n|-damage|p2a: Chimecho|0 fnt\n|faint|p2a: Chimecho\n|\n|win|zjt369\n|raw|zjt369's rating: 1177 &rarr; <strong>1201<\/strong><br \/>(+24 for winning)\n|raw|Shuckle_pro228's rating: 1167 &rarr; <strong>1143<\/strong><br \/>(-24 for losing)\n","uploadtime":1699709320,"views":6,"p1id":"zjt369","p2id":"shucklepro228","formatid":"gen9nationaldexubers","rating":1143,"private":0,"password":""}