{"id":"gen9nationaldexubers-1989128937","p1":"sehmuz","p2":"AERO-M0DE\u2b06\ufe0f","format":"[Gen 9] National Dex Ubers","log":"|j|\u2606sehmuz\n|j|\u2606AERO-M0DE\u2b06\ufe0f\n|t:|1699815329\n|gametype|singles\n|player|p1|sehmuz|lady|1118\n|player|p2|AERO-M0DE\u2b06\ufe0f|winona-gen6|1131\n|teamsize|p1|6\n|teamsize|p2|6\n|gen|9\n|tier|[Gen 9] National Dex Ubers\n|rated|\n|rule|HP Percentage Mod: HP is shown in percentages\n|rule|Endless Battle Clause: Forcing endless battles is banned\n|rule|OHKO Clause: OHKO moves are banned\n|rule|Evasion Moves Clause: Evasion moves are banned\n|rule|Evasion Items Clause: Evasion items are banned\n|rule|Species Clause: Limit one of each Pok\u00e9mon\n|rule|Sleep Clause Mod: Limit one foe put to sleep\n|rule|Mega Rayquaza Clause: You cannot mega evolve Rayquaza\n|clearpoke\n|poke|p1|Jirachi|\n|poke|p1|Togekiss, F|\n|poke|p1|Moltres-Galar|\n|poke|p1|Grimmsnarl, M|\n|poke|p1|Shaymin-Sky|\n|poke|p1|Unfezant, F|\n|poke|p2|Aerodactyl, M|\n|poke|p2|Hawlucha, M|\n|poke|p2|Ho-Oh|\n|poke|p2|Sigilyph, F|\n|poke|p2|Flamigo, M|\n|poke|p2|Bombirdier, M|\n|teampreview\n|inactive|Battle timer is ON: inactive players will automatically lose when time's up. (requested by sehmuz)\n|\n|t:|1699815345\n|start\n|switch|p1a: Grimmsnarl|Grimmsnarl, M, shiny|100\/100\n|switch|p2a: \ud83c\udf2cSIGILYPH\ud83c\udf2a|Sigilyph, F, shiny|100\/100\n|turn|1\n|\n|t:|1699815353\n|move|p1a: Grimmsnarl|Taunt|p2a: \ud83c\udf2cSIGILYPH\ud83c\udf2a\n|-start|p2a: \ud83c\udf2cSIGILYPH\ud83c\udf2a|move: Taunt\n|cant|p2a: \ud83c\udf2cSIGILYPH\ud83c\udf2a|move: Taunt|Thunder Wave\n|\n|upkeep\n|turn|2\n|\n|t:|1699815359\n|move|p1a: Grimmsnarl|Reflect|p1a: Grimmsnarl\n|-sidestart|p1: sehmuz|Reflect\n|move|p2a: \ud83c\udf2cSIGILYPH\ud83c\udf2a|Air Slash|p1a: Grimmsnarl\n|-damage|p1a: Grimmsnarl|71\/100\n|\n|upkeep\n|turn|3\n|\n|t:|1699815368\n|move|p1a: Grimmsnarl|Light Screen|p1a: Grimmsnarl\n|-sidestart|p1: sehmuz|move: Light Screen\n|move|p2a: \ud83c\udf2cSIGILYPH\ud83c\udf2a|Air Slash|p1a: Grimmsnarl\n|-damage|p1a: Grimmsnarl|58\/100\n|\n|-end|p2a: \ud83c\udf2cSIGILYPH\ud83c\udf2a|move: Taunt\n|upkeep\n|turn|4\n|\n|t:|1699815382\n|move|p1a: Grimmsnarl|Taunt|p2a: \ud83c\udf2cSIGILYPH\ud83c\udf2a\n|-start|p2a: \ud83c\udf2cSIGILYPH\ud83c\udf2a|move: Taunt\n|move|p2a: \ud83c\udf2cSIGILYPH\ud83c\udf2a|Air Slash|p1a: Grimmsnarl\n|-damage|p1a: Grimmsnarl|42\/100\n|\n|upkeep\n|turn|5\n|\n|t:|1699815393\n|move|p1a: Grimmsnarl|Parting Shot|p2a: \ud83c\udf2cSIGILYPH\ud83c\udf2a\n|-unboost|p2a: \ud83c\udf2cSIGILYPH\ud83c\udf2a|atk|1\n|-unboost|p2a: \ud83c\udf2cSIGILYPH\ud83c\udf2a|spa|1\n|\n|t:|1699815396\n|switch|p1a: Jirachi|Jirachi|100\/100|[from] Parting Shot\n|move|p2a: \ud83c\udf2cSIGILYPH\ud83c\udf2a|Air Slash|p1a: Jirachi\n|-resisted|p1a: Jirachi\n|-damage|p1a: Jirachi|96\/100\n|\n|upkeep\n|turn|6\n|inactive|AERO-M0DE\u2b06\ufe0f has 120 seconds left.\n|\n|t:|1699815431\n|switch|p2a: \ud83c\udf2cBOMBIRDIER\ud83c\udf2a\ud83e\udea8|Bombirdier, M|100\/100\n|move|p1a: Jirachi|Ancient Power|p2a: \ud83c\udf2cBOMBIRDIER\ud83c\udf2a\ud83e\udea8\n|-supereffective|p2a: \ud83c\udf2cBOMBIRDIER\ud83c\udf2a\ud83e\udea8\n|-damage|p2a: \ud83c\udf2cBOMBIRDIER\ud83c\udf2a\ud83e\udea8|67\/100\n|\n|upkeep\n|turn|7\n|\n|t:|1699815439\n|-terastallize|p1a: Jirachi|Steel\n|move|p2a: \ud83c\udf2cBOMBIRDIER\ud83c\udf2a\ud83e\udea8|Parting Shot|p1a: Jirachi\n|-unboost|p1a: Jirachi|atk|1\n|-unboost|p1a: Jirachi|spa|1\n|inactive|AERO-M0DE\u2b06\ufe0f has 120 seconds left.\n|\n|t:|1699815454\n|switch|p2a: \ud83c\udf2cSIGILYPH\ud83c\udf2a|Sigilyph, F, shiny|100\/100|[from] Parting Shot\n|move|p1a: Jirachi|Ancient Power|p2a: \ud83c\udf2cSIGILYPH\ud83c\udf2a\n|-supereffective|p2a: \ud83c\udf2cSIGILYPH\ud83c\udf2a\n|-damage|p2a: \ud83c\udf2cSIGILYPH\ud83c\udf2a|81\/100\n|\n|upkeep\n|turn|8\n|\n|t:|1699815462\n|switch|p1a: Grimmsnarl|Grimmsnarl, M, shiny|42\/100\n|move|p2a: \ud83c\udf2cSIGILYPH\ud83c\udf2a|Light Screen|p2a: \ud83c\udf2cSIGILYPH\ud83c\udf2a\n|-sidestart|p2: AERO-M0DE\u2b06\ufe0f|move: Light Screen\n|\n|upkeep\n|turn|9\n|\n|t:|1699815468\n|move|p1a: Grimmsnarl|Taunt|p2a: \ud83c\udf2cSIGILYPH\ud83c\udf2a\n|-start|p2a: \ud83c\udf2cSIGILYPH\ud83c\udf2a|move: Taunt\n|move|p2a: \ud83c\udf2cSIGILYPH\ud83c\udf2a|Air Slash|p1a: Grimmsnarl\n|-damage|p1a: Grimmsnarl|28\/100\n|\n|-sideend|p1: sehmuz|Reflect\n|upkeep\n|turn|10\n|\n|t:|1699815477\n|move|p1a: Grimmsnarl|Parting Shot|p2a: \ud83c\udf2cSIGILYPH\ud83c\udf2a\n|-unboost|p2a: \ud83c\udf2cSIGILYPH\ud83c\udf2a|atk|1\n|-unboost|p2a: \ud83c\udf2cSIGILYPH\ud83c\udf2a|spa|1\n|\n|t:|1699815480\n|switch|p1a: Jirachi|Jirachi, tera:Steel|96\/100|[from] Parting Shot\n|move|p2a: \ud83c\udf2cSIGILYPH\ud83c\udf2a|Air Slash|p1a: Jirachi\n|-resisted|p1a: Jirachi\n|-damage|p1a: Jirachi|91\/100\n|\n|-sideend|p1: sehmuz|move: Light Screen\n|upkeep\n|turn|11\n|\n|t:|1699815491\n|move|p1a: Jirachi|Ancient Power|p2a: \ud83c\udf2cSIGILYPH\ud83c\udf2a\n|-supereffective|p2a: \ud83c\udf2cSIGILYPH\ud83c\udf2a\n|-damage|p2a: \ud83c\udf2cSIGILYPH\ud83c\udf2a|68\/100\n|move|p2a: \ud83c\udf2cSIGILYPH\ud83c\udf2a|Air Slash|p1a: Jirachi\n|-resisted|p1a: Jirachi\n|-damage|p1a: Jirachi|82\/100\n|\n|-end|p2a: \ud83c\udf2cSIGILYPH\ud83c\udf2a|move: Taunt\n|upkeep\n|turn|12\n|\n|t:|1699815500\n|move|p1a: Jirachi|Ancient Power|p2a: \ud83c\udf2cSIGILYPH\ud83c\udf2a\n|-supereffective|p2a: \ud83c\udf2cSIGILYPH\ud83c\udf2a\n|-damage|p2a: \ud83c\udf2cSIGILYPH\ud83c\udf2a|54\/100\n|move|p2a: \ud83c\udf2cSIGILYPH\ud83c\udf2a|Thunder Wave|p1a: Jirachi|[miss]\n|-miss|p2a: \ud83c\udf2cSIGILYPH\ud83c\udf2a|p1a: Jirachi\n|\n|upkeep\n|turn|13\n|\n|t:|1699815507\n|move|p1a: Jirachi|Ancient Power|p2a: \ud83c\udf2cSIGILYPH\ud83c\udf2a\n|-supereffective|p2a: \ud83c\udf2cSIGILYPH\ud83c\udf2a\n|-damage|p2a: \ud83c\udf2cSIGILYPH\ud83c\udf2a|39\/100\n|move|p2a: \ud83c\udf2cSIGILYPH\ud83c\udf2a|Thunder Wave|p1a: Jirachi\n|-status|p1a: Jirachi|par\n|\n|upkeep\n|turn|14\n|\n|t:|1699815522\n|switch|p1a: Grimmsnarl|Grimmsnarl, M, shiny|28\/100\n|move|p2a: \ud83c\udf2cSIGILYPH\ud83c\udf2a|Reflect|p2a: \ud83c\udf2cSIGILYPH\ud83c\udf2a\n|-sidestart|p2: AERO-M0DE\u2b06\ufe0f|Reflect\n|\n|upkeep\n|turn|15\n|\n|t:|1699815527\n|switch|p2a: \ud83c\udf2cBOMBIRDIER\ud83c\udf2a\ud83e\udea8|Bombirdier, M|67\/100\n|move|p1a: Grimmsnarl|Light Screen|p1a: Grimmsnarl\n|-sidestart|p1: sehmuz|move: Light Screen\n|\n|-sideend|p2: AERO-M0DE\u2b06\ufe0f|move: Light Screen\n|upkeep\n|turn|16\n|\n|t:|1699815540\n|move|p1a: Grimmsnarl|Taunt|p2a: \ud83c\udf2cBOMBIRDIER\ud83c\udf2a\ud83e\udea8\n|-hint|Since gen 7, Dark is immune to Prankster moves.\n|-immune|p2a: \ud83c\udf2cBOMBIRDIER\ud83c\udf2a\ud83e\udea8\n|move|p2a: \ud83c\udf2cBOMBIRDIER\ud83c\udf2a\ud83e\udea8|Brave Bird|p1a: Grimmsnarl\n|-damage|p1a: Grimmsnarl|0 fnt\n|faint|p1a: Grimmsnarl\n|-damage|p2a: \ud83c\udf2cBOMBIRDIER\ud83c\udf2a\ud83e\udea8|54\/100|[from] Recoil\n|\n|upkeep\n|\n|t:|1699815554\n|switch|p1a: Unfezant|Unfezant, F|100\/100\n|turn|17\n|\n|t:|1699815571\n|move|p2a: \ud83c\udf2cBOMBIRDIER\ud83c\udf2a\ud83e\udea8|Brave Bird|p1a: Unfezant\n|-damage|p1a: Unfezant|39\/100\n|-damage|p2a: \ud83c\udf2cBOMBIRDIER\ud83c\udf2a\ud83e\udea8|33\/100|[from] Recoil\n|move|p1a: Unfezant|Tailwind|p1a: Unfezant\n|-sidestart|p1: sehmuz|move: Tailwind\n|\n|upkeep\n|turn|18\n|\n|t:|1699815579\n|move|p1a: Unfezant|Return|p2a: \ud83c\udf2cBOMBIRDIER\ud83c\udf2a\ud83e\udea8\n|-damage|p2a: \ud83c\udf2cBOMBIRDIER\ud83c\udf2a\ud83e\udea8|0 fnt\n|faint|p2a: \ud83c\udf2cBOMBIRDIER\ud83c\udf2a\ud83e\udea8\n|\n|upkeep\n|inactive|AERO-M0DE\u2b06\ufe0f has 120 seconds left.\n|\n|t:|1699815604\n|switch|p2a: \ud83c\udf2cAERODACTYL\ud83c\udf2a\ud83c\udf2a|Aerodactyl, M, shiny|100\/100\n|-ability|p2a: \ud83c\udf2cAERODACTYL\ud83c\udf2a\ud83c\udf2a|Pressure\n|turn|19\n|\n|t:|1699815611\n|detailschange|p2a: \ud83c\udf2cAERODACTYL\ud83c\udf2a\ud83c\udf2a|Aerodactyl-Mega, M, shiny\n|-mega|p2a: \ud83c\udf2cAERODACTYL\ud83c\udf2a\ud83c\udf2a|Aerodactyl|Aerodactylite\n|move|p1a: Unfezant|Hypnosis|p2a: \ud83c\udf2cAERODACTYL\ud83c\udf2a\ud83c\udf2a|[miss]\n|-miss|p1a: Unfezant|p2a: \ud83c\udf2cAERODACTYL\ud83c\udf2a\ud83c\udf2a\n|move|p2a: \ud83c\udf2cAERODACTYL\ud83c\udf2a\ud83c\udf2a|Hone Claws|p2a: \ud83c\udf2cAERODACTYL\ud83c\udf2a\ud83c\udf2a\n|-boost|p2a: \ud83c\udf2cAERODACTYL\ud83c\udf2a\ud83c\udf2a|atk|1\n|-boost|p2a: \ud83c\udf2cAERODACTYL\ud83c\udf2a\ud83c\udf2a|accuracy|1\n|\n|upkeep\n|turn|20\n|\n|t:|1699815622\n|move|p1a: Unfezant|Hypnosis|p2a: \ud83c\udf2cAERODACTYL\ud83c\udf2a\ud83c\udf2a|[miss]\n|-miss|p1a: Unfezant|p2a: \ud83c\udf2cAERODACTYL\ud83c\udf2a\ud83c\udf2a\n|move|p2a: \ud83c\udf2cAERODACTYL\ud83c\udf2a\ud83c\udf2a|Fly||[still]\n|-prepare|p2a: \ud83c\udf2cAERODACTYL\ud83c\udf2a\ud83c\udf2a|Fly\n|\n|-sideend|p1: sehmuz|move: Tailwind\n|upkeep\n|turn|21\n|\n|t:|1699815634\n|move|p2a: \ud83c\udf2cAERODACTYL\ud83c\udf2a\ud83c\udf2a|Fly|p1a: Unfezant|[from]lockedmove\n|-crit|p1a: Unfezant\n|-damage|p1a: Unfezant|0 fnt\n|faint|p1a: Unfezant\n|\n|-sideend|p2: AERO-M0DE\u2b06\ufe0f|Reflect\n|upkeep\n|inactive|sehmuz has 120 seconds left.\n|\n|t:|1699815669\n|switch|p1a: Jirachi|Jirachi, tera:Steel|82\/100 par\n|turn|22\n|\n|t:|1699815683\n|move|p2a: \ud83c\udf2cAERODACTYL\ud83c\udf2a\ud83c\udf2a|Sky Drop||[still]\n|-prepare|p2a: \ud83c\udf2cAERODACTYL\ud83c\udf2a\ud83c\udf2a|Sky Drop|p1a: Jirachi\n|\n|-sideend|p1: sehmuz|move: Light Screen\n|upkeep\n|turn|23\n|\n|t:|1699815691\n|move|p2a: \ud83c\udf2cAERODACTYL\ud83c\udf2a\ud83c\udf2a|Sky Drop|p1a: Jirachi|[from]lockedmove\n|-resisted|p1a: Jirachi\n|-damage|p1a: Jirachi|51\/100 par\n|-end|p1a: Jirachi|Sky Drop\n|move|p1a: Jirachi|Iron Head|p2a: \ud83c\udf2cAERODACTYL\ud83c\udf2a\ud83c\udf2a\n|-supereffective|p2a: \ud83c\udf2cAERODACTYL\ud83c\udf2a\ud83c\udf2a\n|-damage|p2a: \ud83c\udf2cAERODACTYL\ud83c\udf2a\ud83c\udf2a|0 fnt\n|faint|p2a: \ud83c\udf2cAERODACTYL\ud83c\udf2a\ud83c\udf2a\n|\n|upkeep\n|\n|t:|1699815705\n|switch|p2a: \ud83c\udf2cSIGILYPH\ud83c\udf2a|Sigilyph, F, shiny|39\/100\n|turn|24\n|\n|t:|1699815716\n|switch|p1a: Moltres|Moltres-Galar|100\/100\n|move|p2a: \ud83c\udf2cSIGILYPH\ud83c\udf2a|Reflect|p2a: \ud83c\udf2cSIGILYPH\ud83c\udf2a\n|-sidestart|p2: AERO-M0DE\u2b06\ufe0f|Reflect\n|\n|upkeep\n|turn|25\n|\n|t:|1699815724\n|move|p2a: \ud83c\udf2cSIGILYPH\ud83c\udf2a|Light Screen|p2a: \ud83c\udf2cSIGILYPH\ud83c\udf2a\n|-sidestart|p2: AERO-M0DE\u2b06\ufe0f|move: Light Screen\n|move|p1a: Moltres|Agility|p1a: Moltres\n|-boost|p1a: Moltres|spe|2\n|\n|upkeep\n|turn|26\n|\n|t:|1699815733\n|move|p1a: Moltres|Nasty Plot|p1a: Moltres\n|-boost|p1a: Moltres|spa|2\n|move|p2a: \ud83c\udf2cSIGILYPH\ud83c\udf2a|Thunder Wave|p1a: Moltres\n|-status|p1a: Moltres|par\n|\n|upkeep\n|turn|27\n|\n|t:|1699815753\n|move|p2a: \ud83c\udf2cSIGILYPH\ud83c\udf2a|Air Slash|p1a: Moltres|[miss]\n|-miss|p2a: \ud83c\udf2cSIGILYPH\ud83c\udf2a|p1a: Moltres\n|move|p1a: Moltres|Agility|p1a: Moltres\n|-boost|p1a: Moltres|spe|2\n|\n|upkeep\n|turn|28\n|\n|t:|1699815763\n|move|p1a: Moltres|Fiery Wrath|p2a: \ud83c\udf2cSIGILYPH\ud83c\udf2a\n|-supereffective|p2a: \ud83c\udf2cSIGILYPH\ud83c\udf2a\n|-damage|p2a: \ud83c\udf2cSIGILYPH\ud83c\udf2a|0 fnt\n|faint|p2a: \ud83c\udf2cSIGILYPH\ud83c\udf2a\n|\n|upkeep\n|\n|t:|1699815771\n|switch|p2a: \ud83c\udf2cHAWLUCHA\ud83c\udf2a\ud83c\udf2a|Hawlucha, M|100\/100\n|turn|29\n|\n|t:|1699815784\n|move|p1a: Moltres|Hurricane|p2a: \ud83c\udf2cHAWLUCHA\ud83c\udf2a\ud83c\udf2a|[miss]\n|-miss|p1a: Moltres|p2a: \ud83c\udf2cHAWLUCHA\ud83c\udf2a\ud83c\udf2a\n|move|p2a: \ud83c\udf2cHAWLUCHA\ud83c\udf2a\ud83c\udf2a|Sky Attack||[still]\n|-prepare|p2a: \ud83c\udf2cHAWLUCHA\ud83c\udf2a\ud83c\udf2a|Sky Attack\n|-enditem|p2a: \ud83c\udf2cHAWLUCHA\ud83c\udf2a\ud83c\udf2a|Power Herb\n|-anim|p2a: \ud83c\udf2cHAWLUCHA\ud83c\udf2a\ud83c\udf2a|Sky Attack|p1a: Moltres\n|-damage|p1a: Moltres|33\/100 par\n|-ability|p1a: Moltres|Berserk|boost\n|-boost|p1a: Moltres|spa|1\n|-enditem|p1a: Moltres|Sitrus Berry|[eat]\n|-heal|p1a: Moltres|58\/100 par|[from] item: Sitrus Berry\n|\n|upkeep\n|turn|30\n|\n|t:|1699815801\n|-terastallize|p2a: \ud83c\udf2cHAWLUCHA\ud83c\udf2a\ud83c\udf2a|Flying\n|move|p2a: \ud83c\udf2cHAWLUCHA\ud83c\udf2a\ud83c\udf2a|Brave Bird|p1a: Moltres\n|-damage|p1a: Moltres|0 fnt\n|faint|p1a: Moltres\n|-damage|p2a: \ud83c\udf2cHAWLUCHA\ud83c\udf2a\ud83c\udf2a|80\/100|[from] Recoil\n|\n|upkeep\n|\n|t:|1699815812\n|switch|p1a: Togekiss|Togekiss, F|100\/100\n|turn|31\n|\n|t:|1699815830\n|move|p2a: \ud83c\udf2cHAWLUCHA\ud83c\udf2a\ud83c\udf2a|Brave Bird|p1a: Togekiss\n|-damage|p1a: Togekiss|38\/100\n|-damage|p2a: \ud83c\udf2cHAWLUCHA\ud83c\udf2a\ud83c\udf2a|54\/100|[from] Recoil\n|move|p1a: Togekiss|Toxic|p2a: \ud83c\udf2cHAWLUCHA\ud83c\udf2a\ud83c\udf2a\n|-status|p2a: \ud83c\udf2cHAWLUCHA\ud83c\udf2a\ud83c\udf2a|tox\n|\n|-damage|p2a: \ud83c\udf2cHAWLUCHA\ud83c\udf2a\ud83c\udf2a|48\/100 tox|[from] psn\n|-sideend|p2: AERO-M0DE\u2b06\ufe0f|Reflect\n|upkeep\n|turn|32\n|\n|t:|1699815841\n|move|p1a: Togekiss|Protect|p1a: Togekiss\n|-singleturn|p1a: Togekiss|Protect\n|move|p2a: \ud83c\udf2cHAWLUCHA\ud83c\udf2a\ud83c\udf2a|Acrobatics|p1a: Togekiss\n|-activate|p1a: Togekiss|move: Protect\n|\n|-damage|p2a: \ud83c\udf2cHAWLUCHA\ud83c\udf2a\ud83c\udf2a|36\/100 tox|[from] psn\n|-sideend|p2: AERO-M0DE\u2b06\ufe0f|move: Light Screen\n|upkeep\n|turn|33\n|\n|t:|1699815861\n|move|p2a: \ud83c\udf2cHAWLUCHA\ud83c\udf2a\ud83c\udf2a|Acrobatics|p1a: Togekiss\n|-damage|p1a: Togekiss|0 fnt\n|faint|p1a: Togekiss\n|\n|-damage|p2a: \ud83c\udf2cHAWLUCHA\ud83c\udf2a\ud83c\udf2a|18\/100 tox|[from] psn\n|upkeep\n|\n|t:|1699815867\n|switch|p1a: Shaymin|Shaymin-Sky|100\/100\n|turn|34\n|\n|t:|1699815891\n|move|p2a: \ud83c\udf2cHAWLUCHA\ud83c\udf2a\ud83c\udf2a|Acrobatics|p1a: Shaymin\n|-supereffective|p1a: Shaymin\n|-damage|p1a: Shaymin|0 fnt\n|faint|p1a: Shaymin\n|\n|-damage|p2a: \ud83c\udf2cHAWLUCHA\ud83c\udf2a\ud83c\udf2a|0 fnt|[from] psn\n|faint|p2a: \ud83c\udf2cHAWLUCHA\ud83c\udf2a\ud83c\udf2a\n|upkeep\n|\n|t:|1699815901\n|switch|p1a: Jirachi|Jirachi, tera:Steel|51\/100 par\n|switch|p2a: \ud83c\udf2cFLAMIGO\ud83c\udf2a|Flamigo, M, shiny|100\/100\n|turn|35\n|\n|t:|1699815918\n|-zpower|p2a: \ud83c\udf2cFLAMIGO\ud83c\udf2a\n|move|p2a: \ud83c\udf2cFLAMIGO\ud83c\udf2a|Supersonic Skystrike|p1a: Jirachi|[zeffect]\n|-resisted|p1a: Jirachi\n|-damage|p1a: Jirachi|5\/100 par\n|move|p1a: Jirachi|Ancient Power|p2a: \ud83c\udf2cFLAMIGO\ud83c\udf2a\n|-damage|p2a: \ud83c\udf2cFLAMIGO\ud83c\udf2a|79\/100\n|\n|upkeep\n|turn|36\n|\n|t:|1699815930\n|move|p2a: \ud83c\udf2cFLAMIGO\ud83c\udf2a|Brave Bird|p1a: Jirachi\n|-resisted|p1a: Jirachi\n|-damage|p1a: Jirachi|0 fnt\n|faint|p1a: Jirachi\n|-damage|p2a: \ud83c\udf2cFLAMIGO\ud83c\udf2a|78\/100|[from] Recoil\n|\n|win|AERO-M0DE\u2b06\ufe0f\n|raw|sehmuz's rating: 1118 &rarr; <strong>1094<\/strong><br \/>(-24 for losing)\n|raw|AERO-M0DE\u2b06\ufe0f's rating: 1131 &rarr; <strong>1155<\/strong><br \/>(+24 for winning)\n|l|\u2606sehmuz\n","uploadtime":1699815979,"views":5,"p1id":"sehmuz","p2id":"aerom0de","formatid":"gen9nationaldexubers","rating":1094,"private":0,"password":""}