{"id":"gen9nationaldexubers-1995578077","p1":"Rodan123","p2":"Reality_Check56","format":"[Gen 9] National Dex Ubers","log":"|j|\u2606Rodan123\n|j|\u2606Reality_Check56\n|t:|1700584464\n|gametype|singles\n|player|p1|Rodan123|fisherman-gen4|1146\n|player|p2|Reality_Check56|cogita|1218\n|teamsize|p1|6\n|teamsize|p2|6\n|gen|9\n|tier|[Gen 9] National Dex Ubers\n|rated|\n|rule|HP Percentage Mod: HP is shown in percentages\n|rule|Endless Battle Clause: Forcing endless battles is banned\n|rule|OHKO Clause: OHKO moves are banned\n|rule|Evasion Moves Clause: Evasion moves are banned\n|rule|Evasion Items Clause: Evasion items are banned\n|rule|Species Clause: Limit one of each Pok\u00e9mon\n|rule|Sleep Clause Mod: Limit one foe put to sleep\n|rule|Mega Rayquaza Clause: You cannot mega evolve Rayquaza\n|clearpoke\n|poke|p1|Deoxys-Attack|\n|poke|p1|Kyogre|\n|poke|p1|Crobat, M|\n|poke|p1|Aerodactyl, M|\n|poke|p1|Lunala|\n|poke|p1|Salazzle, F|\n|poke|p2|Yveltal|\n|poke|p2|Necrozma-Dusk-Mane|\n|poke|p2|Arceus|\n|poke|p2|Eternatus|\n|poke|p2|Giratina-Origin|\n|poke|p2|Xerneas-*|\n|teampreview\n|j| ShinugoIzakawa\n|j| YoWah\n|c|\u2606Reality_Check56|glhf\n|j| Skwovetboi\n|l| ShinugoIzakawa\n|j| Japan\n|\n|t:|1700584479\n|start\n|switch|p1a: Salazzle|Salazzle, F|100\/100\n|switch|p2a: Necrozma|Necrozma-Dusk-Mane|100\/100\n|turn|1\n|j| MagnificentGengar\n|c| YoWah|oh geez\n|l| Skwovetboi\n|\n|t:|1700584488\n|move|p1a: Salazzle|Toxic|p2a: Necrozma\n|-status|p2a: Necrozma|tox\n|move|p2a: Necrozma|Stealth Rock|p1a: Salazzle\n|-sidestart|p1: Rodan123|move: Stealth Rock\n|\n|-damage|p2a: Necrozma|94\/100 tox|[from] psn\n|upkeep\n|turn|2\n|\n|t:|1700584497\n|move|p1a: Salazzle|Fire Blast|p2a: Necrozma\n|-supereffective|p2a: Necrozma\n|-damage|p2a: Necrozma|45\/100 tox\n|move|p2a: Necrozma|Sunsteel Strike|p1a: Salazzle\n|-resisted|p1a: Salazzle\n|-damage|p1a: Salazzle|52\/100\n|\n|-damage|p2a: Necrozma|32\/100 tox|[from] psn\n|upkeep\n|turn|3\n|\n|t:|1700584505\n|move|p1a: Salazzle|Fire Blast|p2a: Necrozma\n|-supereffective|p2a: Necrozma\n|-damage|p2a: Necrozma|0 fnt\n|faint|p2a: Necrozma\n|\n|upkeep\n|\n|t:|1700584513\n|switch|p2a: Eternatus|Eternatus|100\/100\n|-ability|p2a: Eternatus|Pressure\n|turn|4\n|\n|t:|1700584525\n|move|p1a: Salazzle|Toxic|p2a: Eternatus\n|-status|p2a: Eternatus|tox\n|move|p2a: Eternatus|Flamethrower|p1a: Salazzle\n|-resisted|p1a: Salazzle\n|-damage|p1a: Salazzle|25\/100\n|\n|-damage|p2a: Eternatus|94\/100 tox|[from] psn\n|upkeep\n|turn|5\n|\n|t:|1700584532\n|move|p1a: Salazzle|Dragon Pulse|p2a: Eternatus\n|-supereffective|p2a: Eternatus\n|-damage|p2a: Eternatus|61\/100 tox\n|move|p2a: Eternatus|Toxic Spikes|p1a: Salazzle\n|-sidestart|p1: Rodan123|move: Toxic Spikes\n|\n|-heal|p2a: Eternatus|67\/100 tox|[from] item: Leftovers\n|-damage|p2a: Eternatus|55\/100 tox|[from] psn\n|upkeep\n|turn|6\n|\n|t:|1700584542\n|move|p1a: Salazzle|Dragon Pulse|p2a: Eternatus\n|-supereffective|p2a: Eternatus\n|-damage|p2a: Eternatus|23\/100 tox\n|move|p2a: Eternatus|Sludge Bomb|p1a: Salazzle\n|-resisted|p1a: Salazzle\n|-damage|p1a: Salazzle|0 fnt\n|faint|p1a: Salazzle\n|\n|-heal|p2a: Eternatus|29\/100 tox|[from] item: Leftovers\n|-damage|p2a: Eternatus|10\/100 tox|[from] psn\n|upkeep\n|\n|t:|1700584549\n|switch|p1a: Aerodactyl|Aerodactyl, M, shiny|100\/100\n|-damage|p1a: Aerodactyl|76\/100|[from] Stealth Rock\n|turn|7\n|\n|t:|1700584554\n|detailschange|p1a: Aerodactyl|Aerodactyl-Mega, M, shiny\n|-mega|p1a: Aerodactyl|Aerodactyl|Aerodactylite\n|move|p1a: Aerodactyl|Dragon Claw|p2a: Eternatus\n|-supereffective|p2a: Eternatus\n|-damage|p2a: Eternatus|0 fnt\n|faint|p2a: Eternatus\n|\n|upkeep\n|c| YoWah|no way\n|\n|t:|1700584561\n|switch|p2a: Xerneas|Xerneas|100\/100\n|-ability|p2a: Xerneas|Fairy Aura\n|turn|8\n|c| YoWah|mega\n|\n|t:|1700584568\n|move|p1a: Aerodactyl|Dual Wingbeat|p2a: Xerneas\n|-damage|p2a: Xerneas|75\/100\n|-damage|p2a: Xerneas|51\/100\n|-hitcount|p2a: Xerneas|2\n|move|p2a: Xerneas|Geomancy||[still]\n|-prepare|p2a: Xerneas|Geomancy\n|-enditem|p2a: Xerneas|Power Herb\n|-anim|p2a: Xerneas|Geomancy|p2a: Xerneas\n|-boost|p2a: Xerneas|spa|2\n|-boost|p2a: Xerneas|spd|2\n|-boost|p2a: Xerneas|spe|2\n|\n|upkeep\n|turn|9\n|\n|t:|1700584577\n|move|p2a: Xerneas|Thunderbolt|p1a: Aerodactyl\n|-supereffective|p1a: Aerodactyl\n|-damage|p1a: Aerodactyl|0 fnt\n|faint|p1a: Aerodactyl\n|\n|upkeep\n|c|\u2606Reality_Check56|Yea mega\n|\n|t:|1700584587\n|switch|p1a: Lunala|Lunala|100\/100\n|-damage|p1a: Lunala|88\/100|[from] Stealth Rock\n|-status|p1a: Lunala|psn\n|turn|10\n|l| Japan\n|\n|t:|1700584591\n|move|p2a: Xerneas|Moonblast|p1a: Lunala\n|-damage|p1a: Lunala|3\/100 psn\n|-unboost|p1a: Lunala|spa|1\n|-zpower|p1a: Lunala\n|move|p1a: Lunala|Menacing Moonraze Maelstrom|p2a: Xerneas|[zeffect]\n|-damage|p2a: Xerneas|19\/100\n|\n|-damage|p1a: Lunala|0 fnt|[from] psn\n|faint|p1a: Lunala\n|upkeep\n|\n|t:|1700584597\n|switch|p1a: Kyogre|Kyogre|100\/100\n|-damage|p1a: Kyogre|88\/100|[from] Stealth Rock\n|-status|p1a: Kyogre|psn\n|detailschange|p1a: Kyogre|Kyogre-Primal\n|-primal|p1a: Kyogre|Blue Orb\n|-weather|PrimordialSea|[from] ability: Primordial Sea|[of] p1a: Kyogre\n|turn|11\n|\n|t:|1700584609\n|move|p2a: Xerneas|Thunderbolt|p1a: Kyogre\n|-supereffective|p1a: Kyogre\n|-damage|p1a: Kyogre|6\/100 psn\n|move|p1a: Kyogre|Origin Pulse|p2a: Xerneas\n|-damage|p2a: Xerneas|0 fnt\n|faint|p2a: Xerneas\n|\n|-weather|PrimordialSea|[upkeep]\n|-damage|p1a: Kyogre|0 fnt|[from] psn\n|faint|p1a: Kyogre\n|-weather|none\n|upkeep\n|\n|t:|1700584618\n|switch|p2a: Giratina|Giratina-Origin|100\/100\n|switch|p1a: Crobat|Crobat, M|100\/100\n|-damage|p1a: Crobat|75\/100|[from] Stealth Rock\n|turn|12\n|\n|t:|1700584626\n|-terastallize|p2a: Giratina|Poison\n|move|p1a: Crobat|Poison Fang|p2a: Giratina\n|-resisted|p2a: Giratina\n|-damage|p2a: Giratina|94\/100\n|move|p2a: Giratina|Will-O-Wisp|p1a: Crobat|[miss]\n|-miss|p2a: Giratina|p1a: Crobat\n|\n|upkeep\n|turn|13\n|\n|t:|1700584633\n|move|p1a: Crobat|Defog|p2a: Giratina\n|-unboost|p2a: Giratina|evasion|1\n|-sideend|p1: Rodan123|Toxic Spikes|[from] move: Defog|[of] p1a: Crobat\n|-sideend|p1: Rodan123|Stealth Rock|[from] move: Defog|[of] p1a: Crobat\n|move|p2a: Giratina|Will-O-Wisp|p1a: Crobat|[miss]\n|-miss|p2a: Giratina|p1a: Crobat\n|\n|upkeep\n|turn|14\n|j| catomic756\n|\n|t:|1700584640\n|move|p1a: Crobat|Super Fang|p2a: Giratina\n|-damage|p2a: Giratina|47\/100\n|move|p2a: Giratina|Will-O-Wisp|p1a: Crobat\n|-status|p1a: Crobat|brn\n|\n|-damage|p1a: Crobat|69\/100 brn|[from] brn\n|upkeep\n|turn|15\n|l| MagnificentGengar\n|\n|t:|1700584648\n|switch|p2a: Arceus|Arceus|100\/100\n|move|p1a: Crobat|Tailwind|p1a: Crobat\n|-sidestart|p1: Rodan123|move: Tailwind\n|\n|-damage|p1a: Crobat|63\/100 brn|[from] brn\n|upkeep\n|turn|16\n|\n|t:|1700584653\n|move|p2a: Arceus|Extreme Speed|p1a: Crobat\n|-damage|p1a: Crobat|6\/100 brn\n|move|p1a: Crobat|Poison Fang|p2a: Arceus\n|-damage|p2a: Arceus|93\/100\n|\n|-damage|p1a: Crobat|0 fnt|[from] brn\n|faint|p1a: Crobat\n|upkeep\n|\n|t:|1700584656\n|switch|p1a: Deoxys|Deoxys-Attack|100\/100\n|-ability|p1a: Deoxys|Pressure\n|turn|17\n|c|\u2606Reality_Check56|Gg\n|\n|t:|1700584666\n|-terastallize|p1a: Deoxys|Psychic\n|move|p1a: Deoxys|Psycho Boost|p2a: Arceus\n|-damage|p2a: Arceus|0 fnt\n|-unboost|p1a: Deoxys|spa|2\n|faint|p2a: Arceus\n|-damage|p1a: Deoxys|91\/100|[from] item: Life Orb\n|\n|upkeep\n|c|\u2606Reality_Check56|heh\n|\n|t:|1700584673\n|switch|p2a: Yveltal|Yveltal|100\/100\n|-ability|p2a: Yveltal|Dark Aura\n|turn|18\n|\n|t:|1700584678\n|move|p1a: Deoxys|Ice Beam|p2a: Yveltal\n|-supereffective|p2a: Yveltal\n|-damage|p2a: Yveltal|58\/100\n|-damage|p1a: Deoxys|81\/100|[from] item: Life Orb\n|move|p2a: Yveltal|Toxic|p1a: Deoxys\n|-status|p1a: Deoxys|tox\n|\n|-damage|p1a: Deoxys|74\/100 tox|[from] psn\n|-sideend|p1: Rodan123|move: Tailwind\n|upkeep\n|turn|19\n|\n|t:|1700584686\n|move|p1a: Deoxys|Ice Beam|p2a: Yveltal\n|-supereffective|p2a: Yveltal\n|-damage|p2a: Yveltal|20\/100\n|-damage|p1a: Deoxys|65\/100 tox|[from] item: Life Orb\n|move|p2a: Yveltal|Foul Play|p1a: Deoxys\n|-supereffective|p1a: Deoxys\n|-damage|p1a: Deoxys|0 fnt\n|faint|p1a: Deoxys\n|\n|win|Reality_Check56\n|raw|Rodan123's rating: 1146 &rarr; <strong>1126<\/strong><br \/>(-20 for losing)\n|raw|Reality_Check56's rating: 1218 &rarr; <strong>1238<\/strong><br \/>(+20 for winning)\n|l|\u2606Rodan123\n","uploadtime":1700584693,"views":1,"p1id":"rodan123","p2id":"realitycheck56","formatid":"gen9nationaldexubers","rating":1126,"private":0,"password":""}