{"id":"gen9nationaldexubers-1988762019","p1":"Soldier23154","p2":"xikeso","format":"[Gen 9] National Dex Ubers","log":"|j|\u2606Soldier23154\n|j|\u2606xikeso\n|t:|1699759839\n|gametype|singles\n|player|p1|Soldier23154|steven|1470\n|player|p2|xikeso|iono|1468\n|teamsize|p1|6\n|teamsize|p2|6\n|gen|9\n|tier|[Gen 9] National Dex Ubers\n|rated|\n|rule|HP Percentage Mod: HP is shown in percentages\n|rule|Endless Battle Clause: Forcing endless battles is banned\n|rule|OHKO Clause: OHKO moves are banned\n|rule|Evasion Moves Clause: Evasion moves are banned\n|rule|Evasion Items Clause: Evasion items are banned\n|rule|Species Clause: Limit one of each Pok\u00e9mon\n|rule|Sleep Clause Mod: Limit one foe put to sleep\n|rule|Mega Rayquaza Clause: You cannot mega evolve Rayquaza\n|clearpoke\n|poke|p1|Yveltal|\n|poke|p1|Ho-Oh|\n|poke|p1|Xerneas-*|\n|poke|p1|Groudon|\n|poke|p1|Kyogre|\n|poke|p1|Necrozma-Dusk-Mane|\n|poke|p2|Glimmora, M|\n|poke|p2|Chansey, F|\n|poke|p2|Arceus|\n|poke|p2|Xerneas-*|\n|poke|p2|Salamence, M|\n|poke|p2|Hatterene, F|\n|teampreview\n|inactive|Battle timer is ON: inactive players will automatically lose when time's up. (requested by xikeso)\n|\n|t:|1699759850\n|start\n|switch|p1a: Necrozma|Necrozma-Dusk-Mane|100\/100\n|switch|p2a: Glimmora|Glimmora, M|100\/100\n|turn|1\n|\n|t:|1699759859\n|move|p2a: Glimmora|Stealth Rock|p1a: Necrozma\n|-sidestart|p1: Soldier23154|move: Stealth Rock\n|move|p1a: Necrozma|Stealth Rock|p2a: Glimmora\n|-sidestart|p2: xikeso|move: Stealth Rock\n|\n|upkeep\n|turn|2\n|\n|t:|1699759865\n|move|p2a: Glimmora|Spikes|p1a: Necrozma\n|-sidestart|p1: Soldier23154|Spikes\n|move|p1a: Necrozma|Light Screen|p1a: Necrozma\n|-sidestart|p1: Soldier23154|move: Light Screen\n|\n|upkeep\n|turn|3\n|\n|t:|1699759870\n|move|p2a: Glimmora|Spikes|p1a: Necrozma\n|-sidestart|p1: Soldier23154|Spikes\n|move|p1a: Necrozma|Reflect|p1a: Necrozma\n|-sidestart|p1: Soldier23154|Reflect\n|\n|upkeep\n|turn|4\n|\n|t:|1699759880\n|switch|p1a: Groudon|Groudon|100\/100\n|-damage|p1a: Groudon|94\/100|[from] Stealth Rock\n|-damage|p1a: Groudon|78\/100|[from] Spikes\n|detailschange|p1a: Groudon|Groudon-Primal\n|-primal|p1a: Groudon|Red Orb\n|-weather|DesolateLand|[from] ability: Desolate Land|[of] p1a: Groudon\n|move|p2a: Glimmora|Spikes|p1a: Groudon\n|-sidestart|p1: Soldier23154|Spikes\n|\n|-weather|DesolateLand|[upkeep]\n|upkeep\n|turn|5\n|\n|t:|1699759890\n|move|p2a: Glimmora|Mortal Spin|p1a: Groudon\n|-resisted|p1a: Groudon\n|-damage|p1a: Groudon|77\/100\n|-status|p1a: Groudon|psn\n|-sideend|p2: xikeso|Stealth Rock|[from] move: Mortal Spin|[of] p2a: Glimmora\n|move|p1a: Groudon|Rock Polish|p1a: Groudon\n|-boost|p1a: Groudon|spe|2\n|\n|-weather|DesolateLand|[upkeep]\n|-damage|p1a: Groudon|65\/100 psn|[from] psn\n|upkeep\n|turn|6\n|\n|t:|1699759906\n|move|p1a: Groudon|Swords Dance|p1a: Groudon\n|-boost|p1a: Groudon|atk|2\n|move|p2a: Glimmora|Earth Power|p1a: Groudon\n|-supereffective|p1a: Groudon\n|-damage|p1a: Groudon|31\/100 psn\n|-unboost|p1a: Groudon|spd|1\n|\n|-weather|DesolateLand|[upkeep]\n|-damage|p1a: Groudon|19\/100 psn|[from] psn\n|upkeep\n|turn|7\n|\n|t:|1699759916\n|move|p1a: Groudon|Earthquake|p2a: Glimmora\n|-supereffective|p2a: Glimmora\n|-enditem|p2a: Glimmora|Focus Sash\n|-damage|p2a: Glimmora|1\/100\n|-activate|p2a: Glimmora|ability: Toxic Debris\n|-sidestart|p1: Soldier23154|move: Toxic Spikes\n|move|p2a: Glimmora|Earth Power|p1a: Groudon\n|-supereffective|p1a: Groudon\n|-damage|p1a: Groudon|0 fnt\n|faint|p1a: Groudon\n|-weather|none\n|\n|upkeep\n|\n|t:|1699759926\n|switch|p1a: Ho-Oh|Ho-Oh|100\/100\n|turn|8\n|inactive|xikeso has 120 seconds left.\n|\n|t:|1699759960\n|switch|p2a: Salamence|Salamence, M|100\/100\n|-ability|p2a: Salamence|Intimidate|boost\n|-unboost|p1a: Ho-Oh|atk|1\n|move|p1a: Ho-Oh|Defog|p2a: Salamence\n|-unboost|p2a: Salamence|evasion|1\n|-sideend|p1: Soldier23154|Spikes|[from] move: Defog|[of] p1a: Ho-Oh\n|-sideend|p1: Soldier23154|Toxic Spikes|[from] move: Defog|[of] p1a: Ho-Oh\n|-sideend|p1: Soldier23154|Stealth Rock|[from] move: Defog|[of] p1a: Ho-Oh\n|\n|upkeep\n|turn|9\n|inactive|xikeso has 120 seconds left.\n|\n|t:|1699759974\n|move|p2a: Salamence|Dragon Dance|p2a: Salamence\n|-boost|p2a: Salamence|atk|1\n|-boost|p2a: Salamence|spe|1\n|move|p1a: Ho-Oh|Toxic|p2a: Salamence\n|-status|p2a: Salamence|tox\n|\n|-damage|p2a: Salamence|94\/100 tox|[from] psn\n|-sideend|p1: Soldier23154|move: Light Screen\n|upkeep\n|turn|10\n|\n|t:|1699759999\n|switch|p1a: Xerneas|Xerneas|100\/100\n|-ability|p1a: Xerneas|Fairy Aura\n|detailschange|p2a: Salamence|Salamence-Mega, M\n|-mega|p2a: Salamence|Salamence|Salamencite\n|move|p2a: Salamence|Facade|p1a: Xerneas\n|-damage|p1a: Xerneas|34\/100\n|\n|-damage|p2a: Salamence|82\/100 tox|[from] psn\n|-sideend|p1: Soldier23154|Reflect\n|upkeep\n|turn|11\n|\n|t:|1699760013\n|move|p2a: Salamence|Return|p1a: Xerneas\n|-damage|p1a: Xerneas|0 fnt\n|faint|p1a: Xerneas\n|\n|-damage|p2a: Salamence|64\/100 tox|[from] psn\n|upkeep\n|\n|t:|1699760025\n|switch|p1a: Necrozma|Necrozma-Dusk-Mane|100\/100\n|turn|12\n|\n|t:|1699760037\n|move|p2a: Salamence|Facade|p1a: Necrozma\n|-resisted|p1a: Necrozma\n|-damage|p1a: Necrozma|45\/100\n|move|p1a: Necrozma|Sunsteel Strike|p2a: Salamence\n|-damage|p2a: Salamence|7\/100 tox\n|\n|-damage|p2a: Salamence|0 fnt|[from] psn\n|faint|p2a: Salamence\n|upkeep\n|inactive|xikeso has 120 seconds left.\n|\n|t:|1699760054\n|switch|p2a: Arceus|Arceus|100\/100\n|turn|13\n|\n|t:|1699760059\n|move|p2a: Arceus|Shadow Claw|p1a: Necrozma\n|-supereffective|p1a: Necrozma\n|-damage|p1a: Necrozma|20\/100\n|move|p1a: Necrozma|Stealth Rock|p2a: Arceus\n|-sidestart|p2: xikeso|move: Stealth Rock\n|\n|upkeep\n|turn|14\n|\n|t:|1699760069\n|move|p2a: Arceus|Shadow Claw|p1a: Necrozma\n|-supereffective|p1a: Necrozma\n|-damage|p1a: Necrozma|0 fnt\n|faint|p1a: Necrozma\n|\n|upkeep\n|\n|t:|1699760098\n|switch|p1a: Yveltal|Yveltal|100\/100\n|-ability|p1a: Yveltal|Dark Aura\n|turn|15\n|\n|t:|1699760106\n|move|p1a: Yveltal|Oblivion Wing|p2a: Arceus\n|-damage|p2a: Arceus|60\/100\n|-damage|p1a: Yveltal|91\/100|[from] item: Life Orb\n|move|p2a: Arceus|Swords Dance|p2a: Arceus\n|-boost|p2a: Arceus|atk|2\n|\n|upkeep\n|turn|16\n|\n|t:|1699760115\n|-terastallize|p2a: Arceus|Normal\n|move|p2a: Arceus|Extreme Speed|p1a: Yveltal\n|-damage|p1a: Yveltal|0 fnt\n|faint|p1a: Yveltal\n|\n|upkeep\n|-message|Soldier23154 forfeited.\n|\n|win|xikeso\n|raw|Soldier23154's rating: 1470 &rarr; <strong>1450<\/strong><br \/>(-20 for losing)\n|raw|xikeso's rating: 1468 &rarr; <strong>1488<\/strong><br \/>(+20 for winning)\n|l|\u2606Soldier23154\n","uploadtime":1699760125,"views":8,"p1id":"soldier23154","p2id":"xikeso","formatid":"gen9nationaldexubers","rating":1450,"private":0,"password":""}