{"id":"gen9nationaldexubers-1999727634","p1":"Soyeon is a cutie","p2":"Are En Gee","format":"[Gen 9] National Dex Ubers","log":"|j|\u2606Soyeon is a cutie\n|j|\u2606Are En Gee\n|t:|1701111397\n|gametype|singles\n|player|p1|Soyeon is a cutie|idol|1750\n|player|p2|Are En Gee|zinnia|1764\n|teamsize|p1|6\n|teamsize|p2|6\n|gen|9\n|tier|[Gen 9] National Dex Ubers\n|rated|\n|rule|HP Percentage Mod: HP is shown in percentages\n|rule|Endless Battle Clause: Forcing endless battles is banned\n|rule|OHKO Clause: OHKO moves are banned\n|rule|Evasion Moves Clause: Evasion moves are banned\n|rule|Evasion Items Clause: Evasion items are banned\n|rule|Species Clause: Limit one of each Pok\u00e9mon\n|rule|Sleep Clause Mod: Limit one foe put to sleep\n|rule|Mega Rayquaza Clause: You cannot mega evolve Rayquaza\n|clearpoke\n|poke|p1|Eternatus|\n|poke|p1|Ditto|\n|poke|p1|Ho-Oh|\n|poke|p1|Groudon|\n|poke|p1|Arceus-Water|\n|poke|p1|Yveltal|\n|poke|p2|Zygarde|\n|poke|p2|Arceus-Water|\n|poke|p2|Scizor, M|\n|poke|p2|Ferrothorn, F|\n|poke|p2|Ho-Oh|\n|poke|p2|Ditto|\n|teampreview\n|inactive|Battle timer is ON: inactive players will automatically lose when time's up. (requested by Soyeon is a cutie)\n|\n|t:|1701111408\n|start\n|switch|p1a: Ho-Oh|Ho-Oh|100\/100\n|switch|p2a: Ditto|Ditto|100\/100\n|-transform|p2a: Ditto|p1a: Ho-Oh|[from] ability: Imposter\n|turn|1\n|\n|t:|1701111414\n|switch|p2a: Ho-Oh|Ho-Oh|100\/100\n|switch|p1a: Arceus|Arceus-Water|100\/100\n|\n|upkeep\n|turn|2\n|\n|t:|1701111419\n|switch|p1a: Eternatus|Eternatus|100\/100\n|-ability|p1a: Eternatus|Pressure\n|move|p2a: Ho-Oh|Whirlwind|p1a: Eternatus\n|drag|p1a: Arceus|Arceus-Water|100\/100\n|\n|upkeep\n|turn|3\n|\n|t:|1701111428\n|switch|p2a: Arceus|Arceus-Water|100\/100\n|move|p1a: Arceus|Taunt|p2a: Arceus\n|-start|p2a: Arceus|move: Taunt\n|\n|upkeep\n|turn|4\n|\n|t:|1701111434\n|switch|p2a: Ditto|Ditto|100\/100\n|-transform|p2a: Ditto|p1a: Arceus|[from] ability: Imposter\n|move|p1a: Arceus|Toxic|p2a: Ditto|[miss]\n|-miss|p1a: Arceus|p2a: Ditto\n|\n|upkeep\n|turn|5\n|\n|t:|1701111439\n|switch|p1a: Eternatus|Eternatus|100\/100\n|-ability|p1a: Eternatus|Pressure\n|move|p2a: Ditto|Taunt|p1a: Eternatus\n|-start|p1a: Eternatus|move: Taunt\n|\n|upkeep\n|turn|6\n|\n|t:|1701111443\n|switch|p2a: Ho-Oh|Ho-Oh|100\/100\n|switch|p1a: Arceus|Arceus-Water|100\/100\n|\n|upkeep\n|turn|7\n|\n|t:|1701111453\n|switch|p1a: Eternatus|Eternatus|100\/100\n|-ability|p1a: Eternatus|Pressure\n|move|p2a: Ho-Oh|Toxic|p1a: Eternatus\n|-immune|p1a: Eternatus\n|\n|upkeep\n|turn|8\n|\n|t:|1701111469\n|switch|p2a: Scizor|Scizor, M|100\/100\n|move|p1a: Eternatus|Toxic Spikes|p2a: Scizor\n|-sidestart|p2: Are En Gee|move: Toxic Spikes\n|\n|upkeep\n|turn|9\n|\n|t:|1701111476\n|switch|p2a: Ho-Oh|Ho-Oh|100\/100\n|move|p1a: Eternatus|Flamethrower|p2a: Ho-Oh\n|-resisted|p2a: Ho-Oh\n|-damage|p2a: Ho-Oh|92\/100\n|\n|upkeep\n|turn|10\n|\n|t:|1701111482\n|move|p1a: Eternatus|Sludge Bomb|p2a: Ho-Oh\n|-damage|p2a: Ho-Oh|69\/100\n|move|p2a: Ho-Oh|Defog|p1a: Eternatus\n|-unboost|p1a: Eternatus|evasion|1\n|-sideend|p2: Are En Gee|Toxic Spikes|[from] move: Defog|[of] p2a: Ho-Oh\n|\n|upkeep\n|turn|11\n|\n|t:|1701111486\n|switch|p2a: Arceus|Arceus-Water|100\/100\n|move|p1a: Eternatus|Toxic Spikes|p2a: Arceus\n|-sidestart|p2: Are En Gee|move: Toxic Spikes\n|\n|upkeep\n|turn|12\n|\n|t:|1701111496\n|switch|p1a: Groudon|Groudon|100\/100\n|detailschange|p1a: Groudon|Groudon-Primal\n|-primal|p1a: Groudon|Red Orb\n|-weather|DesolateLand|[from] ability: Desolate Land|[of] p1a: Groudon\n|move|p2a: Arceus|Perish Song|p2a: Arceus\n|-start|p1a: Groudon|perish3|[silent]\n|-start|p2a: Arceus|perish3|[silent]\n|-fieldactivate|move: Perish Song\n|\n|-weather|DesolateLand|[upkeep]\n|-start|p2a: Arceus|perish3\n|-start|p1a: Groudon|perish3\n|upkeep\n|turn|13\n|\n|t:|1701111506\n|switch|p2a: Scizor|Scizor, M|100\/100\n|-weather|none\n|switch|p1a: Eternatus|Eternatus|100\/100\n|-ability|p1a: Eternatus|Pressure\n|\n|upkeep\n|turn|14\n|\n|t:|1701111513\n|switch|p2a: Ho-Oh|Ho-Oh|100\/100\n|move|p1a: Eternatus|Sludge Bomb|p2a: Ho-Oh\n|-damage|p2a: Ho-Oh|77\/100\n|\n|upkeep\n|turn|15\n|\n|t:|1701111523\n|move|p1a: Eternatus|Sludge Bomb|p2a: Ho-Oh\n|-damage|p2a: Ho-Oh|55\/100\n|move|p2a: Ho-Oh|Whirlwind|p1a: Eternatus\n|drag|p1a: Yveltal|Yveltal, shiny|100\/100\n|-ability|p1a: Yveltal|Dark Aura\n|\n|upkeep\n|turn|16\n|\n|t:|1701111529\n|switch|p2a: Scizor|Scizor, M|100\/100\n|move|p1a: Yveltal|Toxic|p2a: Scizor\n|-immune|p2a: Scizor\n|\n|upkeep\n|turn|17\n|\n|t:|1701111533\n|detailschange|p2a: Scizor|Scizor-Mega, M\n|-mega|p2a: Scizor|Scizor|Scizorite\n|move|p1a: Yveltal|U-turn|p2a: Scizor\n|-resisted|p2a: Scizor\n|-damage|p2a: Scizor|94\/100\n|\n|t:|1701111538\n|switch|p1a: Eternatus|Eternatus|100\/100|[from] U-turn\n|-ability|p1a: Eternatus|Pressure\n|move|p2a: Scizor|U-turn|p1a: Eternatus\n|-resisted|p1a: Eternatus\n|-damage|p1a: Eternatus|88\/100\n|\n|t:|1701111545\n|switch|p2a: Ho-Oh|Ho-Oh|89\/100|[from] U-turn\n|\n|-heal|p1a: Eternatus|94\/100|[from] item: Leftovers\n|upkeep\n|turn|18\n|\n|t:|1701111548\n|move|p1a: Eternatus|Sludge Bomb|p2a: Ho-Oh\n|-damage|p2a: Ho-Oh|66\/100\n|move|p2a: Ho-Oh|Defog|p1a: Eternatus\n|-unboost|p1a: Eternatus|evasion|1\n|-sideend|p2: Are En Gee|Toxic Spikes|[from] move: Defog|[of] p2a: Ho-Oh\n|\n|-heal|p1a: Eternatus|100\/100|[from] item: Leftovers\n|upkeep\n|turn|19\n|\n|t:|1701111551\n|move|p1a: Eternatus|Toxic Spikes|p2a: Ho-Oh\n|-sidestart|p2: Are En Gee|move: Toxic Spikes\n|move|p2a: Ho-Oh|Whirlwind|p1a: Eternatus\n|drag|p1a: Groudon|Groudon-Primal|100\/100\n|-weather|DesolateLand|[from] ability: Desolate Land|[of] p1a: Groudon\n|\n|-weather|DesolateLand|[upkeep]\n|upkeep\n|turn|20\n|\n|t:|1701111558\n|move|p2a: Ho-Oh|Defog|p1a: Groudon\n|-unboost|p1a: Groudon|evasion|1\n|-sideend|p2: Are En Gee|Toxic Spikes|[from] move: Defog|[of] p2a: Ho-Oh\n|move|p1a: Groudon|Stone Edge|p2a: Ho-Oh\n|-supereffective|p2a: Ho-Oh\n|-damage|p2a: Ho-Oh|0 fnt\n|faint|p2a: Ho-Oh\n|\n|-weather|DesolateLand|[upkeep]\n|upkeep\n|\n|t:|1701111565\n|switch|p2a: Zygarde|Zygarde|100\/100\n|turn|21\n|j| cheese miestro\n|\n|t:|1701111575\n|move|p2a: Zygarde|Coil|p2a: Zygarde\n|-boost|p2a: Zygarde|atk|1\n|-boost|p2a: Zygarde|def|1\n|-boost|p2a: Zygarde|accuracy|1\n|move|p1a: Groudon|Stealth Rock|p2a: Zygarde\n|-sidestart|p2: Are En Gee|move: Stealth Rock\n|\n|-weather|DesolateLand|[upkeep]\n|upkeep\n|turn|22\n|\n|t:|1701111579\n|move|p2a: Zygarde|Thousand Waves|p1a: Groudon\n|-supereffective|p1a: Groudon\n|-damage|p1a: Groudon|34\/100\n|-activate|p1a: Groudon|trapped\n|move|p1a: Groudon|Dragon Tail|p2a: Zygarde\n|-supereffective|p2a: Zygarde\n|-damage|p2a: Zygarde|80\/100\n|drag|p2a: Ferrothorn|Ferrothorn, F|100\/100\n|-damage|p2a: Ferrothorn|94\/100|[from] Stealth Rock\n|\n|-weather|DesolateLand|[upkeep]\n|-heal|p2a: Ferrothorn|100\/100|[from] item: Leftovers\n|upkeep\n|turn|23\n|\n|t:|1701111592\n|-weather|none\n|switch|p1a: Eternatus|Eternatus|100\/100\n|-ability|p1a: Eternatus|Pressure\n|move|p2a: Ferrothorn|Spikes|p1a: Eternatus\n|-sidestart|p1: Soyeon is a cutie|Spikes\n|\n|upkeep\n|turn|24\n|\n|t:|1701111598\n|move|p1a: Eternatus|Toxic Spikes|p2a: Ferrothorn\n|-sidestart|p2: Are En Gee|move: Toxic Spikes\n|move|p2a: Ferrothorn|Leech Seed|p1a: Eternatus|[miss]\n|-miss|p2a: Ferrothorn|p1a: Eternatus\n|\n|upkeep\n|turn|25\n|\n|t:|1701111603\n|move|p1a: Eternatus|Toxic Spikes|p2a: Ferrothorn\n|-sidestart|p2: Are En Gee|move: Toxic Spikes\n|move|p2a: Ferrothorn|Leech Seed|p1a: Eternatus\n|-start|p1a: Eternatus|move: Leech Seed\n|\n|-damage|p1a: Eternatus|88\/100|[from] Leech Seed|[of] p2a: Ferrothorn\n|upkeep\n|turn|26\n|\n|t:|1701111611\n|switch|p1a: Ho-Oh|Ho-Oh|100\/100\n|move|p2a: Ferrothorn|Gyro Ball|p1a: Ho-Oh\n|-resisted|p1a: Ho-Oh\n|-damage|p1a: Ho-Oh|73\/100\n|\n|upkeep\n|turn|27\n|\n|t:|1701111618\n|switch|p2a: Zygarde|Zygarde|80\/100\n|-damage|p2a: Zygarde|74\/100|[from] Stealth Rock\n|-status|p2a: Zygarde|tox\n|move|p1a: Ho-Oh|Sacred Fire|p2a: Zygarde\n|-resisted|p2a: Zygarde\n|-damage|p2a: Zygarde|49\/100 tox\n|\n|-heal|p2a: Zygarde|55\/100 tox|[from] item: Leftovers\n|-damage|p2a: Zygarde|49\/100 tox|[from] psn\n|-activate|p2a: Zygarde|ability: Power Construct\n|detailschange|p2a: Zygarde|Zygarde-Complete\n|-heal|p2a: Zygarde|68\/100 tox|[silent]\n|upkeep\n|turn|28\n|\n|t:|1701111624\n|switch|p1a: Yveltal|Yveltal, shiny|100\/100\n|-ability|p1a: Yveltal|Dark Aura\n|move|p2a: Zygarde|Scale Shot|p1a: Yveltal\n|-damage|p1a: Yveltal|94\/100\n|-damage|p1a: Yveltal|88\/100\n|-hitcount|p1a: Yveltal|2\n|-unboost|p2a: Zygarde|def|1\n|-boost|p2a: Zygarde|spe|1\n|\n|-heal|p2a: Zygarde|74\/100 tox|[from] item: Leftovers\n|-damage|p2a: Zygarde|62\/100 tox|[from] psn\n|upkeep\n|turn|29\n|\n|t:|1701111628\n|move|p2a: Zygarde|Coil|p2a: Zygarde\n|-boost|p2a: Zygarde|atk|1\n|-boost|p2a: Zygarde|def|1\n|-boost|p2a: Zygarde|accuracy|1\n|move|p1a: Yveltal|Foul Play|p2a: Zygarde\n|-damage|p2a: Zygarde|31\/100 tox\n|\n|-heal|p2a: Zygarde|37\/100 tox|[from] item: Leftovers\n|-damage|p2a: Zygarde|18\/100 tox|[from] psn\n|upkeep\n|turn|30\n|\n|t:|1701111631\n|move|p2a: Zygarde|Rest|p2a: Zygarde\n|-status|p2a: Zygarde|slp|[from] move: Rest\n|-heal|p2a: Zygarde|100\/100 slp|[silent]\n|move|p1a: Yveltal|Foul Play|p2a: Zygarde\n|-damage|p2a: Zygarde|66\/100 slp\n|\n|-heal|p2a: Zygarde|72\/100 slp|[from] item: Leftovers\n|upkeep\n|turn|31\n|\n|t:|1701111637\n|cant|p2a: Zygarde|slp\n|move|p1a: Yveltal|Foul Play|p2a: Zygarde\n|-damage|p2a: Zygarde|42\/100 slp\n|\n|-heal|p2a: Zygarde|48\/100 slp|[from] item: Leftovers\n|upkeep\n|turn|32\n|\n|t:|1701111639\n|cant|p2a: Zygarde|slp\n|move|p1a: Yveltal|Foul Play|p2a: Zygarde\n|-damage|p2a: Zygarde|16\/100 slp\n|\n|-heal|p2a: Zygarde|22\/100 slp|[from] item: Leftovers\n|upkeep\n|turn|33\n|\n|t:|1701111644\n|-curestatus|p2a: Zygarde|slp|[msg]\n|move|p2a: Zygarde|Rest|p2a: Zygarde\n|-status|p2a: Zygarde|slp|[from] move: Rest\n|-heal|p2a: Zygarde|100\/100 slp|[silent]\n|move|p1a: Yveltal|Foul Play|p2a: Zygarde\n|-damage|p2a: Zygarde|67\/100 slp\n|\n|-heal|p2a: Zygarde|73\/100 slp|[from] item: Leftovers\n|upkeep\n|turn|34\n|\n|t:|1701111654\n|switch|p2a: Ferrothorn|Ferrothorn, F|100\/100\n|-damage|p2a: Ferrothorn|94\/100|[from] Stealth Rock\n|move|p1a: Yveltal|Foul Play|p2a: Ferrothorn\n|-damage|p2a: Ferrothorn|65\/100\n|-damage|p1a: Yveltal|75\/100|[from] ability: Iron Barbs|[of] p2a: Ferrothorn\n|\n|-heal|p2a: Ferrothorn|71\/100|[from] item: Leftovers\n|upkeep\n|turn|35\n|\n|t:|1701111660\n|switch|p1a: Ho-Oh|Ho-Oh|100\/100\n|move|p2a: Ferrothorn|Leech Seed|p1a: Ho-Oh\n|-start|p1a: Ho-Oh|move: Leech Seed\n|\n|-heal|p2a: Ferrothorn|77\/100|[from] item: Leftovers\n|-damage|p1a: Ho-Oh|88\/100|[from] Leech Seed|[of] p2a: Ferrothorn\n|-heal|p2a: Ferrothorn|90\/100|[silent]\n|upkeep\n|turn|36\n|\n|t:|1701111666\n|switch|p2a: Zygarde|Zygarde-Complete|73\/100 slp\n|-damage|p2a: Zygarde|67\/100 slp|[from] Stealth Rock\n|move|p1a: Ho-Oh|Brave Bird|p2a: Zygarde\n|-damage|p2a: Zygarde|28\/100 slp\n|-damage|p1a: Ho-Oh|67\/100|[from] Recoil\n|\n|-heal|p2a: Zygarde|34\/100 slp|[from] item: Leftovers\n|-damage|p1a: Ho-Oh|54\/100|[from] Leech Seed|[of] p2a: Zygarde\n|-heal|p2a: Zygarde|42\/100 slp|[silent]\n|upkeep\n|turn|37\n|\n|t:|1701111674\n|switch|p1a: Arceus|Arceus-Water|100\/100\n|-damage|p1a: Arceus|88\/100|[from] Spikes\n|cant|p2a: Zygarde|slp\n|\n|-heal|p2a: Zygarde|48\/100 slp|[from] item: Leftovers\n|upkeep\n|turn|38\n|\n|t:|1701111680\n|switch|p2a: Ferrothorn|Ferrothorn, F|90\/100\n|-damage|p2a: Ferrothorn|84\/100|[from] Stealth Rock\n|move|p1a: Arceus|Judgment|p2a: Ferrothorn\n|-resisted|p2a: Ferrothorn\n|-damage|p2a: Ferrothorn|70\/100\n|\n|-heal|p2a: Ferrothorn|76\/100|[from] item: Leftovers\n|upkeep\n|turn|39\n|\n|t:|1701111686\n|move|p1a: Arceus|Taunt|p2a: Ferrothorn\n|-start|p2a: Ferrothorn|move: Taunt\n|cant|p2a: Ferrothorn|move: Taunt|Leech Seed\n|\n|-heal|p2a: Ferrothorn|82\/100|[from] item: Leftovers\n|upkeep\n|turn|40\n|\n|t:|1701111694\n|switch|p2a: Arceus|Arceus-Water|100\/100\n|-damage|p2a: Arceus|88\/100|[from] Stealth Rock\n|-status|p2a: Arceus|tox\n|move|p1a: Arceus|Judgment|p2a: Arceus\n|-resisted|p2a: Arceus\n|-damage|p2a: Arceus|72\/100 tox\n|\n|-damage|p2a: Arceus|66\/100 tox|[from] psn\n|upkeep\n|turn|41\n|\n|t:|1701111699\n|move|p1a: Arceus|Taunt|p2a: Arceus\n|-start|p2a: Arceus|move: Taunt\n|move|p2a: Arceus|Whirlpool|p1a: Arceus|[miss]\n|-miss|p2a: Arceus|p1a: Arceus\n|\n|-damage|p2a: Arceus|54\/100 tox|[from] psn\n|upkeep\n|turn|42\n|-message|Are En Gee forfeited.\n|\n|win|Soyeon is a cutie\n|raw|Soyeon is a cutie's rating: 1750 &rarr; <strong>1771<\/strong><br \/>(+21 for winning)\n|raw|Are En Gee's rating: 1764 &rarr; <strong>1743<\/strong><br \/>(-21 for losing)\n|l|\u2606Are En Gee\n","uploadtime":1701111714,"views":1,"p1id":"soyeonisacutie","p2id":"areengee","formatid":"gen9nationaldexubers","rating":1743,"private":0,"password":""}