{"id":"gen9nationaldexubers-1988307722","p1":"Omey","p2":"emmaloubibbityboo","format":"[Gen 9] National Dex Ubers","log":"|j|\u2606Omey\n|j|\u2606emmaloubibbityboo\n|t:|1699705847\n|gametype|singles\n|player|p1|Omey|galacticgrunt|\n|player|p2|emmaloubibbityboo|hilda|\n|teamsize|p1|4\n|teamsize|p2|4\n|gen|9\n|tier|[Gen 9] National Dex Ubers\n|rule|HP Percentage Mod: HP is shown in percentages\n|rule|Endless Battle Clause: Forcing endless battles is banned\n|rule|OHKO Clause: OHKO moves are banned\n|rule|Evasion Moves Clause: Evasion moves are banned\n|rule|Evasion Items Clause: Evasion items are banned\n|rule|Species Clause: Limit one of each Pok\u00e9mon\n|rule|Sleep Clause Mod: Limit one foe put to sleep\n|rule|Mega Rayquaza Clause: You cannot mega evolve Rayquaza\n|clearpoke\n|poke|p1|Hariyama, F|\n|poke|p1|Meloetta|\n|poke|p1|Lickilicky, M|\n|poke|p1|Kommo-o, M|\n|poke|p2|Melmetal|\n|poke|p2|Magearna|\n|poke|p2|Pangoro, M|\n|poke|p2|Heatran, M|\n|teampreview\n|c|\u2606Omey|gl hf\n|c|\u2606emmaloubibbityboo|gl hf\n|\n|t:|1699705901\n|start\n|switch|p1a: TheOneThatSavesMe|Meloetta|100\/100\n|switch|p2a: A Clockwork Orange|Magearna|100\/100\n|turn|1\n|\n|t:|1699705911\n|move|p1a: TheOneThatSavesMe|Calm Mind|p1a: TheOneThatSavesMe\n|-boost|p1a: TheOneThatSavesMe|spa|1\n|-boost|p1a: TheOneThatSavesMe|spd|1\n|move|p2a: A Clockwork Orange|Light Screen|p2a: A Clockwork Orange\n|-sidestart|p2: emmaloubibbityboo|move: Light Screen\n|\n|upkeep\n|turn|2\n|\n|t:|1699705920\n|move|p1a: TheOneThatSavesMe|Calm Mind|p1a: TheOneThatSavesMe\n|-boost|p1a: TheOneThatSavesMe|spa|1\n|-boost|p1a: TheOneThatSavesMe|spd|1\n|move|p2a: A Clockwork Orange|Volt Switch|p1a: TheOneThatSavesMe\n|-damage|p1a: TheOneThatSavesMe|93\/100\n|\n|t:|1699705932\n|switch|p2a: Keith|Pangoro, M|100\/100|[from] Volt Switch\n|\n|-heal|p1a: TheOneThatSavesMe|99\/100|[from] item: Leftovers\n|upkeep\n|turn|3\n|\n|t:|1699705942\n|move|p1a: TheOneThatSavesMe|Relic Song|p2a: Keith\n|-crit|p2a: Keith\n|-damage|p2a: Keith|0 fnt\n|faint|p2a: Keith\n|-formechange|p1a: TheOneThatSavesMe|Meloetta-Pirouette|[msg]\n|\n|-heal|p1a: TheOneThatSavesMe|100\/100|[from] item: Leftovers\n|upkeep\n|c|\u2606Omey|oops sory lol\n|\n|t:|1699705955\n|switch|p2a: A Clockwork Orange|Magearna|100\/100\n|turn|4\n|c|\u2606emmaloubibbityboo|is okay - it's mons after all\n|\n|t:|1699705968\n|move|p1a: TheOneThatSavesMe|Calm Mind|p1a: TheOneThatSavesMe\n|-boost|p1a: TheOneThatSavesMe|spa|1\n|-boost|p1a: TheOneThatSavesMe|spd|1\n|move|p2a: A Clockwork Orange|Fleur Cannon|p1a: TheOneThatSavesMe\n|-supereffective|p1a: TheOneThatSavesMe\n|-damage|p1a: TheOneThatSavesMe|57\/100\n|-unboost|p2a: A Clockwork Orange|spa|2\n|\n|-heal|p1a: TheOneThatSavesMe|63\/100|[from] item: Leftovers\n|upkeep\n|turn|5\n|\n|t:|1699705986\n|move|p1a: TheOneThatSavesMe|Relic Song|p2a: A Clockwork Orange\n|-resisted|p2a: A Clockwork Orange\n|-damage|p2a: A Clockwork Orange|89\/100\n|-formechange|p1a: TheOneThatSavesMe|Meloetta|[msg]\n|move|p2a: A Clockwork Orange|Volt Switch|p1a: TheOneThatSavesMe\n|-damage|p1a: TheOneThatSavesMe|60\/100\n|\n|t:|1699705995\n|switch|p2a: Burny Sanders|Heatran, M|100\/100|[from] Volt Switch\n|\n|-heal|p1a: TheOneThatSavesMe|66\/100|[from] item: Leftovers\n|upkeep\n|turn|6\n|\n|t:|1699706007\n|move|p1a: TheOneThatSavesMe|Shadow Ball|p2a: Burny Sanders\n|-damage|p2a: Burny Sanders|83\/100\n|move|p2a: Burny Sanders|Fire Fang|p1a: TheOneThatSavesMe\n|-damage|p1a: TheOneThatSavesMe|46\/100\n|\n|-heal|p1a: TheOneThatSavesMe|52\/100|[from] item: Leftovers\n|-heal|p2a: Burny Sanders|89\/100|[from] item: Leftovers\n|upkeep\n|turn|7\n|\n|t:|1699706023\n|move|p1a: TheOneThatSavesMe|Wonder Room|p1a: TheOneThatSavesMe\n|-fieldstart|move: Wonder Room|[of] p1a: TheOneThatSavesMe\n|move|p2a: Burny Sanders|Lava Plume|p1a: TheOneThatSavesMe\n|-damage|p1a: TheOneThatSavesMe|37\/100\n|\n|-heal|p1a: TheOneThatSavesMe|43\/100|[from] item: Leftovers\n|-heal|p2a: Burny Sanders|95\/100|[from] item: Leftovers\n|upkeep\n|turn|8\n|\n|t:|1699706039\n|move|p1a: TheOneThatSavesMe|Shadow Ball|p2a: Burny Sanders\n|-damage|p2a: Burny Sanders|72\/100\n|move|p2a: Burny Sanders|Lava Plume|p1a: TheOneThatSavesMe\n|-damage|p1a: TheOneThatSavesMe|29\/100\n|\n|-heal|p1a: TheOneThatSavesMe|35\/100|[from] item: Leftovers\n|-heal|p2a: Burny Sanders|78\/100|[from] item: Leftovers\n|-sideend|p2: emmaloubibbityboo|move: Light Screen\n|upkeep\n|turn|9\n|\n|t:|1699706051\n|move|p1a: TheOneThatSavesMe|Shadow Ball|p2a: Burny Sanders\n|-damage|p2a: Burny Sanders|27\/100\n|-unboost|p2a: Burny Sanders|spd|1\n|move|p2a: Burny Sanders|Lava Plume|p1a: TheOneThatSavesMe\n|-damage|p1a: TheOneThatSavesMe|20\/100\n|\n|-heal|p1a: TheOneThatSavesMe|26\/100|[from] item: Leftovers\n|-heal|p2a: Burny Sanders|33\/100|[from] item: Leftovers\n|upkeep\n|turn|10\n|\n|t:|1699706068\n|move|p1a: TheOneThatSavesMe|Shadow Ball|p2a: Burny Sanders\n|-damage|p2a: Burny Sanders|0 fnt\n|faint|p2a: Burny Sanders\n|\n|-heal|p1a: TheOneThatSavesMe|33\/100|[from] item: Leftovers\n|upkeep\n|\n|t:|1699706086\n|switch|p2a: Totally not banded|Melmetal|100\/100\n|turn|11\n|\n|t:|1699706109\n|move|p1a: TheOneThatSavesMe|Shadow Ball|p2a: Totally not banded\n|-damage|p2a: Totally not banded|69\/100\n|move|p2a: Totally not banded|Flash Cannon|p1a: TheOneThatSavesMe\n|-damage|p1a: TheOneThatSavesMe|12\/100\n|\n|-heal|p1a: TheOneThatSavesMe|18\/100|[from] item: Leftovers\n|-fieldend|move: Wonder Room\n|upkeep\n|turn|12\n|\n|t:|1699706125\n|move|p1a: TheOneThatSavesMe|Shadow Ball|p2a: Totally not banded\n|-damage|p2a: Totally not banded|7\/100\n|move|p2a: Totally not banded|Flash Cannon|p1a: TheOneThatSavesMe\n|-damage|p1a: TheOneThatSavesMe|5\/100\n|\n|-heal|p1a: TheOneThatSavesMe|11\/100|[from] item: Leftovers\n|upkeep\n|turn|13\n|\n|t:|1699706140\n|move|p1a: TheOneThatSavesMe|Shadow Ball|p2a: Totally not banded\n|-damage|p2a: Totally not banded|0 fnt\n|faint|p2a: Totally not banded\n|\n|-heal|p1a: TheOneThatSavesMe|17\/100|[from] item: Leftovers\n|upkeep\n|\n|t:|1699706150\n|switch|p2a: A Clockwork Orange|Magearna|89\/100\n|turn|14\n|\n|t:|1699706158\n|move|p1a: TheOneThatSavesMe|Shadow Ball|p2a: A Clockwork Orange\n|-damage|p2a: A Clockwork Orange|42\/100\n|-unboost|p2a: A Clockwork Orange|spd|1\n|move|p2a: A Clockwork Orange|Fleur Cannon|p1a: TheOneThatSavesMe\n|-damage|p1a: TheOneThatSavesMe|1\/100\n|-unboost|p2a: A Clockwork Orange|spa|2\n|\n|-heal|p1a: TheOneThatSavesMe|8\/100|[from] item: Leftovers\n|upkeep\n|turn|15\n|\n|t:|1699706169\n|move|p1a: TheOneThatSavesMe|Shadow Ball|p2a: A Clockwork Orange\n|-damage|p2a: A Clockwork Orange|0 fnt\n|faint|p2a: A Clockwork Orange\n|\n|win|Omey\n|c|\u2606emmaloubibbityboo|gg\n|c|\u2606Omey|gg\n","uploadtime":1699706175,"views":22,"p1id":"omey","p2id":"emmaloubibbityboo","formatid":"gen9nationaldexubers","rating":0,"private":0,"password":""}