{"id":"gen9nationaldexubers-1984609346","p1":"Incredible Gassy","p2":"mega qy","format":"[Gen 9] National Dex Ubers","log":"|j|\u2606Incredible Gassy\n|j|\u2606mega qy\n|t:|1699284317\n|gametype|singles\n|player|p1|Incredible Gassy|kieran|1700\n|player|p2|mega qy|lusamine-nihilego|1681\n|teamsize|p1|6\n|teamsize|p2|6\n|gen|9\n|tier|[Gen 9] National Dex Ubers\n|rated|\n|rule|HP Percentage Mod: HP is shown in percentages\n|rule|Endless Battle Clause: Forcing endless battles is banned\n|rule|OHKO Clause: OHKO moves are banned\n|rule|Evasion Moves Clause: Evasion moves are banned\n|rule|Evasion Items Clause: Evasion items are banned\n|rule|Species Clause: Limit one of each Pok\u00e9mon\n|rule|Sleep Clause Mod: Limit one foe put to sleep\n|rule|Mega Rayquaza Clause: You cannot mega evolve Rayquaza\n|clearpoke\n|poke|p1|Rayquaza|\n|poke|p1|Hatterene, F|\n|poke|p1|Melmetal|\n|poke|p1|Kyogre|\n|poke|p1|Calyrex-Ice|\n|poke|p1|Arceus|\n|poke|p2|Hatterene, F|\n|poke|p2|Calyrex-Ice|\n|poke|p2|Cresselia, F|\n|poke|p2|Arceus|\n|poke|p2|Melmetal|\n|poke|p2|Groudon|\n|teampreview\n|inactive|Battle timer is ON: inactive players will automatically lose when time's up. (requested by Incredible Gassy)\n|\n|t:|1699284329\n|start\n|switch|p1a: Freezie|Calyrex-Ice|100\/100\n|switch|p2a: \u8fd9\u4e2a\u4e16\u754c\u5371\u5728\u65e6\u5915|Groudon|100\/100\n|-ability|p1a: Freezie|As One\n|-ability|p1a: Freezie|Unnerve\n|detailschange|p2a: \u8fd9\u4e2a\u4e16\u754c\u5371\u5728\u65e6\u5915|Groudon-Primal\n|-primal|p2a: \u8fd9\u4e2a\u4e16\u754c\u5371\u5728\u65e6\u5915|Red Orb\n|-weather|DesolateLand|[from] ability: Desolate Land|[of] p2a: \u8fd9\u4e2a\u4e16\u754c\u5371\u5728\u65e6\u5915\n|turn|1\n|\n|t:|1699284338\n|move|p2a: \u8fd9\u4e2a\u4e16\u754c\u5371\u5728\u65e6\u5915|Earth Power|p1a: Freezie\n|-damage|p1a: Freezie|61\/100\n|-zpower|p1a: Freezie\n|move|p1a: Freezie|Tectonic Rage|p2a: \u8fd9\u4e2a\u4e16\u754c\u5371\u5728\u65e6\u5915|[zeffect]\n|-supereffective|p2a: \u8fd9\u4e2a\u4e16\u754c\u5371\u5728\u65e6\u5915\n|-damage|p2a: \u8fd9\u4e2a\u4e16\u754c\u5371\u5728\u65e6\u5915|18\/100\n|\n|-weather|DesolateLand|[upkeep]\n|upkeep\n|turn|2\n|inactive|mega qy has 120 seconds left.\n|\n|t:|1699284391\n|-weather|none\n|switch|p2a: \u6700\u5f3a\u6218\u795e\u5b99\u65af|Arceus|100\/100\n|switch|p1a: Emerald|Rayquaza|100\/100\n|-ability|p1a: Emerald|Air Lock\n|\n|upkeep\n|turn|3\n|\n|t:|1699284397\n|switch|p2a: \u9752\u6625\u97f3\u7bb1\u87c0\u4e0d\u4f1a\u68a6\u89c1\u9b54\u5973\u5b66\u59d0|Hatterene, F, shiny|100\/100\n|move|p1a: Emerald|Dragon Ascent|p2a: \u9752\u6625\u97f3\u7bb1\u87c0\u4e0d\u4f1a\u68a6\u89c1\u9b54\u5973\u5b66\u59d0\n|-enditem|p2a: \u9752\u6625\u97f3\u7bb1\u87c0\u4e0d\u4f1a\u68a6\u89c1\u9b54\u5973\u5b66\u59d0|Focus Sash\n|-damage|p2a: \u9752\u6625\u97f3\u7bb1\u87c0\u4e0d\u4f1a\u68a6\u89c1\u9b54\u5973\u5b66\u59d0|1\/100\n|-unboost|p1a: Emerald|def|1\n|-unboost|p1a: Emerald|spd|1\n|-damage|p1a: Emerald|91\/100|[from] item: Life Orb\n|\n|upkeep\n|turn|4\n|\n|t:|1699284408\n|move|p1a: Emerald|Dragon Ascent|p2a: \u9752\u6625\u97f3\u7bb1\u87c0\u4e0d\u4f1a\u68a6\u89c1\u9b54\u5973\u5b66\u59d0\n|-damage|p2a: \u9752\u6625\u97f3\u7bb1\u87c0\u4e0d\u4f1a\u68a6\u89c1\u9b54\u5973\u5b66\u59d0|0 fnt\n|-unboost|p1a: Emerald|def|1\n|-unboost|p1a: Emerald|spd|1\n|faint|p2a: \u9752\u6625\u97f3\u7bb1\u87c0\u4e0d\u4f1a\u68a6\u89c1\u9b54\u5973\u5b66\u59d0\n|-damage|p1a: Emerald|81\/100|[from] item: Life Orb\n|\n|upkeep\n|\n|t:|1699284417\n|switch|p2a: \u6211\u8981\u51b0\u5c01\u8fd9\u4e2a\u4e16\u754c|Calyrex-Ice|100\/100\n|-ability|p2a: \u6211\u8981\u51b0\u5c01\u8fd9\u4e2a\u4e16\u754c|As One\n|-ability|p2a: \u6211\u8981\u51b0\u5c01\u8fd9\u4e2a\u4e16\u754c|Unnerve\n|turn|5\n|\n|t:|1699284425\n|move|p1a: Emerald|V-create|p2a: \u6211\u8981\u51b0\u5c01\u8fd9\u4e2a\u4e16\u754c\n|-supereffective|p2a: \u6211\u8981\u51b0\u5c01\u8fd9\u4e2a\u4e16\u754c\n|-damage|p2a: \u6211\u8981\u51b0\u5c01\u8fd9\u4e2a\u4e16\u754c|0 fnt\n|-unboost|p1a: Emerald|spe|1\n|-unboost|p1a: Emerald|def|1\n|-unboost|p1a: Emerald|spd|1\n|faint|p2a: \u6211\u8981\u51b0\u5c01\u8fd9\u4e2a\u4e16\u754c\n|-damage|p1a: Emerald|71\/100|[from] item: Life Orb\n|\n|upkeep\n|-message|mega qy forfeited.\n|\n|win|Incredible Gassy\n|raw|Incredible Gassy's rating: 1700 &rarr; <strong>1719<\/strong><br \/>(+19 for winning)\n|raw|mega qy's rating: 1681 &rarr; <strong>1662<\/strong><br \/>(-19 for losing)\n","uploadtime":1699284435,"views":9,"p1id":"incrediblegassy","p2id":"megaqy","formatid":"gen9nationaldexubers","rating":1662,"private":0,"password":""}