{"id":"gen9nationaldexubers-1994970253","p1":"alive!12","p2":"VerduOsane","format":"[Gen 9] National Dex Ubers","log":"|j|\u2606alive!12\n|j|\u2606VerduOsane\n|t:|1700509134\n|gametype|singles\n|player|p1|alive!12|cynthia-gen4|1170\n|player|p2|VerduOsane|102|1089\n|teamsize|p1|6\n|teamsize|p2|6\n|gen|9\n|tier|[Gen 9] National Dex Ubers\n|rated|\n|rule|HP Percentage Mod: HP is shown in percentages\n|rule|Endless Battle Clause: Forcing endless battles is banned\n|rule|OHKO Clause: OHKO moves are banned\n|rule|Evasion Moves Clause: Evasion moves are banned\n|rule|Evasion Items Clause: Evasion items are banned\n|rule|Species Clause: Limit one of each Pok\u00e9mon\n|rule|Sleep Clause Mod: Limit one foe put to sleep\n|rule|Mega Rayquaza Clause: You cannot mega evolve Rayquaza\n|clearpoke\n|poke|p1|Spiritomb, F|\n|poke|p1|Roserade, F|\n|poke|p1|Togekiss, M|\n|poke|p1|Milotic, F|\n|poke|p1|Lucario, F|\n|poke|p1|Garchomp, F|\n|poke|p2|Xurkitree|\n|poke|p2|Rampardos, M|\n|poke|p2|Ninjask, M|\n|poke|p2|Mantine, F|\n|poke|p2|Chansey, F|\n|poke|p2|Cloyster, M|\n|teampreview\n|c|\u2606VerduOsane|another one..\n|\n|t:|1700509154\n|start\n|switch|p1a: Roserade|Roserade, F|100\/100\n|switch|p2a: Sp. Atk|Xurkitree, shiny|100\/100\n|turn|1\n|\n|t:|1700509167\n|switch|p2a: Hp|Chansey, F|100\/100\n|move|p1a: Roserade|Toxic Spikes|p2a: Hp\n|-sidestart|p2: VerduOsane|move: Toxic Spikes\n|\n|upkeep\n|turn|2\n|\n|t:|1700509181\n|move|p1a: Roserade|Toxic Spikes|p2a: Hp\n|-sidestart|p2: VerduOsane|move: Toxic Spikes\n|move|p2a: Hp|Stealth Rock|p1a: Roserade\n|-sidestart|p1: alive!12|move: Stealth Rock\n|\n|upkeep\n|turn|3\n|\n|t:|1700509192\n|switch|p1a: Lucario|Lucario, F|100\/100\n|-damage|p1a: Lucario|98\/100|[from] Stealth Rock\n|-terastallize|p2a: Hp|Poison\n|move|p2a: Hp|Seismic Toss|p1a: Lucario\n|-damage|p1a: Lucario|62\/100\n|\n|upkeep\n|turn|4\n|\n|t:|1700509206\n|detailschange|p1a: Lucario|Lucario-Mega, F\n|-mega|p1a: Lucario|Lucario|Lucarionite\n|move|p1a: Lucario|Close Combat|p2a: Hp\n|-resisted|p2a: Hp\n|-damage|p2a: Hp|72\/100\n|-unboost|p1a: Lucario|def|1\n|-unboost|p1a: Lucario|spd|1\n|move|p2a: Hp|Wish|p2a: Hp\n|\n|upkeep\n|turn|5\n|\n|t:|1700509220\n|switch|p2a: Sp. Def|Mantine, F|100\/100\n|move|p1a: Lucario|Earthquake|p2a: Sp. Def\n|-immune|p2a: Sp. Def\n|\n|upkeep\n|turn|6\n|\n|t:|1700509236\n|switch|p1a: Milotic|Milotic, F|100\/100\n|-damage|p1a: Milotic|88\/100|[from] Stealth Rock\n|move|p2a: Sp. Def|Hidden Power|p1a: Milotic\n|-damage|p1a: Milotic|75\/100\n|\n|-status|p1a: Milotic|brn|[from] item: Flame Orb\n|upkeep\n|turn|7\n|\n|t:|1700509246\n|switch|p2a: Hp|Chansey, F, tera:Poison|72\/100\n|-sideend|p2: VerduOsane|move: Toxic Spikes|[of] p2a: Hp\n|move|p1a: Milotic|Ice Beam|p2a: Hp\n|-damage|p2a: Hp|65\/100\n|\n|-damage|p1a: Milotic|69\/100 brn|[from] brn\n|upkeep\n|turn|8\n|\n|t:|1700509256\n|switch|p1a: Spiritomb|Spiritomb, F|100\/100\n|-damage|p1a: Spiritomb|88\/100|[from] Stealth Rock\n|move|p2a: Hp|Seismic Toss|p1a: Spiritomb\n|-immune|p1a: Spiritomb\n|\n|upkeep\n|turn|9\n|\n|t:|1700509264\n|move|p2a: Hp|Toxic|p1a: Spiritomb\n|-status|p1a: Spiritomb|tox\n|move|p1a: Spiritomb|Will-O-Wisp|p2a: Hp\n|-status|p2a: Hp|brn\n|\n|-damage|p1a: Spiritomb|82\/100 tox|[from] psn\n|-damage|p2a: Hp|59\/100 brn|[from] brn\n|upkeep\n|turn|10\n|\n|t:|1700509283\n|move|p2a: Hp|Wish|p2a: Hp\n|move|p1a: Spiritomb|Pain Split|p2a: Hp\n|-sethp|p2a: Hp|47\/100 brn|[from] move: Pain Split|[silent]\n|-sethp|p1a: Spiritomb|100\/100 tox|[from] move: Pain Split\n|\n|-damage|p1a: Spiritomb|89\/100 tox|[from] psn\n|-damage|p2a: Hp|41\/100 brn|[from] brn\n|upkeep\n|turn|11\n|\n|t:|1700509318\n|move|p2a: Hp|Seismic Toss|p1a: Spiritomb\n|-immune|p1a: Spiritomb\n|move|p1a: Spiritomb|Hex|p2a: Hp\n|-damage|p2a: Hp|28\/100 brn\n|\n|-heal|p2a: Hp|78\/100 brn|[from] move: Wish|[wisher] Hp\n|-damage|p1a: Spiritomb|71\/100 tox|[from] psn\n|-damage|p2a: Hp|72\/100 brn|[from] brn\n|upkeep\n|turn|12\n|\n|t:|1700509357\n|switch|p1a: Garchomp|Garchomp, F|100\/100\n|-damage|p1a: Garchomp|94\/100|[from] Stealth Rock\n|move|p2a: Hp|Wish|p2a: Hp\n|\n|-damage|p2a: Hp|66\/100 brn|[from] brn\n|upkeep\n|turn|13\n|\n|t:|1700509377\n|-curestatus|p2a: Hp|brn|[from] ability: Natural Cure\n|switch|p2a: Speed|Ninjask, M|100\/100\n|move|p1a: Garchomp|Earthquake|p2a: Speed\n|-immune|p2a: Speed\n|\n|upkeep\n|turn|14\n|\n|t:|1700509390\n|move|p2a: Speed|Swords Dance|p2a: Speed\n|-boost|p2a: Speed|atk|2\n|move|p1a: Garchomp|Swords Dance|p1a: Garchomp\n|-boost|p1a: Garchomp|atk|2\n|\n|-ability|p2a: Speed|Speed Boost|boost\n|-boost|p2a: Speed|spe|1\n|upkeep\n|turn|15\n|l|\u2606VerduOsane\n|player|p2|\n|j|\u2606VerduOsane\n|player|p2|VerduOsane|102\n|\n|t:|1700509438\n|move|p2a: Speed|Dual Wingbeat|p1a: Garchomp\n|-damage|p1a: Garchomp|60\/100\n|-damage|p2a: Speed|88\/100|[from] ability: Rough Skin|[of] p1a: Garchomp\n|-damage|p2a: Speed|72\/100|[from] item: Rocky Helmet|[of] p1a: Garchomp\n|-damage|p1a: Garchomp|26\/100\n|-damage|p2a: Speed|59\/100|[from] ability: Rough Skin|[of] p1a: Garchomp\n|-damage|p2a: Speed|43\/100|[from] item: Rocky Helmet|[of] p1a: Garchomp\n|-hitcount|p1a: Garchomp|2\n|move|p1a: Garchomp|Iron Head|p2a: Speed\n|-damage|p2a: Speed|0 fnt\n|faint|p2a: Speed\n|\n|upkeep\n|\n|t:|1700509467\n|switch|p2a: Def|Cloyster, M|100\/100\n|turn|16\n|\n|t:|1700509495\n|-terastallize|p1a: Garchomp|Steel\n|move|p1a: Garchomp|Iron Head|p2a: Def\n|-damage|p2a: Def|40\/100\n|move|p2a: Def|Shell Smash|p2a: Def\n|-unboost|p2a: Def|def|1\n|-unboost|p2a: Def|spd|1\n|-boost|p2a: Def|atk|2\n|-boost|p2a: Def|spa|2\n|-boost|p2a: Def|spe|2\n|-enditem|p2a: Def|White Herb\n|-clearnegativeboost|p2a: Def|[silent]\n|\n|upkeep\n|turn|17\n|\n|t:|1700509516\n|move|p2a: Def|Icicle Spear|p1a: Garchomp\n|-resisted|p1a: Garchomp\n|-damage|p1a: Garchomp|17\/100\n|-resisted|p1a: Garchomp\n|-damage|p1a: Garchomp|7\/100\n|-resisted|p1a: Garchomp\n|-damage|p1a: Garchomp|0 fnt\n|faint|p1a: Garchomp\n|-hitcount|p1: Garchomp|3\n|\n|upkeep\n|\n|t:|1700509527\n|switch|p1a: Lucario|Lucario-Mega, F|62\/100\n|-damage|p1a: Lucario|59\/100|[from] Stealth Rock\n|turn|18\n|l|\u2606VerduOsane\n|player|p2|\n|j|\u2606VerduOsane\n|player|p2|VerduOsane|102\n|\n|t:|1700509548\n|move|p1a: Lucario|Bullet Punch|p2a: Def\n|-damage|p2a: Def|15\/100\n|move|p2a: Def|Icicle Spear|p1a: Lucario\n|-resisted|p1a: Lucario\n|-damage|p1a: Lucario|45\/100\n|-resisted|p1a: Lucario\n|-damage|p1a: Lucario|29\/100\n|-resisted|p1a: Lucario\n|-damage|p1a: Lucario|15\/100\n|-resisted|p1a: Lucario\n|-damage|p1a: Lucario|1\/100\n|-resisted|p1a: Lucario\n|-damage|p1a: Lucario|0 fnt\n|faint|p1a: Lucario\n|-hitcount|p1: Lucario|5\n|\n|upkeep\n|\n|t:|1700509573\n|switch|p1a: Milotic|Milotic, F|69\/100 brn\n|-damage|p1a: Milotic|57\/100 brn|[from] Stealth Rock\n|turn|19\n|\n|t:|1700509594\n|move|p2a: Def|Pin Missile|p1a: Milotic\n|-damage|p1a: Milotic|50\/100 brn\n|-crit|p1a: Milotic\n|-damage|p1a: Milotic|40\/100 brn\n|-damage|p1a: Milotic|33\/100 brn\n|-crit|p1a: Milotic\n|-damage|p1a: Milotic|23\/100 brn\n|-damage|p1a: Milotic|16\/100 brn\n|-hitcount|p1a: Milotic|5\n|move|p1a: Milotic|Scald|p2a: Def\n|-resisted|p2a: Def\n|-damage|p2a: Def|0 fnt\n|faint|p2a: Def\n|\n|-damage|p1a: Milotic|10\/100 brn|[from] brn\n|upkeep\n|l|\u2606VerduOsane\n|player|p2|\n|j|\u2606VerduOsane\n|player|p2|VerduOsane|102\n|\n|t:|1700509638\n|switch|p2a: Atk|Rampardos, M|100\/100\n|turn|20\n|\n|t:|1700509647\n|move|p2a: Atk|Rock Polish|p2a: Atk\n|-boost|p2a: Atk|spe|2\n|move|p1a: Milotic|Recover|p1a: Milotic\n|-heal|p1a: Milotic|60\/100 brn\n|\n|-damage|p1a: Milotic|54\/100 brn|[from] brn\n|upkeep\n|turn|21\n|\n|t:|1700509664\n|move|p2a: Atk|Crunch|p1a: Milotic\n|-damage|p1a: Milotic|30\/100 brn\n|move|p1a: Milotic|Scald|p2a: Atk\n|-supereffective|p2a: Atk\n|-damage|p2a: Atk|11\/100\n|\n|-damage|p1a: Milotic|24\/100 brn|[from] brn\n|upkeep\n|turn|22\n|\n|t:|1700509683\n|move|p2a: Atk|Crunch|p1a: Milotic\n|-damage|p1a: Milotic|2\/100 brn\n|move|p1a: Milotic|Recover|p1a: Milotic\n|-heal|p1a: Milotic|52\/100 brn\n|\n|-damage|p1a: Milotic|46\/100 brn|[from] brn\n|upkeep\n|turn|23\n|c|\u2606VerduOsane|WHY\n|\n|t:|1700509694\n|move|p2a: Atk|Crunch|p1a: Milotic\n|-damage|p1a: Milotic|22\/100 brn\n|move|p1a: Milotic|Recover|p1a: Milotic\n|-heal|p1a: Milotic|72\/100 brn\n|\n|-damage|p1a: Milotic|65\/100 brn|[from] brn\n|upkeep\n|turn|24\n|\n|t:|1700509714\n|move|p2a: Atk|Crunch|p1a: Milotic\n|-damage|p1a: Milotic|44\/100 brn\n|move|p1a: Milotic|Haze|p1a: Milotic\n|-clearallboost\n|\n|-damage|p1a: Milotic|38\/100 brn|[from] brn\n|upkeep\n|turn|25\n|\n|t:|1700509722\n|move|p2a: Atk|Crunch|p1a: Milotic\n|-damage|p1a: Milotic|15\/100 brn\n|move|p1a: Milotic|Recover|p1a: Milotic\n|-heal|p1a: Milotic|65\/100 brn\n|\n|-damage|p1a: Milotic|59\/100 brn|[from] brn\n|upkeep\n|turn|26\n|\n|t:|1700509738\n|move|p2a: Atk|Crunch|p1a: Milotic\n|-damage|p1a: Milotic|37\/100 brn\n|move|p1a: Milotic|Recover|p1a: Milotic\n|-heal|p1a: Milotic|87\/100 brn\n|\n|-damage|p1a: Milotic|81\/100 brn|[from] brn\n|upkeep\n|turn|27\n|\n|t:|1700509748\n|move|p2a: Atk|Crunch|p1a: Milotic\n|-damage|p1a: Milotic|59\/100 brn\n|move|p1a: Milotic|Scald|p2a: Atk\n|-supereffective|p2a: Atk\n|-damage|p2a: Atk|0 fnt\n|faint|p2a: Atk\n|\n|-damage|p1a: Milotic|53\/100 brn|[from] brn\n|upkeep\n|\n|t:|1700509757\n|switch|p2a: Sp. Atk|Xurkitree, shiny|100\/100\n|turn|28\n|\n|t:|1700509787\n|move|p2a: Sp. Atk|Thunderbolt|p1a: Milotic\n|-supereffective|p1a: Milotic\n|-damage|p1a: Milotic|0 fnt\n|faint|p1a: Milotic\n|-ability|p2a: Sp. Atk|Beast Boost|boost\n|-boost|p2a: Sp. Atk|spa|1\n|\n|upkeep\n|\n|t:|1700509794\n|switch|p1a: Roserade|Roserade, F|100\/100\n|-damage|p1a: Roserade|88\/100|[from] Stealth Rock\n|turn|29\n|\n|t:|1700509802\n|move|p1a: Roserade|Leaf Storm|p2a: Sp. Atk\n|-damage|p2a: Sp. Atk|2\/100\n|-unboost|p1a: Roserade|spa|2\n|-zpower|p2a: Sp. Atk\n|move|p2a: Sp. Atk|Z-Hypnosis|p1a: Roserade|[anim]Hypnosis|[miss]\n|-boost|p2a: Sp. Atk|spe|1|[zeffect]\n|-miss|p2a: Sp. Atk|p1a: Roserade\n|\n|upkeep\n|turn|30\n|\n|t:|1700509827\n|switch|p1a: Spiritomb|Spiritomb, F|71\/100 tox\n|-damage|p1a: Spiritomb|59\/100 tox|[from] Stealth Rock\n|move|p2a: Sp. Atk|Thunderbolt|p1a: Spiritomb\n|-damage|p1a: Spiritomb|0 fnt\n|faint|p1a: Spiritomb\n|-ability|p2a: Sp. Atk|Beast Boost|boost\n|-boost|p2a: Sp. Atk|spa|1\n|\n|upkeep\n|\n|t:|1700509841\n|switch|p1a: Roserade|Roserade, F|88\/100\n|-damage|p1a: Roserade|76\/100|[from] Stealth Rock\n|turn|31\n|\n|t:|1700509848\n|move|p2a: Sp. Atk|Thunderbolt|p1a: Roserade\n|-resisted|p1a: Roserade\n|-damage|p1a: Roserade|4\/100\n|move|p1a: Roserade|Leaf Storm|p2a: Sp. Atk\n|-damage|p2a: Sp. Atk|0 fnt\n|-unboost|p1a: Roserade|spa|2\n|faint|p2a: Sp. Atk\n|\n|upkeep\n|\n|t:|1700509853\n|switch|p2a: Hp|Chansey, F, tera:Poison|66\/100\n|turn|32\n|\n|t:|1700509869\n|move|p1a: Roserade|Leaf Storm|p2a: Hp\n|-resisted|p2a: Hp\n|-damage|p2a: Hp|61\/100\n|-unboost|p1a: Roserade|spa|2\n|move|p2a: Hp|Seismic Toss|p1a: Roserade\n|-damage|p1a: Roserade|0 fnt\n|faint|p1a: Roserade\n|\n|upkeep\n|\n|t:|1700509882\n|switch|p1a: Togekiss|Togekiss, M|100\/100\n|-damage|p1a: Togekiss|76\/100|[from] Stealth Rock\n|turn|33\n|\n|t:|1700509894\n|move|p1a: Togekiss|Air Slash|p2a: Hp\n|-damage|p2a: Hp|49\/100\n|move|p2a: Hp|Toxic|p1a: Togekiss\n|-status|p1a: Togekiss|tox\n|\n|-damage|p1a: Togekiss|69\/100 tox|[from] psn\n|upkeep\n|turn|34\n|\n|t:|1700509903\n|move|p1a: Togekiss|Air Slash|p2a: Hp\n|-damage|p2a: Hp|37\/100\n|move|p2a: Hp|Wish|p2a: Hp\n|\n|-damage|p1a: Togekiss|57\/100 tox|[from] psn\n|upkeep\n|turn|35\n|\n|t:|1700509915\n|move|p1a: Togekiss|Thunder Wave|p2a: Hp\n|-status|p2a: Hp|par\n|move|p2a: Hp|Seismic Toss|p1a: Togekiss\n|-damage|p1a: Togekiss|30\/100 tox\n|\n|-heal|p2a: Hp|87\/100 par|[from] move: Wish|[wisher] Hp\n|-damage|p1a: Togekiss|12\/100 tox|[from] psn\n|upkeep\n|turn|36\n|l|\u2606VerduOsane\n|player|p2|\n|inactive|Battle timer is ON: inactive players will automatically lose when time's up. (requested by alive!12)\n|j|\u2606VerduOsane\n|inactive|VerduOsane reconnected and has 145 seconds left.\n|player|p2|VerduOsane|102\n|\n|t:|1700509956\n|move|p1a: Togekiss|Air Slash|p2a: Hp|[miss]\n|-miss|p1a: Togekiss|p2a: Hp\n|move|p2a: Hp|Seismic Toss|p1a: Togekiss\n|-damage|p1a: Togekiss|0 fnt\n|faint|p1a: Togekiss\n|\n|win|VerduOsane\n|raw|alive!12's rating: 1170 &rarr; <strong>1139<\/strong><br \/>(-31 for losing)\n|raw|VerduOsane's rating: 1089 &rarr; <strong>1122<\/strong><br \/>(+33 for winning)\n|l|\u2606alive!12\n","uploadtime":1700509974,"views":1,"p1id":"alive12","p2id":"verduosane","formatid":"gen9nationaldexubers","rating":1122,"private":0,"password":""}