{"id":"gen9nationaldexubers-1994555248","p1":"Trainitar4","p2":"guiguistebe","format":"[Gen 9] National Dex Ubers","log":"|j|\u2606Trainitar4\n|j|\u2606guiguistebe\n|t:|1700459108\n|gametype|singles\n|player|p1|Trainitar4|ninjaboy|1102\n|player|p2|guiguistebe|fisherman-gen4|1167\n|teamsize|p1|6\n|teamsize|p2|6\n|gen|9\n|tier|[Gen 9] National Dex Ubers\n|rated|\n|rule|HP Percentage Mod: HP is shown in percentages\n|rule|Endless Battle Clause: Forcing endless battles is banned\n|rule|OHKO Clause: OHKO moves are banned\n|rule|Evasion Moves Clause: Evasion moves are banned\n|rule|Evasion Items Clause: Evasion items are banned\n|rule|Species Clause: Limit one of each Pok\u00e9mon\n|rule|Sleep Clause Mod: Limit one foe put to sleep\n|rule|Mega Rayquaza Clause: You cannot mega evolve Rayquaza\n|clearpoke\n|poke|p1|Xerneas-*|\n|poke|p1|Marshadow|\n|poke|p1|Groudon|\n|poke|p1|Deoxys-Speed|\n|poke|p1|Necrozma-Dusk-Mane|\n|poke|p1|Pheromosa|\n|poke|p2|Groudon, L99|\n|poke|p2|Ho-Oh|\n|poke|p2|Torkoal, F|\n|poke|p2|Exeggutor, F|\n|poke|p2|Gigalith, M|\n|poke|p2|Giratina-Origin|\n|teampreview\n|inactive|Battle timer is ON: inactive players will automatically lose when time's up. (requested by Trainitar4)\n|\n|t:|1700459133\n|start\n|switch|p1a: Deoxys|Deoxys-Speed, shiny|100\/100\n|switch|p2a: \u521b\u4e16\u795e\u534f\u4f1a\u76d1\u89c6\u8005|Giratina-Origin|100\/100\n|-ability|p1a: Deoxys|Pressure\n|turn|1\n|\n|t:|1700459140\n|move|p1a: Deoxys|Stealth Rock|p2a: \u521b\u4e16\u795e\u534f\u4f1a\u76d1\u89c6\u8005\n|-sidestart|p2: guiguistebe|move: Stealth Rock\n|move|p2a: \u521b\u4e16\u795e\u534f\u4f1a\u76d1\u89c6\u8005|Hex|p1a: Deoxys\n|-supereffective|p1a: Deoxys\n|-damage|p1a: Deoxys|3\/100\n|\n|upkeep\n|turn|2\n|\n|t:|1700459146\n|move|p1a: Deoxys|Taunt|p2a: \u521b\u4e16\u795e\u534f\u4f1a\u76d1\u89c6\u8005\n|-start|p2a: \u521b\u4e16\u795e\u534f\u4f1a\u76d1\u89c6\u8005|move: Taunt\n|move|p2a: \u521b\u4e16\u795e\u534f\u4f1a\u76d1\u89c6\u8005|Dragon Tail|p1a: Deoxys\n|-crit|p1a: Deoxys\n|-damage|p1a: Deoxys|0 fnt\n|faint|p1a: Deoxys\n|\n|upkeep\n|\n|t:|1700459164\n|switch|p1a: Xerneas|Xerneas|100\/100\n|-ability|p1a: Xerneas|Fairy Aura\n|turn|3\n|\n|t:|1700459171\n|switch|p2a: \u6211\u8981\u98de\u516c\u53f8\u6444\u5f71\u5e08|Ho-Oh|100\/100\n|move|p1a: Xerneas|Moonblast|p2a: \u6211\u8981\u98de\u516c\u53f8\u6444\u5f71\u5e08\n|-resisted|p2a: \u6211\u8981\u98de\u516c\u53f8\u6444\u5f71\u5e08\n|-damage|p2a: \u6211\u8981\u98de\u516c\u53f8\u6444\u5f71\u5e08|78\/100\n|\n|upkeep\n|turn|4\n|\n|t:|1700459180\n|move|p1a: Xerneas|Geomancy||[still]\n|-prepare|p1a: Xerneas|Geomancy\n|-enditem|p1a: Xerneas|Power Herb\n|-anim|p1a: Xerneas|Geomancy|p1a: Xerneas\n|-boost|p1a: Xerneas|spa|2\n|-boost|p1a: Xerneas|spd|2\n|-boost|p1a: Xerneas|spe|2\n|move|p2a: \u6211\u8981\u98de\u516c\u53f8\u6444\u5f71\u5e08|Sacred Fire|p1a: Xerneas\n|-damage|p1a: Xerneas|53\/100\n|-status|p1a: Xerneas|brn\n|\n|-damage|p1a: Xerneas|47\/100 brn|[from] brn\n|upkeep\n|turn|5\n|\n|t:|1700459192\n|-terastallize|p2a: \u6211\u8981\u98de\u516c\u53f8\u6444\u5f71\u5e08|Steel\n|move|p1a: Xerneas|Psyshock|p2a: \u6211\u8981\u98de\u516c\u53f8\u6444\u5f71\u5e08\n|-resisted|p2a: \u6211\u8981\u98de\u516c\u53f8\u6444\u5f71\u5e08\n|-damage|p2a: \u6211\u8981\u98de\u516c\u53f8\u6444\u5f71\u5e08|53\/100\n|move|p2a: \u6211\u8981\u98de\u516c\u53f8\u6444\u5f71\u5e08|Sacred Fire|p1a: Xerneas\n|-damage|p1a: Xerneas|0 fnt\n|faint|p1a: Xerneas\n|\n|upkeep\n|\n|t:|1700459201\n|switch|p1a: Groudon|Groudon, shiny|100\/100\n|detailschange|p1a: Groudon|Groudon-Primal, shiny\n|-primal|p1a: Groudon|Red Orb\n|-weather|DesolateLand|[from] ability: Desolate Land|[of] p1a: Groudon\n|turn|6\n|\n|t:|1700459207\n|switch|p2a: \u9668\u843d\u7684\u4f4e\u901f\u6253\u624b|Exeggutor, F|100\/100\n|-damage|p2a: \u9668\u843d\u7684\u4f4e\u901f\u6253\u624b|88\/100|[from] Stealth Rock\n|move|p1a: Groudon|Flamethrower|p2a: \u9668\u843d\u7684\u4f4e\u901f\u6253\u624b\n|-supereffective|p2a: \u9668\u843d\u7684\u4f4e\u901f\u6253\u624b\n|-damage|p2a: \u9668\u843d\u7684\u4f4e\u901f\u6253\u624b|0 fnt\n|faint|p2a: \u9668\u843d\u7684\u4f4e\u901f\u6253\u624b\n|\n|-weather|DesolateLand|[upkeep]\n|upkeep\n|\n|t:|1700459218\n|switch|p2a: \u4e0d\u4f1a\u98de\u4fdd\u62a4\u534f\u4f1a\u4f1a\u957f|Groudon, L99|100\/100\n|-damage|p2a: \u4e0d\u4f1a\u98de\u4fdd\u62a4\u534f\u4f1a\u4f1a\u957f|94\/100|[from] Stealth Rock\n|detailschange|p2a: \u4e0d\u4f1a\u98de\u4fdd\u62a4\u534f\u4f1a\u4f1a\u957f|Groudon-Primal, L99\n|-primal|p2a: \u4e0d\u4f1a\u98de\u4fdd\u62a4\u534f\u4f1a\u4f1a\u957f|Red Orb\n|turn|7\n|\n|t:|1700459223\n|move|p1a: Groudon|Earth Power|p2a: \u4e0d\u4f1a\u98de\u4fdd\u62a4\u534f\u4f1a\u4f1a\u957f\n|-supereffective|p2a: \u4e0d\u4f1a\u98de\u4fdd\u62a4\u534f\u4f1a\u4f1a\u957f\n|-damage|p2a: \u4e0d\u4f1a\u98de\u4fdd\u62a4\u534f\u4f1a\u4f1a\u957f|13\/100\n|-unboost|p2a: \u4e0d\u4f1a\u98de\u4fdd\u62a4\u534f\u4f1a\u4f1a\u957f|spd|1\n|move|p2a: \u4e0d\u4f1a\u98de\u4fdd\u62a4\u534f\u4f1a\u4f1a\u957f|Earthquake|p1a: Groudon\n|-supereffective|p1a: Groudon\n|-damage|p1a: Groudon|26\/100\n|\n|-weather|DesolateLand|[upkeep]\n|upkeep\n|turn|8\n|\n|t:|1700459233\n|switch|p2a: \u521b\u4e16\u795e\u534f\u4f1a\u76d1\u89c6\u8005|Giratina-Origin|100\/100\n|-damage|p2a: \u521b\u4e16\u795e\u534f\u4f1a\u76d1\u89c6\u8005|88\/100|[from] Stealth Rock\n|move|p1a: Groudon|Flamethrower|p2a: \u521b\u4e16\u795e\u534f\u4f1a\u76d1\u89c6\u8005\n|-resisted|p2a: \u521b\u4e16\u795e\u534f\u4f1a\u76d1\u89c6\u8005\n|-damage|p2a: \u521b\u4e16\u795e\u534f\u4f1a\u76d1\u89c6\u8005|61\/100\n|\n|-weather|DesolateLand|[upkeep]\n|upkeep\n|turn|9\n|\n|t:|1700459243\n|move|p1a: Groudon|Flamethrower|p2a: \u521b\u4e16\u795e\u534f\u4f1a\u76d1\u89c6\u8005\n|-resisted|p2a: \u521b\u4e16\u795e\u534f\u4f1a\u76d1\u89c6\u8005\n|-damage|p2a: \u521b\u4e16\u795e\u534f\u4f1a\u76d1\u89c6\u8005|32\/100\n|-status|p2a: \u521b\u4e16\u795e\u534f\u4f1a\u76d1\u89c6\u8005|brn\n|move|p2a: \u521b\u4e16\u795e\u534f\u4f1a\u76d1\u89c6\u8005|Dragon Tail|p1a: Groudon\n|-damage|p1a: Groudon|17\/100\n|-weather|none\n|drag|p1a: Marshadow|Marshadow|100\/100\n|\n|-damage|p2a: \u521b\u4e16\u795e\u534f\u4f1a\u76d1\u89c6\u8005|26\/100 brn|[from] brn\n|upkeep\n|turn|10\n|-message|guiguistebe forfeited.\n|\n|win|Trainitar4\n|raw|Trainitar4's rating: 1132 &rarr; <strong>1160<\/strong><br \/>(+28 for winning)\n|raw|guiguistebe's rating: 1167 &rarr; <strong>1139<\/strong><br \/>(-28 for losing)\n|l|\u2606guiguistebe\n","uploadtime":1700459258,"views":3,"p1id":"trainitar4","p2id":"guiguistebe","formatid":"gen9nationaldexubers","rating":1139,"private":0,"password":""}