{"id":"gen9nationaldexubers-1984442000","p1":"Obito 2001","p2":"85792195wwww","format":"[Gen 9] National Dex Ubers","log":"|j|\u2606Obito 2001\n|j|\u203d85792195wwww\n|t:|1699264339\n|gametype|singles\n|player|p1|Obito 2001|blue-gen3two|1954\n|player|p2|85792195wwww|mira|1830\n|teamsize|p1|6\n|teamsize|p2|6\n|gen|9\n|tier|[Gen 9] National Dex Ubers\n|rated|\n|rule|HP Percentage Mod: HP is shown in percentages\n|rule|Endless Battle Clause: Forcing endless battles is banned\n|rule|OHKO Clause: OHKO moves are banned\n|rule|Evasion Moves Clause: Evasion moves are banned\n|rule|Evasion Items Clause: Evasion items are banned\n|rule|Species Clause: Limit one of each Pok\u00e9mon\n|rule|Sleep Clause Mod: Limit one foe put to sleep\n|rule|Mega Rayquaza Clause: You cannot mega evolve Rayquaza\n|clearpoke\n|poke|p1|Ho-Oh|\n|poke|p1|Yveltal|\n|poke|p1|Ditto|\n|poke|p1|Magearna|\n|poke|p1|Necrozma-Dusk-Mane|\n|poke|p1|Arceus-Ground|\n|poke|p2|Arceus|\n|poke|p2|Xerneas-*|\n|poke|p2|Groudon|\n|poke|p2|Zacian-*|\n|poke|p2|Samurott-Hisui, M|\n|poke|p2|Rayquaza|\n|teampreview\n|inactive|Battle timer is ON: inactive players will automatically lose when time's up. (requested by Obito 2001)\n|\n|t:|1699264364\n|start\n|switch|p1a: Ho-Oh|Ho-Oh|100\/100\n|switch|p2a: Zacian|Zacian-Crowned|100\/100\n|-ability|p2a: Zacian|Intrepid Sword|boost\n|-boost|p2a: Zacian|atk|1\n|turn|1\n|\n|t:|1699264372\n|move|p2a: Zacian|Wild Charge|p1a: Ho-Oh\n|-supereffective|p1a: Ho-Oh\n|-damage|p1a: Ho-Oh|0 fnt\n|faint|p1a: Ho-Oh\n|-damage|p2a: Zacian|73\/100|[from] Recoil\n|\n|upkeep\n|\n|t:|1699264377\n|switch|p1a: Ditto|Ditto, shiny|100\/100\n|-transform|p1a: Ditto|p2a: Zacian|[from] ability: Imposter\n|-ability|p1a: Ditto|Intrepid Sword|boost\n|-boost|p1a: Ditto|atk|1\n|turn|2\n|\n|t:|1699264386\n|switch|p2a: Groudon|Groudon|100\/100\n|detailschange|p2a: Groudon|Groudon-Primal\n|-primal|p2a: Groudon|Red Orb\n|-weather|DesolateLand|[from] ability: Desolate Land|[of] p2a: Groudon\n|move|p1a: Ditto|Behemoth Blade|p2a: Groudon\n|-resisted|p2a: Groudon\n|-damage|p2a: Groudon|69\/100\n|\n|-weather|DesolateLand|[upkeep]\n|upkeep\n|turn|3\n|\n|t:|1699264396\n|switch|p1a: Arceus|Arceus-Ground|100\/100\n|-weather|none\n|switch|p2a: Samurott|Samurott-Hisui, M|100\/100\n|\n|upkeep\n|turn|4\n|\n|t:|1699264404\n|move|p1a: Arceus|Judgment|p2a: Samurott\n|-damage|p2a: Samurott|23\/100\n|move|p2a: Samurott|Ceaseless Edge|p1a: Arceus\n|-damage|p1a: Arceus|69\/100\n|-sidestart|p1: Obito 2001|Spikes\n|\n|upkeep\n|turn|5\n|\n|t:|1699264412\n|move|p1a: Arceus|Judgment|p2a: Samurott\n|-damage|p2a: Samurott|0 fnt\n|faint|p2a: Samurott\n|\n|upkeep\n|\n|t:|1699264424\n|switch|p2a: Xerneas|Xerneas|100\/100\n|-ability|p2a: Xerneas|Fairy Aura\n|turn|6\n|\n|t:|1699264434\n|move|p1a: Arceus|Judgment|p2a: Xerneas\n|-damage|p2a: Xerneas|61\/100\n|move|p2a: Xerneas|Moonblast|p1a: Arceus\n|-damage|p1a: Arceus|18\/100\n|\n|upkeep\n|turn|7\n|\n|t:|1699264443\n|switch|p1a: Magearna|Magearna|100\/100\n|-damage|p1a: Magearna|88\/100|[from] Spikes\n|move|p2a: Xerneas|Moonblast|p1a: Magearna\n|-resisted|p1a: Magearna\n|-damage|p1a: Magearna|64\/100\n|\n|upkeep\n|turn|8\n|\n|t:|1699264451\n|switch|p2a: Zacian|Zacian-Crowned|73\/100\n|move|p1a: Magearna|Fleur Cannon|p2a: Zacian\n|-resisted|p2a: Zacian\n|-damage|p2a: Zacian|46\/100\n|-unboost|p1a: Magearna|spa|2\n|\n|upkeep\n|turn|9\n|\n|t:|1699264459\n|switch|p1a: Yveltal|Yveltal, shiny|100\/100\n|-ability|p1a: Yveltal|Dark Aura\n|move|p2a: Zacian|Behemoth Blade|p1a: Yveltal\n|-damage|p1a: Yveltal|66\/100\n|\n|upkeep\n|turn|10\n|\n|t:|1699264470\n|move|p2a: Zacian|Wild Charge|p1a: Yveltal\n|-supereffective|p1a: Yveltal\n|-damage|p1a: Yveltal|25\/100\n|-damage|p2a: Zacian|31\/100|[from] Recoil\n|move|p1a: Yveltal|Defog|p2a: Zacian\n|-unboost|p2a: Zacian|evasion|1\n|-sideend|p1: Obito 2001|Spikes|[from] move: Defog|[of] p1a: Yveltal\n|\n|upkeep\n|turn|11\n|\n|t:|1699264486\n|-terastallize|p1a: Yveltal|Steel\n|move|p2a: Zacian|Behemoth Blade|p1a: Yveltal\n|-resisted|p1a: Yveltal\n|-damage|p1a: Yveltal|9\/100\n|move|p1a: Yveltal|Roost|p1a: Yveltal\n|-heal|p1a: Yveltal|59\/100\n|\n|upkeep\n|turn|12\n|\n|t:|1699264503\n|switch|p1a: Magearna|Magearna|64\/100\n|move|p2a: Zacian|Behemoth Blade|p1a: Magearna\n|-damage|p1a: Magearna|15\/100\n|\n|upkeep\n|turn|13\n|\n|t:|1699264511\n|move|p2a: Zacian|Behemoth Blade|p1a: Magearna\n|-damage|p1a: Magearna|0 fnt\n|faint|p1a: Magearna\n|\n|upkeep\n|\n|t:|1699264516\n|switch|p1a: Ditto|Ditto, shiny|100\/100\n|-transform|p1a: Ditto|p2a: Zacian|[from] ability: Imposter\n|turn|14\n|\n|t:|1699264521\n|move|p1a: Ditto|Behemoth Blade|p2a: Zacian\n|-damage|p2a: Zacian|0 fnt\n|faint|p2a: Zacian\n|\n|upkeep\n|\n|t:|1699264528\n|switch|p2a: Groudon|Groudon-Primal|69\/100\n|-weather|DesolateLand|[from] ability: Desolate Land|[of] p2a: Groudon\n|turn|15\n|\n|t:|1699264538\n|switch|p1a: Arceus|Arceus-Ground|18\/100\n|move|p2a: Groudon|Rock Polish|p2a: Groudon\n|-boost|p2a: Groudon|spe|2\n|\n|-weather|DesolateLand|[upkeep]\n|upkeep\n|turn|16\n|\n|t:|1699264546\n|switch|p1a: Ditto|Ditto, shiny|100\/100\n|-transform|p1a: Ditto|p2a: Groudon|[from] ability: Imposter\n|move|p2a: Groudon|Heat Crash|p1a: Ditto\n|-resisted|p1a: Ditto\n|-damage|p1a: Ditto|84\/100\n|\n|-weather|DesolateLand|[upkeep]\n|upkeep\n|turn|17\n|\n|t:|1699264554\n|switch|p2a: Rayquaza|Rayquaza|100\/100\n|-ability|p2a: Rayquaza|Air Lock\n|move|p1a: Ditto|Precipice Blades|p2a: Rayquaza\n|-immune|p2a: Rayquaza\n|\n|-weather|DesolateLand|[upkeep]\n|upkeep\n|turn|18\n|\n|t:|1699264563\n|-weather|none\n|switch|p1a: Arceus|Arceus-Ground|18\/100\n|move|p2a: Rayquaza|Dragon Ascent|p1a: Arceus\n|-damage|p1a: Arceus|0 fnt\n|-unboost|p2a: Rayquaza|def|1\n|-unboost|p2a: Rayquaza|spd|1\n|faint|p1a: Arceus\n|\n|upkeep\n|\n|t:|1699264573\n|switch|p1a: Necrozma|Necrozma-Dusk-Mane|100\/100\n|turn|19\n|\n|t:|1699264602\n|move|p2a: Rayquaza|Dragon Ascent|p1a: Necrozma\n|-resisted|p1a: Necrozma\n|-damage|p1a: Necrozma|50\/100\n|-unboost|p2a: Rayquaza|def|1\n|-unboost|p2a: Rayquaza|spd|1\n|move|p1a: Necrozma|Stealth Rock|p2a: Rayquaza\n|-sidestart|p2: 85792195wwww|move: Stealth Rock\n|\n|upkeep\n|turn|20\n|\n|t:|1699264611\n|detailschange|p1a: Necrozma|Necrozma-Ultra\n|-burst|p1a: Necrozma|Necrozma|Ultranecrozium Z\n|-terastallize|p2a: Rayquaza|Flying\n|move|p1a: Necrozma|Dragon Pulse|p2a: Rayquaza\n|-damage|p2a: Rayquaza|0 fnt\n|faint|p2a: Rayquaza\n|\n|upkeep\n|\n|t:|1699264620\n|switch|p2a: Arceus|Arceus|100\/100\n|-damage|p2a: Arceus|88\/100|[from] Stealth Rock\n|turn|21\n|\n|t:|1699264626\n|switch|p1a: Yveltal|Yveltal, shiny, tera:Steel|59\/100\n|-ability|p1a: Yveltal|Dark Aura\n|move|p2a: Arceus|Extreme Speed|p1a: Yveltal\n|-resisted|p1a: Yveltal\n|-damage|p1a: Yveltal|44\/100\n|-damage|p2a: Arceus|78\/100|[from] item: Life Orb\n|\n|upkeep\n|turn|22\n|\n|t:|1699264636\n|move|p2a: Arceus|Earthquake|p1a: Yveltal\n|-supereffective|p1a: Yveltal\n|-damage|p1a: Yveltal|0 fnt\n|faint|p1a: Yveltal\n|-damage|p2a: Arceus|69\/100|[from] item: Life Orb\n|\n|upkeep\n|\n|t:|1699264642\n|switch|p1a: Ditto|Ditto, shiny|84\/100\n|-transform|p1a: Ditto|p2a: Arceus|[from] ability: Imposter\n|turn|23\n|\n|t:|1699264652\n|switch|p2a: Groudon|Groudon-Primal|69\/100\n|-damage|p2a: Groudon|57\/100|[from] Stealth Rock\n|-weather|DesolateLand|[from] ability: Desolate Land|[of] p2a: Groudon\n|move|p1a: Ditto|Earthquake|p2a: Groudon\n|-supereffective|p2a: Groudon\n|-damage|p2a: Groudon|16\/100\n|\n|-weather|DesolateLand|[upkeep]\n|upkeep\n|turn|24\n|\n|t:|1699264664\n|move|p1a: Ditto|Earthquake|p2a: Groudon\n|-supereffective|p2a: Groudon\n|-damage|p2a: Groudon|0 fnt\n|faint|p2a: Groudon\n|-weather|none\n|\n|upkeep\n|\n|t:|1699264670\n|switch|p2a: Xerneas|Xerneas|61\/100\n|-damage|p2a: Xerneas|49\/100|[from] Stealth Rock\n|-ability|p2a: Xerneas|Fairy Aura\n|turn|25\n|\n|t:|1699264683\n|switch|p1a: Necrozma|Necrozma-Ultra|50\/100\n|move|p2a: Xerneas|Moonblast|p1a: Necrozma\n|-supereffective|p1a: Necrozma\n|-damage|p1a: Necrozma|0 fnt\n|faint|p1a: Necrozma\n|\n|upkeep\n|\n|t:|1699264685\n|switch|p1a: Ditto|Ditto, shiny|84\/100\n|-transform|p1a: Ditto|p2a: Xerneas|[from] ability: Imposter\n|-ability|p1a: Ditto|Fairy Aura\n|turn|26\n|\n|t:|1699264697\n|move|p1a: Ditto|Moonblast|p2a: Xerneas\n|-damage|p2a: Xerneas|0 fnt\n|faint|p2a: Xerneas\n|\n|upkeep\n|\n|t:|1699264702\n|switch|p2a: Arceus|Arceus|69\/100\n|-damage|p2a: Arceus|56\/100|[from] Stealth Rock\n|turn|27\n|\n|t:|1699264708\n|move|p1a: Ditto|Moonblast|p2a: Arceus\n|-damage|p2a: Arceus|2\/100\n|move|p2a: Arceus|Swords Dance|p2a: Arceus\n|-boost|p2a: Arceus|atk|2\n|\n|upkeep\n|turn|28\n|\n|t:|1699264715\n|move|p2a: Arceus|Extreme Speed|p1a: Ditto\n|-damage|p1a: Ditto|0 fnt\n|faint|p1a: Ditto\n|-damage|p2a: Arceus|0 fnt|[from] item: Life Orb\n|faint|p2a: Arceus\n|\n|win|85792195wwww\n|raw|Obito 2001's rating: 1954 &rarr; <strong>1927<\/strong><br \/>(-27 for losing)\n|raw|85792195wwww's rating: 1830 &rarr; <strong>1857<\/strong><br \/>(+27 for winning)\n|l|\u2606Obito 2001\n|l|\u203d85792195wwww\n","uploadtime":1699264760,"views":9,"p1id":"obito2001","p2id":"85792195wwww","formatid":"gen9nationaldexubers","rating":1857,"private":0,"password":""}