{"id":"gen9nationaldexubers-1992029653","p1":"INSECT-M0DE\ufe0f\u2733\ufe0f","p2":"Dragonsbanisher971","format":"[Gen 9] National Dex Ubers","log":"|j|\u2606INSECT-M0DE\ufe0f\u2733\ufe0f\n|j|\u2606Dragonsbanisher971\n|t:|1700149131\n|gametype|singles\n|player|p1|INSECT-M0DE\ufe0f\u2733\ufe0f|viola|1055\n|player|p2|Dragonsbanisher971|265|1070\n|teamsize|p1|6\n|teamsize|p2|6\n|gen|9\n|tier|[Gen 9] National Dex Ubers\n|rated|\n|rule|HP Percentage Mod: HP is shown in percentages\n|rule|Endless Battle Clause: Forcing endless battles is banned\n|rule|OHKO Clause: OHKO moves are banned\n|rule|Evasion Moves Clause: Evasion moves are banned\n|rule|Evasion Items Clause: Evasion items are banned\n|rule|Species Clause: Limit one of each Pok\u00e9mon\n|rule|Sleep Clause Mod: Limit one foe put to sleep\n|rule|Mega Rayquaza Clause: You cannot mega evolve Rayquaza\n|clearpoke\n|poke|p1|Armaldo, M|\n|poke|p1|Golisopod, M|\n|poke|p1|Araquanid, F|\n|poke|p1|Slither Wing|\n|poke|p1|Pheromosa|\n|poke|p1|Orbeetle, F|\n|poke|p2|Cinderace, M|\n|poke|p2|Serperior, M|\n|poke|p2|Galvantula, M|\n|poke|p2|Banette, M|\n|poke|p2|Muk-Alola, F|\n|poke|p2|Kyurem-Black|\n|teampreview\n|\n|t:|1700149146\n|start\n|switch|p1a: \ud83e\udeb0SLITHER\ud83d\udd78WING\ud83e\udeb0|Slither Wing|100\/100\n|switch|p2a: Kyurem|Kyurem-Black, shiny|100\/100\n|-ability|p2a: Kyurem|Teravolt\n|-enditem|p1a: \ud83e\udeb0SLITHER\ud83d\udd78WING\ud83e\udeb0|Booster Energy\n|-activate|p1a: \ud83e\udeb0SLITHER\ud83d\udd78WING\ud83e\udeb0|ability: Protosynthesis|[fromitem]\n|-start|p1a: \ud83e\udeb0SLITHER\ud83d\udd78WING\ud83e\udeb0|protosynthesisatk\n|turn|1\n|\n|t:|1700149160\n|move|p1a: \ud83e\udeb0SLITHER\ud83d\udd78WING\ud83e\udeb0|First Impression|p2a: Kyurem\n|-damage|p2a: Kyurem|38\/100\n|move|p2a: Kyurem|Dragon Dance|p2a: Kyurem\n|-boost|p2a: Kyurem|atk|1\n|-boost|p2a: Kyurem|spe|1\n|\n|upkeep\n|turn|2\n|\n|t:|1700149171\n|move|p2a: Kyurem|Freeze Shock||[still]\n|-prepare|p2a: Kyurem|Freeze Shock\n|-enditem|p2a: Kyurem|Power Herb\n|-anim|p2a: Kyurem|Freeze Shock|p1a: \ud83e\udeb0SLITHER\ud83d\udd78WING\ud83e\udeb0\n|-damage|p1a: \ud83e\udeb0SLITHER\ud83d\udd78WING\ud83e\udeb0|0 fnt\n|faint|p1a: \ud83e\udeb0SLITHER\ud83d\udd78WING\ud83e\udeb0\n|-end|p1a: \ud83e\udeb0SLITHER\ud83d\udd78WING\ud83e\udeb0|Protosynthesis|[silent]\n|\n|upkeep\n|\n|t:|1700149181\n|switch|p1a: \ud83e\udd82GOLISOPOD\ud83e\udeb2|Golisopod, M|100\/100\n|turn|3\n|\n|t:|1700149190\n|switch|p2a: Muk|Muk-Alola, F|100\/100\n|move|p1a: \ud83e\udd82GOLISOPOD\ud83e\udeb2|First Impression|p2a: Muk\n|-damage|p2a: Muk|49\/100\n|\n|upkeep\n|turn|4\n|\n|t:|1700149203\n|switch|p1a: \ud83d\udd78\ud83d\udd77ARAQUANID\ud83d\udd77\ud83d\udd78|Araquanid, F|100\/100\n|move|p2a: Muk|Gunk Shot|p1a: \ud83d\udd78\ud83d\udd77ARAQUANID\ud83d\udd77\ud83d\udd78\n|-damage|p1a: \ud83d\udd78\ud83d\udd77ARAQUANID\ud83d\udd77\ud83d\udd78|21\/100\n|-status|p1a: \ud83d\udd78\ud83d\udd77ARAQUANID\ud83d\udd77\ud83d\udd78|psn\n|\n|-damage|p1a: \ud83d\udd78\ud83d\udd77ARAQUANID\ud83d\udd77\ud83d\udd78|9\/100 psn|[from] psn\n|upkeep\n|turn|5\n|\n|t:|1700149217\n|move|p2a: Muk|Ice Punch|p1a: \ud83d\udd78\ud83d\udd77ARAQUANID\ud83d\udd77\ud83d\udd78\n|-resisted|p1a: \ud83d\udd78\ud83d\udd77ARAQUANID\ud83d\udd77\ud83d\udd78\n|-damage|p1a: \ud83d\udd78\ud83d\udd77ARAQUANID\ud83d\udd77\ud83d\udd78|0 fnt\n|faint|p1a: \ud83d\udd78\ud83d\udd77ARAQUANID\ud83d\udd77\ud83d\udd78\n|\n|upkeep\n|\n|t:|1700149227\n|switch|p1a: \ud83d\udd78\ud83e\udd8bPHERMOSA\ud83e\udd8b\ud83d\udd78|Pheromosa|100\/100\n|turn|6\n|\n|t:|1700149235\n|-terastallize|p1a: \ud83d\udd78\ud83e\udd8bPHERMOSA\ud83e\udd8b\ud83d\udd78|Bug\n|move|p1a: \ud83d\udd78\ud83e\udd8bPHERMOSA\ud83e\udd8b\ud83d\udd78|Bug Buzz|p2a: Muk\n|-damage|p2a: Muk|0 fnt\n|faint|p2a: Muk\n|-ability|p1a: \ud83d\udd78\ud83e\udd8bPHERMOSA\ud83e\udd8b\ud83d\udd78|Beast Boost|boost\n|-boost|p1a: \ud83d\udd78\ud83e\udd8bPHERMOSA\ud83e\udd8b\ud83d\udd78|spa|1\n|\n|upkeep\n|\n|t:|1700149245\n|switch|p2a: Galvantula|Galvantula, M|100\/100\n|turn|7\n|\n|t:|1700149250\n|move|p1a: \ud83d\udd78\ud83e\udd8bPHERMOSA\ud83e\udd8b\ud83d\udd78|Bug Buzz|p2a: Galvantula\n|-enditem|p2a: Galvantula|Focus Sash\n|-damage|p2a: Galvantula|1\/100\n|move|p2a: Galvantula|Toxic|p1a: \ud83d\udd78\ud83e\udd8bPHERMOSA\ud83e\udd8b\ud83d\udd78\n|-status|p1a: \ud83d\udd78\ud83e\udd8bPHERMOSA\ud83e\udd8b\ud83d\udd78|tox\n|\n|-damage|p1a: \ud83d\udd78\ud83e\udd8bPHERMOSA\ud83e\udd8b\ud83d\udd78|94\/100 tox|[from] psn\n|upkeep\n|turn|8\n|\n|t:|1700149260\n|move|p1a: \ud83d\udd78\ud83e\udd8bPHERMOSA\ud83e\udd8b\ud83d\udd78|Silver Wind|p2a: Galvantula\n|-damage|p2a: Galvantula|0 fnt\n|-boost|p1a: \ud83d\udd78\ud83e\udd8bPHERMOSA\ud83e\udd8b\ud83d\udd78|atk|1\n|-boost|p1a: \ud83d\udd78\ud83e\udd8bPHERMOSA\ud83e\udd8b\ud83d\udd78|def|1\n|-boost|p1a: \ud83d\udd78\ud83e\udd8bPHERMOSA\ud83e\udd8b\ud83d\udd78|spa|1\n|-boost|p1a: \ud83d\udd78\ud83e\udd8bPHERMOSA\ud83e\udd8b\ud83d\udd78|spd|1\n|-boost|p1a: \ud83d\udd78\ud83e\udd8bPHERMOSA\ud83e\udd8b\ud83d\udd78|spe|1\n|faint|p2a: Galvantula\n|-ability|p1a: \ud83d\udd78\ud83e\udd8bPHERMOSA\ud83e\udd8b\ud83d\udd78|Beast Boost|boost\n|-boost|p1a: \ud83d\udd78\ud83e\udd8bPHERMOSA\ud83e\udd8b\ud83d\udd78|spa|1\n|\n|-damage|p1a: \ud83d\udd78\ud83e\udd8bPHERMOSA\ud83e\udd8b\ud83d\udd78|82\/100 tox|[from] psn\n|upkeep\n|\n|t:|1700149274\n|switch|p2a: Cinderace|Cinderace, M, shiny|100\/100\n|turn|9\n|\n|t:|1700149279\n|move|p2a: Cinderace|Sucker Punch|p1a: \ud83d\udd78\ud83e\udd8bPHERMOSA\ud83e\udd8b\ud83d\udd78\n|-start|p2a: Cinderace|typechange|Dark|[from] ability: Libero\n|-damage|p1a: \ud83d\udd78\ud83e\udd8bPHERMOSA\ud83e\udd8b\ud83d\udd78|22\/100 tox\n|move|p1a: \ud83d\udd78\ud83e\udd8bPHERMOSA\ud83e\udd8b\ud83d\udd78|Bug Buzz|p2a: Cinderace\n|-supereffective|p2a: Cinderace\n|-damage|p2a: Cinderace|0 fnt\n|faint|p2a: Cinderace\n|-ability|p1a: \ud83d\udd78\ud83e\udd8bPHERMOSA\ud83e\udd8b\ud83d\udd78|Beast Boost|boost\n|-boost|p1a: \ud83d\udd78\ud83e\udd8bPHERMOSA\ud83e\udd8b\ud83d\udd78|spa|1\n|\n|-damage|p1a: \ud83d\udd78\ud83e\udd8bPHERMOSA\ud83e\udd8b\ud83d\udd78|4\/100 tox|[from] psn\n|upkeep\n|\n|t:|1700149300\n|switch|p2a: Banette|Banette, M|100\/100\n|turn|10\n|\n|t:|1700149313\n|move|p1a: \ud83d\udd78\ud83e\udd8bPHERMOSA\ud83e\udd8b\ud83d\udd78|Bug Buzz|p2a: Banette\n|-resisted|p2a: Banette\n|-damage|p2a: Banette|0 fnt\n|faint|p2a: Banette\n|-ability|p1a: \ud83d\udd78\ud83e\udd8bPHERMOSA\ud83e\udd8b\ud83d\udd78|Beast Boost|boost\n|-boost|p1a: \ud83d\udd78\ud83e\udd8bPHERMOSA\ud83e\udd8b\ud83d\udd78|spa|1\n|\n|-damage|p1a: \ud83d\udd78\ud83e\udd8bPHERMOSA\ud83e\udd8b\ud83d\udd78|0 fnt|[from] psn\n|faint|p1a: \ud83d\udd78\ud83e\udd8bPHERMOSA\ud83e\udd8b\ud83d\udd78\n|upkeep\n|\n|t:|1700149329\n|switch|p1a: \ud83e\udea8\ud83e\udeb2ARMALDO\ud83e\udeb2\ud83e\udea8|Armaldo, M|100\/100\n|switch|p2a: Serperior|Serperior, M, shiny|100\/100\n|turn|11\n|\n|t:|1700149337\n|move|p2a: Serperior|Leaf Storm|p1a: \ud83e\udea8\ud83e\udeb2ARMALDO\ud83e\udeb2\ud83e\udea8\n|-damage|p1a: \ud83e\udea8\ud83e\udeb2ARMALDO\ud83e\udeb2\ud83e\udea8|49\/100\n|-boost|p2a: Serperior|spa|2\n|move|p1a: \ud83e\udea8\ud83e\udeb2ARMALDO\ud83e\udeb2\ud83e\udea8|X-Scissor|p2a: Serperior\n|-supereffective|p2a: Serperior\n|-damage|p2a: Serperior|0 fnt\n|faint|p2a: Serperior\n|\n|upkeep\n|\n|t:|1700149347\n|switch|p2a: Kyurem|Kyurem-Black, shiny|38\/100\n|-ability|p2a: Kyurem|Teravolt\n|turn|12\n|\n|t:|1700149354\n|-terastallize|p2a: Kyurem|Electric\n|move|p2a: Kyurem|Fusion Bolt|p1a: \ud83e\udea8\ud83e\udeb2ARMALDO\ud83e\udeb2\ud83e\udea8\n|-damage|p1a: \ud83e\udea8\ud83e\udeb2ARMALDO\ud83e\udeb2\ud83e\udea8|0 fnt\n|faint|p1a: \ud83e\udea8\ud83e\udeb2ARMALDO\ud83e\udeb2\ud83e\udea8\n|\n|upkeep\n|\n|t:|1700149362\n|switch|p1a: \ud83e\udd82GOLISOPOD\ud83e\udeb2|Golisopod, M|100\/100\n|turn|13\n|\n|t:|1700149366\n|move|p1a: \ud83e\udd82GOLISOPOD\ud83e\udeb2|First Impression|p2a: Kyurem\n|-damage|p2a: Kyurem|0 fnt\n|faint|p2a: Kyurem\n|\n|win|INSECT-M0DE\ufe0f\u2733\ufe0f\n|raw|INSECT-M0DE\ufe0f\u2733\ufe0f's rating: 1055 &rarr; <strong>1088<\/strong><br \/>(+33 for winning)\n|raw|Dragonsbanisher971's rating: 1070 &rarr; <strong>1049<\/strong><br \/>(-21 for losing)\n|c|\u2606INSECT-M0DE\ufe0f\u2733\ufe0f|Bugs!\n","uploadtime":1700149532,"views":7,"p1id":"insectm0de","p2id":"dragonsbanisher971","formatid":"gen9nationaldexubers","rating":1049,"private":0,"password":""}