{"id":"gen9nationaldexubers-1978372392","p1":"Redmansgreed","p2":"85792195wwww","format":"[Gen 9] National Dex Ubers","log":"|j|\u2606Redmansgreed\n|j|\u260685792195wwww\n|t:|1698530694\n|gametype|singles\n|player|p1|Redmansgreed|zinzolin|1530\n|player|p2|85792195wwww|lady|1796\n|teamsize|p1|6\n|teamsize|p2|6\n|gen|9\n|tier|[Gen 9] National Dex Ubers\n|rated|\n|rule|HP Percentage Mod: HP is shown in percentages\n|rule|Endless Battle Clause: Forcing endless battles is banned\n|rule|OHKO Clause: OHKO moves are banned\n|rule|Evasion Moves Clause: Evasion moves are banned\n|rule|Evasion Items Clause: Evasion items are banned\n|rule|Species Clause: Limit one of each Pok\u00e9mon\n|rule|Sleep Clause Mod: Limit one foe put to sleep\n|rule|Mega Rayquaza Clause: You cannot mega evolve Rayquaza\n|clearpoke\n|poke|p1|Arceus-Ghost|\n|poke|p1|Pheromosa|\n|poke|p1|Groudon|\n|poke|p1|Necrozma-Dusk-Mane|\n|poke|p1|Chien-Pao|\n|poke|p1|Marshadow|\n|poke|p2|Zacian-*|\n|poke|p2|Kyogre|\n|poke|p2|Xerneas-*|\n|poke|p2|Krookodile, M|\n|poke|p2|Groudon|\n|poke|p2|Arceus|\n|teampreview\n|c|\u2606Redmansgreed|as someone that high on the ladde\n|c|\u2606Redmansgreed|are you sick of facisng stall\n|\n|t:|1698530721\n|start\n|switch|p1a: thigh hi there|Pheromosa, shiny|100\/100\n|switch|p2a: Krookodile|Krookodile, M|100\/100\n|-ability|p2a: Krookodile|Intimidate|boost\n|-unboost|p1a: thigh hi there|atk|1\n|turn|1\n|\n|t:|1698530729\n|move|p1a: thigh hi there|U-turn|p2a: Krookodile\n|-supereffective|p2a: Krookodile\n|-damage|p2a: Krookodile|39\/100\n|\n|t:|1698530735\n|switch|p1a: Still annoying|Arceus-Ghost, shiny|100\/100|[from] U-turn\n|move|p2a: Krookodile|Stealth Rock|p1a: Still annoying\n|-sidestart|p1: Redmansgreed|move: Stealth Rock\n|\n|upkeep\n|turn|2\n|\n|t:|1698530745\n|move|p2a: Krookodile|Bulldoze|p1a: Still annoying\n|-damage|p1a: Still annoying|83\/100\n|-unboost|p1a: Still annoying|spe|1\n|move|p1a: Still annoying|Will-O-Wisp|p2a: Krookodile\n|-status|p2a: Krookodile|brn\n|\n|-damage|p2a: Krookodile|33\/100 brn|[from] brn\n|upkeep\n|turn|3\n|\n|t:|1698530755\n|move|p2a: Krookodile|Taunt|p1a: Still annoying\n|-start|p1a: Still annoying|move: Taunt\n|move|p1a: Still annoying|Judgment|p2a: Krookodile\n|-resisted|p2a: Krookodile\n|-damage|p2a: Krookodile|0 fnt\n|faint|p2a: Krookodile\n|\n|upkeep\n|\n|t:|1698530764\n|switch|p2a: Zacian|Zacian-Crowned|100\/100\n|-ability|p2a: Zacian|Intrepid Sword|boost\n|-boost|p2a: Zacian|atk|1\n|turn|4\n|\n|t:|1698530772\n|switch|p1a: thigh hi there|Pheromosa, shiny|100\/100\n|-damage|p1a: thigh hi there|88\/100|[from] Stealth Rock\n|move|p2a: Zacian|Swords Dance|p2a: Zacian\n|-boost|p2a: Zacian|atk|2\n|\n|upkeep\n|turn|5\n|\n|t:|1698530780\n|move|p1a: thigh hi there|Close Combat|p2a: Zacian\n|-damage|p2a: Zacian|41\/100\n|-unboost|p1a: thigh hi there|def|1\n|-unboost|p1a: thigh hi there|spd|1\n|move|p2a: Zacian|Behemoth Blade|p1a: thigh hi there\n|-damage|p1a: thigh hi there|0 fnt\n|faint|p1a: thigh hi there\n|\n|upkeep\n|\n|t:|1698530797\n|switch|p1a: Still annoying|Arceus-Ghost, shiny|83\/100\n|-damage|p1a: Still annoying|71\/100|[from] Stealth Rock\n|turn|6\n|\n|t:|1698530805\n|move|p2a: Zacian|Behemoth Blade|p1a: Still annoying\n|-damage|p1a: Still annoying|0 fnt\n|faint|p1a: Still annoying\n|\n|upkeep\n|\n|t:|1698530811\n|switch|p1a: BUFF MUFF MUNCHER|Groudon, shiny|100\/100\n|-damage|p1a: BUFF MUFF MUNCHER|94\/100|[from] Stealth Rock\n|detailschange|p1a: BUFF MUFF MUNCHER|Groudon-Primal, shiny\n|-primal|p1a: BUFF MUFF MUNCHER|Red Orb\n|-weather|DesolateLand|[from] ability: Desolate Land|[of] p1a: BUFF MUFF MUNCHER\n|turn|7\n|\n|t:|1698530820\n|-terastallize|p2a: Zacian|Ground\n|move|p2a: Zacian|Tera Blast|p1a: BUFF MUFF MUNCHER|[anim] Tera Blast Ground\n|-supereffective|p1a: BUFF MUFF MUNCHER\n|-damage|p1a: BUFF MUFF MUNCHER|0 fnt\n|faint|p1a: BUFF MUFF MUNCHER\n|-weather|none\n|\n|upkeep\n|-message|Redmansgreed forfeited.\n|\n|win|85792195wwww\n|raw|Redmansgreed's rating: 1530 &rarr; <strong>1523<\/strong><br \/>(-7 for losing)\n|raw|85792195wwww's rating: 1796 &rarr; <strong>1803<\/strong><br \/>(+7 for winning)\n|l|\u2606Redmansgreed\n","uploadtime":1698530834,"views":6,"p1id":"redmansgreed","p2id":"85792195wwww","formatid":"gen9nationaldexubers","rating":1523,"private":0,"password":""}