{"id":"gen9nationaldexubers-1988681032","p1":"japue","p2":"lese256","format":"[Gen 9] National Dex Ubers","log":"|j|\u2606japue\n|j|\u2606lese256\n|t:|1699749921\n|gametype|singles\n|player|p1|japue|cynthia|\n|player|p2|lese256|policeman-gen4|\n|teamsize|p1|6\n|teamsize|p2|6\n|gen|9\n|tier|[Gen 9] National Dex Ubers\n|rule|HP Percentage Mod: HP is shown in percentages\n|rule|Endless Battle Clause: Forcing endless battles is banned\n|rule|OHKO Clause: OHKO moves are banned\n|rule|Evasion Moves Clause: Evasion moves are banned\n|rule|Evasion Items Clause: Evasion items are banned\n|rule|Species Clause: Limit one of each Pok\u00e9mon\n|rule|Sleep Clause Mod: Limit one foe put to sleep\n|rule|Mega Rayquaza Clause: You cannot mega evolve Rayquaza\n|clearpoke\n|poke|p1|Tapu Lele|\n|poke|p1|Alakazam, F|\n|poke|p1|Sneasler, F|\n|poke|p1|Great Tusk|\n|poke|p1|Ditto|\n|poke|p1|Armarouge, M|\n|poke|p2|Salamence, M|\n|poke|p2|Deoxys-Speed|\n|poke|p2|Marshadow|\n|poke|p2|Landorus, M|\n|poke|p2|Iron Bundle|\n|poke|p2|Shaymin-Sky|\n|teampreview\n|inactive|Battle timer is ON: inactive players will automatically lose when time's up. (requested by lese256)\n|\n|t:|1699749945\n|start\n|switch|p1a: Tapu Lele|Tapu Lele|100\/100\n|switch|p2a: Salamence|Salamence, M|100\/100\n|-fieldstart|move: Psychic Terrain|[from] ability: Psychic Surge|[of] p1a: Tapu Lele\n|-ability|p2a: Salamence|Intimidate|boost\n|-unboost|p1a: Tapu Lele|atk|1\n|turn|1\n|\n|t:|1699749961\n|switch|p1a: Great Tusk|Great Tusk|100\/100\n|switch|p2a: Deoxys|Deoxys-Speed|100\/100\n|-ability|p2a: Deoxys|Pressure\n|\n|upkeep\n|turn|2\n|\n|t:|1699749983\n|-end|p1a: Great Tusk|Protosynthesis|[silent]\n|switch|p1a: Armarouge|Armarouge, M|100\/100\n|move|p2a: Deoxys|Spikes|p1a: Armarouge\n|-sidestart|p1: japue|Spikes\n|\n|upkeep\n|turn|3\n|inactive|japue has 270 seconds left.\n|\n|t:|1699750020\n|move|p2a: Deoxys|Skill Swap|p1a: Armarouge\n|-activate|p2a: Deoxys|move: Skill Swap|Weak Armor|Pressure|[of] p1a: Armarouge\n|-ability|p1a: Armarouge|Pressure\n|move|p1a: Armarouge|Expanding Force|p2a: Deoxys\n|-resisted|p2a: Deoxys\n|-damage|p2a: Deoxys|55\/100\n|\n|upkeep\n|turn|4\n|\n|t:|1699750031\n|move|p2a: Deoxys|Spikes|p1a: Armarouge\n|-sidestart|p1: japue|Spikes\n|move|p1a: Armarouge|Armor Cannon|p2a: Deoxys\n|-damage|p2a: Deoxys|0 fnt\n|-unboost|p1a: Armarouge|def|1\n|-unboost|p1a: Armarouge|spd|1\n|faint|p2a: Deoxys\n|\n|upkeep\n|\n|t:|1699750036\n|switch|p2a: Marshadow|Marshadow|100\/100\n|turn|5\n|\n|t:|1699750042\n|switch|p1a: Great Tusk|Great Tusk|100\/100\n|-damage|p1a: Great Tusk|84\/100|[from] Spikes\n|move|p2a: Marshadow|Poltergeist|p1a: Great Tusk\n|-activate|p1a: Great Tusk|move: Poltergeist|Icium Z\n|-damage|p1a: Great Tusk|31\/100\n|-damage|p2a: Marshadow|91\/100|[from] item: Life Orb\n|\n|upkeep\n|turn|6\n|inactive|japue has 270 seconds left.\n|\n|t:|1699750048\n|move|p2a: Marshadow|Poltergeist|p1a: Great Tusk\n|-activate|p1a: Great Tusk|move: Poltergeist|Icium Z\n|-damage|p1a: Great Tusk|0 fnt\n|faint|p1a: Great Tusk\n|-end|p1a: Great Tusk|Protosynthesis|[silent]\n|-damage|p2a: Marshadow|81\/100|[from] item: Life Orb\n|\n|upkeep\n|inactive|japue has 270 seconds left.\n|\n|t:|1699750054\n|switch|p1a: Armarouge|Armarouge, M|100\/100\n|-damage|p1a: Armarouge|84\/100|[from] Spikes\n|turn|7\n|\n|t:|1699750062\n|move|p1a: Armarouge|Endure|p1a: Armarouge\n|-singleturn|p1a: Armarouge|move: Endure\n|move|p2a: Marshadow|Hidden Power|p1a: Armarouge\n|-resisted|p1a: Armarouge\n|-damage|p1a: Armarouge|67\/100\n|-damage|p2a: Marshadow|71\/100|[from] item: Life Orb\n|\n|upkeep\n|turn|8\n|inactive|japue has 270 seconds left.\n|\n|t:|1699750083\n|move|p1a: Armarouge|Endure||[still]\n|-fail|p1a: Armarouge\n|move|p2a: Marshadow|Poltergeist|p1a: Armarouge\n|-activate|p1a: Armarouge|move: Poltergeist|Weakness Policy\n|-supereffective|p1a: Armarouge\n|-damage|p1a: Armarouge|0 fnt\n|faint|p1a: Armarouge\n|-damage|p2a: Marshadow|61\/100|[from] item: Life Orb\n|\n|-fieldend|move: Psychic Terrain\n|upkeep\n|\n|t:|1699750086\n|switch|p1a: Tapu Lele|Tapu Lele|100\/100\n|-damage|p1a: Tapu Lele|84\/100|[from] Spikes\n|-fieldstart|move: Psychic Terrain|[from] ability: Psychic Surge|[of] p1a: Tapu Lele\n|turn|9\n|\n|t:|1699750090\n|move|p2a: Marshadow|Poltergeist|p1a: Tapu Lele\n|-activate|p1a: Tapu Lele|move: Poltergeist|Terrain Extender\n|-supereffective|p1a: Tapu Lele\n|-damage|p1a: Tapu Lele|0 fnt\n|faint|p1a: Tapu Lele\n|-damage|p2a: Marshadow|51\/100|[from] item: Life Orb\n|\n|upkeep\n|\n|t:|1699750094\n|switch|p1a: Sneasler|Sneasler, F|100\/100\n|-damage|p1a: Sneasler|84\/100|[from] Spikes\n|-enditem|p1a: Sneasler|Psychic Seed\n|-boost|p1a: Sneasler|spd|1|[from] item: Psychic Seed\n|turn|10\n|\n|t:|1699750103\n|move|p1a: Sneasler|Acrobatics|p2a: Marshadow\n|-supereffective|p2a: Marshadow\n|-damage|p2a: Marshadow|0 fnt\n|faint|p2a: Marshadow\n|\n|upkeep\n|\n|t:|1699750110\n|switch|p2a: Salamence|Salamence, M|100\/100\n|-ability|p2a: Salamence|Intimidate|boost\n|-unboost|p1a: Sneasler|atk|1\n|turn|11\n|\n|t:|1699750123\n|detailschange|p2a: Salamence|Salamence-Mega, M\n|-mega|p2a: Salamence|Salamence|Salamencite\n|move|p1a: Sneasler|Swords Dance|p1a: Sneasler\n|-boost|p1a: Sneasler|atk|2\n|move|p2a: Salamence|Double-Edge|p1a: Sneasler\n|-supereffective|p1a: Sneasler\n|-damage|p1a: Sneasler|0 fnt\n|faint|p1a: Sneasler\n|-damage|p2a: Salamence|79\/100|[from] Recoil\n|\n|upkeep\n|-message|japue forfeited.\n|\n|win|lese256\n|l|\u2606japue\n","uploadtime":1699750130,"views":6,"p1id":"japue","p2id":"lese256","formatid":"gen9nationaldexubers","rating":0,"private":0,"password":""}