{"id":"gen9nationaldexubers-1982983368","p1":"medi34","p2":"Riverton Red Sawks","format":"[Gen 9] National Dex Ubers","log":"|j|\u2606medi34\n|j|\u2606Riverton Red Sawks\n|t:|1699066169\n|gametype|singles\n|player|p1|medi34|169|\n|player|p2|Riverton Red Sawks|misty|\n|teamsize|p1|6\n|teamsize|p2|6\n|gen|9\n|tier|[Gen 9] National Dex Ubers\n|rule|HP Percentage Mod: HP is shown in percentages\n|rule|Endless Battle Clause: Forcing endless battles is banned\n|rule|OHKO Clause: OHKO moves are banned\n|rule|Evasion Moves Clause: Evasion moves are banned\n|rule|Evasion Items Clause: Evasion items are banned\n|rule|Species Clause: Limit one of each Pok\u00e9mon\n|rule|Sleep Clause Mod: Limit one foe put to sleep\n|rule|Mega Rayquaza Clause: You cannot mega evolve Rayquaza\n|clearpoke\n|poke|p1|Groudon|\n|poke|p1|Corviknight, M|\n|poke|p1|Skeledirge, F|\n|poke|p1|Meowscarada, M|\n|poke|p1|Sandy Shocks|\n|poke|p1|Florges-White, F|\n|poke|p2|Walking Wake|\n|poke|p2|Garganacl, M|\n|poke|p2|Mawile, M|\n|poke|p2|Tyranitar, M|\n|poke|p2|Tapu Fini|\n|poke|p2|Crobat, M|\n|teampreview\n|j| Waikiki Woopers\n|c| Waikiki Woopers|g3 let's gooo\n|j| cincinnaticynda\n|c| Waikiki Woopers|for all the marbles\n|c|\u2606Riverton Red Sawks|bada boom\n|c|\u2606medi34|todos los marbles\n|c|\u2606Riverton Red Sawks|I want my marbles\n|c|\u2606Riverton Red Sawks|They will be mine\n|j| PokeHaint\n|\n|t:|1699066258\n|start\n|switch|p1a: bzzt|Sandy Shocks|100\/100\n|switch|p2a: Walking Wake|Walking Wake|100\/100\n|turn|1\n|\n|t:|1699066300\n|-end|p1a: bzzt|Protosynthesis|[silent]\n|switch|p1a: my ex|Florges-White, F, shiny|100\/100\n|move|p2a: Walking Wake|Hydro Steam|p1a: my ex\n|-damage|p1a: my ex|60\/100\n|\n|-heal|p1a: my ex|66\/100|[from] item: Leftovers\n|upkeep\n|turn|2\n|\n|t:|1699066320\n|-end|p2a: Walking Wake|Protosynthesis|[silent]\n|switch|p2a: Crobat|Crobat, M|100\/100\n|move|p1a: my ex|Synthesis|p1a: my ex\n|-heal|p1a: my ex|100\/100\n|\n|upkeep\n|turn|3\n|\n|t:|1699066398\n|switch|p2a: Tyranitar|Tyranitar, M|100\/100\n|-weather|Sandstorm|[from] ability: Sand Stream|[of] p2a: Tyranitar\n|move|p1a: my ex|Moonblast|p2a: Tyranitar\n|-supereffective|p2a: Tyranitar\n|-damage|p2a: Tyranitar|60\/100\n|-unboost|p2a: Tyranitar|spa|1\n|\n|-weather|Sandstorm|[upkeep]\n|-damage|p1a: my ex|94\/100|[from] Sandstorm\n|-heal|p1a: my ex|100\/100|[from] item: Leftovers\n|upkeep\n|turn|4\n|\n|t:|1699066461\n|move|p1a: my ex|Moonblast|p2a: Tyranitar\n|-supereffective|p2a: Tyranitar\n|-damage|p2a: Tyranitar|16\/100\n|-enditem|p2a: Tyranitar|Sitrus Berry|[eat]\n|-heal|p2a: Tyranitar|41\/100|[from] item: Sitrus Berry\n|move|p2a: Tyranitar|Stealth Rock|p1a: my ex\n|-sidestart|p1: medi34|move: Stealth Rock\n|\n|-weather|Sandstorm|[upkeep]\n|-damage|p1a: my ex|94\/100|[from] Sandstorm\n|-heal|p1a: my ex|100\/100|[from] item: Leftovers\n|upkeep\n|turn|5\n|\n|t:|1699066481\n|switch|p2a: Garganacl|Garganacl, M|100\/100\n|move|p1a: my ex|Moonblast|p2a: Garganacl\n|-damage|p2a: Garganacl|80\/100\n|\n|-weather|Sandstorm|[upkeep]\n|-damage|p1a: my ex|94\/100|[from] Sandstorm\n|-heal|p1a: my ex|100\/100|[from] item: Leftovers\n|-heal|p2a: Garganacl|87\/100|[from] item: Leftovers\n|upkeep\n|turn|6\n|\n|t:|1699066500\n|switch|p1a: spicy nuggie|Skeledirge, F|100\/100\n|-damage|p1a: spicy nuggie|76\/100|[from] Stealth Rock\n|move|p2a: Garganacl|Salt Cure|p1a: spicy nuggie\n|-supereffective|p1a: spicy nuggie\n|-damage|p1a: spicy nuggie|54\/100\n|\n|-weather|Sandstorm|[upkeep]\n|-damage|p1a: spicy nuggie|48\/100|[from] Sandstorm\n|-heal|p2a: Garganacl|93\/100|[from] item: Leftovers\n|upkeep\n|turn|7\n|\n|t:|1699066520\n|move|p1a: spicy nuggie|Slack Off|p1a: spicy nuggie\n|-heal|p1a: spicy nuggie|98\/100\n|move|p2a: Garganacl|Salt Cure|p1a: spicy nuggie\n|-supereffective|p1a: spicy nuggie\n|-damage|p1a: spicy nuggie|75\/100\n|\n|-weather|none\n|-heal|p2a: Garganacl|99\/100|[from] item: Leftovers\n|upkeep\n|turn|8\n|\n|t:|1699066566\n|switch|p2a: Tapu Fini|Tapu Fini|100\/100\n|-fieldstart|move: Misty Terrain|[from] ability: Misty Surge|[of] p2a: Tapu Fini\n|move|p1a: spicy nuggie|Substitute|p1a: spicy nuggie\n|-start|p1a: spicy nuggie|Substitute\n|-damage|p1a: spicy nuggie|51\/100\n|\n|upkeep\n|turn|9\n|\n|t:|1699066602\n|move|p2a: Tapu Fini|Hydro Pump|p1a: spicy nuggie|[miss]\n|-miss|p2a: Tapu Fini|p1a: spicy nuggie\n|move|p1a: spicy nuggie|Slack Off|p1a: spicy nuggie\n|-heal|p1a: spicy nuggie|100\/100\n|\n|upkeep\n|turn|10\n|\n|t:|1699066645\n|-terastallize|p1a: spicy nuggie|Ghost\n|move|p2a: Tapu Fini|Hydro Pump|p1a: spicy nuggie\n|-end|p1a: spicy nuggie|Substitute\n|move|p1a: spicy nuggie|Torch Song|p2a: Tapu Fini\n|-resisted|p2a: Tapu Fini\n|-damage|p2a: Tapu Fini|89\/100\n|-boost|p1a: spicy nuggie|spa|1\n|\n|upkeep\n|turn|11\n|\n|t:|1699066691\n|move|p2a: Tapu Fini|Hydro Pump|p1a: spicy nuggie\n|-damage|p1a: spicy nuggie|69\/100\n|move|p1a: spicy nuggie|Torch Song|p2a: Tapu Fini\n|-resisted|p2a: Tapu Fini\n|-damage|p2a: Tapu Fini|69\/100\n|-boost|p1a: spicy nuggie|spa|1\n|\n|upkeep\n|turn|12\n|\n|t:|1699066709\n|switch|p2a: Tyranitar|Tyranitar, M|41\/100\n|-weather|Sandstorm|[from] ability: Sand Stream|[of] p2a: Tyranitar\n|move|p1a: spicy nuggie|Slack Off|p1a: spicy nuggie\n|-heal|p1a: spicy nuggie|100\/100\n|\n|-weather|Sandstorm|[upkeep]\n|-damage|p1a: spicy nuggie|94\/100|[from] Sandstorm\n|-fieldend|Misty Terrain\n|upkeep\n|turn|13\n|\n|t:|1699066767\n|switch|p1a: steel nuggie|Corviknight, M, shiny|100\/100\n|-damage|p1a: steel nuggie|88\/100|[from] Stealth Rock\n|-ability|p1a: steel nuggie|Pressure\n|move|p2a: Tyranitar|Crunch|p1a: steel nuggie\n|-crit|p1a: steel nuggie\n|-damage|p1a: steel nuggie|56\/100\n|-damage|p2a: Tyranitar|25\/100|[from] item: Rocky Helmet|[of] p1a: steel nuggie\n|\n|-weather|Sandstorm|[upkeep]\n|upkeep\n|turn|14\n|\n|t:|1699066781\n|switch|p2a: Walking Wake|Walking Wake|100\/100\n|move|p1a: steel nuggie|Roost|p1a: steel nuggie\n|-heal|p1a: steel nuggie|100\/100\n|-singleturn|p1a: steel nuggie|move: Roost\n|\n|-weather|Sandstorm|[upkeep]\n|-damage|p2a: Walking Wake|94\/100|[from] Sandstorm\n|upkeep\n|turn|15\n|\n|t:|1699066810\n|switch|p1a: my ex|Florges-White, F, shiny|100\/100\n|-damage|p1a: my ex|88\/100|[from] Stealth Rock\n|move|p2a: Walking Wake|Flamethrower|p1a: my ex\n|-damage|p1a: my ex|57\/100\n|\n|-weather|Sandstorm|[upkeep]\n|-damage|p2a: Walking Wake|88\/100|[from] Sandstorm\n|-damage|p1a: my ex|51\/100|[from] Sandstorm\n|-heal|p1a: my ex|57\/100|[from] item: Leftovers\n|upkeep\n|turn|16\n|\n|t:|1699066843\n|-end|p2a: Walking Wake|Protosynthesis|[silent]\n|switch|p2a: Crobat|Crobat, M|100\/100\n|move|p1a: my ex|Synthesis|p1a: my ex\n|-heal|p1a: my ex|82\/100\n|\n|-weather|none\n|-heal|p1a: my ex|88\/100|[from] item: Leftovers\n|upkeep\n|turn|17\n|\n|t:|1699066896\n|switch|p1a: spicy nuggie|Skeledirge, F, tera:Ghost|94\/100\n|-damage|p1a: spicy nuggie|82\/100|[from] Stealth Rock\n|move|p2a: Crobat|Cross Poison|p1a: spicy nuggie\n|-resisted|p1a: spicy nuggie\n|-damage|p1a: spicy nuggie|73\/100\n|\n|upkeep\n|turn|18\n|\n|t:|1699066919\n|move|p2a: Crobat|Brave Bird|p1a: spicy nuggie\n|-damage|p1a: spicy nuggie|46\/100\n|-damage|p2a: Crobat|91\/100|[from] Recoil\n|move|p1a: spicy nuggie|Substitute|p1a: spicy nuggie\n|-start|p1a: spicy nuggie|Substitute\n|-damage|p1a: spicy nuggie|21\/100\n|\n|upkeep\n|turn|19\n|\n|t:|1699066928\n|move|p2a: Crobat|Brave Bird|p1a: spicy nuggie\n|-damage|p1a: spicy nuggie|0 fnt\n|faint|p1a: spicy nuggie\n|-damage|p2a: Crobat|83\/100|[from] Recoil\n|\n|upkeep\n|c|\u2606medi34|infiltrator\n|c|\u2606Riverton Red Sawks|totally forgot about that\n|c|\u2606Riverton Red Sawks|not going to lie\n|c|\u2606medi34|unbelievable\n|c|\u2606medi34|that's crazy haha\n|c|\u2606Riverton Red Sawks|I was trying to break sub lolz\n|c|\u2606medi34|I figured that as well and was just gonna heal some and then get outta there haha\n|\n|t:|1699067005\n|switch|p1a: bzzt|Sandy Shocks|100\/100\n|-damage|p1a: bzzt|94\/100|[from] Stealth Rock\n|turn|20\n|\n|t:|1699067039\n|move|p2a: Crobat|U-turn|p1a: bzzt\n|-damage|p1a: bzzt|79\/100\n|\n|t:|1699067055\n|switch|p2a: Tyranitar|Tyranitar, M|25\/100|[from] U-turn\n|-weather|Sandstorm|[from] ability: Sand Stream|[of] p2a: Tyranitar\n|move|p1a: bzzt|Volt Switch|p2a: Tyranitar\n|-damage|p2a: Tyranitar|11\/100\n|\n|t:|1699067133\n|-end|p1a: bzzt|Protosynthesis|[silent]\n|switch|p1a: steel nuggie|Corviknight, M, shiny|100\/100|[from] Volt Switch\n|-damage|p1a: steel nuggie|88\/100|[from] Stealth Rock\n|-ability|p1a: steel nuggie|Pressure\n|\n|-weather|Sandstorm|[upkeep]\n|upkeep\n|turn|21\n|\n|t:|1699067140\n|move|p1a: steel nuggie|U-turn|p2a: Tyranitar\n|-supereffective|p2a: Tyranitar\n|-damage|p2a: Tyranitar|0 fnt\n|faint|p2a: Tyranitar\n|\n|t:|1699067186\n|switch|p1a: meow in boots|Meowscarada, M|100\/100|[from] U-turn\n|-damage|p1a: meow in boots|88\/100|[from] Stealth Rock\n|\n|-weather|Sandstorm|[upkeep]\n|-damage|p1a: meow in boots|82\/100|[from] Sandstorm\n|upkeep\n|\n|t:|1699067192\n|switch|p2a: Crobat|Crobat, M|83\/100\n|turn|22\n|\n|t:|1699067257\n|move|p1a: meow in boots|U-turn|p2a: Crobat\n|-start|p1a: meow in boots|typechange|Bug|[from] ability: Protean\n|-resisted|p2a: Crobat\n|-damage|p2a: Crobat|74\/100\n|\n|t:|1699067269\n|switch|p1a: steel nuggie|Corviknight, M, shiny|88\/100|[from] U-turn\n|-damage|p1a: steel nuggie|76\/100|[from] Stealth Rock\n|-ability|p1a: steel nuggie|Pressure\n|move|p2a: Crobat|U-turn|p1a: steel nuggie\n|-resisted|p1a: steel nuggie\n|-damage|p1a: steel nuggie|74\/100\n|-damage|p2a: Crobat|57\/100|[from] item: Rocky Helmet|[of] p1a: steel nuggie\n|c|\u2606Riverton Red Sawks|Are we speed tied?\n|\n|t:|1699067279\n|switch|p2a: Walking Wake|Walking Wake|88\/100|[from] U-turn\n|\n|-weather|Sandstorm|[upkeep]\n|-damage|p2a: Walking Wake|82\/100|[from] Sandstorm\n|upkeep\n|turn|23\n|c|\u2606medi34|meow and cro?\n|c|\u2606medi34|I think we could be\n|c|\u2606Riverton Red Sawks|yeah, I thought I was faster earlier\n|c|\u2606Riverton Red Sawks|That's nutty\n|\n|t:|1699067314\n|switch|p1a: my ex|Florges-White, F, shiny|88\/100\n|-damage|p1a: my ex|76\/100|[from] Stealth Rock\n|move|p2a: Walking Wake|Flamethrower|p1a: my ex\n|-damage|p1a: my ex|46\/100\n|\n|-weather|Sandstorm|[upkeep]\n|-damage|p2a: Walking Wake|76\/100|[from] Sandstorm\n|-damage|p1a: my ex|40\/100|[from] Sandstorm\n|-heal|p1a: my ex|46\/100|[from] item: Leftovers\n|upkeep\n|turn|24\n|\n|t:|1699067362\n|-terastallize|p2a: Walking Wake|Fire\n|move|p2a: Walking Wake|Flamethrower|p1a: my ex\n|-damage|p1a: my ex|0 fnt\n|faint|p1a: my ex\n|\n|-weather|none\n|upkeep\n|\n|t:|1699067431\n|switch|p1a: bzzt|Sandy Shocks|79\/100\n|-damage|p1a: bzzt|72\/100|[from] Stealth Rock\n|turn|25\n|\n|t:|1699067500\n|-end|p2a: Walking Wake|Protosynthesis|[silent]\n|switch|p2a: Garganacl|Garganacl, M|99\/100\n|move|p1a: bzzt|Earth Power|p2a: Garganacl\n|-supereffective|p2a: Garganacl\n|-damage|p2a: Garganacl|41\/100\n|\n|-heal|p2a: Garganacl|47\/100|[from] item: Leftovers\n|upkeep\n|turn|26\n|\n|t:|1699067540\n|move|p1a: bzzt|Thunderbolt|p2a: Garganacl\n|-damage|p2a: Garganacl|20\/100\n|move|p2a: Garganacl|Salt Cure|p1a: bzzt\n|-resisted|p1a: bzzt\n|-damage|p1a: bzzt|65\/100\n|-start|p1a: bzzt|Salt Cure\n|\n|-heal|p2a: Garganacl|26\/100|[from] item: Leftovers\n|-damage|p1a: bzzt|53\/100|[from] Salt Cure\n|upkeep\n|turn|27\n|\n|t:|1699067556\n|move|p1a: bzzt|Thunderbolt|p2a: Garganacl\n|-damage|p2a: Garganacl|0 fnt\n|faint|p2a: Garganacl\n|\n|-damage|p1a: bzzt|40\/100|[from] Salt Cure\n|upkeep\n|\n|t:|1699067565\n|switch|p2a: Walking Wake|Walking Wake, tera:Fire|76\/100\n|turn|28\n|\n|t:|1699067614\n|move|p2a: Walking Wake|Flamethrower|p1a: bzzt\n|-damage|p1a: bzzt|0 fnt\n|faint|p1a: bzzt\n|-end|p1a: bzzt|Protosynthesis|[silent]\n|\n|upkeep\n|l| PokeHaint\n|\n|t:|1699067734\n|switch|p1a: meow in boots|Meowscarada, M|82\/100\n|-damage|p1a: meow in boots|70\/100|[from] Stealth Rock\n|turn|29\n|c|\u2606Riverton Red Sawks|Gen 8 gym music is a bop\n|\n|t:|1699067758\n|-end|p2a: Walking Wake|Protosynthesis|[silent]\n|switch|p2a: Mawile|Mawile, M|100\/100\n|-ability|p2a: Mawile|Intimidate|boost\n|-unboost|p1a: meow in boots|atk|1\n|move|p1a: meow in boots|Knock Off|p2a: Mawile\n|-start|p1a: meow in boots|typechange|Dark|[from] ability: Protean\n|-resisted|p2a: Mawile\n|-damage|p2a: Mawile|83\/100\n|\n|upkeep\n|turn|30\n|\n|t:|1699067775\n|switch|p1a: steel nuggie|Corviknight, M, shiny|74\/100\n|-damage|p1a: steel nuggie|61\/100|[from] Stealth Rock\n|-ability|p1a: steel nuggie|Pressure\n|detailschange|p2a: Mawile|Mawile-Mega, M\n|-mega|p2a: Mawile|Mawile|Mawilite\n|move|p2a: Mawile|Play Rough|p1a: steel nuggie\n|-resisted|p1a: steel nuggie\n|-damage|p1a: steel nuggie|37\/100\n|-damage|p2a: Mawile|66\/100|[from] item: Rocky Helmet|[of] p1a: steel nuggie\n|\n|upkeep\n|turn|31\n|\n|t:|1699067802\n|switch|p2a: Tapu Fini|Tapu Fini|69\/100\n|-fieldstart|move: Misty Terrain|[from] ability: Misty Surge|[of] p2a: Tapu Fini\n|switch|p1a: dino nuggie|Groudon, shiny|100\/100\n|-damage|p1a: dino nuggie|94\/100|[from] Stealth Rock\n|-weather|SunnyDay|[from] ability: Drought|[of] p1a: dino nuggie\n|\n|-weather|SunnyDay|[upkeep]\n|upkeep\n|turn|32\n|\n|t:|1699067828\n|move|p2a: Tapu Fini|Moonblast|p1a: dino nuggie\n|-damage|p1a: dino nuggie|62\/100\n|-unboost|p1a: dino nuggie|spa|1\n|move|p1a: dino nuggie|Earthquake|p2a: Tapu Fini\n|-damage|p2a: Tapu Fini|11\/100\n|\n|-weather|SunnyDay|[upkeep]\n|upkeep\n|turn|33\n|c|\u2606Riverton Red Sawks|I;ve now crippled your groudon\n|c|\u2606medi34|xD\n|\n|t:|1699067861\n|move|p2a: Tapu Fini|Moonblast|p1a: dino nuggie\n|-damage|p1a: dino nuggie|32\/100\n|move|p1a: dino nuggie|Earthquake|p2a: Tapu Fini\n|-damage|p2a: Tapu Fini|0 fnt\n|faint|p2a: Tapu Fini\n|\n|-weather|SunnyDay|[upkeep]\n|upkeep\n|\n|t:|1699067868\n|switch|p2a: Walking Wake|Walking Wake, tera:Fire|76\/100\n|-activate|p2a: Walking Wake|ability: Protosynthesis\n|-start|p2a: Walking Wake|protosynthesisspe\n|turn|34\n|\n|t:|1699067886\n|move|p2a: Walking Wake|Flamethrower|p1a: dino nuggie\n|-damage|p1a: dino nuggie|0 fnt\n|faint|p1a: dino nuggie\n|\n|-weather|SunnyDay|[upkeep]\n|upkeep\n|\n|t:|1699067905\n|switch|p1a: steel nuggie|Corviknight, M, shiny|37\/100\n|-damage|p1a: steel nuggie|25\/100|[from] Stealth Rock\n|-ability|p1a: steel nuggie|Pressure\n|turn|35\n|c|\u2606medi34|gg\n|\n|t:|1699067912\n|move|p2a: Walking Wake|Flamethrower|p1a: steel nuggie\n|-supereffective|p1a: steel nuggie\n|-damage|p1a: steel nuggie|0 fnt\n|faint|p1a: steel nuggie\n|\n|-weather|none\n|-end|p2a: Walking Wake|Protosynthesis\n|-fieldend|Misty Terrain\n|upkeep\n|\n|t:|1699067914\n|switch|p1a: meow in boots|Meowscarada, M|70\/100\n|-damage|p1a: meow in boots|57\/100|[from] Stealth Rock\n|turn|36\n|c|\u2606Riverton Red Sawks|gg\n|\n|t:|1699067923\n|-end|p2a: Walking Wake|Protosynthesis|[silent]\n|switch|p2a: Mawile|Mawile-Mega, M|66\/100\n|move|p1a: meow in boots|Knock Off|p2a: Mawile\n|-start|p1a: meow in boots|typechange|Dark|[from] ability: Protean\n|-resisted|p2a: Mawile\n|-damage|p2a: Mawile|47\/100\n|\n|upkeep\n|turn|37\n|\n|t:|1699067930\n|move|p1a: meow in boots|Knock Off|p2a: Mawile\n|-resisted|p2a: Mawile\n|-damage|p2a: Mawile|30\/100\n|move|p2a: Mawile|Play Rough|p1a: meow in boots\n|-supereffective|p1a: meow in boots\n|-damage|p1a: meow in boots|0 fnt\n|faint|p1a: meow in boots\n|\n|win|Riverton Red Sawks\n|l|\u2606medi34\n|c|\u2606Riverton Red Sawks|ggs bro. Grest game\n|c|\u2606Riverton Red Sawks|Grest, I meant that\n|l|\u2606Riverton Red Sawks\n|l| cincinnaticynda\n","uploadtime":1699067956,"views":7,"p1id":"medi34","p2id":"rivertonredsawks","formatid":"gen9nationaldexubers","rating":0,"private":0,"password":""}