{"id":"gen9nationaldexubers-1991924496","p1":"Lumageist","p2":"wdymthenameisthere","format":"[Gen 9] National Dex Ubers","log":"|j|\u2606Lumageist\n|j|\u2606wdymthenameisthere\n|t:|1700138795\n|gametype|singles\n|player|p1|Lumageist|rocketgruntf|1268\n|player|p2|wdymthenameisthere|volkner|1118\n|teamsize|p1|6\n|teamsize|p2|6\n|gen|9\n|tier|[Gen 9] National Dex Ubers\n|rated|\n|rule|HP Percentage Mod: HP is shown in percentages\n|rule|Endless Battle Clause: Forcing endless battles is banned\n|rule|OHKO Clause: OHKO moves are banned\n|rule|Evasion Moves Clause: Evasion moves are banned\n|rule|Evasion Items Clause: Evasion items are banned\n|rule|Species Clause: Limit one of each Pok\u00e9mon\n|rule|Sleep Clause Mod: Limit one foe put to sleep\n|rule|Mega Rayquaza Clause: You cannot mega evolve Rayquaza\n|clearpoke\n|poke|p1|Skeledirge, M|\n|poke|p1|Swampert, M|\n|poke|p1|Ninjask, M|\n|poke|p1|Kingambit, M|\n|poke|p1|Kleavor, M|\n|poke|p1|Morpeko, M|\n|poke|p2|Dracovish|\n|poke|p2|Eternatus|\n|poke|p2|Kingambit, M|\n|poke|p2|Ferrothorn, M|\n|poke|p2|Groudon|\n|poke|p2|Calyrex-Ice|\n|teampreview\n|inactive|Battle timer is ON: inactive players will automatically lose when time's up. (requested by Lumageist)\n|\n|t:|1700138801\n|start\n|switch|p1a: Grandpa|Kleavor, M|100\/100\n|switch|p2a: Dracovish|Dracovish, shiny|100\/100\n|turn|1\n|\n|t:|1700138808\n|-terastallize|p2a: Dracovish|Water\n|move|p2a: Dracovish|Fishious Rend|p1a: Grandpa\n|-supereffective|p1a: Grandpa\n|-damage|p1a: Grandpa|0 fnt\n|faint|p1a: Grandpa\n|\n|upkeep\n|\n|t:|1700138816\n|switch|p1a: The Hunger|Morpeko, M, shiny|100\/100\n|turn|2\n|\n|t:|1700138818\n|move|p2a: Dracovish|Fishious Rend|p1a: The Hunger\n|-damage|p1a: The Hunger|0 fnt\n|faint|p1a: The Hunger\n|\n|upkeep\n|\n|t:|1700138826\n|switch|p1a: Squishy|Swampert, M|100\/100\n|turn|3\n|\n|t:|1700138830\n|detailschange|p1a: Squishy|Swampert-Mega, M\n|-mega|p1a: Squishy|Swampert|Swampertite\n|move|p2a: Dracovish|Fishious Rend|p1a: Squishy\n|-damage|p1a: Squishy|0 fnt\n|faint|p1a: Squishy\n|\n|upkeep\n|\n|t:|1700138836\n|switch|p1a: Buzz Buzz|Ninjask, M|100\/100\n|turn|4\n|\n|t:|1700138850\n|move|p1a: Buzz Buzz|Dig||[still]\n|-prepare|p1a: Buzz Buzz|Dig\n|move|p2a: Dracovish|Fishious Rend|p1a: Buzz Buzz|[miss]\n|-miss|p2a: Dracovish|p1a: Buzz Buzz\n|\n|-ability|p1a: Buzz Buzz|Speed Boost|boost\n|-boost|p1a: Buzz Buzz|spe|1\n|upkeep\n|turn|5\n|\n|t:|1700138856\n|switch|p2a: Groudon|Groudon|100\/100\n|detailschange|p2a: Groudon|Groudon-Primal\n|-primal|p2a: Groudon|Red Orb\n|-weather|DesolateLand|[from] ability: Desolate Land|[of] p2a: Groudon\n|move|p1a: Buzz Buzz|Dig|p2a: Groudon|[from]lockedmove\n|-supereffective|p2a: Groudon\n|-damage|p2a: Groudon|69\/100\n|\n|-weather|DesolateLand|[upkeep]\n|-ability|p1a: Buzz Buzz|Speed Boost|boost\n|-boost|p1a: Buzz Buzz|spe|1\n|upkeep\n|turn|6\n|\n|t:|1700138866\n|move|p1a: Buzz Buzz|Dig||[still]\n|-prepare|p1a: Buzz Buzz|Dig\n|move|p2a: Groudon|Earthquake|p1a: Buzz Buzz\n|-immune|p1a: Buzz Buzz\n|\n|-weather|DesolateLand|[upkeep]\n|-ability|p1a: Buzz Buzz|Speed Boost|boost\n|-boost|p1a: Buzz Buzz|spe|1\n|upkeep\n|turn|7\n|\n|t:|1700138873\n|-weather|none\n|switch|p2a: Kingambit|Kingambit, M|100\/100\n|move|p1a: Buzz Buzz|Dig|p2a: Kingambit|[from]lockedmove\n|-supereffective|p2a: Kingambit\n|-damage|p2a: Kingambit|63\/100\n|\n|-ability|p1a: Buzz Buzz|Speed Boost|boost\n|-boost|p1a: Buzz Buzz|spe|1\n|upkeep\n|turn|8\n|\n|t:|1700138883\n|move|p2a: Kingambit|Sucker Punch|p1a: Buzz Buzz\n|-damage|p1a: Buzz Buzz|2\/100\n|move|p1a: Buzz Buzz|Dig||[still]\n|-prepare|p1a: Buzz Buzz|Dig\n|\n|-ability|p1a: Buzz Buzz|Speed Boost|boost\n|-boost|p1a: Buzz Buzz|spe|1\n|upkeep\n|turn|9\n|\n|t:|1700138892\n|move|p1a: Buzz Buzz|Dig|p2a: Kingambit|[from]lockedmove\n|-supereffective|p2a: Kingambit\n|-damage|p2a: Kingambit|27\/100\n|move|p2a: Kingambit|Knock Off|p1a: Buzz Buzz\n|-damage|p1a: Buzz Buzz|0 fnt\n|faint|p1a: Buzz Buzz\n|\n|upkeep\n|\n|t:|1700138897\n|switch|p1a: Spooky|Skeledirge, M|100\/100\n|turn|10\n|\n|t:|1700138900\n|move|p2a: Kingambit|Sucker Punch|p1a: Spooky\n|-supereffective|p1a: Spooky\n|-damage|p1a: Spooky|29\/100\n|move|p1a: Spooky|Torch Song|p2a: Kingambit\n|-supereffective|p2a: Kingambit\n|-damage|p2a: Kingambit|0 fnt\n|-boost|p1a: Spooky|spa|1\n|faint|p2a: Kingambit\n|-end|p2a: Kingambit|fallenundefined|[silent]\n|-enditem|p1a: Spooky|Throat Spray\n|-boost|p1a: Spooky|spa|1|[from] item: Throat Spray\n|\n|upkeep\n|\n|t:|1700138909\n|switch|p2a: Dracovish|Dracovish, shiny, tera:Water|100\/100\n|turn|11\n|\n|t:|1700138918\n|move|p2a: Dracovish|Fishious Rend|p1a: Spooky\n|-supereffective|p1a: Spooky\n|-damage|p1a: Spooky|0 fnt\n|faint|p1a: Spooky\n|\n|upkeep\n|\n|t:|1700138920\n|switch|p1a: HELP!|Kingambit, M|100\/100\n|-activate|p1a: HELP!|ability: Supreme Overlord\n|-start|p1a: HELP!|fallen5|[silent]\n|turn|12\n|\n|t:|1700138929\n|-terastallize|p1a: HELP!|Dragon\n|move|p1a: HELP!|Sucker Punch|p2a: Dracovish\n|-damage|p2a: Dracovish|27\/100\n|move|p2a: Dracovish|Fishious Rend|p1a: HELP!\n|-resisted|p1a: HELP!\n|-damage|p1a: HELP!|71\/100\n|\n|upkeep\n|turn|13\n|\n|t:|1700138938\n|switch|p2a: Ferrothorn|Ferrothorn, M|100\/100\n|move|p1a: HELP!|Sucker Punch||[still]\n|-fail|p1a: HELP!\n|\n|upkeep\n|turn|14\n|\n|t:|1700138944\n|move|p1a: HELP!|Sucker Punch||[still]\n|-fail|p1a: HELP!\n|move|p2a: Ferrothorn|Spikes|p1a: HELP!\n|-sidestart|p1: Lumageist|Spikes\n|\n|upkeep\n|turn|15\n|\n|t:|1700138952\n|move|p1a: HELP!|Sucker Punch||[still]\n|-fail|p1a: HELP!\n|move|p2a: Ferrothorn|Stealth Rock|p1a: HELP!\n|-sidestart|p1: Lumageist|move: Stealth Rock\n|\n|upkeep\n|turn|16\n|\n|t:|1700138959\n|move|p1a: HELP!|Kowtow Cleave|p2a: Ferrothorn\n|-damage|p2a: Ferrothorn|40\/100\n|-damage|p1a: HELP!|58\/100|[from] ability: Iron Barbs|[of] p2a: Ferrothorn\n|-damage|p1a: HELP!|42\/100|[from] item: Rocky Helmet|[of] p2a: Ferrothorn\n|move|p2a: Ferrothorn|Spikes|p1a: HELP!\n|-sidestart|p1: Lumageist|Spikes\n|\n|upkeep\n|turn|17\n|\n|t:|1700138971\n|move|p1a: HELP!|Kowtow Cleave|p2a: Ferrothorn\n|-damage|p2a: Ferrothorn|0 fnt\n|-damage|p1a: HELP!|29\/100|[from] ability: Iron Barbs|[of] p2a: Ferrothorn\n|-damage|p1a: HELP!|13\/100|[from] item: Rocky Helmet|[of] p2a: Ferrothorn\n|faint|p2a: Ferrothorn\n|\n|upkeep\n|\n|t:|1700138979\n|switch|p2a: Eternatus|Eternatus|100\/100\n|-ability|p2a: Eternatus|Pressure\n|turn|18\n|\n|t:|1700138987\n|move|p2a: Eternatus|Dynamax Cannon|p1a: HELP!\n|-supereffective|p1a: HELP!\n|-damage|p1a: HELP!|0 fnt\n|faint|p1a: HELP!\n|-end|p1a: HELP!|fallen5|[silent]\n|\n|win|wdymthenameisthere\n|raw|Lumageist's rating: 1268 &rarr; <strong>1233<\/strong><br \/>(-35 for losing)\n|raw|wdymthenameisthere's rating: 1118 &rarr; <strong>1153<\/strong><br \/>(+35 for winning)\n|c|\u2606Lumageist|Gg\n","uploadtime":1700138994,"views":9,"p1id":"lumageist","p2id":"wdymthenameisthere","formatid":"gen9nationaldexubers","rating":1153,"private":0,"password":""}