{"id":"gen9nationaldexubers-1982941738","p1":"kqxt\u5c0f\u4f19\u4f34","p2":"KurumiTokisakilove","format":"[Gen 9] National Dex Ubers","log":"|j|\u2606kqxt\u5c0f\u4f19\u4f34\n|j|\u2606KurumiTokisakilove\n|t:|1699061255\n|gametype|singles\n|player|p1|kqxt\u5c0f\u4f19\u4f34|irida|1558\n|player|p2|KurumiTokisakilove|sabrina-gen2|1911\n|teamsize|p1|6\n|teamsize|p2|6\n|gen|9\n|tier|[Gen 9] National Dex Ubers\n|rated|\n|rule|HP Percentage Mod: HP is shown in percentages\n|rule|Endless Battle Clause: Forcing endless battles is banned\n|rule|OHKO Clause: OHKO moves are banned\n|rule|Evasion Moves Clause: Evasion moves are banned\n|rule|Evasion Items Clause: Evasion items are banned\n|rule|Species Clause: Limit one of each Pok\u00e9mon\n|rule|Sleep Clause Mod: Limit one foe put to sleep\n|rule|Mega Rayquaza Clause: You cannot mega evolve Rayquaza\n|clearpoke\n|poke|p1|Kingambit, M|\n|poke|p1|Salamence, M|\n|poke|p1|Ho-Oh|\n|poke|p1|Kyogre|\n|poke|p1|Necrozma-Dusk-Mane|\n|poke|p1|Landorus, M|\n|poke|p2|Ho-Oh|\n|poke|p2|Yveltal|\n|poke|p2|Ditto|\n|poke|p2|Magearna|\n|poke|p2|Necrozma-Dusk-Mane|\n|poke|p2|Arceus-Ground|\n|teampreview\n|inactive|Battle timer is ON: inactive players will automatically lose when time's up. (requested by KurumiTokisakilove)\n|\n|t:|1699061274\n|start\n|switch|p1a: Kyogre|Kyogre|100\/100\n|switch|p2a: Necrozma|Necrozma-Dusk-Mane|100\/100\n|detailschange|p1a: Kyogre|Kyogre-Primal\n|-primal|p1a: Kyogre|Blue Orb\n|-weather|PrimordialSea|[from] ability: Primordial Sea|[of] p1a: Kyogre\n|turn|1\n|\n|t:|1699061284\n|detailschange|p2a: Necrozma|Necrozma-Ultra\n|-burst|p2a: Necrozma|Necrozma|Ultranecrozium Z\n|move|p2a: Necrozma|Photon Geyser|p1a: Kyogre\n|-crit|p1a: Kyogre\n|-damage|p1a: Kyogre|50\/100\n|move|p1a: Kyogre|Origin Pulse|p2a: Necrozma\n|-resisted|p2a: Necrozma\n|-damage|p2a: Necrozma|39\/100\n|\n|-weather|PrimordialSea|[upkeep]\n|upkeep\n|turn|2\n|\n|t:|1699061296\n|-zpower|p2a: Necrozma\n|move|p2a: Necrozma|Light That Burns the Sky|p1a: Kyogre|[zeffect]\n|-damage|p1a: Kyogre|0 fnt\n|faint|p1a: Kyogre\n|-weather|none\n|\n|upkeep\n|\n|t:|1699061305\n|switch|p1a: Kingambit|Kingambit, M|100\/100\n|-activate|p1a: Kingambit|ability: Supreme Overlord\n|-start|p1a: Kingambit|fallen1|[silent]\n|turn|3\n|\n|t:|1699061313\n|-activate|p2a: Necrozma|move: Pursuit\n|move|p1a: Kingambit|Pursuit|p2a: Necrozma|[from]Pursuit\n|-supereffective|p2a: Necrozma\n|-damage|p2a: Necrozma|0 fnt\n|faint|p2a: Necrozma\n|-hint|A Pokemon can't switch between when it runs out of HP and when it faints\n|\n|upkeep\n|\n|t:|1699061325\n|switch|p2a: Arceus|Arceus-Ground|100\/100\n|turn|4\n|\n|t:|1699061331\n|move|p2a: Arceus|Toxic|p1a: Kingambit\n|-immune|p1a: Kingambit\n|move|p1a: Kingambit|Knock Off|p2a: Arceus\n|-damage|p2a: Arceus|73\/100\n|\n|upkeep\n|turn|5\n|\n|t:|1699061341\n|-end|p1a: Kingambit|fallen1|[silent]\n|switch|p1a: Ho-Oh|Ho-Oh|100\/100\n|move|p2a: Arceus|Toxic|p1a: Ho-Oh\n|-status|p1a: Ho-Oh|tox\n|\n|-damage|p1a: Ho-Oh|94\/100 tox|[from] psn\n|upkeep\n|turn|6\n|\n|t:|1699061350\n|move|p2a: Arceus|Taunt|p1a: Ho-Oh\n|-start|p1a: Ho-Oh|move: Taunt\n|move|p1a: Ho-Oh|Sacred Fire|p2a: Arceus\n|-damage|p2a: Arceus|41\/100\n|\n|-damage|p1a: Ho-Oh|82\/100 tox|[from] psn\n|upkeep\n|turn|7\n|\n|t:|1699061359\n|move|p2a: Arceus|Recover|p2a: Arceus\n|-heal|p2a: Arceus|91\/100\n|move|p1a: Ho-Oh|Sacred Fire|p2a: Arceus\n|-damage|p2a: Arceus|57\/100\n|\n|-damage|p1a: Ho-Oh|63\/100 tox|[from] psn\n|upkeep\n|turn|8\n|\n|t:|1699061369\n|switch|p2a: Ho-Oh|Ho-Oh|100\/100\n|switch|p1a: Landorus|Landorus, M|100\/100\n|\n|upkeep\n|turn|9\n|\n|t:|1699061387\n|switch|p2a: Arceus|Arceus-Ground|57\/100\n|move|p1a: Landorus|Nasty Plot|p1a: Landorus\n|-boost|p1a: Landorus|spa|2\n|\n|upkeep\n|turn|10\n|\n|t:|1699061396\n|move|p2a: Arceus|Toxic|p1a: Landorus\n|-status|p1a: Landorus|tox\n|move|p1a: Landorus|Earth Power|p2a: Arceus\n|-damage|p2a: Arceus|0 fnt\n|faint|p2a: Arceus\n|\n|-damage|p1a: Landorus|95\/100 tox|[from] psn\n|upkeep\n|\n|t:|1699061400\n|switch|p2a: Ditto|Ditto, shiny|100\/100\n|-transform|p2a: Ditto|p1a: Landorus|[from] ability: Imposter\n|turn|11\n|\n|t:|1699061417\n|move|p2a: Ditto|Focus Blast|p1a: Landorus\n|-resisted|p1a: Landorus\n|-damage|p1a: Landorus|35\/100 tox\n|move|p1a: Landorus|Focus Blast|p2a: Ditto|[miss]\n|-miss|p1a: Landorus|p2a: Ditto\n|\n|-damage|p1a: Landorus|23\/100 tox|[from] psn\n|upkeep\n|turn|12\n|\n|t:|1699061426\n|move|p2a: Ditto|Focus Blast|p1a: Landorus\n|-resisted|p1a: Landorus\n|-damage|p1a: Landorus|0 fnt\n|faint|p1a: Landorus\n|\n|upkeep\n|\n|t:|1699061448\n|switch|p1a: Necrozma|Necrozma-Dusk-Mane|100\/100\n|turn|13\n|\n|t:|1699061455\n|switch|p2a: Yveltal|Yveltal, shiny|100\/100\n|-ability|p2a: Yveltal|Dark Aura\n|detailschange|p1a: Necrozma|Necrozma-Ultra\n|-burst|p1a: Necrozma|Necrozma|Ultranecrozium Z\n|move|p1a: Necrozma|Sunsteel Strike|p2a: Yveltal\n|-damage|p2a: Yveltal|77\/100\n|\n|upkeep\n|turn|14\n|\n|t:|1699061467\n|switch|p1a: Ho-Oh|Ho-Oh|96\/100 tox\n|move|p2a: Yveltal|Foul Play|p1a: Ho-Oh\n|-damage|p1a: Ho-Oh|49\/100 tox\n|\n|-damage|p1a: Ho-Oh|43\/100 tox|[from] psn\n|upkeep\n|turn|15\n|\n|t:|1699061476\n|switch|p1a: Kingambit|Kingambit, M|100\/100\n|-activate|p1a: Kingambit|ability: Supreme Overlord\n|-start|p1a: Kingambit|fallen2|[silent]\n|move|p2a: Yveltal|Foul Play|p1a: Kingambit\n|-resisted|p1a: Kingambit\n|-damage|p1a: Kingambit|71\/100\n|\n|-heal|p1a: Kingambit|77\/100|[from] item: Leftovers\n|upkeep\n|turn|16\n|\n|t:|1699061487\n|switch|p2a: Magearna|Magearna|100\/100\n|move|p1a: Kingambit|Knock Off|p2a: Magearna\n|-resisted|p2a: Magearna\n|-damage|p2a: Magearna|81\/100\n|\n|-heal|p1a: Kingambit|83\/100|[from] item: Leftovers\n|upkeep\n|turn|17\n|\n|t:|1699061504\n|switch|p2a: Ho-Oh|Ho-Oh|100\/100\n|-end|p1a: Kingambit|fallen2|[silent]\n|switch|p1a: Ho-Oh|Ho-Oh|76\/100 tox\n|\n|-damage|p1a: Ho-Oh|70\/100 tox|[from] psn\n|upkeep\n|turn|18\n|\n|t:|1699061513\n|move|p2a: Ho-Oh|Brave Bird|p1a: Ho-Oh\n|-damage|p1a: Ho-Oh|0 fnt\n|faint|p1a: Ho-Oh\n|-damage|p2a: Ho-Oh|74\/100|[from] Recoil\n|\n|upkeep\n|\n|t:|1699061529\n|switch|p1a: Necrozma|Necrozma-Ultra|100\/100\n|turn|19\n|\n|t:|1699061542\n|switch|p2a: Yveltal|Yveltal, shiny|77\/100\n|-ability|p2a: Yveltal|Dark Aura\n|move|p1a: Necrozma|Dragon Dance|p1a: Necrozma\n|-boost|p1a: Necrozma|atk|1\n|-boost|p1a: Necrozma|spe|1\n|\n|upkeep\n|turn|20\n|inactive|kqxt\u5c0f\u4f19\u4f34 has 120 seconds left.\n|\n|t:|1699061558\n|switch|p1a: Kingambit|Kingambit, M|83\/100\n|-activate|p1a: Kingambit|ability: Supreme Overlord\n|-start|p1a: Kingambit|fallen3|[silent]\n|move|p2a: Yveltal|Foul Play|p1a: Kingambit\n|-resisted|p1a: Kingambit\n|-damage|p1a: Kingambit|55\/100\n|\n|-heal|p1a: Kingambit|61\/100|[from] item: Leftovers\n|upkeep\n|turn|21\n|inactive|kqxt\u5c0f\u4f19\u4f34 has 120 seconds left.\n|\n|t:|1699061569\n|switch|p2a: Magearna|Magearna|81\/100\n|move|p1a: Kingambit|Knock Off|p2a: Magearna\n|-resisted|p2a: Magearna\n|-damage|p2a: Magearna|59\/100\n|\n|-heal|p1a: Kingambit|67\/100|[from] item: Leftovers\n|upkeep\n|turn|22\n|\n|t:|1699061579\n|move|p2a: Magearna|Fleur Cannon|p1a: Kingambit\n|-damage|p1a: Kingambit|13\/100\n|-unboost|p2a: Magearna|spa|2\n|move|p1a: Kingambit|Knock Off|p2a: Magearna\n|-resisted|p2a: Magearna\n|-damage|p2a: Magearna|38\/100\n|\n|-heal|p1a: Kingambit|19\/100|[from] item: Leftovers\n|upkeep\n|turn|23\n|\n|t:|1699061588\n|move|p2a: Magearna|Fleur Cannon|p1a: Kingambit\n|-damage|p1a: Kingambit|0 fnt\n|-unboost|p2a: Magearna|spa|2\n|faint|p1a: Kingambit\n|-ability|p2a: Magearna|Soul-Heart|boost\n|-boost|p2a: Magearna|spa|1\n|-end|p1a: Kingambit|fallen3|[silent]\n|\n|upkeep\n|\n|t:|1699061595\n|switch|p1a: Necrozma|Necrozma-Ultra|100\/100\n|turn|24\n|\n|t:|1699061601\n|move|p1a: Necrozma|Sunsteel Strike|p2a: Magearna\n|-damage|p2a: Magearna|6\/100\n|move|p2a: Magearna|Pain Split|p1a: Necrozma\n|-sethp|p1a: Necrozma|53\/100|[from] move: Pain Split|[silent]\n|-sethp|p2a: Magearna|49\/100|[from] move: Pain Split\n|\n|upkeep\n|turn|25\n|\n|t:|1699061609\n|move|p1a: Necrozma|Earthquake|p2a: Magearna\n|-supereffective|p2a: Magearna\n|-damage|p2a: Magearna|0 fnt\n|faint|p2a: Magearna\n|\n|upkeep\n|\n|t:|1699061614\n|switch|p2a: Yveltal|Yveltal, shiny|77\/100\n|-ability|p2a: Yveltal|Dark Aura\n|turn|26\n|\n|t:|1699061618\n|move|p1a: Necrozma|Sunsteel Strike|p2a: Yveltal\n|-damage|p2a: Yveltal|52\/100\n|move|p2a: Yveltal|Roost|p2a: Yveltal\n|-heal|p2a: Yveltal|100\/100\n|-singleturn|p2a: Yveltal|move: Roost\n|\n|upkeep\n|turn|27\n|\n|t:|1699061626\n|move|p1a: Necrozma|Sunsteel Strike|p2a: Yveltal\n|-damage|p2a: Yveltal|77\/100\n|move|p2a: Yveltal|Foul Play|p1a: Necrozma\n|-supereffective|p1a: Necrozma\n|-damage|p1a: Necrozma|0 fnt\n|faint|p1a: Necrozma\n|\n|upkeep\n|\n|t:|1699061634\n|switch|p1a: Salamence|Salamence, M|100\/100\n|-ability|p1a: Salamence|Intimidate|boost\n|-unboost|p2a: Yveltal|atk|1\n|turn|28\n|\n|t:|1699061642\n|detailschange|p1a: Salamence|Salamence-Mega, M\n|-mega|p1a: Salamence|Salamence|Salamencite\n|move|p1a: Salamence|Return|p2a: Yveltal\n|-damage|p2a: Yveltal|36\/100\n|move|p2a: Yveltal|Foul Play|p1a: Salamence\n|-damage|p1a: Salamence|42\/100\n|\n|upkeep\n|turn|29\n|\n|t:|1699061656\n|-terastallize|p2a: Yveltal|Steel\n|move|p1a: Salamence|Return|p2a: Yveltal\n|-resisted|p2a: Yveltal\n|-damage|p2a: Yveltal|15\/100\n|move|p2a: Yveltal|Foul Play|p1a: Salamence\n|-damage|p1a: Salamence|0 fnt\n|faint|p1a: Salamence\n|\n|win|KurumiTokisakilove\n|raw|kqxt\u5c0f\u4f19\u4f34's rating: 1558 &rarr; <strong>1553<\/strong><br \/>(-5 for losing)\n|raw|KurumiTokisakilove's rating: 1911 &rarr; <strong>1916<\/strong><br \/>(+5 for winning)\n|l|\u2606kqxt\u5c0f\u4f19\u4f34\n|l|\u2606KurumiTokisakilove\n","uploadtime":1699061697,"views":25,"p1id":"kqxt","p2id":"kurumitokisakilove","formatid":"gen9nationaldexubers","rating":1553,"private":0,"password":""}