{"id":"gen9nationaldexubers-1994045489","p1":"AGisgood\u82cd\u54cd\u4fa0","p2":"C0ld as Ice","format":"[Gen 9] National Dex Ubers","log":"|j|\u2606AGisgood\u82cd\u54cd\u4fa0\n|j|\u2606C0ld as Ice\n|t:|1700399182\n|gametype|singles\n|player|p1|AGisgood\u82cd\u54cd\u4fa0|cowgirl|1607\n|player|p2|C0ld as Ice|supernerd|1853\n|teamsize|p1|6\n|teamsize|p2|6\n|gen|9\n|tier|[Gen 9] National Dex Ubers\n|rated|\n|rule|HP Percentage Mod: HP is shown in percentages\n|rule|Endless Battle Clause: Forcing endless battles is banned\n|rule|OHKO Clause: OHKO moves are banned\n|rule|Evasion Moves Clause: Evasion moves are banned\n|rule|Evasion Items Clause: Evasion items are banned\n|rule|Species Clause: Limit one of each Pok\u00e9mon\n|rule|Sleep Clause Mod: Limit one foe put to sleep\n|rule|Mega Rayquaza Clause: You cannot mega evolve Rayquaza\n|clearpoke\n|poke|p1|Ribombee, F|\n|poke|p1|Rayquaza|\n|poke|p1|Zacian-*|\n|poke|p1|Necrozma-Dusk-Mane|\n|poke|p1|Arceus-Ground|\n|poke|p1|Kyogre|\n|poke|p2|Marshadow|\n|poke|p2|Ho-Oh|\n|poke|p2|Necrozma-Dusk-Mane|\n|poke|p2|Groudon, L99|\n|poke|p2|Arceus-Ground|\n|poke|p2|Yveltal|\n|teampreview\n|inactive|Battle timer is ON: inactive players will automatically lose when time's up. (requested by AGisgood\u82cd\u54cd\u4fa0)\n|inactive|C0ld as Ice also wants the timer to be on.\n|\n|t:|1700399196\n|start\n|switch|p1a: Ribombee|Ribombee, F|100\/100\n|switch|p2a: Necrozma|Necrozma-Dusk-Mane, shiny|100\/100\n|turn|1\n|\n|t:|1700399200\n|move|p1a: Ribombee|Sticky Web|p2a: Necrozma\n|-sidestart|p2: C0ld as Ice|move: Sticky Web\n|move|p2a: Necrozma|Rock Blast|p1a: Ribombee\n|-supereffective|p1a: Ribombee\n|-damage|p1a: Ribombee|67\/100\n|-supereffective|p1a: Ribombee\n|-damage|p1a: Ribombee|32\/100\n|-supereffective|p1a: Ribombee\n|-damage|p1a: Ribombee|0 fnt\n|faint|p1a: Ribombee\n|-hitcount|p1: Ribombee|3\n|\n|upkeep\n|\n|t:|1700399205\n|switch|p1a: Kyogre|Kyogre|100\/100\n|detailschange|p1a: Kyogre|Kyogre-Primal\n|-primal|p1a: Kyogre|Blue Orb\n|-weather|PrimordialSea|[from] ability: Primordial Sea|[of] p1a: Kyogre\n|turn|2\n|\n|t:|1700399210\n|-weather|none\n|switch|p1a: Arceus|Arceus-Ground|100\/100\n|switch|p2a: Groudon|Groudon, L99, shiny|100\/100\n|-activate|p2a: Groudon|move: Sticky Web\n|-unboost|p2a: Groudon|spe|1\n|detailschange|p2a: Groudon|Groudon-Primal, L99, shiny\n|-primal|p2a: Groudon|Red Orb\n|-weather|DesolateLand|[from] ability: Desolate Land|[of] p2a: Groudon\n|\n|-weather|DesolateLand|[upkeep]\n|upkeep\n|turn|3\n|\n|t:|1700399217\n|move|p1a: Arceus|Swords Dance|p1a: Arceus\n|-boost|p1a: Arceus|atk|2\n|move|p2a: Groudon|Dragon Tail|p1a: Arceus\n|-damage|p1a: Arceus|85\/100\n|drag|p1a: Rayquaza|Rayquaza|100\/100\n|-ability|p1a: Rayquaza|Air Lock\n|\n|-weather|DesolateLand|[upkeep]\n|upkeep\n|turn|4\n|\n|t:|1700399227\n|-terastallize|p1a: Rayquaza|Flying\n|move|p1a: Rayquaza|Dragon Ascent|p2a: Groudon\n|-damage|p2a: Groudon|30\/100\n|-unboost|p1a: Rayquaza|def|1\n|-unboost|p1a: Rayquaza|spd|1\n|move|p2a: Groudon|Spikes|p1a: Rayquaza\n|-sidestart|p1: AGisgood\u82cd\u54cd\u4fa0|Spikes\n|\n|-weather|DesolateLand|[upkeep]\n|upkeep\n|turn|5\n|\n|t:|1700399236\n|-weather|none\n|switch|p2a: Necrozma|Necrozma-Dusk-Mane, shiny|100\/100\n|-activate|p2a: Necrozma|move: Sticky Web\n|-unboost|p2a: Necrozma|spe|1\n|move|p1a: Rayquaza|Dragon Ascent|p2a: Necrozma\n|-resisted|p2a: Necrozma\n|-crit|p2a: Necrozma\n|-damage|p2a: Necrozma|19\/100\n|-unboost|p1a: Rayquaza|def|1\n|-unboost|p1a: Rayquaza|spd|1\n|\n|upkeep\n|turn|6\n|\n|t:|1700399243\n|move|p1a: Rayquaza|Dragon Ascent|p2a: Necrozma\n|-resisted|p2a: Necrozma\n|-damage|p2a: Necrozma|0 fnt\n|-unboost|p1a: Rayquaza|def|1\n|-unboost|p1a: Rayquaza|spd|1\n|faint|p2a: Necrozma\n|\n|upkeep\n|\n|t:|1700399250\n|switch|p2a: Ho-Oh|Ho-Oh, shiny|100\/100\n|turn|7\n|\n|t:|1700399252\n|move|p1a: Rayquaza|Dragon Ascent|p2a: Ho-Oh\n|-damage|p2a: Ho-Oh|0 fnt\n|-unboost|p1a: Rayquaza|def|1\n|-unboost|p1a: Rayquaza|spd|1\n|faint|p2a: Ho-Oh\n|\n|upkeep\n|\n|t:|1700399255\n|switch|p2a: Marshadow|Marshadow|100\/100\n|-activate|p2a: Marshadow|move: Sticky Web\n|-unboost|p2a: Marshadow|spe|1\n|turn|8\n|\n|t:|1700399259\n|switch|p1a: Zacian|Zacian-Crowned|100\/100\n|-damage|p1a: Zacian|88\/100|[from] Spikes\n|-ability|p1a: Zacian|Intrepid Sword|boost\n|-boost|p1a: Zacian|atk|1\n|move|p2a: Marshadow|Shadow Sneak|p1a: Zacian\n|-damage|p1a: Zacian|48\/100\n|\n|upkeep\n|turn|9\n|\n|t:|1700399265\n|-terastallize|p2a: Marshadow|Ghost\n|move|p2a: Marshadow|Shadow Sneak|p1a: Zacian\n|-damage|p1a: Zacian|0 fnt\n|faint|p1a: Zacian\n|\n|upkeep\n|\n|t:|1700399271\n|switch|p1a: Kyogre|Kyogre-Primal|100\/100\n|-damage|p1a: Kyogre|88\/100|[from] Spikes\n|-weather|PrimordialSea|[from] ability: Primordial Sea|[of] p1a: Kyogre\n|turn|10\n|\n|t:|1700399275\n|switch|p2a: Groudon|Groudon-Primal, L99, shiny|30\/100\n|-activate|p2a: Groudon|move: Sticky Web\n|-unboost|p2a: Groudon|spe|1\n|-weather|DesolateLand|[from] ability: Desolate Land|[of] p2a: Groudon\n|move|p1a: Kyogre|Origin Pulse||[still]\n|-fail|p1a: Kyogre|Origin Pulse|[from] Desolate Land\n|\n|-weather|DesolateLand|[upkeep]\n|upkeep\n|turn|11\n|\n|t:|1700399280\n|move|p1a: Kyogre|Ice Beam|p2a: Groudon\n|-damage|p2a: Groudon|0 fnt\n|faint|p2a: Groudon\n|-weather|none\n|\n|upkeep\n|\n|t:|1700399281\n|switch|p2a: Yveltal|Yveltal, shiny|100\/100\n|-ability|p2a: Yveltal|Dark Aura\n|turn|12\n|\n|t:|1700399286\n|switch|p1a: Rayquaza|Rayquaza, tera:Flying|100\/100\n|-ability|p1a: Rayquaza|Air Lock\n|move|p2a: Yveltal|Defog|p1a: Rayquaza\n|-unboost|p1a: Rayquaza|evasion|1\n|-sideend|p1: AGisgood\u82cd\u54cd\u4fa0|Spikes|[from] move: Defog|[of] p2a: Yveltal\n|-sideend|p2: C0ld as Ice|Sticky Web|[from] move: Defog|[of] p2a: Yveltal\n|\n|upkeep\n|turn|13\n|\n|t:|1700399288\n|move|p1a: Rayquaza|Dragon Ascent|p2a: Yveltal\n|-damage|p2a: Yveltal|11\/100\n|-unboost|p1a: Rayquaza|def|1\n|-unboost|p1a: Rayquaza|spd|1\n|move|p2a: Yveltal|Foul Play|p1a: Rayquaza\n|-damage|p1a: Rayquaza|0 fnt\n|faint|p1a: Rayquaza\n|\n|upkeep\n|\n|t:|1700399294\n|switch|p1a: Kyogre|Kyogre-Primal|88\/100\n|-weather|PrimordialSea|[from] ability: Primordial Sea|[of] p1a: Kyogre\n|turn|14\n|\n|t:|1700399296\n|move|p2a: Yveltal|U-turn|p1a: Kyogre\n|-crit|p1a: Kyogre\n|-damage|p1a: Kyogre|58\/100\n|\n|t:|1700399303\n|switch|p2a: Arceus|Arceus-Ground, shiny|100\/100|[from] U-turn\n|move|p1a: Kyogre|Origin Pulse|p2a: Arceus\n|-supereffective|p2a: Arceus\n|-damage|p2a: Arceus|0 fnt\n|faint|p2a: Arceus\n|\n|-weather|PrimordialSea|[upkeep]\n|upkeep\n|\n|t:|1700399304\n|switch|p2a: Marshadow|Marshadow, tera:Ghost|100\/100\n|turn|15\n|\n|t:|1700399309\n|move|p2a: Marshadow|Poltergeist|p1a: Kyogre\n|-activate|p1a: Kyogre|move: Poltergeist|Blue Orb\n|-crit|p1a: Kyogre\n|-damage|p1a: Kyogre|0 fnt\n|faint|p1a: Kyogre\n|-weather|none\n|\n|upkeep\n|\n|t:|1700399312\n|switch|p1a: Arceus|Arceus-Ground|85\/100\n|turn|16\n|\n|t:|1700399314\n|move|p2a: Marshadow|Poltergeist|p1a: Arceus\n|-activate|p1a: Arceus|move: Poltergeist|Earth Plate\n|-damage|p1a: Arceus|7\/100\n|move|p1a: Arceus|Earthquake|p2a: Marshadow\n|-damage|p2a: Marshadow|17\/100\n|\n|upkeep\n|turn|17\n|\n|t:|1700399321\n|move|p2a: Marshadow|Poltergeist|p1a: Arceus\n|-activate|p1a: Arceus|move: Poltergeist|Earth Plate\n|-damage|p1a: Arceus|0 fnt\n|faint|p1a: Arceus\n|\n|upkeep\n|\n|t:|1700399323\n|switch|p1a: Necrozma|Necrozma-Dusk-Mane|100\/100\n|turn|18\n|\n|t:|1700399325\n|switch|p2a: Yveltal|Yveltal, shiny|11\/100\n|-ability|p2a: Yveltal|Dark Aura\n|detailschange|p1a: Necrozma|Necrozma-Ultra\n|-burst|p1a: Necrozma|Necrozma|Ultranecrozium Z\n|move|p1a: Necrozma|Outrage|p2a: Yveltal\n|-damage|p2a: Yveltal|0 fnt\n|faint|p2a: Yveltal\n|\n|upkeep\n|\n|t:|1700399326\n|switch|p2a: Marshadow|Marshadow, tera:Ghost|17\/100\n|turn|19\n|\n|t:|1700399328\n|move|p2a: Marshadow|Shadow Sneak|p1a: Necrozma\n|-supereffective|p1a: Necrozma\n|-damage|p1a: Necrozma|0 fnt\n|faint|p1a: Necrozma\n|\n|win|C0ld as Ice\n|raw|AGisgood\u82cd\u54cd\u4fa0's rating: 1607 &rarr; <strong>1599<\/strong><br \/>(-8 for losing)\n|raw|C0ld as Ice's rating: 1859 &rarr; <strong>1867<\/strong><br \/>(+8 for winning)\n|l|\u2606AGisgood\u82cd\u54cd\u4fa0\n","uploadtime":1700400543,"views":4,"p1id":"agisgood","p2id":"c0ldasice","formatid":"gen9nationaldexubers","rating":1599,"private":0,"password":""}