{"id":"gen9nationaldexubers-1990098077","p1":"Red_is_fodder","p2":"odogger","format":"[Gen 9] National Dex Ubers","log":"|j|\u2606Red_is_fodder\n|j|\u2606odogger\n|t:|1699924305\n|gametype|singles\n|player|p1|Red_is_fodder|pokemaniac|1244\n|player|p2|odogger|101|1310\n|teamsize|p1|6\n|teamsize|p2|6\n|gen|9\n|tier|[Gen 9] National Dex Ubers\n|rated|\n|rule|HP Percentage Mod: HP is shown in percentages\n|rule|Endless Battle Clause: Forcing endless battles is banned\n|rule|OHKO Clause: OHKO moves are banned\n|rule|Evasion Moves Clause: Evasion moves are banned\n|rule|Evasion Items Clause: Evasion items are banned\n|rule|Species Clause: Limit one of each Pok\u00e9mon\n|rule|Sleep Clause Mod: Limit one foe put to sleep\n|rule|Mega Rayquaza Clause: You cannot mega evolve Rayquaza\n|clearpoke\n|poke|p1|Zacian-*|\n|poke|p1|Groudon|\n|poke|p1|Zygarde|\n|poke|p1|Yveltal|\n|poke|p1|Urshifu-*, M|\n|poke|p1|Arceus-Ground|\n|poke|p2|Marshadow|\n|poke|p2|Grimmsnarl, M|\n|poke|p2|Tornadus-Therian, M|\n|poke|p2|Cresselia, F|\n|poke|p2|Zygarde|\n|poke|p2|Blastoise, F|\n|teampreview\n|inactive|Battle timer is ON: inactive players will automatically lose when time's up. (requested by odogger)\n|\n|t:|1699924310\n|start\n|switch|p1a: Urshifu|Urshifu-Rapid-Strike, M|100\/100\n|switch|p2a: Grimmsnarl|Grimmsnarl, M|100\/100\n|turn|1\n|\n|t:|1699924323\n|move|p2a: Grimmsnarl|Reflect|p2a: Grimmsnarl\n|-sidestart|p2: odogger|Reflect\n|move|p1a: Urshifu|Close Combat|p2a: Grimmsnarl\n|-damage|p2a: Grimmsnarl|60\/100\n|-unboost|p1a: Urshifu|def|1\n|-unboost|p1a: Urshifu|spd|1\n|\n|upkeep\n|turn|2\n|\n|t:|1699924331\n|move|p2a: Grimmsnarl|Parting Shot|p1a: Urshifu\n|-unboost|p1a: Urshifu|atk|1\n|-unboost|p1a: Urshifu|spa|1\n|\n|t:|1699924340\n|switch|p2a: Tornadus|Tornadus-Therian, M|100\/100|[from] Parting Shot\n|move|p1a: Urshifu|Taunt|p2a: Tornadus\n|-start|p2a: Tornadus|move: Taunt\n|\n|upkeep\n|turn|3\n|\n|t:|1699924350\n|move|p2a: Tornadus|Bleakwind Storm|p1a: Urshifu\n|-supereffective|p1a: Urshifu\n|-damage|p1a: Urshifu|0 fnt\n|faint|p1a: Urshifu\n|\n|upkeep\n|\n|t:|1699924355\n|switch|p1a: Zacian|Zacian-Crowned, shiny|100\/100\n|-ability|p1a: Zacian|Intrepid Sword|boost\n|-boost|p1a: Zacian|atk|1\n|turn|4\n|\n|t:|1699924361\n|switch|p2a: Grimmsnarl|Grimmsnarl, M|60\/100\n|move|p1a: Zacian|Wild Charge|p2a: Grimmsnarl\n|-damage|p2a: Grimmsnarl|26\/100\n|-damage|p1a: Zacian|91\/100|[from] Recoil\n|\n|upkeep\n|turn|5\n|\n|t:|1699924371\n|-terastallize|p1a: Zacian|Steel\n|move|p2a: Grimmsnarl|Parting Shot|p1a: Zacian\n|-unboost|p1a: Zacian|atk|1\n|-unboost|p1a: Zacian|spa|1\n|\n|t:|1699924383\n|switch|p2a: Zygarde|Zygarde|100\/100|[from] Parting Shot\n|move|p1a: Zacian|Behemoth Blade|p2a: Zygarde\n|-damage|p2a: Zygarde|64\/100\n|\n|upkeep\n|turn|6\n|\n|t:|1699924395\n|move|p1a: Zacian|Close Combat|p2a: Zygarde\n|-damage|p2a: Zygarde|46\/100\n|-unboost|p1a: Zacian|def|1\n|-unboost|p1a: Zacian|spd|1\n|move|p2a: Zygarde|Coil|p2a: Zygarde\n|-boost|p2a: Zygarde|atk|1\n|-boost|p2a: Zygarde|def|1\n|-boost|p2a: Zygarde|accuracy|1\n|\n|-activate|p2a: Zygarde|ability: Power Construct\n|detailschange|p2a: Zygarde|Zygarde-Complete\n|-heal|p2a: Zygarde|66\/100|[silent]\n|upkeep\n|turn|7\n|\n|t:|1699924413\n|move|p1a: Zacian|Behemoth Blade|p2a: Zygarde\n|-damage|p2a: Zygarde|52\/100\n|move|p2a: Zygarde|Coil|p2a: Zygarde\n|-boost|p2a: Zygarde|atk|1\n|-boost|p2a: Zygarde|def|1\n|-boost|p2a: Zygarde|accuracy|1\n|\n|upkeep\n|turn|8\n|\n|t:|1699924421\n|move|p1a: Zacian|Wild Charge|p2a: Zygarde\n|-immune|p2a: Zygarde\n|move|p2a: Zygarde|Coil|p2a: Zygarde\n|-boost|p2a: Zygarde|atk|1\n|-boost|p2a: Zygarde|def|1\n|-boost|p2a: Zygarde|accuracy|1\n|\n|-sideend|p2: odogger|Reflect\n|upkeep\n|turn|9\n|\n|t:|1699924425\n|move|p1a: Zacian|Assurance|p2a: Zygarde\n|-damage|p2a: Zygarde|47\/100\n|move|p2a: Zygarde|Coil|p2a: Zygarde\n|-boost|p2a: Zygarde|atk|1\n|-boost|p2a: Zygarde|def|1\n|-boost|p2a: Zygarde|accuracy|1\n|\n|upkeep\n|turn|10\n|\n|t:|1699924430\n|switch|p1a: Groudon|Groudon|100\/100\n|detailschange|p1a: Groudon|Groudon-Primal\n|-primal|p1a: Groudon|Red Orb\n|-weather|DesolateLand|[from] ability: Desolate Land|[of] p1a: Groudon\n|move|p2a: Zygarde|Coil|p2a: Zygarde\n|-boost|p2a: Zygarde|atk|1\n|-boost|p2a: Zygarde|def|1\n|-boost|p2a: Zygarde|accuracy|1\n|\n|-weather|DesolateLand|[upkeep]\n|upkeep\n|turn|11\n|\n|t:|1699924440\n|move|p2a: Zygarde|Scale Shot|p1a: Groudon\n|-damage|p1a: Groudon|75\/100\n|-damage|p1a: Groudon|51\/100\n|-damage|p1a: Groudon|26\/100\n|-damage|p1a: Groudon|0 fnt\n|faint|p1a: Groudon\n|-weather|none\n|-hitcount|p1: Groudon|4\n|-unboost|p2a: Zygarde|def|1\n|-boost|p2a: Zygarde|spe|1\n|-heal|p2a: Zygarde|55\/100|[from] item: Shell Bell|[of] p1: Groudon\n|\n|upkeep\n|\n|t:|1699924446\n|switch|p1a: Arceus|Arceus-Ground|100\/100\n|turn|12\n|\n|t:|1699924455\n|move|p2a: Zygarde|Scale Shot|p1a: Arceus\n|-damage|p1a: Arceus|70\/100\n|-damage|p1a: Arceus|37\/100\n|-damage|p1a: Arceus|2\/100\n|-damage|p1a: Arceus|0 fnt\n|faint|p1a: Arceus\n|-hitcount|p1: Arceus|4\n|-unboost|p2a: Zygarde|def|1\n|-boost|p2a: Zygarde|spe|1\n|-heal|p2a: Zygarde|63\/100|[from] item: Shell Bell|[of] p1: Arceus\n|\n|upkeep\n|\n|t:|1699924463\n|switch|p1a: Zygarde|Zygarde|100\/100\n|turn|13\n|\n|t:|1699924468\n|move|p2a: Zygarde|Scale Shot|p1a: Zygarde\n|-supereffective|p1a: Zygarde\n|-damage|p1a: Zygarde|37\/100\n|-supereffective|p1a: Zygarde\n|-damage|p1a: Zygarde|0 fnt\n|faint|p1a: Zygarde\n|-hitcount|p1: Zygarde|2\n|-unboost|p2a: Zygarde|def|1\n|-boost|p2a: Zygarde|spe|1\n|-heal|p2a: Zygarde|71\/100|[from] item: Shell Bell|[of] p1: Zygarde\n|\n|upkeep\n|\n|t:|1699924473\n|switch|p1a: Yveltal|Yveltal|100\/100\n|-ability|p1a: Yveltal|Dark Aura\n|turn|14\n|\n|t:|1699924479\n|move|p1a: Yveltal|Sucker Punch|p2a: Zygarde\n|-damage|p2a: Zygarde|57\/100\n|-damage|p1a: Yveltal|91\/100|[from] item: Life Orb\n|move|p2a: Zygarde|Thousand Arrows|p1a: Yveltal\n|-damage|p1a: Yveltal|0 fnt\n|faint|p1a: Yveltal\n|-heal|p2a: Zygarde|65\/100|[from] item: Shell Bell|[of] p1: Yveltal\n|\n|upkeep\n|\n|t:|1699924485\n|switch|p1a: Zacian|Zacian-Crowned, shiny, tera:Steel|91\/100\n|turn|15\n|\n|t:|1699924489\n|move|p2a: Zygarde|Thousand Arrows|p1a: Zacian\n|-supereffective|p1a: Zacian\n|-damage|p1a: Zacian|0 fnt\n|faint|p1a: Zacian\n|-heal|p2a: Zygarde|72\/100|[from] item: Shell Bell|[of] p1: Zacian\n|\n|win|odogger\n|raw|Red_is_fodder's rating: 1244 &rarr; <strong>1224<\/strong><br \/>(-20 for losing)\n|raw|odogger's rating: 1310 &rarr; <strong>1326<\/strong><br \/>(+16 for winning)\n|l|\u2606Red_is_fodder\n","uploadtime":1699924510,"views":7,"p1id":"redisfodder","p2id":"odogger","formatid":"gen9nationaldexubers","rating":1224,"private":0,"password":""}