{"id":"gen9nationaldexubers-1998420083","p1":"AegiSwaggy","p2":"Halo Halo Orange","format":"[Gen 9] National Dex Ubers","log":"|j|\u2606AegiSwaggy\n|j|\u2606Halo Halo Orange\n|t:|1700940306\n|gametype|singles\n|player|p1|AegiSwaggy|yellow|\n|player|p2|Halo Halo Orange|ariana|\n|teamsize|p1|6\n|teamsize|p2|6\n|gen|9\n|tier|[Gen 9] National Dex Ubers\n|rule|HP Percentage Mod: HP is shown in percentages\n|rule|Endless Battle Clause: Forcing endless battles is banned\n|rule|OHKO Clause: OHKO moves are banned\n|rule|Evasion Moves Clause: Evasion moves are banned\n|rule|Evasion Items Clause: Evasion items are banned\n|rule|Species Clause: Limit one of each Pok\u00e9mon\n|rule|Sleep Clause Mod: Limit one foe put to sleep\n|rule|Mega Rayquaza Clause: You cannot mega evolve Rayquaza\n|clearpoke\n|poke|p1|Aegislash, M|\n|poke|p1|Garganacl, F|\n|poke|p1|Skeledirge, M|\n|poke|p1|Greninja-*, M|\n|poke|p1|Venusaur, F|\n|poke|p1|Great Tusk|\n|poke|p2|Kyurem|\n|poke|p2|Garchomp, M|\n|poke|p2|Goodra-Hisui, F|\n|poke|p2|Dragonite, F|\n|poke|p2|Altaria, F|\n|poke|p2|Kommo-o, F|\n|teampreview\n|c|\u2606Halo Halo Orange|Sorry bout that\n|c|\u2606Halo Halo Orange|gl!\n|c|\u2606AegiSwaggy|all good\n|c|\u2606AegiSwaggy|u2!t\n|c|\u2606AegiSwaggy|tera is fairy garg\n|c|\u2606Halo Halo Orange|Got it\n|\n|t:|1700940387\n|start\n|switch|p1a: The Capricious|Greninja, M|100\/100\n|switch|p2a: Kyurem|Kyurem|100\/100\n|-ability|p2a: Kyurem|Pressure\n|turn|1\n|\n|t:|1700940403\n|move|p1a: The Capricious|U-turn|p2a: Kyurem\n|-start|p1a: The Capricious|typechange|Bug|[from] ability: Protean\n|-damage|p2a: Kyurem|81\/100\n|\n|t:|1700940408\n|switch|p1a: The Deceiver|Aegislash, M, shiny|100\/100|[from] U-turn\n|move|p2a: Kyurem|Draco Meteor|p1a: The Deceiver\n|-resisted|p1a: The Deceiver\n|-damage|p1a: The Deceiver|74\/100\n|-unboost|p2a: Kyurem|spa|2\n|\n|-heal|p1a: The Deceiver|80\/100|[from] item: Leftovers\n|upkeep\n|turn|2\n|\n|t:|1700940442\n|switch|p2a: Garchomp|Garchomp, M|100\/100\n|switch|p1a: The Curdled|Garganacl, F|100\/100\n|\n|upkeep\n|turn|3\n|j| El Zappo\n|\n|t:|1700940463\n|-terastallize|p1a: The Curdled|Fairy\n|move|p2a: Garchomp|Iron Head|p1a: The Curdled\n|-supereffective|p1a: The Curdled\n|-damage|p1a: The Curdled|58\/100\n|cant|p1a: The Curdled|flinch\n|\n|-heal|p1a: The Curdled|64\/100|[from] item: Leftovers\n|upkeep\n|turn|4\n|\n|t:|1700940483\n|move|p2a: Garchomp|Iron Head|p1a: The Curdled\n|-supereffective|p1a: The Curdled\n|-damage|p1a: The Curdled|23\/100\n|move|p1a: The Curdled|Recover|p1a: The Curdled\n|-heal|p1a: The Curdled|73\/100\n|\n|-heal|p1a: The Curdled|79\/100|[from] item: Leftovers\n|upkeep\n|turn|5\n|\n|t:|1700940504\n|move|p2a: Garchomp|Iron Head|p1a: The Curdled\n|-supereffective|p1a: The Curdled\n|-damage|p1a: The Curdled|41\/100\n|cant|p1a: The Curdled|flinch\n|\n|-heal|p1a: The Curdled|47\/100|[from] item: Leftovers\n|upkeep\n|turn|6\n|\n|t:|1700940524\n|switch|p1a: The Dauntless|Venusaur, F|100\/100\n|move|p2a: Garchomp|Iron Head|p1a: The Dauntless\n|-damage|p1a: The Dauntless|70\/100\n|\n|upkeep\n|turn|7\n|\n|t:|1700940555\n|switch|p2a: Kyurem|Kyurem|81\/100\n|-ability|p2a: Kyurem|Pressure\n|switch|p1a: The Savage|Great Tusk|100\/100\n|\n|upkeep\n|turn|8\n|\n|t:|1700940571\n|move|p1a: The Savage|Close Combat|p2a: Kyurem\n|-supereffective|p2a: Kyurem\n|-damage|p2a: Kyurem|0 fnt\n|-unboost|p1a: The Savage|def|1\n|-unboost|p1a: The Savage|spd|1\n|faint|p2a: Kyurem\n|\n|upkeep\n|c|\u2606Halo Halo Orange|Oh huh\n|c|\u2606Halo Halo Orange|multiple scarf mons\n|c|\u2606Halo Halo Orange|imteresting\n|c|\u2606AegiSwaggy|perhaps\n|\n|t:|1700940600\n|switch|p2a: Altaria|Altaria, F|100\/100\n|turn|9\n|\n|t:|1700940606\n|-end|p1a: The Savage|Protosynthesis|[silent]\n|switch|p1a: The Benighted|Skeledirge, M|100\/100\n|-item|p1a: The Benighted|Air Balloon\n|detailschange|p2a: Altaria|Altaria-Mega, F\n|-mega|p2a: Altaria|Altaria|Altarianite\n|move|p2a: Altaria|Dragon Dance|p2a: Altaria\n|-boost|p2a: Altaria|atk|1\n|-boost|p2a: Altaria|spe|1\n|\n|upkeep\n|turn|10\n|\n|t:|1700940623\n|switch|p2a: Goodra|Goodra-Hisui, F|100\/100\n|move|p1a: The Benighted|Will-O-Wisp|p2a: Goodra\n|-status|p2a: Goodra|brn\n|\n|-damage|p2a: Goodra|94\/100 brn|[from] brn\n|upkeep\n|turn|11\n|\n|t:|1700940650\n|switch|p1a: The Deceiver|Aegislash, M, shiny|80\/100\n|move|p2a: Goodra|Surf|p1a: The Deceiver\n|-damage|p1a: The Deceiver|56\/100\n|\n|-heal|p2a: Goodra|100\/100 brn|[from] item: Leftovers\n|-heal|p1a: The Deceiver|62\/100|[from] item: Leftovers\n|-damage|p2a: Goodra|94\/100 brn|[from] brn\n|upkeep\n|turn|12\n|\n|t:|1700940706\n|switch|p2a: Garchomp|Garchomp, M|100\/100\n|switch|p1a: The Dauntless|Venusaur, F|70\/100\n|\n|upkeep\n|turn|13\n|\n|t:|1700940727\n|detailschange|p1a: The Dauntless|Venusaur-Mega, F\n|-mega|p1a: The Dauntless|Venusaur|Venusaurite\n|move|p2a: Garchomp|Earthquake|p1a: The Dauntless\n|-damage|p1a: The Dauntless|23\/100\n|move|p1a: The Dauntless|Giga Drain|p2a: Garchomp\n|-damage|p2a: Garchomp|63\/100\n|-heal|p1a: The Dauntless|42\/100|[from] drain|[of] p2a: Garchomp\n|\n|upkeep\n|turn|14\n|\n|t:|1700940791\n|switch|p2a: Goodra|Goodra-Hisui, F|94\/100 brn\n|switch|p1a: The Benighted|Skeledirge, M|100\/100\n|-item|p1a: The Benighted|Air Balloon\n|\n|-heal|p2a: Goodra|100\/100 brn|[from] item: Leftovers\n|-damage|p2a: Goodra|94\/100 brn|[from] brn\n|upkeep\n|turn|15\n|\n|t:|1700940827\n|switch|p1a: The Curdled|Garganacl, F, tera:Fairy|47\/100\n|move|p2a: Goodra|Surf|p1a: The Curdled\n|-crit|p1a: The Curdled\n|-damage|p1a: The Curdled|15\/100\n|\n|-heal|p2a: Goodra|100\/100 brn|[from] item: Leftovers\n|-heal|p1a: The Curdled|21\/100|[from] item: Leftovers\n|-damage|p2a: Goodra|94\/100 brn|[from] brn\n|upkeep\n|turn|16\n|\n|t:|1700940839\n|move|p2a: Goodra|Flash Cannon|p1a: The Curdled\n|-supereffective|p1a: The Curdled\n|-damage|p1a: The Curdled|0 fnt\n|faint|p1a: The Curdled\n|\n|-heal|p2a: Goodra|100\/100 brn|[from] item: Leftovers\n|-damage|p2a: Goodra|94\/100 brn|[from] brn\n|upkeep\n|c|\u2606Halo Halo Orange|And so it begins\n|\n|t:|1700940893\n|switch|p1a: The Deceiver|Aegislash, M, shiny|62\/100\n|turn|17\n|\n|t:|1700940918\n|switch|p2a: Dragonite|Dragonite, F|100\/100\n|move|p1a: The Deceiver|Toxic|p2a: Dragonite\n|-status|p2a: Dragonite|tox\n|\n|-heal|p1a: The Deceiver|68\/100|[from] item: Leftovers\n|-damage|p2a: Dragonite|94\/100 tox|[from] psn\n|upkeep\n|turn|18\n|\n|t:|1700940934\n|move|p2a: Dragonite|Earthquake|p1a: The Deceiver\n|-supereffective|p1a: The Deceiver\n|-damage|p1a: The Deceiver|8\/100\n|-formechange|p1a: The Deceiver|Aegislash-Blade||[from] ability: Stance Change\n|move|p1a: The Deceiver|Flash Cannon|p2a: Dragonite\n|-damage|p2a: Dragonite|47\/100 tox\n|\n|-heal|p1a: The Deceiver|14\/100|[from] item: Leftovers\n|-damage|p2a: Dragonite|34\/100 tox|[from] psn\n|upkeep\n|turn|19\n|\n|t:|1700940962\n|switch|p2a: Goodra|Goodra-Hisui, F|94\/100 brn\n|move|p1a: The Deceiver|Flash Cannon|p2a: Goodra\n|-resisted|p2a: Goodra\n|-damage|p2a: Goodra|80\/100 brn\n|-unboost|p2a: Goodra|spd|1\n|\n|-heal|p2a: Goodra|86\/100 brn|[from] item: Leftovers\n|-heal|p1a: The Deceiver|21\/100|[from] item: Leftovers\n|-damage|p2a: Goodra|80\/100 brn|[from] brn\n|upkeep\n|turn|20\n|\n|t:|1700940971\n|-formechange|p1a: The Deceiver|Aegislash||[from] ability: Stance Change\n|move|p1a: The Deceiver|King's Shield|p1a: The Deceiver\n|-singleturn|p1a: The Deceiver|Protect\n|move|p2a: Goodra|Surf|p1a: The Deceiver\n|-activate|p1a: The Deceiver|move: Protect\n|\n|-heal|p2a: Goodra|86\/100 brn|[from] item: Leftovers\n|-heal|p1a: The Deceiver|27\/100|[from] item: Leftovers\n|-damage|p2a: Goodra|80\/100 brn|[from] brn\n|upkeep\n|turn|21\n|l| El Zappo\n|\n|t:|1700940990\n|move|p2a: Goodra|Surf|p1a: The Deceiver\n|-damage|p1a: The Deceiver|5\/100\n|-formechange|p1a: The Deceiver|Aegislash-Blade||[from] ability: Stance Change\n|move|p1a: The Deceiver|Shadow Ball|p2a: Goodra\n|-damage|p2a: Goodra|35\/100 brn\n|\n|-heal|p2a: Goodra|41\/100 brn|[from] item: Leftovers\n|-heal|p1a: The Deceiver|11\/100|[from] item: Leftovers\n|-damage|p2a: Goodra|35\/100 brn|[from] brn\n|upkeep\n|turn|22\n|\n|t:|1700941014\n|switch|p2a: Dragonite|Dragonite, F|34\/100 tox\n|switch|p1a: The Capricious|Greninja, M|100\/100\n|\n|-damage|p2a: Dragonite|28\/100 tox|[from] psn\n|upkeep\n|turn|23\n|j| El Zappo\n|\n|t:|1700941055\n|move|p2a: Dragonite|Extreme Speed|p1a: The Capricious\n|-damage|p1a: The Capricious|51\/100\n|move|p1a: The Capricious|Spikes|p2a: Dragonite\n|-start|p1a: The Capricious|typechange|Ground|[from] ability: Protean\n|-sidestart|p2: Halo Halo Orange|Spikes\n|\n|-damage|p2a: Dragonite|16\/100 tox|[from] psn\n|upkeep\n|turn|24\n|\n|t:|1700941071\n|switch|p1a: The Deceiver|Aegislash, M, shiny|11\/100\n|move|p2a: Dragonite|Earthquake|p1a: The Deceiver\n|-supereffective|p1a: The Deceiver\n|-damage|p1a: The Deceiver|0 fnt\n|faint|p1a: The Deceiver\n|\n|-damage|p2a: Dragonite|0 fnt|[from] psn\n|faint|p2a: Dragonite\n|upkeep\n|c|\u2606AegiSwaggy|ah good play\n|\n|t:|1700941116\n|switch|p2a: Kommo-o|Kommo-o, F|100\/100\n|switch|p1a: The Capricious|Greninja, M|51\/100\n|-damage|p2a: Kommo-o|88\/100|[from] Spikes\n|turn|25\n|c|\u2606AegiSwaggy|do i hit the roll\n|\n|t:|1700941237\n|-terastallize|p2a: Kommo-o|Fighting\n|move|p1a: The Capricious|U-turn|p2a: Kommo-o\n|-start|p1a: The Capricious|typechange|Bug|[from] ability: Protean\n|-resisted|p2a: Kommo-o\n|-damage|p2a: Kommo-o|80\/100\n|\n|t:|1700941245\n|switch|p1a: The Benighted|Skeledirge, M|100\/100|[from] U-turn\n|-item|p1a: The Benighted|Air Balloon\n|move|p2a: Kommo-o|Toxic|p1a: The Benighted\n|-status|p1a: The Benighted|tox\n|\n|-heal|p2a: Kommo-o|86\/100|[from] item: Leftovers\n|-damage|p1a: The Benighted|94\/100 tox|[from] psn\n|upkeep\n|turn|26\n|c|\u2606Halo Halo Orange|Perfect\n|c|\u2606AegiSwaggy|aw man\n|c|\u2606AegiSwaggy|now are you soundproof or bulletproof\n|\n|t:|1700941278\n|move|p2a: Kommo-o|Stealth Rock|p1a: The Benighted\n|-sidestart|p1: AegiSwaggy|move: Stealth Rock\n|move|p1a: The Benighted|Will-O-Wisp|p2a: Kommo-o|[miss]\n|-miss|p1a: The Benighted|p2a: Kommo-o\n|\n|-heal|p2a: Kommo-o|92\/100|[from] item: Leftovers\n|-damage|p1a: The Benighted|82\/100 tox|[from] psn\n|upkeep\n|turn|27\n|c|\u2606Halo Halo Orange|Only one way to find out\n|c|\u2606AegiSwaggy|fuck me\n|c|\u2606Halo Halo Orange|That sucks\n|c|\u2606AegiSwaggy|its fine\n|\n|t:|1700941297\n|switch|p2a: Goodra|Goodra-Hisui, F|35\/100 brn\n|-damage|p2a: Goodra|22\/100 brn|[from] Spikes\n|move|p1a: The Benighted|Hex|p2a: Goodra\n|-damage|p2a: Goodra|0 fnt\n|faint|p2a: Goodra\n|\n|-damage|p1a: The Benighted|64\/100 tox|[from] psn\n|upkeep\n|\n|t:|1700941333\n|switch|p2a: Garchomp|Garchomp, M|63\/100\n|-damage|p2a: Garchomp|50\/100|[from] Spikes\n|turn|28\n|c|\u2606Halo Halo Orange|Good play\n|c|\u2606AegiSwaggy|ty\n|\n|t:|1700941374\n|move|p2a: Garchomp|Outrage|p1a: The Benighted\n|-crit|p1a: The Benighted\n|-damage|p1a: The Benighted|0 fnt\n|-enditem|p1a: The Benighted|Air Balloon\n|faint|p1a: The Benighted\n|\n|upkeep\n|c|\u2606AegiSwaggy|YEEEOWCH\n|c|\u2606Halo Halo Orange|Damn\n|\n|t:|1700941404\n|switch|p1a: The Savage|Great Tusk|100\/100\n|-damage|p1a: The Savage|98\/100|[from] Stealth Rock\n|turn|29\n|\n|t:|1700941412\n|move|p2a: Garchomp|Outrage|p1a: The Savage|[from]lockedmove\n|-damage|p1a: The Savage|48\/100\n|move|p1a: The Savage|Headlong Rush|p2a: Garchomp\n|-damage|p2a: Garchomp|0 fnt\n|-unboost|p1a: The Savage|def|1\n|-unboost|p1a: The Savage|spd|1\n|-damage|p1a: The Savage|36\/100|[from] ability: Rough Skin|[of] p2a: Garchomp\n|faint|p2a: Garchomp\n|\n|upkeep\n|\n|t:|1700941427\n|switch|p2a: Altaria|Altaria-Mega, F|100\/100\n|-damage|p2a: Altaria|88\/100|[from] Spikes\n|turn|30\n|c|\u2606AegiSwaggy|coming down to the wire it seems\n|c|\u2606Halo Halo Orange|Yeh\n|c|\u2606Halo Halo Orange|i think this turn kinda is like the turning point\n|c|\u2606AegiSwaggy|yeah\n|\n|t:|1700941575\n|move|p1a: The Savage|Headlong Rush|p2a: Altaria\n|-damage|p2a: Altaria|19\/100\n|-unboost|p1a: The Savage|def|1\n|-unboost|p1a: The Savage|spd|1\n|move|p2a: Altaria|Dragon Dance|p2a: Altaria\n|-boost|p2a: Altaria|atk|1\n|-boost|p2a: Altaria|spe|1\n|\n|upkeep\n|turn|31\n|\n|t:|1700941591\n|move|p1a: The Savage|Headlong Rush|p2a: Altaria\n|-damage|p2a: Altaria|0 fnt\n|-unboost|p1a: The Savage|def|1\n|-unboost|p1a: The Savage|spd|1\n|faint|p2a: Altaria\n|\n|upkeep\n|\n|t:|1700941594\n|switch|p2a: Kommo-o|Kommo-o, F, tera:Fighting|92\/100\n|-damage|p2a: Kommo-o|80\/100|[from] Spikes\n|turn|32\n|c|\u2606Halo Halo Orange|You wanna know something stupid\n|c|\u2606AegiSwaggy|hm?\n|c|\u2606Halo Halo Orange|for a moment I thought headlong was a fighting type move\n|c|\u2606AegiSwaggy|oh PFFFT\n|c|\u2606Halo Halo Orange|for some\u2026 some inexplainable reason\n|c|\u2606AegiSwaggy|i dont blame you it kinda sounds like one\n|c|\u2606Halo Halo Orange|yeah\u2026 but like I know it isn\u2019t so that was\u2026 embarrasing\n|c|\u2606Halo Halo Orange|gg\n|\n|t:|1700941648\n|move|p1a: The Savage|Headlong Rush|p2a: Kommo-o\n|-damage|p2a: Kommo-o|34\/100\n|-unboost|p1a: The Savage|def|1\n|-unboost|p1a: The Savage|spd|1\n|move|p2a: Kommo-o|Body Press|p1a: The Savage\n|-damage|p1a: The Savage|0 fnt\n|faint|p1a: The Savage\n|-end|p1a: The Savage|Protosynthesis|[silent]\n|\n|-heal|p2a: Kommo-o|40\/100|[from] item: Leftovers\n|upkeep\n|c|\u2606AegiSwaggy|gg\n|\n|t:|1700941669\n|switch|p1a: The Capricious|Greninja, M|51\/100\n|-damage|p1a: The Capricious|39\/100|[from] Stealth Rock\n|turn|33\n|\n|t:|1700941673\n|move|p1a: The Capricious|Hydro Pump|p2a: Kommo-o\n|-start|p1a: The Capricious|typechange|Water|[from] ability: Protean\n|-damage|p2a: Kommo-o|7\/100\n|move|p2a: Kommo-o|Body Press|p1a: The Capricious\n|-damage|p1a: The Capricious|0 fnt\n|faint|p1a: The Capricious\n|\n|-heal|p2a: Kommo-o|13\/100|[from] item: Leftovers\n|upkeep\n|\n|t:|1700941681\n|switch|p1a: The Dauntless|Venusaur-Mega, F|42\/100\n|-damage|p1a: The Dauntless|30\/100|[from] Stealth Rock\n|turn|34\n|j| KyogreBoii\n|c|\u2606AegiSwaggy|oh wait\n|c|\u2606AegiSwaggy|uhhhhhh\n|c|\u2606Halo Halo Orange|Go Komm-o\n|\n|t:|1700941694\n|move|p2a: Kommo-o|Body Press|p1a: The Dauntless\n|-resisted|p1a: The Dauntless\n|-damage|p1a: The Dauntless|12\/100\n|move|p1a: The Dauntless|Giga Drain|p2a: Kommo-o\n|-damage|p2a: Kommo-o|0 fnt\n|-heal|p1a: The Dauntless|18\/100|[from] drain|[of] p2a: Kommo-o\n|faint|p2a: Kommo-o\n|\n|win|AegiSwaggy\n|c|\u2606Halo Halo Orange|Fuck\u2019\n|c|\u2606AegiSwaggy|damn\n|c|\u2606Halo Halo Orange|gg\n|c|\u2606AegiSwaggy|well it was close\n|c|\u2606AegiSwaggy|gg\n","uploadtime":1700941706,"views":22,"p1id":"aegiswaggy","p2id":"halohaloorange","formatid":"gen9nationaldexubers","rating":0,"private":0,"password":""}