{"id":"gen9nationaldexubers-1998934335","p1":"Save a Solar","p2":"Finalcrew15","format":"[Gen 9] National Dex Ubers","log":"|j|\u2606Save a Solar\n|j|\u2606Finalcrew15\n|t:|1701014912\n|gametype|singles\n|player|p1|Save a Solar|102|\n|player|p2|Finalcrew15|101|\n|teamsize|p1|6\n|teamsize|p2|6\n|gen|9\n|tier|[Gen 9] National Dex Ubers\n|rule|HP Percentage Mod: HP is shown in percentages\n|rule|Endless Battle Clause: Forcing endless battles is banned\n|rule|OHKO Clause: OHKO moves are banned\n|rule|Evasion Moves Clause: Evasion moves are banned\n|rule|Evasion Items Clause: Evasion items are banned\n|rule|Species Clause: Limit one of each Pok\u00e9mon\n|rule|Sleep Clause Mod: Limit one foe put to sleep\n|rule|Mega Rayquaza Clause: You cannot mega evolve Rayquaza\n|clearpoke\n|poke|p1|Palkia-Origin|\n|poke|p1|Necrozma-Dusk-Mane|\n|poke|p1|Grimmsnarl, M|\n|poke|p1|Ditto|\n|poke|p1|Zygarde|\n|poke|p1|Deoxys-Speed|\n|poke|p2|Kyogre|\n|poke|p2|Palafin, F|\n|poke|p2|Kilowattrel, M|\n|poke|p2|Ursaluna, F|\n|poke|p2|Kommo-o, F|\n|poke|p2|Roaring Moon|\n|teampreview\n|c|\u2606Finalcrew15|Glhf\n|c|\u2606Save a Solar|you too\n|\n|t:|1701014934\n|start\n|switch|p1a: BUT IT WAS I DEO!|Deoxys-Speed, shiny|100\/100\n|switch|p2a: Kyogre|Kyogre|100\/100\n|-ability|p1a: BUT IT WAS I DEO!|Pressure\n|-weather|RainDance|[from] ability: Drizzle|[of] p2a: Kyogre\n|turn|1\n|\n|t:|1701014945\n|move|p1a: BUT IT WAS I DEO!|Stealth Rock|p2a: Kyogre\n|-sidestart|p2: Finalcrew15|move: Stealth Rock\n|move|p2a: Kyogre|Thunder|p1a: BUT IT WAS I DEO!\n|-damage|p1a: BUT IT WAS I DEO!|25\/100\n|-status|p1a: BUT IT WAS I DEO!|par\n|\n|-weather|RainDance|[upkeep]\n|upkeep\n|turn|2\n|c|\u2606Save a Solar|NO\n|c|\u2606Save a Solar|NOT LIKE THIS\n|c|\u2606Save a Solar|DONT START IT LIKE THIS\n|\n|t:|1701014965\n|switch|p2a: Ursaluna|Ursaluna, F|100\/100\n|-damage|p2a: Ursaluna|94\/100|[from] Stealth Rock\n|move|p1a: BUT IT WAS I DEO!|Spikes|p2a: Ursaluna\n|-sidestart|p2: Finalcrew15|Spikes\n|\n|-weather|RainDance|[upkeep]\n|-status|p2a: Ursaluna|brn|[from] item: Flame Orb\n|upkeep\n|turn|3\n|\n|t:|1701014974\n|move|p1a: BUT IT WAS I DEO!|Taunt|p2a: Ursaluna\n|-start|p2a: Ursaluna|move: Taunt\n|move|p2a: Ursaluna|Facade|p1a: BUT IT WAS I DEO!\n|-damage|p1a: BUT IT WAS I DEO!|0 fnt\n|faint|p1a: BUT IT WAS I DEO!\n|\n|-weather|RainDance|[upkeep]\n|-damage|p2a: Ursaluna|88\/100 brn|[from] brn\n|upkeep\n|\n|t:|1701014984\n|switch|p1a: HARRY|Grimmsnarl, M, shiny|100\/100\n|turn|4\n|\n|t:|1701014992\n|move|p1a: HARRY|Reflect|p1a: HARRY\n|-sidestart|p1: Save a Solar|Reflect\n|move|p2a: Ursaluna|Facade|p1a: HARRY\n|-damage|p1a: HARRY|50\/100\n|\n|-weather|RainDance|[upkeep]\n|-damage|p2a: Ursaluna|82\/100 brn|[from] brn\n|upkeep\n|turn|5\n|\n|t:|1701015006\n|move|p1a: HARRY|Parting Shot|p2a: Ursaluna\n|-unboost|p2a: Ursaluna|atk|1\n|-unboost|p2a: Ursaluna|spa|1\n|\n|t:|1701015013\n|switch|p1a: #T2: STEELION|Necrozma-Dusk-Mane, shiny|100\/100|[from] Parting Shot\n|move|p2a: Ursaluna|Drain Punch|p1a: #T2: STEELION\n|-damage|p1a: #T2: STEELION|89\/100\n|-heal|p2a: Ursaluna|87\/100 brn|[from] drain|[of] p1a: #T2: STEELION\n|\n|-weather|none\n|-damage|p2a: Ursaluna|81\/100 brn|[from] brn\n|-end|p2a: Ursaluna|move: Taunt\n|upkeep\n|turn|6\n|\n|t:|1701015024\n|move|p1a: #T2: STEELION|Dragon Dance|p1a: #T2: STEELION\n|-boost|p1a: #T2: STEELION|atk|1\n|-boost|p1a: #T2: STEELION|spe|1\n|move|p2a: Ursaluna|Facade|p1a: #T2: STEELION\n|-resisted|p1a: #T2: STEELION\n|-damage|p1a: #T2: STEELION|71\/100\n|\n|-damage|p2a: Ursaluna|75\/100 brn|[from] brn\n|upkeep\n|turn|7\n|\n|t:|1701015057\n|move|p1a: #T2: STEELION|Sunsteel Strike|p2a: Ursaluna\n|-damage|p2a: Ursaluna|6\/100 brn\n|move|p2a: Ursaluna|Fire Punch|p1a: #T2: STEELION\n|-supereffective|p1a: #T2: STEELION\n|-damage|p1a: #T2: STEELION|53\/100\n|-enditem|p1a: #T2: STEELION|Weakness Policy\n|-boost|p1a: #T2: STEELION|atk|2|[from] item: Weakness Policy\n|-boost|p1a: #T2: STEELION|spa|2|[from] item: Weakness Policy\n|\n|-damage|p2a: Ursaluna|0 fnt|[from] brn\n|faint|p2a: Ursaluna\n|upkeep\n|\n|t:|1701015069\n|switch|p2a: Kyogre|Kyogre|100\/100\n|-damage|p2a: Kyogre|88\/100|[from] Stealth Rock\n|-damage|p2a: Kyogre|76\/100|[from] Spikes\n|-weather|RainDance|[from] ability: Drizzle|[of] p2a: Kyogre\n|turn|8\n|c|\u2606Save a Solar|TY\n|\n|t:|1701015083\n|move|p1a: #T2: STEELION|Photon Geyser|p2a: Kyogre\n|-damage|p2a: Kyogre|0 fnt\n|faint|p2a: Kyogre\n|\n|-weather|RainDance|[upkeep]\n|upkeep\n|\n|t:|1701015090\n|switch|p2a: Roaring Moon|Roaring Moon|100\/100\n|-damage|p2a: Roaring Moon|88\/100|[from] Stealth Rock\n|-damage|p2a: Roaring Moon|76\/100|[from] Spikes\n|-enditem|p2a: Roaring Moon|Booster Energy\n|-activate|p2a: Roaring Moon|ability: Protosynthesis|[fromitem]\n|-start|p2a: Roaring Moon|protosynthesisatk\n|turn|9\n|\n|t:|1701015102\n|move|p1a: #T2: STEELION|Sunsteel Strike|p2a: Roaring Moon\n|-damage|p2a: Roaring Moon|0 fnt\n|faint|p2a: Roaring Moon\n|-end|p2a: Roaring Moon|Protosynthesis|[silent]\n|\n|-weather|RainDance|[upkeep]\n|upkeep\n|\n|t:|1701015106\n|switch|p2a: Kilowattrel|Kilowattrel, M|100\/100\n|turn|10\n|\n|t:|1701015132\n|-terastallize|p2a: Kilowattrel|Ground\n|move|p2a: Kilowattrel|Tera Blast|p1a: #T2: STEELION|[anim] Tera Blast Ground\n|-supereffective|p1a: #T2: STEELION\n|-damage|p1a: #T2: STEELION|5\/100\n|move|p1a: #T2: STEELION|Photon Geyser|p2a: Kilowattrel\n|-damage|p2a: Kilowattrel|0 fnt\n|faint|p2a: Kilowattrel\n|\n|-weather|RainDance|[upkeep]\n|upkeep\n|\n|t:|1701015138\n|switch|p2a: Palafin|Palafin, F|100\/100\n|-damage|p2a: Palafin|88\/100|[from] Stealth Rock\n|-damage|p2a: Palafin|76\/100|[from] Spikes\n|turn|11\n|\n|t:|1701015149\n|detailschange|p2a: Palafin|Palafin-Hero, F\n|switch|p2a: Kommo-o|Kommo-o, F|100\/100\n|-damage|p2a: Kommo-o|94\/100|[from] Stealth Rock\n|-damage|p2a: Kommo-o|82\/100|[from] Spikes\n|move|p1a: #T2: STEELION|Photon Geyser|p2a: Kommo-o\n|-supereffective|p2a: Kommo-o\n|-damage|p2a: Kommo-o|0 fnt\n|faint|p2a: Kommo-o\n|\n|-weather|RainDance|[upkeep]\n|-sideend|p1: Save a Solar|Reflect\n|upkeep\n|\n|t:|1701015153\n|switch|p2a: Palafin|Palafin-Hero, F|76\/100\n|-damage|p2a: Palafin|64\/100|[from] Stealth Rock\n|-damage|p2a: Palafin|51\/100|[from] Spikes\n|-activate|p2a: Palafin|ability: Zero to Hero\n|turn|12\n|\n|t:|1701015166\n|move|p2a: Palafin|Jet Punch|p1a: #T2: STEELION\n|-damage|p1a: #T2: STEELION|0 fnt\n|faint|p1a: #T2: STEELION\n|\n|-weather|none\n|upkeep\n|\n|t:|1701015171\n|switch|p1a: HARRY|Grimmsnarl, M, shiny|50\/100\n|turn|13\n|\n|t:|1701015196\n|move|p1a: HARRY|Reflect|p1a: HARRY\n|-sidestart|p1: Save a Solar|Reflect\n|move|p2a: Palafin|Bulk Up|p2a: Palafin\n|-boost|p2a: Palafin|atk|1\n|-boost|p2a: Palafin|def|1\n|\n|upkeep\n|turn|14\n|\n|t:|1701015202\n|move|p1a: HARRY|Parting Shot|p2a: Palafin\n|-unboost|p2a: Palafin|atk|1\n|-unboost|p2a: Palafin|spa|1\n|\n|t:|1701015206\n|switch|p1a: #T3: CENTAUR|Palkia-Origin, shiny|100\/100|[from] Parting Shot\n|-ability|p1a: #T3: CENTAUR|Pressure\n|move|p2a: Palafin|Drain Punch|p1a: #T3: CENTAUR\n|-damage|p1a: #T3: CENTAUR|83\/100\n|-heal|p2a: Palafin|59\/100|[from] drain|[of] p1a: #T3: CENTAUR\n|\n|upkeep\n|turn|15\n|\n|t:|1701015216\n|move|p1a: #T3: CENTAUR|Thunder|p2a: Palafin\n|-supereffective|p2a: Palafin\n|-damage|p2a: Palafin|0 fnt\n|faint|p2a: Palafin\n|\n|win|Save a Solar\n|c|\u2606Save a Solar|GG\n|c|\u2606Finalcrew15|Ggs\n|l|\u2606Finalcrew15\n","uploadtime":1701015448,"views":13,"p1id":"saveasolar","p2id":"finalcrew15","formatid":"gen9nationaldexubers","rating":0,"private":0,"password":""}