{"id":"gen9nationaldexubers-1982779305","p1":"Buried_ground","p2":"lordbachus","format":"[Gen 9] National Dex Ubers","log":"|j|\u2606Buried_ground\n|j|\u2606lordbachus\n|t:|1699044091\n|gametype|singles\n|player|p1|Buried_ground|101|\n|player|p2|lordbachus|266|\n|teamsize|p1|6\n|teamsize|p2|6\n|gen|9\n|tier|[Gen 9] National Dex Ubers\n|rule|HP Percentage Mod: HP is shown in percentages\n|rule|Endless Battle Clause: Forcing endless battles is banned\n|rule|OHKO Clause: OHKO moves are banned\n|rule|Evasion Moves Clause: Evasion moves are banned\n|rule|Evasion Items Clause: Evasion items are banned\n|rule|Species Clause: Limit one of each Pok\u00e9mon\n|rule|Sleep Clause Mod: Limit one foe put to sleep\n|rule|Mega Rayquaza Clause: You cannot mega evolve Rayquaza\n|clearpoke\n|poke|p1|Pidgeot, M|\n|poke|p1|Zygarde|\n|poke|p1|Conkeldurr, M|\n|poke|p1|Slowking, F|\n|poke|p1|Zarude|\n|poke|p1|Aromatisse, M|\n|poke|p2|Suicune|\n|poke|p2|Volcarona, M|\n|poke|p2|Leavanny, M|\n|poke|p2|Gallade, M|\n|poke|p2|Mamoswine, M|\n|poke|p2|Thundurus-Therian, M|\n|teampreview\n|c|\u2606Buried_ground|Good luck\n|c|\u2606lordbachus|U2\n|c|\u2606lordbachus|Can u get the link\n|c|\u2606lordbachus|Im on mobile\n|c|\u2606Buried_ground|Mobile to\n|c|\u2606lordbachus|I figured it out\n|j| Life's Hell\n|\n|t:|1699044165\n|start\n|switch|p1a: Pidgeot|Pidgeot, M|100\/100\n|switch|p2a: Mamoswine|Mamoswine, M|100\/100\n|turn|1\n|\n|t:|1699044182\n|detailschange|p1a: Pidgeot|Pidgeot-Mega, M\n|-mega|p1a: Pidgeot|Pidgeot|Pidgeotite\n|move|p1a: Pidgeot|U-turn|p2a: Mamoswine\n|-damage|p2a: Mamoswine|87\/100\n|\n|t:|1699044187\n|switch|p1a: Conkeldurr|Conkeldurr, M|100\/100|[from] U-turn\n|move|p2a: Mamoswine|Stealth Rock|p1a: Conkeldurr\n|-sidestart|p1: Buried_ground|move: Stealth Rock\n|\n|upkeep\n|turn|2\n|\n|t:|1699044198\n|switch|p2a: Leavanny|Leavanny, M|100\/100\n|move|p1a: Conkeldurr|Drain Punch|p2a: Leavanny\n|-resisted|p2a: Leavanny\n|-damage|p2a: Leavanny|69\/100\n|\n|upkeep\n|turn|3\n|\n|t:|1699044211\n|move|p2a: Leavanny|Knock Off|p1a: Conkeldurr\n|-resisted|p1a: Conkeldurr\n|-damage|p1a: Conkeldurr|89\/100\n|-enditem|p1a: Conkeldurr|Assault Vest|[from] move: Knock Off|[of] p2a: Leavanny\n|move|p1a: Conkeldurr|Fire Punch|p2a: Leavanny\n|-supereffective|p2a: Leavanny\n|-damage|p2a: Leavanny|0 fnt\n|faint|p2a: Leavanny\n|\n|upkeep\n|l| Life's Hell\n|\n|t:|1699044229\n|switch|p2a: Volcarona|Volcarona, M|100\/100\n|turn|4\n|\n|t:|1699044232\n|switch|p1a: Zygarde|Zygarde|100\/100\n|-damage|p1a: Zygarde|94\/100|[from] Stealth Rock\n|-ability|p1a: Zygarde|Aura Break\n|move|p2a: Volcarona|Will-O-Wisp|p1a: Zygarde|[miss]\n|-miss|p2a: Volcarona|p1a: Zygarde\n|\n|-heal|p1a: Zygarde|100\/100|[from] item: Leftovers\n|upkeep\n|turn|5\n|\n|t:|1699044245\n|move|p2a: Volcarona|Will-O-Wisp|p1a: Zygarde\n|-status|p1a: Zygarde|brn\n|move|p1a: Zygarde|Thousand Waves|p2a: Volcarona\n|-damage|p2a: Volcarona|87\/100\n|-activate|p2a: Volcarona|trapped\n|\n|-damage|p1a: Zygarde|94\/100 brn|[from] brn\n|upkeep\n|turn|6\n|\n|t:|1699044258\n|move|p2a: Volcarona|Will-O-Wisp|p1a: Zygarde\n|-fail|p1a: Zygarde|brn\n|move|p1a: Zygarde|Toxic|p2a: Volcarona\n|-status|p2a: Volcarona|tox\n|\n|-heal|p1a: Zygarde|100\/100 brn|[from] item: Leftovers\n|-damage|p2a: Volcarona|80\/100 tox|[from] psn\n|-damage|p1a: Zygarde|94\/100 brn|[from] brn\n|upkeep\n|turn|7\n|\n|t:|1699044272\n|move|p2a: Volcarona|Will-O-Wisp|p1a: Zygarde\n|-fail|p1a: Zygarde|brn\n|move|p1a: Zygarde|Rock Slide|p2a: Volcarona\n|-supereffective|p2a: Volcarona\n|-enditem|p2a: Volcarona|Charti Berry|[eat]\n|-enditem|p2a: Volcarona|Charti Berry|[weaken]\n|-damage|p2a: Volcarona|63\/100 tox\n|\n|-heal|p1a: Zygarde|100\/100 brn|[from] item: Leftovers\n|-damage|p2a: Volcarona|51\/100 tox|[from] psn\n|-damage|p1a: Zygarde|94\/100 brn|[from] brn\n|upkeep\n|turn|8\n|\n|t:|1699044285\n|move|p2a: Volcarona|Bug Buzz|p1a: Zygarde\n|-damage|p1a: Zygarde|62\/100 brn\n|move|p1a: Zygarde|Rock Slide|p2a: Volcarona\n|-supereffective|p2a: Volcarona\n|-damage|p2a: Volcarona|20\/100 tox\n|\n|-heal|p1a: Zygarde|68\/100 brn|[from] item: Leftovers\n|-damage|p2a: Volcarona|2\/100 tox|[from] psn\n|-damage|p1a: Zygarde|62\/100 brn|[from] brn\n|upkeep\n|turn|9\n|\n|t:|1699044299\n|move|p2a: Volcarona|Morning Sun|p2a: Volcarona\n|-heal|p2a: Volcarona|52\/100 tox\n|move|p1a: Zygarde|Thousand Waves|p2a: Volcarona\n|-damage|p2a: Volcarona|37\/100 tox\n|\n|-heal|p1a: Zygarde|68\/100 brn|[from] item: Leftovers\n|-damage|p2a: Volcarona|13\/100 tox|[from] psn\n|-damage|p1a: Zygarde|62\/100 brn|[from] brn\n|upkeep\n|turn|10\n|\n|t:|1699044311\n|move|p2a: Volcarona|Bug Buzz|p1a: Zygarde\n|-damage|p1a: Zygarde|31\/100 brn\n|move|p1a: Zygarde|Rock Slide|p2a: Volcarona\n|-supereffective|p2a: Volcarona\n|-damage|p2a: Volcarona|0 fnt\n|faint|p2a: Volcarona\n|\n|-heal|p1a: Zygarde|37\/100 brn|[from] item: Leftovers\n|-damage|p1a: Zygarde|31\/100 brn|[from] brn\n|upkeep\n|\n|t:|1699044313\n|switch|p2a: Suicune|Suicune|100\/100\n|-ability|p2a: Suicune|Pressure\n|turn|11\n|\n|t:|1699044334\n|move|p1a: Zygarde|Toxic|p2a: Suicune\n|-status|p2a: Suicune|tox\n|move|p2a: Suicune|Substitute|p2a: Suicune\n|-start|p2a: Suicune|Substitute\n|-damage|p2a: Suicune|75\/100 tox\n|\n|-heal|p1a: Zygarde|37\/100 brn|[from] item: Leftovers\n|-heal|p2a: Suicune|82\/100 tox|[from] item: Leftovers\n|-damage|p2a: Suicune|75\/100 tox|[from] psn\n|-damage|p1a: Zygarde|31\/100 brn|[from] brn\n|upkeep\n|turn|12\n|\n|t:|1699044346\n|move|p1a: Zygarde|Thousand Waves|p2a: Suicune\n|-activate|p2a: Suicune|move: Substitute|[damage]\n|move|p2a: Suicune|Calm Mind|p2a: Suicune\n|-boost|p2a: Suicune|spa|1\n|-boost|p2a: Suicune|spd|1\n|\n|-heal|p1a: Zygarde|37\/100 brn|[from] item: Leftovers\n|-heal|p2a: Suicune|82\/100 tox|[from] item: Leftovers\n|-damage|p2a: Suicune|69\/100 tox|[from] psn\n|-damage|p1a: Zygarde|31\/100 brn|[from] brn\n|upkeep\n|turn|13\n|\n|t:|1699044360\n|switch|p1a: Slowking|Slowking, F|100\/100\n|-damage|p1a: Slowking|88\/100|[from] Stealth Rock\n|move|p2a: Suicune|Scald|p1a: Slowking\n|-resisted|p1a: Slowking\n|-damage|p1a: Slowking|70\/100\n|\n|-heal|p2a: Suicune|75\/100 tox|[from] item: Leftovers\n|-damage|p2a: Suicune|57\/100 tox|[from] psn\n|upkeep\n|turn|14\n|\n|t:|1699044373\n|switch|p2a: Thundurus|Thundurus-Therian, M|100\/100\n|move|p1a: Slowking|Scald|p2a: Thundurus\n|-damage|p2a: Thundurus|47\/100\n|\n|upkeep\n|turn|15\n|\n|t:|1699044383\n|switch|p1a: Zygarde|Zygarde|31\/100 brn\n|-damage|p1a: Zygarde|25\/100 brn|[from] Stealth Rock\n|-ability|p1a: Zygarde|Aura Break\n|move|p2a: Thundurus|U-turn|p1a: Zygarde\n|-damage|p1a: Zygarde|9\/100 brn\n|\n|t:|1699044408\n|switch|p2a: Gallade|Gallade, M|100\/100|[from] U-turn\n|\n|-heal|p1a: Zygarde|15\/100 brn|[from] item: Leftovers\n|-damage|p1a: Zygarde|9\/100 brn|[from] brn\n|upkeep\n|turn|16\n|\n|t:|1699044436\n|detailschange|p2a: Gallade|Gallade-Mega, M\n|-mega|p2a: Gallade|Gallade|Galladite\n|move|p2a: Gallade|Agility|p2a: Gallade\n|-boost|p2a: Gallade|spe|2\n|move|p1a: Zygarde|Thousand Waves|p2a: Gallade\n|-damage|p2a: Gallade|79\/100\n|-activate|p2a: Gallade|trapped\n|\n|-heal|p1a: Zygarde|15\/100 brn|[from] item: Leftovers\n|-damage|p1a: Zygarde|9\/100 brn|[from] brn\n|upkeep\n|turn|17\n|\n|t:|1699044452\n|move|p2a: Gallade|Knock Off|p1a: Zygarde\n|-damage|p1a: Zygarde|0 fnt\n|-enditem|p1a: Zygarde|Leftovers|[from] move: Knock Off|[of] p2a: Gallade\n|faint|p1a: Zygarde\n|\n|upkeep\n|\n|t:|1699044459\n|switch|p1a: Aromatisse|Aromatisse, M|100\/100\n|-damage|p1a: Aromatisse|88\/100|[from] Stealth Rock\n|turn|18\n|\n|t:|1699044472\n|move|p2a: Gallade|Zen Headbutt|p1a: Aromatisse\n|-damage|p1a: Aromatisse|39\/100\n|cant|p1a: Aromatisse|flinch\n|\n|-heal|p1a: Aromatisse|46\/100|[from] item: Leftovers\n|upkeep\n|turn|19\n|c|\u2606Buried_ground|Not again\n|\n|t:|1699044489\n|move|p2a: Gallade|Zen Headbutt|p1a: Aromatisse\n|-damage|p1a: Aromatisse|0 fnt\n|faint|p1a: Aromatisse\n|\n|upkeep\n|\n|t:|1699044508\n|switch|p1a: Slowking|Slowking, F|100\/100\n|-damage|p1a: Slowking|88\/100|[from] Stealth Rock\n|turn|20\n|\n|t:|1699044513\n|move|p2a: Gallade|Knock Off|p1a: Slowking\n|-supereffective|p1a: Slowking\n|-damage|p1a: Slowking|12\/100\n|-enditem|p1a: Slowking|Tanga Berry|[from] move: Knock Off|[of] p2a: Gallade\n|move|p1a: Slowking|Trick Room|p1a: Slowking\n|-fieldstart|move: Trick Room|[of] p1a: Slowking\n|\n|upkeep\n|turn|21\n|\n|t:|1699044533\n|move|p1a: Slowking|Psychic|p2a: Gallade\n|-damage|p2a: Gallade|32\/100\n|move|p2a: Gallade|Close Combat|p1a: Slowking\n|-resisted|p1a: Slowking\n|-damage|p1a: Slowking|0 fnt\n|-unboost|p2a: Gallade|def|1\n|-unboost|p2a: Gallade|spd|1\n|faint|p1a: Slowking\n|\n|upkeep\n|l|\u2606Buried_ground\n|player|p1|\n|j|\u2606Buried_ground\n|player|p1|Buried_ground|101\n|\n|t:|1699044663\n|switch|p1a: Conkeldurr|Conkeldurr, M|89\/100\n|-damage|p1a: Conkeldurr|83\/100|[from] Stealth Rock\n|turn|22\n|\n|t:|1699044675\n|switch|p2a: Suicune|Suicune|57\/100 tox\n|-ability|p2a: Suicune|Pressure\n|move|p1a: Conkeldurr|Drain Punch|p2a: Suicune\n|-damage|p2a: Suicune|30\/100 tox\n|-heal|p1a: Conkeldurr|98\/100|[from] drain|[of] p2a: Suicune\n|\n|-heal|p2a: Suicune|36\/100 tox|[from] item: Leftovers\n|-damage|p2a: Suicune|30\/100 tox|[from] psn\n|upkeep\n|turn|23\n|\n|t:|1699044689\n|move|p2a: Suicune|Protect|p2a: Suicune\n|-singleturn|p2a: Suicune|Protect\n|move|p1a: Conkeldurr|Thunder Punch|p2a: Suicune\n|-activate|p2a: Suicune|move: Protect\n|\n|-heal|p2a: Suicune|36\/100 tox|[from] item: Leftovers\n|-damage|p2a: Suicune|24\/100 tox|[from] psn\n|upkeep\n|turn|24\n|\n|t:|1699044698\n|move|p1a: Conkeldurr|Drain Punch|p2a: Suicune\n|-damage|p2a: Suicune|0 fnt\n|-heal|p1a: Conkeldurr|100\/100|[from] drain|[of] p2a: Suicune\n|faint|p2a: Suicune\n|\n|-fieldend|move: Trick Room\n|upkeep\n|j| Andilius\n|\n|t:|1699044702\n|switch|p2a: Gallade|Gallade-Mega, M|32\/100\n|turn|25\n|\n|t:|1699044722\n|move|p2a: Gallade|Zen Headbutt|p1a: Conkeldurr\n|-supereffective|p1a: Conkeldurr\n|-damage|p1a: Conkeldurr|6\/100\n|move|p1a: Conkeldurr|Fire Punch|p2a: Gallade\n|-damage|p2a: Gallade|0 fnt\n|faint|p2a: Gallade\n|\n|upkeep\n|\n|t:|1699044737\n|switch|p2a: Thundurus|Thundurus-Therian, M|47\/100\n|turn|26\n|\n|t:|1699044744\n|move|p2a: Thundurus|Wild Charge|p1a: Conkeldurr\n|-damage|p1a: Conkeldurr|0 fnt\n|faint|p1a: Conkeldurr\n|-damage|p2a: Thundurus|46\/100|[from] Recoil\n|\n|upkeep\n|\n|t:|1699044758\n|switch|p1a: Zarude|Zarude|100\/100\n|-damage|p1a: Zarude|88\/100|[from] Stealth Rock\n|turn|27\n|\n|t:|1699044763\n|move|p2a: Thundurus|Wild Charge|p1a: Zarude\n|-resisted|p1a: Zarude\n|-damage|p1a: Zarude|69\/100\n|-damage|p2a: Thundurus|40\/100|[from] Recoil\n|move|p1a: Zarude|Rock Slide|p2a: Thundurus\n|-supereffective|p2a: Thundurus\n|-damage|p2a: Thundurus|0 fnt\n|faint|p2a: Thundurus\n|\n|upkeep\n|\n|t:|1699044766\n|switch|p2a: Mamoswine|Mamoswine, M|87\/100\n|turn|28\n|\n|t:|1699044776\n|move|p2a: Mamoswine|Ice Shard|p1a: Zarude\n|-supereffective|p1a: Zarude\n|-damage|p1a: Zarude|25\/100\n|move|p1a: Zarude|Close Combat|p2a: Mamoswine\n|-supereffective|p2a: Mamoswine\n|-damage|p2a: Mamoswine|2\/100\n|-unboost|p1a: Zarude|def|1\n|-unboost|p1a: Zarude|spd|1\n|\n|upkeep\n|turn|29\n|\n|t:|1699044785\n|move|p2a: Mamoswine|Ice Shard|p1a: Zarude\n|-supereffective|p1a: Zarude\n|-damage|p1a: Zarude|0 fnt\n|faint|p1a: Zarude\n|\n|upkeep\n|\n|t:|1699044791\n|switch|p1a: Pidgeot|Pidgeot-Mega, M|100\/100\n|-damage|p1a: Pidgeot|76\/100|[from] Stealth Rock\n|turn|30\n|\n|t:|1699044796\n|move|p2a: Mamoswine|Ice Shard|p1a: Pidgeot\n|-supereffective|p1a: Pidgeot\n|-damage|p1a: Pidgeot|13\/100\n|move|p1a: Pidgeot|Hurricane|p2a: Mamoswine\n|-damage|p2a: Mamoswine|0 fnt\n|faint|p2a: Mamoswine\n|\n|win|Buried_ground\n|c|\u2606lordbachus|Ggs\n|c|\u2606Buried_ground|Gg\n|j| Life's Hell\n|c|\u2606Buried_ground|Sorry for the wait internet was bad\n|l| Life's Hell\n|c|\u2606lordbachus|Its chill\n","uploadtime":1699044836,"views":58,"p1id":"buriedground","p2id":"lordbachus","formatid":"gen9nationaldexubers","rating":0,"private":0,"password":""}