{"id":"gen9nationaldexubers-1980554512","p1":"DracoAxel","p2":"s.daninja","format":"[Gen 9] National Dex Ubers","log":"|j|\u2606DracoAxel\n|j|\u2606s.daninja\n|t:|1698796736\n|gametype|singles\n|player|p1|DracoAxel|nate|\n|player|p2|s.daninja|cheryl|\n|teamsize|p1|6\n|teamsize|p2|6\n|gen|9\n|tier|[Gen 9] National Dex Ubers\n|rule|HP Percentage Mod: HP is shown in percentages\n|rule|Endless Battle Clause: Forcing endless battles is banned\n|rule|OHKO Clause: OHKO moves are banned\n|rule|Evasion Moves Clause: Evasion moves are banned\n|rule|Evasion Items Clause: Evasion items are banned\n|rule|Species Clause: Limit one of each Pok\u00e9mon\n|rule|Sleep Clause Mod: Limit one foe put to sleep\n|rule|Mega Rayquaza Clause: You cannot mega evolve Rayquaza\n|clearpoke\n|poke|p1|Torkoal, F|\n|poke|p1|Blaziken, M|\n|poke|p1|Skeledirge, F|\n|poke|p1|Rotom-Heat|\n|poke|p1|Venusaur, F|\n|poke|p1|Volcarona, M|\n|poke|p2|Pikachu, F|\n|poke|p2|Charizard, M|\n|poke|p2|Gyarados, M|\n|poke|p2|Persian, F|\n|poke|p2|Rhydon, M|\n|poke|p2|Dragonite, M|\n|teampreview\n|\n|t:|1698796756\n|start\n|switch|p1a: Torkoal|Torkoal, F|100\/100\n|switch|p2a: Horn|Rhydon, M|100\/100\n|-weather|SunnyDay|[from] ability: Drought|[of] p1a: Torkoal\n|turn|1\n|\n|t:|1698796764\n|move|p2a: Horn|Stealth Rock|p1a: Torkoal\n|-sidestart|p1: DracoAxel|move: Stealth Rock\n|move|p1a: Torkoal|Yawn|p2a: Horn\n|-start|p2a: Horn|move: Yawn|[of] p1a: Torkoal\n|\n|-weather|SunnyDay|[upkeep]\n|upkeep\n|turn|2\n|\n|t:|1698796771\n|switch|p2a: Raulita|Persian, F|100\/100\n|move|p1a: Torkoal|Rapid Spin|p2a: Raulita\n|-damage|p2a: Raulita|82\/100\n|-boost|p1a: Torkoal|spe|1\n|-sideend|p1: DracoAxel|Stealth Rock|[from] move: Rapid Spin|[of] p1a: Torkoal\n|\n|-weather|SunnyDay|[upkeep]\n|upkeep\n|turn|3\n|\n|t:|1698796776\n|move|p2a: Raulita|Fake Out|p1a: Torkoal\n|-damage|p1a: Torkoal|83\/100\n|cant|p1a: Torkoal|flinch\n|\n|-weather|SunnyDay|[upkeep]\n|upkeep\n|turn|4\n|\n|t:|1698796782\n|move|p2a: Raulita|Last Resort|p1a: Torkoal\n|-damage|p1a: Torkoal|38\/100\n|move|p1a: Torkoal|Overheat|p2a: Raulita\n|-damage|p2a: Raulita|0 fnt\n|-unboost|p1a: Torkoal|spa|2\n|-enditem|p1a: Torkoal|Eject Pack\n|faint|p2a: Raulita\n|\n|t:|1698796791\n|switch|p1a: Venusaur|Venusaur, F|100\/100\n|\n|-weather|SunnyDay|[upkeep]\n|upkeep\n|\n|t:|1698796801\n|switch|p2a: Lizardon|Charizard, M|100\/100\n|turn|5\n|\n|t:|1698796807\n|detailschange|p2a: Lizardon|Charizard-Mega-Y, M\n|-mega|p2a: Lizardon|Charizard|Charizardite Y\n|-terastallize|p1a: Venusaur|Fire\n|move|p1a: Venusaur|Leech Seed|p2a: Lizardon\n|-start|p2a: Lizardon|move: Leech Seed\n|move|p2a: Lizardon|Weather Ball|p1a: Venusaur\n|-resisted|p1a: Venusaur\n|-damage|p1a: Venusaur|53\/100\n|\n|-weather|none\n|-heal|p1a: Venusaur|59\/100|[from] item: Leftovers\n|-damage|p2a: Lizardon|88\/100|[from] Leech Seed|[of] p1a: Venusaur\n|-heal|p1a: Venusaur|71\/100|[silent]\n|upkeep\n|turn|6\n|\n|t:|1698796820\n|switch|p2a: Pikarla|Pikachu, F|100\/100\n|switch|p1a: Torkoal|Torkoal, F|38\/100\n|-weather|SunnyDay|[from] ability: Drought|[of] p1a: Torkoal\n|\n|-weather|SunnyDay|[upkeep]\n|upkeep\n|turn|7\n|\n|t:|1698796826\n|move|p2a: Pikarla|Fake Out|p1a: Torkoal\n|-damage|p1a: Torkoal|26\/100\n|cant|p1a: Torkoal|flinch\n|\n|-weather|SunnyDay|[upkeep]\n|upkeep\n|turn|8\n|\n|t:|1698796829\n|move|p2a: Pikarla|Volt Switch|p1a: Torkoal\n|-damage|p1a: Torkoal|4\/100\n|\n|t:|1698796834\n|switch|p2a: Onoragon|Dragonite, M|100\/100|[from] Volt Switch\n|move|p1a: Torkoal|Stealth Rock|p2a: Onoragon\n|-sidestart|p2: s.daninja|move: Stealth Rock\n|\n|-weather|SunnyDay|[upkeep]\n|upkeep\n|turn|9\n|\n|t:|1698796840\n|move|p2a: Onoragon|Dragon Claw|p1a: Torkoal\n|-damage|p1a: Torkoal|0 fnt\n|faint|p1a: Torkoal\n|\n|-weather|SunnyDay|[upkeep]\n|upkeep\n|\n|t:|1698796843\n|switch|p1a: Venusaur|Venusaur, F, tera:Fire|71\/100\n|turn|10\n|\n|t:|1698796852\n|move|p1a: Venusaur|Weather Ball|p2a: Onoragon\n|-resisted|p2a: Onoragon\n|-damage|p2a: Onoragon|83\/100\n|move|p2a: Onoragon|Earthquake|p1a: Venusaur\n|-supereffective|p1a: Venusaur\n|-damage|p1a: Venusaur|0 fnt\n|faint|p1a: Venusaur\n|\n|-weather|none\n|upkeep\n|\n|t:|1698796862\n|switch|p1a: Arnau|Rotom-Heat|100\/100\n|turn|11\n|\n|t:|1698796871\n|switch|p2a: Horn|Rhydon, M|100\/100\n|-damage|p2a: Horn|94\/100|[from] Stealth Rock\n|move|p1a: Arnau|Volt Switch|p2a: Horn\n|-immune|p2a: Horn\n|\n|upkeep\n|turn|12\n|\n|t:|1698796876\n|switch|p1a: Pou|Skeledirge, F|100\/100\n|move|p2a: Horn|Stealth Rock|p1a: Pou\n|-sidestart|p1: DracoAxel|move: Stealth Rock\n|\n|upkeep\n|turn|13\n|\n|t:|1698796883\n|move|p1a: Pou|Will-O-Wisp|p2a: Horn\n|-status|p2a: Horn|brn\n|move|p2a: Horn|Earthquake|p1a: Pou\n|-supereffective|p1a: Pou\n|-damage|p1a: Pou|71\/100\n|\n|-heal|p1a: Pou|77\/100|[from] item: Leftovers\n|-damage|p2a: Horn|88\/100 brn|[from] brn\n|upkeep\n|turn|14\n|\n|t:|1698796889\n|move|p1a: Pou|Torch Song|p2a: Horn\n|-resisted|p2a: Horn\n|-damage|p2a: Horn|73\/100 brn\n|-boost|p1a: Pou|spa|1\n|move|p2a: Horn|Dragon Tail|p1a: Pou\n|-damage|p1a: Pou|71\/100\n|drag|p1a: Blaziken|Blaziken, M|100\/100\n|-damage|p1a: Blaziken|88\/100|[from] Stealth Rock\n|\n|-damage|p2a: Horn|67\/100 brn|[from] brn\n|upkeep\n|turn|15\n|\n|t:|1698796897\n|detailschange|p1a: Blaziken|Blaziken-Mega, M\n|-mega|p1a: Blaziken|Blaziken|Blazikenite\n|move|p1a: Blaziken|Protect|p1a: Blaziken\n|-singleturn|p1a: Blaziken|Protect\n|move|p2a: Horn|Counter||[still]\n|-fail|p2a: Horn\n|\n|-damage|p2a: Horn|61\/100 brn|[from] brn\n|-ability|p1a: Blaziken|Speed Boost|boost\n|-boost|p1a: Blaziken|spe|1\n|upkeep\n|turn|16\n|\n|t:|1698796906\n|move|p1a: Blaziken|Close Combat|p2a: Horn\n|-supereffective|p2a: Horn\n|-damage|p2a: Horn|4\/100 brn\n|-unboost|p1a: Blaziken|def|1\n|-unboost|p1a: Blaziken|spd|1\n|move|p2a: Horn|Counter|p1a: Blaziken\n|-damage|p1a: Blaziken|0 fnt\n|faint|p1a: Blaziken\n|\n|-damage|p2a: Horn|0 fnt|[from] brn\n|faint|p2a: Horn\n|upkeep\n|\n|t:|1698796921\n|switch|p1a: Chescor|Volcarona, M|100\/100\n|switch|p2a: Pikarla|Pikachu, F|100\/100\n|-damage|p2a: Pikarla|88\/100|[from] Stealth Rock\n|turn|17\n|\n|t:|1698796928\n|move|p2a: Pikarla|Fake Out|p1a: Chescor\n|-damage|p1a: Chescor|73\/100\n|cant|p1a: Chescor|flinch\n|\n|upkeep\n|turn|18\n|\n|t:|1698796932\n|move|p1a: Chescor|Quiver Dance|p1a: Chescor\n|-boost|p1a: Chescor|spa|1\n|-boost|p1a: Chescor|spd|1\n|-boost|p1a: Chescor|spe|1\n|move|p2a: Pikarla|Knock Off|p1a: Chescor\n|-damage|p1a: Chescor|10\/100\n|-status|p2a: Pikarla|brn|[from] ability: Flame Body|[of] p1a: Chescor\n|-enditem|p1a: Chescor|Heavy-Duty Boots|[from] move: Knock Off|[of] p2a: Pikarla\n|\n|-damage|p2a: Pikarla|82\/100 brn|[from] brn\n|upkeep\n|turn|19\n|\n|t:|1698796941\n|move|p2a: Pikarla|Extreme Speed|p1a: Chescor\n|-damage|p1a: Chescor|0 fnt\n|faint|p1a: Chescor\n|\n|-damage|p2a: Pikarla|76\/100 brn|[from] brn\n|upkeep\n|\n|t:|1698796948\n|switch|p1a: Pou|Skeledirge, F|71\/100\n|-damage|p1a: Pou|46\/100|[from] Stealth Rock\n|turn|20\n|\n|t:|1698796952\n|move|p2a: Pikarla|Knock Off|p1a: Pou\n|-supereffective|p1a: Pou\n|-damage|p1a: Pou|17\/100\n|-enditem|p1a: Pou|Leftovers|[from] move: Knock Off|[of] p2a: Pikarla\n|move|p1a: Pou|Slack Off|p1a: Pou\n|-heal|p1a: Pou|67\/100\n|\n|-damage|p2a: Pikarla|70\/100 brn|[from] brn\n|upkeep\n|turn|21\n|\n|t:|1698796959\n|move|p2a: Pikarla|Volt Switch|p1a: Pou\n|-damage|p1a: Pou|46\/100\n|\n|t:|1698796962\n|switch|p2a: Outrage|Gyarados, M|100\/100|[from] Volt Switch\n|-damage|p2a: Outrage|76\/100|[from] Stealth Rock\n|move|p1a: Pou|Torch Song|p2a: Outrage\n|-resisted|p2a: Outrage\n|-damage|p2a: Outrage|60\/100\n|-boost|p1a: Pou|spa|1\n|\n|upkeep\n|turn|22\n|\n|t:|1698796970\n|move|p2a: Outrage|Waterfall|p1a: Pou\n|-supereffective|p1a: Pou\n|-damage|p1a: Pou|0 fnt\n|faint|p1a: Pou\n|-ability|p2a: Outrage|Moxie|boost\n|-boost|p2a: Outrage|atk|1\n|\n|upkeep\n|\n|t:|1698796973\n|switch|p1a: Arnau|Rotom-Heat|100\/100\n|-damage|p1a: Arnau|76\/100|[from] Stealth Rock\n|turn|23\n|\n|t:|1698796978\n|switch|p2a: Pikarla|Pikachu, F|70\/100 brn\n|-damage|p2a: Pikarla|57\/100 brn|[from] Stealth Rock\n|move|p1a: Arnau|Thunderbolt|p2a: Pikarla\n|-ability|p2a: Pikarla|Lightning Rod|boost\n|-boost|p2a: Pikarla|spa|1\n|\n|-damage|p2a: Pikarla|51\/100 brn|[from] brn\n|upkeep\n|turn|24\n|\n|t:|1698796985\n|move|p1a: Arnau|Thunderbolt|p2a: Pikarla\n|-ability|p2a: Pikarla|Lightning Rod|boost\n|-boost|p2a: Pikarla|spa|1\n|move|p2a: Pikarla|Volt Switch|p1a: Arnau\n|-resisted|p1a: Arnau\n|-damage|p1a: Arnau|43\/100\n|\n|t:|1698796992\n|switch|p2a: Onoragon|Dragonite, M|83\/100|[from] Volt Switch\n|\n|upkeep\n|turn|25\n|\n|t:|1698796997\n|move|p1a: Arnau|Thunderbolt|p2a: Onoragon\n|-damage|p2a: Onoragon|45\/100\n|move|p2a: Onoragon|Dragon Claw|p1a: Arnau\n|-damage|p1a: Arnau|0 fnt\n|faint|p1a: Arnau\n|\n|win|s.daninja\n|l|\u2606DracoAxel\n","uploadtime":1698797229,"views":6,"p1id":"dracoaxel","p2id":"sdaninja","formatid":"gen9nationaldexubers","rating":0,"private":0,"password":""}