{"id":"gen9nationaldexubers-1990026475","p1":"ToastTheDragon777","p2":"straightoutta14BC","format":"[Gen 9] National Dex Ubers","log":"|j|\u2606ToastTheDragon777\n|j|\u2606straightoutta14BC\n|inactive|Battle timer is ON: inactive players will automatically lose when time's up.\n|t:|1699916711\n|gametype|singles\n|player|p1|ToastTheDragon777|benga|\n|player|p2|straightoutta14BC|2|\n|teamsize|p1|6\n|teamsize|p2|6\n|gen|9\n|tier|[Gen 9] National Dex Ubers\n|rated|Tournament battle\n|rule|HP Percentage Mod: HP is shown in percentages\n|rule|Endless Battle Clause: Forcing endless battles is banned\n|rule|OHKO Clause: OHKO moves are banned\n|rule|Evasion Moves Clause: Evasion moves are banned\n|rule|Evasion Items Clause: Evasion items are banned\n|rule|Species Clause: Limit one of each Pok\u00e9mon\n|rule|Sleep Clause Mod: Limit one foe put to sleep\n|rule|Mega Rayquaza Clause: You cannot mega evolve Rayquaza\n|rule|Dynamax Clause: You cannot dynamax\n|rule|Terastal Clause: You cannot Terastallize\n|rule|Same Type Clause: Pok\u00e9mon in a team must share a type\n|clearpoke\n|poke|p1|Sneasler, M|\n|poke|p1|Blaziken, F|\n|poke|p1|Great Tusk|\n|poke|p1|Iron Valiant|\n|poke|p1|Kommo-o, M|\n|poke|p1|Zamazenta-*|\n|poke|p2|Klinklang|\n|poke|p2|Bronzong|\n|poke|p2|Mawile, F|\n|poke|p2|Melmetal|\n|poke|p2|Stakataka|\n|poke|p2|Ferrothorn, F|\n|teampreview\n|inactive|ToastTheDragon777 also wants the timer to be on.\n|inactive|straightoutta14BC has 120 seconds left.\n|\n|t:|1699916750\n|start\n|switch|p1a: Blaziken|Blaziken, F|100\/100\n|switch|p2a: Shenzhou|Klinklang|100\/100\n|turn|1\n|\n|t:|1699916778\n|move|p1a: Blaziken|High Jump Kick|p2a: Shenzhou\n|-supereffective|p2a: Shenzhou\n|-enditem|p2a: Shenzhou|Focus Sash\n|-damage|p2a: Shenzhou|1\/100\n|move|p2a: Shenzhou|Trick Room|p2a: Shenzhou\n|-fieldstart|move: Trick Room|[of] p2a: Shenzhou\n|\n|-ability|p1a: Blaziken|Speed Boost|boost\n|-boost|p1a: Blaziken|spe|1\n|upkeep\n|turn|2\n|\n|t:|1699916787\n|move|p1a: Blaziken|Protect|p1a: Blaziken\n|-singleturn|p1a: Blaziken|Protect\n|move|p2a: Shenzhou|Steel Beam|p1a: Blaziken\n|-activate|p1a: Blaziken|move: Protect\n|-damage|p2a: Shenzhou|0 fnt|[from] steelbeam\n|faint|p2a: Shenzhou\n|\n|-ability|p1a: Blaziken|Speed Boost|boost\n|-boost|p1a: Blaziken|spe|1\n|upkeep\n|inactive|straightoutta14BC has 120 seconds left.\n|inactive|straightoutta14BC has 90 seconds left.\n|\n|t:|1699916844\n|switch|p2a: Valentina|Mawile, F|100\/100\n|-ability|p2a: Valentina|Intimidate|boost\n|-unboost|p1a: Blaziken|atk|1\n|turn|3\n|inactive|straightoutta14BC has 90 seconds left.\n|\n|t:|1699916876\n|switch|p2a: Nova|Melmetal|100\/100\n|switch|p1a: Iron Valiant|Iron Valiant|100\/100\n|-enditem|p1a: Iron Valiant|Booster Energy\n|-activate|p1a: Iron Valiant|ability: Quark Drive|[fromitem]\n|-start|p1a: Iron Valiant|quarkdrivespe\n|\n|upkeep\n|turn|4\n|\n|t:|1699916888\n|move|p2a: Nova|Earthquake|p1a: Iron Valiant\n|-damage|p1a: Iron Valiant|26\/100\n|move|p1a: Iron Valiant|Aura Sphere|p2a: Nova\n|-supereffective|p2a: Nova\n|-damage|p2a: Nova|14\/100\n|\n|upkeep\n|turn|5\n|\n|t:|1699916893\n|move|p2a: Nova|Earthquake|p1a: Iron Valiant\n|-damage|p1a: Iron Valiant|0 fnt\n|faint|p1a: Iron Valiant\n|-end|p1a: Iron Valiant|Quark Drive|[silent]\n|\n|-fieldend|move: Trick Room\n|upkeep\n|\n|t:|1699916912\n|switch|p1a: Sneasler|Sneasler, M|100\/100\n|turn|6\n|\n|t:|1699916915\n|switch|p2a: Venera|Ferrothorn, F|100\/100\n|move|p1a: Sneasler|Fake Out|p2a: Venera\n|-enditem|p1a: Sneasler|Normal Gem|[from] gem\n|-resisted|p2a: Venera\n|-damage|p2a: Venera|93\/100\n|-damage|p1a: Sneasler|88\/100|[from] ability: Iron Barbs|[of] p2a: Venera\n|\n|-heal|p2a: Venera|99\/100|[from] item: Leftovers\n|upkeep\n|turn|7\n|inactive|straightoutta14BC has 90 seconds left.\n|\n|t:|1699916923\n|move|p1a: Sneasler|Close Combat|p2a: Venera\n|-supereffective|p2a: Venera\n|-damage|p2a: Venera|0 fnt\n|-unboost|p1a: Sneasler|def|1\n|-unboost|p1a: Sneasler|spd|1\n|-damage|p1a: Sneasler|76\/100|[from] ability: Iron Barbs|[of] p2a: Venera\n|faint|p2a: Venera\n|\n|upkeep\n|inactive|straightoutta14BC has 90 seconds left.\n|\n|t:|1699916931\n|switch|p2a: Echo|Bronzong|100\/100\n|turn|8\n|\n|t:|1699916934\n|move|p1a: Sneasler|Night Slash|p2a: Echo\n|-supereffective|p2a: Echo\n|-damage|p2a: Echo|55\/100\n|move|p2a: Echo|Trick Room|p2a: Echo\n|-fieldstart|move: Trick Room|[of] p2a: Echo\n|\n|upkeep\n|turn|9\n|\n|t:|1699916939\n|switch|p2a: Valentina|Mawile, F|100\/100\n|-ability|p2a: Valentina|Intimidate|boost\n|-unboost|p1a: Sneasler|atk|1\n|move|p1a: Sneasler|Night Slash|p2a: Valentina\n|-resisted|p2a: Valentina\n|-damage|p2a: Valentina|89\/100\n|\n|upkeep\n|turn|10\n|\n|t:|1699916945\n|detailschange|p2a: Valentina|Mawile-Mega, F\n|-mega|p2a: Valentina|Mawile|Mawilite\n|move|p2a: Valentina|Play Rough|p1a: Sneasler\n|-damage|p1a: Sneasler|0 fnt\n|faint|p1a: Sneasler\n|\n|upkeep\n|\n|t:|1699916952\n|switch|p1a: Zamazenta|Zamazenta-Crowned|100\/100\n|-ability|p1a: Zamazenta|Dauntless Shield|boost\n|-boost|p1a: Zamazenta|def|1\n|turn|11\n|\n|t:|1699916954\n|move|p2a: Valentina|Fire Fang|p1a: Zamazenta\n|-supereffective|p1a: Zamazenta\n|-damage|p1a: Zamazenta|62\/100\n|move|p1a: Zamazenta|Body Press|p2a: Valentina\n|-damage|p2a: Valentina|40\/100\n|\n|upkeep\n|turn|12\n|\n|t:|1699916962\n|move|p2a: Valentina|Fire Fang|p1a: Zamazenta\n|-supereffective|p1a: Zamazenta\n|-damage|p1a: Zamazenta|23\/100\n|move|p1a: Zamazenta|Body Press|p2a: Valentina\n|-damage|p2a: Valentina|0 fnt\n|faint|p2a: Valentina\n|\n|-fieldend|move: Trick Room\n|upkeep\n|\n|t:|1699916970\n|switch|p2a: ISS|Stakataka|100\/100\n|turn|13\n|\n|t:|1699916991\n|move|p1a: Zamazenta|Body Press|p2a: ISS\n|-supereffective|p2a: ISS\n|-damage|p2a: ISS|0 fnt\n|faint|p2a: ISS\n|\n|upkeep\n|c|\u2606straightoutta14BC|is there a way to beat this mon without crits\n|inactive|straightoutta14BC has 120 seconds left.\n|\n|t:|1699917017\n|switch|p2a: Echo|Bronzong|55\/100\n|turn|14\n|\n|t:|1699917033\n|move|p1a: Zamazenta|Body Press|p2a: Echo\n|-damage|p2a: Echo|15\/100\n|move|p2a: Echo|Trick Room|p2a: Echo\n|-fieldstart|move: Trick Room|[of] p2a: Echo\n|\n|upkeep\n|turn|15\n|\n|t:|1699917041\n|move|p2a: Echo|Gyro Ball|p1a: Zamazenta\n|-resisted|p1a: Zamazenta\n|-damage|p1a: Zamazenta|14\/100\n|move|p1a: Zamazenta|Rest|p1a: Zamazenta\n|-status|p1a: Zamazenta|slp|[from] move: Rest\n|-heal|p1a: Zamazenta|100\/100 slp|[silent]\n|\n|upkeep\n|turn|16\n|\n|t:|1699917046\n|switch|p2a: Nova|Melmetal|14\/100\n|cant|p1a: Zamazenta|slp\n|move|p1a: Zamazenta|Sleep Talk|p1a: Zamazenta\n|move|p1a: Zamazenta|Body Press|p2a: Nova|[from]move: Sleep Talk\n|-supereffective|p2a: Nova\n|-damage|p2a: Nova|0 fnt\n|faint|p2a: Nova\n|\n|upkeep\n|\n|t:|1699917049\n|switch|p2a: Echo|Bronzong|15\/100\n|turn|17\n|c|\u2606straightoutta14BC|gg\n|c|\u2606ToastTheDragon777|gg\n|\n|t:|1699917066\n|move|p2a: Echo|Gyro Ball|p1a: Zamazenta\n|-resisted|p1a: Zamazenta\n|-damage|p1a: Zamazenta|91\/100 slp\n|cant|p1a: Zamazenta|slp\n|move|p1a: Zamazenta|Sleep Talk|p1a: Zamazenta\n|move|p1a: Zamazenta|Rest||[from]move: Sleep Talk|[still]\n|-fail|p1a: Zamazenta\n|\n|upkeep\n|turn|18\n|\n|t:|1699917074\n|-curestatus|p1a: Zamazenta|slp|[msg]\n|move|p1a: Zamazenta|Body Press|p2a: Echo\n|-damage|p2a: Echo|0 fnt\n|faint|p2a: Echo\n|\n|win|ToastTheDragon777\n|n|\u2606ToastTheDragon777|toastthedragon777\n|n|\u2606straightoutta14BC|straightoutta14bc\n","uploadtime":1699917083,"views":7,"p1id":"toastthedragon777","p2id":"straightoutta14bc","formatid":"gen9nationaldexubers","rating":0,"private":0,"password":""}