{"id":"gen9nationaldexubers-1995892254","p1":"the power in me","p2":"i'madragontype","format":"[Gen 9] National Dex Ubers","log":"|j|\u2606the power in me\n|j|\u2606i'madragontype\n|t:|1700614310\n|gametype|singles\n|player|p1|the power in me|youngster|1045\n|player|p2|i'madragontype|iris|1029\n|teamsize|p1|6\n|teamsize|p2|6\n|gen|9\n|tier|[Gen 9] National Dex Ubers\n|rated|\n|rule|HP Percentage Mod: HP is shown in percentages\n|rule|Endless Battle Clause: Forcing endless battles is banned\n|rule|OHKO Clause: OHKO moves are banned\n|rule|Evasion Moves Clause: Evasion moves are banned\n|rule|Evasion Items Clause: Evasion items are banned\n|rule|Species Clause: Limit one of each Pok\u00e9mon\n|rule|Sleep Clause Mod: Limit one foe put to sleep\n|rule|Mega Rayquaza Clause: You cannot mega evolve Rayquaza\n|clearpoke\n|poke|p1|Pyukumuku, M|\n|poke|p1|Eiscue, F|\n|poke|p1|Slowbro-Galar, M|\n|poke|p1|Incineroar, F|\n|poke|p1|Corviknight, M|\n|poke|p1|Steelix, F|\n|poke|p2|Mimikyu, M|\n|poke|p2|Zoroark-Hisui, F|\n|poke|p2|Cursola, F|\n|poke|p2|Mismagius, F|\n|poke|p2|Gourgeist-*, F|\n|poke|p2|Ceruledge, M|\n|teampreview\n|inactive|Battle timer is ON: inactive players will automatically lose when time's up. (requested by the power in me)\n|c|\u2606the power in me|Glhf\n|\n|t:|1700614323\n|start\n|switch|p1a: Pyukumuku|Pyukumuku, M|100\/100\n|switch|p2a: witch|Mismagius, F|100\/100\n|turn|1\n|\n|t:|1700614338\n|move|p2a: witch|Destiny Bond|p2a: witch\n|-singlemove|p2a: witch|Destiny Bond\n|move|p1a: Pyukumuku|Toxic|p2a: witch\n|-status|p2a: witch|tox\n|\n|-damage|p2a: witch|94\/100 tox|[from] psn\n|upkeep\n|turn|2\n|\n|t:|1700614347\n|move|p2a: witch|Destiny Bond||[still]\n|-fail|p2a: witch\n|move|p1a: Pyukumuku|Soak|p2a: witch\n|-start|p2a: witch|typechange|Water\n|\n|-damage|p2a: witch|82\/100 tox|[from] psn\n|upkeep\n|turn|3\n|\n|t:|1700614359\n|move|p2a: witch|Ominous Wind|p1a: Pyukumuku\n|-damage|p1a: Pyukumuku|82\/100\n|move|p1a: Pyukumuku|Recover|p1a: Pyukumuku\n|-heal|p1a: Pyukumuku|100\/100\n|\n|-damage|p2a: witch|64\/100 tox|[from] psn\n|upkeep\n|turn|4\n|\n|t:|1700614370\n|switch|p2a: shaida|Gourgeist, F, shiny|100\/100\n|move|p1a: Pyukumuku|Recover||[still]\n|-fail|p1a: Pyukumuku|heal\n|\n|upkeep\n|turn|5\n|\n|t:|1700614386\n|-zpower|p2a: shaida\n|move|p2a: shaida|Bloom Doom|p1a: Pyukumuku|[zeffect]\n|-supereffective|p1a: Pyukumuku\n|-damage|p1a: Pyukumuku|0 fnt\n|faint|p1a: Pyukumuku\n|\n|upkeep\n|\n|t:|1700614393\n|switch|p1a: Incineroar|Incineroar, F|100\/100\n|-ability|p1a: Incineroar|Intimidate|boost\n|-unboost|p2a: shaida|atk|1\n|turn|6\n|\n|t:|1700614410\n|switch|p2a: disguise|Mimikyu, M, shiny|100\/100\n|move|p1a: Incineroar|Bulk Up|p1a: Incineroar\n|-boost|p1a: Incineroar|atk|1\n|-boost|p1a: Incineroar|def|1\n|\n|upkeep\n|turn|7\n|\n|t:|1700614419\n|move|p2a: disguise|Play Rough|p1a: Incineroar\n|-damage|p1a: Incineroar|68\/100\n|move|p1a: Incineroar|Flame Charge|p2a: disguise\n|-activate|p2a: disguise|ability: Disguise\n|-damage|p2a: disguise|100\/100\n|-boost|p1a: Incineroar|spe|1\n|detailschange|p2a: disguise|Mimikyu-Busted, M, shiny\n|-damage|p2a: disguise|88\/100|[from] pokemon: Mimikyu-Busted\n|\n|upkeep\n|turn|8\n|\n|t:|1700614435\n|move|p1a: Incineroar|Bulk Up|p1a: Incineroar\n|-boost|p1a: Incineroar|atk|1\n|-boost|p1a: Incineroar|def|1\n|move|p2a: disguise|Draining Kiss|p1a: Incineroar\n|-crit|p1a: Incineroar\n|-damage|p1a: Incineroar|52\/100\n|-heal|p2a: disguise|100\/100|[from] drain|[of] p1a: Incineroar\n|\n|upkeep\n|turn|9\n|\n|t:|1700614444\n|move|p1a: Incineroar|Flame Charge|p2a: disguise\n|-damage|p2a: disguise|28\/100\n|-boost|p1a: Incineroar|spe|1\n|move|p2a: disguise|Play Rough|p1a: Incineroar\n|-damage|p1a: Incineroar|27\/100\n|\n|upkeep\n|turn|10\n|\n|t:|1700614453\n|move|p1a: Incineroar|Flame Charge|p2a: disguise\n|-damage|p2a: disguise|0 fnt\n|-boost|p1a: Incineroar|spe|1\n|faint|p2a: disguise\n|\n|upkeep\n|\n|t:|1700614458\n|switch|p2a: spirit|Ceruledge, M|100\/100\n|turn|11\n|\n|t:|1700614465\n|-terastallize|p2a: spirit|Fire\n|move|p1a: Incineroar|Power Trip|p2a: spirit\n|-damage|p2a: spirit|0 fnt\n|faint|p2a: spirit\n|\n|upkeep\n|\n|t:|1700614480\n|switch|p2a: witch|Mismagius, F|100\/100\n|turn|12\n|\n|t:|1700614485\n|move|p1a: Incineroar|Power Trip|p2a: witch\n|-supereffective|p2a: witch\n|-enditem|p2a: witch|Focus Sash\n|-damage|p2a: witch|1\/100\n|replace|p2a: whisp|Zoroark-Hisui, F\n|-end|p2a: whisp|Illusion\n|move|p2a: whisp|Bitter Malice|p1a: Incineroar\n|-resisted|p1a: Incineroar\n|-damage|p1a: Incineroar|5\/100\n|-unboost|p1a: Incineroar|atk|1\n|\n|upkeep\n|turn|13\n|\n|t:|1700614500\n|move|p1a: Incineroar|Flame Charge|p2a: whisp\n|-damage|p2a: whisp|0 fnt\n|-boost|p1a: Incineroar|spe|1\n|faint|p2a: whisp\n|\n|upkeep\n|\n|t:|1700614507\n|switch|p2a: decay|Cursola, F, shiny|100\/100\n|turn|14\n|\n|t:|1700614514\n|move|p1a: Incineroar|Power Trip|p2a: decay\n|-supereffective|p2a: decay\n|-damage|p2a: decay|0 fnt\n|-ability|p2a: decay|Perish Body\n|faint|p2a: decay\n|\n|-start|p1a: Incineroar|perish3\n|upkeep\n|\n|t:|1700614522\n|switch|p2a: witch|Mismagius, F|64\/100 tox\n|turn|15\n|c|\u2606the power in me|gg\n|c|\u2606i'madragontype|go to hell\n|\n|t:|1700614534\n|move|p1a: Incineroar|Power Trip|p2a: witch\n|-supereffective|p2a: witch\n|-damage|p2a: witch|0 fnt\n|faint|p2a: witch\n|\n|-start|p1a: Incineroar|perish2\n|upkeep\n|\n|t:|1700614541\n|switch|p2a: shaida|Gourgeist, F, shiny|100\/100\n|turn|16\n|\n|t:|1700614552\n|move|p1a: Incineroar|Power Trip|p2a: shaida\n|-supereffective|p2a: shaida\n|-damage|p2a: shaida|0 fnt\n|faint|p2a: shaida\n|\n|win|the power in me\n|raw|the power in me's rating: 1045 &rarr; <strong>1077<\/strong><br \/>(+32 for winning)\n|raw|i&apos;madragontype's rating: 1029 &rarr; <strong>1015<\/strong><br \/>(-14 for losing)\n|j| Dreamy_ooh\n|j| diemond35472\n|l|\u2606i'madragontype\n|j| UnovaNative\n|l| UnovaNative\n|c| diemond35472|friendliest low ladder ndubers match\n|l| diemond35472\n|c|\u2606the power in me|True\n|l|\u2606the power in me\n|j| diemond35472\n|l| diemond35472\n|j|\u2606the power in me\n|player|p1|the power in me|youngster\n","uploadtime":1700614984,"views":0,"p1id":"thepowerinme","p2id":"imadragontype","formatid":"gen9nationaldexubers","rating":1015,"private":0,"password":""}