{"id":"gen9nationaldexubers-1991373431","p1":"Uncle_MG","p2":"NewBreathOfDurian","format":"[Gen 9] National Dex Ubers","log":"|j|\u2606Uncle_MG\n|j|\u2606NewBreathOfDurian\n|t:|1700071733\n|gametype|singles\n|player|p1|Uncle_MG|barry|1167\n|player|p2|NewBreathOfDurian|roughneck|1134\n|teamsize|p1|6\n|teamsize|p2|6\n|gen|9\n|tier|[Gen 9] National Dex Ubers\n|rated|\n|rule|HP Percentage Mod: HP is shown in percentages\n|rule|Endless Battle Clause: Forcing endless battles is banned\n|rule|OHKO Clause: OHKO moves are banned\n|rule|Evasion Moves Clause: Evasion moves are banned\n|rule|Evasion Items Clause: Evasion items are banned\n|rule|Species Clause: Limit one of each Pok\u00e9mon\n|rule|Sleep Clause Mod: Limit one foe put to sleep\n|rule|Mega Rayquaza Clause: You cannot mega evolve Rayquaza\n|clearpoke\n|poke|p1|Smeargle, M|\n|poke|p1|Ferrothorn, M|\n|poke|p1|Sableye, M|\n|poke|p1|Clefable, F|\n|poke|p1|Ho-Oh|\n|poke|p1|Quagsire, F|\n|poke|p2|Arcanine-Hisui, F|\n|poke|p2|Flutter Mane|\n|poke|p2|Calyrex-Ice|\n|poke|p2|Samurott-Hisui, M|\n|poke|p2|Eternatus|\n|poke|p2|Zapdos-Galar|\n|teampreview\n|\n|t:|1700071740\n|start\n|switch|p1a: Sketchy|Smeargle, M|100\/100\n|switch|p2a: Calyrex|Calyrex-Ice|100\/100\n|-ability|p2a: Calyrex|As One\n|-ability|p2a: Calyrex|Unnerve\n|turn|1\n|inactive|Battle timer is ON: inactive players will automatically lose when time's up. (requested by Uncle_MG)\n|c|\u2606Uncle_MG|gl hf\n|\n|t:|1700071752\n|move|p1a: Sketchy|Toxic Spikes|p2a: Calyrex\n|-sidestart|p2: NewBreathOfDurian|move: Toxic Spikes\n|move|p2a: Calyrex|Agility|p2a: Calyrex\n|-boost|p2a: Calyrex|spe|2\n|\n|upkeep\n|turn|2\n|c|\u2606NewBreathOfDurian|You too\n|\n|t:|1700071762\n|move|p2a: Calyrex|Glacial Lance|p1a: Sketchy\n|-damage|p1a: Sketchy|0 fnt\n|faint|p1a: Sketchy\n|-ability|p2a: Calyrex|Chilling Neigh|boost\n|-boost|p2a: Calyrex|atk|1\n|\n|upkeep\n|\n|t:|1700071768\n|switch|p1a: Skeegy|Clefable, F|100\/100\n|turn|3\n|\n|t:|1700071772\n|move|p2a: Calyrex|Glacial Lance|p1a: Skeegy\n|-damage|p1a: Skeegy|5\/100\n|move|p1a: Skeegy|Moonblast|p2a: Calyrex\n|-crit|p2a: Calyrex\n|-damage|p2a: Calyrex|61\/100\n|\n|-heal|p2a: Calyrex|67\/100|[from] item: Leftovers\n|-heal|p1a: Skeegy|11\/100|[from] item: Leftovers\n|upkeep\n|turn|4\n|\n|t:|1700071783\n|move|p1a: Skeegy|Protect|p1a: Skeegy\n|-singleturn|p1a: Skeegy|Protect\n|move|p2a: Calyrex|Iron Defense|p2a: Calyrex\n|-boost|p2a: Calyrex|def|2\n|\n|-heal|p2a: Calyrex|73\/100|[from] item: Leftovers\n|-heal|p1a: Skeegy|17\/100|[from] item: Leftovers\n|upkeep\n|turn|5\n|\n|t:|1700071792\n|move|p2a: Calyrex|Iron Defense|p2a: Calyrex\n|-boost|p2a: Calyrex|def|2\n|move|p1a: Skeegy|Wish|p1a: Skeegy\n|\n|-heal|p2a: Calyrex|79\/100|[from] item: Leftovers\n|-heal|p1a: Skeegy|23\/100|[from] item: Leftovers\n|upkeep\n|turn|6\n|\n|t:|1700071809\n|move|p1a: Skeegy|Protect|p1a: Skeegy\n|-singleturn|p1a: Skeegy|Protect\n|move|p2a: Calyrex|Glacial Lance|p1a: Skeegy\n|-activate|p1a: Skeegy|move: Protect\n|\n|-heal|p1a: Skeegy|73\/100|[from] move: Wish|[wisher] Skeegy\n|-heal|p2a: Calyrex|86\/100|[from] item: Leftovers\n|-heal|p1a: Skeegy|79\/100|[from] item: Leftovers\n|upkeep\n|turn|7\n|\n|t:|1700071821\n|move|p2a: Calyrex|Agility|p2a: Calyrex\n|-boost|p2a: Calyrex|spe|2\n|move|p1a: Skeegy|Moonblast|p2a: Calyrex\n|-damage|p2a: Calyrex|61\/100\n|-unboost|p2a: Calyrex|spa|1\n|\n|-heal|p2a: Calyrex|67\/100|[from] item: Leftovers\n|-heal|p1a: Skeegy|86\/100|[from] item: Leftovers\n|upkeep\n|turn|8\n|\n|t:|1700071842\n|-terastallize|p1a: Skeegy|Steel\n|move|p2a: Calyrex|Glacial Lance|p1a: Skeegy\n|-resisted|p1a: Skeegy\n|-damage|p1a: Skeegy|41\/100\n|move|p1a: Skeegy|Wish|p1a: Skeegy\n|\n|-heal|p2a: Calyrex|73\/100|[from] item: Leftovers\n|-heal|p1a: Skeegy|47\/100|[from] item: Leftovers\n|upkeep\n|turn|9\n|\n|t:|1700071855\n|-terastallize|p2a: Calyrex|Water\n|move|p1a: Skeegy|Protect|p1a: Skeegy\n|-singleturn|p1a: Skeegy|Protect\n|move|p2a: Calyrex|Swords Dance|p2a: Calyrex\n|-boost|p2a: Calyrex|atk|2\n|\n|-heal|p1a: Skeegy|97\/100|[from] move: Wish|[wisher] Skeegy\n|-heal|p2a: Calyrex|79\/100|[from] item: Leftovers\n|-heal|p1a: Skeegy|100\/100|[from] item: Leftovers\n|upkeep\n|turn|10\n|\n|t:|1700071868\n|move|p2a: Calyrex|Agility|p2a: Calyrex\n|-boost|p2a: Calyrex|spe|2\n|move|p1a: Skeegy|Moonblast|p2a: Calyrex\n|-damage|p2a: Calyrex|56\/100\n|-unboost|p2a: Calyrex|spa|1\n|\n|-heal|p2a: Calyrex|62\/100|[from] item: Leftovers\n|upkeep\n|turn|11\n|\n|t:|1700071879\n|move|p2a: Calyrex|Iron Defense|p2a: Calyrex\n|-boost|p2a: Calyrex|def|2\n|move|p1a: Skeegy|Moonblast|p2a: Calyrex\n|-damage|p2a: Calyrex|38\/100\n|-unboost|p2a: Calyrex|spa|1\n|\n|-heal|p2a: Calyrex|44\/100|[from] item: Leftovers\n|upkeep\n|turn|12\n|\n|t:|1700071890\n|move|p2a: Calyrex|Glacial Lance|p1a: Skeegy\n|-resisted|p1a: Skeegy\n|-damage|p1a: Skeegy|55\/100\n|move|p1a: Skeegy|Moonblast|p2a: Calyrex\n|-damage|p2a: Calyrex|20\/100\n|\n|-heal|p2a: Calyrex|26\/100|[from] item: Leftovers\n|-heal|p1a: Skeegy|61\/100|[from] item: Leftovers\n|upkeep\n|turn|13\n|\n|t:|1700071900\n|move|p2a: Calyrex|Agility|p2a: Calyrex\n|-boost|p2a: Calyrex|spe|0\n|move|p1a: Skeegy|Wish|p1a: Skeegy\n|\n|-heal|p2a: Calyrex|32\/100|[from] item: Leftovers\n|-heal|p1a: Skeegy|68\/100|[from] item: Leftovers\n|upkeep\n|turn|14\n|\n|t:|1700071911\n|switch|p2a: Zapdos|Zapdos-Galar|100\/100\n|move|p1a: Skeegy|Moonblast|p2a: Zapdos\n|-supereffective|p2a: Zapdos\n|-damage|p2a: Zapdos|25\/100\n|-unboost|p2a: Zapdos|spa|1\n|-ability|p2a: Zapdos|Defiant|boost\n|-boost|p2a: Zapdos|atk|2\n|\n|-heal|p1a: Skeegy|100\/100|[from] move: Wish|[wisher] Skeegy\n|upkeep\n|turn|15\n|\n|t:|1700071924\n|switch|p1a: Skrunky|Sableye, M|100\/100\n|-zpower|p2a: Zapdos\n|move|p2a: Zapdos|All-Out Pummeling|p1a: Skrunky|[zeffect]\n|-immune|p1a: Skrunky\n|\n|upkeep\n|turn|16\n|\n|t:|1700071937\n|detailschange|p1a: Skrunky|Sableye-Mega, M\n|-mega|p1a: Skrunky|Sableye|Sablenite\n|move|p2a: Zapdos|U-turn|p1a: Skrunky\n|-damage|p1a: Skrunky|59\/100\n|\n|t:|1700071941\n|switch|p2a: Calyrex|Calyrex-Ice, tera:Water|32\/100|[from] U-turn\n|-ability|p2a: Calyrex|As One\n|-ability|p2a: Calyrex|Unnerve\n|-status|p2a: Calyrex|psn\n|move|p1a: Skrunky|Toxic||[still]\n|-fail|p1a: Skrunky\n|\n|-heal|p2a: Calyrex|39\/100 psn|[from] item: Leftovers\n|-damage|p2a: Calyrex|26\/100 psn|[from] psn\n|upkeep\n|turn|17\n|\n|t:|1700071957\n|switch|p1a: Skeegy|Clefable, F, tera:Steel|100\/100\n|move|p2a: Calyrex|Glacial Lance|p1a: Skeegy\n|-resisted|p1a: Skeegy\n|-damage|p1a: Skeegy|55\/100\n|\n|-heal|p2a: Calyrex|32\/100 psn|[from] item: Leftovers\n|-heal|p1a: Skeegy|61\/100|[from] item: Leftovers\n|-damage|p2a: Calyrex|20\/100 psn|[from] psn\n|upkeep\n|turn|18\n|\n|t:|1700071970\n|switch|p2a: Arcanine|Arcanine-Hisui, F|100\/100\n|-status|p2a: Arcanine|psn\n|move|p1a: Skeegy|Wish|p1a: Skeegy\n|\n|-heal|p1a: Skeegy|68\/100|[from] item: Leftovers\n|-damage|p2a: Arcanine|88\/100 psn|[from] psn\n|upkeep\n|turn|19\n|\n|t:|1700071980\n|switch|p1a: Spiky|Ferrothorn, M|100\/100\n|move|p2a: Arcanine|Flare Blitz|p1a: Spiky\n|-supereffective|p1a: Spiky\n|-damage|p1a: Spiky|0 fnt\n|-damage|p2a: Arcanine|76\/100 psn|[from] ability: Iron Barbs|[of] p1a: Spiky\n|faint|p1a: Spiky\n|\n|-damage|p2a: Arcanine|63\/100 psn|[from] psn\n|upkeep\n|\n|t:|1700071990\n|switch|p1a: Soppy|Quagsire, F|100\/100\n|turn|20\n|\n|t:|1700071996\n|switch|p2a: Calyrex|Calyrex-Ice, tera:Water|20\/100 psn\n|-ability|p2a: Calyrex|As One\n|-ability|p2a: Calyrex|Unnerve\n|move|p1a: Soppy|Stealth Rock|p2a: Calyrex\n|-sidestart|p2: NewBreathOfDurian|move: Stealth Rock\n|\n|-heal|p2a: Calyrex|26\/100 psn|[from] item: Leftovers\n|-damage|p2a: Calyrex|14\/100 psn|[from] psn\n|upkeep\n|turn|21\n|\n|t:|1700072008\n|switch|p1a: Skeegy|Clefable, F, tera:Steel|68\/100\n|move|p2a: Calyrex|Glacial Lance|p1a: Skeegy\n|-resisted|p1a: Skeegy\n|-damage|p1a: Skeegy|23\/100\n|\n|-heal|p2a: Calyrex|20\/100 psn|[from] item: Leftovers\n|-heal|p1a: Skeegy|29\/100|[from] item: Leftovers\n|-damage|p2a: Calyrex|8\/100 psn|[from] psn\n|upkeep\n|turn|22\n|\n|t:|1700072020\n|switch|p2a: Samurott|Samurott-Hisui, M, shiny|100\/100\n|-status|p2a: Samurott|psn\n|-damage|p2a: Samurott|88\/100 psn|[from] Stealth Rock\n|move|p1a: Skeegy|Protect||[still]\n|-fail|p1a: Skeegy\n|\n|-heal|p1a: Skeegy|36\/100|[from] item: Leftovers\n|-damage|p2a: Samurott|76\/100 psn|[from] psn\n|upkeep\n|turn|23\n|\n|t:|1700072033\n|switch|p1a: Soppy|Quagsire, F|100\/100\n|move|p2a: Samurott|Sacred Sword|p1a: Soppy\n|-damage|p1a: Soppy|67\/100\n|\n|-heal|p1a: Soppy|73\/100|[from] item: Leftovers\n|-damage|p2a: Samurott|63\/100 psn|[from] psn\n|upkeep\n|turn|24\n|\n|t:|1700072044\n|move|p2a: Samurott|Ceaseless Edge|p1a: Soppy\n|-damage|p1a: Soppy|33\/100\n|-sidestart|p1: Uncle_MG|Spikes\n|move|p1a: Soppy|Scald|p2a: Samurott\n|-resisted|p2a: Samurott\n|-damage|p2a: Samurott|49\/100 psn\n|\n|-heal|p1a: Soppy|39\/100|[from] item: Leftovers\n|-damage|p2a: Samurott|37\/100 psn|[from] psn\n|upkeep\n|turn|25\n|\n|t:|1700072062\n|move|p2a: Samurott|Ceaseless Edge|p1a: Soppy\n|-damage|p1a: Soppy|0 fnt\n|-sidestart|p1: Uncle_MG|Spikes\n|faint|p1a: Soppy\n|\n|-damage|p2a: Samurott|24\/100 psn|[from] psn\n|upkeep\n|\n|t:|1700072068\n|switch|p1a: Skrunky|Sableye-Mega, M|59\/100\n|-damage|p1a: Skrunky|42\/100|[from] Spikes\n|turn|26\n|\n|t:|1700072076\n|move|p2a: Samurott|Drill Run|p1a: Skrunky\n|-damage|p1a: Skrunky|21\/100\n|move|p1a: Skrunky|Recover|p1a: Skrunky\n|-heal|p1a: Skrunky|71\/100\n|\n|-damage|p2a: Samurott|12\/100 psn|[from] psn\n|upkeep\n|turn|27\n|\n|t:|1700072084\n|move|p2a: Samurott|Aqua Cutter|p1a: Skrunky\n|-damage|p1a: Skrunky|30\/100\n|move|p1a: Skrunky|Recover|p1a: Skrunky\n|-heal|p1a: Skrunky|80\/100\n|\n|-damage|p2a: Samurott|0 fnt|[from] psn\n|faint|p2a: Samurott\n|upkeep\n|\n|t:|1700072093\n|switch|p2a: Eternatus|Eternatus|100\/100\n|-sideend|p2: NewBreathOfDurian|move: Toxic Spikes|[of] p2a: Eternatus\n|-damage|p2a: Eternatus|88\/100|[from] Stealth Rock\n|-ability|p2a: Eternatus|Pressure\n|turn|28\n|\n|t:|1700072104\n|move|p2a: Eternatus|Dynamax Cannon|p1a: Skrunky\n|-damage|p1a: Skrunky|20\/100\n|move|p1a: Skrunky|Will-O-Wisp|p2a: Eternatus\n|-status|p2a: Eternatus|brn\n|\n|-damage|p2a: Eternatus|82\/100 brn|[from] brn\n|upkeep\n|turn|29\n|\n|t:|1700072114\n|switch|p1a: Skeegy|Clefable, F, tera:Steel|36\/100\n|-damage|p1a: Skeegy|19\/100|[from] Spikes\n|move|p2a: Eternatus|Dynamax Cannon|p1a: Skeegy\n|-resisted|p1a: Skeegy\n|-crit|p1a: Skeegy\n|-damage|p1a: Skeegy|0 fnt\n|faint|p1a: Skeegy\n|\n|-damage|p2a: Eternatus|76\/100 brn|[from] brn\n|upkeep\n|\n|t:|1700072123\n|switch|p1a: Scorchy|Ho-Oh|100\/100\n|turn|30\n|\n|t:|1700072129\n|move|p2a: Eternatus|Dragon Dance|p2a: Eternatus\n|-boost|p2a: Eternatus|atk|1\n|-boost|p2a: Eternatus|spe|1\n|move|p1a: Scorchy|Brave Bird|p2a: Eternatus\n|-damage|p2a: Eternatus|32\/100 brn\n|-damage|p1a: Scorchy|86\/100|[from] Recoil\n|\n|-damage|p2a: Eternatus|25\/100 brn|[from] brn\n|upkeep\n|turn|31\n|\n|t:|1700072142\n|move|p2a: Eternatus|Dynamax Cannon|p1a: Scorchy\n|-damage|p1a: Scorchy|51\/100\n|move|p1a: Scorchy|Sacred Fire|p2a: Eternatus\n|-resisted|p2a: Eternatus\n|-damage|p2a: Eternatus|5\/100 brn\n|\n|-damage|p2a: Eternatus|0 fnt|[from] brn\n|faint|p2a: Eternatus\n|upkeep\n|\n|t:|1700072152\n|switch|p2a: Flutter Mane|Flutter Mane, shiny|100\/100\n|-damage|p2a: Flutter Mane|88\/100|[from] Stealth Rock\n|turn|32\n|\n|t:|1700072159\n|move|p2a: Flutter Mane|Moonblast|p1a: Scorchy\n|-resisted|p1a: Scorchy\n|-damage|p1a: Scorchy|38\/100\n|-unboost|p1a: Scorchy|spa|1\n|move|p1a: Scorchy|Toxic|p2a: Flutter Mane\n|-status|p2a: Flutter Mane|tox\n|\n|-damage|p2a: Flutter Mane|82\/100 tox|[from] psn\n|upkeep\n|turn|33\n|\n|t:|1700072173\n|move|p2a: Flutter Mane|Perish Song|p2a: Flutter Mane\n|-start|p1a: Scorchy|perish3|[silent]\n|-start|p2a: Flutter Mane|perish3|[silent]\n|-fieldactivate|move: Perish Song\n|move|p1a: Scorchy|Recover|p1a: Scorchy\n|-heal|p1a: Scorchy|88\/100\n|\n|-damage|p2a: Flutter Mane|70\/100 tox|[from] psn\n|-start|p2a: Flutter Mane|perish3\n|-start|p1a: Scorchy|perish3\n|upkeep\n|turn|34\n|\n|t:|1700072184\n|-end|p2a: Flutter Mane|Protosynthesis|[silent]\n|switch|p2a: Arcanine|Arcanine-Hisui, F|63\/100 psn\n|-damage|p2a: Arcanine|39\/100 psn|[from] Stealth Rock\n|move|p1a: Scorchy|Sacred Fire|p2a: Arcanine\n|-resisted|p2a: Arcanine\n|-damage|p2a: Arcanine|26\/100 psn\n|\n|-damage|p2a: Arcanine|14\/100 psn|[from] psn\n|-start|p1a: Scorchy|perish2\n|upkeep\n|turn|35\n|\n|t:|1700072198\n|switch|p1a: Skrunky|Sableye-Mega, M|20\/100\n|-damage|p1a: Skrunky|3\/100|[from] Spikes\n|move|p2a: Arcanine|Double-Edge|p1a: Skrunky\n|-immune|p1a: Skrunky\n|\n|-damage|p2a: Arcanine|1\/100 psn|[from] psn\n|upkeep\n|turn|36\n|\n|t:|1700072209\n|move|p2a: Arcanine|Head Smash|p1a: Skrunky\n|-damage|p1a: Skrunky|0 fnt\n|faint|p1a: Skrunky\n|\n|-damage|p2a: Arcanine|0 fnt|[from] psn\n|faint|p2a: Arcanine\n|upkeep\n|\n|t:|1700072217\n|switch|p2a: Flutter Mane|Flutter Mane, shiny|70\/100 tox\n|switch|p1a: Scorchy|Ho-Oh|100\/100\n|-damage|p2a: Flutter Mane|58\/100 tox|[from] Stealth Rock\n|turn|37\n|\n|t:|1700072226\n|move|p2a: Flutter Mane|Dazzling Gleam|p1a: Scorchy\n|-resisted|p1a: Scorchy\n|-damage|p1a: Scorchy|90\/100\n|move|p1a: Scorchy|Brave Bird|p2a: Flutter Mane\n|-damage|p2a: Flutter Mane|0 fnt\n|faint|p2a: Flutter Mane\n|-end|p2a: Flutter Mane|Protosynthesis|[silent]\n|-damage|p1a: Scorchy|78\/100|[from] Recoil\n|\n|upkeep\n|\n|t:|1700072236\n|switch|p2a: Zapdos|Zapdos-Galar|25\/100\n|-damage|p2a: Zapdos|13\/100|[from] Stealth Rock\n|turn|38\n|\n|t:|1700072242\n|move|p2a: Zapdos|Thunderous Kick|p1a: Scorchy\n|-resisted|p1a: Scorchy\n|-damage|p1a: Scorchy|58\/100\n|-unboost|p1a: Scorchy|def|1\n|move|p1a: Scorchy|Brave Bird|p2a: Zapdos\n|-supereffective|p2a: Zapdos\n|-damage|p2a: Zapdos|0 fnt\n|faint|p2a: Zapdos\n|-damage|p1a: Scorchy|55\/100|[from] Recoil\n|\n|upkeep\n|c|\u2606NewBreathOfDurian|Gg\n|\n|t:|1700072255\n|switch|p2a: Calyrex|Calyrex-Ice, tera:Water|8\/100 psn\n|-ability|p2a: Calyrex|As One\n|-ability|p2a: Calyrex|Unnerve\n|-damage|p2a: Calyrex|0 fnt|[from] Stealth Rock\n|faint|p2a: Calyrex\n|\n|win|Uncle_MG\n|raw|Uncle_MG's rating: 1167 &rarr; <strong>1190<\/strong><br \/>(+23 for winning)\n|raw|NewBreathOfDurian's rating: 1134 &rarr; <strong>1111<\/strong><br \/>(-23 for losing)\n|c|\u2606Uncle_MG|gg!\n","uploadtime":1700072267,"views":37,"p1id":"unclemg","p2id":"newbreathofdurian","formatid":"gen9nationaldexubers","rating":1111,"private":0,"password":""}