{"id":"gen9nationaldexubers-1988849848","p1":"ANinjaDude","p2":"AlolanSandslashOU","format":"[Gen 9] National Dex Ubers","log":"|j|\u2606ANinjaDude\n|j|\u2606AlolanSandslashOU\n|t:|1699773492\n|gametype|singles\n|player|p1|ANinjaDude|volkner|\n|player|p2|AlolanSandslashOU|volkner|\n|teamsize|p1|6\n|teamsize|p2|6\n|gen|9\n|tier|[Gen 9] National Dex Ubers\n|rule|HP Percentage Mod: HP is shown in percentages\n|rule|Endless Battle Clause: Forcing endless battles is banned\n|rule|OHKO Clause: OHKO moves are banned\n|rule|Evasion Moves Clause: Evasion moves are banned\n|rule|Evasion Items Clause: Evasion items are banned\n|rule|Species Clause: Limit one of each Pok\u00e9mon\n|rule|Sleep Clause Mod: Limit one foe put to sleep\n|rule|Mega Rayquaza Clause: You cannot mega evolve Rayquaza\n|clearpoke\n|poke|p1|Ribombee, M|\n|poke|p1|Urshifu-*, M|\n|poke|p1|Ogerpon-Wellspring, F|\n|poke|p1|Greninja-*, M|\n|poke|p1|Landorus-Therian, M|\n|poke|p1|Iron Valiant|\n|poke|p2|Arctozolt|\n|poke|p2|Ninetales-Alola, M|\n|poke|p2|Weavile, M|\n|poke|p2|Heatran, F|\n|poke|p2|Baxcalibur, F|\n|poke|p2|Sandslash-Alola, F|\n|teampreview\n|inactive|Battle timer is ON: inactive players will automatically lose when time's up. (requested by ANinjaDude)\n|c|\u2606ANinjaDude|glhf\n|c|\u2606ANinjaDude|i see an alolan sandslash\n|c|\u2606ANinjaDude|and a heatran\n|\n|t:|1699773515\n|start\n|switch|p1a: Landorus|Landorus-Therian, M|100\/100\n|switch|p2a: Sandslash|Sandslash-Alola, F|100\/100\n|-ability|p1a: Landorus|Intimidate|boost\n|-unboost|p2a: Sandslash|atk|1\n|turn|1\n|c|\u2606ANinjaDude|intriguing\n|\n|t:|1699773521\n|move|p1a: Landorus|Stealth Rock|p2a: Sandslash\n|-sidestart|p2: AlolanSandslashOU|move: Stealth Rock\n|move|p2a: Sandslash|Rapid Spin|p1a: Landorus\n|-damage|p1a: Landorus|89\/100\n|-boost|p2a: Sandslash|spe|1\n|-sideend|p2: AlolanSandslashOU|Stealth Rock|[from] move: Rapid Spin|[of] p2a: Sandslash\n|\n|upkeep\n|turn|2\n|\n|t:|1699773529\n|move|p2a: Sandslash|Triple Axel|p1a: Landorus\n|-supereffective|p1a: Landorus\n|-damage|p1a: Landorus|62\/100\n|-supereffective|p1a: Landorus\n|-damage|p1a: Landorus|8\/100\n|-supereffective|p1a: Landorus\n|-damage|p1a: Landorus|0 fnt\n|faint|p1a: Landorus\n|-hitcount|p1: Landorus|3\n|\n|upkeep\n|\n|t:|1699773534\n|switch|p1a: Iron Valiant|Iron Valiant|100\/100\n|-enditem|p1a: Iron Valiant|Booster Energy\n|-activate|p1a: Iron Valiant|ability: Quark Drive|[fromitem]\n|-start|p1a: Iron Valiant|quarkdrivespe\n|turn|3\n|\n|t:|1699773539\n|switch|p2a: Ninetales|Ninetales-Alola, M|100\/100\n|-weather|Snow|[from] ability: Snow Warning|[of] p2a: Ninetales\n|-terastallize|p1a: Iron Valiant|Steel\n|move|p1a: Iron Valiant|Encore||[still]\n|-fail|p1a: Iron Valiant\n|\n|-weather|Snow|[upkeep]\n|upkeep\n|turn|4\n|\n|t:|1699773548\n|move|p1a: Iron Valiant|Calm Mind|p1a: Iron Valiant\n|-boost|p1a: Iron Valiant|spa|1\n|-boost|p1a: Iron Valiant|spd|1\n|move|p2a: Ninetales|Encore|p1a: Iron Valiant\n|-start|p1a: Iron Valiant|Encore\n|\n|-weather|Snow|[upkeep]\n|upkeep\n|turn|5\n|\n|t:|1699773551\n|move|p1a: Iron Valiant|Calm Mind|p1a: Iron Valiant\n|-boost|p1a: Iron Valiant|spa|1\n|-boost|p1a: Iron Valiant|spd|1\n|move|p2a: Ninetales|Aurora Veil|p2a: Ninetales\n|-sidestart|p2: AlolanSandslashOU|move: Aurora Veil\n|\n|-weather|Snow|[upkeep]\n|upkeep\n|turn|6\n|\n|t:|1699773556\n|switch|p2a: Arctozolt|Arctozolt|100\/100\n|move|p1a: Iron Valiant|Calm Mind|p1a: Iron Valiant\n|-boost|p1a: Iron Valiant|spa|1\n|-boost|p1a: Iron Valiant|spd|1\n|\n|-weather|Snow|[upkeep]\n|upkeep\n|turn|7\n|\n|t:|1699773560\n|move|p1a: Iron Valiant|Calm Mind|p1a: Iron Valiant\n|-boost|p1a: Iron Valiant|spa|1\n|-boost|p1a: Iron Valiant|spd|1\n|move|p2a: Arctozolt|Bolt Beak|p1a: Iron Valiant\n|-damage|p1a: Iron Valiant|48\/100\n|\n|-weather|none\n|-end|p1a: Iron Valiant|Encore\n|upkeep\n|turn|8\n|\n|t:|1699773564\n|move|p1a: Iron Valiant|Vacuum Wave|p2a: Arctozolt\n|-supereffective|p2a: Arctozolt\n|-damage|p2a: Arctozolt|15\/100\n|move|p2a: Arctozolt|Bolt Beak|p1a: Iron Valiant\n|-damage|p1a: Iron Valiant|0 fnt\n|faint|p1a: Iron Valiant\n|-end|p1a: Iron Valiant|Quark Drive|[silent]\n|\n|upkeep\n|c|\u2606ANinjaDude|i lived\n|\n|t:|1699773571\n|switch|p1a: Ribombee|Ribombee, M|100\/100\n|turn|9\n|\n|t:|1699773577\n|switch|p2a: Sandslash|Sandslash-Alola, F|100\/100\n|move|p1a: Ribombee|Moonblast|p2a: Sandslash\n|-resisted|p2a: Sandslash\n|-damage|p2a: Sandslash|76\/100\n|\n|upkeep\n|turn|10\n|\n|t:|1699773582\n|switch|p1a: Ogerpon|Ogerpon-Wellspring, F|100\/100\n|move|p2a: Sandslash|Rapid Spin|p1a: Ogerpon\n|-damage|p1a: Ogerpon|83\/100\n|-boost|p2a: Sandslash|spe|1\n|\n|upkeep\n|turn|11\n|\n|t:|1699773585\n|move|p2a: Sandslash|Swords Dance|p2a: Sandslash\n|-boost|p2a: Sandslash|atk|2\n|move|p1a: Ogerpon|Ivy Cudgel|p2a: Sandslash\n|-damage|p2a: Sandslash|48\/100\n|\n|upkeep\n|turn|12\n|\n|t:|1699773592\n|move|p2a: Sandslash|Triple Axel|p1a: Ogerpon\n|-damage|p1a: Ogerpon|58\/100\n|-damage|p1a: Ogerpon|14\/100\n|-damage|p1a: Ogerpon|0 fnt\n|faint|p1a: Ogerpon\n|-hitcount|p1: Ogerpon|3\n|\n|-sideend|p2: AlolanSandslashOU|move: Aurora Veil\n|upkeep\n|\n|t:|1699773597\n|switch|p1a: Urshifu|Urshifu, M|100\/100\n|turn|13\n|\n|t:|1699773606\n|move|p1a: Urshifu|Close Combat|p2a: Sandslash\n|-supereffective|p2a: Sandslash\n|-damage|p2a: Sandslash|0 fnt\n|-unboost|p1a: Urshifu|def|1\n|-unboost|p1a: Urshifu|spd|1\n|faint|p2a: Sandslash\n|\n|upkeep\n|\n|t:|1699773611\n|switch|p2a: Ninetales|Ninetales-Alola, M|100\/100\n|-weather|Snow|[from] ability: Snow Warning|[of] p2a: Ninetales\n|turn|14\n|\n|t:|1699773614\n|move|p1a: Urshifu|Close Combat|p2a: Ninetales\n|-crit|p2a: Ninetales\n|-damage|p2a: Ninetales|17\/100\n|-unboost|p1a: Urshifu|def|1\n|-unboost|p1a: Urshifu|spd|1\n|move|p2a: Ninetales|Aurora Veil|p2a: Ninetales\n|-sidestart|p2: AlolanSandslashOU|move: Aurora Veil\n|\n|-weather|Snow|[upkeep]\n|upkeep\n|turn|15\n|\n|t:|1699773618\n|move|p1a: Urshifu|Close Combat|p2a: Ninetales\n|-damage|p2a: Ninetales|0 fnt\n|-unboost|p1a: Urshifu|def|1\n|-unboost|p1a: Urshifu|spd|1\n|faint|p2a: Ninetales\n|\n|-weather|Snow|[upkeep]\n|upkeep\n|\n|t:|1699773619\n|switch|p2a: Baxcalibur|Baxcalibur, F|100\/100\n|turn|16\n|\n|t:|1699773626\n|-terastallize|p2a: Baxcalibur|Fairy\n|move|p1a: Urshifu|Close Combat|p2a: Baxcalibur\n|-resisted|p2a: Baxcalibur\n|-damage|p2a: Baxcalibur|86\/100\n|-unboost|p1a: Urshifu|def|1\n|-unboost|p1a: Urshifu|spd|1\n|move|p2a: Baxcalibur|Swords Dance|p2a: Baxcalibur\n|-boost|p2a: Baxcalibur|atk|2\n|\n|-weather|Snow|[upkeep]\n|upkeep\n|turn|17\n|\n|t:|1699773631\n|switch|p1a: Ribombee|Ribombee, M|100\/100\n|move|p2a: Baxcalibur|Scale Shot|p1a: Ribombee\n|-immune|p1a: Ribombee\n|\n|-weather|Snow|[upkeep]\n|upkeep\n|turn|18\n|\n|t:|1699773634\n|move|p1a: Ribombee|Moonblast|p2a: Baxcalibur\n|-damage|p2a: Baxcalibur|55\/100\n|-unboost|p2a: Baxcalibur|spa|1\n|move|p2a: Baxcalibur|Icicle Spear|p1a: Ribombee\n|-damage|p1a: Ribombee|40\/100\n|-damage|p1a: Ribombee|0 fnt\n|faint|p1a: Ribombee\n|-hitcount|p1: Ribombee|2\n|\n|-weather|none\n|upkeep\n|\n|t:|1699773650\n|switch|p1a: Urshifu|Urshifu, M|100\/100\n|turn|19\n|\n|t:|1699773653\n|move|p1a: Urshifu|Poison Jab|p2a: Baxcalibur\n|-supereffective|p2a: Baxcalibur\n|-damage|p2a: Baxcalibur|32\/100\n|move|p2a: Baxcalibur|Scale Shot|p1a: Urshifu\n|-damage|p1a: Urshifu|73\/100\n|-damage|p1a: Urshifu|43\/100\n|-damage|p1a: Urshifu|13\/100\n|-crit|p1a: Urshifu\n|-damage|p1a: Urshifu|0 fnt\n|faint|p1a: Urshifu\n|-hitcount|p1: Urshifu|4\n|-unboost|p2a: Baxcalibur|def|1\n|-boost|p2a: Baxcalibur|spe|1\n|\n|upkeep\n|\n|t:|1699773658\n|switch|p1a: Greninja|Greninja, M|100\/100\n|turn|20\n|\n|t:|1699773662\n|move|p2a: Baxcalibur|Scale Shot|p1a: Greninja\n|-damage|p1a: Greninja|51\/100\n|-damage|p1a: Greninja|6\/100\n|-damage|p1a: Greninja|0 fnt\n|faint|p1a: Greninja\n|-hitcount|p1: Greninja|3\n|\n|win|AlolanSandslashOU\n|c|\u2606ANinjaDude|ggs\n|c|\u2606AlolanSandslashOU|Gg\n|c|\u2606AlolanSandslashOU|6hr cd\n","uploadtime":1699773678,"views":5,"p1id":"aninjadude","p2id":"alolansandslashou","formatid":"gen9nationaldexubers","rating":0,"private":0,"password":""}