{"id":"gen9nationaldexubers-1986143923","p1":"Black_Wicked","p2":"7s Recruit","format":"[Gen 9] National Dex Ubers","log":"|j|\u2606Black_Wicked\n|j|\u26067s Recruit\n|t:|1699454387\n|gametype|singles\n|player|p1|Black_Wicked|ghetsis|\n|player|p2|7s Recruit|ethan|\n|teamsize|p1|6\n|teamsize|p2|6\n|gen|9\n|tier|[Gen 9] National Dex Ubers\n|rule|HP Percentage Mod: HP is shown in percentages\n|rule|Endless Battle Clause: Forcing endless battles is banned\n|rule|OHKO Clause: OHKO moves are banned\n|rule|Evasion Moves Clause: Evasion moves are banned\n|rule|Evasion Items Clause: Evasion items are banned\n|rule|Species Clause: Limit one of each Pok\u00e9mon\n|rule|Sleep Clause Mod: Limit one foe put to sleep\n|rule|Mega Rayquaza Clause: You cannot mega evolve Rayquaza\n|clearpoke\n|poke|p1|Swampert, M|\n|poke|p1|Pelipper, F|\n|poke|p1|Zebstrika, F|\n|poke|p1|Heatran, M|\n|poke|p1|Araquanid, F|\n|poke|p1|Wyrdeer, F|\n|poke|p2|Alakazam, M|\n|poke|p2|Mimikyu, M|\n|poke|p2|Tapu Lele|\n|poke|p2|Garchomp, M|\n|poke|p2|Rotom-Wash|\n|poke|p2|Umbreon, M|\n|teampreview\n|inactive|Battle timer is ON: inactive players will automatically lose when time's up. (requested by Black_Wicked)\n|\n|t:|1699454400\n|start\n|switch|p1a: Araquanid|Araquanid, F|100\/100\n|switch|p2a: Rampage|Garchomp, M|100\/100\n|turn|1\n|\n|t:|1699454409\n|switch|p2a: Nerd|Rotom-Wash|100\/100\n|move|p1a: Araquanid|Sticky Web|p2a: Nerd\n|-sidestart|p2: 7s Recruit|move: Sticky Web\n|\n|upkeep\n|turn|2\n|\n|t:|1699454417\n|move|p2a: Nerd|Will-O-Wisp|p1a: Araquanid\n|-immune|p1a: Araquanid|[from] ability: Water Bubble\n|move|p1a: Araquanid|Skitter Smack|p2a: Nerd\n|-damage|p2a: Nerd|74\/100\n|-unboost|p2a: Nerd|spa|1\n|\n|-heal|p2a: Nerd|80\/100|[from] item: Leftovers\n|upkeep\n|turn|3\n|\n|t:|1699454428\n|move|p2a: Nerd|Defog|p1a: Araquanid\n|-unboost|p1a: Araquanid|evasion|1\n|-sideend|p2: 7s Recruit|Sticky Web|[from] move: Defog|[of] p2a: Nerd\n|move|p1a: Araquanid|Liquidation|p2a: Nerd\n|-resisted|p2a: Nerd\n|-damage|p2a: Nerd|48\/100\n|\n|-heal|p2a: Nerd|54\/100|[from] item: Leftovers\n|upkeep\n|turn|4\n|\n|t:|1699454438\n|move|p2a: Nerd|Volt Switch|p1a: Araquanid\n|-supereffective|p1a: Araquanid\n|-damage|p1a: Araquanid|74\/100\n|\n|t:|1699454444\n|switch|p2a: Terrina|Tapu Lele|100\/100|[from] Volt Switch\n|-fieldstart|move: Psychic Terrain|[from] ability: Psychic Surge|[of] p2a: Terrina\n|move|p1a: Araquanid|Sticky Web|p2a: Terrina\n|-sidestart|p2: 7s Recruit|move: Sticky Web\n|\n|upkeep\n|turn|5\n|\n|t:|1699454452\n|move|p2a: Terrina|Psychic|p1a: Araquanid\n|-damage|p1a: Araquanid|25\/100\n|-unboost|p1a: Araquanid|spd|1\n|move|p1a: Araquanid|Mirror Coat|p2a: Terrina\n|-damage|p2a: Terrina|4\/100\n|\n|upkeep\n|turn|6\n|\n|t:|1699454460\n|move|p2a: Terrina|Psychic|p1a: Araquanid\n|-damage|p1a: Araquanid|0 fnt\n|faint|p1a: Araquanid\n|\n|upkeep\n|\n|t:|1699454471\n|switch|p1a: Wyrdeer|Wyrdeer, F|100\/100\n|turn|7\n|\n|t:|1699454481\n|switch|p2a: Nerd|Rotom-Wash|54\/100\n|move|p1a: Wyrdeer|Agility|p1a: Wyrdeer\n|-boost|p1a: Wyrdeer|spe|2\n|\n|-heal|p2a: Nerd|61\/100|[from] item: Leftovers\n|upkeep\n|turn|8\n|\n|t:|1699454491\n|move|p1a: Wyrdeer|Psyshield Bash|p2a: Nerd\n|-damage|p2a: Nerd|11\/100\n|-boost|p1a: Wyrdeer|def|1\n|move|p2a: Nerd|Defog|p1a: Wyrdeer\n|-unboost|p1a: Wyrdeer|evasion|1\n|-sideend|p2: 7s Recruit|Sticky Web|[from] move: Defog|[of] p2a: Nerd\n|-fieldend|move: Psychic Terrain\n|\n|-heal|p2a: Nerd|18\/100|[from] item: Leftovers\n|upkeep\n|turn|9\n|\n|t:|1699454502\n|move|p1a: Wyrdeer|Psyshield Bash|p2a: Nerd\n|-damage|p2a: Nerd|0 fnt\n|-boost|p1a: Wyrdeer|def|1\n|faint|p2a: Nerd\n|\n|upkeep\n|\n|t:|1699454509\n|switch|p2a: Lezoure|Mimikyu, M|100\/100\n|turn|10\n|\n|t:|1699454514\n|move|p1a: Wyrdeer|Psyshield Bash|p2a: Lezoure\n|-activate|p2a: Lezoure|ability: Disguise\n|-damage|p2a: Lezoure|100\/100\n|-boost|p1a: Wyrdeer|def|1\n|detailschange|p2a: Lezoure|Mimikyu-Busted, M\n|-damage|p2a: Lezoure|88\/100|[from] pokemon: Mimikyu-Busted\n|-zpower|p2a: Lezoure\n|move|p2a: Lezoure|Never-Ending Nightmare|p1a: Wyrdeer|[zeffect]\n|-immune|p1a: Wyrdeer\n|\n|upkeep\n|turn|11\n|c|\u26067s Recruit|I forget that was normal part\n|inactive|7s Recruit has 270 seconds left.\n|\n|t:|1699454547\n|move|p1a: Wyrdeer|Psyshield Bash|p2a: Lezoure\n|-damage|p2a: Lezoure|34\/100\n|-boost|p1a: Wyrdeer|def|1\n|move|p2a: Lezoure|Play Rough|p1a: Wyrdeer\n|-damage|p1a: Wyrdeer|83\/100\n|\n|-heal|p1a: Wyrdeer|89\/100|[from] item: Leftovers\n|upkeep\n|turn|12\n|inactive|7s Recruit has 270 seconds left.\n|\n|t:|1699454561\n|move|p1a: Wyrdeer|Psyshield Bash|p2a: Lezoure\n|-damage|p2a: Lezoure|0 fnt\n|-boost|p1a: Wyrdeer|def|1\n|faint|p2a: Lezoure\n|\n|-heal|p1a: Wyrdeer|95\/100|[from] item: Leftovers\n|upkeep\n|inactive|7s Recruit has 270 seconds left.\n|\n|t:|1699454572\n|switch|p2a: Neuro|Alakazam, M|100\/100\n|turn|13\n|inactive|7s Recruit has 270 seconds left.\n|\n|t:|1699454578\n|detailschange|p2a: Neuro|Alakazam-Mega, M\n|-mega|p2a: Neuro|Alakazam|Alakazite\n|-ability|p2a: Neuro|Sap Sipper|[from] ability: Trace|[of] p1a: Wyrdeer\n|move|p1a: Wyrdeer|Body Slam|p2a: Neuro\n|-damage|p2a: Neuro|18\/100\n|move|p2a: Neuro|Dazzling Gleam|p1a: Wyrdeer\n|-damage|p1a: Wyrdeer|54\/100\n|\n|-heal|p1a: Wyrdeer|60\/100|[from] item: Leftovers\n|upkeep\n|turn|14\n|inactive|7s Recruit has 270 seconds left.\n|\n|t:|1699454592\n|move|p1a: Wyrdeer|Body Slam|p2a: Neuro\n|-damage|p2a: Neuro|0 fnt\n|faint|p2a: Neuro\n|\n|-heal|p1a: Wyrdeer|66\/100|[from] item: Leftovers\n|upkeep\n|inactive|7s Recruit has 270 seconds left.\n|\n|t:|1699454599\n|switch|p2a: Rampage|Garchomp, M|100\/100\n|turn|15\n|\n|t:|1699454608\n|move|p1a: Wyrdeer|Psyshield Bash|p2a: Rampage\n|-damage|p2a: Rampage|67\/100\n|-boost|p1a: Wyrdeer|def|1\n|-damage|p1a: Wyrdeer|53\/100|[from] ability: Rough Skin|[of] p2a: Rampage\n|move|p2a: Rampage|Earthquake|p1a: Wyrdeer\n|-damage|p1a: Wyrdeer|36\/100\n|\n|-heal|p1a: Wyrdeer|42\/100|[from] item: Leftovers\n|upkeep\n|turn|16\n|\n|t:|1699454620\n|move|p1a: Wyrdeer|Psyshield Bash|p2a: Rampage\n|-damage|p2a: Rampage|33\/100\n|-damage|p1a: Wyrdeer|29\/100|[from] ability: Rough Skin|[of] p2a: Rampage\n|move|p2a: Rampage|Earthquake|p1a: Wyrdeer\n|-damage|p1a: Wyrdeer|13\/100\n|\n|-heal|p1a: Wyrdeer|19\/100|[from] item: Leftovers\n|upkeep\n|turn|17\n|\n|t:|1699454630\n|move|p1a: Wyrdeer|Psyshield Bash|p2a: Rampage\n|-damage|p2a: Rampage|0 fnt\n|-damage|p1a: Wyrdeer|7\/100|[from] ability: Rough Skin|[of] p2a: Rampage\n|faint|p2a: Rampage\n|\n|-heal|p1a: Wyrdeer|13\/100|[from] item: Leftovers\n|upkeep\n|\n|t:|1699454639\n|switch|p2a: Caretaker Jr.|Umbreon, M|100\/100\n|turn|18\n|\n|t:|1699454644\n|move|p1a: Wyrdeer|Body Slam|p2a: Caretaker Jr.\n|-damage|p2a: Caretaker Jr.|78\/100\n|move|p2a: Caretaker Jr.|Foul Play|p1a: Wyrdeer\n|-supereffective|p1a: Wyrdeer\n|-damage|p1a: Wyrdeer|0 fnt\n|faint|p1a: Wyrdeer\n|\n|-heal|p2a: Caretaker Jr.|84\/100|[from] item: Leftovers\n|upkeep\n|\n|t:|1699454655\n|switch|p1a: Heatran|Heatran, M|100\/100\n|-item|p1a: Heatran|Air Balloon\n|turn|19\n|\n|t:|1699454661\n|move|p1a: Heatran|Magma Storm|p2a: Caretaker Jr.\n|-damage|p2a: Caretaker Jr.|45\/100\n|-activate|p2a: Caretaker Jr.|move: Magma Storm|[of] p1a: Heatran\n|move|p2a: Caretaker Jr.|Foul Play|p1a: Heatran\n|-damage|p1a: Heatran|78\/100\n|-enditem|p1a: Heatran|Air Balloon\n|\n|-heal|p2a: Caretaker Jr.|51\/100|[from] item: Leftovers\n|-damage|p2a: Caretaker Jr.|38\/100|[from] move: Magma Storm|[partiallytrapped]\n|upkeep\n|turn|20\n|\n|t:|1699454673\n|move|p1a: Heatran|Magma Storm|p2a: Caretaker Jr.\n|-damage|p2a: Caretaker Jr.|0 fnt\n|faint|p2a: Caretaker Jr.\n|\n|upkeep\n|\n|t:|1699454679\n|switch|p2a: Terrina|Tapu Lele|4\/100\n|-fieldstart|move: Psychic Terrain|[from] ability: Psychic Surge|[of] p2a: Terrina\n|turn|21\n|\n|t:|1699454684\n|move|p2a: Terrina|Psychic|p1a: Heatran\n|-resisted|p1a: Heatran\n|-damage|p1a: Heatran|48\/100\n|move|p1a: Heatran|Magma Storm|p2a: Terrina\n|-damage|p2a: Terrina|0 fnt\n|faint|p2a: Terrina\n|\n|win|Black_Wicked\n","uploadtime":1699454688,"views":18,"p1id":"blackwicked","p2id":"7srecruit","formatid":"gen9nationaldexubers","rating":0,"private":0,"password":""}