{"id":"gen9nationaldexubers-1990929504","p1":"Red HGSS 2023","p2":"Rovvan!","format":"[Gen 9] National Dex Ubers","log":"|j|\u2606Red HGSS 2023\n|j|\u2606Rovvan!\n|t:|1700016299\n|gametype|singles\n|player|p1|Red HGSS 2023|lucas|1093\n|player|p2|Rovvan!|shadowtriad|1190\n|teamsize|p1|6\n|teamsize|p2|6\n|gen|9\n|tier|[Gen 9] National Dex Ubers\n|rated|\n|rule|HP Percentage Mod: HP is shown in percentages\n|rule|Endless Battle Clause: Forcing endless battles is banned\n|rule|OHKO Clause: OHKO moves are banned\n|rule|Evasion Moves Clause: Evasion moves are banned\n|rule|Evasion Items Clause: Evasion items are banned\n|rule|Species Clause: Limit one of each Pok\u00e9mon\n|rule|Sleep Clause Mod: Limit one foe put to sleep\n|rule|Mega Rayquaza Clause: You cannot mega evolve Rayquaza\n|clearpoke\n|poke|p1|Pikachu, F|\n|poke|p1|Venusaur, M|\n|poke|p1|Charizard, M|\n|poke|p1|Blastoise, M|\n|poke|p1|Snorlax, M|\n|poke|p1|Kingambit, M|\n|poke|p2|Palafin, M|\n|poke|p2|Iron Bundle|\n|poke|p2|Cinderace, M|\n|poke|p2|Kleavor, M|\n|poke|p2|Arboliva, F|\n|poke|p2|Togekiss, F|\n|teampreview\n|\n|t:|1700016302\n|start\n|switch|p1a: Pikachu|Pikachu, F|100\/100\n|switch|p2a: Kleavor|Kleavor, M|100\/100\n|turn|1\n|\n|t:|1700016305\n|move|p2a: Kleavor|Stone Axe|p1a: Pikachu\n|-damage|p1a: Pikachu|0 fnt\n|-sidestart|p1: Red HGSS 2023|move: Stealth Rock\n|faint|p1a: Pikachu\n|\n|upkeep\n|\n|t:|1700016308\n|switch|p1a: Blastoise|Blastoise, M|100\/100\n|-damage|p1a: Blastoise|88\/100|[from] Stealth Rock\n|turn|2\n|\n|t:|1700016319\n|switch|p2a: Iron Bundle|Iron Bundle|100\/100\n|move|p1a: Blastoise|Shell Smash|p1a: Blastoise\n|-unboost|p1a: Blastoise|def|1\n|-unboost|p1a: Blastoise|spd|1\n|-boost|p1a: Blastoise|atk|2\n|-boost|p1a: Blastoise|spa|2\n|-boost|p1a: Blastoise|spe|2\n|-enditem|p1a: Blastoise|White Herb\n|-clearnegativeboost|p1a: Blastoise|[silent]\n|\n|upkeep\n|turn|3\n|\n|t:|1700016325\n|move|p1a: Blastoise|Aura Sphere|p2a: Iron Bundle\n|-supereffective|p2a: Iron Bundle\n|-damage|p2a: Iron Bundle|0 fnt\n|faint|p2a: Iron Bundle\n|-end|p2a: Iron Bundle|Quark Drive|[silent]\n|\n|upkeep\n|\n|t:|1700016334\n|switch|p2a: Kleavor|Kleavor, M|100\/100\n|turn|4\n|\n|t:|1700016339\n|move|p1a: Blastoise|Surf|p2a: Kleavor\n|-supereffective|p2a: Kleavor\n|-damage|p2a: Kleavor|0 fnt\n|faint|p2a: Kleavor\n|\n|upkeep\n|\n|t:|1700016346\n|switch|p2a: Togekiss|Togekiss, F|100\/100\n|turn|5\n|\n|t:|1700016352\n|move|p1a: Blastoise|Ice Beam|p2a: Togekiss\n|-supereffective|p2a: Togekiss\n|-damage|p2a: Togekiss|1\/100\n|move|p2a: Togekiss|Air Slash|p1a: Blastoise\n|-damage|p1a: Blastoise|47\/100\n|\n|upkeep\n|turn|6\n|\n|t:|1700016358\n|move|p1a: Blastoise|Surf|p2a: Togekiss\n|-damage|p2a: Togekiss|0 fnt\n|faint|p2a: Togekiss\n|\n|upkeep\n|\n|t:|1700016366\n|switch|p2a: Arboliva|Arboliva, F|100\/100\n|turn|7\n|\n|t:|1700016371\n|-terastallize|p1a: Blastoise|Dragon\n|move|p1a: Blastoise|Ice Beam|p2a: Arboliva\n|-supereffective|p2a: Arboliva\n|-damage|p2a: Arboliva|6\/100\n|-fieldstart|move: Grassy Terrain|[from] ability: Seed Sower|[of] p2a: Arboliva\n|move|p2a: Arboliva|Energy Ball|p1a: Blastoise\n|-resisted|p1a: Blastoise\n|-damage|p1a: Blastoise|13\/100\n|\n|-heal|p1a: Blastoise|19\/100|[from] Grassy Terrain\n|-heal|p2a: Arboliva|12\/100|[from] Grassy Terrain\n|upkeep\n|turn|8\n|\n|t:|1700016382\n|move|p1a: Blastoise|Aura Sphere|p2a: Arboliva\n|-supereffective|p2a: Arboliva\n|-damage|p2a: Arboliva|0 fnt\n|faint|p2a: Arboliva\n|\n|-heal|p1a: Blastoise|25\/100|[from] Grassy Terrain\n|upkeep\n|\n|t:|1700016386\n|switch|p2a: Palafin|Palafin, M, shiny|100\/100\n|turn|9\n|\n|t:|1700016390\n|move|p2a: Palafin|Jet Punch|p1a: Blastoise\n|-resisted|p1a: Blastoise\n|-damage|p1a: Blastoise|12\/100\n|move|p1a: Blastoise|Aura Sphere|p2a: Palafin\n|-damage|p2a: Palafin|30\/100\n|\n|-heal|p1a: Blastoise|18\/100|[from] Grassy Terrain\n|-heal|p2a: Palafin|36\/100|[from] Grassy Terrain\n|upkeep\n|turn|10\n|\n|t:|1700016397\n|detailschange|p2a: Palafin|Palafin-Hero, M, shiny\n|switch|p2a: Cinderace|Cinderace, M|100\/100\n|move|p1a: Blastoise|Aura Sphere|p2a: Cinderace\n|-damage|p2a: Cinderace|30\/100\n|\n|-heal|p1a: Blastoise|24\/100|[from] Grassy Terrain\n|-heal|p2a: Cinderace|36\/100|[from] Grassy Terrain\n|upkeep\n|turn|11\n|\n|t:|1700016402\n|move|p1a: Blastoise|Surf|p2a: Cinderace\n|-supereffective|p2a: Cinderace\n|-damage|p2a: Cinderace|0 fnt\n|faint|p2a: Cinderace\n|\n|-heal|p1a: Blastoise|30\/100|[from] Grassy Terrain\n|upkeep\n|\n|t:|1700016403\n|switch|p2a: Palafin|Palafin-Hero, M, shiny|36\/100\n|-activate|p2a: Palafin|ability: Zero to Hero\n|turn|12\n|\n|t:|1700016407\n|-terastallize|p2a: Palafin|Water\n|move|p2a: Palafin|Jet Punch|p1a: Blastoise\n|-resisted|p1a: Blastoise\n|-damage|p1a: Blastoise|0 fnt\n|faint|p1a: Blastoise\n|\n|-heal|p2a: Palafin|42\/100|[from] Grassy Terrain\n|upkeep\n|\n|t:|1700016412\n|switch|p1a: Venusaur|Venusaur, M|100\/100\n|-damage|p1a: Venusaur|88\/100|[from] Stealth Rock\n|turn|13\n|\n|t:|1700016418\n|move|p2a: Palafin|Ice Punch|p1a: Venusaur\n|-supereffective|p1a: Venusaur\n|-damage|p1a: Venusaur|19\/100\n|move|p1a: Venusaur|Giga Drain|p2a: Palafin\n|-supereffective|p2a: Palafin\n|-damage|p2a: Palafin|0 fnt\n|-heal|p1a: Venusaur|39\/100|[from] drain|[of] p2a: Palafin\n|faint|p2a: Palafin\n|\n|win|Red HGSS 2023\n|raw|Red HGSS 2023's rating: 1122 &rarr; <strong>1152<\/strong><br \/>(+30 for winning)\n|raw|Rovvan!'s rating: 1190 &rarr; <strong>1160<\/strong><br \/>(-30 for losing)\n","uploadtime":1700016422,"views":9,"p1id":"redhgss2023","p2id":"rovvan","formatid":"gen9nationaldexubers","rating":1152,"private":0,"password":""}