{"id":"gen9nationaldexubers-1999594188","p1":"Izzy-Afk","p2":"Marioipod","format":"[Gen 9] National Dex Ubers","log":"|j|\u203dIzzy-Afk\n|j|\u203dMarioipod\n|t:|1701099460\n|gametype|singles\n|player|p1|Izzy-Afk|caitlin|1000\n|player|p2|Marioipod|lucas-gen4pt|1000\n|teamsize|p1|6\n|teamsize|p2|6\n|gen|9\n|tier|[Gen 9] National Dex Ubers\n|rated|\n|rule|HP Percentage Mod: HP is shown in percentages\n|rule|Endless Battle Clause: Forcing endless battles is banned\n|rule|OHKO Clause: OHKO moves are banned\n|rule|Evasion Moves Clause: Evasion moves are banned\n|rule|Evasion Items Clause: Evasion items are banned\n|rule|Species Clause: Limit one of each Pok\u00e9mon\n|rule|Sleep Clause Mod: Limit one foe put to sleep\n|rule|Mega Rayquaza Clause: You cannot mega evolve Rayquaza\n|clearpoke\n|poke|p1|Necrozma-Dawn-Wings|\n|poke|p1|Zeraora|\n|poke|p1|Marshadow|\n|poke|p1|Metagross|\n|poke|p1|Vaporeon, F|\n|poke|p1|Rayquaza|\n|poke|p2|Roaring Moon|\n|poke|p2|Zygarde|\n|poke|p2|Mewtwo|\n|poke|p2|Kyogre|\n|poke|p2|Giratina-Origin|\n|poke|p2|Baxcalibur, F|\n|teampreview\n|\n|t:|1701099471\n|start\n|switch|p1a: Metagross|Metagross, shiny|100\/100\n|switch|p2a: Baxcalibur|Baxcalibur, F|100\/100\n|turn|1\n|\n|t:|1701099484\n|-terastallize|p2a: Baxcalibur|Fire\n|move|p2a: Baxcalibur|Dragon Dance|p2a: Baxcalibur\n|-boost|p2a: Baxcalibur|atk|1\n|-boost|p2a: Baxcalibur|spe|1\n|move|p1a: Metagross|Earthquake|p2a: Baxcalibur\n|-supereffective|p2a: Baxcalibur\n|-damage|p2a: Baxcalibur|43\/100\n|\n|upkeep\n|turn|2\n|\n|t:|1701099496\n|switch|p1a: Vaporeon|Vaporeon, F, shiny|100\/100\n|move|p2a: Baxcalibur|Tera Blast|p1a: Vaporeon|[anim] Tera Blast Fire\n|-resisted|p1a: Vaporeon\n|-damage|p1a: Vaporeon|63\/100\n|\n|upkeep\n|turn|3\n|\n|t:|1701099502\n|move|p2a: Baxcalibur|Glaive Rush|p1a: Vaporeon\n|-damage|p1a: Vaporeon|0 fnt\n|-singlemove|p2a: Baxcalibur|Glaive Rush|[silent]\n|faint|p1a: Vaporeon\n|\n|upkeep\n|\n|t:|1701099506\n|switch|p1a: Rayquaza|Rayquaza, shiny|100\/100\n|-ability|p1a: Rayquaza|Air Lock\n|turn|4\n|\n|t:|1701099515\n|move|p2a: Baxcalibur|Icicle Spear|p1a: Rayquaza\n|-supereffective|p1a: Rayquaza\n|-damage|p1a: Rayquaza|36\/100\n|-supereffective|p1a: Rayquaza\n|-damage|p1a: Rayquaza|0 fnt\n|faint|p1a: Rayquaza\n|-hitcount|p1: Rayquaza|2\n|\n|upkeep\n|\n|t:|1701099524\n|switch|p1a: Marshadow|Marshadow|100\/100\n|turn|5\n|\n|t:|1701099527\n|move|p1a: Marshadow|Shadow Sneak|p2a: Baxcalibur\n|-damage|p2a: Baxcalibur|16\/100\n|move|p2a: Baxcalibur|Icicle Spear|p1a: Marshadow\n|-crit|p1a: Marshadow\n|-damage|p1a: Marshadow|69\/100\n|-damage|p1a: Marshadow|46\/100\n|-damage|p1a: Marshadow|24\/100\n|-damage|p1a: Marshadow|5\/100\n|-damage|p1a: Marshadow|0 fnt\n|faint|p1a: Marshadow\n|-hitcount|p1: Marshadow|5\n|\n|upkeep\n|\n|t:|1701099530\n|switch|p1a: Zeraora|Zeraora, shiny|100\/100\n|turn|6\n|\n|t:|1701099540\n|move|p2a: Baxcalibur|Icicle Spear|p1a: Zeraora\n|-damage|p1a: Zeraora|77\/100\n|-damage|p1a: Zeraora|54\/100\n|-damage|p1a: Zeraora|30\/100\n|-damage|p1a: Zeraora|7\/100\n|-hitcount|p1a: Zeraora|4\n|-enditem|p1a: Zeraora|Red Card|[of] p2a: Baxcalibur\n|drag|p2a: Zygarde|Zygarde|100\/100\n|move|p1a: Zeraora|Volt Switch|p2a: Zygarde\n|-immune|p2a: Zygarde\n|\n|upkeep\n|turn|7\n|\n|t:|1701099558\n|switch|p1a: Metagross|Metagross, shiny|100\/100\n|move|p2a: Zygarde|Coil|p2a: Zygarde\n|-boost|p2a: Zygarde|atk|1\n|-boost|p2a: Zygarde|def|1\n|-boost|p2a: Zygarde|accuracy|1\n|\n|upkeep\n|turn|8\n|\n|t:|1701099561\n|move|p1a: Metagross|Psych Up|p2a: Zygarde\n|-copyboost|p1a: Metagross|p2a: Zygarde|[from] move: Psych Up\n|move|p2a: Zygarde|Thousand Arrows|p1a: Metagross\n|-supereffective|p1a: Metagross\n|-damage|p1a: Metagross|26\/100\n|\n|upkeep\n|turn|9\n|\n|t:|1701099573\n|detailschange|p1a: Metagross|Metagross-Mega, shiny\n|-mega|p1a: Metagross|Metagross|Metagrossite\n|move|p1a: Metagross|Earthquake|p2a: Zygarde\n|-damage|p2a: Zygarde|77\/100\n|move|p2a: Zygarde|Thousand Arrows|p1a: Metagross\n|-supereffective|p1a: Metagross\n|-damage|p1a: Metagross|0 fnt\n|faint|p1a: Metagross\n|\n|-heal|p2a: Zygarde|83\/100|[from] item: Leftovers\n|upkeep\n|\n|t:|1701099579\n|switch|p1a: Necrozma|Necrozma-Dawn-Wings, shiny|100\/100\n|turn|10\n|\n|t:|1701099581\n|move|p2a: Zygarde|Dragon Tail|p1a: Necrozma\n|-damage|p1a: Necrozma|73\/100\n|drag|p1a: Zeraora|Zeraora, shiny|7\/100\n|\n|-heal|p2a: Zygarde|89\/100|[from] item: Leftovers\n|upkeep\n|turn|11\n|\n|t:|1701099600\n|-terastallize|p1a: Zeraora|Flying\n|move|p1a: Zeraora|Volt Switch|p2a: Zygarde\n|-immune|p2a: Zygarde\n|move|p2a: Zygarde|Thousand Arrows|p1a: Zeraora\n|-damage|p1a: Zeraora|0 fnt\n|faint|p1a: Zeraora\n|\n|-heal|p2a: Zygarde|95\/100|[from] item: Leftovers\n|upkeep\n|\n|t:|1701099603\n|switch|p1a: Necrozma|Necrozma-Dawn-Wings, shiny|73\/100\n|turn|12\n|\n|t:|1701099605\n|move|p2a: Zygarde|Thousand Arrows|p1a: Necrozma\n|-damage|p1a: Necrozma|39\/100\n|move|p1a: Necrozma|Trick Room|p1a: Necrozma\n|-fieldstart|move: Trick Room|[of] p1a: Necrozma\n|\n|-heal|p1a: Necrozma|45\/100|[from] item: Leftovers\n|-heal|p2a: Zygarde|100\/100|[from] item: Leftovers\n|upkeep\n|turn|13\n|\n|t:|1701099611\n|move|p1a: Necrozma|Moonlight|p1a: Necrozma\n|-heal|p1a: Necrozma|95\/100\n|move|p2a: Zygarde|Thousand Arrows|p1a: Necrozma\n|-damage|p1a: Necrozma|61\/100\n|\n|-heal|p1a: Necrozma|67\/100|[from] item: Leftovers\n|upkeep\n|turn|14\n|\n|t:|1701099616\n|move|p1a: Necrozma|Photon Geyser|p2a: Zygarde\n|-damage|p2a: Zygarde|58\/100\n|move|p2a: Zygarde|Coil|p2a: Zygarde\n|-boost|p2a: Zygarde|atk|1\n|-boost|p2a: Zygarde|def|1\n|-boost|p2a: Zygarde|accuracy|1\n|\n|-heal|p1a: Necrozma|73\/100|[from] item: Leftovers\n|-heal|p2a: Zygarde|64\/100|[from] item: Leftovers\n|upkeep\n|turn|15\n|\n|t:|1701099623\n|move|p1a: Necrozma|Photon Geyser|p2a: Zygarde\n|-damage|p2a: Zygarde|21\/100\n|move|p2a: Zygarde|Thousand Arrows|p1a: Necrozma\n|-damage|p1a: Necrozma|22\/100\n|\n|-heal|p1a: Necrozma|28\/100|[from] item: Leftovers\n|-heal|p2a: Zygarde|27\/100|[from] item: Leftovers\n|-activate|p2a: Zygarde|ability: Power Construct\n|detailschange|p2a: Zygarde|Zygarde-Complete\n|-heal|p2a: Zygarde|52\/100|[silent]\n|upkeep\n|turn|16\n|\n|t:|1701099627\n|move|p1a: Necrozma|Moonlight|p1a: Necrozma\n|-heal|p1a: Necrozma|78\/100\n|move|p2a: Zygarde|Thousand Arrows|p1a: Necrozma\n|-damage|p1a: Necrozma|32\/100\n|\n|-heal|p1a: Necrozma|38\/100|[from] item: Leftovers\n|-heal|p2a: Zygarde|58\/100|[from] item: Leftovers\n|-fieldend|move: Trick Room\n|upkeep\n|turn|17\n|\n|t:|1701099632\n|move|p2a: Zygarde|Thousand Arrows|p1a: Necrozma\n|-damage|p1a: Necrozma|0 fnt\n|faint|p1a: Necrozma\n|\n|win|Marioipod\n|raw|Izzy-Afk's rating: 1000 &rarr; <strong>1000<\/strong><br \/>(+0 for losing)\n|raw|Marioipod's rating: 1000 &rarr; <strong>1040<\/strong><br \/>(+40 for winning)\n","uploadtime":1701099636,"views":1,"p1id":"izzyafk","p2id":"marioipod","formatid":"gen9nationaldexubers","rating":1000,"private":0,"password":""}