{"id":"gen9nationaldexubers-1983895489","p1":"Soyeon is a cutie","p2":"heavylever","format":"[Gen 9] National Dex Ubers","log":"|j|\u2606Soyeon is a cutie\n|j|\u2606heavylever\n|t:|1699197269\n|gametype|singles\n|player|p1|Soyeon is a cutie|idol|1742\n|player|p2|heavylever|ash-unova|1651\n|teamsize|p1|6\n|teamsize|p2|6\n|gen|9\n|tier|[Gen 9] National Dex Ubers\n|rated|\n|rule|HP Percentage Mod: HP is shown in percentages\n|rule|Endless Battle Clause: Forcing endless battles is banned\n|rule|OHKO Clause: OHKO moves are banned\n|rule|Evasion Moves Clause: Evasion moves are banned\n|rule|Evasion Items Clause: Evasion items are banned\n|rule|Species Clause: Limit one of each Pok\u00e9mon\n|rule|Sleep Clause Mod: Limit one foe put to sleep\n|rule|Mega Rayquaza Clause: You cannot mega evolve Rayquaza\n|clearpoke\n|poke|p1|Arceus-Fairy|\n|poke|p1|Kingambit, M|\n|poke|p1|Ditto|\n|poke|p1|Urshifu-*, F|\n|poke|p1|Lunala|\n|poke|p1|Necrozma-Dusk-Mane|\n|poke|p2|Groudon|\n|poke|p2|Reshiram|\n|poke|p2|Giratina-Origin|\n|poke|p2|Zacian-*|\n|poke|p2|Dialga|\n|poke|p2|Dondozo, F|\n|teampreview\n|inactive|Battle timer is ON: inactive players will automatically lose when time's up. (requested by Soyeon is a cutie)\n|\n|t:|1699197276\n|start\n|switch|p1a: Necrozma|Necrozma-Dusk-Mane, shiny|100\/100\n|switch|p2a: Reshiram|Reshiram|100\/100\n|-ability|p2a: Reshiram|Turboblaze\n|turn|1\n|\n|t:|1699197281\n|detailschange|p1a: Necrozma|Necrozma-Ultra, shiny\n|-burst|p1a: Necrozma|Necrozma|Ultranecrozium Z\n|move|p2a: Reshiram|Blue Flare|p1a: Necrozma\n|-resisted|p1a: Necrozma\n|-damage|p1a: Necrozma|58\/100\n|move|p1a: Necrozma|Dragon Pulse|p2a: Reshiram\n|-supereffective|p2a: Reshiram\n|-damage|p2a: Reshiram|0 fnt\n|faint|p2a: Reshiram\n|\n|upkeep\n|\n|t:|1699197296\n|switch|p2a: Zacian|Zacian-Crowned|100\/100\n|-ability|p2a: Zacian|Intrepid Sword|boost\n|-boost|p2a: Zacian|atk|1\n|turn|2\n|\n|t:|1699197312\n|switch|p1a: Kingambit|Kingambit, M|100\/100\n|move|p2a: Zacian|Swords Dance|p2a: Zacian\n|-boost|p2a: Zacian|atk|2\n|\n|upkeep\n|turn|3\n|\n|t:|1699197316\n|move|p2a: Zacian|Play Rough|p1a: Kingambit\n|-damage|p1a: Kingambit|5\/100\n|move|p1a: Kingambit|Iron Head|p2a: Zacian\n|-damage|p2a: Zacian|60\/100\n|\n|upkeep\n|turn|4\n|\n|t:|1699197321\n|move|p2a: Zacian|Behemoth Blade|p1a: Kingambit\n|-resisted|p1a: Kingambit\n|-damage|p1a: Kingambit|0 fnt\n|faint|p1a: Kingambit\n|-end|p1a: Kingambit|fallenundefined|[silent]\n|\n|upkeep\n|\n|t:|1699197323\n|switch|p1a: Ditto|Ditto, shiny|100\/100\n|-transform|p1a: Ditto|p2a: Zacian|[from] ability: Imposter\n|-ability|p1a: Ditto|Intrepid Sword|boost\n|-boost|p1a: Ditto|atk|1\n|turn|5\n|\n|t:|1699197326\n|switch|p2a: Dondizzy|Dondozo, F, shiny|100\/100\n|move|p1a: Ditto|Behemoth Blade|p2a: Dondizzy\n|-resisted|p2a: Dondizzy\n|-damage|p2a: Dondizzy|87\/100\n|\n|-heal|p2a: Dondizzy|93\/100|[from] item: Leftovers\n|upkeep\n|turn|6\n|\n|t:|1699197336\n|switch|p1a: Necrozma|Necrozma-Ultra, shiny|58\/100\n|switch|p2a: Zacian|Zacian-Crowned|60\/100\n|\n|upkeep\n|turn|7\n|\n|t:|1699197342\n|switch|p1a: Ditto|Ditto, shiny|100\/100\n|-transform|p1a: Ditto|p2a: Zacian|[from] ability: Imposter\n|move|p2a: Zacian|Play Rough|p1a: Ditto\n|-resisted|p1a: Ditto\n|-damage|p1a: Ditto|72\/100\n|\n|upkeep\n|turn|8\n|\n|t:|1699197348\n|move|p1a: Ditto|Behemoth Blade|p2a: Zacian\n|-damage|p2a: Zacian|9\/100\n|move|p2a: Zacian|Swords Dance|p2a: Zacian\n|-boost|p2a: Zacian|atk|2\n|\n|upkeep\n|turn|9\n|\n|t:|1699197352\n|switch|p2a: Dondizzy|Dondozo, F, shiny|93\/100\n|move|p1a: Ditto|Behemoth Blade|p2a: Dondizzy\n|-resisted|p2a: Dondizzy\n|-damage|p2a: Dondizzy|79\/100\n|\n|-heal|p2a: Dondizzy|85\/100|[from] item: Leftovers\n|upkeep\n|turn|10\n|\n|t:|1699197359\n|switch|p1a: Necrozma|Necrozma-Ultra, shiny|58\/100\n|move|p2a: Dondizzy|Curse|p2a: Dondizzy\n|-unboost|p2a: Dondizzy|spe|1\n|-boost|p2a: Dondizzy|atk|1\n|-boost|p2a: Dondizzy|def|1\n|\n|-heal|p2a: Dondizzy|91\/100|[from] item: Leftovers\n|upkeep\n|turn|11\n|\n|t:|1699197364\n|move|p1a: Necrozma|Stealth Rock|p2a: Dondizzy\n|-sidestart|p2: heavylever|move: Stealth Rock\n|move|p2a: Dondizzy|Body Press|p1a: Necrozma\n|-resisted|p1a: Necrozma\n|-damage|p1a: Necrozma|36\/100\n|\n|-heal|p2a: Dondizzy|98\/100|[from] item: Leftovers\n|upkeep\n|turn|12\n|\n|t:|1699197372\n|-zpower|p1a: Necrozma\n|move|p1a: Necrozma|Light That Burns the Sky|p2a: Dondizzy|[zeffect]\n|-damage|p2a: Dondizzy|0 fnt\n|faint|p2a: Dondizzy\n|\n|upkeep\n|\n|t:|1699197376\n|switch|p2a: Giratina|Giratina-Origin, shiny|100\/100\n|-damage|p2a: Giratina|88\/100|[from] Stealth Rock\n|turn|13\n|\n|t:|1699197380\n|switch|p1a: Arceus|Arceus-Fairy|100\/100\n|move|p2a: Giratina|Thunder Wave|p1a: Arceus\n|-status|p1a: Arceus|par\n|\n|upkeep\n|turn|14\n|\n|t:|1699197384\n|move|p2a: Giratina|Defog|p1a: Arceus\n|-unboost|p1a: Arceus|evasion|1\n|-sideend|p2: heavylever|Stealth Rock|[from] move: Defog|[of] p2a: Giratina\n|move|p1a: Arceus|Toxic|p2a: Giratina\n|-status|p2a: Giratina|tox\n|\n|-damage|p2a: Giratina|82\/100 tox|[from] psn\n|upkeep\n|turn|15\n|\n|t:|1699197388\n|switch|p2a: Zacian|Zacian-Crowned|9\/100\n|move|p1a: Arceus|Judgment|p2a: Zacian\n|-resisted|p2a: Zacian\n|-damage|p2a: Zacian|0 fnt\n|faint|p2a: Zacian\n|\n|upkeep\n|\n|t:|1699197392\n|switch|p2a: Dialga|Dialga|100\/100\n|-ability|p2a: Dialga|Pressure\n|turn|16\n|\n|t:|1699197394\n|move|p2a: Dialga|Stealth Rock|p1a: Arceus\n|-sidestart|p1: Soyeon is a cutie|move: Stealth Rock\n|cant|p1a: Arceus|par\n|\n|upkeep\n|turn|17\n|\n|t:|1699197404\n|switch|p2a: Giratina|Giratina-Origin, shiny|82\/100 tox\n|move|p1a: Arceus|Judgment|p2a: Giratina\n|-supereffective|p2a: Giratina\n|-damage|p2a: Giratina|25\/100 tox\n|\n|-damage|p2a: Giratina|19\/100 tox|[from] psn\n|upkeep\n|turn|18\n|\n|t:|1699197406\n|move|p2a: Giratina|Hex|p1a: Arceus\n|-damage|p1a: Arceus|50\/100 par\n|move|p1a: Arceus|Judgment|p2a: Giratina\n|-supereffective|p2a: Giratina\n|-damage|p2a: Giratina|0 fnt\n|faint|p2a: Giratina\n|\n|upkeep\n|\n|t:|1699197410\n|switch|p2a: Dialga|Dialga|100\/100\n|-ability|p2a: Dialga|Pressure\n|turn|19\n|\n|t:|1699197412\n|move|p2a: Dialga|Fire Blast|p1a: Arceus\n|-damage|p1a: Arceus|20\/100 par\n|move|p1a: Arceus|Judgment|p2a: Dialga\n|-damage|p2a: Dialga|54\/100\n|\n|upkeep\n|turn|20\n|\n|t:|1699197416\n|move|p2a: Dialga|Fire Blast|p1a: Arceus\n|-damage|p1a: Arceus|0 fnt\n|faint|p1a: Arceus\n|\n|upkeep\n|\n|t:|1699197418\n|switch|p1a: Necrozma|Necrozma-Ultra, shiny|36\/100\n|-damage|p1a: Necrozma|23\/100|[from] Stealth Rock\n|turn|21\n|\n|t:|1699197422\n|move|p1a: Necrozma|Earth Power|p2a: Dialga\n|-supereffective|p2a: Dialga\n|-crit|p2a: Dialga\n|-enditem|p2a: Dialga|Shuca Berry|[eat]\n|-enditem|p2a: Dialga|Shuca Berry|[weaken]\n|-damage|p2a: Dialga|0 fnt\n|faint|p2a: Dialga\n|\n|upkeep\n|\n|t:|1699197424\n|switch|p2a: Groudon|Groudon|100\/100\n|detailschange|p2a: Groudon|Groudon-Primal\n|-primal|p2a: Groudon|Red Orb\n|-weather|DesolateLand|[from] ability: Desolate Land|[of] p2a: Groudon\n|turn|22\n|\n|t:|1699197426\n|move|p1a: Necrozma|Earth Power|p2a: Groudon\n|-supereffective|p2a: Groudon\n|-damage|p2a: Groudon|18\/100\n|move|p2a: Groudon|Earthquake|p1a: Necrozma\n|-damage|p1a: Necrozma|0 fnt\n|faint|p1a: Necrozma\n|\n|-weather|DesolateLand|[upkeep]\n|upkeep\n|\n|t:|1699197429\n|switch|p1a: Lunala|Lunala, shiny|100\/100\n|turn|23\n|\n|t:|1699197432\n|move|p1a: Lunala|Moongeist Beam|p2a: Groudon\n|-damage|p2a: Groudon|0 fnt\n|faint|p2a: Groudon\n|-weather|none\n|\n|win|Soyeon is a cutie\n|raw|Soyeon is a cutie's rating: 1742 &rarr; <strong>1757<\/strong><br \/>(+15 for winning)\n|raw|heavylever's rating: 1651 &rarr; <strong>1636<\/strong><br \/>(-15 for losing)\n|l|\u2606heavylever\n|l|\u2606Soyeon is a cutie\n","uploadtime":1699197634,"views":4,"p1id":"soyeonisacutie","p2id":"heavylever","formatid":"gen9nationaldexubers","rating":1636,"private":0,"password":""}