{"id":"gen9nationaldexubers-1979913693","p1":"CringeWeirdo02","p2":"Senseitoad71","format":"[Gen 9] National Dex Ubers","log":"|j|\u2606CringeWeirdo02\n|j|\u2606Senseitoad71\n|t:|1698728494\n|gametype|singles\n|player|p1|CringeWeirdo02|larry|\n|player|p2|Senseitoad71|lusamine-nihilego|\n|teamsize|p1|6\n|teamsize|p2|6\n|gen|9\n|tier|[Gen 9] National Dex Ubers\n|rule|HP Percentage Mod: HP is shown in percentages\n|rule|Endless Battle Clause: Forcing endless battles is banned\n|rule|OHKO Clause: OHKO moves are banned\n|rule|Evasion Moves Clause: Evasion moves are banned\n|rule|Evasion Items Clause: Evasion items are banned\n|rule|Species Clause: Limit one of each Pok\u00e9mon\n|rule|Sleep Clause Mod: Limit one foe put to sleep\n|rule|Mega Rayquaza Clause: You cannot mega evolve Rayquaza\n|clearpoke\n|poke|p1|Grimmsnarl, M|\n|poke|p1|Volcarona, M|\n|poke|p1|Baxcalibur, M|\n|poke|p1|Slowking-Galar, M|\n|poke|p1|Doublade, M|\n|poke|p1|Sharpedo, M|\n|poke|p2|Mawile, M|\n|poke|p2|Dragapult, F|\n|poke|p2|Ferrothorn, F|\n|poke|p2|Hippowdon, M|\n|poke|p2|Excadrill, M|\n|poke|p2|Quagsire, M|\n|teampreview\n|j| jayklod\n|\n|t:|1698728519\n|start\n|switch|p1a: BreastCancerShork|Sharpedo, M, shiny|100\/100\n|switch|p2a: Dragapult|Dragapult, F|100\/100\n|turn|1\n|\n|t:|1698728532\n|switch|p1a: Fresh from the Ass|Doublade, M, shiny|100\/100\n|move|p2a: Dragapult|U-turn|p1a: Fresh from the Ass\n|-resisted|p1a: Fresh from the Ass\n|-damage|p1a: Fresh from the Ass|96\/100\n|-damage|p2a: Dragapult|91\/100|[from] item: Life Orb\n|\n|t:|1698728541\n|switch|p2a: Hippowdon|Hippowdon, M|100\/100|[from] U-turn\n|-weather|Sandstorm|[from] ability: Sand Stream|[of] p2a: Hippowdon\n|\n|-weather|Sandstorm|[upkeep]\n|upkeep\n|turn|2\n|\n|t:|1698728549\n|switch|p1a: El Goblino|Grimmsnarl, M|100\/100\n|move|p2a: Hippowdon|Stealth Rock|p1a: El Goblino\n|-sidestart|p1: CringeWeirdo02|move: Stealth Rock\n|\n|-weather|Sandstorm|[upkeep]\n|-damage|p1a: El Goblino|94\/100|[from] Sandstorm\n|upkeep\n|turn|3\n|\n|t:|1698728561\n|switch|p2a: Excadrill|Excadrill, M|100\/100\n|move|p1a: El Goblino|Taunt|p2a: Excadrill\n|-start|p2a: Excadrill|move: Taunt\n|\n|-weather|Sandstorm|[upkeep]\n|-damage|p1a: El Goblino|88\/100|[from] Sandstorm\n|upkeep\n|turn|4\n|\n|t:|1698728567\n|move|p1a: El Goblino|Reflect|p1a: El Goblino\n|-sidestart|p1: CringeWeirdo02|Reflect\n|move|p2a: Excadrill|Earthquake|p1a: El Goblino\n|-damage|p1a: El Goblino|52\/100\n|-damage|p2a: Excadrill|91\/100|[from] item: Life Orb\n|\n|-weather|Sandstorm|[upkeep]\n|-damage|p1a: El Goblino|46\/100|[from] Sandstorm\n|upkeep\n|turn|5\n|\n|t:|1698728583\n|move|p1a: El Goblino|Parting Shot|p2a: Excadrill\n|-unboost|p2a: Excadrill|atk|1\n|-unboost|p2a: Excadrill|spa|1\n|\n|t:|1698728596\n|switch|p1a: Dorito Moth|Volcarona, M, shiny|100\/100|[from] Parting Shot\n|move|p2a: Excadrill|Earthquake|p1a: Dorito Moth\n|-crit|p1a: Dorito Moth\n|-damage|p1a: Dorito Moth|0 fnt\n|faint|p1a: Dorito Moth\n|-damage|p2a: Excadrill|81\/100|[from] item: Life Orb\n|\n|-weather|Sandstorm|[upkeep]\n|-end|p2a: Excadrill|move: Taunt\n|upkeep\n|\n|t:|1698728607\n|switch|p1a: The Boner Frozer|Baxcalibur, M, shiny|100\/100\n|-damage|p1a: The Boner Frozer|76\/100|[from] Stealth Rock\n|turn|6\n|\n|t:|1698728620\n|move|p2a: Excadrill|Iron Head|p1a: The Boner Frozer\n|-supereffective|p1a: The Boner Frozer\n|-damage|p1a: The Boner Frozer|39\/100\n|-damage|p2a: Excadrill|71\/100|[from] item: Life Orb\n|move|p1a: The Boner Frozer|Earthquake|p2a: Excadrill\n|-supereffective|p2a: Excadrill\n|-damage|p2a: Excadrill|0 fnt\n|faint|p2a: Excadrill\n|\n|-weather|Sandstorm|[upkeep]\n|-damage|p1a: The Boner Frozer|33\/100|[from] Sandstorm\n|upkeep\n|\n|t:|1698728625\n|switch|p2a: Mawile|Mawile, M|100\/100\n|-ability|p2a: Mawile|Intimidate|boost\n|-unboost|p1a: The Boner Frozer|atk|1\n|turn|7\n|\n|t:|1698728634\n|detailschange|p2a: Mawile|Mawile-Mega, M\n|-mega|p2a: Mawile|Mawile|Mawilite\n|move|p1a: The Boner Frozer|Earthquake|p2a: Mawile\n|-supereffective|p2a: Mawile\n|-damage|p2a: Mawile|51\/100\n|move|p2a: Mawile|Iron Head|p1a: The Boner Frozer\n|-supereffective|p1a: The Boner Frozer\n|-damage|p1a: The Boner Frozer|0 fnt\n|faint|p1a: The Boner Frozer\n|\n|-weather|Sandstorm|[upkeep]\n|upkeep\n|\n|t:|1698728645\n|switch|p1a: El Goblino|Grimmsnarl, M|46\/100\n|-damage|p1a: El Goblino|33\/100|[from] Stealth Rock\n|turn|8\n|\n|t:|1698728659\n|switch|p2a: Hippowdon|Hippowdon, M|100\/100\n|move|p1a: El Goblino|Thunder Wave|p2a: Hippowdon\n|-immune|p2a: Hippowdon\n|\n|-weather|none\n|upkeep\n|turn|9\n|\n|t:|1698728668\n|switch|p2a: Quagsire|Quagsire, M|100\/100\n|move|p1a: El Goblino|Taunt|p2a: Quagsire\n|-start|p2a: Quagsire|move: Taunt\n|\n|upkeep\n|turn|10\n|\n|t:|1698728680\n|move|p1a: El Goblino|Parting Shot|p2a: Quagsire\n|-unboost|p2a: Quagsire|atk|1\n|-unboost|p2a: Quagsire|spa|1\n|\n|t:|1698728683\n|switch|p1a: Pinhead Larry|Slowking-Galar, M, shiny|100\/100|[from] Parting Shot\n|-damage|p1a: Pinhead Larry|88\/100|[from] Stealth Rock\n|-item|p1a: Pinhead Larry|Air Balloon\n|move|p2a: Quagsire|Scald|p1a: Pinhead Larry\n|-damage|p1a: Pinhead Larry|79\/100\n|-enditem|p1a: Pinhead Larry|Air Balloon\n|\n|upkeep\n|turn|11\n|\n|t:|1698728695\n|switch|p2a: Dragapult|Dragapult, F|91\/100\n|move|p1a: Pinhead Larry|Ice Beam|p2a: Dragapult\n|-supereffective|p2a: Dragapult\n|-crit|p2a: Dragapult\n|-damage|p2a: Dragapult|0 fnt\n|faint|p2a: Dragapult\n|\n|-sideend|p1: CringeWeirdo02|Reflect\n|upkeep\n|\n|t:|1698728743\n|switch|p2a: Quagsire|Quagsire, M|100\/100\n|turn|12\n|\n|t:|1698728748\n|move|p2a: Quagsire|Earthquake|p1a: Pinhead Larry\n|-supereffective|p1a: Pinhead Larry\n|-damage|p1a: Pinhead Larry|18\/100\n|move|p1a: Pinhead Larry|Grass Knot|p2a: Quagsire\n|-supereffective|p2a: Quagsire\n|-enditem|p2a: Quagsire|Rindo Berry|[eat]\n|-enditem|p2a: Quagsire|Rindo Berry|[weaken]\n|-damage|p2a: Quagsire|32\/100\n|\n|upkeep\n|turn|13\n|\n|t:|1698728770\n|switch|p1a: Fresh from the Ass|Doublade, M, shiny|96\/100\n|-damage|p1a: Fresh from the Ass|90\/100|[from] Stealth Rock\n|move|p2a: Quagsire|Earthquake|p1a: Fresh from the Ass\n|-supereffective|p1a: Fresh from the Ass\n|-damage|p1a: Fresh from the Ass|60\/100\n|\n|upkeep\n|turn|14\n|\n|t:|1698728797\n|move|p1a: Fresh from the Ass|Sacred Sword|p2a: Quagsire\n|-damage|p2a: Quagsire|10\/100\n|move|p2a: Quagsire|Recover|p2a: Quagsire\n|-heal|p2a: Quagsire|60\/100\n|\n|upkeep\n|turn|15\n|\n|t:|1698728806\n|switch|p1a: El Goblino|Grimmsnarl, M|33\/100\n|-damage|p1a: El Goblino|21\/100|[from] Stealth Rock\n|move|p2a: Quagsire|Recover|p2a: Quagsire\n|-heal|p2a: Quagsire|100\/100\n|\n|upkeep\n|turn|16\n|\n|t:|1698728813\n|move|p1a: El Goblino|Reflect|p1a: El Goblino\n|-sidestart|p1: CringeWeirdo02|Reflect\n|move|p2a: Quagsire|Scald|p1a: El Goblino\n|-damage|p1a: El Goblino|4\/100\n|\n|upkeep\n|turn|17\n|\n|t:|1698728823\n|move|p1a: El Goblino|Parting Shot|p2a: Quagsire\n|-unboost|p2a: Quagsire|atk|1\n|-unboost|p2a: Quagsire|spa|1\n|\n|t:|1698728830\n|switch|p1a: Pinhead Larry|Slowking-Galar, M, shiny|51\/100|[from] Parting Shot\n|-damage|p1a: Pinhead Larry|39\/100|[from] Stealth Rock\n|move|p2a: Quagsire|Earthquake|p1a: Pinhead Larry\n|-supereffective|p1a: Pinhead Larry\n|-damage|p1a: Pinhead Larry|16\/100\n|\n|upkeep\n|turn|18\n|\n|t:|1698728837\n|move|p2a: Quagsire|Earthquake|p1a: Pinhead Larry\n|-supereffective|p1a: Pinhead Larry\n|-damage|p1a: Pinhead Larry|0 fnt\n|faint|p1a: Pinhead Larry\n|\n|upkeep\n|\n|t:|1698728842\n|switch|p1a: BreastCancerShork|Sharpedo, M, shiny|100\/100\n|-damage|p1a: BreastCancerShork|88\/100|[from] Stealth Rock\n|turn|19\n|\n|t:|1698728876\n|switch|p2a: Ferrothorn|Ferrothorn, F|100\/100\n|move|p1a: BreastCancerShork|Waterfall|p2a: Ferrothorn\n|-resisted|p2a: Ferrothorn\n|-damage|p2a: Ferrothorn|87\/100\n|-damage|p1a: BreastCancerShork|75\/100|[from] ability: Iron Barbs|[of] p2a: Ferrothorn\n|\n|-heal|p1a: BreastCancerShork|82\/100|[from] item: Leftovers\n|-heal|p2a: Ferrothorn|94\/100|[from] item: Leftovers\n|-ability|p1a: BreastCancerShork|Speed Boost|boost\n|-boost|p1a: BreastCancerShork|spe|1\n|upkeep\n|turn|20\n|\n|t:|1698728898\n|move|p1a: BreastCancerShork|Close Combat|p2a: Ferrothorn\n|-supereffective|p2a: Ferrothorn\n|-damage|p2a: Ferrothorn|43\/100\n|-unboost|p1a: BreastCancerShork|def|1\n|-unboost|p1a: BreastCancerShork|spd|1\n|-damage|p1a: BreastCancerShork|69\/100|[from] ability: Iron Barbs|[of] p2a: Ferrothorn\n|move|p2a: Ferrothorn|Thunder Wave|p1a: BreastCancerShork\n|-status|p1a: BreastCancerShork|par\n|\n|-heal|p1a: BreastCancerShork|75\/100 par|[from] item: Leftovers\n|-heal|p2a: Ferrothorn|49\/100|[from] item: Leftovers\n|-ability|p1a: BreastCancerShork|Speed Boost|boost\n|-boost|p1a: BreastCancerShork|spe|1\n|upkeep\n|turn|21\n|\n|t:|1698728929\n|cant|p1a: BreastCancerShork|par\n|move|p2a: Ferrothorn|Leech Seed|p1a: BreastCancerShork\n|-start|p1a: BreastCancerShork|move: Leech Seed\n|\n|-heal|p1a: BreastCancerShork|81\/100 par|[from] item: Leftovers\n|-heal|p2a: Ferrothorn|56\/100|[from] item: Leftovers\n|-damage|p1a: BreastCancerShork|69\/100 par|[from] Leech Seed|[of] p2a: Ferrothorn\n|-heal|p2a: Ferrothorn|68\/100|[silent]\n|-ability|p1a: BreastCancerShork|Speed Boost|boost\n|-boost|p1a: BreastCancerShork|spe|1\n|upkeep\n|turn|22\n|\n|t:|1698728945\n|switch|p1a: El Goblino|Grimmsnarl, M|4\/100\n|-damage|p1a: El Goblino|0 fnt|[from] Stealth Rock\n|faint|p1a: El Goblino\n|move|p2a: Ferrothorn|Gyro Ball|p1: El Goblino|[notarget]\n|-fail|p2a: Ferrothorn\n|\n|-heal|p2a: Ferrothorn|74\/100|[from] item: Leftovers\n|upkeep\n|\n|t:|1698728952\n|switch|p1a: Fresh from the Ass|Doublade, M, shiny|60\/100\n|-damage|p1a: Fresh from the Ass|54\/100|[from] Stealth Rock\n|turn|23\n|\n|t:|1698728956\n|move|p1a: Fresh from the Ass|Swords Dance|p1a: Fresh from the Ass\n|-boost|p1a: Fresh from the Ass|atk|2\n|move|p2a: Ferrothorn|Thunder Wave|p1a: Fresh from the Ass\n|-status|p1a: Fresh from the Ass|par\n|\n|-heal|p2a: Ferrothorn|80\/100|[from] item: Leftovers\n|-sideend|p1: CringeWeirdo02|Reflect\n|upkeep\n|turn|24\n|\n|t:|1698728964\n|move|p1a: Fresh from the Ass|Sacred Sword|p2a: Ferrothorn\n|-supereffective|p2a: Ferrothorn\n|-damage|p2a: Ferrothorn|14\/100\n|-damage|p1a: Fresh from the Ass|42\/100 par|[from] ability: Iron Barbs|[of] p2a: Ferrothorn\n|move|p2a: Ferrothorn|Leech Seed|p1a: Fresh from the Ass\n|-start|p1a: Fresh from the Ass|move: Leech Seed\n|\n|-heal|p2a: Ferrothorn|20\/100|[from] item: Leftovers\n|-damage|p1a: Fresh from the Ass|29\/100 par|[from] Leech Seed|[of] p2a: Ferrothorn\n|-heal|p2a: Ferrothorn|31\/100|[silent]\n|upkeep\n|turn|25\n|\n|t:|1698728986\n|move|p1a: Fresh from the Ass|Sacred Sword|p2a: Ferrothorn\n|-supereffective|p2a: Ferrothorn\n|-damage|p2a: Ferrothorn|0 fnt\n|-damage|p1a: Fresh from the Ass|17\/100 par|[from] ability: Iron Barbs|[of] p2a: Ferrothorn\n|faint|p2a: Ferrothorn\n|\n|upkeep\n|\n|t:|1698728994\n|switch|p2a: Hippowdon|Hippowdon, M|100\/100\n|-weather|Sandstorm|[from] ability: Sand Stream|[of] p2a: Hippowdon\n|turn|26\n|\n|t:|1698728998\n|cant|p1a: Fresh from the Ass|par\n|move|p2a: Hippowdon|Earthquake|p1a: Fresh from the Ass\n|-supereffective|p1a: Fresh from the Ass\n|-damage|p1a: Fresh from the Ass|0 fnt\n|faint|p1a: Fresh from the Ass\n|\n|-weather|Sandstorm|[upkeep]\n|upkeep\n|\n|t:|1698729005\n|switch|p1a: BreastCancerShork|Sharpedo, M, shiny|69\/100 par\n|-damage|p1a: BreastCancerShork|56\/100 par|[from] Stealth Rock\n|turn|27\n|\n|t:|1698729009\n|move|p2a: Hippowdon|Earthquake|p1a: BreastCancerShork\n|-damage|p1a: BreastCancerShork|0 fnt\n|faint|p1a: BreastCancerShork\n|\n|win|Senseitoad71\n","uploadtime":1698729018,"views":5,"p1id":"cringeweirdo02","p2id":"senseitoad71","formatid":"gen9nationaldexubers","rating":0,"private":0,"password":""}