{"id":"gen9nationaldexubers-1994672415","p1":"Irfanayan","p2":"C0ld as Ice","format":"[Gen 9] National Dex Ubers","log":"|j|\u2606Irfanayan\n|j|\u2606C0ld as Ice\n|t:|1700478940\n|gametype|singles\n|player|p1|Irfanayan|265|1578\n|player|p2|C0ld as Ice|supernerd|1873\n|teamsize|p1|6\n|teamsize|p2|6\n|gen|9\n|tier|[Gen 9] National Dex Ubers\n|rated|\n|rule|HP Percentage Mod: HP is shown in percentages\n|rule|Endless Battle Clause: Forcing endless battles is banned\n|rule|OHKO Clause: OHKO moves are banned\n|rule|Evasion Moves Clause: Evasion moves are banned\n|rule|Evasion Items Clause: Evasion items are banned\n|rule|Species Clause: Limit one of each Pok\u00e9mon\n|rule|Sleep Clause Mod: Limit one foe put to sleep\n|rule|Mega Rayquaza Clause: You cannot mega evolve Rayquaza\n|clearpoke\n|poke|p1|Groudon|\n|poke|p1|Xerneas-*|\n|poke|p1|Arceus|\n|poke|p1|Necrozma-Dusk-Mane|\n|poke|p1|Zygarde|\n|poke|p1|Lugia|\n|poke|p2|Smeargle, M|\n|poke|p2|Marshadow|\n|poke|p2|Arceus|\n|poke|p2|Groudon|\n|poke|p2|Mewtwo|\n|poke|p2|Yveltal|\n|teampreview\n|inactive|Battle timer is ON: inactive players will automatically lose when time's up. (requested by C0ld as Ice)\n|inactive|Irfanayan also wants the timer to be on.\n|\n|t:|1700478946\n|start\n|switch|p1a: Arceus|Arceus|100\/100\n|switch|p2a: Smeargle|Smeargle, M, shiny|100\/100\n|turn|1\n|\n|t:|1700478954\n|move|p1a: Arceus|Taunt|p2a: Smeargle\n|-start|p2a: Smeargle|move: Taunt\n|move|p2a: Smeargle|Mortal Spin|p1a: Arceus\n|-damage|p1a: Arceus|98\/100\n|-status|p1a: Arceus|psn\n|\n|-damage|p1a: Arceus|86\/100 psn|[from] psn\n|upkeep\n|turn|2\n|\n|t:|1700478964\n|move|p1a: Arceus|Earthquake|p2a: Smeargle\n|-enditem|p2a: Smeargle|Focus Sash\n|-damage|p2a: Smeargle|1\/100\n|-damage|p1a: Arceus|76\/100 psn|[from] item: Life Orb\n|move|p2a: Smeargle|Mortal Spin|p1a: Arceus\n|-damage|p1a: Arceus|73\/100 psn\n|\n|-damage|p1a: Arceus|61\/100 psn|[from] psn\n|upkeep\n|turn|3\n|\n|t:|1700478975\n|switch|p2a: Yveltal|Yveltal, shiny|100\/100\n|-ability|p2a: Yveltal|Dark Aura\n|move|p1a: Arceus|Extreme Speed|p2a: Yveltal\n|-damage|p2a: Yveltal|49\/100\n|-damage|p1a: Arceus|51\/100 psn|[from] item: Life Orb\n|\n|-damage|p1a: Arceus|39\/100 psn|[from] psn\n|upkeep\n|turn|4\n|\n|t:|1700478987\n|switch|p2a: Marshadow|Marshadow|100\/100\n|move|p1a: Arceus|Earthquake|p2a: Marshadow\n|-damage|p2a: Marshadow|45\/100\n|-damage|p1a: Arceus|29\/100 psn|[from] item: Life Orb\n|\n|-damage|p1a: Arceus|16\/100 psn|[from] psn\n|upkeep\n|turn|5\n|\n|t:|1700478997\n|move|p2a: Marshadow|Close Combat|p1a: Arceus\n|-supereffective|p1a: Arceus\n|-damage|p1a: Arceus|0 fnt\n|-unboost|p2a: Marshadow|def|1\n|-unboost|p2a: Marshadow|spd|1\n|faint|p1a: Arceus\n|-damage|p2a: Marshadow|35\/100|[from] item: Life Orb\n|\n|upkeep\n|\n|t:|1700479010\n|switch|p1a: Necrozma|Necrozma-Dusk-Mane|100\/100\n|turn|6\n|\n|t:|1700479015\n|detailschange|p1a: Necrozma|Necrozma-Ultra\n|-burst|p1a: Necrozma|Necrozma|Ultranecrozium Z\n|move|p1a: Necrozma|Power Gem|p2a: Marshadow\n|-resisted|p2a: Marshadow\n|-crit|p2a: Marshadow\n|-damage|p2a: Marshadow|0 fnt\n|faint|p2a: Marshadow\n|\n|upkeep\n|\n|t:|1700479023\n|switch|p2a: Mewtwo|Mewtwo, shiny|100\/100\n|-ability|p2a: Mewtwo|Pressure\n|turn|7\n|\n|t:|1700479031\n|switch|p1a: Lugia|Lugia|100\/100\n|move|p2a: Mewtwo|Ice Beam|p1a: Lugia\n|-supereffective|p1a: Lugia\n|-damage|p1a: Lugia|73\/100\n|-damage|p2a: Mewtwo|91\/100|[from] item: Life Orb\n|\n|-heal|p1a: Lugia|80\/100|[from] item: Leftovers\n|upkeep\n|turn|8\n|\n|t:|1700479041\n|switch|p2a: Smeargle|Smeargle, M, shiny|1\/100\n|move|p1a: Lugia|Thunder Wave|p2a: Smeargle\n|-status|p2a: Smeargle|par\n|\n|-heal|p1a: Lugia|86\/100|[from] item: Leftovers\n|upkeep\n|turn|9\n|\n|t:|1700479052\n|move|p1a: Lugia|Whirlpool|p2a: Smeargle\n|-damage|p2a: Smeargle|0 fnt\n|faint|p2a: Smeargle\n|\n|-heal|p1a: Lugia|92\/100|[from] item: Leftovers\n|upkeep\n|\n|t:|1700479057\n|switch|p2a: Yveltal|Yveltal, shiny|49\/100\n|-ability|p2a: Yveltal|Dark Aura\n|turn|10\n|\n|t:|1700479063\n|move|p2a: Yveltal|Dark Pulse|p1a: Lugia\n|-supereffective|p1a: Lugia\n|-damage|p1a: Lugia|2\/100\n|-damage|p2a: Yveltal|39\/100|[from] item: Life Orb\n|move|p1a: Lugia|Thunder Wave|p2a: Yveltal\n|-status|p2a: Yveltal|par\n|\n|-heal|p1a: Lugia|9\/100|[from] item: Leftovers\n|upkeep\n|turn|11\n|\n|t:|1700479073\n|move|p1a: Lugia|Roost|p1a: Lugia\n|-heal|p1a: Lugia|59\/100\n|-singleturn|p1a: Lugia|move: Roost\n|cant|p2a: Yveltal|par\n|\n|-heal|p1a: Lugia|65\/100|[from] item: Leftovers\n|upkeep\n|turn|12\n|\n|t:|1700479084\n|move|p1a: Lugia|Roost|p1a: Lugia\n|-heal|p1a: Lugia|100\/100\n|-singleturn|p1a: Lugia|move: Roost\n|move|p2a: Yveltal|Oblivion Wing|p1a: Lugia\n|-damage|p1a: Lugia|83\/100\n|-heal|p2a: Yveltal|52\/100 par|[from] drain|[of] p1a: Lugia\n|-damage|p2a: Yveltal|42\/100 par|[from] item: Life Orb\n|\n|-heal|p1a: Lugia|89\/100|[from] item: Leftovers\n|upkeep\n|turn|13\n|\n|t:|1700479099\n|move|p1a: Lugia|Roost|p1a: Lugia\n|-heal|p1a: Lugia|100\/100\n|-singleturn|p1a: Lugia|move: Roost\n|move|p2a: Yveltal|Oblivion Wing|p1a: Lugia\n|-damage|p1a: Lugia|84\/100\n|-heal|p2a: Yveltal|54\/100 par|[from] drain|[of] p1a: Lugia\n|-damage|p2a: Yveltal|45\/100 par|[from] item: Life Orb\n|\n|-heal|p1a: Lugia|91\/100|[from] item: Leftovers\n|upkeep\n|turn|14\n|\n|t:|1700479112\n|move|p1a: Lugia|Whirlpool|p2a: Yveltal\n|-damage|p2a: Yveltal|38\/100 par\n|-activate|p2a: Yveltal|move: Whirlpool|[of] p1a: Lugia\n|move|p2a: Yveltal|Oblivion Wing|p1a: Lugia\n|-damage|p1a: Lugia|56\/100\n|-heal|p2a: Yveltal|65\/100 par|[from] drain|[of] p1a: Lugia\n|-damage|p2a: Yveltal|55\/100 par|[from] item: Life Orb\n|\n|-heal|p1a: Lugia|62\/100|[from] item: Leftovers\n|-damage|p2a: Yveltal|42\/100 par|[from] move: Whirlpool|[partiallytrapped]\n|upkeep\n|turn|15\n|\n|t:|1700479125\n|move|p1a: Lugia|Roost|p1a: Lugia\n|-heal|p1a: Lugia|100\/100\n|-singleturn|p1a: Lugia|move: Roost\n|cant|p2a: Yveltal|par\n|\n|-damage|p2a: Yveltal|30\/100 par|[from] move: Whirlpool|[partiallytrapped]\n|upkeep\n|turn|16\n|\n|t:|1700479136\n|move|p1a: Lugia|Whirlpool|p2a: Yveltal\n|-damage|p2a: Yveltal|24\/100 par\n|cant|p2a: Yveltal|par\n|\n|-damage|p2a: Yveltal|11\/100 par|[from] move: Whirlpool|[partiallytrapped]\n|upkeep\n|turn|17\n|\n|t:|1700479146\n|move|p1a: Lugia|Whirlpool|p2a: Yveltal\n|-damage|p2a: Yveltal|4\/100 par\n|move|p2a: Yveltal|Oblivion Wing|p1a: Lugia\n|-damage|p1a: Lugia|83\/100\n|-heal|p2a: Yveltal|18\/100 par|[from] drain|[of] p1a: Lugia\n|-damage|p2a: Yveltal|8\/100 par|[from] item: Life Orb\n|\n|-heal|p1a: Lugia|89\/100|[from] item: Leftovers\n|-damage|p2a: Yveltal|0 fnt|[from] move: Whirlpool|[partiallytrapped]\n|faint|p2a: Yveltal\n|upkeep\n|\n|t:|1700479168\n|switch|p2a: Arceus|Arceus, shiny|100\/100\n|turn|18\n|\n|t:|1700479177\n|move|p2a: Arceus|Swords Dance|p2a: Arceus\n|-boost|p2a: Arceus|atk|2\n|move|p1a: Lugia|Whirlwind|p2a: Arceus\n|drag|p2a: Groudon|Groudon, shiny|100\/100\n|detailschange|p2a: Groudon|Groudon-Primal, shiny\n|-primal|p2a: Groudon|Red Orb\n|-weather|DesolateLand|[from] ability: Desolate Land|[of] p2a: Groudon\n|\n|-weather|DesolateLand|[upkeep]\n|-heal|p1a: Lugia|95\/100|[from] item: Leftovers\n|upkeep\n|turn|19\n|\n|t:|1700479196\n|switch|p1a: Necrozma|Necrozma-Ultra|100\/100\n|move|p2a: Groudon|Eruption|p1a: Necrozma\n|-resisted|p1a: Necrozma\n|-damage|p1a: Necrozma|34\/100\n|\n|-weather|DesolateLand|[upkeep]\n|upkeep\n|turn|20\n|\n|t:|1700479205\n|-weather|none\n|switch|p2a: Mewtwo|Mewtwo, shiny|91\/100\n|-ability|p2a: Mewtwo|Pressure\n|-zpower|p1a: Necrozma\n|move|p1a: Necrozma|Light That Burns the Sky|p2a: Mewtwo|[zeffect]\n|-resisted|p2a: Mewtwo\n|-damage|p2a: Mewtwo|22\/100\n|\n|upkeep\n|turn|21\n|\n|t:|1700479217\n|move|p2a: Mewtwo|Ice Beam|p1a: Necrozma\n|-supereffective|p1a: Necrozma\n|-damage|p1a: Necrozma|0 fnt\n|faint|p1a: Necrozma\n|-damage|p2a: Mewtwo|12\/100|[from] item: Life Orb\n|\n|upkeep\n|\n|t:|1700479225\n|switch|p1a: Xerneas|Xerneas|100\/100\n|-ability|p1a: Xerneas|Fairy Aura\n|turn|22\n|\n|t:|1700479230\n|move|p2a: Mewtwo|Psystrike|p1a: Xerneas\n|-damage|p1a: Xerneas|50\/100\n|-damage|p2a: Mewtwo|2\/100|[from] item: Life Orb\n|move|p1a: Xerneas|Geomancy||[still]\n|-prepare|p1a: Xerneas|Geomancy\n|-enditem|p1a: Xerneas|Power Herb\n|-anim|p1a: Xerneas|Geomancy|p1a: Xerneas\n|-boost|p1a: Xerneas|spa|2\n|-boost|p1a: Xerneas|spd|2\n|-boost|p1a: Xerneas|spe|2\n|\n|upkeep\n|turn|23\n|\n|t:|1700479241\n|move|p1a: Xerneas|Moonblast|p2a: Mewtwo\n|-damage|p2a: Mewtwo|0 fnt\n|faint|p2a: Mewtwo\n|\n|upkeep\n|\n|t:|1700479244\n|switch|p2a: Groudon|Groudon-Primal, shiny|100\/100\n|-weather|DesolateLand|[from] ability: Desolate Land|[of] p2a: Groudon\n|turn|24\n|\n|t:|1700479251\n|move|p1a: Xerneas|Moonblast|p2a: Groudon\n|-resisted|p2a: Groudon\n|-damage|p2a: Groudon|16\/100\n|move|p2a: Groudon|Precipice Blades|p1a: Xerneas\n|-damage|p1a: Xerneas|0 fnt\n|faint|p1a: Xerneas\n|\n|-weather|DesolateLand|[upkeep]\n|upkeep\n|\n|t:|1700479259\n|switch|p1a: Zygarde|Zygarde|100\/100\n|turn|25\n|\n|t:|1700479264\n|move|p2a: Groudon|Swords Dance|p2a: Groudon\n|-boost|p2a: Groudon|atk|2\n|move|p1a: Zygarde|Dragon Dance|p1a: Zygarde\n|-boost|p1a: Zygarde|atk|1\n|-boost|p1a: Zygarde|spe|1\n|\n|-weather|DesolateLand|[upkeep]\n|upkeep\n|turn|26\n|\n|t:|1700479272\n|move|p1a: Zygarde|Thousand Arrows|p2a: Groudon\n|-supereffective|p2a: Groudon\n|-damage|p2a: Groudon|0 fnt\n|faint|p2a: Groudon\n|-weather|none\n|\n|upkeep\n|\n|t:|1700479274\n|switch|p2a: Arceus|Arceus, shiny|100\/100\n|turn|27\n|\n|t:|1700479281\n|move|p1a: Zygarde|Coil|p1a: Zygarde\n|-boost|p1a: Zygarde|atk|1\n|-boost|p1a: Zygarde|def|1\n|-boost|p1a: Zygarde|accuracy|1\n|move|p2a: Arceus|Swords Dance|p2a: Arceus\n|-boost|p2a: Arceus|atk|2\n|\n|upkeep\n|turn|28\n|\n|t:|1700479292\n|move|p1a: Zygarde|Coil|p1a: Zygarde\n|-boost|p1a: Zygarde|atk|1\n|-boost|p1a: Zygarde|def|1\n|-boost|p1a: Zygarde|accuracy|1\n|move|p2a: Arceus|Swords Dance|p2a: Arceus\n|-boost|p2a: Arceus|atk|2\n|\n|upkeep\n|turn|29\n|\n|t:|1700479299\n|move|p1a: Zygarde|Coil|p1a: Zygarde\n|-boost|p1a: Zygarde|atk|1\n|-boost|p1a: Zygarde|def|1\n|-boost|p1a: Zygarde|accuracy|1\n|move|p2a: Arceus|Swords Dance|p2a: Arceus\n|-boost|p2a: Arceus|atk|2\n|\n|upkeep\n|turn|30\n|\n|t:|1700479311\n|move|p2a: Arceus|Extreme Speed|p1a: Zygarde\n|-damage|p1a: Zygarde|64\/100\n|move|p1a: Zygarde|Coil|p1a: Zygarde\n|-boost|p1a: Zygarde|atk|1\n|-boost|p1a: Zygarde|def|1\n|-boost|p1a: Zygarde|accuracy|1\n|\n|-heal|p1a: Zygarde|70\/100|[from] item: Leftovers\n|upkeep\n|turn|31\n|\n|t:|1700479322\n|move|p2a: Arceus|Extreme Speed|p1a: Zygarde\n|-damage|p1a: Zygarde|40\/100\n|move|p1a: Zygarde|Coil|p1a: Zygarde\n|-boost|p1a: Zygarde|atk|1\n|-boost|p1a: Zygarde|def|1\n|-boost|p1a: Zygarde|accuracy|1\n|\n|-heal|p1a: Zygarde|46\/100|[from] item: Leftovers\n|-activate|p1a: Zygarde|ability: Power Construct\n|detailschange|p1a: Zygarde|Zygarde-Complete\n|-heal|p1a: Zygarde|64\/100|[silent]\n|upkeep\n|turn|32\n|\n|t:|1700479335\n|move|p1a: Zygarde|Thousand Arrows|p2a: Arceus\n|-crit|p2a: Arceus\n|-damage|p2a: Arceus|0 fnt\n|faint|p2a: Arceus\n|\n|win|Irfanayan\n|raw|Irfanayan's rating: 1578 &rarr; <strong>1612<\/strong><br \/>(+34 for winning)\n|raw|C0ld as Ice's rating: 1885 &rarr; <strong>1851<\/strong><br \/>(-34 for losing)\n|l|\u2606Irfanayan\n|l|\u2606C0ld as Ice\n","uploadtime":1700479361,"views":2,"p1id":"irfanayan","p2id":"c0ldasice","formatid":"gen9nationaldexubers","rating":1612,"private":0,"password":""}