{"id":"gen9nationaldexubers-1997068145","p1":"TACOB3I","p2":"Theimpactassault","format":"[Gen 9] National Dex Ubers","log":"|j|\u2606TACOB3I\n|j|\u2606Theimpactassault\n|t:|1700761282\n|gametype|singles\n|player|p1|TACOB3I|ghetsis|1452\n|player|p2|Theimpactassault|hilda|1451\n|teamsize|p1|6\n|teamsize|p2|6\n|gen|9\n|tier|[Gen 9] National Dex Ubers\n|rated|\n|rule|HP Percentage Mod: HP is shown in percentages\n|rule|Endless Battle Clause: Forcing endless battles is banned\n|rule|OHKO Clause: OHKO moves are banned\n|rule|Evasion Moves Clause: Evasion moves are banned\n|rule|Evasion Items Clause: Evasion items are banned\n|rule|Species Clause: Limit one of each Pok\u00e9mon\n|rule|Sleep Clause Mod: Limit one foe put to sleep\n|rule|Mega Rayquaza Clause: You cannot mega evolve Rayquaza\n|clearpoke\n|poke|p1|Groudon|\n|poke|p1|Rayquaza|\n|poke|p1|Kangaskhan, F|\n|poke|p1|Kingambit, M|\n|poke|p1|Grimmsnarl, M|\n|poke|p1|Kyogre|\n|poke|p2|Regice|\n|poke|p2|Regidrago|\n|poke|p2|Regieleki|\n|poke|p2|Regigigas|\n|poke|p2|Regirock|\n|poke|p2|Registeel|\n|teampreview\n|\n|t:|1700761297\n|start\n|switch|p1a: \ud83d\ude08|Grimmsnarl, M|100\/100\n|switch|p2a: Regidrago|Regidrago|100\/100\n|turn|1\n|\n|t:|1700761322\n|switch|p2a: Registeel|Registeel|100\/100\n|move|p1a: \ud83d\ude08|Thunder Wave|p2a: Registeel\n|-status|p2a: Registeel|par\n|\n|upkeep\n|turn|2\n|\n|t:|1700761325\n|move|p1a: \ud83d\ude08|Reflect|p1a: \ud83d\ude08\n|-sidestart|p1: TACOB3I|Reflect\n|move|p2a: Registeel|Curse|p2a: Registeel\n|-unboost|p2a: Registeel|spe|1\n|-boost|p2a: Registeel|atk|1\n|-boost|p2a: Registeel|def|1\n|\n|upkeep\n|turn|3\n|\n|t:|1700761328\n|move|p1a: \ud83d\ude08|Taunt|p2a: Registeel\n|-start|p2a: Registeel|move: Taunt\n|cant|p2a: Registeel|move: Taunt|Curse\n|\n|upkeep\n|turn|4\n|\n|t:|1700761330\n|move|p1a: \ud83d\ude08|Light Screen|p1a: \ud83d\ude08\n|-sidestart|p1: TACOB3I|move: Light Screen\n|move|p2a: Registeel|Iron Head|p1a: \ud83d\ude08\n|-supereffective|p1a: \ud83d\ude08\n|-damage|p1a: \ud83d\ude08|63\/100\n|\n|upkeep\n|turn|5\n|\n|t:|1700761334\n|switch|p1a: Groudon|Groudon|100\/100\n|detailschange|p1a: Groudon|Groudon-Primal\n|-primal|p1a: Groudon|Red Orb\n|-weather|DesolateLand|[from] ability: Desolate Land|[of] p1a: Groudon\n|move|p2a: Registeel|Body Slam|p1a: Groudon\n|-damage|p1a: Groudon|94\/100\n|-status|p1a: Groudon|par\n|\n|-weather|DesolateLand|[upkeep]\n|-end|p2a: Registeel|move: Taunt\n|upkeep\n|turn|6\n|\n|t:|1700761339\n|move|p1a: Groudon|Heat Crash|p2a: Registeel\n|-supereffective|p2a: Registeel\n|-damage|p2a: Registeel|13\/100 par\n|move|p2a: Registeel|Curse|p2a: Registeel\n|-unboost|p2a: Registeel|spe|1\n|-boost|p2a: Registeel|atk|1\n|-boost|p2a: Registeel|def|1\n|\n|-weather|DesolateLand|[upkeep]\n|-heal|p2a: Registeel|19\/100 par|[from] item: Leftovers\n|upkeep\n|turn|7\n|\n|t:|1700761345\n|move|p1a: Groudon|Heat Crash|p2a: Registeel\n|-supereffective|p2a: Registeel\n|-damage|p2a: Registeel|0 fnt\n|faint|p2a: Registeel\n|\n|-weather|DesolateLand|[upkeep]\n|upkeep\n|\n|t:|1700761352\n|switch|p2a: Regigigas|Regigigas|100\/100\n|-start|p2a: Regigigas|ability: Slow Start\n|turn|8\n|\n|t:|1700761357\n|move|p2a: Regigigas|Substitute|p2a: Regigigas\n|-start|p2a: Regigigas|Substitute\n|-damage|p2a: Regigigas|76\/100\n|cant|p1a: Groudon|par\n|\n|-weather|DesolateLand|[upkeep]\n|-heal|p2a: Regigigas|82\/100|[from] item: Leftovers\n|upkeep\n|turn|9\n|\n|t:|1700761362\n|-weather|none\n|switch|p1a: \ud83d\ude08|Grimmsnarl, M|63\/100\n|move|p2a: Regigigas|Protect||[still]\n|-fail|p2a: Regigigas\n|\n|-heal|p2a: Regigigas|88\/100|[from] item: Leftovers\n|-sideend|p1: TACOB3I|Reflect\n|upkeep\n|turn|10\n|\n|t:|1700761366\n|-terastallize|p1a: \ud83d\ude08|Ghost\n|move|p2a: Regigigas|Protect|p2a: Regigigas\n|-singleturn|p2a: Regigigas|Protect\n|move|p1a: \ud83d\ude08|Taunt|p2a: Regigigas\n|-activate|p2a: Regigigas|move: Protect\n|\n|-heal|p2a: Regigigas|94\/100|[from] item: Leftovers\n|upkeep\n|turn|11\n|\n|t:|1700761373\n|move|p1a: \ud83d\ude08|Taunt|p2a: Regigigas\n|-start|p2a: Regigigas|move: Taunt\n|move|p2a: Regigigas|Zen Headbutt|p1a: \ud83d\ude08\n|-damage|p1a: \ud83d\ude08|45\/100\n|\n|-heal|p2a: Regigigas|99\/100|[from] item: Leftovers\n|-sideend|p1: TACOB3I|move: Light Screen\n|upkeep\n|turn|12\n|\n|t:|1700761380\n|move|p1a: \ud83d\ude08|Reflect|p1a: \ud83d\ude08\n|-sidestart|p1: TACOB3I|Reflect\n|move|p2a: Regigigas|Zen Headbutt|p1a: \ud83d\ude08\n|-damage|p1a: \ud83d\ude08|37\/100\n|\n|-heal|p2a: Regigigas|100\/100|[from] item: Leftovers\n|-end|p2a: Regigigas|Slow Start\n|upkeep\n|turn|13\n|\n|t:|1700761394\n|move|p1a: \ud83d\ude08|Light Screen|p1a: \ud83d\ude08\n|-sidestart|p1: TACOB3I|move: Light Screen\n|move|p2a: Regigigas|Zen Headbutt|p1a: \ud83d\ude08\n|-damage|p1a: \ud83d\ude08|20\/100\n|\n|-end|p2a: Regigigas|move: Taunt\n|upkeep\n|turn|14\n|\n|t:|1700761397\n|move|p2a: Regigigas|Protect|p2a: Regigigas\n|-singleturn|p2a: Regigigas|Protect\n|move|p1a: \ud83d\ude08|Taunt|p2a: Regigigas\n|-activate|p2a: Regigigas|move: Protect\n|\n|upkeep\n|turn|15\n|\n|t:|1700761400\n|move|p1a: \ud83d\ude08|Taunt|p2a: Regigigas\n|-start|p2a: Regigigas|move: Taunt\n|move|p2a: Regigigas|Zen Headbutt|p1a: \ud83d\ude08\n|-damage|p1a: \ud83d\ude08|2\/100\n|\n|upkeep\n|turn|16\n|\n|t:|1700761408\n|switch|p1a: Kangaskhan|Kangaskhan, F|100\/100\n|move|p2a: Regigigas|Zen Headbutt|p1a: Kangaskhan\n|-damage|p1a: Kangaskhan|82\/100\n|\n|upkeep\n|turn|17\n|\n|t:|1700761413\n|detailschange|p1a: Kangaskhan|Kangaskhan-Mega, F\n|-mega|p1a: Kangaskhan|Kangaskhan|Kangaskhanite\n|move|p1a: Kangaskhan|Seismic Toss|p2a: Regigigas\n|-activate|p2a: Regigigas|move: Substitute|[damage]\n|-end|p2a: Regigigas|Substitute\n|-hitcount|p2a: Regigigas|2\n|move|p2a: Regigigas|Body Slam|p1a: Kangaskhan\n|-damage|p1a: Kangaskhan|59\/100\n|\n|-end|p2a: Regigigas|move: Taunt\n|upkeep\n|turn|18\n|\n|t:|1700761425\n|move|p1a: Kangaskhan|Seismic Toss|p2a: Regigigas\n|-damage|p2a: Regigigas|77\/100\n|-damage|p2a: Regigigas|53\/100\n|-hitcount|p2a: Regigigas|2\n|move|p2a: Regigigas|Body Slam|p1a: Kangaskhan\n|-damage|p1a: Kangaskhan|36\/100\n|\n|-heal|p2a: Regigigas|59\/100|[from] item: Leftovers\n|upkeep\n|turn|19\n|\n|t:|1700761431\n|move|p2a: Regigigas|Protect|p2a: Regigigas\n|-singleturn|p2a: Regigigas|Protect\n|move|p1a: Kangaskhan|Seismic Toss|p2a: Regigigas\n|-activate|p2a: Regigigas|move: Protect\n|\n|-heal|p2a: Regigigas|66\/100|[from] item: Leftovers\n|-sideend|p1: TACOB3I|Reflect\n|upkeep\n|turn|20\n|\n|t:|1700761437\n|move|p1a: Kangaskhan|Icy Wind|p2a: Regigigas\n|-damage|p2a: Regigigas|60\/100\n|-unboost|p2a: Regigigas|spe|1\n|-damage|p2a: Regigigas|58\/100\n|-unboost|p2a: Regigigas|spe|1\n|-hitcount|p2a: Regigigas|2\n|move|p2a: Regigigas|Body Slam|p1a: Kangaskhan\n|-damage|p1a: Kangaskhan|0 fnt\n|faint|p1a: Kangaskhan\n|\n|-heal|p2a: Regigigas|65\/100|[from] item: Leftovers\n|-sideend|p1: TACOB3I|move: Light Screen\n|upkeep\n|\n|t:|1700761444\n|switch|p1a: Kyogre|Kyogre|100\/100\n|detailschange|p1a: Kyogre|Kyogre-Primal\n|-primal|p1a: Kyogre|Blue Orb\n|-weather|PrimordialSea|[from] ability: Primordial Sea|[of] p1a: Kyogre\n|turn|21\n|\n|t:|1700761447\n|move|p2a: Regigigas|Protect|p2a: Regigigas\n|-singleturn|p2a: Regigigas|Protect\n|move|p1a: Kyogre|Water Spout|p2a: Regigigas\n|-activate|p2a: Regigigas|move: Protect\n|\n|-weather|PrimordialSea|[upkeep]\n|-heal|p2a: Regigigas|71\/100|[from] item: Leftovers\n|upkeep\n|turn|22\n|\n|t:|1700761456\n|move|p1a: Kyogre|Water Spout|p2a: Regigigas\n|-damage|p2a: Regigigas|0 fnt\n|faint|p2a: Regigigas\n|-end|p2a: Regigigas|Slow Start|[silent]\n|\n|-weather|PrimordialSea|[upkeep]\n|upkeep\n|\n|t:|1700761459\n|switch|p2a: Regieleki|Regieleki|100\/100\n|turn|23\n|\n|t:|1700761465\n|-weather|none\n|switch|p1a: \ud83d\ude08|Grimmsnarl, M, tera:Ghost|2\/100\n|move|p2a: Regieleki|Ancient Power|p1a: \ud83d\ude08\n|-damage|p1a: \ud83d\ude08|0 fnt\n|faint|p1a: \ud83d\ude08\n|\n|upkeep\n|\n|t:|1700761469\n|switch|p1a: Groudon|Groudon-Primal|94\/100 par\n|-weather|DesolateLand|[from] ability: Desolate Land|[of] p1a: Groudon\n|turn|24\n|\n|t:|1700761476\n|switch|p2a: Regirock|Regirock|100\/100\n|move|p1a: Groudon|Heat Crash|p2a: Regirock\n|-resisted|p2a: Regirock\n|-damage|p2a: Regirock|77\/100\n|-damage|p1a: Groudon|77\/100 par|[from] item: Rocky Helmet|[of] p2a: Regirock\n|\n|-weather|DesolateLand|[upkeep]\n|upkeep\n|turn|25\n|\n|t:|1700761481\n|move|p2a: Regirock|Iron Defense|p2a: Regirock\n|-boost|p2a: Regirock|def|2\n|move|p1a: Groudon|Precipice Blades|p2a: Regirock|[miss]\n|-miss|p1a: Groudon|p2a: Regirock\n|\n|-weather|DesolateLand|[upkeep]\n|upkeep\n|turn|26\n|\n|t:|1700761487\n|move|p2a: Regirock|Body Press|p1a: Groudon\n|-damage|p1a: Groudon|31\/100 par\n|move|p1a: Groudon|Precipice Blades|p2a: Regirock|[miss]\n|-miss|p1a: Groudon|p2a: Regirock\n|\n|-weather|DesolateLand|[upkeep]\n|upkeep\n|turn|27\n|\n|t:|1700761493\n|move|p2a: Regirock|Body Press|p1a: Groudon\n|-damage|p1a: Groudon|0 fnt\n|faint|p1a: Groudon\n|-weather|none\n|\n|upkeep\n|\n|t:|1700761495\n|switch|p1a: Rayquaza|Rayquaza|100\/100\n|-ability|p1a: Rayquaza|Air Lock\n|turn|28\n|\n|t:|1700761497\n|move|p1a: Rayquaza|Surf|p2a: Regirock\n|-supereffective|p2a: Regirock\n|-damage|p2a: Regirock|5\/100\n|-damage|p1a: Rayquaza|91\/100|[from] item: Life Orb\n|move|p2a: Regirock|Toxic|p1a: Rayquaza\n|-status|p1a: Rayquaza|tox\n|\n|-damage|p1a: Rayquaza|85\/100 tox|[from] psn\n|upkeep\n|turn|29\n|\n|t:|1700761501\n|move|p1a: Rayquaza|Surf|p2a: Regirock\n|-supereffective|p2a: Regirock\n|-damage|p2a: Regirock|0 fnt\n|faint|p2a: Regirock\n|-damage|p1a: Rayquaza|75\/100 tox|[from] item: Life Orb\n|\n|-damage|p1a: Rayquaza|63\/100 tox|[from] psn\n|upkeep\n|\n|t:|1700761503\n|switch|p2a: Regice|Regice|100\/100\n|turn|30\n|\n|t:|1700761509\n|move|p1a: Rayquaza|V-create|p2a: Regice\n|-supereffective|p2a: Regice\n|-damage|p2a: Regice|0 fnt\n|-unboost|p1a: Rayquaza|spe|1\n|-unboost|p1a: Rayquaza|def|1\n|-unboost|p1a: Rayquaza|spd|1\n|faint|p2a: Regice\n|-damage|p1a: Rayquaza|53\/100 tox|[from] item: Life Orb\n|\n|-damage|p1a: Rayquaza|35\/100 tox|[from] psn\n|upkeep\n|\n|t:|1700761512\n|switch|p2a: Regieleki|Regieleki|100\/100\n|turn|31\n|\n|t:|1700761515\n|move|p2a: Regieleki|Volt Switch|p1a: Rayquaza\n|-damage|p1a: Rayquaza|0 fnt\n|faint|p1a: Rayquaza\n|\n|t:|1700761517\n|switch|p2a: Regidrago|Regidrago|100\/100|[from] Volt Switch\n|\n|upkeep\n|\n|t:|1700761522\n|switch|p1a: Kyogre|Kyogre-Primal|100\/100\n|-weather|PrimordialSea|[from] ability: Primordial Sea|[of] p1a: Kyogre\n|turn|32\n|\n|t:|1700761529\n|move|p2a: Regidrago|Draco Meteor|p1a: Kyogre\n|-damage|p1a: Kyogre|55\/100\n|-unboost|p2a: Regidrago|spa|2\n|move|p1a: Kyogre|Ice Beam|p2a: Regidrago\n|-supereffective|p2a: Regidrago\n|-damage|p2a: Regidrago|5\/100\n|\n|-weather|PrimordialSea|[upkeep]\n|upkeep\n|turn|33\n|\n|t:|1700761532\n|move|p2a: Regidrago|Draco Meteor|p1a: Kyogre\n|-damage|p1a: Kyogre|33\/100\n|-unboost|p2a: Regidrago|spa|2\n|move|p1a: Kyogre|Ancient Power|p2a: Regidrago\n|-damage|p2a: Regidrago|0 fnt\n|faint|p2a: Regidrago\n|\n|-weather|PrimordialSea|[upkeep]\n|upkeep\n|\n|t:|1700761534\n|switch|p2a: Regieleki|Regieleki|100\/100\n|turn|34\n|\n|t:|1700761537\n|-terastallize|p2a: Regieleki|Electric\n|move|p2a: Regieleki|Thunderbolt|p1a: Kyogre\n|-supereffective|p1a: Kyogre\n|-damage|p1a: Kyogre|0 fnt\n|faint|p1a: Kyogre\n|-weather|none\n|\n|upkeep\n|\n|t:|1700761539\n|switch|p1a: Gabriel gambit|Kingambit, M|100\/100\n|-activate|p1a: Gabriel gambit|ability: Supreme Overlord\n|-start|p1a: Gabriel gambit|fallen5|[silent]\n|turn|35\n|\n|t:|1700761541\n|move|p1a: Gabriel gambit|Sucker Punch|p2a: Regieleki\n|-damage|p2a: Regieleki|0 fnt\n|faint|p2a: Regieleki\n|\n|win|TACOB3I\n|raw|TACOB3I's rating: 1452 &rarr; <strong>1472<\/strong><br \/>(+20 for winning)\n|raw|Theimpactassault's rating: 1451 &rarr; <strong>1431<\/strong><br \/>(-20 for losing)\n|l|\u2606Theimpactassault\n","uploadtime":1700761556,"views":4,"p1id":"tacob3i","p2id":"theimpactassault","formatid":"gen9nationaldexubers","rating":1431,"private":0,"password":""}