{"id":"gen9nationaldexubers-1989677982","p1":"Hdususyst","p2":"gomez021","format":"[Gen 9] National Dex Ubers","log":"|j|\u2606Hdususyst\n|j|\u2606gomez021\n|t:|1699886022\n|gametype|singles\n|player|p1|Hdususyst|2|1000\n|player|p2|gomez021|benga|1137\n|teamsize|p1|6\n|teamsize|p2|6\n|gen|9\n|tier|[Gen 9] National Dex Ubers\n|rated|\n|rule|HP Percentage Mod: HP is shown in percentages\n|rule|Endless Battle Clause: Forcing endless battles is banned\n|rule|OHKO Clause: OHKO moves are banned\n|rule|Evasion Moves Clause: Evasion moves are banned\n|rule|Evasion Items Clause: Evasion items are banned\n|rule|Species Clause: Limit one of each Pok\u00e9mon\n|rule|Sleep Clause Mod: Limit one foe put to sleep\n|rule|Mega Rayquaza Clause: You cannot mega evolve Rayquaza\n|clearpoke\n|poke|p1|Annihilape, F|\n|poke|p1|Infernape, F|\n|poke|p1|Urshifu-*, M|\n|poke|p1|Blaziken, M|\n|poke|p1|Emboar, F|\n|poke|p1|Marshadow|\n|poke|p2|Palafin, M|\n|poke|p2|Inteleon, M|\n|poke|p2|Barraskewda, M|\n|poke|p2|Manaphy|\n|poke|p2|Gastrodon-East, M|\n|poke|p2|Toxapex, M|\n|teampreview\n|inactive|Battle timer is ON: inactive players will automatically lose when time's up. (requested by Hdususyst)\n|c|\u2606gomez021|perfect jajja\n|c|\u2606gomez021|thanks\n|inactive|gomez021 has 120 seconds left.\n|\n|t:|1699886056\n|start\n|switch|p1a: Annihilape|Annihilape, F|100\/100\n|switch|p2a: Palafin|Palafin, M|100\/100\n|turn|1\n|\n|t:|1699886066\n|move|p2a: Palafin|Flip Turn|p1a: Annihilape\n|-damage|p1a: Annihilape|65\/100\n|\n|t:|1699886077\n|detailschange|p2a: Palafin|Palafin-Hero, M\n|switch|p2a: Gastrodon|Gastrodon-East, M|100\/100|[from] Flip Turn\n|move|p1a: Annihilape|Stealth Rock|p2a: Gastrodon\n|-sidestart|p2: gomez021|move: Stealth Rock\n|\n|upkeep\n|turn|2\n|\n|t:|1699886083\n|move|p1a: Annihilape|Drain Punch|p2a: Gastrodon\n|-damage|p2a: Gastrodon|69\/100\n|-heal|p1a: Annihilape|81\/100|[from] drain|[of] p2a: Gastrodon\n|move|p2a: Gastrodon|Toxic|p1a: Annihilape\n|-status|p1a: Annihilape|tox\n|\n|-heal|p2a: Gastrodon|75\/100|[from] item: Leftovers\n|-damage|p1a: Annihilape|75\/100 tox|[from] psn\n|upkeep\n|turn|3\n|\n|t:|1699886093\n|move|p1a: Annihilape|Drain Punch|p2a: Gastrodon\n|-damage|p2a: Gastrodon|48\/100\n|-heal|p1a: Annihilape|88\/100 tox|[from] drain|[of] p2a: Gastrodon\n|move|p2a: Gastrodon|Scald|p1a: Annihilape\n|-damage|p1a: Annihilape|66\/100 tox\n|\n|-heal|p2a: Gastrodon|54\/100|[from] item: Leftovers\n|-damage|p1a: Annihilape|54\/100 tox|[from] psn\n|upkeep\n|turn|4\n|\n|t:|1699886099\n|move|p1a: Annihilape|Drain Punch|p2a: Gastrodon\n|-damage|p2a: Gastrodon|24\/100\n|-heal|p1a: Annihilape|70\/100 tox|[from] drain|[of] p2a: Gastrodon\n|move|p2a: Gastrodon|Recover|p2a: Gastrodon\n|-heal|p2a: Gastrodon|74\/100\n|\n|-heal|p2a: Gastrodon|80\/100|[from] item: Leftovers\n|-damage|p1a: Annihilape|51\/100 tox|[from] psn\n|upkeep\n|turn|5\n|\n|t:|1699886116\n|move|p1a: Annihilape|Drain Punch|p2a: Gastrodon\n|-damage|p2a: Gastrodon|52\/100\n|-heal|p1a: Annihilape|65\/100 tox|[from] drain|[of] p2a: Gastrodon\n|move|p2a: Gastrodon|Recover|p2a: Gastrodon\n|-heal|p2a: Gastrodon|100\/100\n|\n|-damage|p1a: Annihilape|40\/100 tox|[from] psn\n|upkeep\n|turn|6\n|\n|t:|1699886126\n|switch|p2a: Toxapex|Toxapex, M|100\/100\n|-damage|p2a: Toxapex|88\/100|[from] Stealth Rock\n|move|p1a: Annihilape|Rest|p1a: Annihilape\n|-status|p1a: Annihilape|slp|[from] move: Rest\n|-heal|p1a: Annihilape|100\/100 slp|[silent]\n|-enditem|p1a: Annihilape|Chesto Berry|[eat]\n|-curestatus|p1a: Annihilape|slp|[msg]\n|\n|-heal|p2a: Toxapex|94\/100|[from] item: Black Sludge\n|upkeep\n|turn|7\n|\n|t:|1699886138\n|move|p1a: Annihilape|Rage Fist|p2a: Toxapex\n|-damage|p2a: Toxapex|46\/100\n|move|p2a: Toxapex|Toxic|p1a: Annihilape\n|-status|p1a: Annihilape|tox\n|\n|-heal|p2a: Toxapex|52\/100|[from] item: Black Sludge\n|-damage|p1a: Annihilape|94\/100 tox|[from] psn\n|upkeep\n|turn|8\n|\n|t:|1699886150\n|switch|p1a: Urshifu|Urshifu, M|100\/100\n|switch|p2a: Gastrodon|Gastrodon-East, M|100\/100\n|-damage|p2a: Gastrodon|94\/100|[from] Stealth Rock\n|\n|-heal|p2a: Gastrodon|100\/100|[from] item: Leftovers\n|upkeep\n|turn|9\n|\n|t:|1699886161\n|-terastallize|p1a: Urshifu|Dark\n|move|p1a: Urshifu|Wicked Blow|p2a: Gastrodon\n|-crit|p2a: Gastrodon\n|-damage|p2a: Gastrodon|16\/100\n|move|p2a: Gastrodon|Toxic|p1a: Urshifu|[miss]\n|-miss|p2a: Gastrodon|p1a: Urshifu\n|\n|-heal|p2a: Gastrodon|23\/100|[from] item: Leftovers\n|upkeep\n|turn|10\n|\n|t:|1699886171\n|move|p1a: Urshifu|Wicked Blow|p2a: Gastrodon\n|-crit|p2a: Gastrodon\n|-damage|p2a: Gastrodon|0 fnt\n|faint|p2a: Gastrodon\n|\n|upkeep\n|\n|t:|1699886183\n|switch|p2a: Barraskewda|Barraskewda, M|100\/100\n|-damage|p2a: Barraskewda|88\/100|[from] Stealth Rock\n|turn|11\n|\n|t:|1699886187\n|switch|p1a: Annihilape|Annihilape, F|94\/100 tox\n|move|p2a: Barraskewda|Close Combat|p1a: Annihilape\n|-immune|p1a: Annihilape\n|\n|-damage|p1a: Annihilape|88\/100 tox|[from] psn\n|upkeep\n|turn|12\n|\n|t:|1699886191\n|switch|p2a: Toxapex|Toxapex, M|85\/100\n|-damage|p2a: Toxapex|73\/100|[from] Stealth Rock\n|move|p1a: Annihilape|Rage Fist|p2a: Toxapex\n|-damage|p2a: Toxapex|25\/100\n|\n|-heal|p2a: Toxapex|31\/100|[from] item: Black Sludge\n|-damage|p1a: Annihilape|76\/100 tox|[from] psn\n|upkeep\n|turn|13\n|\n|t:|1699886202\n|move|p1a: Annihilape|Rage Fist|p2a: Toxapex\n|-damage|p2a: Toxapex|0 fnt\n|faint|p2a: Toxapex\n|\n|-damage|p1a: Annihilape|57\/100 tox|[from] psn\n|upkeep\n|\n|t:|1699886218\n|switch|p2a: Inteleon|Inteleon, M|100\/100\n|-damage|p2a: Inteleon|88\/100|[from] Stealth Rock\n|turn|14\n|\n|t:|1699886224\n|move|p2a: Inteleon|Air Slash|p1a: Annihilape\n|-supereffective|p1a: Annihilape\n|-damage|p1a: Annihilape|11\/100 tox\n|move|p1a: Annihilape|Rage Fist|p2a: Inteleon\n|-damage|p2a: Inteleon|0 fnt\n|faint|p2a: Inteleon\n|\n|-damage|p1a: Annihilape|0 fnt|[from] psn\n|faint|p1a: Annihilape\n|upkeep\n|\n|t:|1699886232\n|switch|p2a: Manaphy|Manaphy|100\/100\n|switch|p1a: Infernape|Infernape, F|100\/100\n|-damage|p2a: Manaphy|88\/100|[from] Stealth Rock\n|turn|15\n|\n|t:|1699886246\n|move|p1a: Infernape|Close Combat|p2a: Manaphy\n|-damage|p2a: Manaphy|36\/100\n|-unboost|p1a: Infernape|def|1\n|-unboost|p1a: Infernape|spd|1\n|move|p2a: Manaphy|Rain Dance|p2a: Manaphy\n|-weather|RainDance\n|\n|-weather|RainDance|[upkeep]\n|upkeep\n|turn|16\n|\n|t:|1699886251\n|move|p1a: Infernape|Close Combat|p2a: Manaphy\n|-damage|p2a: Manaphy|0 fnt\n|-unboost|p1a: Infernape|def|1\n|-unboost|p1a: Infernape|spd|1\n|faint|p2a: Manaphy\n|\n|-weather|RainDance|[upkeep]\n|upkeep\n|\n|t:|1699886257\n|switch|p2a: Barraskewda|Barraskewda, M|88\/100\n|-damage|p2a: Barraskewda|76\/100|[from] Stealth Rock\n|turn|17\n|\n|t:|1699886267\n|move|p2a: Barraskewda|Liquidation|p1a: Infernape\n|-supereffective|p1a: Infernape\n|-damage|p1a: Infernape|0 fnt\n|faint|p1a: Infernape\n|\n|-weather|RainDance|[upkeep]\n|upkeep\n|\n|t:|1699886270\n|switch|p1a: Emboar|Emboar, F|100\/100\n|turn|18\n|\n|t:|1699886272\n|move|p1a: Emboar|Sucker Punch|p2a: Barraskewda\n|-damage|p2a: Barraskewda|28\/100\n|move|p2a: Barraskewda|Liquidation|p1a: Emboar\n|-supereffective|p1a: Emboar\n|-damage|p1a: Emboar|0 fnt\n|faint|p1a: Emboar\n|\n|-weather|RainDance|[upkeep]\n|upkeep\n|\n|t:|1699886279\n|switch|p1a: Marshadow|Marshadow|100\/100\n|turn|19\n|\n|t:|1699886286\n|move|p1a: Marshadow|Shadow Sneak|p2a: Barraskewda\n|-damage|p2a: Barraskewda|0 fnt\n|faint|p2a: Barraskewda\n|\n|-weather|RainDance|[upkeep]\n|upkeep\n|\n|t:|1699886293\n|switch|p2a: Palafin|Palafin-Hero, M|100\/100\n|-damage|p2a: Palafin|88\/100|[from] Stealth Rock\n|-activate|p2a: Palafin|ability: Zero to Hero\n|turn|20\n|\n|t:|1699886301\n|-terastallize|p2a: Palafin|Water\n|move|p1a: Marshadow|Shadow Sneak|p2a: Palafin\n|-damage|p2a: Palafin|59\/100\n|move|p2a: Palafin|Jet Punch|p1a: Marshadow\n|-damage|p1a: Marshadow|0 fnt\n|faint|p1a: Marshadow\n|\n|-weather|RainDance|[upkeep]\n|upkeep\n|\n|t:|1699886307\n|switch|p1a: Blaziken|Blaziken, M|100\/100\n|turn|21\n|\n|t:|1699886310\n|move|p1a: Blaziken|Protect|p1a: Blaziken\n|-singleturn|p1a: Blaziken|Protect\n|move|p2a: Palafin|Jet Punch|p1a: Blaziken\n|-activate|p1a: Blaziken|move: Protect\n|\n|-weather|RainDance|[upkeep]\n|-ability|p1a: Blaziken|Speed Boost|boost\n|-boost|p1a: Blaziken|spe|1\n|upkeep\n|turn|22\n|\n|t:|1699886320\n|detailschange|p1a: Blaziken|Blaziken-Mega, M\n|-mega|p1a: Blaziken|Blaziken|Blazikenite\n|move|p1a: Blaziken|Protect|p1a: Blaziken\n|-singleturn|p1a: Blaziken|Protect\n|move|p2a: Palafin|Jet Punch|p1a: Blaziken\n|-activate|p1a: Blaziken|move: Protect\n|\n|-weather|none\n|-ability|p1a: Blaziken|Speed Boost|boost\n|-boost|p1a: Blaziken|spe|1\n|upkeep\n|turn|23\n|\n|t:|1699886326\n|move|p2a: Palafin|Jet Punch|p1a: Blaziken\n|-supereffective|p1a: Blaziken\n|-damage|p1a: Blaziken|0 fnt\n|faint|p1a: Blaziken\n|\n|upkeep\n|\n|t:|1699886328\n|switch|p1a: Urshifu|Urshifu, M, tera:Dark|100\/100\n|turn|24\n|c|\u2606gomez021|doble wow\n|\n|t:|1699886332\n|move|p2a: Palafin|Jet Punch|p1a: Urshifu\n|-damage|p1a: Urshifu|16\/100\n|move|p1a: Urshifu|Wicked Blow|p2a: Palafin\n|-crit|p2a: Palafin\n|-damage|p2a: Palafin|0 fnt\n|faint|p2a: Palafin\n|\n|win|Hdususyst\n|raw|Hdususyst's rating: 1057 &rarr; <strong>1096<\/strong><br \/>(+39 for winning)\n|raw|gomez021's rating: 1137 &rarr; <strong>1106<\/strong><br \/>(-31 for losing)\n|c|\u2606gomez021|gg\n|l|\u2606gomez021\n","uploadtime":1699886354,"views":6,"p1id":"hdususyst","p2id":"gomez021","formatid":"gen9nationaldexubers","rating":1096,"private":0,"password":""}