{"id":"gen9nationaldexubers-1980872933","p1":"yizhipokemeng","p2":"whaah","format":"[Gen 9] National Dex Ubers","log":"|j|\u2606yizhipokemeng\n|j|\u2606whaah\n|t:|1698844653\n|gametype|singles\n|player|p1|yizhipokemeng|102|1341\n|player|p2|whaah|plasmagrunt-gen5bw|1368\n|teamsize|p1|6\n|teamsize|p2|6\n|gen|9\n|tier|[Gen 9] National Dex Ubers\n|rated|\n|rule|HP Percentage Mod: HP is shown in percentages\n|rule|Endless Battle Clause: Forcing endless battles is banned\n|rule|OHKO Clause: OHKO moves are banned\n|rule|Evasion Moves Clause: Evasion moves are banned\n|rule|Evasion Items Clause: Evasion items are banned\n|rule|Species Clause: Limit one of each Pok\u00e9mon\n|rule|Sleep Clause Mod: Limit one foe put to sleep\n|rule|Mega Rayquaza Clause: You cannot mega evolve Rayquaza\n|clearpoke\n|poke|p1|Cresselia, F|\n|poke|p1|Arceus-Water|\n|poke|p1|Melmetal|\n|poke|p1|Hatterene, F|\n|poke|p1|Basculegion, M|\n|poke|p1|Kyogre|\n|poke|p2|Giratina|\n|poke|p2|Ho-Oh|\n|poke|p2|Dondozo, M|\n|poke|p2|Chansey, F|\n|poke|p2|Clodsire, M|\n|poke|p2|Groudon|\n|teampreview\n|\n|t:|1698844673\n|start\n|switch|p1a: Arceus|Arceus-Water|100\/100\n|switch|p2a: Giratina|Giratina|100\/100\n|-ability|p2a: Giratina|Pressure\n|turn|1\n|\n|t:|1698844683\n|move|p1a: Arceus|Will-O-Wisp|p2a: Giratina\n|-status|p2a: Giratina|brn\n|move|p2a: Giratina|Toxic|p1a: Arceus\n|-status|p1a: Arceus|tox\n|\n|-damage|p1a: Arceus|94\/100 tox|[from] psn\n|-damage|p2a: Giratina|94\/100 brn|[from] brn\n|upkeep\n|turn|2\n|\n|t:|1698844698\n|switch|p2a: Dondozo|Dondozo, M|100\/100\n|move|p1a: Arceus|Trick Room|p1a: Arceus\n|-fieldstart|move: Trick Room|[of] p1a: Arceus\n|\n|-damage|p1a: Arceus|82\/100 tox|[from] psn\n|upkeep\n|turn|3\n|\n|t:|1698844717\n|switch|p1a: Melmetal|Melmetal|100\/100\n|move|p2a: Dondozo|Curse|p2a: Dondozo\n|-unboost|p2a: Dondozo|spe|1\n|-boost|p2a: Dondozo|atk|1\n|-boost|p2a: Dondozo|def|1\n|\n|upkeep\n|turn|4\n|\n|t:|1698844728\n|move|p2a: Dondozo|Curse|p2a: Dondozo\n|-unboost|p2a: Dondozo|spe|1\n|-boost|p2a: Dondozo|atk|1\n|-boost|p2a: Dondozo|def|1\n|move|p1a: Melmetal|Rock Slide|p2a: Dondozo\n|-damage|p2a: Dondozo|91\/100\n|\n|-heal|p2a: Dondozo|97\/100|[from] item: Leftovers\n|upkeep\n|turn|5\n|\n|t:|1698844740\n|switch|p1a: Kyogre|Kyogre|100\/100\n|detailschange|p1a: Kyogre|Kyogre-Primal\n|-primal|p1a: Kyogre|Blue Orb\n|-weather|PrimordialSea|[from] ability: Primordial Sea|[of] p1a: Kyogre\n|move|p2a: Dondozo|Liquidation|p1a: Kyogre\n|-resisted|p1a: Kyogre\n|-damage|p1a: Kyogre|60\/100\n|\n|-weather|PrimordialSea|[upkeep]\n|-heal|p2a: Dondozo|100\/100|[from] item: Leftovers\n|upkeep\n|turn|6\n|\n|t:|1698844757\n|switch|p2a: Chansey|Chansey, F|100\/100\n|move|p1a: Kyogre|Ice Beam|p2a: Chansey\n|-damage|p2a: Chansey|90\/100\n|\n|-weather|PrimordialSea|[upkeep]\n|-fieldend|move: Trick Room\n|upkeep\n|turn|7\n|\n|t:|1698844772\n|-weather|none\n|switch|p1a: Melmetal|Melmetal|100\/100\n|move|p2a: Chansey|Seismic Toss|p1a: Melmetal\n|-damage|p1a: Melmetal|79\/100\n|\n|upkeep\n|turn|8\n|inactive|Battle timer is ON: inactive players will automatically lose when time's up. (requested by whaah)\n|\n|t:|1698844780\n|switch|p2a: Dondozo|Dondozo, M|100\/100\n|move|p1a: Melmetal|Rock Slide|p2a: Dondozo\n|-damage|p2a: Dondozo|79\/100\n|\n|-heal|p2a: Dondozo|85\/100|[from] item: Leftovers\n|upkeep\n|turn|9\n|\n|t:|1698844788\n|move|p2a: Dondozo|Liquidation|p1a: Melmetal\n|-damage|p1a: Melmetal|63\/100\n|move|p1a: Melmetal|Rock Slide|p2a: Dondozo\n|-damage|p2a: Dondozo|63\/100\n|\n|-heal|p2a: Dondozo|69\/100|[from] item: Leftovers\n|upkeep\n|turn|10\n|\n|t:|1698844798\n|switch|p1a: Cresselia|Cresselia, F, shiny|100\/100\n|move|p2a: Dondozo|Curse|p2a: Dondozo\n|-unboost|p2a: Dondozo|spe|1\n|-boost|p2a: Dondozo|atk|1\n|-boost|p2a: Dondozo|def|1\n|\n|-heal|p2a: Dondozo|75\/100|[from] item: Leftovers\n|upkeep\n|turn|11\n|\n|t:|1698844809\n|switch|p2a: Chansey|Chansey, F|90\/100\n|move|p1a: Cresselia|Moonblast|p2a: Chansey\n|-damage|p2a: Chansey|86\/100\n|\n|upkeep\n|turn|12\n|\n|t:|1698844821\n|switch|p1a: Hatterene|Hatterene, F|100\/100\n|move|p2a: Chansey|Seismic Toss|p1a: Hatterene\n|-damage|p1a: Hatterene|69\/100\n|\n|upkeep\n|turn|13\n|\n|t:|1698844830\n|move|p2a: Chansey|Seismic Toss|p1a: Hatterene\n|-damage|p1a: Hatterene|38\/100\n|move|p1a: Hatterene|Mystical Fire|p2a: Chansey\n|-damage|p2a: Chansey|78\/100\n|-unboost|p2a: Chansey|spa|1\n|\n|upkeep\n|turn|14\n|\n|t:|1698844838\n|switch|p1a: Basculegion|Basculegion, M|100\/100\n|move|p2a: Chansey|Seismic Toss|p1a: Basculegion\n|-immune|p1a: Basculegion\n|\n|upkeep\n|turn|15\n|\n|t:|1698844853\n|switch|p2a: Groudon|Groudon|100\/100\n|detailschange|p2a: Groudon|Groudon-Primal\n|-primal|p2a: Groudon|Red Orb\n|-weather|DesolateLand|[from] ability: Desolate Land|[of] p2a: Groudon\n|move|p1a: Basculegion|Double-Edge|p2a: Groudon\n|-damage|p2a: Groudon|72\/100\n|-damage|p1a: Basculegion|92\/100|[from] Recoil\n|\n|-weather|DesolateLand|[upkeep]\n|upkeep\n|turn|16\n|\n|t:|1698844868\n|switch|p1a: Cresselia|Cresselia, F, shiny|100\/100\n|move|p2a: Groudon|Stealth Rock|p1a: Cresselia\n|-sidestart|p1: yizhipokemeng|move: Stealth Rock\n|\n|-weather|DesolateLand|[upkeep]\n|upkeep\n|turn|17\n|\n|t:|1698844878\n|-weather|none\n|switch|p2a: Chansey|Chansey, F|78\/100\n|move|p1a: Cresselia|Ally Switch||[still]\n|-fail|p1a: Cresselia\n|\n|upkeep\n|turn|18\n|\n|t:|1698844901\n|move|p2a: Chansey|Seismic Toss|p1a: Cresselia\n|-damage|p1a: Cresselia|78\/100\n|move|p1a: Cresselia|Trick Room|p1a: Cresselia\n|-fieldstart|move: Trick Room|[of] p1a: Cresselia\n|\n|upkeep\n|turn|19\n|inactive|yizhipokemeng has 120 seconds left.\n|\n|t:|1698844930\n|switch|p1a: Melmetal|Melmetal|63\/100\n|-damage|p1a: Melmetal|57\/100|[from] Stealth Rock\n|move|p2a: Chansey|Seismic Toss|p1a: Melmetal\n|-damage|p1a: Melmetal|36\/100\n|\n|upkeep\n|turn|20\n|inactive|yizhipokemeng has 120 seconds left.\n|\n|t:|1698844951\n|switch|p2a: Dondozo|Dondozo, M|75\/100\n|-terastallize|p1a: Melmetal|Steel\n|move|p1a: Melmetal|Double Iron Bash|p2a: Dondozo\n|-resisted|p2a: Dondozo\n|-crit|p2a: Dondozo\n|-damage|p2a: Dondozo|47\/100\n|-resisted|p2a: Dondozo\n|-damage|p2a: Dondozo|28\/100\n|-hitcount|p2a: Dondozo|2\n|\n|-heal|p2a: Dondozo|34\/100|[from] item: Leftovers\n|upkeep\n|turn|21\n|\n|t:|1698844962\n|move|p1a: Melmetal|Double Iron Bash|p2a: Dondozo\n|-resisted|p2a: Dondozo\n|-damage|p2a: Dondozo|13\/100\n|-resisted|p2a: Dondozo\n|-damage|p2a: Dondozo|0 fnt\n|faint|p2a: Dondozo\n|-hitcount|p2: Dondozo|2\n|\n|upkeep\n|\n|t:|1698844967\n|switch|p2a: Ho-Oh|Ho-Oh|100\/100\n|turn|22\n|\n|t:|1698844971\n|move|p1a: Melmetal|Double Iron Bash|p2a: Ho-Oh\n|-resisted|p2a: Ho-Oh\n|-damage|p2a: Ho-Oh|73\/100\n|-resisted|p2a: Ho-Oh\n|-damage|p2a: Ho-Oh|45\/100\n|-hitcount|p2a: Ho-Oh|2\n|move|p2a: Ho-Oh|Sacred Fire|p1a: Melmetal\n|-supereffective|p1a: Melmetal\n|-damage|p1a: Melmetal|0 fnt\n|faint|p1a: Melmetal\n|\n|-fieldend|move: Trick Room\n|upkeep\n|inactive|yizhipokemeng has 120 seconds left.\n|\n|t:|1698844984\n|switch|p1a: Hatterene|Hatterene, F|38\/100\n|-damage|p1a: Hatterene|25\/100|[from] Stealth Rock\n|turn|23\n|inactive|yizhipokemeng has 120 seconds left.\n|\n|t:|1698844990\n|move|p2a: Ho-Oh|Sacred Fire|p1a: Hatterene\n|-damage|p1a: Hatterene|0 fnt\n|faint|p1a: Hatterene\n|\n|upkeep\n|\n|t:|1698844995\n|switch|p1a: Arceus|Arceus-Water|82\/100 tox\n|-damage|p1a: Arceus|70\/100 tox|[from] Stealth Rock\n|turn|24\n|\n|t:|1698845002\n|switch|p2a: Chansey|Chansey, F|78\/100\n|move|p1a: Arceus|Trick Room|p1a: Arceus\n|-fieldstart|move: Trick Room|[of] p1a: Arceus\n|\n|-damage|p1a: Arceus|64\/100 tox|[from] psn\n|upkeep\n|turn|25\n|\n|t:|1698845014\n|switch|p1a: Basculegion|Basculegion, M|92\/100\n|-damage|p1a: Basculegion|80\/100|[from] Stealth Rock\n|move|p2a: Chansey|Heal Bell|p2a: Chansey\n|-activate|p2a: Chansey|move: Heal Bell\n|-curestatus|p2: Giratina|brn|[msg]\n|\n|upkeep\n|turn|26\n|\n|t:|1698845024\n|move|p2a: Chansey|Soft-Boiled|p2a: Chansey\n|-heal|p2a: Chansey|100\/100\n|move|p1a: Basculegion|Wave Crash|p2a: Chansey\n|-damage|p2a: Chansey|11\/100\n|-damage|p1a: Basculegion|37\/100|[from] Recoil\n|\n|upkeep\n|turn|27\n|\n|t:|1698845039\n|switch|p2a: Clodsire|Clodsire, M|100\/100\n|switch|p1a: Cresselia|Cresselia, F, shiny|78\/100\n|-damage|p1a: Cresselia|66\/100|[from] Stealth Rock\n|\n|upkeep\n|turn|28\n|\n|t:|1698845051\n|move|p2a: Clodsire|Toxic|p1a: Cresselia\n|-status|p1a: Cresselia|tox\n|move|p1a: Cresselia|Moonblast|p2a: Clodsire\n|-resisted|p2a: Clodsire\n|-damage|p2a: Clodsire|96\/100\n|\n|-heal|p2a: Clodsire|100\/100|[from] item: Leftovers\n|-damage|p1a: Cresselia|60\/100 tox|[from] psn\n|-fieldend|move: Trick Room\n|upkeep\n|turn|29\n|\n|t:|1698845060\n|move|p2a: Clodsire|Earthquake|p1a: Cresselia\n|-immune|p1a: Cresselia|[from] ability: Levitate\n|move|p1a: Cresselia|Trick Room|p1a: Cresselia\n|-fieldstart|move: Trick Room|[of] p1a: Cresselia\n|\n|-damage|p1a: Cresselia|47\/100 tox|[from] psn\n|upkeep\n|turn|30\n|\n|t:|1698845072\n|switch|p2a: Chansey|Chansey, F|11\/100\n|move|p1a: Cresselia|Lunar Dance|p1a: Cresselia\n|faint|p1a: Cresselia\n|\n|upkeep\n|\n|t:|1698845079\n|switch|p1a: Kyogre|Kyogre-Primal|60\/100\n|-heal|p1a: Kyogre|100\/100|[from] move: Lunar Dance\n|-damage|p1a: Kyogre|88\/100|[from] Stealth Rock\n|-weather|PrimordialSea|[from] ability: Primordial Sea|[of] p1a: Kyogre\n|turn|31\n|\n|t:|1698845094\n|-terastallize|p2a: Chansey|Grass\n|move|p2a: Chansey|Soft-Boiled|p2a: Chansey\n|-heal|p2a: Chansey|61\/100\n|move|p1a: Kyogre|Ice Beam|p2a: Chansey\n|-supereffective|p2a: Chansey\n|-damage|p2a: Chansey|41\/100\n|\n|-weather|PrimordialSea|[upkeep]\n|upkeep\n|turn|32\n|\n|t:|1698845102\n|move|p2a: Chansey|Confide|p1a: Kyogre\n|-unboost|p1a: Kyogre|spa|1\n|move|p1a: Kyogre|Ice Beam|p2a: Chansey\n|-supereffective|p2a: Chansey\n|-damage|p2a: Chansey|27\/100\n|\n|-weather|PrimordialSea|[upkeep]\n|upkeep\n|turn|33\n|\n|t:|1698845110\n|-weather|none\n|switch|p1a: Arceus|Arceus-Water|64\/100 tox\n|-damage|p1a: Arceus|51\/100 tox|[from] Stealth Rock\n|move|p2a: Chansey|Soft-Boiled|p2a: Chansey\n|-heal|p2a: Chansey|77\/100\n|\n|-damage|p1a: Arceus|45\/100 tox|[from] psn\n|-fieldend|move: Trick Room\n|upkeep\n|turn|34\n|\n|t:|1698845121\n|move|p2a: Chansey|Seismic Toss|p1a: Arceus\n|-damage|p1a: Arceus|23\/100 tox\n|move|p1a: Arceus|Trick Room|p1a: Arceus\n|-fieldstart|move: Trick Room|[of] p1a: Arceus\n|\n|-damage|p1a: Arceus|11\/100 tox|[from] psn\n|upkeep\n|turn|35\n|\n|t:|1698845133\n|move|p2a: Chansey|Seismic Toss|p1a: Arceus\n|-damage|p1a: Arceus|0 fnt\n|faint|p1a: Arceus\n|\n|upkeep\n|\n|t:|1698845138\n|switch|p1a: Basculegion|Basculegion, M|37\/100\n|-damage|p1a: Basculegion|25\/100|[from] Stealth Rock\n|turn|36\n|\n|t:|1698845148\n|switch|p2a: Clodsire|Clodsire, M|100\/100\n|move|p1a: Basculegion|Last Respects|p2a: Clodsire\n|-damage|p2a: Clodsire|0 fnt\n|faint|p2a: Clodsire\n|\n|upkeep\n|\n|t:|1698845178\n|switch|p2a: Giratina|Giratina|94\/100\n|-ability|p2a: Giratina|Pressure\n|turn|37\n|\n|t:|1698845185\n|switch|p2a: Chansey|Chansey, F, tera:Grass|77\/100\n|move|p1a: Basculegion|Last Respects|p2a: Chansey\n|-damage|p2a: Chansey|0 fnt\n|faint|p2a: Chansey\n|\n|upkeep\n|\n|t:|1698845196\n|switch|p2a: Groudon|Groudon-Primal|72\/100\n|-weather|DesolateLand|[from] ability: Desolate Land|[of] p2a: Groudon\n|turn|38\n|\n|t:|1698845202\n|move|p1a: Basculegion|Last Respects|p2a: Groudon\n|-damage|p2a: Groudon|0 fnt\n|faint|p2a: Groudon\n|-weather|none\n|\n|-fieldend|move: Trick Room\n|upkeep\n|\n|t:|1698845205\n|switch|p2a: Giratina|Giratina|94\/100\n|-ability|p2a: Giratina|Pressure\n|turn|39\n|\n|t:|1698845211\n|move|p2a: Giratina|Toxic|p1a: Basculegion\n|-status|p1a: Basculegion|tox\n|move|p1a: Basculegion|Last Respects|p2a: Giratina\n|-supereffective|p2a: Giratina\n|-damage|p2a: Giratina|0 fnt\n|faint|p2a: Giratina\n|\n|-damage|p1a: Basculegion|19\/100 tox|[from] psn\n|upkeep\n|\n|t:|1698845216\n|switch|p2a: Ho-Oh|Ho-Oh|78\/100\n|turn|40\n|\n|t:|1698845221\n|move|p2a: Ho-Oh|Sacred Fire|p1a: Basculegion\n|-resisted|p1a: Basculegion\n|-damage|p1a: Basculegion|0 fnt\n|faint|p1a: Basculegion\n|\n|upkeep\n|\n|t:|1698845227\n|switch|p1a: Kyogre|Kyogre-Primal|88\/100\n|-damage|p1a: Kyogre|76\/100|[from] Stealth Rock\n|-weather|PrimordialSea|[from] ability: Primordial Sea|[of] p1a: Kyogre\n|turn|41\n|\n|t:|1698845234\n|move|p2a: Ho-Oh|Toxic|p1a: Kyogre\n|-status|p1a: Kyogre|tox\n|move|p1a: Kyogre|Origin Pulse|p2a: Ho-Oh\n|-supereffective|p2a: Ho-Oh\n|-damage|p2a: Ho-Oh|0 fnt\n|faint|p2a: Ho-Oh\n|\n|win|yizhipokemeng\n|raw|yizhipokemeng's rating: 1341 &rarr; <strong>1363<\/strong><br \/>(+22 for winning)\n|raw|whaah's rating: 1368 &rarr; <strong>1346<\/strong><br \/>(-22 for losing)\n|l|\u2606whaah\n","uploadtime":1698845245,"views":8,"p1id":"yizhipokemeng","p2id":"whaah","formatid":"gen9nationaldexubers","rating":1346,"private":0,"password":""}