{"id":"gen9nationaldexubers-1987685174","p1":"27frd","p2":"XYZ15","format":"[Gen 9] National Dex Ubers","log":"|j|\u260627frd\n|j|\u2606XYZ15\n|t:|1699627491\n|gametype|singles\n|player|p1|27frd|hilbert|1326\n|player|p2|XYZ15|rei|1499\n|teamsize|p1|6\n|teamsize|p2|6\n|gen|9\n|tier|[Gen 9] National Dex Ubers\n|rated|\n|rule|HP Percentage Mod: HP is shown in percentages\n|rule|Endless Battle Clause: Forcing endless battles is banned\n|rule|OHKO Clause: OHKO moves are banned\n|rule|Evasion Moves Clause: Evasion moves are banned\n|rule|Evasion Items Clause: Evasion items are banned\n|rule|Species Clause: Limit one of each Pok\u00e9mon\n|rule|Sleep Clause Mod: Limit one foe put to sleep\n|rule|Mega Rayquaza Clause: You cannot mega evolve Rayquaza\n|clearpoke\n|poke|p1|Arceus|\n|poke|p1|Mew|\n|poke|p1|Darkrai|\n|poke|p1|Dialga|\n|poke|p1|Palkia|\n|poke|p1|Giratina|\n|poke|p2|Darmanitan-Galar, M|\n|poke|p2|Kyogre|\n|poke|p2|Marshadow|\n|poke|p2|Magearna|\n|poke|p2|Salamence, M|\n|poke|p2|Ho-Oh|\n|teampreview\n|inactive|Battle timer is ON: inactive players will automatically lose when time's up. (requested by XYZ15)\n|\n|t:|1699627505\n|start\n|switch|p1a: Giratina|Giratina|100\/100\n|switch|p2a: Darmanitan|Darmanitan-Galar, M|100\/100\n|-ability|p1a: Giratina|Pressure\n|turn|1\n|\n|t:|1699627516\n|move|p2a: Darmanitan|Icicle Crash|p1a: Giratina\n|-supereffective|p1a: Giratina\n|-damage|p1a: Giratina|30\/100\n|move|p1a: Giratina|Will-O-Wisp|p2a: Darmanitan|[miss]\n|-miss|p1a: Giratina|p2a: Darmanitan\n|\n|upkeep\n|turn|2\n|\n|t:|1699627522\n|move|p2a: Darmanitan|Icicle Crash|p1a: Giratina\n|-supereffective|p1a: Giratina\n|-damage|p1a: Giratina|0 fnt\n|faint|p1a: Giratina\n|\n|upkeep\n|\n|t:|1699627525\n|switch|p1a: Dialga|Dialga|100\/100\n|-ability|p1a: Dialga|Pressure\n|turn|3\n|\n|t:|1699627531\n|switch|p2a: Magearna|Magearna|100\/100\n|move|p1a: Dialga|Flash Cannon|p2a: Magearna\n|-damage|p2a: Magearna|79\/100\n|\n|upkeep\n|turn|4\n|\n|t:|1699627535\n|move|p1a: Dialga|Earth Power|p2a: Magearna\n|-supereffective|p2a: Magearna\n|-damage|p2a: Magearna|46\/100\n|move|p2a: Magearna|Volt Switch|p1a: Dialga\n|-resisted|p1a: Dialga\n|-damage|p1a: Dialga|93\/100\n|\n|t:|1699627544\n|switch|p2a: Marshadow|Marshadow|100\/100|[from] Volt Switch\n|\n|upkeep\n|turn|5\n|\n|t:|1699627551\n|move|p2a: Marshadow|Substitute|p2a: Marshadow\n|-start|p2a: Marshadow|Substitute\n|-damage|p2a: Marshadow|76\/100\n|move|p1a: Dialga|Draco Meteor|p2a: Marshadow\n|-end|p2a: Marshadow|Substitute\n|-unboost|p1a: Dialga|spa|2\n|\n|upkeep\n|turn|6\n|\n|t:|1699627556\n|move|p2a: Marshadow|Substitute|p2a: Marshadow\n|-start|p2a: Marshadow|Substitute\n|-damage|p2a: Marshadow|51\/100\n|move|p1a: Dialga|Flash Cannon|p2a: Marshadow\n|-activate|p2a: Marshadow|move: Substitute|[damage]\n|\n|upkeep\n|turn|7\n|\n|t:|1699627561\n|move|p2a: Marshadow|Drain Punch|p1a: Dialga\n|-supereffective|p1a: Dialga\n|-damage|p1a: Dialga|42\/100\n|-heal|p2a: Marshadow|78\/100|[from] drain|[of] p1a: Dialga\n|move|p1a: Dialga|Flash Cannon|p2a: Marshadow\n|-end|p2a: Marshadow|Substitute\n|\n|upkeep\n|turn|8\n|\n|t:|1699627568\n|move|p2a: Marshadow|Substitute|p2a: Marshadow\n|-start|p2a: Marshadow|Substitute\n|-damage|p2a: Marshadow|53\/100\n|move|p1a: Dialga|Flash Cannon|p2a: Marshadow\n|-activate|p2a: Marshadow|move: Substitute|[damage]\n|\n|upkeep\n|turn|9\n|\n|t:|1699627573\n|move|p2a: Marshadow|Drain Punch|p1a: Dialga\n|-supereffective|p1a: Dialga\n|-damage|p1a: Dialga|0 fnt\n|-heal|p2a: Marshadow|75\/100|[from] drain|[of] p1a: Dialga\n|faint|p1a: Dialga\n|\n|upkeep\n|\n|t:|1699627575\n|switch|p1a: Mew|Mew|100\/100\n|turn|10\n|\n|t:|1699627577\n|move|p2a: Marshadow|Spectral Thief|p1a: Mew\n|-supereffective|p1a: Mew\n|-damage|p1a: Mew|37\/100\n|-enditem|p1a: Mew|Red Card|[of] p2a: Marshadow\n|drag|p2a: Kyogre|Kyogre|100\/100\n|detailschange|p2a: Kyogre|Kyogre-Primal\n|-primal|p2a: Kyogre|Blue Orb\n|-weather|PrimordialSea|[from] ability: Primordial Sea|[of] p2a: Kyogre\n|move|p1a: Mew|Toxic Spikes|p2a: Kyogre\n|-sidestart|p2: XYZ15|move: Toxic Spikes\n|\n|-weather|PrimordialSea|[upkeep]\n|upkeep\n|turn|11\n|\n|t:|1699627586\n|move|p1a: Mew|Stealth Rock|p2a: Kyogre\n|-sidestart|p2: XYZ15|move: Stealth Rock\n|move|p2a: Kyogre|Origin Pulse|p1a: Mew\n|-damage|p1a: Mew|0 fnt\n|faint|p1a: Mew\n|\n|-weather|PrimordialSea|[upkeep]\n|upkeep\n|\n|t:|1699627590\n|switch|p1a: Darkrai|Darkrai|100\/100\n|turn|12\n|\n|t:|1699627593\n|move|p1a: Darkrai|Hypnosis|p2a: Kyogre\n|-status|p2a: Kyogre|slp|[from] move: Hypnosis\n|cant|p2a: Kyogre|slp\n|\n|-weather|PrimordialSea|[upkeep]\n|-damage|p2a: Kyogre|88\/100 slp|[from] ability: Bad Dreams|[of] p1a: Darkrai\n|upkeep\n|turn|13\n|\n|t:|1699627596\n|-weather|none\n|switch|p2a: Ho-Oh|Ho-Oh|100\/100\n|move|p1a: Darkrai|Charge Beam|p2a: Ho-Oh\n|-supereffective|p2a: Ho-Oh\n|-damage|p2a: Ho-Oh|86\/100\n|\n|upkeep\n|turn|14\n|\n|t:|1699627600\n|move|p1a: Darkrai|Charge Beam|p2a: Ho-Oh\n|-supereffective|p2a: Ho-Oh\n|-damage|p2a: Ho-Oh|69\/100\n|-boost|p1a: Darkrai|spa|1\n|move|p2a: Ho-Oh|Defog|p1a: Darkrai\n|-unboost|p1a: Darkrai|evasion|1\n|-sideend|p2: XYZ15|Toxic Spikes|[from] move: Defog|[of] p2a: Ho-Oh\n|-sideend|p2: XYZ15|Stealth Rock|[from] move: Defog|[of] p2a: Ho-Oh\n|\n|upkeep\n|turn|15\n|\n|t:|1699627603\n|move|p1a: Darkrai|Dark Pulse|p2a: Ho-Oh\n|-damage|p2a: Ho-Oh|43\/100\n|move|p2a: Ho-Oh|Sacred Fire|p1a: Darkrai\n|-damage|p1a: Darkrai|47\/100\n|\n|upkeep\n|turn|16\n|\n|t:|1699627606\n|move|p1a: Darkrai|Charge Beam|p2a: Ho-Oh\n|-supereffective|p2a: Ho-Oh\n|-damage|p2a: Ho-Oh|19\/100\n|-boost|p1a: Darkrai|spa|1\n|move|p2a: Ho-Oh|Roost|p2a: Ho-Oh\n|-heal|p2a: Ho-Oh|69\/100\n|-singleturn|p2a: Ho-Oh|move: Roost\n|\n|upkeep\n|turn|17\n|\n|t:|1699627608\n|move|p1a: Darkrai|Dark Pulse|p2a: Ho-Oh\n|-damage|p2a: Ho-Oh|32\/100\n|move|p2a: Ho-Oh|Sacred Fire|p1a: Darkrai\n|-damage|p1a: Darkrai|0 fnt\n|faint|p1a: Darkrai\n|\n|upkeep\n|\n|t:|1699627610\n|switch|p1a: Palkia|Palkia|100\/100\n|-ability|p1a: Palkia|Pressure\n|turn|18\n|\n|t:|1699627615\n|switch|p2a: Magearna|Magearna|46\/100\n|move|p1a: Palkia|Spacial Rend|p2a: Magearna\n|-immune|p2a: Magearna\n|\n|upkeep\n|turn|19\n|\n|t:|1699627619\n|switch|p1a: Arceus|Arceus|100\/100\n|move|p2a: Magearna|Fleur Cannon|p1a: Arceus\n|-crit|p1a: Arceus\n|-damage|p1a: Arceus|30\/100\n|-unboost|p2a: Magearna|spa|2\n|\n|-heal|p1a: Arceus|36\/100|[from] item: Leftovers\n|upkeep\n|turn|20\n|\n|t:|1699627622\n|move|p1a: Arceus|Cosmic Power|p1a: Arceus\n|-boost|p1a: Arceus|def|1\n|-boost|p1a: Arceus|spd|1\n|move|p2a: Magearna|Volt Switch|p1a: Arceus\n|-damage|p1a: Arceus|30\/100\n|\n|t:|1699627626\n|switch|p2a: Marshadow|Marshadow|75\/100|[from] Volt Switch\n|\n|-heal|p1a: Arceus|36\/100|[from] item: Leftovers\n|upkeep\n|turn|21\n|\n|t:|1699627629\n|-terastallize|p1a: Arceus|Ghost\n|-zpower|p2a: Marshadow\n|move|p2a: Marshadow|All-Out Pummeling|p1a: Arceus|[zeffect]\n|-immune|p1a: Arceus\n|move|p1a: Arceus|Shadow Claw|p2a: Marshadow\n|-supereffective|p2a: Marshadow\n|-damage|p2a: Marshadow|9\/100\n|\n|-heal|p1a: Arceus|42\/100|[from] item: Leftovers\n|upkeep\n|turn|22\n|\n|t:|1699627635\n|move|p2a: Marshadow|Spectral Thief||[still]\n|-clearpositiveboost|p1a: Arceus|p2a: Marshadow|move: Spectral Thief\n|-boost|p2a: Marshadow|def|1\n|-boost|p2a: Marshadow|spd|1\n|-anim|p2a: Marshadow|Spectral Thief|p1a: Arceus\n|-supereffective|p1a: Arceus\n|-damage|p1a: Arceus|0 fnt\n|faint|p1a: Arceus\n|\n|upkeep\n|\n|t:|1699627637\n|switch|p1a: Palkia|Palkia|100\/100\n|-ability|p1a: Palkia|Pressure\n|turn|23\n|\n|t:|1699627642\n|move|p1a: Palkia|Thunder|p2a: Marshadow\n|-damage|p2a: Marshadow|0 fnt\n|faint|p2a: Marshadow\n|\n|upkeep\n|\n|t:|1699627644\n|switch|p2a: Darmanitan|Darmanitan-Galar, M|100\/100\n|turn|24\n|\n|t:|1699627646\n|-terastallize|p2a: Darmanitan|Ground\n|move|p1a: Palkia|Thunder|p2a: Darmanitan\n|-immune|p2a: Darmanitan\n|move|p2a: Darmanitan|Earthquake|p1a: Palkia\n|-damage|p1a: Palkia|9\/100\n|\n|upkeep\n|turn|25\n|\n|t:|1699627649\n|move|p1a: Palkia|Thunder|p2a: Darmanitan\n|-immune|p2a: Darmanitan\n|move|p2a: Darmanitan|Earthquake|p1a: Palkia\n|-damage|p1a: Palkia|0 fnt\n|faint|p1a: Palkia\n|\n|win|XYZ15\n|raw|27frd's rating: 1326 &rarr; <strong>1315<\/strong><br \/>(-11 for losing)\n|raw|XYZ15's rating: 1499 &rarr; <strong>1510<\/strong><br \/>(+11 for winning)\n|l|\u260627frd\n","uploadtime":1699627658,"views":5,"p1id":"27frd","p2id":"xyz15","formatid":"gen9nationaldexubers","rating":1315,"private":0,"password":""}