{"id":"gen9nationaldexubers-1978491461","p1":"We're Not Stally","p2":"duckayz_","format":"[Gen 9] National Dex Ubers","log":"|j|\u2606We're Not Stally\n|j|\u2606duckayz_\n|t:|1698545906\n|gametype|singles\n|player|p1|We're Not Stally|lady|1119\n|player|p2|duckayz_|melony|1038\n|teamsize|p1|6\n|teamsize|p2|6\n|gen|9\n|tier|[Gen 9] National Dex Ubers\n|rated|\n|rule|HP Percentage Mod: HP is shown in percentages\n|rule|Endless Battle Clause: Forcing endless battles is banned\n|rule|OHKO Clause: OHKO moves are banned\n|rule|Evasion Moves Clause: Evasion moves are banned\n|rule|Evasion Items Clause: Evasion items are banned\n|rule|Species Clause: Limit one of each Pok\u00e9mon\n|rule|Sleep Clause Mod: Limit one foe put to sleep\n|rule|Mega Rayquaza Clause: You cannot mega evolve Rayquaza\n|clearpoke\n|poke|p1|Yveltal|\n|poke|p1|Gastrodon-East, F|\n|poke|p1|Tapu Koko|\n|poke|p1|Swampert, M|\n|poke|p1|Pelipper, F|\n|poke|p1|Scizor, F|\n|poke|p2|Tornadus-Therian, M|\n|poke|p2|Great Tusk|\n|poke|p2|Chien-Pao|\n|poke|p2|Magearna|\n|poke|p2|Skeledirge, M|\n|poke|p2|Scizor, F|\n|teampreview\n|inactive|Battle timer is ON: inactive players will automatically lose when time's up. (requested by duckayz_)\n|inactive|We're Not Stally has 120 seconds left.\n|inactive|We're Not Stally has 90 seconds left.\n|\n|t:|1698546017\n|start\n|switch|p1a: Bulky Bacon|Yveltal|100\/100\n|switch|p2a: Chien-Pao|Chien-Pao|100\/100\n|-ability|p2a: Chien-Pao|Sword of Ruin\n|-ability|p1a: Bulky Bacon|Dark Aura\n|turn|1\n|\n|t:|1698546039\n|switch|p1a: Mine mine mine|Pelipper, F|100\/100\n|-weather|RainDance|[from] ability: Drizzle|[of] p1a: Mine mine mine\n|move|p2a: Chien-Pao|Icicle Crash|p1a: Mine mine mine\n|-damage|p1a: Mine mine mine|0 fnt\n|faint|p1a: Mine mine mine\n|\n|-weather|RainDance|[upkeep]\n|upkeep\n|inactive|We're Not Stally has 120 seconds left.\n|\n|t:|1698546092\n|switch|p1a: Shrek?|Swampert, M|100\/100\n|turn|2\n|\n|t:|1698546097\n|move|p2a: Chien-Pao|Icicle Crash|p1a: Shrek?\n|-damage|p1a: Shrek?|19\/100\n|move|p1a: Shrek?|Counter|p2a: Chien-Pao\n|-damage|p2a: Chien-Pao|0 fnt\n|faint|p2a: Chien-Pao\n|\n|-weather|RainDance|[upkeep]\n|-heal|p1a: Shrek?|25\/100|[from] item: Leftovers\n|upkeep\n|\n|t:|1698546108\n|switch|p2a: Scizor|Scizor, F|100\/100\n|turn|3\n|\n|t:|1698546114\n|detailschange|p2a: Scizor|Scizor-Mega, F\n|-mega|p2a: Scizor|Scizor|Scizorite\n|move|p2a: Scizor|Bullet Punch|p1a: Shrek?\n|-resisted|p1a: Shrek?\n|-damage|p1a: Shrek?|10\/100\n|move|p1a: Shrek?|Stealth Rock|p2a: Scizor\n|-sidestart|p2: duckayz_|move: Stealth Rock\n|\n|-weather|RainDance|[upkeep]\n|-heal|p1a: Shrek?|16\/100|[from] item: Leftovers\n|upkeep\n|turn|4\n|\n|t:|1698546121\n|move|p2a: Scizor|Bullet Punch|p1a: Shrek?\n|-resisted|p1a: Shrek?\n|-damage|p1a: Shrek?|2\/100\n|move|p1a: Shrek?|Counter|p2a: Scizor\n|-damage|p2a: Scizor|67\/100\n|\n|-weather|RainDance|[upkeep]\n|-heal|p1a: Shrek?|8\/100|[from] item: Leftovers\n|upkeep\n|turn|5\n|\n|t:|1698546129\n|move|p2a: Scizor|Bullet Punch|p1a: Shrek?\n|-resisted|p1a: Shrek?\n|-damage|p1a: Shrek?|0 fnt\n|faint|p1a: Shrek?\n|\n|-weather|RainDance|[upkeep]\n|upkeep\n|\n|t:|1698546132\n|switch|p1a: Bulky Bacon|Yveltal|100\/100\n|-ability|p1a: Bulky Bacon|Dark Aura\n|turn|6\n|\n|t:|1698546140\n|move|p2a: Scizor|Close Combat|p1a: Bulky Bacon\n|-damage|p1a: Bulky Bacon|69\/100\n|-unboost|p2a: Scizor|def|1\n|-unboost|p2a: Scizor|spd|1\n|move|p1a: Bulky Bacon|Foul Play|p2a: Scizor\n|-damage|p2a: Scizor|0 fnt\n|faint|p2a: Scizor\n|\n|-weather|RainDance|[upkeep]\n|upkeep\n|\n|t:|1698546150\n|switch|p2a: Great Tusk|Great Tusk|100\/100\n|-damage|p2a: Great Tusk|98\/100|[from] Stealth Rock\n|-enditem|p2a: Great Tusk|Booster Energy\n|-activate|p2a: Great Tusk|ability: Protosynthesis|[fromitem]\n|-start|p2a: Great Tusk|protosynthesisatk\n|turn|7\n|\n|t:|1698546168\n|move|p2a: Great Tusk|Rapid Spin|p1a: Bulky Bacon\n|-damage|p1a: Bulky Bacon|50\/100\n|-boost|p2a: Great Tusk|spe|1\n|-sideend|p2: duckayz_|Stealth Rock|[from] move: Rapid Spin|[of] p2a: Great Tusk\n|move|p1a: Bulky Bacon|Oblivion Wing|p2a: Great Tusk\n|-supereffective|p2a: Great Tusk\n|-damage|p2a: Great Tusk|0 fnt\n|-heal|p1a: Bulky Bacon|100\/100|[from] drain|[of] p2a: Great Tusk\n|faint|p2a: Great Tusk\n|-end|p2a: Great Tusk|Protosynthesis|[silent]\n|\n|-weather|RainDance|[upkeep]\n|upkeep\n|\n|t:|1698546179\n|switch|p2a: Magearna|Magearna|100\/100\n|turn|8\n|\n|t:|1698546187\n|move|p1a: Bulky Bacon|Snarl|p2a: Magearna\n|-resisted|p2a: Magearna\n|-damage|p2a: Magearna|88\/100\n|-unboost|p2a: Magearna|spa|1\n|move|p2a: Magearna|Fleur Cannon|p1a: Bulky Bacon\n|-supereffective|p1a: Bulky Bacon\n|-damage|p1a: Bulky Bacon|64\/100\n|-unboost|p2a: Magearna|spa|2\n|\n|-weather|none\n|-heal|p2a: Magearna|94\/100|[from] item: Leftovers\n|upkeep\n|turn|9\n|-message|duckayz_ forfeited.\n|\n|win|We're Not Stally\n|raw|We&apos;re Not Stally's rating: 1119 &rarr; <strong>1138<\/strong><br \/>(+19 for winning)\n|raw|duckayz_'s rating: 1038 &rarr; <strong>1026<\/strong><br \/>(-12 for losing)\n|l|\u2606duckayz_\n","uploadtime":1698546197,"views":6,"p1id":"werenotstally","p2id":"duckayz","formatid":"gen9nationaldexubers","rating":1026,"private":0,"password":""}