{"id":"gen9nationaldexubers-1985119231","p1":"lelza","p2":"Waikiki Woopers","format":"[Gen 9] National Dex Ubers","log":"|j|\u2606lelza\n|j|\u2606Waikiki Woopers\n|t:|1699333550\n|gametype|singles\n|player|p1|lelza|worker|\n|player|p2|Waikiki Woopers|swimmer|\n|teamsize|p1|6\n|teamsize|p2|6\n|gen|9\n|tier|[Gen 9] National Dex Ubers\n|rule|HP Percentage Mod: HP is shown in percentages\n|rule|Endless Battle Clause: Forcing endless battles is banned\n|rule|OHKO Clause: OHKO moves are banned\n|rule|Evasion Moves Clause: Evasion moves are banned\n|rule|Evasion Items Clause: Evasion items are banned\n|rule|Species Clause: Limit one of each Pok\u00e9mon\n|rule|Sleep Clause Mod: Limit one foe put to sleep\n|rule|Mega Rayquaza Clause: You cannot mega evolve Rayquaza\n|clearpoke\n|poke|p1|Latias, F|\n|poke|p1|Chien-Pao|\n|poke|p1|Zapdos|\n|poke|p1|Torterra, M|\n|poke|p1|Sneasler, M|\n|poke|p1|Rotom-Heat|\n|poke|p2|Necrozma-Dusk-Mane|\n|poke|p2|Iron Valiant|\n|poke|p2|Tapu Koko|\n|poke|p2|Gyarados, M|\n|poke|p2|Iron Treads|\n|poke|p2|Nihilego|\n|teampreview\n|c|\u2606Waikiki Woopers|g2!\n|c|\u2606Waikiki Woopers|glhf!\n|c|\u2606lelza|gl hf!\n|j| medi34\n|c| medi34|gl my friends hf\n|\n|t:|1699333587\n|start\n|switch|p1a: mr. easy bake|Rotom-Heat, shiny|100\/100\n|switch|p2a: Tim|Tapu Koko, shiny|100\/100\n|-fieldstart|move: Electric Terrain|[from] ability: Electric Surge|[of] p2a: Tim\n|turn|1\n|\n|t:|1699333647\n|move|p2a: Tim|Dazzling Gleam|p1a: mr. easy bake\n|-resisted|p1a: mr. easy bake\n|-damage|p1a: mr. easy bake|89\/100\n|move|p1a: mr. easy bake|Volt Switch|p2a: Tim\n|-resisted|p2a: Tim\n|-damage|p2a: Tim|84\/100\n|\n|t:|1699333698\n|switch|p1a: pangaea|Torterra, M|100\/100|[from] Volt Switch\n|\n|upkeep\n|turn|2\n|\n|t:|1699333835\n|switch|p2a: Santa?|Gyarados, M, shiny|100\/100\n|-ability|p2a: Santa?|Intimidate|boost\n|-unboost|p1a: pangaea|atk|1\n|move|p1a: pangaea|Earthquake|p2a: Santa?\n|-immune|p2a: Santa?\n|\n|upkeep\n|turn|3\n|\n|t:|1699333887\n|switch|p1a: mr. easy bake|Rotom-Heat, shiny|89\/100\n|move|p2a: Santa?|Toxic|p1a: mr. easy bake\n|-status|p1a: mr. easy bake|tox\n|\n|-damage|p1a: mr. easy bake|82\/100 tox|[from] psn\n|upkeep\n|turn|4\n|\n|t:|1699333930\n|switch|p2a: Tim|Tapu Koko, shiny|84\/100\n|move|p1a: mr. easy bake|Volt Switch|p2a: Tim\n|-resisted|p2a: Tim\n|-damage|p2a: Tim|67\/100\n|\n|t:|1699333968\n|switch|p1a: pangaea|Torterra, M|100\/100|[from] Volt Switch\n|\n|upkeep\n|turn|5\n|j| BoyzArbokInTown03\n|\n|t:|1699334050\n|switch|p2a: Santa?|Gyarados, M, shiny|100\/100\n|-ability|p2a: Santa?|Intimidate|boost\n|-unboost|p1a: pangaea|atk|1\n|switch|p1a: static shock|Zapdos|100\/100\n|\n|-fieldend|move: Electric Terrain\n|upkeep\n|turn|6\n|c|\u2606lelza|yo what's up BOYZ\n|c|\u2606lelza|this is g2\n|c| medi34|g2 g2 g2\n|\n|t:|1699334169\n|switch|p2a: MY EYES!!!!!|Necrozma-Dusk-Mane|100\/100\n|move|p1a: static shock|Reflect|p1a: static shock\n|-sidestart|p1: lelza|Reflect\n|\n|upkeep\n|turn|7\n|\n|t:|1699334206\n|move|p2a: MY EYES!!!!!|Photon Geyser|p1a: static shock\n|-damage|p1a: static shock|69\/100\n|move|p1a: static shock|Volt Switch|p2a: MY EYES!!!!!\n|-damage|p2a: MY EYES!!!!!|72\/100\n|c| BoyzArbokInTown03|Sick! I haven't seen the replays for g1 yet, but from the pic in chat I'm guessing it was a close one\n|\n|t:|1699334231\n|switch|p1a: a knife!!|Chien-Pao|100\/100|[from] Volt Switch\n|-ability|p1a: a knife!!|Sword of Ruin\n|\n|upkeep\n|turn|8\n|c| medi34|it was a 50+ turn slugfest\n|c| BoyzArbokInTown03|Holy cow\n|\n|t:|1699334298\n|switch|p2a: Santa?|Gyarados, M, shiny|100\/100\n|-ability|p2a: Santa?|Intimidate|boost\n|-unboost|p1a: a knife!!|atk|1\n|move|p1a: a knife!!|Crunch|p2a: Santa?\n|-damage|p2a: Santa?|68\/100\n|\n|-heal|p2a: Santa?|74\/100|[from] item: Leftovers\n|upkeep\n|turn|9\n|c|\u2606Waikiki Woopers|it was so intense on this end lol\n|c|\u2606lelza|can confirm\n|\n|t:|1699334314\n|switch|p1a: mr. easy bake|Rotom-Heat, shiny|82\/100 tox\n|move|p2a: Santa?|Earthquake|p1a: mr. easy bake\n|-immune|p1a: mr. easy bake|[from] ability: Levitate\n|\n|-heal|p2a: Santa?|80\/100|[from] item: Leftovers\n|-damage|p1a: mr. easy bake|76\/100 tox|[from] psn\n|upkeep\n|turn|10\n|\n|t:|1699334323\n|switch|p2a: Free Hat|Nihilego, shiny|100\/100\n|move|p1a: mr. easy bake|Overheat|p2a: Free Hat\n|-resisted|p2a: Free Hat\n|-damage|p2a: Free Hat|90\/100\n|-unboost|p1a: mr. easy bake|spa|2\n|\n|-damage|p1a: mr. easy bake|64\/100 tox|[from] psn\n|upkeep\n|turn|11\n|\n|t:|1699334373\n|move|p2a: Free Hat|Power Gem|p1a: mr. easy bake\n|-supereffective|p1a: mr. easy bake\n|-damage|p1a: mr. easy bake|0 fnt\n|faint|p1a: mr. easy bake\n|-ability|p2a: Free Hat|Beast Boost|boost\n|-boost|p2a: Free Hat|spe|1\n|\n|upkeep\n|\n|t:|1699334380\n|switch|p1a: a knife!!|Chien-Pao|100\/100\n|-ability|p1a: a knife!!|Sword of Ruin\n|turn|12\n|\n|t:|1699334436\n|switch|p2a: Free Hugs|Iron Treads|100\/100\n|-terastallize|p1a: a knife!!|Steel\n|move|p1a: a knife!!|Tera Blast|p2a: Free Hugs|[anim] Tera Blast Steel\n|-resisted|p2a: Free Hugs\n|-damage|p2a: Free Hugs|73\/100\n|\n|upkeep\n|turn|13\n|c| BoyzArbokInTown03|Heat\n|\n|t:|1699334450\n|switch|p1a: pangaea|Torterra, M|100\/100\n|move|p2a: Free Hugs|Volt Switch|p1a: pangaea\n|-immune|p1a: pangaea\n|\n|-sideend|p1: lelza|Reflect\n|upkeep\n|turn|14\n|c| medi34|oooo\n|\n|t:|1699334546\n|move|p2a: Free Hugs|Ice Spinner|p1a: pangaea\n|-supereffective|p1a: pangaea\n|-damage|p1a: pangaea|19\/100\n|-enditem|p1a: pangaea|Iapapa Berry|[eat]\n|-heal|p1a: pangaea|53\/100|[from] item: Iapapa Berry\n|move|p1a: pangaea|Earthquake|p2a: Free Hugs\n|-supereffective|p2a: Free Hugs\n|-damage|p2a: Free Hugs|7\/100\n|\n|upkeep\n|turn|15\n|c| medi34|oooooooo\n|c|\u2606lelza|SHOOOOT NOOOOOO\n|c|\u2606Waikiki Woopers|just a couple of tanky boys\n|\n|t:|1699334574\n|move|p2a: Free Hugs|Ice Spinner|p1a: pangaea\n|-supereffective|p1a: pangaea\n|-damage|p1a: pangaea|0 fnt\n|faint|p1a: pangaea\n|\n|upkeep\n|\n|t:|1699334588\n|switch|p1a: dire claw go brrr|Sneasler, M|100\/100\n|turn|16\n|\n|t:|1699334596\n|move|p1a: dire claw go brrr|Fake Out|p2a: Free Hugs\n|-enditem|p1a: dire claw go brrr|Normal Gem|[from] gem\n|-resisted|p2a: Free Hugs\n|-damage|p2a: Free Hugs|0 fnt\n|faint|p2a: Free Hugs\n|-end|p2a: Free Hugs|Quark Drive|[silent]\n|\n|upkeep\n|\n|t:|1699334599\n|switch|p2a: Santa?|Gyarados, M, shiny|80\/100\n|-ability|p2a: Santa?|Intimidate|boost\n|-unboost|p1a: dire claw go brrr|atk|1\n|turn|17\n|\n|t:|1699334625\n|switch|p1a: static shock|Zapdos|69\/100\n|move|p2a: Santa?|Roar|p1a: static shock\n|drag|p1a: dire claw go brrr|Sneasler, M|100\/100\n|\n|-heal|p2a: Santa?|87\/100|[from] item: Leftovers\n|upkeep\n|turn|18\n|\n|t:|1699334661\n|switch|p2a: MY EYES!!!!!|Necrozma-Dusk-Mane|72\/100\n|move|p1a: dire claw go brrr|Fake Out|p2a: MY EYES!!!!!\n|-resisted|p2a: MY EYES!!!!!\n|-damage|p2a: MY EYES!!!!!|67\/100\n|\n|upkeep\n|turn|19\n|\n|t:|1699334671\n|switch|p1a: static shock|Zapdos|69\/100\n|move|p2a: MY EYES!!!!!|Morning Sun|p2a: MY EYES!!!!!\n|-heal|p2a: MY EYES!!!!!|100\/100\n|\n|upkeep\n|turn|20\n|\n|t:|1699334709\n|move|p2a: MY EYES!!!!!|Photon Geyser|p1a: static shock\n|-damage|p1a: static shock|10\/100\n|move|p1a: static shock|Reflect|p1a: static shock\n|-sidestart|p1: lelza|Reflect\n|\n|upkeep\n|turn|21\n|\n|t:|1699334738\n|move|p2a: MY EYES!!!!!|Photon Geyser|p1a: static shock\n|-damage|p1a: static shock|0 fnt\n|faint|p1a: static shock\n|\n|upkeep\n|\n|t:|1699334742\n|switch|p1a: zoomies|Latias, F|100\/100\n|turn|22\n|\n|t:|1699334749\n|switch|p2a: Santa?|Gyarados, M, shiny|87\/100\n|-ability|p2a: Santa?|Intimidate|boost\n|-unboost|p1a: zoomies|atk|1\n|detailschange|p1a: zoomies|Latias-Mega, F\n|-mega|p1a: zoomies|Latias|Latiasite\n|move|p1a: zoomies|Calm Mind|p1a: zoomies\n|-boost|p1a: zoomies|spa|1\n|-boost|p1a: zoomies|spd|1\n|\n|-heal|p2a: Santa?|93\/100|[from] item: Leftovers\n|upkeep\n|turn|23\n|\n|t:|1699334810\n|move|p1a: zoomies|Calm Mind|p1a: zoomies\n|-boost|p1a: zoomies|spa|1\n|-boost|p1a: zoomies|spd|1\n|move|p2a: Santa?|Toxic|p1a: zoomies\n|-status|p1a: zoomies|tox\n|\n|-heal|p2a: Santa?|99\/100|[from] item: Leftovers\n|-damage|p1a: zoomies|94\/100 tox|[from] psn\n|upkeep\n|turn|24\n|\n|t:|1699334826\n|switch|p2a: Galladiator|Iron Valiant, shiny|100\/100\n|move|p1a: zoomies|Stored Power|p2a: Galladiator\n|-supereffective|p2a: Galladiator\n|-damage|p2a: Galladiator|0 fnt\n|faint|p2a: Galladiator\n|-end|p2a: Galladiator|Quark Drive|[silent]\n|\n|-damage|p1a: zoomies|82\/100 tox|[from] psn\n|upkeep\n|c|\u2606Waikiki Woopers|was expecting dragon pulse lol\n|c|\u2606Waikiki Woopers|D:\n|c|\u2606lelza|f in the chat for valiant\n|\n|t:|1699334899\n|switch|p2a: Free Hat|Nihilego, shiny|90\/100\n|turn|25\n|c| medi34|f\n|\n|t:|1699334945\n|switch|p2a: MY EYES!!!!!|Necrozma-Dusk-Mane|100\/100\n|move|p1a: zoomies|Stored Power|p2a: MY EYES!!!!!\n|-resisted|p2a: MY EYES!!!!!\n|-damage|p2a: MY EYES!!!!!|81\/100\n|\n|-damage|p1a: zoomies|64\/100 tox|[from] psn\n|upkeep\n|turn|26\n|\n|t:|1699334961\n|switch|p1a: dire claw go brrr|Sneasler, M|100\/100\n|move|p2a: MY EYES!!!!!|X-Scissor|p1a: dire claw go brrr\n|-resisted|p1a: dire claw go brrr\n|-damage|p1a: dire claw go brrr|94\/100\n|\n|upkeep\n|turn|27\n|\n|t:|1699334974\n|move|p1a: dire claw go brrr|Fake Out|p2a: MY EYES!!!!!\n|-resisted|p2a: MY EYES!!!!!\n|-damage|p2a: MY EYES!!!!!|76\/100\n|cant|p2a: MY EYES!!!!!|flinch\n|\n|-sideend|p1: lelza|Reflect\n|upkeep\n|turn|28\n|\n|t:|1699334982\n|move|p1a: dire claw go brrr|Close Combat|p2a: MY EYES!!!!!\n|-damage|p2a: MY EYES!!!!!|29\/100\n|-unboost|p1a: dire claw go brrr|def|1\n|-unboost|p1a: dire claw go brrr|spd|1\n|move|p2a: MY EYES!!!!!|Earthquake|p1a: dire claw go brrr\n|-supereffective|p1a: dire claw go brrr\n|-damage|p1a: dire claw go brrr|0 fnt\n|faint|p1a: dire claw go brrr\n|\n|upkeep\n|\n|t:|1699334993\n|switch|p1a: a knife!!|Chien-Pao, tera:Steel|100\/100\n|-ability|p1a: a knife!!|Sword of Ruin\n|turn|29\n|\n|t:|1699334996\n|switch|p2a: Santa?|Gyarados, M, shiny|99\/100\n|-ability|p2a: Santa?|Intimidate|boost\n|-unboost|p1a: a knife!!|atk|1\n|move|p1a: a knife!!|Crunch|p2a: Santa?\n|-damage|p2a: Santa?|67\/100\n|-unboost|p2a: Santa?|def|1\n|\n|-heal|p2a: Santa?|73\/100|[from] item: Leftovers\n|upkeep\n|turn|30\n|\n|t:|1699335033\n|switch|p2a: Tim|Tapu Koko, shiny|67\/100\n|-fieldstart|move: Electric Terrain|[from] ability: Electric Surge|[of] p2a: Tim\n|move|p1a: a knife!!|Crunch|p2a: Tim\n|-resisted|p2a: Tim\n|-damage|p2a: Tim|47\/100\n|-unboost|p2a: Tim|def|1\n|\n|upkeep\n|turn|31\n|\n|t:|1699335041\n|switch|p1a: zoomies|Latias-Mega, F|64\/100 tox\n|move|p2a: Tim|Roost|p2a: Tim\n|-heal|p2a: Tim|97\/100\n|-singleturn|p2a: Tim|move: Roost\n|\n|-damage|p1a: zoomies|58\/100 tox|[from] psn\n|upkeep\n|turn|32\n|\n|t:|1699335049\n|move|p2a: Tim|Taunt|p1a: zoomies\n|-start|p1a: zoomies|move: Taunt\n|cant|p1a: zoomies|move: Taunt|Calm Mind\n|\n|-damage|p1a: zoomies|46\/100 tox|[from] psn\n|upkeep\n|turn|33\n|\n|t:|1699335053\n|move|p2a: Tim|Dazzling Gleam|p1a: zoomies\n|-supereffective|p1a: zoomies\n|-damage|p1a: zoomies|6\/100 tox\n|move|p1a: zoomies|Stored Power|p2a: Tim\n|-damage|p2a: Tim|85\/100\n|\n|-damage|p1a: zoomies|0 fnt|[from] psn\n|faint|p1a: zoomies\n|upkeep\n|\n|t:|1699335058\n|switch|p1a: a knife!!|Chien-Pao, tera:Steel|100\/100\n|-ability|p1a: a knife!!|Sword of Ruin\n|turn|34\n|c|\u2606lelza|ggs\n|\n|t:|1699335069\n|switch|p2a: Santa?|Gyarados, M, shiny|73\/100\n|-ability|p2a: Santa?|Intimidate|boost\n|-unboost|p1a: a knife!!|atk|1\n|move|p1a: a knife!!|Tera Blast|p2a: Santa?|[anim] Tera Blast Steel\n|-resisted|p2a: Santa?\n|-damage|p2a: Santa?|58\/100\n|\n|-heal|p2a: Santa?|64\/100|[from] item: Leftovers\n|-fieldend|move: Electric Terrain\n|upkeep\n|turn|35\n|c|\u2606Waikiki Woopers|ggs\n|\n|t:|1699335074\n|move|p1a: a knife!!|Tera Blast|p2a: Santa?|[anim] Tera Blast Steel\n|-resisted|p2a: Santa?\n|-damage|p2a: Santa?|48\/100\n|move|p2a: Santa?|Earthquake|p1a: a knife!!\n|-supereffective|p1a: a knife!!\n|-damage|p1a: a knife!!|30\/100\n|\n|-heal|p2a: Santa?|54\/100|[from] item: Leftovers\n|upkeep\n|turn|36\n|c| medi34|fantastic games guys\n|\n|t:|1699335079\n|move|p1a: a knife!!|Tera Blast|p2a: Santa?|[anim] Tera Blast Steel\n|-resisted|p2a: Santa?\n|-damage|p2a: Santa?|39\/100\n|move|p2a: Santa?|Earthquake|p1a: a knife!!\n|-supereffective|p1a: a knife!!\n|-damage|p1a: a knife!!|0 fnt\n|faint|p1a: a knife!!\n|\n|win|Waikiki Woopers\n","uploadtime":1699335088,"views":5,"p1id":"lelza","p2id":"waikikiwoopers","formatid":"gen9nationaldexubers","rating":0,"private":0,"password":""}