{"id":"gen9nationaldexubers-1991679190","p1":"wizardofballs","p2":"puddingss","format":"[Gen 9] National Dex Ubers","log":"|j|\u2606wizardofballs\n|j|\u203dpuddingss\n|t:|1700101768\n|gametype|singles\n|player|p1|wizardofballs|102|1472\n|player|p2|puddingss|steven|1576\n|teamsize|p1|6\n|teamsize|p2|6\n|gen|9\n|tier|[Gen 9] National Dex Ubers\n|rated|\n|rule|HP Percentage Mod: HP is shown in percentages\n|rule|Endless Battle Clause: Forcing endless battles is banned\n|rule|OHKO Clause: OHKO moves are banned\n|rule|Evasion Moves Clause: Evasion moves are banned\n|rule|Evasion Items Clause: Evasion items are banned\n|rule|Species Clause: Limit one of each Pok\u00e9mon\n|rule|Sleep Clause Mod: Limit one foe put to sleep\n|rule|Mega Rayquaza Clause: You cannot mega evolve Rayquaza\n|clearpoke\n|poke|p1|Xerneas-*|\n|poke|p1|Arceus|\n|poke|p1|Groudon|\n|poke|p1|Ho-Oh|\n|poke|p1|Lugia|\n|poke|p1|Eternatus|\n|poke|p2|Cresselia, F|\n|poke|p2|Hatterene, F|\n|poke|p2|Arceus|\n|poke|p2|Calyrex-Ice|\n|poke|p2|Necrozma-Dusk-Mane|\n|poke|p2|Ursaluna-Bloodmoon, M|\n|teampreview\n|inactive|Battle timer is ON: inactive players will automatically lose when time's up. (requested by puddingss)\n|\n|t:|1700101786\n|start\n|switch|p1a: Groudon|Groudon|100\/100\n|switch|p2a: Hatterene|Hatterene, F, shiny|100\/100\n|-weather|SunnyDay|[from] ability: Drought|[of] p1a: Groudon\n|turn|1\n|\n|t:|1700101796\n|move|p1a: Groudon|Earthquake|p2a: Hatterene\n|-damage|p2a: Hatterene|52\/100\n|move|p2a: Hatterene|Trick Room|p2a: Hatterene\n|-fieldstart|move: Trick Room|[of] p2a: Hatterene\n|\n|-weather|SunnyDay|[upkeep]\n|upkeep\n|turn|2\n|\n|t:|1700101803\n|move|p2a: Hatterene|Misty Explosion|p1a: Groudon\n|-damage|p1a: Groudon|50\/100\n|faint|p2a: Hatterene\n|move|p1a: Groudon|Earthquake|p2: Hatterene|[notarget]\n|-fail|p1a: Groudon\n|\n|-weather|SunnyDay|[upkeep]\n|-heal|p1a: Groudon|57\/100|[from] item: Leftovers\n|upkeep\n|\n|t:|1700101814\n|switch|p2a: Calyrex|Calyrex-Ice|100\/100\n|-ability|p2a: Calyrex|As One\n|-ability|p2a: Calyrex|Unnerve\n|turn|3\n|\n|t:|1700101820\n|-terastallize|p2a: Calyrex|Ice\n|move|p2a: Calyrex|Glacial Lance|p1a: Groudon\n|-supereffective|p1a: Groudon\n|-damage|p1a: Groudon|0 fnt\n|faint|p1a: Groudon\n|-ability|p2a: Calyrex|Chilling Neigh|boost\n|-boost|p2a: Calyrex|atk|1\n|\n|-weather|SunnyDay|[upkeep]\n|upkeep\n|\n|t:|1700101840\n|switch|p1a: Ho-Oh|Ho-Oh|100\/100\n|turn|4\n|\n|t:|1700101844\n|move|p2a: Calyrex|Glacial Lance|p1a: Ho-Oh\n|-damage|p1a: Ho-Oh|0 fnt\n|faint|p1a: Ho-Oh\n|-ability|p2a: Calyrex|Chilling Neigh|boost\n|-boost|p2a: Calyrex|atk|1\n|\n|-weather|SunnyDay|[upkeep]\n|upkeep\n|\n|t:|1700101856\n|switch|p1a: Arceus|Arceus|100\/100\n|turn|5\n|\n|t:|1700101860\n|move|p2a: Calyrex|Glacial Lance|p1a: Arceus\n|-damage|p1a: Arceus|0 fnt\n|faint|p1a: Arceus\n|-ability|p2a: Calyrex|Chilling Neigh|boost\n|-boost|p2a: Calyrex|atk|1\n|\n|-weather|none\n|-fieldend|move: Trick Room\n|upkeep\n|\n|t:|1700101869\n|switch|p1a: Xerneas|Xerneas|100\/100\n|-ability|p1a: Xerneas|Fairy Aura\n|turn|6\n|\n|t:|1700101887\n|-terastallize|p1a: Xerneas|Fire\n|move|p1a: Xerneas|Geomancy||[still]\n|-prepare|p1a: Xerneas|Geomancy\n|-enditem|p1a: Xerneas|Power Herb\n|-anim|p1a: Xerneas|Geomancy|p1a: Xerneas\n|-boost|p1a: Xerneas|spa|2\n|-boost|p1a: Xerneas|spd|2\n|-boost|p1a: Xerneas|spe|2\n|move|p2a: Calyrex|Glacial Lance|p1a: Xerneas\n|-resisted|p1a: Xerneas\n|-damage|p1a: Xerneas|0 fnt\n|faint|p1a: Xerneas\n|-ability|p2a: Calyrex|Chilling Neigh|boost\n|-boost|p2a: Calyrex|atk|1\n|\n|upkeep\n|inactive|wizardofballs has 120 seconds left.\n|\n|t:|1700101910\n|switch|p1a: Lugia|Lugia|100\/100\n|-ability|p1a: Lugia|Pressure\n|turn|7\n|\n|t:|1700101919\n|move|p1a: Lugia|Thunder Wave|p2a: Calyrex\n|-status|p2a: Calyrex|par\n|move|p2a: Calyrex|Glacial Lance|p1a: Lugia\n|-supereffective|p1a: Lugia\n|-damage|p1a: Lugia|0 fnt\n|faint|p1a: Lugia\n|-ability|p2a: Calyrex|Chilling Neigh|boost\n|-boost|p2a: Calyrex|atk|1\n|\n|upkeep\n|\n|t:|1700101929\n|switch|p1a: Eternatus|Eternatus|100\/100\n|-ability|p1a: Eternatus|Pressure\n|turn|8\n|\n|t:|1700101942\n|move|p1a: Eternatus|Dynamax Cannon|p2a: Calyrex\n|-damage|p2a: Calyrex|65\/100 par\n|cant|p2a: Calyrex|par\n|\n|upkeep\n|turn|9\n|\n|t:|1700101951\n|move|p1a: Eternatus|Dynamax Cannon|p2a: Calyrex\n|-damage|p2a: Calyrex|29\/100 par\n|move|p2a: Calyrex|Glacial Lance|p1a: Eternatus\n|-supereffective|p1a: Eternatus\n|-damage|p1a: Eternatus|0 fnt\n|faint|p1a: Eternatus\n|\n|win|puddingss\n|raw|wizardofballs's rating: 1472 &rarr; <strong>1458<\/strong><br \/>(-14 for losing)\n|raw|puddingss's rating: 1576 &rarr; <strong>1590<\/strong><br \/>(+14 for winning)\n","uploadtime":1700101956,"views":9,"p1id":"wizardofballs","p2id":"puddingss","formatid":"gen9nationaldexubers","rating":1458,"private":0,"password":""}