{"id":"gen9nationaldexubers-1992965893","p1":"kemowastaken","p2":"Ferret i guess","format":"[Gen 9] National Dex Ubers","log":"|j|\u2606kemowastaken\n|j|\u2606Ferret i guess\n|t:|1700250987\n|gametype|singles\n|player|p1|kemowastaken|lady-gen4|1195\n|player|p2|Ferret i guess|psychicf|1153\n|teamsize|p1|6\n|teamsize|p2|6\n|gen|9\n|tier|[Gen 9] National Dex Ubers\n|rated|\n|rule|HP Percentage Mod: HP is shown in percentages\n|rule|Endless Battle Clause: Forcing endless battles is banned\n|rule|OHKO Clause: OHKO moves are banned\n|rule|Evasion Moves Clause: Evasion moves are banned\n|rule|Evasion Items Clause: Evasion items are banned\n|rule|Species Clause: Limit one of each Pok\u00e9mon\n|rule|Sleep Clause Mod: Limit one foe put to sleep\n|rule|Mega Rayquaza Clause: You cannot mega evolve Rayquaza\n|clearpoke\n|poke|p1|Charizard, M|\n|poke|p1|Klefki, F|\n|poke|p1|Mimikyu, F|\n|poke|p1|Carbink|\n|poke|p1|Shaymin-Sky|\n|poke|p1|Samurott-Hisui, F|\n|poke|p2|Ninetales-Alola, M|\n|poke|p2|Groudon|\n|poke|p2|Kyogre|\n|poke|p2|Iron Moth|\n|poke|p2|Necrozma-Dawn-Wings|\n|poke|p2|Kingambit, M|\n|teampreview\n|\n|t:|1700250996\n|start\n|switch|p1a: Klefki|Klefki, F|100\/100\n|switch|p2a: Centigrade|Ninetales-Alola, M|100\/100\n|turn|1\n|\n|t:|1700251014\n|move|p1a: Klefki|Light Screen|p1a: Klefki\n|-sidestart|p1: kemowastaken|move: Light Screen\n|move|p2a: Centigrade|Hail|p2a: Centigrade\n|-weather|Hail\n|\n|-weather|Hail|[upkeep]\n|-damage|p1a: Klefki|95\/100|[from] Hail\n|upkeep\n|turn|2\n|\n|t:|1700251024\n|move|p1a: Klefki|Thunder Wave|p2a: Centigrade\n|-status|p2a: Centigrade|par\n|move|p2a: Centigrade|Aurora Veil|p2a: Centigrade\n|-sidestart|p2: Ferret i guess|move: Aurora Veil\n|\n|-weather|Hail|[upkeep]\n|-damage|p1a: Klefki|89\/100|[from] Hail\n|upkeep\n|turn|3\n|\n|t:|1700251034\n|move|p1a: Klefki|Reflect|p1a: Klefki\n|-sidestart|p1: kemowastaken|Reflect\n|move|p2a: Centigrade|Blizzard|p1a: Klefki\n|-resisted|p1a: Klefki\n|-damage|p1a: Klefki|78\/100\n|\n|-weather|Hail|[upkeep]\n|-damage|p1a: Klefki|72\/100|[from] Hail\n|upkeep\n|turn|4\n|\n|t:|1700251044\n|switch|p1a: Samurott|Samurott-Hisui, F|100\/100\n|switch|p2a: Mr Landman|Groudon|100\/100\n|detailschange|p2a: Mr Landman|Groudon-Primal\n|-primal|p2a: Mr Landman|Red Orb\n|-weather|DesolateLand|[from] ability: Desolate Land|[of] p2a: Mr Landman\n|\n|-weather|DesolateLand|[upkeep]\n|upkeep\n|turn|5\n|\n|t:|1700251057\n|move|p1a: Samurott|Flip Turn||[still]\n|-fail|p1a: Samurott|Flip Turn|[from] Desolate Land\n|move|p2a: Mr Landman|Earthquake|p1a: Samurott\n|-damage|p1a: Samurott|53\/100\n|\n|-weather|DesolateLand|[upkeep]\n|upkeep\n|turn|6\n|\n|t:|1700251079\n|switch|p1a: Charizard|Charizard, M|100\/100\n|move|p2a: Mr Landman|Bulk Up|p2a: Mr Landman\n|-boost|p2a: Mr Landman|atk|1\n|-boost|p2a: Mr Landman|def|1\n|\n|-weather|DesolateLand|[upkeep]\n|-sideend|p2: Ferret i guess|move: Aurora Veil\n|upkeep\n|turn|7\n|\n|t:|1700251090\n|detailschange|p1a: Charizard|Charizard-Mega-X, M\n|-mega|p1a: Charizard|Charizard|Charizardite X\n|move|p1a: Charizard|Belly Drum|p1a: Charizard\n|-damage|p1a: Charizard|51\/100\n|-setboost|p1a: Charizard|atk|6|[from] move: Belly Drum\n|move|p2a: Mr Landman|Bulk Up|p2a: Mr Landman\n|-boost|p2a: Mr Landman|atk|1\n|-boost|p2a: Mr Landman|def|1\n|\n|-weather|DesolateLand|[upkeep]\n|upkeep\n|turn|8\n|\n|t:|1700251113\n|move|p1a: Charizard|Dual Wingbeat|p2a: Mr Landman\n|-damage|p2a: Mr Landman|82\/100\n|-damage|p2a: Mr Landman|61\/100\n|-hitcount|p2a: Mr Landman|2\n|move|p2a: Mr Landman|Bulk Up|p2a: Mr Landman\n|-boost|p2a: Mr Landman|atk|1\n|-boost|p2a: Mr Landman|def|1\n|\n|-weather|DesolateLand|[upkeep]\n|-sideend|p1: kemowastaken|move: Light Screen\n|upkeep\n|turn|9\n|\n|t:|1700251126\n|move|p1a: Charizard|Dual Wingbeat|p2a: Mr Landman\n|-damage|p2a: Mr Landman|44\/100\n|-damage|p2a: Mr Landman|28\/100\n|-hitcount|p2a: Mr Landman|2\n|move|p2a: Mr Landman|Bulk Up|p2a: Mr Landman\n|-boost|p2a: Mr Landman|atk|1\n|-boost|p2a: Mr Landman|def|1\n|\n|-weather|DesolateLand|[upkeep]\n|upkeep\n|turn|10\n|\n|t:|1700251135\n|move|p1a: Charizard|Dual Wingbeat|p2a: Mr Landman\n|-crit|p2a: Mr Landman\n|-damage|p2a: Mr Landman|0 fnt\n|faint|p2a: Mr Landman\n|-weather|none\n|-hitcount|p2: Mr Landman|1\n|\n|-sideend|p1: kemowastaken|Reflect\n|upkeep\n|c|\u2606Ferret i guess|aug\n|\n|t:|1700251146\n|switch|p2a: Totem Ribombee|Necrozma-Dawn-Wings|100\/100\n|turn|11\n|\n|t:|1700251173\n|detailschange|p2a: Totem Ribombee|Necrozma-Ultra\n|-burst|p2a: Totem Ribombee|Necrozma|Ultranecrozium Z\n|move|p1a: Charizard|Dual Wingbeat|p2a: Totem Ribombee\n|-damage|p2a: Totem Ribombee|41\/100\n|-damage|p2a: Totem Ribombee|0 fnt\n|faint|p2a: Totem Ribombee\n|-hitcount|p2: Totem Ribombee|2\n|\n|upkeep\n|\n|t:|1700251182\n|switch|p2a: Oceanman|Kyogre, shiny|100\/100\n|detailschange|p2a: Oceanman|Kyogre-Primal, shiny\n|-primal|p2a: Oceanman|Blue Orb\n|-weather|PrimordialSea|[from] ability: Primordial Sea|[of] p2a: Oceanman\n|turn|12\n|\n|t:|1700251198\n|move|p1a: Charizard|Dual Wingbeat|p2a: Oceanman\n|-damage|p2a: Oceanman|30\/100\n|-damage|p2a: Oceanman|0 fnt\n|faint|p2a: Oceanman\n|-weather|none\n|-hitcount|p2: Oceanman|2\n|\n|upkeep\n|\n|t:|1700251204\n|switch|p2a: Centigrade|Ninetales-Alola, M|100\/100 par\n|turn|13\n|\n|t:|1700251216\n|move|p1a: Charizard|Flame Charge|p2a: Centigrade\n|-supereffective|p2a: Centigrade\n|-damage|p2a: Centigrade|0 fnt\n|-boost|p1a: Charizard|spe|1\n|faint|p2a: Centigrade\n|\n|upkeep\n|\n|t:|1700251222\n|switch|p2a: I like himb|Iron Moth|100\/100\n|-enditem|p2a: I like himb|Booster Energy\n|-activate|p2a: I like himb|ability: Quark Drive|[fromitem]\n|-start|p2a: I like himb|quarkdrivespa\n|turn|14\n|\n|t:|1700251240\n|move|p1a: Charizard|Dual Wingbeat|p2a: I like himb\n|-damage|p2a: I like himb|0 fnt\n|faint|p2a: I like himb\n|-end|p2a: I like himb|Quark Drive|[silent]\n|-hitcount|p2: I like himb|1\n|\n|upkeep\n|\n|t:|1700251245\n|switch|p2a: Oh i love chess|Kingambit, M|100\/100\n|-activate|p2a: Oh i love chess|ability: Supreme Overlord\n|-start|p2a: Oh i love chess|fallen5|[silent]\n|turn|15\n|\n|t:|1700251272\n|-terastallize|p2a: Oh i love chess|Flying\n|move|p1a: Charizard|Belly Drum||[still]\n|-fail|p1a: Charizard\n|move|p2a: Oh i love chess|Iron Defense|p2a: Oh i love chess\n|-boost|p2a: Oh i love chess|def|2\n|\n|upkeep\n|turn|16\n|\n|t:|1700251288\n|move|p1a: Charizard|Flame Charge|p2a: Oh i love chess\n|-damage|p2a: Oh i love chess|53\/100\n|-boost|p1a: Charizard|spe|1\n|move|p2a: Oh i love chess|Iron Defense|p2a: Oh i love chess\n|-boost|p2a: Oh i love chess|def|2\n|\n|-heal|p2a: Oh i love chess|59\/100|[from] item: Leftovers\n|upkeep\n|turn|17\n|\n|t:|1700251305\n|move|p1a: Charizard|Dual Wingbeat|p2a: Oh i love chess\n|-damage|p2a: Oh i love chess|43\/100\n|-damage|p2a: Oh i love chess|24\/100\n|-hitcount|p2a: Oh i love chess|2\n|move|p2a: Oh i love chess|Iron Defense|p2a: Oh i love chess\n|-boost|p2a: Oh i love chess|def|2\n|\n|-heal|p2a: Oh i love chess|30\/100|[from] item: Leftovers\n|upkeep\n|turn|18\n|\n|t:|1700251317\n|move|p1a: Charizard|Dual Wingbeat|p2a: Oh i love chess\n|-damage|p2a: Oh i love chess|17\/100\n|-damage|p2a: Oh i love chess|5\/100\n|-hitcount|p2a: Oh i love chess|2\n|move|p2a: Oh i love chess|Kowtow Cleave|p1a: Charizard\n|-damage|p1a: Charizard|0 fnt\n|faint|p1a: Charizard\n|\n|-heal|p2a: Oh i love chess|11\/100|[from] item: Leftovers\n|upkeep\n|\n|t:|1700251334\n|switch|p1a: Mimikyu|Mimikyu, F|100\/100\n|turn|19\n|\n|t:|1700251359\n|move|p1a: Mimikyu|Swords Dance|p1a: Mimikyu\n|-boost|p1a: Mimikyu|atk|2\n|move|p2a: Oh i love chess|Kowtow Cleave|p1a: Mimikyu\n|-activate|p1a: Mimikyu|ability: Disguise\n|-damage|p1a: Mimikyu|100\/100\n|detailschange|p1a: Mimikyu|Mimikyu-Busted, F\n|-damage|p1a: Mimikyu|88\/100|[from] pokemon: Mimikyu-Busted\n|\n|-heal|p2a: Oh i love chess|17\/100|[from] item: Leftovers\n|upkeep\n|turn|20\n|\n|t:|1700251372\n|move|p1a: Mimikyu|Play Rough|p2a: Oh i love chess\n|-damage|p2a: Oh i love chess|0 fnt\n|faint|p2a: Oh i love chess\n|-end|p2a: Oh i love chess|fallen5|[silent]\n|-damage|p1a: Mimikyu|78\/100|[from] item: Life Orb\n|\n|win|kemowastaken\n|raw|kemowastaken's rating: 1195 &rarr; <strong>1217<\/strong><br \/>(+22 for winning)\n|raw|Ferret i guess's rating: 1153 &rarr; <strong>1131<\/strong><br \/>(-22 for losing)\n|c|\u2606Ferret i guess|gg\n|c|\u2606kemowastaken|Gg\n|l|\u2606Ferret i guess\n","uploadtime":1700251389,"views":8,"p1id":"kemowastaken","p2id":"ferretiguess","formatid":"gen9nationaldexubers","rating":1131,"private":0,"password":""}