{"id":"gen9nationaldexubers-1986053734","p1":"MaestroPokemonGoku","p2":"Chaitanya15","format":"[Gen 9] National Dex Ubers","log":"|j|\u2606MaestroPokemonGoku\n|j|\u2606Chaitanya15\n|t:|1699444465\n|gametype|singles\n|player|p1|MaestroPokemonGoku|bruno|1269\n|player|p2|Chaitanya15|266|1407\n|teamsize|p1|6\n|teamsize|p2|6\n|gen|9\n|tier|[Gen 9] National Dex Ubers\n|rated|\n|rule|HP Percentage Mod: HP is shown in percentages\n|rule|Endless Battle Clause: Forcing endless battles is banned\n|rule|OHKO Clause: OHKO moves are banned\n|rule|Evasion Moves Clause: Evasion moves are banned\n|rule|Evasion Items Clause: Evasion items are banned\n|rule|Species Clause: Limit one of each Pok\u00e9mon\n|rule|Sleep Clause Mod: Limit one foe put to sleep\n|rule|Mega Rayquaza Clause: You cannot mega evolve Rayquaza\n|clearpoke\n|poke|p1|Tapu Koko|\n|poke|p1|Regieleki|\n|poke|p1|Quaquaval, M|\n|poke|p1|Calyrex-Ice|\n|poke|p1|Roaring Moon|\n|poke|p1|Iron Moth|\n|poke|p2|Kingambit, F|\n|poke|p2|Basculegion, M|\n|poke|p2|Kyogre|\n|poke|p2|Flutter Mane|\n|poke|p2|Deoxys-Speed|\n|poke|p2|Groudon|\n|teampreview\n|inactive|Battle timer is ON: inactive players will automatically lose when time's up. (requested by MaestroPokemonGoku)\n|\n|t:|1699444486\n|start\n|switch|p1a: Calyrex|Calyrex-Ice|100\/100\n|switch|p2a: Groudon|Groudon|100\/100\n|-ability|p1a: Calyrex|As One\n|-ability|p1a: Calyrex|Unnerve\n|detailschange|p2a: Groudon|Groudon-Primal\n|-primal|p2a: Groudon|Red Orb\n|-weather|DesolateLand|[from] ability: Desolate Land|[of] p2a: Groudon\n|turn|1\n|\n|t:|1699444501\n|-terastallize|p1a: Calyrex|Water\n|move|p2a: Groudon|Rock Polish|p2a: Groudon\n|-boost|p2a: Groudon|spe|2\n|move|p1a: Calyrex|Trick Room|p1a: Calyrex\n|-fieldstart|move: Trick Room|[of] p1a: Calyrex\n|\n|-weather|DesolateLand|[upkeep]\n|upkeep\n|turn|2\n|\n|t:|1699444511\n|move|p1a: Calyrex|Glacial Lance|p2a: Groudon\n|-damage|p2a: Groudon|44\/100\n|move|p2a: Groudon|Precipice Blades|p1a: Calyrex\n|-damage|p1a: Calyrex|49\/100\n|\n|-weather|DesolateLand|[upkeep]\n|-heal|p1a: Calyrex|55\/100|[from] item: Leftovers\n|upkeep\n|turn|3\n|\n|t:|1699444534\n|-weather|none\n|switch|p2a: Kingambit|Kingambit, F|100\/100\n|move|p1a: Calyrex|Glacial Lance|p2a: Kingambit\n|-resisted|p2a: Kingambit\n|-damage|p2a: Kingambit|71\/100\n|\n|-heal|p1a: Calyrex|61\/100|[from] item: Leftovers\n|upkeep\n|turn|4\n|\n|t:|1699444545\n|move|p1a: Calyrex|Close Combat|p2a: Kingambit\n|-supereffective|p2a: Kingambit\n|-damage|p2a: Kingambit|0 fnt\n|-unboost|p1a: Calyrex|def|1\n|-unboost|p1a: Calyrex|spd|1\n|faint|p2a: Kingambit\n|-end|p2a: Kingambit|fallenundefined|[silent]\n|-ability|p1a: Calyrex|Chilling Neigh|boost\n|-boost|p1a: Calyrex|atk|1\n|\n|-heal|p1a: Calyrex|68\/100|[from] item: Leftovers\n|upkeep\n|inactive|Chaitanya15 has 120 seconds left.\n|\n|t:|1699444561\n|switch|p2a: Deoxys|Deoxys-Speed|100\/100\n|-ability|p2a: Deoxys|Pressure\n|turn|5\n|\n|t:|1699444566\n|move|p1a: Calyrex|Glacial Lance|p2a: Deoxys\n|-enditem|p2a: Deoxys|Focus Sash\n|-damage|p2a: Deoxys|1\/100\n|move|p2a: Deoxys|Psychic|p1a: Calyrex\n|-damage|p1a: Calyrex|36\/100\n|\n|-heal|p1a: Calyrex|43\/100|[from] item: Leftovers\n|-fieldend|move: Trick Room\n|upkeep\n|turn|6\n|\n|t:|1699444580\n|move|p2a: Deoxys|Psychic|p1a: Calyrex\n|-damage|p1a: Calyrex|10\/100\n|move|p1a: Calyrex|Trick Room|p1a: Calyrex\n|-fieldstart|move: Trick Room|[of] p1a: Calyrex\n|\n|-heal|p1a: Calyrex|17\/100|[from] item: Leftovers\n|upkeep\n|turn|7\n|\n|t:|1699444588\n|move|p2a: Deoxys|Extreme Speed|p1a: Calyrex\n|-damage|p1a: Calyrex|2\/100\n|move|p1a: Calyrex|Glacial Lance|p2a: Deoxys\n|-damage|p2a: Deoxys|0 fnt\n|faint|p2a: Deoxys\n|-ability|p1a: Calyrex|Chilling Neigh|boost\n|-boost|p1a: Calyrex|atk|1\n|\n|-heal|p1a: Calyrex|8\/100|[from] item: Leftovers\n|upkeep\n|inactive|Chaitanya15 has 120 seconds left.\n|\n|t:|1699444603\n|switch|p2a: Kyogre|Kyogre|100\/100\n|-weather|RainDance|[from] ability: Drizzle|[of] p2a: Kyogre\n|turn|8\n|\n|t:|1699444610\n|switch|p2a: Flutter Mane|Flutter Mane|100\/100\n|-enditem|p2a: Flutter Mane|Booster Energy\n|-activate|p2a: Flutter Mane|ability: Protosynthesis|[fromitem]\n|-start|p2a: Flutter Mane|protosynthesisspe\n|move|p1a: Calyrex|Close Combat|p2a: Flutter Mane\n|-immune|p2a: Flutter Mane\n|\n|-weather|RainDance|[upkeep]\n|-heal|p1a: Calyrex|14\/100|[from] item: Leftovers\n|upkeep\n|turn|9\n|inactive|Chaitanya15 has 120 seconds left.\n|\n|t:|1699444628\n|move|p1a: Calyrex|Zen Headbutt|p2a: Flutter Mane\n|-damage|p2a: Flutter Mane|0 fnt\n|faint|p2a: Flutter Mane\n|-end|p2a: Flutter Mane|Protosynthesis|[silent]\n|-ability|p1a: Calyrex|Chilling Neigh|boost\n|-boost|p1a: Calyrex|atk|1\n|\n|-weather|RainDance|[upkeep]\n|-heal|p1a: Calyrex|20\/100|[from] item: Leftovers\n|upkeep\n|inactive|Chaitanya15 has 120 seconds left.\n|\n|t:|1699444638\n|switch|p2a: Kyogre|Kyogre|100\/100\n|turn|10\n|\n|t:|1699444642\n|move|p1a: Calyrex|Zen Headbutt|p2a: Kyogre\n|-damage|p2a: Kyogre|0 fnt\n|faint|p2a: Kyogre\n|-ability|p1a: Calyrex|Chilling Neigh|boost\n|-boost|p1a: Calyrex|atk|1\n|\n|-weather|RainDance|[upkeep]\n|-heal|p1a: Calyrex|26\/100|[from] item: Leftovers\n|-fieldend|move: Trick Room\n|upkeep\n|\n|t:|1699444651\n|switch|p2a: Basculegion|Basculegion, M|100\/100\n|turn|11\n|\n|t:|1699444656\n|move|p2a: Basculegion|Last Respects|p1a: Calyrex\n|-damage|p1a: Calyrex|0 fnt\n|faint|p1a: Calyrex\n|\n|-weather|RainDance|[upkeep]\n|upkeep\n|\n|t:|1699444667\n|switch|p1a: Roaring Moon|Roaring Moon|100\/100\n|-enditem|p1a: Roaring Moon|Booster Energy\n|-activate|p1a: Roaring Moon|ability: Protosynthesis|[fromitem]\n|-start|p1a: Roaring Moon|protosynthesisatk\n|turn|12\n|\n|t:|1699444675\n|move|p2a: Basculegion|Last Respects|p1a: Roaring Moon\n|-resisted|p1a: Roaring Moon\n|-damage|p1a: Roaring Moon|0 fnt\n|faint|p1a: Roaring Moon\n|-end|p1a: Roaring Moon|Protosynthesis|[silent]\n|\n|-weather|none\n|upkeep\n|\n|t:|1699444681\n|switch|p1a: Tapu Koko|Tapu Koko|100\/100\n|-fieldstart|move: Electric Terrain|[from] ability: Electric Surge|[of] p1a: Tapu Koko\n|turn|13\n|\n|t:|1699444686\n|switch|p2a: Groudon|Groudon-Primal|44\/100\n|-weather|DesolateLand|[from] ability: Desolate Land|[of] p2a: Groudon\n|move|p1a: Tapu Koko|Dazzling Gleam|p2a: Groudon\n|-resisted|p2a: Groudon\n|-damage|p2a: Groudon|23\/100\n|\n|-weather|DesolateLand|[upkeep]\n|upkeep\n|turn|14\n|\n|t:|1699444695\n|move|p1a: Tapu Koko|Dazzling Gleam|p2a: Groudon\n|-resisted|p2a: Groudon\n|-damage|p2a: Groudon|4\/100\n|move|p2a: Groudon|Rock Polish|p2a: Groudon\n|-boost|p2a: Groudon|spe|2\n|\n|-weather|DesolateLand|[upkeep]\n|upkeep\n|turn|15\n|\n|t:|1699444704\n|move|p2a: Groudon|Precipice Blades|p1a: Tapu Koko\n|-supereffective|p1a: Tapu Koko\n|-damage|p1a: Tapu Koko|0 fnt\n|faint|p1a: Tapu Koko\n|\n|-weather|DesolateLand|[upkeep]\n|upkeep\n|\n|t:|1699444708\n|switch|p1a: Quaquaval|Quaquaval, M|100\/100\n|turn|16\n|\n|t:|1699444712\n|move|p2a: Groudon|Precipice Blades|p1a: Quaquaval\n|-damage|p1a: Quaquaval|0 fnt\n|faint|p1a: Quaquaval\n|\n|-weather|DesolateLand|[upkeep]\n|upkeep\n|\n|t:|1699444718\n|switch|p1a: Iron Moth|Iron Moth|100\/100\n|-activate|p1a: Iron Moth|ability: Quark Drive\n|-start|p1a: Iron Moth|quarkdrivespa\n|turn|17\n|\n|t:|1699444724\n|move|p2a: Groudon|Precipice Blades|p1a: Iron Moth\n|-supereffective|p1a: Iron Moth\n|-damage|p1a: Iron Moth|0 fnt\n|faint|p1a: Iron Moth\n|-end|p1a: Iron Moth|Quark Drive|[silent]\n|\n|-weather|DesolateLand|[upkeep]\n|upkeep\n|\n|t:|1699444728\n|switch|p1a: Regieleki|Regieleki|100\/100\n|turn|18\n|\n|t:|1699444732\n|move|p2a: Groudon|Precipice Blades|p1a: Regieleki\n|-supereffective|p1a: Regieleki\n|-crit|p1a: Regieleki\n|-damage|p1a: Regieleki|0 fnt\n|faint|p1a: Regieleki\n|\n|win|Chaitanya15\n|raw|MaestroPokemonGoku's rating: 1269 &rarr; <strong>1253<\/strong><br \/>(-16 for losing)\n|raw|Chaitanya15's rating: 1407 &rarr; <strong>1419<\/strong><br \/>(+12 for winning)\n|c|\u2606Chaitanya15|Gg\n|l|\u2606MaestroPokemonGoku\n","uploadtime":1699444741,"views":15,"p1id":"maestropokemongoku","p2id":"chaitanya15","formatid":"gen9nationaldexubers","rating":1253,"private":0,"password":""}