{"id":"gen9nationaldexubers-1983277511","p1":"Aeran","p2":"Waffleznjelly","format":"[Gen 9] National Dex Ubers","log":"|j|\u2606Aeran\n|j|\u2606Waffleznjelly\n|t:|1699113368\n|gametype|singles\n|player|p1|Aeran|carmine-festival|\n|player|p2|Waffleznjelly|265|\n|teamsize|p1|6\n|teamsize|p2|6\n|gen|9\n|tier|[Gen 9] National Dex Ubers\n|rule|HP Percentage Mod: HP is shown in percentages\n|rule|Endless Battle Clause: Forcing endless battles is banned\n|rule|OHKO Clause: OHKO moves are banned\n|rule|Evasion Moves Clause: Evasion moves are banned\n|rule|Evasion Items Clause: Evasion items are banned\n|rule|Species Clause: Limit one of each Pok\u00e9mon\n|rule|Sleep Clause Mod: Limit one foe put to sleep\n|rule|Mega Rayquaza Clause: You cannot mega evolve Rayquaza\n|clearpoke\n|poke|p1|Lopunny, M|\n|poke|p1|Scream Tail|\n|poke|p1|Mandibuzz, F|\n|poke|p1|Dondozo, M|\n|poke|p1|Gholdengo|\n|poke|p1|Ting-Lu|\n|poke|p2|Talonflame, F|\n|poke|p2|Honchkrow, F|\n|poke|p2|Scyther, F|\n|poke|p2|Ninetales-Alola, F|\n|poke|p2|Garchomp, M|\n|poke|p2|Sceptile, M|\n|teampreview\n|\n|t:|1699113381\n|start\n|switch|p1a: Scream Tail|Scream Tail|100\/100\n|switch|p2a: Garchomp|Garchomp, M|100\/100\n|turn|1\n|\n|t:|1699113390\n|switch|p2a: Ninetales|Ninetales-Alola, F|100\/100\n|-weather|Snow|[from] ability: Snow Warning|[of] p2a: Ninetales\n|move|p1a: Scream Tail|Stealth Rock|p2a: Ninetales\n|-sidestart|p2: Waffleznjelly|move: Stealth Rock\n|\n|-weather|Snow|[upkeep]\n|upkeep\n|turn|2\n|\n|t:|1699113410\n|-end|p1a: Scream Tail|Protosynthesis|[silent]\n|switch|p1a: Gholdengo|Gholdengo|100\/100\n|move|p2a: Ninetales|Moonblast|p1a: Gholdengo\n|-resisted|p1a: Gholdengo\n|-damage|p1a: Gholdengo|78\/100\n|\n|-weather|Snow|[upkeep]\n|upkeep\n|turn|3\n|\n|t:|1699113419\n|switch|p2a: Garchomp|Garchomp, M|100\/100\n|-damage|p2a: Garchomp|94\/100|[from] Stealth Rock\n|move|p1a: Gholdengo|Make It Rain|p2a: Garchomp\n|-damage|p2a: Garchomp|30\/100\n|-unboost|p1a: Gholdengo|spa|1\n|\n|-weather|Snow|[upkeep]\n|upkeep\n|turn|4\n|\n|t:|1699113431\n|switch|p1a: Mandibuzz|Mandibuzz, F|100\/100\n|move|p2a: Garchomp|Rock Slide|p1a: Mandibuzz\n|-supereffective|p1a: Mandibuzz\n|-damage|p1a: Mandibuzz|68\/100\n|\n|-weather|Snow|[upkeep]\n|upkeep\n|turn|5\n|\n|t:|1699113441\n|switch|p1a: Scream Tail|Scream Tail|100\/100\n|move|p2a: Garchomp|Rock Slide|p1a: Scream Tail\n|-damage|p1a: Scream Tail|78\/100\n|\n|-weather|none\n|-heal|p1a: Scream Tail|84\/100|[from] item: Leftovers\n|upkeep\n|turn|6\n|\n|t:|1699113458\n|switch|p2a: Ninetales|Ninetales-Alola, F|100\/100\n|-damage|p2a: Ninetales|75\/100|[from] Stealth Rock\n|-weather|Snow|[from] ability: Snow Warning|[of] p2a: Ninetales\n|move|p1a: Scream Tail|Dazzling Gleam|p2a: Ninetales\n|-damage|p2a: Ninetales|61\/100\n|\n|-weather|Snow|[upkeep]\n|-heal|p1a: Scream Tail|90\/100|[from] item: Leftovers\n|upkeep\n|turn|7\n|\n|t:|1699113473\n|-end|p1a: Scream Tail|Protosynthesis|[silent]\n|switch|p1a: Gholdengo|Gholdengo|78\/100\n|move|p2a: Ninetales|Moonblast|p1a: Gholdengo\n|-resisted|p1a: Gholdengo\n|-damage|p1a: Gholdengo|56\/100\n|-unboost|p1a: Gholdengo|spa|1\n|\n|-weather|Snow|[upkeep]\n|upkeep\n|turn|8\n|\n|t:|1699113484\n|move|p1a: Gholdengo|Make It Rain|p2a: Ninetales\n|-supereffective|p2a: Ninetales\n|-damage|p2a: Ninetales|0 fnt\n|-unboost|p1a: Gholdengo|spa|1\n|faint|p2a: Ninetales\n|\n|-weather|Snow|[upkeep]\n|upkeep\n|\n|t:|1699113501\n|switch|p2a: Honchkrow|Honchkrow, F|100\/100\n|-damage|p2a: Honchkrow|75\/100|[from] Stealth Rock\n|turn|9\n|\n|t:|1699113507\n|switch|p1a: Dondozo|Dondozo, M|100\/100\n|move|p2a: Honchkrow|Curse|p2a: Honchkrow\n|-unboost|p2a: Honchkrow|spe|1\n|-boost|p2a: Honchkrow|atk|1\n|-boost|p2a: Honchkrow|def|1\n|\n|-weather|Snow|[upkeep]\n|upkeep\n|turn|10\n|\n|t:|1699113517\n|move|p2a: Honchkrow|Steel Wing|p1a: Dondozo\n|-resisted|p1a: Dondozo\n|-damage|p1a: Dondozo|95\/100\n|move|p1a: Dondozo|Curse|p1a: Dondozo\n|-unboost|p1a: Dondozo|spe|1\n|-boost|p1a: Dondozo|atk|1\n|-boost|p1a: Dondozo|def|1\n|\n|-weather|none\n|-heal|p1a: Dondozo|100\/100|[from] item: Leftovers\n|upkeep\n|turn|11\n|\n|t:|1699113532\n|move|p2a: Honchkrow|Drill Peck|p1a: Dondozo\n|-damage|p1a: Dondozo|87\/100\n|move|p1a: Dondozo|Liquidation|p2a: Honchkrow\n|-damage|p2a: Honchkrow|18\/100\n|\n|-heal|p1a: Dondozo|94\/100|[from] item: Leftovers\n|upkeep\n|turn|12\n|\n|t:|1699113546\n|move|p2a: Honchkrow|Steel Wing|p1a: Dondozo\n|-resisted|p1a: Dondozo\n|-damage|p1a: Dondozo|90\/100\n|move|p1a: Dondozo|Liquidation|p2a: Honchkrow\n|-damage|p2a: Honchkrow|0 fnt\n|faint|p2a: Honchkrow\n|\n|-heal|p1a: Dondozo|96\/100|[from] item: Leftovers\n|upkeep\n|\n|t:|1699113557\n|switch|p2a: Sceptile|Sceptile, M|100\/100\n|-damage|p2a: Sceptile|88\/100|[from] Stealth Rock\n|turn|13\n|\n|t:|1699113564\n|switch|p1a: Scream Tail|Scream Tail|90\/100\n|detailschange|p2a: Sceptile|Sceptile-Mega, M\n|-mega|p2a: Sceptile|Sceptile|Sceptilite\n|move|p2a: Sceptile|Energy Ball|p1a: Scream Tail\n|-damage|p1a: Scream Tail|65\/100\n|\n|-heal|p1a: Scream Tail|71\/100|[from] item: Leftovers\n|upkeep\n|turn|14\n|\n|t:|1699113589\n|switch|p2a: Scyther|Scyther, F|100\/100\n|-damage|p2a: Scyther|50\/100|[from] Stealth Rock\n|move|p1a: Scream Tail|Wish|p1a: Scream Tail\n|\n|-heal|p1a: Scream Tail|78\/100|[from] item: Leftovers\n|upkeep\n|turn|15\n|\n|t:|1699113600\n|-end|p1a: Scream Tail|Protosynthesis|[silent]\n|switch|p1a: Gholdengo|Gholdengo|56\/100\n|move|p2a: Scyther|Swords Dance|p2a: Scyther\n|-boost|p2a: Scyther|atk|2\n|\n|-heal|p1a: Gholdengo|100\/100|[from] move: Wish|[wisher] Scream Tail\n|upkeep\n|turn|16\n|\n|t:|1699113611\n|move|p1a: Gholdengo|Make It Rain|p2a: Scyther\n|-damage|p2a: Scyther|0 fnt\n|-unboost|p1a: Gholdengo|spa|1\n|faint|p2a: Scyther\n|\n|upkeep\n|\n|t:|1699113621\n|switch|p2a: Talonflame|Talonflame, F|100\/100\n|-damage|p2a: Talonflame|51\/100|[from] Stealth Rock\n|turn|17\n|\n|t:|1699113636\n|switch|p1a: Dondozo|Dondozo, M|96\/100\n|move|p2a: Talonflame|Flame Charge|p1a: Dondozo\n|-resisted|p1a: Dondozo\n|-damage|p1a: Dondozo|89\/100\n|-boost|p2a: Talonflame|spe|1\n|\n|-heal|p1a: Dondozo|96\/100|[from] item: Leftovers\n|upkeep\n|turn|18\n|j| MyStaT\n|\n|t:|1699113651\n|switch|p2a: Sceptile|Sceptile-Mega, M|88\/100\n|-damage|p2a: Sceptile|76\/100|[from] Stealth Rock\n|move|p1a: Dondozo|Liquidation|p2a: Sceptile\n|-resisted|p2a: Sceptile\n|-damage|p2a: Sceptile|65\/100\n|\n|-heal|p1a: Dondozo|100\/100|[from] item: Leftovers\n|upkeep\n|turn|19\n|\n|t:|1699113663\n|switch|p1a: Scream Tail|Scream Tail|78\/100\n|move|p2a: Sceptile|Energy Ball|p1a: Scream Tail\n|-damage|p1a: Scream Tail|48\/100\n|\n|-heal|p1a: Scream Tail|55\/100|[from] item: Leftovers\n|upkeep\n|turn|20\n|\n|t:|1699113673\n|switch|p2a: Talonflame|Talonflame, F|51\/100\n|-damage|p2a: Talonflame|1\/100|[from] Stealth Rock\n|move|p1a: Scream Tail|Dazzling Gleam|p2a: Talonflame\n|-resisted|p2a: Talonflame\n|-damage|p2a: Talonflame|0 fnt\n|faint|p2a: Talonflame\n|\n|-heal|p1a: Scream Tail|61\/100|[from] item: Leftovers\n|upkeep\n|\n|t:|1699113688\n|switch|p2a: Sceptile|Sceptile-Mega, M|65\/100\n|-damage|p2a: Sceptile|53\/100|[from] Stealth Rock\n|turn|21\n|\n|t:|1699113700\n|move|p1a: Scream Tail|Protect|p1a: Scream Tail\n|-singleturn|p1a: Scream Tail|Protect\n|move|p2a: Sceptile|Energy Ball|p1a: Scream Tail\n|-activate|p1a: Scream Tail|move: Protect\n|\n|-heal|p1a: Scream Tail|67\/100|[from] item: Leftovers\n|upkeep\n|turn|22\n|\n|t:|1699113712\n|move|p2a: Sceptile|Energy Ball|p1a: Scream Tail\n|-damage|p1a: Scream Tail|42\/100\n|move|p1a: Scream Tail|Dazzling Gleam|p2a: Sceptile\n|-supereffective|p2a: Sceptile\n|-damage|p2a: Sceptile|0 fnt\n|faint|p2a: Sceptile\n|\n|-heal|p1a: Scream Tail|48\/100|[from] item: Leftovers\n|upkeep\n|\n|t:|1699113722\n|switch|p2a: Garchomp|Garchomp, M|30\/100\n|-damage|p2a: Garchomp|24\/100|[from] Stealth Rock\n|turn|23\n|\n|t:|1699113729\n|move|p1a: Scream Tail|Dazzling Gleam|p2a: Garchomp\n|-supereffective|p2a: Garchomp\n|-damage|p2a: Garchomp|0 fnt\n|faint|p2a: Garchomp\n|\n|win|Aeran\n|c|\u2606Aeran|gg\n|l| MyStaT\n","uploadtime":1699113737,"views":16,"p1id":"aeran","p2id":"waffleznjelly","formatid":"gen9nationaldexubers","rating":0,"private":0,"password":""}