{"id":"gen9nationaldexubers-1980094830","p1":"Helpnoname","p2":"babynogalXD","format":"[Gen 9] National Dex Ubers","log":"|j|\u2606Helpnoname\n|j|\u2606babynogalXD\n|t:|1698756687\n|gametype|singles\n|player|p1|Helpnoname|169|1684\n|player|p2|babynogalXD|hilbert|1735\n|teamsize|p1|6\n|teamsize|p2|6\n|gen|9\n|tier|[Gen 9] National Dex Ubers\n|rated|\n|rule|HP Percentage Mod: HP is shown in percentages\n|rule|Endless Battle Clause: Forcing endless battles is banned\n|rule|OHKO Clause: OHKO moves are banned\n|rule|Evasion Moves Clause: Evasion moves are banned\n|rule|Evasion Items Clause: Evasion items are banned\n|rule|Species Clause: Limit one of each Pok\u00e9mon\n|rule|Sleep Clause Mod: Limit one foe put to sleep\n|rule|Mega Rayquaza Clause: You cannot mega evolve Rayquaza\n|clearpoke\n|poke|p1|Ferrothorn, M|\n|poke|p1|Eternatus|\n|poke|p1|Giratina|\n|poke|p1|Yveltal|\n|poke|p1|Toxapex, M|\n|poke|p1|Ho-Oh|\n|poke|p2|Ursaluna, F|\n|poke|p2|Calyrex-Ice|\n|poke|p2|Hatterene, F|\n|poke|p2|Lunala|\n|poke|p2|Groudon|\n|poke|p2|Magearna|\n|teampreview\n|\n|t:|1698756708\n|start\n|switch|p1a: Ferrothorn|Ferrothorn, M|100\/100\n|switch|p2a: Groudon|Groudon|100\/100\n|detailschange|p2a: Groudon|Groudon-Primal\n|-primal|p2a: Groudon|Red Orb\n|-weather|DesolateLand|[from] ability: Desolate Land|[of] p2a: Groudon\n|turn|1\n|\n|t:|1698756714\n|-weather|none\n|switch|p2a: Hatterene|Hatterene, F|100\/100\n|switch|p1a: Yveltal|Yveltal|100\/100\n|-ability|p1a: Yveltal|Dark Aura\n|\n|upkeep\n|turn|2\n|\n|t:|1698756721\n|move|p1a: Yveltal|Knock Off|p2a: Hatterene\n|-damage|p2a: Hatterene|59\/100\n|-enditem|p2a: Hatterene|Focus Sash|[from] move: Knock Off|[of] p1a: Yveltal\n|move|p2a: Hatterene|Trick Room|p2a: Hatterene\n|-fieldstart|move: Trick Room|[of] p2a: Hatterene\n|\n|upkeep\n|turn|3\n|\n|t:|1698756743\n|switch|p1a: Ho-Oh|Ho-Oh|100\/100\n|move|p2a: Hatterene|Healing Wish|p2a: Hatterene\n|faint|p2a: Hatterene\n|\n|upkeep\n|\n|t:|1698756750\n|switch|p2a: Groudon|Groudon-Primal|100\/100\n|-weather|DesolateLand|[from] ability: Desolate Land|[of] p2a: Groudon\n|turn|4\n|\n|t:|1698756755\n|move|p2a: Groudon|Substitute|p2a: Groudon\n|-start|p2a: Groudon|Substitute\n|-damage|p2a: Groudon|75\/100\n|move|p1a: Ho-Oh|Toxic||[still]\n|-fail|p1a: Ho-Oh\n|\n|-weather|DesolateLand|[upkeep]\n|upkeep\n|turn|5\n|\n|t:|1698756757\n|move|p2a: Groudon|Smack Down|p1a: Ho-Oh\n|-supereffective|p1a: Ho-Oh\n|-damage|p1a: Ho-Oh|8\/100\n|-start|p1a: Ho-Oh|Smack Down\n|move|p1a: Ho-Oh|Whirlwind|p2a: Groudon\n|-weather|none\n|drag|p2a: Ursaluna|Ursaluna, F|100\/100\n|\n|-status|p2a: Ursaluna|brn|[from] item: Flame Orb\n|upkeep\n|turn|6\n|\n|t:|1698756768\n|switch|p1a: Giratina|Giratina|100\/100\n|-ability|p1a: Giratina|Pressure\n|move|p2a: Ursaluna|Crunch|p1a: Giratina\n|-supereffective|p1a: Giratina\n|-damage|p1a: Giratina|55\/100\n|-unboost|p1a: Giratina|def|1\n|\n|-heal|p1a: Giratina|61\/100|[from] item: Leftovers\n|-damage|p2a: Ursaluna|94\/100 brn|[from] brn\n|-fieldend|move: Trick Room\n|upkeep\n|turn|7\n|\n|t:|1698756777\n|switch|p1a: Zoroerk|Toxapex, M|100\/100\n|move|p2a: Ursaluna|Crunch|p1a: Zoroerk\n|-damage|p1a: Zoroerk|64\/100\n|-unboost|p1a: Zoroerk|def|1\n|-damage|p2a: Ursaluna|78\/100 brn|[from] item: Rocky Helmet|[of] p1a: Zoroerk\n|\n|-damage|p2a: Ursaluna|71\/100 brn|[from] brn\n|upkeep\n|turn|8\n|\n|t:|1698756784\n|switch|p1a: Giratina|Giratina|61\/100\n|-ability|p1a: Giratina|Pressure\n|move|p2a: Ursaluna|Facade|p1a: Giratina\n|-immune|p1a: Giratina\n|\n|-heal|p1a: Giratina|68\/100|[from] item: Leftovers\n|-damage|p2a: Ursaluna|65\/100 brn|[from] brn\n|upkeep\n|turn|9\n|\n|t:|1698756795\n|switch|p1a: Eternatus|Eternatus|100\/100\n|-ability|p1a: Eternatus|Pressure\n|switch|p2a: Magearna|Magearna|100\/100\n|-item|p2a: Magearna|Air Balloon\n|\n|upkeep\n|turn|10\n|\n|t:|1698756800\n|move|p1a: Eternatus|Toxic Spikes|p2a: Magearna\n|-sidestart|p2: babynogalXD|move: Toxic Spikes\n|move|p2a: Magearna|Trick Room|p2a: Magearna\n|-fieldstart|move: Trick Room|[of] p2a: Magearna\n|\n|upkeep\n|turn|11\n|\n|t:|1698756803\n|move|p2a: Magearna|Spikes|p1a: Eternatus\n|-sidestart|p1: Helpnoname|Spikes\n|move|p1a: Eternatus|Toxic Spikes|p2a: Magearna\n|-sidestart|p2: babynogalXD|move: Toxic Spikes\n|\n|upkeep\n|turn|12\n|\n|t:|1698756808\n|switch|p1a: Ho-Oh|Ho-Oh|41\/100\n|move|p2a: Magearna|Spikes|p1a: Ho-Oh\n|-sidestart|p1: Helpnoname|Spikes\n|\n|upkeep\n|turn|13\n|\n|t:|1698756811\n|move|p2a: Magearna|Volt Switch|p1a: Ho-Oh\n|-supereffective|p1a: Ho-Oh\n|-damage|p1a: Ho-Oh|25\/100\n|\n|t:|1698756814\n|switch|p2a: Ursaluna|Ursaluna, F|65\/100 brn|[from] Volt Switch\n|-heal|p2a: Ursaluna|100\/100|[from] move: Healing Wish\n|-status|p2a: Ursaluna|tox\n|move|p1a: Ho-Oh|Roost|p1a: Ho-Oh\n|-heal|p1a: Ho-Oh|75\/100\n|-singleturn|p1a: Ho-Oh|move: Roost\n|\n|-damage|p2a: Ursaluna|94\/100 tox|[from] psn\n|upkeep\n|turn|14\n|\n|t:|1698756842\n|switch|p1a: Zoroerk|Toxapex, M|97\/100\n|-damage|p1a: Zoroerk|80\/100|[from] Spikes\n|move|p2a: Ursaluna|Swords Dance|p2a: Ursaluna\n|-boost|p2a: Ursaluna|atk|2\n|\n|-damage|p2a: Ursaluna|82\/100 tox|[from] psn\n|-fieldend|move: Trick Room\n|upkeep\n|turn|15\n|\n|t:|1698756850\n|move|p1a: Zoroerk|Baneful Bunker|p1a: Zoroerk\n|-singleturn|p1a: Zoroerk|move: Protect\n|move|p2a: Ursaluna|Facade|p1a: Zoroerk\n|-activate|p1a: Zoroerk|move: Protect\n|\n|-damage|p2a: Ursaluna|63\/100 tox|[from] psn\n|upkeep\n|turn|16\n|\n|t:|1698756857\n|switch|p1a: Giratina|Giratina|68\/100\n|-damage|p1a: Giratina|51\/100|[from] Spikes\n|-ability|p1a: Giratina|Pressure\n|move|p2a: Ursaluna|Facade|p1a: Giratina\n|-immune|p1a: Giratina\n|\n|-heal|p1a: Giratina|57\/100|[from] item: Leftovers\n|-damage|p2a: Ursaluna|38\/100 tox|[from] psn\n|upkeep\n|turn|17\n|\n|t:|1698756876\n|move|p1a: Giratina|Defog|p2a: Ursaluna\n|-unboost|p2a: Ursaluna|evasion|1\n|-sideend|p2: babynogalXD|Toxic Spikes|[from] move: Defog|[of] p1a: Giratina\n|-sideend|p1: Helpnoname|Spikes|[from] move: Defog|[of] p1a: Giratina\n|move|p2a: Ursaluna|Headlong Rush|p1a: Giratina\n|-damage|p1a: Giratina|0 fnt\n|-unboost|p2a: Ursaluna|def|1\n|-unboost|p2a: Ursaluna|spd|1\n|faint|p1a: Giratina\n|\n|-damage|p2a: Ursaluna|7\/100 tox|[from] psn\n|upkeep\n|\n|t:|1698756879\n|switch|p1a: Eternatus|Eternatus|100\/100\n|-ability|p1a: Eternatus|Pressure\n|turn|18\n|\n|t:|1698756881\n|move|p1a: Eternatus|Toxic Spikes|p2a: Ursaluna\n|-sidestart|p2: babynogalXD|move: Toxic Spikes\n|move|p2a: Ursaluna|Headlong Rush|p1a: Eternatus\n|-supereffective|p1a: Eternatus\n|-damage|p1a: Eternatus|0 fnt\n|-unboost|p2a: Ursaluna|def|1\n|-unboost|p2a: Ursaluna|spd|1\n|faint|p1a: Eternatus\n|\n|-damage|p2a: Ursaluna|0 fnt|[from] psn\n|faint|p2a: Ursaluna\n|upkeep\n|\n|t:|1698756891\n|switch|p1a: Ho-Oh|Ho-Oh|100\/100\n|switch|p2a: Groudon|Groudon-Primal|75\/100\n|-status|p2a: Groudon|psn\n|-weather|DesolateLand|[from] ability: Desolate Land|[of] p2a: Groudon\n|turn|19\n|\n|t:|1698756894\n|move|p2a: Groudon|Smack Down|p1a: Ho-Oh\n|-supereffective|p1a: Ho-Oh\n|-crit|p1a: Ho-Oh\n|-damage|p1a: Ho-Oh|0 fnt\n|faint|p1a: Ho-Oh\n|\n|-weather|DesolateLand|[upkeep]\n|-damage|p2a: Groudon|63\/100 psn|[from] psn\n|upkeep\n|\n|t:|1698756901\n|switch|p1a: Yveltal|Yveltal|100\/100\n|-ability|p1a: Yveltal|Dark Aura\n|turn|20\n|\n|t:|1698756904\n|-terastallize|p1a: Yveltal|Dark\n|move|p1a: Yveltal|Dark Pulse|p2a: Groudon\n|-damage|p2a: Groudon|0 fnt\n|faint|p2a: Groudon\n|-weather|none\n|\n|upkeep\n|\n|t:|1698756915\n|switch|p2a: Magearna|Magearna|100\/100\n|-item|p2a: Magearna|Air Balloon\n|turn|21\n|\n|t:|1698756924\n|switch|p1a: Ferrothorn|Ferrothorn, M|100\/100\n|move|p2a: Magearna|Trick Room|p2a: Magearna\n|-fieldstart|move: Trick Room|[of] p2a: Magearna\n|\n|upkeep\n|turn|22\n|\n|t:|1698756929\n|move|p1a: Ferrothorn|Substitute|p1a: Ferrothorn\n|-start|p1a: Ferrothorn|Substitute\n|-damage|p1a: Ferrothorn|75\/100\n|move|p2a: Magearna|Spikes|p1a: Ferrothorn\n|-sidestart|p1: Helpnoname|Spikes\n|\n|-heal|p1a: Ferrothorn|82\/100|[from] item: Leftovers\n|upkeep\n|turn|23\n|\n|t:|1698756933\n|move|p1a: Ferrothorn|Stealth Rock|p2a: Magearna\n|-sidestart|p2: babynogalXD|move: Stealth Rock\n|move|p2a: Magearna|Spikes|p1a: Ferrothorn\n|-sidestart|p1: Helpnoname|Spikes\n|\n|-heal|p1a: Ferrothorn|88\/100|[from] item: Leftovers\n|upkeep\n|turn|24\n|\n|t:|1698756935\n|move|p1a: Ferrothorn|Leech Seed|p2a: Magearna\n|-start|p2a: Magearna|move: Leech Seed\n|move|p2a: Magearna|Spikes|p1a: Ferrothorn\n|-sidestart|p1: Helpnoname|Spikes\n|\n|-heal|p1a: Ferrothorn|94\/100|[from] item: Leftovers\n|-damage|p2a: Magearna|88\/100|[from] Leech Seed|[of] p1a: Ferrothorn\n|-heal|p1a: Ferrothorn|100\/100|[silent]\n|upkeep\n|turn|25\n|\n|t:|1698756940\n|move|p1a: Ferrothorn|Protect|p1a: Ferrothorn\n|-singleturn|p1a: Ferrothorn|Protect\n|move|p2a: Magearna|Volt Switch|p1a: Ferrothorn\n|-activate|p1a: Ferrothorn|move: Protect\n|\n|-damage|p2a: Magearna|76\/100|[from] Leech Seed|[of] p1a: Ferrothorn\n|-fieldend|move: Trick Room\n|upkeep\n|turn|26\n|\n|t:|1698756946\n|move|p2a: Magearna|Encore|p1a: Ferrothorn\n|-start|p1a: Ferrothorn|Encore\n|move|p1a: Ferrothorn|Protect||[still]\n|-fail|p1a: Ferrothorn\n|\n|-damage|p2a: Magearna|63\/100|[from] Leech Seed|[of] p1a: Ferrothorn\n|upkeep\n|turn|27\n|\n|t:|1698756949\n|move|p1a: Ferrothorn|Protect|p1a: Ferrothorn\n|-singleturn|p1a: Ferrothorn|Protect\n|move|p2a: Magearna|Volt Switch|p1a: Ferrothorn\n|-activate|p1a: Ferrothorn|move: Protect\n|\n|-damage|p2a: Magearna|51\/100|[from] Leech Seed|[of] p1a: Ferrothorn\n|upkeep\n|turn|28\n|\n|t:|1698756952\n|move|p1a: Ferrothorn|Protect|p1a: Ferrothorn\n|-singleturn|p1a: Ferrothorn|Protect\n|move|p2a: Magearna|Volt Switch|p1a: Ferrothorn\n|-activate|p1a: Ferrothorn|move: Protect\n|\n|-damage|p2a: Magearna|39\/100|[from] Leech Seed|[of] p1a: Ferrothorn\n|-end|p1a: Ferrothorn|Encore\n|upkeep\n|turn|29\n|\n|t:|1698756958\n|move|p1a: Ferrothorn|Protect|p1a: Ferrothorn\n|-singleturn|p1a: Ferrothorn|Protect\n|move|p2a: Magearna|Volt Switch|p1a: Ferrothorn\n|-activate|p1a: Ferrothorn|move: Protect\n|\n|-damage|p2a: Magearna|26\/100|[from] Leech Seed|[of] p1a: Ferrothorn\n|upkeep\n|turn|30\n|\n|t:|1698756962\n|move|p2a: Magearna|Volt Switch|p1a: Ferrothorn\n|-resisted|p1a: Ferrothorn\n|-activate|p1a: Ferrothorn|move: Substitute|[damage]\n|\n|t:|1698756964\n|switch|p2a: Lunala|Lunala|100\/100|[from] Volt Switch\n|move|p1a: Ferrothorn|Leech Seed|p2a: Lunala\n|-start|p2a: Lunala|move: Leech Seed\n|\n|-damage|p2a: Lunala|88\/100|[from] Leech Seed|[of] p1a: Ferrothorn\n|upkeep\n|turn|31\n|\n|t:|1698756968\n|move|p1a: Ferrothorn|Substitute|p1a: Ferrothorn\n|-fail|p1a: Ferrothorn|move: Substitute\n|move|p2a: Lunala|Trick Room|p2a: Lunala\n|-fieldstart|move: Trick Room|[of] p2a: Lunala\n|\n|-damage|p2a: Lunala|76\/100|[from] Leech Seed|[of] p1a: Ferrothorn\n|upkeep\n|turn|32\n|\n|t:|1698756975\n|move|p1a: Ferrothorn|Substitute|p1a: Ferrothorn\n|-fail|p1a: Ferrothorn|move: Substitute\n|move|p2a: Lunala|Teleport|p2a: Lunala\n|\n|t:|1698756977\n|switch|p2a: Magearna|Magearna|26\/100|[from] Teleport\n|-damage|p2a: Magearna|20\/100|[from] Stealth Rock\n|-item|p2a: Magearna|Air Balloon\n|\n|upkeep\n|turn|33\n|\n|t:|1698756986\n|switch|p2a: Lunala|Lunala|76\/100\n|move|p1a: Ferrothorn|Leech Seed|p2a: Lunala\n|-start|p2a: Lunala|move: Leech Seed\n|\n|-damage|p2a: Lunala|63\/100|[from] Leech Seed|[of] p1a: Ferrothorn\n|upkeep\n|turn|34\n|\n|t:|1698756990\n|move|p1a: Ferrothorn|Stealth Rock||[still]\n|-fail|p1a: Ferrothorn\n|move|p2a: Lunala|Teleport|p2a: Lunala\n|\n|t:|1698756996\n|switch|p2a: Magearna|Magearna|20\/100|[from] Teleport\n|-damage|p2a: Magearna|14\/100|[from] Stealth Rock\n|-item|p2a: Magearna|Air Balloon\n|\n|upkeep\n|turn|35\n|\n|t:|1698757003\n|switch|p2a: Lunala|Lunala|63\/100\n|move|p1a: Ferrothorn|Leech Seed|p2a: Lunala\n|-start|p2a: Lunala|move: Leech Seed\n|\n|-damage|p2a: Lunala|51\/100|[from] Leech Seed|[of] p1a: Ferrothorn\n|-fieldend|move: Trick Room\n|upkeep\n|turn|36\n|\n|t:|1698757008\n|move|p2a: Lunala|Roost|p2a: Lunala\n|-heal|p2a: Lunala|100\/100\n|-singleturn|p2a: Lunala|move: Roost\n|move|p1a: Ferrothorn|Stealth Rock||[still]\n|-fail|p1a: Ferrothorn\n|\n|-damage|p2a: Lunala|88\/100|[from] Leech Seed|[of] p1a: Ferrothorn\n|upkeep\n|turn|37\n|\n|t:|1698757020\n|switch|p1a: Yveltal|Yveltal, tera:Dark|100\/100\n|-damage|p1a: Yveltal|75\/100|[from] Spikes\n|-ability|p1a: Yveltal|Dark Aura\n|move|p2a: Lunala|Teleport|p2a: Lunala\n|\n|t:|1698757024\n|switch|p2a: Calyrex|Calyrex-Ice|100\/100|[from] Teleport\n|-ability|p2a: Calyrex|As One\n|-ability|p2a: Calyrex|Unnerve\n|-status|p2a: Calyrex|psn\n|-damage|p2a: Calyrex|75\/100 psn|[from] Stealth Rock\n|\n|-damage|p2a: Calyrex|63\/100 psn|[from] psn\n|upkeep\n|turn|38\n|\n|t:|1698757027\n|-terastallize|p2a: Calyrex|Ice\n|move|p1a: Yveltal|Dark Pulse|p2a: Calyrex\n|-damage|p2a: Calyrex|12\/100 psn\n|move|p2a: Calyrex|Glacial Lance|p1a: Yveltal\n|-damage|p1a: Yveltal|0 fnt\n|faint|p1a: Yveltal\n|-ability|p2a: Calyrex|Chilling Neigh|boost\n|-boost|p2a: Calyrex|atk|1\n|\n|-damage|p2a: Calyrex|0 fnt|[from] psn\n|faint|p2a: Calyrex\n|upkeep\n|\n|t:|1698757046\n|switch|p1a: Ferrothorn|Ferrothorn, M|100\/100\n|switch|p2a: Lunala|Lunala|88\/100\n|-damage|p1a: Ferrothorn|75\/100|[from] Spikes\n|turn|39\n|\n|t:|1698757049\n|move|p2a: Lunala|Moongeist Beam|p1a: Ferrothorn\n|-damage|p1a: Ferrothorn|47\/100\n|move|p1a: Ferrothorn|Leech Seed|p2a: Lunala\n|-start|p2a: Lunala|move: Leech Seed\n|\n|-heal|p1a: Ferrothorn|54\/100|[from] item: Leftovers\n|-damage|p2a: Lunala|76\/100|[from] Leech Seed|[of] p1a: Ferrothorn\n|-heal|p1a: Ferrothorn|70\/100|[silent]\n|upkeep\n|turn|40\n|\n|t:|1698757057\n|move|p2a: Lunala|Moongeist Beam|p1a: Ferrothorn\n|-damage|p1a: Ferrothorn|41\/100\n|move|p1a: Ferrothorn|Stealth Rock||[still]\n|-fail|p1a: Ferrothorn\n|\n|-heal|p1a: Ferrothorn|47\/100|[from] item: Leftovers\n|-damage|p2a: Lunala|63\/100|[from] Leech Seed|[of] p1a: Ferrothorn\n|-heal|p1a: Ferrothorn|64\/100|[silent]\n|upkeep\n|turn|41\n|\n|t:|1698757064\n|move|p2a: Lunala|Moongeist Beam|p1a: Ferrothorn\n|-damage|p1a: Ferrothorn|36\/100\n|move|p1a: Ferrothorn|Stealth Rock||[still]\n|-fail|p1a: Ferrothorn\n|\n|-heal|p1a: Ferrothorn|42\/100|[from] item: Leftovers\n|-damage|p2a: Lunala|51\/100|[from] Leech Seed|[of] p1a: Ferrothorn\n|-heal|p1a: Ferrothorn|59\/100|[silent]\n|upkeep\n|turn|42\n|\n|t:|1698757068\n|move|p1a: Ferrothorn|Protect|p1a: Ferrothorn\n|-singleturn|p1a: Ferrothorn|Protect\n|move|p2a: Lunala|Teleport|p2a: Lunala\n|\n|t:|1698757069\n|switch|p2a: Magearna|Magearna|14\/100|[from] Teleport\n|-damage|p2a: Magearna|8\/100|[from] Stealth Rock\n|-item|p2a: Magearna|Air Balloon\n|\n|-heal|p1a: Ferrothorn|65\/100|[from] item: Leftovers\n|upkeep\n|turn|43\n|\n|t:|1698757072\n|move|p2a: Magearna|Encore|p1a: Ferrothorn\n|-start|p1a: Ferrothorn|Encore\n|move|p1a: Ferrothorn|Protect||[still]\n|-fail|p1a: Ferrothorn\n|\n|-heal|p1a: Ferrothorn|71\/100|[from] item: Leftovers\n|upkeep\n|turn|44\n|\n|t:|1698757077\n|switch|p2a: Lunala|Lunala|51\/100\n|switch|p1a: Zoroerk|Toxapex, M|100\/100\n|-damage|p1a: Zoroerk|75\/100|[from] Spikes\n|\n|upkeep\n|turn|45\n|\n|t:|1698757083\n|move|p2a: Lunala|Roost|p2a: Lunala\n|-heal|p2a: Lunala|100\/100\n|-singleturn|p2a: Lunala|move: Roost\n|move|p1a: Zoroerk|Infestation|p2a: Lunala\n|-crit|p2a: Lunala\n|-damage|p2a: Lunala|99\/100\n|-activate|p2a: Lunala|move: Infestation|[of] p1a: Zoroerk\n|\n|-damage|p2a: Lunala|87\/100|[from] move: Infestation|[partiallytrapped]\n|upkeep\n|turn|46\n|\n|t:|1698757092\n|move|p2a: Lunala|Roost|p2a: Lunala\n|-heal|p2a: Lunala|100\/100\n|-singleturn|p2a: Lunala|move: Roost\n|move|p1a: Zoroerk|Haze|p1a: Zoroerk\n|-clearallboost\n|\n|-damage|p2a: Lunala|88\/100|[from] move: Infestation|[partiallytrapped]\n|upkeep\n|turn|47\n|\n|t:|1698757096\n|move|p2a: Lunala|Moongeist Beam|p1a: Zoroerk\n|-damage|p1a: Zoroerk|49\/100\n|move|p1a: Zoroerk|Haze|p1a: Zoroerk\n|-clearallboost\n|\n|-damage|p2a: Lunala|76\/100|[from] move: Infestation|[partiallytrapped]\n|upkeep\n|turn|48\n|\n|t:|1698757100\n|move|p2a: Lunala|Moongeist Beam|p1a: Zoroerk\n|-damage|p1a: Zoroerk|19\/100\n|move|p1a: Zoroerk|Recover|p1a: Zoroerk\n|-heal|p1a: Zoroerk|69\/100\n|\n|-damage|p2a: Lunala|63\/100|[from] move: Infestation|[partiallytrapped]\n|upkeep\n|turn|49\n|-message|babynogalXD forfeited.\n|\n|win|Helpnoname\n|raw|Helpnoname's rating: 1684 &rarr; <strong>1707<\/strong><br \/>(+23 for winning)\n|raw|babynogalXD's rating: 1735 &rarr; <strong>1712<\/strong><br \/>(-23 for losing)\n|l|\u2606Helpnoname\n","uploadtime":1698757118,"views":5,"p1id":"helpnoname","p2id":"babynogalxd","formatid":"gen9nationaldexubers","rating":1707,"private":0,"password":""}