{"id":"gen9nationaldexubers-1984835051","p1":"Gtg g u2","p2":"Kiidumi","format":"[Gen 9] National Dex Ubers","log":"|j|\u2606Gtg g u2\n|j|\u2606Kiidumi\n|t:|1699303014\n|gametype|singles\n|player|p1|Gtg g u2|red-masters|1202\n|player|p2|Kiidumi|giovanni|1207\n|teamsize|p1|6\n|teamsize|p2|6\n|gen|9\n|tier|[Gen 9] National Dex Ubers\n|rated|\n|rule|HP Percentage Mod: HP is shown in percentages\n|rule|Endless Battle Clause: Forcing endless battles is banned\n|rule|OHKO Clause: OHKO moves are banned\n|rule|Evasion Moves Clause: Evasion moves are banned\n|rule|Evasion Items Clause: Evasion items are banned\n|rule|Species Clause: Limit one of each Pok\u00e9mon\n|rule|Sleep Clause Mod: Limit one foe put to sleep\n|rule|Mega Rayquaza Clause: You cannot mega evolve Rayquaza\n|clearpoke\n|poke|p1|Pikachu, M|\n|poke|p1|Rillaboom, M|\n|poke|p1|Cramorant, M|\n|poke|p1|Grapploct, M|\n|poke|p1|Centiskorch, M|\n|poke|p1|Runerigus, F|\n|poke|p2|Landorus, M|\n|poke|p2|Blaziken, M|\n|poke|p2|Tapu Koko|\n|poke|p2|Dracovish|\n|poke|p2|Mimikyu, M|\n|poke|p2|Dragapult, M|\n|teampreview\n|\n|t:|1699303019\n|start\n|switch|p1a: Cramorant|Cramorant, M|100\/100\n|switch|p2a: Ace|Blaziken, M, shiny|100\/100\n|turn|1\n|inactive|Battle timer is ON: inactive players will automatically lose when time's up. (requested by Gtg g u2)\n|\n|t:|1699303029\n|move|p1a: Cramorant|Surf|p2a: Ace\n|-formechange|p1a: Cramorant|Cramorant-Gulping|\n|-supereffective|p2a: Ace\n|-enditem|p2a: Ace|Focus Sash\n|-damage|p2a: Ace|1\/100\n|move|p2a: Ace|Swords Dance|p2a: Ace\n|-boost|p2a: Ace|atk|2\n|\n|-ability|p2a: Ace|Speed Boost|boost\n|-boost|p2a: Ace|spe|1\n|upkeep\n|turn|2\n|\n|t:|1699303038\n|move|p2a: Ace|Thunder Punch|p1a: Cramorant\n|-supereffective|p1a: Cramorant\n|-damage|p1a: Cramorant|0 fnt\n|-damage|p2a: Ace|0 fnt|[from] ability: Gulp Missile|[of] p1a: Cramorant\n|-formechange|p1a: Cramorant|Cramorant|\n|faint|p1a: Cramorant\n|faint|p2a: Ace\n|\n|upkeep\n|\n|t:|1699303048\n|switch|p1a: Rillaboom|Rillaboom, M|100\/100\n|switch|p2a: Enel|Dragapult, M|100\/100\n|-fieldstart|move: Grassy Terrain|[from] ability: Grassy Surge|[of] p1a: Rillaboom\n|turn|3\n|\n|t:|1699303054\n|move|p2a: Enel|Dragon Dance|p2a: Enel\n|-boost|p2a: Enel|atk|1\n|-boost|p2a: Enel|spe|1\n|move|p1a: Rillaboom|Knock Off|p2a: Enel\n|-supereffective|p2a: Enel\n|-enditem|p2a: Enel|Focus Sash\n|-damage|p2a: Enel|1\/100\n|-damage|p1a: Rillaboom|91\/100|[from] item: Life Orb\n|\n|-heal|p2a: Enel|7\/100|[from] Grassy Terrain\n|-heal|p1a: Rillaboom|97\/100|[from] Grassy Terrain\n|upkeep\n|turn|4\n|\n|t:|1699303072\n|move|p1a: Rillaboom|Grassy Glide|p2a: Enel\n|-resisted|p2a: Enel\n|-damage|p2a: Enel|0 fnt\n|faint|p2a: Enel\n|-damage|p1a: Rillaboom|87\/100|[from] item: Life Orb\n|\n|-heal|p1a: Rillaboom|93\/100|[from] Grassy Terrain\n|upkeep\n|inactive|Kiidumi has 120 seconds left.\n|\n|t:|1699303094\n|switch|p2a: Chopper|Mimikyu, M|100\/100\n|turn|5\n|\n|t:|1699303098\n|-terastallize|p2a: Chopper|Normal\n|move|p1a: Rillaboom|Knock Off|p2a: Chopper\n|-activate|p2a: Chopper|ability: Disguise\n|-damage|p2a: Chopper|100\/100\n|-damage|p1a: Rillaboom|76\/100|[from] item: Rocky Helmet|[of] p2a: Chopper\n|-enditem|p2a: Chopper|Rocky Helmet|[from] move: Knock Off|[of] p1a: Rillaboom\n|detailschange|p2a: Chopper|Mimikyu-Busted, M, tera:Normal\n|-damage|p2a: Chopper|88\/100|[from] pokemon: Mimikyu-Busted\n|-damage|p1a: Rillaboom|66\/100|[from] item: Life Orb\n|move|p2a: Chopper|Swords Dance|p2a: Chopper\n|-boost|p2a: Chopper|atk|2\n|\n|-heal|p1a: Rillaboom|73\/100|[from] Grassy Terrain\n|-heal|p2a: Chopper|94\/100|[from] Grassy Terrain\n|upkeep\n|turn|6\n|\n|t:|1699303113\n|move|p1a: Rillaboom|Drain Punch|p2a: Chopper\n|-supereffective|p2a: Chopper\n|-damage|p2a: Chopper|0 fnt\n|-heal|p1a: Rillaboom|100\/100|[from] drain|[of] p2a: Chopper\n|faint|p2a: Chopper\n|-damage|p1a: Rillaboom|91\/100|[from] item: Life Orb\n|\n|-heal|p1a: Rillaboom|97\/100|[from] Grassy Terrain\n|upkeep\n|\n|t:|1699303122\n|switch|p2a: Whitebeard|Landorus, M|100\/100\n|turn|7\n|\n|t:|1699303127\n|move|p2a: Whitebeard|Swords Dance|p2a: Whitebeard\n|-boost|p2a: Whitebeard|atk|2\n|move|p1a: Rillaboom|Knock Off|p2a: Whitebeard\n|-damage|p2a: Whitebeard|57\/100\n|-enditem|p2a: Whitebeard|Focus Sash|[from] move: Knock Off|[of] p1a: Rillaboom\n|-damage|p1a: Rillaboom|87\/100|[from] item: Life Orb\n|\n|-heal|p1a: Rillaboom|93\/100|[from] Grassy Terrain\n|-fieldend|move: Grassy Terrain\n|upkeep\n|turn|8\n|\n|t:|1699303136\n|switch|p1a: Pikachu|Pikachu, M|100\/100\n|move|p2a: Whitebeard|Fly||[still]\n|-prepare|p2a: Whitebeard|Fly\n|\n|upkeep\n|turn|9\n|\n|t:|1699303145\n|move|p1a: Pikachu|Surf|p2a: Whitebeard|[miss]\n|-miss|p1a: Pikachu|p2a: Whitebeard\n|move|p2a: Whitebeard|Fly|p1a: Pikachu|[from]lockedmove\n|-resisted|p1a: Pikachu\n|-damage|p1a: Pikachu|0 fnt\n|faint|p1a: Pikachu\n|\n|upkeep\n|\n|t:|1699303151\n|switch|p1a: Rillaboom|Rillaboom, M|93\/100\n|-fieldstart|move: Grassy Terrain|[from] ability: Grassy Surge|[of] p1a: Rillaboom\n|turn|10\n|\n|t:|1699303156\n|move|p1a: Rillaboom|Grassy Glide|p2a: Whitebeard\n|-damage|p2a: Whitebeard|8\/100\n|-damage|p1a: Rillaboom|83\/100|[from] item: Life Orb\n|move|p2a: Whitebeard|Fly||[still]\n|-prepare|p2a: Whitebeard|Fly\n|\n|-heal|p1a: Rillaboom|89\/100|[from] Grassy Terrain\n|upkeep\n|turn|11\n|\n|t:|1699303164\n|switch|p1a: Runerigus|Runerigus, F, shiny|100\/100\n|move|p2a: Whitebeard|Fly|p1a: Runerigus|[from]lockedmove\n|-damage|p1a: Runerigus|24\/100\n|-activate|p1a: Runerigus|ability: Wandering Spirit|Sheer Force|Wandering Spirit|[of] p2a: Whitebeard\n|\n|-heal|p1a: Runerigus|30\/100|[from] Grassy Terrain\n|-heal|p1a: Runerigus|37\/100|[from] item: Leftovers\n|upkeep\n|turn|12\n|\n|t:|1699303177\n|move|p2a: Whitebeard|Knock Off|p1a: Runerigus\n|-supereffective|p1a: Runerigus\n|-damage|p1a: Runerigus|0 fnt\n|-enditem|p1a: Runerigus|Leftovers|[from] move: Knock Off|[of] p2a: Whitebeard\n|faint|p1a: Runerigus\n|\n|upkeep\n|\n|t:|1699303185\n|switch|p1a: Rillaboom|Rillaboom, M|89\/100\n|turn|13\n|\n|t:|1699303188\n|move|p1a: Rillaboom|Grassy Glide|p2a: Whitebeard\n|-damage|p2a: Whitebeard|0 fnt\n|-activate|p2a: Whitebeard|ability: Wandering Spirit|Grassy Surge|Wandering Spirit|[of] p1a: Rillaboom\n|faint|p2a: Whitebeard\n|-damage|p1a: Rillaboom|79\/100|[from] item: Life Orb\n|\n|-heal|p1a: Rillaboom|85\/100|[from] Grassy Terrain\n|upkeep\n|\n|t:|1699303200\n|switch|p2a: Laboon|Dracovish|100\/100\n|turn|14\n|\n|t:|1699303207\n|move|p1a: Rillaboom|Grassy Glide|p2a: Laboon\n|-damage|p2a: Laboon|56\/100\n|-damage|p1a: Rillaboom|75\/100|[from] item: Life Orb\n|move|p2a: Laboon|Ice Fang|p1a: Rillaboom\n|-supereffective|p1a: Rillaboom\n|-damage|p1a: Rillaboom|9\/100\n|-activate|p1a: Rillaboom|ability: Wandering Spirit|Strong Jaw|Wandering Spirit|[of] p2a: Laboon\n|\n|-heal|p1a: Rillaboom|15\/100|[from] Grassy Terrain\n|-heal|p2a: Laboon|62\/100|[from] Grassy Terrain\n|-fieldend|move: Grassy Terrain\n|upkeep\n|turn|15\n|\n|t:|1699303228\n|switch|p1a: Grapploct|Grapploct, M|100\/100\n|move|p2a: Laboon|Ice Fang|p1a: Grapploct\n|-damage|p1a: Grapploct|81\/100\n|\n|-heal|p1a: Grapploct|87\/100|[from] item: Leftovers\n|upkeep\n|turn|16\n|\n|t:|1699303245\n|switch|p2a: Ice Spice|Tapu Koko, shiny|100\/100\n|-fieldstart|move: Electric Terrain|[from] ability: Electric Surge|[of] p2a: Ice Spice\n|move|p1a: Grapploct|Circle Throw|p2a: Ice Spice\n|-resisted|p2a: Ice Spice\n|-damage|p2a: Ice Spice|67\/100\n|drag|p2a: Laboon|Dracovish|62\/100\n|\n|-heal|p1a: Grapploct|93\/100|[from] item: Leftovers\n|upkeep\n|turn|17\n|\n|t:|1699303254\n|-terastallize|p1a: Grapploct|Water\n|move|p2a: Laboon|Psychic Fangs|p1a: Grapploct\n|-damage|p1a: Grapploct|55\/100\n|move|p1a: Grapploct|Drain Punch|p2a: Laboon\n|-damage|p2a: Laboon|28\/100\n|-heal|p1a: Grapploct|72\/100|[from] drain|[of] p2a: Laboon\n|\n|-heal|p1a: Grapploct|78\/100|[from] item: Leftovers\n|upkeep\n|turn|18\n|\n|t:|1699303264\n|switch|p2a: Ice Spice|Tapu Koko, shiny|67\/100\n|move|p1a: Grapploct|Circle Throw|p2a: Ice Spice|[miss]\n|-miss|p1a: Grapploct|p2a: Ice Spice\n|\n|-heal|p1a: Grapploct|84\/100|[from] item: Leftovers\n|upkeep\n|turn|19\n|\n|t:|1699303271\n|move|p2a: Ice Spice|Calm Mind|p2a: Ice Spice\n|-boost|p2a: Ice Spice|spa|1\n|-boost|p2a: Ice Spice|spd|1\n|move|p1a: Grapploct|Circle Throw|p2a: Ice Spice\n|-resisted|p2a: Ice Spice\n|-damage|p2a: Ice Spice|38\/100\n|drag|p2a: Laboon|Dracovish|28\/100\n|\n|-heal|p1a: Grapploct|90\/100|[from] item: Leftovers\n|upkeep\n|turn|20\n|\n|t:|1699303283\n|move|p2a: Laboon|Earthquake|p1a: Grapploct\n|-damage|p1a: Grapploct|62\/100\n|move|p1a: Grapploct|Drain Punch|p2a: Laboon\n|-damage|p2a: Laboon|0 fnt\n|-heal|p1a: Grapploct|75\/100|[from] drain|[of] p2a: Laboon\n|faint|p2a: Laboon\n|\n|-heal|p1a: Grapploct|81\/100|[from] item: Leftovers\n|-fieldend|move: Electric Terrain\n|upkeep\n|\n|t:|1699303293\n|switch|p2a: Ice Spice|Tapu Koko, shiny|38\/100\n|-fieldstart|move: Electric Terrain|[from] ability: Electric Surge|[of] p2a: Ice Spice\n|turn|21\n|\n|t:|1699303296\n|move|p2a: Ice Spice|Thunderbolt|p1a: Grapploct\n|-supereffective|p1a: Grapploct\n|-damage|p1a: Grapploct|0 fnt\n|faint|p1a: Grapploct\n|\n|upkeep\n|\n|t:|1699303299\n|switch|p1a: Rillaboom|Rillaboom, M|15\/100\n|-fieldstart|move: Grassy Terrain|[from] ability: Grassy Surge|[of] p1a: Rillaboom\n|turn|22\n|\n|t:|1699303304\n|move|p1a: Rillaboom|Grassy Glide|p2a: Ice Spice\n|-damage|p2a: Ice Spice|0 fnt\n|faint|p2a: Ice Spice\n|-damage|p1a: Rillaboom|5\/100|[from] item: Life Orb\n|\n|win|Gtg g u2\n|raw|Gtg g u2's rating: 1202 &rarr; <strong>1227<\/strong><br \/>(+25 for winning)\n|raw|Kiidumi's rating: 1207 &rarr; <strong>1182<\/strong><br \/>(-25 for losing)\n","uploadtime":1699303308,"views":4,"p1id":"gtggu2","p2id":"kiidumi","formatid":"gen9nationaldexubers","rating":1182,"private":0,"password":""}