{"id":"gen9nationaldexubers-1983015094","p1":"Pks DutchRudder","p2":"Caverject","format":"[Gen 9] National Dex Ubers","log":"|j|\u2606Pks DutchRudder\n|j|\u2606Caverject\n|t:|1699070233\n|gametype|singles\n|player|p1|Pks DutchRudder|palmer|\n|player|p2|Caverject|silver|\n|teamsize|p1|6\n|teamsize|p2|6\n|gen|9\n|tier|[Gen 9] National Dex Ubers\n|rule|HP Percentage Mod: HP is shown in percentages\n|rule|Endless Battle Clause: Forcing endless battles is banned\n|rule|OHKO Clause: OHKO moves are banned\n|rule|Evasion Moves Clause: Evasion moves are banned\n|rule|Evasion Items Clause: Evasion items are banned\n|rule|Species Clause: Limit one of each Pok\u00e9mon\n|rule|Sleep Clause Mod: Limit one foe put to sleep\n|rule|Mega Rayquaza Clause: You cannot mega evolve Rayquaza\n|clearpoke\n|poke|p1|Espathra, M|\n|poke|p1|Garganacl, F|\n|poke|p1|Slowking-Galar, M|\n|poke|p1|Galvantula, F|\n|poke|p1|Necrozma-Dawn-Wings|\n|poke|p1|Lopunny, F|\n|poke|p2|Gardevoir, F|\n|poke|p2|Vikavolt, M|\n|poke|p2|Blacephalon|\n|poke|p2|Gliscor, F|\n|poke|p2|Quaquaval, M|\n|poke|p2|Kyurem-Black|\n|teampreview\n|c|\u2606Caverject|Glhf!\n|c|\u2606Pks DutchRudder|Glhf\n|\n|t:|1699070267\n|start\n|switch|p1a: Galvantula|Galvantula, F|100\/100\n|switch|p2a: Vikavolt|Vikavolt, M, shiny|100\/100\n|turn|1\n|\n|t:|1699070274\n|move|p1a: Galvantula|Sticky Web|p2a: Vikavolt\n|-sidestart|p2: Caverject|move: Sticky Web\n|move|p2a: Vikavolt|Sticky Web|p1a: Galvantula\n|-sidestart|p1: Pks DutchRudder|move: Sticky Web\n|\n|upkeep\n|turn|2\n|\n|t:|1699070288\n|switch|p2a: Gliscor|Gliscor, F, shiny|100\/100\n|move|p1a: Galvantula|Thunder|p2a: Gliscor\n|-immune|p2a: Gliscor\n|\n|-status|p2a: Gliscor|tox|[from] item: Toxic Orb\n|upkeep\n|turn|3\n|\n|t:|1699070300\n|switch|p1a: Slowking|Slowking-Galar, M|100\/100\n|-activate|p1a: Slowking|move: Sticky Web\n|-unboost|p1a: Slowking|spe|1\n|move|p2a: Gliscor|Spikes|p1a: Slowking\n|-sidestart|p1: Pks DutchRudder|Spikes\n|\n|upkeep\n|turn|4\n|\n|t:|1699070341\n|switch|p2a: Quaquaval|Quaquaval, M, shiny|100\/100\n|move|p1a: Slowking|Future Sight|p2a: Quaquaval\n|-start|p1a: Slowking|move: Future Sight\n|\n|upkeep\n|turn|5\n|\n|t:|1699070360\n|move|p2a: Quaquaval|Knock Off|p1a: Slowking\n|-supereffective|p1a: Slowking\n|-damage|p1a: Slowking|48\/100\n|-enditem|p1a: Slowking|Sitrus Berry|[from] move: Knock Off|[of] p2a: Quaquaval\n|move|p1a: Slowking|Chilly Reception|p1a: Slowking\n|-weather|Snow\n|\n|t:|1699070368\n|switch|p1a: Espathra|Espathra, M|100\/100|[from] Chilly Reception\n|-activate|p1a: Espathra|move: Sticky Web\n|-unboost|p1a: Espathra|spe|1\n|-damage|p1a: Espathra|88\/100|[from] Spikes\n|\n|-weather|Snow|[upkeep]\n|-heal|p1a: Espathra|94\/100|[from] item: Leftovers\n|upkeep\n|turn|6\n|\n|t:|1699070385\n|move|p1a: Espathra|Protect|p1a: Espathra\n|-singleturn|p1a: Espathra|Protect\n|move|p2a: Quaquaval|Flip Turn|p1a: Espathra\n|-activate|p1a: Espathra|move: Protect\n|\n|-weather|Snow|[upkeep]\n|-end|p2a: Quaquaval|move: Future Sight\n|-supereffective|p2a: Quaquaval\n|-damage|p2a: Quaquaval|0 fnt\n|faint|p2a: Quaquaval\n|-heal|p1a: Espathra|99\/100|[from] item: Leftovers\n|-ability|p1a: Espathra|Speed Boost|boost\n|-boost|p1a: Espathra|spe|1\n|upkeep\n|\n|t:|1699070399\n|switch|p2a: Gardevoir|Gardevoir, F, shiny|100\/100\n|-activate|p2a: Gardevoir|move: Sticky Web\n|-unboost|p2a: Gardevoir|spe|1\n|-ability|p2a: Gardevoir|Speed Boost|[from] ability: Trace|[of] p1a: Espathra\n|turn|7\n|\n|t:|1699070413\n|move|p1a: Espathra|Calm Mind|p1a: Espathra\n|-boost|p1a: Espathra|spa|1\n|-boost|p1a: Espathra|spd|1\n|move|p2a: Gardevoir|Calm Mind|p2a: Gardevoir\n|-boost|p2a: Gardevoir|spa|1\n|-boost|p2a: Gardevoir|spd|1\n|\n|-weather|Snow|[upkeep]\n|-heal|p1a: Espathra|100\/100|[from] item: Leftovers\n|-ability|p1a: Espathra|Speed Boost|boost\n|-boost|p1a: Espathra|spe|1\n|-ability|p2a: Gardevoir|Speed Boost|boost\n|-boost|p2a: Gardevoir|spe|1\n|upkeep\n|turn|8\n|\n|t:|1699070422\n|move|p1a: Espathra|Dazzling Gleam|p2a: Gardevoir\n|-damage|p2a: Gardevoir|77\/100\n|move|p2a: Gardevoir|Calm Mind|p2a: Gardevoir\n|-boost|p2a: Gardevoir|spa|1\n|-boost|p2a: Gardevoir|spd|1\n|\n|-weather|Snow|[upkeep]\n|-heal|p2a: Gardevoir|83\/100|[from] item: Leftovers\n|-ability|p1a: Espathra|Speed Boost|boost\n|-boost|p1a: Espathra|spe|1\n|-ability|p2a: Gardevoir|Speed Boost|boost\n|-boost|p2a: Gardevoir|spe|1\n|upkeep\n|turn|9\n|c|\u2606Caverject|That protect was sad\n|\n|t:|1699070446\n|move|p1a: Espathra|Stored Power|p2a: Gardevoir\n|-resisted|p2a: Gardevoir\n|-damage|p2a: Gardevoir|65\/100\n|move|p2a: Gardevoir|Calm Mind|p2a: Gardevoir\n|-boost|p2a: Gardevoir|spa|1\n|-boost|p2a: Gardevoir|spd|1\n|\n|-weather|none\n|-heal|p2a: Gardevoir|72\/100|[from] item: Leftovers\n|-ability|p1a: Espathra|Speed Boost|boost\n|-boost|p1a: Espathra|spe|1\n|-ability|p2a: Gardevoir|Speed Boost|boost\n|-boost|p2a: Gardevoir|spe|1\n|upkeep\n|turn|10\n|\n|t:|1699070460\n|move|p1a: Espathra|Calm Mind|p1a: Espathra\n|-boost|p1a: Espathra|spa|1\n|-boost|p1a: Espathra|spd|1\n|move|p2a: Gardevoir|Shadow Ball|p1a: Espathra\n|-supereffective|p1a: Espathra\n|-damage|p1a: Espathra|4\/100\n|-unboost|p1a: Espathra|spd|1\n|\n|-heal|p1a: Espathra|10\/100|[from] item: Leftovers\n|-heal|p2a: Gardevoir|78\/100|[from] item: Leftovers\n|-ability|p1a: Espathra|Speed Boost|boost\n|-boost|p1a: Espathra|spe|1\n|-ability|p2a: Gardevoir|Speed Boost|boost\n|-boost|p2a: Gardevoir|spe|1\n|upkeep\n|turn|11\n|\n|t:|1699070471\n|move|p1a: Espathra|Protect|p1a: Espathra\n|-singleturn|p1a: Espathra|Protect\n|move|p2a: Gardevoir|Stored Power|p1a: Espathra\n|-activate|p1a: Espathra|move: Protect\n|\n|-heal|p1a: Espathra|17\/100|[from] item: Leftovers\n|-heal|p2a: Gardevoir|84\/100|[from] item: Leftovers\n|-ability|p1a: Espathra|Speed Boost|boost\n|-boost|p1a: Espathra|spe|1\n|-ability|p2a: Gardevoir|Speed Boost|boost\n|-boost|p2a: Gardevoir|spe|1\n|upkeep\n|turn|12\n|\n|t:|1699070489\n|move|p1a: Espathra|Stored Power|p2a: Gardevoir\n|-resisted|p2a: Gardevoir\n|-damage|p2a: Gardevoir|54\/100\n|move|p2a: Gardevoir|Substitute|p2a: Gardevoir\n|-start|p2a: Gardevoir|Substitute\n|-damage|p2a: Gardevoir|29\/100\n|\n|-heal|p1a: Espathra|23\/100|[from] item: Leftovers\n|-heal|p2a: Gardevoir|35\/100|[from] item: Leftovers\n|-ability|p1a: Espathra|Speed Boost|boost\n|-boost|p1a: Espathra|spe|1\n|-ability|p2a: Gardevoir|Speed Boost|boost\n|-boost|p2a: Gardevoir|spe|1\n|upkeep\n|turn|13\n|\n|t:|1699070500\n|move|p1a: Espathra|Stored Power|p2a: Gardevoir\n|-resisted|p2a: Gardevoir\n|-end|p2a: Gardevoir|Substitute\n|move|p2a: Gardevoir|Shadow Ball|p1a: Espathra\n|-supereffective|p1a: Espathra\n|-damage|p1a: Espathra|0 fnt\n|faint|p1a: Espathra\n|\n|-heal|p2a: Gardevoir|41\/100|[from] item: Leftovers\n|-ability|p2a: Gardevoir|Speed Boost|boost\n|-boost|p2a: Gardevoir|spe|1\n|upkeep\n|\n|t:|1699070514\n|switch|p1a: Galvantula|Galvantula, F|100\/100\n|-activate|p1a: Galvantula|move: Sticky Web\n|-unboost|p1a: Galvantula|spe|1\n|-damage|p1a: Galvantula|88\/100|[from] Spikes\n|turn|14\n|\n|t:|1699070531\n|move|p2a: Gardevoir|Substitute|p2a: Gardevoir\n|-start|p2a: Gardevoir|Substitute\n|-damage|p2a: Gardevoir|16\/100\n|move|p1a: Galvantula|Bug Buzz|p2a: Gardevoir\n|-crit|p2a: Gardevoir\n|-damage|p2a: Gardevoir|0 fnt\n|faint|p2a: Gardevoir\n|\n|upkeep\n|c|\u2606Caverject|I\u2019m so stupid\n|c|\u2606Caverject|Damnit\n|\n|t:|1699070601\n|switch|p2a: Blacephalon|Blacephalon, shiny|100\/100\n|-activate|p2a: Blacephalon|move: Sticky Web\n|-unboost|p2a: Blacephalon|spe|1\n|turn|15\n|c|\u2606Pks DutchRudder|You still got this!\n|\n|t:|1699070616\n|switch|p1a: Garganacl|Garganacl, F|100\/100\n|-activate|p1a: Garganacl|move: Sticky Web\n|-unboost|p1a: Garganacl|spe|1\n|-damage|p1a: Garganacl|88\/100|[from] Spikes\n|move|p2a: Blacephalon|Fire Blast|p1a: Garganacl\n|-resisted|p1a: Garganacl\n|-damage|p1a: Garganacl|65\/100\n|\n|upkeep\n|turn|16\n|\n|t:|1699070628\n|switch|p2a: Gliscor|Gliscor, F, shiny|100\/100 tox\n|move|p1a: Garganacl|Salt Cure|p2a: Gliscor\n|-damage|p2a: Gliscor|92\/100 tox\n|-start|p2a: Gliscor|Salt Cure\n|\n|-heal|p2a: Gliscor|100\/100 tox|[from] ability: Poison Heal\n|-damage|p2a: Gliscor|88\/100 tox|[from] Salt Cure\n|upkeep\n|turn|17\n|\n|t:|1699070635\n|move|p2a: Gliscor|Spikes|p1a: Garganacl\n|-sidestart|p1: Pks DutchRudder|Spikes\n|move|p1a: Garganacl|Iron Defense|p1a: Garganacl\n|-boost|p1a: Garganacl|def|2\n|\n|-heal|p2a: Gliscor|100\/100 tox|[from] ability: Poison Heal\n|-damage|p2a: Gliscor|88\/100 tox|[from] Salt Cure\n|upkeep\n|turn|18\n|\n|t:|1699070668\n|move|p2a: Gliscor|Earthquake|p1a: Garganacl\n|-supereffective|p1a: Garganacl\n|-damage|p1a: Garganacl|45\/100\n|-enditem|p1a: Garganacl|Weakness Policy\n|-boost|p1a: Garganacl|atk|2|[from] item: Weakness Policy\n|-boost|p1a: Garganacl|spa|2|[from] item: Weakness Policy\n|move|p1a: Garganacl|Recover|p1a: Garganacl\n|-heal|p1a: Garganacl|95\/100\n|\n|-heal|p2a: Gliscor|100\/100 tox|[from] ability: Poison Heal\n|-damage|p2a: Gliscor|88\/100 tox|[from] Salt Cure\n|upkeep\n|turn|19\n|c|\u2606Caverject|Wtf is this socery\n|c|\u2606Caverject|sorcery*\n|\n|t:|1699070706\n|move|p2a: Gliscor|Earthquake|p1a: Garganacl\n|-supereffective|p1a: Garganacl\n|-damage|p1a: Garganacl|70\/100\n|move|p1a: Garganacl|Body Press|p2a: Gliscor\n|-resisted|p2a: Gliscor\n|-damage|p2a: Gliscor|75\/100 tox\n|\n|-heal|p2a: Gliscor|88\/100 tox|[from] ability: Poison Heal\n|-damage|p2a: Gliscor|75\/100 tox|[from] Salt Cure\n|upkeep\n|turn|20\n|\n|t:|1699070721\n|move|p2a: Gliscor|Spikes|p1a: Garganacl\n|-sidestart|p1: Pks DutchRudder|Spikes\n|move|p1a: Garganacl|Iron Defense|p1a: Garganacl\n|-boost|p1a: Garganacl|def|2\n|\n|-heal|p2a: Gliscor|88\/100 tox|[from] ability: Poison Heal\n|-damage|p2a: Gliscor|75\/100 tox|[from] Salt Cure\n|upkeep\n|turn|21\n|\n|t:|1699070736\n|move|p2a: Gliscor|Toxic Spikes|p1a: Garganacl\n|-sidestart|p1: Pks DutchRudder|move: Toxic Spikes\n|move|p1a: Garganacl|Iron Defense|p1a: Garganacl\n|-boost|p1a: Garganacl|def|2\n|\n|-heal|p2a: Gliscor|88\/100 tox|[from] ability: Poison Heal\n|-damage|p2a: Gliscor|75\/100 tox|[from] Salt Cure\n|upkeep\n|turn|22\n|\n|t:|1699070740\n|move|p2a: Gliscor|Toxic Spikes|p1a: Garganacl\n|-sidestart|p1: Pks DutchRudder|move: Toxic Spikes\n|move|p1a: Garganacl|Recover|p1a: Garganacl\n|-heal|p1a: Garganacl|100\/100\n|\n|-heal|p2a: Gliscor|88\/100 tox|[from] ability: Poison Heal\n|-damage|p2a: Gliscor|75\/100 tox|[from] Salt Cure\n|upkeep\n|turn|23\n|\n|t:|1699070745\n|move|p2a: Gliscor|Earthquake|p1a: Garganacl\n|-supereffective|p1a: Garganacl\n|-damage|p1a: Garganacl|89\/100\n|move|p1a: Garganacl|Body Press|p2a: Gliscor\n|-resisted|p2a: Gliscor\n|-damage|p2a: Gliscor|47\/100 tox\n|\n|-heal|p2a: Gliscor|60\/100 tox|[from] ability: Poison Heal\n|-damage|p2a: Gliscor|47\/100 tox|[from] Salt Cure\n|upkeep\n|turn|24\n|\n|t:|1699070757\n|move|p2a: Gliscor|Earthquake|p1a: Garganacl\n|-supereffective|p1a: Garganacl\n|-damage|p1a: Garganacl|77\/100\n|move|p1a: Garganacl|Body Press|p2a: Gliscor\n|-resisted|p2a: Gliscor\n|-damage|p2a: Gliscor|20\/100 tox\n|\n|-heal|p2a: Gliscor|33\/100 tox|[from] ability: Poison Heal\n|-damage|p2a: Gliscor|20\/100 tox|[from] Salt Cure\n|upkeep\n|turn|25\n|\n|t:|1699070766\n|move|p2a: Gliscor|Roost|p2a: Gliscor\n|-heal|p2a: Gliscor|70\/100 tox\n|-singleturn|p2a: Gliscor|move: Roost\n|move|p1a: Garganacl|Body Press|p2a: Gliscor\n|-damage|p2a: Gliscor|14\/100 tox\n|\n|-heal|p2a: Gliscor|26\/100 tox|[from] ability: Poison Heal\n|-damage|p2a: Gliscor|14\/100 tox|[from] Salt Cure\n|upkeep\n|turn|26\n|\n|t:|1699070782\n|move|p2a: Gliscor|Roost|p2a: Gliscor\n|-heal|p2a: Gliscor|64\/100 tox\n|-singleturn|p2a: Gliscor|move: Roost\n|move|p1a: Garganacl|Body Press|p2a: Gliscor\n|-damage|p2a: Gliscor|6\/100 tox\n|\n|-heal|p2a: Gliscor|18\/100 tox|[from] ability: Poison Heal\n|-damage|p2a: Gliscor|6\/100 tox|[from] Salt Cure\n|upkeep\n|turn|27\n|\n|t:|1699070790\n|move|p2a: Gliscor|Roost|p2a: Gliscor\n|-heal|p2a: Gliscor|56\/100 tox\n|-singleturn|p2a: Gliscor|move: Roost\n|move|p1a: Garganacl|Recover|p1a: Garganacl\n|-heal|p1a: Garganacl|100\/100\n|\n|-heal|p2a: Gliscor|68\/100 tox|[from] ability: Poison Heal\n|-damage|p2a: Gliscor|56\/100 tox|[from] Salt Cure\n|upkeep\n|turn|28\n|\n|t:|1699070797\n|move|p2a: Gliscor|Roost|p2a: Gliscor\n|-heal|p2a: Gliscor|100\/100 tox\n|-singleturn|p2a: Gliscor|move: Roost\n|move|p1a: Garganacl|Body Press|p2a: Gliscor\n|-damage|p2a: Gliscor|47\/100 tox\n|\n|-heal|p2a: Gliscor|59\/100 tox|[from] ability: Poison Heal\n|-damage|p2a: Gliscor|47\/100 tox|[from] Salt Cure\n|upkeep\n|turn|29\n|\n|t:|1699070843\n|move|p2a: Gliscor|Roost|p2a: Gliscor\n|-heal|p2a: Gliscor|97\/100 tox\n|-singleturn|p2a: Gliscor|move: Roost\n|move|p1a: Garganacl|Body Press|p2a: Gliscor\n|-damage|p2a: Gliscor|44\/100 tox\n|\n|-heal|p2a: Gliscor|56\/100 tox|[from] ability: Poison Heal\n|-damage|p2a: Gliscor|44\/100 tox|[from] Salt Cure\n|upkeep\n|turn|30\n|\n|t:|1699070851\n|move|p2a: Gliscor|Roost|p2a: Gliscor\n|-heal|p2a: Gliscor|94\/100 tox\n|-singleturn|p2a: Gliscor|move: Roost\n|move|p1a: Garganacl|Body Press|p2a: Gliscor\n|-damage|p2a: Gliscor|38\/100 tox\n|\n|-heal|p2a: Gliscor|51\/100 tox|[from] ability: Poison Heal\n|-damage|p2a: Gliscor|38\/100 tox|[from] Salt Cure\n|upkeep\n|turn|31\n|\n|t:|1699070858\n|move|p2a: Gliscor|Roost|p2a: Gliscor\n|-heal|p2a: Gliscor|88\/100 tox\n|-singleturn|p2a: Gliscor|move: Roost\n|move|p1a: Garganacl|Body Press|p2a: Gliscor\n|-damage|p2a: Gliscor|37\/100 tox\n|\n|-heal|p2a: Gliscor|49\/100 tox|[from] ability: Poison Heal\n|-damage|p2a: Gliscor|37\/100 tox|[from] Salt Cure\n|upkeep\n|turn|32\n|\n|t:|1699070864\n|move|p2a: Gliscor|Roost|p2a: Gliscor\n|-heal|p2a: Gliscor|87\/100 tox\n|-singleturn|p2a: Gliscor|move: Roost\n|move|p1a: Garganacl|Body Press|p2a: Gliscor\n|-damage|p2a: Gliscor|29\/100 tox\n|\n|-heal|p2a: Gliscor|41\/100 tox|[from] ability: Poison Heal\n|-damage|p2a: Gliscor|29\/100 tox|[from] Salt Cure\n|upkeep\n|turn|33\n|\n|t:|1699070868\n|move|p2a: Gliscor|Earthquake|p1a: Garganacl\n|-supereffective|p1a: Garganacl\n|-damage|p1a: Garganacl|88\/100\n|move|p1a: Garganacl|Body Press|p2a: Gliscor\n|-resisted|p2a: Gliscor\n|-damage|p2a: Gliscor|3\/100 tox\n|\n|-heal|p2a: Gliscor|15\/100 tox|[from] ability: Poison Heal\n|-damage|p2a: Gliscor|3\/100 tox|[from] Salt Cure\n|upkeep\n|turn|34\n|\n|t:|1699070873\n|move|p2a: Gliscor|Earthquake|p1a: Garganacl\n|-supereffective|p1a: Garganacl\n|-damage|p1a: Garganacl|77\/100\n|move|p1a: Garganacl|Body Press|p2a: Gliscor\n|-resisted|p2a: Gliscor\n|-damage|p2a: Gliscor|0 fnt\n|faint|p2a: Gliscor\n|\n|upkeep\n|c|\u2606Caverject|!data garganacl\n|raw|<div class=\"message\"><ul class=\"utilichart\"><li class=\"result\"><span class=\"col numcol\">OU<\/span> <span class=\"col iconcol\"><psicon pokemon=\"garganacl\"\/><\/span> <span class=\"col pokemonnamecol\" style=\"white-space:nowrap\"><a href=\"https:\/\/dex.pokemonshowdown.com\/pokemon\/garganacl\" target=\"_blank\">Garganacl<\/a><\/span> <span class=\"col typecol\"><img src=\"https:\/\/play.pokemonshowdown.com\/sprites\/types\/Rock.png\" alt=\"Rock\" height=\"14\" width=\"32\"><\/span> <span style=\"float:left;min-height:26px\"><span class=\"col twoabilitycol\">Purifying Salt<br \/>Sturdy<\/span><span class=\"col abilitycol\"><em>Clear Body<\/em><\/span><\/span><span style=\"float:left;min-height:26px\"><span class=\"col statcol\"><em>HP<\/em><br \/>100<\/span> <span class=\"col statcol\"><em>Atk<\/em><br \/>100<\/span> <span class=\"col statcol\"><em>Def<\/em><br \/>130<\/span> <span class=\"col statcol\"><em>SpA<\/em><br \/>45<\/span> <span class=\"col statcol\"><em>SpD<\/em><br \/>90<\/span> <span class=\"col statcol\"><em>Spe<\/em><br \/>35<\/span> <span class=\"col bstcol\"><em>BST<br \/>500<\/em><\/span> <\/span><\/li><li style=\"clear:both\"><\/li><\/ul><\/div>\n\n|\n|t:|1699070905\n|switch|p2a: Vikavolt|Vikavolt, M, shiny|100\/100\n|turn|35\n|\n|t:|1699070913\n|move|p2a: Vikavolt|Thunderbolt|p1a: Garganacl\n|-damage|p1a: Garganacl|41\/100\n|move|p1a: Garganacl|Salt Cure|p2a: Vikavolt\n|-supereffective|p2a: Vikavolt\n|-damage|p2a: Vikavolt|41\/100\n|-start|p2a: Vikavolt|Salt Cure\n|\n|-damage|p2a: Vikavolt|29\/100|[from] Salt Cure\n|upkeep\n|turn|36\n|\n|t:|1699070924\n|move|p2a: Vikavolt|Thunderbolt|p1a: Garganacl\n|-damage|p1a: Garganacl|7\/100\n|move|p1a: Garganacl|Recover|p1a: Garganacl\n|-heal|p1a: Garganacl|57\/100\n|\n|-damage|p2a: Vikavolt|17\/100|[from] Salt Cure\n|upkeep\n|turn|37\n|\n|t:|1699070930\n|move|p2a: Vikavolt|Thunderbolt|p1a: Garganacl\n|-crit|p1a: Garganacl\n|-damage|p1a: Garganacl|0 fnt\n|faint|p1a: Garganacl\n|\n|-damage|p2a: Vikavolt|4\/100|[from] Salt Cure\n|upkeep\n|\n|t:|1699070946\n|switch|p1a: Slowking|Slowking-Galar, M|48\/100\n|-activate|p1a: Slowking|move: Sticky Web\n|-unboost|p1a: Slowking|spe|1\n|-damage|p1a: Slowking|23\/100|[from] Spikes\n|-sideend|p1: Pks DutchRudder|move: Toxic Spikes|[of] p1a: Slowking\n|turn|38\n|\n|t:|1699070961\n|move|p2a: Vikavolt|Bug Buzz|p1a: Slowking\n|-damage|p1a: Slowking|0 fnt\n|faint|p1a: Slowking\n|\n|-damage|p2a: Vikavolt|0 fnt|[from] Salt Cure\n|faint|p2a: Vikavolt\n|upkeep\n|\n|t:|1699071018\n|switch|p2a: Blacephalon|Blacephalon, shiny|100\/100\n|switch|p1a: Galvantula|Galvantula, F|88\/100\n|-activate|p2a: Blacephalon|move: Sticky Web\n|-unboost|p2a: Blacephalon|spe|1\n|-activate|p1a: Galvantula|move: Sticky Web\n|-unboost|p1a: Galvantula|spe|1\n|-damage|p1a: Galvantula|63\/100|[from] Spikes\n|turn|39\n|\n|t:|1699071029\n|move|p2a: Blacephalon|Psychic|p1a: Galvantula\n|-damage|p1a: Galvantula|0 fnt\n|faint|p1a: Galvantula\n|-ability|p2a: Blacephalon|Beast Boost|boost\n|-boost|p2a: Blacephalon|spa|1\n|\n|upkeep\n|\n|t:|1699071033\n|switch|p1a: Lopunny|Lopunny, F|100\/100\n|-activate|p1a: Lopunny|move: Sticky Web\n|-unboost|p1a: Lopunny|spe|1\n|-damage|p1a: Lopunny|76\/100|[from] Spikes\n|turn|40\n|\n|t:|1699071041\n|move|p1a: Lopunny|Fake Out|p2a: Blacephalon\n|-immune|p2a: Blacephalon\n|move|p2a: Blacephalon|Psychic|p1a: Lopunny\n|-damage|p1a: Lopunny|6\/100\n|\n|upkeep\n|turn|41\n|\n|t:|1699071048\n|move|p2a: Blacephalon|Psychic|p1a: Lopunny\n|-damage|p1a: Lopunny|0 fnt\n|faint|p1a: Lopunny\n|-ability|p2a: Blacephalon|Beast Boost|boost\n|-boost|p2a: Blacephalon|spa|1\n|\n|upkeep\n|\n|t:|1699071050\n|switch|p1a: Necrozma|Necrozma-Dawn-Wings|100\/100\n|-activate|p1a: Necrozma|move: Sticky Web\n|-unboost|p1a: Necrozma|spe|1\n|-damage|p1a: Necrozma|76\/100|[from] Spikes\n|turn|42\n|c|\u2606Caverject|Bro\n|\n|t:|1699071073\n|switch|p2a: Kyurem|Kyurem-Black, shiny|100\/100\n|-activate|p2a: Kyurem|move: Sticky Web\n|-unboost|p2a: Kyurem|spe|1\n|-ability|p2a: Kyurem|Teravolt\n|move|p1a: Necrozma|Calm Mind|p1a: Necrozma\n|-boost|p1a: Necrozma|spa|1\n|-boost|p1a: Necrozma|spd|1\n|\n|upkeep\n|turn|43\n|\n|t:|1699071089\n|move|p2a: Kyurem|Icicle Spear|p1a: Necrozma\n|-damage|p1a: Necrozma|63\/100\n|-damage|p1a: Necrozma|47\/100\n|-damage|p1a: Necrozma|34\/100\n|-damage|p1a: Necrozma|20\/100\n|-damage|p1a: Necrozma|7\/100\n|-hitcount|p1a: Necrozma|5\n|move|p1a: Necrozma|Moongeist Beam|p2a: Kyurem\n|-damage|p2a: Kyurem|0 fnt\n|faint|p2a: Kyurem\n|\n|upkeep\n|\n|t:|1699071100\n|switch|p2a: Blacephalon|Blacephalon, shiny|100\/100\n|-activate|p2a: Blacephalon|move: Sticky Web\n|-unboost|p2a: Blacephalon|spe|1\n|turn|44\n|\n|t:|1699071111\n|-terastallize|p1a: Necrozma|Psychic\n|move|p2a: Blacephalon|Shadow Ball|p1a: Necrozma\n|-supereffective|p1a: Necrozma\n|-damage|p1a: Necrozma|0 fnt\n|faint|p1a: Necrozma\n|\n|win|Caverject\n|l|\u2606Pks DutchRudder\n|c|\u2606Caverject|Gg\n|j|\u2606Pks DutchRudder\n|player|p1|Pks DutchRudder|palmer\n|l|\u2606Pks DutchRudder\n|player|p1|\n|l|\u2606Caverject\n|j|\u2606Pks DutchRudder\n|player|p1|Pks DutchRudder|palmer\n","uploadtime":1699071139,"views":61,"p1id":"pksdutchrudder","p2id":"caverject","formatid":"gen9nationaldexubers","rating":0,"private":0,"password":""}