{"id":"gen9nationaldexubers-1995132244","p1":"AceTheInadequate","p2":"Maximal_Creature","format":"[Gen 9] National Dex Ubers","log":"|j|\u2606AceTheInadequate\n|j|\u2606Maximal_Creature\n|t:|1700526139\n|gametype|singles\n|player|p1|AceTheInadequate|guitarist|\n|player|p2|Maximal_Creature|hiker-gen4|\n|teamsize|p1|6\n|teamsize|p2|6\n|gen|9\n|tier|[Gen 9] National Dex Ubers\n|rule|HP Percentage Mod: HP is shown in percentages\n|rule|Endless Battle Clause: Forcing endless battles is banned\n|rule|OHKO Clause: OHKO moves are banned\n|rule|Evasion Moves Clause: Evasion moves are banned\n|rule|Evasion Items Clause: Evasion items are banned\n|rule|Species Clause: Limit one of each Pok\u00e9mon\n|rule|Sleep Clause Mod: Limit one foe put to sleep\n|rule|Mega Rayquaza Clause: You cannot mega evolve Rayquaza\n|clearpoke\n|poke|p1|Volcarona, M|\n|poke|p1|Scizor, F|\n|poke|p1|Slither Wing|\n|poke|p1|Araquanid, M|\n|poke|p1|Ribombee, F|\n|poke|p1|Galvantula, F|\n|poke|p2|Volcarona, M|\n|poke|p2|Kleavor, M|\n|poke|p2|Ribombee, F|\n|poke|p2|Ariados, F|\n|poke|p2|Pinsir, F|\n|poke|p2|Pheromosa|\n|teampreview\n|\n|t:|1700526160\n|start\n|switch|p1a: Dududududu dada|Ribombee, F|100\/100\n|switch|p2a: Kleavor|Kleavor, M|100\/100\n|turn|1\n|\n|t:|1700526171\n|move|p1a: Dududududu dada|Quiver Dance|p1a: Dududududu dada\n|-boost|p1a: Dududududu dada|spa|1\n|-boost|p1a: Dududududu dada|spd|1\n|-boost|p1a: Dududududu dada|spe|1\n|move|p2a: Kleavor|Stone Axe|p1a: Dududududu dada\n|-supereffective|p1a: Dududududu dada\n|-enditem|p1a: Dududududu dada|Focus Sash\n|-damage|p1a: Dududududu dada|1\/100\n|-sidestart|p1: AceTheInadequate|move: Stealth Rock\n|\n|upkeep\n|turn|2\n|\n|t:|1700526188\n|move|p1a: Dududududu dada|Moonblast|p2a: Kleavor\n|-damage|p2a: Kleavor|0 fnt\n|faint|p2a: Kleavor\n|\n|upkeep\n|\n|t:|1700526211\n|switch|p2a: Volcarona|Volcarona, M|100\/100\n|turn|3\n|\n|t:|1700526215\n|move|p1a: Dududududu dada|Defog|p2a: Volcarona\n|-unboost|p2a: Volcarona|evasion|1\n|-sideend|p1: AceTheInadequate|Stealth Rock|[from] move: Defog|[of] p1a: Dududududu dada\n|move|p2a: Volcarona|Quiver Dance|p2a: Volcarona\n|-boost|p2a: Volcarona|spa|1\n|-boost|p2a: Volcarona|spd|1\n|-boost|p2a: Volcarona|spe|1\n|\n|upkeep\n|turn|4\n|\n|t:|1700526223\n|move|p1a: Dududududu dada|Moonblast|p2a: Volcarona\n|-resisted|p2a: Volcarona\n|-damage|p2a: Volcarona|79\/100\n|move|p2a: Volcarona|Quiver Dance|p2a: Volcarona\n|-boost|p2a: Volcarona|spa|1\n|-boost|p2a: Volcarona|spd|1\n|-boost|p2a: Volcarona|spe|1\n|\n|-heal|p2a: Volcarona|85\/100|[from] item: Leftovers\n|upkeep\n|turn|5\n|\n|t:|1700526235\n|move|p2a: Volcarona|Giga Drain|p1a: Dududududu dada\n|-resisted|p1a: Dududududu dada\n|-damage|p1a: Dududududu dada|0 fnt\n|-heal|p2a: Volcarona|86\/100|[from] drain|[of] p1a: Dududududu dada\n|faint|p1a: Dududududu dada\n|\n|-heal|p2a: Volcarona|92\/100|[from] item: Leftovers\n|upkeep\n|\n|t:|1700526243\n|switch|p1a: Apollo Creed|Araquanid, M|100\/100\n|turn|6\n|\n|t:|1700526250\n|move|p2a: Volcarona|Giga Drain|p1a: Apollo Creed\n|-damage|p1a: Apollo Creed|52\/100\n|-heal|p2a: Volcarona|100\/100|[from] drain|[of] p1a: Apollo Creed\n|move|p1a: Apollo Creed|Liquidation|p2a: Volcarona\n|-supereffective|p2a: Volcarona\n|-damage|p2a: Volcarona|0 fnt\n|faint|p2a: Volcarona\n|\n|upkeep\n|\n|t:|1700526262\n|switch|p2a: Ariados|Ariados, F|100\/100\n|turn|7\n|\n|t:|1700526267\n|move|p1a: Apollo Creed|Liquidation|p2a: Ariados\n|-damage|p2a: Ariados|19\/100\n|-unboost|p2a: Ariados|def|1\n|move|p2a: Ariados|Sticky Web|p1a: Apollo Creed\n|-sidestart|p1: AceTheInadequate|move: Sticky Web\n|\n|upkeep\n|turn|8\n|\n|t:|1700526275\n|move|p1a: Apollo Creed|Leech Life|p2a: Ariados\n|-resisted|p2a: Ariados\n|-damage|p2a: Ariados|0 fnt\n|-heal|p1a: Apollo Creed|62\/100|[from] drain|[of] p2a: Ariados\n|faint|p2a: Ariados\n|\n|upkeep\n|\n|t:|1700526296\n|switch|p2a: Pinsir|Pinsir, F|100\/100\n|turn|9\n|\n|t:|1700526301\n|detailschange|p2a: Pinsir|Pinsir-Mega, F\n|-mega|p2a: Pinsir|Pinsir|Pinsirite\n|-terastallize|p1a: Apollo Creed|Water\n|move|p2a: Pinsir|Body Slam|p1a: Apollo Creed\n|-damage|p1a: Apollo Creed|0 fnt\n|faint|p1a: Apollo Creed\n|\n|upkeep\n|\n|t:|1700526307\n|switch|p1a: Here comes the sun|Volcarona, M|100\/100\n|turn|10\n|\n|t:|1700526315\n|move|p2a: Pinsir|Body Slam|p1a: Here comes the sun\n|-supereffective|p1a: Here comes the sun\n|-damage|p1a: Here comes the sun|0 fnt\n|-status|p2a: Pinsir|brn|[from] ability: Flame Body|[of] p1a: Here comes the sun\n|faint|p1a: Here comes the sun\n|\n|-damage|p2a: Pinsir|95\/100 brn|[from] brn\n|upkeep\n|\n|t:|1700526323\n|switch|p1a: McQueen|Scizor, F|100\/100\n|-activate|p1a: McQueen|move: Sticky Web\n|-unboost|p1a: McQueen|spe|1\n|turn|11\n|\n|t:|1700526344\n|detailschange|p1a: McQueen|Scizor-Mega, F\n|-mega|p1a: McQueen|Scizor|Scizorite\n|move|p2a: Pinsir|Earthquake|p1a: McQueen\n|-damage|p1a: McQueen|87\/100\n|move|p1a: McQueen|Swords Dance|p1a: McQueen\n|-boost|p1a: McQueen|atk|2\n|\n|-damage|p2a: Pinsir|89\/100 brn|[from] brn\n|upkeep\n|turn|12\n|\n|t:|1700526355\n|move|p2a: Pinsir|Storm Throw|p1a: McQueen\n|-crit|p1a: McQueen\n|-damage|p1a: McQueen|73\/100\n|move|p1a: McQueen|Dual Wingbeat|p2a: Pinsir\n|-supereffective|p2a: Pinsir\n|-damage|p2a: Pinsir|0 fnt\n|faint|p2a: Pinsir\n|-hitcount|p2: Pinsir|1\n|\n|upkeep\n|\n|t:|1700526364\n|switch|p2a: Pheromosa|Pheromosa|100\/100\n|turn|13\n|\n|t:|1700526373\n|move|p2a: Pheromosa|Close Combat|p1a: McQueen\n|-damage|p1a: McQueen|15\/100\n|-unboost|p2a: Pheromosa|def|1\n|-unboost|p2a: Pheromosa|spd|1\n|-damage|p2a: Pheromosa|91\/100|[from] item: Life Orb\n|move|p1a: McQueen|Dual Wingbeat|p2a: Pheromosa\n|-supereffective|p2a: Pheromosa\n|-damage|p2a: Pheromosa|0 fnt\n|faint|p2a: Pheromosa\n|-hitcount|p2: Pheromosa|1\n|\n|upkeep\n|\n|t:|1700526384\n|switch|p2a: Ribombee|Ribombee, F|100\/100\n|turn|14\n|\n|t:|1700526390\n|-terastallize|p2a: Ribombee|Fire\n|move|p1a: McQueen|Bullet Punch|p2a: Ribombee\n|-resisted|p2a: Ribombee\n|-damage|p2a: Ribombee|20\/100\n|move|p2a: Ribombee|Tera Blast|p1a: McQueen|[anim] Tera Blast Fire\n|-supereffective|p1a: McQueen\n|-damage|p1a: McQueen|0 fnt\n|faint|p1a: McQueen\n|\n|upkeep\n|\n|t:|1700526393\n|switch|p1a: Vegeta|Slither Wing, shiny|100\/100\n|-activate|p1a: Vegeta|move: Sticky Web\n|-unboost|p1a: Vegeta|spe|1\n|-enditem|p1a: Vegeta|Booster Energy\n|-activate|p1a: Vegeta|ability: Protosynthesis|[fromitem]\n|-start|p1a: Vegeta|protosynthesisatk\n|turn|15\n|\n|t:|1700526405\n|move|p1a: Vegeta|First Impression|p2a: Ribombee\n|-resisted|p2a: Ribombee\n|-damage|p2a: Ribombee|0 fnt\n|faint|p2a: Ribombee\n|\n|win|AceTheInadequate\n","uploadtime":1700526756,"views":13,"p1id":"acetheinadequate","p2id":"maximalcreature","formatid":"gen9nationaldexubers","rating":0,"private":0,"password":""}