{"id":"gen9nationaldexubers-1985850382","p1":"roberTomy1110","p2":"AnomalousBeing","format":"[Gen 9] National Dex Ubers","log":"|j|\u2606roberTomy1110\n|j|\u2606AnomalousBeing\n|t:|1699413077\n|gametype|singles\n|player|p1|roberTomy1110|steven|1085\n|player|p2|AnomalousBeing|ethan|1000\n|teamsize|p1|6\n|teamsize|p2|6\n|gen|9\n|tier|[Gen 9] National Dex Ubers\n|rated|\n|rule|HP Percentage Mod: HP is shown in percentages\n|rule|Endless Battle Clause: Forcing endless battles is banned\n|rule|OHKO Clause: OHKO moves are banned\n|rule|Evasion Moves Clause: Evasion moves are banned\n|rule|Evasion Items Clause: Evasion items are banned\n|rule|Species Clause: Limit one of each Pok\u00e9mon\n|rule|Sleep Clause Mod: Limit one foe put to sleep\n|rule|Mega Rayquaza Clause: You cannot mega evolve Rayquaza\n|clearpoke\n|poke|p1|Blaziken, M|\n|poke|p1|Serperior, F|\n|poke|p1|Feraligatr, F|\n|poke|p1|Crobat, M|\n|poke|p1|Dusknoir, M|\n|poke|p1|Heracross, M|\n|poke|p2|Darmanitan-Galar, M|\n|poke|p2|Ribombee, F|\n|poke|p2|Spectrier|\n|poke|p2|Groudon|\n|poke|p2|Gholdengo|\n|poke|p2|Deoxys-Attack|\n|teampreview\n|\n|t:|1699413083\n|start\n|switch|p1a: Blaziken|Blaziken, M|100\/100\n|switch|p2a: Bombee|Ribombee, F, shiny|100\/100\n|turn|1\n|\n|t:|1699413090\n|detailschange|p1a: Blaziken|Blaziken-Mega, M\n|-mega|p1a: Blaziken|Blaziken|Blazikenite\n|move|p2a: Bombee|Stun Spore|p1a: Blaziken\n|-status|p1a: Blaziken|par\n|move|p1a: Blaziken|Blaze Kick|p2a: Bombee\n|-supereffective|p2a: Bombee\n|-enditem|p2a: Bombee|Focus Sash\n|-damage|p2a: Bombee|1\/100\n|\n|-ability|p1a: Blaziken|Speed Boost|boost\n|-boost|p1a: Blaziken|spe|1\n|upkeep\n|turn|2\n|\n|t:|1699413103\n|move|p2a: Bombee|Sticky Web|p1a: Blaziken\n|-sidestart|p1: roberTomy1110|move: Sticky Web\n|move|p1a: Blaziken|Earthquake|p2a: Bombee\n|-resisted|p2a: Bombee\n|-damage|p2a: Bombee|0 fnt\n|faint|p2a: Bombee\n|\n|-ability|p1a: Blaziken|Speed Boost|boost\n|-boost|p1a: Blaziken|spe|1\n|upkeep\n|\n|t:|1699413113\n|switch|p2a: Mandala|Groudon, shiny|100\/100\n|detailschange|p2a: Mandala|Groudon-Primal, shiny\n|-primal|p2a: Mandala|Red Orb\n|-weather|DesolateLand|[from] ability: Desolate Land|[of] p2a: Mandala\n|turn|3\n|\n|t:|1699413119\n|move|p2a: Mandala|Earthquake|p1a: Blaziken\n|-supereffective|p1a: Blaziken\n|-damage|p1a: Blaziken|0 fnt\n|faint|p1a: Blaziken\n|\n|-weather|DesolateLand|[upkeep]\n|upkeep\n|\n|t:|1699413124\n|switch|p1a: Feraligatr|Feraligatr, F|100\/100\n|-activate|p1a: Feraligatr|move: Sticky Web\n|-unboost|p1a: Feraligatr|spe|1\n|turn|4\n|\n|t:|1699413137\n|switch|p1a: Crobat|Crobat, M|100\/100\n|move|p2a: Mandala|Solar Beam||[still]\n|-prepare|p2a: Mandala|Solar Beam\n|-anim|p2a: Mandala|Solar Beam|p1a: Crobat\n|-resisted|p1a: Crobat\n|-damage|p1a: Crobat|86\/100\n|\n|-weather|DesolateLand|[upkeep]\n|upkeep\n|turn|5\n|\n|t:|1699413150\n|-weather|none\n|switch|p2a: Golden|Gholdengo|100\/100\n|move|p1a: Crobat|Double-Edge|p2a: Golden\n|-immune|p2a: Golden\n|\n|upkeep\n|turn|6\n|\n|t:|1699413163\n|move|p1a: Crobat|Crunch|p2a: Golden\n|-supereffective|p2a: Golden\n|-crit|p2a: Golden\n|-damage|p2a: Golden|14\/100\n|move|p2a: Golden|Thunderbolt|p1a: Crobat\n|-supereffective|p1a: Crobat\n|-damage|p1a: Crobat|1\/100\n|-enditem|p1a: Crobat|Salac Berry|[eat]\n|-boost|p1a: Crobat|spe|1|[from] item: Salac Berry\n|\n|-heal|p2a: Golden|20\/100|[from] item: Leftovers\n|upkeep\n|turn|7\n|\n|t:|1699413174\n|move|p2a: Golden|Protect|p2a: Golden\n|-singleturn|p2a: Golden|Protect\n|move|p1a: Crobat|Crunch|p2a: Golden\n|-activate|p2a: Golden|move: Protect\n|\n|-heal|p2a: Golden|26\/100|[from] item: Leftovers\n|upkeep\n|turn|8\n|\n|t:|1699413198\n|move|p1a: Crobat|Crunch|p2a: Golden\n|-supereffective|p2a: Golden\n|-damage|p2a: Golden|0 fnt\n|faint|p2a: Golden\n|\n|upkeep\n|\n|t:|1699413203\n|switch|p2a: Nemesis|Deoxys-Attack|100\/100\n|-ability|p2a: Nemesis|Pressure\n|turn|9\n|\n|t:|1699413208\n|move|p2a: Nemesis|Extreme Speed|p1a: Crobat\n|-damage|p1a: Crobat|0 fnt\n|faint|p1a: Crobat\n|\n|upkeep\n|\n|t:|1699413213\n|switch|p1a: Heracross|Heracross, M|100\/100\n|-activate|p1a: Heracross|move: Sticky Web\n|-unboost|p1a: Heracross|spe|1\n|turn|10\n|\n|t:|1699413222\n|move|p2a: Nemesis|Thunder Punch|p1a: Heracross\n|-damage|p1a: Heracross|66\/100\n|move|p1a: Heracross|Megahorn|p2a: Nemesis\n|-supereffective|p2a: Nemesis\n|-enditem|p2a: Nemesis|Focus Sash\n|-damage|p2a: Nemesis|1\/100\n|\n|-heal|p1a: Heracross|73\/100|[from] item: Leftovers\n|upkeep\n|turn|11\n|\n|t:|1699413235\n|move|p2a: Nemesis|Double-Edge|p1a: Heracross\n|-damage|p1a: Heracross|23\/100\n|-damage|p2a: Nemesis|0 fnt|[from] Recoil\n|faint|p2a: Nemesis\n|move|p1a: Heracross|Brick Break|p2: Nemesis|[notarget]\n|-fail|p1a: Heracross\n|\n|-heal|p1a: Heracross|29\/100|[from] item: Leftovers\n|upkeep\n|\n|t:|1699413244\n|switch|p2a: Mandala|Groudon-Primal, shiny|100\/100\n|-weather|DesolateLand|[from] ability: Desolate Land|[of] p2a: Mandala\n|turn|12\n|\n|t:|1699413249\n|move|p2a: Mandala|Stealth Rock|p1a: Heracross\n|-sidestart|p1: roberTomy1110|move: Stealth Rock\n|move|p1a: Heracross|Stone Edge|p2a: Mandala\n|-damage|p2a: Mandala|79\/100\n|\n|-weather|DesolateLand|[upkeep]\n|-heal|p1a: Heracross|35\/100|[from] item: Leftovers\n|upkeep\n|turn|13\n|\n|t:|1699413258\n|move|p2a: Mandala|Lava Plume|p1a: Heracross\n|-supereffective|p1a: Heracross\n|-damage|p1a: Heracross|0 fnt\n|faint|p1a: Heracross\n|\n|-weather|DesolateLand|[upkeep]\n|upkeep\n|inactive|Battle timer is ON: inactive players will automatically lose when time's up. (requested by AnomalousBeing)\n|\n|t:|1699413281\n|switch|p1a: Dusknoir|Dusknoir, M|100\/100\n|-activate|p1a: Dusknoir|move: Sticky Web\n|-unboost|p1a: Dusknoir|spe|1\n|-damage|p1a: Dusknoir|88\/100|[from] Stealth Rock\n|-ability|p1a: Dusknoir|Pressure\n|turn|14\n|c|\u2606AnomalousBeing|!dt dusknoir\n|raw|<div class=\"message\"><ul class=\"utilichart\"><li class=\"result\"><span class=\"col numcol\">RU<\/span> <span class=\"col iconcol\"><psicon pokemon=\"dusknoir\"\/><\/span> <span class=\"col pokemonnamecol\" style=\"white-space:nowrap\"><a href=\"https:\/\/dex.pokemonshowdown.com\/pokemon\/dusknoir\" target=\"_blank\">Dusknoir<\/a><\/span> <span class=\"col typecol\"><img src=\"https:\/\/play.pokemonshowdown.com\/sprites\/types\/Ghost.png\" alt=\"Ghost\" height=\"14\" width=\"32\"><\/span> <span style=\"float:left;min-height:26px\"><span class=\"col abilitycol\">Pressure<\/span><span class=\"col abilitycol\"><em>Frisk<\/em><\/span><\/span><span style=\"float:left;min-height:26px\"><span class=\"col statcol\"><em>HP<\/em><br \/>45<\/span> <span class=\"col statcol\"><em>Atk<\/em><br \/>100<\/span> <span class=\"col statcol\"><em>Def<\/em><br \/>135<\/span> <span class=\"col statcol\"><em>SpA<\/em><br \/>65<\/span> <span class=\"col statcol\"><em>SpD<\/em><br \/>135<\/span> <span class=\"col statcol\"><em>Spe<\/em><br \/>45<\/span> <span class=\"col bstcol\"><em>BST<br \/>525<\/em><\/span> <\/span><\/li><li style=\"clear:both\"><\/li><\/ul><\/div>\n|raw|<font size=\"1\"><font color=\"#686868\">Dex#:<\/font> 477&nbsp;|&ThickSpace;<font color=\"#686868\">Gen:<\/font> 4&nbsp;|&ThickSpace;<font color=\"#686868\">Height:<\/font> 2.2 m&nbsp;|&ThickSpace;<font color=\"#686868\">Weight:<\/font> 106.6 kg <em>(100 BP)<\/em>&nbsp;|&ThickSpace;<font color=\"#686868\">Dex Colour:<\/font> Black&nbsp;|&ThickSpace;<font color=\"#686868\">Egg Group(s):<\/font> Amorphous&nbsp;|&ThickSpace;<font color=\"#686868\">Pre-Evolution:<\/font> Dusclops&nbsp;|&ThickSpace;<font color=\"#686868\">Does Not Evolve<\/font><\/font>\n\n|\n|t:|1699413306\n|move|p2a: Mandala|Lava Plume|p1a: Dusknoir\n|-damage|p1a: Dusknoir|10\/100\n|-status|p1a: Dusknoir|brn\n|move|p1a: Dusknoir|Rock Slide|p2a: Mandala\n|-crit|p2a: Mandala\n|-damage|p2a: Mandala|72\/100\n|\n|-weather|DesolateLand|[upkeep]\n|-heal|p1a: Dusknoir|16\/100 brn|[from] item: Leftovers\n|-damage|p1a: Dusknoir|10\/100 brn|[from] brn\n|upkeep\n|turn|15\n|c|\u2606roberTomy1110|what\n|\n|t:|1699413335\n|move|p2a: Mandala|Solar Beam||[still]\n|-prepare|p2a: Mandala|Solar Beam\n|-anim|p2a: Mandala|Solar Beam|p1a: Dusknoir\n|-damage|p1a: Dusknoir|0 fnt\n|faint|p1a: Dusknoir\n|\n|-weather|DesolateLand|[upkeep]\n|upkeep\n|\n|t:|1699413340\n|switch|p1a: Serperior|Serperior, F|100\/100\n|-activate|p1a: Serperior|move: Sticky Web\n|-unboost|p1a: Serperior|spe|1\n|-damage|p1a: Serperior|88\/100|[from] Stealth Rock\n|turn|16\n|\n|t:|1699413347\n|move|p2a: Mandala|Lava Plume|p1a: Serperior\n|-supereffective|p1a: Serperior\n|-crit|p1a: Serperior\n|-damage|p1a: Serperior|0 fnt\n|faint|p1a: Serperior\n|\n|-weather|DesolateLand|[upkeep]\n|upkeep\n|\n|t:|1699413352\n|switch|p1a: Feraligatr|Feraligatr, F|100\/100\n|-activate|p1a: Feraligatr|move: Sticky Web\n|-unboost|p1a: Feraligatr|spe|1\n|-damage|p1a: Feraligatr|88\/100|[from] Stealth Rock\n|turn|17\n|\n|t:|1699413360\n|move|p2a: Mandala|Solar Beam||[still]\n|-prepare|p2a: Mandala|Solar Beam\n|-anim|p2a: Mandala|Solar Beam|p1a: Feraligatr\n|-supereffective|p1a: Feraligatr\n|-damage|p1a: Feraligatr|2\/100\n|move|p1a: Feraligatr|Dragon Pulse|p2a: Mandala\n|-damage|p2a: Mandala|48\/100\n|\n|-weather|DesolateLand|[upkeep]\n|-heal|p1a: Feraligatr|8\/100|[from] item: Leftovers\n|upkeep\n|turn|18\n|c|\u2606roberTomy1110|gg\n|\n|t:|1699413372\n|move|p2a: Mandala|Solar Beam||[still]\n|-prepare|p2a: Mandala|Solar Beam\n|-anim|p2a: Mandala|Solar Beam|p1a: Feraligatr\n|-supereffective|p1a: Feraligatr\n|-damage|p1a: Feraligatr|0 fnt\n|faint|p1a: Feraligatr\n|\n|win|AnomalousBeing\n|raw|roberTomy1110's rating: 1085 &rarr; <strong>1057<\/strong><br \/>(-28 for losing)\n|raw|AnomalousBeing's rating: 1000 &rarr; <strong>1050<\/strong><br \/>(+50 for winning)\n|l|\u2606roberTomy1110\n|c|\u2606AnomalousBeing|gg\n","uploadtime":1699413393,"views":4,"p1id":"robertomy1110","p2id":"anomalousbeing","formatid":"gen9nationaldexubers","rating":1050,"private":0,"password":""}