{"id":"gen9nationaldexubers-1991286471","p1":"HiKaLiuuu","p2":"700club","format":"[Gen 9] National Dex Ubers","log":"|j|\u2606HiKaLiuuu\n|j|\u2606700club\n|t:|1700064405\n|gametype|singles\n|player|p1|HiKaLiuuu|cynthia-gen4|1220\n|player|p2|700club|shadowtriad|1263\n|teamsize|p1|6\n|teamsize|p2|6\n|gen|9\n|tier|[Gen 9] National Dex Ubers\n|rated|\n|rule|HP Percentage Mod: HP is shown in percentages\n|rule|Endless Battle Clause: Forcing endless battles is banned\n|rule|OHKO Clause: OHKO moves are banned\n|rule|Evasion Moves Clause: Evasion moves are banned\n|rule|Evasion Items Clause: Evasion items are banned\n|rule|Species Clause: Limit one of each Pok\u00e9mon\n|rule|Sleep Clause Mod: Limit one foe put to sleep\n|rule|Mega Rayquaza Clause: You cannot mega evolve Rayquaza\n|clearpoke\n|poke|p1|Blaziken, M|\n|poke|p1|Ferrothorn, M|\n|poke|p1|Magearna|\n|poke|p1|Yveltal|\n|poke|p1|Arceus-Ground|\n|poke|p1|Lugia|\n|poke|p2|Ogerpon-Hearthflame, F|\n|poke|p2|Ditto|\n|poke|p2|Deoxys-Speed|\n|poke|p2|Mewtwo|\n|poke|p2|Necrozma-Dusk-Mane|\n|poke|p2|Skeledirge, F|\n|teampreview\n|inactive|Battle timer is ON: inactive players will automatically lose when time's up. (requested by HiKaLiuuu)\n|c|\u2606700club|hi\n|\n|t:|1700064425\n|start\n|switch|p1a: Arceus|Arceus-Ground|100\/100\n|switch|p2a: Deoxys|Deoxys-Speed|100\/100\n|-ability|p2a: Deoxys|Pressure\n|turn|1\n|\n|t:|1700064449\n|move|p2a: Deoxys|Taunt|p1a: Arceus\n|-start|p1a: Arceus|move: Taunt\n|cant|p1a: Arceus|move: Taunt|Stealth Rock\n|\n|upkeep\n|turn|2\n|\n|t:|1700064464\n|move|p2a: Deoxys|Stealth Rock|p1a: Arceus\n|-sidestart|p1: HiKaLiuuu|move: Stealth Rock\n|move|p1a: Arceus|Judgment|p2a: Deoxys\n|-damage|p2a: Deoxys|39\/100\n|\n|upkeep\n|turn|3\n|\n|t:|1700064483\n|move|p2a: Deoxys|Light Screen|p2a: Deoxys\n|-sidestart|p2: 700club|move: Light Screen\n|move|p1a: Arceus|Judgment|p2a: Deoxys\n|-damage|p2a: Deoxys|5\/100\n|\n|-end|p1a: Arceus|move: Taunt\n|upkeep\n|turn|4\n|\n|t:|1700064499\n|move|p2a: Deoxys|Reflect|p2a: Deoxys\n|-sidestart|p2: 700club|Reflect\n|move|p1a: Arceus|Judgment|p2a: Deoxys\n|-damage|p2a: Deoxys|0 fnt\n|faint|p2a: Deoxys\n|\n|upkeep\n|\n|t:|1700064508\n|switch|p2a: Ogerpon|Ogerpon-Hearthflame, F|100\/100\n|-ability|p2a: Ogerpon|Mold Breaker\n|turn|5\n|\n|t:|1700064531\n|switch|p1a: Lugia|Lugia|100\/100\n|move|p2a: Ogerpon|Horn Leech|p1a: Lugia\n|-resisted|p1a: Lugia\n|-damage|p1a: Lugia|91\/100\n|\n|upkeep\n|turn|6\n|inactive|700club has 120 seconds left.\n|\n|t:|1700064557\n|move|p2a: Ogerpon|Leech Seed|p1a: Lugia\n|-start|p1a: Lugia|move: Leech Seed\n|move|p1a: Lugia|Defog|p2a: Ogerpon\n|-unboost|p2a: Ogerpon|evasion|1\n|-sideend|p2: 700club|Reflect\n|-sideend|p2: 700club|move: Light Screen\n|-sideend|p1: HiKaLiuuu|Stealth Rock|[from] move: Defog|[of] p1a: Lugia\n|\n|-damage|p1a: Lugia|78\/100|[from] Leech Seed|[of] p2a: Ogerpon\n|upkeep\n|turn|7\n|\n|t:|1700064574\n|switch|p1a: Yveltal|Yveltal|100\/100\n|-ability|p1a: Yveltal|Dark Aura\n|-terastallize|p2a: Ogerpon|Fire\n|detailschange|p2a: Ogerpon|Ogerpon-Hearthflame-Tera, F, tera:Fire\n|-ability|p2a: Ogerpon|Embody Aspect (Hearthflame)|boost\n|-boost|p2a: Ogerpon|atk|1\n|move|p2a: Ogerpon|Ivy Cudgel|p1a: Yveltal|[anim] Ivy Cudgel Fire\n|-damage|p1a: Yveltal|0 fnt\n|faint|p1a: Yveltal\n|\n|upkeep\n|inactive|HiKaLiuuu has 120 seconds left.\n|\n|t:|1700064600\n|switch|p1a: Arceus|Arceus-Ground|100\/100\n|turn|8\n|inactive|HiKaLiuuu has 120 seconds left.\n|inactive|700club has 120 seconds left.\n|\n|t:|1700064623\n|-terastallize|p1a: Arceus|Water\n|move|p1a: Arceus|Judgment|p2a: Ogerpon\n|-supereffective|p2a: Ogerpon\n|-damage|p2a: Ogerpon|4\/100\n|move|p2a: Ogerpon|Ivy Cudgel|p1a: Arceus|[anim] Ivy Cudgel Fire\n|-resisted|p1a: Arceus\n|-damage|p1a: Arceus|65\/100\n|\n|upkeep\n|turn|9\n|inactive|HiKaLiuuu has 120 seconds left.\n|\n|t:|1700064634\n|move|p1a: Arceus|Judgment|p2a: Ogerpon\n|-supereffective|p2a: Ogerpon\n|-damage|p2a: Ogerpon|0 fnt\n|faint|p2a: Ogerpon\n|\n|upkeep\n|inactive|700club has 90 seconds left.\n|\n|t:|1700064661\n|switch|p2a: Necrozma|Necrozma-Dusk-Mane|100\/100\n|turn|10\n|inactive|HiKaLiuuu has 120 seconds left.\n|inactive|700club has 90 seconds left.\n|\n|t:|1700064683\n|move|p1a: Arceus|Recover|p1a: Arceus\n|-heal|p1a: Arceus|100\/100\n|move|p2a: Necrozma|Dragon Dance|p2a: Necrozma\n|-boost|p2a: Necrozma|atk|1\n|-boost|p2a: Necrozma|spe|1\n|\n|upkeep\n|turn|11\n|inactive|700club has 90 seconds left.\n|\n|t:|1700064696\n|move|p2a: Necrozma|Dragon Dance|p2a: Necrozma\n|-boost|p2a: Necrozma|atk|1\n|-boost|p2a: Necrozma|spe|1\n|move|p1a: Arceus|Judgment|p2a: Necrozma\n|-supereffective|p2a: Necrozma\n|-damage|p2a: Necrozma|21\/100\n|\n|upkeep\n|turn|12\n|inactive|700club has 90 seconds left.\n|inactive|700club has 60 seconds left.\n|c|\u2606700club|lol of course it depends on the plate not the type\n|\n|t:|1700064749\n|detailschange|p2a: Necrozma|Necrozma-Ultra\n|-burst|p2a: Necrozma|Necrozma|Ultranecrozium Z\n|move|p2a: Necrozma|Photon Geyser|p1a: Arceus\n|-damage|p1a: Arceus|7\/100\n|move|p1a: Arceus|Judgment|p2a: Necrozma\n|-damage|p2a: Necrozma|0 fnt\n|faint|p2a: Necrozma\n|\n|upkeep\n|\n|t:|1700064761\n|switch|p2a: Mewtwo|Mewtwo|100\/100\n|-ability|p2a: Mewtwo|Unnerve\n|turn|13\n|\n|t:|1700064779\n|detailschange|p2a: Mewtwo|Mewtwo-Mega-Y\n|-mega|p2a: Mewtwo|Mewtwo|Mewtwonite Y\n|move|p2a: Mewtwo|Nasty Plot|p2a: Mewtwo\n|-boost|p2a: Mewtwo|spa|2\n|move|p1a: Arceus|Recover|p1a: Arceus\n|-heal|p1a: Arceus|57\/100\n|\n|upkeep\n|turn|14\n|\n|t:|1700064788\n|move|p2a: Mewtwo|Psystrike|p1a: Arceus\n|-damage|p1a: Arceus|0 fnt\n|faint|p1a: Arceus\n|\n|upkeep\n|\n|t:|1700064794\n|switch|p1a: Ferrothorn|Ferrothorn, M|100\/100\n|turn|15\n|\n|t:|1700064797\n|move|p2a: Mewtwo|Fire Blast|p1a: Ferrothorn\n|-supereffective|p1a: Ferrothorn\n|-damage|p1a: Ferrothorn|0 fnt\n|faint|p1a: Ferrothorn\n|\n|upkeep\n|\n|t:|1700064807\n|switch|p1a: Blaziken|Blaziken, M|100\/100\n|turn|16\n|\n|t:|1700064815\n|detailschange|p1a: Blaziken|Blaziken-Mega, M\n|-mega|p1a: Blaziken|Blaziken|Blazikenite\n|move|p1a: Blaziken|Protect|p1a: Blaziken\n|-singleturn|p1a: Blaziken|Protect\n|move|p2a: Mewtwo|Psystrike|p1a: Blaziken\n|-activate|p1a: Blaziken|move: Protect\n|\n|-ability|p1a: Blaziken|Speed Boost|boost\n|-boost|p1a: Blaziken|spe|1\n|upkeep\n|turn|17\n|\n|t:|1700064837\n|move|p1a: Blaziken|High Jump Kick|p2a: Mewtwo\n|-resisted|p2a: Mewtwo\n|-damage|p2a: Mewtwo|49\/100\n|move|p2a: Mewtwo|Psystrike|p1a: Blaziken\n|-supereffective|p1a: Blaziken\n|-damage|p1a: Blaziken|0 fnt\n|faint|p1a: Blaziken\n|\n|upkeep\n|\n|t:|1700064846\n|switch|p1a: Magearna|Magearna|100\/100\n|turn|18\n|\n|t:|1700064857\n|move|p2a: Mewtwo|Fire Blast|p1a: Magearna\n|-supereffective|p1a: Magearna\n|-damage|p1a: Magearna|0 fnt\n|faint|p1a: Magearna\n|\n|upkeep\n|\n|t:|1700064862\n|switch|p1a: Lugia|Lugia|78\/100\n|turn|19\n|\n|t:|1700064870\n|move|p2a: Mewtwo|Ice Beam|p1a: Lugia\n|-supereffective|p1a: Lugia\n|-damage|p1a: Lugia|0 fnt\n|faint|p1a: Lugia\n|\n|win|700club\n|raw|HiKaLiuuu's rating: 1220 &rarr; <strong>1198<\/strong><br \/>(-22 for losing)\n|raw|700club's rating: 1263 &rarr; <strong>1285<\/strong><br \/>(+22 for winning)\n|c|\u2606700club|gg\n","uploadtime":1700064878,"views":10,"p1id":"hikaliuuu","p2id":"700club","formatid":"gen9nationaldexubers","rating":1198,"private":0,"password":""}