{"id":"gen9nationaldexubers-1983459710","p1":"onaerybluer","p2":"i like serperior","format":"[Gen 9] National Dex Ubers","log":"|j|\u2606onaerybluer\n|j|\u2606i like serperior\n|t:|1699132424\n|gametype|singles\n|player|p1|onaerybluer|bellelba|1404\n|player|p2|i like serperior|colress|1469\n|teamsize|p1|6\n|teamsize|p2|6\n|gen|9\n|tier|[Gen 9] National Dex Ubers\n|rated|\n|rule|HP Percentage Mod: HP is shown in percentages\n|rule|Endless Battle Clause: Forcing endless battles is banned\n|rule|OHKO Clause: OHKO moves are banned\n|rule|Evasion Moves Clause: Evasion moves are banned\n|rule|Evasion Items Clause: Evasion items are banned\n|rule|Species Clause: Limit one of each Pok\u00e9mon\n|rule|Sleep Clause Mod: Limit one foe put to sleep\n|rule|Mega Rayquaza Clause: You cannot mega evolve Rayquaza\n|clearpoke\n|poke|p1|Kangaskhan, F|\n|poke|p1|Kingambit, F|\n|poke|p1|Groudon|\n|poke|p1|Kyogre|\n|poke|p1|Marshadow|\n|poke|p1|Darmanitan-Galar, F|\n|poke|p2|Yveltal|\n|poke|p2|Rayquaza|\n|poke|p2|Ribombee, M|\n|poke|p2|Kyurem-Black|\n|poke|p2|Ninetales-Alola, F|\n|poke|p2|Necrozma-Dawn-Wings|\n|teampreview\n|inactive|Battle timer is ON: inactive players will automatically lose when time's up. (requested by onaerybluer)\n|\n|t:|1699132432\n|start\n|switch|p1a: Darmanitan|Darmanitan-Galar, F|100\/100\n|switch|p2a: Ribombee|Ribombee, M|100\/100\n|turn|1\n|\n|t:|1699132439\n|move|p1a: Darmanitan|U-turn|p2a: Ribombee\n|-resisted|p2a: Ribombee\n|-damage|p2a: Ribombee|61\/100\n|\n|t:|1699132448\n|switch|p1a: Groudon|Groudon|100\/100|[from] U-turn\n|detailschange|p1a: Groudon|Groudon-Primal\n|-primal|p1a: Groudon|Red Orb\n|-weather|DesolateLand|[from] ability: Desolate Land|[of] p1a: Groudon\n|move|p2a: Ribombee|Sticky Web|p1a: Groudon\n|-sidestart|p1: onaerybluer|move: Sticky Web\n|\n|-weather|DesolateLand|[upkeep]\n|upkeep\n|turn|2\n|\n|t:|1699132453\n|move|p2a: Ribombee|Stun Spore|p1a: Groudon|[miss]\n|-miss|p2a: Ribombee|p1a: Groudon\n|move|p1a: Groudon|Rock Polish|p1a: Groudon\n|-boost|p1a: Groudon|spe|2\n|\n|-weather|DesolateLand|[upkeep]\n|upkeep\n|turn|3\n|\n|t:|1699132455\n|move|p1a: Groudon|Heat Crash|p2a: Ribombee\n|-supereffective|p2a: Ribombee\n|-damage|p2a: Ribombee|0 fnt\n|faint|p2a: Ribombee\n|\n|-weather|DesolateLand|[upkeep]\n|upkeep\n|\n|t:|1699132457\n|switch|p2a: Rayquaza|Rayquaza|100\/100\n|-ability|p2a: Rayquaza|Air Lock\n|turn|4\n|\n|t:|1699132462\n|move|p1a: Groudon|Heat Crash|p2a: Rayquaza\n|-resisted|p2a: Rayquaza\n|-damage|p2a: Rayquaza|64\/100\n|move|p2a: Rayquaza|Hydro Pump|p1a: Groudon\n|-supereffective|p1a: Groudon\n|-damage|p1a: Groudon|0 fnt\n|faint|p1a: Groudon\n|-weather|none\n|\n|upkeep\n|\n|t:|1699132467\n|switch|p1a: Kyogre|Kyogre|100\/100\n|-activate|p1a: Kyogre|move: Sticky Web\n|-unboost|p1a: Kyogre|spe|1\n|detailschange|p1a: Kyogre|Kyogre-Primal\n|-primal|p1a: Kyogre|Blue Orb\n|-weather|PrimordialSea|[from] ability: Primordial Sea|[of] p1a: Kyogre\n|turn|5\n|\n|t:|1699132471\n|switch|p2a: Frost bite|Kyurem-Black, shiny|100\/100\n|-ability|p2a: Frost bite|Teravolt\n|move|p1a: Kyogre|Ice Beam|p2a: Frost bite\n|-damage|p2a: Frost bite|64\/100\n|\n|-weather|PrimordialSea|[upkeep]\n|upkeep\n|turn|6\n|\n|t:|1699132477\n|-weather|none\n|switch|p1a: Darmanitan|Darmanitan-Galar, F|100\/100\n|-activate|p1a: Darmanitan|move: Sticky Web\n|-unboost|p1a: Darmanitan|spe|1\n|move|p2a: Frost bite|Dragon Dance|p2a: Frost bite\n|-boost|p2a: Frost bite|atk|1\n|-boost|p2a: Frost bite|spe|1\n|\n|upkeep\n|turn|7\n|\n|t:|1699132480\n|move|p2a: Frost bite|Scale Shot|p1a: Darmanitan\n|-damage|p1a: Darmanitan|60\/100\n|-damage|p1a: Darmanitan|17\/100\n|-damage|p1a: Darmanitan|0 fnt\n|faint|p1a: Darmanitan\n|-hitcount|p1: Darmanitan|3\n|-unboost|p2a: Frost bite|def|1\n|-boost|p2a: Frost bite|spe|1\n|\n|upkeep\n|\n|t:|1699132482\n|switch|p1a: Marshadow|Marshadow|100\/100\n|-activate|p1a: Marshadow|move: Sticky Web\n|-unboost|p1a: Marshadow|spe|1\n|turn|8\n|\n|t:|1699132484\n|move|p2a: Frost bite|Icicle Spear|p1a: Marshadow\n|-damage|p1a: Marshadow|66\/100\n|-damage|p1a: Marshadow|34\/100\n|-damage|p1a: Marshadow|0 fnt\n|faint|p1a: Marshadow\n|-hitcount|p1: Marshadow|3\n|\n|upkeep\n|\n|t:|1699132487\n|switch|p1a: Kangaskhan|Kangaskhan, F|100\/100\n|-activate|p1a: Kangaskhan|move: Sticky Web\n|-unboost|p1a: Kangaskhan|spe|1\n|turn|9\n|\n|t:|1699132491\n|detailschange|p1a: Kangaskhan|Kangaskhan-Mega, F\n|-mega|p1a: Kangaskhan|Kangaskhan|Kangaskhanite\n|move|p1a: Kangaskhan|Fake Out|p2a: Frost bite\n|-damage|p2a: Frost bite|38\/100\n|-damage|p2a: Frost bite|32\/100\n|-hitcount|p2a: Frost bite|2\n|cant|p2a: Frost bite|flinch\n|\n|upkeep\n|turn|10\n|\n|t:|1699132497\n|move|p2a: Frost bite|Fusion Bolt|p1a: Kangaskhan\n|-damage|p1a: Kangaskhan|36\/100\n|move|p1a: Kangaskhan|Body Slam|p2a: Frost bite\n|-damage|p2a: Frost bite|0 fnt\n|faint|p2a: Frost bite\n|-hitcount|p2: Frost bite|1\n|\n|upkeep\n|\n|t:|1699132501\n|switch|p2a: Ninetales|Ninetales-Alola, F, shiny|100\/100\n|-weather|Snow|[from] ability: Snow Warning|[of] p2a: Ninetales\n|turn|11\n|\n|t:|1699132503\n|move|p2a: Ninetales|Aurora Veil|p2a: Ninetales\n|-sidestart|p2: i like serperior|move: Aurora Veil\n|move|p1a: Kangaskhan|Seismic Toss|p2a: Ninetales\n|-damage|p2a: Ninetales|66\/100\n|-damage|p2a: Ninetales|31\/100\n|-hitcount|p2a: Ninetales|2\n|\n|-weather|Snow|[upkeep]\n|upkeep\n|turn|12\n|\n|t:|1699132505\n|move|p2a: Ninetales|Moonblast|p1a: Kangaskhan\n|-damage|p1a: Kangaskhan|4\/100\n|move|p1a: Kangaskhan|Seismic Toss|p2a: Ninetales\n|-damage|p2a: Ninetales|0 fnt\n|faint|p2a: Ninetales\n|-hitcount|p2: Ninetales|1\n|\n|-weather|Snow|[upkeep]\n|upkeep\n|\n|t:|1699132511\n|switch|p2a: Blitzwing|Yveltal|100\/100\n|-ability|p2a: Blitzwing|Dark Aura\n|turn|13\n|\n|t:|1699132514\n|move|p2a: Blitzwing|Lash Out|p1a: Kangaskhan\n|-damage|p1a: Kangaskhan|0 fnt\n|faint|p1a: Kangaskhan\n|\n|-weather|Snow|[upkeep]\n|upkeep\n|\n|t:|1699132517\n|switch|p1a: Kyogre|Kyogre-Primal|100\/100\n|-activate|p1a: Kyogre|move: Sticky Web\n|-unboost|p1a: Kyogre|spe|1\n|-weather|PrimordialSea|[from] ability: Primordial Sea|[of] p1a: Kyogre\n|turn|14\n|\n|t:|1699132520\n|move|p2a: Blitzwing|Hone Claws|p2a: Blitzwing\n|-boost|p2a: Blitzwing|atk|1\n|-boost|p2a: Blitzwing|accuracy|1\n|move|p1a: Kyogre|Thunder|p2a: Blitzwing\n|-supereffective|p2a: Blitzwing\n|-damage|p2a: Blitzwing|58\/100\n|\n|-weather|PrimordialSea|[upkeep]\n|upkeep\n|turn|15\n|\n|t:|1699132524\n|move|p2a: Blitzwing|Sky Attack||[still]\n|-prepare|p2a: Blitzwing|Sky Attack\n|-enditem|p2a: Blitzwing|Power Herb\n|-anim|p2a: Blitzwing|Sky Attack|p1a: Kyogre\n|-damage|p1a: Kyogre|0 fnt\n|faint|p1a: Kyogre\n|-weather|none\n|\n|upkeep\n|\n|t:|1699132527\n|switch|p1a: Kingambit|Kingambit, F|100\/100\n|-activate|p1a: Kingambit|move: Sticky Web\n|-unboost|p1a: Kingambit|spe|1\n|-activate|p1a: Kingambit|ability: Supreme Overlord\n|-start|p1a: Kingambit|fallen5|[silent]\n|turn|16\n|\n|t:|1699132529\n|move|p1a: Kingambit|Protect|p1a: Kingambit\n|-singleturn|p1a: Kingambit|Protect\n|move|p2a: Blitzwing|Lash Out|p1a: Kingambit\n|-activate|p1a: Kingambit|move: Protect\n|\n|upkeep\n|turn|17\n|\n|t:|1699132534\n|move|p2a: Blitzwing|Hone Claws|p2a: Blitzwing\n|-boost|p2a: Blitzwing|atk|1\n|-boost|p2a: Blitzwing|accuracy|1\n|move|p1a: Kingambit|Iron Head|p2a: Blitzwing\n|-crit|p2a: Blitzwing\n|-damage|p2a: Blitzwing|0 fnt\n|faint|p2a: Blitzwing\n|\n|upkeep\n|\n|t:|1699132536\n|switch|p2a: EOS|Necrozma-Dawn-Wings|100\/100\n|turn|18\n|\n|t:|1699132543\n|-terastallize|p2a: EOS|Normal\n|move|p1a: Kingambit|Protect|p1a: Kingambit\n|-singleturn|p1a: Kingambit|Protect\n|move|p2a: EOS|Iron Defense|p2a: EOS\n|-boost|p2a: EOS|def|2\n|\n|-sideend|p2: i like serperior|move: Aurora Veil\n|upkeep\n|turn|19\n|\n|t:|1699132551\n|-terastallize|p1a: Kingambit|Dark\n|move|p2a: EOS|Iron Defense|p2a: EOS\n|-boost|p2a: EOS|def|2\n|move|p1a: Kingambit|Kowtow Cleave|p2a: EOS\n|-damage|p2a: EOS|76\/100\n|\n|-heal|p2a: EOS|82\/100|[from] item: Leftovers\n|upkeep\n|turn|20\n|\n|t:|1699132556\n|move|p2a: EOS|Iron Defense|p2a: EOS\n|-boost|p2a: EOS|def|2\n|move|p1a: Kingambit|Kowtow Cleave|p2a: EOS\n|-damage|p2a: EOS|66\/100\n|\n|-heal|p2a: EOS|72\/100|[from] item: Leftovers\n|upkeep\n|turn|21\n|\n|t:|1699132561\n|move|p2a: EOS|Calm Mind|p2a: EOS\n|-boost|p2a: EOS|spa|1\n|-boost|p2a: EOS|spd|1\n|move|p1a: Kingambit|Kowtow Cleave|p2a: EOS\n|-damage|p2a: EOS|53\/100\n|\n|-heal|p2a: EOS|59\/100|[from] item: Leftovers\n|upkeep\n|turn|22\n|\n|t:|1699132563\n|move|p2a: EOS|Calm Mind|p2a: EOS\n|-boost|p2a: EOS|spa|1\n|-boost|p2a: EOS|spd|1\n|move|p1a: Kingambit|Kowtow Cleave|p2a: EOS\n|-damage|p2a: EOS|42\/100\n|\n|-heal|p2a: EOS|48\/100|[from] item: Leftovers\n|upkeep\n|turn|23\n|\n|t:|1699132564\n|move|p2a: EOS|Moonlight|p2a: EOS\n|-heal|p2a: EOS|98\/100\n|move|p1a: Kingambit|Kowtow Cleave|p2a: EOS\n|-damage|p2a: EOS|82\/100\n|\n|-heal|p2a: EOS|88\/100|[from] item: Leftovers\n|upkeep\n|turn|24\n|\n|t:|1699132567\n|move|p2a: EOS|Calm Mind|p2a: EOS\n|-boost|p2a: EOS|spa|1\n|-boost|p2a: EOS|spd|1\n|move|p1a: Kingambit|Kowtow Cleave|p2a: EOS\n|-damage|p2a: EOS|69\/100\n|\n|-heal|p2a: EOS|75\/100|[from] item: Leftovers\n|upkeep\n|turn|25\n|\n|t:|1699132569\n|move|p2a: EOS|Calm Mind|p2a: EOS\n|-boost|p2a: EOS|spa|1\n|-boost|p2a: EOS|spd|1\n|move|p1a: Kingambit|Kowtow Cleave|p2a: EOS\n|-damage|p2a: EOS|59\/100\n|\n|-heal|p2a: EOS|65\/100|[from] item: Leftovers\n|upkeep\n|turn|26\n|\n|t:|1699132571\n|move|p2a: EOS|Moonlight|p2a: EOS\n|-heal|p2a: EOS|100\/100\n|move|p1a: Kingambit|Kowtow Cleave|p2a: EOS\n|-damage|p2a: EOS|84\/100\n|\n|-heal|p2a: EOS|90\/100|[from] item: Leftovers\n|upkeep\n|turn|27\n|\n|t:|1699132575\n|move|p2a: EOS|Calm Mind|p2a: EOS\n|-boost|p2a: EOS|spa|1\n|-boost|p2a: EOS|spd|1\n|move|p1a: Kingambit|Kowtow Cleave|p2a: EOS\n|-damage|p2a: EOS|73\/100\n|\n|-heal|p2a: EOS|79\/100|[from] item: Leftovers\n|upkeep\n|turn|28\n|\n|t:|1699132577\n|move|p2a: EOS|Calm Mind|p2a: EOS\n|-boost|p2a: EOS|spa|1\n|-boost|p2a: EOS|spd|1\n|move|p1a: Kingambit|Iron Head|p2a: EOS\n|-damage|p2a: EOS|66\/100\n|\n|-heal|p2a: EOS|72\/100|[from] item: Leftovers\n|upkeep\n|turn|29\n|\n|t:|1699132579\n|move|p2a: EOS|Stored Power|p1a: Kingambit\n|-immune|p1a: Kingambit\n|move|p1a: Kingambit|Iron Head|p2a: EOS\n|-damage|p2a: EOS|61\/100\n|\n|-heal|p2a: EOS|67\/100|[from] item: Leftovers\n|upkeep\n|turn|30\n|\n|t:|1699132581\n|move|p2a: EOS|Stored Power|p1a: Kingambit\n|-immune|p1a: Kingambit\n|move|p1a: Kingambit|Iron Head|p2a: EOS\n|-damage|p2a: EOS|55\/100\n|\n|-heal|p2a: EOS|61\/100|[from] item: Leftovers\n|upkeep\n|turn|31\n|\n|t:|1699132583\n|move|p2a: EOS|Stored Power|p1a: Kingambit\n|-immune|p1a: Kingambit\n|move|p1a: Kingambit|Iron Head|p2a: EOS\n|-damage|p2a: EOS|48\/100\n|\n|-heal|p2a: EOS|54\/100|[from] item: Leftovers\n|upkeep\n|turn|32\n|\n|t:|1699132585\n|move|p2a: EOS|Stored Power|p1a: Kingambit\n|-immune|p1a: Kingambit\n|move|p1a: Kingambit|Iron Head|p2a: EOS\n|-damage|p2a: EOS|42\/100\n|\n|-heal|p2a: EOS|48\/100|[from] item: Leftovers\n|upkeep\n|turn|33\n|\n|t:|1699132592\n|move|p2a: EOS|Stored Power|p1a: Kingambit\n|-immune|p1a: Kingambit\n|move|p1a: Kingambit|Iron Head|p2a: EOS\n|-crit|p2a: EOS\n|-damage|p2a: EOS|0 fnt\n|faint|p2a: EOS\n|\n|upkeep\n|\n|t:|1699132597\n|switch|p2a: Rayquaza|Rayquaza|64\/100\n|-ability|p2a: Rayquaza|Air Lock\n|turn|34\n|\n|t:|1699132599\n|move|p1a: Kingambit|Sucker Punch|p2a: Rayquaza\n|-damage|p2a: Rayquaza|0 fnt\n|faint|p2a: Rayquaza\n|\n|win|onaerybluer\n|raw|onaerybluer's rating: 1404 &rarr; <strong>1428<\/strong><br \/>(+24 for winning)\n|raw|i like serperior's rating: 1469 &rarr; <strong>1445<\/strong><br \/>(-24 for losing)\n|l|\u2606i like serperior\n","uploadtime":1699132606,"views":10,"p1id":"onaerybluer","p2id":"ilikeserperior","formatid":"gen9nationaldexubers","rating":1428,"private":0,"password":""}