{"id":"gen9nationaldexubers-1995770940","p1":"dreepy airlines","p2":"Aroma Nobody","format":"[Gen 9] National Dex Ubers","log":"|j|\u2606dreepy airlines\n|j|\u2606Aroma Nobody\n|t:|1700601572\n|gametype|singles\n|player|p1|dreepy airlines|waitress-gen6|\n|player|p2|Aroma Nobody|turo-ai|\n|teamsize|p1|6\n|teamsize|p2|6\n|gen|9\n|tier|[Gen 9] National Dex Ubers\n|rule|HP Percentage Mod: HP is shown in percentages\n|rule|Endless Battle Clause: Forcing endless battles is banned\n|rule|OHKO Clause: OHKO moves are banned\n|rule|Evasion Moves Clause: Evasion moves are banned\n|rule|Evasion Items Clause: Evasion items are banned\n|rule|Species Clause: Limit one of each Pok\u00e9mon\n|rule|Sleep Clause Mod: Limit one foe put to sleep\n|rule|Mega Rayquaza Clause: You cannot mega evolve Rayquaza\n|clearpoke\n|poke|p1|Annihilape, F|\n|poke|p1|Garganacl, F|\n|poke|p1|Empoleon, F|\n|poke|p1|Gliscor, M|\n|poke|p1|Gholdengo|\n|poke|p1|Roaring Moon|\n|poke|p2|Deoxys-Speed|\n|poke|p2|Tapu Lele|\n|poke|p2|Sneasler, F|\n|poke|p2|Gardevoir, F|\n|poke|p2|Slowbro, M|\n|poke|p2|Victini|\n|teampreview\n|inactive|Battle timer is ON: inactive players will automatically lose when time's up. (requested by dreepy airlines)\n|c|\u2606Aroma Nobody|glhf\n|c|\u2606dreepy airlines|hf\n|\n|t:|1700601594\n|start\n|switch|p1a: Gholdengo|Gholdengo|100\/100\n|switch|p2a: Victini|Victini|100\/100\n|turn|1\n|inactive|dreepy airlines has 270 seconds left.\n|inactive|dreepy airlines has 240 seconds left.\n|\n|t:|1700601669\n|switch|p1a: Garganacl|Garganacl, F|100\/100\n|move|p2a: Victini|U-turn|p1a: Garganacl\n|-damage|p1a: Garganacl|86\/100\n|inactive|Aroma Nobody has 270 seconds left.\n|\n|t:|1700601702\n|switch|p2a: Deoxys|Deoxys-Speed|100\/100|[from] U-turn\n|-ability|p2a: Deoxys|Pressure\n|\n|-heal|p1a: Garganacl|92\/100|[from] item: Leftovers\n|upkeep\n|turn|2\n|\n|t:|1700601707\n|move|p2a: Deoxys|Nasty Plot|p2a: Deoxys\n|-boost|p2a: Deoxys|spa|2\n|move|p1a: Garganacl|Salt Cure|p2a: Deoxys\n|-damage|p2a: Deoxys|79\/100\n|-start|p2a: Deoxys|Salt Cure\n|\n|-heal|p1a: Garganacl|98\/100|[from] item: Leftovers\n|-damage|p2a: Deoxys|66\/100|[from] Salt Cure\n|upkeep\n|turn|3\n|\n|t:|1700601717\n|switch|p1a: Empoleon|Empoleon, F|100\/100\n|move|p2a: Deoxys|Energy Ball|p1a: Empoleon\n|-damage|p1a: Empoleon|66\/100\n|\n|-heal|p1a: Empoleon|72\/100|[from] item: Leftovers\n|-damage|p2a: Deoxys|54\/100|[from] Salt Cure\n|upkeep\n|turn|4\n|\n|t:|1700601724\n|move|p2a: Deoxys|Thunderbolt|p1a: Empoleon\n|-supereffective|p1a: Empoleon\n|-damage|p1a: Empoleon|3\/100\n|move|p1a: Empoleon|Roost|p1a: Empoleon\n|-heal|p1a: Empoleon|53\/100\n|-singleturn|p1a: Empoleon|move: Roost\n|\n|-heal|p1a: Empoleon|59\/100|[from] item: Leftovers\n|-damage|p2a: Deoxys|42\/100|[from] Salt Cure\n|upkeep\n|turn|5\n|\n|t:|1700601733\n|switch|p1a: Gliscor|Gliscor, M|100\/100\n|move|p2a: Deoxys|Ice Beam|p1a: Gliscor\n|-supereffective|p1a: Gliscor\n|-damage|p1a: Gliscor|0 fnt\n|faint|p1a: Gliscor\n|\n|-damage|p2a: Deoxys|29\/100|[from] Salt Cure\n|upkeep\n|\n|t:|1700601746\n|switch|p1a: Annihilape|Annihilape, F|100\/100\n|turn|6\n|\n|t:|1700601750\n|-zpower|p2a: Deoxys\n|move|p2a: Deoxys|Gigavolt Havoc|p1a: Annihilape|[zeffect]\n|-damage|p1a: Annihilape|41\/100\n|move|p1a: Annihilape|Drain Punch|p2a: Deoxys\n|-resisted|p2a: Deoxys\n|-damage|p2a: Deoxys|8\/100\n|-heal|p1a: Annihilape|47\/100|[from] drain|[of] p2a: Deoxys\n|\n|-heal|p1a: Annihilape|54\/100|[from] item: Leftovers\n|-damage|p2a: Deoxys|0 fnt|[from] Salt Cure\n|faint|p2a: Deoxys\n|upkeep\n|\n|t:|1700601768\n|switch|p2a: Victini|Victini|100\/100\n|turn|7\n|\n|t:|1700601774\n|switch|p1a: Garganacl|Garganacl, F|98\/100\n|move|p2a: Victini|V-create|p1a: Garganacl\n|-resisted|p1a: Garganacl\n|-damage|p1a: Garganacl|68\/100\n|-unboost|p2a: Victini|spe|1\n|-unboost|p2a: Victini|def|1\n|-unboost|p2a: Victini|spd|1\n|\n|-heal|p1a: Garganacl|74\/100|[from] item: Leftovers\n|upkeep\n|turn|8\n|\n|t:|1700601779\n|switch|p2a: Tapu Lele|Tapu Lele|100\/100\n|-fieldstart|move: Psychic Terrain|[from] ability: Psychic Surge|[of] p2a: Tapu Lele\n|move|p1a: Garganacl|Salt Cure|p2a: Tapu Lele\n|-damage|p2a: Tapu Lele|78\/100\n|-start|p2a: Tapu Lele|Salt Cure\n|\n|-heal|p1a: Garganacl|80\/100|[from] item: Leftovers\n|-damage|p2a: Tapu Lele|65\/100|[from] Salt Cure\n|upkeep\n|turn|9\n|\n|t:|1700601783\n|switch|p1a: Empoleon|Empoleon, F|59\/100\n|move|p2a: Tapu Lele|Future Sight|p1a: Empoleon\n|-start|p2a: Tapu Lele|move: Future Sight\n|\n|-heal|p1a: Empoleon|65\/100|[from] item: Leftovers\n|-damage|p2a: Tapu Lele|53\/100|[from] Salt Cure\n|upkeep\n|turn|10\n|\n|t:|1700601788\n|switch|p2a: Slowbro|Slowbro, M|100\/100\n|move|p1a: Empoleon|Knock Off|p2a: Slowbro\n|-supereffective|p2a: Slowbro\n|-damage|p2a: Slowbro|76\/100\n|-enditem|p2a: Slowbro|Heavy-Duty Boots|[from] move: Knock Off|[of] p1a: Empoleon\n|\n|-heal|p1a: Empoleon|71\/100|[from] item: Leftovers\n|upkeep\n|turn|11\n|\n|t:|1700601791\n|move|p1a: Empoleon|Stealth Rock|p2a: Slowbro\n|-sidestart|p2: Aroma Nobody|move: Stealth Rock\n|move|p2a: Slowbro|Teleport|p2a: Slowbro\n|\n|t:|1700601815\n|switch|p2a: Victini|Victini|100\/100|[from] Teleport\n|-damage|p2a: Victini|76\/100|[from] Stealth Rock\n|\n|-end|p1a: Empoleon|move: Future Sight\n|-resisted|p1a: Empoleon\n|-damage|p1a: Empoleon|44\/100\n|-heal|p1a: Empoleon|50\/100|[from] item: Leftovers\n|upkeep\n|turn|12\n|\n|t:|1700601826\n|switch|p1a: Garganacl|Garganacl, F|80\/100\n|move|p2a: Victini|Trick|p1a: Garganacl\n|-activate|p2a: Victini|move: Trick|[of] p1a: Garganacl\n|-item|p1a: Garganacl|Choice Band|[from] move: Trick\n|-item|p2a: Victini|Leftovers|[from] move: Trick\n|\n|-heal|p2a: Victini|82\/100|[from] item: Leftovers\n|-fieldend|move: Psychic Terrain\n|upkeep\n|turn|13\n|\n|t:|1700601834\n|move|p2a: Victini|U-turn|p1a: Garganacl\n|-damage|p1a: Garganacl|69\/100\n|\n|t:|1700601837\n|switch|p2a: Slowbro|Slowbro, M|100\/100|[from] U-turn\n|-damage|p2a: Slowbro|88\/100|[from] Stealth Rock\n|move|p1a: Garganacl|Salt Cure|p2a: Slowbro\n|-damage|p2a: Slowbro|77\/100\n|-start|p2a: Slowbro|Salt Cure\n|\n|-damage|p2a: Slowbro|52\/100|[from] Salt Cure\n|upkeep\n|turn|14\n|\n|t:|1700601844\n|switch|p1a: Empoleon|Empoleon, F|50\/100\n|move|p2a: Slowbro|Teleport|p2a: Slowbro\n|\n|t:|1700601849\n|switch|p2a: Tapu Lele|Tapu Lele|53\/100|[from] Teleport\n|-damage|p2a: Tapu Lele|40\/100|[from] Stealth Rock\n|-fieldstart|move: Psychic Terrain|[from] ability: Psychic Surge|[of] p2a: Tapu Lele\n|\n|-heal|p1a: Empoleon|57\/100|[from] item: Leftovers\n|upkeep\n|turn|15\n|\n|t:|1700601854\n|move|p2a: Tapu Lele|Future Sight|p1a: Empoleon\n|-start|p2a: Tapu Lele|move: Future Sight\n|move|p1a: Empoleon|Roost|p1a: Empoleon\n|-heal|p1a: Empoleon|100\/100\n|-singleturn|p1a: Empoleon|move: Roost\n|\n|upkeep\n|turn|16\n|\n|t:|1700601864\n|switch|p2a: Slowbro|Slowbro, M|85\/100\n|-damage|p2a: Slowbro|73\/100|[from] Stealth Rock\n|move|p1a: Empoleon|Knock Off|p2a: Slowbro\n|-supereffective|p2a: Slowbro\n|-damage|p2a: Slowbro|58\/100\n|\n|upkeep\n|turn|17\n|\n|t:|1700601872\n|move|p1a: Empoleon|Knock Off|p2a: Slowbro\n|-supereffective|p2a: Slowbro\n|-damage|p2a: Slowbro|41\/100\n|move|p2a: Slowbro|Teleport|p2a: Slowbro\n|inactive|Aroma Nobody has 270 seconds left.\n|\n|t:|1700601911\n|switch|p2a: Gardevoir|Gardevoir, F|100\/100|[from] Teleport\n|-damage|p2a: Gardevoir|88\/100|[from] Stealth Rock\n|-ability|p2a: Gardevoir|Torrent|[from] ability: Trace|[of] p1a: Empoleon\n|\n|-end|p1a: Empoleon|move: Future Sight\n|-resisted|p1a: Empoleon\n|-damage|p1a: Empoleon|76\/100\n|-heal|p1a: Empoleon|82\/100|[from] item: Leftovers\n|upkeep\n|turn|18\n|\n|t:|1700601935\n|detailschange|p2a: Gardevoir|Gardevoir-Mega, F\n|-mega|p2a: Gardevoir|Gardevoir|Gardevoirite\n|move|p2a: Gardevoir|Focus Blast|p1a: Empoleon\n|-supereffective|p1a: Empoleon\n|-crit|p1a: Empoleon\n|-damage|p1a: Empoleon|0 fnt\n|faint|p1a: Empoleon\n|\n|-fieldend|move: Psychic Terrain\n|upkeep\n|c|\u2606dreepy airlines|well\n|\n|t:|1700601946\n|switch|p1a: Gholdengo|Gholdengo|100\/100\n|turn|19\n|\n|t:|1700601954\n|move|p2a: Gardevoir|Mystical Fire|p1a: Gholdengo\n|-supereffective|p1a: Gholdengo\n|-damage|p1a: Gholdengo|44\/100\n|-unboost|p1a: Gholdengo|spa|1\n|move|p1a: Gholdengo|Thunder Wave|p2a: Gardevoir\n|-status|p2a: Gardevoir|par\n|\n|-heal|p1a: Gholdengo|50\/100|[from] item: Leftovers\n|upkeep\n|turn|20\n|\n|t:|1700601963\n|move|p1a: Gholdengo|Recover|p1a: Gholdengo\n|-heal|p1a: Gholdengo|99\/100\n|move|p2a: Gardevoir|Mystical Fire|p1a: Gholdengo\n|-supereffective|p1a: Gholdengo\n|-damage|p1a: Gholdengo|34\/100\n|-unboost|p1a: Gholdengo|spa|1\n|\n|-heal|p1a: Gholdengo|40\/100|[from] item: Leftovers\n|upkeep\n|turn|21\n|\n|t:|1700601973\n|switch|p1a: Annihilape|Annihilape, F|54\/100\n|move|p2a: Gardevoir|Hyper Voice|p1a: Annihilape\n|-supereffective|p1a: Annihilape\n|-damage|p1a: Annihilape|0 fnt\n|faint|p1a: Annihilape\n|\n|upkeep\n|c|\u2606dreepy airlines|how\n|c|\u2606dreepy airlines|what\n|c|\u2606Aroma Nobody|:)\n|\n|t:|1700601986\n|switch|p1a: Gholdengo|Gholdengo|40\/100\n|turn|22\n|\n|t:|1700601991\n|move|p1a: Gholdengo|Hex|p2a: Gardevoir\n|-supereffective|p2a: Gardevoir\n|-damage|p2a: Gardevoir|0 fnt\n|faint|p2a: Gardevoir\n|\n|-heal|p1a: Gholdengo|46\/100|[from] item: Leftovers\n|upkeep\n|\n|t:|1700602002\n|switch|p2a: Tapu Lele|Tapu Lele|40\/100\n|-damage|p2a: Tapu Lele|28\/100|[from] Stealth Rock\n|-fieldstart|move: Psychic Terrain|[from] ability: Psychic Surge|[of] p2a: Tapu Lele\n|turn|23\n|\n|t:|1700602014\n|move|p2a: Tapu Lele|Future Sight|p1a: Gholdengo\n|-start|p2a: Tapu Lele|move: Future Sight\n|move|p1a: Gholdengo|Recover|p1a: Gholdengo\n|-heal|p1a: Gholdengo|96\/100\n|\n|-heal|p1a: Gholdengo|100\/100|[from] item: Leftovers\n|upkeep\n|turn|24\n|\n|t:|1700602018\n|switch|p2a: Victini|Victini|82\/100\n|-damage|p2a: Victini|57\/100|[from] Stealth Rock\n|move|p1a: Gholdengo|Thunder Wave|p2a: Victini|[miss]\n|-miss|p1a: Gholdengo|p2a: Victini\n|\n|-heal|p2a: Victini|63\/100|[from] item: Leftovers\n|upkeep\n|turn|25\n|c|\u2606dreepy airlines|mann\n|\n|t:|1700602027\n|switch|p1a: Garganacl|Garganacl, F|69\/100\n|move|p2a: Victini|V-create|p1a: Garganacl\n|-resisted|p1a: Garganacl\n|-damage|p1a: Garganacl|50\/100\n|-unboost|p2a: Victini|spe|1\n|-unboost|p2a: Victini|def|1\n|-unboost|p2a: Victini|spd|1\n|\n|-end|p1a: Garganacl|move: Future Sight\n|-damage|p1a: Garganacl|0 fnt\n|faint|p1a: Garganacl\n|-heal|p2a: Victini|69\/100|[from] item: Leftovers\n|upkeep\n|\n|t:|1700602041\n|switch|p1a: Roaring Moon|Roaring Moon|100\/100\n|-enditem|p1a: Roaring Moon|Booster Energy\n|-activate|p1a: Roaring Moon|ability: Protosynthesis|[fromitem]\n|-start|p1a: Roaring Moon|protosynthesisatk\n|turn|26\n|\n|t:|1700602052\n|move|p1a: Roaring Moon|Earthquake|p2a: Victini\n|-supereffective|p2a: Victini\n|-damage|p2a: Victini|0 fnt\n|faint|p2a: Victini\n|\n|upkeep\n|\n|t:|1700602056\n|switch|p2a: Sneasler|Sneasler, F|100\/100\n|-damage|p2a: Sneasler|95\/100|[from] Stealth Rock\n|-enditem|p2a: Sneasler|Psychic Seed\n|-boost|p2a: Sneasler|spd|1|[from] item: Psychic Seed\n|turn|27\n|\n|t:|1700602074\n|move|p2a: Sneasler|Close Combat|p1a: Roaring Moon\n|-supereffective|p1a: Roaring Moon\n|-damage|p1a: Roaring Moon|0 fnt\n|-unboost|p2a: Sneasler|def|1\n|-unboost|p2a: Sneasler|spd|1\n|faint|p1a: Roaring Moon\n|-end|p1a: Roaring Moon|Protosynthesis|[silent]\n|\n|-fieldend|move: Psychic Terrain\n|upkeep\n|\n|t:|1700602077\n|switch|p1a: Gholdengo|Gholdengo|100\/100\n|turn|28\n|\n|t:|1700602093\n|move|p2a: Sneasler|Acrobatics|p1a: Gholdengo\n|-resisted|p1a: Gholdengo\n|-damage|p1a: Gholdengo|86\/100\n|move|p1a: Gholdengo|Thunder Wave|p2a: Sneasler\n|-status|p2a: Sneasler|par\n|\n|-heal|p1a: Gholdengo|92\/100|[from] item: Leftovers\n|upkeep\n|turn|29\n|\n|t:|1700602097\n|move|p2a: Sneasler|Acrobatics|p1a: Gholdengo\n|-resisted|p1a: Gholdengo\n|-damage|p1a: Gholdengo|79\/100\n|move|p1a: Gholdengo|Hex|p2a: Sneasler\n|-damage|p2a: Sneasler|18\/100 par\n|\n|-heal|p1a: Gholdengo|85\/100|[from] item: Leftovers\n|upkeep\n|turn|30\n|\n|t:|1700602101\n|move|p2a: Sneasler|Acrobatics|p1a: Gholdengo\n|-resisted|p1a: Gholdengo\n|-damage|p1a: Gholdengo|71\/100\n|move|p1a: Gholdengo|Recover|p1a: Gholdengo\n|-heal|p1a: Gholdengo|100\/100\n|\n|upkeep\n|turn|31\n|\n|t:|1700602104\n|cant|p2a: Sneasler|par\n|move|p1a: Gholdengo|Hex|p2a: Sneasler\n|-damage|p2a: Sneasler|0 fnt\n|faint|p2a: Sneasler\n|\n|upkeep\n|\n|t:|1700602109\n|switch|p2a: Tapu Lele|Tapu Lele|28\/100\n|-damage|p2a: Tapu Lele|15\/100|[from] Stealth Rock\n|-fieldstart|move: Psychic Terrain|[from] ability: Psychic Surge|[of] p2a: Tapu Lele\n|turn|32\n|\n|t:|1700602118\n|move|p2a: Tapu Lele|Psychic|p1a: Gholdengo\n|-resisted|p1a: Gholdengo\n|-damage|p1a: Gholdengo|69\/100\n|move|p1a: Gholdengo|Hex|p2a: Tapu Lele\n|-supereffective|p2a: Tapu Lele\n|-damage|p2a: Tapu Lele|0 fnt\n|faint|p2a: Tapu Lele\n|\n|-heal|p1a: Gholdengo|75\/100|[from] item: Leftovers\n|upkeep\n|\n|t:|1700602121\n|switch|p2a: Slowbro|Slowbro, M|74\/100\n|-damage|p2a: Slowbro|62\/100|[from] Stealth Rock\n|turn|33\n|\n|t:|1700602129\n|-terastallize|p2a: Slowbro|Steel\n|move|p1a: Gholdengo|Nasty Plot|p1a: Gholdengo\n|-boost|p1a: Gholdengo|spa|2\n|move|p2a: Slowbro|Slack Off|p2a: Slowbro\n|-heal|p2a: Slowbro|100\/100\n|\n|-heal|p1a: Gholdengo|81\/100|[from] item: Leftovers\n|upkeep\n|turn|34\n|\n|t:|1700602133\n|move|p1a: Gholdengo|Thunder Wave|p2a: Slowbro|[miss]\n|-miss|p1a: Gholdengo|p2a: Slowbro\n|move|p2a: Slowbro|Scald|p1a: Gholdengo\n|-damage|p1a: Gholdengo|56\/100\n|-status|p1a: Gholdengo|brn\n|\n|-heal|p1a: Gholdengo|62\/100 brn|[from] item: Leftovers\n|-damage|p1a: Gholdengo|56\/100 brn|[from] brn\n|upkeep\n|turn|35\n|\n|t:|1700602138\n|move|p1a: Gholdengo|Recover|p1a: Gholdengo\n|-heal|p1a: Gholdengo|100\/100 brn\n|move|p2a: Slowbro|Scald|p1a: Gholdengo\n|-crit|p1a: Gholdengo\n|-damage|p1a: Gholdengo|61\/100 brn\n|\n|-heal|p1a: Gholdengo|67\/100 brn|[from] item: Leftovers\n|-damage|p1a: Gholdengo|61\/100 brn|[from] brn\n|upkeep\n|turn|36\n|\n|t:|1700602143\n|move|p1a: Gholdengo|Recover|p1a: Gholdengo\n|-heal|p1a: Gholdengo|100\/100 brn\n|move|p2a: Slowbro|Scald|p1a: Gholdengo\n|-damage|p1a: Gholdengo|72\/100 brn\n|\n|-heal|p1a: Gholdengo|78\/100 brn|[from] item: Leftovers\n|-damage|p1a: Gholdengo|72\/100 brn|[from] brn\n|-fieldend|move: Psychic Terrain\n|upkeep\n|turn|37\n|\n|t:|1700602147\n|move|p1a: Gholdengo|Hex|p2a: Slowbro\n|-damage|p2a: Slowbro|46\/100\n|move|p2a: Slowbro|Scald|p1a: Gholdengo\n|-damage|p1a: Gholdengo|43\/100 brn\n|\n|-heal|p1a: Gholdengo|49\/100 brn|[from] item: Leftovers\n|-damage|p1a: Gholdengo|43\/100 brn|[from] brn\n|upkeep\n|turn|38\n|\n|t:|1700602150\n|move|p1a: Gholdengo|Hex|p2a: Slowbro\n|-damage|p2a: Slowbro|0 fnt\n|faint|p2a: Slowbro\n|\n|win|dreepy airlines\n|c|\u2606Aroma Nobody|gg\n|c|\u2606dreepy airlines|gg\n|l|\u2606dreepy airlines\n","uploadtime":1700602155,"views":1,"p1id":"dreepyairlines","p2id":"aromanobody","formatid":"gen9nationaldexubers","rating":0,"private":0,"password":""}