{"id":"gen9nationaldexubers-1998868437","p1":"Ronald01","p2":"CRYO-M0DE\u2744\ufe0f","format":"[Gen 9] National Dex Ubers","log":"|j|\u2606Ronald01\n|j|\u2606CRYO-M0DE\u2744\ufe0f\n|t:|1701005933\n|gametype|singles\n|player|p1|Ronald01|red|1035\n|player|p2|CRYO-M0DE\u2744\ufe0f|melony|1151\n|teamsize|p1|6\n|teamsize|p2|6\n|gen|9\n|tier|[Gen 9] National Dex Ubers\n|rated|\n|rule|HP Percentage Mod: HP is shown in percentages\n|rule|Endless Battle Clause: Forcing endless battles is banned\n|rule|OHKO Clause: OHKO moves are banned\n|rule|Evasion Moves Clause: Evasion moves are banned\n|rule|Evasion Items Clause: Evasion items are banned\n|rule|Species Clause: Limit one of each Pok\u00e9mon\n|rule|Sleep Clause Mod: Limit one foe put to sleep\n|rule|Mega Rayquaza Clause: You cannot mega evolve Rayquaza\n|clearpoke\n|poke|p1|Incineroar, M|\n|poke|p1|Infernape, M|\n|poke|p1|Pyroar, M|\n|poke|p1|Talonflame, M|\n|poke|p1|Salandit, M|\n|poke|p1|Ceruledge, M|\n|poke|p2|Glalie, M|\n|poke|p2|Iron Bundle|\n|poke|p2|Aurorus, F|\n|poke|p2|Baxcalibur, M|\n|poke|p2|Regice|\n|poke|p2|Kyurem-Black|\n|teampreview\n|\n|t:|1701005948\n|start\n|switch|p1a: Ceruledge|Ceruledge, M|100\/100\n|switch|p2a: \u2744\ufe0fAURORUS\u2744\ufe0f\u2744\ufe0f|Aurorus, F, shiny|100\/100\n|-weather|Snow|[from] ability: Snow Warning|[of] p2a: \u2744\ufe0fAURORUS\u2744\ufe0f\u2744\ufe0f\n|turn|1\n|\n|t:|1701005961\n|move|p1a: Ceruledge|Flamethrower|p2a: \u2744\ufe0fAURORUS\u2744\ufe0f\u2744\ufe0f\n|-damage|p2a: \u2744\ufe0fAURORUS\u2744\ufe0f\u2744\ufe0f|79\/100\n|move|p2a: \u2744\ufe0fAURORUS\u2744\ufe0f\u2744\ufe0f|Stealth Rock|p1a: Ceruledge\n|-sidestart|p1: Ronald01|move: Stealth Rock\n|\n|-weather|Snow|[upkeep]\n|upkeep\n|turn|2\n|\n|t:|1701005971\n|move|p1a: Ceruledge|Close Combat|p2a: \u2744\ufe0fAURORUS\u2744\ufe0f\u2744\ufe0f\n|-supereffective|p2a: \u2744\ufe0fAURORUS\u2744\ufe0f\u2744\ufe0f\n|-damage|p2a: \u2744\ufe0fAURORUS\u2744\ufe0f\u2744\ufe0f|0 fnt\n|-unboost|p1a: Ceruledge|def|1\n|-unboost|p1a: Ceruledge|spd|1\n|faint|p2a: \u2744\ufe0fAURORUS\u2744\ufe0f\u2744\ufe0f\n|\n|-weather|Snow|[upkeep]\n|upkeep\n|\n|t:|1701005982\n|switch|p2a: \u2744\ufe0fGLALIE\u2744\ufe0f\ud83e\udd76|Glalie, M|100\/100\n|turn|3\n|\n|t:|1701005994\n|move|p2a: \u2744\ufe0fGLALIE\u2744\ufe0f\ud83e\udd76|Blizzard|p1a: Ceruledge\n|-resisted|p1a: Ceruledge\n|-damage|p1a: Ceruledge|68\/100\n|move|p1a: Ceruledge|Flamethrower|p2a: \u2744\ufe0fGLALIE\u2744\ufe0f\ud83e\udd76\n|-supereffective|p2a: \u2744\ufe0fGLALIE\u2744\ufe0f\ud83e\udd76\n|-damage|p2a: \u2744\ufe0fGLALIE\u2744\ufe0f\ud83e\udd76|43\/100\n|-status|p2a: \u2744\ufe0fGLALIE\u2744\ufe0f\ud83e\udd76|brn\n|\n|-weather|Snow|[upkeep]\n|-damage|p2a: \u2744\ufe0fGLALIE\u2744\ufe0f\ud83e\udd76|37\/100 brn|[from] brn\n|-ability|p2a: \u2744\ufe0fGLALIE\u2744\ufe0f\ud83e\udd76|Moody|boost\n|-boost|p2a: \u2744\ufe0fGLALIE\u2744\ufe0f\ud83e\udd76|spd|2\n|-unboost|p2a: \u2744\ufe0fGLALIE\u2744\ufe0f\ud83e\udd76|spa|1\n|upkeep\n|turn|4\n|\n|t:|1701006009\n|move|p2a: \u2744\ufe0fGLALIE\u2744\ufe0f\ud83e\udd76|Blizzard|p1a: Ceruledge\n|-resisted|p1a: Ceruledge\n|-damage|p1a: Ceruledge|47\/100\n|move|p1a: Ceruledge|Flamethrower|p2a: \u2744\ufe0fGLALIE\u2744\ufe0f\ud83e\udd76\n|-supereffective|p2a: \u2744\ufe0fGLALIE\u2744\ufe0f\ud83e\udd76\n|-damage|p2a: \u2744\ufe0fGLALIE\u2744\ufe0f\ud83e\udd76|5\/100 brn\n|\n|-weather|Snow|[upkeep]\n|-damage|p2a: \u2744\ufe0fGLALIE\u2744\ufe0f\ud83e\udd76|0 fnt|[from] brn\n|faint|p2a: \u2744\ufe0fGLALIE\u2744\ufe0f\ud83e\udd76\n|upkeep\n|\n|t:|1701006022\n|switch|p2a: \u2744\ufe0fCRYO BUNDLE\u2744\ufe0f|Iron Bundle, shiny|100\/100\n|-enditem|p2a: \u2744\ufe0fCRYO BUNDLE\u2744\ufe0f|Booster Energy\n|-activate|p2a: \u2744\ufe0fCRYO BUNDLE\u2744\ufe0f|ability: Quark Drive|[fromitem]\n|-start|p2a: \u2744\ufe0fCRYO BUNDLE\u2744\ufe0f|quarkdrivespa\n|turn|5\n|\n|t:|1701006029\n|-terastallize|p2a: \u2744\ufe0fCRYO BUNDLE\u2744\ufe0f|Ice\n|move|p2a: \u2744\ufe0fCRYO BUNDLE\u2744\ufe0f|Blizzard|p1a: Ceruledge\n|-resisted|p1a: Ceruledge\n|-damage|p1a: Ceruledge|0 fnt\n|faint|p1a: Ceruledge\n|\n|-weather|Snow|[upkeep]\n|upkeep\n|\n|t:|1701006038\n|switch|p1a: Talonflame|Talonflame, M|100\/100\n|-damage|p1a: Talonflame|50\/100|[from] Stealth Rock\n|turn|6\n|\n|t:|1701006049\n|move|p2a: \u2744\ufe0fCRYO BUNDLE\u2744\ufe0f|Blizzard|p1a: Talonflame\n|-damage|p1a: Talonflame|0 fnt\n|faint|p1a: Talonflame\n|\n|-weather|Snow|[upkeep]\n|upkeep\n|\n|t:|1701006060\n|switch|p1a: Pyroar|Pyroar, M|100\/100\n|-damage|p1a: Pyroar|76\/100|[from] Stealth Rock\n|turn|7\n|\n|t:|1701006071\n|-terastallize|p1a: Pyroar|Dark\n|move|p2a: \u2744\ufe0fCRYO BUNDLE\u2744\ufe0f|Blizzard|p1a: Pyroar\n|-damage|p1a: Pyroar|0 fnt\n|faint|p1a: Pyroar\n|\n|-weather|Snow|[upkeep]\n|upkeep\n|\n|t:|1701006081\n|switch|p1a: Infernape|Infernape, M|100\/100\n|-damage|p1a: Infernape|88\/100|[from] Stealth Rock\n|turn|8\n|\n|t:|1701006086\n|move|p2a: \u2744\ufe0fCRYO BUNDLE\u2744\ufe0f|Blizzard|p1a: Infernape\n|-resisted|p1a: Infernape\n|-damage|p1a: Infernape|13\/100\n|-enditem|p1a: Infernape|Aguav Berry|[eat]\n|-heal|p1a: Infernape|47\/100|[from] item: Aguav Berry\n|move|p1a: Infernape|Close Combat|p2a: \u2744\ufe0fCRYO BUNDLE\u2744\ufe0f\n|-supereffective|p2a: \u2744\ufe0fCRYO BUNDLE\u2744\ufe0f\n|-damage|p2a: \u2744\ufe0fCRYO BUNDLE\u2744\ufe0f|19\/100\n|-unboost|p1a: Infernape|def|1\n|-unboost|p1a: Infernape|spd|1\n|\n|-weather|none\n|upkeep\n|turn|9\n|\n|t:|1701006104\n|move|p2a: \u2744\ufe0fCRYO BUNDLE\u2744\ufe0f|Ice Beam|p1a: Infernape\n|-resisted|p1a: Infernape\n|-damage|p1a: Infernape|0 fnt\n|faint|p1a: Infernape\n|\n|upkeep\n|\n|t:|1701006110\n|switch|p1a: Salandit|Salandit, M|100\/100\n|-damage|p1a: Salandit|76\/100|[from] Stealth Rock\n|turn|10\n|\n|t:|1701006120\n|move|p2a: \u2744\ufe0fCRYO BUNDLE\u2744\ufe0f|Ice Beam|p1a: Salandit\n|-resisted|p1a: Salandit\n|-damage|p1a: Salandit|0 fnt\n|faint|p1a: Salandit\n|\n|upkeep\n|\n|t:|1701006126\n|switch|p1a: Incineroar|Incineroar, M|100\/100\n|-damage|p1a: Incineroar|76\/100|[from] Stealth Rock\n|-ability|p1a: Incineroar|Intimidate|boost\n|-unboost|p2a: \u2744\ufe0fCRYO BUNDLE\u2744\ufe0f|atk|1\n|turn|11\n|\n|t:|1701006136\n|move|p2a: \u2744\ufe0fCRYO BUNDLE\u2744\ufe0f|Ice Beam|p1a: Incineroar\n|-resisted|p1a: Incineroar\n|-damage|p1a: Incineroar|37\/100\n|move|p1a: Incineroar|Flamethrower|p2a: \u2744\ufe0fCRYO BUNDLE\u2744\ufe0f\n|-supereffective|p2a: \u2744\ufe0fCRYO BUNDLE\u2744\ufe0f\n|-damage|p2a: \u2744\ufe0fCRYO BUNDLE\u2744\ufe0f|0 fnt\n|faint|p2a: \u2744\ufe0fCRYO BUNDLE\u2744\ufe0f\n|-end|p2a: \u2744\ufe0fCRYO BUNDLE\u2744\ufe0f|Quark Drive|[silent]\n|\n|upkeep\n|\n|t:|1701006145\n|switch|p2a: \ud83e\uddca\u2744\ufe0fREGICE\u2744\ufe0f\ud83e\uddca|Regice, shiny|100\/100\n|turn|12\n|\n|t:|1701006149\n|move|p1a: Incineroar|Flamethrower|p2a: \ud83e\uddca\u2744\ufe0fREGICE\u2744\ufe0f\ud83e\uddca\n|-supereffective|p2a: \ud83e\uddca\u2744\ufe0fREGICE\u2744\ufe0f\ud83e\uddca\n|-crit|p2a: \ud83e\uddca\u2744\ufe0fREGICE\u2744\ufe0f\ud83e\uddca\n|-damage|p2a: \ud83e\uddca\u2744\ufe0fREGICE\u2744\ufe0f\ud83e\uddca|57\/100\n|move|p2a: \ud83e\uddca\u2744\ufe0fREGICE\u2744\ufe0f\ud83e\uddca|Hail|p2a: \ud83e\uddca\u2744\ufe0fREGICE\u2744\ufe0f\ud83e\uddca\n|-weather|Hail\n|\n|-weather|Hail|[upkeep]\n|-damage|p1a: Incineroar|31\/100|[from] Hail\n|-heal|p2a: \ud83e\uddca\u2744\ufe0fREGICE\u2744\ufe0f\ud83e\uddca|63\/100|[from] ability: Ice Body\n|upkeep\n|turn|13\n|\n|t:|1701006160\n|move|p1a: Incineroar|Cross Chop|p2a: \ud83e\uddca\u2744\ufe0fREGICE\u2744\ufe0f\ud83e\uddca\n|-supereffective|p2a: \ud83e\uddca\u2744\ufe0fREGICE\u2744\ufe0f\ud83e\uddca\n|-damage|p2a: \ud83e\uddca\u2744\ufe0fREGICE\u2744\ufe0f\ud83e\uddca|0 fnt\n|faint|p2a: \ud83e\uddca\u2744\ufe0fREGICE\u2744\ufe0f\ud83e\uddca\n|\n|-weather|Hail|[upkeep]\n|-damage|p1a: Incineroar|25\/100|[from] Hail\n|upkeep\n|\n|t:|1701006168\n|switch|p2a: \ud83e\uddca\u2744\ufe0f\u2744\ufe0fKYUREM\u2744\ufe0f\u2744\ufe0f\ud83e\uddca|Kyurem-Black|100\/100\n|-ability|p2a: \ud83e\uddca\u2744\ufe0f\u2744\ufe0fKYUREM\u2744\ufe0f\u2744\ufe0f\ud83e\uddca|Teravolt\n|turn|14\n|\n|t:|1701006177\n|move|p2a: \ud83e\uddca\u2744\ufe0f\u2744\ufe0fKYUREM\u2744\ufe0f\u2744\ufe0f\ud83e\uddca|Blizzard|p1a: Incineroar\n|-resisted|p1a: Incineroar\n|-damage|p1a: Incineroar|0 fnt\n|faint|p1a: Incineroar\n|\n|win|CRYO-M0DE\u2744\ufe0f\n|raw|Ronald01's rating: 1035 &rarr; <strong>1025<\/strong><br \/>(-10 for losing)\n|raw|CRYO-M0DE\u2744\ufe0f's rating: 1151 &rarr; <strong>1168<\/strong><br \/>(+17 for winning)\n","uploadtime":1701006204,"views":1,"p1id":"ronald01","p2id":"cryom0de","formatid":"gen9nationaldexubers","rating":1025,"private":0,"password":""}