{"id":"gen9nationaldexubers-1982439454","p1":"xinnobu","p2":"KurumiTokisakilove","format":"[Gen 9] National Dex Ubers","log":"|j|\u2606xinnobu\n|j|\u2606KurumiTokisakilove\n|t:|1699014803\n|gametype|singles\n|player|p1|xinnobu|elesa-gen5bw2|1704\n|player|p2|KurumiTokisakilove|sabrina-gen2|1887\n|teamsize|p1|6\n|teamsize|p2|6\n|gen|9\n|tier|[Gen 9] National Dex Ubers\n|rated|\n|rule|HP Percentage Mod: HP is shown in percentages\n|rule|Endless Battle Clause: Forcing endless battles is banned\n|rule|OHKO Clause: OHKO moves are banned\n|rule|Evasion Moves Clause: Evasion moves are banned\n|rule|Evasion Items Clause: Evasion items are banned\n|rule|Species Clause: Limit one of each Pok\u00e9mon\n|rule|Sleep Clause Mod: Limit one foe put to sleep\n|rule|Mega Rayquaza Clause: You cannot mega evolve Rayquaza\n|clearpoke\n|poke|p1|Groudon|\n|poke|p1|Deoxys-Attack|\n|poke|p1|Rayquaza|\n|poke|p1|Xerneas-*|\n|poke|p1|Arceus-Ground|\n|poke|p1|Zacian-*|\n|poke|p2|Ho-Oh|\n|poke|p2|Yveltal|\n|poke|p2|Ditto|\n|poke|p2|Magearna|\n|poke|p2|Necrozma-Dusk-Mane|\n|poke|p2|Arceus-Ground|\n|teampreview\n|inactive|Battle timer is ON: inactive players will automatically lose when time's up. (requested by KurumiTokisakilove)\n|\n|t:|1699014822\n|start\n|switch|p1a: Rayquaza|Rayquaza|100\/100\n|switch|p2a: Necrozma|Necrozma-Dusk-Mane|100\/100\n|-ability|p1a: Rayquaza|Air Lock\n|turn|1\n|\n|t:|1699014830\n|move|p1a: Rayquaza|Earthquake|p2a: Necrozma\n|-supereffective|p2a: Necrozma\n|-damage|p2a: Necrozma|31\/100\n|move|p2a: Necrozma|Stealth Rock|p1a: Rayquaza\n|-sidestart|p1: xinnobu|move: Stealth Rock\n|\n|upkeep\n|turn|2\n|\n|t:|1699014839\n|detailschange|p2a: Necrozma|Necrozma-Ultra\n|-burst|p2a: Necrozma|Necrozma|Ultranecrozium Z\n|move|p2a: Necrozma|Dragon Pulse|p1a: Rayquaza\n|-supereffective|p1a: Rayquaza\n|-damage|p1a: Rayquaza|0 fnt\n|faint|p1a: Rayquaza\n|\n|upkeep\n|\n|t:|1699014846\n|switch|p1a: Deoxys|Deoxys-Attack|100\/100\n|-damage|p1a: Deoxys|88\/100|[from] Stealth Rock\n|-ability|p1a: Deoxys|Pressure\n|turn|3\n|\n|t:|1699014853\n|move|p1a: Deoxys|Ice Beam|p2a: Necrozma\n|-supereffective|p2a: Necrozma\n|-damage|p2a: Necrozma|0 fnt\n|faint|p2a: Necrozma\n|\n|upkeep\n|\n|t:|1699014858\n|switch|p2a: Ditto|Ditto, shiny|100\/100\n|-transform|p2a: Ditto|p1a: Deoxys|[from] ability: Imposter\n|-ability|p2a: Ditto|Pressure\n|turn|4\n|\n|t:|1699014865\n|move|p2a: Ditto|Ice Beam|p1a: Deoxys\n|-damage|p1a: Deoxys|0 fnt\n|faint|p1a: Deoxys\n|\n|upkeep\n|\n|t:|1699014871\n|switch|p1a: Zacian|Zacian-Crowned|100\/100\n|-damage|p1a: Zacian|94\/100|[from] Stealth Rock\n|-ability|p1a: Zacian|Intrepid Sword|boost\n|-boost|p1a: Zacian|atk|1\n|turn|5\n|\n|t:|1699014877\n|switch|p2a: Ho-Oh|Ho-Oh|100\/100\n|move|p1a: Zacian|Behemoth Blade|p2a: Ho-Oh\n|-resisted|p2a: Ho-Oh\n|-damage|p2a: Ho-Oh|53\/100\n|\n|upkeep\n|turn|6\n|\n|t:|1699014885\n|switch|p2a: Ditto|Ditto, shiny|100\/100\n|-transform|p2a: Ditto|p1a: Zacian|[from] ability: Imposter\n|-ability|p2a: Ditto|Intrepid Sword|boost\n|-boost|p2a: Ditto|atk|1\n|move|p1a: Zacian|Wild Charge|p2a: Ditto\n|-damage|p2a: Ditto|45\/100\n|-damage|p1a: Zacian|82\/100|[from] Recoil\n|\n|upkeep\n|turn|7\n|\n|t:|1699014894\n|move|p2a: Ditto|Behemoth Blade|p1a: Zacian\n|-damage|p1a: Zacian|0 fnt\n|faint|p1a: Zacian\n|\n|upkeep\n|\n|t:|1699014899\n|switch|p1a: Groudon|Groudon|100\/100\n|-damage|p1a: Groudon|94\/100|[from] Stealth Rock\n|detailschange|p1a: Groudon|Groudon-Primal\n|-primal|p1a: Groudon|Red Orb\n|-weather|DesolateLand|[from] ability: Desolate Land|[of] p1a: Groudon\n|turn|8\n|\n|t:|1699014910\n|switch|p2a: Arceus|Arceus-Ground|100\/100\n|move|p1a: Groudon|Heat Crash|p2a: Arceus\n|-crit|p2a: Arceus\n|-damage|p2a: Arceus|20\/100\n|\n|-weather|DesolateLand|[upkeep]\n|upkeep\n|turn|9\n|\n|t:|1699014916\n|-weather|none\n|switch|p1a: Arceus|Arceus-Ground|100\/100\n|-damage|p1a: Arceus|94\/100|[from] Stealth Rock\n|move|p2a: Arceus|Judgment|p1a: Arceus\n|-damage|p1a: Arceus|59\/100\n|\n|upkeep\n|turn|10\n|\n|t:|1699014929\n|switch|p2a: Yveltal|Yveltal, shiny|100\/100\n|-ability|p2a: Yveltal|Dark Aura\n|move|p1a: Arceus|Judgment|p2a: Yveltal\n|-immune|p2a: Yveltal\n|\n|upkeep\n|turn|11\n|\n|t:|1699014936\n|move|p1a: Arceus|Ice Beam|p2a: Yveltal\n|-supereffective|p2a: Yveltal\n|-damage|p2a: Yveltal|54\/100\n|move|p2a: Yveltal|Toxic|p1a: Arceus|[miss]\n|-miss|p2a: Yveltal|p1a: Arceus\n|\n|upkeep\n|turn|12\n|c|\u2606KurumiTokisakilove|How much more luck will this guy get\n|\n|t:|1699014958\n|switch|p2a: Ho-Oh|Ho-Oh|87\/100\n|move|p1a: Arceus|Ice Beam|p2a: Ho-Oh\n|-damage|p2a: Ho-Oh|66\/100\n|\n|upkeep\n|turn|13\n|\n|t:|1699014967\n|move|p1a: Arceus|Taunt|p2a: Ho-Oh\n|-start|p2a: Ho-Oh|move: Taunt\n|cant|p2a: Ho-Oh|move: Taunt|Toxic\n|\n|upkeep\n|turn|14\n|\n|t:|1699014976\n|switch|p1a: Xerneas|Xerneas|100\/100\n|-damage|p1a: Xerneas|88\/100|[from] Stealth Rock\n|-ability|p1a: Xerneas|Fairy Aura\n|switch|p2a: Arceus|Arceus-Ground|20\/100\n|\n|upkeep\n|turn|15\n|\n|t:|1699014989\n|move|p2a: Arceus|Judgment|p1a: Xerneas\n|-damage|p1a: Xerneas|43\/100\n|move|p1a: Xerneas|Moonblast|p2a: Arceus\n|-damage|p2a: Arceus|0 fnt\n|faint|p2a: Arceus\n|\n|upkeep\n|\n|t:|1699014993\n|switch|p2a: Ditto|Ditto, shiny|45\/100\n|-transform|p2a: Ditto|p1a: Xerneas|[from] ability: Imposter\n|-ability|p2a: Ditto|Fairy Aura\n|turn|16\n|\n|t:|1699015000\n|move|p2a: Ditto|Moonblast|p1a: Xerneas\n|-damage|p1a: Xerneas|0 fnt\n|faint|p1a: Xerneas\n|\n|upkeep\n|\n|t:|1699015004\n|switch|p1a: Groudon|Groudon-Primal|94\/100\n|-damage|p1a: Groudon|82\/100|[from] Stealth Rock\n|-weather|DesolateLand|[from] ability: Desolate Land|[of] p1a: Groudon\n|turn|17\n|\n|t:|1699015016\n|switch|p2a: Magearna|Magearna|100\/100\n|move|p1a: Groudon|Heat Crash|p2a: Magearna\n|-supereffective|p2a: Magearna\n|-damage|p2a: Magearna|0 fnt\n|faint|p2a: Magearna\n|\n|-weather|DesolateLand|[upkeep]\n|upkeep\n|\n|t:|1699015024\n|switch|p2a: Ditto|Ditto, shiny|45\/100\n|-transform|p2a: Ditto|p1a: Groudon|[from] ability: Imposter\n|turn|18\n|\n|t:|1699015043\n|move|p2a: Ditto|Precipice Blades|p1a: Groudon|[miss]\n|-miss|p2a: Ditto|p1a: Groudon\n|move|p1a: Groudon|Precipice Blades|p2a: Ditto\n|-supereffective|p2a: Ditto\n|-damage|p2a: Ditto|0 fnt\n|faint|p2a: Ditto\n|\n|-weather|DesolateLand|[upkeep]\n|upkeep\n|c|\u2606xinnobu|Wow\n|c|\u2606KurumiTokisakilove|And the luckiest man award goes to...\n|\n|t:|1699015067\n|switch|p2a: Ho-Oh|Ho-Oh|99\/100\n|turn|19\n|\n|t:|1699015071\n|-terastallize|p2a: Ho-Oh|Ground\n|move|p2a: Ho-Oh|Earthquake|p1a: Groudon\n|-supereffective|p1a: Groudon\n|-damage|p1a: Groudon|0 fnt\n|faint|p1a: Groudon\n|-weather|none\n|\n|upkeep\n|\n|t:|1699015077\n|switch|p1a: Arceus|Arceus-Ground|59\/100\n|-damage|p1a: Arceus|53\/100|[from] Stealth Rock\n|turn|20\n|\n|t:|1699015083\n|move|p1a: Arceus|Ice Beam|p2a: Ho-Oh\n|-supereffective|p2a: Ho-Oh\n|-damage|p2a: Ho-Oh|60\/100\n|move|p2a: Ho-Oh|Earthquake|p1a: Arceus\n|-damage|p1a: Arceus|0 fnt\n|faint|p1a: Arceus\n|\n|win|KurumiTokisakilove\n|raw|xinnobu's rating: 1704 &rarr; <strong>1694<\/strong><br \/>(-10 for losing)\n|raw|KurumiTokisakilove's rating: 1887 &rarr; <strong>1897<\/strong><br \/>(+10 for winning)\n|l|\u2606xinnobu\n|l|\u2606KurumiTokisakilove\n","uploadtime":1699015099,"views":15,"p1id":"xinnobu","p2id":"kurumitokisakilove","formatid":"gen9nationaldexubers","rating":1694,"private":0,"password":""}