{"id":"gen9nationaldexubers-1980154824","p1":"Hari Ganesh D","p2":"Chaitanya15","format":"[Gen 9] National Dex Ubers","log":"|j|\u2606Hari Ganesh D\n|j|\u2606Chaitanya15\n|t:|1698762109\n|gametype|singles\n|player|p1|Hari Ganesh D|leon|1234\n|player|p2|Chaitanya15|102|1284\n|teamsize|p1|6\n|teamsize|p2|6\n|gen|9\n|tier|[Gen 9] National Dex Ubers\n|rated|\n|rule|HP Percentage Mod: HP is shown in percentages\n|rule|Endless Battle Clause: Forcing endless battles is banned\n|rule|OHKO Clause: OHKO moves are banned\n|rule|Evasion Moves Clause: Evasion moves are banned\n|rule|Evasion Items Clause: Evasion items are banned\n|rule|Species Clause: Limit one of each Pok\u00e9mon\n|rule|Sleep Clause Mod: Limit one foe put to sleep\n|rule|Mega Rayquaza Clause: You cannot mega evolve Rayquaza\n|clearpoke\n|poke|p1|Mewtwo|\n|poke|p1|Kyogre|\n|poke|p1|Regieleki|\n|poke|p1|Maushold-Four|\n|poke|p1|Houndstone, M|\n|poke|p1|Xerneas-*|\n|poke|p2|Pikachu, F|\n|poke|p2|Dragonite, M|\n|poke|p2|Gengar, F|\n|poke|p2|Sirfetch\u2019d, F|\n|poke|p2|Lucario, F|\n|poke|p2|Dracovish|\n|teampreview\n|inactive|Battle timer is ON: inactive players will automatically lose when time's up. (requested by Hari Ganesh D)\n|\n|t:|1698762124\n|start\n|switch|p1a: Xerneas|Xerneas|100\/100\n|switch|p2a: Gengar|Gengar, F|100\/100\n|-ability|p1a: Xerneas|Fairy Aura\n|turn|1\n|\n|t:|1698762132\n|-terastallize|p1a: Xerneas|Fairy\n|move|p2a: Gengar|Sludge Wave|p1a: Xerneas\n|-supereffective|p1a: Xerneas\n|-damage|p1a: Xerneas|0 fnt\n|faint|p1a: Xerneas\n|\n|upkeep\n|\n|t:|1698762142\n|switch|p1a: Regieleki|Regieleki|100\/100\n|turn|2\n|\n|t:|1698762147\n|move|p1a: Regieleki|Thunder Cage|p2a: Gengar\n|-damage|p2a: Gengar|36\/100\n|-activate|p2a: Gengar|move: Thunder Cage|[of] p1a: Regieleki\n|move|p2a: Gengar|Sludge Wave|p1a: Regieleki\n|-damage|p1a: Regieleki|0 fnt\n|faint|p1a: Regieleki\n|\n|-end|p2a: Gengar|Thunder Cage|[partiallytrapped]|[silent]\n|upkeep\n|\n|t:|1698762154\n|switch|p1a: Kyogre|Kyogre|100\/100\n|detailschange|p1a: Kyogre|Kyogre-Primal\n|-primal|p1a: Kyogre|Blue Orb\n|-weather|PrimordialSea|[from] ability: Primordial Sea|[of] p1a: Kyogre\n|turn|3\n|\n|t:|1698762167\n|move|p2a: Gengar|Sludge Wave|p1a: Kyogre\n|-damage|p1a: Kyogre|47\/100\n|move|p1a: Kyogre|Earthquake|p2a: Gengar\n|-supereffective|p2a: Gengar\n|-damage|p2a: Gengar|0 fnt\n|faint|p2a: Gengar\n|\n|-weather|PrimordialSea|[upkeep]\n|upkeep\n|\n|t:|1698762176\n|switch|p2a: Pikachu|Pikachu, F|100\/100\n|turn|4\n|\n|t:|1698762191\n|move|p2a: Pikachu|Volt Tackle|p1a: Kyogre\n|-supereffective|p1a: Kyogre\n|-damage|p1a: Kyogre|0 fnt\n|faint|p1a: Kyogre\n|-weather|none\n|-damage|p2a: Pikachu|76\/100|[from] Recoil\n|\n|upkeep\n|\n|t:|1698762196\n|switch|p1a: Mewtwo|Mewtwo|100\/100\n|-ability|p1a: Mewtwo|Pressure\n|turn|5\n|\n|t:|1698762201\n|detailschange|p1a: Mewtwo|Mewtwo-Mega-Y\n|-mega|p1a: Mewtwo|Mewtwo|Mewtwonite Y\n|move|p2a: Pikachu|Extreme Speed|p1a: Mewtwo\n|-damage|p1a: Mewtwo|57\/100\n|move|p1a: Mewtwo|Psystrike|p2a: Pikachu\n|-damage|p2a: Pikachu|0 fnt\n|faint|p2a: Pikachu\n|\n|upkeep\n|\n|t:|1698762211\n|switch|p2a: Sirfetch\u2019d|Sirfetch\u2019d, F|100\/100\n|turn|6\n|\n|t:|1698762215\n|move|p2a: Sirfetch\u2019d|First Impression|p1a: Mewtwo\n|-supereffective|p1a: Mewtwo\n|-damage|p1a: Mewtwo|0 fnt\n|faint|p1a: Mewtwo\n|\n|upkeep\n|\n|t:|1698762218\n|switch|p1a: Houndstone|Houndstone, M|100\/100\n|turn|7\n|\n|t:|1698762225\n|move|p1a: Houndstone|Last Respects|p2a: Sirfetch\u2019d\n|-damage|p2a: Sirfetch\u2019d|0 fnt\n|faint|p2a: Sirfetch\u2019d\n|\n|upkeep\n|\n|t:|1698762231\n|switch|p2a: Dracovish|Dracovish|100\/100\n|turn|8\n|\n|t:|1698762237\n|-terastallize|p2a: Dracovish|Water\n|move|p2a: Dracovish|Fishious Rend|p1a: Houndstone\n|-damage|p1a: Houndstone|0 fnt\n|faint|p1a: Houndstone\n|\n|upkeep\n|\n|t:|1698762243\n|switch|p1a: Maushold|Maushold-Four|100\/100\n|turn|9\n|\n|t:|1698762248\n|move|p2a: Dracovish|Fishious Rend|p1a: Maushold\n|-damage|p1a: Maushold|0 fnt\n|faint|p1a: Maushold\n|\n|win|Chaitanya15\n|raw|Hari Ganesh D's rating: 1234 &rarr; <strong>1213<\/strong><br \/>(-21 for losing)\n|raw|Chaitanya15's rating: 1284 &rarr; <strong>1305<\/strong><br \/>(+21 for winning)\n|l|\u2606Hari Ganesh D\n|c|\u2606Chaitanya15|Gg\n","uploadtime":1698762261,"views":6,"p1id":"hariganeshd","p2id":"chaitanya15","formatid":"gen9nationaldexubers","rating":1213,"private":0,"password":""}