{"id":"gen9nationaldexubers-1999639772","p1":"Le_Fiishe","p2":"Atomic1945","format":"[Gen 9] National Dex Ubers","log":"|j|\u2606Le_Fiishe\n|j|\u2606Atomic1945\n|t:|1701103628\n|gametype|singles\n|player|p1|Le_Fiishe|hilbert|1042\n|player|p2|Atomic1945|170|1000\n|teamsize|p1|6\n|teamsize|p2|6\n|gen|9\n|tier|[Gen 9] National Dex Ubers\n|rated|\n|rule|HP Percentage Mod: HP is shown in percentages\n|rule|Endless Battle Clause: Forcing endless battles is banned\n|rule|OHKO Clause: OHKO moves are banned\n|rule|Evasion Moves Clause: Evasion moves are banned\n|rule|Evasion Items Clause: Evasion items are banned\n|rule|Species Clause: Limit one of each Pok\u00e9mon\n|rule|Sleep Clause Mod: Limit one foe put to sleep\n|rule|Mega Rayquaza Clause: You cannot mega evolve Rayquaza\n|clearpoke\n|poke|p1|Cottonee, L1, F|\n|poke|p1|Magnemite, L1|\n|poke|p1|Aron, L1, M|\n|poke|p1|Pineco, L1, M|\n|poke|p1|Smeargle, L1, M|\n|poke|p1|Mimikyu, L1, F|\n|poke|p2|Copperajah, F|\n|poke|p2|Melmetal|\n|poke|p2|Tinkaton, F|\n|poke|p2|Heracross, M|\n|poke|p2|Buzzwole|\n|poke|p2|Ninjask, F|\n|teampreview\n|\n|t:|1701103643\n|start\n|switch|p1a: Pineco|Pineco, L1, M, shiny|100\/100\n|switch|p2a: Tinkaton|Tinkaton, F|100\/100\n|-ability|p2a: Tinkaton|Mold Breaker\n|turn|1\n|\n|t:|1701103657\n|move|p2a: Tinkaton|Swords Dance|p2a: Tinkaton\n|-boost|p2a: Tinkaton|atk|2\n|move|p1a: Pineco|Toxic Spikes|p2a: Tinkaton\n|-sidestart|p2: Atomic1945|move: Toxic Spikes\n|\n|upkeep\n|turn|2\n|c|\u2606Le_Fiishe|did you just swords dance against lvl 1s?\n|c|\u2606Le_Fiishe|why?\n|\n|t:|1701103676\n|move|p2a: Tinkaton|Gigaton Hammer|p1a: Pineco\n|-damage|p1a: Pineco|0 fnt\n|faint|p1a: Pineco\n|\n|upkeep\n|\n|t:|1701103698\n|switch|p1a: Cottonee|Cottonee, L1, F, shiny|100\/100\n|turn|3\n|\n|t:|1701103706\n|move|p1a: Cottonee|Leech Seed|p2a: Tinkaton\n|-start|p2a: Tinkaton|move: Leech Seed\n|move|p2a: Tinkaton|Ice Hammer|p1a: Cottonee\n|-supereffective|p1a: Cottonee\n|-enditem|p1a: Cottonee|Focus Sash\n|-damage|p1a: Cottonee|9\/100\n|-unboost|p2a: Tinkaton|spe|1\n|\n|-damage|p2a: Tinkaton|88\/100|[from] Leech Seed|[of] p1a: Cottonee\n|-heal|p1a: Cottonee|100\/100|[silent]\n|upkeep\n|turn|4\n|\n|t:|1701103719\n|move|p1a: Cottonee|Protect|p1a: Cottonee\n|-singleturn|p1a: Cottonee|Protect\n|move|p2a: Tinkaton|Gigaton Hammer|p1a: Cottonee\n|-activate|p1a: Cottonee|move: Protect\n|\n|-damage|p2a: Tinkaton|75\/100|[from] Leech Seed|[of] p1a: Cottonee\n|upkeep\n|turn|5\n|\n|t:|1701103727\n|move|p1a: Cottonee|Substitute|p1a: Cottonee\n|-start|p1a: Cottonee|Substitute\n|-damage|p1a: Cottonee|75\/100\n|move|p2a: Tinkaton|Ice Hammer|p1a: Cottonee\n|-supereffective|p1a: Cottonee\n|-end|p1a: Cottonee|Substitute\n|-unboost|p2a: Tinkaton|spe|1\n|\n|-damage|p2a: Tinkaton|63\/100|[from] Leech Seed|[of] p1a: Cottonee\n|-heal|p1a: Cottonee|100\/100|[silent]\n|upkeep\n|turn|6\n|\n|t:|1701103743\n|move|p1a: Cottonee|Substitute|p1a: Cottonee\n|-start|p1a: Cottonee|Substitute\n|-damage|p1a: Cottonee|75\/100\n|move|p2a: Tinkaton|Swords Dance|p2a: Tinkaton\n|-boost|p2a: Tinkaton|atk|2\n|\n|-damage|p2a: Tinkaton|50\/100|[from] Leech Seed|[of] p1a: Cottonee\n|-heal|p1a: Cottonee|100\/100|[silent]\n|upkeep\n|turn|7\n|\n|t:|1701103755\n|switch|p2a: Heracross|Heracross, M|100\/100\n|-status|p2a: Heracross|psn\n|move|p1a: Cottonee|Protect||[still]\n|-fail|p1a: Cottonee\n|\n|-damage|p2a: Heracross|88\/100 psn|[from] psn\n|upkeep\n|turn|8\n|\n|t:|1701103770\n|detailschange|p2a: Heracross|Heracross-Mega, M\n|-mega|p2a: Heracross|Heracross|Heracronite\n|move|p1a: Cottonee|Leech Seed|p2a: Heracross\n|-start|p2a: Heracross|move: Leech Seed\n|move|p2a: Heracross|Stone Edge|p1a: Cottonee\n|-end|p1a: Cottonee|Substitute\n|\n|-damage|p2a: Heracross|76\/100 psn|[from] Leech Seed|[of] p1a: Cottonee\n|-damage|p2a: Heracross|64\/100 psn|[from] psn\n|upkeep\n|turn|9\n|\n|t:|1701103790\n|switch|p2a: Buzzwole|Buzzwole|100\/100\n|-status|p2a: Buzzwole|psn\n|move|p1a: Cottonee|Substitute|p1a: Cottonee\n|-start|p1a: Cottonee|Substitute\n|-damage|p1a: Cottonee|75\/100\n|\n|-damage|p2a: Buzzwole|88\/100 psn|[from] psn\n|upkeep\n|turn|10\n|\n|t:|1701103811\n|switch|p2a: Melmetal|Melmetal|100\/100\n|move|p1a: Cottonee|Leech Seed|p2a: Melmetal\n|-start|p2a: Melmetal|move: Leech Seed\n|\n|-damage|p2a: Melmetal|88\/100|[from] Leech Seed|[of] p1a: Cottonee\n|-heal|p1a: Cottonee|100\/100|[silent]\n|upkeep\n|turn|11\n|\n|t:|1701103820\n|move|p1a: Cottonee|Protect|p1a: Cottonee\n|-singleturn|p1a: Cottonee|Protect\n|move|p2a: Melmetal|Double Iron Bash|p1a: Cottonee\n|-activate|p1a: Cottonee|move: Protect\n|\n|-damage|p2a: Melmetal|76\/100|[from] Leech Seed|[of] p1a: Cottonee\n|upkeep\n|turn|12\n|\n|t:|1701103833\n|move|p1a: Cottonee|Protect|p1a: Cottonee\n|-singleturn|p1a: Cottonee|Protect\n|move|p2a: Melmetal|Double Iron Bash|p1a: Cottonee\n|-activate|p1a: Cottonee|move: Protect\n|\n|-damage|p2a: Melmetal|63\/100|[from] Leech Seed|[of] p1a: Cottonee\n|upkeep\n|turn|13\n|\n|t:|1701103847\n|switch|p2a: Copperajah|Copperajah, F|100\/100\n|move|p1a: Cottonee|Substitute|p1a: Cottonee\n|-fail|p1a: Cottonee|move: Substitute\n|\n|upkeep\n|turn|14\n|\n|t:|1701103871\n|move|p1a: Cottonee|Leech Seed|p2a: Copperajah\n|-start|p2a: Copperajah|move: Leech Seed\n|move|p2a: Copperajah|Earthquake|p1a: Cottonee\n|-resisted|p1a: Cottonee\n|-end|p1a: Cottonee|Substitute\n|\n|-damage|p2a: Copperajah|88\/100|[from] Leech Seed|[of] p1a: Cottonee\n|upkeep\n|turn|15\n|\n|t:|1701103882\n|move|p1a: Cottonee|Substitute|p1a: Cottonee\n|-start|p1a: Cottonee|Substitute\n|-damage|p1a: Cottonee|75\/100\n|move|p2a: Copperajah|Heat Crash|p1a: Cottonee\n|-supereffective|p1a: Cottonee\n|-end|p1a: Cottonee|Substitute\n|\n|-damage|p2a: Copperajah|76\/100|[from] Leech Seed|[of] p1a: Cottonee\n|-heal|p1a: Cottonee|100\/100|[silent]\n|upkeep\n|turn|16\n|\n|t:|1701103891\n|move|p1a: Cottonee|Substitute|p1a: Cottonee\n|-start|p1a: Cottonee|Substitute\n|-damage|p1a: Cottonee|75\/100\n|move|p2a: Copperajah|Heat Crash|p1a: Cottonee\n|-supereffective|p1a: Cottonee\n|-end|p1a: Cottonee|Substitute\n|\n|-damage|p2a: Copperajah|63\/100|[from] Leech Seed|[of] p1a: Cottonee\n|-heal|p1a: Cottonee|100\/100|[silent]\n|upkeep\n|turn|17\n|\n|t:|1701103903\n|move|p1a: Cottonee|Substitute|p1a: Cottonee\n|-start|p1a: Cottonee|Substitute\n|-damage|p1a: Cottonee|75\/100\n|move|p2a: Copperajah|Heat Crash|p1a: Cottonee\n|-supereffective|p1a: Cottonee\n|-end|p1a: Cottonee|Substitute\n|\n|-damage|p2a: Copperajah|51\/100|[from] Leech Seed|[of] p1a: Cottonee\n|-heal|p1a: Cottonee|100\/100|[silent]\n|upkeep\n|turn|18\n|\n|t:|1701103917\n|switch|p2a: Ninjask|Ninjask, F|100\/100\n|move|p1a: Cottonee|Substitute|p1a: Cottonee\n|-start|p1a: Cottonee|Substitute\n|-damage|p1a: Cottonee|75\/100\n|\n|upkeep\n|turn|19\n|\n|t:|1701103929\n|move|p1a: Cottonee|Leech Seed|p2a: Ninjask\n|-start|p2a: Ninjask|move: Leech Seed\n|move|p2a: Ninjask|Leech Life|p1a: Cottonee\n|-damage|p1a: Cottonee|0 fnt\n|faint|p1a: Cottonee\n|\n|upkeep\n|\n|t:|1701103937\n|switch|p1a: Aron|Aron, L1, M, shiny|100\/100\n|turn|20\n|\n|t:|1701103945\n|switch|p2a: Melmetal|Melmetal|63\/100\n|move|p1a: Aron|Endeavor|p2a: Melmetal\n|-damage|p2a: Melmetal|3\/100\n|\n|upkeep\n|turn|21\n|\n|t:|1701103954\n|move|p1a: Aron|Protect|p1a: Aron\n|-singleturn|p1a: Aron|Protect\n|move|p2a: Melmetal|Double Iron Bash|p1a: Aron\n|-activate|p1a: Aron|move: Protect\n|\n|upkeep\n|turn|22\n|\n|t:|1701103962\n|move|p2a: Melmetal|Earthquake|p1a: Aron\n|-supereffective|p1a: Aron\n|-ability|p1a: Aron|Sturdy\n|-damage|p1a: Aron|9\/100\n|move|p1a: Aron|Roar|p2a: Melmetal\n|drag|p2a: Tinkaton|Tinkaton, F|50\/100\n|-ability|p2a: Tinkaton|Mold Breaker\n|\n|upkeep\n|turn|23\n|\n|t:|1701103978\n|move|p1a: Aron|Protect|p1a: Aron\n|-singleturn|p1a: Aron|Protect\n|move|p2a: Tinkaton|Ice Hammer|p1a: Aron\n|-activate|p1a: Aron|move: Protect\n|\n|upkeep\n|turn|24\n|\n|t:|1701103986\n|move|p2a: Tinkaton|Ice Hammer|p1a: Aron\n|-resisted|p1a: Aron\n|-damage|p1a: Aron|0 fnt\n|-unboost|p2a: Tinkaton|spe|1\n|faint|p1a: Aron\n|\n|upkeep\n|\n|t:|1701103993\n|switch|p1a: Mimikyu|Mimikyu, L1, F, shiny|100\/100\n|turn|25\n|\n|t:|1701103998\n|move|p2a: Tinkaton|Gigaton Hammer|p1a: Mimikyu\n|-supereffective|p1a: Mimikyu\n|-damage|p1a: Mimikyu|0 fnt\n|faint|p1a: Mimikyu\n|\n|upkeep\n|\n|t:|1701104002\n|switch|p1a: Smeargle|Smeargle, L1, M, shiny|100\/100\n|turn|26\n|\n|t:|1701104007\n|move|p2a: Tinkaton|Play Rough|p1a: Smeargle\n|-enditem|p1a: Smeargle|Focus Sash\n|-damage|p1a: Smeargle|9\/100\n|move|p1a: Smeargle|Trick Room|p1a: Smeargle\n|-fieldstart|move: Trick Room|[of] p1a: Smeargle\n|\n|upkeep\n|turn|27\n|\n|t:|1701104039\n|move|p1a: Smeargle|Spore|p2a: Tinkaton\n|-status|p2a: Tinkaton|slp|[from] move: Spore\n|cant|p2a: Tinkaton|slp\n|\n|upkeep\n|turn|28\n|\n|t:|1701104046\n|switch|p2a: Melmetal|Melmetal|3\/100\n|move|p1a: Smeargle|Endeavor|p2a: Melmetal\n|-damage|p2a: Melmetal|1\/100\n|\n|upkeep\n|turn|29\n|\n|t:|1701104064\n|-terastallize|p2a: Melmetal|Steel\n|move|p1a: Smeargle|Dragon Rage|p2a: Melmetal\n|-damage|p2a: Melmetal|0 fnt\n|faint|p2a: Melmetal\n|\n|upkeep\n|\n|t:|1701104076\n|switch|p2a: Copperajah|Copperajah, F|51\/100\n|turn|30\n|\n|t:|1701104083\n|move|p1a: Smeargle|Spore|p2a: Copperajah\n|-message|Sleep Clause Mod activated.\n|-hint|Sleep Clause Mod prevents players from putting more than one of their opponent's Pok\u00e9mon to sleep at a time\n|move|p2a: Copperajah|Play Rough|p1a: Smeargle\n|-damage|p1a: Smeargle|0 fnt\n|faint|p1a: Smeargle\n|\n|-fieldend|move: Trick Room\n|upkeep\n|c|\u2606Le_Fiishe|i forgot\n|c|\u2606Le_Fiishe|:skull:\n|c|\u2606Le_Fiishe|gg\n|\n|t:|1701104099\n|switch|p1a: Magnemite|Magnemite, L1, shiny|100\/100\n|turn|31\n|-message|Le_Fiishe forfeited.\n|\n|win|Atomic1945\n|raw|Le_Fiishe's rating: 1042 &rarr; <strong>1024<\/strong><br \/>(-18 for losing)\n|raw|Atomic1945's rating: 1000 &rarr; <strong>1045<\/strong><br \/>(+45 for winning)\n|l|\u2606Le_Fiishe\n","uploadtime":1701104110,"views":11,"p1id":"lefiishe","p2id":"atomic1945","formatid":"gen9nationaldexubers","rating":1024,"private":0,"password":""}