{"id":"gen9nationaldexubers-1981679213","p1":"Alvithesenior","p2":"Gtg g u2","format":"[Gen 9] National Dex Ubers","log":"|j|\u2606Alvithesenior\n|j|\u2606Gtg g u2\n|t:|1698932999\n|gametype|singles\n|player|p1|Alvithesenior|cynthia-gen4|1114\n|player|p2|Gtg g u2|red-masters|1108\n|teamsize|p1|6\n|teamsize|p2|6\n|gen|9\n|tier|[Gen 9] National Dex Ubers\n|rated|\n|rule|HP Percentage Mod: HP is shown in percentages\n|rule|Endless Battle Clause: Forcing endless battles is banned\n|rule|OHKO Clause: OHKO moves are banned\n|rule|Evasion Moves Clause: Evasion moves are banned\n|rule|Evasion Items Clause: Evasion items are banned\n|rule|Species Clause: Limit one of each Pok\u00e9mon\n|rule|Sleep Clause Mod: Limit one foe put to sleep\n|rule|Mega Rayquaza Clause: You cannot mega evolve Rayquaza\n|clearpoke\n|poke|p1|Excadrill, M|\n|poke|p1|Ribombee, F|\n|poke|p1|Corviknight, M|\n|poke|p1|Marshadow|\n|poke|p1|Rotom-Wash|\n|poke|p1|Breloom, M|\n|poke|p2|Pikachu, M|\n|poke|p2|Rillaboom, M|\n|poke|p2|Cramorant, M|\n|poke|p2|Grapploct, M|\n|poke|p2|Centiskorch, M|\n|poke|p2|Runerigus, F|\n|teampreview\n|\n|t:|1698933007\n|start\n|switch|p1a: Ribombee|Ribombee, F|100\/100\n|switch|p2a: Cramorant|Cramorant, M|100\/100\n|turn|1\n|\n|t:|1698933010\n|move|p1a: Ribombee|Sticky Web|p2a: Cramorant\n|-sidestart|p2: Gtg g u2|move: Sticky Web\n|move|p2a: Cramorant|Surf|p1a: Ribombee\n|-formechange|p2a: Cramorant|Cramorant-Gulping|\n|-crit|p1a: Ribombee\n|-damage|p1a: Ribombee|13\/100\n|\n|upkeep\n|turn|2\n|inactive|Battle timer is ON: inactive players will automatically lose when time's up. (requested by Gtg g u2)\n|\n|t:|1698933025\n|switch|p1a: Breloom|Breloom, M, shiny|100\/100\n|move|p2a: Cramorant|Defog|p1a: Breloom\n|-unboost|p1a: Breloom|evasion|1\n|-sideend|p2: Gtg g u2|Sticky Web|[from] move: Defog|[of] p2a: Cramorant\n|\n|upkeep\n|turn|3\n|\n|t:|1698933030\n|move|p2a: Cramorant|Hurricane|p1a: Breloom\n|-supereffective|p1a: Breloom\n|-damage|p1a: Breloom|0 fnt\n|faint|p1a: Breloom\n|\n|upkeep\n|\n|t:|1698933035\n|switch|p1a: Corviknight|Corviknight, M, shiny|100\/100\n|-ability|p1a: Corviknight|Pressure\n|turn|4\n|\n|t:|1698933041\n|move|p2a: Cramorant|Surf|p1a: Corviknight\n|-damage|p1a: Corviknight|65\/100\n|move|p1a: Corviknight|U-turn|p2a: Cramorant\n|-resisted|p2a: Cramorant\n|-damage|p2a: Cramorant|85\/100\n|-damage|p1a: Corviknight|40\/100|[from] ability: Gulp Missile|[of] p2a: Cramorant\n|-unboost|p1a: Corviknight|def|1\n|-formechange|p2a: Cramorant|Cramorant|\n|\n|t:|1698933048\n|switch|p1a: Excadrill|Excadrill, M|100\/100|[from] U-turn\n|-ability|p1a: Excadrill|Mold Breaker\n|\n|upkeep\n|turn|5\n|\n|t:|1698933050\n|move|p1a: Excadrill|Rock Slide|p2a: Cramorant\n|-supereffective|p2a: Cramorant\n|-damage|p2a: Cramorant|0 fnt\n|faint|p2a: Cramorant\n|\n|upkeep\n|\n|t:|1698933053\n|switch|p2a: Grapploct|Grapploct, M|100\/100\n|turn|6\n|\n|t:|1698933059\n|switch|p1a: Marshadow|Marshadow|100\/100\n|move|p2a: Grapploct|Octolock|p1a: Marshadow\n|-immune|p1a: Marshadow\n|\n|upkeep\n|turn|7\n|\n|t:|1698933069\n|switch|p2a: Centiskorch|Centiskorch, M|100\/100\n|move|p1a: Marshadow|Knock Off|p2a: Centiskorch\n|-damage|p2a: Centiskorch|58\/100\n|-enditem|p2a: Centiskorch|Heavy-Duty Boots|[from] move: Knock Off|[of] p1a: Marshadow\n|\n|upkeep\n|turn|8\n|\n|t:|1698933080\n|move|p1a: Marshadow|Spectral Thief|p2a: Centiskorch\n|-damage|p2a: Centiskorch|2\/100\n|move|p2a: Centiskorch|Fire Lash|p1a: Marshadow\n|-damage|p1a: Marshadow|51\/100\n|-unboost|p1a: Marshadow|def|1\n|\n|upkeep\n|turn|9\n|\n|t:|1698933088\n|move|p1a: Marshadow|Drain Punch|p2a: Centiskorch\n|-resisted|p2a: Centiskorch\n|-damage|p2a: Centiskorch|0 fnt\n|-heal|p1a: Marshadow|52\/100|[from] drain|[of] p2a: Centiskorch\n|faint|p2a: Centiskorch\n|\n|upkeep\n|\n|t:|1698933090\n|switch|p2a: Rillaboom|Rillaboom, M|100\/100\n|-fieldstart|move: Grassy Terrain|[from] ability: Grassy Surge|[of] p2a: Rillaboom\n|turn|10\n|\n|t:|1698933097\n|move|p1a: Marshadow|Drain Punch|p2a: Rillaboom\n|-damage|p2a: Rillaboom|57\/100\n|-heal|p1a: Marshadow|75\/100|[from] drain|[of] p2a: Rillaboom\n|move|p2a: Rillaboom|Knock Off|p1a: Marshadow\n|-damage|p1a: Marshadow|0 fnt\n|-enditem|p1a: Marshadow|Focus Sash|[from] move: Knock Off|[of] p2a: Rillaboom\n|faint|p1a: Marshadow\n|-damage|p2a: Rillaboom|47\/100|[from] item: Life Orb\n|\n|-heal|p2a: Rillaboom|53\/100|[from] Grassy Terrain\n|upkeep\n|\n|t:|1698933103\n|switch|p1a: Corviknight|Corviknight, M, shiny|40\/100\n|-ability|p1a: Corviknight|Pressure\n|turn|11\n|\n|t:|1698933108\n|move|p2a: Rillaboom|Drain Punch|p1a: Corviknight\n|-damage|p1a: Corviknight|20\/100\n|-heal|p2a: Rillaboom|65\/100|[from] drain|[of] p1a: Corviknight\n|-damage|p2a: Rillaboom|48\/100|[from] item: Rocky Helmet|[of] p1a: Corviknight\n|-damage|p2a: Rillaboom|38\/100|[from] item: Life Orb\n|move|p1a: Corviknight|Roost|p1a: Corviknight\n|-heal|p1a: Corviknight|70\/100\n|-singleturn|p1a: Corviknight|move: Roost\n|\n|-heal|p2a: Rillaboom|44\/100|[from] Grassy Terrain\n|-heal|p1a: Corviknight|77\/100|[from] Grassy Terrain\n|upkeep\n|turn|12\n|\n|t:|1698933111\n|switch|p2a: Pikachu|Pikachu, M|100\/100\n|move|p1a: Corviknight|Roost|p1a: Corviknight\n|-heal|p1a: Corviknight|100\/100\n|-singleturn|p1a: Corviknight|move: Roost\n|\n|upkeep\n|turn|13\n|\n|t:|1698933119\n|switch|p1a: Excadrill|Excadrill, M|100\/100\n|-ability|p1a: Excadrill|Mold Breaker\n|move|p2a: Pikachu|Thunderbolt|p1a: Excadrill\n|-immune|p1a: Excadrill\n|\n|upkeep\n|turn|14\n|\n|t:|1698933124\n|switch|p2a: Rillaboom|Rillaboom, M|44\/100\n|move|p1a: Excadrill|Earthquake|p2a: Rillaboom\n|-resisted|p2a: Rillaboom\n|-damage|p2a: Rillaboom|29\/100\n|\n|-heal|p2a: Rillaboom|35\/100|[from] Grassy Terrain\n|-fieldend|move: Grassy Terrain\n|upkeep\n|turn|15\n|\n|t:|1698933129\n|move|p1a: Excadrill|Earthquake|p2a: Rillaboom\n|-resisted|p2a: Rillaboom\n|-damage|p2a: Rillaboom|5\/100\n|move|p2a: Rillaboom|Drain Punch|p1a: Excadrill\n|-supereffective|p1a: Excadrill\n|-damage|p1a: Excadrill|1\/100\n|-heal|p2a: Rillaboom|58\/100|[from] drain|[of] p1a: Excadrill\n|-damage|p2a: Rillaboom|48\/100|[from] item: Life Orb\n|\n|upkeep\n|turn|16\n|\n|t:|1698933146\n|switch|p1a: Corviknight|Corviknight, M, shiny|100\/100\n|-ability|p1a: Corviknight|Pressure\n|move|p2a: Rillaboom|Knock Off|p1a: Corviknight\n|-damage|p1a: Corviknight|75\/100\n|-damage|p2a: Rillaboom|32\/100|[from] item: Rocky Helmet|[of] p1a: Corviknight\n|-enditem|p1a: Corviknight|Rocky Helmet|[from] move: Knock Off|[of] p2a: Rillaboom\n|-damage|p2a: Rillaboom|22\/100|[from] item: Life Orb\n|\n|upkeep\n|turn|17\n|\n|t:|1698933149\n|switch|p2a: Pikachu|Pikachu, M|100\/100\n|move|p1a: Corviknight|Roost|p1a: Corviknight\n|-heal|p1a: Corviknight|100\/100\n|-singleturn|p1a: Corviknight|move: Roost\n|\n|upkeep\n|turn|18\n|\n|t:|1698933152\n|move|p2a: Pikachu|Surf|p1a: Corviknight\n|-damage|p1a: Corviknight|77\/100\n|move|p1a: Corviknight|U-turn|p2a: Pikachu\n|-damage|p2a: Pikachu|46\/100\n|-status|p1a: Corviknight|par|[from] ability: Static|[of] p2a: Pikachu\n|\n|t:|1698933160\n|switch|p1a: Excadrill|Excadrill, M|1\/100|[from] U-turn\n|-ability|p1a: Excadrill|Mold Breaker\n|\n|upkeep\n|turn|19\n|\n|t:|1698933165\n|switch|p2a: Grapploct|Grapploct, M|100\/100\n|move|p1a: Excadrill|Iron Head|p2a: Grapploct\n|-damage|p2a: Grapploct|55\/100\n|\n|-heal|p2a: Grapploct|61\/100|[from] item: Leftovers\n|upkeep\n|turn|20\n|\n|t:|1698933171\n|move|p1a: Excadrill|Iron Head|p2a: Grapploct\n|-damage|p2a: Grapploct|15\/100\n|cant|p2a: Grapploct|flinch\n|\n|-heal|p2a: Grapploct|21\/100|[from] item: Leftovers\n|upkeep\n|turn|21\n|\n|t:|1698933175\n|move|p1a: Excadrill|Iron Head|p2a: Grapploct\n|-damage|p2a: Grapploct|0 fnt\n|faint|p2a: Grapploct\n|\n|upkeep\n|\n|t:|1698933176\n|switch|p2a: Rillaboom|Rillaboom, M|22\/100\n|-fieldstart|move: Grassy Terrain|[from] ability: Grassy Surge|[of] p2a: Rillaboom\n|turn|22\n|\n|t:|1698933178\n|move|p2a: Rillaboom|Grassy Glide|p1a: Excadrill\n|-damage|p1a: Excadrill|0 fnt\n|faint|p1a: Excadrill\n|-damage|p2a: Rillaboom|12\/100|[from] item: Life Orb\n|\n|-heal|p2a: Rillaboom|18\/100|[from] Grassy Terrain\n|upkeep\n|\n|t:|1698933187\n|switch|p1a: Corviknight|Corviknight, M, shiny|77\/100 par\n|-ability|p1a: Corviknight|Pressure\n|turn|23\n|\n|t:|1698933190\n|switch|p2a: Pikachu|Pikachu, M|46\/100\n|move|p1a: Corviknight|Brave Bird|p2a: Pikachu\n|-resisted|p2a: Pikachu\n|-damage|p2a: Pikachu|0 fnt\n|faint|p2a: Pikachu\n|-damage|p1a: Corviknight|70\/100 par|[from] Recoil\n|\n|upkeep\n|\n|t:|1698933192\n|switch|p2a: Runerigus|Runerigus, F, shiny|100\/100\n|turn|24\n|\n|t:|1698933204\n|move|p2a: Runerigus|Poltergeist||[still]\n|-fail|p2a: Runerigus\n|cant|p1a: Corviknight|par\n|\n|upkeep\n|turn|25\n|\n|t:|1698933208\n|move|p2a: Runerigus|Stone Edge|p1a: Corviknight\n|-damage|p1a: Corviknight|52\/100 par\n|move|p1a: Corviknight|Brave Bird|p2a: Runerigus\n|-damage|p2a: Runerigus|70\/100\n|-activate|p2a: Runerigus|ability: Wandering Spirit|Pressure|Wandering Spirit|[of] p1a: Corviknight\n|-ability|p2a: Runerigus|Pressure\n|-damage|p1a: Corviknight|43\/100 par|[from] Recoil\n|\n|-heal|p2a: Runerigus|76\/100|[from] Grassy Terrain\n|-heal|p2a: Runerigus|82\/100|[from] item: Leftovers\n|upkeep\n|turn|26\n|\n|t:|1698933213\n|move|p2a: Runerigus|Stone Edge|p1a: Corviknight\n|-damage|p1a: Corviknight|26\/100 par\n|move|p1a: Corviknight|U-turn|p2a: Runerigus\n|-resisted|p2a: Runerigus\n|-damage|p2a: Runerigus|77\/100\n|\n|t:|1698933219\n|switch|p1a: Rotom|Rotom-Wash, shiny|100\/100|[from] U-turn\n|\n|-heal|p2a: Runerigus|83\/100|[from] Grassy Terrain\n|-heal|p2a: Runerigus|89\/100|[from] item: Leftovers\n|-fieldend|move: Grassy Terrain\n|upkeep\n|turn|27\n|\n|t:|1698933222\n|-terastallize|p2a: Runerigus|Ghost\n|move|p1a: Rotom|Defog|p2a: Runerigus\n|-unboost|p2a: Runerigus|evasion|1\n|move|p2a: Runerigus|Poltergeist|p1a: Rotom\n|-activate|p1a: Rotom|move: Poltergeist|Leftovers\n|-damage|p1a: Rotom|34\/100\n|\n|-heal|p1a: Rotom|40\/100|[from] item: Leftovers\n|-heal|p2a: Runerigus|95\/100|[from] item: Leftovers\n|upkeep\n|turn|28\n|\n|t:|1698933234\n|move|p1a: Rotom|Volt Switch|p2a: Runerigus\n|-damage|p2a: Runerigus|68\/100\n|\n|t:|1698933238\n|switch|p1a: Ribombee|Ribombee, F|13\/100|[from] Volt Switch\n|move|p2a: Runerigus|Poltergeist|p1a: Ribombee\n|-activate|p1a: Ribombee|move: Poltergeist|Heavy-Duty Boots\n|-damage|p1a: Ribombee|0 fnt\n|faint|p1a: Ribombee\n|\n|-heal|p2a: Runerigus|75\/100|[from] item: Leftovers\n|upkeep\n|\n|t:|1698933242\n|switch|p1a: Corviknight|Corviknight, M, shiny|26\/100 par\n|-ability|p1a: Corviknight|Pressure\n|turn|29\n|\n|t:|1698933244\n|move|p2a: Runerigus|Stone Edge|p1a: Corviknight\n|-damage|p1a: Corviknight|8\/100 par\n|cant|p1a: Corviknight|par\n|\n|-heal|p2a: Runerigus|81\/100|[from] item: Leftovers\n|upkeep\n|turn|30\n|\n|t:|1698933247\n|move|p2a: Runerigus|Stone Edge|p1a: Corviknight\n|-damage|p1a: Corviknight|0 fnt\n|faint|p1a: Corviknight\n|\n|-heal|p2a: Runerigus|87\/100|[from] item: Leftovers\n|upkeep\n|\n|t:|1698933249\n|switch|p1a: Rotom|Rotom-Wash, shiny|40\/100\n|turn|31\n|\n|t:|1698933251\n|move|p1a: Rotom|Will-O-Wisp|p2a: Runerigus\n|-status|p2a: Runerigus|brn\n|move|p2a: Runerigus|Poltergeist|p1a: Rotom\n|-activate|p1a: Rotom|move: Poltergeist|Leftovers\n|-damage|p1a: Rotom|1\/100\n|\n|-heal|p1a: Rotom|7\/100|[from] item: Leftovers\n|-heal|p2a: Runerigus|93\/100 brn|[from] item: Leftovers\n|-damage|p2a: Runerigus|87\/100 brn|[from] brn\n|upkeep\n|turn|32\n|\n|t:|1698933255\n|move|p1a: Rotom|Hydro Pump|p2a: Runerigus\n|-crit|p2a: Runerigus\n|-damage|p2a: Runerigus|24\/100 brn\n|move|p2a: Runerigus|Poltergeist|p1a: Rotom\n|-activate|p1a: Rotom|move: Poltergeist|Leftovers\n|-damage|p1a: Rotom|0 fnt\n|faint|p1a: Rotom\n|\n|win|Gtg g u2\n|raw|Alvithesenior's rating: 1114 &rarr; <strong>1089<\/strong><br \/>(-25 for losing)\n|raw|Gtg g u2's rating: 1108 &rarr; <strong>1133<\/strong><br \/>(+25 for winning)\n|l|\u2606Alvithesenior\n","uploadtime":1698933258,"views":9,"p1id":"alvithesenior","p2id":"gtggu2","formatid":"gen9nationaldexubers","rating":1089,"private":0,"password":""}