{"id":"gen9nationaldexubers-1996706940","p1":"Z4d_Th3_0wl","p2":"85792195wwww","format":"[Gen 9] National Dex Ubers","log":"|j|\u2606Z4d_Th3_0wl\n|j|\u260685792195wwww\n|t:|1700712382\n|gametype|singles\n|player|p1|Z4d_Th3_0wl|cynthia-gen7|1453\n|player|p2|85792195wwww|mira|1764\n|teamsize|p1|6\n|teamsize|p2|6\n|gen|9\n|tier|[Gen 9] National Dex Ubers\n|rated|\n|rule|HP Percentage Mod: HP is shown in percentages\n|rule|Endless Battle Clause: Forcing endless battles is banned\n|rule|OHKO Clause: OHKO moves are banned\n|rule|Evasion Moves Clause: Evasion moves are banned\n|rule|Evasion Items Clause: Evasion items are banned\n|rule|Species Clause: Limit one of each Pok\u00e9mon\n|rule|Sleep Clause Mod: Limit one foe put to sleep\n|rule|Mega Rayquaza Clause: You cannot mega evolve Rayquaza\n|clearpoke\n|poke|p1|Taillow, L1, M|\n|poke|p1|Kyogre|\n|poke|p1|Togedemaru, L1, M|\n|poke|p1|Gengar, M|\n|poke|p1|Hippopotas, L1, M|\n|poke|p1|Marshadow|\n|poke|p2|Arceus|\n|poke|p2|Zacian-*|\n|poke|p2|Xerneas-*|\n|poke|p2|Kyurem-Black|\n|poke|p2|Groudon|\n|poke|p2|Deoxys-Speed|\n|teampreview\n|\n|t:|1700712391\n|start\n|switch|p1a: Taillow|Taillow, L1, M|100\/100\n|switch|p2a: Deoxys|Deoxys-Speed|100\/100\n|-ability|p2a: Deoxys|Pressure\n|turn|1\n|j| Evil T-tar\n|\n|t:|1700712401\n|move|p2a: Deoxys|Stealth Rock|p1a: Taillow\n|-sidestart|p1: Z4d_Th3_0wl|move: Stealth Rock\n|move|p1a: Taillow|Defog|p2a: Deoxys\n|-unboost|p2a: Deoxys|evasion|1\n|-sideend|p1: Z4d_Th3_0wl|Stealth Rock|[from] move: Defog|[of] p1a: Taillow\n|\n|upkeep\n|turn|2\n|\n|t:|1700712408\n|move|p2a: Deoxys|Stealth Rock|p1a: Taillow\n|-sidestart|p1: Z4d_Th3_0wl|move: Stealth Rock\n|move|p1a: Taillow|Endeavor|p2a: Deoxys\n|-damage|p2a: Deoxys|5\/100\n|-damage|p1a: Taillow|84\/100|[from] item: Rocky Helmet|[of] p2a: Deoxys\n|\n|upkeep\n|turn|3\n|\n|t:|1700712415\n|move|p2a: Deoxys|Taunt|p1a: Taillow\n|-start|p1a: Taillow|move: Taunt\n|cant|p1a: Taillow|move: Taunt|Defog\n|\n|upkeep\n|turn|4\n|\n|t:|1700712421\n|move|p2a: Deoxys|Thunder Wave|p1a: Taillow\n|-status|p1a: Taillow|par\n|move|p1a: Taillow|Endeavor|p2a: Deoxys\n|-damage|p2a: Deoxys|4\/100\n|-damage|p1a: Taillow|67\/100 par|[from] item: Rocky Helmet|[of] p2a: Deoxys\n|\n|upkeep\n|turn|5\n|\n|t:|1700712430\n|move|p2a: Deoxys|Thunder Wave|p1a: Taillow\n|-fail|p1a: Taillow|par\n|cant|p1a: Taillow|par\n|\n|-end|p1a: Taillow|move: Taunt\n|upkeep\n|turn|6\n|\n|t:|1700712438\n|move|p2a: Deoxys|Taunt|p1a: Taillow\n|-start|p1a: Taillow|move: Taunt\n|cant|p1a: Taillow|move: Taunt|Defog\n|\n|upkeep\n|turn|7\n|\n|t:|1700712444\n|cant|p1a: Taillow|par\n|move|p2a: Deoxys|Thunder Wave|p1a: Taillow\n|-fail|p1a: Taillow|par\n|\n|upkeep\n|turn|8\n|\n|t:|1700712450\n|move|p1a: Taillow|Quick Attack|p2a: Deoxys\n|-damage|p2a: Deoxys|4\/100\n|-damage|p1a: Taillow|50\/100 par|[from] item: Rocky Helmet|[of] p2a: Deoxys\n|move|p2a: Deoxys|Skill Swap|p1a: Taillow\n|-activate|p2a: Deoxys|move: Skill Swap|Scrappy|Pressure|[of] p1a: Taillow\n|-ability|p1a: Taillow|Pressure\n|\n|-end|p1a: Taillow|move: Taunt\n|upkeep\n|turn|9\n|\n|t:|1700712461\n|switch|p1a: Hippopotas|Hippopotas, L1, M|100\/100\n|-damage|p1a: Hippopotas|92\/100|[from] Stealth Rock\n|-weather|Sandstorm|[from] ability: Sand Stream|[of] p1a: Hippopotas\n|move|p2a: Deoxys|Taunt|p1a: Hippopotas\n|-start|p1a: Hippopotas|move: Taunt\n|\n|-weather|Sandstorm|[upkeep]\n|-damage|p2a: Deoxys|0 fnt|[from] Sandstorm\n|faint|p2a: Deoxys\n|upkeep\n|\n|t:|1700712480\n|switch|p2a: Kyurem|Kyurem-Black|100\/100\n|-ability|p2a: Kyurem|Teravolt\n|turn|10\n|\n|t:|1700712486\n|move|p2a: Kyurem|Dragon Dance|p2a: Kyurem\n|-boost|p2a: Kyurem|atk|1\n|-boost|p2a: Kyurem|spe|1\n|move|p1a: Hippopotas|Body Slam|p2a: Kyurem\n|-damage|p2a: Kyurem|99\/100\n|\n|-weather|Sandstorm|[upkeep]\n|-damage|p2a: Kyurem|94\/100|[from] Sandstorm\n|upkeep\n|turn|11\n|\n|t:|1700712496\n|move|p2a: Kyurem|Substitute|p2a: Kyurem\n|-start|p2a: Kyurem|Substitute\n|-damage|p2a: Kyurem|69\/100\n|move|p1a: Hippopotas|Body Slam|p2a: Kyurem\n|-activate|p2a: Kyurem|move: Substitute|[damage]\n|\n|-weather|Sandstorm|[upkeep]\n|-damage|p2a: Kyurem|63\/100|[from] Sandstorm\n|-end|p1a: Hippopotas|move: Taunt\n|upkeep\n|turn|12\n|\n|t:|1700712506\n|move|p2a: Kyurem|Icicle Spear|p1a: Hippopotas\n|-supereffective|p1a: Hippopotas\n|-damage|p1a: Hippopotas|0 fnt\n|faint|p1a: Hippopotas\n|-hitcount|p1: Hippopotas|1\n|\n|-weather|Sandstorm|[upkeep]\n|-damage|p2a: Kyurem|57\/100|[from] Sandstorm\n|upkeep\n|-message|Z4d_Th3_0wl forfeited.\n|\n|win|85792195wwww\n|raw|Z4d_Th3_0wl's rating: 1453 &rarr; <strong>1447<\/strong><br \/>(-6 for losing)\n|raw|85792195wwww's rating: 1764 &rarr; <strong>1770<\/strong><br \/>(+6 for winning)\n|l|\u2606Z4d_Th3_0wl\n|l| Evil T-tar\n","uploadtime":1700712528,"views":2,"p1id":"z4dth30wl","p2id":"85792195wwww","formatid":"gen9nationaldexubers","rating":1447,"private":0,"password":""}