{"id":"gen9nationaldexubers-1986463665","p1":"RinAS","p2":"magic mike gif","format":"[Gen 9] National Dex Ubers","log":"|j|\u2606RinAS\n|j|\u2606magic mike gif\n|t:|1699481671\n|gametype|singles\n|player|p1|RinAS|265|1176\n|player|p2|magic mike gif|kieran|1006\n|teamsize|p1|6\n|teamsize|p2|6\n|gen|9\n|tier|[Gen 9] National Dex Ubers\n|rated|\n|rule|HP Percentage Mod: HP is shown in percentages\n|rule|Endless Battle Clause: Forcing endless battles is banned\n|rule|OHKO Clause: OHKO moves are banned\n|rule|Evasion Moves Clause: Evasion moves are banned\n|rule|Evasion Items Clause: Evasion items are banned\n|rule|Species Clause: Limit one of each Pok\u00e9mon\n|rule|Sleep Clause Mod: Limit one foe put to sleep\n|rule|Mega Rayquaza Clause: You cannot mega evolve Rayquaza\n|clearpoke\n|poke|p1|Hatterene, F|\n|poke|p1|Porygon2|\n|poke|p1|Cresselia, F|\n|poke|p1|Arceus|\n|poke|p1|Melmetal|\n|poke|p1|Ursaluna-Bloodmoon, M|\n|poke|p2|Ivysaur, F|\n|poke|p2|Okidogi, M|\n|poke|p2|Regirock|\n|poke|p2|Mewtwo|\n|poke|p2|Tranquill, F|\n|poke|p2|Bisharp, F|\n|teampreview\n|inactive|Battle timer is ON: inactive players will automatically lose when time's up. (requested by magic mike gif)\n|j| StupidusRex\n|\n|t:|1699481685\n|start\n|switch|p1a: \u9b54\u5973|Hatterene, F|100\/100\n|switch|p2a: Okidogi|Okidogi, M|100\/100\n|turn|1\n|\n|t:|1699481692\n|move|p2a: Okidogi|Bulk Up|p2a: Okidogi\n|-boost|p2a: Okidogi|atk|1\n|-boost|p2a: Okidogi|def|1\n|move|p1a: \u9b54\u5973|Trick Room|p1a: \u9b54\u5973\n|-fieldstart|move: Trick Room|[of] p1a: \u9b54\u5973\n|\n|upkeep\n|turn|2\n|\n|t:|1699481701\n|move|p1a: \u9b54\u5973|Healing Wish|p1a: \u9b54\u5973\n|faint|p1a: \u9b54\u5973\n|move|p2a: Okidogi|Bulk Up|p2a: Okidogi\n|-boost|p2a: Okidogi|atk|1\n|-boost|p2a: Okidogi|def|1\n|\n|upkeep\n|\n|t:|1699481707\n|switch|p1a: \u8d6b\u6708\u670b\u718a|Ursaluna-Bloodmoon, M|100\/100\n|turn|3\n|\n|t:|1699481716\n|-terastallize|p1a: \u8d6b\u6708\u670b\u718a|Normal\n|move|p1a: \u8d6b\u6708\u670b\u718a|Blood Moon|p2a: Okidogi\n|-damage|p2a: Okidogi|0 fnt\n|faint|p2a: Okidogi\n|-damage|p1a: \u8d6b\u6708\u670b\u718a|90\/100|[from] item: Life Orb\n|\n|upkeep\n|\n|t:|1699481723\n|switch|p2a: shut up pika|Ivysaur, F|100\/100\n|turn|4\n|\n|t:|1699481730\n|move|p1a: \u8d6b\u6708\u670b\u718a|Hyper Voice|p2a: shut up pika\n|-damage|p2a: shut up pika|51\/100\n|-damage|p1a: \u8d6b\u6708\u670b\u718a|80\/100|[from] item: Life Orb\n|move|p2a: shut up pika|Leech Seed|p1a: \u8d6b\u6708\u670b\u718a\n|-start|p1a: \u8d6b\u6708\u670b\u718a|move: Leech Seed\n|\n|-damage|p1a: \u8d6b\u6708\u670b\u718a|68\/100|[from] Leech Seed|[of] p2a: shut up pika\n|-heal|p2a: shut up pika|67\/100|[silent]\n|upkeep\n|turn|5\n|\n|t:|1699481739\n|move|p2a: shut up pika|Protect|p2a: shut up pika\n|-singleturn|p2a: shut up pika|Protect\n|move|p1a: \u8d6b\u6708\u670b\u718a|Blood Moon|p2a: shut up pika\n|-activate|p2a: shut up pika|move: Protect\n|\n|-damage|p1a: \u8d6b\u6708\u670b\u718a|56\/100|[from] Leech Seed|[of] p2a: shut up pika\n|-heal|p2a: shut up pika|84\/100|[silent]\n|-fieldend|move: Trick Room\n|upkeep\n|turn|6\n|\n|t:|1699481756\n|switch|p1a: \u738b\u7f8e\u6ce2\u4e8c\u53f7|Porygon2|100\/100\n|-ability|p1a: \u738b\u7f8e\u6ce2\u4e8c\u53f7|Overgrow|[from] ability: Trace|[of] p2a: shut up pika\n|move|p2a: shut up pika|Toxic|p1a: \u738b\u7f8e\u6ce2\u4e8c\u53f7\n|-status|p1a: \u738b\u7f8e\u6ce2\u4e8c\u53f7|tox\n|\n|-damage|p1a: \u738b\u7f8e\u6ce2\u4e8c\u53f7|94\/100 tox|[from] psn\n|upkeep\n|turn|7\n|\n|t:|1699481767\n|move|p2a: shut up pika|Leech Seed|p1a: \u738b\u7f8e\u6ce2\u4e8c\u53f7\n|-start|p1a: \u738b\u7f8e\u6ce2\u4e8c\u53f7|move: Leech Seed\n|move|p1a: \u738b\u7f8e\u6ce2\u4e8c\u53f7|Trick Room|p1a: \u738b\u7f8e\u6ce2\u4e8c\u53f7\n|-fieldstart|move: Trick Room|[of] p1a: \u738b\u7f8e\u6ce2\u4e8c\u53f7\n|\n|-damage|p1a: \u738b\u7f8e\u6ce2\u4e8c\u53f7|82\/100 tox|[from] Leech Seed|[of] p2a: shut up pika\n|-heal|p2a: shut up pika|98\/100|[silent]\n|-damage|p1a: \u738b\u7f8e\u6ce2\u4e8c\u53f7|70\/100 tox|[from] psn\n|upkeep\n|turn|8\n|\n|t:|1699481775\n|move|p2a: shut up pika|Giga Drain|p1a: \u738b\u7f8e\u6ce2\u4e8c\u53f7\n|-damage|p1a: \u738b\u7f8e\u6ce2\u4e8c\u53f7|58\/100 tox\n|-heal|p2a: shut up pika|100\/100|[from] drain|[of] p1a: \u738b\u7f8e\u6ce2\u4e8c\u53f7\n|move|p1a: \u738b\u7f8e\u6ce2\u4e8c\u53f7|Teleport|p1a: \u738b\u7f8e\u6ce2\u4e8c\u53f7\n|\n|t:|1699481781\n|switch|p1a: \u5854\u7237|Melmetal|100\/100|[from] Teleport\n|\n|upkeep\n|turn|9\n|\n|t:|1699481787\n|move|p2a: shut up pika|Protect|p2a: shut up pika\n|-singleturn|p2a: shut up pika|Protect\n|move|p1a: \u5854\u7237|Double Iron Bash|p2a: shut up pika\n|-activate|p2a: shut up pika|move: Protect\n|\n|upkeep\n|turn|10\n|\n|t:|1699481793\n|move|p2a: shut up pika|Protect||[still]\n|-fail|p2a: shut up pika\n|move|p1a: \u5854\u7237|Double Iron Bash|p2a: shut up pika\n|-damage|p2a: shut up pika|34\/100\n|-damage|p2a: shut up pika|0 fnt\n|faint|p2a: shut up pika\n|-hitcount|p2: shut up pika|2\n|\n|upkeep\n|\n|t:|1699481795\n|switch|p2a: Bisharp|Bisharp, F, shiny|100\/100\n|-ability|p2a: Bisharp|Pressure\n|turn|11\n|\n|t:|1699481806\n|switch|p1a: \u738b\u7f8e\u6ce2\u4e8c\u53f7|Porygon2|58\/100 tox\n|-heal|p1a: \u738b\u7f8e\u6ce2\u4e8c\u53f7|100\/100|[from] move: Healing Wish\n|-ability|p1a: \u738b\u7f8e\u6ce2\u4e8c\u53f7|Pressure\n|-ability|p1a: \u738b\u7f8e\u6ce2\u4e8c\u53f7|Pressure|[from] ability: Trace|[of] p2a: Bisharp\n|move|p2a: Bisharp|Spite||[still]\n|-fail|p2a: Bisharp\n|\n|-fieldend|move: Trick Room\n|upkeep\n|turn|12\n|\n|t:|1699481818\n|move|p2a: Bisharp|Iron Defense|p2a: Bisharp\n|-boost|p2a: Bisharp|def|2\n|move|p1a: \u738b\u7f8e\u6ce2\u4e8c\u53f7|Trick Room|p1a: \u738b\u7f8e\u6ce2\u4e8c\u53f7\n|-fieldstart|move: Trick Room|[of] p1a: \u738b\u7f8e\u6ce2\u4e8c\u53f7\n|\n|upkeep\n|turn|13\n|\n|t:|1699481823\n|move|p2a: Bisharp|Spite|p1a: \u738b\u7f8e\u6ce2\u4e8c\u53f7\n|-activate|p1a: \u738b\u7f8e\u6ce2\u4e8c\u53f7|move: Spite|Trick Room|4\n|move|p1a: \u738b\u7f8e\u6ce2\u4e8c\u53f7|Teleport|p1a: \u738b\u7f8e\u6ce2\u4e8c\u53f7\n|\n|t:|1699481829\n|switch|p1a: \u8d6b\u6708\u670b\u718a|Ursaluna-Bloodmoon, M, tera:Normal|56\/100|[from] Teleport\n|\n|upkeep\n|turn|14\n|\n|t:|1699481834\n|switch|p2a: chansey?|Tranquill, F, shiny|100\/100\n|move|p1a: \u8d6b\u6708\u670b\u718a|Earth Power|p2a: chansey?\n|-immune|p2a: chansey?\n|\n|upkeep\n|turn|15\n|\n|t:|1699481846\n|move|p1a: \u8d6b\u6708\u670b\u718a|Blood Moon|p2a: chansey?\n|-damage|p2a: chansey?|0 fnt\n|faint|p2a: chansey?\n|-damage|p1a: \u8d6b\u6708\u670b\u718a|46\/100|[from] item: Life Orb\n|\n|upkeep\n|\n|t:|1699481849\n|switch|p2a: Mewtwo|Mewtwo|100\/100\n|-ability|p2a: Mewtwo|Pressure\n|turn|16\n|\n|t:|1699481856\n|detailschange|p2a: Mewtwo|Mewtwo-Mega-X\n|-mega|p2a: Mewtwo|Mewtwo|Mewtwonite X\n|move|p1a: \u8d6b\u6708\u670b\u718a|Hyper Voice|p2a: Mewtwo\n|-damage|p2a: Mewtwo|28\/100\n|-damage|p1a: \u8d6b\u6708\u670b\u718a|36\/100|[from] item: Life Orb\n|move|p2a: Mewtwo|Zen Headbutt|p1a: \u8d6b\u6708\u670b\u718a\n|-damage|p1a: \u8d6b\u6708\u670b\u718a|0 fnt\n|faint|p1a: \u8d6b\u6708\u670b\u718a\n|\n|-fieldend|move: Trick Room\n|upkeep\n|\n|t:|1699481870\n|switch|p1a: \u5947\u5f62\u602a\u72b6\u5927\u8001\u5a46|Cresselia, F|100\/100\n|turn|17\n|\n|t:|1699481878\n|move|p2a: Mewtwo|Recover|p2a: Mewtwo\n|-heal|p2a: Mewtwo|79\/100\n|move|p1a: \u5947\u5f62\u602a\u72b6\u5927\u8001\u5a46|Trick Room|p1a: \u5947\u5f62\u602a\u72b6\u5927\u8001\u5a46\n|-fieldstart|move: Trick Room|[of] p1a: \u5947\u5f62\u602a\u72b6\u5927\u8001\u5a46\n|\n|upkeep\n|turn|18\n|\n|t:|1699481888\n|switch|p2a: Bisharp|Bisharp, F, shiny|100\/100\n|-ability|p2a: Bisharp|Pressure\n|move|p1a: \u5947\u5f62\u602a\u72b6\u5927\u8001\u5a46|Lunar Dance|p1a: \u5947\u5f62\u602a\u72b6\u5927\u8001\u5a46\n|faint|p1a: \u5947\u5f62\u602a\u72b6\u5927\u8001\u5a46\n|\n|upkeep\n|\n|t:|1699481895\n|switch|p1a: \u5854\u7237|Melmetal|100\/100\n|-heal|p1a: \u5854\u7237|100\/100|[from] move: Lunar Dance\n|turn|19\n|\n|t:|1699481901\n|move|p1a: \u5854\u7237|Double Iron Bash|p2a: Bisharp\n|-resisted|p2a: Bisharp\n|-damage|p2a: Bisharp|76\/100\n|-resisted|p2a: Bisharp\n|-damage|p2a: Bisharp|53\/100\n|-hitcount|p2a: Bisharp|2\n|cant|p2a: Bisharp|flinch\n|\n|upkeep\n|turn|20\n|\n|t:|1699481911\n|move|p1a: \u5854\u7237|Double Iron Bash|p2a: Bisharp\n|-resisted|p2a: Bisharp\n|-damage|p2a: Bisharp|30\/100\n|-resisted|p2a: Bisharp\n|-damage|p2a: Bisharp|8\/100\n|-hitcount|p2a: Bisharp|2\n|move|p2a: Bisharp|Spite|p1a: \u5854\u7237\n|-activate|p1a: \u5854\u7237|move: Spite|Double Iron Bash|4\n|\n|upkeep\n|turn|21\n|\n|t:|1699481922\n|-activate|p1a: \u5854\u7237|move: Struggle\n|move|p1a: \u5854\u7237|Struggle|p2a: Bisharp\n|-damage|p2a: Bisharp|0 fnt\n|faint|p2a: Bisharp\n|-damage|p1a: \u5854\u7237|75\/100|[from] recoil\n|\n|-fieldend|move: Trick Room\n|upkeep\n|\n|t:|1699481927\n|switch|p2a: Mewtwo|Mewtwo-Mega-X|79\/100\n|turn|22\n|\n|t:|1699481934\n|-singleturn|p2a: Mewtwo|move: Focus Punch\n|-activate|p1a: \u5854\u7237|move: Struggle\n|move|p1a: \u5854\u7237|Struggle|p2a: Mewtwo\n|-damage|p2a: Mewtwo|53\/100\n|-damage|p1a: \u5854\u7237|50\/100|[from] recoil\n|cant|p2a: Mewtwo|Focus Punch|Focus Punch\n|\n|upkeep\n|turn|23\n|\n|t:|1699481945\n|switch|p1a: \u738b\u7f8e\u6ce2\u4e8c\u53f7|Porygon2|100\/100\n|-ability|p1a: \u738b\u7f8e\u6ce2\u4e8c\u53f7|Steadfast|[from] ability: Trace|[of] p2a: Mewtwo\n|move|p2a: Mewtwo|Recover|p2a: Mewtwo\n|-heal|p2a: Mewtwo|100\/100\n|\n|upkeep\n|turn|24\n|\n|t:|1699481954\n|-singleturn|p2a: Mewtwo|move: Focus Punch\n|move|p2a: Mewtwo|Focus Punch|p1a: \u738b\u7f8e\u6ce2\u4e8c\u53f7\n|-supereffective|p1a: \u738b\u7f8e\u6ce2\u4e8c\u53f7\n|-damage|p1a: \u738b\u7f8e\u6ce2\u4e8c\u53f7|0 fnt\n|faint|p1a: \u738b\u7f8e\u6ce2\u4e8c\u53f7\n|\n|upkeep\n|\n|t:|1699481961\n|switch|p1a: \u5251\u821e\u795e\u901f\uff0c\u548c\u853c\uff01|Arceus|100\/100\n|turn|25\n|\n|t:|1699481966\n|move|p1a: \u5251\u821e\u795e\u901f\uff0c\u548c\u853c\uff01|Extreme Speed|p2a: Mewtwo\n|-damage|p2a: Mewtwo|73\/100\n|move|p2a: Mewtwo|Zen Headbutt|p1a: \u5251\u821e\u795e\u901f\uff0c\u548c\u853c\uff01\n|-damage|p1a: \u5251\u821e\u795e\u901f\uff0c\u548c\u853c\uff01|69\/100\n|\n|upkeep\n|turn|26\n|\n|t:|1699481973\n|-singleturn|p2a: Mewtwo|move: Focus Punch\n|move|p2a: Mewtwo|Focus Punch|p1a: \u5251\u821e\u795e\u901f\uff0c\u548c\u853c\uff01\n|-supereffective|p1a: \u5251\u821e\u795e\u901f\uff0c\u548c\u853c\uff01\n|-damage|p1a: \u5251\u821e\u795e\u901f\uff0c\u548c\u853c\uff01|0 fnt\n|faint|p1a: \u5251\u821e\u795e\u901f\uff0c\u548c\u853c\uff01\n|\n|upkeep\n|\n|t:|1699481980\n|switch|p1a: \u5854\u7237|Melmetal|50\/100\n|turn|27\n|\n|t:|1699481992\n|move|p2a: Mewtwo|Recover|p2a: Mewtwo\n|-heal|p2a: Mewtwo|100\/100\n|move|p1a: \u5854\u7237|Earthquake|p2a: Mewtwo\n|-damage|p2a: Mewtwo|49\/100\n|\n|upkeep\n|turn|28\n|\n|t:|1699481999\n|move|p2a: Mewtwo|Recover|p2a: Mewtwo\n|-heal|p2a: Mewtwo|99\/100\n|move|p1a: \u5854\u7237|Earthquake|p2a: Mewtwo\n|-damage|p2a: Mewtwo|52\/100\n|\n|upkeep\n|turn|29\n|\n|t:|1699482005\n|move|p2a: Mewtwo|Zen Headbutt|p1a: \u5854\u7237\n|-resisted|p1a: \u5854\u7237\n|-damage|p1a: \u5854\u7237|32\/100\n|move|p1a: \u5854\u7237|Earthquake|p2a: Mewtwo\n|-damage|p2a: Mewtwo|0 fnt\n|faint|p2a: Mewtwo\n|\n|upkeep\n|\n|t:|1699482007\n|switch|p2a: mike tyson|Regirock, shiny|100\/100\n|turn|30\n|\n|t:|1699482015\n|-terastallize|p2a: mike tyson|Fighting\n|move|p2a: mike tyson|Earthquake|p1a: \u5854\u7237\n|-supereffective|p1a: \u5854\u7237\n|-damage|p1a: \u5854\u7237|0 fnt\n|faint|p1a: \u5854\u7237\n|\n|win|magic mike gif\n|raw|RinAS's rating: 1176 &rarr; <strong>1140<\/strong><br \/>(-36 for losing)\n|raw|magic mike gif's rating: 1006 &rarr; <strong>1063<\/strong><br \/>(+57 for winning)\n","uploadtime":1699482021,"views":6,"p1id":"rinas","p2id":"magicmikegif","formatid":"gen9nationaldexubers","rating":1063,"private":0,"password":""}