{"id":"gen9nationaldexubers-1982526998","p1":"Moonz_e","p2":"Malice Incarnate","format":"[Gen 9] National Dex Ubers","log":"|j|\u2606Moonz_e\n|j|\u2606Malice Incarnate\n|t:|1699022902\n|gametype|singles\n|player|p1|Moonz_e|courtney|\n|player|p2|Malice Incarnate|palmer|\n|teamsize|p1|6\n|teamsize|p2|6\n|gen|9\n|tier|[Gen 9] National Dex Ubers\n|rule|HP Percentage Mod: HP is shown in percentages\n|rule|Endless Battle Clause: Forcing endless battles is banned\n|rule|OHKO Clause: OHKO moves are banned\n|rule|Evasion Moves Clause: Evasion moves are banned\n|rule|Evasion Items Clause: Evasion items are banned\n|rule|Species Clause: Limit one of each Pok\u00e9mon\n|rule|Sleep Clause Mod: Limit one foe put to sleep\n|rule|Mega Rayquaza Clause: You cannot mega evolve Rayquaza\n|clearpoke\n|poke|p1|Ninetales-Alola, F|\n|poke|p1|Baxcalibur, M|\n|poke|p1|Ursaluna-Bloodmoon, M|\n|poke|p1|Diancie|\n|poke|p1|Landorus-Therian, M|\n|poke|p1|Rotom-Wash|\n|poke|p2|Ogerpon-Hearthflame, F|\n|poke|p2|Volcanion|\n|poke|p2|Arcanine-Hisui, M|\n|poke|p2|Cinderace, M|\n|poke|p2|Heatran, F|\n|poke|p2|Charizard, M|\n|teampreview\n|inactive|Battle timer is ON: inactive players will automatically lose when time's up. (requested by Malice Incarnate)\n|c|\u2606Moonz_e|Glhf\n|c|\u2606Moonz_e|Poison bear\n|c|\u2606Malice Incarnate|u2\n|j| A_Gamer8414\n|c|\u2606Malice Incarnate|that bear is cancer\n|j| Standardbandard23\n|c|\u2606Moonz_e|So is your entire team so\n|c|\u2606Malice Incarnate|idk how it hasnt been banned in ou\n|c|\u2606Malice Incarnate|i know\n|inactive|Moonz_e has 270 seconds left.\n|\n|t:|1699022934\n|start\n|switch|p1a: Landorus|Landorus-Therian, M|100\/100\n|switch|p2a: Arcanine|Arcanine-Hisui, M|100\/100\n|-ability|p1a: Landorus|Intimidate|boost\n|-unboost|p2a: Arcanine|atk|1\n|turn|1\n|c|\u2606Malice Incarnate|but none of my pokemon are broke\n|c| Standardbandard23|I hope the team with a cool weather wins\n|j| Astro Rifk\n|\n|t:|1699022951\n|switch|p2a: Heatran|Heatran, F|100\/100\n|-item|p2a: Heatran|Air Balloon\n|move|p1a: Landorus|Stealth Rock|p2a: Heatran\n|-sidestart|p2: Malice Incarnate|move: Stealth Rock\n|\n|upkeep\n|turn|2\n|\n|t:|1699022958\n|move|p2a: Heatran|Magma Storm|p1a: Landorus\n|-damage|p1a: Landorus|66\/100\n|-activate|p1a: Landorus|move: Magma Storm|[of] p2a: Heatran\n|move|p1a: Landorus|U-turn|p2a: Heatran\n|-resisted|p2a: Heatran\n|-damage|p2a: Heatran|96\/100\n|-enditem|p2a: Heatran|Air Balloon\n|c|\u2606Malice Incarnate|har de har har\n|\n|t:|1699022965\n|switch|p1a: Rotom|Rotom-Wash|100\/100|[from] U-turn\n|\n|upkeep\n|turn|3\n|\n|t:|1699022973\n|switch|p2a: Volcanion|Volcanion|100\/100\n|-damage|p2a: Volcanion|76\/100|[from] Stealth Rock\n|move|p1a: Rotom|Volt Switch|p2a: Volcanion\n|-supereffective|p2a: Volcanion\n|-damage|p2a: Volcanion|8\/100\n|\n|t:|1699022980\n|switch|p1a: Ninetales|Ninetales-Alola, F|100\/100|[from] Volt Switch\n|-weather|Snow|[from] ability: Snow Warning|[of] p1a: Ninetales\n|\n|-weather|Snow|[upkeep]\n|-heal|p2a: Volcanion|14\/100|[from] item: Leftovers\n|upkeep\n|turn|4\n|\n|t:|1699022988\n|move|p1a: Ninetales|Aurora Veil|p1a: Ninetales\n|-sidestart|p1: Moonz_e|move: Aurora Veil\n|move|p2a: Volcanion|Steam Eruption|p1a: Ninetales\n|-damage|p1a: Ninetales|75\/100\n|-status|p1a: Ninetales|brn\n|\n|-weather|Snow|[upkeep]\n|-heal|p2a: Volcanion|20\/100|[from] item: Leftovers\n|-damage|p1a: Ninetales|69\/100 brn|[from] brn\n|upkeep\n|turn|5\n|c| Standardbandard23|There's only one cool weather here\n|\n|t:|1699023002\n|switch|p1a: Baxcalibur|Baxcalibur, M|100\/100\n|move|p2a: Volcanion|Steam Eruption|p1a: Baxcalibur\n|-resisted|p1a: Baxcalibur\n|-damage|p1a: Baxcalibur|85\/100\n|\n|-weather|Snow|[upkeep]\n|-heal|p2a: Volcanion|27\/100|[from] item: Leftovers\n|upkeep\n|turn|6\n|c|\u2606Malice Incarnate|cause snow is cold\n|c| Standardbandard23|Yea\n|\n|t:|1699023014\n|switch|p2a: Charizard|Charizard, M|100\/100\n|-damage|p2a: Charizard|51\/100|[from] Stealth Rock\n|move|p1a: Baxcalibur|Swords Dance|p1a: Baxcalibur\n|-boost|p1a: Baxcalibur|atk|2\n|\n|-weather|Snow|[upkeep]\n|upkeep\n|turn|7\n|\n|t:|1699023023\n|switch|p2a: Volcanion|Volcanion|27\/100\n|-damage|p2a: Volcanion|2\/100|[from] Stealth Rock\n|move|p1a: Baxcalibur|Scale Shot|p2a: Volcanion\n|-damage|p2a: Volcanion|0 fnt\n|faint|p2a: Volcanion\n|-hitcount|p2: Volcanion|1\n|-unboost|p1a: Baxcalibur|def|1\n|-boost|p1a: Baxcalibur|spe|1\n|\n|-weather|none\n|upkeep\n|c| Astro Rifk|will bax get home? find out this time\n|c|\u2606Malice Incarnate|yes\n|\n|t:|1699023038\n|switch|p2a: Cinderace|Cinderace, M|100\/100\n|turn|8\n|\n|t:|1699023041\n|move|p1a: Baxcalibur|Scale Shot|p2a: Cinderace|[miss]\n|-miss|p1a: Baxcalibur|p2a: Cinderace\n|move|p2a: Cinderace|Court Change|p2a: Cinderace\n|-swapsideconditions\n|-activate|p2a: Cinderace|move: Court Change\n|\n|upkeep\n|turn|9\n|c|\u2606Moonz_e|Bruh\n|c| Standardbandard23|Where chilling neigh\n|c|\u2606Malice Incarnate|yes\n|\n|t:|1699023058\n|move|p1a: Baxcalibur|Scale Shot|p2a: Cinderace\n|-damage|p2a: Cinderace|81\/100\n|-damage|p2a: Cinderace|60\/100\n|-damage|p2a: Cinderace|40\/100\n|-crit|p2a: Cinderace\n|-damage|p2a: Cinderace|0 fnt\n|faint|p2a: Cinderace\n|-hitcount|p2: Cinderace|4\n|-unboost|p1a: Baxcalibur|def|1\n|-boost|p1a: Baxcalibur|spe|1\n|\n|upkeep\n|\n|t:|1699023062\n|switch|p2a: Arcanine|Arcanine-Hisui, M|100\/100\n|turn|10\n|\n|t:|1699023071\n|move|p1a: Baxcalibur|Swords Dance|p1a: Baxcalibur\n|-boost|p1a: Baxcalibur|atk|2\n|move|p2a: Arcanine|Head Smash|p1a: Baxcalibur\n|-supereffective|p1a: Baxcalibur\n|-damage|p1a: Baxcalibur|0 fnt\n|faint|p1a: Baxcalibur\n|\n|upkeep\n|c|\u2606Moonz_e|Missclick\n|c|\u2606Malice Incarnate|damn\n|c|\u2606Moonz_e|Meant to click eq\n|c|\u2606Moonz_e|Oh well\n|\n|t:|1699023084\n|switch|p1a: Landorus|Landorus-Therian, M|66\/100\n|-damage|p1a: Landorus|54\/100|[from] Stealth Rock\n|-ability|p1a: Landorus|Intimidate|boost\n|-unboost|p2a: Arcanine|atk|1\n|turn|11\n|\n|t:|1699023089\n|switch|p2a: Charizard|Charizard, M|51\/100\n|move|p1a: Landorus|Defog|p2a: Charizard\n|-unboost|p2a: Charizard|evasion|1\n|-sideend|p2: Malice Incarnate|move: Aurora Veil\n|-sideend|p1: Moonz_e|Stealth Rock|[from] move: Defog|[of] p1a: Landorus\n|\n|-heal|p1a: Landorus|60\/100|[from] item: Leftovers\n|upkeep\n|turn|12\n|\n|t:|1699023099\n|detailschange|p2a: Charizard|Charizard-Mega-Y, M\n|-mega|p2a: Charizard|Charizard|Charizardite Y\n|-weather|SunnyDay|[from] ability: Drought|[of] p2a: Charizard\n|move|p2a: Charizard|Flamethrower|p1a: Landorus\n|-damage|p1a: Landorus|3\/100\n|move|p1a: Landorus|Stealth Rock|p2a: Charizard\n|-sidestart|p2: Malice Incarnate|move: Stealth Rock\n|\n|-weather|SunnyDay|[upkeep]\n|-heal|p1a: Landorus|9\/100|[from] item: Leftovers\n|upkeep\n|turn|13\n|\n|t:|1699023110\n|move|p2a: Charizard|Ancient Power|p1a: Landorus\n|-damage|p1a: Landorus|0 fnt\n|faint|p1a: Landorus\n|\n|-weather|SunnyDay|[upkeep]\n|upkeep\n|c|\u2606Malice Incarnate|check out this omni boost\n|\n|t:|1699023117\n|switch|p1a: Ninetales|Ninetales-Alola, F|69\/100 brn\n|-weather|Snow|[from] ability: Snow Warning|[of] p1a: Ninetales\n|turn|14\n|c|\u2606Malice Incarnate|or not\n|\n|t:|1699023125\n|switch|p1a: Ursaluna|Ursaluna-Bloodmoon, M|100\/100\n|move|p2a: Charizard|Ancient Power|p1a: Ursaluna\n|-resisted|p1a: Ursaluna\n|-damage|p1a: Ursaluna|87\/100\n|\n|-weather|Snow|[upkeep]\n|-heal|p1a: Ursaluna|93\/100|[from] item: Leftovers\n|upkeep\n|turn|15\n|c| Standardbandard23|Bear\n|\n|t:|1699023137\n|switch|p2a: Heatran|Heatran, F|96\/100\n|-damage|p2a: Heatran|83\/100|[from] Stealth Rock\n|-terastallize|p1a: Ursaluna|Poison\n|move|p1a: Ursaluna|Calm Mind|p1a: Ursaluna\n|-boost|p1a: Ursaluna|spa|1\n|-boost|p1a: Ursaluna|spd|1\n|\n|-weather|Snow|[upkeep]\n|-heal|p1a: Ursaluna|99\/100|[from] item: Leftovers\n|upkeep\n|turn|16\n|\n|t:|1699023153\n|move|p2a: Heatran|Taunt|p1a: Ursaluna\n|-start|p1a: Ursaluna|move: Taunt\n|move|p1a: Ursaluna|Earth Power|p2a: Heatran\n|-supereffective|p2a: Heatran\n|-damage|p2a: Heatran|0 fnt\n|faint|p2a: Heatran\n|\n|-weather|Snow|[upkeep]\n|-heal|p1a: Ursaluna|100\/100|[from] item: Leftovers\n|upkeep\n|\n|t:|1699023157\n|switch|p2a: Charizard|Charizard-Mega-Y, M|51\/100\n|-damage|p2a: Charizard|1\/100|[from] Stealth Rock\n|-weather|SunnyDay|[from] ability: Drought|[of] p2a: Charizard\n|turn|17\n|c|\u2606Moonz_e|Huge 1% Zard Y\n|\n|t:|1699023174\n|move|p2a: Charizard|Flamethrower|p1a: Ursaluna\n|-damage|p1a: Ursaluna|40\/100\n|move|p1a: Ursaluna|Blood Moon|p2a: Charizard\n|-crit|p2a: Charizard\n|-damage|p2a: Charizard|0 fnt\n|faint|p2a: Charizard\n|\n|-weather|SunnyDay|[upkeep]\n|-heal|p1a: Ursaluna|46\/100|[from] item: Leftovers\n|upkeep\n|\n|t:|1699023184\n|switch|p2a: Arcanine|Arcanine-Hisui, M|100\/100\n|-damage|p2a: Arcanine|76\/100|[from] Stealth Rock\n|turn|18\n|\n|t:|1699023193\n|-terastallize|p2a: Arcanine|Fire\n|move|p2a: Arcanine|Flare Blitz|p1a: Ursaluna\n|-damage|p1a: Ursaluna|0 fnt\n|faint|p1a: Ursaluna\n|\n|-weather|SunnyDay|[upkeep]\n|upkeep\n|\n|t:|1699023200\n|switch|p1a: Ninetales|Ninetales-Alola, F|69\/100 brn\n|-weather|Snow|[from] ability: Snow Warning|[of] p1a: Ninetales\n|turn|19\n|\n|t:|1699023206\n|move|p2a: Arcanine|Flare Blitz|p1a: Ninetales\n|-supereffective|p1a: Ninetales\n|-damage|p1a: Ninetales|0 fnt\n|faint|p1a: Ninetales\n|\n|-weather|Snow|[upkeep]\n|upkeep\n|\n|t:|1699023214\n|switch|p1a: Rotom|Rotom-Wash|100\/100\n|turn|20\n|\n|t:|1699023218\n|move|p2a: Arcanine|Flare Blitz|p1a: Rotom\n|-resisted|p1a: Rotom\n|-damage|p1a: Rotom|53\/100\n|move|p1a: Rotom|Hydro Pump|p2a: Arcanine\n|-supereffective|p2a: Arcanine\n|-crit|p2a: Arcanine\n|-damage|p2a: Arcanine|0 fnt\n|faint|p2a: Arcanine\n|\n|-weather|Snow|[upkeep]\n|upkeep\n|\n|t:|1699023221\n|switch|p2a: Ogerpon|Ogerpon-Hearthflame, F|100\/100\n|-damage|p2a: Ogerpon|76\/100|[from] Stealth Rock\n|-ability|p2a: Ogerpon|Mold Breaker\n|turn|21\n|c| Standardbandard23|Moonz please win\n|\n|t:|1699023233\n|move|p1a: Rotom|Hydro Pump|p2a: Ogerpon\n|-damage|p2a: Ogerpon|16\/100\n|move|p2a: Ogerpon|Horn Leech|p1a: Rotom\n|-supereffective|p1a: Rotom\n|-damage|p1a: Rotom|0 fnt\n|-heal|p2a: Ogerpon|37\/100|[from] drain|[of] p1a: Rotom\n|faint|p1a: Rotom\n|\n|-weather|Snow|[upkeep]\n|upkeep\n|\n|t:|1699023243\n|switch|p1a: Diancie|Diancie|100\/100\n|turn|22\n|\n|t:|1699023251\n|detailschange|p1a: Diancie|Diancie-Mega\n|-mega|p1a: Diancie|Diancie|Diancite\n|move|p1a: Diancie|Power Gem|p2a: Ogerpon\n|-supereffective|p2a: Ogerpon\n|-damage|p2a: Ogerpon|0 fnt\n|faint|p2a: Ogerpon\n|\n|win|Moonz_e\n|c|\u2606Malice Incarnate|come on\n|c|\u2606Moonz_e|Gg\n|c|\u2606Malice Incarnate|dang\n|l| Standardbandard23\n|l|\u2606Malice Incarnate\n|c|\u2606Moonz_e|If i didn't misslick the eq it would've been a 6:0 but\n|c|\u2606Moonz_e|We take those\n","uploadtime":1699023259,"views":23,"p1id":"moonze","p2id":"maliceincarnate","formatid":"gen9nationaldexubers","rating":0,"private":0,"password":""}