{"id":"gen9nationaldexubers-1984275483","p1":"Genshinniche","p2":"doubletrouble83","format":"[Gen 9] National Dex Ubers","log":"|j|\u2606Genshinniche\n|j|\u2606doubletrouble83\n|t:|1699237842\n|gametype|singles\n|player|p1|Genshinniche|depotagent|1250\n|player|p2|doubletrouble83|n|1356\n|teamsize|p1|6\n|teamsize|p2|6\n|gen|9\n|tier|[Gen 9] National Dex Ubers\n|rated|\n|rule|HP Percentage Mod: HP is shown in percentages\n|rule|Endless Battle Clause: Forcing endless battles is banned\n|rule|OHKO Clause: OHKO moves are banned\n|rule|Evasion Moves Clause: Evasion moves are banned\n|rule|Evasion Items Clause: Evasion items are banned\n|rule|Species Clause: Limit one of each Pok\u00e9mon\n|rule|Sleep Clause Mod: Limit one foe put to sleep\n|rule|Mega Rayquaza Clause: You cannot mega evolve Rayquaza\n|clearpoke\n|poke|p1|Blaziken, F|\n|poke|p1|Meowscarada, M|\n|poke|p1|Iron Hands|\n|poke|p1|Necrozma-Dawn-Wings|\n|poke|p1|Naganadel|\n|poke|p1|Ting-Lu|\n|poke|p2|Basculegion, M|\n|poke|p2|Zygarde|\n|poke|p2|Marshadow|\n|poke|p2|Deoxys-Speed|\n|poke|p2|Zacian-*|\n|poke|p2|Pelipper, M|\n|teampreview\n|inactive|Battle timer is ON: inactive players will automatically lose when time's up. (requested by doubletrouble83)\n|\n|t:|1699237848\n|start\n|switch|p1a: Ting-Lu|Ting-Lu|100\/100\n|switch|p2a: Deoxys|Deoxys-Speed|100\/100\n|-ability|p2a: Deoxys|Pressure\n|-ability|p1a: Ting-Lu|Vessel of Ruin\n|turn|1\n|\n|t:|1699237856\n|move|p2a: Deoxys|Taunt|p1a: Ting-Lu\n|-start|p1a: Ting-Lu|move: Taunt\n|cant|p1a: Ting-Lu|move: Taunt|Stealth Rock\n|\n|upkeep\n|turn|2\n|\n|t:|1699237862\n|move|p2a: Deoxys|Stealth Rock|p1a: Ting-Lu\n|-sidestart|p1: Genshinniche|move: Stealth Rock\n|move|p1a: Ting-Lu|Ruination|p2a: Deoxys\n|-damage|p2a: Deoxys|51\/100\n|\n|upkeep\n|turn|3\n|\n|t:|1699237868\n|move|p2a: Deoxys|Signal Beam|p1a: Ting-Lu\n|-supereffective|p1a: Ting-Lu\n|-damage|p1a: Ting-Lu|82\/100\n|move|p1a: Ting-Lu|Earthquake|p2a: Deoxys\n|-damage|p2a: Deoxys|0 fnt\n|faint|p2a: Deoxys\n|\n|-end|p1a: Ting-Lu|move: Taunt\n|upkeep\n|\n|t:|1699237878\n|switch|p2a: Marshadow|Marshadow|100\/100\n|turn|4\n|\n|t:|1699237881\n|move|p2a: Marshadow|Close Combat|p1a: Ting-Lu\n|-supereffective|p1a: Ting-Lu\n|-damage|p1a: Ting-Lu|17\/100\n|-unboost|p2a: Marshadow|def|1\n|-unboost|p2a: Marshadow|spd|1\n|move|p1a: Ting-Lu|Ruination|p2a: Marshadow\n|-damage|p2a: Marshadow|51\/100\n|\n|upkeep\n|turn|5\n|\n|t:|1699237893\n|move|p2a: Marshadow|Shadow Sneak|p1a: Ting-Lu\n|-resisted|p1a: Ting-Lu\n|-damage|p1a: Ting-Lu|9\/100\n|move|p1a: Ting-Lu|Heavy Slam|p2a: Marshadow\n|-damage|p2a: Marshadow|0 fnt\n|faint|p2a: Marshadow\n|\n|upkeep\n|\n|t:|1699237907\n|switch|p2a: Zacian|Zacian-Crowned|100\/100\n|-ability|p2a: Zacian|Intrepid Sword|boost\n|-boost|p2a: Zacian|atk|1\n|turn|6\n|\n|t:|1699237913\n|move|p2a: Zacian|Behemoth Blade|p1a: Ting-Lu\n|-damage|p1a: Ting-Lu|0 fnt\n|faint|p1a: Ting-Lu\n|\n|upkeep\n|\n|t:|1699237917\n|switch|p1a: Blaziken|Blaziken, F, shiny|100\/100\n|-damage|p1a: Blaziken|88\/100|[from] Stealth Rock\n|turn|7\n|\n|t:|1699237926\n|detailschange|p1a: Blaziken|Blaziken-Mega, F, shiny\n|-mega|p1a: Blaziken|Blaziken|Blazikenite\n|move|p1a: Blaziken|Protect|p1a: Blaziken\n|-singleturn|p1a: Blaziken|Protect\n|move|p2a: Zacian|Wild Charge|p1a: Blaziken\n|-activate|p1a: Blaziken|move: Protect\n|\n|-ability|p1a: Blaziken|Speed Boost|boost\n|-boost|p1a: Blaziken|spe|1\n|upkeep\n|turn|8\n|\n|t:|1699237934\n|move|p1a: Blaziken|Fire Punch|p2a: Zacian\n|-supereffective|p2a: Zacian\n|-damage|p2a: Zacian|25\/100\n|move|p2a: Zacian|Wild Charge|p1a: Blaziken\n|-damage|p1a: Blaziken|17\/100\n|-damage|p2a: Zacian|8\/100|[from] Recoil\n|\n|-ability|p1a: Blaziken|Speed Boost|boost\n|-boost|p1a: Blaziken|spe|1\n|upkeep\n|turn|9\n|\n|t:|1699237943\n|move|p1a: Blaziken|Fire Punch|p2a: Zacian\n|-supereffective|p2a: Zacian\n|-damage|p2a: Zacian|0 fnt\n|faint|p2a: Zacian\n|\n|-ability|p1a: Blaziken|Speed Boost|boost\n|-boost|p1a: Blaziken|spe|1\n|upkeep\n|\n|t:|1699237950\n|switch|p2a: Zygarde|Zygarde|100\/100\n|turn|10\n|\n|t:|1699237955\n|move|p1a: Blaziken|Close Combat|p2a: Zygarde\n|-damage|p2a: Zygarde|54\/100\n|-unboost|p1a: Blaziken|def|1\n|-unboost|p1a: Blaziken|spd|1\n|move|p2a: Zygarde|Thousand Arrows|p1a: Blaziken\n|-supereffective|p1a: Blaziken\n|-damage|p1a: Blaziken|0 fnt\n|faint|p1a: Blaziken\n|\n|-heal|p2a: Zygarde|60\/100|[from] item: Leftovers\n|upkeep\n|\n|t:|1699237963\n|switch|p1a: Meowscarada|Meowscarada, M|100\/100\n|-damage|p1a: Meowscarada|88\/100|[from] Stealth Rock\n|turn|11\n|\n|t:|1699237970\n|move|p1a: Meowscarada|Knock Off|p2a: Zygarde\n|-start|p1a: Meowscarada|typechange|Dark|[from] ability: Protean\n|-damage|p2a: Zygarde|22\/100\n|-enditem|p2a: Zygarde|Leftovers|[from] move: Knock Off|[of] p1a: Meowscarada\n|-damage|p1a: Meowscarada|78\/100|[from] item: Life Orb\n|move|p2a: Zygarde|Thousand Arrows|p1a: Meowscarada\n|-damage|p1a: Meowscarada|28\/100\n|\n|-activate|p2a: Zygarde|ability: Power Construct\n|detailschange|p2a: Zygarde|Zygarde-Complete\n|-heal|p2a: Zygarde|51\/100|[silent]\n|upkeep\n|turn|12\n|\n|t:|1699237984\n|-terastallize|p1a: Meowscarada|Fairy\n|move|p1a: Meowscarada|Play Rough|p2a: Zygarde\n|-supereffective|p2a: Zygarde\n|-damage|p2a: Zygarde|8\/100\n|-damage|p1a: Meowscarada|18\/100|[from] item: Life Orb\n|move|p2a: Zygarde|Thousand Arrows|p1a: Meowscarada\n|-damage|p1a: Meowscarada|0 fnt\n|faint|p1a: Meowscarada\n|\n|upkeep\n|\n|t:|1699237993\n|switch|p1a: Naganadel|Naganadel|100\/100\n|-damage|p1a: Naganadel|88\/100|[from] Stealth Rock\n|turn|13\n|\n|t:|1699237998\n|move|p1a: Naganadel|U-turn|p2a: Zygarde\n|-damage|p2a: Zygarde|2\/100\n|\n|t:|1699238002\n|switch|p1a: Necrozma|Necrozma-Dawn-Wings|100\/100|[from] U-turn\n|-damage|p1a: Necrozma|88\/100|[from] Stealth Rock\n|move|p2a: Zygarde|Thousand Arrows|p1a: Necrozma\n|-damage|p1a: Necrozma|55\/100\n|\n|upkeep\n|turn|14\n|\n|t:|1699238010\n|move|p1a: Necrozma|Rock Polish|p1a: Necrozma\n|-boost|p1a: Necrozma|spe|2\n|move|p2a: Zygarde|Thousand Arrows|p1a: Necrozma\n|-damage|p1a: Necrozma|22\/100\n|\n|upkeep\n|turn|15\n|\n|t:|1699238016\n|move|p1a: Necrozma|Signal Beam|p2a: Zygarde\n|-damage|p2a: Zygarde|0 fnt\n|faint|p2a: Zygarde\n|\n|upkeep\n|\n|t:|1699238020\n|switch|p2a: Pelipper|Pelipper, M|100\/100\n|-weather|RainDance|[from] ability: Drizzle|[of] p2a: Pelipper\n|turn|16\n|\n|t:|1699238024\n|move|p1a: Necrozma|Moongeist Beam|p2a: Pelipper\n|-damage|p2a: Pelipper|33\/100\n|move|p2a: Pelipper|Scald|p1a: Necrozma\n|-damage|p1a: Necrozma|0 fnt\n|faint|p1a: Necrozma\n|\n|-weather|RainDance|[upkeep]\n|upkeep\n|\n|t:|1699238031\n|switch|p1a: Naganadel|Naganadel|88\/100\n|-damage|p1a: Naganadel|76\/100|[from] Stealth Rock\n|turn|17\n|\n|t:|1699238036\n|move|p1a: Naganadel|Sludge Wave|p2a: Pelipper\n|-damage|p2a: Pelipper|0 fnt\n|faint|p2a: Pelipper\n|-ability|p1a: Naganadel|Beast Boost|boost\n|-boost|p1a: Naganadel|spa|1\n|\n|-weather|RainDance|[upkeep]\n|-heal|p1a: Naganadel|82\/100|[from] item: Leftovers\n|upkeep\n|\n|t:|1699238043\n|switch|p2a: Basculegion|Basculegion, M|100\/100\n|turn|18\n|\n|t:|1699238046\n|move|p2a: Basculegion|Last Respects|p1a: Naganadel\n|-crit|p1a: Naganadel\n|-damage|p1a: Naganadel|0 fnt\n|faint|p1a: Naganadel\n|\n|-weather|RainDance|[upkeep]\n|upkeep\n|\n|t:|1699238051\n|switch|p1a: Iron Hands|Iron Hands|100\/100\n|-damage|p1a: Iron Hands|94\/100|[from] Stealth Rock\n|turn|19\n|\n|t:|1699238056\n|-terastallize|p2a: Basculegion|Normal\n|move|p2a: Basculegion|Last Respects|p1a: Iron Hands\n|-damage|p1a: Iron Hands|1\/100\n|move|p1a: Iron Hands|Wild Charge|p2a: Basculegion\n|-damage|p2a: Basculegion|29\/100\n|-damage|p1a: Iron Hands|0 fnt|[from] Recoil\n|faint|p1a: Iron Hands\n|-end|p1a: Iron Hands|Quark Drive|[silent]\n|\n|win|doubletrouble83\n|raw|Genshinniche's rating: 1250 &rarr; <strong>1232<\/strong><br \/>(-18 for losing)\n|raw|doubletrouble83's rating: 1356 &rarr; <strong>1370<\/strong><br \/>(+14 for winning)\n|l|\u2606Genshinniche\n","uploadtime":1699238080,"views":3,"p1id":"genshinniche","p2id":"doubletrouble83","formatid":"gen9nationaldexubers","rating":1232,"private":0,"password":""}