{"id":"gen9nationaldexubers-1989598324","p1":"Catisbest8","p2":"Yeetmaneat42069","format":"[Gen 9] National Dex Ubers","log":"|j|\u2606Catisbest8\n|j|\u2606Yeetmaneat42069\n|t:|1699876910\n|gametype|singles\n|player|p1|Catisbest8|265|\n|player|p2|Yeetmaneat42069|169|\n|teamsize|p1|6\n|teamsize|p2|6\n|gen|9\n|tier|[Gen 9] National Dex Ubers\n|rule|HP Percentage Mod: HP is shown in percentages\n|rule|Endless Battle Clause: Forcing endless battles is banned\n|rule|OHKO Clause: OHKO moves are banned\n|rule|Evasion Moves Clause: Evasion moves are banned\n|rule|Evasion Items Clause: Evasion items are banned\n|rule|Species Clause: Limit one of each Pok\u00e9mon\n|rule|Sleep Clause Mod: Limit one foe put to sleep\n|rule|Mega Rayquaza Clause: You cannot mega evolve Rayquaza\n|clearpoke\n|poke|p1|Decidueye-Hisui, M|\n|poke|p1|Raichu, F|\n|poke|p1|Pyroar, F|\n|poke|p1|Gardevoir, M|\n|poke|p1|Dialga-Origin|\n|poke|p1|Dipplin, F|\n|poke|p2|Audino, F|\n|poke|p2|Houndoom, M|\n|poke|p2|Basculegion, M|\n|poke|p2|Cetitan, M|\n|poke|p2|Diggersby, F|\n|poke|p2|Chesnaught, F|\n|teampreview\n|\n|t:|1699876929\n|start\n|switch|p1a: Dipping Cheese|Dipplin, F, shiny|100\/100\n|switch|p2a: Chesnaught|Chesnaught, F|100\/100\n|turn|1\n|\n|t:|1699876949\n|switch|p2a: Cetitan|Cetitan, M|100\/100\n|move|p1a: Dipping Cheese|Dragon Pulse|p2a: Cetitan\n|-damage|p2a: Cetitan|75\/100\n|\n|upkeep\n|turn|2\n|\n|t:|1699876969\n|switch|p1a: pie|Pyroar, F|100\/100\n|move|p2a: Cetitan|Avalanche|p1a: pie\n|-resisted|p1a: pie\n|-damage|p1a: pie|77\/100\n|\n|upkeep\n|turn|3\n|\n|t:|1699876977\n|move|p1a: pie|Will-O-Wisp|p2a: Cetitan\n|-status|p2a: Cetitan|brn\n|move|p2a: Cetitan|Earthquake|p1a: pie\n|-supereffective|p1a: pie\n|-damage|p1a: pie|29\/100\n|\n|-damage|p2a: Cetitan|69\/100 brn|[from] brn\n|upkeep\n|turn|4\n|\n|t:|1699876988\n|move|p1a: pie|Flare Blitz|p2a: Cetitan\n|-supereffective|p2a: Cetitan\n|-damage|p2a: Cetitan|30\/100 brn\n|-damage|p1a: pie|7\/100|[from] Recoil\n|move|p2a: Cetitan|Earthquake|p1a: pie\n|-supereffective|p1a: pie\n|-damage|p1a: pie|0 fnt\n|faint|p1a: pie\n|\n|-damage|p2a: Cetitan|24\/100 brn|[from] brn\n|upkeep\n|\n|t:|1699876996\n|switch|p1a: big Pikachu|Raichu, F|100\/100\n|turn|5\n|\n|t:|1699877003\n|move|p1a: big Pikachu|Nasty Plot|p1a: big Pikachu\n|-boost|p1a: big Pikachu|spa|2\n|move|p2a: Cetitan|Earthquake|p1a: big Pikachu\n|-supereffective|p1a: big Pikachu\n|-damage|p1a: big Pikachu|22\/100\n|\n|-heal|p1a: big Pikachu|28\/100|[from] item: Leftovers\n|-damage|p2a: Cetitan|18\/100 brn|[from] brn\n|upkeep\n|turn|6\n|\n|t:|1699877015\n|move|p2a: Cetitan|Ice Shard|p1a: big Pikachu\n|-damage|p1a: big Pikachu|3\/100\n|move|p1a: big Pikachu|Thunderbolt|p2a: Cetitan\n|-damage|p2a: Cetitan|0 fnt\n|faint|p2a: Cetitan\n|\n|-heal|p1a: big Pikachu|9\/100|[from] item: Leftovers\n|upkeep\n|\n|t:|1699877028\n|switch|p2a: Diggersby|Diggersby, F|100\/100\n|turn|7\n|\n|t:|1699877039\n|move|p2a: Diggersby|Quick Attack|p1a: big Pikachu\n|-damage|p1a: big Pikachu|0 fnt\n|faint|p1a: big Pikachu\n|-damage|p2a: Diggersby|91\/100|[from] item: Life Orb\n|\n|upkeep\n|\n|t:|1699877045\n|switch|p1a: Dipping Cheese|Dipplin, F, shiny|100\/100\n|turn|8\n|\n|t:|1699877058\n|switch|p2a: Houndoom|Houndoom, M|100\/100\n|move|p1a: Dipping Cheese|Energy Ball|p2a: Houndoom\n|-resisted|p2a: Houndoom\n|-damage|p2a: Houndoom|73\/100\n|\n|upkeep\n|turn|9\n|\n|t:|1699877071\n|switch|p1a: my precious|Decidueye-Hisui, M, shiny|100\/100\n|detailschange|p2a: Houndoom|Houndoom-Mega, M\n|-mega|p2a: Houndoom|Houndoom|Houndoominite\n|move|p2a: Houndoom|Nasty Plot|p2a: Houndoom\n|-boost|p2a: Houndoom|spa|2\n|\n|upkeep\n|turn|10\n|\n|t:|1699877082\n|move|p2a: Houndoom|Fire Blast|p1a: my precious\n|-supereffective|p1a: my precious\n|-damage|p1a: my precious|0 fnt\n|faint|p1a: my precious\n|\n|upkeep\n|\n|t:|1699877084\n|switch|p1a: Vior|Gardevoir, M, shiny|100\/100\n|turn|11\n|\n|t:|1699877092\n|detailschange|p1a: Vior|Gardevoir-Mega, M, shiny\n|-mega|p1a: Vior|Gardevoir|Gardevoirite\n|move|p2a: Houndoom|Sludge Bomb|p1a: Vior\n|-supereffective|p1a: Vior\n|-damage|p1a: Vior|0 fnt\n|faint|p1a: Vior\n|\n|upkeep\n|\n|t:|1699877097\n|switch|p1a: better|Dialga-Origin, shiny|100\/100\n|-ability|p1a: better|Pressure\n|turn|12\n|\n|t:|1699877107\n|-terastallize|p1a: better|Water\n|move|p2a: Houndoom|Fire Blast|p1a: better\n|-resisted|p1a: better\n|-damage|p1a: better|51\/100\n|-status|p1a: better|brn\n|move|p1a: better|Roar of Time|p2a: Houndoom\n|-damage|p2a: Houndoom|0 fnt\n|-mustrecharge|p1a: better\n|faint|p2a: Houndoom\n|\n|-damage|p1a: better|45\/100 brn|[from] brn\n|upkeep\n|\n|t:|1699877123\n|switch|p2a: Chesnaught|Chesnaught, F|100\/100\n|turn|13\n|\n|t:|1699877132\n|cant|p1a: better|recharge\n|move|p2a: Chesnaught|Leech Seed|p1a: better\n|-start|p1a: better|move: Leech Seed\n|\n|-damage|p1a: better|32\/100 brn|[from] Leech Seed|[of] p2a: Chesnaught\n|-damage|p1a: better|26\/100 brn|[from] brn\n|upkeep\n|turn|14\n|\n|t:|1699877141\n|move|p2a: Chesnaught|Spiky Shield|p2a: Chesnaught\n|-singleturn|p2a: Chesnaught|move: Protect\n|move|p1a: better|Toxic|p2a: Chesnaught\n|-activate|p2a: Chesnaught|move: Protect\n|\n|-damage|p1a: better|14\/100 brn|[from] Leech Seed|[of] p2a: Chesnaught\n|-damage|p1a: better|8\/100 brn|[from] brn\n|upkeep\n|turn|15\n|\n|t:|1699877158\n|move|p1a: better|Roar of Time|p2a: Chesnaught\n|-damage|p2a: Chesnaught|0 fnt\n|-mustrecharge|p1a: better\n|faint|p2a: Chesnaught\n|\n|-damage|p1a: better|2\/100 brn|[from] brn\n|upkeep\n|\n|t:|1699877167\n|switch|p2a: Diggersby|Diggersby, F|91\/100\n|turn|16\n|\n|t:|1699877174\n|-terastallize|p2a: Diggersby|Normal\n|cant|p1a: better|recharge\n|move|p2a: Diggersby|Swords Dance|p2a: Diggersby\n|-boost|p2a: Diggersby|atk|2\n|\n|-damage|p1a: better|0 fnt|[from] Leech Seed|[of] p2a: Diggersby\n|-heal|p2a: Diggersby|92\/100|[silent]\n|faint|p1a: better\n|upkeep\n|\n|t:|1699877176\n|switch|p1a: Dipping Cheese|Dipplin, F, shiny|100\/100\n|turn|17\n|\n|t:|1699877196\n|move|p2a: Diggersby|Body Slam|p1a: Dipping Cheese\n|-damage|p1a: Dipping Cheese|0 fnt\n|faint|p1a: Dipping Cheese\n|-damage|p2a: Diggersby|82\/100|[from] item: Life Orb\n|\n|win|Yeetmaneat42069\n|c|\u2606Catisbest8|I lose\n|c|\u2606Catisbest8|GGGGG\n","uploadtime":1699877205,"views":24,"p1id":"catisbest8","p2id":"yeetmaneat42069","formatid":"gen9nationaldexubers","rating":0,"private":0,"password":""}