{"id":"gen9nationaldexubers-1997708427","p1":"jgjvg","p2":"Izzy-Afk","format":"[Gen 9] National Dex Ubers","log":"|j|\u2606jgjvg\n|j|\u203dIzzy-Afk\n|t:|1700844162\n|gametype|singles\n|player|p1|jgjvg|veteran|1154\n|player|p2|Izzy-Afk|caitlin|1105\n|teamsize|p1|6\n|teamsize|p2|6\n|gen|9\n|tier|[Gen 9] National Dex Ubers\n|rated|\n|rule|HP Percentage Mod: HP is shown in percentages\n|rule|Endless Battle Clause: Forcing endless battles is banned\n|rule|OHKO Clause: OHKO moves are banned\n|rule|Evasion Moves Clause: Evasion moves are banned\n|rule|Evasion Items Clause: Evasion items are banned\n|rule|Species Clause: Limit one of each Pok\u00e9mon\n|rule|Sleep Clause Mod: Limit one foe put to sleep\n|rule|Mega Rayquaza Clause: You cannot mega evolve Rayquaza\n|clearpoke\n|poke|p1|Tirtouga, L1, M|\n|poke|p1|Dugtrio, M|\n|poke|p1|Riolu, M|\n|poke|p1|Ribombee, F|\n|poke|p1|Pineco, L1, F|\n|poke|p1|Durant, F|\n|poke|p2|Necrozma-Dawn-Wings|\n|poke|p2|Zeraora|\n|poke|p2|Marshadow|\n|poke|p2|Metagross|\n|poke|p2|Garchomp, M|\n|poke|p2|Rayquaza|\n|teampreview\n|inactive|Battle timer is ON: inactive players will automatically lose when time's up. (requested by jgjvg)\n|\n|t:|1700844176\n|start\n|switch|p1a: Durant|Durant, F|100\/100\n|switch|p2a: Metagross|Metagross, shiny|100\/100\n|turn|1\n|\n|t:|1700844185\n|detailschange|p2a: Metagross|Metagross-Mega, shiny\n|-mega|p2a: Metagross|Metagross|Metagrossite\n|move|p1a: Durant|Entrainment|p2a: Metagross\n|-endability|p2a: Metagross|Tough Claws|[from] move: Entrainment\n|-ability|p2a: Metagross|Truant|[from] move: Entrainment\n|cant|p2a: Metagross|ability: Truant\n|\n|upkeep\n|turn|2\n|\n|t:|1700844213\n|cant|p1a: Durant|ability: Truant\n|move|p2a: Metagross|Earthquake|p1a: Durant\n|-damage|p1a: Durant|61\/100\n|-enditem|p1a: Durant|Eject Button\n|\n|t:|1700844219\n|switch|p1a: Dugtrio|Dugtrio, M|100\/100\n|\n|upkeep\n|turn|3\n|\n|t:|1700844232\n|move|p1a: Dugtrio|Hone Claws|p1a: Dugtrio\n|-boost|p1a: Dugtrio|atk|1\n|-boost|p1a: Dugtrio|accuracy|1\n|cant|p2a: Metagross|ability: Truant\n|\n|upkeep\n|turn|4\n|\n|t:|1700844239\n|move|p1a: Dugtrio|Protect|p1a: Dugtrio\n|-singleturn|p1a: Dugtrio|Protect\n|move|p2a: Metagross|Psych Up|p1a: Dugtrio\n|-copyboost|p2a: Metagross|p1a: Dugtrio|[from] move: Psych Up\n|\n|upkeep\n|turn|5\n|\n|t:|1700844245\n|move|p1a: Dugtrio|Hone Claws|p1a: Dugtrio\n|-boost|p1a: Dugtrio|atk|1\n|-boost|p1a: Dugtrio|accuracy|1\n|cant|p2a: Metagross|ability: Truant\n|\n|upkeep\n|turn|6\n|\n|t:|1700844250\n|move|p1a: Dugtrio|Protect|p1a: Dugtrio\n|-singleturn|p1a: Dugtrio|Protect\n|move|p2a: Metagross|Psych Up|p1a: Dugtrio\n|-copyboost|p2a: Metagross|p1a: Dugtrio|[from] move: Psych Up\n|\n|upkeep\n|turn|7\n|\n|t:|1700844256\n|move|p1a: Dugtrio|Hone Claws|p1a: Dugtrio\n|-boost|p1a: Dugtrio|atk|1\n|-boost|p1a: Dugtrio|accuracy|1\n|cant|p2a: Metagross|ability: Truant\n|\n|upkeep\n|turn|8\n|\n|t:|1700844259\n|move|p1a: Dugtrio|Protect|p1a: Dugtrio\n|-singleturn|p1a: Dugtrio|Protect\n|move|p2a: Metagross|Psych Up|p1a: Dugtrio\n|-copyboost|p2a: Metagross|p1a: Dugtrio|[from] move: Psych Up\n|\n|upkeep\n|turn|9\n|\n|t:|1700844265\n|move|p1a: Dugtrio|Hone Claws|p1a: Dugtrio\n|-boost|p1a: Dugtrio|atk|1\n|-boost|p1a: Dugtrio|accuracy|1\n|cant|p2a: Metagross|ability: Truant\n|\n|upkeep\n|turn|10\n|\n|t:|1700844267\n|move|p1a: Dugtrio|Protect|p1a: Dugtrio\n|-singleturn|p1a: Dugtrio|Protect\n|move|p2a: Metagross|Psych Up|p1a: Dugtrio\n|-copyboost|p2a: Metagross|p1a: Dugtrio|[from] move: Psych Up\n|\n|upkeep\n|turn|11\n|\n|t:|1700844274\n|move|p1a: Dugtrio|Hone Claws|p1a: Dugtrio\n|-boost|p1a: Dugtrio|atk|1\n|-boost|p1a: Dugtrio|accuracy|1\n|cant|p2a: Metagross|ability: Truant\n|\n|upkeep\n|turn|12\n|\n|t:|1700844280\n|move|p1a: Dugtrio|Protect|p1a: Dugtrio\n|-singleturn|p1a: Dugtrio|Protect\n|move|p2a: Metagross|Psych Up|p1a: Dugtrio\n|-copyboost|p2a: Metagross|p1a: Dugtrio|[from] move: Psych Up\n|\n|upkeep\n|turn|13\n|\n|t:|1700844288\n|move|p1a: Dugtrio|Hone Claws|p1a: Dugtrio\n|-boost|p1a: Dugtrio|atk|1\n|-boost|p1a: Dugtrio|accuracy|1\n|cant|p2a: Metagross|ability: Truant\n|\n|upkeep\n|turn|14\n|\n|t:|1700844295\n|move|p1a: Dugtrio|Protect|p1a: Dugtrio\n|-singleturn|p1a: Dugtrio|Protect\n|move|p2a: Metagross|Psych Up|p1a: Dugtrio\n|-copyboost|p2a: Metagross|p1a: Dugtrio|[from] move: Psych Up\n|\n|upkeep\n|turn|15\n|\n|t:|1700844303\n|move|p1a: Dugtrio|Earthquake|p2a: Metagross\n|-supereffective|p2a: Metagross\n|-damage|p2a: Metagross|0 fnt\n|faint|p2a: Metagross\n|-damage|p1a: Dugtrio|91\/100|[from] item: Life Orb\n|\n|upkeep\n|l|\u203dIzzy-Afk\n|inactive|Izzy-Afk disconnected and has a minute to reconnect!\n|player|p2|\n|inactive|Izzy-Afk has 30 seconds to reconnect!\n|inactive|Izzy-Afk has 20 seconds to reconnect!\n|inactive|Izzy-Afk has 15 seconds to reconnect!\n|inactive|Izzy-Afk has 10 seconds to reconnect!\n|inactive|Izzy-Afk has 5 seconds to reconnect!\n|-message|Izzy-Afk lost due to inactivity.\n|\n|win|jgjvg\n|raw|jgjvg's rating: 1154 &rarr; <strong>1175<\/strong><br \/>(+21 for winning)\n|raw|Izzy-Afk's rating: 1105 &rarr; <strong>1084<\/strong><br \/>(-21 for losing)\n","uploadtime":1700844382,"views":1,"p1id":"jgjvg","p2id":"izzyafk","formatid":"gen9nationaldexubers","rating":1084,"private":0,"password":""}