{"id":"gen9nationaldexubers-1993734688","p1":"ImGoodATM","p2":"Trainer Lore","format":"[Gen 9] National Dex Ubers","log":"|j|\u2606ImGoodATM\n|j|\u2606Trainer Lore\n|t:|1700350970\n|gametype|singles\n|player|p1|ImGoodATM|will|\n|player|p2|Trainer Lore|veteranf|\n|teamsize|p1|6\n|teamsize|p2|6\n|gen|9\n|tier|[Gen 9] National Dex Ubers\n|rule|HP Percentage Mod: HP is shown in percentages\n|rule|Endless Battle Clause: Forcing endless battles is banned\n|rule|OHKO Clause: OHKO moves are banned\n|rule|Evasion Moves Clause: Evasion moves are banned\n|rule|Evasion Items Clause: Evasion items are banned\n|rule|Species Clause: Limit one of each Pok\u00e9mon\n|rule|Sleep Clause Mod: Limit one foe put to sleep\n|rule|Mega Rayquaza Clause: You cannot mega evolve Rayquaza\n|clearpoke\n|poke|p1|Naganadel|\n|poke|p1|Sneasler, M|\n|poke|p1|Drapion, M|\n|poke|p1|Beedrill, F|\n|poke|p1|Crobat, M|\n|poke|p1|Slowking-Galar, F|\n|poke|p2|Greninja-*, M|\n|poke|p2|Kingambit, F|\n|poke|p2|Roaring Moon|\n|poke|p2|Tyranitar, M|\n|poke|p2|Meowscarada, M|\n|poke|p2|Weavile, F|\n|teampreview\n|inactive|Battle timer is ON: inactive players will automatically lose when time's up. (requested by ImGoodATM)\n|inactive|Trainer Lore also wants the timer to be on.\n|\n|t:|1700350985\n|start\n|switch|p1a: Beedrill|Beedrill, F, shiny|100\/100\n|switch|p2a: Frostbite|Weavile, F|100\/100\n|-ability|p2a: Frostbite|Pressure\n|turn|1\n|\n|t:|1700351001\n|detailschange|p1a: Beedrill|Beedrill-Mega, F, shiny\n|-mega|p1a: Beedrill|Beedrill|Beedrillite\n|move|p1a: Beedrill|Brick Break|p2a: Frostbite\n|-supereffective|p2a: Frostbite\n|-enditem|p2a: Frostbite|Focus Sash\n|-damage|p2a: Frostbite|1\/100\n|move|p2a: Frostbite|Icicle Crash|p1a: Beedrill|[miss]\n|-miss|p2a: Frostbite|p1a: Beedrill\n|\n|upkeep\n|turn|2\n|\n|t:|1700351009\n|move|p2a: Frostbite|Ice Shard|p1a: Beedrill\n|-damage|p1a: Beedrill|46\/100\n|move|p1a: Beedrill|Brick Break|p2a: Frostbite\n|-supereffective|p2a: Frostbite\n|-crit|p2a: Frostbite\n|-damage|p2a: Frostbite|0 fnt\n|faint|p2a: Frostbite\n|\n|upkeep\n|\n|t:|1700351019\n|switch|p2a: Kaiju|Tyranitar, M|100\/100\n|-weather|Sandstorm|[from] ability: Sand Stream|[of] p2a: Kaiju\n|turn|3\n|\n|t:|1700351026\n|-terastallize|p2a: Kaiju|Poison\n|move|p1a: Beedrill|Brick Break|p2a: Kaiju\n|-resisted|p2a: Kaiju\n|-damage|p2a: Kaiju|87\/100\n|move|p2a: Kaiju|Dragon Dance|p2a: Kaiju\n|-boost|p2a: Kaiju|atk|1\n|-boost|p2a: Kaiju|spe|1\n|\n|-weather|Sandstorm|[upkeep]\n|-damage|p1a: Beedrill|40\/100|[from] Sandstorm\n|-damage|p2a: Kaiju|81\/100|[from] Sandstorm\n|upkeep\n|turn|4\n|\n|t:|1700351031\n|move|p1a: Beedrill|Drill Run|p2a: Kaiju\n|-supereffective|p2a: Kaiju\n|-crit|p2a: Kaiju\n|-damage|p2a: Kaiju|0 fnt\n|faint|p2a: Kaiju\n|\n|-weather|Sandstorm|[upkeep]\n|-damage|p1a: Beedrill|34\/100|[from] Sandstorm\n|upkeep\n|\n|t:|1700351039\n|switch|p2a: Crescent|Roaring Moon|100\/100\n|turn|5\n|\n|t:|1700351045\n|move|p2a: Crescent|Earthquake|p1a: Beedrill\n|-damage|p1a: Beedrill|0 fnt\n|faint|p1a: Beedrill\n|\n|-weather|Sandstorm|[upkeep]\n|-damage|p2a: Crescent|95\/100|[from] Sandstorm\n|upkeep\n|\n|t:|1700351060\n|switch|p1a: Crobat|Crobat, M|100\/100\n|turn|6\n|\n|t:|1700351065\n|-end|p2a: Crescent|Protosynthesis|[silent]\n|switch|p2a: Sultan|Kingambit, F|100\/100\n|-activate|p2a: Sultan|ability: Supreme Overlord\n|-start|p2a: Sultan|fallen2|[silent]\n|move|p1a: Crobat|Leech Life|p2a: Sultan\n|-damage|p2a: Sultan|84\/100\n|\n|-weather|Sandstorm|[upkeep]\n|-damage|p1a: Crobat|94\/100|[from] Sandstorm\n|upkeep\n|turn|7\n|\n|t:|1700351076\n|move|p2a: Sultan|Sucker Punch|p1a: Crobat\n|-damage|p1a: Crobat|11\/100\n|move|p1a: Crobat|Leech Life|p2a: Sultan\n|-damage|p2a: Sultan|68\/100\n|-heal|p1a: Crobat|21\/100|[from] drain|[of] p2a: Sultan\n|\n|-weather|none\n|upkeep\n|turn|8\n|\n|t:|1700351083\n|switch|p1a: Sneasler|Sneasler, M, shiny|100\/100\n|move|p2a: Sultan|Swords Dance|p2a: Sultan\n|-boost|p2a: Sultan|atk|2\n|\n|upkeep\n|turn|9\n|\n|t:|1700351094\n|move|p1a: Sneasler|Fake Out|p2a: Sultan\n|-enditem|p1a: Sneasler|Normal Gem|[from] gem\n|-resisted|p2a: Sultan\n|-damage|p2a: Sultan|60\/100\n|cant|p2a: Sultan|flinch\n|\n|upkeep\n|turn|10\n|j| RocketGruntLudwig\n|\n|t:|1700351102\n|move|p2a: Sultan|Sucker Punch|p1a: Sneasler\n|-resisted|p1a: Sneasler\n|-damage|p1a: Sneasler|0 fnt\n|faint|p1a: Sneasler\n|\n|upkeep\n|\n|t:|1700351109\n|switch|p1a: Drapion|Drapion, M, shiny|100\/100\n|turn|11\n|c|\u2606Trainer Lore|stalker >:3\n|c| RocketGruntLudwig|yes ma'am\n|\n|t:|1700351120\n|move|p2a: Sultan|Sucker Punch|p1a: Drapion\n|-resisted|p1a: Drapion\n|-damage|p1a: Drapion|38\/100\n|move|p1a: Drapion|Earthquake|p2a: Sultan\n|-supereffective|p2a: Sultan\n|-damage|p2a: Sultan|18\/100\n|\n|upkeep\n|turn|12\n|\n|t:|1700351128\n|move|p2a: Sultan|Sucker Punch|p1a: Drapion\n|-resisted|p1a: Drapion\n|-damage|p1a: Drapion|0 fnt\n|faint|p1a: Drapion\n|\n|upkeep\n|\n|t:|1700351131\n|switch|p1a: Slowking|Slowking-Galar, F|100\/100\n|turn|13\n|\n|t:|1700351136\n|move|p2a: Sultan|Sucker Punch|p1a: Slowking\n|-supereffective|p1a: Slowking\n|-damage|p1a: Slowking|0 fnt\n|faint|p1a: Slowking\n|\n|upkeep\n|\n|t:|1700351140\n|switch|p1a: Crobat|Crobat, M|21\/100\n|turn|14\n|\n|t:|1700351143\n|move|p2a: Sultan|Sucker Punch|p1a: Crobat\n|-crit|p1a: Crobat\n|-damage|p1a: Crobat|0 fnt\n|faint|p1a: Crobat\n|\n|upkeep\n|\n|t:|1700351144\n|switch|p1a: Naganadel|Naganadel|100\/100\n|turn|15\n|\n|t:|1700351149\n|-terastallize|p1a: Naganadel|Fire\n|move|p2a: Sultan|Sucker Punch|p1a: Naganadel\n|-damage|p1a: Naganadel|0 fnt\n|faint|p1a: Naganadel\n|\n|win|Trainer Lore\n|l|\u2606ImGoodATM\n","uploadtime":1700351160,"views":8,"p1id":"imgoodatm","p2id":"trainerlore","formatid":"gen9nationaldexubers","rating":0,"private":0,"password":""}