{"id":"gen9nationaldexubers-1988717898","p1":"CorajosoKK","p2":"BirdMR12","format":"[Gen 9] National Dex Ubers","log":"|j|\u2606CorajosoKK\n|j|\u2606BirdMR12\n|t:|1699754375\n|gametype|singles\n|player|p1|CorajosoKK|richboy|1040\n|player|p2|BirdMR12|2|1000\n|teamsize|p1|6\n|teamsize|p2|6\n|gen|9\n|tier|[Gen 9] National Dex Ubers\n|rated|\n|rule|HP Percentage Mod: HP is shown in percentages\n|rule|Endless Battle Clause: Forcing endless battles is banned\n|rule|OHKO Clause: OHKO moves are banned\n|rule|Evasion Moves Clause: Evasion moves are banned\n|rule|Evasion Items Clause: Evasion items are banned\n|rule|Species Clause: Limit one of each Pok\u00e9mon\n|rule|Sleep Clause Mod: Limit one foe put to sleep\n|rule|Mega Rayquaza Clause: You cannot mega evolve Rayquaza\n|clearpoke\n|poke|p1|Shuckle, F|\n|poke|p1|Dracovish|\n|poke|p1|Grimmsnarl, M|\n|poke|p1|Mimikyu, F|\n|poke|p1|Darmanitan-Galar, F|\n|poke|p1|Inteleon, F|\n|poke|p2|Staraptor, M|\n|poke|p2|Palkia|\n|poke|p2|Crobat, F|\n|poke|p2|Pachirisu, F|\n|poke|p2|Empoleon, F|\n|poke|p2|Luxray, M|\n|teampreview\n|\n|t:|1699754382\n|start\n|switch|p1a: Shuckle|Shuckle, F|100\/100\n|switch|p2a: Pachirisu|Pachirisu, F|100\/100\n|turn|1\n|\n|t:|1699754389\n|move|p2a: Pachirisu|Thunder|p1a: Shuckle\n|-damage|p1a: Shuckle|88\/100\n|-status|p1a: Shuckle|par\n|move|p1a: Shuckle|Sticky Web|p2a: Pachirisu\n|-sidestart|p2: BirdMR12|move: Sticky Web\n|\n|upkeep\n|turn|2\n|\n|t:|1699754397\n|move|p2a: Pachirisu|Dig||[still]\n|-prepare|p2a: Pachirisu|Dig\n|move|p1a: Shuckle|Stealth Rock|p2a: Pachirisu\n|-sidestart|p2: BirdMR12|move: Stealth Rock\n|\n|upkeep\n|turn|3\n|\n|t:|1699754407\n|move|p2a: Pachirisu|Dig|p1a: Shuckle|[from]lockedmove\n|-damage|p1a: Shuckle|80\/100 par\n|move|p1a: Shuckle|Encore|p2a: Pachirisu\n|-start|p2a: Pachirisu|Encore\n|\n|upkeep\n|turn|4\n|\n|t:|1699754414\n|move|p2a: Pachirisu|Dig||[still]\n|-prepare|p2a: Pachirisu|Dig\n|cant|p1a: Shuckle|par\n|\n|upkeep\n|turn|5\n|\n|t:|1699754419\n|move|p2a: Pachirisu|Dig|p1a: Shuckle|[from]lockedmove\n|-damage|p1a: Shuckle|71\/100 par\n|cant|p1a: Shuckle|par\n|\n|upkeep\n|turn|6\n|\n|t:|1699754428\n|switch|p2a: Palkia|Palkia|100\/100\n|-activate|p2a: Palkia|move: Sticky Web\n|-unboost|p2a: Palkia|spe|1\n|-damage|p2a: Palkia|88\/100|[from] Stealth Rock\n|-ability|p2a: Palkia|Pressure\n|move|p1a: Shuckle|Toxic|p2a: Palkia\n|-status|p2a: Palkia|tox\n|\n|-damage|p2a: Palkia|82\/100 tox|[from] psn\n|upkeep\n|turn|7\n|\n|t:|1699754440\n|-terastallize|p2a: Palkia|Flying\n|move|p2a: Palkia|Hydro Pump|p1a: Shuckle|[miss]\n|-miss|p2a: Palkia|p1a: Shuckle\n|move|p1a: Shuckle|Encore|p2a: Palkia\n|-start|p2a: Palkia|Encore\n|\n|-damage|p2a: Palkia|70\/100 tox|[from] psn\n|upkeep\n|turn|8\n|\n|t:|1699754463\n|switch|p1a: Inteleon|Inteleon, F|100\/100\n|move|p2a: Palkia|Hydro Pump|p1a: Inteleon\n|-resisted|p1a: Inteleon\n|-damage|p1a: Inteleon|54\/100\n|\n|-damage|p2a: Palkia|52\/100 tox|[from] psn\n|upkeep\n|turn|9\n|\n|t:|1699754475\n|move|p1a: Inteleon|Ice Beam|p2a: Palkia\n|-supereffective|p2a: Palkia\n|-damage|p2a: Palkia|0 fnt\n|faint|p2a: Palkia\n|\n|upkeep\n|\n|t:|1699754483\n|switch|p2a: Luxray|Luxray, M|100\/100\n|-activate|p2a: Luxray|move: Sticky Web\n|-unboost|p2a: Luxray|spe|1\n|-damage|p2a: Luxray|88\/100|[from] Stealth Rock\n|turn|10\n|\n|t:|1699754492\n|move|p1a: Inteleon|Surf|p2a: Luxray\n|-damage|p2a: Luxray|37\/100\n|move|p2a: Luxray|Wild Charge|p1a: Inteleon\n|-supereffective|p1a: Inteleon\n|-crit|p1a: Inteleon\n|-damage|p1a: Inteleon|0 fnt\n|faint|p1a: Inteleon\n|-damage|p2a: Luxray|25\/100|[from] Recoil\n|\n|upkeep\n|\n|t:|1699754503\n|switch|p1a: Grimmsnarl|Grimmsnarl, M|100\/100\n|turn|11\n|\n|t:|1699754509\n|move|p1a: Grimmsnarl|Reflect|p1a: Grimmsnarl\n|-sidestart|p1: CorajosoKK|Reflect\n|move|p2a: Luxray|Hyper Beam|p1a: Grimmsnarl\n|-damage|p1a: Grimmsnarl|59\/100\n|-mustrecharge|p2a: Luxray\n|\n|upkeep\n|turn|12\n|\n|t:|1699754517\n|move|p1a: Grimmsnarl|Light Screen|p1a: Grimmsnarl\n|-sidestart|p1: CorajosoKK|move: Light Screen\n|cant|p2a: Luxray|recharge\n|\n|upkeep\n|turn|13\n|\n|t:|1699754524\n|move|p1a: Grimmsnarl|Spirit Break|p2a: Luxray\n|-damage|p2a: Luxray|0 fnt\n|faint|p2a: Luxray\n|\n|upkeep\n|\n|t:|1699754529\n|switch|p2a: Empoleon|Empoleon, F|100\/100\n|-activate|p2a: Empoleon|move: Sticky Web\n|-unboost|p2a: Empoleon|spe|1\n|-damage|p2a: Empoleon|94\/100|[from] Stealth Rock\n|turn|14\n|\n|t:|1699754540\n|move|p1a: Grimmsnarl|Taunt|p2a: Empoleon\n|-start|p2a: Empoleon|move: Taunt\n|move|p2a: Empoleon|Hydro Cannon|p1a: Grimmsnarl\n|-damage|p1a: Grimmsnarl|21\/100\n|-mustrecharge|p2a: Empoleon\n|\n|upkeep\n|turn|15\n|\n|t:|1699754549\n|move|p1a: Grimmsnarl|Spirit Break|p2a: Empoleon\n|-resisted|p2a: Empoleon\n|-damage|p2a: Empoleon|79\/100\n|-unboost|p2a: Empoleon|spa|1\n|cant|p2a: Empoleon|recharge\n|\n|upkeep\n|turn|16\n|\n|t:|1699754557\n|move|p1a: Grimmsnarl|Spirit Break|p2a: Empoleon\n|-resisted|p2a: Empoleon\n|-damage|p2a: Empoleon|65\/100\n|-unboost|p2a: Empoleon|spa|1\n|move|p2a: Empoleon|Flash Cannon|p1a: Grimmsnarl\n|-supereffective|p1a: Grimmsnarl\n|-damage|p1a: Grimmsnarl|7\/100\n|\n|-end|p2a: Empoleon|move: Taunt\n|upkeep\n|turn|17\n|\n|t:|1699754567\n|move|p1a: Grimmsnarl|Spirit Break|p2a: Empoleon\n|-resisted|p2a: Empoleon\n|-damage|p2a: Empoleon|50\/100\n|-unboost|p2a: Empoleon|spa|1\n|move|p2a: Empoleon|Flash Cannon|p1a: Grimmsnarl\n|-supereffective|p1a: Grimmsnarl\n|-damage|p1a: Grimmsnarl|0 fnt\n|faint|p1a: Grimmsnarl\n|\n|upkeep\n|\n|t:|1699754583\n|switch|p1a: Darmanitan|Darmanitan-Galar, F|100\/100\n|turn|18\n|\n|t:|1699754596\n|move|p1a: Darmanitan|Earthquake|p2a: Empoleon\n|-supereffective|p2a: Empoleon\n|-damage|p2a: Empoleon|0 fnt\n|faint|p2a: Empoleon\n|\n|-sideend|p1: CorajosoKK|Reflect\n|upkeep\n|\n|t:|1699754600\n|switch|p2a: Staraptor|Staraptor, M|100\/100\n|-damage|p2a: Staraptor|75\/100|[from] Stealth Rock\n|-ability|p2a: Staraptor|Intimidate|boost\n|-unboost|p1a: Darmanitan|atk|1\n|turn|19\n|\n|t:|1699754608\n|switch|p1a: Shuckle|Shuckle, F|71\/100 par\n|move|p2a: Staraptor|Brave Bird|p1a: Shuckle\n|-damage|p1a: Shuckle|41\/100 par\n|-damage|p2a: Staraptor|68\/100|[from] Recoil\n|-heal|p2a: Staraptor|71\/100|[from] item: Shell Bell|[of] p1a: Shuckle\n|\n|-sideend|p1: CorajosoKK|move: Light Screen\n|upkeep\n|turn|20\n|\n|t:|1699754619\n|move|p2a: Staraptor|Brave Bird|p1a: Shuckle\n|-damage|p1a: Shuckle|6\/100 par\n|-damage|p2a: Staraptor|62\/100|[from] Recoil\n|-heal|p2a: Staraptor|65\/100|[from] item: Shell Bell|[of] p1a: Shuckle\n|cant|p1a: Shuckle|par\n|\n|upkeep\n|turn|21\n|\n|t:|1699754628\n|move|p2a: Staraptor|Brave Bird|p1a: Shuckle\n|-damage|p1a: Shuckle|0 fnt\n|faint|p1a: Shuckle\n|-damage|p2a: Staraptor|64\/100|[from] Recoil\n|-heal|p2a: Staraptor|64\/100|[from] item: Shell Bell|[of] p1: Shuckle\n|\n|upkeep\n|\n|t:|1699754636\n|switch|p1a: Mimikyu|Mimikyu, F, shiny|100\/100\n|turn|22\n|\n|t:|1699754651\n|move|p1a: Mimikyu|Swords Dance|p1a: Mimikyu\n|-boost|p1a: Mimikyu|atk|2\n|move|p2a: Staraptor|Roost|p2a: Staraptor\n|-heal|p2a: Staraptor|100\/100\n|-singleturn|p2a: Staraptor|move: Roost\n|\n|upkeep\n|turn|23\n|\n|t:|1699754673\n|move|p1a: Mimikyu|Swords Dance|p1a: Mimikyu\n|-boost|p1a: Mimikyu|atk|2\n|move|p2a: Staraptor|Brave Bird|p1a: Mimikyu\n|-activate|p1a: Mimikyu|ability: Disguise\n|-damage|p1a: Mimikyu|100\/100\n|detailschange|p1a: Mimikyu|Mimikyu-Busted, F, shiny\n|-damage|p1a: Mimikyu|88\/100|[from] pokemon: Mimikyu-Busted\n|\n|upkeep\n|turn|24\n|\n|t:|1699754689\n|-zpower|p1a: Mimikyu\n|move|p1a: Mimikyu|Let's Snuggle Forever|p2a: Staraptor|[zeffect]\n|-damage|p2a: Staraptor|0 fnt\n|faint|p2a: Staraptor\n|\n|upkeep\n|\n|t:|1699754698\n|switch|p2a: Pachirisu|Pachirisu, F|100\/100\n|-activate|p2a: Pachirisu|move: Sticky Web\n|-fail|p2a: Pachirisu|unboost|[from] item: Clear Amulet|[of] p2a: Pachirisu\n|-damage|p2a: Pachirisu|88\/100|[from] Stealth Rock\n|turn|25\n|\n|t:|1699754716\n|move|p1a: Mimikyu|Play Rough|p2a: Pachirisu\n|-damage|p2a: Pachirisu|0 fnt\n|faint|p2a: Pachirisu\n|\n|upkeep\n|\n|t:|1699754720\n|switch|p2a: Crobat|Crobat, F|100\/100\n|-damage|p2a: Crobat|76\/100|[from] Stealth Rock\n|turn|26\n|\n|t:|1699754739\n|move|p2a: Crobat|Sludge Bomb|p1a: Mimikyu\n|-damage|p1a: Mimikyu|52\/100\n|move|p1a: Mimikyu|Shadow Claw|p2a: Crobat\n|-damage|p2a: Crobat|0 fnt\n|faint|p2a: Crobat\n|\n|win|CorajosoKK\n|raw|CorajosoKK's rating: 1040 &rarr; <strong>1070<\/strong><br \/>(+30 for winning)\n|raw|BirdMR12's rating: 1000 &rarr; <strong>1000<\/strong><br \/>(+0 for losing)\n|l|\u2606BirdMR12\n","uploadtime":1699754752,"views":5,"p1id":"corajosokk","p2id":"birdmr12","formatid":"gen9nationaldexubers","rating":1000,"private":0,"password":""}