{"id":"gen9nationaldexubers-1990035423","p1":"Sc4rletQu33n","p2":"Extra Numb","format":"[Gen 9] National Dex Ubers","log":"|j|\u2606Sc4rletQu33n\n|j|\u2606Extra Numb\n|t:|1699917622\n|gametype|singles\n|player|p1|Sc4rletQu33n|cynthia-gen4|\n|player|p2|Extra Numb|maid|\n|teamsize|p1|6\n|teamsize|p2|6\n|gen|9\n|tier|[Gen 9] National Dex Ubers\n|rule|HP Percentage Mod: HP is shown in percentages\n|rule|Endless Battle Clause: Forcing endless battles is banned\n|rule|OHKO Clause: OHKO moves are banned\n|rule|Evasion Moves Clause: Evasion moves are banned\n|rule|Evasion Items Clause: Evasion items are banned\n|rule|Species Clause: Limit one of each Pok\u00e9mon\n|rule|Sleep Clause Mod: Limit one foe put to sleep\n|rule|Mega Rayquaza Clause: You cannot mega evolve Rayquaza\n|clearpoke\n|poke|p1|Raticate, L25, F|\n|poke|p1|Furret, L25, M|\n|poke|p1|Linoone, L25, F|\n|poke|p1|Bibarel, L25, M|\n|poke|p1|Diggersby, L25, F|\n|poke|p1|Maushold-Four, L25|\n|poke|p2|Lucario, L25, F|\n|poke|p2|Ribombee, L25, M|\n|poke|p2|Arcanine, L25, F|\n|poke|p2|Gengar, L25, M|\n|poke|p2|Lilligant, L25, F|\n|poke|p2|Clefable, L25, F|\n|teampreview\n|\n|t:|1699917638\n|start\n|switch|p1a: Raticate|Raticate, L25, F|100\/100\n|switch|p2a: Ribombee|Ribombee, L25, M, shiny|100\/100\n|turn|1\n|\n|t:|1699917643\n|move|p1a: Raticate|Protect|p1a: Raticate\n|-singleturn|p1a: Raticate|Protect\n|move|p2a: Ribombee|Sticky Web|p1a: Raticate\n|-sidestart|p1: Sc4rletQu33n|move: Sticky Web\n|\n|-status|p1a: Raticate|brn|[from] item: Flame Orb\n|upkeep\n|turn|2\n|\n|t:|1699917658\n|-terastallize|p1a: Raticate|Normal\n|move|p2a: Ribombee|Bug Buzz|p1a: Raticate\n|-damage|p1a: Raticate|40\/100 brn\n|-unboost|p1a: Raticate|spd|1\n|move|p1a: Raticate|Facade|p2a: Ribombee\n|-damage|p2a: Ribombee|0 fnt\n|faint|p2a: Ribombee\n|\n|-damage|p1a: Raticate|35\/100 brn|[from] brn\n|upkeep\n|\n|t:|1699917668\n|switch|p2a: Arcanine|Arcanine, L25, F, shiny|100\/100\n|-ability|p2a: Arcanine|Intimidate|boost\n|-unboost|p1a: Raticate|atk|1\n|turn|3\n|\n|t:|1699917673\n|move|p2a: Arcanine|Extreme Speed|p1a: Raticate\n|-damage|p1a: Raticate|0 fnt\n|faint|p1a: Raticate\n|\n|upkeep\n|\n|t:|1699917677\n|switch|p1a: Linoone|Linoone, L25, F, shiny|100\/100\n|-activate|p1a: Linoone|move: Sticky Web\n|-unboost|p1a: Linoone|spe|1\n|turn|4\n|\n|t:|1699917682\n|move|p2a: Arcanine|Flare Blitz|p1a: Linoone\n|-damage|p1a: Linoone|0 fnt\n|faint|p1a: Linoone\n|-damage|p2a: Arcanine|74\/100|[from] Recoil\n|\n|upkeep\n|\n|t:|1699917686\n|switch|p1a: Bibarel|Bibarel, L25, M|100\/100\n|-activate|p1a: Bibarel|move: Sticky Web\n|-unboost|p1a: Bibarel|spe|2\n|turn|5\n|\n|t:|1699917696\n|move|p1a: Bibarel|Aqua Jet|p2a: Arcanine\n|-supereffective|p2a: Arcanine\n|-damage|p2a: Arcanine|39\/100\n|-damage|p1a: Bibarel|85\/100|[from] item: Rocky Helmet|[of] p2a: Arcanine\n|move|p2a: Arcanine|Wild Charge|p1a: Bibarel\n|-supereffective|p1a: Bibarel\n|-damage|p1a: Bibarel|0 fnt\n|faint|p1a: Bibarel\n|-damage|p2a: Arcanine|23\/100|[from] Recoil\n|\n|upkeep\n|\n|t:|1699917705\n|switch|p1a: Furret|Furret, L25, M|100\/100\n|-activate|p1a: Furret|move: Sticky Web\n|-unboost|p1a: Furret|spe|1\n|-item|p2a: Arcanine|Rocky Helmet|[from] ability: Frisk|[of] p1a: Furret|[identify]\n|turn|6\n|\n|t:|1699917714\n|move|p2a: Arcanine|Flare Blitz|p1a: Furret\n|-damage|p1a: Furret|0 fnt\n|faint|p1a: Furret\n|-damage|p2a: Arcanine|0 fnt|[from] Recoil\n|faint|p2a: Arcanine\n|\n|upkeep\n|\n|t:|1699917722\n|switch|p1a: Diggersby|Diggersby, L25, F|100\/100\n|switch|p2a: Lucario|Lucario, L25, F, shiny|100\/100\n|-activate|p1a: Diggersby|move: Sticky Web\n|-unboost|p1a: Diggersby|spe|1\n|turn|7\n|\n|t:|1699917731\n|move|p2a: Lucario|High Jump Kick|p1a: Diggersby\n|-supereffective|p1a: Diggersby\n|-damage|p1a: Diggersby|0 fnt\n|faint|p1a: Diggersby\n|-damage|p2a: Lucario|91\/100|[from] item: Life Orb\n|\n|upkeep\n|\n|t:|1699917734\n|switch|p1a: Maushold|Maushold-Four, L25|100\/100\n|-activate|p1a: Maushold|move: Sticky Web\n|-unboost|p1a: Maushold|spe|1\n|turn|8\n|\n|t:|1699917741\n|move|p2a: Lucario|High Jump Kick|p1a: Maushold\n|-supereffective|p1a: Maushold\n|-damage|p1a: Maushold|0 fnt\n|faint|p1a: Maushold\n|-damage|p2a: Lucario|82\/100|[from] item: Life Orb\n|\n|win|Extra Numb\n","uploadtime":1699917750,"views":8,"p1id":"sc4rletqu33n","p2id":"extranumb","formatid":"gen9nationaldexubers","rating":0,"private":0,"password":""}