{"id":"gen9nationaldexubers-1981281974","p1":"aguinaldo124","p2":"ThtBrklnGal","format":"[Gen 9] National Dex Ubers","log":"|j|\u2606aguinaldo124\n|j|\u2606ThtBrklnGal\n|t:|1698879429\n|gametype|singles\n|player|p1|aguinaldo124|red|1008\n|player|p2|ThtBrklnGal|shadowtriad|1000\n|teamsize|p1|6\n|teamsize|p2|6\n|gen|9\n|tier|[Gen 9] National Dex Ubers\n|rated|\n|rule|HP Percentage Mod: HP is shown in percentages\n|rule|Endless Battle Clause: Forcing endless battles is banned\n|rule|OHKO Clause: OHKO moves are banned\n|rule|Evasion Moves Clause: Evasion moves are banned\n|rule|Evasion Items Clause: Evasion items are banned\n|rule|Species Clause: Limit one of each Pok\u00e9mon\n|rule|Sleep Clause Mod: Limit one foe put to sleep\n|rule|Mega Rayquaza Clause: You cannot mega evolve Rayquaza\n|clearpoke\n|poke|p1|Galvantula, F|\n|poke|p1|Blaziken, M|\n|poke|p1|Dragapult, M|\n|poke|p1|Beedrill, M|\n|poke|p1|Gliscor, F|\n|poke|p1|Iron Valiant|\n|poke|p2|Ninetales-Alola, F|\n|poke|p2|Umbreon, F|\n|poke|p2|Kyogre|\n|poke|p2|Serperior, M|\n|poke|p2|Dragapult, F|\n|poke|p2|Regieleki|\n|teampreview\n|inactive|Battle timer is ON: inactive players will automatically lose when time's up. (requested by aguinaldo124)\n|\n|t:|1698879437\n|start\n|switch|p1a: Blaziken|Blaziken, M|100\/100\n|switch|p2a: Lumi|Ninetales-Alola, F, shiny|100\/100\n|-weather|Snow|[from] ability: Snow Warning|[of] p2a: Lumi\n|turn|1\n|\n|t:|1698879446\n|move|p2a: Lumi|Aurora Veil|p2a: Lumi\n|-sidestart|p2: ThtBrklnGal|move: Aurora Veil\n|move|p1a: Blaziken|Swords Dance|p1a: Blaziken\n|-boost|p1a: Blaziken|atk|2\n|\n|-weather|Snow|[upkeep]\n|-ability|p1a: Blaziken|Speed Boost|boost\n|-boost|p1a: Blaziken|spe|1\n|upkeep\n|turn|2\n|\n|t:|1698879456\n|move|p1a: Blaziken|Swords Dance|p1a: Blaziken\n|-boost|p1a: Blaziken|atk|2\n|move|p2a: Lumi|Moonblast|p1a: Blaziken\n|-crit|p1a: Blaziken\n|-damage|p1a: Blaziken|43\/100\n|\n|-weather|Snow|[upkeep]\n|-ability|p1a: Blaziken|Speed Boost|boost\n|-boost|p1a: Blaziken|spe|1\n|upkeep\n|turn|3\n|\n|t:|1698879469\n|move|p1a: Blaziken|Blaze Kick|p2a: Lumi|[miss]\n|-miss|p1a: Blaziken|p2a: Lumi\n|move|p2a: Lumi|Moonblast|p1a: Blaziken\n|-crit|p1a: Blaziken\n|-damage|p1a: Blaziken|0 fnt\n|faint|p1a: Blaziken\n|\n|-weather|Snow|[upkeep]\n|upkeep\n|c|\u2606aguinaldo124|Dude\n|c|\u2606aguinaldo124|Hahaha\n|c|\u2606aguinaldo124|2 crits\n|c|\u2606aguinaldo124|And 1 miss\n|inactive|aguinaldo124 has 120 seconds left.\n|c|\u2606aguinaldo124|So legit ngl\n|\n|t:|1698879501\n|switch|p1a: Galvantula|Galvantula, F|100\/100\n|turn|4\n|inactive|aguinaldo124 has 120 seconds left.\n|\n|t:|1698879506\n|move|p2a: Lumi|Freeze-Dry|p1a: Galvantula\n|-crit|p1a: Galvantula\n|-damage|p1a: Galvantula|43\/100\n|move|p1a: Galvantula|Sticky Web|p2a: Lumi\n|-sidestart|p2: ThtBrklnGal|move: Sticky Web\n|\n|-weather|Snow|[upkeep]\n|upkeep\n|turn|5\n|c|\u2606aguinaldo124|Another crit lol\n|inactive|aguinaldo124 has 120 seconds left.\n|\n|t:|1698879518\n|move|p2a: Lumi|Freeze-Dry|p1a: Galvantula\n|-damage|p1a: Galvantula|8\/100\n|move|p1a: Galvantula|Thunder|p2a: Lumi\n|-damage|p2a: Lumi|78\/100\n|\n|-weather|none\n|upkeep\n|turn|6\n|\n|t:|1698879528\n|move|p2a: Lumi|Moonblast|p1a: Galvantula\n|-damage|p1a: Galvantula|0 fnt\n|faint|p1a: Galvantula\n|\n|upkeep\n|inactive|aguinaldo124 has 120 seconds left.\n|\n|t:|1698879547\n|switch|p1a: Beedrill|Beedrill, M|100\/100\n|turn|7\n|inactive|aguinaldo124 has 120 seconds left.\n|\n|t:|1698879558\n|detailschange|p1a: Beedrill|Beedrill-Mega, M\n|-mega|p1a: Beedrill|Beedrill|Beedrillite\n|move|p1a: Beedrill|Poison Jab|p2a: Lumi\n|-supereffective|p2a: Lumi\n|-damage|p2a: Lumi|3\/100\n|-status|p2a: Lumi|psn\n|move|p2a: Lumi|Moonblast|p1a: Beedrill\n|-resisted|p1a: Beedrill\n|-damage|p1a: Beedrill|81\/100\n|-unboost|p1a: Beedrill|spa|1\n|\n|-damage|p2a: Lumi|0 fnt|[from] psn\n|faint|p2a: Lumi\n|upkeep\n|\n|t:|1698879574\n|switch|p2a: Kyogre|Kyogre|100\/100\n|-activate|p2a: Kyogre|move: Sticky Web\n|-unboost|p2a: Kyogre|spe|1\n|-weather|RainDance|[from] ability: Drizzle|[of] p2a: Kyogre\n|turn|8\n|\n|t:|1698879584\n|switch|p1a: Dragapult|Dragapult, M|100\/100\n|move|p2a: Kyogre|Origin Pulse|p1a: Dragapult\n|-resisted|p1a: Dragapult\n|-damage|p1a: Dragapult|22\/100\n|\n|-weather|RainDance|[upkeep]\n|-sideend|p2: ThtBrklnGal|move: Aurora Veil\n|upkeep\n|turn|9\n|\n|t:|1698879595\n|move|p2a: Kyogre|Protect|p2a: Kyogre\n|-singleturn|p2a: Kyogre|Protect\n|move|p1a: Dragapult|Draco Meteor|p2a: Kyogre\n|-activate|p2a: Kyogre|move: Protect\n|\n|-weather|RainDance|[upkeep]\n|upkeep\n|turn|10\n|\n|t:|1698879617\n|move|p1a: Dragapult|Draco Meteor|p2a: Kyogre\n|-damage|p2a: Kyogre|41\/100\n|-unboost|p1a: Dragapult|spa|2\n|move|p2a: Kyogre|Origin Pulse|p1a: Dragapult\n|-resisted|p1a: Dragapult\n|-damage|p1a: Dragapult|0 fnt\n|faint|p1a: Dragapult\n|\n|-weather|RainDance|[upkeep]\n|upkeep\n|\n|t:|1698879629\n|switch|p1a: Iron Valiant|Iron Valiant|100\/100\n|-enditem|p1a: Iron Valiant|Booster Energy\n|-activate|p1a: Iron Valiant|ability: Quark Drive|[fromitem]\n|-start|p1a: Iron Valiant|quarkdrivespe\n|turn|11\n|\n|t:|1698879637\n|move|p1a: Iron Valiant|Thunderbolt|p2a: Kyogre\n|-supereffective|p2a: Kyogre\n|-damage|p2a: Kyogre|0 fnt\n|faint|p2a: Kyogre\n|\n|-weather|RainDance|[upkeep]\n|upkeep\n|\n|t:|1698879652\n|switch|p2a: Phantasma|Dragapult, F|100\/100\n|-activate|p2a: Phantasma|move: Sticky Web\n|-unboost|p2a: Phantasma|spe|1\n|turn|12\n|\n|t:|1698879660\n|move|p1a: Iron Valiant|Moonblast|p2a: Phantasma\n|-supereffective|p2a: Phantasma\n|-damage|p2a: Phantasma|10\/100\n|move|p2a: Phantasma|Psychic Fangs|p1a: Iron Valiant\n|-supereffective|p1a: Iron Valiant\n|-damage|p1a: Iron Valiant|25\/100\n|\n|-weather|none\n|upkeep\n|turn|13\n|\n|t:|1698879671\n|move|p2a: Phantasma|Sucker Punch|p1a: Iron Valiant\n|-resisted|p1a: Iron Valiant\n|-damage|p1a: Iron Valiant|16\/100\n|move|p1a: Iron Valiant|Moonblast|p2a: Phantasma\n|-supereffective|p2a: Phantasma\n|-damage|p2a: Phantasma|0 fnt\n|faint|p2a: Phantasma\n|\n|upkeep\n|\n|t:|1698879680\n|switch|p2a: Regieleki|Regieleki, shiny|100\/100\n|-activate|p2a: Regieleki|move: Sticky Web\n|-unboost|p2a: Regieleki|spe|1\n|turn|14\n|\n|t:|1698879688\n|move|p1a: Iron Valiant|Close Combat|p2a: Regieleki\n|-enditem|p2a: Regieleki|Focus Sash\n|-damage|p2a: Regieleki|1\/100\n|-unboost|p1a: Iron Valiant|def|1\n|-unboost|p1a: Iron Valiant|spd|1\n|move|p2a: Regieleki|Volt Switch|p1a: Iron Valiant\n|-damage|p1a: Iron Valiant|0 fnt\n|faint|p1a: Iron Valiant\n|-end|p1a: Iron Valiant|Quark Drive|[silent]\n|\n|t:|1698879701\n|switch|p2a: Boa|Serperior, M|100\/100|[from] Volt Switch\n|-activate|p2a: Boa|move: Sticky Web\n|-boost|p2a: Boa|spe|1\n|\n|upkeep\n|\n|t:|1698879708\n|switch|p1a: Beedrill|Beedrill-Mega, M|81\/100\n|turn|15\n|\n|t:|1698879713\n|move|p2a: Boa|Glare|p1a: Beedrill\n|-status|p1a: Beedrill|par\n|move|p1a: Beedrill|X-Scissor|p2a: Boa\n|-supereffective|p2a: Boa\n|-crit|p2a: Boa\n|-damage|p2a: Boa|0 fnt\n|faint|p2a: Boa\n|\n|upkeep\n|\n|t:|1698879722\n|switch|p2a: Tricky|Umbreon, F, shiny|100\/100\n|-activate|p2a: Tricky|move: Sticky Web\n|-unboost|p2a: Tricky|spe|1\n|turn|16\n|\n|t:|1698879727\n|move|p1a: Beedrill|X-Scissor|p2a: Tricky\n|-supereffective|p2a: Tricky\n|-damage|p2a: Tricky|17\/100\n|move|p2a: Tricky|Foul Play|p1a: Beedrill\n|-damage|p1a: Beedrill|0 fnt\n|faint|p1a: Beedrill\n|\n|-heal|p2a: Tricky|23\/100|[from] item: Leftovers\n|upkeep\n|\n|t:|1698879739\n|switch|p1a: Gliscor|Gliscor, F|100\/100\n|turn|17\n|\n|t:|1698879748\n|move|p1a: Gliscor|Earthquake|p2a: Tricky\n|-damage|p2a: Tricky|0 fnt\n|faint|p2a: Tricky\n|\n|-status|p1a: Gliscor|tox|[from] item: Toxic Orb\n|upkeep\n|\n|t:|1698879755\n|switch|p2a: Regieleki|Regieleki, shiny|1\/100\n|-activate|p2a: Regieleki|move: Sticky Web\n|-unboost|p2a: Regieleki|spe|1\n|turn|18\n|\n|t:|1698879761\n|-terastallize|p2a: Regieleki|Rock\n|-terastallize|p1a: Gliscor|Ghost\n|move|p2a: Regieleki|Tera Blast|p1a: Gliscor|[anim] Tera Blast Rock\n|-damage|p1a: Gliscor|57\/100 tox\n|move|p1a: Gliscor|Earthquake|p2a: Regieleki\n|-supereffective|p2a: Regieleki\n|-crit|p2a: Regieleki\n|-damage|p2a: Regieleki|0 fnt\n|faint|p2a: Regieleki\n|\n|win|aguinaldo124\n|raw|aguinaldo124's rating: 1008 &rarr; <strong>1046<\/strong><br \/>(+38 for winning)\n|raw|ThtBrklnGal's rating: 1000 &rarr; <strong>1000<\/strong><br \/>(+0 for losing)\n","uploadtime":1698879817,"views":7,"p1id":"aguinaldo124","p2id":"thtbrklngal","formatid":"gen9nationaldexubers","rating":1000,"private":0,"password":""}