{"id":"gen9nationaldexubers-1982887070","p1":"Malice Incarnate","p2":"Destinum","format":"[Gen 9] National Dex Ubers","log":"|j|\u2606Malice Incarnate\n|j|\u2606Destinum\n|t:|1699055030\n|gametype|singles\n|player|p1|Malice Incarnate|palmer|\n|player|p2|Destinum|colress|\n|teamsize|p1|6\n|teamsize|p2|6\n|gen|9\n|tier|[Gen 9] National Dex Ubers\n|rule|HP Percentage Mod: HP is shown in percentages\n|rule|Endless Battle Clause: Forcing endless battles is banned\n|rule|OHKO Clause: OHKO moves are banned\n|rule|Evasion Moves Clause: Evasion moves are banned\n|rule|Evasion Items Clause: Evasion items are banned\n|rule|Species Clause: Limit one of each Pok\u00e9mon\n|rule|Sleep Clause Mod: Limit one foe put to sleep\n|rule|Mega Rayquaza Clause: You cannot mega evolve Rayquaza\n|clearpoke\n|poke|p1|Scizor, F|\n|poke|p1|Landorus-Therian, M|\n|poke|p1|Greninja-*, M|\n|poke|p1|Corviknight, F|\n|poke|p1|Blissey, F|\n|poke|p1|Conkeldurr, M|\n|poke|p2|Ninetales-Alola, F|\n|poke|p2|Darmanitan-Galar, M|\n|poke|p2|Avalugg, M|\n|poke|p2|Piloswine, M|\n|poke|p2|Calyrex-Ice|\n|poke|p2|Kyurem-White|\n|teampreview\n|inactive|Battle timer is ON: inactive players will automatically lose when time's up. (requested by Malice Incarnate)\n|c|\u2606Malice Incarnate|tera dragon corv\n|c|\u2606Malice Incarnate|so no worries about that lmao\n|inactive|Destinum has 270 seconds left.\n|c|\u2606Destinum|Fantastic.\n|j| IncandescentCandle\n|\n|t:|1699055079\n|start\n|switch|p1a: Scizor|Scizor, F|100\/100\n|switch|p2a: A Madafaking T-Rex|Kyurem-White|100\/100\n|-ability|p2a: A Madafaking T-Rex|Turboblaze\n|turn|1\n|c|\u2606Malice Incarnate|do you like the team?\n|\n|t:|1699055087\n|switch|p1a: Blissey|Blissey, F|100\/100\n|-terastallize|p2a: A Madafaking T-Rex|Dragon\n|move|p2a: A Madafaking T-Rex|Fusion Flare|p1a: Blissey\n|-damage|p1a: Blissey|79\/100\n|\n|upkeep\n|turn|2\n|\n|t:|1699055097\n|switch|p2a: Let It Go|Ninetales-Alola, F|100\/100\n|-weather|Snow|[from] ability: Snow Warning|[of] p2a: Let It Go\n|move|p1a: Blissey|Toxic|p2a: Let It Go\n|-status|p2a: Let It Go|tox\n|\n|-weather|Snow|[upkeep]\n|-damage|p2a: Let It Go|95\/100 tox|[from] psn\n|upkeep\n|turn|3\n|\n|t:|1699055099\n|move|p2a: Let It Go|Aurora Veil|p2a: Let It Go\n|-sidestart|p2: Destinum|move: Aurora Veil\n|move|p1a: Blissey|Teleport|p1a: Blissey\n|\n|t:|1699055102\n|switch|p1a: Scizor|Scizor, F|100\/100|[from] Teleport\n|\n|-weather|Snow|[upkeep]\n|-damage|p2a: Let It Go|83\/100 tox|[from] psn\n|upkeep\n|turn|4\n|\n|t:|1699055105\n|switch|p2a: A Madafaking T-Rex|Kyurem-White, tera:Dragon|100\/100\n|-ability|p2a: A Madafaking T-Rex|Turboblaze\n|detailschange|p1a: Scizor|Scizor-Mega, F\n|-mega|p1a: Scizor|Scizor|Scizorite\n|move|p1a: Scizor|U-turn|p2a: A Madafaking T-Rex\n|-damage|p2a: A Madafaking T-Rex|84\/100\n|\n|t:|1699055112\n|switch|p1a: Blissey|Blissey, F|79\/100|[from] U-turn\n|\n|-weather|Snow|[upkeep]\n|upkeep\n|turn|5\n|\n|t:|1699055128\n|switch|p2a: Chris P. Bacon|Piloswine, M|100\/100\n|move|p1a: Blissey|Soft-Boiled|p1a: Blissey\n|-heal|p1a: Blissey|100\/100\n|\n|-weather|Snow|[upkeep]\n|upkeep\n|turn|6\n|\n|t:|1699055130\n|move|p1a: Blissey|Toxic|p2a: Chris P. Bacon\n|-status|p2a: Chris P. Bacon|tox\n|move|p2a: Chris P. Bacon|Stealth Rock|p1a: Blissey\n|-sidestart|p1: Malice Incarnate|move: Stealth Rock\n|\n|-weather|none\n|-damage|p2a: Chris P. Bacon|94\/100 tox|[from] psn\n|upkeep\n|turn|7\n|c| IncandescentCandle|they should give kyurem cm\n|c| IncandescentCandle|trust\n|c|\u2606Malice Incarnate|no\n|c|\u2606Malice Incarnate|no\n|c|\u2606Malice Incarnate|no\n|c|\u2606Malice Incarnate|n\n|c|\u2606Malice Incarnate|n\n|j| Jack0lantern89\n|\n|t:|1699055145\n|switch|p2a: I Choose Violence|Darmanitan-Galar, M|100\/100\n|move|p1a: Blissey|Teleport|p1a: Blissey\n|c| IncandescentCandle|someone is not a fan...\n|\n|t:|1699055154\n|switch|p1a: Greninja|Greninja, M|100\/100|[from] Teleport\n|-damage|p1a: Greninja|88\/100|[from] Stealth Rock\n|\n|upkeep\n|turn|8\n|\n|t:|1699055158\n|move|p1a: Greninja|Rock Slide|p2a: I Choose Violence\n|-start|p1a: Greninja|typechange|Rock|[from] ability: Protean\n|-supereffective|p2a: I Choose Violence\n|-damage|p2a: I Choose Violence|58\/100\n|move|p2a: I Choose Violence|U-turn|p1a: Greninja\n|-crit|p1a: Greninja\n|-damage|p1a: Greninja|0 fnt\n|faint|p1a: Greninja\n|c|\u2606Malice Incarnate|crit didnt matter at least\n|\n|t:|1699055173\n|switch|p2a: Carolus Rex|Calyrex-Ice|100\/100|[from] U-turn\n|-ability|p2a: Carolus Rex|As One\n|-ability|p2a: Carolus Rex|Unnerve\n|\n|upkeep\n|c|\u2606Malice Incarnate|but that hurts\n|\n|t:|1699055184\n|switch|p1a: Blissey|Blissey, F|100\/100\n|turn|9\n|\n|t:|1699055191\n|move|p1a: Blissey|Toxic|p2a: Carolus Rex\n|-status|p2a: Carolus Rex|tox\n|move|p2a: Carolus Rex|Close Combat|p1a: Blissey\n|-supereffective|p1a: Blissey\n|-damage|p1a: Blissey|0 fnt\n|-unboost|p2a: Carolus Rex|def|1\n|-unboost|p2a: Carolus Rex|spd|1\n|faint|p1a: Blissey\n|-ability|p2a: Carolus Rex|Chilling Neigh|boost\n|-boost|p2a: Carolus Rex|atk|1\n|\n|-damage|p2a: Carolus Rex|94\/100 tox|[from] psn\n|upkeep\n|\n|t:|1699055198\n|switch|p1a: Landorus|Landorus-Therian, M|100\/100\n|-damage|p1a: Landorus|88\/100|[from] Stealth Rock\n|-ability|p1a: Landorus|Intimidate|boost\n|-unboost|p2a: Carolus Rex|atk|1\n|turn|10\n|\n|t:|1699055206\n|switch|p2a: Titanic Terminator|Avalugg, M|100\/100\n|-zpower|p1a: Landorus\n|move|p1a: Landorus|Continental Crush|p2a: Titanic Terminator|[zeffect]\n|-supereffective|p2a: Titanic Terminator\n|-damage|p2a: Titanic Terminator|71\/100\n|\n|-sideend|p2: Destinum|move: Aurora Veil\n|upkeep\n|turn|11\n|c| Jack0lantern89|i thougth blissey tanks\n|\n|t:|1699055211\n|move|p1a: Landorus|Stealth Rock|p2a: Titanic Terminator\n|-sidestart|p2: Destinum|move: Stealth Rock\n|move|p2a: Titanic Terminator|Ice Spinner|p1a: Landorus\n|-supereffective|p1a: Landorus\n|-crit|p1a: Landorus\n|-damage|p1a: Landorus|0 fnt\n|faint|p1a: Landorus\n|\n|upkeep\n|c|\u2606Malice Incarnate|me too\n|\n|t:|1699055218\n|switch|p1a: Conkeldurr|Conkeldurr, M|100\/100\n|-damage|p1a: Conkeldurr|94\/100|[from] Stealth Rock\n|turn|12\n|\n|t:|1699055224\n|move|p1a: Conkeldurr|Close Combat|p2a: Titanic Terminator\n|-supereffective|p2a: Titanic Terminator\n|-damage|p2a: Titanic Terminator|12\/100\n|-unboost|p1a: Conkeldurr|def|1\n|-unboost|p1a: Conkeldurr|spd|1\n|move|p2a: Titanic Terminator|Rapid Spin|p1a: Conkeldurr\n|-damage|p1a: Conkeldurr|78\/100\n|-boost|p2a: Titanic Terminator|spe|1\n|-sideend|p2: Destinum|Stealth Rock|[from] move: Rapid Spin|[of] p2a: Titanic Terminator\n|\n|-status|p1a: Conkeldurr|brn|[from] item: Flame Orb\n|upkeep\n|turn|13\n|\n|t:|1699055232\n|switch|p2a: Chris P. Bacon|Piloswine, M|94\/100 tox\n|move|p1a: Conkeldurr|Close Combat|p2a: Chris P. Bacon\n|-supereffective|p2a: Chris P. Bacon\n|-damage|p2a: Chris P. Bacon|0 fnt\n|-unboost|p1a: Conkeldurr|def|1\n|-unboost|p1a: Conkeldurr|spd|1\n|faint|p2a: Chris P. Bacon\n|\n|-damage|p1a: Conkeldurr|72\/100 brn|[from] brn\n|upkeep\n|\n|t:|1699055236\n|switch|p2a: Let It Go|Ninetales-Alola, F|83\/100 tox\n|-weather|Snow|[from] ability: Snow Warning|[of] p2a: Let It Go\n|turn|14\n|\n|t:|1699055240\n|move|p1a: Conkeldurr|Mach Punch|p2a: Let It Go\n|-damage|p2a: Let It Go|43\/100 tox\n|move|p2a: Let It Go|Aurora Veil|p2a: Let It Go\n|-sidestart|p2: Destinum|move: Aurora Veil\n|\n|-weather|Snow|[upkeep]\n|-damage|p2a: Let It Go|37\/100 tox|[from] psn\n|-damage|p1a: Conkeldurr|66\/100 brn|[from] brn\n|upkeep\n|turn|15\n|\n|t:|1699055244\n|switch|p1a: Scizor|Scizor-Mega, F|100\/100\n|-damage|p1a: Scizor|88\/100|[from] Stealth Rock\n|move|p2a: Let It Go|Moonblast|p1a: Scizor\n|-resisted|p1a: Scizor\n|-damage|p1a: Scizor|72\/100\n|-unboost|p1a: Scizor|spa|1\n|\n|-weather|Snow|[upkeep]\n|-damage|p2a: Let It Go|25\/100 tox|[from] psn\n|upkeep\n|turn|16\n|\n|t:|1699055248\n|switch|p2a: A Madafaking T-Rex|Kyurem-White, tera:Dragon|84\/100\n|-ability|p2a: A Madafaking T-Rex|Turboblaze\n|move|p1a: Scizor|Swords Dance|p1a: Scizor\n|-boost|p1a: Scizor|atk|2\n|\n|-weather|Snow|[upkeep]\n|upkeep\n|turn|17\n|\n|t:|1699055251\n|move|p1a: Scizor|Bullet Punch|p2a: A Madafaking T-Rex\n|-damage|p2a: A Madafaking T-Rex|55\/100\n|move|p2a: A Madafaking T-Rex|Fusion Flare|p1a: Scizor\n|-supereffective|p1a: Scizor\n|-damage|p1a: Scizor|0 fnt\n|faint|p1a: Scizor\n|\n|-weather|Snow|[upkeep]\n|upkeep\n|\n|t:|1699055254\n|switch|p1a: Conkeldurr|Conkeldurr, M|66\/100 brn\n|-damage|p1a: Conkeldurr|60\/100 brn|[from] Stealth Rock\n|turn|18\n|c| Jack0lantern89|tanks\n|c|\u2606Malice Incarnate|nah\n|c|\u2606Malice Incarnate|specs fusion flare melts even if it aint stab\n|\n|t:|1699055283\n|switch|p2a: Titanic Terminator|Avalugg, M|12\/100\n|move|p1a: Conkeldurr|Close Combat|p2a: Titanic Terminator\n|-supereffective|p2a: Titanic Terminator\n|-damage|p2a: Titanic Terminator|0 fnt\n|-unboost|p1a: Conkeldurr|def|1\n|-unboost|p1a: Conkeldurr|spd|1\n|faint|p2a: Titanic Terminator\n|\n|-weather|none\n|-damage|p1a: Conkeldurr|54\/100 brn|[from] brn\n|upkeep\n|c|\u2606Malice Incarnate|i lost a while aco\n|\n|t:|1699055288\n|switch|p2a: Carolus Rex|Calyrex-Ice|94\/100 tox\n|-ability|p2a: Carolus Rex|As One\n|-ability|p2a: Carolus Rex|Unnerve\n|turn|19\n|\n|t:|1699055292\n|move|p1a: Conkeldurr|Close Combat|p2a: Carolus Rex\n|-damage|p2a: Carolus Rex|62\/100 tox\n|-unboost|p1a: Conkeldurr|def|1\n|-unboost|p1a: Conkeldurr|spd|1\n|move|p2a: Carolus Rex|Glacial Lance|p1a: Conkeldurr\n|-damage|p1a: Conkeldurr|0 fnt\n|faint|p1a: Conkeldurr\n|-ability|p2a: Carolus Rex|Chilling Neigh|boost\n|-boost|p2a: Carolus Rex|atk|1\n|\n|-damage|p2a: Carolus Rex|56\/100 tox|[from] psn\n|upkeep\n|\n|t:|1699055294\n|switch|p1a: Corviknight|Corviknight, F|100\/100\n|-damage|p1a: Corviknight|88\/100|[from] Stealth Rock\n|-ability|p1a: Corviknight|Pressure\n|turn|20\n|c| Jack0lantern89|i meant\n|c|\u2606Malice Incarnate|gg\n|\n|t:|1699055298\n|-terastallize|p1a: Corviknight|Dragon\n|move|p1a: Corviknight|Defog|p2a: Carolus Rex\n|-unboost|p2a: Carolus Rex|evasion|1\n|-sideend|p2: Destinum|move: Aurora Veil\n|-sideend|p1: Malice Incarnate|Stealth Rock|[from] move: Defog|[of] p1a: Corviknight\n|move|p2a: Carolus Rex|Glacial Lance|p1a: Corviknight\n|-supereffective|p1a: Corviknight\n|-damage|p1a: Corviknight|0 fnt\n|faint|p1a: Corviknight\n|\n|win|Destinum\n|c|\u2606Destinum|gg\n|c| Jack0lantern89|kyrum tanks the bp\n","uploadtime":1699055306,"views":6,"p1id":"maliceincarnate","p2id":"destinum","formatid":"gen9nationaldexubers","rating":0,"private":0,"password":""}