{"id":"gen9nationaldexubers-1987110421","p1":"Hrdutzi","p2":"Grotti73","format":"[Gen 9] National Dex Ubers","log":"|j|\u2606Hrdutzi\n|j|\u2606Grotti73\n|t:|1699556900\n|gametype|singles\n|player|p1|Hrdutzi|265|\n|player|p2|Grotti73|jasmine|\n|teamsize|p1|6\n|teamsize|p2|6\n|gen|9\n|tier|[Gen 9] National Dex Ubers\n|rule|HP Percentage Mod: HP is shown in percentages\n|rule|Endless Battle Clause: Forcing endless battles is banned\n|rule|OHKO Clause: OHKO moves are banned\n|rule|Evasion Moves Clause: Evasion moves are banned\n|rule|Evasion Items Clause: Evasion items are banned\n|rule|Species Clause: Limit one of each Pok\u00e9mon\n|rule|Sleep Clause Mod: Limit one foe put to sleep\n|rule|Mega Rayquaza Clause: You cannot mega evolve Rayquaza\n|clearpoke\n|poke|p1|Emboar, M|\n|poke|p1|Chien-Pao|\n|poke|p1|Goodra-Hisui, M|\n|poke|p1|Golurk|\n|poke|p1|Milotic, M|\n|poke|p1|Slaking, M|\n|poke|p2|Zangoose, F|\n|poke|p2|Tapu Koko|\n|poke|p2|Zoroark-Hisui, M|\n|poke|p2|Sharpedo, M|\n|poke|p2|Clodsire, M|\n|poke|p2|Noivern, M|\n|teampreview\n|c|\u2606Grotti73|gl\n|j| JonethBee\n|c|\u2606Hrdutzi|gl bin sofort rdy\n|c| JonethBee|gu Morgen\n|c| JonethBee|lets fetz gl euch beide\n|\n|t:|1699556971\n|start\n|switch|p1a: Lurki|Golurk, shiny|100\/100\n|switch|p2a: Sharpedo|Sharpedo, M|100\/100\n|turn|1\n|\n|t:|1699557024\n|switch|p1a: Slaking|Slaking, M|100\/100\n|move|p2a: Sharpedo|Crunch|p1a: Slaking\n|-damage|p1a: Slaking|59\/100\n|-damage|p2a: Sharpedo|91\/100|[from] item: Life Orb\n|\n|-ability|p2a: Sharpedo|Speed Boost|boost\n|-boost|p2a: Sharpedo|spe|1\n|upkeep\n|turn|2\n|\n|t:|1699557036\n|move|p2a: Sharpedo|Protect|p2a: Sharpedo\n|-singleturn|p2a: Sharpedo|Protect\n|move|p1a: Slaking|Drain Punch|p2a: Sharpedo\n|-activate|p2a: Sharpedo|move: Protect\n|\n|-ability|p2a: Sharpedo|Speed Boost|boost\n|-boost|p2a: Sharpedo|spe|1\n|upkeep\n|turn|3\n|\n|t:|1699557045\n|move|p2a: Sharpedo|Crunch|p1a: Slaking\n|-damage|p1a: Slaking|16\/100\n|-damage|p2a: Sharpedo|81\/100|[from] item: Life Orb\n|cant|p1a: Slaking|ability: Truant\n|\n|-ability|p2a: Sharpedo|Speed Boost|boost\n|-boost|p2a: Sharpedo|spe|1\n|upkeep\n|turn|4\n|\n|t:|1699557069\n|move|p2a: Sharpedo|Crunch|p1a: Slaking\n|-damage|p1a: Slaking|0 fnt\n|faint|p1a: Slaking\n|-damage|p2a: Sharpedo|71\/100|[from] item: Life Orb\n|\n|-ability|p2a: Sharpedo|Speed Boost|boost\n|-boost|p2a: Sharpedo|spe|1\n|upkeep\n|c| JonethBee|grotti am fetzen\n|\n|t:|1699557177\n|switch|p1a: Milotic<3<3<3<3|Milotic, M|100\/100\n|turn|5\n|\n|t:|1699557188\n|move|p2a: Sharpedo|Protect|p2a: Sharpedo\n|-singleturn|p2a: Sharpedo|Protect\n|move|p1a: Milotic<3<3<3<3|Toxic|p2a: Sharpedo\n|-activate|p2a: Sharpedo|move: Protect\n|\n|-ability|p2a: Sharpedo|Speed Boost|boost\n|-boost|p2a: Sharpedo|spe|1\n|-status|p1a: Milotic<3<3<3<3|brn|[from] item: Flame Orb\n|upkeep\n|turn|6\n|\n|t:|1699557198\n|move|p2a: Sharpedo|Crunch|p1a: Milotic<3<3<3<3\n|-damage|p1a: Milotic<3<3<3<3|62\/100 brn\n|-damage|p2a: Sharpedo|61\/100|[from] item: Life Orb\n|move|p1a: Milotic<3<3<3<3|Toxic|p2a: Sharpedo\n|-status|p2a: Sharpedo|tox\n|\n|-damage|p2a: Sharpedo|55\/100 tox|[from] psn\n|-damage|p1a: Milotic<3<3<3<3|56\/100 brn|[from] brn\n|-ability|p2a: Sharpedo|Speed Boost|boost\n|-boost|p2a: Sharpedo|spe|1\n|upkeep\n|turn|7\n|\n|t:|1699557209\n|move|p2a: Sharpedo|Crunch|p1a: Milotic<3<3<3<3\n|-damage|p1a: Milotic<3<3<3<3|20\/100 brn\n|-damage|p2a: Sharpedo|45\/100 tox|[from] item: Life Orb\n|move|p1a: Milotic<3<3<3<3|Recover|p1a: Milotic<3<3<3<3\n|-heal|p1a: Milotic<3<3<3<3|70\/100 brn\n|\n|-damage|p2a: Sharpedo|33\/100 tox|[from] psn\n|-damage|p1a: Milotic<3<3<3<3|64\/100 brn|[from] brn\n|upkeep\n|turn|8\n|\n|t:|1699557219\n|switch|p2a: Tapu Koko|Tapu Koko|100\/100\n|move|p1a: Milotic<3<3<3<3|Recover|p1a: Milotic<3<3<3<3\n|-heal|p1a: Milotic<3<3<3<3|100\/100 brn\n|\n|-damage|p1a: Milotic<3<3<3<3|94\/100 brn|[from] brn\n|upkeep\n|turn|9\n|\n|t:|1699557248\n|switch|p1a: Lurki|Golurk, shiny|100\/100\n|move|p2a: Tapu Koko|Nasty Plot|p2a: Tapu Koko\n|-boost|p2a: Tapu Koko|spa|2\n|\n|-damage|p1a: Lurki|88\/100|[from] item: Sticky Barb\n|upkeep\n|turn|10\n|\n|t:|1699557272\n|move|p2a: Tapu Koko|Shadow Ball|p1a: Lurki\n|-supereffective|p1a: Lurki\n|-crit|p1a: Lurki\n|-damage|p1a: Lurki|0 fnt\n|faint|p1a: Lurki\n|\n|upkeep\n|\n|t:|1699557354\n|switch|p1a: Chien - Ciao|Chien-Pao|100\/100\n|-ability|p1a: Chien - Ciao|Sword of Ruin\n|turn|11\n|\n|t:|1699557363\n|move|p1a: Chien - Ciao|Crunch|p2a: Tapu Koko\n|-supereffective|p2a: Tapu Koko\n|-enditem|p2a: Tapu Koko|Focus Sash\n|-damage|p2a: Tapu Koko|1\/100\n|-unboost|p2a: Tapu Koko|def|1\n|replace|p2a: Zoroark|Zoroark-Hisui, M\n|-end|p2a: Zoroark|Illusion\n|move|p2a: Zoroark|Flamethrower|p1a: Chien - Ciao\n|-supereffective|p1a: Chien - Ciao\n|-damage|p1a: Chien - Ciao|0 fnt\n|faint|p1a: Chien - Ciao\n|\n|upkeep\n|\n|t:|1699557379\n|switch|p1a: Emboah|Emboar, M|100\/100\n|turn|12\n|\n|t:|1699557419\n|move|p1a: Emboah|Earthquake|p2a: Zoroark\n|-damage|p2a: Zoroark|0 fnt\n|faint|p2a: Zoroark\n|\n|upkeep\n|\n|t:|1699557423\n|switch|p2a: Sharpedo|Sharpedo, M|33\/100 tox\n|turn|13\n|\n|t:|1699557449\n|move|p1a: Emboah|Earthquake|p2a: Sharpedo\n|-damage|p2a: Sharpedo|0 fnt\n|faint|p2a: Sharpedo\n|\n|upkeep\n|\n|t:|1699557456\n|switch|p2a: Noivern|Noivern, M|100\/100\n|turn|14\n|\n|t:|1699557470\n|switch|p1a: Goatra|Goodra-Hisui, M|100\/100\n|move|p2a: Noivern|Boomburst|p1a: Goatra\n|-resisted|p1a: Goatra\n|-damage|p1a: Goatra|91\/100\n|\n|upkeep\n|turn|15\n|\n|t:|1699557486\n|move|p2a: Noivern|U-turn|p1a: Goatra\n|-resisted|p1a: Goatra\n|-damage|p1a: Goatra|86\/100\n|\n|t:|1699557493\n|switch|p2a: Clodsire|Clodsire, M|100\/100|[from] U-turn\n|move|p1a: Goatra|Draco Meteor|p2a: Clodsire\n|-damage|p2a: Clodsire|64\/100\n|-unboost|p1a: Goatra|spa|2\n|\n|-heal|p2a: Clodsire|70\/100|[from] item: Leftovers\n|upkeep\n|turn|16\n|\n|t:|1699557513\n|move|p1a: Goatra|Earthquake|p2a: Clodsire\n|-supereffective|p2a: Clodsire\n|-damage|p2a: Clodsire|23\/100\n|move|p2a: Clodsire|Earthquake|p1a: Goatra\n|-supereffective|p1a: Goatra\n|-damage|p1a: Goatra|36\/100\n|\n|-heal|p2a: Clodsire|30\/100|[from] item: Leftovers\n|upkeep\n|turn|17\n|\n|t:|1699557522\n|switch|p2a: Noivern|Noivern, M|100\/100\n|move|p1a: Goatra|Earthquake|p2a: Noivern\n|-immune|p2a: Noivern\n|\n|upkeep\n|turn|18\n|\n|t:|1699557530\n|move|p2a: Noivern|Draco Meteor|p1a: Goatra\n|-damage|p1a: Goatra|11\/100\n|-unboost|p2a: Noivern|spa|2\n|move|p1a: Goatra|Earthquake|p2a: Noivern\n|-immune|p2a: Noivern\n|\n|upkeep\n|turn|19\n|c|\u2606Hrdutzi|okay du hast mich gefetzt\n|\n|t:|1699557564\n|move|p2a: Noivern|Draco Meteor|p1a: Goatra\n|-damage|p1a: Goatra|0 fnt\n|-unboost|p2a: Noivern|spa|2\n|faint|p1a: Goatra\n|\n|upkeep\n|\n|t:|1699557570\n|switch|p1a: Milotic<3<3<3<3|Milotic, M|94\/100 brn\n|turn|20\n|\n|t:|1699557575\n|move|p2a: Noivern|U-turn|p1a: Milotic<3<3<3<3\n|-damage|p1a: Milotic<3<3<3<3|88\/100 brn\n|\n|t:|1699557578\n|switch|p2a: Tapu Koko|Tapu Koko|100\/100|[from] U-turn\n|-fieldstart|move: Electric Terrain|[from] ability: Electric Surge|[of] p2a: Tapu Koko\n|move|p1a: Milotic<3<3<3<3|Ice Beam|p2a: Tapu Koko\n|-damage|p2a: Tapu Koko|76\/100\n|\n|-damage|p1a: Milotic<3<3<3<3|81\/100 brn|[from] brn\n|upkeep\n|turn|21\n|\n|t:|1699557594\n|switch|p1a: Emboah|Emboar, M|100\/100\n|move|p2a: Tapu Koko|Light Screen|p2a: Tapu Koko\n|-sidestart|p2: Grotti73|move: Light Screen\n|\n|upkeep\n|turn|22\n|\n|t:|1699557599\n|move|p2a: Tapu Koko|Reflect|p2a: Tapu Koko\n|-sidestart|p2: Grotti73|Reflect\n|move|p1a: Emboah|Earthquake|p2a: Tapu Koko\n|-supereffective|p2a: Tapu Koko\n|-damage|p2a: Tapu Koko|39\/100\n|\n|upkeep\n|turn|23\n|\n|t:|1699557605\n|move|p2a: Tapu Koko|Taunt|p1a: Emboah\n|-start|p1a: Emboah|move: Taunt\n|move|p1a: Emboah|Earthquake|p2a: Tapu Koko\n|-supereffective|p2a: Tapu Koko\n|-damage|p2a: Tapu Koko|2\/100\n|\n|upkeep\n|turn|24\n|\n|t:|1699557612\n|move|p2a: Tapu Koko|U-turn|p1a: Emboah\n|-resisted|p1a: Emboah\n|-crit|p1a: Emboah\n|-damage|p1a: Emboah|91\/100\n|\n|t:|1699557615\n|switch|p2a: Brocken|Zangoose, F, shiny|100\/100|[from] U-turn\n|move|p1a: Emboah|Earthquake|p2a: Brocken\n|-damage|p2a: Brocken|71\/100\n|\n|-fieldend|move: Electric Terrain\n|-status|p2a: Brocken|tox|[from] item: Toxic Orb\n|upkeep\n|turn|25\n|\n|t:|1699557641\n|switch|p1a: Milotic<3<3<3<3|Milotic, M|81\/100 brn\n|move|p2a: Brocken|Facade|p1a: Milotic<3<3<3<3\n|-damage|p1a: Milotic<3<3<3<3|15\/100 brn\n|\n|-damage|p2a: Brocken|65\/100 tox|[from] psn\n|-damage|p1a: Milotic<3<3<3<3|9\/100 brn|[from] brn\n|upkeep\n|turn|26\n|\n|t:|1699557653\n|move|p2a: Brocken|Facade|p1a: Milotic<3<3<3<3\n|-damage|p1a: Milotic<3<3<3<3|0 fnt\n|faint|p1a: Milotic<3<3<3<3\n|\n|-damage|p2a: Brocken|53\/100 tox|[from] psn\n|upkeep\n|\n|t:|1699557659\n|switch|p1a: Emboah|Emboar, M|91\/100\n|turn|27\n|\n|t:|1699557686\n|move|p1a: Emboah|Flare Blitz|p2a: Brocken\n|-damage|p2a: Brocken|0 fnt\n|faint|p2a: Brocken\n|-damage|p1a: Emboah|78\/100|[from] Recoil\n|\n|upkeep\n|\n|t:|1699557698\n|switch|p2a: Clodsire|Clodsire, M|30\/100\n|turn|28\n|\n|t:|1699557701\n|move|p1a: Emboah|Flare Blitz|p2a: Clodsire\n|-damage|p2a: Clodsire|0 fnt\n|faint|p2a: Clodsire\n|-damage|p1a: Emboah|65\/100|[from] Recoil\n|\n|-sideend|p2: Grotti73|move: Light Screen\n|upkeep\n|\n|t:|1699557712\n|switch|p2a: Noivern|Noivern, M|100\/100\n|turn|29\n|\n|t:|1699557717\n|move|p1a: Emboah|Flare Blitz|p2a: Noivern\n|-resisted|p2a: Noivern\n|-damage|p2a: Noivern|80\/100\n|-damage|p1a: Emboah|58\/100|[from] Recoil\n|move|p2a: Noivern|Boomburst|p1a: Emboah\n|-damage|p1a: Emboah|3\/100\n|\n|-sideend|p2: Grotti73|Reflect\n|upkeep\n|turn|30\n|\n|t:|1699557726\n|move|p1a: Emboah|Flare Blitz|p2a: Noivern\n|-resisted|p2a: Noivern\n|-crit|p2a: Noivern\n|-damage|p2a: Noivern|20\/100\n|-status|p2a: Noivern|brn\n|-damage|p1a: Emboah|0 fnt|[from] Recoil\n|faint|p1a: Emboah\n|\n|win|Grotti73\n|c|\u2606Hrdutzi|gg\n|c|\u2606Grotti73|gg\n|l|\u2606Hrdutzi\n","uploadtime":1699557746,"views":31,"p1id":"hrdutzi","p2id":"grotti73","formatid":"gen9nationaldexubers","rating":0,"private":0,"password":""}