{"id":"gen9nationaldexubers-1981463204","p1":"Demolution545","p2":"gran gran","format":"[Gen 9] National Dex Ubers","log":"|j|\u2606Demolution545\n|j|\u2606gran gran\n|t:|1698899390\n|gametype|singles\n|player|p1|Demolution545|flint|\n|player|p2|gran gran|2|\n|teamsize|p1|6\n|teamsize|p2|6\n|gen|9\n|tier|[Gen 9] National Dex Ubers\n|rule|HP Percentage Mod: HP is shown in percentages\n|rule|Endless Battle Clause: Forcing endless battles is banned\n|rule|OHKO Clause: OHKO moves are banned\n|rule|Evasion Moves Clause: Evasion moves are banned\n|rule|Evasion Items Clause: Evasion items are banned\n|rule|Species Clause: Limit one of each Pok\u00e9mon\n|rule|Sleep Clause Mod: Limit one foe put to sleep\n|rule|Mega Rayquaza Clause: You cannot mega evolve Rayquaza\n|clearpoke\n|poke|p1|Torkoal, F|\n|poke|p1|Enamorus, F|\n|poke|p1|Lilligant-Hisui, F|\n|poke|p1|Roaring Moon|\n|poke|p1|Hattrem, F|\n|poke|p1|Walking Wake|\n|poke|p2|Blaziken, F|\n|poke|p2|Gastrodon, F|\n|poke|p2|Zoroark, M|\n|poke|p2|Skarmory, M|\n|poke|p2|Chansey, F|\n|poke|p2|Nidoking, M|\n|teampreview\n|j| m444rf\n|j| Smackey_5\n|c| Smackey_5|first\n|j| Lunar Sloth\n|c| m444rf|setart\n|c|\u2606Demolution545|ready?\n|c|\u2606gran gran|ye\n|c| Smackey_5|no\n|\n|t:|1698899580\n|start\n|switch|p1a: Walking Wake|Walking Wake|100\/100\n|switch|p2a: Blaziken|Blaziken, F|100\/100\n|turn|1\n|inactive|Battle timer is ON: inactive players will automatically lose when time's up. (requested by gran gran)\n|inactive|Demolution545 has 270 seconds left.\n|inactive|Demolution545 has 240 seconds left.\n|inactive|gran gran has 270 seconds left.\n|\n|t:|1698899659\n|switch|p2a: Gastrodon|Gastrodon, F|100\/100\n|move|p1a: Walking Wake|Draco Meteor|p2a: Gastrodon|[miss]\n|-miss|p1a: Walking Wake|p2a: Gastrodon\n|\n|upkeep\n|turn|2\n|c| Smackey_5|bro cant catch a break\n|j| DinsFire01\n|\n|t:|1698899682\n|switch|p2a: Chansey|Chansey, F|100\/100\n|move|p1a: Walking Wake|Draco Meteor|p2a: Chansey\n|-damage|p2a: Chansey|70\/100\n|-unboost|p1a: Walking Wake|spa|2\n|\n|upkeep\n|turn|3\n|\n|t:|1698899691\n|-end|p1a: Walking Wake|Protosynthesis|[silent]\n|switch|p1a: Torkoal|Torkoal, F, shiny|100\/100\n|-weather|SunnyDay|[from] ability: Drought|[of] p1a: Torkoal\n|move|p2a: Chansey|Thunder Wave|p1a: Torkoal\n|-status|p1a: Torkoal|par\n|\n|-weather|SunnyDay|[upkeep]\n|upkeep\n|turn|4\n|c| DinsFire01|bitch ass torkoal\n|\n|t:|1698899699\n|move|p1a: Torkoal|Stealth Rock|p2a: Chansey\n|-sidestart|p2: gran gran|move: Stealth Rock\n|move|p2a: Chansey|Teleport|p2a: Chansey\n|\n|t:|1698899704\n|switch|p2a: Blaziken|Blaziken, F|100\/100|[from] Teleport\n|-damage|p2a: Blaziken|88\/100|[from] Stealth Rock\n|\n|-weather|SunnyDay|[upkeep]\n|upkeep\n|turn|5\n|c| DinsFire01|hate that fucker\n|\n|t:|1698899720\n|switch|p1a: Hattrem|Hattrem, F, shiny|100\/100\n|detailschange|p2a: Blaziken|Blaziken-Mega, F\n|-mega|p2a: Blaziken|Blaziken|Blazikenite\n|move|p2a: Blaziken|Swords Dance|p2a: Blaziken\n|-boost|p2a: Blaziken|atk|2\n|\n|-weather|SunnyDay|[upkeep]\n|-ability|p2a: Blaziken|Speed Boost|boost\n|-boost|p2a: Blaziken|spe|1\n|upkeep\n|turn|6\n|c| DinsFire01|wait this is sacry\n|inactive|Demolution545 has 270 seconds left.\n|inactive|gran gran has 270 seconds left.\n|c| m444rf|its joever\n|\n|t:|1698899755\n|move|p2a: Blaziken|Flare Blitz|p1a: Hattrem\n|-damage|p1a: Hattrem|0 fnt\n|faint|p1a: Hattrem\n|-damage|p2a: Blaziken|53\/100|[from] Recoil\n|\n|-weather|SunnyDay|[upkeep]\n|-ability|p2a: Blaziken|Speed Boost|boost\n|-boost|p2a: Blaziken|spe|1\n|upkeep\n|inactive|Demolution545 has 270 seconds left.\n|\n|t:|1698899777\n|switch|p1a: Walking Wake|Walking Wake|100\/100\n|-activate|p1a: Walking Wake|ability: Protosynthesis\n|-start|p1a: Walking Wake|protosynthesisspe\n|turn|7\n|inactive|gran gran has 270 seconds left.\n|\n|t:|1698899813\n|move|p2a: Blaziken|Close Combat|p1a: Walking Wake\n|-damage|p1a: Walking Wake|0 fnt\n|-unboost|p2a: Blaziken|def|1\n|-unboost|p2a: Blaziken|spd|1\n|faint|p1a: Walking Wake\n|-end|p1a: Walking Wake|Protosynthesis|[silent]\n|\n|-weather|SunnyDay|[upkeep]\n|-ability|p2a: Blaziken|Speed Boost|boost\n|-boost|p2a: Blaziken|spe|1\n|upkeep\n|c| DinsFire01|ruh roh\n|\n|t:|1698899823\n|switch|p1a: Roaring Moon|Roaring Moon|100\/100\n|-activate|p1a: Roaring Moon|ability: Protosynthesis\n|-start|p1a: Roaring Moon|protosynthesisspe\n|turn|8\n|\n|t:|1698899833\n|-terastallize|p1a: Roaring Moon|Ghost\n|move|p2a: Blaziken|Close Combat|p1a: Roaring Moon\n|-immune|p1a: Roaring Moon\n|move|p1a: Roaring Moon|Earthquake|p2a: Blaziken\n|-supereffective|p2a: Blaziken\n|-damage|p2a: Blaziken|0 fnt\n|faint|p2a: Blaziken\n|\n|-weather|SunnyDay|[upkeep]\n|upkeep\n|c| DinsFire01|I LOVE TERA WOOOO\n|c| Lunar Sloth|Woah\n|\n|t:|1698899842\n|switch|p2a: Skarmory|Skarmory, M|100\/100\n|-damage|p2a: Skarmory|88\/100|[from] Stealth Rock\n|turn|9\n|c|\u2606Demolution545|im mad i had this\n|\n|t:|1698899851\n|-end|p1a: Roaring Moon|Protosynthesis|[silent]\n|switch|p1a: Enamorus|Enamorus, F|100\/100\n|move|p2a: Skarmory|Roost|p2a: Skarmory\n|-heal|p2a: Skarmory|100\/100\n|-singleturn|p2a: Skarmory|move: Roost\n|\n|-weather|SunnyDay|[upkeep]\n|upkeep\n|turn|10\n|c|\u2606Demolution545|wasted wake for nothing\n|\n|t:|1698899873\n|switch|p2a: Chansey|Chansey, F|70\/100\n|-damage|p2a: Chansey|58\/100|[from] Stealth Rock\n|move|p1a: Enamorus|Mystical Fire|p2a: Chansey\n|-damage|p2a: Chansey|44\/100\n|-unboost|p2a: Chansey|spa|1\n|\n|-weather|none\n|upkeep\n|turn|11\n|c| Smackey_5|dude I was saying the same thing\n|\n|t:|1698899887\n|switch|p1a: Torkoal|Torkoal, F, shiny|100\/100 par\n|-weather|SunnyDay|[from] ability: Drought|[of] p1a: Torkoal\n|move|p2a: Chansey|Soft-Boiled|p2a: Chansey\n|-heal|p2a: Chansey|94\/100\n|\n|-weather|SunnyDay|[upkeep]\n|upkeep\n|turn|12\n|raw|<div class=\"broadcast-red\"><b>The server is restarting soon.<\/b><br \/>Please finish your battles quickly. No new battles can be started until the server resets in a few minutes.<\/div>\n|inactive|staff also wants the timer to be on.\n|raw|<div class=\"broadcast-red\"><b>Moderated chat was set to +!<\/b><br \/>Only users of rank + and higher can talk.<\/div>\n|c|\u2606Demolution545|i forgot\n|c|\u2606Demolution545|oh no\n|inactive|Demolution545 has 240 seconds left.\n|\n|t:|1698899908\n|move|p2a: Chansey|Seismic Toss|p1a: Torkoal\n|-damage|p1a: Torkoal|71\/100 par\n|move|p1a: Torkoal|Will-O-Wisp|p2a: Chansey\n|-status|p2a: Chansey|brn\n|\n|-weather|SunnyDay|[upkeep]\n|-damage|p2a: Chansey|88\/100 brn|[from] brn\n|upkeep\n|turn|13\n|inactive|Demolution545 has 240 seconds left.\n|\n|t:|1698899923\n|move|p2a: Chansey|Seismic Toss|p1a: Torkoal\n|-damage|p1a: Torkoal|42\/100 par\n|cant|p1a: Torkoal|par\n|\n|-weather|SunnyDay|[upkeep]\n|-damage|p2a: Chansey|82\/100 brn|[from] brn\n|upkeep\n|turn|14\n|inactive|Demolution545 has 240 seconds left.\n|inactive|gran gran has 270 seconds left.\n|\n|t:|1698899944\n|switch|p1a: Roaring Moon|Roaring Moon, tera:Ghost|100\/100\n|-activate|p1a: Roaring Moon|ability: Protosynthesis\n|-start|p1a: Roaring Moon|protosynthesisspe\n|move|p2a: Chansey|Teleport|p2a: Chansey\n|inactive|gran gran has 270 seconds left.\n|\n|t:|1698899969\n|-curestatus|p2a: Chansey|brn|[from] ability: Natural Cure\n|switch|p2a: Skarmory|Skarmory, M|100\/100|[from] Teleport\n|-damage|p2a: Skarmory|88\/100|[from] Stealth Rock\n|\n|-weather|SunnyDay|[upkeep]\n|-heal|p2a: Skarmory|94\/100|[from] item: Leftovers\n|upkeep\n|turn|15\n|\n|t:|1698899983\n|move|p1a: Roaring Moon|U-turn|p2a: Skarmory\n|-resisted|p2a: Skarmory\n|-damage|p2a: Skarmory|89\/100\n|\n|t:|1698899993\n|-end|p1a: Roaring Moon|Protosynthesis|[silent]\n|switch|p1a: Torkoal|Torkoal, F, shiny|42\/100 par|[from] U-turn\n|move|p2a: Skarmory|Roost|p2a: Skarmory\n|-heal|p2a: Skarmory|100\/100\n|-singleturn|p2a: Skarmory|move: Roost\n|\n|-weather|SunnyDay|[upkeep]\n|upkeep\n|turn|16\n|inactive|gran gran has 270 seconds left.\n|\n|t:|1698900013\n|switch|p2a: Chansey|Chansey, F|82\/100\n|-damage|p2a: Chansey|69\/100|[from] Stealth Rock\n|move|p1a: Torkoal|Lava Plume|p2a: Chansey\n|-damage|p2a: Chansey|57\/100\n|\n|-weather|SunnyDay|[upkeep]\n|upkeep\n|turn|17\n|\n|t:|1698900021\n|move|p2a: Chansey|Soft-Boiled|p2a: Chansey\n|-heal|p2a: Chansey|100\/100\n|move|p1a: Torkoal|Will-O-Wisp|p2a: Chansey\n|-status|p2a: Chansey|brn\n|\n|-weather|SunnyDay|[upkeep]\n|-damage|p2a: Chansey|94\/100 brn|[from] brn\n|upkeep\n|turn|18\n|\n|t:|1698900035\n|switch|p1a: Roaring Moon|Roaring Moon, tera:Ghost|100\/100\n|-activate|p1a: Roaring Moon|ability: Protosynthesis\n|-start|p1a: Roaring Moon|protosynthesisspe\n|move|p2a: Chansey|Thunder Wave|p1a: Roaring Moon\n|-status|p1a: Roaring Moon|par\n|\n|-weather|none\n|-end|p1a: Roaring Moon|Protosynthesis\n|-damage|p2a: Chansey|88\/100 brn|[from] brn\n|upkeep\n|turn|19\n|\n|t:|1698900054\n|-curestatus|p2a: Chansey|brn|[from] ability: Natural Cure\n|switch|p2a: Skarmory|Skarmory, M|100\/100\n|-damage|p2a: Skarmory|88\/100|[from] Stealth Rock\n|move|p1a: Roaring Moon|U-turn|p2a: Skarmory\n|-resisted|p2a: Skarmory\n|-damage|p2a: Skarmory|82\/100\n|\n|t:|1698900068\n|-end|p1a: Roaring Moon|Protosynthesis|[silent]\n|switch|p1a: Torkoal|Torkoal, F, shiny|42\/100 par|[from] U-turn\n|-weather|SunnyDay|[from] ability: Drought|[of] p1a: Torkoal\n|\n|-weather|SunnyDay|[upkeep]\n|-heal|p2a: Skarmory|88\/100|[from] item: Leftovers\n|upkeep\n|turn|20\n|\n|t:|1698900079\n|switch|p2a: Chansey|Chansey, F|88\/100\n|-damage|p2a: Chansey|76\/100|[from] Stealth Rock\n|move|p1a: Torkoal|Will-O-Wisp|p2a: Chansey\n|-status|p2a: Chansey|brn\n|\n|-weather|SunnyDay|[upkeep]\n|-damage|p2a: Chansey|70\/100 brn|[from] brn\n|upkeep\n|turn|21\n|\n|t:|1698900098\n|move|p2a: Chansey|Soft-Boiled|p2a: Chansey\n|-heal|p2a: Chansey|100\/100 brn\n|cant|p1a: Torkoal|par\n|\n|-weather|SunnyDay|[upkeep]\n|-damage|p2a: Chansey|94\/100 brn|[from] brn\n|upkeep\n|turn|22\n|\n|t:|1698900110\n|switch|p1a: Roaring Moon|Roaring Moon, tera:Ghost|100\/100 par\n|-activate|p1a: Roaring Moon|ability: Protosynthesis\n|-start|p1a: Roaring Moon|protosynthesisspe\n|move|p2a: Chansey|Teleport|p2a: Chansey\n|\n|t:|1698900131\n|-curestatus|p2a: Chansey|brn|[from] ability: Natural Cure\n|switch|p2a: Skarmory|Skarmory, M|88\/100|[from] Teleport\n|-damage|p2a: Skarmory|76\/100|[from] Stealth Rock\n|\n|-weather|SunnyDay|[upkeep]\n|-heal|p2a: Skarmory|82\/100|[from] item: Leftovers\n|upkeep\n|turn|23\n|\n|t:|1698900148\n|cant|p1a: Roaring Moon|par\n|move|p2a: Skarmory|Roost|p2a: Skarmory\n|-heal|p2a: Skarmory|100\/100\n|-singleturn|p2a: Skarmory|move: Roost\n|\n|-weather|SunnyDay|[upkeep]\n|upkeep\n|turn|24\n|\n|t:|1698900158\n|move|p1a: Roaring Moon|Knock Off|p2a: Skarmory\n|-damage|p2a: Skarmory|51\/100\n|-enditem|p2a: Skarmory|Leftovers|[from] move: Knock Off|[of] p1a: Roaring Moon\n|move|p2a: Skarmory|Stealth Rock|p1a: Roaring Moon\n|-sidestart|p1: Demolution545|move: Stealth Rock\n|\n|-weather|SunnyDay|[upkeep]\n|upkeep\n|turn|25\n|\n|t:|1698900166\n|cant|p1a: Roaring Moon|par\n|move|p2a: Skarmory|Roost|p2a: Skarmory\n|-heal|p2a: Skarmory|100\/100\n|-singleturn|p2a: Skarmory|move: Roost\n|\n|-weather|SunnyDay|[upkeep]\n|upkeep\n|turn|26\n|\n|t:|1698900171\n|move|p1a: Roaring Moon|Knock Off|p2a: Skarmory\n|-damage|p2a: Skarmory|71\/100\n|move|p2a: Skarmory|Brave Bird|p1a: Roaring Moon\n|-damage|p1a: Roaring Moon|58\/100 par\n|-damage|p2a: Skarmory|56\/100|[from] Recoil\n|\n|-weather|none\n|-end|p1a: Roaring Moon|Protosynthesis\n|upkeep\n|turn|27\n|inactive|Demolution545 has 240 seconds left.\n|\n|t:|1698900183\n|-end|p1a: Roaring Moon|Protosynthesis|[silent]\n|switch|p1a: Torkoal|Torkoal, F, shiny|42\/100 par\n|-damage|p1a: Torkoal|17\/100 par|[from] Stealth Rock\n|-weather|SunnyDay|[from] ability: Drought|[of] p1a: Torkoal\n|move|p2a: Skarmory|Roost|p2a: Skarmory\n|-heal|p2a: Skarmory|100\/100\n|-singleturn|p2a: Skarmory|move: Roost\n|\n|-weather|SunnyDay|[upkeep]\n|upkeep\n|turn|28\n|inactive|Demolution545 has 240 seconds left.\n|\n|t:|1698900213\n|move|p2a: Skarmory|Brave Bird|p1a: Torkoal\n|-damage|p1a: Torkoal|0 fnt\n|faint|p1a: Torkoal\n|-damage|p2a: Skarmory|95\/100|[from] Recoil\n|\n|-weather|SunnyDay|[upkeep]\n|upkeep\n|inactive|Demolution545 has 210 seconds left.\n|\n|t:|1698900229\n|switch|p1a: Lilligant|Lilligant-Hisui, F, shiny|100\/100\n|turn|29\n|inactive|Demolution545 has 210 seconds left.\n|inactive|gran gran has 270 seconds left.\n|inactive|Demolution545 has 180 seconds left.\n|\n|t:|1698900281\n|switch|p1a: Enamorus|Enamorus, F|100\/100\n|-damage|p1a: Enamorus|76\/100|[from] Stealth Rock\n|move|p2a: Skarmory|Brave Bird|p1a: Enamorus\n|-damage|p1a: Enamorus|23\/100\n|-damage|p2a: Skarmory|80\/100|[from] Recoil\n|\n|-weather|SunnyDay|[upkeep]\n|upkeep\n|turn|30\n|\n|t:|1698900300\n|switch|p2a: Chansey|Chansey, F|94\/100\n|-damage|p2a: Chansey|82\/100|[from] Stealth Rock\n|move|p1a: Enamorus|Healing Wish|p1a: Enamorus\n|faint|p1a: Enamorus\n|\n|-weather|SunnyDay|[upkeep]\n|upkeep\n|\n|t:|1698900309\n|switch|p1a: Roaring Moon|Roaring Moon, tera:Ghost|58\/100 par\n|-heal|p1a: Roaring Moon|100\/100|[from] move: Healing Wish\n|-damage|p1a: Roaring Moon|88\/100|[from] Stealth Rock\n|-activate|p1a: Roaring Moon|ability: Protosynthesis\n|-start|p1a: Roaring Moon|protosynthesisspe\n|turn|31\n|inactive|gran gran has 270 seconds left.\n|\n|t:|1698900325\n|switch|p2a: Skarmory|Skarmory, M|80\/100\n|-damage|p2a: Skarmory|68\/100|[from] Stealth Rock\n|move|p1a: Roaring Moon|Knock Off|p2a: Skarmory\n|-damage|p2a: Skarmory|38\/100\n|\n|-weather|SunnyDay|[upkeep]\n|upkeep\n|turn|32\n|\n|t:|1698900334\n|move|p1a: Roaring Moon|Knock Off|p2a: Skarmory\n|-damage|p2a: Skarmory|4\/100\n|move|p2a: Skarmory|Roost|p2a: Skarmory\n|-heal|p2a: Skarmory|54\/100\n|-singleturn|p2a: Skarmory|move: Roost\n|\n|-weather|SunnyDay|[upkeep]\n|upkeep\n|turn|33\n|\n|t:|1698900344\n|-end|p1a: Roaring Moon|Protosynthesis|[silent]\n|switch|p1a: Lilligant|Lilligant-Hisui, F, shiny|100\/100\n|move|p2a: Skarmory|Roost|p2a: Skarmory\n|-heal|p2a: Skarmory|100\/100\n|-singleturn|p2a: Skarmory|move: Roost\n|\n|-weather|SunnyDay|[upkeep]\n|upkeep\n|turn|34\n|inactive|Demolution545 has 180 seconds left.\n|\n|t:|1698900364\n|move|p1a: Lilligant|Close Combat|p2a: Skarmory\n|-damage|p2a: Skarmory|68\/100\n|-unboost|p1a: Lilligant|def|1\n|-unboost|p1a: Lilligant|spd|1\n|move|p2a: Skarmory|Brave Bird|p1a: Lilligant\n|-supereffective|p1a: Lilligant\n|-damage|p1a: Lilligant|0 fnt\n|faint|p1a: Lilligant\n|-damage|p2a: Skarmory|40\/100|[from] Recoil\n|\n|-weather|none\n|upkeep\n|\n|t:|1698900377\n|switch|p1a: Roaring Moon|Roaring Moon, tera:Ghost|88\/100\n|-damage|p1a: Roaring Moon|76\/100|[from] Stealth Rock\n|turn|35\n|\n|t:|1698900389\n|move|p1a: Roaring Moon|Dragon Claw|p2a: Skarmory\n|-resisted|p2a: Skarmory\n|-crit|p2a: Skarmory\n|-damage|p2a: Skarmory|13\/100\n|move|p2a: Skarmory|Roost|p2a: Skarmory\n|-heal|p2a: Skarmory|63\/100\n|-singleturn|p2a: Skarmory|move: Roost\n|\n|upkeep\n|turn|36\n|c|\u2606Demolution545|gg\n|\n|t:|1698900396\n|move|p1a: Roaring Moon|Dragon Claw|p2a: Skarmory\n|-resisted|p2a: Skarmory\n|-damage|p2a: Skarmory|44\/100\n|move|p2a: Skarmory|Brave Bird|p1a: Roaring Moon\n|-damage|p1a: Roaring Moon|36\/100\n|-damage|p2a: Skarmory|30\/100|[from] Recoil\n|\n|upkeep\n|turn|37\n|c|\u2606gran gran|gg\n|\n|t:|1698900403\n|move|p1a: Roaring Moon|Dragon Claw|p2a: Skarmory\n|-resisted|p2a: Skarmory\n|-damage|p2a: Skarmory|13\/100\n|move|p2a: Skarmory|Brave Bird|p1a: Roaring Moon\n|-damage|p1a: Roaring Moon|0 fnt\n|faint|p1a: Roaring Moon\n|-end|p1a: Roaring Moon|Protosynthesis|[silent]\n|-damage|p2a: Skarmory|0 fnt|[from] Recoil\n|faint|p2a: Skarmory\n|\n|win|gran gran\n","uploadtime":1698900408,"views":34,"p1id":"demolution545","p2id":"grangran","formatid":"gen9nationaldexubers","rating":0,"private":0,"password":""}