{"id":"gen9nationaldexubers-1979112715","p1":"SnakesAndCakes","p2":"d8273","format":"[Gen 9] National Dex Ubers","log":"|j|\u2606SnakesAndCakes\n|j|\u2606d8273\n|t:|1698633875\n|gametype|singles\n|player|p1|SnakesAndCakes|n|1052\n|player|p2|d8273|265|1156\n|teamsize|p1|6\n|teamsize|p2|6\n|gen|9\n|tier|[Gen 9] National Dex Ubers\n|rated|\n|rule|HP Percentage Mod: HP is shown in percentages\n|rule|Endless Battle Clause: Forcing endless battles is banned\n|rule|OHKO Clause: OHKO moves are banned\n|rule|Evasion Moves Clause: Evasion moves are banned\n|rule|Evasion Items Clause: Evasion items are banned\n|rule|Species Clause: Limit one of each Pok\u00e9mon\n|rule|Sleep Clause Mod: Limit one foe put to sleep\n|rule|Mega Rayquaza Clause: You cannot mega evolve Rayquaza\n|clearpoke\n|poke|p1|Groudon|\n|poke|p1|Zygarde|\n|poke|p1|Gliscor, M|\n|poke|p1|Krookodile, M|\n|poke|p1|Ursaluna-Bloodmoon, M|\n|poke|p1|Iron Treads|\n|poke|p2|Lugia|\n|poke|p2|Necrozma-Dusk-Mane|\n|poke|p2|Groudon|\n|poke|p2|Salamence, M|\n|poke|p2|Smeargle, M|\n|poke|p2|Xerneas-*|\n|teampreview\n|\n|t:|1698633898\n|start\n|switch|p1a: Gliscor|Gliscor, M, shiny|100\/100\n|switch|p2a: De Dawg|Smeargle, M, shiny|100\/100\n|turn|1\n|\n|t:|1698633903\n|move|p2a: De Dawg|Taunt|p1a: Gliscor\n|-start|p1a: Gliscor|move: Taunt\n|cant|p1a: Gliscor|move: Taunt|Substitute\n|\n|-status|p1a: Gliscor|tox|[from] item: Toxic Orb\n|upkeep\n|turn|2\n|\n|t:|1698633913\n|move|p2a: De Dawg|Sticky Web|p1a: Gliscor\n|-sidestart|p1: SnakesAndCakes|move: Sticky Web\n|move|p1a: Gliscor|Earthquake|p2a: De Dawg\n|-damage|p2a: De Dawg|35\/100\n|\n|upkeep\n|turn|3\n|\n|t:|1698633917\n|move|p2a: De Dawg|Rapid Spin|p1a: Gliscor\n|-damage|p1a: Gliscor|95\/100 tox\n|-boost|p2a: De Dawg|spe|1\n|move|p1a: Gliscor|Earthquake|p2a: De Dawg\n|-damage|p2a: De Dawg|0 fnt\n|faint|p2a: De Dawg\n|\n|-heal|p1a: Gliscor|100\/100 tox|[from] ability: Poison Heal\n|-end|p1a: Gliscor|move: Taunt\n|upkeep\n|\n|t:|1698633922\n|switch|p2a: Deer|Xerneas, shiny|100\/100\n|-ability|p2a: Deer|Fairy Aura\n|turn|4\n|\n|t:|1698633932\n|move|p2a: Deer|Geomancy||[still]\n|-prepare|p2a: Deer|Geomancy\n|-enditem|p2a: Deer|Power Herb\n|-anim|p2a: Deer|Geomancy|p2a: Deer\n|-boost|p2a: Deer|spa|2\n|-boost|p2a: Deer|spd|2\n|-boost|p2a: Deer|spe|2\n|move|p1a: Gliscor|Substitute|p1a: Gliscor\n|-start|p1a: Gliscor|Substitute\n|-damage|p1a: Gliscor|76\/100 tox\n|\n|-heal|p1a: Gliscor|88\/100 tox|[from] ability: Poison Heal\n|upkeep\n|turn|5\n|\n|t:|1698633943\n|move|p2a: Deer|Moonblast|p1a: Gliscor\n|-end|p1a: Gliscor|Substitute\n|move|p1a: Gliscor|Hone Claws|p1a: Gliscor\n|-boost|p1a: Gliscor|atk|1\n|-boost|p1a: Gliscor|accuracy|1\n|\n|-heal|p1a: Gliscor|100\/100 tox|[from] ability: Poison Heal\n|upkeep\n|turn|6\n|\n|t:|1698633960\n|move|p2a: Deer|Moonblast|p1a: Gliscor\n|-damage|p1a: Gliscor|0 fnt\n|faint|p1a: Gliscor\n|\n|upkeep\n|\n|t:|1698633972\n|switch|p1a: Obsidian|Groudon, shiny|100\/100\n|-activate|p1a: Obsidian|move: Sticky Web\n|-unboost|p1a: Obsidian|spe|1\n|detailschange|p1a: Obsidian|Groudon-Primal, shiny\n|-primal|p1a: Obsidian|Red Orb\n|-weather|DesolateLand|[from] ability: Desolate Land|[of] p1a: Obsidian\n|turn|7\n|\n|t:|1698633981\n|move|p2a: Deer|Hidden Power|p1a: Obsidian\n|-supereffective|p1a: Obsidian\n|-damage|p1a: Obsidian|6\/100\n|move|p1a: Obsidian|Iron Head|p2a: Deer\n|-supereffective|p2a: Deer\n|-damage|p2a: Deer|39\/100\n|\n|-weather|DesolateLand|[upkeep]\n|upkeep\n|turn|8\n|c|\u2606SnakesAndCakes|im done\n|c|\u2606SnakesAndCakes|SERIOUSLY\n|-message|SnakesAndCakes forfeited.\n|\n|win|d8273\n|raw|SnakesAndCakes's rating: 1052 &rarr; <strong>1039<\/strong><br \/>(-13 for losing)\n|raw|d8273's rating: 1156 &rarr; <strong>1174<\/strong><br \/>(+18 for winning)\n|l|\u2606SnakesAndCakes\n|c|\u2606d8273|bro\n|c|\u2606d8273|what\n","uploadtime":1698634010,"views":7,"p1id":"snakesandcakes","p2id":"d8273","formatid":"gen9nationaldexubers","rating":1039,"private":0,"password":""}