{"id":"gen9nationaldexubers-1981650004","p1":"KingoftheTitans","p2":"whaah","format":"[Gen 9] National Dex Ubers","log":"|j|\u2606KingoftheTitans\n|j|\u2606whaah\n|t:|1698930171\n|gametype|singles\n|player|p1|KingoftheTitans|170|1373\n|player|p2|whaah|plasmagrunt-gen5bw|1315\n|teamsize|p1|6\n|teamsize|p2|6\n|gen|9\n|tier|[Gen 9] National Dex Ubers\n|rated|\n|rule|HP Percentage Mod: HP is shown in percentages\n|rule|Endless Battle Clause: Forcing endless battles is banned\n|rule|OHKO Clause: OHKO moves are banned\n|rule|Evasion Moves Clause: Evasion moves are banned\n|rule|Evasion Items Clause: Evasion items are banned\n|rule|Species Clause: Limit one of each Pok\u00e9mon\n|rule|Sleep Clause Mod: Limit one foe put to sleep\n|rule|Mega Rayquaza Clause: You cannot mega evolve Rayquaza\n|clearpoke\n|poke|p1|Ogerpon-Hearthflame, F|\n|poke|p1|Deoxys-Attack|\n|poke|p1|Salamence, M|\n|poke|p1|Dragapult, M|\n|poke|p1|Darmanitan-Galar, F|\n|poke|p1|Flutter Mane|\n|poke|p2|Giratina|\n|poke|p2|Ho-Oh|\n|poke|p2|Dondozo, F|\n|poke|p2|Chansey, F|\n|poke|p2|Clodsire, F|\n|poke|p2|Eternatus|\n|teampreview\n|inactive|Battle timer is ON: inactive players will automatically lose when time's up. (requested by whaah)\n|\n|t:|1698930183\n|start\n|switch|p1a: Darmanitan|Darmanitan-Galar, F, shiny|100\/100\n|switch|p2a: Giratina|Giratina|100\/100\n|-ability|p2a: Giratina|Pressure\n|turn|1\n|\n|t:|1698930203\n|move|p1a: Darmanitan|Icicle Crash|p2a: Giratina\n|-supereffective|p2a: Giratina\n|-damage|p2a: Giratina|43\/100\n|cant|p2a: Giratina|flinch\n|\n|-heal|p2a: Giratina|50\/100|[from] item: Leftovers\n|upkeep\n|turn|2\n|\n|t:|1698930219\n|switch|p2a: Ho-Oh|Ho-Oh|100\/100\n|move|p1a: Darmanitan|Icicle Crash|p2a: Ho-Oh\n|-damage|p2a: Ho-Oh|51\/100\n|\n|upkeep\n|turn|3\n|\n|t:|1698930225\n|move|p1a: Darmanitan|Icicle Crash|p2a: Ho-Oh\n|-damage|p2a: Ho-Oh|4\/100\n|move|p2a: Ho-Oh|Sacred Fire|p1a: Darmanitan\n|-supereffective|p1a: Darmanitan\n|-crit|p1a: Darmanitan\n|-damage|p1a: Darmanitan|0 fnt\n|faint|p1a: Darmanitan\n|\n|upkeep\n|\n|t:|1698930235\n|switch|p1a: Deoxys|Deoxys-Attack, shiny|100\/100\n|-ability|p1a: Deoxys|Pressure\n|turn|4\n|\n|t:|1698930243\n|switch|p2a: Chansey|Chansey, F|100\/100\n|move|p1a: Deoxys|Extreme Speed|p2a: Chansey\n|-damage|p2a: Chansey|76\/100\n|\n|upkeep\n|turn|5\n|\n|t:|1698930256\n|switch|p2a: Dondozo|Dondozo, F|100\/100\n|move|p1a: Deoxys|Brick Break|p2a: Dondozo\n|-damage|p2a: Dondozo|87\/100\n|\n|-heal|p2a: Dondozo|93\/100|[from] item: Leftovers\n|upkeep\n|turn|6\n|\n|t:|1698930281\n|switch|p1a: Ogerpon|Ogerpon-Hearthflame, F|100\/100\n|-ability|p1a: Ogerpon|Mold Breaker\n|move|p2a: Dondozo|Curse|p2a: Dondozo\n|-unboost|p2a: Dondozo|spe|1\n|-boost|p2a: Dondozo|atk|1\n|-boost|p2a: Dondozo|def|1\n|\n|-heal|p2a: Dondozo|99\/100|[from] item: Leftovers\n|upkeep\n|turn|7\n|\n|t:|1698930290\n|move|p1a: Ogerpon|Swords Dance|p1a: Ogerpon\n|-boost|p1a: Ogerpon|atk|2\n|move|p2a: Dondozo|Liquidation|p1a: Ogerpon\n|-damage|p1a: Ogerpon|44\/100\n|\n|-heal|p2a: Dondozo|100\/100|[from] item: Leftovers\n|upkeep\n|turn|8\n|\n|t:|1698930299\n|move|p1a: Ogerpon|Horn Leech|p2a: Dondozo\n|-supereffective|p2a: Dondozo\n|-damage|p2a: Dondozo|46\/100\n|-heal|p1a: Ogerpon|90\/100|[from] drain|[of] p2a: Dondozo\n|move|p2a: Dondozo|Liquidation|p1a: Ogerpon\n|-damage|p1a: Ogerpon|35\/100\n|\n|-heal|p2a: Dondozo|52\/100|[from] item: Leftovers\n|upkeep\n|turn|9\n|\n|t:|1698930322\n|-terastallize|p2a: Dondozo|Fairy\n|move|p1a: Ogerpon|Horn Leech|p2a: Dondozo\n|-damage|p2a: Dondozo|25\/100\n|-heal|p1a: Ogerpon|58\/100|[from] drain|[of] p2a: Dondozo\n|move|p2a: Dondozo|Liquidation|p1a: Ogerpon\n|-damage|p1a: Ogerpon|1\/100\n|\n|-heal|p2a: Dondozo|31\/100|[from] item: Leftovers\n|upkeep\n|turn|10\n|\n|t:|1698930342\n|move|p1a: Ogerpon|Ivy Cudgel|p2a: Dondozo\n|-damage|p2a: Dondozo|0 fnt\n|faint|p2a: Dondozo\n|\n|upkeep\n|\n|t:|1698930346\n|switch|p2a: Chansey|Chansey, F|76\/100\n|turn|11\n|\n|t:|1698930349\n|move|p1a: Ogerpon|Ivy Cudgel|p2a: Chansey\n|-damage|p2a: Chansey|0 fnt\n|faint|p2a: Chansey\n|\n|upkeep\n|\n|t:|1698930352\n|switch|p2a: Eternatus|Eternatus|100\/100\n|-ability|p2a: Eternatus|Pressure\n|turn|12\n|\n|t:|1698930355\n|move|p2a: Eternatus|Sludge Bomb|p1a: Ogerpon\n|-supereffective|p1a: Ogerpon\n|-damage|p1a: Ogerpon|0 fnt\n|faint|p1a: Ogerpon\n|\n|upkeep\n|\n|t:|1698930366\n|switch|p1a: Dragapult|Dragapult, M, shiny|100\/100\n|turn|13\n|\n|t:|1698930375\n|move|p1a: Dragapult|Draco Meteor|p2a: Eternatus\n|-supereffective|p2a: Eternatus\n|-damage|p2a: Eternatus|3\/100\n|-unboost|p1a: Dragapult|spa|2\n|move|p2a: Eternatus|Flamethrower|p1a: Dragapult\n|-resisted|p1a: Dragapult\n|-damage|p1a: Dragapult|83\/100\n|-start|p2a: Eternatus|Disable|Flamethrower|[from] ability: Cursed Body|[of] p1a: Dragapult\n|\n|-heal|p2a: Eternatus|9\/100|[from] item: Leftovers\n|upkeep\n|turn|14\n|\n|t:|1698930385\n|switch|p2a: Clodsire|Clodsire, F|100\/100\n|move|p1a: Dragapult|Draco Meteor|p2a: Clodsire\n|-damage|p2a: Clodsire|77\/100\n|-unboost|p1a: Dragapult|spa|2\n|\n|-heal|p2a: Clodsire|83\/100|[from] item: Leftovers\n|upkeep\n|turn|15\n|inactive|whaah has 120 seconds left.\n|\n|t:|1698930422\n|switch|p1a: Deoxys|Deoxys-Attack, shiny|100\/100\n|-ability|p1a: Deoxys|Pressure\n|move|p2a: Clodsire|Toxic|p1a: Deoxys\n|-status|p1a: Deoxys|tox\n|\n|-heal|p2a: Clodsire|90\/100|[from] item: Leftovers\n|-damage|p1a: Deoxys|94\/100 tox|[from] psn\n|upkeep\n|turn|16\n|inactive|whaah has 120 seconds left.\n|\n|t:|1698930433\n|switch|p2a: Giratina|Giratina|50\/100\n|-ability|p2a: Giratina|Pressure\n|move|p1a: Deoxys|Ice Beam|p2a: Giratina\n|-supereffective|p2a: Giratina\n|-crit|p2a: Giratina\n|-damage|p2a: Giratina|0 fnt\n|faint|p2a: Giratina\n|\n|-damage|p1a: Deoxys|82\/100 tox|[from] psn\n|upkeep\n|inactive|whaah has 120 seconds left.\n|\n|t:|1698930441\n|switch|p2a: Clodsire|Clodsire, F|90\/100\n|turn|17\n|\n|t:|1698930445\n|move|p1a: Deoxys|Psycho Boost|p2a: Clodsire\n|-supereffective|p2a: Clodsire\n|-damage|p2a: Clodsire|0 fnt\n|-unboost|p1a: Deoxys|spa|2\n|faint|p2a: Clodsire\n|\n|-damage|p1a: Deoxys|63\/100 tox|[from] psn\n|upkeep\n|\n|t:|1698930448\n|switch|p2a: Ho-Oh|Ho-Oh|37\/100\n|turn|18\n|\n|t:|1698930455\n|switch|p2a: Eternatus|Eternatus|9\/100\n|-ability|p2a: Eternatus|Pressure\n|move|p1a: Deoxys|Psycho Boost|p2a: Eternatus\n|-supereffective|p2a: Eternatus\n|-damage|p2a: Eternatus|0 fnt\n|-unboost|p1a: Deoxys|spa|2\n|faint|p2a: Eternatus\n|\n|-damage|p1a: Deoxys|38\/100 tox|[from] psn\n|upkeep\n|\n|t:|1698930462\n|switch|p2a: Ho-Oh|Ho-Oh|70\/100\n|turn|19\n|\n|t:|1698930468\n|switch|p1a: Flutter Mane|Flutter Mane, shiny|100\/100\n|-enditem|p1a: Flutter Mane|Booster Energy\n|-activate|p1a: Flutter Mane|ability: Protosynthesis|[fromitem]\n|-start|p1a: Flutter Mane|protosynthesisspe\n|move|p2a: Ho-Oh|Sacred Fire|p1a: Flutter Mane\n|-damage|p1a: Flutter Mane|9\/100\n|\n|upkeep\n|turn|20\n|\n|t:|1698930476\n|move|p1a: Flutter Mane|Taunt|p2a: Ho-Oh\n|-start|p2a: Ho-Oh|move: Taunt\n|move|p2a: Ho-Oh|Sacred Fire|p1a: Flutter Mane\n|-damage|p1a: Flutter Mane|0 fnt\n|faint|p1a: Flutter Mane\n|-end|p1a: Flutter Mane|Protosynthesis|[silent]\n|\n|upkeep\n|\n|t:|1698930485\n|switch|p1a: Dragapult|Dragapult, M, shiny|83\/100\n|turn|21\n|\n|t:|1698930489\n|move|p1a: Dragapult|Surf|p2a: Ho-Oh\n|-supereffective|p2a: Ho-Oh\n|-damage|p2a: Ho-Oh|27\/100\n|move|p2a: Ho-Oh|Sacred Fire|p1a: Dragapult\n|-resisted|p1a: Dragapult\n|-damage|p1a: Dragapult|52\/100\n|-status|p1a: Dragapult|brn\n|\n|-damage|p1a: Dragapult|46\/100 brn|[from] brn\n|upkeep\n|turn|22\n|\n|t:|1698930498\n|move|p1a: Dragapult|Surf|p2a: Ho-Oh\n|-supereffective|p2a: Ho-Oh\n|-damage|p2a: Ho-Oh|0 fnt\n|faint|p2a: Ho-Oh\n|\n|win|KingoftheTitans\n|raw|KingoftheTitans's rating: 1373 &rarr; <strong>1390<\/strong><br \/>(+17 for winning)\n|raw|whaah's rating: 1315 &rarr; <strong>1298<\/strong><br \/>(-17 for losing)\n|c|\u2606KingoftheTitans|gg\n","uploadtime":1698930517,"views":10,"p1id":"kingofthetitans","p2id":"whaah","formatid":"gen9nationaldexubers","rating":1298,"private":0,"password":""}