{"id":"gen9nationaldexubers-1994389057","p1":"Moonwatcher19","p2":"FlamingFuryfox","format":"[Gen 9] National Dex Ubers","log":"|j|\u2606Moonwatcher19\n|j|\u2606FlamingFuryfox\n|t:|1700438302\n|gametype|singles\n|player|p1|Moonwatcher19|2|\n|player|p2|FlamingFuryfox|101|\n|teamsize|p1|6\n|teamsize|p2|6\n|gen|9\n|tier|[Gen 9] National Dex Ubers\n|rule|HP Percentage Mod: HP is shown in percentages\n|rule|Endless Battle Clause: Forcing endless battles is banned\n|rule|OHKO Clause: OHKO moves are banned\n|rule|Evasion Moves Clause: Evasion moves are banned\n|rule|Evasion Items Clause: Evasion items are banned\n|rule|Species Clause: Limit one of each Pok\u00e9mon\n|rule|Sleep Clause Mod: Limit one foe put to sleep\n|rule|Mega Rayquaza Clause: You cannot mega evolve Rayquaza\n|clearpoke\n|poke|p1|Dracozolt|\n|poke|p1|Bellibolt, M|\n|poke|p1|Golem-Alola, M|\n|poke|p1|Galvantula, M|\n|poke|p1|Pincurchin, F|\n|poke|p1|Iron Thorns|\n|poke|p2|Blaziken, M|\n|poke|p2|Lopunny, F|\n|poke|p2|Great Tusk|\n|poke|p2|Annihilape, F|\n|poke|p2|Chesnaught, M|\n|poke|p2|Pawmot, F|\n|teampreview\n|\n|t:|1700438326\n|start\n|switch|p1a: Galvantula|Galvantula, M|100\/100\n|switch|p2a: Briney|Chesnaught, M|100\/100\n|turn|1\n|\n|t:|1700438332\n|move|p1a: Galvantula|Sticky Web|p2a: Briney\n|-sidestart|p2: FlamingFuryfox|move: Sticky Web\n|move|p2a: Briney|Body Press|p1a: Galvantula\n|-resisted|p1a: Galvantula\n|-damage|p1a: Galvantula|70\/100\n|\n|upkeep\n|turn|2\n|\n|t:|1700438350\n|switch|p2a: Good Teeth|Great Tusk|100\/100\n|-activate|p2a: Good Teeth|move: Sticky Web\n|-unboost|p2a: Good Teeth|spe|1\n|-enditem|p2a: Good Teeth|Booster Energy\n|-activate|p2a: Good Teeth|ability: Protosynthesis|[fromitem]\n|-start|p2a: Good Teeth|protosynthesisatk\n|move|p1a: Galvantula|Hidden Power|p2a: Good Teeth\n|-supereffective|p2a: Good Teeth\n|-damage|p2a: Good Teeth|46\/100\n|\n|upkeep\n|turn|3\n|\n|t:|1700438362\n|move|p1a: Galvantula|Hidden Power|p2a: Good Teeth\n|-supereffective|p2a: Good Teeth\n|-damage|p2a: Good Teeth|0 fnt\n|faint|p2a: Good Teeth\n|-end|p2a: Good Teeth|Protosynthesis|[silent]\n|\n|upkeep\n|\n|t:|1700438366\n|switch|p2a: Hot-Ones|Blaziken, M|100\/100\n|-activate|p2a: Hot-Ones|move: Sticky Web\n|-unboost|p2a: Hot-Ones|spe|1\n|turn|4\n|\n|t:|1700438372\n|switch|p1a: Bellibolt|Bellibolt, M|100\/100\n|move|p2a: Hot-Ones|Blaze Kick|p1a: Bellibolt\n|-crit|p1a: Bellibolt\n|-damage|p1a: Bellibolt|60\/100\n|-start|p1a: Bellibolt|Charge|Blaze Kick|[from] ability: Electromorphosis\n|\n|-heal|p1a: Bellibolt|66\/100|[from] item: Leftovers\n|-ability|p2a: Hot-Ones|Speed Boost|boost\n|-boost|p2a: Hot-Ones|spe|1\n|upkeep\n|turn|5\n|\n|t:|1700438383\n|move|p2a: Hot-Ones|Swords Dance|p2a: Hot-Ones\n|-boost|p2a: Hot-Ones|atk|2\n|move|p1a: Bellibolt|Muddy Water|p2a: Hot-Ones\n|-supereffective|p2a: Hot-Ones\n|-damage|p2a: Hot-Ones|38\/100\n|\n|-heal|p1a: Bellibolt|72\/100|[from] item: Leftovers\n|-ability|p2a: Hot-Ones|Speed Boost|boost\n|-boost|p2a: Hot-Ones|spe|1\n|upkeep\n|turn|6\n|\n|t:|1700438392\n|move|p2a: Hot-Ones|Blaze Kick|p1a: Bellibolt\n|-damage|p1a: Bellibolt|15\/100\n|-start|p1a: Bellibolt|Charge|Blaze Kick|[from] ability: Electromorphosis\n|move|p1a: Bellibolt|Muddy Water|p2a: Hot-Ones|[miss]\n|-miss|p1a: Bellibolt|p2a: Hot-Ones\n|\n|-heal|p1a: Bellibolt|21\/100|[from] item: Leftovers\n|-ability|p2a: Hot-Ones|Speed Boost|boost\n|-boost|p2a: Hot-Ones|spe|1\n|upkeep\n|turn|7\n|\n|t:|1700438405\n|switch|p1a: Iron Thorns|Iron Thorns|100\/100\n|move|p2a: Hot-Ones|Blaze Kick|p1a: Iron Thorns\n|-resisted|p1a: Iron Thorns\n|-damage|p1a: Iron Thorns|58\/100\n|\n|-ability|p2a: Hot-Ones|Speed Boost|boost\n|-boost|p2a: Hot-Ones|spe|1\n|upkeep\n|turn|8\n|\n|t:|1700438416\n|move|p2a: Hot-Ones|Protect|p2a: Hot-Ones\n|-singleturn|p2a: Hot-Ones|Protect\n|move|p1a: Iron Thorns|Rock Blast|p2a: Hot-Ones\n|-activate|p2a: Hot-Ones|move: Protect\n|\n|-ability|p2a: Hot-Ones|Speed Boost|boost\n|-boost|p2a: Hot-Ones|spe|1\n|upkeep\n|turn|9\n|\n|t:|1700438423\n|move|p2a: Hot-Ones|Blaze Kick|p1a: Iron Thorns\n|-resisted|p1a: Iron Thorns\n|-damage|p1a: Iron Thorns|20\/100\n|move|p1a: Iron Thorns|Rock Blast|p2a: Hot-Ones|[miss]\n|-miss|p1a: Iron Thorns|p2a: Hot-Ones\n|\n|-ability|p2a: Hot-Ones|Speed Boost|boost\n|-boost|p2a: Hot-Ones|spe|1\n|upkeep\n|turn|10\n|\n|t:|1700438436\n|-end|p1a: Iron Thorns|Quark Drive|[silent]\n|switch|p1a: Golem|Golem-Alola, M|100\/100\n|move|p2a: Hot-Ones|Blaze Kick|p1a: Golem\n|-resisted|p1a: Golem\n|-damage|p1a: Golem|65\/100\n|\n|-ability|p2a: Hot-Ones|Speed Boost|boost\n|-boost|p2a: Hot-Ones|spe|1\n|upkeep\n|turn|11\n|\n|t:|1700438445\n|move|p2a: Hot-Ones|Protect|p2a: Hot-Ones\n|-singleturn|p2a: Hot-Ones|Protect\n|move|p1a: Golem|Brick Break|p2a: Hot-Ones\n|-activate|p2a: Hot-Ones|move: Protect\n|\n|upkeep\n|turn|12\n|\n|t:|1700438451\n|move|p2a: Hot-Ones|Blaze Kick|p1a: Golem\n|-resisted|p1a: Golem\n|-damage|p1a: Golem|33\/100\n|move|p1a: Golem|Brick Break|p2a: Hot-Ones\n|-damage|p2a: Hot-Ones|0 fnt\n|faint|p2a: Hot-Ones\n|\n|upkeep\n|\n|t:|1700438458\n|switch|p2a: Briney|Chesnaught, M|100\/100\n|-activate|p2a: Briney|move: Sticky Web\n|-unboost|p2a: Briney|spe|1\n|turn|13\n|\n|t:|1700438466\n|move|p1a: Golem|Stone Edge|p2a: Briney\n|-resisted|p2a: Briney\n|-damage|p2a: Briney|79\/100\n|move|p2a: Briney|Wood Hammer|p1a: Golem\n|-supereffective|p1a: Golem\n|-damage|p1a: Golem|0 fnt\n|faint|p1a: Golem\n|-damage|p2a: Briney|69\/100|[from] Recoil\n|\n|-heal|p2a: Briney|75\/100|[from] item: Leftovers\n|upkeep\n|\n|t:|1700438478\n|switch|p1a: Dracozolt|Dracozolt|100\/100\n|turn|14\n|\n|t:|1700438484\n|move|p1a: Dracozolt|Bolt Beak|p2a: Briney\n|-resisted|p2a: Briney\n|-damage|p2a: Briney|46\/100\n|move|p2a: Briney|Body Press|p1a: Dracozolt\n|-damage|p1a: Dracozolt|69\/100\n|\n|-heal|p2a: Briney|52\/100|[from] item: Leftovers\n|upkeep\n|turn|15\n|\n|t:|1700438492\n|move|p1a: Dracozolt|Bolt Beak|p2a: Briney\n|-resisted|p2a: Briney\n|-damage|p2a: Briney|23\/100\n|move|p2a: Briney|Iron Defense|p2a: Briney\n|-boost|p2a: Briney|def|2\n|\n|-heal|p2a: Briney|29\/100|[from] item: Leftovers\n|upkeep\n|turn|16\n|\n|t:|1700438500\n|move|p1a: Dracozolt|Bolt Beak|p2a: Briney\n|-resisted|p2a: Briney\n|-damage|p2a: Briney|13\/100\n|move|p2a: Briney|Synthesis|p2a: Briney\n|-heal|p2a: Briney|63\/100\n|\n|-heal|p2a: Briney|69\/100|[from] item: Leftovers\n|upkeep\n|turn|17\n|\n|t:|1700438511\n|move|p1a: Dracozolt|Bolt Beak|p2a: Briney\n|-resisted|p2a: Briney\n|-damage|p2a: Briney|55\/100\n|move|p2a: Briney|Wood Hammer|p1a: Dracozolt\n|-resisted|p1a: Dracozolt\n|-damage|p1a: Dracozolt|42\/100\n|-damage|p2a: Briney|45\/100|[from] Recoil\n|\n|-heal|p2a: Briney|52\/100|[from] item: Leftovers\n|upkeep\n|turn|18\n|\n|t:|1700438521\n|switch|p1a: Pincurchin|Pincurchin, F|100\/100\n|-fieldstart|move: Electric Terrain|[from] ability: Electric Surge|[of] p1a: Pincurchin\n|move|p2a: Briney|Wood Hammer|p1a: Pincurchin\n|-damage|p1a: Pincurchin|46\/100\n|-damage|p2a: Briney|37\/100|[from] Recoil\n|\n|-heal|p2a: Briney|43\/100|[from] item: Leftovers\n|upkeep\n|turn|19\n|\n|t:|1700438533\n|move|p2a: Briney|Synthesis|p2a: Briney\n|-heal|p2a: Briney|93\/100\n|move|p1a: Pincurchin|Toxic Spikes|p2a: Briney\n|-sidestart|p2: FlamingFuryfox|move: Toxic Spikes\n|\n|-heal|p2a: Briney|99\/100|[from] item: Leftovers\n|upkeep\n|turn|20\n|\n|t:|1700438540\n|move|p2a: Briney|Body Press|p1a: Pincurchin\n|-damage|p1a: Pincurchin|0 fnt\n|faint|p1a: Pincurchin\n|\n|-heal|p2a: Briney|100\/100|[from] item: Leftovers\n|upkeep\n|\n|t:|1700438546\n|switch|p1a: Dracozolt|Dracozolt|42\/100\n|turn|21\n|\n|t:|1700438549\n|move|p1a: Dracozolt|Fire Blast|p2a: Briney|[miss]\n|-miss|p1a: Dracozolt|p2a: Briney\n|move|p2a: Briney|Body Press|p1a: Dracozolt\n|-damage|p1a: Dracozolt|0 fnt\n|faint|p1a: Dracozolt\n|\n|upkeep\n|\n|t:|1700438556\n|switch|p1a: Galvantula|Galvantula, M|70\/100\n|turn|22\n|\n|t:|1700438559\n|move|p1a: Galvantula|Hidden Power|p2a: Briney\n|-supereffective|p2a: Briney\n|-damage|p2a: Briney|60\/100\n|move|p2a: Briney|Body Press|p1a: Galvantula\n|-resisted|p1a: Galvantula\n|-damage|p1a: Galvantula|11\/100\n|\n|-heal|p2a: Briney|66\/100|[from] item: Leftovers\n|upkeep\n|turn|23\n|\n|t:|1700438569\n|move|p1a: Galvantula|Thunder|p2a: Briney\n|-resisted|p2a: Briney\n|-damage|p2a: Briney|29\/100\n|move|p2a: Briney|Wood Hammer|p1a: Galvantula\n|-resisted|p1a: Galvantula\n|-damage|p1a: Galvantula|0 fnt\n|faint|p1a: Galvantula\n|-damage|p2a: Briney|26\/100|[from] Recoil\n|\n|-heal|p2a: Briney|32\/100|[from] item: Leftovers\n|upkeep\n|\n|t:|1700438586\n|switch|p1a: Bellibolt|Bellibolt, M|21\/100\n|turn|24\n|\n|t:|1700438590\n|move|p1a: Bellibolt|Slack Off|p1a: Bellibolt\n|-heal|p1a: Bellibolt|71\/100\n|move|p2a: Briney|Wood Hammer|p1a: Bellibolt\n|-damage|p1a: Bellibolt|15\/100\n|-start|p1a: Bellibolt|Charge|Wood Hammer|[from] ability: Electromorphosis\n|-damage|p2a: Briney|12\/100|[from] Recoil\n|\n|-heal|p1a: Bellibolt|21\/100|[from] item: Leftovers\n|-heal|p2a: Briney|18\/100|[from] item: Leftovers\n|upkeep\n|turn|25\n|\n|t:|1700438600\n|move|p1a: Bellibolt|Slack Off|p1a: Bellibolt\n|-heal|p1a: Bellibolt|71\/100\n|move|p2a: Briney|Synthesis|p2a: Briney\n|-heal|p2a: Briney|68\/100\n|\n|-heal|p1a: Bellibolt|77\/100|[from] item: Leftovers\n|-heal|p2a: Briney|74\/100|[from] item: Leftovers\n|-fieldend|move: Electric Terrain\n|upkeep\n|turn|26\n|\n|t:|1700438610\n|move|p1a: Bellibolt|Thunderbolt|p2a: Briney\n|-resisted|p2a: Briney\n|-crit|p2a: Briney\n|-damage|p2a: Briney|23\/100\n|-end|p1a: Bellibolt|Charge|[silent]\n|move|p2a: Briney|Body Press|p1a: Bellibolt\n|-damage|p1a: Bellibolt|39\/100\n|-start|p1a: Bellibolt|Charge|Body Press|[from] ability: Electromorphosis\n|\n|-heal|p1a: Bellibolt|45\/100|[from] item: Leftovers\n|-heal|p2a: Briney|29\/100|[from] item: Leftovers\n|upkeep\n|turn|27\n|\n|t:|1700438620\n|move|p1a: Bellibolt|Thunderbolt|p2a: Briney\n|-resisted|p2a: Briney\n|-damage|p2a: Briney|0 fnt\n|faint|p2a: Briney\n|-end|p1a: Bellibolt|Charge|[silent]\n|\n|-heal|p1a: Bellibolt|51\/100|[from] item: Leftovers\n|upkeep\n|\n|t:|1700438625\n|switch|p2a: Harambee|Annihilape, F|100\/100\n|-activate|p2a: Harambee|move: Sticky Web\n|-unboost|p2a: Harambee|spe|1\n|-ability|p2a: Harambee|Defiant|boost\n|-boost|p2a: Harambee|atk|2\n|-status|p2a: Harambee|psn\n|turn|28\n|\n|t:|1700438638\n|move|p2a: Harambee|Drain Punch|p1a: Bellibolt\n|-damage|p1a: Bellibolt|0 fnt\n|faint|p1a: Bellibolt\n|\n|-damage|p2a: Harambee|88\/100 psn|[from] psn\n|upkeep\n|\n|t:|1700438645\n|switch|p1a: Iron Thorns|Iron Thorns|20\/100\n|turn|29\n|\n|t:|1700438663\n|move|p1a: Iron Thorns|Rock Blast|p2a: Harambee|[miss]\n|-miss|p1a: Iron Thorns|p2a: Harambee\n|move|p2a: Harambee|Drain Punch|p1a: Iron Thorns\n|-supereffective|p1a: Iron Thorns\n|-damage|p1a: Iron Thorns|0 fnt\n|-heal|p2a: Harambee|96\/100 psn|[from] drain|[of] p1a: Iron Thorns\n|faint|p1a: Iron Thorns\n|-end|p1a: Iron Thorns|Quark Drive|[silent]\n|\n|win|FlamingFuryfox\n|l|\u2606Moonwatcher19\n","uploadtime":1700438698,"views":5,"p1id":"moonwatcher19","p2id":"flamingfuryfox","formatid":"gen9nationaldexubers","rating":0,"private":0,"password":""}