{"id":"gen9nationaldexubers-2000283387","p1":"QAQAQAQAQAQ","p2":"FenixFyre04","format":"[Gen 9] National Dex Ubers","log":"|j|\u2606QAQAQAQAQAQ\n|j|\u2606FenixFyre04\n|t:|1701181148\n|gametype|singles\n|player|p1|QAQAQAQAQAQ|unknown|1451\n|player|p2|FenixFyre04|steven|1663\n|teamsize|p1|6\n|teamsize|p2|6\n|gen|9\n|tier|[Gen 9] National Dex Ubers\n|rated|\n|rule|HP Percentage Mod: HP is shown in percentages\n|rule|Endless Battle Clause: Forcing endless battles is banned\n|rule|OHKO Clause: OHKO moves are banned\n|rule|Evasion Moves Clause: Evasion moves are banned\n|rule|Evasion Items Clause: Evasion items are banned\n|rule|Species Clause: Limit one of each Pok\u00e9mon\n|rule|Sleep Clause Mod: Limit one foe put to sleep\n|rule|Mega Rayquaza Clause: You cannot mega evolve Rayquaza\n|clearpoke\n|poke|p1|Necrozma-Dusk-Mane|\n|poke|p1|Yveltal|\n|poke|p1|Xerneas-*|\n|poke|p1|Arceus|\n|poke|p1|Zacian-*|\n|poke|p1|Deoxys-Attack|\n|poke|p2|Diancie|\n|poke|p2|Slowbro, M|\n|poke|p2|Lunala|\n|poke|p2|Melmetal|\n|poke|p2|Calyrex-Ice|\n|poke|p2|Ursaluna, F|\n|teampreview\n|inactive|Battle timer is ON: inactive players will automatically lose when time's up. (requested by QAQAQAQAQAQ)\n|inactive|FenixFyre04 also wants the timer to be on.\n|inactive|FenixFyre04 has 120 seconds left.\n|j| Cheese.Miestro\n|inactive|FenixFyre04 has 90 seconds left.\n|\n|t:|1701181217\n|start\n|switch|p1a: Deoxys|Deoxys-Attack|100\/100\n|switch|p2a: Diancie|Diancie, shiny|100\/100\n|-ability|p1a: Deoxys|Pressure\n|turn|1\n|\n|t:|1701181228\n|detailschange|p2a: Diancie|Diancie-Mega, shiny\n|-mega|p2a: Diancie|Diancie|Diancite\n|move|p1a: Deoxys|Psycho Boost|p2a: Diancie\n|-damage|p2a: Diancie|9\/100\n|-unboost|p1a: Deoxys|spa|2\n|move|p2a: Diancie|Trick Room|p2a: Diancie\n|-fieldstart|move: Trick Room|[of] p2a: Diancie\n|\n|upkeep\n|turn|2\n|\n|t:|1701181239\n|move|p2a: Diancie|Stealth Rock|p1a: Deoxys\n|-sidestart|p1: QAQAQAQAQAQ|move: Stealth Rock\n|move|p1a: Deoxys|Low Kick|p2a: Diancie\n|-damage|p2a: Diancie|0 fnt\n|faint|p2a: Diancie\n|\n|upkeep\n|\n|t:|1701181244\n|switch|p2a: Melmetal|Melmetal|100\/100\n|turn|3\n|\n|t:|1701181251\n|move|p2a: Melmetal|Double Iron Bash|p1a: Deoxys\n|-enditem|p1a: Deoxys|Focus Sash\n|-damage|p1a: Deoxys|1\/100\n|-damage|p1a: Deoxys|0 fnt\n|faint|p1a: Deoxys\n|-hitcount|p1: Deoxys|2\n|\n|upkeep\n|\n|t:|1701181266\n|switch|p1a: Zacian|Zacian-Crowned, shiny|100\/100\n|-damage|p1a: Zacian|94\/100|[from] Stealth Rock\n|-ability|p1a: Zacian|Intrepid Sword|boost\n|-boost|p1a: Zacian|atk|1\n|turn|4\n|inactive|FenixFyre04 has 120 seconds left.\n|\n|t:|1701181305\n|move|p2a: Melmetal|Double Iron Bash|p1a: Zacian\n|-damage|p1a: Zacian|30\/100\n|-crit|p1a: Zacian\n|-damage|p1a: Zacian|0 fnt\n|faint|p1a: Zacian\n|-hitcount|p1: Zacian|2\n|\n|upkeep\n|\n|t:|1701181312\n|switch|p1a: Xerneas|Xerneas, shiny|100\/100\n|-damage|p1a: Xerneas|88\/100|[from] Stealth Rock\n|-ability|p1a: Xerneas|Fairy Aura\n|turn|5\n|\n|t:|1701181319\n|-terastallize|p1a: Xerneas|Steel\n|move|p2a: Melmetal|Double Iron Bash|p1a: Xerneas\n|-resisted|p1a: Xerneas\n|-damage|p1a: Xerneas|56\/100\n|-resisted|p1a: Xerneas\n|-damage|p1a: Xerneas|27\/100\n|-hitcount|p1a: Xerneas|2\n|move|p1a: Xerneas|Geomancy||[still]\n|-prepare|p1a: Xerneas|Geomancy\n|-enditem|p1a: Xerneas|Power Herb\n|-anim|p1a: Xerneas|Geomancy|p1a: Xerneas\n|-boost|p1a: Xerneas|spa|2\n|-boost|p1a: Xerneas|spd|2\n|-boost|p1a: Xerneas|spe|2\n|\n|-fieldend|move: Trick Room\n|upkeep\n|turn|6\n|\n|t:|1701181332\n|move|p1a: Xerneas|Moonblast|p2a: Melmetal\n|-resisted|p2a: Melmetal\n|-damage|p2a: Melmetal|28\/100\n|-unboost|p2a: Melmetal|spa|1\n|move|p2a: Melmetal|Double Iron Bash|p1a: Xerneas\n|-resisted|p1a: Xerneas\n|-damage|p1a: Xerneas|0 fnt\n|faint|p1a: Xerneas\n|-hitcount|p1: Xerneas|1\n|\n|upkeep\n|\n|t:|1701181343\n|switch|p1a: Necrozma|Necrozma-Dusk-Mane, shiny|100\/100\n|-damage|p1a: Necrozma|94\/100|[from] Stealth Rock\n|turn|7\n|\n|t:|1701181361\n|move|p1a: Necrozma|Dragon Dance|p1a: Necrozma\n|-boost|p1a: Necrozma|atk|1\n|-boost|p1a: Necrozma|spe|1\n|move|p2a: Melmetal|Double Iron Bash|p1a: Necrozma\n|-resisted|p1a: Necrozma\n|-damage|p1a: Necrozma|69\/100\n|-resisted|p1a: Necrozma\n|-damage|p1a: Necrozma|40\/100\n|-hitcount|p1a: Necrozma|2\n|\n|upkeep\n|turn|8\n|\n|t:|1701181370\n|detailschange|p1a: Necrozma|Necrozma-Ultra, shiny\n|-burst|p1a: Necrozma|Necrozma|Ultranecrozium Z\n|move|p1a: Necrozma|Earthquake|p2a: Melmetal\n|-supereffective|p2a: Melmetal\n|-damage|p2a: Melmetal|0 fnt\n|faint|p2a: Melmetal\n|\n|upkeep\n|\n|t:|1701181373\n|switch|p2a: Slowbro|Slowbro, M|100\/100\n|turn|9\n|\n|t:|1701181381\n|-zpower|p1a: Necrozma\n|move|p1a: Necrozma|Light That Burns the Sky|p2a: Slowbro|[zeffect]\n|-resisted|p2a: Slowbro\n|-damage|p2a: Slowbro|44\/100\n|move|p2a: Slowbro|Trick Room|p2a: Slowbro\n|-fieldstart|move: Trick Room|[of] p2a: Slowbro\n|\n|upkeep\n|turn|10\n|\n|t:|1701181397\n|move|p1a: Necrozma|Earthquake|p2a: Slowbro\n|-damage|p2a: Slowbro|6\/100\n|move|p2a: Slowbro|Teleport|p2a: Slowbro\n|l| Cheese.Miestro\n|\n|t:|1701181421\n|switch|p2a: Ursaluna|Ursaluna, F|100\/100|[from] Teleport\n|\n|-status|p2a: Ursaluna|brn|[from] item: Flame Orb\n|upkeep\n|turn|11\n|\n|t:|1701181432\n|move|p2a: Ursaluna|Facade|p1a: Necrozma\n|-damage|p1a: Necrozma|0 fnt\n|faint|p1a: Necrozma\n|\n|-damage|p2a: Ursaluna|94\/100 brn|[from] brn\n|upkeep\n|\n|t:|1701181441\n|switch|p1a: Yveltal|Yveltal, shiny|100\/100\n|-damage|p1a: Yveltal|76\/100|[from] Stealth Rock\n|-ability|p1a: Yveltal|Dark Aura\n|turn|12\n|\n|t:|1701181451\n|move|p1a: Yveltal|Sucker Punch|p2a: Ursaluna\n|-damage|p2a: Ursaluna|57\/100 brn\n|-damage|p1a: Yveltal|66\/100|[from] item: Life Orb\n|move|p2a: Ursaluna|Facade|p1a: Yveltal\n|-damage|p1a: Yveltal|0 fnt\n|faint|p1a: Yveltal\n|\n|-damage|p2a: Ursaluna|51\/100 brn|[from] brn\n|upkeep\n|\n|t:|1701181462\n|switch|p1a: Arceus|Arceus, shiny|100\/100\n|-damage|p1a: Arceus|88\/100|[from] Stealth Rock\n|turn|13\n|\n|t:|1701181469\n|move|p2a: Ursaluna|Drain Punch|p1a: Arceus\n|-supereffective|p1a: Arceus\n|-damage|p1a: Arceus|21\/100\n|-heal|p2a: Ursaluna|78\/100 brn|[from] drain|[of] p1a: Arceus\n|move|p1a: Arceus|Swords Dance|p1a: Arceus\n|-boost|p1a: Arceus|atk|2\n|\n|-damage|p2a: Ursaluna|72\/100 brn|[from] brn\n|-fieldend|move: Trick Room\n|upkeep\n|turn|14\n|\n|t:|1701181479\n|move|p1a: Arceus|Earthquake|p2a: Ursaluna\n|-damage|p2a: Ursaluna|8\/100 brn\n|-damage|p1a: Arceus|11\/100|[from] item: Life Orb\n|move|p2a: Ursaluna|Headlong Rush|p1a: Arceus\n|-damage|p1a: Arceus|0 fnt\n|-unboost|p2a: Ursaluna|def|1\n|-unboost|p2a: Ursaluna|spd|1\n|faint|p1a: Arceus\n|\n|win|FenixFyre04\n|raw|QAQAQAQAQAQ's rating: 1451 &rarr; <strong>1442<\/strong><br \/>(-9 for losing)\n|raw|FenixFyre04's rating: 1663 &rarr; <strong>1672<\/strong><br \/>(+9 for winning)\n|l|\u2606QAQAQAQAQAQ\n","uploadtime":1701181511,"views":1,"p1id":"qaqaqaqaqaq","p2id":"fenixfyre04","formatid":"gen9nationaldexubers","rating":1442,"private":0,"password":""}