{"id":"gen9nationaldexubers-1997497415","p1":"Chacharealsmoove","p2":"Just_another_doger","format":"[Gen 9] National Dex Ubers","log":"|j|\u2606Chacharealsmoove\n|j|\u2606Just_another_doger\n|t:|1700815625\n|gametype|singles\n|player|p1|Chacharealsmoove|ingo|1163\n|player|p2|Just_another_doger|266|1126\n|teamsize|p1|6\n|teamsize|p2|6\n|gen|9\n|tier|[Gen 9] National Dex Ubers\n|rated|\n|rule|HP Percentage Mod: HP is shown in percentages\n|rule|Endless Battle Clause: Forcing endless battles is banned\n|rule|OHKO Clause: OHKO moves are banned\n|rule|Evasion Moves Clause: Evasion moves are banned\n|rule|Evasion Items Clause: Evasion items are banned\n|rule|Species Clause: Limit one of each Pok\u00e9mon\n|rule|Sleep Clause Mod: Limit one foe put to sleep\n|rule|Mega Rayquaza Clause: You cannot mega evolve Rayquaza\n|clearpoke\n|poke|p1|Grimmsnarl, M|\n|poke|p1|Blastoise, F|\n|poke|p1|Landorus-Therian, M|\n|poke|p1|Ho-Oh|\n|poke|p1|Ferrothorn, F|\n|poke|p1|Rillaboom, M|\n|poke|p2|Blaziken, M|\n|poke|p2|Ninetales, M|\n|poke|p2|Tyranitar, M|\n|poke|p2|Houndstone, F|\n|poke|p2|Blissey, F|\n|poke|p2|Shuckle, M|\n|teampreview\n|\n|t:|1700815644\n|start\n|switch|p1a: Grimmsnarl|Grimmsnarl, M|100\/100\n|switch|p2a: Ninetales|Ninetales, M|100\/100\n|-weather|SunnyDay|[from] ability: Drought|[of] p2a: Ninetales\n|turn|1\n|c|\u2606Just_another_doger|Hello\n|\n|t:|1700815653\n|move|p1a: Grimmsnarl|Taunt|p2a: Ninetales\n|-start|p2a: Ninetales|move: Taunt\n|cant|p2a: Ninetales|move: Taunt|Reflect\n|\n|-weather|SunnyDay|[upkeep]\n|upkeep\n|turn|2\n|\n|t:|1700815658\n|move|p1a: Grimmsnarl|Light Screen|p1a: Grimmsnarl\n|-sidestart|p1: Chacharealsmoove|move: Light Screen\n|move|p2a: Ninetales|Overheat|p1a: Grimmsnarl\n|-damage|p1a: Grimmsnarl|82\/100\n|-unboost|p2a: Ninetales|spa|2\n|\n|-weather|SunnyDay|[upkeep]\n|upkeep\n|turn|3\n|\n|t:|1700815662\n|move|p2a: Ninetales|Overheat|p1a: Grimmsnarl\n|-damage|p1a: Grimmsnarl|73\/100\n|-unboost|p2a: Ninetales|spa|2\n|move|p1a: Grimmsnarl|Spirit Break|p2a: Ninetales\n|-resisted|p2a: Ninetales\n|-damage|p2a: Ninetales|80\/100\n|-unboost|p2a: Ninetales|spa|1\n|\n|-weather|SunnyDay|[upkeep]\n|-end|p2a: Ninetales|move: Taunt\n|upkeep\n|turn|4\n|\n|t:|1700815667\n|switch|p1a: Blastoise|Blastoise, F|100\/100\n|move|p2a: Ninetales|Overheat|p1a: Blastoise\n|-resisted|p1a: Blastoise\n|-damage|p1a: Blastoise|97\/100\n|-unboost|p2a: Ninetales|spa|1\n|\n|-weather|SunnyDay|[upkeep]\n|upkeep\n|turn|5\n|\n|t:|1700815673\n|detailschange|p1a: Blastoise|Blastoise-Mega, F\n|-mega|p1a: Blastoise|Blastoise|Blastoisinite\n|move|p2a: Ninetales|Reflect|p2a: Ninetales\n|-sidestart|p2: Just_another_doger|Reflect\n|move|p1a: Blastoise|Shell Smash|p1a: Blastoise\n|-unboost|p1a: Blastoise|def|1\n|-unboost|p1a: Blastoise|spd|1\n|-boost|p1a: Blastoise|atk|2\n|-boost|p1a: Blastoise|spa|2\n|-boost|p1a: Blastoise|spe|2\n|\n|-weather|SunnyDay|[upkeep]\n|upkeep\n|turn|6\n|\n|t:|1700815681\n|move|p1a: Blastoise|Aura Sphere|p2a: Ninetales\n|-damage|p2a: Ninetales|0 fnt\n|faint|p2a: Ninetales\n|\n|-weather|SunnyDay|[upkeep]\n|upkeep\n|\n|t:|1700815684\n|switch|p2a: Blissey|Blissey, F|100\/100\n|turn|7\n|\n|t:|1700815687\n|move|p1a: Blastoise|Aura Sphere|p2a: Blissey\n|-supereffective|p2a: Blissey\n|-damage|p2a: Blissey|29\/100\n|move|p2a: Blissey|Thunderbolt|p1a: Blastoise\n|-supereffective|p1a: Blastoise\n|-damage|p1a: Blastoise|74\/100\n|\n|-weather|SunnyDay|[upkeep]\n|-heal|p2a: Blissey|35\/100|[from] item: Leftovers\n|upkeep\n|turn|8\n|\n|t:|1700815694\n|move|p1a: Blastoise|Aura Sphere|p2a: Blissey\n|-supereffective|p2a: Blissey\n|-damage|p2a: Blissey|0 fnt\n|faint|p2a: Blissey\n|\n|-weather|none\n|upkeep\n|\n|t:|1700815697\n|switch|p2a: Shuckle|Shuckle, M|100\/100\n|turn|9\n|\n|t:|1700815699\n|move|p1a: Blastoise|Hydro Pump|p2a: Shuckle\n|-supereffective|p2a: Shuckle\n|-damage|p2a: Shuckle|0 fnt\n|faint|p2a: Shuckle\n|\n|-sideend|p2: Just_another_doger|Reflect\n|-sideend|p1: Chacharealsmoove|move: Light Screen\n|upkeep\n|\n|t:|1700815702\n|switch|p2a: Blaziken|Blaziken, M|100\/100\n|turn|10\n|\n|t:|1700815708\n|detailschange|p2a: Blaziken|Blaziken-Mega, M\n|-mega|p2a: Blaziken|Blaziken|Blazikenite\n|move|p2a: Blaziken|Protect|p2a: Blaziken\n|-singleturn|p2a: Blaziken|Protect\n|move|p1a: Blastoise|Shell Smash|p1a: Blastoise\n|-unboost|p1a: Blastoise|def|1\n|-unboost|p1a: Blastoise|spd|1\n|-boost|p1a: Blastoise|atk|2\n|-boost|p1a: Blastoise|spa|2\n|-boost|p1a: Blastoise|spe|2\n|\n|-ability|p2a: Blaziken|Speed Boost|boost\n|-boost|p2a: Blaziken|spe|1\n|upkeep\n|turn|11\n|\n|t:|1700815716\n|move|p1a: Blastoise|Aura Sphere|p2a: Blaziken\n|-damage|p2a: Blaziken|0 fnt\n|faint|p2a: Blaziken\n|\n|upkeep\n|\n|t:|1700815719\n|switch|p2a: Tyranitar|Tyranitar, M|100\/100\n|-weather|Sandstorm|[from] ability: Sand Stream|[of] p2a: Tyranitar\n|turn|12\n|\n|t:|1700815723\n|move|p1a: Blastoise|Aura Sphere|p2a: Tyranitar\n|-supereffective|p2a: Tyranitar\n|-damage|p2a: Tyranitar|0 fnt\n|faint|p2a: Tyranitar\n|\n|-weather|Sandstorm|[upkeep]\n|-damage|p1a: Blastoise|68\/100|[from] Sandstorm\n|upkeep\n|\n|t:|1700815726\n|switch|p2a: Houndstone|Houndstone, F|100\/100\n|turn|13\n|\n|t:|1700815731\n|move|p1a: Blastoise|Dragon Pulse|p2a: Houndstone\n|-damage|p2a: Houndstone|0 fnt\n|faint|p2a: Houndstone\n|\n|win|Chacharealsmoove\n|raw|Chacharealsmoove's rating: 1163 &rarr; <strong>1185<\/strong><br \/>(+22 for winning)\n|raw|Just_another_doger's rating: 1126 &rarr; <strong>1104<\/strong><br \/>(-22 for losing)\n|l|\u2606Just_another_doger\n|l|\u2606Chacharealsmoove\n|j|\u2606Chacharealsmoove\n|player|p1|Chacharealsmoove|ingo\n","uploadtime":1700815749,"views":6,"p1id":"chacharealsmoove","p2id":"justanotherdoger","formatid":"gen9nationaldexubers","rating":1104,"private":0,"password":""}