{"id":"gen9nationaldexubers-1987920370","p1":"JustMonika_CARR","p2":"milky lol","format":"[Gen 9] National Dex Ubers","log":"|j|\u2606JustMonika_CARR\n|j|\u2606milky lol\n|t:|1699649254\n|gametype|singles\n|player|p1|JustMonika_CARR|rosa|1482\n|player|p2|milky lol|marlon|1311\n|teamsize|p1|6\n|teamsize|p2|6\n|gen|9\n|tier|[Gen 9] National Dex Ubers\n|rated|\n|rule|HP Percentage Mod: HP is shown in percentages\n|rule|Endless Battle Clause: Forcing endless battles is banned\n|rule|OHKO Clause: OHKO moves are banned\n|rule|Evasion Moves Clause: Evasion moves are banned\n|rule|Evasion Items Clause: Evasion items are banned\n|rule|Species Clause: Limit one of each Pok\u00e9mon\n|rule|Sleep Clause Mod: Limit one foe put to sleep\n|rule|Mega Rayquaza Clause: You cannot mega evolve Rayquaza\n|clearpoke\n|poke|p1|Beedrill, F|\n|poke|p1|Pheromosa|\n|poke|p1|Gothitelle, F|\n|poke|p1|Deoxys-Speed|\n|poke|p1|Shuckle, M|\n|poke|p1|Durant, F|\n|poke|p2|Magearna|\n|poke|p2|Kangaskhan, F|\n|poke|p2|Marshadow|\n|poke|p2|Landorus-Therian, M|\n|poke|p2|Kyogre|\n|poke|p2|Naganadel|\n|teampreview\n|inactive|Battle timer is ON: inactive players will automatically lose when time's up. (requested by milky lol)\n|\n|t:|1699649274\n|start\n|switch|p1a: Deoxys|Deoxys-Speed, shiny|100\/100\n|switch|p2a: Magearna|Magearna|100\/100\n|-ability|p1a: Deoxys|Pressure\n|turn|1\n|\n|t:|1699649285\n|move|p1a: Deoxys|Taunt|p2a: Magearna\n|-start|p2a: Magearna|move: Taunt\n|cant|p2a: Magearna|move: Taunt|Calm Mind\n|\n|upkeep\n|turn|2\n|\n|t:|1699649291\n|move|p1a: Deoxys|Light Screen|p1a: Deoxys\n|-sidestart|p1: JustMonika_CARR|move: Light Screen\n|move|p2a: Magearna|Flash Cannon|p1a: Deoxys\n|-damage|p1a: Deoxys|71\/100\n|\n|upkeep\n|turn|3\n|\n|t:|1699649297\n|move|p1a: Deoxys|Stealth Rock|p2a: Magearna\n|-sidestart|p2: milky lol|move: Stealth Rock\n|move|p2a: Magearna|Volt Switch|p1a: Deoxys\n|-damage|p1a: Deoxys|54\/100\n|\n|t:|1699649301\n|switch|p2a: Marshadow|Marshadow|100\/100|[from] Volt Switch\n|-damage|p2a: Marshadow|94\/100|[from] Stealth Rock\n|\n|upkeep\n|turn|4\n|\n|t:|1699649308\n|move|p2a: Marshadow|Shadow Sneak|p1a: Deoxys\n|-supereffective|p1a: Deoxys\n|-damage|p1a: Deoxys|0 fnt\n|faint|p1a: Deoxys\n|-damage|p2a: Marshadow|84\/100|[from] item: Life Orb\n|\n|upkeep\n|\n|t:|1699649317\n|switch|p1a: Beedrill|Beedrill, F, shiny|100\/100\n|turn|5\n|\n|t:|1699649323\n|detailschange|p1a: Beedrill|Beedrill-Mega, F, shiny\n|-mega|p1a: Beedrill|Beedrill|Beedrillite\n|move|p1a: Beedrill|U-turn|p2a: Marshadow\n|-resisted|p2a: Marshadow\n|-damage|p2a: Marshadow|66\/100\n|\n|t:|1699649332\n|switch|p1a: Durant|Durant, F, shiny|100\/100|[from] U-turn\n|move|p2a: Marshadow|Spectral Thief|p1a: Durant\n|-damage|p1a: Durant|33\/100\n|-damage|p2a: Marshadow|56\/100|[from] item: Life Orb\n|\n|upkeep\n|turn|6\n|\n|t:|1699649348\n|switch|p1a: Beedrill|Beedrill-Mega, F, shiny|100\/100\n|move|p2a: Marshadow|Shadow Sneak|p1a: Beedrill\n|-damage|p1a: Beedrill|0 fnt\n|faint|p1a: Beedrill\n|-damage|p2a: Marshadow|46\/100|[from] item: Life Orb\n|\n|upkeep\n|\n|t:|1699649357\n|switch|p1a: Pheromosa|Pheromosa, shiny|100\/100\n|turn|7\n|\n|t:|1699649368\n|switch|p2a: Magearna|Magearna|100\/100\n|-damage|p2a: Magearna|94\/100|[from] Stealth Rock\n|move|p1a: Pheromosa|Ice Beam|p2a: Magearna\n|-resisted|p2a: Magearna\n|-damage|p2a: Magearna|81\/100\n|\n|-heal|p2a: Magearna|87\/100|[from] item: Leftovers\n|upkeep\n|turn|8\n|\n|t:|1699649385\n|move|p1a: Pheromosa|Rapid Spin|p2a: Magearna\n|-resisted|p2a: Magearna\n|-damage|p2a: Magearna|80\/100\n|-boost|p1a: Pheromosa|spe|1\n|move|p2a: Magearna|Draining Kiss|p1a: Pheromosa\n|-supereffective|p1a: Pheromosa\n|-damage|p1a: Pheromosa|22\/100\n|-heal|p2a: Magearna|100\/100|[from] drain|[of] p1a: Pheromosa\n|\n|upkeep\n|turn|9\n|\n|t:|1699649408\n|move|p1a: Pheromosa|Close Combat|p2a: Magearna\n|-damage|p2a: Magearna|53\/100\n|-unboost|p1a: Pheromosa|def|1\n|-unboost|p1a: Pheromosa|spd|1\n|move|p2a: Magearna|Volt Switch|p1a: Pheromosa\n|-damage|p1a: Pheromosa|0 fnt\n|faint|p1a: Pheromosa\n|-ability|p2a: Magearna|Soul-Heart|boost\n|-boost|p2a: Magearna|spa|1\n|\n|t:|1699649421\n|switch|p2a: Marshadow|Marshadow|46\/100|[from] Volt Switch\n|-damage|p2a: Marshadow|39\/100|[from] Stealth Rock\n|\n|-sideend|p1: JustMonika_CARR|move: Light Screen\n|upkeep\n|\n|t:|1699649428\n|switch|p1a: Shuckle|Shuckle, M, shiny|100\/100\n|turn|10\n|\n|t:|1699649444\n|move|p2a: Marshadow|Spectral Thief|p1a: Shuckle\n|-damage|p1a: Shuckle|62\/100\n|-damage|p2a: Marshadow|29\/100|[from] item: Life Orb\n|move|p1a: Shuckle|Toxic|p2a: Marshadow\n|-status|p2a: Marshadow|tox\n|\n|-damage|p2a: Marshadow|23\/100 tox|[from] psn\n|upkeep\n|turn|11\n|\n|t:|1699649455\n|move|p2a: Marshadow|Spectral Thief|p1a: Shuckle\n|-crit|p1a: Shuckle\n|-damage|p1a: Shuckle|6\/100\n|-damage|p2a: Marshadow|13\/100 tox|[from] item: Life Orb\n|move|p1a: Shuckle|Infestation|p2a: Marshadow\n|-resisted|p2a: Marshadow\n|-damage|p2a: Marshadow|13\/100 tox\n|-activate|p2a: Marshadow|move: Infestation|[of] p1a: Shuckle\n|\n|-damage|p2a: Marshadow|0 fnt|[from] psn\n|faint|p2a: Marshadow\n|upkeep\n|inactive|milky lol has 120 seconds left.\n|\n|t:|1699649470\n|switch|p2a: Kangaskhan|Kangaskhan, F, shiny|100\/100\n|-damage|p2a: Kangaskhan|88\/100|[from] Stealth Rock\n|turn|12\n|\n|t:|1699649481\n|detailschange|p2a: Kangaskhan|Kangaskhan-Mega, F, shiny\n|-mega|p2a: Kangaskhan|Kangaskhan|Kangaskhanite\n|move|p2a: Kangaskhan|Fake Out|p1a: Shuckle\n|-resisted|p1a: Shuckle\n|-crit|p1a: Shuckle\n|-damage|p1a: Shuckle|0 fnt\n|faint|p1a: Shuckle\n|-hitcount|p1: Shuckle|1\n|\n|upkeep\n|inactive|JustMonika_CARR has 120 seconds left.\n|\n|t:|1699649535\n|switch|p1a: Durant|Durant, F, shiny|33\/100\n|turn|13\n|\n|t:|1699649544\n|move|p1a: Durant|Entrainment|p2a: Kangaskhan\n|-endability|p2a: Kangaskhan|Parental Bond|[from] move: Entrainment\n|-ability|p2a: Kangaskhan|Truant|[from] move: Entrainment\n|move|p2a: Kangaskhan|Power-Up Punch|p1a: Durant\n|-damage|p1a: Durant|16\/100\n|-boost|p2a: Kangaskhan|atk|1\n|\n|upkeep\n|turn|14\n|\n|t:|1699649558\n|switch|p2a: Landorus|Landorus-Therian, M|100\/100\n|-damage|p2a: Landorus|88\/100|[from] Stealth Rock\n|-ability|p2a: Landorus|Intimidate|boost\n|-unboost|p1a: Durant|atk|1\n|cant|p1a: Durant|ability: Truant\n|\n|upkeep\n|turn|15\n|\n|t:|1699649569\n|-terastallize|p2a: Landorus|Ground\n|move|p1a: Durant|Entrainment|p2a: Landorus\n|-endability|p2a: Landorus|Intimidate|[from] move: Entrainment\n|-ability|p2a: Landorus|Truant|[from] move: Entrainment\n|move|p2a: Landorus|Earthquake|p1a: Durant\n|-damage|p1a: Durant|0 fnt\n|faint|p1a: Durant\n|\n|upkeep\n|\n|t:|1699649578\n|switch|p1a: Gothitelle|Gothitelle, F, shiny|100\/100\n|turn|16\n|c|\u2606JustMonika_CARR|F\n|\n|t:|1699649592\n|cant|p2a: Landorus|ability: Truant\n|move|p1a: Gothitelle|Substitute|p1a: Gothitelle\n|-start|p1a: Gothitelle|Substitute\n|-damage|p1a: Gothitelle|75\/100\n|\n|upkeep\n|turn|17\n|inactive|JustMonika_CARR has 120 seconds left.\n|\n|t:|1699649622\n|move|p2a: Landorus|Earthquake|p1a: Gothitelle\n|-end|p1a: Gothitelle|Substitute\n|move|p1a: Gothitelle|Substitute|p1a: Gothitelle\n|-start|p1a: Gothitelle|Substitute\n|-damage|p1a: Gothitelle|50\/100\n|\n|upkeep\n|turn|18\n|c|\u2606JustMonika_CARR|Please skip the next few turns\n|\n|t:|1699649639\n|cant|p2a: Landorus|ability: Truant\n|move|p1a: Gothitelle|Substitute|p1a: Gothitelle\n|-fail|p1a: Gothitelle|move: Substitute\n|\n|upkeep\n|turn|19\n|c|\u2606milky lol|jesus chrsit\n|c|\u2606milky lol|this is gonna be boring\n|\n|t:|1699649652\n|move|p2a: Landorus|Earthquake|p1a: Gothitelle\n|-end|p1a: Gothitelle|Substitute\n|move|p1a: Gothitelle|Substitute|p1a: Gothitelle\n|-start|p1a: Gothitelle|Substitute\n|-damage|p1a: Gothitelle|25\/100\n|-enditem|p1a: Gothitelle|Starf Berry|[eat]\n|-boost|p1a: Gothitelle|atk|2|[from] item: Starf Berry\n|\n|upkeep\n|turn|20\n|inactive|JustMonika_CARR has 120 seconds left.\n|c|\u2606JustMonika_CARR|Indeed\n|\n|t:|1699649664\n|cant|p2a: Landorus|ability: Truant\n|move|p1a: Gothitelle|Recycle|p1a: Gothitelle\n|-item|p1a: Gothitelle|Starf Berry|[from] move: Recycle\n|-enditem|p1a: Gothitelle|Starf Berry|[eat]\n|-boost|p1a: Gothitelle|spa|2|[from] item: Starf Berry\n|\n|upkeep\n|turn|21\n|c|\u2606milky lol|use it\n|inactive|JustMonika_CARR has 120 seconds left.\n|\n|t:|1699649674\n|move|p1a: Gothitelle|Protect|p1a: Gothitelle\n|-singleturn|p1a: Gothitelle|Protect\n|move|p2a: Landorus|Earthquake|p1a: Gothitelle\n|-activate|p1a: Gothitelle|move: Protect\n|\n|upkeep\n|turn|22\n|\n|t:|1699649677\n|cant|p2a: Landorus|ability: Truant\n|move|p1a: Gothitelle|Recycle|p1a: Gothitelle\n|-item|p1a: Gothitelle|Starf Berry|[from] move: Recycle\n|-enditem|p1a: Gothitelle|Starf Berry|[eat]\n|-boost|p1a: Gothitelle|spa|2|[from] item: Starf Berry\n|\n|upkeep\n|turn|23\n|\n|t:|1699649680\n|move|p1a: Gothitelle|Protect|p1a: Gothitelle\n|-singleturn|p1a: Gothitelle|Protect\n|move|p2a: Landorus|Earthquake|p1a: Gothitelle\n|-activate|p1a: Gothitelle|move: Protect\n|\n|upkeep\n|turn|24\n|\n|t:|1699649695\n|cant|p2a: Landorus|ability: Truant\n|move|p1a: Gothitelle|Recycle|p1a: Gothitelle\n|-item|p1a: Gothitelle|Starf Berry|[from] move: Recycle\n|-enditem|p1a: Gothitelle|Starf Berry|[eat]\n|-boost|p1a: Gothitelle|atk|2|[from] item: Starf Berry\n|\n|upkeep\n|turn|25\n|\n|t:|1699649702\n|move|p1a: Gothitelle|Protect|p1a: Gothitelle\n|-singleturn|p1a: Gothitelle|Protect\n|move|p2a: Landorus|Earthquake|p1a: Gothitelle\n|-activate|p1a: Gothitelle|move: Protect\n|\n|upkeep\n|turn|26\n|\n|t:|1699649704\n|cant|p2a: Landorus|ability: Truant\n|move|p1a: Gothitelle|Recycle|p1a: Gothitelle\n|-item|p1a: Gothitelle|Starf Berry|[from] move: Recycle\n|-enditem|p1a: Gothitelle|Starf Berry|[eat]\n|-boost|p1a: Gothitelle|spe|2|[from] item: Starf Berry\n|\n|upkeep\n|turn|27\n|\n|t:|1699649707\n|move|p1a: Gothitelle|Protect|p1a: Gothitelle\n|-singleturn|p1a: Gothitelle|Protect\n|move|p2a: Landorus|Earthquake|p1a: Gothitelle\n|-activate|p1a: Gothitelle|move: Protect\n|\n|upkeep\n|turn|28\n|\n|t:|1699649709\n|cant|p2a: Landorus|ability: Truant\n|move|p1a: Gothitelle|Recycle|p1a: Gothitelle\n|-item|p1a: Gothitelle|Starf Berry|[from] move: Recycle\n|-enditem|p1a: Gothitelle|Starf Berry|[eat]\n|-boost|p1a: Gothitelle|spd|2|[from] item: Starf Berry\n|\n|upkeep\n|turn|29\n|\n|t:|1699649713\n|move|p1a: Gothitelle|Protect|p1a: Gothitelle\n|-singleturn|p1a: Gothitelle|Protect\n|move|p2a: Landorus|Earthquake|p1a: Gothitelle\n|-activate|p1a: Gothitelle|move: Protect\n|\n|upkeep\n|turn|30\n|\n|t:|1699649716\n|cant|p2a: Landorus|ability: Truant\n|move|p1a: Gothitelle|Recycle|p1a: Gothitelle\n|-item|p1a: Gothitelle|Starf Berry|[from] move: Recycle\n|-enditem|p1a: Gothitelle|Starf Berry|[eat]\n|-boost|p1a: Gothitelle|def|2|[from] item: Starf Berry\n|\n|upkeep\n|turn|31\n|\n|t:|1699649720\n|move|p1a: Gothitelle|Protect|p1a: Gothitelle\n|-singleturn|p1a: Gothitelle|Protect\n|move|p2a: Landorus|Earthquake|p1a: Gothitelle\n|-activate|p1a: Gothitelle|move: Protect\n|\n|upkeep\n|turn|32\n|\n|t:|1699649727\n|cant|p2a: Landorus|ability: Truant\n|move|p1a: Gothitelle|Recycle|p1a: Gothitelle\n|-item|p1a: Gothitelle|Starf Berry|[from] move: Recycle\n|-enditem|p1a: Gothitelle|Starf Berry|[eat]\n|-boost|p1a: Gothitelle|def|2|[from] item: Starf Berry\n|\n|upkeep\n|turn|33\n|\n|t:|1699649735\n|move|p1a: Gothitelle|Protect|p1a: Gothitelle\n|-singleturn|p1a: Gothitelle|Protect\n|move|p2a: Landorus|Earthquake|p1a: Gothitelle\n|-activate|p1a: Gothitelle|move: Protect\n|\n|upkeep\n|turn|34\n|\n|t:|1699649737\n|cant|p2a: Landorus|ability: Truant\n|move|p1a: Gothitelle|Recycle|p1a: Gothitelle\n|-item|p1a: Gothitelle|Starf Berry|[from] move: Recycle\n|-enditem|p1a: Gothitelle|Starf Berry|[eat]\n|-boost|p1a: Gothitelle|spa|2|[from] item: Starf Berry\n|\n|upkeep\n|turn|35\n|\n|t:|1699649740\n|move|p1a: Gothitelle|Protect|p1a: Gothitelle\n|-singleturn|p1a: Gothitelle|Protect\n|move|p2a: Landorus|Earthquake|p1a: Gothitelle\n|-activate|p1a: Gothitelle|move: Protect\n|\n|upkeep\n|turn|36\n|\n|t:|1699649749\n|cant|p2a: Landorus|ability: Truant\n|move|p1a: Gothitelle|Recycle|p1a: Gothitelle\n|-item|p1a: Gothitelle|Starf Berry|[from] move: Recycle\n|-enditem|p1a: Gothitelle|Starf Berry|[eat]\n|-boost|p1a: Gothitelle|spd|2|[from] item: Starf Berry\n|\n|upkeep\n|turn|37\n|\n|t:|1699649762\n|move|p1a: Gothitelle|Protect|p1a: Gothitelle\n|-singleturn|p1a: Gothitelle|Protect\n|move|p2a: Landorus|Earthquake|p1a: Gothitelle\n|-activate|p1a: Gothitelle|move: Protect\n|\n|upkeep\n|turn|38\n|\n|t:|1699649766\n|cant|p2a: Landorus|ability: Truant\n|move|p1a: Gothitelle|Recycle|p1a: Gothitelle\n|-item|p1a: Gothitelle|Starf Berry|[from] move: Recycle\n|-enditem|p1a: Gothitelle|Starf Berry|[eat]\n|-boost|p1a: Gothitelle|atk|2|[from] item: Starf Berry\n|\n|upkeep\n|turn|39\n|\n|t:|1699649770\n|move|p1a: Gothitelle|Protect|p1a: Gothitelle\n|-singleturn|p1a: Gothitelle|Protect\n|move|p2a: Landorus|Earthquake|p1a: Gothitelle\n|-activate|p1a: Gothitelle|move: Protect\n|\n|upkeep\n|turn|40\n|\n|t:|1699649772\n|cant|p2a: Landorus|ability: Truant\n|move|p1a: Gothitelle|Recycle|p1a: Gothitelle\n|-item|p1a: Gothitelle|Starf Berry|[from] move: Recycle\n|-enditem|p1a: Gothitelle|Starf Berry|[eat]\n|-boost|p1a: Gothitelle|spd|2|[from] item: Starf Berry\n|\n|upkeep\n|turn|41\n|\n|t:|1699649774\n|move|p1a: Gothitelle|Protect|p1a: Gothitelle\n|-singleturn|p1a: Gothitelle|Protect\n|move|p2a: Landorus|Earthquake|p1a: Gothitelle\n|-activate|p1a: Gothitelle|move: Protect\n|\n|upkeep\n|turn|42\n|\n|t:|1699649776\n|cant|p2a: Landorus|ability: Truant\n|move|p1a: Gothitelle|Recycle|p1a: Gothitelle\n|-item|p1a: Gothitelle|Starf Berry|[from] move: Recycle\n|-enditem|p1a: Gothitelle|Starf Berry|[eat]\n|-boost|p1a: Gothitelle|spe|2|[from] item: Starf Berry\n|\n|upkeep\n|turn|43\n|\n|t:|1699649778\n|move|p1a: Gothitelle|Protect|p1a: Gothitelle\n|-singleturn|p1a: Gothitelle|Protect\n|move|p2a: Landorus|Earthquake|p1a: Gothitelle\n|-activate|p1a: Gothitelle|move: Protect\n|\n|upkeep\n|turn|44\n|\n|t:|1699649781\n|move|p1a: Gothitelle|Recycle|p1a: Gothitelle\n|-item|p1a: Gothitelle|Starf Berry|[from] move: Recycle\n|-enditem|p1a: Gothitelle|Starf Berry|[eat]\n|-boost|p1a: Gothitelle|spe|2|[from] item: Starf Berry\n|cant|p2a: Landorus|ability: Truant\n|\n|upkeep\n|turn|45\n|c|\u2606milky lol|jesus dude u have max stored power f off already\n|\n|t:|1699649793\n|move|p1a: Gothitelle|Protect|p1a: Gothitelle\n|-singleturn|p1a: Gothitelle|Protect\n|move|p2a: Landorus|Earthquake|p1a: Gothitelle\n|-activate|p1a: Gothitelle|move: Protect\n|\n|upkeep\n|turn|46\n|\n|t:|1699649809\n|move|p1a: Gothitelle|Recycle|p1a: Gothitelle\n|-item|p1a: Gothitelle|Starf Berry|[from] move: Recycle\n|-enditem|p1a: Gothitelle|Starf Berry|[eat]\n|-boost|p1a: Gothitelle|def|2|[from] item: Starf Berry\n|cant|p2a: Landorus|ability: Truant\n|\n|upkeep\n|turn|47\n|\n|t:|1699649815\n|move|p1a: Gothitelle|Dark Pulse|p2a: Landorus\n|-damage|p2a: Landorus|0 fnt\n|faint|p2a: Landorus\n|\n|upkeep\n|\n|t:|1699649836\n|switch|p2a: Naganadel|Naganadel, shiny|100\/100\n|-damage|p2a: Naganadel|88\/100|[from] Stealth Rock\n|turn|48\n|\n|t:|1699649840\n|move|p1a: Gothitelle|Dark Pulse|p2a: Naganadel\n|-damage|p2a: Naganadel|0 fnt\n|faint|p2a: Naganadel\n|\n|upkeep\n|\n|t:|1699649843\n|switch|p2a: Kyogre|Kyogre, shiny|100\/100\n|-damage|p2a: Kyogre|88\/100|[from] Stealth Rock\n|detailschange|p2a: Kyogre|Kyogre-Primal, shiny\n|-primal|p2a: Kyogre|Blue Orb\n|-weather|PrimordialSea|[from] ability: Primordial Sea|[of] p2a: Kyogre\n|turn|49\n|\n|t:|1699649852\n|-terastallize|p1a: Gothitelle|Dark\n|move|p1a: Gothitelle|Dark Pulse|p2a: Kyogre\n|-damage|p2a: Kyogre|9\/100\n|move|p2a: Kyogre|Ice Beam|p1a: Gothitelle\n|-activate|p1a: Gothitelle|move: Substitute|[damage]\n|\n|-weather|PrimordialSea|[upkeep]\n|upkeep\n|turn|50\n|\n|t:|1699649862\n|move|p1a: Gothitelle|Dark Pulse|p2a: Kyogre\n|-damage|p2a: Kyogre|0 fnt\n|faint|p2a: Kyogre\n|-weather|none\n|\n|upkeep\n|\n|t:|1699649865\n|switch|p2a: Magearna|Magearna|53\/100\n|-damage|p2a: Magearna|47\/100|[from] Stealth Rock\n|turn|51\n|\n|t:|1699649872\n|move|p1a: Gothitelle|Dark Pulse|p2a: Magearna\n|-resisted|p2a: Magearna\n|-damage|p2a: Magearna|0 fnt\n|faint|p2a: Magearna\n|\n|upkeep\n|\n|t:|1699649875\n|switch|p2a: Kangaskhan|Kangaskhan-Mega, F, shiny|88\/100\n|-damage|p2a: Kangaskhan|76\/100|[from] Stealth Rock\n|turn|52\n|\n|t:|1699649882\n|move|p1a: Gothitelle|Protect|p1a: Gothitelle\n|-singleturn|p1a: Gothitelle|Protect\n|move|p2a: Kangaskhan|Fake Out|p1a: Gothitelle\n|-activate|p1a: Gothitelle|move: Protect\n|\n|upkeep\n|turn|53\n|\n|t:|1699649888\n|move|p2a: Kangaskhan|Sucker Punch|p1a: Gothitelle\n|-resisted|p1a: Gothitelle\n|-activate|p1a: Gothitelle|move: Substitute|[damage]\n|-resisted|p1a: Gothitelle\n|-activate|p1a: Gothitelle|move: Substitute|[damage]\n|-hitcount|p1a: Gothitelle|2\n|move|p1a: Gothitelle|Dark Pulse|p2a: Kangaskhan\n|-damage|p2a: Kangaskhan|0 fnt\n|faint|p2a: Kangaskhan\n|\n|win|JustMonika_CARR\n|raw|JustMonika_CARR's rating: 1482 &rarr; <strong>1493<\/strong><br \/>(+11 for winning)\n|raw|milky lol's rating: 1311 &rarr; <strong>1300<\/strong><br \/>(-11 for losing)\n|l|\u2606milky lol\n|c|\u2606JustMonika_CARR|Gg\n","uploadtime":1699649903,"views":8,"p1id":"justmonikacarr","p2id":"milkylol","formatid":"gen9nationaldexubers","rating":1300,"private":0,"password":""}