{"id":"gen9nationaldexubers-1989777643","p1":"Luigi20000","p2":"KarmaKazama0","format":"[Gen 9] National Dex Ubers","log":"|j|\u2606Luigi20000\n|j|\u2606KarmaKazama0\n|t:|1699894898\n|gametype|singles\n|player|p1|Luigi20000|lucas-gen4pt|1134\n|player|p2|KarmaKazama0|266|1341\n|teamsize|p1|6\n|teamsize|p2|6\n|gen|9\n|tier|[Gen 9] National Dex Ubers\n|rated|\n|rule|HP Percentage Mod: HP is shown in percentages\n|rule|Endless Battle Clause: Forcing endless battles is banned\n|rule|OHKO Clause: OHKO moves are banned\n|rule|Evasion Moves Clause: Evasion moves are banned\n|rule|Evasion Items Clause: Evasion items are banned\n|rule|Species Clause: Limit one of each Pok\u00e9mon\n|rule|Sleep Clause Mod: Limit one foe put to sleep\n|rule|Mega Rayquaza Clause: You cannot mega evolve Rayquaza\n|clearpoke\n|poke|p1|Tapu Koko|\n|poke|p1|Eelektross, M|\n|poke|p1|Pincurchin, M|\n|poke|p1|Galvantula, M|\n|poke|p1|Ampharos, M|\n|poke|p1|Xurkitree|\n|poke|p2|Necrozma-Dusk-Mane|\n|poke|p2|Zygarde|\n|poke|p2|Yveltal|\n|poke|p2|Groudon|\n|poke|p2|Marshadow|\n|poke|p2|Xerneas-*|\n|teampreview\n|inactive|Battle timer is ON: inactive players will automatically lose when time's up. (requested by KarmaKazama0)\n|\n|t:|1699894919\n|start\n|switch|p1a: Galvantula|Galvantula, M|100\/100\n|switch|p2a: Zygarde|Zygarde|100\/100\n|turn|1\n|\n|t:|1699894924\n|move|p1a: Galvantula|Sticky Web|p2a: Zygarde\n|-sidestart|p2: KarmaKazama0|move: Sticky Web\n|move|p2a: Zygarde|Thousand Arrows|p1a: Galvantula\n|-damage|p1a: Galvantula|26\/100\n|\n|upkeep\n|turn|2\n|\n|t:|1699894944\n|move|p1a: Galvantula|Disable|p2a: Zygarde\n|-start|p2a: Zygarde|Disable|Thousand Arrows\n|move|p2a: Zygarde|Dragon Dance|p2a: Zygarde\n|-boost|p2a: Zygarde|atk|1\n|-boost|p2a: Zygarde|spe|1\n|\n|upkeep\n|turn|3\n|\n|t:|1699894951\n|move|p2a: Zygarde|Extreme Speed|p1a: Galvantula\n|-damage|p1a: Galvantula|0 fnt\n|faint|p1a: Galvantula\n|\n|upkeep\n|\n|t:|1699894955\n|switch|p1a: Tapu Koko|Tapu Koko|100\/100\n|-fieldstart|move: Electric Terrain|[from] ability: Electric Surge|[of] p1a: Tapu Koko\n|turn|4\n|\n|t:|1699894964\n|move|p2a: Zygarde|Extreme Speed|p1a: Tapu Koko\n|-damage|p1a: Tapu Koko|51\/100\n|move|p1a: Tapu Koko|Hidden Power|p2a: Zygarde\n|-supereffective|p2a: Zygarde\n|-damage|p2a: Zygarde|28\/100\n|\n|-activate|p2a: Zygarde|ability: Power Construct\n|detailschange|p2a: Zygarde|Zygarde-Complete\n|-heal|p2a: Zygarde|55\/100|[silent]\n|upkeep\n|turn|5\n|\n|t:|1699894974\n|-terastallize|p2a: Zygarde|Normal\n|move|p2a: Zygarde|Extreme Speed|p1a: Tapu Koko\n|-damage|p1a: Tapu Koko|0 fnt\n|faint|p1a: Tapu Koko\n|\n|-end|p2a: Zygarde|Disable\n|upkeep\n|\n|t:|1699894983\n|switch|p1a: Eelektross|Eelektross, M|100\/100\n|turn|6\n|\n|t:|1699894986\n|move|p2a: Zygarde|Thousand Arrows|p1a: Eelektross\n|-supereffective|p1a: Eelektross\n|-damage|p1a: Eelektross|0 fnt\n|faint|p1a: Eelektross\n|\n|upkeep\n|\n|t:|1699894991\n|switch|p1a: Ampharos|Ampharos, M|100\/100\n|turn|7\n|\n|t:|1699894995\n|detailschange|p1a: Ampharos|Ampharos-Mega, M\n|-mega|p1a: Ampharos|Ampharos|Ampharosite\n|-ability|p1a: Ampharos|Mold Breaker\n|move|p2a: Zygarde|Thousand Arrows|p1a: Ampharos\n|-supereffective|p1a: Ampharos\n|-damage|p1a: Ampharos|0 fnt\n|faint|p1a: Ampharos\n|\n|upkeep\n|-message|Luigi20000 forfeited.\n|\n|win|KarmaKazama0\n|raw|Luigi20000's rating: 1134 &rarr; <strong>1122<\/strong><br \/>(-12 for losing)\n|raw|KarmaKazama0's rating: 1341 &rarr; <strong>1350<\/strong><br \/>(+9 for winning)\n|l|\u2606Luigi20000\n","uploadtime":1699895004,"views":17,"p1id":"luigi20000","p2id":"karmakazama0","formatid":"gen9nationaldexubers","rating":1122,"private":0,"password":""}