{"id":"gen9nationaldexubers-1981103510","p1":"Half_A_Ako","p2":"Neosouls","format":"[Gen 9] National Dex Ubers","log":"|j|\u2606Half_A_Ako\n|j|\u2606Neosouls\n|t:|1698863810\n|gametype|singles\n|player|p1|Half_A_Ako|victor-dojo|\n|player|p2|Neosouls|266|\n|teamsize|p1|3\n|teamsize|p2|3\n|gen|9\n|tier|[Gen 9] National Dex Ubers\n|rule|HP Percentage Mod: HP is shown in percentages\n|rule|Endless Battle Clause: Forcing endless battles is banned\n|rule|OHKO Clause: OHKO moves are banned\n|rule|Evasion Moves Clause: Evasion moves are banned\n|rule|Evasion Items Clause: Evasion items are banned\n|rule|Species Clause: Limit one of each Pok\u00e9mon\n|rule|Sleep Clause Mod: Limit one foe put to sleep\n|rule|Mega Rayquaza Clause: You cannot mega evolve Rayquaza\n|clearpoke\n|poke|p1|Dartrix, L25, M|\n|poke|p1|Gabite, L25, F|\n|poke|p1|Luxio, L21, M|\n|poke|p2|Pinsir, L20, M|\n|poke|p2|Accelgor, L18, M|\n|poke|p2|Scyther, L16, M|\n|teampreview\n|\n|t:|1698863821\n|start\n|switch|p1a: Robindibou|Dartrix, L25, M|100\/100\n|switch|p2a: Accelgor|Accelgor, L18, M|100\/100\n|turn|1\n|\n|t:|1698863841\n|move|p2a: Accelgor|Struggle Bug|p1a: Robindibou\n|-damage|p1a: Robindibou|82\/100\n|-unboost|p1a: Robindibou|spa|1\n|move|p1a: Robindibou|Pluck|p2a: Accelgor\n|-supereffective|p2a: Accelgor\n|-damage|p2a: Accelgor|0 fnt\n|faint|p2a: Accelgor\n|\n|upkeep\n|\n|t:|1698863850\n|switch|p2a: Scyther|Scyther, L16, M|100\/100\n|turn|2\n|\n|t:|1698863856\n|switch|p1a: Luxure|Luxio, L21, M|100\/100\n|-ability|p1a: Luxure|Intimidate|boost\n|-unboost|p2a: Scyther|atk|1\n|move|p2a: Scyther|Wing Attack|p1a: Luxure\n|-resisted|p1a: Luxure\n|-damage|p1a: Luxure|83\/100\n|\n|upkeep\n|turn|3\n|\n|t:|1698863870\n|move|p2a: Scyther|Fury Cutter|p1a: Luxure\n|-damage|p1a: Luxure|59\/100\n|move|p1a: Luxure|Spark|p2a: Scyther\n|-supereffective|p2a: Scyther\n|-damage|p2a: Scyther|0 fnt\n|faint|p2a: Scyther\n|\n|upkeep\n|\n|t:|1698863878\n|switch|p2a: Pinsir|Pinsir, L20, M|100\/100\n|-ability|p2a: Pinsir|Mold Breaker\n|turn|4\n|\n|t:|1698863887\n|move|p2a: Pinsir|Storm Throw|p1a: Luxure\n|-crit|p1a: Luxure\n|-damage|p1a: Luxure|0 fnt\n|faint|p1a: Luxure\n|\n|upkeep\n|\n|t:|1698863892\n|switch|p1a: Robindibou|Dartrix, L25, M|82\/100\n|turn|5\n|\n|t:|1698863899\n|move|p2a: Pinsir|Storm Throw|p1a: Robindibou\n|-resisted|p1a: Robindibou\n|-crit|p1a: Robindibou\n|-damage|p1a: Robindibou|68\/100\n|move|p1a: Robindibou|Pluck|p2a: Pinsir\n|-supereffective|p2a: Pinsir\n|-damage|p2a: Pinsir|13\/100\n|\n|upkeep\n|turn|6\n|\n|t:|1698863909\n|move|p2a: Pinsir|Seismic Toss|p1a: Robindibou\n|-damage|p1a: Robindibou|44\/100\n|move|p1a: Robindibou|Pluck|p2a: Pinsir\n|-supereffective|p2a: Pinsir\n|-damage|p2a: Pinsir|0 fnt\n|faint|p2a: Pinsir\n|\n|win|Half_A_Ako\n","uploadtime":1698863918,"views":10,"p1id":"halfaako","p2id":"neosouls","formatid":"gen9nationaldexubers","rating":0,"private":0,"password":""}