{"id":"gen9nationaldexubers-1986419098","p1":"CallMeWeeaboo","p2":"HomieDomie","format":"[Gen 9] National Dex Ubers","log":"|j|\u2606CallMeWeeaboo\n|j|\u2606HomieDomie\n|t:|1699477449\n|gametype|singles\n|player|p1|CallMeWeeaboo|melony|1202\n|player|p2|HomieDomie|2|1091\n|teamsize|p1|6\n|teamsize|p2|6\n|gen|9\n|tier|[Gen 9] National Dex Ubers\n|rated|\n|rule|HP Percentage Mod: HP is shown in percentages\n|rule|Endless Battle Clause: Forcing endless battles is banned\n|rule|OHKO Clause: OHKO moves are banned\n|rule|Evasion Moves Clause: Evasion moves are banned\n|rule|Evasion Items Clause: Evasion items are banned\n|rule|Species Clause: Limit one of each Pok\u00e9mon\n|rule|Sleep Clause Mod: Limit one foe put to sleep\n|rule|Mega Rayquaza Clause: You cannot mega evolve Rayquaza\n|clearpoke\n|poke|p1|Ogerpon-Hearthflame, F|\n|poke|p1|Mimikyu, F|\n|poke|p1|Darmanitan-Galar, M|\n|poke|p1|Gholdengo|\n|poke|p1|Xurkitree|\n|poke|p1|Naganadel|\n|poke|p2|Naganadel|\n|poke|p2|Arceus-Ground|\n|poke|p2|Marshadow|\n|poke|p2|Ho-Oh|\n|poke|p2|Lunala|\n|poke|p2|Kangaskhan, F|\n|teampreview\n|inactive|Battle timer is ON: inactive players will automatically lose when time's up. (requested by CallMeWeeaboo)\n|\n|t:|1699477470\n|start\n|switch|p1a: BEES|Naganadel, shiny|100\/100\n|switch|p2a: Ho-Oh|Ho-Oh|100\/100\n|turn|1\n|\n|t:|1699477489\n|move|p1a: BEES|Nasty Plot|p1a: BEES\n|-boost|p1a: BEES|spa|2\n|move|p2a: Ho-Oh|Brave Bird|p1a: BEES\n|-damage|p1a: BEES|22\/100\n|-damage|p2a: Ho-Oh|82\/100|[from] Recoil\n|\n|upkeep\n|turn|2\n|\n|t:|1699477497\n|move|p1a: BEES|Dragon Pulse|p2a: Ho-Oh\n|-damage|p2a: Ho-Oh|45\/100\n|move|p2a: Ho-Oh|Brave Bird|p1a: BEES\n|-damage|p1a: BEES|0 fnt\n|faint|p1a: BEES\n|-damage|p2a: Ho-Oh|40\/100|[from] Recoil\n|\n|upkeep\n|\n|t:|1699477512\n|switch|p1a: BuzzBuzz|Xurkitree|100\/100\n|turn|3\n|\n|t:|1699477523\n|switch|p2a: Arceus|Arceus-Ground|100\/100\n|move|p1a: BuzzBuzz|Tail Glow|p1a: BuzzBuzz\n|-boost|p1a: BuzzBuzz|spa|3\n|\n|upkeep\n|turn|4\n|\n|t:|1699477530\n|move|p1a: BuzzBuzz|Energy Ball|p2a: Arceus\n|-supereffective|p2a: Arceus\n|-damage|p2a: Arceus|0 fnt\n|faint|p2a: Arceus\n|-ability|p1a: BuzzBuzz|Beast Boost|boost\n|-boost|p1a: BuzzBuzz|spa|1\n|\n|upkeep\n|\n|t:|1699477535\n|switch|p2a: Naganadel|Naganadel|100\/100\n|turn|5\n|\n|t:|1699477545\n|move|p2a: Naganadel|Poison Jab|p1a: BuzzBuzz\n|-damage|p1a: BuzzBuzz|42\/100\n|-status|p1a: BuzzBuzz|psn\n|-damage|p2a: Naganadel|91\/100|[from] item: Life Orb\n|move|p1a: BuzzBuzz|Hypnosis|p2a: Naganadel\n|-status|p2a: Naganadel|slp|[from] move: Hypnosis\n|\n|-damage|p1a: BuzzBuzz|30\/100 psn|[from] psn\n|upkeep\n|turn|6\n|\n|t:|1699477557\n|switch|p2a: Kangaskhan|Kangaskhan, F|100\/100\n|move|p1a: BuzzBuzz|Discharge|p2a: Kangaskhan\n|-damage|p2a: Kangaskhan|0 fnt\n|faint|p2a: Kangaskhan\n|-ability|p1a: BuzzBuzz|Beast Boost|boost\n|-boost|p1a: BuzzBuzz|spa|1\n|\n|-damage|p1a: BuzzBuzz|17\/100 psn|[from] psn\n|upkeep\n|inactive|HomieDomie has 120 seconds left.\n|\n|t:|1699477594\n|switch|p2a: Marshadow|Marshadow|100\/100\n|turn|7\n|\n|t:|1699477598\n|move|p2a: Marshadow|Shadow Sneak|p1a: BuzzBuzz\n|-damage|p1a: BuzzBuzz|0 fnt\n|faint|p1a: BuzzBuzz\n|\n|upkeep\n|\n|t:|1699477611\n|switch|p1a: YogurtPuns|Ogerpon-Hearthflame, F|100\/100\n|-ability|p1a: YogurtPuns|Mold Breaker\n|turn|8\n|inactive|HomieDomie has 120 seconds left.\n|\n|t:|1699477626\n|switch|p2a: Ho-Oh|Ho-Oh|74\/100\n|move|p1a: YogurtPuns|Ivy Cudgel|p2a: Ho-Oh\n|-resisted|p2a: Ho-Oh\n|-damage|p2a: Ho-Oh|47\/100\n|\n|upkeep\n|turn|9\n|\n|t:|1699477633\n|move|p1a: YogurtPuns|Knock Off|p2a: Ho-Oh\n|-damage|p2a: Ho-Oh|10\/100\n|-enditem|p2a: Ho-Oh|Heavy-Duty Boots|[from] move: Knock Off|[of] p1a: YogurtPuns\n|move|p2a: Ho-Oh|Roost|p2a: Ho-Oh\n|-heal|p2a: Ho-Oh|60\/100\n|-singleturn|p2a: Ho-Oh|move: Roost\n|\n|upkeep\n|turn|10\n|\n|t:|1699477642\n|move|p1a: YogurtPuns|Ivy Cudgel|p2a: Ho-Oh\n|-resisted|p2a: Ho-Oh\n|-damage|p2a: Ho-Oh|33\/100\n|move|p2a: Ho-Oh|Roost|p2a: Ho-Oh\n|-heal|p2a: Ho-Oh|83\/100\n|-singleturn|p2a: Ho-Oh|move: Roost\n|\n|upkeep\n|turn|11\n|\n|t:|1699477650\n|move|p1a: YogurtPuns|Swords Dance|p1a: YogurtPuns\n|-boost|p1a: YogurtPuns|atk|2\n|move|p2a: Ho-Oh|Toxic|p1a: YogurtPuns|[miss]\n|-miss|p2a: Ho-Oh|p1a: YogurtPuns\n|\n|upkeep\n|turn|12\n|\n|t:|1699477657\n|move|p1a: YogurtPuns|Ivy Cudgel|p2a: Ho-Oh\n|-resisted|p2a: Ho-Oh\n|-damage|p2a: Ho-Oh|30\/100\n|move|p2a: Ho-Oh|Brave Bird|p1a: YogurtPuns\n|-supereffective|p1a: YogurtPuns\n|-crit|p1a: YogurtPuns\n|-damage|p1a: YogurtPuns|0 fnt\n|faint|p1a: YogurtPuns\n|-damage|p2a: Ho-Oh|6\/100|[from] Recoil\n|\n|upkeep\n|\n|t:|1699477667\n|switch|p1a: HatsuneMimikyu|Mimikyu, F|100\/100\n|turn|13\n|\n|t:|1699477676\n|move|p1a: HatsuneMimikyu|Shadow Sneak|p2a: Ho-Oh\n|-damage|p2a: Ho-Oh|0 fnt\n|faint|p2a: Ho-Oh\n|-damage|p1a: HatsuneMimikyu|91\/100|[from] item: Life Orb\n|\n|upkeep\n|\n|t:|1699477679\n|switch|p2a: Naganadel|Naganadel|91\/100 slp\n|turn|14\n|\n|t:|1699477692\n|switch|p1a: GholdenGoat|Gholdengo|100\/100\n|cant|p2a: Naganadel|slp\n|\n|upkeep\n|turn|15\n|\n|t:|1699477700\n|-curestatus|p2a: Naganadel|slp|[msg]\n|move|p2a: Naganadel|Spikes|p1a: GholdenGoat\n|-sidestart|p1: CallMeWeeaboo|Spikes\n|move|p1a: GholdenGoat|Make It Rain|p2a: Naganadel\n|-damage|p2a: Naganadel|0 fnt\n|-unboost|p1a: GholdenGoat|spa|1\n|faint|p2a: Naganadel\n|\n|upkeep\n|\n|t:|1699477712\n|switch|p2a: Marshadow|Marshadow|100\/100\n|turn|16\n|\n|t:|1699477719\n|-terastallize|p1a: GholdenGoat|Steel\n|move|p2a: Marshadow|Spectral Thief|p1a: GholdenGoat\n|-damage|p1a: GholdenGoat|57\/100\n|move|p1a: GholdenGoat|Thunder Wave|p2a: Marshadow\n|-status|p2a: Marshadow|par\n|\n|-heal|p1a: GholdenGoat|63\/100|[from] item: Leftovers\n|upkeep\n|turn|17\n|\n|t:|1699477732\n|move|p1a: GholdenGoat|Hex|p2a: Marshadow\n|-supereffective|p2a: Marshadow\n|-damage|p2a: Marshadow|0 fnt\n|faint|p2a: Marshadow\n|\n|-heal|p1a: GholdenGoat|69\/100|[from] item: Leftovers\n|upkeep\n|\n|t:|1699477735\n|switch|p2a: Lunala|Lunala|100\/100\n|turn|18\n|c|\u2606CallMeWeeaboo|HOLY SHIT THAT FEELS SO GOOD\n|c|\u2606CallMeWeeaboo|MARSHADOW IS THE BANE OF MY EXISTENCE\n|\n|t:|1699477764\n|move|p2a: Lunala|Substitute|p2a: Lunala\n|-start|p2a: Lunala|Substitute\n|-damage|p2a: Lunala|76\/100\n|move|p1a: GholdenGoat|Thunder Wave||[still]\n|-fail|p1a: GholdenGoat\n|\n|-heal|p1a: GholdenGoat|75\/100|[from] item: Leftovers\n|upkeep\n|turn|19\n|\n|t:|1699477780\n|move|p2a: Lunala|Moongeist Beam|p1a: GholdenGoat\n|-damage|p1a: GholdenGoat|22\/100\n|move|p1a: GholdenGoat|Hex|p2a: Lunala\n|-supereffective|p2a: Lunala\n|-end|p2a: Lunala|Substitute\n|\n|-heal|p1a: GholdenGoat|28\/100|[from] item: Leftovers\n|upkeep\n|turn|20\n|\n|t:|1699477791\n|move|p2a: Lunala|Substitute|p2a: Lunala\n|-start|p2a: Lunala|Substitute\n|-damage|p2a: Lunala|51\/100\n|move|p1a: GholdenGoat|Hex|p2a: Lunala\n|-supereffective|p2a: Lunala\n|-end|p2a: Lunala|Substitute\n|\n|-heal|p1a: GholdenGoat|34\/100|[from] item: Leftovers\n|upkeep\n|turn|21\n|\n|t:|1699477800\n|move|p2a: Lunala|Moongeist Beam|p1a: GholdenGoat\n|-damage|p1a: GholdenGoat|0 fnt\n|faint|p1a: GholdenGoat\n|\n|upkeep\n|\n|t:|1699477807\n|switch|p1a: Stairs|Darmanitan-Galar, M|100\/100\n|-damage|p1a: Stairs|88\/100|[from] Spikes\n|turn|22\n|\n|t:|1699477832\n|move|p2a: Lunala|Moongeist Beam|p1a: Stairs\n|-damage|p1a: Stairs|0 fnt\n|faint|p1a: Stairs\n|\n|upkeep\n|\n|t:|1699477838\n|switch|p1a: HatsuneMimikyu|Mimikyu, F|91\/100\n|-damage|p1a: HatsuneMimikyu|78\/100|[from] Spikes\n|turn|23\n|\n|t:|1699477849\n|move|p1a: HatsuneMimikyu|Shadow Sneak|p2a: Lunala\n|-supereffective|p2a: Lunala\n|-damage|p2a: Lunala|0 fnt\n|faint|p2a: Lunala\n|-damage|p1a: HatsuneMimikyu|68\/100|[from] item: Life Orb\n|\n|win|CallMeWeeaboo\n|raw|CallMeWeeaboo's rating: 1202 &rarr; <strong>1219<\/strong><br \/>(+17 for winning)\n|raw|HomieDomie's rating: 1091 &rarr; <strong>1075<\/strong><br \/>(-16 for losing)\n|l|\u2606HomieDomie\n","uploadtime":1699477865,"views":9,"p1id":"callmeweeaboo","p2id":"homiedomie","formatid":"gen9nationaldexubers","rating":1075,"private":0,"password":""}