{"id":"gen9nationaldexubers-1987371339","p1":"Rhyfinn 01","p2":"SundayCandie","format":"[Gen 9] National Dex Ubers","log":"|j|\u2606Rhyfinn 01\n|j|\u2606SundayCandie\n|t:|1699582958\n|gametype|singles\n|player|p1|Rhyfinn 01|alder|1049\n|player|p2|SundayCandie|101|1194\n|teamsize|p1|6\n|teamsize|p2|6\n|gen|9\n|tier|[Gen 9] National Dex Ubers\n|rated|\n|rule|HP Percentage Mod: HP is shown in percentages\n|rule|Endless Battle Clause: Forcing endless battles is banned\n|rule|OHKO Clause: OHKO moves are banned\n|rule|Evasion Moves Clause: Evasion moves are banned\n|rule|Evasion Items Clause: Evasion items are banned\n|rule|Species Clause: Limit one of each Pok\u00e9mon\n|rule|Sleep Clause Mod: Limit one foe put to sleep\n|rule|Mega Rayquaza Clause: You cannot mega evolve Rayquaza\n|clearpoke\n|poke|p1|Groudon|\n|poke|p1|Xerneas-*|\n|poke|p1|Marshadow|\n|poke|p1|Necrozma-Dusk-Mane|\n|poke|p1|Deoxys-Speed|\n|poke|p1|Rayquaza|\n|poke|p2|Malamar, M|\n|poke|p2|Trevenant, M|\n|poke|p2|Sylveon, F|\n|poke|p2|Salamence, M|\n|poke|p2|Greninja-*, M|\n|poke|p2|Lucario, M|\n|teampreview\n|inactive|Battle timer is ON: inactive players will automatically lose when time's up. (requested by Rhyfinn 01)\n|\n|t:|1699582969\n|start\n|switch|p1a: Deoxys|Deoxys-Speed|100\/100\n|switch|p2a: Trevenant|Trevenant, M|100\/100\n|-ability|p1a: Deoxys|Pressure\n|turn|1\n|\n|t:|1699582982\n|move|p1a: Deoxys|Stealth Rock|p2a: Trevenant\n|-sidestart|p2: SundayCandie|move: Stealth Rock\n|move|p2a: Trevenant|Poltergeist|p1a: Deoxys\n|-activate|p1a: Deoxys|move: Poltergeist|Focus Sash\n|-supereffective|p1a: Deoxys\n|-enditem|p1a: Deoxys|Focus Sash\n|-damage|p1a: Deoxys|1\/100\n|\n|upkeep\n|turn|2\n|\n|t:|1699582988\n|move|p1a: Deoxys|Spikes|p2a: Trevenant\n|-sidestart|p2: SundayCandie|Spikes\n|move|p2a: Trevenant|Horn Leech|p1a: Deoxys\n|-damage|p1a: Deoxys|0 fnt\n|faint|p1a: Deoxys\n|\n|upkeep\n|\n|t:|1699582997\n|switch|p1a: Groudon|Groudon, shiny|100\/100\n|detailschange|p1a: Groudon|Groudon-Primal, shiny\n|-primal|p1a: Groudon|Red Orb\n|-weather|DesolateLand|[from] ability: Desolate Land|[of] p1a: Groudon\n|turn|3\n|\n|t:|1699583002\n|move|p1a: Groudon|Flamethrower|p2a: Trevenant\n|-supereffective|p2a: Trevenant\n|-damage|p2a: Trevenant|0 fnt\n|faint|p2a: Trevenant\n|\n|-weather|DesolateLand|[upkeep]\n|upkeep\n|\n|t:|1699583025\n|switch|p2a: Salamence|Salamence, M|100\/100\n|-damage|p2a: Salamence|76\/100|[from] Stealth Rock\n|-ability|p2a: Salamence|Intimidate|boost\n|-unboost|p1a: Groudon|atk|1\n|turn|4\n|\n|t:|1699583037\n|-weather|none\n|switch|p1a: Necrozma|Necrozma-Dusk-Mane, shiny|100\/100\n|detailschange|p2a: Salamence|Salamence-Mega, M\n|-mega|p2a: Salamence|Salamence|Salamencite\n|move|p2a: Salamence|Return|p1a: Necrozma\n|-resisted|p1a: Necrozma\n|-damage|p1a: Necrozma|68\/100\n|\n|upkeep\n|turn|5\n|\n|t:|1699583048\n|detailschange|p1a: Necrozma|Necrozma-Ultra, shiny\n|-burst|p1a: Necrozma|Necrozma|Ultranecrozium Z\n|move|p1a: Necrozma|Dragon Dance|p1a: Necrozma\n|-boost|p1a: Necrozma|atk|1\n|-boost|p1a: Necrozma|spe|1\n|move|p2a: Salamence|Earthquake|p1a: Necrozma\n|-damage|p1a: Necrozma|27\/100\n|\n|upkeep\n|turn|6\n|\n|t:|1699583053\n|switch|p2a: Sylveon|Sylveon, F|100\/100\n|-damage|p2a: Sylveon|88\/100|[from] Stealth Rock\n|-damage|p2a: Sylveon|76\/100|[from] Spikes\n|move|p1a: Necrozma|Photon Geyser|p2a: Sylveon\n|-damage|p2a: Sylveon|0 fnt\n|faint|p2a: Sylveon\n|\n|upkeep\n|\n|t:|1699583065\n|switch|p2a: Malamar|Malamar, M, shiny|100\/100\n|-damage|p2a: Malamar|88\/100|[from] Stealth Rock\n|-damage|p2a: Malamar|75\/100|[from] Spikes\n|turn|7\n|\n|t:|1699583071\n|move|p1a: Necrozma|Sunsteel Strike|p2a: Malamar\n|-damage|p2a: Malamar|0 fnt\n|faint|p2a: Malamar\n|\n|upkeep\n|\n|t:|1699583075\n|switch|p2a: Salamence|Salamence-Mega, M|76\/100\n|-damage|p2a: Salamence|51\/100|[from] Stealth Rock\n|turn|8\n|-message|SundayCandie forfeited.\n|\n|win|Rhyfinn 01\n|raw|Rhyfinn 01's rating: 1090 &rarr; <strong>1124<\/strong><br \/>(+34 for winning)\n|raw|SundayCandie's rating: 1194 &rarr; <strong>1162<\/strong><br \/>(-32 for losing)\n|l|\u2606SundayCandie\n","uploadtime":1699583084,"views":5,"p1id":"rhyfinn01","p2id":"sundaycandie","formatid":"gen9nationaldexubers","rating":1124,"private":0,"password":""}