{"id":"gen9nationaldexubers-1989663147","p1":"KarmaKazama0","p2":"The Secret Keeper","format":"[Gen 9] National Dex Ubers","log":"|j|\u2606KarmaKazama0\n|j|\u2606The Secret Keeper\n|t:|1699884557\n|gametype|singles\n|player|p1|KarmaKazama0|266|1390\n|player|p2|The Secret Keeper|1|1553\n|teamsize|p1|6\n|teamsize|p2|6\n|gen|9\n|tier|[Gen 9] National Dex Ubers\n|rated|\n|rule|HP Percentage Mod: HP is shown in percentages\n|rule|Endless Battle Clause: Forcing endless battles is banned\n|rule|OHKO Clause: OHKO moves are banned\n|rule|Evasion Moves Clause: Evasion moves are banned\n|rule|Evasion Items Clause: Evasion items are banned\n|rule|Species Clause: Limit one of each Pok\u00e9mon\n|rule|Sleep Clause Mod: Limit one foe put to sleep\n|rule|Mega Rayquaza Clause: You cannot mega evolve Rayquaza\n|clearpoke\n|poke|p1|Groudon|\n|poke|p1|Zygarde|\n|poke|p1|Arceus-Water|\n|poke|p1|Magearna|\n|poke|p1|Yveltal|\n|poke|p1|Necrozma-Dusk-Mane|\n|poke|p2|Deoxys-Speed|\n|poke|p2|Xerneas-*|\n|poke|p2|Salamence, M|\n|poke|p2|Necrozma-Dusk-Mane|\n|poke|p2|Annihilape, M|\n|poke|p2|Ditto|\n|teampreview\n|inactive|Battle timer is ON: inactive players will automatically lose when time's up. (requested by KarmaKazama0)\n|\n|t:|1699884572\n|start\n|switch|p1a: Magearna|Magearna|100\/100\n|switch|p2a: Deoxys|Deoxys-Speed|100\/100\n|-ability|p2a: Deoxys|Pressure\n|turn|1\n|\n|t:|1699884580\n|move|p2a: Deoxys|Knock Off|p1a: Magearna\n|-resisted|p1a: Magearna\n|-damage|p1a: Magearna|92\/100\n|-enditem|p1a: Magearna|Assault Vest|[from] move: Knock Off|[of] p2a: Deoxys\n|move|p1a: Magearna|Volt Switch|p2a: Deoxys\n|-damage|p2a: Deoxys|74\/100\n|\n|t:|1699884588\n|switch|p1a: Yveltal|Yveltal|100\/100|[from] Volt Switch\n|-ability|p1a: Yveltal|Dark Aura\n|\n|upkeep\n|turn|2\n|\n|t:|1699884594\n|move|p2a: Deoxys|Stealth Rock|p1a: Yveltal\n|-sidestart|p1: KarmaKazama0|move: Stealth Rock\n|move|p1a: Yveltal|Toxic|p2a: Deoxys\n|-status|p2a: Deoxys|tox\n|\n|-damage|p2a: Deoxys|68\/100 tox|[from] psn\n|upkeep\n|turn|3\n|\n|t:|1699884600\n|move|p2a: Deoxys|Knock Off|p1a: Yveltal\n|-resisted|p1a: Yveltal\n|-damage|p1a: Yveltal|90\/100\n|-enditem|p1a: Yveltal|Heavy-Duty Boots|[from] move: Knock Off|[of] p2a: Deoxys\n|move|p1a: Yveltal|Foul Play|p2a: Deoxys\n|-supereffective|p2a: Deoxys\n|-damage|p2a: Deoxys|0 fnt\n|faint|p2a: Deoxys\n|\n|upkeep\n|\n|t:|1699884613\n|switch|p2a: Salamence|Salamence, M, shiny|100\/100\n|-ability|p2a: Salamence|Intimidate|boost\n|-unboost|p1a: Yveltal|atk|1\n|turn|4\n|\n|t:|1699884618\n|detailschange|p2a: Salamence|Salamence-Mega, M, shiny\n|-mega|p2a: Salamence|Salamence|Salamencite\n|move|p2a: Salamence|Dragon Dance|p2a: Salamence\n|-boost|p2a: Salamence|atk|1\n|-boost|p2a: Salamence|spe|1\n|move|p1a: Yveltal|Taunt|p2a: Salamence\n|-start|p2a: Salamence|move: Taunt\n|\n|upkeep\n|turn|5\n|\n|t:|1699884622\n|move|p2a: Salamence|Frustration|p1a: Yveltal\n|-damage|p1a: Yveltal|9\/100\n|move|p1a: Yveltal|Foul Play|p2a: Salamence\n|-damage|p2a: Salamence|8\/100\n|\n|upkeep\n|turn|6\n|\n|t:|1699884635\n|switch|p2a: Ditto|Ditto|100\/100\n|-transform|p2a: Ditto|p1a: Yveltal|[from] ability: Imposter\n|-ability|p2a: Ditto|Dark Aura\n|move|p1a: Yveltal|Foul Play|p2a: Ditto\n|-resisted|p2a: Ditto\n|-damage|p2a: Ditto|83\/100\n|\n|upkeep\n|turn|7\n|\n|t:|1699884644\n|move|p2a: Ditto|Foul Play|p1a: Yveltal\n|-resisted|p1a: Yveltal\n|-damage|p1a: Yveltal|0 fnt\n|faint|p1a: Yveltal\n|\n|upkeep\n|\n|t:|1699884652\n|switch|p1a: Arceus|Arceus-Water|100\/100\n|-damage|p1a: Arceus|88\/100|[from] Stealth Rock\n|turn|8\n|\n|t:|1699884658\n|move|p2a: Ditto|Taunt|p1a: Arceus\n|-start|p1a: Arceus|move: Taunt\n|move|p1a: Arceus|Judgment|p2a: Ditto\n|-damage|p2a: Ditto|30\/100\n|\n|upkeep\n|turn|9\n|\n|t:|1699884666\n|move|p2a: Ditto|Toxic|p1a: Arceus\n|-status|p1a: Arceus|tox\n|move|p1a: Arceus|Judgment|p2a: Ditto\n|-damage|p2a: Ditto|0 fnt\n|faint|p2a: Ditto\n|\n|-damage|p1a: Arceus|82\/100 tox|[from] psn\n|upkeep\n|\n|t:|1699884679\n|switch|p2a: Xerneas|Xerneas, shiny|100\/100\n|-ability|p2a: Xerneas|Fairy Aura\n|turn|10\n|\n|t:|1699884694\n|switch|p1a: Necrozma|Necrozma-Dusk-Mane|100\/100\n|-damage|p1a: Necrozma|94\/100|[from] Stealth Rock\n|move|p2a: Xerneas|Geomancy||[still]\n|-prepare|p2a: Xerneas|Geomancy\n|-enditem|p2a: Xerneas|Power Herb\n|-anim|p2a: Xerneas|Geomancy|p2a: Xerneas\n|-boost|p2a: Xerneas|spa|2\n|-boost|p2a: Xerneas|spd|2\n|-boost|p2a: Xerneas|spe|2\n|\n|upkeep\n|turn|11\n|\n|t:|1699884702\n|-terastallize|p2a: Xerneas|Steel\n|move|p2a: Xerneas|Thunderbolt|p1a: Necrozma\n|-damage|p1a: Necrozma|36\/100\n|-zpower|p1a: Necrozma\n|move|p1a: Necrozma|Searing Sunraze Smash|p2a: Xerneas|[zeffect]\n|-resisted|p2a: Xerneas\n|-damage|p2a: Xerneas|53\/100\n|\n|upkeep\n|turn|12\n|\n|t:|1699884710\n|move|p2a: Xerneas|Moonblast|p1a: Necrozma\n|-resisted|p1a: Necrozma\n|-damage|p1a: Necrozma|0 fnt\n|faint|p1a: Necrozma\n|\n|upkeep\n|\n|t:|1699884713\n|switch|p1a: Groudon|Groudon|100\/100\n|-damage|p1a: Groudon|94\/100|[from] Stealth Rock\n|detailschange|p1a: Groudon|Groudon-Primal\n|-primal|p1a: Groudon|Red Orb\n|-weather|DesolateLand|[from] ability: Desolate Land|[of] p1a: Groudon\n|turn|13\n|\n|t:|1699884716\n|move|p2a: Xerneas|Moonblast|p1a: Groudon\n|-resisted|p1a: Groudon\n|-damage|p1a: Groudon|45\/100\n|move|p1a: Groudon|Fire Punch|p2a: Xerneas\n|-supereffective|p2a: Xerneas\n|-damage|p2a: Xerneas|0 fnt\n|faint|p2a: Xerneas\n|\n|-weather|DesolateLand|[upkeep]\n|upkeep\n|\n|t:|1699884720\n|switch|p2a: Salamence|Salamence-Mega, M, shiny|8\/100\n|turn|14\n|\n|t:|1699884727\n|move|p2a: Salamence|Frustration|p1a: Groudon\n|-damage|p1a: Groudon|1\/100\n|move|p1a: Groudon|Fire Punch|p2a: Salamence\n|-resisted|p2a: Salamence\n|-damage|p2a: Salamence|0 fnt\n|faint|p2a: Salamence\n|\n|-weather|DesolateLand|[upkeep]\n|upkeep\n|\n|t:|1699884734\n|switch|p2a: Necrozma|Necrozma-Dusk-Mane|100\/100\n|turn|15\n|\n|t:|1699884739\n|detailschange|p2a: Necrozma|Necrozma-Ultra\n|-burst|p2a: Necrozma|Necrozma|Ultranecrozium Z\n|move|p2a: Necrozma|Earthquake|p1a: Groudon\n|-supereffective|p1a: Groudon\n|-damage|p1a: Groudon|0 fnt\n|faint|p1a: Groudon\n|-weather|none\n|\n|upkeep\n|\n|t:|1699884742\n|switch|p1a: Magearna|Magearna|92\/100\n|-damage|p1a: Magearna|86\/100|[from] Stealth Rock\n|turn|16\n|\n|t:|1699884755\n|-terastallize|p1a: Magearna|Fairy\n|move|p2a: Necrozma|Earthquake|p1a: Magearna\n|-damage|p1a: Magearna|52\/100\n|move|p1a: Magearna|Fleur Cannon|p2a: Necrozma|[miss]\n|-miss|p1a: Magearna|p2a: Necrozma\n|\n|upkeep\n|turn|17\n|\n|t:|1699884761\n|-zpower|p2a: Necrozma\n|move|p2a: Necrozma|Light That Burns the Sky|p1a: Magearna|[zeffect]\n|-damage|p1a: Magearna|0 fnt\n|faint|p1a: Magearna\n|\n|upkeep\n|\n|t:|1699884769\n|switch|p1a: Arceus|Arceus-Water|82\/100 tox\n|-damage|p1a: Arceus|70\/100 tox|[from] Stealth Rock\n|turn|18\n|c|\u2606The Secret Keeper|rng screws us all every so often\n|\n|t:|1699884776\n|move|p2a: Necrozma|Photon Geyser|p1a: Arceus\n|-damage|p1a: Arceus|29\/100 tox\n|move|p1a: Arceus|Defog|p2a: Necrozma\n|-unboost|p2a: Necrozma|evasion|1\n|-sideend|p1: KarmaKazama0|Stealth Rock|[from] move: Defog|[of] p1a: Arceus\n|\n|-damage|p1a: Arceus|23\/100 tox|[from] psn\n|upkeep\n|turn|19\n|c|\u2606KarmaKazama0|it's unfortunate XD\n|\n|t:|1699884787\n|move|p2a: Necrozma|Photon Geyser|p1a: Arceus\n|-damage|p1a: Arceus|0 fnt\n|faint|p1a: Arceus\n|\n|upkeep\n|\n|t:|1699884792\n|switch|p1a: Zygarde|Zygarde|100\/100\n|turn|20\n|\n|t:|1699884812\n|move|p2a: Necrozma|Photon Geyser|p1a: Zygarde\n|-damage|p1a: Zygarde|46\/100\n|move|p1a: Zygarde|Dragon Dance|p1a: Zygarde\n|-boost|p1a: Zygarde|atk|1\n|-boost|p1a: Zygarde|spe|1\n|\n|-activate|p1a: Zygarde|ability: Power Construct\n|detailschange|p1a: Zygarde|Zygarde-Complete\n|-heal|p1a: Zygarde|66\/100|[silent]\n|upkeep\n|turn|21\n|\n|t:|1699884828\n|move|p1a: Zygarde|Outrage|p2a: Necrozma\n|-supereffective|p2a: Necrozma\n|-damage|p2a: Necrozma|0 fnt\n|faint|p2a: Necrozma\n|\n|upkeep\n|\n|t:|1699884831\n|switch|p2a: Annihilape|Annihilape, M|100\/100\n|turn|22\n|\n|t:|1699884838\n|move|p1a: Zygarde|Outrage|p2a: Annihilape|[from]lockedmove\n|-damage|p2a: Annihilape|24\/100\n|move|p2a: Annihilape|Bulk Up|p2a: Annihilape\n|-boost|p2a: Annihilape|atk|1\n|-boost|p2a: Annihilape|def|1\n|\n|-heal|p2a: Annihilape|30\/100|[from] item: Leftovers\n|upkeep\n|turn|23\n|\n|t:|1699884842\n|move|p1a: Zygarde|Outrage|p2a: Annihilape|[from]lockedmove\n|-damage|p2a: Annihilape|0 fnt\n|faint|p2a: Annihilape\n|-start|p1a: Zygarde|confusion|[fatigue]\n|\n|win|KarmaKazama0\n|raw|KarmaKazama0's rating: 1390 &rarr; <strong>1419<\/strong><br \/>(+29 for winning)\n|raw|The Secret Keeper's rating: 1553 &rarr; <strong>1524<\/strong><br \/>(-29 for losing)\n|l|\u2606The Secret Keeper\n","uploadtime":1699884868,"views":16,"p1id":"karmakazama0","p2id":"thesecretkeeper","formatid":"gen9nationaldexubers","rating":1419,"private":0,"password":""}