{"id":"gen9nationaldexubers-1978191279","p1":"JustMonika_CARR","p2":"Oddsworth","format":"[Gen 9] National Dex Ubers","log":"|j|\u2606JustMonika_CARR\n|j|\u2606Oddsworth\n|t:|1698510877\n|gametype|singles\n|player|p1|JustMonika_CARR|dawn|1353\n|player|p2|Oddsworth|1|1259\n|teamsize|p1|6\n|teamsize|p2|6\n|gen|9\n|tier|[Gen 9] National Dex Ubers\n|rated|\n|rule|HP Percentage Mod: HP is shown in percentages\n|rule|Endless Battle Clause: Forcing endless battles is banned\n|rule|OHKO Clause: OHKO moves are banned\n|rule|Evasion Moves Clause: Evasion moves are banned\n|rule|Evasion Items Clause: Evasion items are banned\n|rule|Species Clause: Limit one of each Pok\u00e9mon\n|rule|Sleep Clause Mod: Limit one foe put to sleep\n|rule|Mega Rayquaza Clause: You cannot mega evolve Rayquaza\n|clearpoke\n|poke|p1|Marshadow|\n|poke|p1|Lopunny, F|\n|poke|p1|Dialga|\n|poke|p1|Forretress, F|\n|poke|p1|Pheromosa|\n|poke|p1|Grimmsnarl, M|\n|poke|p2|Abomasnow, M|\n|poke|p2|Guzzlord|\n|poke|p2|Avalugg, F|\n|poke|p2|Regidrago|\n|poke|p2|Clodsire, F|\n|poke|p2|Dondozo, M|\n|teampreview\n|\n|t:|1698510885\n|start\n|switch|p1a: Forretress|Forretress, F, shiny|100\/100\n|switch|p2a: Fatty Claus|Abomasnow, M, shiny|100\/100\n|-weather|Snow|[from] ability: Snow Warning|[of] p2a: Fatty Claus\n|turn|1\n|c|\u2606JustMonika_CARR|Interesting team\n|c|\u2606JustMonika_CARR|What's the theme?\n|c|\u2606Oddsworth|Obesity\n|c|\u2606JustMonika_CARR|Thought so\n|c|\u2606JustMonika_CARR|But found it weird Snorlax wasn't in\n|c|\u2606JustMonika_CARR|Anyway, glhf\n|c|\u2606Oddsworth|BEHOLD!!! MY TEAM OF FATNESS\n|c|\u2606Oddsworth|PREPARE TO PERISH BY OBESITY\n|c|\u2606JustMonika_CARR|Lol\n|c|\u2606JustMonika_CARR|Body Press be like:\n|c|\u2606JustMonika_CARR|Heavy Slam be like:\n|\n|t:|1698510958\n|move|p2a: Fatty Claus|Swords Dance|p2a: Fatty Claus\n|-boost|p2a: Fatty Claus|atk|2\n|move|p1a: Forretress|Stealth Rock|p2a: Fatty Claus\n|-sidestart|p2: Oddsworth|move: Stealth Rock\n|\n|-weather|Snow|[upkeep]\n|upkeep\n|turn|2\n|\n|t:|1698510964\n|move|p2a: Fatty Claus|Earthquake|p1a: Forretress\n|-damage|p1a: Forretress|66\/100\n|-enditem|p1a: Forretress|Red Card|[of] p2a: Fatty Claus\n|drag|p2a: Omega Fatty|Avalugg, F, shiny|100\/100\n|move|p1a: Forretress|Toxic Spikes|p2a: Omega Fatty\n|-sidestart|p2: Oddsworth|move: Toxic Spikes\n|\n|-weather|Snow|[upkeep]\n|upkeep\n|turn|3\n|\n|t:|1698510973\n|move|p1a: Forretress|Toxic Spikes|p2a: Omega Fatty\n|-sidestart|p2: Oddsworth|move: Toxic Spikes\n|move|p2a: Omega Fatty|Rapid Spin|p1a: Forretress\n|-resisted|p1a: Forretress\n|-damage|p1a: Forretress|62\/100\n|-boost|p2a: Omega Fatty|spe|1\n|-sideend|p2: Oddsworth|Toxic Spikes|[from] move: Rapid Spin|[of] p2a: Omega Fatty\n|-sideend|p2: Oddsworth|Stealth Rock|[from] move: Rapid Spin|[of] p2a: Omega Fatty\n|\n|-weather|Snow|[upkeep]\n|upkeep\n|turn|4\n|\n|t:|1698510982\n|move|p2a: Omega Fatty|Body Press|p1a: Forretress\n|-damage|p1a: Forretress|39\/100\n|move|p1a: Forretress|Stealth Rock|p2a: Omega Fatty\n|-sidestart|p2: Oddsworth|move: Stealth Rock\n|\n|-weather|Snow|[upkeep]\n|upkeep\n|turn|5\n|\n|t:|1698510989\n|move|p2a: Omega Fatty|Body Press|p1a: Forretress\n|-damage|p1a: Forretress|18\/100\n|move|p1a: Forretress|Toxic Spikes|p2a: Omega Fatty\n|-sidestart|p2: Oddsworth|move: Toxic Spikes\n|\n|-weather|Snow|[upkeep]\n|upkeep\n|turn|6\n|\n|t:|1698510997\n|switch|p1a: Marshadow|Marshadow|100\/100\n|move|p2a: Omega Fatty|Rapid Spin|p1a: Marshadow\n|-immune|p1a: Marshadow\n|\n|-weather|Snow|[upkeep]\n|upkeep\n|turn|7\n|\n|t:|1698511019\n|switch|p2a: Fillet O\u2019 Fatties|Dondozo, M|100\/100\n|-damage|p2a: Fillet O\u2019 Fatties|88\/100|[from] Stealth Rock\n|-status|p2a: Fillet O\u2019 Fatties|psn\n|move|p1a: Marshadow|Spectral Thief|p2a: Fillet O\u2019 Fatties\n|-damage|p2a: Fillet O\u2019 Fatties|61\/100 psn\n|\n|-weather|Snow|[upkeep]\n|-heal|p2a: Fillet O\u2019 Fatties|67\/100 psn|[from] item: Leftovers\n|-damage|p2a: Fillet O\u2019 Fatties|55\/100 psn|[from] psn\n|upkeep\n|turn|8\n|\n|t:|1698511038\n|move|p1a: Marshadow|Spectral Thief|p2a: Fillet O\u2019 Fatties\n|-damage|p2a: Fillet O\u2019 Fatties|27\/100 psn\n|move|p2a: Fillet O\u2019 Fatties|Aqua Tail|p1a: Marshadow\n|-damage|p1a: Marshadow|42\/100\n|\n|-weather|none\n|-heal|p2a: Fillet O\u2019 Fatties|33\/100 psn|[from] item: Leftovers\n|-damage|p2a: Fillet O\u2019 Fatties|21\/100 psn|[from] psn\n|upkeep\n|turn|9\n|\n|t:|1698511049\n|move|p1a: Marshadow|Drain Punch|p2a: Fillet O\u2019 Fatties\n|-damage|p2a: Fillet O\u2019 Fatties|0 fnt\n|-heal|p1a: Marshadow|58\/100|[from] drain|[of] p2a: Fillet O\u2019 Fatties\n|faint|p2a: Fillet O\u2019 Fatties\n|\n|upkeep\n|\n|t:|1698511066\n|switch|p2a: Omega Fatty|Avalugg, F, shiny|100\/100\n|turn|10\n|\n|t:|1698511071\n|move|p1a: Marshadow|Drain Punch|p2a: Omega Fatty\n|-supereffective|p2a: Omega Fatty\n|-damage|p2a: Omega Fatty|70\/100\n|-heal|p1a: Marshadow|77\/100|[from] drain|[of] p2a: Omega Fatty\n|move|p2a: Omega Fatty|Avalanche|p1a: Marshadow\n|-damage|p1a: Marshadow|12\/100\n|\n|upkeep\n|turn|11\n|c|\u2606Oddsworth|Perish by STAB\n|\n|t:|1698511081\n|move|p1a: Marshadow|Drain Punch|p2a: Omega Fatty\n|-supereffective|p2a: Omega Fatty\n|-damage|p2a: Omega Fatty|41\/100\n|-heal|p1a: Marshadow|30\/100|[from] drain|[of] p2a: Omega Fatty\n|move|p2a: Omega Fatty|Avalanche|p1a: Marshadow\n|-damage|p1a: Marshadow|0 fnt\n|faint|p1a: Marshadow\n|\n|upkeep\n|c|\u2606Oddsworth|And obesity\n|\n|t:|1698511116\n|switch|p1a: Pheromosa|Pheromosa, shiny|100\/100\n|turn|12\n|\n|t:|1698511132\n|move|p1a: Pheromosa|Bug Buzz|p2a: Omega Fatty\n|-crit|p2a: Omega Fatty\n|-damage|p2a: Omega Fatty|0 fnt\n|faint|p2a: Omega Fatty\n|-ability|p1a: Pheromosa|Beast Boost|boost\n|-boost|p1a: Pheromosa|spa|1\n|\n|upkeep\n|\n|t:|1698511144\n|switch|p2a: Fat Poopy|Clodsire, F|100\/100\n|-damage|p2a: Fat Poopy|94\/100|[from] Stealth Rock\n|-sideend|p2: Oddsworth|move: Toxic Spikes|[of] p2a: Fat Poopy\n|turn|13\n|\n|t:|1698511157\n|-terastallize|p1a: Pheromosa|Flying\n|move|p1a: Pheromosa|Ice Beam|p2a: Fat Poopy\n|-supereffective|p2a: Fat Poopy\n|-damage|p2a: Fat Poopy|38\/100\n|move|p2a: Fat Poopy|Earthquake|p1a: Pheromosa\n|-immune|p1a: Pheromosa\n|\n|upkeep\n|turn|14\n|\n|t:|1698511166\n|move|p1a: Pheromosa|Ice Beam|p2a: Fat Poopy\n|-supereffective|p2a: Fat Poopy\n|-damage|p2a: Fat Poopy|0 fnt\n|faint|p2a: Fat Poopy\n|-ability|p1a: Pheromosa|Beast Boost|boost\n|-boost|p1a: Pheromosa|spa|1\n|\n|upkeep\n|c|\u2606JustMonika_CARR|Lol\n|\n|t:|1698511181\n|switch|p2a: Fatty Orb|Regidrago, shiny|100\/100\n|-damage|p2a: Fatty Orb|88\/100|[from] Stealth Rock\n|turn|15\n|\n|t:|1698511186\n|-terastallize|p2a: Fatty Orb|Dragon\n|move|p2a: Fatty Orb|Dragon Energy|p1a: Pheromosa\n|-enditem|p1a: Pheromosa|Focus Sash\n|-damage|p1a: Pheromosa|1\/100\n|move|p1a: Pheromosa|Ice Beam|p2a: Fatty Orb\n|-supereffective|p2a: Fatty Orb\n|-damage|p2a: Fatty Orb|0 fnt\n|faint|p2a: Fatty Orb\n|-ability|p1a: Pheromosa|Beast Boost|boost\n|-boost|p1a: Pheromosa|spa|1\n|\n|upkeep\n|\n|t:|1698511196\n|switch|p2a: Fatty Claus|Abomasnow, M, shiny|100\/100\n|-damage|p2a: Fatty Claus|76\/100|[from] Stealth Rock\n|-weather|Snow|[from] ability: Snow Warning|[of] p2a: Fatty Claus\n|turn|16\n|\n|t:|1698511203\n|move|p2a: Fatty Claus|Ice Shard|p1a: Pheromosa\n|-supereffective|p1a: Pheromosa\n|-damage|p1a: Pheromosa|0 fnt\n|faint|p1a: Pheromosa\n|\n|-weather|Snow|[upkeep]\n|upkeep\n|\n|t:|1698511210\n|switch|p1a: Grimmsnarl|Grimmsnarl, M, shiny|100\/100\n|turn|17\n|\n|t:|1698511218\n|move|p1a: Grimmsnarl|Taunt|p2a: Fatty Claus\n|-start|p2a: Fatty Claus|move: Taunt\n|move|p2a: Fatty Claus|Wood Hammer|p1a: Grimmsnarl\n|-crit|p1a: Grimmsnarl\n|-damage|p1a: Grimmsnarl|21\/100\n|-damage|p2a: Fatty Claus|44\/100|[from] Recoil\n|\n|-weather|Snow|[upkeep]\n|-heal|p1a: Grimmsnarl|27\/100|[from] item: Leftovers\n|upkeep\n|turn|18\n|\n|t:|1698511229\n|move|p1a: Grimmsnarl|Reflect|p1a: Grimmsnarl\n|-sidestart|p1: JustMonika_CARR|Reflect\n|move|p2a: Fatty Claus|Earthquake|p1a: Grimmsnarl\n|-damage|p1a: Grimmsnarl|13\/100\n|\n|-weather|Snow|[upkeep]\n|-heal|p1a: Grimmsnarl|19\/100|[from] item: Leftovers\n|upkeep\n|turn|19\n|\n|t:|1698511237\n|move|p1a: Grimmsnarl|Light Screen|p1a: Grimmsnarl\n|-sidestart|p1: JustMonika_CARR|move: Light Screen\n|move|p2a: Fatty Claus|Wood Hammer|p1a: Grimmsnarl\n|-damage|p1a: Grimmsnarl|0 fnt\n|faint|p1a: Grimmsnarl\n|-damage|p2a: Fatty Claus|36\/100|[from] Recoil\n|\n|-weather|Snow|[upkeep]\n|-end|p2a: Fatty Claus|move: Taunt\n|upkeep\n|\n|t:|1698511254\n|switch|p1a: Lopunny|Lopunny, F, shiny|100\/100\n|turn|20\n|\n|t:|1698511263\n|detailschange|p1a: Lopunny|Lopunny-Mega, F, shiny\n|-mega|p1a: Lopunny|Lopunny|Lopunnite\n|move|p1a: Lopunny|Fake Out|p2a: Fatty Claus\n|-damage|p2a: Fatty Claus|15\/100\n|cant|p2a: Fatty Claus|flinch\n|\n|-weather|Snow|[upkeep]\n|upkeep\n|turn|21\n|\n|t:|1698511271\n|move|p1a: Lopunny|Power-Up Punch|p2a: Fatty Claus\n|-supereffective|p2a: Fatty Claus\n|-damage|p2a: Fatty Claus|0 fnt\n|-boost|p1a: Lopunny|atk|1\n|faint|p2a: Fatty Claus\n|\n|-weather|Snow|[upkeep]\n|upkeep\n|\n|t:|1698511273\n|switch|p2a: Supreme Fattylord|Guzzlord|100\/100\n|-damage|p2a: Supreme Fattylord|88\/100|[from] Stealth Rock\n|turn|22\n|\n|t:|1698511281\n|move|p1a: Lopunny|Drain Punch|p2a: Supreme Fattylord\n|-supereffective|p2a: Supreme Fattylord\n|-damage|p2a: Supreme Fattylord|0 fnt\n|faint|p2a: Supreme Fattylord\n|\n|win|JustMonika_CARR\n|raw|JustMonika_CARR's rating: 1353 &rarr; <strong>1368<\/strong><br \/>(+15 for winning)\n|raw|Oddsworth's rating: 1259 &rarr; <strong>1241<\/strong><br \/>(-18 for losing)\n|c|\u2606Oddsworth|Ggs\n|c|\u2606JustMonika_CARR|gg\n","uploadtime":1698511295,"views":11,"p1id":"justmonikacarr","p2id":"oddsworth","formatid":"gen9nationaldexubers","rating":1241,"private":0,"password":""}