{"id":"gen9nationaldexubers-1992386210","p1":"Champ Bogar","p2":"Agent SunFyre24","format":"[Gen 9] National Dex Ubers","log":"|j|\u2606Champ Bogar\n|j|\u2606Agent SunFyre24\n|t:|1700181568\n|gametype|singles\n|player|p1|Champ Bogar|cynthia|\n|player|p2|Agent SunFyre24|flannery|\n|teamsize|p1|6\n|teamsize|p2|6\n|gen|9\n|tier|[Gen 9] National Dex Ubers\n|rule|HP Percentage Mod: HP is shown in percentages\n|rule|Endless Battle Clause: Forcing endless battles is banned\n|rule|OHKO Clause: OHKO moves are banned\n|rule|Evasion Moves Clause: Evasion moves are banned\n|rule|Evasion Items Clause: Evasion items are banned\n|rule|Species Clause: Limit one of each Pok\u00e9mon\n|rule|Sleep Clause Mod: Limit one foe put to sleep\n|rule|Mega Rayquaza Clause: You cannot mega evolve Rayquaza\n|clearpoke\n|poke|p1|Ninetales-Alola, F|\n|poke|p1|Slowking-Galar, F|\n|poke|p1|Moltres|\n|poke|p1|Iron Valiant|\n|poke|p1|Corviknight, M|\n|poke|p1|Kyurem-Black|\n|poke|p2|Toxapex, M|\n|poke|p2|Okidogi, M|\n|poke|p2|Venusaur, F|\n|poke|p2|Iron Moth|\n|poke|p2|Revavroom, M|\n|poke|p2|Weezing-Galar, M|\n|teampreview\n|inactive|Battle timer is ON: inactive players will automatically lose when time's up. (requested by Champ Bogar)\n|c|\u2606Agent SunFyre24|Gl hf!\n|c|\u2606Champ Bogar|you too\n|inactive|Agent SunFyre24 has 270 seconds left.\n|\n|t:|1700181606\n|start\n|switch|p1a: Ninetales|Ninetales-Alola, F, shiny|100\/100\n|switch|p2a: Iron Moth|Iron Moth|100\/100\n|-weather|Snow|[from] ability: Snow Warning|[of] p1a: Ninetales\n|turn|1\n|\n|t:|1700181629\n|switch|p1a: Slowking|Slowking-Galar, F, shiny|100\/100\n|move|p2a: Iron Moth|Fiery Dance|p1a: Slowking\n|-damage|p1a: Slowking|44\/100\n|\n|-weather|Snow|[upkeep]\n|upkeep\n|turn|2\n|inactive|Agent SunFyre24 has 270 seconds left.\n|inactive|Champ Bogar has 270 seconds left.\n|\n|t:|1700181676\n|switch|p1a: Moltres|Moltres, shiny|100\/100\n|move|p2a: Iron Moth|Fiery Dance|p1a: Moltres\n|-resisted|p1a: Moltres\n|-damage|p1a: Moltres|68\/100\n|\n|-weather|Snow|[upkeep]\n|upkeep\n|turn|3\n|inactive|Agent SunFyre24 has 270 seconds left.\n|\n|t:|1700181694\n|-end|p2a: Iron Moth|Quark Drive|[silent]\n|switch|p2a: Toxapex|Toxapex, M|100\/100\n|move|p1a: Moltres|Roost|p1a: Moltres\n|-heal|p1a: Moltres|100\/100\n|-singleturn|p1a: Moltres|move: Roost\n|\n|-weather|Snow|[upkeep]\n|upkeep\n|turn|4\n|\n|t:|1700181708\n|switch|p1a: Slowking|Slowking-Galar, F, shiny|77\/100\n|move|p2a: Toxapex|Toxic|p1a: Slowking\n|-immune|p1a: Slowking\n|\n|-weather|Snow|[upkeep]\n|upkeep\n|turn|5\n|\n|t:|1700181721\n|move|p2a: Toxapex|Scald|p1a: Slowking\n|-damage|p1a: Slowking|63\/100\n|-status|p1a: Slowking|brn\n|move|p1a: Slowking|Chilly Reception|p1a: Slowking\n|\n|t:|1700181726\n|switch|p1a: Ninetales|Ninetales-Alola, F, shiny|100\/100|[from] Chilly Reception\n|\n|-weather|none\n|upkeep\n|turn|6\n|inactive|Agent SunFyre24 has 270 seconds left.\n|\n|t:|1700181745\n|switch|p1a: Slowking|Slowking-Galar, F, shiny|97\/100 brn\n|switch|p2a: Iron Moth|Iron Moth|100\/100\n|\n|-damage|p1a: Slowking|91\/100 brn|[from] brn\n|upkeep\n|turn|7\n|\n|t:|1700181756\n|move|p2a: Iron Moth|Psychic|p1a: Slowking\n|-damage|p1a: Slowking|51\/100 brn\n|move|p1a: Slowking|Chilly Reception|p1a: Slowking\n|-weather|Snow\n|\n|t:|1700181770\n|switch|p1a: Corviknight|Corviknight, M, shiny|100\/100|[from] Chilly Reception\n|\n|-weather|Snow|[upkeep]\n|upkeep\n|turn|8\n|inactive|Agent SunFyre24 has 270 seconds left.\n|\n|t:|1700181778\n|-end|p2a: Iron Moth|Quark Drive|[silent]\n|switch|p2a: Weezing|Weezing-Galar, M|100\/100\n|move|p1a: Corviknight|Agility|p1a: Corviknight\n|-boost|p1a: Corviknight|spe|2\n|\n|-weather|Snow|[upkeep]\n|upkeep\n|turn|9\n|\n|t:|1700181784\n|move|p1a: Corviknight|Bulk Up|p1a: Corviknight\n|-boost|p1a: Corviknight|atk|1\n|-boost|p1a: Corviknight|def|1\n|move|p2a: Weezing|Will-O-Wisp|p1a: Corviknight\n|-status|p1a: Corviknight|brn\n|\n|-weather|Snow|[upkeep]\n|-damage|p1a: Corviknight|94\/100 brn|[from] brn\n|upkeep\n|turn|10\n|inactive|Agent SunFyre24 has 270 seconds left.\n|\n|t:|1700181806\n|move|p1a: Corviknight|Bulk Up|p1a: Corviknight\n|-boost|p1a: Corviknight|atk|1\n|-boost|p1a: Corviknight|def|1\n|move|p2a: Weezing|Toxic Spikes|p1a: Corviknight\n|-sidestart|p1: Champ Bogar|move: Toxic Spikes\n|\n|-weather|Snow|[upkeep]\n|-damage|p1a: Corviknight|88\/100 brn|[from] brn\n|upkeep\n|turn|11\n|inactive|Agent SunFyre24 has 270 seconds left.\n|\n|t:|1700181825\n|move|p1a: Corviknight|Agility|p1a: Corviknight\n|-boost|p1a: Corviknight|spe|2\n|move|p2a: Weezing|Toxic Spikes|p1a: Corviknight\n|-sidestart|p1: Champ Bogar|move: Toxic Spikes\n|\n|-weather|none\n|-damage|p1a: Corviknight|82\/100 brn|[from] brn\n|upkeep\n|turn|12\n|\n|t:|1700181830\n|switch|p2a: Toxapex|Toxapex, M|100\/100\n|move|p1a: Corviknight|Bulk Up|p1a: Corviknight\n|-boost|p1a: Corviknight|atk|1\n|-boost|p1a: Corviknight|def|1\n|\n|-damage|p1a: Corviknight|75\/100 brn|[from] brn\n|upkeep\n|turn|13\n|\n|t:|1700181834\n|move|p1a: Corviknight|Power Trip|p2a: Toxapex\n|-damage|p2a: Toxapex|63\/100\n|move|p2a: Toxapex|Haze|p2a: Toxapex\n|-clearallboost\n|\n|-damage|p1a: Corviknight|69\/100 brn|[from] brn\n|upkeep\n|turn|14\n|inactive|Agent SunFyre24 has 270 seconds left.\n|\n|t:|1700181868\n|switch|p1a: Slowking|Slowking-Galar, F, shiny|84\/100 brn\n|-sideend|p1: Champ Bogar|move: Toxic Spikes|[of] p1a: Slowking\n|switch|p2a: Revavroom|Revavroom, M|100\/100\n|-item|p2a: Revavroom|Air Balloon\n|\n|-damage|p1a: Slowking|78\/100 brn|[from] brn\n|upkeep\n|turn|15\n|inactive|Agent SunFyre24 has 270 seconds left.\n|\n|t:|1700181878\n|move|p2a: Revavroom|Shift Gear|p2a: Revavroom\n|-boost|p2a: Revavroom|spe|2\n|-boost|p2a: Revavroom|atk|1\n|move|p1a: Slowking|Thunder Wave|p2a: Revavroom\n|-status|p2a: Revavroom|par\n|\n|-damage|p1a: Slowking|72\/100 brn|[from] brn\n|upkeep\n|turn|16\n|inactive|Agent SunFyre24 has 270 seconds left.\n|\n|t:|1700181901\n|switch|p1a: Moltres|Moltres, shiny|100\/100\n|cant|p2a: Revavroom|par\n|\n|upkeep\n|turn|17\n|inactive|Agent SunFyre24 has 270 seconds left.\n|\n|t:|1700181924\n|-terastallize|p2a: Revavroom|Water\n|cant|p2a: Revavroom|par\n|move|p1a: Moltres|Flamethrower|p2a: Revavroom\n|-resisted|p2a: Revavroom\n|-damage|p2a: Revavroom|72\/100 par\n|-enditem|p2a: Revavroom|Air Balloon\n|\n|upkeep\n|turn|18\n|\n|t:|1700181943\n|switch|p1a: Corviknight|Corviknight, M, shiny|69\/100 brn\n|move|p2a: Revavroom|Shift Gear|p2a: Revavroom\n|-boost|p2a: Revavroom|spe|2\n|-boost|p2a: Revavroom|atk|1\n|\n|-damage|p1a: Corviknight|63\/100 brn|[from] brn\n|upkeep\n|turn|19\n|\n|t:|1700181956\n|move|p2a: Revavroom|Tera Blast|p1a: Corviknight|[anim] Tera Blast Water\n|-damage|p1a: Corviknight|0 fnt\n|faint|p1a: Corviknight\n|\n|upkeep\n|inactive|Champ Bogar has 270 seconds left.\n|\n|t:|1700181982\n|switch|p1a: Slowking|Slowking-Galar, F, shiny|100\/100 brn\n|turn|20\n|\n|t:|1700181990\n|move|p2a: Revavroom|Iron Head|p1a: Slowking\n|-damage|p1a: Slowking|42\/100 brn\n|move|p1a: Slowking|Future Sight|p2a: Revavroom\n|-start|p1a: Slowking|move: Future Sight\n|\n|-damage|p1a: Slowking|36\/100 brn|[from] brn\n|upkeep\n|turn|21\n|inactive|Agent SunFyre24 has 270 seconds left.\n|inactive|Champ Bogar has 270 seconds left.\n|inactive|Champ Bogar has 240 seconds left.\n|\n|t:|1700182059\n|switch|p1a: Moltres|Moltres, shiny|100\/100\n|cant|p2a: Revavroom|par\n|\n|upkeep\n|turn|22\n|\n|t:|1700182072\n|switch|p1a: Ninetales|Ninetales-Alola, F, shiny|100\/100\n|-weather|Snow|[from] ability: Snow Warning|[of] p1a: Ninetales\n|move|p2a: Revavroom|Tera Blast|p1a: Ninetales|[anim] Tera Blast Water\n|-damage|p1a: Ninetales|32\/100\n|\n|-weather|Snow|[upkeep]\n|-end|p2a: Revavroom|move: Future Sight\n|-damage|p2a: Revavroom|2\/100 par\n|upkeep\n|turn|23\n|\n|t:|1700182091\n|switch|p1a: Moltres|Moltres, shiny|100\/100\n|cant|p2a: Revavroom|par\n|\n|-weather|Snow|[upkeep]\n|upkeep\n|turn|24\n|\n|t:|1700182104\n|move|p2a: Revavroom|Tera Blast|p1a: Moltres|[anim] Tera Blast Water\n|-supereffective|p1a: Moltres\n|-damage|p1a: Moltres|0 fnt\n|faint|p1a: Moltres\n|\n|-weather|Snow|[upkeep]\n|upkeep\n|\n|t:|1700182107\n|switch|p1a: Iron Valiant|Iron Valiant, shiny|100\/100\n|-enditem|p1a: Iron Valiant|Booster Energy\n|-activate|p1a: Iron Valiant|ability: Quark Drive|[fromitem]\n|-start|p1a: Iron Valiant|quarkdrivespe\n|turn|25\n|\n|t:|1700182130\n|move|p1a: Iron Valiant|Psycho Cut|p2a: Revavroom\n|-crit|p2a: Revavroom\n|-damage|p2a: Revavroom|0 fnt\n|faint|p2a: Revavroom\n|\n|-weather|Snow|[upkeep]\n|upkeep\n|\n|t:|1700182138\n|switch|p2a: Weezing|Weezing-Galar, M|100\/100\n|turn|26\n|inactive|Agent SunFyre24 has 240 seconds left.\n|inactive|Agent SunFyre24 has 210 seconds left.\n|\n|t:|1700182185\n|switch|p2a: Iron Moth|Iron Moth|100\/100\n|-terastallize|p1a: Iron Valiant|Steel\n|move|p1a: Iron Valiant|Swords Dance|p1a: Iron Valiant\n|-boost|p1a: Iron Valiant|atk|2\n|\n|-weather|none\n|upkeep\n|turn|27\n|inactive|Agent SunFyre24 has 210 seconds left.\n|\n|t:|1700182218\n|move|p1a: Iron Valiant|Psycho Cut|p2a: Iron Moth\n|-supereffective|p2a: Iron Moth\n|-damage|p2a: Iron Moth|0 fnt\n|faint|p2a: Iron Moth\n|-end|p2a: Iron Moth|Quark Drive|[silent]\n|\n|upkeep\n|\n|t:|1700182224\n|switch|p2a: Weezing|Weezing-Galar, M|100\/100\n|turn|28\n|\n|t:|1700182229\n|move|p1a: Iron Valiant|Psycho Cut|p2a: Weezing\n|-supereffective|p2a: Weezing\n|-damage|p2a: Weezing|42\/100\n|move|p2a: Weezing|Will-O-Wisp|p1a: Iron Valiant\n|-status|p1a: Iron Valiant|brn\n|\n|-heal|p2a: Weezing|48\/100|[from] item: Leftovers\n|-damage|p1a: Iron Valiant|94\/100 brn|[from] brn\n|upkeep\n|turn|29\n|\n|t:|1700182240\n|move|p1a: Iron Valiant|Encore|p2a: Weezing\n|-start|p2a: Weezing|Encore\n|move|p2a: Weezing|Will-O-Wisp|p1a: Iron Valiant\n|-fail|p1a: Iron Valiant|brn\n|\n|-heal|p2a: Weezing|54\/100|[from] item: Leftovers\n|-damage|p1a: Iron Valiant|88\/100 brn|[from] brn\n|upkeep\n|turn|30\n|\n|t:|1700182252\n|switch|p2a: Toxapex|Toxapex, M|96\/100\n|move|p1a: Iron Valiant|Swords Dance|p1a: Iron Valiant\n|-boost|p1a: Iron Valiant|atk|2\n|\n|-damage|p1a: Iron Valiant|82\/100 brn|[from] brn\n|upkeep\n|turn|31\n|\n|t:|1700182265\n|move|p1a: Iron Valiant|Psycho Cut|p2a: Toxapex\n|-supereffective|p2a: Toxapex\n|-damage|p2a: Toxapex|50\/100\n|-zpower|p2a: Toxapex\n|move|p2a: Toxapex|Z-Haze|p2a: Toxapex|[anim]Haze\n|-heal|p2a: Toxapex|100\/100|[zeffect]\n|-clearallboost\n|\n|-damage|p1a: Iron Valiant|76\/100 brn|[from] brn\n|upkeep\n|turn|32\n|inactive|Agent SunFyre24 has 210 seconds left.\n|\n|t:|1700182275\n|move|p1a: Iron Valiant|Encore||[still]\n|-fail|p1a: Iron Valiant\n|move|p2a: Toxapex|Scald|p1a: Iron Valiant\n|-damage|p1a: Iron Valiant|44\/100 brn\n|\n|-damage|p1a: Iron Valiant|38\/100 brn|[from] brn\n|upkeep\n|turn|33\n|inactive|Agent SunFyre24 has 210 seconds left.\n|\n|t:|1700182298\n|-end|p1a: Iron Valiant|Quark Drive|[silent]\n|switch|p1a: Slowking|Slowking-Galar, F, shiny|69\/100 brn\n|move|p2a: Toxapex|Scald|p1a: Slowking\n|-damage|p1a: Slowking|56\/100 brn\n|\n|-damage|p1a: Slowking|50\/100 brn|[from] brn\n|upkeep\n|turn|34\n|\n|t:|1700182326\n|switch|p2a: Venusaur|Venusaur, F|100\/100\n|move|p1a: Slowking|Chilly Reception|p1a: Slowking\n|-weather|Snow\n|\n|t:|1700182329\n|switch|p1a: Ninetales|Ninetales-Alola, F, shiny|32\/100|[from] Chilly Reception\n|\n|-weather|Snow|[upkeep]\n|upkeep\n|turn|35\n|inactive|Agent SunFyre24 has 180 seconds left.\n|\n|t:|1700182359\n|detailschange|p2a: Venusaur|Venusaur-Mega, F\n|-mega|p2a: Venusaur|Venusaur|Venusaurite\n|move|p1a: Ninetales|Aurora Veil|p1a: Ninetales\n|-sidestart|p1: Champ Bogar|move: Aurora Veil\n|move|p2a: Venusaur|Leech Seed|p1a: Ninetales\n|-start|p1a: Ninetales|move: Leech Seed\n|\n|-weather|Snow|[upkeep]\n|-damage|p1a: Ninetales|19\/100|[from] Leech Seed|[of] p2a: Venusaur\n|upkeep\n|turn|36\n|inactive|Agent SunFyre24 has 180 seconds left.\n|inactive|Agent SunFyre24 has 150 seconds left.\n|\n|t:|1700182400\n|switch|p1a: Slowking|Slowking-Galar, F, shiny|83\/100 brn\n|move|p2a: Venusaur|Sludge Bomb|p1a: Slowking\n|-resisted|p1a: Slowking\n|-damage|p1a: Slowking|76\/100 brn\n|\n|-weather|Snow|[upkeep]\n|-damage|p1a: Slowking|70\/100 brn|[from] brn\n|upkeep\n|turn|37\n|inactive|Agent SunFyre24 has 150 seconds left.\n|\n|t:|1700182414\n|move|p2a: Venusaur|Leech Seed|p1a: Slowking\n|-start|p1a: Slowking|move: Leech Seed\n|move|p1a: Slowking|Future Sight|p2a: Venusaur\n|-start|p1a: Slowking|move: Future Sight\n|\n|-weather|Snow|[upkeep]\n|-damage|p1a: Slowking|57\/100 brn|[from] Leech Seed|[of] p2a: Venusaur\n|-damage|p1a: Slowking|51\/100 brn|[from] brn\n|upkeep\n|turn|38\n|inactive|Agent SunFyre24 has 150 seconds left.\n|\n|t:|1700182423\n|move|p2a: Venusaur|Weather Ball|p1a: Slowking\n|-damage|p1a: Slowking|39\/100 brn\n|move|p1a: Slowking|Chilly Reception|p1a: Slowking\n|\n|t:|1700182426\n|switch|p1a: Kyurem|Kyurem-Black, shiny|100\/100|[from] Chilly Reception\n|-ability|p1a: Kyurem|Teravolt\n|\n|-weather|none\n|upkeep\n|turn|39\n|inactive|Agent SunFyre24 has 150 seconds left.\n|\n|t:|1700182442\n|move|p1a: Kyurem|Dragon Dance|p1a: Kyurem\n|-boost|p1a: Kyurem|atk|1\n|-boost|p1a: Kyurem|spe|1\n|move|p2a: Venusaur|Leech Seed|p1a: Kyurem\n|-start|p1a: Kyurem|move: Leech Seed\n|\n|-end|p2a: Venusaur|move: Future Sight\n|-supereffective|p2a: Venusaur\n|-damage|p2a: Venusaur|39\/100\n|-damage|p1a: Kyurem|88\/100|[from] Leech Seed|[of] p2a: Venusaur\n|-heal|p2a: Venusaur|52\/100|[silent]\n|upkeep\n|turn|40\n|inactive|Agent SunFyre24 has 150 seconds left.\n|\n|t:|1700182457\n|move|p1a: Kyurem|Icicle Spear|p2a: Venusaur\n|-supereffective|p2a: Venusaur\n|-damage|p2a: Venusaur|23\/100\n|-supereffective|p2a: Venusaur\n|-damage|p2a: Venusaur|0 fnt\n|faint|p2a: Venusaur\n|-hitcount|p2: Venusaur|2\n|\n|upkeep\n|\n|t:|1700182460\n|switch|p2a: Weezing|Weezing-Galar, M|54\/100\n|turn|41\n|\n|t:|1700182470\n|move|p1a: Kyurem|Icicle Spear|p2a: Weezing\n|-damage|p2a: Weezing|38\/100\n|-damage|p2a: Weezing|23\/100\n|-damage|p2a: Weezing|6\/100\n|-damage|p2a: Weezing|0 fnt\n|faint|p2a: Weezing\n|-hitcount|p2: Weezing|4\n|\n|upkeep\n|\n|t:|1700182473\n|switch|p2a: Toxapex|Toxapex, M|100\/100\n|turn|42\n|\n|t:|1700182482\n|move|p1a: Kyurem|Fusion Bolt|p2a: Toxapex\n|-supereffective|p2a: Toxapex\n|-damage|p2a: Toxapex|18\/100\n|move|p2a: Toxapex|Haze|p2a: Toxapex\n|-clearallboost\n|\n|-damage|p1a: Kyurem|76\/100|[from] Leech Seed|[of] p2a: Toxapex\n|-heal|p2a: Toxapex|34\/100|[silent]\n|-sideend|p1: Champ Bogar|move: Aurora Veil\n|upkeep\n|turn|43\n|\n|t:|1700182491\n|move|p1a: Kyurem|Fusion Bolt|p2a: Toxapex\n|-supereffective|p2a: Toxapex\n|-damage|p2a: Toxapex|0 fnt\n|faint|p2a: Toxapex\n|\n|upkeep\n|\n|t:|1700182494\n|switch|p2a: Okidogi|Okidogi, M|100\/100\n|turn|44\n|\n|t:|1700182502\n|move|p1a: Kyurem|Icicle Spear|p2a: Okidogi\n|-damage|p2a: Okidogi|87\/100\n|-damage|p2a: Okidogi|74\/100\n|-damage|p2a: Okidogi|61\/100\n|-damage|p2a: Okidogi|47\/100\n|-hitcount|p2a: Okidogi|4\n|move|p2a: Okidogi|Bulk Up|p2a: Okidogi\n|-boost|p2a: Okidogi|atk|1\n|-boost|p2a: Okidogi|def|1\n|\n|-heal|p2a: Okidogi|53\/100|[from] item: Black Sludge\n|-damage|p1a: Kyurem|64\/100|[from] Leech Seed|[of] p2a: Okidogi\n|-heal|p2a: Okidogi|66\/100|[silent]\n|upkeep\n|turn|45\n|\n|t:|1700182511\n|move|p1a: Kyurem|Icicle Spear|p2a: Okidogi\n|-damage|p2a: Okidogi|57\/100\n|-damage|p2a: Okidogi|49\/100\n|-damage|p2a: Okidogi|41\/100\n|-damage|p2a: Okidogi|32\/100\n|-damage|p2a: Okidogi|23\/100\n|-hitcount|p2a: Okidogi|5\n|move|p2a: Okidogi|Drain Punch|p1a: Kyurem\n|-supereffective|p1a: Kyurem\n|-damage|p1a: Kyurem|0 fnt\n|-heal|p2a: Okidogi|56\/100|[from] drain|[of] p1a: Kyurem\n|faint|p1a: Kyurem\n|\n|-heal|p2a: Okidogi|62\/100|[from] item: Black Sludge\n|upkeep\n|\n|t:|1700182522\n|switch|p1a: Slowking|Slowking-Galar, F, shiny|73\/100 brn\n|turn|46\n|\n|t:|1700182534\n|switch|p1a: Ninetales|Ninetales-Alola, F, shiny|19\/100\n|-weather|Snow|[from] ability: Snow Warning|[of] p1a: Ninetales\n|move|p2a: Okidogi|Poison Jab|p1a: Ninetales\n|-supereffective|p1a: Ninetales\n|-damage|p1a: Ninetales|0 fnt\n|faint|p1a: Ninetales\n|\n|-weather|Snow|[upkeep]\n|-heal|p2a: Okidogi|68\/100|[from] item: Black Sludge\n|upkeep\n|\n|t:|1700182542\n|switch|p1a: Slowking|Slowking-Galar, F, shiny|100\/100 brn\n|turn|47\n|\n|t:|1700182553\n|move|p2a: Okidogi|Poison Jab|p1a: Slowking\n|-resisted|p1a: Slowking\n|-damage|p1a: Slowking|81\/100 brn\n|move|p1a: Slowking|Future Sight|p2a: Okidogi\n|-start|p1a: Slowking|move: Future Sight\n|\n|-weather|Snow|[upkeep]\n|-heal|p2a: Okidogi|74\/100|[from] item: Black Sludge\n|-damage|p1a: Slowking|75\/100 brn|[from] brn\n|upkeep\n|turn|48\n|\n|t:|1700182564\n|move|p2a: Okidogi|Drain Punch|p1a: Slowking\n|-resisted|p1a: Slowking\n|-damage|p1a: Slowking|67\/100 brn\n|-heal|p2a: Okidogi|79\/100|[from] drain|[of] p1a: Slowking\n|move|p1a: Slowking|Chilly Reception|p1a: Slowking\n|\n|t:|1700182568\n|switch|p1a: Iron Valiant|Iron Valiant, shiny, tera:Steel|38\/100 brn|[from] Chilly Reception\n|\n|-weather|Snow|[upkeep]\n|-heal|p2a: Okidogi|85\/100|[from] item: Black Sludge\n|-damage|p1a: Iron Valiant|32\/100 brn|[from] brn\n|upkeep\n|turn|49\n|inactive|Agent SunFyre24 has 210 seconds left.\n|\n|t:|1700182579\n|move|p1a: Iron Valiant|Destiny Bond|p1a: Iron Valiant\n|-singlemove|p1a: Iron Valiant|Destiny Bond\n|move|p2a: Okidogi|Drain Punch|p1a: Iron Valiant\n|-supereffective|p1a: Iron Valiant\n|-damage|p1a: Iron Valiant|0 fnt\n|-heal|p2a: Okidogi|97\/100|[from] drain|[of] p1a: Iron Valiant\n|faint|p1a: Iron Valiant\n|-activate|p1a: Iron Valiant|move: Destiny Bond\n|-end|p1a: Iron Valiant|Quark Drive|[silent]\n|faint|p2a: Okidogi\n|\n|win|Champ Bogar\n|c|\u2606Agent SunFyre24|Ggs\n|c|\u2606Champ Bogar|ggs\n","uploadtime":1700182587,"views":25,"p1id":"champbogar","p2id":"agentsunfyre24","formatid":"gen9nationaldexubers","rating":0,"private":0,"password":""}