{"id":"gen9nationaldexubers-1981479136","p1":"zillygaming","p2":"soy_sauce.lmao","format":"[Gen 9] National Dex Ubers","log":"|j|\u2606zillygaming\n|j|\u2606soy_sauce.lmao\n|t:|1698903440\n|gametype|singles\n|player|p1|zillygaming|ingo|1189\n|player|p2|soy_sauce.lmao|clown|1108\n|teamsize|p1|6\n|teamsize|p2|6\n|gen|9\n|tier|[Gen 9] National Dex Ubers\n|rated|\n|rule|HP Percentage Mod: HP is shown in percentages\n|rule|Endless Battle Clause: Forcing endless battles is banned\n|rule|OHKO Clause: OHKO moves are banned\n|rule|Evasion Moves Clause: Evasion moves are banned\n|rule|Evasion Items Clause: Evasion items are banned\n|rule|Species Clause: Limit one of each Pok\u00e9mon\n|rule|Sleep Clause Mod: Limit one foe put to sleep\n|rule|Mega Rayquaza Clause: You cannot mega evolve Rayquaza\n|clearpoke\n|poke|p1|Cottonee, L1, M|\n|poke|p1|Aron, L1, F|\n|poke|p1|Lycanroc-Dusk, F|\n|poke|p1|Meowscarada, F|\n|poke|p1|Rattata, L1, M|\n|poke|p1|Lunala|\n|poke|p2|Reshiram|\n|poke|p2|Zekrom|\n|poke|p2|Landorus-Therian, M|\n|poke|p2|Kyurem|\n|poke|p2|Keldeo-Resolute|\n|poke|p2|Meloetta|\n|teampreview\n|inactive|Battle timer is ON: inactive players will automatically lose when time's up. (requested by soy_sauce.lmao)\n|\n|t:|1698903448\n|start\n|switch|p1a: Meowscarada|Meowscarada, F, shiny|100\/100\n|switch|p2a: Giraffe|Reshiram, shiny|100\/100\n|-ability|p2a: Giraffe|Turboblaze\n|turn|1\n|\n|t:|1698903459\n|move|p1a: Meowscarada|Toxic Spikes|p2a: Giraffe\n|-start|p1a: Meowscarada|typechange|Poison|[from] ability: Protean\n|-sidestart|p2: soy_sauce.lmao|move: Toxic Spikes\n|move|p2a: Giraffe|Blue Flare|p1a: Meowscarada\n|-damage|p1a: Meowscarada|0 fnt\n|faint|p1a: Meowscarada\n|-damage|p2a: Giraffe|91\/100|[from] item: Life Orb\n|\n|upkeep\n|\n|t:|1698903471\n|switch|p1a: Rattata|Rattata, L1, M|100\/100\n|turn|2\n|\n|t:|1698903481\n|move|p2a: Giraffe|Blue Flare|p1a: Rattata\n|-enditem|p1a: Rattata|Focus Sash\n|-damage|p1a: Rattata|10\/100\n|-damage|p2a: Giraffe|81\/100|[from] item: Life Orb\n|move|p1a: Rattata|Endeavor|p2a: Giraffe\n|-damage|p2a: Giraffe|1\/100\n|\n|upkeep\n|turn|3\n|\n|t:|1698903492\n|switch|p2a: Black|Zekrom, shiny|100\/100\n|-status|p2a: Black|psn\n|-ability|p2a: Black|Teravolt\n|move|p1a: Rattata|Quick Attack|p2a: Black\n|-damage|p2a: Black|99\/100 psn\n|\n|-damage|p2a: Black|88\/100 psn|[from] psn\n|upkeep\n|turn|4\n|\n|t:|1698903506\n|move|p1a: Rattata|Protect|p1a: Rattata\n|-singleturn|p1a: Rattata|Protect\n|move|p2a: Black|Dragon Claw|p1a: Rattata\n|-activate|p1a: Rattata|move: Protect\n|\n|-damage|p2a: Black|76\/100 psn|[from] psn\n|upkeep\n|turn|5\n|\n|t:|1698903515\n|move|p1a: Rattata|Protect||[still]\n|-fail|p1a: Rattata\n|move|p2a: Black|Dragon Claw|p1a: Rattata\n|-damage|p1a: Rattata|0 fnt\n|faint|p1a: Rattata\n|-damage|p2a: Black|66\/100 psn|[from] item: Life Orb\n|\n|-damage|p2a: Black|53\/100 psn|[from] psn\n|upkeep\n|\n|t:|1698903528\n|switch|p1a: Lycanroc|Lycanroc-Dusk, F|100\/100\n|turn|6\n|\n|t:|1698903534\n|move|p1a: Lycanroc|Protect|p1a: Lycanroc\n|-singleturn|p1a: Lycanroc|Protect\n|move|p2a: Black|Bolt Strike|p1a: Lycanroc\n|-activate|p1a: Lycanroc|move: Protect\n|\n|-damage|p2a: Black|41\/100 psn|[from] psn\n|upkeep\n|turn|7\n|\n|t:|1698903545\n|move|p1a: Lycanroc|Sucker Punch|p2a: Black\n|-damage|p2a: Black|13\/100 psn\n|move|p2a: Black|Bolt Strike|p1a: Lycanroc\n|-enditem|p1a: Lycanroc|Focus Sash\n|-damage|p1a: Lycanroc|1\/100\n|-damage|p2a: Black|3\/100 psn|[from] item: Life Orb\n|\n|-damage|p2a: Black|0 fnt|[from] psn\n|faint|p2a: Black\n|upkeep\n|\n|t:|1698903557\n|switch|p2a: Giraffe|Reshiram, shiny|1\/100\n|-status|p2a: Giraffe|psn\n|-ability|p2a: Giraffe|Turboblaze\n|turn|8\n|\n|t:|1698903565\n|move|p1a: Lycanroc|Accelerock|p2a: Giraffe\n|-supereffective|p2a: Giraffe\n|-damage|p2a: Giraffe|0 fnt\n|faint|p2a: Giraffe\n|\n|upkeep\n|\n|t:|1698903574\n|switch|p2a: Him.|Landorus-Therian, M, shiny|100\/100\n|-ability|p2a: Him.|Intimidate|boost\n|-unboost|p1a: Lycanroc|atk|1\n|turn|9\n|\n|t:|1698903586\n|move|p1a: Lycanroc|Sucker Punch|p2a: Him.\n|-damage|p2a: Him.|74\/100\n|move|p2a: Him.|Earthquake|p1a: Lycanroc\n|-supereffective|p1a: Lycanroc\n|-crit|p1a: Lycanroc\n|-damage|p1a: Lycanroc|0 fnt\n|faint|p1a: Lycanroc\n|\n|upkeep\n|\n|t:|1698903595\n|switch|p1a: Aron|Aron, L1, F|100\/100\n|turn|10\n|\n|t:|1698903601\n|move|p2a: Him.|Earthquake|p1a: Aron\n|-supereffective|p1a: Aron\n|-ability|p1a: Aron|Sturdy\n|-damage|p1a: Aron|9\/100\n|move|p1a: Aron|Endeavor|p2a: Him.\n|-damage|p2a: Him.|1\/100\n|-heal|p1a: Aron|100\/100|[from] item: Shell Bell|[of] p2a: Him.\n|\n|upkeep\n|turn|11\n|\n|t:|1698903621\n|switch|p2a: Blue Eyes|Kyurem, shiny|100\/100\n|-status|p2a: Blue Eyes|psn\n|-ability|p2a: Blue Eyes|Pressure\n|switch|p1a: Lunala|Lunala|100\/100\n|\n|-damage|p2a: Blue Eyes|88\/100 psn|[from] psn\n|upkeep\n|turn|12\n|\n|t:|1698903640\n|-terastallize|p1a: Lunala|Fairy\n|move|p1a: Lunala|Moonblast|p2a: Blue Eyes\n|-supereffective|p2a: Blue Eyes\n|-damage|p2a: Blue Eyes|9\/100 psn\n|move|p2a: Blue Eyes|Ice Beam|p1a: Lunala\n|-damage|p1a: Lunala|76\/100\n|\n|-damage|p2a: Blue Eyes|0 fnt|[from] psn\n|faint|p2a: Blue Eyes\n|upkeep\n|\n|t:|1698903652\n|switch|p2a: Him.|Landorus-Therian, M, shiny|1\/100\n|-ability|p2a: Him.|Intimidate|boost\n|-unboost|p1a: Lunala|atk|1\n|turn|13\n|\n|t:|1698903662\n|move|p2a: Him.|Earthquake|p1a: Lunala\n|-damage|p1a: Lunala|29\/100\n|move|p1a: Lunala|Moonblast|p2a: Him.\n|-damage|p2a: Him.|0 fnt\n|faint|p2a: Him.\n|\n|upkeep\n|\n|t:|1698903670\n|switch|p2a: Apple Jacks|Keldeo-Resolute|100\/100\n|-status|p2a: Apple Jacks|psn\n|turn|14\n|\n|t:|1698903679\n|move|p1a: Lunala|Moonblast|p2a: Apple Jacks\n|-supereffective|p2a: Apple Jacks\n|-damage|p2a: Apple Jacks|0 fnt\n|faint|p2a: Apple Jacks\n|\n|upkeep\n|\n|t:|1698903684\n|switch|p2a: Hatsune Miku|Meloetta|100\/100\n|turn|15\n|\n|t:|1698903693\n|move|p2a: Hatsune Miku|Shadow Ball|p1a: Lunala\n|-damage|p1a: Lunala|7\/100\n|move|p1a: Lunala|Moonblast|p2a: Hatsune Miku\n|-damage|p2a: Hatsune Miku|56\/100\n|\n|upkeep\n|turn|16\n|\n|t:|1698903708\n|switch|p1a: Aron|Aron, L1, F|100\/100\n|move|p2a: Hatsune Miku|Psychic|p1a: Aron\n|-resisted|p1a: Aron\n|-ability|p1a: Aron|Sturdy\n|-damage|p1a: Aron|9\/100\n|\n|upkeep\n|turn|17\n|\n|t:|1698903717\n|-terastallize|p2a: Hatsune Miku|Fighting\n|move|p2a: Hatsune Miku|Tera Blast|p1a: Aron|[anim] Tera Blast Fighting\n|-supereffective|p1a: Aron\n|-damage|p1a: Aron|0 fnt\n|faint|p1a: Aron\n|\n|upkeep\n|\n|t:|1698903724\n|switch|p1a: Cottonee|Cottonee, L1, M|100\/100\n|turn|18\n|\n|t:|1698903732\n|move|p1a: Cottonee|Leech Seed|p2a: Hatsune Miku\n|-start|p2a: Hatsune Miku|move: Leech Seed\n|move|p2a: Hatsune Miku|U-turn|p1a: Cottonee\n|-enditem|p1a: Cottonee|Focus Sash\n|-damage|p1a: Cottonee|9\/100\n|\n|-damage|p2a: Hatsune Miku|44\/100|[from] Leech Seed|[of] p1a: Cottonee\n|-heal|p1a: Cottonee|100\/100|[silent]\n|upkeep\n|turn|19\n|\n|t:|1698903743\n|move|p1a: Cottonee|Protect|p1a: Cottonee\n|-singleturn|p1a: Cottonee|Protect\n|move|p2a: Hatsune Miku|U-turn|p1a: Cottonee\n|-activate|p1a: Cottonee|move: Protect\n|\n|-damage|p2a: Hatsune Miku|32\/100|[from] Leech Seed|[of] p1a: Cottonee\n|upkeep\n|turn|20\n|\n|t:|1698903752\n|move|p1a: Cottonee|Substitute|p1a: Cottonee\n|-start|p1a: Cottonee|Substitute\n|-damage|p1a: Cottonee|75\/100\n|move|p2a: Hatsune Miku|U-turn|p1a: Cottonee\n|-end|p1a: Cottonee|Substitute\n|\n|-damage|p2a: Hatsune Miku|19\/100|[from] Leech Seed|[of] p1a: Cottonee\n|-heal|p1a: Cottonee|100\/100|[silent]\n|upkeep\n|turn|21\n|-message|soy_sauce.lmao forfeited.\n|\n|win|zillygaming\n|raw|zillygaming's rating: 1189 &rarr; <strong>1208<\/strong><br \/>(+19 for winning)\n|raw|soy_sauce.lmao's rating: 1108 &rarr; <strong>1089<\/strong><br \/>(-19 for losing)\n|l|\u2606soy_sauce.lmao\n","uploadtime":1698903775,"views":8,"p1id":"zillygaming","p2id":"soysaucelmao","formatid":"gen9nationaldexubers","rating":1089,"private":0,"password":""}