{"id":"gen9nationaldexubers-1984828816","p1":"MommyMikuNakano","p2":"85792195wwww","format":"[Gen 9] National Dex Ubers","log":"|j|\u2606MommyMikuNakano\n|j|\u260685792195wwww\n|t:|1699302485\n|gametype|singles\n|player|p1|MommyMikuNakano|erika-gen1|1825\n|player|p2|85792195wwww|mira|1790\n|teamsize|p1|6\n|teamsize|p2|6\n|gen|9\n|tier|[Gen 9] National Dex Ubers\n|rated|\n|rule|HP Percentage Mod: HP is shown in percentages\n|rule|Endless Battle Clause: Forcing endless battles is banned\n|rule|OHKO Clause: OHKO moves are banned\n|rule|Evasion Moves Clause: Evasion moves are banned\n|rule|Evasion Items Clause: Evasion items are banned\n|rule|Species Clause: Limit one of each Pok\u00e9mon\n|rule|Sleep Clause Mod: Limit one foe put to sleep\n|rule|Mega Rayquaza Clause: You cannot mega evolve Rayquaza\n|clearpoke\n|poke|p1|Zekrom|\n|poke|p1|Ditto|\n|poke|p1|Ho-Oh|\n|poke|p1|Arceus-Dark|\n|poke|p1|Necrozma-Dusk-Mane|\n|poke|p1|Giratina-Origin|\n|poke|p2|Zacian-*|\n|poke|p2|Groudon|\n|poke|p2|Krookodile, M|\n|poke|p2|Mewtwo|\n|poke|p2|Xerneas-*|\n|poke|p2|Arceus|\n|teampreview\n|inactive|Battle timer is ON: inactive players will automatically lose when time's up. (requested by MommyMikuNakano)\n|inactive|MommyMikuNakano has 120 seconds left.\n|\n|t:|1699302519\n|start\n|switch|p1a: Arceus|Arceus-Dark|100\/100\n|switch|p2a: Xerneas|Xerneas|100\/100\n|-ability|p2a: Xerneas|Fairy Aura\n|turn|1\n|\n|t:|1699302530\n|switch|p1a: Necrozma|Necrozma-Dusk-Mane, shiny|100\/100\n|move|p2a: Xerneas|Moonblast|p1a: Necrozma\n|-resisted|p1a: Necrozma\n|-damage|p1a: Necrozma|65\/100\n|\n|upkeep\n|turn|2\n|\n|t:|1699302537\n|switch|p2a: Krookodile|Krookodile, M|100\/100\n|-ability|p2a: Krookodile|Intimidate|boost\n|-unboost|p1a: Necrozma|atk|1\n|move|p1a: Necrozma|Stealth Rock|p2a: Krookodile\n|-sidestart|p2: 85792195wwww|move: Stealth Rock\n|\n|upkeep\n|turn|3\n|\n|t:|1699302545\n|switch|p1a: Arceus|Arceus-Dark|100\/100\n|move|p2a: Krookodile|Stealth Rock|p1a: Arceus\n|-sidestart|p1: MommyMikuNakano|move: Stealth Rock\n|\n|upkeep\n|turn|4\n|\n|t:|1699302551\n|switch|p2a: Zacian|Zacian-Crowned|100\/100\n|-damage|p2a: Zacian|94\/100|[from] Stealth Rock\n|-ability|p2a: Zacian|Intrepid Sword|boost\n|-boost|p2a: Zacian|atk|1\n|move|p1a: Arceus|Toxic|p2a: Zacian\n|-immune|p2a: Zacian\n|\n|upkeep\n|turn|5\n|\n|t:|1699302561\n|switch|p1a: Ho-Oh|Ho-Oh|100\/100\n|move|p2a: Zacian|Behemoth Blade|p1a: Ho-Oh\n|-resisted|p1a: Ho-Oh\n|-damage|p1a: Ho-Oh|74\/100\n|\n|upkeep\n|turn|6\n|\n|t:|1699302568\n|move|p2a: Zacian|Wild Charge|p1a: Ho-Oh\n|-supereffective|p1a: Ho-Oh\n|-damage|p1a: Ho-Oh|8\/100\n|-damage|p2a: Zacian|73\/100|[from] Recoil\n|move|p1a: Ho-Oh|Sacred Fire|p2a: Zacian\n|-supereffective|p2a: Zacian\n|-damage|p2a: Zacian|0 fnt\n|faint|p2a: Zacian\n|\n|upkeep\n|inactive|85792195wwww has 120 seconds left.\n|\n|t:|1699302601\n|switch|p2a: Mewtwo|Mewtwo|100\/100\n|-damage|p2a: Mewtwo|88\/100|[from] Stealth Rock\n|-ability|p2a: Mewtwo|Pressure\n|turn|7\n|inactive|MommyMikuNakano has 120 seconds left.\n|\n|t:|1699302635\n|move|p2a: Mewtwo|Nasty Plot|p2a: Mewtwo\n|-boost|p2a: Mewtwo|spa|2\n|move|p1a: Ho-Oh|Sacred Fire|p2a: Mewtwo\n|-damage|p2a: Mewtwo|44\/100\n|\n|upkeep\n|turn|8\n|\n|t:|1699302642\n|move|p2a: Mewtwo|Ice Beam|p1a: Ho-Oh\n|-damage|p1a: Ho-Oh|0 fnt\n|faint|p1a: Ho-Oh\n|-damage|p2a: Mewtwo|34\/100|[from] item: Life Orb\n|\n|upkeep\n|\n|t:|1699302645\n|switch|p1a: Ditto|Ditto, shiny|100\/100\n|-damage|p1a: Ditto|88\/100|[from] Stealth Rock\n|-transform|p1a: Ditto|p2a: Mewtwo|[from] ability: Imposter\n|-ability|p1a: Ditto|Pressure\n|turn|9\n|\n|t:|1699302656\n|move|p1a: Ditto|Earth Power|p2a: Mewtwo\n|-damage|p2a: Mewtwo|0 fnt\n|faint|p2a: Mewtwo\n|\n|upkeep\n|\n|t:|1699302668\n|switch|p2a: Xerneas|Xerneas|100\/100\n|-damage|p2a: Xerneas|88\/100|[from] Stealth Rock\n|-ability|p2a: Xerneas|Fairy Aura\n|turn|10\n|\n|t:|1699302676\n|move|p1a: Ditto|Earth Power|p2a: Xerneas\n|-damage|p2a: Xerneas|23\/100\n|move|p2a: Xerneas|Moonblast|p1a: Ditto\n|-damage|p1a: Ditto|0 fnt\n|faint|p1a: Ditto\n|\n|upkeep\n|\n|t:|1699302685\n|switch|p1a: Necrozma|Necrozma-Dusk-Mane, shiny|65\/100\n|-damage|p1a: Necrozma|59\/100|[from] Stealth Rock\n|turn|11\n|\n|t:|1699302691\n|switch|p2a: Krookodile|Krookodile, M|100\/100\n|-damage|p2a: Krookodile|94\/100|[from] Stealth Rock\n|-ability|p2a: Krookodile|Intimidate|boost\n|-unboost|p1a: Necrozma|atk|1\n|detailschange|p1a: Necrozma|Necrozma-Ultra, shiny\n|-burst|p1a: Necrozma|Necrozma|Ultranecrozium Z\n|move|p1a: Necrozma|Photon Geyser|p2a: Krookodile\n|-immune|p2a: Krookodile\n|\n|upkeep\n|turn|12\n|\n|t:|1699302703\n|move|p1a: Necrozma|Dragon Pulse|p2a: Krookodile\n|-damage|p2a: Krookodile|23\/100\n|move|p2a: Krookodile|Knock Off|p1a: Necrozma\n|-supereffective|p1a: Necrozma\n|-damage|p1a: Necrozma|0 fnt\n|faint|p1a: Necrozma\n|\n|upkeep\n|\n|t:|1699302712\n|switch|p1a: Arceus|Arceus-Dark|100\/100\n|-damage|p1a: Arceus|88\/100|[from] Stealth Rock\n|turn|13\n|\n|t:|1699302717\n|move|p1a: Arceus|Foul Play|p2a: Krookodile\n|-resisted|p2a: Krookodile\n|-damage|p2a: Krookodile|0 fnt\n|faint|p2a: Krookodile\n|\n|upkeep\n|\n|t:|1699302728\n|switch|p2a: Groudon|Groudon|100\/100\n|-damage|p2a: Groudon|94\/100|[from] Stealth Rock\n|detailschange|p2a: Groudon|Groudon-Primal\n|-primal|p2a: Groudon|Red Orb\n|-weather|DesolateLand|[from] ability: Desolate Land|[of] p2a: Groudon\n|turn|14\n|\n|t:|1699302740\n|switch|p1a: Giratina|Giratina-Origin|100\/100\n|-damage|p1a: Giratina|88\/100|[from] Stealth Rock\n|move|p2a: Groudon|Heat Crash|p1a: Giratina\n|-resisted|p1a: Giratina\n|-damage|p1a: Giratina|70\/100\n|\n|-weather|DesolateLand|[upkeep]\n|upkeep\n|turn|15\n|\n|t:|1699302748\n|move|p1a: Giratina|Hone Claws|p1a: Giratina\n|-boost|p1a: Giratina|atk|1\n|-boost|p1a: Giratina|accuracy|1\n|move|p2a: Groudon|Heat Crash|p1a: Giratina\n|-resisted|p1a: Giratina\n|-damage|p1a: Giratina|55\/100\n|\n|-weather|DesolateLand|[upkeep]\n|upkeep\n|turn|16\n|\n|t:|1699302756\n|move|p1a: Giratina|Poltergeist|p2a: Groudon\n|-activate|p2a: Groudon|move: Poltergeist|Red Orb\n|-damage|p2a: Groudon|34\/100\n|move|p2a: Groudon|Heat Crash|p1a: Giratina\n|-resisted|p1a: Giratina\n|-damage|p1a: Giratina|39\/100\n|\n|-weather|DesolateLand|[upkeep]\n|upkeep\n|turn|17\n|\n|t:|1699302765\n|move|p1a: Giratina|Poltergeist|p2a: Groudon\n|-activate|p2a: Groudon|move: Poltergeist|Red Orb\n|-damage|p2a: Groudon|0 fnt\n|faint|p2a: Groudon\n|-weather|none\n|\n|upkeep\n|\n|t:|1699302774\n|switch|p2a: Arceus|Arceus|100\/100\n|-damage|p2a: Arceus|88\/100|[from] Stealth Rock\n|turn|18\n|\n|t:|1699302781\n|switch|p1a: Arceus|Arceus-Dark|88\/100\n|-damage|p1a: Arceus|76\/100|[from] Stealth Rock\n|move|p2a: Arceus|Swords Dance|p2a: Arceus\n|-boost|p2a: Arceus|atk|2\n|\n|upkeep\n|turn|19\n|\n|t:|1699302789\n|-terastallize|p2a: Arceus|Normal\n|move|p2a: Arceus|Extreme Speed|p1a: Arceus\n|-damage|p1a: Arceus|0 fnt\n|faint|p1a: Arceus\n|-damage|p2a: Arceus|78\/100|[from] item: Life Orb\n|\n|upkeep\n|\n|t:|1699302796\n|switch|p1a: Zekrom|Zekrom|100\/100\n|-damage|p1a: Zekrom|88\/100|[from] Stealth Rock\n|-ability|p1a: Zekrom|Teravolt\n|turn|20\n|\n|t:|1699302802\n|move|p2a: Arceus|Extreme Speed|p1a: Zekrom\n|-damage|p1a: Zekrom|0 fnt\n|faint|p1a: Zekrom\n|-damage|p2a: Arceus|69\/100|[from] item: Life Orb\n|\n|upkeep\n|\n|t:|1699302805\n|switch|p1a: Giratina|Giratina-Origin|39\/100\n|-damage|p1a: Giratina|27\/100|[from] Stealth Rock\n|turn|21\n|\n|t:|1699302811\n|move|p2a: Arceus|Shadow Claw|p1a: Giratina\n|-supereffective|p1a: Giratina\n|-damage|p1a: Giratina|0 fnt\n|faint|p1a: Giratina\n|-damage|p2a: Arceus|59\/100|[from] item: Life Orb\n|\n|win|85792195wwww\n|raw|MommyMikuNakano's rating: 1825 &rarr; <strong>1803<\/strong><br \/>(-22 for losing)\n|raw|85792195wwww's rating: 1790 &rarr; <strong>1812<\/strong><br \/>(+22 for winning)\n|l|\u2606MommyMikuNakano\n","uploadtime":1699302820,"views":12,"p1id":"mommymikunakano","p2id":"85792195wwww","formatid":"gen9nationaldexubers","rating":1803,"private":0,"password":""}