{"id":"gen9nationaldexubers-1988955744","p1":"yadabosiggg","p2":"323232kk","format":"[Gen 9] National Dex Ubers","log":"|j|\u2606yadabosiggg\n|j|\u203d323232kk\n|t:|1699794144\n|gametype|singles\n|player|p1|yadabosiggg|preschooler|\n|player|p2|323232kk|steven|\n|teamsize|p1|6\n|teamsize|p2|6\n|gen|9\n|tier|[Gen 9] National Dex Ubers\n|rule|HP Percentage Mod: HP is shown in percentages\n|rule|Endless Battle Clause: Forcing endless battles is banned\n|rule|OHKO Clause: OHKO moves are banned\n|rule|Evasion Moves Clause: Evasion moves are banned\n|rule|Evasion Items Clause: Evasion items are banned\n|rule|Species Clause: Limit one of each Pok\u00e9mon\n|rule|Sleep Clause Mod: Limit one foe put to sleep\n|rule|Mega Rayquaza Clause: You cannot mega evolve Rayquaza\n|clearpoke\n|poke|p1|Kyogre|\n|poke|p1|Calyrex-Ice|\n|poke|p1|Melmetal|\n|poke|p1|Porygon2|\n|poke|p1|Deoxys-Speed|\n|poke|p1|Hatterene, F|\n|poke|p2|Naganadel|\n|poke|p2|Pheromosa|\n|poke|p2|Kartana|\n|poke|p2|Xurkitree|\n|poke|p2|Blacephalon|\n|poke|p2|Celesteela|\n|teampreview\n|\n|t:|1699794158\n|start\n|switch|p1a: Deoxys|Deoxys-Speed|100\/100\n|switch|p2a: Xurkitree|Xurkitree|100\/100\n|-ability|p1a: Deoxys|Pressure\n|turn|1\n|\n|t:|1699794175\n|move|p1a: Deoxys|Taunt|p2a: Xurkitree\n|-start|p2a: Xurkitree|move: Taunt\n|cant|p2a: Xurkitree|move: Taunt|Hypnosis\n|\n|upkeep\n|turn|2\n|\n|t:|1699794183\n|move|p1a: Deoxys|Stealth Rock|p2a: Xurkitree\n|-sidestart|p2: 323232kk|move: Stealth Rock\n|move|p2a: Xurkitree|Volt Switch|p1a: Deoxys\n|-damage|p1a: Deoxys|42\/100\n|\n|t:|1699794193\n|switch|p2a: Celesteela|Celesteela|100\/100|[from] Volt Switch\n|-damage|p2a: Celesteela|88\/100|[from] Stealth Rock\n|\n|-heal|p2a: Celesteela|94\/100|[from] item: Leftovers\n|upkeep\n|turn|3\n|\n|t:|1699794202\n|move|p1a: Deoxys|Taunt|p2a: Celesteela\n|-start|p2a: Celesteela|move: Taunt\n|cant|p2a: Celesteela|move: Taunt|Leech Seed\n|\n|-heal|p2a: Celesteela|100\/100|[from] item: Leftovers\n|upkeep\n|turn|4\n|\n|t:|1699794210\n|move|p1a: Deoxys|Spikes|p2a: Celesteela\n|-sidestart|p2: 323232kk|Spikes\n|move|p2a: Celesteela|Flamethrower|p1a: Deoxys\n|-crit|p1a: Deoxys\n|-damage|p1a: Deoxys|0 fnt\n|faint|p1a: Deoxys\n|-ability|p2a: Celesteela|Beast Boost|boost\n|-boost|p2a: Celesteela|spd|1\n|\n|upkeep\n|\n|t:|1699794221\n|switch|p1a: Kyogre|Kyogre|100\/100\n|-weather|RainDance|[from] ability: Drizzle|[of] p1a: Kyogre\n|turn|5\n|\n|t:|1699794227\n|-terastallize|p1a: Kyogre|Water\n|move|p1a: Kyogre|Water Spout|p2a: Celesteela\n|-damage|p2a: Celesteela|17\/100\n|move|p2a: Celesteela|Flamethrower|p1a: Kyogre\n|-resisted|p1a: Kyogre\n|-damage|p1a: Kyogre|96\/100\n|\n|-weather|RainDance|[upkeep]\n|-heal|p2a: Celesteela|24\/100|[from] item: Leftovers\n|-end|p2a: Celesteela|move: Taunt\n|upkeep\n|turn|6\n|\n|t:|1699794240\n|move|p2a: Celesteela|Protect|p2a: Celesteela\n|-singleturn|p2a: Celesteela|Protect\n|move|p1a: Kyogre|Water Spout|p2a: Celesteela\n|-activate|p2a: Celesteela|move: Protect\n|\n|-weather|RainDance|[upkeep]\n|-heal|p2a: Celesteela|30\/100|[from] item: Leftovers\n|upkeep\n|turn|7\n|\n|t:|1699794257\n|move|p2a: Celesteela|Protect||[still]\n|-fail|p2a: Celesteela\n|move|p1a: Kyogre|Water Spout|p2a: Celesteela\n|-damage|p2a: Celesteela|0 fnt\n|faint|p2a: Celesteela\n|\n|-weather|RainDance|[upkeep]\n|upkeep\n|\n|t:|1699794272\n|switch|p2a: Kartana|Kartana|100\/100\n|-damage|p2a: Kartana|94\/100|[from] Stealth Rock\n|-damage|p2a: Kartana|82\/100|[from] Spikes\n|turn|8\n|\n|t:|1699794291\n|switch|p1a: Porygon2|Porygon2|100\/100\n|-ability|p1a: Porygon2|Beast Boost|[from] ability: Trace|[of] p2a: Kartana\n|move|p2a: Kartana|Leaf Blade|p1a: Porygon2\n|-damage|p1a: Porygon2|59\/100\n|\n|-weather|RainDance|[upkeep]\n|upkeep\n|turn|9\n|\n|t:|1699794301\n|move|p2a: Kartana|Leaf Blade|p1a: Porygon2\n|-damage|p1a: Porygon2|20\/100\n|move|p1a: Porygon2|Trick Room|p1a: Porygon2\n|-fieldstart|move: Trick Room|[of] p1a: Porygon2\n|\n|-weather|none\n|upkeep\n|turn|10\n|\n|t:|1699794311\n|move|p2a: Kartana|Leaf Blade|p1a: Porygon2\n|-damage|p1a: Porygon2|0 fnt\n|faint|p1a: Porygon2\n|-ability|p2a: Kartana|Beast Boost|boost\n|-boost|p2a: Kartana|atk|1\n|\n|upkeep\n|\n|t:|1699794314\n|switch|p1a: Calyrex|Calyrex-Ice|100\/100\n|-ability|p1a: Calyrex|As One\n|-ability|p1a: Calyrex|Unnerve\n|turn|11\n|\n|t:|1699794324\n|move|p1a: Calyrex|Glacial Lance|p2a: Kartana\n|-damage|p2a: Kartana|0 fnt\n|faint|p2a: Kartana\n|-ability|p1a: Calyrex|Chilling Neigh|boost\n|-boost|p1a: Calyrex|atk|1\n|\n|upkeep\n|\n|t:|1699794341\n|switch|p2a: Xurkitree|Xurkitree|100\/100\n|-damage|p2a: Xurkitree|88\/100|[from] Stealth Rock\n|-damage|p2a: Xurkitree|76\/100|[from] Spikes\n|turn|12\n|\n|t:|1699794354\n|move|p1a: Calyrex|Glacial Lance|p2a: Xurkitree\n|-damage|p2a: Xurkitree|0 fnt\n|faint|p2a: Xurkitree\n|-ability|p1a: Calyrex|Chilling Neigh|boost\n|-boost|p1a: Calyrex|atk|1\n|\n|upkeep\n|\n|t:|1699794368\n|switch|p2a: Naganadel|Naganadel|100\/100\n|-damage|p2a: Naganadel|88\/100|[from] Stealth Rock\n|-damage|p2a: Naganadel|75\/100|[from] Spikes\n|turn|13\n|\n|t:|1699794377\n|move|p1a: Calyrex|Glacial Lance|p2a: Naganadel\n|-supereffective|p2a: Naganadel\n|-damage|p2a: Naganadel|0 fnt\n|faint|p2a: Naganadel\n|-ability|p1a: Calyrex|Chilling Neigh|boost\n|-boost|p1a: Calyrex|atk|1\n|\n|-fieldend|move: Trick Room\n|upkeep\n|\n|t:|1699794386\n|switch|p2a: Blacephalon|Blacephalon|100\/100\n|-damage|p2a: Blacephalon|75\/100|[from] Stealth Rock\n|-damage|p2a: Blacephalon|63\/100|[from] Spikes\n|turn|14\n|\n|t:|1699794420\n|move|p2a: Blacephalon|Flamethrower|p1a: Calyrex\n|-supereffective|p1a: Calyrex\n|-damage|p1a: Calyrex|0 fnt\n|faint|p1a: Calyrex\n|-ability|p2a: Blacephalon|Beast Boost|boost\n|-boost|p2a: Blacephalon|spa|1\n|\n|upkeep\n|\n|t:|1699794427\n|switch|p1a: Kyogre|Kyogre, tera:Water|96\/100\n|-weather|RainDance|[from] ability: Drizzle|[of] p1a: Kyogre\n|turn|15\n|\n|t:|1699794433\n|switch|p2a: Pheromosa|Pheromosa|100\/100\n|-damage|p2a: Pheromosa|88\/100|[from] Stealth Rock\n|-damage|p2a: Pheromosa|76\/100|[from] Spikes\n|move|p1a: Kyogre|Water Spout|p2a: Pheromosa\n|-damage|p2a: Pheromosa|0 fnt\n|faint|p2a: Pheromosa\n|\n|-weather|RainDance|[upkeep]\n|upkeep\n|\n|t:|1699794444\n|switch|p2a: Blacephalon|Blacephalon|63\/100\n|-damage|p2a: Blacephalon|38\/100|[from] Stealth Rock\n|-damage|p2a: Blacephalon|25\/100|[from] Spikes\n|turn|16\n|\n|t:|1699794451\n|-terastallize|p2a: Blacephalon|Ghost\n|move|p1a: Kyogre|Water Spout|p2a: Blacephalon\n|-damage|p2a: Blacephalon|0 fnt\n|faint|p2a: Blacephalon\n|\n|win|yadabosiggg\n|l|\u203d323232kk\n","uploadtime":1699795228,"views":8,"p1id":"yadabosiggg","p2id":"323232kk","formatid":"gen9nationaldexubers","rating":0,"private":0,"password":""}