{"id":"gen9nationaldexubers-1984870170","p1":"Malice Incarnate","p2":"Jack0lantern89","format":"[Gen 9] National Dex Ubers","log":"|j|\u2606Malice Incarnate\n|j|\u2606Jack0lantern89\n|t:|1699306137\n|gametype|singles\n|player|p1|Malice Incarnate|palmer|\n|player|p2|Jack0lantern89|brawly|\n|teamsize|p1|6\n|teamsize|p2|6\n|gen|9\n|tier|[Gen 9] National Dex Ubers\n|rule|HP Percentage Mod: HP is shown in percentages\n|rule|Endless Battle Clause: Forcing endless battles is banned\n|rule|OHKO Clause: OHKO moves are banned\n|rule|Evasion Moves Clause: Evasion moves are banned\n|rule|Evasion Items Clause: Evasion items are banned\n|rule|Species Clause: Limit one of each Pok\u00e9mon\n|rule|Sleep Clause Mod: Limit one foe put to sleep\n|rule|Mega Rayquaza Clause: You cannot mega evolve Rayquaza\n|clearpoke\n|poke|p1|Scizor, F|\n|poke|p1|Landorus-Therian, M|\n|poke|p1|Greninja-*, F|\n|poke|p1|Corviknight, M|\n|poke|p1|Blissey, F|\n|poke|p1|Conkeldurr, F|\n|poke|p2|Marshadow|\n|poke|p2|Iron Valiant|\n|poke|p2|Iron Hands|\n|poke|p2|Great Tusk|\n|poke|p2|Zamazenta-*|\n|poke|p2|Gallade, M|\n|teampreview\n|inactive|Battle timer is ON: inactive players will automatically lose when time's up. (requested by Malice Incarnate)\n|inactive|Jack0lantern89 also wants the timer to be on.\n|c|\u2606Jack0lantern89|glhf\n|c|\u2606Malice Incarnate|u2\n|\n|t:|1699306151\n|start\n|switch|p1a: Corviknight|Corviknight, M|100\/100\n|switch|p2a: Rifk's favourite|Gallade, M|100\/100\n|-ability|p1a: Corviknight|Pressure\n|turn|1\n|c|\u2606Jack0lantern89|fuck u\n|\n|t:|1699306164\n|detailschange|p2a: Rifk's favourite|Gallade-Mega, M\n|-mega|p2a: Rifk's favourite|Gallade|Galladite\n|move|p2a: Rifk's favourite|Knock Off|p1a: Corviknight\n|-damage|p1a: Corviknight|76\/100\n|-damage|p2a: Rifk's favourite|84\/100|[from] item: Rocky Helmet|[of] p1a: Corviknight\n|-enditem|p1a: Corviknight|Rocky Helmet|[from] move: Knock Off|[of] p2a: Rifk's favourite\n|move|p1a: Corviknight|Brave Bird|p2a: Rifk's favourite\n|-supereffective|p2a: Rifk's favourite\n|-damage|p2a: Rifk's favourite|0 fnt\n|faint|p2a: Rifk's favourite\n|-damage|p1a: Corviknight|57\/100|[from] Recoil\n|\n|upkeep\n|c|\u2606Malice Incarnate|?\n|c|\u2606Jack0lantern89|nvm\n|c|\u2606Jack0lantern89|i thought it was going to be\n|c|\u2606Jack0lantern89|a bu set\n|c|\u2606Malice Incarnate|no\n|c|\u2606Malice Incarnate|that is not my hidden tech\n|c|\u2606Jack0lantern89|wait whats tera?\n|inactive|Jack0lantern89 has 270 seconds left.\n|c|\u2606Malice Incarnate|tera drag corv\n|inactive|Jack0lantern89 no longer wants the timer on, but the timer is staying on because maliceincarnate still does.\n|c|\u2606Malice Incarnate|same as always\n|inactiveoff|Battle timer is now OFF.\n|\n|t:|1699306201\n|switch|p2a: The best boi|Zamazenta-Crowned|100\/100\n|-ability|p2a: The best boi|Dauntless Shield|boost\n|-boost|p2a: The best boi|def|1\n|turn|2\n|\n|t:|1699306208\n|move|p2a: The best boi|Iron Defense|p2a: The best boi\n|-boost|p2a: The best boi|def|2\n|move|p1a: Corviknight|Roost|p1a: Corviknight\n|-heal|p1a: Corviknight|100\/100\n|-singleturn|p1a: Corviknight|move: Roost\n|\n|upkeep\n|turn|3\n|\n|t:|1699306210\n|move|p2a: The best boi|Iron Defense|p2a: The best boi\n|-boost|p2a: The best boi|def|2\n|move|p1a: Corviknight|U-turn|p2a: The best boi\n|-resisted|p2a: The best boi\n|-damage|p2a: The best boi|99\/100\n|\n|t:|1699306217\n|switch|p1a: Greninja|Greninja, F|100\/100|[from] U-turn\n|\n|upkeep\n|turn|4\n|c|\u2606Jack0lantern89|here comes the tech\n|\n|t:|1699306222\n|move|p1a: Greninja|Shadow Sneak|p2a: The best boi\n|-start|p1a: Greninja|typechange|Ghost|[from] ability: Protean\n|-damage|p2a: The best boi|96\/100\n|-damage|p1a: Greninja|91\/100|[from] item: Life Orb\n|move|p2a: The best boi|Body Press|p1a: Greninja\n|-immune|p1a: Greninja\n|\n|upkeep\n|turn|5\n|\n|t:|1699306228\n|move|p2a: The best boi|Behemoth Bash|p1a: Greninja\n|-damage|p1a: Greninja|27\/100\n|move|p1a: Greninja|Swords Dance|p1a: Greninja\n|-boost|p1a: Greninja|atk|2\n|\n|upkeep\n|turn|6\n|c|\u2606Malice Incarnate|wait i thought that only ran press\n|c|\u2606Malice Incarnate|tf\n|c|\u2606Jack0lantern89|lmao\n|c|\u2606Malice Incarnate|rest talk press id\n|c|\u2606Malice Incarnate|well fuck\n|c|\u2606Jack0lantern89|i dont have talk\n|c|\u2606Jack0lantern89|i sent the set yesterday\n|c|\u2606Malice Incarnate|i thought thta had talk\n|c|\u2606Malice Incarnate|im so stupid\n|c|\u2606Malice Incarnate|you see where this was going tho\n|\n|t:|1699306284\n|move|p1a: Greninja|Shadow Sneak|p2a: The best boi\n|-damage|p2a: The best boi|88\/100\n|-damage|p1a: Greninja|17\/100|[from] item: Life Orb\n|move|p2a: The best boi|Behemoth Bash|p1a: Greninja\n|-damage|p1a: Greninja|0 fnt\n|faint|p1a: Greninja\n|\n|upkeep\n|\n|t:|1699306292\n|switch|p1a: Conkeldurr|Conkeldurr, F|100\/100\n|turn|7\n|\n|t:|1699306304\n|move|p2a: The best boi|Body Press|p1a: Conkeldurr\n|-damage|p1a: Conkeldurr|0 fnt\n|faint|p1a: Conkeldurr\n|\n|upkeep\n|\n|t:|1699306345\n|switch|p1a: Landorus|Landorus-Therian, M|100\/100\n|-ability|p1a: Landorus|Intimidate|boost\n|-unboost|p2a: The best boi|atk|1\n|turn|8\n|c|\u2606Jack0lantern89|yeah i saw where u were going with that\n|\n|t:|1699306353\n|-terastallize|p2a: The best boi|Fighting\n|move|p2a: The best boi|Body Press|p1a: Landorus\n|-resisted|p1a: Landorus\n|-damage|p1a: Landorus|3\/100\n|move|p1a: Landorus|Earthquake|p2a: The best boi\n|-damage|p2a: The best boi|76\/100\n|\n|upkeep\n|turn|9\n|c|\u2606Malice Incarnate|since sneak proks protean once then im immune to zama and i boost and sweep with liquidation and aerial ace\n|\n|t:|1699306360\n|move|p2a: The best boi|Body Press|p1a: Landorus\n|-resisted|p1a: Landorus\n|-damage|p1a: Landorus|0 fnt\n|faint|p1a: Landorus\n|\n|upkeep\n|\n|t:|1699306366\n|switch|p1a: Scizor|Scizor, F|100\/100\n|turn|10\n|\n|t:|1699306369\n|detailschange|p1a: Scizor|Scizor-Mega, F\n|-mega|p1a: Scizor|Scizor|Scizorite\n|move|p1a: Scizor|Bullet Punch|p2a: The best boi\n|-damage|p2a: The best boi|71\/100\n|move|p2a: The best boi|Body Press|p1a: Scizor\n|-damage|p1a: Scizor|0 fnt\n|faint|p1a: Scizor\n|\n|upkeep\n|\n|t:|1699306372\n|switch|p1a: Corviknight|Corviknight, M|100\/100\n|-ability|p1a: Corviknight|Pressure\n|turn|11\n|\n|t:|1699306375\n|move|p2a: The best boi|Body Press|p1a: Corviknight\n|-damage|p1a: Corviknight|0 fnt\n|faint|p1a: Corviknight\n|\n|upkeep\n|\n|t:|1699306378\n|switch|p1a: Blissey|Blissey, F|100\/100\n|turn|12\n|\n|t:|1699306381\n|move|p2a: The best boi|Iron Defense|p2a: The best boi\n|-boost|p2a: The best boi|def|1\n|move|p1a: Blissey|Seismic Toss|p2a: The best boi\n|-damage|p2a: The best boi|45\/100\n|\n|upkeep\n|turn|13\n|\n|t:|1699306385\n|move|p2a: The best boi|Body Press|p1a: Blissey\n|-supereffective|p1a: Blissey\n|-damage|p1a: Blissey|0 fnt\n|faint|p1a: Blissey\n|\n|win|Jack0lantern89\n|c|\u2606Jack0lantern89|ggs\n|c|\u2606Malice Incarnate|was that nessecary\n|c|\u2606Malice Incarnate|gg\n|c|\u2606Jack0lantern89|yes\n|c|\u2606Jack0lantern89|my calc said i needed one mor\n|c|\u2606Jack0lantern89|to gurantee the kill\n","uploadtime":1699306392,"views":7,"p1id":"maliceincarnate","p2id":"jack0lantern89","formatid":"gen9nationaldexubers","rating":0,"private":0,"password":""}