{"id":"gen9nationaldexubers-1996611288","p1":"SauceBo$$","p2":"hoop99","format":"[Gen 9] National Dex Ubers","log":"|j|\u2606SauceBo$$\n|j|\u2606hoop99\n|t:|1700700418\n|gametype|singles\n|player|p1|SauceBo$$|blue|\n|player|p2|hoop99|266|\n|teamsize|p1|6\n|teamsize|p2|6\n|gen|9\n|tier|[Gen 9] National Dex Ubers\n|rule|HP Percentage Mod: HP is shown in percentages\n|rule|Endless Battle Clause: Forcing endless battles is banned\n|rule|OHKO Clause: OHKO moves are banned\n|rule|Evasion Moves Clause: Evasion moves are banned\n|rule|Evasion Items Clause: Evasion items are banned\n|rule|Species Clause: Limit one of each Pok\u00e9mon\n|rule|Sleep Clause Mod: Limit one foe put to sleep\n|rule|Mega Rayquaza Clause: You cannot mega evolve Rayquaza\n|clearpoke\n|poke|p1|Typhlosion, F|\n|poke|p1|Slowking-Galar, F|\n|poke|p1|Keldeo|\n|poke|p1|Donphan, M|\n|poke|p1|Whimsicott, M|\n|poke|p1|Alomomola, M|\n|poke|p2|Tyranitar, M|\n|poke|p2|Aggron, M|\n|poke|p2|Iron Bundle|\n|poke|p2|Cobalion|\n|poke|p2|Dracovish|\n|poke|p2|Weezing-Galar, F|\n|teampreview\n|c|\u2606SauceBo$$|GLHF :)\n|j| OpTiC Waffle\n|\n|t:|1700700555\n|start\n|switch|p1a: Not a Phan|Donphan, M|100\/100\n|switch|p2a: Mecha Zilla|Aggron, M, shiny|100\/100\n|turn|1\n|\n|t:|1700700597\n|-terastallize|p2a: Mecha Zilla|Ghost\n|move|p1a: Not a Phan|Stealth Rock|p2a: Mecha Zilla\n|-sidestart|p2: hoop99|move: Stealth Rock\n|move|p2a: Mecha Zilla|Stealth Rock|p1a: Not a Phan\n|-sidestart|p1: SauceBo$$|move: Stealth Rock\n|\n|upkeep\n|turn|2\n|\n|t:|1700700663\n|switch|p1a: Dory|Alomomola, M, shiny|100\/100\n|-damage|p1a: Dory|88\/100|[from] Stealth Rock\n|move|p2a: Mecha Zilla|Dragon Tail|p1a: Dory\n|-damage|p1a: Dory|80\/100\n|-damage|p2a: Mecha Zilla|84\/100|[from] item: Rocky Helmet|[of] p1a: Dory\n|drag|p1a: Gotcha! ;)|Whimsicott, M|100\/100\n|-damage|p1a: Gotcha! ;)|88\/100|[from] Stealth Rock\n|\n|-heal|p1a: Gotcha! ;)|94\/100|[from] item: Leftovers\n|-heal|p2a: Mecha Zilla|90\/100|[from] item: Leftovers\n|upkeep\n|turn|3\n|\n|t:|1700700686\n|move|p1a: Gotcha! ;)|Encore|p2a: Mecha Zilla\n|-start|p2a: Mecha Zilla|Encore\n|move|p2a: Mecha Zilla|Dragon Tail|p1a: Gotcha! ;)\n|-immune|p1a: Gotcha! ;)\n|\n|-heal|p1a: Gotcha! ;)|100\/100|[from] item: Leftovers\n|-heal|p2a: Mecha Zilla|96\/100|[from] item: Leftovers\n|upkeep\n|turn|4\n|\n|t:|1700700695\n|switch|p2a: Sir Weezington III|Weezing-Galar, F|100\/100\n|-damage|p2a: Sir Weezington III|88\/100|[from] Stealth Rock\n|move|p1a: Gotcha! ;)|Leech Seed|p2a: Sir Weezington III\n|-start|p2a: Sir Weezington III|move: Leech Seed\n|\n|-damage|p2a: Sir Weezington III|76\/100|[from] Leech Seed|[of] p1a: Gotcha! ;)\n|upkeep\n|turn|5\n|\n|t:|1700700714\n|switch|p2a: Inigo Montoya|Cobalion, shiny|100\/100\n|-damage|p2a: Inigo Montoya|97\/100|[from] Stealth Rock\n|move|p1a: Gotcha! ;)|Substitute|p1a: Gotcha! ;)\n|-start|p1a: Gotcha! ;)|Substitute\n|-damage|p1a: Gotcha! ;)|76\/100\n|\n|-heal|p1a: Gotcha! ;)|82\/100|[from] item: Leftovers\n|upkeep\n|turn|6\n|\n|t:|1700700730\n|move|p1a: Gotcha! ;)|Leech Seed|p2a: Inigo Montoya\n|-start|p2a: Inigo Montoya|move: Leech Seed\n|move|p2a: Inigo Montoya|Poison Jab|p1a: Gotcha! ;)\n|-supereffective|p1a: Gotcha! ;)\n|-end|p1a: Gotcha! ;)|Substitute\n|\n|-heal|p1a: Gotcha! ;)|88\/100|[from] item: Leftovers\n|-damage|p2a: Inigo Montoya|85\/100|[from] Leech Seed|[of] p1a: Gotcha! ;)\n|-heal|p1a: Gotcha! ;)|100\/100|[silent]\n|upkeep\n|turn|7\n|\n|t:|1700700739\n|move|p1a: Gotcha! ;)|Substitute|p1a: Gotcha! ;)\n|-start|p1a: Gotcha! ;)|Substitute\n|-damage|p1a: Gotcha! ;)|76\/100\n|move|p2a: Inigo Montoya|Poison Jab|p1a: Gotcha! ;)\n|-supereffective|p1a: Gotcha! ;)\n|-end|p1a: Gotcha! ;)|Substitute\n|\n|-heal|p1a: Gotcha! ;)|82\/100|[from] item: Leftovers\n|-damage|p2a: Inigo Montoya|73\/100|[from] Leech Seed|[of] p1a: Gotcha! ;)\n|-heal|p1a: Gotcha! ;)|94\/100|[silent]\n|upkeep\n|turn|8\n|\n|t:|1700700754\n|switch|p2a: Zilla|Tyranitar, M|100\/100\n|-damage|p2a: Zilla|88\/100|[from] Stealth Rock\n|-weather|Sandstorm|[from] ability: Sand Stream|[of] p2a: Zilla\n|move|p1a: Gotcha! ;)|Substitute|p1a: Gotcha! ;)\n|-start|p1a: Gotcha! ;)|Substitute\n|-damage|p1a: Gotcha! ;)|70\/100\n|\n|-weather|Sandstorm|[upkeep]\n|-damage|p1a: Gotcha! ;)|63\/100|[from] Sandstorm\n|-heal|p1a: Gotcha! ;)|70\/100|[from] item: Leftovers\n|upkeep\n|turn|9\n|\n|t:|1700700769\n|detailschange|p2a: Zilla|Tyranitar-Mega, M\n|-mega|p2a: Zilla|Tyranitar|Tyranitarite\n|move|p1a: Gotcha! ;)|Leech Seed|p2a: Zilla\n|-hint|Since gen 7, Dark is immune to Prankster moves.\n|-immune|p2a: Zilla\n|move|p2a: Zilla|Iron Head|p1a: Gotcha! ;)\n|-supereffective|p1a: Gotcha! ;)\n|-end|p1a: Gotcha! ;)|Substitute\n|\n|-weather|Sandstorm|[upkeep]\n|-damage|p1a: Gotcha! ;)|63\/100|[from] Sandstorm\n|-heal|p1a: Gotcha! ;)|70\/100|[from] item: Leftovers\n|upkeep\n|turn|10\n|\n|t:|1700700784\n|switch|p1a: Dory|Alomomola, M, shiny|100\/100\n|-damage|p1a: Dory|88\/100|[from] Stealth Rock\n|move|p2a: Zilla|Rock Polish|p2a: Zilla\n|-boost|p2a: Zilla|spe|2\n|\n|-weather|Sandstorm|[upkeep]\n|-damage|p1a: Dory|82\/100|[from] Sandstorm\n|upkeep\n|turn|11\n|\n|t:|1700700800\n|move|p2a: Zilla|Thunder Punch|p1a: Dory\n|-supereffective|p1a: Dory\n|-damage|p1a: Dory|46\/100\n|-damage|p2a: Zilla|72\/100|[from] item: Rocky Helmet|[of] p1a: Dory\n|move|p1a: Dory|Wish|p1a: Dory\n|\n|-weather|Sandstorm|[upkeep]\n|-damage|p1a: Dory|40\/100|[from] Sandstorm\n|upkeep\n|turn|12\n|\n|t:|1700700809\n|move|p1a: Dory|Protect|p1a: Dory\n|-singleturn|p1a: Dory|Protect\n|move|p2a: Zilla|Knock Off|p1a: Dory\n|-activate|p1a: Dory|move: Protect\n|\n|-weather|none\n|-heal|p1a: Dory|90\/100|[from] move: Wish|[wisher] Dory\n|upkeep\n|turn|13\n|\n|t:|1700700824\n|move|p2a: Zilla|Knock Off|p1a: Dory\n|-damage|p1a: Dory|55\/100\n|-damage|p2a: Zilla|55\/100|[from] item: Rocky Helmet|[of] p1a: Dory\n|-enditem|p1a: Dory|Rocky Helmet|[from] move: Knock Off|[of] p2a: Zilla\n|move|p1a: Dory|Toxic|p2a: Zilla\n|-status|p2a: Zilla|tox\n|\n|-damage|p2a: Zilla|49\/100 tox|[from] psn\n|upkeep\n|turn|14\n|\n|t:|1700700835\n|move|p2a: Zilla|Thunder Punch|p1a: Dory\n|-supereffective|p1a: Dory\n|-damage|p1a: Dory|19\/100\n|move|p1a: Dory|Wish|p1a: Dory\n|\n|-damage|p2a: Zilla|36\/100 tox|[from] psn\n|upkeep\n|turn|15\n|\n|t:|1700700845\n|switch|p2a: Mecha Zilla|Aggron, M, shiny, tera:Ghost|96\/100\n|-damage|p2a: Mecha Zilla|84\/100|[from] Stealth Rock\n|move|p1a: Dory|Protect||[still]\n|-fail|p1a: Dory\n|\n|-heal|p1a: Dory|69\/100|[from] move: Wish|[wisher] Dory\n|-heal|p2a: Mecha Zilla|90\/100|[from] item: Leftovers\n|upkeep\n|turn|16\n|\n|t:|1700700868\n|move|p1a: Dory|Flip Turn|p2a: Mecha Zilla\n|-damage|p2a: Mecha Zilla|81\/100\n|\n|t:|1700700900\n|switch|p1a: Not a Phan|Donphan, M|100\/100|[from] Flip Turn\n|move|p2a: Mecha Zilla|Thunder Punch|p1a: Not a Phan\n|-immune|p1a: Not a Phan\n|\n|-heal|p2a: Mecha Zilla|87\/100|[from] item: Leftovers\n|upkeep\n|turn|17\n|j| Jim Jim Jr\n|c| Jim Jim Jr|Howdy bois\n|c|\u2606hoop99|Hello\n|c|\u2606SauceBo$$|howdy-do-dee\n|c|\u2606hoop99|How you doin?\n|\n|t:|1700700949\n|move|p1a: Not a Phan|Earthquake|p2a: Mecha Zilla\n|-damage|p2a: Mecha Zilla|57\/100\n|move|p2a: Mecha Zilla|Dragon Tail|p1a: Not a Phan\n|-crit|p1a: Not a Phan\n|-damage|p1a: Not a Phan|84\/100\n|drag|p1a: Dory|Alomomola, M, shiny|100\/100\n|-damage|p1a: Dory|88\/100|[from] Stealth Rock\n|\n|-heal|p2a: Mecha Zilla|63\/100|[from] item: Leftovers\n|upkeep\n|turn|18\n|c| Jim Jim Jr|Livin the dream I guess lol\n|\n|t:|1700701021\n|move|p1a: Dory|Toxic|p2a: Mecha Zilla|[miss]\n|-miss|p1a: Dory|p2a: Mecha Zilla\n|move|p2a: Mecha Zilla|Shadow Claw|p1a: Dory\n|-damage|p1a: Dory|74\/100\n|\n|-heal|p2a: Mecha Zilla|69\/100|[from] item: Leftovers\n|upkeep\n|turn|19\n|l| Jim Jim Jr\n|c|\u2606SauceBo$$|heck yeah dude\n|j| Jim Jim Jr\n|\n|t:|1700701047\n|switch|p2a: Sir Weezington III|Weezing-Galar, F|76\/100\n|-damage|p2a: Sir Weezington III|64\/100|[from] Stealth Rock\n|move|p1a: Dory|Wish|p1a: Dory\n|\n|upkeep\n|turn|20\n|\n|t:|1700701077\n|move|p1a: Dory|Flip Turn|p2a: Sir Weezington III\n|-damage|p2a: Sir Weezington III|51\/100\n|\n|t:|1700701083\n|switch|p1a: King Galactic|Slowking-Galar, F, shiny|100\/100|[from] Flip Turn\n|-damage|p1a: King Galactic|88\/100|[from] Stealth Rock\n|move|p2a: Sir Weezington III|Sludge Bomb|p1a: King Galactic\n|-resisted|p1a: King Galactic\n|-crit|p1a: King Galactic\n|-damage|p1a: King Galactic|80\/100\n|\n|-heal|p1a: King Galactic|100\/100|[from] move: Wish|[wisher] Dory\n|upkeep\n|turn|21\n|l| Jim Jim Jr\n|\n|t:|1700701108\n|switch|p2a: Mecha Zilla|Aggron, M, shiny, tera:Ghost|69\/100\n|-damage|p2a: Mecha Zilla|57\/100|[from] Stealth Rock\n|move|p1a: King Galactic|Focus Blast|p2a: Mecha Zilla\n|-immune|p2a: Mecha Zilla\n|\n|-heal|p2a: Mecha Zilla|63\/100|[from] item: Leftovers\n|upkeep\n|turn|22\n|\n|t:|1700701134\n|switch|p1a: Dory|Alomomola, M, shiny|100\/100\n|-damage|p1a: Dory|88\/100|[from] Stealth Rock\n|move|p2a: Mecha Zilla|Shadow Claw|p1a: Dory\n|-crit|p1a: Dory\n|-damage|p1a: Dory|66\/100\n|\n|-heal|p2a: Mecha Zilla|69\/100|[from] item: Leftovers\n|upkeep\n|turn|23\n|j| Jim Jim Jr\n|\n|t:|1700701145\n|move|p1a: Dory|Wish|p1a: Dory\n|move|p2a: Mecha Zilla|Shadow Claw|p1a: Dory\n|-damage|p1a: Dory|52\/100\n|\n|-heal|p2a: Mecha Zilla|75\/100|[from] item: Leftovers\n|upkeep\n|turn|24\n|\n|t:|1700701161\n|move|p1a: Dory|Toxic|p2a: Mecha Zilla\n|-status|p2a: Mecha Zilla|tox\n|move|p2a: Mecha Zilla|Dragon Tail|p1a: Dory\n|-damage|p1a: Dory|44\/100\n|drag|p1a: My Lil Brony|Keldeo|100\/100\n|-damage|p1a: My Lil Brony|94\/100|[from] Stealth Rock\n|\n|-heal|p1a: My Lil Brony|100\/100|[from] move: Wish|[wisher] Dory\n|-heal|p2a: Mecha Zilla|81\/100 tox|[from] item: Leftovers\n|-damage|p2a: Mecha Zilla|75\/100 tox|[from] psn\n|upkeep\n|turn|25\n|\n|t:|1700701209\n|move|p1a: My Lil Brony|Hydro Pump|p2a: Mecha Zilla\n|-damage|p2a: Mecha Zilla|0 fnt\n|faint|p2a: Mecha Zilla\n|\n|upkeep\n|\n|t:|1700701223\n|switch|p2a: Sir Weezington III|Weezing-Galar, F|51\/100\n|-damage|p2a: Sir Weezington III|39\/100|[from] Stealth Rock\n|turn|26\n|\n|t:|1700701239\n|move|p1a: My Lil Brony|Hydro Pump|p2a: Sir Weezington III\n|-damage|p2a: Sir Weezington III|0 fnt\n|faint|p2a: Sir Weezington III\n|\n|upkeep\n|\n|t:|1700701260\n|switch|p2a: Water Cooler|Iron Bundle|100\/100\n|-damage|p2a: Water Cooler|76\/100|[from] Stealth Rock\n|turn|27\n|\n|t:|1700701265\n|switch|p1a: King Galactic|Slowking-Galar, F, shiny|100\/100\n|-damage|p1a: King Galactic|88\/100|[from] Stealth Rock\n|move|p2a: Water Cooler|Freeze-Dry|p1a: King Galactic\n|-damage|p1a: King Galactic|67\/100\n|\n|upkeep\n|turn|28\n|\n|t:|1700701287\n|move|p2a: Water Cooler|Freeze-Dry|p1a: King Galactic\n|-damage|p1a: King Galactic|45\/100\n|move|p1a: King Galactic|Future Sight|p2a: Water Cooler\n|-start|p1a: King Galactic|move: Future Sight\n|\n|upkeep\n|turn|29\n|\n|t:|1700701294\n|move|p2a: Water Cooler|Freeze-Dry|p1a: King Galactic\n|-damage|p1a: King Galactic|23\/100\n|-status|p1a: King Galactic|frz\n|-curestatus|p1a: King Galactic|frz|[msg]\n|move|p1a: King Galactic|Focus Blast|p2a: Water Cooler\n|-supereffective|p2a: Water Cooler\n|-damage|p2a: Water Cooler|0 fnt\n|faint|p2a: Water Cooler\n|-end|p2a: Water Cooler|Quark Drive|[silent]\n|\n|upkeep\n|\n|t:|1700701308\n|switch|p2a: Zilla|Tyranitar-Mega, M|36\/100 tox\n|-damage|p2a: Zilla|24\/100 tox|[from] Stealth Rock\n|-weather|Sandstorm|[from] ability: Sand Stream|[of] p2a: Zilla\n|turn|30\n|\n|t:|1700701327\n|switch|p1a: Dory|Alomomola, M, shiny|77\/100\n|-damage|p1a: Dory|65\/100|[from] Stealth Rock\n|move|p2a: Zilla|Knock Off|p1a: Dory\n|-damage|p1a: Dory|43\/100\n|\n|-weather|Sandstorm|[upkeep]\n|-damage|p1a: Dory|37\/100|[from] Sandstorm\n|-end|p2a: Zilla|move: Future Sight\n|-immune|p2a: Zilla\n|-damage|p2a: Zilla|18\/100 tox|[from] psn\n|upkeep\n|turn|31\n|j| silverhammer166\n|c| silverhammer166|DREAM ON\n|c| silverhammer166|DREAM ON\n|\n|t:|1700701352\n|move|p1a: Dory|Protect|p1a: Dory\n|-singleturn|p1a: Dory|Protect\n|move|p2a: Zilla|Rock Polish|p2a: Zilla\n|-boost|p2a: Zilla|spe|2\n|\n|-weather|Sandstorm|[upkeep]\n|-damage|p1a: Dory|31\/100|[from] Sandstorm\n|-damage|p2a: Zilla|5\/100 tox|[from] psn\n|upkeep\n|turn|32\n|c|\u2606hoop99|Thanks DJ\n|\n|t:|1700701367\n|switch|p1a: Not a Phan|Donphan, M|84\/100\n|move|p2a: Zilla|Knock Off|p1a: Not a Phan\n|-damage|p1a: Not a Phan|30\/100\n|-enditem|p1a: Not a Phan|Heavy-Duty Boots|[from] move: Knock Off|[of] p2a: Zilla\n|\n|-weather|Sandstorm|[upkeep]\n|-damage|p2a: Zilla|0 fnt|[from] psn\n|faint|p2a: Zilla\n|upkeep\n|\n|t:|1700701377\n|switch|p2a: Chomper|Dracovish|100\/100\n|-damage|p2a: Chomper|88\/100|[from] Stealth Rock\n|turn|33\n|\n|t:|1700701425\n|move|p2a: Chomper|Ice Fang|p1a: Not a Phan\n|-supereffective|p1a: Not a Phan\n|-damage|p1a: Not a Phan|0 fnt\n|faint|p1a: Not a Phan\n|\n|-weather|Sandstorm|[upkeep]\n|-damage|p2a: Chomper|82\/100|[from] Sandstorm\n|upkeep\n|\n|t:|1700701505\n|switch|p1a: Gotcha! ;)|Whimsicott, M|70\/100\n|-damage|p1a: Gotcha! ;)|57\/100|[from] Stealth Rock\n|turn|34\n|\n|t:|1700701514\n|move|p1a: Gotcha! ;)|Leech Seed|p2a: Chomper\n|-start|p2a: Chomper|move: Leech Seed\n|move|p2a: Chomper|Ice Fang|p1a: Gotcha! ;)\n|-supereffective|p1a: Gotcha! ;)\n|-damage|p1a: Gotcha! ;)|4\/100\n|\n|-weather|none\n|-heal|p1a: Gotcha! ;)|10\/100|[from] item: Leftovers\n|-damage|p2a: Chomper|70\/100|[from] Leech Seed|[of] p1a: Gotcha! ;)\n|-heal|p1a: Gotcha! ;)|22\/100|[silent]\n|upkeep\n|turn|35\n|l| silverhammer166\n|\n|t:|1700701538\n|switch|p2a: Inigo Montoya|Cobalion, shiny|73\/100\n|-damage|p2a: Inigo Montoya|70\/100|[from] Stealth Rock\n|switch|p1a: Dory|Alomomola, M, shiny|64\/100\n|-damage|p1a: Dory|51\/100|[from] Stealth Rock\n|\n|upkeep\n|turn|36\n|\n|t:|1700701558\n|move|p2a: Inigo Montoya|Iron Head|p1a: Dory\n|-resisted|p1a: Dory\n|-crit|p1a: Dory\n|-damage|p1a: Dory|31\/100\n|cant|p1a: Dory|flinch\n|\n|upkeep\n|turn|37\n|\n|t:|1700701564\n|move|p2a: Inigo Montoya|Iron Head|p1a: Dory\n|-resisted|p1a: Dory\n|-damage|p1a: Dory|17\/100\n|move|p1a: Dory|Wish|p1a: Dory\n|\n|upkeep\n|turn|38\n|\n|t:|1700701596\n|switch|p1a: King Galactic|Slowking-Galar, F, shiny|56\/100\n|-damage|p1a: King Galactic|44\/100|[from] Stealth Rock\n|move|p2a: Inigo Montoya|Iron Head|p1a: King Galactic\n|-damage|p1a: King Galactic|0 fnt\n|faint|p1a: King Galactic\n|\n|upkeep\n|\n|t:|1700701628\n|switch|p1a: Ziggy|Typhlosion, F, shiny|100\/100\n|-damage|p1a: Ziggy|76\/100|[from] Stealth Rock\n|turn|39\n|\n|t:|1700701712\n|switch|p2a: Chomper|Dracovish|70\/100\n|-damage|p2a: Chomper|58\/100|[from] Stealth Rock\n|move|p1a: Ziggy|Fire Blast|p2a: Chomper|[miss]\n|-miss|p1a: Ziggy|p2a: Chomper\n|\n|upkeep\n|turn|40\n|\n|t:|1700701726\n|switch|p1a: Dory|Alomomola, M, shiny|50\/100\n|-damage|p1a: Dory|38\/100|[from] Stealth Rock\n|move|p2a: Chomper|Fishious Rend|p1a: Dory\n|-resisted|p1a: Dory\n|-damage|p1a: Dory|8\/100\n|\n|upkeep\n|turn|41\n|\n|t:|1700701735\n|move|p1a: Dory|Protect|p1a: Dory\n|-singleturn|p1a: Dory|Protect\n|move|p2a: Chomper|Fishious Rend|p1a: Dory\n|-activate|p1a: Dory|move: Protect\n|\n|upkeep\n|turn|42\n|\n|t:|1700701749\n|move|p2a: Chomper|Fishious Rend|p1a: Dory\n|-resisted|p1a: Dory\n|-damage|p1a: Dory|0 fnt\n|faint|p1a: Dory\n|\n|upkeep\n|\n|t:|1700701820\n|switch|p1a: My Lil Brony|Keldeo|100\/100\n|-damage|p1a: My Lil Brony|94\/100|[from] Stealth Rock\n|turn|43\n|\n|t:|1700701827\n|move|p2a: Chomper|Fishious Rend|p1a: My Lil Brony\n|-resisted|p1a: My Lil Brony\n|-damage|p1a: My Lil Brony|26\/100\n|move|p1a: My Lil Brony|Scald|p2a: Chomper\n|-resisted|p2a: Chomper\n|-damage|p2a: Chomper|37\/100\n|\n|upkeep\n|turn|44\n|\n|t:|1700701935\n|switch|p1a: Gotcha! ;)|Whimsicott, M|22\/100\n|-damage|p1a: Gotcha! ;)|10\/100|[from] Stealth Rock\n|move|p2a: Chomper|Fishious Rend|p1a: Gotcha! ;)\n|-resisted|p1a: Gotcha! ;)\n|-damage|p1a: Gotcha! ;)|0 fnt\n|faint|p1a: Gotcha! ;)\n|\n|upkeep\n|\n|t:|1700701946\n|switch|p1a: Ziggy|Typhlosion, F, shiny|76\/100\n|-damage|p1a: Ziggy|51\/100|[from] Stealth Rock\n|turn|45\n|\n|t:|1700701957\n|-terastallize|p1a: Ziggy|Grass\n|move|p1a: Ziggy|Tera Blast|p2a: Chomper|[anim] Tera Blast Grass\n|-damage|p2a: Chomper|0 fnt\n|faint|p2a: Chomper\n|\n|upkeep\n|\n|t:|1700701964\n|switch|p2a: Inigo Montoya|Cobalion, shiny|70\/100\n|-damage|p2a: Inigo Montoya|67\/100|[from] Stealth Rock\n|turn|46\n|\n|t:|1700702083\n|switch|p1a: My Lil Brony|Keldeo|26\/100\n|-damage|p1a: My Lil Brony|20\/100|[from] Stealth Rock\n|move|p2a: Inigo Montoya|Poison Jab|p1a: My Lil Brony\n|-damage|p1a: My Lil Brony|0 fnt\n|faint|p1a: My Lil Brony\n|\n|upkeep\n|\n|t:|1700702096\n|switch|p1a: Ziggy|Typhlosion, F, shiny, tera:Grass|51\/100\n|-damage|p1a: Ziggy|39\/100|[from] Stealth Rock\n|turn|47\n|c|\u2606SauceBo$$|CLICKING THE BUTTON\n|c|\u2606hoop99|I clicked the button\n|c|\u2606hoop99|15% chance\n|\n|t:|1700702155\n|move|p1a: Ziggy|Fire Blast|p2a: Inigo Montoya|[miss]\n|-miss|p1a: Ziggy|p2a: Inigo Montoya\n|move|p2a: Inigo Montoya|Poison Jab|p1a: Ziggy\n|-supereffective|p1a: Ziggy\n|-damage|p1a: Ziggy|0 fnt\n|faint|p1a: Ziggy\n|\n|win|hoop99\n|c| OpTiC Waffle|omg\n|c|\u2606SauceBo$$|GG wow this game is so bad\n|c|\u2606SauceBo$$|LMAO\n|c|\u2606hoop99|GGS\n|c| Jim Jim Jr|Holy shit\n|c| OpTiC Waffle|insane game\n|c|\u2606SauceBo$$|ezzzzzzzzzzzzzz fire blasty\n|l| Jim Jim Jr\n|c|\u2606hoop99|if it ain't 100% its 50\/50\n|j| Jim Jim Jr\n","uploadtime":1700702209,"views":27,"p1id":"saucebo","p2id":"hoop99","formatid":"gen9nationaldexubers","rating":0,"private":0,"password":""}