{"id":"gen9nationaldexubers-1988544999","p1":"Ibitak","p2":"SKELETON-SKS","format":"[Gen 9] National Dex Ubers","log":"|j|\u2606Ibitak\n|j|\u2606SKELETON-SKS\n|t:|1699734452\n|gametype|singles\n|player|p1|Ibitak|266|\n|player|p2|SKELETON-SKS|hiker-gen4|\n|teamsize|p1|6\n|teamsize|p2|6\n|gen|9\n|tier|[Gen 9] National Dex Ubers\n|rule|HP Percentage Mod: HP is shown in percentages\n|rule|Endless Battle Clause: Forcing endless battles is banned\n|rule|OHKO Clause: OHKO moves are banned\n|rule|Evasion Moves Clause: Evasion moves are banned\n|rule|Evasion Items Clause: Evasion items are banned\n|rule|Species Clause: Limit one of each Pok\u00e9mon\n|rule|Sleep Clause Mod: Limit one foe put to sleep\n|rule|Mega Rayquaza Clause: You cannot mega evolve Rayquaza\n|clearpoke\n|poke|p1|Kartana|\n|poke|p1|Skeledirge, M|\n|poke|p1|Dragapult, F|\n|poke|p1|Slowking, M|\n|poke|p1|Donphan, F|\n|poke|p1|Lopunny, M|\n|poke|p2|Ursaluna-Bloodmoon, M|\n|poke|p2|Great Tusk|\n|poke|p2|Ninetales-Alola, M|\n|poke|p2|Cloyster, M|\n|poke|p2|Clodsire, F|\n|poke|p2|Sandy Shocks|\n|teampreview\n|j| xdd-Rayleigh\n|j| aplestick\n|\n|t:|1699734489\n|start\n|switch|p1a: Lopunny|Lopunny, M|100\/100\n|switch|p2a: \u0299\u1d1c\u1d1b\u1d1b\u1d00\u029c \u1d05\u1d00\u1d21\u0262|Clodsire, F|100\/100\n|turn|1\n|\n|t:|1699734507\n|detailschange|p1a: Lopunny|Lopunny-Mega, M\n|-mega|p1a: Lopunny|Lopunny|Lopunnite\n|move|p1a: Lopunny|Fake Out|p2a: \u0299\u1d1c\u1d1b\u1d1b\u1d00\u029c \u1d05\u1d00\u1d21\u0262\n|-damage|p2a: \u0299\u1d1c\u1d1b\u1d1b\u1d00\u029c \u1d05\u1d00\u1d21\u0262|75\/100\n|cant|p2a: \u0299\u1d1c\u1d1b\u1d1b\u1d00\u029c \u1d05\u1d00\u1d21\u0262|flinch\n|\n|-heal|p2a: \u0299\u1d1c\u1d1b\u1d1b\u1d00\u029c \u1d05\u1d00\u1d21\u0262|82\/100|[from] item: Leftovers\n|upkeep\n|turn|2\n|j| itzZen\n|\n|t:|1699734518\n|move|p1a: Lopunny|U-turn|p2a: \u0299\u1d1c\u1d1b\u1d1b\u1d00\u029c \u1d05\u1d00\u1d21\u0262\n|-resisted|p2a: \u0299\u1d1c\u1d1b\u1d1b\u1d00\u029c \u1d05\u1d00\u1d21\u0262\n|-damage|p2a: \u0299\u1d1c\u1d1b\u1d1b\u1d00\u029c \u1d05\u1d00\u1d21\u0262|67\/100\n|\n|t:|1699734521\n|switch|p1a: Donphan|Donphan, F|100\/100|[from] U-turn\n|move|p2a: \u0299\u1d1c\u1d1b\u1d1b\u1d00\u029c \u1d05\u1d00\u1d21\u0262|Stealth Rock|p1a: Donphan\n|-sidestart|p1: Ibitak|move: Stealth Rock\n|\n|-heal|p2a: \u0299\u1d1c\u1d1b\u1d1b\u1d00\u029c \u1d05\u1d00\u1d21\u0262|73\/100|[from] item: Leftovers\n|upkeep\n|turn|3\n|j| JunkoPure\n|\n|t:|1699734553\n|move|p1a: Donphan|Earthquake|p2a: \u0299\u1d1c\u1d1b\u1d1b\u1d00\u029c \u1d05\u1d00\u1d21\u0262\n|-supereffective|p2a: \u0299\u1d1c\u1d1b\u1d1b\u1d00\u029c \u1d05\u1d00\u1d21\u0262\n|-damage|p2a: \u0299\u1d1c\u1d1b\u1d1b\u1d00\u029c \u1d05\u1d00\u1d21\u0262|0 fnt\n|faint|p2a: \u0299\u1d1c\u1d1b\u1d1b\u1d00\u029c \u1d05\u1d00\u1d21\u0262\n|\n|upkeep\n|\n|t:|1699734562\n|switch|p2a: \ud835\udc20\ud835\udc1a\ud835\udc32 \ud835\udc1f\ud835\udc28\ud835\udc31|Ninetales-Alola, M, shiny|100\/100\n|-weather|Snow|[from] ability: Snow Warning|[of] p2a: \ud835\udc20\ud835\udc1a\ud835\udc32 \ud835\udc1f\ud835\udc28\ud835\udc31\n|turn|4\n|\n|t:|1699734612\n|switch|p1a: Kartana|Kartana|100\/100\n|-damage|p1a: Kartana|94\/100|[from] Stealth Rock\n|move|p2a: \ud835\udc20\ud835\udc1a\ud835\udc32 \ud835\udc1f\ud835\udc28\ud835\udc31|Aurora Veil|p2a: \ud835\udc20\ud835\udc1a\ud835\udc32 \ud835\udc1f\ud835\udc28\ud835\udc31\n|-sidestart|p2: SKELETON-SKS|move: Aurora Veil\n|\n|-weather|Snow|[upkeep]\n|upkeep\n|turn|5\n|\n|t:|1699734647\n|switch|p1a: Slowking|Slowking, M|100\/100\n|-damage|p1a: Slowking|88\/100|[from] Stealth Rock\n|switch|p2a: \u1d18\u029f\u1d00\u028f\u0299\u1d0f\u026a \u1d04\u1d00\u0280\u1d1b\u026a|Ursaluna-Bloodmoon, M|100\/100\n|\n|-weather|Snow|[upkeep]\n|-heal|p1a: Slowking|94\/100|[from] item: Leftovers\n|upkeep\n|turn|6\n|\n|t:|1699734688\n|move|p2a: \u1d18\u029f\u1d00\u028f\u0299\u1d0f\u026a \u1d04\u1d00\u0280\u1d1b\u026a|Calm Mind|p2a: \u1d18\u029f\u1d00\u028f\u0299\u1d0f\u026a \u1d04\u1d00\u0280\u1d1b\u026a\n|-boost|p2a: \u1d18\u029f\u1d00\u028f\u0299\u1d0f\u026a \u1d04\u1d00\u0280\u1d1b\u026a|spa|1\n|-boost|p2a: \u1d18\u029f\u1d00\u028f\u0299\u1d0f\u026a \u1d04\u1d00\u0280\u1d1b\u026a|spd|1\n|move|p1a: Slowking|Scald|p2a: \u1d18\u029f\u1d00\u028f\u0299\u1d0f\u026a \u1d04\u1d00\u0280\u1d1b\u026a\n|-supereffective|p2a: \u1d18\u029f\u1d00\u028f\u0299\u1d0f\u026a \u1d04\u1d00\u0280\u1d1b\u026a\n|-damage|p2a: \u1d18\u029f\u1d00\u028f\u0299\u1d0f\u026a \u1d04\u1d00\u0280\u1d1b\u026a|81\/100\n|-status|p2a: \u1d18\u029f\u1d00\u028f\u0299\u1d0f\u026a \u1d04\u1d00\u0280\u1d1b\u026a|brn\n|\n|-weather|Snow|[upkeep]\n|-heal|p2a: \u1d18\u029f\u1d00\u028f\u0299\u1d0f\u026a \u1d04\u1d00\u0280\u1d1b\u026a|87\/100 brn|[from] item: Leftovers\n|-heal|p1a: Slowking|99\/100|[from] item: Leftovers\n|-damage|p2a: \u1d18\u029f\u1d00\u028f\u0299\u1d0f\u026a \u1d04\u1d00\u0280\u1d1b\u026a|81\/100 brn|[from] brn\n|upkeep\n|turn|7\n|c|\u2606SKELETON-SKS|hax\n|\n|t:|1699734703\n|move|p2a: \u1d18\u029f\u1d00\u028f\u0299\u1d0f\u026a \u1d04\u1d00\u0280\u1d1b\u026a|Calm Mind|p2a: \u1d18\u029f\u1d00\u028f\u0299\u1d0f\u026a \u1d04\u1d00\u0280\u1d1b\u026a\n|-boost|p2a: \u1d18\u029f\u1d00\u028f\u0299\u1d0f\u026a \u1d04\u1d00\u0280\u1d1b\u026a|spa|1\n|-boost|p2a: \u1d18\u029f\u1d00\u028f\u0299\u1d0f\u026a \u1d04\u1d00\u0280\u1d1b\u026a|spd|1\n|move|p1a: Slowking|Chilly Reception|p1a: Slowking\n|\n|t:|1699734710\n|switch|p1a: Lopunny|Lopunny-Mega, M|100\/100|[from] Chilly Reception\n|-damage|p1a: Lopunny|94\/100|[from] Stealth Rock\n|\n|-weather|Snow|[upkeep]\n|-heal|p2a: \u1d18\u029f\u1d00\u028f\u0299\u1d0f\u026a \u1d04\u1d00\u0280\u1d1b\u026a|87\/100 brn|[from] item: Leftovers\n|-damage|p2a: \u1d18\u029f\u1d00\u028f\u0299\u1d0f\u026a \u1d04\u1d00\u0280\u1d1b\u026a|81\/100 brn|[from] brn\n|upkeep\n|turn|8\n|\n|t:|1699734723\n|switch|p2a: \ud835\udc20\ud835\udc1a\ud835\udc32 \ud835\udc1f\ud835\udc28\ud835\udc31|Ninetales-Alola, M, shiny|100\/100\n|move|p1a: Lopunny|Fake Out|p2a: \ud835\udc20\ud835\udc1a\ud835\udc32 \ud835\udc1f\ud835\udc28\ud835\udc31\n|-damage|p2a: \ud835\udc20\ud835\udc1a\ud835\udc32 \ud835\udc1f\ud835\udc28\ud835\udc31|89\/100\n|\n|-weather|Snow|[upkeep]\n|-sideend|p2: SKELETON-SKS|move: Aurora Veil\n|upkeep\n|turn|9\n|\n|t:|1699734761\n|switch|p2a: GAU-8 Avenger|Cloyster, M, shiny|100\/100\n|move|p1a: Lopunny|Return|p2a: GAU-8 Avenger\n|-damage|p2a: GAU-8 Avenger|64\/100\n|\n|-weather|Snow|[upkeep]\n|upkeep\n|turn|10\n|j| The23rdPower\n|\n|t:|1699734773\n|move|p1a: Lopunny|Close Combat|p2a: GAU-8 Avenger\n|-supereffective|p2a: GAU-8 Avenger\n|-damage|p2a: GAU-8 Avenger|0 fnt\n|-unboost|p1a: Lopunny|def|1\n|-unboost|p1a: Lopunny|spd|1\n|faint|p2a: GAU-8 Avenger\n|\n|-weather|Snow|[upkeep]\n|upkeep\n|\n|t:|1699734785\n|switch|p2a: \u0271\u03b5\u01ad\u0266 \u0271\u03b1\u0e23\u01ad\u03b5\u0ae8|Sandy Shocks|100\/100\n|-enditem|p2a: \u0271\u03b5\u01ad\u0266 \u0271\u03b1\u0e23\u01ad\u03b5\u0ae8|Booster Energy\n|-activate|p2a: \u0271\u03b5\u01ad\u0266 \u0271\u03b1\u0e23\u01ad\u03b5\u0ae8|ability: Protosynthesis|[fromitem]\n|-start|p2a: \u0271\u03b5\u01ad\u0266 \u0271\u03b1\u0e23\u01ad\u03b5\u0ae8|protosynthesisspe\n|turn|11\n|l| aplestick\n|\n|t:|1699734809\n|switch|p1a: Slowking|Slowking, M|100\/100\n|-damage|p1a: Slowking|88\/100|[from] Stealth Rock\n|move|p2a: \u0271\u03b5\u01ad\u0266 \u0271\u03b1\u0e23\u01ad\u03b5\u0ae8|Spikes|p1a: Slowking\n|-sidestart|p1: Ibitak|Spikes\n|\n|-weather|none\n|-heal|p1a: Slowking|94\/100|[from] item: Leftovers\n|upkeep\n|turn|12\n|\n|t:|1699734829\n|-end|p2a: \u0271\u03b5\u01ad\u0266 \u0271\u03b1\u0e23\u01ad\u03b5\u0ae8|Protosynthesis|[silent]\n|switch|p2a: \ud835\udc20\ud835\udc1a\ud835\udc32 \ud835\udc1f\ud835\udc28\ud835\udc31|Ninetales-Alola, M, shiny|89\/100\n|-weather|Snow|[from] ability: Snow Warning|[of] p2a: \ud835\udc20\ud835\udc1a\ud835\udc32 \ud835\udc1f\ud835\udc28\ud835\udc31\n|move|p1a: Slowking|Scald|p2a: \ud835\udc20\ud835\udc1a\ud835\udc32 \ud835\udc1f\ud835\udc28\ud835\udc31\n|-damage|p2a: \ud835\udc20\ud835\udc1a\ud835\udc32 \ud835\udc1f\ud835\udc28\ud835\udc31|58\/100\n|\n|-weather|Snow|[upkeep]\n|-heal|p1a: Slowking|99\/100|[from] item: Leftovers\n|upkeep\n|turn|13\n|\n|t:|1699734851\n|move|p2a: \ud835\udc20\ud835\udc1a\ud835\udc32 \ud835\udc1f\ud835\udc28\ud835\udc31|Encore|p1a: Slowking\n|-start|p1a: Slowking|Encore\n|move|p1a: Slowking|Scald|p2a: \ud835\udc20\ud835\udc1a\ud835\udc32 \ud835\udc1f\ud835\udc28\ud835\udc31\n|-damage|p2a: \ud835\udc20\ud835\udc1a\ud835\udc32 \ud835\udc1f\ud835\udc28\ud835\udc31|26\/100\n|\n|-weather|Snow|[upkeep]\n|-heal|p1a: Slowking|100\/100|[from] item: Leftovers\n|upkeep\n|turn|14\n|\n|t:|1699734897\n|switch|p1a: Skeledirge|Skeledirge, M|100\/100\n|move|p2a: \ud835\udc20\ud835\udc1a\ud835\udc32 \ud835\udc1f\ud835\udc28\ud835\udc31|Aurora Veil|p2a: \ud835\udc20\ud835\udc1a\ud835\udc32 \ud835\udc1f\ud835\udc28\ud835\udc31\n|-sidestart|p2: SKELETON-SKS|move: Aurora Veil\n|\n|-weather|Snow|[upkeep]\n|upkeep\n|turn|15\n|\n|t:|1699734916\n|switch|p2a: \u1d18\u029f\u1d00\u028f\u0299\u1d0f\u026a \u1d04\u1d00\u0280\u1d1b\u026a|Ursaluna-Bloodmoon, M|81\/100 brn\n|move|p1a: Skeledirge|Torch Song|p2a: \u1d18\u029f\u1d00\u028f\u0299\u1d0f\u026a \u1d04\u1d00\u0280\u1d1b\u026a\n|-damage|p2a: \u1d18\u029f\u1d00\u028f\u0299\u1d0f\u026a \u1d04\u1d00\u0280\u1d1b\u026a|63\/100 brn\n|-boost|p1a: Skeledirge|spa|1\n|\n|-weather|Snow|[upkeep]\n|-heal|p2a: \u1d18\u029f\u1d00\u028f\u0299\u1d0f\u026a \u1d04\u1d00\u0280\u1d1b\u026a|69\/100 brn|[from] item: Leftovers\n|-damage|p2a: \u1d18\u029f\u1d00\u028f\u0299\u1d0f\u026a \u1d04\u1d00\u0280\u1d1b\u026a|63\/100 brn|[from] brn\n|upkeep\n|turn|16\n|\n|t:|1699734968\n|switch|p1a: Slowking|Slowking, M|100\/100\n|-damage|p1a: Slowking|88\/100|[from] Stealth Rock\n|-damage|p1a: Slowking|76\/100|[from] Spikes\n|move|p2a: \u1d18\u029f\u1d00\u028f\u0299\u1d0f\u026a \u1d04\u1d00\u0280\u1d1b\u026a|Calm Mind|p2a: \u1d18\u029f\u1d00\u028f\u0299\u1d0f\u026a \u1d04\u1d00\u0280\u1d1b\u026a\n|-boost|p2a: \u1d18\u029f\u1d00\u028f\u0299\u1d0f\u026a \u1d04\u1d00\u0280\u1d1b\u026a|spa|1\n|-boost|p2a: \u1d18\u029f\u1d00\u028f\u0299\u1d0f\u026a \u1d04\u1d00\u0280\u1d1b\u026a|spd|1\n|\n|-weather|Snow|[upkeep]\n|-heal|p2a: \u1d18\u029f\u1d00\u028f\u0299\u1d0f\u026a \u1d04\u1d00\u0280\u1d1b\u026a|69\/100 brn|[from] item: Leftovers\n|-heal|p1a: Slowking|82\/100|[from] item: Leftovers\n|-damage|p2a: \u1d18\u029f\u1d00\u028f\u0299\u1d0f\u026a \u1d04\u1d00\u0280\u1d1b\u026a|63\/100 brn|[from] brn\n|upkeep\n|turn|17\n|j| superoinge22\n|\n|t:|1699734990\n|move|p2a: \u1d18\u029f\u1d00\u028f\u0299\u1d0f\u026a \u1d04\u1d00\u0280\u1d1b\u026a|Blood Moon|p1a: Slowking\n|-damage|p1a: Slowking|7\/100\n|move|p1a: Slowking|Chilly Reception|p1a: Slowking\n|\n|t:|1699735002\n|switch|p1a: Lopunny|Lopunny-Mega, M|94\/100|[from] Chilly Reception\n|-damage|p1a: Lopunny|88\/100|[from] Stealth Rock\n|-damage|p1a: Lopunny|76\/100|[from] Spikes\n|\n|-weather|Snow|[upkeep]\n|-heal|p2a: \u1d18\u029f\u1d00\u028f\u0299\u1d0f\u026a \u1d04\u1d00\u0280\u1d1b\u026a|69\/100 brn|[from] item: Leftovers\n|-damage|p2a: \u1d18\u029f\u1d00\u028f\u0299\u1d0f\u026a \u1d04\u1d00\u0280\u1d1b\u026a|63\/100 brn|[from] brn\n|upkeep\n|turn|18\n|l| superoinge22\n|\n|t:|1699735017\n|move|p1a: Lopunny|Fake Out|p2a: \u1d18\u029f\u1d00\u028f\u0299\u1d0f\u026a \u1d04\u1d00\u0280\u1d1b\u026a\n|-damage|p2a: \u1d18\u029f\u1d00\u028f\u0299\u1d0f\u026a \u1d04\u1d00\u0280\u1d1b\u026a|56\/100 brn\n|cant|p2a: \u1d18\u029f\u1d00\u028f\u0299\u1d0f\u026a \u1d04\u1d00\u0280\u1d1b\u026a|flinch\n|\n|-weather|Snow|[upkeep]\n|-heal|p2a: \u1d18\u029f\u1d00\u028f\u0299\u1d0f\u026a \u1d04\u1d00\u0280\u1d1b\u026a|62\/100 brn|[from] item: Leftovers\n|-damage|p2a: \u1d18\u029f\u1d00\u028f\u0299\u1d0f\u026a \u1d04\u1d00\u0280\u1d1b\u026a|56\/100 brn|[from] brn\n|-sideend|p2: SKELETON-SKS|move: Aurora Veil\n|upkeep\n|turn|19\n|j| danbultheman\n|j| goobiathan\n|\n|t:|1699735029\n|move|p1a: Lopunny|Close Combat|p2a: \u1d18\u029f\u1d00\u028f\u0299\u1d0f\u026a \u1d04\u1d00\u0280\u1d1b\u026a\n|-supereffective|p2a: \u1d18\u029f\u1d00\u028f\u0299\u1d0f\u026a \u1d04\u1d00\u0280\u1d1b\u026a\n|-damage|p2a: \u1d18\u029f\u1d00\u028f\u0299\u1d0f\u026a \u1d04\u1d00\u0280\u1d1b\u026a|0 fnt\n|-unboost|p1a: Lopunny|def|1\n|-unboost|p1a: Lopunny|spd|1\n|faint|p2a: \u1d18\u029f\u1d00\u028f\u0299\u1d0f\u026a \u1d04\u1d00\u0280\u1d1b\u026a\n|\n|-weather|none\n|upkeep\n|l| danbultheman\n|\n|t:|1699735036\n|switch|p2a: \ud835\udc20\ud835\udc1a\ud835\udc32 \ud835\udc1f\ud835\udc28\ud835\udc31|Ninetales-Alola, M, shiny|26\/100\n|-weather|Snow|[from] ability: Snow Warning|[of] p2a: \ud835\udc20\ud835\udc1a\ud835\udc32 \ud835\udc1f\ud835\udc28\ud835\udc31\n|turn|20\n|\n|t:|1699735042\n|move|p1a: Lopunny|Return|p2a: \ud835\udc20\ud835\udc1a\ud835\udc32 \ud835\udc1f\ud835\udc28\ud835\udc31\n|-damage|p2a: \ud835\udc20\ud835\udc1a\ud835\udc32 \ud835\udc1f\ud835\udc28\ud835\udc31|0 fnt\n|faint|p2a: \ud835\udc20\ud835\udc1a\ud835\udc32 \ud835\udc1f\ud835\udc28\ud835\udc31\n|\n|-weather|Snow|[upkeep]\n|upkeep\n|\n|t:|1699735047\n|switch|p2a: \u0271\u03b5\u01ad\u0266 \u0271\u03b1\u0e23\u01ad\u03b5\u0ae8|Sandy Shocks|100\/100\n|turn|21\n|l| itzZen\n|\n|t:|1699735067\n|-terastallize|p2a: \u0271\u03b5\u01ad\u0266 \u0271\u03b1\u0e23\u01ad\u03b5\u0ae8|Ice\n|move|p1a: Lopunny|U-turn|p2a: \u0271\u03b5\u01ad\u0266 \u0271\u03b1\u0e23\u01ad\u03b5\u0ae8\n|-damage|p2a: \u0271\u03b5\u01ad\u0266 \u0271\u03b1\u0e23\u01ad\u03b5\u0ae8|80\/100\n|\n|t:|1699735083\n|switch|p1a: Dragapult|Dragapult, F|100\/100|[from] U-turn\n|-damage|p1a: Dragapult|88\/100|[from] Stealth Rock\n|-damage|p1a: Dragapult|76\/100|[from] Spikes\n|move|p2a: \u0271\u03b5\u01ad\u0266 \u0271\u03b1\u0e23\u01ad\u03b5\u0ae8|Thunderbolt|p1a: Dragapult\n|-resisted|p1a: Dragapult\n|-damage|p1a: Dragapult|52\/100\n|\n|-weather|Snow|[upkeep]\n|upkeep\n|turn|22\n|\n|t:|1699735107\n|move|p1a: Dragapult|Dragon Darts|p2a: \u0271\u03b5\u01ad\u0266 \u0271\u03b1\u0e23\u01ad\u03b5\u0ae8\n|-damage|p2a: \u0271\u03b5\u01ad\u0266 \u0271\u03b1\u0e23\u01ad\u03b5\u0ae8|61\/100\n|-anim|p1a: Dragapult|Dragon Darts|p2a: \u0271\u03b5\u01ad\u0266 \u0271\u03b1\u0e23\u01ad\u03b5\u0ae8\n|-damage|p2a: \u0271\u03b5\u01ad\u0266 \u0271\u03b1\u0e23\u01ad\u03b5\u0ae8|42\/100\n|move|p2a: \u0271\u03b5\u01ad\u0266 \u0271\u03b1\u0e23\u01ad\u03b5\u0ae8|Tera Blast|p1a: Dragapult|[anim] Tera Blast Ice\n|-supereffective|p1a: Dragapult\n|-damage|p1a: Dragapult|0 fnt\n|-start|p2a: \u0271\u03b5\u01ad\u0266 \u0271\u03b1\u0e23\u01ad\u03b5\u0ae8|Disable|Tera Blast|[from] ability: Cursed Body|[of] p1a: Dragapult\n|faint|p1a: Dragapult\n|\n|-weather|Snow|[upkeep]\n|upkeep\n|\n|t:|1699735119\n|switch|p1a: Kartana|Kartana|94\/100\n|-damage|p1a: Kartana|88\/100|[from] Stealth Rock\n|-damage|p1a: Kartana|76\/100|[from] Spikes\n|turn|23\n|j| itzZen\n|\n|t:|1699735135\n|move|p1a: Kartana|Sacred Sword|p2a: \u0271\u03b5\u01ad\u0266 \u0271\u03b1\u0e23\u01ad\u03b5\u0ae8\n|-supereffective|p2a: \u0271\u03b5\u01ad\u0266 \u0271\u03b1\u0e23\u01ad\u03b5\u0ae8\n|-damage|p2a: \u0271\u03b5\u01ad\u0266 \u0271\u03b1\u0e23\u01ad\u03b5\u0ae8|0 fnt\n|faint|p2a: \u0271\u03b5\u01ad\u0266 \u0271\u03b1\u0e23\u01ad\u03b5\u0ae8\n|-end|p2a: \u0271\u03b5\u01ad\u0266 \u0271\u03b1\u0e23\u01ad\u03b5\u0ae8|Protosynthesis|[silent]\n|-ability|p1a: Kartana|Beast Boost|boost\n|-boost|p1a: Kartana|atk|1\n|\n|-weather|Snow|[upkeep]\n|upkeep\n|\n|t:|1699735143\n|switch|p2a: s\u1d00\u1d0d \u029c\u028f\u1d05\u1d07|Great Tusk|100\/100\n|-enditem|p2a: s\u1d00\u1d0d \u029c\u028f\u1d05\u1d07|Booster Energy\n|-activate|p2a: s\u1d00\u1d0d \u029c\u028f\u1d05\u1d07|ability: Protosynthesis|[fromitem]\n|-start|p2a: s\u1d00\u1d0d \u029c\u028f\u1d05\u1d07|protosynthesisspe\n|turn|24\n|\n|t:|1699735156\n|move|p2a: s\u1d00\u1d0d \u029c\u028f\u1d05\u1d07|Close Combat|p1a: Kartana\n|-supereffective|p1a: Kartana\n|-damage|p1a: Kartana|0 fnt\n|-unboost|p2a: s\u1d00\u1d0d \u029c\u028f\u1d05\u1d07|def|1\n|-unboost|p2a: s\u1d00\u1d0d \u029c\u028f\u1d05\u1d07|spd|1\n|faint|p1a: Kartana\n|\n|-weather|Snow|[upkeep]\n|upkeep\n|\n|t:|1699735167\n|switch|p1a: Skeledirge|Skeledirge, M|100\/100\n|turn|25\n|\n|t:|1699735179\n|-terastallize|p1a: Skeledirge|Water\n|move|p2a: s\u1d00\u1d0d \u029c\u028f\u1d05\u1d07|Earthquake|p1a: Skeledirge\n|-damage|p1a: Skeledirge|74\/100\n|move|p1a: Skeledirge|Torch Song|p2a: s\u1d00\u1d0d \u029c\u028f\u1d05\u1d07\n|-damage|p2a: s\u1d00\u1d0d \u029c\u028f\u1d05\u1d07|65\/100\n|-boost|p1a: Skeledirge|spa|1\n|\n|-weather|Snow|[upkeep]\n|upkeep\n|turn|26\n|\n|t:|1699735195\n|move|p2a: s\u1d00\u1d0d \u029c\u028f\u1d05\u1d07|Close Combat|p1a: Skeledirge\n|-damage|p1a: Skeledirge|41\/100\n|-unboost|p2a: s\u1d00\u1d0d \u029c\u028f\u1d05\u1d07|def|1\n|-unboost|p2a: s\u1d00\u1d0d \u029c\u028f\u1d05\u1d07|spd|1\n|move|p1a: Skeledirge|Torch Song|p2a: s\u1d00\u1d0d \u029c\u028f\u1d05\u1d07\n|-damage|p2a: s\u1d00\u1d0d \u029c\u028f\u1d05\u1d07|10\/100\n|-boost|p1a: Skeledirge|spa|1\n|\n|-weather|Snow|[upkeep]\n|upkeep\n|turn|27\n|\n|t:|1699735213\n|move|p2a: s\u1d00\u1d0d \u029c\u028f\u1d05\u1d07|Close Combat|p1a: Skeledirge\n|-damage|p1a: Skeledirge|8\/100\n|-unboost|p2a: s\u1d00\u1d0d \u029c\u028f\u1d05\u1d07|def|1\n|-unboost|p2a: s\u1d00\u1d0d \u029c\u028f\u1d05\u1d07|spd|1\n|move|p1a: Skeledirge|Torch Song|p2a: s\u1d00\u1d0d \u029c\u028f\u1d05\u1d07\n|-damage|p2a: s\u1d00\u1d0d \u029c\u028f\u1d05\u1d07|0 fnt\n|-boost|p1a: Skeledirge|spa|1\n|faint|p2a: s\u1d00\u1d0d \u029c\u028f\u1d05\u1d07\n|-end|p2a: s\u1d00\u1d0d \u029c\u028f\u1d05\u1d07|Protosynthesis|[silent]\n|\n|win|Ibitak\n|c|\u2606SKELETON-SKS|gg man\n|c|\u2606Ibitak|gg\n|l| itzZen\n|l|\u2606Ibitak\n|l| xdd-Rayleigh\n|j| superoinge22\n","uploadtime":1699735232,"views":29,"p1id":"ibitak","p2id":"skeletonsks","formatid":"gen9nationaldexubers","rating":0,"private":0,"password":""}