{"id":"gen9nationaldexubers-1982178644","p1":"Foopus Muhammad","p2":"not tick","format":"[Gen 9] National Dex Ubers","log":"|j|\u2606Foopus Muhammad\n|j|\u2606not tick\n|t:|1698976066\n|gametype|singles\n|player|p1|Foopus Muhammad|worker-gen4|\n|player|p2|not tick|169|\n|teamsize|p1|1\n|teamsize|p2|1\n|gen|9\n|tier|[Gen 9] National Dex Ubers\n|rule|HP Percentage Mod: HP is shown in percentages\n|rule|Endless Battle Clause: Forcing endless battles is banned\n|rule|OHKO Clause: OHKO moves are banned\n|rule|Evasion Moves Clause: Evasion moves are banned\n|rule|Evasion Items Clause: Evasion items are banned\n|rule|Species Clause: Limit one of each Pok\u00e9mon\n|rule|Sleep Clause Mod: Limit one foe put to sleep\n|rule|Mega Rayquaza Clause: You cannot mega evolve Rayquaza\n|clearpoke\n|poke|p1|Zygarde-10%|\n|poke|p2|Zygarde|\n|teampreview\n|\n|t:|1698976069\n|start\n|switch|p1a: Zygarde|Zygarde-10%|100\/100\n|switch|p2a: Zygarde|Zygarde|100\/100\n|turn|1\n|\n|t:|1698976073\n|move|p1a: Zygarde|Substitute|p1a: Zygarde\n|-start|p1a: Zygarde|Substitute\n|-damage|p1a: Zygarde|76\/100\n|move|p2a: Zygarde|Substitute|p2a: Zygarde\n|-start|p2a: Zygarde|Substitute\n|-damage|p2a: Zygarde|76\/100\n|\n|upkeep\n|turn|2\n|\n|t:|1698976079\n|move|p1a: Zygarde|Dragon Pulse|p2a: Zygarde\n|-supereffective|p2a: Zygarde\n|-end|p2a: Zygarde|Substitute\n|move|p2a: Zygarde|Core Enforcer|p1a: Zygarde\n|-supereffective|p1a: Zygarde\n|-end|p1a: Zygarde|Substitute\n|\n|upkeep\n|turn|3\n|\n|t:|1698976088\n|move|p1a: Zygarde|Substitute|p1a: Zygarde\n|-start|p1a: Zygarde|Substitute\n|-damage|p1a: Zygarde|51\/100\n|move|p2a: Zygarde|Substitute|p2a: Zygarde\n|-start|p2a: Zygarde|Substitute\n|-damage|p2a: Zygarde|51\/100\n|\n|upkeep\n|turn|4\n|\n|t:|1698976091\n|move|p1a: Zygarde|Dragon Pulse|p2a: Zygarde\n|-supereffective|p2a: Zygarde\n|-end|p2a: Zygarde|Substitute\n|move|p2a: Zygarde|Core Enforcer|p1a: Zygarde\n|-supereffective|p1a: Zygarde\n|-end|p1a: Zygarde|Substitute\n|\n|upkeep\n|turn|5\n|\n|t:|1698976098\n|move|p1a: Zygarde|Substitute|p1a: Zygarde\n|-start|p1a: Zygarde|Substitute\n|-damage|p1a: Zygarde|26\/100\n|move|p2a: Zygarde|Substitute|p2a: Zygarde\n|-start|p2a: Zygarde|Substitute\n|-damage|p2a: Zygarde|26\/100\n|\n|-activate|p1a: Zygarde|ability: Power Construct\n|detailschange|p1a: Zygarde|Zygarde-Complete\n|-heal|p1a: Zygarde|68\/100|[silent]\n|-activate|p2a: Zygarde|ability: Power Construct\n|detailschange|p2a: Zygarde|Zygarde-Complete\n|-heal|p2a: Zygarde|54\/100|[silent]\n|upkeep\n|turn|6\n|-message|Foopus Muhammad forfeited.\n|\n|win|not tick\n|l|\u2606Foopus Muhammad\n|j|\u2606Foopus Muhammad\n|player|p1|Foopus Muhammad|worker-gen4\n","uploadtime":1698976133,"views":11,"p1id":"foopusmuhammad","p2id":"nottick","formatid":"gen9nationaldexubers","rating":0,"private":0,"password":""}