{"id":"gen9nationaldexubers-1990182151","p1":"DiosPanzer","p2":"NeviLow","format":"[Gen 9] National Dex Ubers","log":"|j|\u2606DiosPanzer\n|j|\u2606NeviLow\n|t:|1699933942\n|gametype|singles\n|player|p1|DiosPanzer|265|\n|player|p2|NeviLow|veteran|\n|teamsize|p1|6\n|teamsize|p2|6\n|gen|9\n|tier|[Gen 9] National Dex Ubers\n|rule|HP Percentage Mod: HP is shown in percentages\n|rule|Endless Battle Clause: Forcing endless battles is banned\n|rule|OHKO Clause: OHKO moves are banned\n|rule|Evasion Moves Clause: Evasion moves are banned\n|rule|Evasion Items Clause: Evasion items are banned\n|rule|Species Clause: Limit one of each Pok\u00e9mon\n|rule|Sleep Clause Mod: Limit one foe put to sleep\n|rule|Mega Rayquaza Clause: You cannot mega evolve Rayquaza\n|clearpoke\n|poke|p1|Kingambit, F|\n|poke|p1|Excadrill, F|\n|poke|p1|Scizor, M|\n|poke|p1|Bronzong|\n|poke|p1|Heatran, M|\n|poke|p1|Lucario, M|\n|poke|p2|Tyranitar, F|\n|poke|p2|Hippowdon, M|\n|poke|p2|Ferrothorn, F|\n|poke|p2|Excadrill, M|\n|poke|p2|Houndstone, F|\n|poke|p2|Lycanroc-Dusk, M|\n|teampreview\n|c|\u2606DiosPanzer|My honest erection\n|\n|t:|1699933957\n|start\n|switch|p1a: Bronzong|Bronzong|100\/100\n|switch|p2a: Hippowdon|Hippowdon, M|100\/100\n|-weather|Sandstorm|[from] ability: Sand Stream|[of] p2a: Hippowdon\n|turn|1\n|\n|t:|1699933967\n|move|p2a: Hippowdon|Fire Fang|p1a: Bronzong\n|-supereffective|p1a: Bronzong\n|-damage|p1a: Bronzong|70\/100\n|move|p1a: Bronzong|Stealth Rock|p2a: Hippowdon\n|-sidestart|p2: NeviLow|move: Stealth Rock\n|\n|-weather|Sandstorm|[upkeep]\n|-heal|p1a: Bronzong|76\/100|[from] item: Leftovers\n|upkeep\n|turn|2\n|c|\u2606DiosPanzer|Waos\n|\n|t:|1699933981\n|move|p2a: Hippowdon|Fire Fang|p1a: Bronzong\n|-supereffective|p1a: Bronzong\n|-damage|p1a: Bronzong|43\/100\n|cant|p1a: Bronzong|flinch\n|\n|-weather|Sandstorm|[upkeep]\n|-heal|p1a: Bronzong|49\/100|[from] item: Leftovers\n|upkeep\n|turn|3\n|\n|t:|1699933990\n|switch|p1a: Heatran|Heatran, M, shiny|100\/100\n|move|p2a: Hippowdon|Fire Fang|p1a: Heatran\n|-start|p1a: Heatran|ability: Flash Fire\n|\n|-weather|Sandstorm|[upkeep]\n|upkeep\n|turn|4\n|\n|t:|1699934014\n|-terastallize|p1a: Heatran|Grass\n|move|p1a: Heatran|Magma Storm|p2a: Hippowdon\n|-damage|p2a: Hippowdon|42\/100\n|-activate|p2a: Hippowdon|move: Magma Storm|[of] p1a: Heatran\n|move|p2a: Hippowdon|Earthquake|p1a: Heatran\n|-resisted|p1a: Heatran\n|-damage|p1a: Heatran|82\/100\n|\n|-weather|Sandstorm|[upkeep]\n|-damage|p1a: Heatran|76\/100|[from] Sandstorm\n|-heal|p1a: Heatran|82\/100|[from] item: Leftovers\n|-heal|p2a: Hippowdon|48\/100|[from] item: Leftovers\n|-damage|p2a: Hippowdon|35\/100|[from] move: Magma Storm|[partiallytrapped]\n|upkeep\n|turn|5\n|c|\u2606DiosPanzer|Pero no le di importancia\n|j| alcatel999\n|\n|t:|1699934040\n|move|p1a: Heatran|Magma Storm|p2a: Hippowdon|[miss]\n|-miss|p1a: Heatran|p2a: Hippowdon\n|move|p2a: Hippowdon|Facade|p1a: Heatran\n|-damage|p1a: Heatran|66\/100\n|\n|-weather|none\n|-heal|p1a: Heatran|73\/100|[from] item: Leftovers\n|-heal|p2a: Hippowdon|42\/100|[from] item: Leftovers\n|-damage|p2a: Hippowdon|29\/100|[from] move: Magma Storm|[partiallytrapped]\n|upkeep\n|turn|6\n|c|\u2606DiosPanzer|Waos\n|c| alcatel999|waos\n|c| alcatel999|literalmente pense lo mismo\n|\n|t:|1699934064\n|move|p1a: Heatran|Magma Storm|p2a: Hippowdon\n|-damage|p2a: Hippowdon|0 fnt\n|faint|p2a: Hippowdon\n|\n|-heal|p1a: Heatran|79\/100|[from] item: Leftovers\n|upkeep\n|c|\u2606DiosPanzer|My honest erection\n|c|\u2606DiosPanzer|Nada de sand rush ni que mamada\n|\n|t:|1699934077\n|switch|p2a: Ferrothorn|Ferrothorn, F|100\/100\n|-damage|p2a: Ferrothorn|95\/100|[from] Stealth Rock\n|turn|7\n|c| alcatel999|waos\n|c|\u2606DiosPanzer|My honest erection (otra vez)\n|\n|t:|1699934091\n|-terastallize|p2a: Ferrothorn|Water\n|move|p1a: Heatran|Magma Storm|p2a: Ferrothorn\n|-resisted|p2a: Ferrothorn\n|-damage|p2a: Ferrothorn|70\/100\n|-activate|p2a: Ferrothorn|move: Magma Storm|[of] p1a: Heatran\n|move|p2a: Ferrothorn|Thunder Wave|p1a: Heatran\n|-status|p1a: Heatran|par\n|\n|-heal|p1a: Heatran|85\/100 par|[from] item: Leftovers\n|-damage|p2a: Ferrothorn|58\/100|[from] move: Magma Storm|[partiallytrapped]\n|upkeep\n|turn|8\n|c|\u2606DiosPanzer|(falla)\n|\n|t:|1699934108\n|cant|p1a: Heatran|par\n|move|p2a: Ferrothorn|Giga Drain|p1a: Heatran\n|-resisted|p1a: Heatran\n|-damage|p1a: Heatran|80\/100 par\n|-heal|p2a: Ferrothorn|61\/100|[from] drain|[of] p1a: Heatran\n|\n|-heal|p1a: Heatran|86\/100 par|[from] item: Leftovers\n|-damage|p2a: Ferrothorn|48\/100|[from] move: Magma Storm|[partiallytrapped]\n|upkeep\n|turn|9\n|\n|t:|1699934118\n|move|p1a: Heatran|Earth Power|p2a: Ferrothorn\n|-damage|p2a: Ferrothorn|28\/100\n|move|p2a: Ferrothorn|Giga Drain|p1a: Heatran\n|-resisted|p1a: Heatran\n|-damage|p1a: Heatran|81\/100 par\n|-heal|p2a: Ferrothorn|30\/100|[from] drain|[of] p1a: Heatran\n|\n|-heal|p1a: Heatran|88\/100 par|[from] item: Leftovers\n|-damage|p2a: Ferrothorn|18\/100|[from] move: Magma Storm|[partiallytrapped]\n|upkeep\n|turn|10\n|\n|t:|1699934130\n|move|p1a: Heatran|Earth Power|p2a: Ferrothorn\n|-damage|p2a: Ferrothorn|0 fnt\n|faint|p2a: Ferrothorn\n|\n|-heal|p1a: Heatran|94\/100 par|[from] item: Leftovers\n|upkeep\n|c|\u2606DiosPanzer|Heatran GOD\n|\n|t:|1699934138\n|switch|p2a: Tyranitar|Tyranitar, F|100\/100\n|-damage|p2a: Tyranitar|88\/100|[from] Stealth Rock\n|-weather|Sandstorm|[from] ability: Sand Stream|[of] p2a: Tyranitar\n|turn|11\n|c|\u2606DiosPanzer|Ya van 2\n|c|\u2606DiosPanzer|Waos\n|c|\u2606DiosPanzer|Sand rush (otra vez)\n|\n|t:|1699934158\n|switch|p2a: Lycanroc|Lycanroc-Dusk, M|100\/100\n|-damage|p2a: Lycanroc|88\/100|[from] Stealth Rock\n|move|p1a: Heatran|Magma Storm|p2a: Lycanroc\n|-resisted|p2a: Lycanroc\n|-damage|p2a: Lycanroc|55\/100\n|-activate|p2a: Lycanroc|move: Magma Storm|[of] p1a: Heatran\n|\n|-weather|Sandstorm|[upkeep]\n|-damage|p1a: Heatran|88\/100 par|[from] Sandstorm\n|-heal|p1a: Heatran|94\/100 par|[from] item: Leftovers\n|-damage|p2a: Lycanroc|43\/100|[from] move: Magma Storm|[partiallytrapped]\n|upkeep\n|turn|12\n|c|\u2606DiosPanzer|No cambios perra\n|\n|t:|1699934173\n|move|p2a: Lycanroc|Fire Fang|p1a: Heatran\n|-immune|p1a: Heatran|[from] ability: Flash Fire\n|move|p1a: Heatran|Earth Power|p2a: Lycanroc\n|-supereffective|p2a: Lycanroc\n|-damage|p2a: Lycanroc|0 fnt\n|faint|p2a: Lycanroc\n|\n|-weather|Sandstorm|[upkeep]\n|-damage|p1a: Heatran|88\/100 par|[from] Sandstorm\n|-heal|p1a: Heatran|94\/100 par|[from] item: Leftovers\n|upkeep\n|c|\u2606DiosPanzer|XD\n|c|\u2606DiosPanzer|Yo cuando heatran\n|\n|t:|1699934186\n|switch|p2a: Excadrill|Excadrill, M|100\/100\n|-damage|p2a: Excadrill|97\/100|[from] Stealth Rock\n|turn|13\n|\n|t:|1699934196\n|move|p2a: Excadrill|Poison Jab|p1a: Heatran\n|-supereffective|p1a: Heatran\n|-damage|p1a: Heatran|21\/100 par\n|cant|p1a: Heatran|par\n|\n|-weather|Sandstorm|[upkeep]\n|-damage|p1a: Heatran|15\/100 par|[from] Sandstorm\n|-heal|p1a: Heatran|21\/100 par|[from] item: Leftovers\n|upkeep\n|turn|14\n|c|\u2606DiosPanzer|pipippipipi\n|\n|t:|1699934217\n|-end|p1a: Heatran|ability: Flash Fire|[silent]\n|switch|p1a: Bronzong|Bronzong|49\/100\n|move|p2a: Excadrill|Poison Jab|p1a: Bronzong\n|-immune|p1a: Bronzong\n|\n|-weather|Sandstorm|[upkeep]\n|-heal|p1a: Bronzong|55\/100|[from] item: Leftovers\n|upkeep\n|turn|15\n|\n|t:|1699934232\n|switch|p2a: Tyranitar|Tyranitar, F|88\/100\n|-damage|p2a: Tyranitar|76\/100|[from] Stealth Rock\n|move|p1a: Bronzong|Body Press|p2a: Tyranitar\n|-supereffective|p2a: Tyranitar\n|-damage|p2a: Tyranitar|21\/100\n|\n|-weather|none\n|-heal|p1a: Bronzong|61\/100|[from] item: Leftovers\n|upkeep\n|turn|16\n|c|\u2606DiosPanzer|My inmune reaction\n|c| alcatel999|Nevi tu usas esto para lideres no mas o es tu team de nation dex\n|\n|t:|1699934243\n|detailschange|p2a: Tyranitar|Tyranitar-Mega, F\n|-mega|p2a: Tyranitar|Tyranitar|Tyranitarite\n|-weather|Sandstorm|[from] ability: Sand Stream|[of] p2a: Tyranitar\n|move|p2a: Tyranitar|Crunch|p1a: Bronzong\n|-supereffective|p1a: Bronzong\n|-damage|p1a: Bronzong|0 fnt\n|faint|p1a: Bronzong\n|\n|-weather|Sandstorm|[upkeep]\n|upkeep\n|c|\u2606DiosPanzer|Waos\n|\n|t:|1699934261\n|switch|p1a: Scizor|Scizor, M|100\/100\n|turn|17\n|c| alcatel999|a claro es de cel\n|c| alcatel999|no ve los mensajes\n|c| alcatel999|xd\n|\n|t:|1699934271\n|detailschange|p1a: Scizor|Scizor-Mega, M\n|-mega|p1a: Scizor|Scizor|Scizorite\n|move|p1a: Scizor|Bullet Punch|p2a: Tyranitar\n|-supereffective|p2a: Tyranitar\n|-damage|p2a: Tyranitar|0 fnt\n|faint|p2a: Tyranitar\n|\n|-weather|Sandstorm|[upkeep]\n|upkeep\n|c|\u2606DiosPanzer|Me pregunto si tiene colmillo fuego\n|c|\u2606DiosPanzer|Supongo que nunca lo voy a averiguar\n|\n|t:|1699934288\n|switch|p2a: Excadrill|Excadrill, M|97\/100\n|-damage|p2a: Excadrill|94\/100|[from] Stealth Rock\n|turn|18\n|c|\u2606DiosPanzer|My honest scizor close combat reaction\n|\n|t:|1699934298\n|move|p2a: Excadrill|Earthquake|p1a: Scizor\n|-crit|p1a: Scizor\n|-damage|p1a: Scizor|3\/100\n|move|p1a: Scizor|Knock Off|p2a: Excadrill\n|-damage|p2a: Excadrill|33\/100\n|-enditem|p2a: Excadrill|Choice Band|[from] move: Knock Off|[of] p1a: Scizor\n|\n|-weather|Sandstorm|[upkeep]\n|upkeep\n|turn|19\n|c|\u2606DiosPanzer|A la madre\n|\n|t:|1699934309\n|move|p1a: Scizor|Bullet Punch|p2a: Excadrill\n|-resisted|p2a: Excadrill\n|-damage|p2a: Excadrill|5\/100\n|move|p2a: Excadrill|Earthquake|p1a: Scizor\n|-damage|p1a: Scizor|0 fnt\n|faint|p1a: Scizor\n|\n|-weather|Sandstorm|[upkeep]\n|upkeep\n|\n|t:|1699934323\n|switch|p1a: Kingambit|Kingambit, F|100\/100\n|-activate|p1a: Kingambit|ability: Supreme Overlord\n|-start|p1a: Kingambit|fallen2|[silent]\n|turn|20\n|\n|t:|1699934328\n|move|p1a: Kingambit|Sucker Punch|p2a: Excadrill\n|-damage|p2a: Excadrill|0 fnt\n|faint|p2a: Excadrill\n|\n|-weather|none\n|upkeep\n|\n|t:|1699934334\n|switch|p2a: Houndstone|Houndstone, F|100\/100\n|-damage|p2a: Houndstone|88\/100|[from] Stealth Rock\n|turn|21\n|c|\u2606DiosPanzer|My chadgambit reaction\n|\n|t:|1699934343\n|move|p2a: Houndstone|Fire Fang|p1a: Kingambit\n|-supereffective|p1a: Kingambit\n|-damage|p1a: Kingambit|72\/100\n|move|p1a: Kingambit|Kowtow Cleave|p2a: Houndstone\n|-supereffective|p2a: Houndstone\n|-damage|p2a: Houndstone|0 fnt\n|faint|p2a: Houndstone\n|\n|win|DiosPanzer\n|c|\u2606DiosPanzer|A ponerle knock off\n|l|\u2606DiosPanzer\n|l| alcatel999\n|j|\u2606DiosPanzer\n|player|p1|DiosPanzer|265\n","uploadtime":1699934379,"views":7,"p1id":"diospanzer","p2id":"nevilow","formatid":"gen9nationaldexubers","rating":0,"private":0,"password":""}