{"id":"gen9nationaldexubers-1994908567","p1":"Razorgliscor472","p2":"AlolanSandslashOU","format":"[Gen 9] National Dex Ubers","log":"|j|\u2606Razorgliscor472\n|j|\u2606AlolanSandslashOU\n|t:|1700503721\n|gametype|singles\n|player|p1|Razorgliscor472|102|\n|player|p2|AlolanSandslashOU|volkner|\n|teamsize|p1|6\n|teamsize|p2|6\n|gen|9\n|tier|[Gen 9] National Dex Ubers\n|rule|HP Percentage Mod: HP is shown in percentages\n|rule|Endless Battle Clause: Forcing endless battles is banned\n|rule|OHKO Clause: OHKO moves are banned\n|rule|Evasion Moves Clause: Evasion moves are banned\n|rule|Evasion Items Clause: Evasion items are banned\n|rule|Species Clause: Limit one of each Pok\u00e9mon\n|rule|Sleep Clause Mod: Limit one foe put to sleep\n|rule|Mega Rayquaza Clause: You cannot mega evolve Rayquaza\n|clearpoke\n|poke|p1|Gholdengo|\n|poke|p1|Tapu Lele|\n|poke|p1|Urshifu-*, M|\n|poke|p1|Garchomp, M|\n|poke|p1|Rotom-Wash|\n|poke|p1|Tornadus-Therian, M|\n|poke|p2|Chien-Pao|\n|poke|p2|Ting-Lu|\n|poke|p2|Greninja-*, M|\n|poke|p2|Weavile, M|\n|poke|p2|Urshifu-*, F|\n|poke|p2|Annihilape, M|\n|teampreview\n|c|\u2606AlolanSandslashOU|I can see everything\n|c|\u2606AlolanSandslashOU|so clearly\n|c|\u2606Razorgliscor472|Glhf\n|c|\u2606AlolanSandslashOU|You as well\n|c|\u2606AlolanSandslashOU|and don\u2019t get consumed by the darkness\n|\n|t:|1700503775\n|start\n|switch|p1a: Tapu Lele|Tapu Lele|100\/100\n|switch|p2a: Weavile|Weavile, M|100\/100\n|-fieldstart|move: Psychic Terrain|[from] ability: Psychic Surge|[of] p1a: Tapu Lele\n|-ability|p2a: Weavile|Pressure\n|turn|1\n|\n|t:|1700503791\n|-terastallize|p1a: Tapu Lele|Fairy\n|move|p1a: Tapu Lele|Moonblast|p2a: Weavile\n|-supereffective|p2a: Weavile\n|-enditem|p2a: Weavile|Focus Sash\n|-damage|p2a: Weavile|1\/100\n|-unboost|p2a: Weavile|spa|1\n|move|p2a: Weavile|Knock Off|p1a: Tapu Lele\n|-resisted|p1a: Tapu Lele\n|-damage|p1a: Tapu Lele|62\/100\n|-enditem|p1a: Tapu Lele|Choice Scarf|[from] move: Knock Off|[of] p2a: Weavile\n|\n|upkeep\n|turn|2\n|\n|t:|1700503803\n|switch|p1a: Rotom|Rotom-Wash|100\/100\n|move|p2a: Weavile|Triple Axel|p1a: Rotom\n|-resisted|p1a: Rotom\n|-damage|p1a: Rotom|97\/100\n|-resisted|p1a: Rotom\n|-damage|p1a: Rotom|88\/100\n|-resisted|p1a: Rotom\n|-damage|p1a: Rotom|76\/100\n|-hitcount|p1a: Rotom|3\n|\n|-heal|p1a: Rotom|82\/100|[from] item: Leftovers\n|upkeep\n|turn|3\n|\n|t:|1700503805\n|move|p2a: Weavile|Knock Off|p1a: Rotom\n|-damage|p1a: Rotom|46\/100\n|-enditem|p1a: Rotom|Leftovers|[from] move: Knock Off|[of] p2a: Weavile\n|move|p1a: Rotom|Volt Switch|p2a: Weavile\n|-damage|p2a: Weavile|0 fnt\n|faint|p2a: Weavile\n|c|\u2606Razorgliscor472|Another sash lead weav\n|c|\u2606Razorgliscor472|Wtg\n|c|\u2606Razorgliscor472|Wth*\n|\n|t:|1700503830\n|switch|p1a: Urshifu|Urshifu, M|100\/100|[from] Volt Switch\n|\n|upkeep\n|c|\u2606AlolanSandslashOU|it was the only one that could stand up to scarf lele\n|\n|t:|1700503843\n|switch|p2a: Annihilape|Annihilape, M|100\/100\n|turn|4\n|\n|t:|1700503851\n|switch|p1a: Tapu Lele|Tapu Lele, tera:Fairy|62\/100\n|move|p2a: Annihilape|Bulk Up|p2a: Annihilape\n|-boost|p2a: Annihilape|atk|1\n|-boost|p2a: Annihilape|def|1\n|\n|upkeep\n|turn|5\n|\n|t:|1700503856\n|switch|p2a: Ting-Lu|Ting-Lu|100\/100\n|-ability|p2a: Ting-Lu|Vessel of Ruin\n|move|p1a: Tapu Lele|Moonblast|p2a: Ting-Lu\n|-supereffective|p2a: Ting-Lu\n|-damage|p2a: Ting-Lu|45\/100\n|\n|-heal|p2a: Ting-Lu|51\/100|[from] item: Leftovers\n|-fieldend|move: Psychic Terrain\n|upkeep\n|turn|6\n|\n|t:|1700503862\n|move|p1a: Tapu Lele|Moonblast|p2a: Ting-Lu\n|-supereffective|p2a: Ting-Lu\n|-damage|p2a: Ting-Lu|0 fnt\n|faint|p2a: Ting-Lu\n|\n|upkeep\n|\n|t:|1700503865\n|switch|p2a: Greninja|Greninja, M|100\/100\n|turn|7\n|\n|t:|1700503875\n|switch|p1a: Garchomp|Garchomp, M|100\/100\n|move|p2a: Greninja|Surf|p1a: Garchomp\n|-start|p2a: Greninja|typechange|Water|[from] ability: Protean\n|-damage|p1a: Garchomp|43\/100\n|\n|upkeep\n|turn|8\n|\n|t:|1700503886\n|move|p2a: Greninja|Surf|p1a: Garchomp\n|-damage|p1a: Garchomp|0 fnt\n|faint|p1a: Garchomp\n|\n|upkeep\n|\n|t:|1700503891\n|switch|p1a: Urshifu|Urshifu, M|100\/100\n|turn|9\n|\n|t:|1700503899\n|move|p2a: Greninja|Surf|p1a: Urshifu\n|-damage|p1a: Urshifu|7\/100\n|move|p1a: Urshifu|Wicked Blow|p2a: Greninja\n|-crit|p2a: Greninja\n|-damage|p2a: Greninja|0 fnt\n|faint|p2a: Greninja\n|\n|upkeep\n|\n|t:|1700503905\n|switch|p2a: Chien-Pao|Chien-Pao|100\/100\n|-ability|p2a: Chien-Pao|Sword of Ruin\n|turn|10\n|\n|t:|1700503910\n|move|p2a: Chien-Pao|Ice Spinner|p1a: Urshifu\n|-damage|p1a: Urshifu|0 fnt\n|faint|p1a: Urshifu\n|\n|upkeep\n|\n|t:|1700503915\n|switch|p1a: Tapu Lele|Tapu Lele, tera:Fairy|62\/100\n|-fieldstart|move: Psychic Terrain|[from] ability: Psychic Surge|[of] p1a: Tapu Lele\n|turn|11\n|\n|t:|1700503924\n|switch|p1a: Gholdengo|Gholdengo|100\/100\n|-terastallize|p2a: Chien-Pao|Poison\n|move|p2a: Chien-Pao|Ice Spinner|p1a: Gholdengo\n|-resisted|p1a: Gholdengo\n|-damage|p1a: Gholdengo|56\/100\n|-fieldend|move: Psychic Terrain\n|\n|upkeep\n|turn|12\n|c|\u2606AlolanSandslashOU|Yeah\n|c|\u2606AlolanSandslashOU|thats fair\n|\n|t:|1700503944\n|switch|p2a: Urshifu|Urshifu, F|100\/100\n|move|p1a: Gholdengo|Make It Rain|p2a: Urshifu\n|-damage|p2a: Urshifu|4\/100\n|-unboost|p1a: Gholdengo|spa|1\n|\n|upkeep\n|turn|13\n|\n|t:|1700503951\n|switch|p1a: Tornadus|Tornadus-Therian, M|100\/100\n|move|p2a: Urshifu|Wicked Blow|p1a: Tornadus\n|-crit|p1a: Tornadus\n|-damage|p1a: Tornadus|12\/100\n|\n|upkeep\n|turn|14\n|\n|t:|1700503957\n|move|p1a: Tornadus|U-turn|p2a: Urshifu\n|-damage|p2a: Urshifu|0 fnt\n|faint|p2a: Urshifu\n|\n|t:|1700503960\n|switch|p1a: Gholdengo|Gholdengo|56\/100|[from] U-turn\n|\n|upkeep\n|\n|t:|1700503962\n|switch|p2a: Annihilape|Annihilape, M|100\/100\n|turn|15\n|\n|t:|1700503967\n|switch|p1a: Tornadus|Tornadus-Therian, M|45\/100\n|move|p2a: Annihilape|Rage Fist|p1a: Tornadus\n|-damage|p1a: Tornadus|24\/100\n|\n|upkeep\n|turn|16\n|\n|t:|1700503971\n|move|p1a: Tornadus|Hurricane|p2a: Annihilape\n|-supereffective|p2a: Annihilape\n|-damage|p2a: Annihilape|53\/100\n|move|p2a: Annihilape|Rage Fist|p1a: Tornadus\n|-damage|p1a: Tornadus|0 fnt\n|faint|p1a: Tornadus\n|\n|-heal|p2a: Annihilape|59\/100|[from] item: Leftovers\n|upkeep\n|\n|t:|1700503977\n|switch|p1a: Tapu Lele|Tapu Lele, tera:Fairy|62\/100\n|-fieldstart|move: Psychic Terrain|[from] ability: Psychic Surge|[of] p1a: Tapu Lele\n|turn|17\n|\n|t:|1700503987\n|move|p1a: Tapu Lele|Psychic|p2a: Annihilape\n|-supereffective|p2a: Annihilape\n|-damage|p2a: Annihilape|0 fnt\n|faint|p2a: Annihilape\n|\n|upkeep\n|\n|t:|1700503989\n|switch|p2a: Chien-Pao|Chien-Pao, tera:Poison|100\/100\n|-ability|p2a: Chien-Pao|Sword of Ruin\n|turn|18\n|\n|t:|1700503994\n|move|p2a: Chien-Pao|Ice Spinner|p1a: Tapu Lele\n|-damage|p1a: Tapu Lele|0 fnt\n|-fieldend|move: Psychic Terrain\n|faint|p1a: Tapu Lele\n|\n|upkeep\n|\n|t:|1700503997\n|switch|p1a: Gholdengo|Gholdengo|56\/100\n|turn|19\n|\n|t:|1700504001\n|move|p1a: Gholdengo|Make It Rain|p2a: Chien-Pao\n|-damage|p2a: Chien-Pao|0 fnt\n|-unboost|p1a: Gholdengo|spa|1\n|faint|p2a: Chien-Pao\n|\n|win|Razorgliscor472\n|c|\u2606Razorgliscor472|Gg\n|c|\u2606AlolanSandslashOU|Scarf dengo\n|c|\u2606AlolanSandslashOU|gg\n","uploadtime":1700504020,"views":3,"p1id":"razorgliscor472","p2id":"alolansandslashou","formatid":"gen9nationaldexubers","rating":0,"private":0,"password":""}