{"id":"gen9nationaldexubers-1980869126","p1":"Ginesect","p2":"Aroma Nobody","format":"[Gen 9] National Dex Ubers","log":"|j|\u2606Ginesect\n|j|\u2606Aroma Nobody\n|t:|1698844258\n|gametype|singles\n|player|p1|Ginesect|artist-gen4|\n|player|p2|Aroma Nobody|turo-ai|\n|teamsize|p1|6\n|teamsize|p2|6\n|gen|9\n|tier|[Gen 9] National Dex Ubers\n|rule|HP Percentage Mod: HP is shown in percentages\n|rule|Endless Battle Clause: Forcing endless battles is banned\n|rule|OHKO Clause: OHKO moves are banned\n|rule|Evasion Moves Clause: Evasion moves are banned\n|rule|Evasion Items Clause: Evasion items are banned\n|rule|Species Clause: Limit one of each Pok\u00e9mon\n|rule|Sleep Clause Mod: Limit one foe put to sleep\n|rule|Mega Rayquaza Clause: You cannot mega evolve Rayquaza\n|clearpoke\n|poke|p1|Chien-Pao|\n|poke|p1|Mandibuzz, F|\n|poke|p1|Mawile, F|\n|poke|p1|Grimmsnarl, M|\n|poke|p1|Greninja-*, M|\n|poke|p1|Ting-Lu|\n|poke|p2|Blacephalon|\n|poke|p2|Celesteela|\n|poke|p2|Buzzwole|\n|poke|p2|Nihilego|\n|poke|p2|Xurkitree|\n|poke|p2|Kartana|\n|teampreview\n|c|\u2606Aroma Nobody|Glhd\n|\n|t:|1698844275\n|start\n|switch|p1a: Ting-Lu|Ting-Lu|100\/100\n|switch|p2a: Buzzwole|Buzzwole|100\/100\n|-ability|p1a: Ting-Lu|Vessel of Ruin\n|turn|1\n|c|\u2606Aroma Nobody|Buzzwole gaming\n|\n|t:|1698844289\n|move|p2a: Buzzwole|Close Combat|p1a: Ting-Lu\n|-supereffective|p1a: Ting-Lu\n|-damage|p1a: Ting-Lu|1\/100\n|-unboost|p2a: Buzzwole|def|1\n|-unboost|p2a: Buzzwole|spd|1\n|move|p1a: Ting-Lu|Stealth Rock|p2a: Buzzwole\n|-sidestart|p2: Aroma Nobody|move: Stealth Rock\n|\n|-heal|p1a: Ting-Lu|7\/100|[from] item: Leftovers\n|upkeep\n|turn|2\n|c|\u2606Aroma Nobody|Oh come on\n|c|\u2606Ginesect|I forgot it's banned\n|c|\u2606Ginesect|Banded*\n|c|\u2606Aroma Nobody|1 hp D:\n|\n|t:|1698844315\n|move|p2a: Buzzwole|Close Combat|p1a: Ting-Lu\n|-supereffective|p1a: Ting-Lu\n|-damage|p1a: Ting-Lu|0 fnt\n|-unboost|p2a: Buzzwole|def|1\n|-unboost|p2a: Buzzwole|spd|1\n|faint|p1a: Ting-Lu\n|-ability|p2a: Buzzwole|Beast Boost|boost\n|-boost|p2a: Buzzwole|atk|1\n|\n|upkeep\n|\n|t:|1698844323\n|switch|p1a: Greninja|Greninja, M|100\/100\n|turn|3\n|\n|t:|1698844327\n|switch|p2a: Celesteela|Celesteela|100\/100\n|-damage|p2a: Celesteela|88\/100|[from] Stealth Rock\n|move|p1a: Greninja|Hydro Pump|p2a: Celesteela|[miss]\n|-miss|p1a: Greninja|p2a: Celesteela\n|\n|-heal|p2a: Celesteela|94\/100|[from] item: Leftovers\n|upkeep\n|turn|4\n|\n|t:|1698844335\n|switch|p1a: Mawile|Mawile, F|100\/100\n|-ability|p1a: Mawile|Intimidate|boost\n|-unboost|p2a: Celesteela|atk|1\n|move|p2a: Celesteela|Leech Seed|p1a: Mawile\n|-start|p1a: Mawile|move: Leech Seed\n|\n|-heal|p2a: Celesteela|99\/100|[from] item: Leftovers\n|-damage|p1a: Mawile|88\/100|[from] Leech Seed|[of] p2a: Celesteela\n|-heal|p2a: Celesteela|100\/100|[silent]\n|upkeep\n|turn|5\n|\n|t:|1698844359\n|detailschange|p1a: Mawile|Mawile-Mega, F\n|-mega|p1a: Mawile|Mawile|Mawilite\n|move|p2a: Celesteela|Flamethrower|p1a: Mawile\n|-supereffective|p1a: Mawile\n|-damage|p1a: Mawile|24\/100\n|move|p1a: Mawile|Swords Dance|p1a: Mawile\n|-boost|p1a: Mawile|atk|2\n|\n|-damage|p1a: Mawile|12\/100|[from] Leech Seed|[of] p2a: Celesteela\n|upkeep\n|turn|6\n|c|\u2606Ginesect|I lost\n|c|\u2606Ginesect|gg\n|\n|t:|1698844376\n|move|p2a: Celesteela|Protect|p2a: Celesteela\n|-singleturn|p2a: Celesteela|Protect\n|move|p1a: Mawile|Sucker Punch||[still]\n|-fail|p1a: Mawile\n|\n|-damage|p1a: Mawile|0 fnt|[from] Leech Seed|[of] p2a: Celesteela\n|faint|p1a: Mawile\n|upkeep\n|c|\u2606Ginesect|Messed up\n|c|\u2606Ginesect|Really bad\n|\n|t:|1698844393\n|switch|p1a: Grimmsnarl|Grimmsnarl, M|100\/100\n|turn|7\n|c|\u2606Aroma Nobody|Could get a lucky crit\n|\n|t:|1698844402\n|move|p1a: Grimmsnarl|Light Screen|p1a: Grimmsnarl\n|-sidestart|p1: Ginesect|move: Light Screen\n|move|p2a: Celesteela|Heavy Slam|p1a: Grimmsnarl\n|-supereffective|p1a: Grimmsnarl\n|-damage|p1a: Grimmsnarl|37\/100\n|\n|upkeep\n|turn|8\n|\n|t:|1698844412\n|move|p1a: Grimmsnarl|Reflect|p1a: Grimmsnarl\n|-sidestart|p1: Ginesect|Reflect\n|move|p2a: Celesteela|Heavy Slam|p1a: Grimmsnarl\n|-supereffective|p1a: Grimmsnarl\n|-damage|p1a: Grimmsnarl|5\/100\n|\n|upkeep\n|turn|9\n|\n|t:|1698844419\n|move|p2a: Celesteela|Protect|p2a: Celesteela\n|-singleturn|p2a: Celesteela|Protect\n|move|p1a: Grimmsnarl|Parting Shot|p2a: Celesteela\n|-activate|p2a: Celesteela|move: Protect\n|\n|upkeep\n|turn|10\n|\n|t:|1698844424\n|move|p1a: Grimmsnarl|Parting Shot|p2a: Celesteela\n|-unboost|p2a: Celesteela|atk|1\n|-unboost|p2a: Celesteela|spa|1\n|\n|t:|1698844428\n|switch|p1a: Greninja|Greninja, M|100\/100|[from] Parting Shot\n|move|p2a: Celesteela|Leech Seed|p1a: Greninja\n|-start|p1a: Greninja|move: Leech Seed\n|\n|-damage|p1a: Greninja|88\/100|[from] Leech Seed|[of] p2a: Celesteela\n|upkeep\n|turn|11\n|\n|t:|1698844442\n|switch|p1a: Grimmsnarl|Grimmsnarl, M|5\/100\n|move|p2a: Celesteela|Heavy Slam|p1a: Grimmsnarl\n|-supereffective|p1a: Grimmsnarl\n|-damage|p1a: Grimmsnarl|0 fnt\n|faint|p1a: Grimmsnarl\n|-ability|p2a: Celesteela|Beast Boost|boost\n|-boost|p2a: Celesteela|spd|1\n|\n|upkeep\n|\n|t:|1698844451\n|switch|p1a: Chien-Pao|Chien-Pao|100\/100\n|-ability|p1a: Chien-Pao|Sword of Ruin\n|turn|12\n|\n|t:|1698844459\n|-terastallize|p1a: Chien-Pao|Dark\n|move|p2a: Celesteela|Protect|p2a: Celesteela\n|-singleturn|p2a: Celesteela|Protect\n|move|p1a: Chien-Pao|Crunch|p2a: Celesteela\n|-activate|p2a: Celesteela|move: Protect\n|\n|upkeep\n|turn|13\n|\n|t:|1698844475\n|switch|p1a: Greninja|Greninja, M|88\/100\n|switch|p2a: Buzzwole|Buzzwole|100\/100\n|-damage|p2a: Buzzwole|88\/100|[from] Stealth Rock\n|\n|upkeep\n|turn|14\n|\n|t:|1698844485\n|-terastallize|p2a: Buzzwole|Water\n|move|p1a: Greninja|Hydro Pump|p2a: Buzzwole|[miss]\n|-miss|p1a: Greninja|p2a: Buzzwole\n|move|p2a: Buzzwole|Close Combat|p1a: Greninja\n|-supereffective|p1a: Greninja\n|-damage|p1a: Greninja|0 fnt\n|-unboost|p2a: Buzzwole|def|1\n|-unboost|p2a: Buzzwole|spd|1\n|faint|p1a: Greninja\n|-ability|p2a: Buzzwole|Beast Boost|boost\n|-boost|p2a: Buzzwole|atk|1\n|\n|-sideend|p1: Ginesect|move: Light Screen\n|upkeep\n|c|\u2606Ginesect|Wtf\n|c|\u2606Ginesect|ok\n|\n|t:|1698844500\n|switch|p1a: Chien-Pao|Chien-Pao, tera:Dark|100\/100\n|-ability|p1a: Chien-Pao|Sword of Ruin\n|turn|15\n|c|\u2606Aroma Nobody|Most special attacks in natdex are water or fire. So this counters both\n|\n|t:|1698844531\n|move|p1a: Chien-Pao|Crunch|p2a: Buzzwole\n|-crit|p2a: Buzzwole\n|-damage|p2a: Buzzwole|0 fnt\n|faint|p2a: Buzzwole\n|\n|-sideend|p1: Ginesect|Reflect\n|upkeep\n|c|\u2606Aroma Nobody|Well dang, like i said lucky crit\n|c|\u2606Aroma Nobody|Uh. .\n|\n|t:|1698844557\n|switch|p2a: Kartana|Kartana|100\/100\n|-damage|p2a: Kartana|94\/100|[from] Stealth Rock\n|turn|16\n|c|\u2606Ginesect|Didn't matter\n|\n|t:|1698844568\n|switch|p1a: Mandibuzz|Mandibuzz, F|100\/100\n|move|p2a: Kartana|Sacred Sword|p1a: Mandibuzz\n|-damage|p1a: Mandibuzz|79\/100\n|\n|upkeep\n|turn|17\n|\n|t:|1698844575\n|switch|p2a: Xurkitree|Xurkitree|100\/100\n|-damage|p2a: Xurkitree|88\/100|[from] Stealth Rock\n|move|p1a: Mandibuzz|Foul Play|p2a: Xurkitree\n|-damage|p2a: Xurkitree|46\/100\n|\n|upkeep\n|turn|18\n|c|\u2606Ginesect|oops\n|\n|t:|1698844587\n|move|p2a: Xurkitree|Thunderbolt|p1a: Mandibuzz\n|-supereffective|p1a: Mandibuzz\n|-damage|p1a: Mandibuzz|0 fnt\n|faint|p1a: Mandibuzz\n|-ability|p2a: Xurkitree|Beast Boost|boost\n|-boost|p2a: Xurkitree|spa|1\n|\n|upkeep\n|\n|t:|1698844589\n|switch|p1a: Chien-Pao|Chien-Pao, tera:Dark|100\/100\n|-ability|p1a: Chien-Pao|Sword of Ruin\n|turn|19\n|\n|t:|1698844592\n|move|p1a: Chien-Pao|Crunch|p2a: Xurkitree\n|-damage|p2a: Xurkitree|0 fnt\n|faint|p2a: Xurkitree\n|\n|upkeep\n|\n|t:|1698844596\n|switch|p2a: Kartana|Kartana|94\/100\n|-damage|p2a: Kartana|88\/100|[from] Stealth Rock\n|turn|20\n|\n|t:|1698844600\n|move|p2a: Kartana|Sacred Sword|p1a: Chien-Pao\n|-supereffective|p1a: Chien-Pao\n|-damage|p1a: Chien-Pao|0 fnt\n|faint|p1a: Chien-Pao\n|\n|win|Aroma Nobody\n|c|\u2606Aroma Nobody|Gg\n|c|\u2606Ginesect|gg\n|c|\u2606Ginesect|Miserably lost\n","uploadtime":1698844613,"views":7,"p1id":"ginesect","p2id":"aromanobody","formatid":"gen9nationaldexubers","rating":0,"private":0,"password":""}