{"id":"gen9nationaldexubers-1994292905","p1":"700club","p2":"ssssour","format":"[Gen 9] National Dex Ubers","log":"|j|\u2606700club\n|j|\u2606ssssour\n|t:|1700427857\n|gametype|singles\n|player|p1|700club|shadowtriad|1331\n|player|p2|ssssour|pokemaniac|1374\n|teamsize|p1|6\n|teamsize|p2|6\n|gen|9\n|tier|[Gen 9] National Dex Ubers\n|rated|\n|rule|HP Percentage Mod: HP is shown in percentages\n|rule|Endless Battle Clause: Forcing endless battles is banned\n|rule|OHKO Clause: OHKO moves are banned\n|rule|Evasion Moves Clause: Evasion moves are banned\n|rule|Evasion Items Clause: Evasion items are banned\n|rule|Species Clause: Limit one of each Pok\u00e9mon\n|rule|Sleep Clause Mod: Limit one foe put to sleep\n|rule|Mega Rayquaza Clause: You cannot mega evolve Rayquaza\n|clearpoke\n|poke|p1|Ogerpon-Hearthflame, F|\n|poke|p1|Ditto|\n|poke|p1|Deoxys-Speed|\n|poke|p1|Mewtwo|\n|poke|p1|Necrozma-Dusk-Mane|\n|poke|p1|Genesect|\n|poke|p2|Pincurchin, F|\n|poke|p2|Espathra, F|\n|poke|p2|Garganacl, M|\n|poke|p2|Porygon2|\n|poke|p2|Annihilape, M|\n|poke|p2|Dunsparce, M|\n|teampreview\n|c|\u2606700club|hi\n|c|\u2606ssssour|howdy\n|\n|t:|1700427871\n|start\n|switch|p1a: Deoxys|Deoxys-Speed|100\/100\n|switch|p2a: Dunsparce|Dunsparce, M, shiny|100\/100\n|-ability|p1a: Deoxys|Pressure\n|turn|1\n|c|\u2606ssssour|dunsparce\n|\n|t:|1700427878\n|move|p1a: Deoxys|Taunt|p2a: Dunsparce\n|-start|p2a: Dunsparce|move: Taunt\n|cant|p2a: Dunsparce|move: Taunt|Glare\n|\n|upkeep\n|turn|2\n|\n|t:|1700427887\n|move|p1a: Deoxys|Stealth Rock|p2a: Dunsparce\n|-sidestart|p2: ssssour|move: Stealth Rock\n|move|p2a: Dunsparce|Headbutt|p1a: Deoxys\n|-damage|p1a: Deoxys|77\/100\n|\n|upkeep\n|turn|3\n|\n|t:|1700427894\n|move|p1a: Deoxys|Reflect|p1a: Deoxys\n|-sidestart|p1: 700club|Reflect\n|move|p2a: Dunsparce|Headbutt|p1a: Deoxys\n|-damage|p1a: Deoxys|66\/100\n|\n|-end|p2a: Dunsparce|move: Taunt\n|upkeep\n|turn|4\n|\n|t:|1700427902\n|switch|p2a: Garganacl|Garganacl, M|100\/100\n|-damage|p2a: Garganacl|88\/100|[from] Stealth Rock\n|move|p1a: Deoxys|Taunt|p2a: Garganacl\n|-start|p2a: Garganacl|move: Taunt\n|\n|upkeep\n|turn|5\n|\n|t:|1700427924\n|switch|p1a: Necrozma|Necrozma-Dusk-Mane|100\/100\n|move|p2a: Garganacl|Salt Cure|p1a: Necrozma\n|-resisted|p1a: Necrozma\n|-crit|p1a: Necrozma\n|-damage|p1a: Necrozma|92\/100\n|-start|p1a: Necrozma|Salt Cure\n|\n|-damage|p1a: Necrozma|67\/100|[from] Salt Cure\n|upkeep\n|turn|6\n|\n|t:|1700427936\n|switch|p2a: Dunsparce|Dunsparce, M, shiny|100\/100\n|-damage|p2a: Dunsparce|88\/100|[from] Stealth Rock\n|detailschange|p1a: Necrozma|Necrozma-Ultra\n|-burst|p1a: Necrozma|Necrozma|Ultranecrozium Z\n|move|p1a: Necrozma|Earthquake|p2a: Dunsparce\n|-damage|p2a: Dunsparce|51\/100\n|\n|-damage|p1a: Necrozma|55\/100|[from] Salt Cure\n|upkeep\n|turn|7\n|\n|t:|1700427949\n|-zpower|p1a: Necrozma\n|move|p1a: Necrozma|Light That Burns the Sky|p2a: Dunsparce|[zeffect]\n|-damage|p2a: Dunsparce|0 fnt\n|faint|p2a: Dunsparce\n|\n|-damage|p1a: Necrozma|42\/100|[from] Salt Cure\n|-sideend|p1: 700club|Reflect\n|upkeep\n|\n|t:|1700427958\n|switch|p2a: Pincurchin|Pincurchin, F|100\/100\n|-damage|p2a: Pincurchin|88\/100|[from] Stealth Rock\n|-fieldstart|move: Electric Terrain|[from] ability: Electric Surge|[of] p2a: Pincurchin\n|turn|8\n|\n|t:|1700427981\n|-terastallize|p2a: Pincurchin|Flying\n|move|p1a: Necrozma|Earthquake|p2a: Pincurchin\n|-immune|p2a: Pincurchin\n|move|p2a: Pincurchin|Memento|p1a: Necrozma\n|-unboost|p1a: Necrozma|atk|2\n|-unboost|p1a: Necrozma|spa|2\n|faint|p2a: Pincurchin\n|\n|-damage|p1a: Necrozma|30\/100|[from] Salt Cure\n|upkeep\n|\n|t:|1700427987\n|switch|p2a: Espathra|Espathra, F|100\/100\n|-damage|p2a: Espathra|88\/100|[from] Stealth Rock\n|-enditem|p2a: Espathra|Electric Seed\n|-boost|p2a: Espathra|def|1|[from] item: Electric Seed\n|turn|9\n|\n|t:|1700427999\n|switch|p1a: Ditto|Ditto|100\/100\n|-transform|p1a: Ditto|p2a: Espathra|[from] ability: Imposter\n|move|p2a: Espathra|Calm Mind|p2a: Espathra\n|-boost|p2a: Espathra|spa|1\n|-boost|p2a: Espathra|spd|1\n|\n|-ability|p2a: Espathra|Speed Boost|boost\n|-boost|p2a: Espathra|spe|1\n|upkeep\n|turn|10\n|\n|t:|1700428010\n|switch|p1a: Deoxys|Deoxys-Speed|66\/100\n|-ability|p1a: Deoxys|Pressure\n|move|p2a: Espathra|Calm Mind|p2a: Espathra\n|-boost|p2a: Espathra|spa|1\n|-boost|p2a: Espathra|spd|1\n|\n|-ability|p2a: Espathra|Speed Boost|boost\n|-boost|p2a: Espathra|spe|1\n|upkeep\n|turn|11\n|\n|t:|1700428021\n|move|p1a: Deoxys|Light Screen|p1a: Deoxys\n|-sidestart|p1: 700club|move: Light Screen\n|move|p2a: Espathra|Roost|p2a: Espathra\n|-heal|p2a: Espathra|100\/100\n|-singleturn|p2a: Espathra|move: Roost\n|\n|-ability|p2a: Espathra|Speed Boost|boost\n|-boost|p2a: Espathra|spe|1\n|upkeep\n|turn|12\n|\n|t:|1700428027\n|move|p2a: Espathra|Calm Mind|p2a: Espathra\n|-boost|p2a: Espathra|spa|1\n|-boost|p2a: Espathra|spd|1\n|move|p1a: Deoxys|Taunt|p2a: Espathra\n|-start|p2a: Espathra|move: Taunt\n|\n|-ability|p2a: Espathra|Speed Boost|boost\n|-boost|p2a: Espathra|spe|1\n|upkeep\n|turn|13\n|\n|t:|1700428038\n|move|p2a: Espathra|Stored Power|p1a: Deoxys\n|-resisted|p1a: Deoxys\n|-damage|p1a: Deoxys|1\/100\n|move|p1a: Deoxys|Reflect|p1a: Deoxys\n|-sidestart|p1: 700club|Reflect\n|\n|-ability|p2a: Espathra|Speed Boost|boost\n|-boost|p2a: Espathra|spe|1\n|upkeep\n|turn|14\n|\n|t:|1700428045\n|move|p2a: Espathra|Stored Power|p1a: Deoxys\n|-resisted|p1a: Deoxys\n|-damage|p1a: Deoxys|0 fnt\n|faint|p1a: Deoxys\n|\n|-ability|p2a: Espathra|Speed Boost|boost\n|-boost|p2a: Espathra|spe|1\n|upkeep\n|\n|t:|1700428052\n|switch|p1a: Ditto|Ditto|100\/100\n|-transform|p1a: Ditto|p2a: Espathra|[from] ability: Imposter\n|turn|15\n|inactive|Battle timer is ON: inactive players will automatically lose when time's up. (requested by ssssour)\n|\n|t:|1700428100\n|-terastallize|p1a: Ditto|Steel\n|move|p1a: Ditto|Stored Power|p2a: Espathra\n|-resisted|p2a: Espathra\n|-damage|p2a: Espathra|32\/100\n|move|p2a: Espathra|Stored Power|p1a: Ditto\n|-resisted|p1a: Ditto\n|-damage|p1a: Ditto|55\/100\n|\n|-end|p2a: Espathra|move: Taunt\n|-sideend|p1: 700club|move: Light Screen\n|-fieldend|move: Electric Terrain\n|upkeep\n|turn|16\n|\n|t:|1700428112\n|move|p1a: Ditto|Stored Power|p2a: Espathra\n|-resisted|p2a: Espathra\n|-crit|p2a: Espathra\n|-damage|p2a: Espathra|0 fnt\n|faint|p2a: Espathra\n|\n|upkeep\n|\n|t:|1700428119\n|switch|p2a: Porygon2|Porygon2, shiny|100\/100\n|-damage|p2a: Porygon2|88\/100|[from] Stealth Rock\n|-ability|p2a: Porygon2|Speed Boost|[from] ability: Trace|[of] p1a: Ditto\n|turn|17\n|\n|t:|1700428125\n|move|p1a: Ditto|Stored Power|p2a: Porygon2\n|-damage|p2a: Porygon2|0 fnt\n|faint|p2a: Porygon2\n|\n|-sideend|p1: 700club|Reflect\n|upkeep\n|-message|ssssour forfeited.\n|\n|win|700club\n|raw|700club's rating: 1331 &rarr; <strong>1353<\/strong><br \/>(+22 for winning)\n|raw|ssssour's rating: 1374 &rarr; <strong>1352<\/strong><br \/>(-22 for losing)\n|l|\u2606ssssour\n","uploadtime":1700428137,"views":4,"p1id":"700club","p2id":"ssssour","formatid":"gen9nationaldexubers","rating":1352,"private":0,"password":""}