{"id":"gen9nationaldexubers-1983660690","p1":"MintyRevnant","p2":"colostomy","format":"[Gen 9] National Dex Ubers","log":"|j|\u2606MintyRevnant\n|j|\u2606colostomy\n|t:|1699155317\n|gametype|singles\n|player|p1|MintyRevnant|beauty-gen4dp|\n|player|p2|colostomy|steven|\n|teamsize|p1|6\n|teamsize|p2|6\n|gen|9\n|tier|[Gen 9] National Dex Ubers\n|rule|HP Percentage Mod: HP is shown in percentages\n|rule|Endless Battle Clause: Forcing endless battles is banned\n|rule|OHKO Clause: OHKO moves are banned\n|rule|Evasion Moves Clause: Evasion moves are banned\n|rule|Evasion Items Clause: Evasion items are banned\n|rule|Species Clause: Limit one of each Pok\u00e9mon\n|rule|Sleep Clause Mod: Limit one foe put to sleep\n|rule|Mega Rayquaza Clause: You cannot mega evolve Rayquaza\n|clearpoke\n|poke|p1|Grimmsnarl, M|\n|poke|p1|Iron Valiant|\n|poke|p1|Gardevoir, F|\n|poke|p1|Whimsicott, M|\n|poke|p1|Hatterene, F|\n|poke|p1|Dachsbun, F|\n|poke|p2|Grimmsnarl, M|\n|poke|p2|Roaring Moon|\n|poke|p2|Weavile, M|\n|poke|p2|Absol, F|\n|poke|p2|Bisharp, M|\n|poke|p2|Tyranitar, M|\n|teampreview\n|j| RyndarPlays\n|j| Maximal_Creature\n|\n|t:|1699155361\n|start\n|switch|p1a: Hatterene|Hatterene, F, shiny|100\/100\n|switch|p2a: Yin|Grimmsnarl, M|100\/100\n|turn|1\n|j| AceTheInadequate\n|\n|t:|1699155379\n|move|p2a: Yin|Light Screen|p2a: Yin\n|-sidestart|p2: colostomy|move: Light Screen\n|move|p1a: Hatterene|Dazzling Gleam|p2a: Yin\n|-supereffective|p2a: Yin\n|-damage|p2a: Yin|63\/100\n|\n|upkeep\n|turn|2\n|\n|t:|1699155387\n|move|p2a: Yin|Reflect|p2a: Yin\n|-sidestart|p2: colostomy|Reflect\n|move|p1a: Hatterene|Calm Mind|p1a: Hatterene\n|-boost|p1a: Hatterene|spa|1\n|-boost|p1a: Hatterene|spd|1\n|\n|upkeep\n|turn|3\n|\n|t:|1699155393\n|move|p2a: Yin|Parting Shot|p1a: Hatterene\n|move|p1a: Hatterene|Parting Shot|p2a: Yin|[from]ability: Magic Bounce\n|-unboost|p2a: Yin|atk|1\n|-unboost|p2a: Yin|spa|1\n|\n|t:|1699155404\n|switch|p1a: Gardevoir|Gardevoir, F, shiny|100\/100|[from] Parting Shot\n|\n|upkeep\n|turn|4\n|\n|t:|1699155420\n|detailschange|p1a: Gardevoir|Gardevoir-Mega, F, shiny\n|-mega|p1a: Gardevoir|Gardevoir|Gardevoirite\n|move|p2a: Yin|Parting Shot|p1a: Gardevoir\n|-unboost|p1a: Gardevoir|atk|1\n|-unboost|p1a: Gardevoir|spa|1\n|\n|t:|1699155423\n|switch|p2a: A6|Bisharp, M|100\/100|[from] Parting Shot\n|move|p1a: Gardevoir|Aura Sphere|p2a: A6\n|-supereffective|p2a: A6\n|-damage|p2a: A6|59\/100\n|\n|upkeep\n|turn|5\n|\n|t:|1699155435\n|move|p1a: Gardevoir|Aura Sphere|p2a: A6\n|-supereffective|p2a: A6\n|-damage|p2a: A6|16\/100\n|move|p2a: A6|Iron Head|p1a: Gardevoir\n|-supereffective|p1a: Gardevoir\n|-damage|p1a: Gardevoir|0 fnt\n|faint|p1a: Gardevoir\n|\n|upkeep\n|\n|t:|1699155444\n|switch|p1a: Hatterene|Hatterene, F, shiny|100\/100\n|turn|6\n|\n|t:|1699155449\n|move|p2a: A6|Iron Head|p1a: Hatterene\n|-supereffective|p1a: Hatterene\n|-damage|p1a: Hatterene|6\/100\n|move|p1a: Hatterene|Dazzling Gleam|p2a: A6\n|-damage|p2a: A6|0 fnt\n|faint|p2a: A6\n|\n|-heal|p1a: Hatterene|12\/100|[from] item: Leftovers\n|upkeep\n|\n|t:|1699155454\n|switch|p2a: Kaiju|Tyranitar, M|100\/100\n|-weather|Sandstorm|[from] ability: Sand Stream|[of] p2a: Kaiju\n|turn|7\n|\n|t:|1699155469\n|move|p2a: Kaiju|Heavy Slam|p1a: Hatterene\n|-supereffective|p1a: Hatterene\n|-damage|p1a: Hatterene|0 fnt\n|faint|p1a: Hatterene\n|\n|-weather|Sandstorm|[upkeep]\n|upkeep\n|\n|t:|1699155480\n|switch|p1a: Whimsicott|Whimsicott, M, shiny|100\/100\n|turn|8\n|\n|t:|1699155492\n|move|p1a: Whimsicott|Stun Spore|p2a: Kaiju\n|-hint|Since gen 7, Dark is immune to Prankster moves.\n|-immune|p2a: Kaiju\n|move|p2a: Kaiju|Heavy Slam|p1a: Whimsicott\n|-supereffective|p1a: Whimsicott\n|-damage|p1a: Whimsicott|0 fnt\n|faint|p1a: Whimsicott\n|\n|-weather|Sandstorm|[upkeep]\n|-sideend|p2: colostomy|move: Light Screen\n|upkeep\n|\n|t:|1699155503\n|switch|p1a: Grimmsnarl|Grimmsnarl, M, shiny|100\/100\n|-item|p2a: Kaiju|Chesto Berry|[from] ability: Frisk|[of] p1a: Grimmsnarl|[identify]\n|turn|9\n|l|\u2606MintyRevnant\n|player|p1|\n|-message|colostomy forfeited.\n|\n|win|MintyRevnant\n|l|\u2606colostomy\n","uploadtime":1699155618,"views":7,"p1id":"mintyrevnant","p2id":"colostomy","formatid":"gen9nationaldexubers","rating":0,"private":0,"password":""}