{"id":"gen9nationaldexubers-1992275735","p1":"Wally Nix","p2":"ash ketchum299","format":"[Gen 9] National Dex Ubers","log":"|j|\u2606Wally Nix\n|j|\u2606ash ketchum299\n|t:|1700170021\n|gametype|singles\n|player|p1|Wally Nix|steven|1144\n|player|p2|ash ketchum299|ash|1206\n|teamsize|p1|6\n|teamsize|p2|6\n|gen|9\n|tier|[Gen 9] National Dex Ubers\n|rated|\n|rule|HP Percentage Mod: HP is shown in percentages\n|rule|Endless Battle Clause: Forcing endless battles is banned\n|rule|OHKO Clause: OHKO moves are banned\n|rule|Evasion Moves Clause: Evasion moves are banned\n|rule|Evasion Items Clause: Evasion items are banned\n|rule|Species Clause: Limit one of each Pok\u00e9mon\n|rule|Sleep Clause Mod: Limit one foe put to sleep\n|rule|Mega Rayquaza Clause: You cannot mega evolve Rayquaza\n|clearpoke\n|poke|p1|Slowking-Galar, F|\n|poke|p1|Avalugg, M|\n|poke|p1|Mawile, F|\n|poke|p1|Ogerpon-Wellspring, F|\n|poke|p1|Regidrago|\n|poke|p1|Gholdengo|\n|poke|p2|Greninja-*, M|\n|poke|p2|Charizard, F|\n|poke|p2|Krookodile, M|\n|poke|p2|Sceptile, F|\n|poke|p2|Infernape, M|\n|poke|p2|Lucario, M|\n|teampreview\n|\n|t:|1700170035\n|start\n|switch|p1a: Rita Repulsa|Slowking-Galar, F|100\/100\n|switch|p2a: Greninja|Greninja, M|100\/100\n|turn|1\n|\n|t:|1700170043\n|move|p2a: Greninja|Dark Pulse|p1a: Rita Repulsa\n|-supereffective|p1a: Rita Repulsa\n|-crit|p1a: Rita Repulsa\n|-damage|p1a: Rita Repulsa|14\/100\n|cant|p1a: Rita Repulsa|flinch\n|\n|upkeep\n|turn|2\n|\n|t:|1700170053\n|move|p2a: Greninja|Dark Pulse|p1a: Rita Repulsa\n|-supereffective|p1a: Rita Repulsa\n|-damage|p1a: Rita Repulsa|0 fnt\n|faint|p1a: Rita Repulsa\n|-ability|p2a: Greninja|Battle Bond|boost\n|-boost|p2a: Greninja|atk|1\n|-boost|p2a: Greninja|spa|1\n|-boost|p2a: Greninja|spe|1\n|-activate|p2a: Greninja|ability: Battle Bond\n|\n|upkeep\n|\n|t:|1700170062\n|switch|p1a: BabyItsColdOutside|Avalugg, M, shiny|100\/100\n|turn|3\n|\n|t:|1700170075\n|move|p2a: Greninja|Grass Knot|p1a: BabyItsColdOutside\n|-damage|p1a: BabyItsColdOutside|17\/100\n|move|p1a: BabyItsColdOutside|Body Press|p2a: Greninja\n|-supereffective|p2a: Greninja\n|-damage|p2a: Greninja|0 fnt\n|faint|p2a: Greninja\n|\n|-heal|p1a: BabyItsColdOutside|23\/100|[from] item: Leftovers\n|upkeep\n|\n|t:|1700170094\n|switch|p2a: Lucario|Lucario, M|100\/100\n|turn|4\n|\n|t:|1700170102\n|detailschange|p2a: Lucario|Lucario-Mega, M\n|-mega|p2a: Lucario|Lucario|Lucarionite\n|move|p2a: Lucario|Bullet Punch|p1a: BabyItsColdOutside\n|-supereffective|p1a: BabyItsColdOutside\n|-damage|p1a: BabyItsColdOutside|0 fnt\n|faint|p1a: BabyItsColdOutside\n|\n|upkeep\n|\n|t:|1700170120\n|switch|p1a: \ud83d\ude2d|Ogerpon-Wellspring, F|100\/100\n|turn|5\n|inactive|Battle timer is ON: inactive players will automatically lose when time's up. (requested by ash ketchum299)\n|\n|t:|1700170133\n|switch|p2a: Krookodile|Krookodile, M|100\/100\n|-ability|p2a: Krookodile|Intimidate|boost\n|-unboost|p1a: \ud83d\ude2d|atk|1\n|move|p1a: \ud83d\ude2d|Spiky Shield||[still]\n|-fail|p1a: \ud83d\ude2d\n|\n|upkeep\n|turn|6\n|\n|t:|1700170145\n|-terastallize|p2a: Krookodile|Ghost\n|move|p1a: \ud83d\ude2d|Swords Dance|p1a: \ud83d\ude2d\n|-boost|p1a: \ud83d\ude2d|atk|2\n|move|p2a: Krookodile|Toxic|p1a: \ud83d\ude2d\n|-status|p1a: \ud83d\ude2d|tox\n|\n|-damage|p1a: \ud83d\ude2d|95\/100 tox|[from] psn\n|upkeep\n|turn|7\n|\n|t:|1700170154\n|move|p1a: \ud83d\ude2d|Ivy Cudgel|p2a: Krookodile|[anim] Ivy Cudgel Water\n|-damage|p2a: Krookodile|42\/100\n|move|p2a: Krookodile|Earthquake|p1a: \ud83d\ude2d\n|-resisted|p1a: \ud83d\ude2d\n|-damage|p1a: \ud83d\ude2d|69\/100 tox\n|\n|-damage|p1a: \ud83d\ude2d|57\/100 tox|[from] psn\n|upkeep\n|turn|8\n|\n|t:|1700170166\n|switch|p2a: Charizard|Charizard, F|100\/100\n|move|p1a: \ud83d\ude2d|Horn Leech|p2a: Charizard\n|-resisted|p2a: Charizard\n|-damage|p2a: Charizard|76\/100\n|-heal|p1a: \ud83d\ude2d|69\/100 tox|[from] drain|[of] p2a: Charizard\n|\n|-damage|p1a: \ud83d\ude2d|51\/100 tox|[from] psn\n|upkeep\n|turn|9\n|\n|t:|1700170176\n|switch|p2a: Krookodile|Krookodile, M, tera:Ghost|42\/100\n|-ability|p2a: Krookodile|Intimidate|boost\n|-unboost|p1a: \ud83d\ude2d|atk|1\n|move|p1a: \ud83d\ude2d|Ivy Cudgel|p2a: Krookodile|[anim] Ivy Cudgel Water\n|-damage|p2a: Krookodile|0 fnt\n|faint|p2a: Krookodile\n|\n|-damage|p1a: \ud83d\ude2d|27\/100 tox|[from] psn\n|upkeep\n|\n|t:|1700170190\n|switch|p2a: Sceptile|Sceptile, F|100\/100\n|turn|10\n|\n|t:|1700170195\n|move|p1a: \ud83d\ude2d|Spiky Shield|p1a: \ud83d\ude2d\n|-singleturn|p1a: \ud83d\ude2d|move: Protect\n|move|p2a: Sceptile|Swords Dance|p2a: Sceptile\n|-boost|p2a: Sceptile|atk|2\n|\n|-damage|p1a: \ud83d\ude2d|0 fnt|[from] psn\n|faint|p1a: \ud83d\ude2d\n|upkeep\n|\n|t:|1700170205\n|switch|p1a: Pomegranate|Regidrago|100\/100\n|turn|11\n|\n|t:|1700170218\n|-terastallize|p1a: Pomegranate|Fire\n|move|p1a: Pomegranate|Tera Blast|p2a: Sceptile|[anim] Tera Blast Fire\n|-supereffective|p2a: Sceptile\n|-damage|p2a: Sceptile|11\/100\n|move|p2a: Sceptile|Earthquake|p1a: Pomegranate\n|-supereffective|p1a: Pomegranate\n|-damage|p1a: Pomegranate|0 fnt\n|faint|p1a: Pomegranate\n|\n|upkeep\n|\n|t:|1700170231\n|switch|p1a: Golden Shower|Gholdengo|100\/100\n|turn|12\n|\n|t:|1700170247\n|move|p2a: Sceptile|Earthquake|p1a: Golden Shower\n|-supereffective|p1a: Golden Shower\n|-damage|p1a: Golden Shower|0 fnt\n|faint|p1a: Golden Shower\n|\n|upkeep\n|\n|t:|1700170251\n|switch|p1a: Sherane|Mawile, F|100\/100\n|-ability|p1a: Sherane|Intimidate|boost\n|-unboost|p2a: Sceptile|atk|1\n|turn|13\n|\n|t:|1700170260\n|detailschange|p1a: Sherane|Mawile-Mega, F\n|-mega|p1a: Sherane|Mawile|Mawilite\n|move|p2a: Sceptile|Earthquake|p1a: Sherane\n|-supereffective|p1a: Sherane\n|-crit|p1a: Sherane\n|-damage|p1a: Sherane|0 fnt\n|faint|p1a: Sherane\n|\n|win|ash ketchum299\n|raw|Wally Nix's rating: 1144 &rarr; <strong>1123<\/strong><br \/>(-21 for losing)\n|raw|ash ketchum299's rating: 1206 &rarr; <strong>1227<\/strong><br \/>(+21 for winning)\n","uploadtime":1700170277,"views":10,"p1id":"wallynix","p2id":"ashketchum299","formatid":"gen9nationaldexubers","rating":1123,"private":0,"password":""}