{"id":"gen9nationaldexubers-1988569588","p1":"NYCMayorEricAdams","p2":"BaxtersCaliburtory","format":"[Gen 9] National Dex Ubers","log":"|j|\u2606NYCMayorEricAdams\n|j|\u2606BaxtersCaliburtory\n|t:|1699737186\n|gametype|singles\n|player|p1|NYCMayorEricAdams|hoopster|\n|player|p2|BaxtersCaliburtory|linebacker|\n|teamsize|p1|6\n|teamsize|p2|6\n|gen|9\n|tier|[Gen 9] National Dex Ubers\n|rule|HP Percentage Mod: HP is shown in percentages\n|rule|Endless Battle Clause: Forcing endless battles is banned\n|rule|OHKO Clause: OHKO moves are banned\n|rule|Evasion Moves Clause: Evasion moves are banned\n|rule|Evasion Items Clause: Evasion items are banned\n|rule|Species Clause: Limit one of each Pok\u00e9mon\n|rule|Sleep Clause Mod: Limit one foe put to sleep\n|rule|Mega Rayquaza Clause: You cannot mega evolve Rayquaza\n|clearpoke\n|poke|p1|Volcanion|\n|poke|p1|Thundurus, M|\n|poke|p1|Mantine, M|\n|poke|p1|Jirachi|\n|poke|p1|Dragapult, F|\n|poke|p1|Gliscor, F|\n|poke|p2|Medicham, M|\n|poke|p2|Iron Treads|\n|poke|p2|Suicune|\n|poke|p2|Garchomp, F|\n|poke|p2|Gholdengo|\n|poke|p2|Comfey, M|\n|teampreview\n|inactive|Battle timer is ON: inactive players will automatically lose when time's up. (requested by BaxtersCaliburtory)\n|inactive|BaxtersCaliburtory has 270 seconds left.\n|\n|t:|1699737221\n|start\n|switch|p1a: Thundurus|Thundurus, M|100\/100\n|switch|p2a: Suicune|Suicune|100\/100\n|-ability|p2a: Suicune|Pressure\n|turn|1\n|\n|t:|1699737226\n|move|p2a: Suicune|Protect|p2a: Suicune\n|-singleturn|p2a: Suicune|Protect\n|move|p1a: Thundurus|Rain Dance|p1a: Thundurus\n|-weather|RainDance\n|\n|-weather|RainDance|[upkeep]\n|upkeep\n|turn|2\n|\n|t:|1699737244\n|switch|p2a: Iron Treads|Iron Treads|100\/100\n|move|p1a: Thundurus|U-turn|p2a: Iron Treads\n|-resisted|p2a: Iron Treads\n|-damage|p2a: Iron Treads|95\/100\n|\n|t:|1699737254\n|switch|p1a: Mantine|Mantine, M|100\/100|[from] U-turn\n|\n|-weather|RainDance|[upkeep]\n|upkeep\n|turn|3\n|\n|t:|1699737263\n|move|p1a: Mantine|Hydro Pump|p2a: Iron Treads\n|-supereffective|p2a: Iron Treads\n|-damage|p2a: Iron Treads|0 fnt\n|faint|p2a: Iron Treads\n|-end|p2a: Iron Treads|Quark Drive|[silent]\n|\n|-weather|RainDance|[upkeep]\n|upkeep\n|\n|t:|1699737268\n|switch|p2a: Suicune|Suicune|100\/100\n|-ability|p2a: Suicune|Pressure\n|turn|4\n|\n|t:|1699737272\n|switch|p1a: Dragapult|Dragapult, F|100\/100\n|move|p2a: Suicune|Protect||[still]\n|-fail|p2a: Suicune\n|\n|-weather|RainDance|[upkeep]\n|upkeep\n|turn|5\n|\n|t:|1699737276\n|move|p1a: Dragapult|Thunder|p2a: Suicune\n|-supereffective|p2a: Suicune\n|-damage|p2a: Suicune|27\/100\n|move|p2a: Suicune|Toxic|p1a: Dragapult\n|-status|p1a: Dragapult|tox\n|\n|-weather|none\n|-heal|p2a: Suicune|33\/100|[from] item: Leftovers\n|-damage|p1a: Dragapult|95\/100 tox|[from] psn\n|upkeep\n|turn|6\n|\n|t:|1699737281\n|switch|p1a: Thundurus|Thundurus, M|100\/100\n|move|p2a: Suicune|Protect||[still]\n|-fail|p2a: Suicune\n|\n|-heal|p2a: Suicune|39\/100|[from] item: Leftovers\n|upkeep\n|turn|7\n|\n|t:|1699737286\n|switch|p2a: Garchomp|Garchomp, F|100\/100\n|move|p1a: Thundurus|Rain Dance|p1a: Thundurus\n|-weather|RainDance\n|\n|-weather|RainDance|[upkeep]\n|upkeep\n|turn|8\n|\n|t:|1699737292\n|move|p1a: Thundurus|Focus Blast|p2a: Garchomp\n|-damage|p2a: Garchomp|65\/100\n|move|p2a: Garchomp|Toxic|p1a: Thundurus\n|-status|p1a: Thundurus|tox\n|\n|-weather|RainDance|[upkeep]\n|-damage|p1a: Thundurus|94\/100 tox|[from] psn\n|upkeep\n|turn|9\n|\n|t:|1699737311\n|move|p1a: Thundurus|U-turn|p2a: Garchomp\n|-damage|p2a: Garchomp|51\/100\n|-damage|p1a: Thundurus|82\/100 tox|[from] ability: Rough Skin|[of] p2a: Garchomp\n|-damage|p1a: Thundurus|65\/100 tox|[from] item: Rocky Helmet|[of] p2a: Garchomp\n|\n|t:|1699737319\n|switch|p1a: Gliscor|Gliscor, F|100\/100|[from] U-turn\n|move|p2a: Garchomp|Crunch|p1a: Gliscor\n|-damage|p1a: Gliscor|77\/100\n|\n|-weather|RainDance|[upkeep]\n|-status|p1a: Gliscor|tox|[from] item: Toxic Orb\n|upkeep\n|turn|10\n|\n|t:|1699737325\n|move|p2a: Garchomp|Iron Head|p1a: Gliscor\n|-crit|p1a: Gliscor\n|-damage|p1a: Gliscor|43\/100 tox\n|move|p1a: Gliscor|Stealth Rock|p2a: Garchomp\n|-sidestart|p2: BaxtersCaliburtory|move: Stealth Rock\n|\n|-weather|RainDance|[upkeep]\n|-heal|p1a: Gliscor|56\/100 tox|[from] ability: Poison Heal\n|upkeep\n|turn|11\n|\n|t:|1699737336\n|switch|p2a: Suicune|Suicune|39\/100\n|-damage|p2a: Suicune|27\/100|[from] Stealth Rock\n|-ability|p2a: Suicune|Pressure\n|move|p1a: Gliscor|Earthquake|p2a: Suicune\n|-damage|p2a: Suicune|9\/100\n|\n|-weather|none\n|-heal|p2a: Suicune|15\/100|[from] item: Leftovers\n|-heal|p1a: Gliscor|68\/100 tox|[from] ability: Poison Heal\n|upkeep\n|turn|12\n|\n|t:|1699737343\n|move|p1a: Gliscor|Earthquake|p2a: Suicune\n|-damage|p2a: Suicune|0 fnt\n|faint|p2a: Suicune\n|\n|-heal|p1a: Gliscor|81\/100 tox|[from] ability: Poison Heal\n|upkeep\n|\n|t:|1699737348\n|switch|p2a: Comfey|Comfey, M|100\/100\n|-damage|p2a: Comfey|88\/100|[from] Stealth Rock\n|turn|13\n|\n|t:|1699737354\n|switch|p1a: Jirachi|Jirachi|100\/100\n|move|p2a: Comfey|Calm Mind|p2a: Comfey\n|-boost|p2a: Comfey|spa|1\n|-boost|p2a: Comfey|spd|1\n|\n|-heal|p2a: Comfey|94\/100|[from] item: Leftovers\n|upkeep\n|turn|14\n|\n|t:|1699737378\n|move|p2a: Comfey|Worry Seed|p1a: Jirachi\n|-endability|p1a: Jirachi|Serene Grace|[from] move: Worry Seed\n|-ability|p1a: Jirachi|Insomnia|[from] move: Worry Seed\n|move|p1a: Jirachi|Thunder Wave|p2a: Comfey\n|-status|p2a: Comfey|par\n|\n|-heal|p2a: Comfey|99\/100 par|[from] item: Leftovers\n|upkeep\n|turn|15\n|\n|t:|1699737384\n|move|p1a: Jirachi|Rain Dance|p1a: Jirachi\n|-weather|RainDance\n|cant|p2a: Comfey|par\n|\n|-weather|RainDance|[upkeep]\n|-heal|p2a: Comfey|100\/100 par|[from] item: Leftovers\n|upkeep\n|turn|16\n|\n|t:|1699737389\n|switch|p1a: Mantine|Mantine, M|100\/100\n|move|p2a: Comfey|Calm Mind|p2a: Comfey\n|-boost|p2a: Comfey|spa|1\n|-boost|p2a: Comfey|spd|1\n|\n|-weather|RainDance|[upkeep]\n|upkeep\n|turn|17\n|\n|t:|1699737394\n|move|p1a: Mantine|Hydro Pump|p2a: Comfey\n|-damage|p2a: Comfey|43\/100 par\n|move|p2a: Comfey|Worry Seed|p1a: Mantine\n|-endability|p1a: Mantine|Swift Swim|[from] move: Worry Seed\n|-ability|p1a: Mantine|Insomnia|[from] move: Worry Seed\n|\n|-weather|RainDance|[upkeep]\n|-heal|p2a: Comfey|49\/100 par|[from] item: Leftovers\n|upkeep\n|turn|18\n|\n|t:|1699737398\n|cant|p2a: Comfey|par\n|move|p1a: Mantine|Hydro Pump|p2a: Comfey\n|-damage|p2a: Comfey|0 fnt\n|faint|p2a: Comfey\n|\n|-weather|RainDance|[upkeep]\n|upkeep\n|\n|t:|1699737406\n|switch|p2a: Gholdengo|Gholdengo|100\/100\n|-damage|p2a: Gholdengo|94\/100|[from] Stealth Rock\n|turn|19\n|\n|t:|1699737412\n|move|p2a: Gholdengo|Thunderbolt|p1a: Mantine\n|-supereffective|p1a: Mantine\n|-damage|p1a: Mantine|2\/100\n|move|p1a: Mantine|Hydro Pump|p2a: Gholdengo\n|-damage|p2a: Gholdengo|0 fnt\n|faint|p2a: Gholdengo\n|\n|-weather|RainDance|[upkeep]\n|upkeep\n|\n|t:|1699737415\n|switch|p2a: Medicham|Medicham, M|100\/100\n|-damage|p2a: Medicham|94\/100|[from] Stealth Rock\n|turn|20\n|\n|t:|1699737420\n|switch|p1a: Thundurus|Thundurus, M|65\/100 tox\n|detailschange|p2a: Medicham|Medicham-Mega, M\n|-mega|p2a: Medicham|Medicham|Medichamite\n|move|p2a: Medicham|Trailblaze|p1a: Thundurus\n|-resisted|p1a: Thundurus\n|-damage|p1a: Thundurus|44\/100 tox\n|-boost|p2a: Medicham|spe|1\n|-enditem|p1a: Thundurus|Eject Button\n|\n|t:|1699737428\n|switch|p1a: Mantine|Mantine, M|2\/100\n|\n|-weather|RainDance|[upkeep]\n|upkeep\n|turn|21\n|\n|t:|1699737432\n|move|p1a: Mantine|Hurricane|p2a: Medicham\n|-supereffective|p2a: Medicham\n|-damage|p2a: Medicham|0 fnt\n|faint|p2a: Medicham\n|\n|-weather|RainDance|[upkeep]\n|upkeep\n|\n|t:|1699737434\n|switch|p2a: Garchomp|Garchomp, F|51\/100\n|-damage|p2a: Garchomp|44\/100|[from] Stealth Rock\n|turn|22\n|\n|t:|1699737438\n|move|p1a: Mantine|Hurricane|p2a: Garchomp\n|-damage|p2a: Garchomp|0 fnt\n|faint|p2a: Garchomp\n|\n|win|NYCMayorEricAdams\n|l|\u2606BaxtersCaliburtory\n","uploadtime":1699737450,"views":16,"p1id":"nycmayorericadams","p2id":"baxterscaliburtory","formatid":"gen9nationaldexubers","rating":0,"private":0,"password":""}