{"id":"gen9nationaldexubers-1996072220","p1":"djkslaf","p2":"Piotrfau","format":"[Gen 9] National Dex Ubers","log":"|j|\u2606djkslaf\n|j|\u2606Piotrfau\n|t:|1700639457\n|gametype|singles\n|player|p1|djkslaf|lyra|1254\n|player|p2|Piotrfau|norman|1234\n|teamsize|p1|6\n|teamsize|p2|6\n|gen|9\n|tier|[Gen 9] National Dex Ubers\n|rated|\n|rule|HP Percentage Mod: HP is shown in percentages\n|rule|Endless Battle Clause: Forcing endless battles is banned\n|rule|OHKO Clause: OHKO moves are banned\n|rule|Evasion Moves Clause: Evasion moves are banned\n|rule|Evasion Items Clause: Evasion items are banned\n|rule|Species Clause: Limit one of each Pok\u00e9mon\n|rule|Sleep Clause Mod: Limit one foe put to sleep\n|rule|Mega Rayquaza Clause: You cannot mega evolve Rayquaza\n|clearpoke\n|poke|p1|Arceus|\n|poke|p1|Zygarde|\n|poke|p1|Cyclizar, F|\n|poke|p1|Palafin, F|\n|poke|p1|Chi-Yu|\n|poke|p1|Magnemite, L1|\n|poke|p2|Volcarona, F|\n|poke|p2|Lucario, F|\n|poke|p2|Cloyster, M|\n|poke|p2|Snorlax, M|\n|poke|p2|Mimikyu, M|\n|poke|p2|Gardevoir, M|\n|teampreview\n|\n|t:|1700639463\n|start\n|switch|p1a: Palafin|Palafin, F|100\/100\n|switch|p2a: Cloyster|Cloyster, M|100\/100\n|turn|1\n|inactive|Battle timer is ON: inactive players will automatically lose when time's up. (requested by djkslaf)\n|\n|t:|1700639472\n|move|p1a: Palafin|Flip Turn|p2a: Cloyster\n|-resisted|p2a: Cloyster\n|-damage|p2a: Cloyster|86\/100\n|\n|t:|1700639488\n|detailschange|p1a: Palafin|Palafin-Hero, F\n|switch|p1a: Arceus|Arceus|100\/100|[from] Flip Turn\n|move|p2a: Cloyster|Shell Smash|p2a: Cloyster\n|-unboost|p2a: Cloyster|def|1\n|-unboost|p2a: Cloyster|spd|1\n|-boost|p2a: Cloyster|atk|2\n|-boost|p2a: Cloyster|spa|2\n|-boost|p2a: Cloyster|spe|2\n|\n|upkeep\n|turn|2\n|\n|t:|1700639499\n|move|p2a: Cloyster|Icicle Spear|p1a: Arceus\n|-damage|p1a: Arceus|84\/100\n|-damage|p1a: Arceus|68\/100\n|-damage|p1a: Arceus|53\/100\n|-damage|p1a: Arceus|36\/100\n|-damage|p1a: Arceus|20\/100\n|-hitcount|p1a: Arceus|5\n|move|p1a: Arceus|Will-O-Wisp|p2a: Cloyster\n|-status|p2a: Cloyster|brn\n|\n|-heal|p1a: Arceus|26\/100|[from] item: Leftovers\n|-damage|p2a: Cloyster|80\/100 brn|[from] brn\n|upkeep\n|turn|3\n|\n|t:|1700639513\n|move|p1a: Arceus|Extreme Speed|p2a: Cloyster\n|-damage|p2a: Cloyster|27\/100 brn\n|move|p2a: Cloyster|Icicle Spear|p1a: Arceus\n|-damage|p1a: Arceus|18\/100\n|-damage|p1a: Arceus|10\/100\n|-damage|p1a: Arceus|3\/100\n|-damage|p1a: Arceus|0 fnt\n|faint|p1a: Arceus\n|-hitcount|p1: Arceus|4\n|\n|-damage|p2a: Cloyster|20\/100 brn|[from] brn\n|upkeep\n|\n|t:|1700639526\n|switch|p1a: Palafin|Palafin-Hero, F|100\/100\n|-activate|p1a: Palafin|ability: Zero to Hero\n|turn|4\n|\n|t:|1700639532\n|move|p2a: Cloyster|Ice Shard|p1a: Palafin\n|-resisted|p1a: Palafin\n|-damage|p1a: Palafin|91\/100\n|move|p1a: Palafin|Jet Punch|p2a: Cloyster\n|-resisted|p2a: Cloyster\n|-damage|p2a: Cloyster|0 fnt\n|faint|p2a: Cloyster\n|\n|upkeep\n|\n|t:|1700639541\n|switch|p2a: Gardevoir|Gardevoir, M|100\/100\n|turn|5\n|\n|t:|1700639544\n|move|p1a: Palafin|Jet Punch|p2a: Gardevoir\n|-damage|p2a: Gardevoir|11\/100\n|move|p2a: Gardevoir|Energy Ball|p1a: Palafin\n|-supereffective|p1a: Palafin\n|-damage|p1a: Palafin|0 fnt\n|faint|p1a: Palafin\n|\n|upkeep\n|\n|t:|1700639556\n|switch|p1a: Cyclizar|Cyclizar, F|100\/100\n|turn|6\n|\n|t:|1700639567\n|move|p1a: Cyclizar|U-turn|p2a: Gardevoir\n|-damage|p2a: Gardevoir|0 fnt\n|faint|p2a: Gardevoir\n|\n|t:|1700639579\n|switch|p1a: Magnemite|Magnemite, L1|100\/100|[from] U-turn\n|\n|upkeep\n|\n|t:|1700639601\n|switch|p2a: Lucario|Lucario, F|100\/100\n|turn|7\n|\n|t:|1700639618\n|switch|p1a: Chi-Yu|Chi-Yu|100\/100\n|-ability|p1a: Chi-Yu|Beads of Ruin\n|move|p2a: Lucario|Swords Dance|p2a: Lucario\n|-boost|p2a: Lucario|atk|2\n|\n|upkeep\n|turn|8\n|\n|t:|1700639629\n|detailschange|p2a: Lucario|Lucario-Mega, F\n|-mega|p2a: Lucario|Lucario|Lucarionite\n|move|p1a: Chi-Yu|Flamethrower|p2a: Lucario\n|-supereffective|p2a: Lucario\n|-damage|p2a: Lucario|0 fnt\n|faint|p2a: Lucario\n|\n|upkeep\n|\n|t:|1700639636\n|switch|p2a: Mimikyu|Mimikyu, M|100\/100\n|turn|9\n|\n|t:|1700639645\n|move|p1a: Chi-Yu|Flamethrower|p2a: Mimikyu\n|-activate|p2a: Mimikyu|ability: Disguise\n|-damage|p2a: Mimikyu|100\/100\n|detailschange|p2a: Mimikyu|Mimikyu-Busted, M\n|-damage|p2a: Mimikyu|88\/100|[from] pokemon: Mimikyu-Busted\n|move|p2a: Mimikyu|Drain Punch|p1a: Chi-Yu\n|-supereffective|p1a: Chi-Yu\n|-damage|p1a: Chi-Yu|11\/100\n|-heal|p2a: Mimikyu|100\/100|[from] drain|[of] p1a: Chi-Yu\n|-damage|p2a: Mimikyu|91\/100|[from] item: Life Orb\n|\n|upkeep\n|turn|10\n|\n|t:|1700639658\n|move|p2a: Mimikyu|Shadow Sneak|p1a: Chi-Yu\n|-resisted|p1a: Chi-Yu\n|-damage|p1a: Chi-Yu|0 fnt\n|faint|p1a: Chi-Yu\n|-damage|p2a: Mimikyu|81\/100|[from] item: Life Orb\n|\n|upkeep\n|\n|t:|1700639666\n|switch|p1a: Cyclizar|Cyclizar, F|100\/100\n|turn|11\n|\n|t:|1700639671\n|move|p1a: Cyclizar|Shed Tail|p1a: Cyclizar\n|-start|p1a: Cyclizar|Substitute|[from] move: Shed Tail\n|-damage|p1a: Cyclizar|50\/100\n|\n|t:|1700639676\n|switch|p1a: Magnemite|Magnemite, L1|100\/100|[from] Shed Tail\n|move|p2a: Mimikyu|Drain Punch|p1a: Magnemite\n|-supereffective|p1a: Magnemite\n|-end|p1a: Magnemite|Substitute\n|-heal|p2a: Mimikyu|95\/100|[from] drain|[of] p1a: Magnemite\n|-damage|p2a: Mimikyu|85\/100|[from] item: Life Orb\n|\n|upkeep\n|turn|12\n|\n|t:|1700639691\n|move|p2a: Mimikyu|Drain Punch|p1a: Magnemite\n|-supereffective|p1a: Magnemite\n|-crit|p1a: Magnemite\n|-ability|p1a: Magnemite|Sturdy\n|-damage|p1a: Magnemite|10\/100\n|-heal|p2a: Mimikyu|87\/100|[from] drain|[of] p1a: Magnemite\n|-enditem|p1a: Magnemite|Berry Juice\n|-heal|p1a: Magnemite|100\/100|[from] item: Berry Juice\n|-damage|p2a: Mimikyu|77\/100|[from] item: Life Orb\n|move|p1a: Magnemite|Toxic|p2a: Mimikyu|[miss]\n|-miss|p1a: Magnemite|p2a: Mimikyu\n|\n|upkeep\n|turn|13\n|\n|t:|1700639708\n|move|p2a: Mimikyu|Shadow Sneak|p1a: Magnemite\n|-ability|p1a: Magnemite|Sturdy\n|-damage|p1a: Magnemite|10\/100\n|-damage|p2a: Mimikyu|67\/100|[from] item: Life Orb\n|move|p1a: Magnemite|Recycle|p1a: Magnemite\n|-item|p1a: Magnemite|Berry Juice|[from] move: Recycle\n|-enditem|p1a: Magnemite|Berry Juice\n|-heal|p1a: Magnemite|100\/100|[from] item: Berry Juice\n|\n|upkeep\n|turn|14\n|\n|t:|1700639718\n|move|p2a: Mimikyu|Shadow Sneak|p1a: Magnemite\n|-ability|p1a: Magnemite|Sturdy\n|-damage|p1a: Magnemite|10\/100\n|-damage|p2a: Mimikyu|57\/100|[from] item: Life Orb\n|move|p1a: Magnemite|Recycle|p1a: Magnemite\n|-item|p1a: Magnemite|Berry Juice|[from] move: Recycle\n|-enditem|p1a: Magnemite|Berry Juice\n|-heal|p1a: Magnemite|100\/100|[from] item: Berry Juice\n|\n|upkeep\n|turn|15\n|\n|t:|1700639727\n|switch|p2a: Snorlax|Snorlax, M|100\/100\n|move|p1a: Magnemite|Recycle|p1a: Magnemite\n|-item|p1a: Magnemite|Berry Juice|[from] move: Recycle\n|\n|upkeep\n|turn|16\n|\n|t:|1700639735\n|move|p2a: Snorlax|Curse|p2a: Snorlax\n|-unboost|p2a: Snorlax|spe|1\n|-boost|p2a: Snorlax|atk|1\n|-boost|p2a: Snorlax|def|1\n|move|p1a: Magnemite|Toxic|p2a: Snorlax\n|-immune|p2a: Snorlax|[from] ability: Immunity\n|\n|upkeep\n|turn|17\n|\n|t:|1700639760\n|move|p2a: Snorlax|Curse|p2a: Snorlax\n|-unboost|p2a: Snorlax|spe|1\n|-boost|p2a: Snorlax|atk|1\n|-boost|p2a: Snorlax|def|1\n|move|p1a: Magnemite|Supersonic|p2a: Snorlax\n|-start|p2a: Snorlax|confusion\n|\n|upkeep\n|turn|18\n|\n|t:|1700639772\n|-activate|p2a: Snorlax|confusion\n|move|p2a: Snorlax|Curse|p2a: Snorlax\n|-unboost|p2a: Snorlax|spe|1\n|-boost|p2a: Snorlax|atk|1\n|-boost|p2a: Snorlax|def|1\n|move|p1a: Magnemite|Supersonic|p2a: Snorlax|[miss]\n|-miss|p1a: Magnemite|p2a: Snorlax\n|\n|upkeep\n|turn|19\n|\n|t:|1700639786\n|move|p1a: Magnemite|Protect|p1a: Magnemite\n|-singleturn|p1a: Magnemite|Protect\n|-activate|p2a: Snorlax|confusion\n|-damage|p2a: Snorlax|91\/100|[from] confusion\n|\n|-heal|p2a: Snorlax|97\/100|[from] item: Leftovers\n|upkeep\n|turn|20\n|\n|t:|1700639797\n|move|p1a: Magnemite|Protect|p1a: Magnemite\n|-singleturn|p1a: Magnemite|Protect\n|-activate|p2a: Snorlax|confusion\n|move|p2a: Snorlax|Curse|p2a: Snorlax\n|-unboost|p2a: Snorlax|spe|1\n|-boost|p2a: Snorlax|atk|1\n|-boost|p2a: Snorlax|def|1\n|\n|-heal|p2a: Snorlax|100\/100|[from] item: Leftovers\n|upkeep\n|turn|21\n|\n|t:|1700639809\n|-end|p2a: Snorlax|confusion\n|move|p2a: Snorlax|Curse|p2a: Snorlax\n|-unboost|p2a: Snorlax|spe|1\n|-boost|p2a: Snorlax|atk|1\n|-boost|p2a: Snorlax|def|1\n|move|p1a: Magnemite|Supersonic|p2a: Snorlax|[miss]\n|-miss|p1a: Magnemite|p2a: Snorlax\n|\n|upkeep\n|turn|22\n|\n|t:|1700639817\n|move|p2a: Snorlax|Curse|p2a: Snorlax\n|-unboost|p2a: Snorlax|spe|1\n|-boost|p2a: Snorlax|atk|1\n|-boost|p2a: Snorlax|def|1\n|move|p1a: Magnemite|Supersonic|p2a: Snorlax\n|-start|p2a: Snorlax|confusion\n|\n|upkeep\n|turn|23\n|\n|t:|1700639836\n|-activate|p2a: Snorlax|confusion\n|move|p2a: Snorlax|Body Slam|p1a: Magnemite\n|-resisted|p1a: Magnemite\n|-ability|p1a: Magnemite|Sturdy\n|-damage|p1a: Magnemite|10\/100\n|-enditem|p1a: Magnemite|Berry Juice\n|-heal|p1a: Magnemite|100\/100|[from] item: Berry Juice\n|move|p1a: Magnemite|Supersonic|p2a: Snorlax|[miss]\n|-miss|p1a: Magnemite|p2a: Snorlax\n|\n|upkeep\n|turn|24\n|\n|t:|1700639847\n|move|p1a: Magnemite|Protect|p1a: Magnemite\n|-singleturn|p1a: Magnemite|Protect\n|-end|p2a: Snorlax|confusion\n|move|p2a: Snorlax|Body Slam|p1a: Magnemite\n|-activate|p1a: Magnemite|move: Protect\n|\n|upkeep\n|turn|25\n|\n|t:|1700639854\n|move|p2a: Snorlax|Body Slam|p1a: Magnemite\n|-resisted|p1a: Magnemite\n|-ability|p1a: Magnemite|Sturdy\n|-damage|p1a: Magnemite|10\/100\n|move|p1a: Magnemite|Recycle|p1a: Magnemite\n|-item|p1a: Magnemite|Berry Juice|[from] move: Recycle\n|-enditem|p1a: Magnemite|Berry Juice\n|-heal|p1a: Magnemite|100\/100|[from] item: Berry Juice\n|\n|upkeep\n|turn|26\n|\n|t:|1700639869\n|move|p2a: Snorlax|Body Slam|p1a: Magnemite\n|-resisted|p1a: Magnemite\n|-ability|p1a: Magnemite|Sturdy\n|-damage|p1a: Magnemite|10\/100\n|move|p1a: Magnemite|Recycle|p1a: Magnemite\n|-item|p1a: Magnemite|Berry Juice|[from] move: Recycle\n|-enditem|p1a: Magnemite|Berry Juice\n|-heal|p1a: Magnemite|100\/100|[from] item: Berry Juice\n|\n|upkeep\n|turn|27\n|\n|t:|1700639880\n|move|p2a: Snorlax|Body Slam|p1a: Magnemite\n|-resisted|p1a: Magnemite\n|-ability|p1a: Magnemite|Sturdy\n|-damage|p1a: Magnemite|10\/100\n|move|p1a: Magnemite|Recycle|p1a: Magnemite\n|-item|p1a: Magnemite|Berry Juice|[from] move: Recycle\n|-enditem|p1a: Magnemite|Berry Juice\n|-heal|p1a: Magnemite|100\/100|[from] item: Berry Juice\n|\n|upkeep\n|turn|28\n|\n|t:|1700639897\n|move|p2a: Snorlax|Body Slam|p1a: Magnemite\n|-resisted|p1a: Magnemite\n|-ability|p1a: Magnemite|Sturdy\n|-damage|p1a: Magnemite|10\/100\n|move|p1a: Magnemite|Recycle|p1a: Magnemite\n|-item|p1a: Magnemite|Berry Juice|[from] move: Recycle\n|-enditem|p1a: Magnemite|Berry Juice\n|-heal|p1a: Magnemite|100\/100|[from] item: Berry Juice\n|\n|upkeep\n|turn|29\n|inactive|djkslaf has 120 seconds left.\n|\n|t:|1700639914\n|move|p2a: Snorlax|Body Slam|p1a: Magnemite\n|-resisted|p1a: Magnemite\n|-ability|p1a: Magnemite|Sturdy\n|-damage|p1a: Magnemite|10\/100\n|move|p1a: Magnemite|Recycle|p1a: Magnemite\n|-item|p1a: Magnemite|Berry Juice|[from] move: Recycle\n|-enditem|p1a: Magnemite|Berry Juice\n|-heal|p1a: Magnemite|100\/100|[from] item: Berry Juice\n|\n|upkeep\n|turn|30\n|inactive|djkslaf has 120 seconds left.\n|\n|t:|1700639924\n|move|p1a: Magnemite|Protect|p1a: Magnemite\n|-singleturn|p1a: Magnemite|Protect\n|move|p2a: Snorlax|Body Slam|p1a: Magnemite\n|-activate|p1a: Magnemite|move: Protect\n|\n|upkeep\n|turn|31\n|\n|t:|1700639933\n|move|p2a: Snorlax|Body Slam|p1a: Magnemite\n|-resisted|p1a: Magnemite\n|-ability|p1a: Magnemite|Sturdy\n|-damage|p1a: Magnemite|10\/100\n|move|p1a: Magnemite|Recycle|p1a: Magnemite\n|-item|p1a: Magnemite|Berry Juice|[from] move: Recycle\n|-enditem|p1a: Magnemite|Berry Juice\n|-heal|p1a: Magnemite|100\/100|[from] item: Berry Juice\n|\n|upkeep\n|turn|32\n|\n|t:|1700639943\n|move|p1a: Magnemite|Protect|p1a: Magnemite\n|-singleturn|p1a: Magnemite|Protect\n|move|p2a: Snorlax|Body Slam|p1a: Magnemite\n|-activate|p1a: Magnemite|move: Protect\n|\n|upkeep\n|turn|33\n|\n|t:|1700639951\n|move|p2a: Snorlax|Curse|p2a: Snorlax\n|move|p1a: Magnemite|Recycle|p1a: Magnemite\n|-item|p1a: Magnemite|Berry Juice|[from] move: Recycle\n|\n|upkeep\n|turn|34\n|\n|t:|1700639957\n|move|p2a: Snorlax|Body Slam|p1a: Magnemite\n|-resisted|p1a: Magnemite\n|-ability|p1a: Magnemite|Sturdy\n|-damage|p1a: Magnemite|10\/100\n|-enditem|p1a: Magnemite|Berry Juice\n|-heal|p1a: Magnemite|100\/100|[from] item: Berry Juice\n|move|p1a: Magnemite|Supersonic|p2a: Snorlax|[miss]\n|-miss|p1a: Magnemite|p2a: Snorlax\n|\n|upkeep\n|turn|35\n|\n|t:|1700639971\n|move|p1a: Magnemite|Protect|p1a: Magnemite\n|-singleturn|p1a: Magnemite|Protect\n|move|p2a: Snorlax|Body Slam|p1a: Magnemite\n|-activate|p1a: Magnemite|move: Protect\n|\n|upkeep\n|turn|36\n|\n|t:|1700639979\n|move|p2a: Snorlax|Body Slam|p1a: Magnemite\n|-resisted|p1a: Magnemite\n|-ability|p1a: Magnemite|Sturdy\n|-damage|p1a: Magnemite|10\/100\n|move|p1a: Magnemite|Recycle|p1a: Magnemite\n|-item|p1a: Magnemite|Berry Juice|[from] move: Recycle\n|-enditem|p1a: Magnemite|Berry Juice\n|-heal|p1a: Magnemite|100\/100|[from] item: Berry Juice\n|\n|upkeep\n|turn|37\n|\n|t:|1700639990\n|move|p1a: Magnemite|Protect|p1a: Magnemite\n|-singleturn|p1a: Magnemite|Protect\n|move|p2a: Snorlax|Body Slam|p1a: Magnemite\n|-activate|p1a: Magnemite|move: Protect\n|\n|upkeep\n|turn|38\n|\n|t:|1700639998\n|move|p2a: Snorlax|Body Slam|p1a: Magnemite\n|-resisted|p1a: Magnemite\n|-ability|p1a: Magnemite|Sturdy\n|-damage|p1a: Magnemite|10\/100\n|move|p1a: Magnemite|Recycle|p1a: Magnemite\n|-item|p1a: Magnemite|Berry Juice|[from] move: Recycle\n|-enditem|p1a: Magnemite|Berry Juice\n|-heal|p1a: Magnemite|100\/100|[from] item: Berry Juice\n|\n|upkeep\n|turn|39\n|\n|t:|1700640008\n|move|p1a: Magnemite|Protect|p1a: Magnemite\n|-singleturn|p1a: Magnemite|Protect\n|move|p2a: Snorlax|Body Slam|p1a: Magnemite\n|-activate|p1a: Magnemite|move: Protect\n|\n|upkeep\n|turn|40\n|\n|t:|1700640016\n|move|p2a: Snorlax|Body Slam|p1a: Magnemite\n|-resisted|p1a: Magnemite\n|-ability|p1a: Magnemite|Sturdy\n|-damage|p1a: Magnemite|10\/100\n|move|p1a: Magnemite|Recycle|p1a: Magnemite\n|-item|p1a: Magnemite|Berry Juice|[from] move: Recycle\n|-enditem|p1a: Magnemite|Berry Juice\n|-heal|p1a: Magnemite|100\/100|[from] item: Berry Juice\n|\n|upkeep\n|turn|41\n|\n|t:|1700640033\n|move|p1a: Magnemite|Protect|p1a: Magnemite\n|-singleturn|p1a: Magnemite|Protect\n|move|p2a: Snorlax|Body Slam|p1a: Magnemite\n|-activate|p1a: Magnemite|move: Protect\n|\n|upkeep\n|turn|42\n|\n|t:|1700640041\n|move|p2a: Snorlax|Body Slam|p1a: Magnemite\n|-resisted|p1a: Magnemite\n|-ability|p1a: Magnemite|Sturdy\n|-damage|p1a: Magnemite|10\/100\n|move|p1a: Magnemite|Recycle|p1a: Magnemite\n|-item|p1a: Magnemite|Berry Juice|[from] move: Recycle\n|-enditem|p1a: Magnemite|Berry Juice\n|-heal|p1a: Magnemite|100\/100|[from] item: Berry Juice\n|\n|upkeep\n|turn|43\n|\n|t:|1700640054\n|move|p1a: Magnemite|Protect|p1a: Magnemite\n|-singleturn|p1a: Magnemite|Protect\n|move|p2a: Snorlax|Body Slam|p1a: Magnemite\n|-activate|p1a: Magnemite|move: Protect\n|\n|upkeep\n|turn|44\n|\n|t:|1700640061\n|move|p2a: Snorlax|Body Slam|p1a: Magnemite\n|-resisted|p1a: Magnemite\n|-ability|p1a: Magnemite|Sturdy\n|-damage|p1a: Magnemite|10\/100\n|move|p1a: Magnemite|Recycle|p1a: Magnemite\n|-item|p1a: Magnemite|Berry Juice|[from] move: Recycle\n|-enditem|p1a: Magnemite|Berry Juice\n|-heal|p1a: Magnemite|100\/100|[from] item: Berry Juice\n|\n|upkeep\n|turn|45\n|\n|t:|1700640070\n|move|p1a: Magnemite|Protect|p1a: Magnemite\n|-singleturn|p1a: Magnemite|Protect\n|move|p2a: Snorlax|Curse|p2a: Snorlax\n|\n|upkeep\n|turn|46\n|\n|t:|1700640077\n|move|p2a: Snorlax|Body Slam|p1a: Magnemite\n|-resisted|p1a: Magnemite\n|-ability|p1a: Magnemite|Sturdy\n|-damage|p1a: Magnemite|10\/100\n|move|p1a: Magnemite|Recycle|p1a: Magnemite\n|-item|p1a: Magnemite|Berry Juice|[from] move: Recycle\n|-enditem|p1a: Magnemite|Berry Juice\n|-heal|p1a: Magnemite|100\/100|[from] item: Berry Juice\n|\n|upkeep\n|turn|47\n|\n|t:|1700640086\n|move|p1a: Magnemite|Protect|p1a: Magnemite\n|-singleturn|p1a: Magnemite|Protect\n|move|p2a: Snorlax|Curse|p2a: Snorlax\n|\n|upkeep\n|turn|48\n|\n|t:|1700640092\n|move|p2a: Snorlax|Body Slam|p1a: Magnemite\n|-resisted|p1a: Magnemite\n|-ability|p1a: Magnemite|Sturdy\n|-damage|p1a: Magnemite|10\/100\n|move|p1a: Magnemite|Supersonic|p2a: Snorlax\n|-start|p2a: Snorlax|confusion\n|\n|upkeep\n|turn|49\n|\n|t:|1700640100\n|move|p1a: Magnemite|Protect|p1a: Magnemite\n|-singleturn|p1a: Magnemite|Protect\n|-activate|p2a: Snorlax|confusion\n|move|p2a: Snorlax|Body Slam|p1a: Magnemite\n|-activate|p1a: Magnemite|move: Protect\n|\n|upkeep\n|turn|50\n|\n|t:|1700640115\n|-activate|p2a: Snorlax|confusion\n|move|p2a: Snorlax|Rest|p2a: Snorlax\n|-fail|p2a: Snorlax|heal\n|move|p1a: Magnemite|Toxic|p2a: Snorlax\n|-immune|p2a: Snorlax|[from] ability: Immunity\n|\n|upkeep\n|turn|51\n|\n|t:|1700640124\n|move|p1a: Magnemite|Protect|p1a: Magnemite\n|-singleturn|p1a: Magnemite|Protect\n|-end|p2a: Snorlax|confusion\n|move|p2a: Snorlax|Rest|p2a: Snorlax\n|-fail|p2a: Snorlax|heal\n|\n|upkeep\n|turn|52\n|\n|t:|1700640136\n|move|p2a: Snorlax|Rest|p2a: Snorlax\n|-fail|p2a: Snorlax|heal\n|move|p1a: Magnemite|Supersonic|p2a: Snorlax\n|-start|p2a: Snorlax|confusion\n|\n|upkeep\n|turn|53\n|\n|t:|1700640143\n|move|p1a: Magnemite|Protect|p1a: Magnemite\n|-singleturn|p1a: Magnemite|Protect\n|-activate|p2a: Snorlax|confusion\n|-damage|p2a: Snorlax|91\/100|[from] confusion\n|\n|-heal|p2a: Snorlax|97\/100|[from] item: Leftovers\n|upkeep\n|turn|54\n|\n|t:|1700640153\n|-end|p2a: Snorlax|confusion\n|move|p2a: Snorlax|Rest|p2a: Snorlax\n|-status|p2a: Snorlax|slp|[from] move: Rest\n|-heal|p2a: Snorlax|100\/100 slp|[silent]\n|move|p1a: Magnemite|Toxic||[still]\n|-fail|p1a: Magnemite\n|\n|upkeep\n|turn|55\n|\n|t:|1700640165\n|cant|p2a: Snorlax|slp\n|move|p2a: Snorlax|Sleep Talk|p2a: Snorlax\n|move|p2a: Snorlax|Curse|p2a: Snorlax|[from]move: Sleep Talk\n|move|p1a: Magnemite|Supersonic|p2a: Snorlax\n|-start|p2a: Snorlax|confusion\n|\n|upkeep\n|turn|56\n|\n|t:|1700640173\n|switch|p1a: Cyclizar|Cyclizar, F|83\/100\n|cant|p2a: Snorlax|slp\n|-activate|p2a: Snorlax|confusion\n|move|p2a: Snorlax|Sleep Talk|p2a: Snorlax\n|move|p2a: Snorlax|Rest||[from]move: Sleep Talk|[still]\n|-fail|p2a: Snorlax\n|\n|upkeep\n|turn|57\n|\n|t:|1700640183\n|move|p1a: Cyclizar|Shed Tail|p1a: Cyclizar\n|-start|p1a: Cyclizar|Substitute|[from] move: Shed Tail\n|-damage|p1a: Cyclizar|33\/100\n|\n|t:|1700640186\n|switch|p1a: Zygarde|Zygarde|100\/100|[from] Shed Tail\n|-curestatus|p2a: Snorlax|slp|[msg]\n|-activate|p2a: Snorlax|confusion\n|move|p2a: Snorlax|Rest|p2a: Snorlax\n|-fail|p2a: Snorlax|heal\n|\n|upkeep\n|turn|58\n|\n|t:|1700640199\n|move|p1a: Zygarde|Haze|p1a: Zygarde\n|-clearallboost\n|-activate|p2a: Snorlax|confusion\n|move|p2a: Snorlax|Rest|p2a: Snorlax\n|-fail|p2a: Snorlax|heal\n|\n|upkeep\n|turn|59\n|\n|t:|1700640206\n|move|p1a: Zygarde|Thousand Arrows|p2a: Snorlax\n|-damage|p2a: Snorlax|70\/100\n|-end|p2a: Snorlax|confusion\n|move|p2a: Snorlax|Curse|p2a: Snorlax\n|-unboost|p2a: Snorlax|spe|1\n|-boost|p2a: Snorlax|atk|1\n|-boost|p2a: Snorlax|def|1\n|\n|-heal|p2a: Snorlax|76\/100|[from] item: Leftovers\n|upkeep\n|turn|60\n|\n|t:|1700640218\n|move|p1a: Zygarde|Thousand Arrows|p2a: Snorlax\n|-damage|p2a: Snorlax|56\/100\n|move|p2a: Snorlax|Rest|p2a: Snorlax\n|-status|p2a: Snorlax|slp|[from] move: Rest\n|-heal|p2a: Snorlax|100\/100 slp|[silent]\n|\n|upkeep\n|turn|61\n|\n|t:|1700640226\n|move|p1a: Zygarde|Haze|p1a: Zygarde\n|-clearallboost\n|cant|p2a: Snorlax|slp\n|move|p2a: Snorlax|Sleep Talk|p2a: Snorlax\n|move|p2a: Snorlax|Curse|p2a: Snorlax|[from]move: Sleep Talk\n|-unboost|p2a: Snorlax|spe|1\n|-boost|p2a: Snorlax|atk|1\n|-boost|p2a: Snorlax|def|1\n|\n|upkeep\n|turn|62\n|\n|t:|1700640240\n|move|p1a: Zygarde|Thousand Arrows|p2a: Snorlax\n|-damage|p2a: Snorlax|80\/100 slp\n|cant|p2a: Snorlax|slp\n|move|p2a: Snorlax|Sleep Talk|p2a: Snorlax\n|move|p2a: Snorlax|Body Slam|p1a: Zygarde|[from]move: Sleep Talk\n|-end|p1a: Zygarde|Substitute\n|\n|-heal|p2a: Snorlax|86\/100 slp|[from] item: Leftovers\n|upkeep\n|turn|63\n|\n|t:|1700640255\n|move|p1a: Zygarde|Haze|p1a: Zygarde\n|-clearallboost\n|-curestatus|p2a: Snorlax|slp|[msg]\n|move|p2a: Snorlax|Rest|p2a: Snorlax\n|-status|p2a: Snorlax|slp|[from] move: Rest\n|-heal|p2a: Snorlax|100\/100 slp|[silent]\n|\n|upkeep\n|turn|64\n|\n|t:|1700640265\n|move|p1a: Zygarde|Thousand Arrows|p2a: Snorlax\n|-damage|p2a: Snorlax|69\/100 slp\n|cant|p2a: Snorlax|slp\n|move|p2a: Snorlax|Sleep Talk|p2a: Snorlax\n|move|p2a: Snorlax|Rest||[from]move: Sleep Talk|[still]\n|-fail|p2a: Snorlax\n|\n|-heal|p2a: Snorlax|75\/100 slp|[from] item: Leftovers\n|upkeep\n|turn|65\n|\n|t:|1700640275\n|move|p1a: Zygarde|Thousand Arrows|p2a: Snorlax\n|-damage|p2a: Snorlax|48\/100 slp\n|cant|p2a: Snorlax|slp\n|move|p2a: Snorlax|Sleep Talk|p2a: Snorlax\n|move|p2a: Snorlax|Rest||[from]move: Sleep Talk|[still]\n|-fail|p2a: Snorlax\n|\n|-heal|p2a: Snorlax|55\/100 slp|[from] item: Leftovers\n|upkeep\n|turn|66\n|\n|t:|1700640284\n|move|p1a: Zygarde|Thousand Arrows|p2a: Snorlax\n|-damage|p2a: Snorlax|26\/100 slp\n|-curestatus|p2a: Snorlax|slp|[msg]\n|move|p2a: Snorlax|Curse|p2a: Snorlax\n|-unboost|p2a: Snorlax|spe|1\n|-boost|p2a: Snorlax|atk|1\n|-boost|p2a: Snorlax|def|1\n|\n|-heal|p2a: Snorlax|32\/100|[from] item: Leftovers\n|upkeep\n|turn|67\n|\n|t:|1700640295\n|move|p1a: Zygarde|Thousand Arrows|p2a: Snorlax\n|-damage|p2a: Snorlax|14\/100\n|move|p2a: Snorlax|Curse|p2a: Snorlax\n|-unboost|p2a: Snorlax|spe|1\n|-boost|p2a: Snorlax|atk|1\n|-boost|p2a: Snorlax|def|1\n|\n|-heal|p2a: Snorlax|20\/100|[from] item: Leftovers\n|upkeep\n|turn|68\n|\n|t:|1700640305\n|move|p1a: Zygarde|Thousand Arrows|p2a: Snorlax\n|-damage|p2a: Snorlax|6\/100\n|move|p2a: Snorlax|Curse|p2a: Snorlax\n|-unboost|p2a: Snorlax|spe|1\n|-boost|p2a: Snorlax|atk|1\n|-boost|p2a: Snorlax|def|1\n|\n|-heal|p2a: Snorlax|12\/100|[from] item: Leftovers\n|upkeep\n|turn|69\n|\n|t:|1700640314\n|move|p1a: Zygarde|Thousand Arrows|p2a: Snorlax\n|-damage|p2a: Snorlax|0 fnt\n|faint|p2a: Snorlax\n|\n|upkeep\n|\n|t:|1700640317\n|switch|p2a: Mimikyu|Mimikyu-Busted, M|57\/100\n|turn|70\n|\n|t:|1700640323\n|switch|p1a: Magnemite|Magnemite, L1|10\/100\n|move|p2a: Mimikyu|Play Rough|p1a: Magnemite\n|-resisted|p1a: Magnemite\n|-damage|p1a: Magnemite|0 fnt\n|faint|p1a: Magnemite\n|-damage|p2a: Mimikyu|47\/100|[from] item: Life Orb\n|\n|upkeep\n|\n|t:|1700640341\n|switch|p1a: Cyclizar|Cyclizar, F|66\/100\n|turn|71\n|\n|t:|1700640344\n|move|p1a: Cyclizar|Shed Tail|p1a: Cyclizar\n|-start|p1a: Cyclizar|Substitute|[from] move: Shed Tail\n|-damage|p1a: Cyclizar|16\/100\n|\n|t:|1700640347\n|switch|p1a: Zygarde|Zygarde|100\/100|[from] Shed Tail\n|move|p2a: Mimikyu|Play Rough|p1a: Zygarde|[miss]\n|-miss|p2a: Mimikyu|p1a: Zygarde\n|\n|upkeep\n|turn|72\n|\n|t:|1700640358\n|move|p2a: Mimikyu|Play Rough|p1a: Zygarde\n|-supereffective|p1a: Zygarde\n|-end|p1a: Zygarde|Substitute\n|-damage|p2a: Mimikyu|37\/100|[from] item: Life Orb\n|move|p1a: Zygarde|Thousand Arrows|p2a: Mimikyu\n|-damage|p2a: Mimikyu|0 fnt\n|faint|p2a: Mimikyu\n|\n|upkeep\n|\n|t:|1700640361\n|switch|p2a: Volcarona|Volcarona, F|100\/100\n|turn|73\n|\n|t:|1700640371\n|move|p2a: Volcarona|Quiver Dance|p2a: Volcarona\n|-boost|p2a: Volcarona|spa|1\n|-boost|p2a: Volcarona|spd|1\n|-boost|p2a: Volcarona|spe|1\n|move|p1a: Zygarde|Toxic|p2a: Volcarona\n|-status|p2a: Volcarona|tox\n|\n|-damage|p2a: Volcarona|94\/100 tox|[from] psn\n|upkeep\n|turn|74\n|\n|t:|1700640381\n|move|p2a: Volcarona|Giga Drain|p1a: Zygarde\n|-damage|p1a: Zygarde|64\/100\n|-heal|p2a: Volcarona|100\/100 tox|[from] drain|[of] p1a: Zygarde\n|move|p1a: Zygarde|Haze|p1a: Zygarde\n|-clearallboost\n|\n|-heal|p1a: Zygarde|70\/100|[from] item: Leftovers\n|-damage|p2a: Volcarona|88\/100 tox|[from] psn\n|upkeep\n|turn|75\n|-message|Piotrfau forfeited.\n|\n|win|djkslaf\n|raw|djkslaf's rating: 1254 &rarr; <strong>1278<\/strong><br \/>(+24 for winning)\n|raw|Piotrfau's rating: 1234 &rarr; <strong>1210<\/strong><br \/>(-24 for losing)\n|l|\u2606Piotrfau\n","uploadtime":1700640394,"views":0,"p1id":"djkslaf","p2id":"piotrfau","formatid":"gen9nationaldexubers","rating":1210,"private":0,"password":""}