{"id":"gen9nationaldexubers-1998115399","p1":"bleahey","p2":"dreepy airlines","format":"[Gen 9] National Dex Ubers","log":"|j|\u2606bleahey\n|j|\u2606dreepy airlines\n|inactive|Battle timer is ON: inactive players will automatically lose when time's up.\n|t:|1700894036\n|gametype|singles\n|player|p1|bleahey|brendan|\n|player|p2|dreepy airlines|waitress-gen6|\n|teamsize|p1|6\n|teamsize|p2|6\n|gen|9\n|tier|[Gen 9] National Dex Ubers\n|rated|Tournament battle\n|rule|HP Percentage Mod: HP is shown in percentages\n|rule|Endless Battle Clause: Forcing endless battles is banned\n|rule|OHKO Clause: OHKO moves are banned\n|rule|Evasion Moves Clause: Evasion moves are banned\n|rule|Evasion Items Clause: Evasion items are banned\n|rule|Species Clause: Limit one of each Pok\u00e9mon\n|rule|Sleep Clause Mod: Limit one foe put to sleep\n|rule|Mega Rayquaza Clause: You cannot mega evolve Rayquaza\n|clearpoke\n|poke|p1|Groudon-Primal|\n|poke|p1|Mewtwo-Mega-Y|\n|poke|p1|Yveltal|\n|poke|p1|Zacian-Crowned|\n|poke|p1|Zygarde-Complete|\n|poke|p1|Kyogre-Primal|\n|poke|p2|Smeargle, M|\n|poke|p2|Groudon-Primal|\n|poke|p2|Diancie-Mega|\n|poke|p2|Lunala|\n|poke|p2|Zacian-Crowned|\n|poke|p2|Yveltal|\n|teampreview\n|j|*Lady Monita \u2746\n|inactive|bleahey also wants the timer to be on.\n|inactive|dreepy airlines also wants the timer to be on.\n|j| Bunnysai\n|c|\u2606bleahey|glhf\n|\n|t:|1700894047\n|start\n|switch|p1a: Groudon|Groudon-Primal|100\/100\n|switch|p2a: Smeargle|Smeargle, M|100\/100\n|-weather|DesolateLand|[from] ability: Desolate Land|[of] p1a: Groudon\n|turn|1\n|\n|t:|1700894061\n|-weather|none\n|switch|p1a: Mewtwo|Mewtwo-Mega-Y|100\/100\n|move|p2a: Smeargle|Sticky Web|p1a: Mewtwo\n|-sidestart|p1: bleahey|move: Sticky Web\n|\n|-ability|p2a: Smeargle|Moody|boost\n|-boost|p2a: Smeargle|def|2\n|-unboost|p2a: Smeargle|atk|1\n|upkeep\n|turn|2\n|c| Bunnysai|Carefully with sticky web\n|\n|t:|1700894070\n|move|p1a: Mewtwo|Psystrike|p2a: Smeargle\n|-damage|p2a: Smeargle|31\/100\n|move|p2a: Smeargle|Nuzzle|p1a: Mewtwo\n|-damage|p1a: Mewtwo|99\/100\n|-status|p1a: Mewtwo|par\n|\n|-heal|p1a: Mewtwo|100\/100 par|[from] item: Leftovers\n|-ability|p2a: Smeargle|Moody|boost\n|-boost|p2a: Smeargle|spa|2\n|-unboost|p2a: Smeargle|spd|1\n|upkeep\n|turn|3\n|\n|t:|1700894084\n|move|p2a: Smeargle|Taunt|p1a: Mewtwo\n|-start|p1a: Mewtwo|move: Taunt\n|move|p1a: Mewtwo|Psystrike|p2a: Smeargle\n|-damage|p2a: Smeargle|0 fnt\n|faint|p2a: Smeargle\n|\n|upkeep\n|\n|t:|1700894096\n|switch|p2a: Yveltal|Yveltal|100\/100\n|-ability|p2a: Yveltal|Dark Aura\n|turn|4\n|\n|t:|1700894105\n|switch|p1a: Yveltal|Yveltal|100\/100\n|-ability|p1a: Yveltal|Dark Aura\n|move|p2a: Yveltal|Dark Pulse|p1a: Yveltal\n|-resisted|p1a: Yveltal\n|-damage|p1a: Yveltal|71\/100\n|-damage|p2a: Yveltal|91\/100|[from] item: Life Orb\n|\n|upkeep\n|turn|5\n|\n|t:|1700894117\n|move|p2a: Yveltal|Oblivion Wing|p1a: Yveltal\n|-damage|p1a: Yveltal|29\/100\n|-heal|p2a: Yveltal|100\/100|[from] drain|[of] p1a: Yveltal\n|-damage|p2a: Yveltal|91\/100|[from] item: Life Orb\n|move|p1a: Yveltal|Toxic|p2a: Yveltal\n|-status|p2a: Yveltal|tox\n|\n|-damage|p2a: Yveltal|84\/100 tox|[from] psn\n|upkeep\n|turn|6\n|\n|t:|1700894128\n|switch|p1a: Groudon|Groudon-Primal|100\/100\n|-activate|p1a: Groudon|move: Sticky Web\n|-unboost|p1a: Groudon|spe|1\n|-weather|DesolateLand|[from] ability: Desolate Land|[of] p1a: Groudon\n|move|p2a: Yveltal|Oblivion Wing|p1a: Groudon\n|-damage|p1a: Groudon|51\/100\n|-heal|p2a: Yveltal|100\/100 tox|[from] drain|[of] p1a: Groudon\n|-damage|p2a: Yveltal|91\/100 tox|[from] item: Life Orb\n|\n|-weather|DesolateLand|[upkeep]\n|-heal|p1a: Groudon|57\/100|[from] item: Leftovers\n|-damage|p2a: Yveltal|78\/100 tox|[from] psn\n|upkeep\n|turn|7\n|\n|t:|1700894136\n|move|p2a: Yveltal|Dark Pulse|p1a: Groudon\n|-crit|p1a: Groudon\n|-damage|p1a: Groudon|0 fnt\n|faint|p1a: Groudon\n|-weather|none\n|-damage|p2a: Yveltal|68\/100 tox|[from] item: Life Orb\n|\n|-damage|p2a: Yveltal|50\/100 tox|[from] psn\n|upkeep\n|\n|t:|1700894140\n|switch|p1a: Kyogre|Kyogre-Primal|100\/100\n|-activate|p1a: Kyogre|move: Sticky Web\n|-unboost|p1a: Kyogre|spe|1\n|-weather|PrimordialSea|[from] ability: Primordial Sea|[of] p1a: Kyogre\n|turn|8\n|\n|t:|1700894149\n|move|p2a: Yveltal|Dark Pulse|p1a: Kyogre\n|-damage|p1a: Kyogre|57\/100\n|-damage|p2a: Yveltal|40\/100 tox|[from] item: Life Orb\n|cant|p1a: Kyogre|flinch\n|\n|-weather|PrimordialSea|[upkeep]\n|-heal|p1a: Kyogre|63\/100|[from] item: Leftovers\n|-damage|p2a: Yveltal|16\/100 tox|[from] psn\n|upkeep\n|turn|9\n|j| Muralik29\n|\n|t:|1700894159\n|move|p2a: Yveltal|Dark Pulse|p1a: Kyogre\n|-damage|p1a: Kyogre|24\/100\n|-damage|p2a: Yveltal|6\/100 tox|[from] item: Life Orb\n|cant|p1a: Kyogre|flinch\n|\n|-weather|PrimordialSea|[upkeep]\n|-heal|p1a: Kyogre|30\/100|[from] item: Leftovers\n|-damage|p2a: Yveltal|0 fnt|[from] psn\n|faint|p2a: Yveltal\n|upkeep\n|c|\u2606bleahey|mmm\n|\n|t:|1700894169\n|switch|p2a: Lunala|Lunala|100\/100\n|turn|10\n|l| Muralik29\n|\n|t:|1700894177\n|move|p2a: Lunala|Moongeist Beam|p1a: Kyogre\n|-damage|p1a: Kyogre|0 fnt\n|faint|p1a: Kyogre\n|-weather|none\n|\n|upkeep\n|\n|t:|1700894184\n|switch|p1a: Yveltal|Yveltal|29\/100\n|-ability|p1a: Yveltal|Dark Aura\n|turn|11\n|\n|t:|1700894190\n|move|p2a: Lunala|Ice Beam|p1a: Yveltal\n|-supereffective|p1a: Yveltal\n|-damage|p1a: Yveltal|0 fnt\n|faint|p1a: Yveltal\n|\n|upkeep\n|\n|t:|1700894195\n|switch|p1a: Zacian|Zacian-Crowned|100\/100\n|-activate|p1a: Zacian|move: Sticky Web\n|-unboost|p1a: Zacian|spe|1\n|-ability|p1a: Zacian|Intrepid Sword|boost\n|-boost|p1a: Zacian|atk|1\n|turn|12\n|\n|t:|1700894207\n|move|p2a: Lunala|Calm Mind|p2a: Lunala\n|-boost|p2a: Lunala|spa|1\n|-boost|p2a: Lunala|spd|1\n|move|p1a: Zacian|Swords Dance|p1a: Zacian\n|-boost|p1a: Zacian|atk|2\n|\n|upkeep\n|turn|13\n|\n|t:|1700894217\n|-zpower|p2a: Lunala\n|move|p2a: Lunala|All-Out Pummeling|p1a: Zacian|[zeffect]\n|-damage|p1a: Zacian|4\/100\n|move|p1a: Zacian|Behemoth Blade|p2a: Lunala\n|-damage|p2a: Lunala|20\/100\n|-damage|p1a: Zacian|0 fnt|[from] item: Life Orb\n|faint|p1a: Zacian\n|\n|upkeep\n|\n|t:|1700894229\n|switch|p1a: Zygarde|Zygarde-Complete|100\/100\n|-activate|p1a: Zygarde|move: Sticky Web\n|-unboost|p1a: Zygarde|spe|1\n|turn|14\n|\n|t:|1700894234\n|-terastallize|p1a: Zygarde|Fairy\n|move|p2a: Lunala|Ice Beam|p1a: Zygarde\n|-damage|p1a: Zygarde|73\/100\n|-status|p1a: Zygarde|frz\n|cant|p1a: Zygarde|frz\n|\n|-heal|p1a: Zygarde|79\/100 frz|[from] item: Leftovers\n|upkeep\n|turn|15\n|c|\u2606bleahey|alr\n|c|\u2606dreepy airlines|it was over\n|c|\u2606dreepy airlines|!showset 3\n|c| dreepy airlines|\/raw <div class=\"infobox\">Diancie (Diancie-Mega) @ Focus Sash  <br \/>Ability: Magic Bounce  <br \/>Shiny: Yes  <br \/>Tera Type: Ghost  <br \/>EVs: 252 SpA &#x2f; 4 SpD &#x2f; 252 Spe  <br \/>Timid Nature  <br \/>IVs: 0 Atk  <br \/>- Stealth Rock  <br \/>- Moonblast  <br \/>- Earth Power  <br \/>- Endeavor  <br \/><br \/><\/div>\n|inactive|bleahey has 120 seconds left.\n|c|\u2606dreepy airlines|zyg was never sweeping\n|c|\u2606bleahey|yeah wasn't meant to be after the flinches anyway\n|c|\u2606bleahey|gg\n|\n|t:|1700894283\n|move|p2a: Lunala|Moongeist Beam|p1a: Zygarde\n|-damage|p1a: Zygarde|29\/100 frz\n|cant|p1a: Zygarde|frz\n|\n|-heal|p1a: Zygarde|35\/100 frz|[from] item: Leftovers\n|upkeep\n|turn|16\n|c|\u2606dreepy airlines|you didnt have to risk flinches if you jsut went dog\n|c|\u2606dreepy airlines|your fault for trying to preserve that mon\n|inactive|dreepy airlines has 120 seconds left.\n|c|\u2606dreepy airlines|and it was way over w\/o flinches you play like youve never touched this tier\n|\n|t:|1700894322\n|move|p2a: Lunala|Moongeist Beam|p1a: Zygarde\n|-damage|p1a: Zygarde|0 fnt\n|faint|p1a: Zygarde\n|\n|upkeep\n|c|\u2606bleahey|that would be correct\n|\n|t:|1700894333\n|switch|p1a: Mewtwo|Mewtwo-Mega-Y|100\/100 par\n|-activate|p1a: Mewtwo|move: Sticky Web\n|-unboost|p1a: Mewtwo|spe|1\n|turn|17\n|c|\u2606dreepy airlines|then quit whining\n|\n|t:|1700894338\n|move|p2a: Lunala|Moongeist Beam|p1a: Mewtwo\n|-supereffective|p1a: Mewtwo\n|-damage|p1a: Mewtwo|0 fnt\n|faint|p1a: Mewtwo\n|\n|win|dreepy airlines\n|n|\u2606bleahey|bleahey\n|n|\u2606dreepy airlines|dreepyairlines\n|n|*Lady Monita \u2746|ladymonita\n|n| Bunnysai|bunnysai\n|l|*Lady Monita \u2746\n|c|\u2606bleahey|idt 3 letters is excessive\n|c|\u2606bleahey|anyways grats\n|l|\u2606bleahey\n","uploadtime":1700894338,"views":6,"p1id":"bleahey","p2id":"dreepyairlines","formatid":"gen9nationaldexubers","rating":0,"private":0,"password":""}