{"id":"gen9nationaldexubers-1985792255","p1":"Viviexists","p2":"Sammmmmmmmmmmmm","format":"[Gen 9] National Dex Ubers","log":"|j|\u2606Viviexists\n|j|\u2606Sammmmmmmmmmmmm\n|t:|1699406640\n|gametype|singles\n|player|p1|Viviexists|mela|\n|player|p2|Sammmmmmmmmmmmm|bede-masters|\n|teamsize|p1|6\n|teamsize|p2|6\n|gen|9\n|tier|[Gen 9] National Dex Ubers\n|rule|HP Percentage Mod: HP is shown in percentages\n|rule|Endless Battle Clause: Forcing endless battles is banned\n|rule|OHKO Clause: OHKO moves are banned\n|rule|Evasion Moves Clause: Evasion moves are banned\n|rule|Evasion Items Clause: Evasion items are banned\n|rule|Species Clause: Limit one of each Pok\u00e9mon\n|rule|Sleep Clause Mod: Limit one foe put to sleep\n|rule|Mega Rayquaza Clause: You cannot mega evolve Rayquaza\n|clearpoke\n|poke|p1|Sinistcha|\n|poke|p1|Ting-Lu|\n|poke|p1|Sableye, M|\n|poke|p1|Skeledirge, F|\n|poke|p1|Dondozo, M|\n|poke|p1|Clefable, F|\n|poke|p2|Hatterene, F|\n|poke|p2|Victini|\n|poke|p2|Tapu Lele|\n|poke|p2|Gallade, M|\n|poke|p2|Slowbro, F|\n|poke|p2|Meloetta|\n|teampreview\n|inactive|Battle timer is ON: inactive players will automatically lose when time's up. (requested by Sammmmmmmmmmmmm)\n|c|\u2606Sammmmmmmmmmmmm|mfw wrong sets\n|\n|t:|1699406676\n|start\n|switch|p1a: Elf|Sableye, M|100\/100\n|switch|p2a: Godseeker|Hatterene, F, shiny|100\/100\n|turn|1\n|\n|t:|1699406683\n|detailschange|p1a: Elf|Sableye-Mega, M\n|-mega|p1a: Elf|Sableye|Sablenite\n|move|p2a: Godseeker|Calm Mind|p2a: Godseeker\n|-boost|p2a: Godseeker|spa|1\n|-boost|p2a: Godseeker|spd|1\n|move|p1a: Elf|Knock Off|p2a: Godseeker\n|-damage|p2a: Godseeker|75\/100\n|-enditem|p2a: Godseeker|Leftovers|[from] move: Knock Off|[of] p1a: Elf\n|\n|upkeep\n|turn|2\n|\n|t:|1699406692\n|switch|p1a: A Christmas Carol|Skeledirge, F|100\/100\n|move|p2a: Godseeker|Draining Kiss|p1a: A Christmas Carol\n|-resisted|p1a: A Christmas Carol\n|-damage|p1a: A Christmas Carol|92\/100\n|-heal|p2a: Godseeker|83\/100|[from] drain|[of] p1a: A Christmas Carol\n|\n|upkeep\n|turn|3\n|\n|t:|1699406705\n|switch|p2a: Marissa|Meloetta|100\/100\n|move|p1a: A Christmas Carol|Torch Song|p2a: Marissa\n|-damage|p2a: Marissa|78\/100\n|-boost|p1a: A Christmas Carol|spa|1\n|\n|upkeep\n|turn|4\n|c|\u2606Sammmmmmmmmmmmm|omg these sets r not changed lol\n|\n|t:|1699406727\n|move|p2a: Marissa|Knock Off|p1a: A Christmas Carol\n|-supereffective|p1a: A Christmas Carol\n|-damage|p1a: A Christmas Carol|54\/100\n|-enditem|p1a: A Christmas Carol|Heavy-Duty Boots|[from] move: Knock Off|[of] p2a: Marissa\n|move|p1a: A Christmas Carol|Torch Song|p2a: Marissa\n|-damage|p2a: Marissa|40\/100\n|-boost|p1a: A Christmas Carol|spa|1\n|\n|upkeep\n|turn|5\n|\n|t:|1699406734\n|move|p2a: Marissa|Stone Edge|p1a: A Christmas Carol\n|-supereffective|p1a: A Christmas Carol\n|-damage|p1a: A Christmas Carol|14\/100\n|move|p1a: A Christmas Carol|Torch Song|p2a: Marissa\n|-damage|p2a: Marissa|0 fnt\n|-boost|p1a: A Christmas Carol|spa|1\n|faint|p2a: Marissa\n|\n|upkeep\n|\n|t:|1699406740\n|switch|p2a: Kingsmould|Gallade, M, shiny|100\/100\n|turn|6\n|\n|t:|1699406745\n|switch|p1a: Home Alone|Dondozo, M|100\/100\n|detailschange|p2a: Kingsmould|Gallade-Mega, M, shiny\n|-mega|p2a: Kingsmould|Gallade|Galladite\n|move|p2a: Kingsmould|Knock Off|p1a: Home Alone\n|-damage|p1a: Home Alone|82\/100\n|-enditem|p1a: Home Alone|Leftovers|[from] move: Knock Off|[of] p2a: Kingsmould\n|\n|upkeep\n|turn|7\n|\n|t:|1699406753\n|switch|p2a: Millibelle|Slowbro, F|100\/100\n|move|p1a: Home Alone|Curse|p1a: Home Alone\n|-unboost|p1a: Home Alone|spe|1\n|-boost|p1a: Home Alone|atk|1\n|-boost|p1a: Home Alone|def|1\n|\n|upkeep\n|turn|8\n|\n|t:|1699406761\n|move|p2a: Millibelle|Scald|p1a: Home Alone\n|-resisted|p1a: Home Alone\n|-damage|p1a: Home Alone|69\/100\n|move|p1a: Home Alone|Wave Crash|p2a: Millibelle\n|-resisted|p2a: Millibelle\n|-crit|p2a: Millibelle\n|-damage|p2a: Millibelle|75\/100\n|-damage|p1a: Home Alone|52\/100|[from] item: Rocky Helmet|[of] p2a: Millibelle\n|-damage|p1a: Home Alone|46\/100|[from] Recoil\n|\n|upkeep\n|turn|9\n|\n|t:|1699406771\n|move|p2a: Millibelle|Scald|p1a: Home Alone\n|-resisted|p1a: Home Alone\n|-damage|p1a: Home Alone|33\/100\n|move|p1a: Home Alone|Rest|p1a: Home Alone\n|-status|p1a: Home Alone|slp|[from] move: Rest\n|-heal|p1a: Home Alone|100\/100 slp|[silent]\n|\n|upkeep\n|turn|10\n|\n|t:|1699406781\n|switch|p2a: Snail Shaman|Tapu Lele|100\/100\n|-fieldstart|move: Psychic Terrain|[from] ability: Psychic Surge|[of] p2a: Snail Shaman\n|cant|p1a: Home Alone|slp\n|move|p1a: Home Alone|Sleep Talk|p1a: Home Alone\n|move|p1a: Home Alone|Rest||[from]move: Sleep Talk|[still]\n|-fail|p1a: Home Alone\n|\n|upkeep\n|turn|11\n|\n|t:|1699406803\n|move|p2a: Snail Shaman|Moonblast|p1a: Home Alone\n|-crit|p1a: Home Alone\n|-damage|p1a: Home Alone|28\/100 slp\n|cant|p1a: Home Alone|slp\n|move|p1a: Home Alone|Sleep Talk|p1a: Home Alone\n|move|p1a: Home Alone|Wave Crash|p2a: Snail Shaman|[from]move: Sleep Talk\n|-damage|p2a: Snail Shaman|4\/100\n|-damage|p1a: Home Alone|11\/100 slp|[from] Recoil\n|\n|upkeep\n|turn|12\n|\n|t:|1699406818\n|move|p2a: Snail Shaman|Moonblast|p1a: Home Alone\n|-damage|p1a: Home Alone|0 fnt\n|faint|p1a: Home Alone\n|\n|upkeep\n|\n|t:|1699406824\n|switch|p1a: Frosty the Snowman|Clefable, F|100\/100\n|turn|13\n|\n|t:|1699406834\n|switch|p2a: Sly|Victini|100\/100\n|move|p1a: Frosty the Snowman|Knock Off|p2a: Sly\n|-supereffective|p2a: Sly\n|-damage|p2a: Sly|66\/100\n|-enditem|p2a: Sly|Choice Band|[from] move: Knock Off|[of] p1a: Frosty the Snowman\n|\n|upkeep\n|turn|14\n|\n|t:|1699406850\n|-terastallize|p2a: Sly|Fire\n|move|p2a: Sly|V-create|p1a: Frosty the Snowman\n|-damage|p1a: Frosty the Snowman|0 fnt\n|-unboost|p2a: Sly|spe|1\n|-unboost|p2a: Sly|def|1\n|-unboost|p2a: Sly|spd|1\n|faint|p1a: Frosty the Snowman\n|\n|-fieldend|move: Psychic Terrain\n|upkeep\n|\n|t:|1699406858\n|switch|p1a: Rudolph|Ting-Lu|100\/100\n|-ability|p1a: Rudolph|Vessel of Ruin\n|turn|15\n|\n|t:|1699406870\n|switch|p2a: Godseeker|Hatterene, F, shiny|83\/100\n|move|p1a: Rudolph|Stealth Rock|p2a: Godseeker\n|move|p2a: Godseeker|Stealth Rock|p1a: Rudolph|[from]ability: Magic Bounce\n|-sidestart|p1: Viviexists|move: Stealth Rock\n|\n|upkeep\n|turn|16\n|\n|t:|1699406874\n|move|p2a: Godseeker|Calm Mind|p2a: Godseeker\n|-boost|p2a: Godseeker|spa|1\n|-boost|p2a: Godseeker|spd|1\n|move|p1a: Rudolph|Whirlwind|p2a: Godseeker\n|move|p2a: Godseeker|Whirlwind|p1a: Rudolph|[from]ability: Magic Bounce\n|drag|p1a: Elf|Sableye-Mega, M|100\/100\n|-damage|p1a: Elf|88\/100|[from] Stealth Rock\n|\n|upkeep\n|turn|17\n|\n|t:|1699406878\n|move|p2a: Godseeker|Calm Mind|p2a: Godseeker\n|-boost|p2a: Godseeker|spa|1\n|-boost|p2a: Godseeker|spd|1\n|move|p1a: Elf|Knock Off|p2a: Godseeker\n|-damage|p2a: Godseeker|68\/100\n|\n|upkeep\n|turn|18\n|\n|t:|1699406882\n|move|p2a: Godseeker|Draining Kiss|p1a: Elf\n|-supereffective|p1a: Elf\n|-damage|p1a: Elf|16\/100\n|-heal|p2a: Godseeker|100\/100|[from] drain|[of] p1a: Elf\n|move|p1a: Elf|Seismic Toss|p2a: Godseeker\n|-damage|p2a: Godseeker|69\/100\n|\n|upkeep\n|turn|19\n|\n|t:|1699406887\n|move|p2a: Godseeker|Draining Kiss|p1a: Elf\n|-supereffective|p1a: Elf\n|-damage|p1a: Elf|0 fnt\n|-heal|p2a: Godseeker|80\/100|[from] drain|[of] p1a: Elf\n|faint|p1a: Elf\n|\n|upkeep\n|\n|t:|1699406889\n|switch|p1a: A Christmas Carol|Skeledirge, F|14\/100\n|-damage|p1a: A Christmas Carol|0 fnt|[from] Stealth Rock\n|faint|p1a: A Christmas Carol\n|\n|t:|1699406892\n|switch|p1a: Die Hard|Sinistcha|100\/100\n|-damage|p1a: Die Hard|88\/100|[from] Stealth Rock\n|turn|20\n|c|\u2606Viviexists|Nah but\n|c|\u2606Viviexists|wtf was stone edge meloetta doing\n|c|\u2606Viviexists|\ud83d\ude2d\ud83d\ude2d\ud83d\ude2d\n|inactive|Viviexists has 270 seconds left.\n|\n|t:|1699406925\n|move|p1a: Die Hard|Calm Mind|p1a: Die Hard\n|-boost|p1a: Die Hard|spa|1\n|-boost|p1a: Die Hard|spd|1\n|move|p2a: Godseeker|Psyshock|p1a: Die Hard\n|-damage|p1a: Die Hard|34\/100\n|\n|-heal|p1a: Die Hard|40\/100|[from] item: Leftovers\n|upkeep\n|turn|21\n|inactive|Viviexists has 270 seconds left.\n|\n|t:|1699406936\n|move|p1a: Die Hard|Strength Sap|p2a: Godseeker\n|move|p2a: Godseeker|Strength Sap|p1a: Die Hard|[from]ability: Magic Bounce\n|-unboost|p1a: Die Hard|atk|1\n|-heal|p2a: Godseeker|100\/100\n|move|p2a: Godseeker|Psyshock|p1a: Die Hard\n|-damage|p1a: Die Hard|0 fnt\n|faint|p1a: Die Hard\n|\n|upkeep\n|inactive|Viviexists has 270 seconds left.\n|\n|t:|1699406942\n|switch|p1a: Rudolph|Ting-Lu|100\/100\n|-damage|p1a: Rudolph|94\/100|[from] Stealth Rock\n|-ability|p1a: Rudolph|Vessel of Ruin\n|turn|22\n|\n|t:|1699406946\n|move|p1a: Rudolph|Earthquake|p2a: Godseeker\n|-damage|p2a: Godseeker|72\/100\n|move|p2a: Godseeker|Draining Kiss|p1a: Rudolph\n|-supereffective|p1a: Rudolph\n|-damage|p1a: Rudolph|55\/100\n|-heal|p2a: Godseeker|100\/100|[from] drain|[of] p1a: Rudolph\n|\n|-heal|p1a: Rudolph|61\/100|[from] item: Leftovers\n|upkeep\n|turn|23\n|inactive|Viviexists has 270 seconds left.\n|c|\u2606Viviexists|Honestly I kinda just wanted to see what strength sap would do with magic bounce\n|\n|t:|1699406981\n|move|p1a: Rudolph|Earthquake|p2a: Godseeker\n|-damage|p2a: Godseeker|67\/100\n|move|p2a: Godseeker|Draining Kiss|p1a: Rudolph\n|-supereffective|p1a: Rudolph\n|-damage|p1a: Rudolph|25\/100\n|-heal|p2a: Godseeker|100\/100|[from] drain|[of] p1a: Rudolph\n|\n|-heal|p1a: Rudolph|32\/100|[from] item: Leftovers\n|upkeep\n|turn|24\n|c|\u2606Sammmmmmmmmmmmm|its silly\n|\n|t:|1699406988\n|move|p1a: Rudolph|Earthquake|p2a: Godseeker\n|-damage|p2a: Godseeker|70\/100\n|move|p2a: Godseeker|Draining Kiss|p1a: Rudolph\n|-supereffective|p1a: Rudolph\n|-damage|p1a: Rudolph|0 fnt\n|-heal|p2a: Godseeker|100\/100|[from] drain|[of] p1a: Rudolph\n|faint|p1a: Rudolph\n|\n|win|Sammmmmmmmmmmmm\n","uploadtime":1699406993,"views":11,"p1id":"viviexists","p2id":"sammmmmmmmmmmmm","formatid":"gen9nationaldexubers","rating":0,"private":0,"password":""}