{"id":"gen9nationaldexubers-1985718276","p1":"tsutsujimori","p2":"KingoftheTitans","format":"[Gen 9] National Dex Ubers","log":"|j|\u2606tsutsujimori\n|j|\u2606KingoftheTitans\n|t:|1699398913\n|gametype|singles\n|player|p1|tsutsujimori|silver|1162\n|player|p2|KingoftheTitans|170|1255\n|teamsize|p1|6\n|teamsize|p2|6\n|gen|9\n|tier|[Gen 9] National Dex Ubers\n|rated|\n|rule|HP Percentage Mod: HP is shown in percentages\n|rule|Endless Battle Clause: Forcing endless battles is banned\n|rule|OHKO Clause: OHKO moves are banned\n|rule|Evasion Moves Clause: Evasion moves are banned\n|rule|Evasion Items Clause: Evasion items are banned\n|rule|Species Clause: Limit one of each Pok\u00e9mon\n|rule|Sleep Clause Mod: Limit one foe put to sleep\n|rule|Mega Rayquaza Clause: You cannot mega evolve Rayquaza\n|clearpoke\n|poke|p1|Zygarde|\n|poke|p1|Cloyster, F|\n|poke|p1|Klefki, F|\n|poke|p1|Glimmora, M|\n|poke|p1|Chi-Yu|\n|poke|p1|Dracovish|\n|poke|p2|Landorus, M|\n|poke|p2|Aegislash, M|\n|poke|p2|Rotom-Wash|\n|poke|p2|Blaziken, M|\n|poke|p2|Genesect-Douse|\n|poke|p2|Solgaleo|\n|teampreview\n|inactive|Battle timer is ON: inactive players will automatically lose when time's up. (requested by tsutsujimori)\n|c|\u2606tsutsujimori|glhf\n|c|\u2606KingoftheTitans|U2\n|inactive|KingoftheTitans has 120 seconds left.\n|\n|t:|1699398948\n|start\n|switch|p1a: Glimmora|Glimmora, M|100\/100\n|switch|p2a: Genesect|Genesect-Douse, shiny|100\/100\n|-ability|p2a: Genesect|Download|boost\n|-boost|p2a: Genesect|spa|1\n|turn|1\n|\n|t:|1699398960\n|move|p2a: Genesect|Flash Cannon|p1a: Glimmora\n|-supereffective|p1a: Glimmora\n|-enditem|p1a: Glimmora|Focus Sash\n|-damage|p1a: Glimmora|1\/100\n|move|p1a: Glimmora|Stealth Rock|p2a: Genesect\n|-sidestart|p2: KingoftheTitans|move: Stealth Rock\n|\n|upkeep\n|turn|2\n|\n|t:|1699398975\n|move|p2a: Genesect|Techno Blast|p1a: Glimmora\n|-supereffective|p1a: Glimmora\n|-damage|p1a: Glimmora|0 fnt\n|faint|p1a: Glimmora\n|\n|upkeep\n|\n|t:|1699398992\n|switch|p1a: Klefki|Klefki, F, shiny|100\/100\n|turn|3\n|\n|t:|1699399003\n|move|p1a: Klefki|Thunder Wave|p2a: Genesect\n|-status|p2a: Genesect|par\n|move|p2a: Genesect|Flash Cannon|p1a: Klefki\n|-damage|p1a: Klefki|57\/100\n|\n|-heal|p1a: Klefki|63\/100|[from] item: Leftovers\n|upkeep\n|turn|4\n|\n|t:|1699399019\n|switch|p2a: Rotom|Rotom-Wash, shiny|100\/100\n|-damage|p2a: Rotom|88\/100|[from] Stealth Rock\n|move|p1a: Klefki|Spikes|p2a: Rotom\n|-sidestart|p2: KingoftheTitans|Spikes\n|\n|-heal|p2a: Rotom|94\/100|[from] item: Leftovers\n|-heal|p1a: Klefki|69\/100|[from] item: Leftovers\n|upkeep\n|turn|5\n|\n|t:|1699399031\n|move|p1a: Klefki|Toxic|p2a: Rotom\n|-status|p2a: Rotom|tox\n|move|p2a: Rotom|Defog|p1a: Klefki\n|-unboost|p1a: Klefki|evasion|1\n|-sideend|p2: KingoftheTitans|Spikes|[from] move: Defog|[of] p2a: Rotom\n|-sideend|p2: KingoftheTitans|Stealth Rock|[from] move: Defog|[of] p2a: Rotom\n|\n|-heal|p2a: Rotom|100\/100 tox|[from] item: Leftovers\n|-heal|p1a: Klefki|75\/100|[from] item: Leftovers\n|-damage|p2a: Rotom|94\/100 tox|[from] psn\n|upkeep\n|turn|6\n|inactive|tsutsujimori has 120 seconds left.\n|\n|t:|1699399052\n|move|p2a: Rotom|Hydro Pump|p1a: Klefki\n|-damage|p1a: Klefki|36\/100\n|move|p1a: Klefki|Play Rough|p2a: Rotom\n|-damage|p2a: Rotom|63\/100 tox\n|\n|-heal|p2a: Rotom|69\/100 tox|[from] item: Leftovers\n|-heal|p1a: Klefki|42\/100|[from] item: Leftovers\n|-damage|p2a: Rotom|57\/100 tox|[from] psn\n|upkeep\n|turn|7\n|inactive|tsutsujimori has 120 seconds left.\n|\n|t:|1699399082\n|switch|p2a: Solgaleo|Solgaleo, shiny|100\/100\n|move|p1a: Klefki|Spikes|p2a: Solgaleo\n|-sidestart|p2: KingoftheTitans|Spikes\n|\n|-heal|p1a: Klefki|48\/100|[from] item: Leftovers\n|upkeep\n|turn|8\n|\n|t:|1699399093\n|move|p1a: Klefki|Thunder Wave|p2a: Solgaleo\n|-status|p2a: Solgaleo|par\n|move|p2a: Solgaleo|Sunsteel Strike|p1a: Klefki\n|-damage|p1a: Klefki|0 fnt\n|faint|p1a: Klefki\n|\n|upkeep\n|\n|t:|1699399107\n|switch|p1a: Dracovish|Dracovish, shiny|100\/100\n|turn|9\n|\n|t:|1699399118\n|switch|p2a: Rotom|Rotom-Wash, shiny|57\/100 tox\n|-terastallize|p1a: Dracovish|Water\n|move|p1a: Dracovish|Fishious Rend|p2a: Rotom\n|-resisted|p2a: Rotom\n|-damage|p2a: Rotom|0 fnt\n|faint|p2a: Rotom\n|\n|upkeep\n|\n|t:|1699399128\n|switch|p2a: Genesect|Genesect-Douse, shiny|100\/100 par\n|-damage|p2a: Genesect|88\/100 par|[from] Spikes\n|-ability|p2a: Genesect|Download|boost\n|-boost|p2a: Genesect|spa|1\n|turn|10\n|inactive|tsutsujimori has 120 seconds left.\n|\n|t:|1699399141\n|cant|p2a: Genesect|par\n|move|p1a: Dracovish|Fishious Rend|p2a: Genesect\n|-damage|p2a: Genesect|0 fnt\n|faint|p2a: Genesect\n|\n|upkeep\n|\n|t:|1699399157\n|switch|p2a: Blaziken|Blaziken, M|100\/100\n|-damage|p2a: Blaziken|88\/100|[from] Spikes\n|turn|11\n|inactive|tsutsujimori has 120 seconds left.\n|\n|t:|1699399173\n|detailschange|p2a: Blaziken|Blaziken-Mega, M\n|-mega|p2a: Blaziken|Blaziken|Blazikenite\n|move|p2a: Blaziken|Protect|p2a: Blaziken\n|-singleturn|p2a: Blaziken|Protect\n|move|p1a: Dracovish|Fishious Rend|p2a: Blaziken\n|-activate|p2a: Blaziken|move: Protect\n|\n|-ability|p2a: Blaziken|Speed Boost|boost\n|-boost|p2a: Blaziken|spe|1\n|upkeep\n|turn|12\n|\n|t:|1699399182\n|move|p2a: Blaziken|Close Combat|p1a: Dracovish\n|-damage|p1a: Dracovish|15\/100\n|-unboost|p2a: Blaziken|def|1\n|-unboost|p2a: Blaziken|spd|1\n|move|p1a: Dracovish|Fishious Rend|p2a: Blaziken\n|-supereffective|p2a: Blaziken\n|-damage|p2a: Blaziken|0 fnt\n|faint|p2a: Blaziken\n|\n|upkeep\n|\n|t:|1699399190\n|switch|p2a: Aegislash|Aegislash, M, shiny|100\/100\n|-damage|p2a: Aegislash|88\/100|[from] Spikes\n|turn|13\n|\n|t:|1699399200\n|-formechange|p2a: Aegislash|Aegislash-Blade||[from] ability: Stance Change\n|move|p2a: Aegislash|Shadow Sneak|p1a: Dracovish\n|-damage|p1a: Dracovish|0 fnt\n|faint|p1a: Dracovish\n|\n|upkeep\n|\n|t:|1699399206\n|switch|p1a: Chi-Yu|Chi-Yu|100\/100\n|-ability|p1a: Chi-Yu|Beads of Ruin\n|turn|14\n|\n|t:|1699399219\n|-formechange|p2a: Aegislash|Aegislash||[from] ability: Stance Change\n|move|p2a: Aegislash|King's Shield|p2a: Aegislash\n|-singleturn|p2a: Aegislash|Protect\n|move|p1a: Chi-Yu|Flamethrower|p2a: Aegislash\n|-activate|p2a: Aegislash|move: Protect\n|\n|upkeep\n|turn|15\n|inactive|tsutsujimori has 120 seconds left.\n|\n|t:|1699399240\n|move|p1a: Chi-Yu|Flamethrower|p2a: Aegislash\n|-supereffective|p2a: Aegislash\n|-damage|p2a: Aegislash|0 fnt\n|faint|p2a: Aegislash\n|\n|upkeep\n|\n|t:|1699399246\n|switch|p2a: Solgaleo|Solgaleo, shiny|100\/100 par\n|-damage|p2a: Solgaleo|88\/100 par|[from] Spikes\n|turn|16\n|inactive|tsutsujimori has 120 seconds left.\n|\n|t:|1699399265\n|move|p1a: Chi-Yu|Flamethrower|p2a: Solgaleo\n|-supereffective|p2a: Solgaleo\n|-damage|p2a: Solgaleo|0 fnt\n|faint|p2a: Solgaleo\n|\n|upkeep\n|\n|t:|1699399270\n|switch|p2a: Landorus|Landorus, M|100\/100\n|turn|17\n|\n|t:|1699399283\n|move|p2a: Landorus|Sandsear Storm|p1a: Chi-Yu\n|-supereffective|p1a: Chi-Yu\n|-damage|p1a: Chi-Yu|0 fnt\n|faint|p1a: Chi-Yu\n|\n|upkeep\n|\n|t:|1699399290\n|switch|p1a: Cloyster|Cloyster, F, shiny|100\/100\n|turn|18\n|\n|t:|1699399293\n|-terastallize|p2a: Landorus|Fighting\n|move|p2a: Landorus|Focus Blast|p1a: Cloyster\n|-supereffective|p1a: Cloyster\n|-enditem|p1a: Cloyster|Focus Sash\n|-damage|p1a: Cloyster|1\/100\n|move|p1a: Cloyster|Shell Smash|p1a: Cloyster\n|-unboost|p1a: Cloyster|def|1\n|-unboost|p1a: Cloyster|spd|1\n|-boost|p1a: Cloyster|atk|2\n|-boost|p1a: Cloyster|spa|2\n|-boost|p1a: Cloyster|spe|2\n|\n|upkeep\n|turn|19\n|c|\u2606KingoftheTitans|gg\n|c|\u2606tsutsujimori|gg man\n|inactive|tsutsujimori has 120 seconds left.\n|\n|t:|1699399318\n|move|p1a: Cloyster|Icicle Spear|p2a: Landorus\n|-damage|p2a: Landorus|72\/100\n|-damage|p2a: Landorus|44\/100\n|-damage|p2a: Landorus|17\/100\n|-damage|p2a: Landorus|0 fnt\n|faint|p2a: Landorus\n|-hitcount|p2: Landorus|4\n|\n|win|tsutsujimori\n|raw|tsutsujimori's rating: 1186 &rarr; <strong>1216<\/strong><br \/>(+30 for winning)\n|raw|KingoftheTitans's rating: 1255 &rarr; <strong>1225<\/strong><br \/>(-30 for losing)\n|c|\u2606tsutsujimori|good one fr\n|c|\u2606tsutsujimori|i love darkrai\n|l|\u2606tsutsujimori\n","uploadtime":1699399336,"views":17,"p1id":"tsutsujimori","p2id":"kingofthetitans","formatid":"gen9nationaldexubers","rating":1216,"private":0,"password":""}