{"id":"gen9nationaldexubers-1981086911","p1":"700club","p2":"Cypression","format":"[Gen 9] National Dex Ubers","log":"|j|\u2606700club\n|j|\u2606Cypression\n|t:|1698862501\n|gametype|singles\n|player|p1|700club|shadowtriad|1226\n|player|p2|Cypression|101|1055\n|teamsize|p1|6\n|teamsize|p2|6\n|gen|9\n|tier|[Gen 9] National Dex Ubers\n|rated|\n|rule|HP Percentage Mod: HP is shown in percentages\n|rule|Endless Battle Clause: Forcing endless battles is banned\n|rule|OHKO Clause: OHKO moves are banned\n|rule|Evasion Moves Clause: Evasion moves are banned\n|rule|Evasion Items Clause: Evasion items are banned\n|rule|Species Clause: Limit one of each Pok\u00e9mon\n|rule|Sleep Clause Mod: Limit one foe put to sleep\n|rule|Mega Rayquaza Clause: You cannot mega evolve Rayquaza\n|clearpoke\n|poke|p1|Ogerpon-Hearthflame, F|\n|poke|p1|Ditto|\n|poke|p1|Deoxys-Speed|\n|poke|p1|Mewtwo|\n|poke|p1|Necrozma-Dusk-Mane|\n|poke|p1|Groudon|\n|poke|p2|Serperior, F|\n|poke|p2|Annihilape, F|\n|poke|p2|Diancie|\n|poke|p2|Skeledirge, M|\n|poke|p2|Buzzwole|\n|poke|p2|Glalie, F|\n|teampreview\n|inactive|Battle timer is ON: inactive players will automatically lose when time's up. (requested by Cypression)\n|c|\u2606700club|hi\n|\n|t:|1698862508\n|start\n|switch|p1a: Deoxys|Deoxys-Speed|100\/100\n|switch|p2a: Glalie|Glalie, F|100\/100\n|-ability|p1a: Deoxys|Pressure\n|turn|1\n|c|\u2606Cypression|hello\n|\n|t:|1698862526\n|move|p2a: Glalie|Protect|p2a: Glalie\n|-singleturn|p2a: Glalie|Protect\n|move|p1a: Deoxys|Stealth Rock|p2a: Glalie\n|-sidestart|p2: Cypression|move: Stealth Rock\n|\n|-ability|p2a: Glalie|Moody|boost\n|-boost|p2a: Glalie|spd|2\n|-unboost|p2a: Glalie|spa|1\n|upkeep\n|turn|2\n|\n|t:|1698862534\n|move|p1a: Deoxys|Taunt|p2a: Glalie\n|-start|p2a: Glalie|move: Taunt\n|cant|p2a: Glalie|move: Taunt|Substitute\n|\n|-ability|p2a: Glalie|Moody|boost\n|-boost|p2a: Glalie|spd|2\n|-unboost|p2a: Glalie|spa|1\n|upkeep\n|turn|3\n|inactive|700club has 120 seconds left.\n|\n|t:|1698862574\n|switch|p1a: Necrozma|Necrozma-Dusk-Mane|100\/100\n|move|p2a: Glalie|Frost Breath|p1a: Necrozma\n|-resisted|p1a: Necrozma\n|-crit|p1a: Necrozma\n|-damage|p1a: Necrozma|88\/100\n|\n|-ability|p2a: Glalie|Moody|boost\n|-boost|p2a: Glalie|spe|2\n|-unboost|p2a: Glalie|def|1\n|upkeep\n|turn|4\n|inactive|700club has 120 seconds left.\n|\n|t:|1698862595\n|switch|p2a: Skeledirge|Skeledirge, M|100\/100\n|-damage|p2a: Skeledirge|76\/100|[from] Stealth Rock\n|move|p1a: Necrozma|Photon Geyser|p2a: Skeledirge\n|-damage|p2a: Skeledirge|29\/100\n|\n|upkeep\n|turn|5\n|\n|t:|1698862621\n|detailschange|p1a: Necrozma|Necrozma-Ultra\n|-burst|p1a: Necrozma|Necrozma|Ultranecrozium Z\n|move|p1a: Necrozma|Photon Geyser|p2a: Skeledirge\n|-damage|p2a: Skeledirge|0 fnt\n|faint|p2a: Skeledirge\n|\n|upkeep\n|\n|t:|1698862634\n|switch|p2a: Annihilape|Annihilape, F|100\/100\n|-damage|p2a: Annihilape|94\/100|[from] Stealth Rock\n|turn|6\n|\n|t:|1698862647\n|-terastallize|p2a: Annihilape|Fighting\n|-zpower|p1a: Necrozma\n|move|p1a: Necrozma|Light That Burns the Sky|p2a: Annihilape|[zeffect]\n|-supereffective|p2a: Annihilape\n|-damage|p2a: Annihilape|0 fnt\n|faint|p2a: Annihilape\n|\n|upkeep\n|\n|t:|1698862654\n|switch|p2a: Serperior|Serperior, F|100\/100\n|-damage|p2a: Serperior|88\/100|[from] Stealth Rock\n|turn|7\n|\n|t:|1698862665\n|move|p1a: Necrozma|Photon Geyser|p2a: Serperior\n|-damage|p2a: Serperior|0 fnt\n|faint|p2a: Serperior\n|\n|upkeep\n|\n|t:|1698862671\n|switch|p2a: Buzzwole|Buzzwole|100\/100\n|-damage|p2a: Buzzwole|88\/100|[from] Stealth Rock\n|turn|8\n|\n|t:|1698862678\n|move|p1a: Necrozma|Photon Geyser|p2a: Buzzwole\n|-supereffective|p2a: Buzzwole\n|-damage|p2a: Buzzwole|0 fnt\n|faint|p2a: Buzzwole\n|\n|upkeep\n|\n|t:|1698862683\n|switch|p2a: Glalie|Glalie, F|100\/100\n|-damage|p2a: Glalie|76\/100|[from] Stealth Rock\n|turn|9\n|\n|t:|1698862691\n|move|p2a: Glalie|Protect|p2a: Glalie\n|-singleturn|p2a: Glalie|Protect\n|move|p1a: Necrozma|Dragon Dance|p1a: Necrozma\n|-boost|p1a: Necrozma|atk|1\n|-boost|p1a: Necrozma|spe|1\n|\n|-ability|p2a: Glalie|Moody|boost\n|-boost|p2a: Glalie|def|2\n|-unboost|p2a: Glalie|spe|1\n|upkeep\n|turn|10\n|\n|t:|1698862701\n|move|p1a: Necrozma|Photon Geyser|p2a: Glalie\n|-damage|p2a: Glalie|15\/100\n|move|p2a: Glalie|Sing|p1a: Necrozma|[miss]\n|-miss|p2a: Glalie|p1a: Necrozma\n|-enditem|p2a: Glalie|Blunder Policy\n|-boost|p2a: Glalie|spe|2\n|\n|-ability|p2a: Glalie|Moody|boost\n|-boost|p2a: Glalie|spe|2\n|-unboost|p2a: Glalie|def|1\n|upkeep\n|turn|11\n|\n|t:|1698862715\n|move|p2a: Glalie|Protect|p2a: Glalie\n|-singleturn|p2a: Glalie|Protect\n|move|p1a: Necrozma|Photon Geyser|p2a: Glalie\n|-activate|p2a: Glalie|move: Protect\n|\n|-ability|p2a: Glalie|Moody|boost\n|-boost|p2a: Glalie|spe|2\n|-unboost|p2a: Glalie|spd|1\n|upkeep\n|turn|12\n|\n|t:|1698862725\n|move|p2a: Glalie|Frost Breath|p1a: Necrozma\n|-supereffective|p1a: Necrozma\n|-crit|p1a: Necrozma\n|-damage|p1a: Necrozma|28\/100\n|move|p1a: Necrozma|Photon Geyser|p2a: Glalie\n|-damage|p2a: Glalie|0 fnt\n|faint|p2a: Glalie\n|\n|upkeep\n|\n|t:|1698862730\n|switch|p2a: Diancie|Diancie|100\/100\n|-damage|p2a: Diancie|88\/100|[from] Stealth Rock\n|turn|13\n|\n|t:|1698862742\n|switch|p1a: Groudon|Groudon|100\/100\n|detailschange|p1a: Groudon|Groudon-Primal\n|-primal|p1a: Groudon|Red Orb\n|-weather|DesolateLand|[from] ability: Desolate Land|[of] p1a: Groudon\n|detailschange|p2a: Diancie|Diancie-Mega\n|-mega|p2a: Diancie|Diancie|Diancite\n|move|p2a: Diancie|Draining Kiss|p1a: Groudon\n|-resisted|p1a: Groudon\n|-damage|p1a: Groudon|84\/100\n|-heal|p2a: Diancie|100\/100|[from] drain|[of] p1a: Groudon\n|\n|-weather|DesolateLand|[upkeep]\n|upkeep\n|turn|14\n|\n|t:|1698862755\n|move|p1a: Groudon|Precipice Blades|p2a: Diancie\n|-supereffective|p2a: Diancie\n|-crit|p2a: Diancie\n|-damage|p2a: Diancie|0 fnt\n|faint|p2a: Diancie\n|\n|win|700club\n|raw|700club's rating: 1226 &rarr; <strong>1240<\/strong><br \/>(+14 for winning)\n|raw|Cypression's rating: 1055 &rarr; <strong>1045<\/strong><br \/>(-10 for losing)\n|l|\u2606Cypression\n|c|\u2606700club|gg\n","uploadtime":1698862762,"views":9,"p1id":"700club","p2id":"cypression","formatid":"gen9nationaldexubers","rating":1045,"private":0,"password":""}