{"id":"gen9nationaldexubers-1994960303","p1":"DragonPhoenix333","p2":"arkeis","format":"[Gen 9] National Dex Ubers","log":"|j|\u2606DragonPhoenix333\n|j|\u2606arkeis\n|inactive|Battle timer is ON: inactive players will automatically lose when time's up.\n|t:|1700508281\n|gametype|singles\n|player|p1|DragonPhoenix333|nobunaga-conquest|\n|player|p2|arkeis|drayden|\n|teamsize|p1|6\n|teamsize|p2|6\n|gen|9\n|tier|[Gen 9] National Dex Ubers\n|rated|Tournament battle\n|rule|HP Percentage Mod: HP is shown in percentages\n|rule|Endless Battle Clause: Forcing endless battles is banned\n|rule|OHKO Clause: OHKO moves are banned\n|rule|Evasion Moves Clause: Evasion moves are banned\n|rule|Evasion Items Clause: Evasion items are banned\n|rule|Species Clause: Limit one of each Pok\u00e9mon\n|rule|Sleep Clause Mod: Limit one foe put to sleep\n|rule|Mega Rayquaza Clause: You cannot mega evolve Rayquaza\n|clearpoke\n|poke|p1|Zacian-Crowned|\n|poke|p1|Cramorant-Gorging, M|\n|poke|p1|Kangaskhan-Mega, F|\n|poke|p1|Necrozma-Ultra|\n|poke|p1|Zygarde-Complete|\n|poke|p1|Groudon-Primal|\n|poke|p2|Cramorant-Gorging, F|\n|poke|p2|Zygarde-Complete|\n|poke|p2|Latias-Mega, F|\n|poke|p2|Zacian-Crowned|\n|poke|p2|Arceus|\n|poke|p2|Skeledirge, M|\n|teampreview\n|j|*Lady Monita \u2746\n|c|\u2606DragonPhoenix333|hf\n|\n|t:|1700508293\n|start\n|switch|p1a: Kangaskhan|Kangaskhan-Mega, F, shiny|100\/100\n|switch|p2a: Zacian|Zacian-Crowned|100\/100\n|-ability|p2a: Zacian|Intrepid Sword|boost\n|-boost|p2a: Zacian|atk|1\n|turn|1\n|\n|t:|1700508309\n|move|p1a: Kangaskhan|Fake Out|p2a: Zacian\n|-resisted|p2a: Zacian\n|-damage|p2a: Zacian|91\/100\n|-resisted|p2a: Zacian\n|-damage|p2a: Zacian|89\/100\n|-hitcount|p2a: Zacian|2\n|cant|p2a: Zacian|flinch\n|\n|upkeep\n|turn|2\n|\n|t:|1700508315\n|move|p2a: Zacian|Close Combat|p1a: Kangaskhan\n|-supereffective|p1a: Kangaskhan\n|-damage|p1a: Kangaskhan|0 fnt\n|-unboost|p2a: Zacian|def|1\n|-unboost|p2a: Zacian|spd|1\n|faint|p1a: Kangaskhan\n|\n|upkeep\n|\n|t:|1700508320\n|switch|p1a: Cramorant|Cramorant-Gorging, M, shiny|100\/100\n|turn|3\n|\n|t:|1700508327\n|move|p2a: Zacian|Wild Charge|p1a: Cramorant\n|-supereffective|p1a: Cramorant\n|-damage|p1a: Cramorant|0 fnt\n|-damage|p2a: Zacian|64\/100|[from] ability: Gulp Missile|[of] p1a: Cramorant\n|-status|p2a: Zacian|par\n|-formechange|p1a: Cramorant|Cramorant|\n|faint|p1a: Cramorant\n|-damage|p2a: Zacian|37\/100 par|[from] Recoil\n|\n|upkeep\n|\n|t:|1700508334\n|switch|p1a: Groudon|Groudon-Primal, shiny|100\/100\n|-weather|DesolateLand|[from] ability: Desolate Land|[of] p1a: Groudon\n|turn|4\n|\n|t:|1700508340\n|move|p1a: Groudon|Precipice Blades|p2a: Zacian\n|-supereffective|p2a: Zacian\n|-damage|p2a: Zacian|0 fnt\n|faint|p2a: Zacian\n|\n|-weather|DesolateLand|[upkeep]\n|upkeep\n|\n|t:|1700508342\n|switch|p2a: Latias|Latias-Mega, F|100\/100\n|turn|5\n|\n|t:|1700508354\n|move|p1a: Groudon|Rock Tomb|p2a: Latias\n|-damage|p2a: Latias|84\/100\n|-unboost|p2a: Latias|spe|1\n|move|p2a: Latias|Psyshock|p1a: Groudon\n|-damage|p1a: Groudon|78\/100\n|\n|-weather|DesolateLand|[upkeep]\n|-heal|p1a: Groudon|84\/100|[from] item: Leftovers\n|-heal|p2a: Latias|90\/100|[from] item: Leftovers\n|upkeep\n|turn|6\n|\n|t:|1700508364\n|move|p1a: Groudon|Spikes|p2a: Latias\n|-sidestart|p2: arkeis|Spikes\n|move|p2a: Latias|Dragon Pulse|p1a: Groudon\n|-damage|p1a: Groudon|49\/100\n|\n|-weather|DesolateLand|[upkeep]\n|-heal|p1a: Groudon|55\/100|[from] item: Leftovers\n|-heal|p2a: Latias|96\/100|[from] item: Leftovers\n|upkeep\n|turn|7\n|j|^RUMYMOME\n|\n|t:|1700508373\n|move|p1a: Groudon|Spikes|p2a: Latias\n|-sidestart|p2: arkeis|Spikes\n|move|p2a: Latias|Dragon Pulse|p1a: Groudon\n|-damage|p1a: Groudon|16\/100\n|\n|-weather|DesolateLand|[upkeep]\n|-heal|p1a: Groudon|22\/100|[from] item: Leftovers\n|-heal|p2a: Latias|100\/100|[from] item: Leftovers\n|upkeep\n|turn|8\n|\n|t:|1700508382\n|move|p1a: Groudon|Spikes|p2a: Latias\n|-sidestart|p2: arkeis|Spikes\n|move|p2a: Latias|Dragon Pulse|p1a: Groudon\n|-damage|p1a: Groudon|0 fnt\n|faint|p1a: Groudon\n|-weather|none\n|\n|upkeep\n|\n|t:|1700508389\n|switch|p1a: Zygarde|Zygarde-Complete, shiny|100\/100\n|turn|9\n|\n|t:|1700508402\n|move|p1a: Zygarde|Coil|p1a: Zygarde\n|-boost|p1a: Zygarde|atk|1\n|-boost|p1a: Zygarde|def|1\n|-boost|p1a: Zygarde|accuracy|1\n|move|p2a: Latias|Calm Mind|p2a: Latias\n|-boost|p2a: Latias|spa|1\n|-boost|p2a: Latias|spd|1\n|\n|upkeep\n|turn|10\n|\n|t:|1700508417\n|move|p1a: Zygarde|Scale Shot|p2a: Latias\n|-supereffective|p2a: Latias\n|-damage|p2a: Latias|79\/100\n|-supereffective|p2a: Latias\n|-damage|p2a: Latias|58\/100\n|-hitcount|p2a: Latias|2\n|-unboost|p1a: Zygarde|def|1\n|-boost|p1a: Zygarde|spe|1\n|move|p2a: Latias|Dragon Pulse|p1a: Zygarde\n|-supereffective|p1a: Zygarde\n|-damage|p1a: Zygarde|35\/100\n|\n|-heal|p1a: Zygarde|42\/100|[from] item: Leftovers\n|-heal|p2a: Latias|64\/100|[from] item: Leftovers\n|upkeep\n|turn|11\n|\n|t:|1700508428\n|switch|p2a: Cramorant|Cramorant-Gorging, F|100\/100\n|move|p1a: Zygarde|Scale Shot|p2a: Cramorant\n|-damage|p2a: Cramorant|80\/100\n|-damage|p1a: Zygarde|17\/100|[from] ability: Gulp Missile|[of] p2a: Cramorant\n|-status|p1a: Zygarde|par\n|-formechange|p2a: Cramorant|Cramorant|\n|-damage|p2a: Cramorant|61\/100\n|-damage|p2a: Cramorant|39\/100\n|-hitcount|p2a: Cramorant|3\n|-unboost|p1a: Zygarde|def|1\n|-boost|p1a: Zygarde|spe|1\n|\n|-heal|p1a: Zygarde|23\/100 par|[from] item: Leftovers\n|upkeep\n|turn|12\n|inactive|arkeis has 120 seconds left.\n|inactive|arkeis has 90 seconds left.\n|\n|t:|1700508486\n|move|p2a: Cramorant|Defog|p1a: Zygarde\n|-unboost|p1a: Zygarde|evasion|1\n|-sideend|p2: arkeis|Spikes|[from] move: Defog|[of] p2a: Cramorant\n|cant|p1a: Zygarde|par\n|\n|-heal|p1a: Zygarde|29\/100 par|[from] item: Leftovers\n|upkeep\n|turn|13\n|\n|t:|1700508495\n|move|p2a: Cramorant|Surf|p1a: Zygarde\n|-formechange|p2a: Cramorant|Cramorant-Gorging|\n|-damage|p1a: Zygarde|14\/100 par\n|cant|p1a: Zygarde|par\n|\n|-heal|p1a: Zygarde|20\/100 par|[from] item: Leftovers\n|upkeep\n|turn|14\n|c|\u2606DragonPhoenix333|rip\n|\n|t:|1700508502\n|move|p2a: Cramorant|Roost|p2a: Cramorant\n|-heal|p2a: Cramorant|89\/100\n|-singleturn|p2a: Cramorant|move: Roost\n|cant|p1a: Zygarde|par\n|\n|-heal|p1a: Zygarde|26\/100 par|[from] item: Leftovers\n|upkeep\n|turn|15\n|c|\u2606DragonPhoenix333|..\n|\n|t:|1700508508\n|move|p2a: Cramorant|Surf|p1a: Zygarde\n|-damage|p1a: Zygarde|11\/100 par\n|move|p1a: Zygarde|Stone Edge|p2a: Cramorant\n|-supereffective|p2a: Cramorant\n|-damage|p2a: Cramorant|0 fnt\n|-damage|p1a: Zygarde|0 fnt|[from] ability: Gulp Missile|[of] p2a: Cramorant\n|-formechange|p2a: Cramorant|Cramorant|\n|faint|p2a: Cramorant\n|faint|p1a: Zygarde\n|\n|upkeep\n|\n|t:|1700508514\n|switch|p2a: Skeledirge|Skeledirge, M|100\/100\n|switch|p1a: Necrozma|Necrozma-Ultra, shiny|100\/100\n|turn|16\n|\n|t:|1700508519\n|move|p1a: Necrozma|Dragon Dance|p1a: Necrozma\n|-boost|p1a: Necrozma|atk|1\n|-boost|p1a: Necrozma|spe|1\n|move|p2a: Skeledirge|Will-O-Wisp|p1a: Necrozma\n|-status|p1a: Necrozma|brn\n|\n|-damage|p1a: Necrozma|94\/100 brn|[from] brn\n|upkeep\n|turn|17\n|inactive|arkeis has 120 seconds left.\n|\n|t:|1700508532\n|move|p1a: Necrozma|Dragon Dance|p1a: Necrozma\n|-boost|p1a: Necrozma|atk|1\n|-boost|p1a: Necrozma|spe|1\n|move|p2a: Skeledirge|Shadow Ball|p1a: Necrozma\n|-supereffective|p1a: Necrozma\n|-damage|p1a: Necrozma|37\/100 brn\n|\n|-damage|p1a: Necrozma|31\/100 brn|[from] brn\n|upkeep\n|turn|18\n|\n|t:|1700508541\n|move|p1a: Necrozma|Earthquake|p2a: Skeledirge\n|-supereffective|p2a: Skeledirge\n|-damage|p2a: Skeledirge|70\/100\n|move|p2a: Skeledirge|Shadow Ball|p1a: Necrozma\n|-supereffective|p1a: Necrozma\n|-crit|p1a: Necrozma\n|-damage|p1a: Necrozma|0 fnt\n|faint|p1a: Necrozma\n|\n|upkeep\n|c|\u2606DragonPhoenix333|right photon geyser ignores but eq doesnt\n|c|\u2606DragonPhoenix333|im stupid\n|\n|t:|1700508551\n|switch|p1a: Zacian|Zacian-Crowned, shiny|100\/100\n|-ability|p1a: Zacian|Intrepid Sword|boost\n|-boost|p1a: Zacian|atk|1\n|turn|19\n|\n|t:|1700508555\n|move|p1a: Zacian|Crunch|p2a: Skeledirge\n|-supereffective|p2a: Skeledirge\n|-damage|p2a: Skeledirge|18\/100\n|move|p2a: Skeledirge|Will-O-Wisp|p1a: Zacian\n|-status|p1a: Zacian|brn\n|\n|-damage|p1a: Zacian|94\/100 brn|[from] brn\n|upkeep\n|turn|20\n|c|\u2606DragonPhoenix333|gg\n|\n|t:|1700508563\n|move|p1a: Zacian|Crunch|p2a: Skeledirge\n|-supereffective|p2a: Skeledirge\n|-damage|p2a: Skeledirge|0 fnt\n|faint|p2a: Skeledirge\n|\n|-damage|p1a: Zacian|88\/100 brn|[from] brn\n|upkeep\n|c|\u2606arkeis|gg\n|\n|t:|1700508569\n|switch|p2a: Arceus|Arceus|100\/100\n|turn|21\n|\n|t:|1700508579\n|move|p1a: Zacian|Crunch|p2a: Arceus\n|-damage|p2a: Arceus|78\/100\n|move|p2a: Arceus|Earthquake|p1a: Zacian\n|-supereffective|p1a: Zacian\n|-damage|p1a: Zacian|2\/100 brn\n|-damage|p2a: Arceus|68\/100|[from] item: Life Orb\n|\n|-damage|p1a: Zacian|0 fnt|[from] brn\n|faint|p1a: Zacian\n|\n|win|arkeis\n|upkeep\n|n|\u2606DragonPhoenix333|dragonphoenix333\n|n|\u2606arkeis|arkeis\n|n|*Lady Monita \u2746|ladymonita\n|n| RUMYMOME|rumymome\n","uploadtime":1700508580,"views":1,"p1id":"dragonphoenix333","p2id":"arkeis","formatid":"gen9nationaldexubers","rating":0,"private":0,"password":""}