{"id":"gen9nationaldexubers-1995855130","p1":"ImGoodATM","p2":"vic_ketchum","format":"[Gen 9] National Dex Ubers","log":"|j|\u2606ImGoodATM\n|j|\u2606vic_ketchum\n|t:|1700610057\n|gametype|singles\n|player|p1|ImGoodATM|will|1127\n|player|p2|vic_ketchum|ash-alola|1244\n|teamsize|p1|6\n|teamsize|p2|6\n|gen|9\n|tier|[Gen 9] National Dex Ubers\n|rated|\n|rule|HP Percentage Mod: HP is shown in percentages\n|rule|Endless Battle Clause: Forcing endless battles is banned\n|rule|OHKO Clause: OHKO moves are banned\n|rule|Evasion Moves Clause: Evasion moves are banned\n|rule|Evasion Items Clause: Evasion items are banned\n|rule|Species Clause: Limit one of each Pok\u00e9mon\n|rule|Sleep Clause Mod: Limit one foe put to sleep\n|rule|Mega Rayquaza Clause: You cannot mega evolve Rayquaza\n|clearpoke\n|poke|p1|Alakazam, F|\n|poke|p1|Ogerpon-Hearthflame, F|\n|poke|p1|Marshadow|\n|poke|p1|Melmetal|\n|poke|p1|Xerneas-*|\n|poke|p1|Pheromosa|\n|poke|p2|Mewtwo|\n|poke|p2|Pheromosa|\n|poke|p2|Deoxys|\n|poke|p2|Hydreigon, M|\n|poke|p2|Zoroark, M|\n|poke|p2|Scizor, M|\n|teampreview\n|inactive|Battle timer is ON: inactive players will automatically lose when time's up. (requested by ImGoodATM)\n|\n|t:|1700610065\n|start\n|switch|p1a: Ogerpon|Ogerpon-Hearthflame, F|100\/100\n|switch|p2a: CELL|Pheromosa|100\/100\n|-ability|p1a: Ogerpon|Mold Breaker\n|turn|1\n|\n|t:|1700610071\n|-terastallize|p1a: Ogerpon|Fire\n|detailschange|p1a: Ogerpon|Ogerpon-Hearthflame-Tera, F, tera:Fire\n|-ability|p1a: Ogerpon|Embody Aspect (Hearthflame)|boost\n|-boost|p1a: Ogerpon|atk|1\n|move|p2a: CELL|Ice Beam|p1a: Ogerpon\n|-resisted|p1a: Ogerpon\n|-damage|p1a: Ogerpon|84\/100\n|move|p1a: Ogerpon|Trailblaze|p2a: CELL\n|-resisted|p2a: CELL\n|-damage|p2a: CELL|59\/100\n|-boost|p1a: Ogerpon|spe|1\n|\n|upkeep\n|turn|2\n|\n|t:|1700610083\n|move|p1a: Ogerpon|Trailblaze|p2a: CELL\n|-resisted|p2a: CELL\n|-damage|p2a: CELL|17\/100\n|-boost|p1a: Ogerpon|spe|1\n|move|p2a: CELL|Poison Jab|p1a: Ogerpon\n|-damage|p1a: Ogerpon|51\/100\n|\n|upkeep\n|turn|3\n|\n|t:|1700610091\n|move|p1a: Ogerpon|Ivy Cudgel|p2a: CELL|[anim] Ivy Cudgel Fire\n|-supereffective|p2a: CELL\n|-damage|p2a: CELL|0 fnt\n|faint|p2a: CELL\n|\n|upkeep\n|\n|t:|1700610100\n|switch|p2a: MAJIN BUU|Deoxys|100\/100\n|-ability|p2a: MAJIN BUU|Pressure\n|turn|4\n|\n|t:|1700610104\n|move|p1a: Ogerpon|Ivy Cudgel|p2a: MAJIN BUU|[anim] Ivy Cudgel Fire\n|-enditem|p2a: MAJIN BUU|Focus Sash\n|-damage|p2a: MAJIN BUU|1\/100\n|move|p2a: MAJIN BUU|Psychic|p1a: Ogerpon\n|-damage|p1a: Ogerpon|0 fnt\n|faint|p1a: Ogerpon\n|\n|upkeep\n|\n|t:|1700610114\n|switch|p1a: Alakazam|Alakazam, F|100\/100\n|turn|5\n|\n|t:|1700610117\n|detailschange|p1a: Alakazam|Alakazam-Mega, F\n|-mega|p1a: Alakazam|Alakazam|Alakazite\n|-ability|p1a: Alakazam|Pressure\n|-ability|p1a: Alakazam|Pressure|[from] ability: Trace|[of] p2a: MAJIN BUU\n|move|p1a: Alakazam|Shadow Ball|p2a: MAJIN BUU\n|-supereffective|p2a: MAJIN BUU\n|-damage|p2a: MAJIN BUU|0 fnt\n|faint|p2a: MAJIN BUU\n|\n|upkeep\n|\n|t:|1700610128\n|switch|p2a: 1 ESTRELLA|Hydreigon, M|100\/100\n|turn|6\n|\n|t:|1700610131\n|move|p1a: Alakazam|Dazzling Gleam|p2a: 1 ESTRELLA\n|-supereffective|p2a: 1 ESTRELLA\n|-enditem|p2a: 1 ESTRELLA|Focus Sash\n|-damage|p2a: 1 ESTRELLA|1\/100\n|move|p2a: 1 ESTRELLA|Dragon Dance|p2a: 1 ESTRELLA\n|-boost|p2a: 1 ESTRELLA|atk|1\n|-boost|p2a: 1 ESTRELLA|spe|1\n|\n|upkeep\n|turn|7\n|\n|t:|1700610139\n|move|p1a: Alakazam|Dazzling Gleam|p2a: 1 ESTRELLA\n|-supereffective|p2a: 1 ESTRELLA\n|-damage|p2a: 1 ESTRELLA|0 fnt\n|faint|p2a: 1 ESTRELLA\n|\n|upkeep\n|\n|t:|1700610144\n|switch|p2a: XICOR|Scizor, M, shiny|100\/100\n|turn|8\n|l|\u2606ImGoodATM\n|inactive|ImGoodATM disconnected and has a minute to reconnect!\n|player|p1|\n|j|\u2606ImGoodATM\n|inactive|ImGoodATM reconnected and has 125 seconds left.\n|player|p1|ImGoodATM|will\n|\n|t:|1700610171\n|move|p1a: Alakazam|Focus Blast|p2a: XICOR|[miss]\n|-miss|p1a: Alakazam|p2a: XICOR\n|move|p2a: XICOR|Dark Pulse|p1a: Alakazam\n|-supereffective|p1a: Alakazam\n|-damage|p1a: Alakazam|11\/100\n|\n|upkeep\n|turn|9\n|l|\u2606ImGoodATM\n|inactive|ImGoodATM disconnected and has a minute to reconnect!\n|player|p1|\n|\n|t:|1700610180\n|move|p1a: Alakazam|Psychic|p2a: XICOR\n|-immune|p2a: XICOR\n|move|p2a: XICOR|Flamethrower|p1a: Alakazam\n|-damage|p1a: Alakazam|0 fnt\n|faint|p1a: Alakazam\n|\n|upkeep\n|inactive|ImGoodATM has 30 seconds to reconnect!\n|j|\u2606ImGoodATM\n|inactive|ImGoodATM reconnected and has 110 seconds left.\n|player|p1|ImGoodATM|will\n|n|\u2606ImGoodATM|imgoodatm\n|\n|t:|1700610219\n|switch|p1a: Melmetal|Melmetal|100\/100\n|turn|10\n|\n|t:|1700610225\n|move|p2a: XICOR|Flamethrower|p1a: Melmetal\n|-supereffective|p1a: Melmetal\n|-damage|p1a: Melmetal|66\/100\n|move|p1a: Melmetal|Double Iron Bash|p2a: XICOR\n|-damage|p2a: XICOR|26\/100\n|replace|p2a: ZAMAS|Zoroark, M\n|-end|p2a: ZAMAS|Illusion\n|-damage|p2a: ZAMAS|0 fnt\n|faint|p2a: ZAMAS\n|-hitcount|p2: ZAMAS|2\n|\n|upkeep\n|\n|t:|1700610234\n|switch|p2a: XICOR|Scizor, M, shiny|100\/100\n|turn|11\n|\n|t:|1700610239\n|move|p2a: XICOR|Swords Dance|p2a: XICOR\n|-boost|p2a: XICOR|atk|2\n|move|p1a: Melmetal|Double Iron Bash|p2a: XICOR\n|-resisted|p2a: XICOR\n|-damage|p2a: XICOR|77\/100\n|-resisted|p2a: XICOR\n|-damage|p2a: XICOR|52\/100\n|-hitcount|p2a: XICOR|2\n|\n|upkeep\n|turn|12\n|\n|t:|1700610247\n|move|p2a: XICOR|Close Combat|p1a: Melmetal\n|-supereffective|p1a: Melmetal\n|-damage|p1a: Melmetal|0 fnt\n|-unboost|p2a: XICOR|def|1\n|-unboost|p2a: XICOR|spd|1\n|faint|p1a: Melmetal\n|\n|upkeep\n|\n|t:|1700610252\n|switch|p1a: Pheromosa|Pheromosa|100\/100\n|turn|13\n|\n|t:|1700610257\n|move|p2a: XICOR|Bullet Punch|p1a: Pheromosa\n|-damage|p1a: Pheromosa|0 fnt\n|faint|p1a: Pheromosa\n|\n|upkeep\n|\n|t:|1700610262\n|switch|p1a: Marshadow|Marshadow|100\/100\n|turn|14\n|\n|t:|1700610265\n|-terastallize|p2a: XICOR|Normal\n|-zpower|p1a: Marshadow\n|move|p1a: Marshadow|Soul-Stealing 7-Star Strike|p2a: XICOR|[zeffect]\n|-immune|p2a: XICOR\n|move|p2a: XICOR|Swords Dance|p2a: XICOR\n|-boost|p2a: XICOR|atk|2\n|\n|upkeep\n|turn|15\n|\n|t:|1700610278\n|move|p2a: XICOR|Bullet Punch|p1a: Marshadow\n|-damage|p1a: Marshadow|0 fnt\n|faint|p1a: Marshadow\n|\n|upkeep\n|\n|t:|1700610279\n|switch|p1a: Xerneas|Xerneas|100\/100\n|-ability|p1a: Xerneas|Fairy Aura\n|turn|16\n|-message|ImGoodATM forfeited.\n|\n|win|vic_ketchum\n|raw|ImGoodATM's rating: 1127 &rarr; <strong>1110<\/strong><br \/>(-17 for losing)\n|raw|vic_ketchum's rating: 1244 &rarr; <strong>1261<\/strong><br \/>(+17 for winning)\n|l|\u2606ImGoodATM\n","uploadtime":1700610287,"views":0,"p1id":"imgoodatm","p2id":"vicketchum","formatid":"gen9nationaldexubers","rating":1110,"private":0,"password":""}