{"id":"gen9nationaldexubers-1996121721","p1":"AlolanSandslashOU","p2":"Yuinna.","format":"[Gen 9] National Dex Ubers","log":"|j|\u2606AlolanSandslashOU\n|j|\u2606Yuinna.\n|t:|1700647435\n|gametype|singles\n|player|p1|AlolanSandslashOU|volkner|\n|player|p2|Yuinna.|serena-masters|\n|teamsize|p1|6\n|teamsize|p2|6\n|gen|9\n|tier|[Gen 9] National Dex Ubers\n|rule|HP Percentage Mod: HP is shown in percentages\n|rule|Endless Battle Clause: Forcing endless battles is banned\n|rule|OHKO Clause: OHKO moves are banned\n|rule|Evasion Moves Clause: Evasion moves are banned\n|rule|Evasion Items Clause: Evasion items are banned\n|rule|Species Clause: Limit one of each Pok\u00e9mon\n|rule|Sleep Clause Mod: Limit one foe put to sleep\n|rule|Mega Rayquaza Clause: You cannot mega evolve Rayquaza\n|clearpoke\n|poke|p1|Chien-Pao|\n|poke|p1|Ting-Lu|\n|poke|p1|Greninja-*, F|\n|poke|p1|Meowscarada, F|\n|poke|p1|Iron Treads|\n|poke|p1|Urshifu-*, M|\n|poke|p2|Ribombee, F|\n|poke|p2|Medicham, F|\n|poke|p2|Ogerpon-Hearthflame, F|\n|poke|p2|Dragapult, F|\n|poke|p2|Manaphy|\n|poke|p2|Thundurus-Therian, M|\n|teampreview\n|inactive|Battle timer is ON: inactive players will automatically lose when time's up. (requested by Yuinna.)\n|\n|t:|1700647455\n|start\n|switch|p1a: Ting-Lu|Ting-Lu|100\/100\n|switch|p2a: Ribombee|Ribombee, F|100\/100\n|-ability|p1a: Ting-Lu|Vessel of Ruin\n|turn|1\n|\n|t:|1700647483\n|move|p2a: Ribombee|Sticky Web|p1a: Ting-Lu\n|-sidestart|p1: AlolanSandslashOU|move: Sticky Web\n|move|p1a: Ting-Lu|Whirlwind|p2a: Ribombee\n|drag|p2a: Manaphy|Manaphy|100\/100\n|\n|upkeep\n|turn|2\n|\n|t:|1700647488\n|move|p2a: Manaphy|Dazzling Gleam|p1a: Ting-Lu\n|-supereffective|p1a: Ting-Lu\n|-damage|p1a: Ting-Lu|81\/100\n|move|p1a: Ting-Lu|Whirlwind|p2a: Manaphy\n|drag|p2a: Dragapult|Dragapult, F|100\/100\n|\n|-heal|p1a: Ting-Lu|87\/100|[from] item: Leftovers\n|upkeep\n|turn|3\n|\n|t:|1700647499\n|switch|p2a: Medicham|Medicham, F|100\/100\n|move|p1a: Ting-Lu|Earthquake|p2a: Medicham\n|-damage|p2a: Medicham|43\/100\n|\n|-heal|p1a: Ting-Lu|93\/100|[from] item: Leftovers\n|upkeep\n|turn|4\n|\n|t:|1700647506\n|detailschange|p2a: Medicham|Medicham-Mega, F\n|-mega|p2a: Medicham|Medicham|Medichamite\n|move|p2a: Medicham|Fake Out|p1a: Ting-Lu\n|-crit|p1a: Ting-Lu\n|-damage|p1a: Ting-Lu|73\/100\n|cant|p1a: Ting-Lu|flinch\n|\n|-heal|p1a: Ting-Lu|79\/100|[from] item: Leftovers\n|upkeep\n|turn|5\n|\n|t:|1700647522\n|move|p2a: Medicham|High Jump Kick|p1a: Ting-Lu\n|-supereffective|p1a: Ting-Lu\n|-damage|p1a: Ting-Lu|0 fnt\n|faint|p1a: Ting-Lu\n|\n|upkeep\n|\n|t:|1700647549\n|switch|p1a: Urshifu|Urshifu, M|100\/100\n|-activate|p1a: Urshifu|move: Sticky Web\n|-unboost|p1a: Urshifu|spe|1\n|turn|6\n|\n|t:|1700647556\n|move|p2a: Medicham|High Jump Kick|p1a: Urshifu|[miss]\n|-miss|p2a: Medicham|p1a: Urshifu\n|-damage|p2a: Medicham|0 fnt|[from] highjumpkick\n|faint|p2a: Medicham\n|move|p1a: Urshifu|Wicked Blow|p2: Medicham|[notarget]\n|-fail|p1a: Urshifu\n|\n|upkeep\n|c|\u2606AlolanSandslashOU|holy\n|c|\u2606AlolanSandslashOU|moly\n|\n|t:|1700647568\n|switch|p2a: Thundurus|Thundurus-Therian, M|100\/100\n|turn|7\n|\n|t:|1700647573\n|switch|p1a: Iron Treads|Iron Treads|100\/100\n|-activate|p1a: Iron Treads|move: Sticky Web\n|-unboost|p1a: Iron Treads|spe|1\n|-enditem|p1a: Iron Treads|Booster Energy\n|-activate|p1a: Iron Treads|ability: Quark Drive|[fromitem]\n|-start|p1a: Iron Treads|quarkdriveatk\n|move|p2a: Thundurus|Focus Blast|p1a: Iron Treads|[miss]\n|-miss|p2a: Thundurus|p1a: Iron Treads\n|\n|upkeep\n|turn|8\n|\n|t:|1700647594\n|move|p2a: Thundurus|Focus Blast|p1a: Iron Treads\n|-supereffective|p1a: Iron Treads\n|-damage|p1a: Iron Treads|0 fnt\n|faint|p1a: Iron Treads\n|-end|p1a: Iron Treads|Quark Drive|[silent]\n|\n|upkeep\n|\n|t:|1700647604\n|switch|p1a: Chien-Pao|Chien-Pao|100\/100\n|-activate|p1a: Chien-Pao|move: Sticky Web\n|-unboost|p1a: Chien-Pao|spe|1\n|-ability|p1a: Chien-Pao|Sword of Ruin\n|turn|9\n|\n|t:|1700647613\n|-terastallize|p1a: Chien-Pao|Poison\n|move|p2a: Thundurus|Focus Blast|p1a: Chien-Pao|[miss]\n|-miss|p2a: Thundurus|p1a: Chien-Pao\n|move|p1a: Chien-Pao|Ice Spinner|p2a: Thundurus\n|-supereffective|p2a: Thundurus\n|-damage|p2a: Thundurus|0 fnt\n|faint|p2a: Thundurus\n|\n|upkeep\n|\n|t:|1700647624\n|switch|p2a: Dragapult|Dragapult, F|100\/100\n|turn|10\n|\n|t:|1700647627\n|move|p2a: Dragapult|Draco Meteor|p1a: Chien-Pao|[miss]\n|-miss|p2a: Dragapult|p1a: Chien-Pao\n|move|p1a: Chien-Pao|Ice Spinner|p2a: Dragapult\n|-supereffective|p2a: Dragapult\n|-damage|p2a: Dragapult|0 fnt\n|faint|p2a: Dragapult\n|\n|upkeep\n|\n|t:|1700647631\n|switch|p2a: Ribombee|Ribombee, F|100\/100\n|turn|11\n|c|\u2606AlolanSandslashOU|the unlucky\n|\n|t:|1700647637\n|move|p2a: Ribombee|Stun Spore|p1a: Chien-Pao\n|-status|p1a: Chien-Pao|par\n|cant|p1a: Chien-Pao|par\n|\n|upkeep\n|turn|12\n|\n|t:|1700647642\n|move|p2a: Ribombee|Moonblast|p1a: Chien-Pao\n|-resisted|p1a: Chien-Pao\n|-damage|p1a: Chien-Pao|65\/100 par\n|move|p1a: Chien-Pao|Ice Spinner|p2a: Ribombee\n|-enditem|p2a: Ribombee|Focus Sash\n|-damage|p2a: Ribombee|1\/100\n|\n|upkeep\n|turn|13\n|\n|t:|1700647646\n|move|p2a: Ribombee|Moonblast|p1a: Chien-Pao\n|-resisted|p1a: Chien-Pao\n|-damage|p1a: Chien-Pao|33\/100 par\n|move|p1a: Chien-Pao|Ice Spinner|p2a: Ribombee\n|-damage|p2a: Ribombee|0 fnt\n|faint|p2a: Ribombee\n|\n|upkeep\n|\n|t:|1700647650\n|switch|p2a: Manaphy|Manaphy|100\/100\n|turn|14\n|\n|t:|1700647655\n|move|p2a: Manaphy|Tail Glow|p2a: Manaphy\n|-boost|p2a: Manaphy|spa|3\n|cant|p1a: Chien-Pao|par\n|\n|upkeep\n|turn|15\n|\n|t:|1700647660\n|move|p2a: Manaphy|Surf|p1a: Chien-Pao\n|-damage|p1a: Chien-Pao|0 fnt\n|faint|p1a: Chien-Pao\n|\n|upkeep\n|\n|t:|1700647663\n|switch|p1a: Urshifu|Urshifu, M|100\/100\n|-activate|p1a: Urshifu|move: Sticky Web\n|-unboost|p1a: Urshifu|spe|1\n|turn|16\n|\n|t:|1700647667\n|move|p1a: Urshifu|Sucker Punch|p2a: Manaphy\n|-damage|p2a: Manaphy|65\/100\n|move|p2a: Manaphy|Dazzling Gleam|p1a: Urshifu\n|-supereffective|p1a: Urshifu\n|-damage|p1a: Urshifu|0 fnt\n|faint|p1a: Urshifu\n|\n|upkeep\n|\n|t:|1700647669\n|switch|p1a: Meowscarada|Meowscarada, F|100\/100\n|-activate|p1a: Meowscarada|move: Sticky Web\n|-unboost|p1a: Meowscarada|spe|1\n|turn|17\n|\n|t:|1700647673\n|move|p2a: Manaphy|Dazzling Gleam|p1a: Meowscarada\n|-supereffective|p1a: Meowscarada\n|-damage|p1a: Meowscarada|0 fnt\n|faint|p1a: Meowscarada\n|\n|upkeep\n|\n|t:|1700647675\n|switch|p1a: Greninja|Greninja, F|100\/100\n|-activate|p1a: Greninja|move: Sticky Web\n|-unboost|p1a: Greninja|spe|1\n|turn|18\n|\n|t:|1700647677\n|move|p2a: Manaphy|Dazzling Gleam|p1a: Greninja\n|-supereffective|p1a: Greninja\n|-damage|p1a: Greninja|0 fnt\n|faint|p1a: Greninja\n|\n|win|Yuinna.\n|c|\u2606AlolanSandslashOU|Ggs\n|c|\u2606Yuinna.|fuck\n|c|\u2606Yuinna.|the misses\n","uploadtime":1700647685,"views":2,"p1id":"alolansandslashou","p2id":"yuinna","formatid":"gen9nationaldexubers","rating":0,"private":0,"password":""}