{"id":"gen9nationaldexubers-1997417801","p1":"Ash Ketchum344","p2":"Edwinyum08","format":"[Gen 9] National Dex Ubers","log":"|j|\u2606Ash Ketchum344\n|j|\u2606Edwinyum08\n|t:|1700801911\n|gametype|singles\n|player|p1|Ash Ketchum344|lucas-gen4pt|1162\n|player|p2|Edwinyum08|lucas|1033\n|teamsize|p1|6\n|teamsize|p2|6\n|gen|9\n|tier|[Gen 9] National Dex Ubers\n|rated|\n|rule|HP Percentage Mod: HP is shown in percentages\n|rule|Endless Battle Clause: Forcing endless battles is banned\n|rule|OHKO Clause: OHKO moves are banned\n|rule|Evasion Moves Clause: Evasion moves are banned\n|rule|Evasion Items Clause: Evasion items are banned\n|rule|Species Clause: Limit one of each Pok\u00e9mon\n|rule|Sleep Clause Mod: Limit one foe put to sleep\n|rule|Mega Rayquaza Clause: You cannot mega evolve Rayquaza\n|clearpoke\n|poke|p1|Lucario, M|\n|poke|p1|Dragonite, F|\n|poke|p1|Dracovish|\n|poke|p1|Gengar, M|\n|poke|p1|Sirfetch\u2019d, M|\n|poke|p1|Raichu, F|\n|poke|p2|Cyclizar, M|\n|poke|p2|Xerneas-*|\n|poke|p2|Darkrai|\n|poke|p2|Dragonite, M|\n|poke|p2|Marshadow|\n|poke|p2|Ferrothorn, F|\n|teampreview\n|inactive|Battle timer is ON: inactive players will automatically lose when time's up. (requested by Edwinyum08)\n|inactive|Edwinyum08 has 120 seconds left.\n|inactive|Edwinyum08 has 90 seconds left.\n|\n|t:|1700801996\n|start\n|switch|p1a: Dragonite|Dragonite, F|100\/100\n|switch|p2a: Cyclizar|Cyclizar, M|100\/100\n|turn|1\n|\n|t:|1700802006\n|move|p2a: Cyclizar|Shed Tail|p2a: Cyclizar\n|-start|p2a: Cyclizar|Substitute|[from] move: Shed Tail\n|-damage|p2a: Cyclizar|50\/100\n|\n|t:|1700802013\n|switch|p2a: Killing bat|Xerneas|100\/100|[from] Shed Tail\n|-ability|p2a: Killing bat|Fairy Aura\n|move|p1a: Dragonite|Dragon Dance|p1a: Dragonite\n|-boost|p1a: Dragonite|atk|1\n|-boost|p1a: Dragonite|spe|1\n|\n|upkeep\n|turn|2\n|\n|t:|1700802023\n|move|p1a: Dragonite|Dragon Dance|p1a: Dragonite\n|-boost|p1a: Dragonite|atk|1\n|-boost|p1a: Dragonite|spe|1\n|move|p2a: Killing bat|Geomancy||[still]\n|-prepare|p2a: Killing bat|Geomancy\n|-enditem|p2a: Killing bat|Power Herb\n|-anim|p2a: Killing bat|Geomancy|p2a: Killing bat\n|-boost|p2a: Killing bat|spa|2\n|-boost|p2a: Killing bat|spd|2\n|-boost|p2a: Killing bat|spe|2\n|\n|upkeep\n|turn|3\n|\n|t:|1700802028\n|-terastallize|p2a: Killing bat|Fairy\n|move|p1a: Dragonite|Extreme Speed|p2a: Killing bat\n|-end|p2a: Killing bat|Substitute\n|move|p2a: Killing bat|Moonblast|p1a: Dragonite\n|-supereffective|p1a: Dragonite\n|-damage|p1a: Dragonite|0 fnt\n|faint|p1a: Dragonite\n|\n|upkeep\n|\n|t:|1700802041\n|switch|p1a: Raichu|Raichu, F|100\/100\n|turn|4\n|\n|t:|1700802049\n|move|p1a: Raichu|Fake Out|p2a: Killing bat\n|-damage|p2a: Killing bat|91\/100\n|cant|p2a: Killing bat|flinch\n|\n|upkeep\n|turn|5\n|\n|t:|1700802055\n|move|p1a: Raichu|Extreme Speed|p2a: Killing bat\n|-damage|p2a: Killing bat|73\/100\n|move|p2a: Killing bat|Moonblast|p1a: Raichu\n|-damage|p1a: Raichu|0 fnt\n|faint|p1a: Raichu\n|\n|upkeep\n|\n|t:|1700802063\n|switch|p1a: Lucario|Lucario, M|100\/100\n|turn|6\n|\n|t:|1700802069\n|detailschange|p1a: Lucario|Lucario-Mega, M\n|-mega|p1a: Lucario|Lucario|Lucarionite\n|move|p1a: Lucario|Bullet Punch|p2a: Killing bat\n|-supereffective|p2a: Killing bat\n|-damage|p2a: Killing bat|19\/100\n|move|p2a: Killing bat|Moonblast|p1a: Lucario\n|-damage|p1a: Lucario|0 fnt\n|faint|p1a: Lucario\n|\n|upkeep\n|\n|t:|1700802075\n|switch|p1a: Sirfetch\u2019d|Sirfetch\u2019d, M|100\/100\n|turn|7\n|\n|t:|1700802080\n|move|p1a: Sirfetch\u2019d|First Impression|p2a: Killing bat\n|-resisted|p2a: Killing bat\n|-damage|p2a: Killing bat|0 fnt\n|faint|p2a: Killing bat\n|\n|upkeep\n|\n|t:|1700802086\n|switch|p2a: Marshadow|Marshadow|100\/100\n|turn|8\n|\n|t:|1700802091\n|switch|p1a: Gengar|Gengar, M|100\/100\n|move|p2a: Marshadow|Poltergeist|p1a: Gengar\n|-activate|p1a: Gengar|move: Poltergeist|Assault Vest\n|-supereffective|p1a: Gengar\n|-damage|p1a: Gengar|0 fnt\n|faint|p1a: Gengar\n|\n|upkeep\n|\n|t:|1700802094\n|switch|p1a: Dracovish|Dracovish|100\/100\n|turn|9\n|\n|t:|1700802099\n|-terastallize|p1a: Dracovish|Water\n|move|p1a: Dracovish|Fishious Rend|p2a: Marshadow\n|-damage|p2a: Marshadow|0 fnt\n|faint|p2a: Marshadow\n|\n|upkeep\n|\n|t:|1700802107\n|switch|p2a: Darkrai|Darkrai|100\/100\n|turn|10\n|\n|t:|1700802109\n|move|p1a: Dracovish|Fishious Rend|p2a: Darkrai\n|-damage|p2a: Darkrai|0 fnt\n|faint|p2a: Darkrai\n|\n|upkeep\n|\n|t:|1700802118\n|switch|p2a: Ferrothorn|Ferrothorn, F|100\/100\n|turn|11\n|\n|t:|1700802123\n|switch|p1a: Sirfetch\u2019d|Sirfetch\u2019d, M|100\/100\n|move|p2a: Ferrothorn|Leech Seed|p1a: Sirfetch\u2019d\n|-start|p1a: Sirfetch\u2019d|move: Leech Seed\n|\n|-damage|p1a: Sirfetch\u2019d|88\/100|[from] Leech Seed|[of] p2a: Ferrothorn\n|upkeep\n|turn|12\n|\n|t:|1700802131\n|move|p2a: Ferrothorn|Protect|p2a: Ferrothorn\n|-singleturn|p2a: Ferrothorn|Protect\n|move|p1a: Sirfetch\u2019d|Close Combat|p2a: Ferrothorn\n|-activate|p2a: Ferrothorn|move: Protect\n|\n|-damage|p1a: Sirfetch\u2019d|76\/100|[from] Leech Seed|[of] p2a: Ferrothorn\n|upkeep\n|turn|13\n|\n|t:|1700802144\n|switch|p2a: Cyclizar|Cyclizar, M|83\/100\n|move|p1a: Sirfetch\u2019d|Close Combat|p2a: Cyclizar\n|-supereffective|p2a: Cyclizar\n|-damage|p2a: Cyclizar|0 fnt\n|-unboost|p1a: Sirfetch\u2019d|def|1\n|-unboost|p1a: Sirfetch\u2019d|spd|1\n|faint|p2a: Cyclizar\n|\n|upkeep\n|\n|t:|1700802147\n|switch|p2a: Ferrothorn|Ferrothorn, F|100\/100\n|turn|14\n|\n|t:|1700802156\n|move|p1a: Sirfetch\u2019d|Close Combat|p2a: Ferrothorn\n|-supereffective|p2a: Ferrothorn\n|-damage|p2a: Ferrothorn|0 fnt\n|-unboost|p1a: Sirfetch\u2019d|def|1\n|-unboost|p1a: Sirfetch\u2019d|spd|1\n|-damage|p1a: Sirfetch\u2019d|64\/100|[from] ability: Iron Barbs|[of] p2a: Ferrothorn\n|faint|p2a: Ferrothorn\n|\n|upkeep\n|l|\u2606Edwinyum08\n|inactive|Edwinyum08 disconnected and has a minute to reconnect!\n|player|p2|\n|inactive|Edwinyum08 has 30 seconds to reconnect!\n|inactive|Edwinyum08 has 20 seconds to reconnect!\n|inactive|Edwinyum08 has 15 seconds to reconnect!\n|inactive|Edwinyum08 has 10 seconds to reconnect!\n|inactive|Edwinyum08 has 5 seconds to reconnect!\n|-message|Edwinyum08 lost due to inactivity.\n|\n|win|Ash Ketchum344\n|raw|Ash Ketchum344's rating: 1162 &rarr; <strong>1178<\/strong><br \/>(+16 for winning)\n|raw|Edwinyum08's rating: 1033 &rarr; <strong>1023<\/strong><br \/>(-10 for losing)\n","uploadtime":1700802235,"views":4,"p1id":"ashketchum344","p2id":"edwinyum08","formatid":"gen9nationaldexubers","rating":1023,"private":0,"password":""}