{"id":"gen9nationaldexubers-1998010448","p1":"amweird","p2":"adlrz","format":"[Gen 9] National Dex Ubers","log":"|j|\u2606amweird\n|j|\u2606adlrz\n|t:|1700878606\n|gametype|singles\n|player|p1|amweird|youngn|1366\n|player|p2|adlrz|hilda|1437\n|teamsize|p1|6\n|teamsize|p2|6\n|gen|9\n|tier|[Gen 9] National Dex Ubers\n|rated|\n|rule|HP Percentage Mod: HP is shown in percentages\n|rule|Endless Battle Clause: Forcing endless battles is banned\n|rule|OHKO Clause: OHKO moves are banned\n|rule|Evasion Moves Clause: Evasion moves are banned\n|rule|Evasion Items Clause: Evasion items are banned\n|rule|Species Clause: Limit one of each Pok\u00e9mon\n|rule|Sleep Clause Mod: Limit one foe put to sleep\n|rule|Mega Rayquaza Clause: You cannot mega evolve Rayquaza\n|clearpoke\n|poke|p1|Calyrex-Ice|\n|poke|p1|Melmetal|\n|poke|p1|Hatterene, F|\n|poke|p1|Necrozma-Dusk-Mane|\n|poke|p1|Kyogre|\n|poke|p1|Ursaluna-Bloodmoon, M|\n|poke|p2|Dracovish|\n|poke|p2|Metagross|\n|poke|p2|Xerneas-*|\n|poke|p2|Darkrai|\n|poke|p2|Breloom, F|\n|poke|p2|Groudon|\n|teampreview\n|inactive|Battle timer is ON: inactive players will automatically lose when time's up. (requested by amweird)\n|\n|t:|1700878621\n|start\n|switch|p1a: Necrozma|Necrozma-Dusk-Mane|100\/100\n|switch|p2a: Metagross|Metagross, shiny|100\/100\n|turn|1\n|\n|t:|1700878630\n|detailschange|p2a: Metagross|Metagross-Mega, shiny\n|-mega|p2a: Metagross|Metagross|Metagrossite\n|move|p2a: Metagross|Earthquake|p1a: Necrozma\n|-supereffective|p1a: Necrozma\n|-damage|p1a: Necrozma|58\/100\n|-enditem|p1a: Necrozma|Weakness Policy\n|-boost|p1a: Necrozma|atk|2|[from] item: Weakness Policy\n|-boost|p1a: Necrozma|spa|2|[from] item: Weakness Policy\n|move|p1a: Necrozma|Trick Room|p1a: Necrozma\n|-fieldstart|move: Trick Room|[of] p1a: Necrozma\n|\n|upkeep\n|turn|2\n|\n|t:|1700878641\n|move|p1a: Necrozma|Earthquake|p2a: Metagross\n|-supereffective|p2a: Metagross\n|-damage|p2a: Metagross|0 fnt\n|faint|p2a: Metagross\n|\n|upkeep\n|\n|t:|1700878646\n|switch|p2a: Groudon|Groudon, shiny|100\/100\n|detailschange|p2a: Groudon|Groudon-Primal, shiny\n|-primal|p2a: Groudon|Red Orb\n|-weather|DesolateLand|[from] ability: Desolate Land|[of] p2a: Groudon\n|turn|3\n|\n|t:|1700878656\n|move|p1a: Necrozma|Earthquake|p2a: Groudon\n|-supereffective|p2a: Groudon\n|-damage|p2a: Groudon|21\/100\n|move|p2a: Groudon|Roar|p1a: Necrozma\n|drag|p1a: Hatterene|Hatterene, F|100\/100\n|\n|-weather|DesolateLand|[upkeep]\n|upkeep\n|turn|4\n|\n|t:|1700878662\n|move|p1a: Hatterene|Psyshock|p2a: Groudon\n|-damage|p2a: Groudon|0 fnt\n|faint|p2a: Groudon\n|-weather|none\n|\n|upkeep\n|\n|t:|1700878679\n|switch|p2a: Breloom|Breloom, F|100\/100\n|turn|5\n|\n|t:|1700878693\n|move|p2a: Breloom|Mach Punch|p1a: Hatterene\n|-resisted|p1a: Hatterene\n|-damage|p1a: Hatterene|92\/100\n|move|p1a: Hatterene|Psyshock|p2a: Breloom\n|-supereffective|p2a: Breloom\n|-damage|p2a: Breloom|0 fnt\n|faint|p2a: Breloom\n|\n|-fieldend|move: Trick Room\n|upkeep\n|\n|t:|1700878697\n|switch|p2a: Dracovish|Dracovish|100\/100\n|turn|6\n|\n|t:|1700878703\n|move|p2a: Dracovish|Fishious Rend|p1a: Hatterene\n|-damage|p1a: Hatterene|0 fnt\n|faint|p1a: Hatterene\n|\n|upkeep\n|\n|t:|1700878709\n|switch|p1a: Calyrex|Calyrex-Ice|100\/100\n|-ability|p1a: Calyrex|As One\n|-ability|p1a: Calyrex|Unnerve\n|turn|7\n|\n|t:|1700878721\n|-terastallize|p2a: Dracovish|Water\n|move|p2a: Dracovish|Fishious Rend|p1a: Calyrex\n|-damage|p1a: Calyrex|13\/100\n|move|p1a: Calyrex|Trick Room|p1a: Calyrex\n|-fieldstart|move: Trick Room|[of] p1a: Calyrex\n|\n|upkeep\n|turn|8\n|\n|t:|1700878729\n|move|p1a: Calyrex|Close Combat|p2a: Dracovish\n|-damage|p2a: Dracovish|43\/100\n|-unboost|p1a: Calyrex|def|1\n|-unboost|p1a: Calyrex|spd|1\n|move|p2a: Dracovish|Fishious Rend|p1a: Calyrex\n|-damage|p1a: Calyrex|0 fnt\n|faint|p1a: Calyrex\n|\n|upkeep\n|\n|t:|1700878734\n|switch|p1a: Necrozma|Necrozma-Dusk-Mane|58\/100\n|turn|9\n|\n|t:|1700878740\n|move|p1a: Necrozma|Photon Geyser|p2a: Dracovish\n|-damage|p2a: Dracovish|0 fnt\n|faint|p2a: Dracovish\n|\n|upkeep\n|\n|t:|1700878747\n|switch|p2a: Darkrai|Darkrai|100\/100\n|turn|10\n|\n|t:|1700878753\n|move|p1a: Necrozma|Sunsteel Strike|p2a: Darkrai\n|-damage|p2a: Darkrai|10\/100\n|move|p2a: Darkrai|Hypnosis|p1a: Necrozma|[miss]\n|-miss|p2a: Darkrai|p1a: Necrozma\n|-enditem|p2a: Darkrai|Blunder Policy\n|-boost|p2a: Darkrai|spe|2\n|\n|upkeep\n|turn|11\n|\n|t:|1700878763\n|move|p1a: Necrozma|Sunsteel Strike|p2a: Darkrai\n|-damage|p2a: Darkrai|0 fnt\n|faint|p2a: Darkrai\n|\n|-fieldend|move: Trick Room\n|upkeep\n|-message|adlrz forfeited.\n|\n|win|amweird\n|raw|amweird's rating: 1366 &rarr; <strong>1390<\/strong><br \/>(+24 for winning)\n|raw|adlrz's rating: 1437 &rarr; <strong>1413<\/strong><br \/>(-24 for losing)\n|l|\u2606adlrz\n","uploadtime":1700878774,"views":1,"p1id":"amweird","p2id":"adlrz","formatid":"gen9nationaldexubers","rating":1390,"private":0,"password":""}