{"id":"gen9nationaldexubers-1988420829","p1":"Exonicdude","p2":"PhobosYeah","format":"[Gen 9] National Dex Ubers","log":"|j|\u2606Exonicdude\n|j|\u2606PhobosYeah\n|t:|1699721070\n|gametype|singles\n|player|p1|Exonicdude|1|1361\n|player|p2|PhobosYeah|roughneck|1372\n|teamsize|p1|6\n|teamsize|p2|6\n|gen|9\n|tier|[Gen 9] National Dex Ubers\n|rated|\n|rule|HP Percentage Mod: HP is shown in percentages\n|rule|Endless Battle Clause: Forcing endless battles is banned\n|rule|OHKO Clause: OHKO moves are banned\n|rule|Evasion Moves Clause: Evasion moves are banned\n|rule|Evasion Items Clause: Evasion items are banned\n|rule|Species Clause: Limit one of each Pok\u00e9mon\n|rule|Sleep Clause Mod: Limit one foe put to sleep\n|rule|Mega Rayquaza Clause: You cannot mega evolve Rayquaza\n|clearpoke\n|poke|p1|Ceruledge, M|\n|poke|p1|Basculegion, M|\n|poke|p1|Groudon|\n|poke|p1|Zacian-*|\n|poke|p1|Kyogre|\n|poke|p1|Kyurem-White|\n|poke|p2|Ditto|\n|poke|p2|Smeargle, F|\n|poke|p2|Kangaskhan, F|\n|poke|p2|Zoroark-Hisui, F|\n|poke|p2|Ursaluna-Bloodmoon, M|\n|poke|p2|Arceus|\n|teampreview\n|c|\u2606PhobosYeah|GLHF\n|\n|t:|1699721089\n|start\n|switch|p1a: Ceruledge|Ceruledge, M|100\/100\n|switch|p2a: Smeargle|Smeargle, F|100\/100\n|turn|1\n|\n|t:|1699721096\n|move|p1a: Ceruledge|Swords Dance|p1a: Ceruledge\n|-boost|p1a: Ceruledge|atk|2\n|move|p2a: Smeargle|Spore|p1a: Ceruledge\n|-status|p1a: Ceruledge|slp|[from] move: Spore\n|\n|-ability|p2a: Smeargle|Moody|boost\n|-boost|p2a: Smeargle|def|2\n|-unboost|p2a: Smeargle|spd|1\n|upkeep\n|turn|2\n|\n|t:|1699721105\n|cant|p1a: Ceruledge|slp\n|move|p2a: Smeargle|Sticky Web|p1a: Ceruledge\n|-sidestart|p1: Exonicdude|move: Sticky Web\n|\n|-ability|p2a: Smeargle|Moody|boost\n|-boost|p2a: Smeargle|spd|2\n|-unboost|p2a: Smeargle|def|1\n|upkeep\n|turn|3\n|\n|t:|1699721111\n|-curestatus|p1a: Ceruledge|slp|[msg]\n|move|p1a: Ceruledge|Close Combat|p2a: Smeargle\n|-supereffective|p2a: Smeargle\n|-enditem|p2a: Smeargle|Focus Sash\n|-damage|p2a: Smeargle|1\/100\n|-unboost|p1a: Ceruledge|def|1\n|-unboost|p1a: Ceruledge|spd|1\n|move|p2a: Smeargle|Shed Tail|p2a: Smeargle\n|-fail|p2a: Smeargle|move: Shed Tail|[weak]\n|\n|-ability|p2a: Smeargle|Moody|boost\n|-boost|p2a: Smeargle|atk|2\n|-unboost|p2a: Smeargle|spd|1\n|upkeep\n|turn|4\n|\n|t:|1699721130\n|switch|p2a: Arceus|Arceus|100\/100\n|move|p1a: Ceruledge|Bitter Blade|p2a: Arceus\n|-damage|p2a: Arceus|0 fnt\n|replace|p2a: Zoroark|Zoroark-Hisui, F\n|-end|p2a: Zoroark|Illusion\n|faint|p2a: Zoroark\n|\n|upkeep\n|\n|t:|1699721139\n|switch|p2a: Ditto|Ditto, shiny|100\/100\n|-transform|p2a: Ditto|p1a: Ceruledge|[from] ability: Imposter\n|turn|5\n|\n|t:|1699721148\n|move|p2a: Ditto|Shadow Sneak|p1a: Ceruledge\n|-supereffective|p1a: Ceruledge\n|-enditem|p1a: Ceruledge|Focus Sash\n|-damage|p1a: Ceruledge|1\/100\n|-ability|p1a: Ceruledge|Weak Armor|boost\n|-unboost|p1a: Ceruledge|def|1\n|-boost|p1a: Ceruledge|spe|2\n|move|p1a: Ceruledge|Shadow Sneak|p2a: Ditto\n|-supereffective|p2a: Ditto\n|-damage|p2a: Ditto|0 fnt\n|faint|p2a: Ditto\n|\n|upkeep\n|\n|t:|1699721158\n|switch|p2a: Kangaskhan|Kangaskhan, F, shiny|100\/100\n|turn|6\n|\n|t:|1699721164\n|detailschange|p2a: Kangaskhan|Kangaskhan-Mega, F, shiny\n|-mega|p2a: Kangaskhan|Kangaskhan|Kangaskhanite\n|move|p2a: Kangaskhan|Sucker Punch|p1a: Ceruledge\n|-supereffective|p1a: Ceruledge\n|-damage|p1a: Ceruledge|0 fnt\n|faint|p1a: Ceruledge\n|-hitcount|p1: Ceruledge|1\n|\n|upkeep\n|\n|t:|1699721185\n|switch|p1a: Kyurem|Kyurem-White|100\/100\n|-activate|p1a: Kyurem|move: Sticky Web\n|-unboost|p1a: Kyurem|spe|1\n|-ability|p1a: Kyurem|Turboblaze\n|turn|7\n|\n|t:|1699721195\n|move|p2a: Kangaskhan|Seismic Toss|p1a: Kyurem\n|-damage|p1a: Kyurem|75\/100\n|-damage|p1a: Kyurem|49\/100\n|-hitcount|p1a: Kyurem|2\n|move|p1a: Kyurem|Fusion Flare|p2a: Kangaskhan\n|-damage|p2a: Kangaskhan|55\/100\n|\n|upkeep\n|turn|8\n|\n|t:|1699721203\n|move|p2a: Kangaskhan|Seismic Toss|p1a: Kyurem\n|-damage|p1a: Kyurem|24\/100\n|-damage|p1a: Kyurem|0 fnt\n|faint|p1a: Kyurem\n|-hitcount|p1: Kyurem|2\n|\n|upkeep\n|\n|t:|1699721208\n|switch|p1a: Zacian|Zacian-Crowned|100\/100\n|-activate|p1a: Zacian|move: Sticky Web\n|-unboost|p1a: Zacian|spe|1\n|-ability|p1a: Zacian|Intrepid Sword|boost\n|-boost|p1a: Zacian|atk|1\n|turn|9\n|\n|t:|1699721217\n|move|p2a: Kangaskhan|Seismic Toss|p1a: Zacian\n|-damage|p1a: Zacian|70\/100\n|-damage|p1a: Zacian|39\/100\n|-hitcount|p1a: Zacian|2\n|move|p1a: Zacian|Close Combat|p2a: Kangaskhan\n|-supereffective|p2a: Kangaskhan\n|-damage|p2a: Kangaskhan|0 fnt\n|-unboost|p1a: Zacian|def|1\n|-unboost|p1a: Zacian|spd|1\n|faint|p2a: Kangaskhan\n|\n|upkeep\n|\n|t:|1699721234\n|switch|p2a: Smeargle|Smeargle, F|1\/100\n|turn|10\n|\n|t:|1699721242\n|move|p1a: Zacian|Behemoth Blade|p2a: Smeargle\n|-damage|p2a: Smeargle|0 fnt\n|faint|p2a: Smeargle\n|\n|upkeep\n|\n|t:|1699721249\n|switch|p2a: Arceus|Arceus|100\/100\n|turn|11\n|\n|t:|1699721254\n|move|p2a: Arceus|Earthquake|p1a: Zacian\n|-supereffective|p1a: Zacian\n|-damage|p1a: Zacian|0 fnt\n|faint|p1a: Zacian\n|\n|upkeep\n|\n|t:|1699721265\n|switch|p1a: Kyogre|Kyogre|100\/100\n|-activate|p1a: Kyogre|move: Sticky Web\n|-unboost|p1a: Kyogre|spe|1\n|detailschange|p1a: Kyogre|Kyogre-Primal\n|-primal|p1a: Kyogre|Blue Orb\n|-weather|PrimordialSea|[from] ability: Primordial Sea|[of] p1a: Kyogre\n|turn|12\n|\n|t:|1699721277\n|move|p2a: Arceus|Extreme Speed|p1a: Kyogre\n|-damage|p1a: Kyogre|42\/100\n|move|p1a: Kyogre|Toxic|p2a: Arceus|[miss]\n|-miss|p1a: Kyogre|p2a: Arceus\n|\n|-weather|PrimordialSea|[upkeep]\n|upkeep\n|turn|13\n|\n|t:|1699721284\n|move|p2a: Arceus|Shadow Claw|p1a: Kyogre\n|-damage|p1a: Kyogre|15\/100\n|move|p1a: Kyogre|Toxic|p2a: Arceus\n|-status|p2a: Arceus|tox\n|\n|-weather|PrimordialSea|[upkeep]\n|-damage|p2a: Arceus|94\/100 tox|[from] psn\n|upkeep\n|turn|14\n|\n|t:|1699721291\n|move|p2a: Arceus|Shadow Claw|p1a: Kyogre\n|-damage|p1a: Kyogre|0 fnt\n|faint|p1a: Kyogre\n|-weather|none\n|\n|-damage|p2a: Arceus|82\/100 tox|[from] psn\n|upkeep\n|\n|t:|1699721308\n|switch|p1a: Basculegion|Basculegion, M|100\/100\n|-activate|p1a: Basculegion|move: Sticky Web\n|-unboost|p1a: Basculegion|spe|1\n|turn|15\n|\n|t:|1699721319\n|-terastallize|p1a: Basculegion|Normal\n|move|p2a: Arceus|Shadow Claw|p1a: Basculegion\n|-immune|p1a: Basculegion\n|move|p1a: Basculegion|Flip Turn|p2a: Arceus\n|-damage|p2a: Arceus|59\/100 tox\n|\n|t:|1699721323\n|switch|p1a: Groudon|Groudon|100\/100|[from] Flip Turn\n|-activate|p1a: Groudon|move: Sticky Web\n|-unboost|p1a: Groudon|spe|1\n|detailschange|p1a: Groudon|Groudon-Primal\n|-primal|p1a: Groudon|Red Orb\n|-weather|DesolateLand|[from] ability: Desolate Land|[of] p1a: Groudon\n|\n|-weather|DesolateLand|[upkeep]\n|-damage|p2a: Arceus|41\/100 tox|[from] psn\n|upkeep\n|turn|16\n|\n|t:|1699721338\n|move|p2a: Arceus|Earthquake|p1a: Groudon\n|-supereffective|p1a: Groudon\n|-damage|p1a: Groudon|54\/100\n|move|p1a: Groudon|Precipice Blades|p2a: Arceus\n|-damage|p2a: Arceus|0 fnt\n|faint|p2a: Arceus\n|\n|-weather|DesolateLand|[upkeep]\n|upkeep\n|\n|t:|1699721345\n|switch|p2a: Ursaluna|Ursaluna-Bloodmoon, M|100\/100\n|turn|17\n|\n|t:|1699721349\n|-terastallize|p2a: Ursaluna|Normal\n|move|p1a: Groudon|Rock Tomb|p2a: Ursaluna\n|-damage|p2a: Ursaluna|80\/100\n|-unboost|p2a: Ursaluna|spe|1\n|move|p2a: Ursaluna|Blood Moon|p1a: Groudon\n|-damage|p1a: Groudon|0 fnt\n|faint|p1a: Groudon\n|-weather|none\n|\n|-heal|p2a: Ursaluna|86\/100|[from] item: Leftovers\n|upkeep\n|\n|t:|1699721355\n|switch|p1a: Basculegion|Basculegion, M, tera:Normal|100\/100\n|-activate|p1a: Basculegion|move: Sticky Web\n|-unboost|p1a: Basculegion|spe|1\n|turn|18\n|\n|t:|1699721372\n|move|p1a: Basculegion|Wave Crash|p2a: Ursaluna\n|-damage|p2a: Ursaluna|45\/100\n|-damage|p1a: Basculegion|87\/100|[from] Recoil\n|move|p2a: Ursaluna|Moonblast|p1a: Basculegion\n|-damage|p1a: Basculegion|45\/100\n|\n|-heal|p2a: Ursaluna|51\/100|[from] item: Leftovers\n|upkeep\n|turn|19\n|\n|t:|1699721381\n|move|p1a: Basculegion|Wave Crash|p2a: Ursaluna\n|-damage|p2a: Ursaluna|9\/100\n|-damage|p1a: Basculegion|31\/100|[from] Recoil\n|move|p2a: Ursaluna|Blood Moon|p1a: Basculegion\n|-damage|p1a: Basculegion|0 fnt\n|faint|p1a: Basculegion\n|\n|win|PhobosYeah\n|raw|Exonicdude's rating: 1361 &rarr; <strong>1342<\/strong><br \/>(-19 for losing)\n|raw|PhobosYeah's rating: 1372 &rarr; <strong>1391<\/strong><br \/>(+19 for winning)\n|l|\u2606Exonicdude\n|c|\u2606PhobosYeah|GG\n","uploadtime":1699721400,"views":26,"p1id":"exonicdude","p2id":"phobosyeah","formatid":"gen9nationaldexubers","rating":1342,"private":0,"password":""}