{"id":"gen9nationaldexubers-1986124102","p1":"AhiruChan","p2":"ZakDoe","format":"[Gen 9] National Dex Ubers","log":"|j|\u2606AhiruChan\n|j|\u2606ZakDoe\n|t:|1699452515\n|gametype|singles\n|player|p1|AhiruChan|waitress|\n|player|p2|ZakDoe|hugh|\n|teamsize|p1|6\n|teamsize|p2|6\n|gen|9\n|tier|[Gen 9] National Dex Ubers\n|rule|HP Percentage Mod: HP is shown in percentages\n|rule|Endless Battle Clause: Forcing endless battles is banned\n|rule|OHKO Clause: OHKO moves are banned\n|rule|Evasion Moves Clause: Evasion moves are banned\n|rule|Evasion Items Clause: Evasion items are banned\n|rule|Species Clause: Limit one of each Pok\u00e9mon\n|rule|Sleep Clause Mod: Limit one foe put to sleep\n|rule|Mega Rayquaza Clause: You cannot mega evolve Rayquaza\n|clearpoke\n|poke|p1|Pelipper, M|\n|poke|p1|Basculegion, M|\n|poke|p1|Gastrodon, F|\n|poke|p1|Quaquaval, F|\n|poke|p1|Toxapex, M|\n|poke|p1|Walking Wake|\n|poke|p2|Ting-Lu|\n|poke|p2|Incineroar, M|\n|poke|p2|Greninja-*, M|\n|poke|p2|Drapion, F|\n|poke|p2|Sableye, F|\n|poke|p2|Roaring Moon|\n|teampreview\n|inactive|Battle timer is ON: inactive players will automatically lose when time's up. (requested by AhiruChan)\n|c|\u2606ZakDoe|gl ahiru!\n|c|\u2606AhiruChan|Glhf! :3\n|inactive|ZakDoe has 270 seconds left.\n|\n|t:|1699452551\n|start\n|switch|p1a: \/weather rain|Pelipper, M|100\/100\n|switch|p2a: Drapion|Drapion, F|100\/100\n|-weather|RainDance|[from] ability: Drizzle|[of] p1a: \/weather rain\n|turn|1\n|\n|t:|1699452557\n|move|p2a: Drapion|Knock Off|p1a: \/weather rain\n|-damage|p1a: \/weather rain|75\/100\n|-enditem|p1a: \/weather rain|Heavy-Duty Boots|[from] move: Knock Off|[of] p2a: Drapion\n|move|p1a: \/weather rain|Knock Off|p2a: Drapion\n|-resisted|p2a: Drapion\n|-damage|p2a: Drapion|95\/100\n|-enditem|p2a: Drapion|Black Sludge|[from] move: Knock Off|[of] p1a: \/weather rain\n|\n|-weather|RainDance|[upkeep]\n|upkeep\n|turn|2\n|\n|t:|1699452563\n|move|p2a: Drapion|Toxic Spikes|p1a: \/weather rain\n|-sidestart|p1: AhiruChan|move: Toxic Spikes\n|move|p1a: \/weather rain|Tailwind|p1a: \/weather rain\n|-sidestart|p1: AhiruChan|move: Tailwind\n|\n|-weather|RainDance|[upkeep]\n|upkeep\n|turn|3\n|\n|t:|1699452573\n|move|p1a: \/weather rain|U-turn|p2a: Drapion\n|-damage|p2a: Drapion|87\/100\n|\n|t:|1699452576\n|switch|p1a: Duck Supremacy|Quaquaval, F|100\/100|[from] U-turn\n|move|p2a: Drapion|Whirlwind|p1a: Duck Supremacy\n|drag|p1a: Stall.exe|Toxapex, M|100\/100\n|-sideend|p1: AhiruChan|move: Toxic Spikes|[of] p1a: Stall.exe\n|\n|-weather|RainDance|[upkeep]\n|upkeep\n|turn|4\n|\n|t:|1699452588\n|switch|p1a: Walkie Wakie|Walking Wake|100\/100\n|move|p2a: Drapion|Knock Off|p1a: Walkie Wakie\n|-damage|p1a: Walkie Wakie|68\/100\n|-enditem|p1a: Walkie Wakie|Choice Specs|[from] move: Knock Off|[of] p2a: Drapion\n|\n|-weather|RainDance|[upkeep]\n|upkeep\n|turn|5\n|\n|t:|1699452614\n|switch|p2a: Greninja|Greninja, M|100\/100\n|move|p1a: Walkie Wakie|Hydro Pump|p2a: Greninja\n|-resisted|p2a: Greninja\n|-damage|p2a: Greninja|34\/100\n|\n|-weather|none\n|-sideend|p1: AhiruChan|move: Tailwind\n|upkeep\n|turn|6\n|\n|t:|1699452623\n|-end|p1a: Walkie Wakie|Protosynthesis|[silent]\n|switch|p1a: Sneil|Gastrodon, F|100\/100\n|move|p2a: Greninja|U-turn|p1a: Sneil\n|-start|p2a: Greninja|typechange|Bug|[from] ability: Protean\n|-damage|p1a: Sneil|77\/100\n|\n|t:|1699452633\n|switch|p2a: Roaring Moon|Roaring Moon|100\/100|[from] U-turn\n|\n|-heal|p1a: Sneil|83\/100|[from] item: Leftovers\n|upkeep\n|turn|7\n|\n|t:|1699452639\n|switch|p1a: Stall.exe|Toxapex, M|100\/100\n|move|p2a: Roaring Moon|Scale Shot|p1a: Stall.exe\n|-damage|p1a: Stall.exe|92\/100\n|-damage|p1a: Stall.exe|82\/100\n|-damage|p1a: Stall.exe|73\/100\n|-damage|p1a: Stall.exe|64\/100\n|-hitcount|p1a: Stall.exe|4\n|-unboost|p2a: Roaring Moon|def|1\n|-boost|p2a: Roaring Moon|spe|1\n|\n|-heal|p1a: Stall.exe|69\/100|[from] item: Black Sludge\n|upkeep\n|turn|8\n|\n|t:|1699452652\n|-end|p2a: Roaring Moon|Protosynthesis|[silent]\n|switch|p2a: Drapion|Drapion, F|87\/100\n|move|p1a: Stall.exe|Toxic|p2a: Drapion\n|-immune|p2a: Drapion\n|\n|-heal|p1a: Stall.exe|75\/100|[from] item: Black Sludge\n|upkeep\n|turn|9\n|\n|t:|1699452664\n|switch|p1a: \/weather rain|Pelipper, M|75\/100\n|-weather|RainDance|[from] ability: Drizzle|[of] p1a: \/weather rain\n|move|p2a: Drapion|Toxic Spikes|p1a: \/weather rain\n|-sidestart|p1: AhiruChan|move: Toxic Spikes\n|\n|-weather|RainDance|[upkeep]\n|upkeep\n|turn|10\n|\n|t:|1699452671\n|move|p1a: \/weather rain|U-turn|p2a: Drapion\n|-damage|p2a: Drapion|78\/100\n|\n|t:|1699452674\n|switch|p1a: Stall.exe|Toxapex, M|100\/100|[from] U-turn\n|-sideend|p1: AhiruChan|move: Toxic Spikes|[of] p1a: Stall.exe\n|move|p2a: Drapion|Whirlwind|p1a: Stall.exe\n|drag|p1a: Duck Supremacy|Quaquaval, F|100\/100\n|\n|-weather|RainDance|[upkeep]\n|upkeep\n|turn|11\n|\n|t:|1699452684\n|switch|p2a: Incineroar|Incineroar, M|100\/100\n|-ability|p2a: Incineroar|Intimidate|boost\n|-unboost|p1a: Duck Supremacy|atk|1\n|move|p1a: Duck Supremacy|Aqua Step|p2a: Incineroar\n|-supereffective|p2a: Incineroar\n|-damage|p2a: Incineroar|21\/100\n|-boost|p1a: Duck Supremacy|spe|1\n|\n|-weather|RainDance|[upkeep]\n|upkeep\n|turn|12\n|\n|t:|1699452696\n|switch|p2a: Sableye|Sableye, F|100\/100\n|move|p1a: Duck Supremacy|Aqua Step|p2a: Sableye\n|-damage|p2a: Sableye|64\/100\n|-boost|p1a: Duck Supremacy|spe|1\n|\n|-weather|RainDance|[upkeep]\n|upkeep\n|turn|13\n|\n|t:|1699452705\n|switch|p1a: Walkie Wakie|Walking Wake|68\/100\n|move|p2a: Sableye|Will-O-Wisp|p1a: Walkie Wakie\n|-status|p1a: Walkie Wakie|brn\n|\n|-weather|none\n|-damage|p1a: Walkie Wakie|62\/100 brn|[from] brn\n|upkeep\n|turn|14\n|\n|t:|1699452714\n|switch|p2a: Drapion|Drapion, F|78\/100\n|move|p1a: Walkie Wakie|Draco Meteor|p2a: Drapion\n|-damage|p2a: Drapion|21\/100\n|-unboost|p1a: Walkie Wakie|spa|2\n|\n|-damage|p1a: Walkie Wakie|56\/100 brn|[from] brn\n|upkeep\n|turn|15\n|\n|t:|1699452723\n|switch|p2a: Ting-Lu|Ting-Lu|100\/100\n|-ability|p2a: Ting-Lu|Vessel of Ruin\n|move|p1a: Walkie Wakie|Hydro Steam|p2a: Ting-Lu\n|-supereffective|p2a: Ting-Lu\n|-damage|p2a: Ting-Lu|83\/100\n|\n|-damage|p1a: Walkie Wakie|50\/100 brn|[from] brn\n|upkeep\n|turn|16\n|\n|t:|1699452732\n|-end|p1a: Walkie Wakie|Protosynthesis|[silent]\n|switch|p1a: \/weather rain|Pelipper, M|75\/100\n|-weather|RainDance|[from] ability: Drizzle|[of] p1a: \/weather rain\n|move|p2a: Ting-Lu|Throat Chop|p1a: \/weather rain\n|-damage|p1a: \/weather rain|46\/100\n|-start|p1a: \/weather rain|Throat Chop|[silent]\n|\n|-weather|RainDance|[upkeep]\n|upkeep\n|turn|17\n|\n|t:|1699452738\n|move|p1a: \/weather rain|U-turn|p2a: Ting-Lu\n|-supereffective|p2a: Ting-Lu\n|-damage|p2a: Ting-Lu|72\/100\n|\n|t:|1699452742\n|switch|p1a: Duck Supremacy|Quaquaval, F|100\/100|[from] U-turn\n|move|p2a: Ting-Lu|Throat Chop|p1a: Duck Supremacy\n|-resisted|p1a: Duck Supremacy\n|-damage|p1a: Duck Supremacy|75\/100\n|-start|p1a: Duck Supremacy|Throat Chop|[silent]\n|\n|-weather|RainDance|[upkeep]\n|upkeep\n|turn|18\n|\n|t:|1699452752\n|switch|p2a: Incineroar|Incineroar, M|21\/100\n|-ability|p2a: Incineroar|Intimidate|boost\n|-unboost|p1a: Duck Supremacy|atk|1\n|move|p1a: Duck Supremacy|Aqua Step|p2a: Incineroar\n|-supereffective|p2a: Incineroar\n|-damage|p2a: Incineroar|0 fnt\n|-boost|p1a: Duck Supremacy|spe|1\n|faint|p2a: Incineroar\n|-ability|p1a: Duck Supremacy|Moxie|boost\n|-boost|p1a: Duck Supremacy|atk|1\n|\n|-weather|RainDance|[upkeep]\n|-end|p1a: Duck Supremacy|Throat Chop|[silent]\n|upkeep\n|\n|t:|1699452756\n|switch|p2a: Sableye|Sableye, F|64\/100\n|turn|19\n|\n|t:|1699452766\n|switch|p1a: Walkie Wakie|Walking Wake|50\/100 brn\n|move|p2a: Sableye|Knock Off|p1a: Walkie Wakie\n|-damage|p1a: Walkie Wakie|30\/100 brn\n|\n|-weather|RainDance|[upkeep]\n|-damage|p1a: Walkie Wakie|24\/100 brn|[from] brn\n|upkeep\n|turn|20\n|\n|t:|1699452776\n|switch|p2a: Ting-Lu|Ting-Lu|72\/100\n|-ability|p2a: Ting-Lu|Vessel of Ruin\n|move|p1a: Walkie Wakie|Hydro Pump|p2a: Ting-Lu|[miss]\n|-miss|p1a: Walkie Wakie|p2a: Ting-Lu\n|\n|-weather|none\n|-damage|p1a: Walkie Wakie|18\/100 brn|[from] brn\n|upkeep\n|turn|21\n|c|\u2606AhiruChan|Aw\n|\n|t:|1699452787\n|move|p1a: Walkie Wakie|Hydro Pump|p2a: Ting-Lu|[miss]\n|-miss|p1a: Walkie Wakie|p2a: Ting-Lu\n|move|p2a: Ting-Lu|Throat Chop|p1a: Walkie Wakie\n|-damage|p1a: Walkie Wakie|0 fnt\n|faint|p1a: Walkie Wakie\n|-end|p1a: Walkie Wakie|Protosynthesis|[silent]\n|\n|upkeep\n|c|\u2606AhiruChan|Damn\n|c|\u2606ZakDoe|unlucky ahiru\n|\n|t:|1699452800\n|switch|p1a: \/weather rain|Pelipper, M|46\/100\n|-weather|RainDance|[from] ability: Drizzle|[of] p1a: \/weather rain\n|turn|22\n|\n|t:|1699452808\n|move|p1a: \/weather rain|U-turn|p2a: Ting-Lu\n|-supereffective|p2a: Ting-Lu\n|-damage|p2a: Ting-Lu|62\/100\n|\n|t:|1699452811\n|switch|p1a: Duck Supremacy|Quaquaval, F|75\/100|[from] U-turn\n|move|p2a: Ting-Lu|Earthquake|p1a: Duck Supremacy\n|-damage|p1a: Duck Supremacy|5\/100\n|\n|-weather|RainDance|[upkeep]\n|upkeep\n|turn|23\n|\n|t:|1699452828\n|move|p1a: Duck Supremacy|Close Combat|p2a: Ting-Lu\n|-supereffective|p2a: Ting-Lu\n|-damage|p2a: Ting-Lu|0 fnt\n|-unboost|p1a: Duck Supremacy|def|1\n|-unboost|p1a: Duck Supremacy|spd|1\n|faint|p2a: Ting-Lu\n|-ability|p1a: Duck Supremacy|Moxie|boost\n|-boost|p1a: Duck Supremacy|atk|1\n|\n|-weather|RainDance|[upkeep]\n|upkeep\n|\n|t:|1699452833\n|switch|p2a: Greninja|Greninja, M|34\/100\n|turn|24\n|\n|t:|1699452843\n|switch|p1a: Sneil|Gastrodon, F|83\/100\n|move|p2a: Greninja|U-turn|p1a: Sneil\n|-start|p2a: Greninja|typechange|Bug|[from] ability: Protean\n|-damage|p1a: Sneil|61\/100\n|\n|t:|1699452853\n|switch|p2a: Roaring Moon|Roaring Moon|100\/100|[from] U-turn\n|\n|-weather|RainDance|[upkeep]\n|-heal|p1a: Sneil|67\/100|[from] item: Leftovers\n|upkeep\n|turn|25\n|\n|t:|1699452865\n|switch|p1a: Stall.exe|Toxapex, M|100\/100\n|move|p2a: Roaring Moon|Scale Shot|p1a: Stall.exe\n|-damage|p1a: Stall.exe|91\/100\n|-damage|p1a: Stall.exe|82\/100\n|-damage|p1a: Stall.exe|72\/100\n|-crit|p1a: Stall.exe\n|-damage|p1a: Stall.exe|59\/100\n|-hitcount|p1a: Stall.exe|4\n|-unboost|p2a: Roaring Moon|def|1\n|-boost|p2a: Roaring Moon|spe|1\n|\n|-weather|RainDance|[upkeep]\n|-heal|p1a: Stall.exe|65\/100|[from] item: Black Sludge\n|upkeep\n|turn|26\n|\n|t:|1699452870\n|-end|p2a: Roaring Moon|Protosynthesis|[silent]\n|switch|p2a: Drapion|Drapion, F|21\/100\n|move|p1a: Stall.exe|Chilling Water|p2a: Drapion\n|-damage|p2a: Drapion|6\/100\n|-unboost|p2a: Drapion|atk|1\n|\n|-weather|none\n|-heal|p1a: Stall.exe|71\/100|[from] item: Black Sludge\n|upkeep\n|turn|27\n|\n|t:|1699452880\n|switch|p1a: Duck Supremacy|Quaquaval, F|5\/100\n|move|p2a: Drapion|Knock Off|p1a: Duck Supremacy\n|-resisted|p1a: Duck Supremacy\n|-damage|p1a: Duck Supremacy|0 fnt\n|-enditem|p1a: Duck Supremacy|Heavy-Duty Boots|[from] move: Knock Off|[of] p2a: Drapion\n|faint|p1a: Duck Supremacy\n|\n|upkeep\n|\n|t:|1699452887\n|switch|p1a: \/weather rain|Pelipper, M|46\/100\n|-weather|RainDance|[from] ability: Drizzle|[of] p1a: \/weather rain\n|turn|28\n|\n|t:|1699452897\n|move|p2a: Drapion|Poison Jab|p1a: \/weather rain\n|-damage|p1a: \/weather rain|33\/100\n|move|p1a: \/weather rain|U-turn|p2a: Drapion\n|-damage|p2a: Drapion|0 fnt\n|faint|p2a: Drapion\n|\n|t:|1699452907\n|switch|p1a: Tatical Nuke|Basculegion, M, shiny|100\/100|[from] U-turn\n|\n|-weather|RainDance|[upkeep]\n|upkeep\n|\n|t:|1699452917\n|switch|p2a: Sableye|Sableye, F|64\/100\n|turn|29\n|\n|t:|1699452920\n|-terastallize|p1a: Tatical Nuke|Water\n|move|p2a: Sableye|Will-O-Wisp|p1a: Tatical Nuke\n|-status|p1a: Tatical Nuke|brn\n|move|p1a: Tatical Nuke|Wave Crash|p2a: Sableye\n|-damage|p2a: Sableye|0 fnt\n|faint|p2a: Sableye\n|-damage|p1a: Tatical Nuke|84\/100 brn|[from] Recoil\n|\n|-weather|RainDance|[upkeep]\n|-damage|p1a: Tatical Nuke|78\/100 brn|[from] brn\n|upkeep\n|\n|t:|1699452929\n|switch|p2a: Roaring Moon|Roaring Moon|100\/100\n|turn|30\n|\n|t:|1699452936\n|move|p1a: Tatical Nuke|Wave Crash|p2a: Roaring Moon\n|-resisted|p2a: Roaring Moon\n|-damage|p2a: Roaring Moon|40\/100\n|-damage|p1a: Tatical Nuke|60\/100 brn|[from] Recoil\n|move|p2a: Roaring Moon|Knock Off|p1a: Tatical Nuke\n|-damage|p1a: Tatical Nuke|0 fnt\n|-enditem|p1a: Tatical Nuke|Choice Band|[from] move: Knock Off|[of] p2a: Roaring Moon\n|faint|p1a: Tatical Nuke\n|\n|-weather|RainDance|[upkeep]\n|upkeep\n|\n|t:|1699452947\n|switch|p1a: Stall.exe|Toxapex, M|100\/100\n|turn|31\n|\n|t:|1699452951\n|-end|p2a: Roaring Moon|Protosynthesis|[silent]\n|switch|p2a: Greninja|Greninja, M|34\/100\n|move|p1a: Stall.exe|Chilling Water|p2a: Greninja\n|-resisted|p2a: Greninja\n|-damage|p2a: Greninja|21\/100\n|-unboost|p2a: Greninja|atk|1\n|\n|-weather|RainDance|[upkeep]\n|upkeep\n|turn|32\n|\n|t:|1699452955\n|move|p2a: Greninja|Extrasensory|p1a: Stall.exe\n|-start|p2a: Greninja|typechange|Psychic|[from] ability: Protean\n|-supereffective|p1a: Stall.exe\n|-damage|p1a: Stall.exe|43\/100\n|move|p1a: Stall.exe|Toxic|p2a: Greninja\n|-status|p2a: Greninja|tox\n|\n|-weather|none\n|-heal|p1a: Stall.exe|49\/100|[from] item: Black Sludge\n|-damage|p2a: Greninja|15\/100 tox|[from] psn\n|upkeep\n|turn|33\n|\n|t:|1699452962\n|switch|p2a: Roaring Moon|Roaring Moon|40\/100\n|move|p1a: Stall.exe|Baneful Bunker||[still]\n|-fail|p1a: Stall.exe\n|\n|-heal|p1a: Stall.exe|55\/100|[from] item: Black Sludge\n|upkeep\n|turn|34\n|\n|t:|1699452969\n|switch|p1a: \/weather rain|Pelipper, M|33\/100\n|-weather|RainDance|[from] ability: Drizzle|[of] p1a: \/weather rain\n|move|p2a: Roaring Moon|Earthquake|p1a: \/weather rain\n|-immune|p1a: \/weather rain\n|\n|-weather|RainDance|[upkeep]\n|upkeep\n|turn|35\n|\n|t:|1699452976\n|move|p2a: Roaring Moon|Scale Shot|p1a: \/weather rain\n|-damage|p1a: \/weather rain|22\/100\n|-damage|p1a: \/weather rain|9\/100\n|-damage|p1a: \/weather rain|0 fnt\n|faint|p1a: \/weather rain\n|-hitcount|p1: \/weather rain|3\n|-unboost|p2a: Roaring Moon|def|1\n|-boost|p2a: Roaring Moon|spe|1\n|\n|-weather|RainDance|[upkeep]\n|upkeep\n|c|\u2606AhiruChan|>:3\n|c|\u2606AhiruChan|Og\n|\n|t:|1699452992\n|switch|p1a: Stall.exe|Toxapex, M|88\/100\n|turn|36\n|\n|t:|1699452996\n|-terastallize|p2a: Roaring Moon|Dragon\n|move|p2a: Roaring Moon|Scale Shot|p1a: Stall.exe\n|-damage|p1a: Stall.exe|75\/100\n|-damage|p1a: Stall.exe|63\/100\n|-damage|p1a: Stall.exe|50\/100\n|-damage|p1a: Stall.exe|38\/100\n|-damage|p1a: Stall.exe|26\/100\n|-hitcount|p1a: Stall.exe|5\n|-unboost|p2a: Roaring Moon|def|1\n|-boost|p2a: Roaring Moon|spe|1\n|move|p1a: Stall.exe|Toxic|p2a: Roaring Moon\n|-status|p2a: Roaring Moon|tox\n|\n|-weather|RainDance|[upkeep]\n|-heal|p1a: Stall.exe|32\/100|[from] item: Black Sludge\n|-damage|p2a: Roaring Moon|34\/100 tox|[from] psn\n|upkeep\n|turn|37\n|\n|t:|1699453012\n|move|p1a: Stall.exe|Baneful Bunker|p1a: Stall.exe\n|-singleturn|p1a: Stall.exe|move: Protect\n|move|p2a: Roaring Moon|Earthquake|p1a: Stall.exe\n|-activate|p1a: Stall.exe|move: Protect\n|\n|-weather|RainDance|[upkeep]\n|-heal|p1a: Stall.exe|38\/100|[from] item: Black Sludge\n|-damage|p2a: Roaring Moon|22\/100 tox|[from] psn\n|upkeep\n|turn|38\n|\n|t:|1699453017\n|switch|p1a: Sneil|Gastrodon, F|67\/100\n|move|p2a: Roaring Moon|Scale Shot|p1a: Sneil\n|-damage|p1a: Sneil|45\/100\n|-damage|p1a: Sneil|24\/100\n|-damage|p1a: Sneil|1\/100\n|-damage|p1a: Sneil|0 fnt\n|faint|p1a: Sneil\n|-hitcount|p1: Sneil|4\n|-unboost|p2a: Roaring Moon|def|1\n|-boost|p2a: Roaring Moon|spe|1\n|\n|-weather|none\n|-damage|p2a: Roaring Moon|4\/100 tox|[from] psn\n|upkeep\n|\n|t:|1699453020\n|switch|p1a: Stall.exe|Toxapex, M|71\/100\n|turn|39\n|\n|t:|1699453035\n|-end|p2a: Roaring Moon|Protosynthesis|[silent]\n|switch|p2a: Greninja|Greninja, M|15\/100 tox\n|move|p1a: Stall.exe|Baneful Bunker||[still]\n|-fail|p1a: Stall.exe\n|\n|-heal|p1a: Stall.exe|77\/100|[from] item: Black Sludge\n|-damage|p2a: Greninja|9\/100 tox|[from] psn\n|upkeep\n|turn|40\n|\n|t:|1699453041\n|move|p1a: Stall.exe|Baneful Bunker|p1a: Stall.exe\n|-singleturn|p1a: Stall.exe|move: Protect\n|move|p2a: Greninja|Extrasensory|p1a: Stall.exe\n|-start|p2a: Greninja|typechange|Psychic|[from] ability: Protean\n|-activate|p1a: Stall.exe|move: Protect\n|\n|-heal|p1a: Stall.exe|83\/100|[from] item: Black Sludge\n|-damage|p2a: Greninja|0 fnt|[from] psn\n|faint|p2a: Greninja\n|upkeep\n|\n|t:|1699453044\n|switch|p2a: Roaring Moon|Roaring Moon, tera:Dragon|4\/100 tox\n|turn|41\n|c|\u2606AhiruChan|Gg wp\n|c|\u2606ZakDoe|gg\n|\n|t:|1699453051\n|move|p2a: Roaring Moon|Earthquake|p1a: Stall.exe\n|-supereffective|p1a: Stall.exe\n|-damage|p1a: Stall.exe|34\/100\n|move|p1a: Stall.exe|Chilling Water|p2a: Roaring Moon\n|-resisted|p2a: Roaring Moon\n|-damage|p2a: Roaring Moon|0 fnt\n|faint|p2a: Roaring Moon\n|-end|p2a: Roaring Moon|Protosynthesis|[silent]\n|\n|win|AhiruChan\n","uploadtime":1699453055,"views":10,"p1id":"ahiruchan","p2id":"zakdoe","formatid":"gen9nationaldexubers","rating":0,"private":0,"password":""}