{"id":"gen9nationaldexubers-1992322566","p1":"SMN_17","p2":"KingoftheTitans","format":"[Gen 9] National Dex Ubers","log":"|j|\u2606SMN_17\n|j|\u2606KingoftheTitans\n|t:|1700174589\n|gametype|singles\n|player|p1|SMN_17|hilbert|1032\n|player|p2|KingoftheTitans|2|1115\n|teamsize|p1|6\n|teamsize|p2|6\n|gen|9\n|tier|[Gen 9] National Dex Ubers\n|rated|\n|rule|HP Percentage Mod: HP is shown in percentages\n|rule|Endless Battle Clause: Forcing endless battles is banned\n|rule|OHKO Clause: OHKO moves are banned\n|rule|Evasion Moves Clause: Evasion moves are banned\n|rule|Evasion Items Clause: Evasion items are banned\n|rule|Species Clause: Limit one of each Pok\u00e9mon\n|rule|Sleep Clause Mod: Limit one foe put to sleep\n|rule|Mega Rayquaza Clause: You cannot mega evolve Rayquaza\n|clearpoke\n|poke|p1|Coalossal, M|\n|poke|p1|Roaring Moon|\n|poke|p1|Tsareena, F|\n|poke|p1|Aggron, M|\n|poke|p1|Grimmsnarl, M|\n|poke|p1|Annihilape, M|\n|poke|p2|Glalie, M|\n|poke|p2|Annihilape, M|\n|poke|p2|Regidrago|\n|poke|p2|Glimmora, M|\n|poke|p2|Electrode-Hisui|\n|poke|p2|Typhlosion-Hisui, M|\n|teampreview\n|\n|t:|1700174601\n|start\n|switch|p1a: Annie|Tsareena, F|100\/100\n|switch|p2a: Glalie|Glalie, M|100\/100\n|turn|1\n|\n|t:|1700174613\n|move|p2a: Glalie|Substitute|p2a: Glalie\n|-start|p2a: Glalie|Substitute\n|-damage|p2a: Glalie|76\/100\n|move|p1a: Annie|U-turn|p2a: Glalie\n|-end|p2a: Glalie|Substitute\n|\n|t:|1700174625\n|switch|p1a: Armin|Coalossal, M|100\/100|[from] U-turn\n|\n|-ability|p2a: Glalie|Moody|boost\n|-boost|p2a: Glalie|spa|2\n|-unboost|p2a: Glalie|spd|1\n|upkeep\n|turn|2\n|\n|t:|1700174635\n|switch|p2a: Typhlosion|Typhlosion-Hisui, M|100\/100\n|move|p1a: Armin|Will-O-Wisp|p2a: Typhlosion\n|-immune|p2a: Typhlosion\n|\n|upkeep\n|turn|3\n|\n|t:|1700174640\n|move|p2a: Typhlosion|Focus Blast|p1a: Armin\n|-supereffective|p1a: Armin\n|-damage|p1a: Armin|49\/100\n|move|p1a: Armin|Power Gem|p2a: Typhlosion\n|-supereffective|p2a: Typhlosion\n|-damage|p2a: Typhlosion|40\/100\n|\n|upkeep\n|turn|4\n|\n|t:|1700174668\n|move|p2a: Typhlosion|Focus Blast|p1a: Armin|[miss]\n|-miss|p2a: Typhlosion|p1a: Armin\n|move|p1a: Armin|Stealth Rock|p2a: Typhlosion\n|-sidestart|p2: KingoftheTitans|move: Stealth Rock\n|\n|upkeep\n|turn|5\n|inactive|Battle timer is ON: inactive players will automatically lose when time's up. (requested by SMN_17)\n|\n|t:|1700174680\n|switch|p1a: Zeke|Annihilape, M|100\/100\n|move|p2a: Typhlosion|Focus Blast|p1a: Zeke\n|-immune|p1a: Zeke\n|\n|upkeep\n|turn|6\n|\n|t:|1700174689\n|switch|p2a: Glimmora|Glimmora, M|100\/100\n|-damage|p2a: Glimmora|88\/100|[from] Stealth Rock\n|move|p1a: Zeke|Bulk Up|p1a: Zeke\n|-boost|p1a: Zeke|atk|1\n|-boost|p1a: Zeke|def|1\n|\n|upkeep\n|turn|7\n|\n|t:|1700174698\n|move|p2a: Glimmora|Mortal Spin|p1a: Zeke\n|-resisted|p1a: Zeke\n|-damage|p1a: Zeke|98\/100\n|-status|p1a: Zeke|psn\n|-sideend|p2: KingoftheTitans|Stealth Rock|[from] move: Mortal Spin|[of] p2a: Glimmora\n|move|p1a: Zeke|Drain Punch|p2a: Glimmora\n|-damage|p2a: Glimmora|29\/100\n|-heal|p1a: Zeke|100\/100 psn|[from] drain|[of] p2a: Glimmora\n|-activate|p2a: Glimmora|ability: Toxic Debris\n|-sidestart|p1: SMN_17|move: Toxic Spikes\n|\n|-damage|p1a: Zeke|88\/100 psn|[from] psn\n|upkeep\n|turn|8\n|\n|t:|1700174709\n|move|p2a: Glimmora|Memento|p1a: Zeke\n|-unboost|p1a: Zeke|atk|2\n|-ability|p1a: Zeke|Defiant|boost\n|-boost|p1a: Zeke|atk|2\n|-unboost|p1a: Zeke|spa|2\n|-ability|p1a: Zeke|Defiant|boost\n|-boost|p1a: Zeke|atk|2\n|faint|p2a: Glimmora\n|move|p1a: Zeke|Drain Punch|p2: Glimmora|[notarget]\n|-fail|p1a: Zeke\n|\n|-heal|p1a: Zeke|94\/100 psn|[from] item: Leftovers\n|-damage|p1a: Zeke|82\/100 psn|[from] psn\n|upkeep\n|c|\u2606KingoftheTitans|SHI-\n|\n|t:|1700174725\n|switch|p2a: Typhlosion|Typhlosion-Hisui, M|40\/100\n|turn|9\n|\n|t:|1700174730\n|move|p2a: Typhlosion|Infernal Parade|p1a: Zeke\n|-supereffective|p1a: Zeke\n|-damage|p1a: Zeke|0 fnt\n|faint|p1a: Zeke\n|\n|upkeep\n|\n|t:|1700174736\n|switch|p1a: Armin|Coalossal, M|49\/100\n|turn|10\n|\n|t:|1700174745\n|switch|p2a: Annihilape|Annihilape, M|100\/100\n|move|p1a: Armin|Stealth Rock|p2a: Annihilape\n|-sidestart|p2: KingoftheTitans|move: Stealth Rock\n|\n|upkeep\n|turn|11\n|\n|t:|1700174751\n|move|p2a: Annihilape|Drain Punch|p1a: Armin\n|-supereffective|p1a: Armin\n|-damage|p1a: Armin|0 fnt\n|-status|p2a: Annihilape|brn|[from] ability: Flame Body|[of] p1a: Armin\n|faint|p1a: Armin\n|\n|-damage|p2a: Annihilape|94\/100 brn|[from] brn\n|upkeep\n|\n|t:|1700174755\n|switch|p1a: Falco|Roaring Moon|100\/100\n|-status|p1a: Falco|psn\n|-enditem|p1a: Falco|Booster Energy\n|-activate|p1a: Falco|ability: Protosynthesis|[fromitem]\n|-start|p1a: Falco|protosynthesisatk\n|turn|12\n|\n|t:|1700174762\n|-terastallize|p1a: Falco|Flying\n|move|p1a: Falco|Dragon Dance|p1a: Falco\n|-boost|p1a: Falco|atk|1\n|-boost|p1a: Falco|spe|1\n|move|p2a: Annihilape|Final Gambit|p1a: Falco\n|-damage|p1a: Falco|0 fnt\n|faint|p2a: Annihilape\n|faint|p1a: Falco\n|-end|p1a: Falco|Protosynthesis|[silent]\n|\n|upkeep\n|\n|t:|1700174777\n|switch|p1a: Eren Jaeger|Grimmsnarl, M|100\/100\n|switch|p2a: Glalie|Glalie, M|76\/100\n|-damage|p2a: Glalie|51\/100|[from] Stealth Rock\n|-status|p1a: Eren Jaeger|psn\n|turn|13\n|\n|t:|1700174784\n|detailschange|p2a: Glalie|Glalie-Mega, M\n|-mega|p2a: Glalie|Glalie|Glalitite\n|move|p1a: Eren Jaeger|Reflect|p1a: Eren Jaeger\n|-sidestart|p1: SMN_17|Reflect\n|move|p2a: Glalie|Explosion|p1a: Eren Jaeger\n|-damage|p1a: Eren Jaeger|10\/100 psn\n|faint|p2a: Glalie\n|\n|-damage|p1a: Eren Jaeger|0 fnt|[from] psn\n|faint|p1a: Eren Jaeger\n|upkeep\n|\n|t:|1700174794\n|switch|p2a: Electrode|Electrode-Hisui|100\/100\n|switch|p1a: Reiner|Aggron, M|100\/100\n|-damage|p2a: Electrode|88\/100|[from] Stealth Rock\n|turn|14\n|\n|t:|1700174803\n|detailschange|p1a: Reiner|Aggron-Mega, M\n|-mega|p1a: Reiner|Aggron|Aggronite\n|move|p2a: Electrode|Chloroblast|p1a: Reiner\n|-resisted|p1a: Reiner\n|-damage|p1a: Reiner|73\/100\n|-damage|p2a: Electrode|38\/100|[from] Recoil\n|-damage|p2a: Electrode|28\/100|[from] item: Life Orb\n|move|p1a: Reiner|Iron Defense|p1a: Reiner\n|-boost|p1a: Reiner|def|2\n|\n|upkeep\n|turn|15\n|\n|t:|1700174812\n|move|p2a: Electrode|Thunderbolt|p1a: Reiner\n|-damage|p1a: Reiner|36\/100\n|-damage|p2a: Electrode|18\/100|[from] item: Life Orb\n|move|p1a: Reiner|Iron Defense|p1a: Reiner\n|-boost|p1a: Reiner|def|2\n|\n|upkeep\n|turn|16\n|\n|t:|1700174822\n|move|p2a: Electrode|Thunderbolt|p1a: Reiner\n|-damage|p1a: Reiner|0 fnt\n|faint|p1a: Reiner\n|-damage|p2a: Electrode|8\/100|[from] item: Life Orb\n|\n|upkeep\n|\n|t:|1700174825\n|switch|p1a: Annie|Tsareena, F|100\/100\n|-status|p1a: Annie|psn\n|turn|17\n|\n|t:|1700174836\n|move|p2a: Electrode|Chloroblast|p1a: Annie\n|-resisted|p1a: Annie\n|-damage|p1a: Annie|66\/100 psn\n|-damage|p2a: Electrode|0 fnt|[from] Recoil\n|faint|p2a: Electrode\n|move|p1a: Annie|Rapid Spin|p2: Electrode|[notarget]\n|-fail|p1a: Annie\n|\n|-damage|p1a: Annie|53\/100 psn|[from] psn\n|upkeep\n|\n|t:|1700174845\n|switch|p2a: Typhlosion|Typhlosion-Hisui, M|40\/100\n|-damage|p2a: Typhlosion|15\/100|[from] Stealth Rock\n|turn|18\n|\n|t:|1700174864\n|move|p2a: Typhlosion|Infernal Parade|p1a: Annie\n|-damage|p1a: Annie|0 fnt\n|faint|p1a: Annie\n|\n|win|KingoftheTitans\n|raw|SMN_17's rating: 1032 &rarr; <strong>1021<\/strong><br \/>(-11 for losing)\n|raw|KingoftheTitans's rating: 1115 &rarr; <strong>1134<\/strong><br \/>(+19 for winning)\n|c|\u2606SMN_17|gg\n|l|\u2606SMN_17\n|c|\u2606KingoftheTitans|gg\n","uploadtime":1700174872,"views":35,"p1id":"smn17","p2id":"kingofthetitans","formatid":"gen9nationaldexubers","rating":1021,"private":0,"password":""}