{"id":"gen9nationaldexubers-1994330895","p1":"HarukaSlowpoke","p2":"KENTHARO 777","format":"[Gen 9] National Dex Ubers","log":"|j|\u2606HarukaSlowpoke\n|j|\u2606KENTHARO 777\n|t:|1700431884\n|gametype|singles\n|player|p1|HarukaSlowpoke|veteran|\n|player|p2|KENTHARO 777|nate|\n|teamsize|p1|6\n|teamsize|p2|6\n|gen|9\n|tier|[Gen 9] National Dex Ubers\n|rule|HP Percentage Mod: HP is shown in percentages\n|rule|Endless Battle Clause: Forcing endless battles is banned\n|rule|OHKO Clause: OHKO moves are banned\n|rule|Evasion Moves Clause: Evasion moves are banned\n|rule|Evasion Items Clause: Evasion items are banned\n|rule|Species Clause: Limit one of each Pok\u00e9mon\n|rule|Sleep Clause Mod: Limit one foe put to sleep\n|rule|Mega Rayquaza Clause: You cannot mega evolve Rayquaza\n|clearpoke\n|poke|p1|Slowbro, F|\n|poke|p1|Grimmsnarl, M|\n|poke|p1|Skeledirge, M|\n|poke|p1|Excadrill, M|\n|poke|p1|Breloom, M|\n|poke|p1|Tapu Lele|\n|poke|p2|Dragapult, F|\n|poke|p2|Maushold-Four|\n|poke|p2|Naganadel|\n|poke|p2|Venusaur, M|\n|poke|p2|Aegislash, F|\n|poke|p2|Krookodile, M|\n|teampreview\n|inactive|Battle timer is ON: inactive players will automatically lose when time's up. (requested by HarukaSlowpoke)\n|\n|t:|1700431898\n|start\n|switch|p1a: Grimmsnarl|Grimmsnarl, M|100\/100\n|switch|p2a: Maushold|Maushold-Four|100\/100\n|turn|1\n|\n|t:|1700431911\n|move|p1a: Grimmsnarl|Reflect|p1a: Grimmsnarl\n|-sidestart|p1: HarukaSlowpoke|Reflect\n|move|p2a: Maushold|Shadow Claw|p1a: Grimmsnarl\n|-resisted|p1a: Grimmsnarl\n|-damage|p1a: Grimmsnarl|94\/100\n|\n|upkeep\n|turn|2\n|\n|t:|1700431921\n|move|p1a: Grimmsnarl|Sucker Punch|p2a: Maushold\n|-damage|p2a: Maushold|41\/100\n|move|p2a: Maushold|Population Bomb|p1a: Grimmsnarl|[miss]\n|-miss|p2a: Maushold|p1a: Grimmsnarl\n|\n|upkeep\n|turn|3\n|\n|t:|1700431941\n|move|p1a: Grimmsnarl|Parting Shot|p2a: Maushold\n|-unboost|p2a: Maushold|atk|1\n|-unboost|p2a: Maushold|spa|1\n|\n|t:|1700431945\n|switch|p1a: Excadrill|Excadrill, M|100\/100|[from] Parting Shot\n|-ability|p1a: Excadrill|Mold Breaker\n|move|p2a: Maushold|Population Bomb|p1a: Excadrill\n|-resisted|p1a: Excadrill\n|-damage|p1a: Excadrill|98\/100\n|-resisted|p1a: Excadrill\n|-damage|p1a: Excadrill|96\/100\n|-resisted|p1a: Excadrill\n|-damage|p1a: Excadrill|94\/100\n|-resisted|p1a: Excadrill\n|-damage|p1a: Excadrill|91\/100\n|-resisted|p1a: Excadrill\n|-damage|p1a: Excadrill|89\/100\n|-resisted|p1a: Excadrill\n|-crit|p1a: Excadrill\n|-damage|p1a: Excadrill|78\/100\n|-resisted|p1a: Excadrill\n|-crit|p1a: Excadrill\n|-damage|p1a: Excadrill|66\/100\n|-resisted|p1a: Excadrill\n|-crit|p1a: Excadrill\n|-damage|p1a: Excadrill|55\/100\n|-resisted|p1a: Excadrill\n|-damage|p1a: Excadrill|53\/100\n|-resisted|p1a: Excadrill\n|-damage|p1a: Excadrill|50\/100\n|-hitcount|p1a: Excadrill|10\n|\n|upkeep\n|turn|4\n|inactive|HarukaSlowpoke has 270 seconds left.\n|inactive|KENTHARO 777 has 270 seconds left.\n|\n|t:|1700431976\n|move|p2a: Maushold|Shadow Claw|p1a: Excadrill\n|-damage|p1a: Excadrill|43\/100\n|move|p1a: Excadrill|Rapid Spin|p2a: Maushold\n|-damage|p2a: Maushold|6\/100\n|-boost|p1a: Excadrill|spe|1\n|\n|upkeep\n|turn|5\n|\n|t:|1700431986\n|move|p2a: Maushold|Population Bomb|p1a: Excadrill|[miss]\n|-miss|p2a: Maushold|p1a: Excadrill\n|move|p1a: Excadrill|Rapid Spin|p2a: Maushold\n|-damage|p2a: Maushold|0 fnt\n|-boost|p1a: Excadrill|spe|1\n|faint|p2a: Maushold\n|\n|-sideend|p1: HarukaSlowpoke|Reflect\n|upkeep\n|inactive|KENTHARO 777 has 270 seconds left.\n|\n|t:|1700432001\n|switch|p2a: Catapulta|Dragapult, F|100\/100\n|turn|6\n|\n|t:|1700432015\n|move|p2a: Catapulta|Sucker Punch|p1a: Excadrill\n|-damage|p1a: Excadrill|16\/100\n|move|p1a: Excadrill|Iron Head|p2a: Catapulta\n|-crit|p2a: Catapulta\n|-damage|p2a: Catapulta|8\/100\n|-enditem|p2a: Catapulta|Aguav Berry|[eat]\n|-heal|p2a: Catapulta|42\/100|[from] item: Aguav Berry\n|\n|upkeep\n|turn|7\n|inactive|KENTHARO 777 has 270 seconds left.\n|\n|t:|1700432030\n|move|p2a: Catapulta|Sucker Punch|p1a: Excadrill\n|-damage|p1a: Excadrill|0 fnt\n|faint|p1a: Excadrill\n|\n|upkeep\n|\n|t:|1700432037\n|switch|p1a: Grimmsnarl|Grimmsnarl, M|94\/100\n|turn|8\n|\n|t:|1700432052\n|-terastallize|p2a: Catapulta|Fighting\n|move|p1a: Grimmsnarl|Reflect|p1a: Grimmsnarl\n|-sidestart|p1: HarukaSlowpoke|Reflect\n|move|p2a: Catapulta|Dragon Darts|p1a: Grimmsnarl\n|-immune|p1a: Grimmsnarl\n|\n|upkeep\n|turn|9\n|\n|t:|1700432063\n|move|p1a: Grimmsnarl|Parting Shot|p2a: Catapulta\n|-fail|p2a: Catapulta|unboost|[from] ability: Clear Body|[of] p2a: Catapulta\n|move|p2a: Catapulta|Curse|p2a: Catapulta\n|-unboost|p2a: Catapulta|spe|1\n|-boost|p2a: Catapulta|atk|1\n|-boost|p2a: Catapulta|def|1\n|\n|upkeep\n|turn|10\n|inactive|KENTHARO 777 has 270 seconds left.\n|\n|t:|1700432083\n|switch|p1a: Slowbro|Slowbro, F|100\/100\n|move|p2a: Catapulta|Phantom Force||[still]\n|-prepare|p2a: Catapulta|Phantom Force\n|\n|upkeep\n|turn|11\n|\n|t:|1700432091\n|detailschange|p1a: Slowbro|Slowbro-Mega, F\n|-mega|p1a: Slowbro|Slowbro|Slowbronite\n|move|p2a: Catapulta|Phantom Force|p1a: Slowbro|[from]lockedmove\n|-supereffective|p1a: Slowbro\n|-damage|p1a: Slowbro|67\/100\n|move|p1a: Slowbro|Trick Room|p1a: Slowbro\n|-fieldstart|move: Trick Room|[of] p1a: Slowbro\n|\n|upkeep\n|turn|12\n|\n|t:|1700432104\n|move|p1a: Slowbro|Expanding Force|p2a: Catapulta\n|-supereffective|p2a: Catapulta\n|-damage|p2a: Catapulta|0 fnt\n|faint|p2a: Catapulta\n|\n|-sideend|p1: HarukaSlowpoke|Reflect\n|upkeep\n|\n|t:|1700432109\n|switch|p2a: Venusaur|Venusaur, M|100\/100\n|turn|13\n|\n|t:|1700432112\n|detailschange|p2a: Venusaur|Venusaur-Mega, M\n|-mega|p2a: Venusaur|Venusaur|Venusaurite\n|move|p1a: Slowbro|Expanding Force|p2a: Venusaur\n|-supereffective|p2a: Venusaur\n|-damage|p2a: Venusaur|47\/100\n|move|p2a: Venusaur|Toxic|p1a: Slowbro\n|-status|p1a: Slowbro|tox\n|\n|-damage|p1a: Slowbro|61\/100 tox|[from] psn\n|upkeep\n|turn|14\n|\n|t:|1700432123\n|move|p1a: Slowbro|Expanding Force|p2a: Venusaur\n|-supereffective|p2a: Venusaur\n|-damage|p2a: Venusaur|0 fnt\n|faint|p2a: Venusaur\n|\n|-damage|p1a: Slowbro|48\/100 tox|[from] psn\n|upkeep\n|\n|t:|1700432132\n|switch|p2a: Aegislash|Aegislash, F|100\/100\n|turn|15\n|\n|t:|1700432151\n|switch|p1a: Grimmsnarl|Grimmsnarl, M|94\/100\n|-formechange|p2a: Aegislash|Aegislash-Blade||[from] ability: Stance Change\n|move|p2a: Aegislash|Night Slash|p1a: Grimmsnarl\n|-resisted|p1a: Grimmsnarl\n|-crit|p1a: Grimmsnarl\n|-damage|p1a: Grimmsnarl|84\/100\n|\n|-fieldend|move: Trick Room\n|upkeep\n|turn|16\n|\n|t:|1700432167\n|move|p1a: Grimmsnarl|Reflect|p1a: Grimmsnarl\n|-sidestart|p1: HarukaSlowpoke|Reflect\n|move|p2a: Aegislash|Shadow Ball|p1a: Grimmsnarl\n|-resisted|p1a: Grimmsnarl\n|-crit|p1a: Grimmsnarl\n|-damage|p1a: Grimmsnarl|53\/100\n|\n|upkeep\n|turn|17\n|\n|t:|1700432174\n|move|p1a: Grimmsnarl|Sucker Punch|p2a: Aegislash\n|-supereffective|p2a: Aegislash\n|-damage|p2a: Aegislash|0 fnt\n|faint|p2a: Aegislash\n|\n|upkeep\n|\n|t:|1700432180\n|switch|p2a: Krookodile|Krookodile, M|100\/100\n|turn|18\n|\n|t:|1700432187\n|move|p1a: Grimmsnarl|Parting Shot|p2a: Krookodile\n|-hint|Since gen 7, Dark is immune to Prankster moves.\n|-immune|p2a: Krookodile\n|move|p2a: Krookodile|Bulk Up|p2a: Krookodile\n|-boost|p2a: Krookodile|atk|1\n|-boost|p2a: Krookodile|def|1\n|\n|upkeep\n|turn|19\n|\n|t:|1700432204\n|switch|p1a: Breloom|Breloom, M|100\/100\n|move|p2a: Krookodile|Earthquake|p1a: Breloom\n|-resisted|p1a: Breloom\n|-damage|p1a: Breloom|78\/100\n|\n|-status|p1a: Breloom|tox|[from] item: Toxic Orb\n|upkeep\n|turn|20\n|\n|t:|1700432225\n|move|p2a: Krookodile|Shadow Claw|p1a: Breloom\n|-damage|p1a: Breloom|59\/100 tox\n|move|p1a: Breloom|Seed Bomb|p2a: Krookodile\n|-supereffective|p2a: Krookodile\n|-damage|p2a: Krookodile|37\/100\n|\n|-heal|p1a: Breloom|71\/100 tox|[from] ability: Poison Heal\n|-sideend|p1: HarukaSlowpoke|Reflect\n|upkeep\n|turn|21\n|\n|t:|1700432243\n|move|p2a: Krookodile|Shadow Claw|p1a: Breloom\n|-damage|p1a: Breloom|26\/100 tox\n|move|p1a: Breloom|Seed Bomb|p2a: Krookodile\n|-supereffective|p2a: Krookodile\n|-damage|p2a: Krookodile|0 fnt\n|faint|p2a: Krookodile\n|\n|-heal|p1a: Breloom|39\/100 tox|[from] ability: Poison Heal\n|upkeep\n|\n|t:|1700432248\n|switch|p2a: Nalgas de \u00e9l|Naganadel|100\/100\n|turn|22\n|\n|t:|1700432269\n|switch|p1a: Grimmsnarl|Grimmsnarl, M|53\/100\n|move|p2a: Nalgas de \u00e9l|Air Slash|p1a: Grimmsnarl\n|-damage|p1a: Grimmsnarl|36\/100\n|\n|upkeep\n|turn|23\n|\n|t:|1700432276\n|move|p1a: Grimmsnarl|Light Screen|p1a: Grimmsnarl\n|-sidestart|p1: HarukaSlowpoke|move: Light Screen\n|move|p2a: Nalgas de \u00e9l|Gunk Shot|p1a: Grimmsnarl\n|-supereffective|p1a: Grimmsnarl\n|-damage|p1a: Grimmsnarl|0 fnt\n|faint|p1a: Grimmsnarl\n|-ability|p2a: Nalgas de \u00e9l|Beast Boost|boost\n|-boost|p2a: Nalgas de \u00e9l|spe|1\n|\n|upkeep\n|\n|t:|1700432285\n|switch|p1a: Slowbro|Slowbro-Mega, F|48\/100 tox\n|turn|24\n|\n|t:|1700432298\n|move|p2a: Nalgas de \u00e9l|Hex|p1a: Slowbro\n|-supereffective|p1a: Slowbro\n|-damage|p1a: Slowbro|19\/100 tox\n|move|p1a: Slowbro|Expanding Force|p2a: Nalgas de \u00e9l\n|-supereffective|p2a: Nalgas de \u00e9l\n|-damage|p2a: Nalgas de \u00e9l|7\/100\n|\n|-heal|p2a: Nalgas de \u00e9l|13\/100|[from] item: Leftovers\n|-damage|p1a: Slowbro|13\/100 tox|[from] psn\n|upkeep\n|turn|25\n|\n|t:|1700432322\n|move|p2a: Nalgas de \u00e9l|Hex|p1a: Slowbro\n|-supereffective|p1a: Slowbro\n|-damage|p1a: Slowbro|0 fnt\n|faint|p1a: Slowbro\n|-ability|p2a: Nalgas de \u00e9l|Beast Boost|boost\n|-boost|p2a: Nalgas de \u00e9l|spe|1\n|\n|-heal|p2a: Nalgas de \u00e9l|19\/100|[from] item: Leftovers\n|upkeep\n|\n|t:|1700432331\n|switch|p1a: Skeledirge|Skeledirge, M|100\/100\n|turn|26\n|\n|t:|1700432338\n|move|p2a: Nalgas de \u00e9l|Hex|p1a: Skeledirge\n|-supereffective|p1a: Skeledirge\n|-damage|p1a: Skeledirge|88\/100\n|move|p1a: Skeledirge|Shadow Ball|p2a: Nalgas de \u00e9l\n|-crit|p2a: Nalgas de \u00e9l\n|-damage|p2a: Nalgas de \u00e9l|0 fnt\n|faint|p2a: Nalgas de \u00e9l\n|\n|win|HarukaSlowpoke\n|l|\u2606KENTHARO 777\n|j|\u2606KENTHARO 777\n|player|p2|KENTHARO 777|nate\n|l|\u2606KENTHARO 777\n|player|p2|\n|l|\u2606HarukaSlowpoke\n|j|\u2606HarukaSlowpoke\n|player|p1|HarukaSlowpoke|veteran\n","uploadtime":1700432358,"views":6,"p1id":"harukaslowpoke","p2id":"kentharo777","formatid":"gen9nationaldexubers","rating":0,"private":0,"password":""}