{"id":"gen9nationaldexubers-1987023318","p1":"David uwu35","p2":"ogifucltc","format":"[Gen 9] National Dex Ubers","log":"|j|\u2606David uwu35\n|j|\u2606ogifucltc\n|t:|1699549827\n|gametype|singles\n|player|p1|David uwu35|shadowtriad|1281\n|player|p2|ogifucltc|roark|1192\n|teamsize|p1|6\n|teamsize|p2|6\n|gen|9\n|tier|[Gen 9] National Dex Ubers\n|rated|\n|rule|HP Percentage Mod: HP is shown in percentages\n|rule|Endless Battle Clause: Forcing endless battles is banned\n|rule|OHKO Clause: OHKO moves are banned\n|rule|Evasion Moves Clause: Evasion moves are banned\n|rule|Evasion Items Clause: Evasion items are banned\n|rule|Species Clause: Limit one of each Pok\u00e9mon\n|rule|Sleep Clause Mod: Limit one foe put to sleep\n|rule|Mega Rayquaza Clause: You cannot mega evolve Rayquaza\n|clearpoke\n|poke|p1|Ceruledge, M|\n|poke|p1|Dragapult, M|\n|poke|p1|Skeledirge, F|\n|poke|p1|Flutter Mane|\n|poke|p1|Polteageist|\n|poke|p1|Gholdengo|\n|poke|p2|Tyranitar, F|\n|poke|p2|Garganacl, F|\n|poke|p2|Aggron, M|\n|poke|p2|Cradily, M|\n|poke|p2|Glimmora, F|\n|poke|p2|Stakataka|\n|teampreview\n|\n|t:|1699549841\n|start\n|switch|p1a: Gholdengo|Gholdengo|100\/100\n|switch|p2a: Stakataka|Stakataka|100\/100\n|turn|1\n|\n|t:|1699549850\n|move|p1a: Gholdengo|Nasty Plot|p1a: Gholdengo\n|-boost|p1a: Gholdengo|spa|2\n|move|p2a: Stakataka|Trick Room|p2a: Stakataka\n|-fieldstart|move: Trick Room|[of] p2a: Stakataka\n|\n|upkeep\n|turn|2\n|\n|t:|1699549858\n|move|p2a: Stakataka|Heat Crash|p1a: Gholdengo\n|-supereffective|p1a: Gholdengo\n|-damage|p1a: Gholdengo|19\/100\n|move|p1a: Gholdengo|Shadow Ball|p2a: Stakataka\n|-damage|p2a: Stakataka|9\/100\n|\n|-heal|p1a: Gholdengo|25\/100|[from] item: Leftovers\n|upkeep\n|turn|3\n|\n|t:|1699549894\n|-terastallize|p1a: Gholdengo|Fighting\n|move|p2a: Stakataka|Heat Crash|p1a: Gholdengo\n|-damage|p1a: Gholdengo|0 fnt\n|faint|p1a: Gholdengo\n|-ability|p2a: Stakataka|Beast Boost|boost\n|-boost|p2a: Stakataka|atk|1\n|\n|upkeep\n|\n|t:|1699549912\n|switch|p1a: Ceruledge|Ceruledge, M|100\/100\n|turn|4\n|\n|t:|1699549925\n|move|p2a: Stakataka|Rock Blast|p1a: Ceruledge\n|-supereffective|p1a: Ceruledge\n|-damage|p1a: Ceruledge|48\/100\n|-ability|p1a: Ceruledge|Weak Armor|boost\n|-unboost|p1a: Ceruledge|def|1\n|-boost|p1a: Ceruledge|spe|2\n|-supereffective|p1a: Ceruledge\n|-damage|p1a: Ceruledge|0 fnt\n|faint|p1a: Ceruledge\n|-ability|p2a: Stakataka|Beast Boost|boost\n|-boost|p2a: Stakataka|atk|1\n|-hitcount|p1: Ceruledge|2\n|\n|upkeep\n|\n|t:|1699549957\n|switch|p1a: Skeledirge|Skeledirge, F|100\/100\n|turn|5\n|inactive|Battle timer is ON: inactive players will automatically lose when time's up. (requested by ogifucltc)\n|\n|t:|1699549965\n|move|p2a: Stakataka|Rock Blast|p1a: Skeledirge\n|-supereffective|p1a: Skeledirge\n|-damage|p1a: Skeledirge|59\/100\n|-supereffective|p1a: Skeledirge\n|-damage|p1a: Skeledirge|21\/100\n|-supereffective|p1a: Skeledirge\n|-damage|p1a: Skeledirge|0 fnt\n|faint|p1a: Skeledirge\n|-ability|p2a: Stakataka|Beast Boost|boost\n|-boost|p2a: Stakataka|atk|1\n|-hitcount|p1: Skeledirge|3\n|\n|-fieldend|move: Trick Room\n|upkeep\n|\n|t:|1699549979\n|switch|p1a: Flutter Mane|Flutter Mane|100\/100\n|-enditem|p1a: Flutter Mane|Booster Energy\n|-activate|p1a: Flutter Mane|ability: Protosynthesis|[fromitem]\n|-start|p1a: Flutter Mane|protosynthesisspe\n|turn|6\n|\n|t:|1699549994\n|switch|p2a: Tyranitar|Tyranitar, F|100\/100\n|-weather|Sandstorm|[from] ability: Sand Stream|[of] p2a: Tyranitar\n|move|p1a: Flutter Mane|Shadow Ball|p2a: Tyranitar\n|-resisted|p2a: Tyranitar\n|-damage|p2a: Tyranitar|94\/100\n|\n|-weather|Sandstorm|[upkeep]\n|-damage|p1a: Flutter Mane|95\/100|[from] Sandstorm\n|upkeep\n|turn|7\n|\n|t:|1699550005\n|move|p1a: Flutter Mane|Calm Mind|p1a: Flutter Mane\n|-boost|p1a: Flutter Mane|spa|1\n|-boost|p1a: Flutter Mane|spd|1\n|move|p2a: Tyranitar|Pursuit|p1a: Flutter Mane\n|-damage|p1a: Flutter Mane|52\/100\n|\n|-weather|Sandstorm|[upkeep]\n|-damage|p1a: Flutter Mane|46\/100|[from] Sandstorm\n|upkeep\n|turn|8\n|\n|t:|1699550022\n|move|p1a: Flutter Mane|Moonblast|p2a: Tyranitar\n|-supereffective|p2a: Tyranitar\n|-damage|p2a: Tyranitar|55\/100\n|move|p2a: Tyranitar|Rock Blast|p1a: Flutter Mane|[miss]\n|-miss|p2a: Tyranitar|p1a: Flutter Mane\n|\n|-weather|Sandstorm|[upkeep]\n|-damage|p1a: Flutter Mane|40\/100|[from] Sandstorm\n|upkeep\n|turn|9\n|\n|t:|1699550034\n|move|p1a: Flutter Mane|Moonblast|p2a: Tyranitar\n|-supereffective|p2a: Tyranitar\n|-damage|p2a: Tyranitar|13\/100\n|move|p2a: Tyranitar|Pursuit|p1a: Flutter Mane\n|-damage|p1a: Flutter Mane|1\/100\n|\n|-weather|Sandstorm|[upkeep]\n|-damage|p1a: Flutter Mane|0 fnt|[from] Sandstorm\n|faint|p1a: Flutter Mane\n|-end|p1a: Flutter Mane|Protosynthesis|[silent]\n|upkeep\n|\n|t:|1699550045\n|switch|p1a: Polteageist|Polteageist|100\/100\n|turn|10\n|\n|t:|1699550052\n|move|p1a: Polteageist|Shadow Ball|p2a: Tyranitar\n|-resisted|p2a: Tyranitar\n|-crit|p2a: Tyranitar\n|-damage|p2a: Tyranitar|5\/100\n|move|p2a: Tyranitar|Dragon Tail|p1a: Polteageist\n|-damage|p1a: Polteageist|78\/100\n|-ability|p1a: Polteageist|Weak Armor|boost\n|-unboost|p1a: Polteageist|def|1\n|-boost|p1a: Polteageist|spe|2\n|drag|p1a: Dragapult|Dragapult, M, shiny|100\/100\n|\n|-weather|none\n|upkeep\n|turn|11\n|\n|t:|1699550071\n|move|p1a: Dragapult|Dragon Dance|p1a: Dragapult\n|-boost|p1a: Dragapult|atk|1\n|-boost|p1a: Dragapult|spe|1\n|move|p2a: Tyranitar|Knock Off|p1a: Dragapult\n|-supereffective|p1a: Dragapult\n|-damage|p1a: Dragapult|0 fnt\n|-enditem|p1a: Dragapult|Draco Plate|[from] move: Knock Off|[of] p2a: Tyranitar\n|faint|p1a: Dragapult\n|\n|upkeep\n|inactive|David uwu35 has 120 seconds left.\n|inactive|David uwu35 has 90 seconds left.\n|inactive|David uwu35 has 60 seconds left.\n|\n|t:|1699550168\n|switch|p1a: Polteageist|Polteageist|78\/100\n|turn|12\n|\n|t:|1699550185\n|move|p1a: Polteageist|Shadow Ball|p2a: Tyranitar\n|-resisted|p2a: Tyranitar\n|-damage|p2a: Tyranitar|0 fnt\n|faint|p2a: Tyranitar\n|\n|-heal|p1a: Polteageist|84\/100|[from] item: Leftovers\n|upkeep\n|\n|t:|1699550188\n|switch|p2a: Stakataka|Stakataka|9\/100\n|turn|13\n|inactive|David uwu35 has 60 seconds left.\n|\n|t:|1699550197\n|move|p1a: Polteageist|Shadow Ball|p2a: Stakataka\n|-damage|p2a: Stakataka|0 fnt\n|faint|p2a: Stakataka\n|\n|-heal|p1a: Polteageist|91\/100|[from] item: Leftovers\n|upkeep\n|\n|t:|1699550219\n|switch|p2a: Glimmora|Glimmora, F|100\/100\n|turn|14\n|\n|t:|1699550233\n|move|p2a: Glimmora|Mortal Spin|p1a: Polteageist\n|-resisted|p1a: Polteageist\n|-damage|p1a: Polteageist|87\/100\n|-status|p1a: Polteageist|psn\n|-ability|p1a: Polteageist|Weak Armor|boost\n|-unboost|p1a: Polteageist|def|1\n|-boost|p1a: Polteageist|spe|2\n|move|p1a: Polteageist|Shadow Ball|p2a: Glimmora\n|-damage|p2a: Glimmora|54\/100\n|-unboost|p2a: Glimmora|spd|1\n|\n|-heal|p1a: Polteageist|93\/100 psn|[from] item: Leftovers\n|-damage|p1a: Polteageist|81\/100 psn|[from] psn\n|upkeep\n|turn|15\n|\n|t:|1699550248\n|switch|p2a: Garganacl|Garganacl, F|100\/100\n|move|p1a: Polteageist|Shell Smash|p1a: Polteageist\n|-unboost|p1a: Polteageist|def|1\n|-unboost|p1a: Polteageist|spd|1\n|-boost|p1a: Polteageist|atk|2\n|-boost|p1a: Polteageist|spa|2\n|-boost|p1a: Polteageist|spe|2\n|\n|-heal|p1a: Polteageist|87\/100 psn|[from] item: Leftovers\n|-damage|p1a: Polteageist|75\/100 psn|[from] psn\n|upkeep\n|turn|16\n|\n|t:|1699550273\n|move|p1a: Polteageist|Stored Power|p2a: Garganacl\n|-damage|p2a: Garganacl|26\/100\n|-enditem|p2a: Garganacl|Maranga Berry|[eat]\n|-boost|p2a: Garganacl|spd|1|[from] item: Maranga Berry\n|move|p2a: Garganacl|Salt Cure|p1a: Polteageist\n|-damage|p1a: Polteageist|35\/100 psn\n|-start|p1a: Polteageist|Salt Cure\n|-ability|p1a: Polteageist|Weak Armor|boost\n|-unboost|p1a: Polteageist|def|1\n|-boost|p1a: Polteageist|spe|2\n|\n|-heal|p1a: Polteageist|41\/100 psn|[from] item: Leftovers\n|-damage|p1a: Polteageist|28\/100 psn|[from] psn\n|-damage|p1a: Polteageist|16\/100 psn|[from] Salt Cure\n|upkeep\n|turn|17\n|\n|t:|1699550288\n|move|p1a: Polteageist|Stored Power|p2a: Garganacl\n|-damage|p2a: Garganacl|0 fnt\n|faint|p2a: Garganacl\n|\n|-heal|p1a: Polteageist|22\/100 psn|[from] item: Leftovers\n|-damage|p1a: Polteageist|10\/100 psn|[from] psn\n|-damage|p1a: Polteageist|0 fnt|[from] Salt Cure\n|faint|p1a: Polteageist\n|\n|win|ogifucltc\n|upkeep\n|raw|David uwu35's rating: 1281 &rarr; <strong>1250<\/strong><br \/>(-31 for losing)\n|raw|ogifucltc's rating: 1192 &rarr; <strong>1223<\/strong><br \/>(+31 for winning)\n","uploadtime":1699551016,"views":5,"p1id":"daviduwu35","p2id":"ogifucltc","formatid":"gen9nationaldexubers","rating":1223,"private":0,"password":""}