{"id":"gen9nationaldexubers-1989639298","p1":"KeyAuraGuardian","p2":"josesuperx","format":"[Gen 9] National Dex Ubers","log":"|j|\u2606KeyAuraGuardian\n|j|\u2606josesuperx\n|t:|1699882005\n|gametype|singles\n|player|p1|KeyAuraGuardian|red|1050\n|player|p2|josesuperx|hilbert|1130\n|teamsize|p1|6\n|teamsize|p2|6\n|gen|9\n|tier|[Gen 9] National Dex Ubers\n|rated|\n|rule|HP Percentage Mod: HP is shown in percentages\n|rule|Endless Battle Clause: Forcing endless battles is banned\n|rule|OHKO Clause: OHKO moves are banned\n|rule|Evasion Moves Clause: Evasion moves are banned\n|rule|Evasion Items Clause: Evasion items are banned\n|rule|Species Clause: Limit one of each Pok\u00e9mon\n|rule|Sleep Clause Mod: Limit one foe put to sleep\n|rule|Mega Rayquaza Clause: You cannot mega evolve Rayquaza\n|clearpoke\n|poke|p1|Arceus|\n|poke|p1|Urshifu-*, M|\n|poke|p1|Blissey, F|\n|poke|p1|Lucario, M|\n|poke|p1|Greninja-*, M|\n|poke|p1|Landorus-Therian, M|\n|poke|p2|Baxcalibur, M|\n|poke|p2|Palafin, M|\n|poke|p2|Gengar, M|\n|poke|p2|Metagross|\n|poke|p2|Groudon|\n|poke|p2|Calyrex-Ice|\n|teampreview\n|inactive|Battle timer is ON: inactive players will automatically lose when time's up. (requested by KeyAuraGuardian)\n|\n|t:|1699882023\n|start\n|switch|p1a: Blissey|Blissey, F, shiny|100\/100\n|switch|p2a: Palafin|Palafin, M, shiny|100\/100\n|turn|1\n|\n|t:|1699882035\n|move|p2a: Palafin|Flip Turn|p1a: Blissey\n|-damage|p1a: Blissey|83\/100\n|-damage|p2a: Palafin|84\/100|[from] item: Rocky Helmet|[of] p1a: Blissey\n|\n|t:|1699882043\n|detailschange|p2a: Palafin|Palafin-Hero, M, shiny\n|switch|p2a: Baxcalibur|Baxcalibur, M, shiny|100\/100|[from] Flip Turn\n|move|p1a: Blissey|Stealth Rock|p2a: Baxcalibur\n|-sidestart|p2: josesuperx|move: Stealth Rock\n|\n|upkeep\n|turn|2\n|\n|t:|1699882050\n|move|p2a: Baxcalibur|Dragon Dance|p2a: Baxcalibur\n|-boost|p2a: Baxcalibur|atk|1\n|-boost|p2a: Baxcalibur|spe|1\n|move|p1a: Blissey|Toxic|p2a: Baxcalibur|[miss]\n|-miss|p1a: Blissey|p2a: Baxcalibur\n|\n|upkeep\n|turn|3\n|\n|t:|1699882060\n|move|p2a: Baxcalibur|Icicle Crash|p1a: Blissey\n|-crit|p1a: Blissey\n|-damage|p1a: Blissey|0 fnt\n|faint|p1a: Blissey\n|-damage|p2a: Baxcalibur|91\/100|[from] item: Life Orb\n|\n|upkeep\n|\n|t:|1699882074\n|switch|p1a: Landorus|Landorus-Therian, M, shiny|100\/100\n|-ability|p1a: Landorus|Intimidate|boost\n|-unboost|p2a: Baxcalibur|atk|1\n|turn|4\n|\n|t:|1699882082\n|move|p2a: Baxcalibur|Icicle Crash|p1a: Landorus|[miss]\n|-miss|p2a: Baxcalibur|p1a: Landorus\n|move|p1a: Landorus|Explosion|p2a: Baxcalibur\n|-enditem|p1a: Landorus|Normal Gem|[from] gem\n|-damage|p2a: Baxcalibur|0 fnt\n|faint|p1a: Landorus\n|faint|p2a: Baxcalibur\n|\n|upkeep\n|\n|t:|1699882093\n|switch|p1a: Greninja|Greninja, M, shiny|100\/100\n|switch|p2a: Palafin|Palafin-Hero, M, shiny|84\/100\n|-damage|p2a: Palafin|72\/100|[from] Stealth Rock\n|-activate|p2a: Palafin|ability: Zero to Hero\n|turn|5\n|\n|t:|1699882104\n|move|p1a: Greninja|Ice Beam|p2a: Palafin\n|-start|p1a: Greninja|typechange|Ice|[from] ability: Protean\n|-resisted|p2a: Palafin\n|-damage|p2a: Palafin|54\/100\n|move|p2a: Palafin|Drain Punch|p1a: Greninja\n|-supereffective|p1a: Greninja\n|-damage|p1a: Greninja|28\/100\n|-heal|p2a: Palafin|84\/100|[from] drain|[of] p1a: Greninja\n|\n|upkeep\n|turn|6\n|\n|t:|1699882115\n|move|p1a: Greninja|Extrasensory|p2a: Palafin\n|-damage|p2a: Palafin|63\/100\n|move|p2a: Palafin|Drain Punch|p1a: Greninja\n|-supereffective|p1a: Greninja\n|-damage|p1a: Greninja|0 fnt\n|-heal|p2a: Palafin|74\/100|[from] drain|[of] p1a: Greninja\n|faint|p1a: Greninja\n|\n|upkeep\n|\n|t:|1699882139\n|switch|p1a: God|Arceus|100\/100\n|turn|7\n|\n|t:|1699882147\n|-terastallize|p1a: God|Normal\n|move|p1a: God|Judgment|p2a: Palafin\n|-damage|p2a: Palafin|0 fnt\n|faint|p2a: Palafin\n|-damage|p1a: God|91\/100|[from] item: Life Orb\n|\n|upkeep\n|\n|t:|1699882157\n|switch|p2a: Calyrex|Calyrex-Ice|100\/100\n|-ability|p2a: Calyrex|As One\n|-ability|p2a: Calyrex|Unnerve\n|-damage|p2a: Calyrex|76\/100|[from] Stealth Rock\n|turn|8\n|\n|t:|1699882164\n|move|p1a: God|Judgment|p2a: Calyrex\n|-damage|p2a: Calyrex|6\/100\n|-damage|p1a: God|81\/100|[from] item: Life Orb\n|move|p2a: Calyrex|Glacial Lance|p1a: God\n|-damage|p1a: God|0 fnt\n|faint|p1a: God\n|-ability|p2a: Calyrex|Chilling Neigh|boost\n|-boost|p2a: Calyrex|atk|1\n|\n|upkeep\n|\n|t:|1699882173\n|switch|p1a: Urshifu|Urshifu-Rapid-Strike, M|100\/100\n|turn|9\n|\n|t:|1699882178\n|move|p1a: Urshifu|Surging Strikes|p2a: Calyrex\n|-crit|p2a: Calyrex\n|-damage|p2a: Calyrex|0 fnt\n|faint|p2a: Calyrex\n|-hitcount|p2: Calyrex|1\n|\n|upkeep\n|\n|t:|1699882182\n|switch|p2a: Metagross|Metagross, shiny|100\/100\n|-damage|p2a: Metagross|95\/100|[from] Stealth Rock\n|turn|10\n|\n|t:|1699882189\n|detailschange|p2a: Metagross|Metagross-Mega, shiny\n|-mega|p2a: Metagross|Metagross|Metagrossite\n|move|p1a: Urshifu|Surging Strikes|p2a: Metagross\n|-crit|p2a: Metagross\n|-damage|p2a: Metagross|78\/100\n|-crit|p2a: Metagross\n|-damage|p2a: Metagross|60\/100\n|-crit|p2a: Metagross\n|-damage|p2a: Metagross|44\/100\n|-hitcount|p2a: Metagross|3\n|move|p2a: Metagross|Thunder Punch|p1a: Urshifu\n|-supereffective|p1a: Urshifu\n|-damage|p1a: Urshifu|14\/100\n|\n|upkeep\n|turn|11\n|\n|t:|1699882204\n|move|p2a: Metagross|Bullet Punch|p1a: Urshifu\n|-resisted|p1a: Urshifu\n|-damage|p1a: Urshifu|0 fnt\n|faint|p1a: Urshifu\n|\n|upkeep\n|\n|t:|1699882209\n|switch|p1a: Lucario|Lucario, M|100\/100\n|turn|12\n|\n|t:|1699882214\n|detailschange|p1a: Lucario|Lucario-Mega, M\n|-mega|p1a: Lucario|Lucario|Lucarionite\n|move|p1a: Lucario|Blaze Kick|p2a: Metagross\n|-supereffective|p2a: Metagross\n|-damage|p2a: Metagross|0 fnt\n|faint|p2a: Metagross\n|\n|upkeep\n|\n|t:|1699882222\n|switch|p2a: Groudon|Groudon, shiny|100\/100\n|-damage|p2a: Groudon|94\/100|[from] Stealth Rock\n|detailschange|p2a: Groudon|Groudon-Primal, shiny\n|-primal|p2a: Groudon|Red Orb\n|-weather|DesolateLand|[from] ability: Desolate Land|[of] p2a: Groudon\n|turn|13\n|\n|t:|1699882235\n|move|p1a: Lucario|Meteor Mash|p2a: Groudon\n|-resisted|p2a: Groudon\n|-damage|p2a: Groudon|70\/100\n|-boost|p1a: Lucario|atk|1\n|move|p2a: Groudon|Precipice Blades|p1a: Lucario\n|-supereffective|p1a: Lucario\n|-damage|p1a: Lucario|0 fnt\n|faint|p1a: Lucario\n|\n|win|josesuperx\n|raw|KeyAuraGuardian's rating: 1050 &rarr; <strong>1036<\/strong><br \/>(-14 for losing)\n|raw|josesuperx's rating: 1130 &rarr; <strong>1149<\/strong><br \/>(+19 for winning)\n|l|\u2606KeyAuraGuardian\n","uploadtime":1699882249,"views":5,"p1id":"keyauraguardian","p2id":"josesuperx","formatid":"gen9nationaldexubers","rating":1036,"private":0,"password":""}