{"id":"gen9nationaldexubers-1978311244","p1":"Arlo Ghost","p2":"Shoma Yusa","format":"[Gen 9] National Dex Ubers","log":"|j|\u2606Arlo Ghost\n|j|\u2606Shoma Yusa\n|t:|1698523760\n|gametype|singles\n|player|p1|Arlo Ghost|1|\n|player|p2|Shoma Yusa|grimsley|\n|teamsize|p1|6\n|teamsize|p2|6\n|gen|9\n|tier|[Gen 9] National Dex Ubers\n|rule|HP Percentage Mod: HP is shown in percentages\n|rule|Endless Battle Clause: Forcing endless battles is banned\n|rule|OHKO Clause: OHKO moves are banned\n|rule|Evasion Moves Clause: Evasion moves are banned\n|rule|Evasion Items Clause: Evasion items are banned\n|rule|Species Clause: Limit one of each Pok\u00e9mon\n|rule|Sleep Clause Mod: Limit one foe put to sleep\n|rule|Mega Rayquaza Clause: You cannot mega evolve Rayquaza\n|clearpoke\n|poke|p1|Genesect|\n|poke|p1|Calyrex-Ice|\n|poke|p1|Darkrai|\n|poke|p1|Arceus-Fairy|\n|poke|p1|Marshadow|\n|poke|p1|Eternatus|\n|poke|p2|Gourgeist-*, M|\n|poke|p2|Kingambit, F|\n|poke|p2|Banette, F|\n|poke|p2|Blacephalon|\n|poke|p2|Naganadel|\n|poke|p2|Mimikyu, F|\n|teampreview\n|c|\u2606Shoma Yusa|bruh XD\n|inactive|Battle timer is ON: inactive players will automatically lose when time's up. (requested by Shoma Yusa)\n|\n|t:|1698523797\n|start\n|switch|p1a: Depredador|Genesect|100\/100\n|switch|p2a: AnnaBelle|Banette, F|100\/100\n|-ability|p1a: Depredador|Download|boost\n|-boost|p1a: Depredador|spa|1\n|-item|p1a: Depredador|Choice Scarf|[from] ability: Frisk|[of] p2a: AnnaBelle|[identify]\n|turn|1\n|c|\u2606Shoma Yusa|fuerte diferencia entre fun y ubers XDDDDDDDDD\n|\n|t:|1698523814\n|detailschange|p2a: AnnaBelle|Banette-Mega, F\n|-mega|p2a: AnnaBelle|Banette|Banettite\n|move|p2a: AnnaBelle|Destiny Bond|p2a: AnnaBelle\n|-singlemove|p2a: AnnaBelle|Destiny Bond\n|move|p1a: Depredador|Ice Beam|p2a: AnnaBelle\n|-damage|p2a: AnnaBelle|43\/100\n|-status|p2a: AnnaBelle|frz\n|\n|upkeep\n|turn|2\n|\n|t:|1698523833\n|switch|p1a: Freddy Krueger|Darkrai|100\/100\n|cant|p2a: AnnaBelle|frz\n|\n|upkeep\n|turn|3\n|\n|t:|1698523838\n|cant|p2a: AnnaBelle|frz\n|move|p1a: Freddy Krueger|Dark Pulse|p2a: AnnaBelle\n|-supereffective|p2a: AnnaBelle\n|-damage|p2a: AnnaBelle|0 fnt\n|faint|p2a: AnnaBelle\n|\n|upkeep\n|\n|t:|1698523843\n|switch|p2a: Chucky|Mimikyu, F, shiny|100\/100\n|turn|4\n|\n|t:|1698523858\n|switch|p1a: Dios|Arceus-Fairy|100\/100\n|move|p2a: Chucky|Thunder Wave|p1a: Dios\n|-status|p1a: Dios|par\n|\n|upkeep\n|turn|5\n|\n|t:|1698523873\n|move|p2a: Chucky|Swords Dance|p2a: Chucky\n|-boost|p2a: Chucky|atk|2\n|move|p1a: Dios|Earthquake|p2a: Chucky\n|-activate|p2a: Chucky|ability: Disguise\n|-damage|p2a: Chucky|100\/100\n|detailschange|p2a: Chucky|Mimikyu-Busted, F, shiny\n|-damage|p2a: Chucky|88\/100|[from] pokemon: Mimikyu-Busted\n|\n|upkeep\n|turn|6\n|\n|t:|1698523881\n|move|p2a: Chucky|Play Rough|p1a: Dios\n|-damage|p1a: Dios|61\/100 par\n|move|p1a: Dios|Earthquake|p2a: Chucky\n|-damage|p2a: Chucky|45\/100\n|\n|upkeep\n|turn|7\n|\n|t:|1698523887\n|move|p2a: Chucky|Play Rough|p1a: Dios\n|-damage|p1a: Dios|21\/100 par\n|move|p1a: Dios|Earthquake|p2a: Chucky\n|-damage|p2a: Chucky|3\/100\n|\n|upkeep\n|turn|8\n|\n|t:|1698523893\n|move|p2a: Chucky|Shadow Sneak|p1a: Dios\n|-damage|p1a: Dios|3\/100 par\n|move|p1a: Dios|Earthquake|p2a: Chucky\n|-damage|p2a: Chucky|0 fnt\n|faint|p2a: Chucky\n|\n|upkeep\n|\n|t:|1698523896\n|switch|p2a: The Alien|Naganadel, shiny|100\/100\n|turn|9\n|\n|t:|1698523899\n|move|p2a: The Alien|Nasty Plot|p2a: The Alien\n|-boost|p2a: The Alien|spa|2\n|move|p1a: Dios|Healing Wish|p1a: Dios\n|faint|p1a: Dios\n|\n|upkeep\n|\n|t:|1698523905\n|switch|p1a: Depredador|Genesect|100\/100\n|-ability|p1a: Depredador|Download|boost\n|-boost|p1a: Depredador|atk|1\n|turn|10\n|\n|t:|1698523911\n|-terastallize|p1a: Depredador|Ice\n|move|p1a: Depredador|Ice Beam|p2a: The Alien\n|-supereffective|p2a: The Alien\n|-enditem|p2a: The Alien|Focus Sash\n|-damage|p2a: The Alien|1\/100\n|move|p2a: The Alien|Fire Blast|p1a: Depredador|[miss]\n|-miss|p2a: The Alien|p1a: Depredador\n|\n|upkeep\n|turn|11\n|\n|t:|1698523919\n|move|p1a: Depredador|Ice Beam|p2a: The Alien\n|-supereffective|p2a: The Alien\n|-damage|p2a: The Alien|0 fnt\n|faint|p2a: The Alien\n|\n|upkeep\n|\n|t:|1698523925\n|switch|p2a: PennyWise|Blacephalon, shiny|100\/100\n|turn|12\n|\n|t:|1698523928\n|move|p1a: Depredador|Ice Beam|p2a: PennyWise\n|-resisted|p2a: PennyWise\n|-damage|p2a: PennyWise|65\/100\n|move|p2a: PennyWise|Mind Blown|p1a: Depredador\n|-supereffective|p1a: Depredador\n|-damage|p1a: Depredador|0 fnt\n|-damage|p2a: PennyWise|15\/100|[from] mindblown\n|faint|p1a: Depredador\n|-ability|p2a: PennyWise|Beast Boost|boost\n|-boost|p2a: PennyWise|spa|1\n|\n|upkeep\n|\n|t:|1698523938\n|switch|p1a: hand of heaven|Eternatus|100\/100\n|-ability|p1a: hand of heaven|Pressure\n|turn|13\n|\n|t:|1698523944\n|move|p2a: PennyWise|Mind Blown|p1a: hand of heaven\n|-resisted|p1a: hand of heaven\n|-damage|p1a: hand of heaven|45\/100\n|-damage|p2a: PennyWise|0 fnt|[from] mindblown\n|faint|p2a: PennyWise\n|move|p1a: hand of heaven|Sludge Wave|p2: PennyWise|[notarget]\n|-fail|p1a: hand of heaven\n|\n|-heal|p1a: hand of heaven|52\/100|[from] item: Leftovers\n|upkeep\n|\n|t:|1698523948\n|switch|p2a: SamHaim|Gourgeist-Super, M, shiny|100\/100\n|-item|p1a: hand of heaven|Leftovers|[from] ability: Frisk|[of] p2a: SamHaim|[identify]\n|turn|14\n|\n|t:|1698523955\n|move|p1a: hand of heaven|Substitute|p1a: hand of heaven\n|-start|p1a: hand of heaven|Substitute\n|-damage|p1a: hand of heaven|27\/100\n|-zpower|p2a: SamHaim\n|move|p2a: SamHaim|Z-Trick-or-Treat||[anim]Trick-or-Treat|[still]\n|-boost|p2a: SamHaim|atk|1|[zeffect]\n|-boost|p2a: SamHaim|def|1|[zeffect]\n|-boost|p2a: SamHaim|spa|1|[zeffect]\n|-boost|p2a: SamHaim|spd|1|[zeffect]\n|-boost|p2a: SamHaim|spe|1|[zeffect]\n|-fail|p2a: SamHaim\n|\n|-heal|p1a: hand of heaven|33\/100|[from] item: Leftovers\n|upkeep\n|turn|15\n|\n|t:|1698523960\n|move|p1a: hand of heaven|Cosmic Power|p1a: hand of heaven\n|-boost|p1a: hand of heaven|def|1\n|-boost|p1a: hand of heaven|spd|1\n|move|p2a: SamHaim|Poltergeist|p1a: hand of heaven\n|-activate|p1a: hand of heaven|move: Poltergeist|Leftovers\n|-end|p1a: hand of heaven|Substitute\n|\n|-heal|p1a: hand of heaven|39\/100|[from] item: Leftovers\n|upkeep\n|turn|16\n|\n|t:|1698523967\n|move|p1a: hand of heaven|Recover|p1a: hand of heaven\n|-heal|p1a: hand of heaven|89\/100\n|move|p2a: SamHaim|Poltergeist|p1a: hand of heaven\n|-activate|p1a: hand of heaven|move: Poltergeist|Leftovers\n|-damage|p1a: hand of heaven|47\/100\n|\n|-heal|p1a: hand of heaven|53\/100|[from] item: Leftovers\n|upkeep\n|turn|17\n|\n|t:|1698523974\n|move|p1a: hand of heaven|Cosmic Power|p1a: hand of heaven\n|-boost|p1a: hand of heaven|def|1\n|-boost|p1a: hand of heaven|spd|1\n|move|p2a: SamHaim|Trick-or-Treat|p1a: hand of heaven\n|-start|p1a: hand of heaven|typeadd|Ghost|[from] move: Trick-or-Treat\n|\n|-heal|p1a: hand of heaven|59\/100|[from] item: Leftovers\n|upkeep\n|turn|18\n|\n|t:|1698523985\n|move|p1a: hand of heaven|Sludge Wave|p2a: SamHaim\n|-damage|p2a: SamHaim|64\/100\n|move|p2a: SamHaim|Poltergeist|p1a: hand of heaven|[miss]\n|-miss|p2a: SamHaim|p1a: hand of heaven\n|\n|-heal|p1a: hand of heaven|65\/100|[from] item: Leftovers\n|upkeep\n|turn|19\n|\n|t:|1698523998\n|move|p1a: hand of heaven|Sludge Wave|p2a: SamHaim\n|-damage|p2a: SamHaim|26\/100\n|move|p2a: SamHaim|Poltergeist|p1a: hand of heaven\n|-activate|p1a: hand of heaven|move: Poltergeist|Leftovers\n|-supereffective|p1a: hand of heaven\n|-damage|p1a: hand of heaven|11\/100\n|\n|-heal|p1a: hand of heaven|17\/100|[from] item: Leftovers\n|upkeep\n|turn|20\n|\n|t:|1698524008\n|move|p2a: SamHaim|Shadow Sneak|p1a: hand of heaven\n|-supereffective|p1a: hand of heaven\n|-damage|p1a: hand of heaven|0 fnt\n|faint|p1a: hand of heaven\n|\n|upkeep\n|\n|t:|1698524011\n|switch|p1a: Hidebehind|Marshadow|100\/100\n|turn|21\n|\n|t:|1698524018\n|switch|p2a: Leatherface|Kingambit, F, shiny|100\/100\n|-activate|p2a: Leatherface|ability: Supreme Overlord\n|-start|p2a: Leatherface|fallen4|[silent]\n|move|p1a: Hidebehind|Spectral Thief|p2a: Leatherface\n|-resisted|p2a: Leatherface\n|-damage|p2a: Leatherface|79\/100\n|-damage|p1a: Hidebehind|91\/100|[from] item: Life Orb\n|\n|upkeep\n|turn|22\n|\n|t:|1698524028\n|-terastallize|p2a: Leatherface|Bug\n|move|p1a: Hidebehind|Close Combat|p2a: Leatherface\n|-resisted|p2a: Leatherface\n|-damage|p2a: Leatherface|50\/100\n|-unboost|p1a: Hidebehind|def|1\n|-unboost|p1a: Hidebehind|spd|1\n|-damage|p1a: Hidebehind|81\/100|[from] item: Life Orb\n|move|p2a: Leatherface|Swords Dance|p2a: Leatherface\n|-boost|p2a: Leatherface|atk|2\n|\n|upkeep\n|turn|23\n|\n|t:|1698524035\n|move|p1a: Hidebehind|Spectral Thief||[still]\n|-clearpositiveboost|p2a: Leatherface|p1a: Hidebehind|move: Spectral Thief\n|-boost|p1a: Hidebehind|atk|2\n|-anim|p1a: Hidebehind|Spectral Thief|p2a: Leatherface\n|-damage|p2a: Leatherface|0 fnt\n|faint|p2a: Leatherface\n|-end|p2a: Leatherface|fallen4|[silent]\n|-damage|p1a: Hidebehind|71\/100|[from] item: Life Orb\n|\n|upkeep\n|\n|t:|1698524038\n|switch|p2a: SamHaim|Gourgeist-Super, M, shiny|26\/100\n|-item|p1a: Hidebehind|Life Orb|[from] ability: Frisk|[of] p2a: SamHaim|[identify]\n|turn|24\n|\n|t:|1698524043\n|move|p2a: SamHaim|Shadow Sneak|p1a: Hidebehind\n|-supereffective|p1a: Hidebehind\n|-damage|p1a: Hidebehind|0 fnt\n|faint|p1a: Hidebehind\n|\n|upkeep\n|\n|t:|1698524048\n|switch|p1a: Freddy Krueger|Darkrai|100\/100\n|turn|25\n|\n|t:|1698524050\n|move|p1a: Freddy Krueger|Dark Pulse|p2a: SamHaim\n|-supereffective|p2a: SamHaim\n|-damage|p2a: SamHaim|0 fnt\n|faint|p2a: SamHaim\n|\n|win|Arlo Ghost\n|c|\u2606Shoma Yusa|gg\n|l|\u2606Shoma Yusa\n|c|\u2606Arlo Ghost|Gg\n","uploadtime":1698524061,"views":10,"p1id":"arloghost","p2id":"shomayusa","formatid":"gen9nationaldexubers","rating":0,"private":0,"password":""}