{"id":"gen9nationaldexubers-1979660888","p1":"BatataChanX","p2":"Numa no Kage","format":"[Gen 9] National Dex Ubers","log":"|j|\u2606BatataChanX\n|j|\u2606Numa no Kage\n|t:|1698700867\n|gametype|singles\n|player|p1|BatataChanX|youngster|1460\n|player|p2|Numa no Kage|acetrainer|1555\n|teamsize|p1|6\n|teamsize|p2|6\n|gen|9\n|tier|[Gen 9] National Dex Ubers\n|rated|\n|rule|HP Percentage Mod: HP is shown in percentages\n|rule|Endless Battle Clause: Forcing endless battles is banned\n|rule|OHKO Clause: OHKO moves are banned\n|rule|Evasion Moves Clause: Evasion moves are banned\n|rule|Evasion Items Clause: Evasion items are banned\n|rule|Species Clause: Limit one of each Pok\u00e9mon\n|rule|Sleep Clause Mod: Limit one foe put to sleep\n|rule|Mega Rayquaza Clause: You cannot mega evolve Rayquaza\n|clearpoke\n|poke|p1|Necrozma-Dusk-Mane|\n|poke|p1|Yveltal|\n|poke|p1|Ribombee, M|\n|poke|p1|Inteleon, F|\n|poke|p1|Darmanitan-Galar, M|\n|poke|p1|Arceus-Ground|\n|poke|p2|Swampert, F|\n|poke|p2|Blaziken, M|\n|poke|p2|Kyogre|\n|poke|p2|Weavile, F|\n|poke|p2|Donphan, M|\n|poke|p2|Xerneas-*|\n|teampreview\n|inactive|Battle timer is ON: inactive players will automatically lose when time's up. (requested by Numa no Kage)\n|\n|t:|1698700882\n|start\n|switch|p1a: Ribombee|Ribombee, M|100\/100\n|switch|p2a: Leviathan \u30ec\u30f4\u30a3\u30a2\u30b5\u30f3|Kyogre|100\/100\n|detailschange|p2a: Leviathan \u30ec\u30f4\u30a3\u30a2\u30b5\u30f3|Kyogre-Primal\n|-primal|p2a: Leviathan \u30ec\u30f4\u30a3\u30a2\u30b5\u30f3|Blue Orb\n|-weather|PrimordialSea|[from] ability: Primordial Sea|[of] p2a: Leviathan \u30ec\u30f4\u30a3\u30a2\u30b5\u30f3\n|turn|1\n|inactive|BatataChanX has 120 seconds left.\n|c|\u2606Numa no Kage|Aoba\n|c|\u2606Numa no Kage|Br?\n|\n|t:|1698700926\n|move|p1a: Ribombee|Sticky Web|p2a: Leviathan \u30ec\u30f4\u30a3\u30a2\u30b5\u30f3\n|-sidestart|p2: Numa no Kage|move: Sticky Web\n|move|p2a: Leviathan \u30ec\u30f4\u30a3\u30a2\u30b5\u30f3|Roar|p1a: Ribombee\n|drag|p1a: Yveltal|Yveltal|100\/100\n|-ability|p1a: Yveltal|Dark Aura\n|\n|-weather|PrimordialSea|[upkeep]\n|upkeep\n|turn|2\n|c|\u2606BatataChanX|s\n|\n|t:|1698700937\n|move|p1a: Yveltal|Dark Pulse|p2a: Leviathan \u30ec\u30f4\u30a3\u30a2\u30b5\u30f3\n|-damage|p2a: Leviathan \u30ec\u30f4\u30a3\u30a2\u30b5\u30f3|64\/100\n|move|p2a: Leviathan \u30ec\u30f4\u30a3\u30a2\u30b5\u30f3|Thunder|p1a: Yveltal\n|-supereffective|p1a: Yveltal\n|-damage|p1a: Yveltal|10\/100\n|\n|-weather|PrimordialSea|[upkeep]\n|-heal|p1a: Yveltal|17\/100|[from] item: Leftovers\n|upkeep\n|turn|3\n|\n|t:|1698700946\n|move|p1a: Yveltal|Dark Pulse|p2a: Leviathan \u30ec\u30f4\u30a3\u30a2\u30b5\u30f3\n|-damage|p2a: Leviathan \u30ec\u30f4\u30a3\u30a2\u30b5\u30f3|29\/100\n|move|p2a: Leviathan \u30ec\u30f4\u30a3\u30a2\u30b5\u30f3|Thunder|p1a: Yveltal\n|-supereffective|p1a: Yveltal\n|-damage|p1a: Yveltal|0 fnt\n|faint|p1a: Yveltal\n|\n|-weather|PrimordialSea|[upkeep]\n|upkeep\n|\n|t:|1698700953\n|switch|p1a: Inteleon|Inteleon, F|100\/100\n|turn|4\n|\n|t:|1698700957\n|-terastallize|p1a: Inteleon|Electric\n|move|p1a: Inteleon|Focus Energy|p1a: Inteleon\n|-start|p1a: Inteleon|move: Focus Energy\n|move|p2a: Leviathan \u30ec\u30f4\u30a3\u30a2\u30b5\u30f3|Thunder|p1a: Inteleon\n|-resisted|p1a: Inteleon\n|-damage|p1a: Inteleon|58\/100\n|\n|-weather|PrimordialSea|[upkeep]\n|upkeep\n|turn|5\n|\n|t:|1698700967\n|move|p1a: Inteleon|Tera Blast|p2a: Leviathan \u30ec\u30f4\u30a3\u30a2\u30b5\u30f3|[anim] Tera Blast Electric\n|-supereffective|p2a: Leviathan \u30ec\u30f4\u30a3\u30a2\u30b5\u30f3\n|-crit|p2a: Leviathan \u30ec\u30f4\u30a3\u30a2\u30b5\u30f3\n|-damage|p2a: Leviathan \u30ec\u30f4\u30a3\u30a2\u30b5\u30f3|0 fnt\n|faint|p2a: Leviathan \u30ec\u30f4\u30a3\u30a2\u30b5\u30f3\n|-weather|none\n|\n|upkeep\n|\n|t:|1698700975\n|switch|p2a: E R Y K A \u6cbc\u5973\u738b|Swampert, F|100\/100\n|-activate|p2a: E R Y K A \u6cbc\u5973\u738b|move: Sticky Web\n|-unboost|p2a: E R Y K A \u6cbc\u5973\u738b|spe|1\n|turn|6\n|\n|t:|1698700981\n|move|p1a: Inteleon|Snipe Shot|p2a: E R Y K A \u6cbc\u5973\u738b\n|-crit|p2a: E R Y K A \u6cbc\u5973\u738b\n|-damage|p2a: E R Y K A \u6cbc\u5973\u738b|18\/100\n|move|p2a: E R Y K A \u6cbc\u5973\u738b|Earthquake|p1a: Inteleon\n|-supereffective|p1a: Inteleon\n|-damage|p1a: Inteleon|0 fnt\n|faint|p1a: Inteleon\n|\n|upkeep\n|\n|t:|1698700987\n|switch|p1a: Darmanitan|Darmanitan-Galar, M|100\/100\n|turn|7\n|\n|t:|1698700990\n|move|p1a: Darmanitan|U-turn|p2a: E R Y K A \u6cbc\u5973\u738b\n|-damage|p2a: E R Y K A \u6cbc\u5973\u738b|0 fnt\n|faint|p2a: E R Y K A \u6cbc\u5973\u738b\n|\n|t:|1698700996\n|switch|p1a: Ribombee|Ribombee, M|100\/100|[from] U-turn\n|\n|upkeep\n|\n|t:|1698701008\n|switch|p2a: K\u014drishiya \u6c37\u6bba\u5c4b|Weavile, F|100\/100\n|-activate|p2a: K\u014drishiya \u6c37\u6bba\u5c4b|move: Sticky Web\n|-unboost|p2a: K\u014drishiya \u6c37\u6bba\u5c4b|spe|1\n|turn|8\n|\n|t:|1698701012\n|move|p2a: K\u014drishiya \u6c37\u6bba\u5c4b|Ice Shard|p1a: Ribombee\n|-damage|p1a: Ribombee|58\/100\n|move|p1a: Ribombee|Moonblast|p2a: K\u014drishiya \u6c37\u6bba\u5c4b\n|-supereffective|p2a: K\u014drishiya \u6c37\u6bba\u5c4b\n|-enditem|p2a: K\u014drishiya \u6c37\u6bba\u5c4b|Focus Sash\n|-damage|p2a: K\u014drishiya \u6c37\u6bba\u5c4b|1\/100\n|\n|upkeep\n|turn|9\n|\n|t:|1698701020\n|move|p2a: K\u014drishiya \u6c37\u6bba\u5c4b|Ice Shard|p1a: Ribombee\n|-damage|p1a: Ribombee|20\/100\n|move|p1a: Ribombee|Moonblast|p2a: K\u014drishiya \u6c37\u6bba\u5c4b\n|-supereffective|p2a: K\u014drishiya \u6c37\u6bba\u5c4b\n|-damage|p2a: K\u014drishiya \u6c37\u6bba\u5c4b|0 fnt\n|faint|p2a: K\u014drishiya \u6c37\u6bba\u5c4b\n|\n|upkeep\n|\n|t:|1698701025\n|switch|p2a: Donmenic \u30c9\u30f3\u30e1\u30cb\u30c3\u30af|Donphan, M|100\/100\n|turn|10\n|\n|t:|1698701028\n|move|p2a: Donmenic \u30c9\u30f3\u30e1\u30cb\u30c3\u30af|Ice Shard|p1a: Ribombee\n|-damage|p1a: Ribombee|0 fnt\n|faint|p1a: Ribombee\n|\n|upkeep\n|\n|t:|1698701036\n|switch|p1a: Arceus|Arceus-Ground|100\/100\n|turn|11\n|\n|t:|1698701039\n|move|p1a: Arceus|Stealth Rock|p2a: Donmenic \u30c9\u30f3\u30e1\u30cb\u30c3\u30af\n|-sidestart|p2: Numa no Kage|move: Stealth Rock\n|move|p2a: Donmenic \u30c9\u30f3\u30e1\u30cb\u30c3\u30af|Rapid Spin|p1a: Arceus\n|-damage|p1a: Arceus|89\/100\n|-boost|p2a: Donmenic \u30c9\u30f3\u30e1\u30cb\u30c3\u30af|spe|1\n|-sideend|p2: Numa no Kage|Stealth Rock|[from] move: Rapid Spin|[of] p2a: Donmenic \u30c9\u30f3\u30e1\u30cb\u30c3\u30af\n|-sideend|p2: Numa no Kage|Sticky Web|[from] move: Rapid Spin|[of] p2a: Donmenic \u30c9\u30f3\u30e1\u30cb\u30c3\u30af\n|\n|upkeep\n|turn|12\n|\n|t:|1698701047\n|move|p1a: Arceus|Judgment|p2a: Donmenic \u30c9\u30f3\u30e1\u30cb\u30c3\u30af\n|-damage|p2a: Donmenic \u30c9\u30f3\u30e1\u30cb\u30c3\u30af|36\/100\n|move|p2a: Donmenic \u30c9\u30f3\u30e1\u30cb\u30c3\u30af|Earthquake|p1a: Arceus\n|-damage|p1a: Arceus|56\/100\n|\n|upkeep\n|turn|13\n|\n|t:|1698701054\n|move|p1a: Arceus|Judgment|p2a: Donmenic \u30c9\u30f3\u30e1\u30cb\u30c3\u30af\n|-damage|p2a: Donmenic \u30c9\u30f3\u30e1\u30cb\u30c3\u30af|0 fnt\n|faint|p2a: Donmenic \u30c9\u30f3\u30e1\u30cb\u30c3\u30af\n|\n|upkeep\n|\n|t:|1698701059\n|switch|p2a: Xertree \u30bc\u30eb\u30c8\u30ea\u30fc|Xerneas, shiny|100\/100\n|-ability|p2a: Xertree \u30bc\u30eb\u30c8\u30ea\u30fc|Fairy Aura\n|turn|14\n|\n|t:|1698701063\n|switch|p1a: Necrozma|Necrozma-Dusk-Mane|100\/100\n|move|p2a: Xertree \u30bc\u30eb\u30c8\u30ea\u30fc|Geomancy||[still]\n|-prepare|p2a: Xertree \u30bc\u30eb\u30c8\u30ea\u30fc|Geomancy\n|-enditem|p2a: Xertree \u30bc\u30eb\u30c8\u30ea\u30fc|Power Herb\n|-anim|p2a: Xertree \u30bc\u30eb\u30c8\u30ea\u30fc|Geomancy|p2a: Xertree \u30bc\u30eb\u30c8\u30ea\u30fc\n|-boost|p2a: Xertree \u30bc\u30eb\u30c8\u30ea\u30fc|spa|2\n|-boost|p2a: Xertree \u30bc\u30eb\u30c8\u30ea\u30fc|spd|2\n|-boost|p2a: Xertree \u30bc\u30eb\u30c8\u30ea\u30fc|spe|2\n|\n|upkeep\n|turn|15\n|\n|t:|1698701073\n|-terastallize|p2a: Xertree \u30bc\u30eb\u30c8\u30ea\u30fc|Steel\n|move|p2a: Xertree \u30bc\u30eb\u30c8\u30ea\u30fc|Thunderbolt|p1a: Necrozma\n|-damage|p1a: Necrozma|31\/100\n|move|p1a: Necrozma|Sunsteel Strike|p2a: Xertree \u30bc\u30eb\u30c8\u30ea\u30fc\n|-resisted|p2a: Xertree \u30bc\u30eb\u30c8\u30ea\u30fc\n|-damage|p2a: Xertree \u30bc\u30eb\u30c8\u30ea\u30fc|78\/100\n|\n|upkeep\n|turn|16\n|\n|t:|1698701083\n|detailschange|p1a: Necrozma|Necrozma-Ultra\n|-burst|p1a: Necrozma|Necrozma|Ultranecrozium Z\n|move|p2a: Xertree \u30bc\u30eb\u30c8\u30ea\u30fc|Draining Kiss|p1a: Necrozma\n|-supereffective|p1a: Necrozma\n|-damage|p1a: Necrozma|0 fnt\n|-heal|p2a: Xertree \u30bc\u30eb\u30c8\u30ea\u30fc|97\/100|[from] drain|[of] p1a: Necrozma\n|faint|p1a: Necrozma\n|\n|upkeep\n|-message|BatataChanX forfeited.\n|\n|win|Numa no Kage\n|raw|BatataChanX's rating: 1460 &rarr; <strong>1445<\/strong><br \/>(-15 for losing)\n|raw|Numa no Kage's rating: 1555 &rarr; <strong>1570<\/strong><br \/>(+15 for winning)\n|l|\u2606BatataChanX\n","uploadtime":1698701098,"views":20,"p1id":"batatachanx","p2id":"numanokage","formatid":"gen9nationaldexubers","rating":1445,"private":0,"password":""}