{"id":"gen9nationaldexubers-1993465613","p1":"Pauliferwe","p2":"Pachimi","format":"[Gen 9] National Dex Ubers","log":"|j|\u2606Pauliferwe\n|j|\u2606Pachimi\n|t:|1700321263\n|gametype|singles\n|player|p1|Pauliferwe|marley|1130\n|player|p2|Pachimi|ash-alola|1239\n|teamsize|p1|6\n|teamsize|p2|6\n|gen|9\n|tier|[Gen 9] National Dex Ubers\n|rated|\n|rule|HP Percentage Mod: HP is shown in percentages\n|rule|Endless Battle Clause: Forcing endless battles is banned\n|rule|OHKO Clause: OHKO moves are banned\n|rule|Evasion Moves Clause: Evasion moves are banned\n|rule|Evasion Items Clause: Evasion items are banned\n|rule|Species Clause: Limit one of each Pok\u00e9mon\n|rule|Sleep Clause Mod: Limit one foe put to sleep\n|rule|Mega Rayquaza Clause: You cannot mega evolve Rayquaza\n|clearpoke\n|poke|p1|Tyranitar, M|\n|poke|p1|Houndstone, F|\n|poke|p1|Dracozolt|\n|poke|p1|Victini|\n|poke|p1|Kingambit, M|\n|poke|p1|Samurott-Hisui, M|\n|poke|p2|Pikachu, F|\n|poke|p2|Lucario, M|\n|poke|p2|Dragonite, F|\n|poke|p2|Dracovish|\n|poke|p2|Gengar, M|\n|poke|p2|Sirfetch\u2019d, M|\n|teampreview\n|inactive|Battle timer is ON: inactive players will automatically lose when time's up. (requested by Pachimi)\n|\n|t:|1700321272\n|start\n|switch|p1a: Samurott|Samurott-Hisui, M|100\/100\n|switch|p2a: Pikachu|Pikachu, F|100\/100\n|turn|1\n|\n|t:|1700321279\n|move|p2a: Pikachu|Fake Out|p1a: Samurott\n|-damage|p1a: Samurott|81\/100\n|cant|p1a: Samurott|flinch\n|\n|upkeep\n|turn|2\n|\n|t:|1700321283\n|move|p2a: Pikachu|Thunder Punch|p1a: Samurott\n|-supereffective|p1a: Samurott\n|-damage|p1a: Samurott|0 fnt\n|faint|p1a: Samurott\n|\n|upkeep\n|\n|t:|1700321286\n|switch|p1a: Tita|Tyranitar, M, shiny|100\/100\n|-weather|Sandstorm|[from] ability: Sand Stream|[of] p1a: Tita\n|turn|3\n|\n|t:|1700321293\n|switch|p2a: Dracovish|Dracovish|100\/100\n|move|p1a: Tita|Stone Edge|p2a: Dracovish\n|-damage|p2a: Dracovish|48\/100\n|\n|-weather|Sandstorm|[upkeep]\n|-damage|p2a: Dracovish|42\/100|[from] Sandstorm\n|upkeep\n|turn|4\n|\n|t:|1700321302\n|move|p1a: Tita|Stone Edge|p2a: Dracovish\n|-crit|p2a: Dracovish\n|-damage|p2a: Dracovish|0 fnt\n|faint|p2a: Dracovish\n|\n|-weather|Sandstorm|[upkeep]\n|upkeep\n|\n|t:|1700321306\n|switch|p2a: Gengar|Gengar, M|100\/100\n|turn|5\n|\n|t:|1700321311\n|move|p2a: Gengar|Dazzling Gleam|p1a: Tita\n|-supereffective|p1a: Tita\n|-damage|p1a: Tita|53\/100\n|-damage|p2a: Gengar|91\/100|[from] item: Life Orb\n|move|p1a: Tita|Crunch|p2a: Gengar\n|-supereffective|p2a: Gengar\n|-damage|p2a: Gengar|0 fnt\n|-start|p1a: Tita|Disable|Crunch|[from] ability: Cursed Body|[of] p2a: Gengar\n|faint|p2a: Gengar\n|\n|-weather|Sandstorm|[upkeep]\n|upkeep\n|\n|t:|1700321324\n|switch|p2a: Lucario|Lucario, M|100\/100\n|turn|6\n|\n|t:|1700321327\n|switch|p1a: Houndstone|Houndstone, F|100\/100\n|detailschange|p2a: Lucario|Lucario-Mega, M\n|-mega|p2a: Lucario|Lucario|Lucarionite\n|move|p2a: Lucario|Swords Dance|p2a: Lucario\n|-boost|p2a: Lucario|atk|2\n|\n|-weather|Sandstorm|[upkeep]\n|upkeep\n|turn|7\n|\n|t:|1700321342\n|move|p2a: Lucario|Bullet Punch|p1a: Houndstone\n|-damage|p1a: Houndstone|32\/100\n|move|p1a: Houndstone|Play Rough|p2a: Lucario\n|-damage|p2a: Lucario|60\/100\n|\n|-weather|Sandstorm|[upkeep]\n|upkeep\n|turn|8\n|\n|t:|1700321347\n|move|p2a: Lucario|Bullet Punch|p1a: Houndstone\n|-damage|p1a: Houndstone|0 fnt\n|faint|p1a: Houndstone\n|\n|-weather|Sandstorm|[upkeep]\n|upkeep\n|\n|t:|1700321350\n|switch|p1a: Pot\u00f3n|Dracozolt, shiny|100\/100\n|turn|9\n|\n|t:|1700321362\n|switch|p2a: Dragonite|Dragonite, F|100\/100\n|move|p1a: Pot\u00f3n|Earthquake|p2a: Dragonite\n|-immune|p2a: Dragonite\n|\n|-weather|Sandstorm|[upkeep]\n|-damage|p2a: Dragonite|94\/100|[from] Sandstorm\n|-heal|p2a: Dragonite|100\/100|[from] item: Leftovers\n|upkeep\n|turn|10\n|\n|t:|1700321366\n|move|p1a: Pot\u00f3n|Bolt Beak|p2a: Dragonite\n|-damage|p2a: Dragonite|45\/100\n|-damage|p1a: Pot\u00f3n|91\/100|[from] item: Life Orb\n|move|p2a: Dragonite|Dragon Dance|p2a: Dragonite\n|-boost|p2a: Dragonite|atk|1\n|-boost|p2a: Dragonite|spe|1\n|\n|-weather|none\n|-heal|p2a: Dragonite|52\/100|[from] item: Leftovers\n|upkeep\n|turn|11\n|\n|t:|1700321374\n|switch|p1a: Tita|Tyranitar, M, shiny|53\/100\n|-weather|Sandstorm|[from] ability: Sand Stream|[of] p1a: Tita\n|move|p2a: Dragonite|Ice Spinner|p1a: Tita\n|-damage|p1a: Tita|14\/100\n|\n|-weather|Sandstorm|[upkeep]\n|-damage|p2a: Dragonite|45\/100|[from] Sandstorm\n|-heal|p2a: Dragonite|52\/100|[from] item: Leftovers\n|upkeep\n|turn|12\n|\n|t:|1700321384\n|move|p2a: Dragonite|Earthquake|p1a: Tita\n|-supereffective|p1a: Tita\n|-damage|p1a: Tita|0 fnt\n|faint|p1a: Tita\n|\n|-weather|Sandstorm|[upkeep]\n|-damage|p2a: Dragonite|45\/100|[from] Sandstorm\n|-heal|p2a: Dragonite|52\/100|[from] item: Leftovers\n|upkeep\n|\n|t:|1700321386\n|switch|p1a: Pot\u00f3n|Dracozolt, shiny|91\/100\n|turn|13\n|\n|t:|1700321397\n|move|p1a: Pot\u00f3n|Draco Meteor|p2a: Dragonite\n|-supereffective|p2a: Dragonite\n|-damage|p2a: Dragonite|0 fnt\n|-unboost|p1a: Pot\u00f3n|spa|2\n|faint|p2a: Dragonite\n|-damage|p1a: Pot\u00f3n|81\/100|[from] item: Life Orb\n|\n|-weather|Sandstorm|[upkeep]\n|upkeep\n|\n|t:|1700321401\n|switch|p2a: Sirfetch\u2019d|Sirfetch\u2019d, M|100\/100\n|turn|14\n|\n|t:|1700321408\n|move|p1a: Pot\u00f3n|Bolt Beak|p2a: Sirfetch\u2019d\n|-damage|p2a: Sirfetch\u2019d|0 fnt\n|faint|p2a: Sirfetch\u2019d\n|-damage|p1a: Pot\u00f3n|71\/100|[from] item: Life Orb\n|\n|-weather|Sandstorm|[upkeep]\n|upkeep\n|\n|t:|1700321410\n|switch|p2a: Lucario|Lucario-Mega, M|60\/100\n|turn|15\n|\n|t:|1700321418\n|move|p2a: Lucario|Bullet Punch|p1a: Pot\u00f3n\n|-resisted|p1a: Pot\u00f3n\n|-damage|p1a: Pot\u00f3n|52\/100\n|move|p1a: Pot\u00f3n|Fire Blast|p2a: Lucario\n|-supereffective|p2a: Lucario\n|-damage|p2a: Lucario|4\/100\n|-damage|p1a: Pot\u00f3n|42\/100|[from] item: Life Orb\n|\n|-weather|Sandstorm|[upkeep]\n|upkeep\n|turn|16\n|\n|t:|1700321428\n|move|p1a: Pot\u00f3n|Bolt Beak|p2a: Lucario\n|-damage|p2a: Lucario|0 fnt\n|faint|p2a: Lucario\n|-damage|p1a: Pot\u00f3n|32\/100|[from] item: Life Orb\n|\n|-weather|Sandstorm|[upkeep]\n|upkeep\n|\n|t:|1700321430\n|switch|p2a: Pikachu|Pikachu, F|100\/100\n|turn|17\n|\n|t:|1700321440\n|move|p2a: Pikachu|Fake Out|p1a: Pot\u00f3n\n|-damage|p1a: Pot\u00f3n|12\/100\n|cant|p1a: Pot\u00f3n|flinch\n|\n|-weather|Sandstorm|[upkeep]\n|-damage|p2a: Pikachu|94\/100|[from] Sandstorm\n|upkeep\n|turn|18\n|\n|t:|1700321445\n|move|p2a: Pikachu|Extreme Speed|p1a: Pot\u00f3n\n|-damage|p1a: Pot\u00f3n|0 fnt\n|faint|p1a: Pot\u00f3n\n|\n|-weather|none\n|upkeep\n|\n|t:|1700321456\n|switch|p1a: Kingambit|Kingambit, M|100\/100\n|-activate|p1a: Kingambit|ability: Supreme Overlord\n|-start|p1a: Kingambit|fallen4|[silent]\n|turn|19\n|\n|t:|1700321462\n|-terastallize|p2a: Pikachu|Normal\n|-terastallize|p1a: Kingambit|Fire\n|move|p1a: Kingambit|Sucker Punch|p2a: Pikachu\n|-damage|p2a: Pikachu|0 fnt\n|faint|p2a: Pikachu\n|\n|win|Pauliferwe\n|raw|Pauliferwe's rating: 1130 &rarr; <strong>1163<\/strong><br \/>(+33 for winning)\n|raw|Pachimi's rating: 1239 &rarr; <strong>1206<\/strong><br \/>(-33 for losing)\n|c|\u2606Pauliferwe|gg ash\n|l|\u2606Pachimi\n","uploadtime":1700321476,"views":16,"p1id":"pauliferwe","p2id":"pachimi","formatid":"gen9nationaldexubers","rating":1163,"private":0,"password":""}