{"id":"gen9nationaldexubers-1981656910","p1":"KingoftheTitans","p2":"xKoniu3","format":"[Gen 9] National Dex Ubers","log":"|j|\u2606KingoftheTitans\n|j|\u2606xKoniu3\n|t:|1698930880\n|gametype|singles\n|player|p1|KingoftheTitans|170|1355\n|player|p2|xKoniu3|102|1351\n|teamsize|p1|6\n|teamsize|p2|6\n|gen|9\n|tier|[Gen 9] National Dex Ubers\n|rated|\n|rule|HP Percentage Mod: HP is shown in percentages\n|rule|Endless Battle Clause: Forcing endless battles is banned\n|rule|OHKO Clause: OHKO moves are banned\n|rule|Evasion Moves Clause: Evasion moves are banned\n|rule|Evasion Items Clause: Evasion items are banned\n|rule|Species Clause: Limit one of each Pok\u00e9mon\n|rule|Sleep Clause Mod: Limit one foe put to sleep\n|rule|Mega Rayquaza Clause: You cannot mega evolve Rayquaza\n|clearpoke\n|poke|p1|Ogerpon-Hearthflame, F|\n|poke|p1|Deoxys-Attack|\n|poke|p1|Salamence, M|\n|poke|p1|Dragapult, M|\n|poke|p1|Darmanitan-Galar, F|\n|poke|p1|Flutter Mane|\n|poke|p2|Darmanitan-Galar, F|\n|poke|p2|Genesect-Douse|\n|poke|p2|Naganadel|\n|poke|p2|Arceus-Water|\n|poke|p2|Mewtwo|\n|poke|p2|Necrozma-Dusk-Mane|\n|teampreview\n|inactive|Battle timer is ON: inactive players will automatically lose when time's up. (requested by xKoniu3)\n|inactive|KingoftheTitans has 120 seconds left.\n|\n|t:|1698930933\n|start\n|switch|p1a: Darmanitan|Darmanitan-Galar, F, shiny|100\/100\n|switch|p2a: Necrozma|Necrozma-Dusk-Mane|100\/100\n|turn|1\n|\n|t:|1698930953\n|move|p1a: Darmanitan|Flare Blitz|p2a: Necrozma\n|-supereffective|p2a: Necrozma\n|-damage|p2a: Necrozma|23\/100\n|-damage|p1a: Darmanitan|76\/100|[from] Recoil\n|move|p2a: Necrozma|Dragon Dance|p2a: Necrozma\n|-boost|p2a: Necrozma|atk|1\n|-boost|p2a: Necrozma|spe|1\n|\n|upkeep\n|turn|2\n|\n|t:|1698930967\n|switch|p1a: Deoxys|Deoxys-Attack, shiny|100\/100\n|-ability|p1a: Deoxys|Pressure\n|move|p2a: Necrozma|Sunsteel Strike|p1a: Deoxys\n|-enditem|p1a: Deoxys|Focus Sash\n|-damage|p1a: Deoxys|1\/100\n|\n|upkeep\n|turn|3\n|\n|t:|1698930983\n|detailschange|p2a: Necrozma|Necrozma-Ultra\n|-burst|p2a: Necrozma|Necrozma|Ultranecrozium Z\n|move|p2a: Necrozma|Sunsteel Strike|p1a: Deoxys\n|-damage|p1a: Deoxys|0 fnt\n|faint|p1a: Deoxys\n|\n|upkeep\n|\n|t:|1698930990\n|switch|p1a: Flutter Mane|Flutter Mane, shiny|100\/100\n|-enditem|p1a: Flutter Mane|Booster Energy\n|-activate|p1a: Flutter Mane|ability: Protosynthesis|[fromitem]\n|-start|p1a: Flutter Mane|protosynthesisspe\n|turn|4\n|\n|t:|1698930998\n|move|p1a: Flutter Mane|Shadow Ball|p2a: Necrozma\n|-supereffective|p2a: Necrozma\n|-damage|p2a: Necrozma|0 fnt\n|faint|p2a: Necrozma\n|\n|upkeep\n|\n|t:|1698931011\n|switch|p2a: Arceus|Arceus-Water|100\/100\n|turn|5\n|\n|t:|1698931023\n|move|p1a: Flutter Mane|Moonblast|p2a: Arceus\n|-damage|p2a: Arceus|66\/100\n|move|p2a: Arceus|Judgment|p1a: Flutter Mane\n|-damage|p1a: Flutter Mane|26\/100\n|\n|upkeep\n|turn|6\n|\n|t:|1698931034\n|move|p1a: Flutter Mane|Moonblast|p2a: Arceus\n|-damage|p2a: Arceus|32\/100\n|move|p2a: Arceus|Judgment|p1a: Flutter Mane\n|-damage|p1a: Flutter Mane|0 fnt\n|faint|p1a: Flutter Mane\n|-end|p1a: Flutter Mane|Protosynthesis|[silent]\n|\n|upkeep\n|\n|t:|1698931060\n|switch|p1a: Ogerpon|Ogerpon-Hearthflame, F|100\/100\n|-ability|p1a: Ogerpon|Mold Breaker\n|turn|7\n|\n|t:|1698931065\n|move|p1a: Ogerpon|Horn Leech|p2a: Arceus\n|-supereffective|p2a: Arceus\n|-damage|p2a: Arceus|0 fnt\n|faint|p2a: Arceus\n|\n|upkeep\n|\n|t:|1698931086\n|switch|p2a: Mewtwo|Mewtwo|100\/100\n|-ability|p2a: Mewtwo|Pressure\n|turn|8\n|\n|t:|1698931099\n|switch|p1a: Salamence|Salamence, M, shiny|100\/100\n|-ability|p1a: Salamence|Intimidate|boost\n|-unboost|p2a: Mewtwo|atk|1\n|detailschange|p2a: Mewtwo|Mewtwo-Mega-X\n|-mega|p2a: Mewtwo|Mewtwo|Mewtwonite X\n|move|p2a: Mewtwo|Bulk Up|p2a: Mewtwo\n|-boost|p2a: Mewtwo|atk|1\n|-boost|p2a: Mewtwo|def|1\n|\n|upkeep\n|turn|9\n|\n|t:|1698931111\n|detailschange|p1a: Salamence|Salamence-Mega, M, shiny\n|-mega|p1a: Salamence|Salamence|Salamencite\n|move|p1a: Salamence|Dragon Dance|p1a: Salamence\n|-boost|p1a: Salamence|atk|1\n|-boost|p1a: Salamence|spe|1\n|move|p2a: Mewtwo|Psycho Cut|p1a: Salamence\n|-damage|p1a: Salamence|57\/100\n|\n|upkeep\n|turn|10\n|\n|t:|1698931120\n|move|p1a: Salamence|Body Slam|p2a: Mewtwo\n|-supereffective|p2a: Mewtwo\n|-damage|p2a: Mewtwo|0 fnt\n|faint|p2a: Mewtwo\n|\n|upkeep\n|\n|t:|1698931133\n|switch|p2a: Genesect|Genesect-Douse, shiny|100\/100\n|-ability|p2a: Genesect|Download|boost\n|-boost|p2a: Genesect|spa|1\n|turn|11\n|\n|t:|1698931146\n|-terastallize|p2a: Genesect|Water\n|move|p1a: Salamence|Body Slam|p2a: Genesect\n|-damage|p2a: Genesect|0 fnt\n|faint|p2a: Genesect\n|\n|upkeep\n|inactive|xKoniu3 has 120 seconds left.\n|c|\u2606xKoniu3|Im not even gonna ask myself why i thought it would use Fire move -_-\n|inactive|xKoniu3 has 90 seconds left.\n|\n|t:|1698931200\n|switch|p2a: Naganadel|Naganadel|100\/100\n|turn|12\n|\n|t:|1698931229\n|move|p1a: Salamence|Dragon Claw|p2a: Naganadel\n|-supereffective|p2a: Naganadel\n|-damage|p2a: Naganadel|0 fnt\n|faint|p2a: Naganadel\n|\n|upkeep\n|c|\u2606xKoniu3|Gg\n|\n|t:|1698931237\n|switch|p2a: Darmanitan|Darmanitan-Galar, F|100\/100\n|turn|13\n|\n|t:|1698931250\n|move|p1a: Salamence|Body Slam|p2a: Darmanitan\n|-damage|p2a: Darmanitan|0 fnt\n|faint|p2a: Darmanitan\n|\n|win|KingoftheTitans\n|raw|KingoftheTitans's rating: 1355 &rarr; <strong>1375<\/strong><br \/>(+20 for winning)\n|raw|xKoniu3's rating: 1351 &rarr; <strong>1331<\/strong><br \/>(-20 for losing)\n|c|\u2606KingoftheTitans|gg\n","uploadtime":1698931258,"views":13,"p1id":"kingofthetitans","p2id":"xkoniu3","formatid":"gen9nationaldexubers","rating":1331,"private":0,"password":""}