{"id":"gen9nationaldexubers-1986089774","p1":"Chaitanya15","p2":"longzaizi","format":"[Gen 9] National Dex Ubers","log":"|j|\u2606Chaitanya15\n|j|\u2606longzaizi\n|t:|1699448935\n|gametype|singles\n|player|p1|Chaitanya15|266|1425\n|player|p2|longzaizi|clair|1368\n|teamsize|p1|6\n|teamsize|p2|6\n|gen|9\n|tier|[Gen 9] National Dex Ubers\n|rated|\n|rule|HP Percentage Mod: HP is shown in percentages\n|rule|Endless Battle Clause: Forcing endless battles is banned\n|rule|OHKO Clause: OHKO moves are banned\n|rule|Evasion Moves Clause: Evasion moves are banned\n|rule|Evasion Items Clause: Evasion items are banned\n|rule|Species Clause: Limit one of each Pok\u00e9mon\n|rule|Sleep Clause Mod: Limit one foe put to sleep\n|rule|Mega Rayquaza Clause: You cannot mega evolve Rayquaza\n|clearpoke\n|poke|p1|Kingambit, M|\n|poke|p1|Basculegion, M|\n|poke|p1|Kyogre|\n|poke|p1|Flutter Mane|\n|poke|p1|Deoxys-Speed|\n|poke|p1|Groudon|\n|poke|p2|Baxcalibur, M|\n|poke|p2|Garganacl, F|\n|poke|p2|Scizor, F|\n|poke|p2|Lokix, M|\n|poke|p2|Smeargle, M|\n|poke|p2|Ceruledge, M|\n|teampreview\n|\n|t:|1699448945\n|start\n|switch|p1a: Deoxys|Deoxys-Speed|100\/100\n|switch|p2a: \u4f60\u5e26\u5c01\u5370\u5e72\u2197\u561b\u2198\u554a|Smeargle, M|100\/100\n|-ability|p1a: Deoxys|Pressure\n|turn|1\n|inactive|Battle timer is ON: inactive players will automatically lose when time's up. (requested by Chaitanya15)\n|\n|t:|1699448953\n|move|p1a: Deoxys|Stealth Rock|p2a: \u4f60\u5e26\u5c01\u5370\u5e72\u2197\u561b\u2198\u554a\n|-sidestart|p2: longzaizi|move: Stealth Rock\n|move|p2a: \u4f60\u5e26\u5c01\u5370\u5e72\u2197\u561b\u2198\u554a|Power Trip|p1a: Deoxys\n|-supereffective|p1a: Deoxys\n|-damage|p1a: Deoxys|96\/100\n|\n|-ability|p2a: \u4f60\u5e26\u5c01\u5370\u5e72\u2197\u561b\u2198\u554a|Moody|boost\n|-boost|p2a: \u4f60\u5e26\u5c01\u5370\u5e72\u2197\u561b\u2198\u554a|def|2\n|-unboost|p2a: \u4f60\u5e26\u5c01\u5370\u5e72\u2197\u561b\u2198\u554a|atk|1\n|upkeep\n|turn|2\n|\n|t:|1699448965\n|move|p1a: Deoxys|Spikes|p2a: \u4f60\u5e26\u5c01\u5370\u5e72\u2197\u561b\u2198\u554a\n|-sidestart|p2: longzaizi|Spikes\n|move|p2a: \u4f60\u5e26\u5c01\u5370\u5e72\u2197\u561b\u2198\u554a|Spore|p1a: Deoxys\n|-status|p1a: Deoxys|slp|[from] move: Spore\n|\n|-ability|p2a: \u4f60\u5e26\u5c01\u5370\u5e72\u2197\u561b\u2198\u554a|Moody|boost\n|-boost|p2a: \u4f60\u5e26\u5c01\u5370\u5e72\u2197\u561b\u2198\u554a|def|2\n|-unboost|p2a: \u4f60\u5e26\u5c01\u5370\u5e72\u2197\u561b\u2198\u554a|spe|1\n|upkeep\n|turn|3\n|\n|t:|1699448974\n|switch|p2a: \u5de5\u5177\u4eba|Scizor, F|100\/100\n|-damage|p2a: \u5de5\u5177\u4eba|88\/100|[from] Stealth Rock\n|-damage|p2a: \u5de5\u5177\u4eba|76\/100|[from] Spikes\n|cant|p1a: Deoxys|slp\n|\n|upkeep\n|turn|4\n|\n|t:|1699448982\n|detailschange|p2a: \u5de5\u5177\u4eba|Scizor-Mega, F\n|-mega|p2a: \u5de5\u5177\u4eba|Scizor|Scizorite\n|cant|p1a: Deoxys|slp\n|move|p2a: \u5de5\u5177\u4eba|Defog|p1a: Deoxys\n|-unboost|p1a: Deoxys|evasion|1\n|-sideend|p2: longzaizi|Spikes|[from] move: Defog|[of] p2a: \u5de5\u5177\u4eba\n|-sideend|p2: longzaizi|Stealth Rock|[from] move: Defog|[of] p2a: \u5de5\u5177\u4eba\n|\n|upkeep\n|turn|5\n|\n|t:|1699448990\n|switch|p1a: Groudon|Groudon|100\/100\n|detailschange|p1a: Groudon|Groudon-Primal\n|-primal|p1a: Groudon|Red Orb\n|-weather|DesolateLand|[from] ability: Desolate Land|[of] p1a: Groudon\n|move|p2a: \u5de5\u5177\u4eba|Swords Dance|p2a: \u5de5\u5177\u4eba\n|-boost|p2a: \u5de5\u5177\u4eba|atk|2\n|\n|-weather|DesolateLand|[upkeep]\n|upkeep\n|turn|6\n|\n|t:|1699449002\n|switch|p2a: \u4f60\u731c\u6211\u662f\u5f15\u706b\u8fd8\u662f\u788e\u88c2\uff1f|Ceruledge, M|100\/100\n|move|p1a: Groudon|Rock Polish|p1a: Groudon\n|-boost|p1a: Groudon|spe|2\n|\n|-weather|DesolateLand|[upkeep]\n|upkeep\n|turn|7\n|\n|t:|1699449014\n|-terastallize|p2a: \u4f60\u731c\u6211\u662f\u5f15\u706b\u8fd8\u662f\u788e\u88c2\uff1f|Grass\n|move|p1a: Groudon|Precipice Blades|p2a: \u4f60\u731c\u6211\u662f\u5f15\u706b\u8fd8\u662f\u788e\u88c2\uff1f\n|-resisted|p2a: \u4f60\u731c\u6211\u662f\u5f15\u706b\u8fd8\u662f\u788e\u88c2\uff1f\n|-damage|p2a: \u4f60\u731c\u6211\u662f\u5f15\u706b\u8fd8\u662f\u788e\u88c2\uff1f|36\/100\n|move|p2a: \u4f60\u731c\u6211\u662f\u5f15\u706b\u8fd8\u662f\u788e\u88c2\uff1f|Poltergeist|p1a: Groudon\n|-activate|p1a: Groudon|move: Poltergeist|Red Orb\n|-damage|p1a: Groudon|60\/100\n|\n|-weather|DesolateLand|[upkeep]\n|upkeep\n|turn|8\n|\n|t:|1699449024\n|move|p1a: Groudon|Precipice Blades|p2a: \u4f60\u731c\u6211\u662f\u5f15\u706b\u8fd8\u662f\u788e\u88c2\uff1f\n|-resisted|p2a: \u4f60\u731c\u6211\u662f\u5f15\u706b\u8fd8\u662f\u788e\u88c2\uff1f\n|-damage|p2a: \u4f60\u731c\u6211\u662f\u5f15\u706b\u8fd8\u662f\u788e\u88c2\uff1f|0 fnt\n|faint|p2a: \u4f60\u731c\u6211\u662f\u5f15\u706b\u8fd8\u662f\u788e\u88c2\uff1f\n|\n|-weather|DesolateLand|[upkeep]\n|upkeep\n|\n|t:|1699449029\n|switch|p2a: Lokix|Lokix, M|100\/100\n|turn|9\n|\n|t:|1699449052\n|move|p2a: Lokix|First Impression|p1a: Groudon\n|-resisted|p1a: Groudon\n|-damage|p1a: Groudon|32\/100\n|move|p1a: Groudon|Heat Crash|p2a: Lokix\n|-supereffective|p2a: Lokix\n|-enditem|p2a: Lokix|Focus Sash\n|-damage|p2a: Lokix|1\/100\n|\n|-weather|DesolateLand|[upkeep]\n|upkeep\n|turn|10\n|\n|t:|1699449066\n|-weather|none\n|switch|p1a: Deoxys|Deoxys-Speed|96\/100 slp\n|-ability|p1a: Deoxys|Pressure\n|move|p2a: Lokix|Sucker Punch||[still]\n|-fail|p2a: Lokix\n|\n|upkeep\n|turn|11\n|\n|t:|1699449085\n|-curestatus|p1a: Deoxys|slp|[msg]\n|move|p1a: Deoxys|Extreme Speed|p2a: Lokix\n|-damage|p2a: Lokix|0 fnt\n|faint|p2a: Lokix\n|\n|upkeep\n|\n|t:|1699449093\n|switch|p2a: \u4f60\u5e26\u5c01\u5370\u5e72\u2197\u561b\u2198\u554a|Smeargle, M|100\/100\n|turn|12\n|\n|t:|1699449099\n|move|p1a: Deoxys|Psychic|p2a: \u4f60\u5e26\u5c01\u5370\u5e72\u2197\u561b\u2198\u554a\n|-damage|p2a: \u4f60\u5e26\u5c01\u5370\u5e72\u2197\u561b\u2198\u554a|44\/100\n|move|p2a: \u4f60\u5e26\u5c01\u5370\u5e72\u2197\u561b\u2198\u554a|Spore|p1a: Deoxys\n|-status|p1a: Deoxys|slp|[from] move: Spore\n|\n|-ability|p2a: \u4f60\u5e26\u5c01\u5370\u5e72\u2197\u561b\u2198\u554a|Moody|boost\n|-boost|p2a: \u4f60\u5e26\u5c01\u5370\u5e72\u2197\u561b\u2198\u554a|spe|2\n|-unboost|p2a: \u4f60\u5e26\u5c01\u5370\u5e72\u2197\u561b\u2198\u554a|def|1\n|upkeep\n|turn|13\n|\n|t:|1699449109\n|cant|p1a: Deoxys|slp\n|move|p2a: \u4f60\u5e26\u5c01\u5370\u5e72\u2197\u561b\u2198\u554a|Stealth Rock|p1a: Deoxys\n|-sidestart|p1: Chaitanya15|move: Stealth Rock\n|\n|-ability|p2a: \u4f60\u5e26\u5c01\u5370\u5e72\u2197\u561b\u2198\u554a|Moody|boost\n|-boost|p2a: \u4f60\u5e26\u5c01\u5370\u5e72\u2197\u561b\u2198\u554a|spa|2\n|-unboost|p2a: \u4f60\u5e26\u5c01\u5370\u5e72\u2197\u561b\u2198\u554a|spd|1\n|upkeep\n|turn|14\n|\n|t:|1699449121\n|move|p2a: \u4f60\u5e26\u5c01\u5370\u5e72\u2197\u561b\u2198\u554a|Sticky Web|p1a: Deoxys\n|-sidestart|p1: Chaitanya15|move: Sticky Web\n|-curestatus|p1a: Deoxys|slp|[msg]\n|move|p1a: Deoxys|Psychic|p2a: \u4f60\u5e26\u5c01\u5370\u5e72\u2197\u561b\u2198\u554a\n|-damage|p2a: \u4f60\u5e26\u5c01\u5370\u5e72\u2197\u561b\u2198\u554a|0 fnt\n|faint|p2a: \u4f60\u5e26\u5c01\u5370\u5e72\u2197\u561b\u2198\u554a\n|\n|upkeep\n|\n|t:|1699449130\n|switch|p2a: \u7ffb\u8f66\u9f99|Baxcalibur, M|100\/100\n|turn|15\n|\n|t:|1699449138\n|move|p1a: Deoxys|Psychic|p2a: \u7ffb\u8f66\u9f99\n|-damage|p2a: \u7ffb\u8f66\u9f99|71\/100\n|move|p2a: \u7ffb\u8f66\u9f99|Dragon Dance|p2a: \u7ffb\u8f66\u9f99\n|-boost|p2a: \u7ffb\u8f66\u9f99|atk|1\n|-boost|p2a: \u7ffb\u8f66\u9f99|spe|1\n|\n|upkeep\n|turn|16\n|\n|t:|1699449148\n|move|p1a: Deoxys|Psychic|p2a: \u7ffb\u8f66\u9f99\n|-damage|p2a: \u7ffb\u8f66\u9f99|39\/100\n|move|p2a: \u7ffb\u8f66\u9f99|Dragon Dance|p2a: \u7ffb\u8f66\u9f99\n|-boost|p2a: \u7ffb\u8f66\u9f99|atk|1\n|-boost|p2a: \u7ffb\u8f66\u9f99|spe|1\n|\n|upkeep\n|turn|17\n|\n|t:|1699449155\n|move|p2a: \u7ffb\u8f66\u9f99|Icicle Spear|p1a: Deoxys\n|-damage|p1a: Deoxys|57\/100\n|-damage|p1a: Deoxys|16\/100\n|-hitcount|p1a: Deoxys|2\n|move|p1a: Deoxys|Psychic|p2a: \u7ffb\u8f66\u9f99\n|-damage|p2a: \u7ffb\u8f66\u9f99|9\/100\n|-unboost|p2a: \u7ffb\u8f66\u9f99|spd|1\n|\n|upkeep\n|turn|18\n|\n|t:|1699449164\n|move|p1a: Deoxys|Extreme Speed|p2a: \u7ffb\u8f66\u9f99\n|-damage|p2a: \u7ffb\u8f66\u9f99|0 fnt\n|faint|p2a: \u7ffb\u8f66\u9f99\n|\n|upkeep\n|\n|t:|1699449167\n|switch|p2a: \u5de5\u5177\u4eba|Scizor-Mega, F|76\/100\n|turn|19\n|\n|t:|1699449171\n|move|p1a: Deoxys|Extreme Speed|p2a: \u5de5\u5177\u4eba\n|-resisted|p2a: \u5de5\u5177\u4eba\n|-damage|p2a: \u5de5\u5177\u4eba|69\/100\n|move|p2a: \u5de5\u5177\u4eba|Swords Dance|p2a: \u5de5\u5177\u4eba\n|-boost|p2a: \u5de5\u5177\u4eba|atk|2\n|\n|upkeep\n|turn|20\n|\n|t:|1699449181\n|move|p2a: \u5de5\u5177\u4eba|Bullet Punch|p1a: Deoxys\n|-damage|p1a: Deoxys|0 fnt\n|faint|p1a: Deoxys\n|\n|upkeep\n|\n|t:|1699449190\n|switch|p1a: Kyogre|Kyogre|100\/100\n|-damage|p1a: Kyogre|88\/100|[from] Stealth Rock\n|-activate|p1a: Kyogre|move: Sticky Web\n|-unboost|p1a: Kyogre|spe|1\n|-weather|RainDance|[from] ability: Drizzle|[of] p1a: Kyogre\n|turn|21\n|\n|t:|1699449197\n|move|p1a: Kyogre|Water Spout|p2a: \u5de5\u5177\u4eba\n|-damage|p2a: \u5de5\u5177\u4eba|0 fnt\n|faint|p2a: \u5de5\u5177\u4eba\n|\n|-weather|RainDance|[upkeep]\n|upkeep\n|-message|longzaizi forfeited.\n|\n|win|Chaitanya15\n|raw|Chaitanya15's rating: 1425 &rarr; <strong>1442<\/strong><br \/>(+17 for winning)\n|raw|longzaizi's rating: 1368 &rarr; <strong>1351<\/strong><br \/>(-17 for losing)\n|l|\u2606longzaizi\n","uploadtime":1699449209,"views":6,"p1id":"chaitanya15","p2id":"longzaizi","formatid":"gen9nationaldexubers","rating":1351,"private":0,"password":""}