{"id":"gen9nationaldexubers-1990413311","p1":"FLAME HEART BR","p2":"GingerKAMINAI","format":"[Gen 9] National Dex Ubers","log":"|j|\u2606FLAME HEART BR\n|j|\u2606GingerKAMINAI\n|t:|1699968433\n|gametype|singles\n|player|p1|FLAME HEART BR|169|1223\n|player|p2|GingerKAMINAI|bellelba|1042\n|teamsize|p1|6\n|teamsize|p2|6\n|gen|9\n|tier|[Gen 9] National Dex Ubers\n|rated|\n|rule|HP Percentage Mod: HP is shown in percentages\n|rule|Endless Battle Clause: Forcing endless battles is banned\n|rule|OHKO Clause: OHKO moves are banned\n|rule|Evasion Moves Clause: Evasion moves are banned\n|rule|Evasion Items Clause: Evasion items are banned\n|rule|Species Clause: Limit one of each Pok\u00e9mon\n|rule|Sleep Clause Mod: Limit one foe put to sleep\n|rule|Mega Rayquaza Clause: You cannot mega evolve Rayquaza\n|clearpoke\n|poke|p1|Ribombee, M|\n|poke|p1|Garchomp, F|\n|poke|p1|Skeledirge, M|\n|poke|p1|Glimmora, M|\n|poke|p1|Cinderace, M|\n|poke|p1|Goodra-Hisui, F|\n|poke|p2|Calyrex-Ice|\n|poke|p2|Marowak-Alola, F|\n|poke|p2|Bronzong|\n|poke|p2|Cofagrigus, F|\n|poke|p2|Magearna|\n|poke|p2|Stakataka|\n|teampreview\n|inactive|Battle timer is ON: inactive players will automatically lose when time's up. (requested by GingerKAMINAI)\n|\n|t:|1699968449\n|start\n|switch|p1a: Ribombee|Ribombee, M|100\/100\n|switch|p2a: Stakataka|Stakataka|100\/100\n|turn|1\n|\n|t:|1699968466\n|move|p1a: Ribombee|Sticky Web|p2a: Stakataka\n|-sidestart|p2: GingerKAMINAI|move: Sticky Web\n|move|p2a: Stakataka|Iron Defense|p2a: Stakataka\n|-boost|p2a: Stakataka|def|2\n|\n|upkeep\n|turn|2\n|\n|t:|1699968475\n|move|p1a: Ribombee|Reflect|p1a: Ribombee\n|-sidestart|p1: FLAME HEART BR|Reflect\n|move|p2a: Stakataka|Body Press|p1a: Ribombee\n|-resisted|p1a: Ribombee\n|-damage|p1a: Ribombee|83\/100\n|\n|upkeep\n|turn|3\n|\n|t:|1699968481\n|move|p1a: Ribombee|Light Screen|p1a: Ribombee\n|-sidestart|p1: FLAME HEART BR|move: Light Screen\n|move|p2a: Stakataka|Iron Defense|p2a: Stakataka\n|-boost|p2a: Stakataka|def|2\n|\n|upkeep\n|turn|4\n|\n|t:|1699968485\n|switch|p1a: Garchomp|Garchomp, F|100\/100\n|move|p2a: Stakataka|Iron Defense|p2a: Stakataka\n|-boost|p2a: Stakataka|def|2\n|\n|upkeep\n|turn|5\n|\n|t:|1699968498\n|detailschange|p1a: Garchomp|Garchomp-Mega, F\n|-mega|p1a: Garchomp|Garchomp|Garchompite\n|move|p1a: Garchomp|Swords Dance|p1a: Garchomp\n|-boost|p1a: Garchomp|atk|2\n|move|p2a: Stakataka|Body Press|p1a: Garchomp\n|-damage|p1a: Garchomp|30\/100\n|\n|upkeep\n|turn|6\n|\n|t:|1699968506\n|move|p1a: Garchomp|Earthquake|p2a: Stakataka\n|-supereffective|p2a: Stakataka\n|-damage|p2a: Stakataka|44\/100\n|move|p2a: Stakataka|Body Press|p1a: Garchomp\n|-damage|p1a: Garchomp|0 fnt\n|faint|p1a: Garchomp\n|\n|-heal|p2a: Stakataka|50\/100|[from] item: Leftovers\n|upkeep\n|\n|t:|1699968517\n|switch|p1a: Goodra|Goodra-Hisui, F|100\/100\n|turn|7\n|\n|t:|1699968525\n|move|p1a: Goodra|Hydro Pump|p2a: Stakataka\n|-supereffective|p2a: Stakataka\n|-damage|p2a: Stakataka|0 fnt\n|faint|p2a: Stakataka\n|\n|upkeep\n|\n|t:|1699968534\n|switch|p2a: Calyrex|Calyrex-Ice|100\/100\n|-ability|p2a: Calyrex|As One\n|-ability|p2a: Calyrex|Unnerve\n|-activate|p2a: Calyrex|move: Sticky Web\n|-unboost|p2a: Calyrex|spe|1\n|turn|8\n|\n|t:|1699968541\n|move|p1a: Goodra|Draco Meteor|p2a: Calyrex|[miss]\n|-miss|p1a: Goodra|p2a: Calyrex\n|move|p2a: Calyrex|Trick Room|p2a: Calyrex\n|-fieldstart|move: Trick Room|[of] p2a: Calyrex\n|\n|upkeep\n|turn|9\n|\n|t:|1699968550\n|-terastallize|p2a: Calyrex|Ice\n|move|p2a: Calyrex|Glacial Lance|p1a: Goodra\n|-damage|p1a: Goodra|50\/100\n|move|p1a: Goodra|Blizzard|p2a: Calyrex\n|-resisted|p2a: Calyrex\n|-damage|p2a: Calyrex|85\/100\n|\n|-heal|p1a: Goodra|57\/100|[from] item: Leftovers\n|-sideend|p1: FLAME HEART BR|Reflect\n|upkeep\n|turn|10\n|\n|t:|1699968556\n|move|p2a: Calyrex|Glacial Lance|p1a: Goodra\n|-damage|p1a: Goodra|0 fnt\n|faint|p1a: Goodra\n|-ability|p2a: Calyrex|Chilling Neigh|boost\n|-boost|p2a: Calyrex|atk|1\n|\n|-sideend|p1: FLAME HEART BR|move: Light Screen\n|upkeep\n|\n|t:|1699968569\n|switch|p1a: Glimmora|Glimmora, M|100\/100\n|turn|11\n|\n|t:|1699968580\n|move|p2a: Calyrex|High Horsepower|p1a: Glimmora\n|-supereffective|p1a: Glimmora\n|-enditem|p1a: Glimmora|Focus Sash\n|-damage|p1a: Glimmora|1\/100\n|-activate|p1a: Glimmora|ability: Toxic Debris\n|-sidestart|p2: GingerKAMINAI|move: Toxic Spikes\n|move|p1a: Glimmora|Stealth Rock|p2a: Calyrex\n|-sidestart|p2: GingerKAMINAI|move: Stealth Rock\n|\n|upkeep\n|turn|12\n|\n|t:|1699968585\n|move|p2a: Calyrex|Glacial Lance|p1a: Glimmora\n|-damage|p1a: Glimmora|0 fnt\n|-activate|p1a: Glimmora|ability: Toxic Debris\n|-sidestart|p2: GingerKAMINAI|move: Toxic Spikes\n|faint|p1a: Glimmora\n|-ability|p2a: Calyrex|Chilling Neigh|boost\n|-boost|p2a: Calyrex|atk|1\n|\n|-fieldend|move: Trick Room\n|upkeep\n|\n|t:|1699968590\n|switch|p1a: Skeledirge|Skeledirge, M|100\/100\n|turn|13\n|\n|t:|1699968600\n|move|p1a: Skeledirge|Torch Song|p2a: Calyrex\n|-supereffective|p2a: Calyrex\n|-damage|p2a: Calyrex|35\/100\n|-boost|p1a: Skeledirge|spa|1\n|move|p2a: Calyrex|Trick Room|p2a: Calyrex\n|-fieldstart|move: Trick Room|[of] p2a: Calyrex\n|\n|upkeep\n|turn|14\n|\n|t:|1699968608\n|-terastallize|p1a: Skeledirge|Fairy\n|move|p2a: Calyrex|High Horsepower|p1a: Skeledirge\n|-damage|p1a: Skeledirge|73\/100\n|move|p1a: Skeledirge|Torch Song|p2a: Calyrex\n|-supereffective|p2a: Calyrex\n|-damage|p2a: Calyrex|0 fnt\n|-boost|p1a: Skeledirge|spa|1\n|faint|p2a: Calyrex\n|\n|-heal|p1a: Skeledirge|79\/100|[from] item: Leftovers\n|upkeep\n|\n|t:|1699968617\n|switch|p2a: Marowak|Marowak-Alola, F|100\/100\n|-activate|p2a: Marowak|move: Sticky Web\n|-unboost|p2a: Marowak|spe|1\n|-status|p2a: Marowak|tox\n|-damage|p2a: Marowak|75\/100 tox|[from] Stealth Rock\n|turn|15\n|\n|t:|1699968636\n|switch|p1a: Ribombee|Ribombee, M|83\/100\n|move|p2a: Marowak|Flare Blitz|p1a: Ribombee\n|-supereffective|p1a: Ribombee\n|-damage|p1a: Ribombee|0 fnt\n|faint|p1a: Ribombee\n|\n|-damage|p2a: Marowak|69\/100 tox|[from] psn\n|upkeep\n|\n|t:|1699968654\n|switch|p1a: Cinderace|Cinderace, M|100\/100\n|turn|16\n|\n|t:|1699968660\n|move|p1a: Cinderace|Sucker Punch|p2a: Marowak\n|-start|p1a: Cinderace|typechange|Dark|[from] ability: Libero\n|-supereffective|p2a: Marowak\n|-damage|p2a: Marowak|1\/100 tox\n|move|p2a: Marowak|Poltergeist|p1a: Cinderace|[miss]\n|-miss|p2a: Marowak|p1a: Cinderace\n|\n|-damage|p2a: Marowak|0 fnt|[from] psn\n|faint|p2a: Marowak\n|upkeep\n|\n|t:|1699968674\n|switch|p2a: Magearna|Magearna|100\/100\n|-activate|p2a: Magearna|move: Sticky Web\n|-unboost|p2a: Magearna|spe|1\n|-damage|p2a: Magearna|95\/100|[from] Stealth Rock\n|turn|17\n|\n|t:|1699968679\n|move|p2a: Magearna|Fleur Cannon|p1a: Cinderace\n|-supereffective|p1a: Cinderace\n|-damage|p1a: Cinderace|0 fnt\n|-unboost|p2a: Magearna|spa|2\n|faint|p1a: Cinderace\n|-ability|p2a: Magearna|Soul-Heart|boost\n|-boost|p2a: Magearna|spa|1\n|\n|-fieldend|move: Trick Room\n|upkeep\n|\n|t:|1699968681\n|switch|p1a: Skeledirge|Skeledirge, M, tera:Fairy|79\/100\n|turn|18\n|\n|t:|1699968691\n|move|p1a: Skeledirge|Torch Song|p2a: Magearna\n|-supereffective|p2a: Magearna\n|-damage|p2a: Magearna|46\/100\n|-boost|p1a: Skeledirge|spa|1\n|move|p2a: Magearna|Trick Room|p2a: Magearna\n|-fieldstart|move: Trick Room|[of] p2a: Magearna\n|\n|-heal|p1a: Skeledirge|85\/100|[from] item: Leftovers\n|upkeep\n|turn|19\n|\n|t:|1699968701\n|move|p2a: Magearna|Heart Swap|p1a: Skeledirge\n|-swapboost|p2a: Magearna|p1a: Skeledirge|[from] move: Heart Swap\n|move|p1a: Skeledirge|Slack Off|p1a: Skeledirge\n|-heal|p1a: Skeledirge|100\/100\n|\n|upkeep\n|turn|20\n|\n|t:|1699968710\n|switch|p2a: Cofagrigus|Cofagrigus, F|100\/100\n|-activate|p2a: Cofagrigus|move: Sticky Web\n|-unboost|p2a: Cofagrigus|spe|1\n|-status|p2a: Cofagrigus|tox\n|-damage|p2a: Cofagrigus|88\/100 tox|[from] Stealth Rock\n|move|p1a: Skeledirge|Torch Song|p2a: Cofagrigus\n|-damage|p2a: Cofagrigus|69\/100 tox\n|-boost|p1a: Skeledirge|spa|1\n|\n|-damage|p2a: Cofagrigus|63\/100 tox|[from] psn\n|upkeep\n|turn|21\n|\n|t:|1699968731\n|move|p2a: Cofagrigus|Will-O-Wisp|p1a: Skeledirge\n|-status|p1a: Skeledirge|brn\n|move|p1a: Skeledirge|Torch Song|p2a: Cofagrigus\n|-crit|p2a: Cofagrigus\n|-damage|p2a: Cofagrigus|18\/100 tox\n|-boost|p1a: Skeledirge|spa|1\n|\n|-damage|p2a: Cofagrigus|5\/100 tox|[from] psn\n|-damage|p1a: Skeledirge|94\/100 brn|[from] brn\n|upkeep\n|turn|22\n|\n|t:|1699968738\n|move|p2a: Cofagrigus|Destiny Bond|p2a: Cofagrigus\n|-singlemove|p2a: Cofagrigus|Destiny Bond\n|move|p1a: Skeledirge|Torch Song|p2a: Cofagrigus\n|-damage|p2a: Cofagrigus|0 fnt\n|-boost|p1a: Skeledirge|spa|1\n|faint|p2a: Cofagrigus\n|-activate|p2a: Cofagrigus|move: Destiny Bond\n|faint|p1a: Skeledirge\n|\n|win|GingerKAMINAI\n|raw|FLAME HEART BR's rating: 1223 &rarr; <strong>1186<\/strong><br \/>(-37 for losing)\n|raw|GingerKAMINAI's rating: 1042 &rarr; <strong>1092<\/strong><br \/>(+50 for winning)\n|l|\u2606FLAME HEART BR\n","uploadtime":1699968751,"views":7,"p1id":"flameheartbr","p2id":"gingerkaminai","formatid":"gen9nationaldexubers","rating":1092,"private":0,"password":""}