{"id":"gen9nationaldexubers-1987898214","p1":"NotMHP","p2":"xdd-Rayleigh","format":"[Gen 9] National Dex Ubers","log":"|j|\u2606NotMHP\n|j|\u2606xdd-Rayleigh\n|t:|1699647095\n|gametype|singles\n|player|p1|NotMHP|red|\n|player|p2|xdd-Rayleigh|wallace-gen6|\n|teamsize|p1|6\n|teamsize|p2|6\n|gen|9\n|tier|[Gen 9] National Dex Ubers\n|rule|HP Percentage Mod: HP is shown in percentages\n|rule|Endless Battle Clause: Forcing endless battles is banned\n|rule|OHKO Clause: OHKO moves are banned\n|rule|Evasion Moves Clause: Evasion moves are banned\n|rule|Evasion Items Clause: Evasion items are banned\n|rule|Species Clause: Limit one of each Pok\u00e9mon\n|rule|Sleep Clause Mod: Limit one foe put to sleep\n|rule|Mega Rayquaza Clause: You cannot mega evolve Rayquaza\n|clearpoke\n|poke|p1|Iron Valiant|\n|poke|p1|Electrode-Hisui|\n|poke|p1|Pinsir, M|\n|poke|p1|Samurott-Hisui, M|\n|poke|p1|Cresselia, F|\n|poke|p1|Lycanroc-Dusk, M|\n|poke|p2|Shuckle, M|\n|poke|p2|Grimmsnarl, M|\n|poke|p2|Roaring Moon|\n|poke|p2|Gholdengo|\n|poke|p2|Cyclizar, F|\n|poke|p2|Ferroseed, M|\n|teampreview\n|\n|t:|1699647110\n|start\n|switch|p1a: Luna|Cresselia, F, shiny|100\/100\n|switch|p2a: The Ancient Fear|Shuckle, M|100\/100\n|turn|1\n|\n|t:|1699647117\n|move|p1a: Luna|Magic Coat|p1a: Luna\n|-singleturn|p1a: Luna|move: Magic Coat\n|move|p2a: The Ancient Fear|Sticky Web|p1a: Luna\n|move|p1a: Luna|Sticky Web|p2a: The Ancient Fear|[from]Magic Coat\n|-sidestart|p2: xdd-Rayleigh|move: Sticky Web\n|\n|upkeep\n|turn|2\n|\n|t:|1699647124\n|move|p1a: Luna|Reflect|p1a: Luna\n|-sidestart|p1: NotMHP|Reflect\n|move|p2a: The Ancient Fear|Sticky Web|p1a: Luna\n|-sidestart|p1: NotMHP|move: Sticky Web\n|\n|upkeep\n|turn|3\n|\n|t:|1699647125\n|move|p1a: Luna|Light Screen|p1a: Luna\n|-sidestart|p1: NotMHP|move: Light Screen\n|move|p2a: The Ancient Fear|Stealth Rock|p1a: Luna\n|-sidestart|p1: NotMHP|move: Stealth Rock\n|\n|upkeep\n|turn|4\n|\n|t:|1699647132\n|move|p1a: Luna|Magic Coat|p1a: Luna\n|-singleturn|p1a: Luna|move: Magic Coat\n|move|p2a: The Ancient Fear|Encore|p1a: Luna\n|move|p1a: Luna|Encore||[from]Magic Coat|[still]\n|-fail|p1a: Luna\n|\n|upkeep\n|turn|5\n|\n|t:|1699647139\n|move|p1a: Luna|Magic Coat|p1a: Luna\n|-singleturn|p1a: Luna|move: Magic Coat\n|move|p2a: The Ancient Fear|Encore|p1a: Luna\n|move|p1a: Luna|Encore||[from]Magic Coat|[still]\n|-fail|p1a: Luna\n|\n|upkeep\n|turn|6\n|\n|t:|1699647144\n|move|p1a: Luna|Magic Coat|p1a: Luna\n|-singleturn|p1a: Luna|move: Magic Coat\n|move|p2a: The Ancient Fear|Encore|p1a: Luna\n|move|p1a: Luna|Encore||[from]Magic Coat|[still]\n|-fail|p1a: Luna\n|\n|upkeep\n|turn|7\n|\n|t:|1699647148\n|move|p1a: Luna|Magic Coat|p1a: Luna\n|-singleturn|p1a: Luna|move: Magic Coat\n|move|p2a: The Ancient Fear|Encore|p1a: Luna\n|move|p1a: Luna|Encore||[from]Magic Coat|[still]\n|-fail|p1a: Luna\n|\n|upkeep\n|turn|8\n|\n|t:|1699647163\n|move|p1a: Luna|Magic Coat|p1a: Luna\n|-singleturn|p1a: Luna|move: Magic Coat\n|move|p2a: The Ancient Fear|Encore|p1a: Luna\n|move|p1a: Luna|Encore||[from]Magic Coat|[still]\n|-fail|p1a: Luna\n|\n|upkeep\n|turn|9\n|\n|t:|1699647168\n|move|p1a: Luna|Magic Coat|p1a: Luna\n|-singleturn|p1a: Luna|move: Magic Coat\n|move|p2a: The Ancient Fear|Final Gambit|p1a: Luna\n|-damage|p1a: Luna|46\/100\n|faint|p2a: The Ancient Fear\n|\n|-sideend|p1: NotMHP|Reflect\n|upkeep\n|\n|t:|1699647174\n|switch|p2a: The Shadow of War|Gholdengo|100\/100\n|-activate|p2a: The Shadow of War|move: Sticky Web\n|-unboost|p2a: The Shadow of War|spe|1\n|turn|10\n|\n|t:|1699647180\n|move|p1a: Luna|Moonlight|p1a: Luna\n|-heal|p1a: Luna|96\/100\n|move|p2a: The Shadow of War|Nasty Plot|p2a: The Shadow of War\n|-boost|p2a: The Shadow of War|spa|2\n|\n|-sideend|p1: NotMHP|move: Light Screen\n|upkeep\n|turn|11\n|\n|t:|1699647183\n|move|p1a: Luna|Light Screen|p1a: Luna\n|-sidestart|p1: NotMHP|move: Light Screen\n|move|p2a: The Shadow of War|Nasty Plot|p2a: The Shadow of War\n|-boost|p2a: The Shadow of War|spa|2\n|\n|upkeep\n|turn|12\n|\n|t:|1699647186\n|move|p1a: Luna|Reflect|p1a: Luna\n|-sidestart|p1: NotMHP|Reflect\n|move|p2a: The Shadow of War|Nasty Plot|p2a: The Shadow of War\n|-boost|p2a: The Shadow of War|spa|2\n|\n|upkeep\n|turn|13\n|j| The23rdPower\n|\n|t:|1699647221\n|move|p1a: Luna|Moonlight|p1a: Luna\n|-heal|p1a: Luna|100\/100\n|move|p2a: The Shadow of War|Make It Rain|p1a: Luna\n|-damage|p1a: Luna|18\/100\n|-unboost|p2a: The Shadow of War|spa|1\n|\n|upkeep\n|turn|14\n|j| SuperOinge22\n|\n|t:|1699647226\n|move|p1a: Luna|Moonlight|p1a: Luna\n|-heal|p1a: Luna|68\/100\n|move|p2a: The Shadow of War|Thunderbolt|p1a: Luna\n|-damage|p1a: Luna|31\/100\n|\n|upkeep\n|turn|15\n|j| Ibitak\n|\n|t:|1699647232\n|move|p1a: Luna|Moonlight|p1a: Luna\n|-heal|p1a: Luna|81\/100\n|move|p2a: The Shadow of War|Nasty Plot|p2a: The Shadow of War\n|-boost|p2a: The Shadow of War|spa|1\n|\n|upkeep\n|turn|16\n|\n|t:|1699647239\n|move|p1a: Luna|Moonlight|p1a: Luna\n|-heal|p1a: Luna|100\/100\n|move|p2a: The Shadow of War|Thunderbolt|p1a: Luna\n|-damage|p1a: Luna|59\/100\n|\n|upkeep\n|turn|17\n|\n|t:|1699647241\n|move|p1a: Luna|Moonlight|p1a: Luna\n|-heal|p1a: Luna|100\/100\n|move|p2a: The Shadow of War|Thunderbolt|p1a: Luna\n|-crit|p1a: Luna\n|-damage|p1a: Luna|0 fnt\n|faint|p1a: Luna\n|\n|upkeep\n|j| JunkoPure\n|\n|t:|1699647248\n|switch|p1a: Sasaki Kojiro|Samurott-Hisui, M|100\/100\n|-activate|p1a: Sasaki Kojiro|move: Sticky Web\n|-unboost|p1a: Sasaki Kojiro|spe|1\n|-damage|p1a: Sasaki Kojiro|88\/100|[from] Stealth Rock\n|turn|18\n|c| JunkoPure|there we go\n|\n|t:|1699647252\n|move|p2a: The Shadow of War|Thunderbolt|p1a: Sasaki Kojiro\n|-supereffective|p1a: Sasaki Kojiro\n|-damage|p1a: Sasaki Kojiro|0 fnt\n|faint|p1a: Sasaki Kojiro\n|\n|-sideend|p1: NotMHP|move: Light Screen\n|upkeep\n|\n|t:|1699647256\n|switch|p1a: Frieza|Lycanroc-Dusk, M|100\/100\n|-activate|p1a: Frieza|move: Sticky Web\n|-unboost|p1a: Frieza|spe|1\n|-damage|p1a: Frieza|88\/100|[from] Stealth Rock\n|turn|19\n|\n|t:|1699647258\n|move|p1a: Frieza|Crunch|p2a: The Shadow of War\n|-supereffective|p2a: The Shadow of War\n|-damage|p2a: The Shadow of War|16\/100\n|-unboost|p2a: The Shadow of War|def|1\n|-damage|p1a: Frieza|78\/100|[from] item: Life Orb\n|move|p2a: The Shadow of War|Make It Rain|p1a: Frieza\n|-supereffective|p1a: Frieza\n|-damage|p1a: Frieza|0 fnt\n|-unboost|p2a: The Shadow of War|spa|1\n|faint|p1a: Frieza\n|\n|-heal|p2a: The Shadow of War|22\/100|[from] item: Leftovers\n|-sideend|p1: NotMHP|Reflect\n|upkeep\n|\n|t:|1699647272\n|switch|p1a: Hamilton|Iron Valiant|100\/100\n|-activate|p1a: Hamilton|move: Sticky Web\n|-unboost|p1a: Hamilton|spe|1\n|-damage|p1a: Hamilton|94\/100|[from] Stealth Rock\n|turn|20\n|c| SuperOinge22|Man what\n|\n|t:|1699647282\n|move|p1a: Hamilton|Knock Off|p2a: The Shadow of War\n|-supereffective|p2a: The Shadow of War\n|-damage|p2a: The Shadow of War|0 fnt\n|-enditem|p2a: The Shadow of War|Leftovers|[from] move: Knock Off|[of] p1a: Hamilton\n|faint|p2a: The Shadow of War\n|\n|upkeep\n|\n|t:|1699647284\n|switch|p2a: True Vengeance|Grimmsnarl, M|100\/100\n|-activate|p2a: True Vengeance|move: Sticky Web\n|-unboost|p2a: True Vengeance|spe|1\n|turn|21\n|\n|t:|1699647287\n|move|p2a: True Vengeance|Reflect|p2a: True Vengeance\n|-sidestart|p2: xdd-Rayleigh|Reflect\n|move|p1a: Hamilton|Agility|p1a: Hamilton\n|-boost|p1a: Hamilton|spe|2\n|\n|upkeep\n|turn|22\n|\n|t:|1699647295\n|move|p2a: True Vengeance|Taunt|p1a: Hamilton\n|-start|p1a: Hamilton|move: Taunt\n|move|p1a: Hamilton|Knock Off|p2a: True Vengeance\n|-resisted|p2a: True Vengeance\n|-damage|p2a: True Vengeance|95\/100\n|-enditem|p2a: True Vengeance|Light Clay|[from] move: Knock Off|[of] p1a: Hamilton\n|\n|upkeep\n|turn|23\n|\n|t:|1699647298\n|move|p2a: True Vengeance|Parting Shot|p1a: Hamilton\n|-unboost|p1a: Hamilton|atk|1\n|-unboost|p1a: Hamilton|spa|1\n|\n|t:|1699647300\n|switch|p2a: Aspect of Death|Ferroseed, M|100\/100|[from] Parting Shot\n|-activate|p2a: Aspect of Death|move: Sticky Web\n|-unboost|p2a: Aspect of Death|spe|1\n|move|p1a: Hamilton|Spirit Break|p2a: Aspect of Death\n|-resisted|p2a: Aspect of Death\n|-damage|p2a: Aspect of Death|96\/100\n|-unboost|p2a: Aspect of Death|spa|1\n|-damage|p1a: Hamilton|82\/100|[from] ability: Iron Barbs|[of] p2a: Aspect of Death\n|\n|upkeep\n|turn|24\n|\n|t:|1699647307\n|move|p1a: Hamilton|Drain Punch|p2a: Aspect of Death\n|-supereffective|p2a: Aspect of Death\n|-damage|p2a: Aspect of Death|79\/100\n|-heal|p1a: Hamilton|90\/100|[from] drain|[of] p2a: Aspect of Death\n|-damage|p1a: Hamilton|78\/100|[from] ability: Iron Barbs|[of] p2a: Aspect of Death\n|move|p2a: Aspect of Death|Toxic|p1a: Hamilton\n|-status|p1a: Hamilton|tox\n|\n|-damage|p1a: Hamilton|72\/100 tox|[from] psn\n|-end|p1a: Hamilton|move: Taunt\n|upkeep\n|turn|25\n|\n|t:|1699647316\n|move|p1a: Hamilton|Knock Off|p2a: Aspect of Death\n|-damage|p2a: Aspect of Death|71\/100\n|-damage|p1a: Hamilton|59\/100 tox|[from] ability: Iron Barbs|[of] p2a: Aspect of Death\n|-enditem|p2a: Aspect of Death|Eviolite|[from] move: Knock Off|[of] p1a: Hamilton\n|move|p2a: Aspect of Death|Spikes|p1a: Hamilton\n|-sidestart|p1: NotMHP|Spikes\n|\n|-damage|p1a: Hamilton|47\/100 tox|[from] psn\n|upkeep\n|turn|26\n|j| itzZen\n|\n|t:|1699647326\n|switch|p2a: True Vengeance|Grimmsnarl, M|95\/100\n|-activate|p2a: True Vengeance|move: Sticky Web\n|-unboost|p2a: True Vengeance|spe|1\n|move|p1a: Hamilton|Drain Punch|p2a: True Vengeance\n|-damage|p2a: True Vengeance|77\/100\n|-heal|p1a: Hamilton|59\/100 tox|[from] drain|[of] p2a: True Vengeance\n|\n|-damage|p1a: Hamilton|40\/100 tox|[from] psn\n|upkeep\n|turn|27\n|\n|t:|1699647330\n|move|p2a: True Vengeance|Parting Shot|p1a: Hamilton\n|-unboost|p1a: Hamilton|atk|1\n|-unboost|p1a: Hamilton|spa|1\n|\n|t:|1699647332\n|switch|p2a: Aspect of Death|Ferroseed, M|71\/100|[from] Parting Shot\n|-activate|p2a: Aspect of Death|move: Sticky Web\n|-unboost|p2a: Aspect of Death|spe|1\n|move|p1a: Hamilton|Spirit Break|p2a: Aspect of Death\n|-resisted|p2a: Aspect of Death\n|-damage|p2a: Aspect of Death|66\/100\n|-unboost|p2a: Aspect of Death|spa|1\n|-damage|p1a: Hamilton|28\/100 tox|[from] ability: Iron Barbs|[of] p2a: Aspect of Death\n|\n|-damage|p1a: Hamilton|3\/100 tox|[from] psn\n|upkeep\n|turn|28\n|\n|t:|1699647340\n|move|p1a: Hamilton|Drain Punch|p2a: Aspect of Death\n|-supereffective|p2a: Aspect of Death\n|-damage|p2a: Aspect of Death|48\/100\n|-heal|p1a: Hamilton|12\/100 tox|[from] drain|[of] p2a: Aspect of Death\n|-damage|p1a: Hamilton|0 fnt|[from] ability: Iron Barbs|[of] p2a: Aspect of Death\n|faint|p1a: Hamilton\n|-end|p1a: Hamilton|Quark Drive|[silent]\n|move|p2a: Aspect of Death|Spikes|p1: Hamilton\n|-sidestart|p1: NotMHP|Spikes\n|\n|-sideend|p2: xdd-Rayleigh|Reflect\n|upkeep\n|\n|t:|1699647352\n|switch|p1a: My bals|Electrode-Hisui, shiny|100\/100\n|-activate|p1a: My bals|move: Sticky Web\n|-unboost|p1a: My bals|spe|1\n|-damage|p1a: My bals|88\/100|[from] Stealth Rock\n|-damage|p1a: My bals|72\/100|[from] Spikes\n|turn|29\n|\n|t:|1699647369\n|-terastallize|p1a: My bals|Normal\n|move|p1a: My bals|Explosion|p2a: Aspect of Death\n|-resisted|p2a: Aspect of Death\n|-damage|p2a: Aspect of Death|14\/100\n|faint|p1a: My bals\n|move|p2a: Aspect of Death|Toxic|p1: My bals|[notarget]\n|-fail|p2a: Aspect of Death\n|\n|upkeep\n|c| SuperOinge22|This is so fucking dumb\n|c| JunkoPure|huh\n|c|\u2606NotMHP|that's the point\n|\n|t:|1699647379\n|switch|p1a: Kingpin|Pinsir, M, shiny|100\/100\n|-activate|p1a: Kingpin|move: Sticky Web\n|-unboost|p1a: Kingpin|spe|1\n|-damage|p1a: Kingpin|76\/100|[from] Stealth Rock\n|-damage|p1a: Kingpin|59\/100|[from] Spikes\n|turn|30\n|\n|t:|1699647388\n|detailschange|p1a: Kingpin|Pinsir-Mega, M, shiny\n|-mega|p1a: Kingpin|Pinsir|Pinsirite\n|move|p1a: Kingpin|Brick Break|p2a: Aspect of Death\n|-supereffective|p2a: Aspect of Death\n|-damage|p2a: Aspect of Death|0 fnt\n|-damage|p1a: Kingpin|47\/100|[from] ability: Iron Barbs|[of] p2a: Aspect of Death\n|faint|p2a: Aspect of Death\n|\n|upkeep\n|j| goobiathan\n|\n|t:|1699647393\n|switch|p2a: The Star Bringer|Cyclizar, F|100\/100\n|-activate|p2a: The Star Bringer|move: Sticky Web\n|-unboost|p2a: The Star Bringer|spe|1\n|turn|31\n|c| SuperOinge22|Yea if i didnt know this was on purpose man\n|c| goobiathan|I join to 87 hazards\n|c|\u2606NotMHP|it was 100% on purpose\n|c| The23rdPower|Cope\n|c| SuperOinge22|Idk tho lowkey gacha tryharded\n|c| JunkoPure|Me when I can't watch the stand v gacha match but I can watch this garbage live\n|l| Ibitak\n|c| goobiathan|Aerialate quick attack carries\n|l| itzZen\n|\n|t:|1699647489\n|move|p2a: The Star Bringer|Rapid Spin|p1a: Kingpin\n|-damage|p1a: Kingpin|32\/100\n|-boost|p2a: The Star Bringer|spe|1\n|-sideend|p2: xdd-Rayleigh|Sticky Web|[from] move: Rapid Spin|[of] p2a: The Star Bringer\n|move|p1a: Kingpin|Swords Dance|p1a: Kingpin\n|-boost|p1a: Kingpin|atk|2\n|\n|upkeep\n|turn|32\n|l| SuperOinge22\n|\n|t:|1699647507\n|move|p2a: The Star Bringer|Sunny Day|p2a: The Star Bringer\n|-weather|SunnyDay\n|move|p1a: Kingpin|Swords Dance|p1a: Kingpin\n|-boost|p1a: Kingpin|atk|2\n|\n|-weather|SunnyDay|[upkeep]\n|upkeep\n|turn|33\n|\n|t:|1699647511\n|move|p1a: Kingpin|Quick Attack|p2a: The Star Bringer\n|-damage|p2a: The Star Bringer|0 fnt\n|faint|p2a: The Star Bringer\n|\n|-weather|SunnyDay|[upkeep]\n|upkeep\n|\n|t:|1699647513\n|switch|p2a: True Vengeance|Grimmsnarl, M|77\/100\n|turn|34\n|\n|t:|1699647521\n|move|p2a: True Vengeance|Reflect|p2a: True Vengeance\n|-sidestart|p2: xdd-Rayleigh|Reflect\n|move|p1a: Kingpin|X-Scissor|p2a: True Vengeance\n|-damage|p2a: True Vengeance|0 fnt\n|faint|p2a: True Vengeance\n|\n|-weather|SunnyDay|[upkeep]\n|upkeep\n|\n|t:|1699647524\n|switch|p2a: Above Hierarchy|Roaring Moon|100\/100\n|-activate|p2a: Above Hierarchy|ability: Protosynthesis\n|-start|p2a: Above Hierarchy|protosynthesisatk\n|turn|35\n|\n|t:|1699647539\n|move|p2a: Above Hierarchy|Dragon Claw|p1a: Kingpin\n|-damage|p1a: Kingpin|0 fnt\n|faint|p1a: Kingpin\n|\n|win|xdd-Rayleigh\n|c|\u2606NotMHP|gg\n|c|\u2606xdd-Rayleigh|gg\n|l| The23rdPower\n|l| JunkoPure\n","uploadtime":1699647567,"views":33,"p1id":"notmhp","p2id":"xddrayleigh","formatid":"gen9nationaldexubers","rating":0,"private":0,"password":""}