{"id":"gen9nationaldexubers-2000096091","p1":"Wobbuffet xplus","p2":"Elixsmokezzdem","format":"[Gen 9] National Dex Ubers","log":"|j|\u2606Wobbuffet xplus\n|j|\u2606Elixsmokezzdem\n|t:|1701154004\n|gametype|singles\n|player|p1|Wobbuffet xplus|cynthia|1341\n|player|p2|Elixsmokezzdem|youngcouple|1237\n|teamsize|p1|6\n|teamsize|p2|6\n|gen|9\n|tier|[Gen 9] National Dex Ubers\n|rated|\n|rule|HP Percentage Mod: HP is shown in percentages\n|rule|Endless Battle Clause: Forcing endless battles is banned\n|rule|OHKO Clause: OHKO moves are banned\n|rule|Evasion Moves Clause: Evasion moves are banned\n|rule|Evasion Items Clause: Evasion items are banned\n|rule|Species Clause: Limit one of each Pok\u00e9mon\n|rule|Sleep Clause Mod: Limit one foe put to sleep\n|rule|Mega Rayquaza Clause: You cannot mega evolve Rayquaza\n|clearpoke\n|poke|p1|Zygarde|\n|poke|p1|Zacian-*|\n|poke|p1|Eternatus|\n|poke|p1|Blaziken, F|\n|poke|p1|Necrozma-Dusk-Mane|\n|poke|p1|Toxapex, F|\n|poke|p2|Banette, F|\n|poke|p2|Dondozo, M|\n|poke|p2|Zygarde|\n|poke|p2|Mewtwo|\n|poke|p2|Dusclops, M|\n|poke|p2|Ho-Oh|\n|teampreview\n|\n|t:|1701154010\n|start\n|switch|p1a: Zacian|Zacian-Crowned|100\/100\n|switch|p2a: Banette|Banette, F|100\/100\n|-ability|p1a: Zacian|Intrepid Sword|boost\n|-boost|p1a: Zacian|atk|1\n|-item|p1a: Zacian|Rusted Sword|[from] ability: Frisk|[of] p2a: Banette|[identify]\n|turn|1\n|\n|t:|1701154020\n|detailschange|p2a: Banette|Banette-Mega, F\n|-mega|p2a: Banette|Banette|Banettite\n|move|p2a: Banette|Protect|p2a: Banette\n|-singleturn|p2a: Banette|Protect\n|move|p1a: Zacian|Crunch|p2a: Banette\n|-activate|p2a: Banette|move: Protect\n|\n|upkeep\n|turn|2\n|\n|t:|1701154030\n|switch|p2a: Dusclops|Dusclops, M|100\/100\n|-item|p1a: Zacian|Rusted Sword|[from] ability: Frisk|[of] p2a: Dusclops|[identify]\n|move|p1a: Zacian|Crunch|p2a: Dusclops\n|-supereffective|p2a: Dusclops\n|-damage|p2a: Dusclops|42\/100\n|\n|upkeep\n|turn|3\n|\n|t:|1701154039\n|move|p1a: Zacian|Crunch|p2a: Dusclops\n|-supereffective|p2a: Dusclops\n|-damage|p2a: Dusclops|0 fnt\n|faint|p2a: Dusclops\n|\n|upkeep\n|\n|t:|1701154044\n|switch|p2a: Dondozo|Dondozo, M|100\/100\n|turn|4\n|\n|t:|1701154047\n|move|p1a: Zacian|Wild Charge|p2a: Dondozo\n|-supereffective|p2a: Dondozo\n|-damage|p2a: Dondozo|70\/100\n|-damage|p1a: Zacian|89\/100|[from] Recoil\n|move|p2a: Dondozo|Curse|p2a: Dondozo\n|-unboost|p2a: Dondozo|spe|1\n|-boost|p2a: Dondozo|atk|1\n|-boost|p2a: Dondozo|def|1\n|\n|-heal|p2a: Dondozo|76\/100|[from] item: Leftovers\n|upkeep\n|turn|5\n|\n|t:|1701154058\n|move|p1a: Zacian|Swords Dance|p1a: Zacian\n|-boost|p1a: Zacian|atk|2\n|move|p2a: Dondozo|Curse|p2a: Dondozo\n|-unboost|p2a: Dondozo|spe|1\n|-boost|p2a: Dondozo|atk|1\n|-boost|p2a: Dondozo|def|1\n|\n|-heal|p2a: Dondozo|83\/100|[from] item: Leftovers\n|upkeep\n|turn|6\n|\n|t:|1701154067\n|move|p1a: Zacian|Swords Dance|p1a: Zacian\n|-boost|p1a: Zacian|atk|2\n|move|p2a: Dondozo|Curse|p2a: Dondozo\n|-unboost|p2a: Dondozo|spe|1\n|-boost|p2a: Dondozo|atk|1\n|-boost|p2a: Dondozo|def|1\n|\n|-heal|p2a: Dondozo|89\/100|[from] item: Leftovers\n|upkeep\n|turn|7\n|\n|t:|1701154076\n|move|p1a: Zacian|Swords Dance|p1a: Zacian\n|-boost|p1a: Zacian|atk|1\n|move|p2a: Dondozo|Curse|p2a: Dondozo\n|-unboost|p2a: Dondozo|spe|1\n|-boost|p2a: Dondozo|atk|1\n|-boost|p2a: Dondozo|def|1\n|\n|-heal|p2a: Dondozo|95\/100|[from] item: Leftovers\n|upkeep\n|turn|8\n|\n|t:|1701154087\n|move|p1a: Zacian|Wild Charge|p2a: Dondozo\n|-supereffective|p2a: Dondozo\n|-damage|p2a: Dondozo|85\/100\n|-damage|p1a: Zacian|85\/100|[from] Recoil\n|move|p2a: Dondozo|Curse|p2a: Dondozo\n|-unboost|p2a: Dondozo|spe|1\n|-boost|p2a: Dondozo|atk|1\n|-boost|p2a: Dondozo|def|1\n|\n|-heal|p2a: Dondozo|91\/100|[from] item: Leftovers\n|upkeep\n|turn|9\n|\n|t:|1701154098\n|switch|p1a: Toxapex|Toxapex, F|100\/100\n|move|p2a: Dondozo|Liquidation|p1a: Toxapex\n|-resisted|p1a: Toxapex\n|-damage|p1a: Toxapex|73\/100\n|\n|-heal|p1a: Toxapex|79\/100|[from] item: Black Sludge\n|-heal|p2a: Dondozo|97\/100|[from] item: Leftovers\n|upkeep\n|turn|10\n|\n|t:|1701154115\n|move|p1a: Toxapex|Toxic|p2a: Dondozo\n|-status|p2a: Dondozo|tox\n|move|p2a: Dondozo|Rest|p2a: Dondozo\n|-status|p2a: Dondozo|slp|[from] move: Rest\n|-heal|p2a: Dondozo|100\/100 slp|[silent]\n|\n|-heal|p1a: Toxapex|85\/100|[from] item: Black Sludge\n|upkeep\n|turn|11\n|\n|t:|1701154124\n|move|p1a: Toxapex|Baneful Bunker|p1a: Toxapex\n|-singleturn|p1a: Toxapex|move: Protect\n|cant|p2a: Dondozo|slp\n|move|p2a: Dondozo|Sleep Talk|p2a: Dondozo\n|move|p2a: Dondozo|Liquidation|p1a: Toxapex|[from]move: Sleep Talk\n|-activate|p1a: Toxapex|move: Protect\n|\n|-heal|p1a: Toxapex|91\/100|[from] item: Black Sludge\n|upkeep\n|turn|12\n|\n|t:|1701154135\n|move|p1a: Toxapex|Haze|p1a: Toxapex\n|-clearallboost\n|cant|p2a: Dondozo|slp\n|move|p2a: Dondozo|Sleep Talk|p2a: Dondozo\n|move|p2a: Dondozo|Curse|p2a: Dondozo|[from]move: Sleep Talk\n|-unboost|p2a: Dondozo|spe|1\n|-boost|p2a: Dondozo|atk|1\n|-boost|p2a: Dondozo|def|1\n|\n|-heal|p1a: Toxapex|98\/100|[from] item: Black Sludge\n|upkeep\n|turn|13\n|\n|t:|1701154148\n|switch|p2a: Mewtwo|Mewtwo|100\/100\n|-ability|p2a: Mewtwo|Unnerve\n|move|p1a: Toxapex|Haze|p1a: Toxapex\n|-clearallboost\n|\n|-heal|p1a: Toxapex|100\/100|[from] item: Black Sludge\n|upkeep\n|turn|14\n|\n|t:|1701154158\n|-terastallize|p2a: Mewtwo|Psychic\n|move|p2a: Mewtwo|Psystrike|p1a: Toxapex\n|-supereffective|p1a: Toxapex\n|-damage|p1a: Toxapex|0 fnt\n|faint|p1a: Toxapex\n|\n|upkeep\n|\n|t:|1701154168\n|switch|p1a: Zygarde|Zygarde, shiny|100\/100\n|turn|15\n|\n|t:|1701154174\n|-terastallize|p1a: Zygarde|Fairy\n|move|p2a: Mewtwo|Psystrike|p1a: Zygarde\n|-damage|p1a: Zygarde|9\/100\n|move|p1a: Zygarde|Thousand Arrows|p2a: Mewtwo\n|-damage|p2a: Mewtwo|58\/100\n|\n|-heal|p1a: Zygarde|15\/100|[from] item: Leftovers\n|-activate|p1a: Zygarde|ability: Power Construct\n|detailschange|p1a: Zygarde|Zygarde-Complete, shiny, tera:Fairy\n|-heal|p1a: Zygarde|46\/100|[silent]\n|upkeep\n|turn|16\n|\n|t:|1701154187\n|move|p2a: Mewtwo|Psystrike|p1a: Zygarde\n|-damage|p1a: Zygarde|0 fnt\n|faint|p1a: Zygarde\n|\n|upkeep\n|\n|t:|1701154193\n|switch|p1a: Necrozma|Necrozma-Dusk-Mane|100\/100\n|turn|17\n|\n|t:|1701154198\n|switch|p2a: Ho-Oh|Ho-Oh|100\/100\n|-zpower|p1a: Necrozma\n|move|p1a: Necrozma|Searing Sunraze Smash|p2a: Ho-Oh|[zeffect]\n|-resisted|p2a: Ho-Oh\n|-damage|p2a: Ho-Oh|56\/100\n|\n|upkeep\n|turn|18\n|\n|t:|1701154218\n|move|p2a: Ho-Oh|Fire Spin|p1a: Necrozma\n|-supereffective|p1a: Necrozma\n|-damage|p1a: Necrozma|83\/100\n|-activate|p1a: Necrozma|move: Fire Spin|[of] p2a: Ho-Oh\n|move|p1a: Necrozma|Dragon Dance|p1a: Necrozma\n|-boost|p1a: Necrozma|atk|1\n|-boost|p1a: Necrozma|spe|1\n|\n|-damage|p1a: Necrozma|71\/100|[from] move: Fire Spin|[partiallytrapped]\n|upkeep\n|turn|19\n|\n|t:|1701154228\n|switch|p2a: Dondozo|Dondozo, M|100\/100 slp\n|move|p1a: Necrozma|Sunsteel Strike|p2a: Dondozo\n|-resisted|p2a: Dondozo\n|-damage|p2a: Dondozo|77\/100 slp\n|\n|-heal|p2a: Dondozo|83\/100 slp|[from] item: Leftovers\n|-end|p1a: Necrozma|Fire Spin|[partiallytrapped]|[silent]\n|upkeep\n|turn|20\n|\n|t:|1701154237\n|move|p1a: Necrozma|Dragon Dance|p1a: Necrozma\n|-boost|p1a: Necrozma|atk|1\n|-boost|p1a: Necrozma|spe|1\n|-curestatus|p2a: Dondozo|slp|[msg]\n|move|p2a: Dondozo|Sleep Talk||[still]\n|-fail|p2a: Dondozo\n|\n|-heal|p2a: Dondozo|89\/100|[from] item: Leftovers\n|upkeep\n|turn|21\n|\n|t:|1701154246\n|move|p1a: Necrozma|Earthquake|p2a: Dondozo\n|-damage|p2a: Dondozo|68\/100\n|move|p2a: Dondozo|Curse|p2a: Dondozo\n|-unboost|p2a: Dondozo|spe|1\n|-boost|p2a: Dondozo|atk|1\n|-boost|p2a: Dondozo|def|1\n|\n|-heal|p2a: Dondozo|74\/100|[from] item: Leftovers\n|upkeep\n|turn|22\n|inactive|Battle timer is ON: inactive players will automatically lose when time's up. (requested by Elixsmokezzdem)\n|inactive|Wobbuffet xplus has 120 seconds left.\n|\n|t:|1701154322\n|move|p1a: Necrozma|Dragon Dance|p1a: Necrozma\n|-boost|p1a: Necrozma|atk|1\n|-boost|p1a: Necrozma|spe|1\n|move|p2a: Dondozo|Curse|p2a: Dondozo\n|-unboost|p2a: Dondozo|spe|1\n|-boost|p2a: Dondozo|atk|1\n|-boost|p2a: Dondozo|def|1\n|\n|-heal|p2a: Dondozo|80\/100|[from] item: Leftovers\n|upkeep\n|turn|23\n|inactive|Wobbuffet xplus has 120 seconds left.\n|inactive|Wobbuffet xplus has 90 seconds left.\n|\n|t:|1701154390\n|move|p1a: Necrozma|Morning Sun|p1a: Necrozma\n|-heal|p1a: Necrozma|100\/100\n|move|p2a: Dondozo|Curse|p2a: Dondozo\n|-unboost|p2a: Dondozo|spe|1\n|-boost|p2a: Dondozo|atk|1\n|-boost|p2a: Dondozo|def|1\n|\n|-heal|p2a: Dondozo|86\/100|[from] item: Leftovers\n|upkeep\n|turn|24\n|inactive|Wobbuffet xplus has 90 seconds left.\n|\n|t:|1701154402\n|switch|p1a: Eternatus|Eternatus|100\/100\n|-ability|p1a: Eternatus|Pressure\n|move|p2a: Dondozo|Curse|p2a: Dondozo\n|-unboost|p2a: Dondozo|spe|1\n|-boost|p2a: Dondozo|atk|1\n|-boost|p2a: Dondozo|def|1\n|\n|-heal|p2a: Dondozo|92\/100|[from] item: Leftovers\n|upkeep\n|turn|25\n|inactive|Wobbuffet xplus has 90 seconds left.\n|\n|t:|1701154413\n|move|p1a: Eternatus|Dynamax Cannon|p2a: Dondozo\n|-damage|p2a: Dondozo|37\/100\n|move|p2a: Dondozo|Liquidation|p1a: Eternatus\n|-resisted|p1a: Eternatus\n|-damage|p1a: Eternatus|69\/100\n|\n|-heal|p1a: Eternatus|75\/100|[from] item: Leftovers\n|-heal|p2a: Dondozo|44\/100|[from] item: Leftovers\n|upkeep\n|turn|26\n|\n|t:|1701154431\n|move|p1a: Eternatus|Dynamax Cannon|p2a: Dondozo\n|-damage|p2a: Dondozo|0 fnt\n|faint|p2a: Dondozo\n|\n|-heal|p1a: Eternatus|81\/100|[from] item: Leftovers\n|upkeep\n|\n|t:|1701154440\n|switch|p2a: Mewtwo|Mewtwo, tera:Psychic|58\/100\n|-ability|p2a: Mewtwo|Unnerve\n|turn|27\n|\n|t:|1701154455\n|move|p2a: Mewtwo|Psystrike|p1a: Eternatus\n|-supereffective|p1a: Eternatus\n|-damage|p1a: Eternatus|0 fnt\n|faint|p1a: Eternatus\n|\n|upkeep\n|\n|t:|1701154460\n|switch|p1a: Necrozma|Necrozma-Dusk-Mane|100\/100\n|turn|28\n|\n|t:|1701154464\n|move|p2a: Mewtwo|Psystrike|p1a: Necrozma\n|-resisted|p1a: Necrozma\n|-damage|p1a: Necrozma|77\/100\n|move|p1a: Necrozma|Sunsteel Strike|p2a: Mewtwo\n|-damage|p2a: Mewtwo|0 fnt\n|faint|p2a: Mewtwo\n|\n|upkeep\n|\n|t:|1701154480\n|switch|p2a: Ho-Oh|Ho-Oh|89\/100\n|turn|29\n|\n|t:|1701154488\n|switch|p2a: Banette|Banette-Mega, F|100\/100\n|switch|p1a: Blaziken|Blaziken, F|100\/100\n|\n|upkeep\n|turn|30\n|\n|t:|1701154495\n|detailschange|p1a: Blaziken|Blaziken-Mega, F\n|-mega|p1a: Blaziken|Blaziken|Blazikenite\n|move|p2a: Banette|Protect|p2a: Banette\n|-singleturn|p2a: Banette|Protect\n|move|p1a: Blaziken|Swords Dance|p1a: Blaziken\n|-boost|p1a: Blaziken|atk|2\n|\n|-ability|p1a: Blaziken|Speed Boost|boost\n|-boost|p1a: Blaziken|spe|1\n|upkeep\n|turn|31\n|\n|t:|1701154505\n|move|p2a: Banette|Encore|p1a: Blaziken\n|-start|p1a: Blaziken|Encore\n|move|p1a: Blaziken|Swords Dance|p1a: Blaziken\n|-boost|p1a: Blaziken|atk|2\n|\n|-ability|p1a: Blaziken|Speed Boost|boost\n|-boost|p1a: Blaziken|spe|1\n|upkeep\n|turn|32\n|\n|t:|1701154514\n|switch|p1a: Necrozma|Necrozma-Dusk-Mane|77\/100\n|move|p2a: Banette|Gunk Shot|p1a: Necrozma\n|-immune|p1a: Necrozma\n|\n|upkeep\n|turn|33\n|\n|t:|1701154521\n|move|p2a: Banette|Protect|p2a: Banette\n|-singleturn|p2a: Banette|Protect\n|move|p1a: Necrozma|Sunsteel Strike|p2a: Banette\n|-activate|p2a: Banette|move: Protect\n|\n|upkeep\n|turn|34\n|\n|t:|1701154529\n|switch|p2a: Zygarde|Zygarde|100\/100\n|move|p1a: Necrozma|Sunsteel Strike|p2a: Zygarde\n|-damage|p2a: Zygarde|56\/100\n|\n|-heal|p2a: Zygarde|62\/100|[from] item: Leftovers\n|upkeep\n|turn|35\n|\n|t:|1701154538\n|move|p2a: Zygarde|Coil|p2a: Zygarde\n|-boost|p2a: Zygarde|atk|1\n|-boost|p2a: Zygarde|def|1\n|-boost|p2a: Zygarde|accuracy|1\n|move|p1a: Necrozma|Dragon Dance|p1a: Necrozma\n|-boost|p1a: Necrozma|atk|1\n|-boost|p1a: Necrozma|spe|1\n|\n|-heal|p2a: Zygarde|68\/100|[from] item: Leftovers\n|upkeep\n|turn|36\n|\n|t:|1701154547\n|move|p1a: Necrozma|Sunsteel Strike|p2a: Zygarde\n|-crit|p2a: Zygarde\n|-damage|p2a: Zygarde|0 fnt\n|faint|p2a: Zygarde\n|\n|upkeep\n|\n|t:|1701154553\n|switch|p2a: Ho-Oh|Ho-Oh|100\/100\n|turn|37\n|\n|t:|1701154558\n|move|p1a: Necrozma|Sunsteel Strike|p2a: Ho-Oh\n|-resisted|p2a: Ho-Oh\n|-damage|p2a: Ho-Oh|67\/100\n|move|p2a: Ho-Oh|Fire Spin|p1a: Necrozma\n|-supereffective|p1a: Necrozma\n|-damage|p1a: Necrozma|59\/100\n|-activate|p1a: Necrozma|move: Fire Spin|[of] p2a: Ho-Oh\n|\n|-damage|p1a: Necrozma|47\/100|[from] move: Fire Spin|[partiallytrapped]\n|upkeep\n|turn|38\n|\n|t:|1701154569\n|switch|p2a: Banette|Banette-Mega, F|100\/100\n|move|p1a: Necrozma|Morning Sun|p1a: Necrozma\n|-heal|p1a: Necrozma|97\/100\n|\n|-end|p1a: Necrozma|Fire Spin|[partiallytrapped]|[silent]\n|upkeep\n|turn|39\n|\n|t:|1701154576\n|move|p2a: Banette|Encore|p1a: Necrozma\n|-start|p1a: Necrozma|Encore\n|move|p1a: Necrozma|Morning Sun|p1a: Necrozma\n|-heal|p1a: Necrozma|100\/100\n|\n|upkeep\n|turn|40\n|\n|t:|1701154584\n|switch|p1a: Blaziken|Blaziken-Mega, F|100\/100\n|move|p2a: Banette|Knock Off|p1a: Blaziken\n|-resisted|p1a: Blaziken\n|-damage|p1a: Blaziken|80\/100\n|\n|upkeep\n|turn|41\n|\n|t:|1701154596\n|switch|p2a: Ho-Oh|Ho-Oh|99\/100\n|move|p1a: Blaziken|Protect||[still]\n|-fail|p1a: Blaziken\n|\n|-ability|p1a: Blaziken|Speed Boost|boost\n|-boost|p1a: Blaziken|spe|1\n|upkeep\n|turn|42\n|\n|t:|1701154604\n|switch|p2a: Banette|Banette-Mega, F|100\/100\n|move|p1a: Blaziken|Swords Dance|p1a: Blaziken\n|-boost|p1a: Blaziken|atk|2\n|\n|-ability|p1a: Blaziken|Speed Boost|boost\n|-boost|p1a: Blaziken|spe|1\n|upkeep\n|turn|43\n|\n|t:|1701154615\n|move|p1a: Blaziken|Protect|p1a: Blaziken\n|-singleturn|p1a: Blaziken|Protect\n|move|p2a: Banette|Encore|p1a: Blaziken\n|-activate|p1a: Blaziken|move: Protect\n|\n|-ability|p1a: Blaziken|Speed Boost|boost\n|-boost|p1a: Blaziken|spe|1\n|upkeep\n|turn|44\n|\n|t:|1701154625\n|move|p2a: Banette|Encore|p1a: Blaziken\n|-start|p1a: Blaziken|Encore\n|move|p1a: Blaziken|Protect||[still]\n|-fail|p1a: Blaziken\n|\n|-ability|p1a: Blaziken|Speed Boost|boost\n|-boost|p1a: Blaziken|spe|1\n|upkeep\n|turn|45\n|\n|t:|1701154634\n|move|p1a: Blaziken|Protect|p1a: Blaziken\n|-singleturn|p1a: Blaziken|Protect\n|move|p2a: Banette|Knock Off|p1a: Blaziken\n|-activate|p1a: Blaziken|move: Protect\n|\n|-ability|p1a: Blaziken|Speed Boost|boost\n|-boost|p1a: Blaziken|spe|1\n|upkeep\n|turn|46\n|\n|t:|1701154642\n|switch|p1a: Necrozma|Necrozma-Dusk-Mane|100\/100\n|move|p2a: Banette|Gunk Shot|p1a: Necrozma\n|-immune|p1a: Necrozma\n|\n|upkeep\n|turn|47\n|\n|t:|1701154649\n|move|p2a: Banette|Protect|p2a: Banette\n|-singleturn|p2a: Banette|Protect\n|move|p1a: Necrozma|Sunsteel Strike|p2a: Banette\n|-activate|p2a: Banette|move: Protect\n|\n|upkeep\n|turn|48\n|\n|t:|1701154659\n|switch|p2a: Ho-Oh|Ho-Oh|100\/100\n|move|p1a: Necrozma|Earthquake|p2a: Ho-Oh\n|-immune|p2a: Ho-Oh\n|\n|upkeep\n|turn|49\n|\n|t:|1701154670\n|switch|p1a: Blaziken|Blaziken-Mega, F|80\/100\n|move|p2a: Ho-Oh|Fire Spin|p1a: Blaziken\n|-resisted|p1a: Blaziken\n|-damage|p1a: Blaziken|70\/100\n|-activate|p1a: Blaziken|move: Fire Spin|[of] p2a: Ho-Oh\n|\n|-damage|p1a: Blaziken|58\/100|[from] move: Fire Spin|[partiallytrapped]\n|upkeep\n|turn|50\n|\n|t:|1701154679\n|move|p1a: Blaziken|Flare Blitz|p2a: Ho-Oh\n|-resisted|p2a: Ho-Oh\n|-damage|p2a: Ho-Oh|76\/100\n|-damage|p1a: Blaziken|47\/100|[from] Recoil\n|move|p2a: Ho-Oh|Toxic|p1a: Blaziken\n|-status|p1a: Blaziken|tox\n|\n|-damage|p1a: Blaziken|41\/100 tox|[from] psn\n|-damage|p1a: Blaziken|28\/100 tox|[from] move: Fire Spin|[partiallytrapped]\n|-ability|p1a: Blaziken|Speed Boost|boost\n|-boost|p1a: Blaziken|spe|1\n|upkeep\n|turn|51\n|\n|t:|1701154691\n|move|p1a: Blaziken|Flare Blitz|p2a: Ho-Oh\n|-resisted|p2a: Ho-Oh\n|-damage|p2a: Ho-Oh|50\/100\n|-damage|p1a: Blaziken|16\/100 tox|[from] Recoil\n|move|p2a: Ho-Oh|Roost|p2a: Ho-Oh\n|-heal|p2a: Ho-Oh|99\/100\n|-singleturn|p2a: Ho-Oh|move: Roost\n|\n|-damage|p1a: Blaziken|4\/100 tox|[from] psn\n|-damage|p1a: Blaziken|0 fnt|[from] move: Fire Spin|[partiallytrapped]\n|faint|p1a: Blaziken\n|upkeep\n|\n|t:|1701154703\n|switch|p1a: Zacian|Zacian-Crowned|85\/100\n|turn|52\n|\n|t:|1701154710\n|move|p1a: Zacian|Crunch|p2a: Ho-Oh\n|-damage|p2a: Ho-Oh|78\/100\n|move|p2a: Ho-Oh|Fire Spin|p1a: Zacian\n|-supereffective|p1a: Zacian\n|-damage|p1a: Zacian|57\/100\n|-activate|p1a: Zacian|move: Fire Spin|[of] p2a: Ho-Oh\n|\n|-damage|p1a: Zacian|45\/100|[from] move: Fire Spin|[partiallytrapped]\n|upkeep\n|turn|53\n|\n|t:|1701154722\n|move|p1a: Zacian|Swords Dance|p1a: Zacian\n|-boost|p1a: Zacian|atk|2\n|move|p2a: Ho-Oh|Roost|p2a: Ho-Oh\n|-heal|p2a: Ho-Oh|100\/100\n|-singleturn|p2a: Ho-Oh|move: Roost\n|\n|-damage|p1a: Zacian|32\/100|[from] move: Fire Spin|[partiallytrapped]\n|upkeep\n|turn|54\n|\n|t:|1701154732\n|move|p1a: Zacian|Behemoth Blade|p2a: Ho-Oh\n|-resisted|p2a: Ho-Oh\n|-damage|p2a: Ho-Oh|61\/100\n|move|p2a: Ho-Oh|Fire Spin|p1a: Zacian\n|-supereffective|p1a: Zacian\n|-damage|p1a: Zacian|8\/100\n|\n|-damage|p1a: Zacian|0 fnt|[from] move: Fire Spin|[partiallytrapped]\n|faint|p1a: Zacian\n|upkeep\n|c|\u2606Wobbuffet xplus|basterd go suck ur fathers ass\n|inactive|Wobbuffet xplus has 120 seconds left.\n|c|\u2606Elixsmokezzdem|Lol\n|c|\u2606Elixsmokezzdem|Get better\n|inactive|Wobbuffet xplus has 90 seconds left.\n|\n|t:|1701154814\n|switch|p1a: Necrozma|Necrozma-Dusk-Mane|100\/100\n|turn|55\n|c|\u2606Wobbuffet xplus|what ur father is not giving u as\n|c|\u2606Wobbuffet xplus|mother fuker\n|inactive|Wobbuffet xplus has 60 seconds left.\n|c|\u2606Elixsmokezzdem|\ud83e\udd71\n|c|\u2606Wobbuffet xplus|basterd\n|inactive|Wobbuffet xplus has 30 seconds left.\n|\n|t:|1701154870\n|switch|p2a: Banette|Banette-Mega, F|100\/100\n|move|p1a: Necrozma|Dragon Dance|p1a: Necrozma\n|-boost|p1a: Necrozma|atk|1\n|-boost|p1a: Necrozma|spe|1\n|\n|upkeep\n|turn|56\n|inactive|Wobbuffet xplus has 30 seconds left.\n|\n|t:|1701154880\n|move|p2a: Banette|Encore|p1a: Necrozma\n|-start|p1a: Necrozma|Encore\n|move|p1a: Necrozma|Dragon Dance|p1a: Necrozma\n|-boost|p1a: Necrozma|atk|1\n|-boost|p1a: Necrozma|spe|1\n|\n|upkeep\n|turn|57\n|inactive|Wobbuffet xplus has 30 seconds left.\n|c|\u2606Elixsmokezzdem|Gg  buddy\n|c|\u2606Elixsmokezzdem|Lmao\n|inactive|Wobbuffet xplus has 20 seconds left.\n|inactive|Wobbuffet xplus has 15 seconds left.\n|inactive|Wobbuffet xplus has 10 seconds left.\n|c|\u2606Elixsmokezzdem|Bruh dont make em win by time\n|inactive|Wobbuffet xplus has 5 seconds left.\n|c|\u2606Elixsmokezzdem|Attack\n|c|\u2606Elixsmokezzdem|Dawg\n|-message|Wobbuffet xplus lost due to inactivity.\n|\n|win|Elixsmokezzdem\n|raw|Wobbuffet xplus's rating: 1341 &rarr; <strong>1315<\/strong><br \/>(-26 for losing)\n|raw|Elixsmokezzdem's rating: 1237 &rarr; <strong>1269<\/strong><br \/>(+32 for winning)\n","uploadtime":1701154751,"views":1,"p1id":"wobbuffetxplus","p2id":"elixsmokezzdem","formatid":"gen9nationaldexubers","rating":1269,"private":0,"password":""}