{"id":"gen9nationaldexubers-1983943429","p1":"Chaitanya15","p2":"i like serperior","format":"[Gen 9] National Dex Ubers","log":"|j|\u2606Chaitanya15\n|j|\u2606i like serperior\n|t:|1699202574\n|gametype|singles\n|player|p1|Chaitanya15|102|1473\n|player|p2|i like serperior|colress|1578\n|teamsize|p1|6\n|teamsize|p2|6\n|gen|9\n|tier|[Gen 9] National Dex Ubers\n|rated|\n|rule|HP Percentage Mod: HP is shown in percentages\n|rule|Endless Battle Clause: Forcing endless battles is banned\n|rule|OHKO Clause: OHKO moves are banned\n|rule|Evasion Moves Clause: Evasion moves are banned\n|rule|Evasion Items Clause: Evasion items are banned\n|rule|Species Clause: Limit one of each Pok\u00e9mon\n|rule|Sleep Clause Mod: Limit one foe put to sleep\n|rule|Mega Rayquaza Clause: You cannot mega evolve Rayquaza\n|clearpoke\n|poke|p1|Kingambit, F|\n|poke|p1|Basculegion, M|\n|poke|p1|Pikachu, F|\n|poke|p1|Kyogre|\n|poke|p1|Flutter Mane|\n|poke|p1|Deoxys-Speed|\n|poke|p2|Groudon|\n|poke|p2|Rayquaza|\n|poke|p2|Ribombee, F|\n|poke|p2|Kyurem-Black|\n|poke|p2|Yveltal|\n|poke|p2|Necrozma-Dawn-Wings|\n|teampreview\n|\n|t:|1699202586\n|start\n|switch|p1a: Pikachu|Pikachu, F|100\/100\n|switch|p2a: Frost bite|Kyurem-Black, shiny|100\/100\n|-ability|p2a: Frost bite|Teravolt\n|turn|1\n|inactive|Battle timer is ON: inactive players will automatically lose when time's up. (requested by Chaitanya15)\n|\n|t:|1699202594\n|-terastallize|p2a: Frost bite|Electric\n|move|p1a: Pikachu|Fake Out|p2a: Frost bite\n|-crit|p2a: Frost bite\n|-damage|p2a: Frost bite|81\/100\n|cant|p2a: Frost bite|flinch\n|\n|upkeep\n|turn|2\n|\n|t:|1699202603\n|move|p1a: Pikachu|Extreme Speed|p2a: Frost bite\n|-damage|p2a: Frost bite|54\/100\n|move|p2a: Frost bite|Dragon Dance|p2a: Frost bite\n|-boost|p2a: Frost bite|atk|1\n|-boost|p2a: Frost bite|spe|1\n|\n|upkeep\n|turn|3\n|\n|t:|1699202611\n|move|p1a: Pikachu|Extreme Speed|p2a: Frost bite\n|-damage|p2a: Frost bite|28\/100\n|move|p2a: Frost bite|Scale Shot|p1a: Pikachu\n|-damage|p1a: Pikachu|14\/100\n|-damage|p1a: Pikachu|0 fnt\n|faint|p1a: Pikachu\n|-hitcount|p1: Pikachu|2\n|-unboost|p2a: Frost bite|def|1\n|-boost|p2a: Frost bite|spe|1\n|\n|upkeep\n|\n|t:|1699202623\n|switch|p1a: Deoxys|Deoxys-Speed|100\/100\n|-ability|p1a: Deoxys|Pressure\n|turn|4\n|\n|t:|1699202633\n|move|p2a: Frost bite|Scale Shot|p1a: Deoxys\n|-damage|p1a: Deoxys|62\/100\n|-damage|p1a: Deoxys|27\/100\n|-damage|p1a: Deoxys|0 fnt\n|faint|p1a: Deoxys\n|-hitcount|p1: Deoxys|3\n|-unboost|p2a: Frost bite|def|1\n|-boost|p2a: Frost bite|spe|1\n|\n|upkeep\n|\n|t:|1699202642\n|switch|p1a: Kingambit|Kingambit, F|100\/100\n|-activate|p1a: Kingambit|ability: Supreme Overlord\n|-start|p1a: Kingambit|fallen2|[silent]\n|turn|5\n|\n|t:|1699202647\n|move|p2a: Frost bite|Dragon Dance|p2a: Frost bite\n|-boost|p2a: Frost bite|atk|1\n|-boost|p2a: Frost bite|spe|1\n|move|p1a: Kingambit|Iron Head|p2a: Frost bite\n|-resisted|p2a: Frost bite\n|-damage|p2a: Frost bite|0 fnt\n|faint|p2a: Frost bite\n|-damage|p1a: Kingambit|91\/100|[from] item: Life Orb\n|\n|upkeep\n|\n|t:|1699202651\n|switch|p2a: Orbital strike|Rayquaza|100\/100\n|-ability|p2a: Orbital strike|Air Lock\n|turn|6\n|\n|t:|1699202660\n|move|p1a: Kingambit|Sucker Punch|p2a: Orbital strike\n|-damage|p2a: Orbital strike|32\/100\n|-damage|p1a: Kingambit|81\/100|[from] item: Life Orb\n|move|p2a: Orbital strike|Overheat|p1a: Kingambit|[miss]\n|-miss|p2a: Orbital strike|p1a: Kingambit\n|\n|upkeep\n|turn|7\n|\n|t:|1699202668\n|switch|p2a: Bagan|Groudon, shiny|100\/100\n|detailschange|p2a: Bagan|Groudon-Primal, shiny\n|-primal|p2a: Bagan|Red Orb\n|-weather|DesolateLand|[from] ability: Desolate Land|[of] p2a: Bagan\n|move|p1a: Kingambit|Iron Head|p2a: Bagan\n|-resisted|p2a: Bagan\n|-damage|p2a: Bagan|81\/100\n|-damage|p1a: Kingambit|71\/100|[from] item: Life Orb\n|\n|-weather|DesolateLand|[upkeep]\n|upkeep\n|turn|8\n|\n|t:|1699202679\n|move|p1a: Kingambit|Sucker Punch|p2a: Bagan\n|-damage|p2a: Bagan|43\/100\n|-damage|p1a: Kingambit|61\/100|[from] item: Life Orb\n|move|p2a: Bagan|Precipice Blades|p1a: Kingambit\n|-supereffective|p1a: Kingambit\n|-damage|p1a: Kingambit|0 fnt\n|faint|p1a: Kingambit\n|-end|p1a: Kingambit|fallen2|[silent]\n|\n|-weather|DesolateLand|[upkeep]\n|upkeep\n|\n|t:|1699202688\n|switch|p1a: Flutter Mane|Flutter Mane|100\/100\n|-enditem|p1a: Flutter Mane|Booster Energy\n|-activate|p1a: Flutter Mane|ability: Protosynthesis|[fromitem]\n|-start|p1a: Flutter Mane|protosynthesisspe\n|turn|9\n|\n|t:|1699202695\n|-weather|none\n|switch|p2a: Orbital strike|Rayquaza|32\/100\n|-ability|p2a: Orbital strike|Air Lock\n|move|p1a: Flutter Mane|Shadow Ball|p2a: Orbital strike\n|-damage|p2a: Orbital strike|0 fnt\n|faint|p2a: Orbital strike\n|\n|upkeep\n|\n|t:|1699202698\n|switch|p2a: Nui rama|Ribombee, F|100\/100\n|turn|10\n|\n|t:|1699202712\n|move|p1a: Flutter Mane|Mystical Fire|p2a: Nui rama\n|-supereffective|p2a: Nui rama\n|-damage|p2a: Nui rama|8\/100\n|move|p2a: Nui rama|Stun Spore|p1a: Flutter Mane|[miss]\n|-miss|p2a: Nui rama|p1a: Flutter Mane\n|\n|upkeep\n|turn|11\n|\n|t:|1699202721\n|move|p1a: Flutter Mane|Mystical Fire|p2a: Nui rama\n|-supereffective|p2a: Nui rama\n|-damage|p2a: Nui rama|0 fnt\n|faint|p2a: Nui rama\n|\n|upkeep\n|\n|t:|1699202723\n|switch|p2a: Yveltal|Yveltal, shiny|100\/100\n|-ability|p2a: Yveltal|Dark Aura\n|turn|12\n|\n|t:|1699202730\n|move|p1a: Flutter Mane|Moonblast|p2a: Yveltal\n|-supereffective|p2a: Yveltal\n|-damage|p2a: Yveltal|32\/100\n|-unboost|p2a: Yveltal|spa|1\n|move|p2a: Yveltal|Oblivion Wing|p1a: Flutter Mane\n|-damage|p1a: Flutter Mane|71\/100\n|-heal|p2a: Yveltal|45\/100|[from] drain|[of] p1a: Flutter Mane\n|\n|-heal|p2a: Yveltal|51\/100|[from] item: Leftovers\n|upkeep\n|turn|13\n|\n|t:|1699202742\n|move|p1a: Flutter Mane|Moonblast|p2a: Yveltal\n|-supereffective|p2a: Yveltal\n|-crit|p2a: Yveltal\n|-damage|p2a: Yveltal|0 fnt\n|faint|p2a: Yveltal\n|\n|upkeep\n|\n|t:|1699202743\n|switch|p2a: Bagan|Groudon-Primal, shiny|43\/100\n|-weather|DesolateLand|[from] ability: Desolate Land|[of] p2a: Bagan\n|turn|14\n|\n|t:|1699202752\n|-terastallize|p1a: Flutter Mane|Ghost\n|move|p1a: Flutter Mane|Shadow Ball|p2a: Bagan\n|-damage|p2a: Bagan|0 fnt\n|faint|p2a: Bagan\n|-weather|none\n|\n|upkeep\n|-message|i like serperior forfeited.\n|\n|win|Chaitanya15\n|raw|Chaitanya15's rating: 1473 &rarr; <strong>1499<\/strong><br \/>(+26 for winning)\n|raw|i like serperior's rating: 1578 &rarr; <strong>1552<\/strong><br \/>(-26 for losing)\n|l|\u2606i like serperior\n","uploadtime":1699202763,"views":5,"p1id":"chaitanya15","p2id":"ilikeserperior","formatid":"gen9nationaldexubers","rating":1499,"private":0,"password":""}