{"id":"gen9nationaldexubers-1997429853","p1":"AceTheInadequate","p2":"stinkles3","format":"[Gen 9] National Dex Ubers","log":"|j|\u2606AceTheInadequate\n|j|\u2606stinkles3\n|t:|1700803817\n|gametype|singles\n|player|p1|AceTheInadequate|guitarist|\n|player|p2|stinkles3|dragontamer|\n|teamsize|p1|6\n|teamsize|p2|6\n|gen|9\n|tier|[Gen 9] National Dex Ubers\n|rule|HP Percentage Mod: HP is shown in percentages\n|rule|Endless Battle Clause: Forcing endless battles is banned\n|rule|OHKO Clause: OHKO moves are banned\n|rule|Evasion Moves Clause: Evasion moves are banned\n|rule|Evasion Items Clause: Evasion items are banned\n|rule|Species Clause: Limit one of each Pok\u00e9mon\n|rule|Sleep Clause Mod: Limit one foe put to sleep\n|rule|Mega Rayquaza Clause: You cannot mega evolve Rayquaza\n|clearpoke\n|poke|p1|Volcarona, M|\n|poke|p1|Scizor, F|\n|poke|p1|Slither Wing|\n|poke|p1|Araquanid, M|\n|poke|p1|Ribombee, M|\n|poke|p1|Galvantula, F|\n|poke|p2|Garchomp, M|\n|poke|p2|Dragapult, M|\n|poke|p2|Cyclizar, F|\n|poke|p2|Walking Wake|\n|poke|p2|Dragonite, F|\n|poke|p2|Hydreigon, F|\n|teampreview\n|\n|t:|1700803835\n|start\n|switch|p1a: Dududududu dada|Ribombee, M|100\/100\n|switch|p2a: Rahh|Dragonite, F|100\/100\n|turn|1\n|\n|t:|1700803842\n|move|p1a: Dududududu dada|Quiver Dance|p1a: Dududududu dada\n|-boost|p1a: Dududududu dada|spa|1\n|-boost|p1a: Dududududu dada|spd|1\n|-boost|p1a: Dududududu dada|spe|1\n|move|p2a: Rahh|Fire Punch|p1a: Dududududu dada\n|-supereffective|p1a: Dududududu dada\n|-enditem|p1a: Dududududu dada|Focus Sash\n|-damage|p1a: Dududududu dada|1\/100\n|\n|upkeep\n|turn|2\n|\n|t:|1700803853\n|-terastallize|p1a: Dududududu dada|Ghost\n|move|p1a: Dududududu dada|Moonblast|p2a: Rahh\n|-supereffective|p2a: Rahh\n|-damage|p2a: Rahh|31\/100\n|-unboost|p2a: Rahh|spa|1\n|move|p2a: Rahh|Fire Punch|p1a: Dududududu dada\n|-damage|p1a: Dududududu dada|0 fnt\n|faint|p1a: Dududududu dada\n|\n|upkeep\n|\n|t:|1700803859\n|switch|p1a: McQueen|Scizor, F|100\/100\n|turn|3\n|c|\u2606stinkles3|lel\n|\n|t:|1700803871\n|detailschange|p1a: McQueen|Scizor-Mega, F\n|-mega|p1a: McQueen|Scizor|Scizorite\n|move|p1a: McQueen|Bullet Punch|p2a: Rahh\n|-damage|p2a: Rahh|0 fnt\n|faint|p2a: Rahh\n|\n|upkeep\n|\n|t:|1700803881\n|switch|p2a: Hydration|Hydreigon, F|100\/100\n|turn|4\n|\n|t:|1700803886\n|move|p2a: Hydration|Stealth Rock|p1a: McQueen\n|-sidestart|p1: AceTheInadequate|move: Stealth Rock\n|move|p1a: McQueen|Swords Dance|p1a: McQueen\n|-boost|p1a: McQueen|atk|2\n|\n|upkeep\n|turn|5\n|\n|t:|1700803905\n|move|p2a: Hydration|Nasty Plot|p2a: Hydration\n|-boost|p2a: Hydration|spa|2\n|move|p1a: McQueen|Swords Dance|p1a: McQueen\n|-boost|p1a: McQueen|atk|2\n|\n|upkeep\n|turn|6\n|\n|t:|1700803913\n|move|p2a: Hydration|Dark Pulse|p1a: McQueen\n|-damage|p1a: McQueen|18\/100\n|move|p1a: McQueen|Swords Dance|p1a: McQueen\n|-boost|p1a: McQueen|atk|2\n|\n|upkeep\n|turn|7\n|\n|t:|1700803924\n|move|p1a: McQueen|Bullet Punch|p2a: Hydration\n|-damage|p2a: Hydration|0 fnt\n|faint|p2a: Hydration\n|\n|upkeep\n|\n|t:|1700803930\n|switch|p2a: Mischief|Dragapult, M|100\/100\n|turn|8\n|\n|t:|1700803933\n|move|p2a: Mischief|Sucker Punch|p1a: McQueen\n|-damage|p1a: McQueen|0 fnt\n|faint|p1a: McQueen\n|\n|upkeep\n|c|\u2606stinkles3|pfff\n|\n|t:|1700803942\n|switch|p1a: Apollo Creed|Araquanid, M|100\/100\n|-damage|p1a: Apollo Creed|76\/100|[from] Stealth Rock\n|turn|9\n|\n|t:|1700803947\n|move|p2a: Mischief|Dragon Darts|p1a: Apollo Creed\n|-damage|p1a: Apollo Creed|41\/100\n|-enditem|p1a: Apollo Creed|Sitrus Berry|[eat]\n|-heal|p1a: Apollo Creed|66\/100|[from] item: Sitrus Berry\n|-anim|p2a: Mischief|Dragon Darts|p1a: Apollo Creed\n|-damage|p1a: Apollo Creed|29\/100\n|move|p1a: Apollo Creed|Liquidation|p2a: Mischief\n|-resisted|p2a: Mischief\n|-damage|p2a: Mischief|59\/100\n|\n|upkeep\n|turn|10\n|\n|t:|1700803987\n|move|p2a: Mischief|Dragon Dance|p2a: Mischief\n|-boost|p2a: Mischief|atk|1\n|-boost|p2a: Mischief|spe|1\n|move|p1a: Apollo Creed|Sticky Web|p2a: Mischief\n|-sidestart|p2: stinkles3|move: Sticky Web\n|\n|upkeep\n|turn|11\n|c|\u2606stinkles3|cmon\n|\n|t:|1700803995\n|move|p2a: Mischief|Dragon Darts|p1a: Apollo Creed\n|-damage|p1a: Apollo Creed|0 fnt\n|faint|p1a: Apollo Creed\n|\n|upkeep\n|\n|t:|1700803999\n|switch|p1a: Vegeta|Slither Wing, shiny|100\/100\n|-damage|p1a: Vegeta|88\/100|[from] Stealth Rock\n|-enditem|p1a: Vegeta|Booster Energy\n|-activate|p1a: Vegeta|ability: Protosynthesis|[fromitem]\n|-start|p1a: Vegeta|protosynthesisatk\n|turn|12\n|\n|t:|1700804007\n|move|p1a: Vegeta|First Impression|p2a: Mischief\n|-resisted|p2a: Mischief\n|-damage|p2a: Mischief|18\/100\n|move|p2a: Mischief|Sucker Punch||[still]\n|-fail|p2a: Mischief\n|\n|upkeep\n|turn|13\n|\n|t:|1700804016\n|-end|p1a: Vegeta|Protosynthesis|[silent]\n|switch|p1a: Bumblebee|Galvantula, F, shiny|100\/100\n|-damage|p1a: Bumblebee|76\/100|[from] Stealth Rock\n|move|p2a: Mischief|Dragon Darts|p1a: Bumblebee\n|-damage|p1a: Bumblebee|0 fnt\n|faint|p1a: Bumblebee\n|\n|upkeep\n|\n|t:|1700804018\n|switch|p1a: Vegeta|Slither Wing, shiny|88\/100\n|-damage|p1a: Vegeta|76\/100|[from] Stealth Rock\n|turn|14\n|\n|t:|1700804029\n|switch|p2a: Deathstroke|Garchomp, M|100\/100\n|-activate|p2a: Deathstroke|move: Sticky Web\n|-unboost|p2a: Deathstroke|spe|1\n|move|p1a: Vegeta|First Impression|p2a: Deathstroke\n|-damage|p2a: Deathstroke|51\/100\n|-damage|p1a: Vegeta|64\/100|[from] ability: Rough Skin|[of] p2a: Deathstroke\n|-damage|p1a: Vegeta|47\/100|[from] item: Rocky Helmet|[of] p2a: Deathstroke\n|\n|upkeep\n|turn|15\n|\n|t:|1700804048\n|move|p1a: Vegeta|Close Combat|p2a: Deathstroke\n|-damage|p2a: Deathstroke|0 fnt\n|-unboost|p1a: Vegeta|def|1\n|-unboost|p1a: Vegeta|spd|1\n|-damage|p1a: Vegeta|35\/100|[from] ability: Rough Skin|[of] p2a: Deathstroke\n|-damage|p1a: Vegeta|19\/100|[from] item: Rocky Helmet|[of] p2a: Deathstroke\n|faint|p2a: Deathstroke\n|\n|upkeep\n|\n|t:|1700804058\n|switch|p2a: Stepper|Walking Wake|100\/100\n|-activate|p2a: Stepper|move: Sticky Web\n|-unboost|p2a: Stepper|spe|1\n|-enditem|p2a: Stepper|Booster Energy\n|-activate|p2a: Stepper|ability: Protosynthesis|[fromitem]\n|-start|p2a: Stepper|protosynthesisspa\n|turn|16\n|\n|t:|1700804071\n|move|p1a: Vegeta|Close Combat|p2a: Stepper\n|-damage|p2a: Stepper|25\/100\n|-unboost|p1a: Vegeta|def|1\n|-unboost|p1a: Vegeta|spd|1\n|move|p2a: Stepper|Scary Face|p1a: Vegeta\n|-unboost|p1a: Vegeta|spe|2\n|\n|upkeep\n|turn|17\n|\n|t:|1700804081\n|move|p2a: Stepper|Hydro Steam|p1a: Vegeta\n|-damage|p1a: Vegeta|0 fnt\n|faint|p1a: Vegeta\n|-end|p1a: Vegeta|Protosynthesis|[silent]\n|\n|upkeep\n|\n|t:|1700804083\n|switch|p1a: Here comes the sun|Volcarona, M|100\/100\n|turn|18\n|\n|t:|1700804091\n|move|p1a: Here comes the sun|Giga Drain|p2a: Stepper\n|-crit|p2a: Stepper\n|-damage|p2a: Stepper|0 fnt\n|faint|p2a: Stepper\n|-end|p2a: Stepper|Protosynthesis|[silent]\n|\n|upkeep\n|\n|t:|1700804097\n|switch|p2a: Runzeedoodle|Cyclizar, F|100\/100\n|-activate|p2a: Runzeedoodle|move: Sticky Web\n|-unboost|p2a: Runzeedoodle|spe|1\n|turn|19\n|\n|t:|1700804103\n|move|p1a: Here comes the sun|Quiver Dance|p1a: Here comes the sun\n|-boost|p1a: Here comes the sun|spa|1\n|-boost|p1a: Here comes the sun|spd|1\n|-boost|p1a: Here comes the sun|spe|1\n|move|p2a: Runzeedoodle|Rapid Spin|p1a: Here comes the sun\n|-damage|p1a: Here comes the sun|62\/100\n|-boost|p2a: Runzeedoodle|spe|1\n|-sideend|p2: stinkles3|Sticky Web|[from] move: Rapid Spin|[of] p2a: Runzeedoodle\n|\n|upkeep\n|turn|20\n|\n|t:|1700804115\n|-terastallize|p2a: Runzeedoodle|Dragon\n|move|p1a: Here comes the sun|Quiver Dance|p1a: Here comes the sun\n|-boost|p1a: Here comes the sun|spa|1\n|-boost|p1a: Here comes the sun|spd|1\n|-boost|p1a: Here comes the sun|spe|1\n|move|p2a: Runzeedoodle|Breaking Swipe|p1a: Here comes the sun\n|-damage|p1a: Here comes the sun|5\/100\n|-unboost|p1a: Here comes the sun|atk|1\n|\n|upkeep\n|turn|21\n|\n|t:|1700804127\n|move|p1a: Here comes the sun|Fiery Dance|p2a: Runzeedoodle\n|-resisted|p2a: Runzeedoodle\n|-damage|p2a: Runzeedoodle|21\/100\n|move|p2a: Runzeedoodle|Crunch|p1a: Here comes the sun\n|-damage|p1a: Here comes the sun|0 fnt\n|faint|p1a: Here comes the sun\n|\n|win|stinkles3\n|c|\u2606stinkles3|gg\n|l|\u2606AceTheInadequate\n","uploadtime":1700804136,"views":10,"p1id":"acetheinadequate","p2id":"stinkles3","formatid":"gen9nationaldexubers","rating":0,"private":0,"password":""}