{"id":"gen9nationaldexubers-1978480505","p1":"faraodomangue","p2":"Angel Karma","format":"[Gen 9] National Dex Ubers","log":"|j|\u2606faraodomangue\n|j|\u2606Angel Karma\n|t:|1698544448\n|gametype|singles\n|player|p1|faraodomangue|harlequin|1419\n|player|p2|Angel Karma|unknown|1421\n|teamsize|p1|6\n|teamsize|p2|6\n|gen|9\n|tier|[Gen 9] National Dex Ubers\n|rated|\n|rule|HP Percentage Mod: HP is shown in percentages\n|rule|Endless Battle Clause: Forcing endless battles is banned\n|rule|OHKO Clause: OHKO moves are banned\n|rule|Evasion Moves Clause: Evasion moves are banned\n|rule|Evasion Items Clause: Evasion items are banned\n|rule|Species Clause: Limit one of each Pok\u00e9mon\n|rule|Sleep Clause Mod: Limit one foe put to sleep\n|rule|Mega Rayquaza Clause: You cannot mega evolve Rayquaza\n|clearpoke\n|poke|p1|Pyukumuku, M|\n|poke|p1|Landorus-Therian, M|\n|poke|p1|Mewtwo|\n|poke|p1|Arceus|\n|poke|p1|Zapdos-Galar|\n|poke|p1|Grimmsnarl, M|\n|poke|p2|Haxorus, F|\n|poke|p2|Groudon|\n|poke|p2|Skarmory, M|\n|poke|p2|Yveltal|\n|poke|p2|Flutter Mane|\n|poke|p2|Lucario, M|\n|teampreview\n|\n|t:|1698544458\n|start\n|switch|p1a: \ud83d\ude21|Grimmsnarl, M, shiny|100\/100\n|switch|p2a: Skarmory|Skarmory, M|100\/100\n|turn|1\n|\n|t:|1698544466\n|move|p1a: \ud83d\ude21|Thunder Wave|p2a: Skarmory\n|-status|p2a: Skarmory|par\n|move|p2a: Skarmory|Drill Peck|p1a: \ud83d\ude21\n|-damage|p1a: \ud83d\ude21|76\/100\n|\n|upkeep\n|turn|2\n|\n|t:|1698544479\n|move|p1a: \ud83d\ude21|Reflect|p1a: \ud83d\ude21\n|-sidestart|p1: faraodomangue|Reflect\n|move|p2a: Skarmory|Swords Dance|p2a: Skarmory\n|-boost|p2a: Skarmory|atk|2\n|\n|upkeep\n|turn|3\n|\n|t:|1698544486\n|move|p1a: \ud83d\ude21|Light Screen|p1a: \ud83d\ude21\n|-sidestart|p1: faraodomangue|move: Light Screen\n|move|p2a: Skarmory|Drill Peck|p1a: \ud83d\ude21\n|-damage|p1a: \ud83d\ude21|53\/100\n|\n|upkeep\n|turn|4\n|\n|t:|1698544491\n|move|p1a: \ud83d\ude21|Parting Shot|p2a: Skarmory\n|-unboost|p2a: Skarmory|atk|1\n|-unboost|p2a: Skarmory|spa|1\n|\n|t:|1698544495\n|switch|p1a: \ud83d\ude20|Landorus-Therian, M|100\/100|[from] Parting Shot\n|-ability|p1a: \ud83d\ude20|Intimidate|boost\n|-unboost|p2a: Skarmory|atk|1\n|move|p2a: Skarmory|Swords Dance|p2a: Skarmory\n|-boost|p2a: Skarmory|atk|2\n|\n|upkeep\n|turn|5\n|\n|t:|1698544504\n|move|p1a: \ud83d\ude20|Stealth Rock|p2a: Skarmory\n|-sidestart|p2: Angel Karma|move: Stealth Rock\n|cant|p2a: Skarmory|par\n|\n|upkeep\n|turn|6\n|\n|t:|1698544510\n|move|p1a: \ud83d\ude20|U-turn|p2a: Skarmory\n|-resisted|p2a: Skarmory\n|-damage|p2a: Skarmory|95\/100 par\n|-ability|p2a: Skarmory|Weak Armor|boost\n|-unboost|p2a: Skarmory|def|1\n|-boost|p2a: Skarmory|spe|2\n|\n|t:|1698544516\n|switch|p1a: \ud83d\ude03|Mewtwo|100\/100|[from] U-turn\n|-ability|p1a: \ud83d\ude03|Pressure\n|move|p2a: Skarmory|Defog|p1a: \ud83d\ude03\n|-unboost|p1a: \ud83d\ude03|evasion|1\n|-sideend|p1: faraodomangue|Reflect\n|-sideend|p1: faraodomangue|move: Light Screen\n|-sideend|p2: Angel Karma|Stealth Rock|[from] move: Defog|[of] p2a: Skarmory\n|\n|upkeep\n|turn|7\n|\n|t:|1698544526\n|detailschange|p1a: \ud83d\ude03|Mewtwo-Mega-Y\n|-mega|p1a: \ud83d\ude03|Mewtwo|Mewtwonite Y\n|move|p1a: \ud83d\ude03|Flamethrower|p2a: Skarmory\n|-supereffective|p2a: Skarmory\n|-damage|p2a: Skarmory|0 fnt\n|faint|p2a: Skarmory\n|\n|upkeep\n|\n|t:|1698544534\n|switch|p2a: Yveltal|Yveltal|100\/100\n|-ability|p2a: Yveltal|Dark Aura\n|turn|8\n|\n|t:|1698544543\n|switch|p1a: \ud83d\ude0d|Pyukumuku, M|100\/100\n|-terastallize|p2a: Yveltal|Dark\n|move|p2a: Yveltal|Dark Pulse|p1a: \ud83d\ude0d\n|-damage|p1a: \ud83d\ude0d|32\/100\n|\n|-heal|p1a: \ud83d\ude0d|38\/100|[from] item: Leftovers\n|upkeep\n|turn|9\n|\n|t:|1698544553\n|move|p1a: \ud83d\ude0d|Protect|p1a: \ud83d\ude0d\n|-singleturn|p1a: \ud83d\ude0d|Protect\n|move|p2a: Yveltal|Dark Pulse|p1a: \ud83d\ude0d\n|-activate|p1a: \ud83d\ude0d|move: Protect\n|\n|-heal|p1a: \ud83d\ude0d|44\/100|[from] item: Leftovers\n|upkeep\n|turn|10\n|\n|t:|1698544562\n|move|p2a: Yveltal|Dark Pulse|p1a: \ud83d\ude0d\n|-damage|p1a: \ud83d\ude0d|0 fnt\n|faint|p1a: \ud83d\ude0d\n|\n|upkeep\n|\n|t:|1698544572\n|switch|p1a: \ud83d\ude21|Grimmsnarl, M, shiny|53\/100\n|turn|11\n|\n|t:|1698544579\n|switch|p2a: Groudon|Groudon, shiny|100\/100\n|detailschange|p2a: Groudon|Groudon-Primal, shiny\n|-primal|p2a: Groudon|Red Orb\n|-weather|DesolateLand|[from] ability: Desolate Land|[of] p2a: Groudon\n|move|p1a: \ud83d\ude21|Thunder Wave|p2a: Groudon\n|-immune|p2a: Groudon\n|\n|-weather|DesolateLand|[upkeep]\n|upkeep\n|turn|12\n|\n|t:|1698544605\n|move|p1a: \ud83d\ude21|Reflect|p1a: \ud83d\ude21\n|-sidestart|p1: faraodomangue|Reflect\n|move|p2a: Groudon|Rock Polish|p2a: Groudon\n|-boost|p2a: Groudon|spe|2\n|\n|-weather|DesolateLand|[upkeep]\n|upkeep\n|turn|13\n|\n|t:|1698544620\n|move|p1a: \ud83d\ude21|Light Screen|p1a: \ud83d\ude21\n|-sidestart|p1: faraodomangue|move: Light Screen\n|move|p2a: Groudon|Swords Dance|p2a: Groudon\n|-boost|p2a: Groudon|atk|2\n|\n|-weather|DesolateLand|[upkeep]\n|upkeep\n|turn|14\n|\n|t:|1698544626\n|move|p1a: \ud83d\ude21|Parting Shot|p2a: Groudon\n|-unboost|p2a: Groudon|atk|1\n|-unboost|p2a: Groudon|spa|1\n|\n|t:|1698544629\n|switch|p1a: \ud83d\ude20|Landorus-Therian, M|100\/100|[from] Parting Shot\n|-ability|p1a: \ud83d\ude20|Intimidate|boost\n|-unboost|p2a: Groudon|atk|1\n|move|p2a: Groudon|Swords Dance|p2a: Groudon\n|-boost|p2a: Groudon|atk|2\n|\n|-weather|DesolateLand|[upkeep]\n|upkeep\n|turn|15\n|\n|t:|1698544639\n|move|p2a: Groudon|Heat Crash|p1a: \ud83d\ude20\n|-damage|p1a: \ud83d\ude20|0 fnt\n|-damage|p2a: Groudon|84\/100|[from] item: Rocky Helmet|[of] p1a: \ud83d\ude20\n|faint|p1a: \ud83d\ude20\n|\n|-weather|DesolateLand|[upkeep]\n|upkeep\n|\n|t:|1698544670\n|switch|p1a: \ud83d\ude07|Arceus|100\/100\n|turn|16\n|\n|t:|1698544676\n|move|p2a: Groudon|Heat Crash|p1a: \ud83d\ude07\n|-damage|p1a: \ud83d\ude07|33\/100\n|move|p1a: \ud83d\ude07|Earthquake|p2a: Groudon\n|-supereffective|p2a: Groudon\n|-damage|p2a: Groudon|28\/100\n|-damage|p1a: \ud83d\ude07|23\/100|[from] item: Life Orb\n|\n|-weather|DesolateLand|[upkeep]\n|upkeep\n|turn|17\n|\n|t:|1698544685\n|-weather|none\n|switch|p2a: Flutter Mane|Flutter Mane|100\/100\n|-terastallize|p1a: \ud83d\ude07|Normal\n|move|p1a: \ud83d\ude07|Extreme Speed|p2a: Flutter Mane\n|-immune|p2a: Flutter Mane\n|\n|upkeep\n|turn|18\n|\n|t:|1698544696\n|move|p2a: Flutter Mane|Moonblast|p1a: \ud83d\ude07\n|-damage|p1a: \ud83d\ude07|3\/100\n|-unboost|p1a: \ud83d\ude07|spa|1\n|move|p1a: \ud83d\ude07|Earthquake|p2a: Flutter Mane\n|-damage|p2a: Flutter Mane|3\/100\n|-damage|p1a: \ud83d\ude07|0 fnt|[from] item: Life Orb\n|faint|p1a: \ud83d\ude07\n|\n|upkeep\n|\n|t:|1698544701\n|switch|p1a: \ud83d\ude21|Grimmsnarl, M, shiny|53\/100\n|turn|19\n|\n|t:|1698544715\n|move|p1a: \ud83d\ude21|Thunder Wave|p2a: Flutter Mane\n|-status|p2a: Flutter Mane|par\n|move|p2a: Flutter Mane|Thunder Wave|p1a: \ud83d\ude21\n|-status|p1a: \ud83d\ude21|par\n|\n|-sideend|p1: faraodomangue|Reflect\n|upkeep\n|turn|20\n|\n|t:|1698544738\n|move|p1a: \ud83d\ude21|Parting Shot|p2a: Flutter Mane\n|-unboost|p2a: Flutter Mane|atk|1\n|-unboost|p2a: Flutter Mane|spa|1\n|\n|t:|1698544742\n|switch|p1a: \ud83d\ude03|Mewtwo-Mega-Y|100\/100|[from] Parting Shot\n|cant|p2a: Flutter Mane|par\n|\n|-sideend|p1: faraodomangue|move: Light Screen\n|upkeep\n|turn|21\n|\n|t:|1698544750\n|move|p1a: \ud83d\ude03|Nasty Plot|p1a: \ud83d\ude03\n|-boost|p1a: \ud83d\ude03|spa|2\n|move|p2a: Flutter Mane|Thunder Wave|p1a: \ud83d\ude03\n|-status|p1a: \ud83d\ude03|par\n|\n|upkeep\n|turn|22\n|\n|t:|1698544757\n|move|p1a: \ud83d\ude03|Ice Beam|p2a: Flutter Mane\n|-damage|p2a: Flutter Mane|0 fnt\n|faint|p2a: Flutter Mane\n|-end|p2a: Flutter Mane|Protosynthesis|[silent]\n|\n|upkeep\n|\n|t:|1698544763\n|switch|p2a: Haxorus|Haxorus, F|100\/100\n|-ability|p2a: Haxorus|Mold Breaker\n|turn|23\n|\n|t:|1698544773\n|move|p2a: Haxorus|Iron Head|p1a: \ud83d\ude03\n|-damage|p1a: \ud83d\ude03|63\/100 par\n|move|p1a: \ud83d\ude03|Ice Beam|p2a: Haxorus\n|-supereffective|p2a: Haxorus\n|-damage|p2a: Haxorus|0 fnt\n|faint|p2a: Haxorus\n|\n|upkeep\n|\n|t:|1698544783\n|switch|p2a: Lucario|Lucario, M, shiny|100\/100\n|turn|24\n|\n|t:|1698544788\n|detailschange|p2a: Lucario|Lucario-Mega, M, shiny\n|-mega|p2a: Lucario|Lucario|Lucarionite\n|move|p2a: Lucario|Stone Edge|p1a: \ud83d\ude03|[miss]\n|-miss|p2a: Lucario|p1a: \ud83d\ude03\n|move|p1a: \ud83d\ude03|Psystrike|p2a: Lucario\n|-damage|p2a: Lucario|0 fnt\n|faint|p2a: Lucario\n|\n|upkeep\n|\n|t:|1698544799\n|switch|p2a: Yveltal|Yveltal, tera:Dark|100\/100\n|-ability|p2a: Yveltal|Dark Aura\n|turn|25\n|\n|t:|1698544805\n|switch|p1a: \ud83d\ude0f|Zapdos-Galar, shiny|100\/100\n|move|p2a: Yveltal|Oblivion Wing|p1a: \ud83d\ude0f\n|-supereffective|p1a: \ud83d\ude0f\n|-damage|p1a: \ud83d\ude0f|0 fnt\n|faint|p1a: \ud83d\ude0f\n|\n|upkeep\n|\n|t:|1698544808\n|switch|p1a: \ud83d\ude21|Grimmsnarl, M, shiny|53\/100 par\n|turn|26\n|\n|t:|1698544817\n|switch|p2a: Groudon|Groudon-Primal, shiny|28\/100\n|-weather|DesolateLand|[from] ability: Desolate Land|[of] p2a: Groudon\n|cant|p1a: \ud83d\ude21|par\n|\n|-weather|DesolateLand|[upkeep]\n|upkeep\n|turn|27\n|\n|t:|1698544825\n|move|p1a: \ud83d\ude21|Light Screen|p1a: \ud83d\ude21\n|-sidestart|p1: faraodomangue|move: Light Screen\n|move|p2a: Groudon|Rock Polish|p2a: Groudon\n|-boost|p2a: Groudon|spe|2\n|\n|-weather|DesolateLand|[upkeep]\n|upkeep\n|turn|28\n|\n|t:|1698544830\n|move|p1a: \ud83d\ude21|Reflect|p1a: \ud83d\ude21\n|-sidestart|p1: faraodomangue|Reflect\n|move|p2a: Groudon|Swords Dance|p2a: Groudon\n|-boost|p2a: Groudon|atk|2\n|\n|-weather|DesolateLand|[upkeep]\n|upkeep\n|turn|29\n|\n|t:|1698544842\n|move|p1a: \ud83d\ude21|Parting Shot|p2a: Groudon\n|-unboost|p2a: Groudon|atk|1\n|-unboost|p2a: Groudon|spa|1\n|\n|t:|1698544845\n|switch|p1a: \ud83d\ude03|Mewtwo-Mega-Y|63\/100 par|[from] Parting Shot\n|move|p2a: Groudon|Heat Crash|p1a: \ud83d\ude03\n|-damage|p1a: \ud83d\ude03|0 fnt\n|faint|p1a: \ud83d\ude03\n|\n|-weather|DesolateLand|[upkeep]\n|upkeep\n|\n|t:|1698544847\n|switch|p1a: \ud83d\ude21|Grimmsnarl, M, shiny|53\/100 par\n|turn|30\n|-message|faraodomangue forfeited.\n|\n|win|Angel Karma\n|raw|faraodomangue's rating: 1419 &rarr; <strong>1399<\/strong><br \/>(-20 for losing)\n|raw|Angel Karma's rating: 1421 &rarr; <strong>1441<\/strong><br \/>(+20 for winning)\n|l|\u2606faraodomangue\n","uploadtime":1698544860,"views":6,"p1id":"faraodomangue","p2id":"angelkarma","formatid":"gen9nationaldexubers","rating":1399,"private":0,"password":""}