{"id":"gen9nationaldexubers-1995908177","p1":"Aurinkopoetry","p2":"blujaystorm","format":"[Gen 9] National Dex Ubers","log":"|j|\u2606Aurinkopoetry\n|j|\u2606blujaystorm\n|t:|1700616153\n|gametype|singles\n|player|p1|Aurinkopoetry|swimmer|\n|player|p2|blujaystorm|psychic-gen4|\n|teamsize|p1|6\n|teamsize|p2|6\n|gen|9\n|tier|[Gen 9] National Dex Ubers\n|rule|HP Percentage Mod: HP is shown in percentages\n|rule|Endless Battle Clause: Forcing endless battles is banned\n|rule|OHKO Clause: OHKO moves are banned\n|rule|Evasion Moves Clause: Evasion moves are banned\n|rule|Evasion Items Clause: Evasion items are banned\n|rule|Species Clause: Limit one of each Pok\u00e9mon\n|rule|Sleep Clause Mod: Limit one foe put to sleep\n|rule|Mega Rayquaza Clause: You cannot mega evolve Rayquaza\n|clearpoke\n|poke|p1|Liepard, F|\n|poke|p1|Breloom, F|\n|poke|p1|Indeedee-F, F|\n|poke|p1|Great Tusk|\n|poke|p1|Dusclops, F|\n|poke|p1|Ambipom, F|\n|poke|p2|Banette, M|\n|poke|p2|Houndoom, M|\n|poke|p2|Gastrodon, F|\n|poke|p2|Mimikyu, F|\n|poke|p2|Empoleon, M|\n|poke|p2|Glimmora, F|\n|teampreview\n|\n|t:|1700616178\n|start\n|switch|p1a: Povlegia|Dusclops, F, shiny|100\/100\n|switch|p2a: Goodboy II|Houndoom, M|100\/100\n|-ability|p1a: Povlegia|Pressure\n|turn|1\n|\n|t:|1700616193\n|move|p2a: Goodboy II|Crunch|p1a: Povlegia\n|-supereffective|p1a: Povlegia\n|-damage|p1a: Povlegia|5\/100\n|move|p1a: Povlegia|Earthquake|p2a: Goodboy II\n|-supereffective|p2a: Goodboy II\n|-damage|p2a: Goodboy II|13\/100\n|\n|-heal|p1a: Povlegia|11\/100|[from] item: Leftovers\n|upkeep\n|turn|2\n|\n|t:|1700616203\n|move|p1a: Povlegia|Sucker Punch|p2a: Goodboy II\n|-resisted|p2a: Goodboy II\n|-damage|p2a: Goodboy II|0 fnt\n|faint|p2a: Goodboy II\n|\n|-heal|p1a: Povlegia|17\/100|[from] item: Leftovers\n|upkeep\n|\n|t:|1700616224\n|switch|p2a: OoooooBlooooob|Gastrodon, F|100\/100\n|turn|3\n|\n|t:|1700616234\n|move|p2a: OoooooBlooooob|Earth Power|p1a: Povlegia\n|-damage|p1a: Povlegia|0 fnt\n|faint|p1a: Povlegia\n|\n|upkeep\n|\n|t:|1700616239\n|switch|p1a: Gruinard|Breloom, F|100\/100\n|turn|4\n|\n|t:|1700616255\n|switch|p2a: Inky|Mimikyu, F|100\/100\n|move|p1a: Gruinard|Swords Dance|p1a: Gruinard\n|-boost|p1a: Gruinard|atk|2\n|\n|upkeep\n|turn|5\n|\n|t:|1700616270\n|move|p1a: Gruinard|Leech Seed|p2a: Inky\n|-start|p2a: Inky|move: Leech Seed\n|move|p2a: Inky|Will-O-Wisp|p1a: Gruinard\n|-status|p1a: Gruinard|brn\n|\n|-damage|p2a: Inky|88\/100|[from] Leech Seed|[of] p1a: Gruinard\n|-damage|p1a: Gruinard|94\/100 brn|[from] brn\n|upkeep\n|turn|6\n|\n|t:|1700616280\n|move|p1a: Gruinard|Seed Bomb|p2a: Inky\n|-activate|p2a: Inky|ability: Disguise\n|-damage|p2a: Inky|88\/100\n|detailschange|p2a: Inky|Mimikyu-Busted, F\n|-damage|p2a: Inky|76\/100|[from] pokemon: Mimikyu-Busted\n|move|p2a: Inky|Trick Room|p2a: Inky\n|-fieldstart|move: Trick Room|[of] p2a: Inky\n|\n|-damage|p2a: Inky|63\/100|[from] Leech Seed|[of] p1a: Gruinard\n|-heal|p1a: Gruinard|100\/100 brn|[silent]\n|-damage|p1a: Gruinard|94\/100 brn|[from] brn\n|upkeep\n|turn|7\n|\n|t:|1700616316\n|switch|p1a: Capri|Indeedee-F, F|100\/100\n|move|p2a: Inky|Dazzling Gleam|p1a: Capri\n|-damage|p1a: Capri|62\/100\n|-damage|p2a: Inky|53\/100|[from] item: Life Orb\n|\n|-damage|p2a: Inky|41\/100|[from] Leech Seed|[of] p1a: Capri\n|-heal|p1a: Capri|76\/100|[silent]\n|upkeep\n|turn|8\n|\n|t:|1700616345\n|move|p2a: Inky|Will-O-Wisp|p1a: Capri\n|-status|p1a: Capri|brn\n|move|p1a: Capri|Expanding Force|p2a: Inky\n|-damage|p2a: Inky|7\/100\n|\n|-damage|p2a: Inky|0 fnt|[from] Leech Seed|[of] p1a: Capri\n|-heal|p1a: Capri|82\/100 brn|[silent]\n|faint|p2a: Inky\n|-damage|p1a: Capri|76\/100 brn|[from] brn\n|upkeep\n|\n|t:|1700616356\n|switch|p2a: Clyde|Banette, M|100\/100\n|turn|9\n|\n|t:|1700616359\n|move|p2a: Clyde|Hex|p1a: Capri\n|-immune|p1a: Capri\n|move|p1a: Capri|Shadow Ball|p2a: Clyde\n|-supereffective|p2a: Clyde\n|-damage|p2a: Clyde|59\/100\n|-unboost|p2a: Clyde|spd|1\n|\n|-heal|p2a: Clyde|65\/100|[from] item: Leftovers\n|-damage|p1a: Capri|70\/100 brn|[from] brn\n|upkeep\n|turn|10\n|\n|t:|1700616374\n|move|p2a: Clyde|Knock Off|p1a: Capri\n|-supereffective|p1a: Capri\n|-damage|p1a: Capri|12\/100 brn\n|-enditem|p1a: Capri|Psychic Seed|[from] move: Knock Off|[of] p2a: Clyde\n|move|p1a: Capri|Aromatherapy|p1a: Capri\n|-activate|p1a: Capri|move: Aromatherapy\n|-curestatus|p1a: Capri|brn|[msg]\n|-curestatus|p1: Gruinard|brn|[msg]\n|\n|-heal|p2a: Clyde|71\/100|[from] item: Leftovers\n|-fieldend|move: Trick Room\n|upkeep\n|turn|11\n|\n|t:|1700616392\n|switch|p2a: OoooooBlooooob|Gastrodon, F|100\/100\n|move|p1a: Capri|Mystical Fire|p2a: OoooooBlooooob\n|-resisted|p2a: OoooooBlooooob\n|-damage|p2a: OoooooBlooooob|93\/100\n|-unboost|p2a: OoooooBlooooob|spa|1\n|\n|-heal|p2a: OoooooBlooooob|99\/100|[from] item: Leftovers\n|upkeep\n|turn|12\n|\n|t:|1700616415\n|switch|p1a: Gruinard|Breloom, F|94\/100\n|move|p2a: OoooooBlooooob|Sludge Bomb|p1a: Gruinard\n|-supereffective|p1a: Gruinard\n|-damage|p1a: Gruinard|42\/100\n|-status|p1a: Gruinard|psn\n|\n|-heal|p2a: OoooooBlooooob|100\/100|[from] item: Leftovers\n|-heal|p1a: Gruinard|55\/100 psn|[from] ability: Poison Heal\n|upkeep\n|turn|13\n|\n|t:|1700616433\n|move|p1a: Gruinard|Leech Seed|p2a: OoooooBlooooob\n|-start|p2a: OoooooBlooooob|move: Leech Seed\n|move|p2a: OoooooBlooooob|Ice Beam|p1a: Gruinard\n|-supereffective|p1a: Gruinard\n|-crit|p1a: Gruinard\n|-damage|p1a: Gruinard|0 fnt\n|faint|p1a: Gruinard\n|\n|upkeep\n|\n|t:|1700616444\n|switch|p1a: Ibiza|Ambipom, F|100\/100\n|turn|14\n|\n|t:|1700616454\n|switch|p2a: Clyde|Banette, M|71\/100\n|move|p1a: Ibiza|Fake Out|p2a: Clyde\n|-immune|p2a: Clyde\n|\n|-heal|p2a: Clyde|77\/100|[from] item: Leftovers\n|upkeep\n|turn|15\n|\n|t:|1700616466\n|move|p1a: Ibiza|Knock Off|p2a: Clyde\n|-supereffective|p2a: Clyde\n|-damage|p2a: Clyde|0 fnt\n|-enditem|p2a: Clyde|Leftovers|[from] move: Knock Off|[of] p1a: Ibiza\n|faint|p2a: Clyde\n|\n|upkeep\n|\n|t:|1700616481\n|switch|p2a: Bella Donna|Glimmora, F|100\/100\n|turn|16\n|\n|t:|1700616501\n|switch|p1a: Ao|Liepard, F|100\/100\n|move|p2a: Bella Donna|Toxic|p1a: Ao\n|-status|p1a: Ao|tox\n|\n|-damage|p1a: Ao|95\/100 tox|[from] psn\n|upkeep\n|turn|17\n|\n|t:|1700616518\n|move|p1a: Ao|Knock Off|p2a: Bella Donna\n|-damage|p2a: Bella Donna|77\/100\n|-enditem|p2a: Bella Donna|Leftovers|[from] move: Knock Off|[of] p1a: Ao\n|move|p2a: Bella Donna|Venoshock|p1a: Ao\n|-damage|p1a: Ao|9\/100 tox\n|\n|-damage|p1a: Ao|0 fnt|[from] psn\n|faint|p1a: Ao\n|upkeep\n|\n|t:|1700616527\n|switch|p1a: Ibiza|Ambipom, F|100\/100\n|turn|18\n|\n|t:|1700616532\n|move|p1a: Ibiza|Fake Out|p2a: Bella Donna\n|-enditem|p1a: Ibiza|Normal Gem|[from] gem\n|-resisted|p2a: Bella Donna\n|-damage|p2a: Bella Donna|69\/100\n|cant|p2a: Bella Donna|flinch\n|\n|upkeep\n|turn|19\n|\n|t:|1700616548\n|move|p1a: Ibiza|Power-Up Punch|p2a: Bella Donna\n|-damage|p2a: Bella Donna|61\/100\n|-boost|p1a: Ibiza|atk|1\n|move|p2a: Bella Donna|Toxic|p1a: Ibiza\n|-status|p1a: Ibiza|tox\n|\n|-damage|p1a: Ibiza|94\/100 tox|[from] psn\n|upkeep\n|turn|20\n|\n|t:|1700616557\n|move|p1a: Ibiza|Acrobatics|p2a: Bella Donna\n|-resisted|p2a: Bella Donna\n|-damage|p2a: Bella Donna|45\/100\n|move|p2a: Bella Donna|Venoshock|p1a: Ibiza\n|-damage|p1a: Ibiza|25\/100 tox\n|\n|-damage|p1a: Ibiza|13\/100 tox|[from] psn\n|upkeep\n|turn|21\n|\n|t:|1700616567\n|move|p1a: Ibiza|Knock Off|p2a: Bella Donna\n|-damage|p2a: Bella Donna|26\/100\n|move|p2a: Bella Donna|Venoshock|p1a: Ibiza\n|-damage|p1a: Ibiza|0 fnt\n|faint|p1a: Ibiza\n|\n|upkeep\n|\n|t:|1700616575\n|switch|p1a: Seychelles|Great Tusk|100\/100\n|turn|22\n|\n|t:|1700616579\n|move|p1a: Seychelles|Headlong Rush|p2a: Bella Donna\n|-supereffective|p2a: Bella Donna\n|-damage|p2a: Bella Donna|0 fnt\n|-unboost|p1a: Seychelles|def|1\n|-unboost|p1a: Seychelles|spd|1\n|faint|p2a: Bella Donna\n|\n|upkeep\n|\n|t:|1700616587\n|switch|p2a: OoooooBlooooob|Gastrodon, F|100\/100\n|turn|23\n|\n|t:|1700616601\n|move|p1a: Seychelles|Headlong Rush|p2a: OoooooBlooooob\n|-damage|p2a: OoooooBlooooob|36\/100\n|-unboost|p1a: Seychelles|def|1\n|-unboost|p1a: Seychelles|spd|1\n|move|p2a: OoooooBlooooob|Ice Beam|p1a: Seychelles\n|-supereffective|p1a: Seychelles\n|-damage|p1a: Seychelles|0 fnt\n|faint|p1a: Seychelles\n|-end|p1a: Seychelles|Protosynthesis|[silent]\n|\n|-heal|p2a: OoooooBlooooob|42\/100|[from] item: Leftovers\n|upkeep\n|\n|t:|1700616611\n|switch|p1a: Capri|Indeedee-F, F|12\/100\n|turn|24\n|\n|t:|1700616621\n|move|p1a: Capri|Shadow Ball|p2a: OoooooBlooooob\n|-damage|p2a: OoooooBlooooob|25\/100\n|move|p2a: OoooooBlooooob|Recover|p2a: OoooooBlooooob\n|-heal|p2a: OoooooBlooooob|75\/100\n|\n|-heal|p2a: OoooooBlooooob|81\/100|[from] item: Leftovers\n|upkeep\n|turn|25\n|\n|t:|1700616634\n|move|p1a: Capri|Expanding Force|p2a: OoooooBlooooob\n|-damage|p2a: OoooooBlooooob|54\/100\n|move|p2a: OoooooBlooooob|Sludge Bomb|p1a: Capri\n|-damage|p1a: Capri|0 fnt\n|faint|p1a: Capri\n|\n|win|blujaystorm\n|c|\u2606Aurinkopoetry|GG man\n|c|\u2606blujaystorm|gg!\n|c|\u2606blujaystorm|I will post\n|c|\u2606Aurinkopoetry|okie dokei\n","uploadtime":1700616653,"views":33,"p1id":"aurinkopoetry","p2id":"blujaystorm","formatid":"gen9nationaldexubers","rating":0,"private":0,"password":""}