{"id":"gen9nationaldexubers-1999427950","p1":"Kazeshini95","p2":"Th3Soci3ty","format":"[Gen 9] National Dex Ubers","log":"|j|\u2606Kazeshini95\n|j|\u2606Th3Soci3ty\n|t:|1701078819\n|gametype|singles\n|player|p1|Kazeshini95|cynthia-gen4|1080\n|player|p2|Th3Soci3ty|zinzolin|1096\n|teamsize|p1|6\n|teamsize|p2|6\n|gen|9\n|tier|[Gen 9] National Dex Ubers\n|rated|\n|rule|HP Percentage Mod: HP is shown in percentages\n|rule|Endless Battle Clause: Forcing endless battles is banned\n|rule|OHKO Clause: OHKO moves are banned\n|rule|Evasion Moves Clause: Evasion moves are banned\n|rule|Evasion Items Clause: Evasion items are banned\n|rule|Species Clause: Limit one of each Pok\u00e9mon\n|rule|Sleep Clause Mod: Limit one foe put to sleep\n|rule|Mega Rayquaza Clause: You cannot mega evolve Rayquaza\n|clearpoke\n|poke|p1|Ninetales-Alola, M|\n|poke|p1|Glaceon, F|\n|poke|p1|Abomasnow, M|\n|poke|p1|Kyurem-Black|\n|poke|p1|Calyrex-Ice|\n|poke|p1|Froslass, F|\n|poke|p2|Glimmora, M|\n|poke|p2|Sneasler, M|\n|poke|p2|Dusclops, F|\n|poke|p2|Garganacl, F|\n|poke|p2|Noivern, F|\n|poke|p2|Mamoswine, F|\n|teampreview\n|\n|t:|1701078827\n|start\n|switch|p1a: Froslass|Froslass, F|100\/100\n|switch|p2a: Glimmora|Glimmora, M|100\/100\n|turn|1\n|\n|t:|1701078838\n|move|p1a: Froslass|Taunt|p2a: Glimmora\n|-start|p2a: Glimmora|move: Taunt\n|cant|p2a: Glimmora|move: Taunt|Stealth Rock\n|\n|upkeep\n|turn|2\n|\n|t:|1701078858\n|move|p1a: Froslass|Shadow Ball|p2a: Glimmora\n|-damage|p2a: Glimmora|70\/100\n|move|p2a: Glimmora|Mortal Spin|p1a: Froslass\n|-resisted|p1a: Froslass\n|-damage|p1a: Froslass|96\/100\n|-status|p1a: Froslass|psn\n|\n|-damage|p1a: Froslass|84\/100 psn|[from] psn\n|upkeep\n|turn|3\n|\n|t:|1701078865\n|move|p1a: Froslass|Will-O-Wisp|p2a: Glimmora\n|-status|p2a: Glimmora|brn\n|move|p2a: Glimmora|Mortal Spin|p1a: Froslass\n|-resisted|p1a: Froslass\n|-damage|p1a: Froslass|82\/100 psn\n|\n|-damage|p1a: Froslass|69\/100 psn|[from] psn\n|-damage|p2a: Glimmora|64\/100 brn|[from] brn\n|-end|p2a: Glimmora|move: Taunt\n|upkeep\n|turn|4\n|\n|t:|1701078872\n|move|p1a: Froslass|Taunt|p2a: Glimmora\n|-start|p2a: Glimmora|move: Taunt\n|move|p2a: Glimmora|Earth Power|p1a: Froslass\n|-damage|p1a: Froslass|29\/100 psn\n|\n|-damage|p1a: Froslass|17\/100 psn|[from] psn\n|-damage|p2a: Glimmora|58\/100 brn|[from] brn\n|upkeep\n|turn|5\n|\n|t:|1701078900\n|move|p1a: Froslass|Spikes|p2a: Glimmora\n|-sidestart|p2: Th3Soci3ty|Spikes\n|move|p2a: Glimmora|Earth Power|p1a: Froslass\n|-damage|p1a: Froslass|0 fnt\n|faint|p1a: Froslass\n|\n|-damage|p2a: Glimmora|52\/100 brn|[from] brn\n|upkeep\n|\n|t:|1701078915\n|switch|p1a: Ninetales|Ninetales-Alola, M|100\/100\n|-weather|Snow|[from] ability: Snow Warning|[of] p1a: Ninetales\n|turn|6\n|\n|t:|1701078940\n|move|p1a: Ninetales|Blizzard|p2a: Glimmora\n|-damage|p2a: Glimmora|0 fnt\n|faint|p2a: Glimmora\n|\n|-weather|Snow|[upkeep]\n|upkeep\n|\n|t:|1701078951\n|switch|p2a: Garganacl|Garganacl, F|100\/100\n|-damage|p2a: Garganacl|88\/100|[from] Spikes\n|turn|7\n|\n|t:|1701078958\n|move|p1a: Ninetales|Aurora Veil|p1a: Ninetales\n|-sidestart|p1: Kazeshini95|move: Aurora Veil\n|move|p2a: Garganacl|Salt Cure|p1a: Ninetales\n|-supereffective|p1a: Ninetales\n|-damage|p1a: Ninetales|86\/100\n|-start|p1a: Ninetales|Salt Cure\n|\n|-weather|Snow|[upkeep]\n|-heal|p2a: Garganacl|94\/100|[from] item: Leftovers\n|-damage|p1a: Ninetales|73\/100|[from] Salt Cure\n|upkeep\n|turn|8\n|\n|t:|1701078972\n|move|p1a: Ninetales|Blizzard|p2a: Garganacl\n|-crit|p2a: Garganacl\n|-damage|p2a: Garganacl|35\/100\n|move|p2a: Garganacl|Salt Cure|p1a: Ninetales\n|-supereffective|p1a: Ninetales\n|-damage|p1a: Ninetales|58\/100\n|\n|-weather|Snow|[upkeep]\n|-heal|p2a: Garganacl|41\/100|[from] item: Leftovers\n|-damage|p1a: Ninetales|45\/100|[from] Salt Cure\n|upkeep\n|turn|9\n|\n|t:|1701078978\n|move|p1a: Ninetales|Blizzard|p2a: Garganacl\n|-damage|p2a: Garganacl|5\/100\n|move|p2a: Garganacl|Recover|p2a: Garganacl\n|-heal|p2a: Garganacl|55\/100\n|\n|-weather|Snow|[upkeep]\n|-heal|p2a: Garganacl|61\/100|[from] item: Leftovers\n|-damage|p1a: Ninetales|33\/100|[from] Salt Cure\n|upkeep\n|turn|10\n|\n|t:|1701078991\n|move|p1a: Ninetales|Encore|p2a: Garganacl\n|-start|p2a: Garganacl|Encore\n|move|p2a: Garganacl|Recover|p2a: Garganacl\n|-heal|p2a: Garganacl|100\/100\n|\n|-weather|none\n|-damage|p1a: Ninetales|21\/100|[from] Salt Cure\n|upkeep\n|turn|11\n|\n|t:|1701078999\n|switch|p1a: Abomasnow|Abomasnow, M|100\/100\n|-weather|Snow|[from] ability: Snow Warning|[of] p1a: Abomasnow\n|move|p2a: Garganacl|Recover||[still]\n|-fail|p2a: Garganacl|heal\n|\n|-weather|Snow|[upkeep]\n|upkeep\n|turn|12\n|\n|t:|1701079008\n|switch|p2a: Dusclops|Dusclops, F|100\/100\n|-damage|p2a: Dusclops|88\/100|[from] Spikes\n|-ability|p2a: Dusclops|Pressure\n|detailschange|p1a: Abomasnow|Abomasnow-Mega, M\n|-mega|p1a: Abomasnow|Abomasnow|Abomasite\n|move|p1a: Abomasnow|Swords Dance|p1a: Abomasnow\n|-boost|p1a: Abomasnow|atk|2\n|\n|-weather|Snow|[upkeep]\n|upkeep\n|turn|13\n|\n|t:|1701079016\n|move|p1a: Abomasnow|Wood Hammer|p2a: Dusclops\n|-crit|p2a: Dusclops\n|-damage|p2a: Dusclops|0 fnt\n|faint|p2a: Dusclops\n|-damage|p1a: Abomasnow|79\/100|[from] Recoil\n|\n|-weather|Snow|[upkeep]\n|upkeep\n|\n|t:|1701079029\n|switch|p2a: Mamoswine|Mamoswine, F|100\/100\n|-damage|p2a: Mamoswine|88\/100|[from] Spikes\n|turn|14\n|\n|t:|1701079034\n|move|p1a: Abomasnow|Ice Shard|p2a: Mamoswine\n|-damage|p2a: Mamoswine|74\/100\n|move|p2a: Mamoswine|Iron Head|p1a: Abomasnow\n|-supereffective|p1a: Abomasnow\n|-damage|p1a: Abomasnow|57\/100\n|-damage|p2a: Mamoswine|64\/100|[from] item: Life Orb\n|\n|-weather|Snow|[upkeep]\n|-sideend|p1: Kazeshini95|move: Aurora Veil\n|upkeep\n|turn|15\n|\n|t:|1701079039\n|move|p2a: Mamoswine|Iron Head|p1a: Abomasnow\n|-supereffective|p1a: Abomasnow\n|-damage|p1a: Abomasnow|16\/100\n|-damage|p2a: Mamoswine|54\/100|[from] item: Life Orb\n|move|p1a: Abomasnow|Wood Hammer|p2a: Mamoswine\n|-supereffective|p2a: Mamoswine\n|-damage|p2a: Mamoswine|0 fnt\n|faint|p2a: Mamoswine\n|-damage|p1a: Abomasnow|0 fnt|[from] Recoil\n|faint|p1a: Abomasnow\n|\n|-weather|none\n|upkeep\n|\n|t:|1701079050\n|switch|p2a: Garganacl|Garganacl, F|100\/100\n|switch|p1a: Ninetales|Ninetales-Alola, M|21\/100\n|-weather|Snow|[from] ability: Snow Warning|[of] p1a: Ninetales\n|-damage|p2a: Garganacl|88\/100|[from] Spikes\n|turn|16\n|\n|t:|1701079058\n|move|p1a: Ninetales|Aurora Veil|p1a: Ninetales\n|-sidestart|p1: Kazeshini95|move: Aurora Veil\n|move|p2a: Garganacl|Salt Cure|p1a: Ninetales\n|-supereffective|p1a: Ninetales\n|-damage|p1a: Ninetales|6\/100\n|-start|p1a: Ninetales|Salt Cure\n|\n|-weather|Snow|[upkeep]\n|-heal|p2a: Garganacl|94\/100|[from] item: Leftovers\n|-damage|p1a: Ninetales|0 fnt|[from] Salt Cure\n|faint|p1a: Ninetales\n|upkeep\n|\n|t:|1701079066\n|switch|p1a: Calyrex|Calyrex-Ice|100\/100\n|-ability|p1a: Calyrex|As One\n|-ability|p1a: Calyrex|Unnerve\n|turn|17\n|\n|t:|1701079082\n|move|p2a: Garganacl|Salt Cure|p1a: Calyrex\n|-supereffective|p1a: Calyrex\n|-damage|p1a: Calyrex|95\/100\n|-start|p1a: Calyrex|Salt Cure\n|-enditem|p1a: Calyrex|Weakness Policy\n|-boost|p1a: Calyrex|atk|2|[from] item: Weakness Policy\n|-boost|p1a: Calyrex|spa|2|[from] item: Weakness Policy\n|move|p1a: Calyrex|Glacial Lance|p2a: Garganacl\n|-damage|p2a: Garganacl|15\/100\n|\n|-weather|Snow|[upkeep]\n|-heal|p2a: Garganacl|21\/100|[from] item: Leftovers\n|-damage|p1a: Calyrex|83\/100|[from] Salt Cure\n|upkeep\n|turn|18\n|\n|t:|1701079097\n|move|p2a: Garganacl|Body Press|p1a: Calyrex\n|-damage|p1a: Calyrex|77\/100\n|move|p1a: Calyrex|Trick Room|p1a: Calyrex\n|-fieldstart|move: Trick Room|[of] p1a: Calyrex\n|\n|-weather|Snow|[upkeep]\n|-heal|p2a: Garganacl|27\/100|[from] item: Leftovers\n|-damage|p1a: Calyrex|65\/100|[from] Salt Cure\n|upkeep\n|turn|19\n|\n|t:|1701079105\n|move|p1a: Calyrex|Glacial Lance|p2a: Garganacl\n|-damage|p2a: Garganacl|0 fnt\n|faint|p2a: Garganacl\n|-ability|p1a: Calyrex|Chilling Neigh|boost\n|-boost|p1a: Calyrex|atk|1\n|\n|-weather|Snow|[upkeep]\n|-damage|p1a: Calyrex|53\/100|[from] Salt Cure\n|upkeep\n|\n|t:|1701079110\n|switch|p2a: Sneasler|Sneasler, M|100\/100\n|-damage|p2a: Sneasler|88\/100|[from] Spikes\n|turn|20\n|\n|t:|1701079130\n|-terastallize|p1a: Calyrex|Fire\n|move|p2a: Sneasler|Fake Out|p1a: Calyrex\n|-damage|p1a: Calyrex|49\/100\n|cant|p1a: Calyrex|flinch\n|\n|-weather|none\n|-damage|p1a: Calyrex|36\/100|[from] Salt Cure\n|upkeep\n|turn|21\n|\n|t:|1701079141\n|switch|p2a: Noivern|Noivern, F|100\/100\n|move|p1a: Calyrex|Tera Blast|p2a: Noivern|[anim] Tera Blast Fire\n|-resisted|p2a: Noivern\n|-damage|p2a: Noivern|26\/100\n|\n|-damage|p1a: Calyrex|24\/100|[from] Salt Cure\n|upkeep\n|turn|22\n|\n|t:|1701079151\n|move|p1a: Calyrex|Tera Blast|p2a: Noivern|[anim] Tera Blast Fire\n|-resisted|p2a: Noivern\n|-damage|p2a: Noivern|0 fnt\n|faint|p2a: Noivern\n|-ability|p1a: Calyrex|Chilling Neigh|boost\n|-boost|p1a: Calyrex|atk|1\n|\n|-damage|p1a: Calyrex|11\/100|[from] Salt Cure\n|-fieldend|move: Trick Room\n|upkeep\n|\n|t:|1701079155\n|switch|p2a: Sneasler|Sneasler, M|88\/100\n|-damage|p2a: Sneasler|76\/100|[from] Spikes\n|turn|23\n|\n|t:|1701079160\n|move|p2a: Sneasler|Fake Out|p1a: Calyrex\n|-damage|p1a: Calyrex|7\/100\n|cant|p1a: Calyrex|flinch\n|\n|-damage|p1a: Calyrex|0 fnt|[from] Salt Cure\n|faint|p1a: Calyrex\n|-sideend|p1: Kazeshini95|move: Aurora Veil\n|upkeep\n|\n|t:|1701079174\n|switch|p1a: Glaceon|Glaceon, F|100\/100\n|turn|24\n|\n|t:|1701079178\n|move|p2a: Sneasler|Close Combat|p1a: Glaceon\n|-supereffective|p1a: Glaceon\n|-damage|p1a: Glaceon|0 fnt\n|-unboost|p2a: Sneasler|def|1\n|-unboost|p2a: Sneasler|spd|1\n|faint|p1a: Glaceon\n|\n|upkeep\n|\n|t:|1701079181\n|switch|p1a: Kyurem|Kyurem-Black|100\/100\n|-ability|p1a: Kyurem|Teravolt\n|turn|25\n|\n|t:|1701079187\n|move|p2a: Sneasler|Close Combat|p1a: Kyurem\n|-supereffective|p1a: Kyurem\n|-damage|p1a: Kyurem|0 fnt\n|-unboost|p2a: Sneasler|def|1\n|-unboost|p2a: Sneasler|spd|1\n|faint|p1a: Kyurem\n|\n|win|Th3Soci3ty\n|raw|Kazeshini95's rating: 1080 &rarr; <strong>1059<\/strong><br \/>(-21 for losing)\n|raw|Th3Soci3ty's rating: 1096 &rarr; <strong>1120<\/strong><br \/>(+24 for winning)\n","uploadtime":1701079191,"views":1,"p1id":"kazeshini95","p2id":"th3soci3ty","formatid":"gen9nationaldexubers","rating":1059,"private":0,"password":""}