{"id":"gen9nationaldexubers-1992379017","p1":"shostyyyy","p2":"t0me","format":"[Gen 9] National Dex Ubers","log":"|j|\u2606shostyyyy\n|j|\u2606t0me\n|t:|1700180739\n|gametype|singles\n|player|p1|shostyyyy|rood|\n|player|p2|t0me|proton|\n|teamsize|p1|6\n|teamsize|p2|6\n|gen|9\n|tier|[Gen 9] National Dex Ubers\n|rule|HP Percentage Mod: HP is shown in percentages\n|rule|Endless Battle Clause: Forcing endless battles is banned\n|rule|OHKO Clause: OHKO moves are banned\n|rule|Evasion Moves Clause: Evasion moves are banned\n|rule|Evasion Items Clause: Evasion items are banned\n|rule|Species Clause: Limit one of each Pok\u00e9mon\n|rule|Sleep Clause Mod: Limit one foe put to sleep\n|rule|Mega Rayquaza Clause: You cannot mega evolve Rayquaza\n|clearpoke\n|poke|p1|Tapu Koko|\n|poke|p1|Ogerpon-Hearthflame, F|\n|poke|p1|Iron Bundle|\n|poke|p1|Hawlucha, F|\n|poke|p1|Iron Treads|\n|poke|p1|Latias, F|\n|poke|p2|Iron Valiant|\n|poke|p2|Garchomp, M|\n|poke|p2|Heatran, M|\n|poke|p2|Vigoroth, M|\n|poke|p2|Vivillon-Marine, F|\n|poke|p2|Rotom-Mow|\n|teampreview\n|c|\u2606shostyyyy|ayooooooo\n|c|\u2606shostyyyy|glhf!\n|c|\u2606t0me|glhf m8\n|c|\u2606t0me|i forgot you had mega delibird lol\n|c|\u2606t0me|aiight lets rip it, if people hop in they hop in\n|c|\u2606shostyyyy|kk\n|\n|t:|1700180903\n|start\n|switch|p1a: Latias|Latias, F|100\/100\n|switch|p2a: YEETran|Heatran, M|100\/100\n|-item|p2a: YEETran|Air Balloon\n|turn|1\n|\n|t:|1700180915\n|detailschange|p1a: Latias|Latias-Mega, F\n|-mega|p1a: Latias|Latias|Latiasite\n|move|p1a: Latias|Calm Mind|p1a: Latias\n|-boost|p1a: Latias|spa|1\n|-boost|p1a: Latias|spd|1\n|move|p2a: YEETran|Stealth Rock|p1a: Latias\n|-sidestart|p1: shostyyyy|move: Stealth Rock\n|\n|upkeep\n|turn|2\n|\n|t:|1700180922\n|move|p1a: Latias|Calm Mind|p1a: Latias\n|-boost|p1a: Latias|spa|1\n|-boost|p1a: Latias|spd|1\n|move|p2a: YEETran|Toxic|p1a: Latias\n|-status|p1a: Latias|tox\n|\n|-damage|p1a: Latias|94\/100 tox|[from] psn\n|upkeep\n|turn|3\n|\n|t:|1700180935\n|move|p1a: Latias|Calm Mind|p1a: Latias\n|-boost|p1a: Latias|spa|1\n|-boost|p1a: Latias|spd|1\n|move|p2a: YEETran|Flash Cannon|p1a: Latias\n|-damage|p1a: Latias|85\/100 tox\n|-unboost|p1a: Latias|spd|1\n|\n|-damage|p1a: Latias|72\/100 tox|[from] psn\n|upkeep\n|turn|4\n|\n|t:|1700180943\n|move|p1a: Latias|Psyshock|p2a: YEETran\n|-resisted|p2a: YEETran\n|-damage|p2a: YEETran|73\/100\n|-enditem|p2a: YEETran|Air Balloon\n|move|p2a: YEETran|Flash Cannon|p1a: Latias\n|-crit|p1a: Latias\n|-damage|p1a: Latias|40\/100 tox\n|\n|-damage|p1a: Latias|22\/100 tox|[from] psn\n|upkeep\n|turn|5\n|c|\u2606t0me|bro ate that\n|\n|t:|1700180961\n|move|p1a: Latias|Draco Meteor|p2a: YEETran|[miss]\n|-miss|p1a: Latias|p2a: YEETran\n|move|p2a: YEETran|Flash Cannon|p1a: Latias\n|-damage|p1a: Latias|10\/100 tox\n|-unboost|p1a: Latias|spd|1\n|\n|-damage|p1a: Latias|0 fnt|[from] psn\n|faint|p1a: Latias\n|upkeep\n|c|\u2606shostyyyy|wowwww\n|\n|t:|1700180976\n|switch|p1a: Iron Treads|Iron Treads|100\/100\n|-damage|p1a: Iron Treads|97\/100|[from] Stealth Rock\n|turn|6\n|\n|t:|1700180992\n|switch|p2a: Diddy Kong|Vigoroth, M|100\/100\n|move|p1a: Iron Treads|Earthquake|p2a: Diddy Kong\n|-crit|p2a: Diddy Kong\n|-damage|p2a: Diddy Kong|44\/100\n|\n|upkeep\n|turn|7\n|c|\u2606t0me|ow\n|\n|t:|1700181007\n|-end|p1a: Iron Treads|Quark Drive|[silent]\n|switch|p1a: Tapu Koko|Tapu Koko|100\/100\n|-damage|p1a: Tapu Koko|88\/100|[from] Stealth Rock\n|-fieldstart|move: Electric Terrain|[from] ability: Electric Surge|[of] p1a: Tapu Koko\n|move|p2a: Diddy Kong|Drain Punch|p1a: Tapu Koko\n|-resisted|p1a: Tapu Koko\n|-damage|p1a: Tapu Koko|76\/100\n|-heal|p2a: Diddy Kong|50\/100|[from] drain|[of] p1a: Tapu Koko\n|\n|upkeep\n|turn|8\n|\n|t:|1700181021\n|move|p1a: Tapu Koko|Reflect|p1a: Tapu Koko\n|-sidestart|p1: shostyyyy|Reflect\n|move|p2a: Diddy Kong|Double-Edge|p1a: Tapu Koko\n|-damage|p1a: Tapu Koko|47\/100\n|-damage|p2a: Diddy Kong|41\/100|[from] Recoil\n|\n|upkeep\n|turn|9\n|\n|t:|1700181032\n|switch|p2a: YEETran|Heatran, M|73\/100\n|move|p1a: Tapu Koko|Light Screen|p1a: Tapu Koko\n|-sidestart|p1: shostyyyy|move: Light Screen\n|\n|upkeep\n|turn|10\n|\n|t:|1700181043\n|move|p1a: Tapu Koko|U-turn|p2a: YEETran\n|-resisted|p2a: YEETran\n|-damage|p2a: YEETran|70\/100\n|\n|t:|1700181049\n|switch|p1a: Iron Treads|Iron Treads|97\/100|[from] U-turn\n|-damage|p1a: Iron Treads|94\/100|[from] Stealth Rock\n|-activate|p1a: Iron Treads|ability: Quark Drive\n|-start|p1a: Iron Treads|quarkdrivespe\n|move|p2a: YEETran|Flash Cannon|p1a: Iron Treads\n|-resisted|p1a: Iron Treads\n|-damage|p1a: Iron Treads|86\/100\n|\n|upkeep\n|turn|11\n|\n|t:|1700181077\n|switch|p2a: Not Gallade|Iron Valiant|100\/100\n|-activate|p2a: Not Gallade|ability: Quark Drive\n|-start|p2a: Not Gallade|quarkdrivespe\n|move|p1a: Iron Treads|Rapid Spin|p2a: Not Gallade\n|-damage|p2a: Not Gallade|80\/100\n|-boost|p1a: Iron Treads|spe|1\n|-sideend|p1: shostyyyy|Stealth Rock|[from] move: Rapid Spin|[of] p1a: Iron Treads\n|\n|-fieldend|move: Electric Terrain\n|-end|p1a: Iron Treads|Quark Drive\n|-end|p2a: Not Gallade|Quark Drive\n|upkeep\n|turn|12\n|\n|t:|1700181094\n|move|p1a: Iron Treads|Zen Headbutt|p2a: Not Gallade\n|-supereffective|p2a: Not Gallade\n|-damage|p2a: Not Gallade|18\/100\n|move|p2a: Not Gallade|Swords Dance|p2a: Not Gallade\n|-boost|p2a: Not Gallade|atk|2\n|\n|upkeep\n|turn|13\n|\n|t:|1700181105\n|move|p1a: Iron Treads|Zen Headbutt|p2a: Not Gallade\n|-supereffective|p2a: Not Gallade\n|-damage|p2a: Not Gallade|0 fnt\n|faint|p2a: Not Gallade\n|-end|p2a: Not Gallade|Quark Drive|[silent]\n|\n|upkeep\n|\n|t:|1700181114\n|switch|p2a: Chompy|Garchomp, M|100\/100\n|turn|14\n|\n|t:|1700181125\n|-end|p1a: Iron Treads|Quark Drive|[silent]\n|switch|p1a: Tapu Koko|Tapu Koko|47\/100\n|-fieldstart|move: Electric Terrain|[from] ability: Electric Surge|[of] p1a: Tapu Koko\n|move|p2a: Chompy|Earthquake|p1a: Tapu Koko\n|-supereffective|p1a: Tapu Koko\n|-damage|p1a: Tapu Koko|0 fnt\n|faint|p1a: Tapu Koko\n|-damage|p2a: Chompy|91\/100|[from] item: Life Orb\n|\n|upkeep\n|\n|t:|1700181134\n|switch|p1a: Iron Bundle|Iron Bundle|100\/100\n|-activate|p1a: Iron Bundle|ability: Quark Drive\n|-start|p1a: Iron Bundle|quarkdrivespe\n|turn|15\n|\n|t:|1700181164\n|switch|p2a: YEETran|Heatran, M|70\/100\n|move|p1a: Iron Bundle|Ice Beam|p2a: YEETran\n|-resisted|p2a: YEETran\n|-damage|p2a: YEETran|59\/100\n|-damage|p1a: Iron Bundle|91\/100|[from] item: Life Orb\n|\n|-sideend|p1: shostyyyy|Reflect\n|upkeep\n|turn|16\n|\n|t:|1700181180\n|move|p1a: Iron Bundle|Hydro Pump|p2a: YEETran\n|-supereffective|p2a: YEETran\n|-damage|p2a: YEETran|0 fnt\n|faint|p2a: YEETran\n|-damage|p1a: Iron Bundle|81\/100|[from] item: Life Orb\n|\n|-sideend|p1: shostyyyy|move: Light Screen\n|upkeep\n|c|\u2606t0me|this thing mops my team lol\n|\n|t:|1700181218\n|switch|p2a: Craftsman M125|Rotom-Mow|100\/100\n|turn|17\n|\n|t:|1700181223\n|move|p1a: Iron Bundle|Ice Beam|p2a: Craftsman M125\n|-supereffective|p2a: Craftsman M125\n|-damage|p2a: Craftsman M125|0 fnt\n|faint|p2a: Craftsman M125\n|-damage|p1a: Iron Bundle|71\/100|[from] item: Life Orb\n|\n|upkeep\n|\n|t:|1700181229\n|switch|p2a: Diddy Kong|Vigoroth, M|41\/100\n|turn|18\n|\n|t:|1700181233\n|move|p1a: Iron Bundle|Ice Beam|p2a: Diddy Kong\n|-damage|p2a: Diddy Kong|0 fnt\n|faint|p2a: Diddy Kong\n|-damage|p1a: Iron Bundle|61\/100|[from] item: Life Orb\n|\n|-fieldend|move: Electric Terrain\n|-end|p1a: Iron Bundle|Quark Drive\n|upkeep\n|c|\u2606t0me|gg\n|\n|t:|1700181240\n|switch|p2a: BWAAATERFREE|Vivillon-Marine, F|100\/100\n|turn|19\n|\n|t:|1700181244\n|move|p1a: Iron Bundle|Ice Beam|p2a: BWAAATERFREE\n|-supereffective|p2a: BWAAATERFREE\n|-damage|p2a: BWAAATERFREE|0 fnt\n|faint|p2a: BWAAATERFREE\n|-damage|p1a: Iron Bundle|51\/100|[from] item: Life Orb\n|\n|upkeep\n|\n|t:|1700181249\n|switch|p2a: Chompy|Garchomp, M|91\/100\n|turn|20\n|c|\u2606shostyyyy|ggwp\n|\n|t:|1700181254\n|move|p1a: Iron Bundle|Ice Beam|p2a: Chompy\n|-supereffective|p2a: Chompy\n|-damage|p2a: Chompy|0 fnt\n|faint|p2a: Chompy\n|-damage|p1a: Iron Bundle|41\/100|[from] item: Life Orb\n|\n|win|shostyyyy\n|c|\u2606shostyyyy|mon is unfair\n|c|\u2606t0me|fucking mega delibird lol\n|c|\u2606t0me|yea it is\n|c|\u2606t0me|thats a ban just from that game lol\n|c|\u2606shostyyyy|hopefully no ubers in main szn\n|c|\u2606t0me|no way thats allowed in main lol\n|c|\u2606t0me|but gg, you have a cracked team\n|c|\u2606shostyyyy|sorry m8, thank you!!\n|c|\u2606t0me|lol all good\n","uploadtime":1700181302,"views":37,"p1id":"shostyyyy","p2id":"t0me","formatid":"gen9nationaldexubers","rating":0,"private":0,"password":""}