{"id":"gen9nationaldexubers-1985818048","p1":"pokegirl457","p2":"TeenageDisaster666","format":"[Gen 9] National Dex Ubers","log":"|j|\u2606pokegirl457\n|j|\u2606TeenageDisaster666\n|t:|1699409432\n|gametype|singles\n|player|p1|pokegirl457|iris-gen5bw2|1082\n|player|p2|TeenageDisaster666|burgh|1097\n|teamsize|p1|6\n|teamsize|p2|6\n|gen|9\n|tier|[Gen 9] National Dex Ubers\n|rated|\n|rule|HP Percentage Mod: HP is shown in percentages\n|rule|Endless Battle Clause: Forcing endless battles is banned\n|rule|OHKO Clause: OHKO moves are banned\n|rule|Evasion Moves Clause: Evasion moves are banned\n|rule|Evasion Items Clause: Evasion items are banned\n|rule|Species Clause: Limit one of each Pok\u00e9mon\n|rule|Sleep Clause Mod: Limit one foe put to sleep\n|rule|Mega Rayquaza Clause: You cannot mega evolve Rayquaza\n|clearpoke\n|poke|p1|Necrozma-Dusk-Mane|\n|poke|p1|Dracovish|\n|poke|p1|Groudon|\n|poke|p1|Xerneas-*|\n|poke|p1|Zacian-*|\n|poke|p1|Giratina-Origin|\n|poke|p2|Urshifu-*, F|\n|poke|p2|Ursaluna, M|\n|poke|p2|Tornadus, M|\n|poke|p2|Annihilape, M|\n|poke|p2|Amoonguss, M|\n|poke|p2|Flutter Mane|\n|teampreview\n|\n|t:|1699409443\n|start\n|switch|p1a: Giratina|Giratina-Origin, shiny|100\/100\n|switch|p2a: Urshifu|Urshifu-Rapid-Strike, F|100\/100\n|turn|1\n|\n|t:|1699409449\n|move|p2a: Urshifu|Surging Strikes|p1a: Giratina\n|-resisted|p1a: Giratina\n|-crit|p1a: Giratina\n|-damage|p1a: Giratina|94\/100\n|-resisted|p1a: Giratina\n|-crit|p1a: Giratina\n|-damage|p1a: Giratina|87\/100\n|-resisted|p1a: Giratina\n|-crit|p1a: Giratina\n|-damage|p1a: Giratina|80\/100\n|-hitcount|p1a: Giratina|3\n|move|p1a: Giratina|Poltergeist|p2a: Urshifu\n|-activate|p2a: Urshifu|move: Poltergeist|Focus Sash\n|-damage|p2a: Urshifu|44\/100\n|\n|upkeep\n|turn|2\n|\n|t:|1699409470\n|switch|p1a: Xerneas|Xerneas|100\/100\n|-ability|p1a: Xerneas|Fairy Aura\n|move|p2a: Urshifu|Surging Strikes|p1a: Xerneas\n|-crit|p1a: Xerneas\n|-damage|p1a: Xerneas|83\/100\n|-crit|p1a: Xerneas\n|-damage|p1a: Xerneas|68\/100\n|-crit|p1a: Xerneas\n|-damage|p1a: Xerneas|53\/100\n|-hitcount|p1a: Xerneas|3\n|\n|upkeep\n|turn|3\n|\n|t:|1699409480\n|move|p2a: Urshifu|Iron Head|p1a: Xerneas\n|-supereffective|p1a: Xerneas\n|-damage|p1a: Xerneas|12\/100\n|cant|p1a: Xerneas|flinch\n|\n|upkeep\n|turn|4\n|\n|t:|1699409487\n|switch|p1a: Zacian|Zacian-Crowned, shiny|100\/100\n|-ability|p1a: Zacian|Intrepid Sword|boost\n|-boost|p1a: Zacian|atk|1\n|move|p2a: Urshifu|Iron Head|p1a: Zacian\n|-damage|p1a: Zacian|71\/100\n|\n|upkeep\n|turn|5\n|c|\u2606pokegirl457|Is your team competitive?\n|\n|t:|1699409517\n|switch|p2a: Goku|Tornadus, M|100\/100\n|move|p1a: Zacian|Moonblast|p2a: Goku\n|-damage|p2a: Goku|74\/100\n|\n|upkeep\n|turn|6\n|c|\u2606TeenageDisaster666|yes\n|c|\u2606pokegirl457|Knew i noticed something\n|c|\u2606TeenageDisaster666|oh\n|\n|t:|1699409559\n|switch|p1a: Xerneas|Xerneas|12\/100\n|-ability|p1a: Xerneas|Fairy Aura\n|move|p2a: Goku|Tailwind|p2a: Goku\n|-sidestart|p2: TeenageDisaster666|move: Tailwind\n|\n|upkeep\n|turn|7\n|\n|t:|1699409565\n|move|p2a: Goku|Air Slash|p1a: Xerneas\n|-damage|p1a: Xerneas|0 fnt\n|faint|p1a: Xerneas\n|\n|upkeep\n|\n|t:|1699409595\n|switch|p1a: Dracovish|Dracovish|100\/100\n|turn|8\n|\n|t:|1699409615\n|switch|p2a: Megumin|Flutter Mane|100\/100\n|-enditem|p2a: Megumin|Booster Energy\n|-activate|p2a: Megumin|ability: Protosynthesis|[fromitem]\n|-start|p2a: Megumin|protosynthesisspa\n|move|p1a: Dracovish|Ice Fang|p2a: Megumin\n|-damage|p2a: Megumin|72\/100\n|\n|upkeep\n|turn|9\n|inactive|Battle timer is ON: inactive players will automatically lose when time's up. (requested by TeenageDisaster666)\n|inactive|pokegirl457 has 120 seconds left.\n|\n|t:|1699409698\n|switch|p1a: Groudon|Groudon, shiny|100\/100\n|detailschange|p1a: Groudon|Groudon-Primal, shiny\n|-primal|p1a: Groudon|Red Orb\n|-weather|DesolateLand|[from] ability: Desolate Land|[of] p1a: Groudon\n|-terastallize|p2a: Megumin|Electric\n|move|p2a: Megumin|Moonblast|p1a: Groudon\n|-resisted|p1a: Groudon\n|-damage|p1a: Groudon|58\/100\n|\n|-weather|DesolateLand|[upkeep]\n|-sideend|p2: TeenageDisaster666|move: Tailwind\n|upkeep\n|turn|10\n|\n|t:|1699409709\n|move|p1a: Groudon|Precipice Blades|p2a: Megumin\n|-supereffective|p2a: Megumin\n|-damage|p2a: Megumin|0 fnt\n|faint|p2a: Megumin\n|-end|p2a: Megumin|Protosynthesis|[silent]\n|\n|-weather|DesolateLand|[upkeep]\n|upkeep\n|c|\u2606TeenageDisaster666|fuck\n|c|\u2606TeenageDisaster666|now i can,t beat zacian\n|\n|t:|1699409728\n|switch|p2a: Rowr|Ursaluna, M|100\/100\n|turn|11\n|inactive|pokegirl457 has 120 seconds left.\n|\n|t:|1699409785\n|-weather|none\n|switch|p1a: Dracovish|Dracovish|100\/100\n|move|p2a: Rowr|Protect||[still]\n|-fail|p2a: Rowr\n|\n|-status|p2a: Rowr|brn|[from] item: Flame Orb\n|upkeep\n|turn|12\n|\n|t:|1699409795\n|-terastallize|p1a: Dracovish|Water\n|move|p1a: Dracovish|Fishious Rend|p2a: Rowr\n|-supereffective|p2a: Rowr\n|-damage|p2a: Rowr|0 fnt\n|faint|p2a: Rowr\n|\n|upkeep\n|\n|t:|1699409801\n|switch|p2a: Unga Unga|Annihilape, M|100\/100\n|turn|13\n|c|\u2606TeenageDisaster666|i lost\n|\n|t:|1699409812\n|switch|p1a: Zacian|Zacian-Crowned, shiny|71\/100\n|move|p2a: Unga Unga|Bulk Up|p2a: Unga Unga\n|-boost|p2a: Unga Unga|atk|1\n|-boost|p2a: Unga Unga|def|1\n|\n|upkeep\n|turn|14\n|c|\u2606pokegirl457|The battle didn't even end yet\n|c|\u2606TeenageDisaster666|the fucking dracovish is so good damn gppd\n|\n|t:|1699409839\n|move|p1a: Zacian|Moonblast|p2a: Unga Unga\n|-supereffective|p2a: Unga Unga\n|-damage|p2a: Unga Unga|58\/100\n|-unboost|p2a: Unga Unga|spa|1\n|-ability|p2a: Unga Unga|Defiant|boost\n|-boost|p2a: Unga Unga|atk|2\n|move|p2a: Unga Unga|Drain Punch|p1a: Zacian\n|-damage|p1a: Zacian|0 fnt\n|-heal|p2a: Unga Unga|86\/100|[from] drain|[of] p1a: Zacian\n|faint|p1a: Zacian\n|\n|-heal|p2a: Unga Unga|92\/100|[from] item: Leftovers\n|upkeep\n|inactive|pokegirl457 has 90 seconds left.\n|c|\u2606pokegirl457|Bru calm down\n|\n|t:|1699409874\n|switch|p1a: Giratina|Giratina-Origin, shiny|80\/100\n|turn|15\n|c|\u2606TeenageDisaster666|well\n|inactive|pokegirl457 has 90 seconds left.\n|\n|t:|1699409881\n|move|p2a: Unga Unga|Rage Fist|p1a: Giratina\n|-supereffective|p1a: Giratina\n|-damage|p1a: Giratina|0 fnt\n|faint|p1a: Giratina\n|\n|-heal|p2a: Unga Unga|98\/100|[from] item: Leftovers\n|upkeep\n|inactive|pokegirl457 has 90 seconds left.\n|\n|t:|1699409890\n|switch|p1a: Dracovish|Dracovish, tera:Water|100\/100\n|turn|16\n|\n|t:|1699409897\n|move|p2a: Unga Unga|Drain Punch|p1a: Dracovish\n|-damage|p1a: Dracovish|27\/100\n|-heal|p2a: Unga Unga|100\/100|[from] drain|[of] p1a: Dracovish\n|move|p1a: Dracovish|Crunch|p2a: Unga Unga\n|-damage|p2a: Unga Unga|85\/100\n|\n|-heal|p2a: Unga Unga|91\/100|[from] item: Leftovers\n|upkeep\n|turn|17\n|\n|t:|1699409905\n|move|p2a: Unga Unga|Drain Punch|p1a: Dracovish\n|-damage|p1a: Dracovish|0 fnt\n|-heal|p2a: Unga Unga|100\/100|[from] drain|[of] p1a: Dracovish\n|faint|p1a: Dracovish\n|\n|upkeep\n|inactive|pokegirl457 has 90 seconds left.\n|\n|t:|1699409942\n|switch|p1a: Groudon|Groudon-Primal, shiny|58\/100\n|-weather|DesolateLand|[from] ability: Desolate Land|[of] p1a: Groudon\n|turn|18\n|\n|t:|1699409953\n|move|p1a: Groudon|Overheat|p2a: Unga Unga\n|-damage|p2a: Unga Unga|28\/100\n|-unboost|p1a: Groudon|spa|2\n|move|p2a: Unga Unga|Drain Punch|p1a: Groudon\n|-damage|p1a: Groudon|0 fnt\n|-heal|p2a: Unga Unga|52\/100|[from] drain|[of] p1a: Groudon\n|faint|p1a: Groudon\n|-weather|none\n|\n|-heal|p2a: Unga Unga|58\/100|[from] item: Leftovers\n|upkeep\n|\n|t:|1699409957\n|switch|p1a: Necrozma|Necrozma-Dusk-Mane, shiny|100\/100\n|turn|19\n|inactive|pokegirl457 has 90 seconds left.\n|\n|t:|1699409965\n|detailschange|p1a: Necrozma|Necrozma-Ultra, shiny\n|-burst|p1a: Necrozma|Necrozma|Ultranecrozium Z\n|move|p1a: Necrozma|Photon Geyser|p2a: Unga Unga\n|-supereffective|p2a: Unga Unga\n|-damage|p2a: Unga Unga|0 fnt\n|faint|p2a: Unga Unga\n|\n|upkeep\n|\n|t:|1699409974\n|switch|p2a: Goku|Tornadus, M|74\/100\n|turn|20\n|\n|t:|1699409979\n|-zpower|p1a: Necrozma\n|move|p1a: Necrozma|Light That Burns the Sky|p2a: Goku|[zeffect]\n|-damage|p2a: Goku|0 fnt\n|faint|p2a: Goku\n|\n|upkeep\n|\n|t:|1699409986\n|switch|p2a: Urshifu|Urshifu-Rapid-Strike, F|44\/100\n|turn|21\n|\n|t:|1699409989\n|move|p1a: Necrozma|Photon Geyser|p2a: Urshifu\n|-supereffective|p2a: Urshifu\n|-damage|p2a: Urshifu|0 fnt\n|faint|p2a: Urshifu\n|\n|upkeep\n|\n|t:|1699409995\n|switch|p2a: SUS|Amoonguss, M|100\/100\n|turn|22\n|c|\u2606TeenageDisaster666|i lost\n|c|\u2606pokegirl457|sussy baka\n|inactive|pokegirl457 has 120 seconds left.\n|c|\u2606pokegirl457|Anyway gg\n|\n|t:|1699410018\n|move|p1a: Necrozma|Photon Geyser|p2a: SUS\n|-supereffective|p2a: SUS\n|-crit|p2a: SUS\n|-damage|p2a: SUS|0 fnt\n|faint|p2a: SUS\n|\n|win|pokegirl457\n|raw|pokegirl457's rating: 1082 &rarr; <strong>1111<\/strong><br \/>(+29 for winning)\n|raw|TeenageDisaster666's rating: 1097 &rarr; <strong>1071<\/strong><br \/>(-26 for losing)\n|c|\u2606TeenageDisaster666|i try my best gg\n","uploadtime":1699410031,"views":5,"p1id":"pokegirl457","p2id":"teenagedisaster666","formatid":"gen9nationaldexubers","rating":1071,"private":0,"password":""}