{"id":"gen9nationaldexubers-1981899261","p1":"Alilulu","p2":"Miguekh","format":"[Gen 9] National Dex Ubers","log":"|j|\u2606Alilulu\n|j|\u2606Miguekh\n|t:|1698950097\n|gametype|singles\n|player|p1|Alilulu|valerie|1053\n|player|p2|Miguekh|veteran|1170\n|teamsize|p1|6\n|teamsize|p2|6\n|gen|9\n|tier|[Gen 9] National Dex Ubers\n|rated|\n|rule|HP Percentage Mod: HP is shown in percentages\n|rule|Endless Battle Clause: Forcing endless battles is banned\n|rule|OHKO Clause: OHKO moves are banned\n|rule|Evasion Moves Clause: Evasion moves are banned\n|rule|Evasion Items Clause: Evasion items are banned\n|rule|Species Clause: Limit one of each Pok\u00e9mon\n|rule|Sleep Clause Mod: Limit one foe put to sleep\n|rule|Mega Rayquaza Clause: You cannot mega evolve Rayquaza\n|clearpoke\n|poke|p1|Marshadow|\n|poke|p1|Forretress, M|\n|poke|p1|Zacian-*|\n|poke|p1|Ditto|\n|poke|p1|Annihilape, M|\n|poke|p1|Deoxys-Attack|\n|poke|p2|Mimikyu, M|\n|poke|p2|Garchomp, M|\n|poke|p2|Swampert, M|\n|poke|p2|Luxray, F|\n|poke|p2|Gliscor, M|\n|poke|p2|Gengar, M|\n|teampreview\n|inactive|Battle timer is ON: inactive players will automatically lose when time's up. (requested by Alilulu)\n|\n|t:|1698950106\n|start\n|switch|p1a: Forretress|Forretress, M|100\/100\n|switch|p2a: Gliscor|Gliscor, M|100\/100\n|turn|1\n|\n|t:|1698950110\n|move|p2a: Gliscor|Stealth Rock|p1a: Forretress\n|-sidestart|p1: Alilulu|move: Stealth Rock\n|move|p1a: Forretress|Stealth Rock|p2a: Gliscor\n|-sidestart|p2: Miguekh|move: Stealth Rock\n|\n|-status|p2a: Gliscor|tox|[from] item: Toxic Orb\n|upkeep\n|turn|2\n|\n|t:|1698950121\n|move|p2a: Gliscor|Earthquake|p1a: Forretress\n|-damage|p1a: Forretress|61\/100\n|move|p1a: Forretress|Rapid Spin|p2a: Gliscor\n|-damage|p2a: Gliscor|91\/100 tox\n|-boost|p1a: Forretress|spe|1\n|-sideend|p1: Alilulu|Stealth Rock|[from] move: Rapid Spin|[of] p1a: Forretress\n|\n|-heal|p2a: Gliscor|100\/100 tox|[from] ability: Poison Heal\n|upkeep\n|turn|3\n|\n|t:|1698950127\n|move|p1a: Forretress|Explosion|p2a: Gliscor\n|-damage|p2a: Gliscor|51\/100 tox\n|faint|p1a: Forretress\n|move|p2a: Gliscor|Earthquake|p1: Forretress|[notarget]\n|-fail|p2a: Gliscor\n|\n|-heal|p2a: Gliscor|63\/100 tox|[from] ability: Poison Heal\n|upkeep\n|\n|t:|1698950137\n|switch|p1a: Deoxys|Deoxys-Attack|100\/100\n|-ability|p1a: Deoxys|Pressure\n|turn|4\n|\n|t:|1698950143\n|move|p1a: Deoxys|Psychic|p2a: Gliscor\n|-damage|p2a: Gliscor|0 fnt\n|faint|p2a: Gliscor\n|-damage|p1a: Deoxys|91\/100|[from] item: Life Orb\n|\n|upkeep\n|\n|t:|1698950149\n|switch|p2a: Mimikyu|Mimikyu, M|100\/100\n|-damage|p2a: Mimikyu|88\/100|[from] Stealth Rock\n|turn|5\n|\n|t:|1698950154\n|move|p1a: Deoxys|Psychic|p2a: Mimikyu\n|-activate|p2a: Mimikyu|ability: Disguise\n|-damage|p2a: Mimikyu|88\/100\n|detailschange|p2a: Mimikyu|Mimikyu-Busted, M\n|-damage|p2a: Mimikyu|76\/100|[from] pokemon: Mimikyu-Busted\n|-damage|p1a: Deoxys|81\/100|[from] item: Life Orb\n|move|p2a: Mimikyu|Swords Dance|p2a: Mimikyu\n|-boost|p2a: Mimikyu|atk|2\n|\n|upkeep\n|turn|6\n|\n|t:|1698950159\n|move|p2a: Mimikyu|Shadow Sneak|p1a: Deoxys\n|-supereffective|p1a: Deoxys\n|-damage|p1a: Deoxys|0 fnt\n|faint|p1a: Deoxys\n|-damage|p2a: Mimikyu|66\/100|[from] item: Life Orb\n|\n|upkeep\n|\n|t:|1698950163\n|switch|p1a: Marshadow|Marshadow|100\/100\n|turn|7\n|\n|t:|1698950167\n|move|p2a: Mimikyu|Shadow Sneak|p1a: Marshadow\n|-supereffective|p1a: Marshadow\n|-enditem|p1a: Marshadow|Focus Sash\n|-damage|p1a: Marshadow|1\/100\n|-damage|p2a: Mimikyu|56\/100|[from] item: Life Orb\n|move|p1a: Marshadow|Spectral Thief||[still]\n|-clearpositiveboost|p2a: Mimikyu|p1a: Marshadow|move: Spectral Thief\n|-boost|p1a: Marshadow|atk|2\n|-anim|p1a: Marshadow|Spectral Thief|p2a: Mimikyu\n|-supereffective|p2a: Mimikyu\n|-damage|p2a: Mimikyu|0 fnt\n|faint|p2a: Mimikyu\n|\n|upkeep\n|\n|t:|1698950173\n|switch|p2a: Garchomp|Garchomp, M|100\/100\n|-damage|p2a: Garchomp|94\/100|[from] Stealth Rock\n|turn|8\n|\n|t:|1698950185\n|move|p2a: Garchomp|Earthquake|p1a: Marshadow\n|-damage|p1a: Marshadow|0 fnt\n|faint|p1a: Marshadow\n|\n|upkeep\n|\n|t:|1698950189\n|switch|p1a: Ditto|Ditto|100\/100\n|-transform|p1a: Ditto|p2a: Garchomp|[from] ability: Imposter\n|turn|9\n|\n|t:|1698950196\n|switch|p2a: Luxray|Luxray, F|100\/100\n|-damage|p2a: Luxray|88\/100|[from] Stealth Rock\n|move|p1a: Ditto|Dragon Claw|p2a: Luxray\n|-damage|p2a: Luxray|28\/100\n|\n|-status|p2a: Luxray|brn|[from] item: Flame Orb\n|upkeep\n|turn|10\n|\n|t:|1698950201\n|move|p1a: Ditto|Dragon Claw|p2a: Luxray\n|-damage|p2a: Luxray|0 fnt\n|faint|p2a: Luxray\n|\n|upkeep\n|\n|t:|1698950207\n|switch|p2a: Gengar|Gengar, M|100\/100\n|-damage|p2a: Gengar|88\/100|[from] Stealth Rock\n|turn|11\n|\n|t:|1698950212\n|move|p1a: Ditto|Dragon Claw|p2a: Gengar\n|-damage|p2a: Gengar|8\/100\n|move|p2a: Gengar|Rain Dance|p2a: Gengar\n|-weather|RainDance\n|\n|-weather|RainDance|[upkeep]\n|upkeep\n|turn|12\n|\n|t:|1698950218\n|move|p1a: Ditto|Dragon Claw|p2a: Gengar\n|-damage|p2a: Gengar|0 fnt\n|faint|p2a: Gengar\n|\n|-weather|RainDance|[upkeep]\n|upkeep\n|\n|t:|1698950220\n|switch|p2a: Swampert|Swampert, M|100\/100\n|-damage|p2a: Swampert|94\/100|[from] Stealth Rock\n|turn|13\n|\n|t:|1698950224\n|detailschange|p2a: Swampert|Swampert-Mega, M\n|-mega|p2a: Swampert|Swampert|Swampertite\n|move|p1a: Ditto|Dragon Claw|p2a: Swampert\n|-damage|p2a: Swampert|62\/100\n|move|p2a: Swampert|Ice Beam|p1a: Ditto\n|-supereffective|p1a: Ditto\n|-damage|p1a: Ditto|0 fnt\n|faint|p1a: Ditto\n|\n|-weather|RainDance|[upkeep]\n|upkeep\n|\n|t:|1698950234\n|switch|p1a: Zacian|Zacian-Crowned|100\/100\n|-ability|p1a: Zacian|Intrepid Sword|boost\n|-boost|p1a: Zacian|atk|1\n|turn|14\n|\n|t:|1698950239\n|-terastallize|p1a: Zacian|Fairy\n|move|p1a: Zacian|Play Rough|p2a: Swampert\n|-damage|p2a: Swampert|0 fnt\n|faint|p2a: Swampert\n|\n|-weather|RainDance|[upkeep]\n|upkeep\n|-message|Miguekh forfeited.\n|\n|win|Alilulu\n|raw|Alilulu's rating: 1053 &rarr; <strong>1095<\/strong><br \/>(+42 for winning)\n|raw|Miguekh's rating: 1170 &rarr; <strong>1137<\/strong><br \/>(-33 for losing)\n|l|\u2606Miguekh\n","uploadtime":1698950319,"views":9,"p1id":"alilulu","p2id":"miguekh","formatid":"gen9nationaldexubers","rating":1095,"private":0,"password":""}