{"id":"gen9nationaldexubers-1993613645","p1":"insanejokester","p2":"Pbear3","format":"[Gen 9] National Dex Ubers","log":"|j|\u2606insanejokester\n|j|\u2606Pbear3\n|t:|1700337581\n|gametype|singles\n|player|p1|insanejokester|flannery|1134\n|player|p2|Pbear3|102|1179\n|teamsize|p1|6\n|teamsize|p2|6\n|gen|9\n|tier|[Gen 9] National Dex Ubers\n|rated|\n|rule|HP Percentage Mod: HP is shown in percentages\n|rule|Endless Battle Clause: Forcing endless battles is banned\n|rule|OHKO Clause: OHKO moves are banned\n|rule|Evasion Moves Clause: Evasion moves are banned\n|rule|Evasion Items Clause: Evasion items are banned\n|rule|Species Clause: Limit one of each Pok\u00e9mon\n|rule|Sleep Clause Mod: Limit one foe put to sleep\n|rule|Mega Rayquaza Clause: You cannot mega evolve Rayquaza\n|clearpoke\n|poke|p1|Darmanitan-Galar, M|\n|poke|p1|Corsola-Galar, M|\n|poke|p1|Chansey, F|\n|poke|p1|Shaymin-Sky|\n|poke|p1|Arceus-Steel|\n|poke|p1|Charizard, F|\n|poke|p2|Lucario, F|\n|poke|p2|Salamence, M|\n|poke|p2|Arcanine-Hisui, M|\n|poke|p2|Aerodactyl, F|\n|poke|p2|Aggron, F|\n|poke|p2|Marshadow|\n|teampreview\n|\n|t:|1700337598\n|start\n|switch|p1a: Darmanitan|Darmanitan-Galar, M|100\/100\n|switch|p2a: Arcanine|Arcanine-Hisui, M|100\/100\n|turn|1\n|\n|t:|1700337618\n|move|p1a: Darmanitan|Earthquake|p2a: Arcanine\n|-supereffective|p2a: Arcanine\n|-damage|p2a: Arcanine|0 fnt\n|faint|p2a: Arcanine\n|\n|upkeep\n|\n|t:|1700337634\n|switch|p2a: Aggron|Aggron, F|100\/100\n|turn|2\n|\n|t:|1700337644\n|move|p1a: Darmanitan|Earthquake|p2a: Aggron\n|-supereffective|p2a: Aggron\n|-enditem|p2a: Aggron|Focus Sash\n|-damage|p2a: Aggron|1\/100\n|move|p2a: Aggron|Metal Burst|p1a: Darmanitan\n|-damage|p1a: Darmanitan|0 fnt\n|faint|p1a: Darmanitan\n|\n|upkeep\n|\n|t:|1700337656\n|switch|p1a: Charizard|Charizard, F|100\/100\n|turn|3\n|\n|t:|1700337668\n|detailschange|p1a: Charizard|Charizard-Mega-Y, F\n|-mega|p1a: Charizard|Charizard|Charizardite Y\n|-weather|SunnyDay|[from] ability: Drought|[of] p1a: Charizard\n|move|p1a: Charizard|Flamethrower|p2a: Aggron\n|-damage|p2a: Aggron|0 fnt\n|faint|p2a: Aggron\n|\n|-weather|SunnyDay|[upkeep]\n|upkeep\n|\n|t:|1700337678\n|switch|p2a: Aerodactyl|Aerodactyl, F|100\/100\n|turn|4\n|\n|t:|1700337686\n|switch|p1a: Corsola|Corsola-Galar, M|100\/100\n|move|p2a: Aerodactyl|Double-Edge|p1a: Corsola\n|-immune|p1a: Corsola\n|\n|-weather|SunnyDay|[upkeep]\n|upkeep\n|turn|5\n|\n|t:|1700337693\n|move|p2a: Aerodactyl|Earthquake|p1a: Corsola\n|-damage|p1a: Corsola|85\/100\n|-start|p2a: Aerodactyl|Disable|Earthquake|[from] ability: Cursed Body|[of] p1a: Corsola\n|move|p1a: Corsola|Will-O-Wisp|p2a: Aerodactyl\n|-status|p2a: Aerodactyl|brn\n|\n|-weather|SunnyDay|[upkeep]\n|-damage|p2a: Aerodactyl|95\/100 brn|[from] brn\n|upkeep\n|turn|6\n|\n|t:|1700337703\n|switch|p2a: Salamence|Salamence, M|100\/100\n|-ability|p2a: Salamence|Intimidate|boost\n|-unboost|p1a: Corsola|atk|1\n|move|p1a: Corsola|Night Shade|p2a: Salamence\n|-damage|p2a: Salamence|70\/100\n|\n|-weather|SunnyDay|[upkeep]\n|upkeep\n|turn|7\n|\n|t:|1700337720\n|detailschange|p2a: Salamence|Salamence-Mega, M\n|-mega|p2a: Salamence|Salamence|Salamencite\n|move|p2a: Salamence|Hyper Voice|p1a: Corsola\n|-damage|p1a: Corsola|59\/100\n|move|p1a: Corsola|Will-O-Wisp|p2a: Salamence\n|-status|p2a: Salamence|brn\n|\n|-weather|none\n|-damage|p2a: Salamence|64\/100 brn|[from] brn\n|upkeep\n|turn|8\n|\n|t:|1700337731\n|move|p2a: Salamence|Hyper Voice|p1a: Corsola\n|-damage|p1a: Corsola|31\/100\n|move|p1a: Corsola|Strength Sap|p2a: Salamence\n|-unboost|p2a: Salamence|atk|1\n|-heal|p1a: Corsola|100\/100\n|\n|-damage|p2a: Salamence|58\/100 brn|[from] brn\n|upkeep\n|turn|9\n|\n|t:|1700337750\n|switch|p1a: Shaymin|Shaymin-Sky|100\/100\n|move|p2a: Salamence|Hyper Voice|p1a: Shaymin\n|-supereffective|p1a: Shaymin\n|-damage|p1a: Shaymin|3\/100\n|\n|-damage|p2a: Salamence|52\/100 brn|[from] brn\n|upkeep\n|turn|10\n|\n|t:|1700337758\n|move|p1a: Shaymin|Air Slash|p2a: Salamence\n|-damage|p2a: Salamence|0 fnt\n|faint|p2a: Salamence\n|-damage|p1a: Shaymin|0 fnt|[from] item: Life Orb\n|faint|p1a: Shaymin\n|\n|upkeep\n|\n|t:|1700337768\n|switch|p1a: Corsola|Corsola-Galar, M|100\/100\n|switch|p2a: Lucario|Lucario, F|100\/100\n|turn|11\n|\n|t:|1700337785\n|move|p2a: Lucario|Earthquake|p1a: Corsola\n|-damage|p1a: Corsola|86\/100\n|move|p1a: Corsola|Will-O-Wisp|p2a: Lucario|[miss]\n|-miss|p1a: Corsola|p2a: Lucario\n|\n|upkeep\n|turn|12\n|\n|t:|1700337791\n|move|p2a: Lucario|Bullet Punch|p1a: Corsola\n|-damage|p1a: Corsola|77\/100\n|-start|p2a: Lucario|Disable|Bullet Punch|[from] ability: Cursed Body|[of] p1a: Corsola\n|move|p1a: Corsola|Will-O-Wisp|p2a: Lucario\n|-status|p2a: Lucario|brn\n|\n|-damage|p2a: Lucario|94\/100 brn|[from] brn\n|upkeep\n|turn|13\n|\n|t:|1700337802\n|move|p2a: Lucario|Swords Dance|p2a: Lucario\n|-boost|p2a: Lucario|atk|2\n|move|p1a: Corsola|Night Shade|p2a: Lucario\n|-damage|p2a: Lucario|59\/100 brn\n|\n|-damage|p2a: Lucario|53\/100 brn|[from] brn\n|upkeep\n|turn|14\n|\n|t:|1700337811\n|move|p2a: Lucario|Swords Dance|p2a: Lucario\n|-boost|p2a: Lucario|atk|2\n|move|p1a: Corsola|Night Shade|p2a: Lucario\n|-damage|p2a: Lucario|17\/100 brn\n|\n|-damage|p2a: Lucario|11\/100 brn|[from] brn\n|upkeep\n|turn|15\n|\n|t:|1700337820\n|move|p2a: Lucario|Earthquake|p1a: Corsola\n|-damage|p1a: Corsola|52\/100\n|move|p1a: Corsola|Strength Sap|p2a: Lucario\n|-unboost|p2a: Lucario|atk|1\n|-heal|p1a: Corsola|100\/100\n|\n|-damage|p2a: Lucario|5\/100 brn|[from] brn\n|-end|p2a: Lucario|Disable\n|upkeep\n|turn|16\n|-message|Pbear3 forfeited.\n|\n|win|insanejokester\n|raw|insanejokester's rating: 1134 &rarr; <strong>1162<\/strong><br \/>(+28 for winning)\n|raw|Pbear3's rating: 1179 &rarr; <strong>1151<\/strong><br \/>(-28 for losing)\n|l|\u2606Pbear3\n","uploadtime":1700337836,"views":10,"p1id":"insanejokester","p2id":"pbear3","formatid":"gen9nationaldexubers","rating":1151,"private":0,"password":""}