{"id":"gen9nationaldexubers-1983737326","p1":"chase demons","p2":"tertryg","format":"[Gen 9] National Dex Ubers","log":"|j|\u2606chase demons\n|j|\u2606tertryg\n|t:|1699170481\n|gametype|singles\n|player|p1|chase demons|1|1235\n|player|p2|tertryg|alder|1211\n|teamsize|p1|6\n|teamsize|p2|6\n|gen|9\n|tier|[Gen 9] National Dex Ubers\n|rated|\n|rule|HP Percentage Mod: HP is shown in percentages\n|rule|Endless Battle Clause: Forcing endless battles is banned\n|rule|OHKO Clause: OHKO moves are banned\n|rule|Evasion Moves Clause: Evasion moves are banned\n|rule|Evasion Items Clause: Evasion items are banned\n|rule|Species Clause: Limit one of each Pok\u00e9mon\n|rule|Sleep Clause Mod: Limit one foe put to sleep\n|rule|Mega Rayquaza Clause: You cannot mega evolve Rayquaza\n|clearpoke\n|poke|p1|Zoroark-Hisui, F|\n|poke|p1|Volcarona, M|\n|poke|p1|Reshiram|\n|poke|p1|Zekrom|\n|poke|p1|Haxorus, F|\n|poke|p1|Lucario, M|\n|poke|p2|Cetitan, M|\n|poke|p2|Ninetales-Alola, F|\n|poke|p2|Darmanitan-Galar, F|\n|poke|p2|Dragapult, F|\n|poke|p2|Gholdengo|\n|poke|p2|Sableye, M|\n|teampreview\n|\n|t:|1699170515\n|start\n|switch|p1a: Volcarona|Volcarona, M|100\/100\n|switch|p2a: Ninetales|Ninetales-Alola, F, shiny|100\/100\n|-weather|Snow|[from] ability: Snow Warning|[of] p2a: Ninetales\n|turn|1\n|\n|t:|1699170520\n|move|p2a: Ninetales|Aurora Veil|p2a: Ninetales\n|-sidestart|p2: tertryg|move: Aurora Veil\n|move|p1a: Volcarona|Quiver Dance|p1a: Volcarona\n|-boost|p1a: Volcarona|spa|1\n|-boost|p1a: Volcarona|spd|1\n|-boost|p1a: Volcarona|spe|1\n|\n|-weather|Snow|[upkeep]\n|upkeep\n|turn|2\n|\n|t:|1699170528\n|switch|p2a: Sableye|Sableye, M|100\/100\n|move|p1a: Volcarona|Quiver Dance|p1a: Volcarona\n|-boost|p1a: Volcarona|spa|1\n|-boost|p1a: Volcarona|spd|1\n|-boost|p1a: Volcarona|spe|1\n|\n|-weather|Snow|[upkeep]\n|upkeep\n|turn|3\n|\n|t:|1699170538\n|move|p2a: Sableye|Encore|p1a: Volcarona\n|-start|p1a: Volcarona|Encore\n|move|p1a: Volcarona|Quiver Dance|p1a: Volcarona\n|-boost|p1a: Volcarona|spa|1\n|-boost|p1a: Volcarona|spd|1\n|-boost|p1a: Volcarona|spe|1\n|\n|-weather|Snow|[upkeep]\n|upkeep\n|turn|4\n|\n|t:|1699170543\n|switch|p2a: Dragapult|Dragapult, F, shiny|100\/100\n|move|p1a: Volcarona|Quiver Dance|p1a: Volcarona\n|-boost|p1a: Volcarona|spa|1\n|-boost|p1a: Volcarona|spd|1\n|-boost|p1a: Volcarona|spe|1\n|\n|-weather|Snow|[upkeep]\n|upkeep\n|turn|5\n|\n|t:|1699170547\n|move|p1a: Volcarona|Quiver Dance|p1a: Volcarona\n|-boost|p1a: Volcarona|spa|1\n|-boost|p1a: Volcarona|spd|1\n|-boost|p1a: Volcarona|spe|1\n|move|p2a: Dragapult|Phantom Force||[still]\n|-prepare|p2a: Dragapult|Phantom Force\n|-enditem|p2a: Dragapult|Power Herb\n|-anim|p2a: Dragapult|Phantom Force|p1a: Volcarona\n|-damage|p1a: Volcarona|29\/100\n|\n|-weather|none\n|-end|p1a: Volcarona|Encore\n|upkeep\n|turn|6\n|\n|t:|1699170569\n|switch|p2a: Gholdengo|Gholdengo|100\/100\n|move|p1a: Volcarona|Bug Buzz|p2a: Gholdengo\n|-resisted|p2a: Gholdengo\n|-damage|p2a: Gholdengo|77\/100\n|\n|upkeep\n|turn|7\n|\n|t:|1699170586\n|switch|p2a: Sableye|Sableye, M|100\/100\n|move|p1a: Volcarona|Fiery Dance|p2a: Sableye\n|-damage|p2a: Sableye|8\/100\n|\n|-heal|p2a: Sableye|14\/100|[from] item: Leftovers\n|upkeep\n|turn|8\n|\n|t:|1699170594\n|move|p2a: Sableye|Thunder Wave|p1a: Volcarona|[miss]\n|-miss|p2a: Sableye|p1a: Volcarona\n|move|p1a: Volcarona|Bug Buzz|p2a: Sableye\n|-damage|p2a: Sableye|0 fnt\n|faint|p2a: Sableye\n|\n|-sideend|p2: tertryg|move: Aurora Veil\n|upkeep\n|\n|t:|1699170602\n|switch|p2a: Dragapult|Dragapult, F, shiny|100\/100\n|turn|9\n|\n|t:|1699170610\n|move|p1a: Volcarona|Bug Buzz|p2a: Dragapult\n|-resisted|p2a: Dragapult\n|-damage|p2a: Dragapult|0 fnt\n|faint|p2a: Dragapult\n|\n|upkeep\n|\n|t:|1699170617\n|switch|p2a: Ninetales|Ninetales-Alola, F, shiny|100\/100\n|-weather|Snow|[from] ability: Snow Warning|[of] p2a: Ninetales\n|turn|10\n|\n|t:|1699170624\n|move|p1a: Volcarona|Fiery Dance|p2a: Ninetales\n|-supereffective|p2a: Ninetales\n|-damage|p2a: Ninetales|0 fnt\n|-boost|p1a: Volcarona|spa|1\n|faint|p2a: Ninetales\n|\n|-weather|Snow|[upkeep]\n|upkeep\n|\n|t:|1699170626\n|switch|p2a: Gholdengo|Gholdengo|77\/100\n|turn|11\n|\n|t:|1699170628\n|move|p1a: Volcarona|Fiery Dance|p2a: Gholdengo\n|-supereffective|p2a: Gholdengo\n|-damage|p2a: Gholdengo|0 fnt\n|faint|p2a: Gholdengo\n|\n|-weather|Snow|[upkeep]\n|upkeep\n|-message|tertryg forfeited.\n|\n|win|chase demons\n|raw|chase demons's rating: 1235 &rarr; <strong>1258<\/strong><br \/>(+23 for winning)\n|raw|tertryg's rating: 1211 &rarr; <strong>1188<\/strong><br \/>(-23 for losing)\n|l|\u2606tertryg\n","uploadtime":1699170634,"views":4,"p1id":"chasedemons","p2id":"tertryg","formatid":"gen9nationaldexubers","rating":1188,"private":0,"password":""}