{"id":"gen9nationaldexubers-1979876811","p1":"Chikinwang","p2":"Boston Blisseys","format":"[Gen 9] National Dex Ubers","log":"|j|\u2606Chikinwang\n|j|\u2606Boston Blisseys\n|t:|1698723119\n|gametype|singles\n|player|p1|Chikinwang|steven|\n|player|p2|Boston Blisseys|hiker-gen4|\n|teamsize|p1|6\n|teamsize|p2|6\n|gen|9\n|tier|[Gen 9] National Dex Ubers\n|rule|HP Percentage Mod: HP is shown in percentages\n|rule|Endless Battle Clause: Forcing endless battles is banned\n|rule|OHKO Clause: OHKO moves are banned\n|rule|Evasion Moves Clause: Evasion moves are banned\n|rule|Evasion Items Clause: Evasion items are banned\n|rule|Species Clause: Limit one of each Pok\u00e9mon\n|rule|Sleep Clause Mod: Limit one foe put to sleep\n|rule|Mega Rayquaza Clause: You cannot mega evolve Rayquaza\n|clearpoke\n|poke|p1|Mewtwo|\n|poke|p1|Dragonite, M|\n|poke|p1|Enamorus, F|\n|poke|p1|Hoopa-Unbound|\n|poke|p1|Politoed, F|\n|poke|p1|Blastoise, M|\n|poke|p2|Quaquaval, M|\n|poke|p2|Dragapult, F|\n|poke|p2|Salamence, F|\n|poke|p2|Magearna|\n|poke|p2|Arcanine-Hisui, M|\n|poke|p2|Umbreon, M|\n|teampreview\n|c|\u2606Chikinwang|Glhf\n|inactive|Battle timer is ON: inactive players will automatically lose when time's up. (requested by Boston Blisseys)\n|c|\u2606Boston Blisseys|Game 1\n|c|\u2606Boston Blisseys|glhf\n|\n|t:|1698723149\n|start\n|switch|p1a: Dwendle|Politoed, F|100\/100\n|switch|p2a: Dragapult|Dragapult, F|100\/100\n|-weather|RainDance|[from] ability: Drizzle|[of] p1a: Dwendle\n|turn|1\n|\n|t:|1698723170\n|switch|p1a: Stupid mofo|Enamorus, F|100\/100\n|move|p2a: Dragapult|Dragon Dance|p2a: Dragapult\n|-boost|p2a: Dragapult|atk|1\n|-boost|p2a: Dragapult|spe|1\n|\n|-weather|RainDance|[upkeep]\n|upkeep\n|turn|2\n|\n|t:|1698723179\n|-zpower|p2a: Dragapult\n|move|p2a: Dragapult|Never-Ending Nightmare|p1a: Stupid mofo|[zeffect]\n|-damage|p1a: Stupid mofo|0 fnt\n|faint|p1a: Stupid mofo\n|\n|-weather|RainDance|[upkeep]\n|upkeep\n|\n|t:|1698723194\n|switch|p1a: Head Tail|Mewtwo, shiny|100\/100\n|-ability|p1a: Head Tail|Unnerve\n|turn|3\n|\n|t:|1698723202\n|detailschange|p1a: Head Tail|Mewtwo-Mega-Y, shiny\n|-mega|p1a: Head Tail|Mewtwo|Mewtwonite Y\n|move|p2a: Dragapult|Phantom Force||[still]\n|-prepare|p2a: Dragapult|Phantom Force\n|move|p1a: Head Tail|Ice Beam|p2a: Dragapult|[miss]\n|-miss|p1a: Head Tail|p2a: Dragapult\n|\n|-weather|RainDance|[upkeep]\n|upkeep\n|turn|4\n|\n|t:|1698723211\n|switch|p1a: Rensworth|Dragonite, M|100\/100\n|move|p2a: Dragapult|Phantom Force|p1a: Rensworth|[from]lockedmove\n|-damage|p1a: Rensworth|69\/100\n|\n|-weather|RainDance|[upkeep]\n|upkeep\n|turn|5\n|\n|t:|1698723230\n|move|p2a: Dragapult|Dragon Darts|p1a: Rensworth\n|-supereffective|p1a: Rensworth\n|-damage|p1a: Rensworth|7\/100\n|-anim|p2a: Dragapult|Dragon Darts|p1a: Rensworth\n|-supereffective|p1a: Rensworth\n|-damage|p1a: Rensworth|0 fnt\n|faint|p1a: Rensworth\n|\n|-weather|RainDance|[upkeep]\n|upkeep\n|inactive|Chikinwang has 270 seconds left.\n|\n|t:|1698723253\n|switch|p1a: Jafar|Hoopa-Unbound|100\/100\n|turn|6\n|inactive|Chikinwang has 270 seconds left.\n|\n|t:|1698723265\n|move|p2a: Dragapult|Phantom Force||[still]\n|-prepare|p2a: Dragapult|Phantom Force\n|move|p1a: Jafar|Hyperspace Fury|p2a: Dragapult|[miss]\n|-miss|p1a: Jafar|p2a: Dragapult\n|\n|-weather|RainDance|[upkeep]\n|upkeep\n|turn|7\n|inactive|Chikinwang has 270 seconds left.\n|\n|t:|1698723288\n|move|p2a: Dragapult|Phantom Force|p1a: Jafar|[from]lockedmove\n|-crit|p1a: Jafar\n|-damage|p1a: Jafar|0 fnt\n|faint|p1a: Jafar\n|\n|-weather|RainDance|[upkeep]\n|upkeep\n|\n|t:|1698723294\n|switch|p1a: Daddy|Blastoise, M|100\/100\n|turn|8\n|\n|t:|1698723299\n|-terastallize|p1a: Daddy|Water\n|move|p2a: Dragapult|Dragon Darts|p1a: Daddy\n|-damage|p1a: Daddy|67\/100\n|-anim|p2a: Dragapult|Dragon Darts|p1a: Daddy\n|-damage|p1a: Daddy|36\/100\n|move|p1a: Daddy|Shell Smash|p1a: Daddy\n|-unboost|p1a: Daddy|def|1\n|-unboost|p1a: Daddy|spd|1\n|-boost|p1a: Daddy|atk|2\n|-boost|p1a: Daddy|spa|2\n|-boost|p1a: Daddy|spe|2\n|-enditem|p1a: Daddy|White Herb\n|-clearnegativeboost|p1a: Daddy|[silent]\n|\n|-weather|none\n|upkeep\n|turn|9\n|inactive|Chikinwang has 270 seconds left.\n|\n|t:|1698723315\n|move|p1a: Daddy|Ice Beam|p2a: Dragapult\n|-supereffective|p2a: Dragapult\n|-damage|p2a: Dragapult|0 fnt\n|faint|p2a: Dragapult\n|\n|upkeep\n|inactive|Boston Blisseys has 270 seconds left.\n|\n|t:|1698723346\n|switch|p2a: Trogdor|Salamence, F|100\/100\n|-ability|p2a: Trogdor|Intimidate|boost\n|-unboost|p1a: Daddy|atk|1\n|turn|10\n|\n|t:|1698723351\n|-terastallize|p2a: Trogdor|Steel\n|move|p1a: Daddy|Ice Beam|p2a: Trogdor\n|-resisted|p2a: Trogdor\n|-damage|p2a: Trogdor|77\/100\n|move|p2a: Trogdor|Dragon Tail|p1a: Daddy\n|-damage|p1a: Daddy|4\/100\n|drag|p1a: Dwendle|Politoed, F|100\/100\n|-weather|RainDance|[from] ability: Drizzle|[of] p1a: Dwendle\n|\n|-weather|RainDance|[upkeep]\n|upkeep\n|turn|11\n|inactive|Boston Blisseys has 270 seconds left.\n|\n|t:|1698723378\n|move|p2a: Trogdor|Body Slam|p1a: Dwendle\n|-damage|p1a: Dwendle|79\/100\n|move|p1a: Dwendle|Perish Song|p1a: Dwendle\n|-start|p1a: Dwendle|perish3|[silent]\n|-start|p2a: Trogdor|perish3|[silent]\n|-fieldactivate|move: Perish Song\n|\n|-weather|RainDance|[upkeep]\n|-start|p2a: Trogdor|perish3\n|-start|p1a: Dwendle|perish3\n|upkeep\n|turn|12\n|\n|t:|1698723390\n|move|p2a: Trogdor|Body Slam|p1a: Dwendle\n|-damage|p1a: Dwendle|57\/100\n|move|p1a: Dwendle|Toxic|p2a: Trogdor\n|-immune|p2a: Trogdor\n|\n|-weather|RainDance|[upkeep]\n|-start|p2a: Trogdor|perish2\n|-start|p1a: Dwendle|perish2\n|upkeep\n|turn|13\n|\n|t:|1698723402\n|switch|p1a: Daddy|Blastoise, M, tera:Water|4\/100\n|move|p2a: Trogdor|Body Slam|p1a: Daddy\n|-damage|p1a: Daddy|0 fnt\n|faint|p1a: Daddy\n|\n|-weather|RainDance|[upkeep]\n|-start|p2a: Trogdor|perish1\n|upkeep\n|\n|t:|1698723411\n|switch|p1a: Head Tail|Mewtwo-Mega-Y, shiny|100\/100\n|turn|14\n|\n|t:|1698723419\n|switch|p2a: Bato|Arcanine-Hisui, M|100\/100\n|-item|p2a: Bato|Air Balloon\n|move|p1a: Head Tail|Flamethrower|p2a: Bato\n|-resisted|p2a: Bato\n|-damage|p2a: Bato|95\/100\n|-enditem|p2a: Bato|Air Balloon\n|\n|-weather|RainDance|[upkeep]\n|upkeep\n|turn|15\n|inactive|Boston Blisseys has 270 seconds left.\n|inactive|Chikinwang has 270 seconds left.\n|\n|t:|1698723455\n|move|p1a: Head Tail|Psystrike|p2a: Bato\n|-damage|p2a: Bato|18\/100\n|move|p2a: Bato|Flare Blitz|p1a: Head Tail\n|-damage|p1a: Head Tail|67\/100\n|\n|-weather|RainDance|[upkeep]\n|upkeep\n|turn|16\n|\n|t:|1698723463\n|move|p1a: Head Tail|Psystrike|p2a: Bato\n|-damage|p2a: Bato|0 fnt\n|faint|p2a: Bato\n|\n|-weather|RainDance|[upkeep]\n|upkeep\n|\n|t:|1698723470\n|switch|p2a: MyChemicalRomance|Umbreon, M|100\/100\n|turn|17\n|\n|t:|1698723474\n|move|p1a: Head Tail|Flamethrower|p2a: MyChemicalRomance\n|-damage|p2a: MyChemicalRomance|89\/100\n|-status|p2a: MyChemicalRomance|brn\n|-activate|p2a: MyChemicalRomance|ability: Synchronize\n|-status|p1a: Head Tail|brn\n|move|p2a: MyChemicalRomance|Wish|p2a: MyChemicalRomance\n|\n|-weather|none\n|-damage|p1a: Head Tail|61\/100 brn|[from] brn\n|-damage|p2a: MyChemicalRomance|82\/100 brn|[from] brn\n|upkeep\n|turn|18\n|\n|t:|1698723485\n|switch|p1a: Dwendle|Politoed, F|57\/100\n|-weather|RainDance|[from] ability: Drizzle|[of] p1a: Dwendle\n|move|p2a: MyChemicalRomance|Curse|p2a: MyChemicalRomance\n|-unboost|p2a: MyChemicalRomance|spe|1\n|-boost|p2a: MyChemicalRomance|atk|1\n|-boost|p2a: MyChemicalRomance|def|1\n|\n|-weather|RainDance|[upkeep]\n|-heal|p2a: MyChemicalRomance|100\/100 brn|[from] move: Wish|[wisher] MyChemicalRomance\n|-damage|p2a: MyChemicalRomance|94\/100 brn|[from] brn\n|upkeep\n|turn|19\n|\n|t:|1698723497\n|move|p1a: Dwendle|Perish Song|p1a: Dwendle\n|-start|p1a: Dwendle|perish3|[silent]\n|-start|p2a: MyChemicalRomance|perish3|[silent]\n|-fieldactivate|move: Perish Song\n|move|p2a: MyChemicalRomance|Curse|p2a: MyChemicalRomance\n|-unboost|p2a: MyChemicalRomance|spe|1\n|-boost|p2a: MyChemicalRomance|atk|1\n|-boost|p2a: MyChemicalRomance|def|1\n|\n|-weather|RainDance|[upkeep]\n|-damage|p2a: MyChemicalRomance|88\/100 brn|[from] brn\n|-start|p1a: Dwendle|perish3\n|-start|p2a: MyChemicalRomance|perish3\n|upkeep\n|turn|20\n|\n|t:|1698723510\n|move|p1a: Dwendle|Haze|p1a: Dwendle\n|-clearallboost\n|move|p2a: MyChemicalRomance|Payback|p1a: Dwendle\n|-damage|p1a: Dwendle|45\/100\n|\n|-weather|RainDance|[upkeep]\n|-damage|p2a: MyChemicalRomance|82\/100 brn|[from] brn\n|-start|p1a: Dwendle|perish2\n|-start|p2a: MyChemicalRomance|perish2\n|upkeep\n|turn|21\n|\n|t:|1698723523\n|switch|p2a: Mexican Ganon|Quaquaval, M|100\/100\n|move|p1a: Dwendle|Substitute|p1a: Dwendle\n|-start|p1a: Dwendle|Substitute\n|-damage|p1a: Dwendle|20\/100\n|\n|-weather|RainDance|[upkeep]\n|-start|p1a: Dwendle|perish1\n|upkeep\n|turn|22\n|\n|t:|1698723535\n|move|p2a: Mexican Ganon|Aqua Step|p1a: Dwendle\n|-resisted|p1a: Dwendle\n|-activate|p1a: Dwendle|move: Substitute|[damage]\n|-boost|p2a: Mexican Ganon|spe|1\n|move|p1a: Dwendle|Perish Song|p1a: Dwendle\n|-start|p2a: Mexican Ganon|perish3|[silent]\n|-fieldactivate|move: Perish Song\n|\n|-weather|RainDance|[upkeep]\n|-start|p2a: Mexican Ganon|perish3\n|-start|p1a: Dwendle|perish0\n|upkeep\n|faint|p1a: Dwendle\n|\n|t:|1698723545\n|switch|p1a: Head Tail|Mewtwo-Mega-Y, shiny|61\/100 brn\n|turn|23\n|\n|t:|1698723556\n|move|p1a: Head Tail|Ice Beam|p2a: Mexican Ganon\n|-resisted|p2a: Mexican Ganon\n|-damage|p2a: Mexican Ganon|76\/100\n|move|p2a: Mexican Ganon|Aqua Step|p1a: Head Tail\n|-damage|p1a: Head Tail|0 fnt\n|-boost|p2a: Mexican Ganon|spe|1\n|faint|p1a: Head Tail\n|\n|win|Boston Blisseys\n|c|\u2606Boston Blisseys|gg\n|c|\u2606Chikinwang|Gg\n|l|\u2606Chikinwang\n|l|\u2606Boston Blisseys\n|j|\u2606Chikinwang\n|player|p1|Chikinwang|steven\n","uploadtime":1698725578,"views":29,"p1id":"chikinwang","p2id":"bostonblisseys","formatid":"gen9nationaldexubers","rating":0,"private":0,"password":""}