{"id":"gen9nationaldexubers-1983462268","p1":"Kebabologist","p2":"LeticiaWasntTaken","format":"[Gen 9] National Dex Ubers","log":"|j|\u2606Kebabologist\n|j|\u2606LeticiaWasntTaken\n|t:|1699132695\n|gametype|singles\n|player|p1|Kebabologist|benga|1172\n|player|p2|LeticiaWasntTaken|dawn|1204\n|teamsize|p1|6\n|teamsize|p2|6\n|gen|9\n|tier|[Gen 9] National Dex Ubers\n|rated|\n|rule|HP Percentage Mod: HP is shown in percentages\n|rule|Endless Battle Clause: Forcing endless battles is banned\n|rule|OHKO Clause: OHKO moves are banned\n|rule|Evasion Moves Clause: Evasion moves are banned\n|rule|Evasion Items Clause: Evasion items are banned\n|rule|Species Clause: Limit one of each Pok\u00e9mon\n|rule|Sleep Clause Mod: Limit one foe put to sleep\n|rule|Mega Rayquaza Clause: You cannot mega evolve Rayquaza\n|clearpoke\n|poke|p1|Blaziken, M|\n|poke|p1|Hydreigon, F|\n|poke|p1|Aegislash, F|\n|poke|p1|Manectric, M|\n|poke|p1|Sharpedo, F|\n|poke|p1|Aerodactyl, M|\n|poke|p2|Groudon|\n|poke|p2|Decidueye, M|\n|poke|p2|Xerneas-*|\n|poke|p2|Reshiram|\n|poke|p2|Zacian-*|\n|poke|p2|Flygon, F|\n|teampreview\n|inactive|Battle timer is ON: inactive players will automatically lose when time's up. (requested by Kebabologist)\n|\n|t:|1699132699\n|start\n|switch|p1a: Aerodactyl|Aerodactyl, M|100\/100\n|switch|p2a: Vital Fortress|Xerneas|100\/100\n|-ability|p1a: Aerodactyl|Pressure\n|-ability|p2a: Vital Fortress|Fairy Aura\n|turn|1\n|\n|t:|1699132703\n|move|p1a: Aerodactyl|Taunt|p2a: Vital Fortress\n|-start|p2a: Vital Fortress|move: Taunt\n|cant|p2a: Vital Fortress|move: Taunt|Geomancy\n|\n|upkeep\n|turn|2\n|\n|t:|1699132707\n|switch|p2a: Obsidian Flames|Groudon, shiny|100\/100\n|detailschange|p2a: Obsidian Flames|Groudon-Primal, shiny\n|-primal|p2a: Obsidian Flames|Red Orb\n|-weather|DesolateLand|[from] ability: Desolate Land|[of] p2a: Obsidian Flames\n|move|p1a: Aerodactyl|Stealth Rock|p2a: Obsidian Flames\n|-sidestart|p2: LeticiaWasntTaken|move: Stealth Rock\n|\n|-weather|DesolateLand|[upkeep]\n|upkeep\n|turn|3\n|\n|t:|1699132722\n|switch|p1a: Hydreigon|Hydreigon, F|100\/100\n|move|p2a: Obsidian Flames|Swords Dance|p2a: Obsidian Flames\n|-boost|p2a: Obsidian Flames|atk|2\n|\n|-weather|DesolateLand|[upkeep]\n|upkeep\n|turn|4\n|\n|t:|1699132730\n|move|p1a: Hydreigon|Draco Meteor|p2a: Obsidian Flames\n|-damage|p2a: Obsidian Flames|0 fnt\n|-unboost|p1a: Hydreigon|spa|2\n|faint|p2a: Obsidian Flames\n|-weather|none\n|\n|upkeep\n|\n|t:|1699132737\n|switch|p2a: Vital Fortress|Xerneas|100\/100\n|-damage|p2a: Vital Fortress|88\/100|[from] Stealth Rock\n|-ability|p2a: Vital Fortress|Fairy Aura\n|turn|5\n|\n|t:|1699132742\n|switch|p1a: Aegislash|Aegislash, F|100\/100\n|move|p2a: Vital Fortress|Geomancy||[still]\n|-prepare|p2a: Vital Fortress|Geomancy\n|-enditem|p2a: Vital Fortress|Power Herb\n|-anim|p2a: Vital Fortress|Geomancy|p2a: Vital Fortress\n|-boost|p2a: Vital Fortress|spa|2\n|-boost|p2a: Vital Fortress|spd|2\n|-boost|p2a: Vital Fortress|spe|2\n|\n|upkeep\n|turn|6\n|\n|t:|1699132752\n|move|p2a: Vital Fortress|Thunderbolt|p1a: Aegislash\n|-damage|p1a: Aegislash|51\/100\n|-formechange|p1a: Aegislash|Aegislash-Blade||[from] ability: Stance Change\n|move|p1a: Aegislash|Iron Head|p2a: Vital Fortress\n|-supereffective|p2a: Vital Fortress\n|-damage|p2a: Vital Fortress|0 fnt\n|faint|p2a: Vital Fortress\n|\n|-heal|p1a: Aegislash|57\/100|[from] item: Leftovers\n|upkeep\n|\n|t:|1699132761\n|switch|p2a: Forest Shadow|Decidueye, M|100\/100\n|-damage|p2a: Forest Shadow|88\/100|[from] Stealth Rock\n|turn|7\n|\n|t:|1699132765\n|move|p1a: Aegislash|Shadow Sneak|p2a: Forest Shadow\n|-supereffective|p2a: Forest Shadow\n|-damage|p2a: Forest Shadow|19\/100\n|move|p2a: Forest Shadow|Poltergeist|p1a: Aegislash\n|-activate|p1a: Aegislash|move: Poltergeist|Leftovers\n|-supereffective|p1a: Aegislash\n|-damage|p1a: Aegislash|0 fnt\n|faint|p1a: Aegislash\n|\n|upkeep\n|\n|t:|1699132769\n|switch|p1a: Blaziken|Blaziken, M|100\/100\n|turn|8\n|\n|t:|1699132774\n|detailschange|p1a: Blaziken|Blaziken-Mega, M\n|-mega|p1a: Blaziken|Blaziken|Blazikenite\n|move|p1a: Blaziken|Swords Dance|p1a: Blaziken\n|-boost|p1a: Blaziken|atk|2\n|move|p2a: Forest Shadow|Swords Dance|p2a: Forest Shadow\n|-boost|p2a: Forest Shadow|atk|2\n|\n|-ability|p1a: Blaziken|Speed Boost|boost\n|-boost|p1a: Blaziken|spe|1\n|upkeep\n|turn|9\n|\n|t:|1699132783\n|move|p2a: Forest Shadow|Shadow Sneak|p1a: Blaziken\n|-damage|p1a: Blaziken|35\/100\n|move|p1a: Blaziken|Fire Punch|p2a: Forest Shadow\n|-supereffective|p2a: Forest Shadow\n|-damage|p2a: Forest Shadow|0 fnt\n|faint|p2a: Forest Shadow\n|\n|-ability|p1a: Blaziken|Speed Boost|boost\n|-boost|p1a: Blaziken|spe|1\n|upkeep\n|\n|t:|1699132791\n|switch|p2a: EX Sandstorm|Flygon, F|100\/100\n|-damage|p2a: EX Sandstorm|95\/100|[from] Stealth Rock\n|turn|10\n|\n|t:|1699132804\n|move|p1a: Blaziken|Close Combat|p2a: EX Sandstorm\n|-damage|p2a: EX Sandstorm|0 fnt\n|-unboost|p1a: Blaziken|def|1\n|-unboost|p1a: Blaziken|spd|1\n|faint|p2a: EX Sandstorm\n|\n|-ability|p1a: Blaziken|Speed Boost|boost\n|-boost|p1a: Blaziken|spe|1\n|upkeep\n|\n|t:|1699132809\n|switch|p2a: Next Destinations|Reshiram|100\/100\n|-damage|p2a: Next Destinations|76\/100|[from] Stealth Rock\n|-ability|p2a: Next Destinations|Turboblaze\n|turn|11\n|\n|t:|1699132814\n|move|p1a: Blaziken|Close Combat|p2a: Next Destinations\n|-damage|p2a: Next Destinations|0 fnt\n|-unboost|p1a: Blaziken|def|1\n|-unboost|p1a: Blaziken|spd|1\n|faint|p2a: Next Destinations\n|\n|-ability|p1a: Blaziken|Speed Boost|boost\n|-boost|p1a: Blaziken|spe|1\n|upkeep\n|\n|t:|1699132817\n|switch|p2a: Sword and Shield|Zacian-Crowned|100\/100\n|-damage|p2a: Sword and Shield|94\/100|[from] Stealth Rock\n|-ability|p2a: Sword and Shield|Intrepid Sword|boost\n|-boost|p2a: Sword and Shield|atk|1\n|turn|12\n|c|\u2606Kebabologist|nice legendaries\n|\n|t:|1699132822\n|move|p1a: Blaziken|Fire Punch|p2a: Sword and Shield\n|-supereffective|p2a: Sword and Shield\n|-damage|p2a: Sword and Shield|0 fnt\n|faint|p2a: Sword and Shield\n|\n|win|Kebabologist\n|raw|Kebabologist's rating: 1172 &rarr; <strong>1199<\/strong><br \/>(+27 for winning)\n|raw|LeticiaWasntTaken's rating: 1204 &rarr; <strong>1177<\/strong><br \/>(-27 for losing)\n|l|\u2606LeticiaWasntTaken\n","uploadtime":1699132841,"views":7,"p1id":"kebabologist","p2id":"leticiawasnttaken","formatid":"gen9nationaldexubers","rating":1177,"private":0,"password":""}