{"id":"gen9nationaldexubers-1978456560","p1":"Siege Team","p2":"85792195wwww","format":"[Gen 9] National Dex Ubers","log":"|j|\u2606Siege Team\n|j|\u260685792195wwww\n|t:|1698541363\n|gametype|singles\n|player|p1|Siege Team|veteran|1525\n|player|p2|85792195wwww|lady|1804\n|teamsize|p1|6\n|teamsize|p2|6\n|gen|9\n|tier|[Gen 9] National Dex Ubers\n|rated|\n|rule|HP Percentage Mod: HP is shown in percentages\n|rule|Endless Battle Clause: Forcing endless battles is banned\n|rule|OHKO Clause: OHKO moves are banned\n|rule|Evasion Moves Clause: Evasion moves are banned\n|rule|Evasion Items Clause: Evasion items are banned\n|rule|Species Clause: Limit one of each Pok\u00e9mon\n|rule|Sleep Clause Mod: Limit one foe put to sleep\n|rule|Mega Rayquaza Clause: You cannot mega evolve Rayquaza\n|clearpoke\n|poke|p1|Necrozma-Dusk-Mane|\n|poke|p1|Dialga-Origin|\n|poke|p1|Groudon|\n|poke|p1|Rayquaza|\n|poke|p1|Arceus|\n|poke|p1|Eternatus|\n|poke|p2|Zacian-*|\n|poke|p2|Kyogre|\n|poke|p2|Xerneas-*|\n|poke|p2|Krookodile, M|\n|poke|p2|Groudon|\n|poke|p2|Arceus|\n|teampreview\n|inactive|Battle timer is ON: inactive players will automatically lose when time's up. (requested by Siege Team)\n|\n|t:|1698541375\n|start\n|switch|p1a: Rayquaza|Rayquaza|100\/100\n|switch|p2a: Krookodile|Krookodile, M|100\/100\n|-ability|p1a: Rayquaza|Air Lock\n|-ability|p2a: Krookodile|Intimidate|boost\n|-unboost|p1a: Rayquaza|atk|1\n|turn|1\n|\n|t:|1698541384\n|move|p1a: Rayquaza|Surf|p2a: Krookodile\n|-supereffective|p2a: Krookodile\n|-damage|p2a: Krookodile|19\/100\n|move|p2a: Krookodile|Stealth Rock|p1a: Rayquaza\n|-sidestart|p1: Siege Team|move: Stealth Rock\n|\n|upkeep\n|turn|2\n|\n|t:|1698541406\n|switch|p2a: Xerneas|Xerneas|100\/100\n|-ability|p2a: Xerneas|Fairy Aura\n|move|p1a: Rayquaza|Dragon Pulse|p2a: Xerneas\n|-immune|p2a: Xerneas\n|\n|upkeep\n|turn|3\n|\n|t:|1698541427\n|switch|p1a: Groudon|Groudon|100\/100\n|-damage|p1a: Groudon|94\/100|[from] Stealth Rock\n|detailschange|p1a: Groudon|Groudon-Primal\n|-primal|p1a: Groudon|Red Orb\n|-weather|DesolateLand|[from] ability: Desolate Land|[of] p1a: Groudon\n|move|p2a: Xerneas|Moonblast|p1a: Groudon\n|-resisted|p1a: Groudon\n|-damage|p1a: Groudon|63\/100\n|\n|-weather|DesolateLand|[upkeep]\n|upkeep\n|turn|4\n|\n|t:|1698541438\n|switch|p2a: Kyogre|Kyogre|100\/100\n|detailschange|p2a: Kyogre|Kyogre-Primal\n|-primal|p2a: Kyogre|Blue Orb\n|-weather|PrimordialSea|[from] ability: Primordial Sea|[of] p2a: Kyogre\n|move|p1a: Groudon|Earthquake|p2a: Kyogre\n|-damage|p2a: Kyogre|41\/100\n|\n|-weather|PrimordialSea|[upkeep]\n|upkeep\n|turn|5\n|\n|t:|1698541449\n|switch|p1a: Eternatus|Eternatus|100\/100\n|-damage|p1a: Eternatus|88\/100|[from] Stealth Rock\n|-ability|p1a: Eternatus|Pressure\n|move|p2a: Kyogre|Scald|p1a: Eternatus\n|-resisted|p1a: Eternatus\n|-damage|p1a: Eternatus|55\/100\n|\n|-weather|PrimordialSea|[upkeep]\n|upkeep\n|turn|6\n|\n|t:|1698541459\n|move|p1a: Eternatus|Dynamax Cannon|p2a: Kyogre\n|-damage|p2a: Kyogre|12\/100\n|move|p2a: Kyogre|Ice Beam|p1a: Eternatus\n|-supereffective|p1a: Eternatus\n|-damage|p1a: Eternatus|0 fnt\n|faint|p1a: Eternatus\n|\n|-weather|PrimordialSea|[upkeep]\n|upkeep\n|\n|t:|1698541466\n|switch|p1a: Arceus|Arceus|100\/100\n|-damage|p1a: Arceus|88\/100|[from] Stealth Rock\n|turn|7\n|\n|t:|1698541471\n|move|p1a: Arceus|Extreme Speed|p2a: Kyogre\n|-damage|p2a: Kyogre|0 fnt\n|faint|p2a: Kyogre\n|-weather|none\n|-damage|p1a: Arceus|78\/100|[from] item: Life Orb\n|\n|upkeep\n|\n|t:|1698541480\n|switch|p2a: Krookodile|Krookodile, M|19\/100\n|-ability|p2a: Krookodile|Intimidate|boost\n|-unboost|p1a: Arceus|atk|1\n|turn|8\n|\n|t:|1698541485\n|move|p1a: Arceus|Defog|p2a: Krookodile\n|-unboost|p2a: Krookodile|evasion|1\n|-sideend|p1: Siege Team|Stealth Rock|[from] move: Defog|[of] p1a: Arceus\n|move|p2a: Krookodile|Knock Off|p1a: Arceus\n|-crit|p1a: Arceus\n|-damage|p1a: Arceus|22\/100\n|-enditem|p1a: Arceus|Life Orb|[from] move: Knock Off|[of] p2a: Krookodile\n|\n|upkeep\n|turn|9\n|\n|t:|1698541494\n|switch|p2a: Zacian|Zacian-Crowned|100\/100\n|-ability|p2a: Zacian|Intrepid Sword|boost\n|-boost|p2a: Zacian|atk|1\n|move|p1a: Arceus|Extreme Speed|p2a: Zacian\n|-resisted|p2a: Zacian\n|-damage|p2a: Zacian|88\/100\n|\n|upkeep\n|turn|10\n|\n|t:|1698541503\n|switch|p1a: Rayquaza|Rayquaza|100\/100\n|-ability|p1a: Rayquaza|Air Lock\n|move|p2a: Zacian|Swords Dance|p2a: Zacian\n|-boost|p2a: Zacian|atk|2\n|\n|upkeep\n|turn|11\n|\n|t:|1698541511\n|move|p2a: Zacian|Behemoth Blade|p1a: Rayquaza\n|-enditem|p1a: Rayquaza|Focus Sash\n|-damage|p1a: Rayquaza|1\/100\n|move|p1a: Rayquaza|V-create|p2a: Zacian\n|-supereffective|p2a: Zacian\n|-damage|p2a: Zacian|0 fnt\n|-unboost|p1a: Rayquaza|spe|1\n|-unboost|p1a: Rayquaza|def|1\n|-unboost|p1a: Rayquaza|spd|1\n|faint|p2a: Zacian\n|\n|upkeep\n|\n|t:|1698541524\n|switch|p2a: Arceus|Arceus|100\/100\n|turn|12\n|\n|t:|1698541528\n|switch|p1a: Necrozma|Necrozma-Dusk-Mane|100\/100\n|move|p2a: Arceus|Extreme Speed|p1a: Necrozma\n|-resisted|p1a: Necrozma\n|-damage|p1a: Necrozma|81\/100\n|-damage|p2a: Arceus|91\/100|[from] item: Life Orb\n|\n|upkeep\n|turn|13\n|\n|t:|1698541539\n|move|p2a: Arceus|Taunt|p1a: Necrozma\n|-start|p1a: Necrozma|move: Taunt\n|move|p1a: Necrozma|Earthquake|p2a: Arceus\n|-damage|p2a: Arceus|60\/100\n|\n|upkeep\n|turn|14\n|\n|t:|1698541548\n|switch|p1a: Dialga|Dialga-Origin|100\/100\n|-ability|p1a: Dialga|Pressure\n|move|p2a: Arceus|Earthquake|p1a: Dialga\n|-supereffective|p1a: Dialga\n|-damage|p1a: Dialga|32\/100\n|-damage|p2a: Arceus|50\/100|[from] item: Life Orb\n|\n|upkeep\n|turn|15\n|\n|t:|1698541557\n|move|p2a: Arceus|Earthquake|p1a: Dialga\n|-supereffective|p1a: Dialga\n|-damage|p1a: Dialga|0 fnt\n|faint|p1a: Dialga\n|-damage|p2a: Arceus|41\/100|[from] item: Life Orb\n|\n|upkeep\n|\n|t:|1698541567\n|switch|p1a: Necrozma|Necrozma-Dusk-Mane|81\/100\n|turn|16\n|\n|t:|1698541572\n|move|p2a: Arceus|Taunt|p1a: Necrozma\n|-start|p1a: Necrozma|move: Taunt\n|move|p1a: Necrozma|Sunsteel Strike|p2a: Arceus\n|-damage|p2a: Arceus|0 fnt\n|faint|p2a: Arceus\n|\n|upkeep\n|\n|t:|1698541581\n|switch|p2a: Krookodile|Krookodile, M|19\/100\n|-ability|p2a: Krookodile|Intimidate|boost\n|-unboost|p1a: Necrozma|atk|1\n|turn|17\n|\n|t:|1698541586\n|switch|p1a: Arceus|Arceus|22\/100\n|move|p2a: Krookodile|Stealth Rock|p1a: Arceus\n|-sidestart|p1: Siege Team|move: Stealth Rock\n|\n|upkeep\n|turn|18\n|\n|t:|1698541593\n|move|p1a: Arceus|Defog|p2a: Krookodile\n|-unboost|p2a: Krookodile|evasion|1\n|-sideend|p1: Siege Team|Stealth Rock|[from] move: Defog|[of] p1a: Arceus\n|move|p2a: Krookodile|Stealth Rock|p1a: Arceus\n|-sidestart|p1: Siege Team|move: Stealth Rock\n|\n|upkeep\n|turn|19\n|\n|t:|1698541602\n|move|p1a: Arceus|Defog|p2a: Krookodile\n|-unboost|p2a: Krookodile|evasion|1\n|-sideend|p1: Siege Team|Stealth Rock|[from] move: Defog|[of] p1a: Arceus\n|move|p2a: Krookodile|Bulldoze|p1a: Arceus\n|-damage|p1a: Arceus|0 fnt\n|faint|p1a: Arceus\n|\n|upkeep\n|\n|t:|1698541609\n|switch|p1a: Rayquaza|Rayquaza|1\/100\n|-ability|p1a: Rayquaza|Air Lock\n|turn|20\n|\n|t:|1698541622\n|move|p1a: Rayquaza|Extreme Speed|p2a: Krookodile\n|-damage|p2a: Krookodile|0 fnt\n|faint|p2a: Krookodile\n|\n|upkeep\n|\n|t:|1698541631\n|switch|p2a: Xerneas|Xerneas|100\/100\n|-ability|p2a: Xerneas|Fairy Aura\n|turn|21\n|\n|t:|1698541654\n|move|p1a: Rayquaza|V-create|p2a: Xerneas\n|-damage|p2a: Xerneas|55\/100\n|-unboost|p1a: Rayquaza|spe|1\n|-unboost|p1a: Rayquaza|def|1\n|-unboost|p1a: Rayquaza|spd|1\n|move|p2a: Xerneas|Geomancy||[still]\n|-prepare|p2a: Xerneas|Geomancy\n|-enditem|p2a: Xerneas|Power Herb\n|-anim|p2a: Xerneas|Geomancy|p2a: Xerneas\n|-boost|p2a: Xerneas|spa|2\n|-boost|p2a: Xerneas|spd|2\n|-boost|p2a: Xerneas|spe|2\n|\n|upkeep\n|turn|22\n|\n|t:|1698541666\n|move|p1a: Rayquaza|Extreme Speed|p2a: Xerneas\n|-damage|p2a: Xerneas|34\/100\n|move|p2a: Xerneas|Moonblast|p1a: Rayquaza\n|-supereffective|p1a: Rayquaza\n|-damage|p1a: Rayquaza|0 fnt\n|faint|p1a: Rayquaza\n|\n|upkeep\n|\n|t:|1698541673\n|switch|p1a: Necrozma|Necrozma-Dusk-Mane|81\/100\n|turn|23\n|\n|t:|1698541677\n|-terastallize|p2a: Xerneas|Fighting\n|move|p2a: Xerneas|Focus Blast|p1a: Necrozma\n|-damage|p1a: Necrozma|0 fnt\n|faint|p1a: Necrozma\n|\n|upkeep\n|\n|t:|1698541683\n|switch|p1a: Groudon|Groudon-Primal|63\/100\n|-weather|DesolateLand|[from] ability: Desolate Land|[of] p1a: Groudon\n|turn|24\n|\n|t:|1698541688\n|move|p2a: Xerneas|Moonblast|p1a: Groudon\n|-resisted|p1a: Groudon\n|-damage|p1a: Groudon|0 fnt\n|faint|p1a: Groudon\n|-weather|none\n|\n|win|85792195wwww\n|raw|Siege Team's rating: 1525 &rarr; <strong>1518<\/strong><br \/>(-7 for losing)\n|raw|85792195wwww's rating: 1804 &rarr; <strong>1811<\/strong><br \/>(+7 for winning)\n|l|\u2606Siege Team\n","uploadtime":1698541695,"views":5,"p1id":"siegeteam","p2id":"85792195wwww","formatid":"gen9nationaldexubers","rating":1518,"private":0,"password":""}