{"id":"gen9nationaldexubers-1999163897","p1":"sami leumas","p2":"Reggiejr10","format":"[Gen 9] National Dex Ubers","log":"|j|\u2606sami leumas\n|j|\u2606Reggiejr10\n|t:|1701040220\n|gametype|singles\n|player|p1|sami leumas|parasollady|1104\n|player|p2|Reggiejr10|red|1022\n|teamsize|p1|6\n|teamsize|p2|6\n|gen|9\n|tier|[Gen 9] National Dex Ubers\n|rated|\n|rule|HP Percentage Mod: HP is shown in percentages\n|rule|Endless Battle Clause: Forcing endless battles is banned\n|rule|OHKO Clause: OHKO moves are banned\n|rule|Evasion Moves Clause: Evasion moves are banned\n|rule|Evasion Items Clause: Evasion items are banned\n|rule|Species Clause: Limit one of each Pok\u00e9mon\n|rule|Sleep Clause Mod: Limit one foe put to sleep\n|rule|Mega Rayquaza Clause: You cannot mega evolve Rayquaza\n|clearpoke\n|poke|p1|Clodsire, F|\n|poke|p1|Starmie|\n|poke|p1|Glalie, M|\n|poke|p1|Falinks|\n|poke|p1|Drampa, F|\n|poke|p1|Weezing-Galar, F|\n|poke|p2|Blaziken, M|\n|poke|p2|Greninja-*, M|\n|poke|p2|Electabuzz, F|\n|poke|p2|Zoroark, M|\n|poke|p2|Weavile, F|\n|poke|p2|Zangoose, M|\n|teampreview\n|\n|t:|1701040235\n|start\n|switch|p1a: Clodsire|Clodsire, F|100\/100\n|switch|p2a: Yellow Ranger|Electabuzz, F|100\/100\n|turn|1\n|inactive|Battle timer is ON: inactive players will automatically lose when time's up. (requested by sami leumas)\n|\n|t:|1701040269\n|move|p2a: Yellow Ranger|Cross Chop|p1a: Clodsire\n|-resisted|p1a: Clodsire\n|-damage|p1a: Clodsire|88\/100\n|move|p1a: Clodsire|Earthquake|p2a: Yellow Ranger\n|-supereffective|p2a: Yellow Ranger\n|-damage|p2a: Yellow Ranger|4\/100\n|\n|-heal|p1a: Clodsire|95\/100|[from] item: Black Sludge\n|upkeep\n|turn|2\n|\n|t:|1701040285\n|move|p2a: Yellow Ranger|Rolling Kick|p1a: Clodsire\n|-resisted|p1a: Clodsire\n|-damage|p1a: Clodsire|88\/100\n|move|p1a: Clodsire|Toxic Spikes|p2a: Yellow Ranger\n|-sidestart|p2: Reggiejr10|move: Toxic Spikes\n|\n|-heal|p1a: Clodsire|94\/100|[from] item: Black Sludge\n|upkeep\n|turn|3\n|\n|t:|1701040297\n|move|p2a: Yellow Ranger|Cross Chop|p1a: Clodsire\n|-resisted|p1a: Clodsire\n|-damage|p1a: Clodsire|83\/100\n|move|p1a: Clodsire|Earthquake|p2a: Yellow Ranger\n|-supereffective|p2a: Yellow Ranger\n|-damage|p2a: Yellow Ranger|0 fnt\n|faint|p2a: Yellow Ranger\n|\n|-heal|p1a: Clodsire|90\/100|[from] item: Black Sludge\n|upkeep\n|\n|t:|1701040308\n|switch|p2a: Blue Ranger|Greninja, M|100\/100\n|-status|p2a: Blue Ranger|psn\n|turn|4\n|\n|t:|1701040320\n|move|p2a: Blue Ranger|Water Shuriken|p1a: Clodsire\n|-heal|p1a: Clodsire|100\/100|[from] ability: Water Absorb|[of] p2a: Blue Ranger\n|move|p1a: Clodsire|Gunk Shot|p2a: Blue Ranger\n|-damage|p2a: Blue Ranger|54\/100 psn\n|\n|-damage|p2a: Blue Ranger|42\/100 psn|[from] psn\n|upkeep\n|turn|5\n|\n|t:|1701040329\n|move|p2a: Blue Ranger|Liquidation|p1a: Clodsire\n|-immune|p1a: Clodsire|[from] ability: Water Absorb\n|move|p1a: Clodsire|Earthquake|p2a: Blue Ranger\n|-damage|p2a: Blue Ranger|5\/100 psn\n|\n|-damage|p2a: Blue Ranger|0 fnt|[from] psn\n|faint|p2a: Blue Ranger\n|upkeep\n|\n|t:|1701040339\n|switch|p2a: Pink Ranger|Weavile, F, shiny|100\/100\n|-status|p2a: Pink Ranger|psn\n|-ability|p2a: Pink Ranger|Pressure\n|turn|6\n|\n|t:|1701040348\n|move|p1a: Clodsire|Protect|p1a: Clodsire\n|-singleturn|p1a: Clodsire|Protect\n|move|p2a: Pink Ranger|Ice Spinner|p1a: Clodsire\n|-activate|p1a: Clodsire|move: Protect\n|\n|-damage|p2a: Pink Ranger|88\/100 psn|[from] psn\n|upkeep\n|turn|7\n|\n|t:|1701040361\n|move|p2a: Pink Ranger|Ice Spinner|p1a: Clodsire\n|-supereffective|p1a: Clodsire\n|-damage|p1a: Clodsire|36\/100\n|move|p1a: Clodsire|Gunk Shot|p2a: Pink Ranger\n|-damage|p2a: Pink Ranger|39\/100 psn\n|\n|-heal|p1a: Clodsire|42\/100|[from] item: Black Sludge\n|-damage|p2a: Pink Ranger|27\/100 psn|[from] psn\n|upkeep\n|turn|8\n|\n|t:|1701040373\n|move|p2a: Pink Ranger|Ice Spinner|p1a: Clodsire\n|-supereffective|p1a: Clodsire\n|-damage|p1a: Clodsire|0 fnt\n|faint|p1a: Clodsire\n|\n|-damage|p2a: Pink Ranger|14\/100 psn|[from] psn\n|upkeep\n|\n|t:|1701040382\n|switch|p1a: Falinks|Falinks|100\/100\n|turn|9\n|\n|t:|1701040400\n|move|p2a: Pink Ranger|Ice Spinner|p1a: Falinks\n|-damage|p1a: Falinks|69\/100\n|move|p1a: Falinks|No Retreat|p1a: Falinks\n|-boost|p1a: Falinks|atk|1\n|-boost|p1a: Falinks|def|1\n|-boost|p1a: Falinks|spa|1\n|-boost|p1a: Falinks|spd|1\n|-boost|p1a: Falinks|spe|1\n|-start|p1a: Falinks|move: No Retreat\n|\n|-damage|p2a: Pink Ranger|2\/100 psn|[from] psn\n|upkeep\n|turn|10\n|inactive|Reggiejr10 has 120 seconds left.\n|\n|t:|1701040426\n|move|p2a: Pink Ranger|Ice Spinner|p1a: Falinks\n|-damage|p1a: Falinks|48\/100\n|move|p1a: Falinks|Close Combat|p2a: Pink Ranger\n|-supereffective|p2a: Pink Ranger\n|-damage|p2a: Pink Ranger|0 fnt\n|-unboost|p1a: Falinks|def|1\n|-unboost|p1a: Falinks|spd|1\n|faint|p2a: Pink Ranger\n|\n|upkeep\n|inactive|Reggiejr10 has 120 seconds left.\n|\n|t:|1701040448\n|switch|p2a: White Ranger|Zangoose, M, shiny|100\/100\n|-status|p2a: White Ranger|psn\n|turn|11\n|\n|t:|1701040459\n|move|p1a: Falinks|No Retreat||[still]\n|-fail|p1a: Falinks\n|move|p2a: White Ranger|Sludge Bomb|p1a: Falinks\n|-damage|p1a: Falinks|0 fnt\n|faint|p1a: Falinks\n|\n|-damage|p2a: White Ranger|88\/100 psn|[from] psn\n|upkeep\n|\n|t:|1701040472\n|switch|p1a: Weezing|Weezing-Galar, F|100\/100\n|turn|12\n|\n|t:|1701040479\n|move|p2a: White Ranger|Night Daze|p1a: Weezing|[miss]\n|-miss|p2a: White Ranger|p1a: Weezing\n|move|p1a: Weezing|Dazzling Gleam|p2a: White Ranger\n|-supereffective|p2a: White Ranger\n|-damage|p2a: White Ranger|0 fnt\n|replace|p2a: Black Ranger|Zoroark, M, shiny\n|-end|p2a: Black Ranger|Illusion\n|faint|p2a: Black Ranger\n|\n|upkeep\n|inactive|Reggiejr10 has 90 seconds left.\n|inactive|Reggiejr10 has 60 seconds left.\n|inactive|Reggiejr10 has 30 seconds left.\n|inactive|Reggiejr10 has 20 seconds left.\n|inactive|Reggiejr10 has 15 seconds left.\n|inactive|Reggiejr10 has 10 seconds left.\n|inactive|Reggiejr10 has 5 seconds left.\n|-message|Reggiejr10 lost due to inactivity.\n|\n|win|sami leumas\n|raw|sami leumas's rating: 1104 &rarr; <strong>1123<\/strong><br \/>(+19 for winning)\n|raw|Reggiejr10's rating: 1022 &rarr; <strong>1012<\/strong><br \/>(-10 for losing)\n|l|\u2606Reggiejr10\n","uploadtime":1701040612,"views":9,"p1id":"samileumas","p2id":"reggiejr10","formatid":"gen9nationaldexubers","rating":1012,"private":0,"password":""}