{"id":"gen9nationaldexubers-1978622849","p1":"B Awesome2812","p2":"700club","format":"[Gen 9] National Dex Ubers","log":"|j|\u2606B Awesome2812\n|j|\u2606700club\n|t:|1698568961\n|gametype|singles\n|player|p1|B Awesome2812|hilbert|1211\n|player|p2|700club|shadowtriad|1191\n|teamsize|p1|6\n|teamsize|p2|6\n|gen|9\n|tier|[Gen 9] National Dex Ubers\n|rated|\n|rule|HP Percentage Mod: HP is shown in percentages\n|rule|Endless Battle Clause: Forcing endless battles is banned\n|rule|OHKO Clause: OHKO moves are banned\n|rule|Evasion Moves Clause: Evasion moves are banned\n|rule|Evasion Items Clause: Evasion items are banned\n|rule|Species Clause: Limit one of each Pok\u00e9mon\n|rule|Sleep Clause Mod: Limit one foe put to sleep\n|rule|Mega Rayquaza Clause: You cannot mega evolve Rayquaza\n|clearpoke\n|poke|p1|Rayquaza|\n|poke|p1|Kyogre|\n|poke|p1|Groudon|\n|poke|p1|Alakazam, F|\n|poke|p1|Zacian-*|\n|poke|p1|Marshadow|\n|poke|p2|Basculegion, M|\n|poke|p2|Xerneas-*|\n|poke|p2|Deoxys-Speed|\n|poke|p2|Swampert, F|\n|poke|p2|Necrozma-Dusk-Mane|\n|poke|p2|Kyogre|\n|teampreview\n|inactive|Battle timer is ON: inactive players will automatically lose when time's up. (requested by B Awesome2812)\n|c|\u2606700club|hi\n|\n|t:|1698568971\n|start\n|switch|p1a: Rayquaza|Rayquaza, shiny|100\/100\n|switch|p2a: Deoxys|Deoxys-Speed|100\/100\n|-ability|p2a: Deoxys|Pressure\n|-ability|p1a: Rayquaza|Air Lock\n|turn|1\n|\n|t:|1698568981\n|move|p2a: Deoxys|Stealth Rock|p1a: Rayquaza\n|-sidestart|p1: B Awesome2812|move: Stealth Rock\n|move|p1a: Rayquaza|Earthquake|p2a: Deoxys\n|-damage|p2a: Deoxys|40\/100\n|-damage|p1a: Rayquaza|91\/100|[from] item: Life Orb\n|\n|upkeep\n|turn|2\n|\n|t:|1698568994\n|move|p2a: Deoxys|Reflect|p2a: Deoxys\n|-sidestart|p2: 700club|Reflect\n|move|p1a: Rayquaza|Dragon Dance|p1a: Rayquaza\n|-boost|p1a: Rayquaza|atk|1\n|-boost|p1a: Rayquaza|spe|1\n|\n|upkeep\n|turn|3\n|\n|t:|1698568999\n|move|p2a: Deoxys|Taunt|p1a: Rayquaza\n|-start|p1a: Rayquaza|move: Taunt\n|cant|p1a: Rayquaza|move: Taunt|Dragon Dance\n|\n|upkeep\n|turn|4\n|\n|t:|1698569007\n|move|p2a: Deoxys|Light Screen|p2a: Deoxys\n|-sidestart|p2: 700club|move: Light Screen\n|move|p1a: Rayquaza|Dragon Ascent|p2a: Deoxys\n|-damage|p2a: Deoxys|0 fnt\n|-unboost|p1a: Rayquaza|def|1\n|-unboost|p1a: Rayquaza|spd|1\n|faint|p2a: Deoxys\n|-damage|p1a: Rayquaza|81\/100|[from] item: Life Orb\n|\n|upkeep\n|\n|t:|1698569028\n|switch|p2a: Kyogre|Kyogre|100\/100\n|-weather|RainDance|[from] ability: Drizzle|[of] p2a: Kyogre\n|turn|5\n|inactive|700club has 120 seconds left.\n|\n|t:|1698569054\n|move|p1a: Rayquaza|Dragon Ascent|p2a: Kyogre\n|-damage|p2a: Kyogre|28\/100\n|-unboost|p1a: Rayquaza|def|1\n|-unboost|p1a: Rayquaza|spd|1\n|-damage|p1a: Rayquaza|71\/100|[from] item: Life Orb\n|move|p2a: Kyogre|Ice Beam|p1a: Rayquaza\n|-supereffective|p1a: Rayquaza\n|-damage|p1a: Rayquaza|0 fnt\n|faint|p1a: Rayquaza\n|\n|-weather|RainDance|[upkeep]\n|upkeep\n|\n|t:|1698569066\n|switch|p1a: Marshadow|Marshadow|100\/100\n|-damage|p1a: Marshadow|94\/100|[from] Stealth Rock\n|turn|6\n|\n|t:|1698569073\n|move|p1a: Marshadow|Shadow Sneak|p2a: Kyogre\n|-damage|p2a: Kyogre|12\/100\n|move|p2a: Kyogre|Ice Beam|p1a: Marshadow\n|-damage|p1a: Marshadow|56\/100\n|-status|p1a: Marshadow|frz\n|\n|-weather|RainDance|[upkeep]\n|-sideend|p2: 700club|Reflect\n|upkeep\n|turn|7\n|\n|t:|1698569091\n|cant|p1a: Marshadow|frz\n|move|p2a: Kyogre|Ice Beam|p1a: Marshadow\n|-damage|p1a: Marshadow|12\/100 frz\n|\n|-weather|RainDance|[upkeep]\n|upkeep\n|turn|8\n|inactive|700club has 120 seconds left.\n|\n|t:|1698569113\n|switch|p2a: Xerneas|Xerneas|100\/100\n|-ability|p2a: Xerneas|Fairy Aura\n|cant|p1a: Marshadow|frz\n|\n|-weather|RainDance|[upkeep]\n|-sideend|p2: 700club|move: Light Screen\n|upkeep\n|turn|9\n|inactive|700club has 120 seconds left.\n|\n|t:|1698569123\n|cant|p1a: Marshadow|frz\n|move|p2a: Xerneas|Geomancy||[still]\n|-prepare|p2a: Xerneas|Geomancy\n|-enditem|p2a: Xerneas|Power Herb\n|-anim|p2a: Xerneas|Geomancy|p2a: Xerneas\n|-boost|p2a: Xerneas|spa|2\n|-boost|p2a: Xerneas|spd|2\n|-boost|p2a: Xerneas|spe|2\n|\n|-weather|none\n|upkeep\n|turn|10\n|inactive|700club has 120 seconds left.\n|\n|t:|1698569133\n|-curestatus|p1a: Marshadow|frz|[msg]\n|move|p1a: Marshadow|Shadow Sneak|p2a: Xerneas\n|-damage|p2a: Xerneas|70\/100\n|move|p2a: Xerneas|Moonblast|p1a: Marshadow\n|-supereffective|p1a: Marshadow\n|-damage|p1a: Marshadow|0 fnt\n|faint|p1a: Marshadow\n|\n|upkeep\n|\n|t:|1698569151\n|switch|p1a: Kyogre|Kyogre, shiny|100\/100\n|-damage|p1a: Kyogre|88\/100|[from] Stealth Rock\n|detailschange|p1a: Kyogre|Kyogre-Primal, shiny\n|-primal|p1a: Kyogre|Blue Orb\n|-weather|PrimordialSea|[from] ability: Primordial Sea|[of] p1a: Kyogre\n|turn|11\n|inactive|B Awesome2812 has 120 seconds left.\n|\n|t:|1698569177\n|move|p2a: Xerneas|Thunder|p1a: Kyogre\n|-supereffective|p1a: Kyogre\n|-damage|p1a: Kyogre|0 fnt\n|faint|p1a: Kyogre\n|-weather|none\n|\n|upkeep\n|-message|B Awesome2812 forfeited.\n|\n|win|700club\n|raw|B Awesome2812's rating: 1211 &rarr; <strong>1185<\/strong><br \/>(-26 for losing)\n|raw|700club's rating: 1191 &rarr; <strong>1217<\/strong><br \/>(+26 for winning)\n|l|\u2606B Awesome2812\n","uploadtime":1698569188,"views":13,"p1id":"bawesome2812","p2id":"700club","formatid":"gen9nationaldexubers","rating":1185,"private":0,"password":""}