{"id":"gen9nationaldexubers-1983292359","p1":"CRYO-M0DE\u2744\ufe0f","p2":"Gozilla VS Kong","format":"[Gen 9] National Dex Ubers","log":"|j|\u2606CRYO-M0DE\u2744\ufe0f\n|j|\u2606Gozilla VS Kong\n|t:|1699114925\n|gametype|singles\n|player|p1|CRYO-M0DE\u2744\ufe0f|melony|1102\n|player|p2|Gozilla VS Kong|lucas-gen4pt|1045\n|teamsize|p1|6\n|teamsize|p2|6\n|gen|9\n|tier|[Gen 9] National Dex Ubers\n|rated|\n|rule|HP Percentage Mod: HP is shown in percentages\n|rule|Endless Battle Clause: Forcing endless battles is banned\n|rule|OHKO Clause: OHKO moves are banned\n|rule|Evasion Moves Clause: Evasion moves are banned\n|rule|Evasion Items Clause: Evasion items are banned\n|rule|Species Clause: Limit one of each Pok\u00e9mon\n|rule|Sleep Clause Mod: Limit one foe put to sleep\n|rule|Mega Rayquaza Clause: You cannot mega evolve Rayquaza\n|clearpoke\n|poke|p1|Glaceon, F|\n|poke|p1|Arctovish|\n|poke|p1|Vanilluxe, F|\n|poke|p1|Ninetales-Alola, F|\n|poke|p1|Calyrex-Ice|\n|poke|p1|Kyurem-White|\n|poke|p2|Mewtwo|\n|poke|p2|Zarude|\n|poke|p2|Urshifu-*, M|\n|poke|p2|Zacian-*|\n|poke|p2|Eternatus|\n|poke|p2|Groudon|\n|teampreview\n|\n|t:|1699114939\n|start\n|switch|p1a: \u2744\ufe0f\u2744\ufe0fVANILLUXE\u2744\ufe0f\u2744\ufe0f|Vanilluxe, F, shiny|100\/100\n|switch|p2a: Urshifu|Urshifu, M|100\/100\n|-weather|Snow|[from] ability: Snow Warning|[of] p1a: \u2744\ufe0f\u2744\ufe0fVANILLUXE\u2744\ufe0f\u2744\ufe0f\n|turn|1\n|\n|t:|1699114949\n|move|p1a: \u2744\ufe0f\u2744\ufe0fVANILLUXE\u2744\ufe0f\u2744\ufe0f|Aurora Veil|p1a: \u2744\ufe0f\u2744\ufe0fVANILLUXE\u2744\ufe0f\u2744\ufe0f\n|-sidestart|p1: CRYO-M0DE\u2744\ufe0f|move: Aurora Veil\n|move|p2a: Urshifu|Fire Punch|p1a: \u2744\ufe0f\u2744\ufe0fVANILLUXE\u2744\ufe0f\u2744\ufe0f\n|-supereffective|p1a: \u2744\ufe0f\u2744\ufe0fVANILLUXE\u2744\ufe0f\u2744\ufe0f\n|-damage|p1a: \u2744\ufe0f\u2744\ufe0fVANILLUXE\u2744\ufe0f\u2744\ufe0f|77\/100\n|\n|-weather|Snow|[upkeep]\n|upkeep\n|turn|2\n|\n|t:|1699114958\n|move|p1a: \u2744\ufe0f\u2744\ufe0fVANILLUXE\u2744\ufe0f\u2744\ufe0f|Blizzard|p2a: Urshifu\n|-damage|p2a: Urshifu|35\/100\n|-status|p2a: Urshifu|frz\n|cant|p2a: Urshifu|frz\n|\n|-weather|Snow|[upkeep]\n|upkeep\n|turn|3\n|\n|t:|1699114968\n|move|p1a: \u2744\ufe0f\u2744\ufe0fVANILLUXE\u2744\ufe0f\u2744\ufe0f|Blizzard|p2a: Urshifu\n|-damage|p2a: Urshifu|0 fnt\n|faint|p2a: Urshifu\n|\n|-weather|Snow|[upkeep]\n|upkeep\n|\n|t:|1699114973\n|switch|p2a: Groudon|Groudon|100\/100\n|detailschange|p2a: Groudon|Groudon-Primal\n|-primal|p2a: Groudon|Red Orb\n|-weather|DesolateLand|[from] ability: Desolate Land|[of] p2a: Groudon\n|turn|4\n|\n|t:|1699114980\n|move|p1a: \u2744\ufe0f\u2744\ufe0fVANILLUXE\u2744\ufe0f\u2744\ufe0f|Icy Wind|p2a: Groudon\n|-damage|p2a: Groudon|74\/100\n|-unboost|p2a: Groudon|spe|1\n|move|p2a: Groudon|Eruption|p1a: \u2744\ufe0f\u2744\ufe0fVANILLUXE\u2744\ufe0f\u2744\ufe0f\n|-supereffective|p1a: \u2744\ufe0f\u2744\ufe0fVANILLUXE\u2744\ufe0f\u2744\ufe0f\n|-damage|p1a: \u2744\ufe0f\u2744\ufe0fVANILLUXE\u2744\ufe0f\u2744\ufe0f|0 fnt\n|faint|p1a: \u2744\ufe0f\u2744\ufe0fVANILLUXE\u2744\ufe0f\u2744\ufe0f\n|\n|-weather|DesolateLand|[upkeep]\n|upkeep\n|\n|t:|1699114992\n|switch|p1a: \ud83e\udd76\u2744\ufe0f\u2744\ufe0fKYUREM\u2744\ufe0f\u2744\ufe0f\ud83e\udd76|Kyurem-White|100\/100\n|-ability|p1a: \ud83e\udd76\u2744\ufe0f\u2744\ufe0fKYUREM\u2744\ufe0f\u2744\ufe0f\ud83e\udd76|Turboblaze\n|turn|5\n|\n|t:|1699115002\n|move|p1a: \ud83e\udd76\u2744\ufe0f\u2744\ufe0fKYUREM\u2744\ufe0f\u2744\ufe0f\ud83e\udd76|Ice Beam|p2a: Groudon\n|-damage|p2a: Groudon|0 fnt\n|faint|p2a: Groudon\n|-weather|none\n|\n|-sideend|p1: CRYO-M0DE\u2744\ufe0f|move: Aurora Veil\n|upkeep\n|\n|t:|1699115012\n|switch|p2a: Eternatus|Eternatus, shiny|100\/100\n|-ability|p2a: Eternatus|Pressure\n|turn|6\n|\n|t:|1699115024\n|switch|p1a: \u2744\ufe0f\u2744\ufe0fNINETALES\u2744\ufe0f\u2744\ufe0f|Ninetales-Alola, F|100\/100\n|-weather|Snow|[from] ability: Snow Warning|[of] p1a: \u2744\ufe0f\u2744\ufe0fNINETALES\u2744\ufe0f\u2744\ufe0f\n|move|p2a: Eternatus|Eternabeam|p1a: \u2744\ufe0f\u2744\ufe0fNINETALES\u2744\ufe0f\u2744\ufe0f\n|-immune|p1a: \u2744\ufe0f\u2744\ufe0fNINETALES\u2744\ufe0f\u2744\ufe0f\n|\n|-weather|Snow|[upkeep]\n|upkeep\n|turn|7\n|\n|t:|1699115035\n|move|p1a: \u2744\ufe0f\u2744\ufe0fNINETALES\u2744\ufe0f\u2744\ufe0f|Aurora Veil|p1a: \u2744\ufe0f\u2744\ufe0fNINETALES\u2744\ufe0f\u2744\ufe0f\n|-sidestart|p1: CRYO-M0DE\u2744\ufe0f|move: Aurora Veil\n|move|p2a: Eternatus|Cross Poison|p1a: \u2744\ufe0f\u2744\ufe0fNINETALES\u2744\ufe0f\u2744\ufe0f\n|-supereffective|p1a: \u2744\ufe0f\u2744\ufe0fNINETALES\u2744\ufe0f\u2744\ufe0f\n|-damage|p1a: \u2744\ufe0f\u2744\ufe0fNINETALES\u2744\ufe0f\u2744\ufe0f|71\/100\n|\n|-weather|Snow|[upkeep]\n|upkeep\n|turn|8\n|\n|t:|1699115046\n|switch|p1a: I HATE NON \u2744\ufe0fPKMN|Calyrex-Ice|100\/100\n|-ability|p1a: I HATE NON \u2744\ufe0fPKMN|As One\n|-ability|p1a: I HATE NON \u2744\ufe0fPKMN|Unnerve\n|move|p2a: Eternatus|Cross Poison|p1a: I HATE NON \u2744\ufe0fPKMN\n|-damage|p1a: I HATE NON \u2744\ufe0fPKMN|94\/100\n|\n|-weather|Snow|[upkeep]\n|upkeep\n|turn|9\n|\n|t:|1699115077\n|move|p2a: Eternatus|Dynamax Cannon|p1a: I HATE NON \u2744\ufe0fPKMN\n|-damage|p1a: I HATE NON \u2744\ufe0fPKMN|72\/100\n|move|p1a: I HATE NON \u2744\ufe0fPKMN|Agility|p1a: I HATE NON \u2744\ufe0fPKMN\n|-boost|p1a: I HATE NON \u2744\ufe0fPKMN|spe|2\n|\n|-weather|Snow|[upkeep]\n|upkeep\n|turn|10\n|\n|t:|1699115092\n|move|p1a: I HATE NON \u2744\ufe0fPKMN|Agility|p1a: I HATE NON \u2744\ufe0fPKMN\n|-boost|p1a: I HATE NON \u2744\ufe0fPKMN|spe|2\n|move|p2a: Eternatus|Dynamax Cannon|p1a: I HATE NON \u2744\ufe0fPKMN\n|-damage|p1a: I HATE NON \u2744\ufe0fPKMN|52\/100\n|\n|-weather|Snow|[upkeep]\n|upkeep\n|turn|11\n|\n|t:|1699115103\n|-terastallize|p1a: I HATE NON \u2744\ufe0fPKMN|Ice\n|move|p1a: I HATE NON \u2744\ufe0fPKMN|Glacial Lance|p2a: Eternatus\n|-supereffective|p2a: Eternatus\n|-damage|p2a: Eternatus|0 fnt\n|faint|p2a: Eternatus\n|-ability|p1a: I HATE NON \u2744\ufe0fPKMN|Chilling Neigh|boost\n|-boost|p1a: I HATE NON \u2744\ufe0fPKMN|atk|1\n|\n|-weather|Snow|[upkeep]\n|-sideend|p1: CRYO-M0DE\u2744\ufe0f|move: Aurora Veil\n|upkeep\n|\n|t:|1699115112\n|switch|p2a: Zarude|Zarude|100\/100\n|turn|12\n|\n|t:|1699115117\n|move|p1a: I HATE NON \u2744\ufe0fPKMN|Glacial Lance|p2a: Zarude\n|-supereffective|p2a: Zarude\n|-damage|p2a: Zarude|0 fnt\n|faint|p2a: Zarude\n|-ability|p1a: I HATE NON \u2744\ufe0fPKMN|Chilling Neigh|boost\n|-boost|p1a: I HATE NON \u2744\ufe0fPKMN|atk|1\n|\n|-weather|Snow|[upkeep]\n|upkeep\n|\n|t:|1699115124\n|switch|p2a: Mewtwo|Mewtwo|100\/100\n|-ability|p2a: Mewtwo|Pressure\n|turn|13\n|\n|t:|1699115131\n|detailschange|p2a: Mewtwo|Mewtwo-Mega-Y\n|-mega|p2a: Mewtwo|Mewtwo|Mewtwonite Y\n|move|p1a: I HATE NON \u2744\ufe0fPKMN|Glacial Lance|p2a: Mewtwo\n|-damage|p2a: Mewtwo|0 fnt\n|faint|p2a: Mewtwo\n|-ability|p1a: I HATE NON \u2744\ufe0fPKMN|Chilling Neigh|boost\n|-boost|p1a: I HATE NON \u2744\ufe0fPKMN|atk|1\n|\n|-weather|none\n|upkeep\n|\n|t:|1699115141\n|switch|p2a: Zacian|Zacian-Crowned|100\/100\n|-ability|p2a: Zacian|Intrepid Sword|boost\n|-boost|p2a: Zacian|atk|1\n|turn|14\n|\n|t:|1699115145\n|move|p1a: I HATE NON \u2744\ufe0fPKMN|Glacial Lance|p2a: Zacian\n|-resisted|p2a: Zacian\n|-damage|p2a: Zacian|0 fnt\n|faint|p2a: Zacian\n|\n|win|CRYO-M0DE\u2744\ufe0f\n|raw|CRYO-M0DE\u2744\ufe0f's rating: 1102 &rarr; <strong>1123<\/strong><br \/>(+21 for winning)\n|raw|Gozilla VS Kong's rating: 1045 &rarr; <strong>1031<\/strong><br \/>(-14 for losing)\n|l|\u2606Gozilla VS Kong\n|l|\u2606CRYO-M0DE\u2744\ufe0f\n|j|\u2606CRYO-M0DE\u2744\ufe0f\n|player|p1|CRYO-M0DE\u2744\ufe0f|melony\n","uploadtime":1699115175,"views":6,"p1id":"cryom0de","p2id":"gozillavskong","formatid":"gen9nationaldexubers","rating":1031,"private":0,"password":""}