{"id":"gen9nationaldexubers-1987170365","p1":"Viviexists","p2":"hollyxkid","format":"[Gen 9] National Dex Ubers","log":"|j|\u2606Viviexists\n|j|\u2606hollyxkid\n|t:|1699561985\n|gametype|singles\n|player|p1|Viviexists|mela|\n|player|p2|hollyxkid|lady|\n|teamsize|p1|6\n|teamsize|p2|6\n|gen|9\n|tier|[Gen 9] National Dex Ubers\n|rule|HP Percentage Mod: HP is shown in percentages\n|rule|Endless Battle Clause: Forcing endless battles is banned\n|rule|OHKO Clause: OHKO moves are banned\n|rule|Evasion Moves Clause: Evasion moves are banned\n|rule|Evasion Items Clause: Evasion items are banned\n|rule|Species Clause: Limit one of each Pok\u00e9mon\n|rule|Sleep Clause Mod: Limit one foe put to sleep\n|rule|Mega Rayquaza Clause: You cannot mega evolve Rayquaza\n|clearpoke\n|poke|p1|Sinistcha|\n|poke|p1|Ting-Lu|\n|poke|p1|Sableye, F|\n|poke|p1|Skeledirge, M|\n|poke|p1|Dondozo, F|\n|poke|p1|Clefable, F|\n|poke|p2|Lopunny, F|\n|poke|p2|Blissey, F|\n|poke|p2|Ditto|\n|poke|p2|Zoroark-Hisui, M|\n|poke|p2|Staraptor, F|\n|poke|p2|Ursaluna-Bloodmoon, M|\n|teampreview\n|c|\u2606hollyxkid|glhf\n|c|\u2606hollyxkid|tera cap?\n|\n|t:|1699562003\n|start\n|switch|p1a: Elf|Sableye, F|100\/100\n|switch|p2a: Jackie|Lopunny, F|100\/100\n|turn|1\n|c|\u2606Viviexists|Water dirge\n|\n|t:|1699562012\n|detailschange|p2a: Jackie|Lopunny-Mega, F\n|-mega|p2a: Jackie|Lopunny|Lopunnite\n|move|p2a: Jackie|Fake Out|p1a: Elf\n|-damage|p1a: Elf|69\/100\n|cant|p1a: Elf|flinch\n|\n|upkeep\n|turn|2\n|\n|t:|1699562017\n|switch|p2a: Tess|Blissey, F|100\/100\n|move|p1a: Elf|Will-O-Wisp|p2a: Tess\n|-status|p2a: Tess|brn\n|\n|-damage|p2a: Tess|94\/100 brn|[from] brn\n|upkeep\n|turn|3\n|\n|t:|1699562022\n|move|p2a: Tess|Toxic|p1a: Elf\n|-status|p1a: Elf|tox\n|move|p1a: Elf|Knock Off|p2a: Tess\n|-damage|p2a: Tess|72\/100 brn\n|-enditem|p2a: Tess|Heavy-Duty Boots|[from] move: Knock Off|[of] p1a: Elf\n|\n|-damage|p1a: Elf|64\/100 tox|[from] psn\n|-damage|p2a: Tess|65\/100 brn|[from] brn\n|upkeep\n|turn|4\n|\n|t:|1699562027\n|move|p1a: Elf|Recover|p1a: Elf\n|-heal|p1a: Elf|100\/100 tox\n|move|p2a: Tess|Teleport|p2a: Tess\n|\n|t:|1699562036\n|-curestatus|p2a: Tess|brn|[from] ability: Natural Cure\n|switch|p2a: Frank|Ursaluna-Bloodmoon, M|100\/100|[from] Teleport\n|\n|-damage|p1a: Elf|89\/100 tox|[from] psn\n|upkeep\n|turn|5\n|\n|t:|1699562042\n|switch|p1a: Rudolph|Ting-Lu|100\/100\n|-ability|p1a: Rudolph|Vessel of Ruin\n|move|p2a: Frank|Nasty Plot|p2a: Frank\n|-boost|p2a: Frank|spa|2\n|\n|upkeep\n|turn|6\n|\n|t:|1699562048\n|move|p2a: Frank|Hyper Voice|p1a: Rudolph\n|-crit|p1a: Rudolph\n|-damage|p1a: Rudolph|40\/100\n|move|p1a: Rudolph|Whirlwind|p2a: Frank\n|drag|p2a: matt|Ditto|100\/100\n|-transform|p2a: matt|p1a: Rudolph|[from] ability: Imposter\n|-ability|p2a: matt|Vessel of Ruin\n|\n|-heal|p1a: Rudolph|47\/100|[from] item: Leftovers\n|upkeep\n|turn|7\n|\n|t:|1699562061\n|switch|p1a: Die Hard|Sinistcha|100\/100\n|move|p2a: matt|Spikes|p1a: Die Hard\n|-sidestart|p1: Viviexists|Spikes\n|\n|upkeep\n|turn|8\n|\n|t:|1699562067\n|move|p1a: Die Hard|Matcha Gotcha|p2a: matt\n|-supereffective|p2a: matt\n|-damage|p2a: matt|58\/100\n|move|p2a: matt|Spikes|p1a: Die Hard\n|-sidestart|p1: Viviexists|Spikes\n|\n|upkeep\n|turn|9\n|\n|t:|1699562072\n|switch|p2a: Tess|Blissey, F|65\/100\n|move|p1a: Die Hard|Calm Mind|p1a: Die Hard\n|-boost|p1a: Die Hard|spa|1\n|-boost|p1a: Die Hard|spd|1\n|\n|upkeep\n|turn|10\n|\n|t:|1699562075\n|move|p1a: Die Hard|Matcha Gotcha|p2a: Tess\n|-damage|p2a: Tess|46\/100\n|move|p2a: Tess|Toxic|p1a: Die Hard\n|-status|p1a: Die Hard|tox\n|\n|-damage|p1a: Die Hard|94\/100 tox|[from] psn\n|upkeep\n|turn|11\n|\n|t:|1699562079\n|move|p1a: Die Hard|Matcha Gotcha|p2a: Tess\n|-damage|p2a: Tess|27\/100\n|-heal|p1a: Die Hard|100\/100 tox|[from] drain|[of] p2a: Tess\n|-status|p2a: Tess|brn\n|move|p2a: Tess|Soft-Boiled|p2a: Tess\n|-heal|p2a: Tess|77\/100 brn\n|\n|-damage|p1a: Die Hard|88\/100 tox|[from] psn\n|-damage|p2a: Tess|71\/100 brn|[from] brn\n|upkeep\n|turn|12\n|\n|t:|1699562090\n|switch|p1a: Rudolph|Ting-Lu|47\/100\n|-damage|p1a: Rudolph|30\/100|[from] Spikes\n|-ability|p1a: Rudolph|Vessel of Ruin\n|move|p2a: Tess|Teleport|p2a: Tess\n|\n|t:|1699562097\n|-curestatus|p2a: Tess|brn|[from] ability: Natural Cure\n|switch|p2a: Jackie|Lopunny-Mega, F|100\/100|[from] Teleport\n|\n|-heal|p1a: Rudolph|36\/100|[from] item: Leftovers\n|upkeep\n|turn|13\n|\n|t:|1699562103\n|switch|p1a: Home Alone|Dondozo, F|100\/100\n|-damage|p1a: Home Alone|84\/100|[from] Spikes\n|move|p2a: Jackie|Close Combat|p1a: Home Alone\n|-crit|p1a: Home Alone\n|-damage|p1a: Home Alone|42\/100\n|-unboost|p2a: Jackie|def|1\n|-unboost|p2a: Jackie|spd|1\n|\n|-heal|p1a: Home Alone|48\/100|[from] item: Leftovers\n|upkeep\n|turn|14\n|\n|t:|1699562111\n|move|p2a: Jackie|U-turn|p1a: Home Alone\n|-damage|p1a: Home Alone|36\/100\n|\n|t:|1699562120\n|switch|p2a: Hifumi|Staraptor, F|100\/100|[from] U-turn\n|-ability|p2a: Hifumi|Intimidate|boost\n|-unboost|p1a: Home Alone|atk|1\n|move|p1a: Home Alone|Rest|p1a: Home Alone\n|-status|p1a: Home Alone|slp|[from] move: Rest\n|-heal|p1a: Home Alone|100\/100 slp|[silent]\n|\n|upkeep\n|turn|15\n|\n|t:|1699562124\n|move|p2a: Hifumi|U-turn|p1a: Home Alone\n|-damage|p1a: Home Alone|92\/100 slp\n|\n|t:|1699562130\n|switch|p2a: Frank|Ursaluna-Bloodmoon, M|100\/100|[from] U-turn\n|cant|p1a: Home Alone|slp\n|move|p1a: Home Alone|Sleep Talk|p1a: Home Alone\n|move|p1a: Home Alone|Curse|p1a: Home Alone|[from]move: Sleep Talk\n|-unboost|p1a: Home Alone|spe|1\n|-boost|p1a: Home Alone|atk|1\n|-boost|p1a: Home Alone|def|1\n|\n|-heal|p1a: Home Alone|99\/100 slp|[from] item: Leftovers\n|upkeep\n|turn|16\n|\n|t:|1699562135\n|move|p2a: Frank|Calm Mind|p2a: Frank\n|-boost|p2a: Frank|spa|1\n|-boost|p2a: Frank|spd|1\n|cant|p1a: Home Alone|slp\n|move|p1a: Home Alone|Sleep Talk|p1a: Home Alone\n|move|p1a: Home Alone|Rest||[from]move: Sleep Talk|[still]\n|-fail|p1a: Home Alone\n|\n|-heal|p1a: Home Alone|100\/100 slp|[from] item: Leftovers\n|upkeep\n|turn|17\n|\n|t:|1699562140\n|move|p2a: Frank|Blood Moon|p1a: Home Alone\n|-damage|p1a: Home Alone|44\/100 slp\n|-curestatus|p1a: Home Alone|slp|[msg]\n|move|p1a: Home Alone|Wave Crash|p2a: Frank\n|-supereffective|p2a: Frank\n|-damage|p2a: Frank|60\/100\n|-damage|p1a: Home Alone|32\/100|[from] Recoil\n|\n|-heal|p2a: Frank|66\/100|[from] item: Leftovers\n|-heal|p1a: Home Alone|39\/100|[from] item: Leftovers\n|upkeep\n|turn|18\n|\n|t:|1699562147\n|move|p2a: Frank|Moonlight|p2a: Frank\n|-heal|p2a: Frank|100\/100\n|move|p1a: Home Alone|Rest|p1a: Home Alone\n|-status|p1a: Home Alone|slp|[from] move: Rest\n|-heal|p1a: Home Alone|100\/100 slp|[silent]\n|\n|upkeep\n|turn|19\n|\n|t:|1699562150\n|move|p2a: Frank|Blood Moon|p1a: Home Alone\n|-damage|p1a: Home Alone|41\/100 slp\n|cant|p1a: Home Alone|slp\n|move|p1a: Home Alone|Sleep Talk|p1a: Home Alone\n|move|p1a: Home Alone|Rest||[from]move: Sleep Talk|[still]\n|-fail|p1a: Home Alone\n|\n|-heal|p1a: Home Alone|47\/100 slp|[from] item: Leftovers\n|upkeep\n|turn|20\n|\n|t:|1699562158\n|move|p2a: Frank|Calm Mind|p2a: Frank\n|-boost|p2a: Frank|spa|1\n|-boost|p2a: Frank|spd|1\n|cant|p1a: Home Alone|slp\n|move|p1a: Home Alone|Sleep Talk|p1a: Home Alone\n|move|p1a: Home Alone|Curse|p1a: Home Alone|[from]move: Sleep Talk\n|-unboost|p1a: Home Alone|spe|1\n|-boost|p1a: Home Alone|atk|1\n|-boost|p1a: Home Alone|def|1\n|\n|-heal|p1a: Home Alone|53\/100 slp|[from] item: Leftovers\n|upkeep\n|turn|21\n|\n|t:|1699562173\n|switch|p1a: Rudolph|Ting-Lu|36\/100\n|-damage|p1a: Rudolph|20\/100|[from] Spikes\n|-ability|p1a: Rudolph|Vessel of Ruin\n|move|p2a: Frank|Blood Moon|p1a: Rudolph\n|-damage|p1a: Rudolph|0 fnt\n|faint|p1a: Rudolph\n|\n|upkeep\n|\n|t:|1699562178\n|switch|p1a: Frosty the Snowman|Clefable, F|100\/100\n|turn|22\n|\n|t:|1699562184\n|move|p2a: Frank|Calm Mind|p2a: Frank\n|-boost|p2a: Frank|spa|1\n|-boost|p2a: Frank|spd|1\n|move|p1a: Frosty the Snowman|Heal Bell|p1a: Frosty the Snowman\n|-activate|p1a: Frosty the Snowman|move: Heal Bell\n|-curestatus|p1: Elf|tox|[msg]\n|-curestatus|p1: Die Hard|tox|[msg]\n|-curestatus|p1: Home Alone|slp|[msg]\n|\n|upkeep\n|turn|23\n|\n|t:|1699562194\n|switch|p1a: A Christmas Carol|Skeledirge, M|100\/100\n|move|p2a: Frank|Blood Moon|p1a: A Christmas Carol\n|-damage|p1a: A Christmas Carol|52\/100\n|\n|upkeep\n|turn|24\n|\n|t:|1699562200\n|-terastallize|p1a: A Christmas Carol|Water\n|move|p1a: A Christmas Carol|Slack Off|p1a: A Christmas Carol\n|-heal|p1a: A Christmas Carol|100\/100\n|move|p2a: Frank|Calm Mind|p2a: Frank\n|-boost|p2a: Frank|spa|1\n|-boost|p2a: Frank|spd|1\n|\n|upkeep\n|turn|25\n|\n|t:|1699562211\n|switch|p2a: Tess|Blissey, F|71\/100\n|move|p1a: A Christmas Carol|Torch Song|p2a: Tess\n|-damage|p2a: Tess|60\/100\n|-boost|p1a: A Christmas Carol|spa|1\n|\n|upkeep\n|turn|26\n|\n|t:|1699562220\n|move|p1a: A Christmas Carol|Torch Song|p2a: Tess\n|-damage|p2a: Tess|44\/100\n|-boost|p1a: A Christmas Carol|spa|1\n|move|p2a: Tess|Toxic|p1a: A Christmas Carol\n|-status|p1a: A Christmas Carol|tox\n|\n|-damage|p1a: A Christmas Carol|94\/100 tox|[from] psn\n|upkeep\n|turn|27\n|\n|t:|1699562226\n|move|p1a: A Christmas Carol|Torch Song|p2a: Tess\n|-damage|p2a: Tess|21\/100\n|-boost|p1a: A Christmas Carol|spa|1\n|move|p2a: Tess|Soft-Boiled|p2a: Tess\n|-heal|p2a: Tess|71\/100\n|\n|-damage|p1a: A Christmas Carol|82\/100 tox|[from] psn\n|upkeep\n|turn|28\n|\n|t:|1699562231\n|move|p1a: A Christmas Carol|Torch Song|p2a: Tess\n|-damage|p2a: Tess|42\/100\n|-boost|p1a: A Christmas Carol|spa|1\n|move|p2a: Tess|Seismic Toss|p1a: A Christmas Carol\n|-damage|p1a: A Christmas Carol|58\/100 tox\n|\n|-damage|p1a: A Christmas Carol|40\/100 tox|[from] psn\n|upkeep\n|turn|29\n|\n|t:|1699562239\n|move|p1a: A Christmas Carol|Slack Off|p1a: A Christmas Carol\n|-heal|p1a: A Christmas Carol|90\/100 tox\n|move|p2a: Tess|Teleport|p2a: Tess\n|\n|t:|1699562254\n|switch|p2a: Jackie|Lopunny-Mega, F|100\/100|[from] Teleport\n|\n|-damage|p1a: A Christmas Carol|65\/100 tox|[from] psn\n|upkeep\n|turn|30\n|\n|t:|1699562260\n|switch|p1a: Home Alone|Dondozo, F|53\/100\n|-damage|p1a: Home Alone|37\/100|[from] Spikes\n|move|p2a: Jackie|Fake Out|p1a: Home Alone\n|-damage|p1a: Home Alone|27\/100\n|\n|-heal|p1a: Home Alone|33\/100|[from] item: Leftovers\n|upkeep\n|turn|31\n|\n|t:|1699562264\n|move|p2a: Jackie|Return|p1a: Home Alone\n|-damage|p1a: Home Alone|10\/100\n|move|p1a: Home Alone|Rest|p1a: Home Alone\n|-status|p1a: Home Alone|slp|[from] move: Rest\n|-heal|p1a: Home Alone|100\/100 slp|[silent]\n|\n|upkeep\n|turn|32\n|\n|t:|1699562271\n|move|p2a: Jackie|U-turn|p1a: Home Alone\n|-damage|p1a: Home Alone|90\/100 slp\n|\n|t:|1699562286\n|switch|p2a: Frank|Ursaluna-Bloodmoon, M|100\/100|[from] U-turn\n|cant|p1a: Home Alone|slp\n|move|p1a: Home Alone|Sleep Talk|p1a: Home Alone\n|move|p1a: Home Alone|Rest||[from]move: Sleep Talk|[still]\n|-fail|p1a: Home Alone\n|\n|-heal|p1a: Home Alone|96\/100 slp|[from] item: Leftovers\n|upkeep\n|turn|33\n|\n|t:|1699562296\n|move|p2a: Frank|Calm Mind|p2a: Frank\n|-boost|p2a: Frank|spa|1\n|-boost|p2a: Frank|spd|1\n|cant|p1a: Home Alone|slp\n|move|p1a: Home Alone|Sleep Talk|p1a: Home Alone\n|move|p1a: Home Alone|Rest||[from]move: Sleep Talk|[still]\n|-fail|p1a: Home Alone\n|\n|-heal|p1a: Home Alone|100\/100 slp|[from] item: Leftovers\n|upkeep\n|turn|34\n|\n|t:|1699562301\n|move|p2a: Frank|Calm Mind|p2a: Frank\n|-boost|p2a: Frank|spa|1\n|-boost|p2a: Frank|spd|1\n|-curestatus|p1a: Home Alone|slp|[msg]\n|move|p1a: Home Alone|Wave Crash|p2a: Frank\n|-supereffective|p2a: Frank\n|-damage|p2a: Frank|57\/100\n|-damage|p1a: Home Alone|88\/100|[from] Recoil\n|\n|-heal|p2a: Frank|63\/100|[from] item: Leftovers\n|-heal|p1a: Home Alone|95\/100|[from] item: Leftovers\n|upkeep\n|turn|35\n|\n|t:|1699562307\n|move|p2a: Frank|Blood Moon|p1a: Home Alone\n|-damage|p1a: Home Alone|30\/100\n|move|p1a: Home Alone|Wave Crash|p2a: Frank\n|-supereffective|p2a: Frank\n|-damage|p2a: Frank|24\/100\n|-damage|p1a: Home Alone|19\/100|[from] Recoil\n|\n|-heal|p2a: Frank|30\/100|[from] item: Leftovers\n|-heal|p1a: Home Alone|25\/100|[from] item: Leftovers\n|upkeep\n|turn|36\n|\n|t:|1699562320\n|move|p2a: Frank|Moonlight|p2a: Frank\n|-heal|p2a: Frank|80\/100\n|move|p1a: Home Alone|Rest|p1a: Home Alone\n|-status|p1a: Home Alone|slp|[from] move: Rest\n|-heal|p1a: Home Alone|100\/100 slp|[silent]\n|\n|-heal|p2a: Frank|86\/100|[from] item: Leftovers\n|upkeep\n|turn|37\n|\n|t:|1699562327\n|move|p2a: Frank|Calm Mind|p2a: Frank\n|-boost|p2a: Frank|spa|1\n|-boost|p2a: Frank|spd|1\n|cant|p1a: Home Alone|slp\n|move|p1a: Home Alone|Sleep Talk|p1a: Home Alone\n|move|p1a: Home Alone|Wave Crash|p2a: Frank|[from]move: Sleep Talk\n|-supereffective|p2a: Frank\n|-damage|p2a: Frank|47\/100\n|-damage|p1a: Home Alone|90\/100 slp|[from] Recoil\n|\n|-heal|p2a: Frank|53\/100|[from] item: Leftovers\n|-heal|p1a: Home Alone|96\/100 slp|[from] item: Leftovers\n|upkeep\n|turn|38\n|\n|t:|1699562332\n|move|p2a: Frank|Moonlight|p2a: Frank\n|-heal|p2a: Frank|100\/100\n|cant|p1a: Home Alone|slp\n|move|p1a: Home Alone|Sleep Talk|p1a: Home Alone\n|move|p1a: Home Alone|Wave Crash|p2a: Frank|[from]move: Sleep Talk\n|-supereffective|p2a: Frank\n|-damage|p2a: Frank|59\/100\n|-damage|p1a: Home Alone|84\/100 slp|[from] Recoil\n|\n|-heal|p2a: Frank|65\/100|[from] item: Leftovers\n|-heal|p1a: Home Alone|90\/100 slp|[from] item: Leftovers\n|upkeep\n|turn|39\n|\n|t:|1699562340\n|move|p2a: Frank|Blood Moon|p1a: Home Alone\n|-damage|p1a: Home Alone|25\/100 slp\n|-curestatus|p1a: Home Alone|slp|[msg]\n|move|p1a: Home Alone|Curse|p1a: Home Alone\n|-unboost|p1a: Home Alone|spe|1\n|-boost|p1a: Home Alone|atk|1\n|-boost|p1a: Home Alone|def|1\n|\n|-heal|p2a: Frank|71\/100|[from] item: Leftovers\n|-heal|p1a: Home Alone|31\/100|[from] item: Leftovers\n|upkeep\n|turn|40\n|\n|t:|1699562344\n|move|p2a: Frank|Calm Mind|p2a: Frank\n|-boost|p2a: Frank|spa|1\n|-boost|p2a: Frank|spd|1\n|move|p1a: Home Alone|Rest|p1a: Home Alone\n|-status|p1a: Home Alone|slp|[from] move: Rest\n|-heal|p1a: Home Alone|100\/100 slp|[silent]\n|\n|-heal|p2a: Frank|77\/100|[from] item: Leftovers\n|upkeep\n|turn|41\n|\n|t:|1699562348\n|move|p2a: Frank|Calm Mind|p2a: Frank\n|-boost|p2a: Frank|spa|1\n|-boost|p2a: Frank|spd|1\n|cant|p1a: Home Alone|slp\n|move|p1a: Home Alone|Sleep Talk|p1a: Home Alone\n|move|p1a: Home Alone|Curse|p1a: Home Alone|[from]move: Sleep Talk\n|-unboost|p1a: Home Alone|spe|1\n|-boost|p1a: Home Alone|atk|1\n|-boost|p1a: Home Alone|def|1\n|\n|-heal|p2a: Frank|83\/100|[from] item: Leftovers\n|upkeep\n|turn|42\n|\n|t:|1699562352\n|move|p2a: Frank|Calm Mind|p2a: Frank\n|-boost|p2a: Frank|spa|1\n|-boost|p2a: Frank|spd|1\n|cant|p1a: Home Alone|slp\n|move|p1a: Home Alone|Sleep Talk|p1a: Home Alone\n|move|p1a: Home Alone|Curse|p1a: Home Alone|[from]move: Sleep Talk\n|-unboost|p1a: Home Alone|spe|1\n|-boost|p1a: Home Alone|atk|1\n|-boost|p1a: Home Alone|def|1\n|\n|-heal|p2a: Frank|89\/100|[from] item: Leftovers\n|upkeep\n|turn|43\n|\n|t:|1699562355\n|move|p2a: Frank|Blood Moon|p1a: Home Alone\n|-damage|p1a: Home Alone|40\/100 slp\n|-curestatus|p1a: Home Alone|slp|[msg]\n|move|p1a: Home Alone|Wave Crash|p2a: Frank\n|-supereffective|p2a: Frank\n|-damage|p2a: Frank|0 fnt\n|faint|p2a: Frank\n|-damage|p1a: Home Alone|16\/100|[from] Recoil\n|\n|-heal|p1a: Home Alone|22\/100|[from] item: Leftovers\n|upkeep\n|\n|t:|1699562365\n|switch|p2a: Hifumi|Staraptor, F|100\/100\n|turn|44\n|\n|t:|1699562369\n|move|p2a: Hifumi|Hyper Voice|p1a: Home Alone\n|-damage|p1a: Home Alone|0 fnt\n|faint|p1a: Home Alone\n|\n|upkeep\n|c|\u2606Viviexists|Lmao I\u2019m so stupif\n|c|\u2606Viviexists|that\u2019s why it didn\u2019t intim me\n|c|\u2606Viviexists|it\n|c|\u2606Viviexists|wasn\u2019t staraptor\n|c|\u2606Viviexists|oops\n|\n|t:|1699562409\n|switch|p1a: Frosty the Snowman|Clefable, F|100\/100\n|turn|45\n|\n|t:|1699562416\n|move|p2a: Hifumi|Nasty Plot|p2a: Hifumi\n|-boost|p2a: Hifumi|spa|2\n|move|p1a: Frosty the Snowman|Heal Bell|p1a: Frosty the Snowman\n|-activate|p1a: Frosty the Snowman|move: Heal Bell\n|-curestatus|p1: A Christmas Carol|tox|[msg]\n|\n|upkeep\n|turn|46\n|\n|t:|1699562419\n|move|p2a: Hifumi|Hyper Voice|p1a: Frosty the Snowman\n|-damage|p1a: Frosty the Snowman|42\/100\n|move|p1a: Frosty the Snowman|Knock Off|p2a: Hifumi\n|-supereffective|p2a: Hifumi\n|-damage|p2a: Hifumi|38\/100\n|replace|p2a: Damien|Zoroark-Hisui, M\n|-end|p2a: Damien|Illusion\n|-enditem|p2a: Damien|Focus Sash|[from] move: Knock Off|[of] p1a: Frosty the Snowman\n|\n|-heal|p1a: Frosty the Snowman|48\/100|[from] item: Leftovers\n|upkeep\n|turn|47\n|\n|t:|1699562431\n|switch|p1a: A Christmas Carol|Skeledirge, M, tera:Water|65\/100\n|move|p2a: Damien|Hyper Voice|p1a: A Christmas Carol\n|-damage|p1a: A Christmas Carol|34\/100\n|\n|upkeep\n|turn|48\n|\n|t:|1699562438\n|move|p2a: Damien|Hyper Voice|p1a: A Christmas Carol\n|-damage|p1a: A Christmas Carol|0 fnt\n|faint|p1a: A Christmas Carol\n|\n|upkeep\n|\n|t:|1699562441\n|switch|p1a: Die Hard|Sinistcha|88\/100\n|-damage|p1a: Die Hard|72\/100|[from] Spikes\n|turn|49\n|\n|t:|1699562445\n|move|p2a: Damien|Shadow Ball|p1a: Die Hard\n|-supereffective|p1a: Die Hard\n|-damage|p1a: Die Hard|0 fnt\n|faint|p1a: Die Hard\n|\n|upkeep\n|\n|t:|1699562448\n|switch|p1a: Elf|Sableye, F|89\/100\n|-damage|p1a: Elf|72\/100|[from] Spikes\n|turn|50\n|\n|t:|1699562451\n|detailschange|p1a: Elf|Sableye-Mega, F\n|-mega|p1a: Elf|Sableye|Sablenite\n|move|p2a: Damien|Shadow Ball|p1a: Elf\n|-damage|p1a: Elf|7\/100\n|move|p1a: Elf|Knock Off|p2a: Damien\n|-supereffective|p2a: Damien\n|-damage|p2a: Damien|0 fnt\n|faint|p2a: Damien\n|\n|upkeep\n|\n|t:|1699562458\n|switch|p2a: Jackie|Lopunny-Mega, F|100\/100\n|turn|51\n|\n|t:|1699562462\n|move|p2a: Jackie|Fake Out|p1a: Elf\n|-damage|p1a: Elf|0 fnt\n|faint|p1a: Elf\n|\n|upkeep\n|\n|t:|1699562464\n|switch|p1a: Frosty the Snowman|Clefable, F|48\/100\n|turn|52\n|\n|t:|1699562467\n|move|p2a: Jackie|Return|p1a: Frosty the Snowman\n|-damage|p1a: Frosty the Snowman|0 fnt\n|faint|p1a: Frosty the Snowman\n|\n|win|hollyxkid\n|c|\u2606hollyxkid|gg\n|c|\u2606Viviexists|Gg\n|l|\u2606hollyxkid\n|c|\u2606Viviexists|Losing dozo screwed me lol\n","uploadtime":1699562490,"views":14,"p1id":"viviexists","p2id":"hollyxkid","formatid":"gen9nationaldexubers","rating":0,"private":0,"password":""}