{"id":"gen9nationaldexubers-1987984439","p1":"ambatusmurf","p2":"WintryY","format":"[Gen 9] National Dex Ubers","log":"|j|\u2606ambatusmurf\n|j|\u2606WintryY\n|t:|1699655958\n|gametype|singles\n|player|p1|ambatusmurf|rocker-gen3|\n|player|p2|WintryY|gambler|\n|teamsize|p1|6\n|teamsize|p2|6\n|gen|9\n|tier|[Gen 9] National Dex Ubers\n|rule|HP Percentage Mod: HP is shown in percentages\n|rule|Endless Battle Clause: Forcing endless battles is banned\n|rule|OHKO Clause: OHKO moves are banned\n|rule|Evasion Moves Clause: Evasion moves are banned\n|rule|Evasion Items Clause: Evasion items are banned\n|rule|Species Clause: Limit one of each Pok\u00e9mon\n|rule|Sleep Clause Mod: Limit one foe put to sleep\n|rule|Mega Rayquaza Clause: You cannot mega evolve Rayquaza\n|clearpoke\n|poke|p1|Rayquaza|\n|poke|p1|Hatterene, F|\n|poke|p1|Melmetal|\n|poke|p1|Kyogre|\n|poke|p1|Calyrex-Ice|\n|poke|p1|Arceus|\n|poke|p2|Necrozma-Dusk-Mane|\n|poke|p2|Zacian-*|\n|poke|p2|Mewtwo|\n|poke|p2|Deoxys-Attack|\n|poke|p2|Dragonite, M|\n|poke|p2|Kyogre|\n|teampreview\n|inactive|Battle timer is ON: inactive players will automatically lose when time's up. (requested by ambatusmurf)\n|c|\u2606ambatusmurf|you dare bring light to my lair?\n|\n|t:|1699655967\n|start\n|switch|p1a: Drumstick|Hatterene, F|100\/100\n|switch|p2a: Necrozma|Necrozma-Dusk-Mane|100\/100\n|turn|1\n|c|\u2606ambatusmurf|you must die\n|c|\u2606WintryY|you're not him\n|\n|t:|1699655979\n|detailschange|p2a: Necrozma|Necrozma-Ultra\n|-burst|p2a: Necrozma|Necrozma|Ultranecrozium Z\n|move|p2a: Necrozma|Sunsteel Strike|p1a: Drumstick\n|-supereffective|p1a: Drumstick\n|-enditem|p1a: Drumstick|Focus Sash\n|-damage|p1a: Drumstick|1\/100\n|move|p1a: Drumstick|Trick Room|p1a: Drumstick\n|-fieldstart|move: Trick Room|[of] p1a: Drumstick\n|\n|upkeep\n|turn|2\n|c|\u2606ambatusmurf|yeah i'm her\n|j| StupidusRex\n|\n|t:|1699655987\n|move|p1a: Drumstick|Misty Explosion|p2a: Necrozma\n|-supereffective|p2a: Necrozma\n|-damage|p2a: Necrozma|0 fnt\n|faint|p1a: Drumstick\n|faint|p2a: Necrozma\n|\n|upkeep\n|c|\u2606ambatusmurf|no\n|c|\u2606ambatusmurf|IM her\n|c|\u2606ambatusmurf|lol -pika\n|c|\u2606ambatusmurf|ty honey -katie\n|c| StupidusRex|perfect time to show up\n|c|\u2606ambatusmurf|theyre dating\n|\n|t:|1699656003\n|switch|p1a: Femme Metale|Melmetal, shiny|100\/100\n|switch|p2a: Zacian|Zacian-Crowned|100\/100\n|-ability|p2a: Zacian|Intrepid Sword|boost\n|-boost|p2a: Zacian|atk|1\n|turn|3\n|c|\u2606ambatusmurf|we are\n|c|\u2606ambatusmurf|:3\n|c|\u2606ambatusmurf|welcome honey -pika\n|\n|t:|1699656012\n|-terastallize|p1a: Femme Metale|Steel\n|move|p1a: Femme Metale|Double Iron Bash|p2a: Zacian\n|-damage|p2a: Zacian|12\/100\n|-damage|p2a: Zacian|0 fnt\n|faint|p2a: Zacian\n|-hitcount|p2: Zacian|2\n|\n|upkeep\n|\n|t:|1699656019\n|switch|p2a: Dragonite|Dragonite, M|100\/100\n|turn|4\n|c|\u2606ambatusmurf|im bashing im bashing\n|\n|t:|1699656022\n|move|p1a: Femme Metale|Double Iron Bash|p2a: Dragonite\n|-damage|p2a: Dragonite|53\/100\n|-crit|p2a: Dragonite\n|-damage|p2a: Dragonite|0 fnt\n|faint|p2a: Dragonite\n|-hitcount|p2: Dragonite|2\n|\n|upkeep\n|c|\u2606ambatusmurf|-pika\n|\n|t:|1699656028\n|switch|p2a: Mewtwo|Mewtwo|100\/100\n|-ability|p2a: Mewtwo|Pressure\n|turn|5\n|c|\u2606ambatusmurf|IM BASHIIING -katie\n|\n|t:|1699656032\n|detailschange|p2a: Mewtwo|Mewtwo-Mega-Y\n|-mega|p2a: Mewtwo|Mewtwo|Mewtwonite Y\n|move|p1a: Femme Metale|Double Iron Bash|p2a: Mewtwo\n|-damage|p2a: Mewtwo|0 fnt\n|faint|p2a: Mewtwo\n|-hitcount|p2: Mewtwo|1\n|\n|-fieldend|move: Trick Room\n|upkeep\n|c| StupidusRex|luhmaow ecks dee\n|\n|t:|1699656036\n|switch|p2a: Kyogre|Kyogre|100\/100\n|-weather|RainDance|[from] ability: Drizzle|[of] p2a: Kyogre\n|turn|6\n|\n|t:|1699656040\n|switch|p1a: Emerald|Rayquaza|100\/100\n|-ability|p1a: Emerald|Air Lock\n|-terastallize|p2a: Kyogre|Water\n|move|p2a: Kyogre|Water Spout|p1a: Emerald\n|-resisted|p1a: Emerald\n|-damage|p1a: Emerald|50\/100\n|\n|-weather|RainDance|[upkeep]\n|upkeep\n|turn|7\n|\n|t:|1699656048\n|move|p1a: Emerald|Extreme Speed|p2a: Kyogre\n|-damage|p2a: Kyogre|50\/100\n|-damage|p1a: Emerald|40\/100|[from] item: Life Orb\n|move|p2a: Kyogre|Water Spout|p1a: Emerald\n|-resisted|p1a: Emerald\n|-damage|p1a: Emerald|14\/100\n|\n|-weather|RainDance|[upkeep]\n|upkeep\n|turn|8\n|c|\u2606ambatusmurf|lol\n|\n|t:|1699656056\n|move|p1a: Emerald|Extreme Speed|p2a: Kyogre\n|-damage|p2a: Kyogre|0 fnt\n|faint|p2a: Kyogre\n|-damage|p1a: Emerald|4\/100|[from] item: Life Orb\n|\n|-weather|RainDance|[upkeep]\n|upkeep\n|c| StupidusRex|lol\n|c|\u2606ambatusmurf|lol\n|\n|t:|1699656060\n|switch|p2a: Deoxys|Deoxys-Attack|100\/100\n|-ability|p2a: Deoxys|Pressure\n|turn|9\n|\n|t:|1699656064\n|move|p1a: Emerald|Extreme Speed|p2a: Deoxys\n|-damage|p2a: Deoxys|0 fnt\n|faint|p2a: Deoxys\n|-damage|p1a: Emerald|0 fnt|[from] item: Life Orb\n|faint|p1a: Emerald\n|\n|win|ambatusmurf\n|c|\u2606ambatusmurf|le epic troll???\n|c|\u2606ambatusmurf|ur not him lil bro\n|c|\u2606ambatusmurf|trollface??\n","uploadtime":1699656071,"views":6,"p1id":"ambatusmurf","p2id":"wintryy","formatid":"gen9nationaldexubers","rating":0,"private":0,"password":""}