{"id":"gen9nationaldexubers-1999503380","p1":"AjMZBr","p2":"Ele3ctroYTX","format":"[Gen 9] National Dex Ubers","log":"|j|\u2606AjMZBr\n|j|\u2606Ele3ctroYTX\n|t:|1701089917\n|gametype|singles\n|player|p1|AjMZBr|red|1110\n|player|p2|Ele3ctroYTX|blaine|1087\n|teamsize|p1|6\n|teamsize|p2|6\n|gen|9\n|tier|[Gen 9] National Dex Ubers\n|rated|\n|rule|HP Percentage Mod: HP is shown in percentages\n|rule|Endless Battle Clause: Forcing endless battles is banned\n|rule|OHKO Clause: OHKO moves are banned\n|rule|Evasion Moves Clause: Evasion moves are banned\n|rule|Evasion Items Clause: Evasion items are banned\n|rule|Species Clause: Limit one of each Pok\u00e9mon\n|rule|Sleep Clause Mod: Limit one foe put to sleep\n|rule|Mega Rayquaza Clause: You cannot mega evolve Rayquaza\n|clearpoke\n|poke|p1|Venusaur, F|\n|poke|p1|Infernape, M|\n|poke|p1|Inteleon, F|\n|poke|p1|Lucario, M|\n|poke|p1|Glimmora, F|\n|poke|p1|Salamence, M|\n|poke|p2|Vivillon, F|\n|poke|p2|Blissey, F|\n|poke|p2|Annihilape, F|\n|poke|p2|Golisopod, M|\n|poke|p2|Furfrou, M|\n|poke|p2|Aggron, F|\n|teampreview\n|\n|t:|1701089928\n|start\n|switch|p1a: Glimmora|Glimmora, F|100\/100\n|switch|p2a: Aggron|Aggron, F|100\/100\n|turn|1\n|inactive|Battle timer is ON: inactive players will automatically lose when time's up. (requested by Ele3ctroYTX)\n|\n|t:|1701089935\n|move|p1a: Glimmora|Stealth Rock|p2a: Aggron\n|-sidestart|p2: Ele3ctroYTX|move: Stealth Rock\n|move|p2a: Aggron|Stealth Rock|p1a: Glimmora\n|-sidestart|p1: AjMZBr|move: Stealth Rock\n|\n|upkeep\n|turn|2\n|\n|t:|1701089941\n|switch|p1a: Salamence|Salamence, M|100\/100\n|detailschange|p2a: Aggron|Aggron-Mega, F\n|-mega|p2a: Aggron|Aggron|Aggronite\n|move|p2a: Aggron|Heavy Slam|p1a: Salamence\n|-damage|p1a: Salamence|62\/100\n|\n|upkeep\n|turn|3\n|\n|t:|1701089949\n|move|p1a: Salamence|Dragon Claw|p2a: Aggron\n|-resisted|p2a: Aggron\n|-damage|p2a: Aggron|91\/100\n|move|p2a: Aggron|Toxic|p1a: Salamence\n|-status|p1a: Salamence|tox\n|\n|-damage|p1a: Salamence|56\/100 tox|[from] psn\n|upkeep\n|turn|4\n|\n|t:|1701089952\n|move|p1a: Salamence|Earthquake|p2a: Aggron\n|-supereffective|p2a: Aggron\n|-damage|p2a: Aggron|70\/100\n|move|p2a: Aggron|Heavy Slam|p1a: Salamence\n|-damage|p1a: Salamence|17\/100 tox\n|\n|-damage|p1a: Salamence|5\/100 tox|[from] psn\n|upkeep\n|turn|5\n|\n|t:|1701089957\n|move|p1a: Salamence|Earthquake|p2a: Aggron\n|-supereffective|p2a: Aggron\n|-damage|p2a: Aggron|48\/100\n|move|p2a: Aggron|Heavy Slam|p1a: Salamence\n|-damage|p1a: Salamence|0 fnt\n|faint|p1a: Salamence\n|\n|upkeep\n|\n|t:|1701089961\n|switch|p1a: Inteleon|Inteleon, F|100\/100\n|-damage|p1a: Inteleon|88\/100|[from] Stealth Rock\n|turn|6\n|\n|t:|1701089966\n|move|p1a: Inteleon|Snipe Shot|p2a: Aggron\n|-damage|p2a: Aggron|19\/100\n|move|p2a: Aggron|Heavy Slam|p1a: Inteleon\n|-resisted|p1a: Inteleon\n|-damage|p1a: Inteleon|51\/100\n|\n|upkeep\n|turn|7\n|\n|t:|1701089970\n|move|p1a: Inteleon|Vacuum Wave|p2a: Aggron\n|-supereffective|p2a: Aggron\n|-damage|p2a: Aggron|5\/100\n|move|p2a: Aggron|Earthquake|p1a: Inteleon\n|-damage|p1a: Inteleon|11\/100\n|\n|upkeep\n|turn|8\n|\n|t:|1701089973\n|move|p1a: Inteleon|Vacuum Wave|p2a: Aggron\n|-supereffective|p2a: Aggron\n|-damage|p2a: Aggron|0 fnt\n|faint|p2a: Aggron\n|\n|upkeep\n|\n|t:|1701089976\n|switch|p2a: Golisopod|Golisopod, M|100\/100\n|-damage|p2a: Golisopod|76\/100|[from] Stealth Rock\n|turn|9\n|\n|t:|1701089980\n|move|p2a: Golisopod|First Impression|p1a: Inteleon\n|-damage|p1a: Inteleon|0 fnt\n|faint|p1a: Inteleon\n|\n|upkeep\n|\n|t:|1701089983\n|switch|p1a: Glimmora|Glimmora, F|100\/100\n|-damage|p1a: Glimmora|88\/100|[from] Stealth Rock\n|turn|10\n|\n|t:|1701089990\n|move|p1a: Glimmora|Mortal Spin|p2a: Golisopod\n|-damage|p2a: Golisopod|71\/100\n|-status|p2a: Golisopod|psn\n|-sideend|p1: AjMZBr|Stealth Rock|[from] move: Mortal Spin|[of] p1a: Glimmora\n|move|p2a: Golisopod|Leech Life|p1a: Glimmora\n|-resisted|p1a: Glimmora\n|-damage|p1a: Glimmora|65\/100\n|-heal|p2a: Golisopod|83\/100 psn|[from] drain|[of] p1a: Glimmora\n|-activate|p1a: Glimmora|ability: Toxic Debris\n|-sidestart|p2: Ele3ctroYTX|move: Toxic Spikes\n|\n|-damage|p2a: Golisopod|70\/100 psn|[from] psn\n|upkeep\n|turn|11\n|\n|t:|1701089997\n|move|p1a: Glimmora|Power Gem|p2a: Golisopod\n|-supereffective|p2a: Golisopod\n|-damage|p2a: Golisopod|0 fnt\n|faint|p2a: Golisopod\n|\n|upkeep\n|\n|t:|1701090006\n|switch|p2a: Vivillon|Vivillon, F|100\/100\n|-damage|p2a: Vivillon|51\/100|[from] Stealth Rock\n|turn|12\n|\n|t:|1701090010\n|move|p2a: Vivillon|Sleep Powder|p1a: Glimmora\n|-status|p1a: Glimmora|slp|[from] move: Sleep Powder\n|cant|p1a: Glimmora|slp\n|\n|-heal|p2a: Vivillon|57\/100|[from] item: Leftovers\n|upkeep\n|turn|13\n|\n|t:|1701090013\n|move|p2a: Vivillon|Substitute|p2a: Vivillon\n|-start|p2a: Vivillon|Substitute\n|-damage|p2a: Vivillon|32\/100\n|cant|p1a: Glimmora|slp\n|\n|-heal|p2a: Vivillon|38\/100|[from] item: Leftovers\n|upkeep\n|turn|14\n|\n|t:|1701090021\n|move|p2a: Vivillon|Quiver Dance|p2a: Vivillon\n|-boost|p2a: Vivillon|spa|1\n|-boost|p2a: Vivillon|spd|1\n|-boost|p2a: Vivillon|spe|1\n|-curestatus|p1a: Glimmora|slp|[msg]\n|move|p1a: Glimmora|Power Gem|p2a: Vivillon\n|-supereffective|p2a: Vivillon\n|-crit|p2a: Vivillon\n|-end|p2a: Vivillon|Substitute\n|\n|-heal|p2a: Vivillon|44\/100|[from] item: Leftovers\n|upkeep\n|turn|15\n|\n|t:|1701090025\n|move|p2a: Vivillon|Sleep Powder|p1a: Glimmora\n|-status|p1a: Glimmora|slp|[from] move: Sleep Powder\n|cant|p1a: Glimmora|slp\n|\n|-heal|p2a: Vivillon|50\/100|[from] item: Leftovers\n|upkeep\n|turn|16\n|\n|t:|1701090028\n|move|p2a: Vivillon|Substitute|p2a: Vivillon\n|-start|p2a: Vivillon|Substitute\n|-damage|p2a: Vivillon|25\/100\n|cant|p1a: Glimmora|slp\n|\n|-heal|p2a: Vivillon|31\/100|[from] item: Leftovers\n|upkeep\n|turn|17\n|\n|t:|1701090030\n|move|p2a: Vivillon|Quiver Dance|p2a: Vivillon\n|-boost|p2a: Vivillon|spa|1\n|-boost|p2a: Vivillon|spd|1\n|-boost|p2a: Vivillon|spe|1\n|cant|p1a: Glimmora|slp\n|\n|-heal|p2a: Vivillon|37\/100|[from] item: Leftovers\n|upkeep\n|turn|18\n|\n|t:|1701090033\n|move|p2a: Vivillon|Quiver Dance|p2a: Vivillon\n|-boost|p2a: Vivillon|spa|1\n|-boost|p2a: Vivillon|spd|1\n|-boost|p2a: Vivillon|spe|1\n|-curestatus|p1a: Glimmora|slp|[msg]\n|move|p1a: Glimmora|Power Gem|p2a: Vivillon\n|-supereffective|p2a: Vivillon\n|-end|p2a: Vivillon|Substitute\n|\n|-heal|p2a: Vivillon|43\/100|[from] item: Leftovers\n|upkeep\n|turn|19\n|\n|t:|1701090036\n|move|p2a: Vivillon|Sleep Powder|p1a: Glimmora\n|-status|p1a: Glimmora|slp|[from] move: Sleep Powder\n|cant|p1a: Glimmora|slp\n|\n|-heal|p2a: Vivillon|49\/100|[from] item: Leftovers\n|upkeep\n|turn|20\n|\n|t:|1701090039\n|move|p2a: Vivillon|Substitute|p2a: Vivillon\n|-start|p2a: Vivillon|Substitute\n|-damage|p2a: Vivillon|24\/100\n|-curestatus|p1a: Glimmora|slp|[msg]\n|move|p1a: Glimmora|Power Gem|p2a: Vivillon\n|-supereffective|p2a: Vivillon\n|-end|p2a: Vivillon|Substitute\n|\n|-heal|p2a: Vivillon|30\/100|[from] item: Leftovers\n|upkeep\n|turn|21\n|\n|t:|1701090044\n|move|p2a: Vivillon|Hurricane|p1a: Glimmora\n|-resisted|p1a: Glimmora\n|-damage|p1a: Glimmora|6\/100\n|move|p1a: Glimmora|Power Gem|p2a: Vivillon\n|-supereffective|p2a: Vivillon\n|-damage|p2a: Vivillon|0 fnt\n|faint|p2a: Vivillon\n|\n|upkeep\n|\n|t:|1701090052\n|switch|p2a: Furfrou|Furfrou, M|100\/100\n|-damage|p2a: Furfrou|88\/100|[from] Stealth Rock\n|-status|p2a: Furfrou|psn\n|turn|22\n|\n|t:|1701090062\n|move|p2a: Furfrou|Sucker Punch|p1a: Glimmora\n|-damage|p1a: Glimmora|0 fnt\n|-activate|p1a: Glimmora|ability: Toxic Debris\n|-sidestart|p2: Ele3ctroYTX|move: Toxic Spikes\n|faint|p1a: Glimmora\n|\n|-damage|p2a: Furfrou|76\/100 psn|[from] psn\n|upkeep\n|\n|t:|1701090084\n|switch|p1a: Infernape|Infernape, M|100\/100\n|turn|23\n|\n|t:|1701090090\n|move|p2a: Furfrou|Sucker Punch||[still]\n|-fail|p2a: Furfrou\n|move|p1a: Infernape|Swords Dance|p1a: Infernape\n|-boost|p1a: Infernape|atk|2\n|\n|-damage|p2a: Furfrou|63\/100 psn|[from] psn\n|upkeep\n|turn|24\n|\n|t:|1701090097\n|move|p2a: Furfrou|Sucker Punch|p1a: Infernape\n|-resisted|p1a: Infernape\n|-damage|p1a: Infernape|83\/100\n|move|p1a: Infernape|Mach Punch|p2a: Furfrou\n|-supereffective|p2a: Furfrou\n|-damage|p2a: Furfrou|0 fnt\n|faint|p2a: Furfrou\n|\n|upkeep\n|\n|t:|1701090103\n|switch|p2a: Annihilape|Annihilape, F|100\/100\n|-damage|p2a: Annihilape|94\/100|[from] Stealth Rock\n|-status|p2a: Annihilape|tox\n|turn|25\n|\n|t:|1701090119\n|move|p2a: Annihilape|Final Gambit|p1a: Infernape\n|-damage|p1a: Infernape|0 fnt\n|faint|p2a: Annihilape\n|faint|p1a: Infernape\n|\n|upkeep\n|\n|t:|1701090123\n|switch|p2a: Blissey|Blissey, F|100\/100\n|switch|p1a: Venusaur|Venusaur, F|100\/100\n|-damage|p2a: Blissey|88\/100|[from] Stealth Rock\n|-status|p2a: Blissey|tox\n|turn|26\n|\n|t:|1701090128\n|move|p1a: Venusaur|Leech Seed|p2a: Blissey\n|-start|p2a: Blissey|move: Leech Seed\n|move|p2a: Blissey|Seismic Toss|p1a: Venusaur\n|-damage|p1a: Venusaur|70\/100\n|\n|-heal|p2a: Blissey|94\/100 tox|[from] item: Leftovers\n|-damage|p2a: Blissey|82\/100 tox|[from] Leech Seed|[of] p1a: Venusaur\n|-heal|p1a: Venusaur|97\/100|[silent]\n|-damage|p2a: Blissey|76\/100 tox|[from] psn\n|upkeep\n|turn|27\n|\n|t:|1701090143\n|move|p1a: Venusaur|Giga Drain|p2a: Blissey\n|-damage|p2a: Blissey|65\/100 tox\n|-heal|p1a: Venusaur|100\/100|[from] drain|[of] p2a: Blissey\n|move|p2a: Blissey|Seismic Toss|p1a: Venusaur\n|-damage|p1a: Venusaur|70\/100\n|\n|-heal|p2a: Blissey|71\/100 tox|[from] item: Leftovers\n|-damage|p2a: Blissey|58\/100 tox|[from] Leech Seed|[of] p1a: Venusaur\n|-heal|p1a: Venusaur|97\/100|[silent]\n|-damage|p2a: Blissey|46\/100 tox|[from] psn\n|upkeep\n|turn|28\n|\n|t:|1701090151\n|switch|p1a: Lucario|Lucario, M|100\/100\n|move|p2a: Blissey|Soft-Boiled|p2a: Blissey\n|-heal|p2a: Blissey|96\/100 tox\n|\n|-heal|p2a: Blissey|100\/100 tox|[from] item: Leftovers\n|-damage|p2a: Blissey|88\/100 tox|[from] Leech Seed|[of] p1a: Lucario\n|-damage|p2a: Blissey|70\/100 tox|[from] psn\n|upkeep\n|turn|29\n|\n|t:|1701090158\n|detailschange|p1a: Lucario|Lucario-Mega, M\n|-mega|p1a: Lucario|Lucario|Lucarionite\n|move|p1a: Lucario|Vacuum Wave|p2a: Blissey\n|-supereffective|p2a: Blissey\n|-damage|p2a: Blissey|48\/100 tox\n|move|p2a: Blissey|Seismic Toss|p1a: Lucario\n|-damage|p1a: Lucario|68\/100\n|\n|-heal|p2a: Blissey|54\/100 tox|[from] item: Leftovers\n|-damage|p2a: Blissey|42\/100 tox|[from] Leech Seed|[of] p1a: Lucario\n|-heal|p1a: Lucario|97\/100|[silent]\n|-damage|p2a: Blissey|17\/100 tox|[from] psn\n|upkeep\n|turn|30\n|\n|t:|1701090167\n|move|p1a: Lucario|Vacuum Wave|p2a: Blissey\n|-supereffective|p2a: Blissey\n|-damage|p2a: Blissey|0 fnt\n|faint|p2a: Blissey\n|\n|win|AjMZBr\n|raw|AjMZBr's rating: 1110 &rarr; <strong>1133<\/strong><br \/>(+23 for winning)\n|raw|Ele3ctroYTX's rating: 1087 &rarr; <strong>1065<\/strong><br \/>(-22 for losing)\n|l|\u2606Ele3ctroYTX\n","uploadtime":1701090172,"views":1,"p1id":"ajmzbr","p2id":"ele3ctroytx","formatid":"gen9nationaldexubers","rating":1065,"private":0,"password":""}