{"id":"gen9nationaldexubers-1987367550","p1":"Rhyfinn 01","p2":"Gigabot50","format":"[Gen 9] National Dex Ubers","log":"|j|\u2606Rhyfinn 01\n|j|\u2606Gigabot50\n|t:|1699582510\n|gametype|singles\n|player|p1|Rhyfinn 01|alder|1000\n|player|p2|Gigabot50|palmer|1078\n|teamsize|p1|6\n|teamsize|p2|6\n|gen|9\n|tier|[Gen 9] National Dex Ubers\n|rated|\n|rule|HP Percentage Mod: HP is shown in percentages\n|rule|Endless Battle Clause: Forcing endless battles is banned\n|rule|OHKO Clause: OHKO moves are banned\n|rule|Evasion Moves Clause: Evasion moves are banned\n|rule|Evasion Items Clause: Evasion items are banned\n|rule|Species Clause: Limit one of each Pok\u00e9mon\n|rule|Sleep Clause Mod: Limit one foe put to sleep\n|rule|Mega Rayquaza Clause: You cannot mega evolve Rayquaza\n|clearpoke\n|poke|p1|Groudon|\n|poke|p1|Xerneas-*|\n|poke|p1|Marshadow|\n|poke|p1|Necrozma-Dusk-Mane|\n|poke|p1|Deoxys-Speed|\n|poke|p1|Rayquaza|\n|poke|p2|Golisopod, M|\n|poke|p2|Beedrill, F|\n|poke|p2|Pheromosa|\n|poke|p2|Genesect-Douse|\n|poke|p2|Lokix, M|\n|poke|p2|Scizor, F|\n|teampreview\n|inactive|Battle timer is ON: inactive players will automatically lose when time's up. (requested by Gigabot50)\n|inactive|Rhyfinn 01 also wants the timer to be on.\n|\n|t:|1699582520\n|start\n|switch|p1a: Deoxys|Deoxys-Speed|100\/100\n|switch|p2a: Beedrill|Beedrill, F|100\/100\n|-ability|p1a: Deoxys|Pressure\n|turn|1\n|\n|t:|1699582528\n|move|p1a: Deoxys|Taunt|p2a: Beedrill\n|-start|p2a: Beedrill|move: Taunt\n|cant|p2a: Beedrill|move: Taunt|Toxic Spikes\n|\n|upkeep\n|turn|2\n|\n|t:|1699582534\n|move|p1a: Deoxys|Stealth Rock|p2a: Beedrill\n|-sidestart|p2: Gigabot50|move: Stealth Rock\n|move|p2a: Beedrill|Twineedle|p1a: Deoxys\n|-supereffective|p1a: Deoxys\n|-crit|p1a: Deoxys\n|-damage|p1a: Deoxys|41\/100\n|-supereffective|p1a: Deoxys\n|-damage|p1a: Deoxys|17\/100\n|-status|p1a: Deoxys|psn\n|-hitcount|p1a: Deoxys|2\n|\n|-damage|p1a: Deoxys|4\/100 psn|[from] psn\n|upkeep\n|turn|3\n|\n|t:|1699582546\n|move|p1a: Deoxys|Spikes|p2a: Beedrill\n|-sidestart|p2: Gigabot50|Spikes\n|move|p2a: Beedrill|Poison Jab|p1a: Deoxys\n|-damage|p1a: Deoxys|0 fnt\n|faint|p1a: Deoxys\n|\n|-end|p2a: Beedrill|move: Taunt\n|upkeep\n|\n|t:|1699582558\n|switch|p1a: Groudon|Groudon, shiny|100\/100\n|detailschange|p1a: Groudon|Groudon-Primal, shiny\n|-primal|p1a: Groudon|Red Orb\n|-weather|DesolateLand|[from] ability: Desolate Land|[of] p1a: Groudon\n|turn|4\n|\n|t:|1699582563\n|move|p1a: Groudon|Rock Polish|p1a: Groudon\n|-boost|p1a: Groudon|spe|2\n|move|p2a: Beedrill|Toxic Spikes|p1a: Groudon\n|-sidestart|p1: Rhyfinn 01|move: Toxic Spikes\n|\n|-weather|DesolateLand|[upkeep]\n|upkeep\n|turn|5\n|\n|t:|1699582569\n|move|p1a: Groudon|Flamethrower|p2a: Beedrill\n|-supereffective|p2a: Beedrill\n|-enditem|p2a: Beedrill|Focus Sash\n|-damage|p2a: Beedrill|1\/100\n|move|p2a: Beedrill|Toxic Spikes|p1a: Groudon\n|-sidestart|p1: Rhyfinn 01|move: Toxic Spikes\n|\n|-weather|DesolateLand|[upkeep]\n|upkeep\n|turn|6\n|\n|t:|1699582577\n|move|p1a: Groudon|Flamethrower|p2a: Beedrill\n|-supereffective|p2a: Beedrill\n|-damage|p2a: Beedrill|0 fnt\n|faint|p2a: Beedrill\n|\n|-weather|DesolateLand|[upkeep]\n|upkeep\n|\n|t:|1699582599\n|switch|p2a: Kickback|Lokix, M|100\/100\n|-damage|p2a: Kickback|76\/100|[from] Stealth Rock\n|-damage|p2a: Kickback|63\/100|[from] Spikes\n|turn|7\n|\n|t:|1699582605\n|move|p1a: Groudon|Flamethrower|p2a: Kickback\n|-supereffective|p2a: Kickback\n|-damage|p2a: Kickback|0 fnt\n|faint|p2a: Kickback\n|\n|-weather|DesolateLand|[upkeep]\n|upkeep\n|\n|t:|1699582614\n|switch|p2a: Cocytus|Golisopod, M|100\/100\n|-damage|p2a: Cocytus|76\/100|[from] Stealth Rock\n|-damage|p2a: Cocytus|63\/100|[from] Spikes\n|turn|8\n|\n|t:|1699582622\n|move|p2a: Cocytus|First Impression|p1a: Groudon\n|-resisted|p1a: Groudon\n|-damage|p1a: Groudon|82\/100\n|move|p1a: Groudon|Flamethrower|p2a: Cocytus\n|-damage|p2a: Cocytus|0 fnt\n|faint|p2a: Cocytus\n|\n|-weather|DesolateLand|[upkeep]\n|upkeep\n|\n|t:|1699582630\n|switch|p2a: Ryuko|Scizor, F|100\/100\n|-damage|p2a: Ryuko|88\/100|[from] Stealth Rock\n|-damage|p2a: Ryuko|76\/100|[from] Spikes\n|turn|9\n|\n|t:|1699582637\n|-terastallize|p2a: Ryuko|Steel\n|move|p2a: Ryuko|Bullet Punch|p1a: Groudon\n|-resisted|p1a: Groudon\n|-damage|p1a: Groudon|61\/100\n|move|p1a: Groudon|Flamethrower|p2a: Ryuko\n|-supereffective|p2a: Ryuko\n|-damage|p2a: Ryuko|0 fnt\n|faint|p2a: Ryuko\n|\n|-weather|DesolateLand|[upkeep]\n|upkeep\n|\n|t:|1699582648\n|switch|p2a: Bombshell|Genesect-Douse|100\/100\n|-damage|p2a: Bombshell|88\/100|[from] Stealth Rock\n|-damage|p2a: Bombshell|76\/100|[from] Spikes\n|-ability|p2a: Bombshell|Download|boost\n|-boost|p2a: Bombshell|spa|1\n|turn|10\n|\n|t:|1699582659\n|move|p1a: Groudon|Flamethrower|p2a: Bombshell\n|-supereffective|p2a: Bombshell\n|-damage|p2a: Bombshell|0 fnt\n|faint|p2a: Bombshell\n|\n|-weather|DesolateLand|[upkeep]\n|upkeep\n|\n|t:|1699582664\n|switch|p2a: Ragyo|Pheromosa, shiny|100\/100\n|-damage|p2a: Ragyo|88\/100|[from] Stealth Rock\n|-damage|p2a: Ragyo|76\/100|[from] Spikes\n|turn|11\n|\n|t:|1699582677\n|move|p1a: Groudon|Flamethrower|p2a: Ragyo\n|-supereffective|p2a: Ragyo\n|-damage|p2a: Ragyo|0 fnt\n|faint|p2a: Ragyo\n|\n|win|Rhyfinn 01\n|raw|Rhyfinn 01's rating: 1000 &rarr; <strong>1049<\/strong><br \/>(+49 for winning)\n|raw|Gigabot50's rating: 1078 &rarr; <strong>1052<\/strong><br \/>(-26 for losing)\n","uploadtime":1699582683,"views":5,"p1id":"rhyfinn01","p2id":"gigabot50","formatid":"gen9nationaldexubers","rating":1049,"private":0,"password":""}