{"id":"gen9nationaldexubers-1988090883","p1":"SpookyMareep","p2":"Rhyfinn 01","format":"[Gen 9] National Dex Ubers","log":"|j|\u2606SpookyMareep\n|j|\u2606Rhyfinn 01\n|t:|1699668395\n|gametype|singles\n|player|p1|SpookyMareep|scientistf|1454\n|player|p2|Rhyfinn 01|alder|1320\n|teamsize|p1|6\n|teamsize|p2|6\n|gen|9\n|tier|[Gen 9] National Dex Ubers\n|rated|\n|rule|HP Percentage Mod: HP is shown in percentages\n|rule|Endless Battle Clause: Forcing endless battles is banned\n|rule|OHKO Clause: OHKO moves are banned\n|rule|Evasion Moves Clause: Evasion moves are banned\n|rule|Evasion Items Clause: Evasion items are banned\n|rule|Species Clause: Limit one of each Pok\u00e9mon\n|rule|Sleep Clause Mod: Limit one foe put to sleep\n|rule|Mega Rayquaza Clause: You cannot mega evolve Rayquaza\n|clearpoke\n|poke|p1|Ditto|\n|poke|p1|Marshadow|\n|poke|p1|Toxapex, F|\n|poke|p1|Quagsire, M|\n|poke|p1|Landorus-Therian, M|\n|poke|p1|Zacian-*|\n|poke|p2|Groudon|\n|poke|p2|Xerneas-*|\n|poke|p2|Marshadow|\n|poke|p2|Necrozma-Dusk-Mane|\n|poke|p2|Deoxys-Speed|\n|poke|p2|Rayquaza|\n|teampreview\n|inactive|Battle timer is ON: inactive players will automatically lose when time's up. (requested by Rhyfinn 01)\n|\n|t:|1699668400\n|start\n|switch|p1a: Power Creep|Zacian-Crowned|100\/100\n|switch|p2a: Deoxys|Deoxys-Speed|100\/100\n|-ability|p2a: Deoxys|Pressure\n|-ability|p1a: Power Creep|Intrepid Sword|boost\n|-boost|p1a: Power Creep|atk|1\n|turn|1\n|\n|t:|1699668407\n|move|p2a: Deoxys|Taunt|p1a: Power Creep\n|-start|p1a: Power Creep|move: Taunt\n|move|p1a: Power Creep|Behemoth Blade|p2a: Deoxys\n|-enditem|p2a: Deoxys|Focus Sash\n|-damage|p2a: Deoxys|1\/100\n|\n|upkeep\n|turn|2\n|\n|t:|1699668414\n|move|p2a: Deoxys|Stealth Rock|p1a: Power Creep\n|-sidestart|p1: SpookyMareep|move: Stealth Rock\n|move|p1a: Power Creep|Behemoth Blade|p2a: Deoxys\n|-damage|p2a: Deoxys|0 fnt\n|faint|p2a: Deoxys\n|\n|upkeep\n|\n|t:|1699668419\n|switch|p2a: Groudon|Groudon, shiny|100\/100\n|detailschange|p2a: Groudon|Groudon-Primal, shiny\n|-primal|p2a: Groudon|Red Orb\n|-weather|DesolateLand|[from] ability: Desolate Land|[of] p2a: Groudon\n|turn|3\n|\n|t:|1699668423\n|switch|p1a: Stoopu Doopu|Toxapex, F|100\/100\n|-damage|p1a: Stoopu Doopu|88\/100|[from] Stealth Rock\n|move|p2a: Groudon|Rock Polish|p2a: Groudon\n|-boost|p2a: Groudon|spe|2\n|\n|-weather|DesolateLand|[upkeep]\n|upkeep\n|turn|4\n|\n|t:|1699668429\n|switch|p1a: THIS IS PODRACING|Landorus-Therian, M|100\/100\n|-ability|p1a: THIS IS PODRACING|Intimidate|boost\n|-unboost|p2a: Groudon|atk|1\n|move|p2a: Groudon|Earth Power|p1a: THIS IS PODRACING\n|-immune|p1a: THIS IS PODRACING\n|\n|-weather|DesolateLand|[upkeep]\n|upkeep\n|turn|5\n|\n|t:|1699668433\n|switch|p1a: Stoopu Doopu|Toxapex, F|100\/100\n|-damage|p1a: Stoopu Doopu|88\/100|[from] Stealth Rock\n|move|p2a: Groudon|Flamethrower|p1a: Stoopu Doopu\n|-resisted|p1a: Stoopu Doopu\n|-crit|p1a: Stoopu Doopu\n|-damage|p1a: Stoopu Doopu|38\/100\n|\n|-weather|DesolateLand|[upkeep]\n|upkeep\n|turn|6\n|\n|t:|1699668443\n|switch|p1a: :)|Quagsire, M|100\/100\n|-damage|p1a: :)|94\/100|[from] Stealth Rock\n|move|p2a: Groudon|Earth Power|p1a: :)\n|-damage|p1a: :)|20\/100\n|\n|-weather|DesolateLand|[upkeep]\n|upkeep\n|turn|7\n|\n|t:|1699668447\n|switch|p1a: THIS IS PODRACING|Landorus-Therian, M|100\/100\n|-ability|p1a: THIS IS PODRACING|Intimidate|boost\n|-unboost|p2a: Groudon|atk|1\n|move|p2a: Groudon|Solar Beam||[still]\n|-prepare|p2a: Groudon|Solar Beam\n|-anim|p2a: Groudon|Solar Beam|p1a: THIS IS PODRACING\n|-damage|p1a: THIS IS PODRACING|46\/100\n|\n|-weather|DesolateLand|[upkeep]\n|upkeep\n|turn|8\n|c|\u2606SpookyMareep|ok\n|-message|SpookyMareep forfeited.\n|\n|win|Rhyfinn 01\n|raw|SpookyMareep's rating: 1454 &rarr; <strong>1427<\/strong><br \/>(-27 for losing)\n|raw|Rhyfinn 01's rating: 1320 &rarr; <strong>1347<\/strong><br \/>(+27 for winning)\n|l|\u2606SpookyMareep\n","uploadtime":1699668462,"views":4,"p1id":"spookymareep","p2id":"rhyfinn01","formatid":"gen9nationaldexubers","rating":1347,"private":0,"password":""}