{"id":"gen9nationaldexubers-1978993418","p1":"Yannix BP","p2":"tamebxm2","format":"[Gen 9] National Dex Ubers","log":"|j|\u2606Yannix BP\n|j|\u2606tamebxm2\n|t:|1698618703\n|gametype|singles\n|player|p1|Yannix BP|hilbert|\n|player|p2|tamebxm2|2|\n|teamsize|p1|3\n|teamsize|p2|4\n|gen|9\n|tier|[Gen 9] National Dex Ubers\n|rule|HP Percentage Mod: HP is shown in percentages\n|rule|Endless Battle Clause: Forcing endless battles is banned\n|rule|OHKO Clause: OHKO moves are banned\n|rule|Evasion Moves Clause: Evasion moves are banned\n|rule|Evasion Items Clause: Evasion items are banned\n|rule|Species Clause: Limit one of each Pok\u00e9mon\n|rule|Sleep Clause Mod: Limit one foe put to sleep\n|rule|Mega Rayquaza Clause: You cannot mega evolve Rayquaza\n|clearpoke\n|poke|p1|Deerling, L15, M|\n|poke|p1|Grookey, L15, M|\n|poke|p1|Lombre, L15, M|\n|poke|p2|Jangmo-o, L15, F|\n|poke|p2|Elekid, L15, M|\n|poke|p2|Froakie, L15, F|\n|poke|p2|Salandit, L15, F|\n|teampreview\n|\n|t:|1698618749\n|start\n|switch|p1a: Deerling|Deerling, L15, M|100\/100\n|switch|p2a: Salandit|Salandit, L15, F, shiny|100\/100\n|turn|1\n|\n|t:|1698618757\n|move|p1a: Deerling|Leech Seed|p2a: Salandit\n|-start|p2a: Salandit|move: Leech Seed\n|move|p2a: Salandit|Toxic|p1a: Deerling\n|-status|p1a: Deerling|tox\n|\n|-damage|p2a: Salandit|89\/100|[from] Leech Seed|[of] p1a: Deerling\n|-damage|p1a: Deerling|96\/100 tox|[from] psn\n|upkeep\n|turn|2\n|\n|t:|1698618767\n|move|p2a: Salandit|Fire Fang|p1a: Deerling|[miss]\n|-miss|p2a: Salandit|p1a: Deerling\n|move|p1a: Deerling|Headbutt|p2a: Salandit\n|-damage|p2a: Salandit|28\/100\n|\n|-damage|p2a: Salandit|16\/100|[from] Leech Seed|[of] p1a: Deerling\n|-heal|p1a: Deerling|100\/100 tox|[silent]\n|-damage|p1a: Deerling|92\/100 tox|[from] psn\n|upkeep\n|turn|3\n|\n|t:|1698618779\n|move|p2a: Salandit|Fire Fang|p1a: Deerling\n|-supereffective|p1a: Deerling\n|-damage|p1a: Deerling|15\/100 tox\n|move|p1a: Deerling|Leech Seed||[still]\n|-fail|p1a: Deerling\n|\n|-damage|p2a: Salandit|5\/100|[from] Leech Seed|[of] p1a: Deerling\n|-heal|p1a: Deerling|26\/100 tox|[silent]\n|-damage|p1a: Deerling|13\/100 tox|[from] psn\n|upkeep\n|turn|4\n|\n|t:|1698618789\n|move|p1a: Deerling|Headbutt|p2a: Salandit\n|-damage|p2a: Salandit|0 fnt\n|faint|p2a: Salandit\n|\n|-damage|p1a: Deerling|0 fnt|[from] psn\n|faint|p1a: Deerling\n|upkeep\n|\n|t:|1698618800\n|switch|p1a: Grookey|Grookey, L15, M|100\/100\n|switch|p2a: Jangmo-o|Jangmo-o, L15, F|100\/100\n|-fieldstart|move: Grassy Terrain|[from] ability: Grassy Surge|[of] p1a: Grookey\n|turn|5\n|\n|t:|1698618811\n|move|p1a: Grookey|Grassy Glide|p2a: Jangmo-o\n|-resisted|p2a: Jangmo-o\n|-damage|p2a: Jangmo-o|82\/100\n|move|p2a: Jangmo-o|Dragon Dance|p2a: Jangmo-o\n|-boost|p2a: Jangmo-o|atk|1\n|-boost|p2a: Jangmo-o|spe|1\n|\n|-heal|p2a: Jangmo-o|87\/100|[from] Grassy Terrain\n|upkeep\n|turn|6\n|\n|t:|1698618819\n|move|p1a: Grookey|Grassy Glide|p2a: Jangmo-o\n|-resisted|p2a: Jangmo-o\n|-damage|p2a: Jangmo-o|66\/100\n|move|p2a: Jangmo-o|Dragon Dance|p2a: Jangmo-o\n|-boost|p2a: Jangmo-o|atk|1\n|-boost|p2a: Jangmo-o|spe|1\n|\n|-heal|p2a: Jangmo-o|71\/100|[from] Grassy Terrain\n|upkeep\n|turn|7\n|\n|t:|1698618828\n|move|p2a: Jangmo-o|Dragon Dance|p2a: Jangmo-o\n|-boost|p2a: Jangmo-o|atk|1\n|-boost|p2a: Jangmo-o|spe|1\n|move|p1a: Grookey|Knock Off|p2a: Jangmo-o\n|-damage|p2a: Jangmo-o|39\/100\n|-enditem|p2a: Jangmo-o|Eviolite|[from] move: Knock Off|[of] p1a: Grookey\n|\n|-heal|p2a: Jangmo-o|44\/100|[from] Grassy Terrain\n|upkeep\n|turn|8\n|\n|t:|1698618837\n|move|p1a: Grookey|Grassy Glide|p2a: Jangmo-o\n|-resisted|p2a: Jangmo-o\n|-damage|p2a: Jangmo-o|19\/100\n|move|p2a: Jangmo-o|Reversal|p1a: Grookey\n|-damage|p1a: Grookey|0 fnt\n|faint|p1a: Grookey\n|\n|-heal|p2a: Jangmo-o|23\/100|[from] Grassy Terrain\n|upkeep\n|\n|t:|1698618845\n|switch|p1a: Lombre|Lombre, L15, M|100\/100\n|turn|9\n|\n|t:|1698618849\n|move|p2a: Jangmo-o|Dragon Breath|p1a: Lombre\n|-damage|p1a: Lombre|75\/100\n|move|p1a: Lombre|Rain Dance|p1a: Lombre\n|-weather|RainDance\n|\n|-weather|RainDance|[upkeep]\n|-heal|p2a: Jangmo-o|28\/100|[from] Grassy Terrain\n|-heal|p1a: Lombre|79\/100|[from] Grassy Terrain\n|-fieldend|move: Grassy Terrain\n|upkeep\n|turn|10\n|\n|t:|1698618858\n|move|p2a: Jangmo-o|Shadow Claw|p1a: Lombre\n|-damage|p1a: Lombre|0 fnt\n|faint|p1a: Lombre\n|\n|win|tamebxm2\n","uploadtime":1698618876,"views":9,"p1id":"yannixbp","p2id":"tamebxm2","formatid":"gen9nationaldexubers","rating":0,"private":0,"password":""}