{"id":"gen9nationaldexubers-1992725928","p1":"UncleKars","p2":"kpoc12","format":"[Gen 9] National Dex Ubers","log":"|j|\u2606UncleKars\n|j|\u2606kpoc12\n|t:|1700229546\n|gametype|singles\n|player|p1|UncleKars|tabitha|\n|player|p2|kpoc12|juliana-s|\n|teamsize|p1|6\n|teamsize|p2|6\n|gen|9\n|tier|[Gen 9] National Dex Ubers\n|rule|HP Percentage Mod: HP is shown in percentages\n|rule|Endless Battle Clause: Forcing endless battles is banned\n|rule|OHKO Clause: OHKO moves are banned\n|rule|Evasion Moves Clause: Evasion moves are banned\n|rule|Evasion Items Clause: Evasion items are banned\n|rule|Species Clause: Limit one of each Pok\u00e9mon\n|rule|Sleep Clause Mod: Limit one foe put to sleep\n|rule|Mega Rayquaza Clause: You cannot mega evolve Rayquaza\n|clearpoke\n|poke|p1|Crobat, M|\n|poke|p1|Camerupt, M|\n|poke|p1|Mightyena, M|\n|poke|p1|Weezing, M|\n|poke|p1|Aggron, F|\n|poke|p1|Houndoom, M|\n|poke|p2|Skeledirge, M|\n|poke|p2|Tinkaton, F|\n|poke|p2|Kilowattrel, M|\n|poke|p2|Houndstone, F|\n|poke|p2|Baxcalibur, M|\n|poke|p2|Gallade, M|\n|teampreview\n|j| ElMuertologista\n|\n|t:|1700229582\n|start\n|switch|p1a: Mightyena|Mightyena, M|100\/100\n|switch|p2a: Tinkaton|Tinkaton, F|100\/100\n|-ability|p2a: Tinkaton|Mold Breaker\n|-ability|p1a: Mightyena|Intimidate|boost\n|-unboost|p2a: Tinkaton|atk|1\n|turn|1\n|\n|t:|1700229600\n|move|p2a: Tinkaton|Stealth Rock|p1a: Mightyena\n|-sidestart|p1: UncleKars|move: Stealth Rock\n|move|p1a: Mightyena|Taunt|p2a: Tinkaton\n|-start|p2a: Tinkaton|move: Taunt\n|\n|upkeep\n|turn|2\n|\n|t:|1700229636\n|switch|p1a: Camerupt|Camerupt, M|100\/100\n|-damage|p1a: Camerupt|88\/100|[from] Stealth Rock\n|move|p2a: Tinkaton|Gigaton Hammer|p1a: Camerupt\n|-resisted|p1a: Camerupt\n|-damage|p1a: Camerupt|69\/100\n|\n|upkeep\n|turn|3\n|\n|t:|1700229651\n|move|p2a: Tinkaton|Knock Off|p1a: Camerupt\n|-damage|p1a: Camerupt|52\/100\n|-enditem|p1a: Camerupt|Sitrus Berry|[from] move: Knock Off|[of] p2a: Tinkaton\n|move|p1a: Camerupt|Earth Power|p2a: Tinkaton\n|-supereffective|p2a: Tinkaton\n|-damage|p2a: Tinkaton|22\/100\n|\n|-heal|p2a: Tinkaton|28\/100|[from] item: Leftovers\n|upkeep\n|turn|4\n|c|\u2606UncleKars|his yummy berry\u2026.\n|c|\u2606kpoc12|berry :(\n|\n|t:|1700229723\n|switch|p2a: Kilowattrel|Kilowattrel, M|100\/100\n|move|p1a: Camerupt|Earth Power|p2a: Kilowattrel\n|-immune|p2a: Kilowattrel\n|\n|upkeep\n|turn|5\n|\n|t:|1700229741\n|move|p2a: Kilowattrel|Hurricane|p1a: Camerupt|[miss]\n|-miss|p2a: Kilowattrel|p1a: Camerupt\n|move|p1a: Camerupt|Ancient Power|p2a: Kilowattrel\n|-supereffective|p2a: Kilowattrel\n|-crit|p2a: Kilowattrel\n|-damage|p2a: Kilowattrel|0 fnt\n|faint|p2a: Kilowattrel\n|\n|upkeep\n|c|\u2606kpoc12|70% accuracy so real\n|c|\u2606kpoc12|(it is 20%)\n|c|\u2606UncleKars|no omniboost\u2026sad\u2026\n|c|\u2606kpoc12|SO SAD..\n|\n|t:|1700229772\n|switch|p2a: Gallade|Gallade, M, shiny|100\/100\n|turn|6\n|c|\u2606UncleKars|PATRICK!\n|c|\u2606kpoc12|PATRICK\n|c|\u2606kpoc12|i need to get her an iron valiant so bad\n|\n|t:|1700229800\n|move|p2a: Gallade|Sacred Sword|p1a: Camerupt\n|-damage|p1a: Camerupt|0 fnt\n|faint|p1a: Camerupt\n|-damage|p2a: Gallade|91\/100|[from] item: Life Orb\n|\n|upkeep\n|c|\u2606kpoc12|but this is scarlet timeline so. it will not happen. so sad\n|\n|t:|1700229821\n|switch|p1a: Crobat|Crobat, M|100\/100\n|-damage|p1a: Crobat|76\/100|[from] Stealth Rock\n|turn|7\n|\n|t:|1700229846\n|switch|p2a: Baxcalibur|Baxcalibur, M|100\/100\n|move|p1a: Crobat|Brave Bird|p2a: Baxcalibur\n|-crit|p2a: Baxcalibur\n|-damage|p2a: Baxcalibur|25\/100\n|-damage|p1a: Crobat|46\/100|[from] Recoil\n|\n|upkeep\n|turn|8\n|c|\u2606kpoc12|thing who is so fragile\n|\n|t:|1700229880\n|move|p1a: Crobat|Leech Life|p2a: Baxcalibur\n|-damage|p2a: Baxcalibur|3\/100\n|-heal|p1a: Crobat|60\/100|[from] drain|[of] p2a: Baxcalibur\n|move|p2a: Baxcalibur|Icicle Spear|p1a: Crobat\n|-supereffective|p1a: Crobat\n|-crit|p1a: Crobat\n|-damage|p1a: Crobat|0 fnt\n|faint|p1a: Crobat\n|-hitcount|p1: Crobat|1\n|\n|upkeep\n|\n|t:|1700229896\n|switch|p1a: Weezing|Weezing, M|100\/100\n|-damage|p1a: Weezing|88\/100|[from] Stealth Rock\n|turn|9\n|\n|t:|1700229908\n|move|p2a: Baxcalibur|Glaive Rush|p1a: Weezing\n|-damage|p1a: Weezing|29\/100\n|-singlemove|p2a: Baxcalibur|Glaive Rush|[silent]\n|move|p1a: Weezing|Flamethrower|p2a: Baxcalibur\n|-damage|p2a: Baxcalibur|0 fnt\n|faint|p2a: Baxcalibur\n|-damage|p1a: Weezing|19\/100|[from] item: Life Orb\n|\n|upkeep\n|c|\u2606kpoc12|before i die tell me if this thing has levitate or neu gas\n|c|\u2606kpoc12|i cant tell\n|c|\u2606UncleKars|weezer\n|c|\u2606kpoc12|weezer\n|\n|t:|1700229933\n|switch|p2a: Skeledirge|Skeledirge, M|100\/100\n|turn|10\n|\n|t:|1700229946\n|move|p2a: Skeledirge|Torch Song|p1a: Weezing\n|-damage|p1a: Weezing|0 fnt\n|-boost|p2a: Skeledirge|spa|1\n|faint|p1a: Weezing\n|\n|upkeep\n|\n|t:|1700229954\n|switch|p1a: Houndoom|Houndoom, M|100\/100\n|-damage|p1a: Houndoom|76\/100|[from] Stealth Rock\n|turn|11\n|\n|t:|1700229980\n|switch|p2a: Gallade|Gallade, M, shiny|91\/100\n|detailschange|p1a: Houndoom|Houndoom-Mega, M\n|-mega|p1a: Houndoom|Houndoom|Houndoominite\n|move|p1a: Houndoom|Shadow Ball|p2a: Gallade\n|-supereffective|p2a: Gallade\n|-damage|p2a: Gallade|32\/100\n|\n|upkeep\n|turn|12\n|\n|t:|1700229994\n|move|p1a: Houndoom|Shadow Ball|p2a: Gallade\n|-supereffective|p2a: Gallade\n|-damage|p2a: Gallade|0 fnt\n|faint|p2a: Gallade\n|\n|upkeep\n|\n|t:|1700230014\n|switch|p2a: Skeledirge|Skeledirge, M|100\/100\n|turn|13\n|\n|t:|1700230019\n|move|p1a: Houndoom|Shadow Ball|p2a: Skeledirge\n|-supereffective|p2a: Skeledirge\n|-damage|p2a: Skeledirge|59\/100\n|move|p2a: Skeledirge|Torch Song|p1a: Houndoom\n|-resisted|p1a: Houndoom\n|-damage|p1a: Houndoom|57\/100\n|-boost|p2a: Skeledirge|spa|1\n|\n|-heal|p2a: Skeledirge|65\/100|[from] item: Leftovers\n|upkeep\n|turn|14\n|c|\u2606kpoc12|may be joever\n|c|\u2606kpoc12|juliana will admire him forever btw\n|c|\u2606UncleKars|no I think you beat houndoom\n|\n|t:|1700230062\n|move|p1a: Houndoom|Shadow Ball|p2a: Skeledirge\n|-supereffective|p2a: Skeledirge\n|-damage|p2a: Skeledirge|25\/100\n|move|p2a: Skeledirge|Torch Song|p1a: Houndoom\n|-resisted|p1a: Houndoom\n|-damage|p1a: Houndoom|30\/100\n|-boost|p2a: Skeledirge|spa|1\n|\n|-heal|p2a: Skeledirge|31\/100|[from] item: Leftovers\n|upkeep\n|turn|15\n|\n|t:|1700230080\n|-terastallize|p2a: Skeledirge|Fairy\n|move|p1a: Houndoom|Shadow Ball|p2a: Skeledirge\n|-crit|p2a: Skeledirge\n|-damage|p2a: Skeledirge|0 fnt\n|faint|p2a: Skeledirge\n|\n|upkeep\n|\n|t:|1700230086\n|switch|p2a: Tinkaton|Tinkaton, F|28\/100\n|-ability|p2a: Tinkaton|Mold Breaker\n|turn|16\n|\n|t:|1700230093\n|move|p1a: Houndoom|Flamethrower|p2a: Tinkaton\n|-supereffective|p2a: Tinkaton\n|-damage|p2a: Tinkaton|0 fnt\n|faint|p2a: Tinkaton\n|\n|upkeep\n|\n|t:|1700230097\n|switch|p2a: Houndstone|Houndstone, F|100\/100\n|turn|17\n|c|\u2606UncleKars|holy shit?\n|c|\u2606kpoc12|the beating houndoom in question\n|\n|t:|1700230110\n|move|p1a: Houndoom|Dark Pulse|p2a: Houndstone\n|-supereffective|p2a: Houndstone\n|-damage|p2a: Houndstone|7\/100\n|cant|p2a: Houndstone|flinch\n|\n|upkeep\n|turn|18\n|c|\u2606UncleKars|THE FLINCH\n|c|\u2606kpoc12|THE BEATING HOUNDOOM IN QUESTION\n|\n|t:|1700230123\n|move|p1a: Houndoom|Dark Pulse|p2a: Houndstone\n|-supereffective|p2a: Houndstone\n|-damage|p2a: Houndstone|0 fnt\n|faint|p2a: Houndstone\n|\n|win|UncleKars\n","uploadtime":1700230130,"views":20,"p1id":"unclekars","p2id":"kpoc12","formatid":"gen9nationaldexubers","rating":0,"private":0,"password":""}