{"id":"gen9nationaldexubers-1979581565","p1":"ducktruck","p2":"NotExactlyHoly","format":"[Gen 9] National Dex Ubers","log":"|j|\u2606ducktruck\n|j|\u2606NotExactlyHoly\n|t:|1698694081\n|gametype|singles\n|player|p1|ducktruck|firebreather|1131\n|player|p2|NotExactlyHoly|riley|1137\n|teamsize|p1|6\n|teamsize|p2|6\n|gen|9\n|tier|[Gen 9] National Dex Ubers\n|rated|\n|rule|HP Percentage Mod: HP is shown in percentages\n|rule|Endless Battle Clause: Forcing endless battles is banned\n|rule|OHKO Clause: OHKO moves are banned\n|rule|Evasion Moves Clause: Evasion moves are banned\n|rule|Evasion Items Clause: Evasion items are banned\n|rule|Species Clause: Limit one of each Pok\u00e9mon\n|rule|Sleep Clause Mod: Limit one foe put to sleep\n|rule|Mega Rayquaza Clause: You cannot mega evolve Rayquaza\n|clearpoke\n|poke|p1|Chi-Yu|\n|poke|p1|Dracovish|\n|poke|p1|Regieleki|\n|poke|p1|Shaymin-Sky|\n|poke|p1|Kyurem-Black|\n|poke|p1|Marshadow|\n|poke|p2|Kangaskhan, F|\n|poke|p2|Klefki, M|\n|poke|p2|Krookodile, F|\n|poke|p2|Kartana|\n|poke|p2|Kyurem-Black|\n|poke|p2|Kabutops, M|\n|teampreview\n|inactive|Battle timer is ON: inactive players will automatically lose when time's up. (requested by NotExactlyHoly)\n|\n|t:|1698694103\n|start\n|switch|p1a: Kyurem|Kyurem-Black|100\/100\n|switch|p2a: The One Key|Klefki, M, shiny|100\/100\n|-ability|p1a: Kyurem|Teravolt\n|turn|1\n|\n|t:|1698694114\n|move|p2a: The One Key|Spikes|p1a: Kyurem\n|-sidestart|p1: ducktruck|Spikes\n|move|p1a: Kyurem|Body Press|p2a: The One Key\n|-damage|p2a: The One Key|83\/100\n|\n|upkeep\n|turn|2\n|\n|t:|1698694124\n|move|p2a: The One Key|Spikes|p1a: Kyurem\n|-sidestart|p1: ducktruck|Spikes\n|move|p1a: Kyurem|Dragon Dance|p1a: Kyurem\n|-boost|p1a: Kyurem|atk|1\n|-boost|p1a: Kyurem|spe|1\n|\n|upkeep\n|turn|3\n|\n|t:|1698694130\n|move|p2a: The One Key|Spikes|p1a: Kyurem\n|-sidestart|p1: ducktruck|Spikes\n|move|p1a: Kyurem|Dragon Dance|p1a: Kyurem\n|-boost|p1a: Kyurem|atk|1\n|-boost|p1a: Kyurem|spe|1\n|\n|upkeep\n|turn|4\n|\n|t:|1698694137\n|move|p1a: Kyurem|Dragon Dance|p1a: Kyurem\n|-boost|p1a: Kyurem|atk|1\n|-boost|p1a: Kyurem|spe|1\n|move|p2a: The One Key|Dazzling Gleam|p1a: Kyurem\n|-supereffective|p1a: Kyurem\n|-damage|p1a: Kyurem|56\/100\n|\n|upkeep\n|turn|5\n|\n|t:|1698694144\n|move|p1a: Kyurem|Fusion Bolt|p2a: The One Key\n|-damage|p2a: The One Key|0 fnt\n|faint|p2a: The One Key\n|\n|upkeep\n|\n|t:|1698694156\n|switch|p2a: Mommy|Kangaskhan, F, shiny|100\/100\n|turn|6\n|\n|t:|1698694167\n|detailschange|p2a: Mommy|Kangaskhan-Mega, F, shiny\n|-mega|p2a: Mommy|Kangaskhan|Kangaskhanite\n|move|p1a: Kyurem|Body Press|p2a: Mommy\n|-supereffective|p2a: Mommy\n|-damage|p2a: Mommy|51\/100\n|move|p2a: Mommy|Power-Up Punch|p1a: Kyurem\n|-supereffective|p1a: Kyurem\n|-damage|p1a: Kyurem|38\/100\n|-boost|p2a: Mommy|atk|1\n|-supereffective|p1a: Kyurem\n|-damage|p1a: Kyurem|32\/100\n|-boost|p2a: Mommy|atk|1\n|-hitcount|p1a: Kyurem|2\n|\n|upkeep\n|turn|7\n|c|\u2606ducktruck|the rule should be we all get parental bond when you mega because that would be epic\n|inactive|ducktruck has 120 seconds left.\n|\n|t:|1698694198\n|move|p1a: Kyurem|Body Press|p2a: Mommy\n|-supereffective|p2a: Mommy\n|-damage|p2a: Mommy|2\/100\n|move|p2a: Mommy|Power-Up Punch|p1a: Kyurem\n|-supereffective|p1a: Kyurem\n|-damage|p1a: Kyurem|0 fnt\n|-boost|p2a: Mommy|atk|1\n|faint|p1a: Kyurem\n|-hitcount|p1: Kyurem|1\n|\n|upkeep\n|inactive|ducktruck has 120 seconds left.\n|\n|t:|1698694206\n|switch|p1a: Marshadow|Marshadow|100\/100\n|-damage|p1a: Marshadow|76\/100|[from] Spikes\n|turn|8\n|\n|t:|1698694224\n|move|p1a: Marshadow|Pursuit|p2a: Mommy\n|-damage|p2a: Mommy|0 fnt\n|faint|p2a: Mommy\n|\n|upkeep\n|\n|t:|1698694235\n|switch|p2a: Krook|Krookodile, F|100\/100\n|-ability|p2a: Krook|Intimidate|boost\n|-unboost|p1a: Marshadow|atk|1\n|turn|9\n|\n|t:|1698694245\n|move|p1a: Marshadow|Bulk Up|p1a: Marshadow\n|-boost|p1a: Marshadow|atk|1\n|-boost|p1a: Marshadow|def|1\n|move|p2a: Krook|Crunch|p1a: Marshadow\n|-damage|p1a: Marshadow|34\/100\n|-unboost|p1a: Marshadow|def|1\n|-damage|p2a: Krook|91\/100|[from] item: Life Orb\n|\n|upkeep\n|turn|10\n|inactive|NotExactlyHoly has 120 seconds left.\n|\n|t:|1698694266\n|move|p1a: Marshadow|Drain Punch|p2a: Krook\n|-supereffective|p2a: Krook\n|-damage|p2a: Krook|0 fnt\n|-heal|p1a: Marshadow|80\/100|[from] drain|[of] p2a: Krook\n|faint|p2a: Krook\n|\n|upkeep\n|inactive|NotExactlyHoly has 120 seconds left.\n|\n|t:|1698694286\n|switch|p2a: HI-YAH!|Kartana, shiny|100\/100\n|turn|11\n|\n|t:|1698694295\n|move|p1a: Marshadow|Drain Punch|p2a: HI-YAH!\n|-supereffective|p2a: HI-YAH!\n|-damage|p2a: HI-YAH!|21\/100\n|-heal|p1a: Marshadow|100\/100|[from] drain|[of] p2a: HI-YAH!\n|-damage|p1a: Marshadow|84\/100|[from] item: Rocky Helmet|[of] p2a: HI-YAH!\n|move|p2a: HI-YAH!|Psycho Cut|p1a: Marshadow\n|-supereffective|p1a: Marshadow\n|-damage|p1a: Marshadow|3\/100\n|\n|upkeep\n|turn|12\n|inactive|NotExactlyHoly has 120 seconds left.\n|\n|t:|1698694311\n|move|p1a: Marshadow|Drain Punch|p2a: HI-YAH!\n|-supereffective|p2a: HI-YAH!\n|-damage|p2a: HI-YAH!|0 fnt\n|-heal|p1a: Marshadow|11\/100|[from] drain|[of] p2a: HI-YAH!\n|-damage|p1a: Marshadow|0 fnt|[from] item: Rocky Helmet|[of] p2a: HI-YAH!\n|faint|p2a: HI-YAH!\n|faint|p1a: Marshadow\n|\n|upkeep\n|\n|t:|1698694334\n|switch|p1a: Regieleki|Regieleki|100\/100\n|switch|p2a: Reaper|Kabutops, M, shiny|100\/100\n|-item|p1a: Regieleki|Air Balloon\n|turn|13\n|\n|t:|1698694344\n|move|p2a: Reaper|Aqua Jet|p1a: Regieleki\n|-damage|p1a: Regieleki|65\/100\n|-enditem|p1a: Regieleki|Air Balloon\n|move|p1a: Regieleki|Rapid Spin|p2a: Reaper\n|-resisted|p2a: Reaper\n|-damage|p2a: Reaper|91\/100\n|-boost|p1a: Regieleki|spe|1\n|-ability|p2a: Reaper|Weak Armor|boost\n|-unboost|p2a: Reaper|def|1\n|-boost|p2a: Reaper|spe|2\n|-sideend|p1: ducktruck|Spikes|[from] move: Rapid Spin|[of] p1a: Regieleki\n|\n|-heal|p2a: Reaper|97\/100|[from] item: Leftovers\n|upkeep\n|turn|14\n|inactive|NotExactlyHoly has 120 seconds left.\n|\n|t:|1698694358\n|switch|p1a: Chi-Yu|Chi-Yu|100\/100\n|-ability|p1a: Chi-Yu|Beads of Ruin\n|-terastallize|p2a: Reaper|Water\n|move|p2a: Reaper|Aqua Jet|p1a: Chi-Yu\n|-supereffective|p1a: Chi-Yu\n|-damage|p1a: Chi-Yu|5\/100\n|\n|-heal|p2a: Reaper|100\/100|[from] item: Leftovers\n|upkeep\n|turn|15\n|inactive|NotExactlyHoly has 120 seconds left.\n|\n|t:|1698694371\n|move|p2a: Reaper|Aqua Jet|p1a: Chi-Yu\n|-supereffective|p1a: Chi-Yu\n|-damage|p1a: Chi-Yu|0 fnt\n|faint|p1a: Chi-Yu\n|\n|upkeep\n|\n|t:|1698694374\n|switch|p1a: Shaymin|Shaymin-Sky|100\/100\n|turn|16\n|inactive|NotExactlyHoly has 120 seconds left.\n|\n|t:|1698694392\n|move|p2a: Reaper|Knock Off|p1a: Shaymin\n|-damage|p1a: Shaymin|57\/100\n|-enditem|p1a: Shaymin|Leftovers|[from] move: Knock Off|[of] p2a: Reaper\n|move|p1a: Shaymin|Seed Flare|p2a: Reaper\n|-supereffective|p2a: Reaper\n|-damage|p2a: Reaper|0 fnt\n|faint|p2a: Reaper\n|\n|upkeep\n|c|\u2606ducktruck|thats a dope name\n|\n|t:|1698694408\n|switch|p2a: Kyurem White|Kyurem-Black, shiny|100\/100\n|-ability|p2a: Kyurem White|Teravolt\n|turn|17\n|\n|t:|1698694423\n|move|p1a: Shaymin|Healing Wish|p1a: Shaymin\n|faint|p1a: Shaymin\n|move|p2a: Kyurem White|Icicle Spear|p1: Shaymin|[notarget]\n|-fail|p2a: Kyurem White\n|\n|upkeep\n|\n|t:|1698694427\n|switch|p1a: Regieleki|Regieleki|65\/100\n|-heal|p1a: Regieleki|100\/100|[from] move: Healing Wish\n|turn|18\n|\n|t:|1698694433\n|-terastallize|p1a: Regieleki|Normal\n|move|p1a: Regieleki|Explosion|p2a: Kyurem White\n|-damage|p2a: Kyurem White|0 fnt\n|faint|p1a: Regieleki\n|faint|p2a: Kyurem White\n|\n|win|ducktruck\n|raw|ducktruck's rating: 1131 &rarr; <strong>1156<\/strong><br \/>(+25 for winning)\n|raw|NotExactlyHoly's rating: 1137 &rarr; <strong>1112<\/strong><br \/>(-25 for losing)\n|c|\u2606ducktruck|gg\n|l|\u2606NotExactlyHoly\n","uploadtime":1698694444,"views":7,"p1id":"ducktruck","p2id":"notexactlyholy","formatid":"gen9nationaldexubers","rating":1112,"private":0,"password":""}