{"id":"gen9nationaldexubers-1993798018","p1":"kennethwasnotyou","p2":"Accelerater06","format":"[Gen 9] National Dex Ubers","log":"|j|\u2606kennethwasnotyou\n|j|\u2606Accelerater06\n|t:|1700358526\n|gametype|singles\n|player|p1|kennethwasnotyou|1|1000\n|player|p2|Accelerater06|266|1000\n|teamsize|p1|6\n|teamsize|p2|6\n|gen|9\n|tier|[Gen 9] National Dex Ubers\n|rated|\n|rule|HP Percentage Mod: HP is shown in percentages\n|rule|Endless Battle Clause: Forcing endless battles is banned\n|rule|OHKO Clause: OHKO moves are banned\n|rule|Evasion Moves Clause: Evasion moves are banned\n|rule|Evasion Items Clause: Evasion items are banned\n|rule|Species Clause: Limit one of each Pok\u00e9mon\n|rule|Sleep Clause Mod: Limit one foe put to sleep\n|rule|Mega Rayquaza Clause: You cannot mega evolve Rayquaza\n|clearpoke\n|poke|p1|Darkrai|\n|poke|p1|Blaziken, M|\n|poke|p1|Regieleki|\n|poke|p1|Kyogre|\n|poke|p1|Rayquaza|\n|poke|p1|Groudon|\n|poke|p2|Lucario, M|\n|poke|p2|Kingambit, M|\n|poke|p2|Arceus-Flying|\n|poke|p2|Groudon|\n|poke|p2|Shaymin-Sky|\n|poke|p2|Eternatus|\n|teampreview\n|inactive|Battle timer is ON: inactive players will automatically lose when time's up. (requested by kennethwasnotyou)\n|\n|t:|1700358554\n|start\n|switch|p1a: Groudon|Groudon|100\/100\n|switch|p2a: Groudon|Groudon, shiny|100\/100\n|detailschange|p2a: Groudon|Groudon-Primal, shiny\n|-primal|p2a: Groudon|Red Orb\n|-weather|DesolateLand|[from] ability: Desolate Land|[of] p2a: Groudon\n|detailschange|p1a: Groudon|Groudon-Primal\n|-primal|p1a: Groudon|Red Orb\n|turn|1\n|inactive|kennethwasnotyou has 120 seconds left.\n|\n|t:|1700358590\n|move|p2a: Groudon|Precipice Blades|p1a: Groudon\n|-supereffective|p1a: Groudon\n|-damage|p1a: Groudon|2\/100\n|move|p1a: Groudon|Precipice Blades|p2a: Groudon|[miss]\n|-miss|p1a: Groudon|p2a: Groudon\n|\n|-weather|DesolateLand|[upkeep]\n|upkeep\n|turn|2\n|inactive|kennethwasnotyou has 120 seconds left.\n|\n|t:|1700358598\n|move|p2a: Groudon|Heat Crash|p1a: Groudon\n|-resisted|p1a: Groudon\n|-damage|p1a: Groudon|0 fnt\n|faint|p1a: Groudon\n|\n|-weather|DesolateLand|[upkeep]\n|upkeep\n|inactive|kennethwasnotyou has 120 seconds left.\n|\n|t:|1700358606\n|switch|p1a: Rayquaza|Rayquaza|100\/100\n|-ability|p1a: Rayquaza|Air Lock\n|turn|3\n|inactive|Accelerater06 has 120 seconds left.\n|\n|t:|1700358657\n|-weather|none\n|switch|p2a: Lucario|Lucario, M|100\/100\n|move|p1a: Rayquaza|Dragon Dance|p1a: Rayquaza\n|-boost|p1a: Rayquaza|atk|1\n|-boost|p1a: Rayquaza|spe|1\n|\n|upkeep\n|turn|4\n|inactive|kennethwasnotyou has 120 seconds left.\n|\n|t:|1700358682\n|detailschange|p2a: Lucario|Lucario-Mega, M\n|-mega|p2a: Lucario|Lucario|Lucarionite\n|move|p2a: Lucario|Bullet Punch|p1a: Rayquaza\n|-damage|p1a: Rayquaza|66\/100\n|move|p1a: Rayquaza|Dragon Ascent|p2a: Lucario\n|-damage|p2a: Lucario|0 fnt\n|-unboost|p1a: Rayquaza|def|1\n|-unboost|p1a: Rayquaza|spd|1\n|faint|p2a: Lucario\n|-damage|p1a: Rayquaza|56\/100|[from] item: Life Orb\n|\n|upkeep\n|\n|t:|1700358697\n|switch|p2a: Shaymin|Shaymin-Sky|100\/100\n|turn|5\n|inactive|kennethwasnotyou has 120 seconds left.\n|\n|t:|1700358704\n|move|p2a: Shaymin|Air Slash|p1a: Rayquaza\n|-damage|p1a: Rayquaza|0 fnt\n|faint|p1a: Rayquaza\n|\n|upkeep\n|inactive|kennethwasnotyou has 120 seconds left.\n|\n|t:|1700358709\n|switch|p1a: Blaziken|Blaziken, M|100\/100\n|turn|6\n|\n|t:|1700358724\n|switch|p2a: Eternatus|Eternatus|100\/100\n|-ability|p2a: Eternatus|Pressure\n|detailschange|p1a: Blaziken|Blaziken-Mega, M\n|-mega|p1a: Blaziken|Blaziken|Blazikenite\n|move|p1a: Blaziken|Protect||[still]\n|-fail|p1a: Blaziken\n|\n|-ability|p1a: Blaziken|Speed Boost|boost\n|-boost|p1a: Blaziken|spe|1\n|upkeep\n|turn|7\n|inactive|kennethwasnotyou has 120 seconds left.\n|\n|t:|1700358748\n|move|p1a: Blaziken|Brave Bird|p2a: Eternatus\n|-damage|p2a: Eternatus|60\/100\n|-damage|p1a: Blaziken|79\/100|[from] Recoil\n|move|p2a: Eternatus|Toxic Spikes|p1a: Blaziken\n|-sidestart|p1: kennethwasnotyou|move: Toxic Spikes\n|\n|-ability|p1a: Blaziken|Speed Boost|boost\n|-boost|p1a: Blaziken|spe|1\n|upkeep\n|turn|8\n|inactive|kennethwasnotyou has 120 seconds left.\n|\n|t:|1700358764\n|move|p1a: Blaziken|Brave Bird|p2a: Eternatus\n|-damage|p2a: Eternatus|20\/100\n|-damage|p1a: Blaziken|58\/100|[from] Recoil\n|move|p2a: Eternatus|Recover|p2a: Eternatus\n|-heal|p2a: Eternatus|70\/100\n|\n|-ability|p1a: Blaziken|Speed Boost|boost\n|-boost|p1a: Blaziken|spe|1\n|upkeep\n|turn|9\n|inactive|kennethwasnotyou has 120 seconds left.\n|\n|t:|1700358799\n|switch|p1a: Regieleki|Regieleki|100\/100\n|-status|p1a: Regieleki|psn\n|move|p2a: Eternatus|Recover|p2a: Eternatus\n|-heal|p2a: Eternatus|100\/100\n|\n|-damage|p1a: Regieleki|88\/100 psn|[from] psn\n|upkeep\n|turn|10\n|\n|t:|1700358810\n|move|p1a: Regieleki|Rapid Spin|p2a: Eternatus\n|-damage|p2a: Eternatus|91\/100\n|-boost|p1a: Regieleki|spe|1\n|-sideend|p1: kennethwasnotyou|Toxic Spikes|[from] move: Rapid Spin|[of] p1a: Regieleki\n|move|p2a: Eternatus|Dynamax Cannon|p1a: Regieleki\n|-damage|p1a: Regieleki|0 fnt\n|faint|p1a: Regieleki\n|\n|upkeep\n|\n|t:|1700358824\n|switch|p1a: Kyogre|Kyogre|100\/100\n|detailschange|p1a: Kyogre|Kyogre-Primal\n|-primal|p1a: Kyogre|Blue Orb\n|-weather|PrimordialSea|[from] ability: Primordial Sea|[of] p1a: Kyogre\n|turn|11\n|\n|t:|1700358834\n|move|p1a: Kyogre|Ice Beam|p2a: Eternatus\n|-supereffective|p2a: Eternatus\n|-damage|p2a: Eternatus|34\/100\n|-status|p2a: Eternatus|frz\n|cant|p2a: Eternatus|frz\n|\n|-weather|PrimordialSea|[upkeep]\n|upkeep\n|turn|12\n|\n|t:|1700358842\n|move|p1a: Kyogre|Ice Beam|p2a: Eternatus\n|-supereffective|p2a: Eternatus\n|-damage|p2a: Eternatus|0 fnt\n|faint|p2a: Eternatus\n|\n|-weather|PrimordialSea|[upkeep]\n|upkeep\n|\n|t:|1700358847\n|switch|p2a: Groudon|Groudon-Primal, shiny|100\/100\n|-weather|DesolateLand|[from] ability: Desolate Land|[of] p2a: Groudon\n|turn|13\n|inactive|Accelerater06 has 120 seconds left.\n|\n|t:|1700358861\n|switch|p1a: Blaziken|Blaziken-Mega, M|58\/100\n|move|p2a: Groudon|Precipice Blades|p1a: Blaziken\n|-supereffective|p1a: Blaziken\n|-damage|p1a: Blaziken|0 fnt\n|faint|p1a: Blaziken\n|\n|-weather|DesolateLand|[upkeep]\n|upkeep\n|inactive|kennethwasnotyou has 120 seconds left.\n|\n|t:|1700358879\n|switch|p1a: Kyogre|Kyogre-Primal|100\/100\n|-weather|PrimordialSea|[from] ability: Primordial Sea|[of] p1a: Kyogre\n|turn|14\n|\n|t:|1700358887\n|move|p1a: Kyogre|Water Spout|p2a: Groudon\n|-supereffective|p2a: Groudon\n|-damage|p2a: Groudon|0 fnt\n|faint|p2a: Groudon\n|\n|-weather|PrimordialSea|[upkeep]\n|upkeep\n|\n|t:|1700358894\n|switch|p2a: Shaymin|Shaymin-Sky|100\/100\n|turn|15\n|inactive|kennethwasnotyou has 120 seconds left.\n|\n|t:|1700358931\n|move|p2a: Shaymin|Seed Flare|p1a: Kyogre\n|-supereffective|p1a: Kyogre\n|-damage|p1a: Kyogre|20\/100\n|move|p1a: Kyogre|Ice Beam|p2a: Shaymin\n|-supereffective|p2a: Shaymin\n|-damage|p2a: Shaymin|0 fnt\n|faint|p2a: Shaymin\n|\n|-weather|PrimordialSea|[upkeep]\n|upkeep\n|\n|t:|1700358938\n|switch|p2a: Arceus|Arceus-Flying, shiny|100\/100\n|turn|16\n|\n|t:|1700358949\n|move|p2a: Arceus|Extreme Speed|p1a: Kyogre\n|-crit|p1a: Kyogre\n|-damage|p1a: Kyogre|0 fnt\n|faint|p1a: Kyogre\n|-weather|none\n|\n|upkeep\n|\n|t:|1700358953\n|switch|p1a: Darkrai|Darkrai|100\/100\n|turn|17\n|\n|t:|1700358959\n|move|p1a: Darkrai|Hypnosis|p2a: Arceus\n|-status|p2a: Arceus|slp|[from] move: Hypnosis\n|cant|p2a: Arceus|slp\n|\n|-damage|p2a: Arceus|88\/100 slp|[from] ability: Bad Dreams|[of] p1a: Darkrai\n|upkeep\n|turn|18\n|\n|t:|1700358964\n|move|p1a: Darkrai|Nasty Plot|p1a: Darkrai\n|-boost|p1a: Darkrai|spa|2\n|cant|p2a: Arceus|slp\n|\n|-damage|p2a: Arceus|76\/100 slp|[from] ability: Bad Dreams|[of] p1a: Darkrai\n|upkeep\n|turn|19\n|\n|t:|1700358972\n|-terastallize|p1a: Darkrai|Poison\n|-curestatus|p2a: Arceus|slp|[msg]\n|move|p2a: Arceus|Extreme Speed|p1a: Darkrai\n|-damage|p1a: Darkrai|73\/100\n|move|p1a: Darkrai|Nasty Plot|p1a: Darkrai\n|-boost|p1a: Darkrai|spa|2\n|\n|upkeep\n|turn|20\n|\n|t:|1700358985\n|move|p1a: Darkrai|Dark Pulse|p2a: Arceus\n|-damage|p2a: Arceus|0 fnt\n|faint|p2a: Arceus\n|\n|upkeep\n|\n|t:|1700358988\n|switch|p2a: Kingambit|Kingambit, M|100\/100\n|-activate|p2a: Kingambit|ability: Supreme Overlord\n|-start|p2a: Kingambit|fallen5|[silent]\n|turn|21\n|\n|t:|1700358993\n|-terastallize|p2a: Kingambit|Dark\n|move|p2a: Kingambit|Sucker Punch|p1a: Darkrai\n|-damage|p1a: Darkrai|0 fnt\n|faint|p1a: Darkrai\n|\n|win|Accelerater06\n|raw|kennethwasnotyou's rating: 1000 &rarr; <strong>1000<\/strong><br \/>(+0 for losing)\n|raw|Accelerater06's rating: 1000 &rarr; <strong>1040<\/strong><br \/>(+40 for winning)\n|l|\u2606kennethwasnotyou\n","uploadtime":1700359004,"views":6,"p1id":"kennethwasnotyou","p2id":"accelerater06","formatid":"gen9nationaldexubers","rating":1000,"private":0,"password":""}