{"id":"gen9nationaldexubers-1984782096","p1":"Malice Incarnate","p2":"clobbah time","format":"[Gen 9] National Dex Ubers","log":"|j|\u2606Malice Incarnate\n|j|\u2606clobbah time\n|t:|1699298558\n|gametype|singles\n|player|p1|Malice Incarnate|palmer|1534\n|player|p2|clobbah time|alec-anime|1536\n|teamsize|p1|6\n|teamsize|p2|6\n|gen|9\n|tier|[Gen 9] National Dex Ubers\n|rated|\n|rule|HP Percentage Mod: HP is shown in percentages\n|rule|Endless Battle Clause: Forcing endless battles is banned\n|rule|OHKO Clause: OHKO moves are banned\n|rule|Evasion Moves Clause: Evasion moves are banned\n|rule|Evasion Items Clause: Evasion items are banned\n|rule|Species Clause: Limit one of each Pok\u00e9mon\n|rule|Sleep Clause Mod: Limit one foe put to sleep\n|rule|Mega Rayquaza Clause: You cannot mega evolve Rayquaza\n|clearpoke\n|poke|p1|Groudon|\n|poke|p1|Arceus-Dark|\n|poke|p1|Ho-Oh|\n|poke|p1|Zygarde|\n|poke|p1|Necrozma-Dusk-Mane|\n|poke|p1|Ditto|\n|poke|p2|Groudon|\n|poke|p2|Aerodactyl, M|\n|poke|p2|Zygarde|\n|poke|p2|Flutter Mane|\n|poke|p2|Zacian-*|\n|poke|p2|Marshadow|\n|teampreview\n|inactive|Battle timer is ON: inactive players will automatically lose when time's up. (requested by Malice Incarnate)\n|\n|t:|1699298569\n|start\n|switch|p1a: Necrozma|Necrozma-Dusk-Mane|100\/100\n|switch|p2a: Aerodactyl|Aerodactyl, M|100\/100\n|-ability|p2a: Aerodactyl|Pressure\n|turn|1\n|\n|t:|1699298575\n|detailschange|p2a: Aerodactyl|Aerodactyl-Mega, M\n|-mega|p2a: Aerodactyl|Aerodactyl|Aerodactylite\n|move|p2a: Aerodactyl|Taunt|p1a: Necrozma\n|-start|p1a: Necrozma|move: Taunt\n|move|p1a: Necrozma|Sunsteel Strike|p2a: Aerodactyl\n|-supereffective|p2a: Aerodactyl\n|-damage|p2a: Aerodactyl|0 fnt\n|faint|p2a: Aerodactyl\n|\n|upkeep\n|\n|t:|1699298578\n|switch|p2a: Groudon|Groudon|100\/100\n|detailschange|p2a: Groudon|Groudon-Primal\n|-primal|p2a: Groudon|Red Orb\n|-weather|DesolateLand|[from] ability: Desolate Land|[of] p2a: Groudon\n|turn|2\n|\n|t:|1699298584\n|switch|p1a: Zygarde|Zygarde|100\/100\n|move|p2a: Groudon|Swords Dance|p2a: Groudon\n|-boost|p2a: Groudon|atk|2\n|\n|-weather|DesolateLand|[upkeep]\n|upkeep\n|turn|3\n|\n|t:|1699298589\n|move|p1a: Zygarde|Glare|p2a: Groudon\n|-status|p2a: Groudon|par\n|move|p2a: Groudon|Precipice Blades|p1a: Zygarde\n|-damage|p1a: Zygarde|9\/100\n|\n|-weather|DesolateLand|[upkeep]\n|-heal|p1a: Zygarde|16\/100|[from] item: Leftovers\n|-activate|p1a: Zygarde|ability: Power Construct\n|detailschange|p1a: Zygarde|Zygarde-Complete\n|-heal|p1a: Zygarde|44\/100|[silent]\n|upkeep\n|turn|4\n|\n|t:|1699298595\n|switch|p1a: Ditto|Ditto|100\/100\n|-transform|p1a: Ditto|p2a: Groudon|[from] ability: Imposter\n|cant|p2a: Groudon|par\n|\n|-weather|DesolateLand|[upkeep]\n|upkeep\n|turn|5\n|c|\u2606clobbah time|Bruh\n|\n|t:|1699298605\n|move|p1a: Ditto|Precipice Blades|p2a: Groudon|[miss]\n|-miss|p1a: Ditto|p2a: Groudon\n|move|p2a: Groudon|Precipice Blades|p1a: Ditto\n|-supereffective|p1a: Ditto\n|-damage|p1a: Ditto|0 fnt\n|faint|p1a: Ditto\n|\n|-weather|DesolateLand|[upkeep]\n|upkeep\n|c|\u2606Malice Incarnate|it evens out\n|c|\u2606clobbah time|Yay\n|\n|t:|1699298612\n|switch|p1a: Arceus|Arceus-Dark|100\/100\n|turn|6\n|\n|t:|1699298615\n|move|p1a: Arceus|Foul Play|p2a: Groudon\n|-damage|p2a: Groudon|2\/100 par\n|cant|p2a: Groudon|par\n|\n|-weather|DesolateLand|[upkeep]\n|upkeep\n|turn|7\n|\n|t:|1699298619\n|move|p1a: Arceus|Foul Play|p2a: Groudon\n|-damage|p2a: Groudon|0 fnt\n|faint|p2a: Groudon\n|-weather|none\n|\n|upkeep\n|\n|t:|1699298621\n|switch|p2a: Zacian|Zacian-Crowned|100\/100\n|-ability|p2a: Zacian|Intrepid Sword|boost\n|-boost|p2a: Zacian|atk|1\n|turn|8\n|\n|t:|1699298627\n|switch|p1a: Groudon|Groudon|100\/100\n|detailschange|p1a: Groudon|Groudon-Primal\n|-primal|p1a: Groudon|Red Orb\n|-weather|DesolateLand|[from] ability: Desolate Land|[of] p1a: Groudon\n|move|p2a: Zacian|Swords Dance|p2a: Zacian\n|-boost|p2a: Zacian|atk|2\n|\n|-weather|DesolateLand|[upkeep]\n|upkeep\n|turn|9\n|\n|t:|1699298631\n|-terastallize|p2a: Zacian|Ground\n|move|p2a: Zacian|Tera Blast|p1a: Groudon|[anim] Tera Blast Ground\n|-supereffective|p1a: Groudon\n|-damage|p1a: Groudon|0 fnt\n|faint|p1a: Groudon\n|-weather|none\n|\n|upkeep\n|\n|t:|1699298637\n|switch|p1a: Arceus|Arceus-Dark|100\/100\n|turn|10\n|\n|t:|1699298639\n|-terastallize|p1a: Arceus|Poison\n|move|p2a: Zacian|Play Rough|p1a: Arceus|[miss]\n|-miss|p2a: Zacian|p1a: Arceus\n|move|p1a: Arceus|Foul Play|p2a: Zacian\n|-damage|p2a: Zacian|0 fnt\n|faint|p2a: Zacian\n|\n|upkeep\n|\n|t:|1699298647\n|switch|p2a: Zygarde|Zygarde|100\/100\n|turn|11\n|\n|t:|1699298650\n|move|p1a: Arceus|Taunt|p2a: Zygarde\n|-start|p2a: Zygarde|move: Taunt\n|cant|p2a: Zygarde|move: Taunt|Glare\n|\n|upkeep\n|turn|12\n|\n|t:|1699298652\n|move|p1a: Arceus|Toxic|p2a: Zygarde\n|-status|p2a: Zygarde|tox\n|move|p2a: Zygarde|Thousand Arrows|p1a: Arceus\n|-supereffective|p1a: Arceus\n|-damage|p1a: Arceus|53\/100\n|\n|-damage|p2a: Zygarde|94\/100 tox|[from] psn\n|upkeep\n|turn|13\n|\n|t:|1699298661\n|switch|p1a: Ho-Oh|Ho-Oh|100\/100\n|switch|p2a: Flutter Mane|Flutter Mane|100\/100\n|\n|upkeep\n|turn|14\n|\n|t:|1699298665\n|-end|p2a: Flutter Mane|Protosynthesis|[silent]\n|switch|p2a: Zygarde|Zygarde|94\/100 tox\n|move|p1a: Ho-Oh|Sacred Fire|p2a: Zygarde\n|-resisted|p2a: Zygarde\n|-damage|p2a: Zygarde|78\/100 tox\n|\n|-heal|p2a: Zygarde|84\/100 tox|[from] item: Leftovers\n|-damage|p2a: Zygarde|78\/100 tox|[from] psn\n|upkeep\n|turn|15\n|\n|t:|1699298669\n|move|p2a: Zygarde|Dragon Dance|p2a: Zygarde\n|-boost|p2a: Zygarde|atk|1\n|-boost|p2a: Zygarde|spe|1\n|move|p1a: Ho-Oh|Whirlwind|p2a: Zygarde\n|drag|p2a: Flutter Mane|Flutter Mane|100\/100\n|\n|upkeep\n|turn|16\n|\n|t:|1699298673\n|-end|p2a: Flutter Mane|Protosynthesis|[silent]\n|switch|p2a: Zygarde|Zygarde|78\/100 tox\n|move|p1a: Ho-Oh|Sacred Fire|p2a: Zygarde\n|-resisted|p2a: Zygarde\n|-crit|p2a: Zygarde\n|-damage|p2a: Zygarde|54\/100 tox\n|\n|-heal|p2a: Zygarde|60\/100 tox|[from] item: Leftovers\n|-damage|p2a: Zygarde|54\/100 tox|[from] psn\n|upkeep\n|turn|17\n|\n|t:|1699298677\n|switch|p1a: Arceus|Arceus-Dark, tera:Poison|53\/100\n|move|p2a: Zygarde|Thousand Arrows|p1a: Arceus\n|-supereffective|p1a: Arceus\n|-damage|p1a: Arceus|9\/100\n|\n|-heal|p2a: Zygarde|60\/100 tox|[from] item: Leftovers\n|-damage|p2a: Zygarde|48\/100 tox|[from] psn\n|-activate|p2a: Zygarde|ability: Power Construct\n|detailschange|p2a: Zygarde|Zygarde-Complete\n|-heal|p2a: Zygarde|66\/100 tox|[silent]\n|upkeep\n|turn|18\n|\n|t:|1699298681\n|move|p1a: Arceus|Recover|p1a: Arceus\n|-heal|p1a: Arceus|59\/100\n|move|p2a: Zygarde|Thousand Arrows|p1a: Arceus\n|-supereffective|p1a: Arceus\n|-damage|p1a: Arceus|10\/100\n|\n|-heal|p2a: Zygarde|72\/100 tox|[from] item: Leftovers\n|-damage|p2a: Zygarde|54\/100 tox|[from] psn\n|upkeep\n|turn|19\n|\n|t:|1699298685\n|move|p1a: Arceus|Recover|p1a: Arceus\n|-heal|p1a: Arceus|60\/100\n|move|p2a: Zygarde|Thousand Arrows|p1a: Arceus\n|-supereffective|p1a: Arceus\n|-damage|p1a: Arceus|12\/100\n|\n|-heal|p2a: Zygarde|60\/100 tox|[from] item: Leftovers\n|-damage|p2a: Zygarde|35\/100 tox|[from] psn\n|upkeep\n|turn|20\n|\n|t:|1699298688\n|move|p1a: Arceus|Foul Play|p2a: Zygarde\n|-damage|p2a: Zygarde|9\/100 tox\n|move|p2a: Zygarde|Dragon Dance|p2a: Zygarde\n|-boost|p2a: Zygarde|atk|1\n|-boost|p2a: Zygarde|spe|1\n|\n|-heal|p2a: Zygarde|15\/100 tox|[from] item: Leftovers\n|-damage|p2a: Zygarde|0 fnt|[from] psn\n|faint|p2a: Zygarde\n|upkeep\n|\n|t:|1699298691\n|switch|p2a: Marshadow|Marshadow|100\/100\n|turn|21\n|\n|t:|1699298694\n|move|p2a: Marshadow|Spectral Thief|p1a: Arceus\n|-damage|p1a: Arceus|0 fnt\n|faint|p1a: Arceus\n|\n|upkeep\n|\n|t:|1699298696\n|switch|p1a: Ho-Oh|Ho-Oh|100\/100\n|turn|22\n|\n|t:|1699298701\n|move|p2a: Marshadow|Swagger|p1a: Ho-Oh\n|-boost|p1a: Ho-Oh|atk|2\n|-enditem|p2a: Marshadow|Mirror Herb\n|-boost|p2a: Marshadow|atk|2|[from] item: Mirror Herb\n|-start|p1a: Ho-Oh|confusion\n|-activate|p1a: Ho-Oh|confusion\n|move|p1a: Ho-Oh|Sacred Fire|p2a: Marshadow\n|-damage|p2a: Marshadow|0 fnt\n|faint|p2a: Marshadow\n|\n|upkeep\n|\n|t:|1699298703\n|switch|p2a: Flutter Mane|Flutter Mane|100\/100\n|turn|23\n|\n|t:|1699298707\n|move|p2a: Flutter Mane|Substitute|p2a: Flutter Mane\n|-start|p2a: Flutter Mane|Substitute\n|-damage|p2a: Flutter Mane|76\/100\n|-activate|p1a: Ho-Oh|confusion\n|-damage|p1a: Ho-Oh|84\/100|[from] confusion\n|\n|upkeep\n|turn|24\n|\n|t:|1699298710\n|move|p2a: Flutter Mane|Calm Mind|p2a: Flutter Mane\n|-boost|p2a: Flutter Mane|spa|1\n|-boost|p2a: Flutter Mane|spd|1\n|-activate|p1a: Ho-Oh|confusion\n|-damage|p1a: Ho-Oh|70\/100|[from] confusion\n|\n|upkeep\n|turn|25\n|\n|t:|1699298712\n|move|p2a: Flutter Mane|Calm Mind|p2a: Flutter Mane\n|-boost|p2a: Flutter Mane|spa|1\n|-boost|p2a: Flutter Mane|spd|1\n|-activate|p1a: Ho-Oh|confusion\n|-damage|p1a: Ho-Oh|55\/100|[from] confusion\n|\n|upkeep\n|turn|26\n|\n|t:|1699298716\n|-zpower|p2a: Flutter Mane\n|move|p2a: Flutter Mane|Never-Ending Nightmare|p1a: Ho-Oh|[zeffect]\n|-damage|p1a: Ho-Oh|0 fnt\n|faint|p1a: Ho-Oh\n|\n|upkeep\n|\n|t:|1699298722\n|switch|p1a: Zygarde|Zygarde-Complete|44\/100\n|turn|27\n|\n|t:|1699298724\n|move|p2a: Flutter Mane|Moonblast|p1a: Zygarde\n|-supereffective|p1a: Zygarde\n|-damage|p1a: Zygarde|0 fnt\n|faint|p1a: Zygarde\n|\n|upkeep\n|\n|t:|1699298727\n|switch|p1a: Necrozma|Necrozma-Dusk-Mane|100\/100\n|turn|28\n|\n|t:|1699298729\n|move|p2a: Flutter Mane|Shadow Ball|p1a: Necrozma\n|-supereffective|p1a: Necrozma\n|-damage|p1a: Necrozma|0 fnt\n|faint|p1a: Necrozma\n|\n|win|clobbah time\n|raw|Malice Incarnate's rating: 1534 &rarr; <strong>1514<\/strong><br \/>(-20 for losing)\n|raw|clobbah time's rating: 1536 &rarr; <strong>1556<\/strong><br \/>(+20 for winning)\n|l|\u2606clobbah time\n","uploadtime":1699298735,"views":14,"p1id":"maliceincarnate","p2id":"clobbahtime","formatid":"gen9nationaldexubers","rating":1514,"private":0,"password":""}