{"id":"gen9nationaldexubers-1991942183","p1":"El!te 00f","p2":"GibleJ523","format":"[Gen 9] National Dex Ubers","log":"|j|\u2606El!te 00f\n|j|\u2606GibleJ523\n|t:|1700140837\n|gametype|singles\n|player|p1|El!te 00f|serena-masters2|\n|player|p2|GibleJ523|lance|\n|teamsize|p1|6\n|teamsize|p2|6\n|gen|9\n|tier|[Gen 9] National Dex Ubers\n|rule|HP Percentage Mod: HP is shown in percentages\n|rule|Endless Battle Clause: Forcing endless battles is banned\n|rule|OHKO Clause: OHKO moves are banned\n|rule|Evasion Moves Clause: Evasion moves are banned\n|rule|Evasion Items Clause: Evasion items are banned\n|rule|Species Clause: Limit one of each Pok\u00e9mon\n|rule|Sleep Clause Mod: Limit one foe put to sleep\n|rule|Mega Rayquaza Clause: You cannot mega evolve Rayquaza\n|clearpoke\n|poke|p1|Garbodor, M|\n|poke|p1|Lycanroc, M|\n|poke|p1|Corviknight, M|\n|poke|p1|Gardevoir, F|\n|poke|p1|Blastoise, M|\n|poke|p1|Kommo-o, F|\n|poke|p2|Hippowdon, F|\n|poke|p2|Clodsire, M|\n|poke|p2|Gliscor, M|\n|poke|p2|Camerupt, F|\n|poke|p2|Excadrill, M|\n|poke|p2|Garchomp, M|\n|teampreview\n|\n|t:|1700140862\n|start\n|switch|p1a: Lycanroc|Lycanroc, M|100\/100\n|switch|p2a: The Don of Hip|Hippowdon, F|100\/100\n|-weather|Sandstorm|[from] ability: Sand Stream|[of] p2a: The Don of Hip\n|turn|1\n|\n|t:|1700140882\n|move|p1a: Lycanroc|Stealth Rock|p2a: The Don of Hip\n|-sidestart|p2: GibleJ523|move: Stealth Rock\n|move|p2a: The Don of Hip|Earthquake|p1a: Lycanroc\n|-supereffective|p1a: Lycanroc\n|-damage|p1a: Lycanroc|0 fnt\n|faint|p1a: Lycanroc\n|\n|-weather|Sandstorm|[upkeep]\n|upkeep\n|\n|t:|1700140890\n|switch|p1a: Corviknight|Corviknight, M|100\/100\n|-ability|p1a: Corviknight|Pressure\n|turn|2\n|\n|t:|1700140897\n|move|p1a: Corviknight|Brave Bird|p2a: The Don of Hip\n|-damage|p2a: The Don of Hip|75\/100\n|-damage|p1a: Corviknight|91\/100|[from] Recoil\n|move|p2a: The Don of Hip|Fire Fang|p1a: Corviknight\n|-supereffective|p1a: Corviknight\n|-damage|p1a: Corviknight|63\/100\n|-damage|p2a: The Don of Hip|58\/100|[from] item: Rocky Helmet|[of] p1a: Corviknight\n|\n|-weather|Sandstorm|[upkeep]\n|upkeep\n|turn|3\n|\n|t:|1700140906\n|move|p1a: Corviknight|Roost|p1a: Corviknight\n|-heal|p1a: Corviknight|100\/100\n|-singleturn|p1a: Corviknight|move: Roost\n|move|p2a: The Don of Hip|Curse|p2a: The Don of Hip\n|-unboost|p2a: The Don of Hip|spe|1\n|-boost|p2a: The Don of Hip|atk|1\n|-boost|p2a: The Don of Hip|def|1\n|\n|-weather|Sandstorm|[upkeep]\n|upkeep\n|turn|4\n|\n|t:|1700140923\n|move|p1a: Corviknight|Brave Bird|p2a: The Don of Hip\n|-crit|p2a: The Don of Hip\n|-damage|p2a: The Don of Hip|22\/100\n|-damage|p1a: Corviknight|88\/100|[from] Recoil\n|move|p2a: The Don of Hip|Earthquake|p1a: Corviknight\n|-immune|p1a: Corviknight\n|\n|-weather|Sandstorm|[upkeep]\n|upkeep\n|turn|5\n|\n|t:|1700140938\n|move|p1a: Corviknight|Brave Bird|p2a: The Don of Hip\n|-damage|p2a: The Don of Hip|4\/100\n|-damage|p1a: Corviknight|82\/100|[from] Recoil\n|move|p2a: The Don of Hip|Fire Fang|p1a: Corviknight\n|-supereffective|p1a: Corviknight\n|-damage|p1a: Corviknight|41\/100\n|-damage|p2a: The Don of Hip|0 fnt|[from] item: Rocky Helmet|[of] p1a: Corviknight\n|faint|p2a: The Don of Hip\n|\n|-weather|Sandstorm|[upkeep]\n|upkeep\n|\n|t:|1700140947\n|switch|p2a: Umbreon?|Camerupt, F, shiny|100\/100\n|-damage|p2a: Umbreon?|88\/100|[from] Stealth Rock\n|turn|6\n|\n|t:|1700140954\n|switch|p1a: Garbodor|Garbodor, M, shiny|100\/100\n|move|p2a: Umbreon?|Flamethrower|p1a: Garbodor\n|-damage|p1a: Garbodor|52\/100\n|\n|-weather|Sandstorm|[upkeep]\n|-damage|p1a: Garbodor|46\/100|[from] Sandstorm\n|upkeep\n|turn|7\n|\n|t:|1700140964\n|move|p1a: Garbodor|Stomping Tantrum|p2a: Umbreon?\n|-supereffective|p2a: Umbreon?\n|-damage|p2a: Umbreon?|46\/100\n|move|p2a: Umbreon?|Flamethrower|p1a: Garbodor\n|-damage|p1a: Garbodor|0 fnt\n|faint|p1a: Garbodor\n|\n|-weather|Sandstorm|[upkeep]\n|upkeep\n|\n|t:|1700140973\n|switch|p1a: Blastoise|Blastoise, M|100\/100\n|turn|8\n|\n|t:|1700140979\n|switch|p2a: Gible (real)|Garchomp, M|100\/100\n|-damage|p2a: Gible (real)|94\/100|[from] Stealth Rock\n|move|p1a: Blastoise|Shell Smash|p1a: Blastoise\n|-unboost|p1a: Blastoise|def|1\n|-unboost|p1a: Blastoise|spd|1\n|-boost|p1a: Blastoise|atk|2\n|-boost|p1a: Blastoise|spa|2\n|-boost|p1a: Blastoise|spe|2\n|-enditem|p1a: Blastoise|White Herb\n|-clearnegativeboost|p1a: Blastoise|[silent]\n|\n|-weather|none\n|upkeep\n|turn|9\n|\n|t:|1700141004\n|move|p1a: Blastoise|Ice Beam|p2a: Gible (real)\n|-supereffective|p2a: Gible (real)\n|-damage|p2a: Gible (real)|0 fnt\n|faint|p2a: Gible (real)\n|\n|upkeep\n|\n|t:|1700141013\n|switch|p2a: The Drillinator|Excadrill, M, shiny|100\/100\n|-damage|p2a: The Drillinator|97\/100|[from] Stealth Rock\n|turn|10\n|\n|t:|1700141024\n|-terastallize|p1a: Blastoise|Water\n|move|p1a: Blastoise|Hydro Pump|p2a: The Drillinator|[miss]\n|-miss|p1a: Blastoise|p2a: The Drillinator\n|move|p2a: The Drillinator|Sandstorm|p2a: The Drillinator\n|-weather|Sandstorm\n|\n|-weather|Sandstorm|[upkeep]\n|-damage|p1a: Blastoise|94\/100|[from] Sandstorm\n|upkeep\n|turn|11\n|\n|t:|1700141043\n|move|p1a: Blastoise|Hydro Pump|p2a: The Drillinator\n|-supereffective|p2a: The Drillinator\n|-damage|p2a: The Drillinator|0 fnt\n|faint|p2a: The Drillinator\n|\n|-weather|Sandstorm|[upkeep]\n|-damage|p1a: Blastoise|88\/100|[from] Sandstorm\n|upkeep\n|j| ozzey\n|\n|t:|1700141050\n|switch|p2a: v ate uranium-90|Gliscor, M, shiny|100\/100\n|-damage|p2a: v ate uranium-90|88\/100|[from] Stealth Rock\n|turn|12\n|c| ozzey|Hewwo\n|\n|t:|1700141062\n|-terastallize|p2a: v ate uranium-90|Ground\n|move|p1a: Blastoise|Ice Beam|p2a: v ate uranium-90\n|-supereffective|p2a: v ate uranium-90\n|-damage|p2a: v ate uranium-90|0 fnt\n|faint|p2a: v ate uranium-90\n|\n|-weather|Sandstorm|[upkeep]\n|-damage|p1a: Blastoise|82\/100|[from] Sandstorm\n|upkeep\n|c|\u2606El!te 00f|hi friend\n|\n|t:|1700141069\n|switch|p2a: The Sire of Clod|Clodsire, M|100\/100\n|-damage|p2a: The Sire of Clod|94\/100|[from] Stealth Rock\n|turn|13\n|\n|t:|1700141074\n|move|p2a: The Sire of Clod|Protect|p2a: The Sire of Clod\n|-singleturn|p2a: The Sire of Clod|Protect\n|move|p1a: Blastoise|Ice Beam|p2a: The Sire of Clod\n|-activate|p2a: The Sire of Clod|move: Protect\n|\n|-weather|Sandstorm|[upkeep]\n|-damage|p1a: Blastoise|76\/100|[from] Sandstorm\n|upkeep\n|turn|14\n|\n|t:|1700141083\n|move|p1a: Blastoise|Ice Beam|p2a: The Sire of Clod\n|-supereffective|p2a: The Sire of Clod\n|-damage|p2a: The Sire of Clod|40\/100\n|-status|p2a: The Sire of Clod|frz\n|cant|p2a: The Sire of Clod|frz\n|\n|-weather|none\n|upkeep\n|turn|15\n|\n|t:|1700141092\n|-curestatus|p2a: The Sire of Clod|frz|[msg]\n|move|p2a: The Sire of Clod|Protect|p2a: The Sire of Clod\n|-singleturn|p2a: The Sire of Clod|Protect\n|move|p1a: Blastoise|Ice Beam|p2a: The Sire of Clod\n|-activate|p2a: The Sire of Clod|move: Protect\n|\n|upkeep\n|turn|16\n|\n|t:|1700141102\n|move|p1a: Blastoise|Ice Beam|p2a: The Sire of Clod\n|-supereffective|p2a: The Sire of Clod\n|-damage|p2a: The Sire of Clod|0 fnt\n|faint|p2a: The Sire of Clod\n|\n|upkeep\n|\n|t:|1700141107\n|switch|p2a: Umbreon?|Camerupt, F, shiny|46\/100\n|-damage|p2a: Umbreon?|34\/100|[from] Stealth Rock\n|turn|17\n|c| ozzey|Blastoise sweep real\n|\n|t:|1700141117\n|move|p1a: Blastoise|Ice Beam|p2a: Umbreon?\n|-damage|p2a: Umbreon?|0 fnt\n|faint|p2a: Umbreon?\n|\n|win|El!te 00f\n|c|\u2606GibleJ523|gg\n|c|\u2606El!te 00f|gg\n|c| ozzey|Anywae phight me now gible\n|l| ozzey\n|l|\u2606El!te 00f\n|j|\u2606El!te 00f\n|player|p1|El!te 00f|serena-masters2\n","uploadtime":1700141129,"views":9,"p1id":"elte00f","p2id":"giblej523","formatid":"gen9nationaldexubers","rating":0,"private":0,"password":""}