{"id":"gen9nationaldexubers-1979786364","p1":"xeroZeroSSSD","p2":"steals many wives","format":"[Gen 9] National Dex Ubers","log":"|j|\u2606xeroZeroSSSD\n|j|\u2606steals many wives\n|t:|1698713131\n|gametype|singles\n|player|p1|xeroZeroSSSD|rocketgrunt|1212\n|player|p2|steals many wives|waitress|1171\n|teamsize|p1|6\n|teamsize|p2|6\n|gen|9\n|tier|[Gen 9] National Dex Ubers\n|rated|\n|rule|HP Percentage Mod: HP is shown in percentages\n|rule|Endless Battle Clause: Forcing endless battles is banned\n|rule|OHKO Clause: OHKO moves are banned\n|rule|Evasion Moves Clause: Evasion moves are banned\n|rule|Evasion Items Clause: Evasion items are banned\n|rule|Species Clause: Limit one of each Pok\u00e9mon\n|rule|Sleep Clause Mod: Limit one foe put to sleep\n|rule|Mega Rayquaza Clause: You cannot mega evolve Rayquaza\n|clearpoke\n|poke|p1|Zygarde|\n|poke|p1|Mewtwo|\n|poke|p1|Spectrier|\n|poke|p1|Smeargle, M|\n|poke|p1|Arceus-Electric|\n|poke|p1|Groudon|\n|poke|p2|Blissey, F|\n|poke|p2|Diancie|\n|poke|p2|Magearna|\n|poke|p2|Delphox, F|\n|poke|p2|Froslass, F|\n|poke|p2|Lilligant-Hisui, F|\n|teampreview\n|\n|t:|1698713138\n|start\n|switch|p1a: Smeargle|Smeargle, M|100\/100\n|switch|p2a: Rock Waifu|Diancie|100\/100\n|turn|1\n|\n|t:|1698713143\n|detailschange|p2a: Rock Waifu|Diancie-Mega\n|-mega|p2a: Rock Waifu|Diancie|Diancite\n|move|p2a: Rock Waifu|Stealth Rock|p1a: Smeargle\n|-sidestart|p1: xeroZeroSSSD|move: Stealth Rock\n|move|p1a: Smeargle|Spore|p2a: Rock Waifu\n|move|p2a: Rock Waifu|Spore|p1a: Smeargle|[from]ability: Magic Bounce\n|-status|p1a: Smeargle|slp|[from] move: Spore\n|\n|-ability|p1a: Smeargle|Moody|boost\n|-boost|p1a: Smeargle|atk|2\n|-unboost|p1a: Smeargle|def|1\n|upkeep\n|turn|2\n|\n|t:|1698713154\n|move|p2a: Rock Waifu|Diamond Storm|p1a: Smeargle\n|-enditem|p1a: Smeargle|Focus Sash\n|-damage|p1a: Smeargle|1\/100 slp\n|-boost|p2a: Rock Waifu|def|2\n|cant|p1a: Smeargle|slp\n|\n|-ability|p1a: Smeargle|Moody|boost\n|-boost|p1a: Smeargle|atk|2\n|-unboost|p1a: Smeargle|spe|1\n|upkeep\n|turn|3\n|\n|t:|1698713163\n|move|p2a: Rock Waifu|Body Press|p1a: Smeargle\n|-supereffective|p1a: Smeargle\n|-damage|p1a: Smeargle|0 fnt\n|faint|p1a: Smeargle\n|\n|upkeep\n|\n|t:|1698713175\n|switch|p1a: Groudon|Groudon|100\/100\n|-damage|p1a: Groudon|94\/100|[from] Stealth Rock\n|detailschange|p1a: Groudon|Groudon-Primal\n|-primal|p1a: Groudon|Red Orb\n|-weather|DesolateLand|[from] ability: Desolate Land|[of] p1a: Groudon\n|turn|4\n|\n|t:|1698713182\n|move|p2a: Rock Waifu|Diamond Storm|p1a: Groudon\n|-damage|p1a: Groudon|63\/100\n|-boost|p2a: Rock Waifu|def|2\n|move|p1a: Groudon|Thunder Wave|p2a: Rock Waifu\n|move|p2a: Rock Waifu|Thunder Wave|p1a: Groudon|[from]ability: Magic Bounce\n|-immune|p1a: Groudon\n|\n|-weather|DesolateLand|[upkeep]\n|upkeep\n|turn|5\n|\n|t:|1698713190\n|move|p2a: Rock Waifu|Diamond Storm|p1a: Groudon\n|-damage|p1a: Groudon|34\/100\n|-boost|p2a: Rock Waifu|def|2\n|move|p1a: Groudon|Precipice Blades|p2a: Rock Waifu\n|-supereffective|p2a: Rock Waifu\n|-damage|p2a: Rock Waifu|51\/100\n|\n|-weather|DesolateLand|[upkeep]\n|upkeep\n|turn|6\n|-message|xeroZeroSSSD forfeited.\n|\n|win|steals many wives\n|raw|xeroZeroSSSD's rating: 1212 &rarr; <strong>1184<\/strong><br \/>(-28 for losing)\n|raw|steals many wives's rating: 1171 &rarr; <strong>1199<\/strong><br \/>(+28 for winning)\n|l|\u2606xeroZeroSSSD\n","uploadtime":1698713203,"views":7,"p1id":"xerozerosssd","p2id":"stealsmanywives","formatid":"gen9nationaldexubers","rating":1184,"private":0,"password":""}