{"id":"gen9nationaldexubers-1991618507","p1":"Im the soup","p2":"llBrayzed","format":"[Gen 9] National Dex Ubers","log":"|j|\u2606Im the soup\n|j|\u2606llBrayzed\n|t:|1700094864\n|gametype|singles\n|player|p1|Im the soup|169|1245\n|player|p2|llBrayzed|riley|1194\n|teamsize|p1|6\n|teamsize|p2|6\n|gen|9\n|tier|[Gen 9] National Dex Ubers\n|rated|\n|rule|HP Percentage Mod: HP is shown in percentages\n|rule|Endless Battle Clause: Forcing endless battles is banned\n|rule|OHKO Clause: OHKO moves are banned\n|rule|Evasion Moves Clause: Evasion moves are banned\n|rule|Evasion Items Clause: Evasion items are banned\n|rule|Species Clause: Limit one of each Pok\u00e9mon\n|rule|Sleep Clause Mod: Limit one foe put to sleep\n|rule|Mega Rayquaza Clause: You cannot mega evolve Rayquaza\n|clearpoke\n|poke|p1|Smeargle, M|\n|poke|p1|Shaymin-Sky|\n|poke|p1|Grafaiai, M|\n|poke|p1|Regieleki|\n|poke|p1|Lucario, F|\n|poke|p1|Kyurem-Black|\n|poke|p2|Ceruledge, M|\n|poke|p2|Ogerpon-Wellspring, F|\n|poke|p2|Garchomp, M|\n|poke|p2|Flutter Mane|\n|poke|p2|Iron Treads|\n|poke|p2|Chien-Pao|\n|teampreview\n|inactive|Battle timer is ON: inactive players will automatically lose when time's up. (requested by Im the soup)\n|\n|t:|1700094867\n|start\n|switch|p1a: Sir webbington|Smeargle, M|100\/100\n|switch|p2a: Garchomp|Garchomp, M, shiny|100\/100\n|turn|1\n|\n|t:|1700094872\n|detailschange|p2a: Garchomp|Garchomp-Mega, M, shiny\n|-mega|p2a: Garchomp|Garchomp|Garchompite\n|move|p2a: Garchomp|Stealth Rock|p1a: Sir webbington\n|-sidestart|p1: Im the soup|move: Stealth Rock\n|move|p1a: Sir webbington|Spore|p2a: Garchomp\n|-status|p2a: Garchomp|slp|[from] move: Spore\n|\n|-ability|p1a: Sir webbington|Moody|boost\n|-boost|p1a: Sir webbington|atk|2\n|-unboost|p1a: Sir webbington|spd|1\n|upkeep\n|turn|2\n|\n|t:|1700094884\n|switch|p2a: Ceruledge|Ceruledge, M|100\/100\n|move|p1a: Sir webbington|Substitute|p1a: Sir webbington\n|-start|p1a: Sir webbington|Substitute\n|-damage|p1a: Sir webbington|76\/100\n|\n|-heal|p1a: Sir webbington|82\/100|[from] item: Leftovers\n|-ability|p1a: Sir webbington|Moody|boost\n|-boost|p1a: Sir webbington|spd|2\n|-unboost|p1a: Sir webbington|def|1\n|upkeep\n|turn|3\n|\n|t:|1700094892\n|move|p2a: Ceruledge|Bitter Blade|p1a: Sir webbington\n|-end|p1a: Sir webbington|Substitute\n|move|p1a: Sir webbington|Shell Smash|p1a: Sir webbington\n|-unboost|p1a: Sir webbington|def|1\n|-unboost|p1a: Sir webbington|spd|1\n|-boost|p1a: Sir webbington|atk|2\n|-boost|p1a: Sir webbington|spa|2\n|-boost|p1a: Sir webbington|spe|2\n|\n|-heal|p1a: Sir webbington|88\/100|[from] item: Leftovers\n|-ability|p1a: Sir webbington|Moody|boost\n|-boost|p1a: Sir webbington|spa|2\n|-unboost|p1a: Sir webbington|atk|1\n|upkeep\n|turn|4\n|\n|t:|1700094903\n|move|p1a: Sir webbington|Power Trip|p2a: Ceruledge\n|-supereffective|p2a: Ceruledge\n|-crit|p2a: Ceruledge\n|-enditem|p2a: Ceruledge|Focus Sash\n|-damage|p2a: Ceruledge|1\/100\n|-ability|p2a: Ceruledge|Weak Armor|boost\n|-unboost|p2a: Ceruledge|def|1\n|-boost|p2a: Ceruledge|spe|2\n|move|p2a: Ceruledge|Close Combat|p1a: Sir webbington\n|-supereffective|p1a: Sir webbington\n|-damage|p1a: Sir webbington|0 fnt\n|-unboost|p2a: Ceruledge|def|1\n|-unboost|p2a: Ceruledge|spd|1\n|faint|p1a: Sir webbington\n|\n|upkeep\n|\n|t:|1700094906\n|switch|p1a: Epic guy|Lucario, F|100\/100\n|-damage|p1a: Epic guy|98\/100|[from] Stealth Rock\n|turn|5\n|\n|t:|1700094919\n|detailschange|p1a: Epic guy|Lucario-Mega, F\n|-mega|p1a: Epic guy|Lucario|Lucarionite\n|move|p1a: Epic guy|Bullet Punch|p2a: Ceruledge\n|-resisted|p2a: Ceruledge\n|-damage|p2a: Ceruledge|0 fnt\n|faint|p2a: Ceruledge\n|\n|upkeep\n|\n|t:|1700094924\n|switch|p2a: Garchomp|Garchomp-Mega, M, shiny|100\/100 slp\n|turn|6\n|\n|t:|1700094926\n|move|p1a: Epic guy|Close Combat|p2a: Garchomp\n|-damage|p2a: Garchomp|44\/100 slp\n|-unboost|p1a: Epic guy|def|1\n|-unboost|p1a: Epic guy|spd|1\n|cant|p2a: Garchomp|slp\n|\n|upkeep\n|turn|7\n|\n|t:|1700094931\n|move|p1a: Epic guy|Close Combat|p2a: Garchomp\n|-damage|p2a: Garchomp|0 fnt\n|-unboost|p1a: Epic guy|def|1\n|-unboost|p1a: Epic guy|spd|1\n|faint|p2a: Garchomp\n|\n|upkeep\n|inactive|llBrayzed has 120 seconds left.\n|\n|t:|1700094962\n|switch|p2a: Iron Treads|Iron Treads|100\/100\n|turn|8\n|\n|t:|1700094964\n|move|p1a: Epic guy|Close Combat|p2a: Iron Treads\n|-supereffective|p2a: Iron Treads\n|-damage|p2a: Iron Treads|0 fnt\n|-unboost|p1a: Epic guy|def|1\n|-unboost|p1a: Epic guy|spd|1\n|faint|p2a: Iron Treads\n|-end|p2a: Iron Treads|Quark Drive|[silent]\n|\n|upkeep\n|\n|t:|1700094969\n|switch|p2a: Flutter Mane|Flutter Mane|100\/100\n|-enditem|p2a: Flutter Mane|Booster Energy\n|-activate|p2a: Flutter Mane|ability: Protosynthesis|[fromitem]\n|-start|p2a: Flutter Mane|protosynthesisspe\n|turn|9\n|\n|t:|1700094976\n|-terastallize|p2a: Flutter Mane|Electric\n|move|p1a: Epic guy|Bullet Punch|p2a: Flutter Mane\n|-resisted|p2a: Flutter Mane\n|-damage|p2a: Flutter Mane|69\/100\n|move|p2a: Flutter Mane|Shadow Ball|p1a: Epic guy\n|-damage|p1a: Epic guy|0 fnt\n|faint|p1a: Epic guy\n|\n|upkeep\n|\n|t:|1700094985\n|switch|p1a: Pure skill|Grafaiai, M, shiny|100\/100\n|-damage|p1a: Pure skill|88\/100|[from] Stealth Rock\n|turn|10\n|\n|t:|1700094993\n|move|p2a: Flutter Mane|Calm Mind|p2a: Flutter Mane\n|-boost|p2a: Flutter Mane|spa|1\n|-boost|p2a: Flutter Mane|spd|1\n|move|p1a: Pure skill|Dig||[still]\n|-prepare|p1a: Pure skill|Dig\n|\n|upkeep\n|turn|11\n|\n|t:|1700095017\n|-end|p2a: Flutter Mane|Protosynthesis|[silent]\n|switch|p2a: Ogerpon|Ogerpon-Wellspring, F|100\/100\n|move|p1a: Pure skill|Dig|p2a: Ogerpon|[from]lockedmove\n|-resisted|p2a: Ogerpon\n|-crit|p2a: Ogerpon\n|-damage|p2a: Ogerpon|76\/100\n|\n|upkeep\n|turn|12\n|\n|t:|1700095022\n|move|p1a: Pure skill|Copycat|p1a: Pure skill\n|move|p1a: Pure skill|Dig||[from]move: Copycat|[still]\n|-prepare|p1a: Pure skill|Dig\n|move|p2a: Ogerpon|Ivy Cudgel|p1a: Pure skill|[anim] Ivy Cudgel Water|[miss]\n|-miss|p2a: Ogerpon|p1a: Pure skill\n|\n|upkeep\n|turn|13\n|\n|t:|1700095037\n|move|p2a: Ogerpon|Knock Off|p1a: Pure skill|[miss]\n|-miss|p2a: Ogerpon|p1a: Pure skill\n|move|p1a: Pure skill|Dig|p2a: Ogerpon|[from]lockedmove\n|-resisted|p2a: Ogerpon\n|-damage|p2a: Ogerpon|59\/100\n|\n|upkeep\n|turn|14\n|\n|t:|1700095042\n|move|p1a: Pure skill|Copycat|p1a: Pure skill\n|move|p1a: Pure skill|Dig||[from]move: Copycat|[still]\n|-prepare|p1a: Pure skill|Dig\n|move|p2a: Ogerpon|Ivy Cudgel|p1a: Pure skill|[anim] Ivy Cudgel Water|[miss]\n|-miss|p2a: Ogerpon|p1a: Pure skill\n|\n|upkeep\n|turn|15\n|\n|t:|1700095049\n|move|p2a: Ogerpon|Ivy Cudgel|p1a: Pure skill|[anim] Ivy Cudgel Water|[miss]\n|-miss|p2a: Ogerpon|p1a: Pure skill\n|move|p1a: Pure skill|Dig|p2a: Ogerpon|[from]lockedmove\n|-resisted|p2a: Ogerpon\n|-damage|p2a: Ogerpon|43\/100\n|\n|upkeep\n|turn|16\n|\n|t:|1700095055\n|move|p1a: Pure skill|Copycat|p1a: Pure skill\n|move|p1a: Pure skill|Dig||[from]move: Copycat|[still]\n|-prepare|p1a: Pure skill|Dig\n|move|p2a: Ogerpon|Ivy Cudgel|p1a: Pure skill|[anim] Ivy Cudgel Water|[miss]\n|-miss|p2a: Ogerpon|p1a: Pure skill\n|\n|upkeep\n|turn|17\n|\n|t:|1700095068\n|move|p2a: Ogerpon|U-turn|p1a: Pure skill|[miss]\n|-miss|p2a: Ogerpon|p1a: Pure skill\n|move|p1a: Pure skill|Dig|p2a: Ogerpon|[from]lockedmove\n|-resisted|p2a: Ogerpon\n|-damage|p2a: Ogerpon|26\/100\n|\n|upkeep\n|turn|18\n|\n|t:|1700095073\n|switch|p2a: Chien-Pao|Chien-Pao|100\/100\n|-ability|p2a: Chien-Pao|Sword of Ruin\n|move|p1a: Pure skill|Copycat|p1a: Pure skill\n|move|p1a: Pure skill|Dig||[from]move: Copycat|[still]\n|-prepare|p1a: Pure skill|Dig\n|\n|upkeep\n|turn|19\n|\n|t:|1700095082\n|move|p2a: Chien-Pao|Crunch|p1a: Pure skill|[miss]\n|-miss|p2a: Chien-Pao|p1a: Pure skill\n|move|p1a: Pure skill|Dig|p2a: Chien-Pao|[from]lockedmove\n|-damage|p2a: Chien-Pao|66\/100\n|\n|upkeep\n|turn|20\n|\n|t:|1700095087\n|move|p1a: Pure skill|Copycat|p1a: Pure skill\n|move|p1a: Pure skill|Dig||[from]move: Copycat|[still]\n|-prepare|p1a: Pure skill|Dig\n|move|p2a: Chien-Pao|Crunch|p1a: Pure skill|[miss]\n|-miss|p2a: Chien-Pao|p1a: Pure skill\n|\n|upkeep\n|turn|21\n|\n|t:|1700095092\n|switch|p2a: Ogerpon|Ogerpon-Wellspring, F|26\/100\n|move|p1a: Pure skill|Dig|p2a: Ogerpon|[from]lockedmove\n|-resisted|p2a: Ogerpon\n|-damage|p2a: Ogerpon|9\/100\n|\n|upkeep\n|turn|22\n|\n|t:|1700095097\n|move|p1a: Pure skill|Copycat|p1a: Pure skill\n|move|p1a: Pure skill|Dig||[from]move: Copycat|[still]\n|-prepare|p1a: Pure skill|Dig\n|move|p2a: Ogerpon|Ivy Cudgel|p1a: Pure skill|[anim] Ivy Cudgel Water|[miss]\n|-miss|p2a: Ogerpon|p1a: Pure skill\n|\n|upkeep\n|turn|23\n|\n|t:|1700095098\n|move|p2a: Ogerpon|Ivy Cudgel|p1a: Pure skill|[anim] Ivy Cudgel Water|[miss]\n|-miss|p2a: Ogerpon|p1a: Pure skill\n|move|p1a: Pure skill|Dig|p2a: Ogerpon|[from]lockedmove\n|-resisted|p2a: Ogerpon\n|-damage|p2a: Ogerpon|0 fnt\n|faint|p2a: Ogerpon\n|\n|upkeep\n|\n|t:|1700095101\n|switch|p2a: Chien-Pao|Chien-Pao|66\/100\n|-ability|p2a: Chien-Pao|Sword of Ruin\n|turn|24\n|\n|t:|1700095106\n|move|p2a: Chien-Pao|Sucker Punch||[still]\n|-fail|p2a: Chien-Pao\n|move|p1a: Pure skill|Copycat|p1a: Pure skill\n|move|p1a: Pure skill|Sucker Punch||[from]move: Copycat|[still]\n|-fail|p1a: Pure skill\n|\n|upkeep\n|turn|25\n|\n|t:|1700095114\n|switch|p2a: Flutter Mane|Flutter Mane, tera:Electric|69\/100\n|move|p1a: Pure skill|Dig||[still]\n|-prepare|p1a: Pure skill|Dig\n|\n|upkeep\n|turn|26\n|\n|t:|1700095124\n|-end|p2a: Flutter Mane|Protosynthesis|[silent]\n|switch|p2a: Chien-Pao|Chien-Pao|66\/100\n|-ability|p2a: Chien-Pao|Sword of Ruin\n|move|p1a: Pure skill|Dig|p2a: Chien-Pao|[from]lockedmove\n|-damage|p2a: Chien-Pao|32\/100\n|\n|upkeep\n|turn|27\n|\n|t:|1700095129\n|move|p2a: Chien-Pao|Sucker Punch||[still]\n|-fail|p2a: Chien-Pao\n|move|p1a: Pure skill|Substitute|p1a: Pure skill\n|-start|p1a: Pure skill|Substitute\n|-damage|p1a: Pure skill|63\/100\n|\n|upkeep\n|turn|28\n|\n|t:|1700095133\n|switch|p2a: Flutter Mane|Flutter Mane, tera:Electric|69\/100\n|move|p1a: Pure skill|Dig||[still]\n|-prepare|p1a: Pure skill|Dig\n|\n|upkeep\n|turn|29\n|\n|t:|1700095136\n|move|p2a: Flutter Mane|Shadow Ball|p1a: Pure skill|[miss]\n|-miss|p2a: Flutter Mane|p1a: Pure skill\n|move|p1a: Pure skill|Dig|p2a: Flutter Mane|[from]lockedmove\n|-supereffective|p2a: Flutter Mane\n|-damage|p2a: Flutter Mane|0 fnt\n|faint|p2a: Flutter Mane\n|-end|p2a: Flutter Mane|Protosynthesis|[silent]\n|\n|upkeep\n|-message|llBrayzed forfeited.\n|\n|win|Im the soup\n|raw|Im the soup's rating: 1276 &rarr; <strong>1295<\/strong><br \/>(+19 for winning)\n|raw|llBrayzed's rating: 1194 &rarr; <strong>1175<\/strong><br \/>(-19 for losing)\n|l|\u2606llBrayzed\n","uploadtime":1700095150,"views":9,"p1id":"imthesoup","p2id":"llbrayzed","formatid":"gen9nationaldexubers","rating":1175,"private":0,"password":""}