{"id":"gen9nationaldexubers-1984211505","p1":"BloodyBill","p2":"treeshhhh","format":"[Gen 9] National Dex Ubers","log":"|j|\u2606BloodyBill\n|j|\u2606treeshhhh\n|t:|1699230676\n|gametype|singles\n|player|p1|BloodyBill|ltsurge|1355\n|player|p2|treeshhhh|lucas|1532\n|teamsize|p1|6\n|teamsize|p2|6\n|gen|9\n|tier|[Gen 9] National Dex Ubers\n|rated|\n|rule|HP Percentage Mod: HP is shown in percentages\n|rule|Endless Battle Clause: Forcing endless battles is banned\n|rule|OHKO Clause: OHKO moves are banned\n|rule|Evasion Moves Clause: Evasion moves are banned\n|rule|Evasion Items Clause: Evasion items are banned\n|rule|Species Clause: Limit one of each Pok\u00e9mon\n|rule|Sleep Clause Mod: Limit one foe put to sleep\n|rule|Mega Rayquaza Clause: You cannot mega evolve Rayquaza\n|clearpoke\n|poke|p1|Heatran, M|\n|poke|p1|Tsareena, F|\n|poke|p1|Lanturn, M|\n|poke|p1|Regieleki|\n|poke|p1|Clefable, F|\n|poke|p1|Golem, M|\n|poke|p2|Groudon|\n|poke|p2|Necrozma-Dusk-Mane|\n|poke|p2|Ho-Oh|\n|poke|p2|Zygarde|\n|poke|p2|Yveltal|\n|poke|p2|Arceus-Water|\n|teampreview\n|inactive|Battle timer is ON: inactive players will automatically lose when time's up. (requested by BloodyBill)\n|\n|t:|1699230700\n|start\n|switch|p1a: HotStuff|Heatran, M|100\/100\n|switch|p2a: Groudon|Groudon|100\/100\n|detailschange|p2a: Groudon|Groudon-Primal\n|-primal|p2a: Groudon|Red Orb\n|-weather|DesolateLand|[from] ability: Desolate Land|[of] p2a: Groudon\n|turn|1\n|\n|t:|1699230709\n|move|p1a: HotStuff|Scorching Sands|p2a: Groudon\n|-supereffective|p2a: Groudon\n|-damage|p2a: Groudon|66\/100\n|move|p2a: Groudon|Precipice Blades|p1a: HotStuff\n|-supereffective|p1a: HotStuff\n|-enditem|p1a: HotStuff|Focus Sash\n|-damage|p1a: HotStuff|1\/100\n|\n|-weather|DesolateLand|[upkeep]\n|upkeep\n|turn|2\n|\n|t:|1699230720\n|-weather|none\n|switch|p2a: Ho-Oh|Ho-Oh, shiny|100\/100\n|move|p1a: HotStuff|Scorching Sands|p2a: Ho-Oh\n|-immune|p2a: Ho-Oh\n|\n|upkeep\n|turn|3\n|\n|t:|1699230729\n|move|p1a: HotStuff|Flame Charge|p2a: Ho-Oh\n|-resisted|p2a: Ho-Oh\n|-damage|p2a: Ho-Oh|95\/100\n|-boost|p1a: HotStuff|spe|1\n|move|p2a: Ho-Oh|Brave Bird|p1a: HotStuff\n|-resisted|p1a: HotStuff\n|-damage|p1a: HotStuff|0 fnt\n|faint|p1a: HotStuff\n|-damage|p2a: Ho-Oh|95\/100|[from] Recoil\n|\n|upkeep\n|\n|t:|1699230737\n|switch|p1a: Sponge|Lanturn, M|100\/100\n|turn|4\n|\n|t:|1699230744\n|switch|p2a: Necrozma|Necrozma-Dusk-Mane|100\/100\n|move|p1a: Sponge|Toxic|p2a: Necrozma\n|-immune|p2a: Necrozma\n|\n|upkeep\n|turn|5\n|\n|t:|1699230752\n|move|p2a: Necrozma|Toxic|p1a: Sponge\n|-status|p1a: Sponge|tox\n|move|p1a: Sponge|Scald|p2a: Necrozma\n|-damage|p2a: Necrozma|85\/100\n|\n|-heal|p2a: Necrozma|91\/100|[from] item: Leftovers\n|-damage|p1a: Sponge|94\/100 tox|[from] psn\n|upkeep\n|turn|6\n|\n|t:|1699230764\n|move|p2a: Necrozma|Stealth Rock|p1a: Sponge\n|-sidestart|p1: BloodyBill|move: Stealth Rock\n|move|p1a: Sponge|Toxic|p2a: Necrozma\n|-immune|p2a: Necrozma\n|\n|-heal|p2a: Necrozma|97\/100|[from] item: Leftovers\n|-heal|p1a: Sponge|100\/100 tox|[from] item: Leftovers\n|-damage|p1a: Sponge|88\/100 tox|[from] psn\n|upkeep\n|turn|7\n|inactive|treeshhhh has 120 seconds left.\n|\n|t:|1699230796\n|switch|p2a: Yveltal|Yveltal|100\/100\n|-ability|p2a: Yveltal|Dark Aura\n|move|p1a: Sponge|Scald|p2a: Yveltal\n|-damage|p2a: Yveltal|80\/100\n|-status|p2a: Yveltal|brn\n|\n|-heal|p1a: Sponge|94\/100 tox|[from] item: Leftovers\n|-damage|p1a: Sponge|76\/100 tox|[from] psn\n|-damage|p2a: Yveltal|74\/100 brn|[from] brn\n|upkeep\n|turn|8\n|inactive|treeshhhh has 120 seconds left.\n|\n|t:|1699230812\n|move|p2a: Yveltal|Knock Off|p1a: Sponge\n|-damage|p1a: Sponge|45\/100 tox\n|-enditem|p1a: Sponge|Leftovers|[from] move: Knock Off|[of] p2a: Yveltal\n|-damage|p2a: Yveltal|64\/100 brn|[from] item: Life Orb\n|move|p1a: Sponge|Rest|p1a: Sponge\n|-status|p1a: Sponge|slp|[from] move: Rest\n|-heal|p1a: Sponge|100\/100 slp|[silent]\n|\n|-damage|p2a: Yveltal|58\/100 brn|[from] brn\n|upkeep\n|turn|9\n|inactive|treeshhhh has 120 seconds left.\n|\n|t:|1699230827\n|move|p2a: Yveltal|Dark Pulse|p1a: Sponge\n|-damage|p1a: Sponge|43\/100 slp\n|-damage|p2a: Yveltal|48\/100 brn|[from] item: Life Orb\n|cant|p1a: Sponge|slp\n|cant|p1a: Sponge|flinch\n|\n|-damage|p2a: Yveltal|42\/100 brn|[from] brn\n|upkeep\n|turn|10\n|inactive|treeshhhh has 120 seconds left.\n|\n|t:|1699230839\n|move|p2a: Yveltal|Dark Pulse|p1a: Sponge\n|-damage|p1a: Sponge|0 fnt\n|faint|p1a: Sponge\n|-damage|p2a: Yveltal|32\/100 brn|[from] item: Life Orb\n|\n|-damage|p2a: Yveltal|26\/100 brn|[from] brn\n|upkeep\n|\n|t:|1699230842\n|switch|p1a: Sparkie|Regieleki|100\/100\n|turn|11\n|\n|t:|1699230851\n|move|p1a: Sparkie|Substitute|p1a: Sparkie\n|-start|p1a: Sparkie|Substitute\n|-damage|p1a: Sparkie|76\/100\n|move|p2a: Yveltal|Knock Off|p1a: Sparkie\n|-end|p1a: Sparkie|Substitute\n|-damage|p2a: Yveltal|16\/100 brn|[from] item: Life Orb\n|\n|-damage|p2a: Yveltal|10\/100 brn|[from] brn\n|upkeep\n|turn|12\n|\n|t:|1699230861\n|move|p1a: Sparkie|Substitute|p1a: Sparkie\n|-start|p1a: Sparkie|Substitute\n|-damage|p1a: Sparkie|51\/100\n|move|p2a: Yveltal|Knock Off|p1a: Sparkie\n|-end|p1a: Sparkie|Substitute\n|-damage|p2a: Yveltal|0 fnt|[from] item: Life Orb\n|faint|p2a: Yveltal\n|\n|upkeep\n|\n|t:|1699230875\n|switch|p2a: Groudon|Groudon-Primal|66\/100\n|-weather|DesolateLand|[from] ability: Desolate Land|[of] p2a: Groudon\n|turn|13\n|\n|t:|1699230881\n|move|p1a: Sparkie|Rapid Spin|p2a: Groudon\n|-damage|p2a: Groudon|61\/100\n|-boost|p1a: Sparkie|spe|1\n|-sideend|p1: BloodyBill|Stealth Rock|[from] move: Rapid Spin|[of] p1a: Sparkie\n|move|p2a: Groudon|Precipice Blades|p1a: Sparkie\n|-supereffective|p1a: Sparkie\n|-damage|p1a: Sparkie|0 fnt\n|faint|p1a: Sparkie\n|\n|-weather|DesolateLand|[upkeep]\n|upkeep\n|\n|t:|1699230884\n|switch|p1a: MVP|Golem, M|100\/100\n|turn|14\n|\n|t:|1699230894\n|move|p2a: Groudon|Precipice Blades|p1a: MVP\n|-supereffective|p1a: MVP\n|-ability|p1a: MVP|Sturdy\n|-damage|p1a: MVP|1\/100\n|move|p1a: MVP|Earthquake|p2a: Groudon\n|-supereffective|p2a: Groudon\n|-damage|p2a: Groudon|7\/100\n|\n|-weather|DesolateLand|[upkeep]\n|upkeep\n|turn|15\n|-enditem|p1a: MVP|Custap Berry|[eat]\n|-activate|p1a: MVP|item: Custap Berry|[consumed]\n|\n|t:|1699230904\n|move|p1a: MVP|Earthquake|p2a: Groudon\n|-supereffective|p2a: Groudon\n|-damage|p2a: Groudon|0 fnt\n|faint|p2a: Groudon\n|-weather|none\n|\n|upkeep\n|\n|t:|1699230928\n|switch|p2a: Arceus|Arceus-Water|100\/100\n|turn|16\n|\n|t:|1699230933\n|move|p2a: Arceus|Judgment|p1a: MVP\n|-supereffective|p1a: MVP\n|-damage|p1a: MVP|0 fnt\n|faint|p1a: MVP\n|\n|upkeep\n|\n|t:|1699230938\n|switch|p1a: CoolTrainer\u2640\ufe0f|Tsareena, F|100\/100\n|turn|17\n|\n|t:|1699230945\n|move|p2a: Arceus|Judgment|p1a: CoolTrainer\u2640\ufe0f\n|-resisted|p1a: CoolTrainer\u2640\ufe0f\n|-damage|p1a: CoolTrainer\u2640\ufe0f|65\/100\n|move|p1a: CoolTrainer\u2640\ufe0f|Trailblaze|p2a: Arceus\n|-supereffective|p2a: Arceus\n|-crit|p2a: Arceus\n|-damage|p2a: Arceus|43\/100\n|-boost|p1a: CoolTrainer\u2640\ufe0f|spe|1\n|\n|upkeep\n|turn|18\n|\n|t:|1699230956\n|move|p1a: CoolTrainer\u2640\ufe0f|Trailblaze|p2a: Arceus\n|-supereffective|p2a: Arceus\n|-damage|p2a: Arceus|2\/100\n|-boost|p1a: CoolTrainer\u2640\ufe0f|spe|1\n|move|p2a: Arceus|Judgment|p1a: CoolTrainer\u2640\ufe0f\n|-resisted|p1a: CoolTrainer\u2640\ufe0f\n|-damage|p1a: CoolTrainer\u2640\ufe0f|30\/100\n|\n|upkeep\n|turn|19\n|\n|t:|1699230966\n|move|p1a: CoolTrainer\u2640\ufe0f|Trailblaze|p2a: Arceus\n|-supereffective|p2a: Arceus\n|-damage|p2a: Arceus|0 fnt\n|-boost|p1a: CoolTrainer\u2640\ufe0f|spe|1\n|faint|p2a: Arceus\n|\n|upkeep\n|\n|t:|1699230973\n|switch|p2a: Necrozma|Necrozma-Dusk-Mane|97\/100\n|turn|20\n|\n|t:|1699230982\n|move|p1a: CoolTrainer\u2640\ufe0f|Low Sweep|p2a: Necrozma\n|-damage|p2a: Necrozma|83\/100\n|-unboost|p2a: Necrozma|spe|1\n|move|p2a: Necrozma|Sunsteel Strike|p1a: CoolTrainer\u2640\ufe0f\n|-damage|p1a: CoolTrainer\u2640\ufe0f|0 fnt\n|faint|p1a: CoolTrainer\u2640\ufe0f\n|\n|-heal|p2a: Necrozma|89\/100|[from] item: Leftovers\n|upkeep\n|\n|t:|1699230986\n|switch|p1a: Rose|Clefable, F|100\/100\n|turn|21\n|\n|t:|1699230997\n|move|p2a: Necrozma|Sunsteel Strike|p1a: Rose\n|-supereffective|p1a: Rose\n|-enditem|p1a: Rose|Focus Sash\n|-damage|p1a: Rose|1\/100\n|move|p1a: Rose|Counter|p2a: Necrozma\n|-damage|p2a: Necrozma|0 fnt\n|faint|p2a: Necrozma\n|\n|upkeep\n|\n|t:|1699231006\n|switch|p2a: Ho-Oh|Ho-Oh, shiny|100\/100\n|turn|22\n|\n|t:|1699231012\n|move|p2a: Ho-Oh|Sacred Fire|p1a: Rose\n|-damage|p1a: Rose|0 fnt\n|faint|p1a: Rose\n|\n|win|treeshhhh\n|raw|BloodyBill's rating: 1355 &rarr; <strong>1344<\/strong><br \/>(-11 for losing)\n|raw|treeshhhh's rating: 1532 &rarr; <strong>1543<\/strong><br \/>(+11 for winning)\n|l|\u2606BloodyBill\n","uploadtime":1699231019,"views":4,"p1id":"bloodybill","p2id":"treeshhhh","formatid":"gen9nationaldexubers","rating":1344,"private":0,"password":""}