{"id":"gen9nationaldexubers-1985854461","p1":"shadow shy man","p2":"AnomalousBeing","format":"[Gen 9] National Dex Ubers","log":"|j|\u2606shadow shy man\n|j|\u2606AnomalousBeing\n|t:|1699413572\n|gametype|singles\n|player|p1|shadow shy man|marlon|1000\n|player|p2|AnomalousBeing|ethan|1030\n|teamsize|p1|6\n|teamsize|p2|6\n|gen|9\n|tier|[Gen 9] National Dex Ubers\n|rated|\n|rule|HP Percentage Mod: HP is shown in percentages\n|rule|Endless Battle Clause: Forcing endless battles is banned\n|rule|OHKO Clause: OHKO moves are banned\n|rule|Evasion Moves Clause: Evasion moves are banned\n|rule|Evasion Items Clause: Evasion items are banned\n|rule|Species Clause: Limit one of each Pok\u00e9mon\n|rule|Sleep Clause Mod: Limit one foe put to sleep\n|rule|Mega Rayquaza Clause: You cannot mega evolve Rayquaza\n|clearpoke\n|poke|p1|Regidrago|\n|poke|p1|Honchkrow, F|\n|poke|p1|Pheromosa|\n|poke|p1|Revavroom, F|\n|poke|p1|Rotom-Wash|\n|poke|p1|Aurorus, F|\n|poke|p2|Darmanitan-Galar, M|\n|poke|p2|Ribombee, F|\n|poke|p2|Spectrier|\n|poke|p2|Groudon|\n|poke|p2|Gholdengo|\n|poke|p2|Deoxys-Attack|\n|teampreview\n|\n|t:|1699413584\n|start\n|switch|p1a: Honchkrow|Honchkrow, F|100\/100\n|switch|p2a: Bombee|Ribombee, F, shiny|100\/100\n|turn|1\n|\n|t:|1699413599\n|switch|p1a: Revavroom|Revavroom, F|100\/100\n|move|p2a: Bombee|Sticky Web|p1a: Revavroom\n|-sidestart|p1: shadow shy man|move: Sticky Web\n|\n|upkeep\n|turn|2\n|\n|t:|1699413606\n|move|p2a: Bombee|Stun Spore|p1a: Revavroom\n|-immune|p1a: Revavroom|[from] ability: Overcoat\n|move|p1a: Revavroom|Shift Gear|p1a: Revavroom\n|-boost|p1a: Revavroom|spe|2\n|-boost|p1a: Revavroom|atk|1\n|\n|upkeep\n|turn|3\n|\n|t:|1699413614\n|move|p1a: Revavroom|Shift Gear|p1a: Revavroom\n|-boost|p1a: Revavroom|spe|2\n|-boost|p1a: Revavroom|atk|1\n|move|p2a: Bombee|U-turn|p1a: Revavroom\n|-resisted|p1a: Revavroom\n|-damage|p1a: Revavroom|96\/100\n|\n|t:|1699413622\n|switch|p2a: Nemesis|Deoxys-Attack|100\/100|[from] U-turn\n|-ability|p2a: Nemesis|Pressure\n|\n|upkeep\n|turn|4\n|\n|t:|1699413637\n|-terastallize|p1a: Revavroom|Steel\n|move|p1a: Revavroom|Flash Cannon|p2a: Nemesis\n|-enditem|p2a: Nemesis|Focus Sash\n|-damage|p2a: Nemesis|1\/100\n|move|p2a: Nemesis|Superpower|p1a: Revavroom\n|-supereffective|p1a: Revavroom\n|-damage|p1a: Revavroom|0 fnt\n|-unboost|p2a: Nemesis|atk|1\n|-unboost|p2a: Nemesis|def|1\n|faint|p1a: Revavroom\n|\n|upkeep\n|\n|t:|1699413652\n|switch|p1a: Honchkrow|Honchkrow, F|100\/100\n|turn|5\n|\n|t:|1699413658\n|move|p2a: Nemesis|Thunder Punch|p1a: Honchkrow\n|-supereffective|p1a: Honchkrow\n|-damage|p1a: Honchkrow|31\/100\n|move|p1a: Honchkrow|Air Slash|p2a: Nemesis\n|-damage|p2a: Nemesis|0 fnt\n|faint|p2a: Nemesis\n|\n|-heal|p1a: Honchkrow|37\/100|[from] item: Leftovers\n|upkeep\n|\n|t:|1699413672\n|switch|p2a: Frosticuffs|Darmanitan-Galar, M|100\/100\n|turn|6\n|\n|t:|1699413686\n|switch|p1a: Pheromosa|Pheromosa|100\/100\n|-activate|p1a: Pheromosa|move: Sticky Web\n|-unboost|p1a: Pheromosa|spe|1\n|move|p2a: Frosticuffs|U-turn|p1a: Pheromosa\n|-resisted|p1a: Pheromosa\n|-damage|p1a: Pheromosa|21\/100\n|\n|t:|1699413695\n|switch|p2a: Mydnite|Spectrier|100\/100|[from] U-turn\n|\n|upkeep\n|turn|7\n|\n|t:|1699413706\n|move|p2a: Mydnite|Shadow Ball|p1a: Pheromosa\n|-damage|p1a: Pheromosa|0 fnt\n|faint|p1a: Pheromosa\n|-ability|p2a: Mydnite|Grim Neigh|boost\n|-boost|p2a: Mydnite|spa|1\n|\n|upkeep\n|\n|t:|1699413715\n|switch|p1a: Rotom|Rotom-Wash|100\/100\n|turn|8\n|\n|t:|1699413728\n|move|p2a: Mydnite|Shadow Ball|p1a: Rotom\n|-damage|p1a: Rotom|13\/100\n|-unboost|p1a: Rotom|spd|1\n|move|p1a: Rotom|Light Screen|p1a: Rotom\n|-sidestart|p1: shadow shy man|move: Light Screen\n|\n|upkeep\n|turn|9\n|\n|t:|1699413738\n|move|p2a: Mydnite|Shadow Ball|p1a: Rotom\n|-damage|p1a: Rotom|0 fnt\n|faint|p1a: Rotom\n|-ability|p2a: Mydnite|Grim Neigh|boost\n|-boost|p2a: Mydnite|spa|1\n|\n|upkeep\n|\n|t:|1699413747\n|switch|p1a: Honchkrow|Honchkrow, F|37\/100\n|turn|10\n|\n|t:|1699413752\n|move|p1a: Honchkrow|Sucker Punch|p2a: Mydnite\n|-supereffective|p2a: Mydnite\n|-damage|p2a: Mydnite|0 fnt\n|faint|p2a: Mydnite\n|\n|-heal|p1a: Honchkrow|43\/100|[from] item: Leftovers\n|upkeep\n|\n|t:|1699413760\n|switch|p2a: Frosticuffs|Darmanitan-Galar, M|100\/100\n|turn|11\n|\n|t:|1699413773\n|switch|p1a: Aurorus|Aurorus, F|100\/100\n|-activate|p1a: Aurorus|move: Sticky Web\n|-unboost|p1a: Aurorus|spe|1\n|move|p2a: Frosticuffs|Ice Punch|p1a: Aurorus\n|-resisted|p1a: Aurorus\n|-damage|p1a: Aurorus|54\/100\n|\n|upkeep\n|turn|12\n|\n|t:|1699413790\n|switch|p2a: Golden|Gholdengo|100\/100\n|move|p1a: Aurorus|Earthquake|p2a: Golden\n|-supereffective|p2a: Golden\n|-damage|p2a: Golden|60\/100\n|\n|-heal|p2a: Golden|67\/100|[from] item: Leftovers\n|-sideend|p1: shadow shy man|move: Light Screen\n|upkeep\n|turn|13\n|\n|t:|1699413801\n|move|p2a: Golden|Thunderbolt|p1a: Aurorus\n|-damage|p1a: Aurorus|27\/100\n|move|p1a: Aurorus|Earthquake|p2a: Golden\n|-supereffective|p2a: Golden\n|-damage|p2a: Golden|25\/100\n|\n|-heal|p2a: Golden|31\/100|[from] item: Leftovers\n|upkeep\n|turn|14\n|\n|t:|1699413813\n|move|p2a: Golden|Shadow Ball|p1a: Aurorus\n|-damage|p1a: Aurorus|0 fnt\n|faint|p1a: Aurorus\n|\n|-heal|p2a: Golden|37\/100|[from] item: Leftovers\n|upkeep\n|\n|t:|1699413838\n|switch|p1a: Regidrago|Regidrago|100\/100\n|-activate|p1a: Regidrago|move: Sticky Web\n|-unboost|p1a: Regidrago|spe|1\n|turn|15\n|l|\u2606shadow shy man\n|player|p1|\n|inactive|Battle timer is ON: inactive players will automatically lose when time's up. (requested by AnomalousBeing)\n|inactive|shadow shy man has 30 seconds to reconnect!\n|inactive|shadow shy man has 20 seconds to reconnect!\n|inactive|shadow shy man has 15 seconds to reconnect!\n|inactive|shadow shy man has 10 seconds to reconnect!\n|inactive|shadow shy man has 5 seconds to reconnect!\n|-message|shadow shy man lost due to inactivity.\n|\n|win|AnomalousBeing\n|raw|shadow shy man's rating: 1000 &rarr; <strong>1000<\/strong><br \/>(+0 for losing)\n|raw|AnomalousBeing's rating: 1030 &rarr; <strong>1062<\/strong><br \/>(+32 for winning)\n","uploadtime":1699413918,"views":5,"p1id":"shadowshyman","p2id":"anomalousbeing","formatid":"gen9nationaldexubers","rating":1000,"private":0,"password":""}