{"id":"gen9nationaldexubers-1991877621","p1":"Ghetsissss","p2":"yuanshensb","format":"[Gen 9] National Dex Ubers","log":"|j|\u2606Ghetsissss\n|j|\u2606yuanshensb\n|t:|1700132432\n|gametype|singles\n|player|p1|Ghetsissss|ghetsis|1191\n|player|p2|yuanshensb|cynthia|1238\n|teamsize|p1|6\n|teamsize|p2|6\n|gen|9\n|tier|[Gen 9] National Dex Ubers\n|rated|\n|rule|HP Percentage Mod: HP is shown in percentages\n|rule|Endless Battle Clause: Forcing endless battles is banned\n|rule|OHKO Clause: OHKO moves are banned\n|rule|Evasion Moves Clause: Evasion moves are banned\n|rule|Evasion Items Clause: Evasion items are banned\n|rule|Species Clause: Limit one of each Pok\u00e9mon\n|rule|Sleep Clause Mod: Limit one foe put to sleep\n|rule|Mega Rayquaza Clause: You cannot mega evolve Rayquaza\n|clearpoke\n|poke|p1|Gigalith, F|\n|poke|p1|Hydreigon, M|\n|poke|p1|Serperior, F|\n|poke|p1|Cofagrigus, F|\n|poke|p1|Excadrill, F|\n|poke|p1|Galvantula, F|\n|poke|p2|Xerneas-*|\n|poke|p2|Zacian-*|\n|poke|p2|Rayquaza|\n|poke|p2|Arceus|\n|poke|p2|Gyarados, M|\n|poke|p2|Necrozma-Dusk-Mane|\n|teampreview\n|\n|t:|1700132450\n|start\n|switch|p1a: lowtierspider|Galvantula, F|100\/100\n|switch|p2a: Rayquaza|Rayquaza, shiny|100\/100\n|-ability|p2a: Rayquaza|Air Lock\n|turn|1\n|\n|t:|1700132457\n|move|p1a: lowtierspider|Sticky Web|p2a: Rayquaza\n|-sidestart|p2: yuanshensb|move: Sticky Web\n|move|p2a: Rayquaza|Dragon Dance|p2a: Rayquaza\n|-boost|p2a: Rayquaza|atk|1\n|-boost|p2a: Rayquaza|spe|1\n|\n|upkeep\n|turn|2\n|\n|t:|1700132460\n|move|p2a: Rayquaza|Dragon Dance|p2a: Rayquaza\n|-boost|p2a: Rayquaza|atk|1\n|-boost|p2a: Rayquaza|spe|1\n|move|p1a: lowtierspider|Thunder|p2a: Rayquaza\n|-damage|p2a: Rayquaza|41\/100\n|-status|p2a: Rayquaza|par\n|\n|upkeep\n|turn|3\n|\n|t:|1700132466\n|move|p1a: lowtierspider|Thunder|p2a: Rayquaza\n|-damage|p2a: Rayquaza|0 fnt\n|faint|p2a: Rayquaza\n|\n|upkeep\n|\n|t:|1700132473\n|switch|p2a: Xerneas|Xerneas|100\/100\n|-activate|p2a: Xerneas|move: Sticky Web\n|-unboost|p2a: Xerneas|spe|1\n|-ability|p2a: Xerneas|Fairy Aura\n|turn|4\n|\n|t:|1700132478\n|switch|p1a: Gigachadlith|Gigalith, F, shiny|100\/100\n|-weather|Sandstorm|[from] ability: Sand Stream|[of] p1a: Gigachadlith\n|-terastallize|p2a: Xerneas|Electric\n|move|p2a: Xerneas|Geomancy||[still]\n|-prepare|p2a: Xerneas|Geomancy\n|-enditem|p2a: Xerneas|Power Herb\n|-anim|p2a: Xerneas|Geomancy|p2a: Xerneas\n|-boost|p2a: Xerneas|spa|2\n|-boost|p2a: Xerneas|spd|2\n|-boost|p2a: Xerneas|spe|2\n|\n|-weather|Sandstorm|[upkeep]\n|-damage|p2a: Xerneas|94\/100|[from] Sandstorm\n|upkeep\n|turn|5\n|\n|t:|1700132491\n|move|p2a: Xerneas|Calm Mind|p2a: Xerneas\n|-boost|p2a: Xerneas|spa|1\n|-boost|p2a: Xerneas|spd|1\n|move|p1a: Gigachadlith|Earthquake|p2a: Xerneas\n|-supereffective|p2a: Xerneas\n|-damage|p2a: Xerneas|28\/100\n|\n|-weather|Sandstorm|[upkeep]\n|-damage|p2a: Xerneas|22\/100|[from] Sandstorm\n|upkeep\n|turn|6\n|\n|t:|1700132499\n|move|p2a: Xerneas|Moonblast|p1a: Gigachadlith\n|-damage|p1a: Gigachadlith|18\/100\n|move|p1a: Gigachadlith|Earthquake|p2a: Xerneas\n|-supereffective|p2a: Xerneas\n|-damage|p2a: Xerneas|0 fnt\n|faint|p2a: Xerneas\n|\n|-weather|Sandstorm|[upkeep]\n|upkeep\n|\n|t:|1700132505\n|switch|p2a: Zacian|Zacian-Crowned|100\/100\n|-activate|p2a: Zacian|move: Sticky Web\n|-unboost|p2a: Zacian|spe|1\n|-ability|p2a: Zacian|Intrepid Sword|boost\n|-boost|p2a: Zacian|atk|1\n|turn|7\n|\n|t:|1700132510\n|move|p2a: Zacian|Steel Beam|p1a: Gigachadlith\n|-supereffective|p1a: Gigachadlith\n|-damage|p1a: Gigachadlith|0 fnt\n|-damage|p2a: Zacian|50\/100|[from] steelbeam\n|faint|p1a: Gigachadlith\n|\n|-weather|Sandstorm|[upkeep]\n|upkeep\n|c|\u2606Ghetsissss|yo that wasnt needed for a 17%\n|\n|t:|1700132529\n|switch|p1a: forgot about this?|Excadrill, F|100\/100\n|turn|8\n|\n|t:|1700132533\n|move|p1a: forgot about this?|Earthquake|p2a: Zacian\n|-supereffective|p2a: Zacian\n|-damage|p2a: Zacian|0 fnt\n|faint|p2a: Zacian\n|-damage|p1a: forgot about this?|91\/100|[from] item: Life Orb\n|\n|-weather|none\n|upkeep\n|\n|t:|1700132543\n|switch|p2a: Gyarados|Gyarados, M, shiny|100\/100\n|-ability|p2a: Gyarados|Intimidate|boost\n|-unboost|p1a: forgot about this?|atk|1\n|turn|9\n|\n|t:|1700132548\n|switch|p1a: Cofagrigus|Cofagrigus, F|100\/100\n|detailschange|p2a: Gyarados|Gyarados-Mega, M, shiny\n|-mega|p2a: Gyarados|Gyarados|Gyaradosite\n|-ability|p2a: Gyarados|Mold Breaker\n|move|p2a: Gyarados|Dragon Dance|p2a: Gyarados\n|-boost|p2a: Gyarados|atk|1\n|-boost|p2a: Gyarados|spe|1\n|\n|upkeep\n|turn|10\n|\n|t:|1700132554\n|move|p2a: Gyarados|Earthquake|p1a: Cofagrigus\n|-damage|p1a: Cofagrigus|67\/100\n|move|p1a: Cofagrigus|Toxic|p2a: Gyarados|[miss]\n|-miss|p1a: Cofagrigus|p2a: Gyarados\n|\n|upkeep\n|turn|11\n|\n|t:|1700132559\n|move|p2a: Gyarados|Waterfall|p1a: Cofagrigus\n|-damage|p1a: Cofagrigus|27\/100\n|-damage|p2a: Gyarados|84\/100|[from] item: Rocky Helmet|[of] p1a: Cofagrigus\n|-activate|p1a: Cofagrigus|ability: Mummy|Mold Breaker|[of] p2a: Gyarados\n|move|p1a: Cofagrigus|Body Press|p2a: Gyarados\n|-supereffective|p2a: Gyarados\n|-damage|p2a: Gyarados|17\/100\n|\n|upkeep\n|turn|12\n|\n|t:|1700132579\n|move|p2a: Gyarados|Waterfall|p1a: Cofagrigus\n|-damage|p1a: Cofagrigus|0 fnt\n|-damage|p2a: Gyarados|1\/100|[from] item: Rocky Helmet|[of] p1a: Cofagrigus\n|faint|p1a: Cofagrigus\n|\n|upkeep\n|\n|t:|1700132592\n|switch|p1a: lowtierspider|Galvantula, F|100\/100\n|turn|13\n|\n|t:|1700132597\n|move|p2a: Gyarados|Waterfall|p1a: lowtierspider\n|-enditem|p1a: lowtierspider|Focus Sash\n|-damage|p1a: lowtierspider|1\/100\n|move|p1a: lowtierspider|Giga Drain|p2a: Gyarados\n|-supereffective|p2a: Gyarados\n|-damage|p2a: Gyarados|0 fnt\n|-heal|p1a: lowtierspider|1\/100|[from] drain|[of] p2a: Gyarados\n|faint|p2a: Gyarados\n|\n|upkeep\n|\n|t:|1700132600\n|switch|p2a: Arceus|Arceus|100\/100\n|-activate|p2a: Arceus|move: Sticky Web\n|-unboost|p2a: Arceus|spe|1\n|turn|14\n|\n|t:|1700132606\n|move|p2a: Arceus|Extreme Speed|p1a: lowtierspider\n|-crit|p1a: lowtierspider\n|-damage|p1a: lowtierspider|0 fnt\n|faint|p1a: lowtierspider\n|\n|upkeep\n|\n|t:|1700132609\n|switch|p1a: Serperior|Serperior, F|100\/100\n|turn|15\n|\n|t:|1700132617\n|move|p1a: Serperior|Leaf Storm|p2a: Arceus\n|-damage|p2a: Arceus|55\/100\n|-boost|p1a: Serperior|spa|2\n|move|p2a: Arceus|Swords Dance|p2a: Arceus\n|-boost|p2a: Arceus|atk|2\n|\n|upkeep\n|turn|16\n|\n|t:|1700132621\n|move|p2a: Arceus|Extreme Speed|p1a: Serperior\n|-damage|p1a: Serperior|0 fnt\n|faint|p1a: Serperior\n|\n|upkeep\n|\n|t:|1700132625\n|switch|p1a: forgot about this?|Excadrill, F|91\/100\n|turn|17\n|\n|t:|1700132630\n|move|p2a: Arceus|Extreme Speed|p1a: forgot about this?\n|-resisted|p1a: forgot about this?\n|-damage|p1a: forgot about this?|12\/100\n|move|p1a: forgot about this?|Earthquake|p2a: Arceus\n|-damage|p2a: Arceus|0 fnt\n|faint|p2a: Arceus\n|-damage|p1a: forgot about this?|2\/100|[from] item: Life Orb\n|\n|upkeep\n|\n|t:|1700132634\n|switch|p2a: \u6ee8\u57ce\u7684dog|Necrozma-Dusk-Mane|100\/100\n|-activate|p2a: \u6ee8\u57ce\u7684dog|move: Sticky Web\n|-unboost|p2a: \u6ee8\u57ce\u7684dog|spe|1\n|turn|18\n|\n|t:|1700132640\n|move|p1a: forgot about this?|Earthquake|p2a: \u6ee8\u57ce\u7684dog\n|-supereffective|p2a: \u6ee8\u57ce\u7684dog\n|-damage|p2a: \u6ee8\u57ce\u7684dog|28\/100\n|-damage|p1a: forgot about this?|0 fnt|[from] item: Life Orb\n|faint|p1a: forgot about this?\n|move|p2a: \u6ee8\u57ce\u7684dog|Earth Power|p1: forgot about this?|[notarget]\n|-fail|p2a: \u6ee8\u57ce\u7684dog\n|\n|upkeep\n|\n|t:|1700132646\n|switch|p1a: The end.|Hydreigon, M|100\/100\n|turn|19\n|\n|t:|1700132651\n|-terastallize|p1a: The end.|Fire\n|move|p1a: The end.|Fire Blast|p2a: \u6ee8\u57ce\u7684dog\n|-supereffective|p2a: \u6ee8\u57ce\u7684dog\n|-damage|p2a: \u6ee8\u57ce\u7684dog|0 fnt\n|faint|p2a: \u6ee8\u57ce\u7684dog\n|\n|win|Ghetsissss\n|raw|Ghetsissss's rating: 1191 &rarr; <strong>1219<\/strong><br \/>(+28 for winning)\n|raw|yuanshensb's rating: 1238 &rarr; <strong>1210<\/strong><br \/>(-28 for losing)\n|l|\u2606yuanshensb\n|c|\u2606Ghetsissss|gg\n","uploadtime":1700132675,"views":12,"p1id":"ghetsissss","p2id":"yuanshensb","formatid":"gen9nationaldexubers","rating":1210,"private":0,"password":""}