{"id":"gen9nationaldexubers-2000401096","p1":"Mistery Gold","p2":"Arnaenaed \u223e","format":"[Gen 9] National Dex Ubers","log":"|j|\u2606Mistery Gold\n|j|\u2606Arnaenaed \u223e\n|t:|1701191706\n|gametype|singles\n|player|p1|Mistery Gold|tate|\n|player|p2|Arnaenaed \u223e|unknown|\n|teamsize|p1|6\n|teamsize|p2|6\n|gen|9\n|tier|[Gen 9] National Dex Ubers\n|rule|HP Percentage Mod: HP is shown in percentages\n|rule|Endless Battle Clause: Forcing endless battles is banned\n|rule|OHKO Clause: OHKO moves are banned\n|rule|Evasion Moves Clause: Evasion moves are banned\n|rule|Evasion Items Clause: Evasion items are banned\n|rule|Species Clause: Limit one of each Pok\u00e9mon\n|rule|Sleep Clause Mod: Limit one foe put to sleep\n|rule|Mega Rayquaza Clause: You cannot mega evolve Rayquaza\n|clearpoke\n|poke|p1|Xerneas-*|\n|poke|p1|Lucario, M|\n|poke|p1|Greninja-*, M|\n|poke|p1|Palafin, M|\n|poke|p1|Roaring Moon|\n|poke|p1|Gastrodon-East, F|\n|poke|p2|Groudon|\n|poke|p2|Zygarde|\n|poke|p2|Mewtwo|\n|poke|p2|Lunala|\n|poke|p2|Tapu Lele|\n|poke|p2|Ho-Oh|\n|teampreview\n|\n|t:|1701191721\n|start\n|switch|p1a: Gastrodon|Gastrodon-East, F|100\/100\n|switch|p2a: Tapu Lele|Tapu Lele|100\/100\n|-fieldstart|move: Psychic Terrain|[from] ability: Psychic Surge|[of] p2a: Tapu Lele\n|turn|1\n|\n|t:|1701191726\n|move|p2a: Tapu Lele|Taunt|p1a: Gastrodon\n|-start|p1a: Gastrodon|move: Taunt\n|cant|p1a: Gastrodon|move: Taunt|Stealth Rock\n|\n|upkeep\n|turn|2\n|\n|t:|1701191742\n|switch|p1a: Xerneas|Xerneas|100\/100\n|-ability|p1a: Xerneas|Fairy Aura\n|move|p2a: Tapu Lele|Psyshock|p1a: Xerneas\n|-damage|p1a: Xerneas|56\/100\n|\n|upkeep\n|turn|3\n|\n|t:|1701191756\n|switch|p2a: Ho-Oh|Ho-Oh|100\/100\n|move|p1a: Xerneas|Geomancy||[still]\n|-prepare|p1a: Xerneas|Geomancy\n|-enditem|p1a: Xerneas|Power Herb\n|-anim|p1a: Xerneas|Geomancy|p1a: Xerneas\n|-boost|p1a: Xerneas|spa|2\n|-boost|p1a: Xerneas|spd|2\n|-boost|p1a: Xerneas|spe|2\n|\n|upkeep\n|turn|4\n|\n|t:|1701191769\n|-terastallize|p1a: Xerneas|Fairy\n|move|p1a: Xerneas|Moonblast|p2a: Ho-Oh\n|-resisted|p2a: Ho-Oh\n|-damage|p2a: Ho-Oh|61\/100\n|move|p2a: Ho-Oh|Whirlwind|p1a: Xerneas\n|drag|p1a: Palafin|Palafin, M|100\/100\n|\n|upkeep\n|turn|5\n|\n|t:|1701191777\n|move|p1a: Palafin|Flip Turn|p2a: Ho-Oh\n|-supereffective|p2a: Ho-Oh\n|-damage|p2a: Ho-Oh|1\/100\n|\n|t:|1701191782\n|detailschange|p1a: Palafin|Palafin-Hero, M\n|switch|p1a: Gastrodon|Gastrodon-East, F|100\/100|[from] Flip Turn\n|move|p2a: Ho-Oh|Sacred Fire|p1a: Gastrodon\n|-resisted|p1a: Gastrodon\n|-damage|p1a: Gastrodon|79\/100\n|\n|-heal|p1a: Gastrodon|85\/100|[from] item: Leftovers\n|-fieldend|move: Psychic Terrain\n|upkeep\n|turn|6\n|\n|t:|1701191804\n|switch|p2a: Groudon|Groudon|100\/100\n|detailschange|p2a: Groudon|Groudon-Primal\n|-primal|p2a: Groudon|Red Orb\n|-weather|DesolateLand|[from] ability: Desolate Land|[of] p2a: Groudon\n|move|p1a: Gastrodon|Stealth Rock|p2a: Groudon\n|-sidestart|p2: Arnaenaed \u223e|move: Stealth Rock\n|\n|-weather|DesolateLand|[upkeep]\n|-heal|p1a: Gastrodon|91\/100|[from] item: Leftovers\n|upkeep\n|turn|7\n|\n|t:|1701191824\n|move|p2a: Groudon|Swords Dance|p2a: Groudon\n|-boost|p2a: Groudon|atk|2\n|move|p1a: Gastrodon|Toxic|p2a: Groudon\n|-status|p2a: Groudon|tox\n|\n|-weather|DesolateLand|[upkeep]\n|-heal|p1a: Gastrodon|97\/100|[from] item: Leftovers\n|-damage|p2a: Groudon|94\/100 tox|[from] psn\n|upkeep\n|turn|8\n|\n|t:|1701191838\n|move|p2a: Groudon|Precipice Blades|p1a: Gastrodon\n|-damage|p1a: Gastrodon|0 fnt\n|faint|p1a: Gastrodon\n|\n|-weather|DesolateLand|[upkeep]\n|-damage|p2a: Groudon|82\/100 tox|[from] psn\n|upkeep\n|\n|t:|1701191843\n|switch|p1a: Greninja|Greninja, M|100\/100\n|turn|9\n|\n|t:|1701191849\n|move|p1a: Greninja|Grass Knot|p2a: Groudon\n|-damage|p2a: Groudon|44\/100 tox\n|move|p2a: Groudon|Precipice Blades|p1a: Greninja\n|-enditem|p1a: Greninja|Focus Sash\n|-damage|p1a: Greninja|1\/100\n|\n|-weather|DesolateLand|[upkeep]\n|-damage|p2a: Groudon|25\/100 tox|[from] psn\n|upkeep\n|turn|10\n|\n|t:|1701191857\n|-weather|none\n|switch|p2a: Ho-Oh|Ho-Oh|35\/100\n|move|p1a: Greninja|Grass Knot|p2a: Ho-Oh\n|-resisted|p2a: Ho-Oh\n|-damage|p2a: Ho-Oh|31\/100\n|\n|upkeep\n|turn|11\n|\n|t:|1701191866\n|switch|p2a: Groudon|Groudon-Primal|25\/100 tox\n|-damage|p2a: Groudon|13\/100 tox|[from] Stealth Rock\n|-weather|DesolateLand|[from] ability: Desolate Land|[of] p2a: Groudon\n|move|p1a: Greninja|Hydro Pump||[still]\n|-fail|p1a: Greninja|Hydro Pump|[from] Desolate Land\n|\n|-weather|DesolateLand|[upkeep]\n|-damage|p2a: Groudon|7\/100 tox|[from] psn\n|upkeep\n|turn|12\n|\n|t:|1701191879\n|move|p1a: Greninja|Ice Beam|p2a: Groudon\n|-damage|p2a: Groudon|0 fnt\n|faint|p2a: Groudon\n|-weather|none\n|-ability|p1a: Greninja|Battle Bond|boost\n|-boost|p1a: Greninja|atk|1\n|-boost|p1a: Greninja|spa|1\n|-boost|p1a: Greninja|spe|1\n|-activate|p1a: Greninja|ability: Battle Bond\n|\n|upkeep\n|\n|t:|1701191886\n|switch|p2a: Zygarde|Zygarde|100\/100\n|-damage|p2a: Zygarde|94\/100|[from] Stealth Rock\n|turn|13\n|\n|t:|1701191891\n|move|p2a: Zygarde|Extreme Speed|p1a: Greninja\n|-damage|p1a: Greninja|0 fnt\n|faint|p1a: Greninja\n|\n|upkeep\n|\n|t:|1701191898\n|switch|p1a: Palafin|Palafin-Hero, M|100\/100\n|-activate|p1a: Palafin|ability: Zero to Hero\n|turn|14\n|\n|t:|1701191912\n|-terastallize|p2a: Zygarde|Normal\n|move|p1a: Palafin|Ice Punch|p2a: Zygarde\n|-damage|p2a: Zygarde|69\/100\n|move|p2a: Zygarde|Thousand Waves|p1a: Palafin\n|-damage|p1a: Palafin|67\/100\n|-activate|p1a: Palafin|trapped\n|\n|upkeep\n|turn|15\n|\n|t:|1701191923\n|move|p1a: Palafin|Ice Punch|p2a: Zygarde\n|-damage|p2a: Zygarde|46\/100\n|move|p2a: Zygarde|Coil|p2a: Zygarde\n|-boost|p2a: Zygarde|atk|1\n|-boost|p2a: Zygarde|def|1\n|-boost|p2a: Zygarde|accuracy|1\n|\n|-activate|p2a: Zygarde|ability: Power Construct\n|detailschange|p2a: Zygarde|Zygarde-Complete, tera:Normal\n|-heal|p2a: Zygarde|64\/100|[silent]\n|upkeep\n|turn|16\n|\n|t:|1701191928\n|move|p1a: Palafin|Ice Punch|p2a: Zygarde\n|-crit|p2a: Zygarde\n|-damage|p2a: Zygarde|39\/100\n|move|p2a: Zygarde|Coil|p2a: Zygarde\n|-boost|p2a: Zygarde|atk|1\n|-boost|p2a: Zygarde|def|1\n|-boost|p2a: Zygarde|accuracy|1\n|\n|upkeep\n|turn|17\n|\n|t:|1701191935\n|move|p1a: Palafin|Ice Punch|p2a: Zygarde\n|-damage|p2a: Zygarde|30\/100\n|move|p2a: Zygarde|Coil|p2a: Zygarde\n|-boost|p2a: Zygarde|atk|1\n|-boost|p2a: Zygarde|def|1\n|-boost|p2a: Zygarde|accuracy|1\n|\n|upkeep\n|turn|18\n|\n|t:|1701191940\n|move|p1a: Palafin|Ice Punch|p2a: Zygarde\n|-damage|p2a: Zygarde|23\/100\n|move|p2a: Zygarde|Coil|p2a: Zygarde\n|-boost|p2a: Zygarde|atk|1\n|-boost|p2a: Zygarde|def|1\n|-boost|p2a: Zygarde|accuracy|1\n|\n|upkeep\n|turn|19\n|\n|t:|1701191946\n|move|p1a: Palafin|Ice Punch|p2a: Zygarde\n|-damage|p2a: Zygarde|17\/100\n|move|p2a: Zygarde|Rest|p2a: Zygarde\n|-status|p2a: Zygarde|slp|[from] move: Rest\n|-heal|p2a: Zygarde|100\/100 slp|[silent]\n|-enditem|p2a: Zygarde|Chesto Berry|[eat]\n|-curestatus|p2a: Zygarde|slp|[msg]\n|\n|upkeep\n|turn|20\n|\n|t:|1701191951\n|move|p1a: Palafin|Ice Punch|p2a: Zygarde\n|-damage|p2a: Zygarde|95\/100\n|move|p2a: Zygarde|Coil|p2a: Zygarde\n|-boost|p2a: Zygarde|atk|1\n|-boost|p2a: Zygarde|def|1\n|-boost|p2a: Zygarde|accuracy|1\n|\n|upkeep\n|turn|21\n|\n|t:|1701191956\n|move|p1a: Palafin|Ice Punch|p2a: Zygarde\n|-damage|p2a: Zygarde|90\/100\n|move|p2a: Zygarde|Coil|p2a: Zygarde\n|-boost|p2a: Zygarde|atk|1\n|-boost|p2a: Zygarde|def|1\n|-boost|p2a: Zygarde|accuracy|1\n|\n|upkeep\n|turn|22\n|\n|t:|1701191960\n|move|p2a: Zygarde|Extreme Speed|p1a: Palafin\n|-damage|p1a: Palafin|0 fnt\n|faint|p1a: Palafin\n|\n|upkeep\n|\n|t:|1701191965\n|switch|p1a: Roaring Moon|Roaring Moon|100\/100\n|turn|23\n|\n|t:|1701191970\n|move|p2a: Zygarde|Extreme Speed|p1a: Roaring Moon\n|-enditem|p1a: Roaring Moon|Focus Sash\n|-damage|p1a: Roaring Moon|1\/100\n|move|p1a: Roaring Moon|Iron Head|p2a: Zygarde\n|-damage|p2a: Zygarde|87\/100\n|\n|upkeep\n|turn|24\n|\n|t:|1701191976\n|move|p2a: Zygarde|Extreme Speed|p1a: Roaring Moon\n|-damage|p1a: Roaring Moon|0 fnt\n|faint|p1a: Roaring Moon\n|-end|p1a: Roaring Moon|Protosynthesis|[silent]\n|\n|upkeep\n|\n|t:|1701191978\n|switch|p1a: Lucario|Lucario, M|100\/100\n|turn|25\n|\n|t:|1701191983\n|detailschange|p1a: Lucario|Lucario-Mega, M\n|-mega|p1a: Lucario|Lucario|Lucarionite\n|move|p2a: Zygarde|Extreme Speed|p1a: Lucario\n|-resisted|p1a: Lucario\n|-damage|p1a: Lucario|26\/100\n|move|p1a: Lucario|Drain Punch|p2a: Zygarde\n|-supereffective|p2a: Zygarde\n|-damage|p2a: Zygarde|77\/100\n|-heal|p1a: Lucario|38\/100|[from] drain|[of] p2a: Zygarde\n|\n|upkeep\n|turn|26\n|\n|t:|1701191993\n|move|p2a: Zygarde|Extreme Speed|p1a: Lucario\n|-resisted|p1a: Lucario\n|-damage|p1a: Lucario|0 fnt\n|faint|p1a: Lucario\n|\n|upkeep\n|\n|t:|1701191996\n|switch|p1a: Xerneas|Xerneas, tera:Fairy|56\/100\n|-ability|p1a: Xerneas|Fairy Aura\n|turn|27\n|\n|t:|1701191999\n|move|p2a: Zygarde|Extreme Speed|p1a: Xerneas\n|-damage|p1a: Xerneas|0 fnt\n|faint|p1a: Xerneas\n|\n|win|Arnaenaed \u223e\n|l|\u2606Mistery Gold\n","uploadtime":1701192470,"views":1,"p1id":"misterygold","p2id":"arnaenaed","formatid":"gen9nationaldexubers","rating":0,"private":0,"password":""}