{"id":"gen9nationaldexubers-1995377654","p1":"Just B3A$T","p2":"AlolanSandslashOU","format":"[Gen 9] National Dex Ubers","log":"|j|\u2606Just B3A$T\n|j|\u2606AlolanSandslashOU\n|t:|1700562449\n|gametype|singles\n|player|p1|Just B3A$T|bruno|\n|player|p2|AlolanSandslashOU|volkner|\n|teamsize|p1|6\n|teamsize|p2|6\n|gen|9\n|tier|[Gen 9] National Dex Ubers\n|rule|HP Percentage Mod: HP is shown in percentages\n|rule|Endless Battle Clause: Forcing endless battles is banned\n|rule|OHKO Clause: OHKO moves are banned\n|rule|Evasion Moves Clause: Evasion moves are banned\n|rule|Evasion Items Clause: Evasion items are banned\n|rule|Species Clause: Limit one of each Pok\u00e9mon\n|rule|Sleep Clause Mod: Limit one foe put to sleep\n|rule|Mega Rayquaza Clause: You cannot mega evolve Rayquaza\n|clearpoke\n|poke|p1|Charizard, M|\n|poke|p1|Bisharp, M|\n|poke|p1|Genesect|\n|poke|p1|Kartana|\n|poke|p1|Heatran, F|\n|poke|p1|Corviknight, M|\n|poke|p2|Kartana|\n|poke|p2|Greninja-*, M|\n|poke|p2|Great Tusk|\n|poke|p2|Zapdos|\n|poke|p2|Sneasler, M|\n|poke|p2|Iron Moth|\n|teampreview\n|inactive|Battle timer is ON: inactive players will automatically lose when time's up. (requested by Just B3A$T)\n|c|\u2606AlolanSandslashOU|Out of all picks\n|c|\u2606AlolanSandslashOU|Charizard\n|c|\u2606Just B3A$T|Hmm...\n|inactive|Just B3A$T has 270 seconds left.\n|inactive|AlolanSandslashOU has 270 seconds left.\n|c|\u2606AlolanSandslashOU|Also cool scarf eruption heatran in sun\n|c|\u2606Just B3A$T|Taste my steeled fangs of vengeance!\n|c|\u2606Just B3A$T|it may not be Scarf\n|c|\u2606Just B3A$T|who knows\n|c|\u2606AlolanSandslashOU|Beast that would be the only reason you'd use a sun setter on a\n|inactive|Just B3A$T has 240 seconds left.\n|c|\u2606AlolanSandslashOU|Steel monotype\n|inactive|AlolanSandslashOU has 240 seconds left.\n|c|\u2606Just B3A$T|sun setter?\n|c|\u2606AlolanSandslashOU|Char y\n|inactive|Just B3A$T has 210 seconds left.\n|c|\u2606Just B3A$T|who said anything about that\n|c|\u2606Just B3A$T|Find out\n|c|\u2606Just B3A$T|yourself\n|\n|t:|1700562554\n|start\n|switch|p1a: Steampunk|Heatran, F, shiny|100\/100\n|switch|p2a: Zapdos|Zapdos|100\/100\n|turn|1\n|c|\u2606AlolanSandslashOU|If it's char x I respect it\n|\n|t:|1700562559\n|move|p1a: Steampunk|Protect|p1a: Steampunk\n|-singleturn|p1a: Steampunk|Protect\n|move|p2a: Zapdos|Volt Switch|p1a: Steampunk\n|-activate|p1a: Steampunk|move: Protect\n|\n|upkeep\n|turn|2\n|\n|t:|1700562562\n|move|p2a: Zapdos|Volt Switch|p1a: Steampunk\n|-damage|p1a: Steampunk|79\/100\n|\n|t:|1700562566\n|switch|p2a: Greninja|Greninja, M|100\/100|[from] Volt Switch\n|move|p1a: Steampunk|Stealth Rock|p2a: Greninja\n|-sidestart|p2: AlolanSandslashOU|move: Stealth Rock\n|\n|-heal|p1a: Steampunk|85\/100|[from] item: Leftovers\n|upkeep\n|turn|3\n|\n|t:|1700562575\n|move|p1a: Steampunk|Protect|p1a: Steampunk\n|-singleturn|p1a: Steampunk|Protect\n|move|p2a: Greninja|Surf|p1a: Steampunk\n|-activate|p1a: Steampunk|move: Protect\n|\n|-heal|p1a: Steampunk|91\/100|[from] item: Leftovers\n|upkeep\n|turn|4\n|\n|t:|1700562580\n|switch|p1a: Fullmetal|Corviknight, M|100\/100\n|-terastallize|p2a: Greninja|Water\n|move|p2a: Greninja|Surf|p1a: Fullmetal\n|-damage|p1a: Fullmetal|34\/100\n|-damage|p2a: Greninja|91\/100|[from] item: Life Orb\n|\n|upkeep\n|turn|5\n|c|\u2606Just B3A$T|this thing does way too much damage\n|c|\u2606AlolanSandslashOU|Extremely true\n|\n|t:|1700562604\n|move|p2a: Greninja|Surf|p1a: Fullmetal\n|-damage|p1a: Fullmetal|0 fnt\n|faint|p1a: Fullmetal\n|-ability|p2a: Greninja|Battle Bond|boost\n|-boost|p2a: Greninja|atk|1\n|-boost|p2a: Greninja|spa|1\n|-boost|p2a: Greninja|spe|1\n|-activate|p2a: Greninja|ability: Battle Bond\n|-damage|p2a: Greninja|81\/100|[from] item: Life Orb\n|\n|upkeep\n|c|\u2606AlolanSandslashOU|Well I'm gaming\n|c|\u2606Just B3A$T|pain\n|inactive|Just B3A$T has 270 seconds left.\n|\n|t:|1700562623\n|switch|p1a: Princegambit|Bisharp, M, shiny|100\/100\n|turn|6\n|\n|t:|1700562627\n|move|p2a: Greninja|Water Shuriken|p1a: Princegambit\n|-damage|p1a: Princegambit|78\/100\n|-damage|p1a: Princegambit|54\/100\n|-damage|p1a: Princegambit|32\/100\n|-crit|p1a: Princegambit\n|-damage|p1a: Princegambit|0 fnt\n|faint|p1a: Princegambit\n|-hitcount|p1: Princegambit|4\n|-damage|p2a: Greninja|71\/100|[from] item: Life Orb\n|\n|upkeep\n|c|\u2606Just B3A$T|...\n|c|\u2606AlolanSandslashOU|LOLL\n|inactive|Just B3A$T has 270 seconds left.\n|\n|t:|1700562643\n|switch|p1a: Cybug|Genesect, shiny|100\/100\n|-ability|p1a: Cybug|Download|boost\n|-boost|p1a: Cybug|atk|1\n|turn|7\n|\n|t:|1700562647\n|move|p1a: Cybug|Extreme Speed|p2a: Greninja\n|-damage|p2a: Greninja|18\/100\n|move|p2a: Greninja|Water Shuriken|p1a: Cybug\n|-damage|p1a: Cybug|79\/100\n|-damage|p1a: Cybug|58\/100\n|-hitcount|p1a: Cybug|2\n|-damage|p2a: Greninja|8\/100|[from] item: Life Orb\n|\n|upkeep\n|turn|8\n|\n|t:|1700562656\n|move|p1a: Cybug|Extreme Speed|p2a: Greninja\n|-damage|p2a: Greninja|0 fnt\n|faint|p2a: Greninja\n|\n|upkeep\n|\n|t:|1700562659\n|switch|p2a: Zapdos|Zapdos|100\/100\n|-damage|p2a: Zapdos|75\/100|[from] Stealth Rock\n|turn|9\n|c|\u2606AlolanSandslashOU|I took out the tanks\n|c|\u2606AlolanSandslashOU|I'm fine with that\n|\n|t:|1700562672\n|switch|p1a: Steampunk|Heatran, F, shiny|91\/100\n|move|p2a: Zapdos|Discharge|p1a: Steampunk\n|-damage|p1a: Steampunk|67\/100\n|-status|p1a: Steampunk|par\n|\n|-heal|p2a: Zapdos|82\/100|[from] item: Leftovers\n|-heal|p1a: Steampunk|73\/100 par|[from] item: Leftovers\n|upkeep\n|turn|10\n|\n|t:|1700562676\n|move|p2a: Zapdos|Volt Switch|p1a: Steampunk\n|-damage|p1a: Steampunk|50\/100 par\n|\n|t:|1700562682\n|switch|p2a: Great Tusk|Great Tusk|100\/100|[from] Volt Switch\n|move|p1a: Steampunk|Lava Plume|p2a: Great Tusk\n|-damage|p2a: Great Tusk|50\/100\n|-status|p2a: Great Tusk|brn\n|\n|-heal|p1a: Steampunk|56\/100 par|[from] item: Leftovers\n|-damage|p2a: Great Tusk|44\/100 brn|[from] brn\n|upkeep\n|turn|11\n|c|\u2606Just B3A$T|ebin\n|\n|t:|1700562690\n|cant|p1a: Steampunk|par\n|move|p2a: Great Tusk|Rapid Spin|p1a: Steampunk\n|-resisted|p1a: Steampunk\n|-damage|p1a: Steampunk|52\/100 par\n|-boost|p2a: Great Tusk|spe|1\n|-sideend|p2: AlolanSandslashOU|Stealth Rock|[from] move: Rapid Spin|[of] p2a: Great Tusk\n|\n|-heal|p1a: Steampunk|58\/100 par|[from] item: Leftovers\n|-damage|p2a: Great Tusk|38\/100 brn|[from] brn\n|upkeep\n|turn|12\n|\n|t:|1700562717\n|cant|p1a: Steampunk|par\n|move|p2a: Great Tusk|Knock Off|p1a: Steampunk\n|-damage|p1a: Steampunk|43\/100 par\n|-enditem|p1a: Steampunk|Leftovers|[from] move: Knock Off|[of] p2a: Great Tusk\n|\n|-damage|p2a: Great Tusk|32\/100 brn|[from] brn\n|upkeep\n|turn|13\n|\n|t:|1700562721\n|move|p1a: Steampunk|Protect|p1a: Steampunk\n|-singleturn|p1a: Steampunk|Protect\n|move|p2a: Great Tusk|Rapid Spin|p1a: Steampunk\n|-activate|p1a: Steampunk|move: Protect\n|\n|-damage|p2a: Great Tusk|26\/100 brn|[from] brn\n|upkeep\n|turn|14\n|\n|t:|1700562727\n|move|p2a: Great Tusk|Close Combat|p1a: Steampunk\n|-supereffective|p1a: Steampunk\n|-damage|p1a: Steampunk|0 fnt\n|-unboost|p2a: Great Tusk|def|1\n|-unboost|p2a: Great Tusk|spd|1\n|faint|p1a: Steampunk\n|\n|-damage|p2a: Great Tusk|20\/100 brn|[from] brn\n|upkeep\n|\n|t:|1700562736\n|switch|p1a: Wrath|Charizard, M, shiny|100\/100\n|turn|15\n|c|\u2606AlolanSandslashOU|It's down to the offensive mons now\n|\n|t:|1700562742\n|detailschange|p1a: Wrath|Charizard-Mega-X, M, shiny\n|-mega|p1a: Wrath|Charizard|Charizardite X\n|move|p1a: Wrath|Dragon Dance|p1a: Wrath\n|-boost|p1a: Wrath|atk|1\n|-boost|p1a: Wrath|spe|1\n|move|p2a: Great Tusk|Close Combat|p1a: Wrath\n|-damage|p1a: Wrath|62\/100\n|-unboost|p2a: Great Tusk|def|1\n|-unboost|p2a: Great Tusk|spd|1\n|\n|-damage|p2a: Great Tusk|14\/100 brn|[from] brn\n|upkeep\n|turn|16\n|\n|t:|1700562755\n|move|p1a: Wrath|Dragon Dance|p1a: Wrath\n|-boost|p1a: Wrath|atk|1\n|-boost|p1a: Wrath|spe|1\n|move|p2a: Great Tusk|Earthquake|p1a: Wrath\n|-supereffective|p1a: Wrath\n|-damage|p1a: Wrath|0 fnt\n|faint|p1a: Wrath\n|\n|-damage|p2a: Great Tusk|8\/100 brn|[from] brn\n|upkeep\n|c|\u2606Just B3A$T|are\n|c|\u2606AlolanSandslashOU|Cool bro\n|c|\u2606Just B3A$T|you\n|c|\u2606Just B3A$T|for real\n|c|\u2606Just B3A$T|It's burned\n|\n|t:|1700562769\n|switch|p1a: Cybug|Genesect, shiny|58\/100\n|-ability|p1a: Cybug|Download|boost\n|-boost|p1a: Cybug|spa|1\n|turn|17\n|c|\u2606AlolanSandslashOU|It's also a great tusk\n|\n|t:|1700562777\n|move|p1a: Cybug|Ice Beam|p2a: Great Tusk\n|-supereffective|p2a: Great Tusk\n|-damage|p2a: Great Tusk|0 fnt\n|faint|p2a: Great Tusk\n|-end|p2a: Great Tusk|Protosynthesis|[silent]\n|\n|upkeep\n|\n|t:|1700562780\n|switch|p2a: Iron Moth|Iron Moth|100\/100\n|-enditem|p2a: Iron Moth|Booster Energy\n|-activate|p2a: Iron Moth|ability: Quark Drive|[fromitem]\n|-start|p2a: Iron Moth|quarkdrivespe\n|turn|18\n|\n|t:|1700562786\n|move|p2a: Iron Moth|Fiery Dance|p1a: Cybug\n|-supereffective|p1a: Cybug\n|-damage|p1a: Cybug|0 fnt\n|-boost|p2a: Iron Moth|spa|1\n|faint|p1a: Cybug\n|\n|upkeep\n|c|\u2606Just B3A$T|sigh...\n|c|\u2606AlolanSandslashOU|Greninja could've 6-0d you\n|c|\u2606AlolanSandslashOU|I thought I died to espeed\n|c|\u2606Just B3A$T|can you like change your damn team eventually lmao\n|c|\u2606Just B3A$T|seeing the same shit over and over\n|inactive|Just B3A$T has 270 seconds left.\n|c|\u2606Just B3A$T|you're playing like Kramalt\n|\n|t:|1700562822\n|switch|p1a: the worst papercut|Kartana, shiny|100\/100\n|turn|19\n|c|\u2606AlolanSandslashOU|no this is my strongest team ever made\n|inactive|Just B3A$T has 270 seconds left.\n|c|\u2606Just B3A$T|it's redundant HO\n|\n|t:|1700562842\n|-terastallize|p1a: the worst papercut|Water\n|move|p2a: Iron Moth|Fiery Dance|p1a: the worst papercut\n|-resisted|p1a: the worst papercut\n|-damage|p1a: the worst papercut|20\/100\n|-boost|p2a: Iron Moth|spa|1\n|move|p1a: the worst papercut|Smart Strike|p2a: Iron Moth\n|-resisted|p2a: Iron Moth\n|-damage|p2a: Iron Moth|71\/100\n|\n|upkeep\n|turn|20\n|\n|t:|1700562850\n|move|p2a: Iron Moth|Sludge Wave|p1a: the worst papercut\n|-damage|p1a: the worst papercut|0 fnt\n|faint|p1a: the worst papercut\n|\n|win|AlolanSandslashOU\n|c|\u2606AlolanSandslashOU|got lucky\n|c|\u2606Just B3A$T|gg ig\n|c|\u2606Just B3A$T|idk\n|c|\u2606Just B3A$T|this team\n|c|\u2606AlolanSandslashOU|Greninja would've 6-0 lmao\n|c|\u2606Just B3A$T|it's built so horribly\n|c|\u2606AlolanSandslashOU|If I clicked surf\n|c|\u2606Just B3A$T|yet I lose\n|c|\u2606AlolanSandslashOU|I'm just better\n|c|\u2606Just B3A$T|no\n|c|\u2606AlolanSandslashOU|then why do you keep getting murdered\n|c|\u2606Just B3A$T|I can guarantee you the team is the problem\n|c|\u2606Just B3A$T|use a diff team and I'd almost always win\n|c|\u2606AlolanSandslashOU|Then why haven't you found a solution\n|c|\u2606Just B3A$T|who knows\n|c|\u2606Just B3A$T|I just picked the wrong team\n|c|\u2606Just B3A$T|ig\n|c|\u2606AlolanSandslashOU|I've been using this team forike\n|l|\u2606Just B3A$T\n|c|\u2606AlolanSandslashOU|2 months\n|l|\u2606AlolanSandslashOU\n|j|\u2606Just B3A$T\n|player|p1|Just B3A$T|bruno\n","uploadtime":1700563012,"views":1,"p1id":"justb3at","p2id":"alolansandslashou","formatid":"gen9nationaldexubers","rating":0,"private":0,"password":""}