{"id":"gen9nationaldexubers-1990011194","p1":"Kratos4587","p2":"Whitney Simp","format":"[Gen 9] National Dex Ubers","log":"|j|\u2606Kratos4587\n|j|\u2606Whitney Simp\n|t:|1699915162\n|gametype|singles\n|player|p1|Kratos4587|skier|1201\n|player|p2|Whitney Simp|byron|1126\n|teamsize|p1|6\n|teamsize|p2|6\n|gen|9\n|tier|[Gen 9] National Dex Ubers\n|rated|\n|rule|HP Percentage Mod: HP is shown in percentages\n|rule|Endless Battle Clause: Forcing endless battles is banned\n|rule|OHKO Clause: OHKO moves are banned\n|rule|Evasion Moves Clause: Evasion moves are banned\n|rule|Evasion Items Clause: Evasion items are banned\n|rule|Species Clause: Limit one of each Pok\u00e9mon\n|rule|Sleep Clause Mod: Limit one foe put to sleep\n|rule|Mega Rayquaza Clause: You cannot mega evolve Rayquaza\n|clearpoke\n|poke|p1|Blaziken, M|\n|poke|p1|Dragapult, M|\n|poke|p1|Torterra, M|\n|poke|p1|Samurott-Hisui, F|\n|poke|p1|Necrozma-Dusk-Mane|\n|poke|p1|Tapu Koko|\n|poke|p2|Arceus-Dragon|\n|poke|p2|Toxicroak, M|\n|poke|p2|Blaziken, M|\n|poke|p2|Ho-Oh|\n|poke|p2|Clefable, F|\n|poke|p2|Necrozma-Dusk-Mane|\n|teampreview\n|inactive|Battle timer is ON: inactive players will automatically lose when time's up. (requested by Whitney Simp)\n|\n|t:|1699915179\n|start\n|switch|p1a: Necrozma|Necrozma-Dusk-Mane|100\/100\n|switch|p2a: Necrozma|Necrozma-Dusk-Mane|100\/100\n|turn|1\n|\n|t:|1699915206\n|move|p1a: Necrozma|Earthquake|p2a: Necrozma\n|-supereffective|p2a: Necrozma\n|-damage|p2a: Necrozma|52\/100\n|move|p2a: Necrozma|Earthquake|p1a: Necrozma\n|-supereffective|p1a: Necrozma\n|-damage|p1a: Necrozma|51\/100\n|\n|-heal|p2a: Necrozma|58\/100|[from] item: Leftovers\n|upkeep\n|turn|2\n|\n|t:|1699915218\n|switch|p2a: Ho-Oh|Ho-Oh|100\/100\n|move|p1a: Necrozma|Earthquake|p2a: Ho-Oh\n|-immune|p2a: Ho-Oh\n|\n|upkeep\n|turn|3\n|inactive|Kratos4587 has 120 seconds left.\n|\n|t:|1699915235\n|switch|p1a: Samurott|Samurott-Hisui, F|100\/100\n|move|p2a: Ho-Oh|Flame Charge|p1a: Samurott\n|-resisted|p1a: Samurott\n|-damage|p1a: Samurott|83\/100\n|-boost|p2a: Ho-Oh|spe|1\n|\n|upkeep\n|turn|4\n|inactive|Kratos4587 has 120 seconds left.\n|\n|t:|1699915249\n|switch|p2a: Arceus|Arceus-Dragon|100\/100\n|-terastallize|p1a: Samurott|Water\n|move|p1a: Samurott|Aqua Cutter|p2a: Arceus\n|-resisted|p2a: Arceus\n|-damage|p2a: Arceus|81\/100\n|\n|upkeep\n|turn|5\n|inactive|Kratos4587 has 120 seconds left.\n|\n|t:|1699915265\n|switch|p1a: Dragapult|Dragapult, M|100\/100\n|move|p2a: Arceus|Spacial Rend|p1a: Dragapult\n|-supereffective|p1a: Dragapult\n|-damage|p1a: Dragapult|0 fnt\n|faint|p1a: Dragapult\n|\n|upkeep\n|inactive|Kratos4587 has 120 seconds left.\n|\n|t:|1699915281\n|switch|p1a: Blaziken|Blaziken, M|100\/100\n|turn|6\n|\n|t:|1699915294\n|detailschange|p1a: Blaziken|Blaziken-Mega, M\n|-mega|p1a: Blaziken|Blaziken|Blazikenite\n|move|p1a: Blaziken|Flare Blitz|p2a: Arceus\n|-resisted|p2a: Arceus\n|-damage|p2a: Arceus|58\/100\n|-status|p2a: Arceus|brn\n|-damage|p1a: Blaziken|91\/100|[from] Recoil\n|move|p2a: Arceus|Spacial Rend|p1a: Blaziken\n|-damage|p1a: Blaziken|5\/100\n|\n|-damage|p2a: Arceus|52\/100 brn|[from] brn\n|-ability|p1a: Blaziken|Speed Boost|boost\n|-boost|p1a: Blaziken|spe|1\n|upkeep\n|turn|7\n|\n|t:|1699915310\n|move|p2a: Arceus|Extreme Speed|p1a: Blaziken\n|-crit|p1a: Blaziken\n|-damage|p1a: Blaziken|0 fnt\n|faint|p1a: Blaziken\n|\n|-damage|p2a: Arceus|46\/100 brn|[from] brn\n|upkeep\n|\n|t:|1699915319\n|switch|p1a: Torterra|Torterra, M|100\/100\n|turn|8\n|\n|t:|1699915334\n|switch|p2a: Ho-Oh|Ho-Oh|100\/100\n|move|p1a: Torterra|Wood Hammer|p2a: Ho-Oh\n|-resisted|p2a: Ho-Oh\n|-damage|p2a: Ho-Oh|88\/100\n|-damage|p1a: Torterra|97\/100|[from] Recoil\n|\n|-heal|p1a: Torterra|100\/100|[from] item: Leftovers\n|upkeep\n|turn|9\n|\n|t:|1699915345\n|switch|p1a: Samurott|Samurott-Hisui, F, tera:Water|83\/100\n|move|p2a: Ho-Oh|Flame Charge|p1a: Samurott\n|-resisted|p1a: Samurott\n|-crit|p1a: Samurott\n|-damage|p1a: Samurott|55\/100\n|-boost|p2a: Ho-Oh|spe|1\n|\n|upkeep\n|turn|10\n|\n|t:|1699915360\n|switch|p2a: Arceus|Arceus-Dragon|46\/100 brn\n|move|p1a: Samurott|Aqua Cutter|p2a: Arceus\n|-resisted|p2a: Arceus\n|-crit|p2a: Arceus\n|-damage|p2a: Arceus|15\/100 brn\n|\n|-damage|p2a: Arceus|9\/100 brn|[from] brn\n|upkeep\n|turn|11\n|\n|t:|1699915373\n|move|p1a: Samurott|Ceaseless Edge|p2a: Arceus\n|-damage|p2a: Arceus|0 fnt\n|-sidestart|p2: Whitney Simp|Spikes\n|faint|p2a: Arceus\n|\n|upkeep\n|inactive|Whitney Simp has 120 seconds left.\n|\n|t:|1699915401\n|switch|p2a: Necrozma|Necrozma-Dusk-Mane|58\/100\n|-damage|p2a: Necrozma|46\/100|[from] Spikes\n|turn|12\n|inactive|Kratos4587 has 120 seconds left.\n|inactive|Whitney Simp has 120 seconds left.\n|\n|t:|1699915413\n|move|p1a: Samurott|Ceaseless Edge|p2a: Necrozma\n|-supereffective|p2a: Necrozma\n|-damage|p2a: Necrozma|0 fnt\n|-sidestart|p2: Whitney Simp|Spikes\n|faint|p2a: Necrozma\n|\n|upkeep\n|\n|t:|1699915417\n|switch|p2a: Blaziken|Blaziken, M|100\/100\n|-damage|p2a: Blaziken|84\/100|[from] Spikes\n|turn|13\n|\n|t:|1699915425\n|detailschange|p2a: Blaziken|Blaziken-Mega, M\n|-mega|p2a: Blaziken|Blaziken|Blazikenite\n|move|p2a: Blaziken|Protect|p2a: Blaziken\n|-singleturn|p2a: Blaziken|Protect\n|move|p1a: Samurott|Aqua Cutter|p2a: Blaziken\n|-activate|p2a: Blaziken|move: Protect\n|\n|-ability|p2a: Blaziken|Speed Boost|boost\n|-boost|p2a: Blaziken|spe|1\n|upkeep\n|turn|14\n|\n|t:|1699915440\n|move|p2a: Blaziken|Close Combat|p1a: Samurott\n|-damage|p1a: Samurott|0 fnt\n|-unboost|p2a: Blaziken|def|1\n|-unboost|p2a: Blaziken|spd|1\n|faint|p1a: Samurott\n|\n|-ability|p2a: Blaziken|Speed Boost|boost\n|-boost|p2a: Blaziken|spe|1\n|upkeep\n|\n|t:|1699915450\n|switch|p1a: Necrozma|Necrozma-Dusk-Mane|51\/100\n|turn|15\n|\n|t:|1699915459\n|move|p2a: Blaziken|Swords Dance|p2a: Blaziken\n|-boost|p2a: Blaziken|atk|2\n|move|p1a: Necrozma|Photon Geyser|p2a: Blaziken\n|-supereffective|p2a: Blaziken\n|-damage|p2a: Blaziken|0 fnt\n|faint|p2a: Blaziken\n|\n|upkeep\n|\n|t:|1699915467\n|switch|p2a: Ho-Oh|Ho-Oh|100\/100\n|turn|16\n|\n|t:|1699915474\n|switch|p1a: Tapu Koko|Tapu Koko, shiny|100\/100\n|-fieldstart|move: Electric Terrain|[from] ability: Electric Surge|[of] p1a: Tapu Koko\n|move|p2a: Ho-Oh|Sacred Fire|p1a: Tapu Koko\n|-damage|p1a: Tapu Koko|39\/100\n|-status|p1a: Tapu Koko|brn\n|\n|-heal|p1a: Tapu Koko|45\/100 brn|[from] item: Leftovers\n|-damage|p1a: Tapu Koko|39\/100 brn|[from] brn\n|upkeep\n|turn|17\n|\n|t:|1699915494\n|move|p1a: Tapu Koko|Discharge|p2a: Ho-Oh\n|-supereffective|p2a: Ho-Oh\n|-damage|p2a: Ho-Oh|36\/100\n|move|p2a: Ho-Oh|Defog|p1a: Tapu Koko\n|-unboost|p1a: Tapu Koko|evasion|1\n|-sideend|p2: Whitney Simp|Spikes|[from] move: Defog|[of] p2a: Ho-Oh\n|-fieldend|move: Electric Terrain\n|\n|-heal|p1a: Tapu Koko|45\/100 brn|[from] item: Leftovers\n|-damage|p1a: Tapu Koko|39\/100 brn|[from] brn\n|upkeep\n|turn|18\n|\n|t:|1699915506\n|switch|p2a: Toxicroak|Toxicroak, M|100\/100\n|move|p1a: Tapu Koko|Discharge|p2a: Toxicroak\n|-damage|p2a: Toxicroak|40\/100\n|\n|-heal|p1a: Tapu Koko|45\/100 brn|[from] item: Leftovers\n|-damage|p1a: Tapu Koko|39\/100 brn|[from] brn\n|upkeep\n|turn|19\n|\n|t:|1699915518\n|move|p2a: Toxicroak|Fake Out|p1a: Tapu Koko\n|-damage|p1a: Tapu Koko|24\/100 brn\n|cant|p1a: Tapu Koko|flinch\n|\n|-heal|p1a: Tapu Koko|30\/100 brn|[from] item: Leftovers\n|-damage|p1a: Tapu Koko|24\/100 brn|[from] brn\n|upkeep\n|turn|20\n|\n|t:|1699915528\n|move|p2a: Toxicroak|Sucker Punch|p1a: Tapu Koko\n|-resisted|p1a: Tapu Koko\n|-damage|p1a: Tapu Koko|12\/100 brn\n|move|p1a: Tapu Koko|Discharge|p2a: Toxicroak\n|-damage|p2a: Toxicroak|0 fnt\n|faint|p2a: Toxicroak\n|\n|-heal|p1a: Tapu Koko|18\/100 brn|[from] item: Leftovers\n|-damage|p1a: Tapu Koko|12\/100 brn|[from] brn\n|upkeep\n|\n|t:|1699915535\n|switch|p2a: Clefable|Clefable, F|100\/100\n|turn|21\n|\n|t:|1699915543\n|move|p1a: Tapu Koko|Roost|p1a: Tapu Koko\n|-heal|p1a: Tapu Koko|62\/100 brn\n|-singleturn|p1a: Tapu Koko|move: Roost\n|move|p2a: Clefable|Moonblast|p1a: Tapu Koko\n|-damage|p1a: Tapu Koko|22\/100 brn\n|-unboost|p1a: Tapu Koko|spa|1\n|\n|-heal|p1a: Tapu Koko|28\/100 brn|[from] item: Leftovers\n|-damage|p1a: Tapu Koko|22\/100 brn|[from] brn\n|upkeep\n|turn|22\n|\n|t:|1699915554\n|move|p1a: Tapu Koko|Roost|p1a: Tapu Koko\n|-heal|p1a: Tapu Koko|72\/100 brn\n|-singleturn|p1a: Tapu Koko|move: Roost\n|move|p2a: Clefable|Charge Beam|p1a: Tapu Koko\n|-resisted|p1a: Tapu Koko\n|-damage|p1a: Tapu Koko|65\/100 brn\n|\n|-heal|p1a: Tapu Koko|71\/100 brn|[from] item: Leftovers\n|-damage|p1a: Tapu Koko|65\/100 brn|[from] brn\n|upkeep\n|turn|23\n|\n|t:|1699915567\n|move|p1a: Tapu Koko|U-turn|p2a: Clefable\n|-resisted|p2a: Clefable\n|-damage|p2a: Clefable|97\/100\n|\n|t:|1699915580\n|switch|p1a: Necrozma|Necrozma-Dusk-Mane|51\/100|[from] U-turn\n|move|p2a: Clefable|Charge Beam|p1a: Necrozma\n|-damage|p1a: Necrozma|40\/100\n|-boost|p2a: Clefable|spa|1\n|\n|-heal|p2a: Clefable|100\/100|[from] item: Leftovers\n|upkeep\n|turn|24\n|\n|t:|1699915592\n|switch|p2a: Ho-Oh|Ho-Oh|69\/100\n|-zpower|p1a: Necrozma\n|move|p1a: Necrozma|Searing Sunraze Smash|p2a: Ho-Oh|[zeffect]\n|-resisted|p2a: Ho-Oh\n|-damage|p2a: Ho-Oh|14\/100\n|\n|upkeep\n|turn|25\n|\n|t:|1699915606\n|move|p1a: Necrozma|Photon Geyser|p2a: Ho-Oh\n|-damage|p2a: Ho-Oh|0 fnt\n|faint|p2a: Ho-Oh\n|\n|upkeep\n|c|\u2606Whitney Simp|Que asco que das rata culia\n|-message|Whitney Simp forfeited.\n|\n|win|Kratos4587\n|raw|Kratos4587's rating: 1201 &rarr; <strong>1221<\/strong><br \/>(+20 for winning)\n|raw|Whitney Simp's rating: 1126 &rarr; <strong>1106<\/strong><br \/>(-20 for losing)\n|l|\u2606Whitney Simp\n","uploadtime":1699915632,"views":7,"p1id":"kratos4587","p2id":"whitneysimp","formatid":"gen9nationaldexubers","rating":1106,"private":0,"password":""}