{"id":"gen9nationaldexubers-1989882126","p1":"B1ACKM3W","p2":"Ghhehs","format":"[Gen 9] National Dex Ubers","log":"|j|\u2606B1ACKM3W\n|j|\u2606Ghhehs\n|t:|1699903578\n|gametype|singles\n|player|p1|B1ACKM3W|2|1108\n|player|p2|Ghhehs|swimmerf|1174\n|teamsize|p1|6\n|teamsize|p2|6\n|gen|9\n|tier|[Gen 9] National Dex Ubers\n|rated|\n|rule|HP Percentage Mod: HP is shown in percentages\n|rule|Endless Battle Clause: Forcing endless battles is banned\n|rule|OHKO Clause: OHKO moves are banned\n|rule|Evasion Moves Clause: Evasion moves are banned\n|rule|Evasion Items Clause: Evasion items are banned\n|rule|Species Clause: Limit one of each Pok\u00e9mon\n|rule|Sleep Clause Mod: Limit one foe put to sleep\n|rule|Mega Rayquaza Clause: You cannot mega evolve Rayquaza\n|clearpoke\n|poke|p1|Kingambit, F|\n|poke|p1|Ceruledge, M|\n|poke|p1|Armarouge, M|\n|poke|p1|Quagsire, M|\n|poke|p1|Iron Bundle|\n|poke|p1|Regieleki|\n|poke|p2|Dracovish|\n|poke|p2|Dracozolt|\n|poke|p2|Tyranitar, M|\n|poke|p2|Landorus, M|\n|poke|p2|Arcanine-Hisui, M|\n|poke|p2|Garchomp, M|\n|teampreview\n|\n|t:|1699903587\n|start\n|switch|p1a: Iron Bundle|Iron Bundle|100\/100\n|switch|p2a: Tyranitar|Tyranitar, M|100\/100\n|-weather|Sandstorm|[from] ability: Sand Stream|[of] p2a: Tyranitar\n|turn|1\n|inactive|Battle timer is ON: inactive players will automatically lose when time's up. (requested by Ghhehs)\n|l|\u2606B1ACKM3W\n|inactive|B1ACKM3W disconnected and has a minute to reconnect!\n|player|p1|\n|j|\u2606B1ACKM3W\n|inactive|B1ACKM3W reconnected.\n|player|p1|B1ACKM3W|2\n|\n|t:|1699903611\n|switch|p2a: Arcanine|Arcanine-Hisui, M|100\/100\n|move|p1a: Iron Bundle|Taunt|p2a: Arcanine\n|-start|p2a: Arcanine|move: Taunt\n|\n|-weather|Sandstorm|[upkeep]\n|-damage|p1a: Iron Bundle|95\/100|[from] Sandstorm\n|upkeep\n|turn|2\n|\n|t:|1699903630\n|move|p1a: Iron Bundle|Flip Turn|p2a: Arcanine\n|-supereffective|p2a: Arcanine\n|-damage|p2a: Arcanine|17\/100\n|\n|t:|1699903634\n|-end|p1a: Iron Bundle|Quark Drive|[silent]\n|switch|p1a: Quagsire|Quagsire, M|100\/100|[from] Flip Turn\n|move|p2a: Arcanine|Wild Charge|p1a: Quagsire\n|-immune|p1a: Quagsire\n|\n|-weather|Sandstorm|[upkeep]\n|upkeep\n|turn|3\n|\n|t:|1699903651\n|switch|p2a: Dracovish|Dracovish|100\/100\n|move|p1a: Quagsire|Scald|p2a: Dracovish\n|-resisted|p2a: Dracovish\n|-crit|p2a: Dracovish\n|-damage|p2a: Dracovish|91\/100\n|-status|p2a: Dracovish|brn\n|\n|-weather|Sandstorm|[upkeep]\n|-damage|p2a: Dracovish|85\/100 brn|[from] brn\n|upkeep\n|turn|4\n|\n|t:|1699903666\n|move|p2a: Dracovish|Fishious Rend|p1a: Quagsire\n|-damage|p1a: Quagsire|60\/100\n|move|p1a: Quagsire|Encore|p2a: Dracovish\n|-start|p2a: Dracovish|Encore\n|\n|-weather|Sandstorm|[upkeep]\n|-heal|p1a: Quagsire|66\/100|[from] item: Leftovers\n|-damage|p2a: Dracovish|78\/100 brn|[from] brn\n|upkeep\n|turn|5\n|\n|t:|1699903675\n|move|p2a: Dracovish|Fishious Rend|p1a: Quagsire\n|-damage|p1a: Quagsire|28\/100\n|move|p1a: Quagsire|Recover|p1a: Quagsire\n|-heal|p1a: Quagsire|78\/100\n|\n|-weather|Sandstorm|[upkeep]\n|-heal|p1a: Quagsire|84\/100|[from] item: Leftovers\n|-damage|p2a: Dracovish|72\/100 brn|[from] brn\n|upkeep\n|turn|6\n|\n|t:|1699903688\n|switch|p2a: Landorus|Landorus, M|100\/100\n|move|p1a: Quagsire|Recover|p1a: Quagsire\n|-heal|p1a: Quagsire|100\/100\n|\n|-weather|Sandstorm|[upkeep]\n|upkeep\n|turn|7\n|\n|t:|1699903697\n|move|p2a: Landorus|Knock Off|p1a: Quagsire\n|-damage|p1a: Quagsire|77\/100\n|-enditem|p1a: Quagsire|Leftovers|[from] move: Knock Off|[of] p2a: Landorus\n|move|p1a: Quagsire|Toxic|p2a: Landorus\n|-status|p2a: Landorus|tox\n|\n|-weather|Sandstorm|[upkeep]\n|-damage|p2a: Landorus|95\/100 tox|[from] psn\n|upkeep\n|turn|8\n|\n|t:|1699903708\n|move|p2a: Landorus|Stealth Rock|p1a: Quagsire\n|-sidestart|p1: B1ACKM3W|move: Stealth Rock\n|move|p1a: Quagsire|Scald|p2a: Landorus\n|-supereffective|p2a: Landorus\n|-damage|p2a: Landorus|40\/100 tox\n|\n|-weather|none\n|-heal|p2a: Landorus|46\/100 tox|[from] item: Leftovers\n|-damage|p2a: Landorus|34\/100 tox|[from] psn\n|upkeep\n|turn|9\n|\n|t:|1699903719\n|move|p2a: Landorus|Earthquake|p1a: Quagsire\n|-damage|p1a: Quagsire|41\/100\n|move|p1a: Quagsire|Recover|p1a: Quagsire\n|-heal|p1a: Quagsire|91\/100\n|\n|-heal|p2a: Landorus|40\/100 tox|[from] item: Leftovers\n|-damage|p2a: Landorus|22\/100 tox|[from] psn\n|upkeep\n|turn|10\n|\n|t:|1699903731\n|move|p2a: Landorus|Earthquake|p1a: Quagsire\n|-damage|p1a: Quagsire|59\/100\n|move|p1a: Quagsire|Recover|p1a: Quagsire\n|-heal|p1a: Quagsire|100\/100\n|\n|-heal|p2a: Landorus|28\/100 tox|[from] item: Leftovers\n|-damage|p2a: Landorus|4\/100 tox|[from] psn\n|upkeep\n|turn|11\n|\n|t:|1699903742\n|move|p2a: Landorus|Earthquake|p1a: Quagsire\n|-damage|p1a: Quagsire|64\/100\n|move|p1a: Quagsire|Recover|p1a: Quagsire\n|-heal|p1a: Quagsire|100\/100\n|\n|-heal|p2a: Landorus|10\/100 tox|[from] item: Leftovers\n|-damage|p2a: Landorus|0 fnt|[from] psn\n|faint|p2a: Landorus\n|upkeep\n|\n|t:|1699903760\n|switch|p2a: Arcanine|Arcanine-Hisui, M|17\/100\n|turn|12\n|\n|t:|1699903766\n|move|p2a: Arcanine|Head Smash|p1a: Quagsire|[miss]\n|-miss|p2a: Arcanine|p1a: Quagsire\n|move|p1a: Quagsire|Scald|p2a: Arcanine\n|-supereffective|p2a: Arcanine\n|-damage|p2a: Arcanine|0 fnt\n|faint|p2a: Arcanine\n|\n|upkeep\n|\n|t:|1699903782\n|switch|p2a: Garchomp|Garchomp, M|100\/100\n|turn|13\n|\n|t:|1699903790\n|detailschange|p2a: Garchomp|Garchomp-Mega, M\n|-mega|p2a: Garchomp|Garchomp|Garchompite\n|move|p2a: Garchomp|Poison Jab|p1a: Quagsire\n|-resisted|p1a: Quagsire\n|-damage|p1a: Quagsire|89\/100\n|move|p1a: Quagsire|Toxic|p2a: Garchomp\n|-status|p2a: Garchomp|tox\n|\n|-damage|p2a: Garchomp|94\/100 tox|[from] psn\n|upkeep\n|turn|14\n|\n|t:|1699903801\n|move|p2a: Garchomp|Poison Jab|p1a: Quagsire\n|-resisted|p1a: Quagsire\n|-damage|p1a: Quagsire|77\/100\n|move|p1a: Quagsire|Scald|p2a: Garchomp\n|-damage|p2a: Garchomp|76\/100 tox\n|\n|-damage|p2a: Garchomp|63\/100 tox|[from] psn\n|upkeep\n|turn|15\n|\n|t:|1699903811\n|move|p2a: Garchomp|Poison Jab|p1a: Quagsire\n|-resisted|p1a: Quagsire\n|-damage|p1a: Quagsire|65\/100\n|move|p1a: Quagsire|Scald|p2a: Garchomp\n|-damage|p2a: Garchomp|43\/100 tox\n|\n|-damage|p2a: Garchomp|25\/100 tox|[from] psn\n|upkeep\n|turn|16\n|-message|Ghhehs forfeited.\n|\n|win|B1ACKM3W\n|raw|B1ACKM3W's rating: 1108 &rarr; <strong>1138<\/strong><br \/>(+30 for winning)\n|raw|Ghhehs's rating: 1174 &rarr; <strong>1144<\/strong><br \/>(-30 for losing)\n|l|\u2606Ghhehs\n","uploadtime":1699903825,"views":14,"p1id":"b1ackm3w","p2id":"ghhehs","formatid":"gen9nationaldexubers","rating":1138,"private":0,"password":""}