{"id":"gen9nationaldexubers-1978506711","p1":"BankaiBleachGeek","p2":"TheRealMyan","format":"[Gen 9] National Dex Ubers","log":"|j|\u2606BankaiBleachGeek\n|j|\u2606TheRealMyan\n|t:|1698547973\n|gametype|singles\n|player|p1|BankaiBleachGeek|palmer|1104\n|player|p2|TheRealMyan|giovanni|1064\n|teamsize|p1|6\n|teamsize|p2|6\n|gen|9\n|tier|[Gen 9] National Dex Ubers\n|rated|\n|rule|HP Percentage Mod: HP is shown in percentages\n|rule|Endless Battle Clause: Forcing endless battles is banned\n|rule|OHKO Clause: OHKO moves are banned\n|rule|Evasion Moves Clause: Evasion moves are banned\n|rule|Evasion Items Clause: Evasion items are banned\n|rule|Species Clause: Limit one of each Pok\u00e9mon\n|rule|Sleep Clause Mod: Limit one foe put to sleep\n|rule|Mega Rayquaza Clause: You cannot mega evolve Rayquaza\n|clearpoke\n|poke|p1|Sceptile, M|\n|poke|p1|Arboliva, F|\n|poke|p1|Electrode-Hisui|\n|poke|p1|Ferrothorn, M|\n|poke|p1|Ludicolo, M|\n|poke|p1|Torterra, M|\n|poke|p2|Pheromosa|\n|poke|p2|Urshifu-*, F|\n|poke|p2|Blaziken, M|\n|poke|p2|Primarina, M|\n|poke|p2|Corviknight, M|\n|poke|p2|Chien-Pao|\n|teampreview\n|inactive|Battle timer is ON: inactive players will automatically lose when time's up. (requested by TheRealMyan)\n|\n|t:|1698547991\n|start\n|switch|p1a: Electrode|Electrode-Hisui|100\/100\n|switch|p2a: Chien-Pao|Chien-Pao|100\/100\n|-ability|p2a: Chien-Pao|Sword of Ruin\n|turn|1\n|inactive|TheRealMyan has 120 seconds left.\n|\n|t:|1698548029\n|switch|p2a: Urshifu|Urshifu-Rapid-Strike, F|100\/100\n|move|p1a: Electrode|Rain Dance|p1a: Electrode\n|-weather|RainDance\n|\n|-weather|RainDance|[upkeep]\n|upkeep\n|turn|2\n|inactive|TheRealMyan has 120 seconds left.\n|\n|t:|1698548037\n|move|p1a: Electrode|Thunderbolt|p2a: Urshifu\n|-supereffective|p2a: Urshifu\n|-damage|p2a: Urshifu|0 fnt\n|faint|p2a: Urshifu\n|\n|-weather|RainDance|[upkeep]\n|upkeep\n|inactive|TheRealMyan has 120 seconds left.\n|\n|t:|1698548054\n|switch|p2a: Blaziken|Blaziken, M|100\/100\n|turn|3\n|\n|t:|1698548059\n|detailschange|p2a: Blaziken|Blaziken-Mega, M\n|-mega|p2a: Blaziken|Blaziken|Blazikenite\n|move|p2a: Blaziken|Protect|p2a: Blaziken\n|-singleturn|p2a: Blaziken|Protect\n|move|p1a: Electrode|Thunderbolt|p2a: Blaziken\n|-activate|p2a: Blaziken|move: Protect\n|\n|-weather|RainDance|[upkeep]\n|-ability|p2a: Blaziken|Speed Boost|boost\n|-boost|p2a: Blaziken|spe|1\n|upkeep\n|turn|4\n|inactive|TheRealMyan has 120 seconds left.\n|\n|t:|1698548073\n|move|p2a: Blaziken|Close Combat|p1a: Electrode\n|-damage|p1a: Electrode|0 fnt\n|-unboost|p2a: Blaziken|def|1\n|-unboost|p2a: Blaziken|spd|1\n|faint|p1a: Electrode\n|\n|-weather|RainDance|[upkeep]\n|-ability|p2a: Blaziken|Speed Boost|boost\n|-boost|p2a: Blaziken|spe|1\n|upkeep\n|\n|t:|1698548076\n|switch|p1a: Ludicolo|Ludicolo, M|100\/100\n|turn|5\n|inactive|TheRealMyan has 120 seconds left.\n|\n|t:|1698548098\n|switch|p2a: Primarina|Primarina, M, shiny|100\/100\n|move|p1a: Ludicolo|Weather Ball|p2a: Primarina\n|-resisted|p2a: Primarina\n|-damage|p2a: Primarina|67\/100\n|-damage|p1a: Ludicolo|91\/100|[from] item: Life Orb\n|\n|-weather|RainDance|[upkeep]\n|upkeep\n|turn|6\n|inactive|TheRealMyan has 120 seconds left.\n|\n|t:|1698548118\n|switch|p2a: Corviknight|Corviknight, M|100\/100\n|-ability|p2a: Corviknight|Pressure\n|move|p1a: Ludicolo|Giga Drain|p2a: Corviknight\n|-resisted|p2a: Corviknight\n|-damage|p2a: Corviknight|90\/100\n|-heal|p1a: Ludicolo|98\/100|[from] drain|[of] p2a: Corviknight\n|-damage|p1a: Ludicolo|88\/100|[from] item: Life Orb\n|\n|-weather|RainDance|[upkeep]\n|-heal|p2a: Corviknight|96\/100|[from] item: Leftovers\n|upkeep\n|turn|7\n|\n|t:|1698548135\n|move|p1a: Ludicolo|Weather Ball|p2a: Corviknight\n|-damage|p2a: Corviknight|16\/100\n|-damage|p1a: Ludicolo|78\/100|[from] item: Life Orb\n|move|p2a: Corviknight|U-turn|p1a: Ludicolo\n|-supereffective|p1a: Ludicolo\n|-damage|p1a: Ludicolo|34\/100\n|\n|t:|1698548147\n|switch|p2a: Pheromosa|Pheromosa, shiny|100\/100|[from] U-turn\n|\n|-weather|RainDance|[upkeep]\n|upkeep\n|turn|8\n|inactive|TheRealMyan has 90 seconds left.\n|\n|t:|1698548165\n|-terastallize|p2a: Pheromosa|Normal\n|move|p1a: Ludicolo|Ice Beam|p2a: Pheromosa\n|-damage|p2a: Pheromosa|16\/100\n|-damage|p1a: Ludicolo|24\/100|[from] item: Life Orb\n|move|p2a: Pheromosa|Close Combat|p1a: Ludicolo\n|-damage|p1a: Ludicolo|0 fnt\n|-unboost|p2a: Pheromosa|def|1\n|-unboost|p2a: Pheromosa|spd|1\n|faint|p1a: Ludicolo\n|-ability|p2a: Pheromosa|Beast Boost|boost\n|-boost|p2a: Pheromosa|spe|1\n|\n|-weather|none\n|upkeep\n|\n|t:|1698548178\n|switch|p1a: Torterra|Torterra, M|100\/100\n|turn|9\n|\n|t:|1698548192\n|switch|p2a: Corviknight|Corviknight, M|16\/100\n|-ability|p2a: Corviknight|Pressure\n|move|p1a: Torterra|Rock Blast|p2a: Corviknight\n|-damage|p2a: Corviknight|12\/100\n|-crit|p2a: Corviknight\n|-damage|p2a: Corviknight|6\/100\n|-damage|p2a: Corviknight|3\/100\n|-hitcount|p2a: Corviknight|3\n|\n|-heal|p2a: Corviknight|9\/100|[from] item: Leftovers\n|upkeep\n|turn|10\n|inactive|TheRealMyan has 90 seconds left.\n|inactive|TheRealMyan has 60 seconds left.\n|\n|t:|1698548237\n|switch|p2a: Blaziken|Blaziken-Mega, M|100\/100\n|move|p1a: Torterra|Body Press|p2a: Blaziken\n|-damage|p2a: Blaziken|65\/100\n|\n|upkeep\n|turn|11\n|\n|t:|1698548247\n|move|p2a: Blaziken|Flare Blitz|p1a: Torterra\n|-supereffective|p1a: Torterra\n|-damage|p1a: Torterra|0 fnt\n|faint|p1a: Torterra\n|-damage|p2a: Blaziken|22\/100|[from] Recoil\n|\n|-ability|p2a: Blaziken|Speed Boost|boost\n|-boost|p2a: Blaziken|spe|1\n|upkeep\n|\n|t:|1698548253\n|switch|p1a: Sceptile|Sceptile, M|100\/100\n|turn|12\n|\n|t:|1698548258\n|detailschange|p1a: Sceptile|Sceptile-Mega, M\n|-mega|p1a: Sceptile|Sceptile|Sceptilite\n|move|p2a: Blaziken|Swords Dance|p2a: Blaziken\n|-boost|p2a: Blaziken|atk|2\n|move|p1a: Sceptile|Earthquake|p2a: Blaziken\n|-supereffective|p2a: Blaziken\n|-damage|p2a: Blaziken|0 fnt\n|faint|p2a: Blaziken\n|\n|upkeep\n|\n|t:|1698548277\n|switch|p2a: Primarina|Primarina, M, shiny|67\/100\n|turn|13\n|\n|t:|1698548288\n|move|p1a: Sceptile|Leaf Blade|p2a: Primarina\n|-supereffective|p2a: Primarina\n|-damage|p2a: Primarina|0 fnt\n|faint|p2a: Primarina\n|\n|upkeep\n|\n|t:|1698548294\n|switch|p2a: Chien-Pao|Chien-Pao|100\/100\n|-ability|p2a: Chien-Pao|Sword of Ruin\n|turn|14\n|\n|t:|1698548310\n|switch|p1a: Ferrothorn|Ferrothorn, M|100\/100\n|move|p2a: Chien-Pao|Icicle Crash|p1a: Ferrothorn\n|-damage|p1a: Ferrothorn|70\/100\n|\n|upkeep\n|turn|15\n|\n|t:|1698548321\n|move|p2a: Chien-Pao|Sacred Sword|p1a: Ferrothorn\n|-supereffective|p1a: Ferrothorn\n|-crit|p1a: Ferrothorn\n|-damage|p1a: Ferrothorn|0 fnt\n|-damage|p2a: Chien-Pao|88\/100|[from] ability: Iron Barbs|[of] p1a: Ferrothorn\n|-damage|p2a: Chien-Pao|72\/100|[from] item: Rocky Helmet|[of] p1a: Ferrothorn\n|faint|p1a: Ferrothorn\n|\n|upkeep\n|\n|t:|1698548329\n|switch|p1a: Arboliva|Arboliva, F|100\/100\n|turn|16\n|\n|t:|1698548337\n|move|p2a: Chien-Pao|Sacred Sword|p1a: Arboliva\n|-supereffective|p1a: Arboliva\n|-damage|p1a: Arboliva|12\/100\n|-fieldstart|move: Grassy Terrain|[from] ability: Seed Sower|[of] p1a: Arboliva\n|move|p1a: Arboliva|Hyper Voice|p2a: Chien-Pao\n|-crit|p2a: Chien-Pao\n|-damage|p2a: Chien-Pao|0 fnt\n|faint|p2a: Chien-Pao\n|\n|-heal|p1a: Arboliva|18\/100|[from] Grassy Terrain\n|-heal|p1a: Arboliva|24\/100|[from] item: Leftovers\n|upkeep\n|\n|t:|1698548353\n|switch|p2a: Corviknight|Corviknight, M|9\/100\n|-ability|p2a: Corviknight|Pressure\n|turn|17\n|\n|t:|1698548362\n|move|p2a: Corviknight|Roost|p2a: Corviknight\n|-heal|p2a: Corviknight|59\/100\n|-singleturn|p2a: Corviknight|move: Roost\n|move|p1a: Arboliva|Giga Drain|p2a: Corviknight\n|-resisted|p2a: Corviknight\n|-damage|p2a: Corviknight|40\/100\n|-heal|p1a: Arboliva|35\/100|[from] drain|[of] p2a: Corviknight\n|\n|-heal|p2a: Corviknight|46\/100|[from] Grassy Terrain\n|-heal|p2a: Corviknight|52\/100|[from] item: Leftovers\n|-heal|p1a: Arboliva|41\/100|[from] Grassy Terrain\n|-heal|p1a: Arboliva|47\/100|[from] item: Leftovers\n|upkeep\n|turn|18\n|\n|t:|1698548377\n|move|p2a: Corviknight|Brave Bird|p1a: Arboliva\n|-supereffective|p1a: Arboliva\n|-damage|p1a: Arboliva|0 fnt\n|faint|p1a: Arboliva\n|-damage|p2a: Corviknight|38\/100|[from] Recoil\n|\n|-heal|p2a: Corviknight|45\/100|[from] item: Leftovers\n|upkeep\n|\n|t:|1698548384\n|switch|p1a: Sceptile|Sceptile-Mega, M|100\/100\n|turn|19\n|\n|t:|1698548411\n|move|p1a: Sceptile|Dragon Claw|p2a: Corviknight\n|-resisted|p2a: Corviknight\n|-damage|p2a: Corviknight|33\/100\n|move|p2a: Corviknight|Defog|p1a: Sceptile\n|-unboost|p1a: Sceptile|evasion|1\n|-fieldend|move: Grassy Terrain\n|\n|-heal|p2a: Corviknight|39\/100|[from] item: Leftovers\n|upkeep\n|turn|20\n|inactive|TheRealMyan has 60 seconds left.\n|\n|t:|1698548429\n|move|p1a: Sceptile|Leaf Blade|p2a: Corviknight\n|-resisted|p2a: Corviknight\n|-crit|p2a: Corviknight\n|-damage|p2a: Corviknight|29\/100\n|move|p2a: Corviknight|Brave Bird|p1a: Sceptile\n|-supereffective|p1a: Sceptile\n|-damage|p1a: Sceptile|0 fnt\n|faint|p1a: Sceptile\n|-damage|p2a: Corviknight|6\/100|[from] Recoil\n|\n|win|TheRealMyan\n|raw|BankaiBleachGeek's rating: 1104 &rarr; <strong>1076<\/strong><br \/>(-28 for losing)\n|raw|TheRealMyan's rating: 1064 &rarr; <strong>1098<\/strong><br \/>(+34 for winning)\n|l|\u2606BankaiBleachGeek\n","uploadtime":1698548449,"views":19,"p1id":"bankaibleachgeek","p2id":"therealmyan","formatid":"gen9nationaldexubers","rating":1076,"private":0,"password":""}