{"id":"gen9nationaldexubers-1996822402","p1":"Mayler7171","p2":"C0ld as Ice","format":"[Gen 9] National Dex Ubers","log":"|j|\u2606Mayler7171\n|j|\u2606C0ld as Ice\n|t:|1700730973\n|gametype|singles\n|player|p1|Mayler7171|266|1461\n|player|p2|C0ld as Ice|supernerd|1791\n|teamsize|p1|6\n|teamsize|p2|6\n|gen|9\n|tier|[Gen 9] National Dex Ubers\n|rated|\n|rule|HP Percentage Mod: HP is shown in percentages\n|rule|Endless Battle Clause: Forcing endless battles is banned\n|rule|OHKO Clause: OHKO moves are banned\n|rule|Evasion Moves Clause: Evasion moves are banned\n|rule|Evasion Items Clause: Evasion items are banned\n|rule|Species Clause: Limit one of each Pok\u00e9mon\n|rule|Sleep Clause Mod: Limit one foe put to sleep\n|rule|Mega Rayquaza Clause: You cannot mega evolve Rayquaza\n|clearpoke\n|poke|p1|Blissey, F|\n|poke|p1|Giratina-Origin|\n|poke|p1|Zygarde|\n|poke|p1|Ho-Oh|\n|poke|p1|Toxapex, M|\n|poke|p1|Sableye, F|\n|poke|p2|Smeargle, M|\n|poke|p2|Yveltal|\n|poke|p2|Arceus|\n|poke|p2|Marshadow|\n|poke|p2|Lucario, M|\n|poke|p2|Eternatus|\n|teampreview\n|inactive|Battle timer is ON: inactive players will automatically lose when time's up. (requested by C0ld as Ice)\n|inactive|C0ld as Ice has 120 seconds left.\n|\n|t:|1700731020\n|start\n|switch|p1a: Sableye|Sableye, F|100\/100\n|switch|p2a: Smeargle|Smeargle, M|100\/100\n|turn|1\n|\n|t:|1700731030\n|detailschange|p1a: Sableye|Sableye-Mega, F\n|-mega|p1a: Sableye|Sableye|Sablenite\n|move|p2a: Smeargle|Mortal Spin|p1a: Sableye\n|-resisted|p1a: Sableye\n|-damage|p1a: Sableye|99\/100\n|-status|p1a: Sableye|psn\n|move|p1a: Sableye|Will-O-Wisp|p2a: Smeargle\n|-status|p2a: Smeargle|brn\n|\n|-damage|p1a: Sableye|87\/100 psn|[from] psn\n|-damage|p2a: Smeargle|94\/100 brn|[from] brn\n|upkeep\n|turn|2\n|\n|t:|1700731040\n|move|p2a: Smeargle|Nuzzle|p1a: Sableye\n|-damage|p1a: Sableye|86\/100 psn\n|move|p1a: Sableye|Knock Off|p2a: Smeargle\n|-damage|p2a: Smeargle|28\/100 brn\n|-enditem|p2a: Smeargle|Focus Sash|[from] move: Knock Off|[of] p1a: Sableye\n|\n|-damage|p1a: Sableye|74\/100 psn|[from] psn\n|-damage|p2a: Smeargle|22\/100 brn|[from] brn\n|upkeep\n|turn|3\n|\n|t:|1700731053\n|move|p2a: Smeargle|Mortal Spin|p1a: Sableye\n|-resisted|p1a: Sableye\n|-damage|p1a: Sableye|74\/100 psn\n|move|p1a: Sableye|Recover|p1a: Sableye\n|-heal|p1a: Sableye|100\/100 psn\n|\n|-damage|p1a: Sableye|88\/100 psn|[from] psn\n|-damage|p2a: Smeargle|16\/100 brn|[from] brn\n|upkeep\n|turn|4\n|\n|t:|1700731063\n|move|p2a: Smeargle|Mortal Spin|p1a: Sableye\n|-resisted|p1a: Sableye\n|-damage|p1a: Sableye|88\/100 psn\n|move|p1a: Sableye|Knock Off|p2a: Smeargle\n|-damage|p2a: Smeargle|0 fnt\n|faint|p2a: Smeargle\n|\n|-damage|p1a: Sableye|75\/100 psn|[from] psn\n|upkeep\n|\n|t:|1700731076\n|switch|p2a: Yveltal|Yveltal, shiny|100\/100\n|-ability|p2a: Yveltal|Dark Aura\n|turn|5\n|\n|t:|1700731082\n|switch|p1a: Ho-Oh|Ho-Oh|100\/100\n|move|p2a: Yveltal|Dark Pulse|p1a: Ho-Oh\n|-crit|p1a: Ho-Oh\n|-damage|p1a: Ho-Oh|30\/100\n|-damage|p2a: Yveltal|91\/100|[from] item: Life Orb\n|\n|upkeep\n|turn|6\n|\n|t:|1700731105\n|switch|p1a: Blissey|Blissey, F|100\/100\n|move|p2a: Yveltal|Dark Pulse|p1a: Blissey\n|-damage|p1a: Blissey|79\/100\n|-damage|p2a: Yveltal|81\/100|[from] item: Life Orb\n|\n|-heal|p1a: Blissey|85\/100|[from] item: Leftovers\n|upkeep\n|turn|7\n|\n|t:|1700731114\n|move|p2a: Yveltal|Taunt|p1a: Blissey\n|-start|p1a: Blissey|move: Taunt\n|cant|p1a: Blissey|move: Taunt|Stealth Rock\n|\n|-heal|p1a: Blissey|92\/100|[from] item: Leftovers\n|upkeep\n|turn|8\n|\n|t:|1700731129\n|switch|p1a: Ho-Oh|Ho-Oh|63\/100\n|move|p2a: Yveltal|Dark Pulse|p1a: Ho-Oh\n|-damage|p1a: Ho-Oh|18\/100\n|-damage|p2a: Yveltal|71\/100|[from] item: Life Orb\n|\n|upkeep\n|turn|9\n|\n|t:|1700731136\n|switch|p1a: Blissey|Blissey, F|92\/100\n|move|p2a: Yveltal|Oblivion Wing|p1a: Blissey\n|-damage|p1a: Blissey|74\/100\n|-heal|p2a: Yveltal|94\/100|[from] drain|[of] p1a: Blissey\n|-damage|p2a: Yveltal|84\/100|[from] item: Life Orb\n|\n|-heal|p1a: Blissey|81\/100|[from] item: Leftovers\n|upkeep\n|turn|10\n|\n|t:|1700731147\n|move|p2a: Yveltal|Oblivion Wing|p1a: Blissey\n|-damage|p1a: Blissey|65\/100\n|-heal|p2a: Yveltal|100\/100|[from] drain|[of] p1a: Blissey\n|-damage|p2a: Yveltal|91\/100|[from] item: Life Orb\n|move|p1a: Blissey|Stealth Rock|p2a: Yveltal\n|-sidestart|p2: C0ld as Ice|move: Stealth Rock\n|\n|-heal|p1a: Blissey|71\/100|[from] item: Leftovers\n|upkeep\n|turn|11\n|\n|t:|1700731159\n|move|p2a: Yveltal|Taunt|p1a: Blissey\n|-start|p1a: Blissey|move: Taunt\n|cant|p1a: Blissey|move: Taunt|Aromatherapy\n|\n|-heal|p1a: Blissey|78\/100|[from] item: Leftovers\n|upkeep\n|turn|12\n|\n|t:|1700731165\n|switch|p1a: Toxapex|Toxapex, M|100\/100\n|move|p2a: Yveltal|Dark Pulse|p1a: Toxapex\n|-damage|p1a: Toxapex|32\/100\n|-damage|p2a: Yveltal|81\/100|[from] item: Life Orb\n|\n|upkeep\n|turn|13\n|\n|t:|1700731175\n|-terastallize|p1a: Toxapex|Fairy\n|move|p2a: Yveltal|Dark Pulse|p1a: Toxapex\n|-resisted|p1a: Toxapex\n|-damage|p1a: Toxapex|0 fnt\n|faint|p1a: Toxapex\n|-damage|p2a: Yveltal|71\/100|[from] item: Life Orb\n|\n|upkeep\n|-message|Mayler7171 forfeited.\n|\n|win|C0ld as Ice\n|raw|Mayler7171's rating: 1461 &rarr; <strong>1456<\/strong><br \/>(-5 for losing)\n|raw|C0ld as Ice's rating: 1791 &rarr; <strong>1796<\/strong><br \/>(+5 for winning)\n|l|\u2606Mayler7171\n","uploadtime":1700731313,"views":2,"p1id":"mayler7171","p2id":"c0ldasice","formatid":"gen9nationaldexubers","rating":1456,"private":0,"password":""}