{"id":"gen9nationaldexubers-1987915749","p1":"JustMonika_CARR","p2":"siummmette","format":"[Gen 9] National Dex Ubers","log":"|j|\u2606JustMonika_CARR\n|j|\u2606siummmette\n|t:|1699648803\n|gametype|singles\n|player|p1|JustMonika_CARR|rosa|1457\n|player|p2|siummmette|colress|1555\n|teamsize|p1|6\n|teamsize|p2|6\n|gen|9\n|tier|[Gen 9] National Dex Ubers\n|rated|\n|rule|HP Percentage Mod: HP is shown in percentages\n|rule|Endless Battle Clause: Forcing endless battles is banned\n|rule|OHKO Clause: OHKO moves are banned\n|rule|Evasion Moves Clause: Evasion moves are banned\n|rule|Evasion Items Clause: Evasion items are banned\n|rule|Species Clause: Limit one of each Pok\u00e9mon\n|rule|Sleep Clause Mod: Limit one foe put to sleep\n|rule|Mega Rayquaza Clause: You cannot mega evolve Rayquaza\n|clearpoke\n|poke|p1|Beedrill, M|\n|poke|p1|Pheromosa|\n|poke|p1|Gothitelle, F|\n|poke|p1|Deoxys-Speed|\n|poke|p1|Shuckle, M|\n|poke|p1|Durant, F|\n|poke|p2|Deoxys-Speed|\n|poke|p2|Xerneas-*|\n|poke|p2|Blaziken, M|\n|poke|p2|Necrozma-Dusk-Mane|\n|poke|p2|Arceus|\n|poke|p2|Kyogre|\n|teampreview\n|inactive|Battle timer is ON: inactive players will automatically lose when time's up. (requested by siummmette)\n|\n|t:|1699648808\n|start\n|switch|p1a: Deoxys|Deoxys-Speed, shiny|100\/100\n|switch|p2a: Deoxys|Deoxys-Speed|100\/100\n|-ability|p1a: Deoxys|Pressure\n|-ability|p2a: Deoxys|Pressure\n|turn|1\n|\n|t:|1699648818\n|move|p1a: Deoxys|Taunt|p2a: Deoxys\n|-start|p2a: Deoxys|move: Taunt\n|cant|p2a: Deoxys|move: Taunt|Taunt\n|\n|upkeep\n|turn|2\n|\n|t:|1699648828\n|switch|p2a: Arceus|Arceus|100\/100\n|move|p1a: Deoxys|Stealth Rock|p2a: Arceus\n|-sidestart|p2: siummmette|move: Stealth Rock\n|\n|upkeep\n|turn|3\n|\n|t:|1699648838\n|move|p1a: Deoxys|Taunt|p2a: Arceus\n|-start|p2a: Arceus|move: Taunt\n|cant|p2a: Arceus|move: Taunt|Swords Dance\n|\n|upkeep\n|turn|4\n|\n|t:|1699648844\n|move|p1a: Deoxys|Reflect|p1a: Deoxys\n|-sidestart|p1: JustMonika_CARR|Reflect\n|move|p2a: Arceus|Shadow Claw|p1a: Deoxys\n|-supereffective|p1a: Deoxys\n|-damage|p1a: Deoxys|71\/100\n|\n|upkeep\n|turn|5\n|\n|t:|1699648852\n|move|p1a: Deoxys|Light Screen|p1a: Deoxys\n|-sidestart|p1: JustMonika_CARR|move: Light Screen\n|move|p2a: Arceus|Shadow Claw|p1a: Deoxys\n|-supereffective|p1a: Deoxys\n|-damage|p1a: Deoxys|43\/100\n|\n|-end|p2a: Arceus|move: Taunt\n|upkeep\n|turn|6\n|\n|t:|1699648860\n|move|p1a: Deoxys|Taunt|p2a: Arceus\n|-start|p2a: Arceus|move: Taunt\n|move|p2a: Arceus|Shadow Claw|p1a: Deoxys\n|-supereffective|p1a: Deoxys\n|-damage|p1a: Deoxys|17\/100\n|\n|upkeep\n|turn|7\n|\n|t:|1699648869\n|move|p1a: Deoxys|Taunt||[still]\n|-fail|p1a: Deoxys\n|move|p2a: Arceus|Shadow Claw|p1a: Deoxys\n|-supereffective|p1a: Deoxys\n|-damage|p1a: Deoxys|0 fnt\n|faint|p1a: Deoxys\n|\n|upkeep\n|\n|t:|1699648879\n|switch|p1a: Shuckle|Shuckle, M, shiny|100\/100\n|turn|8\n|\n|t:|1699648885\n|move|p2a: Arceus|Brick Break|p1a: Shuckle\n|-sideend|p1: JustMonika_CARR|Reflect\n|-sideend|p1: JustMonika_CARR|move: Light Screen\n|-damage|p1a: Shuckle|85\/100\n|move|p1a: Shuckle|Toxic|p2a: Arceus|[miss]\n|-miss|p1a: Shuckle|p2a: Arceus\n|\n|-end|p2a: Arceus|move: Taunt\n|upkeep\n|turn|9\n|\n|t:|1699648899\n|switch|p2a: Necrozma|Necrozma-Dusk-Mane|100\/100\n|-damage|p2a: Necrozma|94\/100|[from] Stealth Rock\n|move|p1a: Shuckle|Infestation|p2a: Necrozma\n|-damage|p2a: Necrozma|93\/100\n|-activate|p2a: Necrozma|move: Infestation|[of] p1a: Shuckle\n|\n|-damage|p2a: Necrozma|81\/100|[from] move: Infestation|[partiallytrapped]\n|upkeep\n|turn|10\n|\n|t:|1699648911\n|move|p2a: Necrozma|Sunsteel Strike|p1a: Shuckle\n|-supereffective|p1a: Shuckle\n|-damage|p1a: Shuckle|8\/100\n|move|p1a: Shuckle|Shell Smash|p1a: Shuckle\n|-boost|p1a: Shuckle|def|1\n|-boost|p1a: Shuckle|spd|1\n|-unboost|p1a: Shuckle|atk|2\n|-unboost|p1a: Shuckle|spa|2\n|-unboost|p1a: Shuckle|spe|2\n|\n|-damage|p2a: Necrozma|68\/100|[from] move: Infestation|[partiallytrapped]\n|upkeep\n|turn|11\n|\n|t:|1699648923\n|move|p2a: Necrozma|Earthquake|p1a: Shuckle\n|-damage|p1a: Shuckle|0 fnt\n|faint|p1a: Shuckle\n|\n|-end|p2a: Necrozma|Infestation|[partiallytrapped]|[silent]\n|upkeep\n|\n|t:|1699648929\n|switch|p1a: Durant|Durant, F, shiny|100\/100\n|turn|12\n|\n|t:|1699648934\n|move|p1a: Durant|Entrainment|p2a: Necrozma\n|-endability|p2a: Necrozma|Prism Armor|[from] move: Entrainment\n|-ability|p2a: Necrozma|Truant|[from] move: Entrainment\n|move|p2a: Necrozma|Trick Room|p2a: Necrozma\n|-fieldstart|move: Trick Room|[of] p2a: Necrozma\n|\n|upkeep\n|turn|13\n|\n|t:|1699648942\n|switch|p1a: Gothitelle|Gothitelle, F, shiny|100\/100\n|cant|p2a: Necrozma|ability: Truant\n|\n|upkeep\n|turn|14\n|\n|t:|1699648949\n|move|p1a: Gothitelle|Protect|p1a: Gothitelle\n|-singleturn|p1a: Gothitelle|Protect\n|move|p2a: Necrozma|Sunsteel Strike|p1a: Gothitelle\n|-activate|p1a: Gothitelle|move: Protect\n|\n|upkeep\n|turn|15\n|\n|t:|1699648958\n|cant|p2a: Necrozma|ability: Truant\n|move|p1a: Gothitelle|Substitute|p1a: Gothitelle\n|-start|p1a: Gothitelle|Substitute\n|-damage|p1a: Gothitelle|75\/100\n|\n|upkeep\n|turn|16\n|\n|t:|1699648965\n|move|p2a: Necrozma|Sunsteel Strike|p1a: Gothitelle\n|-end|p1a: Gothitelle|Substitute\n|move|p1a: Gothitelle|Substitute|p1a: Gothitelle\n|-start|p1a: Gothitelle|Substitute\n|-damage|p1a: Gothitelle|50\/100\n|\n|-fieldend|move: Trick Room\n|upkeep\n|turn|17\n|\n|t:|1699648977\n|move|p1a: Gothitelle|Substitute|p1a: Gothitelle\n|-fail|p1a: Gothitelle|move: Substitute\n|cant|p2a: Necrozma|ability: Truant\n|\n|upkeep\n|turn|18\n|\n|t:|1699648982\n|move|p1a: Gothitelle|Substitute|p1a: Gothitelle\n|-fail|p1a: Gothitelle|move: Substitute\n|move|p2a: Necrozma|Sunsteel Strike|p1a: Gothitelle\n|-end|p1a: Gothitelle|Substitute\n|\n|upkeep\n|turn|19\n|\n|t:|1699648990\n|move|p1a: Gothitelle|Substitute|p1a: Gothitelle\n|-start|p1a: Gothitelle|Substitute\n|-damage|p1a: Gothitelle|25\/100\n|-enditem|p1a: Gothitelle|Starf Berry|[eat]\n|-boost|p1a: Gothitelle|spd|2|[from] item: Starf Berry\n|cant|p2a: Necrozma|ability: Truant\n|\n|upkeep\n|turn|20\n|\n|t:|1699648997\n|move|p1a: Gothitelle|Protect|p1a: Gothitelle\n|-singleturn|p1a: Gothitelle|Protect\n|move|p2a: Necrozma|Earthquake|p1a: Gothitelle\n|-activate|p1a: Gothitelle|move: Protect\n|\n|upkeep\n|turn|21\n|\n|t:|1699649007\n|move|p1a: Gothitelle|Recycle|p1a: Gothitelle\n|-item|p1a: Gothitelle|Starf Berry|[from] move: Recycle\n|-enditem|p1a: Gothitelle|Starf Berry|[eat]\n|-boost|p1a: Gothitelle|spa|2|[from] item: Starf Berry\n|cant|p2a: Necrozma|ability: Truant\n|\n|upkeep\n|turn|22\n|\n|t:|1699649013\n|move|p1a: Gothitelle|Protect|p1a: Gothitelle\n|-singleturn|p1a: Gothitelle|Protect\n|move|p2a: Necrozma|Earthquake|p1a: Gothitelle\n|-activate|p1a: Gothitelle|move: Protect\n|\n|upkeep\n|turn|23\n|\n|t:|1699649020\n|move|p1a: Gothitelle|Recycle|p1a: Gothitelle\n|-item|p1a: Gothitelle|Starf Berry|[from] move: Recycle\n|-enditem|p1a: Gothitelle|Starf Berry|[eat]\n|-boost|p1a: Gothitelle|atk|2|[from] item: Starf Berry\n|cant|p2a: Necrozma|ability: Truant\n|\n|upkeep\n|turn|24\n|\n|t:|1699649023\n|move|p1a: Gothitelle|Protect|p1a: Gothitelle\n|-singleturn|p1a: Gothitelle|Protect\n|move|p2a: Necrozma|Earthquake|p1a: Gothitelle\n|-activate|p1a: Gothitelle|move: Protect\n|\n|upkeep\n|turn|25\n|\n|t:|1699649026\n|move|p1a: Gothitelle|Recycle|p1a: Gothitelle\n|-item|p1a: Gothitelle|Starf Berry|[from] move: Recycle\n|-enditem|p1a: Gothitelle|Starf Berry|[eat]\n|-boost|p1a: Gothitelle|spe|2|[from] item: Starf Berry\n|cant|p2a: Necrozma|ability: Truant\n|\n|upkeep\n|turn|26\n|c|\u2606siummmette|gimmicky ass\n|\n|t:|1699649037\n|move|p1a: Gothitelle|Protect|p1a: Gothitelle\n|-singleturn|p1a: Gothitelle|Protect\n|move|p2a: Necrozma|Earthquake|p1a: Gothitelle\n|-activate|p1a: Gothitelle|move: Protect\n|\n|upkeep\n|turn|27\n|\n|t:|1699649046\n|move|p1a: Gothitelle|Recycle|p1a: Gothitelle\n|-item|p1a: Gothitelle|Starf Berry|[from] move: Recycle\n|-enditem|p1a: Gothitelle|Starf Berry|[eat]\n|-boost|p1a: Gothitelle|def|2|[from] item: Starf Berry\n|cant|p2a: Necrozma|ability: Truant\n|\n|upkeep\n|turn|28\n|\n|t:|1699649053\n|move|p1a: Gothitelle|Protect|p1a: Gothitelle\n|-singleturn|p1a: Gothitelle|Protect\n|move|p2a: Necrozma|Earthquake|p1a: Gothitelle\n|-activate|p1a: Gothitelle|move: Protect\n|\n|upkeep\n|turn|29\n|\n|t:|1699649060\n|move|p1a: Gothitelle|Recycle|p1a: Gothitelle\n|-item|p1a: Gothitelle|Starf Berry|[from] move: Recycle\n|-enditem|p1a: Gothitelle|Starf Berry|[eat]\n|-boost|p1a: Gothitelle|spa|2|[from] item: Starf Berry\n|cant|p2a: Necrozma|ability: Truant\n|\n|upkeep\n|turn|30\n|\n|t:|1699649063\n|move|p1a: Gothitelle|Protect|p1a: Gothitelle\n|-singleturn|p1a: Gothitelle|Protect\n|move|p2a: Necrozma|Earthquake|p1a: Gothitelle\n|-activate|p1a: Gothitelle|move: Protect\n|\n|upkeep\n|turn|31\n|\n|t:|1699649068\n|move|p1a: Gothitelle|Recycle|p1a: Gothitelle\n|-item|p1a: Gothitelle|Starf Berry|[from] move: Recycle\n|-enditem|p1a: Gothitelle|Starf Berry|[eat]\n|-boost|p1a: Gothitelle|spe|2|[from] item: Starf Berry\n|cant|p2a: Necrozma|ability: Truant\n|\n|upkeep\n|turn|32\n|\n|t:|1699649075\n|move|p1a: Gothitelle|Protect|p1a: Gothitelle\n|-singleturn|p1a: Gothitelle|Protect\n|move|p2a: Necrozma|Earthquake|p1a: Gothitelle\n|-activate|p1a: Gothitelle|move: Protect\n|\n|upkeep\n|turn|33\n|\n|t:|1699649083\n|move|p1a: Gothitelle|Recycle|p1a: Gothitelle\n|-item|p1a: Gothitelle|Starf Berry|[from] move: Recycle\n|-enditem|p1a: Gothitelle|Starf Berry|[eat]\n|-boost|p1a: Gothitelle|def|2|[from] item: Starf Berry\n|cant|p2a: Necrozma|ability: Truant\n|\n|upkeep\n|turn|34\n|\n|t:|1699649087\n|move|p1a: Gothitelle|Protect|p1a: Gothitelle\n|-singleturn|p1a: Gothitelle|Protect\n|move|p2a: Necrozma|Earthquake|p1a: Gothitelle\n|-activate|p1a: Gothitelle|move: Protect\n|\n|upkeep\n|turn|35\n|\n|t:|1699649089\n|move|p1a: Gothitelle|Recycle|p1a: Gothitelle\n|-item|p1a: Gothitelle|Starf Berry|[from] move: Recycle\n|-enditem|p1a: Gothitelle|Starf Berry|[eat]\n|-boost|p1a: Gothitelle|spe|2|[from] item: Starf Berry\n|cant|p2a: Necrozma|ability: Truant\n|\n|upkeep\n|turn|36\n|\n|t:|1699649091\n|move|p1a: Gothitelle|Protect|p1a: Gothitelle\n|-singleturn|p1a: Gothitelle|Protect\n|move|p2a: Necrozma|Earthquake|p1a: Gothitelle\n|-activate|p1a: Gothitelle|move: Protect\n|\n|upkeep\n|turn|37\n|\n|t:|1699649093\n|move|p1a: Gothitelle|Recycle|p1a: Gothitelle\n|-item|p1a: Gothitelle|Starf Berry|[from] move: Recycle\n|-enditem|p1a: Gothitelle|Starf Berry|[eat]\n|-boost|p1a: Gothitelle|spa|2|[from] item: Starf Berry\n|cant|p2a: Necrozma|ability: Truant\n|\n|upkeep\n|turn|38\n|\n|t:|1699649097\n|move|p1a: Gothitelle|Protect|p1a: Gothitelle\n|-singleturn|p1a: Gothitelle|Protect\n|move|p2a: Necrozma|Earthquake|p1a: Gothitelle\n|-activate|p1a: Gothitelle|move: Protect\n|\n|upkeep\n|turn|39\n|\n|t:|1699649100\n|move|p1a: Gothitelle|Recycle|p1a: Gothitelle\n|-item|p1a: Gothitelle|Starf Berry|[from] move: Recycle\n|-enditem|p1a: Gothitelle|Starf Berry|[eat]\n|-boost|p1a: Gothitelle|def|2|[from] item: Starf Berry\n|cant|p2a: Necrozma|ability: Truant\n|\n|upkeep\n|turn|40\n|\n|t:|1699649106\n|move|p1a: Gothitelle|Protect|p1a: Gothitelle\n|-singleturn|p1a: Gothitelle|Protect\n|move|p2a: Necrozma|Earthquake|p1a: Gothitelle\n|-activate|p1a: Gothitelle|move: Protect\n|\n|upkeep\n|turn|41\n|\n|t:|1699649114\n|move|p1a: Gothitelle|Recycle|p1a: Gothitelle\n|-item|p1a: Gothitelle|Starf Berry|[from] move: Recycle\n|-enditem|p1a: Gothitelle|Starf Berry|[eat]\n|-boost|p1a: Gothitelle|atk|2|[from] item: Starf Berry\n|cant|p2a: Necrozma|ability: Truant\n|\n|upkeep\n|turn|42\n|\n|t:|1699649117\n|move|p1a: Gothitelle|Protect|p1a: Gothitelle\n|-singleturn|p1a: Gothitelle|Protect\n|move|p2a: Necrozma|Earthquake|p1a: Gothitelle\n|-activate|p1a: Gothitelle|move: Protect\n|\n|upkeep\n|turn|43\n|\n|t:|1699649120\n|move|p1a: Gothitelle|Recycle|p1a: Gothitelle\n|-item|p1a: Gothitelle|Starf Berry|[from] move: Recycle\n|-enditem|p1a: Gothitelle|Starf Berry|[eat]\n|-boost|p1a: Gothitelle|atk|2|[from] item: Starf Berry\n|cant|p2a: Necrozma|ability: Truant\n|\n|upkeep\n|turn|44\n|\n|t:|1699649123\n|move|p1a: Gothitelle|Protect|p1a: Gothitelle\n|-singleturn|p1a: Gothitelle|Protect\n|move|p2a: Necrozma|Photon Geyser|p1a: Gothitelle\n|-activate|p1a: Gothitelle|move: Protect\n|\n|upkeep\n|turn|45\n|\n|t:|1699649128\n|move|p1a: Gothitelle|Recycle|p1a: Gothitelle\n|-item|p1a: Gothitelle|Starf Berry|[from] move: Recycle\n|-enditem|p1a: Gothitelle|Starf Berry|[eat]\n|-boost|p1a: Gothitelle|spd|2|[from] item: Starf Berry\n|cant|p2a: Necrozma|ability: Truant\n|\n|upkeep\n|turn|46\n|\n|t:|1699649144\n|move|p1a: Gothitelle|Protect|p1a: Gothitelle\n|-singleturn|p1a: Gothitelle|Protect\n|move|p2a: Necrozma|Photon Geyser|p1a: Gothitelle\n|-activate|p1a: Gothitelle|move: Protect\n|\n|upkeep\n|turn|47\n|\n|t:|1699649152\n|move|p1a: Gothitelle|Recycle|p1a: Gothitelle\n|-item|p1a: Gothitelle|Starf Berry|[from] move: Recycle\n|-enditem|p1a: Gothitelle|Starf Berry|[eat]\n|-boost|p1a: Gothitelle|spd|2|[from] item: Starf Berry\n|cant|p2a: Necrozma|ability: Truant\n|\n|upkeep\n|turn|48\n|\n|t:|1699649160\n|move|p1a: Gothitelle|Dark Pulse|p2a: Necrozma\n|-supereffective|p2a: Necrozma\n|-damage|p2a: Necrozma|0 fnt\n|faint|p2a: Necrozma\n|\n|upkeep\n|\n|t:|1699649178\n|switch|p2a: Xerneas|Xerneas|100\/100\n|-damage|p2a: Xerneas|88\/100|[from] Stealth Rock\n|-ability|p2a: Xerneas|Fairy Aura\n|turn|49\n|\n|t:|1699649183\n|move|p1a: Gothitelle|Dark Pulse|p2a: Xerneas\n|-resisted|p2a: Xerneas\n|-damage|p2a: Xerneas|51\/100\n|move|p2a: Xerneas|Geomancy||[still]\n|-prepare|p2a: Xerneas|Geomancy\n|-enditem|p2a: Xerneas|Power Herb\n|-anim|p2a: Xerneas|Geomancy|p2a: Xerneas\n|-boost|p2a: Xerneas|spa|2\n|-boost|p2a: Xerneas|spd|2\n|-boost|p2a: Xerneas|spe|2\n|\n|upkeep\n|turn|50\n|\n|t:|1699649193\n|move|p1a: Gothitelle|Dark Pulse|p2a: Xerneas\n|-resisted|p2a: Xerneas\n|-damage|p2a: Xerneas|32\/100\n|cant|p2a: Xerneas|flinch\n|\n|upkeep\n|turn|51\n|\n|t:|1699649200\n|move|p1a: Gothitelle|Dark Pulse|p2a: Xerneas\n|-resisted|p2a: Xerneas\n|-damage|p2a: Xerneas|12\/100\n|cant|p2a: Xerneas|flinch\n|\n|upkeep\n|turn|52\n|\n|t:|1699649206\n|move|p1a: Gothitelle|Dark Pulse|p2a: Xerneas\n|-resisted|p2a: Xerneas\n|-damage|p2a: Xerneas|0 fnt\n|faint|p2a: Xerneas\n|\n|upkeep\n|\n|t:|1699649216\n|switch|p2a: Blaziken|Blaziken, M|100\/100\n|-damage|p2a: Blaziken|88\/100|[from] Stealth Rock\n|turn|53\n|\n|t:|1699649221\n|detailschange|p2a: Blaziken|Blaziken-Mega, M\n|-mega|p2a: Blaziken|Blaziken|Blazikenite\n|move|p1a: Gothitelle|Dark Pulse|p2a: Blaziken\n|-resisted|p2a: Blaziken\n|-damage|p2a: Blaziken|27\/100\n|move|p2a: Blaziken|Swords Dance|p2a: Blaziken\n|-boost|p2a: Blaziken|atk|2\n|\n|-ability|p2a: Blaziken|Speed Boost|boost\n|-boost|p2a: Blaziken|spe|1\n|upkeep\n|turn|54\n|\n|t:|1699649232\n|move|p1a: Gothitelle|Dark Pulse|p2a: Blaziken\n|-resisted|p2a: Blaziken\n|-damage|p2a: Blaziken|0 fnt\n|faint|p2a: Blaziken\n|\n|upkeep\n|-message|siummmette forfeited.\n|\n|win|JustMonika_CARR\n|raw|JustMonika_CARR's rating: 1457 &rarr; <strong>1482<\/strong><br \/>(+25 for winning)\n|raw|siummmette's rating: 1555 &rarr; <strong>1530<\/strong><br \/>(-25 for losing)\n|l|\u2606siummmette\n","uploadtime":1699649242,"views":4,"p1id":"justmonikacarr","p2id":"siummmette","formatid":"gen9nationaldexubers","rating":1482,"private":0,"password":""}