{"id":"gen9nationaldexubers-1982465281","p1":"MarioMaster69","p2":"KingoftheTitans","format":"[Gen 9] National Dex Ubers","log":"|j|\u2606MarioMaster69\n|j|\u2606KingoftheTitans\n|t:|1699017422\n|gametype|singles\n|player|p1|MarioMaster69|larry|1382\n|player|p2|KingoftheTitans|266|1286\n|teamsize|p1|6\n|teamsize|p2|6\n|gen|9\n|tier|[Gen 9] National Dex Ubers\n|rated|\n|rule|HP Percentage Mod: HP is shown in percentages\n|rule|Endless Battle Clause: Forcing endless battles is banned\n|rule|OHKO Clause: OHKO moves are banned\n|rule|Evasion Moves Clause: Evasion moves are banned\n|rule|Evasion Items Clause: Evasion items are banned\n|rule|Species Clause: Limit one of each Pok\u00e9mon\n|rule|Sleep Clause Mod: Limit one foe put to sleep\n|rule|Mega Rayquaza Clause: You cannot mega evolve Rayquaza\n|clearpoke\n|poke|p1|Gyarados, M|\n|poke|p1|Necrozma-Dusk-Mane|\n|poke|p1|Deoxys-Speed|\n|poke|p1|Kyogre|\n|poke|p1|Groudon|\n|poke|p1|Yveltal|\n|poke|p2|Deoxys-Speed|\n|poke|p2|Mewtwo|\n|poke|p2|Calyrex-Ice|\n|poke|p2|Ho-Oh|\n|poke|p2|Dragapult, M|\n|poke|p2|Kyurem-Black|\n|teampreview\n|c|\u2606MarioMaster69|hello\n|inactive|Battle timer is ON: inactive players will automatically lose when time's up. (requested by MarioMaster69)\n|c|\u2606KingoftheTitans|General Kenobi!\n|c|\u2606KingoftheTitans|Lol\n|\n|t:|1699017436\n|start\n|switch|p1a: Alien DNA|Deoxys-Speed|100\/100\n|switch|p2a: Ho-Oh|Ho-Oh|100\/100\n|-ability|p1a: Alien DNA|Pressure\n|turn|1\n|c|\u2606MarioMaster69|wow\n|c|\u2606MarioMaster69|what?\n|c|\u2606KingoftheTitans|nvm\n|c|\u2606MarioMaster69|do we know each other?\n|c|\u2606MarioMaster69|i know what you mean\n|c|\u2606KingoftheTitans|No we do not know each other\n|inactive|MarioMaster69 has 120 seconds left.\n|c|\u2606MarioMaster69|General Kenobi says 'hello there'\n|c|\u2606KingoftheTitans|It's a pop culture reference\n|c|\u2606KingoftheTitans|Exactly\n|c|\u2606MarioMaster69|i know\n|\n|t:|1699017474\n|move|p1a: Alien DNA|Reflect|p1a: Alien DNA\n|-sidestart|p1: MarioMaster69|Reflect\n|move|p2a: Ho-Oh|Sacred Fire|p1a: Alien DNA\n|-crit|p1a: Alien DNA\n|-damage|p1a: Alien DNA|19\/100\n|\n|upkeep\n|turn|2\n|inactive|MarioMaster69 has 120 seconds left.\n|\n|t:|1699017481\n|move|p1a: Alien DNA|Light Screen|p1a: Alien DNA\n|-sidestart|p1: MarioMaster69|move: Light Screen\n|move|p2a: Ho-Oh|Defog|p1a: Alien DNA\n|-unboost|p1a: Alien DNA|evasion|1\n|-sideend|p1: MarioMaster69|Reflect\n|-sideend|p1: MarioMaster69|move: Light Screen\n|\n|upkeep\n|turn|3\n|c|\u2606MarioMaster69|oh come on\n|\n|t:|1699017490\n|move|p1a: Alien DNA|Taunt|p2a: Ho-Oh\n|-start|p2a: Ho-Oh|move: Taunt\n|move|p2a: Ho-Oh|Sacred Fire|p1a: Alien DNA\n|-damage|p1a: Alien DNA|0 fnt\n|faint|p1a: Alien DNA\n|\n|upkeep\n|inactive|MarioMaster69 has 120 seconds left.\n|\n|t:|1699017500\n|switch|p1a: Supa Hot Fire\ud83d\udd25|Groudon|100\/100\n|detailschange|p1a: Supa Hot Fire\ud83d\udd25|Groudon-Primal\n|-primal|p1a: Supa Hot Fire\ud83d\udd25|Red Orb\n|-weather|DesolateLand|[from] ability: Desolate Land|[of] p1a: Supa Hot Fire\ud83d\udd25\n|turn|4\n|c|\u2606KingoftheTitans|No screens for YOU\n|c|\u2606MarioMaster69|i spit that\n|inactive|MarioMaster69 has 120 seconds left.\n|\n|t:|1699017518\n|move|p1a: Supa Hot Fire\ud83d\udd25|Bulk Up|p1a: Supa Hot Fire\ud83d\udd25\n|-boost|p1a: Supa Hot Fire\ud83d\udd25|atk|1\n|-boost|p1a: Supa Hot Fire\ud83d\udd25|def|1\n|move|p2a: Ho-Oh|Sacred Fire|p1a: Supa Hot Fire\ud83d\udd25\n|-resisted|p1a: Supa Hot Fire\ud83d\udd25\n|-damage|p1a: Supa Hot Fire\ud83d\udd25|86\/100\n|\n|-weather|DesolateLand|[upkeep]\n|upkeep\n|turn|5\n|\n|t:|1699017525\n|move|p1a: Supa Hot Fire\ud83d\udd25|Bulk Up|p1a: Supa Hot Fire\ud83d\udd25\n|-boost|p1a: Supa Hot Fire\ud83d\udd25|atk|1\n|-boost|p1a: Supa Hot Fire\ud83d\udd25|def|1\n|move|p2a: Ho-Oh|Sacred Fire|p1a: Supa Hot Fire\ud83d\udd25\n|-resisted|p1a: Supa Hot Fire\ud83d\udd25\n|-damage|p1a: Supa Hot Fire\ud83d\udd25|76\/100\n|\n|-weather|DesolateLand|[upkeep]\n|-end|p2a: Ho-Oh|move: Taunt\n|upkeep\n|turn|6\n|\n|t:|1699017536\n|move|p1a: Supa Hot Fire\ud83d\udd25|Dragon Claw|p2a: Ho-Oh\n|-damage|p2a: Ho-Oh|52\/100\n|move|p2a: Ho-Oh|Toxic|p1a: Supa Hot Fire\ud83d\udd25\n|-status|p1a: Supa Hot Fire\ud83d\udd25|tox\n|\n|-weather|DesolateLand|[upkeep]\n|-damage|p1a: Supa Hot Fire\ud83d\udd25|70\/100 tox|[from] psn\n|upkeep\n|turn|7\n|c|\u2606MarioMaster69|you have toxic too?\n|\n|t:|1699017549\n|move|p1a: Supa Hot Fire\ud83d\udd25|Dragon Claw|p2a: Ho-Oh\n|-damage|p2a: Ho-Oh|10\/100\n|move|p2a: Ho-Oh|Sacred Fire|p1a: Supa Hot Fire\ud83d\udd25\n|-resisted|p1a: Supa Hot Fire\ud83d\udd25\n|-damage|p1a: Supa Hot Fire\ud83d\udd25|58\/100 tox\n|\n|-weather|DesolateLand|[upkeep]\n|-damage|p1a: Supa Hot Fire\ud83d\udd25|46\/100 tox|[from] psn\n|upkeep\n|turn|8\n|c|\u2606KingoftheTitans|Standard Ho-oh stuff\n|\n|t:|1699017557\n|move|p1a: Supa Hot Fire\ud83d\udd25|Fire Punch|p2a: Ho-Oh\n|-resisted|p2a: Ho-Oh\n|-damage|p2a: Ho-Oh|0 fnt\n|faint|p2a: Ho-Oh\n|\n|-weather|DesolateLand|[upkeep]\n|-damage|p1a: Supa Hot Fire\ud83d\udd25|27\/100 tox|[from] psn\n|upkeep\n|\n|t:|1699017564\n|switch|p2a: Deoxys|Deoxys-Speed, shiny|100\/100\n|-ability|p2a: Deoxys|Pressure\n|turn|9\n|\n|t:|1699017568\n|move|p2a: Deoxys|Stealth Rock|p1a: Supa Hot Fire\ud83d\udd25\n|-sidestart|p1: MarioMaster69|move: Stealth Rock\n|move|p1a: Supa Hot Fire\ud83d\udd25|Fire Punch|p2a: Deoxys\n|-enditem|p2a: Deoxys|Focus Sash\n|-damage|p2a: Deoxys|1\/100\n|\n|-weather|DesolateLand|[upkeep]\n|-damage|p1a: Supa Hot Fire\ud83d\udd25|3\/100 tox|[from] psn\n|upkeep\n|turn|10\n|\n|t:|1699017576\n|move|p2a: Deoxys|Knock Off|p1a: Supa Hot Fire\ud83d\udd25\n|-damage|p1a: Supa Hot Fire\ud83d\udd25|0 fnt\n|faint|p1a: Supa Hot Fire\ud83d\udd25\n|-weather|none\n|\n|upkeep\n|\n|t:|1699017581\n|switch|p1a: Lord of Light|Necrozma-Dusk-Mane|100\/100\n|-damage|p1a: Lord of Light|95\/100|[from] Stealth Rock\n|turn|11\n|\n|t:|1699017585\n|move|p2a: Deoxys|Spikes|p1a: Lord of Light\n|-sidestart|p1: MarioMaster69|Spikes\n|move|p1a: Lord of Light|Dragon Dance|p1a: Lord of Light\n|-boost|p1a: Lord of Light|atk|1\n|-boost|p1a: Lord of Light|spe|1\n|\n|upkeep\n|turn|12\n|\n|t:|1699017590\n|move|p2a: Deoxys|Taunt|p1a: Lord of Light\n|-start|p1a: Lord of Light|move: Taunt\n|cant|p1a: Lord of Light|move: Taunt|Dragon Dance\n|\n|upkeep\n|turn|13\n|\n|t:|1699017595\n|move|p2a: Deoxys|Spikes|p1a: Lord of Light\n|-sidestart|p1: MarioMaster69|Spikes\n|move|p1a: Lord of Light|Earthquake|p2a: Deoxys\n|-damage|p2a: Deoxys|0 fnt\n|faint|p2a: Deoxys\n|\n|upkeep\n|\n|t:|1699017600\n|switch|p2a: Calyrex|Calyrex-Ice|100\/100\n|-ability|p2a: Calyrex|As One\n|-ability|p2a: Calyrex|Unnerve\n|turn|14\n|\n|t:|1699017614\n|detailschange|p1a: Lord of Light|Necrozma-Ultra\n|-burst|p1a: Lord of Light|Necrozma|Ultranecrozium Z\n|-terastallize|p2a: Calyrex|Psychic\n|move|p1a: Lord of Light|Sunsteel Strike|p2a: Calyrex\n|-damage|p2a: Calyrex|65\/100\n|move|p2a: Calyrex|Trick Room|p2a: Calyrex\n|-fieldstart|move: Trick Room|[of] p2a: Calyrex\n|\n|-end|p1a: Lord of Light|move: Taunt\n|upkeep\n|turn|15\n|c|\u2606MarioMaster69|no\n|\n|t:|1699017632\n|move|p2a: Calyrex|Glacial Lance|p1a: Lord of Light\n|-supereffective|p1a: Lord of Light\n|-damage|p1a: Lord of Light|0 fnt\n|faint|p1a: Lord of Light\n|-ability|p2a: Calyrex|Chilling Neigh|boost\n|-boost|p2a: Calyrex|atk|1\n|\n|upkeep\n|c|\u2606MarioMaster69|damn\n|c|\u2606KingoftheTitans|Welp\n|\n|t:|1699017641\n|switch|p1a: Red Chinese Dragon|Gyarados, M, shiny|100\/100\n|-damage|p1a: Red Chinese Dragon|76\/100|[from] Stealth Rock\n|-ability|p1a: Red Chinese Dragon|Intimidate|boost\n|-unboost|p2a: Calyrex|atk|1\n|turn|16\n|\n|t:|1699017647\n|detailschange|p1a: Red Chinese Dragon|Gyarados-Mega, M, shiny\n|-mega|p1a: Red Chinese Dragon|Gyarados|Gyaradosite\n|-ability|p1a: Red Chinese Dragon|Mold Breaker\n|move|p2a: Calyrex|Glacial Lance|p1a: Red Chinese Dragon\n|-resisted|p1a: Red Chinese Dragon\n|-damage|p1a: Red Chinese Dragon|40\/100\n|move|p1a: Red Chinese Dragon|Crunch|p2a: Calyrex\n|-supereffective|p2a: Calyrex\n|-damage|p2a: Calyrex|12\/100\n|-enditem|p2a: Calyrex|Weakness Policy\n|-boost|p2a: Calyrex|atk|2|[from] item: Weakness Policy\n|-boost|p2a: Calyrex|spa|2|[from] item: Weakness Policy\n|\n|upkeep\n|turn|17\n|c|\u2606MarioMaster69|bruh\n|c|\u2606MarioMaster69|really?\n|\n|t:|1699017662\n|move|p2a: Calyrex|High Horsepower|p1a: Red Chinese Dragon|[miss]\n|-miss|p2a: Calyrex|p1a: Red Chinese Dragon\n|move|p1a: Red Chinese Dragon|Crunch|p2a: Calyrex\n|-supereffective|p2a: Calyrex\n|-damage|p2a: Calyrex|0 fnt\n|faint|p2a: Calyrex\n|\n|upkeep\n|c|\u2606KingoftheTitans|Yes\n|c|\u2606KingoftheTitans|Really-\n|c|\u2606KingoftheTitans|WOAH\n|c|\u2606KingoftheTitans|WHAT\n|c|\u2606KingoftheTitans|THAT WAS 95%!!!!\n|c|\u2606MarioMaster69|LOL\n|\n|t:|1699017677\n|switch|p2a: Kyurem|Kyurem-Black, shiny|100\/100\n|-ability|p2a: Kyurem|Teravolt\n|turn|18\n|c|\u2606MarioMaster69|should've just used glacial lance\n|\n|t:|1699017686\n|move|p1a: Red Chinese Dragon|Crunch|p2a: Kyurem\n|-damage|p2a: Kyurem|57\/100\n|move|p2a: Kyurem|Dragon Dance|p2a: Kyurem\n|-boost|p2a: Kyurem|atk|1\n|-boost|p2a: Kyurem|spe|1\n|\n|-fieldend|move: Trick Room\n|upkeep\n|turn|19\n|\n|t:|1699017694\n|move|p2a: Kyurem|Fusion Bolt|p1a: Red Chinese Dragon\n|-supereffective|p1a: Red Chinese Dragon\n|-damage|p1a: Red Chinese Dragon|0 fnt\n|faint|p1a: Red Chinese Dragon\n|\n|upkeep\n|c|\u2606MarioMaster69|oof\n|\n|t:|1699017704\n|switch|p1a: Big Blue\ud83c\udf0a|Kyogre|100\/100\n|-damage|p1a: Big Blue\ud83c\udf0a|88\/100|[from] Stealth Rock\n|-damage|p1a: Big Blue\ud83c\udf0a|72\/100|[from] Spikes\n|detailschange|p1a: Big Blue\ud83c\udf0a|Kyogre-Primal\n|-primal|p1a: Big Blue\ud83c\udf0a|Blue Orb\n|-weather|PrimordialSea|[from] ability: Primordial Sea|[of] p1a: Big Blue\ud83c\udf0a\n|turn|20\n|\n|t:|1699017712\n|move|p2a: Kyurem|Fusion Bolt|p1a: Big Blue\ud83c\udf0a\n|-supereffective|p1a: Big Blue\ud83c\udf0a\n|-damage|p1a: Big Blue\ud83c\udf0a|0 fnt\n|faint|p1a: Big Blue\ud83c\udf0a\n|-weather|none\n|\n|upkeep\n|-message|MarioMaster69 forfeited.\n|\n|win|KingoftheTitans\n|raw|MarioMaster69's rating: 1382 &rarr; <strong>1357<\/strong><br \/>(-25 for losing)\n|raw|KingoftheTitans's rating: 1286 &rarr; <strong>1318<\/strong><br \/>(+32 for winning)\n|c|\u2606KingoftheTitans|Yeah...\n|l|\u2606MarioMaster69\n","uploadtime":1699017721,"views":5,"p1id":"mariomaster69","p2id":"kingofthetitans","formatid":"gen9nationaldexubers","rating":1318,"private":0,"password":""}