{"id":"gen9nationaldexubers-1996412985","p1":"FatherBlue92","p2":"LemonLime78","format":"[Gen 9] National Dex Ubers","log":"|j|\u2606FatherBlue92\n|j|\u2606LemonLime78\n|t:|1700679600\n|gametype|singles\n|player|p1|FatherBlue92|170|1109\n|player|p2|LemonLime78|ghetsis|1083\n|teamsize|p1|6\n|teamsize|p2|6\n|gen|9\n|tier|[Gen 9] National Dex Ubers\n|rated|\n|rule|HP Percentage Mod: HP is shown in percentages\n|rule|Endless Battle Clause: Forcing endless battles is banned\n|rule|OHKO Clause: OHKO moves are banned\n|rule|Evasion Moves Clause: Evasion moves are banned\n|rule|Evasion Items Clause: Evasion items are banned\n|rule|Species Clause: Limit one of each Pok\u00e9mon\n|rule|Sleep Clause Mod: Limit one foe put to sleep\n|rule|Mega Rayquaza Clause: You cannot mega evolve Rayquaza\n|clearpoke\n|poke|p1|Deoxys-Speed|\n|poke|p1|Arceus|\n|poke|p1|Dondozo, F|\n|poke|p1|Blissey, F|\n|poke|p1|Mewtwo|\n|poke|p1|Gigalith, F|\n|poke|p2|Melmetal|\n|poke|p2|Kingambit, M|\n|poke|p2|Mewtwo|\n|poke|p2|Palafin, M|\n|poke|p2|Shuckle, M|\n|poke|p2|Iron Valiant|\n|teampreview\n|inactive|Battle timer is ON: inactive players will automatically lose when time's up. (requested by LemonLime78)\n|\n|t:|1700679604\n|start\n|switch|p1a: Deoxys|Deoxys-Speed|100\/100\n|switch|p2a: Shuckle|Shuckle, M|100\/100\n|-ability|p1a: Deoxys|Pressure\n|turn|1\n|\n|t:|1700679612\n|move|p1a: Deoxys|Toxic|p2a: Shuckle\n|-status|p2a: Shuckle|tox\n|move|p2a: Shuckle|Sticky Web|p1a: Deoxys\n|-sidestart|p1: FatherBlue92|move: Sticky Web\n|\n|-damage|p2a: Shuckle|94\/100 tox|[from] psn\n|upkeep\n|turn|2\n|\n|t:|1700679619\n|move|p1a: Deoxys|Stealth Rock|p2a: Shuckle\n|-sidestart|p2: LemonLime78|move: Stealth Rock\n|move|p2a: Shuckle|Stealth Rock|p1a: Deoxys\n|-sidestart|p1: FatherBlue92|move: Stealth Rock\n|\n|-damage|p2a: Shuckle|82\/100 tox|[from] psn\n|upkeep\n|turn|3\n|\n|t:|1700679624\n|move|p1a: Deoxys|Knock Off|p2a: Shuckle\n|-damage|p2a: Shuckle|67\/100 tox\n|-enditem|p2a: Shuckle|Aguav Berry|[from] move: Knock Off|[of] p1a: Deoxys\n|move|p2a: Shuckle|Final Gambit|p1a: Deoxys\n|-damage|p1a: Deoxys|34\/100\n|faint|p2a: Shuckle\n|\n|upkeep\n|\n|t:|1700679628\n|switch|p2a: Melmetal|Melmetal, shiny|100\/100\n|-damage|p2a: Melmetal|94\/100|[from] Stealth Rock\n|turn|4\n|\n|t:|1700679636\n|move|p1a: Deoxys|Recover|p1a: Deoxys\n|-heal|p1a: Deoxys|84\/100\n|move|p2a: Melmetal|Double Iron Bash|p1a: Deoxys\n|-damage|p1a: Deoxys|34\/100\n|-damage|p1a: Deoxys|0 fnt\n|faint|p1a: Deoxys\n|-hitcount|p1: Deoxys|2\n|\n|upkeep\n|\n|t:|1700679643\n|switch|p1a: Mewtwo|Mewtwo|100\/100\n|-ability|p1a: Mewtwo|Unnerve\n|-activate|p1a: Mewtwo|move: Sticky Web\n|-unboost|p1a: Mewtwo|spe|1\n|-damage|p1a: Mewtwo|88\/100|[from] Stealth Rock\n|turn|5\n|\n|t:|1700679651\n|detailschange|p1a: Mewtwo|Mewtwo-Mega-Y\n|-mega|p1a: Mewtwo|Mewtwo|Mewtwonite Y\n|move|p1a: Mewtwo|Flamethrower|p2a: Melmetal\n|-supereffective|p2a: Melmetal\n|-damage|p2a: Melmetal|39\/100\n|move|p2a: Melmetal|Double Iron Bash|p1a: Mewtwo\n|-damage|p1a: Mewtwo|28\/100\n|-damage|p1a: Mewtwo|0 fnt\n|faint|p1a: Mewtwo\n|-hitcount|p1: Mewtwo|2\n|\n|upkeep\n|-message|FatherBlue92 forfeited.\n|\n|win|LemonLime78\n|raw|FatherBlue92's rating: 1109 &rarr; <strong>1082<\/strong><br \/>(-27 for losing)\n|raw|LemonLime78's rating: 1083 &rarr; <strong>1113<\/strong><br \/>(+30 for winning)\n|l|\u2606FatherBlue92\n","uploadtime":1700679667,"views":0,"p1id":"fatherblue92","p2id":"lemonlime78","formatid":"gen9nationaldexubers","rating":1082,"private":0,"password":""}