{"id":"gen9nationaldexubers-1995948278","p1":"CelestialSquidKid","p2":"Demolution545","format":"[Gen 9] National Dex Ubers","log":"|j|\u2606CelestialSquidKid\n|j|\u2606Demolution545\n|t:|1700620819\n|gametype|singles\n|player|p1|CelestialSquidKid|266|\n|player|p2|Demolution545|flint|\n|teamsize|p1|6\n|teamsize|p2|6\n|gen|9\n|tier|[Gen 9] National Dex Ubers\n|rule|HP Percentage Mod: HP is shown in percentages\n|rule|Endless Battle Clause: Forcing endless battles is banned\n|rule|OHKO Clause: OHKO moves are banned\n|rule|Evasion Moves Clause: Evasion moves are banned\n|rule|Evasion Items Clause: Evasion items are banned\n|rule|Species Clause: Limit one of each Pok\u00e9mon\n|rule|Sleep Clause Mod: Limit one foe put to sleep\n|rule|Mega Rayquaza Clause: You cannot mega evolve Rayquaza\n|clearpoke\n|poke|p1|Whimsicott, F|\n|poke|p1|Pelipper, M|\n|poke|p1|Ferrothorn, F|\n|poke|p1|Mamoswine, M|\n|poke|p1|Lickilicky, M|\n|poke|p1|Swampert, F|\n|poke|p2|Torkoal, M|\n|poke|p2|Walking Wake|\n|poke|p2|Lilligant-Hisui, F|\n|poke|p2|Eelektross, M|\n|poke|p2|Enamorus, F|\n|poke|p2|Roaring Moon|\n|teampreview\n|j| VoIteon\n|j| Smackey_5\n|c|\u2606Demolution545|how long you want to wait?\n|c| Smackey_5|Bro brought the whimsicott\n|j| ZBFusion\n|c|\u2606Demolution545|and the lick\n|c|\u2606CelestialSquidKid|until we see 7 ppl\n|c|\u2606Demolution545|ight\n|j| Lunar Sloth\n|c| Lunar Sloth|the lickilicky\n|c|\u2606Demolution545|who will be the 7th?\n|c|\u2606Demolution545|now that is the question\n|c|\u2606CelestialSquidKid|idk we could probably start\n|c| Lunar Sloth|7th person was the friends made along the way\n|c|\u2606Demolution545|ready?\n|c|\u2606CelestialSquidKid|yeah\n|c|\u2606Demolution545|gl\n|c|\u2606Demolution545|hf\n|\n|t:|1700620988\n|start\n|switch|p1a: Lickilicky|Lickilicky, M|100\/100\n|switch|p2a: Eelektross|Eelektross, M|100\/100\n|-ability|p1a: Lickilicky|Cloud Nine\n|turn|1\n|c|\u2606CelestialSquidKid|gl hf\n|\n|t:|1700621030\n|switch|p1a: Whimsicott|Whimsicott, F|100\/100\n|move|p2a: Eelektross|Giga Drain|p1a: Whimsicott\n|-resisted|p1a: Whimsicott\n|-damage|p1a: Whimsicott|81\/100\n|\n|upkeep\n|turn|2\n|\n|t:|1700621071\n|move|p1a: Whimsicott|Light Screen|p1a: Whimsicott\n|-sidestart|p1: CelestialSquidKid|move: Light Screen\n|move|p2a: Eelektross|Flamethrower|p1a: Whimsicott\n|-supereffective|p1a: Whimsicott\n|-damage|p1a: Whimsicott|35\/100\n|\n|upkeep\n|turn|3\n|\n|t:|1700621081\n|switch|p1a: Lickilicky|Lickilicky, M|100\/100\n|-ability|p1a: Lickilicky|Cloud Nine\n|move|p2a: Eelektross|Flamethrower|p1a: Lickilicky\n|-damage|p1a: Lickilicky|89\/100\n|\n|upkeep\n|turn|4\n|\n|t:|1700621099\n|move|p2a: Eelektross|Volt Switch|p1a: Lickilicky\n|-damage|p1a: Lickilicky|75\/100\n|\n|t:|1700621111\n|switch|p2a: Lilligant|Lilligant-Hisui, F, shiny|100\/100|[from] Volt Switch\n|move|p1a: Lickilicky|Body Slam|p2a: Lilligant\n|-damage|p2a: Lilligant|22\/100\n|\n|upkeep\n|turn|5\n|c| Smackey_5|No wearher yet is craxy\n|\n|t:|1700621169\n|switch|p1a: Pelipper|Pelipper, M|100\/100\n|-weather|RainDance|[from] ability: Drizzle|[of] p1a: Pelipper\n|move|p2a: Lilligant|Close Combat|p1a: Pelipper\n|-resisted|p1a: Pelipper\n|-damage|p1a: Pelipper|67\/100\n|-unboost|p2a: Lilligant|def|1\n|-unboost|p2a: Lilligant|spd|1\n|\n|-weather|RainDance|[upkeep]\n|upkeep\n|turn|6\n|\n|t:|1700621202\n|move|p2a: Lilligant|Leaf Blade|p1a: Pelipper\n|-damage|p1a: Pelipper|23\/100\n|move|p1a: Pelipper|Surf|p2a: Lilligant\n|-resisted|p2a: Lilligant\n|-damage|p2a: Lilligant|0 fnt\n|faint|p2a: Lilligant\n|\n|-weather|RainDance|[upkeep]\n|-sideend|p1: CelestialSquidKid|move: Light Screen\n|upkeep\n|c|\u2606Demolution545|you were saying?\n|\n|t:|1700621237\n|switch|p2a: Eelektross|Eelektross, M|100\/100\n|turn|7\n|\n|t:|1700621269\n|switch|p1a: Swampert|Swampert, F|100\/100\n|move|p2a: Eelektross|Giga Drain|p1a: Swampert\n|-supereffective|p1a: Swampert\n|-damage|p1a: Swampert|0 fnt\n|faint|p1a: Swampert\n|\n|-weather|RainDance|[upkeep]\n|upkeep\n|c| Smackey_5|OOOHHH\n|c|\u2606CelestialSquidKid|i'm dumb\n|\n|t:|1700621291\n|switch|p1a: Lickilicky|Lickilicky, M|75\/100\n|-ability|p1a: Lickilicky|Cloud Nine\n|turn|8\n|\n|t:|1700621314\n|-terastallize|p1a: Lickilicky|Normal\n|move|p2a: Eelektross|Volt Switch|p1a: Lickilicky\n|-damage|p1a: Lickilicky|49\/100\n|\n|t:|1700621328\n|switch|p2a: Torkoal|Torkoal, M, shiny|100\/100|[from] Volt Switch\n|-weather|SunnyDay|[from] ability: Drought|[of] p2a: Torkoal\n|move|p1a: Lickilicky|Explosion|p2a: Torkoal\n|-damage|p2a: Torkoal|0 fnt\n|faint|p1a: Lickilicky\n|faint|p2a: Torkoal\n|\n|-weather|SunnyDay|[upkeep]\n|upkeep\n|c| Smackey_5|Tera explosion LOL\n|c|\u2606Demolution545|didnt expect that\n|\n|t:|1700621374\n|switch|p1a: Pelipper|Pelipper, M|23\/100\n|switch|p2a: Walking Wake|Walking Wake|100\/100\n|-activate|p2a: Walking Wake|ability: Protosynthesis\n|-start|p2a: Walking Wake|protosynthesisspa\n|-weather|RainDance|[from] ability: Drizzle|[of] p1a: Pelipper\n|-end|p2a: Walking Wake|Protosynthesis\n|-enditem|p2a: Walking Wake|Booster Energy\n|-activate|p2a: Walking Wake|ability: Protosynthesis|[fromitem]\n|-start|p2a: Walking Wake|protosynthesisspa\n|turn|9\n|c| VoIteon|bro wanted to win the weather war\n|c| Smackey_5|What a read Ig\n|\n|t:|1700621420\n|switch|p1a: Ferrothorn|Ferrothorn, F|100\/100\n|move|p2a: Walking Wake|Hydro Steam|p1a: Ferrothorn\n|-resisted|p1a: Ferrothorn\n|-damage|p1a: Ferrothorn|66\/100\n|\n|-weather|RainDance|[upkeep]\n|upkeep\n|turn|10\n|\n|t:|1700621456\n|move|p2a: Walking Wake|Hurricane|p1a: Ferrothorn\n|-damage|p1a: Ferrothorn|26\/100\n|-start|p1a: Ferrothorn|confusion\n|-activate|p1a: Ferrothorn|confusion\n|move|p1a: Ferrothorn|Stealth Rock|p2a: Walking Wake\n|-sidestart|p2: Demolution545|move: Stealth Rock\n|\n|-weather|RainDance|[upkeep]\n|upkeep\n|turn|11\n|c| Smackey_5|No way\n|c| VoIteon|bro is a rain mon\n|c| VoIteon|and a sun mon\n|\n|t:|1700621478\n|move|p2a: Walking Wake|Hydro Steam|p1a: Ferrothorn\n|-resisted|p1a: Ferrothorn\n|-damage|p1a: Ferrothorn|0 fnt\n|faint|p1a: Ferrothorn\n|\n|-weather|RainDance|[upkeep]\n|upkeep\n|c| VoIteon|broken ass mf\n|\n|t:|1700621488\n|switch|p1a: Whimsicott|Whimsicott, F|35\/100\n|turn|12\n|c| Smackey_5|Why does walkimg wake learn tjat\n|\n|t:|1700621522\n|move|p1a: Whimsicott|Moonblast|p2a: Walking Wake\n|-supereffective|p2a: Walking Wake\n|-damage|p2a: Walking Wake|5\/100\n|move|p2a: Walking Wake|Hurricane|p1a: Whimsicott\n|-supereffective|p1a: Whimsicott\n|-damage|p1a: Whimsicott|0 fnt\n|faint|p1a: Whimsicott\n|\n|-weather|RainDance|[upkeep]\n|upkeep\n|\n|t:|1700621533\n|switch|p1a: Mamoswine|Mamoswine, M|100\/100\n|turn|13\n|\n|t:|1700621536\n|move|p1a: Mamoswine|Ice Shard|p2a: Walking Wake\n|-damage|p2a: Walking Wake|0 fnt\n|faint|p2a: Walking Wake\n|-end|p2a: Walking Wake|Protosynthesis|[silent]\n|\n|-weather|none\n|upkeep\n|c| VoIteon|bro stayed in thats crazy\n|c| Smackey_5|Walling Wake makes this mu dumb LOL\n|\n|t:|1700621549\n|switch|p2a: Eelektross|Eelektross, M|100\/100\n|-damage|p2a: Eelektross|88\/100|[from] Stealth Rock\n|turn|14\n|\n|t:|1700621575\n|move|p1a: Mamoswine|Ice Shard|p2a: Eelektross\n|-damage|p2a: Eelektross|61\/100\n|move|p2a: Eelektross|Giga Drain|p1a: Mamoswine\n|-supereffective|p1a: Mamoswine\n|-damage|p1a: Mamoswine|43\/100\n|-heal|p2a: Eelektross|94\/100|[from] drain|[of] p1a: Mamoswine\n|\n|-heal|p2a: Eelektross|99\/100|[from] item: Leftovers\n|upkeep\n|turn|15\n|\n|t:|1700621590\n|move|p1a: Mamoswine|Endeavor|p2a: Eelektross\n|-damage|p2a: Eelektross|49\/100\n|move|p2a: Eelektross|Giga Drain|p1a: Mamoswine\n|-supereffective|p1a: Mamoswine\n|-damage|p1a: Mamoswine|0 fnt\n|-heal|p2a: Eelektross|73\/100|[from] drain|[of] p1a: Mamoswine\n|faint|p1a: Mamoswine\n|\n|-heal|p2a: Eelektross|80\/100|[from] item: Leftovers\n|upkeep\n|c| Smackey_5|..\n|\n|t:|1700621598\n|switch|p1a: Pelipper|Pelipper, M|23\/100\n|-weather|RainDance|[from] ability: Drizzle|[of] p1a: Pelipper\n|turn|16\n|\n|t:|1700621605\n|move|p1a: Pelipper|Surf|p2a: Eelektross\n|-damage|p2a: Eelektross|30\/100\n|move|p2a: Eelektross|Giga Drain|p1a: Pelipper\n|-damage|p1a: Pelipper|6\/100\n|-heal|p2a: Eelektross|37\/100|[from] drain|[of] p1a: Pelipper\n|\n|-weather|RainDance|[upkeep]\n|-heal|p2a: Eelektross|43\/100|[from] item: Leftovers\n|upkeep\n|turn|17\n|c| VoIteon|i see the vison with that set\n|\n|t:|1700621624\n|move|p1a: Pelipper|Surf|p2a: Eelektross\n|-damage|p2a: Eelektross|0 fnt\n|faint|p2a: Eelektross\n|\n|-weather|RainDance|[upkeep]\n|upkeep\n|\n|t:|1700621631\n|switch|p2a: Enamorus|Enamorus, F|100\/100\n|-damage|p2a: Enamorus|76\/100|[from] Stealth Rock\n|turn|18\n|\n|t:|1700621663\n|move|p2a: Enamorus|Moonblast|p1a: Pelipper\n|-damage|p1a: Pelipper|0 fnt\n|faint|p1a: Pelipper\n|\n|win|Demolution545\n|c|\u2606Demolution545|gg\n|l| ZBFusion\n","uploadtime":1700621681,"views":4,"p1id":"celestialsquidkid","p2id":"demolution545","formatid":"gen9nationaldexubers","rating":0,"private":0,"password":""}