{"id":"gen9nationaldexubers-1982185857","p1":"FoodDude72","p2":"Dashu16","format":"[Gen 9] National Dex Ubers","log":"|j|\u2606FoodDude72\n|j|\u2606Dashu16\n|t:|1698976855\n|gametype|singles\n|player|p1|FoodDude72|drayden|1300\n|player|p2|Dashu16|red|1385\n|teamsize|p1|6\n|teamsize|p2|6\n|gen|9\n|tier|[Gen 9] National Dex Ubers\n|rated|\n|rule|HP Percentage Mod: HP is shown in percentages\n|rule|Endless Battle Clause: Forcing endless battles is banned\n|rule|OHKO Clause: OHKO moves are banned\n|rule|Evasion Moves Clause: Evasion moves are banned\n|rule|Evasion Items Clause: Evasion items are banned\n|rule|Species Clause: Limit one of each Pok\u00e9mon\n|rule|Sleep Clause Mod: Limit one foe put to sleep\n|rule|Mega Rayquaza Clause: You cannot mega evolve Rayquaza\n|clearpoke\n|poke|p1|Ho-Oh|\n|poke|p1|Ting-Lu|\n|poke|p1|Quaquaval, F|\n|poke|p1|Fezandipiti, M|\n|poke|p1|Scizor, F|\n|poke|p1|Ursaluna-Bloodmoon, M|\n|poke|p2|Darkrai|\n|poke|p2|Xerneas-*|\n|poke|p2|Zygarde|\n|poke|p2|Arceus-Electric|\n|poke|p2|Ditto|\n|poke|p2|Marshadow|\n|teampreview\n|inactive|Battle timer is ON: inactive players will automatically lose when time's up. (requested by FoodDude72)\n|\n|t:|1698976867\n|start\n|switch|p1a: Fezandipiti|Fezandipiti, M|100\/100\n|switch|p2a: Darkrai|Darkrai, shiny|100\/100\n|turn|1\n|\n|t:|1698976876\n|-zpower|p2a: Darkrai\n|move|p2a: Darkrai|Z-Hypnosis|p1a: Fezandipiti|[anim]Hypnosis\n|-boost|p2a: Darkrai|spe|1|[zeffect]\n|-status|p1a: Fezandipiti|slp|[from] move: Hypnosis\n|cant|p1a: Fezandipiti|slp\n|\n|-damage|p1a: Fezandipiti|88\/100 slp|[from] ability: Bad Dreams|[of] p2a: Darkrai\n|upkeep\n|turn|2\n|\n|t:|1698976887\n|move|p2a: Darkrai|Nasty Plot|p2a: Darkrai\n|-boost|p2a: Darkrai|spa|2\n|cant|p1a: Fezandipiti|slp\n|\n|-damage|p1a: Fezandipiti|76\/100 slp|[from] ability: Bad Dreams|[of] p2a: Darkrai\n|upkeep\n|turn|3\n|\n|t:|1698976896\n|move|p2a: Darkrai|Focus Blast|p1a: Fezandipiti\n|-resisted|p1a: Fezandipiti\n|-damage|p1a: Fezandipiti|67\/100 slp\n|-curestatus|p1a: Fezandipiti|slp|[msg]\n|move|p1a: Fezandipiti|Beat Up|p2a: Darkrai\n|-resisted|p2a: Darkrai\n|-damage|p2a: Darkrai|99\/100\n|-status|p2a: Darkrai|tox|[from] ability: Toxic Chain|[of] p1a: Fezandipiti\n|-resisted|p2a: Darkrai\n|-damage|p2a: Darkrai|97\/100 tox\n|-resisted|p2a: Darkrai\n|-damage|p2a: Darkrai|94\/100 tox\n|-resisted|p2a: Darkrai\n|-damage|p2a: Darkrai|92\/100 tox\n|-resisted|p2a: Darkrai\n|-damage|p2a: Darkrai|89\/100 tox\n|-resisted|p2a: Darkrai\n|-damage|p2a: Darkrai|87\/100 tox\n|-hitcount|p2a: Darkrai|6\n|\n|-damage|p2a: Darkrai|81\/100 tox|[from] psn\n|upkeep\n|turn|4\n|\n|t:|1698976914\n|move|p2a: Darkrai|Hypnosis|p1a: Fezandipiti|[miss]\n|-miss|p2a: Darkrai|p1a: Fezandipiti\n|move|p1a: Fezandipiti|Fly||[still]\n|-prepare|p1a: Fezandipiti|Fly\n|\n|-damage|p2a: Darkrai|69\/100 tox|[from] psn\n|upkeep\n|turn|5\n|\n|t:|1698976924\n|switch|p2a: Dios|Arceus-Electric, shiny|100\/100\n|move|p1a: Fezandipiti|Fly|p2a: Dios|[from]lockedmove\n|-resisted|p2a: Dios\n|-damage|p2a: Dios|95\/100\n|\n|upkeep\n|turn|6\n|\n|t:|1698976931\n|move|p2a: Dios|Swords Dance|p2a: Dios\n|-boost|p2a: Dios|atk|2\n|move|p1a: Fezandipiti|Beat Up|p2a: Dios\n|-damage|p2a: Dios|93\/100\n|-status|p2a: Dios|tox|[from] ability: Toxic Chain|[of] p1a: Fezandipiti\n|-damage|p2a: Dios|91\/100 tox\n|-damage|p2a: Dios|88\/100 tox\n|-damage|p2a: Dios|86\/100 tox\n|-damage|p2a: Dios|83\/100 tox\n|-damage|p2a: Dios|82\/100 tox\n|-hitcount|p2a: Dios|6\n|\n|-damage|p2a: Dios|75\/100 tox|[from] psn\n|upkeep\n|turn|7\n|\n|t:|1698976946\n|move|p2a: Dios|Judgment|p1a: Fezandipiti\n|-damage|p1a: Fezandipiti|46\/100\n|move|p1a: Fezandipiti|U-turn|p2a: Dios\n|-damage|p2a: Dios|67\/100 tox\n|inactive|FoodDude72 has 120 seconds left.\n|c|\u2606Dashu16|Cmon\n|inactive|FoodDude72 has 90 seconds left.\n|\n|t:|1698977031\n|switch|p1a: Ting-Lu|Ting-Lu|100\/100|[from] U-turn\n|-ability|p1a: Ting-Lu|Vessel of Ruin\n|\n|-damage|p2a: Dios|55\/100 tox|[from] psn\n|upkeep\n|turn|8\n|\n|t:|1698977041\n|switch|p2a: Mandem|Xerneas, shiny|100\/100\n|-ability|p2a: Mandem|Fairy Aura\n|move|p1a: Ting-Lu|Spikes|p2a: Mandem\n|-sidestart|p2: Dashu16|Spikes\n|\n|upkeep\n|turn|9\n|\n|t:|1698977059\n|move|p2a: Mandem|Geomancy||[still]\n|-prepare|p2a: Mandem|Geomancy\n|-enditem|p2a: Mandem|Power Herb\n|-anim|p2a: Mandem|Geomancy|p2a: Mandem\n|-boost|p2a: Mandem|spa|2\n|-boost|p2a: Mandem|spd|2\n|-boost|p2a: Mandem|spe|2\n|move|p1a: Ting-Lu|Whirlwind|p2a: Mandem\n|drag|p2a: Dios|Arceus-Electric, shiny|55\/100 tox\n|-damage|p2a: Dios|42\/100 tox|[from] Spikes\n|\n|-damage|p2a: Dios|36\/100 tox|[from] psn\n|upkeep\n|turn|10\n|\n|t:|1698977073\n|move|p2a: Dios|Recover|p2a: Dios\n|-heal|p2a: Dios|86\/100 tox\n|move|p1a: Ting-Lu|Stealth Rock|p2a: Dios\n|-sidestart|p2: Dashu16|move: Stealth Rock\n|\n|-damage|p2a: Dios|74\/100 tox|[from] psn\n|upkeep\n|turn|11\n|\n|t:|1698977090\n|switch|p2a: Mandem|Xerneas, shiny|100\/100\n|-damage|p2a: Mandem|88\/100|[from] Spikes\n|-damage|p2a: Mandem|76\/100|[from] Stealth Rock\n|-ability|p2a: Mandem|Fairy Aura\n|move|p1a: Ting-Lu|Spikes|p2a: Mandem\n|-sidestart|p2: Dashu16|Spikes\n|\n|upkeep\n|turn|12\n|\n|t:|1698977100\n|switch|p1a: Fezandipiti|Fezandipiti, M|46\/100\n|move|p2a: Mandem|Aromatherapy|p2a: Mandem\n|-activate|p2a: Mandem|move: Aromatherapy\n|-curestatus|p2: Dios|tox|[msg]\n|-curestatus|p2: Darkrai|tox|[msg]\n|\n|upkeep\n|turn|13\n|\n|t:|1698977110\n|move|p2a: Mandem|Geomancy||[still]\n|-prepare|p2a: Mandem|Geomancy\n|move|p1a: Fezandipiti|Beat Up|p2a: Mandem\n|-resisted|p2a: Mandem\n|-damage|p2a: Mandem|74\/100\n|-resisted|p2a: Mandem\n|-damage|p2a: Mandem|73\/100\n|-resisted|p2a: Mandem\n|-damage|p2a: Mandem|71\/100\n|-resisted|p2a: Mandem\n|-damage|p2a: Mandem|69\/100\n|-resisted|p2a: Mandem\n|-damage|p2a: Mandem|68\/100\n|-resisted|p2a: Mandem\n|-damage|p2a: Mandem|66\/100\n|-hitcount|p2a: Mandem|6\n|\n|upkeep\n|turn|14\n|\n|t:|1698977123\n|move|p2a: Mandem|Geomancy|p2a: Mandem|[from]lockedmove\n|-boost|p2a: Mandem|spa|2\n|-boost|p2a: Mandem|spd|2\n|-boost|p2a: Mandem|spe|2\n|move|p1a: Fezandipiti|Beat Up|p2a: Mandem\n|-resisted|p2a: Mandem\n|-damage|p2a: Mandem|65\/100\n|-resisted|p2a: Mandem\n|-damage|p2a: Mandem|64\/100\n|-resisted|p2a: Mandem\n|-damage|p2a: Mandem|62\/100\n|-status|p2a: Mandem|tox|[from] ability: Toxic Chain|[of] p1a: Fezandipiti\n|-resisted|p2a: Mandem\n|-damage|p2a: Mandem|61\/100 tox\n|-resisted|p2a: Mandem\n|-damage|p2a: Mandem|59\/100 tox\n|-resisted|p2a: Mandem\n|-crit|p2a: Mandem\n|-damage|p2a: Mandem|57\/100 tox\n|-hitcount|p2a: Mandem|6\n|\n|-damage|p2a: Mandem|51\/100 tox|[from] psn\n|upkeep\n|turn|15\n|inactive|FoodDude72 has 90 seconds left.\n|\n|t:|1698977141\n|move|p2a: Mandem|Moonblast|p1a: Fezandipiti\n|-resisted|p1a: Fezandipiti\n|-damage|p1a: Fezandipiti|23\/100\n|move|p1a: Fezandipiti|Fly||[still]\n|-prepare|p1a: Fezandipiti|Fly\n|\n|-damage|p2a: Mandem|39\/100 tox|[from] psn\n|upkeep\n|turn|16\n|\n|t:|1698977149\n|move|p2a: Mandem|Aromatherapy|p2a: Mandem\n|-activate|p2a: Mandem|move: Aromatherapy\n|-curestatus|p2a: Mandem|tox|[msg]\n|move|p1a: Fezandipiti|Fly|p2a: Mandem|[from]lockedmove\n|-damage|p2a: Mandem|20\/100\n|\n|upkeep\n|turn|17\n|\n|t:|1698977158\n|move|p2a: Mandem|Thunder|p1a: Fezandipiti\n|-damage|p1a: Fezandipiti|1\/100\n|move|p1a: Fezandipiti|Beat Up|p2a: Mandem\n|-resisted|p2a: Mandem\n|-damage|p2a: Mandem|19\/100\n|-resisted|p2a: Mandem\n|-damage|p2a: Mandem|17\/100\n|-resisted|p2a: Mandem\n|-damage|p2a: Mandem|16\/100\n|-status|p2a: Mandem|tox|[from] ability: Toxic Chain|[of] p1a: Fezandipiti\n|-resisted|p2a: Mandem\n|-damage|p2a: Mandem|14\/100 tox\n|-resisted|p2a: Mandem\n|-damage|p2a: Mandem|12\/100 tox\n|-resisted|p2a: Mandem\n|-damage|p2a: Mandem|11\/100 tox\n|-hitcount|p2a: Mandem|6\n|\n|-damage|p2a: Mandem|5\/100 tox|[from] psn\n|upkeep\n|turn|18\n|\n|t:|1698977175\n|move|p1a: Fezandipiti|Quick Attack|p2a: Mandem\n|-damage|p2a: Mandem|0 fnt\n|faint|p2a: Mandem\n|\n|upkeep\n|\n|t:|1698977182\n|switch|p2a: Dios|Arceus-Electric, shiny|74\/100\n|-damage|p2a: Dios|57\/100|[from] Spikes\n|-damage|p2a: Dios|45\/100|[from] Stealth Rock\n|turn|19\n|\n|t:|1698977201\n|move|p2a: Dios|Extreme Speed|p1a: Fezandipiti\n|-damage|p1a: Fezandipiti|0 fnt\n|faint|p1a: Fezandipiti\n|\n|upkeep\n|inactive|FoodDude72 has 90 seconds left.\n|\n|t:|1698977234\n|switch|p1a: Ting-Lu|Ting-Lu|100\/100\n|-ability|p1a: Ting-Lu|Vessel of Ruin\n|turn|20\n|\n|t:|1698977242\n|switch|p2a: Zygarde|Zygarde, shiny|100\/100\n|-damage|p2a: Zygarde|84\/100|[from] Spikes\n|-damage|p2a: Zygarde|78\/100|[from] Stealth Rock\n|move|p1a: Ting-Lu|Spikes|p2a: Zygarde\n|-sidestart|p2: Dashu16|Spikes\n|\n|-heal|p2a: Zygarde|84\/100|[from] item: Leftovers\n|upkeep\n|turn|21\n|\n|t:|1698977255\n|move|p2a: Zygarde|Coil|p2a: Zygarde\n|-boost|p2a: Zygarde|atk|1\n|-boost|p2a: Zygarde|def|1\n|-boost|p2a: Zygarde|accuracy|1\n|move|p1a: Ting-Lu|Whirlwind|p2a: Zygarde\n|drag|p2a: Darkrai|Darkrai, shiny|69\/100\n|-damage|p2a: Darkrai|44\/100|[from] Spikes\n|-damage|p2a: Darkrai|32\/100|[from] Stealth Rock\n|\n|upkeep\n|turn|22\n|\n|t:|1698977270\n|move|p2a: Darkrai|Hypnosis|p1a: Ting-Lu|[miss]\n|-miss|p2a: Darkrai|p1a: Ting-Lu\n|move|p1a: Ting-Lu|Earthquake|p2a: Darkrai\n|-damage|p2a: Darkrai|0 fnt\n|faint|p2a: Darkrai\n|\n|upkeep\n|\n|t:|1698977278\n|switch|p2a: Ser\u00e9 sincero Baki|Ditto, shiny|100\/100\n|-damage|p2a: Ser\u00e9 sincero Baki|75\/100|[from] Spikes\n|-damage|p2a: Ser\u00e9 sincero Baki|63\/100|[from] Stealth Rock\n|-transform|p2a: Ser\u00e9 sincero Baki|p1a: Ting-Lu|[from] ability: Imposter\n|-ability|p2a: Ser\u00e9 sincero Baki|Vessel of Ruin\n|turn|23\n|inactive|FoodDude72 has 90 seconds left.\n|\n|t:|1698977307\n|switch|p1a: Quaquaval|Quaquaval, F|100\/100\n|move|p2a: Ser\u00e9 sincero Baki|Stealth Rock|p1a: Quaquaval\n|-sidestart|p1: FoodDude72|move: Stealth Rock\n|\n|upkeep\n|turn|24\n|inactive|FoodDude72 has 90 seconds left.\n|\n|t:|1698977315\n|move|p1a: Quaquaval|Aqua Step|p2a: Ser\u00e9 sincero Baki\n|-supereffective|p2a: Ser\u00e9 sincero Baki\n|-damage|p2a: Ser\u00e9 sincero Baki|0 fnt\n|-boost|p1a: Quaquaval|spe|1\n|faint|p2a: Ser\u00e9 sincero Baki\n|-ability|p1a: Quaquaval|Moxie|boost\n|-boost|p1a: Quaquaval|atk|1\n|\n|upkeep\n|\n|t:|1698977324\n|switch|p2a: Zygarde|Zygarde, shiny|84\/100\n|-damage|p2a: Zygarde|59\/100|[from] Spikes\n|-damage|p2a: Zygarde|53\/100|[from] Stealth Rock\n|turn|25\n|\n|t:|1698977334\n|switch|p2a: Dios|Arceus-Electric, shiny|45\/100\n|-damage|p2a: Dios|20\/100|[from] Spikes\n|-damage|p2a: Dios|7\/100|[from] Stealth Rock\n|move|p1a: Quaquaval|Aqua Step|p2a: Dios\n|-damage|p2a: Dios|0 fnt\n|-boost|p1a: Quaquaval|spe|1\n|faint|p2a: Dios\n|-ability|p1a: Quaquaval|Moxie|boost\n|-boost|p1a: Quaquaval|atk|1\n|\n|upkeep\n|\n|t:|1698977346\n|switch|p2a: Zygarde|Zygarde, shiny|53\/100\n|-damage|p2a: Zygarde|28\/100|[from] Spikes\n|-damage|p2a: Zygarde|21\/100|[from] Stealth Rock\n|turn|26\n|\n|t:|1698977355\n|-terastallize|p2a: Zygarde|Fairy\n|move|p1a: Quaquaval|Aqua Step|p2a: Zygarde\n|-crit|p2a: Zygarde\n|-damage|p2a: Zygarde|0 fnt\n|-boost|p1a: Quaquaval|spe|1\n|faint|p2a: Zygarde\n|-ability|p1a: Quaquaval|Moxie|boost\n|-boost|p1a: Quaquaval|atk|1\n|\n|upkeep\n|-message|Dashu16 forfeited.\n|\n|win|FoodDude72\n|raw|FoodDude72's rating: 1300 &rarr; <strong>1331<\/strong><br \/>(+31 for winning)\n|raw|Dashu16's rating: 1385 &rarr; <strong>1360<\/strong><br \/>(-25 for losing)\n|l|\u2606Dashu16\n","uploadtime":1698977376,"views":12,"p1id":"fooddude72","p2id":"dashu16","formatid":"gen9nationaldexubers","rating":1331,"private":0,"password":""}