{"id":"gen9nationaldexubers-1979731402","p1":"kirbymagolor","p2":"Brainfart3000","format":"[Gen 9] National Dex Ubers","log":"|j|\u2606kirbymagolor\n|j|\u2606Brainfart3000\n|t:|1698707498\n|gametype|singles\n|player|p1|kirbymagolor|cynthia-masters|\n|player|p2|Brainfart3000|aromalady|\n|teamsize|p1|6\n|teamsize|p2|6\n|gen|9\n|tier|[Gen 9] National Dex Ubers\n|rule|HP Percentage Mod: HP is shown in percentages\n|rule|Endless Battle Clause: Forcing endless battles is banned\n|rule|OHKO Clause: OHKO moves are banned\n|rule|Evasion Moves Clause: Evasion moves are banned\n|rule|Evasion Items Clause: Evasion items are banned\n|rule|Species Clause: Limit one of each Pok\u00e9mon\n|rule|Sleep Clause Mod: Limit one foe put to sleep\n|rule|Mega Rayquaza Clause: You cannot mega evolve Rayquaza\n|clearpoke\n|poke|p1|Landorus-Therian, M|\n|poke|p1|Corviknight, M|\n|poke|p1|Dragonite, F|\n|poke|p1|Gyarados, M|\n|poke|p1|Kilowattrel, F|\n|poke|p1|Blaziken, M|\n|poke|p2|Samurott-Hisui, F|\n|poke|p2|Meowscarada, M|\n|poke|p2|Greninja-*, F|\n|poke|p2|Bombirdier, M|\n|poke|p2|Ting-Lu|\n|poke|p2|Sneasler, F|\n|teampreview\n|c|\u2606kirbymagolor|glhf\n|c|\u2606Brainfart3000|glhf\n|\n|t:|1698707521\n|start\n|switch|p1a: Kilowattrel|Kilowattrel, F|100\/100\n|switch|p2a: Meowscarada|Meowscarada, M|100\/100\n|turn|1\n|\n|t:|1698707531\n|move|p2a: Meowscarada|Knock Off|p1a: Kilowattrel\n|-start|p2a: Meowscarada|typechange|Dark|[from] ability: Protean\n|-damage|p1a: Kilowattrel|12\/100\n|-enditem|p1a: Kilowattrel|Focus Sash|[from] move: Knock Off|[of] p2a: Meowscarada\n|move|p1a: Kilowattrel|Air Slash|p2a: Meowscarada\n|-damage|p2a: Meowscarada|52\/100\n|\n|upkeep\n|turn|2\n|\n|t:|1698707544\n|move|p2a: Meowscarada|Knock Off|p1a: Kilowattrel\n|-damage|p1a: Kilowattrel|0 fnt\n|faint|p1a: Kilowattrel\n|\n|upkeep\n|\n|t:|1698707559\n|switch|p1a: Corviknight|Corviknight, M|100\/100\n|turn|3\n|\n|t:|1698707571\n|switch|p2a: Greninja|Greninja, F|100\/100\n|move|p1a: Corviknight|Iron Defense|p1a: Corviknight\n|-boost|p1a: Corviknight|def|2\n|\n|upkeep\n|turn|4\n|\n|t:|1698707581\n|move|p2a: Greninja|Ice Beam|p1a: Corviknight\n|-start|p2a: Greninja|typechange|Ice|[from] ability: Protean\n|-damage|p1a: Corviknight|49\/100\n|move|p1a: Corviknight|Body Press|p2a: Greninja\n|-supereffective|p2a: Greninja\n|-damage|p2a: Greninja|0 fnt\n|faint|p2a: Greninja\n|\n|-heal|p1a: Corviknight|55\/100|[from] item: Leftovers\n|upkeep\n|\n|t:|1698707591\n|switch|p2a: Meowscarada|Meowscarada, M|52\/100\n|turn|5\n|\n|t:|1698707600\n|move|p2a: Meowscarada|Thunder Punch|p1a: Corviknight\n|-start|p2a: Meowscarada|typechange|Electric|[from] ability: Protean\n|-supereffective|p1a: Corviknight\n|-damage|p1a: Corviknight|26\/100\n|move|p1a: Corviknight|Iron Defense|p1a: Corviknight\n|-boost|p1a: Corviknight|def|2\n|\n|-heal|p1a: Corviknight|33\/100|[from] item: Leftovers\n|upkeep\n|turn|6\n|\n|t:|1698707608\n|move|p2a: Meowscarada|Thunder Punch|p1a: Corviknight\n|-supereffective|p1a: Corviknight\n|-damage|p1a: Corviknight|15\/100\n|move|p1a: Corviknight|Iron Defense|p1a: Corviknight\n|-boost|p1a: Corviknight|def|2\n|\n|-heal|p1a: Corviknight|21\/100|[from] item: Leftovers\n|upkeep\n|turn|7\n|\n|t:|1698707615\n|move|p2a: Meowscarada|Thunder Punch|p1a: Corviknight\n|-supereffective|p1a: Corviknight\n|-damage|p1a: Corviknight|8\/100\n|move|p1a: Corviknight|Body Press|p2a: Meowscarada\n|-damage|p2a: Meowscarada|0 fnt\n|faint|p2a: Meowscarada\n|\n|-heal|p1a: Corviknight|14\/100|[from] item: Leftovers\n|upkeep\n|\n|t:|1698707627\n|switch|p2a: Sneasler|Sneasler, F|100\/100\n|turn|8\n|\n|t:|1698707634\n|-terastallize|p2a: Sneasler|Dark\n|move|p2a: Sneasler|Fling|p1a: Corviknight\n|-damage|p1a: Corviknight|0 fnt\n|-enditem|p2a: Sneasler|Big Nugget|[from] move: Fling\n|faint|p1a: Corviknight\n|\n|upkeep\n|\n|t:|1698707641\n|switch|p1a: Landorus|Landorus-Therian, M|100\/100\n|-ability|p1a: Landorus|Intimidate|boost\n|-unboost|p2a: Sneasler|atk|1\n|turn|9\n|\n|t:|1698707656\n|move|p2a: Sneasler|Dire Claw|p1a: Landorus\n|-resisted|p1a: Landorus\n|-damage|p1a: Landorus|84\/100\n|move|p1a: Landorus|Earthquake|p2a: Sneasler\n|-damage|p2a: Sneasler|10\/100\n|\n|upkeep\n|turn|10\n|\n|t:|1698707663\n|move|p2a: Sneasler|Dire Claw|p1a: Landorus\n|-resisted|p1a: Landorus\n|-damage|p1a: Landorus|68\/100\n|-status|p1a: Landorus|slp\n|cant|p1a: Landorus|slp\n|\n|upkeep\n|turn|11\n|\n|t:|1698707678\n|move|p2a: Sneasler|U-turn|p1a: Landorus\n|-resisted|p1a: Landorus\n|-damage|p1a: Landorus|57\/100 slp\n|c|\u2606kirbymagolor|WAKE UP\n|\n|t:|1698707684\n|switch|p2a: Samurott|Samurott-Hisui, F|100\/100|[from] U-turn\n|-curestatus|p1a: Landorus|slp|[msg]\n|move|p1a: Landorus|Earthquake|p2a: Samurott\n|-damage|p2a: Samurott|31\/100\n|\n|upkeep\n|turn|12\n|\n|t:|1698707696\n|move|p1a: Landorus|Earthquake|p2a: Samurott\n|-damage|p2a: Samurott|0 fnt\n|faint|p2a: Samurott\n|\n|upkeep\n|\n|t:|1698707700\n|switch|p2a: Bombirdier|Bombirdier, M|100\/100\n|turn|13\n|c|\u2606kirbymagolor|PLOT ARMOR BE REAL\n|c|\u2606Brainfart3000|real\n|\n|t:|1698707711\n|switch|p1a: Gyarados|Gyarados, M|100\/100\n|move|p2a: Bombirdier|Stone Edge|p1a: Gyarados\n|-supereffective|p1a: Gyarados\n|-damage|p1a: Gyarados|0 fnt\n|faint|p1a: Gyarados\n|\n|upkeep\n|\n|t:|1698707718\n|switch|p1a: Landorus|Landorus-Therian, M|57\/100\n|-ability|p1a: Landorus|Intimidate|boost\n|-unboost|p2a: Bombirdier|atk|1\n|turn|14\n|\n|t:|1698707726\n|move|p1a: Landorus|Knock Off|p2a: Bombirdier\n|-resisted|p2a: Bombirdier\n|-damage|p2a: Bombirdier|75\/100\n|-enditem|p2a: Bombirdier|Choice Band|[from] move: Knock Off|[of] p1a: Landorus\n|move|p2a: Bombirdier|Stone Edge|p1a: Landorus\n|-damage|p1a: Landorus|22\/100\n|\n|upkeep\n|turn|15\n|\n|t:|1698707734\n|move|p1a: Landorus|Knock Off|p2a: Bombirdier\n|-resisted|p2a: Bombirdier\n|-damage|p2a: Bombirdier|58\/100\n|move|p2a: Bombirdier|Knock Off|p1a: Landorus\n|-damage|p1a: Landorus|0 fnt\n|-enditem|p1a: Landorus|Choice Scarf|[from] move: Knock Off|[of] p2a: Bombirdier\n|faint|p1a: Landorus\n|\n|upkeep\n|\n|t:|1698707737\n|switch|p1a: Dragonite|Dragonite, F|100\/100\n|turn|16\n|\n|t:|1698707746\n|move|p2a: Bombirdier|Knock Off|p1a: Dragonite\n|-damage|p1a: Dragonite|87\/100\n|-enditem|p1a: Dragonite|Life Orb|[from] move: Knock Off|[of] p2a: Bombirdier\n|move|p1a: Dragonite|Dragon Dance|p1a: Dragonite\n|-boost|p1a: Dragonite|atk|1\n|-boost|p1a: Dragonite|spe|1\n|\n|upkeep\n|turn|17\n|\n|t:|1698707752\n|move|p1a: Dragonite|Extreme Speed|p2a: Bombirdier\n|-damage|p2a: Bombirdier|0 fnt\n|faint|p2a: Bombirdier\n|\n|upkeep\n|\n|t:|1698707759\n|switch|p2a: Ting-Lu|Ting-Lu|100\/100\n|-ability|p2a: Ting-Lu|Vessel of Ruin\n|turn|18\n|\n|t:|1698707768\n|move|p1a: Dragonite|Dragon Dance|p1a: Dragonite\n|-boost|p1a: Dragonite|atk|1\n|-boost|p1a: Dragonite|spe|1\n|move|p2a: Ting-Lu|Throat Chop|p1a: Dragonite\n|-damage|p1a: Dragonite|44\/100\n|-start|p1a: Dragonite|Throat Chop|[silent]\n|\n|upkeep\n|turn|19\n|\n|t:|1698707783\n|move|p1a: Dragonite|Dragon Claw|p2a: Ting-Lu\n|-damage|p2a: Ting-Lu|55\/100\n|move|p2a: Ting-Lu|Throat Chop|p1a: Dragonite\n|-damage|p1a: Dragonite|1\/100\n|\n|-heal|p2a: Ting-Lu|61\/100|[from] item: Leftovers\n|-end|p1a: Dragonite|Throat Chop|[silent]\n|upkeep\n|turn|20\n|c|\u2606Brainfart3000|WHAT\n|\n|t:|1698707795\n|move|p1a: Dragonite|Dragon Claw|p2a: Ting-Lu\n|-damage|p2a: Ting-Lu|14\/100\n|move|p2a: Ting-Lu|Throat Chop|p1a: Dragonite\n|-damage|p1a: Dragonite|0 fnt\n|faint|p1a: Dragonite\n|\n|-heal|p2a: Ting-Lu|21\/100|[from] item: Leftovers\n|upkeep\n|\n|t:|1698707799\n|switch|p1a: Blaziken|Blaziken, M|100\/100\n|turn|21\n|\n|t:|1698707823\n|-terastallize|p1a: Blaziken|Flying\n|move|p1a: Blaziken|Swords Dance|p1a: Blaziken\n|-boost|p1a: Blaziken|atk|2\n|move|p2a: Ting-Lu|Earthquake|p1a: Blaziken\n|-immune|p1a: Blaziken\n|\n|-heal|p2a: Ting-Lu|27\/100|[from] item: Leftovers\n|-ability|p1a: Blaziken|Speed Boost|boost\n|-boost|p1a: Blaziken|spe|1\n|upkeep\n|turn|22\n|c|\u2606kirbymagolor|What what ?\n|c|\u2606Brainfart3000|im dumb\n|\n|t:|1698707836\n|move|p1a: Blaziken|Brave Bird|p2a: Ting-Lu\n|-damage|p2a: Ting-Lu|0 fnt\n|faint|p2a: Ting-Lu\n|-damage|p1a: Blaziken|87\/100|[from] Recoil\n|\n|-heal|p1a: Blaziken|93\/100|[from] item: Leftovers\n|-ability|p1a: Blaziken|Speed Boost|boost\n|-boost|p1a: Blaziken|spe|1\n|upkeep\n|c|\u2606Brainfart3000|gg\n|c|\u2606kirbymagolor|gg\n|c|\u2606Brainfart3000|i made i mistake at the end\n|\n|t:|1698707849\n|switch|p2a: Sneasler|Sneasler, F, tera:Dark|10\/100\n|turn|23\n|\n|t:|1698707856\n|move|p1a: Blaziken|Fire Punch|p2a: Sneasler\n|-damage|p2a: Sneasler|0 fnt\n|faint|p2a: Sneasler\n|\n|win|kirbymagolor\n|c|\u2606Brainfart3000|yea sneasler couldnt do shit\n|l|\u2606Brainfart3000\n|c|\u2606kirbymagolor|i mean it was predictable as hell\n|c|\u2606kirbymagolor|true\n|c|\u2606kirbymagolor|gg\n","uploadtime":1698707950,"views":8,"p1id":"kirbymagolor","p2id":"brainfart3000","formatid":"gen9nationaldexubers","rating":0,"private":0,"password":""}