{"id":"gen9nationaldexubers-1978674403","p1":"thattomattguy","p2":"BOKU WA TOBI LOL","format":"[Gen 9] National Dex Ubers","log":"|j|\u2606thattomattguy\n|j|\u2606BOKU WA TOBI LOL\n|t:|1698579312\n|gametype|singles\n|player|p1|thattomattguy|102|1091\n|player|p2|BOKU WA TOBI LOL|fisherman-gen4|1009\n|teamsize|p1|6\n|teamsize|p2|6\n|gen|9\n|tier|[Gen 9] National Dex Ubers\n|rated|\n|rule|HP Percentage Mod: HP is shown in percentages\n|rule|Endless Battle Clause: Forcing endless battles is banned\n|rule|OHKO Clause: OHKO moves are banned\n|rule|Evasion Moves Clause: Evasion moves are banned\n|rule|Evasion Items Clause: Evasion items are banned\n|rule|Species Clause: Limit one of each Pok\u00e9mon\n|rule|Sleep Clause Mod: Limit one foe put to sleep\n|rule|Mega Rayquaza Clause: You cannot mega evolve Rayquaza\n|clearpoke\n|poke|p1|Marshadow|\n|poke|p1|Metagross|\n|poke|p1|Cinderace, M|\n|poke|p1|Hydreigon, F|\n|poke|p1|Corviknight, M|\n|poke|p1|Toxapex, F|\n|poke|p2|Altaria, M|\n|poke|p2|Primarina, F|\n|poke|p2|Feraligatr, M|\n|poke|p2|Zacian-*|\n|poke|p2|Aggron, M|\n|poke|p2|Pinsir, M|\n|teampreview\n|inactive|Battle timer is ON: inactive players will automatically lose when time's up. (requested by BOKU WA TOBI LOL)\n|inactive|BOKU WA TOBI LOL has 120 seconds left.\n|inactive|BOKU WA TOBI LOL has 90 seconds left.\n|\n|t:|1698579388\n|start\n|switch|p1a: Cinderace|Cinderace, M|100\/100\n|switch|p2a: Nijihashi Rein|Altaria, M|100\/100\n|turn|1\n|\n|t:|1698579408\n|move|p1a: Cinderace|Gunk Shot|p2a: Nijihashi Rein\n|-start|p1a: Cinderace|typechange|Poison|[from] ability: Libero\n|-damage|p2a: Nijihashi Rein|52\/100\n|move|p2a: Nijihashi Rein|Dragon Dance|p2a: Nijihashi Rein\n|-boost|p2a: Nijihashi Rein|atk|1\n|-boost|p2a: Nijihashi Rein|spe|1\n|\n|upkeep\n|turn|2\n|\n|t:|1698579418\n|move|p1a: Cinderace|Gunk Shot|p2a: Nijihashi Rein\n|-damage|p2a: Nijihashi Rein|9\/100\n|move|p2a: Nijihashi Rein|Dragon Dance|p2a: Nijihashi Rein\n|-boost|p2a: Nijihashi Rein|atk|1\n|-boost|p2a: Nijihashi Rein|spe|1\n|\n|upkeep\n|turn|3\n|\n|t:|1698579423\n|move|p2a: Nijihashi Rein|Dragon Claw|p1a: Cinderace\n|-damage|p1a: Cinderace|38\/100\n|move|p1a: Cinderace|Gunk Shot|p2a: Nijihashi Rein\n|-damage|p2a: Nijihashi Rein|0 fnt\n|faint|p2a: Nijihashi Rein\n|\n|upkeep\n|\n|t:|1698579433\n|switch|p2a: Jude Gordon|Feraligatr, M|100\/100\n|turn|4\n|\n|t:|1698579449\n|move|p1a: Cinderace|U-turn|p2a: Jude Gordon\n|-damage|p2a: Jude Gordon|77\/100\n|\n|t:|1698579451\n|switch|p1a: Toxapex|Toxapex, F|100\/100|[from] U-turn\n|move|p2a: Jude Gordon|Dragon Dance|p2a: Jude Gordon\n|-boost|p2a: Jude Gordon|atk|1\n|-boost|p2a: Jude Gordon|spe|1\n|\n|upkeep\n|turn|5\n|\n|t:|1698579455\n|move|p2a: Jude Gordon|Dragon Dance|p2a: Jude Gordon\n|-boost|p2a: Jude Gordon|atk|1\n|-boost|p2a: Jude Gordon|spe|1\n|move|p1a: Toxapex|Toxic|p2a: Jude Gordon\n|-status|p2a: Jude Gordon|tox\n|\n|-damage|p2a: Jude Gordon|71\/100 tox|[from] psn\n|upkeep\n|turn|6\n|\n|t:|1698579461\n|move|p2a: Jude Gordon|Crunch|p1a: Toxapex\n|-damage|p1a: Toxapex|51\/100\n|move|p1a: Toxapex|Toxic Spikes|p2a: Jude Gordon\n|-sidestart|p2: BOKU WA TOBI LOL|move: Toxic Spikes\n|\n|-heal|p1a: Toxapex|58\/100|[from] item: Black Sludge\n|-damage|p2a: Jude Gordon|59\/100 tox|[from] psn\n|upkeep\n|turn|7\n|\n|t:|1698579474\n|move|p1a: Toxapex|Baneful Bunker|p1a: Toxapex\n|-singleturn|p1a: Toxapex|move: Protect\n|move|p2a: Jude Gordon|Dragon Dance|p2a: Jude Gordon\n|-boost|p2a: Jude Gordon|atk|1\n|-boost|p2a: Jude Gordon|spe|1\n|\n|-heal|p1a: Toxapex|64\/100|[from] item: Black Sludge\n|-damage|p2a: Jude Gordon|40\/100 tox|[from] psn\n|upkeep\n|turn|8\n|\n|t:|1698579485\n|move|p2a: Jude Gordon|Liquidation|p1a: Toxapex\n|-resisted|p1a: Toxapex\n|-damage|p1a: Toxapex|16\/100\n|move|p1a: Toxapex|Scald|p2a: Jude Gordon\n|-resisted|p2a: Jude Gordon\n|-crit|p2a: Jude Gordon\n|-damage|p2a: Jude Gordon|23\/100 tox\n|\n|-heal|p1a: Toxapex|22\/100|[from] item: Black Sludge\n|-damage|p2a: Jude Gordon|0 fnt|[from] psn\n|faint|p2a: Jude Gordon\n|upkeep\n|\n|t:|1698579491\n|switch|p2a: Mantis|Pinsir, M|100\/100\n|-status|p2a: Mantis|psn\n|turn|9\n|\n|t:|1698579501\n|switch|p1a: Cinderace|Cinderace, M|38\/100\n|move|p2a: Mantis|Swords Dance|p2a: Mantis\n|-boost|p2a: Mantis|atk|2\n|\n|-damage|p2a: Mantis|88\/100 psn|[from] psn\n|upkeep\n|turn|10\n|\n|t:|1698579507\n|detailschange|p2a: Mantis|Pinsir-Mega, M\n|-mega|p2a: Mantis|Pinsir|Pinsirite\n|move|p2a: Mantis|Quick Attack|p1a: Cinderace\n|-damage|p1a: Cinderace|0 fnt\n|faint|p1a: Cinderace\n|\n|-damage|p2a: Mantis|76\/100 psn|[from] psn\n|upkeep\n|\n|t:|1698579522\n|switch|p1a: Corviknight|Corviknight, M|100\/100\n|-ability|p1a: Corviknight|Pressure\n|turn|11\n|\n|t:|1698579527\n|move|p2a: Mantis|Return|p1a: Corviknight\n|-resisted|p1a: Corviknight\n|-damage|p1a: Corviknight|58\/100\n|move|p1a: Corviknight|Brave Bird|p2a: Mantis\n|-supereffective|p2a: Mantis\n|-damage|p2a: Mantis|0 fnt\n|faint|p2a: Mantis\n|-damage|p1a: Corviknight|41\/100|[from] Recoil\n|\n|-heal|p1a: Corviknight|48\/100|[from] item: Leftovers\n|upkeep\n|\n|t:|1698579535\n|switch|p2a: Siren|Primarina, F|100\/100\n|-status|p2a: Siren|psn\n|turn|12\n|\n|t:|1698579546\n|move|p1a: Corviknight|Roost|p1a: Corviknight\n|-heal|p1a: Corviknight|98\/100\n|-singleturn|p1a: Corviknight|move: Roost\n|move|p2a: Siren|Sparkling Aria|p1a: Corviknight\n|-damage|p1a: Corviknight|59\/100\n|\n|-heal|p1a: Corviknight|66\/100|[from] item: Leftovers\n|-damage|p2a: Siren|88\/100 psn|[from] psn\n|upkeep\n|turn|13\n|\n|t:|1698579553\n|move|p1a: Corviknight|Iron Head|p2a: Siren\n|-crit|p2a: Siren\n|-damage|p2a: Siren|58\/100 psn\n|move|p2a: Siren|Calm Mind|p2a: Siren\n|-boost|p2a: Siren|spa|1\n|-boost|p2a: Siren|spd|1\n|\n|-heal|p1a: Corviknight|72\/100|[from] item: Leftovers\n|-damage|p2a: Siren|46\/100 psn|[from] psn\n|upkeep\n|turn|14\n|\n|t:|1698579562\n|move|p1a: Corviknight|Iron Head|p2a: Siren\n|-damage|p2a: Siren|27\/100 psn\n|move|p2a: Siren|Calm Mind|p2a: Siren\n|-boost|p2a: Siren|spa|1\n|-boost|p2a: Siren|spd|1\n|\n|-heal|p1a: Corviknight|78\/100|[from] item: Leftovers\n|-damage|p2a: Siren|14\/100 psn|[from] psn\n|upkeep\n|turn|15\n|\n|t:|1698579568\n|move|p1a: Corviknight|Iron Head|p2a: Siren\n|-damage|p2a: Siren|0 fnt\n|faint|p2a: Siren\n|\n|-heal|p1a: Corviknight|84\/100|[from] item: Leftovers\n|upkeep\n|\n|t:|1698579570\n|switch|p2a: Edgar Valtinas|Zacian-Crowned|100\/100\n|-ability|p2a: Edgar Valtinas|Intrepid Sword|boost\n|-boost|p2a: Edgar Valtinas|atk|1\n|turn|16\n|\n|t:|1698579587\n|move|p2a: Edgar Valtinas|Swords Dance|p2a: Edgar Valtinas\n|-boost|p2a: Edgar Valtinas|atk|2\n|move|p1a: Corviknight|Iron Head|p2a: Edgar Valtinas\n|-damage|p2a: Edgar Valtinas|79\/100\n|\n|-heal|p1a: Corviknight|91\/100|[from] item: Leftovers\n|upkeep\n|turn|17\n|\n|t:|1698579597\n|switch|p1a: Toxapex|Toxapex, F|22\/100\n|move|p2a: Edgar Valtinas|Wild Charge|p1a: Toxapex\n|-supereffective|p1a: Toxapex\n|-damage|p1a: Toxapex|0 fnt\n|faint|p1a: Toxapex\n|-damage|p2a: Edgar Valtinas|74\/100|[from] Recoil\n|\n|upkeep\n|\n|t:|1698579615\n|switch|p1a: Hydreigon|Hydreigon, F|100\/100\n|turn|18\n|\n|t:|1698579623\n|move|p1a: Hydreigon|Flamethrower|p2a: Edgar Valtinas\n|-supereffective|p2a: Edgar Valtinas\n|-damage|p2a: Edgar Valtinas|19\/100\n|move|p2a: Edgar Valtinas|Behemoth Blade|p1a: Hydreigon\n|-damage|p1a: Hydreigon|0 fnt\n|faint|p1a: Hydreigon\n|\n|upkeep\n|\n|t:|1698579635\n|switch|p1a: Marshadow|Marshadow|100\/100\n|turn|19\n|\n|t:|1698579647\n|move|p2a: Edgar Valtinas|Wild Charge|p1a: Marshadow\n|-enditem|p1a: Marshadow|Focus Sash\n|-damage|p1a: Marshadow|1\/100\n|-damage|p2a: Edgar Valtinas|0 fnt|[from] Recoil\n|faint|p2a: Edgar Valtinas\n|move|p1a: Marshadow|Spectral Thief|p2: Edgar Valtinas|[notarget]\n|-fail|p1a: Marshadow\n|\n|upkeep\n|\n|t:|1698579654\n|switch|p2a: Hakuryuu|Aggron, M|100\/100\n|turn|20\n|\n|t:|1698579663\n|-terastallize|p2a: Hakuryuu|Ground\n|move|p1a: Marshadow|Close Combat|p2a: Hakuryuu\n|-damage|p2a: Hakuryuu|64\/100\n|-unboost|p1a: Marshadow|def|1\n|-unboost|p1a: Marshadow|spd|1\n|move|p2a: Hakuryuu|Stealth Rock|p1a: Marshadow\n|-sidestart|p1: thattomattguy|move: Stealth Rock\n|\n|-heal|p2a: Hakuryuu|70\/100|[from] item: Leftovers\n|upkeep\n|turn|21\n|\n|t:|1698579679\n|move|p2a: Hakuryuu|Protect|p2a: Hakuryuu\n|-singleturn|p2a: Hakuryuu|Protect\n|move|p1a: Marshadow|Spectral Thief|p2a: Hakuryuu\n|-activate|p2a: Hakuryuu|move: Protect\n|\n|-heal|p2a: Hakuryuu|76\/100|[from] item: Leftovers\n|upkeep\n|turn|22\n|\n|t:|1698579685\n|move|p1a: Marshadow|Spectral Thief|p2a: Hakuryuu\n|-damage|p2a: Hakuryuu|50\/100\n|move|p2a: Hakuryuu|Earthquake|p1a: Marshadow\n|-crit|p1a: Marshadow\n|-damage|p1a: Marshadow|0 fnt\n|faint|p1a: Marshadow\n|\n|-heal|p2a: Hakuryuu|57\/100|[from] item: Leftovers\n|upkeep\n|\n|t:|1698579693\n|switch|p1a: Metagross|Metagross, shiny|100\/100\n|-damage|p1a: Metagross|95\/100|[from] Stealth Rock\n|turn|23\n|\n|t:|1698579704\n|detailschange|p1a: Metagross|Metagross-Mega, shiny\n|-mega|p1a: Metagross|Metagross|Metagrossite\n|move|p1a: Metagross|Ice Punch|p2a: Hakuryuu\n|-supereffective|p2a: Hakuryuu\n|-damage|p2a: Hakuryuu|15\/100\n|move|p2a: Hakuryuu|Earthquake|p1a: Metagross\n|-supereffective|p1a: Metagross\n|-damage|p1a: Metagross|34\/100\n|\n|-heal|p2a: Hakuryuu|21\/100|[from] item: Leftovers\n|upkeep\n|turn|24\n|\n|t:|1698579709\n|move|p2a: Hakuryuu|Protect|p2a: Hakuryuu\n|-singleturn|p2a: Hakuryuu|Protect\n|move|p1a: Metagross|Ice Punch|p2a: Hakuryuu\n|-activate|p2a: Hakuryuu|move: Protect\n|\n|-heal|p2a: Hakuryuu|27\/100|[from] item: Leftovers\n|upkeep\n|turn|25\n|\n|t:|1698579727\n|move|p1a: Metagross|Ice Punch|p2a: Hakuryuu\n|-supereffective|p2a: Hakuryuu\n|-damage|p2a: Hakuryuu|0 fnt\n|faint|p2a: Hakuryuu\n|\n|win|thattomattguy\n|raw|thattomattguy's rating: 1091 &rarr; <strong>1111<\/strong><br \/>(+20 for winning)\n|raw|BOKU WA TOBI LOL's rating: 1009 &rarr; <strong>1000<\/strong><br \/>(-9 for losing)\n|l|\u2606BOKU WA TOBI LOL\n","uploadtime":1698579738,"views":20,"p1id":"thattomattguy","p2id":"bokuwatobilol","formatid":"gen9nationaldexubers","rating":1000,"private":0,"password":""}