{"id":"gen9nationaldexubers-1999250977","p1":"AnAlkaliMetal","p2":"85792195wwww","format":"[Gen 9] National Dex Ubers","log":"|j|\u2606AnAlkaliMetal\n|j|\u260685792195wwww\n|t:|1701050806\n|gametype|singles\n|player|p1|AnAlkaliMetal|alec-anime|1550\n|player|p2|85792195wwww|mira|1843\n|teamsize|p1|6\n|teamsize|p2|6\n|gen|9\n|tier|[Gen 9] National Dex Ubers\n|rated|\n|rule|HP Percentage Mod: HP is shown in percentages\n|rule|Endless Battle Clause: Forcing endless battles is banned\n|rule|OHKO Clause: OHKO moves are banned\n|rule|Evasion Moves Clause: Evasion moves are banned\n|rule|Evasion Items Clause: Evasion items are banned\n|rule|Species Clause: Limit one of each Pok\u00e9mon\n|rule|Sleep Clause Mod: Limit one foe put to sleep\n|rule|Mega Rayquaza Clause: You cannot mega evolve Rayquaza\n|clearpoke\n|poke|p1|Deoxys-Speed|\n|poke|p1|Xerneas-*|\n|poke|p1|Necrozma-Dusk-Mane|\n|poke|p1|Arceus|\n|poke|p1|Eternatus|\n|poke|p1|Darmanitan-Galar, F|\n|poke|p2|Arceus|\n|poke|p2|Zacian-*|\n|poke|p2|Xerneas-*|\n|poke|p2|Kyogre|\n|poke|p2|Groudon|\n|poke|p2|Deoxys-Speed|\n|teampreview\n|\n|t:|1701050829\n|start\n|switch|p1a: Deoxys|Deoxys-Speed|100\/100\n|switch|p2a: Zacian|Zacian-Crowned|100\/100\n|-ability|p1a: Deoxys|Pressure\n|-ability|p2a: Zacian|Intrepid Sword|boost\n|-boost|p2a: Zacian|atk|1\n|turn|1\n|\n|t:|1701050843\n|move|p1a: Deoxys|Taunt|p2a: Zacian\n|-start|p2a: Zacian|move: Taunt\n|move|p2a: Zacian|Behemoth Blade|p1a: Deoxys\n|-damage|p1a: Deoxys|0 fnt\n|-damage|p2a: Zacian|84\/100|[from] item: Rocky Helmet|[of] p1a: Deoxys\n|faint|p1a: Deoxys\n|\n|upkeep\n|\n|t:|1701050850\n|switch|p1a: Necrozma|Necrozma-Dusk-Mane|100\/100\n|turn|2\n|\n|t:|1701050856\n|move|p2a: Zacian|Close Combat|p1a: Necrozma\n|-damage|p1a: Necrozma|47\/100\n|-unboost|p2a: Zacian|def|1\n|-unboost|p2a: Zacian|spd|1\n|move|p1a: Necrozma|Trick Room|p1a: Necrozma\n|-fieldstart|move: Trick Room|[of] p1a: Necrozma\n|\n|upkeep\n|turn|3\n|\n|t:|1701050868\n|move|p1a: Necrozma|Earthquake|p2a: Zacian\n|-supereffective|p2a: Zacian\n|-damage|p2a: Zacian|0 fnt\n|faint|p2a: Zacian\n|\n|upkeep\n|\n|t:|1701050877\n|switch|p2a: Deoxys|Deoxys-Speed|100\/100\n|-ability|p2a: Deoxys|Pressure\n|turn|4\n|\n|t:|1701050883\n|move|p1a: Necrozma|Sunsteel Strike|p2a: Deoxys\n|-crit|p2a: Deoxys\n|-damage|p2a: Deoxys|0 fnt\n|faint|p2a: Deoxys\n|\n|upkeep\n|\n|t:|1701050900\n|switch|p2a: Arceus|Arceus|100\/100\n|turn|5\n|\n|t:|1701050914\n|move|p1a: Necrozma|Photon Geyser|p2a: Arceus\n|-damage|p2a: Arceus|52\/100\n|move|p2a: Arceus|Swords Dance|p2a: Arceus\n|-boost|p2a: Arceus|atk|2\n|\n|upkeep\n|turn|6\n|\n|t:|1701050924\n|-terastallize|p2a: Arceus|Normal\n|move|p2a: Arceus|Extreme Speed|p1a: Necrozma\n|-resisted|p1a: Necrozma\n|-damage|p1a: Necrozma|0 fnt\n|faint|p1a: Necrozma\n|-damage|p2a: Arceus|42\/100|[from] item: Life Orb\n|\n|-fieldend|move: Trick Room\n|upkeep\n|\n|t:|1701050977\n|switch|p1a: Arceus|Arceus|100\/100\n|turn|7\n|\n|t:|1701050980\n|-terastallize|p1a: Arceus|Ghost\n|move|p1a: Arceus|Shadow Claw|p2a: Arceus\n|-immune|p2a: Arceus\n|move|p2a: Arceus|Earthquake|p1a: Arceus\n|-damage|p1a: Arceus|33\/100\n|-damage|p2a: Arceus|33\/100|[from] item: Life Orb\n|\n|upkeep\n|turn|8\n|\n|t:|1701050991\n|move|p1a: Arceus|Brick Break|p2a: Arceus\n|-supereffective|p2a: Arceus\n|-damage|p2a: Arceus|0 fnt\n|faint|p2a: Arceus\n|\n|upkeep\n|\n|t:|1701050998\n|switch|p2a: Xerneas|Xerneas|100\/100\n|-ability|p2a: Xerneas|Fairy Aura\n|turn|9\n|\n|t:|1701051010\n|move|p1a: Arceus|Swords Dance|p1a: Arceus\n|-boost|p1a: Arceus|atk|2\n|move|p2a: Xerneas|Geomancy||[still]\n|-prepare|p2a: Xerneas|Geomancy\n|-enditem|p2a: Xerneas|Power Herb\n|-anim|p2a: Xerneas|Geomancy|p2a: Xerneas\n|-boost|p2a: Xerneas|spa|2\n|-boost|p2a: Xerneas|spd|2\n|-boost|p2a: Xerneas|spe|2\n|\n|upkeep\n|turn|10\n|\n|t:|1701051019\n|move|p1a: Arceus|Extreme Speed|p2a: Xerneas\n|-damage|p2a: Xerneas|49\/100\n|move|p2a: Xerneas|Moonblast|p1a: Arceus\n|-damage|p1a: Arceus|0 fnt\n|faint|p1a: Arceus\n|\n|upkeep\n|\n|t:|1701051045\n|switch|p1a: Eternatus|Eternatus|100\/100\n|-ability|p1a: Eternatus|Pressure\n|turn|11\n|\n|t:|1701051050\n|move|p2a: Xerneas|Moonblast|p1a: Eternatus\n|-damage|p1a: Eternatus|0 fnt\n|faint|p1a: Eternatus\n|\n|upkeep\n|inactive|Battle timer is ON: inactive players will automatically lose when time's up. (requested by 85792195wwww)\n|\n|t:|1701051109\n|switch|p1a: Darmanitan|Darmanitan-Galar, F|100\/100\n|turn|12\n|\n|t:|1701051113\n|move|p1a: Darmanitan|Icicle Crash|p2a: Xerneas|[miss]\n|-miss|p1a: Darmanitan|p2a: Xerneas\n|move|p2a: Xerneas|Moonblast|p1a: Darmanitan\n|-damage|p1a: Darmanitan|0 fnt\n|faint|p1a: Darmanitan\n|\n|upkeep\n|c|\u2606AnAlkaliMetal|damn\n|\n|t:|1701051126\n|switch|p1a: Xerneas|Xerneas|100\/100\n|-ability|p1a: Xerneas|Fairy Aura\n|turn|13\n|\n|t:|1701051131\n|move|p2a: Xerneas|Moonblast|p1a: Xerneas\n|-damage|p1a: Xerneas|0 fnt\n|faint|p1a: Xerneas\n|\n|win|85792195wwww\n|raw|AnAlkaliMetal's rating: 1550 &rarr; <strong>1544<\/strong><br \/>(-6 for losing)\n|raw|85792195wwww's rating: 1843 &rarr; <strong>1849<\/strong><br \/>(+6 for winning)\n","uploadtime":1701051138,"views":1,"p1id":"analkalimetal","p2id":"85792195wwww","formatid":"gen9nationaldexubers","rating":1544,"private":0,"password":""}