{"id":"gen9nationaldexubers-1999902317","p1":"Marioipod","p2":"123456789ah","format":"[Gen 9] National Dex Ubers","log":"|j|\u203dMarioipod\n|j|\u2606123456789ah\n|t:|1701128143\n|gametype|singles\n|player|p1|Marioipod|may-gen3rs|1208\n|player|p2|123456789ah|hugh|1273\n|teamsize|p1|6\n|teamsize|p2|6\n|gen|9\n|tier|[Gen 9] National Dex Ubers\n|rated|\n|rule|HP Percentage Mod: HP is shown in percentages\n|rule|Endless Battle Clause: Forcing endless battles is banned\n|rule|OHKO Clause: OHKO moves are banned\n|rule|Evasion Moves Clause: Evasion moves are banned\n|rule|Evasion Items Clause: Evasion items are banned\n|rule|Species Clause: Limit one of each Pok\u00e9mon\n|rule|Sleep Clause Mod: Limit one foe put to sleep\n|rule|Mega Rayquaza Clause: You cannot mega evolve Rayquaza\n|clearpoke\n|poke|p1|Arceus|\n|poke|p1|Zygarde|\n|poke|p1|Metagross|\n|poke|p1|Kyogre|\n|poke|p1|Giratina-Origin|\n|poke|p1|Kyurem-Black|\n|poke|p2|Sneasler, F|\n|poke|p2|Serperior, F|\n|poke|p2|Kyurem-Black|\n|poke|p2|Ninetales-Alola, F|\n|poke|p2|Cyclizar, F|\n|poke|p2|Marshadow|\n|teampreview\n|inactive|Battle timer is ON: inactive players will automatically lose when time's up. (requested by 123456789ah)\n|\n|t:|1701128148\n|start\n|switch|p1a: Kyurem|Kyurem-Black|100\/100\n|switch|p2a: Ninetales|Ninetales-Alola, F|100\/100\n|-weather|Snow|[from] ability: Snow Warning|[of] p2a: Ninetales\n|-ability|p1a: Kyurem|Teravolt\n|turn|1\n|\n|t:|1701128160\n|move|p2a: Ninetales|Aurora Veil|p2a: Ninetales\n|-sidestart|p2: 123456789ah|move: Aurora Veil\n|move|p1a: Kyurem|Dragon Dance|p1a: Kyurem\n|-boost|p1a: Kyurem|atk|1\n|-boost|p1a: Kyurem|spe|1\n|\n|-weather|Snow|[upkeep]\n|upkeep\n|turn|2\n|\n|t:|1701128167\n|move|p1a: Kyurem|Fusion Bolt|p2a: Ninetales\n|-damage|p2a: Ninetales|73\/100\n|move|p2a: Ninetales|Reflect|p2a: Ninetales\n|-sidestart|p2: 123456789ah|Reflect\n|\n|-weather|Snow|[upkeep]\n|upkeep\n|turn|3\n|\n|t:|1701128175\n|switch|p2a: Cyclizar|Cyclizar, F|100\/100\n|move|p1a: Kyurem|Fusion Bolt|p2a: Cyclizar\n|-resisted|p2a: Cyclizar\n|-damage|p2a: Cyclizar|72\/100\n|-enditem|p2a: Cyclizar|Red Card|[of] p1a: Kyurem\n|drag|p1a: Giratina|Giratina-Origin|100\/100\n|\n|-weather|Snow|[upkeep]\n|upkeep\n|turn|4\n|\n|t:|1701128186\n|move|p2a: Cyclizar|Shed Tail|p2a: Cyclizar\n|-start|p2a: Cyclizar|Substitute|[from] move: Shed Tail\n|-damage|p2a: Cyclizar|22\/100\n|\n|t:|1701128190\n|switch|p2a: Kyurem|Kyurem-Black|100\/100|[from] Shed Tail\n|-ability|p2a: Kyurem|Teravolt\n|move|p1a: Giratina|Draco Meteor|p2a: Kyurem\n|-supereffective|p2a: Kyurem\n|-end|p2a: Kyurem|Substitute\n|-unboost|p1a: Giratina|spa|2\n|\n|-weather|Snow|[upkeep]\n|upkeep\n|turn|5\n|\n|t:|1701128208\n|-terastallize|p2a: Kyurem|Ice\n|move|p2a: Kyurem|Dragon Dance|p2a: Kyurem\n|-boost|p2a: Kyurem|atk|1\n|-boost|p2a: Kyurem|spe|1\n|move|p1a: Giratina|Will-O-Wisp|p2a: Kyurem\n|-status|p2a: Kyurem|brn\n|\n|-weather|none\n|-damage|p2a: Kyurem|94\/100 brn|[from] brn\n|upkeep\n|turn|6\n|\n|t:|1701128220\n|move|p2a: Kyurem|Dragon Dance|p2a: Kyurem\n|-boost|p2a: Kyurem|atk|1\n|-boost|p2a: Kyurem|spe|1\n|move|p1a: Giratina|Tailwind|p1a: Giratina\n|-sidestart|p1: Marioipod|move: Tailwind\n|\n|-damage|p2a: Kyurem|88\/100 brn|[from] brn\n|upkeep\n|turn|7\n|\n|t:|1701128231\n|move|p2a: Kyurem|Dragon Dance|p2a: Kyurem\n|-boost|p2a: Kyurem|atk|1\n|-boost|p2a: Kyurem|spe|1\n|move|p1a: Giratina|Shadow Force||[still]\n|-prepare|p1a: Giratina|Shadow Force\n|\n|-damage|p2a: Kyurem|82\/100 brn|[from] brn\n|upkeep\n|turn|8\n|\n|t:|1701128240\n|move|p2a: Kyurem|Dragon Dance|p2a: Kyurem\n|-boost|p2a: Kyurem|atk|1\n|-boost|p2a: Kyurem|spe|1\n|move|p1a: Giratina|Shadow Force|p2a: Kyurem|[from]lockedmove\n|-damage|p2a: Kyurem|52\/100 brn\n|\n|-damage|p2a: Kyurem|46\/100 brn|[from] brn\n|-sideend|p2: 123456789ah|move: Aurora Veil\n|upkeep\n|turn|9\n|\n|t:|1701128254\n|move|p2a: Kyurem|Dragon Dance|p2a: Kyurem\n|-boost|p2a: Kyurem|atk|1\n|-boost|p2a: Kyurem|spe|1\n|move|p1a: Giratina|Shadow Force||[still]\n|-prepare|p1a: Giratina|Shadow Force\n|\n|-damage|p2a: Kyurem|40\/100 brn|[from] brn\n|-sideend|p2: 123456789ah|Reflect\n|-sideend|p1: Marioipod|move: Tailwind\n|upkeep\n|turn|10\n|\n|t:|1701128263\n|move|p2a: Kyurem|Dragon Dance|p2a: Kyurem\n|-boost|p2a: Kyurem|atk|1\n|-boost|p2a: Kyurem|spe|1\n|move|p1a: Giratina|Shadow Force|p2a: Kyurem|[from]lockedmove\n|-damage|p2a: Kyurem|0 fnt\n|faint|p2a: Kyurem\n|\n|upkeep\n|\n|t:|1701128275\n|switch|p2a: Ninetales|Ninetales-Alola, F|73\/100\n|-weather|Snow|[from] ability: Snow Warning|[of] p2a: Ninetales\n|turn|11\n|\n|t:|1701128280\n|move|p2a: Ninetales|Aurora Veil|p2a: Ninetales\n|-sidestart|p2: 123456789ah|move: Aurora Veil\n|move|p1a: Giratina|Will-O-Wisp|p2a: Ninetales\n|-status|p2a: Ninetales|brn\n|\n|-weather|Snow|[upkeep]\n|-damage|p2a: Ninetales|67\/100 brn|[from] brn\n|upkeep\n|turn|12\n|\n|t:|1701128304\n|move|p2a: Ninetales|Reflect|p2a: Ninetales\n|-sidestart|p2: 123456789ah|Reflect\n|move|p1a: Giratina|Tailwind|p1a: Giratina\n|-sidestart|p1: Marioipod|move: Tailwind\n|\n|-weather|Snow|[upkeep]\n|-damage|p2a: Ninetales|61\/100 brn|[from] brn\n|upkeep\n|turn|13\n|\n|t:|1701128317\n|switch|p1a: Metagross|Metagross, shiny|100\/100\n|move|p2a: Ninetales|Encore||[still]\n|-fail|p2a: Ninetales\n|\n|-weather|Snow|[upkeep]\n|-damage|p2a: Ninetales|55\/100 brn|[from] brn\n|upkeep\n|turn|14\n|\n|t:|1701128325\n|switch|p2a: Marshadow|Marshadow|100\/100\n|detailschange|p1a: Metagross|Metagross-Mega, shiny\n|-mega|p1a: Metagross|Metagross|Metagrossite\n|move|p1a: Metagross|Bullet Punch|p2a: Marshadow\n|-damage|p2a: Marshadow|81\/100\n|\n|-weather|Snow|[upkeep]\n|upkeep\n|turn|15\n|\n|t:|1701128335\n|move|p1a: Metagross|Zen Headbutt|p2a: Marshadow\n|-supereffective|p2a: Marshadow\n|-damage|p2a: Marshadow|0 fnt\n|faint|p2a: Marshadow\n|\n|-weather|none\n|-sideend|p1: Marioipod|move: Tailwind\n|upkeep\n|\n|t:|1701128342\n|switch|p2a: Serperior|Serperior, F|100\/100\n|turn|16\n|\n|t:|1701128347\n|move|p2a: Serperior|Leaf Storm|p1a: Metagross\n|-resisted|p1a: Metagross\n|-damage|p1a: Metagross|82\/100\n|-boost|p2a: Serperior|spa|2\n|move|p1a: Metagross|Ice Punch|p2a: Serperior\n|-supereffective|p2a: Serperior\n|-damage|p2a: Serperior|53\/100\n|-status|p2a: Serperior|frz\n|\n|upkeep\n|turn|17\n|\n|t:|1701128357\n|cant|p2a: Serperior|frz\n|move|p1a: Metagross|Ice Punch|p2a: Serperior\n|-supereffective|p2a: Serperior\n|-damage|p2a: Serperior|2\/100 frz\n|\n|upkeep\n|turn|18\n|\n|t:|1701128363\n|move|p1a: Metagross|Bullet Punch|p2a: Serperior\n|-damage|p2a: Serperior|0 fnt\n|faint|p2a: Serperior\n|\n|-sideend|p2: 123456789ah|move: Aurora Veil\n|upkeep\n|\n|t:|1701128369\n|switch|p2a: Ninetales|Ninetales-Alola, F|55\/100 brn\n|-weather|Snow|[from] ability: Snow Warning|[of] p2a: Ninetales\n|turn|19\n|\n|t:|1701128375\n|move|p1a: Metagross|Bullet Punch|p2a: Ninetales\n|-supereffective|p2a: Ninetales\n|-damage|p2a: Ninetales|0 fnt\n|faint|p2a: Ninetales\n|\n|-weather|Snow|[upkeep]\n|-sideend|p2: 123456789ah|Reflect\n|upkeep\n|\n|t:|1701128382\n|switch|p2a: Sneasler|Sneasler, F|100\/100\n|-ability|p2a: Sneasler|Pressure\n|turn|20\n|\n|t:|1701128400\n|move|p2a: Sneasler|Fake Out|p1a: Metagross\n|-enditem|p2a: Sneasler|Normal Gem|[from] gem\n|-resisted|p1a: Metagross\n|-damage|p1a: Metagross|76\/100\n|cant|p1a: Metagross|flinch\n|\n|-weather|Snow|[upkeep]\n|upkeep\n|turn|21\n|\n|t:|1701128409\n|move|p2a: Sneasler|Close Combat|p1a: Metagross\n|-damage|p1a: Metagross|34\/100\n|-unboost|p2a: Sneasler|def|1\n|-unboost|p2a: Sneasler|spd|1\n|move|p1a: Metagross|Zen Headbutt|p2a: Sneasler|[miss]\n|-miss|p1a: Metagross|p2a: Sneasler\n|\n|-weather|Snow|[upkeep]\n|upkeep\n|turn|22\n|\n|t:|1701128421\n|move|p1a: Metagross|Bullet Punch|p2a: Sneasler\n|-damage|p2a: Sneasler|23\/100\n|move|p2a: Sneasler|Close Combat|p1a: Metagross\n|-damage|p1a: Metagross|0 fnt\n|-unboost|p2a: Sneasler|def|1\n|-unboost|p2a: Sneasler|spd|1\n|faint|p1a: Metagross\n|\n|-weather|Snow|[upkeep]\n|upkeep\n|\n|t:|1701128437\n|switch|p1a: Arceus|Arceus|100\/100\n|turn|23\n|\n|t:|1701128444\n|move|p1a: Arceus|Extreme Speed|p2a: Sneasler\n|-damage|p2a: Sneasler|0 fnt\n|faint|p2a: Sneasler\n|\n|-weather|none\n|upkeep\n|-message|123456789ah forfeited.\n|\n|win|Marioipod\n|raw|Marioipod's rating: 1208 &rarr; <strong>1238<\/strong><br \/>(+30 for winning)\n|raw|123456789ah's rating: 1273 &rarr; <strong>1243<\/strong><br \/>(-30 for losing)\n|l|\u2606123456789ah\n","uploadtime":1701128459,"views":1,"p1id":"marioipod","p2id":"123456789ah","formatid":"gen9nationaldexubers","rating":1238,"private":0,"password":""}