{"id":"gen9nationaldexubers-1988489728","p1":"ResearcherShrapnel","p2":"Aymanmc","format":"[Gen 9] National Dex Ubers","log":"|j|\u203dResearcherShrapnel\n|j|\u2606Aymanmc\n|t:|1699728469\n|gametype|singles\n|player|p1|ResearcherShrapnel|allister|1345\n|player|p2|Aymanmc|170|1442\n|teamsize|p1|6\n|teamsize|p2|6\n|gen|9\n|tier|[Gen 9] National Dex Ubers\n|rated|\n|rule|HP Percentage Mod: HP is shown in percentages\n|rule|Endless Battle Clause: Forcing endless battles is banned\n|rule|OHKO Clause: OHKO moves are banned\n|rule|Evasion Moves Clause: Evasion moves are banned\n|rule|Evasion Items Clause: Evasion items are banned\n|rule|Species Clause: Limit one of each Pok\u00e9mon\n|rule|Sleep Clause Mod: Limit one foe put to sleep\n|rule|Mega Rayquaza Clause: You cannot mega evolve Rayquaza\n|clearpoke\n|poke|p1|Ho-Oh|\n|poke|p1|Zygarde|\n|poke|p1|Marshadow|\n|poke|p1|Groudon|\n|poke|p1|Porygon-Z|\n|poke|p1|Xerneas-*|\n|poke|p2|Dracovish|\n|poke|p2|Zacian-*|\n|poke|p2|Groudon|\n|poke|p2|Xerneas-*|\n|poke|p2|Mewtwo|\n|poke|p2|Deoxys-Speed|\n|teampreview\n|inactive|Battle timer is ON: inactive players will automatically lose when time's up. (requested by ResearcherShrapnel)\n|\n|t:|1699728489\n|start\n|switch|p1a: Porygon-Z|Porygon-Z|100\/100\n|switch|p2a: Deoxys|Deoxys-Speed|100\/100\n|-ability|p2a: Deoxys|Pressure\n|turn|1\n|\n|t:|1699728495\n|move|p2a: Deoxys|Taunt|p1a: Porygon-Z\n|-start|p1a: Porygon-Z|move: Taunt\n|-zpower|p1a: Porygon-Z\n|move|p1a: Porygon-Z|Z-Conversion|p1a: Porygon-Z|[anim]Conversion\n|-boost|p1a: Porygon-Z|atk|1|[zeffect]\n|-boost|p1a: Porygon-Z|def|1|[zeffect]\n|-boost|p1a: Porygon-Z|spa|1|[zeffect]\n|-boost|p1a: Porygon-Z|spd|1|[zeffect]\n|-boost|p1a: Porygon-Z|spe|1|[zeffect]\n|-start|p1a: Porygon-Z|typechange|Ghost\n|\n|upkeep\n|turn|2\n|\n|t:|1699728505\n|move|p2a: Deoxys|Spikes|p1a: Porygon-Z\n|-sidestart|p1: ResearcherShrapnel|Spikes\n|move|p1a: Porygon-Z|Shadow Ball|p2a: Deoxys\n|-supereffective|p2a: Deoxys\n|-crit|p2a: Deoxys\n|-enditem|p2a: Deoxys|Focus Sash\n|-damage|p2a: Deoxys|1\/100\n|\n|upkeep\n|turn|3\n|\n|t:|1699728512\n|move|p2a: Deoxys|Stealth Rock|p1a: Porygon-Z\n|-sidestart|p1: ResearcherShrapnel|move: Stealth Rock\n|move|p1a: Porygon-Z|Shadow Ball|p2a: Deoxys\n|-supereffective|p2a: Deoxys\n|-damage|p2a: Deoxys|0 fnt\n|faint|p2a: Deoxys\n|\n|-end|p1a: Porygon-Z|move: Taunt\n|upkeep\n|\n|t:|1699728520\n|switch|p2a: Groudon|Groudon|100\/100\n|detailschange|p2a: Groudon|Groudon-Primal\n|-primal|p2a: Groudon|Red Orb\n|-weather|DesolateLand|[from] ability: Desolate Land|[of] p2a: Groudon\n|turn|4\n|\n|t:|1699728527\n|move|p1a: Porygon-Z|Shadow Ball|p2a: Groudon\n|-damage|p2a: Groudon|6\/100\n|move|p2a: Groudon|Precipice Blades|p1a: Porygon-Z\n|-damage|p1a: Porygon-Z|29\/100\n|\n|-weather|DesolateLand|[upkeep]\n|upkeep\n|turn|5\n|\n|t:|1699728533\n|move|p1a: Porygon-Z|Ice Beam|p2a: Groudon\n|-damage|p2a: Groudon|0 fnt\n|faint|p2a: Groudon\n|-weather|none\n|\n|upkeep\n|\n|t:|1699728538\n|switch|p2a: Zacian|Zacian-Crowned|100\/100\n|-ability|p2a: Zacian|Intrepid Sword|boost\n|-boost|p2a: Zacian|atk|1\n|turn|6\n|\n|t:|1699728543\n|move|p1a: Porygon-Z|Shadow Ball|p2a: Zacian\n|-damage|p2a: Zacian|15\/100\n|-unboost|p2a: Zacian|spd|1\n|move|p2a: Zacian|Behemoth Blade|p1a: Porygon-Z\n|-damage|p1a: Porygon-Z|0 fnt\n|faint|p1a: Porygon-Z\n|\n|upkeep\n|\n|t:|1699728549\n|switch|p1a: Ho-Oh|Ho-Oh|100\/100\n|turn|7\n|\n|t:|1699728553\n|move|p2a: Zacian|Wild Charge|p1a: Ho-Oh\n|-supereffective|p1a: Ho-Oh\n|-damage|p1a: Ho-Oh|10\/100\n|-damage|p2a: Zacian|0 fnt|[from] Recoil\n|faint|p2a: Zacian\n|move|p1a: Ho-Oh|Defog|p2: Zacian|[notarget]\n|-fail|p1a: Ho-Oh\n|\n|upkeep\n|\n|t:|1699728560\n|switch|p2a: Mewtwo|Mewtwo|100\/100\n|-ability|p2a: Mewtwo|Pressure\n|turn|8\n|\n|t:|1699728565\n|detailschange|p2a: Mewtwo|Mewtwo-Mega-Y\n|-mega|p2a: Mewtwo|Mewtwo|Mewtwonite Y\n|move|p2a: Mewtwo|Psystrike|p1a: Ho-Oh\n|-damage|p1a: Ho-Oh|0 fnt\n|faint|p1a: Ho-Oh\n|\n|upkeep\n|\n|t:|1699728570\n|switch|p1a: Marshadow|Marshadow|100\/100\n|-damage|p1a: Marshadow|88\/100|[from] Spikes\n|-damage|p1a: Marshadow|82\/100|[from] Stealth Rock\n|turn|9\n|\n|t:|1699728576\n|-terastallize|p1a: Marshadow|Ghost\n|move|p1a: Marshadow|Shadow Sneak|p2a: Mewtwo\n|-supereffective|p2a: Mewtwo\n|-damage|p2a: Mewtwo|0 fnt\n|faint|p2a: Mewtwo\n|\n|upkeep\n|\n|t:|1699728582\n|switch|p2a: Dracovish|Dracovish|100\/100\n|turn|10\n|\n|t:|1699728586\n|-terastallize|p2a: Dracovish|Water\n|move|p1a: Marshadow|Shadow Sneak|p2a: Dracovish\n|-damage|p2a: Dracovish|46\/100\n|move|p2a: Dracovish|Fishious Rend|p1a: Marshadow\n|-damage|p1a: Marshadow|0 fnt\n|faint|p1a: Marshadow\n|\n|upkeep\n|\n|t:|1699728593\n|switch|p1a: Zygarde|Zygarde, shiny|100\/100\n|-damage|p1a: Zygarde|88\/100|[from] Spikes\n|-damage|p1a: Zygarde|82\/100|[from] Stealth Rock\n|turn|11\n|\n|t:|1699728598\n|move|p1a: Zygarde|Extreme Speed|p2a: Dracovish\n|-damage|p2a: Dracovish|27\/100\n|move|p2a: Dracovish|Fishious Rend|p1a: Zygarde\n|-damage|p1a: Zygarde|43\/100\n|\n|-activate|p1a: Zygarde|ability: Power Construct\n|detailschange|p1a: Zygarde|Zygarde-Complete, shiny\n|-heal|p1a: Zygarde|62\/100|[silent]\n|upkeep\n|turn|12\n|\n|t:|1699728607\n|move|p1a: Zygarde|Extreme Speed|p2a: Dracovish\n|-damage|p2a: Dracovish|5\/100\n|move|p2a: Dracovish|Fishious Rend|p1a: Zygarde\n|-damage|p1a: Zygarde|34\/100\n|\n|upkeep\n|turn|13\n|\n|t:|1699728612\n|move|p1a: Zygarde|Extreme Speed|p2a: Dracovish\n|-damage|p2a: Dracovish|0 fnt\n|faint|p2a: Dracovish\n|\n|upkeep\n|\n|t:|1699728616\n|switch|p2a: Xerneas|Xerneas|100\/100\n|-ability|p2a: Xerneas|Fairy Aura\n|turn|14\n|\n|t:|1699728620\n|move|p2a: Xerneas|Geomancy||[still]\n|-prepare|p2a: Xerneas|Geomancy\n|-enditem|p2a: Xerneas|Power Herb\n|-anim|p2a: Xerneas|Geomancy|p2a: Xerneas\n|-boost|p2a: Xerneas|spa|2\n|-boost|p2a: Xerneas|spd|2\n|-boost|p2a: Xerneas|spe|2\n|move|p1a: Zygarde|Thousand Arrows|p2a: Xerneas\n|-damage|p2a: Xerneas|74\/100\n|\n|upkeep\n|turn|15\n|\n|t:|1699728629\n|move|p2a: Xerneas|Substitute|p2a: Xerneas\n|-start|p2a: Xerneas|Substitute\n|-damage|p2a: Xerneas|49\/100\n|move|p1a: Zygarde|Rest|p1a: Zygarde\n|-status|p1a: Zygarde|slp|[from] move: Rest\n|-heal|p1a: Zygarde|100\/100 slp|[silent]\n|-enditem|p1a: Zygarde|Chesto Berry|[eat]\n|-curestatus|p1a: Zygarde|slp|[msg]\n|\n|upkeep\n|turn|16\n|\n|t:|1699728637\n|move|p1a: Zygarde|Extreme Speed|p2a: Xerneas\n|-activate|p2a: Xerneas|move: Substitute|[damage]\n|move|p2a: Xerneas|Moonblast|p1a: Zygarde\n|-supereffective|p1a: Zygarde\n|-damage|p1a: Zygarde|0 fnt\n|faint|p1a: Zygarde\n|\n|upkeep\n|\n|t:|1699728640\n|switch|p1a: Groudon|Groudon, shiny|100\/100\n|-damage|p1a: Groudon|88\/100|[from] Spikes\n|-damage|p1a: Groudon|82\/100|[from] Stealth Rock\n|detailschange|p1a: Groudon|Groudon-Primal, shiny\n|-primal|p1a: Groudon|Red Orb\n|-weather|DesolateLand|[from] ability: Desolate Land|[of] p1a: Groudon\n|turn|17\n|\n|t:|1699728651\n|move|p2a: Xerneas|Moonblast|p1a: Groudon\n|-resisted|p1a: Groudon\n|-damage|p1a: Groudon|18\/100\n|-unboost|p1a: Groudon|spa|1\n|move|p1a: Groudon|Heat Crash|p2a: Xerneas\n|-end|p2a: Xerneas|Substitute\n|\n|-weather|DesolateLand|[upkeep]\n|upkeep\n|turn|18\n|\n|t:|1699728658\n|move|p2a: Xerneas|Substitute|p2a: Xerneas\n|-start|p2a: Xerneas|Substitute\n|-damage|p2a: Xerneas|24\/100\n|move|p1a: Groudon|Heat Crash|p2a: Xerneas\n|-crit|p2a: Xerneas\n|-end|p2a: Xerneas|Substitute\n|\n|-weather|DesolateLand|[upkeep]\n|upkeep\n|turn|19\n|\n|t:|1699728664\n|move|p2a: Xerneas|Moonblast|p1a: Groudon\n|-resisted|p1a: Groudon\n|-damage|p1a: Groudon|0 fnt\n|faint|p1a: Groudon\n|-weather|none\n|\n|upkeep\n|\n|t:|1699728667\n|switch|p1a: Xerneas|Xerneas|100\/100\n|-damage|p1a: Xerneas|88\/100|[from] Spikes\n|-damage|p1a: Xerneas|76\/100|[from] Stealth Rock\n|-ability|p1a: Xerneas|Fairy Aura\n|turn|20\n|c|\u2606Aymanmc|!weak Xerneas\n|c| Aymanmc|\/raw <div class=\"infobox\">Xerneas (ignoring abilities):<br \/><span class=\"message-effect-weak\">Weaknesses<\/span>: Poison, Steel<br \/><span class=\"message-effect-resist\">Resistances<\/span>: Bug, Dark, Fighting<br \/><span class=\"message-effect-immune\">Immunities<\/span>: Dragon<\/div>\n|\n|t:|1699728682\n|move|p2a: Xerneas|Thunder|p1a: Xerneas\n|-damage|p1a: Xerneas|5\/100\n|move|p1a: Xerneas|Moonblast|p2a: Xerneas\n|-damage|p2a: Xerneas|0 fnt\n|faint|p2a: Xerneas\n|\n|win|ResearcherShrapnel\n|raw|ResearcherShrapnel's rating: 1345 &rarr; <strong>1370<\/strong><br \/>(+25 for winning)\n|raw|Aymanmc's rating: 1442 &rarr; <strong>1417<\/strong><br \/>(-25 for losing)\n|l|\u2606Aymanmc\n","uploadtime":1699728700,"views":6,"p1id":"researchershrapnel","p2id":"aymanmc","formatid":"gen9nationaldexubers","rating":1370,"private":0,"password":""}