{"id":"gen9nationaldexubers-1996356650","p1":"Masked Fish","p2":"JustMonika_CARR","format":"[Gen 9] National Dex Ubers","log":"|j|\u2606Masked Fish\n|j|\u2606JustMonika_CARR\n|t:|1700674278\n|gametype|singles\n|player|p1|Masked Fish|n|1163\n|player|p2|JustMonika_CARR|rosa|1254\n|teamsize|p1|6\n|teamsize|p2|6\n|gen|9\n|tier|[Gen 9] National Dex Ubers\n|rated|\n|rule|HP Percentage Mod: HP is shown in percentages\n|rule|Endless Battle Clause: Forcing endless battles is banned\n|rule|OHKO Clause: OHKO moves are banned\n|rule|Evasion Moves Clause: Evasion moves are banned\n|rule|Evasion Items Clause: Evasion items are banned\n|rule|Species Clause: Limit one of each Pok\u00e9mon\n|rule|Sleep Clause Mod: Limit one foe put to sleep\n|rule|Mega Rayquaza Clause: You cannot mega evolve Rayquaza\n|clearpoke\n|poke|p1|Beedrill, M|\n|poke|p1|Volcarona, M|\n|poke|p1|Kleavor, F|\n|poke|p1|Ribombee, M|\n|poke|p1|Durant, M|\n|poke|p1|Dugtrio, M|\n|poke|p2|Marshadow|\n|poke|p2|Lopunny, F|\n|poke|p2|Eternatus|\n|poke|p2|Forretress, F|\n|poke|p2|Pheromosa|\n|poke|p2|Grimmsnarl, M|\n|teampreview\n|\n|t:|1700674284\n|start\n|switch|p1a: Durant|Durant, M|100\/100\n|switch|p2a: Forretress|Forretress, F, shiny|100\/100\n|turn|1\n|\n|t:|1700674293\n|move|p1a: Durant|Entrainment|p2a: Forretress\n|-endability|p2a: Forretress|Sturdy|[from] move: Entrainment\n|-ability|p2a: Forretress|Truant|[from] move: Entrainment\n|move|p2a: Forretress|Stealth Rock|p1a: Durant\n|-sidestart|p1: Masked Fish|move: Stealth Rock\n|\n|upkeep\n|turn|2\n|c|\u2606JustMonika_CARR|Welp\n|c|\u2606JustMonika_CARR|Shall we, then?\n|c|\u2606Masked Fish|no\n|\n|t:|1700674319\n|cant|p1a: Durant|ability: Truant\n|cant|p2a: Forretress|ability: Truant\n|\n|upkeep\n|turn|3\n|\n|t:|1700674324\n|move|p1a: Durant|Thunder Wave|p2a: Forretress\n|-status|p2a: Forretress|par\n|move|p2a: Forretress|Toxic Spikes|p1a: Durant\n|-sidestart|p1: Masked Fish|move: Toxic Spikes\n|\n|upkeep\n|turn|4\n|\n|t:|1700674343\n|switch|p1a: Volcarona|Volcarona, M|100\/100\n|-damage|p1a: Volcarona|51\/100|[from] Stealth Rock\n|-status|p1a: Volcarona|psn\n|cant|p2a: Forretress|ability: Truant\n|\n|-heal|p1a: Volcarona|57\/100 psn|[from] item: Leftovers\n|-damage|p1a: Volcarona|45\/100 psn|[from] psn\n|upkeep\n|turn|5\n|\n|t:|1700674354\n|move|p1a: Volcarona|Quiver Dance|p1a: Volcarona\n|-boost|p1a: Volcarona|spa|1\n|-boost|p1a: Volcarona|spd|1\n|-boost|p1a: Volcarona|spe|1\n|move|p2a: Forretress|Toxic Spikes|p1a: Volcarona\n|-sidestart|p1: Masked Fish|move: Toxic Spikes\n|\n|-heal|p1a: Volcarona|51\/100 psn|[from] item: Leftovers\n|-damage|p1a: Volcarona|38\/100 psn|[from] psn\n|upkeep\n|turn|6\n|\n|t:|1700674361\n|move|p1a: Volcarona|Quiver Dance|p1a: Volcarona\n|-boost|p1a: Volcarona|spa|1\n|-boost|p1a: Volcarona|spd|1\n|-boost|p1a: Volcarona|spe|1\n|cant|p2a: Forretress|ability: Truant\n|\n|-heal|p1a: Volcarona|45\/100 psn|[from] item: Leftovers\n|-damage|p1a: Volcarona|32\/100 psn|[from] psn\n|upkeep\n|turn|7\n|\n|t:|1700674373\n|move|p1a: Volcarona|Fiery Dance|p2a: Forretress\n|-supereffective|p2a: Forretress\n|-damage|p2a: Forretress|0 fnt\n|faint|p2a: Forretress\n|\n|-heal|p1a: Volcarona|38\/100 psn|[from] item: Leftovers\n|-damage|p1a: Volcarona|26\/100 psn|[from] psn\n|upkeep\n|c|\u2606JustMonika_CARR|?\n|c|\u2606JustMonika_CARR|Uh\n|c|\u2606Masked Fish|?\n|c|\u2606JustMonika_CARR|Is there an item that makes red card not activate?\n|c|\u2606Masked Fish|no?\n|c|\u2606JustMonika_CARR|Huh\n|c|\u2606Masked Fish|i don't think so\n|c|\u2606JustMonika_CARR|Then why didn't it activate?\n|c|\u2606Masked Fish|idk?\n|c|\u2606JustMonika_CARR|Tf\n|c|\u2606Masked Fish|lmao\n|c|\u2606JustMonika_CARR|Let's report this lol\n|c|\u2606Masked Fish|i mean sure\n|c|\u2606JustMonika_CARR|Well, let's continue the battle\n|\n|t:|1700674473\n|switch|p2a: Lopunny|Lopunny, F, shiny|100\/100\n|turn|8\n|c|\u2606Masked Fish|thats pretty funny\n|\n|t:|1700674480\n|detailschange|p2a: Lopunny|Lopunny-Mega, F, shiny\n|-mega|p2a: Lopunny|Lopunny|Lopunnite\n|move|p2a: Lopunny|Fake Out|p1a: Volcarona\n|-damage|p1a: Volcarona|0 fnt\n|faint|p1a: Volcarona\n|\n|upkeep\n|c|\u2606JustMonika_CARR|Ikr\n|\n|t:|1700674485\n|switch|p1a: Durant|Durant, M|100\/100\n|-damage|p1a: Durant|88\/100|[from] Stealth Rock\n|turn|9\n|\n|t:|1700674491\n|move|p2a: Lopunny|Power-Up Punch|p1a: Durant\n|-damage|p1a: Durant|68\/100\n|-boost|p2a: Lopunny|atk|1\n|move|p1a: Durant|Entrainment|p2a: Lopunny\n|-endability|p2a: Lopunny|Scrappy|[from] move: Entrainment\n|-ability|p2a: Lopunny|Truant|[from] move: Entrainment\n|\n|upkeep\n|turn|10\n|\n|t:|1700674499\n|switch|p2a: Pheromosa|Pheromosa, shiny|100\/100\n|cant|p1a: Durant|ability: Truant\n|\n|upkeep\n|turn|11\n|\n|t:|1700674506\n|switch|p2a: Grimmsnarl|Grimmsnarl, M, shiny|100\/100\n|move|p1a: Durant|Thunder Wave|p2a: Grimmsnarl\n|-status|p2a: Grimmsnarl|par\n|\n|upkeep\n|turn|12\n|\n|t:|1700674513\n|switch|p1a: Dugtrio|Dugtrio, M|100\/100\n|-damage|p1a: Dugtrio|94\/100|[from] Stealth Rock\n|-status|p1a: Dugtrio|tox\n|move|p2a: Grimmsnarl|Taunt|p1a: Dugtrio\n|-start|p1a: Dugtrio|move: Taunt\n|\n|-heal|p1a: Dugtrio|100\/100 tox|[from] item: Leftovers\n|-damage|p1a: Dugtrio|94\/100 tox|[from] psn\n|upkeep\n|turn|13\n|\n|t:|1700674532\n|move|p2a: Grimmsnarl|Light Screen|p2a: Grimmsnarl\n|-sidestart|p2: JustMonika_CARR|move: Light Screen\n|move|p1a: Dugtrio|Earthquake|p2a: Grimmsnarl\n|-crit|p2a: Grimmsnarl\n|-damage|p2a: Grimmsnarl|35\/100 par\n|\n|-heal|p1a: Dugtrio|100\/100 tox|[from] item: Leftovers\n|-heal|p2a: Grimmsnarl|41\/100 par|[from] item: Leftovers\n|-damage|p1a: Dugtrio|88\/100 tox|[from] psn\n|upkeep\n|turn|14\n|\n|t:|1700674540\n|move|p1a: Dugtrio|Earthquake|p2a: Grimmsnarl\n|-damage|p2a: Grimmsnarl|0 fnt\n|faint|p2a: Grimmsnarl\n|\n|-heal|p1a: Dugtrio|94\/100 tox|[from] item: Leftovers\n|-damage|p1a: Dugtrio|76\/100 tox|[from] psn\n|-end|p1a: Dugtrio|move: Taunt\n|upkeep\n|\n|t:|1700674551\n|switch|p2a: Lopunny|Lopunny-Mega, F, shiny|100\/100\n|turn|15\n|\n|t:|1700674562\n|move|p2a: Lopunny|Fake Out|p1a: Dugtrio\n|-damage|p1a: Dugtrio|10\/100 tox\n|cant|p1a: Dugtrio|flinch\n|\n|-heal|p1a: Dugtrio|17\/100 tox|[from] item: Leftovers\n|-damage|p1a: Dugtrio|0 fnt|[from] psn\n|faint|p1a: Dugtrio\n|upkeep\n|\n|t:|1700674569\n|switch|p1a: Kleavor|Kleavor, F|100\/100\n|-damage|p1a: Kleavor|76\/100|[from] Stealth Rock\n|-status|p1a: Kleavor|tox\n|turn|16\n|c|\u2606Masked Fish|yea im probs gonna lose this\n|c|\u2606JustMonika_CARR|Nah\n|\n|t:|1700674597\n|-terastallize|p1a: Kleavor|Bug\n|move|p2a: Lopunny|Drain Punch|p1a: Kleavor\n|-resisted|p1a: Kleavor\n|-damage|p1a: Kleavor|52\/100 tox\n|move|p1a: Kleavor|Psycho Cut|p2a: Lopunny\n|-supereffective|p2a: Lopunny\n|-damage|p2a: Lopunny|0 fnt\n|faint|p2a: Lopunny\n|\n|-damage|p1a: Kleavor|46\/100 tox|[from] psn\n|upkeep\n|c|\u2606JustMonika_CARR|see?\n|c|\u2606Masked Fish|i guess\n|\n|t:|1700674617\n|switch|p2a: Pheromosa|Pheromosa, shiny|100\/100\n|turn|17\n|\n|t:|1700674625\n|move|p2a: Pheromosa|Ice Beam|p1a: Kleavor\n|-damage|p1a: Kleavor|0 fnt\n|faint|p1a: Kleavor\n|-ability|p2a: Pheromosa|Beast Boost|boost\n|-boost|p2a: Pheromosa|spa|1\n|\n|-sideend|p2: JustMonika_CARR|move: Light Screen\n|upkeep\n|\n|t:|1700674635\n|switch|p1a: Durant|Durant, M|68\/100\n|-damage|p1a: Durant|56\/100|[from] Stealth Rock\n|turn|18\n|\n|t:|1700674647\n|move|p2a: Pheromosa|Ice Beam|p1a: Durant\n|-resisted|p1a: Durant\n|-damage|p1a: Durant|0 fnt\n|faint|p1a: Durant\n|-ability|p2a: Pheromosa|Beast Boost|boost\n|-boost|p2a: Pheromosa|spa|1\n|\n|upkeep\n|\n|t:|1700674653\n|switch|p1a: Beedrill|Beedrill, M|100\/100\n|-damage|p1a: Beedrill|75\/100|[from] Stealth Rock\n|-sideend|p1: Masked Fish|move: Toxic Spikes|[of] p1a: Beedrill\n|turn|19\n|c|\u2606JustMonika_CARR|Huh\n|c|\u2606JustMonika_CARR|Maybe you will\n|c|\u2606Masked Fish|?\n|\n|t:|1700674696\n|detailschange|p1a: Beedrill|Beedrill-Mega, M\n|-mega|p1a: Beedrill|Beedrill|Beedrillite\n|move|p2a: Pheromosa|Rapid Spin|p1a: Beedrill\n|-damage|p1a: Beedrill|35\/100\n|-boost|p2a: Pheromosa|spe|1\n|move|p1a: Beedrill|Poison Jab|p2a: Pheromosa\n|-enditem|p2a: Pheromosa|Focus Sash\n|-damage|p2a: Pheromosa|1\/100\n|-status|p2a: Pheromosa|psn\n|\n|-damage|p2a: Pheromosa|0 fnt|[from] psn\n|faint|p2a: Pheromosa\n|upkeep\n|c|\u2606JustMonika_CARR|Oh, lucky\n|c|\u2606JustMonika_CARR|nice one\n|c|\u2606Masked Fish|thx m8\n|\n|t:|1700674719\n|switch|p2a: Eternatus|Eternatus|100\/100\n|-ability|p2a: Eternatus|Pressure\n|turn|20\n|\n|t:|1700674726\n|-terastallize|p2a: Eternatus|Ground\n|move|p2a: Eternatus|Tera Blast|p1a: Beedrill|[anim] Tera Blast Ground\n|-damage|p1a: Beedrill|0 fnt\n|faint|p1a: Beedrill\n|\n|upkeep\n|\n|t:|1700674731\n|switch|p1a: Ribombee|Ribombee, M|100\/100\n|-damage|p1a: Ribombee|76\/100|[from] Stealth Rock\n|turn|21\n|\n|t:|1700674744\n|move|p2a: Eternatus|Tera Blast|p1a: Ribombee|[anim] Tera Blast Ground\n|-resisted|p1a: Ribombee\n|-damage|p1a: Ribombee|36\/100\n|move|p1a: Ribombee|Quiver Dance|p1a: Ribombee\n|-boost|p1a: Ribombee|spa|1\n|-boost|p1a: Ribombee|spd|1\n|-boost|p1a: Ribombee|spe|1\n|\n|upkeep\n|turn|22\n|\n|t:|1700674758\n|move|p2a: Eternatus|Tera Blast|p1a: Ribombee|[anim] Tera Blast Ground\n|-resisted|p1a: Ribombee\n|-damage|p1a: Ribombee|9\/100\n|move|p1a: Ribombee|Dazzling Gleam|p2a: Eternatus\n|-damage|p2a: Eternatus|57\/100\n|\n|upkeep\n|turn|23\n|c|\u2606JustMonika_CARR|gg\n|\n|t:|1700674766\n|move|p2a: Eternatus|Tera Blast|p1a: Ribombee|[anim] Tera Blast Ground\n|-resisted|p1a: Ribombee\n|-damage|p1a: Ribombee|0 fnt\n|faint|p1a: Ribombee\n|\n|win|JustMonika_CARR\n|raw|Masked Fish's rating: 1163 &rarr; <strong>1144<\/strong><br \/>(-19 for losing)\n|raw|JustMonika_CARR's rating: 1254 &rarr; <strong>1273<\/strong><br \/>(+19 for winning)\n|c|\u2606Masked Fish|ggs wp\n","uploadtime":1700674775,"views":1,"p1id":"maskedfish","p2id":"justmonikacarr","formatid":"gen9nationaldexubers","rating":1144,"private":0,"password":""}