{"id":"gen9nationaldexubers-1988650324","p1":"BugkeeperBimmy","p2":"kraibh","format":"[Gen 9] National Dex Ubers","log":"|j|\u2606BugkeeperBimmy\n|j|\u2606kraibh\n|t:|1699746257\n|gametype|singles\n|player|p1|BugkeeperBimmy|bugcatcher-gen4dp|\n|player|p2|kraibh|169|\n|teamsize|p1|6\n|teamsize|p2|6\n|gen|9\n|tier|[Gen 9] National Dex Ubers\n|rule|HP Percentage Mod: HP is shown in percentages\n|rule|Endless Battle Clause: Forcing endless battles is banned\n|rule|OHKO Clause: OHKO moves are banned\n|rule|Evasion Moves Clause: Evasion moves are banned\n|rule|Evasion Items Clause: Evasion items are banned\n|rule|Species Clause: Limit one of each Pok\u00e9mon\n|rule|Sleep Clause Mod: Limit one foe put to sleep\n|rule|Mega Rayquaza Clause: You cannot mega evolve Rayquaza\n|clearpoke\n|poke|p1|Raikou|\n|poke|p1|Kyurem|\n|poke|p1|Terrakion|\n|poke|p1|Landorus-Therian, M|\n|poke|p1|Oranguru, M|\n|poke|p1|Machamp, M|\n|poke|p2|Kyurem|\n|poke|p2|Landorus-Therian, M|\n|poke|p2|Terrakion|\n|poke|p2|Raikou|\n|poke|p2|Muk, F|\n|poke|p2|Gourgeist-*, F|\n|teampreview\n|inactive|Battle timer is ON: inactive players will automatically lose when time's up. (requested by BugkeeperBimmy)\n|c|\u2606BugkeeperBimmy|glhf\n|c|\u2606kraibh|u2\n|\n|t:|1699746272\n|start\n|switch|p1a: Milf Pounder|Terrakion|100\/100\n|switch|p2a: One Pump|Gourgeist-Small, F|100\/100\n|-item|p1a: Milf Pounder|Focus Sash|[from] ability: Frisk|[of] p2a: One Pump|[identify]\n|turn|1\n|\n|t:|1699746280\n|move|p2a: One Pump|Will-O-Wisp|p1a: Milf Pounder\n|-status|p1a: Milf Pounder|brn\n|move|p1a: Milf Pounder|Taunt|p2a: One Pump\n|-start|p2a: One Pump|move: Taunt\n|\n|-damage|p1a: Milf Pounder|94\/100 brn|[from] brn\n|upkeep\n|turn|2\n|\n|t:|1699746292\n|switch|p2a: Theramin|Landorus-Therian, M|100\/100\n|-ability|p2a: Theramin|Intimidate|boost\n|-unboost|p1a: Milf Pounder|atk|1\n|move|p1a: Milf Pounder|Stealth Rock|p2a: Theramin\n|-sidestart|p2: kraibh|move: Stealth Rock\n|\n|-damage|p1a: Milf Pounder|88\/100 brn|[from] brn\n|upkeep\n|turn|3\n|\n|t:|1699746299\n|move|p1a: Milf Pounder|Taunt|p2a: Theramin\n|-start|p2a: Theramin|move: Taunt\n|cant|p2a: Theramin|move: Taunt|Rock Polish\n|\n|-damage|p1a: Milf Pounder|82\/100 brn|[from] brn\n|upkeep\n|turn|4\n|\n|t:|1699746307\n|move|p1a: Milf Pounder|Stone Edge|p2a: Theramin\n|-damage|p2a: Theramin|84\/100\n|move|p2a: Theramin|Earthquake|p1a: Milf Pounder\n|-supereffective|p1a: Milf Pounder\n|-damage|p1a: Milf Pounder|0 fnt\n|faint|p1a: Milf Pounder\n|\n|-heal|p2a: Theramin|90\/100|[from] item: Leftovers\n|upkeep\n|\n|t:|1699746326\n|switch|p1a: Monke|Oranguru, M|100\/100\n|turn|5\n|\n|t:|1699746330\n|move|p2a: Theramin|Earthquake|p1a: Monke\n|-damage|p1a: Monke|64\/100\n|move|p1a: Monke|Reflect|p1a: Monke\n|-sidestart|p1: BugkeeperBimmy|Reflect\n|\n|-heal|p2a: Theramin|96\/100|[from] item: Leftovers\n|-end|p2a: Theramin|move: Taunt\n|upkeep\n|turn|6\n|\n|t:|1699746338\n|move|p2a: Theramin|Rock Polish|p2a: Theramin\n|-boost|p2a: Theramin|spe|2\n|move|p1a: Monke|Encore|p2a: Theramin\n|-start|p2a: Theramin|Encore\n|\n|-heal|p2a: Theramin|100\/100|[from] item: Leftovers\n|upkeep\n|turn|7\n|\n|t:|1699746344\n|switch|p1a: We're so bax|Kyurem|100\/100\n|-ability|p1a: We're so bax|Pressure\n|move|p2a: Theramin|Rock Polish|p2a: Theramin\n|-boost|p2a: Theramin|spe|2\n|\n|upkeep\n|turn|8\n|\n|t:|1699746367\n|switch|p2a: One Pump|Gourgeist-Small, F|100\/100\n|-damage|p2a: One Pump|88\/100|[from] Stealth Rock\n|-item|p1a: We're so bax|Loaded Dice|[from] ability: Frisk|[of] p2a: One Pump|[identify]\n|move|p1a: We're so bax|Dragon Dance|p1a: We're so bax\n|-boost|p1a: We're so bax|atk|1\n|-boost|p1a: We're so bax|spe|1\n|\n|upkeep\n|turn|9\n|\n|t:|1699746377\n|move|p2a: One Pump|Trick|p1a: We're so bax\n|-activate|p2a: One Pump|move: Trick|[of] p1a: We're so bax\n|-item|p1a: We're so bax|Choice Scarf|[from] move: Trick\n|-item|p2a: One Pump|Loaded Dice|[from] move: Trick\n|move|p1a: We're so bax|Icicle Spear|p2a: One Pump\n|-supereffective|p2a: One Pump\n|-damage|p2a: One Pump|54\/100\n|-supereffective|p2a: One Pump\n|-damage|p2a: One Pump|19\/100\n|-supereffective|p2a: One Pump\n|-damage|p2a: One Pump|0 fnt\n|faint|p2a: One Pump\n|-hitcount|p2: One Pump|3\n|\n|upkeep\n|inactive|kraibh has 270 seconds left.\n|\n|t:|1699746403\n|switch|p2a: Ars Solum|Terrakion|100\/100\n|-damage|p2a: Ars Solum|94\/100|[from] Stealth Rock\n|turn|10\n|\n|t:|1699746409\n|move|p1a: We're so bax|Icicle Spear|p2a: Ars Solum\n|-damage|p2a: Ars Solum|73\/100\n|-crit|p2a: Ars Solum\n|-damage|p2a: Ars Solum|38\/100\n|-damage|p2a: Ars Solum|13\/100\n|-hitcount|p2a: Ars Solum|3\n|move|p2a: Ars Solum|Rock Polish|p2a: Ars Solum\n|-boost|p2a: Ars Solum|spe|2\n|\n|upkeep\n|turn|11\n|\n|t:|1699746416\n|move|p1a: We're so bax|Icicle Spear|p2a: Ars Solum\n|-damage|p2a: Ars Solum|0 fnt\n|faint|p2a: Ars Solum\n|-hitcount|p2: Ars Solum|1\n|\n|upkeep\n|\n|t:|1699746421\n|switch|p2a: Kum backwards|Muk, F|100\/100\n|-damage|p2a: Kum backwards|88\/100|[from] Stealth Rock\n|turn|12\n|\n|t:|1699746425\n|move|p1a: We're so bax|Icicle Spear|p2a: Kum backwards\n|-damage|p2a: Kum backwards|75\/100\n|-damage|p2a: Kum backwards|62\/100\n|-hitcount|p2a: Kum backwards|2\n|move|p2a: Kum backwards|Knock Off|p1a: We're so bax\n|-damage|p1a: We're so bax|90\/100\n|-status|p1a: We're so bax|psn|[from] ability: Poison Touch|[of] p2a: Kum backwards\n|-enditem|p1a: We're so bax|Choice Scarf|[from] move: Knock Off|[of] p2a: Kum backwards\n|\n|-damage|p1a: We're so bax|77\/100 psn|[from] psn\n|-sideend|p1: BugkeeperBimmy|Reflect\n|upkeep\n|turn|13\n|\n|t:|1699746433\n|move|p1a: We're so bax|Dragon Dance|p1a: We're so bax\n|-boost|p1a: We're so bax|atk|1\n|-boost|p1a: We're so bax|spe|1\n|move|p2a: Kum backwards|Drain Punch|p1a: We're so bax\n|-supereffective|p1a: We're so bax\n|-damage|p1a: We're so bax|43\/100 psn\n|-heal|p2a: Kum backwards|78\/100|[from] drain|[of] p1a: We're so bax\n|\n|-damage|p1a: We're so bax|31\/100 psn|[from] psn\n|upkeep\n|turn|14\n|\n|t:|1699746441\n|move|p1a: We're so bax|Outrage|p2a: Kum backwards\n|-damage|p2a: Kum backwards|0 fnt\n|faint|p2a: Kum backwards\n|\n|-damage|p1a: We're so bax|19\/100 psn|[from] psn\n|upkeep\n|\n|t:|1699746449\n|switch|p2a: Theramin|Landorus-Therian, M|100\/100\n|-damage|p2a: Theramin|88\/100|[from] Stealth Rock\n|-ability|p2a: Theramin|Intimidate|boost\n|-unboost|p1a: We're so bax|atk|1\n|turn|15\n|\n|t:|1699746455\n|move|p1a: We're so bax|Outrage|p2a: Theramin|[from]lockedmove\n|-damage|p2a: Theramin|0 fnt\n|faint|p2a: Theramin\n|-start|p1a: We're so bax|confusion|[fatigue]\n|\n|-damage|p1a: We're so bax|6\/100 psn|[from] psn\n|upkeep\n|\n|t:|1699746458\n|switch|p2a: Raik you|Raikou|100\/100\n|-damage|p2a: Raik you|88\/100|[from] Stealth Rock\n|-ability|p2a: Raik you|Pressure\n|-item|p2a: Raik you|Air Balloon\n|turn|16\n|\n|t:|1699746462\n|-activate|p1a: We're so bax|confusion\n|move|p1a: We're so bax|Outrage|p2a: Raik you\n|-crit|p2a: Raik you\n|-damage|p2a: Raik you|0 fnt\n|-enditem|p2a: Raik you|Air Balloon\n|faint|p2a: Raik you\n|\n|-damage|p1a: We're so bax|0 fnt|[from] psn\n|faint|p1a: We're so bax\n|upkeep\n|\n|t:|1699746468\n|switch|p2a: BOOOM|Kyurem|100\/100\n|switch|p1a: Hulk gif|Machamp, M, shiny|100\/100\n|-damage|p2a: BOOOM|75\/100|[from] Stealth Rock\n|-ability|p2a: BOOOM|Pressure\n|turn|17\n|\n|t:|1699746471\n|move|p2a: BOOOM|Zen Headbutt|p1a: Hulk gif\n|-supereffective|p1a: Hulk gif\n|-damage|p1a: Hulk gif|27\/100\n|move|p1a: Hulk gif|Dynamic Punch|p2a: BOOOM\n|-supereffective|p2a: BOOOM\n|-damage|p2a: BOOOM|0 fnt\n|faint|p2a: BOOOM\n|\n|win|BugkeeperBimmy\n|c|\u2606BugkeeperBimmy|gg\n|c|\u2606kraibh|ggs\n|l|\u2606BugkeeperBimmy\n|j|\u2606BugkeeperBimmy\n|player|p1|BugkeeperBimmy|bugcatcher-gen4dp\n","uploadtime":1699746518,"views":18,"p1id":"bugkeeperbimmy","p2id":"kraibh","formatid":"gen9nationaldexubers","rating":0,"private":0,"password":""}