{"id":"gen9nationaldexubers-1998681813","p1":"Factor64","p2":"Smackey_5","format":"[Gen 9] National Dex Ubers","log":"|j|\u2606Factor64\n|j|\u2606Smackey_5\n|t:|1700971817\n|gametype|singles\n|player|p1|Factor64|red-gen2|\n|player|p2|Smackey_5|silver|\n|teamsize|p1|6\n|teamsize|p2|6\n|gen|9\n|tier|[Gen 9] National Dex Ubers\n|rule|HP Percentage Mod: HP is shown in percentages\n|rule|Endless Battle Clause: Forcing endless battles is banned\n|rule|OHKO Clause: OHKO moves are banned\n|rule|Evasion Moves Clause: Evasion moves are banned\n|rule|Evasion Items Clause: Evasion items are banned\n|rule|Species Clause: Limit one of each Pok\u00e9mon\n|rule|Sleep Clause Mod: Limit one foe put to sleep\n|rule|Mega Rayquaza Clause: You cannot mega evolve Rayquaza\n|clearpoke\n|poke|p1|Ogerpon-Wellspring, F|\n|poke|p1|Tyranitar, M|\n|poke|p1|Florges-White, F|\n|poke|p1|Toxapex, F|\n|poke|p1|Rotom-Heat|\n|poke|p1|Excadrill, M|\n|poke|p2|Kingambit, M|\n|poke|p2|Charizard, M|\n|poke|p2|Cresselia, F|\n|poke|p2|Kommo-o, F|\n|poke|p2|Umbreon, F|\n|poke|p2|Rotom-Wash|\n|teampreview\n|j| Lunar Sloth\n|j| Demolution545\n|j| speedykidyo\n|l| Demolution545\n|c| speedykidyo|i had the gamne paused since like turn 48 what happened?\n|j| VoIteon\n|c|\u2606Smackey_5|hit the replay man\n|c| speedykidyo|oh true\n|c| speedykidyo|brb\n|c|\u2606Smackey_5|gotta wait on speedy\n|c|\u2606Smackey_5|always waiting on speedy\n|c|\u2606Factor64|always waiting on you man\n|c|\u2606Smackey_5|not true\n|c|\u2606Factor64|saturday? really\n|c|\u2606Smackey_5|don't even\n|c|\u2606Factor64|...\n|c|\u2606Smackey_5|red wannabe\n|c|\u2606Factor64|wah\n|c|\u2606Smackey_5|ready?\n|c|\u2606Factor64|yeah\n|inactive|Battle timer is ON: inactive players will automatically lose when time's up. (requested by Smackey_5)\n|\n|t:|1700972013\n|start\n|switch|p1a: Rotom|Rotom-Heat|100\/100\n|switch|p2a: Rotom|Rotom-Wash|100\/100\n|turn|1\n|\n|t:|1700972018\n|move|p1a: Rotom|Volt Switch|p2a: Rotom\n|-crit|p2a: Rotom\n|-damage|p2a: Rotom|58\/100\n|\n|t:|1700972023\n|switch|p1a: Ogerpon|Ogerpon-Wellspring, F|100\/100|[from] Volt Switch\n|move|p2a: Rotom|Hydro Pump|p1a: Ogerpon\n|-immune|p1a: Ogerpon|[from] ability: Water Absorb\n|\n|-heal|p2a: Rotom|64\/100|[from] item: Leftovers\n|upkeep\n|turn|2\n|c|\u2606Smackey_5|always with the crits\n|c|\u2606Factor64|yeah they matter\n|\n|t:|1700972033\n|switch|p2a: Umbreon|Umbreon, F|100\/100\n|move|p1a: Ogerpon|Encore||[still]\n|-fail|p1a: Ogerpon\n|\n|upkeep\n|turn|3\n|\n|t:|1700972039\n|switch|p1a: Florges|Florges-White, F, shiny|100\/100\n|move|p2a: Umbreon|Reflect|p2a: Umbreon\n|-sidestart|p2: Smackey_5|Reflect\n|\n|upkeep\n|turn|4\n|\n|t:|1700972060\n|switch|p2a: Cresselia|Cresselia, F|100\/100\n|move|p1a: Florges|Hidden Power|p2a: Cresselia\n|-damage|p2a: Cresselia|91\/100\n|\n|-heal|p2a: Cresselia|97\/100|[from] item: Leftovers\n|upkeep\n|turn|5\n|c| speedykidyo|oh yeah that was almost a huge throw\n|\n|t:|1700972070\n|move|p2a: Cresselia|Calm Mind|p2a: Cresselia\n|-boost|p2a: Cresselia|spa|1\n|-boost|p2a: Cresselia|spd|1\n|move|p1a: Florges|Calm Mind|p1a: Florges\n|-boost|p1a: Florges|spa|1\n|-boost|p1a: Florges|spd|1\n|\n|-heal|p2a: Cresselia|100\/100|[from] item: Leftovers\n|upkeep\n|turn|6\n|\n|t:|1700972078\n|move|p2a: Cresselia|Calm Mind|p2a: Cresselia\n|-boost|p2a: Cresselia|spa|1\n|-boost|p2a: Cresselia|spd|1\n|move|p1a: Florges|Calm Mind|p1a: Florges\n|-boost|p1a: Florges|spa|1\n|-boost|p1a: Florges|spd|1\n|\n|upkeep\n|turn|7\n|c| speedykidyo|just watched the replay\n|\n|t:|1700972085\n|move|p2a: Cresselia|Calm Mind|p2a: Cresselia\n|-boost|p2a: Cresselia|spa|1\n|-boost|p2a: Cresselia|spd|1\n|move|p1a: Florges|Calm Mind|p1a: Florges\n|-boost|p1a: Florges|spa|1\n|-boost|p1a: Florges|spd|1\n|\n|upkeep\n|turn|8\n|\n|t:|1700972091\n|move|p2a: Cresselia|Calm Mind|p2a: Cresselia\n|-boost|p2a: Cresselia|spa|1\n|-boost|p2a: Cresselia|spd|1\n|move|p1a: Florges|Calm Mind|p1a: Florges\n|-boost|p1a: Florges|spa|1\n|-boost|p1a: Florges|spd|1\n|\n|upkeep\n|turn|9\n|\n|t:|1700972100\n|move|p2a: Cresselia|Stored Power|p1a: Florges\n|-damage|p1a: Florges|68\/100\n|move|p1a: Florges|Calm Mind|p1a: Florges\n|-boost|p1a: Florges|spa|1\n|-boost|p1a: Florges|spd|1\n|\n|-heal|p1a: Florges|74\/100|[from] item: Leftovers\n|upkeep\n|turn|10\n|\n|t:|1700972107\n|move|p2a: Cresselia|Calm Mind|p2a: Cresselia\n|-boost|p2a: Cresselia|spa|1\n|-boost|p2a: Cresselia|spd|1\n|move|p1a: Florges|Moonblast|p2a: Cresselia\n|-damage|p2a: Cresselia|78\/100\n|\n|-heal|p2a: Cresselia|84\/100|[from] item: Leftovers\n|-heal|p1a: Florges|80\/100|[from] item: Leftovers\n|-sideend|p2: Smackey_5|Reflect\n|upkeep\n|turn|11\n|\n|t:|1700972118\n|move|p2a: Cresselia|Stored Power|p1a: Florges\n|-damage|p1a: Florges|43\/100\n|move|p1a: Florges|Calm Mind|p1a: Florges\n|-boost|p1a: Florges|spa|1\n|-boost|p1a: Florges|spd|1\n|\n|-heal|p2a: Cresselia|90\/100|[from] item: Leftovers\n|-heal|p1a: Florges|49\/100|[from] item: Leftovers\n|upkeep\n|turn|12\n|\n|t:|1700972129\n|switch|p1a: Ogerpon|Ogerpon-Wellspring, F|100\/100\n|move|p2a: Cresselia|Stored Power|p1a: Ogerpon\n|-damage|p1a: Ogerpon|0 fnt\n|faint|p1a: Ogerpon\n|\n|-heal|p2a: Cresselia|96\/100|[from] item: Leftovers\n|upkeep\n|\n|t:|1700972133\n|switch|p1a: Tyranitar|Tyranitar, M|100\/100\n|-weather|Sandstorm|[from] ability: Sand Stream|[of] p1a: Tyranitar\n|turn|13\n|c| VoIteon|i did that switch too ima be fr\n|\n|t:|1700972140\n|-terastallize|p2a: Cresselia|Fighting\n|move|p2a: Cresselia|Tera Blast|p1a: Tyranitar|[anim] Tera Blast Fighting\n|-supereffective|p1a: Tyranitar\n|-damage|p1a: Tyranitar|0 fnt\n|faint|p1a: Tyranitar\n|\n|-weather|Sandstorm|[upkeep]\n|-damage|p2a: Cresselia|90\/100|[from] Sandstorm\n|-heal|p2a: Cresselia|96\/100|[from] item: Leftovers\n|upkeep\n|c| Lunar Sloth|welp\n|\n|t:|1700972157\n|switch|p1a: Toxapex|Toxapex, F, shiny|100\/100\n|turn|14\n|c| VoIteon|welp\n|\n|t:|1700972160\n|-terastallize|p1a: Toxapex|Water\n|move|p2a: Cresselia|Stored Power|p1a: Toxapex\n|-damage|p1a: Toxapex|0 fnt\n|faint|p1a: Toxapex\n|\n|-weather|Sandstorm|[upkeep]\n|-damage|p2a: Cresselia|90\/100|[from] Sandstorm\n|-heal|p2a: Cresselia|96\/100|[from] item: Leftovers\n|upkeep\n|\n|t:|1700972164\n|switch|p1a: Rotom|Rotom-Heat|100\/100\n|turn|15\n|\n|t:|1700972171\n|move|p1a: Rotom|Overheat|p2a: Cresselia|[miss]\n|-miss|p1a: Rotom|p2a: Cresselia\n|move|p2a: Cresselia|Stored Power|p1a: Rotom\n|-damage|p1a: Rotom|0 fnt\n|faint|p1a: Rotom\n|\n|-weather|Sandstorm|[upkeep]\n|-damage|p2a: Cresselia|90\/100|[from] Sandstorm\n|-heal|p2a: Cresselia|96\/100|[from] item: Leftovers\n|upkeep\n|\n|t:|1700972174\n|switch|p1a: Florges|Florges-White, F, shiny|49\/100\n|turn|16\n|c| speedykidyo|noooooo\n|\n|t:|1700972182\n|move|p2a: Cresselia|Stored Power|p1a: Florges\n|-damage|p1a: Florges|0 fnt\n|faint|p1a: Florges\n|\n|-weather|Sandstorm|[upkeep]\n|-damage|p2a: Cresselia|90\/100|[from] Sandstorm\n|-heal|p2a: Cresselia|96\/100|[from] item: Leftovers\n|upkeep\n|\n|t:|1700972184\n|switch|p1a: Excadrill|Excadrill, M|100\/100\n|-ability|p1a: Excadrill|Mold Breaker\n|turn|17\n|c|\u2606Smackey_5|no fkn way\n|c| speedykidyo|very unfortunate miss\n|c|\u2606Factor64|awsome\n|j| Demolution545\n|c|\u2606Factor64|my cancel not going through cost me the game\n|\n|t:|1700972209\n|-zpower|p1a: Excadrill\n|move|p1a: Excadrill|Tectonic Rage|p2a: Cresselia|[zeffect]\n|-damage|p2a: Cresselia|43\/100\n|move|p2a: Cresselia|Tera Blast|p1a: Excadrill|[anim] Tera Blast Fighting\n|-supereffective|p1a: Excadrill\n|-damage|p1a: Excadrill|0 fnt\n|faint|p1a: Excadrill\n|\n|win|Smackey_5\n|c|\u2606Smackey_5|ggsman\n|c| speedykidyo|wow\n|c| Lunar Sloth|tera blast looked like focus blast and i thought it would miss\n","uploadtime":1700972239,"views":22,"p1id":"factor64","p2id":"smackey5","formatid":"gen9nationaldexubers","rating":0,"private":0,"password":""}