{"id":"gen9nationaldexubers-1994461046","p1":"EABL XD","p2":"Dragongemex","format":"[Gen 9] National Dex Ubers","log":"|j|\u2606EABL XD\n|j|\u2606Dragongemex\n|t:|1700446543\n|gametype|singles\n|player|p1|EABL XD|gambler|1301\n|player|p2|Dragongemex|alder|1406\n|teamsize|p1|6\n|teamsize|p2|6\n|gen|9\n|tier|[Gen 9] National Dex Ubers\n|rated|\n|rule|HP Percentage Mod: HP is shown in percentages\n|rule|Endless Battle Clause: Forcing endless battles is banned\n|rule|OHKO Clause: OHKO moves are banned\n|rule|Evasion Moves Clause: Evasion moves are banned\n|rule|Evasion Items Clause: Evasion items are banned\n|rule|Species Clause: Limit one of each Pok\u00e9mon\n|rule|Sleep Clause Mod: Limit one foe put to sleep\n|rule|Mega Rayquaza Clause: You cannot mega evolve Rayquaza\n|clearpoke\n|poke|p1|Ho-Oh|\n|poke|p1|Arceus-Ghost|\n|poke|p1|Mawile, F|\n|poke|p1|Galvantula, F|\n|poke|p1|Iron Treads|\n|poke|p1|Groudon|\n|poke|p2|Deoxys-Attack|\n|poke|p2|Groudon|\n|poke|p2|Yveltal|\n|poke|p2|Urshifu-*, M|\n|poke|p2|Eternatus|\n|poke|p2|Great Tusk|\n|teampreview\n|inactive|Battle timer is ON: inactive players will automatically lose when time's up. (requested by Dragongemex)\n|\n|t:|1700446551\n|start\n|switch|p1a: Tula|Galvantula, F|100\/100\n|switch|p2a: Great Tusk|Great Tusk|100\/100\n|-enditem|p2a: Great Tusk|Booster Energy\n|-activate|p2a: Great Tusk|ability: Protosynthesis|[fromitem]\n|-start|p2a: Great Tusk|protosynthesisspe\n|turn|1\n|\n|t:|1700446555\n|switch|p1a: Arceus|Arceus-Ghost|100\/100\n|move|p2a: Great Tusk|Bulk Up|p2a: Great Tusk\n|-boost|p2a: Great Tusk|atk|1\n|-boost|p2a: Great Tusk|def|1\n|\n|upkeep\n|turn|2\n|\n|t:|1700446560\n|-terastallize|p1a: Arceus|Ghost\n|move|p2a: Great Tusk|Knock Off|p1a: Arceus\n|-supereffective|p1a: Arceus\n|-damage|p1a: Arceus|66\/100\n|move|p1a: Arceus|Judgment|p2a: Great Tusk\n|-crit|p2a: Great Tusk\n|-damage|p2a: Great Tusk|0 fnt\n|faint|p2a: Great Tusk\n|-end|p2a: Great Tusk|Protosynthesis|[silent]\n|\n|upkeep\n|\n|t:|1700446569\n|switch|p2a: Yveltal|Yveltal|100\/100\n|-ability|p2a: Yveltal|Dark Aura\n|turn|3\n|\n|t:|1700446576\n|switch|p1a: Tula|Galvantula, F|100\/100\n|move|p2a: Yveltal|Dark Pulse|p1a: Tula\n|-enditem|p1a: Tula|Focus Sash\n|-damage|p1a: Tula|1\/100\n|\n|upkeep\n|turn|4\n|\n|t:|1700446579\n|move|p1a: Tula|Sticky Web|p2a: Yveltal\n|-sidestart|p2: Dragongemex|move: Sticky Web\n|move|p2a: Yveltal|U-turn|p1a: Tula\n|-damage|p1a: Tula|0 fnt\n|faint|p1a: Tula\n|\n|t:|1700446584\n|switch|p2a: Urshifu|Urshifu, M|100\/100|[from] U-turn\n|-activate|p2a: Urshifu|move: Sticky Web\n|-unboost|p2a: Urshifu|spe|1\n|\n|upkeep\n|\n|t:|1700446592\n|switch|p1a: Don|Groudon, shiny|100\/100\n|detailschange|p1a: Don|Groudon-Primal, shiny\n|-primal|p1a: Don|Red Orb\n|-weather|DesolateLand|[from] ability: Desolate Land|[of] p1a: Don\n|turn|5\n|\n|t:|1700446603\n|move|p1a: Don|Heat Crash|p2a: Urshifu\n|-damage|p2a: Urshifu|0 fnt\n|faint|p2a: Urshifu\n|\n|-weather|DesolateLand|[upkeep]\n|upkeep\n|\n|t:|1700446606\n|switch|p2a: Yveltal|Yveltal|100\/100\n|-ability|p2a: Yveltal|Dark Aura\n|turn|6\n|\n|t:|1700446609\n|move|p2a: Yveltal|Dark Pulse|p1a: Don\n|-damage|p1a: Don|27\/100\n|move|p1a: Don|Thunder Punch|p2a: Yveltal\n|-supereffective|p2a: Yveltal\n|-damage|p2a: Yveltal|28\/100\n|\n|-weather|DesolateLand|[upkeep]\n|upkeep\n|turn|7\n|\n|t:|1700446615\n|move|p2a: Yveltal|Dark Pulse|p1a: Don\n|-damage|p1a: Don|0 fnt\n|faint|p1a: Don\n|-weather|none\n|\n|upkeep\n|\n|t:|1700446619\n|switch|p1a: P\u00e1jaro Feo|Ho-Oh, shiny|100\/100\n|turn|8\n|\n|t:|1700446621\n|move|p2a: Yveltal|U-turn|p1a: P\u00e1jaro Feo\n|-resisted|p1a: P\u00e1jaro Feo\n|-damage|p1a: P\u00e1jaro Feo|95\/100\n|\n|t:|1700446623\n|switch|p2a: Groudon|Groudon|100\/100|[from] U-turn\n|-activate|p2a: Groudon|move: Sticky Web\n|-unboost|p2a: Groudon|spe|1\n|detailschange|p2a: Groudon|Groudon-Primal\n|-primal|p2a: Groudon|Red Orb\n|-weather|DesolateLand|[from] ability: Desolate Land|[of] p2a: Groudon\n|-zpower|p1a: P\u00e1jaro Feo\n|move|p1a: P\u00e1jaro Feo|Z-Celebrate|p1a: P\u00e1jaro Feo|[anim]Celebrate\n|-boost|p1a: P\u00e1jaro Feo|atk|1|[zeffect]\n|-boost|p1a: P\u00e1jaro Feo|def|1|[zeffect]\n|-boost|p1a: P\u00e1jaro Feo|spa|1|[zeffect]\n|-boost|p1a: P\u00e1jaro Feo|spd|1|[zeffect]\n|-boost|p1a: P\u00e1jaro Feo|spe|1|[zeffect]\n|-activate|p1a: P\u00e1jaro Feo|move: Celebrate\n|\n|-weather|DesolateLand|[upkeep]\n|upkeep\n|turn|9\n|\n|t:|1700446627\n|move|p1a: P\u00e1jaro Feo|Earthquake|p2a: Groudon\n|-supereffective|p2a: Groudon\n|-damage|p2a: Groudon|18\/100\n|move|p2a: Groudon|Stone Edge|p1a: P\u00e1jaro Feo\n|-supereffective|p1a: P\u00e1jaro Feo\n|-damage|p1a: P\u00e1jaro Feo|0 fnt\n|faint|p1a: P\u00e1jaro Feo\n|\n|-weather|DesolateLand|[upkeep]\n|upkeep\n|\n|t:|1700446641\n|switch|p1a: Iron Treads|Iron Treads|100\/100\n|-enditem|p1a: Iron Treads|Booster Energy\n|-activate|p1a: Iron Treads|ability: Quark Drive|[fromitem]\n|-start|p1a: Iron Treads|quarkdriveatk\n|turn|10\n|\n|t:|1700446643\n|move|p1a: Iron Treads|Rapid Spin|p2a: Groudon\n|-damage|p2a: Groudon|3\/100\n|-boost|p1a: Iron Treads|spe|1\n|move|p2a: Groudon|Precipice Blades|p1a: Iron Treads\n|-supereffective|p1a: Iron Treads\n|-damage|p1a: Iron Treads|0 fnt\n|faint|p1a: Iron Treads\n|-end|p1a: Iron Treads|Quark Drive|[silent]\n|\n|-weather|DesolateLand|[upkeep]\n|upkeep\n|\n|t:|1700446650\n|switch|p1a: Arceus|Arceus-Ghost, tera:Ghost|66\/100\n|turn|11\n|\n|t:|1700446664\n|move|p1a: Arceus|Judgment|p2a: Groudon\n|-damage|p2a: Groudon|0 fnt\n|faint|p2a: Groudon\n|-weather|none\n|\n|upkeep\n|\n|t:|1700446666\n|switch|p2a: Eternatus|Eternatus|100\/100\n|-activate|p2a: Eternatus|move: Sticky Web\n|-unboost|p2a: Eternatus|spe|1\n|-ability|p2a: Eternatus|Pressure\n|turn|12\n|\n|t:|1700446672\n|move|p1a: Arceus|Judgment|p2a: Eternatus\n|-damage|p2a: Eternatus|46\/100\n|move|p2a: Eternatus|Eternabeam|p1a: Arceus\n|-damage|p1a: Arceus|0 fnt\n|-mustrecharge|p2a: Eternatus\n|faint|p1a: Arceus\n|\n|upkeep\n|\n|t:|1700446676\n|switch|p1a: Maya|Mawile, F, shiny|100\/100\n|turn|13\n|\n|t:|1700446679\n|detailschange|p1a: Maya|Mawile-Mega, F, shiny\n|-mega|p1a: Maya|Mawile|Mawilite\n|cant|p2a: Eternatus|recharge\n|move|p1a: Maya|Swords Dance|p1a: Maya\n|-boost|p1a: Maya|atk|2\n|\n|upkeep\n|turn|14\n|\n|t:|1700446681\n|switch|p2a: Yveltal|Yveltal|28\/100\n|-ability|p2a: Yveltal|Dark Aura\n|move|p1a: Maya|Sucker Punch||[still]\n|-fail|p1a: Maya\n|\n|upkeep\n|turn|15\n|\n|t:|1700446686\n|move|p2a: Yveltal|Dark Pulse|p1a: Maya\n|-resisted|p1a: Maya\n|-damage|p1a: Maya|62\/100\n|move|p1a: Maya|Play Rough|p2a: Yveltal\n|-supereffective|p2a: Yveltal\n|-damage|p2a: Yveltal|0 fnt\n|faint|p2a: Yveltal\n|\n|upkeep\n|\n|t:|1700446693\n|switch|p2a: Deoxys|Deoxys-Attack|100\/100\n|-activate|p2a: Deoxys|move: Sticky Web\n|-unboost|p2a: Deoxys|spe|1\n|-ability|p2a: Deoxys|Pressure\n|turn|16\n|\n|t:|1700446695\n|move|p1a: Maya|Sucker Punch|p2a: Deoxys\n|-supereffective|p2a: Deoxys\n|-damage|p2a: Deoxys|0 fnt\n|faint|p2a: Deoxys\n|\n|upkeep\n|\n|t:|1700446697\n|switch|p2a: Eternatus|Eternatus|46\/100\n|-activate|p2a: Eternatus|move: Sticky Web\n|-unboost|p2a: Eternatus|spe|1\n|-ability|p2a: Eternatus|Pressure\n|turn|17\n|\n|t:|1700446699\n|move|p1a: Maya|Sucker Punch|p2a: Eternatus\n|-damage|p2a: Eternatus|0 fnt\n|faint|p2a: Eternatus\n|\n|win|EABL XD\n|raw|EABL XD's rating: 1301 &rarr; <strong>1327<\/strong><br \/>(+26 for winning)\n|raw|Dragongemex's rating: 1406 &rarr; <strong>1380<\/strong><br \/>(-26 for losing)\n|l|\u2606Dragongemex\n","uploadtime":1700446706,"views":4,"p1id":"eablxd","p2id":"dragongemex","formatid":"gen9nationaldexubers","rating":1327,"private":0,"password":""}