{"id":"gen9nationaldexubers-1990319027","p1":"Jarak","p2":"patobatata4","format":"[Gen 9] National Dex Ubers","log":"|j|\u2606Jarak\n|j|\u2606patobatata4\n|t:|1699956063\n|gametype|singles\n|player|p1|Jarak|2|1084\n|player|p2|patobatata4|clown|1053\n|teamsize|p1|6\n|teamsize|p2|6\n|gen|9\n|tier|[Gen 9] National Dex Ubers\n|rated|\n|rule|HP Percentage Mod: HP is shown in percentages\n|rule|Endless Battle Clause: Forcing endless battles is banned\n|rule|OHKO Clause: OHKO moves are banned\n|rule|Evasion Moves Clause: Evasion moves are banned\n|rule|Evasion Items Clause: Evasion items are banned\n|rule|Species Clause: Limit one of each Pok\u00e9mon\n|rule|Sleep Clause Mod: Limit one foe put to sleep\n|rule|Mega Rayquaza Clause: You cannot mega evolve Rayquaza\n|clearpoke\n|poke|p1|Blaziken, M|\n|poke|p1|Nidoking, M|\n|poke|p1|Crobat, M|\n|poke|p1|Ceruledge, M|\n|poke|p1|Suicune|\n|poke|p1|Ninetales-Alola, F|\n|poke|p2|Serperior, F|\n|poke|p2|Falinks|\n|poke|p2|Maushold-Four|\n|poke|p2|Cloyster, M|\n|poke|p2|Grimmsnarl, M|\n|poke|p2|Raichu-Alola, M|\n|teampreview\n|inactive|Battle timer is ON: inactive players will automatically lose when time's up. (requested by Jarak)\n|\n|t:|1699956082\n|start\n|switch|p1a: Ninetales|Ninetales-Alola, F|100\/100\n|switch|p2a: Raichu|Raichu-Alola, M|100\/100\n|-weather|Snow|[from] ability: Snow Warning|[of] p1a: Ninetales\n|turn|1\n|\n|t:|1699956091\n|move|p2a: Raichu|Electric Terrain|p2a: Raichu\n|-fieldstart|move: Electric Terrain\n|move|p1a: Ninetales|Aurora Veil|p1a: Ninetales\n|-sidestart|p1: Jarak|move: Aurora Veil\n|\n|-weather|Snow|[upkeep]\n|upkeep\n|turn|2\n|\n|t:|1699956114\n|move|p2a: Raichu|Thunderbolt|p1a: Ninetales\n|-damage|p1a: Ninetales|73\/100\n|move|p1a: Ninetales|Blizzard|p2a: Raichu\n|-damage|p2a: Raichu|57\/100\n|\n|-weather|Snow|[upkeep]\n|upkeep\n|turn|3\n|\n|t:|1699956124\n|move|p2a: Raichu|Thunder Wave|p1a: Ninetales\n|-status|p1a: Ninetales|par\n|move|p1a: Ninetales|Toxic|p2a: Raichu\n|-status|p2a: Raichu|tox\n|\n|-weather|Snow|[upkeep]\n|-damage|p2a: Raichu|51\/100 tox|[from] psn\n|upkeep\n|turn|4\n|\n|t:|1699956138\n|move|p2a: Raichu|Psychic|p1a: Ninetales\n|-damage|p1a: Ninetales|52\/100 par\n|cant|p1a: Ninetales|par\n|\n|-weather|Snow|[upkeep]\n|-damage|p2a: Raichu|38\/100 tox|[from] psn\n|upkeep\n|turn|5\n|\n|t:|1699956144\n|-zpower|p2a: Raichu\n|move|p2a: Raichu|Stoked Sparksurfer|p1a: Ninetales|[zeffect]\n|-damage|p1a: Ninetales|0 fnt\n|faint|p1a: Ninetales\n|\n|-weather|none\n|-damage|p2a: Raichu|20\/100 tox|[from] psn\n|-fieldend|move: Electric Terrain\n|upkeep\n|\n|t:|1699956155\n|switch|p1a: Nidoking|Nidoking, M|100\/100\n|turn|6\n|\n|t:|1699956162\n|move|p1a: Nidoking|Earth Power|p2a: Raichu\n|-supereffective|p2a: Raichu\n|-damage|p2a: Raichu|0 fnt\n|faint|p2a: Raichu\n|\n|upkeep\n|\n|t:|1699956170\n|switch|p2a: Serperior|Serperior, F|100\/100\n|turn|7\n|\n|t:|1699956192\n|switch|p1a: Blaziken|Blaziken, M|100\/100\n|move|p2a: Serperior|Leaf Storm|p1a: Blaziken\n|-resisted|p1a: Blaziken\n|-damage|p1a: Blaziken|76\/100\n|-boost|p2a: Serperior|spa|2\n|\n|upkeep\n|turn|8\n|\n|t:|1699956206\n|switch|p2a: Cloyster|Cloyster, M, shiny|100\/100\n|detailschange|p1a: Blaziken|Blaziken-Mega, M\n|-mega|p1a: Blaziken|Blaziken|Blazikenite\n|move|p1a: Blaziken|Swords Dance|p1a: Blaziken\n|-boost|p1a: Blaziken|atk|2\n|\n|-sideend|p1: Jarak|move: Aurora Veil\n|-ability|p1a: Blaziken|Speed Boost|boost\n|-boost|p1a: Blaziken|spe|1\n|upkeep\n|turn|9\n|\n|t:|1699956220\n|move|p1a: Blaziken|Close Combat|p2a: Cloyster\n|-supereffective|p2a: Cloyster\n|-damage|p2a: Cloyster|0 fnt\n|-unboost|p1a: Blaziken|def|1\n|-unboost|p1a: Blaziken|spd|1\n|faint|p2a: Cloyster\n|\n|-ability|p1a: Blaziken|Speed Boost|boost\n|-boost|p1a: Blaziken|spe|1\n|upkeep\n|\n|t:|1699956225\n|switch|p2a: Grimmsnarl|Grimmsnarl, M|100\/100\n|turn|10\n|\n|t:|1699956254\n|switch|p1a: Suicune|Suicune|100\/100\n|-ability|p1a: Suicune|Pressure\n|move|p2a: Grimmsnarl|Reflect|p2a: Grimmsnarl\n|-sidestart|p2: patobatata4|Reflect\n|\n|upkeep\n|turn|11\n|\n|t:|1699956261\n|move|p2a: Grimmsnarl|Light Screen|p2a: Grimmsnarl\n|-sidestart|p2: patobatata4|move: Light Screen\n|move|p1a: Suicune|Calm Mind|p1a: Suicune\n|-boost|p1a: Suicune|spa|1\n|-boost|p1a: Suicune|spd|1\n|\n|upkeep\n|turn|12\n|\n|t:|1699956280\n|move|p1a: Suicune|Calm Mind|p1a: Suicune\n|-boost|p1a: Suicune|spa|1\n|-boost|p1a: Suicune|spd|1\n|move|p2a: Grimmsnarl|Play Rough|p1a: Suicune\n|-damage|p1a: Suicune|65\/100\n|\n|-heal|p1a: Suicune|71\/100|[from] item: Leftovers\n|upkeep\n|turn|13\n|\n|t:|1699956289\n|move|p1a: Suicune|Calm Mind|p1a: Suicune\n|-boost|p1a: Suicune|spa|1\n|-boost|p1a: Suicune|spd|1\n|move|p2a: Grimmsnarl|Play Rough|p1a: Suicune\n|-damage|p1a: Suicune|34\/100\n|\n|-heal|p1a: Suicune|41\/100|[from] item: Leftovers\n|upkeep\n|turn|14\n|\n|t:|1699956299\n|move|p1a: Suicune|Scald|p2a: Grimmsnarl\n|-damage|p2a: Grimmsnarl|49\/100\n|move|p2a: Grimmsnarl|Play Rough|p1a: Suicune|[miss]\n|-miss|p2a: Grimmsnarl|p1a: Suicune\n|\n|-heal|p1a: Suicune|47\/100|[from] item: Leftovers\n|upkeep\n|turn|15\n|\n|t:|1699956309\n|move|p1a: Suicune|Scald|p2a: Grimmsnarl\n|-damage|p2a: Grimmsnarl|0 fnt\n|faint|p2a: Grimmsnarl\n|\n|-heal|p1a: Suicune|53\/100|[from] item: Leftovers\n|upkeep\n|\n|t:|1699956315\n|switch|p2a: Serperior|Serperior, F|100\/100\n|turn|16\n|\n|t:|1699956320\n|move|p2a: Serperior|Dragon Pulse|p1a: Suicune\n|-damage|p1a: Suicune|42\/100\n|move|p1a: Suicune|Ice Beam|p2a: Serperior\n|-supereffective|p2a: Serperior\n|-damage|p2a: Serperior|15\/100\n|\n|-heal|p1a: Suicune|48\/100|[from] item: Leftovers\n|upkeep\n|turn|17\n|\n|t:|1699956331\n|switch|p2a: Falinks|Falinks|100\/100\n|move|p1a: Suicune|Ice Beam|p2a: Falinks\n|-damage|p2a: Falinks|51\/100\n|\n|-heal|p1a: Suicune|55\/100|[from] item: Leftovers\n|-sideend|p2: patobatata4|Reflect\n|upkeep\n|turn|18\n|\n|t:|1699956344\n|move|p1a: Suicune|Extrasensory|p2a: Falinks\n|-supereffective|p2a: Falinks\n|-damage|p2a: Falinks|0 fnt\n|faint|p2a: Falinks\n|\n|-heal|p1a: Suicune|61\/100|[from] item: Leftovers\n|-sideend|p2: patobatata4|move: Light Screen\n|upkeep\n|\n|t:|1699956349\n|switch|p2a: Serperior|Serperior, F|15\/100\n|turn|19\n|\n|t:|1699956353\n|move|p2a: Serperior|Leaf Storm|p1a: Suicune\n|-supereffective|p1a: Suicune\n|-damage|p1a: Suicune|20\/100\n|-boost|p2a: Serperior|spa|2\n|move|p1a: Suicune|Ice Beam|p2a: Serperior\n|-supereffective|p2a: Serperior\n|-damage|p2a: Serperior|0 fnt\n|faint|p2a: Serperior\n|\n|-heal|p1a: Suicune|26\/100|[from] item: Leftovers\n|upkeep\n|\n|t:|1699956359\n|switch|p2a: Maushold|Maushold-Four|100\/100\n|turn|20\n|\n|t:|1699956368\n|-terastallize|p2a: Maushold|Ghost\n|move|p2a: Maushold|Tidy Up|p2a: Maushold\n|-boost|p2a: Maushold|atk|1\n|-boost|p2a: Maushold|spe|1\n|move|p1a: Suicune|Scald|p2a: Maushold\n|-enditem|p2a: Maushold|Focus Sash\n|-damage|p2a: Maushold|1\/100\n|\n|-heal|p1a: Suicune|32\/100|[from] item: Leftovers\n|upkeep\n|turn|21\n|\n|t:|1699956381\n|move|p2a: Maushold|Population Bomb|p1a: Suicune\n|-damage|p1a: Suicune|19\/100\n|-damage|p1a: Suicune|7\/100\n|-damage|p1a: Suicune|0 fnt\n|faint|p1a: Suicune\n|-hitcount|p1: Suicune|3\n|\n|upkeep\n|\n|t:|1699956388\n|switch|p1a: Nidoking|Nidoking, M|100\/100\n|turn|22\n|\n|t:|1699956394\n|move|p2a: Maushold|Population Bomb|p1a: Nidoking\n|-damage|p1a: Nidoking|75\/100\n|-damage|p1a: Nidoking|51\/100\n|-damage|p1a: Nidoking|28\/100\n|-hitcount|p1a: Nidoking|3\n|move|p1a: Nidoking|Thunderbolt|p2a: Maushold\n|-damage|p2a: Maushold|0 fnt\n|faint|p2a: Maushold\n|\n|win|Jarak\n|raw|Jarak's rating: 1084 &rarr; <strong>1109<\/strong><br \/>(+25 for winning)\n|raw|patobatata4's rating: 1053 &rarr; <strong>1037<\/strong><br \/>(-16 for losing)\n|l|\u2606patobatata4\n","uploadtime":1699956407,"views":7,"p1id":"jarak","p2id":"patobatata4","formatid":"gen9nationaldexubers","rating":1037,"private":0,"password":""}