{"id":"gen9nationaldexubers-1984111012","p1":"David uwu35","p2":"zMesa","format":"[Gen 9] National Dex Ubers","log":"|j|\u2606David uwu35\n|j|\u2606zMesa\n|t:|1699219798\n|gametype|singles\n|player|p1|David uwu35|shadowtriad|\n|player|p2|zMesa|hilbert|\n|teamsize|p1|6\n|teamsize|p2|6\n|gen|9\n|tier|[Gen 9] National Dex Ubers\n|rule|HP Percentage Mod: HP is shown in percentages\n|rule|Endless Battle Clause: Forcing endless battles is banned\n|rule|OHKO Clause: OHKO moves are banned\n|rule|Evasion Moves Clause: Evasion moves are banned\n|rule|Evasion Items Clause: Evasion items are banned\n|rule|Species Clause: Limit one of each Pok\u00e9mon\n|rule|Sleep Clause Mod: Limit one foe put to sleep\n|rule|Mega Rayquaza Clause: You cannot mega evolve Rayquaza\n|clearpoke\n|poke|p1|Espathra, F|\n|poke|p1|Lilligant-Hisui, F|\n|poke|p1|Magearna|\n|poke|p1|Chien-Pao|\n|poke|p1|Quaquaval, F|\n|poke|p1|Iron Hands|\n|poke|p2|Galvantula, F|\n|poke|p2|Greninja-*, M|\n|poke|p2|Baxcalibur, M|\n|poke|p2|Armarouge, M|\n|poke|p2|Torterra, M|\n|poke|p2|Lucario, M|\n|teampreview\n|\n|t:|1699219838\n|start\n|switch|p1a: Magearna|Magearna|100\/100\n|switch|p2a: Baxcalibur|Baxcalibur, M|100\/100\n|turn|1\n|\n|t:|1699219858\n|switch|p2a: Galvantula|Galvantula, F|100\/100\n|move|p1a: Magearna|Iron Defense|p1a: Magearna\n|-boost|p1a: Magearna|def|2\n|\n|upkeep\n|turn|2\n|\n|t:|1699219866\n|move|p2a: Galvantula|Sticky Web|p1a: Magearna\n|-sidestart|p1: David uwu35|move: Sticky Web\n|move|p1a: Magearna|Calm Mind|p1a: Magearna\n|-boost|p1a: Magearna|spa|1\n|-boost|p1a: Magearna|spd|1\n|\n|upkeep\n|turn|3\n|\n|t:|1699219875\n|move|p2a: Galvantula|Disable|p1a: Magearna\n|-start|p1a: Magearna|Disable|Calm Mind\n|cant|p1a: Magearna|Disable|Calm Mind\n|\n|upkeep\n|turn|4\n|\n|t:|1699219892\n|move|p2a: Galvantula|Thunder|p1a: Magearna\n|-crit|p1a: Magearna\n|-damage|p1a: Magearna|47\/100\n|move|p1a: Magearna|Stored Power|p2a: Galvantula\n|-damage|p2a: Galvantula|6\/100\n|\n|-heal|p1a: Magearna|53\/100|[from] item: Leftovers\n|upkeep\n|turn|5\n|\n|t:|1699219904\n|move|p2a: Galvantula|Thunder|p1a: Magearna\n|-damage|p1a: Magearna|24\/100\n|-status|p1a: Magearna|par\n|move|p1a: Magearna|Draining Kiss|p2a: Galvantula\n|-damage|p2a: Galvantula|0 fnt\n|-heal|p1a: Magearna|28\/100 par|[from] drain|[of] p2a: Galvantula\n|faint|p2a: Galvantula\n|-ability|p1a: Magearna|Soul-Heart|boost\n|-boost|p1a: Magearna|spa|1\n|\n|-heal|p1a: Magearna|34\/100 par|[from] item: Leftovers\n|upkeep\n|\n|t:|1699219920\n|switch|p2a: Armarouge|Armarouge, M|100\/100\n|turn|6\n|\n|t:|1699219939\n|-terastallize|p1a: Magearna|Flying\n|move|p2a: Armarouge|Armor Cannon|p1a: Magearna\n|-damage|p1a: Magearna|1\/100 par\n|-unboost|p2a: Armarouge|def|1\n|-unboost|p2a: Armarouge|spd|1\n|move|p1a: Magearna|Draining Kiss|p2a: Armarouge\n|-resisted|p2a: Armarouge\n|-damage|p2a: Armarouge|50\/100\n|-heal|p1a: Magearna|40\/100 par|[from] drain|[of] p2a: Armarouge\n|\n|-heal|p1a: Magearna|46\/100 par|[from] item: Leftovers\n|-end|p1a: Magearna|Disable\n|upkeep\n|turn|7\n|\n|t:|1699219958\n|move|p2a: Armarouge|Armor Cannon|p1a: Magearna\n|-damage|p1a: Magearna|11\/100 par\n|-unboost|p2a: Armarouge|def|1\n|-unboost|p2a: Armarouge|spd|1\n|move|p1a: Magearna|Draining Kiss|p2a: Armarouge\n|-resisted|p2a: Armarouge\n|-damage|p2a: Armarouge|0 fnt\n|-heal|p1a: Magearna|50\/100 par|[from] drain|[of] p2a: Armarouge\n|faint|p2a: Armarouge\n|-ability|p1a: Magearna|Soul-Heart|boost\n|-boost|p1a: Magearna|spa|1\n|\n|-heal|p1a: Magearna|56\/100 par|[from] item: Leftovers\n|upkeep\n|\n|t:|1699219964\n|switch|p2a: Baxcalibur|Baxcalibur, M|100\/100\n|turn|8\n|\n|t:|1699219989\n|-terastallize|p2a: Baxcalibur|Dragon\n|move|p2a: Baxcalibur|Scale Shot|p1a: Magearna\n|-damage|p1a: Magearna|48\/100 par\n|-damage|p1a: Magearna|39\/100 par\n|-damage|p1a: Magearna|31\/100 par\n|-damage|p1a: Magearna|22\/100 par\n|-damage|p1a: Magearna|14\/100 par\n|-hitcount|p1a: Magearna|5\n|-unboost|p2a: Baxcalibur|def|1\n|-boost|p2a: Baxcalibur|spe|1\n|cant|p1a: Magearna|par\n|\n|-heal|p1a: Magearna|20\/100 par|[from] item: Leftovers\n|upkeep\n|turn|9\n|\n|t:|1699220008\n|move|p2a: Baxcalibur|Scale Shot|p1a: Magearna\n|-damage|p1a: Magearna|11\/100 par\n|-damage|p1a: Magearna|4\/100 par\n|-damage|p1a: Magearna|0 fnt\n|faint|p1a: Magearna\n|-hitcount|p1: Magearna|3\n|-unboost|p2a: Baxcalibur|def|1\n|-boost|p2a: Baxcalibur|spe|1\n|\n|upkeep\n|\n|t:|1699220031\n|switch|p1a: Iron Hands|Iron Hands|100\/100\n|-activate|p1a: Iron Hands|move: Sticky Web\n|-unboost|p1a: Iron Hands|spe|1\n|-enditem|p1a: Iron Hands|Booster Energy\n|-activate|p1a: Iron Hands|ability: Quark Drive|[fromitem]\n|-start|p1a: Iron Hands|quarkdrivedef\n|turn|10\n|\n|t:|1699220046\n|move|p2a: Baxcalibur|Swords Dance|p2a: Baxcalibur\n|-boost|p2a: Baxcalibur|atk|2\n|move|p1a: Iron Hands|Iron Defense|p1a: Iron Hands\n|-boost|p1a: Iron Hands|def|2\n|\n|upkeep\n|turn|11\n|\n|t:|1699220061\n|move|p2a: Baxcalibur|Scale Shot|p1a: Iron Hands\n|-damage|p1a: Iron Hands|93\/100\n|-damage|p1a: Iron Hands|85\/100\n|-damage|p1a: Iron Hands|78\/100\n|-damage|p1a: Iron Hands|70\/100\n|-damage|p1a: Iron Hands|62\/100\n|-hitcount|p1a: Iron Hands|5\n|-unboost|p2a: Baxcalibur|def|1\n|-boost|p2a: Baxcalibur|spe|1\n|move|p1a: Iron Hands|Iron Defense|p1a: Iron Hands\n|-boost|p1a: Iron Hands|def|2\n|\n|upkeep\n|turn|12\n|\n|t:|1699220078\n|move|p2a: Baxcalibur|Scale Shot|p1a: Iron Hands\n|-damage|p1a: Iron Hands|57\/100\n|-damage|p1a: Iron Hands|51\/100\n|-crit|p1a: Iron Hands\n|-damage|p1a: Iron Hands|31\/100\n|-damage|p1a: Iron Hands|26\/100\n|-hitcount|p1a: Iron Hands|4\n|-unboost|p2a: Baxcalibur|def|1\n|-boost|p2a: Baxcalibur|spe|1\n|move|p1a: Iron Hands|Drain Punch|p2a: Baxcalibur\n|-damage|p2a: Baxcalibur|0 fnt\n|-heal|p1a: Iron Hands|64\/100|[from] drain|[of] p2a: Baxcalibur\n|faint|p2a: Baxcalibur\n|\n|upkeep\n|\n|t:|1699220094\n|switch|p2a: Greninja|Greninja, M|100\/100\n|turn|13\n|\n|t:|1699220104\n|move|p2a: Greninja|Hydro Pump|p1a: Iron Hands\n|-damage|p1a: Iron Hands|0 fnt\n|faint|p1a: Iron Hands\n|-end|p1a: Iron Hands|Quark Drive|[silent]\n|-ability|p2a: Greninja|Battle Bond|boost\n|-boost|p2a: Greninja|atk|1\n|-boost|p2a: Greninja|spa|1\n|-boost|p2a: Greninja|spe|1\n|-activate|p2a: Greninja|ability: Battle Bond\n|\n|upkeep\n|\n|t:|1699220127\n|switch|p1a: Lilligant|Lilligant-Hisui, F, shiny|100\/100\n|-activate|p1a: Lilligant|move: Sticky Web\n|-unboost|p1a: Lilligant|spe|1\n|turn|14\n|\n|t:|1699220140\n|switch|p2a: Torterra|Torterra, M|100\/100\n|move|p1a: Lilligant|Leaf Blade|p2a: Torterra\n|-damage|p2a: Torterra|40\/100\n|\n|upkeep\n|turn|15\n|\n|t:|1699220150\n|move|p2a: Torterra|Seed Bomb|p1a: Lilligant\n|-resisted|p1a: Lilligant\n|-damage|p1a: Lilligant|76\/100\n|move|p1a: Lilligant|Leaf Blade|p2a: Torterra\n|-damage|p2a: Torterra|0 fnt\n|faint|p2a: Torterra\n|\n|-heal|p1a: Lilligant|82\/100|[from] item: Leftovers\n|upkeep\n|l|\u2606zMesa\n|player|p2|\n|j|\u2606zMesa\n|player|p2|zMesa|hilbert\n|\n|t:|1699220191\n|switch|p2a: Greninja|Greninja, M|100\/100\n|turn|16\n|\n|t:|1699220198\n|move|p2a: Greninja|Ice Beam|p1a: Lilligant\n|-supereffective|p1a: Lilligant\n|-damage|p1a: Lilligant|0 fnt\n|faint|p1a: Lilligant\n|\n|upkeep\n|\n|t:|1699220208\n|switch|p1a: Quaquaval|Quaquaval, F|100\/100\n|-activate|p1a: Quaquaval|move: Sticky Web\n|-unboost|p1a: Quaquaval|spe|1\n|turn|17\n|\n|t:|1699220217\n|switch|p2a: Lucario|Lucario, M|100\/100\n|move|p1a: Quaquaval|Aqua Step|p2a: Lucario\n|-damage|p2a: Lucario|31\/100\n|-boost|p1a: Quaquaval|spe|1\n|\n|upkeep\n|turn|18\n|\n|t:|1699220230\n|detailschange|p2a: Lucario|Lucario-Mega, M\n|-mega|p2a: Lucario|Lucario|Lucarionite\n|move|p2a: Lucario|Close Combat|p1a: Quaquaval\n|-damage|p1a: Quaquaval|0 fnt\n|-unboost|p2a: Lucario|def|1\n|-unboost|p2a: Lucario|spd|1\n|faint|p1a: Quaquaval\n|\n|upkeep\n|\n|t:|1699220256\n|switch|p1a: Chien-Pao|Chien-Pao|100\/100\n|-activate|p1a: Chien-Pao|move: Sticky Web\n|-unboost|p1a: Chien-Pao|spe|1\n|-ability|p1a: Chien-Pao|Sword of Ruin\n|turn|19\n|\n|t:|1699220274\n|move|p2a: Lucario|Swords Dance|p2a: Lucario\n|-boost|p2a: Lucario|atk|2\n|move|p1a: Chien-Pao|Swords Dance|p1a: Chien-Pao\n|-boost|p1a: Chien-Pao|atk|2\n|\n|upkeep\n|turn|20\n|\n|t:|1699220284\n|move|p2a: Lucario|Bullet Punch|p1a: Chien-Pao\n|-supereffective|p1a: Chien-Pao\n|-enditem|p1a: Chien-Pao|Focus Sash\n|-damage|p1a: Chien-Pao|1\/100\n|move|p1a: Chien-Pao|Sucker Punch||[still]\n|-fail|p1a: Chien-Pao\n|\n|upkeep\n|turn|21\n|\n|t:|1699220302\n|move|p2a: Lucario|Bullet Punch|p1a: Chien-Pao\n|-supereffective|p1a: Chien-Pao\n|-damage|p1a: Chien-Pao|0 fnt\n|faint|p1a: Chien-Pao\n|\n|upkeep\n|\n|t:|1699220310\n|switch|p1a: Espathra|Espathra, F|100\/100\n|-activate|p1a: Espathra|move: Sticky Web\n|-unboost|p1a: Espathra|spe|1\n|turn|22\n|\n|t:|1699220323\n|move|p2a: Lucario|Bullet Punch|p1a: Espathra\n|-damage|p1a: Espathra|28\/100\n|move|p1a: Espathra|Dazzling Gleam|p2a: Lucario\n|-damage|p2a: Lucario|0 fnt\n|faint|p2a: Lucario\n|\n|-heal|p1a: Espathra|34\/100|[from] item: Leftovers\n|-ability|p1a: Espathra|Speed Boost|boost\n|-boost|p1a: Espathra|spe|1\n|upkeep\n|\n|t:|1699220331\n|switch|p2a: Greninja|Greninja, M|100\/100\n|turn|23\n|\n|t:|1699220340\n|move|p2a: Greninja|Dark Pulse|p1a: Espathra\n|-supereffective|p1a: Espathra\n|-damage|p1a: Espathra|0 fnt\n|faint|p1a: Espathra\n|\n|win|zMesa\n","uploadtime":1699220348,"views":5,"p1id":"daviduwu35","p2id":"zmesa","formatid":"gen9nationaldexubers","rating":0,"private":0,"password":""}