{"id":"gen9nationaldexubers-1979312145","p1":"ozyman810975","p2":"youyu519","format":"[Gen 9] National Dex Ubers","log":"|j|\u2606ozyman810975\n|j|\u2606youyu519\n|t:|1698669918\n|gametype|singles\n|player|p1|ozyman810975|hilbert|\n|player|p2|youyu519|266|\n|teamsize|p1|6\n|teamsize|p2|6\n|gen|9\n|tier|[Gen 9] National Dex Ubers\n|rule|HP Percentage Mod: HP is shown in percentages\n|rule|Endless Battle Clause: Forcing endless battles is banned\n|rule|OHKO Clause: OHKO moves are banned\n|rule|Evasion Moves Clause: Evasion moves are banned\n|rule|Evasion Items Clause: Evasion items are banned\n|rule|Species Clause: Limit one of each Pok\u00e9mon\n|rule|Sleep Clause Mod: Limit one foe put to sleep\n|rule|Mega Rayquaza Clause: You cannot mega evolve Rayquaza\n|clearpoke\n|poke|p1|Palafin, M|\n|poke|p1|Grimmsnarl, M|\n|poke|p1|Ceruledge, F|\n|poke|p1|Skeledirge, F|\n|poke|p1|Iron Treads|\n|poke|p1|Azumarill, F|\n|poke|p2|Scizor, F|\n|poke|p2|Ninetales-Alola, F|\n|poke|p2|Rillaboom, F|\n|poke|p2|Kommo-o, F|\n|poke|p2|Heatran, M|\n|poke|p2|Iron Treads|\n|teampreview\n|\n|t:|1698669939\n|start\n|switch|p1a: \u6d1b\u6b27\u585e\u5e03\uff01|Grimmsnarl, M|100\/100\n|switch|p2a: Ninetales|Ninetales-Alola, F|100\/100\n|-weather|Snow|[from] ability: Snow Warning|[of] p2a: Ninetales\n|turn|1\n|\n|t:|1698669948\n|move|p1a: \u6d1b\u6b27\u585e\u5e03\uff01|Thunder Wave|p2a: Ninetales\n|-status|p2a: Ninetales|par\n|move|p2a: Ninetales|Encore|p1a: \u6d1b\u6b27\u585e\u5e03\uff01\n|-start|p1a: \u6d1b\u6b27\u585e\u5e03\uff01|Encore\n|\n|-weather|Snow|[upkeep]\n|upkeep\n|turn|2\n|\n|t:|1698669961\n|switch|p1a: \u90a3\u5973\u5b69\u5bf9\u6211\u8bf4|Skeledirge, F|100\/100\n|move|p2a: Ninetales|Aurora Veil|p2a: Ninetales\n|-sidestart|p2: youyu519|move: Aurora Veil\n|\n|-weather|Snow|[upkeep]\n|upkeep\n|turn|3\n|\n|t:|1698669971\n|cant|p2a: Ninetales|par\n|move|p1a: \u90a3\u5973\u5b69\u5bf9\u6211\u8bf4|Torch Song|p2a: Ninetales\n|-supereffective|p2a: Ninetales\n|-damage|p2a: Ninetales|58\/100 par\n|-boost|p1a: \u90a3\u5973\u5b69\u5bf9\u6211\u8bf4|spa|1\n|\n|-weather|Snow|[upkeep]\n|upkeep\n|turn|4\n|c|\u2606ozyman810975|\u54ce\n|\n|t:|1698669985\n|switch|p2a: Heatran|Heatran, M|100\/100\n|move|p1a: \u90a3\u5973\u5b69\u5bf9\u6211\u8bf4|Torch Song|p2a: Heatran\n|-start|p2a: Heatran|ability: Flash Fire\n|\n|-weather|Snow|[upkeep]\n|upkeep\n|turn|5\n|c|\u2606ozyman810975|\u6211\u7684\u7535\u78c1\u6ce2\u5c45\u7136\u6ca1\u628a\u4f60\u6781\u5149\u5e55\u5361\u6389\n|\n|t:|1698670002\n|switch|p1a: \u6d77\u8c5a\u4fa0\uff01|Palafin, M|100\/100\n|move|p2a: Heatran|Taunt|p1a: \u6d77\u8c5a\u4fa0\uff01\n|-start|p1a: \u6d77\u8c5a\u4fa0\uff01|move: Taunt\n|\n|-weather|none\n|upkeep\n|turn|6\n|\n|t:|1698670010\n|move|p1a: \u6d77\u8c5a\u4fa0\uff01|Flip Turn|p2a: Heatran\n|-supereffective|p2a: Heatran\n|-damage|p2a: Heatran|83\/100\n|\n|t:|1698670015\n|detailschange|p1a: \u6d77\u8c5a\u4fa0\uff01|Palafin-Hero, M\n|switch|p1a: \u6d1b\u6b27\u585e\u5e03\uff01|Grimmsnarl, M|100\/100|[from] Flip Turn\n|move|p2a: Heatran|Magma Storm|p1a: \u6d1b\u6b27\u585e\u5e03\uff01\n|-damage|p1a: \u6d1b\u6b27\u585e\u5e03\uff01|9\/100\n|-activate|p1a: \u6d1b\u6b27\u585e\u5e03\uff01|move: Magma Storm|[of] p2a: Heatran\n|\n|-heal|p2a: Heatran|89\/100|[from] item: Leftovers\n|-damage|p1a: \u6d1b\u6b27\u585e\u5e03\uff01|0 fnt|[from] move: Magma Storm|[partiallytrapped]\n|faint|p1a: \u6d1b\u6b27\u585e\u5e03\uff01\n|upkeep\n|\n|t:|1698670044\n|switch|p1a: \u6ce5\u5934\u8f66|Iron Treads|100\/100\n|-enditem|p1a: \u6ce5\u5934\u8f66|Booster Energy\n|-activate|p1a: \u6ce5\u5934\u8f66|ability: Quark Drive|[fromitem]\n|-start|p1a: \u6ce5\u5934\u8f66|quarkdrivespe\n|turn|7\n|\n|t:|1698670055\n|-terastallize|p1a: \u6ce5\u5934\u8f66|Ground\n|move|p1a: \u6ce5\u5934\u8f66|Earthquake|p2a: Heatran\n|-supereffective|p2a: Heatran\n|-damage|p2a: Heatran|0 fnt\n|faint|p2a: Heatran\n|\n|upkeep\n|\n|t:|1698670065\n|switch|p2a: Ninetales|Ninetales-Alola, F|58\/100 par\n|-weather|Snow|[from] ability: Snow Warning|[of] p2a: Ninetales\n|turn|8\n|c|\u2606ozyman810975|\u5509\uff0c\u7528\u65e9\u4e86\n|\n|t:|1698670077\n|switch|p2a: Rillaboom|Rillaboom, F|100\/100\n|-fieldstart|move: Grassy Terrain|[from] ability: Grassy Surge|[of] p2a: Rillaboom\n|move|p1a: \u6ce5\u5934\u8f66|Iron Head|p2a: Rillaboom\n|-damage|p2a: Rillaboom|83\/100\n|\n|-weather|Snow|[upkeep]\n|-heal|p2a: Rillaboom|90\/100|[from] Grassy Terrain\n|upkeep\n|turn|9\n|\n|t:|1698670099\n|-end|p1a: \u6ce5\u5934\u8f66|Quark Drive|[silent]\n|switch|p1a: \u9b3c\u4eba\u53cc\u5200\uff01|Ceruledge, F|100\/100\n|move|p2a: Rillaboom|Wood Hammer|p1a: \u9b3c\u4eba\u53cc\u5200\uff01\n|-resisted|p1a: \u9b3c\u4eba\u53cc\u5200\uff01\n|-damage|p1a: \u9b3c\u4eba\u53cc\u5200\uff01|44\/100\n|-ability|p1a: \u9b3c\u4eba\u53cc\u5200\uff01|Weak Armor|boost\n|-unboost|p1a: \u9b3c\u4eba\u53cc\u5200\uff01|def|1\n|-boost|p1a: \u9b3c\u4eba\u53cc\u5200\uff01|spe|2\n|-damage|p2a: Rillaboom|76\/100|[from] Recoil\n|\n|-weather|Snow|[upkeep]\n|-heal|p1a: \u9b3c\u4eba\u53cc\u5200\uff01|50\/100|[from] Grassy Terrain\n|-heal|p2a: Rillaboom|82\/100|[from] Grassy Terrain\n|-sideend|p2: youyu519|move: Aurora Veil\n|upkeep\n|turn|10\n|\n|t:|1698670118\n|switch|p2a: Kommo-o|Kommo-o, F|100\/100\n|move|p1a: \u9b3c\u4eba\u53cc\u5200\uff01|Bitter Blade|p2a: Kommo-o\n|-resisted|p2a: Kommo-o\n|-damage|p2a: Kommo-o|78\/100\n|-heal|p1a: \u9b3c\u4eba\u53cc\u5200\uff01|61\/100|[from] drain|[of] p2a: Kommo-o\n|\n|-weather|Snow|[upkeep]\n|-heal|p1a: \u9b3c\u4eba\u53cc\u5200\uff01|68\/100|[from] Grassy Terrain\n|-heal|p2a: Kommo-o|84\/100|[from] Grassy Terrain\n|upkeep\n|turn|11\n|\n|t:|1698670129\n|move|p1a: \u9b3c\u4eba\u53cc\u5200\uff01|Will-O-Wisp|p2a: Kommo-o\n|-status|p2a: Kommo-o|brn\n|move|p2a: Kommo-o|Clanging Scales|p1a: \u9b3c\u4eba\u53cc\u5200\uff01\n|-crit|p1a: \u9b3c\u4eba\u53cc\u5200\uff01\n|-damage|p1a: \u9b3c\u4eba\u53cc\u5200\uff01|0 fnt\n|faint|p1a: \u9b3c\u4eba\u53cc\u5200\uff01\n|-unboost|p2a: Kommo-o|def|1\n|\n|-weather|Snow|[upkeep]\n|-heal|p2a: Kommo-o|90\/100 brn|[from] Grassy Terrain\n|-damage|p2a: Kommo-o|84\/100 brn|[from] brn\n|upkeep\n|\n|t:|1698670161\n|switch|p1a: \u5b09\u95f9\u522b\u7a7a|Azumarill, F|100\/100\n|turn|12\n|\n|t:|1698670171\n|switch|p2a: Ninetales|Ninetales-Alola, F|58\/100 par\n|move|p1a: \u5b09\u95f9\u522b\u7a7a|Play Rough|p2a: Ninetales\n|-damage|p2a: Ninetales|13\/100 par\n|\n|-weather|none\n|-heal|p2a: Ninetales|19\/100 par|[from] Grassy Terrain\n|-fieldend|move: Grassy Terrain\n|upkeep\n|turn|13\n|\n|t:|1698670183\n|move|p2a: Ninetales|Aurora Veil||[still]\n|-fail|p2a: Ninetales\n|move|p1a: \u5b09\u95f9\u522b\u7a7a|Belly Drum|p1a: \u5b09\u95f9\u522b\u7a7a\n|-damage|p1a: \u5b09\u95f9\u522b\u7a7a|50\/100\n|-setboost|p1a: \u5b09\u95f9\u522b\u7a7a|atk|6|[from] move: Belly Drum\n|-enditem|p1a: \u5b09\u95f9\u522b\u7a7a|Sitrus Berry|[eat]\n|-heal|p1a: \u5b09\u95f9\u522b\u7a7a|75\/100|[from] item: Sitrus Berry\n|\n|upkeep\n|turn|14\n|\n|t:|1698670191\n|move|p1a: \u5b09\u95f9\u522b\u7a7a|Aqua Jet|p2a: Ninetales\n|-damage|p2a: Ninetales|0 fnt\n|faint|p2a: Ninetales\n|\n|upkeep\n|\n|t:|1698670201\n|switch|p2a: Rillaboom|Rillaboom, F|82\/100\n|-fieldstart|move: Grassy Terrain|[from] ability: Grassy Surge|[of] p2a: Rillaboom\n|turn|15\n|\n|t:|1698670206\n|move|p2a: Rillaboom|Grassy Glide|p1a: \u5b09\u95f9\u522b\u7a7a\n|-supereffective|p1a: \u5b09\u95f9\u522b\u7a7a\n|-damage|p1a: \u5b09\u95f9\u522b\u7a7a|0 fnt\n|faint|p1a: \u5b09\u95f9\u522b\u7a7a\n|\n|-heal|p2a: Rillaboom|89\/100|[from] Grassy Terrain\n|upkeep\n|\n|t:|1698670221\n|switch|p1a: \u90a3\u5973\u5b69\u5bf9\u6211\u8bf4|Skeledirge, F|100\/100\n|turn|16\n|\n|t:|1698670228\n|-terastallize|p2a: Rillaboom|Rock\n|move|p2a: Rillaboom|Tera Blast|p1a: \u90a3\u5973\u5b69\u5bf9\u6211\u8bf4|[anim] Tera Blast Rock\n|-supereffective|p1a: \u90a3\u5973\u5b69\u5bf9\u6211\u8bf4\n|-damage|p1a: \u90a3\u5973\u5b69\u5bf9\u6211\u8bf4|28\/100\n|move|p1a: \u90a3\u5973\u5b69\u5bf9\u6211\u8bf4|Yawn|p2a: Rillaboom\n|-start|p2a: Rillaboom|move: Yawn|[of] p1a: \u90a3\u5973\u5b69\u5bf9\u6211\u8bf4\n|\n|-heal|p2a: Rillaboom|95\/100|[from] Grassy Terrain\n|-heal|p1a: \u90a3\u5973\u5b69\u5bf9\u6211\u8bf4|34\/100|[from] Grassy Terrain\n|-heal|p1a: \u90a3\u5973\u5b69\u5bf9\u6211\u8bf4|40\/100|[from] item: Leftovers\n|upkeep\n|turn|17\n|\n|t:|1698670253\n|switch|p1a: \u6d77\u8c5a\u4fa0\uff01|Palafin-Hero, M|100\/100\n|-activate|p1a: \u6d77\u8c5a\u4fa0\uff01|ability: Zero to Hero\n|move|p2a: Rillaboom|Tera Blast|p1a: \u6d77\u8c5a\u4fa0\uff01|[anim] Tera Blast Rock\n|-damage|p1a: \u6d77\u8c5a\u4fa0\uff01|56\/100\n|\n|-heal|p1a: \u6d77\u8c5a\u4fa0\uff01|62\/100|[from] Grassy Terrain\n|-heal|p2a: Rillaboom|100\/100|[from] Grassy Terrain\n|-end|p2a: Rillaboom|move: Yawn|[silent]\n|-status|p2a: Rillaboom|slp\n|upkeep\n|turn|18\n|\n|t:|1698670271\n|switch|p2a: Scizor|Scizor, F|100\/100\n|move|p1a: \u6d77\u8c5a\u4fa0\uff01|Drain Punch|p2a: Scizor\n|-damage|p2a: Scizor|64\/100\n|-heal|p1a: \u6d77\u8c5a\u4fa0\uff01|80\/100|[from] drain|[of] p2a: Scizor\n|\n|-heal|p1a: \u6d77\u8c5a\u4fa0\uff01|86\/100|[from] Grassy Terrain\n|-heal|p2a: Scizor|70\/100|[from] Grassy Terrain\n|upkeep\n|turn|19\n|\n|t:|1698670283\n|detailschange|p2a: Scizor|Scizor-Mega, F\n|-mega|p2a: Scizor|Scizor|Scizorite\n|move|p1a: \u6d77\u8c5a\u4fa0\uff01|Flip Turn|p2a: Scizor\n|-damage|p2a: Scizor|45\/100\n|\n|t:|1698670305\n|switch|p1a: \u90a3\u5973\u5b69\u5bf9\u6211\u8bf4|Skeledirge, F|40\/100|[from] Flip Turn\n|move|p2a: Scizor|Roost|p2a: Scizor\n|-heal|p2a: Scizor|95\/100\n|-singleturn|p2a: Scizor|move: Roost\n|\n|-heal|p2a: Scizor|100\/100|[from] Grassy Terrain\n|-heal|p1a: \u90a3\u5973\u5b69\u5bf9\u6211\u8bf4|46\/100|[from] Grassy Terrain\n|-heal|p1a: \u90a3\u5973\u5b69\u5bf9\u6211\u8bf4|52\/100|[from] item: Leftovers\n|-fieldend|move: Grassy Terrain\n|upkeep\n|turn|20\n|\n|t:|1698670316\n|move|p2a: Scizor|Dual Wingbeat|p1a: \u90a3\u5973\u5b69\u5bf9\u6211\u8bf4\n|-damage|p1a: \u90a3\u5973\u5b69\u5bf9\u6211\u8bf4|33\/100\n|-damage|p1a: \u90a3\u5973\u5b69\u5bf9\u6211\u8bf4|14\/100\n|-hitcount|p1a: \u90a3\u5973\u5b69\u5bf9\u6211\u8bf4|2\n|move|p1a: \u90a3\u5973\u5b69\u5bf9\u6211\u8bf4|Torch Song|p2a: Scizor\n|-supereffective|p2a: Scizor\n|-damage|p2a: Scizor|0 fnt\n|-boost|p1a: \u90a3\u5973\u5b69\u5bf9\u6211\u8bf4|spa|1\n|faint|p2a: Scizor\n|\n|-heal|p1a: \u90a3\u5973\u5b69\u5bf9\u6211\u8bf4|20\/100|[from] item: Leftovers\n|upkeep\n|\n|t:|1698670320\n|switch|p2a: Kommo-o|Kommo-o, F|84\/100 brn\n|turn|21\n|\n|t:|1698670331\n|-zpower|p2a: Kommo-o\n|move|p2a: Kommo-o|Clangorous Soulblaze|p1a: \u90a3\u5973\u5b69\u5bf9\u6211\u8bf4|[zeffect]\n|-damage|p1a: \u90a3\u5973\u5b69\u5bf9\u6211\u8bf4|0 fnt\n|faint|p1a: \u90a3\u5973\u5b69\u5bf9\u6211\u8bf4\n|-boost|p2a: Kommo-o|atk|1\n|-boost|p2a: Kommo-o|def|1\n|-boost|p2a: Kommo-o|spa|1\n|-boost|p2a: Kommo-o|spd|1\n|-boost|p2a: Kommo-o|spe|1\n|\n|-damage|p2a: Kommo-o|78\/100 brn|[from] brn\n|upkeep\n|\n|t:|1698670349\n|switch|p1a: \u6ce5\u5934\u8f66|Iron Treads, tera:Ground|100\/100\n|turn|22\n|\n|t:|1698670355\n|move|p2a: Kommo-o|Clanging Scales|p1a: \u6ce5\u5934\u8f66\n|-damage|p1a: \u6ce5\u5934\u8f66|1\/100\n|-unboost|p2a: Kommo-o|def|1\n|move|p1a: \u6ce5\u5934\u8f66|Earthquake|p2a: Kommo-o\n|-damage|p2a: Kommo-o|13\/100 brn\n|\n|-damage|p2a: Kommo-o|7\/100 brn|[from] brn\n|upkeep\n|turn|23\n|\n|t:|1698670375\n|move|p2a: Kommo-o|Flamethrower|p1a: \u6ce5\u5934\u8f66\n|-damage|p1a: \u6ce5\u5934\u8f66|0 fnt\n|faint|p1a: \u6ce5\u5934\u8f66\n|-end|p1a: \u6ce5\u5934\u8f66|Quark Drive|[silent]\n|\n|-damage|p2a: Kommo-o|1\/100 brn|[from] brn\n|upkeep\n|\n|t:|1698670381\n|switch|p1a: \u6d77\u8c5a\u4fa0\uff01|Palafin-Hero, M|86\/100\n|turn|24\n|\n|t:|1698670415\n|move|p2a: Kommo-o|Clanging Scales|p1a: \u6d77\u8c5a\u4fa0\uff01\n|-crit|p1a: \u6d77\u8c5a\u4fa0\uff01\n|-damage|p1a: \u6d77\u8c5a\u4fa0\uff01|0 fnt\n|faint|p1a: \u6d77\u8c5a\u4fa0\uff01\n|\n|win|youyu519\n|l|\u2606ozyman810975\n","uploadtime":1698670422,"views":8,"p1id":"ozyman810975","p2id":"youyu519","formatid":"gen9nationaldexubers","rating":0,"private":0,"password":""}