{"id":"gen9nationaldexubers-1982256371","p1":"TikToy","p2":"MrKhasuuu","format":"[Gen 9] National Dex Ubers","log":"|j|\u2606TikToy\n|j|\u2606MrKhasuuu\n|t:|1698985354\n|gametype|singles\n|player|p1|TikToy|nate|1082\n|player|p2|MrKhasuuu|hilbert|1111\n|teamsize|p1|6\n|teamsize|p2|6\n|gen|9\n|tier|[Gen 9] National Dex Ubers\n|rated|\n|rule|HP Percentage Mod: HP is shown in percentages\n|rule|Endless Battle Clause: Forcing endless battles is banned\n|rule|OHKO Clause: OHKO moves are banned\n|rule|Evasion Moves Clause: Evasion moves are banned\n|rule|Evasion Items Clause: Evasion items are banned\n|rule|Species Clause: Limit one of each Pok\u00e9mon\n|rule|Sleep Clause Mod: Limit one foe put to sleep\n|rule|Mega Rayquaza Clause: You cannot mega evolve Rayquaza\n|clearpoke\n|poke|p1|Inteleon, M|\n|poke|p1|Cinderace, M|\n|poke|p1|Zeraora|\n|poke|p1|Urshifu-*, M|\n|poke|p1|Dragapult, M|\n|poke|p1|Zacian-*|\n|poke|p2|Greninja-*, M|\n|poke|p2|Pelipper, M|\n|poke|p2|Swampert, M|\n|poke|p2|Palafin, M|\n|poke|p2|Dracovish|\n|poke|p2|Toxapex, F|\n|teampreview\n|inactive|Battle timer is ON: inactive players will automatically lose when time's up. (requested by MrKhasuuu)\n|inactive|TikToy has 120 seconds left.\n|\n|t:|1698985412\n|start\n|switch|p1a: Zeraora|Zeraora|100\/100\n|switch|p2a: Palafin|Palafin, M|100\/100\n|turn|1\n|\n|t:|1698985429\n|-terastallize|p1a: Zeraora|Flying\n|move|p2a: Palafin|Flip Turn|p1a: Zeraora\n|-damage|p1a: Zeraora|68\/100\n|\n|t:|1698985435\n|detailschange|p2a: Palafin|Palafin-Hero, M\n|switch|p2a: Swampert|Swampert, M|100\/100|[from] Flip Turn\n|move|p1a: Zeraora|Plasma Fists|p2a: Swampert\n|-immune|p2a: Swampert\n|\n|upkeep\n|turn|2\n|\n|t:|1698985458\n|switch|p1a: Snipzz|Inteleon, M|100\/100\n|detailschange|p2a: Swampert|Swampert-Mega, M\n|-mega|p2a: Swampert|Swampert|Swampertite\n|move|p2a: Swampert|Flip Turn|p1a: Snipzz\n|-resisted|p1a: Snipzz\n|-damage|p1a: Snipzz|68\/100\n|\n|t:|1698985475\n|switch|p2a: Dracovish|Dracovish|100\/100|[from] Flip Turn\n|\n|upkeep\n|turn|3\n|\n|t:|1698985485\n|move|p2a: Dracovish|Fishious Rend|p1a: Snipzz\n|-resisted|p1a: Snipzz\n|-damage|p1a: Snipzz|0 fnt\n|faint|p1a: Snipzz\n|\n|upkeep\n|\n|t:|1698985502\n|switch|p1a: Dragapult|Dragapult, M|100\/100\n|turn|4\n|\n|t:|1698985512\n|switch|p2a: Toxapex|Toxapex, F|100\/100\n|move|p1a: Dragapult|Dragon Darts|p2a: Toxapex\n|-damage|p2a: Toxapex|78\/100\n|-anim|p1a: Dragapult|Dragon Darts|p2a: Toxapex\n|-damage|p2a: Toxapex|55\/100\n|\n|-heal|p2a: Toxapex|62\/100|[from] item: Black Sludge\n|upkeep\n|turn|5\n|\n|t:|1698985524\n|move|p1a: Dragapult|Dragon Dance|p1a: Dragapult\n|-boost|p1a: Dragapult|atk|1\n|-boost|p1a: Dragapult|spe|1\n|move|p2a: Toxapex|Toxic|p1a: Dragapult\n|-status|p1a: Dragapult|tox\n|\n|-heal|p2a: Toxapex|68\/100|[from] item: Black Sludge\n|-damage|p1a: Dragapult|95\/100 tox|[from] psn\n|upkeep\n|turn|6\n|\n|t:|1698985533\n|move|p2a: Toxapex|Baneful Bunker|p2a: Toxapex\n|-singleturn|p2a: Toxapex|move: Protect\n|move|p1a: Dragapult|Dragon Dance|p1a: Dragapult\n|-boost|p1a: Dragapult|atk|1\n|-boost|p1a: Dragapult|spe|1\n|\n|-heal|p2a: Toxapex|74\/100|[from] item: Black Sludge\n|-damage|p1a: Dragapult|83\/100 tox|[from] psn\n|upkeep\n|turn|7\n|\n|t:|1698985544\n|move|p1a: Dragapult|Dragon Darts|p2a: Toxapex\n|-damage|p2a: Toxapex|32\/100\n|-anim|p1a: Dragapult|Dragon Darts|p2a: Toxapex\n|-damage|p2a: Toxapex|0 fnt\n|faint|p2a: Toxapex\n|\n|-damage|p1a: Dragapult|65\/100 tox|[from] psn\n|upkeep\n|\n|t:|1698985562\n|switch|p2a: Pelipper|Pelipper, M|100\/100\n|-weather|RainDance|[from] ability: Drizzle|[of] p2a: Pelipper\n|turn|8\n|inactive|TikToy has 120 seconds left.\n|\n|t:|1698985592\n|move|p1a: Dragapult|Dragon Darts|p2a: Pelipper\n|-damage|p2a: Pelipper|19\/100\n|-anim|p1a: Dragapult|Dragon Darts|p2a: Pelipper\n|-damage|p2a: Pelipper|0 fnt\n|faint|p2a: Pelipper\n|\n|-weather|RainDance|[upkeep]\n|-damage|p1a: Dragapult|41\/100 tox|[from] psn\n|upkeep\n|\n|t:|1698985602\n|switch|p2a: Dracovish|Dracovish|100\/100\n|turn|9\n|\n|t:|1698985606\n|move|p1a: Dragapult|Dragon Darts|p2a: Dracovish\n|-supereffective|p2a: Dracovish\n|-damage|p2a: Dracovish|0 fnt\n|faint|p2a: Dracovish\n|\n|-weather|RainDance|[upkeep]\n|-damage|p1a: Dragapult|11\/100 tox|[from] psn\n|upkeep\n|\n|t:|1698985617\n|switch|p2a: Swampert|Swampert-Mega, M|100\/100\n|turn|10\n|\n|t:|1698985622\n|move|p1a: Dragapult|Dragon Darts|p2a: Swampert\n|-damage|p2a: Swampert|41\/100\n|-anim|p1a: Dragapult|Dragon Darts|p2a: Swampert\n|-damage|p2a: Swampert|0 fnt\n|faint|p2a: Swampert\n|\n|-weather|RainDance|[upkeep]\n|-damage|p1a: Dragapult|0 fnt|[from] psn\n|faint|p1a: Dragapult\n|upkeep\n|\n|t:|1698985634\n|switch|p1a: Zeraora|Zeraora, tera:Flying|68\/100\n|switch|p2a: Greninja|Greninja, M|100\/100\n|turn|11\n|\n|t:|1698985648\n|move|p1a: Zeraora|Plasma Fists|p2a: Greninja\n|-supereffective|p2a: Greninja\n|-damage|p2a: Greninja|0 fnt\n|-fieldactivate|move: Ion Deluge\n|-hint|Normal-type moves become Electric-type after using Plasma Fists.\n|faint|p2a: Greninja\n|\n|-weather|RainDance|[upkeep]\n|upkeep\n|\n|t:|1698985656\n|switch|p2a: Palafin|Palafin-Hero, M|100\/100\n|-activate|p2a: Palafin|ability: Zero to Hero\n|turn|12\n|\n|t:|1698985664\n|move|p2a: Palafin|Wave Crash|p1a: Zeraora\n|-damage|p1a: Zeraora|0 fnt\n|faint|p1a: Zeraora\n|-damage|p2a: Palafin|80\/100|[from] Recoil\n|\n|-weather|none\n|upkeep\n|\n|t:|1698985677\n|switch|p1a: Cinderace|Cinderace, M|100\/100\n|turn|13\n|\n|t:|1698985684\n|-terastallize|p2a: Palafin|Water\n|move|p2a: Palafin|Wave Crash|p1a: Cinderace\n|-supereffective|p1a: Cinderace\n|-damage|p1a: Cinderace|0 fnt\n|faint|p1a: Cinderace\n|-damage|p2a: Palafin|51\/100|[from] Recoil\n|\n|upkeep\n|\n|t:|1698985705\n|switch|p1a: Urshifu|Urshifu, M|100\/100\n|turn|14\n|\n|t:|1698985714\n|move|p1a: Urshifu|Sucker Punch|p2a: Palafin\n|-damage|p2a: Palafin|0 fnt\n|faint|p2a: Palafin\n|\n|win|TikToy\n|raw|TikToy's rating: 1082 &rarr; <strong>1112<\/strong><br \/>(+30 for winning)\n|raw|MrKhasuuu's rating: 1111 &rarr; <strong>1084<\/strong><br \/>(-27 for losing)\n|l|\u2606MrKhasuuu\n","uploadtime":1698985722,"views":8,"p1id":"tiktoy","p2id":"mrkhasuuu","formatid":"gen9nationaldexubers","rating":1084,"private":0,"password":""}