{"id":"gen9nationaldexubers-1983468360","p1":"dr4conic","p2":"not a blue guy","format":"[Gen 9] National Dex Ubers","log":"|j|\u2606dr4conic\n|j|\u2606not a blue guy\n|t:|1699133334\n|gametype|singles\n|player|p1|dr4conic|veteran|1062\n|player|p2|not a blue guy|falkner|1091\n|teamsize|p1|6\n|teamsize|p2|6\n|gen|9\n|tier|[Gen 9] National Dex Ubers\n|rated|\n|rule|HP Percentage Mod: HP is shown in percentages\n|rule|Endless Battle Clause: Forcing endless battles is banned\n|rule|OHKO Clause: OHKO moves are banned\n|rule|Evasion Moves Clause: Evasion moves are banned\n|rule|Evasion Items Clause: Evasion items are banned\n|rule|Species Clause: Limit one of each Pok\u00e9mon\n|rule|Sleep Clause Mod: Limit one foe put to sleep\n|rule|Mega Rayquaza Clause: You cannot mega evolve Rayquaza\n|clearpoke\n|poke|p1|Dugtrio, M|\n|poke|p1|Nidoking, M|\n|poke|p1|Nidoqueen, F|\n|poke|p1|Rhydon, F|\n|poke|p1|Persian, F|\n|poke|p1|Mewtwo|\n|poke|p2|Overqwil, F|\n|poke|p2|Starmie|\n|poke|p2|Ribombee, F|\n|poke|p2|Enamorus-Therian, F|\n|poke|p2|Annihilape, M|\n|poke|p2|Ditto|\n|teampreview\n|j| BigDrifblims\n|j| tjgggfsnnsnfsfgn\n|j| RATMOGS\n|j| imbleach\n|inactive|Battle timer is ON: inactive players will automatically lose when time's up. (requested by dr4conic)\n|\n|t:|1699133381\n|start\n|switch|p1a: Dugtrio|Dugtrio, M|100\/100\n|switch|p2a: (._.)|Starmie|100\/100\n|turn|1\n|\n|t:|1699133390\n|move|p1a: Dugtrio|Body Slam|p2a: (._.)\n|-damage|p2a: (._.)|64\/100\n|move|p2a: (._.)|Psyshock|p1a: Dugtrio\n|-enditem|p1a: Dugtrio|Focus Sash\n|-damage|p1a: Dugtrio|1\/100\n|\n|upkeep\n|turn|2\n|\n|t:|1699133397\n|move|p1a: Dugtrio|Sucker Punch|p2a: (._.)\n|-supereffective|p2a: (._.)\n|-damage|p2a: (._.)|7\/100\n|move|p2a: (._.)|Psyshock|p1a: Dugtrio\n|-damage|p1a: Dugtrio|0 fnt\n|faint|p1a: Dugtrio\n|\n|upkeep\n|\n|t:|1699133405\n|switch|p1a: Persian|Persian, F|100\/100\n|turn|3\n|j| discord raider\n|\n|t:|1699133410\n|move|p1a: Persian|Fake Out|p2a: (._.)\n|-damage|p2a: (._.)|0 fnt\n|faint|p2a: (._.)\n|\n|upkeep\n|\n|t:|1699133415\n|switch|p2a: autism turtle?????|Enamorus-Therian, F|100\/100\n|turn|4\n|\n|t:|1699133422\n|switch|p1a: Nidoqueen|Nidoqueen, F|100\/100\n|move|p2a: autism turtle?????|Iron Defense|p2a: autism turtle?????\n|-boost|p2a: autism turtle?????|def|2\n|\n|upkeep\n|turn|5\n|\n|t:|1699133431\n|-terastallize|p2a: autism turtle?????|Water\n|move|p1a: Nidoqueen|Poison Jab|p2a: autism turtle?????\n|-damage|p2a: autism turtle?????|82\/100\n|move|p2a: autism turtle?????|Calm Mind|p2a: autism turtle?????\n|-boost|p2a: autism turtle?????|spa|1\n|-boost|p2a: autism turtle?????|spd|1\n|\n|-heal|p2a: autism turtle?????|89\/100|[from] item: Leftovers\n|upkeep\n|turn|6\n|\n|t:|1699133446\n|switch|p1a: Rhydon|Rhydon, F|100\/100\n|move|p2a: autism turtle?????|Calm Mind|p2a: autism turtle?????\n|-boost|p2a: autism turtle?????|spa|1\n|-boost|p2a: autism turtle?????|spd|1\n|\n|-heal|p2a: autism turtle?????|95\/100|[from] item: Leftovers\n|upkeep\n|turn|7\n|j| less might be more\n|\n|t:|1699133460\n|move|p2a: autism turtle?????|Iron Defense|p2a: autism turtle?????\n|-boost|p2a: autism turtle?????|def|2\n|move|p1a: Rhydon|Toxic|p2a: autism turtle?????\n|-status|p2a: autism turtle?????|tox\n|\n|-heal|p2a: autism turtle?????|100\/100 tox|[from] item: Leftovers\n|-damage|p2a: autism turtle?????|94\/100 tox|[from] psn\n|upkeep\n|turn|8\n|\n|t:|1699133473\n|move|p2a: autism turtle?????|Draining Kiss|p1a: Rhydon\n|-damage|p1a: Rhydon|73\/100\n|-heal|p2a: autism turtle?????|100\/100 tox|[from] drain|[of] p1a: Rhydon\n|move|p1a: Rhydon|Iron Defense|p1a: Rhydon\n|-boost|p1a: Rhydon|def|2\n|\n|-damage|p2a: autism turtle?????|88\/100 tox|[from] psn\n|upkeep\n|turn|9\n|\n|t:|1699133484\n|move|p2a: autism turtle?????|Draining Kiss|p1a: Rhydon\n|-damage|p1a: Rhydon|46\/100\n|-heal|p2a: autism turtle?????|100\/100 tox|[from] drain|[of] p1a: Rhydon\n|move|p1a: Rhydon|Earthquake|p2a: autism turtle?????\n|-damage|p2a: autism turtle?????|87\/100 tox\n|\n|-heal|p2a: autism turtle?????|93\/100 tox|[from] item: Leftovers\n|-damage|p2a: autism turtle?????|74\/100 tox|[from] psn\n|upkeep\n|turn|10\n|\n|t:|1699133495\n|move|p2a: autism turtle?????|Draining Kiss|p1a: Rhydon\n|-damage|p1a: Rhydon|15\/100\n|-heal|p2a: autism turtle?????|100\/100 tox|[from] drain|[of] p1a: Rhydon\n|move|p1a: Rhydon|Earthquake|p2a: autism turtle?????\n|-damage|p2a: autism turtle?????|87\/100 tox\n|\n|-heal|p2a: autism turtle?????|93\/100 tox|[from] item: Leftovers\n|-damage|p2a: autism turtle?????|68\/100 tox|[from] psn\n|upkeep\n|turn|11\n|\n|t:|1699133505\n|move|p2a: autism turtle?????|Draining Kiss|p1a: Rhydon\n|-damage|p1a: Rhydon|0 fnt\n|-heal|p2a: autism turtle?????|81\/100 tox|[from] drain|[of] p1a: Rhydon\n|faint|p1a: Rhydon\n|\n|-heal|p2a: autism turtle?????|88\/100 tox|[from] item: Leftovers\n|-damage|p2a: autism turtle?????|56\/100 tox|[from] psn\n|upkeep\n|\n|t:|1699133515\n|switch|p1a: Persian|Persian, F|100\/100\n|turn|12\n|\n|t:|1699133519\n|move|p1a: Persian|Fake Out|p2a: autism turtle?????\n|-damage|p2a: autism turtle?????|50\/100 tox\n|cant|p2a: autism turtle?????|flinch\n|\n|-heal|p2a: autism turtle?????|56\/100 tox|[from] item: Leftovers\n|-damage|p2a: autism turtle?????|19\/100 tox|[from] psn\n|upkeep\n|turn|13\n|\n|t:|1699133528\n|switch|p1a: Nidoqueen|Nidoqueen, F|100\/100\n|move|p2a: autism turtle?????|Draining Kiss|p1a: Nidoqueen\n|-resisted|p1a: Nidoqueen\n|-damage|p1a: Nidoqueen|72\/100\n|-heal|p2a: autism turtle?????|39\/100 tox|[from] drain|[of] p1a: Nidoqueen\n|\n|-heal|p2a: autism turtle?????|45\/100 tox|[from] item: Leftovers\n|-damage|p2a: autism turtle?????|1\/100 tox|[from] psn\n|upkeep\n|turn|14\n|l|\u2606not a blue guy\n|inactive|not a blue guy disconnected and has a minute to reconnect!\n|player|p2|\n|\n|t:|1699133541\n|move|p1a: Nidoqueen|Earthquake|p2a: autism turtle?????\n|-damage|p2a: autism turtle?????|0 fnt\n|faint|p2a: autism turtle?????\n|\n|upkeep\n|j|\u2606not a blue guy\n|inactive|not a blue guy reconnected and has 145 seconds left.\n|player|p2|not a blue guy|falkner\n|l| less might be more\n|j| less might be more\n|\n|t:|1699133563\n|switch|p2a: snover-hisui|Overqwil, F|100\/100\n|-ability|p2a: snover-hisui|Intimidate|boost\n|-unboost|p1a: Nidoqueen|atk|1\n|turn|15\n|\n|t:|1699133568\n|move|p1a: Nidoqueen|Earthquake|p2a: snover-hisui\n|-supereffective|p2a: snover-hisui\n|-damage|p2a: snover-hisui|60\/100\n|move|p2a: snover-hisui|Swords Dance|p2a: snover-hisui\n|-boost|p2a: snover-hisui|atk|2\n|\n|upkeep\n|turn|16\n|\n|t:|1699133577\n|switch|p1a: Nidoking|Nidoking, M|100\/100\n|move|p2a: snover-hisui|Crunch|p1a: Nidoking\n|-damage|p1a: Nidoking|10\/100\n|\n|upkeep\n|turn|17\n|\n|t:|1699133584\n|move|p2a: snover-hisui|Crunch|p1a: Nidoking\n|-damage|p1a: Nidoking|0 fnt\n|faint|p1a: Nidoking\n|\n|upkeep\n|\n|t:|1699133591\n|switch|p1a: Nidoqueen|Nidoqueen, F|72\/100\n|turn|18\n|l| BigDrifblims\n|\n|t:|1699133596\n|move|p1a: Nidoqueen|Earthquake|p2a: snover-hisui\n|-supereffective|p2a: snover-hisui\n|-damage|p2a: snover-hisui|0 fnt\n|faint|p2a: snover-hisui\n|\n|upkeep\n|l| tjgggfsnnsnfsfgn\n|\n|t:|1699133602\n|switch|p2a: hass att|Annihilape, M|100\/100\n|turn|19\n|j| BigDrifblims\n|\n|t:|1699133609\n|move|p1a: Nidoqueen|Earthquake|p2a: hass att\n|-damage|p2a: hass att|59\/100\n|move|p2a: hass att|Bulk Up|p2a: hass att\n|-boost|p2a: hass att|atk|1\n|-boost|p2a: hass att|def|1\n|\n|-heal|p2a: hass att|65\/100|[from] item: Leftovers\n|upkeep\n|turn|20\n|j| adsghafdbafdb\n|\n|t:|1699133618\n|move|p1a: Nidoqueen|Earthquake|p2a: hass att\n|-damage|p2a: hass att|40\/100\n|move|p2a: hass att|Rage Fist|p1a: Nidoqueen\n|-damage|p1a: Nidoqueen|0 fnt\n|faint|p1a: Nidoqueen\n|\n|-heal|p2a: hass att|46\/100|[from] item: Leftovers\n|upkeep\n|\n|t:|1699133628\n|switch|p1a: Persian|Persian, F|100\/100\n|turn|21\n|\n|t:|1699133632\n|-zpower|p1a: Persian\n|move|p1a: Persian|Supersonic Skystrike|p2a: hass att|[zeffect]\n|-supereffective|p2a: hass att\n|-damage|p2a: hass att|12\/100\n|move|p2a: hass att|Drain Punch|p1a: Persian\n|-supereffective|p1a: Persian\n|-damage|p1a: Persian|0 fnt\n|-heal|p2a: hass att|44\/100|[from] drain|[of] p1a: Persian\n|faint|p1a: Persian\n|\n|-heal|p2a: hass att|51\/100|[from] item: Leftovers\n|upkeep\n|\n|t:|1699133646\n|switch|p1a: Mewtwo|Mewtwo|100\/100\n|-ability|p1a: Mewtwo|Unnerve\n|turn|22\n|\n|t:|1699133652\n|detailschange|p1a: Mewtwo|Mewtwo-Mega-X\n|-mega|p1a: Mewtwo|Mewtwo|Mewtwonite X\n|move|p1a: Mewtwo|Zen Headbutt|p2a: hass att\n|-supereffective|p2a: hass att\n|-damage|p2a: hass att|0 fnt\n|faint|p2a: hass att\n|\n|upkeep\n|\n|t:|1699133659\n|switch|p2a: webs up gg|Ribombee, F|100\/100\n|turn|23\n|\n|t:|1699133665\n|move|p2a: webs up gg|Moonblast|p1a: Mewtwo\n|-supereffective|p1a: Mewtwo\n|-damage|p1a: Mewtwo|0 fnt\n|faint|p1a: Mewtwo\n|\n|win|not a blue guy\n|raw|dr4conic's rating: 1062 &rarr; <strong>1044<\/strong><br \/>(-18 for losing)\n|raw|not a blue guy's rating: 1091 &rarr; <strong>1115<\/strong><br \/>(+24 for winning)\n|c|\u2606dr4conic|Ggs\n","uploadtime":1699133702,"views":4,"p1id":"dr4conic","p2id":"notablueguy","formatid":"gen9nationaldexubers","rating":1044,"private":0,"password":""}