{"id":"gen9nationaldexubers-1986407556","p1":"SuperSonic26 AE","p2":"Terrarian543","format":"[Gen 9] National Dex Ubers","log":"|j|\u2606SuperSonic26 AE\n|j|\u2606Terrarian543\n|t:|1699476417\n|gametype|singles\n|player|p1|SuperSonic26 AE|red-masters|1226\n|player|p2|Terrarian543|unknown|1242\n|teamsize|p1|6\n|teamsize|p2|6\n|gen|9\n|tier|[Gen 9] National Dex Ubers\n|rated|\n|rule|HP Percentage Mod: HP is shown in percentages\n|rule|Endless Battle Clause: Forcing endless battles is banned\n|rule|OHKO Clause: OHKO moves are banned\n|rule|Evasion Moves Clause: Evasion moves are banned\n|rule|Evasion Items Clause: Evasion items are banned\n|rule|Species Clause: Limit one of each Pok\u00e9mon\n|rule|Sleep Clause Mod: Limit one foe put to sleep\n|rule|Mega Rayquaza Clause: You cannot mega evolve Rayquaza\n|clearpoke\n|poke|p1|Zygarde|\n|poke|p1|Banette, F|\n|poke|p1|Kyogre|\n|poke|p1|Deoxys-Attack|\n|poke|p1|Yveltal|\n|poke|p1|Pheromosa|\n|poke|p2|Deoxys-Speed|\n|poke|p2|Serperior, F|\n|poke|p2|Calyrex-Ice|\n|poke|p2|Volcarona, F|\n|poke|p2|Clefable, M|\n|poke|p2|Kingambit, F|\n|teampreview\n|inactive|Battle timer is ON: inactive players will automatically lose when time's up. (requested by Terrarian543)\n|\n|t:|1699476426\n|start\n|switch|p1a: Cybertron|Zygarde|100\/100\n|switch|p2a: Have Magic Bounce|Deoxys-Speed|100\/100\n|-ability|p2a: Have Magic Bounce|Pressure\n|turn|1\n|\n|t:|1699476432\n|move|p2a: Have Magic Bounce|Stealth Rock|p1a: Cybertron\n|-sidestart|p1: SuperSonic26 AE|move: Stealth Rock\n|move|p1a: Cybertron|Dragon Dance|p1a: Cybertron\n|-boost|p1a: Cybertron|atk|1\n|-boost|p1a: Cybertron|spe|1\n|\n|upkeep\n|turn|2\n|\n|t:|1699476435\n|move|p2a: Have Magic Bounce|Taunt|p1a: Cybertron\n|-start|p1a: Cybertron|move: Taunt\n|cant|p1a: Cybertron|move: Taunt|Dragon Dance\n|\n|upkeep\n|turn|3\n|\n|t:|1699476439\n|move|p2a: Have Magic Bounce|Spikes|p1a: Cybertron\n|-sidestart|p1: SuperSonic26 AE|Spikes\n|move|p1a: Cybertron|Breaking Swipe|p2a: Have Magic Bounce\n|-damage|p2a: Have Magic Bounce|65\/100\n|-unboost|p2a: Have Magic Bounce|atk|1\n|\n|upkeep\n|turn|4\n|\n|t:|1699476443\n|move|p2a: Have Magic Bounce|Spikes|p1a: Cybertron\n|-sidestart|p1: SuperSonic26 AE|Spikes\n|move|p1a: Cybertron|Breaking Swipe|p2a: Have Magic Bounce\n|-damage|p2a: Have Magic Bounce|25\/100\n|-unboost|p2a: Have Magic Bounce|atk|1\n|\n|-end|p1a: Cybertron|move: Taunt\n|upkeep\n|turn|5\n|\n|t:|1699476446\n|move|p1a: Cybertron|Extreme Speed|p2a: Have Magic Bounce\n|-damage|p2a: Have Magic Bounce|0 fnt\n|faint|p2a: Have Magic Bounce\n|\n|upkeep\n|\n|t:|1699476453\n|switch|p2a: Kill It|Clefable, M|100\/100\n|turn|6\n|\n|t:|1699476457\n|move|p1a: Cybertron|Thousand Arrows|p2a: Kill It\n|-damage|p2a: Kill It|66\/100\n|move|p2a: Kill It|Thunder Wave|p1a: Cybertron\n|-immune|p1a: Cybertron\n|\n|-heal|p2a: Kill It|72\/100|[from] item: Leftovers\n|upkeep\n|turn|7\n|\n|t:|1699476468\n|move|p1a: Cybertron|Thousand Arrows|p2a: Kill It\n|-damage|p2a: Kill It|37\/100\n|move|p2a: Kill It|Knock Off|p1a: Cybertron\n|-damage|p1a: Cybertron|92\/100\n|-enditem|p1a: Cybertron|Leftovers|[from] move: Knock Off|[of] p2a: Kill It\n|\n|-heal|p2a: Kill It|43\/100|[from] item: Leftovers\n|upkeep\n|turn|8\n|\n|t:|1699476473\n|move|p1a: Cybertron|Thousand Arrows|p2a: Kill It\n|-damage|p2a: Kill It|10\/100\n|move|p2a: Kill It|Soft-Boiled|p2a: Kill It\n|-heal|p2a: Kill It|60\/100\n|\n|-heal|p2a: Kill It|66\/100|[from] item: Leftovers\n|upkeep\n|turn|9\n|\n|t:|1699476479\n|move|p1a: Cybertron|Dragon Dance|p1a: Cybertron\n|-boost|p1a: Cybertron|atk|1\n|-boost|p1a: Cybertron|spe|1\n|move|p2a: Kill It|Soft-Boiled|p2a: Kill It\n|-heal|p2a: Kill It|100\/100\n|\n|upkeep\n|turn|10\n|\n|t:|1699476487\n|switch|p2a: Have Taunt|Serperior, F|100\/100\n|move|p1a: Cybertron|Thousand Arrows|p2a: Have Taunt\n|-resisted|p2a: Have Taunt\n|-damage|p2a: Have Taunt|68\/100\n|\n|-heal|p2a: Have Taunt|74\/100|[from] item: Leftovers\n|upkeep\n|turn|11\n|\n|t:|1699476491\n|move|p1a: Cybertron|Breaking Swipe|p2a: Have Taunt\n|-damage|p2a: Have Taunt|33\/100\n|-boost|p2a: Have Taunt|atk|1\n|move|p2a: Have Taunt|Glare|p1a: Cybertron\n|-status|p1a: Cybertron|par\n|\n|-heal|p2a: Have Taunt|39\/100|[from] item: Leftovers\n|upkeep\n|turn|12\n|\n|t:|1699476500\n|move|p1a: Cybertron|Extreme Speed|p2a: Have Taunt\n|-damage|p2a: Have Taunt|5\/100\n|move|p2a: Have Taunt|Substitute|p2a: Have Taunt\n|-fail|p2a: Have Taunt|move: Substitute|[weak]\n|\n|-heal|p2a: Have Taunt|11\/100|[from] item: Leftovers\n|upkeep\n|turn|13\n|\n|t:|1699476506\n|move|p1a: Cybertron|Extreme Speed|p2a: Have Taunt\n|-damage|p2a: Have Taunt|0 fnt\n|faint|p2a: Have Taunt\n|\n|upkeep\n|\n|t:|1699476508\n|switch|p2a: Just Throw A Rock|Volcarona, F, shiny|100\/100\n|turn|14\n|\n|t:|1699476524\n|switch|p2a: Kill It|Clefable, M|100\/100\n|move|p1a: Cybertron|Thousand Arrows|p2a: Kill It\n|-damage|p2a: Kill It|58\/100\n|\n|-heal|p2a: Kill It|64\/100|[from] item: Leftovers\n|upkeep\n|turn|15\n|\n|t:|1699476531\n|move|p1a: Cybertron|Dragon Dance|p1a: Cybertron\n|-boost|p1a: Cybertron|atk|1\n|-boost|p1a: Cybertron|spe|1\n|move|p2a: Kill It|Soft-Boiled|p2a: Kill It\n|-heal|p2a: Kill It|100\/100\n|\n|upkeep\n|turn|16\n|\n|t:|1699476535\n|switch|p2a: Don\u2019t Die|Calyrex-Ice|100\/100\n|-ability|p2a: Don\u2019t Die|As One\n|-ability|p2a: Don\u2019t Die|Unnerve\n|cant|p1a: Cybertron|par\n|\n|upkeep\n|turn|17\n|\n|t:|1699476540\n|-terastallize|p1a: Cybertron|Steel\n|move|p1a: Cybertron|Breaking Swipe|p2a: Don\u2019t Die\n|-damage|p2a: Don\u2019t Die|67\/100\n|-unboost|p2a: Don\u2019t Die|atk|1\n|move|p2a: Don\u2019t Die|Glacial Lance|p1a: Cybertron\n|-resisted|p1a: Cybertron\n|-damage|p1a: Cybertron|78\/100 par\n|\n|upkeep\n|turn|18\n|\n|t:|1699476549\n|move|p1a: Cybertron|Thousand Arrows|p2a: Don\u2019t Die\n|-damage|p2a: Don\u2019t Die|16\/100\n|move|p2a: Don\u2019t Die|High Horsepower|p1a: Cybertron\n|-supereffective|p1a: Cybertron\n|-damage|p1a: Cybertron|46\/100 par\n|\n|-activate|p1a: Cybertron|ability: Power Construct\n|detailschange|p1a: Cybertron|Zygarde-Complete, tera:Steel\n|-heal|p1a: Cybertron|65\/100 par|[silent]\n|upkeep\n|turn|19\n|\n|t:|1699476554\n|move|p1a: Cybertron|Thousand Arrows|p2a: Don\u2019t Die\n|-damage|p2a: Don\u2019t Die|0 fnt\n|faint|p2a: Don\u2019t Die\n|\n|upkeep\n|\n|t:|1699476558\n|switch|p2a: Just Throw A Rock|Volcarona, F, shiny|100\/100\n|turn|20\n|\n|t:|1699476562\n|move|p2a: Just Throw A Rock|Flamethrower|p1a: Cybertron\n|-supereffective|p1a: Cybertron\n|-damage|p1a: Cybertron|10\/100 par\n|move|p1a: Cybertron|Thousand Arrows|p2a: Just Throw A Rock\n|-damage|p2a: Just Throw A Rock|0 fnt\n|faint|p2a: Just Throw A Rock\n|\n|upkeep\n|\n|t:|1699476565\n|switch|p2a: Kill It|Clefable, M|100\/100\n|turn|21\n|\n|t:|1699476573\n|cant|p1a: Cybertron|par\n|move|p2a: Kill It|Knock Off|p1a: Cybertron\n|-damage|p1a: Cybertron|6\/100 par\n|\n|upkeep\n|turn|22\n|\n|t:|1699476577\n|cant|p1a: Cybertron|par\n|move|p2a: Kill It|Knock Off|p1a: Cybertron\n|-damage|p1a: Cybertron|2\/100 par\n|\n|upkeep\n|turn|23\n|\n|t:|1699476580\n|move|p1a: Cybertron|Thousand Arrows|p2a: Kill It\n|-damage|p2a: Kill It|37\/100\n|move|p2a: Kill It|Knock Off|p1a: Cybertron\n|-damage|p1a: Cybertron|0 fnt\n|faint|p1a: Cybertron\n|\n|-heal|p2a: Kill It|43\/100|[from] item: Leftovers\n|upkeep\n|\n|t:|1699476584\n|switch|p1a: Normal Bug|Pheromosa, shiny|100\/100\n|turn|24\n|\n|t:|1699476587\n|move|p1a: Normal Bug|Rapid Spin|p2a: Kill It\n|-damage|p2a: Kill It|29\/100\n|-boost|p1a: Normal Bug|spe|1\n|-sideend|p1: SuperSonic26 AE|Spikes|[from] move: Rapid Spin|[of] p1a: Normal Bug\n|-sideend|p1: SuperSonic26 AE|Stealth Rock|[from] move: Rapid Spin|[of] p1a: Normal Bug\n|move|p2a: Kill It|Thunder Wave|p1a: Normal Bug\n|-status|p1a: Normal Bug|par\n|\n|-heal|p2a: Kill It|36\/100|[from] item: Leftovers\n|upkeep\n|turn|25\n|\n|t:|1699476593\n|move|p1a: Normal Bug|U-turn|p2a: Kill It\n|-resisted|p2a: Kill It\n|-damage|p2a: Kill It|22\/100\n|\n|t:|1699476598\n|switch|p1a: Cooler|Deoxys-Attack|100\/100|[from] U-turn\n|-ability|p1a: Cooler|Pressure\n|move|p2a: Kill It|Soft-Boiled|p2a: Kill It\n|-heal|p2a: Kill It|72\/100\n|\n|-heal|p2a: Kill It|78\/100|[from] item: Leftovers\n|upkeep\n|turn|26\n|\n|t:|1699476601\n|move|p1a: Cooler|Meteor Mash|p2a: Kill It|[miss]\n|-miss|p1a: Cooler|p2a: Kill It\n|move|p2a: Kill It|Thunder Wave|p1a: Cooler\n|-status|p1a: Cooler|par\n|\n|-heal|p2a: Kill It|84\/100|[from] item: Leftovers\n|upkeep\n|turn|27\n|\n|t:|1699476605\n|cant|p1a: Cooler|par\n|move|p2a: Kill It|Soft-Boiled|p2a: Kill It\n|-heal|p2a: Kill It|100\/100\n|\n|upkeep\n|turn|28\n|\n|t:|1699476607\n|move|p1a: Cooler|Meteor Mash|p2a: Kill It\n|-supereffective|p2a: Kill It\n|-damage|p2a: Kill It|40\/100\n|move|p2a: Kill It|Knock Off|p1a: Cooler\n|-supereffective|p1a: Cooler\n|-enditem|p1a: Cooler|Focus Sash\n|-damage|p1a: Cooler|1\/100 par\n|\n|-heal|p2a: Kill It|46\/100|[from] item: Leftovers\n|upkeep\n|turn|29\n|\n|t:|1699476612\n|move|p1a: Cooler|Psycho Boost|p2a: Kill It\n|-damage|p2a: Kill It|0 fnt\n|-unboost|p1a: Cooler|spa|2\n|faint|p2a: Kill It\n|\n|upkeep\n|\n|t:|1699476614\n|switch|p2a: Don\u2019t Attack|Kingambit, F|100\/100\n|-activate|p2a: Don\u2019t Attack|ability: Supreme Overlord\n|-start|p2a: Don\u2019t Attack|fallen5|[silent]\n|turn|30\n|\n|t:|1699476622\n|-terastallize|p2a: Don\u2019t Attack|Dark\n|move|p1a: Cooler|Extreme Speed|p2a: Don\u2019t Attack\n|-damage|p2a: Don\u2019t Attack|75\/100\n|move|p2a: Don\u2019t Attack|Sucker Punch||[still]\n|-fail|p2a: Don\u2019t Attack\n|\n|upkeep\n|turn|31\n|\n|t:|1699476626\n|move|p1a: Cooler|Extreme Speed|p2a: Don\u2019t Attack\n|-damage|p2a: Don\u2019t Attack|46\/100\n|move|p2a: Don\u2019t Attack|Kowtow Cleave|p1a: Cooler\n|-supereffective|p1a: Cooler\n|-damage|p1a: Cooler|0 fnt\n|faint|p1a: Cooler\n|\n|upkeep\n|\n|t:|1699476632\n|switch|p1a: Normal Bug|Pheromosa, shiny|100\/100 par\n|turn|32\n|\n|t:|1699476637\n|move|p1a: Normal Bug|Close Combat|p2a: Don\u2019t Attack\n|-supereffective|p2a: Don\u2019t Attack\n|-damage|p2a: Don\u2019t Attack|0 fnt\n|-unboost|p1a: Normal Bug|def|1\n|-unboost|p1a: Normal Bug|spd|1\n|faint|p2a: Don\u2019t Attack\n|-end|p2a: Don\u2019t Attack|fallen5|[silent]\n|\n|win|SuperSonic26 AE\n|raw|SuperSonic26 AE's rating: 1226 &rarr; <strong>1252<\/strong><br \/>(+26 for winning)\n|raw|Terrarian543's rating: 1242 &rarr; <strong>1216<\/strong><br \/>(-26 for losing)\n|l|\u2606Terrarian543\n","uploadtime":1699476650,"views":6,"p1id":"supersonic26ae","p2id":"terrarian543","formatid":"gen9nationaldexubers","rating":1216,"private":0,"password":""}