{"id":"gen9nationaldexubers-1995123855","p1":"Hayakawa00aki","p2":"JustMonika_CARR","format":"[Gen 9] National Dex Ubers","log":"|j|\u2606Hayakawa00aki\n|j|\u2606JustMonika_CARR\n|t:|1700525198\n|gametype|singles\n|player|p1|Hayakawa00aki|dawn|1488\n|player|p2|JustMonika_CARR|dawn|1404\n|teamsize|p1|6\n|teamsize|p2|6\n|gen|9\n|tier|[Gen 9] National Dex Ubers\n|rated|\n|rule|HP Percentage Mod: HP is shown in percentages\n|rule|Endless Battle Clause: Forcing endless battles is banned\n|rule|OHKO Clause: OHKO moves are banned\n|rule|Evasion Moves Clause: Evasion moves are banned\n|rule|Evasion Items Clause: Evasion items are banned\n|rule|Species Clause: Limit one of each Pok\u00e9mon\n|rule|Sleep Clause Mod: Limit one foe put to sleep\n|rule|Mega Rayquaza Clause: You cannot mega evolve Rayquaza\n|clearpoke\n|poke|p1|Ceruledge, M|\n|poke|p1|Chien-Pao|\n|poke|p1|Marshadow|\n|poke|p1|Groudon|\n|poke|p1|Glimmora, M|\n|poke|p1|Garganacl, M|\n|poke|p2|Shuckle, M|\n|poke|p2|Deoxys-Speed|\n|poke|p2|Arceus|\n|poke|p2|Forretress, M|\n|poke|p2|Magearna|\n|poke|p2|Pyukumuku, F|\n|teampreview\n|\n|t:|1700525203\n|start\n|switch|p1a: Glimmora|Glimmora, M|100\/100\n|switch|p2a: Forretress|Forretress, M, shiny|100\/100\n|turn|1\n|c|\u2606JustMonika_CARR|glhf\n|c|\u2606Hayakawa00aki|hi agaun\n|\n|t:|1700525215\n|switch|p1a: Groudon|Groudon, shiny|100\/100\n|detailschange|p1a: Groudon|Groudon-Primal, shiny\n|-primal|p1a: Groudon|Red Orb\n|-weather|DesolateLand|[from] ability: Desolate Land|[of] p1a: Groudon\n|move|p2a: Forretress|Toxic Spikes|p1a: Groudon\n|-sidestart|p1: Hayakawa00aki|move: Toxic Spikes\n|\n|-weather|DesolateLand|[upkeep]\n|upkeep\n|turn|2\n|\n|t:|1700525221\n|-terastallize|p2a: Forretress|Dragon\n|move|p1a: Groudon|Rock Polish|p1a: Groudon\n|-boost|p1a: Groudon|spe|2\n|move|p2a: Forretress|Stealth Rock|p1a: Groudon\n|-sidestart|p1: Hayakawa00aki|move: Stealth Rock\n|\n|-weather|DesolateLand|[upkeep]\n|upkeep\n|turn|3\n|\n|t:|1700525228\n|move|p1a: Groudon|Swords Dance|p1a: Groudon\n|-boost|p1a: Groudon|atk|2\n|move|p2a: Forretress|Toxic Spikes|p1a: Groudon\n|-sidestart|p1: Hayakawa00aki|move: Toxic Spikes\n|\n|-weather|DesolateLand|[upkeep]\n|upkeep\n|turn|4\n|\n|t:|1700525234\n|move|p1a: Groudon|Heat Crash|p2a: Forretress\n|-resisted|p2a: Forretress\n|-damage|p2a: Forretress|6\/100\n|-enditem|p2a: Forretress|Red Card|[of] p1a: Groudon\n|-weather|none\n|drag|p1a: Chien-Pao|Chien-Pao|100\/100\n|-status|p1a: Chien-Pao|tox\n|-damage|p1a: Chien-Pao|76\/100 tox|[from] Stealth Rock\n|-ability|p1a: Chien-Pao|Sword of Ruin\n|move|p2a: Forretress|Rapid Spin|p1a: Chien-Pao\n|-damage|p1a: Chien-Pao|64\/100 tox\n|-boost|p2a: Forretress|spe|1\n|\n|-damage|p1a: Chien-Pao|58\/100 tox|[from] psn\n|upkeep\n|turn|5\n|\n|t:|1700525242\n|move|p2a: Forretress|Endure|p2a: Forretress\n|-singleturn|p2a: Forretress|move: Endure\n|move|p1a: Chien-Pao|Ice Shard|p2a: Forretress\n|-supereffective|p2a: Forretress\n|-activate|p2a: Forretress|move: Endure\n|-damage|p2a: Forretress|1\/100\n|\n|-damage|p1a: Chien-Pao|46\/100 tox|[from] psn\n|upkeep\n|turn|6\n|\n|t:|1700525259\n|move|p2a: Forretress|Endure|p2a: Forretress\n|-singleturn|p2a: Forretress|move: Endure\n|move|p1a: Chien-Pao|Ice Shard|p2a: Forretress\n|-supereffective|p2a: Forretress\n|-activate|p2a: Forretress|move: Endure\n|-damage|p2a: Forretress|1\/100\n|\n|-damage|p1a: Chien-Pao|28\/100 tox|[from] psn\n|upkeep\n|turn|7\n|\n|t:|1700525270\n|move|p1a: Chien-Pao|Ice Shard|p2a: Forretress\n|-supereffective|p2a: Forretress\n|-damage|p2a: Forretress|0 fnt\n|faint|p2a: Forretress\n|\n|-damage|p1a: Chien-Pao|4\/100 tox|[from] psn\n|upkeep\n|\n|t:|1700525277\n|switch|p2a: Deoxys|Deoxys-Speed, shiny|100\/100\n|-ability|p2a: Deoxys|Pressure\n|turn|8\n|\n|t:|1700525284\n|move|p1a: Chien-Pao|Ice Shard|p2a: Deoxys\n|-damage|p2a: Deoxys|65\/100\n|move|p2a: Deoxys|Reflect|p2a: Deoxys\n|-sidestart|p2: JustMonika_CARR|Reflect\n|\n|-damage|p1a: Chien-Pao|0 fnt|[from] psn\n|faint|p1a: Chien-Pao\n|upkeep\n|\n|t:|1700525288\n|switch|p1a: Glimmora|Glimmora, M|100\/100\n|-sideend|p1: Hayakawa00aki|move: Toxic Spikes|[of] p1a: Glimmora\n|-damage|p1a: Glimmora|88\/100|[from] Stealth Rock\n|turn|9\n|\n|t:|1700525298\n|move|p2a: Deoxys|Light Screen|p2a: Deoxys\n|-sidestart|p2: JustMonika_CARR|move: Light Screen\n|move|p1a: Glimmora|Mortal Spin|p2a: Deoxys\n|-damage|p2a: Deoxys|61\/100\n|-status|p2a: Deoxys|psn\n|-sideend|p1: Hayakawa00aki|Stealth Rock|[from] move: Mortal Spin|[of] p1a: Glimmora\n|\n|-damage|p2a: Deoxys|49\/100 psn|[from] psn\n|upkeep\n|turn|10\n|\n|t:|1700525307\n|switch|p2a: Arceus|Arceus|100\/100\n|move|p1a: Glimmora|Stealth Rock|p2a: Arceus\n|-sidestart|p2: JustMonika_CARR|move: Stealth Rock\n|\n|upkeep\n|turn|11\n|\n|t:|1700525319\n|switch|p1a: Garganacl|Garganacl, M|100\/100\n|move|p2a: Arceus|Cosmic Power|p2a: Arceus\n|-boost|p2a: Arceus|def|1\n|-boost|p2a: Arceus|spd|1\n|\n|upkeep\n|turn|12\n|\n|t:|1700525327\n|move|p2a: Arceus|Cosmic Power|p2a: Arceus\n|-boost|p2a: Arceus|def|1\n|-boost|p2a: Arceus|spd|1\n|move|p1a: Garganacl|Salt Cure|p2a: Arceus\n|-damage|p2a: Arceus|98\/100\n|-start|p2a: Arceus|Salt Cure\n|\n|-damage|p2a: Arceus|86\/100|[from] Salt Cure\n|upkeep\n|turn|13\n|\n|t:|1700525337\n|move|p2a: Arceus|Cosmic Power|p2a: Arceus\n|-boost|p2a: Arceus|def|1\n|-boost|p2a: Arceus|spd|1\n|move|p1a: Garganacl|Curse|p1a: Garganacl\n|-unboost|p1a: Garganacl|spe|1\n|-boost|p1a: Garganacl|atk|1\n|-boost|p1a: Garganacl|def|1\n|\n|-damage|p2a: Arceus|74\/100|[from] Salt Cure\n|upkeep\n|turn|14\n|\n|t:|1700525340\n|move|p2a: Arceus|Cosmic Power|p2a: Arceus\n|-boost|p2a: Arceus|def|1\n|-boost|p2a: Arceus|spd|1\n|move|p1a: Garganacl|Curse|p1a: Garganacl\n|-unboost|p1a: Garganacl|spe|1\n|-boost|p1a: Garganacl|atk|1\n|-boost|p1a: Garganacl|def|1\n|\n|-damage|p2a: Arceus|61\/100|[from] Salt Cure\n|upkeep\n|turn|15\n|\n|t:|1700525342\n|move|p2a: Arceus|Cosmic Power|p2a: Arceus\n|-boost|p2a: Arceus|def|1\n|-boost|p2a: Arceus|spd|1\n|move|p1a: Garganacl|Curse|p1a: Garganacl\n|-unboost|p1a: Garganacl|spe|1\n|-boost|p1a: Garganacl|atk|1\n|-boost|p1a: Garganacl|def|1\n|\n|-damage|p2a: Arceus|49\/100|[from] Salt Cure\n|-sideend|p2: JustMonika_CARR|Reflect\n|upkeep\n|turn|16\n|\n|t:|1700525347\n|move|p2a: Arceus|Cosmic Power|p2a: Arceus\n|-boost|p2a: Arceus|def|1\n|-boost|p2a: Arceus|spd|1\n|move|p1a: Garganacl|Curse|p1a: Garganacl\n|-unboost|p1a: Garganacl|spe|1\n|-boost|p1a: Garganacl|atk|1\n|-boost|p1a: Garganacl|def|1\n|\n|-damage|p2a: Arceus|37\/100|[from] Salt Cure\n|-sideend|p2: JustMonika_CARR|move: Light Screen\n|upkeep\n|turn|17\n|\n|t:|1700525353\n|move|p2a: Arceus|Charge Beam|p1a: Garganacl\n|-damage|p1a: Garganacl|88\/100\n|-boost|p2a: Arceus|spa|1\n|move|p1a: Garganacl|Curse|p1a: Garganacl\n|-unboost|p1a: Garganacl|spe|1\n|-boost|p1a: Garganacl|atk|1\n|-boost|p1a: Garganacl|def|1\n|\n|-heal|p1a: Garganacl|94\/100|[from] item: Leftovers\n|-damage|p2a: Arceus|24\/100|[from] Salt Cure\n|upkeep\n|turn|18\n|\n|t:|1700525355\n|move|p2a: Arceus|Rest|p2a: Arceus\n|-status|p2a: Arceus|slp|[from] move: Rest\n|-heal|p2a: Arceus|100\/100 slp|[silent]\n|-enditem|p2a: Arceus|Chesto Berry|[eat]\n|-curestatus|p2a: Arceus|slp|[msg]\n|move|p1a: Garganacl|Curse|p1a: Garganacl\n|-unboost|p1a: Garganacl|spe|1\n|-boost|p1a: Garganacl|atk|1\n|-boost|p1a: Garganacl|def|1\n|\n|-heal|p1a: Garganacl|99\/100|[from] item: Leftovers\n|-damage|p2a: Arceus|88\/100|[from] Salt Cure\n|upkeep\n|turn|19\n|\n|t:|1700525362\n|move|p2a: Arceus|Stored Power|p1a: Garganacl\n|-damage|p1a: Garganacl|0 fnt\n|faint|p1a: Garganacl\n|\n|-damage|p2a: Arceus|76\/100|[from] Salt Cure\n|upkeep\n|\n|t:|1700525366\n|switch|p1a: Marshadow|Marshadow|100\/100\n|turn|20\n|\n|t:|1700525377\n|-terastallize|p1a: Marshadow|Fighting\n|move|p1a: Marshadow|Close Combat|p2a: Arceus\n|-supereffective|p2a: Arceus\n|-damage|p2a: Arceus|51\/100\n|-unboost|p1a: Marshadow|def|1\n|-unboost|p1a: Marshadow|spd|1\n|move|p2a: Arceus|Charge Beam|p1a: Marshadow\n|-damage|p1a: Marshadow|67\/100\n|-boost|p2a: Arceus|spa|1\n|\n|-damage|p2a: Arceus|39\/100|[from] Salt Cure\n|upkeep\n|turn|21\n|\n|t:|1700525400\n|move|p1a: Marshadow|Close Combat|p2a: Arceus\n|-supereffective|p2a: Arceus\n|-damage|p2a: Arceus|16\/100\n|-unboost|p1a: Marshadow|def|1\n|-unboost|p1a: Marshadow|spd|1\n|move|p2a: Arceus|Stored Power|p1a: Marshadow\n|-supereffective|p1a: Marshadow\n|-damage|p1a: Marshadow|0 fnt\n|faint|p1a: Marshadow\n|\n|-damage|p2a: Arceus|4\/100|[from] Salt Cure\n|upkeep\n|inactive|Battle timer is ON: inactive players will automatically lose when time's up. (requested by JustMonika_CARR)\n|\n|t:|1700525434\n|switch|p1a: Ceruledge|Ceruledge, M|100\/100\n|turn|22\n|\n|t:|1700525436\n|move|p1a: Ceruledge|Close Combat|p2a: Arceus\n|-supereffective|p2a: Arceus\n|-damage|p2a: Arceus|0 fnt\n|-unboost|p1a: Ceruledge|def|1\n|-unboost|p1a: Ceruledge|spd|1\n|faint|p2a: Arceus\n|\n|upkeep\n|\n|t:|1700525441\n|switch|p2a: Deoxys|Deoxys-Speed, shiny|49\/100 psn\n|-damage|p2a: Deoxys|36\/100 psn|[from] Stealth Rock\n|-ability|p2a: Deoxys|Pressure\n|turn|23\n|\n|t:|1700525446\n|move|p2a: Deoxys|Reflect|p2a: Deoxys\n|-sidestart|p2: JustMonika_CARR|Reflect\n|move|p1a: Ceruledge|Swords Dance|p1a: Ceruledge\n|-boost|p1a: Ceruledge|atk|2\n|\n|-damage|p2a: Deoxys|24\/100 psn|[from] psn\n|upkeep\n|turn|24\n|\n|t:|1700525454\n|move|p1a: Ceruledge|Shadow Sneak|p2a: Deoxys\n|-supereffective|p2a: Deoxys\n|-damage|p2a: Deoxys|0 fnt\n|faint|p2a: Deoxys\n|\n|upkeep\n|\n|t:|1700525459\n|switch|p2a: Pyukumuku|Pyukumuku, F, shiny|100\/100\n|-damage|p2a: Pyukumuku|88\/100|[from] Stealth Rock\n|turn|25\n|\n|t:|1700525464\n|move|p1a: Ceruledge|Close Combat|p2a: Pyukumuku\n|-damage|p2a: Pyukumuku|74\/100\n|-unboost|p1a: Ceruledge|def|1\n|-unboost|p1a: Ceruledge|spd|1\n|move|p2a: Pyukumuku|Toxic|p1a: Ceruledge\n|-status|p1a: Ceruledge|tox\n|\n|-heal|p2a: Pyukumuku|80\/100|[from] item: Leftovers\n|-damage|p1a: Ceruledge|94\/100 tox|[from] psn\n|upkeep\n|turn|26\n|\n|t:|1700525469\n|move|p1a: Ceruledge|Close Combat|p2a: Pyukumuku\n|-damage|p2a: Pyukumuku|65\/100\n|-unboost|p1a: Ceruledge|def|1\n|-unboost|p1a: Ceruledge|spd|1\n|move|p2a: Pyukumuku|Soak|p1a: Ceruledge\n|-start|p1a: Ceruledge|typechange|Water\n|\n|-heal|p2a: Pyukumuku|72\/100|[from] item: Leftovers\n|-damage|p1a: Ceruledge|82\/100 tox|[from] psn\n|upkeep\n|turn|27\n|\n|t:|1700525475\n|move|p1a: Ceruledge|Close Combat|p2a: Pyukumuku\n|-damage|p2a: Pyukumuku|56\/100\n|-unboost|p1a: Ceruledge|def|1\n|-unboost|p1a: Ceruledge|spd|1\n|move|p2a: Pyukumuku|Gastro Acid|p1a: Ceruledge\n|-endability|p1a: Ceruledge\n|\n|-heal|p2a: Pyukumuku|62\/100|[from] item: Leftovers\n|-damage|p1a: Ceruledge|63\/100 tox|[from] psn\n|upkeep\n|turn|28\n|\n|t:|1700525479\n|move|p1a: Ceruledge|Close Combat|p2a: Pyukumuku\n|-damage|p2a: Pyukumuku|48\/100\n|-unboost|p1a: Ceruledge|def|1\n|-unboost|p1a: Ceruledge|spd|1\n|move|p2a: Pyukumuku|Recover|p2a: Pyukumuku\n|-heal|p2a: Pyukumuku|98\/100\n|\n|-heal|p2a: Pyukumuku|100\/100|[from] item: Leftovers\n|-damage|p1a: Ceruledge|39\/100 tox|[from] psn\n|upkeep\n|turn|29\n|\n|t:|1700525487\n|move|p1a: Ceruledge|Close Combat|p2a: Pyukumuku\n|-damage|p2a: Pyukumuku|86\/100\n|-unboost|p1a: Ceruledge|def|1\n|-unboost|p1a: Ceruledge|spd|1\n|move|p2a: Pyukumuku|Soak|p1a: Ceruledge\n|-fail|p1a: Ceruledge\n|\n|-heal|p2a: Pyukumuku|92\/100|[from] item: Leftovers\n|-damage|p1a: Ceruledge|8\/100 tox|[from] psn\n|upkeep\n|turn|30\n|\n|t:|1700525490\n|move|p1a: Ceruledge|Close Combat|p2a: Pyukumuku\n|-damage|p2a: Pyukumuku|76\/100\n|move|p2a: Pyukumuku|Soak|p1a: Ceruledge\n|-fail|p1a: Ceruledge\n|\n|-heal|p2a: Pyukumuku|82\/100|[from] item: Leftovers\n|-damage|p1a: Ceruledge|0 fnt|[from] psn\n|faint|p1a: Ceruledge\n|-sideend|p2: JustMonika_CARR|Reflect\n|upkeep\n|\n|t:|1700525493\n|switch|p1a: Groudon|Groudon-Primal, shiny|100\/100\n|-weather|DesolateLand|[from] ability: Desolate Land|[of] p1a: Groudon\n|turn|31\n|\n|t:|1700525500\n|move|p1a: Groudon|Swords Dance|p1a: Groudon\n|-boost|p1a: Groudon|atk|2\n|move|p2a: Pyukumuku|Soak|p1a: Groudon\n|-start|p1a: Groudon|typechange|Water\n|\n|-weather|DesolateLand|[upkeep]\n|-heal|p2a: Pyukumuku|88\/100|[from] item: Leftovers\n|upkeep\n|turn|32\n|\n|t:|1700525509\n|move|p1a: Groudon|Heat Crash|p2a: Pyukumuku\n|-resisted|p2a: Pyukumuku\n|-damage|p2a: Pyukumuku|53\/100\n|move|p2a: Pyukumuku|Toxic|p1a: Groudon\n|-status|p1a: Groudon|tox\n|\n|-weather|DesolateLand|[upkeep]\n|-heal|p2a: Pyukumuku|59\/100|[from] item: Leftovers\n|-damage|p1a: Groudon|94\/100 tox|[from] psn\n|upkeep\n|turn|33\n|\n|t:|1700525513\n|move|p1a: Groudon|Heat Crash|p2a: Pyukumuku\n|-resisted|p2a: Pyukumuku\n|-damage|p2a: Pyukumuku|26\/100\n|move|p2a: Pyukumuku|Gastro Acid|p1a: Groudon\n|-endability|p1a: Groudon\n|-weather|none\n|\n|-heal|p2a: Pyukumuku|32\/100|[from] item: Leftovers\n|-damage|p1a: Groudon|82\/100 tox|[from] psn\n|upkeep\n|turn|34\n|\n|t:|1700525516\n|move|p1a: Groudon|Heat Crash|p2a: Pyukumuku\n|-resisted|p2a: Pyukumuku\n|-damage|p2a: Pyukumuku|10\/100\n|move|p2a: Pyukumuku|Recover|p2a: Pyukumuku\n|-heal|p2a: Pyukumuku|60\/100\n|\n|-heal|p2a: Pyukumuku|66\/100|[from] item: Leftovers\n|-damage|p1a: Groudon|64\/100 tox|[from] psn\n|upkeep\n|turn|35\n|\n|t:|1700525523\n|move|p1a: Groudon|Heat Crash|p2a: Pyukumuku\n|-resisted|p2a: Pyukumuku\n|-damage|p2a: Pyukumuku|45\/100\n|move|p2a: Pyukumuku|Recover|p2a: Pyukumuku\n|-heal|p2a: Pyukumuku|95\/100\n|\n|-heal|p2a: Pyukumuku|100\/100|[from] item: Leftovers\n|-damage|p1a: Groudon|39\/100 tox|[from] psn\n|upkeep\n|turn|36\n|-message|Hayakawa00aki forfeited.\n|\n|win|JustMonika_CARR\n|raw|Hayakawa00aki's rating: 1464 &rarr; <strong>1441<\/strong><br \/>(-23 for losing)\n|raw|JustMonika_CARR's rating: 1404 &rarr; <strong>1427<\/strong><br \/>(+23 for winning)\n|l|\u2606Hayakawa00aki\n","uploadtime":1700525539,"views":1,"p1id":"hayakawa00aki","p2id":"justmonikacarr","formatid":"gen9nationaldexubers","rating":1427,"private":0,"password":""}