{"id":"gen9nationaldexubers-1978827383","p1":"aplestick","p2":"Ibitak","format":"[Gen 9] National Dex Ubers","log":"|j|\u2606aplestick\n|j|\u2606Ibitak\n|t:|1698599941\n|gametype|singles\n|player|p1|aplestick|janitor|\n|player|p2|Ibitak|101|\n|teamsize|p1|6\n|teamsize|p2|6\n|gen|9\n|tier|[Gen 9] National Dex Ubers\n|rule|HP Percentage Mod: HP is shown in percentages\n|rule|Endless Battle Clause: Forcing endless battles is banned\n|rule|OHKO Clause: OHKO moves are banned\n|rule|Evasion Moves Clause: Evasion moves are banned\n|rule|Evasion Items Clause: Evasion items are banned\n|rule|Species Clause: Limit one of each Pok\u00e9mon\n|rule|Sleep Clause Mod: Limit one foe put to sleep\n|rule|Mega Rayquaza Clause: You cannot mega evolve Rayquaza\n|clearpoke\n|poke|p1|Tapu Koko|\n|poke|p1|Iron Moth|\n|poke|p1|Aerodactyl, M|\n|poke|p1|Veluza, M|\n|poke|p1|Toedscruel, M|\n|poke|p1|Galvantula, M|\n|poke|p2|Lopunny, F|\n|poke|p2|Skeledirge, F|\n|poke|p2|Slowking, M|\n|poke|p2|Dragapult, M|\n|poke|p2|Donphan, F|\n|poke|p2|Kartana|\n|teampreview\n|\n|t:|1698599977\n|start\n|switch|p1a: Toedscruel|Toedscruel, M|100\/100\n|switch|p2a: Lopunny|Lopunny, F|100\/100\n|turn|1\n|\n|t:|1698599987\n|detailschange|p2a: Lopunny|Lopunny-Mega, F\n|-mega|p2a: Lopunny|Lopunny|Lopunnite\n|move|p2a: Lopunny|Fake Out|p1a: Toedscruel\n|-damage|p1a: Toedscruel|60\/100\n|cant|p1a: Toedscruel|flinch\n|\n|upkeep\n|turn|2\n|j| mostgoodX\n|\n|t:|1698600012\n|switch|p1a: Galvantula|Galvantula, M|100\/100\n|move|p2a: Lopunny|U-turn|p1a: Galvantula\n|-damage|p1a: Galvantula|63\/100\n|\n|t:|1698600023\n|switch|p2a: Dragapult|Dragapult, M|100\/100|[from] U-turn\n|\n|-heal|p1a: Galvantula|69\/100|[from] item: Leftovers\n|upkeep\n|turn|3\n|\n|t:|1698600055\n|move|p2a: Dragapult|Shadow Ball|p1a: Galvantula\n|-damage|p1a: Galvantula|0 fnt\n|faint|p1a: Galvantula\n|\n|upkeep\n|\n|t:|1698600067\n|switch|p1a: Veluza|Veluza, M|100\/100\n|turn|4\n|j| The23rdPower\n|c| The23rdPower|Veluza.\n|\n|t:|1698600096\n|-terastallize|p1a: Veluza|Dark\n|move|p2a: Dragapult|Shadow Ball|p1a: Veluza\n|-resisted|p1a: Veluza\n|-damage|p1a: Veluza|61\/100\n|-unboost|p1a: Veluza|spd|1\n|move|p1a: Veluza|Fillet Away|p1a: Veluza\n|-boost|p1a: Veluza|atk|2\n|-boost|p1a: Veluza|spa|2\n|-boost|p1a: Veluza|spe|2\n|-damage|p1a: Veluza|11\/100\n|-enditem|p1a: Veluza|Sitrus Berry|[eat]\n|-heal|p1a: Veluza|36\/100|[from] item: Sitrus Berry\n|\n|upkeep\n|turn|5\n|c| mostgoodX|what\n|\n|t:|1698600115\n|move|p1a: Veluza|Night Slash|p2a: Dragapult\n|-supereffective|p2a: Dragapult\n|-damage|p2a: Dragapult|0 fnt\n|faint|p2a: Dragapult\n|\n|upkeep\n|j| ND9GD APT\n|\n|t:|1698600138\n|switch|p2a: Skeledirge|Skeledirge, F, shiny|100\/100\n|turn|6\n|\n|t:|1698600150\n|-terastallize|p2a: Skeledirge|Water\n|move|p1a: Veluza|Night Slash|p2a: Skeledirge\n|-damage|p2a: Skeledirge|73\/100\n|move|p2a: Skeledirge|Torch Song|p1a: Veluza\n|-damage|p1a: Veluza|0 fnt\n|-boost|p2a: Skeledirge|spa|1\n|faint|p1a: Veluza\n|\n|upkeep\n|\n|t:|1698600157\n|switch|p1a: Tapu Koko|Tapu Koko, shiny|100\/100\n|-fieldstart|move: Electric Terrain|[from] ability: Electric Surge|[of] p1a: Tapu Koko\n|turn|7\n|c| The23rdPower|Only 1 Veluza victim\n|\n|t:|1698600169\n|switch|p2a: Donphan|Donphan, F|100\/100\n|move|p1a: Tapu Koko|Volt Switch|p2a: Donphan\n|-immune|p2a: Donphan\n|\n|upkeep\n|turn|8\n|\n|t:|1698600193\n|switch|p1a: Aerodactyl|Aerodactyl, M|100\/100\n|move|p2a: Donphan|Ice Spinner|p1a: Aerodactyl\n|-supereffective|p1a: Aerodactyl\n|-damage|p1a: Aerodactyl|0 fnt\n|-fieldend|move: Electric Terrain\n|faint|p1a: Aerodactyl\n|\n|upkeep\n|j| itzZen\n|\n|t:|1698600205\n|switch|p1a: Toedscruel|Toedscruel, M|60\/100\n|turn|9\n|\n|t:|1698600210\n|switch|p2a: Kartana|Kartana|100\/100\n|move|p1a: Toedscruel|Spore|p2a: Kartana\n|-immune|p2a: Kartana\n|\n|upkeep\n|turn|10\n|\n|t:|1698600231\n|switch|p1a: Iron Moth|Iron Moth|100\/100\n|move|p2a: Kartana|Knock Off|p1a: Iron Moth\n|-damage|p1a: Iron Moth|29\/100\n|-enditem|p1a: Iron Moth|Heavy-Duty Boots|[from] move: Knock Off|[of] p2a: Kartana\n|\n|upkeep\n|turn|11\n|\n|t:|1698600238\n|move|p2a: Kartana|Knock Off|p1a: Iron Moth\n|-damage|p1a: Iron Moth|0 fnt\n|faint|p1a: Iron Moth\n|-end|p1a: Iron Moth|Quark Drive|[silent]\n|-ability|p2a: Kartana|Beast Boost|boost\n|-boost|p2a: Kartana|atk|1\n|\n|upkeep\n|\n|t:|1698600241\n|switch|p1a: Tapu Koko|Tapu Koko, shiny|100\/100\n|-fieldstart|move: Electric Terrain|[from] ability: Electric Surge|[of] p1a: Tapu Koko\n|turn|12\n|\n|t:|1698600251\n|move|p2a: Kartana|Knock Off|p1a: Tapu Koko\n|-resisted|p1a: Tapu Koko\n|-damage|p1a: Tapu Koko|59\/100\n|-enditem|p1a: Tapu Koko|Choice Specs|[from] move: Knock Off|[of] p2a: Kartana\n|move|p1a: Tapu Koko|Thunderbolt|p2a: Kartana\n|-resisted|p2a: Kartana\n|-damage|p2a: Kartana|23\/100\n|\n|upkeep\n|turn|13\n|\n|t:|1698600276\n|move|p2a: Kartana|Knock Off|p1a: Tapu Koko\n|-resisted|p1a: Tapu Koko\n|-damage|p1a: Tapu Koko|29\/100\n|move|p1a: Tapu Koko|Thunderbolt|p2a: Kartana\n|-resisted|p2a: Kartana\n|-damage|p2a: Kartana|0 fnt\n|faint|p2a: Kartana\n|\n|upkeep\n|\n|t:|1698600284\n|switch|p2a: Lopunny|Lopunny-Mega, F|100\/100\n|turn|14\n|\n|t:|1698600290\n|move|p2a: Lopunny|Return|p1a: Tapu Koko\n|-damage|p1a: Tapu Koko|0 fnt\n|faint|p1a: Tapu Koko\n|\n|upkeep\n|\n|t:|1698600292\n|switch|p1a: Toedscruel|Toedscruel, M|60\/100\n|turn|15\n|\n|t:|1698600298\n|move|p2a: Lopunny|Return|p1a: Toedscruel\n|-damage|p1a: Toedscruel|0 fnt\n|faint|p1a: Toedscruel\n|\n|win|Ibitak\n|l|\u2606aplestick\n","uploadtime":1698600305,"views":17,"p1id":"aplestick","p2id":"ibitak","formatid":"gen9nationaldexubers","rating":0,"private":0,"password":""}