{"id":"gen9nationaldexubers-1992490189","p1":"MiraGraves","p2":"Vario 64\u2606\u5f61","format":"[Gen 9] National Dex Ubers","log":"|j|\u2606MiraGraves\n|j|\u2606Vario 64\u2606\u5f61\n|t:|1700194175\n|gametype|singles\n|player|p1|MiraGraves|psychicf-gen4|\n|player|p2|Vario 64\u2606\u5f61|ghetsis|\n|teamsize|p1|6\n|teamsize|p2|6\n|gen|9\n|tier|[Gen 9] National Dex Ubers\n|rule|HP Percentage Mod: HP is shown in percentages\n|rule|Endless Battle Clause: Forcing endless battles is banned\n|rule|OHKO Clause: OHKO moves are banned\n|rule|Evasion Moves Clause: Evasion moves are banned\n|rule|Evasion Items Clause: Evasion items are banned\n|rule|Species Clause: Limit one of each Pok\u00e9mon\n|rule|Sleep Clause Mod: Limit one foe put to sleep\n|rule|Mega Rayquaza Clause: You cannot mega evolve Rayquaza\n|clearpoke\n|poke|p1|Torkoal, M|\n|poke|p1|Altaria, M|\n|poke|p1|Blacephalon|\n|poke|p1|Zekrom|\n|poke|p1|Heatran, F|\n|poke|p1|Dragonite, F|\n|poke|p2|Ribombee, M|\n|poke|p2|Ogerpon-Wellspring, F|\n|poke|p2|Nidoking, M|\n|poke|p2|Lopunny, M|\n|poke|p2|Eternatus|\n|poke|p2|Kyurem|\n|teampreview\n|c|\u2606MiraGraves|Glhf\n|c|\u2606Vario 64\u2606\u5f61|Gl hf\n|\n|t:|1700194222\n|start\n|switch|p1a: Dragonite|Dragonite, F|100\/100\n|switch|p2a: Eternatus|Eternatus|100\/100\n|-ability|p2a: Eternatus|Pressure\n|turn|1\n|\n|t:|1700194250\n|move|p2a: Eternatus|Dynamax Cannon|p1a: Dragonite\n|-supereffective|p1a: Dragonite\n|-damage|p1a: Dragonite|46\/100\n|-enditem|p1a: Dragonite|Weakness Policy\n|-boost|p1a: Dragonite|atk|2|[from] item: Weakness Policy\n|-boost|p1a: Dragonite|spa|2|[from] item: Weakness Policy\n|move|p1a: Dragonite|Dragon Dance|p1a: Dragonite\n|-boost|p1a: Dragonite|atk|1\n|-boost|p1a: Dragonite|spe|1\n|\n|upkeep\n|turn|2\n|\n|t:|1700194274\n|-terastallize|p1a: Dragonite|Normal\n|move|p1a: Dragonite|Extreme Speed|p2a: Eternatus\n|-damage|p2a: Eternatus|0 fnt\n|faint|p2a: Eternatus\n|\n|upkeep\n|\n|t:|1700194292\n|switch|p2a: Ribombee|Ribombee, M|100\/100\n|turn|3\n|\n|t:|1700194305\n|-terastallize|p2a: Ribombee|Ghost\n|move|p2a: Ribombee|Moonblast|p1a: Dragonite\n|-damage|p1a: Dragonite|9\/100\n|-unboost|p1a: Dragonite|spa|1\n|move|p1a: Dragonite|Roost|p1a: Dragonite\n|-heal|p1a: Dragonite|59\/100\n|\n|upkeep\n|turn|4\n|\n|t:|1700194324\n|move|p2a: Ribombee|Moonblast|p1a: Dragonite\n|-damage|p1a: Dragonite|22\/100\n|-unboost|p1a: Dragonite|spa|1\n|move|p1a: Dragonite|Dragon Dance|p1a: Dragonite\n|-boost|p1a: Dragonite|atk|1\n|-boost|p1a: Dragonite|spe|1\n|\n|upkeep\n|turn|5\n|\n|t:|1700194343\n|move|p1a: Dragonite|Roost|p1a: Dragonite\n|-heal|p1a: Dragonite|72\/100\n|move|p2a: Ribombee|Stun Spore|p1a: Dragonite\n|-status|p1a: Dragonite|par\n|\n|upkeep\n|turn|6\n|\n|t:|1700194357\n|move|p2a: Ribombee|Moonblast|p1a: Dragonite\n|-damage|p1a: Dragonite|35\/100 par\n|-unboost|p1a: Dragonite|spa|1\n|move|p1a: Dragonite|Earthquake|p2a: Ribombee\n|-enditem|p2a: Ribombee|Focus Sash\n|-damage|p2a: Ribombee|1\/100\n|\n|upkeep\n|turn|7\n|\n|t:|1700194364\n|move|p2a: Ribombee|Moonblast|p1a: Dragonite\n|-damage|p1a: Dragonite|0 fnt\n|faint|p1a: Dragonite\n|\n|upkeep\n|c|\u2606MiraGraves|Ain't no way\n|c|\u2606Vario 64\u2606\u5f61|Rip\n|\n|t:|1700194388\n|switch|p1a: Zekrom|Zekrom|100\/100\n|-ability|p1a: Zekrom|Teravolt\n|turn|8\n|\n|t:|1700194403\n|move|p1a: Zekrom|Dual Wingbeat|p2a: Ribombee|[miss]\n|-miss|p1a: Zekrom|p2a: Ribombee\n|move|p2a: Ribombee|Moonblast|p1a: Zekrom\n|-supereffective|p1a: Zekrom\n|-damage|p1a: Zekrom|24\/100\n|-unboost|p1a: Zekrom|spa|1\n|\n|upkeep\n|turn|9\n|c|\u2606MiraGraves|Bro\n|c|\u2606Vario 64\u2606\u5f61|Wow\n|c|\u2606MiraGraves|The RNG\n|c|\u2606Vario 64\u2606\u5f61|My b :(\n|\n|t:|1700194425\n|move|p1a: Zekrom|Dual Wingbeat|p2a: Ribombee\n|-damage|p2a: Ribombee|0 fnt\n|faint|p2a: Ribombee\n|-hitcount|p2: Ribombee|1\n|\n|upkeep\n|\n|t:|1700194440\n|switch|p2a: Nidoking|Nidoking, M|100\/100\n|turn|10\n|\n|t:|1700194452\n|switch|p1a: Torkoal|Torkoal, M|100\/100\n|-weather|SunnyDay|[from] ability: Drought|[of] p1a: Torkoal\n|move|p2a: Nidoking|Earth Power|p1a: Torkoal\n|-supereffective|p1a: Torkoal\n|-damage|p1a: Torkoal|0 fnt\n|faint|p1a: Torkoal\n|\n|-weather|SunnyDay|[upkeep]\n|upkeep\n|\n|t:|1700194474\n|switch|p1a: Altaria|Altaria, M|100\/100\n|turn|11\n|\n|t:|1700194482\n|move|p2a: Nidoking|Sludge Wave|p1a: Altaria\n|-damage|p1a: Altaria|40\/100\n|move|p1a: Altaria|Dragon Dance|p1a: Altaria\n|-boost|p1a: Altaria|atk|1\n|-boost|p1a: Altaria|spe|1\n|\n|-weather|SunnyDay|[upkeep]\n|upkeep\n|turn|12\n|\n|t:|1700194497\n|detailschange|p1a: Altaria|Altaria-Mega, M\n|-mega|p1a: Altaria|Altaria|Altarianite\n|move|p1a: Altaria|Earthquake|p2a: Nidoking\n|-supereffective|p2a: Nidoking\n|-damage|p2a: Nidoking|0 fnt\n|faint|p2a: Nidoking\n|\n|-weather|SunnyDay|[upkeep]\n|upkeep\n|\n|t:|1700194507\n|switch|p2a: Ogerpon|Ogerpon-Wellspring, F|100\/100\n|turn|13\n|\n|t:|1700194525\n|move|p1a: Altaria|Return|p2a: Ogerpon\n|-damage|p2a: Ogerpon|7\/100\n|move|p2a: Ogerpon|Play Rough|p1a: Altaria\n|-supereffective|p1a: Altaria\n|-damage|p1a: Altaria|0 fnt\n|faint|p1a: Altaria\n|\n|-weather|SunnyDay|[upkeep]\n|upkeep\n|c|\u2606MiraGraves|The rolls tonight....\n|\n|t:|1700194547\n|switch|p1a: Zekrom|Zekrom|24\/100\n|-ability|p1a: Zekrom|Teravolt\n|turn|14\n|\n|t:|1700194556\n|move|p1a: Zekrom|Volt Switch|p2a: Ogerpon\n|-damage|p2a: Ogerpon|0 fnt\n|faint|p2a: Ogerpon\n|\n|t:|1700194562\n|switch|p1a: Blacephalon|Blacephalon|100\/100|[from] Volt Switch\n|\n|-weather|SunnyDay|[upkeep]\n|upkeep\n|\n|t:|1700194570\n|switch|p2a: Lopunny|Lopunny, M|100\/100\n|turn|15\n|\n|t:|1700194584\n|detailschange|p2a: Lopunny|Lopunny-Mega, M\n|-mega|p2a: Lopunny|Lopunny|Lopunnite\n|move|p2a: Lopunny|Fake Out|p1a: Blacephalon\n|-damage|p1a: Blacephalon|52\/100\n|cant|p1a: Blacephalon|flinch\n|\n|-weather|SunnyDay|[upkeep]\n|upkeep\n|turn|16\n|\n|t:|1700194599\n|switch|p2a: Kyurem|Kyurem|100\/100\n|-ability|p2a: Kyurem|Pressure\n|-zpower|p1a: Blacephalon\n|move|p1a: Blacephalon|Inferno Overdrive|p2a: Kyurem|[zeffect]\n|-damage|p2a: Kyurem|0 fnt\n|faint|p2a: Kyurem\n|-ability|p1a: Blacephalon|Beast Boost|boost\n|-boost|p1a: Blacephalon|spa|1\n|\n|-weather|SunnyDay|[upkeep]\n|upkeep\n|\n|t:|1700194612\n|switch|p2a: Lopunny|Lopunny-Mega, M|100\/100\n|turn|17\n|\n|t:|1700194619\n|move|p2a: Lopunny|Frustration|p1a: Blacephalon\n|-damage|p1a: Blacephalon|0 fnt\n|faint|p1a: Blacephalon\n|\n|-weather|none\n|upkeep\n|\n|t:|1700194626\n|switch|p1a: Heatran|Heatran, F|100\/100\n|-item|p1a: Heatran|Air Balloon\n|turn|18\n|\n|t:|1700194635\n|move|p2a: Lopunny|Close Combat|p1a: Heatran\n|-supereffective|p1a: Heatran\n|-damage|p1a: Heatran|0 fnt\n|-unboost|p2a: Lopunny|def|1\n|-unboost|p2a: Lopunny|spd|1\n|-enditem|p1a: Heatran|Air Balloon\n|faint|p1a: Heatran\n|\n|upkeep\n|\n|t:|1700194638\n|switch|p1a: Zekrom|Zekrom|24\/100\n|-ability|p1a: Zekrom|Teravolt\n|turn|19\n|c|\u2606MiraGraves|IF THIS MISSES SWEAR TO GOD\n|\n|t:|1700194662\n|move|p1a: Zekrom|Dual Wingbeat|p2a: Lopunny\n|-supereffective|p2a: Lopunny\n|-damage|p2a: Lopunny|36\/100\n|-supereffective|p2a: Lopunny\n|-damage|p2a: Lopunny|0 fnt\n|faint|p2a: Lopunny\n|-hitcount|p2: Lopunny|2\n|\n|win|MiraGraves\n|c|\u2606MiraGraves|GG\n|c|\u2606Vario 64\u2606\u5f61|Gg wp!\n","uploadtime":1700194679,"views":30,"p1id":"miragraves","p2id":"vario64","formatid":"gen9nationaldexubers","rating":0,"private":0,"password":""}