{"id":"gen9nationaldexubers-1996735521","p1":"Z4d_Th3_0wl","p2":"85792195wwww","format":"[Gen 9] National Dex Ubers","log":"|j|\u2606Z4d_Th3_0wl\n|j|\u260685792195wwww\n|t:|1700716528\n|gametype|singles\n|player|p1|Z4d_Th3_0wl|cynthia-gen7|1472\n|player|p2|85792195wwww|mira|1711\n|teamsize|p1|6\n|teamsize|p2|6\n|gen|9\n|tier|[Gen 9] National Dex Ubers\n|rated|\n|rule|HP Percentage Mod: HP is shown in percentages\n|rule|Endless Battle Clause: Forcing endless battles is banned\n|rule|OHKO Clause: OHKO moves are banned\n|rule|Evasion Moves Clause: Evasion moves are banned\n|rule|Evasion Items Clause: Evasion items are banned\n|rule|Species Clause: Limit one of each Pok\u00e9mon\n|rule|Sleep Clause Mod: Limit one foe put to sleep\n|rule|Mega Rayquaza Clause: You cannot mega evolve Rayquaza\n|clearpoke\n|poke|p1|Taillow, L1, M|\n|poke|p1|Kyogre|\n|poke|p1|Togedemaru, L1, M|\n|poke|p1|Gengar, M|\n|poke|p1|Hippopotas, L1, M|\n|poke|p1|Marshadow|\n|poke|p2|Arceus|\n|poke|p2|Zacian-*|\n|poke|p2|Xerneas-*|\n|poke|p2|Kyogre|\n|poke|p2|Groudon|\n|poke|p2|Deoxys-Speed|\n|teampreview\n|j| americanboy69\n|c| americanboy69|uh oh\n|c| americanboy69|its xerneas\n|c|\u2606Z4d_Th3_0wl|Lovely\n|c| americanboy69|and speed deoxys\n|\n|t:|1700716582\n|start\n|switch|p1a: Marshadow|Marshadow|100\/100\n|switch|p2a: Deoxys|Deoxys-Speed|100\/100\n|-ability|p2a: Deoxys|Pressure\n|turn|1\n|c| americanboy69|hes goanna put spikes\n|\n|t:|1700716590\n|switch|p2a: Xerneas|Xerneas|100\/100\n|-ability|p2a: Xerneas|Fairy Aura\n|-terastallize|p1a: Marshadow|Normal\n|move|p1a: Marshadow|Swagger|p2a: Xerneas|[miss]\n|-miss|p1a: Marshadow|p2a: Xerneas\n|\n|upkeep\n|turn|2\n|\n|t:|1700716600\n|move|p1a: Marshadow|Swagger|p2a: Xerneas\n|-boost|p2a: Xerneas|atk|2\n|-enditem|p1a: Marshadow|Mirror Herb\n|-boost|p1a: Marshadow|atk|2|[from] item: Mirror Herb\n|-start|p2a: Xerneas|confusion\n|-activate|p2a: Xerneas|confusion\n|move|p2a: Xerneas|Moonblast|p1a: Marshadow\n|-damage|p1a: Marshadow|12\/100\n|\n|upkeep\n|turn|3\n|c|\u2606Z4d_Th3_0wl|lol\n|\n|t:|1700716610\n|switch|p2a: Arceus|Arceus|100\/100\n|move|p1a: Marshadow|Spectral Thief|p2a: Arceus\n|-immune|p2a: Arceus\n|\n|upkeep\n|turn|4\n|c| americanboy69|what happens when he beats u tho?\n|\n|t:|1700716619\n|move|p2a: Arceus|Extreme Speed|p1a: Marshadow\n|-damage|p1a: Marshadow|0 fnt\n|faint|p1a: Marshadow\n|-damage|p2a: Arceus|91\/100|[from] item: Life Orb\n|\n|upkeep\n|c| americanboy69|i mean like\n|c| americanboy69|when marshadow gets one hit]\n|\n|t:|1700716633\n|switch|p1a: Gengar|Gengar, M|100\/100\n|turn|5\n|\n|t:|1700716639\n|move|p1a: Gengar|Encore|p2a: Arceus\n|-start|p2a: Arceus|Encore\n|move|p2a: Arceus|Extreme Speed|p1a: Gengar\n|-immune|p1a: Gengar\n|\n|upkeep\n|turn|6\n|c| americanboy69|LOL\n|\n|t:|1700716646\n|switch|p2a: Zacian|Zacian-Crowned|100\/100\n|-ability|p2a: Zacian|Intrepid Sword|boost\n|-boost|p2a: Zacian|atk|1\n|move|p1a: Gengar|Mean Look|p2a: Zacian\n|-activate|p2a: Zacian|trapped\n|\n|upkeep\n|turn|7\n|\n|t:|1700716654\n|move|p2a: Zacian|Behemoth Blade|p1a: Gengar\n|-enditem|p1a: Gengar|Focus Sash\n|-damage|p1a: Gengar|1\/100\n|move|p1a: Gengar|Perish Song|p1a: Gengar\n|-start|p1a: Gengar|perish3|[silent]\n|-start|p2a: Zacian|perish3|[silent]\n|-fieldactivate|move: Perish Song\n|\n|-start|p2a: Zacian|perish3\n|-start|p1a: Gengar|perish3\n|upkeep\n|turn|8\n|\n|t:|1700716664\n|move|p2a: Zacian|Behemoth Blade|p1a: Gengar\n|-damage|p1a: Gengar|0 fnt\n|faint|p1a: Gengar\n|\n|-start|p2a: Zacian|perish2\n|upkeep\n|c| americanboy69|u should put destiny bond on him\n|c| americanboy69|that would be funny\n|c|\u2606Z4d_Th3_0wl|yeah but for trapping perish is better\n|\n|t:|1700716709\n|switch|p1a: Togedemaru|Togedemaru, L1, M|100\/100\n|turn|9\n|\n|t:|1700716714\n|move|p2a: Zacian|Behemoth Blade|p1a: Togedemaru\n|-resisted|p1a: Togedemaru\n|-ability|p1a: Togedemaru|Sturdy\n|-damage|p1a: Togedemaru|8\/100\n|move|p1a: Togedemaru|Endeavor|p2a: Zacian\n|-damage|p2a: Zacian|1\/100\n|-heal|p1a: Togedemaru|100\/100|[from] item: Shell Bell|[of] p2a: Zacian\n|\n|-start|p2a: Zacian|perish1\n|upkeep\n|turn|10\n|\n|t:|1700716726\n|move|p1a: Togedemaru|Spiky Shield|p1a: Togedemaru\n|-singleturn|p1a: Togedemaru|move: Protect\n|move|p2a: Zacian|Behemoth Blade|p1a: Togedemaru\n|-activate|p1a: Togedemaru|move: Protect\n|-damage|p2a: Zacian|0 fnt|[from] Spiky Shield|[of] p1a: Togedemaru\n|faint|p2a: Zacian\n|\n|upkeep\n|c| americanboy69|they never expect that spikey shield\n|c| americanboy69|i do tho\n|c| americanboy69|lol\n|\n|t:|1700716745\n|switch|p2a: Arceus|Arceus|91\/100\n|turn|11\n|c|\u2606Z4d_Th3_0wl|i know that the beauty of it\n|\n|t:|1700716749\n|move|p2a: Arceus|Will-O-Wisp|p1a: Togedemaru\n|-status|p1a: Togedemaru|brn\n|move|p1a: Togedemaru|Endeavor|p2a: Arceus\n|-damage|p2a: Arceus|4\/100\n|\n|-damage|p1a: Togedemaru|93\/100 brn|[from] brn\n|upkeep\n|turn|12\n|\n|t:|1700716759\n|move|p2a: Arceus|Earthquake|p1a: Togedemaru\n|-supereffective|p1a: Togedemaru\n|-damage|p1a: Togedemaru|0 fnt\n|faint|p1a: Togedemaru\n|-damage|p2a: Arceus|0 fnt|[from] item: Life Orb\n|faint|p2a: Arceus\n|\n|upkeep\n|\n|t:|1700716768\n|switch|p2a: Deoxys|Deoxys-Speed|100\/100\n|switch|p1a: Hippopotas|Hippopotas, L1, M|100\/100\n|-ability|p2a: Deoxys|Pressure\n|-weather|Sandstorm|[from] ability: Sand Stream|[of] p1a: Hippopotas\n|turn|13\n|\n|t:|1700716777\n|move|p2a: Deoxys|Trick|p1a: Hippopotas\n|-activate|p2a: Deoxys|move: Trick|[of] p1a: Hippopotas\n|-item|p1a: Hippopotas|Choice Scarf|[from] move: Trick\n|-item|p2a: Deoxys|Focus Sash|[from] move: Trick\n|move|p1a: Hippopotas|Stealth Rock|p2a: Deoxys\n|-sidestart|p2: 85792195wwww|move: Stealth Rock\n|\n|-weather|Sandstorm|[upkeep]\n|-damage|p2a: Deoxys|94\/100|[from] Sandstorm\n|upkeep\n|turn|14\n|c| americanboy69|oof\n|\n|t:|1700716786\n|switch|p1a: Taillow|Taillow, L1, M|100\/100\n|move|p2a: Deoxys|Stealth Rock|p1a: Taillow\n|-sidestart|p1: Z4d_Th3_0wl|move: Stealth Rock\n|\n|-weather|Sandstorm|[upkeep]\n|-damage|p2a: Deoxys|88\/100|[from] Sandstorm\n|-damage|p1a: Taillow|92\/100|[from] Sandstorm\n|upkeep\n|turn|15\n|\n|t:|1700716795\n|move|p2a: Deoxys|Psycho Boost|p1a: Taillow\n|-damage|p1a: Taillow|0 fnt\n|-unboost|p2a: Deoxys|spa|2\n|faint|p1a: Taillow\n|\n|-weather|Sandstorm|[upkeep]\n|-damage|p2a: Deoxys|82\/100|[from] Sandstorm\n|upkeep\n|c| americanboy69|why in the world do you put scarf on deoxys\n|c| americanboy69|thats gross\n|c|\u2606Z4d_Th3_0wl|to trap other mons with trick\n|-message|Z4d_Th3_0wl forfeited.\n|\n|win|85792195wwww\n|raw|Z4d_Th3_0wl's rating: 1472 &rarr; <strong>1464<\/strong><br \/>(-8 for losing)\n|raw|85792195wwww's rating: 1711 &rarr; <strong>1719<\/strong><br \/>(+8 for winning)\n|l|\u2606Z4d_Th3_0wl\n","uploadtime":1700716827,"views":2,"p1id":"z4dth30wl","p2id":"85792195wwww","formatid":"gen9nationaldexubers","rating":1464,"private":0,"password":""}