{"id":"gen9nationaldexubers-1995669439","p1":"Distorted Battler","p2":"JustMonika_CARR","format":"[Gen 9] National Dex Ubers","log":"|j|\u2606Distorted Battler\n|j|\u2606JustMonika_CARR\n|t:|1700592432\n|gametype|singles\n|player|p1|Distorted Battler|lusamine|1313\n|player|p2|JustMonika_CARR|rosa|1338\n|teamsize|p1|6\n|teamsize|p2|6\n|gen|9\n|tier|[Gen 9] National Dex Ubers\n|rated|\n|rule|HP Percentage Mod: HP is shown in percentages\n|rule|Endless Battle Clause: Forcing endless battles is banned\n|rule|OHKO Clause: OHKO moves are banned\n|rule|Evasion Moves Clause: Evasion moves are banned\n|rule|Evasion Items Clause: Evasion items are banned\n|rule|Species Clause: Limit one of each Pok\u00e9mon\n|rule|Sleep Clause Mod: Limit one foe put to sleep\n|rule|Mega Rayquaza Clause: You cannot mega evolve Rayquaza\n|clearpoke\n|poke|p1|Salamence, M|\n|poke|p1|Kyogre|\n|poke|p1|Arceus-Fairy|\n|poke|p1|Groudon|\n|poke|p1|Yveltal|\n|poke|p1|Giratina|\n|poke|p2|Blaziken, M|\n|poke|p2|Pheromosa|\n|poke|p2|Gothitelle, F|\n|poke|p2|Deoxys-Speed|\n|poke|p2|Shuckle, M|\n|poke|p2|Durant, F|\n|teampreview\n|c|\u2606Distorted Battler|well\n|c|\u2606Distorted Battler|I can tell this is gonna suck\n|\n|t:|1700592451\n|start\n|switch|p1a: Orsted|Arceus-Fairy, shiny|100\/100\n|switch|p2a: Deoxys|Deoxys-Speed, shiny|100\/100\n|-ability|p2a: Deoxys|Pressure\n|turn|1\n|inactive|Battle timer is ON: inactive players will automatically lose when time's up. (requested by Distorted Battler)\n|\n|t:|1700592458\n|move|p2a: Deoxys|Light Screen|p2a: Deoxys\n|-sidestart|p2: JustMonika_CARR|move: Light Screen\n|move|p1a: Orsted|Judgment|p2a: Deoxys\n|-damage|p2a: Deoxys|72\/100\n|\n|upkeep\n|turn|2\n|\n|t:|1700592463\n|move|p2a: Deoxys|Stealth Rock|p1a: Orsted\n|-sidestart|p1: Distorted Battler|move: Stealth Rock\n|move|p1a: Orsted|Taunt|p2a: Deoxys\n|-start|p2a: Deoxys|move: Taunt\n|\n|upkeep\n|turn|3\n|\n|t:|1700592475\n|switch|p2a: Durant|Durant, F, shiny|100\/100\n|move|p1a: Orsted|Judgment|p2a: Durant\n|-resisted|p2a: Durant\n|-damage|p2a: Durant|73\/100\n|\n|upkeep\n|turn|4\n|\n|t:|1700592483\n|switch|p2a: Deoxys|Deoxys-Speed, shiny|72\/100\n|-ability|p2a: Deoxys|Pressure\n|move|p1a: Orsted|Will-O-Wisp|p2a: Deoxys\n|-status|p2a: Deoxys|brn\n|\n|-damage|p2a: Deoxys|66\/100 brn|[from] brn\n|upkeep\n|turn|5\n|\n|t:|1700592492\n|move|p2a: Deoxys|Toxic|p1a: Orsted\n|-status|p1a: Orsted|tox\n|move|p1a: Orsted|Judgment|p2a: Deoxys\n|-damage|p2a: Deoxys|35\/100 brn\n|\n|-damage|p1a: Orsted|94\/100 tox|[from] psn\n|-damage|p2a: Deoxys|29\/100 brn|[from] brn\n|upkeep\n|turn|6\n|\n|t:|1700592501\n|move|p2a: Deoxys|Reflect|p2a: Deoxys\n|-sidestart|p2: JustMonika_CARR|Reflect\n|move|p1a: Orsted|Judgment|p2a: Deoxys\n|-damage|p2a: Deoxys|0 fnt\n|faint|p2a: Deoxys\n|\n|-damage|p1a: Orsted|82\/100 tox|[from] psn\n|upkeep\n|\n|t:|1700592511\n|switch|p2a: Blaziken|Blaziken, M, shiny|100\/100\n|turn|7\n|\n|t:|1700592516\n|switch|p1a: Shrek|Kyogre, shiny|100\/100\n|-damage|p1a: Shrek|88\/100|[from] Stealth Rock\n|detailschange|p1a: Shrek|Kyogre-Primal, shiny\n|-primal|p1a: Shrek|Blue Orb\n|-weather|PrimordialSea|[from] ability: Primordial Sea|[of] p1a: Shrek\n|detailschange|p2a: Blaziken|Blaziken-Mega, M, shiny\n|-mega|p2a: Blaziken|Blaziken|Blazikenite\n|move|p2a: Blaziken|Protect||[still]\n|-fail|p2a: Blaziken\n|\n|-weather|PrimordialSea|[upkeep]\n|-ability|p2a: Blaziken|Speed Boost|boost\n|-boost|p2a: Blaziken|spe|1\n|upkeep\n|turn|8\n|\n|t:|1700592528\n|move|p2a: Blaziken|Hone Claws|p2a: Blaziken\n|-boost|p2a: Blaziken|atk|1\n|-boost|p2a: Blaziken|accuracy|1\n|move|p1a: Shrek|Origin Pulse|p2a: Blaziken\n|-supereffective|p2a: Blaziken\n|-damage|p2a: Blaziken|0 fnt\n|faint|p2a: Blaziken\n|\n|-weather|PrimordialSea|[upkeep]\n|-sideend|p2: JustMonika_CARR|move: Light Screen\n|upkeep\n|\n|t:|1700592531\n|switch|p2a: Durant|Durant, F, shiny|73\/100\n|turn|9\n|c|\u2606Distorted Battler|okay\n|c|\u2606Distorted Battler|i wanted a challenging bs temp6t wannabe\n|\n|t:|1700592555\n|move|p2a: Durant|Entrainment|p1a: Shrek\n|-weather|none\n|-endability|p1a: Shrek|Primordial Sea|[from] move: Entrainment\n|-ability|p1a: Shrek|Truant|[from] move: Entrainment\n|move|p1a: Shrek|Origin Pulse|p2a: Durant\n|-damage|p2a: Durant|0 fnt\n|faint|p2a: Durant\n|\n|upkeep\n|\n|t:|1700592564\n|switch|p2a: Gothitelle|Gothitelle, F, shiny|100\/100\n|turn|10\n|c|\u2606Distorted Battler|oh, I get it now\n|\n|t:|1700592572\n|cant|p1a: Shrek|ability: Truant\n|move|p2a: Gothitelle|Substitute|p2a: Gothitelle\n|-start|p2a: Gothitelle|Substitute\n|-damage|p2a: Gothitelle|75\/100\n|\n|upkeep\n|turn|11\n|\n|t:|1700592581\n|move|p1a: Shrek|Calm Mind|p1a: Shrek\n|-boost|p1a: Shrek|spa|1\n|-boost|p1a: Shrek|spd|1\n|move|p2a: Gothitelle|Substitute|p2a: Gothitelle\n|-fail|p2a: Gothitelle|move: Substitute\n|\n|upkeep\n|turn|12\n|c|\u2606Distorted Battler|right\n|\n|t:|1700592587\n|cant|p1a: Shrek|ability: Truant\n|move|p2a: Gothitelle|Dark Pulse|p1a: Shrek\n|-damage|p1a: Shrek|79\/100\n|\n|upkeep\n|turn|13\n|\n|t:|1700592593\n|move|p1a: Shrek|Calm Mind|p1a: Shrek\n|-boost|p1a: Shrek|spa|1\n|-boost|p1a: Shrek|spd|1\n|move|p2a: Gothitelle|Substitute|p2a: Gothitelle\n|-fail|p2a: Gothitelle|move: Substitute\n|\n|-sideend|p2: JustMonika_CARR|Reflect\n|upkeep\n|turn|14\n|c|\u2606Distorted Battler|thing is\n|\n|t:|1700592601\n|cant|p1a: Shrek|ability: Truant\n|move|p2a: Gothitelle|Dark Pulse|p1a: Shrek\n|-damage|p1a: Shrek|73\/100\n|\n|upkeep\n|turn|15\n|c|\u2606Distorted Battler|I can bs to\n|\n|t:|1700592610\n|move|p1a: Shrek|Thunder|p2a: Gothitelle\n|-end|p2a: Gothitelle|Substitute\n|move|p2a: Gothitelle|Dark Pulse|p1a: Shrek\n|-damage|p1a: Shrek|66\/100\n|\n|upkeep\n|turn|16\n|\n|t:|1700592618\n|cant|p1a: Shrek|ability: Truant\n|move|p2a: Gothitelle|Substitute|p2a: Gothitelle\n|-start|p2a: Gothitelle|Substitute\n|-damage|p2a: Gothitelle|50\/100\n|\n|upkeep\n|turn|17\n|\n|t:|1700592623\n|move|p1a: Shrek|Calm Mind|p1a: Shrek\n|-boost|p1a: Shrek|spa|1\n|-boost|p1a: Shrek|spd|1\n|move|p2a: Gothitelle|Substitute|p2a: Gothitelle\n|-fail|p2a: Gothitelle|move: Substitute\n|\n|upkeep\n|turn|18\n|c|\u2606Distorted Battler|all of you are the same\n|\n|t:|1700592634\n|cant|p1a: Shrek|ability: Truant\n|move|p2a: Gothitelle|Dark Pulse|p1a: Shrek\n|-damage|p1a: Shrek|60\/100\n|\n|upkeep\n|turn|19\n|\n|t:|1700592641\n|move|p1a: Shrek|Ice Beam|p2a: Gothitelle\n|-end|p2a: Gothitelle|Substitute\n|move|p2a: Gothitelle|Substitute|p2a: Gothitelle\n|-start|p2a: Gothitelle|Substitute\n|-damage|p2a: Gothitelle|25\/100\n|-enditem|p2a: Gothitelle|Starf Berry|[eat]\n|-boost|p2a: Gothitelle|spa|2|[from] item: Starf Berry\n|\n|upkeep\n|turn|20\n|\n|t:|1700592649\n|cant|p1a: Shrek|ability: Truant\n|move|p2a: Gothitelle|Recycle|p2a: Gothitelle\n|-item|p2a: Gothitelle|Starf Berry|[from] move: Recycle\n|-enditem|p2a: Gothitelle|Starf Berry|[eat]\n|-boost|p2a: Gothitelle|spe|2|[from] item: Starf Berry\n|\n|upkeep\n|turn|21\n|c|\u2606Distorted Battler|oh great heavens\n|\n|t:|1700592661\n|move|p2a: Gothitelle|Protect|p2a: Gothitelle\n|-singleturn|p2a: Gothitelle|Protect\n|move|p1a: Shrek|Ice Beam|p2a: Gothitelle\n|-activate|p2a: Gothitelle|move: Protect\n|\n|upkeep\n|turn|22\n|\n|t:|1700592668\n|move|p2a: Gothitelle|Recycle|p2a: Gothitelle\n|-item|p2a: Gothitelle|Starf Berry|[from] move: Recycle\n|-enditem|p2a: Gothitelle|Starf Berry|[eat]\n|-boost|p2a: Gothitelle|spd|2|[from] item: Starf Berry\n|cant|p1a: Shrek|ability: Truant\n|\n|upkeep\n|turn|23\n|c|\u2606JustMonika_CARR|Temp6t wannabe? Lol why\n|\n|t:|1700592690\n|move|p2a: Gothitelle|Protect|p2a: Gothitelle\n|-singleturn|p2a: Gothitelle|Protect\n|move|p1a: Shrek|Calm Mind|p1a: Shrek\n|-boost|p1a: Shrek|spa|1\n|-boost|p1a: Shrek|spd|1\n|\n|upkeep\n|turn|24\n|c|\u2606Distorted Battler|he is what started this cringe\n|\n|t:|1700592699\n|move|p2a: Gothitelle|Recycle|p2a: Gothitelle\n|-item|p2a: Gothitelle|Starf Berry|[from] move: Recycle\n|-enditem|p2a: Gothitelle|Starf Berry|[eat]\n|-boost|p2a: Gothitelle|spd|2|[from] item: Starf Berry\n|cant|p1a: Shrek|ability: Truant\n|\n|upkeep\n|turn|25\n|c|\u2606JustMonika_CARR|What cringe?\n|c|\u2606Distorted Battler|look at your screen\n|\n|t:|1700592714\n|move|p2a: Gothitelle|Protect|p2a: Gothitelle\n|-singleturn|p2a: Gothitelle|Protect\n|move|p1a: Shrek|Origin Pulse|p2a: Gothitelle\n|-activate|p2a: Gothitelle|move: Protect\n|\n|upkeep\n|turn|26\n|c|\u2606Distorted Battler|tell me\n|c|\u2606JustMonika_CARR|Uh\n|\n|t:|1700592728\n|move|p2a: Gothitelle|Recycle|p2a: Gothitelle\n|-item|p2a: Gothitelle|Starf Berry|[from] move: Recycle\n|-enditem|p2a: Gothitelle|Starf Berry|[eat]\n|-boost|p2a: Gothitelle|spa|2|[from] item: Starf Berry\n|cant|p1a: Shrek|ability: Truant\n|\n|upkeep\n|turn|27\n|c|\u2606JustMonika_CARR|I use this strat since XY\n|c|\u2606JustMonika_CARR|Lol\n|c|\u2606Distorted Battler|*press x to doubt*\n|\n|t:|1700592748\n|move|p2a: Gothitelle|Protect|p2a: Gothitelle\n|-singleturn|p2a: Gothitelle|Protect\n|move|p1a: Shrek|Calm Mind|p1a: Shrek\n|-boost|p1a: Shrek|spa|1\n|-boost|p1a: Shrek|spd|1\n|\n|upkeep\n|turn|28\n|c|\u2606JustMonika_CARR|Well, doesnt really matter\n|inactive|JustMonika_CARR has 120 seconds left.\n|c|\u2606JustMonika_CARR|Never seen temp6t use this one thi\n|\n|t:|1700592786\n|move|p2a: Gothitelle|Recycle|p2a: Gothitelle\n|-item|p2a: Gothitelle|Starf Berry|[from] move: Recycle\n|-enditem|p2a: Gothitelle|Starf Berry|[eat]\n|-boost|p2a: Gothitelle|spe|2|[from] item: Starf Berry\n|cant|p1a: Shrek|ability: Truant\n|\n|upkeep\n|turn|29\n|c|\u2606Distorted Battler|i am talking truant and shadow tag\n|\n|t:|1700592797\n|move|p2a: Gothitelle|Protect|p2a: Gothitelle\n|-singleturn|p2a: Gothitelle|Protect\n|move|p1a: Shrek|Origin Pulse|p2a: Gothitelle\n|-activate|p2a: Gothitelle|move: Protect\n|\n|upkeep\n|turn|30\n|c|\u2606JustMonika_CARR|Yeah I use that since XY\n|inactive|JustMonika_CARR has 120 seconds left.\n|c|\u2606JustMonika_CARR|But specifically this starf berry one\n|c|\u2606Distorted Battler|hrm\n|c|\u2606JustMonika_CARR|Never seen anyone else use it\n|\n|t:|1700592827\n|move|p2a: Gothitelle|Recycle|p2a: Gothitelle\n|-item|p2a: Gothitelle|Starf Berry|[from] move: Recycle\n|-enditem|p2a: Gothitelle|Starf Berry|[eat]\n|-boost|p2a: Gothitelle|spa|2|[from] item: Starf Berry\n|cant|p1a: Shrek|ability: Truant\n|\n|upkeep\n|turn|31\n|\n|t:|1700592838\n|move|p2a: Gothitelle|Protect|p2a: Gothitelle\n|-singleturn|p2a: Gothitelle|Protect\n|move|p1a: Shrek|Thunder|p2a: Gothitelle\n|-activate|p2a: Gothitelle|move: Protect\n|\n|upkeep\n|turn|32\n|\n|t:|1700592844\n|move|p2a: Gothitelle|Recycle|p2a: Gothitelle\n|-item|p2a: Gothitelle|Starf Berry|[from] move: Recycle\n|-enditem|p2a: Gothitelle|Starf Berry|[eat]\n|-boost|p2a: Gothitelle|spe|2|[from] item: Starf Berry\n|cant|p1a: Shrek|ability: Truant\n|\n|upkeep\n|turn|33\n|c|\u2606Distorted Battler|I want you to know\n|inactive|Distorted Battler has 120 seconds left.\n|c|\u2606Distorted Battler|my giratina is hungrily waiting\n|\n|t:|1700592884\n|move|p2a: Gothitelle|Protect|p2a: Gothitelle\n|-singleturn|p2a: Gothitelle|Protect\n|move|p1a: Shrek|Ice Beam|p2a: Gothitelle\n|-activate|p2a: Gothitelle|move: Protect\n|\n|upkeep\n|turn|34\n|c|\u2606JustMonika_CARR|Oh, roar?\n|c|\u2606Distorted Battler|no?\n|c|\u2606JustMonika_CARR|Thought you might have\n|inactive|JustMonika_CARR has 120 seconds left.\n|c|\u2606JustMonika_CARR|No? Lol\n|c|\u2606Distorted Battler|who tf uses roar gira?\n|\n|t:|1700592912\n|move|p2a: Gothitelle|Recycle|p2a: Gothitelle\n|-item|p2a: Gothitelle|Starf Berry|[from] move: Recycle\n|-enditem|p2a: Gothitelle|Starf Berry|[eat]\n|-boost|p2a: Gothitelle|atk|2|[from] item: Starf Berry\n|cant|p1a: Shrek|ability: Truant\n|\n|upkeep\n|turn|35\n|c|\u2606Distorted Battler|like, it gets roar?\n|c|\u2606JustMonika_CARR|It does\n|c|\u2606Distorted Battler|dayum\n|c|\u2606JustMonika_CARR|I just lost to a dude who did Roar gira\n|c|\u2606JustMonika_CARR|With another team\n|c|\u2606Distorted Battler|th\n|inactive|Distorted Battler has 90 seconds left.\n|\n|t:|1700592945\n|move|p2a: Gothitelle|Protect|p2a: Gothitelle\n|-singleturn|p2a: Gothitelle|Protect\n|move|p1a: Shrek|Origin Pulse|p2a: Gothitelle\n|-activate|p2a: Gothitelle|move: Protect\n|\n|upkeep\n|turn|36\n|\n|t:|1700592954\n|move|p2a: Gothitelle|Recycle|p2a: Gothitelle\n|-item|p2a: Gothitelle|Starf Berry|[from] move: Recycle\n|-enditem|p2a: Gothitelle|Starf Berry|[eat]\n|-boost|p2a: Gothitelle|def|2|[from] item: Starf Berry\n|cant|p1a: Shrek|ability: Truant\n|\n|upkeep\n|turn|37\n|\n|t:|1700592961\n|move|p2a: Gothitelle|Protect|p2a: Gothitelle\n|-singleturn|p2a: Gothitelle|Protect\n|move|p1a: Shrek|Calm Mind|p1a: Shrek\n|-boost|p1a: Shrek|spa|1\n|-boost|p1a: Shrek|spd|1\n|\n|upkeep\n|turn|38\n|\n|t:|1700592970\n|move|p2a: Gothitelle|Recycle|p2a: Gothitelle\n|-item|p2a: Gothitelle|Starf Berry|[from] move: Recycle\n|-enditem|p2a: Gothitelle|Starf Berry|[eat]\n|-boost|p2a: Gothitelle|spd|2|[from] item: Starf Berry\n|cant|p1a: Shrek|ability: Truant\n|\n|upkeep\n|turn|39\n|c|\u2606Distorted Battler|running pretty low on pp?\n|\n|t:|1700592985\n|move|p2a: Gothitelle|Protect|p2a: Gothitelle\n|-singleturn|p2a: Gothitelle|Protect\n|move|p1a: Shrek|Ice Beam|p2a: Gothitelle\n|-activate|p2a: Gothitelle|move: Protect\n|\n|upkeep\n|turn|40\n|c|\u2606Distorted Battler|because I can do this all day\n|c|\u2606JustMonika_CARR|Hmmm\n|c|\u2606JustMonika_CARR|Misclick\n|c|\u2606JustMonika_CARR|F\n|inactive|Distorted Battler has 90 seconds left.\n|\n|t:|1700593008\n|move|p2a: Gothitelle|Protect||[still]\n|-fail|p2a: Gothitelle\n|cant|p1a: Shrek|ability: Truant\n|\n|upkeep\n|turn|41\n|c|\u2606JustMonika_CARR|Wait what????\n|\n|t:|1700593020\n|move|p2a: Gothitelle|Protect|p2a: Gothitelle\n|-singleturn|p2a: Gothitelle|Protect\n|move|p1a: Shrek|Thunder|p2a: Gothitelle\n|-activate|p2a: Gothitelle|move: Protect\n|\n|upkeep\n|turn|42\n|c|\u2606Distorted Battler|could have just killed me by now\n|inactive|Distorted Battler has 90 seconds left.\n|c|\u2606JustMonika_CARR|But ye, pp low\n|c|\u2606JustMonika_CARR|Lol\n|\n|t:|1700593041\n|move|p2a: Gothitelle|Recycle|p2a: Gothitelle\n|-item|p2a: Gothitelle|Starf Berry|[from] move: Recycle\n|-enditem|p2a: Gothitelle|Starf Berry|[eat]\n|-boost|p2a: Gothitelle|atk|2|[from] item: Starf Berry\n|cant|p1a: Shrek|ability: Truant\n|\n|upkeep\n|turn|43\n|inactive|Distorted Battler has 90 seconds left.\n|c|\u2606Distorted Battler|I see no method to this\n|c|\u2606Distorted Battler|I have many counters\n|\n|t:|1700593062\n|move|p2a: Gothitelle|Protect|p2a: Gothitelle\n|-singleturn|p2a: Gothitelle|Protect\n|move|p1a: Shrek|Ice Beam|p2a: Gothitelle\n|-activate|p2a: Gothitelle|move: Protect\n|\n|upkeep\n|turn|44\n|c|\u2606JustMonika_CARR|Likely, yeah\n|c|\u2606JustMonika_CARR|I love this strat tho\n|c|\u2606Distorted Battler|roar, dragon tail, dark aura, taunt, the list goes on\n|\n|t:|1700593084\n|move|p2a: Gothitelle|Recycle|p2a: Gothitelle\n|-item|p2a: Gothitelle|Starf Berry|[from] move: Recycle\n|-enditem|p2a: Gothitelle|Starf Berry|[eat]\n|-boost|p2a: Gothitelle|atk|2|[from] item: Starf Berry\n|cant|p1a: Shrek|ability: Truant\n|\n|upkeep\n|turn|45\n|c|\u2606JustMonika_CARR|The feeling of uniqueness is pretty nice\n|c|\u2606JustMonika_CARR|But I'm aware\n|c|\u2606Distorted Battler|it is i guess\n|inactive|Distorted Battler has 60 seconds left.\n|\n|t:|1700593106\n|move|p2a: Gothitelle|Protect|p2a: Gothitelle\n|-singleturn|p2a: Gothitelle|Protect\n|move|p1a: Shrek|Ice Beam|p2a: Gothitelle\n|-activate|p2a: Gothitelle|move: Protect\n|\n|upkeep\n|turn|46\n|c|\u2606Distorted Battler|but, why no stored power?\n|\n|t:|1700593115\n|move|p2a: Gothitelle|Recycle|p2a: Gothitelle\n|-item|p2a: Gothitelle|Starf Berry|[from] move: Recycle\n|-enditem|p2a: Gothitelle|Starf Berry|[eat]\n|-boost|p2a: Gothitelle|def|2|[from] item: Starf Berry\n|cant|p1a: Shrek|ability: Truant\n|\n|upkeep\n|turn|47\n|c|\u2606JustMonika_CARR|Dark-types, of course\n|c|\u2606Distorted Battler|fun fact\n|inactive|Distorted Battler has 60 seconds left.\n|c|\u2606Distorted Battler|if you raise your stats enough\n|c|\u2606Distorted Battler|stored power ignores dark type\n|\n|t:|1700593143\n|move|p2a: Gothitelle|Protect|p2a: Gothitelle\n|-singleturn|p2a: Gothitelle|Protect\n|move|p1a: Shrek|Ice Beam|p2a: Gothitelle\n|-activate|p2a: Gothitelle|move: Protect\n|\n|upkeep\n|turn|48\n|c|\u2606JustMonika_CARR|Huh, it does? Lol\n|c|\u2606Distorted Battler|yep\n|\n|t:|1700593164\n|move|p2a: Gothitelle|Recycle|p2a: Gothitelle\n|-item|p2a: Gothitelle|Starf Berry|[from] move: Recycle\n|-enditem|p2a: Gothitelle|Starf Berry|[eat]\n|-boost|p2a: Gothitelle|def|2|[from] item: Starf Berry\n|cant|p1a: Shrek|ability: Truant\n|\n|upkeep\n|turn|49\n|inactive|Distorted Battler has 60 seconds left.\n|c|\u2606Distorted Battler|Honestly, I think Kyo just goes berserk\n|c|\u2606Distorted Battler|tanks that d pulse\n|\n|t:|1700593185\n|move|p2a: Gothitelle|Protect|p2a: Gothitelle\n|-singleturn|p2a: Gothitelle|Protect\n|move|p1a: Shrek|Ice Beam|p2a: Gothitelle\n|-activate|p2a: Gothitelle|move: Protect\n|\n|upkeep\n|turn|50\n|c|\u2606JustMonika_CARR|Likely\n|c|\u2606Distorted Battler|pause\n|\n|t:|1700593203\n|-terastallize|p2a: Gothitelle|Dark\n|move|p2a: Gothitelle|Dark Pulse|p1a: Shrek\n|-damage|p1a: Shrek|40\/100\n|cant|p1a: Shrek|ability: Truant\n|\n|upkeep\n|turn|51\n|c|\u2606Distorted Battler|I just said the most sus shit in pokemon history\n|\n|t:|1700593215\n|move|p2a: Gothitelle|Dark Pulse|p1a: Shrek\n|-damage|p1a: Shrek|21\/100\n|move|p1a: Shrek|Ice Beam|p2a: Gothitelle\n|-end|p2a: Gothitelle|Substitute\n|\n|upkeep\n|turn|52\n|\n|t:|1700593222\n|move|p2a: Gothitelle|Dark Pulse|p1a: Shrek\n|-damage|p1a: Shrek|3\/100\n|cant|p1a: Shrek|ability: Truant\n|\n|upkeep\n|turn|53\n|inactive|Distorted Battler has 60 seconds left.\n|c|\u2606Distorted Battler|dayum\n|c|\u2606Distorted Battler|shrek cooked\n|\n|t:|1700593235\n|move|p2a: Gothitelle|Dark Pulse|p1a: Shrek\n|-damage|p1a: Shrek|0 fnt\n|faint|p1a: Shrek\n|\n|upkeep\n|\n|t:|1700593243\n|switch|p1a: Bakon|Yveltal, shiny|100\/100\n|-damage|p1a: Bakon|76\/100|[from] Stealth Rock\n|-ability|p1a: Bakon|Dark Aura\n|turn|54\n|inactive|Distorted Battler has 60 seconds left.\n|\n|t:|1700593264\n|move|p2a: Gothitelle|Dark Pulse|p1a: Bakon\n|-resisted|p1a: Bakon\n|-damage|p1a: Bakon|30\/100\n|move|p1a: Bakon|U-turn|p2a: Gothitelle\n|-supereffective|p2a: Gothitelle\n|-damage|p2a: Gothitelle|12\/100\n|c|\u2606Distorted Battler|this kinda scares me tbh\n|inactive|Distorted Battler has 60 seconds left.\n|c|\u2606Distorted Battler|balls\n|\n|t:|1700593285\n|switch|p1a: Distorted|Giratina, shiny|100\/100|[from] U-turn\n|-damage|p1a: Distorted|88\/100|[from] Stealth Rock\n|-ability|p1a: Distorted|Pressure\n|\n|-heal|p1a: Distorted|94\/100|[from] item: Leftovers\n|upkeep\n|turn|55\n|c|\u2606Distorted Battler|if I miss\n|c|\u2606Distorted Battler|10%\n|c|\u2606Distorted Battler|I lose\n|inactive|JustMonika_CARR has 120 seconds left.\n|c|\u2606Distorted Battler|or i just die\n|l|\u2606JustMonika_CARR\n|inactive|JustMonika_CARR disconnected and has a minute to reconnect!\n|player|p2|\n|inactive|JustMonika_CARR has 30 seconds to reconnect!\n|c|\u2606Distorted Battler|Monika?\n|c|\u2606Distorted Battler|No\n|j|\u2606JustMonika_CARR\n|inactive|JustMonika_CARR reconnected and has 85 seconds left.\n|player|p2|JustMonika_CARR|rosa\n|c|\u2606Distorted Battler|I don't want a dishonorable win\n|c|\u2606Distorted Battler|thank god\n|\n|t:|1700593364\n|-terastallize|p1a: Distorted|Steel\n|move|p2a: Gothitelle|Dark Pulse|p1a: Distorted\n|-damage|p1a: Distorted|34\/100\n|move|p1a: Distorted|Dragon Tail|p2a: Gothitelle\n|-damage|p2a: Gothitelle|8\/100\n|drag|p2a: Shuckle|Shuckle, M, shiny|100\/100\n|\n|-heal|p1a: Distorted|41\/100|[from] item: Leftovers\n|upkeep\n|turn|56\n|c|\u2606Distorted Battler|YESSSSSSS\n|c|\u2606JustMonika_CARR|Hmmmm\n|c|\u2606JustMonika_CARR|Nice\n|c|\u2606JustMonika_CARR|Good job\n|inactive|JustMonika_CARR has 60 seconds left.\n|\n|t:|1700593385\n|move|p1a: Distorted|Toxic|p2a: Shuckle\n|-status|p2a: Shuckle|tox\n|move|p2a: Shuckle|Toxic|p1a: Distorted\n|-immune|p1a: Distorted\n|\n|-heal|p1a: Distorted|47\/100|[from] item: Leftovers\n|-damage|p2a: Shuckle|94\/100 tox|[from] psn\n|upkeep\n|turn|57\n|c|\u2606Distorted Battler|um\n|c|\u2606JustMonika_CARR|Oh im dumb lol\n|c|\u2606Distorted Battler|don't worry man\n|inactive|Distorted Battler has 30 seconds left.\n|c|\u2606Distorted Battler|I made similar mistakes\n|\n|t:|1700593403\n|move|p1a: Distorted|Hex|p2a: Shuckle\n|-damage|p2a: Shuckle|67\/100 tox\n|move|p2a: Shuckle|Infestation|p1a: Distorted\n|-resisted|p1a: Distorted\n|-damage|p1a: Distorted|46\/100\n|-activate|p1a: Distorted|move: Infestation|[of] p2a: Shuckle\n|\n|-heal|p1a: Distorted|52\/100|[from] item: Leftovers\n|-damage|p2a: Shuckle|55\/100 tox|[from] psn\n|-damage|p1a: Distorted|40\/100|[from] move: Infestation|[partiallytrapped]\n|upkeep\n|turn|58\n|inactive|Distorted Battler has 30 seconds left.\n|\n|t:|1700593415\n|move|p1a: Distorted|Defog|p2a: Shuckle\n|-boost|p2a: Shuckle|evasion|1\n|-sideend|p1: Distorted Battler|Stealth Rock|[from] move: Defog|[of] p1a: Distorted\n|move|p2a: Shuckle|Rest|p2a: Shuckle\n|-status|p2a: Shuckle|slp|[from] move: Rest\n|-heal|p2a: Shuckle|100\/100 slp|[silent]\n|-enditem|p2a: Shuckle|Chesto Berry|[eat]\n|-curestatus|p2a: Shuckle|slp|[msg]\n|\n|-heal|p1a: Distorted|46\/100|[from] item: Leftovers\n|-damage|p1a: Distorted|34\/100|[from] move: Infestation|[partiallytrapped]\n|upkeep\n|turn|59\n|inactive|Distorted Battler has 30 seconds left.\n|\n|t:|1700593426\n|move|p1a: Distorted|Hex|p2a: Shuckle\n|-damage|p2a: Shuckle|85\/100\n|move|p2a: Shuckle|Shell Smash|p2a: Shuckle\n|-boost|p2a: Shuckle|def|1\n|-boost|p2a: Shuckle|spd|1\n|-unboost|p2a: Shuckle|atk|2\n|-unboost|p2a: Shuckle|spa|2\n|-unboost|p2a: Shuckle|spe|2\n|\n|-heal|p1a: Distorted|40\/100|[from] item: Leftovers\n|-damage|p1a: Distorted|27\/100|[from] move: Infestation|[partiallytrapped]\n|upkeep\n|turn|60\n|inactive|Distorted Battler has 30 seconds left.\n|\n|t:|1700593437\n|move|p1a: Distorted|Toxic|p2a: Shuckle\n|-status|p2a: Shuckle|tox\n|move|p2a: Shuckle|Shell Smash|p2a: Shuckle\n|-boost|p2a: Shuckle|def|1\n|-boost|p2a: Shuckle|spd|1\n|-unboost|p2a: Shuckle|atk|2\n|-unboost|p2a: Shuckle|spa|2\n|-unboost|p2a: Shuckle|spe|2\n|\n|-heal|p1a: Distorted|33\/100|[from] item: Leftovers\n|-damage|p2a: Shuckle|79\/100 tox|[from] psn\n|-damage|p1a: Distorted|21\/100|[from] move: Infestation|[partiallytrapped]\n|upkeep\n|turn|61\n|c|\u2606JustMonika_CARR|Hmmmm\n|c|\u2606Distorted Battler|I am so gonna lose\n|inactive|Distorted Battler has 30 seconds left.\n|c|\u2606JustMonika_CARR|Nah\n|\n|t:|1700593450\n|move|p2a: Shuckle|Shell Smash|p2a: Shuckle\n|-boost|p2a: Shuckle|def|1\n|-boost|p2a: Shuckle|spd|1\n|-unboost|p2a: Shuckle|atk|2\n|-unboost|p2a: Shuckle|spa|2\n|-unboost|p2a: Shuckle|spe|2\n|move|p1a: Distorted|Dragon Tail|p2a: Shuckle\n|-damage|p2a: Shuckle|74\/100 tox\n|drag|p2a: Pheromosa|Pheromosa, shiny|100\/100\n|\n|-heal|p1a: Distorted|27\/100|[from] item: Leftovers\n|-end|p1a: Distorted|Infestation|[partiallytrapped]|[silent]\n|upkeep\n|turn|62\n|c|\u2606Distorted Battler|wait\n|inactive|JustMonika_CARR has 90 seconds left.\n|c|\u2606Distorted Battler|I just do that\n|c|\u2606JustMonika_CARR|Nice one\n|inactive|Distorted Battler has 30 seconds left.\n|c|\u2606Distorted Battler|nsxdesabm,dfcbseawj\n|inactive|Distorted Battler has 20 seconds left.\n|c|\u2606Distorted Battler|m-m-m\n|\n|t:|1700593473\n|move|p2a: Pheromosa|Close Combat|p1a: Distorted\n|-supereffective|p1a: Distorted\n|-damage|p1a: Distorted|0 fnt\n|-unboost|p2a: Pheromosa|def|1\n|-unboost|p2a: Pheromosa|spd|1\n|faint|p1a: Distorted\n|-ability|p2a: Pheromosa|Beast Boost|boost\n|-boost|p2a: Pheromosa|spa|1\n|\n|upkeep\n|inactive|Distorted Battler has 25 seconds left this turn.\n|inactive|Distorted Battler has 20 seconds left.\n|inactive|Distorted Battler has 15 seconds left.\n|\n|t:|1700593484\n|switch|p1a: E Man|Salamence, M, shiny|100\/100\n|-ability|p1a: E Man|Intimidate|boost\n|-unboost|p2a: Pheromosa|atk|1\n|turn|63\n|inactive|Distorted Battler has 25 seconds left this turn.\n|inactive|Distorted Battler has 20 seconds left.\n|\n|t:|1700593492\n|detailschange|p1a: E Man|Salamence-Mega, M, shiny\n|-mega|p1a: E Man|Salamence|Salamencite\n|move|p2a: Pheromosa|Ice Beam|p1a: E Man\n|-supereffective|p1a: E Man\n|-damage|p1a: E Man|0 fnt\n|faint|p1a: E Man\n|-ability|p2a: Pheromosa|Beast Boost|boost\n|-boost|p2a: Pheromosa|spa|1\n|\n|upkeep\n|inactive|Distorted Battler has 25 seconds left this turn.\n|c|\u2606JustMonika_CARR|Hmmm\n|inactive|Distorted Battler has 20 seconds left.\n|\n|t:|1700593499\n|switch|p1a: Don|Groudon, shiny|100\/100\n|detailschange|p1a: Don|Groudon-Primal, shiny\n|-primal|p1a: Don|Red Orb\n|-weather|DesolateLand|[from] ability: Desolate Land|[of] p1a: Don\n|turn|64\n|inactive|Distorted Battler has 30 seconds left this turn.\n|c|\u2606JustMonika_CARR|Nah i lose\n|c|\u2606JustMonika_CARR|Dw\n|\n|t:|1700593508\n|move|p2a: Pheromosa|Ice Beam|p1a: Don\n|-damage|p1a: Don|32\/100\n|move|p1a: Don|Stone Edge|p2a: Pheromosa\n|-enditem|p2a: Pheromosa|Focus Sash\n|-damage|p2a: Pheromosa|1\/100\n|\n|-weather|DesolateLand|[upkeep]\n|upkeep\n|turn|65\n|inactive|Distorted Battler has 30 seconds left.\n|\n|t:|1700593516\n|move|p2a: Pheromosa|Ice Beam|p1a: Don\n|-damage|p1a: Don|0 fnt\n|faint|p1a: Don\n|-weather|none\n|-ability|p2a: Pheromosa|Beast Boost|boost\n|-boost|p2a: Pheromosa|spa|1\n|\n|upkeep\n|c|\u2606JustMonika_CARR|See?\n|inactive|Distorted Battler has 30 seconds left.\n|\n|t:|1700593522\n|switch|p1a: Bakon|Yveltal, shiny|30\/100\n|-ability|p1a: Bakon|Dark Aura\n|turn|66\n|inactive|JustMonika_CARR has 120 seconds left.\n|\n|t:|1700593533\n|move|p1a: Bakon|Sucker Punch|p2a: Pheromosa\n|-resisted|p2a: Pheromosa\n|-damage|p2a: Pheromosa|0 fnt\n|faint|p2a: Pheromosa\n|\n|upkeep\n|c|\u2606Distorted Battler|whew\n|c|\u2606JustMonika_CARR|Thought so\n|inactive|JustMonika_CARR has 120 seconds left.\n|\n|t:|1700593541\n|switch|p2a: Gothitelle|Gothitelle, F, shiny, tera:Dark|8\/100\n|turn|67\n|\n|t:|1700593546\n|move|p1a: Bakon|Knock Off|p2a: Gothitelle\n|-resisted|p2a: Gothitelle\n|-damage|p2a: Gothitelle|0 fnt\n|faint|p2a: Gothitelle\n|\n|upkeep\n|\n|t:|1700593548\n|switch|p2a: Shuckle|Shuckle, M, shiny|74\/100 tox\n|turn|68\n|c|\u2606JustMonika_CARR|Welp, gg\n|c|\u2606Distorted Battler|assault vest\n|c|\u2606Distorted Battler|gg\n|c|\u2606Distorted Battler|wp\n|inactive|Distorted Battler has 60 seconds left.\n|\n|t:|1700593559\n|move|p1a: Bakon|Oblivion Wing|p2a: Shuckle\n|-damage|p2a: Shuckle|50\/100 tox\n|-heal|p1a: Bakon|39\/100|[from] drain|[of] p2a: Shuckle\n|move|p2a: Shuckle|Shell Smash|p2a: Shuckle\n|-boost|p2a: Shuckle|def|1\n|-boost|p2a: Shuckle|spd|1\n|-unboost|p2a: Shuckle|atk|2\n|-unboost|p2a: Shuckle|spa|2\n|-unboost|p2a: Shuckle|spe|2\n|\n|-damage|p2a: Shuckle|44\/100 tox|[from] psn\n|upkeep\n|turn|69\n|inactive|Distorted Battler has 60 seconds left.\n|\n|t:|1700593570\n|switch|p1a: Orsted|Arceus-Fairy, shiny|82\/100 tox\n|move|p2a: Shuckle|Rest|p2a: Shuckle\n|-status|p2a: Shuckle|slp|[from] move: Rest\n|-heal|p2a: Shuckle|100\/100 slp|[silent]\n|\n|-damage|p1a: Orsted|76\/100 tox|[from] psn\n|upkeep\n|turn|70\n|\n|t:|1700593579\n|move|p1a: Orsted|Taunt|p2a: Shuckle\n|-start|p2a: Shuckle|move: Taunt\n|cant|p2a: Shuckle|slp\n|\n|-damage|p1a: Orsted|64\/100 tox|[from] psn\n|upkeep\n|turn|71\n|\n|t:|1700593588\n|move|p1a: Orsted|Judgment|p2a: Shuckle\n|-damage|p2a: Shuckle|81\/100 slp\n|cant|p2a: Shuckle|slp\n|\n|-damage|p1a: Orsted|46\/100 tox|[from] psn\n|upkeep\n|turn|72\n|\n|t:|1700593594\n|move|p1a: Orsted|Judgment|p2a: Shuckle\n|-damage|p2a: Shuckle|61\/100 slp\n|-curestatus|p2a: Shuckle|slp|[msg]\n|move|p2a: Shuckle|Infestation|p1a: Orsted\n|-resisted|p1a: Orsted\n|-crit|p1a: Orsted\n|-damage|p1a: Orsted|45\/100 tox\n|-activate|p1a: Orsted|move: Infestation|[of] p2a: Shuckle\n|\n|-damage|p1a: Orsted|21\/100 tox|[from] psn\n|-damage|p1a: Orsted|8\/100 tox|[from] move: Infestation|[partiallytrapped]\n|-end|p2a: Shuckle|move: Taunt\n|upkeep\n|turn|73\n|\n|t:|1700593607\n|move|p1a: Orsted|Taunt|p2a: Shuckle\n|-start|p2a: Shuckle|move: Taunt\n|cant|p2a: Shuckle|move: Taunt|Shell Smash\n|\n|-damage|p1a: Orsted|0 fnt|[from] psn\n|faint|p1a: Orsted\n|upkeep\n|\n|t:|1700593613\n|switch|p1a: Bakon|Yveltal, shiny|39\/100\n|-ability|p1a: Bakon|Dark Aura\n|turn|74\n|\n|t:|1700593620\n|move|p1a: Bakon|Sucker Punch|p2a: Shuckle\n|-damage|p2a: Shuckle|38\/100\n|move|p2a: Shuckle|Infestation|p1a: Bakon\n|-damage|p1a: Bakon|39\/100\n|-activate|p1a: Bakon|move: Infestation|[of] p2a: Shuckle\n|\n|-damage|p1a: Bakon|26\/100|[from] move: Infestation|[partiallytrapped]\n|upkeep\n|turn|75\n|c|\u2606JustMonika_CARR|Now, gg\n|c|\u2606Distorted Battler|gg\n|c|\u2606Distorted Battler|wp\n|\n|t:|1700593628\n|move|p1a: Bakon|Sucker Punch|p2a: Shuckle\n|-damage|p2a: Shuckle|14\/100\n|move|p2a: Shuckle|Infestation|p1a: Bakon\n|-damage|p1a: Bakon|26\/100\n|\n|-damage|p1a: Bakon|13\/100|[from] move: Infestation|[partiallytrapped]\n|-end|p2a: Shuckle|move: Taunt\n|upkeep\n|turn|76\n|inactive|Distorted Battler has 90 seconds left.\n|\n|t:|1700593637\n|move|p1a: Bakon|Knock Off|p2a: Shuckle\n|-damage|p2a: Shuckle|0 fnt\n|faint|p2a: Shuckle\n|\n|win|Distorted Battler\n|raw|Distorted Battler's rating: 1313 &rarr; <strong>1334<\/strong><br \/>(+21 for winning)\n|raw|JustMonika_CARR's rating: 1338 &rarr; <strong>1317<\/strong><br \/>(-21 for losing)\n|c|\u2606Distorted Battler|whew\n|l|\u2606JustMonika_CARR\n","uploadtime":1700593649,"views":1,"p1id":"distortedbattler","p2id":"justmonikacarr","formatid":"gen9nationaldexubers","rating":1317,"private":0,"password":""}