{"id":"gen9nationaldexubers-1995944881","p1":"Yuinna.","p2":"XX_1nfinity_XX","format":"[Gen 9] National Dex Ubers","log":"|j|\u2606Yuinna.\n|j|\u2606XX_1nfinity_XX\n|t:|1700620407\n|gametype|singles\n|player|p1|Yuinna.|serena-masters|\n|player|p2|XX_1nfinity_XX|steven|\n|teamsize|p1|6\n|teamsize|p2|6\n|gen|9\n|tier|[Gen 9] National Dex Ubers\n|rule|HP Percentage Mod: HP is shown in percentages\n|rule|Endless Battle Clause: Forcing endless battles is banned\n|rule|OHKO Clause: OHKO moves are banned\n|rule|Evasion Moves Clause: Evasion moves are banned\n|rule|Evasion Items Clause: Evasion items are banned\n|rule|Species Clause: Limit one of each Pok\u00e9mon\n|rule|Sleep Clause Mod: Limit one foe put to sleep\n|rule|Mega Rayquaza Clause: You cannot mega evolve Rayquaza\n|clearpoke\n|poke|p1|Meowscarada, M|\n|poke|p1|Vaporeon, M|\n|poke|p1|Skeledirge, M|\n|poke|p1|Diancie|\n|poke|p1|Gliscor, F|\n|poke|p1|Roaring Moon|\n|poke|p2|Ursaluna-Bloodmoon, M|\n|poke|p2|Teddiursa, F|\n|poke|p2|Bewear, M|\n|poke|p2|Ursaring, M|\n|poke|p2|Stufful, L5, F|\n|poke|p2|Urshifu-*, M|\n|teampreview\n|inactive|Battle timer is ON: inactive players will automatically lose when time's up. (requested by XX_1nfinity_XX)\n|inactive|Yuinna. also wants the timer to be on.\n|\n|t:|1700620416\n|start\n|switch|p1a: Meowscarada|Meowscarada, M|100\/100\n|switch|p2a: Stufful|Stufful, L5, F|100\/100\n|turn|1\n|\n|t:|1700620420\n|move|p1a: Meowscarada|Play Rough|p2a: Stufful\n|-start|p1a: Meowscarada|typechange|Fairy|[from] ability: Protean\n|-supereffective|p2a: Stufful\n|-enditem|p2a: Stufful|Focus Sash\n|-damage|p2a: Stufful|4\/100\n|move|p2a: Stufful|Pain Split|p1a: Meowscarada\n|-sethp|p1a: Meowscarada|51\/100|[from] move: Pain Split|[silent]\n|-sethp|p2a: Stufful|100\/100|[from] move: Pain Split\n|\n|upkeep\n|turn|2\n|\n|t:|1700620430\n|switch|p1a: Vaporeon|Vaporeon, M|100\/100\n|move|p2a: Stufful|Toxic|p1a: Vaporeon\n|-status|p1a: Vaporeon|tox\n|\n|-damage|p1a: Vaporeon|94\/100 tox|[from] psn\n|upkeep\n|turn|3\n|\n|t:|1700620438\n|move|p1a: Vaporeon|Wish|p1a: Vaporeon\n|move|p2a: Stufful|Pain Split|p1a: Vaporeon\n|-sethp|p1a: Vaporeon|50\/100 tox|[from] move: Pain Split|[silent]\n|-sethp|p2a: Stufful|100\/100|[from] move: Pain Split\n|\n|-heal|p1a: Vaporeon|56\/100 tox|[from] item: Leftovers\n|-damage|p1a: Vaporeon|44\/100 tox|[from] psn\n|upkeep\n|turn|4\n|\n|t:|1700620443\n|move|p1a: Vaporeon|Flip Turn|p2a: Stufful\n|-damage|p2a: Stufful|0 fnt\n|faint|p2a: Stufful\n|\n|t:|1700620446\n|switch|p1a: Meowscarada|Meowscarada, M|51\/100|[from] Flip Turn\n|\n|-heal|p1a: Meowscarada|100\/100|[from] move: Wish|[wisher] Vaporeon\n|upkeep\n|\n|t:|1700620456\n|switch|p2a: Teddiursa|Teddiursa, F|100\/100\n|turn|5\n|\n|t:|1700620460\n|move|p1a: Meowscarada|U-turn|p2a: Teddiursa\n|-start|p1a: Meowscarada|typechange|Bug|[from] ability: Protean\n|-damage|p2a: Teddiursa|15\/100\n|\n|t:|1700620464\n|switch|p1a: Vaporeon|Vaporeon, M|44\/100 tox|[from] U-turn\n|move|p2a: Teddiursa|Attract|p1a: Vaporeon\n|-start|p1a: Vaporeon|Attract\n|\n|-heal|p1a: Vaporeon|50\/100 tox|[from] item: Leftovers\n|-damage|p1a: Vaporeon|44\/100 tox|[from] psn\n|upkeep\n|turn|6\n|\n|t:|1700620470\n|-activate|p1a: Vaporeon|move: Attract|[of] p2a: Teddiursa\n|move|p1a: Vaporeon|Wish|p1a: Vaporeon\n|move|p2a: Teddiursa|Swagger|p1a: Vaporeon\n|-boost|p1a: Vaporeon|atk|2\n|-start|p1a: Vaporeon|confusion\n|\n|-heal|p1a: Vaporeon|50\/100 tox|[from] item: Leftovers\n|-damage|p1a: Vaporeon|38\/100 tox|[from] psn\n|upkeep\n|turn|7\n|\n|t:|1700620476\n|-activate|p1a: Vaporeon|confusion\n|-damage|p1a: Vaporeon|29\/100 tox|[from] confusion\n|move|p2a: Teddiursa|Attract||[still]\n|-fail|p2a: Teddiursa\n|\n|-heal|p1a: Vaporeon|79\/100 tox|[from] move: Wish|[wisher] Vaporeon\n|-heal|p1a: Vaporeon|85\/100 tox|[from] item: Leftovers\n|-damage|p1a: Vaporeon|66\/100 tox|[from] psn\n|upkeep\n|turn|8\n|\n|t:|1700620481\n|-activate|p1a: Vaporeon|confusion\n|-activate|p1a: Vaporeon|move: Attract|[of] p2a: Teddiursa\n|cant|p1a: Vaporeon|Attract\n|move|p2a: Teddiursa|Swagger|p1a: Vaporeon\n|-boost|p1a: Vaporeon|atk|2\n|\n|-heal|p1a: Vaporeon|73\/100 tox|[from] item: Leftovers\n|-damage|p1a: Vaporeon|48\/100 tox|[from] psn\n|upkeep\n|turn|9\n|\n|t:|1700620486\n|-activate|p1a: Vaporeon|confusion\n|-damage|p1a: Vaporeon|36\/100 tox|[from] confusion\n|move|p2a: Teddiursa|Swagger|p1a: Vaporeon\n|-boost|p1a: Vaporeon|atk|2\n|\n|-heal|p1a: Vaporeon|42\/100 tox|[from] item: Leftovers\n|-damage|p1a: Vaporeon|11\/100 tox|[from] psn\n|upkeep\n|turn|10\n|c|\u2606XX_1nfinity_XX|hehe\n|\n|t:|1700620496\n|switch|p1a: Meowscarada|Meowscarada, M|100\/100\n|move|p2a: Teddiursa|Attract|p1a: Meowscarada\n|-start|p1a: Meowscarada|Attract\n|\n|upkeep\n|turn|11\n|\n|t:|1700620503\n|switch|p1a: Diancie|Diancie|100\/100\n|move|p2a: Teddiursa|Swagger|p1a: Diancie\n|-boost|p1a: Diancie|atk|2\n|-start|p1a: Diancie|confusion\n|\n|upkeep\n|turn|12\n|\n|t:|1700620512\n|detailschange|p1a: Diancie|Diancie-Mega\n|-mega|p1a: Diancie|Diancie|Diancite\n|-activate|p1a: Diancie|confusion\n|move|p1a: Diancie|Stealth Rock|p2a: Teddiursa\n|-sidestart|p2: XX_1nfinity_XX|move: Stealth Rock\n|move|p2a: Teddiursa|Brick Break|p1a: Diancie\n|-damage|p1a: Diancie|86\/100\n|\n|upkeep\n|turn|13\n|\n|t:|1700620521\n|-activate|p1a: Diancie|confusion\n|move|p1a: Diancie|Diamond Storm|p2a: Teddiursa\n|-damage|p2a: Teddiursa|0 fnt\n|faint|p2a: Teddiursa\n|\n|upkeep\n|\n|t:|1700620527\n|switch|p2a: Ursaluna|Ursaluna-Bloodmoon, M|100\/100\n|-damage|p2a: Ursaluna|94\/100|[from] Stealth Rock\n|turn|14\n|\n|t:|1700620538\n|-end|p1a: Diancie|confusion\n|move|p1a: Diancie|Diamond Storm|p2a: Ursaluna\n|-resisted|p2a: Ursaluna\n|-damage|p2a: Ursaluna|70\/100\n|-boost|p1a: Diancie|def|2\n|move|p2a: Ursaluna|Calm Mind|p2a: Ursaluna\n|-boost|p2a: Ursaluna|spa|1\n|-boost|p2a: Ursaluna|spd|1\n|\n|-heal|p2a: Ursaluna|76\/100|[from] item: Leftovers\n|upkeep\n|turn|15\n|\n|t:|1700620547\n|move|p1a: Diancie|Diamond Storm|p2a: Ursaluna\n|-resisted|p2a: Ursaluna\n|-damage|p2a: Ursaluna|52\/100\n|-boost|p1a: Diancie|def|2\n|move|p2a: Ursaluna|Moonlight|p2a: Ursaluna\n|-heal|p2a: Ursaluna|100\/100\n|\n|upkeep\n|turn|16\n|\n|t:|1700620556\n|switch|p1a: Meowscarada|Meowscarada, M|100\/100\n|move|p2a: Ursaluna|Calm Mind|p2a: Ursaluna\n|-boost|p2a: Ursaluna|spa|1\n|-boost|p2a: Ursaluna|spd|1\n|\n|upkeep\n|turn|17\n|\n|t:|1700620569\n|switch|p2a: Bewear|Bewear, M|100\/100\n|-damage|p2a: Bewear|94\/100|[from] Stealth Rock\n|move|p1a: Meowscarada|Flower Trick|p2a: Bewear\n|-start|p1a: Meowscarada|typechange|Grass|[from] ability: Protean\n|-crit|p2a: Bewear\n|-damage|p2a: Bewear|29\/100\n|\n|upkeep\n|turn|18\n|\n|t:|1700620576\n|move|p1a: Meowscarada|Flower Trick|p2a: Bewear\n|-crit|p2a: Bewear\n|-damage|p2a: Bewear|0 fnt\n|faint|p2a: Bewear\n|\n|upkeep\n|\n|t:|1700620579\n|switch|p2a: Ursaring|Ursaring, M|100\/100\n|-damage|p2a: Ursaring|88\/100|[from] Stealth Rock\n|turn|19\n|\n|t:|1700620589\n|move|p1a: Meowscarada|Flower Trick|p2a: Ursaring\n|-crit|p2a: Ursaring\n|-damage|p2a: Ursaring|0 fnt\n|faint|p2a: Ursaring\n|\n|upkeep\n|\n|t:|1700620600\n|switch|p2a: Urshifu|Urshifu, M|100\/100\n|-damage|p2a: Urshifu|94\/100|[from] Stealth Rock\n|turn|20\n|\n|t:|1700620605\n|move|p1a: Meowscarada|Flower Trick|p2a: Urshifu\n|-crit|p2a: Urshifu\n|-damage|p2a: Urshifu|24\/100\n|move|p2a: Urshifu|Wicked Blow|p1a: Meowscarada\n|-crit|p1a: Meowscarada\n|-damage|p1a: Meowscarada|0 fnt\n|faint|p1a: Meowscarada\n|\n|upkeep\n|\n|t:|1700620612\n|switch|p1a: Skeledirge|Skeledirge, M|100\/100\n|turn|21\n|c|\u2606Yuinna.|whats the restriction?\n|c|\u2606XX_1nfinity_XX|that was a wierd move??\n|c|\u2606XX_1nfinity_XX|none\n|\n|t:|1700620635\n|-terastallize|p1a: Skeledirge|Water\n|move|p2a: Urshifu|Wicked Blow|p1a: Skeledirge\n|-crit|p1a: Skeledirge\n|-damage|p1a: Skeledirge|31\/100\n|move|p1a: Skeledirge|Torch Song|p2a: Urshifu\n|-damage|p2a: Urshifu|0 fnt\n|-boost|p1a: Skeledirge|spa|1\n|faint|p2a: Urshifu\n|\n|upkeep\n|\n|t:|1700620639\n|switch|p2a: Ursaluna|Ursaluna-Bloodmoon, M|100\/100\n|-damage|p2a: Ursaluna|94\/100|[from] Stealth Rock\n|turn|22\n|\n|t:|1700620643\n|move|p1a: Skeledirge|Will-O-Wisp|p2a: Ursaluna\n|-status|p2a: Ursaluna|brn\n|move|p2a: Ursaluna|Calm Mind|p2a: Ursaluna\n|-boost|p2a: Ursaluna|spa|1\n|-boost|p2a: Ursaluna|spd|1\n|\n|-heal|p2a: Ursaluna|100\/100 brn|[from] item: Leftovers\n|-damage|p2a: Ursaluna|94\/100 brn|[from] brn\n|upkeep\n|turn|23\n|\n|t:|1700620653\n|move|p1a: Skeledirge|Slack Off|p1a: Skeledirge\n|-heal|p1a: Skeledirge|81\/100\n|move|p2a: Ursaluna|Blood Moon|p1a: Skeledirge\n|-damage|p1a: Skeledirge|37\/100\n|\n|-heal|p2a: Ursaluna|100\/100 brn|[from] item: Leftovers\n|-damage|p2a: Ursaluna|94\/100 brn|[from] brn\n|upkeep\n|turn|24\n|\n|t:|1700620659\n|move|p1a: Skeledirge|Slack Off|p1a: Skeledirge\n|-heal|p1a: Skeledirge|87\/100\n|move|p2a: Ursaluna|Calm Mind|p2a: Ursaluna\n|-boost|p2a: Ursaluna|spa|1\n|-boost|p2a: Ursaluna|spd|1\n|\n|-heal|p2a: Ursaluna|100\/100 brn|[from] item: Leftovers\n|-damage|p2a: Ursaluna|94\/100 brn|[from] brn\n|upkeep\n|turn|25\n|\n|t:|1700620662\n|move|p1a: Skeledirge|Hex|p2a: Ursaluna\n|-immune|p2a: Ursaluna\n|move|p2a: Ursaluna|Blood Moon|p1a: Skeledirge\n|-damage|p1a: Skeledirge|43\/100\n|\n|-heal|p2a: Ursaluna|100\/100 brn|[from] item: Leftovers\n|-damage|p2a: Ursaluna|94\/100 brn|[from] brn\n|upkeep\n|turn|26\n|\n|t:|1700620668\n|move|p1a: Skeledirge|Torch Song|p2a: Ursaluna\n|-damage|p2a: Ursaluna|46\/100 brn\n|-boost|p1a: Skeledirge|spa|1\n|move|p2a: Ursaluna|Calm Mind|p2a: Ursaluna\n|-boost|p2a: Ursaluna|spa|1\n|-boost|p2a: Ursaluna|spd|1\n|\n|-heal|p2a: Ursaluna|52\/100 brn|[from] item: Leftovers\n|-damage|p2a: Ursaluna|46\/100 brn|[from] brn\n|upkeep\n|turn|27\n|c|\u2606Yuinna.|shit.\n|c|\u2606XX_1nfinity_XX|yeah ggs\n|\n|t:|1700620677\n|move|p1a: Skeledirge|Torch Song|p2a: Ursaluna\n|-damage|p2a: Ursaluna|0 fnt\n|-boost|p1a: Skeledirge|spa|1\n|faint|p2a: Ursaluna\n|\n|win|Yuinna.\n","uploadtime":1700620683,"views":1,"p1id":"yuinna","p2id":"xx1nfinityxx","formatid":"gen9nationaldexubers","rating":0,"private":0,"password":""}