{"id":"gen9nationaldexubers-1993323447","p1":"legospooder","p2":"Snapteryx","format":"[Gen 9] National Dex Ubers","log":"|j|\u2606legospooder\n|j|\u2606Snapteryx\n|t:|1700298293\n|gametype|singles\n|player|p1|legospooder|grimsley|\n|player|p2|Snapteryx|allister|\n|teamsize|p1|6\n|teamsize|p2|6\n|gen|9\n|tier|[Gen 9] National Dex Ubers\n|rule|HP Percentage Mod: HP is shown in percentages\n|rule|Endless Battle Clause: Forcing endless battles is banned\n|rule|OHKO Clause: OHKO moves are banned\n|rule|Evasion Moves Clause: Evasion moves are banned\n|rule|Evasion Items Clause: Evasion items are banned\n|rule|Species Clause: Limit one of each Pok\u00e9mon\n|rule|Sleep Clause Mod: Limit one foe put to sleep\n|rule|Mega Rayquaza Clause: You cannot mega evolve Rayquaza\n|clearpoke\n|poke|p1|Ogerpon-Hearthflame, F|\n|poke|p1|Charizard, M|\n|poke|p1|Heatran, M|\n|poke|p1|Cinderace, M|\n|poke|p1|Skeledirge, F|\n|poke|p1|Ceruledge, M|\n|poke|p2|Gliscor, M|\n|poke|p2|Corviknight, M|\n|poke|p2|Mantine, F|\n|poke|p2|Landorus, M|\n|poke|p2|Charizard, F|\n|poke|p2|Zapdos-Galar|\n|teampreview\n|l|\u2606legospooder\n|player|p1|\n|j|\u2606legospooder\n|player|p1|legospooder|grimsley\n|c|\u2606legospooder|nvm im back\n|\n|t:|1700298340\n|start\n|switch|p1a: Heung min sun|Charizard, M, shiny|100\/100\n|switch|p2a: Snippy Boi|Gliscor, M, shiny|100\/100\n|turn|1\n|\n|t:|1700298361\n|detailschange|p1a: Heung min sun|Charizard-Mega-Y, M, shiny\n|-mega|p1a: Heung min sun|Charizard|Charizardite Y\n|-weather|SunnyDay|[from] ability: Drought|[of] p1a: Heung min sun\n|move|p1a: Heung min sun|Weather Ball|p2a: Snippy Boi\n|-damage|p2a: Snippy Boi|10\/100\n|move|p2a: Snippy Boi|Stealth Rock|p1a: Heung min sun\n|-sidestart|p1: legospooder|move: Stealth Rock\n|\n|-weather|SunnyDay|[upkeep]\n|-status|p2a: Snippy Boi|tox|[from] item: Toxic Orb\n|upkeep\n|turn|2\n|\n|t:|1700298372\n|move|p1a: Heung min sun|Weather Ball|p2a: Snippy Boi\n|-damage|p2a: Snippy Boi|0 fnt\n|faint|p2a: Snippy Boi\n|\n|-weather|SunnyDay|[upkeep]\n|upkeep\n|\n|t:|1700298391\n|switch|p2a: Alula|Mantine, F, shiny|100\/100\n|turn|3\n|\n|t:|1700298401\n|move|p1a: Heung min sun|Defog|p2a: Alula\n|-unboost|p2a: Alula|evasion|1\n|-sideend|p1: legospooder|Stealth Rock|[from] move: Defog|[of] p1a: Heung min sun\n|move|p2a: Alula|Toxic|p1a: Heung min sun\n|-status|p1a: Heung min sun|tox\n|\n|-weather|SunnyDay|[upkeep]\n|-damage|p1a: Heung min sun|94\/100 tox|[from] psn\n|upkeep\n|turn|4\n|\n|t:|1700298415\n|switch|p1a: Luka Modric|Heatran, M, shiny|100\/100\n|-item|p1a: Luka Modric|Air Balloon\n|move|p2a: Alula|Scald|p1a: Luka Modric\n|-supereffective|p1a: Luka Modric\n|-damage|p1a: Luka Modric|83\/100\n|-enditem|p1a: Luka Modric|Air Balloon\n|\n|-weather|SunnyDay|[upkeep]\n|upkeep\n|turn|5\n|\n|t:|1700298442\n|switch|p2a: Delta Airlines|Corviknight, M, shiny|100\/100\n|-ability|p2a: Delta Airlines|Pressure\n|move|p1a: Luka Modric|Toxic|p2a: Delta Airlines\n|-immune|p2a: Delta Airlines\n|\n|-weather|none\n|upkeep\n|turn|6\n|\n|t:|1700298466\n|switch|p1a: Heung min sun|Charizard-Mega-Y, M, shiny|94\/100 tox\n|-weather|SunnyDay|[from] ability: Drought|[of] p1a: Heung min sun\n|move|p2a: Delta Airlines|U-turn|p1a: Heung min sun\n|-resisted|p1a: Heung min sun\n|-damage|p1a: Heung min sun|90\/100 tox\n|\n|t:|1700298489\n|switch|p2a: Calamus|Zapdos-Galar|100\/100|[from] U-turn\n|\n|-weather|SunnyDay|[upkeep]\n|-damage|p1a: Heung min sun|84\/100 tox|[from] psn\n|upkeep\n|turn|7\n|l|\u2606legospooder\n|player|p1|\n|j|\u2606legospooder\n|player|p1|legospooder|grimsley\n|\n|t:|1700298560\n|switch|p1a: Rasmus H\u00f8jlund|Cinderace, M|100\/100\n|move|p2a: Calamus|U-turn|p1a: Rasmus H\u00f8jlund\n|-resisted|p1a: Rasmus H\u00f8jlund\n|-damage|p1a: Rasmus H\u00f8jlund|83\/100\n|\n|t:|1700298595\n|switch|p2a: Charizard|Charizard, F|100\/100|[from] U-turn\n|\n|-weather|SunnyDay|[upkeep]\n|upkeep\n|turn|8\n|\n|t:|1700298623\n|switch|p2a: Delta Airlines|Corviknight, M, shiny|100\/100\n|-ability|p2a: Delta Airlines|Pressure\n|move|p1a: Rasmus H\u00f8jlund|U-turn|p2a: Delta Airlines\n|-start|p1a: Rasmus H\u00f8jlund|typechange|Bug|[from] ability: Libero\n|-resisted|p2a: Delta Airlines\n|-damage|p2a: Delta Airlines|94\/100\n|\n|t:|1700298651\n|switch|p1a: Heung min sun|Charizard-Mega-Y, M, shiny|84\/100 tox|[from] U-turn\n|\n|-weather|SunnyDay|[upkeep]\n|-heal|p2a: Delta Airlines|100\/100|[from] item: Leftovers\n|-damage|p1a: Heung min sun|78\/100 tox|[from] psn\n|upkeep\n|turn|9\n|\n|t:|1700298666\n|switch|p2a: Alula|Mantine, F, shiny|100\/100\n|move|p1a: Heung min sun|Weather Ball|p2a: Alula\n|-resisted|p2a: Alula\n|-damage|p2a: Alula|74\/100\n|\n|-weather|SunnyDay|[upkeep]\n|-damage|p1a: Heung min sun|65\/100 tox|[from] psn\n|upkeep\n|turn|10\n|\n|t:|1700298685\n|switch|p1a: Eduardo Camavinga|Ogerpon-Hearthflame, F|100\/100\n|-ability|p1a: Eduardo Camavinga|Mold Breaker\n|switch|p2a: L*ndorus|Landorus, M|100\/100\n|\n|-weather|none\n|upkeep\n|turn|11\n|\n|t:|1700298698\n|move|p1a: Eduardo Camavinga|Ivy Cudgel|p2a: L*ndorus|[anim] Ivy Cudgel Fire\n|-damage|p2a: L*ndorus|30\/100\n|move|p2a: L*ndorus|Sludge Wave|p1a: Eduardo Camavinga\n|-supereffective|p1a: Eduardo Camavinga\n|-damage|p1a: Eduardo Camavinga|0 fnt\n|faint|p1a: Eduardo Camavinga\n|\n|upkeep\n|\n|t:|1700298712\n|switch|p1a: Rasmus H\u00f8jlund|Cinderace, M|83\/100\n|turn|12\n|\n|t:|1700298736\n|switch|p2a: Charizard|Charizard, F|100\/100\n|move|p1a: Rasmus H\u00f8jlund|High Jump Kick|p2a: Charizard\n|-start|p1a: Rasmus H\u00f8jlund|typechange|Fighting|[from] ability: Libero\n|-resisted|p2a: Charizard\n|-damage|p2a: Charizard|55\/100\n|\n|upkeep\n|turn|13\n|\n|t:|1700298767\n|detailschange|p2a: Charizard|Charizard-Mega-Y, F\n|-mega|p2a: Charizard|Charizard|Charizardite Y\n|-weather|SunnyDay|[from] ability: Drought|[of] p2a: Charizard\n|move|p1a: Rasmus H\u00f8jlund|U-turn|p2a: Charizard\n|-resisted|p2a: Charizard\n|-damage|p2a: Charizard|47\/100\n|\n|t:|1700298775\n|switch|p1a: Luka Modric|Heatran, M, shiny|83\/100|[from] U-turn\n|move|p2a: Charizard|Roost|p2a: Charizard\n|-heal|p2a: Charizard|97\/100\n|-singleturn|p2a: Charizard|move: Roost\n|\n|-weather|SunnyDay|[upkeep]\n|upkeep\n|turn|14\n|\n|t:|1700298783\n|move|p2a: Charizard|Flamethrower|p1a: Luka Modric\n|-damage|p1a: Luka Modric|13\/100\n|move|p1a: Luka Modric|Power Gem|p2a: Charizard\n|-supereffective|p2a: Charizard\n|-damage|p2a: Charizard|0 fnt\n|faint|p2a: Charizard\n|\n|-weather|SunnyDay|[upkeep]\n|upkeep\n|\n|t:|1700298793\n|switch|p2a: L*ndorus|Landorus, M|30\/100\n|turn|15\n|\n|t:|1700298809\n|move|p2a: L*ndorus|Earth Power|p1a: Luka Modric\n|-supereffective|p1a: Luka Modric\n|-damage|p1a: Luka Modric|0 fnt\n|faint|p1a: Luka Modric\n|\n|-weather|SunnyDay|[upkeep]\n|upkeep\n|\n|t:|1700298829\n|switch|p1a: Rasmus H\u00f8jlund|Cinderace, M|83\/100\n|turn|16\n|\n|t:|1700298846\n|switch|p2a: Delta Airlines|Corviknight, M, shiny|100\/100\n|-ability|p2a: Delta Airlines|Pressure\n|move|p1a: Rasmus H\u00f8jlund|High Jump Kick|p2a: Delta Airlines\n|-start|p1a: Rasmus H\u00f8jlund|typechange|Fighting|[from] ability: Libero\n|-damage|p2a: Delta Airlines|55\/100\n|\n|-weather|SunnyDay|[upkeep]\n|-heal|p2a: Delta Airlines|61\/100|[from] item: Leftovers\n|upkeep\n|turn|17\n|\n|t:|1700298859\n|move|p1a: Rasmus H\u00f8jlund|High Jump Kick|p2a: Delta Airlines\n|-damage|p2a: Delta Airlines|11\/100\n|move|p2a: Delta Airlines|U-turn|p1a: Rasmus H\u00f8jlund\n|-resisted|p1a: Rasmus H\u00f8jlund\n|-damage|p1a: Rasmus H\u00f8jlund|74\/100\n|\n|t:|1700298868\n|switch|p2a: Calamus|Zapdos-Galar|100\/100|[from] U-turn\n|\n|-weather|none\n|upkeep\n|turn|18\n|\n|t:|1700298875\n|move|p2a: Calamus|Brave Bird|p1a: Rasmus H\u00f8jlund\n|-supereffective|p1a: Rasmus H\u00f8jlund\n|-damage|p1a: Rasmus H\u00f8jlund|0 fnt\n|faint|p1a: Rasmus H\u00f8jlund\n|-damage|p2a: Calamus|78\/100|[from] Recoil\n|\n|upkeep\n|\n|t:|1700298894\n|switch|p1a: Sergio Ramos|Skeledirge, F, shiny|100\/100\n|turn|19\n|\n|t:|1700298903\n|switch|p2a: Delta Airlines|Corviknight, M, shiny|11\/100\n|-ability|p2a: Delta Airlines|Pressure\n|-terastallize|p1a: Sergio Ramos|Fairy\n|move|p1a: Sergio Ramos|Will-O-Wisp|p2a: Delta Airlines\n|-status|p2a: Delta Airlines|brn\n|\n|-heal|p2a: Delta Airlines|18\/100 brn|[from] item: Leftovers\n|-damage|p2a: Delta Airlines|11\/100 brn|[from] brn\n|upkeep\n|turn|20\n|\n|t:|1700298918\n|move|p1a: Sergio Ramos|Torch Song|p2a: Delta Airlines\n|-supereffective|p2a: Delta Airlines\n|-damage|p2a: Delta Airlines|0 fnt\n|-boost|p1a: Sergio Ramos|spa|1\n|faint|p2a: Delta Airlines\n|\n|upkeep\n|\n|t:|1700298931\n|switch|p2a: Alula|Mantine, F, shiny|74\/100\n|turn|21\n|\n|t:|1700298939\n|move|p2a: Alula|Toxic|p1a: Sergio Ramos\n|-status|p1a: Sergio Ramos|tox\n|move|p1a: Sergio Ramos|Torch Song|p2a: Alula\n|-resisted|p2a: Alula\n|-damage|p2a: Alula|62\/100\n|-boost|p1a: Sergio Ramos|spa|1\n|\n|-damage|p1a: Sergio Ramos|94\/100 tox|[from] psn\n|upkeep\n|turn|22\n|\n|t:|1700298956\n|move|p2a: Alula|Scald|p1a: Sergio Ramos\n|-damage|p1a: Sergio Ramos|76\/100 tox\n|move|p1a: Sergio Ramos|Torch Song|p2a: Alula\n|-resisted|p2a: Alula\n|-damage|p2a: Alula|48\/100\n|-boost|p1a: Sergio Ramos|spa|1\n|\n|-heal|p1a: Sergio Ramos|82\/100 tox|[from] item: Leftovers\n|-damage|p1a: Sergio Ramos|70\/100 tox|[from] psn\n|upkeep\n|turn|23\n|\n|t:|1700298966\n|move|p2a: Alula|Roost|p2a: Alula\n|-heal|p2a: Alula|98\/100\n|-singleturn|p2a: Alula|move: Roost\n|move|p1a: Sergio Ramos|Torch Song|p2a: Alula\n|-resisted|p2a: Alula\n|-damage|p2a: Alula|77\/100\n|-boost|p1a: Sergio Ramos|spa|1\n|\n|-heal|p1a: Sergio Ramos|76\/100 tox|[from] item: Leftovers\n|-damage|p1a: Sergio Ramos|58\/100 tox|[from] psn\n|upkeep\n|turn|24\n|\n|t:|1700298979\n|move|p2a: Alula|Scald|p1a: Sergio Ramos\n|-damage|p1a: Sergio Ramos|41\/100 tox\n|move|p1a: Sergio Ramos|Torch Song|p2a: Alula\n|-resisted|p2a: Alula\n|-damage|p2a: Alula|54\/100\n|-boost|p1a: Sergio Ramos|spa|1\n|\n|-heal|p1a: Sergio Ramos|47\/100 tox|[from] item: Leftovers\n|-damage|p1a: Sergio Ramos|23\/100 tox|[from] psn\n|upkeep\n|turn|25\n|\n|t:|1700298990\n|move|p2a: Alula|Roost|p2a: Alula\n|-heal|p2a: Alula|100\/100\n|-singleturn|p2a: Alula|move: Roost\n|move|p1a: Sergio Ramos|Torch Song|p2a: Alula\n|-resisted|p2a: Alula\n|-damage|p2a: Alula|63\/100\n|-boost|p1a: Sergio Ramos|spa|1\n|\n|-heal|p1a: Sergio Ramos|29\/100 tox|[from] item: Leftovers\n|-damage|p1a: Sergio Ramos|0 fnt|[from] psn\n|faint|p1a: Sergio Ramos\n|upkeep\n|\n|t:|1700299034\n|switch|p1a: Heung min sun|Charizard-Mega-Y, M, shiny|65\/100 tox\n|-weather|SunnyDay|[from] ability: Drought|[of] p1a: Heung min sun\n|turn|26\n|\n|t:|1700299045\n|move|p1a: Heung min sun|Solar Beam||[still]\n|-prepare|p1a: Heung min sun|Solar Beam\n|-anim|p1a: Heung min sun|Solar Beam|p2a: Alula\n|-damage|p2a: Alula|38\/100\n|move|p2a: Alula|Roost|p2a: Alula\n|-heal|p2a: Alula|88\/100\n|-singleturn|p2a: Alula|move: Roost\n|\n|-weather|SunnyDay|[upkeep]\n|-damage|p1a: Heung min sun|59\/100 tox|[from] psn\n|upkeep\n|turn|27\n|\n|t:|1700299060\n|move|p1a: Heung min sun|Weather Ball|p2a: Alula\n|-resisted|p2a: Alula\n|-damage|p2a: Alula|63\/100\n|move|p2a: Alula|Scald|p1a: Heung min sun\n|-supereffective|p1a: Heung min sun\n|-damage|p1a: Heung min sun|35\/100 tox\n|\n|-weather|SunnyDay|[upkeep]\n|-damage|p1a: Heung min sun|23\/100 tox|[from] psn\n|upkeep\n|turn|28\n|\n|t:|1700299069\n|move|p1a: Heung min sun|Weather Ball|p2a: Alula\n|-resisted|p2a: Alula\n|-damage|p2a: Alula|37\/100\n|move|p2a: Alula|Roost|p2a: Alula\n|-heal|p2a: Alula|87\/100\n|-singleturn|p2a: Alula|move: Roost\n|\n|-weather|SunnyDay|[upkeep]\n|-damage|p1a: Heung min sun|5\/100 tox|[from] psn\n|upkeep\n|turn|29\n|\n|t:|1700299084\n|move|p1a: Heung min sun|Weather Ball|p2a: Alula\n|-resisted|p2a: Alula\n|-damage|p2a: Alula|59\/100\n|move|p2a: Alula|Roost|p2a: Alula\n|-heal|p2a: Alula|100\/100\n|-singleturn|p2a: Alula|move: Roost\n|\n|-weather|SunnyDay|[upkeep]\n|-damage|p1a: Heung min sun|0 fnt|[from] psn\n|faint|p1a: Heung min sun\n|upkeep\n|\n|t:|1700299093\n|switch|p1a: Kyllian Mbappe|Ceruledge, M, shiny|100\/100\n|turn|30\n|\n|t:|1700299098\n|move|p1a: Kyllian Mbappe|Swords Dance|p1a: Kyllian Mbappe\n|-boost|p1a: Kyllian Mbappe|atk|2\n|move|p2a: Alula|Scald|p1a: Kyllian Mbappe\n|-supereffective|p1a: Kyllian Mbappe\n|-damage|p1a: Kyllian Mbappe|80\/100\n|\n|-weather|none\n|upkeep\n|turn|31\n|c|\u2606Snapteryx|Oh wait what\n|c|\u2606legospooder|?\n|c|\u2606Snapteryx|Ok this is bulky lmao gg\n|\n|t:|1700299137\n|-terastallize|p2a: Alula|Water\n|move|p1a: Kyllian Mbappe|Psycho Cut|p2a: Alula\n|-damage|p2a: Alula|37\/100\n|move|p2a: Alula|Scald|p1a: Kyllian Mbappe\n|-supereffective|p1a: Kyllian Mbappe\n|-damage|p1a: Kyllian Mbappe|19\/100\n|\n|upkeep\n|turn|32\n|\n|t:|1700299151\n|move|p1a: Kyllian Mbappe|Psycho Cut|p2a: Alula\n|-crit|p2a: Alula\n|-damage|p2a: Alula|0 fnt\n|faint|p2a: Alula\n|\n|upkeep\n|\n|t:|1700299155\n|switch|p2a: Calamus|Zapdos-Galar|78\/100\n|turn|33\n|c|\u2606legospooder|ye i dont need the speed evs when i have weak armor lol\n|\n|t:|1700299163\n|move|p1a: Kyllian Mbappe|Shadow Sneak|p2a: Calamus\n|-damage|p2a: Calamus|23\/100\n|move|p2a: Calamus|Knock Off|p1a: Kyllian Mbappe\n|-supereffective|p1a: Kyllian Mbappe\n|-damage|p1a: Kyllian Mbappe|0 fnt\n|-enditem|p1a: Kyllian Mbappe|Focus Sash|[from] move: Knock Off|[of] p2a: Calamus\n|faint|p1a: Kyllian Mbappe\n|\n|win|Snapteryx\n|c|\u2606Snapteryx|Oh it doesn't kill nice\n|c|\u2606legospooder|used the wrong team lol\n|c|\u2606Snapteryx|Ggwp\n|c|\u2606legospooder|gg\n","uploadtime":1700299187,"views":19,"p1id":"legospooder","p2id":"snapteryx","formatid":"gen9nationaldexubers","rating":0,"private":0,"password":""}