{"id":"gen9nationaldexubers-1986087877","p1":"xvtdbh","p2":"KarmaNightraide","format":"[Gen 9] National Dex Ubers","log":"|j|\u2606xvtdbh\n|j|\u2606KarmaNightraide\n|t:|1699448715\n|gametype|singles\n|player|p1|xvtdbh|ethan|1051\n|player|p2|KarmaNightraide|unknown|1158\n|teamsize|p1|6\n|teamsize|p2|6\n|gen|9\n|tier|[Gen 9] National Dex Ubers\n|rated|\n|rule|HP Percentage Mod: HP is shown in percentages\n|rule|Endless Battle Clause: Forcing endless battles is banned\n|rule|OHKO Clause: OHKO moves are banned\n|rule|Evasion Moves Clause: Evasion moves are banned\n|rule|Evasion Items Clause: Evasion items are banned\n|rule|Species Clause: Limit one of each Pok\u00e9mon\n|rule|Sleep Clause Mod: Limit one foe put to sleep\n|rule|Mega Rayquaza Clause: You cannot mega evolve Rayquaza\n|clearpoke\n|poke|p1|Dragonite, M|\n|poke|p1|Eternatus|\n|poke|p1|Charizard, F|\n|poke|p1|Arceus-Fairy|\n|poke|p1|Annihilape, F|\n|poke|p1|Zamazenta-*|\n|poke|p2|Ceruledge, F|\n|poke|p2|Basculegion, M|\n|poke|p2|Mimikyu, M|\n|poke|p2|Gourgeist-*, F|\n|poke|p2|Banette, F|\n|poke|p2|Mismagius, F|\n|teampreview\n|inactive|Battle timer is ON: inactive players will automatically lose when time's up. (requested by KarmaNightraide)\n|inactive|xvtdbh has 120 seconds left.\n|\n|t:|1699448762\n|start\n|switch|p1a: Annihilape|Annihilape, F|100\/100\n|switch|p2a: Go to sleep...|Banette, F|100\/100\n|turn|1\n|inactive|KarmaNightraide has 120 seconds left.\n|\n|t:|1699448816\n|detailschange|p2a: Go to sleep...|Banette-Mega, F\n|-mega|p2a: Go to sleep...|Banette|Banettite\n|move|p2a: Go to sleep...|Taunt|p1a: Annihilape\n|-start|p1a: Annihilape|move: Taunt\n|move|p1a: Annihilape|Thunder|p2a: Go to sleep...\n|-damage|p2a: Go to sleep...|83\/100\n|\n|upkeep\n|turn|2\n|\n|t:|1699448840\n|move|p1a: Annihilape|Thunder|p2a: Go to sleep...\n|-damage|p2a: Go to sleep...|65\/100\n|move|p2a: Go to sleep...|Poltergeist|p1a: Annihilape\n|-activate|p1a: Annihilape|move: Poltergeist|Muscle Band\n|-supereffective|p1a: Annihilape\n|-crit|p1a: Annihilape\n|-damage|p1a: Annihilape|0 fnt\n|faint|p1a: Annihilape\n|\n|upkeep\n|inactive|xvtdbh has 120 seconds left.\n|\n|t:|1699448858\n|switch|p1a: Zamazenta|Zamazenta-Crowned|100\/100\n|-ability|p1a: Zamazenta|Dauntless Shield|boost\n|-boost|p1a: Zamazenta|def|1\n|turn|3\n|inactive|xvtdbh has 120 seconds left.\n|\n|t:|1699448880\n|move|p2a: Go to sleep...|Destiny Bond|p2a: Go to sleep...\n|-singlemove|p2a: Go to sleep...|Destiny Bond\n|move|p1a: Zamazenta|Steel Beam|p2a: Go to sleep...\n|-damage|p2a: Go to sleep...|0 fnt\n|-damage|p1a: Zamazenta|50\/100|[from] steelbeam\n|faint|p2a: Go to sleep...\n|-activate|p2a: Go to sleep...|move: Destiny Bond\n|faint|p1a: Zamazenta\n|\n|upkeep\n|inactive|xvtdbh has 120 seconds left.\n|inactive|xvtdbh has 90 seconds left.\n|\n|t:|1699448927\n|switch|p1a: Charizard|Charizard, F|100\/100\n|switch|p2a: Widowmaker|Ceruledge, F|100\/100\n|turn|4\n|inactive|xvtdbh has 90 seconds left.\n|\n|t:|1699448942\n|move|p1a: Charizard|Fire Blast|p2a: Widowmaker|[miss]\n|-miss|p1a: Charizard|p2a: Widowmaker\n|move|p2a: Widowmaker|Swords Dance|p2a: Widowmaker\n|-boost|p2a: Widowmaker|atk|2\n|\n|upkeep\n|turn|5\n|inactive|KarmaNightraide has 90 seconds left.\n|\n|t:|1699448970\n|-terastallize|p2a: Widowmaker|Fire\n|move|p1a: Charizard|Fire Blast|p2a: Widowmaker\n|-resisted|p2a: Widowmaker\n|-damage|p2a: Widowmaker|75\/100\n|move|p2a: Widowmaker|Bitter Blade|p1a: Charizard\n|-resisted|p1a: Charizard\n|-damage|p1a: Charizard|16\/100\n|-heal|p2a: Widowmaker|100\/100|[from] drain|[of] p1a: Charizard\n|\n|upkeep\n|turn|6\n|inactive|KarmaNightraide has 90 seconds left.\n|inactive|xvtdbh has 60 seconds left.\n|\n|t:|1699449007\n|move|p1a: Charizard|Protect|p1a: Charizard\n|-singleturn|p1a: Charizard|Protect\n|move|p2a: Widowmaker|Bitter Blade|p1a: Charizard\n|-activate|p1a: Charizard|move: Protect\n|\n|upkeep\n|turn|7\n|inactive|KarmaNightraide has 90 seconds left.\n|\n|t:|1699449018\n|move|p1a: Charizard|Outrage|p2a: Widowmaker\n|-damage|p2a: Widowmaker|55\/100\n|-ability|p2a: Widowmaker|Weak Armor|boost\n|-unboost|p2a: Widowmaker|def|1\n|-boost|p2a: Widowmaker|spe|2\n|move|p2a: Widowmaker|Swords Dance|p2a: Widowmaker\n|-boost|p2a: Widowmaker|atk|2\n|\n|upkeep\n|turn|8\n|inactive|KarmaNightraide has 90 seconds left.\n|\n|t:|1699449032\n|move|p2a: Widowmaker|Bitter Blade|p1a: Charizard\n|-resisted|p1a: Charizard\n|-damage|p1a: Charizard|0 fnt\n|-heal|p2a: Widowmaker|62\/100|[from] drain|[of] p1a: Charizard\n|faint|p1a: Charizard\n|\n|upkeep\n|inactive|xvtdbh has 30 seconds left.\n|inactive|xvtdbh has 20 seconds left.\n|inactive|xvtdbh has 15 seconds left.\n|inactive|xvtdbh has 10 seconds left.\n|inactive|xvtdbh has 5 seconds left.\n|-message|xvtdbh lost due to inactivity.\n|\n|win|KarmaNightraide\n|raw|xvtdbh's rating: 1051 &rarr; <strong>1039<\/strong><br \/>(-12 for losing)\n|raw|KarmaNightraide's rating: 1158 &rarr; <strong>1176<\/strong><br \/>(+18 for winning)\n","uploadtime":1699449092,"views":7,"p1id":"xvtdbh","p2id":"karmanightraide","formatid":"gen9nationaldexubers","rating":1039,"private":0,"password":""}