{"id":"gen9nationaldexubers-1993796473","p1":"if canot","p2":"85792195wwww","format":"[Gen 9] National Dex Ubers","log":"|j|\u2606if canot\n|j|\u260685792195wwww\n|t:|1700358335\n|gametype|singles\n|player|p1|if canot|misty-masters|1705\n|player|p2|85792195wwww|mira|1700\n|teamsize|p1|6\n|teamsize|p2|6\n|gen|9\n|tier|[Gen 9] National Dex Ubers\n|rated|\n|rule|HP Percentage Mod: HP is shown in percentages\n|rule|Endless Battle Clause: Forcing endless battles is banned\n|rule|OHKO Clause: OHKO moves are banned\n|rule|Evasion Moves Clause: Evasion moves are banned\n|rule|Evasion Items Clause: Evasion items are banned\n|rule|Species Clause: Limit one of each Pok\u00e9mon\n|rule|Sleep Clause Mod: Limit one foe put to sleep\n|rule|Mega Rayquaza Clause: You cannot mega evolve Rayquaza\n|clearpoke\n|poke|p1|Hatterene, F|\n|poke|p1|Porygon2|\n|poke|p1|Cresselia, F|\n|poke|p1|Arceus-Poison|\n|poke|p1|Melmetal|\n|poke|p1|Kyogre|\n|poke|p2|Arceus|\n|poke|p2|Marshadow|\n|poke|p2|Xerneas-*|\n|poke|p2|Mewtwo|\n|poke|p2|Krookodile, M|\n|poke|p2|Groudon|\n|teampreview\n|inactive|Battle timer is ON: inactive players will automatically lose when time's up. (requested by if canot)\n|\n|t:|1700358348\n|start\n|switch|p1a: 3D\u9f99\u8089\u5230\u6b7b\uff0c\u62cd\u843d\u9664\u5916|Porygon2|100\/100\n|switch|p2a: Groudon|Groudon|100\/100\n|-ability|p1a: 3D\u9f99\u8089\u5230\u6b7b\uff0c\u62cd\u843d\u9664\u5916|Download|boost\n|-boost|p1a: 3D\u9f99\u8089\u5230\u6b7b\uff0c\u62cd\u843d\u9664\u5916|spa|1\n|detailschange|p2a: Groudon|Groudon-Primal\n|-primal|p2a: Groudon|Red Orb\n|-weather|DesolateLand|[from] ability: Desolate Land|[of] p2a: Groudon\n|turn|1\n|\n|t:|1700358358\n|move|p2a: Groudon|Heat Crash|p1a: 3D\u9f99\u8089\u5230\u6b7b\uff0c\u62cd\u843d\u9664\u5916\n|-damage|p1a: 3D\u9f99\u8089\u5230\u6b7b\uff0c\u62cd\u843d\u9664\u5916|27\/100\n|move|p1a: 3D\u9f99\u8089\u5230\u6b7b\uff0c\u62cd\u843d\u9664\u5916|Trick Room|p1a: 3D\u9f99\u8089\u5230\u6b7b\uff0c\u62cd\u843d\u9664\u5916\n|-fieldstart|move: Trick Room|[of] p1a: 3D\u9f99\u8089\u5230\u6b7b\uff0c\u62cd\u843d\u9664\u5916\n|\n|-weather|DesolateLand|[upkeep]\n|upkeep\n|turn|2\n|\n|t:|1700358365\n|move|p2a: Groudon|Earthquake|p1a: 3D\u9f99\u8089\u5230\u6b7b\uff0c\u62cd\u843d\u9664\u5916\n|-damage|p1a: 3D\u9f99\u8089\u5230\u6b7b\uff0c\u62cd\u843d\u9664\u5916|0 fnt\n|faint|p1a: 3D\u9f99\u8089\u5230\u6b7b\uff0c\u62cd\u843d\u9664\u5916\n|\n|-weather|DesolateLand|[upkeep]\n|upkeep\n|\n|t:|1700358368\n|switch|p1a: \u4f60\u662f\u4ec0\u4e48\u56fa\u62c9\u591a\uff1f|Kyogre|100\/100\n|detailschange|p1a: \u4f60\u662f\u4ec0\u4e48\u56fa\u62c9\u591a\uff1f|Kyogre-Primal\n|-primal|p1a: \u4f60\u662f\u4ec0\u4e48\u56fa\u62c9\u591a\uff1f|Blue Orb\n|-weather|PrimordialSea|[from] ability: Primordial Sea|[of] p1a: \u4f60\u662f\u4ec0\u4e48\u56fa\u62c9\u591a\uff1f\n|turn|3\n|\n|t:|1700358377\n|switch|p2a: Xerneas|Xerneas|100\/100\n|-ability|p2a: Xerneas|Fairy Aura\n|move|p1a: \u4f60\u662f\u4ec0\u4e48\u56fa\u62c9\u591a\uff1f|Water Spout|p2a: Xerneas\n|-damage|p2a: Xerneas|0 fnt\n|faint|p2a: Xerneas\n|\n|-weather|PrimordialSea|[upkeep]\n|upkeep\n|\n|t:|1700358388\n|switch|p2a: Groudon|Groudon-Primal|100\/100\n|-weather|DesolateLand|[from] ability: Desolate Land|[of] p2a: Groudon\n|turn|4\n|\n|t:|1700358394\n|switch|p1a: \u5c0f\u8001\u5a46\uff0c\u771f\u7684\u8089|Cresselia, F|100\/100\n|move|p2a: Groudon|Swords Dance|p2a: Groudon\n|-boost|p2a: Groudon|atk|2\n|\n|-weather|DesolateLand|[upkeep]\n|upkeep\n|turn|5\n|\n|t:|1700358407\n|move|p1a: \u5c0f\u8001\u5a46\uff0c\u771f\u7684\u8089|Moonlight|p1a: \u5c0f\u8001\u5a46\uff0c\u771f\u7684\u8089\n|-fail|p1a: \u5c0f\u8001\u5a46\uff0c\u771f\u7684\u8089|heal\n|move|p2a: Groudon|Heat Crash|p1a: \u5c0f\u8001\u5a46\uff0c\u771f\u7684\u8089\n|-enditem|p1a: \u5c0f\u8001\u5a46\uff0c\u771f\u7684\u8089|Focus Sash\n|-damage|p1a: \u5c0f\u8001\u5a46\uff0c\u771f\u7684\u8089|1\/100\n|\n|-weather|DesolateLand|[upkeep]\n|-fieldend|move: Trick Room\n|upkeep\n|turn|6\n|\n|t:|1700358417\n|move|p2a: Groudon|Heat Crash|p1a: \u5c0f\u8001\u5a46\uff0c\u771f\u7684\u8089\n|-damage|p1a: \u5c0f\u8001\u5a46\uff0c\u771f\u7684\u8089|0 fnt\n|faint|p1a: \u5c0f\u8001\u5a46\uff0c\u771f\u7684\u8089\n|\n|-weather|DesolateLand|[upkeep]\n|upkeep\n|\n|t:|1700358420\n|switch|p1a: \u5e3d\u5b50\u53ea\u4f1a\u9001\u6b7b|Hatterene, F|100\/100\n|turn|7\n|\n|t:|1700358425\n|move|p2a: Groudon|Heat Crash|p1a: \u5e3d\u5b50\u53ea\u4f1a\u9001\u6b7b\n|-enditem|p1a: \u5e3d\u5b50\u53ea\u4f1a\u9001\u6b7b|Focus Sash\n|-damage|p1a: \u5e3d\u5b50\u53ea\u4f1a\u9001\u6b7b|1\/100\n|move|p1a: \u5e3d\u5b50\u53ea\u4f1a\u9001\u6b7b|Trick Room|p1a: \u5e3d\u5b50\u53ea\u4f1a\u9001\u6b7b\n|-fieldstart|move: Trick Room|[of] p1a: \u5e3d\u5b50\u53ea\u4f1a\u9001\u6b7b\n|\n|-weather|DesolateLand|[upkeep]\n|upkeep\n|turn|8\n|\n|t:|1700358432\n|-weather|none\n|switch|p2a: Marshadow|Marshadow|100\/100\n|move|p1a: \u5e3d\u5b50\u53ea\u4f1a\u9001\u6b7b|Healing Wish|p1a: \u5e3d\u5b50\u53ea\u4f1a\u9001\u6b7b\n|faint|p1a: \u5e3d\u5b50\u53ea\u4f1a\u9001\u6b7b\n|\n|upkeep\n|\n|t:|1700358436\n|switch|p1a: \u5854\u7237\u7684\u7269\u653b\u5df2\u7ecf\u6765\u5230\u4e8613000\u70b9|Melmetal|100\/100\n|turn|9\n|\n|t:|1700358443\n|-terastallize|p1a: \u5854\u7237\u7684\u7269\u653b\u5df2\u7ecf\u6765\u5230\u4e8613000\u70b9|Steel\n|move|p2a: Marshadow|Shadow Sneak|p1a: \u5854\u7237\u7684\u7269\u653b\u5df2\u7ecf\u6765\u5230\u4e8613000\u70b9\n|-damage|p1a: \u5854\u7237\u7684\u7269\u653b\u5df2\u7ecf\u6765\u5230\u4e8613000\u70b9|78\/100\n|-damage|p2a: Marshadow|91\/100|[from] item: Life Orb\n|move|p1a: \u5854\u7237\u7684\u7269\u653b\u5df2\u7ecf\u6765\u5230\u4e8613000\u70b9|Double Iron Bash|p2a: Marshadow\n|-damage|p2a: Marshadow|0 fnt\n|faint|p2a: Marshadow\n|-hitcount|p2: Marshadow|1\n|\n|upkeep\n|\n|t:|1700358456\n|switch|p2a: Krookodile|Krookodile, M|100\/100\n|-ability|p2a: Krookodile|Intimidate|boost\n|-unboost|p1a: \u5854\u7237\u7684\u7269\u653b\u5df2\u7ecf\u6765\u5230\u4e8613000\u70b9|atk|1\n|turn|10\n|\n|t:|1700358461\n|switch|p2a: Arceus|Arceus|100\/100\n|move|p1a: \u5854\u7237\u7684\u7269\u653b\u5df2\u7ecf\u6765\u5230\u4e8613000\u70b9|Double Iron Bash|p2a: Arceus\n|-damage|p2a: Arceus|58\/100\n|-damage|p2a: Arceus|12\/100\n|-hitcount|p2a: Arceus|2\n|\n|upkeep\n|turn|11\n|\n|t:|1700358470\n|move|p2a: Arceus|Extreme Speed|p1a: \u5854\u7237\u7684\u7269\u653b\u5df2\u7ecf\u6765\u5230\u4e8613000\u70b9\n|-resisted|p1a: \u5854\u7237\u7684\u7269\u653b\u5df2\u7ecf\u6765\u5230\u4e8613000\u70b9\n|-crit|p1a: \u5854\u7237\u7684\u7269\u653b\u5df2\u7ecf\u6765\u5230\u4e8613000\u70b9\n|-damage|p1a: \u5854\u7237\u7684\u7269\u653b\u5df2\u7ecf\u6765\u5230\u4e8613000\u70b9|56\/100\n|-damage|p2a: Arceus|2\/100|[from] item: Life Orb\n|move|p1a: \u5854\u7237\u7684\u7269\u653b\u5df2\u7ecf\u6765\u5230\u4e8613000\u70b9|Double Iron Bash|p2a: Arceus\n|-damage|p2a: Arceus|0 fnt\n|faint|p2a: Arceus\n|-hitcount|p2: Arceus|1\n|\n|-fieldend|move: Trick Room\n|upkeep\n|\n|t:|1700358486\n|switch|p2a: Groudon|Groudon-Primal|100\/100\n|-weather|DesolateLand|[from] ability: Desolate Land|[of] p2a: Groudon\n|turn|12\n|\n|t:|1700358491\n|switch|p1a: \u4f60\u662f\u4ec0\u4e48\u56fa\u62c9\u591a\uff1f|Kyogre-Primal|100\/100\n|-weather|PrimordialSea|[from] ability: Primordial Sea|[of] p1a: \u4f60\u662f\u4ec0\u4e48\u56fa\u62c9\u591a\uff1f\n|move|p2a: Groudon|Swords Dance|p2a: Groudon\n|-boost|p2a: Groudon|atk|2\n|\n|-weather|PrimordialSea|[upkeep]\n|upkeep\n|turn|13\n|\n|t:|1700358500\n|move|p2a: Groudon|Earthquake|p1a: \u4f60\u662f\u4ec0\u4e48\u56fa\u62c9\u591a\uff1f\n|-damage|p1a: \u4f60\u662f\u4ec0\u4e48\u56fa\u62c9\u591a\uff1f|0 fnt\n|faint|p1a: \u4f60\u662f\u4ec0\u4e48\u56fa\u62c9\u591a\uff1f\n|-weather|none\n|\n|upkeep\n|\n|t:|1700358503\n|switch|p1a: \u6bd2\u9a7c\u592a\u5e05\u4e86|Arceus-Poison|100\/100\n|turn|14\n|\n|t:|1700358508\n|move|p2a: Groudon|Earthquake|p1a: \u6bd2\u9a7c\u592a\u5e05\u4e86\n|-supereffective|p1a: \u6bd2\u9a7c\u592a\u5e05\u4e86\n|-damage|p1a: \u6bd2\u9a7c\u592a\u5e05\u4e86|0 fnt\n|faint|p1a: \u6bd2\u9a7c\u592a\u5e05\u4e86\n|\n|upkeep\n|-message|if canot forfeited.\n|\n|win|85792195wwww\n|raw|if canot's rating: 1705 &rarr; <strong>1685<\/strong><br \/>(-20 for losing)\n|raw|85792195wwww's rating: 1700 &rarr; <strong>1720<\/strong><br \/>(+20 for winning)\n|l|\u2606if canot\n|l|\u260685792195wwww\n","uploadtime":1700358534,"views":6,"p1id":"ifcanot","p2id":"85792195wwww","formatid":"gen9nationaldexubers","rating":1685,"private":0,"password":""}