{"id":"gen9nationaldexubers-1996298725","p1":"Wyrzsetdfunl","p2":"85792195wwww","format":"[Gen 9] National Dex Ubers","log":"|j|\u2606Wyrzsetdfunl\n|j|\u260685792195wwww\n|t:|1700668808\n|gametype|singles\n|player|p1|Wyrzsetdfunl|lusamine-nihilego|1531\n|player|p2|85792195wwww|mira|1665\n|teamsize|p1|6\n|teamsize|p2|6\n|gen|9\n|tier|[Gen 9] National Dex Ubers\n|rated|\n|rule|HP Percentage Mod: HP is shown in percentages\n|rule|Endless Battle Clause: Forcing endless battles is banned\n|rule|OHKO Clause: OHKO moves are banned\n|rule|Evasion Moves Clause: Evasion moves are banned\n|rule|Evasion Items Clause: Evasion items are banned\n|rule|Species Clause: Limit one of each Pok\u00e9mon\n|rule|Sleep Clause Mod: Limit one foe put to sleep\n|rule|Mega Rayquaza Clause: You cannot mega evolve Rayquaza\n|clearpoke\n|poke|p1|Zekrom|\n|poke|p1|Groudon|\n|poke|p1|Necrozma-Dusk-Mane|\n|poke|p1|Ho-Oh|\n|poke|p1|Mewtwo|\n|poke|p1|Arceus-Dark|\n|poke|p2|Arceus|\n|poke|p2|Kingambit, M|\n|poke|p2|Xerneas-*|\n|poke|p2|Kyurem-White|\n|poke|p2|Groudon|\n|poke|p2|Krookodile, M|\n|teampreview\n|inactive|Battle timer is ON: inactive players will automatically lose when time's up. (requested by Wyrzsetdfunl)\n|\n|t:|1700668828\n|start\n|switch|p1a: Necrozma|Necrozma-Dusk-Mane|100\/100\n|switch|p2a: Kyurem|Kyurem-White|100\/100\n|-ability|p2a: Kyurem|Turboblaze\n|turn|1\n|\n|t:|1700668836\n|switch|p2a: Krookodile|Krookodile, M|100\/100\n|-ability|p2a: Krookodile|Intimidate|boost\n|-unboost|p1a: Necrozma|atk|1\n|move|p1a: Necrozma|Stealth Rock|p2a: Krookodile\n|-sidestart|p2: 85792195wwww|move: Stealth Rock\n|\n|upkeep\n|turn|2\n|\n|t:|1700668844\n|switch|p1a: Arceus|Arceus-Dark|100\/100\n|move|p2a: Krookodile|Stealth Rock|p1a: Arceus\n|-sidestart|p1: Wyrzsetdfunl|move: Stealth Rock\n|\n|upkeep\n|turn|3\n|\n|t:|1700668850\n|move|p2a: Krookodile|Bulldoze|p1a: Arceus\n|-damage|p1a: Arceus|85\/100\n|-unboost|p1a: Arceus|spe|1\n|move|p1a: Arceus|Will-O-Wisp|p2a: Krookodile|[miss]\n|-miss|p1a: Arceus|p2a: Krookodile\n|\n|upkeep\n|turn|4\n|\n|t:|1700668858\n|move|p2a: Krookodile|Bulldoze|p1a: Arceus\n|-damage|p1a: Arceus|70\/100\n|-unboost|p1a: Arceus|spe|1\n|move|p1a: Arceus|Will-O-Wisp|p2a: Krookodile\n|-status|p2a: Krookodile|brn\n|\n|-damage|p2a: Krookodile|94\/100 brn|[from] brn\n|upkeep\n|turn|5\n|\n|t:|1700668868\n|move|p2a: Krookodile|Taunt|p1a: Arceus\n|-start|p1a: Arceus|move: Taunt\n|move|p1a: Arceus|Foul Play|p2a: Krookodile\n|-resisted|p2a: Krookodile\n|-damage|p2a: Krookodile|60\/100 brn\n|\n|-damage|p2a: Krookodile|54\/100 brn|[from] brn\n|upkeep\n|turn|6\n|\n|t:|1700668878\n|switch|p1a: Ho-Oh|Ho-Oh|100\/100\n|move|p2a: Krookodile|Bulldoze|p1a: Ho-Oh\n|-immune|p1a: Ho-Oh\n|\n|-damage|p2a: Krookodile|48\/100 brn|[from] brn\n|upkeep\n|turn|7\n|\n|t:|1700668886\n|move|p2a: Krookodile|Knock Off|p1a: Ho-Oh\n|-damage|p1a: Ho-Oh|79\/100\n|-enditem|p1a: Ho-Oh|Heavy-Duty Boots|[from] move: Knock Off|[of] p2a: Krookodile\n|move|p1a: Ho-Oh|Sacred Fire|p2a: Krookodile\n|-damage|p2a: Krookodile|0 fnt\n|faint|p2a: Krookodile\n|\n|upkeep\n|\n|t:|1700668897\n|switch|p2a: Kyurem|Kyurem-White|100\/100\n|-damage|p2a: Kyurem|76\/100|[from] Stealth Rock\n|-ability|p2a: Kyurem|Turboblaze\n|turn|8\n|j| Jm-Kun\n|\n|t:|1700668911\n|move|p2a: Kyurem|Stone Edge|p1a: Ho-Oh\n|-supereffective|p1a: Ho-Oh\n|-damage|p1a: Ho-Oh|0 fnt\n|faint|p1a: Ho-Oh\n|-damage|p2a: Kyurem|66\/100|[from] item: Life Orb\n|\n|upkeep\n|\n|t:|1700668917\n|switch|p1a: Necrozma|Necrozma-Dusk-Mane|100\/100\n|-damage|p1a: Necrozma|94\/100|[from] Stealth Rock\n|turn|9\n|\n|t:|1700668923\n|move|p2a: Kyurem|Fusion Flare|p1a: Necrozma\n|-supereffective|p1a: Necrozma\n|-damage|p1a: Necrozma|35\/100\n|-damage|p2a: Kyurem|56\/100|[from] item: Life Orb\n|move|p1a: Necrozma|Sunsteel Strike|p2a: Kyurem\n|-supereffective|p2a: Kyurem\n|-damage|p2a: Kyurem|0 fnt\n|faint|p2a: Kyurem\n|\n|-heal|p1a: Necrozma|41\/100|[from] item: Leftovers\n|upkeep\n|\n|t:|1700668940\n|switch|p2a: Arceus|Arceus|100\/100\n|-damage|p2a: Arceus|88\/100|[from] Stealth Rock\n|turn|10\n|\n|t:|1700668945\n|move|p2a: Arceus|Swords Dance|p2a: Arceus\n|-boost|p2a: Arceus|atk|2\n|move|p1a: Necrozma|Knock Off|p2a: Arceus\n|-crit|p2a: Arceus\n|-damage|p2a: Arceus|54\/100\n|-enditem|p2a: Arceus|Life Orb|[from] move: Knock Off|[of] p1a: Necrozma\n|\n|-heal|p1a: Necrozma|47\/100|[from] item: Leftovers\n|upkeep\n|turn|11\n|\n|t:|1700668956\n|move|p2a: Arceus|Swords Dance|p2a: Arceus\n|-boost|p2a: Arceus|atk|2\n|move|p1a: Necrozma|Morning Sun|p1a: Necrozma\n|-heal|p1a: Necrozma|96\/100\n|\n|-heal|p1a: Necrozma|100\/100|[from] item: Leftovers\n|upkeep\n|turn|12\n|\n|t:|1700668965\n|move|p2a: Arceus|Earthquake|p1a: Necrozma\n|-supereffective|p1a: Necrozma\n|-damage|p1a: Necrozma|5\/100\n|move|p1a: Necrozma|Sunsteel Strike|p2a: Arceus\n|-damage|p2a: Arceus|15\/100\n|\n|-heal|p1a: Necrozma|11\/100|[from] item: Leftovers\n|upkeep\n|turn|13\n|j| 1 em trach thu\n|\n|t:|1700668975\n|move|p2a: Arceus|Earthquake|p1a: Necrozma\n|-supereffective|p1a: Necrozma\n|-damage|p1a: Necrozma|0 fnt\n|faint|p1a: Necrozma\n|\n|upkeep\n|\n|t:|1700668990\n|switch|p1a: Arceus|Arceus-Dark|70\/100\n|-damage|p1a: Arceus|57\/100|[from] Stealth Rock\n|turn|14\n|\n|t:|1700668996\n|move|p2a: Arceus|Extreme Speed|p1a: Arceus\n|-damage|p1a: Arceus|0 fnt\n|faint|p1a: Arceus\n|\n|upkeep\n|\n|t:|1700668998\n|switch|p1a: Groudon|Groudon|100\/100\n|-damage|p1a: Groudon|94\/100|[from] Stealth Rock\n|detailschange|p1a: Groudon|Groudon-Primal\n|-primal|p1a: Groudon|Red Orb\n|-weather|DesolateLand|[from] ability: Desolate Land|[of] p1a: Groudon\n|turn|15\n|\n|t:|1700669007\n|move|p2a: Arceus|Earthquake|p1a: Groudon\n|-supereffective|p1a: Groudon\n|-damage|p1a: Groudon|0 fnt\n|faint|p1a: Groudon\n|-weather|none\n|\n|upkeep\n|-message|Wyrzsetdfunl forfeited.\n|\n|win|85792195wwww\n|raw|Wyrzsetdfunl's rating: 1531 &rarr; <strong>1518<\/strong><br \/>(-13 for losing)\n|raw|85792195wwww's rating: 1665 &rarr; <strong>1678<\/strong><br \/>(+13 for winning)\n|l|\u2606Wyrzsetdfunl\n|l| 1 em trach thu\n|l| Jm-Kun\n","uploadtime":1700669015,"views":1,"p1id":"wyrzsetdfunl","p2id":"85792195wwww","formatid":"gen9nationaldexubers","rating":1518,"private":0,"password":""}