{"id":"gen9nationaldexubers-1988943155","p1":"dani_noah1","p2":"Zake202012","format":"[Gen 9] National Dex Ubers","log":"|j|\u2606dani_noah1\n|j|\u2606Zake202012\n|t:|1699792079\n|gametype|singles\n|player|p1|dani_noah1|hilbert|1200\n|player|p2|Zake202012|chili|1304\n|teamsize|p1|6\n|teamsize|p2|6\n|gen|9\n|tier|[Gen 9] National Dex Ubers\n|rated|\n|rule|HP Percentage Mod: HP is shown in percentages\n|rule|Endless Battle Clause: Forcing endless battles is banned\n|rule|OHKO Clause: OHKO moves are banned\n|rule|Evasion Moves Clause: Evasion moves are banned\n|rule|Evasion Items Clause: Evasion items are banned\n|rule|Species Clause: Limit one of each Pok\u00e9mon\n|rule|Sleep Clause Mod: Limit one foe put to sleep\n|rule|Mega Rayquaza Clause: You cannot mega evolve Rayquaza\n|clearpoke\n|poke|p1|Salamence, M|\n|poke|p1|Hydreigon, M|\n|poke|p1|Lapras, F|\n|poke|p1|Charizard, M|\n|poke|p1|Kommo-o, M|\n|poke|p1|Haxorus, M|\n|poke|p2|Iron Hands|\n|poke|p2|Okidogi, M|\n|poke|p2|Arceus-Fighting|\n|poke|p2|Ninetales-Alola, F|\n|poke|p2|Aggron, M|\n|poke|p2|Aegislash, M|\n|teampreview\n|inactive|Battle timer is ON: inactive players will automatically lose when time's up. (requested by Zake202012)\n|\n|t:|1699792100\n|start\n|switch|p1a: Kommo-o|Kommo-o, M|100\/100\n|switch|p2a: Ninetales|Ninetales-Alola, F|100\/100\n|-weather|Snow|[from] ability: Snow Warning|[of] p2a: Ninetales\n|turn|1\n|\n|t:|1699792119\n|move|p2a: Ninetales|Aurora Veil|p2a: Ninetales\n|-sidestart|p2: Zake202012|move: Aurora Veil\n|move|p1a: Kommo-o|Flamethrower|p2a: Ninetales\n|-supereffective|p2a: Ninetales\n|-damage|p2a: Ninetales|76\/100\n|\n|-weather|Snow|[upkeep]\n|upkeep\n|turn|2\n|\n|t:|1699792127\n|move|p2a: Ninetales|Freeze-Dry|p1a: Kommo-o\n|-supereffective|p1a: Kommo-o\n|-damage|p1a: Kommo-o|67\/100\n|move|p1a: Kommo-o|Flamethrower|p2a: Ninetales\n|-supereffective|p2a: Ninetales\n|-damage|p2a: Ninetales|51\/100\n|\n|-weather|Snow|[upkeep]\n|upkeep\n|turn|3\n|\n|t:|1699792136\n|move|p2a: Ninetales|Freeze-Dry|p1a: Kommo-o\n|-supereffective|p1a: Kommo-o\n|-damage|p1a: Kommo-o|29\/100\n|move|p1a: Kommo-o|Flamethrower|p2a: Ninetales\n|-supereffective|p2a: Ninetales\n|-damage|p2a: Ninetales|24\/100\n|\n|-weather|Snow|[upkeep]\n|upkeep\n|turn|4\n|\n|t:|1699792143\n|move|p2a: Ninetales|Freeze-Dry|p1a: Kommo-o\n|-supereffective|p1a: Kommo-o\n|-damage|p1a: Kommo-o|0 fnt\n|faint|p1a: Kommo-o\n|\n|-weather|Snow|[upkeep]\n|upkeep\n|\n|t:|1699792149\n|switch|p1a: Charizard|Charizard, M|100\/100\n|turn|5\n|\n|t:|1699792153\n|move|p2a: Ninetales|Encore||[still]\n|-fail|p2a: Ninetales\n|move|p1a: Charizard|Flare Blitz|p2a: Ninetales\n|-supereffective|p2a: Ninetales\n|-damage|p2a: Ninetales|0 fnt\n|faint|p2a: Ninetales\n|-damage|p1a: Charizard|93\/100|[from] Recoil\n|\n|-weather|none\n|upkeep\n|\n|t:|1699792156\n|switch|p2a: Arceus|Arceus-Fighting|100\/100\n|turn|6\n|\n|t:|1699792166\n|move|p1a: Charizard|Fly||[still]\n|-prepare|p1a: Charizard|Fly\n|move|p2a: Arceus|Cosmic Power|p2a: Arceus\n|-boost|p2a: Arceus|def|1\n|-boost|p2a: Arceus|spd|1\n|\n|upkeep\n|turn|7\n|\n|t:|1699792172\n|move|p1a: Charizard|Fly|p2a: Arceus|[from]lockedmove\n|-supereffective|p2a: Arceus\n|-damage|p2a: Arceus|86\/100\n|move|p2a: Arceus|Cosmic Power|p2a: Arceus\n|-boost|p2a: Arceus|def|1\n|-boost|p2a: Arceus|spd|1\n|\n|upkeep\n|turn|8\n|\n|t:|1699792185\n|move|p1a: Charizard|Outrage|p2a: Arceus\n|-damage|p2a: Arceus|81\/100\n|move|p2a: Arceus|Cosmic Power|p2a: Arceus\n|-boost|p2a: Arceus|def|1\n|-boost|p2a: Arceus|spd|1\n|\n|-sideend|p2: Zake202012|move: Aurora Veil\n|upkeep\n|turn|9\n|\n|t:|1699792198\n|move|p1a: Charizard|Outrage|p2a: Arceus|[from]lockedmove\n|-damage|p2a: Arceus|73\/100\n|-start|p1a: Charizard|confusion|[fatigue]\n|move|p2a: Arceus|Cosmic Power|p2a: Arceus\n|-boost|p2a: Arceus|def|1\n|-boost|p2a: Arceus|spd|1\n|\n|upkeep\n|turn|10\n|inactive|dani_noah1 has 120 seconds left.\n|\n|t:|1699792243\n|switch|p1a: Haxorus|Haxorus, M, shiny|100\/100\n|move|p2a: Arceus|Cosmic Power|p2a: Arceus\n|-boost|p2a: Arceus|def|1\n|-boost|p2a: Arceus|spd|1\n|\n|upkeep\n|turn|11\n|\n|t:|1699792253\n|move|p1a: Haxorus|Endeavor|p2a: Arceus\n|-immune|p2a: Arceus\n|move|p2a: Arceus|Cosmic Power|p2a: Arceus\n|-boost|p2a: Arceus|def|1\n|-boost|p2a: Arceus|spd|1\n|\n|upkeep\n|turn|12\n|\n|t:|1699792259\n|move|p1a: Haxorus|Endeavor|p2a: Arceus\n|-immune|p2a: Arceus\n|move|p2a: Arceus|Recover|p2a: Arceus\n|-heal|p2a: Arceus|100\/100\n|\n|upkeep\n|turn|13\n|inactive|dani_noah1 has 120 seconds left.\n|inactive|Zake202012 has 120 seconds left.\n|\n|t:|1699792292\n|move|p1a: Haxorus|Endeavor|p2a: Arceus\n|-damage|p2a: Arceus|77\/100\n|move|p2a: Arceus|Stored Power|p1a: Haxorus\n|-enditem|p1a: Haxorus|Focus Sash\n|-damage|p1a: Haxorus|1\/100\n|\n|upkeep\n|turn|14\n|\n|t:|1699792299\n|switch|p2a: Aegislash|Aegislash, M|100\/100\n|move|p1a: Haxorus|Endeavor|p2a: Aegislash\n|-immune|p2a: Aegislash\n|\n|upkeep\n|turn|15\n|\n|t:|1699792311\n|switch|p1a: Charizard|Charizard, M|93\/100\n|-formechange|p2a: Aegislash|Aegislash-Blade||[from] ability: Stance Change\n|move|p2a: Aegislash|Shadow Sneak|p1a: Charizard\n|-damage|p1a: Charizard|62\/100\n|\n|upkeep\n|turn|16\n|\n|t:|1699792325\n|switch|p2a: Aggron|Aggron, M|100\/100\n|move|p1a: Charizard|Flare Blitz|p2a: Aggron\n|-damage|p2a: Aggron|72\/100\n|-damage|p1a: Charizard|53\/100|[from] Recoil\n|\n|upkeep\n|turn|17\n|inactive|dani_noah1 has 120 seconds left.\n|\n|t:|1699792375\n|detailschange|p1a: Charizard|Charizard-Mega-X, M\n|-mega|p1a: Charizard|Charizard|Charizardite X\n|move|p1a: Charizard|Outrage|p2a: Aggron\n|-resisted|p2a: Aggron\n|-damage|p2a: Aggron|45\/100\n|move|p2a: Aggron|Rock Polish|p2a: Aggron\n|-boost|p2a: Aggron|spe|2\n|\n|upkeep\n|turn|18\n|\n|t:|1699792383\n|detailschange|p2a: Aggron|Aggron-Mega, M\n|-mega|p2a: Aggron|Aggron|Aggronite\n|move|p2a: Aggron|Iron Defense|p2a: Aggron\n|-boost|p2a: Aggron|def|2\n|move|p1a: Charizard|Outrage|p2a: Aggron|[from]lockedmove\n|-resisted|p2a: Aggron\n|-damage|p2a: Aggron|35\/100\n|-start|p1a: Charizard|confusion|[fatigue]\n|\n|upkeep\n|turn|19\n|\n|t:|1699792392\n|move|p2a: Aggron|Iron Defense|p2a: Aggron\n|-boost|p2a: Aggron|def|2\n|-activate|p1a: Charizard|confusion\n|move|p1a: Charizard|Flare Blitz|p2a: Aggron\n|-supereffective|p2a: Aggron\n|-damage|p2a: Aggron|13\/100\n|-damage|p1a: Charizard|46\/100|[from] Recoil\n|\n|upkeep\n|turn|20\n|\n|t:|1699792399\n|move|p2a: Aggron|Body Press|p1a: Charizard\n|-damage|p1a: Charizard|0 fnt\n|faint|p1a: Charizard\n|\n|upkeep\n|\n|t:|1699792403\n|switch|p1a: Salamence|Salamence, M|100\/100\n|-ability|p1a: Salamence|Intimidate|boost\n|-unboost|p2a: Aggron|atk|1\n|turn|21\n|\n|t:|1699792409\n|move|p2a: Aggron|Body Press|p1a: Salamence\n|-resisted|p1a: Salamence\n|-damage|p1a: Salamence|20\/100\n|move|p1a: Salamence|Flamethrower|p2a: Aggron\n|-supereffective|p2a: Aggron\n|-damage|p2a: Aggron|0 fnt\n|faint|p2a: Aggron\n|\n|upkeep\n|\n|t:|1699792417\n|switch|p2a: Arceus|Arceus-Fighting|77\/100\n|turn|22\n|\n|t:|1699792427\n|move|p1a: Salamence|Roost|p1a: Salamence\n|-heal|p1a: Salamence|70\/100\n|-singleturn|p1a: Salamence|move: Roost\n|move|p2a: Arceus|Body Press|p1a: Salamence\n|-damage|p1a: Salamence|13\/100\n|\n|upkeep\n|turn|23\n|\n|t:|1699792434\n|move|p1a: Salamence|Roost|p1a: Salamence\n|-heal|p1a: Salamence|63\/100\n|-singleturn|p1a: Salamence|move: Roost\n|move|p2a: Arceus|Cosmic Power|p2a: Arceus\n|-boost|p2a: Arceus|def|1\n|-boost|p2a: Arceus|spd|1\n|\n|upkeep\n|turn|24\n|\n|t:|1699792447\n|move|p1a: Salamence|Draco Meteor|p2a: Arceus\n|-damage|p2a: Arceus|48\/100\n|-unboost|p1a: Salamence|spa|2\n|move|p2a: Arceus|Body Press|p1a: Salamence\n|-resisted|p1a: Salamence\n|-damage|p1a: Salamence|19\/100\n|\n|upkeep\n|turn|25\n|\n|t:|1699792456\n|move|p1a: Salamence|Draco Meteor|p2a: Arceus|[miss]\n|-miss|p1a: Salamence|p2a: Arceus\n|move|p2a: Arceus|Recover|p2a: Arceus\n|-heal|p2a: Arceus|98\/100\n|\n|upkeep\n|turn|26\n|\n|t:|1699792463\n|move|p1a: Salamence|Roost|p1a: Salamence\n|-heal|p1a: Salamence|69\/100\n|-singleturn|p1a: Salamence|move: Roost\n|move|p2a: Arceus|Cosmic Power|p2a: Arceus\n|-boost|p2a: Arceus|def|1\n|-boost|p2a: Arceus|spd|1\n|\n|upkeep\n|turn|27\n|\n|t:|1699792476\n|move|p1a: Salamence|Draco Meteor|p2a: Arceus\n|-damage|p2a: Arceus|87\/100\n|-unboost|p1a: Salamence|spa|2\n|move|p2a: Arceus|Body Press|p1a: Salamence\n|-resisted|p1a: Salamence\n|-damage|p1a: Salamence|10\/100\n|\n|upkeep\n|turn|28\n|\n|t:|1699792484\n|move|p1a: Salamence|Roost|p1a: Salamence\n|-heal|p1a: Salamence|60\/100\n|-singleturn|p1a: Salamence|move: Roost\n|move|p2a: Arceus|Cosmic Power|p2a: Arceus\n|-boost|p2a: Arceus|def|1\n|-boost|p2a: Arceus|spd|1\n|\n|upkeep\n|turn|29\n|\n|t:|1699792491\n|move|p1a: Salamence|Roost|p1a: Salamence\n|-heal|p1a: Salamence|100\/100\n|-singleturn|p1a: Salamence|move: Roost\n|move|p2a: Arceus|Body Press|p1a: Salamence\n|-damage|p1a: Salamence|0 fnt\n|faint|p1a: Salamence\n|\n|upkeep\n|\n|t:|1699792499\n|switch|p1a: Haxorus|Haxorus, M, shiny|1\/100\n|turn|30\n|\n|t:|1699792502\n|move|p1a: Haxorus|Endeavor|p2a: Arceus\n|-damage|p2a: Arceus|1\/100\n|move|p2a: Arceus|Body Press|p1a: Haxorus\n|-damage|p1a: Haxorus|0 fnt\n|faint|p1a: Haxorus\n|\n|upkeep\n|\n|t:|1699792518\n|switch|p1a: Lapras|Lapras, F|100\/100\n|turn|31\n|\n|t:|1699792524\n|-terastallize|p1a: Lapras|Psychic\n|move|p2a: Arceus|Recover|p2a: Arceus\n|-heal|p2a: Arceus|51\/100\n|move|p1a: Lapras|Psywave|p2a: Arceus\n|-damage|p2a: Arceus|31\/100\n|\n|upkeep\n|turn|32\n|\n|t:|1699792531\n|move|p2a: Arceus|Recover|p2a: Arceus\n|-heal|p2a: Arceus|81\/100\n|move|p1a: Lapras|Psywave|p2a: Arceus\n|-damage|p2a: Arceus|60\/100\n|\n|upkeep\n|turn|33\n|\n|t:|1699792537\n|move|p2a: Arceus|Recover|p2a: Arceus\n|-heal|p2a: Arceus|100\/100\n|move|p1a: Lapras|Psywave|p2a: Arceus\n|-damage|p2a: Arceus|67\/100\n|\n|upkeep\n|turn|34\n|\n|t:|1699792542\n|move|p2a: Arceus|Cosmic Power|p2a: Arceus\n|-boost|p2a: Arceus|def|1\n|-boost|p2a: Arceus|spd|1\n|move|p1a: Lapras|Psywave|p2a: Arceus\n|-damage|p2a: Arceus|44\/100\n|\n|upkeep\n|turn|35\n|\n|t:|1699792549\n|move|p2a: Arceus|Recover|p2a: Arceus\n|-heal|p2a: Arceus|94\/100\n|move|p1a: Lapras|Psywave|p2a: Arceus\n|-damage|p2a: Arceus|75\/100\n|\n|upkeep\n|turn|36\n|\n|t:|1699792554\n|move|p2a: Arceus|Cosmic Power|p2a: Arceus\n|-boost|p2a: Arceus|def|1\n|-boost|p2a: Arceus|spd|1\n|move|p1a: Lapras|Psywave|p2a: Arceus\n|-damage|p2a: Arceus|49\/100\n|\n|upkeep\n|turn|37\n|\n|t:|1699792560\n|move|p2a: Arceus|Recover|p2a: Arceus\n|-heal|p2a: Arceus|99\/100\n|move|p1a: Lapras|Psywave|p2a: Arceus\n|-damage|p2a: Arceus|73\/100\n|\n|upkeep\n|turn|38\n|\n|t:|1699792565\n|move|p2a: Arceus|Cosmic Power|p2a: Arceus\n|-boost|p2a: Arceus|def|1\n|-boost|p2a: Arceus|spd|1\n|move|p1a: Lapras|Psywave|p2a: Arceus\n|-damage|p2a: Arceus|45\/100\n|\n|upkeep\n|turn|39\n|\n|t:|1699792571\n|move|p2a: Arceus|Recover|p2a: Arceus\n|-heal|p2a: Arceus|96\/100\n|move|p1a: Lapras|Psywave|p2a: Arceus\n|-damage|p2a: Arceus|66\/100\n|\n|upkeep\n|turn|40\n|\n|t:|1699792583\n|move|p2a: Arceus|Body Press|p1a: Lapras\n|-resisted|p1a: Lapras\n|-damage|p1a: Lapras|17\/100\n|move|p1a: Lapras|Psywave|p2a: Arceus\n|-damage|p2a: Arceus|40\/100\n|\n|upkeep\n|turn|41\n|\n|t:|1699792589\n|move|p2a: Arceus|Stored Power|p1a: Lapras\n|-resisted|p1a: Lapras\n|-damage|p1a: Lapras|0 fnt\n|faint|p1a: Lapras\n|\n|upkeep\n|\n|t:|1699792594\n|switch|p1a: Hydreigon|Hydreigon, M|100\/100\n|turn|42\n|\n|t:|1699792614\n|move|p1a: Hydreigon|Draco Meteor|p2a: Arceus\n|-damage|p2a: Arceus|28\/100\n|-unboost|p1a: Hydreigon|spa|2\n|move|p2a: Arceus|Body Press|p1a: Hydreigon\n|-supereffective|p1a: Hydreigon\n|-enditem|p1a: Hydreigon|Focus Sash\n|-damage|p1a: Hydreigon|1\/100\n|\n|upkeep\n|turn|43\n|\n|t:|1699792625\n|move|p1a: Hydreigon|Fire Blast|p2a: Arceus\n|-damage|p2a: Arceus|24\/100\n|move|p2a: Arceus|Body Press|p1a: Hydreigon\n|-supereffective|p1a: Hydreigon\n|-damage|p1a: Hydreigon|0 fnt\n|faint|p1a: Hydreigon\n|\n|win|Zake202012\n|raw|dani_noah1's rating: 1200 &rarr; <strong>1182<\/strong><br \/>(-18 for losing)\n|raw|Zake202012's rating: 1304 &rarr; <strong>1318<\/strong><br \/>(+14 for winning)\n|l|\u2606dani_noah1\n","uploadtime":1699792636,"views":4,"p1id":"daninoah1","p2id":"zake202012","formatid":"gen9nationaldexubers","rating":1182,"private":0,"password":""}