{"id":"gen9nationaldexubers-1983676083","p1":"fv8hd","p2":"Jayrox41","format":"[Gen 9] National Dex Ubers","log":"|j|\u2606fv8hd\n|j|\u2606Jayrox41\n|t:|1699158049\n|gametype|singles\n|player|p1|fv8hd|karen|\n|player|p2|Jayrox41|morty-masters2|\n|teamsize|p1|6\n|teamsize|p2|6\n|gen|9\n|tier|[Gen 9] National Dex Ubers\n|rule|HP Percentage Mod: HP is shown in percentages\n|rule|Endless Battle Clause: Forcing endless battles is banned\n|rule|OHKO Clause: OHKO moves are banned\n|rule|Evasion Moves Clause: Evasion moves are banned\n|rule|Evasion Items Clause: Evasion items are banned\n|rule|Species Clause: Limit one of each Pok\u00e9mon\n|rule|Sleep Clause Mod: Limit one foe put to sleep\n|rule|Mega Rayquaza Clause: You cannot mega evolve Rayquaza\n|clearpoke\n|poke|p1|Necrozma|\n|poke|p1|Toxapex, M|\n|poke|p1|Drampa, M|\n|poke|p1|Kommo-o, F|\n|poke|p1|Kartana|\n|poke|p1|Incineroar, F|\n|poke|p2|Slowking-Galar, M|\n|poke|p2|Scizor, F|\n|poke|p2|Azumarill, M|\n|poke|p2|Tyranitar, F|\n|poke|p2|Smeargle, M|\n|poke|p2|Espeon, M|\n|teampreview\n|j| mvjr1113\n|\n|t:|1699158142\n|start\n|switch|p1a: Detroit Citizen|Necrozma, shiny|100\/100\n|switch|p2a: Elvis|Espeon, M|100\/100\n|turn|1\n|\n|t:|1699158190\n|move|p2a: Elvis|Shadow Ball|p1a: Detroit Citizen\n|-supereffective|p1a: Detroit Citizen\n|-damage|p1a: Detroit Citizen|52\/100\n|move|p1a: Detroit Citizen|Trick Room|p1a: Detroit Citizen\n|-fieldstart|move: Trick Room|[of] p1a: Detroit Citizen\n|\n|upkeep\n|turn|2\n|j| deleter191\n|\n|t:|1699158243\n|switch|p2a: Papa John|Tyranitar, F, shiny|100\/100\n|-weather|Sandstorm|[from] ability: Sand Stream|[of] p2a: Papa John\n|move|p1a: Detroit Citizen|Light Screen|p1a: Detroit Citizen\n|-sidestart|p1: fv8hd|move: Light Screen\n|\n|-weather|Sandstorm|[upkeep]\n|-damage|p1a: Detroit Citizen|45\/100|[from] Sandstorm\n|upkeep\n|turn|3\n|\n|t:|1699158262\n|move|p1a: Detroit Citizen|Reflect|p1a: Detroit Citizen\n|-sidestart|p1: fv8hd|Reflect\n|move|p2a: Papa John|Knock Off|p1a: Detroit Citizen\n|-supereffective|p1a: Detroit Citizen\n|-damage|p1a: Detroit Citizen|12\/100\n|-enditem|p1a: Detroit Citizen|Light Clay|[from] move: Knock Off|[of] p2a: Papa John\n|\n|-weather|Sandstorm|[upkeep]\n|-damage|p1a: Detroit Citizen|6\/100|[from] Sandstorm\n|upkeep\n|turn|4\n|j| MusicalJoker\n|\n|t:|1699158289\n|move|p2a: Papa John|Stealth Rock|p1a: Detroit Citizen\n|-sidestart|p1: fv8hd|move: Stealth Rock\n|move|p1a: Detroit Citizen|Trick Room|p1a: Detroit Citizen\n|-fieldend|move: Trick Room\n|\n|-weather|Sandstorm|[upkeep]\n|-damage|p1a: Detroit Citizen|0 fnt|[from] Sandstorm\n|faint|p1a: Detroit Citizen\n|upkeep\n|\n|t:|1699158296\n|switch|p1a: Actual Paper Cut|Kartana, shiny|100\/100\n|-damage|p1a: Actual Paper Cut|94\/100|[from] Stealth Rock\n|turn|5\n|raw|<div class=\"broadcast-red\"><b>The server is restarting soon.<\/b><br \/>Please finish your battles quickly. No new battles can be started until the server resets in a few minutes.<\/div>\n|inactive|Battle timer is ON: inactive players will automatically lose when time's up.\n|raw|<div class=\"broadcast-red\"><b>Moderated chat was set to +!<\/b><br \/>Only users of rank + and higher can talk.<\/div>\n|\n|t:|1699158326\n|switch|p2a: Chris Wright|Scizor, F, shiny|100\/100\n|move|p1a: Actual Paper Cut|Sacred Sword|p2a: Chris Wright\n|-damage|p2a: Chris Wright|63\/100\n|\n|-weather|Sandstorm|[upkeep]\n|upkeep\n|turn|6\n|\n|t:|1699158340\n|detailschange|p2a: Chris Wright|Scizor-Mega, F, shiny\n|-mega|p2a: Chris Wright|Scizor|Scizorite\n|move|p1a: Actual Paper Cut|Sacred Sword|p2a: Chris Wright\n|-damage|p2a: Chris Wright|32\/100\n|move|p2a: Chris Wright|Roost|p2a: Chris Wright\n|-heal|p2a: Chris Wright|82\/100\n|-singleturn|p2a: Chris Wright|move: Roost\n|\n|-weather|none\n|upkeep\n|turn|7\n|\n|t:|1699158368\n|switch|p1a: Fucking Furry|Incineroar, F|100\/100\n|-damage|p1a: Fucking Furry|76\/100|[from] Stealth Rock\n|-ability|p1a: Fucking Furry|Intimidate|boost\n|-unboost|p2a: Chris Wright|atk|1\n|move|p2a: Chris Wright|Roost|p2a: Chris Wright\n|-heal|p2a: Chris Wright|100\/100\n|-singleturn|p2a: Chris Wright|move: Roost\n|\n|upkeep\n|turn|8\n|\n|t:|1699158379\n|move|p2a: Chris Wright|U-turn|p1a: Fucking Furry\n|-damage|p1a: Fucking Furry|64\/100\n|\n|t:|1699158385\n|switch|p2a: Papa John|Tyranitar, F, shiny|100\/100|[from] U-turn\n|-weather|Sandstorm|[from] ability: Sand Stream|[of] p2a: Papa John\n|move|p1a: Fucking Furry|Parting Shot|p2a: Papa John\n|-unboost|p2a: Papa John|atk|1\n|-unboost|p2a: Papa John|spa|1\n|\n|t:|1699158392\n|switch|p1a: Shingles|Kommo-o, F, shiny|100\/100|[from] Parting Shot\n|-damage|p1a: Shingles|94\/100|[from] Stealth Rock\n|\n|-weather|Sandstorm|[upkeep]\n|-damage|p1a: Shingles|88\/100|[from] Sandstorm\n|upkeep\n|turn|9\n|inactive|fv8hd has 270 seconds left.\n|inactive|Jayrox41 has 270 seconds left.\n|\n|t:|1699158440\n|move|p1a: Shingles|Drain Punch|p2a: Papa John\n|-supereffective|p2a: Papa John\n|-damage|p2a: Papa John|0 fnt\n|-heal|p1a: Shingles|100\/100|[from] drain|[of] p2a: Papa John\n|faint|p2a: Papa John\n|\n|-weather|Sandstorm|[upkeep]\n|-damage|p1a: Shingles|94\/100|[from] Sandstorm\n|-sideend|p1: fv8hd|move: Light Screen\n|upkeep\n|\n|t:|1699158452\n|switch|p2a: The Devil Himself|Smeargle, M|100\/100\n|turn|10\n|\n|t:|1699158458\n|move|p2a: The Devil Himself|Shed Tail|p2a: The Devil Himself\n|-start|p2a: The Devil Himself|Substitute|[from] move: Shed Tail\n|-damage|p2a: The Devil Himself|50\/100\n|\n|t:|1699158461\n|switch|p2a: Our Lord|Azumarill, M, shiny|100\/100|[from] Shed Tail\n|-zpower|p1a: Shingles\n|move|p1a: Shingles|Clangorous Soulblaze|p2a: Our Lord|[zeffect]\n|-immune|p2a: Our Lord\n|\n|-weather|Sandstorm|[upkeep]\n|-damage|p1a: Shingles|88\/100|[from] Sandstorm\n|-damage|p2a: Our Lord|94\/100|[from] Sandstorm\n|-sideend|p1: fv8hd|Reflect\n|upkeep\n|turn|11\n|inactive|Jayrox41 has 270 seconds left.\n|\n|t:|1699158471\n|switch|p1a: Fucking Furry|Incineroar, F|64\/100\n|-damage|p1a: Fucking Furry|40\/100|[from] Stealth Rock\n|-ability|p1a: Fucking Furry|Intimidate|boost\n|-immune|p2a: Our Lord\n|move|p2a: Our Lord|Belly Drum|p2a: Our Lord\n|-damage|p2a: Our Lord|44\/100\n|-setboost|p2a: Our Lord|atk|6|[from] move: Belly Drum\n|-enditem|p2a: Our Lord|Sitrus Berry|[eat]\n|-heal|p2a: Our Lord|69\/100|[from] item: Sitrus Berry\n|\n|-weather|Sandstorm|[upkeep]\n|-damage|p2a: Our Lord|63\/100|[from] Sandstorm\n|-damage|p1a: Fucking Furry|33\/100|[from] Sandstorm\n|upkeep\n|turn|12\n|\n|t:|1699158481\n|move|p2a: Our Lord|Aqua Jet|p1a: Fucking Furry\n|-supereffective|p1a: Fucking Furry\n|-damage|p1a: Fucking Furry|0 fnt\n|faint|p1a: Fucking Furry\n|\n|-weather|none\n|upkeep\n|\n|t:|1699158486\n|switch|p1a: Active Kidnapper|Toxapex, M, shiny|100\/100\n|-damage|p1a: Active Kidnapper|88\/100|[from] Stealth Rock\n|turn|13\n|inactive|Jayrox41 has 270 seconds left.\n|\n|t:|1699158526\n|move|p1a: Active Kidnapper|Baneful Bunker|p1a: Active Kidnapper\n|-singleturn|p1a: Active Kidnapper|move: Protect\n|move|p2a: Our Lord|Knock Off|p1a: Active Kidnapper\n|-activate|p1a: Active Kidnapper|move: Protect\n|-status|p2a: Our Lord|psn\n|\n|-heal|p1a: Active Kidnapper|94\/100|[from] item: Black Sludge\n|-damage|p2a: Our Lord|51\/100 psn|[from] psn\n|upkeep\n|turn|14\n|inactive|fv8hd has 270 seconds left.\n|\n|t:|1699158559\n|move|p2a: Our Lord|Knock Off|p1a: Active Kidnapper\n|-damage|p1a: Active Kidnapper|1\/100\n|-enditem|p1a: Active Kidnapper|Black Sludge|[from] move: Knock Off|[of] p2a: Our Lord\n|move|p1a: Active Kidnapper|Recover|p1a: Active Kidnapper\n|-heal|p1a: Active Kidnapper|51\/100\n|\n|-damage|p2a: Our Lord|39\/100 psn|[from] psn\n|upkeep\n|turn|15\n|inactive|fv8hd has 270 seconds left.\n|\n|t:|1699158575\n|move|p1a: Active Kidnapper|Baneful Bunker|p1a: Active Kidnapper\n|-singleturn|p1a: Active Kidnapper|move: Protect\n|move|p2a: Our Lord|Play Rough|p1a: Active Kidnapper\n|-activate|p1a: Active Kidnapper|move: Protect\n|\n|-damage|p2a: Our Lord|26\/100 psn|[from] psn\n|upkeep\n|turn|16\n|inactive|fv8hd has 270 seconds left.\n|\n|t:|1699158608\n|switch|p1a: Shingles|Kommo-o, F, shiny|88\/100\n|-damage|p1a: Shingles|82\/100|[from] Stealth Rock\n|move|p2a: Our Lord|Play Rough|p1a: Shingles\n|-supereffective|p1a: Shingles\n|-damage|p1a: Shingles|0 fnt\n|faint|p1a: Shingles\n|\n|-damage|p2a: Our Lord|14\/100 psn|[from] psn\n|upkeep\n|\n|t:|1699158615\n|switch|p1a: Active Kidnapper|Toxapex, M, shiny|84\/100\n|-damage|p1a: Active Kidnapper|72\/100|[from] Stealth Rock\n|turn|17\n|inactive|Jayrox41 has 270 seconds left.\n|\n|t:|1699158636\n|switch|p2a: The Devil Himself|Smeargle, M|50\/100\n|move|p1a: Active Kidnapper|Baneful Bunker||[still]\n|-fail|p1a: Active Kidnapper\n|\n|upkeep\n|turn|18\n|\n|t:|1699158657\n|move|p2a: The Devil Himself|Nuzzle|p1a: Active Kidnapper\n|-supereffective|p1a: Active Kidnapper\n|-damage|p1a: Active Kidnapper|69\/100\n|-status|p1a: Active Kidnapper|par\n|move|p1a: Active Kidnapper|Toxic|p2a: The Devil Himself\n|-status|p2a: The Devil Himself|tox\n|\n|-damage|p2a: The Devil Himself|44\/100 tox|[from] psn\n|upkeep\n|turn|19\n|inactive|Jayrox41 has 240 seconds left.\n|\n|t:|1699158679\n|switch|p2a: Elvis|Espeon, M|100\/100\n|move|p1a: Active Kidnapper|Recover|p1a: Active Kidnapper\n|-heal|p1a: Active Kidnapper|100\/100 par\n|\n|upkeep\n|turn|20\n|inactive|Jayrox41 has 240 seconds left.\n|\n|t:|1699158709\n|-terastallize|p2a: Elvis|Psychic\n|move|p2a: Elvis|Psychic|p1a: Active Kidnapper\n|-supereffective|p1a: Active Kidnapper\n|-damage|p1a: Active Kidnapper|0 fnt\n|faint|p1a: Active Kidnapper\n|\n|upkeep\n|inactive|fv8hd has 240 seconds left.\n|\n|t:|1699158719\n|switch|p1a: Special Needs|Drampa, M, shiny|100\/100\n|-damage|p1a: Special Needs|88\/100|[from] Stealth Rock\n|turn|21\n|\n|t:|1699158727\n|move|p2a: Elvis|Psychic|p1a: Special Needs\n|-damage|p1a: Special Needs|0 fnt\n|faint|p1a: Special Needs\n|\n|upkeep\n|\n|t:|1699158731\n|switch|p1a: Actual Paper Cut|Kartana, shiny|94\/100\n|-damage|p1a: Actual Paper Cut|88\/100|[from] Stealth Rock\n|turn|22\n|\n|t:|1699158740\n|-terastallize|p1a: Actual Paper Cut|Grass\n|move|p2a: Elvis|Psychic|p1a: Actual Paper Cut\n|-damage|p1a: Actual Paper Cut|0 fnt\n|faint|p1a: Actual Paper Cut\n|\n|win|Jayrox41\n","uploadtime":1699158760,"views":16,"p1id":"fv8hd","p2id":"jayrox41","formatid":"gen9nationaldexubers","rating":0,"private":0,"password":""}