{"id":"gen9nationaldexubers-1985814640","p1":"JDkot","p2":"ShriveledMonkey","format":"[Gen 9] National Dex Ubers","log":"|j|\u2606JDkot\n|j|\u2606ShriveledMonkey\n|t:|1699409053\n|gametype|singles\n|player|p1|JDkot|cynthia|1214\n|player|p2|ShriveledMonkey|1|1114\n|teamsize|p1|6\n|teamsize|p2|6\n|gen|9\n|tier|[Gen 9] National Dex Ubers\n|rated|\n|rule|HP Percentage Mod: HP is shown in percentages\n|rule|Endless Battle Clause: Forcing endless battles is banned\n|rule|OHKO Clause: OHKO moves are banned\n|rule|Evasion Moves Clause: Evasion moves are banned\n|rule|Evasion Items Clause: Evasion items are banned\n|rule|Species Clause: Limit one of each Pok\u00e9mon\n|rule|Sleep Clause Mod: Limit one foe put to sleep\n|rule|Mega Rayquaza Clause: You cannot mega evolve Rayquaza\n|clearpoke\n|poke|p1|Regidrago|\n|poke|p1|Dragapult, M|\n|poke|p1|Cinderace, F|\n|poke|p1|Urshifu-*, F|\n|poke|p1|Rillaboom, M|\n|poke|p1|Sneasler, M|\n|poke|p2|Kleavor, F|\n|poke|p2|Rabsca, F|\n|poke|p2|Gourgeist-*, F|\n|poke|p2|Ludicolo, F|\n|poke|p2|Lucario, M|\n|poke|p2|Torkoal, F|\n|teampreview\n|\n|t:|1699409062\n|start\n|switch|p1a: Regidrago|Regidrago|100\/100\n|switch|p2a: Rabsca|Rabsca, F|100\/100\n|turn|1\n|\n|t:|1699409077\n|move|p1a: Regidrago|Dragon Dance|p1a: Regidrago\n|-boost|p1a: Regidrago|atk|1\n|-boost|p1a: Regidrago|spe|1\n|move|p2a: Rabsca|Trick Room|p2a: Rabsca\n|-fieldstart|move: Trick Room|[of] p2a: Rabsca\n|\n|upkeep\n|turn|2\n|\n|t:|1699409100\n|switch|p2a: Ludicolo|Ludicolo, F|100\/100\n|switch|p1a: Cinderace|Cinderace, F|100\/100\n|\n|upkeep\n|turn|3\n|\n|t:|1699409112\n|switch|p1a: Rillaboom|Rillaboom, M, shiny|100\/100\n|-fieldstart|move: Grassy Terrain|[from] ability: Grassy Surge|[of] p1a: Rillaboom\n|move|p2a: Ludicolo|Hydro Pump|p1a: Rillaboom\n|-resisted|p1a: Rillaboom\n|-damage|p1a: Rillaboom|66\/100\n|-damage|p2a: Ludicolo|91\/100|[from] item: Life Orb\n|\n|-heal|p1a: Rillaboom|72\/100|[from] Grassy Terrain\n|-heal|p1a: Rillaboom|78\/100|[from] item: Leftovers\n|-heal|p2a: Ludicolo|97\/100|[from] Grassy Terrain\n|upkeep\n|turn|4\n|\n|t:|1699409124\n|move|p1a: Rillaboom|Swords Dance|p1a: Rillaboom\n|-boost|p1a: Rillaboom|atk|2\n|move|p2a: Ludicolo|Ice Beam|p1a: Rillaboom\n|-supereffective|p1a: Rillaboom\n|-damage|p1a: Rillaboom|0 fnt\n|faint|p1a: Rillaboom\n|-damage|p2a: Ludicolo|87\/100|[from] item: Life Orb\n|\n|-heal|p2a: Ludicolo|93\/100|[from] Grassy Terrain\n|upkeep\n|\n|t:|1699409136\n|switch|p1a: Sneasler|Sneasler, M|100\/100\n|-enditem|p1a: Sneasler|Grassy Seed\n|-boost|p1a: Sneasler|def|1|[from] item: Grassy Seed\n|turn|5\n|\n|t:|1699409146\n|move|p2a: Ludicolo|Hydro Pump|p1a: Sneasler\n|-damage|p1a: Sneasler|6\/100\n|-damage|p2a: Ludicolo|83\/100|[from] item: Life Orb\n|move|p1a: Sneasler|Swords Dance|p1a: Sneasler\n|-boost|p1a: Sneasler|atk|2\n|\n|-heal|p2a: Ludicolo|89\/100|[from] Grassy Terrain\n|-heal|p1a: Sneasler|12\/100|[from] Grassy Terrain\n|-fieldend|move: Trick Room\n|upkeep\n|turn|6\n|\n|t:|1699409159\n|move|p1a: Sneasler|Acrobatics|p2a: Ludicolo\n|-supereffective|p2a: Ludicolo\n|-damage|p2a: Ludicolo|0 fnt\n|faint|p2a: Ludicolo\n|\n|-heal|p1a: Sneasler|18\/100|[from] Grassy Terrain\n|upkeep\n|\n|t:|1699409166\n|switch|p2a: Lucario|Lucario, M|100\/100\n|turn|7\n|\n|t:|1699409174\n|detailschange|p2a: Lucario|Lucario-Mega, M\n|-mega|p2a: Lucario|Lucario|Lucarionite\n|move|p2a: Lucario|Bullet Punch|p1a: Sneasler\n|-damage|p1a: Sneasler|0 fnt\n|faint|p1a: Sneasler\n|\n|-fieldend|move: Grassy Terrain\n|upkeep\n|\n|t:|1699409182\n|switch|p1a: Cinderace|Cinderace, F|100\/100\n|turn|8\n|\n|t:|1699409189\n|switch|p2a: Torkoal|Torkoal, F|100\/100\n|-weather|SunnyDay|[from] ability: Drought|[of] p2a: Torkoal\n|move|p1a: Cinderace|Pyro Ball|p2a: Torkoal\n|-resisted|p2a: Torkoal\n|-damage|p2a: Torkoal|70\/100\n|\n|-weather|SunnyDay|[upkeep]\n|upkeep\n|turn|9\n|\n|t:|1699409197\n|move|p1a: Cinderace|U-turn|p2a: Torkoal\n|-start|p1a: Cinderace|typechange|Bug|[from] ability: Libero\n|-resisted|p2a: Torkoal\n|-damage|p2a: Torkoal|59\/100\n|\n|t:|1699409202\n|switch|p1a: Regidrago|Regidrago|100\/100|[from] U-turn\n|move|p2a: Torkoal|Yawn|p1a: Regidrago\n|-start|p1a: Regidrago|move: Yawn|[of] p2a: Torkoal\n|\n|-weather|SunnyDay|[upkeep]\n|upkeep\n|turn|10\n|\n|t:|1699409220\n|switch|p1a: Urshifu|Urshifu-Rapid-Strike, F|100\/100\n|move|p2a: Torkoal|Earth Power|p1a: Urshifu\n|-damage|p1a: Urshifu|63\/100\n|\n|-weather|SunnyDay|[upkeep]\n|upkeep\n|turn|11\n|\n|t:|1699409232\n|move|p1a: Urshifu|Surging Strikes|p2a: Torkoal\n|-supereffective|p2a: Torkoal\n|-crit|p2a: Torkoal\n|-damage|p2a: Torkoal|37\/100\n|-supereffective|p2a: Torkoal\n|-crit|p2a: Torkoal\n|-damage|p2a: Torkoal|14\/100\n|-supereffective|p2a: Torkoal\n|-crit|p2a: Torkoal\n|-damage|p2a: Torkoal|0 fnt\n|faint|p2a: Torkoal\n|-hitcount|p2: Torkoal|3\n|\n|-weather|SunnyDay|[upkeep]\n|upkeep\n|\n|t:|1699409245\n|switch|p2a: Rabsca|Rabsca, F|100\/100\n|turn|12\n|\n|t:|1699409252\n|move|p1a: Urshifu|Surging Strikes|p2a: Rabsca\n|-crit|p2a: Rabsca\n|-damage|p2a: Rabsca|84\/100\n|-crit|p2a: Rabsca\n|-damage|p2a: Rabsca|66\/100\n|-crit|p2a: Rabsca\n|-damage|p2a: Rabsca|51\/100\n|-hitcount|p2a: Rabsca|3\n|move|p2a: Rabsca|Trick Room|p2a: Rabsca\n|-fieldstart|move: Trick Room|[of] p2a: Rabsca\n|\n|-weather|none\n|upkeep\n|turn|13\n|\n|t:|1699409261\n|switch|p1a: Cinderace|Cinderace, F|100\/100\n|move|p2a: Rabsca|Recover|p2a: Rabsca\n|-heal|p2a: Rabsca|100\/100\n|\n|upkeep\n|turn|14\n|\n|t:|1699409268\n|move|p2a: Rabsca|Earth Power|p1a: Cinderace\n|-supereffective|p1a: Cinderace\n|-damage|p1a: Cinderace|16\/100\n|move|p1a: Cinderace|Pyro Ball|p2a: Rabsca\n|-supereffective|p2a: Rabsca\n|-damage|p2a: Rabsca|0 fnt\n|faint|p2a: Rabsca\n|\n|upkeep\n|\n|t:|1699409275\n|switch|p2a: Lucario|Lucario-Mega, M|100\/100\n|turn|15\n|\n|t:|1699409279\n|move|p2a: Lucario|Bullet Punch|p1a: Cinderace\n|-resisted|p1a: Cinderace\n|-damage|p1a: Cinderace|0 fnt\n|faint|p1a: Cinderace\n|\n|upkeep\n|\n|t:|1699409286\n|switch|p1a: Urshifu|Urshifu-Rapid-Strike, F|63\/100\n|turn|16\n|\n|t:|1699409295\n|move|p1a: Urshifu|Surging Strikes|p2a: Lucario\n|-crit|p2a: Lucario\n|-damage|p2a: Lucario|62\/100\n|-crit|p2a: Lucario\n|-damage|p2a: Lucario|25\/100\n|-crit|p2a: Lucario\n|-damage|p2a: Lucario|0 fnt\n|faint|p2a: Lucario\n|-hitcount|p2: Lucario|3\n|\n|-fieldend|move: Trick Room\n|upkeep\n|\n|t:|1699409304\n|switch|p2a: Gourgeist|Gourgeist-Small, F|100\/100\n|-item|p1a: Urshifu|Choice Band|[from] ability: Frisk|[of] p2a: Gourgeist|[identify]\n|turn|17\n|\n|t:|1699409312\n|switch|p1a: Regidrago|Regidrago|100\/100\n|move|p2a: Gourgeist|Will-O-Wisp|p1a: Regidrago\n|-status|p1a: Regidrago|brn\n|\n|-damage|p1a: Regidrago|94\/100 brn|[from] brn\n|upkeep\n|turn|18\n|\n|t:|1699409322\n|move|p1a: Regidrago|Scale Shot|p2a: Gourgeist|[miss]\n|-miss|p1a: Regidrago|p2a: Gourgeist\n|move|p2a: Gourgeist|Leech Seed|p1a: Regidrago|[miss]\n|-miss|p2a: Gourgeist|p1a: Regidrago\n|\n|-damage|p1a: Regidrago|88\/100 brn|[from] brn\n|upkeep\n|turn|19\n|\n|t:|1699409336\n|move|p1a: Regidrago|Scale Shot|p2a: Gourgeist\n|-damage|p2a: Gourgeist|95\/100\n|-damage|p2a: Gourgeist|89\/100\n|-damage|p2a: Gourgeist|84\/100\n|-damage|p2a: Gourgeist|78\/100\n|-damage|p2a: Gourgeist|72\/100\n|-hitcount|p2a: Gourgeist|5\n|-unboost|p1a: Regidrago|def|1\n|-boost|p1a: Regidrago|spe|1\n|move|p2a: Gourgeist|Leech Seed|p1a: Regidrago\n|-start|p1a: Regidrago|move: Leech Seed\n|\n|-heal|p2a: Gourgeist|79\/100|[from] item: Leftovers\n|-damage|p1a: Regidrago|76\/100 brn|[from] Leech Seed|[of] p2a: Gourgeist\n|-heal|p2a: Gourgeist|99\/100|[silent]\n|-damage|p1a: Regidrago|70\/100 brn|[from] brn\n|upkeep\n|turn|20\n|\n|t:|1699409354\n|move|p1a: Regidrago|Dragon Dance|p1a: Regidrago\n|-boost|p1a: Regidrago|atk|1\n|-boost|p1a: Regidrago|spe|1\n|move|p2a: Gourgeist|Foul Play|p1a: Regidrago\n|-damage|p1a: Regidrago|4\/100 brn\n|\n|-heal|p2a: Gourgeist|100\/100|[from] item: Leftovers\n|-damage|p1a: Regidrago|0 fnt|[from] Leech Seed|[of] p2a: Gourgeist\n|faint|p1a: Regidrago\n|upkeep\n|\n|t:|1699409363\n|switch|p1a: Dragapult|Dragapult, M, shiny|100\/100\n|turn|21\n|\n|t:|1699409368\n|-terastallize|p2a: Gourgeist|Dark\n|move|p1a: Dragapult|Shadow Ball|p2a: Gourgeist\n|-resisted|p2a: Gourgeist\n|-crit|p2a: Gourgeist\n|-damage|p2a: Gourgeist|47\/100\n|move|p2a: Gourgeist|Will-O-Wisp|p1a: Dragapult\n|-status|p1a: Dragapult|brn\n|\n|-heal|p2a: Gourgeist|53\/100|[from] item: Leftovers\n|-damage|p1a: Dragapult|95\/100 brn|[from] brn\n|upkeep\n|turn|22\n|\n|t:|1699409379\n|move|p1a: Dragapult|Shadow Ball|p2a: Gourgeist\n|-resisted|p2a: Gourgeist\n|-damage|p2a: Gourgeist|17\/100\n|move|p2a: Gourgeist|Leech Seed|p1a: Dragapult|[miss]\n|-miss|p2a: Gourgeist|p1a: Dragapult\n|\n|-heal|p2a: Gourgeist|23\/100|[from] item: Leftovers\n|-damage|p1a: Dragapult|89\/100 brn|[from] brn\n|upkeep\n|turn|23\n|\n|t:|1699409391\n|move|p1a: Dragapult|Shadow Ball|p2a: Gourgeist\n|-resisted|p2a: Gourgeist\n|-damage|p2a: Gourgeist|0 fnt\n|faint|p2a: Gourgeist\n|\n|-damage|p1a: Dragapult|83\/100 brn|[from] brn\n|upkeep\n|\n|t:|1699409398\n|switch|p2a: Kleavor|Kleavor, F|100\/100\n|turn|24\n|\n|t:|1699409407\n|switch|p1a: Urshifu|Urshifu-Rapid-Strike, F|63\/100\n|move|p2a: Kleavor|X-Scissor|p1a: Urshifu\n|-resisted|p1a: Urshifu\n|-damage|p1a: Urshifu|30\/100\n|\n|upkeep\n|turn|25\n|inactive|Battle timer is ON: inactive players will automatically lose when time's up. (requested by ShriveledMonkey)\n|\n|t:|1699409456\n|move|p2a: Kleavor|X-Scissor|p1a: Urshifu\n|-resisted|p1a: Urshifu\n|-damage|p1a: Urshifu|0 fnt\n|faint|p1a: Urshifu\n|\n|upkeep\n|\n|t:|1699409460\n|switch|p1a: Dragapult|Dragapult, M, shiny|83\/100 brn\n|turn|26\n|\n|t:|1699409464\n|move|p2a: Kleavor|X-Scissor|p1a: Dragapult\n|-resisted|p1a: Dragapult\n|-damage|p1a: Dragapult|36\/100 brn\n|move|p1a: Dragapult|Scald|p2a: Kleavor\n|-supereffective|p2a: Kleavor\n|-damage|p2a: Kleavor|0 fnt\n|faint|p2a: Kleavor\n|\n|win|JDkot\n|raw|JDkot's rating: 1214 &rarr; <strong>1232<\/strong><br \/>(+18 for winning)\n|raw|ShriveledMonkey's rating: 1114 &rarr; <strong>1096<\/strong><br \/>(-18 for losing)\n|c|\u2606ShriveledMonkey|gg\n","uploadtime":1699409476,"views":5,"p1id":"jdkot","p2id":"shriveledmonkey","formatid":"gen9nationaldexubers","rating":1096,"private":0,"password":""}