{"id":"gen9nationaldexubers-1992695500","p1":"iluvtrickroom","p2":"Adheen010","format":"[Gen 9] National Dex Ubers","log":"|j|\u2606iluvtrickroom\n|j|\u2606Adheen010\n|t:|1700226246\n|gametype|singles\n|player|p1|iluvtrickroom|hilda|1040\n|player|p2|Adheen010|riley|1042\n|teamsize|p1|6\n|teamsize|p2|6\n|gen|9\n|tier|[Gen 9] National Dex Ubers\n|rated|\n|rule|HP Percentage Mod: HP is shown in percentages\n|rule|Endless Battle Clause: Forcing endless battles is banned\n|rule|OHKO Clause: OHKO moves are banned\n|rule|Evasion Moves Clause: Evasion moves are banned\n|rule|Evasion Items Clause: Evasion items are banned\n|rule|Species Clause: Limit one of each Pok\u00e9mon\n|rule|Sleep Clause Mod: Limit one foe put to sleep\n|rule|Mega Rayquaza Clause: You cannot mega evolve Rayquaza\n|clearpoke\n|poke|p1|Ferrothorn, F|\n|poke|p1|Eternatus|\n|poke|p1|Meowscarada, M|\n|poke|p1|Ogerpon-Hearthflame, F|\n|poke|p1|Nihilego|\n|poke|p1|Scizor, M|\n|poke|p2|Kyogre|\n|poke|p2|Iron Bundle|\n|poke|p2|Pelipper, F|\n|poke|p2|Zapdos|\n|poke|p2|Swampert, M|\n|poke|p2|Rotom-Wash|\n|teampreview\n|\n|t:|1700226264\n|start\n|switch|p1a: Scizor|Scizor, M|100\/100\n|switch|p2a: Pelipper|Pelipper, F|100\/100\n|-weather|RainDance|[from] ability: Drizzle|[of] p2a: Pelipper\n|turn|1\n|\n|t:|1700226278\n|detailschange|p1a: Scizor|Scizor-Mega, M\n|-mega|p1a: Scizor|Scizor|Scizorite\n|move|p1a: Scizor|Dual Wingbeat|p2a: Pelipper\n|-damage|p2a: Pelipper|74\/100\n|-damage|p2a: Pelipper|48\/100\n|-hitcount|p2a: Pelipper|2\n|move|p2a: Pelipper|Hurricane|p1a: Scizor\n|-damage|p1a: Scizor|51\/100\n|\n|-weather|RainDance|[upkeep]\n|upkeep\n|turn|2\n|\n|t:|1700226288\n|move|p1a: Scizor|Dual Wingbeat|p2a: Pelipper\n|-damage|p2a: Pelipper|18\/100\n|-crit|p2a: Pelipper\n|-damage|p2a: Pelipper|0 fnt\n|faint|p2a: Pelipper\n|-hitcount|p2: Pelipper|2\n|\n|-weather|RainDance|[upkeep]\n|upkeep\n|\n|t:|1700226297\n|switch|p2a: Zapdos|Zapdos|100\/100\n|turn|3\n|\n|t:|1700226307\n|switch|p1a: Eternatus|Eternatus|100\/100\n|-ability|p1a: Eternatus|Pressure\n|move|p2a: Zapdos|Hurricane|p1a: Eternatus\n|-damage|p1a: Eternatus|69\/100\n|-start|p1a: Eternatus|confusion\n|\n|-weather|RainDance|[upkeep]\n|-heal|p1a: Eternatus|75\/100|[from] item: Leftovers\n|upkeep\n|turn|4\n|\n|t:|1700226322\n|-activate|p1a: Eternatus|confusion\n|-damage|p1a: Eternatus|71\/100|[from] confusion\n|move|p2a: Zapdos|Thunder|p1a: Eternatus\n|-resisted|p1a: Eternatus\n|-damage|p1a: Eternatus|56\/100\n|\n|-weather|RainDance|[upkeep]\n|-heal|p1a: Eternatus|63\/100|[from] item: Leftovers\n|upkeep\n|turn|5\n|\n|t:|1700226330\n|-activate|p1a: Eternatus|confusion\n|-damage|p1a: Eternatus|58\/100|[from] confusion\n|move|p2a: Zapdos|Hurricane|p1a: Eternatus\n|-damage|p1a: Eternatus|29\/100\n|\n|-weather|RainDance|[upkeep]\n|-heal|p1a: Eternatus|35\/100|[from] item: Leftovers\n|upkeep\n|turn|6\n|c|\u2606iluvtrickroom|rain rain go away come again another day\n|\n|t:|1700226340\n|-activate|p1a: Eternatus|confusion\n|move|p1a: Eternatus|Recover|p1a: Eternatus\n|-heal|p1a: Eternatus|85\/100\n|move|p2a: Zapdos|Hurricane|p1a: Eternatus\n|-damage|p1a: Eternatus|53\/100\n|\n|-weather|RainDance|[upkeep]\n|-heal|p1a: Eternatus|59\/100|[from] item: Leftovers\n|upkeep\n|turn|7\n|\n|t:|1700226351\n|switch|p2a: Iron Bundle|Iron Bundle|100\/100\n|-enditem|p2a: Iron Bundle|Booster Energy\n|-activate|p2a: Iron Bundle|ability: Quark Drive|[fromitem]\n|-start|p2a: Iron Bundle|quarkdrivespe\n|-end|p1a: Eternatus|confusion\n|move|p1a: Eternatus|Toxic|p2a: Iron Bundle\n|-status|p2a: Iron Bundle|tox\n|\n|-weather|RainDance|[upkeep]\n|-heal|p1a: Eternatus|66\/100|[from] item: Leftovers\n|-damage|p2a: Iron Bundle|95\/100 tox|[from] psn\n|upkeep\n|turn|8\n|\n|t:|1700226369\n|move|p2a: Iron Bundle|Freeze-Dry|p1a: Eternatus\n|-supereffective|p1a: Eternatus\n|-damage|p1a: Eternatus|14\/100\n|move|p1a: Eternatus|Dynamax Cannon|p2a: Iron Bundle\n|-damage|p2a: Iron Bundle|6\/100 tox\n|\n|-weather|none\n|-heal|p1a: Eternatus|21\/100|[from] item: Leftovers\n|-damage|p2a: Iron Bundle|0 fnt|[from] psn\n|faint|p2a: Iron Bundle\n|-end|p2a: Iron Bundle|Quark Drive|[silent]\n|upkeep\n|\n|t:|1700226379\n|switch|p2a: Kyogre|Kyogre, shiny|100\/100\n|detailschange|p2a: Kyogre|Kyogre-Primal, shiny\n|-primal|p2a: Kyogre|Blue Orb\n|-weather|PrimordialSea|[from] ability: Primordial Sea|[of] p2a: Kyogre\n|turn|9\n|\n|t:|1700226390\n|move|p2a: Kyogre|Protect|p2a: Kyogre\n|-singleturn|p2a: Kyogre|Protect\n|move|p1a: Eternatus|Recover|p1a: Eternatus\n|-heal|p1a: Eternatus|71\/100\n|\n|-weather|PrimordialSea|[upkeep]\n|-heal|p1a: Eternatus|77\/100|[from] item: Leftovers\n|upkeep\n|turn|10\n|\n|t:|1700226400\n|move|p1a: Eternatus|Cosmic Power|p1a: Eternatus\n|-boost|p1a: Eternatus|def|1\n|-boost|p1a: Eternatus|spd|1\n|move|p2a: Kyogre|Ice Beam|p1a: Eternatus\n|-supereffective|p1a: Eternatus\n|-damage|p1a: Eternatus|37\/100\n|\n|-weather|PrimordialSea|[upkeep]\n|-heal|p1a: Eternatus|43\/100|[from] item: Leftovers\n|upkeep\n|turn|11\n|-message|Adheen010 forfeited.\n|\n|win|iluvtrickroom\n|raw|iluvtrickroom's rating: 1040 &rarr; <strong>1074<\/strong><br \/>(+34 for winning)\n|raw|Adheen010's rating: 1042 &rarr; <strong>1026<\/strong><br \/>(-16 for losing)\n|l|\u2606Adheen010\n","uploadtime":1700226416,"views":12,"p1id":"iluvtrickroom","p2id":"adheen010","formatid":"gen9nationaldexubers","rating":1026,"private":0,"password":""}