{"id":"gen9nationaldexubers-1992245887","p1":"free vega","p2":"QueenLilith<3","format":"[Gen 9] National Dex Ubers","log":"|j|\u2606free vega\n|j|\u2606QueenLilith<3\n|t:|1700167298\n|gametype|singles\n|player|p1|free vega|ingo|1040\n|player|p2|QueenLilith<3|clair|1036\n|teamsize|p1|6\n|teamsize|p2|6\n|gen|9\n|tier|[Gen 9] National Dex Ubers\n|rated|\n|rule|HP Percentage Mod: HP is shown in percentages\n|rule|Endless Battle Clause: Forcing endless battles is banned\n|rule|OHKO Clause: OHKO moves are banned\n|rule|Evasion Moves Clause: Evasion moves are banned\n|rule|Evasion Items Clause: Evasion items are banned\n|rule|Species Clause: Limit one of each Pok\u00e9mon\n|rule|Sleep Clause Mod: Limit one foe put to sleep\n|rule|Mega Rayquaza Clause: You cannot mega evolve Rayquaza\n|clearpoke\n|poke|p1|Metagross|\n|poke|p1|Cinderace, F|\n|poke|p1|Toxapex, F|\n|poke|p1|Gyarados, M|\n|poke|p1|Gengar, M|\n|poke|p1|Salamence, M|\n|poke|p2|Durant, F|\n|poke|p2|Dugtrio, M|\n|poke|p2|Dondozo, M|\n|poke|p2|Aron, L1, F|\n|poke|p2|Tyranitar, F|\n|poke|p2|Ninjask, F|\n|teampreview\n|inactive|Battle timer is ON: inactive players will automatically lose when time's up. (requested by QueenLilith<3)\n|\n|t:|1700167323\n|start\n|switch|p1a: Leviator|Gyarados, M, shiny|100\/100\n|switch|p2a: Durant|Durant, F|100\/100\n|turn|1\n|\n|t:|1700167329\n|move|p2a: Durant|Entrainment|p1a: Leviator\n|-endability|p1a: Leviator|Moxie|[from] move: Entrainment\n|-ability|p1a: Leviator|Truant|[from] move: Entrainment\n|move|p1a: Leviator|Taunt|p2a: Durant\n|-start|p2a: Durant|move: Taunt\n|\n|upkeep\n|turn|2\n|\n|t:|1700167339\n|switch|p2a: Dugtrio|Dugtrio, M|100\/100\n|switch|p1a: Metagross|Metagross|100\/100\n|\n|upkeep\n|turn|3\n|\n|t:|1700167356\n|switch|p2a: Durant|Durant, F|100\/100\n|move|p1a: Metagross|Agility|p1a: Metagross\n|-boost|p1a: Metagross|spe|2\n|\n|upkeep\n|turn|4\n|\n|t:|1700167359\n|move|p1a: Metagross|Earthquake|p2a: Durant\n|-damage|p2a: Durant|55\/100\n|move|p2a: Durant|Entrainment|p1a: Metagross\n|-endability|p1a: Metagross|Clear Body|[from] move: Entrainment\n|-ability|p1a: Metagross|Truant|[from] move: Entrainment\n|\n|upkeep\n|turn|5\n|\n|t:|1700167372\n|switch|p1a: Cinderace|Cinderace, F, shiny|100\/100\n|cant|p2a: Durant|ability: Truant\n|\n|upkeep\n|turn|6\n|\n|t:|1700167381\n|switch|p2a: Dondozo|Dondozo, M|100\/100\n|move|p1a: Cinderace|Pyro Ball|p2a: Dondozo\n|-resisted|p2a: Dondozo\n|-damage|p2a: Dondozo|74\/100\n|-damage|p1a: Cinderace|91\/100|[from] item: Life Orb\n|\n|-heal|p2a: Dondozo|80\/100|[from] item: Leftovers\n|upkeep\n|turn|7\n|\n|t:|1700167388\n|move|p1a: Cinderace|Gunk Shot|p2a: Dondozo\n|-start|p1a: Cinderace|typechange|Poison|[from] ability: Libero\n|-damage|p2a: Dondozo|30\/100\n|-status|p2a: Dondozo|psn\n|-damage|p1a: Cinderace|81\/100|[from] item: Life Orb\n|move|p2a: Dondozo|Curse|p2a: Dondozo\n|-unboost|p2a: Dondozo|spe|1\n|-boost|p2a: Dondozo|atk|1\n|-boost|p2a: Dondozo|def|1\n|\n|-heal|p2a: Dondozo|36\/100 psn|[from] item: Leftovers\n|-damage|p2a: Dondozo|23\/100 psn|[from] psn\n|upkeep\n|turn|8\n|\n|t:|1700167397\n|move|p1a: Cinderace|Gunk Shot|p2a: Dondozo\n|-damage|p2a: Dondozo|0 fnt\n|faint|p2a: Dondozo\n|-damage|p1a: Cinderace|71\/100|[from] item: Life Orb\n|\n|upkeep\n|\n|t:|1700167417\n|switch|p2a: Dugtrio|Dugtrio, M|100\/100\n|turn|9\n|\n|t:|1700167430\n|move|p2a: Dugtrio|Earthquake|p1a: Cinderace\n|-supereffective|p1a: Cinderace\n|-damage|p1a: Cinderace|0 fnt\n|faint|p1a: Cinderace\n|-damage|p2a: Dugtrio|91\/100|[from] item: Life Orb\n|\n|upkeep\n|\n|t:|1700167433\n|switch|p1a: Desolator|Salamence, M, shiny|100\/100\n|-ability|p1a: Desolator|Intimidate|boost\n|-unboost|p2a: Dugtrio|atk|1\n|turn|10\n|\n|t:|1700167438\n|switch|p2a: Durant|Durant, F|55\/100\n|detailschange|p1a: Desolator|Salamence-Mega, M, shiny\n|-mega|p1a: Desolator|Salamence|Salamencite\n|move|p1a: Desolator|Hyper Beam|p2a: Durant\n|-damage|p2a: Durant|0 fnt\n|-mustrecharge|p1a: Desolator\n|faint|p2a: Durant\n|\n|upkeep\n|\n|t:|1700167447\n|switch|p2a: Dugtrio|Dugtrio, M|91\/100\n|turn|11\n|\n|t:|1700167449\n|move|p2a: Dugtrio|Body Slam|p1a: Desolator\n|-damage|p1a: Desolator|74\/100\n|-damage|p2a: Dugtrio|81\/100|[from] item: Life Orb\n|cant|p1a: Desolator|recharge\n|\n|upkeep\n|turn|12\n|\n|t:|1700167457\n|move|p1a: Desolator|Hyper Beam|p2a: Dugtrio\n|-damage|p2a: Dugtrio|0 fnt\n|-mustrecharge|p1a: Desolator\n|faint|p2a: Dugtrio\n|\n|upkeep\n|\n|t:|1700167461\n|switch|p2a: Ninjask|Ninjask, F|100\/100\n|turn|13\n|\n|t:|1700167464\n|move|p2a: Ninjask|Acrobatics|p1a: Desolator\n|-damage|p1a: Desolator|37\/100\n|cant|p1a: Desolator|recharge\n|\n|-ability|p2a: Ninjask|Speed Boost|boost\n|-boost|p2a: Ninjask|spe|1\n|upkeep\n|turn|14\n|\n|t:|1700167469\n|switch|p1a: Toxapex|Toxapex, F, shiny|100\/100\n|move|p2a: Ninjask|Protect||[still]\n|-fail|p2a: Ninjask\n|\n|-ability|p2a: Ninjask|Speed Boost|boost\n|-boost|p2a: Ninjask|spe|1\n|upkeep\n|turn|15\n|\n|t:|1700167475\n|move|p2a: Ninjask|Acrobatics|p1a: Toxapex\n|-damage|p1a: Toxapex|67\/100\n|move|p1a: Toxapex|Haze|p1a: Toxapex\n|-clearallboost\n|\n|-heal|p1a: Toxapex|73\/100|[from] item: Black Sludge\n|-ability|p2a: Ninjask|Speed Boost|boost\n|-boost|p2a: Ninjask|spe|1\n|upkeep\n|turn|16\n|\n|t:|1700167482\n|move|p2a: Ninjask|Acrobatics|p1a: Toxapex\n|-damage|p1a: Toxapex|38\/100\n|move|p1a: Toxapex|Toxic Spikes|p2a: Ninjask\n|-sidestart|p2: QueenLilith<3|move: Toxic Spikes\n|\n|-heal|p1a: Toxapex|44\/100|[from] item: Black Sludge\n|-ability|p2a: Ninjask|Speed Boost|boost\n|-boost|p2a: Ninjask|spe|1\n|upkeep\n|turn|17\n|\n|t:|1700167485\n|move|p2a: Ninjask|Acrobatics|p1a: Toxapex\n|-damage|p1a: Toxapex|9\/100\n|move|p1a: Toxapex|Recover|p1a: Toxapex\n|-heal|p1a: Toxapex|59\/100\n|\n|-heal|p1a: Toxapex|65\/100|[from] item: Black Sludge\n|-ability|p2a: Ninjask|Speed Boost|boost\n|-boost|p2a: Ninjask|spe|1\n|upkeep\n|turn|18\n|\n|t:|1700167488\n|move|p2a: Ninjask|Acrobatics|p1a: Toxapex\n|-damage|p1a: Toxapex|31\/100\n|move|p1a: Toxapex|Scald|p2a: Ninjask\n|-damage|p2a: Ninjask|66\/100\n|\n|-heal|p1a: Toxapex|37\/100|[from] item: Black Sludge\n|-ability|p2a: Ninjask|Speed Boost|boost\n|-boost|p2a: Ninjask|spe|1\n|upkeep\n|turn|19\n|\n|t:|1700167504\n|switch|p1a: Metagross|Metagross|100\/100\n|move|p2a: Ninjask|Defog|p1a: Metagross\n|-fail|p1a: Metagross|unboost|[from] ability: Clear Body|[of] p1a: Metagross\n|-sideend|p2: QueenLilith<3|Toxic Spikes|[from] move: Defog|[of] p2a: Ninjask\n|\n|-ability|p2a: Ninjask|Speed Boost|boost\n|-boost|p2a: Ninjask|spe|1\n|upkeep\n|turn|20\n|\n|t:|1700167515\n|move|p2a: Ninjask|U-turn|p1a: Metagross\n|-damage|p1a: Metagross|79\/100\n|\n|t:|1700167519\n|switch|p2a: Tyranitar|Tyranitar, F|100\/100|[from] U-turn\n|-weather|Sandstorm|[from] ability: Sand Stream|[of] p2a: Tyranitar\n|move|p1a: Metagross|Agility|p1a: Metagross\n|-boost|p1a: Metagross|spe|2\n|\n|-weather|Sandstorm|[upkeep]\n|upkeep\n|turn|21\n|\n|t:|1700167533\n|-terastallize|p1a: Metagross|Steel\n|move|p1a: Metagross|Meteor Mash|p2a: Tyranitar|[miss]\n|-miss|p1a: Metagross|p2a: Tyranitar\n|move|p2a: Tyranitar|Dragon Dance|p2a: Tyranitar\n|-boost|p2a: Tyranitar|atk|1\n|-boost|p2a: Tyranitar|spe|1\n|\n|-weather|Sandstorm|[upkeep]\n|upkeep\n|turn|22\n|\n|t:|1700167543\n|move|p1a: Metagross|Meteor Mash|p2a: Tyranitar|[miss]\n|-miss|p1a: Metagross|p2a: Tyranitar\n|move|p2a: Tyranitar|Dragon Dance|p2a: Tyranitar\n|-boost|p2a: Tyranitar|atk|1\n|-boost|p2a: Tyranitar|spe|1\n|\n|-weather|Sandstorm|[upkeep]\n|upkeep\n|turn|23\n|\n|t:|1700167545\n|move|p2a: Tyranitar|Dragon Dance|p2a: Tyranitar\n|-boost|p2a: Tyranitar|atk|1\n|-boost|p2a: Tyranitar|spe|1\n|move|p1a: Metagross|Earthquake|p2a: Tyranitar\n|-supereffective|p2a: Tyranitar\n|-damage|p2a: Tyranitar|26\/100\n|\n|-weather|Sandstorm|[upkeep]\n|upkeep\n|turn|24\n|\n|t:|1700167548\n|move|p2a: Tyranitar|Earthquake|p1a: Metagross\n|-supereffective|p1a: Metagross\n|-damage|p1a: Metagross|0 fnt\n|faint|p1a: Metagross\n|\n|-weather|Sandstorm|[upkeep]\n|upkeep\n|\n|t:|1700167559\n|switch|p1a: Leviator|Gyarados, M, shiny|100\/100\n|turn|25\n|\n|t:|1700167563\n|move|p2a: Tyranitar|Rock Slide|p1a: Leviator\n|-supereffective|p1a: Leviator\n|-damage|p1a: Leviator|0 fnt\n|faint|p1a: Leviator\n|\n|-weather|Sandstorm|[upkeep]\n|upkeep\n|n|\u2606free vega|freevega\n|inactive|free vega has 120 seconds left.\n|c|\u2606free vega|are you joking bro\n|\n|t:|1700167599\n|switch|p1a: Gengar|Gengar, M|100\/100\n|turn|26\n|\n|t:|1700167601\n|move|p2a: Tyranitar|Earthquake|p1a: Gengar\n|-supereffective|p1a: Gengar\n|-damage|p1a: Gengar|0 fnt\n|-start|p2a: Tyranitar|Disable|Earthquake|[from] ability: Cursed Body|[of] p1a: Gengar\n|faint|p1a: Gengar\n|\n|-weather|Sandstorm|[upkeep]\n|upkeep\n|\n|t:|1700167605\n|switch|p1a: Toxapex|Toxapex, F, shiny|70\/100\n|turn|27\n|\n|t:|1700167614\n|move|p2a: Tyranitar|Rock Slide|p1a: Toxapex\n|-damage|p1a: Toxapex|0 fnt\n|faint|p1a: Toxapex\n|\n|-weather|none\n|upkeep\n|\n|t:|1700167617\n|switch|p1a: Desolator|Salamence-Mega, M, shiny|37\/100\n|turn|28\n|\n|t:|1700167621\n|move|p2a: Tyranitar|Rock Slide|p1a: Desolator|[miss]\n|-miss|p2a: Tyranitar|p1a: Desolator\n|move|p1a: Desolator|Draco Meteor|p2a: Tyranitar\n|-damage|p2a: Tyranitar|0 fnt\n|-unboost|p1a: Desolator|spa|2\n|faint|p2a: Tyranitar\n|\n|upkeep\n|\n|t:|1700167629\n|switch|p2a: Aron|Aron, L1, F|100\/100\n|turn|29\n|\n|t:|1700167632\n|move|p1a: Desolator|Roost|p1a: Desolator\n|-heal|p1a: Desolator|87\/100\n|-singleturn|p1a: Desolator|move: Roost\n|move|p2a: Aron|Endeavor|p1a: Desolator\n|-damage|p1a: Desolator|4\/100\n|\n|upkeep\n|turn|30\n|\n|t:|1700167640\n|move|p1a: Desolator|Roost|p1a: Desolator\n|-heal|p1a: Desolator|54\/100\n|-singleturn|p1a: Desolator|move: Roost\n|move|p2a: Aron|Endeavor|p1a: Desolator\n|-damage|p1a: Desolator|4\/100\n|\n|upkeep\n|turn|31\n|\n|t:|1700167647\n|move|p1a: Desolator|Roost|p1a: Desolator\n|-heal|p1a: Desolator|54\/100\n|-singleturn|p1a: Desolator|move: Roost\n|move|p2a: Aron|Endeavor|p1a: Desolator\n|-damage|p1a: Desolator|4\/100\n|\n|upkeep\n|turn|32\n|\n|t:|1700167651\n|move|p1a: Desolator|Roost|p1a: Desolator\n|-heal|p1a: Desolator|54\/100\n|-singleturn|p1a: Desolator|move: Roost\n|move|p2a: Aron|Endeavor|p1a: Desolator\n|-damage|p1a: Desolator|4\/100\n|\n|upkeep\n|turn|33\n|\n|t:|1700167653\n|move|p1a: Desolator|Roost|p1a: Desolator\n|-heal|p1a: Desolator|54\/100\n|-singleturn|p1a: Desolator|move: Roost\n|move|p2a: Aron|Endeavor|p1a: Desolator\n|-damage|p1a: Desolator|4\/100\n|\n|upkeep\n|turn|34\n|\n|t:|1700167656\n|move|p1a: Desolator|Roost|p1a: Desolator\n|-heal|p1a: Desolator|54\/100\n|-singleturn|p1a: Desolator|move: Roost\n|move|p2a: Aron|Endeavor|p1a: Desolator\n|-damage|p1a: Desolator|4\/100\n|\n|upkeep\n|turn|35\n|\n|t:|1700167660\n|move|p1a: Desolator|Draco Meteor|p2a: Aron\n|-resisted|p2a: Aron\n|-ability|p2a: Aron|Sturdy\n|-damage|p2a: Aron|9\/100\n|-unboost|p1a: Desolator|spa|2\n|move|p2a: Aron|Endeavor|p1a: Desolator\n|-damage|p1a: Desolator|1\/100\n|-heal|p2a: Aron|17\/100|[from] item: Shell Bell|[of] p1a: Desolator\n|\n|upkeep\n|turn|36\n|\n|t:|1700167668\n|move|p1a: Desolator|Roost|p1a: Desolator\n|-heal|p1a: Desolator|51\/100\n|-singleturn|p1a: Desolator|move: Roost\n|move|p2a: Aron|Endeavor|p1a: Desolator\n|-damage|p1a: Desolator|1\/100\n|-heal|p2a: Aron|100\/100|[from] item: Shell Bell|[of] p1a: Desolator\n|\n|upkeep\n|turn|37\n|\n|t:|1700167681\n|switch|p2a: Ninjask|Ninjask, F|66\/100\n|move|p1a: Desolator|Draco Meteor|p2a: Ninjask\n|-damage|p2a: Ninjask|15\/100\n|-unboost|p1a: Desolator|spa|2\n|\n|upkeep\n|turn|38\n|\n|t:|1700167687\n|move|p2a: Ninjask|Acrobatics|p1a: Desolator\n|-damage|p1a: Desolator|0 fnt\n|faint|p1a: Desolator\n|\n|win|QueenLilith<3\n|raw|free vega's rating: 1040 &rarr; <strong>1024<\/strong><br \/>(-16 for losing)\n|raw|QueenLilith&lt;3's rating: 1036 &rarr; <strong>1071<\/strong><br \/>(+35 for winning)\n|l|\u2606free vega\n|c|\u2606QueenLilith<3|gg\n","uploadtime":1700167706,"views":11,"p1id":"freevega","p2id":"queenlilith3","formatid":"gen9nationaldexubers","rating":1024,"private":0,"password":""}