{"id":"gen9nationaldexubers-1996912284","p1":"Obito 2001","p2":"C0ld as Ice","format":"[Gen 9] National Dex Ubers","log":"|j|\u2606Obito 2001\n|j|\u2606C0ld as Ice\n|t:|1700743902\n|gametype|singles\n|player|p1|Obito 2001|blue-gen3two|1872\n|player|p2|C0ld as Ice|supernerd|1887\n|teamsize|p1|6\n|teamsize|p2|6\n|gen|9\n|tier|[Gen 9] National Dex Ubers\n|rated|\n|rule|HP Percentage Mod: HP is shown in percentages\n|rule|Endless Battle Clause: Forcing endless battles is banned\n|rule|OHKO Clause: OHKO moves are banned\n|rule|Evasion Moves Clause: Evasion moves are banned\n|rule|Evasion Items Clause: Evasion items are banned\n|rule|Species Clause: Limit one of each Pok\u00e9mon\n|rule|Sleep Clause Mod: Limit one foe put to sleep\n|rule|Mega Rayquaza Clause: You cannot mega evolve Rayquaza\n|clearpoke\n|poke|p1|Ditto|\n|poke|p1|Kingambit, M|\n|poke|p1|Necrozma-Dusk-Mane|\n|poke|p1|Marshadow|\n|poke|p1|Xerneas-*|\n|poke|p1|Arceus-Ground|\n|poke|p2|Marshadow|\n|poke|p2|Ho-Oh|\n|poke|p2|Necrozma-Dusk-Mane|\n|poke|p2|Groudon, L99|\n|poke|p2|Arceus-Ground|\n|poke|p2|Yveltal|\n|teampreview\n|inactive|Battle timer is ON: inactive players will automatically lose when time's up. (requested by C0ld as Ice)\n|inactive|Obito 2001 also wants the timer to be on.\n|\n|t:|1700743915\n|start\n|switch|p1a: Arceus|Arceus-Ground|100\/100\n|switch|p2a: Arceus|Arceus-Ground, shiny|100\/100\n|turn|1\n|\n|t:|1700743920\n|switch|p2a: Ho-Oh|Ho-Oh, shiny|100\/100\n|move|p1a: Arceus|Toxic|p2a: Ho-Oh\n|-status|p2a: Ho-Oh|tox\n|\n|-damage|p2a: Ho-Oh|94\/100 tox|[from] psn\n|upkeep\n|turn|2\n|\n|t:|1700743923\n|move|p1a: Arceus|Taunt|p2a: Ho-Oh\n|-start|p2a: Ho-Oh|move: Taunt\n|move|p2a: Ho-Oh|Sacred Fire|p1a: Arceus\n|-damage|p1a: Arceus|48\/100\n|-status|p1a: Arceus|brn\n|\n|-damage|p2a: Ho-Oh|82\/100 tox|[from] psn\n|-damage|p1a: Arceus|42\/100 brn|[from] brn\n|upkeep\n|turn|3\n|\n|t:|1700743926\n|move|p1a: Arceus|Recover|p1a: Arceus\n|-heal|p1a: Arceus|92\/100 brn\n|move|p2a: Ho-Oh|Sacred Fire|p1a: Arceus\n|-damage|p1a: Arceus|44\/100 brn\n|\n|-damage|p2a: Ho-Oh|64\/100 tox|[from] psn\n|-damage|p1a: Arceus|37\/100 brn|[from] brn\n|upkeep\n|turn|4\n|\n|t:|1700743931\n|switch|p2a: Yveltal|Yveltal, shiny|100\/100\n|-ability|p2a: Yveltal|Dark Aura\n|move|p1a: Arceus|Recover|p1a: Arceus\n|-heal|p1a: Arceus|87\/100 brn\n|\n|-damage|p1a: Arceus|81\/100 brn|[from] brn\n|upkeep\n|turn|5\n|\n|t:|1700743934\n|switch|p1a: Xerneas|Xerneas, shiny|100\/100\n|-ability|p1a: Xerneas|Fairy Aura\n|switch|p2a: Ho-Oh|Ho-Oh, shiny|98\/100 tox\n|\n|-damage|p2a: Ho-Oh|92\/100 tox|[from] psn\n|upkeep\n|turn|6\n|\n|t:|1700743942\n|move|p1a: Xerneas|Geomancy||[still]\n|-prepare|p1a: Xerneas|Geomancy\n|-enditem|p1a: Xerneas|Power Herb\n|-anim|p1a: Xerneas|Geomancy|p1a: Xerneas\n|-boost|p1a: Xerneas|spa|2\n|-boost|p1a: Xerneas|spd|2\n|-boost|p1a: Xerneas|spe|2\n|move|p2a: Ho-Oh|Sacred Fire|p1a: Xerneas\n|-damage|p1a: Xerneas|39\/100\n|\n|-damage|p2a: Ho-Oh|80\/100 tox|[from] psn\n|upkeep\n|turn|7\n|\n|t:|1700743961\n|switch|p2a: Necrozma|Necrozma-Dusk-Mane, shiny|100\/100\n|move|p1a: Xerneas|Thunderbolt|p2a: Necrozma\n|-damage|p2a: Necrozma|52\/100\n|\n|upkeep\n|turn|8\n|\n|t:|1700743968\n|move|p1a: Xerneas|Hidden Power|p2a: Necrozma\n|-supereffective|p2a: Necrozma\n|-damage|p2a: Necrozma|4\/100\n|-zpower|p2a: Necrozma\n|move|p2a: Necrozma|Searing Sunraze Smash|p1a: Xerneas|[zeffect]\n|-supereffective|p1a: Xerneas\n|-damage|p1a: Xerneas|0 fnt\n|faint|p1a: Xerneas\n|\n|upkeep\n|\n|t:|1700743982\n|switch|p1a: Necrozma|Necrozma-Dusk-Mane|100\/100\n|turn|9\n|\n|t:|1700743985\n|switch|p2a: Yveltal|Yveltal, shiny|100\/100\n|-ability|p2a: Yveltal|Dark Aura\n|move|p1a: Necrozma|Stealth Rock|p2a: Yveltal\n|-sidestart|p2: C0ld as Ice|move: Stealth Rock\n|\n|upkeep\n|turn|10\n|\n|t:|1700743993\n|switch|p1a: Kingambit|Kingambit, M, shiny|100\/100\n|-activate|p1a: Kingambit|ability: Supreme Overlord\n|-start|p1a: Kingambit|fallen1|[silent]\n|move|p2a: Yveltal|Defog|p1a: Kingambit\n|-unboost|p1a: Kingambit|evasion|1\n|-sideend|p2: C0ld as Ice|Stealth Rock|[from] move: Defog|[of] p2a: Yveltal\n|\n|upkeep\n|turn|11\n|\n|t:|1700743995\n|move|p2a: Yveltal|U-turn|p1a: Kingambit\n|-damage|p1a: Kingambit|88\/100\n|\n|t:|1700744002\n|switch|p2a: Arceus|Arceus-Ground, shiny|100\/100|[from] U-turn\n|move|p1a: Kingambit|Knock Off|p2a: Arceus\n|-damage|p2a: Arceus|74\/100\n|\n|upkeep\n|turn|12\n|\n|t:|1700744006\n|-end|p1a: Kingambit|fallen1|[silent]\n|switch|p1a: Arceus|Arceus-Ground|81\/100 brn\n|move|p2a: Arceus|Judgment|p1a: Arceus\n|-damage|p1a: Arceus|50\/100 brn\n|\n|-damage|p1a: Arceus|44\/100 brn|[from] brn\n|upkeep\n|turn|13\n|\n|t:|1700744010\n|switch|p2a: Ho-Oh|Ho-Oh, shiny|100\/100 tox\n|move|p1a: Arceus|Recover|p1a: Arceus\n|-heal|p1a: Arceus|94\/100 brn\n|\n|-damage|p2a: Ho-Oh|94\/100 tox|[from] psn\n|-damage|p1a: Arceus|88\/100 brn|[from] brn\n|upkeep\n|turn|14\n|\n|t:|1700744013\n|switch|p1a: Ditto|Ditto, shiny|100\/100\n|-transform|p1a: Ditto|p2a: Ho-Oh|[from] ability: Imposter\n|move|p2a: Ho-Oh|Sacred Fire|p1a: Ditto\n|-resisted|p1a: Ditto\n|-damage|p1a: Ditto|61\/100\n|\n|-damage|p2a: Ho-Oh|82\/100 tox|[from] psn\n|upkeep\n|turn|15\n|\n|t:|1700744019\n|switch|p1a: Arceus|Arceus-Ground|88\/100 brn\n|switch|p2a: Necrozma|Necrozma-Dusk-Mane, shiny|4\/100\n|\n|-damage|p1a: Arceus|82\/100 brn|[from] brn\n|upkeep\n|turn|16\n|\n|t:|1700744023\n|switch|p2a: Ho-Oh|Ho-Oh, shiny|100\/100 tox\n|move|p1a: Arceus|Judgment|p2a: Ho-Oh\n|-immune|p2a: Ho-Oh\n|\n|-damage|p2a: Ho-Oh|94\/100 tox|[from] psn\n|-damage|p1a: Arceus|76\/100 brn|[from] brn\n|upkeep\n|turn|17\n|\n|t:|1700744027\n|switch|p1a: Necrozma|Necrozma-Dusk-Mane|100\/100\n|move|p2a: Ho-Oh|Sacred Fire|p1a: Necrozma\n|-supereffective|p1a: Necrozma\n|-damage|p1a: Necrozma|0 fnt\n|faint|p1a: Necrozma\n|\n|-damage|p2a: Ho-Oh|82\/100 tox|[from] psn\n|upkeep\n|\n|t:|1700744033\n|switch|p1a: Ditto|Ditto, shiny|95\/100\n|-transform|p1a: Ditto|p2a: Ho-Oh|[from] ability: Imposter\n|turn|18\n|\n|t:|1700744036\n|switch|p2a: Necrozma|Necrozma-Dusk-Mane, shiny|4\/100\n|move|p1a: Ditto|Sacred Fire|p2a: Necrozma\n|-supereffective|p2a: Necrozma\n|-damage|p2a: Necrozma|0 fnt\n|faint|p2a: Necrozma\n|\n|upkeep\n|\n|t:|1700744039\n|switch|p2a: Groudon|Groudon, L99, shiny|100\/100\n|detailschange|p2a: Groudon|Groudon-Primal, L99, shiny\n|-primal|p2a: Groudon|Red Orb\n|-weather|DesolateLand|[from] ability: Desolate Land|[of] p2a: Groudon\n|turn|19\n|\n|t:|1700744042\n|switch|p1a: Arceus|Arceus-Ground|76\/100 brn\n|move|p2a: Groudon|Spikes|p1a: Arceus\n|-sidestart|p1: Obito 2001|Spikes\n|\n|-weather|DesolateLand|[upkeep]\n|-damage|p1a: Arceus|70\/100 brn|[from] brn\n|upkeep\n|turn|20\n|\n|t:|1700744046\n|-weather|none\n|switch|p2a: Ho-Oh|Ho-Oh, shiny|100\/100 tox\n|move|p1a: Arceus|Judgment|p2a: Ho-Oh\n|-immune|p2a: Ho-Oh\n|\n|-damage|p2a: Ho-Oh|94\/100 tox|[from] psn\n|-damage|p1a: Arceus|64\/100 brn|[from] brn\n|upkeep\n|turn|21\n|\n|t:|1700744051\n|move|p1a: Arceus|Recover|p1a: Arceus\n|-heal|p1a: Arceus|100\/100 brn\n|move|p2a: Ho-Oh|Brave Bird|p1a: Arceus\n|-damage|p1a: Arceus|40\/100 brn\n|-damage|p2a: Ho-Oh|73\/100 tox|[from] Recoil\n|\n|-damage|p2a: Ho-Oh|61\/100 tox|[from] psn\n|-damage|p1a: Arceus|34\/100 brn|[from] brn\n|upkeep\n|turn|22\n|\n|t:|1700744055\n|switch|p2a: Yveltal|Yveltal, shiny|100\/100\n|-ability|p2a: Yveltal|Dark Aura\n|move|p1a: Arceus|Recover|p1a: Arceus\n|-heal|p1a: Arceus|84\/100 brn\n|\n|-damage|p1a: Arceus|78\/100 brn|[from] brn\n|upkeep\n|turn|23\n|\n|t:|1700744057\n|switch|p2a: Ho-Oh|Ho-Oh, shiny|94\/100 tox\n|move|p1a: Arceus|Toxic|p2a: Ho-Oh\n|-fail|p2a: Ho-Oh|tox\n|\n|-damage|p2a: Ho-Oh|88\/100 tox|[from] psn\n|-damage|p1a: Arceus|72\/100 brn|[from] brn\n|upkeep\n|turn|24\n|\n|t:|1700744059\n|switch|p1a: Kingambit|Kingambit, M, shiny|88\/100\n|-damage|p1a: Kingambit|75\/100|[from] Spikes\n|-activate|p1a: Kingambit|ability: Supreme Overlord\n|-start|p1a: Kingambit|fallen2|[silent]\n|move|p2a: Ho-Oh|Brave Bird|p1a: Kingambit\n|-resisted|p1a: Kingambit\n|-damage|p1a: Kingambit|44\/100\n|-damage|p2a: Ho-Oh|78\/100 tox|[from] Recoil\n|\n|-damage|p2a: Ho-Oh|66\/100 tox|[from] psn\n|upkeep\n|turn|25\n|\n|t:|1700744065\n|switch|p2a: Arceus|Arceus-Ground, shiny|74\/100\n|move|p1a: Kingambit|Knock Off|p2a: Arceus\n|-damage|p2a: Arceus|47\/100\n|\n|upkeep\n|turn|26\n|\n|t:|1700744068\n|-end|p1a: Kingambit|fallen2|[silent]\n|switch|p1a: Arceus|Arceus-Ground|72\/100 brn\n|-damage|p1a: Arceus|60\/100 brn|[from] Spikes\n|move|p2a: Arceus|Recover|p2a: Arceus\n|-heal|p2a: Arceus|97\/100\n|\n|-damage|p1a: Arceus|54\/100 brn|[from] brn\n|upkeep\n|turn|27\n|\n|t:|1700744072\n|switch|p2a: Ho-Oh|Ho-Oh, shiny|99\/100 tox\n|move|p1a: Arceus|Recover|p1a: Arceus\n|-heal|p1a: Arceus|100\/100 brn\n|\n|-damage|p2a: Ho-Oh|94\/100 tox|[from] psn\n|-damage|p1a: Arceus|94\/100 brn|[from] brn\n|upkeep\n|turn|28\n|\n|t:|1700744076\n|move|p1a: Arceus|Toxic|p2a: Ho-Oh\n|-fail|p2a: Ho-Oh|tox\n|move|p2a: Ho-Oh|Brave Bird|p1a: Arceus\n|-damage|p1a: Arceus|37\/100 brn\n|-damage|p2a: Ho-Oh|74\/100 tox|[from] Recoil\n|\n|-damage|p2a: Ho-Oh|61\/100 tox|[from] psn\n|-damage|p1a: Arceus|31\/100 brn|[from] brn\n|upkeep\n|turn|29\n|\n|t:|1700744079\n|move|p1a: Arceus|Recover|p1a: Arceus\n|-heal|p1a: Arceus|81\/100 brn\n|move|p2a: Ho-Oh|Brave Bird|p1a: Arceus\n|-damage|p1a: Arceus|27\/100 brn\n|-damage|p2a: Ho-Oh|42\/100 tox|[from] Recoil\n|\n|-damage|p2a: Ho-Oh|24\/100 tox|[from] psn\n|-damage|p1a: Arceus|21\/100 brn|[from] brn\n|upkeep\n|turn|30\n|\n|t:|1700744084\n|switch|p2a: Yveltal|Yveltal, shiny|100\/100\n|-ability|p2a: Yveltal|Dark Aura\n|move|p1a: Arceus|Toxic|p2a: Yveltal|[miss]\n|-miss|p1a: Arceus|p2a: Yveltal\n|\n|-damage|p1a: Arceus|15\/100 brn|[from] brn\n|upkeep\n|turn|31\n|c|\u2606Obito 2001|Misses right when it matters the most \ud83e\udd26\n|\n|t:|1700744105\n|move|p1a: Arceus|Toxic|p2a: Yveltal\n|-status|p2a: Yveltal|tox\n|move|p2a: Yveltal|U-turn|p1a: Arceus\n|-damage|p1a: Arceus|2\/100 brn\n|c|\u2606C0ld as Ice|tbh, will it even matter\n|\n|t:|1700744121\n|switch|p2a: Ho-Oh|Ho-Oh, shiny|57\/100 tox|[from] U-turn\n|\n|-damage|p2a: Ho-Oh|51\/100 tox|[from] psn\n|-damage|p1a: Arceus|0 fnt|[from] brn\n|faint|p1a: Arceus\n|upkeep\n|\n|t:|1700744126\n|switch|p1a: Marshadow|Marshadow|100\/100\n|-damage|p1a: Marshadow|88\/100|[from] Spikes\n|turn|32\n|\n|t:|1700744133\n|move|p1a: Marshadow|Rock Tomb|p2a: Ho-Oh\n|-supereffective|p2a: Ho-Oh\n|-damage|p2a: Ho-Oh|0 fnt\n|faint|p2a: Ho-Oh\n|-damage|p1a: Marshadow|78\/100|[from] item: Life Orb\n|\n|upkeep\n|\n|t:|1700744137\n|switch|p2a: Groudon|Groudon-Primal, L99, shiny|100\/100\n|-weather|DesolateLand|[from] ability: Desolate Land|[of] p2a: Groudon\n|turn|33\n|\n|t:|1700744148\n|move|p1a: Marshadow|Close Combat|p2a: Groudon\n|-damage|p2a: Groudon|67\/100\n|-unboost|p1a: Marshadow|def|1\n|-unboost|p1a: Marshadow|spd|1\n|-damage|p1a: Marshadow|68\/100|[from] item: Life Orb\n|move|p2a: Groudon|Precipice Blades|p1a: Marshadow\n|-damage|p1a: Marshadow|0 fnt\n|faint|p1a: Marshadow\n|\n|-weather|DesolateLand|[upkeep]\n|upkeep\n|\n|t:|1700744152\n|switch|p1a: Ditto|Ditto, shiny|100\/100\n|-damage|p1a: Ditto|88\/100|[from] Spikes\n|-transform|p1a: Ditto|p2a: Groudon|[from] ability: Imposter\n|turn|34\n|\n|t:|1700744156\n|switch|p2a: Arceus|Arceus-Ground, shiny|97\/100\n|move|p1a: Ditto|Precipice Blades|p2a: Arceus\n|-damage|p2a: Arceus|53\/100\n|\n|-weather|DesolateLand|[upkeep]\n|upkeep\n|turn|35\n|\n|t:|1700744160\n|switch|p2a: Yveltal|Yveltal, shiny|100\/100 tox\n|-ability|p2a: Yveltal|Dark Aura\n|move|p1a: Ditto|Precipice Blades|p2a: Yveltal\n|-immune|p2a: Yveltal\n|\n|-weather|DesolateLand|[upkeep]\n|-damage|p2a: Yveltal|94\/100 tox|[from] psn\n|upkeep\n|turn|36\n|\n|t:|1700744163\n|move|p2a: Yveltal|U-turn|p1a: Ditto\n|-resisted|p1a: Ditto\n|-damage|p1a: Ditto|82\/100\n|\n|t:|1700744168\n|switch|p2a: Arceus|Arceus-Ground, shiny|53\/100|[from] U-turn\n|move|p1a: Ditto|Precipice Blades|p2a: Arceus\n|-damage|p2a: Arceus|8\/100\n|\n|-weather|DesolateLand|[upkeep]\n|upkeep\n|turn|37\n|\n|t:|1700744172\n|move|p2a: Arceus|Recover|p2a: Arceus\n|-heal|p2a: Arceus|58\/100\n|move|p1a: Ditto|Precipice Blades|p2a: Arceus\n|-damage|p2a: Arceus|13\/100\n|\n|-weather|DesolateLand|[upkeep]\n|upkeep\n|turn|38\n|\n|t:|1700744176\n|-weather|none\n|switch|p1a: Kingambit|Kingambit, M, shiny|44\/100\n|-damage|p1a: Kingambit|31\/100|[from] Spikes\n|-activate|p1a: Kingambit|ability: Supreme Overlord\n|-start|p1a: Kingambit|fallen4|[silent]\n|move|p2a: Arceus|Recover|p2a: Arceus\n|-heal|p2a: Arceus|63\/100\n|\n|upkeep\n|turn|39\n|\n|t:|1700744180\n|move|p1a: Kingambit|Sucker Punch|p2a: Arceus\n|-damage|p2a: Arceus|30\/100\n|move|p2a: Arceus|Judgment|p1a: Kingambit\n|-supereffective|p1a: Kingambit\n|-damage|p1a: Kingambit|0 fnt\n|faint|p1a: Kingambit\n|-end|p1a: Kingambit|fallen4|[silent]\n|\n|upkeep\n|-message|Obito 2001 forfeited.\n|\n|win|C0ld as Ice\n|raw|Obito 2001's rating: 1872 &rarr; <strong>1853<\/strong><br \/>(-19 for losing)\n|raw|C0ld as Ice's rating: 1887 &rarr; <strong>1906<\/strong><br \/>(+19 for winning)\n|l|\u2606Obito 2001\n","uploadtime":1700745513,"views":1,"p1id":"obito2001","p2id":"c0ldasice","formatid":"gen9nationaldexubers","rating":1853,"private":0,"password":""}