{"id":"gen9nationaldexubers-1992682596","p1":"Akemi77","p2":"JustMonika_CARR","format":"[Gen 9] National Dex Ubers","log":"|j|\u2606Akemi77\n|j|\u2606JustMonika_CARR\n|t:|1700224739\n|gametype|singles\n|player|p1|Akemi77|lance|1431\n|player|p2|JustMonika_CARR|rosa|1407\n|teamsize|p1|6\n|teamsize|p2|6\n|gen|9\n|tier|[Gen 9] National Dex Ubers\n|rated|\n|rule|HP Percentage Mod: HP is shown in percentages\n|rule|Endless Battle Clause: Forcing endless battles is banned\n|rule|OHKO Clause: OHKO moves are banned\n|rule|Evasion Moves Clause: Evasion moves are banned\n|rule|Evasion Items Clause: Evasion items are banned\n|rule|Species Clause: Limit one of each Pok\u00e9mon\n|rule|Sleep Clause Mod: Limit one foe put to sleep\n|rule|Mega Rayquaza Clause: You cannot mega evolve Rayquaza\n|clearpoke\n|poke|p1|Deoxys-Speed|\n|poke|p1|Xerneas-*|\n|poke|p1|Blaziken, M|\n|poke|p1|Necrozma-Dusk-Mane|\n|poke|p1|Arceus|\n|poke|p1|Eternatus|\n|poke|p2|Marshadow|\n|poke|p2|Lopunny, F|\n|poke|p2|Eternatus|\n|poke|p2|Forretress, F|\n|poke|p2|Pheromosa|\n|poke|p2|Grimmsnarl, M|\n|teampreview\n|\n|t:|1700224752\n|start\n|switch|p1a: Deoxys|Deoxys-Speed, shiny|100\/100\n|switch|p2a: Forretress|Forretress, F, shiny|100\/100\n|-ability|p1a: Deoxys|Pressure\n|turn|1\n|c|\u2606JustMonika_CARR|Glhf\n|\n|t:|1700224778\n|move|p1a: Deoxys|Taunt|p2a: Forretress\n|-start|p2a: Forretress|move: Taunt\n|cant|p2a: Forretress|move: Taunt|Toxic Spikes\n|\n|upkeep\n|turn|2\n|\n|t:|1700224784\n|move|p1a: Deoxys|Spikes|p2a: Forretress\n|-sidestart|p2: JustMonika_CARR|Spikes\n|move|p2a: Forretress|Rapid Spin|p1a: Deoxys\n|-damage|p1a: Deoxys|88\/100\n|-boost|p2a: Forretress|spe|1\n|-damage|p2a: Forretress|84\/100|[from] item: Rocky Helmet|[of] p1a: Deoxys\n|-sideend|p2: JustMonika_CARR|Spikes|[from] move: Rapid Spin|[of] p2a: Forretress\n|\n|upkeep\n|turn|3\n|\n|t:|1700224792\n|move|p1a: Deoxys|Knock Off|p2a: Forretress\n|-crit|p2a: Forretress\n|-damage|p2a: Forretress|66\/100\n|-enditem|p2a: Forretress|Red Card|[from] move: Knock Off|[of] p1a: Deoxys\n|move|p2a: Forretress|Rapid Spin|p1a: Deoxys\n|-damage|p1a: Deoxys|74\/100\n|-boost|p2a: Forretress|spe|1\n|-damage|p2a: Forretress|50\/100|[from] item: Rocky Helmet|[of] p1a: Deoxys\n|\n|-end|p2a: Forretress|move: Taunt\n|upkeep\n|turn|4\n|\n|t:|1700224808\n|move|p1a: Deoxys|Taunt|p2a: Forretress\n|-start|p2a: Forretress|move: Taunt\n|cant|p2a: Forretress|move: Taunt|Toxic Spikes\n|\n|upkeep\n|turn|5\n|\n|t:|1700224814\n|move|p1a: Deoxys|Knock Off|p2a: Forretress\n|-damage|p2a: Forretress|41\/100\n|move|p2a: Forretress|Rapid Spin|p1a: Deoxys\n|-damage|p1a: Deoxys|60\/100\n|-boost|p2a: Forretress|spe|1\n|-damage|p2a: Forretress|24\/100|[from] item: Rocky Helmet|[of] p1a: Deoxys\n|\n|upkeep\n|turn|6\n|\n|t:|1700224822\n|move|p1a: Deoxys|Knock Off|p2a: Forretress\n|-damage|p2a: Forretress|17\/100\n|move|p2a: Forretress|Rapid Spin|p1a: Deoxys\n|-damage|p1a: Deoxys|46\/100\n|-boost|p2a: Forretress|spe|1\n|-damage|p2a: Forretress|0 fnt|[from] item: Rocky Helmet|[of] p1a: Deoxys\n|faint|p2a: Forretress\n|\n|upkeep\n|\n|t:|1700224833\n|switch|p2a: Pheromosa|Pheromosa, shiny|100\/100\n|turn|7\n|\n|t:|1700224846\n|move|p1a: Deoxys|Spikes|p2a: Pheromosa\n|-sidestart|p2: JustMonika_CARR|Spikes\n|move|p2a: Pheromosa|Rapid Spin|p1a: Deoxys\n|-damage|p1a: Deoxys|29\/100\n|-boost|p2a: Pheromosa|spe|1\n|-damage|p2a: Pheromosa|84\/100|[from] item: Rocky Helmet|[of] p1a: Deoxys\n|-sideend|p2: JustMonika_CARR|Spikes|[from] move: Rapid Spin|[of] p2a: Pheromosa\n|\n|upkeep\n|turn|8\n|\n|t:|1700224854\n|move|p2a: Pheromosa|Bug Buzz|p1a: Deoxys\n|-supereffective|p1a: Deoxys\n|-damage|p1a: Deoxys|0 fnt\n|faint|p1a: Deoxys\n|-ability|p2a: Pheromosa|Beast Boost|boost\n|-boost|p2a: Pheromosa|spa|1\n|\n|upkeep\n|\n|t:|1700224861\n|switch|p1a: Xerneas|Xerneas, shiny|100\/100\n|-ability|p1a: Xerneas|Fairy Aura\n|turn|9\n|\n|t:|1700224867\n|move|p2a: Pheromosa|Ice Beam|p1a: Xerneas\n|-damage|p1a: Xerneas|51\/100\n|move|p1a: Xerneas|Geomancy||[still]\n|-prepare|p1a: Xerneas|Geomancy\n|-enditem|p1a: Xerneas|Power Herb\n|-anim|p1a: Xerneas|Geomancy|p1a: Xerneas\n|-boost|p1a: Xerneas|spa|2\n|-boost|p1a: Xerneas|spd|2\n|-boost|p1a: Xerneas|spe|2\n|\n|upkeep\n|turn|10\n|\n|t:|1700224876\n|move|p1a: Xerneas|Moonblast|p2a: Pheromosa\n|-supereffective|p2a: Pheromosa\n|-damage|p2a: Pheromosa|0 fnt\n|faint|p2a: Pheromosa\n|\n|upkeep\n|\n|t:|1700224882\n|switch|p2a: Marshadow|Marshadow|100\/100\n|turn|11\n|\n|t:|1700224887\n|move|p1a: Xerneas|Moonblast|p2a: Marshadow\n|-supereffective|p2a: Marshadow\n|-enditem|p2a: Marshadow|Focus Sash\n|-damage|p2a: Marshadow|1\/100\n|-unboost|p2a: Marshadow|spa|1\n|move|p2a: Marshadow|Spectral Thief||[still]\n|-clearpositiveboost|p1a: Xerneas|p2a: Marshadow|move: Spectral Thief\n|-boost|p2a: Marshadow|spa|2\n|-boost|p2a: Marshadow|spd|2\n|-boost|p2a: Marshadow|spe|2\n|-anim|p2a: Marshadow|Spectral Thief|p1a: Xerneas\n|-damage|p1a: Xerneas|11\/100\n|\n|upkeep\n|turn|12\n|\n|t:|1700224909\n|move|p2a: Marshadow|Force Palm|p1a: Xerneas\n|-resisted|p1a: Xerneas\n|-damage|p1a: Xerneas|0 fnt\n|faint|p1a: Xerneas\n|\n|upkeep\n|\n|t:|1700224914\n|switch|p1a: Arceus|Arceus, shiny|100\/100\n|turn|13\n|\n|t:|1700224918\n|move|p1a: Arceus|Extreme Speed|p2a: Marshadow\n|-immune|p2a: Marshadow\n|move|p2a: Marshadow|Spectral Thief|p1a: Arceus\n|-immune|p1a: Arceus\n|\n|upkeep\n|turn|14\n|\n|t:|1700224926\n|move|p2a: Marshadow|Force Palm|p1a: Arceus\n|-supereffective|p1a: Arceus\n|-enditem|p1a: Arceus|Chople Berry|[eat]\n|-enditem|p1a: Arceus|Chople Berry|[weaken]\n|-damage|p1a: Arceus|62\/100\n|move|p1a: Arceus|Shadow Claw|p2a: Marshadow\n|-supereffective|p2a: Marshadow\n|-damage|p2a: Marshadow|0 fnt\n|faint|p2a: Marshadow\n|\n|upkeep\n|\n|t:|1700224939\n|switch|p2a: Eternatus|Eternatus|100\/100\n|-ability|p2a: Eternatus|Pressure\n|turn|15\n|\n|t:|1700224949\n|switch|p1a: Necrozma|Necrozma-Dusk-Mane, shiny|100\/100\n|-terastallize|p2a: Eternatus|Ground\n|move|p2a: Eternatus|Tera Blast|p1a: Necrozma|[anim] Tera Blast Ground\n|-supereffective|p1a: Necrozma\n|-damage|p1a: Necrozma|42\/100\n|-enditem|p1a: Necrozma|Weakness Policy\n|-boost|p1a: Necrozma|atk|2|[from] item: Weakness Policy\n|-boost|p1a: Necrozma|spa|2|[from] item: Weakness Policy\n|\n|upkeep\n|turn|16\n|\n|t:|1700224959\n|move|p2a: Eternatus|Tera Blast|p1a: Necrozma|[anim] Tera Blast Ground\n|-supereffective|p1a: Necrozma\n|-damage|p1a: Necrozma|0 fnt\n|faint|p1a: Necrozma\n|\n|upkeep\n|\n|t:|1700224969\n|switch|p1a: Blaziken|Blaziken, M|100\/100\n|turn|17\n|\n|t:|1700224973\n|detailschange|p1a: Blaziken|Blaziken-Mega, M\n|-mega|p1a: Blaziken|Blaziken|Blazikenite\n|move|p1a: Blaziken|Protect|p1a: Blaziken\n|-singleturn|p1a: Blaziken|Protect\n|move|p2a: Eternatus|Tera Blast|p1a: Blaziken|[anim] Tera Blast Ground\n|-activate|p1a: Blaziken|move: Protect\n|\n|-ability|p1a: Blaziken|Speed Boost|boost\n|-boost|p1a: Blaziken|spe|1\n|upkeep\n|turn|18\n|\n|t:|1700224989\n|move|p2a: Eternatus|Tera Blast|p1a: Blaziken|[anim] Tera Blast Ground\n|-supereffective|p1a: Blaziken\n|-damage|p1a: Blaziken|0 fnt\n|faint|p1a: Blaziken\n|\n|upkeep\n|\n|t:|1700224993\n|switch|p1a: Eternatus|Eternatus|100\/100\n|-ability|p1a: Eternatus|Pressure\n|turn|19\n|\n|t:|1700224998\n|move|p2a: Eternatus|Tera Blast|p1a: Eternatus|[anim] Tera Blast Ground\n|-supereffective|p1a: Eternatus\n|-damage|p1a: Eternatus|12\/100\n|move|p1a: Eternatus|Meteor Beam||[still]\n|-prepare|p1a: Eternatus|Meteor Beam\n|-boost|p1a: Eternatus|spa|1\n|-enditem|p1a: Eternatus|Power Herb\n|-anim|p1a: Eternatus|Meteor Beam|p2a: Eternatus\n|-resisted|p2a: Eternatus\n|-damage|p2a: Eternatus|73\/100\n|\n|upkeep\n|turn|20\n|\n|t:|1700225008\n|move|p2a: Eternatus|Tera Blast|p1a: Eternatus|[anim] Tera Blast Ground\n|-supereffective|p1a: Eternatus\n|-damage|p1a: Eternatus|0 fnt\n|faint|p1a: Eternatus\n|\n|upkeep\n|\n|t:|1700225010\n|switch|p1a: Arceus|Arceus, shiny|62\/100\n|turn|21\n|\n|t:|1700225016\n|move|p2a: Eternatus|Tera Blast|p1a: Arceus|[anim] Tera Blast Ground\n|-damage|p1a: Arceus|24\/100\n|move|p1a: Arceus|Swords Dance|p1a: Arceus\n|-boost|p1a: Arceus|atk|2\n|\n|upkeep\n|turn|22\n|\n|t:|1700225022\n|move|p1a: Arceus|Extreme Speed|p2a: Eternatus\n|-damage|p2a: Eternatus|8\/100\n|move|p2a: Eternatus|Tera Blast|p1a: Arceus|[anim] Tera Blast Ground\n|-damage|p1a: Arceus|0 fnt\n|faint|p1a: Arceus\n|\n|win|JustMonika_CARR\n|raw|Akemi77's rating: 1431 &rarr; <strong>1410<\/strong><br \/>(-21 for losing)\n|raw|JustMonika_CARR's rating: 1407 &rarr; <strong>1428<\/strong><br \/>(+21 for winning)\n|l|\u2606Akemi77\n|c|\u2606JustMonika_CARR|Gg\n","uploadtime":1700225046,"views":7,"p1id":"akemi77","p2id":"justmonikacarr","formatid":"gen9nationaldexubers","rating":1410,"private":0,"password":""}