{"id":"gen9nationaldexubers-1978598784","p1":"c123rrr","p2":"xfy A black","format":"[Gen 9] National Dex Ubers","log":"|j|\u2606c123rrr\n|j|\u2606xfy A black\n|t:|1698563688\n|gametype|singles\n|player|p1|c123rrr|clair|1105\n|player|p2|xfy A black|zinzolin|1115\n|teamsize|p1|6\n|teamsize|p2|6\n|gen|9\n|tier|[Gen 9] National Dex Ubers\n|rated|\n|rule|HP Percentage Mod: HP is shown in percentages\n|rule|Endless Battle Clause: Forcing endless battles is banned\n|rule|OHKO Clause: OHKO moves are banned\n|rule|Evasion Moves Clause: Evasion moves are banned\n|rule|Evasion Items Clause: Evasion items are banned\n|rule|Species Clause: Limit one of each Pok\u00e9mon\n|rule|Sleep Clause Mod: Limit one foe put to sleep\n|rule|Mega Rayquaza Clause: You cannot mega evolve Rayquaza\n|clearpoke\n|poke|p1|Celesteela|\n|poke|p1|Kingambit, F|\n|poke|p1|Zacian-*|\n|poke|p1|Blacephalon|\n|poke|p1|Yveltal|\n|poke|p1|Tyranitar, F|\n|poke|p2|Deoxys-Attack|\n|poke|p2|Darmanitan-Galar, F|\n|poke|p2|Arceus|\n|poke|p2|Iron Bundle|\n|poke|p2|Yveltal|\n|poke|p2|Metagross|\n|teampreview\n|\n|t:|1698563717\n|start\n|switch|p1a: Tyranitar|Tyranitar, F, shiny|100\/100\n|switch|p2a: Arceus|Arceus|100\/100\n|-weather|Sandstorm|[from] ability: Sand Stream|[of] p1a: Tyranitar\n|turn|1\n|\n|t:|1698563731\n|detailschange|p1a: Tyranitar|Tyranitar-Mega, F, shiny\n|-mega|p1a: Tyranitar|Tyranitar|Tyranitarite\n|move|p2a: Arceus|Taunt|p1a: Tyranitar\n|-start|p1a: Tyranitar|move: Taunt\n|move|p1a: Tyranitar|Rock Blast|p2a: Arceus\n|-damage|p2a: Arceus|91\/100\n|-damage|p2a: Arceus|81\/100\n|-hitcount|p2a: Arceus|2\n|\n|-weather|Sandstorm|[upkeep]\n|-damage|p2a: Arceus|75\/100|[from] Sandstorm\n|upkeep\n|turn|2\n|\n|t:|1698563747\n|move|p2a: Arceus|Stealth Rock|p1a: Tyranitar\n|-sidestart|p1: c123rrr|move: Stealth Rock\n|move|p1a: Tyranitar|Lash Out|p2a: Arceus\n|-damage|p2a: Arceus|44\/100\n|\n|-weather|Sandstorm|[upkeep]\n|-damage|p2a: Arceus|37\/100|[from] Sandstorm\n|upkeep\n|turn|3\n|\n|t:|1698563758\n|move|p1a: Tyranitar|Lash Out|p2a: Arceus\n|-damage|p2a: Arceus|10\/100\n|move|p2a: Arceus|Dragon Tail|p1a: Tyranitar\n|-crit|p1a: Tyranitar\n|-damage|p1a: Tyranitar|85\/100\n|drag|p1a: \u5927\u5c06\u4e0e\u4e94\u4e2a\u795e|Kingambit, F|100\/100\n|-damage|p1a: \u5927\u5c06\u4e0e\u4e94\u4e2a\u795e|94\/100|[from] Stealth Rock\n|\n|-weather|Sandstorm|[upkeep]\n|-damage|p2a: Arceus|4\/100|[from] Sandstorm\n|upkeep\n|turn|4\n|\n|t:|1698563773\n|move|p1a: \u5927\u5c06\u4e0e\u4e94\u4e2a\u795e|Lash Out|p2a: Arceus\n|-damage|p2a: Arceus|0 fnt\n|faint|p2a: Arceus\n|\n|-weather|Sandstorm|[upkeep]\n|upkeep\n|\n|t:|1698563786\n|switch|p2a: Darmanitan|Darmanitan-Galar, F, shiny|100\/100\n|turn|5\n|\n|t:|1698563798\n|-end|p1a: \u5927\u5c06\u4e0e\u4e94\u4e2a\u795e|fallenundefined|[silent]\n|switch|p1a: Celesteela|Celesteela, shiny|100\/100\n|-damage|p1a: Celesteela|88\/100|[from] Stealth Rock\n|move|p2a: Darmanitan|Earthquake|p1a: Celesteela\n|-immune|p1a: Celesteela\n|\n|-weather|none\n|-heal|p1a: Celesteela|94\/100|[from] item: Leftovers\n|upkeep\n|turn|6\n|\n|t:|1698563812\n|switch|p2a: Iron Bundle|Iron Bundle|100\/100\n|-enditem|p2a: Iron Bundle|Booster Energy\n|-activate|p2a: Iron Bundle|ability: Quark Drive|[fromitem]\n|-start|p2a: Iron Bundle|quarkdrivespe\n|move|p1a: Celesteela|Leech Seed|p2a: Iron Bundle\n|-start|p2a: Iron Bundle|move: Leech Seed\n|\n|-heal|p1a: Celesteela|99\/100|[from] item: Leftovers\n|-damage|p2a: Iron Bundle|88\/100|[from] Leech Seed|[of] p1a: Celesteela\n|-heal|p1a: Celesteela|100\/100|[silent]\n|upkeep\n|turn|7\n|\n|t:|1698563833\n|move|p1a: Celesteela|Protect|p1a: Celesteela\n|-singleturn|p1a: Celesteela|Protect\n|move|p2a: Iron Bundle|U-turn|p1a: Celesteela\n|-activate|p1a: Celesteela|move: Protect\n|\n|-damage|p2a: Iron Bundle|76\/100|[from] Leech Seed|[of] p1a: Celesteela\n|upkeep\n|turn|8\n|\n|t:|1698563846\n|switch|p1a: Blacephalon|Blacephalon|100\/100\n|-damage|p1a: Blacephalon|76\/100|[from] Stealth Rock\n|move|p2a: Iron Bundle|Encore||[still]\n|-fail|p2a: Iron Bundle\n|\n|-damage|p2a: Iron Bundle|63\/100|[from] Leech Seed|[of] p1a: Blacephalon\n|-heal|p1a: Blacephalon|92\/100|[silent]\n|upkeep\n|turn|9\n|\n|t:|1698563861\n|move|p2a: Iron Bundle|U-turn|p1a: Blacephalon\n|-resisted|p1a: Blacephalon\n|-damage|p1a: Blacephalon|85\/100\n|\n|t:|1698563870\n|-end|p2a: Iron Bundle|Quark Drive|[silent]\n|switch|p2a: Yveltal|Yveltal, shiny|100\/100|[from] U-turn\n|-ability|p2a: Yveltal|Dark Aura\n|move|p1a: Blacephalon|Shadow Ball|p2a: Yveltal\n|-resisted|p2a: Yveltal\n|-damage|p2a: Yveltal|78\/100\n|\n|upkeep\n|turn|10\n|\n|t:|1698563893\n|switch|p1a: Zacian|Zacian-Crowned, shiny|100\/100\n|-damage|p1a: Zacian|94\/100|[from] Stealth Rock\n|-ability|p1a: Zacian|Intrepid Sword|boost\n|-boost|p1a: Zacian|atk|1\n|move|p2a: Yveltal|U-turn|p1a: Zacian\n|-resisted|p1a: Zacian\n|-damage|p1a: Zacian|88\/100\n|-damage|p2a: Yveltal|69\/100|[from] item: Life Orb\n|\n|t:|1698563902\n|switch|p2a: Darmanitan|Darmanitan-Galar, F, shiny|100\/100|[from] U-turn\n|\n|upkeep\n|turn|11\n|\n|t:|1698563919\n|move|p2a: Darmanitan|Flare Blitz|p1a: Zacian\n|-supereffective|p1a: Zacian\n|-damage|p1a: Zacian|0 fnt\n|faint|p1a: Zacian\n|-damage|p2a: Darmanitan|72\/100|[from] Recoil\n|\n|upkeep\n|\n|t:|1698563932\n|switch|p1a: Blacephalon|Blacephalon|85\/100\n|-damage|p1a: Blacephalon|60\/100|[from] Stealth Rock\n|turn|12\n|\n|t:|1698563941\n|-terastallize|p2a: Darmanitan|Fire\n|move|p1a: Blacephalon|Mind Blown|p2a: Darmanitan\n|-resisted|p2a: Darmanitan\n|-damage|p2a: Darmanitan|4\/100\n|-damage|p1a: Blacephalon|10\/100|[from] mindblown\n|move|p2a: Darmanitan|Flare Blitz|p1a: Blacephalon\n|-resisted|p1a: Blacephalon\n|-damage|p1a: Blacephalon|0 fnt\n|faint|p1a: Blacephalon\n|-damage|p2a: Darmanitan|1\/100|[from] Recoil\n|\n|upkeep\n|\n|t:|1698563956\n|switch|p1a: \u5927\u5c06\u4e0e\u4e94\u4e2a\u795e|Kingambit, F|94\/100\n|-damage|p1a: \u5927\u5c06\u4e0e\u4e94\u4e2a\u795e|88\/100|[from] Stealth Rock\n|-activate|p1a: \u5927\u5c06\u4e0e\u4e94\u4e2a\u795e|ability: Supreme Overlord\n|-start|p1a: \u5927\u5c06\u4e0e\u4e94\u4e2a\u795e|fallen2|[silent]\n|turn|13\n|\n|t:|1698563964\n|switch|p2a: Iron Bundle|Iron Bundle|63\/100\n|move|p1a: \u5927\u5c06\u4e0e\u4e94\u4e2a\u795e|Sucker Punch||[still]\n|-fail|p1a: \u5927\u5c06\u4e0e\u4e94\u4e2a\u795e\n|\n|upkeep\n|turn|14\n|\n|t:|1698563988\n|move|p2a: Iron Bundle|Encore|p1a: \u5927\u5c06\u4e0e\u4e94\u4e2a\u795e\n|-start|p1a: \u5927\u5c06\u4e0e\u4e94\u4e2a\u795e|Encore\n|move|p1a: \u5927\u5c06\u4e0e\u4e94\u4e2a\u795e|Sucker Punch||[still]\n|-fail|p1a: \u5927\u5c06\u4e0e\u4e94\u4e2a\u795e\n|\n|upkeep\n|turn|15\n|\n|t:|1698563998\n|-end|p1a: \u5927\u5c06\u4e0e\u4e94\u4e2a\u795e|fallen2|[silent]\n|switch|p1a: Celesteela|Celesteela, shiny|100\/100\n|-damage|p1a: Celesteela|88\/100|[from] Stealth Rock\n|move|p2a: Iron Bundle|Substitute|p2a: Iron Bundle\n|-start|p2a: Iron Bundle|Substitute\n|-damage|p2a: Iron Bundle|39\/100\n|\n|-heal|p1a: Celesteela|94\/100|[from] item: Leftovers\n|upkeep\n|turn|16\n|\n|t:|1698564012\n|move|p1a: Celesteela|Protect|p1a: Celesteela\n|-singleturn|p1a: Celesteela|Protect\n|move|p2a: Iron Bundle|Freeze-Dry|p1a: Celesteela\n|-activate|p1a: Celesteela|move: Protect\n|\n|-heal|p1a: Celesteela|99\/100|[from] item: Leftovers\n|upkeep\n|turn|17\n|\n|t:|1698564022\n|move|p2a: Iron Bundle|Encore|p1a: Celesteela\n|-start|p1a: Celesteela|Encore\n|move|p1a: Celesteela|Protect||[still]\n|-fail|p1a: Celesteela\n|\n|-heal|p1a: Celesteela|100\/100|[from] item: Leftovers\n|upkeep\n|turn|18\n|\n|t:|1698564041\n|switch|p1a: \u5927\u5c06\u4e0e\u4e94\u4e2a\u795e|Kingambit, F|88\/100\n|-damage|p1a: \u5927\u5c06\u4e0e\u4e94\u4e2a\u795e|82\/100|[from] Stealth Rock\n|-activate|p1a: \u5927\u5c06\u4e0e\u4e94\u4e2a\u795e|ability: Supreme Overlord\n|-start|p1a: \u5927\u5c06\u4e0e\u4e94\u4e2a\u795e|fallen2|[silent]\n|move|p2a: Iron Bundle|Freeze-Dry|p1a: \u5927\u5c06\u4e0e\u4e94\u4e2a\u795e\n|-resisted|p1a: \u5927\u5c06\u4e0e\u4e94\u4e2a\u795e\n|-damage|p1a: \u5927\u5c06\u4e0e\u4e94\u4e2a\u795e|68\/100\n|\n|upkeep\n|turn|19\n|\n|t:|1698564055\n|move|p2a: Iron Bundle|Freeze-Dry|p1a: \u5927\u5c06\u4e0e\u4e94\u4e2a\u795e\n|-resisted|p1a: \u5927\u5c06\u4e0e\u4e94\u4e2a\u795e\n|-damage|p1a: \u5927\u5c06\u4e0e\u4e94\u4e2a\u795e|53\/100\n|move|p1a: \u5927\u5c06\u4e0e\u4e94\u4e2a\u795e|Iron Head|p2a: Iron Bundle\n|-end|p2a: Iron Bundle|Substitute\n|\n|upkeep\n|turn|20\n|\n|t:|1698564072\n|-end|p2a: Iron Bundle|Quark Drive|[silent]\n|switch|p2a: Yveltal|Yveltal, shiny|69\/100\n|-ability|p2a: Yveltal|Dark Aura\n|move|p1a: \u5927\u5c06\u4e0e\u4e94\u4e2a\u795e|Iron Head|p2a: Yveltal\n|-damage|p2a: Yveltal|21\/100\n|\n|upkeep\n|turn|21\n|\n|t:|1698564090\n|-terastallize|p1a: \u5927\u5c06\u4e0e\u4e94\u4e2a\u795e|Dark\n|move|p2a: Yveltal|Sucker Punch|p1a: \u5927\u5c06\u4e0e\u4e94\u4e2a\u795e\n|-resisted|p1a: \u5927\u5c06\u4e0e\u4e94\u4e2a\u795e\n|-damage|p1a: \u5927\u5c06\u4e0e\u4e94\u4e2a\u795e|31\/100\n|-damage|p2a: Yveltal|11\/100|[from] item: Life Orb\n|move|p1a: \u5927\u5c06\u4e0e\u4e94\u4e2a\u795e|Sucker Punch||[still]\n|-fail|p1a: \u5927\u5c06\u4e0e\u4e94\u4e2a\u795e\n|\n|upkeep\n|turn|22\n|\n|t:|1698564105\n|-end|p1a: \u5927\u5c06\u4e0e\u4e94\u4e2a\u795e|fallen2|[silent]\n|switch|p1a: Celesteela|Celesteela, shiny|100\/100\n|-damage|p1a: Celesteela|88\/100|[from] Stealth Rock\n|move|p2a: Yveltal|Sucker Punch||[still]\n|-fail|p2a: Yveltal\n|\n|-heal|p1a: Celesteela|94\/100|[from] item: Leftovers\n|upkeep\n|turn|23\n|\n|t:|1698564142\n|move|p2a: Yveltal|Dark Pulse|p1a: Celesteela\n|-damage|p1a: Celesteela|47\/100\n|-damage|p2a: Yveltal|1\/100|[from] item: Life Orb\n|move|p1a: Celesteela|Flamethrower|p2a: Yveltal\n|-damage|p2a: Yveltal|0 fnt\n|faint|p2a: Yveltal\n|-ability|p1a: Celesteela|Beast Boost|boost\n|-boost|p1a: Celesteela|spd|1\n|\n|-heal|p1a: Celesteela|53\/100|[from] item: Leftovers\n|upkeep\n|\n|t:|1698564155\n|switch|p2a: Darmanitan|Darmanitan-Galar, F, shiny, tera:Fire|1\/100\n|turn|24\n|\n|t:|1698564166\n|switch|p1a: Tyranitar|Tyranitar-Mega, F, shiny|85\/100\n|-damage|p1a: Tyranitar|73\/100|[from] Stealth Rock\n|-weather|Sandstorm|[from] ability: Sand Stream|[of] p1a: Tyranitar\n|move|p2a: Darmanitan|Flare Blitz|p1a: Tyranitar\n|-resisted|p1a: Tyranitar\n|-damage|p1a: Tyranitar|35\/100\n|-damage|p2a: Darmanitan|0 fnt|[from] Recoil\n|faint|p2a: Darmanitan\n|\n|-weather|Sandstorm|[upkeep]\n|upkeep\n|\n|t:|1698564178\n|switch|p2a: Metagross|Metagross, shiny|100\/100\n|turn|25\n|\n|t:|1698564198\n|detailschange|p2a: Metagross|Metagross-Mega, shiny\n|-mega|p2a: Metagross|Metagross|Metagrossite\n|move|p2a: Metagross|Bullet Punch|p1a: Tyranitar\n|-supereffective|p1a: Tyranitar\n|-damage|p1a: Tyranitar|0 fnt\n|faint|p1a: Tyranitar\n|\n|-weather|Sandstorm|[upkeep]\n|upkeep\n|\n|t:|1698564210\n|switch|p1a: Yveltal|Yveltal, shiny|100\/100\n|-damage|p1a: Yveltal|75\/100|[from] Stealth Rock\n|-ability|p1a: Yveltal|Dark Aura\n|turn|26\n|\n|t:|1698564218\n|move|p2a: Metagross|Meteor Mash|p1a: Yveltal|[miss]\n|-miss|p2a: Metagross|p1a: Yveltal\n|move|p1a: Yveltal|Dark Pulse|p2a: Metagross\n|-supereffective|p2a: Metagross\n|-damage|p2a: Metagross|0 fnt\n|faint|p2a: Metagross\n|\n|-weather|Sandstorm|[upkeep]\n|-damage|p1a: Yveltal|69\/100|[from] Sandstorm\n|upkeep\n|\n|t:|1698564232\n|switch|p2a: Iron Bundle|Iron Bundle|39\/100\n|turn|27\n|\n|t:|1698564262\n|switch|p1a: Celesteela|Celesteela, shiny|53\/100\n|-damage|p1a: Celesteela|41\/100|[from] Stealth Rock\n|move|p2a: Iron Bundle|Substitute|p2a: Iron Bundle\n|-start|p2a: Iron Bundle|Substitute\n|-damage|p2a: Iron Bundle|14\/100\n|\n|-weather|Sandstorm|[upkeep]\n|-damage|p2a: Iron Bundle|8\/100|[from] Sandstorm\n|-heal|p1a: Celesteela|47\/100|[from] item: Leftovers\n|upkeep\n|turn|28\n|\n|t:|1698564274\n|move|p1a: Celesteela|Protect|p1a: Celesteela\n|-singleturn|p1a: Celesteela|Protect\n|move|p2a: Iron Bundle|Freeze-Dry|p1a: Celesteela\n|-activate|p1a: Celesteela|move: Protect\n|\n|-weather|none\n|-heal|p1a: Celesteela|53\/100|[from] item: Leftovers\n|upkeep\n|turn|29\n|\n|t:|1698564287\n|switch|p1a: \u5927\u5c06\u4e0e\u4e94\u4e2a\u795e|Kingambit, F, tera:Dark|31\/100\n|-damage|p1a: \u5927\u5c06\u4e0e\u4e94\u4e2a\u795e|18\/100|[from] Stealth Rock\n|-activate|p1a: \u5927\u5c06\u4e0e\u4e94\u4e2a\u795e|ability: Supreme Overlord\n|-start|p1a: \u5927\u5c06\u4e0e\u4e94\u4e2a\u795e|fallen3|[silent]\n|move|p2a: Iron Bundle|Freeze-Dry|p1a: \u5927\u5c06\u4e0e\u4e94\u4e2a\u795e\n|-damage|p1a: \u5927\u5c06\u4e0e\u4e94\u4e2a\u795e|0 fnt\n|faint|p1a: \u5927\u5c06\u4e0e\u4e94\u4e2a\u795e\n|-end|p1a: \u5927\u5c06\u4e0e\u4e94\u4e2a\u795e|fallen3|[silent]\n|\n|upkeep\n|\n|t:|1698564302\n|switch|p1a: Celesteela|Celesteela, shiny|53\/100\n|-damage|p1a: Celesteela|40\/100|[from] Stealth Rock\n|turn|30\n|\n|t:|1698564307\n|move|p2a: Iron Bundle|Freeze-Dry|p1a: Celesteela\n|-damage|p1a: Celesteela|22\/100\n|move|p1a: Celesteela|Flamethrower|p2a: Iron Bundle\n|-end|p2a: Iron Bundle|Substitute\n|\n|-heal|p1a: Celesteela|28\/100|[from] item: Leftovers\n|upkeep\n|turn|31\n|\n|t:|1698564317\n|move|p2a: Iron Bundle|Freeze-Dry|p1a: Celesteela\n|-damage|p1a: Celesteela|6\/100\n|-status|p1a: Celesteela|frz\n|cant|p1a: Celesteela|frz\n|\n|-heal|p1a: Celesteela|12\/100 frz|[from] item: Leftovers\n|upkeep\n|turn|32\n|\n|t:|1698564330\n|move|p2a: Iron Bundle|Freeze-Dry|p1a: Celesteela\n|-damage|p1a: Celesteela|0 fnt\n|faint|p1a: Celesteela\n|\n|upkeep\n|\n|t:|1698564338\n|switch|p1a: Yveltal|Yveltal, shiny|69\/100\n|-damage|p1a: Yveltal|44\/100|[from] Stealth Rock\n|-ability|p1a: Yveltal|Dark Aura\n|-enditem|p1a: Yveltal|Sitrus Berry|[eat]\n|-heal|p1a: Yveltal|69\/100|[from] item: Sitrus Berry\n|turn|33\n|\n|t:|1698564351\n|move|p2a: Iron Bundle|Freeze-Dry|p1a: Yveltal\n|-supereffective|p1a: Yveltal\n|-damage|p1a: Yveltal|23\/100\n|move|p1a: Yveltal|Oblivion Wing|p2a: Iron Bundle\n|-damage|p2a: Iron Bundle|0 fnt\n|-heal|p1a: Yveltal|27\/100|[from] drain|[of] p2a: Iron Bundle\n|faint|p2a: Iron Bundle\n|-end|p2a: Iron Bundle|Quark Drive|[silent]\n|\n|upkeep\n|\n|t:|1698564361\n|switch|p2a: Deoxys|Deoxys-Attack, shiny|100\/100\n|-ability|p2a: Deoxys|Pressure\n|turn|34\n|\n|t:|1698564379\n|move|p2a: Deoxys|Ice Beam|p1a: Yveltal\n|-supereffective|p1a: Yveltal\n|-damage|p1a: Yveltal|0 fnt\n|faint|p1a: Yveltal\n|\n|win|xfy A black\n|raw|c123rrr's rating: 1105 &rarr; <strong>1081<\/strong><br \/>(-24 for losing)\n|raw|xfy A black's rating: 1115 &rarr; <strong>1139<\/strong><br \/>(+24 for winning)\n|l|\u2606c123rrr\n","uploadtime":1698564396,"views":11,"p1id":"c123rrr","p2id":"xfyablack","formatid":"gen9nationaldexubers","rating":1081,"private":0,"password":""}