{"id":"gen9nationaldexubers-1990661177","p1":"Killerkid1208","p2":"fancyostriches","format":"[Gen 9] National Dex Ubers","log":"|j|\u2606Killerkid1208\n|j|\u2606fancyostriches\n|t:|1699989643\n|gametype|singles\n|player|p1|Killerkid1208|169|\n|player|p2|fancyostriches|pokemaniac|\n|teamsize|p1|6\n|teamsize|p2|6\n|gen|9\n|tier|[Gen 9] National Dex Ubers\n|rule|HP Percentage Mod: HP is shown in percentages\n|rule|Endless Battle Clause: Forcing endless battles is banned\n|rule|OHKO Clause: OHKO moves are banned\n|rule|Evasion Moves Clause: Evasion moves are banned\n|rule|Evasion Items Clause: Evasion items are banned\n|rule|Species Clause: Limit one of each Pok\u00e9mon\n|rule|Sleep Clause Mod: Limit one foe put to sleep\n|rule|Mega Rayquaza Clause: You cannot mega evolve Rayquaza\n|clearpoke\n|poke|p1|Kilowattrel, F|\n|poke|p1|Gholdengo|\n|poke|p1|Charizard, F|\n|poke|p1|Milotic, F|\n|poke|p1|Umbreon, M|\n|poke|p1|Serperior, M|\n|poke|p2|Venomoth, M|\n|poke|p2|Uxie|\n|poke|p2|Quaquaval, M|\n|poke|p2|Minior-Indigo|\n|poke|p2|Decidueye-Hisui, M|\n|poke|p2|Slowbro-Galar, F|\n|teampreview\n|\n|t:|1699989655\n|start\n|switch|p1a: Serperior|Serperior, M|100\/100\n|switch|p2a: Slowbro|Slowbro-Galar, F|100\/100\n|turn|1\n|\n|t:|1699989685\n|move|p1a: Serperior|Substitute|p1a: Serperior\n|-start|p1a: Serperior|Substitute\n|-damage|p1a: Serperior|75\/100\n|move|p2a: Slowbro|Belly Drum|p2a: Slowbro\n|-damage|p2a: Slowbro|51\/100\n|-setboost|p2a: Slowbro|atk|6|[from] move: Belly Drum\n|\n|-heal|p1a: Serperior|82\/100|[from] item: Leftovers\n|upkeep\n|turn|2\n|\n|t:|1699989696\n|move|p1a: Serperior|Glare|p2a: Slowbro\n|-status|p2a: Slowbro|par\n|move|p2a: Slowbro|Shell Side Arm|p1a: Serperior|[anim] Shell Side Arm Physical\n|-supereffective|p1a: Serperior\n|-end|p1a: Serperior|Substitute\n|-hint|Physical Shell Side Arm\n|\n|-heal|p1a: Serperior|88\/100|[from] item: Leftovers\n|upkeep\n|turn|3\n|\n|t:|1699989705\n|move|p1a: Serperior|Substitute|p1a: Serperior\n|-start|p1a: Serperior|Substitute\n|-damage|p1a: Serperior|63\/100\n|move|p2a: Slowbro|Shell Side Arm|p1a: Serperior|[anim] Shell Side Arm Physical\n|-supereffective|p1a: Serperior\n|-end|p1a: Serperior|Substitute\n|-hint|Physical Shell Side Arm\n|\n|-heal|p1a: Serperior|69\/100|[from] item: Leftovers\n|upkeep\n|turn|4\n|-activate|p2a: Slowbro|ability: Quick Draw\n|\n|t:|1699989720\n|move|p2a: Slowbro|Shell Side Arm|p1a: Serperior|[anim] Shell Side Arm Physical\n|-supereffective|p1a: Serperior\n|-damage|p1a: Serperior|0 fnt\n|-hint|Physical Shell Side Arm\n|faint|p1a: Serperior\n|\n|upkeep\n|\n|t:|1699989728\n|switch|p1a: Charizard|Charizard, F|100\/100\n|turn|5\n|\n|t:|1699989742\n|detailschange|p1a: Charizard|Charizard-Mega-X, F\n|-mega|p1a: Charizard|Charizard|Charizardite X\n|-terastallize|p2a: Slowbro|Poison\n|move|p1a: Charizard|Earthquake|p2a: Slowbro\n|-supereffective|p2a: Slowbro\n|-damage|p2a: Slowbro|0 fnt\n|faint|p2a: Slowbro\n|\n|upkeep\n|\n|t:|1699989756\n|switch|p2a: Uxie|Uxie|100\/100\n|turn|6\n|\n|t:|1699989769\n|move|p1a: Charizard|Dragon Dance|p1a: Charizard\n|-boost|p1a: Charizard|atk|1\n|-boost|p1a: Charizard|spe|1\n|move|p2a: Uxie|Reflect|p2a: Uxie\n|-sidestart|p2: fancyostriches|Reflect\n|\n|upkeep\n|turn|7\n|\n|t:|1699989774\n|move|p1a: Charizard|Dragon Dance|p1a: Charizard\n|-boost|p1a: Charizard|atk|1\n|-boost|p1a: Charizard|spe|1\n|move|p2a: Uxie|Stealth Rock|p1a: Charizard\n|-sidestart|p1: Killerkid1208|move: Stealth Rock\n|\n|upkeep\n|turn|8\n|\n|t:|1699989780\n|move|p1a: Charizard|Dragon Dance|p1a: Charizard\n|-boost|p1a: Charizard|atk|1\n|-boost|p1a: Charizard|spe|1\n|move|p2a: Uxie|Memento|p1a: Charizard\n|-unboost|p1a: Charizard|atk|2\n|-unboost|p1a: Charizard|spa|2\n|faint|p2a: Uxie\n|\n|upkeep\n|\n|t:|1699989795\n|switch|p2a: Minior|Minior-Indigo|100\/100\n|-formechange|p2a: Minior|Minior-Meteor||[from] ability: Shields Down\n|turn|9\n|\n|t:|1699989805\n|move|p1a: Charizard|Flare Blitz|p2a: Minior\n|-resisted|p2a: Minior\n|-damage|p2a: Minior|69\/100\n|-damage|p1a: Charizard|91\/100|[from] Recoil\n|move|p2a: Minior|Shell Smash|p2a: Minior\n|-unboost|p2a: Minior|def|1\n|-unboost|p2a: Minior|spd|1\n|-boost|p2a: Minior|atk|2\n|-boost|p2a: Minior|spa|2\n|-boost|p2a: Minior|spe|2\n|\n|upkeep\n|turn|10\n|\n|t:|1699989869\n|move|p1a: Charizard|Flare Blitz|p2a: Minior\n|-resisted|p2a: Minior\n|-damage|p2a: Minior|20\/100\n|-damage|p1a: Charizard|77\/100|[from] Recoil\n|move|p2a: Minior|Earthquake|p1a: Charizard\n|-supereffective|p1a: Charizard\n|-damage|p1a: Charizard|0 fnt\n|faint|p1a: Charizard\n|\n|-formechange|p2a: Minior|Minior-Indigo||[from] ability: Shields Down\n|upkeep\n|\n|t:|1699989910\n|switch|p1a: Umbreon|Umbreon, M|100\/100\n|-damage|p1a: Umbreon|88\/100|[from] Stealth Rock\n|turn|11\n|\n|t:|1699989956\n|move|p2a: Minior|Stone Edge|p1a: Umbreon|[miss]\n|-miss|p2a: Minior|p1a: Umbreon\n|move|p1a: Umbreon|Wish|p1a: Umbreon\n|\n|upkeep\n|turn|12\n|\n|t:|1699989972\n|move|p2a: Minior|Stone Edge|p1a: Umbreon\n|-damage|p1a: Umbreon|34\/100\n|move|p1a: Umbreon|Foul Play|p2a: Minior\n|-damage|p2a: Minior|0 fnt\n|faint|p2a: Minior\n|\n|-heal|p1a: Umbreon|84\/100|[from] move: Wish|[wisher] Umbreon\n|upkeep\n|\n|t:|1699990011\n|switch|p2a: Decidueye|Decidueye-Hisui, M|100\/100\n|turn|13\n|\n|t:|1699990026\n|move|p2a: Decidueye|Swords Dance|p2a: Decidueye\n|-boost|p2a: Decidueye|atk|2\n|move|p1a: Umbreon|Toxic|p2a: Decidueye\n|-status|p2a: Decidueye|tox\n|\n|-damage|p2a: Decidueye|95\/100 tox|[from] psn\n|-sideend|p2: fancyostriches|Reflect\n|upkeep\n|turn|14\n|\n|t:|1699990034\n|move|p2a: Decidueye|Triple Arrows|p1a: Umbreon\n|-supereffective|p1a: Umbreon\n|-damage|p1a: Umbreon|0 fnt\n|faint|p1a: Umbreon\n|\n|-damage|p2a: Decidueye|83\/100 tox|[from] psn\n|upkeep\n|\n|t:|1699990054\n|switch|p1a: Kilowattrel|Kilowattrel, F|100\/100\n|-damage|p1a: Kilowattrel|76\/100|[from] Stealth Rock\n|turn|15\n|\n|t:|1699990061\n|move|p2a: Decidueye|Sucker Punch|p1a: Kilowattrel\n|-damage|p1a: Kilowattrel|0 fnt\n|faint|p1a: Kilowattrel\n|\n|-damage|p2a: Decidueye|65\/100 tox|[from] psn\n|upkeep\n|\n|t:|1699990094\n|switch|p1a: Milotic|Milotic, F|100\/100\n|-damage|p1a: Milotic|88\/100|[from] Stealth Rock\n|turn|16\n|\n|t:|1699990105\n|move|p2a: Decidueye|Trailblaze|p1a: Milotic\n|-supereffective|p1a: Milotic\n|-damage|p1a: Milotic|16\/100\n|-boost|p2a: Decidueye|spe|1\n|move|p1a: Milotic|Ice Beam|p2a: Decidueye\n|-supereffective|p2a: Decidueye\n|-damage|p2a: Decidueye|13\/100 tox\n|-enditem|p2a: Decidueye|Weakness Policy\n|-boost|p2a: Decidueye|atk|2|[from] item: Weakness Policy\n|-boost|p2a: Decidueye|spa|2|[from] item: Weakness Policy\n|\n|-heal|p1a: Milotic|22\/100|[from] item: Leftovers\n|-damage|p2a: Decidueye|0 fnt|[from] psn\n|faint|p2a: Decidueye\n|upkeep\n|\n|t:|1699990124\n|switch|p2a: Venomoth|Venomoth, M|100\/100\n|turn|17\n|\n|t:|1699990138\n|move|p2a: Venomoth|Quiver Dance|p2a: Venomoth\n|-boost|p2a: Venomoth|spa|1\n|-boost|p2a: Venomoth|spd|1\n|-boost|p2a: Venomoth|spe|1\n|move|p1a: Milotic|Recover|p1a: Milotic\n|-heal|p1a: Milotic|72\/100\n|\n|-heal|p1a: Milotic|78\/100|[from] item: Leftovers\n|upkeep\n|turn|18\n|\n|t:|1699990149\n|move|p2a: Venomoth|Quiver Dance|p2a: Venomoth\n|-boost|p2a: Venomoth|spa|1\n|-boost|p2a: Venomoth|spd|1\n|-boost|p2a: Venomoth|spe|1\n|move|p1a: Milotic|Ice Beam|p2a: Venomoth\n|-damage|p2a: Venomoth|82\/100\n|\n|-heal|p1a: Milotic|84\/100|[from] item: Leftovers\n|upkeep\n|turn|19\n|\n|t:|1699990165\n|move|p2a: Venomoth|Quiver Dance|p2a: Venomoth\n|-boost|p2a: Venomoth|spa|1\n|-boost|p2a: Venomoth|spd|1\n|-boost|p2a: Venomoth|spe|1\n|move|p1a: Milotic|Scald|p2a: Venomoth\n|-damage|p2a: Venomoth|63\/100\n|-status|p2a: Venomoth|brn\n|\n|-heal|p1a: Milotic|90\/100|[from] item: Leftovers\n|-damage|p2a: Venomoth|57\/100 brn|[from] brn\n|upkeep\n|turn|20\n|\n|t:|1699990194\n|move|p2a: Venomoth|Bug Buzz|p1a: Milotic\n|-damage|p1a: Milotic|29\/100\n|-enditem|p2a: Venomoth|Throat Spray\n|-boost|p2a: Venomoth|spa|1|[from] item: Throat Spray\n|move|p1a: Milotic|Recover|p1a: Milotic\n|-heal|p1a: Milotic|79\/100\n|\n|-heal|p1a: Milotic|86\/100|[from] item: Leftovers\n|-damage|p2a: Venomoth|51\/100 brn|[from] brn\n|upkeep\n|turn|21\n|\n|t:|1699990221\n|move|p2a: Venomoth|Sludge Bomb|p1a: Milotic\n|-damage|p1a: Milotic|12\/100\n|move|p1a: Milotic|Scald|p2a: Venomoth\n|-damage|p2a: Venomoth|34\/100 brn\n|\n|-heal|p1a: Milotic|18\/100|[from] item: Leftovers\n|-damage|p2a: Venomoth|28\/100 brn|[from] brn\n|upkeep\n|turn|22\n|\n|t:|1699990238\n|move|p2a: Venomoth|Bug Buzz|p1a: Milotic\n|-damage|p1a: Milotic|0 fnt\n|faint|p1a: Milotic\n|\n|-damage|p2a: Venomoth|21\/100 brn|[from] brn\n|upkeep\n|\n|t:|1699990243\n|switch|p1a: Gholdengo|Gholdengo|100\/100\n|-damage|p1a: Gholdengo|94\/100|[from] Stealth Rock\n|turn|23\n|\n|t:|1699990249\n|move|p2a: Venomoth|Bug Buzz|p1a: Gholdengo\n|-resisted|p1a: Gholdengo\n|-damage|p1a: Gholdengo|36\/100\n|move|p1a: Gholdengo|Shadow Ball|p2a: Venomoth\n|-damage|p2a: Venomoth|0 fnt\n|faint|p2a: Venomoth\n|\n|upkeep\n|\n|t:|1699990257\n|switch|p2a: Quaquaval|Quaquaval, M|100\/100\n|turn|24\n|\n|t:|1699990266\n|move|p1a: Gholdengo|Shadow Ball|p2a: Quaquaval\n|-damage|p2a: Quaquaval|36\/100\n|-unboost|p2a: Quaquaval|spd|1\n|move|p2a: Quaquaval|Aqua Step|p1a: Gholdengo\n|-damage|p1a: Gholdengo|0 fnt\n|-boost|p2a: Quaquaval|spe|1\n|faint|p1a: Gholdengo\n|\n|win|fancyostriches\n","uploadtime":1699990284,"views":6,"p1id":"killerkid1208","p2id":"fancyostriches","formatid":"gen9nationaldexubers","rating":0,"private":0,"password":""}