{"id":"gen9nationaldexubers-1982593834","p1":"Lunarquay","p2":"Hazervex2.0","format":"[Gen 9] National Dex Ubers","log":"|j|\u2606Lunarquay\n|j|\u2606Hazervex2.0\n|t:|1699028282\n|gametype|singles\n|player|p1|Lunarquay|cynthia-gen4|1235\n|player|p2|Hazervex2.0|giovanni|1318\n|teamsize|p1|6\n|teamsize|p2|6\n|gen|9\n|tier|[Gen 9] National Dex Ubers\n|rated|\n|rule|HP Percentage Mod: HP is shown in percentages\n|rule|Endless Battle Clause: Forcing endless battles is banned\n|rule|OHKO Clause: OHKO moves are banned\n|rule|Evasion Moves Clause: Evasion moves are banned\n|rule|Evasion Items Clause: Evasion items are banned\n|rule|Species Clause: Limit one of each Pok\u00e9mon\n|rule|Sleep Clause Mod: Limit one foe put to sleep\n|rule|Mega Rayquaza Clause: You cannot mega evolve Rayquaza\n|clearpoke\n|poke|p1|Deoxys-Attack|\n|poke|p1|Necrozma-Dusk-Mane|\n|poke|p1|Xerneas-*|\n|poke|p1|Blaziken, F|\n|poke|p1|Shuckle, M|\n|poke|p1|Basculegion, M|\n|poke|p2|Orthworm, M|\n|poke|p2|Magnezone|\n|poke|p2|Aegislash, M|\n|poke|p2|Kingambit, M|\n|poke|p2|Metagross|\n|poke|p2|Celesteela|\n|teampreview\n|inactive|Battle timer is ON: inactive players will automatically lose when time's up. (requested by Lunarquay)\n|inactive|Lunarquay has 120 seconds left.\n|\n|t:|1699028342\n|start\n|switch|p1a: :p|Shuckle, M|100\/100\n|switch|p2a: Orthworm|Orthworm, M|100\/100\n|turn|1\n|\n|t:|1699028355\n|move|p2a: Orthworm|Stealth Rock|p1a: :p\n|-sidestart|p1: Lunarquay|move: Stealth Rock\n|move|p1a: :p|Sticky Web|p2a: Orthworm\n|-sidestart|p2: Hazervex2.0|move: Sticky Web\n|\n|upkeep\n|turn|2\n|\n|t:|1699028364\n|move|p2a: Orthworm|Shed Tail|p2a: Orthworm\n|-start|p2a: Orthworm|Substitute|[from] move: Shed Tail\n|-damage|p2a: Orthworm|50\/100\n|-enditem|p2a: Orthworm|Sitrus Berry|[eat]\n|-heal|p2a: Orthworm|75\/100|[from] item: Sitrus Berry\n|\n|t:|1699028374\n|switch|p2a: Aegislash|Aegislash, M|100\/100|[from] Shed Tail\n|-activate|p2a: Aegislash|move: Sticky Web\n|-unboost|p2a: Aegislash|spe|1\n|move|p1a: :p|Stealth Rock|p2a: Aegislash\n|-sidestart|p2: Hazervex2.0|move: Stealth Rock\n|\n|upkeep\n|turn|3\n|\n|t:|1699028400\n|switch|p1a: damage machine|Deoxys-Attack|100\/100\n|-damage|p1a: damage machine|88\/100|[from] Stealth Rock\n|-ability|p1a: damage machine|Pressure\n|-formechange|p2a: Aegislash|Aegislash-Blade||[from] ability: Stance Change\n|move|p2a: Aegislash|Shadow Ball|p1a: damage machine\n|-supereffective|p1a: damage machine\n|-damage|p1a: damage machine|0 fnt\n|faint|p1a: damage machine\n|\n|upkeep\n|inactive|Lunarquay has 120 seconds left.\n|c|\u2606Lunarquay|u son of a bitc\n|\n|t:|1699028424\n|switch|p1a: Xmas tree <3|Xerneas|100\/100\n|-damage|p1a: Xmas tree <3|88\/100|[from] Stealth Rock\n|-ability|p1a: Xmas tree <3|Fairy Aura\n|turn|4\n|c|\u2606Hazervex2.0|:)\n|\n|t:|1699028441\n|-terastallize|p2a: Aegislash|Ghost\n|move|p1a: Xmas tree <3|Geomancy||[still]\n|-prepare|p1a: Xmas tree <3|Geomancy\n|-enditem|p1a: Xmas tree <3|Power Herb\n|-anim|p1a: Xmas tree <3|Geomancy|p1a: Xmas tree <3\n|-boost|p1a: Xmas tree <3|spa|2\n|-boost|p1a: Xmas tree <3|spd|2\n|-boost|p1a: Xmas tree <3|spe|2\n|move|p2a: Aegislash|Shadow Ball|p1a: Xmas tree <3\n|-damage|p1a: Xmas tree <3|63\/100\n|\n|upkeep\n|turn|5\n|c|\u2606Lunarquay|XD\n|inactive|Lunarquay has 120 seconds left.\n|\n|t:|1699028456\n|move|p1a: Xmas tree <3|Moonblast|p2a: Aegislash\n|-end|p2a: Aegislash|Substitute\n|move|p2a: Aegislash|Shadow Ball|p1a: Xmas tree <3\n|-damage|p1a: Xmas tree <3|37\/100\n|\n|upkeep\n|turn|6\n|inactive|Lunarquay has 120 seconds left.\n|\n|t:|1699028464\n|-formechange|p2a: Aegislash|Aegislash||[from] ability: Stance Change\n|move|p2a: Aegislash|King's Shield|p2a: Aegislash\n|-singleturn|p2a: Aegislash|Protect\n|move|p1a: Xmas tree <3|Draining Kiss|p2a: Aegislash\n|-activate|p2a: Aegislash|move: Protect\n|-unboost|p1a: Xmas tree <3|atk|1\n|\n|upkeep\n|turn|7\n|c|\u2606Lunarquay|COME ON LOSER\n|c|\u2606Lunarquay|DONT BE A PUSY\n|c|\u2606Lunarquay|HAHAH\n|\n|t:|1699028474\n|move|p1a: Xmas tree <3|Draining Kiss|p2a: Aegislash\n|-damage|p2a: Aegislash|23\/100\n|-heal|p1a: Xmas tree <3|70\/100|[from] drain|[of] p2a: Aegislash\n|-formechange|p2a: Aegislash|Aegislash-Blade||[from] ability: Stance Change\n|move|p2a: Aegislash|Shadow Ball|p1a: Xmas tree <3\n|-damage|p1a: Xmas tree <3|46\/100\n|\n|upkeep\n|turn|8\n|\n|t:|1699028484\n|move|p2a: Aegislash|Shadow Sneak|p1a: Xmas tree <3\n|-damage|p1a: Xmas tree <3|21\/100\n|move|p1a: Xmas tree <3|Draining Kiss|p2a: Aegislash\n|-damage|p2a: Aegislash|0 fnt\n|-heal|p1a: Xmas tree <3|31\/100|[from] drain|[of] p2a: Aegislash\n|faint|p2a: Aegislash\n|\n|upkeep\n|c|\u2606Lunarquay|EZ\n|\n|t:|1699028493\n|switch|p2a: Celesteela|Celesteela|100\/100\n|-damage|p2a: Celesteela|88\/100|[from] Stealth Rock\n|turn|9\n|\n|t:|1699028501\n|move|p1a: Xmas tree <3|Draining Kiss|p2a: Celesteela\n|-resisted|p2a: Celesteela\n|-damage|p2a: Celesteela|54\/100\n|-heal|p1a: Xmas tree <3|53\/100|[from] drain|[of] p2a: Celesteela\n|move|p2a: Celesteela|Toxic|p1a: Xmas tree <3|[miss]\n|-miss|p2a: Celesteela|p1a: Xmas tree <3\n|\n|-heal|p2a: Celesteela|60\/100|[from] item: Leftovers\n|upkeep\n|turn|10\n|\n|t:|1699028512\n|move|p1a: Xmas tree <3|Draining Kiss|p2a: Celesteela\n|-resisted|p2a: Celesteela\n|-damage|p2a: Celesteela|25\/100\n|-heal|p1a: Xmas tree <3|76\/100|[from] drain|[of] p2a: Celesteela\n|move|p2a: Celesteela|Toxic|p1a: Xmas tree <3|[miss]\n|-miss|p2a: Celesteela|p1a: Xmas tree <3\n|\n|-heal|p2a: Celesteela|31\/100|[from] item: Leftovers\n|upkeep\n|turn|11\n|c|\u2606Lunarquay|HHAHHAAH\n|\n|t:|1699028521\n|move|p1a: Xmas tree <3|Moonblast|p2a: Celesteela\n|-resisted|p2a: Celesteela\n|-damage|p2a: Celesteela|0 fnt\n|faint|p2a: Celesteela\n|\n|upkeep\n|\n|t:|1699028527\n|switch|p2a: Metagross|Metagross, shiny|100\/100\n|-activate|p2a: Metagross|move: Sticky Web\n|-fail|p2a: Metagross|unboost|[from] ability: Clear Body|[of] p2a: Metagross\n|-damage|p2a: Metagross|95\/100|[from] Stealth Rock\n|turn|12\n|inactive|Lunarquay has 120 seconds left.\n|\n|t:|1699028558\n|detailschange|p2a: Metagross|Metagross-Mega, shiny\n|-mega|p2a: Metagross|Metagross|Metagrossite\n|move|p1a: Xmas tree <3|Moonblast|p2a: Metagross\n|-resisted|p2a: Metagross\n|-damage|p2a: Metagross|21\/100\n|move|p2a: Metagross|Meteor Mash|p1a: Xmas tree <3\n|-supereffective|p1a: Xmas tree <3\n|-damage|p1a: Xmas tree <3|0 fnt\n|faint|p1a: Xmas tree <3\n|\n|upkeep\n|inactive|Lunarquay has 120 seconds left.\n|c|\u2606Hazervex2.0|:)\n|\n|t:|1699028578\n|switch|p1a: sun wielder|Blaziken, F, shiny|100\/100\n|-damage|p1a: sun wielder|88\/100|[from] Stealth Rock\n|turn|13\n|\n|t:|1699028585\n|switch|p2a: Orthworm|Orthworm, M|75\/100\n|-activate|p2a: Orthworm|move: Sticky Web\n|-unboost|p2a: Orthworm|spe|1\n|-damage|p2a: Orthworm|69\/100|[from] Stealth Rock\n|detailschange|p1a: sun wielder|Blaziken-Mega, F, shiny\n|-mega|p1a: sun wielder|Blaziken|Blazikenite\n|move|p1a: sun wielder|Protect||[still]\n|-fail|p1a: sun wielder\n|\n|-ability|p1a: sun wielder|Speed Boost|boost\n|-boost|p1a: sun wielder|spe|1\n|upkeep\n|turn|14\n|inactive|Lunarquay has 120 seconds left.\n|\n|t:|1699028597\n|move|p1a: sun wielder|Close Combat|p2a: Orthworm\n|-supereffective|p2a: Orthworm\n|-damage|p2a: Orthworm|0 fnt\n|-unboost|p1a: sun wielder|def|1\n|-unboost|p1a: sun wielder|spd|1\n|faint|p2a: Orthworm\n|\n|-ability|p1a: sun wielder|Speed Boost|boost\n|-boost|p1a: sun wielder|spe|1\n|upkeep\n|\n|t:|1699028610\n|switch|p2a: Magnezone|Magnezone|100\/100\n|-activate|p2a: Magnezone|move: Sticky Web\n|-unboost|p2a: Magnezone|spe|1\n|-damage|p2a: Magnezone|94\/100|[from] Stealth Rock\n|turn|15\n|\n|t:|1699028617\n|move|p1a: sun wielder|Flare Blitz|p2a: Magnezone\n|-supereffective|p2a: Magnezone\n|-damage|p2a: Magnezone|0 fnt\n|faint|p2a: Magnezone\n|-damage|p1a: sun wielder|59\/100|[from] Recoil\n|\n|-ability|p1a: sun wielder|Speed Boost|boost\n|-boost|p1a: sun wielder|spe|1\n|upkeep\n|\n|t:|1699028625\n|switch|p2a: Kingambit|Kingambit, M|100\/100\n|-activate|p2a: Kingambit|move: Sticky Web\n|-unboost|p2a: Kingambit|spe|1\n|-damage|p2a: Kingambit|94\/100|[from] Stealth Rock\n|-activate|p2a: Kingambit|ability: Supreme Overlord\n|-start|p2a: Kingambit|fallen4|[silent]\n|turn|16\n|\n|t:|1699028633\n|move|p2a: Kingambit|Sucker Punch|p1a: sun wielder\n|-resisted|p1a: sun wielder\n|-damage|p1a: sun wielder|0 fnt\n|faint|p1a: sun wielder\n|\n|upkeep\n|\n|t:|1699028644\n|switch|p1a: wait for it..|Necrozma-Dusk-Mane, shiny|100\/100\n|-damage|p1a: wait for it..|94\/100|[from] Stealth Rock\n|turn|17\n|\n|t:|1699028660\n|move|p1a: wait for it..|Dragon Dance|p1a: wait for it..\n|-boost|p1a: wait for it..|atk|1\n|-boost|p1a: wait for it..|spe|1\n|move|p2a: Kingambit|Knock Off|p1a: wait for it..\n|-supereffective|p1a: wait for it..\n|-damage|p1a: wait for it..|3\/100\n|\n|upkeep\n|turn|18\n|\n|t:|1699028669\n|move|p2a: Kingambit|Sucker Punch|p1a: wait for it..\n|-supereffective|p1a: wait for it..\n|-damage|p1a: wait for it..|0 fnt\n|faint|p1a: wait for it..\n|\n|upkeep\n|\n|t:|1699028674\n|switch|p1a: :p|Shuckle, M|100\/100\n|-damage|p1a: :p|75\/100|[from] Stealth Rock\n|turn|19\n|inactive|Lunarquay has 120 seconds left.\n|\n|t:|1699028702\n|move|p2a: Kingambit|Knock Off|p1a: :p\n|-damage|p1a: :p|19\/100\n|-enditem|p1a: :p|Red Card|[from] move: Knock Off|[of] p2a: Kingambit\n|move|p1a: :p|Rollout|p2a: Kingambit|[miss]\n|-miss|p1a: :p|p2a: Kingambit\n|\n|upkeep\n|turn|20\n|inactive|Lunarquay has 120 seconds left.\n|\n|t:|1699028712\n|move|p2a: Kingambit|Swords Dance|p2a: Kingambit\n|-boost|p2a: Kingambit|atk|2\n|move|p1a: :p|Rollout|p2a: Kingambit\n|-resisted|p2a: Kingambit\n|-damage|p2a: Kingambit|93\/100\n|\n|upkeep\n|turn|21\n|c|\u2606Lunarquay|come on wus\n|\n|t:|1699028718\n|move|p2a: Kingambit|Knock Off|p1a: :p\n|-damage|p1a: :p|0 fnt\n|faint|p1a: :p\n|\n|upkeep\n|\n|t:|1699028722\n|switch|p1a: comeback time|Basculegion, M|100\/100\n|-damage|p1a: comeback time|88\/100|[from] Stealth Rock\n|turn|22\n|\n|t:|1699028727\n|move|p2a: Kingambit|Sucker Punch|p1a: comeback time\n|-supereffective|p1a: comeback time\n|-crit|p1a: comeback time\n|-damage|p1a: comeback time|0 fnt\n|faint|p1a: comeback time\n|\n|win|Hazervex2.0\n|raw|Lunarquay's rating: 1235 &rarr; <strong>1216<\/strong><br \/>(-19 for losing)\n|raw|Hazervex2.0's rating: 1318 &rarr; <strong>1333<\/strong><br \/>(+15 for winning)\n","uploadtime":1699028417,"views":4,"p1id":"lunarquay","p2id":"hazervex20","formatid":"gen9nationaldexubers","rating":1216,"private":0,"password":""}