{"id":"gen9nationaldexubers-1988449528","p1":"carrl0s","p2":"David uwu35","format":"[Gen 9] National Dex Ubers","log":"|j|\u2606carrl0s\n|j|\u2606David uwu35\n|t:|1699724164\n|gametype|singles\n|player|p1|carrl0s|gambler|1181\n|player|p2|David uwu35|shadowtriad|1109\n|teamsize|p1|6\n|teamsize|p2|6\n|gen|9\n|tier|[Gen 9] National Dex Ubers\n|rated|\n|rule|HP Percentage Mod: HP is shown in percentages\n|rule|Endless Battle Clause: Forcing endless battles is banned\n|rule|OHKO Clause: OHKO moves are banned\n|rule|Evasion Moves Clause: Evasion moves are banned\n|rule|Evasion Items Clause: Evasion items are banned\n|rule|Species Clause: Limit one of each Pok\u00e9mon\n|rule|Sleep Clause Mod: Limit one foe put to sleep\n|rule|Mega Rayquaza Clause: You cannot mega evolve Rayquaza\n|clearpoke\n|poke|p1|Ogerpon-Hearthflame, F|\n|poke|p1|Chien-Pao|\n|poke|p1|Espathra, F|\n|poke|p1|Iron Valiant|\n|poke|p1|Armarouge, M|\n|poke|p1|Glimmora, F|\n|poke|p2|Gholdengo|\n|poke|p2|Dondozo, M|\n|poke|p2|Sableye, M|\n|poke|p2|Chien-Pao|\n|poke|p2|Ursaluna-Bloodmoon, M|\n|poke|p2|Iron Valiant|\n|teampreview\n|inactive|Battle timer is ON: inactive players will automatically lose when time's up. (requested by carrl0s)\n|\n|t:|1699724175\n|start\n|switch|p1a: Ogerpon|Ogerpon-Hearthflame, F|100\/100\n|switch|p2a: Sableye|Sableye, M|100\/100\n|-ability|p1a: Ogerpon|Mold Breaker\n|turn|1\n|\n|t:|1699724187\n|move|p2a: Sableye|Thunder Wave|p1a: Ogerpon\n|-status|p1a: Ogerpon|par\n|move|p1a: Ogerpon|Sunny Day|p1a: Ogerpon\n|-weather|SunnyDay\n|\n|-weather|SunnyDay|[upkeep]\n|upkeep\n|turn|2\n|\n|t:|1699724195\n|move|p2a: Sableye|Encore|p1a: Ogerpon\n|-start|p1a: Ogerpon|Encore\n|cant|p1a: Ogerpon|par\n|\n|-weather|SunnyDay|[upkeep]\n|upkeep\n|turn|3\n|\n|t:|1699724212\n|switch|p2a: Chien-Pao|Chien-Pao|100\/100\n|-ability|p2a: Chien-Pao|Sword of Ruin\n|move|p1a: Ogerpon|Sunny Day||[still]\n|-fail|p1a: Ogerpon\n|\n|-weather|SunnyDay|[upkeep]\n|upkeep\n|turn|4\n|\n|t:|1699724223\n|move|p2a: Chien-Pao|Swords Dance|p2a: Chien-Pao\n|-boost|p2a: Chien-Pao|atk|2\n|move|p1a: Ogerpon|Sunny Day||[still]\n|-fail|p1a: Ogerpon\n|\n|-weather|SunnyDay|[upkeep]\n|-end|p1a: Ogerpon|Encore\n|upkeep\n|turn|5\n|\n|t:|1699724239\n|move|p2a: Chien-Pao|Sacred Sword|p1a: Ogerpon\n|-damage|p1a: Ogerpon|0 fnt\n|faint|p1a: Ogerpon\n|\n|-weather|none\n|upkeep\n|\n|t:|1699724249\n|switch|p1a: Iron Valiant|Iron Valiant|100\/100\n|-enditem|p1a: Iron Valiant|Booster Energy\n|-activate|p1a: Iron Valiant|ability: Quark Drive|[fromitem]\n|-start|p1a: Iron Valiant|quarkdrivespe\n|turn|6\n|\n|t:|1699724261\n|move|p1a: Iron Valiant|Spirit Break|p2a: Chien-Pao\n|-supereffective|p2a: Chien-Pao\n|-enditem|p2a: Chien-Pao|Focus Sash\n|-damage|p2a: Chien-Pao|1\/100\n|-unboost|p2a: Chien-Pao|spa|1\n|move|p2a: Chien-Pao|Ice Spinner|p1a: Iron Valiant\n|-damage|p1a: Iron Valiant|0 fnt\n|faint|p1a: Iron Valiant\n|-end|p1a: Iron Valiant|Quark Drive|[silent]\n|\n|upkeep\n|\n|t:|1699724272\n|switch|p1a: Chien-Pao|Chien-Pao|100\/100\n|-ability|p1a: Chien-Pao|Sword of Ruin\n|turn|7\n|\n|t:|1699724278\n|move|p1a: Chien-Pao|Ice Shard|p2a: Chien-Pao\n|-resisted|p2a: Chien-Pao\n|-damage|p2a: Chien-Pao|0 fnt\n|faint|p2a: Chien-Pao\n|-damage|p1a: Chien-Pao|91\/100|[from] item: Life Orb\n|\n|upkeep\n|inactive|David uwu35 has 120 seconds left.\n|\n|t:|1699724314\n|switch|p2a: Gholdengo|Gholdengo|100\/100\n|turn|8\n|inactive|David uwu35 has 120 seconds left.\n|\n|t:|1699724323\n|-terastallize|p2a: Gholdengo|Fighting\n|move|p1a: Chien-Pao|Sucker Punch|p2a: Gholdengo\n|-resisted|p2a: Gholdengo\n|-damage|p2a: Gholdengo|74\/100\n|-damage|p1a: Chien-Pao|81\/100|[from] item: Life Orb\n|move|p2a: Gholdengo|Make It Rain|p1a: Chien-Pao\n|-supereffective|p1a: Chien-Pao\n|-damage|p1a: Chien-Pao|0 fnt\n|-unboost|p2a: Gholdengo|spa|1\n|faint|p1a: Chien-Pao\n|\n|-heal|p2a: Gholdengo|80\/100|[from] item: Leftovers\n|upkeep\n|\n|t:|1699724331\n|switch|p1a: Espathra|Espathra, F|100\/100\n|turn|9\n|\n|t:|1699724343\n|switch|p2a: Sableye|Sableye, M|100\/100\n|move|p1a: Espathra|Calm Mind|p1a: Espathra\n|-boost|p1a: Espathra|spa|1\n|-boost|p1a: Espathra|spd|1\n|\n|-ability|p1a: Espathra|Speed Boost|boost\n|-boost|p1a: Espathra|spe|1\n|upkeep\n|turn|10\n|\n|t:|1699724354\n|move|p1a: Espathra|Protect|p1a: Espathra\n|-singleturn|p1a: Espathra|Protect\n|move|p2a: Sableye|Encore|p1a: Espathra\n|-activate|p1a: Espathra|move: Protect\n|\n|-ability|p1a: Espathra|Speed Boost|boost\n|-boost|p1a: Espathra|spe|1\n|upkeep\n|turn|11\n|\n|t:|1699724363\n|move|p2a: Sableye|Encore|p1a: Espathra\n|-start|p1a: Espathra|Encore\n|move|p1a: Espathra|Protect||[still]\n|-fail|p1a: Espathra\n|\n|-ability|p1a: Espathra|Speed Boost|boost\n|-boost|p1a: Espathra|spe|1\n|upkeep\n|turn|12\n|\n|t:|1699724374\n|detailschange|p2a: Sableye|Sableye-Mega, M\n|-mega|p2a: Sableye|Sableye|Sablenite\n|move|p1a: Espathra|Protect|p1a: Espathra\n|-singleturn|p1a: Espathra|Protect\n|move|p2a: Sableye|Knock Off|p1a: Espathra\n|-activate|p1a: Espathra|move: Protect\n|\n|-ability|p1a: Espathra|Speed Boost|boost\n|-boost|p1a: Espathra|spe|1\n|upkeep\n|turn|13\n|\n|t:|1699724386\n|move|p1a: Espathra|Protect||[still]\n|-fail|p1a: Espathra\n|move|p2a: Sableye|Knock Off|p1a: Espathra\n|-supereffective|p1a: Espathra\n|-damage|p1a: Espathra|0 fnt\n|-enditem|p1a: Espathra|Sitrus Berry|[from] move: Knock Off|[of] p2a: Sableye\n|faint|p1a: Espathra\n|\n|upkeep\n|-message|carrl0s forfeited.\n|\n|win|David uwu35\n|raw|carrl0s's rating: 1181 &rarr; <strong>1150<\/strong><br \/>(-31 for losing)\n|raw|David uwu35's rating: 1097 &rarr; <strong>1128<\/strong><br \/>(+31 for winning)\n|l|\u2606carrl0s\n","uploadtime":1699724401,"views":19,"p1id":"carrl0s","p2id":"daviduwu35","formatid":"gen9nationaldexubers","rating":1128,"private":0,"password":""}