{"id":"gen9nationaldexubers-1988097239","p1":"Carson4658","p2":"KINGKRICH","format":"[Gen 9] National Dex Ubers","log":"|j|\u2606Carson4658\n|j|\u2606KINGKRICH\n|t:|1699669159\n|gametype|singles\n|player|p1|Carson4658|169|1034\n|player|p2|KINGKRICH|buck|1019\n|teamsize|p1|6\n|teamsize|p2|6\n|gen|9\n|tier|[Gen 9] National Dex Ubers\n|rated|\n|rule|HP Percentage Mod: HP is shown in percentages\n|rule|Endless Battle Clause: Forcing endless battles is banned\n|rule|OHKO Clause: OHKO moves are banned\n|rule|Evasion Moves Clause: Evasion moves are banned\n|rule|Evasion Items Clause: Evasion items are banned\n|rule|Species Clause: Limit one of each Pok\u00e9mon\n|rule|Sleep Clause Mod: Limit one foe put to sleep\n|rule|Mega Rayquaza Clause: You cannot mega evolve Rayquaza\n|clearpoke\n|poke|p1|Gholdengo|\n|poke|p1|Greninja-*, M|\n|poke|p1|Zamazenta-*|\n|poke|p1|Gliscor, M|\n|poke|p1|Ninetales-Alola, F|\n|poke|p1|Regieleki|\n|poke|p2|Houndoom, M|\n|poke|p2|Marowak-Alola, M|\n|poke|p2|Infernape, M|\n|poke|p2|Reshiram|\n|poke|p2|Rapidash, M|\n|poke|p2|Charizard, M|\n|teampreview\n|\n|t:|1699669166\n|start\n|switch|p1a: Greninja|Greninja, M, shiny|100\/100\n|switch|p2a: Marowak|Marowak-Alola, M|100\/100\n|turn|1\n|\n|t:|1699669176\n|move|p1a: Greninja|Hydro Pump|p2a: Marowak\n|-supereffective|p2a: Marowak\n|-damage|p2a: Marowak|0 fnt\n|faint|p2a: Marowak\n|\n|upkeep\n|\n|t:|1699669192\n|switch|p2a: Reshiram|Reshiram|100\/100\n|-ability|p2a: Reshiram|Turboblaze\n|turn|2\n|\n|t:|1699669200\n|move|p2a: Reshiram|Draco Meteor|p1a: Greninja\n|-damage|p1a: Greninja|0 fnt\n|-unboost|p2a: Reshiram|spa|2\n|faint|p1a: Greninja\n|\n|upkeep\n|\n|t:|1699669213\n|switch|p1a: Ninetales|Ninetales-Alola, F, shiny|100\/100\n|turn|3\n|\n|t:|1699669221\n|move|p2a: Reshiram|Blue Flare|p1a: Ninetales|[miss]\n|-miss|p2a: Reshiram|p1a: Ninetales\n|move|p1a: Ninetales|Dazzling Gleam|p2a: Reshiram\n|-damage|p2a: Reshiram|76\/100\n|\n|upkeep\n|turn|4\n|\n|t:|1699669229\n|move|p2a: Reshiram|Blue Flare|p1a: Ninetales\n|-supereffective|p1a: Ninetales\n|-damage|p1a: Ninetales|17\/100\n|move|p1a: Ninetales|Ice Beam|p2a: Reshiram\n|-damage|p2a: Reshiram|44\/100\n|\n|upkeep\n|turn|5\n|\n|t:|1699669240\n|move|p2a: Reshiram|Blue Flare|p1a: Ninetales\n|-supereffective|p1a: Ninetales\n|-damage|p1a: Ninetales|0 fnt\n|faint|p1a: Ninetales\n|\n|upkeep\n|\n|t:|1699669248\n|switch|p1a: Gliscor|Gliscor, M, shiny|100\/100\n|turn|6\n|\n|t:|1699669257\n|move|p2a: Reshiram|Defog|p1a: Gliscor\n|-unboost|p1a: Gliscor|evasion|1\n|move|p1a: Gliscor|Earthquake|p2a: Reshiram\n|-supereffective|p2a: Reshiram\n|-damage|p2a: Reshiram|0 fnt\n|faint|p2a: Reshiram\n|\n|-status|p1a: Gliscor|tox|[from] item: Toxic Orb\n|upkeep\n|\n|t:|1699669272\n|switch|p2a: Charizard|Charizard, M|100\/100\n|turn|7\n|\n|t:|1699669278\n|switch|p1a: Regieleki|Regieleki, shiny|100\/100\n|move|p2a: Charizard|Air Slash|p1a: Regieleki\n|-resisted|p1a: Regieleki\n|-damage|p1a: Regieleki|80\/100\n|\n|upkeep\n|turn|8\n|\n|t:|1699669285\n|detailschange|p2a: Charizard|Charizard-Mega-Y, M\n|-mega|p2a: Charizard|Charizard|Charizardite Y\n|-weather|SunnyDay|[from] ability: Drought|[of] p2a: Charizard\n|move|p1a: Regieleki|Thunder Cage|p2a: Charizard|[miss]\n|-miss|p1a: Regieleki|p2a: Charizard\n|move|p2a: Charizard|Fire Blast|p1a: Regieleki\n|-damage|p1a: Regieleki|0 fnt\n|faint|p1a: Regieleki\n|\n|-weather|SunnyDay|[upkeep]\n|upkeep\n|\n|t:|1699669307\n|switch|p1a: Gholdengo|Gholdengo, shiny|100\/100\n|turn|9\n|\n|t:|1699669316\n|-terastallize|p1a: Gholdengo|Normal\n|move|p2a: Charizard|Fire Blast|p1a: Gholdengo|[miss]\n|-miss|p2a: Charizard|p1a: Gholdengo\n|move|p1a: Gholdengo|Tera Blast|p2a: Charizard|[anim] Tera Blast Normal\n|-damage|p2a: Charizard|66\/100\n|\n|-weather|SunnyDay|[upkeep]\n|upkeep\n|turn|10\n|\n|t:|1699669328\n|move|p2a: Charizard|Fire Blast|p1a: Gholdengo|[miss]\n|-miss|p2a: Charizard|p1a: Gholdengo\n|move|p1a: Gholdengo|Tera Blast|p2a: Charizard|[anim] Tera Blast Normal\n|-damage|p2a: Charizard|28\/100\n|\n|-weather|SunnyDay|[upkeep]\n|upkeep\n|turn|11\n|\n|t:|1699669339\n|move|p2a: Charizard|Fire Blast|p1a: Gholdengo\n|-damage|p1a: Gholdengo|0 fnt\n|faint|p1a: Gholdengo\n|\n|-weather|SunnyDay|[upkeep]\n|upkeep\n|\n|t:|1699669351\n|switch|p1a: Gliscor|Gliscor, M, shiny|100\/100 tox\n|turn|12\n|\n|t:|1699669366\n|switch|p2a: Houndoom|Houndoom, M|100\/100\n|move|p1a: Gliscor|Dual Wingbeat|p2a: Houndoom\n|-damage|p2a: Houndoom|75\/100\n|-damage|p2a: Houndoom|48\/100\n|-hitcount|p2a: Houndoom|2\n|\n|-weather|none\n|upkeep\n|turn|13\n|\n|t:|1699669375\n|move|p2a: Houndoom|Heat Wave|p1a: Gliscor\n|-damage|p1a: Gliscor|52\/100 tox\n|move|p1a: Gliscor|Earthquake|p2a: Houndoom\n|-supereffective|p2a: Houndoom\n|-damage|p2a: Houndoom|0 fnt\n|faint|p2a: Houndoom\n|\n|-heal|p1a: Gliscor|65\/100 tox|[from] ability: Poison Heal\n|upkeep\n|\n|t:|1699669392\n|switch|p2a: Charizard|Charizard-Mega-Y, M|28\/100\n|-weather|SunnyDay|[from] ability: Drought|[of] p2a: Charizard\n|turn|14\n|\n|t:|1699669401\n|move|p2a: Charizard|Blast Burn|p1a: Gliscor\n|-damage|p1a: Gliscor|0 fnt\n|-mustrecharge|p2a: Charizard\n|faint|p1a: Gliscor\n|\n|-weather|SunnyDay|[upkeep]\n|upkeep\n|\n|t:|1699669406\n|switch|p1a: Zamazenta|Zamazenta-Crowned, shiny|100\/100\n|-ability|p1a: Zamazenta|Dauntless Shield|boost\n|-boost|p1a: Zamazenta|def|1\n|turn|15\n|\n|t:|1699669419\n|cant|p2a: Charizard|recharge\n|move|p1a: Zamazenta|Behemoth Bash|p2a: Charizard\n|-resisted|p2a: Charizard\n|-damage|p2a: Charizard|1\/100\n|\n|-weather|SunnyDay|[upkeep]\n|upkeep\n|turn|16\n|\n|t:|1699669426\n|move|p2a: Charizard|Blast Burn|p1a: Zamazenta\n|-supereffective|p1a: Zamazenta\n|-damage|p1a: Zamazenta|0 fnt\n|-mustrecharge|p2a: Charizard\n|faint|p1a: Zamazenta\n|\n|win|KINGKRICH\n|raw|Carson4658's rating: 1034 &rarr; <strong>1018<\/strong><br \/>(-16 for losing)\n|raw|KINGKRICH's rating: 1019 &rarr; <strong>1058<\/strong><br \/>(+39 for winning)\n","uploadtime":1699669435,"views":5,"p1id":"carson4658","p2id":"kingkrich","formatid":"gen9nationaldexubers","rating":1018,"private":0,"password":""}