{"id":"gen9nationaldexubers-1985015394","p1":"KarmaNightraide","p2":"FLOWER-M0DE\u267b\ufe0f","format":"[Gen 9] National Dex Ubers","log":"|j|\u2606KarmaNightraide\n|j|\u2606FLOWER-M0DE\u267b\ufe0f\n|t:|1699320921\n|gametype|singles\n|player|p1|KarmaNightraide|unknown|1108\n|player|p2|FLOWER-M0DE\u267b\ufe0f|erika-masters|1010\n|teamsize|p1|6\n|teamsize|p2|6\n|gen|9\n|tier|[Gen 9] National Dex Ubers\n|rated|\n|rule|HP Percentage Mod: HP is shown in percentages\n|rule|Endless Battle Clause: Forcing endless battles is banned\n|rule|OHKO Clause: OHKO moves are banned\n|rule|Evasion Moves Clause: Evasion moves are banned\n|rule|Evasion Items Clause: Evasion items are banned\n|rule|Species Clause: Limit one of each Pok\u00e9mon\n|rule|Sleep Clause Mod: Limit one foe put to sleep\n|rule|Mega Rayquaza Clause: You cannot mega evolve Rayquaza\n|clearpoke\n|poke|p1|Aegislash, F|\n|poke|p1|Ceruledge, F|\n|poke|p1|Basculegion, M|\n|poke|p1|Mimikyu, M|\n|poke|p1|Gourgeist-*, F|\n|poke|p1|Banette, F|\n|poke|p2|Ogerpon-Cornerstone, F|\n|poke|p2|Gogoat, M|\n|poke|p2|Cherrim, F|\n|poke|p2|Iron Leaves|\n|poke|p2|Flapple, M|\n|poke|p2|Simisage, M|\n|teampreview\n|j| Ds_Moon\n|l| Ds_Moon\n|inactive|Battle timer is ON: inactive players will automatically lose when time's up. (requested by KarmaNightraide)\n|\n|t:|1699320934\n|start\n|switch|p1a: Go to sleep...|Banette, F|100\/100\n|switch|p2a: \ud83c\udf37\ud83c\udf52CHERRIM\ud83c\udf52\ud83c\udf37|Cherrim, F, shiny|100\/100\n|turn|1\n|\n|t:|1699320942\n|detailschange|p1a: Go to sleep...|Banette-Mega, F\n|-mega|p1a: Go to sleep...|Banette|Banettite\n|move|p1a: Go to sleep...|Taunt|p2a: \ud83c\udf37\ud83c\udf52CHERRIM\ud83c\udf52\ud83c\udf37\n|-start|p2a: \ud83c\udf37\ud83c\udf52CHERRIM\ud83c\udf52\ud83c\udf37|move: Taunt\n|cant|p2a: \ud83c\udf37\ud83c\udf52CHERRIM\ud83c\udf52\ud83c\udf37|move: Taunt|Sunny Day\n|\n|upkeep\n|turn|2\n|\n|t:|1699320960\n|switch|p2a: \ud83c\udf4eFRAPPLE\ud83c\udf4f|Flapple, M, shiny|100\/100\n|move|p1a: Go to sleep...|Thunder Wave|p2a: \ud83c\udf4eFRAPPLE\ud83c\udf4f\n|-status|p2a: \ud83c\udf4eFRAPPLE\ud83c\udf4f|par\n|\n|upkeep\n|turn|3\n|\n|t:|1699320970\n|switch|p1a: Widowmaker|Ceruledge, F|100\/100\n|move|p2a: \ud83c\udf4eFRAPPLE\ud83c\udf4f|Grav Apple|p1a: Widowmaker\n|-resisted|p1a: Widowmaker\n|-damage|p1a: Widowmaker|76\/100\n|-unboost|p1a: Widowmaker|def|1\n|-ability|p1a: Widowmaker|Weak Armor|boost\n|-unboost|p1a: Widowmaker|def|1\n|-boost|p1a: Widowmaker|spe|2\n|\n|upkeep\n|turn|4\n|\n|t:|1699320981\n|move|p1a: Widowmaker|Swords Dance|p1a: Widowmaker\n|-boost|p1a: Widowmaker|atk|2\n|move|p2a: \ud83c\udf4eFRAPPLE\ud83c\udf4f|Dragon Dance|p2a: \ud83c\udf4eFRAPPLE\ud83c\udf4f\n|-boost|p2a: \ud83c\udf4eFRAPPLE\ud83c\udf4f|atk|1\n|-boost|p2a: \ud83c\udf4eFRAPPLE\ud83c\udf4f|spe|1\n|\n|upkeep\n|turn|5\n|\n|t:|1699320990\n|move|p1a: Widowmaker|Bitter Blade|p2a: \ud83c\udf4eFRAPPLE\ud83c\udf4f\n|-damage|p2a: \ud83c\udf4eFRAPPLE\ud83c\udf4f|0 fnt\n|-heal|p1a: Widowmaker|100\/100|[from] drain|[of] p2a: \ud83c\udf4eFRAPPLE\ud83c\udf4f\n|faint|p2a: \ud83c\udf4eFRAPPLE\ud83c\udf4f\n|\n|upkeep\n|\n|t:|1699321002\n|switch|p2a: \ud83c\udf3a\ud83e\udeb4OPERGON\ud83e\udea8|Ogerpon-Cornerstone, F|100\/100\n|turn|6\n|\n|t:|1699321032\n|-terastallize|p1a: Widowmaker|Fire\n|move|p1a: Widowmaker|Bitter Blade|p2a: \ud83c\udf3a\ud83e\udeb4OPERGON\ud83e\udea8\n|-ability|p2a: \ud83c\udf3a\ud83e\udeb4OPERGON\ud83e\udea8|Sturdy\n|-damage|p2a: \ud83c\udf3a\ud83e\udeb4OPERGON\ud83e\udea8|1\/100\n|move|p2a: \ud83c\udf3a\ud83e\udeb4OPERGON\ud83e\udea8|Ivy Cudgel|p1a: Widowmaker\n|-supereffective|p1a: Widowmaker\n|-enditem|p1a: Widowmaker|Focus Sash\n|-damage|p1a: Widowmaker|1\/100\n|-ability|p1a: Widowmaker|Weak Armor|boost\n|-unboost|p1a: Widowmaker|def|1\n|-boost|p1a: Widowmaker|spe|2\n|\n|upkeep\n|turn|7\n|inactive|FLOWER-M0DE\u267b\ufe0f has 120 seconds left.\n|-message|FLOWER-M0DE\u267b\ufe0f forfeited.\n|\n|win|KarmaNightraide\n|raw|KarmaNightraide's rating: 1108 &rarr; <strong>1126<\/strong><br \/>(+18 for winning)\n|raw|FLOWER-M0DE\u267b\ufe0f's rating: 1010 &rarr; <strong>1002<\/strong><br \/>(-8 for losing)\n|l|\u2606FLOWER-M0DE\u267b\ufe0f\n","uploadtime":1699321070,"views":6,"p1id":"karmanightraide","p2id":"flowerm0de","formatid":"gen9nationaldexubers","rating":1002,"private":0,"password":""}