{"id":"gen9nationaldexubers-1982200139","p1":"shue5225","p2":"KingoftheTitans","format":"[Gen 9] National Dex Ubers","log":"|j|\u2606shue5225\n|j|\u2606KingoftheTitans\n|t:|1698978424\n|gametype|singles\n|player|p1|shue5225|101|1408\n|player|p2|KingoftheTitans|102|1404\n|teamsize|p1|6\n|teamsize|p2|6\n|gen|9\n|tier|[Gen 9] National Dex Ubers\n|rated|\n|rule|HP Percentage Mod: HP is shown in percentages\n|rule|Endless Battle Clause: Forcing endless battles is banned\n|rule|OHKO Clause: OHKO moves are banned\n|rule|Evasion Moves Clause: Evasion moves are banned\n|rule|Evasion Items Clause: Evasion items are banned\n|rule|Species Clause: Limit one of each Pok\u00e9mon\n|rule|Sleep Clause Mod: Limit one foe put to sleep\n|rule|Mega Rayquaza Clause: You cannot mega evolve Rayquaza\n|clearpoke\n|poke|p1|Grimmsnarl, M|\n|poke|p1|Kyogre|\n|poke|p1|Groudon|\n|poke|p1|Flutter Mane|\n|poke|p1|Zacian-*|\n|poke|p1|Mewtwo|\n|poke|p2|Dugtrio, M|\n|poke|p2|Latios, M|\n|poke|p2|Mawile, F|\n|poke|p2|Ogerpon-Hearthflame, F|\n|poke|p2|Tornadus-Therian, M|\n|poke|p2|Iron Hands|\n|teampreview\n|\n|t:|1698978438\n|start\n|switch|p1a: Grimmsnarl|Grimmsnarl, M|100\/100\n|switch|p2a: Dugtrio|Dugtrio, M|100\/100\n|turn|1\n|\n|t:|1698978448\n|move|p1a: Grimmsnarl|Taunt|p2a: Dugtrio\n|-start|p2a: Dugtrio|move: Taunt\n|cant|p2a: Dugtrio|move: Taunt|Stealth Rock\n|\n|upkeep\n|turn|2\n|\n|t:|1698978526\n|move|p1a: Grimmsnarl|Light Screen|p1a: Grimmsnarl\n|-sidestart|p1: shue5225|move: Light Screen\n|move|p2a: Dugtrio|Earthquake|p1a: Grimmsnarl\n|-damage|p1a: Grimmsnarl|43\/100\n|\n|upkeep\n|turn|3\n|\n|t:|1698978533\n|move|p1a: Grimmsnarl|Reflect|p1a: Grimmsnarl\n|-sidestart|p1: shue5225|Reflect\n|move|p2a: Dugtrio|Earthquake|p1a: Grimmsnarl\n|-damage|p1a: Grimmsnarl|17\/100\n|\n|-end|p2a: Dugtrio|move: Taunt\n|upkeep\n|turn|4\n|\n|t:|1698978540\n|move|p1a: Grimmsnarl|Taunt|p2a: Dugtrio\n|-start|p2a: Dugtrio|move: Taunt\n|move|p2a: Dugtrio|Stone Edge|p1a: Grimmsnarl\n|-crit|p1a: Grimmsnarl\n|-damage|p1a: Grimmsnarl|0 fnt\n|faint|p1a: Grimmsnarl\n|\n|upkeep\n|\n|t:|1698978549\n|switch|p1a: Kyogre|Kyogre|100\/100\n|detailschange|p1a: Kyogre|Kyogre-Primal\n|-primal|p1a: Kyogre|Blue Orb\n|-weather|PrimordialSea|[from] ability: Primordial Sea|[of] p1a: Kyogre\n|turn|5\n|\n|t:|1698978556\n|move|p2a: Dugtrio|Earthquake|p1a: Kyogre\n|-damage|p1a: Kyogre|81\/100\n|move|p1a: Kyogre|Scald|p2a: Dugtrio\n|-supereffective|p2a: Dugtrio\n|-enditem|p2a: Dugtrio|Focus Sash\n|-damage|p2a: Dugtrio|1\/100\n|-status|p2a: Dugtrio|brn\n|\n|-weather|PrimordialSea|[upkeep]\n|-damage|p2a: Dugtrio|0 fnt|[from] brn\n|faint|p2a: Dugtrio\n|upkeep\n|\n|t:|1698978575\n|switch|p2a: Iron Hands|Iron Hands|100\/100\n|-enditem|p2a: Iron Hands|Booster Energy\n|-activate|p2a: Iron Hands|ability: Quark Drive|[fromitem]\n|-start|p2a: Iron Hands|quarkdriveatk\n|turn|6\n|\n|t:|1698978582\n|-weather|none\n|switch|p1a: Groudon|Groudon|100\/100\n|detailschange|p1a: Groudon|Groudon-Primal\n|-primal|p1a: Groudon|Red Orb\n|-weather|DesolateLand|[from] ability: Desolate Land|[of] p1a: Groudon\n|move|p2a: Iron Hands|Wild Charge|p1a: Groudon\n|-immune|p1a: Groudon\n|\n|-weather|DesolateLand|[upkeep]\n|upkeep\n|turn|7\n|\n|t:|1698978607\n|move|p1a: Groudon|Precipice Blades|p2a: Iron Hands|[miss]\n|-miss|p1a: Groudon|p2a: Iron Hands\n|move|p2a: Iron Hands|Drain Punch|p1a: Groudon\n|-damage|p1a: Groudon|80\/100\n|\n|-weather|DesolateLand|[upkeep]\n|upkeep\n|turn|8\n|\n|t:|1698978614\n|move|p1a: Groudon|Precipice Blades|p2a: Iron Hands|[miss]\n|-miss|p1a: Groudon|p2a: Iron Hands\n|move|p2a: Iron Hands|Ice Punch|p1a: Groudon\n|-damage|p1a: Groudon|67\/100\n|\n|-weather|DesolateLand|[upkeep]\n|upkeep\n|turn|9\n|\n|t:|1698978625\n|-end|p2a: Iron Hands|Quark Drive|[silent]\n|switch|p2a: Latios|Latios, M|100\/100\n|move|p1a: Groudon|Precipice Blades|p2a: Latios\n|-immune|p2a: Latios|[from] ability: Levitate\n|\n|-weather|DesolateLand|[upkeep]\n|-sideend|p1: shue5225|move: Light Screen\n|upkeep\n|turn|10\n|\n|t:|1698978641\n|-weather|none\n|switch|p1a: Flutter Mane|Flutter Mane|100\/100\n|-enditem|p1a: Flutter Mane|Booster Energy\n|-activate|p1a: Flutter Mane|ability: Protosynthesis|[fromitem]\n|-start|p1a: Flutter Mane|protosynthesisspe\n|move|p2a: Latios|Calm Mind|p2a: Latios\n|-boost|p2a: Latios|spa|1\n|-boost|p2a: Latios|spd|1\n|\n|-sideend|p1: shue5225|Reflect\n|upkeep\n|turn|11\n|\n|t:|1698978655\n|move|p1a: Flutter Mane|Moonblast|p2a: Latios\n|-supereffective|p2a: Latios\n|-crit|p2a: Latios\n|-damage|p2a: Latios|0 fnt\n|faint|p2a: Latios\n|\n|upkeep\n|\n|t:|1698978678\n|switch|p2a: Mawile|Mawile, F|100\/100\n|turn|12\n|\n|t:|1698978693\n|detailschange|p2a: Mawile|Mawile-Mega, F\n|-mega|p2a: Mawile|Mawile|Mawilite\n|-terastallize|p1a: Flutter Mane|Steel\n|move|p1a: Flutter Mane|Shadow Ball|p2a: Mawile\n|-damage|p2a: Mawile|52\/100\n|move|p2a: Mawile|Swords Dance|p2a: Mawile\n|-boost|p2a: Mawile|atk|2\n|\n|upkeep\n|turn|13\n|\n|t:|1698978704\n|move|p2a: Mawile|Sucker Punch||[still]\n|-fail|p2a: Mawile\n|move|p1a: Flutter Mane|Thunder Wave|p2a: Mawile\n|-status|p2a: Mawile|par\n|\n|upkeep\n|turn|14\n|c|\u2606KingoftheTitans|On a Mawile?\n|\n|t:|1698978714\n|move|p2a: Mawile|Sucker Punch|p1a: Flutter Mane\n|-damage|p1a: Flutter Mane|0 fnt\n|faint|p1a: Flutter Mane\n|-end|p1a: Flutter Mane|Protosynthesis|[silent]\n|\n|upkeep\n|c|\u2606shue5225|ya\n|\n|t:|1698978730\n|switch|p1a: Groudon|Groudon-Primal|67\/100\n|-weather|DesolateLand|[from] ability: Desolate Land|[of] p1a: Groudon\n|turn|15\n|\n|t:|1698978737\n|cant|p2a: Mawile|par\n|move|p1a: Groudon|Precipice Blades|p2a: Mawile\n|-supereffective|p2a: Mawile\n|-damage|p2a: Mawile|0 fnt\n|faint|p2a: Mawile\n|\n|-weather|DesolateLand|[upkeep]\n|upkeep\n|\n|t:|1698978750\n|switch|p2a: Tornadus|Tornadus-Therian, M|100\/100\n|turn|16\n|\n|t:|1698978757\n|move|p2a: Tornadus|U-turn|p1a: Groudon\n|-resisted|p1a: Groudon\n|-damage|p1a: Groudon|61\/100\n|\n|t:|1698978763\n|switch|p2a: Ogerpon|Ogerpon-Hearthflame, F|100\/100|[from] U-turn\n|-ability|p2a: Ogerpon|Mold Breaker\n|move|p1a: Groudon|Stone Edge|p2a: Ogerpon|[miss]\n|-miss|p1a: Groudon|p2a: Ogerpon\n|\n|-weather|DesolateLand|[upkeep]\n|upkeep\n|turn|17\n|\n|t:|1698978795\n|-weather|none\n|switch|p1a: Zacian|Zacian-Crowned, shiny|100\/100\n|-ability|p1a: Zacian|Intrepid Sword|boost\n|-boost|p1a: Zacian|atk|1\n|-terastallize|p2a: Ogerpon|Fire\n|detailschange|p2a: Ogerpon|Ogerpon-Hearthflame-Tera, F, tera:Fire\n|-ability|p2a: Ogerpon|Embody Aspect (Hearthflame)|boost\n|-boost|p2a: Ogerpon|atk|1\n|move|p2a: Ogerpon|Stomping Tantrum|p1a: Zacian\n|-supereffective|p1a: Zacian\n|-damage|p1a: Zacian|21\/100\n|\n|upkeep\n|turn|18\n|\n|t:|1698978817\n|switch|p1a: Kyogre|Kyogre-Primal|81\/100\n|-weather|PrimordialSea|[from] ability: Primordial Sea|[of] p1a: Kyogre\n|move|p2a: Ogerpon|Horn Leech|p1a: Kyogre\n|-supereffective|p1a: Kyogre\n|-damage|p1a: Kyogre|0 fnt\n|faint|p1a: Kyogre\n|-weather|none\n|\n|upkeep\n|\n|t:|1698978832\n|switch|p1a: Groudon|Groudon-Primal|61\/100\n|-weather|DesolateLand|[from] ability: Desolate Land|[of] p1a: Groudon\n|turn|19\n|\n|t:|1698978839\n|move|p2a: Ogerpon|Stomping Tantrum|p1a: Groudon\n|-supereffective|p1a: Groudon\n|-crit|p1a: Groudon\n|-damage|p1a: Groudon|0 fnt\n|faint|p1a: Groudon\n|-weather|none\n|\n|upkeep\n|\n|t:|1698978844\n|switch|p1a: Mewtwo|Mewtwo, shiny|100\/100\n|-ability|p1a: Mewtwo|Pressure\n|turn|20\n|\n|t:|1698978851\n|detailschange|p1a: Mewtwo|Mewtwo-Mega-Y, shiny\n|-mega|p1a: Mewtwo|Mewtwo|Mewtwonite Y\n|move|p1a: Mewtwo|Psystrike|p2a: Ogerpon\n|-damage|p2a: Ogerpon|12\/100\n|move|p2a: Ogerpon|Ivy Cudgel|p1a: Mewtwo\n|-crit|p1a: Mewtwo\n|-damage|p1a: Mewtwo|0 fnt\n|faint|p1a: Mewtwo\n|\n|upkeep\n|\n|t:|1698978860\n|switch|p1a: Zacian|Zacian-Crowned, shiny|21\/100\n|turn|21\n|\n|t:|1698978865\n|move|p1a: Zacian|Close Combat|p2a: Ogerpon\n|-damage|p2a: Ogerpon|0 fnt\n|-unboost|p1a: Zacian|def|1\n|-unboost|p1a: Zacian|spd|1\n|faint|p2a: Ogerpon\n|\n|upkeep\n|\n|t:|1698978873\n|switch|p2a: Iron Hands|Iron Hands|100\/100\n|turn|22\n|\n|t:|1698978882\n|move|p1a: Zacian|Play Rough|p2a: Iron Hands\n|-supereffective|p2a: Iron Hands\n|-damage|p2a: Iron Hands|31\/100\n|move|p2a: Iron Hands|Drain Punch|p1a: Zacian\n|-damage|p1a: Zacian|0 fnt\n|-heal|p2a: Iron Hands|37\/100|[from] drain|[of] p1a: Zacian\n|faint|p1a: Zacian\n|\n|win|KingoftheTitans\n|raw|shue5225's rating: 1408 &rarr; <strong>1388<\/strong><br \/>(-20 for losing)\n|raw|KingoftheTitans's rating: 1404 &rarr; <strong>1424<\/strong><br \/>(+20 for winning)\n|c|\u2606shue5225|gg\n|c|\u2606KingoftheTitans|gg\n","uploadtime":1698978893,"views":5,"p1id":"shue5225","p2id":"kingofthetitans","formatid":"gen9nationaldexubers","rating":1388,"private":0,"password":""}