{"id":"gen9nationaldexubers-1985572202","p1":"mauriceboi23","p2":"aguinaldo124","format":"[Gen 9] National Dex Ubers","log":"|j|\u2606mauriceboi23\n|j|\u2606aguinaldo124\n|t:|1699385633\n|gametype|singles\n|player|p1|mauriceboi23|hilbert|1136\n|player|p2|aguinaldo124|bruno|1195\n|teamsize|p1|6\n|teamsize|p2|6\n|gen|9\n|tier|[Gen 9] National Dex Ubers\n|rated|\n|rule|HP Percentage Mod: HP is shown in percentages\n|rule|Endless Battle Clause: Forcing endless battles is banned\n|rule|OHKO Clause: OHKO moves are banned\n|rule|Evasion Moves Clause: Evasion moves are banned\n|rule|Evasion Items Clause: Evasion items are banned\n|rule|Species Clause: Limit one of each Pok\u00e9mon\n|rule|Sleep Clause Mod: Limit one foe put to sleep\n|rule|Mega Rayquaza Clause: You cannot mega evolve Rayquaza\n|clearpoke\n|poke|p1|Celesteela|\n|poke|p1|Ceruledge, M|\n|poke|p1|Cyclizar, M|\n|poke|p1|Cloyster, F|\n|poke|p1|Calyrex-Ice|\n|poke|p1|Crustle, F|\n|poke|p2|Goodra, M|\n|poke|p2|Blastoise, F|\n|poke|p2|Delphox, F|\n|poke|p2|Aurorus, F|\n|poke|p2|Pangoro, F|\n|poke|p2|Raichu, F|\n|teampreview\n|c|\u2606mauriceboi23|glhf\n|inactive|Battle timer is ON: inactive players will automatically lose when time's up. (requested by aguinaldo124)\n|\n|t:|1699385650\n|start\n|switch|p1a: Coconut Crab|Crustle, F|100\/100\n|switch|p2a: Raichu|Raichu, F|100\/100\n|turn|1\n|\n|t:|1699385661\n|move|p2a: Raichu|Surf|p1a: Coconut Crab\n|-supereffective|p1a: Coconut Crab\n|-ability|p1a: Coconut Crab|Sturdy\n|-damage|p1a: Coconut Crab|1\/100\n|move|p1a: Coconut Crab|Stealth Rock|p2a: Raichu\n|-sidestart|p2: aguinaldo124|move: Stealth Rock\n|\n|upkeep\n|turn|2\n|c|\u2606mauriceboi23|just curious, was this your playthrough team?\n|\n|t:|1699385675\n|move|p2a: Raichu|Surf|p1a: Coconut Crab\n|-supereffective|p1a: Coconut Crab\n|-damage|p1a: Coconut Crab|0 fnt\n|faint|p1a: Coconut Crab\n|\n|upkeep\n|c|\u2606aguinaldo124|No\n|\n|t:|1699385685\n|switch|p1a: Clammy|Cloyster, F|100\/100\n|turn|3\n|c|\u2606mauriceboi23|oh ok\n|\n|t:|1699385699\n|switch|p2a: Blastoise|Blastoise, F|100\/100\n|-damage|p2a: Blastoise|88\/100|[from] Stealth Rock\n|move|p1a: Clammy|Shell Smash|p1a: Clammy\n|-unboost|p1a: Clammy|def|1\n|-unboost|p1a: Clammy|spd|1\n|-boost|p1a: Clammy|atk|2\n|-boost|p1a: Clammy|spa|2\n|-boost|p1a: Clammy|spe|2\n|\n|upkeep\n|turn|4\n|\n|t:|1699385712\n|switch|p1a: Cold Steel|Celesteela|100\/100\n|detailschange|p2a: Blastoise|Blastoise-Mega, F\n|-mega|p2a: Blastoise|Blastoise|Blastoisinite\n|move|p2a: Blastoise|Shell Smash|p2a: Blastoise\n|-unboost|p2a: Blastoise|def|1\n|-unboost|p2a: Blastoise|spd|1\n|-boost|p2a: Blastoise|atk|2\n|-boost|p2a: Blastoise|spa|2\n|-boost|p2a: Blastoise|spe|2\n|\n|upkeep\n|turn|5\n|\n|t:|1699385726\n|move|p2a: Blastoise|Water Pulse|p1a: Cold Steel\n|-crit|p1a: Cold Steel\n|-damage|p1a: Cold Steel|0 fnt\n|faint|p1a: Cold Steel\n|\n|upkeep\n|\n|t:|1699385735\n|switch|p1a: Cool Head|Calyrex-Ice|100\/100\n|-ability|p1a: Cool Head|As One\n|-ability|p1a: Cool Head|Unnerve\n|turn|6\n|\n|t:|1699385742\n|move|p2a: Blastoise|Dark Pulse|p1a: Cool Head\n|-supereffective|p1a: Cool Head\n|-damage|p1a: Cool Head|0 fnt\n|faint|p1a: Cool Head\n|\n|upkeep\n|\n|t:|1699385746\n|switch|p1a: Chuckwalla|Cyclizar, M|100\/100\n|turn|7\n|\n|t:|1699385751\n|move|p2a: Blastoise|Aura Sphere|p1a: Chuckwalla\n|-supereffective|p1a: Chuckwalla\n|-damage|p1a: Chuckwalla|0 fnt\n|faint|p1a: Chuckwalla\n|\n|upkeep\n|\n|t:|1699385754\n|switch|p1a: Cassian|Ceruledge, M|100\/100\n|turn|8\n|\n|t:|1699385761\n|-terastallize|p1a: Cassian|Fighting\n|move|p2a: Blastoise|Dark Pulse|p1a: Cassian\n|-resisted|p1a: Cassian\n|-damage|p1a: Cassian|45\/100\n|move|p1a: Cassian|Close Combat|p2a: Blastoise\n|-damage|p2a: Blastoise|11\/100\n|-unboost|p1a: Cassian|def|1\n|-unboost|p1a: Cassian|spd|1\n|\n|upkeep\n|turn|9\n|\n|t:|1699385772\n|move|p1a: Cassian|Shadow Sneak|p2a: Blastoise\n|-damage|p2a: Blastoise|0 fnt\n|faint|p2a: Blastoise\n|\n|upkeep\n|\n|t:|1699385785\n|switch|p2a: Raichu|Raichu, F|100\/100\n|-damage|p2a: Raichu|88\/100|[from] Stealth Rock\n|turn|10\n|\n|t:|1699385799\n|move|p2a: Raichu|Discharge|p1a: Cassian\n|-damage|p1a: Cassian|0 fnt\n|faint|p1a: Cassian\n|\n|upkeep\n|\n|t:|1699385802\n|switch|p1a: Clammy|Cloyster, F|100\/100\n|turn|11\n|\n|t:|1699385808\n|move|p2a: Raichu|Discharge|p1a: Clammy\n|-supereffective|p1a: Clammy\n|-enditem|p1a: Clammy|Focus Sash\n|-damage|p1a: Clammy|1\/100\n|move|p1a: Clammy|Shell Smash|p1a: Clammy\n|-unboost|p1a: Clammy|def|1\n|-unboost|p1a: Clammy|spd|1\n|-boost|p1a: Clammy|atk|2\n|-boost|p1a: Clammy|spa|2\n|-boost|p1a: Clammy|spe|2\n|\n|upkeep\n|turn|12\n|\n|t:|1699385819\n|move|p1a: Clammy|Drill Run|p2a: Raichu\n|-supereffective|p2a: Raichu\n|-damage|p2a: Raichu|0 fnt\n|faint|p2a: Raichu\n|\n|upkeep\n|\n|t:|1699385825\n|switch|p2a: Pangoro|Pangoro, F|100\/100\n|-damage|p2a: Pangoro|94\/100|[from] Stealth Rock\n|turn|13\n|c|\u2606mauriceboi23|damn gg\n|\n|t:|1699385835\n|-terastallize|p2a: Pangoro|Steel\n|move|p2a: Pangoro|Bullet Punch|p1a: Clammy\n|-damage|p1a: Clammy|0 fnt\n|faint|p1a: Clammy\n|-damage|p2a: Pangoro|85\/100|[from] item: Life Orb\n|\n|win|aguinaldo124\n|raw|mauriceboi23's rating: 1136 &rarr; <strong>1115<\/strong><br \/>(-21 for losing)\n|raw|aguinaldo124's rating: 1195 &rarr; <strong>1216<\/strong><br \/>(+21 for winning)\n|c|\u2606aguinaldo124|Gg\n|l|\u2606mauriceboi23\n","uploadtime":1699385844,"views":6,"p1id":"mauriceboi23","p2id":"aguinaldo124","formatid":"gen9nationaldexubers","rating":1115,"private":0,"password":""}