{"id":"gen9nationaldexubers-1996764342","p1":"ThisLad","p2":"GEL_Streak","format":"[Gen 9] National Dex Ubers","log":"|j|\u2606ThisLad\n|j|\u2606GEL_Streak\n|t:|1700721307\n|gametype|singles\n|player|p1|ThisLad|170|1302\n|player|p2|GEL_Streak|alain|1220\n|teamsize|p1|6\n|teamsize|p2|6\n|gen|9\n|tier|[Gen 9] National Dex Ubers\n|rated|\n|rule|HP Percentage Mod: HP is shown in percentages\n|rule|Endless Battle Clause: Forcing endless battles is banned\n|rule|OHKO Clause: OHKO moves are banned\n|rule|Evasion Moves Clause: Evasion moves are banned\n|rule|Evasion Items Clause: Evasion items are banned\n|rule|Species Clause: Limit one of each Pok\u00e9mon\n|rule|Sleep Clause Mod: Limit one foe put to sleep\n|rule|Mega Rayquaza Clause: You cannot mega evolve Rayquaza\n|clearpoke\n|poke|p1|Groudon|\n|poke|p1|Arceus-Dark|\n|poke|p1|Ho-Oh|\n|poke|p1|Zygarde|\n|poke|p1|Kyogre|\n|poke|p1|Necrozma-Dusk-Mane|\n|poke|p2|Pidgeot, M|\n|poke|p2|Gengar, M|\n|poke|p2|Blaziken, M|\n|poke|p2|Empoleon, M|\n|poke|p2|Annihilape, M|\n|poke|p2|Crobat, F|\n|teampreview\n|inactive|Battle timer is ON: inactive players will automatically lose when time's up. (requested by ThisLad)\n|j| Evil T-tar\n|\n|t:|1700721312\n|start\n|switch|p1a: Good Lion boi|Necrozma-Dusk-Mane|100\/100\n|switch|p2a: Crobat|Crobat, F, shiny|100\/100\n|turn|1\n|\n|t:|1700721321\n|switch|p2a: Annihilape|Annihilape, M|100\/100\n|move|p1a: Good Lion boi|Stealth Rock|p2a: Annihilape\n|-sidestart|p2: GEL_Streak|move: Stealth Rock\n|\n|upkeep\n|turn|2\n|\n|t:|1700721346\n|move|p2a: Annihilape|Earthquake|p1a: Good Lion boi\n|-supereffective|p1a: Good Lion boi\n|-damage|p1a: Good Lion boi|71\/100\n|move|p1a: Good Lion boi|Toxic|p2a: Annihilape\n|-status|p2a: Annihilape|tox\n|\n|-heal|p1a: Good Lion boi|77\/100|[from] item: Leftovers\n|-damage|p2a: Annihilape|94\/100 tox|[from] psn\n|upkeep\n|turn|3\n|\n|t:|1700721359\n|switch|p1a: Lugia Replacement|Ho-Oh|100\/100\n|move|p2a: Annihilape|Earthquake|p1a: Lugia Replacement\n|-immune|p1a: Lugia Replacement\n|\n|-damage|p2a: Annihilape|82\/100 tox|[from] psn\n|upkeep\n|turn|4\n|\n|t:|1700721368\n|move|p2a: Annihilape|Rage Fist|p1a: Lugia Replacement\n|-damage|p1a: Lugia Replacement|82\/100\n|move|p1a: Lugia Replacement|Whirlwind|p2a: Annihilape\n|drag|p2a: Gengar|Gengar, M, shiny|100\/100\n|-damage|p2a: Gengar|88\/100|[from] Stealth Rock\n|\n|upkeep\n|turn|5\n|\n|t:|1700721385\n|switch|p1a: This Dark Idiot|Arceus-Dark|100\/100\n|move|p2a: Gengar|Thunderbolt|p1a: This Dark Idiot\n|-damage|p1a: This Dark Idiot|79\/100\n|\n|upkeep\n|turn|6\n|\n|t:|1700721394\n|switch|p2a: Blaziken|Blaziken, M|100\/100\n|-damage|p2a: Blaziken|88\/100|[from] Stealth Rock\n|move|p1a: This Dark Idiot|Judgment|p2a: Blaziken\n|-resisted|p2a: Blaziken\n|-damage|p2a: Blaziken|53\/100\n|\n|upkeep\n|turn|7\n|\n|t:|1700721405\n|switch|p1a: Lugia Replacement|Ho-Oh|100\/100\n|move|p2a: Blaziken|Protect||[still]\n|-fail|p2a: Blaziken\n|\n|-ability|p2a: Blaziken|Speed Boost|boost\n|-boost|p2a: Blaziken|spe|1\n|upkeep\n|turn|8\n|\n|t:|1700721416\n|switch|p2a: Empoleon|Empoleon, M|100\/100\n|-damage|p2a: Empoleon|94\/100|[from] Stealth Rock\n|move|p1a: Lugia Replacement|Whirlwind|p2a: Empoleon\n|drag|p2a: Crobat|Crobat, F, shiny|100\/100\n|-damage|p2a: Crobat|76\/100|[from] Stealth Rock\n|\n|upkeep\n|turn|9\n|\n|t:|1700721425\n|move|p2a: Crobat|Acrobatics|p1a: Lugia Replacement\n|-damage|p1a: Lugia Replacement|70\/100\n|move|p1a: Lugia Replacement|Sacred Fire|p2a: Crobat\n|-damage|p2a: Crobat|15\/100\n|\n|upkeep\n|turn|10\n|\n|t:|1700721437\n|switch|p1a: Good Lion boi|Necrozma-Dusk-Mane|77\/100\n|move|p2a: Crobat|Poison Fang|p1a: Good Lion boi\n|-immune|p1a: Good Lion boi\n|\n|-heal|p1a: Good Lion boi|83\/100|[from] item: Leftovers\n|upkeep\n|turn|11\n|\n|t:|1700721446\n|move|p2a: Crobat|Leech Life|p1a: Good Lion boi\n|-damage|p1a: Good Lion boi|69\/100\n|-heal|p2a: Crobat|24\/100|[from] drain|[of] p1a: Good Lion boi\n|move|p1a: Good Lion boi|Sunsteel Strike|p2a: Crobat\n|-damage|p2a: Crobat|0 fnt\n|faint|p2a: Crobat\n|\n|-heal|p1a: Good Lion boi|75\/100|[from] item: Leftovers\n|upkeep\n|\n|t:|1700721459\n|switch|p2a: Annihilape|Annihilape, M|82\/100 tox\n|-damage|p2a: Annihilape|76\/100 tox|[from] Stealth Rock\n|turn|12\n|\n|t:|1700721474\n|switch|p1a: Lugia Replacement|Ho-Oh|100\/100\n|move|p2a: Annihilape|Rage Fist|p1a: Lugia Replacement\n|-damage|p1a: Lugia Replacement|84\/100\n|\n|-damage|p2a: Annihilape|70\/100 tox|[from] psn\n|upkeep\n|turn|13\n|\n|t:|1700721482\n|move|p2a: Annihilape|Rage Fist|p1a: Lugia Replacement\n|-damage|p1a: Lugia Replacement|66\/100\n|move|p1a: Lugia Replacement|Whirlwind|p2a: Annihilape\n|drag|p2a: Blaziken|Blaziken, M|53\/100\n|-damage|p2a: Blaziken|41\/100|[from] Stealth Rock\n|\n|upkeep\n|turn|14\n|\n|t:|1700721494\n|move|p2a: Blaziken|Protect|p2a: Blaziken\n|-singleturn|p2a: Blaziken|Protect\n|move|p1a: Lugia Replacement|Sacred Fire|p2a: Blaziken\n|-activate|p2a: Blaziken|move: Protect\n|\n|-ability|p2a: Blaziken|Speed Boost|boost\n|-boost|p2a: Blaziken|spe|1\n|upkeep\n|turn|15\n|\n|t:|1700721504\n|-zpower|p2a: Blaziken\n|move|p2a: Blaziken|All-Out Pummeling|p1a: Lugia Replacement|[zeffect]\n|-resisted|p1a: Lugia Replacement\n|-damage|p1a: Lugia Replacement|32\/100\n|move|p1a: Lugia Replacement|Whirlwind|p2a: Blaziken\n|drag|p2a: Gengar|Gengar, M, shiny|88\/100\n|-damage|p2a: Gengar|76\/100|[from] Stealth Rock\n|\n|upkeep\n|turn|16\n|\n|t:|1700721517\n|switch|p1a: This Dark Idiot|Arceus-Dark|79\/100\n|move|p2a: Gengar|Thunderbolt|p1a: This Dark Idiot\n|-damage|p1a: This Dark Idiot|58\/100\n|\n|upkeep\n|turn|17\n|\n|t:|1700721529\n|switch|p2a: Annihilape|Annihilape, M|70\/100 tox\n|-damage|p2a: Annihilape|64\/100 tox|[from] Stealth Rock\n|move|p1a: This Dark Idiot|Recover|p1a: This Dark Idiot\n|-heal|p1a: This Dark Idiot|100\/100\n|\n|-damage|p2a: Annihilape|58\/100 tox|[from] psn\n|upkeep\n|turn|18\n|\n|t:|1700721547\n|switch|p1a: Lugia Replacement|Ho-Oh|65\/100\n|move|p2a: Annihilape|Drain Punch|p1a: Lugia Replacement\n|-resisted|p1a: Lugia Replacement\n|-damage|p1a: Lugia Replacement|51\/100\n|-heal|p2a: Annihilape|66\/100 tox|[from] drain|[of] p1a: Lugia Replacement\n|\n|-damage|p2a: Annihilape|54\/100 tox|[from] psn\n|upkeep\n|turn|19\n|\n|t:|1700721561\n|move|p2a: Annihilape|Outrage|p1a: Lugia Replacement\n|-damage|p1a: Lugia Replacement|26\/100\n|move|p1a: Lugia Replacement|Whirlwind|p2a: Annihilape\n|drag|p2a: Gengar|Gengar, M, shiny|76\/100\n|-damage|p2a: Gengar|64\/100|[from] Stealth Rock\n|\n|upkeep\n|turn|20\n|\n|t:|1700721570\n|switch|p1a: This Dark Idiot|Arceus-Dark|100\/100\n|move|p2a: Gengar|Dazzling Gleam|p1a: This Dark Idiot\n|-supereffective|p1a: This Dark Idiot\n|-damage|p1a: This Dark Idiot|56\/100\n|\n|upkeep\n|turn|21\n|\n|t:|1700721579\n|move|p2a: Gengar|Dazzling Gleam|p1a: This Dark Idiot\n|-supereffective|p1a: This Dark Idiot\n|-damage|p1a: This Dark Idiot|9\/100\n|move|p1a: This Dark Idiot|Recover|p1a: This Dark Idiot\n|-heal|p1a: This Dark Idiot|59\/100\n|\n|upkeep\n|turn|22\n|\n|t:|1700721586\n|-terastallize|p1a: This Dark Idiot|Poison\n|move|p2a: Gengar|Dazzling Gleam|p1a: This Dark Idiot\n|-resisted|p1a: This Dark Idiot\n|-damage|p1a: This Dark Idiot|50\/100\n|move|p1a: This Dark Idiot|Judgment|p2a: Gengar\n|-supereffective|p2a: Gengar\n|-damage|p2a: Gengar|0 fnt\n|-start|p1a: This Dark Idiot|Disable|Judgment|[from] ability: Cursed Body|[of] p2a: Gengar\n|faint|p2a: Gengar\n|\n|upkeep\n|\n|t:|1700721601\n|switch|p2a: Annihilape|Annihilape, M|54\/100 tox\n|-damage|p2a: Annihilape|48\/100 tox|[from] Stealth Rock\n|turn|23\n|\n|t:|1700721615\n|switch|p1a: Lugia Replacement|Ho-Oh|60\/100\n|move|p2a: Annihilape|Earthquake|p1a: Lugia Replacement\n|-immune|p1a: Lugia Replacement\n|\n|-damage|p2a: Annihilape|42\/100 tox|[from] psn\n|upkeep\n|turn|24\n|\n|t:|1700721623\n|move|p2a: Annihilape|Outrage|p1a: Lugia Replacement\n|-damage|p1a: Lugia Replacement|35\/100\n|move|p1a: Lugia Replacement|Sacred Fire|p2a: Annihilape\n|-damage|p2a: Annihilape|0 fnt\n|faint|p2a: Annihilape\n|\n|upkeep\n|\n|t:|1700721635\n|switch|p2a: Empoleon|Empoleon, M|94\/100\n|-damage|p2a: Empoleon|88\/100|[from] Stealth Rock\n|turn|25\n|\n|t:|1700721640\n|switch|p1a: This Dark Idiot|Arceus-Dark, tera:Poison|50\/100\n|move|p2a: Empoleon|Scald|p1a: This Dark Idiot\n|-damage|p1a: This Dark Idiot|25\/100\n|\n|upkeep\n|turn|26\n|\n|t:|1700721649\n|move|p1a: This Dark Idiot|Recover|p1a: This Dark Idiot\n|-heal|p1a: This Dark Idiot|75\/100\n|move|p2a: Empoleon|Scald|p1a: This Dark Idiot\n|-damage|p1a: This Dark Idiot|50\/100\n|\n|upkeep\n|turn|27\n|\n|t:|1700721659\n|move|p1a: This Dark Idiot|Recover|p1a: This Dark Idiot\n|-heal|p1a: This Dark Idiot|99\/100\n|move|p2a: Empoleon|Scald|p1a: This Dark Idiot\n|-damage|p1a: This Dark Idiot|71\/100\n|\n|upkeep\n|turn|28\n|\n|t:|1700721667\n|switch|p1a: Good Lava boi|Groudon|100\/100\n|detailschange|p1a: Good Lava boi|Groudon-Primal\n|-primal|p1a: Good Lava boi|Red Orb\n|-weather|DesolateLand|[from] ability: Desolate Land|[of] p1a: Good Lava boi\n|move|p2a: Empoleon|Flash Cannon|p1a: Good Lava boi\n|-resisted|p1a: Good Lava boi\n|-damage|p1a: Good Lava boi|85\/100\n|\n|-weather|DesolateLand|[upkeep]\n|upkeep\n|turn|29\n|\n|t:|1700721681\n|switch|p2a: Pidgeot|Pidgeot, M|100\/100\n|-damage|p2a: Pidgeot|76\/100|[from] Stealth Rock\n|move|p1a: Good Lava boi|Precipice Blades|p2a: Pidgeot\n|-immune|p2a: Pidgeot\n|\n|-weather|DesolateLand|[upkeep]\n|upkeep\n|turn|30\n|\n|t:|1700721689\n|detailschange|p2a: Pidgeot|Pidgeot-Mega, M\n|-mega|p2a: Pidgeot|Pidgeot|Pidgeotite\n|move|p2a: Pidgeot|Hurricane|p1a: Good Lava boi\n|-damage|p1a: Good Lava boi|47\/100\n|move|p1a: Good Lava boi|Toxic|p2a: Pidgeot\n|-status|p2a: Pidgeot|tox\n|\n|-weather|DesolateLand|[upkeep]\n|-damage|p2a: Pidgeot|70\/100 tox|[from] psn\n|upkeep\n|turn|31\n|\n|t:|1700721699\n|move|p2a: Pidgeot|Hurricane|p1a: Good Lava boi\n|-damage|p1a: Good Lava boi|4\/100\n|-start|p1a: Good Lava boi|confusion\n|-activate|p1a: Good Lava boi|confusion\n|-damage|p1a: Good Lava boi|0 fnt|[from] confusion\n|faint|p1a: Good Lava boi\n|-weather|none\n|\n|-damage|p2a: Pidgeot|57\/100 tox|[from] psn\n|upkeep\n|\n|t:|1700721705\n|switch|p1a: Good Lion boi|Necrozma-Dusk-Mane|75\/100\n|turn|32\n|\n|t:|1700721712\n|move|p2a: Pidgeot|Heat Wave|p1a: Good Lion boi\n|-supereffective|p1a: Good Lion boi\n|-damage|p1a: Good Lion boi|41\/100\n|move|p1a: Good Lion boi|Moonlight|p1a: Good Lion boi\n|-heal|p1a: Good Lion boi|91\/100\n|\n|-heal|p1a: Good Lion boi|97\/100|[from] item: Leftovers\n|-damage|p2a: Pidgeot|39\/100 tox|[from] psn\n|upkeep\n|turn|33\n|\n|t:|1700721722\n|move|p2a: Pidgeot|Heat Wave|p1a: Good Lion boi\n|-supereffective|p1a: Good Lion boi\n|-damage|p1a: Good Lion boi|61\/100\n|move|p1a: Good Lion boi|Sunsteel Strike|p2a: Pidgeot\n|-damage|p2a: Pidgeot|0 fnt\n|faint|p2a: Pidgeot\n|\n|-heal|p1a: Good Lion boi|67\/100|[from] item: Leftovers\n|upkeep\n|-message|GEL_Streak forfeited.\n|\n|win|ThisLad\n|raw|ThisLad's rating: 1302 &rarr; <strong>1317<\/strong><br \/>(+15 for winning)\n|raw|GEL_Streak's rating: 1220 &rarr; <strong>1201<\/strong><br \/>(-19 for losing)\n|l|\u2606GEL_Streak\n|l| Evil T-tar\n","uploadtime":1700721739,"views":2,"p1id":"thislad","p2id":"gelstreak","formatid":"gen9nationaldexubers","rating":1201,"private":0,"password":""}