{"id":"gen9nationaldexubers-1980449511","p1":"von1233","p2":"stellarbunny","format":"[Gen 9] National Dex Ubers","log":"|j|\u2606von1233\n|j|\u2606stellarbunny\n|t:|1698785974\n|gametype|singles\n|player|p1|von1233|169|\n|player|p2|stellarbunny|psychicf-gen4|\n|teamsize|p1|6\n|teamsize|p2|6\n|gen|9\n|tier|[Gen 9] National Dex Ubers\n|rule|HP Percentage Mod: HP is shown in percentages\n|rule|Endless Battle Clause: Forcing endless battles is banned\n|rule|OHKO Clause: OHKO moves are banned\n|rule|Evasion Moves Clause: Evasion moves are banned\n|rule|Evasion Items Clause: Evasion items are banned\n|rule|Species Clause: Limit one of each Pok\u00e9mon\n|rule|Sleep Clause Mod: Limit one foe put to sleep\n|rule|Mega Rayquaza Clause: You cannot mega evolve Rayquaza\n|clearpoke\n|poke|p1|Dragonite, F|\n|poke|p1|Weavile, M|\n|poke|p1|Florges, F|\n|poke|p1|Gastrodon-East, M|\n|poke|p1|Landorus, M|\n|poke|p1|Heatran, F|\n|poke|p2|Heatran, F|\n|poke|p2|Clefable, M|\n|poke|p2|Serperior, M|\n|poke|p2|Medicham, F|\n|poke|p2|Gliscor, M|\n|poke|p2|Weavile, F|\n|teampreview\n|\n|t:|1698785982\n|start\n|switch|p1a: Heatran|Heatran, F|100\/100\n|switch|p2a: Jubba|Heatran, F, shiny|100\/100\n|-item|p2a: Jubba|Air Balloon\n|-item|p1a: Heatran|Air Balloon\n|turn|1\n|c|\u2606von1233|LOL\n|c|\u2606stellarbunny|Oh!\n|c|\u2606stellarbunny|wait im slooww\n|c|\u2606stellarbunny|shouldve taunted\n|c|\u2606von1233|haha\n|\n|t:|1698786018\n|move|p2a: Jubba|Stealth Rock|p1a: Heatran\n|-sidestart|p1: von1233|move: Stealth Rock\n|move|p1a: Heatran|Magma Storm|p2a: Jubba|[miss]\n|-miss|p1a: Heatran|p2a: Jubba\n|\n|upkeep\n|turn|2\n|c|\u2606von1233|okay\n|c|\u2606stellarbunny|when the heatran heatrans\n|c|\u2606von1233|so annoying!!\n|\n|t:|1698786035\n|move|p1a: Heatran|Protect|p1a: Heatran\n|-singleturn|p1a: Heatran|Protect\n|move|p2a: Jubba|Taunt|p1a: Heatran\n|-activate|p1a: Heatran|move: Protect\n|\n|upkeep\n|turn|3\n|\n|t:|1698786041\n|move|p1a: Heatran|Protect||[still]\n|-fail|p1a: Heatran\n|move|p2a: Jubba|Taunt|p1a: Heatran\n|-start|p1a: Heatran|move: Taunt\n|\n|upkeep\n|turn|4\n|c|\u2606stellarbunny|bro\n|c|\u2606von1233|I FAT FINGERD\n|\n|t:|1698786052\n|move|p2a: Jubba|Earth Power|p1a: Heatran\n|-immune|p1a: Heatran\n|move|p1a: Heatran|Magma Storm|p2a: Jubba\n|-damage|p2a: Jubba|62\/100\n|-activate|p2a: Jubba|move: Magma Storm|[of] p1a: Heatran\n|-enditem|p2a: Jubba|Air Balloon\n|\n|-damage|p2a: Jubba|50\/100|[from] move: Magma Storm|[partiallytrapped]\n|upkeep\n|turn|5\n|c|\u2606stellarbunny|HUH\n|c|\u2606von1233|air bloon\n|c|\u2606stellarbunny|wait is it\n|c|\u2606stellarbunny|flash fire or\n|c|\u2606stellarbunny|flame body\n|c|\u2606stellarbunny|mmm\n|\n|t:|1698786076\n|move|p2a: Jubba|Magma Storm|p1a: Heatran\n|-damage|p1a: Heatran|75\/100\n|-activate|p1a: Heatran|move: Magma Storm|[of] p2a: Jubba\n|-enditem|p1a: Heatran|Air Balloon\n|move|p1a: Heatran|Magma Storm|p2a: Jubba\n|-damage|p2a: Jubba|11\/100\n|\n|-damage|p2a: Jubba|0 fnt|[from] move: Magma Storm|[partiallytrapped]\n|faint|p2a: Jubba\n|-end|p1a: Heatran|Magma Storm|[partiallytrapped]|[silent]\n|upkeep\n|c|\u2606von1233|OMG U HAVE IT\n|c|\u2606stellarbunny|grrr\n|\n|t:|1698786088\n|switch|p2a: Glizzy|Gliscor, M, shiny|100\/100\n|turn|6\n|c|\u2606von1233|aa your ballon popped i could\u2019ve used earth\n|\n|t:|1698786097\n|switch|p1a: Gastrodon|Gastrodon-East, M|100\/100\n|-damage|p1a: Gastrodon|94\/100|[from] Stealth Rock\n|move|p2a: Glizzy|Swords Dance|p2a: Glizzy\n|-boost|p2a: Glizzy|atk|2\n|\n|-status|p2a: Glizzy|tox|[from] item: Toxic Orb\n|upkeep\n|turn|7\n|\n|t:|1698786107\n|switch|p2a: Ivy|Serperior, M, shiny|100\/100\n|move|p1a: Gastrodon|Scald|p2a: Ivy\n|-resisted|p2a: Ivy\n|-damage|p2a: Ivy|81\/100\n|-status|p2a: Ivy|brn\n|\n|-heal|p2a: Ivy|87\/100 brn|[from] item: Leftovers\n|-damage|p2a: Ivy|81\/100 brn|[from] brn\n|upkeep\n|turn|8\n|c|\u2606stellarbunny|ight screw u\n|c|\u2606von1233|hehe\n|\n|t:|1698786125\n|move|p2a: Ivy|Glare|p1a: Gastrodon\n|-status|p1a: Gastrodon|par\n|move|p1a: Gastrodon|Earth Power|p2a: Ivy\n|-resisted|p2a: Ivy\n|-damage|p2a: Ivy|59\/100 brn\n|\n|-heal|p2a: Ivy|65\/100 brn|[from] item: Leftovers\n|-damage|p2a: Ivy|59\/100 brn|[from] brn\n|upkeep\n|turn|9\n|\n|t:|1698786137\n|move|p2a: Ivy|Leaf Storm|p1a: Gastrodon\n|-supereffective|p1a: Gastrodon\n|-damage|p1a: Gastrodon|0 fnt\n|-boost|p2a: Ivy|spa|2\n|faint|p1a: Gastrodon\n|\n|-heal|p2a: Ivy|65\/100 brn|[from] item: Leftovers\n|-damage|p2a: Ivy|59\/100 brn|[from] brn\n|upkeep\n|c|\u2606stellarbunny|gg ez\n|c|\u2606von1233|NOOO\n|\n|t:|1698786149\n|switch|p1a: Landorus|Landorus, M|100\/100\n|-damage|p1a: Landorus|88\/100|[from] Stealth Rock\n|turn|10\n|\n|t:|1698786156\n|move|p2a: Ivy|Glare|p1a: Landorus\n|-status|p1a: Landorus|par\n|move|p1a: Landorus|Sludge Bomb|p2a: Ivy\n|-supereffective|p2a: Ivy\n|-damage|p2a: Ivy|0 fnt\n|faint|p2a: Ivy\n|\n|upkeep\n|c|\u2606stellarbunny|Huzzah\n|\n|t:|1698786163\n|switch|p2a: Dior|Medicham, F, shiny|100\/100\n|turn|11\n|c|\u2606von1233|hooray\n|\n|t:|1698786175\n|switch|p1a: Dragonite|Dragonite, F|100\/100\n|detailschange|p2a: Dior|Medicham-Mega, F, shiny\n|-mega|p2a: Dior|Medicham|Medichamite\n|move|p2a: Dior|Fake Out|p1a: Dragonite\n|-crit|p1a: Dragonite\n|-damage|p1a: Dragonite|83\/100\n|\n|upkeep\n|turn|12\n|\n|t:|1698786185\n|move|p2a: Dior|Ice Punch|p1a: Dragonite\n|-supereffective|p1a: Dragonite\n|-damage|p1a: Dragonite|0 fnt\n|faint|p1a: Dragonite\n|\n|upkeep\n|c|\u2606stellarbunny|medicham sweep\n|c|\u2606von1233|woah!!\n|c|\u2606stellarbunny|incoming\n|c|\u2606von1233|i wasn\u2019t prepared at all\n|c|\u2606stellarbunny|hehe\n|\n|t:|1698786205\n|switch|p1a: Landorus|Landorus, M|88\/100 par\n|-damage|p1a: Landorus|76\/100 par|[from] Stealth Rock\n|turn|13\n|\n|t:|1698786212\n|-terastallize|p1a: Landorus|Ground\n|move|p2a: Dior|Ice Punch|p1a: Landorus\n|-supereffective|p1a: Landorus\n|-damage|p1a: Landorus|0 fnt\n|faint|p1a: Landorus\n|\n|upkeep\n|\n|t:|1698786219\n|switch|p1a: Heatran|Heatran, F|75\/100\n|-damage|p1a: Heatran|62\/100|[from] Stealth Rock\n|turn|14\n|\n|t:|1698786229\n|move|p2a: Dior|Ice Punch|p1a: Heatran\n|-resisted|p1a: Heatran\n|-damage|p1a: Heatran|54\/100\n|move|p1a: Heatran|Magma Storm|p2a: Dior\n|-damage|p2a: Dior|36\/100\n|-activate|p2a: Dior|move: Magma Storm|[of] p1a: Heatran\n|\n|-damage|p2a: Dior|24\/100|[from] move: Magma Storm|[partiallytrapped]\n|upkeep\n|turn|15\n|c|\u2606stellarbunny|grr\n|c|\u2606von1233|noob\n|c|\u2606stellarbunny|dont do it\n|\n|t:|1698786244\n|move|p2a: Dior|High Jump Kick|p1a: Heatran\n|-supereffective|p1a: Heatran\n|-damage|p1a: Heatran|0 fnt\n|faint|p1a: Heatran\n|\n|-end|p2a: Dior|Magma Storm|[partiallytrapped]|[silent]\n|upkeep\n|c|\u2606stellarbunny|YAY\n|c|\u2606von1233|CHEAT\n|\n|t:|1698786254\n|switch|p1a: Weavile|Weavile, M|100\/100\n|-ability|p1a: Weavile|Pressure\n|turn|16\n|c|\u2606stellarbunny|mfw ur super effective to the entire team\n|\n|t:|1698786263\n|move|p1a: Weavile|Icicle Crash|p2a: Dior|[miss]\n|-miss|p1a: Weavile|p2a: Dior\n|move|p2a: Dior|High Jump Kick|p1a: Weavile\n|-supereffective|p1a: Weavile\n|-damage|p1a: Weavile|0 fnt\n|faint|p1a: Weavile\n|\n|upkeep\n|c|\u2606stellarbunny|gg\n|c|\u2606von1233|\u2026\n|c|\u2606stellarbunny|LOL\n|\n|t:|1698786273\n|switch|p1a: Florges|Florges, F|100\/100\n|-damage|p1a: Florges|88\/100|[from] Stealth Rock\n|turn|17\n|\n|t:|1698786279\n|move|p2a: Dior|Ice Punch|p1a: Florges\n|-damage|p1a: Florges|29\/100\n|move|p1a: Florges|Moonblast|p2a: Dior\n|-supereffective|p2a: Dior\n|-damage|p2a: Dior|0 fnt\n|faint|p2a: Dior\n|\n|-heal|p1a: Florges|35\/100|[from] item: Leftovers\n|upkeep\n|c|\u2606stellarbunny|HUZZAH\n|c|\u2606von1233|florges sweep\n|\n|t:|1698786291\n|switch|p2a: Weezo|Weavile, F, shiny|100\/100\n|-ability|p2a: Weezo|Pressure\n|turn|18\n|c|\u2606stellarbunny|wait im slow\n|c|\u2606stellarbunny|i thought it was\n|c|\u2606stellarbunny|grass.\n|\n|t:|1698786301\n|switch|p2a: Cleffy|Clefable, M, shiny|100\/100\n|move|p1a: Florges|Protect||[still]\n|-fail|p1a: Florges\n|\n|-heal|p1a: Florges|41\/100|[from] item: Leftovers\n|upkeep\n|turn|19\n|\n|t:|1698786310\n|switch|p2a: Glizzy|Gliscor, M, shiny|100\/100 tox\n|move|p1a: Florges|Wish|p1a: Florges\n|\n|-heal|p1a: Florges|47\/100|[from] item: Leftovers\n|upkeep\n|turn|20\n|\n|t:|1698786318\n|move|p2a: Glizzy|Swords Dance|p2a: Glizzy\n|-boost|p2a: Glizzy|atk|2\n|move|p1a: Florges|Moonblast|p2a: Glizzy\n|-damage|p2a: Glizzy|66\/100 tox\n|-unboost|p2a: Glizzy|spa|1\n|\n|-heal|p1a: Florges|97\/100|[from] move: Wish|[wisher] Florges\n|-heal|p1a: Florges|100\/100|[from] item: Leftovers\n|-heal|p2a: Glizzy|78\/100 tox|[from] ability: Poison Heal\n|upkeep\n|turn|21\n|\n|t:|1698786332\n|move|p2a: Glizzy|Earthquake|p1a: Florges\n|-damage|p1a: Florges|14\/100\n|move|p1a: Florges|Moonblast|p2a: Glizzy\n|-damage|p2a: Glizzy|45\/100 tox\n|\n|-heal|p1a: Florges|20\/100|[from] item: Leftovers\n|-heal|p2a: Glizzy|58\/100 tox|[from] ability: Poison Heal\n|upkeep\n|turn|22\n|c|\u2606stellarbunny|GRAH\n|\n|t:|1698786342\n|move|p1a: Florges|Protect|p1a: Florges\n|-singleturn|p1a: Florges|Protect\n|move|p2a: Glizzy|Earthquake|p1a: Florges\n|-activate|p1a: Florges|move: Protect\n|\n|-heal|p1a: Florges|26\/100|[from] item: Leftovers\n|-heal|p2a: Glizzy|70\/100 tox|[from] ability: Poison Heal\n|upkeep\n|turn|23\n|c|\u2606stellarbunny|gay\n|\n|t:|1698786352\n|move|p2a: Glizzy|Earthquake|p1a: Florges\n|-damage|p1a: Florges|0 fnt\n|faint|p1a: Florges\n|\n|win|stellarbunny\n|c|\u2606stellarbunny|GGS!\n","uploadtime":1698786360,"views":9,"p1id":"von1233","p2id":"stellarbunny","formatid":"gen9nationaldexubers","rating":0,"private":0,"password":""}