{"id":"gen9nationaldexubers-1981922417","p1":"7evenGhosT","p2":"X7FRZ","format":"[Gen 9] National Dex Ubers","log":"|j|\u26067evenGhosT\n|j|\u2606X7FRZ\n|t:|1698951941\n|gametype|singles\n|player|p1|7evenGhosT|caitlin|1237\n|player|p2|X7FRZ|alec-anime|1288\n|teamsize|p1|6\n|teamsize|p2|6\n|gen|9\n|tier|[Gen 9] National Dex Ubers\n|rated|\n|rule|HP Percentage Mod: HP is shown in percentages\n|rule|Endless Battle Clause: Forcing endless battles is banned\n|rule|OHKO Clause: OHKO moves are banned\n|rule|Evasion Moves Clause: Evasion moves are banned\n|rule|Evasion Items Clause: Evasion items are banned\n|rule|Species Clause: Limit one of each Pok\u00e9mon\n|rule|Sleep Clause Mod: Limit one foe put to sleep\n|rule|Mega Rayquaza Clause: You cannot mega evolve Rayquaza\n|clearpoke\n|poke|p1|Calyrex-Ice|\n|poke|p1|Melmetal|\n|poke|p1|Magearna|\n|poke|p1|Necrozma-Dawn-Wings|\n|poke|p1|Hatterene, F|\n|poke|p1|Dracovish|\n|poke|p2|Marshadow|\n|poke|p2|Dragapult, F|\n|poke|p2|Shaymin-Sky|\n|poke|p2|Blaziken, F|\n|poke|p2|Cinderace, M|\n|poke|p2|Basculegion, M|\n|teampreview\n|\n|t:|1698951950\n|start\n|switch|p1a: Hatterene|Hatterene, F|100\/100\n|switch|p2a: my dog|Shaymin-Sky, shiny|100\/100\n|turn|1\n|\n|t:|1698951959\n|move|p2a: my dog|Air Slash|p1a: Hatterene\n|-damage|p1a: Hatterene|63\/100\n|cant|p1a: Hatterene|flinch\n|\n|upkeep\n|turn|2\n|\n|t:|1698951966\n|move|p2a: my dog|Air Slash|p1a: Hatterene\n|-damage|p1a: Hatterene|27\/100\n|cant|p1a: Hatterene|flinch\n|\n|upkeep\n|turn|3\n|\n|t:|1698951982\n|move|p2a: my dog|Air Slash|p1a: Hatterene\n|-damage|p1a: Hatterene|0 fnt\n|faint|p1a: Hatterene\n|\n|upkeep\n|\n|t:|1698952014\n|switch|p1a: Calyrex|Calyrex-Ice|100\/100\n|-ability|p1a: Calyrex|As One\n|-ability|p1a: Calyrex|Unnerve\n|turn|4\n|inactive|Battle timer is ON: inactive players will automatically lose when time's up. (requested by X7FRZ)\n|\n|t:|1698952023\n|move|p2a: my dog|Air Slash|p1a: Calyrex\n|-damage|p1a: Calyrex|76\/100\n|cant|p1a: Calyrex|flinch\n|\n|upkeep\n|turn|5\n|\n|t:|1698952029\n|move|p2a: my dog|Air Slash|p1a: Calyrex\n|-damage|p1a: Calyrex|51\/100\n|move|p1a: Calyrex|Trick Room|p1a: Calyrex\n|-fieldstart|move: Trick Room|[of] p1a: Calyrex\n|\n|upkeep\n|turn|6\n|c|\u26067evenGhosT|eh\n|c|\u26067evenGhosT|fucking bitch\n|\n|t:|1698952045\n|move|p1a: Calyrex|Glacial Lance|p2a: my dog\n|-supereffective|p2a: my dog\n|-enditem|p2a: my dog|Focus Sash\n|-damage|p2a: my dog|1\/100\n|move|p2a: my dog|Air Slash|p1a: Calyrex\n|-damage|p1a: Calyrex|28\/100\n|\n|upkeep\n|turn|7\n|c|\u2606X7FRZ|lmao\n|c|\u2606X7FRZ|what\n|\n|t:|1698952055\n|move|p1a: Calyrex|Glacial Lance|p2a: my dog\n|-supereffective|p2a: my dog\n|-damage|p2a: my dog|0 fnt\n|faint|p2a: my dog\n|-ability|p1a: Calyrex|Chilling Neigh|boost\n|-boost|p1a: Calyrex|atk|1\n|\n|upkeep\n|\n|t:|1698952066\n|switch|p2a: school gun user|Marshadow|100\/100\n|turn|8\n|c|\u2606X7FRZ|is a game chill lil bro\n|\n|t:|1698952090\n|move|p2a: school gun user|Shadow Sneak|p1a: Calyrex\n|-supereffective|p1a: Calyrex\n|-damage|p1a: Calyrex|0 fnt\n|faint|p1a: Calyrex\n|-damage|p2a: school gun user|91\/100|[from] item: Life Orb\n|\n|upkeep\n|c|\u2606X7FRZ|plus is a 30 chance\n|c|\u2606X7FRZ|lmao\n|\n|t:|1698952097\n|switch|p1a: Magearna|Magearna|100\/100\n|turn|9\n|inactive|7evenGhosT has 120 seconds left.\n|c|\u26067evenGhosT|this poke have the talents serene grace\n|c|\u2606X7FRZ|yeah???\n|inactive|7evenGhosT has 90 seconds left.\n|c|\u2606X7FRZ|how is that bad\n|c|\u26067evenGhosT|you have 60% chance of have a flinch\n|c|\u2606X7FRZ|yeah\n|\n|t:|1698952156\n|-terastallize|p2a: school gun user|Fighting\n|move|p1a: Magearna|Fleur Cannon|p2a: school gun user\n|-supereffective|p2a: school gun user\n|-damage|p2a: school gun user|0 fnt\n|-unboost|p1a: Magearna|spa|2\n|faint|p2a: school gun user\n|-ability|p1a: Magearna|Soul-Heart|boost\n|-boost|p1a: Magearna|spa|1\n|\n|-fieldend|move: Trick Room\n|upkeep\n|\n|t:|1698952169\n|switch|p2a: kfc worker|Blaziken, F, shiny|100\/100\n|turn|10\n|\n|t:|1698952175\n|detailschange|p2a: kfc worker|Blaziken-Mega, F, shiny\n|-mega|p2a: kfc worker|Blaziken|Blazikenite\n|move|p2a: kfc worker|Protect|p2a: kfc worker\n|-singleturn|p2a: kfc worker|Protect\n|move|p1a: Magearna|Trick Room|p1a: Magearna\n|-fieldstart|move: Trick Room|[of] p1a: Magearna\n|\n|-ability|p2a: kfc worker|Speed Boost|boost\n|-boost|p2a: kfc worker|spe|1\n|upkeep\n|turn|11\n|\n|t:|1698952184\n|move|p1a: Magearna|Fleur Cannon|p2a: kfc worker\n|-damage|p2a: kfc worker|38\/100\n|-unboost|p1a: Magearna|spa|2\n|move|p2a: kfc worker|Blaze Kick|p1a: Magearna\n|-supereffective|p1a: Magearna\n|-damage|p1a: Magearna|4\/100\n|\n|-ability|p2a: kfc worker|Speed Boost|boost\n|-boost|p2a: kfc worker|spe|1\n|upkeep\n|turn|12\n|\n|t:|1698952196\n|move|p1a: Magearna|Fleur Cannon|p2a: kfc worker\n|-damage|p2a: kfc worker|0 fnt\n|-unboost|p1a: Magearna|spa|2\n|faint|p2a: kfc worker\n|-ability|p1a: Magearna|Soul-Heart|boost\n|-boost|p1a: Magearna|spa|1\n|\n|upkeep\n|c|\u2606X7FRZ|lmao why you report me tho\n|inactive|X7FRZ has 120 seconds left.\n|c|\u26067evenGhosT|i don't report you?\n|c|\u2606X7FRZ|oh my bad\n|c|\u26067evenGhosT|np\n|inactive|X7FRZ has 90 seconds left.\n|\n|t:|1698952271\n|switch|p2a: messi wannabe|Cinderace, M, shiny|100\/100\n|turn|13\n|\n|t:|1698952278\n|move|p1a: Magearna|Fleur Cannon|p2a: messi wannabe\n|-resisted|p2a: messi wannabe\n|-damage|p2a: messi wannabe|82\/100\n|-unboost|p1a: Magearna|spa|2\n|move|p2a: messi wannabe|Pyro Ball|p1a: Magearna\n|-supereffective|p1a: Magearna\n|-damage|p1a: Magearna|0 fnt\n|faint|p1a: Magearna\n|\n|upkeep\n|\n|t:|1698952288\n|switch|p1a: Necrozma|Necrozma-Dawn-Wings|100\/100\n|turn|14\n|inactive|X7FRZ has 90 seconds left.\n|\n|t:|1698952306\n|switch|p1a: Dracovish|Dracovish|100\/100\n|move|p2a: messi wannabe|Pyro Ball|p1a: Dracovish\n|-resisted|p1a: Dracovish\n|-damage|p1a: Dracovish|87\/100\n|\n|-fieldend|move: Trick Room\n|upkeep\n|turn|15\n|\n|t:|1698952316\n|move|p2a: messi wannabe|Pyro Ball|p1a: Dracovish\n|-resisted|p1a: Dracovish\n|-damage|p1a: Dracovish|75\/100\n|-status|p1a: Dracovish|brn\n|move|p1a: Dracovish|Outrage|p2a: messi wannabe\n|-damage|p2a: messi wannabe|24\/100\n|\n|-damage|p1a: Dracovish|69\/100 brn|[from] brn\n|upkeep\n|turn|16\n|c|\u2606X7FRZ|sorry if i was afk my mothere needed me\n|c|\u2606X7FRZ|lol'\n|\n|t:|1698952327\n|move|p2a: messi wannabe|Pyro Ball|p1a: Dracovish\n|-resisted|p1a: Dracovish\n|-damage|p1a: Dracovish|55\/100 brn\n|move|p1a: Dracovish|Outrage|p2a: messi wannabe|[from]lockedmove\n|-damage|p2a: messi wannabe|0 fnt\n|faint|p2a: messi wannabe\n|\n|-damage|p1a: Dracovish|49\/100 brn|[from] brn\n|upkeep\n|\n|t:|1698952336\n|switch|p2a: Dragapult|Dragapult, F|100\/100\n|turn|17\n|c|\u26067evenGhosT|ok\n|\n|t:|1698952341\n|move|p2a: Dragapult|Dragon Dance|p2a: Dragapult\n|-boost|p2a: Dragapult|atk|1\n|-boost|p2a: Dragapult|spe|1\n|move|p1a: Dracovish|Outrage|p2a: Dragapult|[from]lockedmove\n|-supereffective|p2a: Dragapult\n|-enditem|p2a: Dragapult|Focus Sash\n|-damage|p2a: Dragapult|1\/100\n|-start|p1a: Dracovish|confusion|[fatigue]\n|\n|-damage|p1a: Dracovish|43\/100 brn|[from] brn\n|upkeep\n|turn|18\n|inactive|7evenGhosT has 120 seconds left.\n|\n|t:|1698952353\n|move|p2a: Dragapult|Dragon Darts|p1a: Dracovish\n|-supereffective|p1a: Dracovish\n|-damage|p1a: Dracovish|0 fnt\n|faint|p1a: Dracovish\n|\n|upkeep\n|\n|t:|1698952375\n|switch|p1a: Melmetal|Melmetal|100\/100\n|turn|19\n|\n|t:|1698952385\n|move|p2a: Dragapult|Dragon Darts|p1a: Melmetal\n|-resisted|p1a: Melmetal\n|-damage|p1a: Melmetal|90\/100\n|-anim|p2a: Dragapult|Dragon Darts|p1a: Melmetal\n|-resisted|p1a: Melmetal\n|-damage|p1a: Melmetal|79\/100\n|move|p1a: Melmetal|Ice Punch|p2a: Dragapult\n|-supereffective|p2a: Dragapult\n|-damage|p2a: Dragapult|0 fnt\n|faint|p2a: Dragapult\n|-damage|p1a: Melmetal|69\/100|[from] item: Life Orb\n|\n|upkeep\n|\n|t:|1698952389\n|switch|p2a: Basculegion|Basculegion, M, shiny|100\/100\n|-ability|p2a: Basculegion|Mold Breaker\n|turn|20\n|\n|t:|1698952406\n|move|p2a: Basculegion|Agility|p2a: Basculegion\n|-boost|p2a: Basculegion|spe|2\n|move|p1a: Melmetal|Double Iron Bash|p2a: Basculegion\n|-resisted|p2a: Basculegion\n|-damage|p2a: Basculegion|67\/100\n|-resisted|p2a: Basculegion\n|-damage|p2a: Basculegion|30\/100\n|-hitcount|p2a: Basculegion|2\n|-damage|p1a: Melmetal|60\/100|[from] item: Life Orb\n|\n|upkeep\n|turn|21\n|c|\u2606X7FRZ|last respect  spam\n|c|\u2606X7FRZ|hehe\n|\n|t:|1698952426\n|move|p2a: Basculegion|Last Respects|p1a: Melmetal\n|-damage|p1a: Melmetal|0 fnt\n|faint|p1a: Melmetal\n|\n|upkeep\n|\n|t:|1698952435\n|switch|p1a: Necrozma|Necrozma-Dawn-Wings|100\/100\n|turn|22\n|\n|t:|1698952441\n|move|p2a: Basculegion|Last Respects|p1a: Necrozma\n|-supereffective|p1a: Necrozma\n|-damage|p1a: Necrozma|0 fnt\n|faint|p1a: Necrozma\n|\n|win|X7FRZ\n|raw|7evenGhosT's rating: 1237 &rarr; <strong>1216<\/strong><br \/>(-21 for losing)\n|raw|X7FRZ's rating: 1288 &rarr; <strong>1309<\/strong><br \/>(+21 for winning)\n","uploadtime":1698952043,"views":6,"p1id":"7evenghost","p2id":"x7frz","formatid":"gen9nationaldexubers","rating":1216,"private":0,"password":""}