{"id":"gen9nationaldexubers-1997403709","p1":"melodyrider","p2":"Oblivion37","format":"[Gen 9] National Dex Ubers","log":"|j|\u2606melodyrider\n|j|\u2606Oblivion37\n|t:|1700799822\n|gametype|singles\n|player|p1|melodyrider|pokemonrangerf|1218\n|player|p2|Oblivion37|ninjaboy|1237\n|teamsize|p1|6\n|teamsize|p2|6\n|gen|9\n|tier|[Gen 9] National Dex Ubers\n|rated|\n|rule|HP Percentage Mod: HP is shown in percentages\n|rule|Endless Battle Clause: Forcing endless battles is banned\n|rule|OHKO Clause: OHKO moves are banned\n|rule|Evasion Moves Clause: Evasion moves are banned\n|rule|Evasion Items Clause: Evasion items are banned\n|rule|Species Clause: Limit one of each Pok\u00e9mon\n|rule|Sleep Clause Mod: Limit one foe put to sleep\n|rule|Mega Rayquaza Clause: You cannot mega evolve Rayquaza\n|clearpoke\n|poke|p1|Genesect-Burn|\n|poke|p1|Malamar, F|\n|poke|p1|Gyarados, M|\n|poke|p1|Eelektross, M|\n|poke|p1|Tentacruel, F|\n|poke|p1|Giratina-Origin|\n|poke|p2|Deoxys-Speed|\n|poke|p2|Kangaskhan, F|\n|poke|p2|Polteageist|\n|poke|p2|Corsola-Galar, M|\n|poke|p2|Iron Valiant|\n|poke|p2|Shaymin-Sky|\n|teampreview\n|inactive|Battle timer is ON: inactive players will automatically lose when time's up. (requested by melodyrider)\n|\n|t:|1700799831\n|start\n|switch|p1a: Genesect|Genesect-Burn, shiny|100\/100\n|switch|p2a: fast|Deoxys-Speed|100\/100\n|-ability|p2a: fast|Pressure\n|-ability|p1a: Genesect|Download|boost\n|-boost|p1a: Genesect|spa|1\n|turn|1\n|\n|t:|1700799835\n|move|p1a: Genesect|Leech Life|p2a: fast\n|-supereffective|p2a: fast\n|-damage|p2a: fast|5\/100\n|move|p2a: fast|Mirror Coat||[still]\n|-fail|p2a: fast\n|\n|upkeep\n|turn|2\n|\n|t:|1700799839\n|move|p1a: Genesect|Extreme Speed|p2a: fast\n|-damage|p2a: fast|0 fnt\n|faint|p2a: fast\n|\n|upkeep\n|\n|t:|1700799842\n|switch|p2a: get noob|Kangaskhan, F|100\/100\n|turn|3\n|\n|t:|1700799845\n|detailschange|p2a: get noob|Kangaskhan-Mega, F\n|-mega|p2a: get noob|Kangaskhan|Kangaskhanite\n|move|p2a: get noob|Fake Out|p1a: Genesect\n|-resisted|p1a: Genesect\n|-damage|p1a: Genesect|89\/100\n|-resisted|p1a: Genesect\n|-damage|p1a: Genesect|87\/100\n|-hitcount|p1a: Genesect|2\n|cant|p1a: Genesect|flinch\n|\n|upkeep\n|turn|4\n|\n|t:|1700799849\n|move|p2a: get noob|Seismic Toss|p1a: Genesect\n|-damage|p1a: Genesect|51\/100\n|-damage|p1a: Genesect|16\/100\n|-hitcount|p1a: Genesect|2\n|move|p1a: Genesect|Shift Gear|p1a: Genesect\n|-boost|p1a: Genesect|spe|2\n|-boost|p1a: Genesect|atk|1\n|\n|upkeep\n|turn|5\n|\n|t:|1700799856\n|move|p2a: get noob|Sucker Punch|p1a: Genesect\n|-damage|p1a: Genesect|0 fnt\n|faint|p1a: Genesect\n|-hitcount|p1: Genesect|1\n|\n|upkeep\n|\n|t:|1700799858\n|switch|p1a: Giratina|Giratina-Origin, shiny|100\/100\n|turn|6\n|\n|t:|1700799862\n|move|p2a: get noob|Sucker Punch||[still]\n|-fail|p2a: get noob\n|move|p1a: Giratina|Will-O-Wisp|p2a: get noob\n|-status|p2a: get noob|brn\n|\n|-damage|p2a: get noob|95\/100 brn|[from] brn\n|upkeep\n|turn|7\n|\n|t:|1700799867\n|move|p2a: get noob|Sucker Punch|p1a: Giratina\n|-supereffective|p1a: Giratina\n|-damage|p1a: Giratina|84\/100\n|-supereffective|p1a: Giratina\n|-damage|p1a: Giratina|80\/100\n|-hitcount|p1a: Giratina|2\n|move|p1a: Giratina|Aura Sphere|p2a: get noob\n|-supereffective|p2a: get noob\n|-damage|p2a: get noob|49\/100 brn\n|\n|-damage|p2a: get noob|43\/100 brn|[from] brn\n|upkeep\n|turn|8\n|\n|t:|1700799872\n|move|p2a: get noob|Sucker Punch|p1a: Giratina\n|-supereffective|p1a: Giratina\n|-damage|p1a: Giratina|64\/100\n|-supereffective|p1a: Giratina\n|-damage|p1a: Giratina|60\/100\n|-hitcount|p1a: Giratina|2\n|move|p1a: Giratina|Aura Sphere|p2a: get noob\n|-supereffective|p2a: get noob\n|-damage|p2a: get noob|0 fnt\n|faint|p2a: get noob\n|\n|upkeep\n|\n|t:|1700799879\n|switch|p2a: bri'ish|Polteageist|100\/100\n|turn|9\n|\n|t:|1700799883\n|move|p1a: Giratina|Shadow Ball|p2a: bri'ish\n|-supereffective|p2a: bri'ish\n|-damage|p2a: bri'ish|15\/100\n|move|p2a: bri'ish|Shell Smash|p2a: bri'ish\n|-unboost|p2a: bri'ish|def|1\n|-unboost|p2a: bri'ish|spd|1\n|-boost|p2a: bri'ish|atk|2\n|-boost|p2a: bri'ish|spa|2\n|-boost|p2a: bri'ish|spe|2\n|\n|upkeep\n|turn|10\n|\n|t:|1700799887\n|move|p2a: bri'ish|Shadow Ball|p1a: Giratina\n|-supereffective|p1a: Giratina\n|-damage|p1a: Giratina|0 fnt\n|faint|p1a: Giratina\n|\n|upkeep\n|\n|t:|1700799889\n|switch|p1a: Gyarados|Gyarados, M, shiny|100\/100\n|-ability|p1a: Gyarados|Intimidate|boost\n|-unboost|p2a: bri'ish|atk|1\n|turn|11\n|\n|t:|1700799896\n|detailschange|p1a: Gyarados|Gyarados-Mega, M, shiny\n|-mega|p1a: Gyarados|Gyarados|Gyaradosite\n|-ability|p1a: Gyarados|Mold Breaker\n|move|p2a: bri'ish|Stored Power|p1a: Gyarados\n|-immune|p1a: Gyarados\n|move|p1a: Gyarados|Crunch|p2a: bri'ish\n|-supereffective|p2a: bri'ish\n|-damage|p2a: bri'ish|0 fnt\n|faint|p2a: bri'ish\n|\n|upkeep\n|\n|t:|1700799901\n|switch|p2a: true warrior|Iron Valiant|100\/100\n|-enditem|p2a: true warrior|Booster Energy\n|-activate|p2a: true warrior|ability: Quark Drive|[fromitem]\n|-start|p2a: true warrior|quarkdrivespe\n|turn|12\n|\n|t:|1700799907\n|move|p2a: true warrior|Thunder Punch|p1a: Gyarados\n|-supereffective|p1a: Gyarados\n|-damage|p1a: Gyarados|58\/100\n|move|p1a: Gyarados|Waterfall|p2a: true warrior\n|-crit|p2a: true warrior\n|-damage|p2a: true warrior|0 fnt\n|faint|p2a: true warrior\n|-end|p2a: true warrior|Quark Drive|[silent]\n|\n|upkeep\n|\n|t:|1700799910\n|switch|p2a: Shaymin|Shaymin-Sky|100\/100\n|turn|13\n|\n|t:|1700799913\n|move|p2a: Shaymin|Seed Flare|p1a: Gyarados\n|-supereffective|p1a: Gyarados\n|-damage|p1a: Gyarados|0 fnt\n|faint|p1a: Gyarados\n|\n|upkeep\n|\n|t:|1700799916\n|switch|p1a: Tentacruel|Tentacruel, F|100\/100\n|turn|14\n|\n|t:|1700799920\n|move|p2a: Shaymin|Substitute|p2a: Shaymin\n|-start|p2a: Shaymin|Substitute\n|-damage|p2a: Shaymin|76\/100\n|move|p1a: Tentacruel|Ice Beam|p2a: Shaymin\n|-supereffective|p2a: Shaymin\n|-end|p2a: Shaymin|Substitute\n|\n|-heal|p2a: Shaymin|82\/100|[from] item: Leftovers\n|upkeep\n|turn|15\n|\n|t:|1700799925\n|move|p2a: Shaymin|Seed Flare|p1a: Tentacruel\n|-damage|p1a: Tentacruel|45\/100\n|move|p1a: Tentacruel|Ice Beam|p2a: Shaymin\n|-supereffective|p2a: Shaymin\n|-damage|p2a: Shaymin|0 fnt\n|faint|p2a: Shaymin\n|\n|upkeep\n|\n|t:|1700799928\n|switch|p2a: tank|Corsola-Galar, M|100\/100\n|turn|16\n|\n|t:|1700799931\n|switch|p1a: Eelektross|Eelektross, M|100\/100\n|move|p2a: tank|Will-O-Wisp|p1a: Eelektross\n|-status|p1a: Eelektross|brn\n|\n|-damage|p1a: Eelektross|94\/100 brn|[from] brn\n|upkeep\n|turn|17\n|\n|t:|1700799938\n|move|p1a: Eelektross|Discharge|p2a: tank\n|-damage|p2a: tank|79\/100\n|move|p2a: tank|Night Shade|p1a: Eelektross\n|-damage|p1a: Eelektross|65\/100 brn\n|\n|-damage|p1a: Eelektross|58\/100 brn|[from] brn\n|upkeep\n|turn|18\n|\n|t:|1700799945\n|-terastallize|p1a: Eelektross|Electric\n|move|p1a: Eelektross|Discharge|p2a: tank\n|-damage|p2a: tank|50\/100\n|move|p2a: tank|Night Shade|p1a: Eelektross\n|-damage|p1a: Eelektross|29\/100 brn\n|\n|-damage|p1a: Eelektross|23\/100 brn|[from] brn\n|upkeep\n|turn|19\n|\n|t:|1700799947\n|move|p1a: Eelektross|Discharge|p2a: tank\n|-damage|p2a: tank|20\/100\n|-start|p1a: Eelektross|Disable|Discharge|[from] ability: Cursed Body|[of] p2a: tank\n|move|p2a: tank|Strength Sap|p1a: Eelektross\n|-unboost|p1a: Eelektross|atk|1\n|-heal|p2a: tank|85\/100\n|\n|-damage|p1a: Eelektross|16\/100 brn|[from] brn\n|upkeep\n|turn|20\n|\n|t:|1700799953\n|move|p1a: Eelektross|Volt Switch|p2a: tank\n|-damage|p2a: tank|64\/100\n|\n|t:|1700799958\n|switch|p1a: Malamar|Malamar, F|100\/100|[from] Volt Switch\n|move|p2a: tank|Night Shade|p1a: Malamar\n|-damage|p1a: Malamar|74\/100\n|\n|-heal|p1a: Malamar|80\/100|[from] item: Leftovers\n|upkeep\n|turn|21\n|\n|t:|1700799961\n|move|p1a: Malamar|Hypnosis|p2a: tank\n|-status|p2a: tank|slp|[from] move: Hypnosis\n|cant|p2a: tank|slp\n|\n|-heal|p1a: Malamar|86\/100|[from] item: Leftovers\n|upkeep\n|turn|22\n|\n|t:|1700799963\n|move|p1a: Malamar|Acupressure|p1a: Malamar\n|-boost|p1a: Malamar|spa|2\n|-curestatus|p2a: tank|slp|[msg]\n|move|p2a: tank|Will-O-Wisp|p1a: Malamar\n|-status|p1a: Malamar|brn\n|\n|-heal|p1a: Malamar|92\/100 brn|[from] item: Leftovers\n|-damage|p1a: Malamar|86\/100 brn|[from] brn\n|upkeep\n|turn|23\n|\n|t:|1700799965\n|move|p1a: Malamar|Acupressure|p1a: Malamar\n|-boost|p1a: Malamar|accuracy|2\n|move|p2a: tank|Haze|p2a: tank\n|-clearallboost\n|\n|-heal|p1a: Malamar|92\/100 brn|[from] item: Leftovers\n|-damage|p1a: Malamar|86\/100 brn|[from] brn\n|upkeep\n|turn|24\n|\n|t:|1700799970\n|move|p1a: Malamar|Hypnosis|p2a: tank|[miss]\n|-miss|p1a: Malamar|p2a: tank\n|move|p2a: tank|Strength Sap|p1a: Malamar\n|-unboost|p1a: Malamar|atk|1\n|-heal|p2a: tank|100\/100\n|\n|-heal|p1a: Malamar|92\/100 brn|[from] item: Leftovers\n|-damage|p1a: Malamar|86\/100 brn|[from] brn\n|upkeep\n|turn|25\n|\n|t:|1700799973\n|move|p1a: Malamar|Hypnosis|p2a: tank\n|-status|p2a: tank|slp|[from] move: Hypnosis\n|cant|p2a: tank|slp\n|\n|-heal|p1a: Malamar|92\/100 brn|[from] item: Leftovers\n|-damage|p1a: Malamar|86\/100 brn|[from] brn\n|upkeep\n|turn|26\n|\n|t:|1700799978\n|move|p1a: Malamar|Foul Play|p2a: tank\n|-supereffective|p2a: tank\n|-damage|p2a: tank|89\/100 slp\n|-start|p1a: Malamar|Disable|Foul Play|[from] ability: Cursed Body|[of] p2a: tank\n|-curestatus|p2a: tank|slp|[msg]\n|move|p2a: tank|Haze|p2a: tank\n|-clearallboost\n|\n|-heal|p1a: Malamar|92\/100 brn|[from] item: Leftovers\n|-damage|p1a: Malamar|86\/100 brn|[from] brn\n|upkeep\n|turn|27\n|\n|t:|1700799984\n|move|p1a: Malamar|Acupressure|p1a: Malamar\n|-boost|p1a: Malamar|accuracy|2\n|move|p2a: tank|Night Shade|p1a: Malamar\n|-damage|p1a: Malamar|60\/100 brn\n|\n|-heal|p1a: Malamar|66\/100 brn|[from] item: Leftovers\n|-damage|p1a: Malamar|60\/100 brn|[from] brn\n|upkeep\n|turn|28\n|\n|t:|1700799986\n|move|p1a: Malamar|Hypnosis|p2a: tank\n|-status|p2a: tank|slp|[from] move: Hypnosis\n|cant|p2a: tank|slp\n|\n|-heal|p1a: Malamar|66\/100 brn|[from] item: Leftovers\n|-damage|p1a: Malamar|60\/100 brn|[from] brn\n|upkeep\n|turn|29\n|\n|t:|1700799989\n|move|p1a: Malamar|Acupressure|p1a: Malamar\n|-boost|p1a: Malamar|spe|2\n|-curestatus|p2a: tank|slp|[msg]\n|move|p2a: tank|Haze|p2a: tank\n|-clearallboost\n|\n|-heal|p1a: Malamar|66\/100 brn|[from] item: Leftovers\n|-damage|p1a: Malamar|60\/100 brn|[from] brn\n|-end|p1a: Malamar|Disable\n|upkeep\n|turn|30\n|\n|t:|1700799993\n|move|p1a: Malamar|Foul Play|p2a: tank\n|-supereffective|p2a: tank\n|-damage|p2a: tank|79\/100\n|move|p2a: tank|Night Shade|p1a: Malamar\n|-damage|p1a: Malamar|33\/100 brn\n|\n|-heal|p1a: Malamar|39\/100 brn|[from] item: Leftovers\n|-damage|p1a: Malamar|33\/100 brn|[from] brn\n|upkeep\n|turn|31\n|\n|t:|1700799999\n|move|p1a: Malamar|Foul Play|p2a: tank\n|-supereffective|p2a: tank\n|-damage|p2a: tank|69\/100\n|-start|p1a: Malamar|Disable|Foul Play|[from] ability: Cursed Body|[of] p2a: tank\n|move|p2a: tank|Night Shade|p1a: Malamar\n|-damage|p1a: Malamar|6\/100 brn\n|\n|-heal|p1a: Malamar|12\/100 brn|[from] item: Leftovers\n|-damage|p1a: Malamar|6\/100 brn|[from] brn\n|upkeep\n|turn|32\n|\n|t:|1700800003\n|move|p1a: Malamar|Hypnosis|p2a: tank\n|-status|p2a: tank|slp|[from] move: Hypnosis\n|cant|p2a: tank|slp\n|\n|-heal|p1a: Malamar|12\/100 brn|[from] item: Leftovers\n|-damage|p1a: Malamar|6\/100 brn|[from] brn\n|upkeep\n|turn|33\n|\n|t:|1700800007\n|move|p1a: Malamar|Acupressure|p1a: Malamar\n|-boost|p1a: Malamar|def|2\n|cant|p2a: tank|slp\n|\n|-heal|p1a: Malamar|12\/100 brn|[from] item: Leftovers\n|-damage|p1a: Malamar|6\/100 brn|[from] brn\n|upkeep\n|turn|34\n|\n|t:|1700800010\n|move|p1a: Malamar|Acupressure|p1a: Malamar\n|-boost|p1a: Malamar|evasion|2\n|-curestatus|p2a: tank|slp|[msg]\n|move|p2a: tank|Night Shade|p1a: Malamar\n|-damage|p1a: Malamar|0 fnt\n|faint|p1a: Malamar\n|\n|upkeep\n|\n|t:|1700800013\n|switch|p1a: Eelektross|Eelektross, M, tera:Electric|16\/100 brn\n|turn|35\n|\n|t:|1700800016\n|move|p1a: Eelektross|Giga Drain|p2a: tank\n|-damage|p2a: tank|56\/100\n|-heal|p1a: Eelektross|23\/100 brn|[from] drain|[of] p2a: tank\n|move|p2a: tank|Strength Sap|p1a: Eelektross\n|-unboost|p1a: Eelektross|atk|1\n|-heal|p2a: tank|100\/100\n|\n|-damage|p1a: Eelektross|16\/100 brn|[from] brn\n|upkeep\n|turn|36\n|\n|t:|1700800018\n|move|p1a: Eelektross|Giga Drain|p2a: tank\n|-crit|p2a: tank\n|-damage|p2a: tank|80\/100\n|-heal|p1a: Eelektross|26\/100 brn|[from] drain|[of] p2a: tank\n|move|p2a: tank|Night Shade|p1a: Eelektross\n|-damage|p1a: Eelektross|0 fnt\n|faint|p1a: Eelektross\n|\n|upkeep\n|\n|t:|1700800020\n|switch|p1a: Tentacruel|Tentacruel, F|45\/100\n|turn|37\n|\n|t:|1700800022\n|move|p1a: Tentacruel|Ice Beam|p2a: tank\n|-damage|p2a: tank|71\/100\n|move|p2a: tank|Will-O-Wisp|p1a: Tentacruel\n|-status|p1a: Tentacruel|brn\n|\n|-damage|p1a: Tentacruel|39\/100 brn|[from] brn\n|upkeep\n|turn|38\n|c|\u2606Oblivion37|YES\n|c|\u2606Oblivion37|THE KING OF BULK\n|\n|t:|1700800034\n|move|p1a: Tentacruel|Ice Beam|p2a: tank\n|-damage|p2a: tank|63\/100\n|-start|p1a: Tentacruel|Disable|Ice Beam|[from] ability: Cursed Body|[of] p2a: tank\n|move|p2a: tank|Night Shade|p1a: Tentacruel\n|-damage|p1a: Tentacruel|8\/100 brn\n|\n|-damage|p1a: Tentacruel|2\/100 brn|[from] brn\n|upkeep\n|turn|39\n|\n|t:|1700800037\n|move|p1a: Tentacruel|Giga Drain|p2a: tank\n|-damage|p2a: tank|55\/100\n|-heal|p1a: Tentacruel|6\/100 brn|[from] drain|[of] p2a: tank\n|move|p2a: tank|Strength Sap|p1a: Tentacruel\n|-fail|p1a: Tentacruel|unboost|[from] ability: Clear Body|[of] p1a: Tentacruel\n|-heal|p2a: tank|100\/100\n|\n|-damage|p1a: Tentacruel|0 fnt|[from] brn\n|faint|p1a: Tentacruel\n|\n|win|Oblivion37\n|upkeep\n|raw|melodyrider's rating: 1218 &rarr; <strong>1194<\/strong><br \/>(-24 for losing)\n|raw|Oblivion37's rating: 1237 &rarr; <strong>1261<\/strong><br \/>(+24 for winning)\n|l|\u2606melodyrider\n|c|\u2606Oblivion37|ggs\n","uploadtime":1700800047,"views":5,"p1id":"melodyrider","p2id":"oblivion37","formatid":"gen9nationaldexubers","rating":1194,"private":0,"password":""}