{"id":"gen9nationaldexubers-1984611013","p1":"Fartconsumer","p2":"mega qy","format":"[Gen 9] National Dex Ubers","log":"|j|\u2606Fartconsumer\n|j|\u2606mega qy\n|t:|1699284461\n|gametype|singles\n|player|p1|Fartconsumer|101|1641\n|player|p2|mega qy|lusamine-nihilego|1662\n|teamsize|p1|6\n|teamsize|p2|6\n|gen|9\n|tier|[Gen 9] National Dex Ubers\n|rated|\n|rule|HP Percentage Mod: HP is shown in percentages\n|rule|Endless Battle Clause: Forcing endless battles is banned\n|rule|OHKO Clause: OHKO moves are banned\n|rule|Evasion Moves Clause: Evasion moves are banned\n|rule|Evasion Items Clause: Evasion items are banned\n|rule|Species Clause: Limit one of each Pok\u00e9mon\n|rule|Sleep Clause Mod: Limit one foe put to sleep\n|rule|Mega Rayquaza Clause: You cannot mega evolve Rayquaza\n|clearpoke\n|poke|p1|Groudon|\n|poke|p1|Yveltal|\n|poke|p1|Necrozma-Dusk-Mane|\n|poke|p1|Tapu Fini|\n|poke|p1|Ho-Oh|\n|poke|p1|Arceus-Ghost|\n|poke|p2|Hatterene, F|\n|poke|p2|Calyrex-Ice|\n|poke|p2|Cresselia, F|\n|poke|p2|Arceus|\n|poke|p2|Melmetal|\n|poke|p2|Groudon|\n|teampreview\n|inactive|Battle timer is ON: inactive players will automatically lose when time's up. (requested by mega qy)\n|\n|t:|1699284473\n|start\n|switch|p1a: Necrozma|Necrozma-Dusk-Mane|100\/100\n|switch|p2a: \u9752\u6625\u97f3\u7bb1\u87c0\u4e0d\u4f1a\u68a6\u89c1\u9b54\u5973\u5b66\u59d0|Hatterene, F, shiny|100\/100\n|turn|1\n|\n|t:|1699284477\n|move|p1a: Necrozma|Sunsteel Strike|p2a: \u9752\u6625\u97f3\u7bb1\u87c0\u4e0d\u4f1a\u68a6\u89c1\u9b54\u5973\u5b66\u59d0\n|-supereffective|p2a: \u9752\u6625\u97f3\u7bb1\u87c0\u4e0d\u4f1a\u68a6\u89c1\u9b54\u5973\u5b66\u59d0\n|-enditem|p2a: \u9752\u6625\u97f3\u7bb1\u87c0\u4e0d\u4f1a\u68a6\u89c1\u9b54\u5973\u5b66\u59d0|Focus Sash\n|-damage|p2a: \u9752\u6625\u97f3\u7bb1\u87c0\u4e0d\u4f1a\u68a6\u89c1\u9b54\u5973\u5b66\u59d0|1\/100\n|move|p2a: \u9752\u6625\u97f3\u7bb1\u87c0\u4e0d\u4f1a\u68a6\u89c1\u9b54\u5973\u5b66\u59d0|Trick Room|p2a: \u9752\u6625\u97f3\u7bb1\u87c0\u4e0d\u4f1a\u68a6\u89c1\u9b54\u5973\u5b66\u59d0\n|-fieldstart|move: Trick Room|[of] p2a: \u9752\u6625\u97f3\u7bb1\u87c0\u4e0d\u4f1a\u68a6\u89c1\u9b54\u5973\u5b66\u59d0\n|\n|upkeep\n|turn|2\n|\n|t:|1699284496\n|move|p2a: \u9752\u6625\u97f3\u7bb1\u87c0\u4e0d\u4f1a\u68a6\u89c1\u9b54\u5973\u5b66\u59d0|Future Sight|p1a: Necrozma\n|-start|p2a: \u9752\u6625\u97f3\u7bb1\u87c0\u4e0d\u4f1a\u68a6\u89c1\u9b54\u5973\u5b66\u59d0|move: Future Sight\n|move|p1a: Necrozma|Stealth Rock|p2a: \u9752\u6625\u97f3\u7bb1\u87c0\u4e0d\u4f1a\u68a6\u89c1\u9b54\u5973\u5b66\u59d0\n|move|p2a: \u9752\u6625\u97f3\u7bb1\u87c0\u4e0d\u4f1a\u68a6\u89c1\u9b54\u5973\u5b66\u59d0|Stealth Rock|p1a: Necrozma|[from]ability: Magic Bounce\n|-sidestart|p1: Fartconsumer|move: Stealth Rock\n|\n|upkeep\n|turn|3\n|\n|t:|1699284506\n|move|p2a: \u9752\u6625\u97f3\u7bb1\u87c0\u4e0d\u4f1a\u68a6\u89c1\u9b54\u5973\u5b66\u59d0|Misty Explosion|p1a: Necrozma\n|-resisted|p1a: Necrozma\n|-damage|p1a: Necrozma|83\/100\n|faint|p2a: \u9752\u6625\u97f3\u7bb1\u87c0\u4e0d\u4f1a\u68a6\u89c1\u9b54\u5973\u5b66\u59d0\n|move|p1a: Necrozma|Stealth Rock|p2: \u9752\u6625\u97f3\u7bb1\u87c0\u4e0d\u4f1a\u68a6\u89c1\u9b54\u5973\u5b66\u59d0\n|-sidestart|p2: mega qy|move: Stealth Rock\n|\n|-heal|p1a: Necrozma|89\/100|[from] item: Leftovers\n|upkeep\n|\n|t:|1699284512\n|switch|p2a: \u8fd9\u4e2a\u4e16\u754c\u5371\u5728\u65e6\u5915|Groudon|100\/100\n|-damage|p2a: \u8fd9\u4e2a\u4e16\u754c\u5371\u5728\u65e6\u5915|94\/100|[from] Stealth Rock\n|detailschange|p2a: \u8fd9\u4e2a\u4e16\u754c\u5371\u5728\u65e6\u5915|Groudon-Primal\n|-primal|p2a: \u8fd9\u4e2a\u4e16\u754c\u5371\u5728\u65e6\u5915|Red Orb\n|-weather|DesolateLand|[from] ability: Desolate Land|[of] p2a: \u8fd9\u4e2a\u4e16\u754c\u5371\u5728\u65e6\u5915\n|turn|4\n|\n|t:|1699284532\n|switch|p1a: Ho-Oh|Ho-Oh|100\/100\n|move|p2a: \u8fd9\u4e2a\u4e16\u754c\u5371\u5728\u65e6\u5915|Eruption|p1a: Ho-Oh\n|-resisted|p1a: Ho-Oh\n|-damage|p1a: Ho-Oh|64\/100\n|\n|-weather|DesolateLand|[upkeep]\n|-end|p1a: Ho-Oh|move: Future Sight\n|-damage|p1a: Ho-Oh|27\/100\n|upkeep\n|turn|5\n|\n|t:|1699284542\n|move|p2a: \u8fd9\u4e2a\u4e16\u754c\u5371\u5728\u65e6\u5915|Eruption|p1a: Ho-Oh\n|-resisted|p1a: Ho-Oh\n|-damage|p1a: Ho-Oh|0 fnt\n|faint|p1a: Ho-Oh\n|\n|-weather|DesolateLand|[upkeep]\n|-fieldend|move: Trick Room\n|upkeep\n|\n|t:|1699284543\n|switch|p1a: Groudon|Groudon, shiny|100\/100\n|-damage|p1a: Groudon|94\/100|[from] Stealth Rock\n|detailschange|p1a: Groudon|Groudon-Primal, shiny\n|-primal|p1a: Groudon|Red Orb\n|turn|6\n|\n|t:|1699284552\n|switch|p2a: \u4eca\u665a\u505a\u4e2a\u597d\u68a6\u5427|Cresselia, F|100\/100\n|-damage|p2a: \u4eca\u665a\u505a\u4e2a\u597d\u68a6\u5427|88\/100|[from] Stealth Rock\n|move|p1a: Groudon|Swords Dance|p1a: Groudon\n|-boost|p1a: Groudon|atk|2\n|\n|-weather|DesolateLand|[upkeep]\n|upkeep\n|turn|7\n|\n|t:|1699284558\n|move|p1a: Groudon|Heat Crash|p2a: \u4eca\u665a\u505a\u4e2a\u597d\u68a6\u5427\n|-damage|p2a: \u4eca\u665a\u505a\u4e2a\u597d\u68a6\u5427|0 fnt\n|faint|p2a: \u4eca\u665a\u505a\u4e2a\u597d\u68a6\u5427\n|\n|-weather|DesolateLand|[upkeep]\n|upkeep\n|\n|t:|1699284562\n|switch|p2a: \u6700\u5f3a\u6218\u795e\u5b99\u65af|Arceus|100\/100\n|-damage|p2a: \u6700\u5f3a\u6218\u795e\u5b99\u65af|88\/100|[from] Stealth Rock\n|turn|8\n|\n|t:|1699284570\n|move|p1a: Groudon|Precipice Blades|p2a: \u6700\u5f3a\u6218\u795e\u5b99\u65af\n|-damage|p2a: \u6700\u5f3a\u6218\u795e\u5b99\u65af|5\/100\n|move|p2a: \u6700\u5f3a\u6218\u795e\u5b99\u65af|Trick Room|p2a: \u6700\u5f3a\u6218\u795e\u5b99\u65af\n|-fieldstart|move: Trick Room|[of] p2a: \u6700\u5f3a\u6218\u795e\u5b99\u65af\n|\n|-weather|DesolateLand|[upkeep]\n|upkeep\n|turn|9\n|c|\u2606Fartconsumer|Damn he ate that up\n|\n|t:|1699284585\n|move|p1a: Groudon|Heat Crash|p2a: \u6700\u5f3a\u6218\u795e\u5b99\u65af\n|-damage|p2a: \u6700\u5f3a\u6218\u795e\u5b99\u65af|0 fnt\n|faint|p2a: \u6700\u5f3a\u6218\u795e\u5b99\u65af\n|\n|-weather|DesolateLand|[upkeep]\n|upkeep\n|\n|t:|1699284588\n|switch|p2a: \u6211\u8981\u51b0\u5c01\u8fd9\u4e2a\u4e16\u754c|Calyrex-Ice|100\/100\n|-ability|p2a: \u6211\u8981\u51b0\u5c01\u8fd9\u4e2a\u4e16\u754c|As One\n|-ability|p2a: \u6211\u8981\u51b0\u5c01\u8fd9\u4e2a\u4e16\u754c|Unnerve\n|-damage|p2a: \u6211\u8981\u51b0\u5c01\u8fd9\u4e2a\u4e16\u754c|76\/100|[from] Stealth Rock\n|turn|10\n|\n|t:|1699284598\n|-terastallize|p2a: \u6211\u8981\u51b0\u5c01\u8fd9\u4e2a\u4e16\u754c|Ice\n|move|p2a: \u6211\u8981\u51b0\u5c01\u8fd9\u4e2a\u4e16\u754c|Glacial Lance|p1a: Groudon\n|-damage|p1a: Groudon|0 fnt\n|faint|p1a: Groudon\n|-weather|none\n|-ability|p2a: \u6211\u8981\u51b0\u5c01\u8fd9\u4e2a\u4e16\u754c|Chilling Neigh|boost\n|-boost|p2a: \u6211\u8981\u51b0\u5c01\u8fd9\u4e2a\u4e16\u754c|atk|1\n|\n|upkeep\n|inactive|Fartconsumer has 120 seconds left.\n|\n|t:|1699284650\n|switch|p1a: Necrozma|Necrozma-Dusk-Mane|89\/100\n|-damage|p1a: Necrozma|83\/100|[from] Stealth Rock\n|turn|11\n|\n|t:|1699284654\n|move|p2a: \u6211\u8981\u51b0\u5c01\u8fd9\u4e2a\u4e16\u754c|Glacial Lance|p1a: Necrozma\n|-resisted|p1a: Necrozma\n|-damage|p1a: Necrozma|0 fnt\n|faint|p1a: Necrozma\n|-ability|p2a: \u6211\u8981\u51b0\u5c01\u8fd9\u4e2a\u4e16\u754c|Chilling Neigh|boost\n|-boost|p2a: \u6211\u8981\u51b0\u5c01\u8fd9\u4e2a\u4e16\u754c|atk|1\n|\n|upkeep\n|c|\u2606Fartconsumer|Holy shit \ud83d\udc80\n|\n|t:|1699284671\n|switch|p1a: Tapu Fini|Tapu Fini, shiny|100\/100\n|-damage|p1a: Tapu Fini|88\/100|[from] Stealth Rock\n|-fieldstart|move: Misty Terrain|[from] ability: Misty Surge|[of] p1a: Tapu Fini\n|turn|12\n|\n|t:|1699284675\n|move|p2a: \u6211\u8981\u51b0\u5c01\u8fd9\u4e2a\u4e16\u754c|Glacial Lance|p1a: Tapu Fini\n|-resisted|p1a: Tapu Fini\n|-crit|p1a: Tapu Fini\n|-damage|p1a: Tapu Fini|0 fnt\n|faint|p1a: Tapu Fini\n|-ability|p2a: \u6211\u8981\u51b0\u5c01\u8fd9\u4e2a\u4e16\u754c|Chilling Neigh|boost\n|-boost|p2a: \u6211\u8981\u51b0\u5c01\u8fd9\u4e2a\u4e16\u754c|atk|1\n|\n|-fieldend|move: Trick Room\n|upkeep\n|\n|t:|1699284676\n|switch|p1a: Yveltal|Yveltal|100\/100\n|-ability|p1a: Yveltal|Dark Aura\n|turn|13\n|\n|t:|1699284681\n|move|p1a: Yveltal|Foul Play|p2a: \u6211\u8981\u51b0\u5c01\u8fd9\u4e2a\u4e16\u754c\n|-damage|p2a: \u6211\u8981\u51b0\u5c01\u8fd9\u4e2a\u4e16\u754c|0 fnt\n|faint|p2a: \u6211\u8981\u51b0\u5c01\u8fd9\u4e2a\u4e16\u754c\n|\n|upkeep\n|\n|t:|1699284685\n|switch|p2a: \u5c0f\u667a\u51a0\u519b\u5927\u9171|Melmetal|100\/100\n|-damage|p2a: \u5c0f\u667a\u51a0\u519b\u5927\u9171|94\/100|[from] Stealth Rock\n|turn|14\n|\n|t:|1699284688\n|move|p1a: Yveltal|Foul Play|p2a: \u5c0f\u667a\u51a0\u519b\u5927\u9171\n|-damage|p2a: \u5c0f\u667a\u51a0\u519b\u5927\u9171|53\/100\n|move|p2a: \u5c0f\u667a\u51a0\u519b\u5927\u9171|Double Iron Bash|p1a: Yveltal\n|-damage|p1a: Yveltal|60\/100\n|-crit|p1a: Yveltal\n|-damage|p1a: Yveltal|1\/100\n|-hitcount|p1a: Yveltal|2\n|\n|upkeep\n|turn|15\n|\n|t:|1699284693\n|move|p1a: Yveltal|Foul Play|p2a: \u5c0f\u667a\u51a0\u519b\u5927\u9171\n|-damage|p2a: \u5c0f\u667a\u51a0\u519b\u5927\u9171|10\/100\n|move|p2a: \u5c0f\u667a\u51a0\u519b\u5927\u9171|Double Iron Bash|p1a: Yveltal\n|-damage|p1a: Yveltal|0 fnt\n|faint|p1a: Yveltal\n|-hitcount|p1: Yveltal|1\n|\n|upkeep\n|\n|t:|1699284695\n|switch|p1a: Arceus|Arceus-Ghost|100\/100\n|-damage|p1a: Arceus|88\/100|[from] Stealth Rock\n|turn|16\n|\n|t:|1699284701\n|-terastallize|p1a: Arceus|Ghost\n|move|p1a: Arceus|Shadow Force||[still]\n|-prepare|p1a: Arceus|Shadow Force\n|move|p2a: \u5c0f\u667a\u51a0\u519b\u5927\u9171|Double Iron Bash|p1a: Arceus|[miss]\n|-miss|p2a: \u5c0f\u667a\u51a0\u519b\u5927\u9171|p1a: Arceus\n|\n|-fieldend|Misty Terrain\n|upkeep\n|turn|17\n|\n|t:|1699284706\n|move|p1a: Arceus|Shadow Force|p2a: \u5c0f\u667a\u51a0\u519b\u5927\u9171|[from]lockedmove\n|-damage|p2a: \u5c0f\u667a\u51a0\u519b\u5927\u9171|0 fnt\n|faint|p2a: \u5c0f\u667a\u51a0\u519b\u5927\u9171\n|\n|upkeep\n|\n|t:|1699284708\n|switch|p2a: \u8fd9\u4e2a\u4e16\u754c\u5371\u5728\u65e6\u5915|Groudon-Primal|94\/100\n|-damage|p2a: \u8fd9\u4e2a\u4e16\u754c\u5371\u5728\u65e6\u5915|82\/100|[from] Stealth Rock\n|-weather|DesolateLand|[from] ability: Desolate Land|[of] p2a: \u8fd9\u4e2a\u4e16\u754c\u5371\u5728\u65e6\u5915\n|turn|18\n|\n|t:|1699284728\n|move|p1a: Arceus|Shadow Force||[still]\n|-prepare|p1a: Arceus|Shadow Force\n|move|p2a: \u8fd9\u4e2a\u4e16\u754c\u5371\u5728\u65e6\u5915|Heat Crash|p1a: Arceus|[miss]\n|-miss|p2a: \u8fd9\u4e2a\u4e16\u754c\u5371\u5728\u65e6\u5915|p1a: Arceus\n|\n|-weather|DesolateLand|[upkeep]\n|upkeep\n|turn|19\n|c|\u2606Fartconsumer|Banded caly-I is insane bruh \ud83d\udc80\n|\n|t:|1699284734\n|move|p1a: Arceus|Shadow Force|p2a: \u8fd9\u4e2a\u4e16\u754c\u5371\u5728\u65e6\u5915|[from]lockedmove\n|-damage|p2a: \u8fd9\u4e2a\u4e16\u754c\u5371\u5728\u65e6\u5915|20\/100\n|move|p2a: \u8fd9\u4e2a\u4e16\u754c\u5371\u5728\u65e6\u5915|Heat Crash|p1a: Arceus\n|-damage|p1a: Arceus|32\/100\n|\n|-weather|DesolateLand|[upkeep]\n|upkeep\n|turn|20\n|c|\u2606mega qy|gg\n|-message|mega qy forfeited.\n|\n|win|Fartconsumer\n|raw|Fartconsumer's rating: 1648 &rarr; <strong>1669<\/strong><br \/>(+21 for winning)\n|raw|mega qy's rating: 1662 &rarr; <strong>1641<\/strong><br \/>(-21 for losing)\n|c|\u2606Fartconsumer|Gg\n|l|\u2606mega qy\n|l|\u2606Fartconsumer\n","uploadtime":1699284769,"views":5,"p1id":"fartconsumer","p2id":"megaqy","formatid":"gen9nationaldexubers","rating":1641,"private":0,"password":""}