{"id":"gen9nationaldexubers-1993130785","p1":"TheVGD","p2":"johnnyn12","format":"[Gen 9] National Dex Ubers","log":"|j|\u2606TheVGD\n|j|\u2606johnnyn12\n|t:|1700268395\n|gametype|singles\n|player|p1|TheVGD|n|1305\n|player|p2|johnnyn12|cynthia-gen4|1359\n|teamsize|p1|6\n|teamsize|p2|6\n|gen|9\n|tier|[Gen 9] National Dex Ubers\n|rated|\n|rule|HP Percentage Mod: HP is shown in percentages\n|rule|Endless Battle Clause: Forcing endless battles is banned\n|rule|OHKO Clause: OHKO moves are banned\n|rule|Evasion Moves Clause: Evasion moves are banned\n|rule|Evasion Items Clause: Evasion items are banned\n|rule|Species Clause: Limit one of each Pok\u00e9mon\n|rule|Sleep Clause Mod: Limit one foe put to sleep\n|rule|Mega Rayquaza Clause: You cannot mega evolve Rayquaza\n|clearpoke\n|poke|p1|Heracross, F|\n|poke|p1|Skeledirge, M|\n|poke|p1|Kingambit, M|\n|poke|p1|Serperior, M|\n|poke|p1|Polteageist|\n|poke|p1|Arcanine-Hisui, M|\n|poke|p2|Maushold|\n|poke|p2|Ambipom, M|\n|poke|p2|Meloetta|\n|poke|p2|Ursaluna, M|\n|poke|p2|Lopunny, M|\n|poke|p2|Linoone, F|\n|teampreview\n|inactive|Battle timer is ON: inactive players will automatically lose when time's up. (requested by johnnyn12)\n|\n|t:|1700268412\n|start\n|switch|p1a: Serperior|Serperior, M|100\/100\n|switch|p2a: Lopunny|Lopunny, M|100\/100\n|turn|1\n|\n|t:|1700268427\n|switch|p1a: Heracross|Heracross, F|100\/100\n|detailschange|p2a: Lopunny|Lopunny-Mega, M\n|-mega|p2a: Lopunny|Lopunny|Lopunnite\n|move|p2a: Lopunny|Fake Out|p1a: Heracross\n|-damage|p1a: Heracross|69\/100\n|\n|upkeep\n|turn|2\n|\n|t:|1700268432\n|detailschange|p1a: Heracross|Heracross-Mega, F\n|-mega|p1a: Heracross|Heracross|Heracronite\n|move|p2a: Lopunny|Triple Axel|p1a: Heracross\n|-damage|p1a: Heracross|61\/100\n|-damage|p1a: Heracross|47\/100\n|-damage|p1a: Heracross|26\/100\n|-hitcount|p1a: Heracross|3\n|move|p1a: Heracross|Trailblaze|p2a: Lopunny\n|-damage|p2a: Lopunny|73\/100\n|-boost|p1a: Heracross|spe|1\n|\n|upkeep\n|turn|3\n|\n|t:|1700268449\n|move|p1a: Heracross|Close Combat|p2a: Lopunny\n|-supereffective|p2a: Lopunny\n|-damage|p2a: Lopunny|0 fnt\n|-unboost|p1a: Heracross|def|1\n|-unboost|p1a: Heracross|spd|1\n|faint|p2a: Lopunny\n|\n|upkeep\n|\n|t:|1700268452\n|switch|p2a: Ambipom|Ambipom, M|100\/100\n|turn|4\n|\n|t:|1700268455\n|move|p2a: Ambipom|Fake Out|p1a: Heracross\n|-damage|p1a: Heracross|0 fnt\n|faint|p1a: Heracross\n|\n|upkeep\n|\n|t:|1700268459\n|switch|p1a: Polteageist|Polteageist|100\/100\n|turn|5\n|\n|t:|1700268465\n|move|p2a: Ambipom|Knock Off|p1a: Polteageist\n|-supereffective|p1a: Polteageist\n|-enditem|p1a: Polteageist|Focus Sash\n|-damage|p1a: Polteageist|1\/100\n|-ability|p1a: Polteageist|Weak Armor|boost\n|-unboost|p1a: Polteageist|def|1\n|-boost|p1a: Polteageist|spe|2\n|move|p1a: Polteageist|Shell Smash|p1a: Polteageist\n|-unboost|p1a: Polteageist|def|1\n|-unboost|p1a: Polteageist|spd|1\n|-boost|p1a: Polteageist|atk|2\n|-boost|p1a: Polteageist|spa|2\n|-boost|p1a: Polteageist|spe|2\n|\n|upkeep\n|turn|6\n|\n|t:|1700268479\n|move|p1a: Polteageist|Stored Power|p2a: Ambipom\n|-damage|p2a: Ambipom|0 fnt\n|faint|p2a: Ambipom\n|\n|upkeep\n|\n|t:|1700268488\n|switch|p2a: Ursaluna|Ursaluna, M|100\/100\n|turn|7\n|\n|t:|1700268492\n|move|p1a: Polteageist|Stored Power|p2a: Ursaluna\n|-damage|p2a: Ursaluna|0 fnt\n|faint|p2a: Ursaluna\n|\n|upkeep\n|\n|t:|1700268495\n|switch|p2a: Linoone|Linoone, F|100\/100\n|turn|8\n|\n|t:|1700268498\n|move|p1a: Polteageist|Stored Power|p2a: Linoone\n|-damage|p2a: Linoone|0 fnt\n|faint|p2a: Linoone\n|\n|upkeep\n|\n|t:|1700268500\n|switch|p2a: Maushold|Maushold|100\/100\n|turn|9\n|\n|t:|1700268502\n|move|p1a: Polteageist|Stored Power|p2a: Maushold\n|-damage|p2a: Maushold|0 fnt\n|faint|p2a: Maushold\n|\n|upkeep\n|\n|t:|1700268505\n|switch|p2a: Meloetta|Meloetta|100\/100\n|turn|10\n|\n|t:|1700268507\n|move|p1a: Polteageist|Stored Power|p2a: Meloetta\n|-resisted|p2a: Meloetta\n|-damage|p2a: Meloetta|43\/100\n|move|p2a: Meloetta|Psyshock|p1a: Polteageist\n|-damage|p1a: Polteageist|0 fnt\n|faint|p1a: Polteageist\n|\n|upkeep\n|\n|t:|1700268514\n|switch|p1a: Arcanine|Arcanine-Hisui, M|100\/100\n|turn|11\n|\n|t:|1700268520\n|move|p2a: Meloetta|Psyshock|p1a: Arcanine\n|-damage|p1a: Arcanine|52\/100\n|move|p1a: Arcanine|Flare Blitz|p2a: Meloetta\n|-damage|p2a: Meloetta|0 fnt\n|faint|p2a: Meloetta\n|\n|win|TheVGD\n|raw|TheVGD's rating: 1305 &rarr; <strong>1328<\/strong><br \/>(+23 for winning)\n|raw|johnnyn12's rating: 1359 &rarr; <strong>1336<\/strong><br \/>(-23 for losing)\n|l|\u2606TheVGD\n|j|\u2606TheVGD\n|player|p1|TheVGD|n\n|j| Zake202012\n","uploadtime":1700268774,"views":12,"p1id":"thevgd","p2id":"johnnyn12","formatid":"gen9nationaldexubers","rating":1328,"private":0,"password":""}