{"id":"gen9nationaldexubers-2000663781","p1":"TheChosenPeruOne","p2":"Dalosha","format":"[Gen 9] National Dex Ubers","log":"|j|\u2606TheChosenPeruOne\n|j|\u2606Dalosha\n|t:|1701216105\n|gametype|singles\n|player|p1|TheChosenPeruOne|veteran|\n|player|p2|Dalosha|102|\n|teamsize|p1|6\n|teamsize|p2|6\n|gen|9\n|tier|[Gen 9] National Dex Ubers\n|rule|HP Percentage Mod: HP is shown in percentages\n|rule|Endless Battle Clause: Forcing endless battles is banned\n|rule|OHKO Clause: OHKO moves are banned\n|rule|Evasion Moves Clause: Evasion moves are banned\n|rule|Evasion Items Clause: Evasion items are banned\n|rule|Species Clause: Limit one of each Pok\u00e9mon\n|rule|Sleep Clause Mod: Limit one foe put to sleep\n|rule|Mega Rayquaza Clause: You cannot mega evolve Rayquaza\n|clearpoke\n|poke|p1|Blissey, F|\n|poke|p1|Incineroar, M|\n|poke|p1|Pikachu, F|\n|poke|p1|Melmetal|\n|poke|p1|Dragonite, F|\n|poke|p1|Polteageist|\n|poke|p2|Victini|\n|poke|p2|Muk-Alola, F|\n|poke|p2|Gliscor, M|\n|poke|p2|Ribombee, M|\n|poke|p2|Zweilous, F|\n|poke|p2|Meloetta|\n|teampreview\n|\n|t:|1701216142\n|start\n|switch|p1a: Mama de Madures|Blissey, F|100\/100\n|switch|p2a: Ribombee|Ribombee, M|100\/100\n|turn|1\n|\n|t:|1701216147\n|move|p2a: Ribombee|Trick|p1a: Mama de Madures\n|-activate|p2a: Ribombee|move: Trick|[of] p1a: Mama de Madures\n|-item|p1a: Mama de Madures|Choice Scarf|[from] move: Trick\n|-item|p2a: Ribombee|Heavy-Duty Boots|[from] move: Trick\n|move|p1a: Mama de Madures|Stealth Rock|p2a: Ribombee\n|-sidestart|p2: Dalosha|move: Stealth Rock\n|\n|upkeep\n|turn|2\n|\n|t:|1701216160\n|switch|p1a: trial|Incineroar, M|100\/100\n|-ability|p1a: trial|Intimidate|boost\n|-unboost|p2a: Ribombee|atk|1\n|move|p2a: Ribombee|U-turn|p1a: trial\n|-damage|p1a: trial|94\/100\n|-damage|p2a: Ribombee|84\/100|[from] item: Rocky Helmet|[of] p1a: trial\n|\n|t:|1701216192\n|switch|p2a: Victini|Victini|100\/100|[from] U-turn\n|-damage|p2a: Victini|76\/100|[from] Stealth Rock\n|\n|upkeep\n|turn|3\n|\n|t:|1701216210\n|move|p2a: Victini|Focus Blast|p1a: trial\n|-supereffective|p1a: trial\n|-damage|p1a: trial|29\/100\n|move|p1a: trial|Knock Off|p2a: Victini\n|-supereffective|p2a: Victini\n|-damage|p2a: Victini|2\/100\n|-enditem|p2a: Victini|Wide Lens|[from] move: Knock Off|[of] p1a: trial\n|\n|upkeep\n|turn|4\n|\n|t:|1701216226\n|switch|p1a: Mama de Madures|Blissey, F|100\/100\n|move|p2a: Victini|Blue Flare|p1a: Mama de Madures\n|-damage|p1a: Mama de Madures|80\/100\n|-status|p1a: Mama de Madures|brn\n|\n|-damage|p1a: Mama de Madures|74\/100 brn|[from] brn\n|upkeep\n|turn|5\n|\n|t:|1701216240\n|move|p2a: Victini|Expanding Force|p1a: Mama de Madures\n|-damage|p1a: Mama de Madures|61\/100 brn\n|move|p1a: Mama de Madures|Seismic Toss|p2a: Victini\n|-damage|p2a: Victini|0 fnt\n|faint|p2a: Victini\n|\n|-damage|p1a: Mama de Madures|55\/100 brn|[from] brn\n|upkeep\n|\n|t:|1701216253\n|switch|p2a: Zweilous|Zweilous, F|100\/100\n|-damage|p2a: Zweilous|88\/100|[from] Stealth Rock\n|turn|6\n|\n|t:|1701216263\n|-curestatus|p1a: Mama de Madures|brn|[from] ability: Natural Cure\n|switch|p1a: trial|Incineroar, M|29\/100\n|-ability|p1a: trial|Intimidate|boost\n|-unboost|p2a: Zweilous|atk|1\n|move|p2a: Zweilous|Substitute|p2a: Zweilous\n|-start|p2a: Zweilous|Substitute\n|-damage|p2a: Zweilous|63\/100\n|\n|upkeep\n|turn|7\n|\n|t:|1701216275\n|move|p1a: trial|Knock Off|p2a: Zweilous\n|-resisted|p2a: Zweilous\n|-activate|p2a: Zweilous|move: Substitute|[damage]\n|move|p2a: Zweilous|Stomping Tantrum|p1a: trial\n|-supereffective|p1a: trial\n|-damage|p1a: trial|5\/100\n|-damage|p2a: Zweilous|47\/100|[from] item: Rocky Helmet|[of] p1a: trial\n|\n|upkeep\n|turn|8\n|\n|t:|1701216286\n|move|p1a: trial|Earthquake|p2a: Zweilous\n|-end|p2a: Zweilous|Substitute\n|move|p2a: Zweilous|Stomping Tantrum|p1a: trial\n|-supereffective|p1a: trial\n|-damage|p1a: trial|0 fnt\n|-damage|p2a: Zweilous|30\/100|[from] item: Rocky Helmet|[of] p1a: trial\n|faint|p1a: trial\n|\n|upkeep\n|\n|t:|1701216292\n|switch|p1a: Nutty|Pikachu, F|100\/100\n|turn|9\n|\n|t:|1701216299\n|move|p1a: Nutty|Fake Out|p2a: Zweilous\n|-damage|p2a: Zweilous|20\/100\n|cant|p2a: Zweilous|flinch\n|\n|upkeep\n|turn|10\n|\n|t:|1701216304\n|move|p1a: Nutty|Extreme Speed|p2a: Zweilous\n|-damage|p2a: Zweilous|0 fnt\n|faint|p2a: Zweilous\n|\n|upkeep\n|\n|t:|1701216313\n|switch|p2a: Gliscor|Gliscor, M, shiny|100\/100\n|-damage|p2a: Gliscor|88\/100|[from] Stealth Rock\n|turn|11\n|\n|t:|1701216319\n|switch|p1a: Mama de Madures|Blissey, F|55\/100\n|move|p2a: Gliscor|Substitute|p2a: Gliscor\n|-start|p2a: Gliscor|Substitute\n|-damage|p2a: Gliscor|63\/100\n|\n|-status|p2a: Gliscor|tox|[from] item: Toxic Orb\n|upkeep\n|turn|12\n|\n|t:|1701216327\n|move|p2a: Gliscor|Agility|p2a: Gliscor\n|-boost|p2a: Gliscor|spe|2\n|move|p1a: Mama de Madures|Soft-Boiled|p1a: Mama de Madures\n|-heal|p1a: Mama de Madures|100\/100\n|\n|-heal|p2a: Gliscor|76\/100 tox|[from] ability: Poison Heal\n|upkeep\n|turn|13\n|\n|t:|1701216341\n|switch|p1a: Nutty|Pikachu, F|100\/100\n|move|p2a: Gliscor|Ice Fang|p1a: Nutty\n|-damage|p1a: Nutty|30\/100\n|\n|-heal|p2a: Gliscor|88\/100 tox|[from] ability: Poison Heal\n|upkeep\n|turn|14\n|\n|t:|1701216351\n|move|p1a: Nutty|Extreme Speed|p2a: Gliscor\n|-end|p2a: Gliscor|Substitute\n|move|p2a: Gliscor|Ice Fang|p1a: Nutty\n|-damage|p1a: Nutty|0 fnt\n|faint|p1a: Nutty\n|\n|-heal|p2a: Gliscor|100\/100 tox|[from] ability: Poison Heal\n|upkeep\n|\n|t:|1701216374\n|switch|p1a: Dimitris Jr|Melmetal|100\/100\n|turn|15\n|\n|t:|1701216395\n|move|p2a: Gliscor|Earthquake|p1a: Dimitris Jr\n|-supereffective|p1a: Dimitris Jr\n|-damage|p1a: Dimitris Jr|51\/100\n|move|p1a: Dimitris Jr|Double Iron Bash|p2a: Gliscor\n|-damage|p2a: Gliscor|66\/100 tox\n|-damage|p2a: Gliscor|30\/100 tox\n|-hitcount|p2a: Gliscor|2\n|\n|-heal|p2a: Gliscor|43\/100 tox|[from] ability: Poison Heal\n|upkeep\n|turn|16\n|\n|t:|1701216404\n|move|p2a: Gliscor|Earthquake|p1a: Dimitris Jr\n|-supereffective|p1a: Dimitris Jr\n|-damage|p1a: Dimitris Jr|0 fnt\n|faint|p1a: Dimitris Jr\n|\n|-heal|p2a: Gliscor|55\/100 tox|[from] ability: Poison Heal\n|upkeep\n|\n|t:|1701216414\n|switch|p1a: Dimitris 2|Polteageist|100\/100\n|turn|17\n|\n|t:|1701216422\n|move|p2a: Gliscor|Earthquake|p1a: Dimitris 2\n|-damage|p1a: Dimitris 2|17\/100\n|-ability|p1a: Dimitris 2|Weak Armor|boost\n|-unboost|p1a: Dimitris 2|def|1\n|-boost|p1a: Dimitris 2|spe|2\n|move|p1a: Dimitris 2|Shadow Ball|p2a: Gliscor\n|-damage|p2a: Gliscor|0 fnt\n|faint|p2a: Gliscor\n|\n|upkeep\n|\n|t:|1701216442\n|switch|p2a: Muk|Muk-Alola, F|100\/100\n|-damage|p2a: Muk|88\/100|[from] Stealth Rock\n|turn|18\n|\n|t:|1701216448\n|switch|p1a: Mama de Madures|Blissey, F|100\/100\n|move|p2a: Muk|Poison Jab|p1a: Mama de Madures\n|-damage|p1a: Mama de Madures|76\/100\n|-status|p1a: Mama de Madures|psn\n|\n|-damage|p1a: Mama de Madures|63\/100 psn|[from] psn\n|upkeep\n|turn|19\n|\n|t:|1701216461\n|move|p2a: Muk|Drain Punch|p1a: Mama de Madures\n|-supereffective|p1a: Mama de Madures\n|-damage|p1a: Mama de Madures|32\/100 psn\n|-heal|p2a: Muk|100\/100|[from] drain|[of] p1a: Mama de Madures\n|move|p1a: Mama de Madures|Teleport|p1a: Mama de Madures\n|\n|t:|1701216466\n|-curestatus|p1a: Mama de Madures|psn|[from] ability: Natural Cure\n|switch|p1a: JohnyR05|Dragonite, F|100\/100|[from] Teleport\n|\n|upkeep\n|turn|20\n|\n|t:|1701216473\n|move|p1a: JohnyR05|Dragon Dance|p1a: JohnyR05\n|-boost|p1a: JohnyR05|atk|1\n|-boost|p1a: JohnyR05|spe|1\n|move|p2a: Muk|Poison Jab|p1a: JohnyR05\n|-damage|p1a: JohnyR05|90\/100\n|-status|p1a: JohnyR05|psn|[from] ability: Poison Touch|[of] p2a: Muk\n|\n|-damage|p1a: JohnyR05|78\/100 psn|[from] psn\n|upkeep\n|turn|21\n|\n|t:|1701216481\n|move|p1a: JohnyR05|Dragon Dance|p1a: JohnyR05\n|-boost|p1a: JohnyR05|atk|1\n|-boost|p1a: JohnyR05|spe|1\n|move|p2a: Muk|Clear Smog|p1a: JohnyR05\n|-damage|p1a: JohnyR05|68\/100 psn\n|-clearboost|p1a: JohnyR05\n|\n|-damage|p1a: JohnyR05|55\/100 psn|[from] psn\n|upkeep\n|turn|22\n|\n|t:|1701216497\n|move|p1a: JohnyR05|Earthquake|p2a: Muk\n|-supereffective|p2a: Muk\n|-damage|p2a: Muk|42\/100\n|move|p2a: Muk|Clear Smog|p1a: JohnyR05\n|-damage|p1a: JohnyR05|46\/100 psn\n|-clearboost|p1a: JohnyR05\n|\n|-damage|p1a: JohnyR05|33\/100 psn|[from] psn\n|upkeep\n|turn|23\n|\n|t:|1701216506\n|move|p1a: JohnyR05|Earthquake|p2a: Muk\n|-supereffective|p2a: Muk\n|-damage|p2a: Muk|0 fnt\n|faint|p2a: Muk\n|\n|-damage|p1a: JohnyR05|21\/100 psn|[from] psn\n|upkeep\n|\n|t:|1701216521\n|switch|p2a: Ribombee|Ribombee, M|84\/100\n|turn|24\n|\n|t:|1701216527\n|switch|p1a: Mama de Madures|Blissey, F|32\/100\n|move|p2a: Ribombee|Moonblast|p1a: Mama de Madures\n|-damage|p1a: Mama de Madures|15\/100\n|\n|upkeep\n|turn|25\n|\n|t:|1701216538\n|move|p2a: Ribombee|U-turn|p1a: Mama de Madures\n|-damage|p1a: Mama de Madures|3\/100\n|\n|t:|1701216541\n|switch|p2a: Meloetta|Meloetta|100\/100|[from] U-turn\n|-damage|p2a: Meloetta|88\/100|[from] Stealth Rock\n|move|p1a: Mama de Madures|Soft-Boiled|p1a: Mama de Madures\n|-heal|p1a: Mama de Madures|53\/100\n|\n|upkeep\n|turn|26\n|\n|t:|1701216549\n|move|p2a: Meloetta|Relic Song|p1a: Mama de Madures\n|-damage|p1a: Mama de Madures|38\/100\n|-formechange|p2a: Meloetta|Meloetta-Pirouette|[msg]\n|-damage|p2a: Meloetta|78\/100|[from] item: Life Orb\n|move|p1a: Mama de Madures|Soft-Boiled|p1a: Mama de Madures\n|-heal|p1a: Mama de Madures|88\/100\n|\n|upkeep\n|turn|27\n|\n|t:|1701216561\n|move|p2a: Meloetta|Ice Punch|p1a: Mama de Madures\n|-damage|p1a: Mama de Madures|57\/100\n|-damage|p2a: Meloetta|69\/100|[from] item: Life Orb\n|move|p1a: Mama de Madures|Soft-Boiled|p1a: Mama de Madures\n|-heal|p1a: Mama de Madures|100\/100\n|\n|upkeep\n|turn|28\n|\n|t:|1701216567\n|move|p2a: Meloetta|Close Combat|p1a: Mama de Madures\n|-supereffective|p1a: Mama de Madures\n|-damage|p1a: Mama de Madures|0 fnt\n|-unboost|p2a: Meloetta|def|1\n|-unboost|p2a: Meloetta|spd|1\n|faint|p1a: Mama de Madures\n|-damage|p2a: Meloetta|59\/100|[from] item: Life Orb\n|\n|upkeep\n|\n|t:|1701216579\n|switch|p1a: Dimitris 2|Polteageist|17\/100\n|turn|29\n|\n|t:|1701216586\n|move|p2a: Meloetta|Ice Punch|p1a: Dimitris 2\n|-damage|p1a: Dimitris 2|0 fnt\n|faint|p1a: Dimitris 2\n|-damage|p2a: Meloetta|49\/100|[from] item: Life Orb\n|\n|upkeep\n|\n|t:|1701216588\n|switch|p1a: JohnyR05|Dragonite, F|21\/100 psn\n|turn|30\n|\n|t:|1701216597\n|move|p1a: JohnyR05|Extreme Speed|p2a: Meloetta\n|-damage|p2a: Meloetta|15\/100\n|move|p2a: Meloetta|Ice Punch|p1a: JohnyR05\n|-supereffective|p1a: JohnyR05\n|-damage|p1a: JohnyR05|0 fnt\n|faint|p1a: JohnyR05\n|-damage|p2a: Meloetta|5\/100|[from] item: Life Orb\n|\n|win|Dalosha\n","uploadtime":1701216602,"views":12,"p1id":"thechosenperuone","p2id":"dalosha","formatid":"gen9nationaldexubers","rating":0,"private":0,"password":""}