{"id":"gen9nationaldexubers-1996745770","p1":"FlamingThunderG0d","p2":"85792195wwww","format":"[Gen 9] National Dex Ubers","log":"|j|\u2606FlamingThunderG0d\n|j|\u260685792195wwww\n|t:|1700718141\n|gametype|singles\n|player|p1|FlamingThunderG0d|volkner|1515\n|player|p2|85792195wwww|mira|1736\n|teamsize|p1|6\n|teamsize|p2|6\n|gen|9\n|tier|[Gen 9] National Dex Ubers\n|rated|\n|rule|HP Percentage Mod: HP is shown in percentages\n|rule|Endless Battle Clause: Forcing endless battles is banned\n|rule|OHKO Clause: OHKO moves are banned\n|rule|Evasion Moves Clause: Evasion moves are banned\n|rule|Evasion Items Clause: Evasion items are banned\n|rule|Species Clause: Limit one of each Pok\u00e9mon\n|rule|Sleep Clause Mod: Limit one foe put to sleep\n|rule|Mega Rayquaza Clause: You cannot mega evolve Rayquaza\n|clearpoke\n|poke|p1|Basculegion, M|\n|poke|p1|Ninetales, F|\n|poke|p1|Skarmory, F|\n|poke|p1|Great Tusk|\n|poke|p1|Latios, M|\n|poke|p1|Salamence, F|\n|poke|p2|Arceus|\n|poke|p2|Zacian-*|\n|poke|p2|Xerneas-*|\n|poke|p2|Kyogre|\n|poke|p2|Groudon|\n|poke|p2|Deoxys-Speed|\n|teampreview\n|\n|t:|1700718153\n|start\n|switch|p1a: Salamence|Salamence, F|100\/100\n|switch|p2a: Deoxys|Deoxys-Speed|100\/100\n|-ability|p2a: Deoxys|Pressure\n|-ability|p1a: Salamence|Intimidate|boost\n|-unboost|p2a: Deoxys|atk|1\n|turn|1\n|inactive|Battle timer is ON: inactive players will automatically lose when time's up. (requested by FlamingThunderG0d)\n|\n|t:|1700718163\n|switch|p1a: Great Tusk|Great Tusk|100\/100\n|move|p2a: Deoxys|Stealth Rock|p1a: Great Tusk\n|-sidestart|p1: FlamingThunderG0d|move: Stealth Rock\n|\n|upkeep\n|turn|2\n|\n|t:|1700718171\n|switch|p2a: Xerneas|Xerneas|100\/100\n|-ability|p2a: Xerneas|Fairy Aura\n|move|p1a: Great Tusk|Rapid Spin|p2a: Xerneas\n|-damage|p2a: Xerneas|90\/100\n|-boost|p1a: Great Tusk|spe|1\n|-sideend|p1: FlamingThunderG0d|Stealth Rock|[from] move: Rapid Spin|[of] p1a: Great Tusk\n|\n|upkeep\n|turn|3\n|\n|t:|1700718181\n|-end|p1a: Great Tusk|Protosynthesis|[silent]\n|switch|p1a: Ninetales|Ninetales, F|100\/100\n|-weather|SunnyDay|[from] ability: Drought|[of] p1a: Ninetales\n|move|p2a: Xerneas|Moonblast|p1a: Ninetales\n|-resisted|p1a: Ninetales\n|-damage|p1a: Ninetales|56\/100\n|-unboost|p1a: Ninetales|spa|1\n|\n|-weather|SunnyDay|[upkeep]\n|upkeep\n|turn|4\n|\n|t:|1700718191\n|switch|p1a: Latios|Latios, M|100\/100\n|switch|p2a: Kyogre|Kyogre|100\/100\n|detailschange|p2a: Kyogre|Kyogre-Primal\n|-primal|p2a: Kyogre|Blue Orb\n|-weather|PrimordialSea|[from] ability: Primordial Sea|[of] p2a: Kyogre\n|\n|-weather|PrimordialSea|[upkeep]\n|upkeep\n|turn|5\n|\n|t:|1700718200\n|move|p1a: Latios|Psyshock|p2a: Kyogre\n|-damage|p2a: Kyogre|49\/100\n|move|p2a: Kyogre|Ice Beam|p1a: Latios\n|-supereffective|p1a: Latios\n|-damage|p1a: Latios|7\/100\n|\n|-weather|PrimordialSea|[upkeep]\n|upkeep\n|turn|6\n|\n|t:|1700718213\n|-weather|none\n|switch|p2a: Zacian|Zacian-Crowned|100\/100\n|-ability|p2a: Zacian|Intrepid Sword|boost\n|-boost|p2a: Zacian|atk|1\n|move|p1a: Latios|Psyshock|p2a: Zacian\n|-resisted|p2a: Zacian\n|-damage|p2a: Zacian|75\/100\n|\n|upkeep\n|turn|7\n|\n|t:|1700718227\n|switch|p2a: Deoxys|Deoxys-Speed|100\/100\n|-ability|p2a: Deoxys|Pressure\n|move|p1a: Latios|Psyshock|p2a: Deoxys\n|-resisted|p2a: Deoxys\n|-damage|p2a: Deoxys|70\/100\n|\n|upkeep\n|turn|8\n|\n|t:|1700718236\n|switch|p1a: Great Tusk|Great Tusk|100\/100\n|move|p2a: Deoxys|Trick|p1a: Great Tusk\n|-activate|p2a: Deoxys|move: Trick|[of] p1a: Great Tusk\n|-item|p1a: Great Tusk|Choice Scarf|[from] move: Trick\n|-item|p2a: Deoxys|Rocky Helmet|[from] move: Trick\n|\n|upkeep\n|turn|9\n|\n|t:|1700718244\n|move|p2a: Deoxys|Stealth Rock|p1a: Great Tusk\n|-sidestart|p1: FlamingThunderG0d|move: Stealth Rock\n|move|p1a: Great Tusk|Stealth Rock|p2a: Deoxys\n|-sidestart|p2: 85792195wwww|move: Stealth Rock\n|\n|upkeep\n|turn|10\n|\n|t:|1700718261\n|switch|p2a: Kyogre|Kyogre-Primal|49\/100\n|-damage|p2a: Kyogre|37\/100|[from] Stealth Rock\n|-weather|PrimordialSea|[from] ability: Primordial Sea|[of] p2a: Kyogre\n|-end|p1a: Great Tusk|Protosynthesis|[silent]\n|switch|p1a: Latios|Latios, M|7\/100\n|-damage|p1a: Latios|0 fnt|[from] Stealth Rock\n|faint|p1a: Latios\n|\n|-weather|PrimordialSea|[upkeep]\n|upkeep\n|inactive|FlamingThunderG0d has 120 seconds left.\n|\n|t:|1700718282\n|switch|p1a: Basculegion|Basculegion, M, shiny|100\/100\n|-damage|p1a: Basculegion|88\/100|[from] Stealth Rock\n|turn|11\n|\n|t:|1700718291\n|-weather|none\n|switch|p2a: Deoxys|Deoxys-Speed|70\/100\n|-damage|p2a: Deoxys|57\/100|[from] Stealth Rock\n|-ability|p2a: Deoxys|Pressure\n|move|p1a: Basculegion|Last Respects|p2a: Deoxys\n|-supereffective|p2a: Deoxys\n|-damage|p2a: Deoxys|0 fnt\n|faint|p2a: Deoxys\n|\n|upkeep\n|\n|t:|1700718306\n|switch|p2a: Arceus|Arceus|100\/100\n|-damage|p2a: Arceus|88\/100|[from] Stealth Rock\n|turn|12\n|\n|t:|1700718312\n|switch|p1a: Great Tusk|Great Tusk|100\/100\n|-damage|p1a: Great Tusk|98\/100|[from] Stealth Rock\n|move|p2a: Arceus|Swords Dance|p2a: Arceus\n|-boost|p2a: Arceus|atk|2\n|\n|upkeep\n|turn|13\n|\n|t:|1700718321\n|-terastallize|p2a: Arceus|Normal\n|move|p2a: Arceus|Extreme Speed|p1a: Great Tusk\n|-damage|p1a: Great Tusk|23\/100\n|-damage|p2a: Arceus|78\/100|[from] item: Life Orb\n|move|p1a: Great Tusk|Rapid Spin|p2a: Arceus\n|-damage|p2a: Arceus|68\/100\n|-boost|p1a: Great Tusk|spe|1\n|-sideend|p1: FlamingThunderG0d|Stealth Rock|[from] move: Rapid Spin|[of] p1a: Great Tusk\n|\n|upkeep\n|turn|14\n|\n|t:|1700718332\n|-end|p1a: Great Tusk|Protosynthesis|[silent]\n|switch|p1a: Skarmory|Skarmory, F|100\/100\n|move|p2a: Arceus|Extreme Speed|p1a: Skarmory\n|-resisted|p1a: Skarmory\n|-damage|p1a: Skarmory|60\/100\n|-damage|p2a: Arceus|52\/100|[from] item: Rocky Helmet|[of] p1a: Skarmory\n|-damage|p2a: Arceus|42\/100|[from] item: Life Orb\n|\n|upkeep\n|turn|15\n|\n|t:|1700718342\n|move|p2a: Arceus|Taunt|p1a: Skarmory\n|-start|p1a: Skarmory|move: Taunt\n|cant|p1a: Skarmory|move: Taunt|Roost\n|\n|upkeep\n|turn|16\n|\n|t:|1700718357\n|switch|p1a: Ninetales|Ninetales, F|56\/100\n|-weather|SunnyDay|[from] ability: Drought|[of] p1a: Ninetales\n|move|p2a: Arceus|Swords Dance|p2a: Arceus\n|-boost|p2a: Arceus|atk|2\n|\n|-weather|SunnyDay|[upkeep]\n|upkeep\n|turn|17\n|\n|t:|1700718369\n|move|p2a: Arceus|Extreme Speed|p1a: Ninetales\n|-damage|p1a: Ninetales|0 fnt\n|faint|p1a: Ninetales\n|-damage|p2a: Arceus|32\/100|[from] item: Life Orb\n|\n|-weather|SunnyDay|[upkeep]\n|upkeep\n|\n|t:|1700718373\n|switch|p1a: Skarmory|Skarmory, F|60\/100\n|turn|18\n|\n|t:|1700718380\n|switch|p1a: Basculegion|Basculegion, M, shiny|88\/100\n|move|p2a: Arceus|Taunt|p1a: Basculegion\n|-start|p1a: Basculegion|move: Taunt\n|\n|-weather|SunnyDay|[upkeep]\n|upkeep\n|turn|19\n|\n|t:|1700718389\n|switch|p2a: Groudon|Groudon|100\/100\n|-damage|p2a: Groudon|94\/100|[from] Stealth Rock\n|detailschange|p2a: Groudon|Groudon-Primal\n|-primal|p2a: Groudon|Red Orb\n|-weather|DesolateLand|[from] ability: Desolate Land|[of] p2a: Groudon\n|move|p1a: Basculegion|Flip Turn||[still]\n|-fail|p1a: Basculegion|Flip Turn|[from] Desolate Land\n|\n|-weather|DesolateLand|[upkeep]\n|upkeep\n|turn|20\n|\n|t:|1700718400\n|switch|p1a: Salamence|Salamence, F|100\/100\n|-ability|p1a: Salamence|Intimidate|boost\n|-unboost|p2a: Groudon|atk|1\n|move|p2a: Groudon|Rock Polish|p2a: Groudon\n|-boost|p2a: Groudon|spe|2\n|\n|-weather|DesolateLand|[upkeep]\n|upkeep\n|turn|21\n|\n|t:|1700718408\n|detailschange|p1a: Salamence|Salamence-Mega, F\n|-mega|p1a: Salamence|Salamence|Salamencite\n|move|p2a: Groudon|Swords Dance|p2a: Groudon\n|-boost|p2a: Groudon|atk|2\n|move|p1a: Salamence|Earthquake|p2a: Groudon\n|-supereffective|p2a: Groudon\n|-damage|p2a: Groudon|42\/100\n|\n|-weather|DesolateLand|[upkeep]\n|upkeep\n|turn|22\n|\n|t:|1700718417\n|move|p2a: Groudon|Heat Crash|p1a: Salamence\n|-resisted|p1a: Salamence\n|-damage|p1a: Salamence|23\/100\n|move|p1a: Salamence|Earthquake|p2a: Groudon\n|-supereffective|p2a: Groudon\n|-damage|p2a: Groudon|0 fnt\n|faint|p2a: Groudon\n|-weather|none\n|\n|upkeep\n|\n|t:|1700718431\n|switch|p2a: Zacian|Zacian-Crowned|75\/100\n|-damage|p2a: Zacian|69\/100|[from] Stealth Rock\n|turn|23\n|\n|t:|1700718454\n|move|p2a: Zacian|Behemoth Blade|p1a: Salamence\n|-damage|p1a: Salamence|0 fnt\n|faint|p1a: Salamence\n|\n|upkeep\n|\n|t:|1700718459\n|switch|p1a: Skarmory|Skarmory, F|60\/100\n|turn|24\n|\n|t:|1700718466\n|move|p2a: Zacian|Swords Dance|p2a: Zacian\n|-boost|p2a: Zacian|atk|2\n|move|p1a: Skarmory|Roost|p1a: Skarmory\n|-heal|p1a: Skarmory|100\/100\n|-singleturn|p1a: Skarmory|move: Roost\n|\n|upkeep\n|turn|25\n|\n|t:|1700718474\n|move|p2a: Zacian|Wild Charge|p1a: Skarmory\n|-supereffective|p1a: Skarmory\n|-damage|p1a: Skarmory|20\/100\n|-damage|p2a: Zacian|52\/100|[from] item: Rocky Helmet|[of] p1a: Skarmory\n|-damage|p2a: Zacian|32\/100|[from] Recoil\n|move|p1a: Skarmory|Whirlwind|p2a: Zacian\n|drag|p2a: Arceus|Arceus, tera:Normal|32\/100\n|-damage|p2a: Arceus|19\/100|[from] Stealth Rock\n|\n|upkeep\n|turn|26\n|\n|t:|1700718485\n|switch|p1a: Basculegion|Basculegion, M, shiny|88\/100\n|move|p2a: Arceus|Taunt|p1a: Basculegion\n|-start|p1a: Basculegion|move: Taunt\n|\n|upkeep\n|turn|27\n|\n|t:|1700718499\n|switch|p2a: Kyogre|Kyogre-Primal|37\/100\n|-damage|p2a: Kyogre|24\/100|[from] Stealth Rock\n|-weather|PrimordialSea|[from] ability: Primordial Sea|[of] p2a: Kyogre\n|move|p1a: Basculegion|Wave Crash|p2a: Kyogre\n|-resisted|p2a: Kyogre\n|-damage|p2a: Kyogre|0 fnt\n|faint|p2a: Kyogre\n|-weather|none\n|-damage|p1a: Basculegion|81\/100|[from] Recoil\n|\n|upkeep\n|\n|t:|1700718512\n|switch|p2a: Xerneas|Xerneas|90\/100\n|-damage|p2a: Xerneas|78\/100|[from] Stealth Rock\n|-ability|p2a: Xerneas|Fairy Aura\n|turn|28\n|\n|t:|1700718525\n|-terastallize|p1a: Basculegion|Water\n|move|p1a: Basculegion|Wave Crash|p2a: Xerneas\n|-damage|p2a: Xerneas|14\/100\n|-damage|p1a: Basculegion|59\/100|[from] Recoil\n|move|p2a: Xerneas|Moonblast|p1a: Basculegion\n|-damage|p1a: Basculegion|0 fnt\n|faint|p1a: Basculegion\n|\n|upkeep\n|\n|t:|1700718537\n|switch|p1a: Great Tusk|Great Tusk|23\/100\n|turn|29\n|\n|t:|1700718546\n|move|p1a: Great Tusk|Earthquake|p2a: Xerneas\n|-damage|p2a: Xerneas|0 fnt\n|faint|p2a: Xerneas\n|\n|upkeep\n|inactive|85792195wwww has 120 seconds left.\n|\n|t:|1700718576\n|switch|p2a: Zacian|Zacian-Crowned|32\/100\n|-damage|p2a: Zacian|25\/100|[from] Stealth Rock\n|turn|30\n|\n|t:|1700718584\n|-end|p1a: Great Tusk|Protosynthesis|[silent]\n|switch|p1a: Skarmory|Skarmory, F|20\/100\n|move|p2a: Zacian|Behemoth Blade|p1a: Skarmory\n|-resisted|p1a: Skarmory\n|-damage|p1a: Skarmory|4\/100\n|-damage|p2a: Zacian|9\/100|[from] item: Rocky Helmet|[of] p1a: Skarmory\n|\n|upkeep\n|turn|31\n|\n|t:|1700718594\n|move|p2a: Zacian|Behemoth Blade|p1a: Skarmory\n|-resisted|p1a: Skarmory\n|-damage|p1a: Skarmory|0 fnt\n|-damage|p2a: Zacian|0 fnt|[from] item: Rocky Helmet|[of] p1a: Skarmory\n|faint|p1a: Skarmory\n|faint|p2a: Zacian\n|\n|upkeep\n|\n|t:|1700718602\n|switch|p2a: Arceus|Arceus, tera:Normal|19\/100\n|switch|p1a: Great Tusk|Great Tusk|23\/100\n|-damage|p2a: Arceus|7\/100|[from] Stealth Rock\n|turn|32\n|\n|t:|1700718608\n|move|p2a: Arceus|Extreme Speed|p1a: Great Tusk\n|-damage|p1a: Great Tusk|0 fnt\n|faint|p1a: Great Tusk\n|-end|p1a: Great Tusk|Protosynthesis|[silent]\n|-damage|p2a: Arceus|0 fnt|[from] item: Life Orb\n|faint|p2a: Arceus\n|\n|win|85792195wwww\n|raw|FlamingThunderG0d's rating: 1515 &rarr; <strong>1506<\/strong><br \/>(-9 for losing)\n|raw|85792195wwww's rating: 1736 &rarr; <strong>1745<\/strong><br \/>(+9 for winning)\n","uploadtime":1700718617,"views":6,"p1id":"flamingthunderg0d","p2id":"85792195wwww","formatid":"gen9nationaldexubers","rating":1506,"private":0,"password":""}