{"id":"gen9nationaldexubers-1981523284","p1":"AlolanSandslashOU","p2":"XX_1nfinity_XX","format":"[Gen 9] National Dex Ubers","log":"|j|\u2606AlolanSandslashOU\n|j|\u2606XX_1nfinity_XX\n|t:|1698911927\n|gametype|singles\n|player|p1|AlolanSandslashOU|volkner|\n|player|p2|XX_1nfinity_XX|blackbelt-gen4dp|\n|teamsize|p1|6\n|teamsize|p2|6\n|gen|9\n|tier|[Gen 9] National Dex Ubers\n|rule|HP Percentage Mod: HP is shown in percentages\n|rule|Endless Battle Clause: Forcing endless battles is banned\n|rule|OHKO Clause: OHKO moves are banned\n|rule|Evasion Moves Clause: Evasion moves are banned\n|rule|Evasion Items Clause: Evasion items are banned\n|rule|Species Clause: Limit one of each Pok\u00e9mon\n|rule|Sleep Clause Mod: Limit one foe put to sleep\n|rule|Mega Rayquaza Clause: You cannot mega evolve Rayquaza\n|clearpoke\n|poke|p1|Chi-Yu|\n|poke|p1|Charizard, F|\n|poke|p1|Torkoal, M|\n|poke|p1|Blacephalon|\n|poke|p1|Heatran, M|\n|poke|p1|Skeledirge, M|\n|poke|p2|Scizor, M|\n|poke|p2|Dondozo, M|\n|poke|p2|Chansey, F|\n|poke|p2|Alomomola, M|\n|poke|p2|Weavile, F|\n|poke|p2|Xurkitree|\n|teampreview\n|inactive|Battle timer is ON: inactive players will automatically lose when time's up. (requested by XX_1nfinity_XX)\n|c|\u2606XX_1nfinity_XX|glhf\n|c|\u2606XX_1nfinity_XX|dmn\n|c|\u2606XX_1nfinity_XX|you only have special attackers\n|\n|t:|1698911950\n|start\n|switch|p1a: Heatran|Heatran, M|100\/100\n|switch|p2a: Xurkitree|Xurkitree|100\/100\n|turn|1\n|\n|t:|1698911957\n|move|p2a: Xurkitree|Volt Switch|p1a: Heatran\n|-damage|p1a: Heatran|72\/100\n|\n|t:|1698911968\n|switch|p2a: Chansey|Chansey, F|100\/100|[from] Volt Switch\n|move|p1a: Heatran|Toxic|p2a: Chansey\n|-status|p2a: Chansey|tox\n|\n|-heal|p1a: Heatran|78\/100|[from] item: Leftovers\n|-damage|p2a: Chansey|94\/100 tox|[from] psn\n|upkeep\n|turn|2\n|c|\u2606AlolanSandslashOU|Yeah that could be a problem\n|\n|t:|1698911975\n|move|p1a: Heatran|Taunt|p2a: Chansey\n|-start|p2a: Chansey|move: Taunt\n|cant|p2a: Chansey|move: Taunt|Teleport\n|\n|-heal|p1a: Heatran|84\/100|[from] item: Leftovers\n|-damage|p2a: Chansey|82\/100 tox|[from] psn\n|upkeep\n|turn|3\n|c|\u2606AlolanSandslashOU|No.\n|\n|t:|1698911987\n|-curestatus|p2a: Chansey|tox|[from] ability: Natural Cure\n|switch|p2a: Alomomola|Alomomola, M|100\/100\n|move|p1a: Heatran|Magma Storm|p2a: Alomomola|[miss]\n|-miss|p1a: Heatran|p2a: Alomomola\n|\n|-heal|p1a: Heatran|90\/100|[from] item: Leftovers\n|upkeep\n|turn|4\n|c|\u2606XX_1nfinity_XX|i forgot to put seismic toss\n|\n|t:|1698911996\n|switch|p1a: Torkoal|Torkoal, M|100\/100\n|-weather|SunnyDay|[from] ability: Drought|[of] p1a: Torkoal\n|move|p2a: Alomomola|Flip Turn|p1a: Torkoal\n|-supereffective|p1a: Torkoal\n|-damage|p1a: Torkoal|89\/100\n|\n|t:|1698912001\n|switch|p2a: Xurkitree|Xurkitree|100\/100|[from] Flip Turn\n|\n|-weather|SunnyDay|[upkeep]\n|upkeep\n|turn|5\n|\n|t:|1698912006\n|move|p2a: Xurkitree|Volt Switch|p1a: Torkoal\n|-damage|p1a: Torkoal|52\/100\n|c|\u2606XX_1nfinity_XX|so i am mostly gonna volt swich spam\n|\n|t:|1698912017\n|switch|p2a: Chansey|Chansey, F|82\/100|[from] Volt Switch\n|move|p1a: Torkoal|Earth Power|p2a: Chansey\n|-damage|p2a: Chansey|78\/100\n|\n|-weather|SunnyDay|[upkeep]\n|upkeep\n|turn|6\n|\n|t:|1698912022\n|move|p1a: Torkoal|Stealth Rock|p2a: Chansey\n|-sidestart|p2: XX_1nfinity_XX|move: Stealth Rock\n|move|p2a: Chansey|Teleport|p2a: Chansey\n|\n|t:|1698912026\n|switch|p2a: Xurkitree|Xurkitree|100\/100|[from] Teleport\n|-damage|p2a: Xurkitree|88\/100|[from] Stealth Rock\n|\n|-weather|SunnyDay|[upkeep]\n|upkeep\n|turn|7\n|\n|t:|1698912036\n|switch|p1a: Heatran|Heatran, M|90\/100\n|move|p2a: Xurkitree|Thunderbolt|p1a: Heatran\n|-damage|p1a: Heatran|54\/100\n|\n|-weather|SunnyDay|[upkeep]\n|-heal|p1a: Heatran|60\/100|[from] item: Leftovers\n|upkeep\n|turn|8\n|\n|t:|1698912044\n|move|p2a: Xurkitree|Thunderbolt|p1a: Heatran\n|-damage|p1a: Heatran|20\/100\n|move|p1a: Heatran|Toxic|p2a: Xurkitree\n|-status|p2a: Xurkitree|tox\n|\n|-weather|SunnyDay|[upkeep]\n|-heal|p1a: Heatran|27\/100|[from] item: Leftovers\n|-damage|p2a: Xurkitree|82\/100 tox|[from] psn\n|upkeep\n|turn|9\n|\n|t:|1698912051\n|switch|p1a: Chi-Yu|Chi-Yu|100\/100\n|-ability|p1a: Chi-Yu|Beads of Ruin\n|move|p2a: Xurkitree|Thunderbolt|p1a: Chi-Yu\n|-damage|p1a: Chi-Yu|37\/100\n|\n|-weather|SunnyDay|[upkeep]\n|-damage|p2a: Xurkitree|70\/100 tox|[from] psn\n|upkeep\n|turn|10\n|\n|t:|1698912063\n|switch|p2a: Alomomola|Alomomola, M|100\/100\n|-damage|p2a: Alomomola|88\/100|[from] Stealth Rock\n|-terastallize|p1a: Chi-Yu|Grass\n|move|p1a: Chi-Yu|Overheat|p2a: Alomomola\n|-resisted|p2a: Alomomola\n|-damage|p2a: Alomomola|0 fnt\n|-unboost|p1a: Chi-Yu|spa|2\n|faint|p2a: Alomomola\n|\n|-weather|SunnyDay|[upkeep]\n|upkeep\n|\n|t:|1698912067\n|switch|p2a: Chansey|Chansey, F|78\/100\n|-damage|p2a: Chansey|66\/100|[from] Stealth Rock\n|turn|11\n|c|\u2606AlolanSandslashOU|LMAO\n|\n|t:|1698912081\n|switch|p1a: Heatran|Heatran, M|27\/100\n|move|p2a: Chansey|Heal Bell|p2a: Chansey\n|-activate|p2a: Chansey|move: Heal Bell\n|-curestatus|p2: Xurkitree|tox|[msg]\n|\n|-weather|none\n|-heal|p1a: Heatran|33\/100|[from] item: Leftovers\n|upkeep\n|turn|12\n|\n|t:|1698912087\n|switch|p2a: Dondozo|Dondozo, M|100\/100\n|-damage|p2a: Dondozo|88\/100|[from] Stealth Rock\n|move|p1a: Heatran|Magma Storm|p2a: Dondozo\n|-resisted|p2a: Dondozo\n|-damage|p2a: Dondozo|68\/100\n|-activate|p2a: Dondozo|move: Magma Storm|[of] p1a: Heatran\n|\n|-heal|p1a: Heatran|39\/100|[from] item: Leftovers\n|-heal|p2a: Dondozo|74\/100|[from] item: Leftovers\n|-damage|p2a: Dondozo|61\/100|[from] move: Magma Storm|[partiallytrapped]\n|upkeep\n|turn|13\n|\n|t:|1698912096\n|move|p1a: Heatran|Toxic|p2a: Dondozo\n|-status|p2a: Dondozo|tox\n|move|p2a: Dondozo|Liquidation|p1a: Heatran\n|-supereffective|p1a: Heatran\n|-damage|p1a: Heatran|0 fnt\n|faint|p1a: Heatran\n|\n|-heal|p2a: Dondozo|67\/100 tox|[from] item: Leftovers\n|-damage|p2a: Dondozo|61\/100 tox|[from] psn\n|-end|p2a: Dondozo|Magma Storm|[partiallytrapped]|[silent]\n|upkeep\n|c|\u2606XX_1nfinity_XX|no taunt for you\n|c|\u2606AlolanSandslashOU|Anything to try and remove that guy\n|c|\u2606XX_1nfinity_XX|lol\n|\n|t:|1698912115\n|switch|p1a: Torkoal|Torkoal, M|52\/100\n|-weather|SunnyDay|[from] ability: Drought|[of] p1a: Torkoal\n|turn|14\n|c|\u2606XX_1nfinity_XX|its not even important\n|c|\u2606XX_1nfinity_XX|you have special attackers\n|c|\u2606XX_1nfinity_XX|this is a physical tank\n|c|\u2606AlolanSandslashOU|True but still\n|\n|t:|1698912142\n|move|p2a: Dondozo|Liquidation|p1a: Torkoal\n|-supereffective|p1a: Torkoal\n|-damage|p1a: Torkoal|31\/100\n|move|p1a: Torkoal|Solar Beam||[still]\n|-prepare|p1a: Torkoal|Solar Beam\n|-anim|p1a: Torkoal|Solar Beam|p2a: Dondozo\n|-supereffective|p2a: Dondozo\n|-damage|p2a: Dondozo|19\/100 tox\n|\n|-weather|SunnyDay|[upkeep]\n|-heal|p2a: Dondozo|25\/100 tox|[from] item: Leftovers\n|-damage|p2a: Dondozo|13\/100 tox|[from] psn\n|upkeep\n|turn|15\n|c|\u2606XX_1nfinity_XX|man hates dondozo so much\n|\n|t:|1698912150\n|switch|p1a: Skeledirge|Skeledirge, M|100\/100\n|move|p2a: Dondozo|Liquidation|p1a: Skeledirge\n|-supereffective|p1a: Skeledirge\n|-damage|p1a: Skeledirge|84\/100\n|\n|-weather|SunnyDay|[upkeep]\n|-heal|p2a: Dondozo|19\/100 tox|[from] item: Leftovers\n|-damage|p2a: Dondozo|0 fnt|[from] psn\n|faint|p2a: Dondozo\n|upkeep\n|\n|t:|1698912155\n|switch|p2a: Chansey|Chansey, F|66\/100\n|-damage|p2a: Chansey|53\/100|[from] Stealth Rock\n|turn|16\n|c|\u2606AlolanSandslashOU|I hate stall in general\n|\n|t:|1698912167\n|move|p1a: Skeledirge|Torch Song|p2a: Chansey\n|-damage|p2a: Chansey|43\/100\n|-boost|p1a: Skeledirge|spa|1\n|move|p2a: Chansey|Soft-Boiled|p2a: Chansey\n|-heal|p2a: Chansey|93\/100\n|\n|-weather|SunnyDay|[upkeep]\n|upkeep\n|turn|17\n|c|\u2606XX_1nfinity_XX|ohh good i am not using stall\n|c|\u2606XX_1nfinity_XX|:]\n|\n|t:|1698912177\n|move|p1a: Skeledirge|Torch Song|p2a: Chansey\n|-damage|p2a: Chansey|79\/100\n|-boost|p1a: Skeledirge|spa|1\n|move|p2a: Chansey|Teleport|p2a: Chansey\n|\n|t:|1698912181\n|switch|p2a: Xurkitree|Xurkitree|70\/100|[from] Teleport\n|-damage|p2a: Xurkitree|57\/100|[from] Stealth Rock\n|\n|-weather|SunnyDay|[upkeep]\n|upkeep\n|turn|18\n|\n|t:|1698912202\n|move|p2a: Xurkitree|Volt Switch|p1a: Skeledirge\n|-damage|p1a: Skeledirge|37\/100\n|\n|t:|1698912206\n|switch|p2a: Scizor|Scizor, M|100\/100|[from] Volt Switch\n|-damage|p2a: Scizor|88\/100|[from] Stealth Rock\n|move|p1a: Skeledirge|Torch Song|p2a: Scizor\n|-supereffective|p2a: Scizor\n|-crit|p2a: Scizor\n|-damage|p2a: Scizor|0 fnt\n|-boost|p1a: Skeledirge|spa|1\n|faint|p2a: Scizor\n|\n|-weather|SunnyDay|[upkeep]\n|upkeep\n|\n|t:|1698912209\n|switch|p2a: Chansey|Chansey, F|79\/100\n|-damage|p2a: Chansey|67\/100|[from] Stealth Rock\n|turn|19\n|\n|t:|1698912213\n|move|p1a: Skeledirge|Slack Off|p1a: Skeledirge\n|-heal|p1a: Skeledirge|87\/100\n|move|p2a: Chansey|Soft-Boiled|p2a: Chansey\n|-heal|p2a: Chansey|100\/100\n|\n|-weather|SunnyDay|[upkeep]\n|upkeep\n|turn|20\n|\n|t:|1698912217\n|move|p1a: Skeledirge|Will-O-Wisp|p2a: Chansey\n|-status|p2a: Chansey|brn\n|move|p2a: Chansey|Teleport|p2a: Chansey\n|\n|t:|1698912220\n|-curestatus|p2a: Chansey|brn|[from] ability: Natural Cure\n|switch|p2a: Xurkitree|Xurkitree|57\/100|[from] Teleport\n|-damage|p2a: Xurkitree|45\/100|[from] Stealth Rock\n|\n|-weather|SunnyDay|[upkeep]\n|upkeep\n|turn|21\n|\n|t:|1698912224\n|-terastallize|p2a: Xurkitree|Electric\n|move|p2a: Xurkitree|Thunderbolt|p1a: Skeledirge\n|-damage|p1a: Skeledirge|3\/100\n|-status|p1a: Skeledirge|par\n|cant|p1a: Skeledirge|par\n|\n|-weather|none\n|upkeep\n|turn|22\n|\n|t:|1698912235\n|switch|p1a: Torkoal|Torkoal, M|31\/100\n|-weather|SunnyDay|[from] ability: Drought|[of] p1a: Torkoal\n|move|p2a: Xurkitree|Thunderbolt|p1a: Torkoal\n|-damage|p1a: Torkoal|0 fnt\n|faint|p1a: Torkoal\n|-ability|p2a: Xurkitree|Beast Boost|boost\n|-boost|p2a: Xurkitree|spa|1\n|\n|-weather|SunnyDay|[upkeep]\n|upkeep\n|c|\u2606XX_1nfinity_XX|that almost scared me\n|\n|t:|1698912239\n|switch|p1a: Blacephalon|Blacephalon|100\/100\n|turn|23\n|\n|t:|1698912243\n|switch|p2a: Chansey|Chansey, F|100\/100\n|-damage|p2a: Chansey|88\/100|[from] Stealth Rock\n|move|p1a: Blacephalon|Heat Wave|p2a: Chansey\n|-damage|p2a: Chansey|71\/100\n|\n|-weather|SunnyDay|[upkeep]\n|upkeep\n|turn|24\n|\n|t:|1698912248\n|move|p1a: Blacephalon|Heat Wave|p2a: Chansey\n|-damage|p2a: Chansey|53\/100\n|move|p2a: Chansey|Soft-Boiled|p2a: Chansey\n|-heal|p2a: Chansey|100\/100\n|\n|-weather|SunnyDay|[upkeep]\n|upkeep\n|turn|25\n|\n|t:|1698912254\n|switch|p1a: Charizard|Charizard, F|100\/100\n|move|p2a: Chansey|Gravity|p2a: Chansey\n|-fieldstart|move: Gravity\n|\n|-weather|SunnyDay|[upkeep]\n|upkeep\n|turn|26\n|c|\u2606AlolanSandslashOU|!dt gravity\n|raw|<ul class=\"utilichart\"><li class=\"result\"><span class=\"col movenamecol\"><a href=\"https:\/\/dex.pokemonshowdown.com\/moves\/gravity\">Gravity<\/a><\/span> <span class=\"col typecol\"><img src=\"\/\/play.pokemonshowdown.com\/sprites\/types\/Psychic.png\" alt=\"Psychic\" width=\"32\" height=\"14\"><img src=\"\/\/play.pokemonshowdown.com\/sprites\/categories\/Status.png\" alt=\"Status\" width=\"32\" height=\"14\"><\/span> <span class=\"col widelabelcol\"><em>Accuracy<\/em><br>\u2014<\/span> <span class=\"col pplabelcol\"><em>PP<\/em><br>8<\/span> <span class=\"col movedesccol\">5 turns: no Ground immunities, 1.67x accuracy.<\/span> <\/li><li style=\"clear:both\"><\/li><\/ul>\n|raw|<font size=\"1\"><font color=\"#686868\">Priority:<\/font> 0&nbsp;|&ThickSpace;<font color=\"#686868\">Gen:<\/font> 4&nbsp;|&ThickSpace;&#10003; Bypasses Protect&nbsp;|&ThickSpace;<font color=\"#686868\">Z-Effect:<\/font>  Sp. Atk +1&nbsp;|&ThickSpace;<font color=\"#686868\">Target:<\/font> All Pok\u00e9mon<\/font>\n\n|c|\u2606AlolanSandslashOU|Ah ok\n|\n|t:|1698912271\n|detailschange|p1a: Charizard|Charizard-Mega-Y, F\n|-mega|p1a: Charizard|Charizard|Charizardite Y\n|move|p1a: Charizard|Weather Ball|p2a: Chansey\n|-damage|p2a: Chansey|80\/100\n|move|p2a: Chansey|Teleport|p2a: Chansey\n|c|\u2606XX_1nfinity_XX|i was paring gravity with z hpnosis for 100%\n|\n|t:|1698912285\n|switch|p2a: Xurkitree|Xurkitree, tera:Electric|45\/100|[from] Teleport\n|-damage|p2a: Xurkitree|32\/100|[from] Stealth Rock\n|\n|-weather|SunnyDay|[upkeep]\n|upkeep\n|turn|27\n|c|\u2606AlolanSandslashOU|I banned z moves lmao\n|\n|t:|1698912297\n|switch|p1a: Skeledirge|Skeledirge, M|3\/100 par\n|move|p2a: Xurkitree|Volt Switch|p1a: Skeledirge\n|-damage|p1a: Skeledirge|0 fnt\n|faint|p1a: Skeledirge\n|-ability|p2a: Xurkitree|Beast Boost|boost\n|-boost|p2a: Xurkitree|spa|1\n|c|\u2606XX_1nfinity_XX|turns out true\n|\n|t:|1698912301\n|switch|p2a: Chansey|Chansey, F|80\/100|[from] Volt Switch\n|-damage|p2a: Chansey|67\/100|[from] Stealth Rock\n|\n|-weather|SunnyDay|[upkeep]\n|upkeep\n|\n|t:|1698912308\n|switch|p1a: Blacephalon|Blacephalon|100\/100\n|turn|28\n|\n|t:|1698912311\n|move|p1a: Blacephalon|Psyshock|p2a: Chansey\n|-damage|p2a: Chansey|21\/100\n|move|p2a: Chansey|Soft-Boiled|p2a: Chansey\n|-heal|p2a: Chansey|71\/100\n|\n|-weather|SunnyDay|[upkeep]\n|upkeep\n|turn|29\n|c|\u2606AlolanSandslashOU|:)\n|\n|t:|1698912321\n|switch|p2a: Weavile|Weavile, F|100\/100\n|-damage|p2a: Weavile|76\/100|[from] Stealth Rock\n|-ability|p2a: Weavile|Pressure\n|move|p1a: Blacephalon|Psyshock|p2a: Weavile\n|-immune|p2a: Weavile\n|\n|-weather|none\n|-fieldend|move: Gravity\n|upkeep\n|turn|30\n|c|\u2606XX_1nfinity_XX|nuh uh\n|c|\u2606AlolanSandslashOU|Bruh I tried switching wtf\n|\n|t:|1698912342\n|switch|p1a: Charizard|Charizard-Mega-Y, F|100\/100\n|-weather|SunnyDay|[from] ability: Drought|[of] p1a: Charizard\n|move|p2a: Weavile|Knock Off|p1a: Charizard\n|-damage|p1a: Charizard|52\/100\n|\n|-weather|SunnyDay|[upkeep]\n|upkeep\n|turn|31\n|\n|t:|1698912347\n|switch|p2a: Chansey|Chansey, F|71\/100\n|-damage|p2a: Chansey|59\/100|[from] Stealth Rock\n|move|p1a: Charizard|Weather Ball|p2a: Chansey\n|-damage|p2a: Chansey|37\/100\n|\n|-weather|SunnyDay|[upkeep]\n|upkeep\n|turn|32\n|\n|t:|1698912350\n|move|p1a: Charizard|Air Slash|p2a: Chansey\n|-damage|p2a: Chansey|26\/100\n|cant|p2a: Chansey|flinch\n|\n|-weather|SunnyDay|[upkeep]\n|upkeep\n|turn|33\n|c|\u2606XX_1nfinity_XX|noo\n|\n|t:|1698912359\n|move|p1a: Charizard|Weather Ball|p2a: Chansey\n|-damage|p2a: Chansey|4\/100\n|move|p2a: Chansey|Soft-Boiled|p2a: Chansey\n|-heal|p2a: Chansey|54\/100\n|\n|-weather|SunnyDay|[upkeep]\n|upkeep\n|turn|34\n|\n|t:|1698912363\n|move|p1a: Charizard|Air Slash|p2a: Chansey\n|-damage|p2a: Chansey|44\/100\n|cant|p2a: Chansey|flinch\n|\n|-weather|none\n|upkeep\n|turn|35\n|\n|t:|1698912365\n|move|p1a: Charizard|Air Slash|p2a: Chansey\n|-damage|p2a: Chansey|34\/100\n|move|p2a: Chansey|Soft-Boiled|p2a: Chansey\n|-heal|p2a: Chansey|84\/100\n|\n|upkeep\n|turn|36\n|c|\u2606XX_1nfinity_XX|bruh stip\n|\n|t:|1698912376\n|move|p1a: Charizard|Air Slash|p2a: Chansey\n|-damage|p2a: Chansey|74\/100\n|cant|p2a: Chansey|flinch\n|\n|upkeep\n|turn|37\n|\n|t:|1698912378\n|switch|p2a: Xurkitree|Xurkitree, tera:Electric|32\/100\n|-damage|p2a: Xurkitree|20\/100|[from] Stealth Rock\n|move|p1a: Charizard|Air Slash|p2a: Xurkitree\n|-resisted|p2a: Xurkitree\n|-damage|p2a: Xurkitree|0 fnt\n|faint|p2a: Xurkitree\n|\n|upkeep\n|c|\u2606XX_1nfinity_XX|ohh wait\n|\n|t:|1698912387\n|switch|p2a: Weavile|Weavile, F|76\/100\n|-damage|p2a: Weavile|51\/100|[from] Stealth Rock\n|-ability|p2a: Weavile|Pressure\n|turn|38\n|\n|t:|1698912393\n|switch|p1a: Blacephalon|Blacephalon|100\/100\n|move|p2a: Weavile|Ice Spinner|p1a: Blacephalon\n|-resisted|p1a: Blacephalon\n|-damage|p1a: Blacephalon|54\/100\n|\n|upkeep\n|turn|39\n|c|\u2606XX_1nfinity_XX|thats a lot of damage\n|\n|t:|1698912403\n|switch|p2a: Chansey|Chansey, F|74\/100\n|-damage|p2a: Chansey|61\/100|[from] Stealth Rock\n|move|p1a: Blacephalon|Trick|p2a: Chansey\n|-activate|p1a: Blacephalon|move: Trick|[of] p2a: Chansey\n|-item|p2a: Chansey|Choice Scarf|[from] move: Trick\n|-item|p1a: Blacephalon|Eviolite|[from] move: Trick\n|\n|upkeep\n|turn|40\n|c|\u2606AlolanSandslashOU|LMAO\n|c|\u2606XX_1nfinity_XX|rudeee\n|\n|t:|1698912422\n|move|p1a: Blacephalon|Heat Wave|p2a: Chansey\n|-damage|p2a: Chansey|44\/100\n|move|p2a: Chansey|Teleport|p2a: Chansey\n|\n|t:|1698912425\n|switch|p2a: Weavile|Weavile, F|51\/100|[from] Teleport\n|-damage|p2a: Weavile|26\/100|[from] Stealth Rock\n|-ability|p2a: Weavile|Pressure\n|\n|upkeep\n|turn|41\n|\n|t:|1698912431\n|switch|p1a: Charizard|Charizard-Mega-Y, F|52\/100\n|-weather|SunnyDay|[from] ability: Drought|[of] p1a: Charizard\n|move|p2a: Weavile|Knock Off|p1a: Charizard\n|-damage|p1a: Charizard|3\/100\n|\n|-weather|SunnyDay|[upkeep]\n|upkeep\n|turn|42\n|\n|t:|1698912437\n|move|p2a: Weavile|Knock Off|p1a: Charizard\n|-damage|p1a: Charizard|0 fnt\n|faint|p1a: Charizard\n|\n|-weather|SunnyDay|[upkeep]\n|upkeep\n|c|\u2606XX_1nfinity_XX|i still win\n|\n|t:|1698912438\n|switch|p1a: Blacephalon|Blacephalon|54\/100\n|turn|43\n|\n|t:|1698912442\n|move|p2a: Weavile|Knock Off|p1a: Blacephalon\n|-supereffective|p1a: Blacephalon\n|-damage|p1a: Blacephalon|0 fnt\n|-enditem|p1a: Blacephalon|Eviolite|[from] move: Knock Off|[of] p2a: Weavile\n|faint|p1a: Blacephalon\n|\n|-weather|SunnyDay|[upkeep]\n|upkeep\n|\n|t:|1698912445\n|switch|p1a: Chi-Yu|Chi-Yu, tera:Grass|37\/100\n|-ability|p1a: Chi-Yu|Beads of Ruin\n|turn|44\n|c|\u2606XX_1nfinity_XX|i am scarfed\n|\n|t:|1698912454\n|move|p2a: Weavile|Knock Off|p1a: Chi-Yu\n|-damage|p1a: Chi-Yu|0 fnt\n|-enditem|p1a: Chi-Yu|Choice Specs|[from] move: Knock Off|[of] p2a: Weavile\n|faint|p1a: Chi-Yu\n|\n|win|XX_1nfinity_XX\n|c|\u2606AlolanSandslashOU|Ah gg\n|c|\u2606XX_1nfinity_XX|hahahah 8 badges\n|c|\u2606AlolanSandslashOU|i forgot you had teleport\n|c|\u2606XX_1nfinity_XX|lets goooo\n|c|\u2606XX_1nfinity_XX|teleport funny\n|c|\u2606AlolanSandslashOU|Yeah lol\n","uploadtime":1698912480,"views":13,"p1id":"alolansandslashou","p2id":"xx1nfinityxx","formatid":"gen9nationaldexubers","rating":0,"private":0,"password":""}