{"id":"gen9nationaldexubers-1982275135","p1":"goomberse1","p2":"EnvyShindo","format":"[Gen 9] National Dex Ubers","log":"|j|\u2606goomberse1\n|j|\u2606EnvyShindo\n|t:|1698988238\n|gametype|singles\n|player|p1|goomberse1|169|\n|player|p2|EnvyShindo|emmet|\n|teamsize|p1|6\n|teamsize|p2|6\n|gen|9\n|tier|[Gen 9] National Dex Ubers\n|rule|HP Percentage Mod: HP is shown in percentages\n|rule|Endless Battle Clause: Forcing endless battles is banned\n|rule|OHKO Clause: OHKO moves are banned\n|rule|Evasion Moves Clause: Evasion moves are banned\n|rule|Evasion Items Clause: Evasion items are banned\n|rule|Species Clause: Limit one of each Pok\u00e9mon\n|rule|Sleep Clause Mod: Limit one foe put to sleep\n|rule|Mega Rayquaza Clause: You cannot mega evolve Rayquaza\n|clearpoke\n|poke|p1|Garchomp, M|\n|poke|p1|Clefable, M|\n|poke|p1|Braviary, M|\n|poke|p1|Ferrothorn, M|\n|poke|p1|Raichu-Alola, F|\n|poke|p1|Greninja-*, M|\n|poke|p2|Kartana|\n|poke|p2|Ceruledge, F|\n|poke|p2|Marshadow|\n|poke|p2|Calyrex-Ice|\n|poke|p2|Mimikyu, M|\n|poke|p2|Sceptile, M|\n|teampreview\n|\n|t:|1698988250\n|start\n|switch|p1a: Ferrothorn|Ferrothorn, M|100\/100\n|switch|p2a: Calyrex|Calyrex-Ice|100\/100\n|-ability|p2a: Calyrex|As One\n|-ability|p2a: Calyrex|Unnerve\n|turn|1\n|\n|t:|1698988265\n|-terastallize|p1a: Ferrothorn|Grass\n|move|p1a: Ferrothorn|Leech Seed|p2a: Calyrex|[miss]\n|-miss|p1a: Ferrothorn|p2a: Calyrex\n|move|p2a: Calyrex|Trick Room|p2a: Calyrex\n|-fieldstart|move: Trick Room|[of] p2a: Calyrex\n|\n|upkeep\n|turn|2\n|\n|t:|1698988273\n|-terastallize|p2a: Calyrex|Ice\n|move|p1a: Ferrothorn|Spikes|p2a: Calyrex\n|-sidestart|p2: EnvyShindo|Spikes\n|move|p2a: Calyrex|Glacial Lance|p1a: Ferrothorn\n|-supereffective|p1a: Ferrothorn\n|-damage|p1a: Ferrothorn|0 fnt\n|faint|p1a: Ferrothorn\n|-ability|p2a: Calyrex|Chilling Neigh|boost\n|-boost|p2a: Calyrex|atk|1\n|\n|upkeep\n|\n|t:|1698988293\n|switch|p1a: Raichu|Raichu-Alola, F|100\/100\n|turn|3\n|\n|t:|1698988302\n|move|p2a: Calyrex|Glacial Lance|p1a: Raichu\n|-damage|p1a: Raichu|0 fnt\n|faint|p1a: Raichu\n|-ability|p2a: Calyrex|Chilling Neigh|boost\n|-boost|p2a: Calyrex|atk|1\n|\n|upkeep\n|\n|t:|1698988310\n|switch|p1a: Greninja|Greninja, M|100\/100\n|turn|4\n|\n|t:|1698988318\n|move|p2a: Calyrex|Glacial Lance|p1a: Greninja\n|-resisted|p1a: Greninja\n|-damage|p1a: Greninja|0 fnt\n|faint|p1a: Greninja\n|-ability|p2a: Calyrex|Chilling Neigh|boost\n|-boost|p2a: Calyrex|atk|1\n|\n|upkeep\n|\n|t:|1698988324\n|switch|p1a: Clefable|Clefable, M|100\/100\n|turn|5\n|\n|t:|1698988329\n|move|p1a: Clefable|Protect|p1a: Clefable\n|-singleturn|p1a: Clefable|Protect\n|move|p2a: Calyrex|Glacial Lance|p1a: Clefable\n|-activate|p1a: Clefable|move: Protect\n|\n|-fieldend|move: Trick Room\n|upkeep\n|turn|6\n|\n|t:|1698988337\n|move|p1a: Clefable|Moonblast|p2a: Calyrex\n|-damage|p2a: Calyrex|78\/100\n|move|p2a: Calyrex|Glacial Lance|p1a: Clefable\n|-damage|p1a: Clefable|17\/100\n|\n|-heal|p1a: Clefable|23\/100|[from] item: Leftovers\n|upkeep\n|turn|7\n|\n|t:|1698988351\n|move|p1a: Clefable|Wish|p1a: Clefable\n|move|p2a: Calyrex|Glacial Lance|p1a: Clefable\n|-damage|p1a: Clefable|0 fnt\n|faint|p1a: Clefable\n|-ability|p2a: Calyrex|Chilling Neigh|boost\n|-boost|p2a: Calyrex|atk|1\n|\n|upkeep\n|\n|t:|1698988357\n|switch|p1a: Garchomp|Garchomp, M|100\/100\n|turn|8\n|\n|t:|1698988361\n|move|p1a: Garchomp|Fire Blast|p2a: Calyrex\n|-supereffective|p2a: Calyrex\n|-damage|p2a: Calyrex|37\/100\n|-status|p2a: Calyrex|brn\n|move|p2a: Calyrex|Glacial Lance|p1a: Garchomp\n|-supereffective|p1a: Garchomp\n|-damage|p1a: Garchomp|0 fnt\n|faint|p1a: Garchomp\n|-ability|p2a: Calyrex|Chilling Neigh|boost\n|-boost|p2a: Calyrex|atk|1\n|\n|-damage|p2a: Calyrex|31\/100 brn|[from] brn\n|upkeep\n|\n|t:|1698988372\n|switch|p1a: Braviary|Braviary, M|100\/100\n|turn|9\n|\n|t:|1698988377\n|-zpower|p1a: Braviary\n|move|p1a: Braviary|All-Out Pummeling|p2a: Calyrex|[zeffect]\n|-supereffective|p2a: Calyrex\n|-damage|p2a: Calyrex|0 fnt\n|faint|p2a: Calyrex\n|\n|upkeep\n|\n|t:|1698988387\n|switch|p2a: Marshadow|Marshadow|100\/100\n|-damage|p2a: Marshadow|88\/100|[from] Spikes\n|turn|10\n|\n|t:|1698988393\n|move|p2a: Marshadow|Spectral Thief|p1a: Braviary\n|-immune|p1a: Braviary\n|move|p1a: Braviary|Bulk Up|p1a: Braviary\n|-boost|p1a: Braviary|atk|1\n|-boost|p1a: Braviary|def|1\n|-enditem|p2a: Marshadow|Mirror Herb\n|-boost|p2a: Marshadow|atk|1|[from] item: Mirror Herb\n|-boost|p2a: Marshadow|def|1|[from] item: Mirror Herb\n|\n|upkeep\n|turn|11\n|\n|t:|1698988406\n|move|p2a: Marshadow|Rock Tomb|p1a: Braviary\n|-supereffective|p1a: Braviary\n|-damage|p1a: Braviary|30\/100\n|-unboost|p1a: Braviary|spe|1\n|-ability|p1a: Braviary|Defiant|boost\n|-boost|p1a: Braviary|atk|2\n|move|p1a: Braviary|Brave Bird|p2a: Marshadow\n|-supereffective|p2a: Marshadow\n|-damage|p2a: Marshadow|0 fnt\n|faint|p2a: Marshadow\n|-damage|p1a: Braviary|2\/100|[from] Recoil\n|\n|upkeep\n|\n|t:|1698988422\n|switch|p2a: Sceptile|Sceptile, M|100\/100\n|-damage|p2a: Sceptile|88\/100|[from] Spikes\n|turn|12\n|\n|t:|1698988431\n|detailschange|p2a: Sceptile|Sceptile-Mega, M\n|-mega|p2a: Sceptile|Sceptile|Sceptilite\n|move|p2a: Sceptile|Dragon Claw|p1a: Braviary\n|-damage|p1a: Braviary|0 fnt\n|faint|p1a: Braviary\n|\n|win|EnvyShindo\n","uploadtime":1698988440,"views":8,"p1id":"goomberse1","p2id":"envyshindo","formatid":"gen9nationaldexubers","rating":0,"private":0,"password":""}