{"id":"gen9nationaldexubers-1978952154","p1":"Spade_Baka","p2":"Ace_baka","format":"[Gen 9] National Dex Ubers","log":"|j|\u2606Spade_Baka\n|j|\u2606Ace_baka\n|t:|1698613929\n|gametype|singles\n|player|p1|Spade_Baka|1|\n|player|p2|Ace_baka|102|\n|teamsize|p1|6\n|teamsize|p2|6\n|gen|9\n|tier|[Gen 9] National Dex Ubers\n|rule|HP Percentage Mod: HP is shown in percentages\n|rule|Endless Battle Clause: Forcing endless battles is banned\n|rule|OHKO Clause: OHKO moves are banned\n|rule|Evasion Moves Clause: Evasion moves are banned\n|rule|Evasion Items Clause: Evasion items are banned\n|rule|Species Clause: Limit one of each Pok\u00e9mon\n|rule|Sleep Clause Mod: Limit one foe put to sleep\n|rule|Mega Rayquaza Clause: You cannot mega evolve Rayquaza\n|clearpoke\n|poke|p1|Hoopa-Unbound, L57|\n|poke|p1|Volcanion, L60|\n|poke|p1|Sandslash-Alola, L55, F|\n|poke|p1|Magearna, L51|\n|poke|p1|Flygon, L59, M|\n|poke|p1|Sceptile, L52, M|\n|poke|p2|Blaziken, L51, M|\n|poke|p2|Giratina-Origin, L56|\n|poke|p2|Empoleon, L56, F|\n|poke|p2|Xerneas-*, L56|\n|poke|p2|Sandaconda, L63, F|\n|poke|p2|Toxtricity, L63, M|\n|teampreview\n|\n|t:|1698613959\n|start\n|switch|p1a: Flygon|Flygon, L59, M|100\/100\n|switch|p2a: Xerneas|Xerneas, L56|100\/100\n|-ability|p2a: Xerneas|Fairy Aura\n|turn|1\n|\n|t:|1698613990\n|switch|p1a: Volcanion|Volcanion, L60|100\/100\n|move|p2a: Xerneas|Moonblast|p1a: Volcanion\n|-resisted|p1a: Volcanion\n|-damage|p1a: Volcanion|81\/100\n|\n|upkeep\n|turn|2\n|\n|t:|1698614003\n|switch|p2a: Empoleon|Empoleon, L56, F|100\/100\n|move|p1a: Volcanion|Haze|p1a: Volcanion\n|-clearallboost\n|\n|upkeep\n|turn|3\n|\n|t:|1698614034\n|switch|p1a: Sceptile|Sceptile, L52, M|100\/100\n|move|p2a: Empoleon|Metal Claw|p1a: Sceptile\n|-damage|p1a: Sceptile|68\/100\n|\n|upkeep\n|turn|4\n|\n|t:|1698614049\n|move|p1a: Sceptile|Leaf Blade|p2a: Empoleon\n|-crit|p2a: Empoleon\n|-damage|p2a: Empoleon|36\/100\n|move|p2a: Empoleon|Drill Peck|p1a: Sceptile\n|-supereffective|p1a: Sceptile\n|-damage|p1a: Sceptile|0 fnt\n|faint|p1a: Sceptile\n|\n|-heal|p2a: Empoleon|42\/100|[from] item: Leftovers\n|upkeep\n|\n|t:|1698614073\n|switch|p1a: Hoopa|Hoopa-Unbound, L57|100\/100\n|turn|5\n|\n|t:|1698614086\n|move|p1a: Hoopa|Shadow Ball|p2a: Empoleon\n|-damage|p2a: Empoleon|11\/100\n|-unboost|p2a: Empoleon|spd|1\n|move|p2a: Empoleon|Scald|p1a: Hoopa\n|-damage|p1a: Hoopa|70\/100\n|-status|p1a: Hoopa|brn\n|\n|-heal|p2a: Empoleon|17\/100|[from] item: Leftovers\n|-damage|p1a: Hoopa|64\/100 brn|[from] brn\n|upkeep\n|turn|6\n|\n|t:|1698614101\n|move|p1a: Hoopa|Shadow Ball|p2a: Empoleon\n|-damage|p2a: Empoleon|0 fnt\n|faint|p2a: Empoleon\n|\n|-damage|p1a: Hoopa|58\/100 brn|[from] brn\n|upkeep\n|\n|t:|1698614186\n|switch|p2a: Sandaconda|Sandaconda, L63, F|100\/100\n|turn|7\n|\n|t:|1698614203\n|move|p1a: Hoopa|Shadow Ball|p2a: Sandaconda\n|-damage|p2a: Sandaconda|67\/100\n|-weather|Sandstorm|[from] ability: Sand Spit|[of] p2a: Sandaconda\n|move|p2a: Sandaconda|Coil|p2a: Sandaconda\n|-boost|p2a: Sandaconda|atk|1\n|-boost|p2a: Sandaconda|def|1\n|-boost|p2a: Sandaconda|accuracy|1\n|\n|-weather|Sandstorm|[upkeep]\n|-damage|p1a: Hoopa|52\/100 brn|[from] Sandstorm\n|-damage|p1a: Hoopa|46\/100 brn|[from] brn\n|upkeep\n|turn|8\n|\n|t:|1698614214\n|move|p1a: Hoopa|Shadow Ball|p2a: Sandaconda\n|-damage|p2a: Sandaconda|31\/100\n|move|p2a: Sandaconda|Slam|p1a: Hoopa\n|-damage|p1a: Hoopa|3\/100 brn\n|\n|-weather|Sandstorm|[upkeep]\n|-damage|p1a: Hoopa|0 fnt|[from] Sandstorm\n|faint|p1a: Hoopa\n|upkeep\n|\n|t:|1698614223\n|switch|p1a: Volcanion|Volcanion, L60|81\/100\n|turn|9\n|\n|t:|1698614237\n|switch|p1a: Flygon|Flygon, L59, M|100\/100\n|move|p2a: Sandaconda|Slam|p1a: Flygon\n|-damage|p1a: Flygon|56\/100\n|-damage|p2a: Sandaconda|15\/100|[from] item: Rocky Helmet|[of] p1a: Flygon\n|\n|-weather|Sandstorm|[upkeep]\n|upkeep\n|turn|10\n|\n|t:|1698614246\n|move|p1a: Flygon|Dragon Rush|p2a: Sandaconda\n|-damage|p2a: Sandaconda|0 fnt\n|faint|p2a: Sandaconda\n|\n|-weather|Sandstorm|[upkeep]\n|upkeep\n|\n|t:|1698614254\n|switch|p2a: Toxtricity|Toxtricity, L63, M|100\/100\n|-item|p2a: Toxtricity|Air Balloon\n|turn|11\n|\n|t:|1698614262\n|move|p1a: Flygon|Dragon Rush|p2a: Toxtricity\n|-damage|p2a: Toxtricity|41\/100\n|-enditem|p2a: Toxtricity|Air Balloon\n|move|p2a: Toxtricity|Boomburst|p1a: Flygon\n|-damage|p1a: Flygon|0 fnt\n|faint|p1a: Flygon\n|\n|-weather|none\n|upkeep\n|\n|t:|1698614277\n|switch|p1a: Sandslash|Sandslash-Alola, L55, F|100\/100\n|turn|12\n|\n|t:|1698614286\n|move|p2a: Toxtricity|Boomburst|p1a: Sandslash\n|-resisted|p1a: Sandslash\n|-damage|p1a: Sandslash|60\/100\n|move|p1a: Sandslash|Iron Head|p2a: Toxtricity\n|-resisted|p2a: Toxtricity\n|-damage|p2a: Toxtricity|21\/100\n|\n|upkeep\n|turn|13\n|\n|t:|1698614293\n|move|p2a: Toxtricity|Boomburst|p1a: Sandslash\n|-resisted|p1a: Sandslash\n|-damage|p1a: Sandslash|17\/100\n|move|p1a: Sandslash|Icicle Spear|p2a: Toxtricity\n|-damage|p2a: Toxtricity|9\/100\n|-damage|p2a: Toxtricity|0 fnt\n|faint|p2a: Toxtricity\n|-hitcount|p2: Toxtricity|2\n|\n|upkeep\n|\n|t:|1698614334\n|switch|p2a: Blaziken|Blaziken, L51, M|100\/100\n|turn|14\n|\n|t:|1698614364\n|switch|p1a: Volcanion|Volcanion, L60|81\/100\n|detailschange|p2a: Blaziken|Blaziken-Mega, L51, M\n|-mega|p2a: Blaziken|Blaziken|Blazikenite\n|move|p2a: Blaziken|Rock Smash|p1a: Volcanion\n|-damage|p1a: Volcanion|69\/100\n|-unboost|p1a: Volcanion|def|1\n|\n|-ability|p2a: Blaziken|Speed Boost|boost\n|-boost|p2a: Blaziken|spe|1\n|upkeep\n|turn|15\n|\n|t:|1698614417\n|move|p2a: Blaziken|Rock Smash|p1a: Volcanion\n|-damage|p1a: Volcanion|51\/100\n|move|p1a: Volcanion|Steam Eruption|p2a: Blaziken\n|-supereffective|p2a: Blaziken\n|-damage|p2a: Blaziken|0 fnt\n|faint|p2a: Blaziken\n|\n|upkeep\n|\n|t:|1698614426\n|switch|p2a: Giratina|Giratina-Origin, L56|100\/100\n|turn|16\n|\n|t:|1698614431\n|switch|p1a: Magearna|Magearna, L51|100\/100\n|move|p2a: Giratina|Shadow Force||[still]\n|-prepare|p2a: Giratina|Shadow Force\n|\n|upkeep\n|turn|17\n|\n|t:|1698614461\n|move|p2a: Giratina|Shadow Force|p1a: Magearna|[from]lockedmove\n|-damage|p1a: Magearna|37\/100\n|move|p1a: Magearna|Dazzling Gleam|p2a: Giratina\n|-supereffective|p2a: Giratina\n|-damage|p2a: Giratina|42\/100\n|\n|-heal|p1a: Magearna|43\/100|[from] item: Leftovers\n|upkeep\n|turn|18\n|\n|t:|1698614529\n|move|p2a: Giratina|Shadow Force||[still]\n|-prepare|p2a: Giratina|Shadow Force\n|move|p1a: Magearna|Dazzling Gleam|p2a: Giratina|[miss]\n|-miss|p1a: Magearna|p2a: Giratina\n|\n|-heal|p1a: Magearna|49\/100|[from] item: Leftovers\n|upkeep\n|turn|19\n|\n|t:|1698614539\n|move|p2a: Giratina|Shadow Force|p1a: Magearna|[from]lockedmove\n|-damage|p1a: Magearna|0 fnt\n|faint|p1a: Magearna\n|\n|upkeep\n|\n|t:|1698614544\n|switch|p1a: Sandslash|Sandslash-Alola, L55, F|17\/100\n|turn|20\n|\n|t:|1698614552\n|move|p2a: Giratina|Shadow Force||[still]\n|-prepare|p2a: Giratina|Shadow Force\n|move|p1a: Sandslash|Icicle Spear|p2a: Giratina|[miss]\n|-miss|p1a: Sandslash|p2a: Giratina\n|\n|upkeep\n|turn|21\n|\n|t:|1698614565\n|move|p2a: Giratina|Shadow Force|p1a: Sandslash|[from]lockedmove\n|-damage|p1a: Sandslash|0 fnt\n|-damage|p2a: Giratina|26\/100|[from] item: Rocky Helmet|[of] p1a: Sandslash\n|faint|p1a: Sandslash\n|\n|upkeep\n|\n|t:|1698614572\n|switch|p1a: Volcanion|Volcanion, L60|51\/100\n|turn|22\n|\n|t:|1698614574\n|move|p2a: Giratina|Shadow Force||[still]\n|-prepare|p2a: Giratina|Shadow Force\n|move|p1a: Volcanion|Steam Eruption|p2a: Giratina|[miss]\n|-miss|p1a: Volcanion|p2a: Giratina\n|\n|upkeep\n|turn|23\n|\n|t:|1698614579\n|move|p2a: Giratina|Shadow Force|p1a: Volcanion|[from]lockedmove\n|-damage|p1a: Volcanion|5\/100\n|move|p1a: Volcanion|Steam Eruption|p2a: Giratina\n|-resisted|p2a: Giratina\n|-damage|p2a: Giratina|0 fnt\n|faint|p2a: Giratina\n|\n|upkeep\n|\n|t:|1698614586\n|switch|p2a: Xerneas|Xerneas, L56|100\/100\n|-ability|p2a: Xerneas|Fairy Aura\n|turn|24\n|\n|t:|1698614591\n|move|p2a: Xerneas|Aurora Beam|p1a: Volcanion\n|-resisted|p1a: Volcanion\n|-damage|p1a: Volcanion|2\/100\n|-unboost|p1a: Volcanion|atk|1\n|move|p1a: Volcanion|Steam Eruption|p2a: Xerneas\n|-damage|p2a: Xerneas|39\/100\n|\n|upkeep\n|turn|25\n|\n|t:|1698614610\n|move|p2a: Xerneas|Aurora Beam|p1a: Volcanion\n|-resisted|p1a: Volcanion\n|-damage|p1a: Volcanion|0 fnt\n|faint|p1a: Volcanion\n|\n|win|Ace_baka\n","uploadtime":1698614615,"views":9,"p1id":"spadebaka","p2id":"acebaka","formatid":"gen9nationaldexubers","rating":0,"private":0,"password":""}