{"id":"gen9nationaldexubers-1988691814","p1":"Grimmatter","p2":"tuuma","format":"[Gen 9] National Dex Ubers","log":"|j|\u2606Grimmatter\n|j|\u2606tuuma\n|t:|1699751258\n|gametype|singles\n|player|p1|Grimmatter|1|1260\n|player|p2|tuuma|101|1326\n|teamsize|p1|6\n|teamsize|p2|6\n|gen|9\n|tier|[Gen 9] National Dex Ubers\n|rated|\n|rule|HP Percentage Mod: HP is shown in percentages\n|rule|Endless Battle Clause: Forcing endless battles is banned\n|rule|OHKO Clause: OHKO moves are banned\n|rule|Evasion Moves Clause: Evasion moves are banned\n|rule|Evasion Items Clause: Evasion items are banned\n|rule|Species Clause: Limit one of each Pok\u00e9mon\n|rule|Sleep Clause Mod: Limit one foe put to sleep\n|rule|Mega Rayquaza Clause: You cannot mega evolve Rayquaza\n|clearpoke\n|poke|p1|Marshadow|\n|poke|p1|Groudon|\n|poke|p1|Charizard, F|\n|poke|p1|Regieleki|\n|poke|p1|Walking Wake|\n|poke|p1|Chien-Pao|\n|poke|p2|Marshadow|\n|poke|p2|Shaymin-Sky|\n|poke|p2|Zoroark-Hisui, M|\n|poke|p2|Sandy Shocks|\n|poke|p2|Ribombee, F|\n|poke|p2|Glimmora, F|\n|teampreview\n|inactive|Battle timer is ON: inactive players will automatically lose when time's up. (requested by tuuma)\n|\n|t:|1699751273\n|start\n|switch|p1a: Walking Wake|Walking Wake|100\/100\n|switch|p2a: Ribombee|Ribombee, F|100\/100\n|turn|1\n|\n|t:|1699751301\n|-end|p1a: Walking Wake|Protosynthesis|[silent]\n|switch|p1a: Charizard|Charizard, F, shiny|100\/100\n|move|p2a: Ribombee|Bitter Malice|p1a: Charizard\n|-damage|p1a: Charizard|21\/100\n|-unboost|p1a: Charizard|atk|1\n|\n|upkeep\n|turn|2\n|\n|t:|1699751316\n|detailschange|p1a: Charizard|Charizard-Mega-Y, F, shiny\n|-mega|p1a: Charizard|Charizard|Charizardite Y\n|-weather|SunnyDay|[from] ability: Drought|[of] p1a: Charizard\n|move|p2a: Ribombee|Bitter Malice|p1a: Charizard\n|-damage|p1a: Charizard|0 fnt\n|faint|p1a: Charizard\n|\n|-weather|SunnyDay|[upkeep]\n|upkeep\n|\n|t:|1699751334\n|switch|p1a: Regieleki|Regieleki, shiny|100\/100\n|turn|3\n|\n|t:|1699751338\n|switch|p2a: Sandy Shocks|Sandy Shocks|100\/100\n|-activate|p2a: Sandy Shocks|ability: Protosynthesis\n|-start|p2a: Sandy Shocks|protosynthesisspa\n|move|p1a: Regieleki|Electroweb|p2a: Sandy Shocks\n|-immune|p2a: Sandy Shocks\n|\n|-weather|SunnyDay|[upkeep]\n|upkeep\n|turn|4\n|\n|t:|1699751346\n|-terastallize|p1a: Regieleki|Ice\n|move|p1a: Regieleki|Tera Blast|p2a: Sandy Shocks|[anim] Tera Blast Ice\n|-supereffective|p2a: Sandy Shocks\n|-damage|p2a: Sandy Shocks|0 fnt\n|faint|p2a: Sandy Shocks\n|-end|p2a: Sandy Shocks|Protosynthesis|[silent]\n|-damage|p1a: Regieleki|91\/100|[from] item: Life Orb\n|\n|-weather|SunnyDay|[upkeep]\n|upkeep\n|\n|t:|1699751356\n|switch|p2a: Shaymin|Shaymin-Sky|100\/100\n|turn|5\n|\n|t:|1699751361\n|-terastallize|p2a: Shaymin|Water\n|move|p1a: Regieleki|Tera Blast|p2a: Shaymin|[anim] Tera Blast Ice\n|-resisted|p2a: Shaymin\n|-damage|p2a: Shaymin|77\/100\n|-damage|p1a: Regieleki|81\/100|[from] item: Life Orb\n|move|p2a: Shaymin|Leech Seed|p1a: Regieleki\n|-start|p1a: Regieleki|move: Leech Seed\n|\n|-weather|SunnyDay|[upkeep]\n|-heal|p2a: Shaymin|83\/100|[from] item: Leftovers\n|-damage|p1a: Regieleki|68\/100|[from] Leech Seed|[of] p2a: Shaymin\n|-heal|p2a: Shaymin|93\/100|[silent]\n|upkeep\n|turn|6\n|\n|t:|1699751372\n|move|p2a: Shaymin|Protect|p2a: Shaymin\n|-singleturn|p2a: Shaymin|Protect\n|move|p1a: Regieleki|Electroweb|p2a: Shaymin\n|-activate|p2a: Shaymin|move: Protect\n|\n|-weather|none\n|-heal|p2a: Shaymin|99\/100|[from] item: Leftovers\n|-damage|p1a: Regieleki|56\/100|[from] Leech Seed|[of] p2a: Shaymin\n|-heal|p2a: Shaymin|100\/100|[silent]\n|upkeep\n|turn|7\n|\n|t:|1699751380\n|switch|p2a: Ribombee|Ribombee, F|100\/100\n|move|p1a: Regieleki|Thunderbolt|p2a: Ribombee\n|-damage|p2a: Ribombee|4\/100\n|-damage|p1a: Regieleki|46\/100|[from] item: Life Orb\n|\n|-damage|p1a: Regieleki|34\/100|[from] Leech Seed|[of] p2a: Ribombee\n|-heal|p2a: Ribombee|15\/100|[silent]\n|upkeep\n|turn|8\n|\n|t:|1699751392\n|switch|p1a: Marshadow|Marshadow|100\/100\n|move|p2a: Ribombee|Sticky Web|p1a: Marshadow\n|-sidestart|p1: Grimmatter|move: Sticky Web\n|\n|upkeep\n|turn|9\n|\n|t:|1699751400\n|move|p1a: Marshadow|Acrobatics|p2a: Ribombee\n|-supereffective|p2a: Ribombee\n|-crit|p2a: Ribombee\n|-damage|p2a: Ribombee|0 fnt\n|faint|p2a: Ribombee\n|\n|upkeep\n|\n|t:|1699751406\n|switch|p2a: Shaymin|Shaymin-Sky|100\/100\n|-start|p2a: Shaymin|typechange|Water|[silent]\n|turn|10\n|\n|t:|1699751421\n|move|p1a: Marshadow|Acrobatics|p2a: Shaymin\n|-damage|p2a: Shaymin|43\/100\n|replace|p2a: Zoroark|Zoroark-Hisui, M\n|-end|p2a: Zoroark|Illusion\n|move|p2a: Zoroark|Bitter Malice|p1a: Marshadow\n|-supereffective|p1a: Marshadow\n|-damage|p1a: Marshadow|0 fnt\n|faint|p1a: Marshadow\n|\n|upkeep\n|\n|t:|1699751439\n|switch|p1a: Regieleki|Regieleki, shiny, tera:Ice|34\/100\n|-activate|p1a: Regieleki|move: Sticky Web\n|-unboost|p1a: Regieleki|spe|1\n|turn|11\n|\n|t:|1699751443\n|move|p1a: Regieleki|Electroweb|p2a: Zoroark\n|-damage|p2a: Zoroark|0 fnt\n|faint|p2a: Zoroark\n|-damage|p1a: Regieleki|24\/100|[from] item: Life Orb\n|\n|upkeep\n|\n|t:|1699751447\n|switch|p2a: Marshadow|Marshadow|100\/100\n|turn|12\n|\n|t:|1699751452\n|move|p2a: Marshadow|Shadow Sneak|p1a: Regieleki\n|-damage|p1a: Regieleki|0 fnt\n|faint|p1a: Regieleki\n|\n|upkeep\n|\n|t:|1699751463\n|switch|p1a: Groudon|Groudon, shiny|100\/100\n|-activate|p1a: Groudon|move: Sticky Web\n|-unboost|p1a: Groudon|spe|1\n|detailschange|p1a: Groudon|Groudon-Primal, shiny\n|-primal|p1a: Groudon|Red Orb\n|-weather|DesolateLand|[from] ability: Desolate Land|[of] p1a: Groudon\n|turn|13\n|\n|t:|1699751472\n|switch|p2a: Glimmora|Glimmora, F|100\/100\n|-item|p2a: Glimmora|Air Balloon\n|move|p1a: Groudon|Hone Claws|p1a: Groudon\n|-boost|p1a: Groudon|atk|1\n|-boost|p1a: Groudon|accuracy|1\n|\n|-weather|DesolateLand|[upkeep]\n|upkeep\n|turn|14\n|\n|t:|1699751481\n|move|p2a: Glimmora|Earth Power|p1a: Groudon\n|-supereffective|p1a: Groudon\n|-damage|p1a: Groudon|25\/100\n|move|p1a: Groudon|Solar Beam||[still]\n|-prepare|p1a: Groudon|Solar Beam\n|-anim|p1a: Groudon|Solar Beam|p2a: Glimmora\n|-damage|p2a: Glimmora|44\/100\n|-enditem|p2a: Glimmora|Air Balloon\n|\n|-weather|DesolateLand|[upkeep]\n|upkeep\n|turn|15\n|\n|t:|1699751492\n|move|p2a: Glimmora|Earth Power|p1a: Groudon\n|-supereffective|p1a: Groudon\n|-damage|p1a: Groudon|0 fnt\n|faint|p1a: Groudon\n|-weather|none\n|\n|upkeep\n|\n|t:|1699751499\n|switch|p1a: Walking Wake|Walking Wake|100\/100\n|-activate|p1a: Walking Wake|move: Sticky Web\n|-unboost|p1a: Walking Wake|spe|1\n|turn|16\n|\n|t:|1699751512\n|move|p2a: Glimmora|Sludge Wave|p1a: Walking Wake\n|-damage|p1a: Walking Wake|40\/100\n|move|p1a: Walking Wake|Dragon Pulse|p2a: Glimmora\n|-damage|p2a: Glimmora|0 fnt\n|faint|p2a: Glimmora\n|-damage|p1a: Walking Wake|31\/100|[from] item: Life Orb\n|\n|upkeep\n|\n|t:|1699751519\n|switch|p2a: Shaymin|Shaymin-Sky, tera:Water|100\/100\n|turn|17\n|\n|t:|1699751523\n|move|p1a: Walking Wake|Aqua Jet|p2a: Shaymin\n|-resisted|p2a: Shaymin\n|-damage|p2a: Shaymin|93\/100\n|-damage|p1a: Walking Wake|21\/100|[from] item: Life Orb\n|move|p2a: Shaymin|Air Slash|p1a: Walking Wake\n|-damage|p1a: Walking Wake|0 fnt\n|faint|p1a: Walking Wake\n|-end|p1a: Walking Wake|Protosynthesis|[silent]\n|\n|-heal|p2a: Shaymin|99\/100|[from] item: Leftovers\n|upkeep\n|\n|t:|1699751532\n|switch|p1a: Chien-Pao|Chien-Pao|100\/100\n|-activate|p1a: Chien-Pao|move: Sticky Web\n|-unboost|p1a: Chien-Pao|spe|1\n|-ability|p1a: Chien-Pao|Sword of Ruin\n|turn|18\n|\n|t:|1699751541\n|move|p2a: Shaymin|Leech Seed|p1a: Chien-Pao\n|-start|p1a: Chien-Pao|move: Leech Seed\n|move|p1a: Chien-Pao|Crunch|p2a: Shaymin\n|-damage|p2a: Shaymin|7\/100\n|\n|-heal|p2a: Shaymin|13\/100|[from] item: Leftovers\n|-damage|p1a: Chien-Pao|88\/100|[from] Leech Seed|[of] p2a: Shaymin\n|-heal|p2a: Shaymin|23\/100|[silent]\n|upkeep\n|turn|19\n|\n|t:|1699751549\n|move|p2a: Shaymin|Protect|p2a: Shaymin\n|-singleturn|p2a: Shaymin|Protect\n|move|p1a: Chien-Pao|Crunch|p2a: Shaymin\n|-activate|p2a: Shaymin|move: Protect\n|\n|-heal|p2a: Shaymin|29\/100|[from] item: Leftovers\n|-damage|p1a: Chien-Pao|76\/100|[from] Leech Seed|[of] p2a: Shaymin\n|-heal|p2a: Shaymin|38\/100|[silent]\n|upkeep\n|turn|20\n|\n|t:|1699751557\n|move|p2a: Shaymin|Substitute|p2a: Shaymin\n|-start|p2a: Shaymin|Substitute\n|-damage|p2a: Shaymin|13\/100\n|move|p1a: Chien-Pao|Crunch|p2a: Shaymin\n|-end|p2a: Shaymin|Substitute\n|\n|-heal|p2a: Shaymin|19\/100|[from] item: Leftovers\n|-damage|p1a: Chien-Pao|64\/100|[from] Leech Seed|[of] p2a: Shaymin\n|-heal|p2a: Shaymin|29\/100|[silent]\n|upkeep\n|turn|21\n|\n|t:|1699751565\n|move|p2a: Shaymin|Protect|p2a: Shaymin\n|-singleturn|p2a: Shaymin|Protect\n|move|p1a: Chien-Pao|Crunch|p2a: Shaymin\n|-activate|p2a: Shaymin|move: Protect\n|\n|-heal|p2a: Shaymin|35\/100|[from] item: Leftovers\n|-damage|p1a: Chien-Pao|51\/100|[from] Leech Seed|[of] p2a: Shaymin\n|-heal|p2a: Shaymin|44\/100|[silent]\n|upkeep\n|turn|22\n|\n|t:|1699751572\n|move|p2a: Shaymin|Substitute|p2a: Shaymin\n|-start|p2a: Shaymin|Substitute\n|-damage|p2a: Shaymin|19\/100\n|move|p1a: Chien-Pao|Crunch|p2a: Shaymin\n|-end|p2a: Shaymin|Substitute\n|\n|-heal|p2a: Shaymin|25\/100|[from] item: Leftovers\n|-damage|p1a: Chien-Pao|39\/100|[from] Leech Seed|[of] p2a: Shaymin\n|-heal|p2a: Shaymin|34\/100|[silent]\n|upkeep\n|turn|23\n|\n|t:|1699751580\n|move|p2a: Shaymin|Protect|p2a: Shaymin\n|-singleturn|p2a: Shaymin|Protect\n|move|p1a: Chien-Pao|Crunch|p2a: Shaymin\n|-activate|p2a: Shaymin|move: Protect\n|\n|-heal|p2a: Shaymin|41\/100|[from] item: Leftovers\n|-damage|p1a: Chien-Pao|27\/100|[from] Leech Seed|[of] p2a: Shaymin\n|-heal|p2a: Shaymin|50\/100|[silent]\n|upkeep\n|turn|24\n|n|!Grimmatter|grimmatter\n|-message|Grimmatter forfeited.\n|\n|win|tuuma\n|raw|Grimmatter's rating: 1260 &rarr; <strong>1240<\/strong><br \/>(-20 for losing)\n|raw|tuuma's rating: 1326 &rarr; <strong>1342<\/strong><br \/>(+16 for winning)\n|l|!Grimmatter\n","uploadtime":1699751592,"views":5,"p1id":"grimmatter","p2id":"tuuma","formatid":"gen9nationaldexubers","rating":1240,"private":0,"password":""}