{"id":"gen9nationaldexubers-1979091214","p1":"Benzedrinexx","p2":"A Permanent Name","format":"[Gen 9] National Dex Ubers","log":"|j|\u2606Benzedrinexx\n|j|\u2606A Permanent Name\n|t:|1698631014\n|gametype|singles\n|player|p1|Benzedrinexx|n|\n|player|p2|A Permanent Name|colress|\n|teamsize|p1|6\n|teamsize|p2|6\n|gen|9\n|tier|[Gen 9] National Dex Ubers\n|rule|HP Percentage Mod: HP is shown in percentages\n|rule|Endless Battle Clause: Forcing endless battles is banned\n|rule|OHKO Clause: OHKO moves are banned\n|rule|Evasion Moves Clause: Evasion moves are banned\n|rule|Evasion Items Clause: Evasion items are banned\n|rule|Species Clause: Limit one of each Pok\u00e9mon\n|rule|Sleep Clause Mod: Limit one foe put to sleep\n|rule|Mega Rayquaza Clause: You cannot mega evolve Rayquaza\n|clearpoke\n|poke|p1|Urshifu-*, F|\n|poke|p1|Clodsire, F|\n|poke|p1|Blastoise, F|\n|poke|p1|Thundurus, M|\n|poke|p1|Tangrowth, M|\n|poke|p1|Gardevoir, F|\n|poke|p2|Chandelure, F|\n|poke|p2|Weezing-Galar, M|\n|poke|p2|Basculin-White-Striped, F|\n|poke|p2|Zamazenta-*|\n|poke|p2|Ting-Lu|\n|poke|p2|Dodrio, M|\n|teampreview\n|\n|t:|1698631063\n|start\n|switch|p1a: Thundurus|Thundurus, M|100\/100\n|switch|p2a: Ting-Lu|Ting-Lu|100\/100\n|-ability|p2a: Ting-Lu|Vessel of Ruin\n|turn|1\n|\n|t:|1698631071\n|move|p1a: Thundurus|Taunt|p2a: Ting-Lu\n|-start|p2a: Ting-Lu|move: Taunt\n|cant|p2a: Ting-Lu|move: Taunt|Stealth Rock\n|\n|upkeep\n|turn|2\n|\n|t:|1698631075\n|move|p1a: Thundurus|Bulk Up|p1a: Thundurus\n|-boost|p1a: Thundurus|atk|1\n|-boost|p1a: Thundurus|def|1\n|move|p2a: Ting-Lu|Payback|p1a: Thundurus\n|-damage|p1a: Thundurus|58\/100\n|\n|upkeep\n|turn|3\n|\n|t:|1698631083\n|-terastallize|p1a: Thundurus|Fighting\n|move|p1a: Thundurus|Bulk Up|p1a: Thundurus\n|-boost|p1a: Thundurus|atk|1\n|-boost|p1a: Thundurus|def|1\n|move|p2a: Ting-Lu|Payback|p1a: Thundurus\n|-resisted|p1a: Thundurus\n|-damage|p1a: Thundurus|43\/100\n|-enditem|p1a: Thundurus|Sitrus Berry|[eat]\n|-heal|p1a: Thundurus|68\/100|[from] item: Sitrus Berry\n|\n|-end|p2a: Ting-Lu|move: Taunt\n|upkeep\n|turn|4\n|\n|t:|1698631098\n|switch|p2a: Weezing|Weezing-Galar, M|100\/100\n|-fieldstart|move: Misty Terrain|[from] ability: Misty Surge|[of] p2a: Weezing\n|move|p1a: Thundurus|Taunt|p2a: Weezing\n|-start|p2a: Weezing|move: Taunt\n|\n|upkeep\n|turn|5\n|\n|t:|1698631103\n|move|p1a: Thundurus|Acrobatics|p2a: Weezing\n|-damage|p2a: Weezing|26\/100\n|move|p2a: Weezing|Dazzling Gleam|p1a: Thundurus\n|-supereffective|p1a: Thundurus\n|-damage|p1a: Thundurus|0 fnt\n|faint|p1a: Thundurus\n|\n|-heal|p2a: Weezing|32\/100|[from] item: Leftovers\n|upkeep\n|\n|t:|1698631111\n|switch|p1a: Helena|Gardevoir, F, shiny|100\/100\n|turn|6\n|\n|t:|1698631117\n|detailschange|p1a: Helena|Gardevoir-Mega, F, shiny\n|-mega|p1a: Helena|Gardevoir|Gardevoirite\n|move|p1a: Helena|Mystical Fire|p2a: Weezing\n|-damage|p2a: Weezing|0 fnt\n|faint|p2a: Weezing\n|\n|upkeep\n|inactive|Battle timer is ON: inactive players will automatically lose when time's up. (requested by Benzedrinexx)\n|\n|t:|1698631165\n|switch|p2a: Dodrio|Dodrio, M|100\/100\n|turn|7\n|\n|t:|1698631174\n|switch|p1a: Clodsire|Clodsire, F|100\/100\n|move|p2a: Dodrio|Substitute|p2a: Dodrio\n|-start|p2a: Dodrio|Substitute\n|-damage|p2a: Dodrio|76\/100\n|\n|upkeep\n|turn|8\n|\n|t:|1698631180\n|move|p2a: Dodrio|Drill Peck|p1a: Clodsire\n|-damage|p1a: Clodsire|61\/100\n|-status|p2a: Dodrio|psn|[from] ability: Poison Point|[of] p1a: Clodsire\n|move|p1a: Clodsire|Stealth Rock|p2a: Dodrio\n|-sidestart|p2: A Permanent Name|move: Stealth Rock\n|\n|-heal|p1a: Clodsire|67\/100|[from] item: Black Sludge\n|-damage|p2a: Dodrio|63\/100 psn|[from] psn\n|-fieldend|Misty Terrain\n|upkeep\n|turn|9\n|\n|t:|1698631188\n|move|p2a: Dodrio|Swords Dance|p2a: Dodrio\n|-boost|p2a: Dodrio|atk|2\n|move|p1a: Clodsire|Recover|p1a: Clodsire\n|-heal|p1a: Clodsire|100\/100\n|\n|-damage|p2a: Dodrio|51\/100 psn|[from] psn\n|upkeep\n|turn|10\n|\n|t:|1698631199\n|move|p2a: Dodrio|Roost|p2a: Dodrio\n|-heal|p2a: Dodrio|100\/100 psn\n|-singleturn|p2a: Dodrio|move: Roost\n|move|p1a: Clodsire|Recover||[still]\n|-fail|p1a: Clodsire|heal\n|\n|-damage|p2a: Dodrio|88\/100 psn|[from] psn\n|upkeep\n|turn|11\n|\n|t:|1698631203\n|switch|p1a: Oogway|Blastoise, F|100\/100\n|move|p2a: Dodrio|Swords Dance|p2a: Dodrio\n|-boost|p2a: Dodrio|atk|2\n|\n|-damage|p2a: Dodrio|76\/100 psn|[from] psn\n|upkeep\n|turn|12\n|\n|t:|1698631216\n|move|p2a: Dodrio|Drill Peck|p1a: Oogway\n|-damage|p1a: Oogway|11\/100\n|move|p1a: Oogway|Counter|p2a: Dodrio\n|-end|p2a: Dodrio|Substitute\n|\n|-damage|p2a: Dodrio|64\/100 psn|[from] psn\n|upkeep\n|turn|13\n|\n|t:|1698631224\n|move|p2a: Dodrio|Drill Peck|p1a: Oogway\n|-damage|p1a: Oogway|0 fnt\n|faint|p1a: Oogway\n|\n|-damage|p2a: Dodrio|51\/100 psn|[from] psn\n|upkeep\n|\n|t:|1698631234\n|switch|p1a: MonkeyDGarp|Urshifu, F|100\/100\n|turn|14\n|\n|t:|1698631239\n|move|p1a: MonkeyDGarp|Wicked Blow|p2a: Dodrio\n|-crit|p2a: Dodrio\n|-damage|p2a: Dodrio|0 fnt\n|faint|p2a: Dodrio\n|\n|upkeep\n|inactive|A Permanent Name has 270 seconds left.\n|inactive|A Permanent Name has 240 seconds left.\n|\n|t:|1698631322\n|switch|p2a: Zamazenta|Zamazenta-Crowned|100\/100\n|-damage|p2a: Zamazenta|97\/100|[from] Stealth Rock\n|-ability|p2a: Zamazenta|Dauntless Shield|boost\n|-boost|p2a: Zamazenta|def|1\n|turn|15\n|\n|t:|1698631331\n|switch|p1a: Clodsire|Clodsire, F|100\/100\n|move|p2a: Zamazenta|Close Combat|p1a: Clodsire\n|-resisted|p1a: Clodsire\n|-damage|p1a: Clodsire|64\/100\n|-unboost|p2a: Zamazenta|def|1\n|-unboost|p2a: Zamazenta|spd|1\n|\n|-heal|p1a: Clodsire|70\/100|[from] item: Black Sludge\n|upkeep\n|turn|16\n|\n|t:|1698631337\n|move|p2a: Zamazenta|Heavy Slam|p1a: Clodsire\n|-damage|p1a: Clodsire|22\/100\n|move|p1a: Clodsire|Earthquake|p2a: Zamazenta\n|-supereffective|p2a: Zamazenta\n|-damage|p2a: Zamazenta|58\/100\n|\n|-heal|p1a: Clodsire|28\/100|[from] item: Black Sludge\n|upkeep\n|turn|17\n|\n|t:|1698631345\n|move|p2a: Zamazenta|Heavy Slam|p1a: Clodsire\n|-damage|p1a: Clodsire|0 fnt\n|faint|p1a: Clodsire\n|\n|upkeep\n|\n|t:|1698631349\n|switch|p1a: MonkeyDGarp|Urshifu, F|100\/100\n|turn|18\n|inactive|A Permanent Name has 240 seconds left.\n|\n|t:|1698631365\n|move|p1a: MonkeyDGarp|Close Combat|p2a: Zamazenta\n|-supereffective|p2a: Zamazenta\n|-damage|p2a: Zamazenta|0 fnt\n|-unboost|p1a: MonkeyDGarp|def|1\n|-unboost|p1a: MonkeyDGarp|spd|1\n|faint|p2a: Zamazenta\n|\n|upkeep\n|\n|t:|1698631368\n|switch|p2a: Chandelure|Chandelure, F|100\/100\n|-damage|p2a: Chandelure|76\/100|[from] Stealth Rock\n|turn|19\n|\n|t:|1698631373\n|switch|p1a: Helena|Gardevoir-Mega, F, shiny|100\/100\n|move|p2a: Chandelure|Substitute|p2a: Chandelure\n|-start|p2a: Chandelure|Substitute\n|-damage|p2a: Chandelure|51\/100\n|\n|upkeep\n|turn|20\n|\n|t:|1698631382\n|move|p2a: Chandelure|Shadow Ball|p1a: Helena\n|-supereffective|p1a: Helena\n|-damage|p1a: Helena|29\/100\n|move|p1a: Helena|Calm Mind|p1a: Helena\n|-boost|p1a: Helena|spa|1\n|-boost|p1a: Helena|spd|1\n|-enditem|p2a: Chandelure|Mirror Herb\n|-boost|p2a: Chandelure|spa|1|[from] item: Mirror Herb\n|-boost|p2a: Chandelure|spd|1|[from] item: Mirror Herb\n|\n|upkeep\n|turn|21\n|\n|t:|1698631393\n|move|p2a: Chandelure|Shadow Ball|p1a: Helena\n|-supereffective|p1a: Helena\n|-damage|p1a: Helena|0 fnt\n|faint|p1a: Helena\n|\n|upkeep\n|\n|t:|1698631400\n|switch|p1a: MonkeyDGarp|Urshifu, F|100\/100\n|turn|22\n|\n|t:|1698631406\n|-terastallize|p2a: Chandelure|Grass\n|move|p1a: MonkeyDGarp|Wicked Blow|p2a: Chandelure\n|-crit|p2a: Chandelure\n|-end|p2a: Chandelure|Substitute\n|move|p2a: Chandelure|Energy Ball|p1a: MonkeyDGarp\n|-damage|p1a: MonkeyDGarp|0 fnt\n|faint|p1a: MonkeyDGarp\n|\n|upkeep\n|\n|t:|1698631417\n|switch|p1a: Tangrowth|Tangrowth, M|100\/100\n|turn|23\n|\n|t:|1698631421\n|move|p2a: Chandelure|Fire Blast|p1a: Tangrowth\n|-supereffective|p1a: Tangrowth\n|-damage|p1a: Tangrowth|0 fnt\n|faint|p1a: Tangrowth\n|\n|win|A Permanent Name\n|c|\u2606A Permanent Name|ggwp\n|c|\u2606Benzedrinexx|gg\n|l|\u2606Benzedrinexx\n","uploadtime":1698631439,"views":32,"p1id":"benzedrinexx","p2id":"apermanentname","formatid":"gen9nationaldexubers","rating":0,"private":0,"password":""}