{"id":"gen9nationaldexubers-1977872138","p1":"Tres bien boris","p2":"5HV5M62","format":"[Gen 9] National Dex Ubers","log":"|j|\u203dTres bien boris\n|j|\u26065HV5M62\n|t:|1698460032\n|gametype|singles\n|player|p1|Tres bien boris|lucas|1040\n|player|p2|5HV5M62|proton|1038\n|teamsize|p1|6\n|teamsize|p2|6\n|gen|9\n|tier|[Gen 9] National Dex Ubers\n|rated|\n|rule|HP Percentage Mod: HP is shown in percentages\n|rule|Endless Battle Clause: Forcing endless battles is banned\n|rule|OHKO Clause: OHKO moves are banned\n|rule|Evasion Moves Clause: Evasion moves are banned\n|rule|Evasion Items Clause: Evasion items are banned\n|rule|Species Clause: Limit one of each Pok\u00e9mon\n|rule|Sleep Clause Mod: Limit one foe put to sleep\n|rule|Mega Rayquaza Clause: You cannot mega evolve Rayquaza\n|clearpoke\n|poke|p1|Infernape, M|\n|poke|p1|Roserade, F|\n|poke|p1|Gyarados, M|\n|poke|p1|Gliscor, M|\n|poke|p1|Bastiodon, M|\n|poke|p1|Kingambit, M|\n|poke|p2|Lunala|\n|poke|p2|Zygarde|\n|poke|p2|Mewtwo|\n|poke|p2|Arceus-Ghost|\n|poke|p2|Naganadel|\n|poke|p2|Necrozma-Dawn-Wings|\n|teampreview\n|c|\u26065HV5M62|Yo\n|\n|t:|1698460053\n|start\n|switch|p1a: Bastiodon|Bastiodon, M, shiny|100\/100\n|switch|p2a: Mewtwo|Mewtwo|100\/100\n|-ability|p2a: Mewtwo|Pressure\n|turn|1\n|\n|t:|1698460064\n|detailschange|p2a: Mewtwo|Mewtwo-Mega-Y\n|-mega|p2a: Mewtwo|Mewtwo|Mewtwonite Y\n|move|p2a: Mewtwo|Calm Mind|p2a: Mewtwo\n|-boost|p2a: Mewtwo|spa|1\n|-boost|p2a: Mewtwo|spd|1\n|move|p1a: Bastiodon|Stealth Rock|p2a: Mewtwo\n|-sidestart|p2: 5HV5M62|move: Stealth Rock\n|\n|upkeep\n|turn|2\n|\n|t:|1698460072\n|move|p2a: Mewtwo|Calm Mind|p2a: Mewtwo\n|-boost|p2a: Mewtwo|spa|1\n|-boost|p2a: Mewtwo|spd|1\n|move|p1a: Bastiodon|Toxic|p2a: Mewtwo|[miss]\n|-miss|p1a: Bastiodon|p2a: Mewtwo\n|\n|upkeep\n|turn|3\n|\n|t:|1698460080\n|move|p2a: Mewtwo|Psystrike|p1a: Bastiodon\n|-resisted|p1a: Bastiodon\n|-damage|p1a: Bastiodon|63\/100\n|move|p1a: Bastiodon|Toxic|p2a: Mewtwo|[miss]\n|-miss|p1a: Bastiodon|p2a: Mewtwo\n|\n|-heal|p1a: Bastiodon|70\/100|[from] item: Leftovers\n|upkeep\n|turn|4\n|\n|t:|1698460089\n|move|p1a: Bastiodon|Toxic|p2a: Mewtwo\n|-status|p2a: Mewtwo|tox\n|move|p2a: Mewtwo|Avalanche|p1a: Bastiodon\n|-resisted|p1a: Bastiodon\n|-damage|p1a: Bastiodon|64\/100\n|\n|-heal|p1a: Bastiodon|70\/100|[from] item: Leftovers\n|-damage|p2a: Mewtwo|94\/100 tox|[from] psn\n|upkeep\n|turn|5\n|\n|t:|1698460101\n|move|p1a: Bastiodon|Protect|p1a: Bastiodon\n|-singleturn|p1a: Bastiodon|Protect\n|move|p2a: Mewtwo|Calm Mind|p2a: Mewtwo\n|-boost|p2a: Mewtwo|spa|1\n|-boost|p2a: Mewtwo|spd|1\n|\n|-heal|p1a: Bastiodon|76\/100|[from] item: Leftovers\n|-damage|p2a: Mewtwo|82\/100 tox|[from] psn\n|upkeep\n|turn|6\n|\n|t:|1698460110\n|move|p2a: Mewtwo|Calm Mind|p2a: Mewtwo\n|-boost|p2a: Mewtwo|spa|1\n|-boost|p2a: Mewtwo|spd|1\n|move|p1a: Bastiodon|Rock Blast|p2a: Mewtwo\n|-damage|p2a: Mewtwo|75\/100 tox\n|-damage|p2a: Mewtwo|70\/100 tox\n|-hitcount|p2a: Mewtwo|2\n|\n|-heal|p1a: Bastiodon|82\/100|[from] item: Leftovers\n|-damage|p2a: Mewtwo|51\/100 tox|[from] psn\n|upkeep\n|turn|7\n|\n|t:|1698460121\n|move|p1a: Bastiodon|Protect|p1a: Bastiodon\n|-singleturn|p1a: Bastiodon|Protect\n|move|p2a: Mewtwo|Calm Mind|p2a: Mewtwo\n|-boost|p2a: Mewtwo|spa|1\n|-boost|p2a: Mewtwo|spd|1\n|\n|-heal|p1a: Bastiodon|88\/100|[from] item: Leftovers\n|-damage|p2a: Mewtwo|27\/100 tox|[from] psn\n|upkeep\n|turn|8\n|\n|t:|1698460130\n|move|p1a: Bastiodon|Protect||[still]\n|-fail|p1a: Bastiodon\n|move|p2a: Mewtwo|Psystrike|p1a: Bastiodon\n|-resisted|p1a: Bastiodon\n|-damage|p1a: Bastiodon|28\/100\n|\n|-heal|p1a: Bastiodon|34\/100|[from] item: Leftovers\n|-damage|p2a: Mewtwo|0 fnt|[from] psn\n|faint|p2a: Mewtwo\n|upkeep\n|\n|t:|1698460147\n|switch|p2a: Arceus|Arceus-Ghost|100\/100\n|-damage|p2a: Arceus|88\/100|[from] Stealth Rock\n|turn|9\n|\n|t:|1698460152\n|move|p2a: Arceus|Calm Mind|p2a: Arceus\n|-boost|p2a: Arceus|spa|1\n|-boost|p2a: Arceus|spd|1\n|move|p1a: Bastiodon|Toxic|p2a: Arceus\n|-status|p2a: Arceus|tox\n|\n|-heal|p1a: Bastiodon|40\/100|[from] item: Leftovers\n|-damage|p2a: Arceus|82\/100 tox|[from] psn\n|upkeep\n|turn|10\n|\n|t:|1698460162\n|move|p1a: Bastiodon|Protect|p1a: Bastiodon\n|-singleturn|p1a: Bastiodon|Protect\n|move|p2a: Arceus|Dragon Pulse|p1a: Bastiodon\n|-activate|p1a: Bastiodon|move: Protect\n|\n|-heal|p1a: Bastiodon|46\/100|[from] item: Leftovers\n|-damage|p2a: Arceus|70\/100 tox|[from] psn\n|upkeep\n|turn|11\n|\n|t:|1698460171\n|move|p1a: Bastiodon|Protect||[still]\n|-fail|p1a: Bastiodon\n|move|p2a: Arceus|Dragon Pulse|p1a: Bastiodon\n|-resisted|p1a: Bastiodon\n|-damage|p1a: Bastiodon|32\/100\n|\n|-heal|p1a: Bastiodon|38\/100|[from] item: Leftovers\n|-damage|p2a: Arceus|52\/100 tox|[from] psn\n|upkeep\n|turn|12\n|\n|t:|1698460180\n|move|p1a: Bastiodon|Protect|p1a: Bastiodon\n|-singleturn|p1a: Bastiodon|Protect\n|move|p2a: Arceus|Calm Mind|p2a: Arceus\n|-boost|p2a: Arceus|spa|1\n|-boost|p2a: Arceus|spd|1\n|\n|-heal|p1a: Bastiodon|44\/100|[from] item: Leftovers\n|-damage|p2a: Arceus|27\/100 tox|[from] psn\n|upkeep\n|turn|13\n|\n|t:|1698460190\n|move|p1a: Bastiodon|Protect|p1a: Bastiodon\n|-singleturn|p1a: Bastiodon|Protect\n|move|p2a: Arceus|Energy Ball|p1a: Bastiodon\n|-activate|p1a: Bastiodon|move: Protect\n|\n|-heal|p1a: Bastiodon|50\/100|[from] item: Leftovers\n|-damage|p2a: Arceus|0 fnt|[from] psn\n|faint|p2a: Arceus\n|upkeep\n|\n|t:|1698460202\n|switch|p2a: Nebby but good|Lunala|100\/100\n|-damage|p2a: Nebby but good|88\/100|[from] Stealth Rock\n|turn|14\n|\n|t:|1698460207\n|move|p2a: Nebby but good|Moongeist Beam|p1a: Bastiodon\n|-damage|p1a: Bastiodon|11\/100\n|move|p1a: Bastiodon|Toxic|p2a: Nebby but good\n|-status|p2a: Nebby but good|tox\n|\n|-heal|p1a: Bastiodon|17\/100|[from] item: Leftovers\n|-damage|p2a: Nebby but good|82\/100 tox|[from] psn\n|upkeep\n|turn|15\n|\n|t:|1698460218\n|move|p1a: Bastiodon|Protect|p1a: Bastiodon\n|-singleturn|p1a: Bastiodon|Protect\n|move|p2a: Nebby but good|Moonblast|p1a: Bastiodon\n|-activate|p1a: Bastiodon|move: Protect\n|\n|-heal|p1a: Bastiodon|23\/100|[from] item: Leftovers\n|-damage|p2a: Nebby but good|70\/100 tox|[from] psn\n|upkeep\n|turn|16\n|\n|t:|1698460228\n|move|p1a: Bastiodon|Protect||[still]\n|-fail|p1a: Bastiodon\n|move|p2a: Nebby but good|Psyshock|p1a: Bastiodon\n|-resisted|p1a: Bastiodon\n|-damage|p1a: Bastiodon|14\/100\n|\n|-heal|p1a: Bastiodon|21\/100|[from] item: Leftovers\n|-damage|p2a: Nebby but good|51\/100 tox|[from] psn\n|upkeep\n|turn|17\n|\n|t:|1698460237\n|move|p1a: Bastiodon|Protect|p1a: Bastiodon\n|-singleturn|p1a: Bastiodon|Protect\n|move|p2a: Nebby but good|Moongeist Beam|p1a: Bastiodon\n|-activate|p1a: Bastiodon|move: Protect\n|\n|-heal|p1a: Bastiodon|27\/100|[from] item: Leftovers\n|-damage|p2a: Nebby but good|27\/100 tox|[from] psn\n|upkeep\n|turn|18\n|\n|t:|1698460247\n|move|p1a: Bastiodon|Protect||[still]\n|-fail|p1a: Bastiodon\n|move|p2a: Nebby but good|Moongeist Beam|p1a: Bastiodon\n|-damage|p1a: Bastiodon|0 fnt\n|faint|p1a: Bastiodon\n|\n|-damage|p2a: Nebby but good|0 fnt|[from] psn\n|faint|p2a: Nebby but good\n|upkeep\n|\n|t:|1698460258\n|switch|p2a: Zygarde|Zygarde|100\/100\n|switch|p1a: Roserade|Roserade, F, shiny|100\/100\n|-damage|p2a: Zygarde|94\/100|[from] Stealth Rock\n|turn|19\n|\n|t:|1698460268\n|move|p1a: Roserade|Spikes|p2a: Zygarde\n|-sidestart|p2: 5HV5M62|Spikes\n|move|p2a: Zygarde|Earth Power|p1a: Roserade\n|-damage|p1a: Roserade|67\/100\n|\n|upkeep\n|turn|20\n|\n|t:|1698460274\n|move|p2a: Zygarde|Extreme Speed|p1a: Roserade\n|-damage|p1a: Roserade|28\/100\n|move|p1a: Roserade|Energy Ball|p2a: Zygarde\n|-damage|p2a: Zygarde|55\/100\n|\n|upkeep\n|turn|21\n|\n|t:|1698460280\n|move|p2a: Zygarde|Extreme Speed|p1a: Roserade\n|-damage|p1a: Roserade|0 fnt\n|faint|p1a: Roserade\n|\n|upkeep\n|\n|t:|1698460283\n|switch|p1a: Gliscor|Gliscor, M, shiny|100\/100\n|turn|22\n|\n|t:|1698460290\n|move|p2a: Zygarde|Extreme Speed|p1a: Gliscor\n|-damage|p1a: Gliscor|83\/100\n|move|p1a: Gliscor|Swords Dance|p1a: Gliscor\n|-boost|p1a: Gliscor|atk|2\n|\n|-heal|p1a: Gliscor|90\/100|[from] item: Leftovers\n|upkeep\n|turn|23\n|\n|t:|1698460300\n|move|p2a: Zygarde|Dragon Dance|p2a: Zygarde\n|-boost|p2a: Zygarde|atk|1\n|-boost|p2a: Zygarde|spe|1\n|move|p1a: Gliscor|Swords Dance|p1a: Gliscor\n|-boost|p1a: Gliscor|atk|2\n|\n|-heal|p1a: Gliscor|96\/100|[from] item: Leftovers\n|upkeep\n|turn|24\n|\n|t:|1698460308\n|move|p2a: Zygarde|Draco Meteor|p1a: Gliscor\n|-damage|p1a: Gliscor|49\/100\n|-unboost|p2a: Zygarde|spa|2\n|move|p1a: Gliscor|Earthquake|p2a: Zygarde\n|-damage|p2a: Zygarde|0 fnt\n|faint|p2a: Zygarde\n|\n|-heal|p1a: Gliscor|55\/100|[from] item: Leftovers\n|upkeep\n|\n|t:|1698460320\n|switch|p2a: Cool|Naganadel, shiny|100\/100\n|-damage|p2a: Cool|88\/100|[from] Stealth Rock\n|-damage|p2a: Cool|76\/100|[from] Spikes\n|turn|25\n|\n|t:|1698460329\n|move|p2a: Cool|Dragon Claw|p1a: Gliscor\n|-damage|p1a: Gliscor|36\/100\n|move|p1a: Gliscor|Earthquake|p2a: Cool\n|-supereffective|p2a: Cool\n|-damage|p2a: Cool|0 fnt\n|faint|p2a: Cool\n|\n|-heal|p1a: Gliscor|42\/100|[from] item: Leftovers\n|upkeep\n|\n|t:|1698460339\n|switch|p2a: Necrozma|Necrozma-Dawn-Wings|100\/100\n|-damage|p2a: Necrozma|88\/100|[from] Stealth Rock\n|-damage|p2a: Necrozma|76\/100|[from] Spikes\n|turn|26\n|\n|t:|1698460346\n|switch|p1a: Gyarados|Gyarados, M, shiny|100\/100\n|-ability|p1a: Gyarados|Intimidate|boost\n|-unboost|p2a: Necrozma|atk|1\n|detailschange|p2a: Necrozma|Necrozma-Ultra\n|-burst|p2a: Necrozma|Necrozma|Ultranecrozium Z\n|move|p2a: Necrozma|Moongeist Beam|p1a: Gyarados\n|-damage|p1a: Gyarados|61\/100\n|\n|-heal|p1a: Gyarados|67\/100|[from] item: Leftovers\n|upkeep\n|turn|27\n|\n|t:|1698460360\n|switch|p1a: Infernape|Infernape, M, shiny|100\/100\n|move|p2a: Necrozma|Flash Cannon|p1a: Infernape\n|-resisted|p1a: Infernape\n|-damage|p1a: Infernape|78\/100\n|\n|upkeep\n|turn|28\n|\n|t:|1698460367\n|switch|p1a: Gyarados|Gyarados, M, shiny|67\/100\n|-ability|p1a: Gyarados|Intimidate|boost\n|-unboost|p2a: Necrozma|atk|1\n|move|p2a: Necrozma|Moongeist Beam|p1a: Gyarados\n|-damage|p1a: Gyarados|25\/100\n|\n|-heal|p1a: Gyarados|31\/100|[from] item: Leftovers\n|upkeep\n|turn|29\n|\n|t:|1698460379\n|move|p2a: Necrozma|Moongeist Beam|p1a: Gyarados\n|-damage|p1a: Gyarados|0 fnt\n|faint|p1a: Gyarados\n|\n|upkeep\n|\n|t:|1698460381\n|switch|p1a: Kingambit|Kingambit, M, shiny|100\/100\n|-activate|p1a: Kingambit|ability: Supreme Overlord\n|-start|p1a: Kingambit|fallen3|[silent]\n|turn|30\n|\n|t:|1698460390\n|move|p2a: Necrozma|Moongeist Beam|p1a: Kingambit\n|-resisted|p1a: Kingambit\n|-damage|p1a: Kingambit|82\/100\n|move|p1a: Kingambit|Kowtow Cleave|p2a: Necrozma\n|-supereffective|p2a: Necrozma\n|-crit|p2a: Necrozma\n|-damage|p2a: Necrozma|0 fnt\n|faint|p2a: Necrozma\n|\n|win|Tres bien boris\n|raw|Tres bien boris's rating: 1086 &rarr; <strong>1109<\/strong><br \/>(+23 for winning)\n|raw|5HV5M62's rating: 1038 &rarr; <strong>1024<\/strong><br \/>(-14 for losing)\n","uploadtime":1698460398,"views":9,"p1id":"tresbienboris","p2id":"5hv5m62","formatid":"gen9nationaldexubers","rating":1024,"private":0,"password":""}