{"id":"gen9nationaldexubers-1993041301","p1":"lalzamir","p2":"TeamplasmaNKING","format":"[Gen 9] National Dex Ubers","log":"|j|\u2606lalzamir\n|j|\u2606TeamplasmaNKING\n|t:|1700258302\n|gametype|singles\n|player|p1|lalzamir|benga|1193\n|player|p2|TeamplasmaNKING|n-masters3|1184\n|teamsize|p1|6\n|teamsize|p2|6\n|gen|9\n|tier|[Gen 9] National Dex Ubers\n|rated|\n|rule|HP Percentage Mod: HP is shown in percentages\n|rule|Endless Battle Clause: Forcing endless battles is banned\n|rule|OHKO Clause: OHKO moves are banned\n|rule|Evasion Moves Clause: Evasion moves are banned\n|rule|Evasion Items Clause: Evasion items are banned\n|rule|Species Clause: Limit one of each Pok\u00e9mon\n|rule|Sleep Clause Mod: Limit one foe put to sleep\n|rule|Mega Rayquaza Clause: You cannot mega evolve Rayquaza\n|clearpoke\n|poke|p1|Pelipper, F|\n|poke|p1|Basculegion-F, F|\n|poke|p1|Marshadow|\n|poke|p1|Rayquaza|\n|poke|p1|Necrozma-Dawn-Wings|\n|poke|p1|Swampert, F|\n|poke|p2|Zekrom|\n|poke|p2|Corviknight, M|\n|poke|p2|Snorlax, M|\n|poke|p2|Kingambit, F|\n|poke|p2|Grimmsnarl, M|\n|poke|p2|Kyurem-Black|\n|teampreview\n|inactive|Battle timer is ON: inactive players will automatically lose when time's up. (requested by TeamplasmaNKING)\n|\n|t:|1700258316\n|start\n|switch|p1a: Pelipper|Pelipper, F|100\/100\n|switch|p2a: Zekrom|Zekrom, shiny|100\/100\n|-ability|p2a: Zekrom|Teravolt\n|-weather|RainDance|[from] ability: Drizzle|[of] p1a: Pelipper\n|turn|1\n|\n|t:|1700258323\n|switch|p1a: Swampert|Swampert, F|100\/100\n|move|p2a: Zekrom|Dragon Dance|p2a: Zekrom\n|-boost|p2a: Zekrom|atk|1\n|-boost|p2a: Zekrom|spe|1\n|\n|-weather|RainDance|[upkeep]\n|upkeep\n|turn|2\n|\n|t:|1700258335\n|detailschange|p1a: Swampert|Swampert-Mega, F\n|-mega|p1a: Swampert|Swampert|Swampertite\n|-zpower|p2a: Zekrom\n|move|p2a: Zekrom|Devastating Drake|p1a: Swampert|[zeffect]\n|-damage|p1a: Swampert|0 fnt\n|faint|p1a: Swampert\n|\n|-weather|RainDance|[upkeep]\n|upkeep\n|\n|t:|1700258348\n|switch|p1a: Marshadow|Marshadow|100\/100\n|turn|3\n|\n|t:|1700258352\n|move|p2a: Zekrom|Dual Wingbeat|p1a: Marshadow\n|-supereffective|p1a: Marshadow\n|-damage|p1a: Marshadow|39\/100\n|-supereffective|p1a: Marshadow\n|-damage|p1a: Marshadow|0 fnt\n|faint|p1a: Marshadow\n|-hitcount|p1: Marshadow|2\n|\n|-weather|RainDance|[upkeep]\n|upkeep\n|\n|t:|1700258362\n|switch|p1a: Rayquaza|Rayquaza|100\/100\n|-ability|p1a: Rayquaza|Air Lock\n|turn|4\n|\n|t:|1700258368\n|move|p2a: Zekrom|Bolt Strike|p1a: Rayquaza\n|-damage|p1a: Rayquaza|0 fnt\n|faint|p1a: Rayquaza\n|\n|-weather|RainDance|[upkeep]\n|upkeep\n|\n|t:|1700258374\n|switch|p1a: Necrozma|Necrozma-Dawn-Wings|100\/100\n|turn|5\n|\n|t:|1700258379\n|move|p2a: Zekrom|Outrage|p1a: Necrozma\n|-damage|p1a: Necrozma|0 fnt\n|faint|p1a: Necrozma\n|\n|-weather|RainDance|[upkeep]\n|upkeep\n|\n|t:|1700258382\n|switch|p1a: Pelipper|Pelipper, F|100\/100\n|turn|6\n|c|\u2606TeamplasmaNKING|gg\n|\n|t:|1700258388\n|move|p2a: Zekrom|Outrage|p1a: Pelipper|[from]lockedmove\n|-damage|p1a: Pelipper|7\/100\n|-start|p2a: Zekrom|confusion|[fatigue]\n|move|p1a: Pelipper|Hurricane|p2a: Zekrom\n|-resisted|p2a: Zekrom\n|-damage|p2a: Zekrom|82\/100\n|\n|-weather|RainDance|[upkeep]\n|upkeep\n|turn|7\n|\n|t:|1700258394\n|-activate|p2a: Zekrom|confusion\n|move|p2a: Zekrom|Dragon Dance|p2a: Zekrom\n|-boost|p2a: Zekrom|atk|1\n|-boost|p2a: Zekrom|spe|1\n|move|p1a: Pelipper|Surf|p2a: Zekrom\n|-resisted|p2a: Zekrom\n|-crit|p2a: Zekrom\n|-damage|p2a: Zekrom|47\/100\n|\n|-weather|RainDance|[upkeep]\n|upkeep\n|turn|8\n|\n|t:|1700258400\n|-activate|p2a: Zekrom|confusion\n|move|p2a: Zekrom|Bolt Strike|p1a: Pelipper\n|-supereffective|p1a: Pelipper\n|-damage|p1a: Pelipper|0 fnt\n|faint|p1a: Pelipper\n|\n|-weather|none\n|upkeep\n|\n|t:|1700258403\n|switch|p1a: Basculegion|Basculegion-F, F|100\/100\n|turn|9\n|\n|t:|1700258406\n|-terastallize|p1a: Basculegion|Normal\n|-activate|p2a: Zekrom|confusion\n|-damage|p2a: Zekrom|18\/100|[from] confusion\n|move|p1a: Basculegion|Last Respects|p2a: Zekrom\n|-damage|p2a: Zekrom|0 fnt\n|faint|p2a: Zekrom\n|\n|upkeep\n|\n|t:|1700258411\n|switch|p2a: Snorlax|Snorlax, M|100\/100\n|turn|10\n|\n|t:|1700258413\n|move|p1a: Basculegion|Last Respects|p2a: Snorlax\n|-immune|p2a: Snorlax\n|move|p2a: Snorlax|Curse|p2a: Snorlax\n|-unboost|p2a: Snorlax|spe|1\n|-boost|p2a: Snorlax|atk|1\n|-boost|p2a: Snorlax|def|1\n|\n|upkeep\n|turn|11\n|-message|lalzamir forfeited.\n|\n|win|TeamplasmaNKING\n|raw|lalzamir's rating: 1193 &rarr; <strong>1167<\/strong><br \/>(-26 for losing)\n|raw|TeamplasmaNKING's rating: 1184 &rarr; <strong>1210<\/strong><br \/>(+26 for winning)\n|l|\u2606lalzamir\n","uploadtime":1700258428,"views":16,"p1id":"lalzamir","p2id":"teamplasmanking","formatid":"gen9nationaldexubers","rating":1167,"private":0,"password":""}