{"id":"gen9nationaldexubers-1978656323","p1":"Fiaro's","p2":"Soyeon is a cutie","format":"[Gen 9] National Dex Ubers","log":"|j|\u2606Fiaro's\n|j|\u2606Soyeon is a cutie\n|t:|1698575950\n|gametype|singles\n|player|p1|Fiaro's|lucas|1577\n|player|p2|Soyeon is a cutie|idol|1903\n|teamsize|p1|6\n|teamsize|p2|6\n|gen|9\n|tier|[Gen 9] National Dex Ubers\n|rated|\n|rule|HP Percentage Mod: HP is shown in percentages\n|rule|Endless Battle Clause: Forcing endless battles is banned\n|rule|OHKO Clause: OHKO moves are banned\n|rule|Evasion Moves Clause: Evasion moves are banned\n|rule|Evasion Items Clause: Evasion items are banned\n|rule|Species Clause: Limit one of each Pok\u00e9mon\n|rule|Sleep Clause Mod: Limit one foe put to sleep\n|rule|Mega Rayquaza Clause: You cannot mega evolve Rayquaza\n|clearpoke\n|poke|p1|Deoxys-Speed|\n|poke|p1|Groudon|\n|poke|p1|Necrozma-Dusk-Mane|\n|poke|p1|Scizor, M|\n|poke|p1|Xerneas-*|\n|poke|p1|Ho-Oh|\n|poke|p2|Arceus-Fairy|\n|poke|p2|Kingambit, M|\n|poke|p2|Ditto|\n|poke|p2|Urshifu-*, F|\n|poke|p2|Lunala|\n|poke|p2|Necrozma-Dusk-Mane|\n|teampreview\n|inactive|Battle timer is ON: inactive players will automatically lose when time's up. (requested by Soyeon is a cutie)\n|inactive|Fiaro's also wants the timer to be on.\n|\n|t:|1698575968\n|start\n|switch|p1a: Deoxys|Deoxys-Speed|100\/100\n|switch|p2a: Necrozma|Necrozma-Dusk-Mane, shiny|100\/100\n|-ability|p1a: Deoxys|Pressure\n|turn|1\n|\n|t:|1698575978\n|move|p1a: Deoxys|Thunder Wave|p2a: Necrozma\n|-status|p2a: Necrozma|par\n|move|p2a: Necrozma|Photon Geyser|p1a: Deoxys\n|-resisted|p1a: Deoxys\n|-damage|p1a: Deoxys|70\/100\n|\n|upkeep\n|turn|2\n|\n|t:|1698575989\n|move|p1a: Deoxys|Stealth Rock|p2a: Necrozma\n|-sidestart|p2: Soyeon is a cutie|move: Stealth Rock\n|move|p2a: Necrozma|Stealth Rock|p1a: Deoxys\n|-sidestart|p1: Fiaro's|move: Stealth Rock\n|\n|upkeep\n|turn|3\n|\n|t:|1698575995\n|detailschange|p2a: Necrozma|Necrozma-Ultra, shiny\n|-burst|p2a: Necrozma|Necrozma|Ultranecrozium Z\n|move|p1a: Deoxys|Taunt|p2a: Necrozma\n|-start|p2a: Necrozma|move: Taunt\n|move|p2a: Necrozma|Dragon Pulse|p1a: Deoxys\n|-damage|p1a: Deoxys|7\/100\n|\n|upkeep\n|turn|4\n|\n|t:|1698575999\n|move|p1a: Deoxys|Knock Off|p2a: Necrozma\n|-supereffective|p2a: Necrozma\n|-damage|p2a: Necrozma|70\/100 par\n|move|p2a: Necrozma|Photon Geyser|p1a: Deoxys\n|-resisted|p1a: Deoxys\n|-damage|p1a: Deoxys|0 fnt\n|faint|p1a: Deoxys\n|\n|upkeep\n|\n|t:|1698576011\n|switch|p1a: Necrozma|Necrozma-Dusk-Mane|100\/100\n|-damage|p1a: Necrozma|94\/100|[from] Stealth Rock\n|turn|5\n|\n|t:|1698576017\n|move|p2a: Necrozma|Earth Power|p1a: Necrozma\n|-supereffective|p1a: Necrozma\n|-damage|p1a: Necrozma|36\/100\n|move|p1a: Necrozma|Dragon Dance|p1a: Necrozma\n|-boost|p1a: Necrozma|atk|1\n|-boost|p1a: Necrozma|spe|1\n|\n|-end|p2a: Necrozma|move: Taunt\n|upkeep\n|turn|6\n|\n|t:|1698576024\n|move|p1a: Necrozma|Morning Sun|p1a: Necrozma\n|-heal|p1a: Necrozma|86\/100\n|move|p2a: Necrozma|Earth Power|p1a: Necrozma\n|-supereffective|p1a: Necrozma\n|-damage|p1a: Necrozma|29\/100\n|\n|upkeep\n|turn|7\n|\n|t:|1698576030\n|detailschange|p1a: Necrozma|Necrozma-Ultra\n|-burst|p1a: Necrozma|Necrozma|Ultranecrozium Z\n|move|p1a: Necrozma|Morning Sun|p1a: Necrozma\n|-heal|p1a: Necrozma|79\/100\n|move|p2a: Necrozma|Earth Power|p1a: Necrozma\n|-damage|p1a: Necrozma|43\/100\n|\n|upkeep\n|turn|8\n|\n|t:|1698576033\n|move|p1a: Necrozma|Sunsteel Strike|p2a: Necrozma\n|-damage|p2a: Necrozma|14\/100 par\n|move|p2a: Necrozma|Dragon Pulse|p1a: Necrozma\n|-supereffective|p1a: Necrozma\n|-damage|p1a: Necrozma|0 fnt\n|faint|p1a: Necrozma\n|\n|upkeep\n|\n|t:|1698576039\n|switch|p1a: Scizor|Scizor, M|100\/100\n|-damage|p1a: Scizor|88\/100|[from] Stealth Rock\n|turn|9\n|\n|t:|1698576043\n|detailschange|p1a: Scizor|Scizor-Mega, M\n|-mega|p1a: Scizor|Scizor|Scizorite\n|-zpower|p2a: Necrozma\n|move|p2a: Necrozma|Light That Burns the Sky|p1a: Scizor|[zeffect]\n|-resisted|p1a: Scizor\n|-damage|p1a: Scizor|25\/100\n|move|p1a: Scizor|Swords Dance|p1a: Scizor\n|-boost|p1a: Scizor|atk|2\n|\n|upkeep\n|turn|10\n|-message|Fiaro's forfeited.\n|\n|win|Soyeon is a cutie\n|raw|Fiaro&apos;s's rating: 1577 &rarr; <strong>1572<\/strong><br \/>(-5 for losing)\n|raw|Soyeon is a cutie's rating: 1903 &rarr; <strong>1908<\/strong><br \/>(+5 for winning)\n|l|\u2606Fiaro's\n","uploadtime":1698576057,"views":14,"p1id":"fiaros","p2id":"soyeonisacutie","formatid":"gen9nationaldexubers","rating":1572,"private":0,"password":""}