{"id":"gen9nationaldexubers-1990045062","p1":"Kabuto003","p2":"Zake202012","format":"[Gen 9] National Dex Ubers","log":"|j|\u2606Kabuto003\n|j|\u2606Zake202012\n|t:|1699918631\n|gametype|singles\n|player|p1|Kabuto003|ghetsis-gen5bw|1228\n|player|p2|Zake202012|n|1337\n|teamsize|p1|6\n|teamsize|p2|6\n|gen|9\n|tier|[Gen 9] National Dex Ubers\n|rated|\n|rule|HP Percentage Mod: HP is shown in percentages\n|rule|Endless Battle Clause: Forcing endless battles is banned\n|rule|OHKO Clause: OHKO moves are banned\n|rule|Evasion Moves Clause: Evasion moves are banned\n|rule|Evasion Items Clause: Evasion items are banned\n|rule|Species Clause: Limit one of each Pok\u00e9mon\n|rule|Sleep Clause Mod: Limit one foe put to sleep\n|rule|Mega Rayquaza Clause: You cannot mega evolve Rayquaza\n|clearpoke\n|poke|p1|Mewtwo|\n|poke|p1|Necrozma-Dusk-Mane|\n|poke|p1|Ho-Oh|\n|poke|p1|Calyrex-Ice|\n|poke|p1|Kingambit, F|\n|poke|p1|Annihilape, M|\n|poke|p2|Zoroark-Hisui, F|\n|poke|p2|Garganacl, M|\n|poke|p2|Magearna|\n|poke|p2|Arcanine-Hisui, M|\n|poke|p2|Thundurus, M|\n|poke|p2|Serperior, F|\n|teampreview\n|inactive|Battle timer is ON: inactive players will automatically lose when time's up. (requested by Kabuto003)\n|\n|t:|1699918660\n|start\n|switch|p1a: Necrozma|Necrozma-Dusk-Mane|100\/100\n|switch|p2a: Garganacl|Garganacl, M|100\/100\n|turn|1\n|\n|t:|1699918669\n|detailschange|p1a: Necrozma|Necrozma-Ultra\n|-burst|p1a: Necrozma|Necrozma|Ultranecrozium Z\n|move|p1a: Necrozma|Outrage|p2a: Garganacl\n|-enditem|p2a: Garganacl|Focus Sash\n|-damage|p2a: Garganacl|1\/100\n|replace|p2a: Zoroark|Zoroark-Hisui, F\n|-end|p2a: Zoroark|Illusion\n|move|p2a: Zoroark|Nasty Plot|p2a: Zoroark\n|-boost|p2a: Zoroark|spa|2\n|\n|upkeep\n|turn|2\n|\n|t:|1699918679\n|move|p1a: Necrozma|Outrage|p2a: Zoroark|[from]lockedmove\n|-damage|p2a: Zoroark|0 fnt\n|faint|p2a: Zoroark\n|\n|upkeep\n|\n|t:|1699918687\n|switch|p2a: Magearna|Magearna|100\/100\n|turn|3\n|\n|t:|1699918694\n|move|p1a: Necrozma|Outrage|p2a: Magearna|[from]lockedmove\n|-immune|p2a: Magearna\n|-start|p1a: Necrozma|confusion|[fatigue]\n|move|p2a: Magearna|Calm Mind|p2a: Magearna\n|-boost|p2a: Magearna|spa|1\n|-boost|p2a: Magearna|spd|1\n|\n|upkeep\n|turn|4\n|\n|t:|1699918705\n|-activate|p1a: Necrozma|confusion\n|-damage|p1a: Necrozma|83\/100|[from] confusion\n|move|p2a: Magearna|Flash Cannon|p1a: Necrozma\n|-damage|p1a: Necrozma|20\/100\n|\n|upkeep\n|turn|5\n|\n|t:|1699918710\n|-activate|p1a: Necrozma|confusion\n|-damage|p1a: Necrozma|3\/100|[from] confusion\n|move|p2a: Magearna|Flash Cannon|p1a: Necrozma\n|-damage|p1a: Necrozma|0 fnt\n|faint|p1a: Necrozma\n|-ability|p2a: Magearna|Soul-Heart|boost\n|-boost|p2a: Magearna|spa|1\n|\n|upkeep\n|\n|t:|1699918719\n|switch|p1a: Ho-Oh|Ho-Oh, shiny|100\/100\n|-ability|p1a: Ho-Oh|Pressure\n|turn|6\n|\n|t:|1699918726\n|switch|p2a: Arcanine|Arcanine-Hisui, M|100\/100\n|move|p1a: Ho-Oh|Flame Charge|p2a: Arcanine\n|-resisted|p2a: Arcanine\n|-crit|p2a: Arcanine\n|-damage|p2a: Arcanine|84\/100\n|-boost|p1a: Ho-Oh|spe|1\n|-damage|p1a: Ho-Oh|91\/100|[from] item: Life Orb\n|\n|upkeep\n|turn|7\n|\n|t:|1699918745\n|move|p1a: Ho-Oh|Frustration|p2a: Arcanine\n|-resisted|p2a: Arcanine\n|-crit|p2a: Arcanine\n|-damage|p2a: Arcanine|40\/100\n|-damage|p1a: Ho-Oh|81\/100|[from] item: Life Orb\n|move|p2a: Arcanine|Head Smash|p1a: Ho-Oh\n|-supereffective|p1a: Ho-Oh\n|-damage|p1a: Ho-Oh|0 fnt\n|faint|p1a: Ho-Oh\n|\n|upkeep\n|\n|t:|1699918761\n|switch|p1a: Annihilape|Annihilape, M, shiny|100\/100\n|turn|8\n|\n|t:|1699918767\n|move|p1a: Annihilape|Earthquake|p2a: Arcanine\n|-supereffective|p2a: Arcanine\n|-damage|p2a: Arcanine|0 fnt\n|faint|p2a: Arcanine\n|-damage|p1a: Annihilape|91\/100|[from] item: Life Orb\n|\n|upkeep\n|\n|t:|1699918785\n|switch|p2a: Serperior|Serperior, F|100\/100\n|turn|9\n|\n|t:|1699918790\n|move|p2a: Serperior|Substitute|p2a: Serperior\n|-start|p2a: Serperior|Substitute\n|-damage|p2a: Serperior|76\/100\n|move|p1a: Annihilape|Gunk Shot|p2a: Serperior\n|-supereffective|p2a: Serperior\n|-end|p2a: Serperior|Substitute\n|-damage|p1a: Annihilape|81\/100|[from] item: Life Orb\n|\n|-heal|p2a: Serperior|82\/100|[from] item: Leftovers\n|upkeep\n|turn|10\n|\n|t:|1699918803\n|move|p2a: Serperior|Leaf Storm|p1a: Annihilape\n|-damage|p1a: Annihilape|35\/100\n|-boost|p2a: Serperior|spa|2\n|move|p1a: Annihilape|Gunk Shot|p2a: Serperior\n|-supereffective|p2a: Serperior\n|-damage|p2a: Serperior|0 fnt\n|faint|p2a: Serperior\n|-damage|p1a: Annihilape|25\/100|[from] item: Life Orb\n|\n|upkeep\n|\n|t:|1699918810\n|switch|p2a: Thundurus|Thundurus, M|100\/100\n|turn|11\n|\n|t:|1699918819\n|move|p1a: Annihilape|Outrage|p2a: Thundurus\n|-damage|p2a: Thundurus|22\/100\n|-damage|p1a: Annihilape|15\/100|[from] item: Life Orb\n|move|p2a: Thundurus|Thunderbolt|p1a: Annihilape\n|-damage|p1a: Annihilape|0 fnt\n|faint|p1a: Annihilape\n|\n|upkeep\n|\n|t:|1699918828\n|switch|p1a: Calyrex|Calyrex-Ice|100\/100\n|-ability|p1a: Calyrex|As One\n|-ability|p1a: Calyrex|Unnerve\n|turn|12\n|\n|t:|1699918833\n|move|p2a: Thundurus|Thunder Wave|p1a: Calyrex\n|-status|p1a: Calyrex|par\n|move|p1a: Calyrex|Trick Room|p1a: Calyrex\n|-fieldstart|move: Trick Room|[of] p1a: Calyrex\n|\n|upkeep\n|turn|13\n|\n|t:|1699918842\n|move|p1a: Calyrex|Zen Headbutt|p2a: Thundurus\n|-damage|p2a: Thundurus|0 fnt\n|faint|p2a: Thundurus\n|-ability|p1a: Calyrex|Chilling Neigh|boost\n|-boost|p1a: Calyrex|atk|1\n|\n|upkeep\n|\n|t:|1699918846\n|switch|p2a: Garganacl|Garganacl, M|100\/100\n|turn|14\n|\n|t:|1699918849\n|move|p2a: Garganacl|Salt Cure|p1a: Calyrex\n|-supereffective|p1a: Calyrex\n|-damage|p1a: Calyrex|82\/100 par\n|-start|p1a: Calyrex|Salt Cure\n|move|p1a: Calyrex|High Horsepower|p2a: Garganacl\n|-supereffective|p2a: Garganacl\n|-damage|p2a: Garganacl|29\/100\n|\n|-heal|p2a: Garganacl|35\/100|[from] item: Leftovers\n|-heal|p1a: Calyrex|88\/100 par|[from] item: Leftovers\n|-damage|p1a: Calyrex|76\/100 par|[from] Salt Cure\n|upkeep\n|turn|15\n|\n|t:|1699918859\n|move|p2a: Garganacl|Recover|p2a: Garganacl\n|-heal|p2a: Garganacl|85\/100\n|move|p1a: Calyrex|High Horsepower|p2a: Garganacl\n|-supereffective|p2a: Garganacl\n|-damage|p2a: Garganacl|12\/100\n|\n|-heal|p2a: Garganacl|18\/100|[from] item: Leftovers\n|-heal|p1a: Calyrex|82\/100 par|[from] item: Leftovers\n|-damage|p1a: Calyrex|70\/100 par|[from] Salt Cure\n|upkeep\n|turn|16\n|\n|t:|1699918869\n|-terastallize|p2a: Garganacl|Ghost\n|move|p2a: Garganacl|Recover|p2a: Garganacl\n|-heal|p2a: Garganacl|68\/100\n|move|p1a: Calyrex|High Horsepower|p2a: Garganacl\n|-damage|p2a: Garganacl|36\/100\n|\n|-heal|p2a: Garganacl|42\/100|[from] item: Leftovers\n|-heal|p1a: Calyrex|76\/100 par|[from] item: Leftovers\n|-damage|p1a: Calyrex|64\/100 par|[from] Salt Cure\n|-fieldend|move: Trick Room\n|upkeep\n|turn|17\n|\n|t:|1699918881\n|cant|p1a: Calyrex|par\n|move|p2a: Garganacl|Recover|p2a: Garganacl\n|-heal|p2a: Garganacl|92\/100\n|\n|-heal|p1a: Calyrex|70\/100 par|[from] item: Leftovers\n|-heal|p2a: Garganacl|98\/100|[from] item: Leftovers\n|-damage|p1a: Calyrex|58\/100 par|[from] Salt Cure\n|upkeep\n|turn|18\n|\n|t:|1699918888\n|move|p1a: Calyrex|Glacial Lance|p2a: Garganacl\n|-damage|p2a: Garganacl|32\/100\n|move|p2a: Garganacl|Iron Defense|p2a: Garganacl\n|-boost|p2a: Garganacl|def|2\n|\n|-heal|p1a: Calyrex|64\/100 par|[from] item: Leftovers\n|-heal|p2a: Garganacl|38\/100|[from] item: Leftovers\n|-damage|p1a: Calyrex|52\/100 par|[from] Salt Cure\n|upkeep\n|turn|19\n|\n|t:|1699918898\n|move|p1a: Calyrex|Glacial Lance|p2a: Garganacl\n|-damage|p2a: Garganacl|5\/100\n|move|p2a: Garganacl|Recover|p2a: Garganacl\n|-heal|p2a: Garganacl|55\/100\n|\n|-heal|p1a: Calyrex|58\/100 par|[from] item: Leftovers\n|-heal|p2a: Garganacl|61\/100|[from] item: Leftovers\n|-damage|p1a: Calyrex|45\/100 par|[from] Salt Cure\n|upkeep\n|turn|20\n|\n|t:|1699918912\n|cant|p1a: Calyrex|par\n|move|p2a: Garganacl|Recover|p2a: Garganacl\n|-heal|p2a: Garganacl|100\/100\n|\n|-heal|p1a: Calyrex|52\/100 par|[from] item: Leftovers\n|-damage|p1a: Calyrex|39\/100 par|[from] Salt Cure\n|upkeep\n|turn|21\n|\n|t:|1699918920\n|switch|p1a: Mewtwo|Mewtwo|100\/100\n|-ability|p1a: Mewtwo|Pressure\n|move|p2a: Garganacl|Iron Defense|p2a: Garganacl\n|-boost|p2a: Garganacl|def|2\n|\n|upkeep\n|turn|22\n|\n|t:|1699918930\n|detailschange|p1a: Mewtwo|Mewtwo-Mega-X\n|-mega|p1a: Mewtwo|Mewtwo|Mewtwonite X\n|move|p1a: Mewtwo|Ice Punch|p2a: Garganacl\n|-damage|p2a: Garganacl|92\/100\n|move|p2a: Garganacl|Salt Cure|p1a: Mewtwo\n|-resisted|p1a: Mewtwo\n|-damage|p1a: Mewtwo|94\/100\n|-start|p1a: Mewtwo|Salt Cure\n|\n|-heal|p2a: Garganacl|98\/100|[from] item: Leftovers\n|-damage|p1a: Mewtwo|81\/100|[from] Salt Cure\n|upkeep\n|turn|23\n|\n|t:|1699918941\n|move|p1a: Mewtwo|Iron Tail|p2a: Garganacl|[miss]\n|-miss|p1a: Mewtwo|p2a: Garganacl\n|move|p2a: Garganacl|Body Press|p1a: Mewtwo\n|-resisted|p1a: Mewtwo\n|-damage|p1a: Mewtwo|34\/100\n|\n|-heal|p2a: Garganacl|100\/100|[from] item: Leftovers\n|-damage|p1a: Mewtwo|21\/100|[from] Salt Cure\n|upkeep\n|turn|24\n|\n|t:|1699918949\n|move|p1a: Mewtwo|Iron Tail|p2a: Garganacl\n|-damage|p2a: Garganacl|91\/100\n|move|p2a: Garganacl|Iron Defense|p2a: Garganacl\n|-boost|p2a: Garganacl|def|2\n|\n|-heal|p2a: Garganacl|97\/100|[from] item: Leftovers\n|-damage|p1a: Mewtwo|9\/100|[from] Salt Cure\n|upkeep\n|turn|25\n|\n|t:|1699918958\n|move|p1a: Mewtwo|Drain Punch|p2a: Garganacl\n|-immune|p2a: Garganacl\n|move|p2a: Garganacl|Body Press|p1a: Mewtwo\n|-resisted|p1a: Mewtwo\n|-damage|p1a: Mewtwo|0 fnt\n|faint|p1a: Mewtwo\n|\n|-heal|p2a: Garganacl|100\/100|[from] item: Leftovers\n|upkeep\n|\n|t:|1699918966\n|switch|p1a: Calyrex|Calyrex-Ice|39\/100 par\n|-ability|p1a: Calyrex|As One\n|-ability|p1a: Calyrex|Unnerve\n|turn|26\n|\n|t:|1699918974\n|move|p1a: Calyrex|Zen Headbutt|p2a: Garganacl\n|-damage|p2a: Garganacl|92\/100\n|move|p2a: Garganacl|Body Press|p1a: Calyrex\n|-damage|p1a: Calyrex|0 fnt\n|faint|p1a: Calyrex\n|\n|-heal|p2a: Garganacl|98\/100|[from] item: Leftovers\n|upkeep\n|\n|t:|1699918981\n|switch|p1a: Kingambit|Kingambit, F, shiny|100\/100\n|-activate|p1a: Kingambit|ability: Supreme Overlord\n|-start|p1a: Kingambit|fallen5|[silent]\n|turn|27\n|\n|t:|1699918991\n|-terastallize|p1a: Kingambit|Fairy\n|move|p1a: Kingambit|Shadow Claw|p2a: Garganacl\n|-supereffective|p2a: Garganacl\n|-damage|p2a: Garganacl|92\/100\n|move|p2a: Garganacl|Body Press|p1a: Kingambit\n|-resisted|p1a: Kingambit\n|-damage|p1a: Kingambit|47\/100\n|\n|-heal|p2a: Garganacl|98\/100|[from] item: Leftovers\n|upkeep\n|turn|28\n|\n|t:|1699919003\n|move|p1a: Kingambit|Knock Off|p2a: Garganacl\n|-supereffective|p2a: Garganacl\n|-damage|p2a: Garganacl|73\/100\n|-enditem|p2a: Garganacl|Leftovers|[from] move: Knock Off|[of] p1a: Kingambit\n|move|p2a: Garganacl|Body Press|p1a: Kingambit\n|-resisted|p1a: Kingambit\n|-damage|p1a: Kingambit|0 fnt\n|faint|p1a: Kingambit\n|-end|p1a: Kingambit|fallen5|[silent]\n|\n|win|Zake202012\n|raw|Kabuto003's rating: 1228 &rarr; <strong>1211<\/strong><br \/>(-17 for losing)\n|raw|Zake202012's rating: 1337 &rarr; <strong>1351<\/strong><br \/>(+14 for winning)\n|l|\u2606Kabuto003\n","uploadtime":1699919017,"views":14,"p1id":"kabuto003","p2id":"zake202012","formatid":"gen9nationaldexubers","rating":1211,"private":0,"password":""}