{"id":"gen9nationaldexubers-1982905944","p1":"HAHAHA6745","p2":"DuckBuster135","format":"[Gen 9] National Dex Ubers","log":"|j|\u2606HAHAHA6745\n|j|\u2606DuckBuster135\n|t:|1699057129\n|gametype|singles\n|player|p1|HAHAHA6745|steven|1094\n|player|p2|DuckBuster135|unknown|1015\n|teamsize|p1|6\n|teamsize|p2|1\n|gen|9\n|tier|[Gen 9] National Dex Ubers\n|rated|\n|rule|HP Percentage Mod: HP is shown in percentages\n|rule|Endless Battle Clause: Forcing endless battles is banned\n|rule|OHKO Clause: OHKO moves are banned\n|rule|Evasion Moves Clause: Evasion moves are banned\n|rule|Evasion Items Clause: Evasion items are banned\n|rule|Species Clause: Limit one of each Pok\u00e9mon\n|rule|Sleep Clause Mod: Limit one foe put to sleep\n|rule|Mega Rayquaza Clause: You cannot mega evolve Rayquaza\n|clearpoke\n|poke|p1|Zygarde|\n|poke|p1|Celesteela|\n|poke|p1|Metagross|\n|poke|p1|Mew|\n|poke|p1|Kyogre|\n|poke|p1|Zekrom|\n|poke|p2|Smeargle, M|\n|teampreview\n|inactive|Battle timer is ON: inactive players will automatically lose when time's up. (requested by HAHAHA6745)\n|j| PsiKowboj\n|\n|t:|1699057141\n|start\n|switch|p1a: Kyogre|Kyogre, shiny|100\/100\n|switch|p2a: Smeargle|Smeargle, M, shiny|100\/100\n|detailschange|p1a: Kyogre|Kyogre-Primal, shiny\n|-primal|p1a: Kyogre|Blue Orb\n|-weather|PrimordialSea|[from] ability: Primordial Sea|[of] p1a: Kyogre\n|turn|1\n|\n|t:|1699057151\n|move|p2a: Smeargle|Spore|p1a: Kyogre\n|-status|p1a: Kyogre|slp|[from] move: Spore\n|cant|p1a: Kyogre|slp\n|\n|-weather|PrimordialSea|[upkeep]\n|-ability|p2a: Smeargle|Moody|boost\n|-boost|p2a: Smeargle|spd|2\n|-unboost|p2a: Smeargle|def|1\n|upkeep\n|turn|2\n|\n|t:|1699057165\n|-weather|none\n|switch|p1a: Mew|Mew|100\/100\n|move|p2a: Smeargle|Substitute|p2a: Smeargle\n|-start|p2a: Smeargle|Substitute\n|-damage|p2a: Smeargle|76\/100\n|\n|-heal|p2a: Smeargle|82\/100|[from] item: Leftovers\n|-ability|p2a: Smeargle|Moody|boost\n|-boost|p2a: Smeargle|def|2\n|-unboost|p2a: Smeargle|atk|1\n|upkeep\n|turn|3\n|c| PsiKowboj|HUGE\n|\n|t:|1699057177\n|move|p2a: Smeargle|Protect|p2a: Smeargle\n|-singleturn|p2a: Smeargle|Protect\n|move|p1a: Mew|Heal Bell|p1a: Mew\n|-activate|p1a: Mew|move: Heal Bell\n|-curestatus|p1: Kyogre|slp|[msg]\n|\n|-heal|p2a: Smeargle|88\/100|[from] item: Leftovers\n|-ability|p2a: Smeargle|Moody|boost\n|-boost|p2a: Smeargle|atk|2\n|-unboost|p2a: Smeargle|spa|1\n|upkeep\n|turn|4\n|c| PsiKowboj|smergle about to sweep\n|\n|t:|1699057193\n|move|p2a: Smeargle|Protect|p2a: Smeargle\n|-singleturn|p2a: Smeargle|Protect\n|move|p1a: Mew|Imprison|p1a: Mew\n|-start|p1a: Mew|move: Imprison\n|\n|-heal|p2a: Smeargle|94\/100|[from] item: Leftovers\n|-ability|p2a: Smeargle|Moody|boost\n|-boost|p2a: Smeargle|def|2\n|-unboost|p2a: Smeargle|spa|1\n|upkeep\n|turn|5\n|\n|t:|1699057202\n|move|p2a: Smeargle|Power Trip|p1a: Mew\n|-supereffective|p1a: Mew\n|-damage|p1a: Mew|80\/100\n|move|p1a: Mew|Transform||[still]\n|-fail|p1a: Mew\n|\n|-heal|p2a: Smeargle|99\/100|[from] item: Leftovers\n|-heal|p1a: Mew|86\/100|[from] item: Leftovers\n|-ability|p2a: Smeargle|Moody|boost\n|-boost|p2a: Smeargle|spe|2\n|-unboost|p2a: Smeargle|def|1\n|upkeep\n|turn|6\n|c|\u2606HAHAHA6745|you so trash\n|c|\u2606HAHAHA6745|\u5783\u573e\n|\n|t:|1699057215\n|move|p2a: Smeargle|Protect|p2a: Smeargle\n|-singleturn|p2a: Smeargle|Protect\n|move|p1a: Mew|Transform||[still]\n|-fail|p1a: Mew\n|\n|-heal|p2a: Smeargle|100\/100|[from] item: Leftovers\n|-heal|p1a: Mew|93\/100|[from] item: Leftovers\n|-ability|p2a: Smeargle|Moody|boost\n|-boost|p2a: Smeargle|def|2\n|-unboost|p2a: Smeargle|spd|1\n|upkeep\n|turn|7\n|c|\u2606HAHAHA6745|pathetic\n|c| PsiKowboj|lmao\n|c| PsiKowboj|looks like tempt6 video fr\n|c|\u2606DuckBuster135|\u4e5f\u662f\u4e2d\u56fd\u4eba\n|c|\u2606DuckBuster135|\u5931\u8d25\u8005\n|c| PsiKowboj|BRO SPEAKING SQUID GAME!\n|c|\u2606HAHAHA6745|i'm fuc british\n|inactive|DuckBuster135 has 120 seconds left.\n|\n|t:|1699057246\n|move|p2a: Smeargle|Protect||[still]\n|-fail|p2a: Smeargle\n|move|p1a: Mew|Transform||[still]\n|-fail|p1a: Mew\n|\n|-heal|p1a: Mew|99\/100|[from] item: Leftovers\n|-ability|p2a: Smeargle|Moody|boost\n|-boost|p2a: Smeargle|atk|2\n|-unboost|p2a: Smeargle|spe|1\n|upkeep\n|turn|8\n|c|\u2606DuckBuster135|Lol\n|c|\u2606DuckBuster135|I speak Chinese too bro\n|inactive|DuckBuster135 has 120 seconds left.\n|\n|t:|1699057259\n|switch|p1a: Metagross|Metagross, shiny|100\/100\n|move|p2a: Smeargle|Protect||[still]\n|-fail|p2a: Smeargle\n|\n|-ability|p2a: Smeargle|Moody|boost\n|-boost|p2a: Smeargle|def|2\n|-unboost|p2a: Smeargle|spa|1\n|upkeep\n|turn|9\n|c|\u2606DuckBuster135|temp6t moment\n|c|\u2606HAHAHA6745|my bad bro, just lost to a salty gamer\n|\n|t:|1699057286\n|detailschange|p1a: Metagross|Metagross-Mega, shiny\n|-mega|p1a: Metagross|Metagross|Metagrossite\n|move|p2a: Smeargle|Substitute|p2a: Smeargle\n|-fail|p2a: Smeargle|move: Substitute\n|move|p1a: Metagross|Thunder Punch|p2a: Smeargle\n|-activate|p2a: Smeargle|move: Substitute|[damage]\n|\n|-ability|p2a: Smeargle|Moody|boost\n|-boost|p2a: Smeargle|spa|2\n|-unboost|p2a: Smeargle|spd|1\n|upkeep\n|turn|10\n|c|\u2606DuckBuster135|looks so staged rn\n|c|\u2606DuckBuster135|that's how unreal this is\n|inactive|DuckBuster135 has 120 seconds left.\n|\n|t:|1699057302\n|move|p2a: Smeargle|Protect|p2a: Smeargle\n|-singleturn|p2a: Smeargle|Protect\n|move|p1a: Metagross|Bullet Punch|p2a: Smeargle\n|-activate|p2a: Smeargle|move: Protect\n|\n|-ability|p2a: Smeargle|Moody|boost\n|-boost|p2a: Smeargle|spd|2\n|-unboost|p2a: Smeargle|def|1\n|upkeep\n|turn|11\n|c| PsiKowboj|nah like actually\n|c|\u2606DuckBuster135|lol\n|inactive|DuckBuster135 has 120 seconds left.\n|c| PsiKowboj|did you pay pall him or sum?\n|inactive|HAHAHA6745 has 120 seconds left.\n|c|\u2606DuckBuster135|nah I just got lucky with him\n|\n|t:|1699057324\n|move|p1a: Metagross|Bullet Punch|p2a: Smeargle\n|-end|p2a: Smeargle|Substitute\n|move|p2a: Smeargle|Spore|p1a: Metagross\n|-status|p1a: Metagross|slp|[from] move: Spore\n|\n|-ability|p2a: Smeargle|Moody|boost\n|-boost|p2a: Smeargle|spe|2\n|-unboost|p2a: Smeargle|def|1\n|upkeep\n|turn|12\n|inactive|HAHAHA6745 has 120 seconds left.\n|\n|t:|1699057335\n|switch|p1a: Mew|Mew|99\/100\n|move|p2a: Smeargle|Substitute|p2a: Smeargle\n|-start|p2a: Smeargle|Substitute\n|-damage|p2a: Smeargle|76\/100\n|\n|-heal|p2a: Smeargle|82\/100|[from] item: Leftovers\n|-heal|p1a: Mew|100\/100|[from] item: Leftovers\n|-ability|p2a: Smeargle|Moody|boost\n|-boost|p2a: Smeargle|spe|2\n|-unboost|p2a: Smeargle|def|1\n|upkeep\n|turn|13\n|inactive|HAHAHA6745 has 120 seconds left.\n|c|\u2606DuckBuster135|PsiKowboj you know this mew set\n|\n|t:|1699057348\n|switch|p1a: Zygarde|Zygarde, shiny|100\/100\n|move|p2a: Smeargle|Protect||[still]\n|-fail|p2a: Smeargle\n|\n|-heal|p2a: Smeargle|88\/100|[from] item: Leftovers\n|-ability|p2a: Smeargle|Moody|boost\n|-boost|p2a: Smeargle|def|2\n|-unboost|p2a: Smeargle|spe|1\n|upkeep\n|turn|14\n|inactive|HAHAHA6745 has 120 seconds left.\n|c|\u2606DuckBuster135|imprison & transform\n|\n|t:|1699057368\n|move|p2a: Smeargle|Substitute|p2a: Smeargle\n|-fail|p2a: Smeargle|move: Substitute\n|move|p1a: Zygarde|Thousand Waves|p2a: Smeargle\n|-activate|p2a: Smeargle|move: Substitute|[damage]\n|\n|-heal|p2a: Smeargle|94\/100|[from] item: Leftovers\n|-ability|p2a: Smeargle|Moody|boost\n|-boost|p2a: Smeargle|spd|2\n|-unboost|p2a: Smeargle|atk|1\n|upkeep\n|turn|15\n|inactive|HAHAHA6745 has 120 seconds left.\n|\n|t:|1699057379\n|move|p2a: Smeargle|Spore|p1a: Zygarde\n|-message|Sleep Clause Mod activated.\n|-hint|Sleep Clause Mod prevents players from putting more than one of their opponent's Pok\u00e9mon to sleep at a time\n|move|p1a: Zygarde|Thousand Waves|p2a: Smeargle\n|-end|p2a: Smeargle|Substitute\n|\n|-heal|p2a: Smeargle|99\/100|[from] item: Leftovers\n|-ability|p2a: Smeargle|Moody|boost\n|-boost|p2a: Smeargle|def|1\n|-unboost|p2a: Smeargle|spa|1\n|upkeep\n|turn|16\n|c| PsiKowboj|bro about to power trip his ass to mars\n|c| PsiKowboj|bars\n|inactive|HAHAHA6745 has 120 seconds left.\n|\n|t:|1699057389\n|move|p2a: Smeargle|Protect|p2a: Smeargle\n|-singleturn|p2a: Smeargle|Protect\n|move|p1a: Zygarde|Glare|p2a: Smeargle\n|-activate|p2a: Smeargle|move: Protect\n|\n|-heal|p2a: Smeargle|100\/100|[from] item: Leftovers\n|-ability|p2a: Smeargle|Moody|boost\n|-boost|p2a: Smeargle|spa|2\n|-unboost|p2a: Smeargle|spd|1\n|upkeep\n|turn|17\n|\n|t:|1699057397\n|move|p2a: Smeargle|Substitute|p2a: Smeargle\n|-start|p2a: Smeargle|Substitute\n|-damage|p2a: Smeargle|76\/100\n|move|p1a: Zygarde|Glare||[still]\n|-fail|p1a: Zygarde\n|\n|-heal|p2a: Smeargle|82\/100|[from] item: Leftovers\n|-ability|p2a: Smeargle|Moody|boost\n|-boost|p2a: Smeargle|spd|2\n|-unboost|p2a: Smeargle|def|1\n|upkeep\n|turn|18\n|\n|t:|1699057406\n|move|p2a: Smeargle|Protect|p2a: Smeargle\n|-singleturn|p2a: Smeargle|Protect\n|move|p1a: Zygarde|Thousand Waves|p2a: Smeargle\n|-activate|p2a: Smeargle|move: Protect\n|\n|-heal|p2a: Smeargle|88\/100|[from] item: Leftovers\n|-ability|p2a: Smeargle|Moody|boost\n|-boost|p2a: Smeargle|spe|2\n|-unboost|p2a: Smeargle|spa|1\n|upkeep\n|turn|19\n|c|\u2606DuckBuster135|lol\n|c|\u2606DuckBuster135|XD\n|\n|t:|1699057420\n|move|p2a: Smeargle|Protect||[still]\n|-fail|p2a: Smeargle\n|move|p1a: Zygarde|Thousand Waves|p2a: Smeargle\n|-activate|p2a: Smeargle|move: Substitute|[damage]\n|\n|-heal|p2a: Smeargle|94\/100|[from] item: Leftovers\n|-ability|p2a: Smeargle|Moody|boost\n|-boost|p2a: Smeargle|spa|2\n|-unboost|p2a: Smeargle|spd|1\n|upkeep\n|turn|20\n|c|\u2606DuckBuster135|this dude gotta get multi hit moves\n|c| PsiKowboj|kinda sad ngl\n|\n|t:|1699057433\n|switch|p1a: Mew|Mew|100\/100\n|move|p2a: Smeargle|Protect||[still]\n|-fail|p2a: Smeargle\n|\n|-heal|p2a: Smeargle|99\/100|[from] item: Leftovers\n|-ability|p2a: Smeargle|Moody|boost\n|-boost|p2a: Smeargle|atk|2\n|-unboost|p2a: Smeargle|spe|1\n|upkeep\n|turn|21\n|c|\u2606DuckBuster135|fr\n|c| PsiKowboj|multi hits and all crits\n|c| PsiKowboj|no way he wins\n|\n|t:|1699057444\n|move|p2a: Smeargle|Spore|p1a: Mew\n|-message|Sleep Clause Mod activated.\n|-hint|Sleep Clause Mod prevents players from putting more than one of their opponent's Pok\u00e9mon to sleep at a time\n|move|p1a: Mew|Heal Bell|p1a: Mew\n|-activate|p1a: Mew|move: Heal Bell\n|-curestatus|p1: Metagross|slp|[msg]\n|\n|-heal|p2a: Smeargle|100\/100|[from] item: Leftovers\n|-ability|p2a: Smeargle|Moody|boost\n|-boost|p2a: Smeargle|spa|2\n|-unboost|p2a: Smeargle|atk|1\n|upkeep\n|turn|22\n|\n|t:|1699057461\n|switch|p1a: Metagross|Metagross-Mega, shiny|100\/100\n|move|p2a: Smeargle|Spore|p1a: Metagross\n|-status|p1a: Metagross|slp|[from] move: Spore\n|\n|-ability|p2a: Smeargle|Moody|boost\n|-boost|p2a: Smeargle|def|1\n|-unboost|p2a: Smeargle|spa|1\n|upkeep\n|turn|23\n|c|\u2606DuckBuster135|YK heal bell doesn't help u because of sleep clause HAHAHA6745\n|\n|t:|1699057478\n|cant|p1a: Metagross|slp\n|move|p2a: Smeargle|Substitute|p2a: Smeargle\n|-fail|p2a: Smeargle|move: Substitute\n|\n|-ability|p2a: Smeargle|Moody|boost\n|-boost|p2a: Smeargle|spa|2\n|-unboost|p2a: Smeargle|def|1\n|upkeep\n|turn|24\n|\n|t:|1699057490\n|move|p2a: Smeargle|Protect|p2a: Smeargle\n|-singleturn|p2a: Smeargle|Protect\n|-curestatus|p1a: Metagross|slp|[msg]\n|move|p1a: Metagross|Bullet Punch|p2a: Smeargle\n|-activate|p2a: Smeargle|move: Protect\n|\n|-ability|p2a: Smeargle|Moody|boost\n|-boost|p2a: Smeargle|spe|1\n|-unboost|p2a: Smeargle|spa|1\n|upkeep\n|turn|25\n|\n|t:|1699057499\n|move|p1a: Metagross|Bullet Punch|p2a: Smeargle\n|-end|p2a: Smeargle|Substitute\n|move|p2a: Smeargle|Spore|p1a: Metagross\n|-status|p1a: Metagross|slp|[from] move: Spore\n|\n|-ability|p2a: Smeargle|Moody|boost\n|-boost|p2a: Smeargle|spa|2\n|-unboost|p2a: Smeargle|spd|1\n|upkeep\n|turn|26\n|c| PsiKowboj|why does bro use only gen 7 and lower mons?\n|c|\u2606DuckBuster135|yea man\n|c| PsiKowboj|like gen9 ubers are strong\n|c|\u2606DuckBuster135|this is your gen 7 ubers team\n|\n|t:|1699057525\n|switch|p1a: Zekrom|Zekrom|100\/100\n|-ability|p1a: Zekrom|Teravolt\n|move|p2a: Smeargle|Substitute|p2a: Smeargle\n|-start|p2a: Smeargle|Substitute\n|-damage|p2a: Smeargle|76\/100\n|\n|-heal|p2a: Smeargle|82\/100|[from] item: Leftovers\n|-ability|p2a: Smeargle|Moody|boost\n|-boost|p2a: Smeargle|spa|1\n|-unboost|p2a: Smeargle|spe|1\n|upkeep\n|turn|27\n|c| PsiKowboj|metagross is bad as in bad\n|c| PsiKowboj|maxing them stats\n|\n|t:|1699057538\n|move|p2a: Smeargle|Spore|p1a: Zekrom\n|-message|Sleep Clause Mod activated.\n|-hint|Sleep Clause Mod prevents players from putting more than one of their opponent's Pok\u00e9mon to sleep at a time\n|move|p1a: Zekrom|Bolt Strike|p2a: Smeargle\n|-end|p2a: Smeargle|Substitute\n|-damage|p1a: Zekrom|91\/100|[from] item: Life Orb\n|\n|-heal|p2a: Smeargle|88\/100|[from] item: Leftovers\n|-ability|p2a: Smeargle|Moody|boost\n|-boost|p2a: Smeargle|spe|1\n|-unboost|p2a: Smeargle|spa|1\n|upkeep\n|turn|28\n|c| PsiKowboj|oh\n|c| PsiKowboj|wait\n|\n|t:|1699057549\n|move|p2a: Smeargle|Substitute|p2a: Smeargle\n|-start|p2a: Smeargle|Substitute\n|-damage|p2a: Smeargle|63\/100\n|move|p1a: Zekrom|Thunder Wave||[still]\n|-fail|p1a: Zekrom\n|\n|-heal|p2a: Smeargle|69\/100|[from] item: Leftovers\n|-ability|p2a: Smeargle|Moody|boost\n|-boost|p2a: Smeargle|atk|2\n|-unboost|p2a: Smeargle|spe|1\n|upkeep\n|turn|29\n|c|\u2606DuckBuster135|?\n|c| PsiKowboj|how did it kill sub\n|\n|t:|1699057558\n|move|p2a: Smeargle|Protect|p2a: Smeargle\n|-singleturn|p2a: Smeargle|Protect\n|move|p1a: Zekrom|Bolt Strike|p2a: Smeargle\n|-activate|p2a: Smeargle|move: Protect\n|\n|-heal|p2a: Smeargle|75\/100|[from] item: Leftovers\n|-ability|p2a: Smeargle|Moody|boost\n|-boost|p2a: Smeargle|spe|1\n|-unboost|p2a: Smeargle|spa|1\n|upkeep\n|turn|30\n|c|\u2606DuckBuster135|it was chipped\n|\n|t:|1699057568\n|move|p2a: Smeargle|Spore|p1a: Zekrom\n|-message|Sleep Clause Mod activated.\n|-hint|Sleep Clause Mod prevents players from putting more than one of their opponent's Pok\u00e9mon to sleep at a time\n|move|p1a: Zekrom|Bolt Strike|p2a: Smeargle|[miss]\n|-miss|p1a: Zekrom|p2a: Smeargle\n|\n|-heal|p2a: Smeargle|81\/100|[from] item: Leftovers\n|-ability|p2a: Smeargle|Moody|boost\n|-boost|p2a: Smeargle|spd|2\n|-unboost|p2a: Smeargle|atk|1\n|upkeep\n|turn|31\n|c| PsiKowboj|wait yeah true\n|c|\u2606DuckBuster135|the miss lol\n|\n|t:|1699057577\n|move|p2a: Smeargle|Spore|p1a: Zekrom\n|-message|Sleep Clause Mod activated.\n|-hint|Sleep Clause Mod prevents players from putting more than one of their opponent's Pok\u00e9mon to sleep at a time\n|move|p1a: Zekrom|Bolt Strike|p2a: Smeargle\n|-end|p2a: Smeargle|Substitute\n|-damage|p1a: Zekrom|81\/100|[from] item: Life Orb\n|\n|-heal|p2a: Smeargle|87\/100|[from] item: Leftovers\n|-ability|p2a: Smeargle|Moody|boost\n|-boost|p2a: Smeargle|spd|1\n|-unboost|p2a: Smeargle|spa|1\n|upkeep\n|turn|32\n|\n|t:|1699057587\n|move|p2a: Smeargle|Substitute|p2a: Smeargle\n|-start|p2a: Smeargle|Substitute\n|-damage|p2a: Smeargle|62\/100\n|move|p1a: Zekrom|Bolt Strike|p2a: Smeargle\n|-end|p2a: Smeargle|Substitute\n|-damage|p1a: Zekrom|71\/100|[from] item: Life Orb\n|\n|-heal|p2a: Smeargle|68\/100|[from] item: Leftovers\n|-ability|p2a: Smeargle|Moody|boost\n|-boost|p2a: Smeargle|spa|2\n|-unboost|p2a: Smeargle|spe|1\n|upkeep\n|turn|33\n|c|\u2606DuckBuster135|!data teravolt\n|raw|<ul class=\"utilichart\"><li class=\"result\"><span class=\"col namecol\"><a href=\"https:\/\/dex.pokemonshowdown.com\/abilities\/teravolt\">Teravolt<\/a><\/span> <span class=\"col abilitydesccol\">This Pokemon's moves and their effects ignore the Abilities of other Pokemon.<\/span> <\/li><li style=\"clear:both\"><\/li><\/ul>\n\n|c|\u2606DuckBuster135|nvm\n|c|\u2606DuckBuster135|I think bolt strike just ignores\n|\n|t:|1699057609\n|move|p2a: Smeargle|Protect|p2a: Smeargle\n|-singleturn|p2a: Smeargle|Protect\n|move|p1a: Zekrom|Dragon Dance|p1a: Zekrom\n|-boost|p1a: Zekrom|atk|1\n|-boost|p1a: Zekrom|spe|1\n|\n|-heal|p2a: Smeargle|74\/100|[from] item: Leftovers\n|-ability|p2a: Smeargle|Moody|boost\n|-boost|p2a: Smeargle|spa|1\n|-unboost|p2a: Smeargle|spe|1\n|upkeep\n|turn|34\n|c| PsiKowboj|it might\n|\n|t:|1699057621\n|move|p2a: Smeargle|Power Trip|p1a: Zekrom\n|-damage|p1a: Zekrom|0 fnt\n|faint|p1a: Zekrom\n|\n|-heal|p2a: Smeargle|80\/100|[from] item: Leftovers\n|-ability|p2a: Smeargle|Moody|boost\n|-boost|p2a: Smeargle|atk|2\n|-unboost|p2a: Smeargle|spe|1\n|upkeep\n|c|\u2606DuckBuster135|Power tripped\n|\n|t:|1699057630\n|switch|p1a: Zygarde|Zygarde, shiny|100\/100\n|turn|35\n|\n|t:|1699057633\n|move|p2a: Smeargle|Power Trip|p1a: Zygarde\n|-damage|p1a: Zygarde|13\/100\n|move|p1a: Zygarde|Glare|p2a: Smeargle\n|-status|p2a: Smeargle|par\n|\n|-heal|p2a: Smeargle|86\/100 par|[from] item: Leftovers\n|-ability|p2a: Smeargle|Moody|boost\n|-boost|p2a: Smeargle|spe|2\n|-unboost|p2a: Smeargle|def|1\n|-activate|p1a: Zygarde|ability: Power Construct\n|detailschange|p1a: Zygarde|Zygarde-Complete, shiny\n|-heal|p1a: Zygarde|42\/100|[silent]\n|upkeep\n|turn|36\n|c|\u2606HAHAHA6745|get f\n|c|\u2606DuckBuster135|477 speed man\n|\n|t:|1699057647\n|cant|p2a: Smeargle|par\n|move|p1a: Zygarde|Rest|p1a: Zygarde\n|-status|p1a: Zygarde|slp|[from] move: Rest\n|-heal|p1a: Zygarde|100\/100 slp|[silent]\n|-enditem|p1a: Zygarde|Chesto Berry|[eat]\n|-curestatus|p1a: Zygarde|slp|[msg]\n|\n|-heal|p2a: Smeargle|93\/100 par|[from] item: Leftovers\n|-ability|p2a: Smeargle|Moody|boost\n|-boost|p2a: Smeargle|spe|1\n|-unboost|p2a: Smeargle|spa|1\n|upkeep\n|turn|37\n|c| PsiKowboj|no it doesnt\n|c|\u2606HAHAHA6745|get f\n|c| PsiKowboj|hmm\n|\n|t:|1699057660\n|switch|p1a: Mew|Mew|100\/100\n|cant|p2a: Smeargle|par\n|\n|-heal|p2a: Smeargle|99\/100 par|[from] item: Leftovers\n|-ability|p2a: Smeargle|Moody|boost\n|-boost|p2a: Smeargle|def|2\n|-unboost|p2a: Smeargle|atk|1\n|upkeep\n|turn|38\n|c|\u2606DuckBuster135|I have sub\n|c|\u2606HAHAHA6745|get f\n|\n|t:|1699057668\n|cant|p2a: Smeargle|par\n|move|p1a: Mew|Imprison|p1a: Mew\n|-start|p1a: Mew|move: Imprison\n|\n|-heal|p2a: Smeargle|100\/100 par|[from] item: Leftovers\n|-ability|p2a: Smeargle|Moody|boost\n|-boost|p2a: Smeargle|spa|1\n|-unboost|p2a: Smeargle|spd|1\n|upkeep\n|turn|39\n|c|\u2606HAHAHA6745|get f\n|c|\u2606HAHAHA6745|get f\n|c|\u2606HAHAHA6745|get f\n|\n|t:|1699057677\n|move|p2a: Smeargle|Substitute|p2a: Smeargle\n|-start|p2a: Smeargle|Substitute\n|-damage|p2a: Smeargle|76\/100 par\n|move|p1a: Mew|Transform||[still]\n|-fail|p1a: Mew\n|\n|-heal|p2a: Smeargle|82\/100 par|[from] item: Leftovers\n|-ability|p2a: Smeargle|Moody|boost\n|-boost|p2a: Smeargle|atk|1\n|-unboost|p2a: Smeargle|spa|1\n|upkeep\n|turn|40\n|c|\u2606HAHAHA6745|get f\n|c|\u2606DuckBuster135|or not\n|c|\u2606HAHAHA6745|bruh\n|c|\u2606HAHAHA6745|nice tactic though\n|\n|t:|1699057697\n|switch|p1a: Zygarde|Zygarde-Complete, shiny|100\/100\n|cant|p2a: Smeargle|par\n|\n|-heal|p2a: Smeargle|88\/100 par|[from] item: Leftovers\n|-ability|p2a: Smeargle|Moody|boost\n|-boost|p2a: Smeargle|spd|1\n|-unboost|p2a: Smeargle|def|1\n|upkeep\n|turn|41\n|c| PsiKowboj|bro is mad\n|c| PsiKowboj|i think\n|c|\u2606DuckBuster135|didn't expect you to say that\n|c| PsiKowboj|maybe a little\n|\n|t:|1699057705\n|move|p2a: Smeargle|Power Trip|p1a: Zygarde\n|-damage|p1a: Zygarde|32\/100\n|move|p1a: Zygarde|Thousand Waves|p2a: Smeargle\n|-activate|p2a: Smeargle|move: Substitute|[damage]\n|\n|-heal|p2a: Smeargle|94\/100 par|[from] item: Leftovers\n|-ability|p2a: Smeargle|Moody|boost\n|-boost|p2a: Smeargle|spa|1\n|-unboost|p2a: Smeargle|atk|1\n|upkeep\n|turn|42\n|c|\u2606DuckBuster135|I'm getting so many para\n|\n|t:|1699057719\n|move|p2a: Smeargle|Power Trip|p1a: Zygarde\n|-damage|p1a: Zygarde|0 fnt\n|faint|p1a: Zygarde\n|\n|-heal|p2a: Smeargle|99\/100 par|[from] item: Leftovers\n|-ability|p2a: Smeargle|Moody|boost\n|-boost|p2a: Smeargle|def|1\n|-unboost|p2a: Smeargle|spd|1\n|upkeep\n|\n|t:|1699057731\n|switch|p1a: Metagross|Metagross-Mega, shiny|100\/100 slp\n|turn|43\n|\n|t:|1699057735\n|cant|p1a: Metagross|slp\n|cant|p2a: Smeargle|par\n|\n|-heal|p2a: Smeargle|100\/100 par|[from] item: Leftovers\n|-ability|p2a: Smeargle|Moody|boost\n|-boost|p2a: Smeargle|atk|1\n|-unboost|p2a: Smeargle|spd|1\n|upkeep\n|turn|44\n|c|\u2606DuckBuster135|Im still so tanky\n|\n|t:|1699057744\n|-curestatus|p1a: Metagross|slp|[msg]\n|move|p1a: Metagross|Bullet Punch|p2a: Smeargle\n|-end|p2a: Smeargle|Substitute\n|cant|p2a: Smeargle|par\n|\n|-ability|p2a: Smeargle|Moody|boost\n|-boost|p2a: Smeargle|spd|2\n|-unboost|p2a: Smeargle|def|1\n|upkeep\n|turn|45\n|c|\u2606DuckBuster135|314 health with 4x def and 4x spd\n|\n|t:|1699057755\n|move|p1a: Metagross|Bullet Punch|p2a: Smeargle\n|-crit|p2a: Smeargle\n|-damage|p2a: Smeargle|0 fnt\n|faint|p2a: Smeargle\n|\n|win|HAHAHA6745\n|raw|HAHAHA6745's rating: 1094 &rarr; <strong>1114<\/strong><br \/>(+20 for winning)\n|raw|DuckBuster135's rating: 1015 &rarr; <strong>1005<\/strong><br \/>(-10 for losing)\n|c| PsiKowboj|it might be powover\n|c|\u2606DuckBuster135|ouch\n|c|\u2606DuckBuster135|lol\n|c|\u2606DuckBuster135|crit\n|c|\u2606DuckBuster135|gg\n","uploadtime":1699057766,"views":5,"p1id":"hahaha6745","p2id":"duckbuster135","formatid":"gen9nationaldexubers","rating":1005,"private":0,"password":""}