{"id":"gen9nationaldexubers-1997302544","p1":"Grimtheluck","p2":"greggyp","format":"[Gen 9] National Dex Ubers","log":"|j|\u2606Grimtheluck\n|j|\u2606greggyp\n|t:|1700786797\n|gametype|singles\n|player|p1|Grimtheluck|169|1206\n|player|p2|greggyp|170|1263\n|teamsize|p1|6\n|teamsize|p2|6\n|gen|9\n|tier|[Gen 9] National Dex Ubers\n|rated|\n|rule|HP Percentage Mod: HP is shown in percentages\n|rule|Endless Battle Clause: Forcing endless battles is banned\n|rule|OHKO Clause: OHKO moves are banned\n|rule|Evasion Moves Clause: Evasion moves are banned\n|rule|Evasion Items Clause: Evasion items are banned\n|rule|Species Clause: Limit one of each Pok\u00e9mon\n|rule|Sleep Clause Mod: Limit one foe put to sleep\n|rule|Mega Rayquaza Clause: You cannot mega evolve Rayquaza\n|clearpoke\n|poke|p1|Grimmsnarl, M|\n|poke|p1|Great Tusk|\n|poke|p1|Ferrothorn, F|\n|poke|p1|Scizor, M|\n|poke|p1|Kingambit, M|\n|poke|p1|Urshifu-*, M|\n|poke|p2|Marshadow|\n|poke|p2|Charizard, F|\n|poke|p2|Weezing-Galar, F|\n|poke|p2|Slowbro, M|\n|poke|p2|Melmetal|\n|poke|p2|Kingambit, M|\n|teampreview\n|inactive|Battle timer is ON: inactive players will automatically lose when time's up. (requested by greggyp)\n|\n|t:|1700786806\n|start\n|switch|p1a: Grimmsnarl|Grimmsnarl, M|100\/100\n|switch|p2a: Charizard|Charizard, F, shiny|100\/100\n|turn|1\n|\n|t:|1700786811\n|detailschange|p2a: Charizard|Charizard-Mega-Y, F, shiny\n|-mega|p2a: Charizard|Charizard|Charizardite Y\n|-weather|SunnyDay|[from] ability: Drought|[of] p2a: Charizard\n|move|p1a: Grimmsnarl|Taunt|p2a: Charizard\n|-start|p2a: Charizard|move: Taunt\n|move|p2a: Charizard|Weather Ball|p1a: Grimmsnarl\n|-damage|p1a: Grimmsnarl|21\/100\n|\n|-weather|SunnyDay|[upkeep]\n|upkeep\n|turn|2\n|\n|t:|1700786821\n|move|p1a: Grimmsnarl|Light Screen|p1a: Grimmsnarl\n|-sidestart|p1: Grimtheluck|move: Light Screen\n|move|p2a: Charizard|Weather Ball|p1a: Grimmsnarl\n|-damage|p1a: Grimmsnarl|0 fnt\n|faint|p1a: Grimmsnarl\n|\n|-weather|SunnyDay|[upkeep]\n|upkeep\n|\n|t:|1700786823\n|switch|p1a: Urshifu|Urshifu-Rapid-Strike, M|100\/100\n|turn|3\n|\n|t:|1700786829\n|move|p1a: Urshifu|Swords Dance|p1a: Urshifu\n|-boost|p1a: Urshifu|atk|2\n|move|p2a: Charizard|Air Slash|p1a: Urshifu\n|-supereffective|p1a: Urshifu\n|-damage|p1a: Urshifu|27\/100\n|\n|-weather|SunnyDay|[upkeep]\n|-end|p2a: Charizard|move: Taunt\n|upkeep\n|turn|4\n|\n|t:|1700786838\n|move|p1a: Urshifu|Surging Strikes|p2a: Charizard\n|-supereffective|p2a: Charizard\n|-crit|p2a: Charizard\n|-damage|p2a: Charizard|24\/100\n|-supereffective|p2a: Charizard\n|-crit|p2a: Charizard\n|-damage|p2a: Charizard|0 fnt\n|faint|p2a: Charizard\n|-hitcount|p2: Charizard|2\n|-damage|p1a: Urshifu|17\/100|[from] item: Life Orb\n|\n|-weather|SunnyDay|[upkeep]\n|upkeep\n|\n|t:|1700786846\n|switch|p2a: Marshadow|Marshadow|100\/100\n|turn|5\n|\n|t:|1700786849\n|switch|p1a: Ferrothorn|Ferrothorn, F|100\/100\n|move|p2a: Marshadow|Spectral Thief|p1a: Ferrothorn\n|-damage|p1a: Ferrothorn|70\/100\n|-damage|p2a: Marshadow|88\/100|[from] ability: Iron Barbs|[of] p1a: Ferrothorn\n|-damage|p2a: Marshadow|72\/100|[from] item: Rocky Helmet|[of] p1a: Ferrothorn\n|\n|-weather|none\n|upkeep\n|turn|6\n|\n|t:|1700786860\n|move|p2a: Marshadow|Drain Punch|p1a: Ferrothorn\n|-supereffective|p1a: Ferrothorn\n|-damage|p1a: Ferrothorn|24\/100\n|-heal|p2a: Marshadow|97\/100|[from] drain|[of] p1a: Ferrothorn\n|-damage|p2a: Marshadow|85\/100|[from] ability: Iron Barbs|[of] p1a: Ferrothorn\n|-damage|p2a: Marshadow|68\/100|[from] item: Rocky Helmet|[of] p1a: Ferrothorn\n|move|p1a: Ferrothorn|Leech Seed|p2a: Marshadow\n|-start|p2a: Marshadow|move: Leech Seed\n|\n|-damage|p2a: Marshadow|56\/100|[from] Leech Seed|[of] p1a: Ferrothorn\n|-heal|p1a: Ferrothorn|35\/100|[silent]\n|upkeep\n|turn|7\n|\n|t:|1700786870\n|move|p1a: Ferrothorn|Protect|p1a: Ferrothorn\n|-singleturn|p1a: Ferrothorn|Protect\n|move|p2a: Marshadow|Drain Punch|p1a: Ferrothorn\n|-activate|p1a: Ferrothorn|move: Protect\n|\n|-damage|p2a: Marshadow|43\/100|[from] Leech Seed|[of] p1a: Ferrothorn\n|-heal|p1a: Ferrothorn|46\/100|[silent]\n|upkeep\n|turn|8\n|\n|t:|1700786877\n|switch|p1a: Great Tusk|Great Tusk|100\/100\n|move|p2a: Marshadow|Drain Punch|p1a: Great Tusk\n|-damage|p1a: Great Tusk|73\/100\n|-heal|p2a: Marshadow|62\/100|[from] drain|[of] p1a: Great Tusk\n|\n|-heal|p1a: Great Tusk|80\/100|[from] item: Leftovers\n|-damage|p2a: Marshadow|49\/100|[from] Leech Seed|[of] p1a: Great Tusk\n|-heal|p1a: Great Tusk|89\/100|[silent]\n|upkeep\n|turn|9\n|\n|t:|1700786887\n|switch|p2a: Slowbro|Slowbro, M|100\/100\n|move|p1a: Great Tusk|Headlong Rush|p2a: Slowbro\n|-damage|p2a: Slowbro|50\/100\n|-unboost|p1a: Great Tusk|def|1\n|-unboost|p1a: Great Tusk|spd|1\n|\n|-heal|p1a: Great Tusk|95\/100|[from] item: Leftovers\n|-heal|p2a: Slowbro|57\/100|[from] item: Leftovers\n|-sideend|p1: Grimtheluck|move: Light Screen\n|upkeep\n|turn|10\n|\n|t:|1700786898\n|move|p1a: Great Tusk|Bulk Up|p1a: Great Tusk\n|-boost|p1a: Great Tusk|atk|1\n|-boost|p1a: Great Tusk|def|1\n|move|p2a: Slowbro|Trick Room|p2a: Slowbro\n|-fieldstart|move: Trick Room|[of] p2a: Slowbro\n|\n|-heal|p2a: Slowbro|63\/100|[from] item: Leftovers\n|-heal|p1a: Great Tusk|100\/100|[from] item: Leftovers\n|upkeep\n|turn|11\n|\n|t:|1700786907\n|-end|p1a: Great Tusk|Protosynthesis|[silent]\n|switch|p1a: Ferrothorn|Ferrothorn, F|46\/100\n|move|p2a: Slowbro|Scald|p1a: Ferrothorn\n|-resisted|p1a: Ferrothorn\n|-damage|p1a: Ferrothorn|30\/100\n|-status|p1a: Ferrothorn|brn\n|\n|-heal|p2a: Slowbro|69\/100|[from] item: Leftovers\n|-damage|p1a: Ferrothorn|24\/100 brn|[from] brn\n|upkeep\n|turn|12\n|\n|t:|1700786916\n|move|p1a: Ferrothorn|Leech Seed|p2a: Slowbro\n|-start|p2a: Slowbro|move: Leech Seed\n|move|p2a: Slowbro|Psychic|p1a: Ferrothorn\n|-resisted|p1a: Ferrothorn\n|-damage|p1a: Ferrothorn|6\/100 brn\n|\n|-heal|p2a: Slowbro|75\/100|[from] item: Leftovers\n|-damage|p2a: Slowbro|62\/100|[from] Leech Seed|[of] p1a: Ferrothorn\n|-heal|p1a: Ferrothorn|17\/100 brn|[silent]\n|-damage|p1a: Ferrothorn|11\/100 brn|[from] brn\n|upkeep\n|turn|13\n|\n|t:|1700786930\n|move|p1a: Ferrothorn|Protect|p1a: Ferrothorn\n|-singleturn|p1a: Ferrothorn|Protect\n|move|p2a: Slowbro|Scald|p1a: Ferrothorn\n|-activate|p1a: Ferrothorn|move: Protect\n|\n|-heal|p2a: Slowbro|68\/100|[from] item: Leftovers\n|-damage|p2a: Slowbro|56\/100|[from] Leech Seed|[of] p1a: Ferrothorn\n|-heal|p1a: Ferrothorn|23\/100 brn|[silent]\n|-damage|p1a: Ferrothorn|17\/100 brn|[from] brn\n|upkeep\n|turn|14\n|\n|t:|1700786943\n|move|p1a: Ferrothorn|Gyro Ball|p2a: Slowbro\n|-resisted|p2a: Slowbro\n|-damage|p2a: Slowbro|52\/100\n|move|p2a: Slowbro|Psychic|p1a: Ferrothorn\n|-resisted|p1a: Ferrothorn\n|-damage|p1a: Ferrothorn|0 fnt\n|faint|p1a: Ferrothorn\n|\n|-heal|p2a: Slowbro|58\/100|[from] item: Leftovers\n|-fieldend|move: Trick Room\n|upkeep\n|\n|t:|1700786947\n|switch|p1a: Kingambit|Kingambit, M|100\/100\n|-activate|p1a: Kingambit|ability: Supreme Overlord\n|-start|p1a: Kingambit|fallen2|[silent]\n|turn|15\n|\n|t:|1700786957\n|switch|p2a: Marshadow|Marshadow|49\/100\n|move|p1a: Kingambit|Knock Off|p2a: Marshadow\n|-damage|p2a: Marshadow|0 fnt\n|-enditem|p2a: Marshadow|Focus Sash|[from] move: Knock Off|[of] p1a: Kingambit\n|faint|p2a: Marshadow\n|\n|upkeep\n|\n|t:|1700786973\n|switch|p2a: Weezing|Weezing-Galar, F|100\/100\n|-ability|p2a: Weezing|Neutralizing Gas\n|turn|16\n|\n|t:|1700786982\n|-end|p1a: Kingambit|fallen2|[silent]\n|switch|p1a: Scizor|Scizor, M|100\/100\n|move|p2a: Weezing|Destiny Bond|p2a: Weezing\n|-singlemove|p2a: Weezing|Destiny Bond\n|\n|upkeep\n|turn|17\n|c|\u2606greggyp|!weakness scizor\n|c| greggyp|\/raw <div class=\"infobox\">Scizor (ignoring abilities):<br \/><span class=\"message-effect-weak\">Weaknesses<\/span>: <b>Fire<\/b><br \/><span class=\"message-effect-resist\">Resistances<\/span>: Bug, Dragon, Fairy, <b>Grass<\/b>, Ice, Normal, Psychic, Steel<br \/><span class=\"message-effect-immune\">Immunities<\/span>: Poison, Sandstorm damage, Toxic<\/div>\n|\n|t:|1700786999\n|detailschange|p1a: Scizor|Scizor-Mega, M\n|-mega|p1a: Scizor|Scizor|Scizorite\n|move|p1a: Scizor|Swords Dance|p1a: Scizor\n|-boost|p1a: Scizor|atk|2\n|move|p2a: Weezing|Dazzling Gleam|p1a: Scizor\n|-resisted|p1a: Scizor\n|-damage|p1a: Scizor|84\/100\n|\n|upkeep\n|turn|18\n|\n|t:|1700787006\n|move|p1a: Scizor|Swords Dance|p1a: Scizor\n|-boost|p1a: Scizor|atk|2\n|move|p2a: Weezing|Destiny Bond|p2a: Weezing\n|-singlemove|p2a: Weezing|Destiny Bond\n|\n|upkeep\n|turn|19\n|\n|t:|1700787012\n|move|p1a: Scizor|Swords Dance|p1a: Scizor\n|-boost|p1a: Scizor|atk|2\n|move|p2a: Weezing|Dazzling Gleam|p1a: Scizor\n|-resisted|p1a: Scizor\n|-damage|p1a: Scizor|68\/100\n|\n|upkeep\n|turn|20\n|\n|t:|1700787018\n|move|p1a: Scizor|Bullet Punch|p2a: Weezing\n|-supereffective|p2a: Weezing\n|-enditem|p2a: Weezing|Focus Sash\n|-damage|p2a: Weezing|1\/100\n|move|p2a: Weezing|Destiny Bond|p2a: Weezing\n|-singlemove|p2a: Weezing|Destiny Bond\n|\n|upkeep\n|turn|21\n|\n|t:|1700787024\n|move|p1a: Scizor|Roost|p1a: Scizor\n|-heal|p1a: Scizor|100\/100\n|-singleturn|p1a: Scizor|move: Roost\n|move|p2a: Weezing|Dazzling Gleam|p1a: Scizor\n|-resisted|p1a: Scizor\n|-damage|p1a: Scizor|85\/100\n|\n|upkeep\n|turn|22\n|\n|t:|1700787031\n|move|p1a: Scizor|Bullet Punch|p2a: Weezing\n|-supereffective|p2a: Weezing\n|-damage|p2a: Weezing|0 fnt\n|faint|p2a: Weezing\n|-end|p2a: Weezing|ability: Neutralizing Gas\n|\n|upkeep\n|\n|t:|1700787039\n|switch|p2a: Melmetal|Melmetal|100\/100\n|turn|23\n|\n|t:|1700787043\n|move|p1a: Scizor|Knock Off|p2a: Melmetal\n|-damage|p2a: Melmetal|20\/100\n|-enditem|p2a: Melmetal|Expert Belt|[from] move: Knock Off|[of] p1a: Scizor\n|move|p2a: Melmetal|Earthquake|p1a: Scizor\n|-damage|p1a: Scizor|56\/100\n|\n|upkeep\n|turn|24\n|c|\u2606greggyp|bruh only 29 percent\n|\n|t:|1700787056\n|move|p1a: Scizor|Knock Off|p2a: Melmetal\n|-damage|p2a: Melmetal|0 fnt\n|faint|p2a: Melmetal\n|\n|upkeep\n|\n|t:|1700787064\n|switch|p2a: Slowbro|Slowbro, M|91\/100\n|turn|25\n|c|\u2606Grimtheluck|Bug Steel type bro\n|\n|t:|1700787075\n|move|p1a: Scizor|Knock Off|p2a: Slowbro\n|-supereffective|p2a: Slowbro\n|-damage|p2a: Slowbro|0 fnt\n|-enditem|p2a: Slowbro|Leftovers|[from] move: Knock Off|[of] p1a: Scizor\n|faint|p2a: Slowbro\n|\n|upkeep\n|\n|t:|1700787080\n|switch|p2a: Kingambit|Kingambit, M|100\/100\n|-activate|p2a: Kingambit|ability: Supreme Overlord\n|-start|p2a: Kingambit|fallen5|[silent]\n|turn|26\n|\n|t:|1700787090\n|move|p2a: Kingambit|Brick Break|p1a: Scizor\n|-damage|p1a: Scizor|26\/100\n|move|p1a: Scizor|Roost|p1a: Scizor\n|-heal|p1a: Scizor|76\/100\n|-singleturn|p1a: Scizor|move: Roost\n|\n|upkeep\n|turn|27\n|\n|t:|1700787098\n|move|p1a: Scizor|Bullet Punch|p2a: Kingambit\n|-resisted|p2a: Kingambit\n|-damage|p2a: Kingambit|35\/100\n|move|p2a: Kingambit|Brick Break|p1a: Scizor\n|-damage|p1a: Scizor|45\/100\n|\n|upkeep\n|turn|28\n|\n|t:|1700787103\n|move|p2a: Kingambit|Sucker Punch|p1a: Scizor\n|-damage|p1a: Scizor|5\/100\n|move|p1a: Scizor|Bullet Punch|p2a: Kingambit\n|-resisted|p2a: Kingambit\n|-damage|p2a: Kingambit|0 fnt\n|faint|p2a: Kingambit\n|-end|p2a: Kingambit|fallen5|[silent]\n|\n|win|Grimtheluck\n|raw|Grimtheluck's rating: 1206 &rarr; <strong>1235<\/strong><br \/>(+29 for winning)\n|raw|greggyp's rating: 1263 &rarr; <strong>1234<\/strong><br \/>(-29 for losing)\n|l|\u2606greggyp\n","uploadtime":1700787121,"views":3,"p1id":"grimtheluck","p2id":"greggyp","formatid":"gen9nationaldexubers","rating":1234,"private":0,"password":""}