{"id":"gen9nationaldexubers-1991679946","p1":"Im the soup","p2":"EA-ItsInTheGame","format":"[Gen 9] National Dex Ubers","log":"|j|\u2606Im the soup\n|j|\u2606EA-ItsInTheGame\n|t:|1700101861\n|gametype|singles\n|player|p1|Im the soup|169|1348\n|player|p2|EA-ItsInTheGame|102|1233\n|teamsize|p1|6\n|teamsize|p2|6\n|gen|9\n|tier|[Gen 9] National Dex Ubers\n|rated|\n|rule|HP Percentage Mod: HP is shown in percentages\n|rule|Endless Battle Clause: Forcing endless battles is banned\n|rule|OHKO Clause: OHKO moves are banned\n|rule|Evasion Moves Clause: Evasion moves are banned\n|rule|Evasion Items Clause: Evasion items are banned\n|rule|Species Clause: Limit one of each Pok\u00e9mon\n|rule|Sleep Clause Mod: Limit one foe put to sleep\n|rule|Mega Rayquaza Clause: You cannot mega evolve Rayquaza\n|clearpoke\n|poke|p1|Groudon|\n|poke|p1|Ho-Oh|\n|poke|p1|Mewtwo|\n|poke|p1|Giratina-Origin|\n|poke|p1|Arceus-Fairy|\n|poke|p1|Dialga|\n|poke|p2|Necrozma-Dusk-Mane|\n|poke|p2|Kingambit, F|\n|poke|p2|Zacian-*|\n|poke|p2|Groudon|\n|poke|p2|Kyogre|\n|poke|p2|Marshadow|\n|teampreview\n|inactive|Battle timer is ON: inactive players will automatically lose when time's up. (requested by Im the soup)\n|\n|t:|1700101865\n|start\n|switch|p1a: Groudon|Groudon, shiny|100\/100\n|switch|p2a: Necrozma|Necrozma-Dusk-Mane|100\/100\n|detailschange|p1a: Groudon|Groudon-Primal, shiny\n|-primal|p1a: Groudon|Red Orb\n|-weather|DesolateLand|[from] ability: Desolate Land|[of] p1a: Groudon\n|turn|1\n|\n|t:|1700101873\n|detailschange|p2a: Necrozma|Necrozma-Ultra\n|-burst|p2a: Necrozma|Necrozma|Ultranecrozium Z\n|move|p2a: Necrozma|Dragon Dance|p2a: Necrozma\n|-boost|p2a: Necrozma|atk|1\n|-boost|p2a: Necrozma|spe|1\n|move|p1a: Groudon|Stealth Rock|p2a: Necrozma\n|-sidestart|p2: EA-ItsInTheGame|move: Stealth Rock\n|\n|-weather|DesolateLand|[upkeep]\n|upkeep\n|turn|2\n|\n|t:|1700101880\n|move|p2a: Necrozma|Dragon Dance|p2a: Necrozma\n|-boost|p2a: Necrozma|atk|1\n|-boost|p2a: Necrozma|spe|1\n|move|p1a: Groudon|Toxic|p2a: Necrozma\n|-status|p2a: Necrozma|tox\n|\n|-weather|DesolateLand|[upkeep]\n|-damage|p2a: Necrozma|95\/100 tox|[from] psn\n|upkeep\n|turn|3\n|\n|t:|1700101887\n|move|p2a: Necrozma|Earthquake|p1a: Groudon\n|-supereffective|p1a: Groudon\n|-damage|p1a: Groudon|0 fnt\n|faint|p1a: Groudon\n|-weather|none\n|\n|-damage|p2a: Necrozma|83\/100 tox|[from] psn\n|upkeep\n|\n|t:|1700101891\n|switch|p1a: Giratina|Giratina-Origin, shiny|100\/100\n|turn|4\n|\n|t:|1700101899\n|move|p1a: Giratina|Shadow Sneak|p2a: Necrozma\n|-supereffective|p2a: Necrozma\n|-damage|p2a: Necrozma|27\/100 tox\n|move|p2a: Necrozma|Sunsteel Strike|p1a: Giratina\n|-damage|p1a: Giratina|36\/100\n|\n|-damage|p2a: Necrozma|9\/100 tox|[from] psn\n|upkeep\n|turn|5\n|\n|t:|1700101907\n|move|p1a: Giratina|Shadow Sneak|p2a: Necrozma\n|-supereffective|p2a: Necrozma\n|-damage|p2a: Necrozma|0 fnt\n|faint|p2a: Necrozma\n|\n|upkeep\n|\n|t:|1700101916\n|switch|p2a: Zacian|Zacian-Crowned|100\/100\n|-damage|p2a: Zacian|94\/100|[from] Stealth Rock\n|-ability|p2a: Zacian|Intrepid Sword|boost\n|-boost|p2a: Zacian|atk|1\n|turn|6\n|\n|t:|1700101918\n|move|p2a: Zacian|Play Rough|p1a: Giratina|[miss]\n|-miss|p2a: Zacian|p1a: Giratina\n|move|p1a: Giratina|Thunder Wave|p2a: Zacian\n|-status|p2a: Zacian|par\n|\n|upkeep\n|turn|7\n|\n|t:|1700101921\n|move|p1a: Giratina|Poltergeist|p2a: Zacian\n|-activate|p2a: Zacian|move: Poltergeist|Rusted Sword\n|-damage|p2a: Zacian|26\/100 par\n|cant|p2a: Zacian|par\n|\n|upkeep\n|turn|8\n|\n|t:|1700101926\n|move|p1a: Giratina|Poltergeist|p2a: Zacian\n|-activate|p2a: Zacian|move: Poltergeist|Rusted Sword\n|-damage|p2a: Zacian|0 fnt\n|faint|p2a: Zacian\n|\n|upkeep\n|\n|t:|1700101932\n|switch|p2a: Marshadow|Marshadow|100\/100\n|-damage|p2a: Marshadow|94\/100|[from] Stealth Rock\n|turn|9\n|c|\u2606Im the soup|I\u2019m insane\n|\n|t:|1700101936\n|move|p2a: Marshadow|Sucker Punch|p1a: Giratina\n|-supereffective|p1a: Giratina\n|-damage|p1a: Giratina|3\/100\n|move|p1a: Giratina|Shadow Sneak|p2a: Marshadow\n|-supereffective|p2a: Marshadow\n|-damage|p2a: Marshadow|33\/100\n|\n|upkeep\n|turn|10\n|\n|t:|1700101939\n|move|p2a: Marshadow|Sucker Punch||[still]\n|-fail|p2a: Marshadow\n|move|p1a: Giratina|Thunder Wave|p2a: Marshadow\n|-status|p2a: Marshadow|par\n|\n|upkeep\n|turn|11\n|\n|t:|1700101943\n|move|p1a: Giratina|Shadow Sneak|p2a: Marshadow\n|-supereffective|p2a: Marshadow\n|-crit|p2a: Marshadow\n|-damage|p2a: Marshadow|0 fnt\n|faint|p2a: Marshadow\n|\n|upkeep\n|\n|t:|1700101947\n|switch|p2a: Groudon|Groudon|100\/100\n|-damage|p2a: Groudon|94\/100|[from] Stealth Rock\n|detailschange|p2a: Groudon|Groudon-Primal\n|-primal|p2a: Groudon|Red Orb\n|-weather|DesolateLand|[from] ability: Desolate Land|[of] p2a: Groudon\n|turn|12\n|\n|t:|1700101951\n|move|p2a: Groudon|Fire Blast|p1a: Giratina|[miss]\n|-miss|p2a: Groudon|p1a: Giratina\n|move|p1a: Giratina|Dragon Tail|p2a: Groudon\n|-damage|p2a: Groudon|69\/100\n|-weather|none\n|drag|p2a: Kingambit|Kingambit, F|100\/100\n|-damage|p2a: Kingambit|94\/100|[from] Stealth Rock\n|-activate|p2a: Kingambit|ability: Supreme Overlord\n|-start|p2a: Kingambit|fallen3|[silent]\n|\n|-heal|p2a: Kingambit|100\/100|[from] item: Leftovers\n|upkeep\n|turn|13\n|c|\u2606EA-ItsInTheGame|nope\n|\n|t:|1700101959\n|-end|p2a: Kingambit|fallen3|[silent]\n|switch|p2a: Kyogre|Kyogre|100\/100\n|-damage|p2a: Kyogre|88\/100|[from] Stealth Rock\n|detailschange|p2a: Kyogre|Kyogre-Primal\n|-primal|p2a: Kyogre|Blue Orb\n|-weather|PrimordialSea|[from] ability: Primordial Sea|[of] p2a: Kyogre\n|move|p1a: Giratina|Thunder Wave|p2a: Kyogre\n|-status|p2a: Kyogre|par\n|\n|-weather|PrimordialSea|[upkeep]\n|upkeep\n|turn|14\n|c|\u2606Im the soup|Lol\n|\n|t:|1700101969\n|move|p1a: Giratina|Poltergeist|p2a: Kyogre\n|-activate|p2a: Kyogre|move: Poltergeist|Blue Orb\n|-damage|p2a: Kyogre|2\/100 par\n|move|p2a: Kyogre|Origin Pulse|p1a: Giratina|[miss]\n|-miss|p2a: Kyogre|p1a: Giratina\n|\n|-weather|PrimordialSea|[upkeep]\n|upkeep\n|turn|15\n|c|\u2606EA-ItsInTheGame|q3gyuwjvhawihpoaewiyglr\n|c|\u2606EA-ItsInTheGame|rwbhgewfgkhknlrluhs\n|c|\u2606Im the soup|No shot\n|c|\u2606EA-ItsInTheGame|hfydihfsRgkysdfkhu.dfs\n|c|\u2606EA-ItsInTheGame|njdsfhusdFku;dsfsf\n|c|\u2606EA-ItsInTheGame|jREEEEEEEEEEEE\n|c|\u2606Im the soup|Feel that\n|c|\u2606Im the soup|this is why arceus banished him\n|inactive|Im the soup has 120 seconds left.\n|\n|t:|1700102002\n|move|p1a: Giratina|Shadow Sneak|p2a: Kyogre\n|-damage|p2a: Kyogre|0 fnt\n|faint|p2a: Kyogre\n|-weather|none\n|\n|upkeep\n|\n|t:|1700102005\n|switch|p2a: Groudon|Groudon-Primal|69\/100\n|-damage|p2a: Groudon|56\/100|[from] Stealth Rock\n|-weather|DesolateLand|[from] ability: Desolate Land|[of] p2a: Groudon\n|turn|16\n|\n|t:|1700102008\n|move|p2a: Groudon|Precipice Blades|p1a: Giratina\n|-immune|p1a: Giratina|[from] ability: Levitate\n|move|p1a: Giratina|Poltergeist|p2a: Groudon\n|-activate|p2a: Groudon|move: Poltergeist|Red Orb\n|-damage|p2a: Groudon|13\/100\n|\n|-weather|DesolateLand|[upkeep]\n|upkeep\n|turn|17\n|c|\u2606EA-ItsInTheGame|iugwkhursljbdsr\n|c|\u2606EA-ItsInTheGame|misclick\n|c|\u2606Im the soup|I thought so heah\n|\n|t:|1700102027\n|move|p1a: Giratina|Shadow Sneak|p2a: Groudon\n|-damage|p2a: Groudon|0 fnt\n|faint|p2a: Groudon\n|-weather|none\n|\n|upkeep\n|c|\u2606Im the soup|Yeah\n|\n|t:|1700102031\n|switch|p2a: Kingambit|Kingambit, F|100\/100\n|-damage|p2a: Kingambit|94\/100|[from] Stealth Rock\n|-activate|p2a: Kingambit|ability: Supreme Overlord\n|-start|p2a: Kingambit|fallen5|[silent]\n|turn|18\n|\n|t:|1700102034\n|move|p1a: Giratina|Thunder Wave|p2a: Kingambit\n|-status|p2a: Kingambit|par\n|move|p2a: Kingambit|Iron Defense|p2a: Kingambit\n|-boost|p2a: Kingambit|def|2\n|\n|-heal|p2a: Kingambit|100\/100 par|[from] item: Leftovers\n|upkeep\n|turn|19\n|\n|t:|1700102041\n|switch|p1a: Arceus|Arceus-Fairy|100\/100\n|cant|p2a: Kingambit|par\n|\n|upkeep\n|turn|20\n|\n|t:|1700102047\n|move|p1a: Arceus|Taunt|p2a: Kingambit\n|-start|p2a: Kingambit|move: Taunt\n|move|p2a: Kingambit|Kowtow Cleave|p1a: Arceus\n|-resisted|p1a: Arceus\n|-damage|p1a: Arceus|80\/100\n|\n|upkeep\n|turn|21\n|\n|t:|1700102051\n|move|p1a: Arceus|Judgment|p2a: Kingambit\n|-damage|p2a: Kingambit|57\/100 par\n|move|p2a: Kingambit|X-Scissor|p1a: Arceus\n|-resisted|p1a: Arceus\n|-damage|p1a: Arceus|68\/100\n|\n|-heal|p2a: Kingambit|64\/100 par|[from] item: Leftovers\n|upkeep\n|turn|22\n|c|\u2606EA-ItsInTheGame|well\n|c|\u2606Im the soup|Wack kingambit what\n|\n|t:|1700102073\n|move|p1a: Arceus|Judgment|p2a: Kingambit\n|-damage|p2a: Kingambit|20\/100 par\n|move|p2a: Kingambit|Kowtow Cleave|p1a: Arceus\n|-resisted|p1a: Arceus\n|-damage|p1a: Arceus|48\/100\n|\n|-heal|p2a: Kingambit|26\/100 par|[from] item: Leftovers\n|-end|p2a: Kingambit|move: Taunt\n|upkeep\n|turn|23\n|c|\u2606Im the soup|As you can see I outskilled my opponenet\n|\n|t:|1700102086\n|move|p1a: Arceus|Judgment|p2a: Kingambit\n|-damage|p2a: Kingambit|0 fnt\n|faint|p2a: Kingambit\n|-end|p2a: Kingambit|fallen5|[silent]\n|\n|win|Im the soup\n|raw|Im the soup's rating: 1370 &rarr; <strong>1382<\/strong><br \/>(+12 for winning)\n|raw|EA-ItsInTheGame's rating: 1233 &rarr; <strong>1217<\/strong><br \/>(-16 for losing)\n|l|\u2606EA-ItsInTheGame\n","uploadtime":1700102092,"views":9,"p1id":"imthesoup","p2id":"eaitsinthegame","formatid":"gen9nationaldexubers","rating":1217,"private":0,"password":""}