{"id":"gen9nationaldexubers-1981273762","p1":"BankaiBleachGeek","p2":"zaxome8","format":"[Gen 9] National Dex Ubers","log":"|j|\u2606BankaiBleachGeek\n|j|\u2606zaxome8\n|t:|1698878623\n|gametype|singles\n|player|p1|BankaiBleachGeek|palmer|1094\n|player|p2|zaxome8|marlon|1093\n|teamsize|p1|6\n|teamsize|p2|6\n|gen|9\n|tier|[Gen 9] National Dex Ubers\n|rated|\n|rule|HP Percentage Mod: HP is shown in percentages\n|rule|Endless Battle Clause: Forcing endless battles is banned\n|rule|OHKO Clause: OHKO moves are banned\n|rule|Evasion Moves Clause: Evasion moves are banned\n|rule|Evasion Items Clause: Evasion items are banned\n|rule|Species Clause: Limit one of each Pok\u00e9mon\n|rule|Sleep Clause Mod: Limit one foe put to sleep\n|rule|Mega Rayquaza Clause: You cannot mega evolve Rayquaza\n|clearpoke\n|poke|p1|Sceptile, M|\n|poke|p1|Arboliva, F|\n|poke|p1|Electrode-Hisui|\n|poke|p1|Ferrothorn, M|\n|poke|p1|Ludicolo, M|\n|poke|p1|Torterra, M|\n|poke|p2|Snorlax, M|\n|poke|p2|Honchkrow, M|\n|poke|p2|Weavile, M|\n|poke|p2|Houndoom, M|\n|poke|p2|Umbreon, M|\n|poke|p2|Darkrai|\n|teampreview\n|\n|t:|1698878649\n|start\n|switch|p1a: Electrode|Electrode-Hisui|100\/100\n|switch|p2a: Weavile|Weavile, M|100\/100\n|-ability|p2a: Weavile|Pressure\n|turn|1\n|\n|t:|1698878662\n|move|p1a: Electrode|Rain Dance|p1a: Electrode\n|-weather|RainDance\n|move|p2a: Weavile|Swords Dance|p2a: Weavile\n|-boost|p2a: Weavile|atk|2\n|\n|-weather|RainDance|[upkeep]\n|upkeep\n|turn|2\n|\n|t:|1698878672\n|move|p1a: Electrode|Thunderbolt|p2a: Weavile\n|-damage|p2a: Weavile|56\/100\n|move|p2a: Weavile|Icicle Crash|p1a: Electrode\n|-supereffective|p1a: Electrode\n|-damage|p1a: Electrode|0 fnt\n|faint|p1a: Electrode\n|\n|-weather|RainDance|[upkeep]\n|upkeep\n|\n|t:|1698878681\n|switch|p1a: Ludicolo|Ludicolo, M|100\/100\n|turn|3\n|\n|t:|1698878687\n|move|p1a: Ludicolo|Weather Ball|p2a: Weavile\n|-damage|p2a: Weavile|0 fnt\n|faint|p2a: Weavile\n|-damage|p1a: Ludicolo|91\/100|[from] item: Life Orb\n|\n|-weather|RainDance|[upkeep]\n|upkeep\n|\n|t:|1698878710\n|switch|p2a: Honchkrow|Honchkrow, M|100\/100\n|turn|4\n|\n|t:|1698878716\n|move|p2a: Honchkrow|Sucker Punch|p1a: Ludicolo\n|-damage|p1a: Ludicolo|37\/100\n|move|p1a: Ludicolo|Ice Beam|p2a: Honchkrow\n|-supereffective|p2a: Honchkrow\n|-damage|p2a: Honchkrow|0 fnt\n|faint|p2a: Honchkrow\n|-damage|p1a: Ludicolo|27\/100|[from] item: Life Orb\n|\n|-weather|RainDance|[upkeep]\n|upkeep\n|\n|t:|1698878727\n|switch|p2a: Snorlax|Snorlax, M|100\/100\n|turn|5\n|\n|t:|1698878736\n|move|p1a: Ludicolo|Weather Ball|p2a: Snorlax\n|-damage|p2a: Snorlax|64\/100\n|-damage|p1a: Ludicolo|17\/100|[from] item: Life Orb\n|move|p2a: Snorlax|Return|p1a: Ludicolo\n|-damage|p1a: Ludicolo|0 fnt\n|faint|p1a: Ludicolo\n|\n|-weather|RainDance|[upkeep]\n|upkeep\n|\n|t:|1698878750\n|switch|p1a: Ferrothorn|Ferrothorn, M|100\/100\n|turn|6\n|\n|t:|1698878754\n|move|p2a: Snorlax|Curse|p2a: Snorlax\n|-unboost|p2a: Snorlax|spe|1\n|-boost|p2a: Snorlax|atk|1\n|-boost|p2a: Snorlax|def|1\n|move|p1a: Ferrothorn|Body Press|p2a: Snorlax\n|-supereffective|p2a: Snorlax\n|-damage|p2a: Snorlax|25\/100\n|-damage|p1a: Ferrothorn|84\/100|[from] item: Rocky Helmet|[of] p2a: Snorlax\n|\n|-weather|RainDance|[upkeep]\n|upkeep\n|turn|7\n|\n|t:|1698878765\n|move|p2a: Snorlax|Fire Punch|p1a: Ferrothorn\n|-supereffective|p1a: Ferrothorn\n|-damage|p1a: Ferrothorn|51\/100\n|-damage|p2a: Snorlax|12\/100|[from] ability: Iron Barbs|[of] p1a: Ferrothorn\n|-damage|p2a: Snorlax|0 fnt|[from] item: Rocky Helmet|[of] p1a: Ferrothorn\n|faint|p2a: Snorlax\n|move|p1a: Ferrothorn|Body Press|p2: Snorlax|[notarget]\n|-fail|p1a: Ferrothorn\n|\n|-weather|RainDance|[upkeep]\n|upkeep\n|\n|t:|1698878781\n|switch|p2a: Houndoom|Houndoom, M|100\/100\n|-ability|p2a: Houndoom|Unnerve\n|turn|8\n|\n|t:|1698878788\n|detailschange|p2a: Houndoom|Houndoom-Mega, M\n|-mega|p2a: Houndoom|Houndoom|Houndoominite\n|move|p2a: Houndoom|Sunny Day|p2a: Houndoom\n|-weather|SunnyDay\n|move|p1a: Ferrothorn|Body Press|p2a: Houndoom\n|-supereffective|p2a: Houndoom\n|-crit|p2a: Houndoom\n|-damage|p2a: Houndoom|0 fnt\n|faint|p2a: Houndoom\n|\n|-weather|SunnyDay|[upkeep]\n|upkeep\n|\n|t:|1698878800\n|switch|p2a: Darkrai|Darkrai|100\/100\n|turn|9\n|\n|t:|1698878805\n|move|p2a: Darkrai|Hypnosis|p1a: Ferrothorn\n|-status|p1a: Ferrothorn|slp|[from] move: Hypnosis\n|cant|p1a: Ferrothorn|slp\n|\n|-weather|SunnyDay|[upkeep]\n|-damage|p1a: Ferrothorn|39\/100 slp|[from] ability: Bad Dreams|[of] p2a: Darkrai\n|upkeep\n|turn|10\n|\n|t:|1698878814\n|move|p2a: Darkrai|Focus Blast|p1a: Ferrothorn\n|-supereffective|p1a: Ferrothorn\n|-damage|p1a: Ferrothorn|0 fnt\n|faint|p1a: Ferrothorn\n|\n|-weather|SunnyDay|[upkeep]\n|upkeep\n|\n|t:|1698878820\n|switch|p1a: Sceptile|Sceptile, M|100\/100\n|turn|11\n|\n|t:|1698878825\n|detailschange|p1a: Sceptile|Sceptile-Mega, M\n|-mega|p1a: Sceptile|Sceptile|Sceptilite\n|move|p1a: Sceptile|Focus Blast|p2a: Darkrai\n|-supereffective|p2a: Darkrai\n|-damage|p2a: Darkrai|0 fnt\n|faint|p2a: Darkrai\n|\n|-weather|SunnyDay|[upkeep]\n|upkeep\n|\n|t:|1698878834\n|switch|p2a: Umbreon|Umbreon, M|100\/100\n|turn|12\n|\n|t:|1698878840\n|-terastallize|p2a: Umbreon|Poison\n|move|p1a: Sceptile|Focus Blast|p2a: Umbreon|[miss]\n|-miss|p1a: Sceptile|p2a: Umbreon\n|move|p2a: Umbreon|Toxic|p1a: Sceptile\n|-status|p1a: Sceptile|tox\n|\n|-weather|none\n|-damage|p1a: Sceptile|94\/100 tox|[from] psn\n|upkeep\n|turn|13\n|\n|t:|1698878855\n|switch|p1a: Torterra|Torterra, M|100\/100\n|move|p2a: Umbreon|Foul Play|p1a: Torterra\n|-damage|p1a: Torterra|79\/100\n|\n|-heal|p1a: Torterra|85\/100|[from] item: Leftovers\n|upkeep\n|turn|14\n|\n|t:|1698878866\n|move|p2a: Umbreon|Toxic|p1a: Torterra\n|-status|p1a: Torterra|tox\n|move|p1a: Torterra|Earthquake|p2a: Umbreon\n|-supereffective|p2a: Umbreon\n|-damage|p2a: Umbreon|40\/100\n|\n|-heal|p2a: Umbreon|46\/100|[from] item: Leftovers\n|-heal|p1a: Torterra|91\/100 tox|[from] item: Leftovers\n|-damage|p1a: Torterra|85\/100 tox|[from] psn\n|upkeep\n|turn|15\n|\n|t:|1698878878\n|move|p2a: Umbreon|Protect|p2a: Umbreon\n|-singleturn|p2a: Umbreon|Protect\n|move|p1a: Torterra|Earthquake|p2a: Umbreon\n|-activate|p2a: Umbreon|move: Protect\n|\n|-heal|p2a: Umbreon|52\/100|[from] item: Leftovers\n|-heal|p1a: Torterra|91\/100 tox|[from] item: Leftovers\n|-damage|p1a: Torterra|79\/100 tox|[from] psn\n|upkeep\n|turn|16\n|\n|t:|1698878904\n|move|p2a: Umbreon|Wish|p2a: Umbreon\n|move|p1a: Torterra|Earthquake|p2a: Umbreon\n|-supereffective|p2a: Umbreon\n|-damage|p2a: Umbreon|0 fnt\n|faint|p2a: Umbreon\n|\n|win|BankaiBleachGeek\n|raw|BankaiBleachGeek's rating: 1094 &rarr; <strong>1120<\/strong><br \/>(+26 for winning)\n|raw|zaxome8's rating: 1093 &rarr; <strong>1069<\/strong><br \/>(-24 for losing)\n|l|\u2606zaxome8\n","uploadtime":1698878915,"views":13,"p1id":"bankaibleachgeek","p2id":"zaxome8","formatid":"gen9nationaldexubers","rating":1069,"private":0,"password":""}