{"id":"gen9nationaldexubers-1983909837","p1":"nfyhsueryfgius","p2":"Soyeon is a cutie","format":"[Gen 9] National Dex Ubers","log":"|j|\u2606nfyhsueryfgius\n|j|\u2606Soyeon is a cutie\n|t:|1699198902\n|gametype|singles\n|player|p1|nfyhsueryfgius|ghetsis|1760\n|player|p2|Soyeon is a cutie|idol|1785\n|teamsize|p1|6\n|teamsize|p2|6\n|gen|9\n|tier|[Gen 9] National Dex Ubers\n|rated|\n|rule|HP Percentage Mod: HP is shown in percentages\n|rule|Endless Battle Clause: Forcing endless battles is banned\n|rule|OHKO Clause: OHKO moves are banned\n|rule|Evasion Moves Clause: Evasion moves are banned\n|rule|Evasion Items Clause: Evasion items are banned\n|rule|Species Clause: Limit one of each Pok\u00e9mon\n|rule|Sleep Clause Mod: Limit one foe put to sleep\n|rule|Mega Rayquaza Clause: You cannot mega evolve Rayquaza\n|clearpoke\n|poke|p1|Eternatus|\n|poke|p1|Arceus-Ground|\n|poke|p1|Ho-Oh|\n|poke|p1|Groudon|\n|poke|p1|Yveltal|\n|poke|p1|Xerneas-*|\n|poke|p2|Zygarde|\n|poke|p2|Magearna|\n|poke|p2|Ditto|\n|poke|p2|Rayquaza|\n|poke|p2|Arceus-Water|\n|poke|p2|Necrozma-Dusk-Mane|\n|teampreview\n|inactive|Battle timer is ON: inactive players will automatically lose when time's up. (requested by Soyeon is a cutie)\n|\n|t:|1699198912\n|start\n|switch|p1a: Yveltal|Yveltal|100\/100\n|switch|p2a: Rayquaza|Rayquaza|100\/100\n|-ability|p2a: Rayquaza|Air Lock\n|-ability|p1a: Yveltal|Dark Aura\n|turn|1\n|\n|t:|1699198919\n|switch|p2a: Magearna|Magearna|100\/100\n|move|p1a: Yveltal|Foul Play|p2a: Magearna\n|-resisted|p2a: Magearna\n|-damage|p2a: Magearna|86\/100\n|\n|upkeep\n|turn|2\n|\n|t:|1699198923\n|switch|p1a: Groudon|Groudon|100\/100\n|detailschange|p1a: Groudon|Groudon-Primal\n|-primal|p1a: Groudon|Red Orb\n|-weather|DesolateLand|[from] ability: Desolate Land|[of] p1a: Groudon\n|switch|p2a: Rayquaza|Rayquaza|100\/100\n|-ability|p2a: Rayquaza|Air Lock\n|\n|-weather|DesolateLand|[upkeep]\n|upkeep\n|turn|3\n|\n|t:|1699198928\n|-weather|none\n|switch|p1a: Yveltal|Yveltal|100\/100\n|-ability|p1a: Yveltal|Dark Aura\n|move|p2a: Rayquaza|Dragon Dance|p2a: Rayquaza\n|-boost|p2a: Rayquaza|atk|1\n|-boost|p2a: Rayquaza|spe|1\n|\n|upkeep\n|turn|4\n|\n|t:|1699198933\n|move|p2a: Rayquaza|Dragon Ascent|p1a: Yveltal\n|-damage|p1a: Yveltal|21\/100\n|-unboost|p2a: Rayquaza|def|1\n|-unboost|p2a: Rayquaza|spd|1\n|move|p1a: Yveltal|Foul Play|p2a: Rayquaza\n|-enditem|p2a: Rayquaza|Focus Sash\n|-damage|p2a: Rayquaza|1\/100\n|\n|upkeep\n|turn|5\n|\n|t:|1699198939\n|move|p2a: Rayquaza|Extreme Speed|p1a: Yveltal\n|-damage|p1a: Yveltal|0 fnt\n|faint|p1a: Yveltal\n|\n|upkeep\n|\n|t:|1699198945\n|switch|p1a: Ho-Oh|Ho-Oh|100\/100\n|turn|6\n|\n|t:|1699198948\n|move|p2a: Rayquaza|Dragon Ascent|p1a: Ho-Oh\n|-damage|p1a: Ho-Oh|34\/100\n|-unboost|p2a: Rayquaza|def|1\n|-unboost|p2a: Rayquaza|spd|1\n|move|p1a: Ho-Oh|Sacred Fire|p2a: Rayquaza\n|-resisted|p2a: Rayquaza\n|-damage|p2a: Rayquaza|0 fnt\n|faint|p2a: Rayquaza\n|\n|upkeep\n|\n|t:|1699198957\n|switch|p2a: Arceus|Arceus-Water|100\/100\n|turn|7\n|\n|t:|1699198962\n|switch|p1a: Eternatus|Eternatus|100\/100\n|-ability|p1a: Eternatus|Pressure\n|move|p2a: Arceus|Taunt|p1a: Eternatus\n|-start|p1a: Eternatus|move: Taunt\n|\n|upkeep\n|turn|8\n|\n|t:|1699198966\n|switch|p2a: Necrozma|Necrozma-Dusk-Mane|100\/100\n|move|p1a: Eternatus|Sludge Bomb|p2a: Necrozma\n|-immune|p2a: Necrozma\n|\n|upkeep\n|turn|9\n|\n|t:|1699198969\n|switch|p1a: Arceus|Arceus-Ground|100\/100\n|move|p2a: Necrozma|Stealth Rock|p1a: Arceus\n|-sidestart|p1: nfyhsueryfgius|move: Stealth Rock\n|\n|upkeep\n|turn|10\n|\n|t:|1699198973\n|detailschange|p2a: Necrozma|Necrozma-Ultra\n|-burst|p2a: Necrozma|Necrozma|Ultranecrozium Z\n|move|p2a: Necrozma|Photon Geyser|p1a: Arceus\n|-damage|p1a: Arceus|48\/100\n|move|p1a: Arceus|Swords Dance|p1a: Arceus\n|-boost|p1a: Arceus|atk|2\n|\n|upkeep\n|turn|11\n|\n|t:|1699198979\n|move|p2a: Necrozma|Photon Geyser|p1a: Arceus\n|-damage|p1a: Arceus|2\/100\n|move|p1a: Arceus|Earthquake|p2a: Necrozma\n|-crit|p2a: Necrozma\n|-damage|p2a: Necrozma|0 fnt\n|faint|p2a: Necrozma\n|\n|upkeep\n|\n|t:|1699198982\n|switch|p2a: Ditto|Ditto, shiny|100\/100\n|-transform|p2a: Ditto|p1a: Arceus|[from] ability: Imposter\n|turn|12\n|\n|t:|1699198988\n|move|p2a: Ditto|Stone Edge|p1a: Arceus|[miss]\n|-miss|p2a: Ditto|p1a: Arceus\n|move|p1a: Arceus|Earthquake|p2a: Ditto\n|-damage|p2a: Ditto|0 fnt\n|faint|p2a: Ditto\n|\n|upkeep\n|\n|t:|1699198993\n|switch|p2a: Zygarde|Zygarde, shiny|100\/100\n|turn|13\n|\n|t:|1699198995\n|move|p2a: Zygarde|Extreme Speed|p1a: Arceus\n|-damage|p1a: Arceus|0 fnt\n|faint|p1a: Arceus\n|\n|upkeep\n|\n|t:|1699198999\n|switch|p1a: Xerneas|Xerneas|100\/100\n|-damage|p1a: Xerneas|88\/100|[from] Stealth Rock\n|-ability|p1a: Xerneas|Fairy Aura\n|turn|14\n|\n|t:|1699199002\n|switch|p2a: Magearna|Magearna|86\/100\n|move|p1a: Xerneas|Substitute|p1a: Xerneas\n|-start|p1a: Xerneas|Substitute\n|-damage|p1a: Xerneas|63\/100\n|\n|upkeep\n|turn|15\n|\n|t:|1699199004\n|switch|p1a: Groudon|Groudon-Primal|100\/100\n|-damage|p1a: Groudon|88\/100|[from] Stealth Rock\n|-weather|DesolateLand|[from] ability: Desolate Land|[of] p1a: Groudon\n|move|p2a: Magearna|Fleur Cannon|p1a: Groudon\n|-resisted|p1a: Groudon\n|-damage|p1a: Groudon|67\/100\n|-unboost|p2a: Magearna|spa|2\n|\n|-weather|DesolateLand|[upkeep]\n|upkeep\n|turn|16\n|\n|t:|1699199008\n|switch|p2a: Arceus|Arceus-Water|100\/100\n|move|p1a: Groudon|Stealth Rock|p2a: Arceus\n|-sidestart|p2: Soyeon is a cutie|move: Stealth Rock\n|\n|-weather|DesolateLand|[upkeep]\n|upkeep\n|turn|17\n|\n|t:|1699199013\n|move|p2a: Arceus|Taunt|p1a: Groudon\n|-start|p1a: Groudon|move: Taunt\n|cant|p1a: Groudon|move: Taunt|Toxic\n|\n|-weather|DesolateLand|[upkeep]\n|upkeep\n|turn|18\n|\n|t:|1699199015\n|-weather|none\n|switch|p1a: Eternatus|Eternatus|100\/100\n|-damage|p1a: Eternatus|88\/100|[from] Stealth Rock\n|-ability|p1a: Eternatus|Pressure\n|move|p2a: Arceus|Toxic|p1a: Eternatus\n|-immune|p1a: Eternatus\n|\n|upkeep\n|turn|19\n|\n|t:|1699199024\n|move|p1a: Eternatus|Sludge Bomb|p2a: Arceus\n|-damage|p2a: Arceus|65\/100\n|move|p2a: Arceus|Taunt|p1a: Eternatus\n|-start|p1a: Eternatus|move: Taunt\n|\n|upkeep\n|turn|20\n|\n|t:|1699199027\n|switch|p2a: Magearna|Magearna|86\/100\n|-damage|p2a: Magearna|80\/100|[from] Stealth Rock\n|move|p1a: Eternatus|Sludge Bomb|p2a: Magearna\n|-immune|p2a: Magearna\n|\n|upkeep\n|turn|21\n|\n|t:|1699199031\n|switch|p2a: Zygarde|Zygarde, shiny|100\/100\n|-damage|p2a: Zygarde|94\/100|[from] Stealth Rock\n|-zpower|p1a: Eternatus\n|move|p1a: Eternatus|Inferno Overdrive|p2a: Zygarde|[zeffect]\n|-resisted|p2a: Zygarde\n|-damage|p2a: Zygarde|58\/100\n|\n|-heal|p2a: Zygarde|64\/100|[from] item: Leftovers\n|upkeep\n|turn|22\n|\n|t:|1699199035\n|switch|p2a: Magearna|Magearna|80\/100\n|-damage|p2a: Magearna|74\/100|[from] Stealth Rock\n|move|p1a: Eternatus|Dynamax Cannon|p2a: Magearna\n|-immune|p2a: Magearna\n|\n|-end|p1a: Eternatus|move: Taunt\n|upkeep\n|turn|23\n|\n|t:|1699199039\n|move|p1a: Eternatus|Fire Blast|p2a: Magearna\n|-supereffective|p2a: Magearna\n|-damage|p2a: Magearna|26\/100\n|move|p2a: Magearna|Pain Split|p1a: Eternatus\n|-sethp|p1a: Eternatus|55\/100|[from] move: Pain Split|[silent]\n|-sethp|p2a: Magearna|64\/100|[from] move: Pain Split\n|\n|upkeep\n|turn|24\n|\n|t:|1699199046\n|move|p1a: Eternatus|Fire Blast|p2a: Magearna\n|-supereffective|p2a: Magearna\n|-damage|p2a: Magearna|10\/100\n|move|p2a: Magearna|Fleur Cannon|p1a: Eternatus\n|-damage|p1a: Eternatus|10\/100\n|-unboost|p2a: Magearna|spa|2\n|\n|upkeep\n|turn|25\n|\n|t:|1699199051\n|move|p1a: Eternatus|Recover|p1a: Eternatus\n|-heal|p1a: Eternatus|60\/100\n|move|p2a: Magearna|Fleur Cannon|p1a: Eternatus\n|-damage|p1a: Eternatus|37\/100\n|-unboost|p2a: Magearna|spa|2\n|\n|upkeep\n|turn|26\n|\n|t:|1699199056\n|move|p1a: Eternatus|Fire Blast|p2a: Magearna\n|-supereffective|p2a: Magearna\n|-damage|p2a: Magearna|0 fnt\n|faint|p2a: Magearna\n|\n|upkeep\n|\n|t:|1699199064\n|switch|p2a: Zygarde|Zygarde, shiny|64\/100\n|-damage|p2a: Zygarde|58\/100|[from] Stealth Rock\n|turn|27\n|\n|t:|1699199068\n|-terastallize|p2a: Zygarde|Normal\n|move|p1a: Eternatus|Dynamax Cannon|p2a: Zygarde\n|-damage|p2a: Zygarde|0 fnt\n|faint|p2a: Zygarde\n|\n|upkeep\n|-message|Soyeon is a cutie forfeited.\n|\n|win|nfyhsueryfgius\n|raw|nfyhsueryfgius's rating: 1760 &rarr; <strong>1781<\/strong><br \/>(+21 for winning)\n|raw|Soyeon is a cutie's rating: 1785 &rarr; <strong>1764<\/strong><br \/>(-21 for losing)\n|l|\u2606Soyeon is a cutie\n|l|\u2606nfyhsueryfgius\n","uploadtime":1699199140,"views":4,"p1id":"nfyhsueryfgius","p2id":"soyeonisacutie","formatid":"gen9nationaldexubers","rating":1764,"private":0,"password":""}