{"id":"gen9nationaldexubers-1992786463","p1":"FrostBv","p2":"bread for bread","format":"[Gen 9] National Dex Ubers","log":"|j|\u2606FrostBv\n|j|\u2606bread for bread\n|t:|1700235347\n|gametype|singles\n|player|p1|FrostBv|giovanni|1187\n|player|p2|bread for bread|265|1072\n|teamsize|p1|6\n|teamsize|p2|6\n|gen|9\n|tier|[Gen 9] National Dex Ubers\n|rated|\n|rule|HP Percentage Mod: HP is shown in percentages\n|rule|Endless Battle Clause: Forcing endless battles is banned\n|rule|OHKO Clause: OHKO moves are banned\n|rule|Evasion Moves Clause: Evasion moves are banned\n|rule|Evasion Items Clause: Evasion items are banned\n|rule|Species Clause: Limit one of each Pok\u00e9mon\n|rule|Sleep Clause Mod: Limit one foe put to sleep\n|rule|Mega Rayquaza Clause: You cannot mega evolve Rayquaza\n|clearpoke\n|poke|p1|Deoxys-Defense|\n|poke|p1|Yveltal|\n|poke|p1|Groudon|\n|poke|p1|Dragapult, M|\n|poke|p1|Metagross|\n|poke|p1|Zygarde|\n|poke|p2|Greninja-*, M|\n|poke|p2|Decidueye-Hisui, M|\n|poke|p2|Primarina, M|\n|poke|p2|Corviknight, M|\n|poke|p2|Incineroar, M|\n|poke|p2|Zacian-*|\n|teampreview\n|\n|t:|1700235354\n|start\n|switch|p1a: Deoxys|Deoxys-Defense|100\/100\n|switch|p2a: Incineroar|Incineroar, M|100\/100\n|-ability|p1a: Deoxys|Pressure\n|-ability|p2a: Incineroar|Intimidate|boost\n|-unboost|p1a: Deoxys|atk|1\n|turn|1\n|\n|t:|1700235364\n|move|p1a: Deoxys|Stealth Rock|p2a: Incineroar\n|-sidestart|p2: bread for bread|move: Stealth Rock\n|move|p2a: Incineroar|Swords Dance|p2a: Incineroar\n|-boost|p2a: Incineroar|atk|2\n|\n|upkeep\n|turn|2\n|\n|t:|1700235372\n|move|p1a: Deoxys|Toxic|p2a: Incineroar|[miss]\n|-miss|p1a: Deoxys|p2a: Incineroar\n|move|p2a: Incineroar|Swords Dance|p2a: Incineroar\n|-boost|p2a: Incineroar|atk|2\n|\n|upkeep\n|turn|3\n|\n|t:|1700235377\n|move|p1a: Deoxys|Toxic|p2a: Incineroar\n|-status|p2a: Incineroar|tox\n|move|p2a: Incineroar|Blaze Kick|p1a: Deoxys\n|-damage|p1a: Deoxys|1\/100\n|\n|-heal|p1a: Deoxys|8\/100|[from] item: Leftovers\n|-damage|p2a: Incineroar|94\/100 tox|[from] psn\n|upkeep\n|turn|4\n|\n|t:|1700235395\n|move|p1a: Deoxys|Ice Beam|p2a: Incineroar\n|-resisted|p2a: Incineroar\n|-damage|p2a: Incineroar|87\/100 tox\n|move|p2a: Incineroar|Thunder Punch|p1a: Deoxys\n|-damage|p1a: Deoxys|0 fnt\n|faint|p1a: Deoxys\n|\n|-damage|p2a: Incineroar|75\/100 tox|[from] psn\n|upkeep\n|\n|t:|1700235407\n|switch|p1a: Groudon|Groudon|100\/100\n|detailschange|p1a: Groudon|Groudon-Primal\n|-primal|p1a: Groudon|Red Orb\n|-weather|DesolateLand|[from] ability: Desolate Land|[of] p1a: Groudon\n|turn|5\n|\n|t:|1700235413\n|move|p1a: Groudon|Precipice Blades|p2a: Incineroar\n|-supereffective|p2a: Incineroar\n|-damage|p2a: Incineroar|0 fnt\n|faint|p2a: Incineroar\n|\n|-weather|DesolateLand|[upkeep]\n|upkeep\n|\n|t:|1700235421\n|switch|p2a: Greninja|Greninja, M, shiny|100\/100\n|-damage|p2a: Greninja|88\/100|[from] Stealth Rock\n|turn|6\n|\n|t:|1700235426\n|move|p2a: Greninja|Hydro Pump||[still]\n|-fail|p2a: Greninja|Hydro Pump|[from] Desolate Land\n|move|p1a: Groudon|Precipice Blades|p2a: Greninja\n|-damage|p2a: Greninja|0 fnt\n|faint|p2a: Greninja\n|\n|-weather|DesolateLand|[upkeep]\n|upkeep\n|\n|t:|1700235433\n|switch|p2a: Decidueye|Decidueye-Hisui, M, shiny|100\/100\n|-damage|p2a: Decidueye|94\/100|[from] Stealth Rock\n|turn|7\n|-activate|p2a: Decidueye|item: Quick Claw\n|\n|t:|1700235439\n|move|p2a: Decidueye|Triple Arrows|p1a: Groudon\n|-damage|p1a: Groudon|71\/100\n|move|p1a: Groudon|Eruption|p2a: Decidueye\n|-supereffective|p2a: Decidueye\n|-damage|p2a: Decidueye|0 fnt\n|faint|p2a: Decidueye\n|\n|-weather|DesolateLand|[upkeep]\n|upkeep\n|\n|t:|1700235447\n|switch|p2a: Zacian|Zacian-Crowned, shiny|100\/100\n|-damage|p2a: Zacian|94\/100|[from] Stealth Rock\n|-ability|p2a: Zacian|Intrepid Sword|boost\n|-boost|p2a: Zacian|atk|1\n|turn|8\n|\n|t:|1700235453\n|move|p2a: Zacian|Behemoth Blade|p1a: Groudon\n|-resisted|p1a: Groudon\n|-crit|p1a: Groudon\n|-damage|p1a: Groudon|22\/100\n|move|p1a: Groudon|Precipice Blades|p2a: Zacian\n|-supereffective|p2a: Zacian\n|-damage|p2a: Zacian|0 fnt\n|faint|p2a: Zacian\n|\n|-weather|DesolateLand|[upkeep]\n|upkeep\n|\n|t:|1700235461\n|switch|p2a: Primarina|Primarina, M, shiny|100\/100\n|-damage|p2a: Primarina|88\/100|[from] Stealth Rock\n|turn|9\n|\n|t:|1700235464\n|move|p1a: Groudon|Precipice Blades|p2a: Primarina\n|-damage|p2a: Primarina|0 fnt\n|faint|p2a: Primarina\n|\n|-weather|DesolateLand|[upkeep]\n|upkeep\n|\n|t:|1700235469\n|switch|p2a: Corviknight|Corviknight, M, shiny|100\/100\n|-ability|p2a: Corviknight|Unnerve\n|-damage|p2a: Corviknight|88\/100|[from] Stealth Rock\n|turn|10\n|\n|t:|1700235474\n|move|p1a: Groudon|Eruption|p2a: Corviknight\n|-supereffective|p2a: Corviknight\n|-damage|p2a: Corviknight|33\/100\n|move|p2a: Corviknight|Giga Impact|p1a: Groudon\n|-damage|p1a: Groudon|0 fnt\n|-mustrecharge|p2a: Corviknight\n|faint|p1a: Groudon\n|-weather|none\n|\n|upkeep\n|\n|t:|1700235485\n|switch|p1a: Zygarde|Zygarde|100\/100\n|turn|11\n|\n|t:|1700235488\n|move|p1a: Zygarde|Glare|p2a: Corviknight\n|-status|p2a: Corviknight|par\n|cant|p2a: Corviknight|recharge\n|\n|upkeep\n|turn|12\n|-message|bread for bread forfeited.\n|\n|win|FrostBv\n|raw|FrostBv's rating: 1187 &rarr; <strong>1204<\/strong><br \/>(+17 for winning)\n|raw|bread for bread's rating: 1072 &rarr; <strong>1058<\/strong><br \/>(-14 for losing)\n|l|\u2606bread for bread\n","uploadtime":1700235518,"views":10,"p1id":"frostbv","p2id":"breadforbread","formatid":"gen9nationaldexubers","rating":1058,"private":0,"password":""}