{"id":"gen9nationaldexubers-1998711143","p1":"Chaitanya15","p2":"Culoticaa","format":"[Gen 9] National Dex Ubers","log":"|j|\u2606Chaitanya15\n|j|\u2606Culoticaa\n|t:|1700976144\n|gametype|singles\n|player|p1|Chaitanya15|170|1442\n|player|p2|Culoticaa|cynthia-gen4|1501\n|teamsize|p1|6\n|teamsize|p2|6\n|gen|9\n|tier|[Gen 9] National Dex Ubers\n|rated|\n|rule|HP Percentage Mod: HP is shown in percentages\n|rule|Endless Battle Clause: Forcing endless battles is banned\n|rule|OHKO Clause: OHKO moves are banned\n|rule|Evasion Moves Clause: Evasion moves are banned\n|rule|Evasion Items Clause: Evasion items are banned\n|rule|Species Clause: Limit one of each Pok\u00e9mon\n|rule|Sleep Clause Mod: Limit one foe put to sleep\n|rule|Mega Rayquaza Clause: You cannot mega evolve Rayquaza\n|clearpoke\n|poke|p1|Kingambit, F|\n|poke|p1|Basculegion, M|\n|poke|p1|Kyogre|\n|poke|p1|Flutter Mane|\n|poke|p1|Deoxys-Speed|\n|poke|p1|Groudon|\n|poke|p2|Absol, F|\n|poke|p2|Decidueye, F|\n|poke|p2|Ninetales-Alola, F|\n|poke|p2|Aromatisse, F|\n|poke|p2|Keldeo-Resolute|\n|poke|p2|Ursaluna-Bloodmoon, M|\n|teampreview\n|inactive|Battle timer is ON: inactive players will automatically lose when time's up. (requested by Culoticaa)\n|\n|t:|1700976159\n|start\n|switch|p1a: Groudon|Groudon|100\/100\n|switch|p2a: Effie|Aromatisse, F|100\/100\n|detailschange|p1a: Groudon|Groudon-Primal\n|-primal|p1a: Groudon|Red Orb\n|-weather|DesolateLand|[from] ability: Desolate Land|[of] p1a: Groudon\n|turn|1\n|\n|t:|1700976169\n|move|p1a: Groudon|Rock Polish|p1a: Groudon\n|-boost|p1a: Groudon|spe|2\n|move|p2a: Effie|Toxic|p1a: Groudon|[miss]\n|-miss|p2a: Effie|p1a: Groudon\n|\n|-weather|DesolateLand|[upkeep]\n|upkeep\n|turn|2\n|\n|t:|1700976176\n|move|p1a: Groudon|Heat Crash|p2a: Effie\n|-damage|p2a: Effie|0 fnt\n|faint|p2a: Effie\n|\n|-weather|DesolateLand|[upkeep]\n|upkeep\n|\n|t:|1700976183\n|switch|p2a: Tigris Snow|Ninetales-Alola, F|100\/100\n|-ability|p2a: Tigris Snow|Snow Warning|[from] desolateland|[fail]\n|turn|3\n|\n|t:|1700976192\n|move|p1a: Groudon|Heat Crash|p2a: Tigris Snow\n|-supereffective|p2a: Tigris Snow\n|-damage|p2a: Tigris Snow|0 fnt\n|faint|p2a: Tigris Snow\n|\n|-weather|DesolateLand|[upkeep]\n|upkeep\n|\n|t:|1700976193\n|switch|p2a: Snow|Ursaluna-Bloodmoon, M|100\/100\n|turn|4\n|\n|t:|1700976202\n|move|p1a: Groudon|Heat Crash|p2a: Snow\n|-damage|p2a: Snow|38\/100\n|move|p2a: Snow|Earth Power|p1a: Groudon\n|-supereffective|p1a: Groudon\n|-damage|p1a: Groudon|0 fnt\n|faint|p1a: Groudon\n|-weather|none\n|\n|-heal|p2a: Snow|44\/100|[from] item: Leftovers\n|upkeep\n|\n|t:|1700976215\n|switch|p1a: Kyogre|Kyogre|100\/100\n|-weather|RainDance|[from] ability: Drizzle|[of] p1a: Kyogre\n|turn|5\n|\n|t:|1700976224\n|move|p1a: Kyogre|Water Spout|p2a: Snow\n|-supereffective|p2a: Snow\n|-crit|p2a: Snow\n|-damage|p2a: Snow|0 fnt\n|faint|p2a: Snow\n|\n|-weather|RainDance|[upkeep]\n|upkeep\n|\n|t:|1700976230\n|switch|p2a: Katniss Everdeen|Decidueye, F|100\/100\n|turn|6\n|\n|t:|1700976243\n|switch|p1a: Kingambit|Kingambit, F|100\/100\n|-activate|p1a: Kingambit|ability: Supreme Overlord\n|-start|p1a: Kingambit|fallen1|[silent]\n|-zpower|p2a: Katniss Everdeen\n|move|p2a: Katniss Everdeen|Sinister Arrow Raid|p1a: Kingambit|[zeffect]\n|-resisted|p1a: Kingambit\n|-damage|p1a: Kingambit|73\/100\n|\n|-weather|RainDance|[upkeep]\n|upkeep\n|turn|7\n|\n|t:|1700976258\n|switch|p2a: Keldeo|Keldeo-Resolute|100\/100\n|move|p1a: Kingambit|Kowtow Cleave|p2a: Keldeo\n|-resisted|p2a: Keldeo\n|-damage|p2a: Keldeo|61\/100\n|-ability|p2a: Keldeo|Justified|boost\n|-boost|p2a: Keldeo|atk|1\n|-damage|p1a: Kingambit|63\/100|[from] item: Life Orb\n|\n|-weather|RainDance|[upkeep]\n|upkeep\n|turn|8\n|\n|t:|1700976273\n|move|p1a: Kingambit|Sucker Punch|p2a: Keldeo\n|-resisted|p2a: Keldeo\n|-damage|p2a: Keldeo|29\/100\n|-ability|p2a: Keldeo|Justified|boost\n|-boost|p2a: Keldeo|atk|1\n|-damage|p1a: Kingambit|53\/100|[from] item: Life Orb\n|move|p2a: Keldeo|Scald|p1a: Kingambit\n|-damage|p1a: Kingambit|0 fnt\n|faint|p1a: Kingambit\n|-end|p1a: Kingambit|fallen1|[silent]\n|\n|-weather|RainDance|[upkeep]\n|upkeep\n|\n|t:|1700976285\n|switch|p1a: Flutter Mane|Flutter Mane|100\/100\n|-enditem|p1a: Flutter Mane|Booster Energy\n|-activate|p1a: Flutter Mane|ability: Protosynthesis|[fromitem]\n|-start|p1a: Flutter Mane|protosynthesisspe\n|turn|9\n|\n|t:|1700976291\n|move|p1a: Flutter Mane|Moonblast|p2a: Keldeo\n|-supereffective|p2a: Keldeo\n|-damage|p2a: Keldeo|0 fnt\n|faint|p2a: Keldeo\n|\n|-weather|none\n|upkeep\n|\n|t:|1700976293\n|switch|p2a: Katniss Everdeen|Decidueye, F|100\/100\n|turn|10\n|\n|t:|1700976300\n|move|p2a: Katniss Everdeen|Shadow Sneak|p1a: Flutter Mane\n|-supereffective|p1a: Flutter Mane\n|-damage|p1a: Flutter Mane|26\/100\n|move|p1a: Flutter Mane|Shadow Ball|p2a: Katniss Everdeen\n|-supereffective|p2a: Katniss Everdeen\n|-damage|p2a: Katniss Everdeen|2\/100\n|\n|upkeep\n|turn|11\n|\n|t:|1700976309\n|move|p2a: Katniss Everdeen|Shadow Sneak|p1a: Flutter Mane\n|-supereffective|p1a: Flutter Mane\n|-damage|p1a: Flutter Mane|0 fnt\n|faint|p1a: Flutter Mane\n|-end|p1a: Flutter Mane|Protosynthesis|[silent]\n|\n|upkeep\n|\n|t:|1700976315\n|switch|p1a: Deoxys|Deoxys-Speed|100\/100\n|-ability|p1a: Deoxys|Pressure\n|turn|12\n|\n|t:|1700976321\n|move|p2a: Katniss Everdeen|Shadow Sneak|p1a: Deoxys\n|-supereffective|p1a: Deoxys\n|-damage|p1a: Deoxys|53\/100\n|move|p1a: Deoxys|Psychic|p2a: Katniss Everdeen\n|-damage|p2a: Katniss Everdeen|0 fnt\n|faint|p2a: Katniss Everdeen\n|\n|upkeep\n|\n|t:|1700976323\n|switch|p2a: Lucy Gray|Absol, F|100\/100\n|-ability|p2a: Lucy Gray|Pressure\n|turn|13\n|\n|t:|1700976338\n|detailschange|p2a: Lucy Gray|Absol-Mega, F\n|-mega|p2a: Lucy Gray|Absol|Absolite\n|move|p1a: Deoxys|Extreme Speed|p2a: Lucy Gray\n|-damage|p2a: Lucy Gray|65\/100\n|move|p2a: Lucy Gray|Knock Off|p1a: Deoxys\n|-supereffective|p1a: Deoxys\n|-damage|p1a: Deoxys|0 fnt\n|-enditem|p1a: Deoxys|Focus Sash|[from] move: Knock Off|[of] p2a: Lucy Gray\n|faint|p1a: Deoxys\n|\n|upkeep\n|\n|t:|1700976349\n|switch|p1a: Kyogre|Kyogre|100\/100\n|-weather|RainDance|[from] ability: Drizzle|[of] p1a: Kyogre\n|turn|14\n|\n|t:|1700976356\n|move|p1a: Kyogre|Water Spout|p2a: Lucy Gray\n|-damage|p2a: Lucy Gray|0 fnt\n|faint|p2a: Lucy Gray\n|\n|win|Chaitanya15\n|raw|Chaitanya15's rating: 1442 &rarr; <strong>1465<\/strong><br \/>(+23 for winning)\n|raw|Culoticaa's rating: 1501 &rarr; <strong>1478<\/strong><br \/>(-23 for losing)\n|l|\u2606Culoticaa\n|c|\u2606Chaitanya15|Gg\n","uploadtime":1700976363,"views":2,"p1id":"chaitanya15","p2id":"culoticaa","formatid":"gen9nationaldexubers","rating":1465,"private":0,"password":""}