{"id":"gen9nationaldexubers-1986437601","p1":"ILikeSalads","p2":"Sammmmmmmmmmmmm","format":"[Gen 9] National Dex Ubers","log":"|j|\u2606ILikeSalads\n|j|\u2606Sammmmmmmmmmmmm\n|t:|1699479143\n|gametype|singles\n|player|p1|ILikeSalads|bugsy|\n|player|p2|Sammmmmmmmmmmmm|bede-masters|\n|teamsize|p1|6\n|teamsize|p2|6\n|gen|9\n|tier|[Gen 9] National Dex Ubers\n|rule|HP Percentage Mod: HP is shown in percentages\n|rule|Endless Battle Clause: Forcing endless battles is banned\n|rule|OHKO Clause: OHKO moves are banned\n|rule|Evasion Moves Clause: Evasion moves are banned\n|rule|Evasion Items Clause: Evasion items are banned\n|rule|Species Clause: Limit one of each Pok\u00e9mon\n|rule|Sleep Clause Mod: Limit one foe put to sleep\n|rule|Mega Rayquaza Clause: You cannot mega evolve Rayquaza\n|clearpoke\n|poke|p1|Scizor, F|\n|poke|p1|Skeledirge, M|\n|poke|p1|Hydreigon, F|\n|poke|p1|Corviknight, F|\n|poke|p1|Zeraora|\n|poke|p1|Cramorant, M|\n|poke|p2|Hatterene, F|\n|poke|p2|Victini|\n|poke|p2|Tapu Lele|\n|poke|p2|Gallade, M|\n|poke|p2|Slowbro, F|\n|poke|p2|Meloetta|\n|teampreview\n|c|\u2606ILikeSalads|glhf\n|c|\u2606Sammmmmmmmmmmmm|glhf\n|inactive|Battle timer is ON: inactive players will automatically lose when time's up. (requested by Sammmmmmmmmmmmm)\n|c|\u2606ILikeSalads|tera eldctric cram\n|\n|t:|1699479167\n|start\n|switch|p1a: john|Corviknight, F|100\/100\n|switch|p2a: Kingsmould|Gallade, M, shiny|100\/100\n|-ability|p1a: john|Pressure\n|turn|1\n|\n|t:|1699479179\n|switch|p2a: Millibelle|Slowbro, F|100\/100\n|move|p1a: john|Brave Bird|p2a: Millibelle\n|-damage|p2a: Millibelle|78\/100\n|-damage|p1a: john|84\/100|[from] item: Rocky Helmet|[of] p2a: Millibelle\n|-damage|p1a: john|77\/100|[from] Recoil\n|\n|upkeep\n|turn|2\n|\n|t:|1699479182\n|move|p1a: john|U-turn|p2a: Millibelle\n|-supereffective|p2a: Millibelle\n|-damage|p2a: Millibelle|61\/100\n|-damage|p1a: john|60\/100|[from] item: Rocky Helmet|[of] p2a: Millibelle\n|\n|t:|1699479193\n|switch|p1a: Cramorant Charlie|Cramorant, M|100\/100|[from] U-turn\n|move|p2a: Millibelle|Teleport|p2a: Millibelle\n|\n|t:|1699479201\n|switch|p2a: Marissa|Meloetta|100\/100|[from] Teleport\n|\n|upkeep\n|turn|3\n|\n|t:|1699479211\n|move|p2a: Marissa|Relic Song|p1a: Cramorant Charlie\n|-damage|p1a: Cramorant Charlie|76\/100\n|-status|p1a: Cramorant Charlie|slp|[from] move: Relic Song\n|-formechange|p2a: Marissa|Meloetta-Pirouette|[msg]\n|cant|p1a: Cramorant Charlie|slp\n|\n|upkeep\n|turn|4\n|\n|t:|1699479216\n|move|p2a: Marissa|Stone Edge|p1a: Cramorant Charlie\n|-supereffective|p1a: Cramorant Charlie\n|-damage|p1a: Cramorant Charlie|0 fnt\n|faint|p1a: Cramorant Charlie\n|\n|upkeep\n|c|\u2606ILikeSalads|NOOOO\n|\n|t:|1699479242\n|switch|p1a: zappy fursuit|Zeraora|100\/100\n|turn|5\n|\n|t:|1699479271\n|switch|p2a: Godseeker|Hatterene, F, shiny|100\/100\n|move|p1a: zappy fursuit|Play Rough|p2a: Godseeker\n|-damage|p2a: Godseeker|69\/100\n|-damage|p1a: zappy fursuit|91\/100|[from] item: Life Orb\n|\n|-heal|p2a: Godseeker|75\/100|[from] item: Leftovers\n|upkeep\n|turn|6\n|\n|t:|1699479287\n|move|p1a: zappy fursuit|Knock Off|p2a: Godseeker\n|-crit|p2a: Godseeker\n|-damage|p2a: Godseeker|27\/100\n|-enditem|p2a: Godseeker|Leftovers|[from] move: Knock Off|[of] p1a: zappy fursuit\n|-damage|p1a: zappy fursuit|81\/100|[from] item: Life Orb\n|move|p2a: Godseeker|Draining Kiss|p1a: zappy fursuit\n|-damage|p1a: zappy fursuit|53\/100\n|-heal|p2a: Godseeker|47\/100|[from] drain|[of] p1a: zappy fursuit\n|\n|upkeep\n|turn|7\n|\n|t:|1699479297\n|move|p1a: zappy fursuit|Plasma Fists|p2a: Godseeker\n|-damage|p2a: Godseeker|0 fnt\n|-fieldactivate|move: Ion Deluge\n|-hint|Normal-type moves become Electric-type after using Plasma Fists.\n|faint|p2a: Godseeker\n|-damage|p1a: zappy fursuit|43\/100|[from] item: Life Orb\n|\n|upkeep\n|\n|t:|1699479304\n|switch|p2a: Snail Shaman|Tapu Lele|100\/100\n|-fieldstart|move: Psychic Terrain|[from] ability: Psychic Surge|[of] p2a: Snail Shaman\n|turn|8\n|\n|t:|1699479311\n|switch|p1a: john|Corviknight, F|60\/100\n|-ability|p1a: john|Pressure\n|move|p2a: Snail Shaman|Psyshock|p1a: john\n|-resisted|p1a: john\n|-damage|p1a: john|44\/100\n|\n|upkeep\n|turn|9\n|\n|t:|1699479317\n|switch|p2a: Sly|Victini|100\/100\n|move|p1a: john|Roost|p1a: john\n|-heal|p1a: john|94\/100\n|-singleturn|p1a: john|move: Roost\n|\n|upkeep\n|turn|10\n|\n|t:|1699479332\n|switch|p1a: Montgomery Gator|Skeledirge, M|100\/100\n|-terastallize|p2a: Sly|Fire\n|move|p2a: Sly|V-create|p1a: Montgomery Gator\n|-resisted|p1a: Montgomery Gator\n|-damage|p1a: Montgomery Gator|40\/100\n|-unboost|p2a: Sly|spe|1\n|-unboost|p2a: Sly|def|1\n|-unboost|p2a: Sly|spd|1\n|\n|upkeep\n|turn|11\n|\n|t:|1699479342\n|move|p2a: Sly|V-create|p1a: Montgomery Gator\n|-resisted|p1a: Montgomery Gator\n|-damage|p1a: Montgomery Gator|0 fnt\n|-unboost|p2a: Sly|spe|1\n|-unboost|p2a: Sly|def|1\n|-unboost|p2a: Sly|spd|1\n|faint|p1a: Montgomery Gator\n|\n|upkeep\n|\n|t:|1699479349\n|switch|p1a: zappy fursuit|Zeraora|43\/100\n|turn|12\n|\n|t:|1699479356\n|switch|p2a: Snail Shaman|Tapu Lele|100\/100\n|move|p1a: zappy fursuit|Plasma Fists|p2a: Snail Shaman\n|-damage|p2a: Snail Shaman|8\/100\n|-fieldactivate|move: Ion Deluge\n|-hint|Normal-type moves become Electric-type after using Plasma Fists.\n|-damage|p1a: zappy fursuit|34\/100|[from] item: Life Orb\n|\n|-fieldend|move: Psychic Terrain\n|upkeep\n|turn|13\n|\n|t:|1699479368\n|switch|p1a: john|Corviknight, F|94\/100\n|-ability|p1a: john|Pressure\n|move|p2a: Snail Shaman|Thunderbolt|p1a: john\n|-supereffective|p1a: john\n|-damage|p1a: john|33\/100\n|\n|upkeep\n|turn|14\n|\n|t:|1699479373\n|switch|p2a: Sly|Victini, tera:Fire|100\/100\n|switch|p1a: zappy fursuit|Zeraora|34\/100\n|\n|upkeep\n|turn|15\n|\n|t:|1699479385\n|switch|p1a: john|Corviknight, F|33\/100\n|-ability|p1a: john|Pressure\n|move|p2a: Sly|U-turn|p1a: john\n|-resisted|p1a: john\n|-damage|p1a: john|29\/100\n|-damage|p2a: Sly|84\/100|[from] item: Rocky Helmet|[of] p1a: john\n|\n|t:|1699479389\n|switch|p2a: Kingsmould|Gallade, M, shiny|100\/100|[from] U-turn\n|\n|upkeep\n|turn|16\n|\n|t:|1699479395\n|detailschange|p2a: Kingsmould|Gallade-Mega, M, shiny\n|-mega|p2a: Kingsmould|Gallade|Galladite\n|move|p2a: Kingsmould|Close Combat|p1a: john\n|-damage|p1a: john|0 fnt\n|-unboost|p2a: Kingsmould|def|1\n|-unboost|p2a: Kingsmould|spd|1\n|-damage|p2a: Kingsmould|84\/100|[from] item: Rocky Helmet|[of] p1a: john\n|faint|p1a: john\n|\n|upkeep\n|\n|t:|1699479403\n|switch|p1a: zappy fursuit|Zeraora|34\/100\n|turn|17\n|\n|t:|1699479425\n|switch|p2a: Marissa|Meloetta|100\/100\n|move|p1a: zappy fursuit|Plasma Fists|p2a: Marissa\n|-damage|p2a: Marissa|18\/100\n|-fieldactivate|move: Ion Deluge\n|-hint|Normal-type moves become Electric-type after using Plasma Fists.\n|-damage|p1a: zappy fursuit|24\/100|[from] item: Life Orb\n|\n|upkeep\n|turn|18\n|j| Astro Rifk\n|\n|t:|1699479430\n|move|p1a: zappy fursuit|Plasma Fists|p2a: Marissa\n|-damage|p2a: Marissa|0 fnt\n|-fieldactivate|move: Ion Deluge\n|-hint|Normal-type moves become Electric-type after using Plasma Fists.\n|faint|p2a: Marissa\n|-damage|p1a: zappy fursuit|14\/100|[from] item: Life Orb\n|\n|upkeep\n|\n|t:|1699479436\n|switch|p2a: Snail Shaman|Tapu Lele|8\/100\n|-fieldstart|move: Psychic Terrain|[from] ability: Psychic Surge|[of] p2a: Snail Shaman\n|turn|19\n|inactive|ILikeSalads has 270 seconds left.\n|\n|t:|1699479477\n|move|p2a: Snail Shaman|Moonblast|p1a: zappy fursuit\n|-damage|p1a: zappy fursuit|0 fnt\n|faint|p1a: zappy fursuit\n|\n|upkeep\n|\n|t:|1699479497\n|switch|p1a: Hydra|Hydreigon, F|100\/100\n|turn|20\n|\n|t:|1699479500\n|move|p1a: Hydra|Dark Pulse|p2a: Snail Shaman\n|-damage|p2a: Snail Shaman|0 fnt\n|faint|p2a: Snail Shaman\n|\n|upkeep\n|\n|t:|1699479505\n|switch|p2a: Kingsmould|Gallade-Mega, M, shiny|84\/100\n|turn|21\n|inactive|ILikeSalads has 270 seconds left.\n|c| Astro Rifk|YOOOOO WAIT HYDREIGON\n|c| Astro Rifk|BASED!!!\n|\n|t:|1699479537\n|move|p1a: Hydra|Dark Pulse|p2a: Kingsmould\n|-damage|p2a: Kingsmould|37\/100\n|move|p2a: Kingsmould|Close Combat|p1a: Hydra\n|-supereffective|p1a: Hydra\n|-damage|p1a: Hydra|0 fnt\n|-unboost|p2a: Kingsmould|def|1\n|-unboost|p2a: Kingsmould|spd|1\n|faint|p1a: Hydra\n|\n|upkeep\n|\n|t:|1699479541\n|switch|p1a: The Hollow Knight|Scizor, F|100\/100\n|turn|22\n|\n|t:|1699479547\n|detailschange|p1a: The Hollow Knight|Scizor-Mega, F\n|-mega|p1a: The Hollow Knight|Scizor|Scizorite\n|move|p2a: Kingsmould|Close Combat|p1a: The Hollow Knight\n|-damage|p1a: The Hollow Knight|46\/100\n|-unboost|p2a: Kingsmould|def|1\n|-unboost|p2a: Kingsmould|spd|1\n|move|p1a: The Hollow Knight|Dual Wingbeat|p2a: Kingsmould\n|-supereffective|p2a: Kingsmould\n|-damage|p2a: Kingsmould|0 fnt\n|faint|p2a: Kingsmould\n|-hitcount|p2: Kingsmould|1\n|\n|upkeep\n|c|\u2606ILikeSalads|a\n|\n|t:|1699479555\n|switch|p2a: Sly|Victini, tera:Fire|84\/100\n|turn|23\n|\n|t:|1699479559\n|move|p2a: Sly|V-create|p1a: The Hollow Knight\n|-supereffective|p1a: The Hollow Knight\n|-damage|p1a: The Hollow Knight|0 fnt\n|-unboost|p2a: Sly|spe|1\n|-unboost|p2a: Sly|def|1\n|-unboost|p2a: Sly|spd|1\n|faint|p1a: The Hollow Knight\n|\n|win|Sammmmmmmmmmmmm\n|c|\u2606Sammmmmmmmmmmmm|ggs\n|c|\u2606ILikeSalads|gg\n","uploadtime":1699479564,"views":7,"p1id":"ilikesalads","p2id":"sammmmmmmmmmmmm","formatid":"gen9nationaldexubers","rating":0,"private":0,"password":""}