{"id":"gen9nationaldexubers-1989224310","p1":"chilarito","p2":"TRIPLE RILABOOM","format":"[Gen 9] National Dex Ubers","log":"|j|\u2606chilarito\n|j|\u2606TRIPLE RILABOOM\n|t:|1699825241\n|gametype|singles\n|player|p1|chilarito|169|1128\n|player|p2|TRIPLE RILABOOM|169|1060\n|teamsize|p1|6\n|teamsize|p2|6\n|gen|9\n|tier|[Gen 9] National Dex Ubers\n|rated|\n|rule|HP Percentage Mod: HP is shown in percentages\n|rule|Endless Battle Clause: Forcing endless battles is banned\n|rule|OHKO Clause: OHKO moves are banned\n|rule|Evasion Moves Clause: Evasion moves are banned\n|rule|Evasion Items Clause: Evasion items are banned\n|rule|Species Clause: Limit one of each Pok\u00e9mon\n|rule|Sleep Clause Mod: Limit one foe put to sleep\n|rule|Mega Rayquaza Clause: You cannot mega evolve Rayquaza\n|clearpoke\n|poke|p1|Decidueye, F|\n|poke|p1|Charizard, F|\n|poke|p1|Greninja-*, M|\n|poke|p1|Iron Valiant|\n|poke|p1|Ursaluna-Bloodmoon, M|\n|poke|p1|Duraludon, M|\n|poke|p2|Zarude|\n|poke|p2|Marshadow|\n|poke|p2|Orbeetle, F|\n|poke|p2|Darmanitan-Galar, M|\n|poke|p2|Gholdengo|\n|poke|p2|Xurkitree|\n|teampreview\n|\n|t:|1699825248\n|start\n|switch|p1a: Duraludon|Duraludon, M, shiny|100\/100\n|switch|p2a: Orbeetle|Orbeetle, F|100\/100\n|-item|p1a: Duraludon|Leftovers|[from] ability: Frisk|[of] p2a: Orbeetle|[identify]\n|turn|1\n|\n|t:|1699825256\n|move|p2a: Orbeetle|Sticky Web|p1a: Duraludon\n|-sidestart|p1: chilarito|move: Sticky Web\n|move|p1a: Duraludon|Thunder Wave|p2a: Orbeetle\n|-status|p2a: Orbeetle|par\n|\n|upkeep\n|turn|2\n|c|\u2606chilarito|your name is triple rillaboom\n|c|\u2606chilarito|where is the rillaboom\n|inactive|Battle timer is ON: inactive players will automatically lose when time's up. (requested by chilarito)\n|inactive|TRIPLE RILABOOM has 120 seconds left.\n|inactive|TRIPLE RILABOOM has 90 seconds left.\n|c|\u2606chilarito|hurry up\n|inactive|TRIPLE RILABOOM has 60 seconds left.\n|inactive|TRIPLE RILABOOM has 30 seconds left.\n|\n|t:|1699825411\n|move|p1a: Duraludon|Iron Defense|p1a: Duraludon\n|-boost|p1a: Duraludon|def|2\n|move|p2a: Orbeetle|Reflect|p2a: Orbeetle\n|-sidestart|p2: TRIPLE RILABOOM|Reflect\n|\n|upkeep\n|turn|3\n|c|\u2606TRIPLE RILABOOM|?\n|\n|t:|1699825421\n|move|p1a: Duraludon|Draco Meteor|p2a: Orbeetle\n|-damage|p2a: Orbeetle|57\/100 par\n|-unboost|p1a: Duraludon|spa|2\n|move|p2a: Orbeetle|Light Screen|p2a: Orbeetle\n|-sidestart|p2: TRIPLE RILABOOM|move: Light Screen\n|\n|upkeep\n|turn|4\n|inactive|TRIPLE RILABOOM has 90 seconds left.\n|\n|t:|1699825452\n|switch|p2a: Gholdengo|Gholdengo|100\/100\n|move|p1a: Duraludon|Heavy Slam|p2a: Gholdengo\n|-resisted|p2a: Gholdengo\n|-damage|p2a: Gholdengo|96\/100\n|\n|-heal|p2a: Gholdengo|100\/100|[from] item: Leftovers\n|upkeep\n|turn|5\n|\n|t:|1699825465\n|move|p2a: Gholdengo|Thunder Wave|p1a: Duraludon\n|-status|p1a: Duraludon|par\n|cant|p1a: Duraludon|par\n|\n|upkeep\n|turn|6\n|c|\u2606TRIPLE RILABOOM|hurry up?\n|\n|t:|1699825481\n|switch|p1a: Charizard|Charizard, F, shiny|100\/100\n|move|p2a: Gholdengo|Hex|p1a: Charizard\n|-damage|p1a: Charizard|47\/100\n|\n|upkeep\n|turn|7\n|inactive|chilarito has 120 seconds left.\n|c|\u2606TRIPLE RILABOOM|hurry up\n|\n|t:|1699825521\n|detailschange|p1a: Charizard|Charizard-Mega-Y, F, shiny\n|-mega|p1a: Charizard|Charizard|Charizardite Y\n|-weather|SunnyDay|[from] ability: Drought|[of] p1a: Charizard\n|move|p1a: Charizard|Weather Ball|p2a: Gholdengo\n|-supereffective|p2a: Gholdengo\n|-damage|p2a: Gholdengo|16\/100\n|move|p2a: Gholdengo|Hex|p1a: Charizard\n|-damage|p1a: Charizard|9\/100\n|\n|-weather|SunnyDay|[upkeep]\n|-heal|p2a: Gholdengo|22\/100|[from] item: Leftovers\n|upkeep\n|turn|8\n|\n|t:|1699825543\n|move|p1a: Charizard|Weather Ball|p2a: Gholdengo\n|-supereffective|p2a: Gholdengo\n|-damage|p2a: Gholdengo|0 fnt\n|faint|p2a: Gholdengo\n|\n|-weather|SunnyDay|[upkeep]\n|upkeep\n|\n|t:|1699825557\n|switch|p2a: Xurkitree|Xurkitree|100\/100\n|turn|9\n|\n|t:|1699825565\n|move|p1a: Charizard|Scorching Sands|p2a: Xurkitree\n|-supereffective|p2a: Xurkitree\n|-damage|p2a: Xurkitree|59\/100\n|move|p2a: Xurkitree|Hypnosis|p1a: Charizard\n|-status|p1a: Charizard|slp|[from] move: Hypnosis\n|\n|-weather|SunnyDay|[upkeep]\n|-sideend|p2: TRIPLE RILABOOM|Reflect\n|upkeep\n|turn|10\n|\n|t:|1699825572\n|switch|p1a: Iron Valiant|Iron Valiant, shiny|100\/100\n|-activate|p1a: Iron Valiant|move: Sticky Web\n|-unboost|p1a: Iron Valiant|spe|1\n|-enditem|p1a: Iron Valiant|Booster Energy\n|-activate|p1a: Iron Valiant|ability: Quark Drive|[fromitem]\n|-start|p1a: Iron Valiant|quarkdriveatk\n|move|p2a: Xurkitree|Tail Glow|p2a: Xurkitree\n|-boost|p2a: Xurkitree|spa|3\n|\n|-weather|SunnyDay|[upkeep]\n|-sideend|p2: TRIPLE RILABOOM|move: Light Screen\n|upkeep\n|turn|11\n|\n|t:|1699825590\n|-terastallize|p1a: Iron Valiant|Fairy\n|move|p2a: Xurkitree|Energy Ball|p1a: Iron Valiant\n|-damage|p1a: Iron Valiant|0 fnt\n|faint|p1a: Iron Valiant\n|-end|p1a: Iron Valiant|Quark Drive|[silent]\n|-ability|p2a: Xurkitree|Beast Boost|boost\n|-boost|p2a: Xurkitree|spa|1\n|\n|-weather|none\n|upkeep\n|\n|t:|1699825597\n|switch|p1a: Ursaluna|Ursaluna-Bloodmoon, M|100\/100\n|-activate|p1a: Ursaluna|move: Sticky Web\n|-unboost|p1a: Ursaluna|spe|1\n|turn|12\n|\n|t:|1699825603\n|move|p2a: Xurkitree|Energy Ball|p1a: Ursaluna\n|-supereffective|p1a: Ursaluna\n|-damage|p1a: Ursaluna|0 fnt\n|faint|p1a: Ursaluna\n|-ability|p2a: Xurkitree|Beast Boost|boost\n|-boost|p2a: Xurkitree|spa|1\n|\n|upkeep\n|\n|t:|1699825608\n|switch|p1a: Decidueye|Decidueye, F, shiny|100\/100\n|-activate|p1a: Decidueye|move: Sticky Web\n|-unboost|p1a: Decidueye|spe|1\n|turn|13\n|inactive|TRIPLE RILABOOM has 90 seconds left.\n|\n|t:|1699825615\n|move|p1a: Decidueye|Sucker Punch|p2a: Xurkitree\n|-damage|p2a: Xurkitree|25\/100\n|move|p2a: Xurkitree|Thunderbolt|p1a: Decidueye\n|-resisted|p1a: Decidueye\n|-damage|p1a: Decidueye|5\/100\n|\n|upkeep\n|turn|14\n|c|\u2606chilarito|nyoom\n|\n|t:|1699825622\n|move|p1a: Decidueye|Sucker Punch||[still]\n|-fail|p1a: Decidueye\n|move|p2a: Xurkitree|Tail Glow|p2a: Xurkitree\n|-boost|p2a: Xurkitree|spa|1\n|\n|upkeep\n|turn|15\n|\n|t:|1699825633\n|move|p1a: Decidueye|Sucker Punch||[still]\n|-fail|p1a: Decidueye\n|move|p2a: Xurkitree|Hypnosis|p1a: Decidueye\n|-message|Sleep Clause Mod activated.\n|-hint|Sleep Clause Mod prevents players from putting more than one of their opponent's Pok\u00e9mon to sleep at a time\n|\n|upkeep\n|turn|16\n|\n|t:|1699825643\n|move|p1a: Decidueye|Sucker Punch||[still]\n|-fail|p1a: Decidueye\n|move|p2a: Xurkitree|Hypnosis|p1a: Decidueye|[miss]\n|-miss|p2a: Xurkitree|p1a: Decidueye\n|\n|upkeep\n|turn|17\n|\n|t:|1699825650\n|move|p2a: Xurkitree|Hypnosis|p1a: Decidueye|[miss]\n|-miss|p2a: Xurkitree|p1a: Decidueye\n|move|p1a: Decidueye|Spirit Shackle|p2a: Xurkitree\n|-damage|p2a: Xurkitree|0 fnt\n|faint|p2a: Xurkitree\n|\n|upkeep\n|\n|t:|1699825662\n|switch|p2a: Orbeetle|Orbeetle, F|57\/100 par\n|-item|p1a: Decidueye|Decidium Z|[from] ability: Frisk|[of] p2a: Orbeetle|[identify]\n|turn|18\n|\n|t:|1699825670\n|move|p2a: Orbeetle|Psyshock|p1a: Decidueye\n|-damage|p1a: Decidueye|0 fnt\n|faint|p1a: Decidueye\n|\n|upkeep\n|\n|t:|1699825674\n|switch|p1a: Greninja|Greninja, M|100\/100\n|-activate|p1a: Greninja|move: Sticky Web\n|-unboost|p1a: Greninja|spe|1\n|turn|19\n|\n|t:|1699825682\n|move|p1a: Greninja|U-turn|p2a: Orbeetle\n|-supereffective|p2a: Orbeetle\n|-damage|p2a: Orbeetle|22\/100 par\n|\n|t:|1699825684\n|switch|p1a: Charizard|Charizard-Mega-Y, F, shiny|9\/100 slp|[from] U-turn\n|-weather|SunnyDay|[from] ability: Drought|[of] p1a: Charizard\n|move|p2a: Orbeetle|Psyshock|p1a: Charizard\n|-damage|p1a: Charizard|0 fnt\n|faint|p1a: Charizard\n|\n|-weather|SunnyDay|[upkeep]\n|upkeep\n|\n|t:|1699825691\n|switch|p1a: Greninja|Greninja, M|100\/100\n|-activate|p1a: Greninja|move: Sticky Web\n|-unboost|p1a: Greninja|spe|1\n|turn|20\n|\n|t:|1699825697\n|switch|p2a: Darmanitan|Darmanitan-Galar, M|100\/100\n|move|p1a: Greninja|Weather Ball|p2a: Darmanitan\n|-supereffective|p2a: Darmanitan\n|-damage|p2a: Darmanitan|0 fnt\n|faint|p2a: Darmanitan\n|-ability|p1a: Greninja|Battle Bond|boost\n|-boost|p1a: Greninja|atk|1\n|-boost|p1a: Greninja|spa|1\n|-boost|p1a: Greninja|spe|1\n|-activate|p1a: Greninja|ability: Battle Bond\n|\n|-weather|SunnyDay|[upkeep]\n|upkeep\n|c|\u2606chilarito|boom\n|\n|t:|1699825710\n|switch|p2a: Marshadow|Marshadow|100\/100\n|turn|21\n|c|\u2606TRIPLE RILABOOM|ok\n|\n|t:|1699825719\n|switch|p2a: Orbeetle|Orbeetle, F|22\/100 par\n|-item|p1a: Greninja|Expert Belt|[from] ability: Frisk|[of] p2a: Orbeetle|[identify]\n|move|p1a: Greninja|Haze|p1a: Greninja\n|-clearallboost\n|\n|-weather|SunnyDay|[upkeep]\n|upkeep\n|turn|22\n|\n|t:|1699825730\n|move|p1a: Greninja|U-turn|p2a: Orbeetle\n|-supereffective|p2a: Orbeetle\n|-crit|p2a: Orbeetle\n|-damage|p2a: Orbeetle|0 fnt\n|faint|p2a: Orbeetle\n|\n|t:|1699825734\n|switch|p1a: Duraludon|Duraludon, M, shiny|100\/100 par|[from] U-turn\n|-activate|p1a: Duraludon|move: Sticky Web\n|-unboost|p1a: Duraludon|spe|1\n|\n|-weather|SunnyDay|[upkeep]\n|upkeep\n|\n|t:|1699825741\n|switch|p2a: Marshadow|Marshadow|100\/100\n|turn|23\n|\n|t:|1699825745\n|move|p2a: Marshadow|Bulk Up|p2a: Marshadow\n|-boost|p2a: Marshadow|atk|1\n|-boost|p2a: Marshadow|def|1\n|move|p1a: Duraludon|Thunder Wave|p2a: Marshadow|[miss]\n|-miss|p1a: Duraludon|p2a: Marshadow\n|\n|-weather|none\n|upkeep\n|turn|24\n|\n|t:|1699825778\n|move|p2a: Marshadow|Bulk Up|p2a: Marshadow\n|-boost|p2a: Marshadow|atk|1\n|-boost|p2a: Marshadow|def|1\n|move|p1a: Duraludon|Thunder Wave|p2a: Marshadow\n|-status|p2a: Marshadow|par\n|\n|upkeep\n|turn|25\n|c|\u2606TRIPLE RILABOOM|hurry up\n|\n|t:|1699825788\n|move|p2a: Marshadow|Drain Punch|p1a: Duraludon\n|-supereffective|p1a: Duraludon\n|-damage|p1a: Duraludon|0 fnt\n|faint|p1a: Duraludon\n|\n|upkeep\n|\n|t:|1699825791\n|switch|p1a: Greninja|Greninja, M|100\/100\n|-activate|p1a: Greninja|move: Sticky Web\n|-unboost|p1a: Greninja|spe|1\n|turn|26\n|\n|t:|1699825798\n|move|p1a: Greninja|Haze|p1a: Greninja\n|-clearallboost\n|cant|p2a: Marshadow|par\n|\n|upkeep\n|turn|27\n|\n|t:|1699825806\n|move|p1a: Greninja|Water Shuriken|p2a: Marshadow\n|-damage|p2a: Marshadow|93\/100 par\n|-damage|p2a: Marshadow|84\/100 par\n|-hitcount|p2a: Marshadow|2\n|cant|p2a: Marshadow|par\n|\n|upkeep\n|turn|28\n|\n|t:|1699825814\n|move|p1a: Greninja|Water Shuriken|p2a: Marshadow\n|-damage|p2a: Marshadow|76\/100 par\n|-damage|p2a: Marshadow|68\/100 par\n|-damage|p2a: Marshadow|60\/100 par\n|-damage|p2a: Marshadow|53\/100 par\n|-damage|p2a: Marshadow|45\/100 par\n|-hitcount|p2a: Marshadow|5\n|move|p2a: Marshadow|Poison Jab|p1a: Greninja\n|-damage|p1a: Greninja|53\/100\n|\n|upkeep\n|turn|29\n|\n|t:|1699825827\n|move|p1a: Greninja|Water Shuriken|p2a: Marshadow\n|-damage|p2a: Marshadow|37\/100 par\n|-damage|p2a: Marshadow|29\/100 par\n|-damage|p2a: Marshadow|22\/100 par\n|-damage|p2a: Marshadow|13\/100 par\n|-damage|p2a: Marshadow|6\/100 par\n|-hitcount|p2a: Marshadow|5\n|cant|p2a: Marshadow|par\n|\n|upkeep\n|turn|30\n|c|\u2606TRIPLE RILABOOM|Uh oh\n|c|\u2606TRIPLE RILABOOM|Bruhhhh\n|\n|t:|1699825842\n|move|p1a: Greninja|Water Shuriken|p2a: Marshadow\n|-damage|p2a: Marshadow|0 fnt\n|faint|p2a: Marshadow\n|-hitcount|p2: Marshadow|1\n|\n|upkeep\n|\n|t:|1699825847\n|switch|p2a: Zarude|Zarude|100\/100\n|turn|31\n|\n|t:|1699825856\n|-terastallize|p2a: Zarude|Dark\n|move|p1a: Greninja|U-turn|p2a: Zarude\n|-supereffective|p2a: Zarude\n|-damage|p2a: Zarude|68\/100\n|move|p2a: Zarude|Darkest Lariat|p1a: Greninja\n|-resisted|p1a: Greninja\n|-damage|p1a: Greninja|6\/100\n|\n|-heal|p2a: Zarude|74\/100|[from] item: Leftovers\n|upkeep\n|turn|32\n|c|\u2606chilarito|bonk\n|c|\u2606chilarito|uh oh\n|c|\u2606chilarito|gg\n|c|\u2606TRIPLE RILABOOM|Gg\n|\n|t:|1699825871\n|move|p1a: Greninja|U-turn|p2a: Zarude\n|-supereffective|p2a: Zarude\n|-damage|p2a: Zarude|42\/100\n|move|p2a: Zarude|Darkest Lariat|p1a: Greninja\n|-resisted|p1a: Greninja\n|-crit|p1a: Greninja\n|-damage|p1a: Greninja|0 fnt\n|faint|p1a: Greninja\n|\n|win|TRIPLE RILABOOM\n|raw|chilarito's rating: 1111 &rarr; <strong>1082<\/strong><br \/>(-29 for losing)\n|raw|TRIPLE RILABOOM's rating: 1060 &rarr; <strong>1096<\/strong><br \/>(+36 for winning)\n|l|\u2606chilarito\n|c|\u2606TRIPLE RILABOOM|no need to say hurry up\n","uploadtime":1699825887,"views":10,"p1id":"chilarito","p2id":"triplerilaboom","formatid":"gen9nationaldexubers","rating":1082,"private":0,"password":""}