{"id":"gen9nationaldexubers-1998079385","p1":"Champion77","p2":"Lflagxoq","format":"[Gen 9] National Dex Ubers","log":"|j|\u2606Champion77\n|j|\u2606Lflagxoq\n|t:|1700887955\n|gametype|singles\n|player|p1|Champion77|1|1067\n|player|p2|Lflagxoq|102|1000\n|teamsize|p1|6\n|teamsize|p2|6\n|gen|9\n|tier|[Gen 9] National Dex Ubers\n|rated|\n|rule|HP Percentage Mod: HP is shown in percentages\n|rule|Endless Battle Clause: Forcing endless battles is banned\n|rule|OHKO Clause: OHKO moves are banned\n|rule|Evasion Moves Clause: Evasion moves are banned\n|rule|Evasion Items Clause: Evasion items are banned\n|rule|Species Clause: Limit one of each Pok\u00e9mon\n|rule|Sleep Clause Mod: Limit one foe put to sleep\n|rule|Mega Rayquaza Clause: You cannot mega evolve Rayquaza\n|clearpoke\n|poke|p1|Volcarona, F|\n|poke|p1|Lucario, F|\n|poke|p1|Tyranitar, F|\n|poke|p1|Milotic, M|\n|poke|p1|Garchomp, M|\n|poke|p1|Salamence, F|\n|poke|p2|Ferrothorn, M|\n|poke|p2|Dragapult, M|\n|poke|p2|Mimikyu, M|\n|poke|p2|Jolteon, M|\n|poke|p2|Jirachi|\n|poke|p2|Medicham, F|\n|teampreview\n|\n|t:|1700887960\n|start\n|switch|p1a: Volcarona|Volcarona, F|100\/100\n|switch|p2a: Ferrothorn|Ferrothorn, M|100\/100\n|turn|1\n|\n|t:|1700887969\n|move|p1a: Volcarona|Flamethrower|p2a: Ferrothorn\n|-supereffective|p2a: Ferrothorn\n|-damage|p2a: Ferrothorn|0 fnt\n|faint|p2a: Ferrothorn\n|\n|upkeep\n|\n|t:|1700887975\n|switch|p2a: Mimikyu|Mimikyu, M|100\/100\n|turn|2\n|\n|t:|1700887981\n|move|p2a: Mimikyu|Swords Dance|p2a: Mimikyu\n|-boost|p2a: Mimikyu|atk|2\n|move|p1a: Volcarona|Bug Buzz|p2a: Mimikyu\n|-activate|p2a: Mimikyu|ability: Disguise\n|-damage|p2a: Mimikyu|100\/100\n|detailschange|p2a: Mimikyu|Mimikyu-Busted, M\n|-damage|p2a: Mimikyu|88\/100|[from] pokemon: Mimikyu-Busted\n|\n|upkeep\n|turn|3\n|\n|t:|1700887994\n|move|p2a: Mimikyu|Shadow Sneak|p1a: Volcarona\n|-damage|p1a: Volcarona|45\/100\n|-damage|p2a: Mimikyu|78\/100|[from] item: Life Orb\n|move|p1a: Volcarona|Bug Buzz|p2a: Mimikyu\n|-resisted|p2a: Mimikyu\n|-damage|p2a: Mimikyu|64\/100\n|\n|upkeep\n|turn|4\n|\n|t:|1700888003\n|switch|p1a: Tyranitar|Tyranitar, F|100\/100\n|-weather|Sandstorm|[from] ability: Sand Stream|[of] p1a: Tyranitar\n|move|p2a: Mimikyu|Shadow Sneak|p1a: Tyranitar\n|-resisted|p1a: Tyranitar\n|-damage|p1a: Tyranitar|84\/100\n|-damage|p2a: Mimikyu|54\/100|[from] item: Life Orb\n|\n|-weather|Sandstorm|[upkeep]\n|-damage|p2a: Mimikyu|48\/100|[from] Sandstorm\n|upkeep\n|turn|5\n|\n|t:|1700888016\n|switch|p2a: Jirachi|Jirachi|100\/100\n|move|p1a: Tyranitar|Rock Blast|p2a: Jirachi\n|-resisted|p2a: Jirachi\n|-damage|p2a: Jirachi|94\/100\n|-resisted|p2a: Jirachi\n|-damage|p2a: Jirachi|88\/100\n|-resisted|p2a: Jirachi\n|-damage|p2a: Jirachi|83\/100\n|-resisted|p2a: Jirachi\n|-damage|p2a: Jirachi|77\/100\n|-resisted|p2a: Jirachi\n|-damage|p2a: Jirachi|71\/100\n|-hitcount|p2a: Jirachi|5\n|\n|-weather|Sandstorm|[upkeep]\n|upkeep\n|turn|6\n|\n|t:|1700888031\n|move|p2a: Jirachi|Iron Head|p1a: Tyranitar\n|-supereffective|p1a: Tyranitar\n|-damage|p1a: Tyranitar|30\/100\n|move|p1a: Tyranitar|Crunch|p2a: Jirachi\n|-supereffective|p2a: Jirachi\n|-damage|p2a: Jirachi|0 fnt\n|faint|p2a: Jirachi\n|\n|-weather|Sandstorm|[upkeep]\n|upkeep\n|\n|t:|1700888041\n|switch|p2a: Mimikyu|Mimikyu-Busted, M|48\/100\n|turn|7\n|\n|t:|1700888045\n|move|p2a: Mimikyu|Shadow Sneak|p1a: Tyranitar\n|-resisted|p1a: Tyranitar\n|-crit|p1a: Tyranitar\n|-damage|p1a: Tyranitar|18\/100\n|-damage|p2a: Mimikyu|38\/100|[from] item: Life Orb\n|move|p1a: Tyranitar|Rock Blast|p2a: Mimikyu\n|-damage|p2a: Mimikyu|17\/100\n|-damage|p2a: Mimikyu|0 fnt\n|faint|p2a: Mimikyu\n|-hitcount|p2: Mimikyu|2\n|\n|-weather|Sandstorm|[upkeep]\n|upkeep\n|\n|t:|1700888057\n|switch|p2a: Jolteon|Jolteon, M|100\/100\n|turn|8\n|\n|t:|1700888065\n|switch|p1a: Garchomp|Garchomp, M|100\/100\n|move|p2a: Jolteon|Shadow Ball|p1a: Garchomp\n|-damage|p1a: Garchomp|74\/100\n|-unboost|p1a: Garchomp|spd|1\n|-damage|p2a: Jolteon|91\/100|[from] item: Life Orb\n|\n|-weather|none\n|upkeep\n|turn|9\n|\n|t:|1700888077\n|move|p2a: Jolteon|Hidden Power|p1a: Garchomp\n|-supereffective|p1a: Garchomp\n|-damage|p1a: Garchomp|0 fnt\n|faint|p1a: Garchomp\n|-damage|p2a: Jolteon|81\/100|[from] item: Life Orb\n|\n|upkeep\n|\n|t:|1700888084\n|switch|p1a: Lucario|Lucario, F|100\/100\n|turn|10\n|\n|t:|1700888088\n|move|p1a: Lucario|Extreme Speed|p2a: Jolteon\n|-damage|p2a: Jolteon|40\/100\n|move|p2a: Jolteon|Shadow Ball|p1a: Lucario\n|-damage|p1a: Lucario|40\/100\n|-damage|p2a: Jolteon|30\/100|[from] item: Life Orb\n|\n|upkeep\n|turn|11\n|\n|t:|1700888098\n|move|p2a: Jolteon|Shadow Ball|p1a: Lucario\n|-damage|p1a: Lucario|0 fnt\n|faint|p1a: Lucario\n|-damage|p2a: Jolteon|20\/100|[from] item: Life Orb\n|\n|upkeep\n|\n|t:|1700888105\n|switch|p1a: Salamence|Salamence, F|100\/100\n|-ability|p1a: Salamence|Intimidate|boost\n|-unboost|p2a: Jolteon|atk|1\n|turn|12\n|\n|t:|1700888111\n|detailschange|p1a: Salamence|Salamence-Mega, F\n|-mega|p1a: Salamence|Salamence|Salamencite\n|move|p2a: Jolteon|Hidden Power|p1a: Salamence\n|-supereffective|p1a: Salamence\n|-damage|p1a: Salamence|0 fnt\n|faint|p1a: Salamence\n|-damage|p2a: Jolteon|10\/100|[from] item: Life Orb\n|\n|upkeep\n|-message|Champion77 forfeited.\n|\n|win|Lflagxoq\n|raw|Champion77's rating: 1067 &rarr; <strong>1043<\/strong><br \/>(-24 for losing)\n|raw|Lflagxoq's rating: 1000 &rarr; <strong>1048<\/strong><br \/>(+48 for winning)\n|l|\u2606Champion77\n","uploadtime":1700888133,"views":9,"p1id":"champion77","p2id":"lflagxoq","formatid":"gen9nationaldexubers","rating":1043,"private":0,"password":""}