{"id":"gen9nationaldexubers-1979178520","p1":"potential paradox","p2":"flamingwrench11234","format":"[Gen 9] National Dex Ubers","log":"|j|\u2606potential paradox\n|j|\u2606flamingwrench11234\n|t:|1698644989\n|gametype|singles\n|player|p1|potential paradox|boarder|1551\n|player|p2|flamingwrench11234|265|1653\n|teamsize|p1|6\n|teamsize|p2|6\n|gen|9\n|tier|[Gen 9] National Dex Ubers\n|rated|\n|rule|HP Percentage Mod: HP is shown in percentages\n|rule|Endless Battle Clause: Forcing endless battles is banned\n|rule|OHKO Clause: OHKO moves are banned\n|rule|Evasion Moves Clause: Evasion moves are banned\n|rule|Evasion Items Clause: Evasion items are banned\n|rule|Species Clause: Limit one of each Pok\u00e9mon\n|rule|Sleep Clause Mod: Limit one foe put to sleep\n|rule|Mega Rayquaza Clause: You cannot mega evolve Rayquaza\n|clearpoke\n|poke|p1|Shuckle, M|\n|poke|p1|Groudon|\n|poke|p1|Arceus-Ghost|\n|poke|p1|Salamence, M|\n|poke|p1|Xerneas-*|\n|poke|p1|Yveltal|\n|poke|p2|Ditto|\n|poke|p2|Xerneas-*|\n|poke|p2|Yveltal|\n|poke|p2|Ho-Oh|\n|poke|p2|Groudon|\n|poke|p2|Arceus|\n|teampreview\n|inactive|Battle timer is ON: inactive players will automatically lose when time's up. (requested by potential paradox)\n|\n|t:|1698644999\n|start\n|switch|p1a: Groudon|Groudon|100\/100\n|switch|p2a: Yveltal|Yveltal|100\/100\n|-ability|p2a: Yveltal|Dark Aura\n|detailschange|p1a: Groudon|Groudon-Primal\n|-primal|p1a: Groudon|Red Orb\n|-weather|DesolateLand|[from] ability: Desolate Land|[of] p1a: Groudon\n|turn|1\n|\n|t:|1698645010\n|-terastallize|p2a: Yveltal|Dark\n|move|p1a: Groudon|Heat Crash|p2a: Yveltal\n|-damage|p2a: Yveltal|10\/100\n|move|p2a: Yveltal|Dark Pulse|p1a: Groudon\n|-damage|p1a: Groudon|0 fnt\n|faint|p1a: Groudon\n|-weather|none\n|-damage|p2a: Yveltal|0 fnt|[from] item: Life Orb\n|faint|p2a: Yveltal\n|\n|upkeep\n|\n|t:|1698645023\n|switch|p1a: Salamence|Salamence, M|100\/100\n|switch|p2a: Arceus|Arceus|100\/100\n|-ability|p1a: Salamence|Intimidate|boost\n|-unboost|p2a: Arceus|atk|1\n|turn|2\n|\n|t:|1698645039\n|switch|p2a: Groudon|Groudon|100\/100\n|detailschange|p2a: Groudon|Groudon-Primal\n|-primal|p2a: Groudon|Red Orb\n|-weather|DesolateLand|[from] ability: Desolate Land|[of] p2a: Groudon\n|detailschange|p1a: Salamence|Salamence-Mega, M\n|-mega|p1a: Salamence|Salamence|Salamencite\n|move|p1a: Salamence|Double-Edge|p2a: Groudon\n|-damage|p2a: Groudon|51\/100\n|-damage|p1a: Salamence|81\/100|[from] Recoil\n|\n|-weather|DesolateLand|[upkeep]\n|upkeep\n|turn|3\n|\n|t:|1698645044\n|move|p1a: Salamence|Earthquake|p2a: Groudon\n|-supereffective|p2a: Groudon\n|-crit|p2a: Groudon\n|-damage|p2a: Groudon|0 fnt\n|faint|p2a: Groudon\n|-weather|none\n|\n|upkeep\n|\n|t:|1698645051\n|switch|p2a: Xerneas|Xerneas|100\/100\n|-ability|p2a: Xerneas|Fairy Aura\n|turn|4\n|\n|t:|1698645060\n|move|p1a: Salamence|Double-Edge|p2a: Xerneas\n|-damage|p2a: Xerneas|29\/100\n|-damage|p1a: Salamence|52\/100|[from] Recoil\n|move|p2a: Xerneas|Geomancy||[still]\n|-prepare|p2a: Xerneas|Geomancy\n|-enditem|p2a: Xerneas|Power Herb\n|-anim|p2a: Xerneas|Geomancy|p2a: Xerneas\n|-boost|p2a: Xerneas|spa|2\n|-boost|p2a: Xerneas|spd|2\n|-boost|p2a: Xerneas|spe|2\n|\n|upkeep\n|turn|5\n|\n|t:|1698645071\n|move|p2a: Xerneas|Moonblast|p1a: Salamence\n|-supereffective|p1a: Salamence\n|-crit|p1a: Salamence\n|-damage|p1a: Salamence|0 fnt\n|faint|p1a: Salamence\n|\n|upkeep\n|\n|t:|1698645073\n|switch|p1a: Shuckle|Shuckle, M|100\/100\n|turn|6\n|\n|t:|1698645078\n|move|p2a: Xerneas|Substitute|p2a: Xerneas\n|-start|p2a: Xerneas|Substitute\n|-damage|p2a: Xerneas|4\/100\n|move|p1a: Shuckle|Final Gambit|p2a: Xerneas\n|-end|p2a: Xerneas|Substitute\n|faint|p1a: Shuckle\n|\n|upkeep\n|\n|t:|1698645081\n|switch|p1a: Arceus|Arceus-Ghost|100\/100\n|turn|7\n|\n|t:|1698645091\n|move|p1a: Arceus|Extreme Speed|p2a: Xerneas\n|-damage|p2a: Xerneas|0 fnt\n|faint|p2a: Xerneas\n|\n|upkeep\n|\n|t:|1698645102\n|switch|p2a: Ho-Oh|Ho-Oh|100\/100\n|turn|8\n|\n|t:|1698645108\n|-zpower|p1a: Arceus\n|move|p1a: Arceus|Never-Ending Nightmare|p2a: Ho-Oh|[zeffect]\n|-damage|p2a: Ho-Oh|33\/100\n|move|p2a: Ho-Oh|Sacred Fire|p1a: Arceus\n|-damage|p1a: Arceus|67\/100\n|\n|upkeep\n|turn|9\n|\n|t:|1698645117\n|switch|p1a: Yveltal|Yveltal|100\/100\n|-ability|p1a: Yveltal|Dark Aura\n|switch|p2a: Arceus|Arceus|100\/100\n|\n|upkeep\n|turn|10\n|\n|t:|1698645120\n|move|p2a: Arceus|Swords Dance|p2a: Arceus\n|-boost|p2a: Arceus|atk|2\n|move|p1a: Yveltal|Dark Pulse|p2a: Arceus\n|-damage|p2a: Arceus|59\/100\n|\n|upkeep\n|turn|11\n|\n|t:|1698645127\n|-terastallize|p1a: Yveltal|Steel\n|move|p2a: Arceus|Extreme Speed|p1a: Yveltal\n|-resisted|p1a: Yveltal\n|-damage|p1a: Yveltal|63\/100\n|move|p1a: Yveltal|Dark Pulse|p2a: Arceus\n|-damage|p2a: Arceus|19\/100\n|\n|upkeep\n|turn|12\n|\n|t:|1698645133\n|move|p2a: Arceus|Recover|p2a: Arceus\n|-heal|p2a: Arceus|69\/100\n|move|p1a: Yveltal|Oblivion Wing|p2a: Arceus\n|-damage|p2a: Arceus|36\/100\n|-heal|p1a: Yveltal|87\/100|[from] drain|[of] p2a: Arceus\n|\n|upkeep\n|turn|13\n|\n|t:|1698645142\n|move|p2a: Arceus|Earthquake|p1a: Yveltal\n|-supereffective|p1a: Yveltal\n|-damage|p1a: Yveltal|0 fnt\n|faint|p1a: Yveltal\n|\n|upkeep\n|\n|t:|1698645147\n|switch|p1a: Arceus|Arceus-Ghost|67\/100\n|turn|14\n|\n|t:|1698645151\n|move|p1a: Arceus|Brick Break|p2a: Arceus\n|-supereffective|p2a: Arceus\n|-damage|p2a: Arceus|1\/100\n|move|p2a: Arceus|Recover|p2a: Arceus\n|-heal|p2a: Arceus|52\/100\n|\n|upkeep\n|turn|15\n|\n|t:|1698645155\n|move|p1a: Arceus|Dragon Dance|p1a: Arceus\n|-boost|p1a: Arceus|atk|1\n|-boost|p1a: Arceus|spe|1\n|move|p2a: Arceus|Earthquake|p1a: Arceus\n|-damage|p1a: Arceus|8\/100\n|\n|upkeep\n|turn|16\n|\n|t:|1698645158\n|move|p1a: Arceus|Brick Break|p2a: Arceus\n|-supereffective|p2a: Arceus\n|-damage|p2a: Arceus|0 fnt\n|faint|p2a: Arceus\n|\n|upkeep\n|\n|t:|1698645160\n|switch|p2a: Ditto|Ditto|100\/100\n|-transform|p2a: Ditto|p1a: Arceus|[from] ability: Imposter\n|turn|17\n|\n|t:|1698645164\n|move|p2a: Ditto|Shadow Force||[still]\n|-prepare|p2a: Ditto|Shadow Force\n|move|p1a: Arceus|Shadow Force||[still]\n|-prepare|p1a: Arceus|Shadow Force\n|\n|upkeep\n|turn|18\n|\n|t:|1698645167\n|move|p2a: Ditto|Shadow Force|p1a: Arceus|[from]lockedmove|[miss]\n|-miss|p2a: Ditto|p1a: Arceus\n|move|p1a: Arceus|Shadow Force|p2a: Ditto|[from]lockedmove\n|-supereffective|p2a: Ditto\n|-damage|p2a: Ditto|0 fnt\n|faint|p2a: Ditto\n|\n|upkeep\n|\n|t:|1698645171\n|switch|p2a: Ho-Oh|Ho-Oh|66\/100\n|turn|19\n|\n|t:|1698645178\n|move|p1a: Arceus|Shadow Force||[still]\n|-prepare|p1a: Arceus|Shadow Force\n|move|p2a: Ho-Oh|Sacred Fire|p1a: Arceus|[miss]\n|-miss|p2a: Ho-Oh|p1a: Arceus\n|\n|upkeep\n|turn|20\n|-message|flamingwrench11234 forfeited.\n|\n|win|potential paradox\n|raw|potential paradox's rating: 1551 &rarr; <strong>1577<\/strong><br \/>(+26 for winning)\n|raw|flamingwrench11234's rating: 1653 &rarr; <strong>1627<\/strong><br \/>(-26 for losing)\n|l|\u2606flamingwrench11234\n|l|\u2606potential paradox\n","uploadtime":1698645252,"views":12,"p1id":"potentialparadox","p2id":"flamingwrench11234","formatid":"gen9nationaldexubers","rating":1577,"private":0,"password":""}