{"id":"gen9nationaldexubers-1988105452","p1":"bananaszn","p2":"I like Glaceon yay","format":"[Gen 9] National Dex Ubers","log":"|j|\u2606bananaszn\n|j|\u2606I like Glaceon yay\n|t:|1699670176\n|gametype|singles\n|player|p1|bananaszn|brycen|\n|player|p2|I like Glaceon yay|pokekid|\n|teamsize|p1|6\n|teamsize|p2|6\n|gen|9\n|tier|[Gen 9] National Dex Ubers\n|rule|HP Percentage Mod: HP is shown in percentages\n|rule|Endless Battle Clause: Forcing endless battles is banned\n|rule|OHKO Clause: OHKO moves are banned\n|rule|Evasion Moves Clause: Evasion moves are banned\n|rule|Evasion Items Clause: Evasion items are banned\n|rule|Species Clause: Limit one of each Pok\u00e9mon\n|rule|Sleep Clause Mod: Limit one foe put to sleep\n|rule|Mega Rayquaza Clause: You cannot mega evolve Rayquaza\n|clearpoke\n|poke|p1|Cloyster, F|\n|poke|p1|Cinccino, F|\n|poke|p1|Toucannon, M|\n|poke|p1|Ambipom, F|\n|poke|p1|Blaziken, F|\n|poke|p1|Espathra, F|\n|poke|p2|Necrozma-Dawn-Wings|\n|poke|p2|Arceus-Flying|\n|poke|p2|Zacian-*|\n|poke|p2|Charizard, F|\n|poke|p2|Groudon|\n|poke|p2|Xerneas-*|\n|teampreview\n|c|\u2606I like Glaceon yay|Spicy\n|c|\u2606I like Glaceon yay|This is\n|c|\u2606bananaszn|HE HE HE HA\n|c|\u2606I like Glaceon yay|?\n|c|\u2606bananaszn|i cook\n|\n|t:|1699670221\n|start\n|switch|p1a: Ambipom|Ambipom, F|100\/100\n|switch|p2a: RUN FROM DOG|Zacian-Crowned, shiny|100\/100\n|-ability|p2a: RUN FROM DOG|Intrepid Sword|boost\n|-boost|p2a: RUN FROM DOG|atk|1\n|turn|1\n|\n|t:|1699670225\n|move|p1a: Ambipom|Fake Out|p2a: RUN FROM DOG\n|-resisted|p2a: RUN FROM DOG\n|-damage|p2a: RUN FROM DOG|86\/100\n|cant|p2a: RUN FROM DOG|flinch\n|\n|upkeep\n|turn|2\n|\n|t:|1699670239\n|switch|p1a: Blaziken|Blaziken, F|100\/100\n|move|p2a: RUN FROM DOG|Swords Dance|p2a: RUN FROM DOG\n|-boost|p2a: RUN FROM DOG|atk|2\n|\n|upkeep\n|turn|3\n|\n|t:|1699670244\n|detailschange|p1a: Blaziken|Blaziken-Mega, F\n|-mega|p1a: Blaziken|Blaziken|Blazikenite\n|-terastallize|p2a: RUN FROM DOG|Fighting\n|move|p2a: RUN FROM DOG|Swords Dance|p2a: RUN FROM DOG\n|-boost|p2a: RUN FROM DOG|atk|2\n|move|p1a: Blaziken|Blaze Kick|p2a: RUN FROM DOG\n|-damage|p2a: RUN FROM DOG|42\/100\n|\n|-ability|p1a: Blaziken|Speed Boost|boost\n|-boost|p1a: Blaziken|spe|1\n|upkeep\n|turn|4\n|\n|t:|1699670259\n|move|p1a: Blaziken|Close Combat|p2a: RUN FROM DOG\n|-damage|p2a: RUN FROM DOG|0 fnt\n|-unboost|p1a: Blaziken|def|1\n|-unboost|p1a: Blaziken|spd|1\n|faint|p2a: RUN FROM DOG\n|\n|-ability|p1a: Blaziken|Speed Boost|boost\n|-boost|p1a: Blaziken|spe|1\n|upkeep\n|\n|t:|1699670265\n|switch|p2a: FLY THING FLY|Arceus-Flying|100\/100\n|turn|5\n|c|\u2606bananaszn|we chill\n|c|\u2606I like Glaceon yay|NOOOO\n|c|\u2606bananaszn|YESSS\n|\n|t:|1699670272\n|move|p1a: Blaziken|Toxic|p2a: FLY THING FLY|[miss]\n|-miss|p1a: Blaziken|p2a: FLY THING FLY\n|move|p2a: FLY THING FLY|Judgment|p1a: Blaziken\n|-supereffective|p1a: Blaziken\n|-crit|p1a: Blaziken\n|-damage|p1a: Blaziken|0 fnt\n|faint|p1a: Blaziken\n|\n|upkeep\n|\n|t:|1699670277\n|switch|p1a: Ambipom|Ambipom, F|100\/100\n|turn|6\n|c|\u2606I like Glaceon yay|BYE\n|\n|t:|1699670283\n|move|p1a: Ambipom|Fake Out|p2a: FLY THING FLY\n|-damage|p2a: FLY THING FLY|81\/100\n|cant|p2a: FLY THING FLY|flinch\n|\n|upkeep\n|turn|7\n|c|\u2606bananaszn|HI\n|c|\u2606I like Glaceon yay|DIE\n|c|\u2606bananaszn|NO\n|\n|t:|1699670294\n|switch|p1a: Espathra|Espathra, F|100\/100\n|move|p2a: FLY THING FLY|Spacial Rend|p1a: Espathra\n|-damage|p1a: Espathra|61\/100\n|\n|upkeep\n|turn|8\n|c|\u2606I like Glaceon yay|YES\n|\n|t:|1699670304\n|move|p1a: Espathra|Lumina Crash|p2a: FLY THING FLY\n|-damage|p2a: FLY THING FLY|59\/100\n|-unboost|p2a: FLY THING FLY|spd|2\n|move|p2a: FLY THING FLY|Judgment|p1a: Espathra\n|-damage|p1a: Espathra|0 fnt\n|faint|p1a: Espathra\n|\n|upkeep\n|\n|t:|1699670311\n|switch|p1a: Ambipom|Ambipom, F|100\/100\n|turn|9\n|c|\u2606I like Glaceon yay|MAYBE\n|\n|t:|1699670320\n|switch|p2a: SO FAST|Xerneas|100\/100\n|-ability|p2a: SO FAST|Fairy Aura\n|move|p1a: Ambipom|Fake Out|p2a: SO FAST\n|-damage|p2a: SO FAST|84\/100\n|\n|upkeep\n|turn|10\n|\n|t:|1699670328\n|move|p1a: Ambipom|Hone Claws|p1a: Ambipom\n|-boost|p1a: Ambipom|atk|1\n|-boost|p1a: Ambipom|accuracy|1\n|move|p2a: SO FAST|Geomancy||[still]\n|-prepare|p2a: SO FAST|Geomancy\n|-enditem|p2a: SO FAST|Power Herb\n|-anim|p2a: SO FAST|Geomancy|p2a: SO FAST\n|-boost|p2a: SO FAST|spa|2\n|-boost|p2a: SO FAST|spd|2\n|-boost|p2a: SO FAST|spe|2\n|\n|upkeep\n|turn|11\n|\n|t:|1699670335\n|-terastallize|p1a: Ambipom|Normal\n|move|p2a: SO FAST|Moonblast|p1a: Ambipom\n|-damage|p1a: Ambipom|0 fnt\n|faint|p1a: Ambipom\n|\n|upkeep\n|c|\u2606bananaszn|woah\n|c|\u2606I like Glaceon yay|sweeps\n|\n|t:|1699670346\n|switch|p1a: Cinccino|Cinccino, F|100\/100\n|turn|12\n|c|\u2606bananaszn|yea\n|\n|t:|1699670351\n|move|p1a: Cinccino|Toxic|p2a: SO FAST\n|-status|p2a: SO FAST|tox\n|move|p2a: SO FAST|Moonblast|p1a: Cinccino\n|-damage|p1a: Cinccino|0 fnt\n|faint|p1a: Cinccino\n|\n|-damage|p2a: SO FAST|78\/100 tox|[from] psn\n|upkeep\n|\n|t:|1699670355\n|switch|p1a: Cloyster|Cloyster, F|100\/100\n|turn|13\n|\n|t:|1699670357\n|move|p2a: SO FAST|Protect|p2a: SO FAST\n|-singleturn|p2a: SO FAST|Protect\n|move|p1a: Cloyster|Protect||[still]\n|-fail|p1a: Cloyster\n|\n|-damage|p2a: SO FAST|65\/100 tox|[from] psn\n|upkeep\n|turn|14\n|\n|t:|1699670364\n|move|p1a: Cloyster|Protect|p1a: Cloyster\n|-singleturn|p1a: Cloyster|Protect\n|move|p2a: SO FAST|Moonblast|p1a: Cloyster\n|-activate|p1a: Cloyster|move: Protect\n|\n|-damage|p2a: SO FAST|47\/100 tox|[from] psn\n|upkeep\n|turn|15\n|\n|t:|1699670367\n|move|p2a: SO FAST|Moonblast|p1a: Cloyster\n|-damage|p1a: Cloyster|0 fnt\n|faint|p1a: Cloyster\n|\n|-damage|p2a: SO FAST|22\/100 tox|[from] psn\n|upkeep\n|\n|t:|1699670370\n|switch|p1a: Toucannon|Toucannon, M|100\/100\n|turn|16\n|\n|t:|1699670375\n|switch|p2a: Pink|Necrozma-Dawn-Wings, shiny|100\/100\n|move|p1a: Toucannon|Brave Bird|p2a: Pink\n|-damage|p2a: Pink|1\/100\n|-damage|p1a: Toucannon|70\/100|[from] Recoil\n|\n|upkeep\n|turn|17\n|c|\u2606bananaszn|WOAH\n|c|\u2606I like Glaceon yay|1 HP\n|c|\u2606bananaszn|no way\n|c|\u2606I like Glaceon yay|I DONT HAVE FOCUS SASH\n|c|\u2606I like Glaceon yay|HOLY\n|c|\u2606I like Glaceon yay|1\/335\n|c|\u2606bananaszn|definitely one brave bird\n|c|\u2606I like Glaceon yay|Ye\n|c|\u2606bananaszn|i wanna show u smth\n|\n|t:|1699670437\n|detailschange|p2a: Pink|Necrozma-Ultra, shiny\n|-burst|p2a: Pink|Necrozma|Ultranecrozium Z\n|move|p2a: Pink|Photon Geyser|p1a: Toucannon\n|-damage|p1a: Toucannon|0 fnt\n|faint|p1a: Toucannon\n|\n|win|I like Glaceon yay\n|c|\u2606bananaszn|make a defensive chansey\n|c|\u2606bananaszn|w max hp and def\n|c|\u2606I like Glaceon yay|Evilot\n|c|\u2606bananaszn|nah\n|c|\u2606bananaszn|chansey\n|c|\u2606bananaszn|its fully evolved\n|c|\u2606I like Glaceon yay|!dt Evilot\n|error|No Pok\u00e9mon, item, move, ability or nature named 'Evilot' was found. (Check your spelling?)\n|c|\u2606I like Glaceon yay|thats blissey\n|c|\u2606bananaszn|oh wait\n|c|\u2606bananaszn|nvm\n|c|\u2606bananaszn|yea\n|c|\u2606bananaszn|eviolite\n|c|\u2606I like Glaceon yay|!dt Eviolote\nNo Pok\u00e9mon, item, move, ability or nature named 'Eviolote' was found. Showing the data of 'Eviolite' instead.\n|raw|<ul class=\"utilichart\"><li class=\"result\"><span class=\"col itemiconcol\"><psicon item=\"eviolite\"><\/span> <span class=\"col namecol\"><a href=\"https:\/\/dex.pokemonshowdown.com\/items\/eviolite\">Eviolite<\/a><\/span> <span class=\"col itemdesccol\">If holder's species can evolve, its Defense and Sp. Def are 1.5x.<\/span> <\/li><li style=\"clear:both\"><\/li><\/ul>\n|raw|<font size=\"1\"><font color=\"#686868\">Gen:<\/font> 5&nbsp;|&ThickSpace;<font color=\"#686868\">Fling Base Power:<\/font> 40<\/font>\n\n|c|\u2606I like Glaceon yay|\u2026\n|c|\u2606I like Glaceon yay|maybr\n|c|\u2606I like Glaceon yay|1 hp\n|c|\u2606bananaszn|alr make the chansey\n|c|\u2606bananaszn|js that\n|c|\u2606I like Glaceon yay|ok\n|c|\u2606bananaszn|ill show u smth hilarious\n|l|\u2606bananaszn\n","uploadtime":1699670815,"views":5,"p1id":"bananaszn","p2id":"ilikeglaceonyay","formatid":"gen9nationaldexubers","rating":0,"private":0,"password":""}