{"id":"gen9nationaldexubers-1985040367","p1":"XxsasoriGX","p2":"KingoftheTitans","format":"[Gen 9] National Dex Ubers","log":"|j|\u2606XxsasoriGX\n|j|\u2606KingoftheTitans\n|t:|1699323656\n|gametype|singles\n|player|p1|XxsasoriGX|blue|1161\n|player|p2|KingoftheTitans|2|1273\n|teamsize|p1|6\n|teamsize|p2|6\n|gen|9\n|tier|[Gen 9] National Dex Ubers\n|rated|\n|rule|HP Percentage Mod: HP is shown in percentages\n|rule|Endless Battle Clause: Forcing endless battles is banned\n|rule|OHKO Clause: OHKO moves are banned\n|rule|Evasion Moves Clause: Evasion moves are banned\n|rule|Evasion Items Clause: Evasion items are banned\n|rule|Species Clause: Limit one of each Pok\u00e9mon\n|rule|Sleep Clause Mod: Limit one foe put to sleep\n|rule|Mega Rayquaza Clause: You cannot mega evolve Rayquaza\n|clearpoke\n|poke|p1|Garchomp, M|\n|poke|p1|Alakazam, M|\n|poke|p1|Zekrom|\n|poke|p1|Lucario, M|\n|poke|p1|Inteleon, M|\n|poke|p1|Corviknight, M|\n|poke|p2|Baxcalibur, M|\n|poke|p2|Iron Valiant|\n|poke|p2|Serperior, F|\n|poke|p2|Tyranitar, M|\n|poke|p2|Kleavor, M|\n|poke|p2|Urshifu-*, M|\n|teampreview\n|inactive|Battle timer is ON: inactive players will automatically lose when time's up. (requested by XxsasoriGX)\n|\n|t:|1699323669\n|start\n|switch|p1a: Lucario|Lucario, M|100\/100\n|switch|p2a: Kleavor|Kleavor, M|100\/100\n|turn|1\n|\n|t:|1699323677\n|detailschange|p1a: Lucario|Lucario-Mega, M\n|-mega|p1a: Lucario|Lucario|Lucarionite\n|move|p1a: Lucario|Swords Dance|p1a: Lucario\n|-boost|p1a: Lucario|atk|2\n|move|p2a: Kleavor|Stone Axe|p1a: Lucario\n|-resisted|p1a: Lucario\n|-damage|p1a: Lucario|83\/100\n|-sidestart|p1: XxsasoriGX|move: Stealth Rock\n|\n|upkeep\n|turn|2\n|\n|t:|1699323686\n|move|p1a: Lucario|Close Combat|p2a: Kleavor\n|-enditem|p2a: Kleavor|Focus Sash\n|-damage|p2a: Kleavor|1\/100\n|-unboost|p1a: Lucario|def|1\n|-unboost|p1a: Lucario|spd|1\n|move|p2a: Kleavor|Close Combat|p1a: Lucario\n|-supereffective|p1a: Lucario\n|-damage|p1a: Lucario|0 fnt\n|-unboost|p2a: Kleavor|def|1\n|-unboost|p2a: Kleavor|spd|1\n|faint|p1a: Lucario\n|\n|upkeep\n|\n|t:|1699323701\n|switch|p1a: Corviknight|Corviknight, M|100\/100\n|-damage|p1a: Corviknight|88\/100|[from] Stealth Rock\n|turn|3\n|\n|t:|1699323706\n|move|p2a: Kleavor|Tailwind|p2a: Kleavor\n|-sidestart|p2: KingoftheTitans|move: Tailwind\n|move|p1a: Corviknight|Body Press|p2a: Kleavor\n|-crit|p2a: Kleavor\n|-damage|p2a: Kleavor|0 fnt\n|faint|p2a: Kleavor\n|\n|upkeep\n|\n|t:|1699323714\n|switch|p2a: Iron Valiant|Iron Valiant|100\/100\n|-enditem|p2a: Iron Valiant|Booster Energy\n|-activate|p2a: Iron Valiant|ability: Quark Drive|[fromitem]\n|-start|p2a: Iron Valiant|quarkdrivespe\n|turn|4\n|\n|t:|1699323719\n|move|p2a: Iron Valiant|Thunderbolt|p1a: Corviknight\n|-supereffective|p1a: Corviknight\n|-damage|p1a: Corviknight|27\/100\n|move|p1a: Corviknight|Bulk Up|p1a: Corviknight\n|-boost|p1a: Corviknight|atk|1\n|-boost|p1a: Corviknight|def|1\n|\n|upkeep\n|turn|5\n|\n|t:|1699323725\n|move|p2a: Iron Valiant|Thunderbolt|p1a: Corviknight\n|-supereffective|p1a: Corviknight\n|-damage|p1a: Corviknight|0 fnt\n|faint|p1a: Corviknight\n|\n|upkeep\n|\n|t:|1699323735\n|switch|p1a: Alakazam|Alakazam, M|100\/100\n|turn|6\n|\n|t:|1699323743\n|move|p2a: Iron Valiant|Shadow Ball|p1a: Alakazam\n|-supereffective|p1a: Alakazam\n|-damage|p1a: Alakazam|30\/100\n|move|p1a: Alakazam|Psychic|p2a: Iron Valiant\n|-supereffective|p2a: Iron Valiant\n|-damage|p2a: Iron Valiant|0 fnt\n|faint|p2a: Iron Valiant\n|-end|p2a: Iron Valiant|Quark Drive|[silent]\n|\n|-sideend|p2: KingoftheTitans|move: Tailwind\n|upkeep\n|\n|t:|1699323751\n|switch|p2a: Urshifu|Urshifu, M|100\/100\n|turn|7\n|\n|t:|1699323758\n|move|p2a: Urshifu|Wicked Blow|p1a: Alakazam\n|-supereffective|p1a: Alakazam\n|-crit|p1a: Alakazam\n|-damage|p1a: Alakazam|0 fnt\n|faint|p1a: Alakazam\n|\n|upkeep\n|\n|t:|1699323765\n|switch|p1a: Zekrom|Zekrom|100\/100\n|-damage|p1a: Zekrom|88\/100|[from] Stealth Rock\n|-ability|p1a: Zekrom|Teravolt\n|turn|8\n|\n|t:|1699323770\n|move|p2a: Urshifu|Wicked Blow|p1a: Zekrom\n|-crit|p1a: Zekrom\n|-damage|p1a: Zekrom|37\/100\n|move|p1a: Zekrom|Dragon Dance|p1a: Zekrom\n|-boost|p1a: Zekrom|atk|1\n|-boost|p1a: Zekrom|spe|1\n|\n|upkeep\n|turn|9\n|\n|t:|1699323777\n|move|p2a: Urshifu|Wicked Blow|p1a: Zekrom\n|-crit|p1a: Zekrom\n|-damage|p1a: Zekrom|0 fnt\n|faint|p1a: Zekrom\n|\n|upkeep\n|\n|t:|1699323782\n|switch|p1a: Inteleon|Inteleon, M|100\/100\n|-damage|p1a: Inteleon|88\/100|[from] Stealth Rock\n|turn|10\n|\n|t:|1699323788\n|move|p2a: Urshifu|Wicked Blow|p1a: Inteleon\n|-crit|p1a: Inteleon\n|-damage|p1a: Inteleon|0 fnt\n|faint|p1a: Inteleon\n|\n|upkeep\n|\n|t:|1699323793\n|switch|p1a: Garchomp|Garchomp, M|100\/100\n|-damage|p1a: Garchomp|94\/100|[from] Stealth Rock\n|turn|11\n|\n|t:|1699323807\n|switch|p2a: Serperior|Serperior, F|100\/100\n|move|p1a: Garchomp|Scale Shot|p2a: Serperior\n|-damage|p2a: Serperior|83\/100\n|-damage|p2a: Serperior|66\/100\n|-damage|p2a: Serperior|50\/100\n|-damage|p2a: Serperior|35\/100\n|-hitcount|p2a: Serperior|4\n|-unboost|p1a: Garchomp|def|1\n|-boost|p1a: Garchomp|spe|1\n|\n|-heal|p2a: Serperior|41\/100|[from] item: Leftovers\n|upkeep\n|turn|12\n|\n|t:|1699323821\n|-terastallize|p1a: Garchomp|Steel\n|move|p1a: Garchomp|Swords Dance|p1a: Garchomp\n|-boost|p1a: Garchomp|atk|2\n|move|p2a: Serperior|Dragon Pulse|p1a: Garchomp\n|-resisted|p1a: Garchomp\n|-damage|p1a: Garchomp|83\/100\n|\n|-heal|p2a: Serperior|47\/100|[from] item: Leftovers\n|upkeep\n|turn|13\n|\n|t:|1699323833\n|-terastallize|p2a: Serperior|Fire\n|move|p1a: Garchomp|Iron Head|p2a: Serperior\n|-resisted|p2a: Serperior\n|-damage|p2a: Serperior|0 fnt\n|faint|p2a: Serperior\n|\n|upkeep\n|\n|t:|1699323842\n|switch|p2a: Urshifu|Urshifu, M|100\/100\n|turn|14\n|\n|t:|1699323848\n|move|p1a: Garchomp|Scale Shot|p2a: Urshifu\n|-damage|p2a: Urshifu|74\/100\n|-damage|p2a: Urshifu|49\/100\n|-damage|p2a: Urshifu|24\/100\n|-damage|p2a: Urshifu|0 fnt\n|faint|p2a: Urshifu\n|-hitcount|p2: Urshifu|4\n|-unboost|p1a: Garchomp|def|1\n|-boost|p1a: Garchomp|spe|1\n|\n|upkeep\n|\n|t:|1699323859\n|switch|p2a: Tyranitar|Tyranitar, M|100\/100\n|-weather|Sandstorm|[from] ability: Sand Stream|[of] p2a: Tyranitar\n|turn|15\n|\n|t:|1699323868\n|detailschange|p2a: Tyranitar|Tyranitar-Mega, M\n|-mega|p2a: Tyranitar|Tyranitar|Tyranitarite\n|move|p1a: Garchomp|Scale Shot|p2a: Tyranitar\n|-damage|p2a: Tyranitar|83\/100\n|-damage|p2a: Tyranitar|66\/100\n|-damage|p2a: Tyranitar|47\/100\n|-damage|p2a: Tyranitar|29\/100\n|-damage|p2a: Tyranitar|10\/100\n|-hitcount|p2a: Tyranitar|5\n|-unboost|p1a: Garchomp|def|1\n|-boost|p1a: Garchomp|spe|1\n|move|p2a: Tyranitar|Earthquake|p1a: Garchomp\n|-supereffective|p1a: Garchomp\n|-damage|p1a: Garchomp|0 fnt\n|faint|p1a: Garchomp\n|\n|win|KingoftheTitans\n|raw|XxsasoriGX's rating: 1161 &rarr; <strong>1144<\/strong><br \/>(-17 for losing)\n|raw|KingoftheTitans's rating: 1273 &rarr; <strong>1290<\/strong><br \/>(+17 for winning)\n|c|\u2606KingoftheTitans|You had loaded dice?\n|l|\u2606XxsasoriGX\n|c|\u2606KingoftheTitans|But no EQ?\n","uploadtime":1699323893,"views":6,"p1id":"xxsasorigx","p2id":"kingofthetitans","formatid":"gen9nationaldexubers","rating":1144,"private":0,"password":""}