{"id":"gen9nationaldexubers-1993483594","p1":"sonic1098","p2":"I Thought Ukraine","format":"[Gen 9] National Dex Ubers","log":"|j|\u2606sonic1098\n|j|\u203dI Thought Ukraine\n|t:|1700323365\n|gametype|singles\n|player|p1|sonic1098|red|1166\n|player|p2|I Thought Ukraine|170|1159\n|teamsize|p1|6\n|teamsize|p2|6\n|gen|9\n|tier|[Gen 9] National Dex Ubers\n|rated|\n|rule|HP Percentage Mod: HP is shown in percentages\n|rule|Endless Battle Clause: Forcing endless battles is banned\n|rule|OHKO Clause: OHKO moves are banned\n|rule|Evasion Moves Clause: Evasion moves are banned\n|rule|Evasion Items Clause: Evasion items are banned\n|rule|Species Clause: Limit one of each Pok\u00e9mon\n|rule|Sleep Clause Mod: Limit one foe put to sleep\n|rule|Mega Rayquaza Clause: You cannot mega evolve Rayquaza\n|clearpoke\n|poke|p1|Charizard, F|\n|poke|p1|Togekiss, F|\n|poke|p1|Tyranitar, F|\n|poke|p1|Toxapex, F|\n|poke|p1|Marshadow|\n|poke|p1|Dragonite, F|\n|poke|p2|Deoxys-Speed|\n|poke|p2|Blissey, F|\n|poke|p2|Groudon|\n|poke|p2|Ho-Oh|\n|poke|p2|Giratina-Origin|\n|poke|p2|Toxapex, F|\n|teampreview\n|\n|t:|1700323372\n|start\n|switch|p1a: Tyranitar|Tyranitar, F|100\/100\n|switch|p2a: Ho-Oh|Ho-Oh|100\/100\n|-weather|Sandstorm|[from] ability: Sand Stream|[of] p1a: Tyranitar\n|turn|1\n|\n|t:|1700323387\n|switch|p2a: Groudon|Groudon|100\/100\n|detailschange|p2a: Groudon|Groudon-Primal\n|-primal|p2a: Groudon|Red Orb\n|-weather|DesolateLand|[from] ability: Desolate Land|[of] p2a: Groudon\n|move|p1a: Tyranitar|Stealth Rock|p2a: Groudon\n|-sidestart|p2: I Thought Ukraine|move: Stealth Rock\n|\n|-weather|DesolateLand|[upkeep]\n|upkeep\n|turn|2\n|inactive|Battle timer is ON: inactive players will automatically lose when time's up. (requested by I Thought Ukraine)\n|\n|t:|1700323397\n|-weather|none\n|switch|p2a: Toxapex|Toxapex, F|100\/100\n|-damage|p2a: Toxapex|88\/100|[from] Stealth Rock\n|move|p1a: Tyranitar|Earthquake|p2a: Toxapex\n|-supereffective|p2a: Toxapex\n|-damage|p2a: Toxapex|45\/100\n|\n|upkeep\n|turn|3\n|\n|t:|1700323409\n|switch|p2a: Giratina|Giratina-Origin|100\/100\n|-damage|p2a: Giratina|88\/100|[from] Stealth Rock\n|move|p1a: Tyranitar|Earthquake|p2a: Giratina\n|-immune|p2a: Giratina|[from] ability: Levitate\n|\n|upkeep\n|turn|4\n|\n|t:|1700323415\n|move|p1a: Tyranitar|Crunch|p2a: Giratina\n|-supereffective|p2a: Giratina\n|-damage|p2a: Giratina|25\/100\n|move|p2a: Giratina|Draco Meteor|p1a: Tyranitar\n|-damage|p1a: Tyranitar|19\/100\n|-unboost|p2a: Giratina|spa|2\n|\n|upkeep\n|turn|5\n|\n|t:|1700323421\n|switch|p2a: Toxapex|Toxapex, F|78\/100\n|-damage|p2a: Toxapex|66\/100|[from] Stealth Rock\n|move|p1a: Tyranitar|Crunch|p2a: Toxapex\n|-damage|p2a: Toxapex|39\/100\n|-damage|p1a: Tyranitar|2\/100|[from] item: Rocky Helmet|[of] p2a: Toxapex\n|\n|upkeep\n|turn|6\n|\n|t:|1700323427\n|switch|p2a: Giratina|Giratina-Origin|25\/100\n|-damage|p2a: Giratina|12\/100|[from] Stealth Rock\n|move|p1a: Tyranitar|Crunch|p2a: Giratina\n|-supereffective|p2a: Giratina\n|-damage|p2a: Giratina|0 fnt\n|faint|p2a: Giratina\n|\n|upkeep\n|\n|t:|1700323434\n|switch|p2a: Ho-Oh|Ho-Oh|100\/100\n|turn|7\n|\n|t:|1700323442\n|switch|p2a: Toxapex|Toxapex, F|72\/100\n|-damage|p2a: Toxapex|60\/100|[from] Stealth Rock\n|move|p1a: Tyranitar|Rock Slide|p2a: Toxapex\n|-damage|p2a: Toxapex|33\/100\n|\n|upkeep\n|turn|8\n|\n|t:|1700323450\n|move|p1a: Tyranitar|Rock Slide|p2a: Toxapex|[miss]\n|-miss|p1a: Tyranitar|p2a: Toxapex\n|move|p2a: Toxapex|Toxic|p1a: Tyranitar\n|-status|p1a: Tyranitar|tox\n|\n|-damage|p1a: Tyranitar|0 fnt|[from] psn\n|faint|p1a: Tyranitar\n|upkeep\n|\n|t:|1700323457\n|switch|p1a: Dragonite|Dragonite, F|100\/100\n|turn|9\n|\n|t:|1700323478\n|switch|p2a: Ho-Oh|Ho-Oh|100\/100\n|move|p1a: Dragonite|Dragon Dance|p1a: Dragonite\n|-boost|p1a: Dragonite|atk|1\n|-boost|p1a: Dragonite|spe|1\n|\n|upkeep\n|turn|10\n|\n|t:|1700323495\n|-terastallize|p1a: Dragonite|Dragon\n|move|p1a: Dragonite|Dragon Dance|p1a: Dragonite\n|-boost|p1a: Dragonite|atk|1\n|-boost|p1a: Dragonite|spe|1\n|move|p2a: Ho-Oh|Whirlwind|p1a: Dragonite\n|drag|p1a: Charizard|Charizard, F|100\/100\n|\n|upkeep\n|turn|11\n|\n|t:|1700323512\n|detailschange|p1a: Charizard|Charizard-Mega-Y, F\n|-mega|p1a: Charizard|Charizard|Charizardite Y\n|-weather|SunnyDay|[from] ability: Drought|[of] p1a: Charizard\n|move|p1a: Charizard|Air Slash|p2a: Ho-Oh\n|-damage|p2a: Ho-Oh|76\/100\n|cant|p2a: Ho-Oh|flinch\n|\n|-weather|SunnyDay|[upkeep]\n|upkeep\n|turn|12\n|\n|t:|1700323519\n|move|p1a: Charizard|Air Slash|p2a: Ho-Oh\n|-damage|p2a: Ho-Oh|50\/100\n|move|p2a: Ho-Oh|Defog|p1a: Charizard\n|-unboost|p1a: Charizard|evasion|1\n|-sideend|p2: I Thought Ukraine|Stealth Rock|[from] move: Defog|[of] p2a: Ho-Oh\n|\n|-weather|SunnyDay|[upkeep]\n|upkeep\n|turn|13\n|\n|t:|1700323525\n|switch|p2a: Blissey|Blissey, F|100\/100\n|move|p1a: Charizard|Air Slash|p2a: Blissey\n|-damage|p2a: Blissey|87\/100\n|\n|-weather|SunnyDay|[upkeep]\n|-heal|p2a: Blissey|94\/100|[from] item: Leftovers\n|upkeep\n|turn|14\n|\n|t:|1700323531\n|switch|p1a: Marshadow|Marshadow|100\/100\n|move|p2a: Blissey|Wish|p2a: Blissey\n|\n|-weather|SunnyDay|[upkeep]\n|-heal|p2a: Blissey|99\/100|[from] item: Leftovers\n|upkeep\n|turn|15\n|\n|t:|1700323535\n|switch|p2a: Toxapex|Toxapex, F|67\/100\n|move|p1a: Marshadow|Bulk Up|p1a: Marshadow\n|-boost|p1a: Marshadow|atk|1\n|-boost|p1a: Marshadow|def|1\n|\n|-weather|none\n|-heal|p2a: Toxapex|100\/100|[from] move: Wish|[wisher] Blissey\n|upkeep\n|turn|16\n|\n|t:|1700323541\n|move|p1a: Marshadow|Close Combat|p2a: Toxapex\n|-resisted|p2a: Toxapex\n|-damage|p2a: Toxapex|61\/100\n|-unboost|p1a: Marshadow|def|1\n|-unboost|p1a: Marshadow|spd|1\n|-damage|p1a: Marshadow|84\/100|[from] item: Rocky Helmet|[of] p2a: Toxapex\n|-damage|p1a: Marshadow|74\/100|[from] item: Life Orb\n|move|p2a: Toxapex|Haze|p2a: Toxapex\n|-clearallboost\n|\n|upkeep\n|turn|17\n|\n|t:|1700323564\n|switch|p1a: Toxapex|Toxapex, F|100\/100\n|move|p2a: Toxapex|Toxic|p1a: Toxapex\n|-immune|p1a: Toxapex\n|\n|upkeep\n|turn|18\n|\n|t:|1700323571\n|move|p2a: Toxapex|Toxic Spikes|p1a: Toxapex\n|-sidestart|p1: sonic1098|move: Toxic Spikes\n|move|p1a: Toxapex|Scald|p2a: Toxapex\n|-resisted|p2a: Toxapex\n|-damage|p2a: Toxapex|54\/100\n|\n|upkeep\n|turn|19\n|\n|t:|1700323576\n|move|p2a: Toxapex|Recover|p2a: Toxapex\n|-heal|p2a: Toxapex|100\/100\n|move|p1a: Toxapex|Scald|p2a: Toxapex\n|-resisted|p2a: Toxapex\n|-damage|p2a: Toxapex|93\/100\n|\n|upkeep\n|turn|20\n|\n|t:|1700323587\n|move|p1a: Toxapex|Scald|p2a: Toxapex\n|-resisted|p2a: Toxapex\n|-damage|p2a: Toxapex|86\/100\n|move|p2a: Toxapex|Toxic Spikes|p1a: Toxapex\n|-sidestart|p1: sonic1098|move: Toxic Spikes\n|\n|upkeep\n|turn|21\n|\n|t:|1700323591\n|switch|p2a: Groudon|Groudon-Primal|100\/100\n|-weather|DesolateLand|[from] ability: Desolate Land|[of] p2a: Groudon\n|move|p1a: Toxapex|Scald||[still]\n|-fail|p1a: Toxapex|Scald|[from] Desolate Land\n|\n|-weather|DesolateLand|[upkeep]\n|upkeep\n|turn|22\n|\n|t:|1700323607\n|-weather|none\n|switch|p2a: Toxapex|Toxapex, F|100\/100\n|move|p1a: Toxapex|Baneful Bunker||[still]\n|-fail|p1a: Toxapex\n|\n|upkeep\n|turn|23\n|\n|t:|1700323623\n|switch|p1a: Charizard|Charizard-Mega-Y, F|100\/100\n|-weather|SunnyDay|[from] ability: Drought|[of] p1a: Charizard\n|move|p2a: Toxapex|Toxic|p1a: Charizard\n|-status|p1a: Charizard|tox\n|\n|-weather|SunnyDay|[upkeep]\n|-damage|p1a: Charizard|94\/100 tox|[from] psn\n|upkeep\n|turn|24\n|\n|t:|1700323629\n|switch|p2a: Blissey|Blissey, F|99\/100\n|move|p1a: Charizard|Solar Beam||[still]\n|-prepare|p1a: Charizard|Solar Beam\n|-anim|p1a: Charizard|Solar Beam|p2a: Blissey\n|-damage|p2a: Blissey|86\/100\n|\n|-weather|SunnyDay|[upkeep]\n|-heal|p2a: Blissey|92\/100|[from] item: Leftovers\n|-damage|p1a: Charizard|82\/100 tox|[from] psn\n|upkeep\n|turn|25\n|\n|t:|1700323636\n|switch|p1a: Toxapex|Toxapex, F|100\/100\n|-sideend|p1: sonic1098|move: Toxic Spikes|[of] p1a: Toxapex\n|move|p2a: Blissey|Wish|p2a: Blissey\n|\n|-weather|SunnyDay|[upkeep]\n|-heal|p2a: Blissey|98\/100|[from] item: Leftovers\n|upkeep\n|turn|26\n|\n|t:|1700323642\n|switch|p2a: Toxapex|Toxapex, F|100\/100\n|move|p1a: Toxapex|Scald|p2a: Toxapex\n|-resisted|p2a: Toxapex\n|-damage|p2a: Toxapex|98\/100\n|\n|-weather|SunnyDay|[upkeep]\n|-heal|p2a: Toxapex|100\/100|[from] move: Wish|[wisher] Blissey\n|upkeep\n|turn|27\n|\n|t:|1700323648\n|move|p1a: Toxapex|Scald|p2a: Toxapex\n|-resisted|p2a: Toxapex\n|-damage|p2a: Toxapex|97\/100\n|-status|p2a: Toxapex|brn\n|move|p2a: Toxapex|Toxic Spikes|p1a: Toxapex\n|-sidestart|p1: sonic1098|move: Toxic Spikes\n|\n|-weather|none\n|-damage|p2a: Toxapex|91\/100 brn|[from] brn\n|upkeep\n|turn|28\n|\n|t:|1700323660\n|switch|p1a: Togekiss|Togekiss, F|100\/100\n|move|p2a: Toxapex|Toxic Spikes|p1a: Togekiss\n|-sidestart|p1: sonic1098|move: Toxic Spikes\n|\n|-damage|p2a: Toxapex|85\/100 brn|[from] brn\n|upkeep\n|turn|29\n|\n|t:|1700323670\n|switch|p1a: Charizard|Charizard-Mega-Y, F|82\/100 tox\n|-weather|SunnyDay|[from] ability: Drought|[of] p1a: Charizard\n|switch|p2a: Blissey|Blissey, F|98\/100\n|\n|-weather|SunnyDay|[upkeep]\n|-heal|p2a: Blissey|100\/100|[from] item: Leftovers\n|-damage|p1a: Charizard|76\/100 tox|[from] psn\n|upkeep\n|turn|30\n|\n|t:|1700323677\n|move|p1a: Charizard|Flamethrower|p2a: Blissey\n|-damage|p2a: Blissey|75\/100\n|move|p2a: Blissey|Aromatherapy|p2a: Blissey\n|-activate|p2a: Blissey|move: Aromatherapy\n|-curestatus|p2: Toxapex|brn|[msg]\n|\n|-weather|SunnyDay|[upkeep]\n|-heal|p2a: Blissey|81\/100|[from] item: Leftovers\n|-damage|p1a: Charizard|64\/100 tox|[from] psn\n|upkeep\n|turn|31\n|\n|t:|1700323683\n|switch|p1a: Toxapex|Toxapex, F|100\/100\n|-sideend|p1: sonic1098|move: Toxic Spikes|[of] p1a: Toxapex\n|move|p2a: Blissey|Confide|p1a: Toxapex\n|-unboost|p1a: Toxapex|spa|1\n|\n|-weather|SunnyDay|[upkeep]\n|-heal|p2a: Blissey|87\/100|[from] item: Leftovers\n|upkeep\n|turn|32\n|\n|t:|1700323689\n|switch|p2a: Groudon|Groudon-Primal|100\/100\n|-weather|DesolateLand|[from] ability: Desolate Land|[of] p2a: Groudon\n|move|p1a: Toxapex|Toxic|p2a: Groudon\n|-status|p2a: Groudon|tox\n|\n|-weather|DesolateLand|[upkeep]\n|-damage|p2a: Groudon|94\/100 tox|[from] psn\n|upkeep\n|turn|33\n|\n|t:|1700323697\n|-weather|none\n|switch|p2a: Blissey|Blissey, F|87\/100\n|switch|p1a: Togekiss|Togekiss, F|100\/100\n|\n|-heal|p2a: Blissey|93\/100|[from] item: Leftovers\n|upkeep\n|turn|34\n|\n|t:|1700323703\n|move|p1a: Togekiss|Aura Sphere|p2a: Blissey\n|-supereffective|p2a: Blissey\n|-damage|p2a: Blissey|76\/100\n|move|p2a: Blissey|Aromatherapy|p2a: Blissey\n|-activate|p2a: Blissey|move: Aromatherapy\n|-curestatus|p2: Groudon|tox|[msg]\n|\n|-heal|p2a: Blissey|82\/100|[from] item: Leftovers\n|upkeep\n|turn|35\n|\n|t:|1700323712\n|switch|p1a: Marshadow|Marshadow|74\/100\n|move|p2a: Blissey|Wish|p2a: Blissey\n|\n|-heal|p2a: Blissey|88\/100|[from] item: Leftovers\n|upkeep\n|turn|36\n|\n|t:|1700323720\n|switch|p2a: Toxapex|Toxapex, F|100\/100\n|move|p1a: Marshadow|Bulk Up|p1a: Marshadow\n|-boost|p1a: Marshadow|atk|1\n|-boost|p1a: Marshadow|def|1\n|\n|upkeep\n|turn|37\n|\n|t:|1700323724\n|move|p1a: Marshadow|Spectral Thief|p2a: Toxapex\n|-damage|p2a: Toxapex|46\/100\n|-damage|p1a: Marshadow|58\/100|[from] item: Rocky Helmet|[of] p2a: Toxapex\n|-damage|p1a: Marshadow|48\/100|[from] item: Life Orb\n|move|p2a: Toxapex|Haze|p2a: Toxapex\n|-clearallboost\n|\n|upkeep\n|turn|38\n|\n|t:|1700323733\n|move|p1a: Marshadow|Spectral Thief|p2a: Toxapex\n|-damage|p2a: Toxapex|6\/100\n|-damage|p1a: Marshadow|31\/100|[from] item: Rocky Helmet|[of] p2a: Toxapex\n|-damage|p1a: Marshadow|21\/100|[from] item: Life Orb\n|move|p2a: Toxapex|Toxic|p1a: Marshadow\n|-status|p1a: Marshadow|tox\n|\n|-damage|p1a: Marshadow|15\/100 tox|[from] psn\n|upkeep\n|turn|39\n|\n|t:|1700323741\n|switch|p2a: Ho-Oh|Ho-Oh|84\/100\n|move|p1a: Marshadow|Spectral Thief|p2a: Ho-Oh\n|-damage|p2a: Ho-Oh|43\/100\n|-damage|p1a: Marshadow|5\/100 tox|[from] item: Life Orb\n|\n|-damage|p1a: Marshadow|0 fnt|[from] psn\n|faint|p1a: Marshadow\n|upkeep\n|\n|t:|1700323752\n|switch|p1a: Dragonite|Dragonite, F, tera:Dragon|100\/100\n|turn|40\n|\n|t:|1700323756\n|move|p1a: Dragonite|Dragon Dance|p1a: Dragonite\n|-boost|p1a: Dragonite|atk|1\n|-boost|p1a: Dragonite|spe|1\n|move|p2a: Ho-Oh|Sacred Fire|p1a: Dragonite\n|-resisted|p1a: Dragonite\n|-damage|p1a: Dragonite|78\/100\n|-status|p1a: Dragonite|brn\n|\n|-heal|p1a: Dragonite|84\/100 brn|[from] item: Leftovers\n|-damage|p1a: Dragonite|78\/100 brn|[from] brn\n|upkeep\n|turn|41\n|\n|t:|1700323763\n|move|p1a: Dragonite|Extreme Speed|p2a: Ho-Oh\n|-damage|p2a: Ho-Oh|30\/100\n|move|p2a: Ho-Oh|Whirlwind|p1a: Dragonite\n|drag|p1a: Togekiss|Togekiss, F|100\/100\n|\n|upkeep\n|turn|42\n|\n|t:|1700323768\n|switch|p2a: Blissey|Blissey, F|88\/100\n|move|p1a: Togekiss|Dazzling Gleam|p2a: Blissey\n|-damage|p2a: Blissey|75\/100\n|\n|-heal|p2a: Blissey|82\/100|[from] item: Leftovers\n|upkeep\n|turn|43\n|\n|t:|1700323775\n|switch|p1a: Toxapex|Toxapex, F|100\/100\n|move|p2a: Blissey|Wish|p2a: Blissey\n|\n|-heal|p2a: Blissey|88\/100|[from] item: Leftovers\n|upkeep\n|turn|44\n|\n|t:|1700323780\n|switch|p2a: Toxapex|Toxapex, F|39\/100\n|move|p1a: Toxapex|Toxic|p2a: Toxapex\n|-immune|p2a: Toxapex\n|\n|-heal|p2a: Toxapex|100\/100|[from] move: Wish|[wisher] Blissey\n|upkeep\n|turn|45\n|\n|t:|1700323792\n|switch|p1a: Togekiss|Togekiss, F|100\/100\n|move|p2a: Toxapex|Toxic|p1a: Togekiss\n|-status|p1a: Togekiss|tox\n|\n|-damage|p1a: Togekiss|94\/100 tox|[from] psn\n|upkeep\n|turn|46\n|\n|t:|1700323800\n|switch|p1a: Toxapex|Toxapex, F|100\/100\n|switch|p2a: Blissey|Blissey, F|88\/100\n|\n|-heal|p2a: Blissey|94\/100|[from] item: Leftovers\n|upkeep\n|turn|47\n|\n|t:|1700323804\n|move|p2a: Blissey|Wish|p2a: Blissey\n|move|p1a: Toxapex|Toxic|p2a: Blissey\n|-status|p2a: Blissey|tox\n|\n|-heal|p2a: Blissey|99\/100 tox|[from] item: Leftovers\n|-damage|p2a: Blissey|94\/100 tox|[from] psn\n|upkeep\n|turn|48\n|\n|t:|1700323811\n|-curestatus|p2a: Blissey|tox|[from] ability: Natural Cure\n|switch|p2a: Ho-Oh|Ho-Oh|63\/100\n|move|p1a: Toxapex|Toxic|p2a: Ho-Oh\n|-status|p2a: Ho-Oh|tox\n|\n|-heal|p2a: Ho-Oh|100\/100 tox|[from] move: Wish|[wisher] Blissey\n|-damage|p2a: Ho-Oh|94\/100 tox|[from] psn\n|upkeep\n|turn|49\n|\n|t:|1700323817\n|switch|p2a: Blissey|Blissey, F|94\/100\n|move|p1a: Toxapex|Scald|p2a: Blissey\n|-damage|p2a: Blissey|89\/100\n|\n|-heal|p2a: Blissey|95\/100|[from] item: Leftovers\n|upkeep\n|turn|50\n|\n|t:|1700323822\n|move|p2a: Blissey|Aromatherapy|p2a: Blissey\n|-activate|p2a: Blissey|move: Aromatherapy\n|-curestatus|p2: Ho-Oh|tox|[msg]\n|move|p1a: Toxapex|Toxic|p2a: Blissey\n|-status|p2a: Blissey|tox\n|\n|-heal|p2a: Blissey|100\/100 tox|[from] item: Leftovers\n|-damage|p2a: Blissey|94\/100 tox|[from] psn\n|upkeep\n|turn|51\n|c|\u2606sonic1098|So annoying\n|\n|t:|1700323845\n|-curestatus|p2a: Blissey|tox|[from] ability: Natural Cure\n|switch|p2a: Toxapex|Toxapex, F|100\/100\n|move|p1a: Toxapex|Toxic|p2a: Toxapex\n|-immune|p2a: Toxapex\n|\n|upkeep\n|turn|52\n|\n|t:|1700323857\n|switch|p1a: Dragonite|Dragonite, F, tera:Dragon|78\/100 brn\n|move|p2a: Toxapex|Toxic Spikes|p1a: Dragonite\n|-sidestart|p1: sonic1098|move: Toxic Spikes\n|\n|-heal|p1a: Dragonite|84\/100 brn|[from] item: Leftovers\n|-damage|p1a: Dragonite|78\/100 brn|[from] brn\n|upkeep\n|turn|53\n|\n|t:|1700323862\n|switch|p1a: Toxapex|Toxapex, F|100\/100\n|-sideend|p1: sonic1098|move: Toxic Spikes|[of] p1a: Toxapex\n|move|p2a: Toxapex|Haze|p2a: Toxapex\n|-clearallboost\n|\n|upkeep\n|turn|54\n|\n|t:|1700323874\n|move|p1a: Toxapex|Toxic|p2a: Toxapex\n|-immune|p2a: Toxapex\n|move|p2a: Toxapex|Toxic Spikes|p1a: Toxapex\n|-sidestart|p1: sonic1098|move: Toxic Spikes\n|\n|upkeep\n|turn|55\n|\n|t:|1700323891\n|switch|p1a: Dragonite|Dragonite, F, tera:Dragon|78\/100 brn\n|move|p2a: Toxapex|Haze|p2a: Toxapex\n|-clearallboost\n|\n|-heal|p1a: Dragonite|84\/100 brn|[from] item: Leftovers\n|-damage|p1a: Dragonite|78\/100 brn|[from] brn\n|upkeep\n|turn|56\n|\n|t:|1700323900\n|switch|p1a: Toxapex|Toxapex, F|100\/100\n|-sideend|p1: sonic1098|move: Toxic Spikes|[of] p1a: Toxapex\n|switch|p2a: Deoxys|Deoxys-Speed|100\/100\n|-ability|p2a: Deoxys|Pressure\n|\n|upkeep\n|turn|57\n|\n|t:|1700323908\n|move|p2a: Deoxys|Stealth Rock|p1a: Toxapex\n|-sidestart|p1: sonic1098|move: Stealth Rock\n|move|p1a: Toxapex|Toxic|p2a: Deoxys\n|-status|p2a: Deoxys|tox\n|\n|-damage|p2a: Deoxys|95\/100 tox|[from] psn\n|upkeep\n|turn|58\n|\n|t:|1700323913\n|move|p2a: Deoxys|Spikes|p1a: Toxapex\n|-sidestart|p1: sonic1098|Spikes\n|move|p1a: Toxapex|Scald|p2a: Deoxys\n|-damage|p2a: Deoxys|73\/100 tox\n|\n|-damage|p2a: Deoxys|61\/100 tox|[from] psn\n|upkeep\n|turn|59\n|\n|t:|1700323919\n|switch|p2a: Blissey|Blissey, F|94\/100\n|move|p1a: Toxapex|Scald|p2a: Blissey\n|-damage|p2a: Blissey|89\/100\n|\n|-heal|p2a: Blissey|95\/100|[from] item: Leftovers\n|upkeep\n|turn|60\n|\n|t:|1700323928\n|move|p2a: Blissey|Aromatherapy|p2a: Blissey\n|-activate|p2a: Blissey|move: Aromatherapy\n|-curestatus|p2: Deoxys|tox|[msg]\n|move|p1a: Toxapex|Toxic|p2a: Blissey\n|-status|p2a: Blissey|tox\n|\n|-heal|p2a: Blissey|100\/100 tox|[from] item: Leftovers\n|-damage|p2a: Blissey|94\/100 tox|[from] psn\n|upkeep\n|turn|61\n|\n|t:|1700323941\n|move|p2a: Blissey|Wish|p2a: Blissey\n|move|p1a: Toxapex|Scald|p2a: Blissey\n|-damage|p2a: Blissey|89\/100 tox\n|\n|-heal|p2a: Blissey|96\/100 tox|[from] item: Leftovers\n|-damage|p2a: Blissey|83\/100 tox|[from] psn\n|upkeep\n|turn|62\n|\n|t:|1700323946\n|-curestatus|p2a: Blissey|tox|[from] ability: Natural Cure\n|switch|p2a: Deoxys|Deoxys-Speed|61\/100\n|-ability|p2a: Deoxys|Pressure\n|move|p1a: Toxapex|Toxic|p2a: Deoxys\n|-status|p2a: Deoxys|tox\n|\n|-heal|p2a: Deoxys|100\/100 tox|[from] move: Wish|[wisher] Blissey\n|-damage|p2a: Deoxys|95\/100 tox|[from] psn\n|upkeep\n|turn|63\n|\n|t:|1700323953\n|move|p2a: Deoxys|Spikes|p1a: Toxapex\n|-sidestart|p1: sonic1098|Spikes\n|move|p1a: Toxapex|Scald|p2a: Deoxys\n|-damage|p2a: Deoxys|73\/100 tox\n|\n|-damage|p2a: Deoxys|61\/100 tox|[from] psn\n|upkeep\n|turn|64\n|c|\u2606sonic1098|Bro you suck\n|\n|t:|1700323968\n|move|p2a: Deoxys|Skill Swap|p1a: Toxapex\n|-activate|p2a: Deoxys|move: Skill Swap|Limber|Pressure|[of] p1a: Toxapex\n|-ability|p1a: Toxapex|Pressure\n|move|p1a: Toxapex|Scald|p2a: Deoxys\n|-damage|p2a: Deoxys|41\/100 tox\n|\n|-damage|p2a: Deoxys|23\/100 tox|[from] psn\n|upkeep\n|turn|65\n|\n|t:|1700323979\n|switch|p2a: Blissey|Blissey, F|83\/100\n|move|p1a: Toxapex|Scald|p2a: Blissey\n|-damage|p2a: Blissey|79\/100\n|\n|-heal|p2a: Blissey|85\/100|[from] item: Leftovers\n|upkeep\n|turn|66\n|\n|t:|1700323993\n|move|p2a: Blissey|Aromatherapy|p2a: Blissey\n|-activate|p2a: Blissey|move: Aromatherapy\n|-curestatus|p2: Deoxys|tox|[msg]\n|move|p1a: Toxapex|Toxic|p2a: Blissey\n|-status|p2a: Blissey|tox\n|\n|-heal|p2a: Blissey|91\/100 tox|[from] item: Leftovers\n|-damage|p2a: Blissey|85\/100 tox|[from] psn\n|upkeep\n|turn|67\n|\n|t:|1700324000\n|-curestatus|p2a: Blissey|tox|[from] ability: Natural Cure\n|switch|p2a: Toxapex|Toxapex, F|100\/100\n|move|p1a: Toxapex|Scald|p2a: Toxapex\n|-resisted|p2a: Toxapex\n|-damage|p2a: Toxapex|94\/100\n|-status|p2a: Toxapex|brn\n|\n|-damage|p2a: Toxapex|88\/100 brn|[from] brn\n|upkeep\n|turn|68\n|\n|t:|1700324009\n|switch|p1a: Togekiss|Togekiss, F|94\/100 tox\n|-damage|p1a: Togekiss|70\/100 tox|[from] Stealth Rock\n|switch|p2a: Deoxys|Deoxys-Speed|23\/100\n|-ability|p2a: Deoxys|Pressure\n|\n|-damage|p1a: Togekiss|64\/100 tox|[from] psn\n|upkeep\n|turn|69\n|\n|t:|1700324027\n|switch|p2a: Blissey|Blissey, F|85\/100\n|move|p1a: Togekiss|Aura Sphere|p2a: Blissey\n|-supereffective|p2a: Blissey\n|-damage|p2a: Blissey|67\/100\n|\n|-heal|p2a: Blissey|73\/100|[from] item: Leftovers\n|-damage|p1a: Togekiss|51\/100 tox|[from] psn\n|upkeep\n|turn|70\n|\n|t:|1700324034\n|switch|p1a: Toxapex|Toxapex, F|100\/100\n|-damage|p1a: Toxapex|88\/100|[from] Stealth Rock\n|-damage|p1a: Toxapex|72\/100|[from] Spikes\n|move|p2a: Blissey|Wish|p2a: Blissey\n|\n|-heal|p2a: Blissey|79\/100|[from] item: Leftovers\n|-heal|p1a: Toxapex|78\/100|[from] item: Black Sludge\n|upkeep\n|turn|71\n|\n|t:|1700324044\n|switch|p2a: Deoxys|Deoxys-Speed|23\/100\n|-ability|p2a: Deoxys|Pressure\n|move|p1a: Toxapex|Recover|p1a: Toxapex\n|-heal|p1a: Toxapex|100\/100\n|\n|-heal|p2a: Deoxys|100\/100|[from] move: Wish|[wisher] Blissey\n|upkeep\n|turn|72\n|\n|t:|1700324052\n|switch|p2a: Toxapex|Toxapex, F|100\/100 brn\n|move|p1a: Toxapex|Toxic||[still]\n|-fail|p1a: Toxapex\n|\n|-damage|p2a: Toxapex|95\/100 brn|[from] brn\n|upkeep\n|turn|73\n|c|\u2606sonic1098|Such an ass team\n|\n|t:|1700324074\n|switch|p2a: Blissey|Blissey, F|79\/100\n|switch|p1a: Dragonite|Dragonite, F, tera:Dragon|78\/100 brn\n|-damage|p1a: Dragonite|66\/100 brn|[from] Stealth Rock\n|-damage|p1a: Dragonite|49\/100 brn|[from] Spikes\n|\n|-heal|p1a: Dragonite|55\/100 brn|[from] item: Leftovers\n|-heal|p2a: Blissey|86\/100|[from] item: Leftovers\n|-damage|p1a: Dragonite|49\/100 brn|[from] brn\n|upkeep\n|turn|74\n|\n|t:|1700324082\n|switch|p2a: Toxapex|Toxapex, F|100\/100 brn\n|move|p1a: Dragonite|Outrage|p2a: Toxapex\n|-damage|p2a: Toxapex|74\/100 brn\n|-damage|p1a: Dragonite|33\/100 brn|[from] item: Rocky Helmet|[of] p2a: Toxapex\n|\n|-heal|p1a: Dragonite|39\/100 brn|[from] item: Leftovers\n|-damage|p1a: Dragonite|33\/100 brn|[from] brn\n|-damage|p2a: Toxapex|68\/100 brn|[from] brn\n|upkeep\n|turn|75\n|\n|t:|1700324089\n|move|p1a: Dragonite|Outrage|p2a: Toxapex|[from]lockedmove\n|-damage|p2a: Toxapex|41\/100 brn\n|-damage|p1a: Dragonite|16\/100 brn|[from] item: Rocky Helmet|[of] p2a: Toxapex\n|move|p2a: Toxapex|Recover|p2a: Toxapex\n|-heal|p2a: Toxapex|92\/100 brn\n|\n|-heal|p1a: Dragonite|22\/100 brn|[from] item: Leftovers\n|-damage|p1a: Dragonite|16\/100 brn|[from] brn\n|-damage|p2a: Toxapex|86\/100 brn|[from] brn\n|upkeep\n|turn|76\n|\n|t:|1700324095\n|move|p1a: Dragonite|Outrage|p2a: Toxapex|[from]lockedmove\n|-damage|p2a: Toxapex|59\/100 brn\n|-damage|p1a: Dragonite|0 fnt|[from] item: Rocky Helmet|[of] p2a: Toxapex\n|faint|p1a: Dragonite\n|move|p2a: Toxapex|Toxic Spikes|p1: Dragonite\n|-sidestart|p1: sonic1098|move: Toxic Spikes\n|\n|-damage|p2a: Toxapex|53\/100 brn|[from] brn\n|upkeep\n|\n|t:|1700324100\n|switch|p1a: Toxapex|Toxapex, F|100\/100\n|-damage|p1a: Toxapex|88\/100|[from] Stealth Rock\n|-damage|p1a: Toxapex|72\/100|[from] Spikes\n|-sideend|p1: sonic1098|move: Toxic Spikes|[of] p1a: Toxapex\n|turn|77\n|\n|t:|1700324106\n|move|p1a: Toxapex|Recover|p1a: Toxapex\n|-heal|p1a: Toxapex|100\/100\n|move|p2a: Toxapex|Recover|p2a: Toxapex\n|-heal|p2a: Toxapex|100\/100 brn\n|\n|-damage|p2a: Toxapex|95\/100 brn|[from] brn\n|upkeep\n|turn|78\n|c|\u2606sonic1098|77 turns\n|inactiveoff|Battle timer is now OFF.\n|\n|t:|1700324132\n|move|p1a: Toxapex|Scald|p2a: Toxapex\n|-resisted|p2a: Toxapex\n|-damage|p2a: Toxapex|88\/100 brn\n|move|p2a: Toxapex|Haze|p2a: Toxapex\n|-clearallboost\n|\n|-damage|p2a: Toxapex|82\/100 brn|[from] brn\n|upkeep\n|turn|79\n|\n|t:|1700324151\n|move|p1a: Toxapex|Baneful Bunker|p1a: Toxapex\n|-singleturn|p1a: Toxapex|move: Protect\n|move|p2a: Toxapex|Toxic Spikes|p1a: Toxapex\n|-sidestart|p1: sonic1098|move: Toxic Spikes\n|\n|-damage|p2a: Toxapex|76\/100 brn|[from] brn\n|upkeep\n|turn|80\n|\n|t:|1700324172\n|switch|p2a: Deoxys|Deoxys-Speed|100\/100\n|-ability|p2a: Deoxys|Pressure\n|move|p1a: Toxapex|Toxic|p2a: Deoxys\n|-status|p2a: Deoxys|tox\n|\n|-damage|p2a: Deoxys|95\/100 tox|[from] psn\n|upkeep\n|turn|81\n|c|\u2606sonic1098|\u0643\u0633\u0645\u0643 \u064a\u0627 \u0628\u0646 \u0627\u0644\u0644\u0628\u0648\u0647\n|\n|t:|1700324191\n|switch|p2a: Blissey|Blissey, F|86\/100\n|move|p1a: Toxapex|Scald|p2a: Blissey\n|-damage|p2a: Blissey|80\/100\n|-status|p2a: Blissey|brn\n|\n|-heal|p2a: Blissey|86\/100 brn|[from] item: Leftovers\n|-damage|p2a: Blissey|80\/100 brn|[from] brn\n|upkeep\n|turn|82\n|\n|t:|1700324208\n|move|p2a: Blissey|Aromatherapy|p2a: Blissey\n|-activate|p2a: Blissey|move: Aromatherapy\n|-curestatus|p2a: Blissey|brn|[msg]\n|-curestatus|p2: Toxapex|brn|[msg]\n|-curestatus|p2: Deoxys|tox|[msg]\n|move|p1a: Toxapex|Scald|p2a: Blissey\n|-damage|p2a: Blissey|75\/100\n|\n|-heal|p2a: Blissey|81\/100|[from] item: Leftovers\n|upkeep\n|turn|83\n|\n|t:|1700324222\n|switch|p2a: Groudon|Groudon-Primal|94\/100\n|-weather|DesolateLand|[from] ability: Desolate Land|[of] p2a: Groudon\n|move|p1a: Toxapex|Scald||[still]\n|-fail|p1a: Toxapex|Scald|[from] Desolate Land\n|\n|-weather|DesolateLand|[upkeep]\n|upkeep\n|turn|84\n|inactive|Battle timer is ON: inactive players will automatically lose when time's up. (requested by sonic1098)\n|\n|t:|1700324245\n|move|p1a: Toxapex|Baneful Bunker|p1a: Toxapex\n|-singleturn|p1a: Toxapex|move: Protect\n|move|p2a: Groudon|Rock Polish|p2a: Groudon\n|-boost|p2a: Groudon|spe|2\n|\n|-weather|DesolateLand|[upkeep]\n|upkeep\n|turn|85\n|\n|t:|1700324254\n|switch|p1a: Charizard|Charizard-Mega-Y, F|64\/100 tox\n|-damage|p1a: Charizard|14\/100 tox|[from] Stealth Rock\n|-ability|p1a: Charizard|Drought|[from] desolateland|[fail]\n|move|p2a: Groudon|Hone Claws|p2a: Groudon\n|-boost|p2a: Groudon|atk|1\n|-boost|p2a: Groudon|accuracy|1\n|\n|-weather|DesolateLand|[upkeep]\n|-damage|p1a: Charizard|8\/100 tox|[from] psn\n|upkeep\n|turn|86\n|\n|t:|1700324262\n|move|p2a: Groudon|Stone Edge|p1a: Charizard\n|-supereffective|p1a: Charizard\n|-damage|p1a: Charizard|0 fnt\n|faint|p1a: Charizard\n|\n|-weather|DesolateLand|[upkeep]\n|upkeep\n|\n|t:|1700324264\n|switch|p1a: Togekiss|Togekiss, F|51\/100 tox\n|-damage|p1a: Togekiss|27\/100 tox|[from] Stealth Rock\n|turn|87\n|\n|t:|1700324269\n|move|p2a: Groudon|Stone Edge|p1a: Togekiss\n|-supereffective|p1a: Togekiss\n|-crit|p1a: Togekiss\n|-damage|p1a: Togekiss|0 fnt\n|faint|p1a: Togekiss\n|\n|-weather|DesolateLand|[upkeep]\n|upkeep\n|c|\u2606sonic1098|Stupid bitch\n|\n|t:|1700324279\n|switch|p1a: Toxapex|Toxapex, F|100\/100\n|-damage|p1a: Toxapex|88\/100|[from] Stealth Rock\n|-damage|p1a: Toxapex|72\/100|[from] Spikes\n|-sideend|p1: sonic1098|move: Toxic Spikes|[of] p1a: Toxapex\n|turn|88\n|\n|t:|1700324292\n|move|p1a: Toxapex|Baneful Bunker|p1a: Toxapex\n|-singleturn|p1a: Toxapex|move: Protect\n|move|p2a: Groudon|Hone Claws|p2a: Groudon\n|-boost|p2a: Groudon|atk|1\n|-boost|p2a: Groudon|accuracy|1\n|\n|-weather|DesolateLand|[upkeep]\n|-heal|p1a: Toxapex|78\/100|[from] item: Black Sludge\n|upkeep\n|turn|89\n|c|\u2606sonic1098|88 turns\n|c|\u2606sonic1098|Relly\n|\n|t:|1700324301\n|move|p1a: Toxapex|Baneful Bunker|p1a: Toxapex\n|-singleturn|p1a: Toxapex|move: Protect\n|move|p2a: Groudon|Precipice Blades|p1a: Toxapex\n|-activate|p1a: Toxapex|move: Protect\n|\n|-weather|DesolateLand|[upkeep]\n|-heal|p1a: Toxapex|84\/100|[from] item: Black Sludge\n|upkeep\n|turn|90\n|\n|t:|1700324306\n|move|p1a: Toxapex|Baneful Bunker||[still]\n|-fail|p1a: Toxapex\n|move|p2a: Groudon|Precipice Blades|p1a: Toxapex\n|-supereffective|p1a: Toxapex\n|-damage|p1a: Toxapex|0 fnt\n|faint|p1a: Toxapex\n|\n|win|I Thought Ukraine\n|raw|sonic1098's rating: 1166 &rarr; <strong>1140<\/strong><br \/>(-26 for losing)\n|raw|I Thought Ukraine's rating: 1159 &rarr; <strong>1185<\/strong><br \/>(+26 for winning)\n","uploadtime":1700324188,"views":6,"p1id":"sonic1098","p2id":"ithoughtukraine","formatid":"gen9nationaldexubers","rating":1140,"private":0,"password":""}