{"id":"gen9nationaldexubers-1984128416","p1":"dreadmaster70","p2":"drossito pambisito","format":"[Gen 9] National Dex Ubers","log":"|j|\u2606dreadmaster70\n|j|\u2606drossito pambisito\n|t:|1699221633\n|gametype|singles\n|player|p1|dreadmaster70|blaine|1494\n|player|p2|drossito pambisito|169|1453\n|teamsize|p1|6\n|teamsize|p2|6\n|gen|9\n|tier|[Gen 9] National Dex Ubers\n|rated|\n|rule|HP Percentage Mod: HP is shown in percentages\n|rule|Endless Battle Clause: Forcing endless battles is banned\n|rule|OHKO Clause: OHKO moves are banned\n|rule|Evasion Moves Clause: Evasion moves are banned\n|rule|Evasion Items Clause: Evasion items are banned\n|rule|Species Clause: Limit one of each Pok\u00e9mon\n|rule|Sleep Clause Mod: Limit one foe put to sleep\n|rule|Mega Rayquaza Clause: You cannot mega evolve Rayquaza\n|clearpoke\n|poke|p1|Arceus|\n|poke|p1|Basculegion, M|\n|poke|p1|Deoxys-Attack|\n|poke|p1|Blastoise, F|\n|poke|p1|Groudon|\n|poke|p1|Rayquaza|\n|poke|p2|Salamence, M|\n|poke|p2|Deoxys-Attack|\n|poke|p2|Shaymin-Sky|\n|poke|p2|Kyogre|\n|poke|p2|Yveltal|\n|poke|p2|Clodsire, M|\n|teampreview\n|inactive|Battle timer is ON: inactive players will automatically lose when time's up. (requested by drossito pambisito)\n|\n|t:|1699221649\n|start\n|switch|p1a: Groudon|Groudon|100\/100\n|switch|p2a: Deoxys|Deoxys-Attack|100\/100\n|-ability|p2a: Deoxys|Pressure\n|detailschange|p1a: Groudon|Groudon-Primal\n|-primal|p1a: Groudon|Red Orb\n|-weather|DesolateLand|[from] ability: Desolate Land|[of] p1a: Groudon\n|turn|1\n|\n|t:|1699221661\n|move|p2a: Deoxys|Stealth Rock|p1a: Groudon\n|-sidestart|p1: dreadmaster70|move: Stealth Rock\n|move|p1a: Groudon|Eruption|p2a: Deoxys\n|-enditem|p2a: Deoxys|Focus Sash\n|-damage|p2a: Deoxys|1\/100\n|\n|-weather|DesolateLand|[upkeep]\n|upkeep\n|turn|2\n|\n|t:|1699221667\n|move|p2a: Deoxys|Psycho Boost|p1a: Groudon\n|-damage|p1a: Groudon|0 fnt\n|-unboost|p2a: Deoxys|spa|2\n|faint|p1a: Groudon\n|-weather|none\n|\n|upkeep\n|\n|t:|1699221669\n|switch|p1a: Blastoise|Blastoise, F|100\/100\n|-damage|p1a: Blastoise|88\/100|[from] Stealth Rock\n|turn|3\n|\n|t:|1699221680\n|detailschange|p1a: Blastoise|Blastoise-Mega, F\n|-mega|p1a: Blastoise|Blastoise|Blastoisinite\n|move|p2a: Deoxys|Extreme Speed|p1a: Blastoise\n|-damage|p1a: Blastoise|53\/100\n|move|p1a: Blastoise|Rapid Spin|p2a: Deoxys\n|-damage|p2a: Deoxys|0 fnt\n|-boost|p1a: Blastoise|spe|1\n|-sideend|p1: dreadmaster70|Stealth Rock|[from] move: Rapid Spin|[of] p1a: Blastoise\n|faint|p2a: Deoxys\n|\n|upkeep\n|\n|t:|1699221686\n|switch|p2a: Yveltal|Yveltal|100\/100\n|-ability|p2a: Yveltal|Dark Aura\n|turn|4\n|\n|t:|1699221692\n|move|p2a: Yveltal|Sucker Punch|p1a: Blastoise\n|-damage|p1a: Blastoise|0 fnt\n|faint|p1a: Blastoise\n|\n|upkeep\n|\n|t:|1699221704\n|switch|p1a: Arceus|Arceus|100\/100\n|turn|5\n|\n|t:|1699221716\n|move|p2a: Yveltal|Foul Play|p1a: Arceus\n|-damage|p1a: Arceus|78\/100\n|move|p1a: Arceus|Thunder Wave|p2a: Yveltal\n|-status|p2a: Yveltal|par\n|\n|-heal|p1a: Arceus|84\/100|[from] item: Leftovers\n|upkeep\n|turn|6\n|\n|t:|1699221721\n|move|p1a: Arceus|Calm Mind|p1a: Arceus\n|-boost|p1a: Arceus|spa|1\n|-boost|p1a: Arceus|spd|1\n|move|p2a: Yveltal|Foul Play|p1a: Arceus\n|-damage|p1a: Arceus|62\/100\n|\n|-heal|p1a: Arceus|68\/100|[from] item: Leftovers\n|upkeep\n|turn|7\n|\n|t:|1699221727\n|switch|p2a: Clodsire|Clodsire, M|100\/100\n|move|p1a: Arceus|Calm Mind|p1a: Arceus\n|-boost|p1a: Arceus|spa|1\n|-boost|p1a: Arceus|spd|1\n|\n|-heal|p1a: Arceus|74\/100|[from] item: Leftovers\n|upkeep\n|turn|8\n|\n|t:|1699221731\n|switch|p1a: Deoxys|Deoxys-Attack|100\/100\n|-ability|p1a: Deoxys|Pressure\n|move|p2a: Clodsire|Toxic|p1a: Deoxys\n|-status|p1a: Deoxys|tox\n|\n|-damage|p1a: Deoxys|94\/100 tox|[from] psn\n|upkeep\n|turn|9\n|\n|t:|1699221735\n|switch|p2a: Yveltal|Yveltal|100\/100 par\n|-ability|p2a: Yveltal|Dark Aura\n|move|p1a: Deoxys|Psycho Boost|p2a: Yveltal\n|-immune|p2a: Yveltal\n|\n|-damage|p1a: Deoxys|82\/100 tox|[from] psn\n|upkeep\n|turn|10\n|\n|t:|1699221743\n|move|p1a: Deoxys|Extreme Speed|p2a: Yveltal\n|-damage|p2a: Yveltal|56\/100 par\n|-damage|p1a: Deoxys|72\/100 tox|[from] item: Life Orb\n|move|p2a: Yveltal|Knock Off|p1a: Deoxys\n|-supereffective|p1a: Deoxys\n|-damage|p1a: Deoxys|0 fnt\n|-enditem|p1a: Deoxys|Life Orb|[from] move: Knock Off|[of] p2a: Yveltal\n|faint|p1a: Deoxys\n|\n|upkeep\n|\n|t:|1699221750\n|switch|p1a: Arceus|Arceus|74\/100\n|turn|11\n|inactive|drossito pambisito has 120 seconds left.\n|\n|t:|1699221790\n|switch|p2a: Clodsire|Clodsire, M|100\/100\n|move|p1a: Arceus|Judgment|p2a: Clodsire\n|-damage|p2a: Clodsire|77\/100\n|-enditem|p2a: Clodsire|Red Card|[of] p1a: Arceus\n|drag|p1a: Basculegion|Basculegion, M|100\/100\n|\n|upkeep\n|turn|12\n|inactive|drossito pambisito has 120 seconds left.\n|\n|t:|1699221801\n|move|p1a: Basculegion|Wave Crash|p2a: Clodsire\n|-supereffective|p2a: Clodsire\n|-damage|p2a: Clodsire|0 fnt\n|faint|p2a: Clodsire\n|-damage|p1a: Basculegion|70\/100|[from] Recoil\n|\n|upkeep\n|\n|t:|1699221805\n|switch|p2a: Shaymin|Shaymin-Sky|100\/100\n|turn|13\n|inactive|drossito pambisito has 120 seconds left.\n|\n|t:|1699221827\n|switch|p1a: Rayquaza|Rayquaza|100\/100\n|-ability|p1a: Rayquaza|Air Lock\n|move|p2a: Shaymin|Ominous Wind|p1a: Rayquaza\n|-damage|p1a: Rayquaza|77\/100\n|\n|upkeep\n|turn|14\n|\n|t:|1699221832\n|move|p2a: Shaymin|Air Slash|p1a: Rayquaza\n|-crit|p1a: Rayquaza\n|-damage|p1a: Rayquaza|17\/100\n|-zpower|p1a: Rayquaza\n|move|p1a: Rayquaza|Supersonic Skystrike|p2a: Shaymin|[zeffect]\n|-supereffective|p2a: Shaymin\n|-damage|p2a: Shaymin|0 fnt\n|faint|p2a: Shaymin\n|\n|upkeep\n|inactive|drossito pambisito has 120 seconds left.\n|\n|t:|1699221840\n|switch|p2a: Kyogre|Kyogre|100\/100\n|detailschange|p2a: Kyogre|Kyogre-Primal\n|-primal|p2a: Kyogre|Blue Orb\n|-weather|PrimordialSea|[from] ability: Primordial Sea|[of] p2a: Kyogre\n|turn|15\n|\n|t:|1699221844\n|move|p1a: Rayquaza|Dragon Ascent|p2a: Kyogre\n|-damage|p2a: Kyogre|30\/100\n|-unboost|p1a: Rayquaza|def|1\n|-unboost|p1a: Rayquaza|spd|1\n|move|p2a: Kyogre|Surf|p1a: Rayquaza\n|-resisted|p1a: Rayquaza\n|-damage|p1a: Rayquaza|0 fnt\n|faint|p1a: Rayquaza\n|\n|-weather|PrimordialSea|[upkeep]\n|upkeep\n|\n|t:|1699221855\n|switch|p1a: Arceus|Arceus|74\/100\n|turn|16\n|j| Zon2023\n|\n|t:|1699221878\n|move|p2a: Kyogre|Surf|p1a: Arceus\n|-damage|p1a: Arceus|10\/100\n|move|p1a: Arceus|Thunder Wave|p2a: Kyogre\n|-status|p2a: Kyogre|par\n|\n|-weather|PrimordialSea|[upkeep]\n|-heal|p1a: Arceus|16\/100|[from] item: Leftovers\n|upkeep\n|turn|17\n|\n|t:|1699221881\n|move|p1a: Arceus|Recover|p1a: Arceus\n|-heal|p1a: Arceus|66\/100\n|cant|p2a: Kyogre|par\n|\n|-weather|PrimordialSea|[upkeep]\n|-heal|p1a: Arceus|72\/100|[from] item: Leftovers\n|upkeep\n|turn|18\n|\n|t:|1699221884\n|move|p1a: Arceus|Calm Mind|p1a: Arceus\n|-boost|p1a: Arceus|spa|1\n|-boost|p1a: Arceus|spd|1\n|move|p2a: Kyogre|Surf|p1a: Arceus\n|-damage|p1a: Arceus|35\/100\n|\n|-weather|PrimordialSea|[upkeep]\n|-heal|p1a: Arceus|41\/100|[from] item: Leftovers\n|upkeep\n|turn|19\n|\n|t:|1699221891\n|move|p1a: Arceus|Recover|p1a: Arceus\n|-heal|p1a: Arceus|91\/100\n|cant|p2a: Kyogre|par\n|\n|-weather|PrimordialSea|[upkeep]\n|-heal|p1a: Arceus|97\/100|[from] item: Leftovers\n|upkeep\n|turn|20\n|c| Zon2023|dices lo de blastoice porque te lo mataron rapido no?\n|\n|t:|1699221895\n|move|p1a: Arceus|Calm Mind|p1a: Arceus\n|-boost|p1a: Arceus|spa|1\n|-boost|p1a: Arceus|spd|1\n|move|p2a: Kyogre|Thunder|p1a: Arceus\n|-damage|p1a: Arceus|82\/100\n|\n|-weather|PrimordialSea|[upkeep]\n|-heal|p1a: Arceus|88\/100|[from] item: Leftovers\n|upkeep\n|turn|21\n|c|\u2606dreadmaster70|no hablo espanol\n|\n|t:|1699221919\n|move|p1a: Arceus|Calm Mind|p1a: Arceus\n|-boost|p1a: Arceus|spa|1\n|-boost|p1a: Arceus|spd|1\n|move|p2a: Kyogre|Surf|p1a: Arceus\n|-damage|p1a: Arceus|63\/100\n|\n|-weather|PrimordialSea|[upkeep]\n|-heal|p1a: Arceus|69\/100|[from] item: Leftovers\n|upkeep\n|turn|22\n|c| Zon2023|ah\n|c| Zon2023|XD\n|c| Zon2023|se lo digo al otro perdon me confundi\n|c| Zon2023|sorry\n|c|\u2606drossito pambisito|yo no uso a blastoise\n|c|\u2606drossito pambisito|xd\n|inactive|drossito pambisito has 120 seconds left.\n|\n|t:|1699221941\n|move|p1a: Arceus|Recover|p1a: Arceus\n|-heal|p1a: Arceus|100\/100\n|move|p2a: Kyogre|Surf|p1a: Arceus\n|-damage|p1a: Arceus|75\/100\n|\n|-weather|PrimordialSea|[upkeep]\n|-heal|p1a: Arceus|81\/100|[from] item: Leftovers\n|upkeep\n|turn|23\n|c|\u2606drossito pambisito|y aun asi me va a violar xd\n|inactive|drossito pambisito has 120 seconds left.\n|\n|t:|1699221952\n|move|p1a: Arceus|Calm Mind|p1a: Arceus\n|-boost|p1a: Arceus|spa|1\n|-boost|p1a: Arceus|spd|1\n|cant|p2a: Kyogre|par\n|\n|-weather|PrimordialSea|[upkeep]\n|-heal|p1a: Arceus|87\/100|[from] item: Leftovers\n|upkeep\n|turn|24\n|\n|t:|1699221958\n|move|p1a: Arceus|Calm Mind|p1a: Arceus\n|-boost|p1a: Arceus|spa|1\n|-boost|p1a: Arceus|spd|1\n|cant|p2a: Kyogre|par\n|\n|-weather|PrimordialSea|[upkeep]\n|-heal|p1a: Arceus|93\/100|[from] item: Leftovers\n|upkeep\n|turn|25\n|\n|t:|1699221960\n|move|p1a: Arceus|Calm Mind|p1a: Arceus\n|-boost|p1a: Arceus|spa|1\n|-boost|p1a: Arceus|spd|1\n|move|p2a: Kyogre|Thunder|p1a: Arceus\n|-damage|p1a: Arceus|85\/100\n|\n|-weather|PrimordialSea|[upkeep]\n|-heal|p1a: Arceus|91\/100|[from] item: Leftovers\n|upkeep\n|turn|26\n|\n|t:|1699221964\n|move|p1a: Arceus|Judgment|p2a: Kyogre\n|-damage|p2a: Kyogre|0 fnt\n|faint|p2a: Kyogre\n|-weather|none\n|\n|-heal|p1a: Arceus|97\/100|[from] item: Leftovers\n|upkeep\n|c| Zon2023|sha te papiaron\n|\n|t:|1699221966\n|switch|p2a: Salamence|Salamence, M|100\/100\n|-ability|p2a: Salamence|Intimidate|boost\n|-unboost|p1a: Arceus|atk|1\n|turn|27\n|\n|t:|1699221968\n|detailschange|p2a: Salamence|Salamence-Mega, M\n|-mega|p2a: Salamence|Salamence|Salamencite\n|move|p2a: Salamence|Giga Impact|p1a: Arceus\n|-damage|p1a: Arceus|41\/100\n|-mustrecharge|p2a: Salamence\n|move|p1a: Arceus|Thunder Wave|p2a: Salamence\n|-status|p2a: Salamence|par\n|\n|-heal|p1a: Arceus|47\/100|[from] item: Leftovers\n|upkeep\n|turn|28\n|\n|t:|1699221972\n|move|p1a: Arceus|Recover|p1a: Arceus\n|-heal|p1a: Arceus|97\/100\n|cant|p2a: Salamence|recharge\n|\n|-heal|p1a: Arceus|100\/100|[from] item: Leftovers\n|upkeep\n|turn|29\n|-message|drossito pambisito forfeited.\n|\n|win|dreadmaster70\n|raw|dreadmaster70's rating: 1494 &rarr; <strong>1512<\/strong><br \/>(+18 for winning)\n|raw|drossito pambisito's rating: 1453 &rarr; <strong>1435<\/strong><br \/>(-18 for losing)\n|l|\u2606drossito pambisito\n|c|\u2606dreadmaster70|gg\n|c| Zon2023|impresionante que no sea un arceus e speed\n|c|\u2606dreadmaster70|max def\n|l| Zon2023\n","uploadtime":1699221989,"views":4,"p1id":"dreadmaster70","p2id":"drossitopambisito","formatid":"gen9nationaldexubers","rating":1435,"private":0,"password":""}