{"id":"gen9nationaldexubers-1979997159","p1":"Ginesect","p2":"Steven Stone 007","format":"[Gen 9] National Dex Ubers","log":"|j|\u2606Ginesect\n|j|\u2606Steven Stone 007\n|t:|1698744016\n|gametype|singles\n|player|p1|Ginesect|artist-gen4|\n|player|p2|Steven Stone 007|steven|\n|teamsize|p1|6\n|teamsize|p2|6\n|gen|9\n|tier|[Gen 9] National Dex Ubers\n|rule|HP Percentage Mod: HP is shown in percentages\n|rule|Endless Battle Clause: Forcing endless battles is banned\n|rule|OHKO Clause: OHKO moves are banned\n|rule|Evasion Moves Clause: Evasion moves are banned\n|rule|Evasion Items Clause: Evasion items are banned\n|rule|Species Clause: Limit one of each Pok\u00e9mon\n|rule|Sleep Clause Mod: Limit one foe put to sleep\n|rule|Mega Rayquaza Clause: You cannot mega evolve Rayquaza\n|clearpoke\n|poke|p1|Chien-Pao|\n|poke|p1|Mandibuzz, F|\n|poke|p1|Mawile, M|\n|poke|p1|Grimmsnarl, M|\n|poke|p1|Greninja-*, M|\n|poke|p1|Ting-Lu|\n|poke|p2|Mamoswine, M|\n|poke|p2|Dragapult, F|\n|poke|p2|Cresselia, F|\n|poke|p2|Ferrothorn, M|\n|poke|p2|Milotic, M|\n|poke|p2|Lopunny, F|\n|teampreview\n|c|\u2606Steven Stone 007|GL\n|\n|t:|1698744065\n|start\n|switch|p1a: Mandibuzz|Mandibuzz, F|100\/100\n|switch|p2a: Dragapult|Dragapult, F|100\/100\n|turn|1\n|\n|t:|1698744070\n|move|p2a: Dragapult|Substitute|p2a: Dragapult\n|-start|p2a: Dragapult|Substitute\n|-damage|p2a: Dragapult|76\/100\n|move|p1a: Mandibuzz|Foul Play|p2a: Dragapult\n|-supereffective|p2a: Dragapult\n|-end|p2a: Dragapult|Substitute\n|\n|-heal|p2a: Dragapult|82\/100|[from] item: Leftovers\n|upkeep\n|turn|2\n|c|\u2606Ginesect|glhf\n|\n|t:|1698744082\n|switch|p2a: Mamoswine|Mamoswine, M|100\/100\n|move|p1a: Mandibuzz|Foul Play|p2a: Mamoswine\n|-damage|p2a: Mamoswine|39\/100\n|\n|upkeep\n|turn|3\n|\n|t:|1698744088\n|move|p2a: Mamoswine|Stealth Rock|p1a: Mandibuzz\n|-sidestart|p1: Ginesect|move: Stealth Rock\n|move|p1a: Mandibuzz|Foul Play|p2a: Mamoswine\n|-damage|p2a: Mamoswine|0 fnt\n|faint|p2a: Mamoswine\n|\n|upkeep\n|\n|t:|1698744093\n|switch|p2a: Lopunny|Lopunny, F|100\/100\n|turn|4\n|\n|t:|1698744095\n|detailschange|p2a: Lopunny|Lopunny-Mega, F\n|-mega|p2a: Lopunny|Lopunny|Lopunnite\n|move|p2a: Lopunny|Fake Out|p1a: Mandibuzz\n|-damage|p1a: Mandibuzz|89\/100\n|cant|p1a: Mandibuzz|flinch\n|\n|upkeep\n|turn|5\n|\n|t:|1698744099\n|switch|p2a: Milotic|Milotic, M|100\/100\n|move|p1a: Mandibuzz|Defog|p2a: Milotic\n|-unboost|p2a: Milotic|evasion|1\n|-sideend|p1: Ginesect|Stealth Rock|[from] move: Defog|[of] p1a: Mandibuzz\n|\n|upkeep\n|turn|6\n|\n|t:|1698744103\n|move|p2a: Milotic|Toxic|p1a: Mandibuzz\n|-status|p1a: Mandibuzz|tox\n|move|p1a: Mandibuzz|U-turn|p2a: Milotic\n|-damage|p2a: Milotic|91\/100\n|\n|t:|1698744114\n|switch|p1a: Chien-Pao|Chien-Pao|100\/100|[from] U-turn\n|-ability|p1a: Chien-Pao|Sword of Ruin\n|\n|upkeep\n|turn|7\n|\n|t:|1698744117\n|move|p1a: Chien-Pao|Crunch|p2a: Milotic\n|-damage|p2a: Milotic|24\/100\n|move|p2a: Milotic|Toxic|p1a: Chien-Pao|[miss]\n|-miss|p2a: Milotic|p1a: Chien-Pao\n|\n|upkeep\n|turn|8\n|\n|t:|1698744121\n|move|p1a: Chien-Pao|Crunch|p2a: Milotic\n|-damage|p2a: Milotic|0 fnt\n|faint|p2a: Milotic\n|\n|upkeep\n|\n|t:|1698744124\n|switch|p2a: Ferrothorn|Ferrothorn, M|100\/100\n|turn|9\n|\n|t:|1698744130\n|switch|p1a: Ting-Lu|Ting-Lu|100\/100\n|-ability|p1a: Ting-Lu|Vessel of Ruin\n|move|p2a: Ferrothorn|Body Press|p1a: Ting-Lu\n|-supereffective|p1a: Ting-Lu\n|-damage|p1a: Ting-Lu|71\/100\n|\n|-heal|p1a: Ting-Lu|77\/100|[from] item: Leftovers\n|upkeep\n|turn|10\n|\n|t:|1698744133\n|move|p1a: Ting-Lu|Earthquake|p2a: Ferrothorn\n|-damage|p2a: Ferrothorn|77\/100\n|move|p2a: Ferrothorn|Iron Defense|p2a: Ferrothorn\n|-boost|p2a: Ferrothorn|def|2\n|\n|-heal|p1a: Ting-Lu|83\/100|[from] item: Leftovers\n|-heal|p2a: Ferrothorn|84\/100|[from] item: Leftovers\n|upkeep\n|turn|11\n|\n|t:|1698744137\n|move|p1a: Ting-Lu|Stealth Rock|p2a: Ferrothorn\n|-sidestart|p2: Steven Stone 007|move: Stealth Rock\n|move|p2a: Ferrothorn|Leech Seed|p1a: Ting-Lu\n|-start|p1a: Ting-Lu|move: Leech Seed\n|\n|-heal|p1a: Ting-Lu|89\/100|[from] item: Leftovers\n|-heal|p2a: Ferrothorn|90\/100|[from] item: Leftovers\n|-damage|p1a: Ting-Lu|77\/100|[from] Leech Seed|[of] p2a: Ferrothorn\n|-heal|p2a: Ferrothorn|100\/100|[silent]\n|upkeep\n|turn|12\n|\n|t:|1698744139\n|move|p2a: Ferrothorn|Iron Defense|p2a: Ferrothorn\n|-boost|p2a: Ferrothorn|def|2\n|move|p1a: Ting-Lu|Whirlwind|p2a: Ferrothorn\n|drag|p2a: Cresselia|Cresselia, F, shiny|100\/100\n|-damage|p2a: Cresselia|88\/100|[from] Stealth Rock\n|\n|-heal|p1a: Ting-Lu|83\/100|[from] item: Leftovers\n|-damage|p1a: Ting-Lu|71\/100|[from] Leech Seed|[of] p2a: Cresselia\n|-heal|p2a: Cresselia|100\/100|[silent]\n|upkeep\n|turn|13\n|\n|t:|1698744146\n|switch|p1a: Chien-Pao|Chien-Pao|100\/100\n|-ability|p1a: Chien-Pao|Sword of Ruin\n|move|p2a: Cresselia|Calm Mind|p2a: Cresselia\n|-boost|p2a: Cresselia|spa|1\n|-boost|p2a: Cresselia|spd|1\n|\n|upkeep\n|turn|14\n|\n|t:|1698744150\n|move|p1a: Chien-Pao|Crunch|p2a: Cresselia\n|-supereffective|p2a: Cresselia\n|-damage|p2a: Cresselia|15\/100\n|move|p2a: Cresselia|Moonblast|p1a: Chien-Pao\n|-supereffective|p1a: Chien-Pao\n|-damage|p1a: Chien-Pao|24\/100\n|\n|upkeep\n|turn|15\n|\n|t:|1698744154\n|move|p1a: Chien-Pao|Crunch|p2a: Cresselia\n|-supereffective|p2a: Cresselia\n|-damage|p2a: Cresselia|0 fnt\n|faint|p2a: Cresselia\n|\n|upkeep\n|\n|t:|1698744158\n|switch|p2a: Lopunny|Lopunny-Mega, F|100\/100\n|-damage|p2a: Lopunny|95\/100|[from] Stealth Rock\n|turn|16\n|\n|t:|1698744160\n|switch|p1a: Mandibuzz|Mandibuzz, F|89\/100 tox\n|move|p2a: Lopunny|Fake Out|p1a: Mandibuzz\n|-damage|p1a: Mandibuzz|76\/100 tox\n|\n|-damage|p1a: Mandibuzz|70\/100 tox|[from] psn\n|upkeep\n|turn|17\n|\n|t:|1698744164\n|switch|p2a: Ferrothorn|Ferrothorn, M|100\/100\n|-damage|p2a: Ferrothorn|94\/100|[from] Stealth Rock\n|move|p1a: Mandibuzz|U-turn|p2a: Ferrothorn\n|-damage|p2a: Ferrothorn|87\/100\n|-damage|p1a: Mandibuzz|58\/100 tox|[from] ability: Iron Barbs|[of] p2a: Ferrothorn\n|\n|t:|1698744181\n|switch|p1a: Mawile|Mawile, M|100\/100|[from] U-turn\n|-ability|p1a: Mawile|Intimidate|boost\n|-unboost|p2a: Ferrothorn|atk|1\n|\n|-heal|p2a: Ferrothorn|93\/100|[from] item: Leftovers\n|upkeep\n|turn|18\n|\n|t:|1698744184\n|detailschange|p1a: Mawile|Mawile-Mega, M\n|-mega|p1a: Mawile|Mawile|Mawilite\n|move|p1a: Mawile|Swords Dance|p1a: Mawile\n|-boost|p1a: Mawile|atk|2\n|move|p2a: Ferrothorn|Iron Defense|p2a: Ferrothorn\n|-boost|p2a: Ferrothorn|def|2\n|\n|-heal|p2a: Ferrothorn|99\/100|[from] item: Leftovers\n|upkeep\n|turn|19\n|\n|t:|1698744188\n|move|p1a: Mawile|Swords Dance|p1a: Mawile\n|-boost|p1a: Mawile|atk|2\n|move|p2a: Ferrothorn|Iron Defense|p2a: Ferrothorn\n|-boost|p2a: Ferrothorn|def|2\n|\n|-heal|p2a: Ferrothorn|100\/100|[from] item: Leftovers\n|upkeep\n|turn|20\n|\n|t:|1698744190\n|move|p1a: Mawile|Swords Dance|p1a: Mawile\n|-boost|p1a: Mawile|atk|2\n|move|p2a: Ferrothorn|Body Press|p1a: Mawile\n|-damage|p1a: Mawile|13\/100\n|\n|upkeep\n|turn|21\n|\n|t:|1698744201\n|move|p1a: Mawile|Play Rough|p2a: Ferrothorn\n|-resisted|p2a: Ferrothorn\n|-damage|p2a: Ferrothorn|67\/100\n|-damage|p1a: Mawile|0 fnt|[from] ability: Iron Barbs|[of] p2a: Ferrothorn\n|faint|p1a: Mawile\n|move|p2a: Ferrothorn|Iron Defense|p2a: Ferrothorn\n|-boost|p2a: Ferrothorn|def|2\n|\n|-heal|p2a: Ferrothorn|74\/100|[from] item: Leftovers\n|upkeep\n|\n|t:|1698744209\n|switch|p1a: Greninja|Greninja, M|100\/100\n|turn|22\n|\n|t:|1698744214\n|move|p1a: Greninja|Dark Pulse|p2a: Ferrothorn\n|-crit|p2a: Ferrothorn\n|-damage|p2a: Ferrothorn|25\/100\n|move|p2a: Ferrothorn|Body Press|p1a: Greninja\n|-supereffective|p1a: Greninja\n|-enditem|p1a: Greninja|Focus Sash\n|-damage|p1a: Greninja|1\/100\n|\n|-heal|p2a: Ferrothorn|32\/100|[from] item: Leftovers\n|upkeep\n|turn|23\n|c|\u2606Steven Stone 007|WTF\n|\n|t:|1698744224\n|move|p1a: Greninja|Hydro Pump|p2a: Ferrothorn\n|-resisted|p2a: Ferrothorn\n|-damage|p2a: Ferrothorn|10\/100\n|move|p2a: Ferrothorn|Body Press|p1a: Greninja\n|-supereffective|p1a: Greninja\n|-damage|p1a: Greninja|0 fnt\n|faint|p1a: Greninja\n|\n|-heal|p2a: Ferrothorn|16\/100|[from] item: Leftovers\n|upkeep\n|\n|t:|1698744230\n|switch|p1a: Chien-Pao|Chien-Pao|24\/100\n|-ability|p1a: Chien-Pao|Sword of Ruin\n|turn|24\n|\n|t:|1698744232\n|-terastallize|p1a: Chien-Pao|Dark\n|move|p1a: Chien-Pao|Crunch|p2a: Ferrothorn\n|-damage|p2a: Ferrothorn|2\/100\n|-damage|p1a: Chien-Pao|12\/100|[from] ability: Iron Barbs|[of] p2a: Ferrothorn\n|move|p2a: Ferrothorn|Body Press|p1a: Chien-Pao\n|-supereffective|p1a: Chien-Pao\n|-damage|p1a: Chien-Pao|0 fnt\n|faint|p1a: Chien-Pao\n|\n|-heal|p2a: Ferrothorn|8\/100|[from] item: Leftovers\n|upkeep\n|c|\u2606Ginesect|Damn\n|c|\u2606Steven Stone 007|ferro supremacy\n|\n|t:|1698744244\n|switch|p1a: Mandibuzz|Mandibuzz, F|58\/100 tox\n|turn|25\n|\n|t:|1698744247\n|move|p1a: Mandibuzz|Foul Play|p2a: Ferrothorn\n|-damage|p2a: Ferrothorn|5\/100\n|-damage|p1a: Mandibuzz|45\/100 tox|[from] ability: Iron Barbs|[of] p2a: Ferrothorn\n|move|p2a: Ferrothorn|Body Press|p1a: Mandibuzz\n|-damage|p1a: Mandibuzz|0 fnt\n|faint|p1a: Mandibuzz\n|\n|-heal|p2a: Ferrothorn|12\/100|[from] item: Leftovers\n|upkeep\n|c|\u2606Ginesect|gg man\n|\n|t:|1698744251\n|switch|p1a: Ting-Lu|Ting-Lu|71\/100\n|-ability|p1a: Ting-Lu|Vessel of Ruin\n|turn|26\n|c|\u2606Steven Stone 007|GG\n|\n|t:|1698744254\n|move|p2a: Ferrothorn|Body Press|p1a: Ting-Lu\n|-supereffective|p1a: Ting-Lu\n|-damage|p1a: Ting-Lu|0 fnt\n|faint|p1a: Ting-Lu\n|\n|-heal|p2a: Ferrothorn|18\/100|[from] item: Leftovers\n|upkeep\n|\n|t:|1698744256\n|switch|p1a: Grimmsnarl|Grimmsnarl, M|100\/100\n|turn|27\n|\n|t:|1698744261\n|move|p1a: Grimmsnarl|Light Screen|p1a: Grimmsnarl\n|-sidestart|p1: Ginesect|move: Light Screen\n|move|p2a: Ferrothorn|Body Press|p1a: Grimmsnarl\n|-damage|p1a: Grimmsnarl|0 fnt\n|faint|p1a: Grimmsnarl\n|\n|win|Steven Stone 007\n|l|\u2606Steven Stone 007\n|c|\u2606Ginesect|really unexpected\n","uploadtime":1698744270,"views":10,"p1id":"ginesect","p2id":"stevenstone007","formatid":"gen9nationaldexubers","rating":0,"private":0,"password":""}