{"id":"gen9nationaldexubers-1983270469","p1":"AerixThorn","p2":"Scrytre","format":"[Gen 9] National Dex Ubers","log":"|j|\u2606AerixThorn\n|j|\u2606Scrytre\n|t:|1699112622\n|gametype|singles\n|player|p1|AerixThorn|pryce|1139\n|player|p2|Scrytre|buck|1155\n|teamsize|p1|6\n|teamsize|p2|6\n|gen|9\n|tier|[Gen 9] National Dex Ubers\n|rated|\n|rule|HP Percentage Mod: HP is shown in percentages\n|rule|Endless Battle Clause: Forcing endless battles is banned\n|rule|OHKO Clause: OHKO moves are banned\n|rule|Evasion Moves Clause: Evasion moves are banned\n|rule|Evasion Items Clause: Evasion items are banned\n|rule|Species Clause: Limit one of each Pok\u00e9mon\n|rule|Sleep Clause Mod: Limit one foe put to sleep\n|rule|Mega Rayquaza Clause: You cannot mega evolve Rayquaza\n|clearpoke\n|poke|p1|Aurorus, F|\n|poke|p1|Maushold|\n|poke|p1|Forretress, F|\n|poke|p1|Magearna|\n|poke|p1|Galvantula, F|\n|poke|p1|Darmanitan-Galar, F|\n|poke|p2|Zygarde-10%|\n|poke|p2|Xerneas-*|\n|poke|p2|Yveltal|\n|poke|p2|Venusaur, M|\n|poke|p2|Kyogre|\n|poke|p2|Blaziken, M|\n|teampreview\n|inactive|Battle timer is ON: inactive players will automatically lose when time's up. (requested by AerixThorn)\n|inactive|Scrytre also wants the timer to be on.\n|inactive|Scrytre has 120 seconds left.\n|\n|t:|1699112672\n|start\n|switch|p1a: Galvantula|Galvantula, F|100\/100\n|switch|p2a: Venusaur|Venusaur, M|100\/100\n|turn|1\n|\n|t:|1699112681\n|detailschange|p2a: Venusaur|Venusaur-Mega, M\n|-mega|p2a: Venusaur|Venusaur|Venusaurite\n|move|p1a: Galvantula|Sticky Web|p2a: Venusaur\n|-sidestart|p2: Scrytre|move: Sticky Web\n|move|p2a: Venusaur|Sleep Powder|p1a: Galvantula|[miss]\n|-miss|p2a: Venusaur|p1a: Galvantula\n|\n|upkeep\n|turn|2\n|\n|t:|1699112689\n|move|p1a: Galvantula|Thunder Wave|p2a: Venusaur\n|-status|p2a: Venusaur|par\n|cant|p2a: Venusaur|par\n|\n|upkeep\n|turn|3\n|\n|t:|1699112695\n|move|p1a: Galvantula|Thunder|p2a: Venusaur\n|-resisted|p2a: Venusaur\n|-damage|p2a: Venusaur|84\/100 par\n|move|p2a: Venusaur|Sleep Powder|p1a: Galvantula\n|-status|p1a: Galvantula|slp|[from] move: Sleep Powder\n|\n|upkeep\n|turn|4\n|\n|t:|1699112704\n|cant|p1a: Galvantula|slp\n|move|p2a: Venusaur|Sludge Bomb|p1a: Galvantula\n|-damage|p1a: Galvantula|25\/100 slp\n|\n|upkeep\n|turn|5\n|\n|t:|1699112710\n|cant|p1a: Galvantula|slp\n|move|p2a: Venusaur|Sludge Bomb|p1a: Galvantula\n|-damage|p1a: Galvantula|0 fnt\n|faint|p1a: Galvantula\n|\n|upkeep\n|\n|t:|1699112713\n|switch|p1a: Forretress|Forretress, F|100\/100\n|turn|6\n|\n|t:|1699112721\n|move|p1a: Forretress|Stealth Rock|p2a: Venusaur\n|-sidestart|p2: Scrytre|move: Stealth Rock\n|move|p2a: Venusaur|Sunny Day|p2a: Venusaur\n|-weather|SunnyDay\n|\n|-weather|SunnyDay|[upkeep]\n|upkeep\n|turn|7\n|\n|t:|1699112727\n|move|p1a: Forretress|Spikes|p2a: Venusaur\n|-sidestart|p2: Scrytre|Spikes\n|move|p2a: Venusaur|Sludge Bomb|p1a: Forretress\n|-immune|p1a: Forretress\n|\n|-weather|SunnyDay|[upkeep]\n|upkeep\n|turn|8\n|\n|t:|1699112735\n|move|p1a: Forretress|Spikes|p2a: Venusaur\n|-sidestart|p2: Scrytre|Spikes\n|move|p2a: Venusaur|Leech Seed|p1a: Forretress\n|-start|p1a: Forretress|move: Leech Seed\n|\n|-weather|SunnyDay|[upkeep]\n|-damage|p1a: Forretress|88\/100|[from] Leech Seed|[of] p2a: Venusaur\n|-heal|p2a: Venusaur|99\/100 par|[silent]\n|upkeep\n|turn|9\n|\n|t:|1699112745\n|move|p1a: Forretress|Spikes|p2a: Venusaur\n|-sidestart|p2: Scrytre|Spikes\n|move|p2a: Venusaur|Sleep Powder|p1a: Forretress|[miss]\n|-miss|p2a: Venusaur|p1a: Forretress\n|\n|-weather|SunnyDay|[upkeep]\n|-damage|p1a: Forretress|76\/100|[from] Leech Seed|[of] p2a: Venusaur\n|-heal|p2a: Venusaur|100\/100 par|[silent]\n|upkeep\n|turn|10\n|\n|t:|1699112754\n|move|p1a: Forretress|Toxic Spikes|p2a: Venusaur\n|-sidestart|p2: Scrytre|move: Toxic Spikes\n|move|p2a: Venusaur|Sleep Powder|p1a: Forretress\n|-status|p1a: Forretress|slp|[from] move: Sleep Powder\n|\n|-weather|none\n|-damage|p1a: Forretress|63\/100 slp|[from] Leech Seed|[of] p2a: Venusaur\n|upkeep\n|turn|11\n|\n|t:|1699112763\n|cant|p1a: Forretress|slp\n|move|p2a: Venusaur|Leech Seed||[still]\n|-fail|p2a: Venusaur\n|\n|-damage|p1a: Forretress|51\/100 slp|[from] Leech Seed|[of] p2a: Venusaur\n|upkeep\n|turn|12\n|\n|t:|1699112771\n|cant|p1a: Forretress|slp\n|move|p2a: Venusaur|Sunny Day|p2a: Venusaur\n|-weather|SunnyDay\n|\n|-weather|SunnyDay|[upkeep]\n|-damage|p1a: Forretress|38\/100 slp|[from] Leech Seed|[of] p2a: Venusaur\n|upkeep\n|turn|13\n|\n|t:|1699112780\n|-curestatus|p1a: Forretress|slp|[msg]\n|move|p1a: Forretress|Toxic Spikes|p2a: Venusaur\n|-sidestart|p2: Scrytre|move: Toxic Spikes\n|move|p2a: Venusaur|Sleep Powder|p1a: Forretress\n|-status|p1a: Forretress|slp|[from] move: Sleep Powder\n|\n|-weather|SunnyDay|[upkeep]\n|-damage|p1a: Forretress|26\/100 slp|[from] Leech Seed|[of] p2a: Venusaur\n|upkeep\n|turn|14\n|\n|t:|1699112799\n|cant|p1a: Forretress|slp\n|move|p2a: Venusaur|Sleep Powder|p1a: Forretress\n|-fail|p1a: Forretress|slp\n|\n|-weather|SunnyDay|[upkeep]\n|-damage|p1a: Forretress|13\/100 slp|[from] Leech Seed|[of] p2a: Venusaur\n|upkeep\n|turn|15\n|\n|t:|1699112813\n|cant|p1a: Forretress|slp\n|move|p2a: Venusaur|Sunny Day||[still]\n|-fail|p2a: Venusaur\n|\n|-weather|SunnyDay|[upkeep]\n|-damage|p1a: Forretress|1\/100 slp|[from] Leech Seed|[of] p2a: Venusaur\n|upkeep\n|turn|16\n|\n|t:|1699112822\n|cant|p1a: Forretress|slp\n|move|p2a: Venusaur|Leech Seed||[still]\n|-fail|p2a: Venusaur\n|\n|-weather|none\n|-damage|p1a: Forretress|0 fnt|[from] Leech Seed|[of] p2a: Venusaur\n|faint|p1a: Forretress\n|upkeep\n|\n|t:|1699112829\n|switch|p1a: Maushold|Maushold|100\/100\n|turn|17\n|\n|t:|1699112835\n|move|p1a: Maushold|Population Bomb|p2a: Venusaur\n|-damage|p2a: Venusaur|90\/100 par\n|-damage|p2a: Venusaur|80\/100 par\n|-damage|p2a: Venusaur|68\/100 par\n|-damage|p2a: Venusaur|57\/100 par\n|-damage|p2a: Venusaur|47\/100 par\n|-damage|p2a: Venusaur|37\/100 par\n|-damage|p2a: Venusaur|26\/100 par\n|-damage|p2a: Venusaur|14\/100 par\n|-damage|p2a: Venusaur|4\/100 par\n|-crit|p2a: Venusaur\n|-damage|p2a: Venusaur|0 fnt\n|faint|p2a: Venusaur\n|-hitcount|p2: Venusaur|10\n|\n|upkeep\n|\n|t:|1699112854\n|switch|p2a: Blaziken|Blaziken, M, shiny|100\/100\n|-activate|p2a: Blaziken|move: Sticky Web\n|-unboost|p2a: Blaziken|spe|1\n|-damage|p2a: Blaziken|88\/100|[from] Stealth Rock\n|-damage|p2a: Blaziken|63\/100|[from] Spikes\n|-status|p2a: Blaziken|tox\n|turn|18\n|\n|t:|1699112862\n|move|p1a: Maushold|Population Bomb|p2a: Blaziken\n|-damage|p2a: Blaziken|46\/100 tox\n|-damage|p2a: Blaziken|30\/100 tox\n|-damage|p2a: Blaziken|14\/100 tox\n|-crit|p2a: Blaziken\n|-damage|p2a: Blaziken|0 fnt\n|faint|p2a: Blaziken\n|-hitcount|p2: Blaziken|4\n|\n|upkeep\n|\n|t:|1699112866\n|switch|p2a: Kyoko|Kyogre, shiny|100\/100\n|-activate|p2a: Kyoko|move: Sticky Web\n|-unboost|p2a: Kyoko|spe|1\n|-damage|p2a: Kyoko|88\/100|[from] Stealth Rock\n|-damage|p2a: Kyoko|63\/100|[from] Spikes\n|-status|p2a: Kyoko|tox\n|detailschange|p2a: Kyoko|Kyogre-Primal, shiny\n|-primal|p2a: Kyoko|Blue Orb\n|-weather|PrimordialSea|[from] ability: Primordial Sea|[of] p2a: Kyoko\n|turn|19\n|\n|t:|1699112878\n|move|p1a: Maushold|Population Bomb|p2a: Kyoko\n|-damage|p2a: Kyoko|50\/100 tox\n|-damage|p2a: Kyoko|35\/100 tox\n|-damage|p2a: Kyoko|21\/100 tox\n|-damage|p2a: Kyoko|7\/100 tox\n|-damage|p2a: Kyoko|0 fnt\n|faint|p2a: Kyoko\n|-weather|none\n|-hitcount|p2: Kyoko|5\n|\n|upkeep\n|\n|t:|1699112883\n|switch|p2a: Yveltal|Yveltal|100\/100\n|-damage|p2a: Yveltal|76\/100|[from] Stealth Rock\n|-ability|p2a: Yveltal|Dark Aura\n|turn|20\n|\n|t:|1699112893\n|-terastallize|p2a: Yveltal|Dark\n|move|p1a: Maushold|Population Bomb|p2a: Yveltal\n|-damage|p2a: Yveltal|65\/100\n|-damage|p2a: Yveltal|54\/100\n|-damage|p2a: Yveltal|42\/100\n|-damage|p2a: Yveltal|31\/100\n|-damage|p2a: Yveltal|19\/100\n|-damage|p2a: Yveltal|8\/100\n|-damage|p2a: Yveltal|0 fnt\n|faint|p2a: Yveltal\n|-hitcount|p2: Yveltal|7\n|\n|upkeep\n|\n|t:|1699112898\n|switch|p2a: Xerneas|Xerneas|100\/100\n|-activate|p2a: Xerneas|move: Sticky Web\n|-unboost|p2a: Xerneas|spe|1\n|-damage|p2a: Xerneas|88\/100|[from] Stealth Rock\n|-damage|p2a: Xerneas|63\/100|[from] Spikes\n|-status|p2a: Xerneas|tox\n|-ability|p2a: Xerneas|Fairy Aura\n|turn|21\n|\n|t:|1699112914\n|move|p1a: Maushold|Population Bomb|p2a: Xerneas\n|-damage|p2a: Xerneas|54\/100 tox\n|-damage|p2a: Xerneas|45\/100 tox\n|-damage|p2a: Xerneas|35\/100 tox\n|-damage|p2a: Xerneas|24\/100 tox\n|-damage|p2a: Xerneas|14\/100 tox\n|-damage|p2a: Xerneas|5\/100 tox\n|-damage|p2a: Xerneas|0 fnt\n|faint|p2a: Xerneas\n|-hitcount|p2: Xerneas|7\n|\n|upkeep\n|-message|Scrytre forfeited.\n|\n|win|AerixThorn\n|raw|AerixThorn's rating: 1139 &rarr; <strong>1165<\/strong><br \/>(+26 for winning)\n|raw|Scrytre's rating: 1155 &rarr; <strong>1129<\/strong><br \/>(-26 for losing)\n|l|\u2606Scrytre\n","uploadtime":1699112932,"views":8,"p1id":"aerixthorn","p2id":"scrytre","formatid":"gen9nationaldexubers","rating":1129,"private":0,"password":""}