{"id":"gen9nationaldexubers-1997727499","p1":"Szymszym134","p2":"Hayer","format":"[Gen 9] National Dex Ubers","log":"|j|\u2606Szymszym134\n|j|\u2606Hayer\n|t:|1700846257\n|gametype|singles\n|player|p1|Szymszym134|elesa|1741\n|player|p2|Hayer|blue-gen1|1624\n|teamsize|p1|6\n|teamsize|p2|6\n|gen|9\n|tier|[Gen 9] National Dex Ubers\n|rated|\n|rule|HP Percentage Mod: HP is shown in percentages\n|rule|Endless Battle Clause: Forcing endless battles is banned\n|rule|OHKO Clause: OHKO moves are banned\n|rule|Evasion Moves Clause: Evasion moves are banned\n|rule|Evasion Items Clause: Evasion items are banned\n|rule|Species Clause: Limit one of each Pok\u00e9mon\n|rule|Sleep Clause Mod: Limit one foe put to sleep\n|rule|Mega Rayquaza Clause: You cannot mega evolve Rayquaza\n|clearpoke\n|poke|p1|Magearna|\n|poke|p1|Arceus-Ground|\n|poke|p1|Yveltal|\n|poke|p1|Ditto|\n|poke|p1|Garganacl, M|\n|poke|p1|Zygarde|\n|poke|p2|Deoxys-Speed|\n|poke|p2|Xerneas-*|\n|poke|p2|Zacian-*|\n|poke|p2|Giratina-Origin|\n|poke|p2|Kangaskhan, F|\n|poke|p2|Arceus-Ground|\n|teampreview\n|inactive|Battle timer is ON: inactive players will automatically lose when time's up. (requested by Szymszym134)\n|c|\u2606Hayer|elo\n|c|\u2606Szymszym134|Elo\n|\n|t:|1700846269\n|start\n|switch|p1a: Yveltal|Yveltal|100\/100\n|switch|p2a: Deoxys|Deoxys-Speed|100\/100\n|-ability|p2a: Deoxys|Pressure\n|-ability|p1a: Yveltal|Dark Aura\n|turn|1\n|\n|t:|1700846275\n|move|p2a: Deoxys|Stealth Rock|p1a: Yveltal\n|-sidestart|p1: Szymszym134|move: Stealth Rock\n|move|p1a: Yveltal|Foul Play|p2a: Deoxys\n|-supereffective|p2a: Deoxys\n|-enditem|p2a: Deoxys|Focus Sash\n|-damage|p2a: Deoxys|1\/100\n|\n|upkeep\n|turn|2\n|\n|t:|1700846280\n|move|p2a: Deoxys|Knock Off|p1a: Yveltal\n|-resisted|p1a: Yveltal\n|-damage|p1a: Yveltal|89\/100\n|-enditem|p1a: Yveltal|Heavy-Duty Boots|[from] move: Knock Off|[of] p2a: Deoxys\n|move|p1a: Yveltal|Foul Play|p2a: Deoxys\n|-supereffective|p2a: Deoxys\n|-damage|p2a: Deoxys|0 fnt\n|faint|p2a: Deoxys\n|\n|upkeep\n|inactive|Hayer has 120 seconds left.\n|\n|t:|1700846311\n|switch|p2a: Arceus|Arceus-Ground|100\/100\n|turn|3\n|\n|t:|1700846314\n|move|p2a: Arceus|Taunt|p1a: Yveltal\n|-start|p1a: Yveltal|move: Taunt\n|cant|p1a: Yveltal|move: Taunt|Toxic\n|\n|upkeep\n|turn|4\n|\n|t:|1700846319\n|switch|p1a: Arceus|Arceus-Ground|100\/100\n|-damage|p1a: Arceus|94\/100|[from] Stealth Rock\n|move|p2a: Arceus|Dragon Dance|p2a: Arceus\n|-boost|p2a: Arceus|atk|1\n|-boost|p2a: Arceus|spe|1\n|\n|upkeep\n|turn|5\n|\n|t:|1700846321\n|move|p2a: Arceus|Taunt|p1a: Arceus\n|-start|p1a: Arceus|move: Taunt\n|cant|p1a: Arceus|move: Taunt|Toxic\n|\n|upkeep\n|turn|6\n|\n|t:|1700846324\n|move|p2a: Arceus|Earthquake|p1a: Arceus\n|-damage|p1a: Arceus|28\/100\n|move|p1a: Arceus|Judgment|p2a: Arceus\n|-damage|p2a: Arceus|63\/100\n|\n|upkeep\n|turn|7\n|\n|t:|1700846327\n|move|p2a: Arceus|Earthquake|p1a: Arceus\n|-damage|p1a: Arceus|0 fnt\n|faint|p1a: Arceus\n|\n|upkeep\n|\n|t:|1700846331\n|switch|p1a: Zygarde|Zygarde|100\/100\n|-damage|p1a: Zygarde|94\/100|[from] Stealth Rock\n|turn|8\n|\n|t:|1700846335\n|move|p2a: Arceus|Taunt|p1a: Zygarde\n|-start|p1a: Zygarde|move: Taunt\n|move|p1a: Zygarde|Dragon Tail|p2a: Arceus\n|-damage|p2a: Arceus|47\/100\n|drag|p2a: Zacian|Zacian-Crowned|100\/100\n|-ability|p2a: Zacian|Intrepid Sword|boost\n|-boost|p2a: Zacian|atk|1\n|\n|-heal|p1a: Zygarde|100\/100|[from] item: Leftovers\n|upkeep\n|turn|9\n|\n|t:|1700846350\n|switch|p2a: Arceus|Arceus-Ground|47\/100\n|-terastallize|p1a: Zygarde|Fairy\n|move|p1a: Zygarde|Thousand Arrows|p2a: Arceus\n|-damage|p2a: Arceus|23\/100\n|\n|upkeep\n|turn|10\n|\n|t:|1700846362\n|move|p2a: Arceus|Earthquake|p1a: Zygarde\n|-damage|p1a: Zygarde|57\/100\n|move|p1a: Zygarde|Thousand Arrows|p2a: Arceus\n|-damage|p2a: Arceus|0 fnt\n|faint|p2a: Arceus\n|\n|-heal|p1a: Zygarde|63\/100|[from] item: Leftovers\n|-end|p1a: Zygarde|move: Taunt\n|upkeep\n|\n|t:|1700846370\n|switch|p2a: Kangaskhan|Kangaskhan, F|100\/100\n|turn|11\n|\n|t:|1700846377\n|detailschange|p2a: Kangaskhan|Kangaskhan-Mega, F\n|-mega|p2a: Kangaskhan|Kangaskhan|Kangaskhanite\n|move|p2a: Kangaskhan|Power-Up Punch|p1a: Zygarde\n|-resisted|p1a: Zygarde\n|-damage|p1a: Zygarde|57\/100\n|-boost|p2a: Kangaskhan|atk|1\n|-resisted|p1a: Zygarde\n|-damage|p1a: Zygarde|56\/100\n|-boost|p2a: Kangaskhan|atk|1\n|-hitcount|p1a: Zygarde|2\n|move|p1a: Zygarde|Coil|p1a: Zygarde\n|-boost|p1a: Zygarde|atk|1\n|-boost|p1a: Zygarde|def|1\n|-boost|p1a: Zygarde|accuracy|1\n|\n|-heal|p1a: Zygarde|62\/100|[from] item: Leftovers\n|upkeep\n|turn|12\n|\n|t:|1700846384\n|move|p2a: Kangaskhan|Power-Up Punch|p1a: Zygarde\n|-resisted|p1a: Zygarde\n|-damage|p1a: Zygarde|55\/100\n|-boost|p2a: Kangaskhan|atk|1\n|-resisted|p1a: Zygarde\n|-damage|p1a: Zygarde|53\/100\n|-boost|p2a: Kangaskhan|atk|1\n|-hitcount|p1a: Zygarde|2\n|move|p1a: Zygarde|Dragon Tail|p2a: Kangaskhan\n|-damage|p2a: Kangaskhan|74\/100\n|drag|p2a: Xerneas|Xerneas|100\/100\n|-ability|p2a: Xerneas|Fairy Aura\n|\n|-heal|p1a: Zygarde|59\/100|[from] item: Leftovers\n|upkeep\n|turn|13\n|\n|t:|1700846395\n|move|p2a: Xerneas|Substitute|p2a: Xerneas\n|-start|p2a: Xerneas|Substitute\n|-damage|p2a: Xerneas|76\/100\n|move|p1a: Zygarde|Thousand Arrows|p2a: Xerneas\n|-crit|p2a: Xerneas\n|-end|p2a: Xerneas|Substitute\n|\n|-heal|p1a: Zygarde|65\/100|[from] item: Leftovers\n|upkeep\n|turn|14\n|\n|t:|1700846398\n|move|p2a: Xerneas|Substitute|p2a: Xerneas\n|-start|p2a: Xerneas|Substitute\n|-damage|p2a: Xerneas|51\/100\n|move|p1a: Zygarde|Thousand Arrows|p2a: Xerneas\n|-end|p2a: Xerneas|Substitute\n|\n|-heal|p1a: Zygarde|72\/100|[from] item: Leftovers\n|upkeep\n|turn|15\n|\n|t:|1700846401\n|move|p2a: Xerneas|Geomancy||[still]\n|-prepare|p2a: Xerneas|Geomancy\n|-enditem|p2a: Xerneas|Power Herb\n|-anim|p2a: Xerneas|Geomancy|p2a: Xerneas\n|-boost|p2a: Xerneas|spa|2\n|-boost|p2a: Xerneas|spd|2\n|-boost|p2a: Xerneas|spe|2\n|move|p1a: Zygarde|Thousand Arrows|p2a: Xerneas\n|-damage|p2a: Xerneas|9\/100\n|\n|-heal|p1a: Zygarde|78\/100|[from] item: Leftovers\n|upkeep\n|turn|16\n|\n|t:|1700846417\n|switch|p1a: Magearna|Magearna|100\/100\n|-damage|p1a: Magearna|94\/100|[from] Stealth Rock\n|move|p2a: Xerneas|Moonblast|p1a: Magearna\n|-resisted|p1a: Magearna\n|-damage|p1a: Magearna|44\/100\n|\n|-heal|p1a: Magearna|50\/100|[from] item: Leftovers\n|upkeep\n|turn|17\n|\n|t:|1700846421\n|move|p2a: Xerneas|Moonblast|p1a: Magearna\n|-resisted|p1a: Magearna\n|-damage|p1a: Magearna|0 fnt\n|faint|p1a: Magearna\n|\n|upkeep\n|\n|t:|1700846425\n|switch|p1a: Ditto|Ditto|100\/100\n|-damage|p1a: Ditto|88\/100|[from] Stealth Rock\n|-transform|p1a: Ditto|p2a: Xerneas|[from] ability: Imposter\n|-ability|p1a: Ditto|Fairy Aura\n|turn|18\n|\n|t:|1700846431\n|move|p1a: Ditto|Moonblast|p2a: Xerneas\n|-damage|p2a: Xerneas|0 fnt\n|faint|p2a: Xerneas\n|\n|upkeep\n|\n|t:|1700846435\n|switch|p2a: Zacian|Zacian-Crowned|100\/100\n|turn|19\n|\n|t:|1700846438\n|switch|p1a: Yveltal|Yveltal|89\/100\n|-damage|p1a: Yveltal|64\/100|[from] Stealth Rock\n|-ability|p1a: Yveltal|Dark Aura\n|move|p2a: Zacian|Behemoth Blade|p1a: Yveltal\n|-damage|p1a: Yveltal|15\/100\n|\n|upkeep\n|turn|20\n|\n|t:|1700846441\n|move|p2a: Zacian|Behemoth Blade|p1a: Yveltal\n|-damage|p1a: Yveltal|0 fnt\n|faint|p1a: Yveltal\n|\n|upkeep\n|\n|t:|1700846443\n|switch|p1a: Ditto|Ditto|88\/100\n|-damage|p1a: Ditto|76\/100|[from] Stealth Rock\n|-transform|p1a: Ditto|p2a: Zacian|[from] ability: Imposter\n|-ability|p1a: Ditto|Intrepid Sword|boost\n|-boost|p1a: Ditto|atk|1\n|turn|21\n|\n|t:|1700846456\n|move|p1a: Ditto|Behemoth Blade|p2a: Zacian\n|-damage|p2a: Zacian|13\/100\n|move|p2a: Zacian|Behemoth Blade|p1a: Ditto\n|-damage|p1a: Ditto|12\/100\n|\n|upkeep\n|turn|22\n|\n|t:|1700846465\n|switch|p2a: Kangaskhan|Kangaskhan-Mega, F|74\/100\n|move|p1a: Ditto|Behemoth Blade|p2a: Kangaskhan\n|-damage|p2a: Kangaskhan|0 fnt\n|faint|p2a: Kangaskhan\n|\n|upkeep\n|\n|t:|1700846467\n|switch|p2a: Giratina|Giratina-Origin|100\/100\n|turn|23\n|\n|t:|1700846474\n|move|p2a: Giratina|Shadow Sneak|p1a: Ditto\n|-damage|p1a: Ditto|0 fnt\n|faint|p1a: Ditto\n|\n|upkeep\n|\n|t:|1700846477\n|switch|p1a: Garganacl|Garganacl, M|100\/100\n|-damage|p1a: Garganacl|88\/100|[from] Stealth Rock\n|turn|24\n|\n|t:|1700846482\n|move|p2a: Giratina|Hone Claws|p2a: Giratina\n|-boost|p2a: Giratina|atk|1\n|-boost|p2a: Giratina|accuracy|1\n|move|p1a: Garganacl|Salt Cure|p2a: Giratina\n|-damage|p2a: Giratina|92\/100\n|-start|p2a: Giratina|Salt Cure\n|\n|-heal|p1a: Garganacl|94\/100|[from] item: Leftovers\n|-damage|p2a: Giratina|79\/100|[from] Salt Cure\n|upkeep\n|turn|25\n|\n|t:|1700846485\n|move|p2a: Giratina|Hone Claws|p2a: Giratina\n|-boost|p2a: Giratina|atk|1\n|-boost|p2a: Giratina|accuracy|1\n|move|p1a: Garganacl|Stealth Rock|p2a: Giratina\n|-sidestart|p2: Hayer|move: Stealth Rock\n|\n|-heal|p1a: Garganacl|100\/100|[from] item: Leftovers\n|-damage|p2a: Giratina|67\/100|[from] Salt Cure\n|upkeep\n|turn|26\n|\n|t:|1700846488\n|switch|p1a: Zygarde|Zygarde, tera:Fairy|78\/100\n|-damage|p1a: Zygarde|65\/100|[from] Stealth Rock\n|move|p2a: Giratina|Poltergeist|p1a: Zygarde\n|-activate|p1a: Zygarde|move: Poltergeist|Leftovers\n|-damage|p1a: Zygarde|0 fnt\n|faint|p1a: Zygarde\n|\n|-damage|p2a: Giratina|55\/100|[from] Salt Cure\n|upkeep\n|\n|t:|1700846496\n|switch|p1a: Garganacl|Garganacl, M|100\/100\n|-damage|p1a: Garganacl|88\/100|[from] Stealth Rock\n|turn|27\n|\n|t:|1700846499\n|move|p2a: Giratina|Poltergeist|p1a: Garganacl\n|-activate|p1a: Garganacl|move: Poltergeist|Leftovers\n|-damage|p1a: Garganacl|52\/100\n|move|p1a: Garganacl|Recover|p1a: Garganacl\n|-heal|p1a: Garganacl|100\/100\n|\n|-damage|p2a: Giratina|42\/100|[from] Salt Cure\n|upkeep\n|turn|28\n|\n|t:|1700846525\n|move|p2a: Giratina|Hone Claws|p2a: Giratina\n|-boost|p2a: Giratina|atk|1\n|-boost|p2a: Giratina|accuracy|1\n|move|p1a: Garganacl|Salt Cure|p2a: Giratina\n|-damage|p2a: Giratina|33\/100\n|\n|-damage|p2a: Giratina|21\/100|[from] Salt Cure\n|upkeep\n|turn|29\n|\n|t:|1700846535\n|-terastallize|p2a: Giratina|Fairy\n|move|p2a: Giratina|Tera Blast|p1a: Garganacl|[anim] Tera Blast Fairy\n|-damage|p1a: Garganacl|46\/100\n|move|p1a: Garganacl|Salt Cure|p2a: Giratina\n|-damage|p2a: Giratina|11\/100\n|\n|-heal|p1a: Garganacl|52\/100|[from] item: Leftovers\n|-damage|p2a: Giratina|0 fnt|[from] Salt Cure\n|faint|p2a: Giratina\n|upkeep\n|\n|t:|1700846539\n|switch|p2a: Zacian|Zacian-Crowned|13\/100\n|-damage|p2a: Zacian|7\/100|[from] Stealth Rock\n|turn|30\n|\n|t:|1700846551\n|move|p2a: Zacian|Behemoth Blade|p1a: Garganacl\n|-supereffective|p1a: Garganacl\n|-damage|p1a: Garganacl|0 fnt\n|faint|p1a: Garganacl\n|\n|win|Hayer\n|raw|Szymszym134's rating: 1741 &rarr; <strong>1715<\/strong><br \/>(-26 for losing)\n|raw|Hayer's rating: 1624 &rarr; <strong>1650<\/strong><br \/>(+26 for winning)\n|c|\u2606Hayer|gg\n|c|\u2606Szymszym134|GG\n|l|\u2606Hayer\n","uploadtime":1700846564,"views":10,"p1id":"szymszym134","p2id":"hayer","formatid":"gen9nationaldexubers","rating":1650,"private":0,"password":""}