{"id":"gen9nationaldexubers-1997202289","p1":"700club","p2":"Water thing?","format":"[Gen 9] National Dex Ubers","log":"|j|\u2606700club\n|j|\u2606Water thing?\n|t:|1700775073\n|gametype|singles\n|player|p1|700club|shadowtriad|1264\n|player|p2|Water thing?|shauntal|1274\n|teamsize|p1|6\n|teamsize|p2|6\n|gen|9\n|tier|[Gen 9] National Dex Ubers\n|rated|\n|rule|HP Percentage Mod: HP is shown in percentages\n|rule|Endless Battle Clause: Forcing endless battles is banned\n|rule|OHKO Clause: OHKO moves are banned\n|rule|Evasion Moves Clause: Evasion moves are banned\n|rule|Evasion Items Clause: Evasion items are banned\n|rule|Species Clause: Limit one of each Pok\u00e9mon\n|rule|Sleep Clause Mod: Limit one foe put to sleep\n|rule|Mega Rayquaza Clause: You cannot mega evolve Rayquaza\n|clearpoke\n|poke|p1|Ogerpon-Hearthflame, F|\n|poke|p1|Ditto|\n|poke|p1|Deoxys-Speed|\n|poke|p1|Mewtwo|\n|poke|p1|Necrozma-Dusk-Mane|\n|poke|p1|Blissey, F|\n|poke|p2|Marshadow|\n|poke|p2|Mimikyu, F|\n|poke|p2|Polteageist-Antique|\n|poke|p2|Aegislash, M|\n|poke|p2|Darkrai|\n|poke|p2|Lunala|\n|teampreview\n|c|\u2606700club|hi\n|\n|t:|1700775081\n|start\n|switch|p1a: Deoxys|Deoxys-Speed|100\/100\n|switch|p2a: Pumpkin|Polteageist-Antique|100\/100\n|-ability|p1a: Deoxys|Pressure\n|turn|1\n|c|\u2606Water thing?|gl hf\n|c|\u2606700club|u too!\n|\n|t:|1700775102\n|move|p1a: Deoxys|Taunt|p2a: Pumpkin\n|-start|p2a: Pumpkin|move: Taunt\n|move|p2a: Pumpkin|Shadow Ball|p1a: Deoxys\n|-supereffective|p1a: Deoxys\n|-damage|p1a: Deoxys|5\/100\n|\n|upkeep\n|turn|2\n|\n|t:|1700775109\n|move|p1a: Deoxys|Stealth Rock|p2a: Pumpkin\n|-sidestart|p2: Water thing?|move: Stealth Rock\n|move|p2a: Pumpkin|Giga Drain|p1a: Deoxys\n|-damage|p1a: Deoxys|0 fnt\n|faint|p1a: Deoxys\n|\n|upkeep\n|\n|t:|1700775129\n|switch|p1a: Blissey|Blissey, F|100\/100\n|turn|3\n|\n|t:|1700775137\n|switch|p2a: MOON|Lunala, shiny|100\/100\n|-damage|p2a: MOON|88\/100|[from] Stealth Rock\n|move|p1a: Blissey|Thunder Wave|p2a: MOON\n|-status|p2a: MOON|par\n|\n|upkeep\n|turn|4\n|c|\u2606700club|cool tea\n|c|\u2606Water thing?|thanks\n|c|\u2606700club|team\n|\n|t:|1700775162\n|cant|p2a: MOON|par\n|move|p1a: Blissey|Shadow Ball|p2a: MOON\n|-supereffective|p2a: MOON\n|-damage|p2a: MOON|44\/100 par\n|\n|upkeep\n|turn|5\n|c|\u2606Water thing?|ur team isn't bad either\n|\n|t:|1700775181\n|move|p2a: MOON|Defog|p1a: Blissey\n|-unboost|p1a: Blissey|evasion|1\n|-sideend|p2: Water thing?|Stealth Rock|[from] move: Defog|[of] p2a: MOON\n|move|p1a: Blissey|Shadow Ball|p2a: MOON\n|-supereffective|p2a: MOON\n|-damage|p2a: MOON|1\/100 par\n|\n|upkeep\n|turn|6\n|c|\u2606700club|:)\n|\n|t:|1700775195\n|cant|p2a: MOON|par\n|move|p1a: Blissey|Shadow Ball|p2a: MOON\n|-supereffective|p2a: MOON\n|-damage|p2a: MOON|0 fnt\n|faint|p2a: MOON\n|\n|upkeep\n|\n|t:|1700775201\n|switch|p2a: Shadow|Darkrai|100\/100\n|turn|7\n|\n|t:|1700775215\n|move|p2a: Shadow|Hypnosis|p1a: Blissey|[miss]\n|-miss|p2a: Shadow|p1a: Blissey\n|move|p1a: Blissey|Thunder Wave|p2a: Shadow\n|-status|p2a: Shadow|par\n|\n|upkeep\n|turn|8\n|\n|t:|1700775227\n|move|p2a: Shadow|Hypnosis|p1a: Blissey\n|-status|p1a: Blissey|slp|[from] move: Hypnosis\n|cant|p1a: Blissey|slp\n|\n|-damage|p1a: Blissey|88\/100 slp|[from] ability: Bad Dreams|[of] p2a: Shadow\n|upkeep\n|turn|9\n|\n|t:|1700775237\n|-curestatus|p1a: Blissey|slp|[from] ability: Natural Cure\n|switch|p1a: Ogerpon|Ogerpon-Hearthflame, F|100\/100\n|-ability|p1a: Ogerpon|Mold Breaker\n|cant|p2a: Shadow|par\n|\n|upkeep\n|turn|10\n|\n|t:|1700775246\n|move|p1a: Ogerpon|Substitute|p1a: Ogerpon\n|-start|p1a: Ogerpon|Substitute\n|-damage|p1a: Ogerpon|76\/100\n|move|p2a: Shadow|Substitute|p2a: Shadow\n|-start|p2a: Shadow|Substitute\n|-damage|p2a: Shadow|76\/100 par\n|\n|-heal|p2a: Shadow|82\/100 par|[from] item: Leftovers\n|upkeep\n|turn|11\n|\n|t:|1700775257\n|-terastallize|p1a: Ogerpon|Fire\n|detailschange|p1a: Ogerpon|Ogerpon-Hearthflame-Tera, F, tera:Fire\n|-ability|p1a: Ogerpon|Embody Aspect (Hearthflame)|boost\n|-boost|p1a: Ogerpon|atk|1\n|move|p1a: Ogerpon|Ivy Cudgel|p2a: Shadow|[anim] Ivy Cudgel Fire\n|-end|p2a: Shadow|Substitute\n|move|p2a: Shadow|Dark Pulse|p1a: Ogerpon\n|-end|p1a: Ogerpon|Substitute\n|\n|-heal|p2a: Shadow|88\/100 par|[from] item: Leftovers\n|upkeep\n|turn|12\n|\n|t:|1700775270\n|move|p1a: Ogerpon|Ivy Cudgel|p2a: Shadow|[anim] Ivy Cudgel Fire\n|-damage|p2a: Shadow|0 fnt\n|faint|p2a: Shadow\n|\n|upkeep\n|\n|t:|1700775278\n|switch|p2a: Cuddles|Marshadow|100\/100\n|turn|13\n|\n|t:|1700775290\n|switch|p1a: Blissey|Blissey, F|88\/100\n|move|p2a: Cuddles|Drain Punch|p1a: Blissey\n|-supereffective|p1a: Blissey\n|-damage|p1a: Blissey|10\/100\n|-damage|p2a: Cuddles|84\/100|[from] item: Rocky Helmet|[of] p1a: Blissey\n|\n|upkeep\n|turn|14\n|\n|t:|1700775303\n|move|p2a: Cuddles|Rock Tomb|p1a: Blissey\n|-damage|p1a: Blissey|0 fnt\n|faint|p1a: Blissey\n|\n|upkeep\n|\n|t:|1700775310\n|switch|p1a: Mewtwo|Mewtwo|100\/100\n|-ability|p1a: Mewtwo|Unnerve\n|turn|15\n|\n|t:|1700775319\n|detailschange|p1a: Mewtwo|Mewtwo-Mega-Y\n|-mega|p1a: Mewtwo|Mewtwo|Mewtwonite Y\n|-terastallize|p2a: Cuddles|Ghost\n|move|p2a: Cuddles|Shadow Sneak|p1a: Mewtwo\n|-supereffective|p1a: Mewtwo\n|-damage|p1a: Mewtwo|0 fnt\n|faint|p1a: Mewtwo\n|\n|upkeep\n|\n|t:|1700775336\n|switch|p1a: Ditto|Ditto|100\/100\n|-transform|p1a: Ditto|p2a: Cuddles|[from] ability: Imposter\n|-start|p1a: Ditto|typechange|Fighting\/Ghost|[silent]\n|turn|16\n|\n|t:|1700775343\n|move|p1a: Ditto|Shadow Sneak|p2a: Cuddles\n|-supereffective|p2a: Cuddles\n|-damage|p2a: Cuddles|11\/100\n|move|p2a: Cuddles|Shadow Sneak|p1a: Ditto\n|-supereffective|p1a: Ditto\n|-damage|p1a: Ditto|0 fnt\n|faint|p1a: Ditto\n|\n|upkeep\n|\n|t:|1700775353\n|switch|p1a: Necrozma|Necrozma-Dusk-Mane|100\/100\n|turn|17\n|\n|t:|1700775371\n|move|p2a: Cuddles|Spectral Thief|p1a: Necrozma\n|-supereffective|p1a: Necrozma\n|-damage|p1a: Necrozma|24\/100\n|move|p1a: Necrozma|Photon Geyser|p2a: Cuddles\n|-damage|p2a: Cuddles|0 fnt\n|faint|p2a: Cuddles\n|\n|upkeep\n|\n|t:|1700775383\n|switch|p2a: Cuddles 2|Mimikyu, F|100\/100\n|turn|18\n|\n|t:|1700775389\n|detailschange|p1a: Necrozma|Necrozma-Ultra\n|-burst|p1a: Necrozma|Necrozma|Ultranecrozium Z\n|move|p2a: Cuddles 2|Shadow Sneak|p1a: Necrozma\n|-supereffective|p1a: Necrozma\n|-damage|p1a: Necrozma|0 fnt\n|faint|p1a: Necrozma\n|-damage|p2a: Cuddles 2|91\/100|[from] item: Life Orb\n|\n|upkeep\n|\n|t:|1700775395\n|switch|p1a: Ogerpon|Ogerpon-Hearthflame-Tera, F, tera:Fire|76\/100\n|-ability|p1a: Ogerpon|Embody Aspect (Hearthflame)|boost\n|-boost|p1a: Ogerpon|atk|1\n|turn|19\n|\n|t:|1700775401\n|move|p2a: Cuddles 2|Shadow Sneak|p1a: Ogerpon\n|-damage|p1a: Ogerpon|53\/100\n|-damage|p2a: Cuddles 2|81\/100|[from] item: Life Orb\n|move|p1a: Ogerpon|Ivy Cudgel|p2a: Cuddles 2|[anim] Ivy Cudgel Fire\n|-activate|p2a: Cuddles 2|ability: Disguise\n|-damage|p2a: Cuddles 2|81\/100\n|detailschange|p2a: Cuddles 2|Mimikyu-Busted, F\n|-damage|p2a: Cuddles 2|68\/100|[from] pokemon: Mimikyu-Busted\n|\n|upkeep\n|turn|20\n|\n|t:|1700775411\n|move|p2a: Cuddles 2|Shadow Sneak|p1a: Ogerpon\n|-damage|p1a: Ogerpon|29\/100\n|-damage|p2a: Cuddles 2|58\/100|[from] item: Life Orb\n|move|p1a: Ogerpon|Ivy Cudgel|p2a: Cuddles 2|[anim] Ivy Cudgel Fire\n|-damage|p2a: Cuddles 2|0 fnt\n|faint|p2a: Cuddles 2\n|\n|upkeep\n|\n|t:|1700775418\n|switch|p2a: Pumpkin|Polteageist-Antique|100\/100\n|turn|21\n|\n|t:|1700775423\n|move|p1a: Ogerpon|Ivy Cudgel|p2a: Pumpkin|[anim] Ivy Cudgel Fire\n|-crit|p2a: Pumpkin\n|-enditem|p2a: Pumpkin|Focus Sash\n|-damage|p2a: Pumpkin|1\/100\n|-ability|p2a: Pumpkin|Weak Armor|boost\n|-unboost|p2a: Pumpkin|def|1\n|-boost|p2a: Pumpkin|spe|2\n|move|p2a: Pumpkin|Shadow Ball|p1a: Ogerpon\n|-damage|p1a: Ogerpon|0 fnt\n|faint|p1a: Ogerpon\n|\n|win|Water thing?\n|raw|700club's rating: 1264 &rarr; <strong>1240<\/strong><br \/>(-24 for losing)\n|raw|Water thing?'s rating: 1274 &rarr; <strong>1298<\/strong><br \/>(+24 for winning)\n|c|\u2606Water thing?|gg\n|c|\u2606700club|gg\n|l|\u2606Water thing?\n","uploadtime":1700775435,"views":9,"p1id":"700club","p2id":"waterthing","formatid":"gen9nationaldexubers","rating":1240,"private":0,"password":""}