{"id":"gen9nationaldexubers-1993588500","p1":"PIXIE-MODE\u2665\ufe0f","p2":"Azazelger","format":"[Gen 9] National Dex Ubers","log":"|j|\u2606PIXIE-MODE\u2665\ufe0f\n|j|\u2606Azazelger\n|t:|1700334867\n|gametype|singles\n|player|p1|PIXIE-MODE\u2665\ufe0f|valerie|1198\n|player|p2|Azazelger|2|1265\n|teamsize|p1|6\n|teamsize|p2|6\n|gen|9\n|tier|[Gen 9] National Dex Ubers\n|rated|\n|rule|HP Percentage Mod: HP is shown in percentages\n|rule|Endless Battle Clause: Forcing endless battles is banned\n|rule|OHKO Clause: OHKO moves are banned\n|rule|Evasion Moves Clause: Evasion moves are banned\n|rule|Evasion Items Clause: Evasion items are banned\n|rule|Species Clause: Limit one of each Pok\u00e9mon\n|rule|Sleep Clause Mod: Limit one foe put to sleep\n|rule|Mega Rayquaza Clause: You cannot mega evolve Rayquaza\n|clearpoke\n|poke|p1|Mawile, F|\n|poke|p1|Iron Valiant|\n|poke|p1|Clefable, F|\n|poke|p1|Grimmsnarl, M|\n|poke|p1|Weezing-Galar, F|\n|poke|p1|Magearna|\n|poke|p2|Galvantula, M|\n|poke|p2|Darkrai|\n|poke|p2|Naganadel|\n|poke|p2|Mimikyu, M|\n|poke|p2|Claydol|\n|poke|p2|Iron Moth|\n|teampreview\n|inactive|Battle timer is ON: inactive players will automatically lose when time's up. (requested by Azazelger)\n|\n|t:|1700334873\n|start\n|switch|p1a: \ud83d\udc97WEEZING\ud83d\udc96|Weezing-Galar, F, shiny|100\/100\n|switch|p2a: Voltula|Galvantula, M|100\/100\n|-fieldstart|move: Misty Terrain|[from] ability: Misty Surge|[of] p1a: \ud83d\udc97WEEZING\ud83d\udc96\n|turn|1\n|\n|t:|1700334895\n|switch|p1a: \u26d3\ufe0f\ud83d\udc97MAGEARNA\ud83d\udc97\u26d3\ufe0f\ud83d\udc8b|Magearna|100\/100\n|move|p2a: Voltula|Thunder Wave|p1a: \u26d3\ufe0f\ud83d\udc97MAGEARNA\ud83d\udc97\u26d3\ufe0f\ud83d\udc8b\n|-activate|p1a: \u26d3\ufe0f\ud83d\udc97MAGEARNA\ud83d\udc97\u26d3\ufe0f\ud83d\udc8b|move: Misty Terrain\n|\n|upkeep\n|turn|2\n|\n|t:|1700334902\n|move|p2a: Voltula|Sticky Web|p1a: \u26d3\ufe0f\ud83d\udc97MAGEARNA\ud83d\udc97\u26d3\ufe0f\ud83d\udc8b\n|-sidestart|p1: PIXIE-MODE\u2665\ufe0f|move: Sticky Web\n|move|p1a: \u26d3\ufe0f\ud83d\udc97MAGEARNA\ud83d\udc97\u26d3\ufe0f\ud83d\udc8b|Shift Gear|p1a: \u26d3\ufe0f\ud83d\udc97MAGEARNA\ud83d\udc97\u26d3\ufe0f\ud83d\udc8b\n|-boost|p1a: \u26d3\ufe0f\ud83d\udc97MAGEARNA\ud83d\udc97\u26d3\ufe0f\ud83d\udc8b|spe|2\n|-boost|p1a: \u26d3\ufe0f\ud83d\udc97MAGEARNA\ud83d\udc97\u26d3\ufe0f\ud83d\udc8b|atk|1\n|\n|upkeep\n|turn|3\n|\n|t:|1700334910\n|-terastallize|p1a: \u26d3\ufe0f\ud83d\udc97MAGEARNA\ud83d\udc97\u26d3\ufe0f\ud83d\udc8b|Fairy\n|move|p1a: \u26d3\ufe0f\ud83d\udc97MAGEARNA\ud83d\udc97\u26d3\ufe0f\ud83d\udc8b|Draining Kiss|p2a: Voltula\n|-crit|p2a: Voltula\n|-enditem|p2a: Voltula|Focus Sash\n|-damage|p2a: Voltula|1\/100\n|move|p2a: Voltula|Thunder|p1a: \u26d3\ufe0f\ud83d\udc97MAGEARNA\ud83d\udc97\u26d3\ufe0f\ud83d\udc8b\n|-damage|p1a: \u26d3\ufe0f\ud83d\udc97MAGEARNA\ud83d\udc97\u26d3\ufe0f\ud83d\udc8b|57\/100\n|\n|upkeep\n|turn|4\n|\n|t:|1700334921\n|move|p1a: \u26d3\ufe0f\ud83d\udc97MAGEARNA\ud83d\udc97\u26d3\ufe0f\ud83d\udc8b|Draining Kiss|p2a: Voltula\n|-damage|p2a: Voltula|0 fnt\n|-heal|p1a: \u26d3\ufe0f\ud83d\udc97MAGEARNA\ud83d\udc97\u26d3\ufe0f\ud83d\udc8b|57\/100|[from] drain|[of] p2a: Voltula\n|faint|p2a: Voltula\n|-ability|p1a: \u26d3\ufe0f\ud83d\udc97MAGEARNA\ud83d\udc97\u26d3\ufe0f\ud83d\udc8b|Soul-Heart|boost\n|-boost|p1a: \u26d3\ufe0f\ud83d\udc97MAGEARNA\ud83d\udc97\u26d3\ufe0f\ud83d\udc8b|spa|1\n|\n|upkeep\n|\n|t:|1700334925\n|switch|p2a: Agoyon|Naganadel, shiny|100\/100\n|turn|5\n|\n|t:|1700334932\n|move|p1a: \u26d3\ufe0f\ud83d\udc97MAGEARNA\ud83d\udc97\u26d3\ufe0f\ud83d\udc8b|Draining Kiss|p2a: Agoyon\n|-damage|p2a: Agoyon|7\/100\n|-heal|p1a: \u26d3\ufe0f\ud83d\udc97MAGEARNA\ud83d\udc97\u26d3\ufe0f\ud83d\udc8b|100\/100|[from] drain|[of] p2a: Agoyon\n|move|p2a: Agoyon|Sludge Bomb|p1a: \u26d3\ufe0f\ud83d\udc97MAGEARNA\ud83d\udc97\u26d3\ufe0f\ud83d\udc8b\n|-supereffective|p1a: \u26d3\ufe0f\ud83d\udc97MAGEARNA\ud83d\udc97\u26d3\ufe0f\ud83d\udc8b\n|-damage|p1a: \u26d3\ufe0f\ud83d\udc97MAGEARNA\ud83d\udc97\u26d3\ufe0f\ud83d\udc8b|8\/100\n|\n|upkeep\n|turn|6\n|\n|t:|1700334940\n|move|p1a: \u26d3\ufe0f\ud83d\udc97MAGEARNA\ud83d\udc97\u26d3\ufe0f\ud83d\udc8b|Draining Kiss|p2a: Agoyon\n|-damage|p2a: Agoyon|0 fnt\n|-heal|p1a: \u26d3\ufe0f\ud83d\udc97MAGEARNA\ud83d\udc97\u26d3\ufe0f\ud83d\udc8b|13\/100|[from] drain|[of] p2a: Agoyon\n|faint|p2a: Agoyon\n|-ability|p1a: \u26d3\ufe0f\ud83d\udc97MAGEARNA\ud83d\udc97\u26d3\ufe0f\ud83d\udc8b|Soul-Heart|boost\n|-boost|p1a: \u26d3\ufe0f\ud83d\udc97MAGEARNA\ud83d\udc97\u26d3\ufe0f\ud83d\udc8b|spa|1\n|\n|upkeep\n|\n|t:|1700334945\n|switch|p2a: Mimigma|Mimikyu, M, shiny|100\/100\n|turn|7\n|\n|t:|1700334954\n|move|p1a: \u26d3\ufe0f\ud83d\udc97MAGEARNA\ud83d\udc97\u26d3\ufe0f\ud83d\udc8b|Draining Kiss|p2a: Mimigma\n|-activate|p2a: Mimigma|ability: Disguise\n|-damage|p2a: Mimigma|100\/100\n|detailschange|p2a: Mimigma|Mimikyu-Busted, M, shiny\n|-damage|p2a: Mimigma|88\/100|[from] pokemon: Mimikyu-Busted\n|-enditem|p2a: Mimigma|Red Card|[of] p1a: \u26d3\ufe0f\ud83d\udc97MAGEARNA\ud83d\udc97\u26d3\ufe0f\ud83d\udc8b\n|drag|p1a: \ud83d\udc97WEEZING\ud83d\udc96|Weezing-Galar, F, shiny|100\/100\n|-activate|p1a: \ud83d\udc97WEEZING\ud83d\udc96|move: Sticky Web\n|-unboost|p1a: \ud83d\udc97WEEZING\ud83d\udc96|spe|1\n|move|p2a: Mimigma|Swords Dance|p2a: Mimigma\n|-boost|p2a: Mimigma|atk|2\n|\n|upkeep\n|turn|8\n|\n|t:|1700334967\n|move|p2a: Mimigma|Play Rough|p1a: \ud83d\udc97WEEZING\ud83d\udc96\n|-resisted|p1a: \ud83d\udc97WEEZING\ud83d\udc96\n|-damage|p1a: \ud83d\udc97WEEZING\ud83d\udc96|70\/100\n|move|p1a: \ud83d\udc97WEEZING\ud83d\udc96|Misty Explosion|p2a: Mimigma\n|-damage|p2a: Mimigma|24\/100\n|faint|p1a: \ud83d\udc97WEEZING\ud83d\udc96\n|\n|-fieldend|Misty Terrain\n|upkeep\n|\n|t:|1700334977\n|switch|p1a: \ud83d\udc8b\ud83d\udc97I AM GAY!\ud83d\udc97\ud83d\udc96|Grimmsnarl, M, shiny|100\/100\n|-activate|p1a: \ud83d\udc8b\ud83d\udc97I AM GAY!\ud83d\udc97\ud83d\udc96|move: Sticky Web\n|-unboost|p1a: \ud83d\udc8b\ud83d\udc97I AM GAY!\ud83d\udc97\ud83d\udc96|spe|1\n|turn|9\n|\n|t:|1700334986\n|move|p1a: \ud83d\udc8b\ud83d\udc97I AM GAY!\ud83d\udc97\ud83d\udc96|Misty Terrain|p1a: \ud83d\udc8b\ud83d\udc97I AM GAY!\ud83d\udc97\ud83d\udc96\n|-fieldstart|move: Misty Terrain\n|move|p2a: Mimigma|Play Rough|p1a: \ud83d\udc8b\ud83d\udc97I AM GAY!\ud83d\udc97\ud83d\udc96\n|-supereffective|p1a: \ud83d\udc8b\ud83d\udc97I AM GAY!\ud83d\udc97\ud83d\udc96\n|-damage|p1a: \ud83d\udc8b\ud83d\udc97I AM GAY!\ud83d\udc97\ud83d\udc96|0 fnt\n|faint|p1a: \ud83d\udc8b\ud83d\udc97I AM GAY!\ud83d\udc97\ud83d\udc96\n|\n|upkeep\n|\n|t:|1700334994\n|switch|p1a: \u26d3\ufe0f\ud83d\udc97MAWILE\ud83d\udc97\u26d3\ufe0f\ud83d\udc8b|Mawile, F, shiny|100\/100\n|-activate|p1a: \u26d3\ufe0f\ud83d\udc97MAWILE\ud83d\udc97\u26d3\ufe0f\ud83d\udc8b|move: Sticky Web\n|-unboost|p1a: \u26d3\ufe0f\ud83d\udc97MAWILE\ud83d\udc97\u26d3\ufe0f\ud83d\udc8b|spe|1\n|-ability|p1a: \u26d3\ufe0f\ud83d\udc97MAWILE\ud83d\udc97\u26d3\ufe0f\ud83d\udc8b|Intimidate|boost\n|-unboost|p2a: Mimigma|atk|1\n|turn|10\n|\n|t:|1700335004\n|detailschange|p1a: \u26d3\ufe0f\ud83d\udc97MAWILE\ud83d\udc97\u26d3\ufe0f\ud83d\udc8b|Mawile-Mega, F, shiny\n|-mega|p1a: \u26d3\ufe0f\ud83d\udc97MAWILE\ud83d\udc97\u26d3\ufe0f\ud83d\udc8b|Mawile|Mawilite\n|move|p2a: Mimigma|Drain Punch|p1a: \u26d3\ufe0f\ud83d\udc97MAWILE\ud83d\udc97\u26d3\ufe0f\ud83d\udc8b\n|-crit|p1a: \u26d3\ufe0f\ud83d\udc97MAWILE\ud83d\udc97\u26d3\ufe0f\ud83d\udc8b\n|-damage|p1a: \u26d3\ufe0f\ud83d\udc97MAWILE\ud83d\udc97\u26d3\ufe0f\ud83d\udc8b|50\/100\n|-heal|p2a: Mimigma|46\/100|[from] drain|[of] p1a: \u26d3\ufe0f\ud83d\udc97MAWILE\ud83d\udc97\u26d3\ufe0f\ud83d\udc8b\n|move|p1a: \u26d3\ufe0f\ud83d\udc97MAWILE\ud83d\udc97\u26d3\ufe0f\ud83d\udc8b|Swords Dance|p1a: \u26d3\ufe0f\ud83d\udc97MAWILE\ud83d\udc97\u26d3\ufe0f\ud83d\udc8b\n|-boost|p1a: \u26d3\ufe0f\ud83d\udc97MAWILE\ud83d\udc97\u26d3\ufe0f\ud83d\udc8b|atk|2\n|\n|upkeep\n|turn|11\n|\n|t:|1700335014\n|move|p1a: \u26d3\ufe0f\ud83d\udc97MAWILE\ud83d\udc97\u26d3\ufe0f\ud83d\udc8b|Sucker Punch|p2a: Mimigma\n|-crit|p2a: Mimigma\n|-damage|p2a: Mimigma|0 fnt\n|faint|p2a: Mimigma\n|\n|upkeep\n|\n|t:|1700335018\n|switch|p2a: Darkrai|Darkrai|100\/100\n|turn|12\n|\n|t:|1700335024\n|-zpower|p2a: Darkrai\n|move|p2a: Darkrai|Z-Hypnosis|p1a: \u26d3\ufe0f\ud83d\udc97MAWILE\ud83d\udc97\u26d3\ufe0f\ud83d\udc8b|[anim]Hypnosis\n|-boost|p2a: Darkrai|spe|1|[zeffect]\n|-activate|p1a: \u26d3\ufe0f\ud83d\udc97MAWILE\ud83d\udc97\u26d3\ufe0f\ud83d\udc8b|move: Misty Terrain\n|move|p1a: \u26d3\ufe0f\ud83d\udc97MAWILE\ud83d\udc97\u26d3\ufe0f\ud83d\udc8b|Play Rough|p2a: Darkrai\n|-supereffective|p2a: Darkrai\n|-damage|p2a: Darkrai|0 fnt\n|faint|p2a: Darkrai\n|\n|upkeep\n|\n|t:|1700335031\n|switch|p2a: Eisenfalter|Iron Moth, shiny|100\/100\n|-enditem|p2a: Eisenfalter|Booster Energy\n|-activate|p2a: Eisenfalter|ability: Quark Drive|[fromitem]\n|-start|p2a: Eisenfalter|quarkdrivespa\n|turn|13\n|\n|t:|1700335040\n|move|p1a: \u26d3\ufe0f\ud83d\udc97MAWILE\ud83d\udc97\u26d3\ufe0f\ud83d\udc8b|Sucker Punch|p2a: Eisenfalter\n|-damage|p2a: Eisenfalter|0 fnt\n|faint|p2a: Eisenfalter\n|-end|p2a: Eisenfalter|Quark Drive|[silent]\n|\n|upkeep\n|\n|t:|1700335043\n|switch|p2a: Lepumentas|Claydol, shiny|100\/100\n|turn|14\n|\n|t:|1700335048\n|move|p1a: \u26d3\ufe0f\ud83d\udc97MAWILE\ud83d\udc97\u26d3\ufe0f\ud83d\udc8b|Sucker Punch|p2a: Lepumentas\n|-supereffective|p2a: Lepumentas\n|-damage|p2a: Lepumentas|0 fnt\n|faint|p2a: Lepumentas\n|\n|win|PIXIE-MODE\u2665\ufe0f\n|raw|PIXIE-MODE\u2665\ufe0f's rating: 1198 &rarr; <strong>1228<\/strong><br \/>(+30 for winning)\n|raw|Azazelger's rating: 1265 &rarr; <strong>1235<\/strong><br \/>(-30 for losing)\n","uploadtime":1700335059,"views":6,"p1id":"pixiemode","p2id":"azazelger","formatid":"gen9nationaldexubers","rating":1228,"private":0,"password":""}