{"id":"gen9nationaldexubers-1987325713","p1":"sdsasd2123","p2":"lulelu","format":"[Gen 9] National Dex Ubers","log":"|j|\u2606sdsasd2123\n|j|\u2606lulelu\n|t:|1699577743\n|gametype|singles\n|player|p1|sdsasd2123|1|1000\n|player|p2|lulelu|2|1000\n|teamsize|p1|6\n|teamsize|p2|6\n|gen|9\n|tier|[Gen 9] National Dex Ubers\n|rated|\n|rule|HP Percentage Mod: HP is shown in percentages\n|rule|Endless Battle Clause: Forcing endless battles is banned\n|rule|OHKO Clause: OHKO moves are banned\n|rule|Evasion Moves Clause: Evasion moves are banned\n|rule|Evasion Items Clause: Evasion items are banned\n|rule|Species Clause: Limit one of each Pok\u00e9mon\n|rule|Sleep Clause Mod: Limit one foe put to sleep\n|rule|Mega Rayquaza Clause: You cannot mega evolve Rayquaza\n|clearpoke\n|poke|p1|Chien-Pao|\n|poke|p1|Ogerpon-Hearthflame, F|\n|poke|p1|Darmanitan-Galar, F|\n|poke|p1|Flutter Mane|\n|poke|p1|Deoxys-Attack|\n|poke|p1|Skarmory, F|\n|poke|p2|Garchomp, M|\n|poke|p2|Lucario, F|\n|poke|p2|Roserade, M|\n|poke|p2|Gastrodon, M|\n|poke|p2|Togekiss, F|\n|poke|p2|Milotic, F|\n|teampreview\n|inactive|Battle timer is ON: inactive players will automatically lose when time's up. (requested by sdsasd2123)\n|\n|t:|1699577768\n|start\n|switch|p1a: Chien-Pao|Chien-Pao|100\/100\n|switch|p2a: Roserade|Roserade, M|100\/100\n|-ability|p1a: Chien-Pao|Sword of Ruin\n|turn|1\n|\n|t:|1699577784\n|move|p1a: Chien-Pao|Swords Dance|p1a: Chien-Pao\n|-boost|p1a: Chien-Pao|atk|2\n|move|p2a: Roserade|Toxic Spikes|p1a: Chien-Pao\n|-sidestart|p1: sdsasd2123|move: Toxic Spikes\n|\n|upkeep\n|turn|2\n|\n|t:|1699577791\n|move|p1a: Chien-Pao|Ice Spinner|p2a: Roserade\n|-supereffective|p2a: Roserade\n|-enditem|p2a: Roserade|Focus Sash\n|-damage|p2a: Roserade|1\/100\n|-status|p1a: Chien-Pao|psn|[from] ability: Poison Point|[of] p2a: Roserade\n|-damage|p1a: Chien-Pao|91\/100 psn|[from] item: Life Orb\n|move|p2a: Roserade|Spikes|p1a: Chien-Pao\n|-sidestart|p1: sdsasd2123|Spikes\n|\n|-damage|p1a: Chien-Pao|78\/100 psn|[from] psn\n|upkeep\n|turn|3\n|\n|t:|1699577807\n|move|p1a: Chien-Pao|Sacred Sword|p2a: Roserade\n|-resisted|p2a: Roserade\n|-damage|p2a: Roserade|0 fnt\n|faint|p2a: Roserade\n|-damage|p1a: Chien-Pao|68\/100 psn|[from] item: Life Orb\n|\n|-damage|p1a: Chien-Pao|56\/100 psn|[from] psn\n|upkeep\n|inactive|lulelu has 120 seconds left.\n|\n|t:|1699577836\n|switch|p2a: Lucario|Lucario, F|100\/100\n|turn|4\n|\n|t:|1699577841\n|detailschange|p2a: Lucario|Lucario-Mega, F\n|-mega|p2a: Lucario|Lucario|Lucarionite\n|move|p1a: Chien-Pao|Sucker Punch||[still]\n|-fail|p1a: Chien-Pao\n|move|p2a: Lucario|Nasty Plot|p2a: Lucario\n|-boost|p2a: Lucario|spa|2\n|\n|-damage|p1a: Chien-Pao|44\/100 psn|[from] psn\n|upkeep\n|turn|5\n|\n|t:|1699577853\n|move|p1a: Chien-Pao|Sucker Punch|p2a: Lucario\n|-resisted|p2a: Lucario\n|-damage|p2a: Lucario|24\/100\n|-damage|p1a: Chien-Pao|34\/100 psn|[from] item: Life Orb\n|move|p2a: Lucario|Focus Blast|p1a: Chien-Pao\n|-supereffective|p1a: Chien-Pao\n|-damage|p1a: Chien-Pao|0 fnt\n|faint|p1a: Chien-Pao\n|\n|upkeep\n|\n|t:|1699577864\n|switch|p1a: Deoxys|Deoxys-Attack|100\/100\n|-status|p1a: Deoxys|psn\n|-damage|p1a: Deoxys|88\/100 psn|[from] Spikes\n|-ability|p1a: Deoxys|Pressure\n|turn|6\n|inactive|lulelu has 120 seconds left.\n|\n|t:|1699577897\n|switch|p2a: Gastrodon|Gastrodon, M|100\/100\n|move|p1a: Deoxys|Extreme Speed|p2a: Gastrodon\n|-damage|p2a: Gastrodon|48\/100\n|-damage|p1a: Deoxys|78\/100 psn|[from] item: Life Orb\n|\n|-heal|p2a: Gastrodon|54\/100|[from] item: Leftovers\n|-damage|p1a: Deoxys|66\/100 psn|[from] psn\n|upkeep\n|turn|7\n|\n|t:|1699577918\n|move|p1a: Deoxys|Psycho Boost|p2a: Gastrodon\n|-damage|p2a: Gastrodon|0 fnt\n|-unboost|p1a: Deoxys|spa|2\n|faint|p2a: Gastrodon\n|-damage|p1a: Deoxys|56\/100 psn|[from] item: Life Orb\n|\n|-damage|p1a: Deoxys|43\/100 psn|[from] psn\n|upkeep\n|-message|sdsasd2123 forfeited.\n|\n|win|lulelu\n|raw|sdsasd2123's rating: 1000 &rarr; <strong>1000<\/strong><br \/>(+0 for losing)\n|raw|lulelu's rating: 1000 &rarr; <strong>1040<\/strong><br \/>(+40 for winning)\n|l|\u2606sdsasd2123\n","uploadtime":1699577944,"views":4,"p1id":"sdsasd2123","p2id":"lulelu","formatid":"gen9nationaldexubers","rating":1000,"private":0,"password":""}