{"id":"gen9nationaldexubers-1990781026","p1":"pawket","p2":"m444rf","format":"[Gen 9] National Dex Ubers","log":"|j|\u2606pawket\n|j|\u2606m444rf\n|t:|1700000201\n|gametype|singles\n|player|p1|pawket|bugcatcher-gen4dp|\n|player|p2|m444rf|169|\n|teamsize|p1|6\n|teamsize|p2|6\n|gen|9\n|tier|[Gen 9] National Dex Ubers\n|rule|HP Percentage Mod: HP is shown in percentages\n|rule|Endless Battle Clause: Forcing endless battles is banned\n|rule|OHKO Clause: OHKO moves are banned\n|rule|Evasion Moves Clause: Evasion moves are banned\n|rule|Evasion Items Clause: Evasion items are banned\n|rule|Species Clause: Limit one of each Pok\u00e9mon\n|rule|Sleep Clause Mod: Limit one foe put to sleep\n|rule|Mega Rayquaza Clause: You cannot mega evolve Rayquaza\n|clearpoke\n|poke|p1|Ursaluna-Bloodmoon, M|\n|poke|p1|Glastrier|\n|poke|p1|Volcarona, F|\n|poke|p1|Grimmsnarl, M|\n|poke|p1|Mimikyu, M|\n|poke|p1|Slowbro, M|\n|poke|p2|Rotom-Mow|\n|poke|p2|Great Tusk|\n|poke|p2|Slowking, M|\n|poke|p2|Audino, M|\n|poke|p2|Bisharp, F|\n|poke|p2|Dragapult, F|\n|teampreview\n|j| Demolution545\n|j| ColdSobaNoodle\n|j| Lunar Sloth\n|\n|t:|1700000227\n|start\n|switch|p1a: Ursaluna|Ursaluna-Bloodmoon, M|100\/100\n|switch|p2a: Rotom|Rotom-Mow|100\/100\n|turn|1\n|\n|t:|1700000235\n|switch|p2a: Slowking|Slowking, M|100\/100\n|switch|p1a: Volcarona|Volcarona, F|100\/100\n|\n|upkeep\n|turn|2\n|\n|t:|1700000244\n|switch|p1a: Slowbro|Slowbro, M|100\/100\n|move|p2a: Slowking|Dragon Tail|p1a: Slowbro\n|-damage|p1a: Slowbro|94\/100\n|drag|p1a: Glastrier|Glastrier|100\/100\n|\n|upkeep\n|turn|3\n|l| ColdSobaNoodle\n|\n|t:|1700000263\n|move|p1a: Glastrier|High Horsepower|p2a: Slowking\n|-damage|p2a: Slowking|61\/100\n|move|p2a: Slowking|Power Gem|p1a: Glastrier\n|-supereffective|p1a: Glastrier\n|-damage|p1a: Glastrier|70\/100\n|\n|upkeep\n|turn|4\n|\n|t:|1700000281\n|switch|p2a: Audino|Audino, M|100\/100\n|switch|p1a: Grimmsnarl|Grimmsnarl, M|100\/100\n|\n|upkeep\n|turn|5\n|\n|t:|1700000292\n|detailschange|p2a: Audino|Audino-Mega, M\n|-mega|p2a: Audino|Audino|Audinite\n|move|p1a: Grimmsnarl|Taunt|p2a: Audino\n|-start|p2a: Audino|move: Taunt\n|cant|p2a: Audino|move: Taunt|Encore\n|\n|upkeep\n|turn|6\n|\n|t:|1700000311\n|switch|p2a: Bisharp|Bisharp, F|100\/100\n|move|p1a: Grimmsnarl|Reflect|p1a: Grimmsnarl\n|-sidestart|p1: pawket|Reflect\n|\n|upkeep\n|turn|7\n|j| speedykidyo\n|\n|t:|1700000318\n|switch|p1a: Mimikyu|Mimikyu, M, shiny|100\/100\n|move|p2a: Bisharp|Brick Break|p1a: Mimikyu\n|-immune|p1a: Mimikyu\n|\n|upkeep\n|turn|8\n|c| speedykidyo|score?\n|\n|t:|1700000329\n|move|p1a: Mimikyu|Swords Dance|p1a: Mimikyu\n|-boost|p1a: Mimikyu|atk|2\n|move|p2a: Bisharp|Knock Off|p1a: Mimikyu\n|-activate|p1a: Mimikyu|ability: Disguise\n|-damage|p1a: Mimikyu|100\/100\n|-enditem|p1a: Mimikyu|Lum Berry|[from] move: Knock Off|[of] p2a: Bisharp\n|detailschange|p1a: Mimikyu|Mimikyu-Busted, M, shiny\n|-damage|p1a: Mimikyu|88\/100|[from] pokemon: Mimikyu-Busted\n|\n|upkeep\n|turn|9\n|\n|t:|1700000341\n|move|p1a: Mimikyu|Play Rough|p2a: Bisharp\n|-damage|p2a: Bisharp|53\/100\n|move|p2a: Bisharp|Iron Head|p1a: Mimikyu\n|-supereffective|p1a: Mimikyu\n|-damage|p1a: Mimikyu|21\/100\n|\n|upkeep\n|turn|10\n|c|\u2606m444rf|1-0\n|\n|t:|1700000353\n|move|p1a: Mimikyu|Play Rough|p2a: Bisharp\n|-damage|p2a: Bisharp|2\/100\n|move|p2a: Bisharp|Iron Head|p1a: Mimikyu\n|-supereffective|p1a: Mimikyu\n|-damage|p1a: Mimikyu|0 fnt\n|faint|p1a: Mimikyu\n|\n|upkeep\n|j| ColdSobaNoodle\n|c| speedykidyo|who's favor?\n|c|\u2606m444rf|me\n|c| speedykidyo|ok\n|\n|t:|1700000364\n|switch|p1a: Glastrier|Glastrier|70\/100\n|turn|11\n|\n|t:|1700000376\n|move|p2a: Bisharp|Brick Break|p1a: Glastrier\n|-sideend|p1: pawket|Reflect\n|-supereffective|p1a: Glastrier\n|-damage|p1a: Glastrier|32\/100\n|move|p1a: Glastrier|Swords Dance|p1a: Glastrier\n|-boost|p1a: Glastrier|atk|2\n|\n|upkeep\n|turn|12\n|\n|t:|1700000383\n|move|p2a: Bisharp|Iron Head|p1a: Glastrier\n|-supereffective|p1a: Glastrier\n|-damage|p1a: Glastrier|0 fnt\n|faint|p1a: Glastrier\n|\n|upkeep\n|\n|t:|1700000389\n|switch|p1a: Volcarona|Volcarona, F|100\/100\n|turn|13\n|\n|t:|1700000397\n|switch|p2a: Slowking|Slowking, M|94\/100\n|move|p1a: Volcarona|Quiver Dance|p1a: Volcarona\n|-boost|p1a: Volcarona|spa|1\n|-boost|p1a: Volcarona|spd|1\n|-boost|p1a: Volcarona|spe|1\n|\n|upkeep\n|turn|14\n|c| speedykidyo|why didn't he set up trick room\n|c|\u2606m444rf|dont think he has it\n|l| ColdSobaNoodle\n|\n|t:|1700000416\n|move|p1a: Volcarona|Giga Drain|p2a: Slowking\n|-supereffective|p2a: Slowking\n|-damage|p2a: Slowking|64\/100\n|move|p2a: Slowking|Dragon Tail|p1a: Volcarona\n|-damage|p1a: Volcarona|85\/100\n|drag|p1a: Slowbro|Slowbro, M|100\/100\n|\n|upkeep\n|turn|15\n|\n|t:|1700000427\n|switch|p2a: Audino|Audino-Mega, M|100\/100\n|move|p1a: Slowbro|Calm Mind|p1a: Slowbro\n|-boost|p1a: Slowbro|spa|1\n|-boost|p1a: Slowbro|spd|1\n|\n|upkeep\n|turn|16\n|\n|t:|1700000434\n|switch|p1a: Grimmsnarl|Grimmsnarl, M|100\/100\n|move|p2a: Audino|Toxic|p1a: Grimmsnarl\n|-status|p1a: Grimmsnarl|tox\n|\n|-damage|p1a: Grimmsnarl|94\/100 tox|[from] psn\n|upkeep\n|turn|17\n|\n|t:|1700000452\n|switch|p2a: Bisharp|Bisharp, F|2\/100\n|move|p1a: Grimmsnarl|Taunt|p2a: Bisharp\n|-hint|Since gen 7, Dark is immune to Prankster moves.\n|-immune|p2a: Bisharp\n|\n|-damage|p1a: Grimmsnarl|82\/100 tox|[from] psn\n|upkeep\n|turn|18\n|\n|t:|1700000461\n|move|p2a: Bisharp|Iron Head|p1a: Grimmsnarl\n|-supereffective|p1a: Grimmsnarl\n|-damage|p1a: Grimmsnarl|0 fnt\n|faint|p1a: Grimmsnarl\n|\n|upkeep\n|\n|t:|1700000466\n|switch|p1a: Ursaluna|Ursaluna-Bloodmoon, M|100\/100\n|turn|19\n|\n|t:|1700000477\n|switch|p2a: Slowking|Slowking, M|97\/100\n|move|p1a: Ursaluna|Blood Moon|p2a: Slowking\n|-damage|p2a: Slowking|52\/100\n|-damage|p1a: Ursaluna|91\/100|[from] item: Life Orb\n|\n|upkeep\n|turn|20\n|\n|t:|1700000497\n|-terastallize|p1a: Ursaluna|Ghost\n|move|p1a: Ursaluna|Calm Mind|p1a: Ursaluna\n|-boost|p1a: Ursaluna|spa|1\n|-boost|p1a: Ursaluna|spd|1\n|move|p2a: Slowking|Dragon Tail|p1a: Ursaluna\n|-damage|p1a: Ursaluna|82\/100\n|drag|p1a: Slowbro|Slowbro, M|100\/100\n|\n|upkeep\n|turn|21\n|\n|t:|1700000512\n|switch|p2a: Audino|Audino-Mega, M|100\/100\n|move|p1a: Slowbro|Psyshock|p2a: Audino\n|-damage|p2a: Audino|81\/100\n|\n|upkeep\n|turn|22\n|\n|t:|1700000519\n|move|p2a: Audino|Toxic|p1a: Slowbro\n|-status|p1a: Slowbro|tox\n|move|p1a: Slowbro|Scald|p2a: Audino\n|-damage|p2a: Audino|67\/100\n|\n|-damage|p1a: Slowbro|94\/100 tox|[from] psn\n|upkeep\n|turn|23\n|\n|t:|1700000529\n|move|p2a: Audino|Wish|p2a: Audino\n|move|p1a: Slowbro|Scald|p2a: Audino\n|-damage|p2a: Audino|53\/100\n|\n|-damage|p1a: Slowbro|82\/100 tox|[from] psn\n|upkeep\n|turn|24\n|\n|t:|1700000538\n|switch|p1a: Ursaluna|Ursaluna-Bloodmoon, M, tera:Ghost|82\/100\n|move|p2a: Audino|Protect||[still]\n|-fail|p2a: Audino\n|\n|-heal|p2a: Audino|100\/100|[from] move: Wish|[wisher] Audino\n|upkeep\n|turn|25\n|\n|t:|1700000546\n|move|p2a: Audino|Toxic|p1a: Ursaluna\n|-status|p1a: Ursaluna|tox\n|move|p1a: Ursaluna|Blood Moon|p2a: Audino\n|-damage|p2a: Audino|44\/100\n|-damage|p1a: Ursaluna|72\/100 tox|[from] item: Life Orb\n|\n|-damage|p1a: Ursaluna|66\/100 tox|[from] psn\n|upkeep\n|turn|26\n|\n|t:|1700000559\n|move|p2a: Audino|Wish|p2a: Audino\n|move|p1a: Ursaluna|Moonlight|p1a: Ursaluna\n|-heal|p1a: Ursaluna|100\/100 tox\n|\n|-damage|p1a: Ursaluna|88\/100 tox|[from] psn\n|upkeep\n|turn|27\n|\n|t:|1700000568\n|switch|p1a: Volcarona|Volcarona, F|85\/100\n|move|p2a: Audino|Encore||[still]\n|-fail|p2a: Audino\n|\n|-heal|p2a: Audino|94\/100|[from] move: Wish|[wisher] Audino\n|upkeep\n|turn|28\n|\n|t:|1700000577\n|move|p1a: Volcarona|Quiver Dance|p1a: Volcarona\n|-boost|p1a: Volcarona|spa|1\n|-boost|p1a: Volcarona|spd|1\n|-boost|p1a: Volcarona|spe|1\n|move|p2a: Audino|Toxic|p1a: Volcarona\n|-status|p1a: Volcarona|tox\n|\n|-damage|p1a: Volcarona|79\/100 tox|[from] psn\n|upkeep\n|turn|29\n|\n|t:|1700000587\n|move|p1a: Volcarona|Fiery Dance|p2a: Audino\n|-damage|p2a: Audino|60\/100\n|move|p2a: Audino|Wish|p2a: Audino\n|\n|-damage|p1a: Volcarona|66\/100 tox|[from] psn\n|upkeep\n|turn|30\n|\n|t:|1700000595\n|move|p2a: Audino|Protect|p2a: Audino\n|-singleturn|p2a: Audino|Protect\n|move|p1a: Volcarona|Quiver Dance|p1a: Volcarona\n|-boost|p1a: Volcarona|spa|1\n|-boost|p1a: Volcarona|spd|1\n|-boost|p1a: Volcarona|spe|1\n|\n|-heal|p2a: Audino|100\/100|[from] move: Wish|[wisher] Audino\n|-damage|p1a: Volcarona|48\/100 tox|[from] psn\n|upkeep\n|turn|31\n|\n|t:|1700000605\n|move|p1a: Volcarona|Fiery Dance|p2a: Audino\n|-damage|p2a: Audino|56\/100\n|-boost|p1a: Volcarona|spa|1\n|move|p2a: Audino|Wish|p2a: Audino\n|\n|-damage|p1a: Volcarona|24\/100 tox|[from] psn\n|upkeep\n|turn|32\n|\n|t:|1700000613\n|move|p2a: Audino|Protect|p2a: Audino\n|-singleturn|p2a: Audino|Protect\n|move|p1a: Volcarona|Giga Drain|p2a: Audino\n|-activate|p2a: Audino|move: Protect\n|\n|-heal|p2a: Audino|100\/100|[from] move: Wish|[wisher] Audino\n|-damage|p1a: Volcarona|0 fnt|[from] psn\n|faint|p1a: Volcarona\n|upkeep\n|\n|t:|1700000625\n|switch|p1a: Ursaluna|Ursaluna-Bloodmoon, M, tera:Ghost|88\/100 tox\n|turn|33\n|\n|t:|1700000638\n|move|p2a: Audino|Wish|p2a: Audino\n|move|p1a: Ursaluna|Calm Mind|p1a: Ursaluna\n|-boost|p1a: Ursaluna|spa|1\n|-boost|p1a: Ursaluna|spd|1\n|\n|-damage|p1a: Ursaluna|82\/100 tox|[from] psn\n|upkeep\n|turn|34\n|\n|t:|1700000645\n|move|p2a: Audino|Encore|p1a: Ursaluna\n|-start|p1a: Ursaluna|Encore\n|move|p1a: Ursaluna|Calm Mind|p1a: Ursaluna\n|-boost|p1a: Ursaluna|spa|1\n|-boost|p1a: Ursaluna|spd|1\n|\n|-damage|p1a: Ursaluna|70\/100 tox|[from] psn\n|upkeep\n|turn|35\n|c|\u2606pawket|I'll end my suffering. GGs. Well played.\n|c|\u2606m444rf|ggs\n|c|\u2606m444rf|im sorry for toxic stall but it had to be done\n|-message|pawket forfeited.\n|\n|win|m444rf\n|l|\u2606pawket\n","uploadtime":1700000690,"views":24,"p1id":"pawket","p2id":"m444rf","formatid":"gen9nationaldexubers","rating":0,"private":0,"password":""}