{"id":"gen9nationaldexubers-1985712729","p1":"straightoutta14BC","p2":"maroon","format":"[Gen 9] National Dex Ubers","log":"|j|\u2606straightoutta14BC\n|j|\u2606maroon\n|inactive|Battle timer is ON: inactive players will automatically lose when time's up.\n|t:|1699398337\n|gametype|singles\n|player|p1|straightoutta14BC|1|\n|player|p2|maroon|#maroon|\n|teamsize|p1|6\n|teamsize|p2|6\n|gen|9\n|tier|[Gen 9] National Dex Ubers\n|rated|Tournament battle\n|rule|HP Percentage Mod: HP is shown in percentages\n|rule|Endless Battle Clause: Forcing endless battles is banned\n|rule|OHKO Clause: OHKO moves are banned\n|rule|Evasion Moves Clause: Evasion moves are banned\n|rule|Evasion Items Clause: Evasion items are banned\n|rule|Species Clause: Limit one of each Pok\u00e9mon\n|rule|Sleep Clause Mod: Limit one foe put to sleep\n|rule|Mega Rayquaza Clause: You cannot mega evolve Rayquaza\n|rule|Dynamax Clause: You cannot dynamax\n|rule|Terastal Clause: You cannot Terastallize\n|rule|Same Type Clause: Pok\u00e9mon in a team must share a type\n|clearpoke\n|poke|p1|Klefki, F|\n|poke|p1|Mawile, F|\n|poke|p1|Dialga|\n|poke|p1|Necrozma-Dusk-Mane|\n|poke|p1|Kartana|\n|poke|p1|Excadrill, M|\n|poke|p2|Xerneas-*|\n|poke|p2|Diancie|\n|poke|p2|Klefki, F|\n|poke|p2|Magearna|\n|poke|p2|Azumarill, F|\n|poke|p2|Tapu Lele|\n|teampreview\n|inactive|straightoutta14BC has 120 seconds left.\n|inactive|straightoutta14BC has 90 seconds left.\n|\n|t:|1699398414\n|start\n|switch|p1a: Deep Impact|Excadrill, M|100\/100\n|switch|p2a: Diancie|Diancie|100\/100\n|-ability|p1a: Deep Impact|Mold Breaker\n|turn|1\n|\n|t:|1699398426\n|detailschange|p2a: Diancie|Diancie-Mega\n|-mega|p2a: Diancie|Diancie|Diancite\n|move|p2a: Diancie|Earth Power|p1a: Deep Impact\n|-supereffective|p1a: Deep Impact\n|-enditem|p1a: Deep Impact|Focus Sash\n|-damage|p1a: Deep Impact|1\/100\n|move|p1a: Deep Impact|Rapid Spin|p2a: Diancie\n|-resisted|p2a: Diancie\n|-damage|p2a: Diancie|87\/100\n|-boost|p1a: Deep Impact|spe|1\n|\n|upkeep\n|turn|2\n|\n|t:|1699398433\n|switch|p2a: Azumarill|Azumarill, F|100\/100\n|move|p1a: Deep Impact|Earthquake|p2a: Azumarill\n|-damage|p2a: Azumarill|44\/100\n|\n|upkeep\n|turn|3\n|\n|t:|1699398442\n|switch|p1a: Ares|Kartana|100\/100\n|move|p2a: Azumarill|Aqua Jet|p1a: Ares\n|-resisted|p1a: Ares\n|-damage|p1a: Ares|84\/100\n|\n|upkeep\n|turn|4\n|\n|t:|1699398448\n|switch|p2a: Klefki|Klefki, F|100\/100\n|move|p1a: Ares|Swords Dance|p1a: Ares\n|-boost|p1a: Ares|atk|2\n|\n|upkeep\n|turn|5\n|\n|t:|1699398463\n|move|p2a: Klefki|Reflect|p2a: Klefki\n|-sidestart|p2: maroon|Reflect\n|move|p1a: Ares|Swords Dance|p1a: Ares\n|-boost|p1a: Ares|atk|2\n|\n|upkeep\n|turn|6\n|\n|t:|1699398483\n|move|p2a: Klefki|Thunder Wave|p1a: Ares\n|-status|p1a: Ares|par\n|move|p1a: Ares|Sacred Sword|p2a: Klefki\n|-damage|p2a: Klefki|60\/100\n|\n|upkeep\n|turn|7\n|\n|t:|1699398489\n|move|p2a: Klefki|Spikes|p1a: Ares\n|-sidestart|p1: straightoutta14BC|Spikes\n|move|p1a: Ares|Sacred Sword|p2a: Klefki\n|-damage|p2a: Klefki|25\/100\n|\n|upkeep\n|turn|8\n|\n|t:|1699398496\n|switch|p2a: Diancie|Diancie-Mega|87\/100\n|move|p1a: Ares|Sacred Sword|p2a: Diancie\n|-damage|p2a: Diancie|16\/100\n|\n|upkeep\n|turn|9\n|\n|t:|1699398503\n|switch|p1a: Deep Impact|Excadrill, M|1\/100\n|-damage|p1a: Deep Impact|0 fnt|[from] Spikes\n|faint|p1a: Deep Impact\n|move|p2a: Diancie|Stealth Rock|p1: Deep Impact\n|-sidestart|p1: straightoutta14BC|move: Stealth Rock\n|\n|upkeep\n|\n|t:|1699398511\n|switch|p1a: Pioneer|Dialga|100\/100\n|-damage|p1a: Pioneer|88\/100|[from] Spikes\n|-damage|p1a: Pioneer|82\/100|[from] Stealth Rock\n|-ability|p1a: Pioneer|Pressure\n|turn|10\n|\n|t:|1699398517\n|move|p2a: Diancie|Earth Power|p1a: Pioneer\n|-supereffective|p1a: Pioneer\n|-crit|p1a: Pioneer\n|-damage|p1a: Pioneer|0 fnt\n|faint|p1a: Pioneer\n|\n|upkeep\n|\n|t:|1699398521\n|switch|p1a: Dyson|Necrozma-Dusk-Mane|100\/100\n|-damage|p1a: Dyson|88\/100|[from] Spikes\n|-damage|p1a: Dyson|82\/100|[from] Stealth Rock\n|turn|11\n|\n|t:|1699398527\n|move|p2a: Diancie|Earth Power|p1a: Dyson\n|-supereffective|p1a: Dyson\n|-damage|p1a: Dyson|34\/100\n|-enditem|p1a: Dyson|Weakness Policy\n|-boost|p1a: Dyson|atk|2|[from] item: Weakness Policy\n|-boost|p1a: Dyson|spa|2|[from] item: Weakness Policy\n|move|p1a: Dyson|Rock Polish|p1a: Dyson\n|-boost|p1a: Dyson|spe|2\n|\n|upkeep\n|turn|12\n|\n|t:|1699398535\n|move|p1a: Dyson|Earth Power|p2a: Diancie\n|-supereffective|p2a: Diancie\n|-damage|p2a: Diancie|0 fnt\n|faint|p2a: Diancie\n|\n|-sideend|p2: maroon|Reflect\n|upkeep\n|\n|t:|1699398537\n|switch|p2a: Klefki|Klefki, F|25\/100\n|turn|13\n|\n|t:|1699398542\n|move|p2a: Klefki|Thunder Wave|p1a: Dyson\n|-status|p1a: Dyson|par\n|move|p1a: Dyson|Rock Polish|p1a: Dyson\n|-boost|p1a: Dyson|spe|2\n|\n|upkeep\n|turn|14\n|\n|t:|1699398550\n|move|p2a: Klefki|Light Screen|p2a: Klefki\n|-sidestart|p2: maroon|move: Light Screen\n|move|p1a: Dyson|Stored Power|p2a: Klefki\n|-resisted|p2a: Klefki\n|-damage|p2a: Klefki|0 fnt\n|faint|p2a: Klefki\n|\n|upkeep\n|\n|t:|1699398562\n|switch|p2a: Azumarill|Azumarill, F|44\/100\n|turn|15\n|\n|t:|1699398565\n|move|p2a: Azumarill|Aqua Jet|p1a: Dyson\n|-damage|p1a: Dyson|0 fnt\n|faint|p1a: Dyson\n|\n|upkeep\n|\n|t:|1699398578\n|switch|p1a: Mir|Klefki, F|100\/100\n|-damage|p1a: Mir|88\/100|[from] Spikes\n|-damage|p1a: Mir|82\/100|[from] Stealth Rock\n|turn|16\n|\n|t:|1699398582\n|switch|p2a: Xerneas|Xerneas|100\/100\n|-ability|p2a: Xerneas|Fairy Aura\n|move|p1a: Mir|Trick Room|p1a: Mir\n|-fieldstart|move: Trick Room|[of] p1a: Mir\n|\n|upkeep\n|turn|17\n|\n|t:|1699398586\n|move|p1a: Mir|Steel Beam|p2a: Xerneas\n|-supereffective|p2a: Xerneas\n|-damage|p2a: Xerneas|71\/100\n|-damage|p1a: Mir|32\/100|[from] steelbeam\n|move|p2a: Xerneas|Moonblast|p1a: Mir\n|-resisted|p1a: Mir\n|-damage|p1a: Mir|0 fnt\n|faint|p1a: Mir\n|\n|upkeep\n|\n|t:|1699398593\n|switch|p1a: Valentina|Mawile, F|100\/100\n|-damage|p1a: Valentina|88\/100|[from] Spikes\n|-damage|p1a: Valentina|82\/100|[from] Stealth Rock\n|-ability|p1a: Valentina|Intimidate|boost\n|-unboost|p2a: Xerneas|atk|1\n|turn|18\n|\n|t:|1699398596\n|switch|p2a: Magearna|Magearna|100\/100\n|detailschange|p1a: Valentina|Mawile-Mega, F\n|-mega|p1a: Valentina|Mawile|Mawilite\n|move|p1a: Valentina|Play Rough|p2a: Magearna\n|-resisted|p2a: Magearna\n|-damage|p2a: Magearna|64\/100\n|\n|-heal|p2a: Magearna|70\/100|[from] item: Leftovers\n|upkeep\n|turn|19\n|\n|t:|1699398601\n|move|p1a: Valentina|Fire Fang|p2a: Magearna\n|-supereffective|p2a: Magearna\n|-damage|p2a: Magearna|0 fnt\n|faint|p2a: Magearna\n|\n|upkeep\n|\n|t:|1699398605\n|switch|p2a: Azumarill|Azumarill, F|44\/100\n|turn|20\n|\n|t:|1699398609\n|move|p1a: Valentina|Play Rough|p2a: Azumarill\n|-damage|p2a: Azumarill|0 fnt\n|faint|p2a: Azumarill\n|\n|-fieldend|move: Trick Room\n|upkeep\n|\n|t:|1699398611\n|switch|p2a: Tapu Lele|Tapu Lele|100\/100\n|-fieldstart|move: Psychic Terrain|[from] ability: Psychic Surge|[of] p2a: Tapu Lele\n|turn|21\n|\n|t:|1699398614\n|move|p2a: Tapu Lele|Hidden Power|p1a: Valentina\n|-supereffective|p1a: Valentina\n|-damage|p1a: Valentina|8\/100\n|move|p1a: Valentina|Play Rough|p2a: Tapu Lele\n|-damage|p2a: Tapu Lele|0 fnt\n|faint|p2a: Tapu Lele\n|\n|-sideend|p2: maroon|move: Light Screen\n|upkeep\n|\n|t:|1699398617\n|switch|p2a: Xerneas|Xerneas|71\/100\n|-ability|p2a: Xerneas|Fairy Aura\n|turn|22\n|\n|t:|1699398620\n|move|p2a: Xerneas|Moonblast|p1a: Valentina\n|-resisted|p1a: Valentina\n|-damage|p1a: Valentina|0 fnt\n|faint|p1a: Valentina\n|\n|upkeep\n|\n|t:|1699398621\n|switch|p1a: Ares|Kartana|84\/100 par\n|-damage|p1a: Ares|72\/100 par|[from] Spikes\n|-damage|p1a: Ares|66\/100 par|[from] Stealth Rock\n|turn|23\n|\n|t:|1699398625\n|-zpower|p2a: Xerneas\n|move|p2a: Xerneas|Twinkle Tackle|p1a: Ares|[zeffect]\n|-resisted|p1a: Ares\n|-damage|p1a: Ares|0 fnt\n|faint|p1a: Ares\n|\n|win|maroon\n|n|\u2606straightoutta14BC|straightoutta14bc\n|n|\u2606maroon|maroon\n|c|\u2606maroon|gg\n|l|\u2606maroon\n|j| bruised thighs\u2661\n|l| bruised thighs\u2661\n|j| bruised thighs\u2661\n|l| bruised thighs\u2661\n|l|\u2606straightoutta14BC\n","uploadtime":1699399017,"views":6,"p1id":"straightoutta14bc","p2id":"maroon","formatid":"gen9nationaldexubers","rating":0,"private":0,"password":""}