{"id":"gen9nationaldexubers-1990756278","p1":"Xanvoir","p2":"myarip","format":"[Gen 9] National Dex Ubers","log":"|j|\u2606Xanvoir\n|j|\u2606myarip\n|t:|1699997882\n|gametype|singles\n|player|p1|Xanvoir|169|\n|player|p2|myarip|lady|\n|teamsize|p1|6\n|teamsize|p2|6\n|gen|9\n|tier|[Gen 9] National Dex Ubers\n|rule|HP Percentage Mod: HP is shown in percentages\n|rule|Endless Battle Clause: Forcing endless battles is banned\n|rule|OHKO Clause: OHKO moves are banned\n|rule|Evasion Moves Clause: Evasion moves are banned\n|rule|Evasion Items Clause: Evasion items are banned\n|rule|Species Clause: Limit one of each Pok\u00e9mon\n|rule|Sleep Clause Mod: Limit one foe put to sleep\n|rule|Mega Rayquaza Clause: You cannot mega evolve Rayquaza\n|clearpoke\n|poke|p1|Sableye, M|\n|poke|p1|Weavile, F|\n|poke|p1|Mandibuzz, F|\n|poke|p1|Meowscarada, M|\n|poke|p1|Roaring Moon|\n|poke|p1|Kingambit, M|\n|poke|p2|Whimsicott, F|\n|poke|p2|Clefable, F|\n|poke|p2|Azumarill, F|\n|poke|p2|Tinkaton, F|\n|poke|p2|Gardevoir, F|\n|poke|p2|Flutter Mane|\n|teampreview\n|l|\u2606Xanvoir\n|player|p1|\n|j| AWK-47\n|j| Wujuh\n|c| AWK-47|been looking forward to this\n|c| Wujuh|hi\n|c| AWK-47|u both r rly good\n|j|\u2606Xanvoir\n|player|p1|Xanvoir|169\n|\n|t:|1699997951\n|start\n|switch|p1a: Mandibuzz|Mandibuzz, F|100\/100\n|switch|p2a: Tinkaton|Tinkaton, F|100\/100\n|-ability|p2a: Tinkaton|Mold Breaker\n|turn|1\n|\n|t:|1699997960\n|move|p2a: Tinkaton|Reflect|p2a: Tinkaton\n|-sidestart|p2: myarip|Reflect\n|move|p1a: Mandibuzz|Tailwind|p1a: Mandibuzz\n|-sidestart|p1: Xanvoir|move: Tailwind\n|\n|upkeep\n|turn|2\n|\n|t:|1699997984\n|switch|p2a: Azumarill|Azumarill, F|100\/100\n|move|p1a: Mandibuzz|Foul Play|p2a: Azumarill\n|-resisted|p2a: Azumarill\n|-damage|p2a: Azumarill|91\/100\n|\n|upkeep\n|turn|3\n|\n|t:|1699997988\n|move|p1a: Mandibuzz|U-turn|p2a: Azumarill\n|-resisted|p2a: Azumarill\n|-damage|p2a: Azumarill|88\/100\n|\n|t:|1699997996\n|switch|p1a: Sableye|Sableye, M|100\/100|[from] U-turn\n|move|p2a: Azumarill|Belly Drum|p2a: Azumarill\n|-damage|p2a: Azumarill|38\/100\n|-setboost|p2a: Azumarill|atk|6|[from] move: Belly Drum\n|\n|upkeep\n|turn|4\n|\n|t:|1699998008\n|-terastallize|p2a: Azumarill|Water\n|move|p1a: Sableye|Will-O-Wisp|p2a: Azumarill|[miss]\n|-miss|p1a: Sableye|p2a: Azumarill\n|move|p2a: Azumarill|Aqua Jet|p1a: Sableye\n|-damage|p1a: Sableye|0 fnt\n|faint|p1a: Sableye\n|\n|-sideend|p1: Xanvoir|move: Tailwind\n|upkeep\n|\n|t:|1699998012\n|switch|p1a: Meowscarada|Meowscarada, M|100\/100\n|turn|5\n|\n|t:|1699998047\n|move|p2a: Azumarill|Aqua Jet|p1a: Meowscarada\n|-resisted|p1a: Meowscarada\n|-damage|p1a: Meowscarada|0 fnt\n|faint|p1a: Meowscarada\n|\n|-sideend|p2: myarip|Reflect\n|upkeep\n|c|\u2606myarip|DAMN\n|c| AWK-47|woah\n|\n|t:|1699998057\n|switch|p1a: Mandibuzz|Mandibuzz, F|100\/100\n|turn|6\n|\n|t:|1699998064\n|move|p2a: Azumarill|Aqua Jet|p1a: Mandibuzz\n|-damage|p1a: Mandibuzz|29\/100\n|move|p1a: Mandibuzz|Foul Play|p2a: Azumarill\n|-damage|p2a: Azumarill|0 fnt\n|faint|p2a: Azumarill\n|\n|upkeep\n|\n|t:|1699998073\n|switch|p2a: Gardevoir|Gardevoir, F|100\/100\n|turn|7\n|c|\u2606Xanvoir|Yeah that happens\n|\n|t:|1699998079\n|detailschange|p2a: Gardevoir|Gardevoir-Mega, F\n|-mega|p2a: Gardevoir|Gardevoir|Gardevoirite\n|move|p2a: Gardevoir|Hyper Voice|p1a: Mandibuzz\n|-supereffective|p1a: Mandibuzz\n|-damage|p1a: Mandibuzz|0 fnt\n|faint|p1a: Mandibuzz\n|\n|upkeep\n|\n|t:|1699998087\n|switch|p1a: Roaring Moon|Roaring Moon|100\/100\n|-enditem|p1a: Roaring Moon|Booster Energy\n|-activate|p1a: Roaring Moon|ability: Protosynthesis|[fromitem]\n|-start|p1a: Roaring Moon|protosynthesisspe\n|turn|8\n|l|\u2606Xanvoir\n|player|p1|\n|\n|t:|1699998149\n|switch|p2a: Tinkaton|Tinkaton, F|100\/100\n|-ability|p2a: Tinkaton|Mold Breaker\n|-terastallize|p1a: Roaring Moon|Dark\n|move|p1a: Roaring Moon|Iron Head|p2a: Tinkaton\n|-damage|p2a: Tinkaton|72\/100\n|\n|upkeep\n|turn|9\n|j|\u2606Xanvoir\n|player|p1|Xanvoir|169\n|\n|t:|1699998156\n|move|p1a: Roaring Moon|Earthquake|p2a: Tinkaton\n|-supereffective|p2a: Tinkaton\n|-damage|p2a: Tinkaton|1\/100\n|move|p2a: Tinkaton|Reflect|p2a: Tinkaton\n|-sidestart|p2: myarip|Reflect\n|\n|upkeep\n|turn|10\n|j| Rainer367\n|\n|t:|1699998165\n|move|p1a: Roaring Moon|Earthquake|p2a: Tinkaton\n|-supereffective|p2a: Tinkaton\n|-damage|p2a: Tinkaton|0 fnt\n|faint|p2a: Tinkaton\n|\n|upkeep\n|c| Rainer367|hi\n|l|\u2606Xanvoir\n|player|p1|\n|j|\u2606Xanvoir\n|player|p1|Xanvoir|169\n|c|\u2606Xanvoir|Yo\n|\n|t:|1699998220\n|switch|p2a: Gardevoir|Gardevoir-Mega, F|100\/100\n|turn|11\n|\n|t:|1699998228\n|move|p1a: Roaring Moon|Iron Head|p2a: Gardevoir\n|-supereffective|p2a: Gardevoir\n|-damage|p2a: Gardevoir|47\/100\n|move|p2a: Gardevoir|Hyper Voice|p1a: Roaring Moon\n|-supereffective|p1a: Roaring Moon\n|-damage|p1a: Roaring Moon|0 fnt\n|faint|p1a: Roaring Moon\n|-end|p1a: Roaring Moon|Protosynthesis|[silent]\n|\n|upkeep\n|\n|t:|1699998230\n|switch|p1a: Weavile|Weavile, F|100\/100\n|-ability|p1a: Weavile|Pressure\n|turn|12\n|\n|t:|1699998235\n|move|p1a: Weavile|Triple Axel|p2a: Gardevoir\n|-crit|p2a: Gardevoir\n|-damage|p2a: Gardevoir|20\/100\n|-damage|p2a: Gardevoir|2\/100\n|-damage|p2a: Gardevoir|0 fnt\n|faint|p2a: Gardevoir\n|-hitcount|p2: Gardevoir|3\n|\n|upkeep\n|\n|t:|1699998250\n|switch|p2a: Flutter Mane|Flutter Mane|100\/100\n|turn|13\n|\n|t:|1699998262\n|move|p1a: Weavile|Ice Shard|p2a: Flutter Mane\n|-damage|p2a: Flutter Mane|80\/100\n|move|p2a: Flutter Mane|Moonblast|p1a: Weavile\n|-supereffective|p1a: Weavile\n|-damage|p1a: Weavile|0 fnt\n|faint|p1a: Weavile\n|\n|-sideend|p2: myarip|Reflect\n|upkeep\n|\n|t:|1699998264\n|switch|p1a: Kingambit|Kingambit, M|100\/100\n|-activate|p1a: Kingambit|ability: Supreme Overlord\n|-start|p1a: Kingambit|fallen5|[silent]\n|turn|14\n|\n|t:|1699998270\n|-end|p2a: Flutter Mane|Protosynthesis|[silent]\n|switch|p2a: Clefable|Clefable, F|100\/100\n|move|p1a: Kingambit|Sucker Punch||[still]\n|-fail|p1a: Kingambit\n|\n|upkeep\n|turn|15\n|\n|t:|1699998277\n|move|p2a: Clefable|Protect|p2a: Clefable\n|-singleturn|p2a: Clefable|Protect\n|move|p1a: Kingambit|Swords Dance|p1a: Kingambit\n|-boost|p1a: Kingambit|atk|2\n|\n|upkeep\n|turn|16\n|c| Rainer367|Oh damn\n|\n|t:|1699998282\n|switch|p2a: Whimsicott|Whimsicott, F|100\/100\n|move|p1a: Kingambit|Iron Head|p2a: Whimsicott\n|-supereffective|p2a: Whimsicott\n|-damage|p2a: Whimsicott|0 fnt\n|faint|p2a: Whimsicott\n|\n|upkeep\n|\n|t:|1699998286\n|switch|p2a: Flutter Mane|Flutter Mane|80\/100\n|turn|17\n|c| AWK-47|ooo\n|\n|t:|1699998296\n|-end|p2a: Flutter Mane|Protosynthesis|[silent]\n|switch|p2a: Clefable|Clefable, F|100\/100\n|move|p1a: Kingambit|Sucker Punch||[still]\n|-fail|p1a: Kingambit\n|\n|upkeep\n|turn|18\n|\n|t:|1699998308\n|move|p2a: Clefable|Cosmic Power|p2a: Clefable\n|-boost|p2a: Clefable|def|1\n|-boost|p2a: Clefable|spd|1\n|move|p1a: Kingambit|Swords Dance|p1a: Kingambit\n|-boost|p1a: Kingambit|atk|2\n|\n|upkeep\n|turn|19\n|l| Wujuh\n|\n|t:|1699998313\n|move|p2a: Clefable|Cosmic Power|p2a: Clefable\n|-boost|p2a: Clefable|def|1\n|-boost|p2a: Clefable|spd|1\n|move|p1a: Kingambit|Iron Head|p2a: Clefable\n|-supereffective|p2a: Clefable\n|-damage|p2a: Clefable|0 fnt\n|faint|p2a: Clefable\n|\n|upkeep\n|\n|t:|1699998319\n|switch|p2a: Flutter Mane|Flutter Mane|80\/100\n|turn|20\n|c|\u2606myarip|UGH\n|\n|t:|1699998334\n|move|p1a: Kingambit|Sucker Punch|p2a: Flutter Mane\n|-damage|p2a: Flutter Mane|0 fnt\n|faint|p2a: Flutter Mane\n|-end|p2a: Flutter Mane|Protosynthesis|[silent]\n|\n|win|Xanvoir\n|c|\u2606Xanvoir|Aha\n|c| Rainer367|gg\n|c| AWK-47|ggs\n|c|\u2606myarip|sucker punch...\n|c| AWK-47|really close\n|c|\u2606Xanvoir|good job, that was very close\n","uploadtime":1699998341,"views":11,"p1id":"xanvoir","p2id":"myarip","formatid":"gen9nationaldexubers","rating":0,"private":0,"password":""}