{"id":"gen9nationaldexubers-1995025871","p1":"matatodos","p2":"PokemonLoverFairy","format":"[Gen 9] National Dex Ubers","log":"|j|\u2606matatodos\n|j|\u2606PokemonLoverFairy\n|t:|1700514660\n|gametype|singles\n|player|p1|matatodos|bugcatcher-gen4dp|1254\n|player|p2|PokemonLoverFairy|1|1213\n|teamsize|p1|6\n|teamsize|p2|6\n|gen|9\n|tier|[Gen 9] National Dex Ubers\n|rated|\n|rule|HP Percentage Mod: HP is shown in percentages\n|rule|Endless Battle Clause: Forcing endless battles is banned\n|rule|OHKO Clause: OHKO moves are banned\n|rule|Evasion Moves Clause: Evasion moves are banned\n|rule|Evasion Items Clause: Evasion items are banned\n|rule|Species Clause: Limit one of each Pok\u00e9mon\n|rule|Sleep Clause Mod: Limit one foe put to sleep\n|rule|Mega Rayquaza Clause: You cannot mega evolve Rayquaza\n|clearpoke\n|poke|p1|Scizor, M|\n|poke|p1|Accelgor, M|\n|poke|p1|Volcarona, F|\n|poke|p1|Genesect-Chill|\n|poke|p1|Scolipede, F|\n|poke|p1|Armaldo, M|\n|poke|p2|Xerneas-*|\n|poke|p2|Calyrex-Ice|\n|poke|p2|Dracovish|\n|poke|p2|Groudon|\n|poke|p2|Salamence, M|\n|poke|p2|Deoxys-Attack|\n|teampreview\n|inactive|Battle timer is ON: inactive players will automatically lose when time's up. (requested by PokemonLoverFairy)\n|inactive|matatodos has 120 seconds left.\n|c|\u2606PokemonLoverFairy|come on\n|c|\u2606matatodos|???\n|\n|t:|1700514749\n|start\n|switch|p1a: Trilobite|Armaldo, M|100\/100\n|switch|p2a: Groudon|Groudon, shiny|100\/100\n|detailschange|p2a: Groudon|Groudon-Primal, shiny\n|-primal|p2a: Groudon|Red Orb\n|-weather|DesolateLand|[from] ability: Desolate Land|[of] p2a: Groudon\n|turn|1\n|\n|t:|1700514760\n|move|p2a: Groudon|Eruption|p1a: Trilobite\n|-damage|p1a: Trilobite|0 fnt\n|faint|p1a: Trilobite\n|\n|-weather|DesolateLand|[upkeep]\n|upkeep\n|\n|t:|1700514779\n|switch|p1a: Scolipede|Scolipede, F, shiny|100\/100\n|turn|2\n|c|\u2606PokemonLoverFairy|should i give you a chance\n|\n|t:|1700514789\n|-terastallize|p1a: Scolipede|Ground\n|move|p1a: Scolipede|Earthquake|p2a: Groudon\n|-supereffective|p2a: Groudon\n|-damage|p2a: Groudon|23\/100\n|-damage|p1a: Scolipede|91\/100|[from] item: Life Orb\n|move|p2a: Groudon|Eruption|p1a: Scolipede\n|-damage|p1a: Scolipede|53\/100\n|\n|-weather|DesolateLand|[upkeep]\n|-ability|p1a: Scolipede|Speed Boost|boost\n|-boost|p1a: Scolipede|spe|1\n|upkeep\n|turn|3\n|\n|t:|1700514807\n|move|p1a: Scolipede|Earthquake|p2a: Groudon\n|-supereffective|p2a: Groudon\n|-damage|p2a: Groudon|0 fnt\n|faint|p2a: Groudon\n|-weather|none\n|-damage|p1a: Scolipede|43\/100|[from] item: Life Orb\n|\n|-ability|p1a: Scolipede|Speed Boost|boost\n|-boost|p1a: Scolipede|spe|1\n|upkeep\n|n|!matatodos|matatodos\n|c|\u2606PokemonLoverFairy|nice\n|inactive|PokemonLoverFairy has 120 seconds left.\n|\n|t:|1700514836\n|switch|p2a: Dracovish|Dracovish|100\/100\n|turn|4\n|-activate|p2a: Dracovish|item: Quick Claw\n|\n|t:|1700514849\n|move|p2a: Dracovish|Fishious Rend|p1a: Scolipede\n|-supereffective|p1a: Scolipede\n|-damage|p1a: Scolipede|0 fnt\n|faint|p1a: Scolipede\n|\n|upkeep\n|\n|t:|1700514859\n|switch|p1a: Mestre Louva|Scizor, M, shiny|100\/100\n|turn|5\n|-activate|p2a: Dracovish|item: Quick Claw\n|\n|t:|1700514867\n|detailschange|p1a: Mestre Louva|Scizor-Mega, M, shiny\n|-mega|p1a: Mestre Louva|Scizor|Scizorite\n|move|p2a: Dracovish|Fishious Rend|p1a: Mestre Louva\n|-damage|p1a: Mestre Louva|42\/100\n|move|p1a: Mestre Louva|Swords Dance|p1a: Mestre Louva\n|-boost|p1a: Mestre Louva|atk|2\n|\n|upkeep\n|turn|6\n|\n|t:|1700514875\n|move|p1a: Mestre Louva|Bullet Punch|p2a: Dracovish\n|-resisted|p2a: Dracovish\n|-damage|p2a: Dracovish|67\/100\n|move|p2a: Dracovish|Fishious Rend|p1a: Mestre Louva\n|-damage|p1a: Mestre Louva|15\/100\n|\n|upkeep\n|turn|7\n|-activate|p2a: Dracovish|item: Quick Claw\n|\n|t:|1700514884\n|move|p1a: Mestre Louva|Bullet Punch|p2a: Dracovish\n|-resisted|p2a: Dracovish\n|-damage|p2a: Dracovish|32\/100\n|move|p2a: Dracovish|Fishious Rend|p1a: Mestre Louva\n|-damage|p1a: Mestre Louva|0 fnt\n|faint|p1a: Mestre Louva\n|\n|upkeep\n|\n|t:|1700514891\n|switch|p1a: DNA|Genesect-Chill|100\/100\n|-ability|p1a: DNA|Download|boost\n|-boost|p1a: DNA|spa|1\n|turn|8\n|\n|t:|1700514900\n|move|p1a: DNA|Techno Blast|p2a: Dracovish\n|-crit|p2a: Dracovish\n|-damage|p2a: Dracovish|0 fnt\n|faint|p2a: Dracovish\n|\n|upkeep\n|\n|t:|1700514918\n|switch|p2a: Salamence|Salamence, M|100\/100\n|-ability|p2a: Salamence|Intimidate|boost\n|-unboost|p1a: DNA|atk|1\n|turn|9\n|\n|t:|1700514933\n|detailschange|p2a: Salamence|Salamence-Mega, M\n|-mega|p2a: Salamence|Salamence|Salamencite\n|move|p2a: Salamence|Draco Meteor|p1a: DNA\n|-resisted|p1a: DNA\n|-damage|p1a: DNA|69\/100\n|-unboost|p2a: Salamence|spa|2\n|move|p1a: DNA|Techno Blast|p2a: Salamence\n|-supereffective|p2a: Salamence\n|-damage|p2a: Salamence|0 fnt\n|faint|p2a: Salamence\n|\n|upkeep\n|\n|t:|1700514945\n|switch|p2a: Deoxys|Deoxys-Attack|100\/100\n|-ability|p2a: Deoxys|Pressure\n|turn|10\n|inactive|matatodos has 120 seconds left.\n|\n|t:|1700514994\n|move|p2a: Deoxys|Psycho Boost|p1a: DNA\n|-resisted|p1a: DNA\n|-damage|p1a: DNA|24\/100\n|-unboost|p2a: Deoxys|spa|2\n|move|p1a: DNA|Dark Pulse|p2a: Deoxys\n|-supereffective|p2a: Deoxys\n|-damage|p2a: Deoxys|0 fnt\n|faint|p2a: Deoxys\n|\n|upkeep\n|\n|t:|1700515015\n|switch|p2a: Calyrex|Calyrex-Ice|100\/100\n|-ability|p2a: Calyrex|As One\n|-ability|p2a: Calyrex|Unnerve\n|turn|11\n|\n|t:|1700515023\n|-terastallize|p2a: Calyrex|Fighting\n|move|p1a: DNA|Dark Pulse|p2a: Calyrex\n|-resisted|p2a: Calyrex\n|-damage|p2a: Calyrex|86\/100\n|move|p2a: Calyrex|Stomping Tantrum|p1a: DNA\n|-damage|p1a: DNA|0 fnt\n|faint|p1a: DNA\n|-ability|p2a: Calyrex|Chilling Neigh|boost\n|-boost|p2a: Calyrex|atk|1\n|\n|-heal|p2a: Calyrex|92\/100|[from] item: Leftovers\n|upkeep\n|inactive|matatodos has 120 seconds left.\n|\n|t:|1700515029\n|switch|p1a: Volcarona|Volcarona, F|100\/100\n|turn|12\n|\n|t:|1700515035\n|switch|p2a: Xerneas|Xerneas|100\/100\n|-ability|p2a: Xerneas|Fairy Aura\n|move|p1a: Volcarona|Psychic|p2a: Xerneas\n|-damage|p2a: Xerneas|66\/100\n|\n|upkeep\n|turn|13\n|\n|t:|1700515041\n|move|p2a: Xerneas|Geomancy||[still]\n|-prepare|p2a: Xerneas|Geomancy\n|-enditem|p2a: Xerneas|Power Herb\n|-anim|p2a: Xerneas|Geomancy|p2a: Xerneas\n|-boost|p2a: Xerneas|spa|2\n|-boost|p2a: Xerneas|spd|2\n|-boost|p2a: Xerneas|spe|2\n|move|p1a: Volcarona|Fiery Dance|p2a: Xerneas\n|-damage|p2a: Xerneas|44\/100\n|-boost|p1a: Volcarona|spa|1\n|\n|upkeep\n|turn|14\n|\n|t:|1700515054\n|move|p2a: Xerneas|Moonblast|p1a: Volcarona\n|-resisted|p1a: Volcarona\n|-damage|p1a: Volcarona|42\/100\n|move|p1a: Volcarona|Fiery Dance|p2a: Xerneas\n|-damage|p2a: Xerneas|11\/100\n|\n|upkeep\n|turn|15\n|\n|t:|1700515062\n|move|p2a: Xerneas|Close Combat|p1a: Volcarona\n|-resisted|p1a: Volcarona\n|-damage|p1a: Volcarona|13\/100\n|-unboost|p2a: Xerneas|def|1\n|-unboost|p2a: Xerneas|spd|1\n|move|p1a: Volcarona|Fiery Dance|p2a: Xerneas\n|-damage|p2a: Xerneas|0 fnt\n|-boost|p1a: Volcarona|spa|1\n|faint|p2a: Xerneas\n|\n|upkeep\n|\n|t:|1700515073\n|switch|p2a: Calyrex|Calyrex-Ice, tera:Fighting|92\/100\n|-ability|p2a: Calyrex|As One\n|-ability|p2a: Calyrex|Unnerve\n|turn|16\n|\n|t:|1700515079\n|move|p1a: Volcarona|Psychic|p2a: Calyrex\n|-supereffective|p2a: Calyrex\n|-damage|p2a: Calyrex|0 fnt\n|faint|p2a: Calyrex\n|\n|win|matatodos\n|raw|matatodos's rating: 1254 &rarr; <strong>1276<\/strong><br \/>(+22 for winning)\n|raw|PokemonLoverFairy's rating: 1213 &rarr; <strong>1191<\/strong><br \/>(-22 for losing)\n","uploadtime":1700514811,"views":1,"p1id":"matatodos","p2id":"pokemonloverfairy","formatid":"gen9nationaldexubers","rating":1191,"private":0,"password":""}