{"id":"gen9nationaldexubers-1992836747","p1":"XJohnson","p2":"dog678","format":"[Gen 9] National Dex Ubers","log":"|j|\u2606XJohnson\n|j|\u2606dog678\n|t:|1700239672\n|gametype|singles\n|player|p1|XJohnson|gloria-masters|1222\n|player|p2|dog678|101|1219\n|teamsize|p1|6\n|teamsize|p2|6\n|gen|9\n|tier|[Gen 9] National Dex Ubers\n|rated|\n|rule|HP Percentage Mod: HP is shown in percentages\n|rule|Endless Battle Clause: Forcing endless battles is banned\n|rule|OHKO Clause: OHKO moves are banned\n|rule|Evasion Moves Clause: Evasion moves are banned\n|rule|Evasion Items Clause: Evasion items are banned\n|rule|Species Clause: Limit one of each Pok\u00e9mon\n|rule|Sleep Clause Mod: Limit one foe put to sleep\n|rule|Mega Rayquaza Clause: You cannot mega evolve Rayquaza\n|clearpoke\n|poke|p1|Shaymin-Sky|\n|poke|p1|Yveltal|\n|poke|p1|Lunala|\n|poke|p1|Tapu Bulu|\n|poke|p1|Annihilape, M|\n|poke|p1|Ninetales-Alola, F|\n|poke|p2|Cramorant, M|\n|poke|p2|Melmetal|\n|poke|p2|Basculegion, M|\n|poke|p2|Galvantula, F|\n|poke|p2|Kangaskhan, F|\n|poke|p2|Urshifu-*, F|\n|teampreview\n|\n|t:|1700239679\n|start\n|switch|p1a: Ninetales|Ninetales-Alola, F|100\/100\n|switch|p2a: Galvantula|Galvantula, F, shiny|100\/100\n|-weather|Snow|[from] ability: Snow Warning|[of] p1a: Ninetales\n|turn|1\n|\n|t:|1700239691\n|move|p1a: Ninetales|Aurora Veil|p1a: Ninetales\n|-sidestart|p1: XJohnson|move: Aurora Veil\n|move|p2a: Galvantula|Sticky Web|p1a: Ninetales\n|-sidestart|p1: XJohnson|move: Sticky Web\n|\n|-weather|Snow|[upkeep]\n|upkeep\n|turn|2\n|\n|t:|1700239711\n|move|p1a: Ninetales|Encore|p2a: Galvantula\n|-start|p2a: Galvantula|Encore\n|move|p2a: Galvantula|Sticky Web||[still]\n|-fail|p2a: Galvantula\n|\n|-weather|Snow|[upkeep]\n|upkeep\n|turn|3\n|\n|t:|1700239725\n|switch|p1a: Annihilape|Annihilape, M|100\/100\n|-activate|p1a: Annihilape|move: Sticky Web\n|-unboost|p1a: Annihilape|spe|1\n|-ability|p1a: Annihilape|Defiant|boost\n|-boost|p1a: Annihilape|atk|2\n|switch|p2a: Cramorant|Cramorant, M, shiny|100\/100\n|\n|-weather|Snow|[upkeep]\n|upkeep\n|turn|4\n|\n|t:|1700239734\n|move|p2a: Cramorant|Dive||[still]\n|-formechange|p2a: Cramorant|Cramorant-Gulping|\n|-prepare|p2a: Cramorant|Dive\n|move|p1a: Annihilape|Stealth Rock|p2a: Cramorant\n|-sidestart|p2: dog678|move: Stealth Rock\n|\n|-weather|Snow|[upkeep]\n|upkeep\n|turn|5\n|\n|t:|1700239739\n|move|p2a: Cramorant|Dive|p1a: Annihilape|[from]lockedmove\n|-damage|p1a: Annihilape|84\/100\n|move|p1a: Annihilape|Rage Fist|p2a: Cramorant\n|-damage|p2a: Cramorant|0 fnt\n|-damage|p1a: Annihilape|59\/100|[from] ability: Gulp Missile|[of] p2a: Cramorant\n|-unboost|p1a: Annihilape|def|1\n|-ability|p1a: Annihilape|Defiant|boost\n|-boost|p1a: Annihilape|atk|2\n|-formechange|p2a: Cramorant|Cramorant|\n|faint|p2a: Cramorant\n|\n|-weather|none\n|-heal|p1a: Annihilape|65\/100|[from] item: Leftovers\n|upkeep\n|\n|t:|1700239758\n|switch|p2a: Urshifu|Urshifu, F|100\/100\n|-damage|p2a: Urshifu|94\/100|[from] Stealth Rock\n|turn|6\n|\n|t:|1700239767\n|switch|p1a: Tapu Bulu|Tapu Bulu|100\/100\n|-activate|p1a: Tapu Bulu|move: Sticky Web\n|-unboost|p1a: Tapu Bulu|spe|1\n|-fieldstart|move: Grassy Terrain|[from] ability: Grassy Surge|[of] p1a: Tapu Bulu\n|move|p2a: Urshifu|Wicked Blow|p1a: Tapu Bulu\n|-resisted|p1a: Tapu Bulu\n|-crit|p1a: Tapu Bulu\n|-damage|p1a: Tapu Bulu|64\/100\n|\n|-heal|p2a: Urshifu|100\/100|[from] Grassy Terrain\n|-heal|p1a: Tapu Bulu|70\/100|[from] Grassy Terrain\n|upkeep\n|turn|7\n|\n|t:|1700239776\n|move|p2a: Urshifu|Iron Head|p1a: Tapu Bulu\n|-supereffective|p1a: Tapu Bulu\n|-crit|p1a: Tapu Bulu\n|-damage|p1a: Tapu Bulu|0 fnt\n|faint|p1a: Tapu Bulu\n|\n|upkeep\n|\n|t:|1700239783\n|switch|p1a: Yveltal|Yveltal|100\/100\n|-ability|p1a: Yveltal|Dark Aura\n|turn|8\n|\n|t:|1700239793\n|move|p1a: Yveltal|Dark Pulse|p2a: Urshifu\n|-resisted|p2a: Urshifu\n|-damage|p2a: Urshifu|72\/100\n|cant|p2a: Urshifu|flinch\n|\n|-heal|p2a: Urshifu|78\/100|[from] Grassy Terrain\n|-sideend|p1: XJohnson|move: Aurora Veil\n|upkeep\n|turn|9\n|\n|t:|1700239797\n|switch|p1a: Ninetales|Ninetales-Alola, F|100\/100\n|-activate|p1a: Ninetales|move: Sticky Web\n|-unboost|p1a: Ninetales|spe|1\n|-weather|Snow|[from] ability: Snow Warning|[of] p1a: Ninetales\n|move|p2a: Urshifu|Bulk Up|p2a: Urshifu\n|-boost|p2a: Urshifu|atk|1\n|-boost|p2a: Urshifu|def|1\n|\n|-weather|Snow|[upkeep]\n|-heal|p2a: Urshifu|84\/100|[from] Grassy Terrain\n|upkeep\n|turn|10\n|\n|t:|1700239806\n|-terastallize|p1a: Ninetales|Poison\n|move|p2a: Urshifu|Bulk Up|p2a: Urshifu\n|-boost|p2a: Urshifu|atk|1\n|-boost|p2a: Urshifu|def|1\n|move|p1a: Ninetales|Encore|p2a: Urshifu\n|-start|p2a: Urshifu|Encore\n|\n|-weather|Snow|[upkeep]\n|-heal|p2a: Urshifu|90\/100|[from] Grassy Terrain\n|upkeep\n|turn|11\n|\n|t:|1700239812\n|move|p2a: Urshifu|Bulk Up|p2a: Urshifu\n|-boost|p2a: Urshifu|atk|1\n|-boost|p2a: Urshifu|def|1\n|move|p1a: Ninetales|Moonblast|p2a: Urshifu\n|-supereffective|p2a: Urshifu\n|-damage|p2a: Urshifu|0 fnt\n|faint|p2a: Urshifu\n|\n|-weather|Snow|[upkeep]\n|upkeep\n|\n|t:|1700239818\n|switch|p2a: Kangaskhan|Kangaskhan, F, shiny|100\/100\n|-damage|p2a: Kangaskhan|88\/100|[from] Stealth Rock\n|turn|12\n|\n|t:|1700239821\n|detailschange|p2a: Kangaskhan|Kangaskhan-Mega, F, shiny\n|-mega|p2a: Kangaskhan|Kangaskhan|Kangaskhanite\n|move|p2a: Kangaskhan|Fake Out|p1a: Ninetales\n|-damage|p1a: Ninetales|74\/100\n|-damage|p1a: Ninetales|67\/100\n|-hitcount|p1a: Ninetales|2\n|cant|p1a: Ninetales|flinch\n|\n|-weather|Snow|[upkeep]\n|-heal|p2a: Kangaskhan|94\/100|[from] Grassy Terrain\n|-heal|p1a: Ninetales|73\/100|[from] Grassy Terrain\n|upkeep\n|turn|13\n|\n|t:|1700239827\n|move|p2a: Kangaskhan|Power-Up Punch|p1a: Ninetales\n|-resisted|p1a: Ninetales\n|-damage|p1a: Ninetales|64\/100\n|-boost|p2a: Kangaskhan|atk|1\n|-resisted|p1a: Ninetales\n|-damage|p1a: Ninetales|61\/100\n|-boost|p2a: Kangaskhan|atk|1\n|-hitcount|p1a: Ninetales|2\n|move|p1a: Ninetales|Encore|p2a: Kangaskhan\n|-start|p2a: Kangaskhan|Encore\n|\n|-weather|none\n|-heal|p2a: Kangaskhan|99\/100|[from] Grassy Terrain\n|-heal|p1a: Ninetales|67\/100|[from] Grassy Terrain\n|-fieldend|move: Grassy Terrain\n|upkeep\n|turn|14\n|\n|t:|1700239833\n|switch|p1a: Annihilape|Annihilape, M|65\/100\n|-activate|p1a: Annihilape|move: Sticky Web\n|-unboost|p1a: Annihilape|spe|1\n|-ability|p1a: Annihilape|Defiant|boost\n|-boost|p1a: Annihilape|atk|2\n|move|p2a: Kangaskhan|Power-Up Punch|p1a: Annihilape\n|-immune|p1a: Annihilape\n|\n|-heal|p1a: Annihilape|71\/100|[from] item: Leftovers\n|upkeep\n|turn|15\n|\n|t:|1700239841\n|switch|p2a: Galvantula|Galvantula, F, shiny|100\/100\n|-damage|p2a: Galvantula|76\/100|[from] Stealth Rock\n|move|p1a: Annihilape|Rage Fist|p2a: Galvantula\n|-damage|p2a: Galvantula|0 fnt\n|faint|p2a: Galvantula\n|\n|-heal|p1a: Annihilape|77\/100|[from] item: Leftovers\n|upkeep\n|\n|t:|1700239850\n|switch|p2a: Basculegion|Basculegion, M, shiny|100\/100\n|-damage|p2a: Basculegion|88\/100|[from] Stealth Rock\n|-ability|p2a: Basculegion|Mold Breaker\n|turn|16\n|\n|t:|1700239864\n|switch|p1a: Jeanne|Lunala, shiny|100\/100\n|-activate|p1a: Jeanne|move: Sticky Web\n|-unboost|p1a: Jeanne|spe|1\n|-terastallize|p2a: Basculegion|Ghost\n|move|p2a: Basculegion|Last Respects|p1a: Jeanne\n|-supereffective|p1a: Jeanne\n|-damage|p1a: Jeanne|0 fnt\n|faint|p1a: Jeanne\n|\n|upkeep\n|\n|t:|1700239870\n|switch|p1a: Yveltal|Yveltal|100\/100\n|-ability|p1a: Yveltal|Dark Aura\n|turn|17\n|\n|t:|1700239880\n|switch|p2a: Melmetal|Melmetal, shiny|100\/100\n|-damage|p2a: Melmetal|94\/100|[from] Stealth Rock\n|move|p1a: Yveltal|Sucker Punch||[still]\n|-fail|p1a: Yveltal\n|\n|upkeep\n|turn|18\n|\n|t:|1700239904\n|switch|p1a: Shaymin|Shaymin-Sky|100\/100\n|move|p2a: Melmetal|Double Iron Bash|p1a: Shaymin\n|-damage|p1a: Shaymin|33\/100\n|-damage|p1a: Shaymin|0 fnt\n|faint|p1a: Shaymin\n|-hitcount|p1: Shaymin|2\n|\n|upkeep\n|\n|t:|1700239908\n|switch|p1a: Annihilape|Annihilape, M|77\/100\n|-activate|p1a: Annihilape|move: Sticky Web\n|-unboost|p1a: Annihilape|spe|1\n|-ability|p1a: Annihilape|Defiant|boost\n|-boost|p1a: Annihilape|atk|2\n|turn|19\n|\n|t:|1700239916\n|switch|p2a: Basculegion|Basculegion, M, shiny, tera:Ghost|88\/100\n|-damage|p2a: Basculegion|76\/100|[from] Stealth Rock\n|-ability|p2a: Basculegion|Mold Breaker\n|move|p1a: Annihilape|Rage Fist|p2a: Basculegion\n|-supereffective|p2a: Basculegion\n|-damage|p2a: Basculegion|0 fnt\n|faint|p2a: Basculegion\n|\n|-heal|p1a: Annihilape|83\/100|[from] item: Leftovers\n|upkeep\n|\n|t:|1700239927\n|switch|p2a: Kangaskhan|Kangaskhan-Mega, F, shiny|99\/100\n|-damage|p2a: Kangaskhan|88\/100|[from] Stealth Rock\n|turn|20\n|\n|t:|1700239941\n|move|p2a: Kangaskhan|Crunch|p1a: Annihilape\n|-damage|p1a: Annihilape|56\/100\n|-damage|p1a: Annihilape|50\/100\n|-hitcount|p1a: Annihilape|2\n|move|p1a: Annihilape|Drain Punch|p2a: Kangaskhan\n|-supereffective|p2a: Kangaskhan\n|-damage|p2a: Kangaskhan|0 fnt\n|-heal|p1a: Annihilape|86\/100|[from] drain|[of] p2a: Kangaskhan\n|faint|p2a: Kangaskhan\n|\n|-heal|p1a: Annihilape|92\/100|[from] item: Leftovers\n|upkeep\n|\n|t:|1700239946\n|switch|p2a: Melmetal|Melmetal, shiny|94\/100\n|-damage|p2a: Melmetal|88\/100|[from] Stealth Rock\n|turn|21\n|c|\u2606XJohnson|Gg\n|\n|t:|1700239954\n|move|p2a: Melmetal|Earthquake|p1a: Annihilape\n|-damage|p1a: Annihilape|57\/100\n|move|p1a: Annihilape|Drain Punch|p2a: Melmetal\n|-supereffective|p2a: Melmetal\n|-damage|p2a: Melmetal|0 fnt\n|-heal|p1a: Annihilape|99\/100|[from] drain|[of] p2a: Melmetal\n|faint|p2a: Melmetal\n|\n|win|XJohnson\n|raw|XJohnson's rating: 1222 &rarr; <strong>1247<\/strong><br \/>(+25 for winning)\n|raw|dog678's rating: 1219 &rarr; <strong>1194<\/strong><br \/>(-25 for losing)\n|c|\u2606dog678|gg\n","uploadtime":1700239962,"views":19,"p1id":"xjohnson","p2id":"dog678","formatid":"gen9nationaldexubers","rating":1194,"private":0,"password":""}