{"id":"gen9nationaldexubers-1987241935","p1":"Black_Man9905","p2":"Yoswuert88088","format":"[Gen 9] National Dex Ubers","log":"|j|\u2606Black_Man9905\n|j|\u2606Yoswuert88088\n|t:|1699568622\n|gametype|singles\n|player|p1|Black_Man9905|veteran|\n|player|p2|Yoswuert88088|102|\n|teamsize|p1|6\n|teamsize|p2|6\n|gen|9\n|tier|[Gen 9] National Dex Ubers\n|rule|HP Percentage Mod: HP is shown in percentages\n|rule|Endless Battle Clause: Forcing endless battles is banned\n|rule|OHKO Clause: OHKO moves are banned\n|rule|Evasion Moves Clause: Evasion moves are banned\n|rule|Evasion Items Clause: Evasion items are banned\n|rule|Species Clause: Limit one of each Pok\u00e9mon\n|rule|Sleep Clause Mod: Limit one foe put to sleep\n|rule|Mega Rayquaza Clause: You cannot mega evolve Rayquaza\n|clearpoke\n|poke|p1|Ludicolo, F|\n|poke|p1|Salamence, F|\n|poke|p1|Annihilape, F|\n|poke|p1|Gardevoir, F|\n|poke|p1|Cinderace, F|\n|poke|p1|Vaporeon, F|\n|poke|p2|Armarouge, M|\n|poke|p2|Cyclizar, M|\n|poke|p2|Tinkaton, F|\n|poke|p2|Maushold-Four|\n|poke|p2|Palafin, M|\n|poke|p2|Silvally-*|\n|teampreview\n|\n|t:|1699568628\n|start\n|switch|p1a: Mexicano|Ludicolo, F, shiny|100\/100\n|switch|p2a: Palafin|Palafin, M|100\/100\n|turn|1\n|\n|t:|1699568647\n|detailschange|p2a: Palafin|Palafin-Hero, M\n|switch|p2a: Maushold|Maushold-Four, shiny|100\/100\n|move|p1a: Mexicano|Giga Drain|p2a: Maushold\n|-damage|p2a: Maushold|56\/100\n|\n|-heal|p2a: Maushold|62\/100|[from] item: Leftovers\n|upkeep\n|turn|2\n|\n|t:|1699568661\n|move|p2a: Maushold|Population Bomb|p1a: Mexicano\n|-damage|p1a: Mexicano|85\/100\n|-hitcount|p1a: Mexicano|1\n|move|p1a: Mexicano|Rain Dance|p1a: Mexicano\n|-weather|RainDance\n|\n|-weather|RainDance|[upkeep]\n|-heal|p1a: Mexicano|91\/100|[from] item: Leftovers\n|-heal|p2a: Maushold|69\/100|[from] item: Leftovers\n|upkeep\n|turn|3\n|\n|t:|1699568674\n|move|p1a: Mexicano|Surf|p2a: Maushold\n|-damage|p2a: Maushold|0 fnt\n|faint|p2a: Maushold\n|\n|-weather|RainDance|[upkeep]\n|-heal|p1a: Mexicano|97\/100|[from] item: Leftovers\n|upkeep\n|\n|t:|1699568679\n|switch|p2a: Silvally|Silvally-Bug|100\/100\n|turn|4\n|\n|t:|1699568692\n|move|p1a: Mexicano|Surf|p2a: Silvally\n|-damage|p2a: Silvally|40\/100\n|move|p2a: Silvally|X-Scissor|p1a: Mexicano\n|-supereffective|p1a: Mexicano\n|-damage|p1a: Mexicano|7\/100\n|\n|-weather|RainDance|[upkeep]\n|-heal|p1a: Mexicano|13\/100|[from] item: Leftovers\n|upkeep\n|turn|5\n|\n|t:|1699568702\n|move|p1a: Mexicano|Surf|p2a: Silvally\n|-damage|p2a: Silvally|0 fnt\n|faint|p2a: Silvally\n|\n|-weather|RainDance|[upkeep]\n|-heal|p1a: Mexicano|19\/100|[from] item: Leftovers\n|upkeep\n|\n|t:|1699568707\n|switch|p2a: Cyclizar|Cyclizar, M|100\/100\n|turn|6\n|\n|t:|1699568719\n|move|p1a: Mexicano|Surf|p2a: Cyclizar\n|-resisted|p2a: Cyclizar\n|-damage|p2a: Cyclizar|51\/100\n|move|p2a: Cyclizar|Body Slam|p1a: Mexicano\n|-damage|p1a: Mexicano|0 fnt\n|faint|p1a: Mexicano\n|\n|-weather|none\n|upkeep\n|inactive|Battle timer is ON: inactive players will automatically lose when time's up. (requested by Yoswuert88088)\n|inactive|Black_Man9905 has 270 seconds left.\n|\n|t:|1699568782\n|switch|p1a: El rabioso|Annihilape, F, shiny|100\/100\n|turn|7\n|\n|t:|1699568792\n|move|p2a: Cyclizar|Shift Gear|p2a: Cyclizar\n|-boost|p2a: Cyclizar|spe|2\n|-boost|p2a: Cyclizar|atk|1\n|move|p1a: El rabioso|Drain Punch|p2a: Cyclizar\n|-supereffective|p2a: Cyclizar\n|-damage|p2a: Cyclizar|0 fnt\n|faint|p2a: Cyclizar\n|\n|upkeep\n|\n|t:|1699568801\n|switch|p2a: Armarouge|Armarouge, M, shiny|100\/100\n|turn|8\n|\n|t:|1699568816\n|move|p2a: Armarouge|Psyshock|p1a: El rabioso\n|-supereffective|p1a: El rabioso\n|-damage|p1a: El rabioso|20\/100\n|move|p1a: El rabioso|Rage Fist|p2a: Armarouge\n|-supereffective|p2a: Armarouge\n|-damage|p2a: Armarouge|0 fnt\n|faint|p2a: Armarouge\n|\n|-heal|p1a: El rabioso|26\/100|[from] item: Leftovers\n|upkeep\n|\n|t:|1699568821\n|switch|p2a: Palafin|Palafin-Hero, M|100\/100\n|-activate|p2a: Palafin|ability: Zero to Hero\n|turn|9\n|inactive|Black_Man9905 has 270 seconds left.\n|\n|t:|1699568853\n|move|p2a: Palafin|Acrobatics|p1a: El rabioso\n|-supereffective|p1a: El rabioso\n|-damage|p1a: El rabioso|0 fnt\n|faint|p1a: El rabioso\n|\n|upkeep\n|inactive|Black_Man9905 has 270 seconds left.\n|\n|t:|1699568869\n|switch|p1a: La quincea\u00f1era|Gardevoir, F, shiny|100\/100\n|turn|10\n|\n|t:|1699568878\n|move|p1a: La quincea\u00f1era|Draining Kiss|p2a: Palafin\n|-damage|p2a: Palafin|61\/100\n|-damage|p1a: La quincea\u00f1era|91\/100|[from] item: Life Orb\n|move|p2a: Palafin|Liquidation|p1a: La quincea\u00f1era\n|-damage|p1a: La quincea\u00f1era|3\/100\n|\n|upkeep\n|turn|11\n|inactive|Black_Man9905 has 270 seconds left.\n|\n|t:|1699568888\n|move|p1a: La quincea\u00f1era|Psychic|p2a: Palafin\n|-damage|p2a: Palafin|0 fnt\n|faint|p2a: Palafin\n|-damage|p1a: La quincea\u00f1era|0 fnt|[from] item: Life Orb\n|faint|p1a: La quincea\u00f1era\n|\n|upkeep\n|inactive|Black_Man9905 has 270 seconds left.\n|\n|t:|1699568900\n|switch|p1a: La iguana|Salamence, F|100\/100\n|switch|p2a: Tinkaton|Tinkaton, F|100\/100\n|-ability|p1a: La iguana|Intimidate|boost\n|-unboost|p2a: Tinkaton|atk|1\n|-ability|p2a: Tinkaton|Mold Breaker\n|turn|12\n|inactive|Black_Man9905 has 270 seconds left.\n|j| AdrianGarcia1604\n|\n|t:|1699568918\n|detailschange|p1a: La iguana|Salamence-Mega, F\n|-mega|p1a: La iguana|Salamence|Salamencite\n|move|p1a: La iguana|Earthquake|p2a: Tinkaton\n|-supereffective|p2a: Tinkaton\n|-damage|p2a: Tinkaton|9\/100\n|move|p2a: Tinkaton|Swords Dance|p2a: Tinkaton\n|-boost|p2a: Tinkaton|atk|2\n|\n|upkeep\n|turn|13\n|j| SAENS13\n|inactive|Black_Man9905 has 270 seconds left.\n|\n|t:|1699568941\n|move|p1a: La iguana|Earthquake|p2a: Tinkaton\n|-supereffective|p2a: Tinkaton\n|-damage|p2a: Tinkaton|0 fnt\n|faint|p2a: Tinkaton\n|\n|win|Black_Man9905\n|l|\u2606Yoswuert88088\n|l| SAENS13\n","uploadtime":1699568955,"views":4,"p1id":"blackman9905","p2id":"yoswuert88088","formatid":"gen9nationaldexubers","rating":0,"private":0,"password":""}