{"id":"gen9nationaldexubers-1984130052","p1":"PaperTigerLily","p2":"CriticalKing14","format":"[Gen 9] National Dex Ubers","log":"|j|\u2606PaperTigerLily\n|j|\u2606CriticalKing14\n|t:|1699221801\n|gametype|singles\n|player|p1|PaperTigerLily|jasmine-masters|\n|player|p2|CriticalKing14|n-masters|\n|teamsize|p1|6\n|teamsize|p2|6\n|gen|9\n|tier|[Gen 9] National Dex Ubers\n|rule|HP Percentage Mod: HP is shown in percentages\n|rule|Endless Battle Clause: Forcing endless battles is banned\n|rule|OHKO Clause: OHKO moves are banned\n|rule|Evasion Moves Clause: Evasion moves are banned\n|rule|Evasion Items Clause: Evasion items are banned\n|rule|Species Clause: Limit one of each Pok\u00e9mon\n|rule|Sleep Clause Mod: Limit one foe put to sleep\n|rule|Mega Rayquaza Clause: You cannot mega evolve Rayquaza\n|clearpoke\n|poke|p1|Jirachi|\n|poke|p1|Scizor, M|\n|poke|p1|Corviknight, F|\n|poke|p1|Empoleon, M|\n|poke|p1|Heatran, M|\n|poke|p1|Gholdengo|\n|poke|p2|Rillaboom, F|\n|poke|p2|Meowscarada, F|\n|poke|p2|Ogerpon-Wellspring, F|\n|poke|p2|Sinistcha|\n|poke|p2|Venusaur, M|\n|poke|p2|Ferrothorn, F|\n|teampreview\n|inactive|Battle timer is ON: inactive players will automatically lose when time's up. (requested by CriticalKing14)\n|c|\u2606PaperTigerLily|may the best miku win indeed.\n|\n|t:|1699221820\n|start\n|switch|p1a: Bring A Friend|Scizor, M, shiny|100\/100\n|switch|p2a: Silly Alert|Ogerpon-Wellspring, F|100\/100\n|turn|1\n|c|\u2606CriticalKing14|i will play to my best abilities\n|\n|t:|1699221837\n|detailschange|p1a: Bring A Friend|Scizor-Mega, M, shiny\n|-mega|p1a: Bring A Friend|Scizor|Scizorite\n|move|p2a: Silly Alert|Ivy Cudgel|p1a: Bring A Friend\n|-damage|p1a: Bring A Friend|57\/100\n|move|p1a: Bring A Friend|U-turn|p2a: Silly Alert\n|-supereffective|p2a: Silly Alert\n|-damage|p2a: Silly Alert|0 fnt\n|faint|p2a: Silly Alert\n|c|\u2606CriticalKing14|damn\n|c|\u2606PaperTigerLily|one sec. getting my mood music\n|inactive|PaperTigerLily has 270 seconds left.\n|c|\u2606CriticalKing14|mine's already playing\n|\n|t:|1699221890\n|switch|p1a: She Gon Make Me|Corviknight, F, shiny|100\/100|[from] U-turn\n|\n|upkeep\n|\n|t:|1699221902\n|switch|p2a: very hot tea|Sinistcha|100\/100\n|turn|2\n|c|\u2606PaperTigerLily|I'm sure you can see the new theme.\n|\n|t:|1699221907\n|move|p2a: very hot tea|Calm Mind|p2a: very hot tea\n|-boost|p2a: very hot tea|spa|1\n|-boost|p2a: very hot tea|spd|1\n|move|p1a: She Gon Make Me|U-turn|p2a: very hot tea\n|-damage|p2a: very hot tea|87\/100\n|inactive|PaperTigerLily has 240 seconds left.\n|\n|t:|1699221948\n|switch|p1a: Bring A Friend|Scizor-Mega, M, shiny|57\/100|[from] U-turn\n|\n|-heal|p2a: very hot tea|93\/100|[from] item: Leftovers\n|upkeep\n|turn|3\n|\n|t:|1699221962\n|move|p1a: Bring A Friend|Bullet Punch|p2a: very hot tea\n|-damage|p2a: very hot tea|54\/100\n|move|p2a: very hot tea|Matcha Gotcha|p1a: Bring A Friend\n|-resisted|p1a: Bring A Friend\n|-damage|p1a: Bring A Friend|42\/100\n|-heal|p2a: very hot tea|61\/100|[from] drain|[of] p1a: Bring A Friend\n|\n|-heal|p2a: very hot tea|67\/100|[from] item: Leftovers\n|upkeep\n|turn|4\n|\n|t:|1699221969\n|move|p1a: Bring A Friend|Dual Wingbeat|p2a: very hot tea\n|-supereffective|p2a: very hot tea\n|-damage|p2a: very hot tea|19\/100\n|-supereffective|p2a: very hot tea\n|-damage|p2a: very hot tea|0 fnt\n|faint|p2a: very hot tea\n|-hitcount|p2: very hot tea|2\n|\n|upkeep\n|c|\u2606CriticalKing14|i forgot you had that\n|l|\u2606CriticalKing14\n|inactive|CriticalKing14 disconnected and has 300 seconds to reconnect!\n|player|p2|\n|c|\u2606PaperTigerLily|i assumed you might be faster\n|j|\u2606CriticalKing14\n|inactive|CriticalKing14 reconnected and has 285 seconds left.\n|player|p2|CriticalKing14|n-masters\n|inactive|CriticalKing14 has 270 seconds left.\n|c|\u2606CriticalKing14|google please\n|\n|t:|1699222011\n|switch|p2a: Gay Crime Daughter|Meowscarada, F|100\/100\n|turn|5\n|c|\u2606PaperTigerLily|internet oopsies?\n|inactive|PaperTigerLily has 240 seconds left.\n|inactive|CriticalKing14 has 270 seconds left.\n|c|\u2606CriticalKing14|yea\n|\n|t:|1699222030\n|move|p2a: Gay Crime Daughter|Flower Trick|p1a: Bring A Friend\n|-start|p2a: Gay Crime Daughter|typechange|Grass|[from] ability: Protean\n|-resisted|p1a: Bring A Friend\n|-crit|p1a: Bring A Friend\n|-damage|p1a: Bring A Friend|34\/100\n|move|p1a: Bring A Friend|Roost|p1a: Bring A Friend\n|-heal|p1a: Bring A Friend|84\/100\n|-singleturn|p1a: Bring A Friend|move: Roost\n|\n|upkeep\n|turn|6\n|inactive|PaperTigerLily has 240 seconds left.\n|c|\u2606CriticalKing14|damn.\n|inactive|CriticalKing14 has 270 seconds left.\n|c|\u2606PaperTigerLily|MR ROCK FESTIVAL JUST NEEDED THAT GREEN IN HIM !!!!!\n|\n|t:|1699222056\n|switch|p2a: don't fail me now|Ferrothorn, F|100\/100\n|move|p1a: Bring A Friend|Dual Wingbeat|p2a: don't fail me now\n|-damage|p2a: don't fail me now|85\/100\n|-damage|p1a: Bring A Friend|72\/100|[from] ability: Iron Barbs|[of] p2a: don't fail me now\n|-damage|p2a: don't fail me now|69\/100\n|-damage|p1a: Bring A Friend|60\/100|[from] ability: Iron Barbs|[of] p2a: don't fail me now\n|-hitcount|p2a: don't fail me now|2\n|\n|-heal|p2a: don't fail me now|75\/100|[from] item: Leftovers\n|upkeep\n|turn|7\n|\n|t:|1699222072\n|move|p1a: Bring A Friend|U-turn|p2a: don't fail me now\n|-damage|p2a: don't fail me now|49\/100\n|-damage|p1a: Bring A Friend|48\/100|[from] ability: Iron Barbs|[of] p2a: don't fail me now\n|\n|t:|1699222075\n|switch|p1a: She Gon Make Me|Corviknight, F, shiny|100\/100|[from] U-turn\n|move|p2a: don't fail me now|Thunder Wave|p1a: She Gon Make Me\n|-status|p1a: She Gon Make Me|par\n|\n|-heal|p2a: don't fail me now|55\/100|[from] item: Leftovers\n|upkeep\n|turn|8\n|\n|t:|1699222081\n|move|p1a: She Gon Make Me|Iron Defense|p1a: She Gon Make Me\n|-boost|p1a: She Gon Make Me|def|2\n|move|p2a: don't fail me now|Knock Off|p1a: She Gon Make Me\n|-damage|p1a: She Gon Make Me|93\/100 par\n|-enditem|p1a: She Gon Make Me|Leftovers|[from] move: Knock Off|[of] p2a: don't fail me now\n|\n|-heal|p2a: don't fail me now|61\/100|[from] item: Leftovers\n|upkeep\n|turn|9\n|\n|t:|1699222087\n|move|p1a: She Gon Make Me|Iron Defense|p1a: She Gon Make Me\n|-boost|p1a: She Gon Make Me|def|2\n|move|p2a: don't fail me now|Leech Seed|p1a: She Gon Make Me\n|-start|p1a: She Gon Make Me|move: Leech Seed\n|\n|-heal|p2a: don't fail me now|68\/100|[from] item: Leftovers\n|-damage|p1a: She Gon Make Me|81\/100 par|[from] Leech Seed|[of] p2a: don't fail me now\n|-heal|p2a: don't fail me now|81\/100|[silent]\n|upkeep\n|turn|10\n|\n|t:|1699222096\n|switch|p2a: THE MAN|Venusaur, M|100\/100\n|cant|p1a: She Gon Make Me|par\n|\n|-damage|p1a: She Gon Make Me|69\/100 par|[from] Leech Seed|[of] p2a: THE MAN\n|upkeep\n|turn|11\n|\n|t:|1699222106\n|detailschange|p2a: THE MAN|Venusaur-Mega, M\n|-mega|p2a: THE MAN|Venusaur|Venusaurite\n|move|p2a: THE MAN|Hidden Power|p1a: She Gon Make Me\n|-supereffective|p1a: She Gon Make Me\n|-damage|p1a: She Gon Make Me|37\/100 par\n|move|p1a: She Gon Make Me|Body Press|p2a: THE MAN\n|-resisted|p2a: THE MAN\n|-damage|p2a: THE MAN|79\/100\n|\n|-damage|p1a: She Gon Make Me|25\/100 par|[from] Leech Seed|[of] p2a: THE MAN\n|-heal|p2a: THE MAN|93\/100|[silent]\n|upkeep\n|turn|12\n|\n|t:|1699222115\n|switch|p1a: Dogs Like I'm|Heatran, M|100\/100\n|move|p2a: THE MAN|Hidden Power|p1a: Dogs Like I'm\n|-start|p1a: Dogs Like I'm|ability: Flash Fire\n|\n|upkeep\n|turn|13\n|\n|t:|1699222127\n|move|p1a: Dogs Like I'm|Magma Storm|p2a: THE MAN\n|-supereffective|p2a: THE MAN\n|-damage|p2a: THE MAN|18\/100\n|-activate|p2a: THE MAN|move: Magma Storm|[of] p1a: Dogs Like I'm\n|move|p2a: THE MAN|Leech Seed|p1a: Dogs Like I'm|[miss]\n|-miss|p2a: THE MAN|p1a: Dogs Like I'm\n|\n|-damage|p2a: THE MAN|5\/100|[from] move: Magma Storm|[partiallytrapped]\n|upkeep\n|turn|14\n|c|\u2606CriticalKing14|damn.\n|\n|t:|1699222141\n|move|p1a: Dogs Like I'm|Power Gem|p2a: THE MAN\n|-crit|p2a: THE MAN\n|-damage|p2a: THE MAN|0 fnt\n|faint|p2a: THE MAN\n|\n|upkeep\n|c|\u2606CriticalKing14|it may be joever\n|\n|t:|1699222146\n|switch|p2a: el mono (type)|Rillaboom, F|100\/100\n|-fieldstart|move: Grassy Terrain|[from] ability: Grassy Surge|[of] p2a: el mono (type)\n|turn|15\n|\n|t:|1699222155\n|move|p2a: el mono (type)|Drain Punch|p1a: Dogs Like I'm\n|-supereffective|p1a: Dogs Like I'm\n|-damage|p1a: Dogs Like I'm|54\/100\n|move|p1a: Dogs Like I'm|Magma Storm|p2a: el mono (type)\n|-supereffective|p2a: el mono (type)\n|-damage|p2a: el mono (type)|0 fnt\n|faint|p2a: el mono (type)\n|\n|-heal|p1a: Dogs Like I'm|60\/100|[from] Grassy Terrain\n|upkeep\n|\n|t:|1699222162\n|switch|p2a: don't fail me now|Ferrothorn, F|81\/100\n|turn|16\n|c|\u2606PaperTigerLily|it may indeed be joever\n|inactive|PaperTigerLily has 270 seconds left.\n|\n|t:|1699222168\n|move|p1a: Dogs Like I'm|Eruption|p2a: don't fail me now\n|-supereffective|p2a: don't fail me now\n|-damage|p2a: don't fail me now|0 fnt\n|faint|p2a: don't fail me now\n|\n|-heal|p1a: Dogs Like I'm|66\/100|[from] Grassy Terrain\n|upkeep\n|\n|t:|1699222171\n|switch|p2a: Gay Crime Daughter|Meowscarada, F|100\/100\n|turn|17\n|c|\u2606CriticalKing14|ge ge\n|\n|t:|1699222178\n|move|p2a: Gay Crime Daughter|Knock Off|p1a: Dogs Like I'm\n|-start|p2a: Gay Crime Daughter|typechange|Dark|[from] ability: Protean\n|-damage|p1a: Dogs Like I'm|23\/100\n|-enditem|p1a: Dogs Like I'm|Blunder Policy|[from] move: Knock Off|[of] p2a: Gay Crime Daughter\n|move|p1a: Dogs Like I'm|Magma Storm|p2a: Gay Crime Daughter\n|-damage|p2a: Gay Crime Daughter|0 fnt\n|faint|p2a: Gay Crime Daughter\n|\n|win|PaperTigerLily\n|c|\u2606CriticalKing14|nothing i could do\n|c|\u2606PaperTigerLily|gg\n|c|\u2606CriticalKing14|top 4 is good enough\n","uploadtime":1699222190,"views":9,"p1id":"papertigerlily","p2id":"criticalking14","formatid":"gen9nationaldexubers","rating":0,"private":0,"password":""}