{"id":"gen9nationaldexubers-1986088614","p1":"KingoftheTitans","p2":"Shinigami.exe","format":"[Gen 9] National Dex Ubers","log":"|j|\u2606KingoftheTitans\n|j|\u2606Shinigami.exe\n|t:|1699448798\n|gametype|singles\n|player|p1|KingoftheTitans|102|1339\n|player|p2|Shinigami.exe|winona|1220\n|teamsize|p1|6\n|teamsize|p2|6\n|gen|9\n|tier|[Gen 9] National Dex Ubers\n|rated|\n|rule|HP Percentage Mod: HP is shown in percentages\n|rule|Endless Battle Clause: Forcing endless battles is banned\n|rule|OHKO Clause: OHKO moves are banned\n|rule|Evasion Moves Clause: Evasion moves are banned\n|rule|Evasion Items Clause: Evasion items are banned\n|rule|Species Clause: Limit one of each Pok\u00e9mon\n|rule|Sleep Clause Mod: Limit one foe put to sleep\n|rule|Mega Rayquaza Clause: You cannot mega evolve Rayquaza\n|clearpoke\n|poke|p1|Porygon-Z|\n|poke|p1|Absol, F|\n|poke|p1|Iron Valiant|\n|poke|p1|Heatran, M|\n|poke|p1|Genesect|\n|poke|p1|Rotom-Wash|\n|poke|p2|Banette, M|\n|poke|p2|Cloyster, F|\n|poke|p2|Ursaluna, M|\n|poke|p2|Uxie|\n|poke|p2|Pheromosa|\n|poke|p2|Golurk|\n|teampreview\n|\n|t:|1699448814\n|start\n|switch|p1a: Genesect|Genesect, shiny|100\/100\n|switch|p2a: Uxie|Uxie|100\/100\n|-ability|p1a: Genesect|Download|boost\n|-boost|p1a: Genesect|atk|1\n|turn|1\n|\n|t:|1699448820\n|move|p1a: Genesect|U-turn|p2a: Uxie\n|-supereffective|p2a: Uxie\n|-damage|p2a: Uxie|23\/100\n|\n|t:|1699448827\n|switch|p1a: Rotom|Rotom-Wash|100\/100|[from] U-turn\n|move|p2a: Uxie|Yawn|p1a: Rotom\n|-start|p1a: Rotom|move: Yawn|[of] p2a: Uxie\n|\n|upkeep\n|turn|2\n|\n|t:|1699448833\n|switch|p1a: Absol|Absol, F|100\/100\n|-ability|p1a: Absol|Pressure\n|move|p2a: Uxie|Memento|p1a: Absol\n|-unboost|p1a: Absol|atk|2\n|-unboost|p1a: Absol|spa|2\n|faint|p2a: Uxie\n|\n|upkeep\n|\n|t:|1699448842\n|switch|p2a: Pheromosa|Pheromosa|100\/100\n|turn|3\n|\n|t:|1699448848\n|switch|p1a: Iron Valiant|Iron Valiant|100\/100\n|-enditem|p1a: Iron Valiant|Booster Energy\n|-activate|p1a: Iron Valiant|ability: Quark Drive|[fromitem]\n|-start|p1a: Iron Valiant|quarkdrivespe\n|move|p2a: Pheromosa|Quiver Dance|p2a: Pheromosa\n|-boost|p2a: Pheromosa|spa|1\n|-boost|p2a: Pheromosa|spd|1\n|-boost|p2a: Pheromosa|spe|1\n|\n|upkeep\n|turn|4\n|\n|t:|1699448867\n|switch|p2a: Golurk|Golurk|100\/100\n|move|p1a: Iron Valiant|Moonblast|p2a: Golurk\n|-damage|p2a: Golurk|66\/100\n|-unboost|p2a: Golurk|spa|1\n|\n|upkeep\n|turn|5\n|\n|t:|1699448877\n|move|p1a: Iron Valiant|Shadow Ball|p2a: Golurk\n|-supereffective|p2a: Golurk\n|-damage|p2a: Golurk|26\/100\n|-unboost|p2a: Golurk|spd|1\n|move|p2a: Golurk|Poltergeist||[still]\n|-fail|p2a: Golurk\n|\n|upkeep\n|turn|6\n|\n|t:|1699448886\n|move|p1a: Iron Valiant|Shadow Ball|p2a: Golurk\n|-supereffective|p2a: Golurk\n|-damage|p2a: Golurk|0 fnt\n|faint|p2a: Golurk\n|\n|upkeep\n|\n|t:|1699448893\n|switch|p2a: Banette|Banette, M|100\/100\n|turn|7\n|\n|t:|1699448900\n|detailschange|p2a: Banette|Banette-Mega, M\n|-mega|p2a: Banette|Banette|Banettite\n|move|p2a: Banette|Encore|p1a: Iron Valiant\n|-start|p1a: Iron Valiant|Encore\n|move|p1a: Iron Valiant|Shadow Ball|p2a: Banette\n|-supereffective|p2a: Banette\n|-damage|p2a: Banette|38\/100\n|\n|upkeep\n|turn|8\n|\n|t:|1699448907\n|move|p2a: Banette|Grudge|p2a: Banette\n|-singlemove|p2a: Banette|Grudge\n|move|p1a: Iron Valiant|Shadow Ball|p2a: Banette\n|-supereffective|p2a: Banette\n|-damage|p2a: Banette|0 fnt\n|faint|p2a: Banette\n|-activate|p1a: Iron Valiant|move: Grudge|Shadow Ball\n|\n|-end|p1a: Iron Valiant|Encore\n|upkeep\n|\n|t:|1699448920\n|switch|p2a: Ursaluna|Ursaluna, M|100\/100\n|turn|9\n|\n|t:|1699448927\n|-terastallize|p2a: Ursaluna|Ghost\n|move|p1a: Iron Valiant|Moonblast|p2a: Ursaluna\n|-damage|p2a: Ursaluna|55\/100\n|-unboost|p2a: Ursaluna|spa|1\n|move|p2a: Ursaluna|Trailblaze|p1a: Iron Valiant\n|-damage|p1a: Iron Valiant|76\/100\n|-boost|p2a: Ursaluna|spe|1\n|\n|-status|p2a: Ursaluna|brn|[from] item: Flame Orb\n|upkeep\n|turn|10\n|\n|t:|1699448943\n|move|p1a: Iron Valiant|Destiny Bond|p1a: Iron Valiant\n|-singlemove|p1a: Iron Valiant|Destiny Bond\n|move|p2a: Ursaluna|Facade|p1a: Iron Valiant\n|-damage|p1a: Iron Valiant|0 fnt\n|faint|p1a: Iron Valiant\n|-activate|p1a: Iron Valiant|move: Destiny Bond\n|-end|p1a: Iron Valiant|Quark Drive|[silent]\n|faint|p2a: Ursaluna\n|\n|upkeep\n|\n|t:|1699448951\n|switch|p1a: Absol|Absol, F|100\/100\n|switch|p2a: Cloyster|Cloyster, F|100\/100\n|-ability|p1a: Absol|Pressure\n|turn|11\n|\n|t:|1699448959\n|detailschange|p1a: Absol|Absol-Mega, F\n|-mega|p1a: Absol|Absol|Absolite\n|move|p1a: Absol|Close Combat|p2a: Cloyster\n|-supereffective|p2a: Cloyster\n|-damage|p2a: Cloyster|22\/100\n|-unboost|p1a: Absol|def|1\n|-unboost|p1a: Absol|spd|1\n|move|p2a: Cloyster|Shell Smash|p2a: Cloyster\n|-unboost|p2a: Cloyster|def|1\n|-unboost|p2a: Cloyster|spd|1\n|-boost|p2a: Cloyster|atk|2\n|-boost|p2a: Cloyster|spa|2\n|-boost|p2a: Cloyster|spe|2\n|-enditem|p2a: Cloyster|White Herb\n|-clearnegativeboost|p2a: Cloyster|[silent]\n|\n|upkeep\n|turn|12\n|\n|t:|1699448971\n|move|p1a: Absol|Sucker Punch|p2a: Cloyster\n|-damage|p2a: Cloyster|0 fnt\n|faint|p2a: Cloyster\n|\n|upkeep\n|\n|t:|1699448976\n|switch|p2a: Pheromosa|Pheromosa|100\/100\n|turn|13\n|\n|t:|1699448980\n|move|p2a: Pheromosa|Quiver Dance|p2a: Pheromosa\n|-boost|p2a: Pheromosa|spa|1\n|-boost|p2a: Pheromosa|spd|1\n|-boost|p2a: Pheromosa|spe|1\n|move|p1a: Absol|Play Rough|p2a: Pheromosa\n|-supereffective|p2a: Pheromosa\n|-damage|p2a: Pheromosa|0 fnt\n|faint|p2a: Pheromosa\n|\n|win|KingoftheTitans\n|raw|KingoftheTitans's rating: 1339 &rarr; <strong>1352<\/strong><br \/>(+13 for winning)\n|raw|Shinigami.exe's rating: 1220 &rarr; <strong>1203<\/strong><br \/>(-17 for losing)\n|l|\u2606Shinigami.exe\n","uploadtime":1699448992,"views":22,"p1id":"kingofthetitans","p2id":"shinigamiexe","formatid":"gen9nationaldexubers","rating":1203,"private":0,"password":""}