{"id":"gen9nationaldexubers-1990237524","p1":"RositaV (TRAINER)","p2":"blownmind00","format":"[Gen 9] National Dex Ubers","log":"|j|\u2606RositaV (TRAINER)\n|j|\u2606blownmind00\n|t:|1699942291\n|gametype|singles\n|player|p1|RositaV (TRAINER)|rosa|1041\n|player|p2|blownmind00|dawn|1144\n|teamsize|p1|6\n|teamsize|p2|6\n|gen|9\n|tier|[Gen 9] National Dex Ubers\n|rated|\n|rule|HP Percentage Mod: HP is shown in percentages\n|rule|Endless Battle Clause: Forcing endless battles is banned\n|rule|OHKO Clause: OHKO moves are banned\n|rule|Evasion Moves Clause: Evasion moves are banned\n|rule|Evasion Items Clause: Evasion items are banned\n|rule|Species Clause: Limit one of each Pok\u00e9mon\n|rule|Sleep Clause Mod: Limit one foe put to sleep\n|rule|Mega Rayquaza Clause: You cannot mega evolve Rayquaza\n|clearpoke\n|poke|p1|Dragapult, M|\n|poke|p1|Ceruledge, M|\n|poke|p1|Gengar, M|\n|poke|p1|Mimikyu, M|\n|poke|p1|Annihilape, F|\n|poke|p1|Gholdengo|\n|poke|p2|Pineco, L1, M|\n|poke|p2|Mew|\n|poke|p2|Chansey, F|\n|poke|p2|Shuckle, F|\n|poke|p2|Clefable, M|\n|poke|p2|Giratina|\n|teampreview\n|\n|t:|1699942301\n|start\n|switch|p1a: Mimikyu|Mimikyu, M, shiny|100\/100\n|switch|p2a: Pineco|Pineco, L1, M, shiny|100\/100\n|turn|1\n|\n|t:|1699942313\n|move|p2a: Pineco|Spikes|p1a: Mimikyu\n|-sidestart|p1: RositaV (TRAINER)|Spikes\n|move|p1a: Mimikyu|Trick Room|p1a: Mimikyu\n|-fieldstart|move: Trick Room|[of] p1a: Mimikyu\n|\n|upkeep\n|turn|2\n|\n|t:|1699942319\n|move|p2a: Pineco|Spikes|p1a: Mimikyu\n|-sidestart|p1: RositaV (TRAINER)|Spikes\n|move|p1a: Mimikyu|Swords Dance|p1a: Mimikyu\n|-boost|p1a: Mimikyu|atk|2\n|\n|upkeep\n|turn|3\n|\n|t:|1699942327\n|move|p2a: Pineco|Spikes|p1a: Mimikyu\n|-sidestart|p1: RositaV (TRAINER)|Spikes\n|move|p1a: Mimikyu|Swords Dance|p1a: Mimikyu\n|-boost|p1a: Mimikyu|atk|2\n|\n|upkeep\n|turn|4\n|\n|t:|1699942337\n|move|p2a: Pineco|Stealth Rock|p1a: Mimikyu\n|-sidestart|p1: RositaV (TRAINER)|move: Stealth Rock\n|move|p1a: Mimikyu|Swords Dance|p1a: Mimikyu\n|-boost|p1a: Mimikyu|atk|2\n|\n|upkeep\n|turn|5\n|\n|t:|1699942348\n|move|p2a: Pineco|Pain Split|p1a: Mimikyu\n|-sethp|p1a: Mimikyu|52\/100|[from] move: Pain Split|[silent]\n|-sethp|p2a: Pineco|100\/100|[from] move: Pain Split\n|move|p1a: Mimikyu|Play Rough|p2a: Pineco\n|-ability|p2a: Pineco|Sturdy\n|-damage|p2a: Pineco|9\/100\n|-enditem|p2a: Pineco|Berry Juice\n|-heal|p2a: Pineco|100\/100|[from] item: Berry Juice\n|\n|-fieldend|move: Trick Room\n|upkeep\n|turn|6\n|\n|t:|1699942367\n|move|p1a: Mimikyu|Shadow Ball|p2a: Pineco\n|-ability|p2a: Pineco|Sturdy\n|-damage|p2a: Pineco|9\/100\n|move|p2a: Pineco|Pain Split|p1a: Mimikyu\n|-sethp|p1a: Mimikyu|27\/100|[from] move: Pain Split|[silent]\n|-sethp|p2a: Pineco|100\/100|[from] move: Pain Split\n|\n|upkeep\n|turn|7\n|\n|t:|1699942388\n|move|p2a: Pineco|Pain Split|p1a: Mimikyu\n|-sethp|p1a: Mimikyu|15\/100|[from] move: Pain Split|[silent]\n|-sethp|p2a: Pineco|100\/100|[from] move: Pain Split\n|move|p1a: Mimikyu|Trick Room|p1a: Mimikyu\n|-fieldstart|move: Trick Room|[of] p1a: Mimikyu\n|\n|upkeep\n|turn|8\n|\n|t:|1699942403\n|move|p2a: Pineco|Pain Split|p1a: Mimikyu\n|-sethp|p1a: Mimikyu|10\/100|[from] move: Pain Split|[silent]\n|-sethp|p2a: Pineco|100\/100|[from] move: Pain Split\n|move|p1a: Mimikyu|Play Rough|p2a: Pineco\n|-ability|p2a: Pineco|Sturdy\n|-damage|p2a: Pineco|9\/100\n|\n|upkeep\n|turn|9\n|\n|t:|1699942415\n|move|p2a: Pineco|Pain Split|p1a: Mimikyu\n|-sethp|p1a: Mimikyu|5\/100|[from] move: Pain Split|[silent]\n|-sethp|p2a: Pineco|100\/100|[from] move: Pain Split\n|move|p1a: Mimikyu|Play Rough|p2a: Pineco\n|-ability|p2a: Pineco|Sturdy\n|-damage|p2a: Pineco|9\/100\n|\n|upkeep\n|turn|10\n|\n|t:|1699942427\n|move|p2a: Pineco|Pain Split|p1a: Mimikyu\n|-sethp|p1a: Mimikyu|3\/100|[from] move: Pain Split|[silent]\n|-sethp|p2a: Pineco|67\/100|[from] move: Pain Split\n|move|p1a: Mimikyu|Shadow Ball|p2a: Pineco\n|-damage|p2a: Pineco|0 fnt\n|faint|p2a: Pineco\n|\n|upkeep\n|\n|t:|1699942435\n|switch|p2a: Shuckle|Shuckle, F|100\/100\n|turn|11\n|\n|t:|1699942443\n|move|p2a: Shuckle|Sticky Web|p1a: Mimikyu\n|-sidestart|p1: RositaV (TRAINER)|move: Sticky Web\n|move|p1a: Mimikyu|Shadow Ball|p2a: Shuckle\n|-damage|p2a: Shuckle|91\/100\n|-enditem|p2a: Shuckle|Red Card|[of] p1a: Mimikyu\n|drag|p1a: Ceruledge|Ceruledge, M, shiny|100\/100\n|-damage|p1a: Ceruledge|76\/100|[from] Spikes\n|-damage|p1a: Ceruledge|51\/100|[from] Stealth Rock\n|-activate|p1a: Ceruledge|move: Sticky Web\n|-unboost|p1a: Ceruledge|spe|1\n|\n|-fieldend|move: Trick Room\n|upkeep\n|turn|12\n|\n|t:|1699942461\n|move|p1a: Ceruledge|Close Combat|p2a: Shuckle\n|-damage|p2a: Shuckle|54\/100\n|-unboost|p1a: Ceruledge|def|1\n|-unboost|p1a: Ceruledge|spd|1\n|-damage|p1a: Ceruledge|41\/100|[from] item: Life Orb\n|move|p2a: Shuckle|Power Split|p1a: Ceruledge\n|-activate|p2a: Shuckle|move: Power Split|[of] p1a: Ceruledge\n|\n|upkeep\n|turn|13\n|\n|t:|1699942473\n|move|p1a: Ceruledge|Bitter Blade|p2a: Shuckle\n|-damage|p2a: Shuckle|33\/100\n|-heal|p1a: Ceruledge|50\/100|[from] drain|[of] p2a: Shuckle\n|-damage|p1a: Ceruledge|40\/100|[from] item: Life Orb\n|move|p2a: Shuckle|Toxic|p1a: Ceruledge\n|-status|p1a: Ceruledge|tox\n|\n|-damage|p1a: Ceruledge|34\/100 tox|[from] psn\n|upkeep\n|turn|14\n|\n|t:|1699942486\n|move|p1a: Ceruledge|Bitter Blade|p2a: Shuckle\n|-damage|p2a: Shuckle|11\/100\n|-heal|p1a: Ceruledge|43\/100 tox|[from] drain|[of] p2a: Shuckle\n|-damage|p1a: Ceruledge|33\/100 tox|[from] item: Life Orb\n|move|p2a: Shuckle|Power Split|p1a: Ceruledge\n|-activate|p2a: Shuckle|move: Power Split|[of] p1a: Ceruledge\n|\n|-damage|p1a: Ceruledge|21\/100 tox|[from] psn\n|upkeep\n|turn|15\n|\n|t:|1699942498\n|move|p1a: Ceruledge|Bitter Blade|p2a: Shuckle\n|-damage|p2a: Shuckle|0 fnt\n|-heal|p1a: Ceruledge|26\/100 tox|[from] drain|[of] p2a: Shuckle\n|faint|p2a: Shuckle\n|-damage|p1a: Ceruledge|16\/100 tox|[from] item: Life Orb\n|\n|-damage|p1a: Ceruledge|0 fnt|[from] psn\n|faint|p1a: Ceruledge\n|upkeep\n|\n|t:|1699942518\n|switch|p1a: Gengar|Gengar, M, shiny|100\/100\n|switch|p2a: Mew|Mew|100\/100\n|-damage|p1a: Gengar|76\/100|[from] Spikes\n|-damage|p1a: Gengar|63\/100|[from] Stealth Rock\n|-activate|p1a: Gengar|move: Sticky Web\n|-unboost|p1a: Gengar|spe|1\n|turn|16\n|\n|t:|1699942530\n|-terastallize|p2a: Mew|Fighting\n|move|p2a: Mew|Cosmic Power|p2a: Mew\n|-boost|p2a: Mew|def|1\n|-boost|p2a: Mew|spd|1\n|move|p1a: Gengar|Shadow Ball|p2a: Mew\n|-damage|p2a: Mew|82\/100\n|-enditem|p2a: Mew|Red Card|[of] p1a: Gengar\n|drag|p1a: Annihilape|Annihilape, F, shiny|100\/100\n|-damage|p1a: Annihilape|76\/100|[from] Spikes\n|-damage|p1a: Annihilape|70\/100|[from] Stealth Rock\n|-activate|p1a: Annihilape|move: Sticky Web\n|-unboost|p1a: Annihilape|spe|1\n|-ability|p1a: Annihilape|Defiant|boost\n|-boost|p1a: Annihilape|atk|2\n|\n|-heal|p1a: Annihilape|76\/100|[from] item: Leftovers\n|upkeep\n|turn|17\n|\n|t:|1699942554\n|move|p2a: Mew|Cosmic Power|p2a: Mew\n|-boost|p2a: Mew|def|1\n|-boost|p2a: Mew|spd|1\n|move|p1a: Annihilape|Earthquake|p2a: Mew\n|-damage|p2a: Mew|60\/100\n|\n|-heal|p1a: Annihilape|82\/100|[from] item: Leftovers\n|upkeep\n|turn|18\n|\n|t:|1699942572\n|move|p1a: Annihilape|Earthquake|p2a: Mew\n|-damage|p2a: Mew|35\/100\n|move|p2a: Mew|Whirlwind|p1a: Annihilape\n|drag|p1a: Gengar|Gengar, M, shiny|63\/100\n|-damage|p1a: Gengar|39\/100|[from] Spikes\n|-damage|p1a: Gengar|26\/100|[from] Stealth Rock\n|-activate|p1a: Gengar|move: Sticky Web\n|-unboost|p1a: Gengar|spe|1\n|\n|upkeep\n|turn|19\n|\n|t:|1699942587\n|move|p2a: Mew|Rest|p2a: Mew\n|-status|p2a: Mew|slp|[from] move: Rest\n|-heal|p2a: Mew|100\/100 slp|[silent]\n|move|p1a: Gengar|Dazzling Gleam|p2a: Mew\n|-supereffective|p2a: Mew\n|-damage|p2a: Mew|79\/100 slp\n|\n|upkeep\n|turn|20\n|\n|t:|1699942597\n|cant|p2a: Mew|slp\n|move|p2a: Mew|Sleep Talk|p2a: Mew\n|move|p2a: Mew|Rest||[from]move: Sleep Talk|[still]\n|-fail|p2a: Mew\n|move|p1a: Gengar|Dazzling Gleam|p2a: Mew\n|-supereffective|p2a: Mew\n|-damage|p2a: Mew|58\/100 slp\n|\n|upkeep\n|turn|21\n|\n|t:|1699942608\n|cant|p2a: Mew|slp\n|move|p2a: Mew|Sleep Talk|p2a: Mew\n|move|p2a: Mew|Cosmic Power|p2a: Mew|[from]move: Sleep Talk\n|-boost|p2a: Mew|def|1\n|-boost|p2a: Mew|spd|1\n|move|p1a: Gengar|Dazzling Gleam|p2a: Mew\n|-supereffective|p2a: Mew\n|-damage|p2a: Mew|42\/100 slp\n|\n|upkeep\n|turn|22\n|\n|t:|1699942620\n|move|p1a: Gengar|Dazzling Gleam|p2a: Mew\n|-supereffective|p2a: Mew\n|-damage|p2a: Mew|27\/100 slp\n|-curestatus|p2a: Mew|slp|[msg]\n|move|p2a: Mew|Whirlwind|p1a: Gengar\n|drag|p1a: Dragapult|Dragapult, M, shiny|100\/100\n|-damage|p1a: Dragapult|76\/100|[from] Spikes\n|-damage|p1a: Dragapult|63\/100|[from] Stealth Rock\n|-activate|p1a: Dragapult|move: Sticky Web\n|-fail|p1a: Dragapult|unboost|[from] ability: Clear Body|[of] p1a: Dragapult\n|\n|upkeep\n|turn|23\n|\n|t:|1699942636\n|move|p1a: Dragapult|Dragon Darts|p2a: Mew\n|-damage|p2a: Mew|18\/100\n|-anim|p1a: Dragapult|Dragon Darts|p2a: Mew\n|-damage|p2a: Mew|9\/100\n|-damage|p1a: Dragapult|54\/100|[from] item: Life Orb\n|move|p2a: Mew|Rest|p2a: Mew\n|-status|p2a: Mew|slp|[from] move: Rest\n|-heal|p2a: Mew|100\/100 slp|[silent]\n|\n|upkeep\n|turn|24\n|\n|t:|1699942653\n|move|p1a: Dragapult|Dragon Darts|p2a: Mew\n|-crit|p2a: Mew\n|-damage|p2a: Mew|69\/100 slp\n|-anim|p1a: Dragapult|Dragon Darts|p2a: Mew\n|-damage|p2a: Mew|60\/100 slp\n|-damage|p1a: Dragapult|44\/100|[from] item: Life Orb\n|cant|p2a: Mew|slp\n|move|p2a: Mew|Sleep Talk|p2a: Mew\n|move|p2a: Mew|Cosmic Power|p2a: Mew|[from]move: Sleep Talk\n|-boost|p2a: Mew|def|1\n|-boost|p2a: Mew|spd|1\n|\n|upkeep\n|turn|25\n|\n|t:|1699942663\n|move|p1a: Dragapult|Dragon Darts|p2a: Mew\n|-damage|p2a: Mew|52\/100 slp\n|-anim|p1a: Dragapult|Dragon Darts|p2a: Mew\n|-damage|p2a: Mew|45\/100 slp\n|-damage|p1a: Dragapult|34\/100|[from] item: Life Orb\n|cant|p2a: Mew|slp\n|move|p2a: Mew|Sleep Talk|p2a: Mew\n|move|p2a: Mew|Rest||[from]move: Sleep Talk|[still]\n|-fail|p2a: Mew\n|\n|upkeep\n|turn|26\n|inactive|Battle timer is ON: inactive players will automatically lose when time's up. (requested by RositaV (TRAINER))\n|\n|t:|1699942682\n|move|p1a: Dragapult|Dragon Darts|p2a: Mew\n|-damage|p2a: Mew|38\/100 slp\n|-anim|p1a: Dragapult|Dragon Darts|p2a: Mew\n|-damage|p2a: Mew|31\/100 slp\n|-damage|p1a: Dragapult|24\/100|[from] item: Life Orb\n|-curestatus|p2a: Mew|slp|[msg]\n|move|p2a: Mew|Whirlwind|p1a: Dragapult\n|drag|p1a: Annihilape|Annihilape, F, shiny|82\/100\n|-damage|p1a: Annihilape|57\/100|[from] Spikes\n|-damage|p1a: Annihilape|51\/100|[from] Stealth Rock\n|-activate|p1a: Annihilape|move: Sticky Web\n|-unboost|p1a: Annihilape|spe|1\n|-ability|p1a: Annihilape|Defiant|boost\n|-boost|p1a: Annihilape|atk|2\n|\n|-heal|p1a: Annihilape|57\/100|[from] item: Leftovers\n|upkeep\n|turn|27\n|\n|t:|1699942705\n|move|p2a: Mew|Rest|p2a: Mew\n|-status|p2a: Mew|slp|[from] move: Rest\n|-heal|p2a: Mew|100\/100 slp|[silent]\n|move|p1a: Annihilape|Bulk Up|p1a: Annihilape\n|-boost|p1a: Annihilape|atk|1\n|-boost|p1a: Annihilape|def|1\n|\n|-heal|p1a: Annihilape|63\/100|[from] item: Leftovers\n|upkeep\n|turn|28\n|\n|t:|1699942717\n|cant|p2a: Mew|slp\n|move|p2a: Mew|Sleep Talk|p2a: Mew\n|move|p2a: Mew|Whirlwind|p1a: Annihilape|[from]move: Sleep Talk\n|drag|p1a: Mimikyu|Mimikyu, M, shiny|3\/100\n|-damage|p1a: Mimikyu|0 fnt|[from] Spikes\n|-activate|p1a: Mimikyu|move: Sticky Web\n|faint|p1a: Mimikyu\n|\n|upkeep\n|inactive|RositaV (TRAINER) has 120 seconds left.\n|\n|t:|1699942733\n|switch|p1a: Annihilape|Annihilape, F, shiny|63\/100\n|-damage|p1a: Annihilape|38\/100|[from] Spikes\n|-damage|p1a: Annihilape|32\/100|[from] Stealth Rock\n|-activate|p1a: Annihilape|move: Sticky Web\n|-unboost|p1a: Annihilape|spe|1\n|-ability|p1a: Annihilape|Defiant|boost\n|-boost|p1a: Annihilape|atk|2\n|turn|29\n|inactive|RositaV (TRAINER) has 120 seconds left.\n|\n|t:|1699942743\n|cant|p2a: Mew|slp\n|move|p2a: Mew|Sleep Talk|p2a: Mew\n|move|p2a: Mew|Whirlwind|p1a: Annihilape|[from]move: Sleep Talk\n|drag|p1a: Dragapult|Dragapult, M, shiny|24\/100\n|-damage|p1a: Dragapult|0 fnt|[from] Spikes\n|-activate|p1a: Dragapult|move: Sticky Web\n|faint|p1a: Dragapult\n|\n|upkeep\n|inactive|RositaV (TRAINER) has 120 seconds left.\n|\n|t:|1699942755\n|switch|p1a: Gengar|Gengar, M, shiny|26\/100\n|-damage|p1a: Gengar|2\/100|[from] Spikes\n|-damage|p1a: Gengar|0 fnt|[from] Stealth Rock\n|-activate|p1a: Gengar|move: Sticky Web\n|faint|p1a: Gengar\n|c|\u2606blownmind00|:D\n|\n|t:|1699942762\n|switch|p1a: Annihilape|Annihilape, F, shiny|32\/100\n|-damage|p1a: Annihilape|7\/100|[from] Spikes\n|-damage|p1a: Annihilape|1\/100|[from] Stealth Rock\n|-activate|p1a: Annihilape|move: Sticky Web\n|-unboost|p1a: Annihilape|spe|1\n|-ability|p1a: Annihilape|Defiant|boost\n|-boost|p1a: Annihilape|atk|2\n|turn|30\n|inactive|RositaV (TRAINER) has 120 seconds left.\n|\n|t:|1699942774\n|move|p1a: Annihilape|Drain Punch|p2a: Mew\n|-damage|p2a: Mew|84\/100 slp\n|-heal|p1a: Annihilape|10\/100|[from] drain|[of] p2a: Mew\n|-curestatus|p2a: Mew|slp|[msg]\n|move|p2a: Mew|Whirlwind|p1a: Annihilape\n|drag|p1a: Gholdengo|Gholdengo|100\/100\n|-damage|p1a: Gholdengo|75\/100|[from] Spikes\n|-damage|p1a: Gholdengo|69\/100|[from] Stealth Rock\n|-activate|p1a: Gholdengo|move: Sticky Web\n|-unboost|p1a: Gholdengo|spe|1\n|\n|upkeep\n|turn|31\n|inactive|RositaV (TRAINER) has 120 seconds left.\n|\n|t:|1699942798\n|-terastallize|p1a: Gholdengo|Fighting\n|move|p1a: Gholdengo|Focus Blast|p2a: Mew|[miss]\n|-miss|p1a: Gholdengo|p2a: Mew\n|move|p2a: Mew|Whirlwind|p1a: Gholdengo\n|-immune|p1a: Gholdengo|[from] ability: Good as Gold\n|\n|upkeep\n|turn|32\n|c|\u2606blownmind00|De nada Rosita\n|\n|t:|1699942819\n|switch|p2a: Chansey|Chansey, F|100\/100\n|move|p1a: Gholdengo|Focus Blast|p2a: Chansey\n|-supereffective|p2a: Chansey\n|-damage|p2a: Chansey|61\/100\n|\n|upkeep\n|turn|33\n|inactive|RositaV (TRAINER) has 120 seconds left.\n|\n|t:|1699942830\n|move|p1a: Gholdengo|Nasty Plot|p1a: Gholdengo\n|-boost|p1a: Gholdengo|spa|2\n|move|p2a: Chansey|Soft-Boiled|p2a: Chansey\n|-heal|p2a: Chansey|100\/100\n|\n|upkeep\n|turn|34\n|\n|t:|1699942837\n|switch|p2a: Clefable|Clefable, M|100\/100\n|move|p1a: Gholdengo|Nasty Plot|p1a: Gholdengo\n|-boost|p1a: Gholdengo|spa|2\n|\n|upkeep\n|turn|35\n|\n|t:|1699942844\n|move|p1a: Gholdengo|Nasty Plot|p1a: Gholdengo\n|-boost|p1a: Gholdengo|spa|2\n|move|p2a: Clefable|Cosmic Power|p2a: Clefable\n|-boost|p2a: Clefable|def|1\n|-boost|p2a: Clefable|spd|1\n|\n|upkeep\n|turn|36\n|\n|t:|1699942855\n|move|p1a: Gholdengo|Focus Blast|p2a: Clefable\n|-resisted|p2a: Clefable\n|-damage|p2a: Clefable|39\/100\n|move|p2a: Clefable|Cosmic Power|p2a: Clefable\n|-boost|p2a: Clefable|def|1\n|-boost|p2a: Clefable|spd|1\n|\n|-heal|p2a: Clefable|45\/100|[from] item: Leftovers\n|upkeep\n|turn|37\n|\n|t:|1699942867\n|move|p1a: Gholdengo|Make It Rain|p2a: Clefable\n|-supereffective|p2a: Clefable\n|-damage|p2a: Clefable|0 fnt\n|-unboost|p1a: Gholdengo|spa|1\n|faint|p2a: Clefable\n|\n|upkeep\n|\n|t:|1699942872\n|switch|p2a: Chansey|Chansey, F|100\/100\n|turn|38\n|\n|t:|1699942883\n|switch|p2a: Mew|Mew, tera:Fighting|84\/100\n|move|p1a: Gholdengo|Make It Rain|p2a: Mew\n|-damage|p2a: Mew|0 fnt\n|-unboost|p1a: Gholdengo|spa|1\n|faint|p2a: Mew\n|\n|upkeep\n|\n|t:|1699942890\n|switch|p2a: Giratina|Giratina|100\/100\n|-ability|p2a: Giratina|Pressure\n|turn|39\n|\n|t:|1699942900\n|move|p1a: Gholdengo|Shadow Ball|p2a: Giratina\n|-supereffective|p2a: Giratina\n|-damage|p2a: Giratina|0 fnt\n|faint|p2a: Giratina\n|\n|upkeep\n|\n|t:|1699942904\n|switch|p2a: Chansey|Chansey, F|100\/100\n|turn|40\n|\n|t:|1699942910\n|move|p1a: Gholdengo|Make It Rain|p2a: Chansey\n|-damage|p2a: Chansey|39\/100\n|-unboost|p1a: Gholdengo|spa|1\n|move|p2a: Chansey|Seismic Toss|p1a: Gholdengo\n|-damage|p1a: Gholdengo|38\/100\n|\n|upkeep\n|turn|41\n|-message|blownmind00 forfeited.\n|\n|win|RositaV (TRAINER)\n|raw|RositaV (TRAINER)'s rating: 1041 &rarr; <strong>1085<\/strong><br \/>(+44 for winning)\n|raw|blownmind00's rating: 1144 &rarr; <strong>1112<\/strong><br \/>(-32 for losing)\n|l|\u2606blownmind00\n","uploadtime":1699942926,"views":21,"p1id":"rositavtrainer","p2id":"blownmind00","formatid":"gen9nationaldexubers","rating":1085,"private":0,"password":""}