{"id":"gen9nationaldexubers-1979762130","p1":"Are En Gee","p2":"BlackStar150520","format":"[Gen 9] National Dex Ubers","log":"|j|\u2606Are En Gee\n|j|\u2606BlackStar150520\n|t:|1698710591\n|gametype|singles\n|player|p1|Are En Gee|zinnia|1712\n|player|p2|BlackStar150520|unknown|1852\n|teamsize|p1|6\n|teamsize|p2|6\n|gen|9\n|tier|[Gen 9] National Dex Ubers\n|rated|\n|rule|HP Percentage Mod: HP is shown in percentages\n|rule|Endless Battle Clause: Forcing endless battles is banned\n|rule|OHKO Clause: OHKO moves are banned\n|rule|Evasion Moves Clause: Evasion moves are banned\n|rule|Evasion Items Clause: Evasion items are banned\n|rule|Species Clause: Limit one of each Pok\u00e9mon\n|rule|Sleep Clause Mod: Limit one foe put to sleep\n|rule|Mega Rayquaza Clause: You cannot mega evolve Rayquaza\n|clearpoke\n|poke|p1|Zygarde|\n|poke|p1|Arceus-Water|\n|poke|p1|Scizor, F|\n|poke|p1|Ferrothorn, M|\n|poke|p1|Ho-Oh|\n|poke|p1|Ditto|\n|poke|p2|Giratina-Origin|\n|poke|p2|Kingambit, M|\n|poke|p2|Arceus-Water|\n|poke|p2|Ditto|\n|poke|p2|Magearna|\n|poke|p2|Groudon|\n|teampreview\n|inactive|Battle timer is ON: inactive players will automatically lose when time's up. (requested by BlackStar150520)\n|\n|t:|1698710605\n|start\n|switch|p1a: Zygarde|Zygarde|100\/100\n|switch|p2a: Arceus|Arceus-Water|100\/100\n|turn|1\n|\n|t:|1698710609\n|switch|p1a: Ferrothorn|Ferrothorn, M|100\/100\n|move|p2a: Arceus|Taunt|p1a: Ferrothorn\n|-start|p1a: Ferrothorn|move: Taunt\n|\n|upkeep\n|turn|2\n|\n|t:|1698710623\n|move|p2a: Arceus|Toxic|p1a: Ferrothorn\n|-immune|p1a: Ferrothorn\n|move|p1a: Ferrothorn|Gyro Ball|p2a: Arceus\n|-resisted|p2a: Arceus\n|-damage|p2a: Arceus|84\/100\n|\n|upkeep\n|turn|3\n|\n|t:|1698710628\n|switch|p1a: Arceus|Arceus-Water|100\/100\n|move|p2a: Arceus|Toxic|p1a: Arceus\n|-status|p1a: Arceus|tox\n|\n|-damage|p1a: Arceus|94\/100 tox|[from] psn\n|upkeep\n|turn|4\n|\n|t:|1698710632\n|move|p2a: Arceus|Taunt|p1a: Arceus\n|-start|p1a: Arceus|move: Taunt\n|cant|p1a: Arceus|move: Taunt|Refresh\n|\n|-damage|p1a: Arceus|82\/100 tox|[from] psn\n|upkeep\n|turn|5\n|\n|t:|1698710639\n|switch|p1a: Ferrothorn|Ferrothorn, M|100\/100\n|move|p2a: Arceus|Judgment|p1a: Ferrothorn\n|-resisted|p1a: Ferrothorn\n|-damage|p1a: Ferrothorn|85\/100\n|\n|-heal|p1a: Ferrothorn|91\/100|[from] item: Leftovers\n|upkeep\n|turn|6\n|\n|t:|1698710645\n|move|p2a: Arceus|Taunt|p1a: Ferrothorn\n|-start|p1a: Ferrothorn|move: Taunt\n|cant|p1a: Ferrothorn|move: Taunt|Leech Seed\n|\n|-heal|p1a: Ferrothorn|97\/100|[from] item: Leftovers\n|upkeep\n|turn|7\n|\n|t:|1698710657\n|switch|p1a: Ditto|Ditto|100\/100\n|-transform|p1a: Ditto|p2a: Arceus|[from] ability: Imposter\n|move|p2a: Arceus|Judgment|p1a: Ditto\n|-resisted|p1a: Ditto\n|-damage|p1a: Ditto|75\/100\n|\n|upkeep\n|turn|8\n|\n|t:|1698710662\n|switch|p2a: Magearna|Magearna|100\/100\n|move|p1a: Ditto|Taunt|p2a: Magearna\n|-start|p2a: Magearna|move: Taunt\n|\n|upkeep\n|turn|9\n|\n|t:|1698710670\n|switch|p1a: Ho-Oh|Ho-Oh|100\/100\n|switch|p2a: Arceus|Arceus-Water|84\/100\n|\n|upkeep\n|turn|10\n|\n|t:|1698710676\n|move|p2a: Arceus|Toxic|p1a: Ho-Oh\n|-status|p1a: Ho-Oh|tox\n|move|p1a: Ho-Oh|Toxic|p2a: Arceus\n|-status|p2a: Arceus|tox\n|\n|-damage|p2a: Arceus|78\/100 tox|[from] psn\n|-damage|p1a: Ho-Oh|94\/100 tox|[from] psn\n|upkeep\n|turn|11\n|\n|t:|1698710684\n|switch|p2a: Groudon|Groudon|100\/100\n|detailschange|p2a: Groudon|Groudon-Primal\n|-primal|p2a: Groudon|Red Orb\n|-weather|DesolateLand|[from] ability: Desolate Land|[of] p2a: Groudon\n|switch|p1a: Ditto|Ditto|75\/100\n|-transform|p1a: Ditto|p2a: Groudon|[from] ability: Imposter\n|\n|-weather|DesolateLand|[upkeep]\n|upkeep\n|turn|12\n|\n|t:|1698710694\n|switch|p1a: Zygarde|Zygarde|100\/100\n|-weather|none\n|switch|p2a: Giratina|Giratina-Origin|100\/100\n|\n|upkeep\n|turn|13\n|\n|t:|1698710703\n|switch|p2a: Magearna|Magearna|100\/100\n|switch|p1a: Ferrothorn|Ferrothorn, M|97\/100\n|\n|-heal|p1a: Ferrothorn|100\/100|[from] item: Leftovers\n|upkeep\n|turn|14\n|\n|t:|1698710708\n|move|p2a: Magearna|Heal Bell|p2a: Magearna\n|-activate|p2a: Magearna|move: Heal Bell\n|-curestatus|p2: Arceus|tox|[msg]\n|move|p1a: Ferrothorn|Spikes|p2a: Magearna\n|-sidestart|p2: BlackStar150520|Spikes\n|\n|upkeep\n|turn|15\n|\n|t:|1698710711\n|switch|p2a: Arceus|Arceus-Water|78\/100\n|-damage|p2a: Arceus|65\/100|[from] Spikes\n|move|p1a: Ferrothorn|Toxic|p2a: Arceus\n|-status|p2a: Arceus|tox\n|\n|-damage|p2a: Arceus|59\/100 tox|[from] psn\n|upkeep\n|turn|16\n|\n|t:|1698710718\n|move|p2a: Arceus|Recover|p2a: Arceus\n|-heal|p2a: Arceus|100\/100 tox\n|move|p1a: Ferrothorn|Spikes|p2a: Arceus\n|-sidestart|p2: BlackStar150520|Spikes\n|\n|-damage|p2a: Arceus|88\/100 tox|[from] psn\n|upkeep\n|turn|17\n|\n|t:|1698710723\n|switch|p2a: Magearna|Magearna|100\/100\n|-damage|p2a: Magearna|84\/100|[from] Spikes\n|move|p1a: Ferrothorn|Leech Seed|p2a: Magearna\n|-start|p2a: Magearna|move: Leech Seed\n|\n|-damage|p2a: Magearna|72\/100|[from] Leech Seed|[of] p1a: Ferrothorn\n|upkeep\n|turn|18\n|\n|t:|1698710729\n|move|p2a: Magearna|Heal Bell|p2a: Magearna\n|-activate|p2a: Magearna|move: Heal Bell\n|-curestatus|p2: Arceus|tox|[msg]\n|move|p1a: Ferrothorn|Spikes|p2a: Magearna\n|-sidestart|p2: BlackStar150520|Spikes\n|\n|-damage|p2a: Magearna|59\/100|[from] Leech Seed|[of] p1a: Ferrothorn\n|upkeep\n|turn|19\n|\n|t:|1698710732\n|switch|p2a: Kingambit|Kingambit, M|100\/100\n|-damage|p2a: Kingambit|75\/100|[from] Spikes\n|move|p1a: Ferrothorn|Toxic|p2a: Kingambit\n|-immune|p2a: Kingambit\n|\n|upkeep\n|turn|20\n|\n|t:|1698710735\n|switch|p1a: Scizor|Scizor, F|100\/100\n|move|p2a: Kingambit|Knock Off|p1a: Scizor\n|-damage|p1a: Scizor|70\/100\n|\n|upkeep\n|turn|21\n|\n|t:|1698710740\n|-end|p2a: Kingambit|fallenundefined|[silent]\n|switch|p2a: Giratina|Giratina-Origin|100\/100\n|detailschange|p1a: Scizor|Scizor-Mega, F\n|-mega|p1a: Scizor|Scizor|Scizorite\n|move|p1a: Scizor|U-turn|p2a: Giratina\n|-resisted|p2a: Giratina\n|-damage|p2a: Giratina|88\/100\n|\n|t:|1698710743\n|switch|p1a: Ferrothorn|Ferrothorn, M|100\/100|[from] U-turn\n|\n|upkeep\n|turn|22\n|\n|t:|1698710751\n|move|p2a: Giratina|Hone Claws|p2a: Giratina\n|-boost|p2a: Giratina|atk|1\n|-boost|p2a: Giratina|accuracy|1\n|move|p1a: Ferrothorn|Leech Seed|p2a: Giratina\n|-start|p2a: Giratina|move: Leech Seed\n|\n|-damage|p2a: Giratina|75\/100|[from] Leech Seed|[of] p1a: Ferrothorn\n|upkeep\n|turn|23\n|\n|t:|1698710763\n|move|p2a: Giratina|Poltergeist|p1a: Ferrothorn\n|-activate|p1a: Ferrothorn|move: Poltergeist|Leftovers\n|-damage|p1a: Ferrothorn|22\/100\n|move|p1a: Ferrothorn|Toxic|p2a: Giratina\n|-status|p2a: Giratina|tox\n|\n|-heal|p1a: Ferrothorn|28\/100|[from] item: Leftovers\n|-damage|p2a: Giratina|63\/100 tox|[from] Leech Seed|[of] p1a: Ferrothorn\n|-heal|p1a: Ferrothorn|44\/100|[silent]\n|-damage|p2a: Giratina|57\/100 tox|[from] psn\n|upkeep\n|turn|24\n|j| 1 em trach thu\n|\n|t:|1698710771\n|switch|p1a: Arceus|Arceus-Water|82\/100 tox\n|move|p2a: Giratina|Poltergeist|p1a: Arceus\n|-activate|p1a: Arceus|move: Poltergeist|Splash Plate\n|-damage|p1a: Arceus|33\/100 tox\n|\n|-damage|p2a: Giratina|44\/100 tox|[from] Leech Seed|[of] p1a: Arceus\n|-heal|p1a: Arceus|45\/100 tox|[silent]\n|-damage|p2a: Giratina|32\/100 tox|[from] psn\n|-damage|p1a: Arceus|39\/100 tox|[from] psn\n|upkeep\n|turn|25\n|\n|t:|1698710777\n|move|p2a: Giratina|Poltergeist|p1a: Arceus\n|-activate|p1a: Arceus|move: Poltergeist|Splash Plate\n|-damage|p1a: Arceus|0 fnt\n|faint|p1a: Arceus\n|\n|-damage|p2a: Giratina|14\/100 tox|[from] psn\n|upkeep\n|\n|t:|1698710780\n|switch|p1a: Scizor|Scizor-Mega, F|70\/100\n|turn|26\n|\n|t:|1698710782\n|move|p2a: Giratina|Shadow Sneak|p1a: Scizor\n|-damage|p1a: Scizor|49\/100\n|move|p1a: Scizor|Bullet Punch|p2a: Giratina\n|-damage|p2a: Giratina|0 fnt\n|faint|p2a: Giratina\n|\n|upkeep\n|\n|t:|1698710786\n|switch|p2a: Groudon|Groudon-Primal|100\/100\n|-damage|p2a: Groudon|76\/100|[from] Spikes\n|-weather|DesolateLand|[from] ability: Desolate Land|[of] p2a: Groudon\n|turn|27\n|\n|t:|1698710792\n|move|p2a: Groudon|Stealth Rock|p1a: Scizor\n|-sidestart|p1: Are En Gee|move: Stealth Rock\n|move|p1a: Scizor|U-turn|p2a: Groudon\n|-resisted|p2a: Groudon\n|-damage|p2a: Groudon|64\/100\n|\n|t:|1698710794\n|switch|p1a: Ditto|Ditto|75\/100|[from] U-turn\n|-damage|p1a: Ditto|63\/100|[from] Stealth Rock\n|-transform|p1a: Ditto|p2a: Groudon|[from] ability: Imposter\n|\n|-weather|DesolateLand|[upkeep]\n|upkeep\n|turn|28\n|\n|t:|1698710801\n|switch|p2a: Arceus|Arceus-Water|88\/100\n|-damage|p2a: Arceus|63\/100|[from] Spikes\n|move|p1a: Ditto|Earth Power|p2a: Arceus\n|-damage|p2a: Arceus|27\/100\n|\n|-weather|DesolateLand|[upkeep]\n|upkeep\n|turn|29\n|\n|t:|1698710803\n|move|p1a: Ditto|Earth Power|p2a: Arceus\n|-damage|p2a: Arceus|0 fnt\n|faint|p2a: Arceus\n|\n|-weather|DesolateLand|[upkeep]\n|upkeep\n|\n|t:|1698710819\n|switch|p2a: Magearna|Magearna|59\/100\n|-damage|p2a: Magearna|34\/100|[from] Spikes\n|turn|30\n|\n|t:|1698710830\n|move|p1a: Ditto|Earth Power|p2a: Magearna\n|-supereffective|p2a: Magearna\n|-damage|p2a: Magearna|0 fnt\n|faint|p2a: Magearna\n|\n|-weather|DesolateLand|[upkeep]\n|upkeep\n|\n|t:|1698710833\n|switch|p2a: Ditto|Ditto, shiny|100\/100\n|-damage|p2a: Ditto|75\/100|[from] Spikes\n|turn|31\n|\n|t:|1698710836\n|move|p1a: Ditto|Earth Power|p2a: Ditto\n|-damage|p2a: Ditto|0 fnt\n|faint|p2a: Ditto\n|\n|-weather|DesolateLand|[upkeep]\n|upkeep\n|\n|t:|1698710845\n|switch|p2a: Groudon|Groudon-Primal|64\/100\n|-damage|p2a: Groudon|39\/100|[from] Spikes\n|turn|32\n|\n|t:|1698710849\n|move|p1a: Ditto|Earth Power|p2a: Groudon\n|-supereffective|p2a: Groudon\n|-damage|p2a: Groudon|0 fnt\n|faint|p2a: Groudon\n|\n|-weather|DesolateLand|[upkeep]\n|upkeep\n|\n|t:|1698710851\n|switch|p2a: Kingambit|Kingambit, M|75\/100\n|-damage|p2a: Kingambit|50\/100|[from] Spikes\n|-activate|p2a: Kingambit|ability: Supreme Overlord\n|-start|p2a: Kingambit|fallen5|[silent]\n|turn|33\n|\n|t:|1698710855\n|-weather|none\n|switch|p1a: Scizor|Scizor-Mega, F|49\/100\n|-damage|p1a: Scizor|37\/100|[from] Stealth Rock\n|move|p2a: Kingambit|Swords Dance|p2a: Kingambit\n|-boost|p2a: Kingambit|atk|2\n|\n|upkeep\n|turn|34\n|\n|t:|1698710860\n|move|p1a: Scizor|Bullet Punch|p2a: Kingambit\n|-resisted|p2a: Kingambit\n|-damage|p2a: Kingambit|40\/100\n|move|p2a: Kingambit|Knock Off|p1a: Scizor\n|-damage|p1a: Scizor|0 fnt\n|faint|p1a: Scizor\n|\n|upkeep\n|\n|t:|1698710875\n|switch|p1a: Zygarde|Zygarde|100\/100\n|-damage|p1a: Zygarde|94\/100|[from] Stealth Rock\n|turn|35\n|\n|t:|1698710884\n|switch|p1a: Ferrothorn|Ferrothorn, M|44\/100\n|-damage|p1a: Ferrothorn|38\/100|[from] Stealth Rock\n|move|p2a: Kingambit|Sucker Punch||[still]\n|-fail|p2a: Kingambit\n|\n|-heal|p1a: Ferrothorn|44\/100|[from] item: Leftovers\n|upkeep\n|turn|36\n|\n|t:|1698710891\n|move|p2a: Kingambit|Knock Off|p1a: Ferrothorn\n|-damage|p1a: Ferrothorn|0 fnt\n|-damage|p2a: Kingambit|27\/100|[from] ability: Iron Barbs|[of] p1a: Ferrothorn\n|-enditem|p1a: Ferrothorn|Leftovers|[from] move: Knock Off|[of] p2a: Kingambit\n|faint|p1a: Ferrothorn\n|\n|upkeep\n|\n|t:|1698710914\n|switch|p1a: Zygarde|Zygarde|94\/100\n|-damage|p1a: Zygarde|88\/100|[from] Stealth Rock\n|turn|37\n|\n|t:|1698710918\n|move|p2a: Kingambit|Sucker Punch|p1a: Zygarde\n|-damage|p1a: Zygarde|0 fnt\n|faint|p1a: Zygarde\n|\n|upkeep\n|\n|t:|1698710922\n|switch|p1a: Ditto|Ditto|63\/100\n|-damage|p1a: Ditto|51\/100|[from] Stealth Rock\n|-transform|p1a: Ditto|p2a: Kingambit|[from] ability: Imposter\n|-activate|p1a: Ditto|ability: Supreme Overlord\n|-start|p1a: Ditto|fallen4|[silent]\n|turn|38\n|\n|t:|1698710927\n|move|p1a: Ditto|Knock Off|p2a: Kingambit\n|-resisted|p2a: Kingambit\n|-damage|p2a: Kingambit|0 fnt\n|-enditem|p2a: Kingambit|Black Glasses|[from] move: Knock Off|[of] p1a: Ditto\n|faint|p2a: Kingambit\n|-end|p2a: Kingambit|fallen5|[silent]\n|\n|win|Are En Gee\n|raw|Are En Gee's rating: 1712 &rarr; <strong>1740<\/strong><br \/>(+28 for winning)\n|raw|BlackStar150520's rating: 1852 &rarr; <strong>1824<\/strong><br \/>(-28 for losing)\n|c|\u2606Are En Gee|gg\n|l|\u2606BlackStar150520\n","uploadtime":1698710935,"views":8,"p1id":"areengee","p2id":"blackstar150520","formatid":"gen9nationaldexubers","rating":1740,"private":0,"password":""}