{"id":"gen9nationaldexubers-1989953342","p1":"Blackuio1234","p2":"Levi200","format":"[Gen 9] National Dex Ubers","log":"|j|\u2606Blackuio1234\n|j|\u2606Levi200\n|t:|1699909736\n|gametype|singles\n|player|p1|Blackuio1234|lian|\n|player|p2|Levi200|266|\n|teamsize|p1|6\n|teamsize|p2|6\n|gen|9\n|tier|[Gen 9] National Dex Ubers\n|rule|HP Percentage Mod: HP is shown in percentages\n|rule|Endless Battle Clause: Forcing endless battles is banned\n|rule|OHKO Clause: OHKO moves are banned\n|rule|Evasion Moves Clause: Evasion moves are banned\n|rule|Evasion Items Clause: Evasion items are banned\n|rule|Species Clause: Limit one of each Pok\u00e9mon\n|rule|Sleep Clause Mod: Limit one foe put to sleep\n|rule|Mega Rayquaza Clause: You cannot mega evolve Rayquaza\n|clearpoke\n|poke|p1|Blaziken, M|\n|poke|p1|Blissey, F|\n|poke|p1|Beedrill, F|\n|poke|p1|Braviary-Hisui, M|\n|poke|p1|Basculin-White-Striped, M|\n|poke|p1|Brute Bonnet|\n|poke|p2|Lugia|\n|poke|p2|Lopunny, M|\n|poke|p2|Lokix, M|\n|poke|p2|Lilligant-Hisui, F|\n|poke|p2|Leafeon, M|\n|poke|p2|Latios, M|\n|teampreview\n|c|\u2606Levi200|Boa sorte\n|c|\u2606Blackuio1234|vc tbm\n|j| Shido464\n|\n|t:|1699909763\n|start\n|switch|p1a: Braviary|Braviary-Hisui, M, shiny|100\/100\n|switch|p2a: Latios|Latios, M|100\/100\n|turn|1\n|inactive|Battle timer is ON: inactive players will automatically lose when time's up. (requested by Blackuio1234)\n|\n|t:|1699909775\n|move|p2a: Latios|Sunny Day|p2a: Latios\n|-weather|SunnyDay\n|move|p1a: Braviary|Esper Wing|p2a: Latios\n|-resisted|p2a: Latios\n|-damage|p2a: Latios|85\/100\n|-boost|p1a: Braviary|spe|1\n|-enditem|p2a: Latios|Eject Button\n|\n|t:|1699909786\n|switch|p2a: Lilligant|Lilligant-Hisui, F|100\/100\n|\n|-weather|SunnyDay|[upkeep]\n|upkeep\n|turn|2\n|\n|t:|1699909804\n|move|p2a: Lilligant|Ice Spinner|p1a: Braviary\n|-supereffective|p1a: Braviary\n|-damage|p1a: Braviary|39\/100\n|-damage|p2a: Lilligant|84\/100|[from] item: Rocky Helmet|[of] p1a: Braviary\n|move|p1a: Braviary|Air Slash|p2a: Lilligant\n|-supereffective|p2a: Lilligant\n|-damage|p2a: Lilligant|0 fnt\n|faint|p2a: Lilligant\n|\n|-weather|SunnyDay|[upkeep]\n|upkeep\n|\n|t:|1699909817\n|switch|p2a: Lokix|Lokix, M|100\/100\n|turn|3\n|\n|t:|1699909824\n|move|p2a: Lokix|Sucker Punch|p1a: Braviary\n|-supereffective|p1a: Braviary\n|-damage|p1a: Braviary|0 fnt\n|-damage|p2a: Lokix|84\/100|[from] item: Rocky Helmet|[of] p1a: Braviary\n|faint|p1a: Braviary\n|\n|-weather|SunnyDay|[upkeep]\n|upkeep\n|\n|t:|1699909831\n|switch|p1a: Blaziken|Blaziken, M|100\/100\n|turn|4\n|\n|t:|1699909839\n|switch|p2a: Lugia|Lugia|100\/100\n|move|p1a: Blaziken|Fire Punch|p2a: Lugia\n|-damage|p2a: Lugia|81\/100\n|\n|-weather|SunnyDay|[upkeep]\n|-ability|p1a: Blaziken|Speed Boost|boost\n|-boost|p1a: Blaziken|spe|1\n|upkeep\n|turn|5\n|\n|t:|1699909867\n|switch|p1a: Blissey|Blissey, F|100\/100\n|move|p2a: Lugia|Aeroblast|p1a: Blissey\n|-damage|p1a: Blissey|84\/100\n|\n|-weather|none\n|upkeep\n|turn|6\n|\n|t:|1699909879\n|switch|p2a: Latios|Latios, M|85\/100\n|move|p1a: Blissey|Toxic|p2a: Latios\n|-status|p2a: Latios|tox\n|\n|-damage|p2a: Latios|79\/100 tox|[from] psn\n|upkeep\n|turn|7\n|\n|t:|1699909891\n|move|p2a: Latios|Sunny Day|p2a: Latios\n|-weather|SunnyDay\n|move|p1a: Blissey|Soft-Boiled|p1a: Blissey\n|-heal|p1a: Blissey|100\/100\n|\n|-weather|SunnyDay|[upkeep]\n|-damage|p2a: Latios|67\/100 tox|[from] psn\n|upkeep\n|turn|8\n|\n|t:|1699909908\n|switch|p2a: Lopunny|Lopunny, M|100\/100\n|move|p1a: Blissey|Seismic Toss|p2a: Lopunny\n|-damage|p2a: Lopunny|64\/100\n|\n|-weather|SunnyDay|[upkeep]\n|upkeep\n|turn|9\n|c|\u2606Blackuio1234|medo doq pode  vir\n|\n|t:|1699909925\n|detailschange|p2a: Lopunny|Lopunny-Mega, M\n|-mega|p2a: Lopunny|Lopunny|Lopunnite\n|move|p2a: Lopunny|Fake Out|p1a: Blissey\n|-damage|p1a: Blissey|80\/100\n|-damage|p2a: Lopunny|47\/100|[from] item: Rocky Helmet|[of] p1a: Blissey\n|cant|p1a: Blissey|flinch\n|\n|-weather|SunnyDay|[upkeep]\n|upkeep\n|turn|10\n|\n|t:|1699909936\n|move|p2a: Lopunny|U-turn|p1a: Blissey\n|-damage|p1a: Blissey|57\/100\n|-damage|p2a: Lopunny|31\/100|[from] item: Rocky Helmet|[of] p1a: Blissey\n|\n|t:|1699909939\n|switch|p2a: Lokix|Lokix, M|84\/100|[from] U-turn\n|move|p1a: Blissey|Toxic|p2a: Lokix\n|-status|p2a: Lokix|tox\n|\n|-weather|SunnyDay|[upkeep]\n|-damage|p2a: Lokix|78\/100 tox|[from] psn\n|upkeep\n|turn|11\n|\n|t:|1699909946\n|move|p2a: Lokix|Axe Kick|p1a: Blissey\n|-supereffective|p1a: Blissey\n|-damage|p1a: Blissey|0 fnt\n|-damage|p2a: Lokix|61\/100 tox|[from] item: Rocky Helmet|[of] p1a: Blissey\n|faint|p1a: Blissey\n|\n|-weather|none\n|-damage|p2a: Lokix|49\/100 tox|[from] psn\n|upkeep\n|\n|t:|1699909954\n|switch|p1a: Blaziken|Blaziken, M|100\/100\n|turn|12\n|\n|t:|1699909958\n|switch|p2a: Latios|Latios, M|67\/100 tox\n|move|p1a: Blaziken|Fire Punch|p2a: Latios\n|-resisted|p2a: Latios\n|-damage|p2a: Latios|42\/100 tox\n|\n|-damage|p2a: Latios|36\/100 tox|[from] psn\n|-ability|p1a: Blaziken|Speed Boost|boost\n|-boost|p1a: Blaziken|spe|1\n|upkeep\n|turn|13\n|\n|t:|1699909969\n|move|p1a: Blaziken|High Jump Kick|p2a: Latios\n|-resisted|p2a: Latios\n|-damage|p2a: Latios|0 fnt\n|faint|p2a: Latios\n|\n|-ability|p1a: Blaziken|Speed Boost|boost\n|-boost|p1a: Blaziken|spe|1\n|upkeep\n|\n|t:|1699909980\n|switch|p2a: Lugia|Lugia|81\/100\n|turn|14\n|\n|t:|1699909989\n|move|p1a: Blaziken|High Jump Kick|p2a: Lugia|[miss]\n|-miss|p1a: Blaziken|p2a: Lugia\n|-damage|p1a: Blaziken|51\/100|[from] highjumpkick\n|move|p2a: Lugia|Aeroblast|p1a: Blaziken\n|-supereffective|p1a: Blaziken\n|-damage|p1a: Blaziken|0 fnt\n|faint|p1a: Blaziken\n|\n|upkeep\n|c|\u2606Blackuio1234|NAAO\n|\n|t:|1699910003\n|switch|p1a: Beedrill|Beedrill, F, shiny|100\/100\n|turn|15\n|\n|t:|1699910009\n|detailschange|p1a: Beedrill|Beedrill-Mega, F, shiny\n|-mega|p1a: Beedrill|Beedrill|Beedrillite\n|move|p1a: Beedrill|Fell Stinger|p2a: Lugia\n|-damage|p2a: Lugia|59\/100\n|move|p2a: Lugia|Thunder Wave|p1a: Beedrill\n|-status|p1a: Beedrill|par\n|\n|upkeep\n|turn|16\n|\n|t:|1699910018\n|move|p2a: Lugia|Aeroblast|p1a: Beedrill\n|-supereffective|p1a: Beedrill\n|-crit|p1a: Beedrill\n|-damage|p1a: Beedrill|0 fnt\n|faint|p1a: Beedrill\n|\n|upkeep\n|\n|t:|1699910022\n|switch|p1a: Brute Bonnet|Brute Bonnet|100\/100\n|turn|17\n|\n|t:|1699910027\n|move|p1a: Brute Bonnet|Sucker Punch|p2a: Lugia\n|-supereffective|p2a: Lugia\n|-damage|p2a: Lugia|1\/100\n|-enditem|p2a: Lugia|Weakness Policy\n|-boost|p2a: Lugia|atk|2|[from] item: Weakness Policy\n|-boost|p2a: Lugia|spa|2|[from] item: Weakness Policy\n|move|p2a: Lugia|Aeroblast|p1a: Brute Bonnet\n|-supereffective|p1a: Brute Bonnet\n|-damage|p1a: Brute Bonnet|0 fnt\n|faint|p1a: Brute Bonnet\n|-end|p1a: Brute Bonnet|Protosynthesis|[silent]\n|\n|upkeep\n|\n|t:|1699910030\n|switch|p1a: Basculin|Basculin-White-Striped, M|100\/100\n|-ability|p1a: Basculin|Mold Breaker\n|turn|18\n|\n|t:|1699910040\n|-terastallize|p1a: Basculin|Water\n|move|p1a: Basculin|Aqua Jet|p2a: Lugia\n|-damage|p2a: Lugia|0 fnt\n|faint|p2a: Lugia\n|\n|upkeep\n|\n|t:|1699910047\n|switch|p2a: Lopunny|Lopunny-Mega, M|31\/100\n|turn|19\n|\n|t:|1699910056\n|move|p2a: Lopunny|Fake Out|p1a: Basculin\n|-damage|p1a: Basculin|56\/100\n|cant|p1a: Basculin|flinch\n|\n|upkeep\n|turn|20\n|\n|t:|1699910061\n|switch|p2a: Leafeon|Leafeon, M|100\/100\n|move|p1a: Basculin|Last Respects|p2a: Leafeon\n|-damage|p2a: Leafeon|21\/100\n|\n|upkeep\n|turn|21\n|\n|t:|1699910074\n|move|p1a: Basculin|Aqua Jet|p2a: Leafeon\n|-resisted|p2a: Leafeon\n|-damage|p2a: Leafeon|9\/100\n|move|p2a: Leafeon|Knock Off|p1a: Basculin\n|-damage|p1a: Basculin|0 fnt\n|-enditem|p1a: Basculin|Focus Sash|[from] move: Knock Off|[of] p2a: Leafeon\n|faint|p1a: Basculin\n|\n|win|Levi200\n|c|\u2606Blackuio1234|boa\n|c|\u2606Levi200|Esse bixo normal tem ladt respcts ???????\n|c|\u2606Levi200|Ok ok\n","uploadtime":1699910103,"views":5,"p1id":"blackuio1234","p2id":"levi200","formatid":"gen9nationaldexubers","rating":0,"private":0,"password":""}