{"id":"gen9nationaldexubers-1983377319","p1":"TheNormalGym123","p2":"Leafpapasita","format":"[Gen 9] National Dex Ubers","log":"|j|\u2606TheNormalGym123\n|j|\u2606Leafpapasita\n|t:|1699123727\n|gametype|singles\n|player|p1|TheNormalGym123|hiker-gen4|1167\n|player|p2|Leafpapasita|steven|1044\n|teamsize|p1|6\n|teamsize|p2|6\n|gen|9\n|tier|[Gen 9] National Dex Ubers\n|rated|\n|rule|HP Percentage Mod: HP is shown in percentages\n|rule|Endless Battle Clause: Forcing endless battles is banned\n|rule|OHKO Clause: OHKO moves are banned\n|rule|Evasion Moves Clause: Evasion moves are banned\n|rule|Evasion Items Clause: Evasion items are banned\n|rule|Species Clause: Limit one of each Pok\u00e9mon\n|rule|Sleep Clause Mod: Limit one foe put to sleep\n|rule|Mega Rayquaza Clause: You cannot mega evolve Rayquaza\n|clearpoke\n|poke|p1|Roaring Moon|\n|poke|p1|Magnezone|\n|poke|p1|Lilligant-Hisui, F|\n|poke|p1|Gigalith, M|\n|poke|p1|Alakazam, M|\n|poke|p1|Milotic, M|\n|poke|p2|Gardevoir, M|\n|poke|p2|Togekiss, F|\n|poke|p2|Lucario, M|\n|poke|p2|Meowscarada, M|\n|poke|p2|Dragapult, M|\n|poke|p2|Talonflame, M|\n|teampreview\n|\n|t:|1699123731\n|start\n|switch|p1a: Gigalith|Gigalith, M|100\/100\n|switch|p2a: Lucario|Lucario, M|100\/100\n|-weather|Sandstorm|[from] ability: Sand Stream|[of] p1a: Gigalith\n|turn|1\n|\n|t:|1699123744\n|switch|p1a: Alakazam|Alakazam, M|100\/100\n|move|p2a: Lucario|Swords Dance|p2a: Lucario\n|-boost|p2a: Lucario|atk|2\n|\n|-weather|Sandstorm|[upkeep]\n|upkeep\n|turn|2\n|\n|t:|1699123752\n|switch|p2a: Meowscarada|Meowscarada, M|100\/100\n|detailschange|p1a: Alakazam|Alakazam-Mega, M\n|-mega|p1a: Alakazam|Alakazam|Alakazite\n|-ability|p1a: Alakazam|Protean|[from] ability: Trace|[of] p2a: Meowscarada\n|move|p1a: Alakazam|Psychic|p2a: Meowscarada\n|-immune|p2a: Meowscarada\n|\n|-weather|Sandstorm|[upkeep]\n|-damage|p1a: Alakazam|95\/100|[from] Sandstorm\n|-damage|p2a: Meowscarada|94\/100|[from] Sandstorm\n|upkeep\n|turn|3\n|\n|t:|1699123756\n|move|p1a: Alakazam|Focus Blast|p2a: Meowscarada|[miss]\n|-start|p1a: Alakazam|typechange|Fighting|[from] ability: Protean\n|-miss|p1a: Alakazam|p2a: Meowscarada\n|move|p2a: Meowscarada|Knock Off|p1a: Alakazam\n|-start|p2a: Meowscarada|typechange|Dark|[from] ability: Protean\n|-resisted|p1a: Alakazam\n|-damage|p1a: Alakazam|56\/100\n|-damage|p2a: Meowscarada|84\/100|[from] item: Life Orb\n|\n|-weather|Sandstorm|[upkeep]\n|-damage|p1a: Alakazam|50\/100|[from] Sandstorm\n|-damage|p2a: Meowscarada|78\/100|[from] Sandstorm\n|upkeep\n|turn|4\n|\n|t:|1699123759\n|move|p1a: Alakazam|Focus Blast|p2a: Meowscarada\n|-supereffective|p2a: Meowscarada\n|-damage|p2a: Meowscarada|0 fnt\n|faint|p2a: Meowscarada\n|\n|-weather|Sandstorm|[upkeep]\n|-damage|p1a: Alakazam|44\/100|[from] Sandstorm\n|upkeep\n|\n|t:|1699123763\n|switch|p2a: Talonflame|Talonflame, M|100\/100\n|turn|5\n|\n|t:|1699123766\n|switch|p1a: Magnezone|Magnezone|100\/100\n|move|p2a: Talonflame|Swords Dance|p2a: Talonflame\n|-boost|p2a: Talonflame|atk|2\n|\n|-weather|none\n|upkeep\n|turn|6\n|\n|t:|1699123774\n|move|p2a: Talonflame|Flame Charge|p1a: Magnezone\n|-supereffective|p1a: Magnezone\n|-damage|p1a: Magnezone|32\/100\n|-boost|p2a: Talonflame|spe|1\n|move|p1a: Magnezone|Volt Switch|p2a: Talonflame\n|-supereffective|p2a: Talonflame\n|-damage|p2a: Talonflame|0 fnt\n|faint|p2a: Talonflame\n|\n|t:|1699123784\n|switch|p1a: Alakazam|Alakazam-Mega, M|44\/100|[from] Volt Switch\n|\n|upkeep\n|\n|t:|1699123795\n|switch|p2a: Togekiss|Togekiss, F|100\/100\n|-ability|p1a: Alakazam|Serene Grace|[from] ability: Trace|[of] p2a: Togekiss\n|turn|7\n|\n|t:|1699123800\n|move|p1a: Alakazam|Psychic|p2a: Togekiss\n|-damage|p2a: Togekiss|43\/100\n|move|p2a: Togekiss|Air Slash|p1a: Alakazam\n|-damage|p1a: Alakazam|0 fnt\n|faint|p1a: Alakazam\n|\n|upkeep\n|\n|t:|1699123805\n|switch|p1a: Milotic|Milotic, M|100\/100\n|turn|8\n|\n|t:|1699123808\n|move|p2a: Togekiss|Air Slash|p1a: Milotic\n|-damage|p1a: Milotic|82\/100\n|move|p1a: Milotic|Coil|p1a: Milotic\n|-boost|p1a: Milotic|atk|1\n|-boost|p1a: Milotic|def|1\n|-boost|p1a: Milotic|accuracy|1\n|\n|-heal|p1a: Milotic|88\/100|[from] item: Leftovers\n|upkeep\n|turn|9\n|\n|t:|1699123816\n|move|p2a: Togekiss|Air Slash|p1a: Milotic\n|-damage|p1a: Milotic|68\/100\n|move|p1a: Milotic|Coil|p1a: Milotic\n|-boost|p1a: Milotic|atk|1\n|-boost|p1a: Milotic|def|1\n|-boost|p1a: Milotic|accuracy|1\n|\n|-heal|p1a: Milotic|74\/100|[from] item: Leftovers\n|upkeep\n|turn|10\n|\n|t:|1699123821\n|switch|p2a: Dragapult|Dragapult, M|100\/100\n|move|p1a: Milotic|Recover|p1a: Milotic\n|-heal|p1a: Milotic|100\/100\n|\n|upkeep\n|turn|11\n|\n|t:|1699123826\n|move|p2a: Dragapult|Dragon Darts|p1a: Milotic\n|-damage|p1a: Milotic|83\/100\n|-anim|p2a: Dragapult|Dragon Darts|p1a: Milotic\n|-damage|p1a: Milotic|66\/100\n|-damage|p2a: Dragapult|91\/100|[from] item: Life Orb\n|move|p1a: Milotic|Triple Axel|p2a: Dragapult\n|-supereffective|p2a: Dragapult\n|-damage|p2a: Dragapult|72\/100\n|-supereffective|p2a: Dragapult\n|-crit|p2a: Dragapult\n|-damage|p2a: Dragapult|15\/100\n|-supereffective|p2a: Dragapult\n|-damage|p2a: Dragapult|0 fnt\n|faint|p2a: Dragapult\n|-hitcount|p2: Dragapult|3\n|\n|-heal|p1a: Milotic|72\/100|[from] item: Leftovers\n|upkeep\n|\n|t:|1699123828\n|switch|p2a: Gardevoir|Gardevoir, M|100\/100\n|turn|12\n|\n|t:|1699123842\n|detailschange|p2a: Gardevoir|Gardevoir-Mega, M\n|-mega|p2a: Gardevoir|Gardevoir|Gardevoirite\n|move|p2a: Gardevoir|Calm Mind|p2a: Gardevoir\n|-boost|p2a: Gardevoir|spa|1\n|-boost|p2a: Gardevoir|spd|1\n|move|p1a: Milotic|Recover|p1a: Milotic\n|-heal|p1a: Milotic|100\/100\n|\n|upkeep\n|turn|13\n|\n|t:|1699123852\n|-terastallize|p1a: Milotic|Water\n|move|p2a: Gardevoir|Hyper Voice|p1a: Milotic\n|-damage|p1a: Milotic|50\/100\n|move|p1a: Milotic|Aqua Tail|p2a: Gardevoir\n|-damage|p2a: Gardevoir|0 fnt\n|faint|p2a: Gardevoir\n|\n|-heal|p1a: Milotic|56\/100|[from] item: Leftovers\n|upkeep\n|\n|t:|1699123856\n|switch|p2a: Togekiss|Togekiss, F|43\/100\n|turn|14\n|\n|t:|1699123862\n|move|p2a: Togekiss|Aura Sphere|p1a: Milotic\n|-damage|p1a: Milotic|42\/100\n|move|p1a: Milotic|Recover|p1a: Milotic\n|-heal|p1a: Milotic|92\/100\n|\n|-heal|p1a: Milotic|98\/100|[from] item: Leftovers\n|upkeep\n|turn|15\n|\n|t:|1699123870\n|-terastallize|p2a: Togekiss|Fairy\n|move|p2a: Togekiss|Aura Sphere|p1a: Milotic\n|-damage|p1a: Milotic|83\/100\n|move|p1a: Milotic|Coil|p1a: Milotic\n|-boost|p1a: Milotic|atk|1\n|-boost|p1a: Milotic|def|1\n|-boost|p1a: Milotic|accuracy|1\n|\n|-heal|p1a: Milotic|90\/100|[from] item: Leftovers\n|upkeep\n|turn|16\n|\n|t:|1699123877\n|switch|p2a: Lucario|Lucario, M|100\/100\n|move|p1a: Milotic|Coil|p1a: Milotic\n|-boost|p1a: Milotic|atk|1\n|-boost|p1a: Milotic|def|1\n|-boost|p1a: Milotic|accuracy|1\n|\n|-heal|p1a: Milotic|96\/100|[from] item: Leftovers\n|upkeep\n|turn|17\n|\n|t:|1699123884\n|move|p2a: Lucario|Swords Dance|p2a: Lucario\n|-boost|p2a: Lucario|atk|2\n|move|p1a: Milotic|Aqua Tail|p2a: Lucario\n|-enditem|p2a: Lucario|Focus Sash\n|-damage|p2a: Lucario|1\/100\n|\n|-heal|p1a: Milotic|100\/100|[from] item: Leftovers\n|upkeep\n|turn|18\n|\n|t:|1699123889\n|move|p2a: Lucario|Close Combat|p1a: Milotic\n|-crit|p1a: Milotic\n|-damage|p1a: Milotic|0 fnt\n|-unboost|p2a: Lucario|def|1\n|-unboost|p2a: Lucario|spd|1\n|faint|p1a: Milotic\n|\n|upkeep\n|\n|t:|1699123895\n|switch|p1a: Lilligant|Lilligant-Hisui, F|100\/100\n|turn|19\n|\n|t:|1699123900\n|move|p1a: Lilligant|Leaf Blade|p2a: Lucario\n|-resisted|p2a: Lucario\n|-damage|p2a: Lucario|0 fnt\n|faint|p2a: Lucario\n|\n|upkeep\n|\n|t:|1699123902\n|switch|p2a: Togekiss|Togekiss, F, tera:Fairy|43\/100\n|turn|20\n|\n|t:|1699123908\n|move|p1a: Lilligant|Leaf Blade|p2a: Togekiss\n|-damage|p2a: Togekiss|0 fnt\n|faint|p2a: Togekiss\n|\n|win|TheNormalGym123\n|raw|TheNormalGym123's rating: 1167 &rarr; <strong>1184<\/strong><br \/>(+17 for winning)\n|raw|Leafpapasita's rating: 1044 &rarr; <strong>1033<\/strong><br \/>(-11 for losing)\n","uploadtime":1699123924,"views":24,"p1id":"thenormalgym123","p2id":"leafpapasita","formatid":"gen9nationaldexubers","rating":1033,"private":0,"password":""}