{"id":"gen9nationaldexubers-1982070078","p1":"TheGatorTamer","p2":"TurboTurtlevgc","format":"[Gen 9] National Dex Ubers","log":"|j|\u2606TheGatorTamer\n|j|\u2606TurboTurtlevgc\n|t:|1698964832\n|gametype|singles\n|player|p1|TheGatorTamer|pokemaniac|1399\n|player|p2|TurboTurtlevgc|nanu|1405\n|teamsize|p1|6\n|teamsize|p2|6\n|gen|9\n|tier|[Gen 9] National Dex Ubers\n|rated|\n|rule|HP Percentage Mod: HP is shown in percentages\n|rule|Endless Battle Clause: Forcing endless battles is banned\n|rule|OHKO Clause: OHKO moves are banned\n|rule|Evasion Moves Clause: Evasion moves are banned\n|rule|Evasion Items Clause: Evasion items are banned\n|rule|Species Clause: Limit one of each Pok\u00e9mon\n|rule|Sleep Clause Mod: Limit one foe put to sleep\n|rule|Mega Rayquaza Clause: You cannot mega evolve Rayquaza\n|clearpoke\n|poke|p1|Tyrantrum, F|\n|poke|p1|Skeledirge, F|\n|poke|p1|Torterra, F|\n|poke|p1|Toxapex, M|\n|poke|p1|Great Tusk|\n|poke|p1|Grimmsnarl, M|\n|poke|p2|Deoxys-Attack|\n|poke|p2|Genesect|\n|poke|p2|Kyurem-White|\n|poke|p2|Ribombee, M|\n|poke|p2|Landorus, M|\n|poke|p2|Blastoise, M|\n|teampreview\n|inactive|Battle timer is ON: inactive players will automatically lose when time's up. (requested by TheGatorTamer)\n|\n|t:|1698964845\n|start\n|switch|p1a: Torterra|Torterra, F|100\/100\n|switch|p2a: Genesect|Genesect, shiny|100\/100\n|-ability|p2a: Genesect|Download|boost\n|-boost|p2a: Genesect|spa|1\n|turn|1\n|\n|t:|1698964866\n|switch|p1a: Skeledirge|Skeledirge, F|100\/100\n|move|p2a: Genesect|Ice Beam|p1a: Skeledirge\n|-resisted|p1a: Skeledirge\n|-crit|p1a: Skeledirge\n|-damage|p1a: Skeledirge|84\/100\n|\n|-heal|p1a: Skeledirge|90\/100|[from] item: Leftovers\n|upkeep\n|turn|2\n|\n|t:|1698964877\n|switch|p2a: Landorus|Landorus, M|100\/100\n|move|p1a: Skeledirge|Will-O-Wisp|p2a: Landorus\n|-status|p2a: Landorus|brn\n|\n|-heal|p1a: Skeledirge|96\/100|[from] item: Leftovers\n|-damage|p2a: Landorus|95\/100 brn|[from] brn\n|upkeep\n|turn|3\n|\n|t:|1698964886\n|switch|p1a: Grimmsnarl|Grimmsnarl, M|100\/100\n|move|p2a: Landorus|Earth Power|p1a: Grimmsnarl\n|-damage|p1a: Grimmsnarl|50\/100\n|\n|-damage|p2a: Landorus|89\/100 brn|[from] brn\n|upkeep\n|turn|4\n|\n|t:|1698964891\n|move|p1a: Grimmsnarl|Light Screen|p1a: Grimmsnarl\n|-sidestart|p1: TheGatorTamer|move: Light Screen\n|move|p2a: Landorus|Sludge Wave|p1a: Grimmsnarl\n|-supereffective|p1a: Grimmsnarl\n|-damage|p1a: Grimmsnarl|10\/100\n|\n|-damage|p2a: Landorus|83\/100 brn|[from] brn\n|upkeep\n|turn|5\n|\n|t:|1698964914\n|switch|p1a: Great Tusk|Great Tusk|100\/100\n|move|p2a: Landorus|Nasty Plot|p2a: Landorus\n|-boost|p2a: Landorus|spa|2\n|\n|-damage|p2a: Landorus|77\/100 brn|[from] brn\n|upkeep\n|turn|6\n|\n|t:|1698964938\n|move|p1a: Great Tusk|Ice Spinner|p2a: Landorus\n|-supereffective|p2a: Landorus\n|-damage|p2a: Landorus|0 fnt\n|faint|p2a: Landorus\n|\n|upkeep\n|\n|t:|1698964946\n|switch|p2a: Blastoise|Blastoise, M, shiny|100\/100\n|turn|7\n|\n|t:|1698964961\n|-end|p1a: Great Tusk|Protosynthesis|[silent]\n|switch|p1a: Toxapex|Toxapex, M|100\/100\n|detailschange|p2a: Blastoise|Blastoise-Mega, M, shiny\n|-mega|p2a: Blastoise|Blastoise|Blastoisinite\n|move|p2a: Blastoise|Shell Smash|p2a: Blastoise\n|-unboost|p2a: Blastoise|def|1\n|-unboost|p2a: Blastoise|spd|1\n|-boost|p2a: Blastoise|atk|2\n|-boost|p2a: Blastoise|spa|2\n|-boost|p2a: Blastoise|spe|2\n|\n|upkeep\n|turn|8\n|\n|t:|1698964965\n|move|p2a: Blastoise|Water Spout|p1a: Toxapex\n|-resisted|p1a: Toxapex\n|-damage|p1a: Toxapex|64\/100\n|move|p1a: Toxapex|Toxic|p2a: Blastoise\n|-status|p2a: Blastoise|tox\n|\n|-heal|p1a: Toxapex|70\/100|[from] item: Leftovers\n|-damage|p2a: Blastoise|94\/100 tox|[from] psn\n|upkeep\n|turn|9\n|\n|t:|1698964971\n|move|p2a: Blastoise|Water Spout|p1a: Toxapex\n|-resisted|p1a: Toxapex\n|-damage|p1a: Toxapex|39\/100\n|move|p1a: Toxapex|Recover|p1a: Toxapex\n|-heal|p1a: Toxapex|89\/100\n|\n|-heal|p1a: Toxapex|95\/100|[from] item: Leftovers\n|-damage|p2a: Blastoise|82\/100 tox|[from] psn\n|upkeep\n|turn|10\n|\n|t:|1698964977\n|move|p2a: Blastoise|Shell Smash|p2a: Blastoise\n|-unboost|p2a: Blastoise|def|1\n|-unboost|p2a: Blastoise|spd|1\n|-boost|p2a: Blastoise|atk|2\n|-boost|p2a: Blastoise|spa|2\n|-boost|p2a: Blastoise|spe|2\n|move|p1a: Toxapex|Sludge Wave|p2a: Blastoise\n|-damage|p2a: Blastoise|41\/100 tox\n|\n|-heal|p1a: Toxapex|100\/100|[from] item: Leftovers\n|-damage|p2a: Blastoise|23\/100 tox|[from] psn\n|upkeep\n|turn|11\n|\n|t:|1698964982\n|move|p2a: Blastoise|Dark Pulse|p1a: Toxapex\n|-damage|p1a: Toxapex|47\/100\n|cant|p1a: Toxapex|flinch\n|\n|-heal|p1a: Toxapex|53\/100|[from] item: Leftovers\n|-damage|p2a: Blastoise|0 fnt|[from] psn\n|faint|p2a: Blastoise\n|-sideend|p1: TheGatorTamer|move: Light Screen\n|upkeep\n|\n|t:|1698964995\n|switch|p2a: Kyurem|Kyurem-White, shiny|100\/100\n|-ability|p2a: Kyurem|Turboblaze\n|turn|12\n|\n|t:|1698965005\n|move|p2a: Kyurem|Freeze-Dry|p1a: Toxapex\n|-supereffective|p1a: Toxapex\n|-damage|p1a: Toxapex|0 fnt\n|faint|p1a: Toxapex\n|\n|upkeep\n|\n|t:|1698965009\n|switch|p1a: Grimmsnarl|Grimmsnarl, M|10\/100\n|turn|13\n|\n|t:|1698965017\n|switch|p2a: Ribombee|Ribombee, M, shiny|100\/100\n|move|p1a: Grimmsnarl|Light Screen|p1a: Grimmsnarl\n|-sidestart|p1: TheGatorTamer|move: Light Screen\n|\n|upkeep\n|turn|14\n|\n|t:|1698965020\n|move|p1a: Grimmsnarl|Taunt|p2a: Ribombee\n|-start|p2a: Ribombee|move: Taunt\n|cant|p2a: Ribombee|move: Taunt|Defog\n|\n|upkeep\n|turn|15\n|\n|t:|1698965024\n|move|p1a: Grimmsnarl|Reflect|p1a: Grimmsnarl\n|-sidestart|p1: TheGatorTamer|Reflect\n|move|p2a: Ribombee|Moonblast|p1a: Grimmsnarl\n|-supereffective|p1a: Grimmsnarl\n|-damage|p1a: Grimmsnarl|0 fnt\n|faint|p1a: Grimmsnarl\n|\n|upkeep\n|\n|t:|1698965029\n|switch|p1a: Torterra|Torterra, F|100\/100\n|turn|16\n|\n|t:|1698965038\n|switch|p2a: Deoxys|Deoxys-Attack, shiny|100\/100\n|-ability|p2a: Deoxys|Pressure\n|move|p1a: Torterra|Shell Smash|p1a: Torterra\n|-unboost|p1a: Torterra|def|1\n|-unboost|p1a: Torterra|spd|1\n|-boost|p1a: Torterra|atk|2\n|-boost|p1a: Torterra|spa|2\n|-boost|p1a: Torterra|spe|2\n|\n|upkeep\n|turn|17\n|\n|t:|1698965055\n|-terastallize|p1a: Torterra|Rock\n|move|p1a: Torterra|Rock Blast|p2a: Deoxys\n|-damage|p2a: Deoxys|0 fnt\n|faint|p2a: Deoxys\n|-hitcount|p2: Deoxys|1\n|\n|upkeep\n|\n|t:|1698965071\n|switch|p2a: Ribombee|Ribombee, M, shiny|100\/100\n|turn|18\n|\n|t:|1698965075\n|move|p1a: Torterra|Rock Blast|p2a: Ribombee\n|-supereffective|p2a: Ribombee\n|-enditem|p2a: Ribombee|Focus Sash\n|-damage|p2a: Ribombee|1\/100\n|-supereffective|p2a: Ribombee\n|-damage|p2a: Ribombee|0 fnt\n|faint|p2a: Ribombee\n|-hitcount|p2: Ribombee|2\n|\n|upkeep\n|j| Durnzy\n|\n|t:|1698965078\n|switch|p2a: Genesect|Genesect, shiny|100\/100\n|-ability|p2a: Genesect|Download|boost\n|-boost|p2a: Genesect|spa|1\n|turn|19\n|\n|t:|1698965087\n|move|p2a: Genesect|Iron Head|p1a: Torterra\n|-supereffective|p1a: Torterra\n|-damage|p1a: Torterra|55\/100\n|move|p1a: Torterra|Rock Blast|p2a: Genesect\n|-damage|p2a: Genesect|64\/100\n|-damage|p2a: Genesect|28\/100\n|-damage|p2a: Genesect|0 fnt\n|faint|p2a: Genesect\n|-hitcount|p2: Genesect|3\n|\n|upkeep\n|-message|TurboTurtlevgc forfeited.\n|\n|win|TheGatorTamer\n|raw|TheGatorTamer's rating: 1399 &rarr; <strong>1419<\/strong><br \/>(+20 for winning)\n|raw|TurboTurtlevgc's rating: 1405 &rarr; <strong>1385<\/strong><br \/>(-20 for losing)\n|l|\u2606TurboTurtlevgc\n","uploadtime":1698965107,"views":11,"p1id":"thegatortamer","p2id":"turboturtlevgc","formatid":"gen9nationaldexubers","rating":1385,"private":0,"password":""}