{"id":"gen9nationaldexubers-1994500149","p1":"Tono Uribe","p2":"momfr","format":"[Gen 9] National Dex Ubers","log":"|j|\u2606Tono Uribe\n|j|\u2606momfr\n|t:|1700451239\n|gametype|singles\n|player|p1|Tono Uribe|benga|1116\n|player|p2|momfr|265|1085\n|teamsize|p1|6\n|teamsize|p2|6\n|gen|9\n|tier|[Gen 9] National Dex Ubers\n|rated|\n|rule|HP Percentage Mod: HP is shown in percentages\n|rule|Endless Battle Clause: Forcing endless battles is banned\n|rule|OHKO Clause: OHKO moves are banned\n|rule|Evasion Moves Clause: Evasion moves are banned\n|rule|Evasion Items Clause: Evasion items are banned\n|rule|Species Clause: Limit one of each Pok\u00e9mon\n|rule|Sleep Clause Mod: Limit one foe put to sleep\n|rule|Mega Rayquaza Clause: You cannot mega evolve Rayquaza\n|clearpoke\n|poke|p1|Darkrai|\n|poke|p1|Ho-Oh|\n|poke|p1|Hawlucha, M|\n|poke|p1|Dragapult, F|\n|poke|p1|Melmetal|\n|poke|p1|Greninja-*, M|\n|poke|p2|Cottonee, L1, M|\n|poke|p2|Eiscue, M|\n|poke|p2|Heatran, F|\n|poke|p2|Groudon|\n|poke|p2|Iron Hands|\n|poke|p2|Deoxys-Defense|\n|teampreview\n|inactive|Battle timer is ON: inactive players will automatically lose when time's up. (requested by Tono Uribe)\n|\n|t:|1700451253\n|start\n|switch|p1a: Ho-Oh|Ho-Oh|100\/100\n|switch|p2a: Mega Man Reject|Iron Hands|100\/100\n|turn|1\n|j| Adamanzane\n|\n|t:|1700451258\n|move|p2a: Mega Man Reject|Fake Out|p1a: Ho-Oh\n|-damage|p1a: Ho-Oh|83\/100\n|cant|p1a: Ho-Oh|flinch\n|\n|-heal|p1a: Ho-Oh|89\/100|[from] item: Leftovers\n|upkeep\n|turn|2\n|j| kung fu pokechu\n|\n|t:|1700451265\n|-end|p2a: Mega Man Reject|Quark Drive|[silent]\n|switch|p2a: hellfrog|Heatran, F|100\/100\n|move|p1a: Ho-Oh|Air Slash|p2a: hellfrog\n|-resisted|p2a: hellfrog\n|-damage|p2a: hellfrog|86\/100\n|\n|-heal|p2a: hellfrog|92\/100|[from] item: Leftovers\n|-heal|p1a: Ho-Oh|95\/100|[from] item: Leftovers\n|upkeep\n|turn|3\n|\n|t:|1700451273\n|move|p2a: hellfrog|Substitute|p2a: hellfrog\n|-start|p2a: hellfrog|Substitute\n|-damage|p2a: hellfrog|67\/100\n|move|p1a: Ho-Oh|Ancient Power|p2a: hellfrog\n|-activate|p2a: hellfrog|move: Substitute|[damage]\n|\n|-heal|p2a: hellfrog|73\/100|[from] item: Leftovers\n|-heal|p1a: Ho-Oh|100\/100|[from] item: Leftovers\n|upkeep\n|turn|4\n|\n|t:|1700451281\n|move|p2a: hellfrog|Torment|p1a: Ho-Oh\n|-start|p1a: Ho-Oh|Torment\n|move|p1a: Ho-Oh|Ancient Power|p2a: hellfrog\n|-end|p2a: hellfrog|Substitute\n|\n|-heal|p2a: hellfrog|80\/100|[from] item: Leftovers\n|upkeep\n|turn|5\n|\n|t:|1700451289\n|switch|p1a: Hawlucha|Hawlucha, M|100\/100\n|move|p2a: hellfrog|Substitute|p2a: hellfrog\n|-start|p2a: hellfrog|Substitute\n|-damage|p2a: hellfrog|55\/100\n|\n|-heal|p2a: hellfrog|61\/100|[from] item: Leftovers\n|upkeep\n|turn|6\n|\n|t:|1700451295\n|move|p1a: Hawlucha|Power-Up Punch|p2a: hellfrog\n|-supereffective|p2a: hellfrog\n|-end|p2a: hellfrog|Substitute\n|-boost|p1a: Hawlucha|atk|1\n|move|p2a: hellfrog|Lava Plume|p1a: Hawlucha\n|-damage|p1a: Hawlucha|43\/100\n|\n|-heal|p1a: Hawlucha|49\/100|[from] item: Leftovers\n|-heal|p2a: hellfrog|67\/100|[from] item: Leftovers\n|upkeep\n|turn|7\n|\n|t:|1700451315\n|move|p2a: hellfrog|Protect|p2a: hellfrog\n|-singleturn|p2a: hellfrog|Protect\n|move|p1a: Hawlucha|Flying Press|p2a: hellfrog\n|-activate|p2a: hellfrog|move: Protect\n|\n|-heal|p1a: Hawlucha|55\/100|[from] item: Leftovers\n|-heal|p2a: hellfrog|73\/100|[from] item: Leftovers\n|upkeep\n|turn|8\n|\n|t:|1700451325\n|move|p1a: Hawlucha|Flying Press|p2a: hellfrog\n|-damage|p2a: hellfrog|21\/100\n|move|p2a: hellfrog|Lava Plume|p1a: Hawlucha\n|-damage|p1a: Hawlucha|0 fnt\n|faint|p1a: Hawlucha\n|\n|-heal|p2a: hellfrog|27\/100|[from] item: Leftovers\n|upkeep\n|\n|t:|1700451333\n|switch|p1a: Ho-Oh|Ho-Oh|100\/100\n|turn|9\n|\n|t:|1700451337\n|move|p2a: hellfrog|Torment|p1a: Ho-Oh\n|-start|p1a: Ho-Oh|Torment\n|move|p1a: Ho-Oh|Air Slash|p2a: hellfrog\n|-resisted|p2a: hellfrog\n|-damage|p2a: hellfrog|12\/100\n|\n|-heal|p2a: hellfrog|18\/100|[from] item: Leftovers\n|upkeep\n|turn|10\n|\n|t:|1700451345\n|move|p2a: hellfrog|Protect|p2a: hellfrog\n|-singleturn|p2a: hellfrog|Protect\n|move|p1a: Ho-Oh|Ancient Power|p2a: hellfrog\n|-activate|p2a: hellfrog|move: Protect\n|\n|-heal|p2a: hellfrog|24\/100|[from] item: Leftovers\n|upkeep\n|turn|11\n|\n|t:|1700451353\n|move|p2a: hellfrog|Substitute|p2a: hellfrog\n|-fail|p2a: hellfrog|move: Substitute|[weak]\n|move|p1a: Ho-Oh|Air Slash|p2a: hellfrog\n|-resisted|p2a: hellfrog\n|-damage|p2a: hellfrog|9\/100\n|\n|-heal|p2a: hellfrog|16\/100|[from] item: Leftovers\n|upkeep\n|turn|12\n|\n|t:|1700451361\n|move|p2a: hellfrog|Protect|p2a: hellfrog\n|-singleturn|p2a: hellfrog|Protect\n|move|p1a: Ho-Oh|Ancient Power|p2a: hellfrog\n|-activate|p2a: hellfrog|move: Protect\n|\n|-heal|p2a: hellfrog|22\/100|[from] item: Leftovers\n|upkeep\n|turn|13\n|\n|t:|1700451370\n|move|p2a: hellfrog|Lava Plume|p1a: Ho-Oh\n|-resisted|p1a: Ho-Oh\n|-damage|p1a: Ho-Oh|90\/100\n|move|p1a: Ho-Oh|Air Slash|p2a: hellfrog\n|-resisted|p2a: hellfrog\n|-damage|p2a: hellfrog|7\/100\n|\n|-heal|p2a: hellfrog|13\/100|[from] item: Leftovers\n|-heal|p1a: Ho-Oh|97\/100|[from] item: Leftovers\n|upkeep\n|turn|14\n|\n|t:|1700451380\n|move|p2a: hellfrog|Protect|p2a: hellfrog\n|-singleturn|p2a: hellfrog|Protect\n|move|p1a: Ho-Oh|Ancient Power|p2a: hellfrog\n|-activate|p2a: hellfrog|move: Protect\n|\n|-heal|p2a: hellfrog|20\/100|[from] item: Leftovers\n|-heal|p1a: Ho-Oh|100\/100|[from] item: Leftovers\n|upkeep\n|turn|15\n|\n|t:|1700451390\n|move|p2a: hellfrog|Lava Plume|p1a: Ho-Oh\n|-resisted|p1a: Ho-Oh\n|-damage|p1a: Ho-Oh|91\/100\n|move|p1a: Ho-Oh|Flamethrower|p2a: hellfrog\n|-start|p2a: hellfrog|ability: Flash Fire\n|\n|-heal|p2a: hellfrog|26\/100|[from] item: Leftovers\n|-heal|p1a: Ho-Oh|97\/100|[from] item: Leftovers\n|upkeep\n|turn|16\n|\n|t:|1700451398\n|move|p2a: hellfrog|Lava Plume|p1a: Ho-Oh\n|-resisted|p1a: Ho-Oh\n|-damage|p1a: Ho-Oh|83\/100\n|move|p1a: Ho-Oh|Air Slash|p2a: hellfrog\n|-resisted|p2a: hellfrog\n|-damage|p2a: hellfrog|12\/100\n|\n|-heal|p2a: hellfrog|19\/100|[from] item: Leftovers\n|-heal|p1a: Ho-Oh|89\/100|[from] item: Leftovers\n|upkeep\n|turn|17\n|\n|t:|1700451407\n|move|p2a: hellfrog|Lava Plume|p1a: Ho-Oh\n|-resisted|p1a: Ho-Oh\n|-damage|p1a: Ho-Oh|75\/100\n|move|p1a: Ho-Oh|Ancient Power|p2a: hellfrog\n|-damage|p2a: hellfrog|4\/100\n|\n|-heal|p2a: hellfrog|11\/100|[from] item: Leftovers\n|-heal|p1a: Ho-Oh|81\/100|[from] item: Leftovers\n|upkeep\n|turn|18\n|\n|t:|1700451416\n|move|p2a: hellfrog|Protect|p2a: hellfrog\n|-singleturn|p2a: hellfrog|Protect\n|move|p1a: Ho-Oh|Air Slash|p2a: hellfrog\n|-activate|p2a: hellfrog|move: Protect\n|\n|-heal|p2a: hellfrog|17\/100|[from] item: Leftovers\n|-heal|p1a: Ho-Oh|87\/100|[from] item: Leftovers\n|upkeep\n|turn|19\n|\n|t:|1700451424\n|move|p2a: hellfrog|Lava Plume|p1a: Ho-Oh\n|-resisted|p1a: Ho-Oh\n|-damage|p1a: Ho-Oh|72\/100\n|move|p1a: Ho-Oh|Ancient Power|p2a: hellfrog\n|-damage|p2a: hellfrog|2\/100\n|-boost|p1a: Ho-Oh|atk|1\n|-boost|p1a: Ho-Oh|def|1\n|-boost|p1a: Ho-Oh|spa|1\n|-boost|p1a: Ho-Oh|spd|1\n|-boost|p1a: Ho-Oh|spe|1\n|\n|-heal|p1a: Ho-Oh|78\/100|[from] item: Leftovers\n|-heal|p2a: hellfrog|8\/100|[from] item: Leftovers\n|upkeep\n|turn|20\n|\n|t:|1700451435\n|move|p2a: hellfrog|Protect|p2a: hellfrog\n|-singleturn|p2a: hellfrog|Protect\n|move|p1a: Ho-Oh|Air Slash|p2a: hellfrog\n|-activate|p2a: hellfrog|move: Protect\n|\n|-heal|p1a: Ho-Oh|85\/100|[from] item: Leftovers\n|-heal|p2a: hellfrog|14\/100|[from] item: Leftovers\n|upkeep\n|turn|21\n|\n|t:|1700451442\n|move|p1a: Ho-Oh|Ancient Power|p2a: hellfrog\n|-damage|p2a: hellfrog|0 fnt\n|faint|p2a: hellfrog\n|\n|-heal|p1a: Ho-Oh|91\/100|[from] item: Leftovers\n|upkeep\n|\n|t:|1700451448\n|switch|p2a: keknee|Cottonee, L1, M|100\/100\n|turn|22\n|\n|t:|1700451456\n|move|p2a: keknee|Leech Seed|p1a: Ho-Oh\n|-start|p1a: Ho-Oh|move: Leech Seed\n|move|p1a: Ho-Oh|Sacred Fire|p2a: keknee|[miss]\n|-miss|p1a: Ho-Oh|p2a: keknee\n|\n|-heal|p1a: Ho-Oh|97\/100|[from] item: Leftovers\n|-damage|p1a: Ho-Oh|85\/100|[from] Leech Seed|[of] p2a: keknee\n|upkeep\n|turn|23\n|\n|t:|1700451471\n|switch|p2a: gorflleh|Groudon|100\/100\n|detailschange|p2a: gorflleh|Groudon-Primal\n|-primal|p2a: gorflleh|Red Orb\n|-weather|DesolateLand|[from] ability: Desolate Land|[of] p2a: gorflleh\n|move|p1a: Ho-Oh|Flamethrower|p2a: gorflleh\n|-resisted|p2a: gorflleh\n|-damage|p2a: gorflleh|51\/100\n|\n|-weather|DesolateLand|[upkeep]\n|-heal|p1a: Ho-Oh|91\/100|[from] item: Leftovers\n|-damage|p1a: Ho-Oh|78\/100|[from] Leech Seed|[of] p2a: gorflleh\n|-heal|p2a: gorflleh|66\/100|[silent]\n|upkeep\n|turn|24\n|\n|t:|1700451484\n|move|p1a: Ho-Oh|Air Slash|p2a: gorflleh\n|-damage|p2a: gorflleh|14\/100\n|move|p2a: gorflleh|Rock Polish|p2a: gorflleh\n|-boost|p2a: gorflleh|spe|2\n|\n|-weather|DesolateLand|[upkeep]\n|-heal|p1a: Ho-Oh|85\/100|[from] item: Leftovers\n|-damage|p1a: Ho-Oh|72\/100|[from] Leech Seed|[of] p2a: gorflleh\n|-heal|p2a: gorflleh|29\/100|[silent]\n|upkeep\n|turn|25\n|\n|t:|1700451493\n|move|p2a: gorflleh|Stone Edge|p1a: Ho-Oh\n|-supereffective|p1a: Ho-Oh\n|-damage|p1a: Ho-Oh|0 fnt\n|faint|p1a: Ho-Oh\n|\n|-weather|DesolateLand|[upkeep]\n|upkeep\n|\n|t:|1700451498\n|switch|p1a: Dragapult|Dragapult, F, shiny|100\/100\n|turn|26\n|\n|t:|1700451501\n|move|p2a: gorflleh|Precipice Blades|p1a: Dragapult|[miss]\n|-miss|p2a: gorflleh|p1a: Dragapult\n|move|p1a: Dragapult|Dragon Darts|p2a: gorflleh\n|-damage|p2a: gorflleh|13\/100\n|-anim|p1a: Dragapult|Dragon Darts|p2a: gorflleh\n|-damage|p2a: gorflleh|0 fnt\n|faint|p2a: gorflleh\n|-weather|none\n|\n|upkeep\n|\n|t:|1700451508\n|switch|p2a: keknee|Cottonee, L1, M|100\/100\n|turn|27\n|\n|t:|1700451511\n|move|p2a: keknee|Leech Seed|p1a: Dragapult\n|-start|p1a: Dragapult|move: Leech Seed\n|move|p1a: Dragapult|Shadow Ball|p2a: keknee\n|-enditem|p2a: keknee|Focus Sash\n|-damage|p2a: keknee|10\/100\n|\n|-damage|p1a: Dragapult|88\/100|[from] Leech Seed|[of] p2a: keknee\n|-heal|p2a: keknee|100\/100|[silent]\n|upkeep\n|turn|28\n|\n|t:|1700451521\n|switch|p1a: Darkrai|Darkrai|100\/100\n|move|p2a: keknee|Substitute|p2a: keknee\n|-start|p2a: keknee|Substitute\n|-damage|p2a: keknee|82\/100\n|\n|upkeep\n|turn|29\n|\n|t:|1700451526\n|move|p1a: Darkrai|Ice Beam|p2a: keknee\n|-supereffective|p2a: keknee\n|-end|p2a: keknee|Substitute\n|move|p2a: keknee|Endeavor|p1a: Darkrai\n|-damage|p1a: Darkrai|4\/100\n|\n|-heal|p1a: Darkrai|10\/100|[from] item: Leftovers\n|upkeep\n|turn|30\n|\n|t:|1700451534\n|switch|p2a: Mega Man Reject|Iron Hands|100\/100\n|move|p1a: Darkrai|Ice Beam|p2a: Mega Man Reject\n|-damage|p2a: Mega Man Reject|81\/100\n|\n|-heal|p1a: Darkrai|16\/100|[from] item: Leftovers\n|upkeep\n|turn|31\n|\n|t:|1700451542\n|switch|p1a: Dragapult|Dragapult, F, shiny|88\/100\n|move|p2a: Mega Man Reject|Fake Out|p1a: Dragapult\n|-immune|p1a: Dragapult\n|\n|-heal|p1a: Dragapult|94\/100|[from] item: Leftovers\n|upkeep\n|turn|32\n|\n|t:|1700451549\n|move|p1a: Dragapult|Dragon Darts|p2a: Mega Man Reject\n|-damage|p2a: Mega Man Reject|65\/100\n|-anim|p1a: Dragapult|Dragon Darts|p2a: Mega Man Reject\n|-damage|p2a: Mega Man Reject|49\/100\n|move|p2a: Mega Man Reject|Ice Punch|p1a: Dragapult\n|-supereffective|p1a: Dragapult\n|-damage|p1a: Dragapult|3\/100\n|\n|-heal|p1a: Dragapult|9\/100|[from] item: Leftovers\n|upkeep\n|turn|33\n|\n|t:|1700451562\n|-end|p2a: Mega Man Reject|Quark Drive|[silent]\n|switch|p2a: keknee|Cottonee, L1, M|82\/100\n|move|p1a: Dragapult|Dragon Darts|p2a: keknee\n|-immune|p2a: keknee\n|\n|-heal|p1a: Dragapult|15\/100|[from] item: Leftovers\n|upkeep\n|turn|34\n|\n|t:|1700451569\n|switch|p1a: Melmetal|Melmetal|100\/100\n|move|p2a: keknee|Encore||[still]\n|-fail|p2a: keknee\n|\n|upkeep\n|turn|35\n|\n|t:|1700451575\n|move|p2a: keknee|Leech Seed|p1a: Melmetal\n|-start|p1a: Melmetal|move: Leech Seed\n|move|p1a: Melmetal|Iron Head|p2a: keknee\n|-supereffective|p2a: keknee\n|-crit|p2a: keknee\n|-damage|p2a: keknee|0 fnt\n|faint|p2a: keknee\n|\n|upkeep\n|\n|t:|1700451582\n|switch|p2a: Mega Man Reject|Iron Hands|49\/100\n|turn|36\n|\n|t:|1700451588\n|move|p2a: Mega Man Reject|Fake Out|p1a: Melmetal\n|-resisted|p1a: Melmetal\n|-damage|p1a: Melmetal|96\/100\n|cant|p1a: Melmetal|flinch\n|\n|-heal|p1a: Melmetal|100\/100|[from] item: Leftovers\n|-damage|p1a: Melmetal|88\/100|[from] Leech Seed|[of] p2a: Mega Man Reject\n|-heal|p2a: Mega Man Reject|61\/100|[silent]\n|upkeep\n|turn|37\n|\n|t:|1700451595\n|move|p2a: Mega Man Reject|Drain Punch|p1a: Melmetal\n|-supereffective|p1a: Melmetal\n|-damage|p1a: Melmetal|41\/100\n|-heal|p2a: Mega Man Reject|83\/100|[from] drain|[of] p1a: Melmetal\n|move|p1a: Melmetal|Iron Head|p2a: Mega Man Reject\n|-resisted|p2a: Mega Man Reject\n|-damage|p2a: Mega Man Reject|67\/100\n|\n|-heal|p1a: Melmetal|47\/100|[from] item: Leftovers\n|-damage|p1a: Melmetal|34\/100|[from] Leech Seed|[of] p2a: Mega Man Reject\n|-heal|p2a: Mega Man Reject|79\/100|[silent]\n|upkeep\n|turn|38\n|\n|t:|1700451606\n|switch|p1a: Dragapult|Dragapult, F, shiny|15\/100\n|move|p2a: Mega Man Reject|Drain Punch|p1a: Dragapult\n|-immune|p1a: Dragapult\n|\n|-heal|p1a: Dragapult|21\/100|[from] item: Leftovers\n|upkeep\n|turn|39\n|\n|t:|1700451612\n|move|p1a: Dragapult|Dragon Darts|p2a: Mega Man Reject\n|-crit|p2a: Mega Man Reject\n|-damage|p2a: Mega Man Reject|55\/100\n|-anim|p1a: Dragapult|Dragon Darts|p2a: Mega Man Reject\n|-crit|p2a: Mega Man Reject\n|-damage|p2a: Mega Man Reject|33\/100\n|move|p2a: Mega Man Reject|Ice Punch|p1a: Dragapult\n|-supereffective|p1a: Dragapult\n|-damage|p1a: Dragapult|0 fnt\n|faint|p1a: Dragapult\n|\n|upkeep\n|\n|t:|1700451621\n|switch|p1a: Greninja|Greninja, M|100\/100\n|turn|40\n|\n|t:|1700451626\n|move|p1a: Greninja|Rock Slide|p2a: Mega Man Reject\n|-resisted|p2a: Mega Man Reject\n|-damage|p2a: Mega Man Reject|28\/100\n|cant|p2a: Mega Man Reject|flinch\n|\n|upkeep\n|turn|41\n|\n|t:|1700451631\n|move|p1a: Greninja|Surf|p2a: Mega Man Reject\n|-damage|p2a: Mega Man Reject|5\/100\n|move|p2a: Mega Man Reject|Drain Punch|p1a: Greninja\n|-supereffective|p1a: Greninja\n|-damage|p1a: Greninja|0 fnt\n|-heal|p2a: Mega Man Reject|33\/100|[from] drain|[of] p1a: Greninja\n|faint|p1a: Greninja\n|\n|upkeep\n|\n|t:|1700451638\n|switch|p1a: Melmetal|Melmetal|34\/100\n|turn|42\n|\n|t:|1700451642\n|move|p2a: Mega Man Reject|Drain Punch|p1a: Melmetal\n|-supereffective|p1a: Melmetal\n|-damage|p1a: Melmetal|0 fnt\n|-heal|p2a: Mega Man Reject|49\/100|[from] drain|[of] p1a: Melmetal\n|faint|p1a: Melmetal\n|\n|upkeep\n|-message|Tono Uribe forfeited.\n|\n|win|momfr\n|raw|Tono Uribe's rating: 1116 &rarr; <strong>1089<\/strong><br \/>(-27 for losing)\n|raw|momfr's rating: 1085 &rarr; <strong>1115<\/strong><br \/>(+30 for winning)\n|l|\u2606Tono Uribe\n","uploadtime":1700451652,"views":5,"p1id":"tonouribe","p2id":"momfr","formatid":"gen9nationaldexubers","rating":1089,"private":0,"password":""}