{"id":"gen9nationaldexubers-1995401926","p1":"imbape","p2":"DannLink","format":"[Gen 9] National Dex Ubers","log":"|j|\u2606imbape\n|j|\u2606DannLink\n|t:|1700566001\n|gametype|singles\n|player|p1|imbape|n|\n|player|p2|DannLink|ethan|\n|teamsize|p1|6\n|teamsize|p2|6\n|gen|9\n|tier|[Gen 9] National Dex Ubers\n|rule|HP Percentage Mod: HP is shown in percentages\n|rule|Endless Battle Clause: Forcing endless battles is banned\n|rule|OHKO Clause: OHKO moves are banned\n|rule|Evasion Moves Clause: Evasion moves are banned\n|rule|Evasion Items Clause: Evasion items are banned\n|rule|Species Clause: Limit one of each Pok\u00e9mon\n|rule|Sleep Clause Mod: Limit one foe put to sleep\n|rule|Mega Rayquaza Clause: You cannot mega evolve Rayquaza\n|clearpoke\n|poke|p1|Swampert, F|\n|poke|p1|Metagross|\n|poke|p1|Zeraora|\n|poke|p1|Charizard, F|\n|poke|p1|Sceptile, F|\n|poke|p1|Arceus-Fighting|\n|poke|p2|Darkrai|\n|poke|p2|Forretress, M|\n|poke|p2|Xurkitree|\n|poke|p2|Eiscue, M|\n|poke|p2|Ditto|\n|poke|p2|Rattata, L1, M|\n|teampreview\n|inactive|Battle timer is ON: inactive players will automatically lose when time's up. (requested by DannLink)\n|\n|t:|1700566016\n|start\n|switch|p1a: Swampert|Swampert, F|100\/100\n|switch|p2a: Forretress|Forretress, M|100\/100\n|turn|1\n|\n|t:|1700566039\n|move|p1a: Swampert|Earthquake|p2a: Forretress\n|-damage|p2a: Forretress|73\/100\n|move|p2a: Forretress|Stealth Rock|p1a: Swampert\n|-sidestart|p1: imbape|move: Stealth Rock\n|\n|-heal|p2a: Forretress|79\/100|[from] item: Leftovers\n|upkeep\n|turn|2\n|\n|t:|1700566049\n|move|p1a: Swampert|Earthquake|p2a: Forretress\n|-damage|p2a: Forretress|53\/100\n|move|p2a: Forretress|Volt Switch|p1a: Swampert\n|-immune|p1a: Swampert\n|\n|-heal|p2a: Forretress|59\/100|[from] item: Leftovers\n|upkeep\n|turn|3\n|\n|t:|1700566074\n|move|p1a: Swampert|Earthquake|p2a: Forretress\n|-damage|p2a: Forretress|34\/100\n|move|p2a: Forretress|Rapid Spin|p1a: Swampert\n|-crit|p1a: Swampert\n|-damage|p1a: Swampert|83\/100\n|-boost|p2a: Forretress|spe|1\n|\n|-heal|p2a: Forretress|40\/100|[from] item: Leftovers\n|upkeep\n|turn|4\n|\n|t:|1700566084\n|move|p1a: Swampert|Aqua Tail|p2a: Forretress\n|-damage|p2a: Forretress|13\/100\n|move|p2a: Forretress|Rapid Spin|p1a: Swampert\n|-damage|p1a: Swampert|72\/100\n|-boost|p2a: Forretress|spe|1\n|\n|-heal|p2a: Forretress|19\/100|[from] item: Leftovers\n|upkeep\n|turn|5\n|\n|t:|1700566101\n|detailschange|p1a: Swampert|Swampert-Mega, F\n|-mega|p1a: Swampert|Swampert|Swampertite\n|move|p1a: Swampert|Earthquake|p2a: Forretress\n|-damage|p2a: Forretress|0 fnt\n|faint|p2a: Forretress\n|\n|upkeep\n|\n|t:|1700566110\n|switch|p2a: Xurkitree|Xurkitree|100\/100\n|turn|6\n|\n|t:|1700566121\n|switch|p1a: Zeraora|Zeraora|100\/100\n|-damage|p1a: Zeraora|88\/100|[from] Stealth Rock\n|-zpower|p2a: Xurkitree\n|move|p2a: Xurkitree|Z-Hypnosis|p1a: Zeraora|[anim]Hypnosis\n|-boost|p2a: Xurkitree|spe|1|[zeffect]\n|-status|p1a: Zeraora|slp|[from] move: Hypnosis\n|\n|upkeep\n|turn|7\n|inactive|imbape has 270 seconds left.\n|\n|t:|1700566149\n|switch|p1a: Arceus|Arceus-Fighting|100\/100\n|-damage|p1a: Arceus|94\/100|[from] Stealth Rock\n|move|p2a: Xurkitree|Energy Ball|p1a: Arceus\n|-damage|p1a: Arceus|64\/100\n|\n|upkeep\n|turn|8\n|inactive|imbape has 270 seconds left.\n|\n|t:|1700566161\n|move|p2a: Xurkitree|Tail Glow|p2a: Xurkitree\n|-boost|p2a: Xurkitree|spa|3\n|-zpower|p1a: Arceus\n|move|p1a: Arceus|All-Out Pummeling|p2a: Xurkitree|[zeffect]\n|-damage|p2a: Xurkitree|0 fnt\n|faint|p2a: Xurkitree\n|\n|upkeep\n|\n|t:|1700566175\n|switch|p2a: Ditto|Ditto|100\/100\n|-transform|p2a: Ditto|p1a: Arceus|[from] ability: Imposter\n|turn|9\n|inactive|imbape has 270 seconds left.\n|\n|t:|1700566186\n|move|p2a: Ditto|Brick Break|p1a: Arceus\n|-damage|p1a: Arceus|34\/100\n|move|p1a: Arceus|Rest|p1a: Arceus\n|-status|p1a: Arceus|slp|[from] move: Rest\n|-heal|p1a: Arceus|100\/100 slp|[silent]\n|\n|upkeep\n|turn|10\n|\n|t:|1700566195\n|move|p2a: Ditto|Brick Break|p1a: Arceus\n|-damage|p1a: Arceus|71\/100 slp\n|cant|p1a: Arceus|slp\n|move|p1a: Arceus|Sleep Talk|p1a: Arceus\n|move|p1a: Arceus|Rest||[from]move: Sleep Talk|[still]\n|-fail|p1a: Arceus\n|\n|upkeep\n|turn|11\n|\n|t:|1700566205\n|move|p2a: Ditto|Brick Break|p1a: Arceus\n|-damage|p1a: Arceus|41\/100 slp\n|cant|p1a: Arceus|slp\n|move|p1a: Arceus|Sleep Talk|p1a: Arceus\n|move|p1a: Arceus|Avalanche|p2a: Ditto|[from]move: Sleep Talk\n|-damage|p2a: Ditto|58\/100\n|\n|upkeep\n|turn|12\n|\n|t:|1700566215\n|move|p2a: Ditto|Brick Break|p1a: Arceus\n|-crit|p1a: Arceus\n|-damage|p1a: Arceus|0 fnt\n|faint|p1a: Arceus\n|\n|upkeep\n|\n|t:|1700566229\n|switch|p1a: Charizard|Charizard, F|100\/100\n|-damage|p1a: Charizard|50\/100|[from] Stealth Rock\n|turn|13\n|\n|t:|1700566240\n|move|p2a: Ditto|Brick Break|p1a: Charizard\n|-resisted|p1a: Charizard\n|-damage|p1a: Charizard|24\/100\n|move|p1a: Charizard|Roost|p1a: Charizard\n|-heal|p1a: Charizard|74\/100\n|-singleturn|p1a: Charizard|move: Roost\n|\n|upkeep\n|turn|14\n|\n|t:|1700566251\n|-activate|p2a: Ditto|move: Struggle\n|move|p2a: Ditto|Struggle|p1a: Charizard\n|-damage|p1a: Charizard|47\/100\n|-damage|p2a: Ditto|33\/100|[from] recoil\n|move|p1a: Charizard|Flare Blitz|p2a: Ditto\n|-damage|p2a: Ditto|0 fnt\n|faint|p2a: Ditto\n|-damage|p1a: Charizard|36\/100|[from] Recoil\n|\n|upkeep\n|\n|t:|1700566270\n|switch|p2a: Darkrai|Darkrai|100\/100\n|turn|15\n|\n|t:|1700566283\n|move|p2a: Darkrai|Hypnosis|p1a: Charizard\n|-message|Sleep Clause Mod activated.\n|-hint|Sleep Clause Mod prevents players from putting more than one of their opponent's Pok\u00e9mon to sleep at a time\n|move|p1a: Charizard|Roost|p1a: Charizard\n|-heal|p1a: Charizard|86\/100\n|-singleturn|p1a: Charizard|move: Roost\n|\n|upkeep\n|turn|16\n|inactive|DannLink has 270 seconds left.\n|\n|t:|1700566317\n|move|p2a: Darkrai|Substitute|p2a: Darkrai\n|-start|p2a: Darkrai|Substitute\n|-damage|p2a: Darkrai|76\/100\n|move|p1a: Charizard|Flare Blitz|p2a: Darkrai\n|-end|p2a: Darkrai|Substitute\n|-damage|p1a: Charizard|79\/100|[from] Recoil|[of] p2a: Darkrai\n|\n|-heal|p2a: Darkrai|82\/100|[from] item: Leftovers\n|upkeep\n|turn|17\n|inactive|DannLink has 270 seconds left.\n|\n|t:|1700566327\n|move|p2a: Darkrai|Nasty Plot|p2a: Darkrai\n|-boost|p2a: Darkrai|spa|2\n|move|p1a: Charizard|Flare Blitz|p2a: Darkrai\n|-damage|p2a: Darkrai|13\/100\n|-damage|p1a: Charizard|57\/100|[from] Recoil\n|\n|-heal|p2a: Darkrai|19\/100|[from] item: Leftovers\n|upkeep\n|turn|18\n|\n|t:|1700566342\n|move|p2a: Darkrai|Dark Pulse|p1a: Charizard\n|-damage|p1a: Charizard|0 fnt\n|faint|p1a: Charizard\n|\n|-heal|p2a: Darkrai|25\/100|[from] item: Leftovers\n|upkeep\n|\n|t:|1700566351\n|switch|p1a: Zeraora|Zeraora|88\/100 slp\n|-damage|p1a: Zeraora|76\/100 slp|[from] Stealth Rock\n|turn|19\n|\n|t:|1700566360\n|move|p2a: Darkrai|Nasty Plot|p2a: Darkrai\n|-boost|p2a: Darkrai|spa|2\n|cant|p1a: Zeraora|slp\n|\n|-heal|p2a: Darkrai|31\/100|[from] item: Leftovers\n|-damage|p1a: Zeraora|63\/100 slp|[from] ability: Bad Dreams|[of] p2a: Darkrai\n|upkeep\n|turn|20\n|\n|t:|1700566369\n|move|p2a: Darkrai|Dark Pulse|p1a: Zeraora\n|-damage|p1a: Zeraora|0 fnt\n|faint|p1a: Zeraora\n|\n|-heal|p2a: Darkrai|37\/100|[from] item: Leftovers\n|upkeep\n|\n|t:|1700566386\n|switch|p1a: Metagross|Metagross, shiny|100\/100\n|-damage|p1a: Metagross|95\/100|[from] Stealth Rock\n|turn|21\n|\n|t:|1700566397\n|move|p2a: Darkrai|Dark Pulse|p1a: Metagross\n|-supereffective|p1a: Metagross\n|-damage|p1a: Metagross|0 fnt\n|faint|p1a: Metagross\n|\n|-heal|p2a: Darkrai|43\/100|[from] item: Leftovers\n|upkeep\n|\n|t:|1700566408\n|switch|p1a: Sceptile|Sceptile, F|100\/100\n|-damage|p1a: Sceptile|88\/100|[from] Stealth Rock\n|turn|22\n|\n|t:|1700566421\n|move|p2a: Darkrai|Dark Pulse|p1a: Sceptile\n|-damage|p1a: Sceptile|0 fnt\n|faint|p1a: Sceptile\n|\n|-heal|p2a: Darkrai|49\/100|[from] item: Leftovers\n|upkeep\n|\n|t:|1700566428\n|switch|p1a: Swampert|Swampert-Mega, F|72\/100\n|-damage|p1a: Swampert|66\/100|[from] Stealth Rock\n|turn|23\n|\n|t:|1700566443\n|move|p2a: Darkrai|Dark Pulse|p1a: Swampert\n|-damage|p1a: Swampert|0 fnt\n|faint|p1a: Swampert\n|\n|win|DannLink\n|l|\u2606imbape\n","uploadtime":1700566452,"views":6,"p1id":"imbape","p2id":"dannlink","formatid":"gen9nationaldexubers","rating":0,"private":0,"password":""}