{"id":"gen9nationaldexubers-1990255539","p1":"HYDRO-MODE\ufe0f\ufe0f\ufe0f\u267e\ufe0f","p2":"Pollylopy","format":"[Gen 9] National Dex Ubers","log":"|j|\u2606HYDRO-MODE\ufe0f\ufe0f\ufe0f\u267e\ufe0f\n|j|\u2606Pollylopy\n|t:|1699945559\n|gametype|singles\n|player|p1|HYDRO-MODE\ufe0f\ufe0f\ufe0f\u267e\ufe0f|nessa|1106\n|player|p2|Pollylopy|waitress|1136\n|teamsize|p1|6\n|teamsize|p2|6\n|gen|9\n|tier|[Gen 9] National Dex Ubers\n|rated|\n|rule|HP Percentage Mod: HP is shown in percentages\n|rule|Endless Battle Clause: Forcing endless battles is banned\n|rule|OHKO Clause: OHKO moves are banned\n|rule|Evasion Moves Clause: Evasion moves are banned\n|rule|Evasion Items Clause: Evasion items are banned\n|rule|Species Clause: Limit one of each Pok\u00e9mon\n|rule|Sleep Clause Mod: Limit one foe put to sleep\n|rule|Mega Rayquaza Clause: You cannot mega evolve Rayquaza\n|clearpoke\n|poke|p1|Keldeo-Resolute|\n|poke|p1|Walking Wake|\n|poke|p1|Floatzel, M|\n|poke|p1|Samurott, M|\n|poke|p1|Jellicent, M|\n|poke|p1|Wishiwashi, M|\n|poke|p2|Gengar, M|\n|poke|p2|Arcanine-Hisui, M|\n|poke|p2|Exeggutor, M|\n|poke|p2|Gallade, M|\n|poke|p2|Forretress, F|\n|poke|p2|Floatzel, M|\n|teampreview\n|\n|t:|1699945574\n|start\n|switch|p1a: \ud83d\udca7\ud83d\udca7WISHIWASHI\ud83d\udca7\ud83d\udca7|Wishiwashi, M|100\/100\n|switch|p2a: Gengar|Gengar, M, shiny|100\/100\n|-formechange|p1a: \ud83d\udca7\ud83d\udca7WISHIWASHI\ud83d\udca7\ud83d\udca7|Wishiwashi-School||[from] ability: Schooling\n|turn|1\n|inactive|Battle timer is ON: inactive players will automatically lose when time's up. (requested by Pollylopy)\n|\n|t:|1699945602\n|move|p2a: Gengar|Taunt|p1a: \ud83d\udca7\ud83d\udca7WISHIWASHI\ud83d\udca7\ud83d\udca7\n|-start|p1a: \ud83d\udca7\ud83d\udca7WISHIWASHI\ud83d\udca7\ud83d\udca7|move: Taunt\n|move|p1a: \ud83d\udca7\ud83d\udca7WISHIWASHI\ud83d\udca7\ud83d\udca7|Hydro Pump|p2a: Gengar\n|-damage|p2a: Gengar|0 fnt\n|-start|p1a: \ud83d\udca7\ud83d\udca7WISHIWASHI\ud83d\udca7\ud83d\udca7|Disable|Hydro Pump|[from] ability: Cursed Body|[of] p2a: Gengar\n|faint|p2a: Gengar\n|\n|upkeep\n|\n|t:|1699945617\n|switch|p2a: Forretress|Forretress, F|100\/100\n|turn|2\n|\n|t:|1699945631\n|switch|p1a: \ud83d\udca7FLOATZEL\ud83d\udca7\ud83c\udf27|Floatzel, M, shiny|100\/100\n|move|p2a: Forretress|Stealth Rock|p1a: \ud83d\udca7FLOATZEL\ud83d\udca7\ud83c\udf27\n|-sidestart|p1: HYDRO-MODE\ufe0f\ufe0f\ufe0f\u267e\ufe0f|move: Stealth Rock\n|\n|upkeep\n|turn|3\n|\n|t:|1699945643\n|move|p1a: \ud83d\udca7FLOATZEL\ud83d\udca7\ud83c\udf27|Rain Dance|p1a: \ud83d\udca7FLOATZEL\ud83d\udca7\ud83c\udf27\n|-weather|RainDance\n|move|p2a: Forretress|Body Press|p1a: \ud83d\udca7FLOATZEL\ud83d\udca7\ud83c\udf27\n|-damage|p1a: \ud83d\udca7FLOATZEL\ud83d\udca7\ud83c\udf27|42\/100\n|\n|-weather|RainDance|[upkeep]\n|upkeep\n|turn|4\n|\n|t:|1699945652\n|move|p1a: \ud83d\udca7FLOATZEL\ud83d\udca7\ud83c\udf27|Flip Turn|p2a: Forretress\n|-damage|p2a: Forretress|78\/100\n|\n|t:|1699945657\n|switch|p1a: \ud83d\udca7JELLICENT\ud83d\udca7|Jellicent, M, shiny|100\/100|[from] Flip Turn\n|-damage|p1a: \ud83d\udca7JELLICENT\ud83d\udca7|88\/100|[from] Stealth Rock\n|move|p2a: Forretress|Body Press|p1a: \ud83d\udca7JELLICENT\ud83d\udca7\n|-immune|p1a: \ud83d\udca7JELLICENT\ud83d\udca7\n|\n|-weather|RainDance|[upkeep]\n|-heal|p2a: Forretress|84\/100|[from] item: Leftovers\n|upkeep\n|turn|5\n|\n|t:|1699945671\n|move|p1a: \ud83d\udca7JELLICENT\ud83d\udca7|Water Spout|p2a: Forretress\n|-damage|p2a: Forretress|0 fnt\n|faint|p2a: Forretress\n|\n|-weather|RainDance|[upkeep]\n|upkeep\n|\n|t:|1699945687\n|switch|p2a: Gallade|Gallade, M|100\/100\n|turn|6\n|\n|t:|1699945693\n|-terastallize|p2a: Gallade|Water\n|move|p2a: Gallade|Leaf Blade|p1a: \ud83d\udca7JELLICENT\ud83d\udca7\n|-supereffective|p1a: \ud83d\udca7JELLICENT\ud83d\udca7\n|-damage|p1a: \ud83d\udca7JELLICENT\ud83d\udca7|0 fnt\n|faint|p1a: \ud83d\udca7JELLICENT\ud83d\udca7\n|\n|-weather|RainDance|[upkeep]\n|upkeep\n|\n|t:|1699945706\n|switch|p1a: \ud83d\udca7WALKING SNAKE\ud83d\udca7|Walking Wake|100\/100\n|-damage|p1a: \ud83d\udca7WALKING SNAKE\ud83d\udca7|88\/100|[from] Stealth Rock\n|-enditem|p1a: \ud83d\udca7WALKING SNAKE\ud83d\udca7|Booster Energy\n|-activate|p1a: \ud83d\udca7WALKING SNAKE\ud83d\udca7|ability: Protosynthesis|[fromitem]\n|-start|p1a: \ud83d\udca7WALKING SNAKE\ud83d\udca7|protosynthesisspa\n|turn|7\n|\n|t:|1699945726\n|move|p1a: \ud83d\udca7WALKING SNAKE\ud83d\udca7|Hydro Pump|p2a: Gallade\n|-resisted|p2a: Gallade\n|-damage|p2a: Gallade|32\/100\n|move|p2a: Gallade|Leaf Blade|p1a: \ud83d\udca7WALKING SNAKE\ud83d\udca7\n|-damage|p1a: \ud83d\udca7WALKING SNAKE\ud83d\udca7|36\/100\n|\n|-weather|RainDance|[upkeep]\n|upkeep\n|turn|8\n|\n|t:|1699945737\n|move|p1a: \ud83d\udca7WALKING SNAKE\ud83d\udca7|Dragon Pulse|p2a: Gallade\n|-damage|p2a: Gallade|0 fnt\n|faint|p2a: Gallade\n|\n|-weather|RainDance|[upkeep]\n|upkeep\n|\n|t:|1699945743\n|switch|p2a: Exeggutor|Exeggutor, M|100\/100\n|turn|9\n|\n|t:|1699945749\n|-terastallize|p1a: \ud83d\udca7WALKING SNAKE\ud83d\udca7|Water\n|move|p1a: \ud83d\udca7WALKING SNAKE\ud83d\udca7|Hydro Pump|p2a: Exeggutor\n|-resisted|p2a: Exeggutor\n|-damage|p2a: Exeggutor|14\/100\n|-enditem|p2a: Exeggutor|Sitrus Berry|[eat]\n|-heal|p2a: Exeggutor|39\/100|[from] item: Sitrus Berry\n|move|p2a: Exeggutor|Sleep Powder|p1a: \ud83d\udca7WALKING SNAKE\ud83d\udca7\n|-status|p1a: \ud83d\udca7WALKING SNAKE\ud83d\udca7|slp|[from] move: Sleep Powder\n|\n|-weather|RainDance|[upkeep]\n|-item|p2a: Exeggutor|Sitrus Berry|[from] ability: Harvest\n|upkeep\n|-enditem|p2a: Exeggutor|Sitrus Berry|[eat]\n|-heal|p2a: Exeggutor|64\/100|[from] item: Sitrus Berry\n|turn|10\n|\n|t:|1699945766\n|cant|p1a: \ud83d\udca7WALKING SNAKE\ud83d\udca7|slp\n|move|p2a: Exeggutor|Leech Seed|p1a: \ud83d\udca7WALKING SNAKE\ud83d\udca7\n|-start|p1a: \ud83d\udca7WALKING SNAKE\ud83d\udca7|move: Leech Seed\n|\n|-weather|none\n|-damage|p1a: \ud83d\udca7WALKING SNAKE\ud83d\udca7|24\/100 slp|[from] Leech Seed|[of] p2a: Exeggutor\n|-heal|p2a: Exeggutor|75\/100|[silent]\n|upkeep\n|turn|11\n|\n|t:|1699945775\n|move|p2a: Exeggutor|Protect|p2a: Exeggutor\n|-singleturn|p2a: Exeggutor|Protect\n|cant|p1a: \ud83d\udca7WALKING SNAKE\ud83d\udca7|slp\n|\n|-damage|p1a: \ud83d\udca7WALKING SNAKE\ud83d\udca7|11\/100 slp|[from] Leech Seed|[of] p2a: Exeggutor\n|-heal|p2a: Exeggutor|86\/100|[silent]\n|upkeep\n|turn|12\n|\n|t:|1699945783\n|-curestatus|p1a: \ud83d\udca7WALKING SNAKE\ud83d\udca7|slp|[msg]\n|move|p1a: \ud83d\udca7WALKING SNAKE\ud83d\udca7|Dragon Pulse|p2a: Exeggutor\n|-damage|p2a: Exeggutor|18\/100\n|move|p2a: Exeggutor|Psychic|p1a: \ud83d\udca7WALKING SNAKE\ud83d\udca7\n|-damage|p1a: \ud83d\udca7WALKING SNAKE\ud83d\udca7|0 fnt\n|faint|p1a: \ud83d\udca7WALKING SNAKE\ud83d\udca7\n|-end|p1a: \ud83d\udca7WALKING SNAKE\ud83d\udca7|Protosynthesis|[silent]\n|\n|upkeep\n|\n|t:|1699945804\n|switch|p1a: \ud83d\udca7KELDEO\ud83d\udca7|Keldeo-Resolute|100\/100\n|-damage|p1a: \ud83d\udca7KELDEO\ud83d\udca7|94\/100|[from] Stealth Rock\n|turn|13\n|\n|t:|1699945812\n|move|p2a: Exeggutor|Protect|p2a: Exeggutor\n|-singleturn|p2a: Exeggutor|Protect\n|move|p1a: \ud83d\udca7KELDEO\ud83d\udca7|Secret Sword|p2a: Exeggutor\n|-activate|p2a: Exeggutor|move: Protect\n|\n|-item|p2a: Exeggutor|Sitrus Berry|[from] ability: Harvest\n|upkeep\n|-enditem|p2a: Exeggutor|Sitrus Berry|[eat]\n|-heal|p2a: Exeggutor|43\/100|[from] item: Sitrus Berry\n|turn|14\n|\n|t:|1699945833\n|switch|p2a: Arcanine|Arcanine-Hisui, M|100\/100\n|-ability|p2a: Arcanine|Intimidate|boost\n|-unboost|p1a: \ud83d\udca7KELDEO\ud83d\udca7|atk|1\n|move|p1a: \ud83d\udca7KELDEO\ud83d\udca7|Surf|p2a: Arcanine\n|-supereffective|p2a: Arcanine\n|-damage|p2a: Arcanine|0 fnt\n|faint|p2a: Arcanine\n|\n|upkeep\n|\n|t:|1699945842\n|switch|p2a: Exeggutor|Exeggutor, M|43\/100\n|turn|15\n|\n|t:|1699945851\n|move|p1a: \ud83d\udca7KELDEO\ud83d\udca7|Secret Sword|p2a: Exeggutor\n|-resisted|p2a: Exeggutor\n|-damage|p2a: Exeggutor|24\/100\n|move|p2a: Exeggutor|Leech Seed|p1a: \ud83d\udca7KELDEO\ud83d\udca7\n|-start|p1a: \ud83d\udca7KELDEO\ud83d\udca7|move: Leech Seed\n|\n|-damage|p1a: \ud83d\udca7KELDEO\ud83d\udca7|82\/100|[from] Leech Seed|[of] p2a: Exeggutor\n|-heal|p2a: Exeggutor|34\/100|[silent]\n|upkeep\n|turn|16\n|\n|t:|1699945872\n|move|p1a: \ud83d\udca7KELDEO\ud83d\udca7|Scald|p2a: Exeggutor\n|-resisted|p2a: Exeggutor\n|-damage|p2a: Exeggutor|5\/100\n|move|p2a: Exeggutor|Sleep Powder|p1a: \ud83d\udca7KELDEO\ud83d\udca7\n|-status|p1a: \ud83d\udca7KELDEO\ud83d\udca7|slp|[from] move: Sleep Powder\n|\n|-damage|p1a: \ud83d\udca7KELDEO\ud83d\udca7|70\/100 slp|[from] Leech Seed|[of] p2a: Exeggutor\n|-heal|p2a: Exeggutor|15\/100|[silent]\n|-item|p2a: Exeggutor|Sitrus Berry|[from] ability: Harvest\n|upkeep\n|-enditem|p2a: Exeggutor|Sitrus Berry|[eat]\n|-heal|p2a: Exeggutor|40\/100|[from] item: Sitrus Berry\n|turn|17\n|inactive|HYDRO-MODE\ufe0f\ufe0f\ufe0f\u267e\ufe0f has 120 seconds left.\n|\n|t:|1699945888\n|switch|p1a: \ud83d\udca7FLOATZEL\ud83d\udca7\ud83c\udf27|Floatzel, M, shiny|42\/100\n|-damage|p1a: \ud83d\udca7FLOATZEL\ud83d\udca7\ud83c\udf27|30\/100|[from] Stealth Rock\n|move|p2a: Exeggutor|Protect||[still]\n|-fail|p2a: Exeggutor\n|\n|upkeep\n|turn|18\n|\n|t:|1699945900\n|switch|p2a: Floatzel|Floatzel, M|100\/100\n|move|p1a: \ud83d\udca7FLOATZEL\ud83d\udca7\ud83c\udf27|Rain Dance|p1a: \ud83d\udca7FLOATZEL\ud83d\udca7\ud83c\udf27\n|-weather|RainDance\n|\n|-weather|RainDance|[upkeep]\n|upkeep\n|turn|19\n|\n|t:|1699945908\n|move|p1a: \ud83d\udca7FLOATZEL\ud83d\udca7\ud83c\udf27|Wave Crash|p2a: Floatzel\n|-resisted|p2a: Floatzel\n|-damage|p2a: Floatzel|24\/100\n|-damage|p1a: \ud83d\udca7FLOATZEL\ud83d\udca7\ud83c\udf27|5\/100|[from] Recoil\n|move|p2a: Floatzel|Liquidation|p1a: \ud83d\udca7FLOATZEL\ud83d\udca7\ud83c\udf27\n|-resisted|p1a: \ud83d\udca7FLOATZEL\ud83d\udca7\ud83c\udf27\n|-damage|p1a: \ud83d\udca7FLOATZEL\ud83d\udca7\ud83c\udf27|0 fnt\n|faint|p1a: \ud83d\udca7FLOATZEL\ud83d\udca7\ud83c\udf27\n|-damage|p2a: Floatzel|14\/100|[from] item: Life Orb\n|\n|-weather|RainDance|[upkeep]\n|upkeep\n|inactive|HYDRO-MODE\ufe0f\ufe0f\ufe0f\u267e\ufe0f has 120 seconds left.\n|\n|t:|1699945926\n|switch|p1a: \ud83d\udca7SAMUROTT\ud83d\udca7|Samurott, M|100\/100\n|-damage|p1a: \ud83d\udca7SAMUROTT\ud83d\udca7|88\/100|[from] Stealth Rock\n|turn|20\n|\n|t:|1699945932\n|move|p1a: \ud83d\udca7SAMUROTT\ud83d\udca7|Aqua Jet|p2a: Floatzel\n|-resisted|p2a: Floatzel\n|-damage|p2a: Floatzel|0 fnt\n|faint|p2a: Floatzel\n|\n|-weather|RainDance|[upkeep]\n|upkeep\n|\n|t:|1699945939\n|switch|p2a: Exeggutor|Exeggutor, M|40\/100\n|turn|21\n|\n|t:|1699945944\n|move|p1a: \ud83d\udca7SAMUROTT\ud83d\udca7|Hydro Cannon|p2a: Exeggutor\n|-resisted|p2a: Exeggutor\n|-damage|p2a: Exeggutor|0 fnt\n|-mustrecharge|p1a: \ud83d\udca7SAMUROTT\ud83d\udca7\n|faint|p2a: Exeggutor\n|\n|win|HYDRO-MODE\ufe0f\ufe0f\ufe0f\u267e\ufe0f\n|raw|HYDRO-MODE\ufe0f\ufe0f\ufe0f\u267e\ufe0f's rating: 1106 &rarr; <strong>1133<\/strong><br \/>(+27 for winning)\n|raw|Pollylopy's rating: 1136 &rarr; <strong>1109<\/strong><br \/>(-27 for losing)\n|l|\u2606Pollylopy\n","uploadtime":1699946170,"views":7,"p1id":"hydromode","p2id":"pollylopy","formatid":"gen9nationaldexubers","rating":1109,"private":0,"password":""}