{"id":"gen9nationaldexubers-1984145658","p1":"Boyca","p2":"georgefable1","format":"[Gen 9] National Dex Ubers","log":"|j|\u2606Boyca\n|j|\u2606georgefable1\n|t:|1699223447\n|gametype|singles\n|player|p1|Boyca|li|\n|player|p2|georgefable1|169|\n|teamsize|p1|4\n|teamsize|p2|4\n|gen|9\n|tier|[Gen 9] National Dex Ubers\n|rule|HP Percentage Mod: HP is shown in percentages\n|rule|Endless Battle Clause: Forcing endless battles is banned\n|rule|OHKO Clause: OHKO moves are banned\n|rule|Evasion Moves Clause: Evasion moves are banned\n|rule|Evasion Items Clause: Evasion items are banned\n|rule|Species Clause: Limit one of each Pok\u00e9mon\n|rule|Sleep Clause Mod: Limit one foe put to sleep\n|rule|Mega Rayquaza Clause: You cannot mega evolve Rayquaza\n|clearpoke\n|poke|p1|Victini|\n|poke|p1|Trevenant, F|\n|poke|p1|Wo-Chien|\n|poke|p1|Bellossom, F|\n|poke|p2|Sceptile, F|\n|poke|p2|Mienshao, F|\n|poke|p2|Gardevoir, F|\n|poke|p2|Infernape, F|\n|teampreview\n|c|\u2606Boyca|gl\n|\n|t:|1699223464\n|start\n|switch|p1a: SHUT UP AND DANCE|Bellossom, F|100\/100\n|switch|p2a: RevolvingDoor|Mienshao, F|100\/100\n|turn|1\n|\n|t:|1699223473\n|move|p2a: RevolvingDoor|U-turn|p1a: SHUT UP AND DANCE\n|-supereffective|p1a: SHUT UP AND DANCE\n|-damage|p1a: SHUT UP AND DANCE|37\/100\n|\n|t:|1699223476\n|switch|p2a: Better Blaziken|Infernape, F|100\/100|[from] U-turn\n|move|p1a: SHUT UP AND DANCE|Quiver Dance|p1a: SHUT UP AND DANCE\n|-boost|p1a: SHUT UP AND DANCE|spa|1\n|-boost|p1a: SHUT UP AND DANCE|spd|1\n|-boost|p1a: SHUT UP AND DANCE|spe|1\n|\n|upkeep\n|turn|2\n|\n|t:|1699223485\n|move|p2a: Better Blaziken|Fire Blast|p1a: SHUT UP AND DANCE\n|-supereffective|p1a: SHUT UP AND DANCE\n|-damage|p1a: SHUT UP AND DANCE|0 fnt\n|faint|p1a: SHUT UP AND DANCE\n|-damage|p2a: Better Blaziken|91\/100|[from] item: Life Orb\n|\n|upkeep\n|\n|t:|1699223488\n|switch|p1a: Victorious(2010)|Victini|100\/100\n|turn|3\n|\n|t:|1699223504\n|switch|p2a: gal-'ade|Gardevoir, F|100\/100\n|-ability|p2a: gal-'ade|Victory Star|[from] ability: Trace|[of] p1a: Victorious(2010)\n|move|p1a: Victorious(2010)|V-create|p2a: gal-'ade\n|-damage|p2a: gal-'ade|0 fnt\n|-unboost|p1a: Victorious(2010)|spe|1\n|-unboost|p1a: Victorious(2010)|def|1\n|-unboost|p1a: Victorious(2010)|spd|1\n|faint|p2a: gal-'ade\n|\n|upkeep\n|c|\u2606georgefable1|fuck\n|\n|t:|1699223521\n|switch|p2a: RevolvingDoor|Mienshao, F|100\/100\n|turn|4\n|\n|t:|1699223532\n|switch|p1a: liveWo-Chienreact|Wo-Chien|100\/100\n|-ability|p1a: liveWo-Chienreact|Tablets of Ruin\n|move|p2a: RevolvingDoor|Knock Off|p1a: liveWo-Chienreact\n|-resisted|p1a: liveWo-Chienreact\n|-damage|p1a: liveWo-Chienreact|90\/100\n|-enditem|p1a: liveWo-Chienreact|Leftovers|[from] move: Knock Off|[of] p2a: RevolvingDoor\n|\n|upkeep\n|turn|5\n|\n|t:|1699223547\n|move|p2a: RevolvingDoor|U-turn|p1a: liveWo-Chienreact\n|-supereffective|p1a: liveWo-Chienreact\n|-damage|p1a: liveWo-Chienreact|22\/100\n|\n|t:|1699223549\n|switch|p2a: Better Blaziken|Infernape, F|91\/100|[from] U-turn\n|move|p1a: liveWo-Chienreact|Substitute|p1a: liveWo-Chienreact\n|-fail|p1a: liveWo-Chienreact|move: Substitute|[weak]\n|\n|upkeep\n|turn|6\n|\n|t:|1699223558\n|move|p2a: Better Blaziken|Fire Blast|p1a: liveWo-Chienreact\n|-supereffective|p1a: liveWo-Chienreact\n|-damage|p1a: liveWo-Chienreact|0 fnt\n|faint|p1a: liveWo-Chienreact\n|-damage|p2a: Better Blaziken|81\/100|[from] item: Life Orb\n|\n|upkeep\n|\n|t:|1699223561\n|switch|p1a: Victorious(2010)|Victini|100\/100\n|turn|7\n|\n|t:|1699223600\n|move|p2a: Better Blaziken|Thunder Punch|p1a: Victorious(2010)\n|-damage|p1a: Victorious(2010)|71\/100\n|-damage|p2a: Better Blaziken|71\/100|[from] item: Life Orb\n|move|p1a: Victorious(2010)|Zen Headbutt|p2a: Better Blaziken\n|-supereffective|p2a: Better Blaziken\n|-damage|p2a: Better Blaziken|0 fnt\n|faint|p2a: Better Blaziken\n|\n|upkeep\n|\n|t:|1699223614\n|switch|p2a: RevolvingDoor|Mienshao, F|100\/100\n|turn|8\n|\n|t:|1699223629\n|move|p2a: RevolvingDoor|Knock Off|p1a: Victorious(2010)\n|-supereffective|p1a: Victorious(2010)\n|-damage|p1a: Victorious(2010)|5\/100\n|-enditem|p1a: Victorious(2010)|Assault Vest|[from] move: Knock Off|[of] p2a: RevolvingDoor\n|move|p1a: Victorious(2010)|Zen Headbutt|p2a: RevolvingDoor\n|-supereffective|p2a: RevolvingDoor\n|-damage|p2a: RevolvingDoor|0 fnt\n|faint|p2a: RevolvingDoor\n|\n|upkeep\n|c|\u2606georgefable1|fuckkkkkkkkk\n|\n|t:|1699223637\n|switch|p2a: green with envy|Sceptile, F|100\/100\n|turn|9\n|\n|t:|1699223644\n|move|p2a: green with envy|Nature Power|p1a: Victorious(2010)\n|move|p2a: green with envy|Tri Attack|p1a: Victorious(2010)|[from]move: Nature Power\n|-damage|p1a: Victorious(2010)|0 fnt\n|faint|p1a: Victorious(2010)\n|\n|upkeep\n|\n|t:|1699223652\n|switch|p1a: Halloween Special|Trevenant, F|100\/100\n|turn|10\n|c|\u2606georgefable1|oh no\n|c|\u2606georgefable1|oh im fucked\n|\n|t:|1699223673\n|move|p2a: green with envy|Nature Power|p1a: Halloween Special\n|move|p2a: green with envy|Tri Attack|p1a: Halloween Special|[from]move: Nature Power\n|-immune|p1a: Halloween Special\n|move|p1a: Halloween Special|Poltergeist|p2a: green with envy\n|-activate|p2a: green with envy|move: Poltergeist|Choice Specs\n|-damage|p2a: green with envy|17\/100\n|\n|upkeep\n|turn|11\n|c|\u2606georgefable1|fuck\n|c|\u2606georgefable1|fuck\n|c|\u2606georgefable1|fuck\n|\n|t:|1699223681\n|move|p2a: green with envy|Nature Power|p1a: Halloween Special\n|move|p2a: green with envy|Tri Attack|p1a: Halloween Special|[from]move: Nature Power\n|-immune|p1a: Halloween Special\n|move|p1a: Halloween Special|Poltergeist|p2a: green with envy\n|-activate|p2a: green with envy|move: Poltergeist|Choice Specs\n|-damage|p2a: green with envy|0 fnt\n|faint|p2a: green with envy\n|\n|win|Boyca\n|c|\u2606georgefable1|gg\n|c|\u2606Boyca|gg\n|c|\u2606Boyca|exciting, it's sudden desth now\n","uploadtime":1699223700,"views":5,"p1id":"boyca","p2id":"georgefable1","formatid":"gen9nationaldexubers","rating":0,"private":0,"password":""}