{"id":"gen9nationaldexubers-1988071608","p1":"Big round man","p2":"slvmpxo","format":"[Gen 9] National Dex Ubers","log":"|j|\u2606Big round man\n|j|\u2606slvmpxo\n|t:|1699666050\n|gametype|singles\n|player|p1|Big round man|crasherwake|1309\n|player|p2|slvmpxo|psychicf-gen4|1396\n|teamsize|p1|6\n|teamsize|p2|6\n|gen|9\n|tier|[Gen 9] National Dex Ubers\n|rated|\n|rule|HP Percentage Mod: HP is shown in percentages\n|rule|Endless Battle Clause: Forcing endless battles is banned\n|rule|OHKO Clause: OHKO moves are banned\n|rule|Evasion Moves Clause: Evasion moves are banned\n|rule|Evasion Items Clause: Evasion items are banned\n|rule|Species Clause: Limit one of each Pok\u00e9mon\n|rule|Sleep Clause Mod: Limit one foe put to sleep\n|rule|Mega Rayquaza Clause: You cannot mega evolve Rayquaza\n|clearpoke\n|poke|p1|Victini|\n|poke|p1|Marshadow|\n|poke|p1|Shaymin|\n|poke|p1|Jirachi|\n|poke|p1|Diancie|\n|poke|p1|Deoxys-Defense|\n|poke|p2|Landorus-Therian, M|\n|poke|p2|Xurkitree|\n|poke|p2|Sneasler, M|\n|poke|p2|Kyurem-White|\n|poke|p2|Groudon|\n|poke|p2|Melmetal|\n|teampreview\n|inactive|Battle timer is ON: inactive players will automatically lose when time's up. (requested by slvmpxo)\n|c|\u2606Big round man|glhf\n|c|\u2606slvmpxo|glhf\n|\n|t:|1699666064\n|start\n|switch|p1a: Deoxys|Deoxys-Defense|100\/100\n|switch|p2a: Melmetal|Melmetal, shiny|100\/100\n|-ability|p1a: Deoxys|Pressure\n|turn|1\n|\n|t:|1699666071\n|move|p1a: Deoxys|Power-Up Punch|p2a: Melmetal\n|-supereffective|p2a: Melmetal\n|-damage|p2a: Melmetal|92\/100\n|-boost|p1a: Deoxys|atk|1\n|move|p2a: Melmetal|Double Iron Bash|p1a: Deoxys\n|-damage|p1a: Deoxys|73\/100\n|-damage|p1a: Deoxys|46\/100\n|-hitcount|p1a: Deoxys|2\n|\n|-heal|p1a: Deoxys|52\/100|[from] item: Leftovers\n|upkeep\n|turn|2\n|\n|t:|1699666089\n|move|p1a: Deoxys|Recover|p1a: Deoxys\n|-heal|p1a: Deoxys|100\/100\n|move|p2a: Melmetal|Double Iron Bash|p1a: Deoxys\n|-damage|p1a: Deoxys|71\/100\n|-damage|p1a: Deoxys|43\/100\n|-hitcount|p1a: Deoxys|2\n|\n|-heal|p1a: Deoxys|49\/100|[from] item: Leftovers\n|upkeep\n|turn|3\n|\n|t:|1699666096\n|move|p1a: Deoxys|Recover|p1a: Deoxys\n|-heal|p1a: Deoxys|99\/100\n|move|p2a: Melmetal|Double Iron Bash|p1a: Deoxys\n|-damage|p1a: Deoxys|71\/100\n|-damage|p1a: Deoxys|45\/100\n|-hitcount|p1a: Deoxys|2\n|\n|-heal|p1a: Deoxys|51\/100|[from] item: Leftovers\n|upkeep\n|turn|4\n|inactive|slvmpxo has 120 seconds left.\n|\n|t:|1699666144\n|switch|p2a: Sneasler|Sneasler, M|100\/100\n|move|p1a: Deoxys|Recover|p1a: Deoxys\n|-heal|p1a: Deoxys|100\/100\n|\n|upkeep\n|turn|5\n|\n|t:|1699666149\n|move|p2a: Sneasler|Swords Dance|p2a: Sneasler\n|-boost|p2a: Sneasler|atk|2\n|move|p1a: Deoxys|Knock Off|p2a: Sneasler\n|-resisted|p2a: Sneasler\n|-damage|p2a: Sneasler|79\/100\n|-enditem|p2a: Sneasler|Focus Sash|[from] move: Knock Off|[of] p1a: Deoxys\n|\n|upkeep\n|turn|6\n|\n|t:|1699666162\n|move|p2a: Sneasler|Night Slash|p1a: Deoxys\n|-supereffective|p1a: Deoxys\n|-damage|p1a: Deoxys|27\/100\n|move|p1a: Deoxys|Night Shade|p2a: Sneasler\n|-damage|p2a: Sneasler|45\/100\n|\n|-heal|p1a: Deoxys|33\/100|[from] item: Leftovers\n|upkeep\n|turn|7\n|inactive|slvmpxo has 120 seconds left.\n|\n|t:|1699666170\n|switch|p1a: Diancie|Diancie|100\/100\n|move|p2a: Sneasler|Night Slash|p1a: Diancie\n|-resisted|p1a: Diancie\n|-damage|p1a: Diancie|84\/100\n|\n|upkeep\n|turn|8\n|\n|t:|1699666177\n|move|p2a: Sneasler|Close Combat|p1a: Diancie\n|-damage|p1a: Diancie|4\/100\n|-unboost|p2a: Sneasler|def|1\n|-unboost|p2a: Sneasler|spd|1\n|move|p1a: Diancie|Diamond Storm|p2a: Sneasler\n|-resisted|p2a: Sneasler\n|-damage|p2a: Sneasler|0 fnt\n|faint|p2a: Sneasler\n|\n|upkeep\n|\n|t:|1699666187\n|switch|p2a: Landorus|Landorus-Therian, M|100\/100\n|-ability|p2a: Landorus|Intimidate|boost\n|-fail|p1a: Diancie|unboost|[from] ability: Clear Body|[of] p1a: Diancie\n|turn|9\n|\n|t:|1699666191\n|move|p2a: Landorus|Stealth Rock|p1a: Diancie\n|-sidestart|p1: Big round man|move: Stealth Rock\n|move|p1a: Diancie|Diamond Storm|p2a: Landorus\n|-damage|p2a: Landorus|73\/100\n|-boost|p1a: Diancie|def|2\n|\n|-heal|p2a: Landorus|80\/100|[from] item: Leftovers\n|upkeep\n|turn|10\n|\n|t:|1699666198\n|move|p2a: Landorus|Earth Power|p1a: Diancie\n|-supereffective|p1a: Diancie\n|-damage|p1a: Diancie|0 fnt\n|faint|p1a: Diancie\n|\n|-heal|p2a: Landorus|86\/100|[from] item: Leftovers\n|upkeep\n|\n|t:|1699666204\n|switch|p1a: Victini|Victini|100\/100\n|-damage|p1a: Victini|75\/100|[from] Stealth Rock\n|turn|11\n|\n|t:|1699666215\n|move|p1a: Victini|Trick|p2a: Landorus\n|-activate|p1a: Victini|move: Trick|[of] p2a: Landorus\n|-item|p2a: Landorus|Choice Scarf|[from] move: Trick\n|-item|p1a: Victini|Leftovers|[from] move: Trick\n|move|p2a: Landorus|Earth Power|p1a: Victini\n|-supereffective|p1a: Victini\n|-damage|p1a: Victini|19\/100\n|\n|-heal|p1a: Victini|25\/100|[from] item: Leftovers\n|upkeep\n|turn|12\n|\n|t:|1699666223\n|switch|p1a: Shaymin|Shaymin|100\/100\n|-damage|p1a: Shaymin|88\/100|[from] Stealth Rock\n|move|p2a: Landorus|Earth Power|p1a: Shaymin\n|-resisted|p1a: Shaymin\n|-damage|p1a: Shaymin|77\/100\n|\n|-heal|p1a: Shaymin|84\/100|[from] item: Leftovers\n|upkeep\n|turn|13\n|\n|t:|1699666235\n|switch|p2a: Groudon|Groudon, shiny|100\/100\n|detailschange|p2a: Groudon|Groudon-Primal, shiny\n|-primal|p2a: Groudon|Red Orb\n|-weather|DesolateLand|[from] ability: Desolate Land|[of] p2a: Groudon\n|move|p1a: Shaymin|Leech Seed|p2a: Groudon\n|-start|p2a: Groudon|move: Leech Seed\n|\n|-weather|DesolateLand|[upkeep]\n|-heal|p1a: Shaymin|90\/100|[from] item: Leftovers\n|-damage|p2a: Groudon|88\/100|[from] Leech Seed|[of] p1a: Shaymin\n|-heal|p1a: Shaymin|99\/100|[silent]\n|upkeep\n|turn|14\n|\n|t:|1699666244\n|move|p1a: Shaymin|Protect|p1a: Shaymin\n|-singleturn|p1a: Shaymin|Protect\n|move|p2a: Groudon|Fire Punch|p1a: Shaymin\n|-activate|p1a: Shaymin|move: Protect\n|\n|-weather|DesolateLand|[upkeep]\n|-heal|p1a: Shaymin|100\/100|[from] item: Leftovers\n|-damage|p2a: Groudon|76\/100|[from] Leech Seed|[of] p1a: Shaymin\n|upkeep\n|turn|15\n|\n|t:|1699666253\n|move|p2a: Groudon|Precipice Blades|p1a: Shaymin\n|-resisted|p1a: Shaymin\n|-damage|p1a: Shaymin|68\/100\n|move|p1a: Shaymin|Toxic|p2a: Groudon\n|-status|p2a: Groudon|tox\n|\n|-weather|DesolateLand|[upkeep]\n|-heal|p1a: Shaymin|74\/100|[from] item: Leftovers\n|-damage|p2a: Groudon|64\/100 tox|[from] Leech Seed|[of] p1a: Shaymin\n|-heal|p1a: Shaymin|85\/100|[silent]\n|-damage|p2a: Groudon|57\/100 tox|[from] psn\n|upkeep\n|turn|16\n|\n|t:|1699666264\n|-weather|none\n|switch|p2a: Melmetal|Melmetal, shiny|92\/100\n|move|p1a: Shaymin|Protect||[still]\n|-fail|p1a: Shaymin\n|\n|-heal|p1a: Shaymin|91\/100|[from] item: Leftovers\n|upkeep\n|turn|17\n|\n|t:|1699666271\n|move|p1a: Shaymin|Leech Seed|p2a: Melmetal|[miss]\n|-miss|p1a: Shaymin|p2a: Melmetal\n|move|p2a: Melmetal|Ice Punch|p1a: Shaymin\n|-supereffective|p1a: Shaymin\n|-damage|p1a: Shaymin|39\/100\n|\n|-heal|p1a: Shaymin|46\/100|[from] item: Leftovers\n|upkeep\n|turn|18\n|\n|t:|1699666278\n|move|p1a: Shaymin|Synthesis|p1a: Shaymin\n|-heal|p1a: Shaymin|96\/100\n|move|p2a: Melmetal|Ice Punch|p1a: Shaymin\n|-supereffective|p1a: Shaymin\n|-damage|p1a: Shaymin|44\/100\n|\n|-heal|p1a: Shaymin|50\/100|[from] item: Leftovers\n|upkeep\n|turn|19\n|\n|t:|1699666285\n|move|p1a: Shaymin|Protect|p1a: Shaymin\n|-singleturn|p1a: Shaymin|Protect\n|move|p2a: Melmetal|Ice Punch|p1a: Shaymin\n|-activate|p1a: Shaymin|move: Protect\n|\n|-heal|p1a: Shaymin|56\/100|[from] item: Leftovers\n|upkeep\n|turn|20\n|\n|t:|1699666292\n|move|p1a: Shaymin|Leech Seed|p2a: Melmetal\n|-start|p2a: Melmetal|move: Leech Seed\n|move|p2a: Melmetal|Ice Punch|p1a: Shaymin\n|-supereffective|p1a: Shaymin\n|-damage|p1a: Shaymin|1\/100\n|\n|-heal|p1a: Shaymin|8\/100|[from] item: Leftovers\n|-damage|p2a: Melmetal|80\/100|[from] Leech Seed|[of] p1a: Shaymin\n|-heal|p1a: Shaymin|21\/100|[silent]\n|upkeep\n|turn|21\n|\n|t:|1699666300\n|move|p1a: Shaymin|Synthesis|p1a: Shaymin\n|-heal|p1a: Shaymin|71\/100\n|move|p2a: Melmetal|Ice Punch|p1a: Shaymin\n|-supereffective|p1a: Shaymin\n|-damage|p1a: Shaymin|18\/100\n|\n|-heal|p1a: Shaymin|25\/100|[from] item: Leftovers\n|-damage|p2a: Melmetal|67\/100|[from] Leech Seed|[of] p1a: Shaymin\n|-heal|p1a: Shaymin|38\/100|[silent]\n|upkeep\n|turn|22\n|\n|t:|1699666312\n|switch|p2a: Landorus|Landorus-Therian, M|86\/100\n|-ability|p2a: Landorus|Intimidate|boost\n|-unboost|p1a: Shaymin|atk|1\n|move|p1a: Shaymin|Protect||[still]\n|-fail|p1a: Shaymin\n|\n|-heal|p1a: Shaymin|44\/100|[from] item: Leftovers\n|upkeep\n|turn|23\n|\n|t:|1699666319\n|switch|p1a: Deoxys|Deoxys-Defense|33\/100\n|-damage|p1a: Deoxys|20\/100|[from] Stealth Rock\n|-ability|p1a: Deoxys|Pressure\n|move|p2a: Landorus|Toxic|p1a: Deoxys\n|-status|p1a: Deoxys|tox\n|\n|-heal|p1a: Deoxys|26\/100 tox|[from] item: Leftovers\n|-damage|p1a: Deoxys|20\/100 tox|[from] psn\n|upkeep\n|turn|24\n|\n|t:|1699666338\n|switch|p2a: Groudon|Groudon-Primal, shiny|57\/100 tox\n|-weather|DesolateLand|[from] ability: Desolate Land|[of] p2a: Groudon\n|move|p1a: Deoxys|Recover|p1a: Deoxys\n|-heal|p1a: Deoxys|70\/100 tox\n|\n|-weather|DesolateLand|[upkeep]\n|-heal|p1a: Deoxys|76\/100 tox|[from] item: Leftovers\n|-damage|p2a: Groudon|51\/100 tox|[from] psn\n|-damage|p1a: Deoxys|65\/100 tox|[from] psn\n|upkeep\n|turn|25\n|\n|t:|1699666347\n|move|p2a: Groudon|Fire Punch|p1a: Deoxys\n|-damage|p1a: Deoxys|6\/100 tox\n|move|p1a: Deoxys|Night Shade|p2a: Groudon\n|-damage|p2a: Groudon|22\/100 tox\n|\n|-weather|DesolateLand|[upkeep]\n|-heal|p1a: Deoxys|12\/100 tox|[from] item: Leftovers\n|-damage|p2a: Groudon|10\/100 tox|[from] psn\n|-damage|p1a: Deoxys|0 fnt|[from] psn\n|faint|p1a: Deoxys\n|upkeep\n|\n|t:|1699666353\n|switch|p1a: Marshadow|Marshadow|100\/100\n|-damage|p1a: Marshadow|94\/100|[from] Stealth Rock\n|turn|26\n|\n|t:|1699666361\n|move|p1a: Marshadow|Shadow Sneak|p2a: Groudon\n|-damage|p2a: Groudon|0 fnt\n|faint|p2a: Groudon\n|-weather|none\n|\n|upkeep\n|\n|t:|1699666365\n|switch|p2a: Melmetal|Melmetal, shiny|67\/100\n|turn|27\n|\n|t:|1699666375\n|switch|p1a: Victini|Victini|25\/100\n|-damage|p1a: Victini|0 fnt|[from] Stealth Rock\n|faint|p1a: Victini\n|-terastallize|p2a: Melmetal|Flying\n|move|p2a: Melmetal|Double Iron Bash|p1: Victini|[notarget]\n|-fail|p2a: Melmetal\n|\n|upkeep\n|\n|t:|1699666378\n|switch|p1a: Jirachi|Jirachi|100\/100\n|-damage|p1a: Jirachi|94\/100|[from] Stealth Rock\n|turn|28\n|\n|t:|1699666386\n|switch|p2a: Landorus|Landorus-Therian, M|86\/100\n|-ability|p2a: Landorus|Intimidate|boost\n|-unboost|p1a: Jirachi|atk|1\n|move|p1a: Jirachi|Iron Head|p2a: Landorus\n|-damage|p2a: Landorus|68\/100\n|\n|upkeep\n|turn|29\n|\n|t:|1699666395\n|switch|p1a: Shaymin|Shaymin|44\/100\n|-damage|p1a: Shaymin|31\/100|[from] Stealth Rock\n|move|p2a: Landorus|Earth Power|p1a: Shaymin\n|-resisted|p1a: Shaymin\n|-damage|p1a: Shaymin|21\/100\n|\n|-heal|p1a: Shaymin|27\/100|[from] item: Leftovers\n|upkeep\n|turn|30\n|\n|t:|1699666404\n|switch|p2a: Melmetal|Melmetal, shiny, tera:Flying|67\/100\n|move|p1a: Shaymin|Leech Seed|p2a: Melmetal\n|-start|p2a: Melmetal|move: Leech Seed\n|\n|-heal|p1a: Shaymin|33\/100|[from] item: Leftovers\n|-damage|p2a: Melmetal|55\/100|[from] Leech Seed|[of] p1a: Shaymin\n|-heal|p1a: Shaymin|47\/100|[silent]\n|upkeep\n|turn|31\n|\n|t:|1699666415\n|switch|p2a: Landorus|Landorus-Therian, M|68\/100\n|-ability|p2a: Landorus|Intimidate|boost\n|-unboost|p1a: Shaymin|atk|1\n|move|p1a: Shaymin|Protect||[still]\n|-fail|p1a: Shaymin\n|\n|-heal|p1a: Shaymin|53\/100|[from] item: Leftovers\n|upkeep\n|turn|32\n|\n|t:|1699666424\n|switch|p1a: Jirachi|Jirachi|94\/100\n|-damage|p1a: Jirachi|88\/100|[from] Stealth Rock\n|move|p2a: Landorus|Earth Power|p1a: Jirachi\n|-supereffective|p1a: Jirachi\n|-damage|p1a: Jirachi|26\/100\n|-unboost|p1a: Jirachi|spd|1\n|\n|upkeep\n|turn|33\n|\n|t:|1699666431\n|move|p2a: Landorus|Earth Power|p1a: Jirachi\n|-supereffective|p1a: Jirachi\n|-damage|p1a: Jirachi|0 fnt\n|faint|p1a: Jirachi\n|\n|upkeep\n|\n|t:|1699666433\n|switch|p1a: Shaymin|Shaymin|53\/100\n|-damage|p1a: Shaymin|40\/100|[from] Stealth Rock\n|turn|34\n|\n|t:|1699666439\n|switch|p2a: Melmetal|Melmetal, shiny, tera:Flying|55\/100\n|move|p1a: Shaymin|Leech Seed|p2a: Melmetal|[miss]\n|-miss|p1a: Shaymin|p2a: Melmetal\n|\n|-heal|p1a: Shaymin|47\/100|[from] item: Leftovers\n|upkeep\n|turn|35\n|\n|t:|1699666446\n|move|p1a: Shaymin|Protect|p1a: Shaymin\n|-singleturn|p1a: Shaymin|Protect\n|move|p2a: Melmetal|Ice Punch|p1a: Shaymin\n|-activate|p1a: Shaymin|move: Protect\n|\n|-heal|p1a: Shaymin|53\/100|[from] item: Leftovers\n|upkeep\n|turn|36\n|\n|t:|1699666453\n|switch|p2a: Landorus|Landorus-Therian, M|68\/100\n|-ability|p2a: Landorus|Intimidate|boost\n|-unboost|p1a: Shaymin|atk|1\n|move|p1a: Shaymin|Leech Seed|p2a: Landorus\n|-start|p2a: Landorus|move: Leech Seed\n|\n|-heal|p1a: Shaymin|59\/100|[from] item: Leftovers\n|-damage|p2a: Landorus|56\/100|[from] Leech Seed|[of] p1a: Shaymin\n|-heal|p1a: Shaymin|71\/100|[silent]\n|upkeep\n|turn|37\n|\n|t:|1699666462\n|move|p1a: Shaymin|Protect|p1a: Shaymin\n|-singleturn|p1a: Shaymin|Protect\n|move|p2a: Landorus|Toxic|p1a: Shaymin\n|-activate|p1a: Shaymin|move: Protect\n|\n|-heal|p1a: Shaymin|77\/100|[from] item: Leftovers\n|-damage|p2a: Landorus|43\/100|[from] Leech Seed|[of] p1a: Shaymin\n|-heal|p1a: Shaymin|88\/100|[silent]\n|upkeep\n|turn|38\n|\n|t:|1699666469\n|move|p2a: Landorus|Toxic|p1a: Shaymin\n|-status|p1a: Shaymin|tox\n|move|p1a: Shaymin|Toxic|p2a: Landorus\n|-status|p2a: Landorus|tox\n|\n|-heal|p1a: Shaymin|95\/100 tox|[from] item: Leftovers\n|-damage|p2a: Landorus|31\/100 tox|[from] Leech Seed|[of] p1a: Shaymin\n|-heal|p1a: Shaymin|100\/100 tox|[silent]\n|-damage|p2a: Landorus|25\/100 tox|[from] psn\n|-damage|p1a: Shaymin|94\/100 tox|[from] psn\n|upkeep\n|turn|39\n|\n|t:|1699666486\n|switch|p2a: Xurkitree|Xurkitree|100\/100\n|move|p1a: Shaymin|Leech Seed|p2a: Xurkitree\n|-start|p2a: Xurkitree|move: Leech Seed\n|\n|-heal|p1a: Shaymin|100\/100 tox|[from] item: Leftovers\n|-damage|p2a: Xurkitree|88\/100|[from] Leech Seed|[of] p1a: Shaymin\n|-damage|p1a: Shaymin|88\/100 tox|[from] psn\n|upkeep\n|turn|40\n|\n|t:|1699666494\n|move|p2a: Xurkitree|Tail Glow|p2a: Xurkitree\n|-boost|p2a: Xurkitree|spa|3\n|move|p1a: Shaymin|Toxic|p2a: Xurkitree\n|-status|p2a: Xurkitree|tox\n|\n|-heal|p1a: Shaymin|94\/100 tox|[from] item: Leftovers\n|-damage|p2a: Xurkitree|76\/100 tox|[from] Leech Seed|[of] p1a: Shaymin\n|-heal|p1a: Shaymin|100\/100 tox|[silent]\n|-damage|p2a: Xurkitree|70\/100 tox|[from] psn\n|-damage|p1a: Shaymin|82\/100 tox|[from] psn\n|upkeep\n|turn|41\n|\n|t:|1699666502\n|move|p1a: Shaymin|Protect|p1a: Shaymin\n|-singleturn|p1a: Shaymin|Protect\n|move|p2a: Xurkitree|Tail Glow|p2a: Xurkitree\n|-boost|p2a: Xurkitree|spa|3\n|\n|-heal|p1a: Shaymin|88\/100 tox|[from] item: Leftovers\n|-damage|p2a: Xurkitree|57\/100 tox|[from] Leech Seed|[of] p1a: Shaymin\n|-heal|p1a: Shaymin|98\/100 tox|[silent]\n|-damage|p2a: Xurkitree|45\/100 tox|[from] psn\n|-damage|p1a: Shaymin|73\/100 tox|[from] psn\n|upkeep\n|turn|42\n|\n|t:|1699666512\n|-curestatus|p1a: Shaymin|tox|[from] ability: Natural Cure\n|switch|p1a: Marshadow|Marshadow|94\/100\n|-damage|p1a: Marshadow|88\/100|[from] Stealth Rock\n|move|p2a: Xurkitree|Volt Switch|p1a: Marshadow\n|-damage|p1a: Marshadow|0 fnt\n|faint|p1a: Marshadow\n|\n|t:|1699666525\n|switch|p2a: Kyurem|Kyurem-White, shiny|100\/100|[from] Volt Switch\n|-ability|p2a: Kyurem|Turboblaze\n|\n|upkeep\n|\n|t:|1699666527\n|switch|p1a: Shaymin|Shaymin|73\/100\n|-damage|p1a: Shaymin|60\/100|[from] Stealth Rock\n|turn|43\n|\n|t:|1699666532\n|-terastallize|p1a: Shaymin|Poison\n|move|p2a: Kyurem|Freeze-Dry|p1a: Shaymin\n|-damage|p1a: Shaymin|28\/100\n|move|p1a: Shaymin|Leech Seed|p2a: Kyurem\n|-start|p2a: Kyurem|move: Leech Seed\n|\n|-heal|p1a: Shaymin|35\/100|[from] item: Leftovers\n|-damage|p2a: Kyurem|88\/100|[from] Leech Seed|[of] p1a: Shaymin\n|-heal|p1a: Shaymin|47\/100|[silent]\n|upkeep\n|turn|44\n|\n|t:|1699666543\n|switch|p2a: Xurkitree|Xurkitree|45\/100 tox\n|move|p1a: Shaymin|Synthesis|p1a: Shaymin\n|-heal|p1a: Shaymin|97\/100\n|\n|-heal|p1a: Shaymin|100\/100|[from] item: Leftovers\n|-damage|p2a: Xurkitree|39\/100 tox|[from] psn\n|upkeep\n|turn|45\n|\n|t:|1699666550\n|move|p2a: Xurkitree|Tail Glow|p2a: Xurkitree\n|-boost|p2a: Xurkitree|spa|3\n|move|p1a: Shaymin|Leech Seed|p2a: Xurkitree\n|-start|p2a: Xurkitree|move: Leech Seed\n|\n|-damage|p2a: Xurkitree|26\/100 tox|[from] Leech Seed|[of] p1a: Shaymin\n|-damage|p2a: Xurkitree|14\/100 tox|[from] psn\n|upkeep\n|turn|46\n|\n|t:|1699666556\n|move|p1a: Shaymin|Protect|p1a: Shaymin\n|-singleturn|p1a: Shaymin|Protect\n|move|p2a: Xurkitree|Volt Switch|p1a: Shaymin\n|-activate|p1a: Shaymin|move: Protect\n|\n|-damage|p2a: Xurkitree|1\/100 tox|[from] Leech Seed|[of] p1a: Shaymin\n|-damage|p2a: Xurkitree|0 fnt|[from] psn\n|faint|p2a: Xurkitree\n|upkeep\n|\n|t:|1699666574\n|switch|p2a: Landorus|Landorus-Therian, M|25\/100 tox\n|-ability|p2a: Landorus|Intimidate|boost\n|-unboost|p1a: Shaymin|atk|1\n|turn|47\n|\n|t:|1699666593\n|move|p2a: Landorus|Earth Power|p1a: Shaymin\n|-supereffective|p1a: Shaymin\n|-damage|p1a: Shaymin|54\/100\n|move|p1a: Shaymin|Leech Seed|p2a: Landorus\n|-start|p2a: Landorus|move: Leech Seed\n|\n|-heal|p1a: Shaymin|60\/100|[from] item: Leftovers\n|-damage|p2a: Landorus|13\/100 tox|[from] Leech Seed|[of] p1a: Shaymin\n|-heal|p1a: Shaymin|72\/100|[silent]\n|-damage|p2a: Landorus|7\/100 tox|[from] psn\n|upkeep\n|turn|48\n|\n|t:|1699666603\n|move|p1a: Shaymin|Protect|p1a: Shaymin\n|-singleturn|p1a: Shaymin|Protect\n|move|p2a: Landorus|Earth Power|p1a: Shaymin\n|-activate|p1a: Shaymin|move: Protect\n|\n|-heal|p1a: Shaymin|78\/100|[from] item: Leftovers\n|-damage|p2a: Landorus|0 fnt|[from] Leech Seed|[of] p1a: Shaymin\n|-heal|p1a: Shaymin|84\/100|[silent]\n|faint|p2a: Landorus\n|upkeep\n|\n|t:|1699666615\n|switch|p2a: Kyurem|Kyurem-White, shiny|88\/100\n|-ability|p2a: Kyurem|Turboblaze\n|turn|49\n|\n|t:|1699666621\n|move|p2a: Kyurem|Draco Meteor|p1a: Shaymin\n|-damage|p1a: Shaymin|28\/100\n|-unboost|p2a: Kyurem|spa|2\n|move|p1a: Shaymin|Toxic|p2a: Kyurem\n|-status|p2a: Kyurem|tox\n|\n|-heal|p1a: Shaymin|35\/100|[from] item: Leftovers\n|-damage|p2a: Kyurem|82\/100 tox|[from] psn\n|upkeep\n|turn|50\n|\n|t:|1699666630\n|move|p1a: Shaymin|Protect|p1a: Shaymin\n|-singleturn|p1a: Shaymin|Protect\n|move|p2a: Kyurem|Earth Power|p1a: Shaymin\n|-activate|p1a: Shaymin|move: Protect\n|\n|-heal|p1a: Shaymin|41\/100|[from] item: Leftovers\n|-damage|p2a: Kyurem|70\/100 tox|[from] psn\n|upkeep\n|turn|51\n|\n|t:|1699666639\n|move|p2a: Kyurem|Earth Power|p1a: Shaymin\n|-supereffective|p1a: Shaymin\n|-damage|p1a: Shaymin|12\/100\n|-unboost|p1a: Shaymin|spd|1\n|move|p1a: Shaymin|Synthesis|p1a: Shaymin\n|-heal|p1a: Shaymin|62\/100\n|\n|-heal|p1a: Shaymin|68\/100|[from] item: Leftovers\n|-damage|p2a: Kyurem|51\/100 tox|[from] psn\n|upkeep\n|turn|52\n|\n|t:|1699666648\n|switch|p2a: Melmetal|Melmetal, shiny, tera:Flying|55\/100\n|move|p1a: Shaymin|Protect||[still]\n|-fail|p1a: Shaymin\n|\n|-heal|p1a: Shaymin|75\/100|[from] item: Leftovers\n|upkeep\n|turn|53\n|\n|t:|1699666654\n|switch|p2a: Kyurem|Kyurem-White, shiny|51\/100 tox\n|-ability|p2a: Kyurem|Turboblaze\n|move|p1a: Shaymin|Leech Seed|p2a: Kyurem\n|-start|p2a: Kyurem|move: Leech Seed\n|\n|-heal|p1a: Shaymin|81\/100|[from] item: Leftovers\n|-damage|p2a: Kyurem|39\/100 tox|[from] Leech Seed|[of] p1a: Shaymin\n|-heal|p1a: Shaymin|93\/100|[silent]\n|-damage|p2a: Kyurem|33\/100 tox|[from] psn\n|upkeep\n|turn|54\n|\n|t:|1699666664\n|move|p2a: Kyurem|Earth Power|p1a: Shaymin\n|-supereffective|p1a: Shaymin\n|-damage|p1a: Shaymin|16\/100\n|-unboost|p1a: Shaymin|spd|1\n|move|p1a: Shaymin|Toxic|p2a: Kyurem\n|-fail|p2a: Kyurem|tox\n|\n|-heal|p1a: Shaymin|22\/100|[from] item: Leftovers\n|-damage|p2a: Kyurem|21\/100 tox|[from] Leech Seed|[of] p1a: Shaymin\n|-heal|p1a: Shaymin|34\/100|[silent]\n|-damage|p2a: Kyurem|8\/100 tox|[from] psn\n|upkeep\n|turn|55\n|\n|t:|1699666674\n|move|p1a: Shaymin|Protect|p1a: Shaymin\n|-singleturn|p1a: Shaymin|Protect\n|move|p2a: Kyurem|Earth Power|p1a: Shaymin\n|-activate|p1a: Shaymin|move: Protect\n|\n|-heal|p1a: Shaymin|40\/100|[from] item: Leftovers\n|-damage|p2a: Kyurem|0 fnt|[from] Leech Seed|[of] p1a: Shaymin\n|-heal|p1a: Shaymin|48\/100|[silent]\n|faint|p2a: Kyurem\n|upkeep\n|\n|t:|1699666683\n|switch|p2a: Melmetal|Melmetal, shiny, tera:Flying|55\/100\n|turn|56\n|\n|t:|1699666688\n|move|p1a: Shaymin|Synthesis|p1a: Shaymin\n|-heal|p1a: Shaymin|98\/100\n|move|p2a: Melmetal|Earthquake|p1a: Shaymin\n|-supereffective|p1a: Shaymin\n|-damage|p1a: Shaymin|36\/100\n|\n|-heal|p1a: Shaymin|43\/100|[from] item: Leftovers\n|upkeep\n|turn|57\n|\n|t:|1699666694\n|move|p1a: Shaymin|Protect|p1a: Shaymin\n|-singleturn|p1a: Shaymin|Protect\n|move|p2a: Melmetal|Earthquake|p1a: Shaymin\n|-activate|p1a: Shaymin|move: Protect\n|\n|-heal|p1a: Shaymin|49\/100|[from] item: Leftovers\n|upkeep\n|turn|58\n|\n|t:|1699666701\n|move|p1a: Shaymin|Synthesis|p1a: Shaymin\n|-heal|p1a: Shaymin|99\/100\n|move|p2a: Melmetal|Earthquake|p1a: Shaymin\n|-supereffective|p1a: Shaymin\n|-damage|p1a: Shaymin|42\/100\n|\n|-heal|p1a: Shaymin|48\/100|[from] item: Leftovers\n|upkeep\n|turn|59\n|\n|t:|1699666707\n|move|p1a: Shaymin|Protect|p1a: Shaymin\n|-singleturn|p1a: Shaymin|Protect\n|move|p2a: Melmetal|Earthquake|p1a: Shaymin\n|-activate|p1a: Shaymin|move: Protect\n|\n|-heal|p1a: Shaymin|54\/100|[from] item: Leftovers\n|upkeep\n|turn|60\n|\n|t:|1699666715\n|move|p1a: Shaymin|Leech Seed|p2a: Melmetal\n|-start|p2a: Melmetal|move: Leech Seed\n|move|p2a: Melmetal|Earthquake|p1a: Shaymin\n|-supereffective|p1a: Shaymin\n|-damage|p1a: Shaymin|1\/100\n|\n|-heal|p1a: Shaymin|7\/100|[from] item: Leftovers\n|-damage|p2a: Melmetal|43\/100|[from] Leech Seed|[of] p1a: Shaymin\n|-heal|p1a: Shaymin|20\/100|[silent]\n|upkeep\n|turn|61\n|\n|t:|1699666723\n|move|p1a: Shaymin|Synthesis|p1a: Shaymin\n|-heal|p1a: Shaymin|70\/100\n|move|p2a: Melmetal|Earthquake|p1a: Shaymin\n|-supereffective|p1a: Shaymin\n|-damage|p1a: Shaymin|9\/100\n|\n|-heal|p1a: Shaymin|15\/100|[from] item: Leftovers\n|-damage|p2a: Melmetal|30\/100|[from] Leech Seed|[of] p1a: Shaymin\n|-heal|p1a: Shaymin|28\/100|[silent]\n|upkeep\n|turn|62\n|\n|t:|1699666731\n|move|p1a: Shaymin|Protect|p1a: Shaymin\n|-singleturn|p1a: Shaymin|Protect\n|move|p2a: Melmetal|Earthquake|p1a: Shaymin\n|-activate|p1a: Shaymin|move: Protect\n|\n|-heal|p1a: Shaymin|34\/100|[from] item: Leftovers\n|-damage|p2a: Melmetal|18\/100|[from] Leech Seed|[of] p1a: Shaymin\n|-heal|p1a: Shaymin|47\/100|[silent]\n|upkeep\n|turn|63\n|\n|t:|1699666738\n|move|p1a: Shaymin|Synthesis|p1a: Shaymin\n|-heal|p1a: Shaymin|97\/100\n|move|p2a: Melmetal|Earthquake|p1a: Shaymin\n|-supereffective|p1a: Shaymin\n|-damage|p1a: Shaymin|43\/100\n|\n|-heal|p1a: Shaymin|49\/100|[from] item: Leftovers\n|-damage|p2a: Melmetal|5\/100|[from] Leech Seed|[of] p1a: Shaymin\n|-heal|p1a: Shaymin|62\/100|[silent]\n|upkeep\n|turn|64\n|-message|slvmpxo forfeited.\n|\n|win|Big round man\n|raw|Big round man's rating: 1309 &rarr; <strong>1334<\/strong><br \/>(+25 for winning)\n|raw|slvmpxo's rating: 1396 &rarr; <strong>1371<\/strong><br \/>(-25 for losing)\n|l|\u2606slvmpxo\n|c|\u2606Big round man|GG\n","uploadtime":1699666755,"views":20,"p1id":"bigroundman","p2id":"slvmpxo","formatid":"gen9nationaldexubers","rating":1334,"private":0,"password":""}