{"id":"gen9nationaldexubers-1992439744","p1":"yxszd","p2":"THATSVERYDARKMAN","format":"[Gen 9] National Dex Ubers","log":"|j|\u2606yxszd\n|j|\u2606THATSVERYDARKMAN\n|t:|1700187782\n|gametype|singles\n|player|p1|yxszd|dawn-gen4pt|1424\n|player|p2|THATSVERYDARKMAN|lusamine-nihilego|1571\n|teamsize|p1|6\n|teamsize|p2|6\n|gen|9\n|tier|[Gen 9] National Dex Ubers\n|rated|\n|rule|HP Percentage Mod: HP is shown in percentages\n|rule|Endless Battle Clause: Forcing endless battles is banned\n|rule|OHKO Clause: OHKO moves are banned\n|rule|Evasion Moves Clause: Evasion moves are banned\n|rule|Evasion Items Clause: Evasion items are banned\n|rule|Species Clause: Limit one of each Pok\u00e9mon\n|rule|Sleep Clause Mod: Limit one foe put to sleep\n|rule|Mega Rayquaza Clause: You cannot mega evolve Rayquaza\n|clearpoke\n|poke|p1|Banette, F|\n|poke|p1|Alomomola, M|\n|poke|p1|Landorus-Therian, M|\n|poke|p1|Heatran, M|\n|poke|p1|Gholdengo|\n|poke|p1|Ursaluna-Bloodmoon, M|\n|poke|p2|Arceus|\n|poke|p2|Calyrex-Ice|\n|poke|p2|Blastoise, M|\n|poke|p2|Deoxys-Attack|\n|poke|p2|Ho-Oh|\n|poke|p2|Xerneas-*|\n|teampreview\n|inactive|Battle timer is ON: inactive players will automatically lose when time's up. (requested by THATSVERYDARKMAN)\n|inactive|yxszd has 120 seconds left.\n|\n|t:|1700187837\n|start\n|switch|p1a: Alomomola|Alomomola, M, shiny|100\/100\n|switch|p2a: Calyrex|Calyrex-Ice|100\/100\n|-ability|p2a: Calyrex|As One\n|-ability|p2a: Calyrex|Unnerve\n|turn|1\n|\n|t:|1700187846\n|move|p1a: Alomomola|Toxic|p2a: Calyrex\n|-status|p2a: Calyrex|tox\n|move|p2a: Calyrex|Trick Room|p2a: Calyrex\n|-fieldstart|move: Trick Room|[of] p2a: Calyrex\n|\n|-damage|p2a: Calyrex|94\/100 tox|[from] psn\n|upkeep\n|turn|2\n|\n|t:|1700187852\n|move|p1a: Alomomola|Protect|p1a: Alomomola\n|-singleturn|p1a: Alomomola|Protect\n|move|p2a: Calyrex|High Horsepower|p1a: Alomomola\n|-activate|p1a: Alomomola|move: Protect\n|\n|-damage|p2a: Calyrex|82\/100 tox|[from] psn\n|upkeep\n|turn|3\n|\n|t:|1700187857\n|move|p2a: Calyrex|High Horsepower|p1a: Alomomola\n|-damage|p1a: Alomomola|81\/100\n|-damage|p2a: Calyrex|66\/100 tox|[from] item: Rocky Helmet|[of] p1a: Alomomola\n|move|p1a: Alomomola|Wish|p1a: Alomomola\n|\n|-damage|p2a: Calyrex|47\/100 tox|[from] psn\n|upkeep\n|turn|4\n|\n|t:|1700187868\n|switch|p2a: Ho-Oh|Ho-Oh, shiny|100\/100\n|move|p1a: Alomomola|Toxic|p2a: Ho-Oh\n|-status|p2a: Ho-Oh|tox\n|\n|-heal|p1a: Alomomola|100\/100|[from] move: Wish|[wisher] Alomomola\n|-damage|p2a: Ho-Oh|94\/100 tox|[from] psn\n|upkeep\n|turn|5\n|\n|t:|1700187877\n|move|p1a: Alomomola|Wish|p1a: Alomomola\n|move|p2a: Ho-Oh|Toxic|p1a: Alomomola\n|-status|p1a: Alomomola|tox\n|\n|-damage|p1a: Alomomola|94\/100 tox|[from] psn\n|-damage|p2a: Ho-Oh|82\/100 tox|[from] psn\n|-fieldend|move: Trick Room\n|upkeep\n|turn|6\n|\n|t:|1700187882\n|switch|p2a: Calyrex|Calyrex-Ice|47\/100 tox\n|-ability|p2a: Calyrex|As One\n|-ability|p2a: Calyrex|Unnerve\n|move|p1a: Alomomola|Flip Turn|p2a: Calyrex\n|-damage|p2a: Calyrex|37\/100 tox\n|\n|t:|1700187901\n|switch|p1a: Heatran|Heatran, M|100\/100|[from] Flip Turn\n|\n|-damage|p2a: Calyrex|30\/100 tox|[from] psn\n|upkeep\n|turn|7\n|\n|t:|1700187904\n|move|p1a: Heatran|Magma Storm|p2a: Calyrex\n|-supereffective|p2a: Calyrex\n|-damage|p2a: Calyrex|0 fnt\n|faint|p2a: Calyrex\n|\n|upkeep\n|\n|t:|1700187910\n|switch|p2a: Blastoise|Blastoise, M, shiny|100\/100\n|turn|8\n|\n|t:|1700187915\n|switch|p1a: Banette|Banette, F|100\/100\n|-item|p2a: Blastoise|Blastoisinite|[from] ability: Frisk|[of] p1a: Banette|[identify]\n|detailschange|p2a: Blastoise|Blastoise-Mega, M, shiny\n|-mega|p2a: Blastoise|Blastoise|Blastoisinite\n|move|p2a: Blastoise|Shell Smash|p2a: Blastoise\n|-unboost|p2a: Blastoise|def|1\n|-unboost|p2a: Blastoise|spd|1\n|-boost|p2a: Blastoise|atk|2\n|-boost|p2a: Blastoise|spa|2\n|-boost|p2a: Blastoise|spe|2\n|\n|upkeep\n|turn|9\n|\n|t:|1700187921\n|switch|p2a: Ho-Oh|Ho-Oh, shiny|100\/100 tox\n|detailschange|p1a: Banette|Banette-Mega, F\n|-mega|p1a: Banette|Banette|Banettite\n|move|p1a: Banette|Encore||[still]\n|-fail|p1a: Banette\n|\n|-damage|p2a: Ho-Oh|94\/100 tox|[from] psn\n|upkeep\n|turn|10\n|\n|t:|1700187925\n|switch|p1a: Alomomola|Alomomola, M, shiny|100\/100 tox\n|move|p2a: Ho-Oh|Toxic|p1a: Alomomola\n|-fail|p1a: Alomomola|tox\n|\n|-damage|p2a: Ho-Oh|82\/100 tox|[from] psn\n|-damage|p1a: Alomomola|94\/100 tox|[from] psn\n|upkeep\n|turn|11\n|\n|t:|1700187934\n|switch|p2a: Xerneas|Xerneas, shiny|100\/100\n|-ability|p2a: Xerneas|Fairy Aura\n|move|p1a: Alomomola|Flip Turn|p2a: Xerneas\n|-damage|p2a: Xerneas|87\/100\n|\n|t:|1700187940\n|switch|p1a: Gholdengo|Gholdengo|100\/100|[from] Flip Turn\n|\n|upkeep\n|turn|12\n|\n|t:|1700187944\n|switch|p2a: Ho-Oh|Ho-Oh, shiny|100\/100 tox\n|move|p1a: Gholdengo|Make It Rain|p2a: Ho-Oh\n|-resisted|p2a: Ho-Oh\n|-damage|p2a: Ho-Oh|76\/100 tox\n|-unboost|p1a: Gholdengo|spa|1\n|\n|-damage|p2a: Ho-Oh|70\/100 tox|[from] psn\n|upkeep\n|turn|13\n|\n|t:|1700187950\n|switch|p1a: Alomomola|Alomomola, M, shiny|100\/100 tox\n|switch|p2a: Xerneas|Xerneas, shiny|87\/100\n|-ability|p2a: Xerneas|Fairy Aura\n|\n|-damage|p1a: Alomomola|94\/100 tox|[from] psn\n|upkeep\n|turn|14\n|\n|t:|1700187954\n|switch|p2a: Ho-Oh|Ho-Oh, shiny|100\/100 tox\n|move|p1a: Alomomola|Flip Turn|p2a: Ho-Oh\n|-supereffective|p2a: Ho-Oh\n|-damage|p2a: Ho-Oh|75\/100 tox\n|\n|t:|1700187961\n|switch|p1a: Heatran|Heatran, M|100\/100|[from] Flip Turn\n|\n|-damage|p2a: Ho-Oh|69\/100 tox|[from] psn\n|upkeep\n|turn|15\n|\n|t:|1700187968\n|switch|p2a: Blastoise|Blastoise-Mega, M, shiny|100\/100\n|move|p1a: Heatran|Magma Storm|p2a: Blastoise\n|-resisted|p2a: Blastoise\n|-damage|p2a: Blastoise|77\/100\n|-activate|p2a: Blastoise|move: Magma Storm|[of] p1a: Heatran\n|\n|-damage|p2a: Blastoise|65\/100|[from] move: Magma Storm|[partiallytrapped]\n|upkeep\n|turn|16\n|\n|t:|1700187978\n|move|p2a: Blastoise|Dark Pulse|p1a: Heatran\n|-damage|p1a: Heatran|73\/100\n|move|p1a: Heatran|Magma Storm|p2a: Blastoise\n|-resisted|p2a: Blastoise\n|-damage|p2a: Blastoise|44\/100\n|\n|-heal|p1a: Heatran|79\/100|[from] item: Leftovers\n|-damage|p2a: Blastoise|31\/100|[from] move: Magma Storm|[partiallytrapped]\n|upkeep\n|turn|17\n|\n|t:|1700187983\n|move|p1a: Heatran|Protect|p1a: Heatran\n|-singleturn|p1a: Heatran|Protect\n|move|p2a: Blastoise|Water Pulse|p1a: Heatran\n|-activate|p1a: Heatran|move: Protect\n|\n|-heal|p1a: Heatran|86\/100|[from] item: Leftovers\n|-damage|p2a: Blastoise|19\/100|[from] move: Magma Storm|[partiallytrapped]\n|upkeep\n|turn|18\n|\n|t:|1700187994\n|switch|p1a: Alomomola|Alomomola, M, shiny|100\/100 tox\n|move|p2a: Blastoise|Shell Smash|p2a: Blastoise\n|-unboost|p2a: Blastoise|def|1\n|-unboost|p2a: Blastoise|spd|1\n|-boost|p2a: Blastoise|atk|2\n|-boost|p2a: Blastoise|spa|2\n|-boost|p2a: Blastoise|spe|2\n|\n|-damage|p1a: Alomomola|94\/100 tox|[from] psn\n|-end|p2a: Blastoise|Magma Storm|[partiallytrapped]|[silent]\n|upkeep\n|turn|19\n|\n|t:|1700188006\n|-terastallize|p1a: Alomomola|Fairy\n|move|p2a: Blastoise|Dragon Pulse|p1a: Alomomola\n|-immune|p1a: Alomomola\n|move|p1a: Alomomola|Flip Turn|p2a: Blastoise\n|-resisted|p2a: Blastoise\n|-damage|p2a: Blastoise|7\/100\n|\n|t:|1700188014\n|switch|p1a: Ursaluna|Ursaluna-Bloodmoon, M|100\/100|[from] Flip Turn\n|\n|upkeep\n|turn|20\n|\n|t:|1700188020\n|switch|p2a: Ho-Oh|Ho-Oh, shiny|100\/100 tox\n|move|p1a: Ursaluna|Vacuum Wave|p2a: Ho-Oh\n|-resisted|p2a: Ho-Oh\n|-crit|p2a: Ho-Oh\n|-damage|p2a: Ho-Oh|94\/100 tox\n|\n|-damage|p2a: Ho-Oh|88\/100 tox|[from] psn\n|upkeep\n|turn|21\n|\n|t:|1700188026\n|switch|p2a: Deoxys|Deoxys-Attack, shiny|100\/100\n|-ability|p2a: Deoxys|Pressure\n|switch|p1a: Alomomola|Alomomola, M, shiny, tera:Fairy|100\/100 tox\n|\n|-damage|p1a: Alomomola|94\/100 tox|[from] psn\n|upkeep\n|turn|22\n|\n|t:|1700188033\n|move|p2a: Deoxys|Psycho Boost|p1a: Alomomola\n|-damage|p1a: Alomomola|0 fnt\n|-unboost|p2a: Deoxys|spa|2\n|faint|p1a: Alomomola\n|-damage|p2a: Deoxys|91\/100|[from] item: Life Orb\n|\n|upkeep\n|c|\u2606THATSVERYDARKMAN|thank god\n|\n|t:|1700188048\n|switch|p1a: Landorus|Landorus-Therian, M|100\/100\n|-ability|p1a: Landorus|Intimidate|boost\n|-unboost|p2a: Deoxys|atk|1\n|turn|23\n|\n|t:|1700188054\n|switch|p2a: Ho-Oh|Ho-Oh, shiny|100\/100 tox\n|move|p1a: Landorus|U-turn|p2a: Ho-Oh\n|-resisted|p2a: Ho-Oh\n|-damage|p2a: Ho-Oh|95\/100 tox\n|\n|t:|1700188056\n|switch|p1a: Heatran|Heatran, M|86\/100|[from] U-turn\n|\n|-heal|p1a: Heatran|92\/100|[from] item: Leftovers\n|-damage|p2a: Ho-Oh|89\/100 tox|[from] psn\n|upkeep\n|turn|24\n|\n|t:|1700188063\n|switch|p2a: Blastoise|Blastoise-Mega, M, shiny|7\/100\n|move|p1a: Heatran|Magma Storm|p2a: Blastoise|[miss]\n|-miss|p1a: Heatran|p2a: Blastoise\n|\n|-heal|p1a: Heatran|98\/100|[from] item: Leftovers\n|upkeep\n|turn|25\n|\n|t:|1700188072\n|switch|p1a: Ursaluna|Ursaluna-Bloodmoon, M|100\/100\n|move|p2a: Blastoise|Water Pulse|p1a: Ursaluna\n|-supereffective|p1a: Ursaluna\n|-crit|p1a: Ursaluna\n|-damage|p1a: Ursaluna|2\/100\n|\n|upkeep\n|turn|26\n|\n|t:|1700188077\n|switch|p2a: Ho-Oh|Ho-Oh, shiny|100\/100 tox\n|move|p1a: Ursaluna|Blood Moon|p2a: Ho-Oh\n|-damage|p2a: Ho-Oh|55\/100 tox\n|\n|-damage|p2a: Ho-Oh|49\/100 tox|[from] psn\n|upkeep\n|turn|27\n|\n|t:|1700188084\n|switch|p2a: Blastoise|Blastoise-Mega, M, shiny|7\/100\n|move|p1a: Ursaluna|Tera Blast|p2a: Blastoise\n|-damage|p2a: Blastoise|0 fnt\n|faint|p2a: Blastoise\n|\n|upkeep\n|\n|t:|1700188089\n|switch|p2a: Deoxys|Deoxys-Attack, shiny|91\/100\n|-ability|p2a: Deoxys|Pressure\n|turn|28\n|\n|t:|1700188096\n|move|p2a: Deoxys|Extreme Speed|p1a: Ursaluna\n|-damage|p1a: Ursaluna|0 fnt\n|faint|p1a: Ursaluna\n|-damage|p2a: Deoxys|81\/100|[from] item: Life Orb\n|\n|upkeep\n|\n|t:|1700188101\n|switch|p1a: Landorus|Landorus-Therian, M|100\/100\n|-ability|p1a: Landorus|Intimidate|boost\n|-unboost|p2a: Deoxys|atk|1\n|turn|29\n|\n|t:|1700188105\n|switch|p1a: Heatran|Heatran, M|98\/100\n|move|p2a: Deoxys|Psycho Boost|p1a: Heatran\n|-resisted|p1a: Heatran\n|-damage|p1a: Heatran|61\/100\n|-unboost|p2a: Deoxys|spa|2\n|-damage|p2a: Deoxys|71\/100|[from] item: Life Orb\n|\n|-heal|p1a: Heatran|67\/100|[from] item: Leftovers\n|upkeep\n|turn|30\n|\n|t:|1700188111\n|switch|p2a: Ho-Oh|Ho-Oh, shiny|82\/100 tox\n|move|p1a: Heatran|Magma Storm|p2a: Ho-Oh|[miss]\n|-miss|p1a: Heatran|p2a: Ho-Oh\n|\n|-heal|p1a: Heatran|73\/100|[from] item: Leftovers\n|-damage|p2a: Ho-Oh|76\/100 tox|[from] psn\n|upkeep\n|turn|31\n|\n|t:|1700188116\n|switch|p2a: Xerneas|Xerneas, shiny|87\/100\n|-ability|p2a: Xerneas|Fairy Aura\n|move|p1a: Heatran|Magma Storm|p2a: Xerneas|[miss]\n|-miss|p1a: Heatran|p2a: Xerneas\n|\n|-heal|p1a: Heatran|79\/100|[from] item: Leftovers\n|upkeep\n|turn|32\n|\n|t:|1700188123\n|switch|p1a: Banette|Banette-Mega, F|100\/100\n|move|p2a: Xerneas|Geomancy||[still]\n|-prepare|p2a: Xerneas|Geomancy\n|-enditem|p2a: Xerneas|Power Herb\n|-anim|p2a: Xerneas|Geomancy|p2a: Xerneas\n|-boost|p2a: Xerneas|spa|2\n|-boost|p2a: Xerneas|spd|2\n|-boost|p2a: Xerneas|spe|2\n|\n|upkeep\n|turn|33\n|\n|t:|1700188129\n|switch|p2a: Deoxys|Deoxys-Attack, shiny|71\/100\n|-ability|p2a: Deoxys|Pressure\n|move|p1a: Banette|Infestation|p2a: Deoxys\n|-supereffective|p2a: Deoxys\n|-damage|p2a: Deoxys|39\/100\n|-activate|p2a: Deoxys|move: Infestation|[of] p1a: Banette\n|\n|-damage|p2a: Deoxys|27\/100|[from] move: Infestation|[partiallytrapped]\n|upkeep\n|turn|34\n|\n|t:|1700188140\n|switch|p1a: Gholdengo|Gholdengo|100\/100\n|move|p2a: Deoxys|Psycho Boost|p1a: Gholdengo\n|-resisted|p1a: Gholdengo\n|-damage|p1a: Gholdengo|39\/100\n|-unboost|p2a: Deoxys|spa|2\n|-damage|p2a: Deoxys|17\/100|[from] item: Life Orb\n|\n|-end|p2a: Deoxys|Infestation|[partiallytrapped]|[silent]\n|upkeep\n|turn|35\n|\n|t:|1700188149\n|switch|p2a: Ho-Oh|Ho-Oh, shiny|100\/100 tox\n|move|p1a: Gholdengo|Thunderbolt|p2a: Ho-Oh\n|-supereffective|p2a: Ho-Oh\n|-damage|p2a: Ho-Oh|46\/100 tox\n|\n|-damage|p2a: Ho-Oh|40\/100 tox|[from] psn\n|upkeep\n|turn|36\n|\n|t:|1700188154\n|switch|p2a: Arceus|Arceus|100\/100\n|move|p1a: Gholdengo|Thunderbolt|p2a: Arceus\n|-damage|p2a: Arceus|64\/100\n|\n|-heal|p2a: Arceus|70\/100|[from] item: Leftovers\n|upkeep\n|turn|37\n|\n|t:|1700188159\n|switch|p1a: Landorus|Landorus-Therian, M|100\/100\n|-ability|p1a: Landorus|Intimidate|boost\n|-unboost|p2a: Arceus|atk|1\n|move|p2a: Arceus|Earthquake|p1a: Landorus\n|-immune|p1a: Landorus\n|\n|-heal|p2a: Arceus|76\/100|[from] item: Leftovers\n|upkeep\n|turn|38\n|\n|t:|1700188167\n|switch|p2a: Deoxys|Deoxys-Attack, shiny|17\/100\n|-ability|p2a: Deoxys|Pressure\n|-zpower|p1a: Landorus\n|move|p1a: Landorus|Supersonic Skystrike|p2a: Deoxys|[zeffect]\n|-damage|p2a: Deoxys|0 fnt\n|faint|p2a: Deoxys\n|\n|upkeep\n|-message|THATSVERYDARKMAN forfeited.\n|\n|win|yxszd\n|raw|yxszd's rating: 1424 &rarr; <strong>1452<\/strong><br \/>(+28 for winning)\n|raw|THATSVERYDARKMAN's rating: 1571 &rarr; <strong>1543<\/strong><br \/>(-28 for losing)\n|l|\u2606THATSVERYDARKMAN\n","uploadtime":1700188199,"views":8,"p1id":"yxszd","p2id":"thatsverydarkman","formatid":"gen9nationaldexubers","rating":1452,"private":0,"password":""}