{"id":"gen9nationaldexubers-1981306957","p1":"butter dk","p2":"zooki18","format":"[Gen 9] National Dex Ubers","log":"|j|\u2606butter dk\n|j|\u2606zooki18\n|t:|1698881943\n|gametype|singles\n|player|p1|butter dk|proton|\n|player|p2|zooki18|lass-gen1rb|\n|teamsize|p1|6\n|teamsize|p2|6\n|gen|9\n|tier|[Gen 9] National Dex Ubers\n|rule|HP Percentage Mod: HP is shown in percentages\n|rule|Endless Battle Clause: Forcing endless battles is banned\n|rule|OHKO Clause: OHKO moves are banned\n|rule|Evasion Moves Clause: Evasion moves are banned\n|rule|Evasion Items Clause: Evasion items are banned\n|rule|Species Clause: Limit one of each Pok\u00e9mon\n|rule|Sleep Clause Mod: Limit one foe put to sleep\n|rule|Mega Rayquaza Clause: You cannot mega evolve Rayquaza\n|clearpoke\n|poke|p1|Magnezone|\n|poke|p1|Hippowdon, F|\n|poke|p1|Iron Leaves|\n|poke|p1|Lycanroc, M|\n|poke|p1|Musharna, M|\n|poke|p1|Torkoal, M|\n|poke|p2|Torkoal, M|\n|poke|p2|Iron Leaves|\n|poke|p2|Eelektross, M|\n|poke|p2|Hippowdon, M|\n|poke|p2|Lycanroc, M|\n|poke|p2|Decidueye-Hisui, M|\n|teampreview\n|\n|t:|1698881969\n|start\n|switch|p1a: Clean Coal|Torkoal, M|100\/100\n|switch|p2a: Hippowdon|Hippowdon, M|100\/100\n|-weather|Sandstorm|[from] ability: Sand Stream|[of] p2a: Hippowdon\n|turn|1\n|\n|t:|1698881980\n|move|p2a: Hippowdon|Toxic|p1a: Clean Coal\n|-status|p1a: Clean Coal|tox\n|move|p1a: Clean Coal|Will-O-Wisp|p2a: Hippowdon|[miss]\n|-miss|p1a: Clean Coal|p2a: Hippowdon\n|\n|-weather|Sandstorm|[upkeep]\n|-damage|p1a: Clean Coal|94\/100 tox|[from] Sandstorm\n|-damage|p1a: Clean Coal|88\/100 tox|[from] psn\n|upkeep\n|turn|2\n|\n|t:|1698881991\n|switch|p2a: Torkoal|Torkoal, M|100\/100\n|-weather|SunnyDay|[from] ability: Drought|[of] p2a: Torkoal\n|switch|p1a: Make Like a Tree|Iron Leaves|100\/100\n|-enditem|p1a: Make Like a Tree|Booster Energy\n|-activate|p1a: Make Like a Tree|ability: Quark Drive|[fromitem]\n|-start|p1a: Make Like a Tree|quarkdrivespe\n|\n|-weather|SunnyDay|[upkeep]\n|upkeep\n|turn|3\n|\n|t:|1698882010\n|-end|p1a: Make Like a Tree|Quark Drive|[silent]\n|switch|p1a: youre a big guy|Hippowdon, F|100\/100\n|-weather|Sandstorm|[from] ability: Sand Stream|[of] p1a: youre a big guy\n|move|p2a: Torkoal|Flamethrower|p1a: youre a big guy\n|-damage|p1a: youre a big guy|80\/100\n|\n|-weather|Sandstorm|[upkeep]\n|-damage|p2a: Torkoal|94\/100|[from] Sandstorm\n|-heal|p1a: youre a big guy|86\/100|[from] item: Leftovers\n|upkeep\n|turn|4\n|\n|t:|1698882021\n|switch|p2a: Hippowdon|Hippowdon, M|100\/100\n|move|p1a: youre a big guy|Earthquake|p2a: Hippowdon\n|-damage|p2a: Hippowdon|80\/100\n|\n|-weather|Sandstorm|[upkeep]\n|-heal|p1a: youre a big guy|93\/100|[from] item: Leftovers\n|upkeep\n|turn|5\n|\n|t:|1698882028\n|move|p2a: Hippowdon|Toxic|p1a: youre a big guy\n|-status|p1a: youre a big guy|tox\n|move|p1a: youre a big guy|Yawn|p2a: Hippowdon\n|-start|p2a: Hippowdon|move: Yawn|[of] p1a: youre a big guy\n|\n|-weather|Sandstorm|[upkeep]\n|-heal|p1a: youre a big guy|99\/100 tox|[from] item: Leftovers\n|-damage|p1a: youre a big guy|93\/100 tox|[from] psn\n|upkeep\n|turn|6\n|\n|t:|1698882036\n|switch|p2a: Decidueye|Decidueye-Hisui, M|100\/100\n|move|p1a: youre a big guy|Stealth Rock|p2a: Decidueye\n|-sidestart|p2: zooki18|move: Stealth Rock\n|\n|-weather|Sandstorm|[upkeep]\n|-damage|p2a: Decidueye|95\/100|[from] Sandstorm\n|-heal|p1a: youre a big guy|99\/100 tox|[from] item: Leftovers\n|-damage|p1a: youre a big guy|86\/100 tox|[from] psn\n|upkeep\n|turn|7\n|\n|t:|1698882046\n|move|p2a: Decidueye|U-turn|p1a: youre a big guy\n|-damage|p1a: youre a big guy|71\/100 tox\n|\n|t:|1698882049\n|switch|p2a: Hippowdon|Hippowdon, M|80\/100|[from] U-turn\n|move|p1a: youre a big guy|Slack Off|p1a: youre a big guy\n|-heal|p1a: youre a big guy|100\/100 tox\n|\n|-weather|none\n|-damage|p1a: youre a big guy|82\/100 tox|[from] psn\n|upkeep\n|turn|8\n|\n|t:|1698882090\n|move|p1a: youre a big guy|Yawn|p2a: Hippowdon\n|-start|p2a: Hippowdon|move: Yawn|[of] p1a: youre a big guy\n|move|p2a: Hippowdon|Stealth Rock|p1a: youre a big guy\n|-sidestart|p1: butter dk|move: Stealth Rock\n|\n|-heal|p1a: youre a big guy|88\/100 tox|[from] item: Leftovers\n|-damage|p1a: youre a big guy|63\/100 tox|[from] psn\n|upkeep\n|turn|9\n|\n|t:|1698882098\n|move|p2a: Hippowdon|Toxic|p1a: youre a big guy\n|-fail|p1a: youre a big guy|tox\n|move|p1a: youre a big guy|Slack Off|p1a: youre a big guy\n|-heal|p1a: youre a big guy|100\/100 tox\n|\n|-damage|p1a: youre a big guy|70\/100 tox|[from] psn\n|-end|p2a: Hippowdon|move: Yawn|[silent]\n|-status|p2a: Hippowdon|slp\n|upkeep\n|turn|10\n|\n|t:|1698882104\n|switch|p1a: Make Like a Tree|Iron Leaves|100\/100\n|-damage|p1a: Make Like a Tree|88\/100|[from] Stealth Rock\n|cant|p2a: Hippowdon|slp\n|\n|upkeep\n|turn|11\n|\n|t:|1698882113\n|switch|p2a: Torkoal|Torkoal, M|94\/100\n|-weather|SunnyDay|[from] ability: Drought|[of] p2a: Torkoal\n|move|p1a: Make Like a Tree|Swords Dance|p1a: Make Like a Tree\n|-boost|p1a: Make Like a Tree|atk|2\n|\n|-weather|SunnyDay|[upkeep]\n|upkeep\n|turn|12\n|\n|t:|1698882132\n|-end|p1a: Make Like a Tree|Quark Drive|[silent]\n|switch|p1a: youre a big guy|Hippowdon, F|70\/100 tox\n|-damage|p1a: youre a big guy|63\/100 tox|[from] Stealth Rock\n|-weather|Sandstorm|[from] ability: Sand Stream|[of] p1a: youre a big guy\n|move|p2a: Torkoal|Flamethrower|p1a: youre a big guy\n|-damage|p1a: youre a big guy|44\/100 tox\n|\n|-weather|Sandstorm|[upkeep]\n|-damage|p2a: Torkoal|88\/100|[from] Sandstorm\n|-heal|p1a: youre a big guy|50\/100 tox|[from] item: Leftovers\n|-damage|p1a: youre a big guy|44\/100 tox|[from] psn\n|upkeep\n|turn|13\n|\n|t:|1698882144\n|switch|p2a: Hippowdon|Hippowdon, M|80\/100 slp\n|move|p1a: youre a big guy|Slack Off|p1a: youre a big guy\n|-heal|p1a: youre a big guy|94\/100 tox\n|\n|-weather|Sandstorm|[upkeep]\n|-heal|p1a: youre a big guy|99\/100 tox|[from] item: Leftovers\n|-damage|p1a: youre a big guy|88\/100 tox|[from] psn\n|upkeep\n|turn|14\n|\n|t:|1698882149\n|switch|p1a: Clean Coal|Torkoal, M|88\/100 tox\n|-curestatus|p2a: Hippowdon|slp|[msg]\n|move|p2a: Hippowdon|Toxic|p1a: Clean Coal\n|-fail|p1a: Clean Coal|tox\n|\n|-weather|Sandstorm|[upkeep]\n|-damage|p1a: Clean Coal|82\/100 tox|[from] Sandstorm\n|-damage|p1a: Clean Coal|76\/100 tox|[from] psn\n|upkeep\n|turn|15\n|\n|t:|1698882157\n|move|p2a: Hippowdon|Earthquake|p1a: Clean Coal\n|-supereffective|p1a: Clean Coal\n|-damage|p1a: Clean Coal|32\/100 tox\n|move|p1a: Clean Coal|Rapid Spin|p2a: Hippowdon\n|-damage|p2a: Hippowdon|75\/100\n|-boost|p1a: Clean Coal|spe|1\n|-sideend|p1: butter dk|Stealth Rock|[from] move: Rapid Spin|[of] p1a: Clean Coal\n|\n|-weather|Sandstorm|[upkeep]\n|-damage|p1a: Clean Coal|26\/100 tox|[from] Sandstorm\n|-damage|p1a: Clean Coal|13\/100 tox|[from] psn\n|upkeep\n|turn|16\n|\n|t:|1698882167\n|switch|p2a: Torkoal|Torkoal, M|88\/100\n|-weather|SunnyDay|[from] ability: Drought|[of] p2a: Torkoal\n|move|p1a: Clean Coal|Will-O-Wisp|p2a: Torkoal|[miss]\n|-miss|p1a: Clean Coal|p2a: Torkoal\n|\n|-weather|SunnyDay|[upkeep]\n|-damage|p1a: Clean Coal|0 fnt|[from] psn\n|faint|p1a: Clean Coal\n|upkeep\n|\n|t:|1698882175\n|switch|p1a: eepy|Musharna, M|100\/100\n|turn|17\n|\n|t:|1698882187\n|move|p1a: eepy|Calm Mind|p1a: eepy\n|-boost|p1a: eepy|spa|1\n|-boost|p1a: eepy|spd|1\n|move|p2a: Torkoal|Flamethrower|p1a: eepy\n|-damage|p1a: eepy|74\/100\n|\n|-weather|SunnyDay|[upkeep]\n|-heal|p1a: eepy|80\/100|[from] item: Leftovers\n|upkeep\n|turn|18\n|\n|t:|1698882197\n|switch|p2a: Hippowdon|Hippowdon, M|75\/100\n|-weather|Sandstorm|[from] ability: Sand Stream|[of] p2a: Hippowdon\n|move|p1a: eepy|Calm Mind|p1a: eepy\n|-boost|p1a: eepy|spa|1\n|-boost|p1a: eepy|spd|1\n|\n|-weather|Sandstorm|[upkeep]\n|-damage|p1a: eepy|74\/100|[from] Sandstorm\n|-heal|p1a: eepy|80\/100|[from] item: Leftovers\n|upkeep\n|turn|19\n|\n|t:|1698882206\n|move|p2a: Hippowdon|Toxic|p1a: eepy\n|-status|p1a: eepy|tox\n|-activate|p1a: eepy|ability: Synchronize\n|-status|p2a: Hippowdon|tox\n|move|p1a: eepy|Stored Power|p2a: Hippowdon\n|-damage|p2a: Hippowdon|0 fnt\n|faint|p2a: Hippowdon\n|\n|-weather|Sandstorm|[upkeep]\n|-damage|p1a: eepy|74\/100 tox|[from] Sandstorm\n|-heal|p1a: eepy|80\/100 tox|[from] item: Leftovers\n|-damage|p1a: eepy|74\/100 tox|[from] psn\n|upkeep\n|\n|t:|1698882246\n|switch|p2a: Eelektross|Eelektross, M|100\/100\n|-damage|p2a: Eelektross|88\/100|[from] Stealth Rock\n|turn|20\n|\n|t:|1698882277\n|switch|p1a: youre a big guy|Hippowdon, F|88\/100 tox\n|move|p2a: Eelektross|Lunge|p1a: youre a big guy\n|-damage|p1a: youre a big guy|74\/100 tox\n|-unboost|p1a: youre a big guy|atk|1\n|\n|-weather|Sandstorm|[upkeep]\n|-damage|p2a: Eelektross|82\/100|[from] Sandstorm\n|-heal|p1a: youre a big guy|80\/100 tox|[from] item: Leftovers\n|-damage|p1a: youre a big guy|74\/100 tox|[from] psn\n|upkeep\n|turn|21\n|\n|t:|1698882286\n|move|p1a: youre a big guy|Yawn|p2a: Eelektross\n|-start|p2a: Eelektross|move: Yawn|[of] p1a: youre a big guy\n|move|p2a: Eelektross|Giga Drain|p1a: youre a big guy\n|-supereffective|p1a: youre a big guy\n|-damage|p1a: youre a big guy|44\/100 tox\n|-heal|p2a: Eelektross|99\/100|[from] drain|[of] p1a: youre a big guy\n|\n|-weather|Sandstorm|[upkeep]\n|-damage|p2a: Eelektross|93\/100|[from] Sandstorm\n|-heal|p1a: youre a big guy|50\/100 tox|[from] item: Leftovers\n|-damage|p1a: youre a big guy|38\/100 tox|[from] psn\n|upkeep\n|turn|22\n|\n|t:|1698882297\n|switch|p2a: Decidueye|Decidueye-Hisui, M|95\/100\n|-damage|p2a: Decidueye|89\/100|[from] Stealth Rock\n|move|p1a: youre a big guy|Slack Off|p1a: youre a big guy\n|-heal|p1a: youre a big guy|88\/100 tox\n|\n|-weather|none\n|-heal|p1a: youre a big guy|94\/100 tox|[from] item: Leftovers\n|-damage|p1a: youre a big guy|75\/100 tox|[from] psn\n|upkeep\n|turn|23\n|\n|t:|1698882308\n|switch|p1a: THIS is Zoness?|Magnezone|100\/100\n|move|p2a: Decidueye|Triple Arrows|p1a: THIS is Zoness?\n|-supereffective|p1a: THIS is Zoness?\n|-enditem|p1a: THIS is Zoness?|Chople Berry|[eat]\n|-enditem|p1a: THIS is Zoness?|Chople Berry|[weaken]\n|-damage|p1a: THIS is Zoness?|62\/100\n|\n|upkeep\n|turn|24\n|\n|t:|1698882318\n|switch|p1a: eepy|Musharna, M|74\/100 tox\n|move|p2a: Decidueye|Triple Arrows|p1a: eepy\n|-resisted|p1a: eepy\n|-damage|p1a: eepy|58\/100 tox\n|-unboost|p1a: eepy|def|1\n|\n|-heal|p1a: eepy|64\/100 tox|[from] item: Leftovers\n|-damage|p1a: eepy|58\/100 tox|[from] psn\n|upkeep\n|turn|25\n|\n|t:|1698882327\n|switch|p2a: Eelektross|Eelektross, M|93\/100\n|-damage|p2a: Eelektross|81\/100|[from] Stealth Rock\n|move|p1a: eepy|Moonlight|p1a: eepy\n|-heal|p1a: eepy|100\/100 tox\n|\n|-damage|p1a: eepy|88\/100 tox|[from] psn\n|upkeep\n|turn|26\n|\n|t:|1698882342\n|switch|p1a: THIS is Zoness?|Magnezone|62\/100\n|move|p2a: Eelektross|Giga Drain|p1a: THIS is Zoness?\n|-resisted|p1a: THIS is Zoness?\n|-damage|p1a: THIS is Zoness?|50\/100\n|-heal|p2a: Eelektross|86\/100|[from] drain|[of] p1a: THIS is Zoness?\n|\n|upkeep\n|turn|27\n|\n|t:|1698882356\n|move|p1a: THIS is Zoness?|Volt Switch|p2a: Eelektross\n|-resisted|p2a: Eelektross\n|-damage|p2a: Eelektross|73\/100\n|\n|t:|1698882363\n|switch|p1a: Make Like a Tree|Iron Leaves|88\/100|[from] Volt Switch\n|move|p2a: Eelektross|Flamethrower|p1a: Make Like a Tree\n|-supereffective|p1a: Make Like a Tree\n|-damage|p1a: Make Like a Tree|44\/100\n|\n|upkeep\n|turn|28\n|\n|t:|1698882377\n|switch|p2a: Torkoal|Torkoal, M|88\/100\n|-weather|SunnyDay|[from] ability: Drought|[of] p2a: Torkoal\n|move|p1a: Make Like a Tree|Leaf Blade|p2a: Torkoal\n|-resisted|p2a: Torkoal\n|-damage|p2a: Torkoal|74\/100\n|\n|-weather|SunnyDay|[upkeep]\n|upkeep\n|turn|29\n|\n|t:|1698882384\n|move|p1a: Make Like a Tree|Psyblade|p2a: Torkoal\n|-damage|p2a: Torkoal|49\/100\n|move|p2a: Torkoal|Rapid Spin|p1a: Make Like a Tree\n|-damage|p1a: Make Like a Tree|33\/100\n|-boost|p2a: Torkoal|spe|1\n|-sideend|p2: zooki18|Stealth Rock|[from] move: Rapid Spin|[of] p2a: Torkoal\n|\n|-weather|SunnyDay|[upkeep]\n|upkeep\n|turn|30\n|\n|t:|1698882390\n|move|p1a: Make Like a Tree|Psyblade|p2a: Torkoal\n|-damage|p2a: Torkoal|20\/100\n|move|p2a: Torkoal|Flamethrower|p1a: Make Like a Tree\n|-supereffective|p1a: Make Like a Tree\n|-damage|p1a: Make Like a Tree|0 fnt\n|faint|p1a: Make Like a Tree\n|-end|p1a: Make Like a Tree|Quark Drive|[silent]\n|\n|-weather|SunnyDay|[upkeep]\n|upkeep\n|\n|t:|1698882422\n|switch|p1a: THIS is Zoness?|Magnezone|50\/100\n|turn|31\n|\n|t:|1698882427\n|move|p1a: THIS is Zoness?|Thunderbolt|p2a: Torkoal\n|-crit|p2a: Torkoal\n|-damage|p2a: Torkoal|0 fnt\n|faint|p2a: Torkoal\n|\n|-weather|SunnyDay|[upkeep]\n|upkeep\n|\n|t:|1698882430\n|switch|p2a: Eelektross|Eelektross, M|73\/100\n|turn|32\n|\n|t:|1698882436\n|move|p1a: THIS is Zoness?|Thunderbolt|p2a: Eelektross\n|-resisted|p2a: Eelektross\n|-damage|p2a: Eelektross|57\/100\n|move|p2a: Eelektross|Giga Drain|p1a: THIS is Zoness?\n|-resisted|p1a: THIS is Zoness?\n|-damage|p1a: THIS is Zoness?|40\/100\n|-heal|p2a: Eelektross|62\/100|[from] drain|[of] p1a: THIS is Zoness?\n|\n|-weather|none\n|upkeep\n|turn|33\n|\n|t:|1698882450\n|move|p1a: THIS is Zoness?|Thunderbolt|p2a: Eelektross\n|-resisted|p2a: Eelektross\n|-damage|p2a: Eelektross|47\/100\n|move|p2a: Eelektross|Flamethrower|p1a: THIS is Zoness?\n|-supereffective|p1a: THIS is Zoness?\n|-damage|p1a: THIS is Zoness?|0 fnt\n|faint|p1a: THIS is Zoness?\n|\n|upkeep\n|\n|t:|1698882458\n|switch|p1a: PartyLycanrockstar|Lycanroc, M|100\/100\n|turn|34\n|\n|t:|1698882486\n|switch|p2a: Decidueye|Decidueye-Hisui, M|89\/100\n|move|p1a: PartyLycanrockstar|Stone Edge|p2a: Decidueye|[miss]\n|-miss|p1a: PartyLycanrockstar|p2a: Decidueye\n|\n|upkeep\n|turn|35\n|\n|t:|1698882494\n|switch|p1a: eepy|Musharna, M|88\/100 tox\n|move|p2a: Decidueye|Leaf Blade|p1a: eepy\n|-damage|p1a: eepy|52\/100 tox\n|\n|-heal|p1a: eepy|58\/100 tox|[from] item: Leftovers\n|-damage|p1a: eepy|52\/100 tox|[from] psn\n|upkeep\n|turn|36\n|\n|t:|1698882503\n|move|p2a: Decidueye|Leaf Blade|p1a: eepy\n|-damage|p1a: eepy|20\/100 tox\n|move|p1a: eepy|Moonlight|p1a: eepy\n|-heal|p1a: eepy|70\/100 tox\n|\n|-heal|p1a: eepy|76\/100 tox|[from] item: Leftovers\n|-damage|p1a: eepy|64\/100 tox|[from] psn\n|upkeep\n|turn|37\n|\n|t:|1698882510\n|move|p2a: Decidueye|Leaf Blade|p1a: eepy\n|-crit|p1a: eepy\n|-damage|p1a: eepy|17\/100 tox\n|move|p1a: eepy|Moonblast|p2a: Decidueye\n|-supereffective|p2a: Decidueye\n|-damage|p2a: Decidueye|11\/100\n|-unboost|p2a: Decidueye|spa|1\n|\n|-heal|p1a: eepy|23\/100 tox|[from] item: Leftovers\n|-damage|p1a: eepy|5\/100 tox|[from] psn\n|upkeep\n|turn|38\n|\n|t:|1698882522\n|move|p2a: Decidueye|Leaf Blade|p1a: eepy\n|-damage|p1a: eepy|0 fnt\n|faint|p1a: eepy\n|\n|upkeep\n|\n|t:|1698882524\n|switch|p1a: youre a big guy|Hippowdon, F|75\/100 tox\n|-weather|Sandstorm|[from] ability: Sand Stream|[of] p1a: youre a big guy\n|turn|39\n|\n|t:|1698882531\n|move|p2a: Decidueye|Leaf Blade|p1a: youre a big guy\n|-supereffective|p1a: youre a big guy\n|-crit|p1a: youre a big guy\n|-damage|p1a: youre a big guy|0 fnt\n|faint|p1a: youre a big guy\n|\n|-weather|Sandstorm|[upkeep]\n|-damage|p2a: Decidueye|5\/100|[from] Sandstorm\n|upkeep\n|\n|t:|1698882538\n|switch|p1a: PartyLycanrockstar|Lycanroc, M|100\/100\n|turn|40\n|\n|t:|1698882584\n|move|p1a: PartyLycanrockstar|Crunch|p2a: Decidueye\n|-resisted|p2a: Decidueye\n|-damage|p2a: Decidueye|0 fnt\n|faint|p2a: Decidueye\n|\n|-weather|Sandstorm|[upkeep]\n|upkeep\n|\n|t:|1698882589\n|switch|p2a: Lycanroc|Lycanroc, M|100\/100\n|turn|41\n|\n|t:|1698882595\n|move|p2a: Lycanroc|Drill Run|p1a: PartyLycanrockstar\n|-supereffective|p1a: PartyLycanrockstar\n|-damage|p1a: PartyLycanrockstar|26\/100\n|move|p1a: PartyLycanrockstar|Crunch|p2a: Lycanroc\n|-damage|p2a: Lycanroc|35\/100\n|-unboost|p2a: Lycanroc|def|1\n|\n|-weather|Sandstorm|[upkeep]\n|upkeep\n|turn|42\n|\n|t:|1698882601\n|move|p2a: Lycanroc|Accelerock|p1a: PartyLycanrockstar\n|-damage|p1a: PartyLycanrockstar|0 fnt\n|faint|p1a: PartyLycanrockstar\n|\n|win|zooki18\n","uploadtime":1698882606,"views":11,"p1id":"butterdk","p2id":"zooki18","formatid":"gen9nationaldexubers","rating":0,"private":0,"password":""}