{"id":"gen9nationaldexubers-1992423484","p1":"AegiSwaggy","p2":"GrundleGrimace","format":"[Gen 9] National Dex Ubers","log":"|j|\u2606AegiSwaggy\n|j|\u2606GrundleGrimace\n|t:|1700185843\n|gametype|singles\n|player|p1|AegiSwaggy|yellow|\n|player|p2|GrundleGrimace|zinzolin|\n|teamsize|p1|6\n|teamsize|p2|6\n|gen|9\n|tier|[Gen 9] National Dex Ubers\n|rule|HP Percentage Mod: HP is shown in percentages\n|rule|Endless Battle Clause: Forcing endless battles is banned\n|rule|OHKO Clause: OHKO moves are banned\n|rule|Evasion Moves Clause: Evasion moves are banned\n|rule|Evasion Items Clause: Evasion items are banned\n|rule|Species Clause: Limit one of each Pok\u00e9mon\n|rule|Sleep Clause Mod: Limit one foe put to sleep\n|rule|Mega Rayquaza Clause: You cannot mega evolve Rayquaza\n|clearpoke\n|poke|p1|Aegislash, M|\n|poke|p1|Garganacl, M|\n|poke|p1|Skeledirge, F|\n|poke|p1|Greninja-*, M|\n|poke|p1|Venusaur, F|\n|poke|p1|Great Tusk|\n|poke|p2|Hippowdon, M|\n|poke|p2|Excadrill, F|\n|poke|p2|Landorus, M|\n|poke|p2|Clodsire, M|\n|poke|p2|Mamoswine, F|\n|poke|p2|Garchomp, M|\n|teampreview\n|c|\u2606GrundleGrimace|glhf\n|c|\u2606AegiSwaggy|u2\n|c|\u2606AegiSwaggy|fairy garg\n|\n|t:|1700185901\n|start\n|switch|p1a: The Dauntless|Venusaur, F|100\/100\n|switch|p2a: Mr. Redundant|Hippowdon, M|100\/100\n|-weather|Sandstorm|[from] ability: Sand Stream|[of] p2a: Mr. Redundant\n|turn|1\n|\n|t:|1700185911\n|detailschange|p1a: The Dauntless|Venusaur-Mega, F\n|-mega|p1a: The Dauntless|Venusaur|Venusaurite\n|move|p1a: The Dauntless|Leech Seed|p2a: Mr. Redundant\n|-start|p2a: Mr. Redundant|move: Leech Seed\n|move|p2a: Mr. Redundant|Earthquake|p1a: The Dauntless\n|-damage|p1a: The Dauntless|73\/100\n|\n|-weather|Sandstorm|[upkeep]\n|-damage|p1a: The Dauntless|67\/100|[from] Sandstorm\n|-damage|p2a: Mr. Redundant|88\/100|[from] Leech Seed|[of] p1a: The Dauntless\n|-heal|p1a: The Dauntless|82\/100|[silent]\n|upkeep\n|turn|2\n|j| Rayqueerza32\n|c| Rayqueerza32|me next?\n|c|\u2606GrundleGrimace|sure\n|c|\u2606AegiSwaggy|hi goltres\n|c| Rayqueerza32|hi\n|c| Rayqueerza32|my team for our battle got deleted\n|\n|t:|1700185943\n|switch|p2a: Cold Love|Mamoswine, F|100\/100\n|move|p1a: The Dauntless|Leech Seed|p2a: Cold Love\n|-start|p2a: Cold Love|move: Leech Seed\n|\n|-weather|Sandstorm|[upkeep]\n|-damage|p1a: The Dauntless|75\/100|[from] Sandstorm\n|-damage|p2a: Cold Love|88\/100|[from] Leech Seed|[of] p1a: The Dauntless\n|-heal|p1a: The Dauntless|88\/100|[silent]\n|upkeep\n|turn|3\n|c| Rayqueerza32|so i gotta cook\n|\n|t:|1700185967\n|move|p2a: Cold Love|Earthquake|p1a: The Dauntless\n|-damage|p1a: The Dauntless|22\/100\n|move|p1a: The Dauntless|Giga Drain|p2a: Cold Love\n|-supereffective|p2a: Cold Love\n|-damage|p2a: Cold Love|0 fnt\n|-heal|p1a: The Dauntless|65\/100|[from] drain|[of] p2a: Cold Love\n|faint|p2a: Cold Love\n|\n|-weather|Sandstorm|[upkeep]\n|-damage|p1a: The Dauntless|59\/100|[from] Sandstorm\n|upkeep\n|\n|t:|1700185977\n|switch|p2a: Cocaine Jesus|Landorus, M|100\/100\n|turn|4\n|\n|t:|1700186010\n|switch|p1a: The Benighted|Skeledirge, F|100\/100\n|-item|p1a: The Benighted|Air Balloon\n|-terastallize|p2a: Cocaine Jesus|Ground\n|move|p2a: Cocaine Jesus|Earth Power|p1a: The Benighted\n|-immune|p1a: The Benighted\n|\n|-weather|Sandstorm|[upkeep]\n|-damage|p1a: The Benighted|94\/100|[from] Sandstorm\n|upkeep\n|turn|5\n|\n|t:|1700186041\n|switch|p2a: Pacific Love|Clodsire, M|100\/100\n|switch|p1a: The Deceiver|Aegislash, M, shiny|100\/100\n|\n|-weather|none\n|upkeep\n|turn|6\n|\n|t:|1700186058\n|switch|p1a: The Dauntless|Venusaur-Mega, F|59\/100\n|move|p2a: Pacific Love|Earthquake|p1a: The Dauntless\n|-damage|p1a: The Dauntless|43\/100\n|\n|upkeep\n|turn|7\n|\n|t:|1700186066\n|switch|p2a: Mr. Redundant|Hippowdon, M|88\/100\n|-weather|Sandstorm|[from] ability: Sand Stream|[of] p2a: Mr. Redundant\n|move|p1a: The Dauntless|Synthesis|p1a: The Dauntless\n|-heal|p1a: The Dauntless|68\/100\n|\n|-weather|Sandstorm|[upkeep]\n|-damage|p1a: The Dauntless|62\/100|[from] Sandstorm\n|-heal|p2a: Mr. Redundant|94\/100|[from] item: Leftovers\n|upkeep\n|turn|8\n|c| Rayqueerza32|aight fixed my team up\n|j| Jack0lantern89\n|c| Jack0lantern89|ballon durge\n|c| Jack0lantern89|:eyes:\n|c|\u2606GrundleGrimace|Its the same team you used against Snap right? Cause you need to use the same team for the whole E4\n|\n|t:|1700186122\n|switch|p2a: Cocaine Jesus|Landorus, M, tera:Ground|100\/100\n|move|p1a: The Dauntless|Giga Drain|p2a: Cocaine Jesus\n|-supereffective|p2a: Cocaine Jesus\n|-damage|p2a: Cocaine Jesus|19\/100\n|-heal|p1a: The Dauntless|98\/100|[from] drain|[of] p2a: Cocaine Jesus\n|\n|-weather|Sandstorm|[upkeep]\n|-damage|p1a: The Dauntless|92\/100|[from] Sandstorm\n|upkeep\n|turn|9\n|c|\u2606AegiSwaggy|i lost to snap last time i fought him so i changed it up\n|c| Rayqueerza32|i meant for our draft battle\n|c| Rayqueerza32|i havnt changed the league team\n|c| Rayqueerza32|i have made that mistake before\n|\n|t:|1700186146\n|move|p2a: Cocaine Jesus|Earth Power|p1a: The Dauntless\n|-crit|p1a: The Dauntless\n|-damage|p1a: The Dauntless|0 fnt\n|faint|p1a: The Dauntless\n|\n|-weather|Sandstorm|[upkeep]\n|upkeep\n|c|\u2606AegiSwaggy|YEEEEEEOWCH\n|c|\u2606GrundleGrimace|packed up\n|c|\u2606GrundleGrimace|rolled\n|c|\u2606GrundleGrimace|smoked\n|\n|t:|1700186174\n|switch|p1a: The Capricious|Greninja, M|100\/100\n|turn|10\n|c| Jack0lantern89|lando used power of friendship (evil) to get a crit\n|\n|t:|1700186181\n|switch|p2a: Pacific Love|Clodsire, M|100\/100\n|move|p1a: The Capricious|U-turn|p2a: Pacific Love\n|-start|p1a: The Capricious|typechange|Bug|[from] ability: Protean\n|-resisted|p2a: Pacific Love\n|-damage|p2a: Pacific Love|92\/100\n|\n|t:|1700186210\n|switch|p1a: The Curdled|Garganacl, M|100\/100|[from] U-turn\n|\n|-weather|Sandstorm|[upkeep]\n|-heal|p2a: Pacific Love|98\/100|[from] item: Black Sludge\n|upkeep\n|turn|11\n|\n|t:|1700186222\n|move|p1a: The Curdled|Iron Defense|p1a: The Curdled\n|-boost|p1a: The Curdled|def|2\n|move|p2a: Pacific Love|Earthquake|p1a: The Curdled\n|-supereffective|p1a: The Curdled\n|-damage|p1a: The Curdled|84\/100\n|\n|-weather|none\n|-heal|p1a: The Curdled|90\/100|[from] item: Leftovers\n|-heal|p2a: Pacific Love|100\/100|[from] item: Black Sludge\n|upkeep\n|turn|12\n|\n|t:|1700186234\n|switch|p2a: Mr. Redundant|Hippowdon, M|94\/100\n|-weather|Sandstorm|[from] ability: Sand Stream|[of] p2a: Mr. Redundant\n|move|p1a: The Curdled|Salt Cure|p2a: Mr. Redundant\n|-resisted|p2a: Mr. Redundant\n|-damage|p2a: Mr. Redundant|91\/100\n|-start|p2a: Mr. Redundant|Salt Cure\n|\n|-weather|Sandstorm|[upkeep]\n|-heal|p2a: Mr. Redundant|97\/100|[from] item: Leftovers\n|-heal|p1a: The Curdled|97\/100|[from] item: Leftovers\n|-damage|p2a: Mr. Redundant|85\/100|[from] Salt Cure\n|upkeep\n|turn|13\n|\n|t:|1700186245\n|move|p1a: The Curdled|Body Press|p2a: Mr. Redundant\n|-damage|p2a: Mr. Redundant|59\/100\n|move|p2a: Mr. Redundant|Whirlwind|p1a: The Curdled\n|drag|p1a: The Savage|Great Tusk|100\/100\n|\n|-weather|Sandstorm|[upkeep]\n|-heal|p2a: Mr. Redundant|65\/100|[from] item: Leftovers\n|-damage|p2a: Mr. Redundant|53\/100|[from] Salt Cure\n|upkeep\n|turn|14\n|c| Rayqueerza32|i am looking at this battle and am becoming more and more fearful of pdon and zygod complete\n|\n|t:|1700186269\n|move|p1a: The Savage|Headlong Rush|p2a: Mr. Redundant\n|-damage|p2a: Mr. Redundant|21\/100\n|-unboost|p1a: The Savage|def|1\n|-unboost|p1a: The Savage|spd|1\n|move|p2a: Mr. Redundant|Slack Off|p2a: Mr. Redundant\n|-heal|p2a: Mr. Redundant|71\/100\n|\n|-weather|Sandstorm|[upkeep]\n|-heal|p2a: Mr. Redundant|77\/100|[from] item: Leftovers\n|-damage|p2a: Mr. Redundant|65\/100|[from] Salt Cure\n|upkeep\n|turn|15\n|c| Jack0lantern89|where the atk investment\n|c| Jack0lantern89|cb does over 50%\n|c| Jack0lantern89|smh\n|\n|t:|1700186315\n|-end|p1a: The Savage|Protosynthesis|[silent]\n|switch|p1a: The Benighted|Skeledirge, F|94\/100\n|-item|p1a: The Benighted|Air Balloon\n|move|p2a: Mr. Redundant|Stealth Rock|p1a: The Benighted\n|-sidestart|p1: AegiSwaggy|move: Stealth Rock\n|\n|-weather|Sandstorm|[upkeep]\n|-damage|p1a: The Benighted|88\/100|[from] Sandstorm\n|-heal|p2a: Mr. Redundant|71\/100|[from] item: Leftovers\n|-damage|p2a: Mr. Redundant|58\/100|[from] Salt Cure\n|upkeep\n|turn|16\n|c|\u2606AegiSwaggy|im actually 0 attack modest\n|\n|t:|1700186331\n|switch|p2a: Pacific Love|Clodsire, M|100\/100\n|move|p1a: The Benighted|Will-O-Wisp|p2a: Pacific Love\n|-status|p2a: Pacific Love|brn\n|\n|-weather|none\n|-damage|p2a: Pacific Love|94\/100 brn|[from] brn\n|upkeep\n|turn|17\n|c| Rayqueerza32|the balloon dirge is a move\n|\n|t:|1700186352\n|switch|p1a: The Curdled|Garganacl, M|97\/100\n|-damage|p1a: The Curdled|84\/100|[from] Stealth Rock\n|switch|p2a: Mr. Redundant|Hippowdon, M|58\/100\n|-weather|Sandstorm|[from] ability: Sand Stream|[of] p2a: Mr. Redundant\n|\n|-weather|Sandstorm|[upkeep]\n|-heal|p2a: Mr. Redundant|65\/100|[from] item: Leftovers\n|-heal|p1a: The Curdled|90\/100|[from] item: Leftovers\n|upkeep\n|turn|18\n|l| Jack0lantern89\n|c| Rayqueerza32|im hoping that level of cooking goes into the draft battle\n|c|\u2606AegiSwaggy|ill try my best to cook up something fierce\n|c|\u2606AegiSwaggy|but ill never be rifk\n|c| Rayqueerza32|rifk made this team?\n|c|\u2606AegiSwaggy|no\n|c|\u2606AegiSwaggy|but rifk is a crazy chef\n|\n|t:|1700186400\n|move|p2a: Mr. Redundant|Earthquake|p1a: The Curdled\n|-supereffective|p1a: The Curdled\n|-damage|p1a: The Curdled|37\/100\n|move|p1a: The Curdled|Salt Cure|p2a: Mr. Redundant\n|-resisted|p2a: Mr. Redundant\n|-damage|p2a: Mr. Redundant|61\/100\n|-start|p2a: Mr. Redundant|Salt Cure\n|\n|-weather|Sandstorm|[upkeep]\n|-heal|p2a: Mr. Redundant|67\/100|[from] item: Leftovers\n|-heal|p1a: The Curdled|43\/100|[from] item: Leftovers\n|-damage|p2a: Mr. Redundant|55\/100|[from] Salt Cure\n|upkeep\n|turn|19\n|\n|t:|1700186429\n|switch|p2a: Cocaine Jesus|Landorus, M, tera:Ground|19\/100\n|-terastallize|p1a: The Curdled|Fairy\n|move|p1a: The Curdled|Recover|p1a: The Curdled\n|-heal|p1a: The Curdled|93\/100\n|\n|-weather|Sandstorm|[upkeep]\n|-damage|p1a: The Curdled|87\/100|[from] Sandstorm\n|-heal|p1a: The Curdled|93\/100|[from] item: Leftovers\n|upkeep\n|turn|20\n|c| Rayqueerza32|rifk got crackhead energy of a youth aka someone yuounger than me\n|\n|t:|1700186448\n|move|p2a: Cocaine Jesus|Sludge Wave|p1a: The Curdled\n|-supereffective|p1a: The Curdled\n|-damage|p1a: The Curdled|29\/100\n|move|p1a: The Curdled|Salt Cure|p2a: Cocaine Jesus\n|-resisted|p2a: Cocaine Jesus\n|-damage|p2a: Cocaine Jesus|11\/100\n|-start|p2a: Cocaine Jesus|Salt Cure\n|\n|-weather|Sandstorm|[upkeep]\n|-damage|p1a: The Curdled|23\/100|[from] Sandstorm\n|-heal|p1a: The Curdled|29\/100|[from] item: Leftovers\n|-damage|p2a: Cocaine Jesus|0 fnt|[from] Salt Cure\n|faint|p2a: Cocaine Jesus\n|upkeep\n|c| Rayqueerza32|and it is very hit or miss\n|\n|t:|1700186454\n|switch|p2a: Lady Lie|Excadrill, F|100\/100\n|turn|21\n|c| Rayqueerza32|cause like\n|\n|t:|1700186467\n|move|p2a: Lady Lie|Iron Head|p1a: The Curdled\n|-supereffective|p1a: The Curdled\n|-damage|p1a: The Curdled|0 fnt\n|faint|p1a: The Curdled\n|\n|-weather|none\n|upkeep\n|c| Rayqueerza32|if i don't bring noivern, all your punk rock or soundproof mons are useless\n|\n|t:|1700186479\n|switch|p1a: The Savage|Great Tusk|100\/100\n|-damage|p1a: The Savage|98\/100|[from] Stealth Rock\n|turn|22\n|c| Rayqueerza32|so its a gamble\n|\n|t:|1700186487\n|switch|p2a: Mr. Redundant|Hippowdon, M|55\/100\n|-weather|Sandstorm|[from] ability: Sand Stream|[of] p2a: Mr. Redundant\n|move|p1a: The Savage|Headlong Rush|p2a: Mr. Redundant\n|-damage|p2a: Mr. Redundant|24\/100\n|-unboost|p1a: The Savage|def|1\n|-unboost|p1a: The Savage|spd|1\n|\n|-weather|Sandstorm|[upkeep]\n|-heal|p2a: Mr. Redundant|30\/100|[from] item: Leftovers\n|upkeep\n|turn|23\n|\n|t:|1700186524\n|move|p1a: The Savage|Headlong Rush|p2a: Mr. Redundant\n|-damage|p2a: Mr. Redundant|0 fnt\n|-unboost|p1a: The Savage|def|1\n|-unboost|p1a: The Savage|spd|1\n|faint|p2a: Mr. Redundant\n|\n|-weather|Sandstorm|[upkeep]\n|upkeep\n|\n|t:|1700186525\n|switch|p2a: Polite Company|Garchomp, M|100\/100\n|turn|24\n|\n|t:|1700186564\n|-end|p1a: The Savage|Protosynthesis|[silent]\n|switch|p1a: The Deceiver|Aegislash, M, shiny|100\/100\n|-damage|p1a: The Deceiver|94\/100|[from] Stealth Rock\n|move|p2a: Polite Company|Swords Dance|p2a: Polite Company\n|-boost|p2a: Polite Company|atk|2\n|\n|-weather|Sandstorm|[upkeep]\n|-heal|p1a: The Deceiver|100\/100|[from] item: Leftovers\n|upkeep\n|turn|25\n|\n|t:|1700186582\n|detailschange|p2a: Polite Company|Garchomp-Mega, M\n|-mega|p2a: Polite Company|Garchomp|Garchompite\n|move|p2a: Polite Company|Earthquake|p1a: The Deceiver\n|-supereffective|p1a: The Deceiver\n|-damage|p1a: The Deceiver|0 fnt\n|faint|p1a: The Deceiver\n|\n|-weather|Sandstorm|[upkeep]\n|upkeep\n|\n|t:|1700186589\n|switch|p1a: The Capricious|Greninja, M|100\/100\n|-damage|p1a: The Capricious|88\/100|[from] Stealth Rock\n|turn|26\n|\n|t:|1700186605\n|move|p1a: The Capricious|Ice Beam|p2a: Polite Company\n|-start|p1a: The Capricious|typechange|Ice|[from] ability: Protean\n|-supereffective|p2a: Polite Company\n|-damage|p2a: Polite Company|0 fnt\n|faint|p2a: Polite Company\n|\n|-weather|none\n|upkeep\n|\n|t:|1700186610\n|switch|p2a: Lady Lie|Excadrill, F|100\/100\n|turn|27\n|\n|t:|1700186617\n|move|p1a: The Capricious|Ice Beam|p2a: Lady Lie\n|-crit|p2a: Lady Lie\n|-damage|p2a: Lady Lie|13\/100\n|move|p2a: Lady Lie|Rapid Spin|p1a: The Capricious\n|-damage|p1a: The Capricious|58\/100\n|-boost|p2a: Lady Lie|spe|1\n|\n|upkeep\n|turn|28\n|\n|t:|1700186625\n|move|p1a: The Capricious|Ice Beam|p2a: Lady Lie\n|-damage|p2a: Lady Lie|0 fnt\n|faint|p2a: Lady Lie\n|\n|upkeep\n|\n|t:|1700186630\n|switch|p2a: Pacific Love|Clodsire, M|94\/100 brn\n|turn|29\n|\n|t:|1700186634\n|move|p1a: The Capricious|Ice Beam|p2a: Pacific Love\n|-supereffective|p2a: Pacific Love\n|-damage|p2a: Pacific Love|47\/100 brn\n|move|p2a: Pacific Love|Toxic|p1a: The Capricious\n|-status|p1a: The Capricious|tox\n|\n|-heal|p2a: Pacific Love|54\/100 brn|[from] item: Black Sludge\n|-damage|p1a: The Capricious|52\/100 tox|[from] psn\n|-damage|p2a: Pacific Love|47\/100 brn|[from] brn\n|upkeep\n|turn|30\n|\n|t:|1700186640\n|move|p1a: The Capricious|Ice Beam|p2a: Pacific Love\n|-supereffective|p2a: Pacific Love\n|-damage|p2a: Pacific Love|0 fnt\n|faint|p2a: Pacific Love\n|\n|win|AegiSwaggy\n|c|\u2606AegiSwaggy|gg\n|c|\u2606GrundleGrimace|gg\n","uploadtime":1700186646,"views":23,"p1id":"aegiswaggy","p2id":"grundlegrimace","formatid":"gen9nationaldexubers","rating":0,"private":0,"password":""}