{"id":"gen9nationaldexubers-1990512895","p1":"85792195wwww","p2":"xinnobu","format":"[Gen 9] National Dex Ubers","log":"|j|\u260685792195wwww\n|j|\u2606xinnobu\n|t:|1699977606\n|gametype|singles\n|player|p1|85792195wwww|mira|1604\n|player|p2|xinnobu|elesa-gen5bw2|1742\n|teamsize|p1|6\n|teamsize|p2|6\n|gen|9\n|tier|[Gen 9] National Dex Ubers\n|rated|\n|rule|HP Percentage Mod: HP is shown in percentages\n|rule|Endless Battle Clause: Forcing endless battles is banned\n|rule|OHKO Clause: OHKO moves are banned\n|rule|Evasion Moves Clause: Evasion moves are banned\n|rule|Evasion Items Clause: Evasion items are banned\n|rule|Species Clause: Limit one of each Pok\u00e9mon\n|rule|Sleep Clause Mod: Limit one foe put to sleep\n|rule|Mega Rayquaza Clause: You cannot mega evolve Rayquaza\n|clearpoke\n|poke|p1|Zacian-*|\n|poke|p1|Arceus-Ground|\n|poke|p1|Deoxys-Speed|\n|poke|p1|Landorus, M|\n|poke|p1|Groudon|\n|poke|p1|Kyurem-Black|\n|poke|p2|Chien-Pao|\n|poke|p2|Ditto|\n|poke|p2|Kyogre|\n|poke|p2|Groudon|\n|poke|p2|Zacian-*|\n|poke|p2|Yveltal|\n|teampreview\n|\n|t:|1699977614\n|start\n|switch|p1a: Deoxys|Deoxys-Speed|100\/100\n|switch|p2a: Chien-Pao|Chien-Pao|100\/100\n|-ability|p1a: Deoxys|Pressure\n|-ability|p2a: Chien-Pao|Sword of Ruin\n|turn|1\n|\n|t:|1699977623\n|move|p1a: Deoxys|Stealth Rock|p2a: Chien-Pao\n|-sidestart|p2: xinnobu|move: Stealth Rock\n|move|p2a: Chien-Pao|Crunch|p1a: Deoxys\n|-supereffective|p1a: Deoxys\n|-enditem|p1a: Deoxys|Focus Sash\n|-damage|p1a: Deoxys|1\/100\n|\n|upkeep\n|turn|2\n|\n|t:|1699977631\n|move|p1a: Deoxys|Spikes|p2a: Chien-Pao\n|-sidestart|p2: xinnobu|Spikes\n|move|p2a: Chien-Pao|Crunch|p1a: Deoxys\n|-supereffective|p1a: Deoxys\n|-damage|p1a: Deoxys|0 fnt\n|faint|p1a: Deoxys\n|\n|upkeep\n|\n|t:|1699977639\n|switch|p1a: Zacian|Zacian-Crowned|100\/100\n|-ability|p1a: Zacian|Intrepid Sword|boost\n|-boost|p1a: Zacian|atk|1\n|turn|3\n|\n|t:|1699977653\n|move|p1a: Zacian|Behemoth Blade|p2a: Chien-Pao\n|-supereffective|p2a: Chien-Pao\n|-enditem|p2a: Chien-Pao|Focus Sash\n|-damage|p2a: Chien-Pao|1\/100\n|move|p2a: Chien-Pao|Icicle Crash|p1a: Zacian|[miss]\n|-miss|p2a: Chien-Pao|p1a: Zacian\n|\n|upkeep\n|turn|4\n|\n|t:|1699977661\n|move|p2a: Chien-Pao|Sucker Punch|p1a: Zacian\n|-resisted|p1a: Zacian\n|-damage|p1a: Zacian|78\/100\n|move|p1a: Zacian|Behemoth Blade|p2a: Chien-Pao\n|-supereffective|p2a: Chien-Pao\n|-damage|p2a: Chien-Pao|0 fnt\n|faint|p2a: Chien-Pao\n|\n|upkeep\n|\n|t:|1699977664\n|switch|p2a: Ditto|Ditto|100\/100\n|-damage|p2a: Ditto|88\/100|[from] Stealth Rock\n|-damage|p2a: Ditto|76\/100|[from] Spikes\n|-transform|p2a: Ditto|p1a: Zacian|[from] ability: Imposter\n|-ability|p2a: Ditto|Intrepid Sword|boost\n|-boost|p2a: Ditto|atk|1\n|turn|5\n|\n|t:|1699977680\n|move|p2a: Ditto|Behemoth Blade|p1a: Zacian\n|-damage|p1a: Zacian|0 fnt\n|faint|p1a: Zacian\n|\n|upkeep\n|\n|t:|1699977686\n|switch|p1a: Groudon|Groudon|100\/100\n|detailschange|p1a: Groudon|Groudon-Primal\n|-primal|p1a: Groudon|Red Orb\n|-weather|DesolateLand|[from] ability: Desolate Land|[of] p1a: Groudon\n|turn|6\n|\n|t:|1699977693\n|switch|p2a: Yveltal|Yveltal|100\/100\n|-damage|p2a: Yveltal|76\/100|[from] Stealth Rock\n|-ability|p2a: Yveltal|Dark Aura\n|move|p1a: Groudon|Heat Crash|p2a: Yveltal\n|-damage|p2a: Yveltal|0 fnt\n|faint|p2a: Yveltal\n|\n|-weather|DesolateLand|[upkeep]\n|upkeep\n|\n|t:|1699977697\n|switch|p2a: Kyogre|Kyogre|100\/100\n|-damage|p2a: Kyogre|88\/100|[from] Stealth Rock\n|-damage|p2a: Kyogre|76\/100|[from] Spikes\n|detailschange|p2a: Kyogre|Kyogre-Primal\n|-primal|p2a: Kyogre|Blue Orb\n|-weather|PrimordialSea|[from] ability: Primordial Sea|[of] p2a: Kyogre\n|turn|7\n|\n|t:|1699977711\n|switch|p1a: Landorus|Landorus, M|100\/100\n|move|p2a: Kyogre|Origin Pulse|p1a: Landorus\n|-supereffective|p1a: Landorus\n|-damage|p1a: Landorus|0 fnt\n|faint|p1a: Landorus\n|\n|-weather|PrimordialSea|[upkeep]\n|upkeep\n|\n|t:|1699977721\n|switch|p1a: Kyurem|Kyurem-Black|100\/100\n|-ability|p1a: Kyurem|Teravolt\n|turn|8\n|\n|t:|1699977730\n|move|p2a: Kyogre|Origin Pulse|p1a: Kyurem\n|-resisted|p1a: Kyurem\n|-damage|p1a: Kyurem|50\/100\n|move|p1a: Kyurem|Dragon Dance|p1a: Kyurem\n|-boost|p1a: Kyurem|atk|1\n|-boost|p1a: Kyurem|spe|1\n|\n|-weather|PrimordialSea|[upkeep]\n|upkeep\n|turn|9\n|\n|t:|1699977738\n|-weather|none\n|switch|p2a: Zacian|Zacian-Crowned|100\/100\n|-damage|p2a: Zacian|94\/100|[from] Stealth Rock\n|-damage|p2a: Zacian|82\/100|[from] Spikes\n|-ability|p2a: Zacian|Intrepid Sword|boost\n|-boost|p2a: Zacian|atk|1\n|move|p1a: Kyurem|Fusion Bolt|p2a: Zacian\n|-damage|p2a: Zacian|19\/100\n|\n|upkeep\n|turn|10\n|\n|t:|1699977750\n|-terastallize|p1a: Kyurem|Electric\n|move|p2a: Zacian|Behemoth Blade|p1a: Kyurem\n|-resisted|p1a: Kyurem\n|-damage|p1a: Kyurem|16\/100\n|move|p1a: Kyurem|Fusion Bolt|p2a: Zacian\n|-damage|p2a: Zacian|0 fnt\n|faint|p2a: Zacian\n|\n|upkeep\n|\n|t:|1699977755\n|switch|p2a: Ditto|Ditto|76\/100\n|-damage|p2a: Ditto|63\/100|[from] Stealth Rock\n|-damage|p2a: Ditto|51\/100|[from] Spikes\n|-transform|p2a: Ditto|p1a: Kyurem|[from] ability: Imposter\n|-ability|p2a: Ditto|Teravolt\n|-start|p2a: Ditto|typechange|Dragon\/Ice|[silent]\n|turn|11\n|\n|t:|1699977769\n|move|p2a: Ditto|Icicle Spear|p1a: Kyurem\n|-damage|p1a: Kyurem|0 fnt\n|faint|p1a: Kyurem\n|-hitcount|p1: Kyurem|1\n|\n|upkeep\n|\n|t:|1699977774\n|switch|p1a: Groudon|Groudon-Primal|100\/100\n|-weather|DesolateLand|[from] ability: Desolate Land|[of] p1a: Groudon\n|turn|12\n|\n|t:|1699977780\n|switch|p2a: Groudon|Groudon|100\/100\n|-damage|p2a: Groudon|94\/100|[from] Stealth Rock\n|-damage|p2a: Groudon|82\/100|[from] Spikes\n|detailschange|p2a: Groudon|Groudon-Primal\n|-primal|p2a: Groudon|Red Orb\n|move|p1a: Groudon|Heat Crash|p2a: Groudon\n|-resisted|p2a: Groudon\n|-damage|p2a: Groudon|69\/100\n|\n|-weather|DesolateLand|[upkeep]\n|upkeep\n|turn|13\n|\n|t:|1699977791\n|move|p1a: Groudon|Precipice Blades|p2a: Groudon\n|-supereffective|p2a: Groudon\n|-damage|p2a: Groudon|0 fnt\n|faint|p2a: Groudon\n|\n|-weather|DesolateLand|[upkeep]\n|upkeep\n|\n|t:|1699977793\n|switch|p2a: Kyogre|Kyogre-Primal|76\/100\n|-damage|p2a: Kyogre|64\/100|[from] Stealth Rock\n|-damage|p2a: Kyogre|51\/100|[from] Spikes\n|-weather|PrimordialSea|[from] ability: Primordial Sea|[of] p2a: Kyogre\n|turn|14\n|\n|t:|1699977803\n|move|p2a: Kyogre|Origin Pulse|p1a: Groudon\n|-supereffective|p1a: Groudon\n|-damage|p1a: Groudon|0 fnt\n|faint|p1a: Groudon\n|\n|-weather|PrimordialSea|[upkeep]\n|upkeep\n|\n|t:|1699977809\n|switch|p1a: Arceus|Arceus-Ground|100\/100\n|turn|15\n|\n|t:|1699977813\n|-zpower|p1a: Arceus\n|move|p1a: Arceus|Tectonic Rage|p2a: Kyogre|[zeffect]\n|-damage|p2a: Kyogre|0 fnt\n|faint|p2a: Kyogre\n|-weather|none\n|\n|upkeep\n|\n|t:|1699977815\n|switch|p2a: Ditto|Ditto|51\/100\n|-damage|p2a: Ditto|39\/100|[from] Stealth Rock\n|-damage|p2a: Ditto|26\/100|[from] Spikes\n|-transform|p2a: Ditto|p1a: Arceus|[from] ability: Imposter\n|turn|16\n|\n|t:|1699977827\n|move|p2a: Ditto|Earthquake|p1a: Arceus\n|-damage|p1a: Arceus|62\/100\n|move|p1a: Arceus|Earthquake|p2a: Ditto\n|-damage|p2a: Ditto|0 fnt\n|faint|p2a: Ditto\n|\n|win|85792195wwww\n|raw|85792195wwww's rating: 1604 &rarr; <strong>1632<\/strong><br \/>(+28 for winning)\n|raw|xinnobu's rating: 1742 &rarr; <strong>1714<\/strong><br \/>(-28 for losing)\n|l|\u2606xinnobu\n","uploadtime":1699977836,"views":7,"p1id":"85792195wwww","p2id":"xinnobu","formatid":"gen9nationaldexubers","rating":1632,"private":0,"password":""}