{"id":"gen9nationaldexubers-1978549410","p1":"kaikalos","p2":"UrLocalEmpire","format":"[Gen 9] National Dex Ubers","log":"|j|\u2606kaikalos\n|j|\u2606UrLocalEmpire\n|t:|1698554271\n|gametype|singles\n|player|p1|kaikalos|schoolkid|1149\n|player|p2|UrLocalEmpire|hilbert|1060\n|teamsize|p1|6\n|teamsize|p2|6\n|gen|9\n|tier|[Gen 9] National Dex Ubers\n|rated|\n|rule|HP Percentage Mod: HP is shown in percentages\n|rule|Endless Battle Clause: Forcing endless battles is banned\n|rule|OHKO Clause: OHKO moves are banned\n|rule|Evasion Moves Clause: Evasion moves are banned\n|rule|Evasion Items Clause: Evasion items are banned\n|rule|Species Clause: Limit one of each Pok\u00e9mon\n|rule|Sleep Clause Mod: Limit one foe put to sleep\n|rule|Mega Rayquaza Clause: You cannot mega evolve Rayquaza\n|clearpoke\n|poke|p1|Ogerpon, F|\n|poke|p1|Ceruledge, F|\n|poke|p1|Azumarill, F|\n|poke|p1|Lopunny, F|\n|poke|p1|Necrozma-Dawn-Wings|\n|poke|p1|Togedemaru, L1, F|\n|poke|p2|Gliscor, M|\n|poke|p2|Heatran, F|\n|poke|p2|Zacian-*|\n|poke|p2|Gengar, M|\n|poke|p2|Scizor, M|\n|poke|p2|Lilligant, F|\n|teampreview\n|\n|t:|1698554281\n|start\n|switch|p1a: Ratoelho|Azumarill, F, shiny|100\/100\n|switch|p2a: Lilligant|Lilligant, F|100\/100\n|turn|1\n|\n|t:|1698554289\n|move|p2a: Lilligant|Light Screen|p2a: Lilligant\n|-sidestart|p2: UrLocalEmpire|move: Light Screen\n|move|p1a: Ratoelho|Ice Spinner|p2a: Lilligant\n|-supereffective|p2a: Lilligant\n|-damage|p2a: Lilligant|7\/100\n|\n|-heal|p2a: Lilligant|13\/100|[from] item: Leftovers\n|upkeep\n|turn|2\n|\n|t:|1698554296\n|move|p1a: Ratoelho|Aqua Jet|p2a: Lilligant\n|-resisted|p2a: Lilligant\n|-damage|p2a: Lilligant|0 fnt\n|faint|p2a: Lilligant\n|\n|upkeep\n|\n|t:|1698554301\n|switch|p2a: Gliscor|Gliscor, M|100\/100\n|turn|3\n|\n|t:|1698554312\n|move|p2a: Gliscor|Knock Off|p1a: Ratoelho\n|-resisted|p1a: Ratoelho\n|-damage|p1a: Ratoelho|83\/100\n|-enditem|p1a: Ratoelho|Leftovers|[from] move: Knock Off|[of] p2a: Gliscor\n|-damage|p2a: Gliscor|91\/100|[from] item: Life Orb\n|move|p1a: Ratoelho|Ice Spinner|p2a: Gliscor\n|-supereffective|p2a: Gliscor\n|-damage|p2a: Gliscor|0 fnt\n|faint|p2a: Gliscor\n|\n|upkeep\n|\n|t:|1698554321\n|switch|p2a: Heatran|Heatran, F|100\/100\n|-item|p2a: Heatran|Air Balloon\n|turn|4\n|\n|t:|1698554327\n|switch|p2a: Zacian|Zacian-Crowned|100\/100\n|-ability|p2a: Zacian|Intrepid Sword|boost\n|-boost|p2a: Zacian|atk|1\n|move|p1a: Ratoelho|Aqua Jet|p2a: Zacian\n|-damage|p2a: Zacian|79\/100\n|\n|upkeep\n|turn|5\n|\n|t:|1698554338\n|move|p2a: Zacian|Sacred Sword|p1a: Ratoelho\n|-resisted|p1a: Ratoelho\n|-damage|p1a: Ratoelho|54\/100\n|move|p1a: Ratoelho|Belly Drum|p1a: Ratoelho\n|-damage|p1a: Ratoelho|4\/100\n|-setboost|p1a: Ratoelho|atk|6|[from] move: Belly Drum\n|\n|-sideend|p2: UrLocalEmpire|move: Light Screen\n|upkeep\n|turn|6\n|\n|t:|1698554344\n|move|p1a: Ratoelho|Aqua Jet|p2a: Zacian\n|-damage|p2a: Zacian|5\/100\n|move|p2a: Zacian|Dazzling Gleam|p1a: Ratoelho\n|-damage|p1a: Ratoelho|0 fnt\n|faint|p1a: Ratoelho\n|\n|upkeep\n|\n|t:|1698554350\n|switch|p1a: Cueia|Lopunny, F|100\/100\n|turn|7\n|\n|t:|1698554357\n|detailschange|p1a: Cueia|Lopunny-Mega, F\n|-mega|p1a: Cueia|Lopunny|Lopunnite\n|move|p1a: Cueia|Fake Out|p2a: Zacian\n|-resisted|p2a: Zacian\n|-damage|p2a: Zacian|0 fnt\n|faint|p2a: Zacian\n|\n|upkeep\n|\n|t:|1698554362\n|switch|p2a: Gengar|Gengar, M|100\/100\n|turn|8\n|\n|t:|1698554366\n|move|p1a: Cueia|Return|p2a: Gengar\n|-damage|p2a: Gengar|0 fnt\n|-start|p1a: Cueia|Disable|Return|[from] ability: Cursed Body|[of] p2a: Gengar\n|faint|p2a: Gengar\n|\n|upkeep\n|\n|t:|1698554370\n|switch|p2a: Scizor|Scizor, M|100\/100\n|turn|9\n|\n|t:|1698554381\n|move|p2a: Scizor|Bullet Punch|p1a: Cueia\n|-damage|p1a: Cueia|78\/100\n|move|p1a: Cueia|Drain Punch|p2a: Scizor\n|-damage|p2a: Scizor|59\/100\n|-heal|p1a: Cueia|99\/100|[from] drain|[of] p2a: Scizor\n|\n|-heal|p2a: Scizor|65\/100|[from] item: Leftovers\n|upkeep\n|turn|10\n|\n|t:|1698554389\n|move|p2a: Scizor|Bullet Punch|p1a: Cueia\n|-damage|p1a: Cueia|76\/100\n|move|p1a: Cueia|Drain Punch|p2a: Scizor\n|-damage|p2a: Scizor|25\/100\n|-heal|p1a: Cueia|97\/100|[from] drain|[of] p2a: Scizor\n|\n|-heal|p2a: Scizor|31\/100|[from] item: Leftovers\n|upkeep\n|turn|11\n|\n|t:|1698554395\n|move|p1a: Cueia|Drain Punch|p2a: Scizor\n|-damage|p2a: Scizor|0 fnt\n|-heal|p1a: Cueia|100\/100|[from] drain|[of] p2a: Scizor\n|faint|p2a: Scizor\n|\n|-end|p1a: Cueia|Disable\n|upkeep\n|\n|t:|1698554398\n|switch|p2a: Heatran|Heatran, F|100\/100\n|-item|p2a: Heatran|Air Balloon\n|turn|12\n|\n|t:|1698554402\n|move|p1a: Cueia|Drain Punch|p2a: Heatran\n|-supereffective|p2a: Heatran\n|-damage|p2a: Heatran|24\/100\n|-enditem|p2a: Heatran|Air Balloon\n|move|p2a: Heatran|Fire Blast|p1a: Cueia|[miss]\n|-miss|p2a: Heatran|p1a: Cueia\n|\n|upkeep\n|turn|13\n|\n|t:|1698554406\n|move|p1a: Cueia|Drain Punch|p2a: Heatran\n|-supereffective|p2a: Heatran\n|-crit|p2a: Heatran\n|-damage|p2a: Heatran|0 fnt\n|faint|p2a: Heatran\n|\n|win|kaikalos\n|raw|kaikalos's rating: 1149 &rarr; <strong>1168<\/strong><br \/>(+19 for winning)\n|raw|UrLocalEmpire's rating: 1060 &rarr; <strong>1046<\/strong><br \/>(-14 for losing)\n|l|\u2606UrLocalEmpire\n","uploadtime":1698554416,"views":11,"p1id":"kaikalos","p2id":"urlocalempire","formatid":"gen9nationaldexubers","rating":1046,"private":0,"password":""}