{"id":"gen9nationaldexubers-1999600796","p1":"caduhellfire","p2":"Billseeker Raikou1","format":"[Gen 9] National Dex Ubers","log":"|j|\u2606caduhellfire\n|j|\u2606Billseeker Raikou1\n|t:|1701100066\n|gametype|singles\n|player|p1|caduhellfire|lucas|1024\n|player|p2|Billseeker Raikou1|unknown|1077\n|teamsize|p1|6\n|teamsize|p2|6\n|gen|9\n|tier|[Gen 9] National Dex Ubers\n|rated|\n|rule|HP Percentage Mod: HP is shown in percentages\n|rule|Endless Battle Clause: Forcing endless battles is banned\n|rule|OHKO Clause: OHKO moves are banned\n|rule|Evasion Moves Clause: Evasion moves are banned\n|rule|Evasion Items Clause: Evasion items are banned\n|rule|Species Clause: Limit one of each Pok\u00e9mon\n|rule|Sleep Clause Mod: Limit one foe put to sleep\n|rule|Mega Rayquaza Clause: You cannot mega evolve Rayquaza\n|clearpoke\n|poke|p1|Magnezone|\n|poke|p1|Gengar, M|\n|poke|p1|Gyarados, F|\n|poke|p1|Exeggutor-Alola, M|\n|poke|p1|Gallade, M|\n|poke|p1|Infernape, M|\n|poke|p2|Galvantula, F|\n|poke|p2|Marshadow|\n|poke|p2|Smeargle, M|\n|poke|p2|Necrozma-Dusk-Mane|\n|poke|p2|Zacian-*|\n|poke|p2|Forretress, M|\n|teampreview\n|\n|t:|1701100074\n|start\n|switch|p1a: Gengar|Gengar, M|100\/100\n|switch|p2a: gohma|Galvantula, F, shiny|100\/100\n|turn|1\n|c|\u2606Billseeker Raikou1|glhf\n|\n|t:|1701100085\n|move|p2a: gohma|Thunder Wave|p1a: Gengar\n|-status|p1a: Gengar|par\n|cant|p1a: Gengar|par\n|\n|upkeep\n|turn|2\n|\n|t:|1701100091\n|move|p2a: gohma|Sticky Web|p1a: Gengar\n|-sidestart|p1: caduhellfire|move: Sticky Web\n|move|p1a: Gengar|Drain Punch|p2a: gohma\n|-resisted|p2a: gohma\n|-damage|p2a: gohma|90\/100\n|\n|upkeep\n|turn|3\n|\n|t:|1701100098\n|move|p2a: gohma|Thunder|p1a: Gengar\n|-damage|p1a: Gengar|39\/100 par\n|-start|p2a: gohma|Disable|Thunder|[from] ability: Cursed Body|[of] p1a: Gengar\n|-enditem|p1a: Gengar|Sitrus Berry|[eat]\n|-heal|p1a: Gengar|64\/100 par|[from] item: Sitrus Berry\n|move|p1a: Gengar|Shadow Ball|p2a: gohma\n|-damage|p2a: gohma|36\/100\n|\n|upkeep\n|turn|4\n|\n|t:|1701100110\n|move|p2a: gohma|Bug Buzz|p1a: Gengar\n|-resisted|p1a: Gengar\n|-damage|p1a: Gengar|53\/100 par\n|move|p1a: Gengar|Shadow Ball|p2a: gohma\n|-damage|p2a: gohma|0 fnt\n|faint|p2a: gohma\n|\n|upkeep\n|\n|t:|1701100114\n|switch|p2a: ancient spinner|Forretress, M|100\/100\n|turn|5\n|\n|t:|1701100119\n|move|p1a: Gengar|Drain Punch|p2a: ancient spinner\n|-damage|p2a: ancient spinner|94\/100\n|-heal|p1a: Gengar|58\/100 par|[from] drain|[of] p2a: ancient spinner\n|-enditem|p2a: ancient spinner|Red Card|[of] p1a: Gengar\n|drag|p1a: Gyarados|Gyarados, F|100\/100\n|-ability|p1a: Gyarados|Intimidate|boost\n|-unboost|p2a: ancient spinner|atk|1\n|move|p2a: ancient spinner|Stealth Rock|p1a: Gyarados\n|-sidestart|p1: caduhellfire|move: Stealth Rock\n|\n|upkeep\n|turn|6\n|\n|t:|1701100140\n|move|p2a: ancient spinner|Toxic Spikes|p1a: Gyarados\n|-sidestart|p1: caduhellfire|move: Toxic Spikes\n|move|p1a: Gyarados|Avalanche|p2a: ancient spinner\n|-resisted|p2a: ancient spinner\n|-damage|p2a: ancient spinner|88\/100\n|\n|upkeep\n|turn|7\n|\n|t:|1701100148\n|detailschange|p1a: Gyarados|Gyarados-Mega, F\n|-mega|p1a: Gyarados|Gyarados|Gyaradosite\n|-ability|p1a: Gyarados|Mold Breaker\n|move|p1a: Gyarados|Surf|p2a: ancient spinner\n|-damage|p2a: ancient spinner|57\/100\n|move|p2a: ancient spinner|Toxic Spikes|p1a: Gyarados\n|-sidestart|p1: caduhellfire|move: Toxic Spikes\n|\n|upkeep\n|turn|8\n|\n|t:|1701100157\n|move|p1a: Gyarados|Surf|p2a: ancient spinner\n|-damage|p2a: ancient spinner|23\/100\n|move|p2a: ancient spinner|Gyro Ball|p1a: Gyarados\n|-resisted|p1a: Gyarados\n|-damage|p1a: Gyarados|94\/100\n|\n|upkeep\n|turn|9\n|\n|t:|1701100194\n|move|p1a: Gyarados|Surf|p2a: ancient spinner\n|-damage|p2a: ancient spinner|0 fnt\n|faint|p2a: ancient spinner\n|\n|upkeep\n|\n|t:|1701100200\n|switch|p2a: ganondorf|Marshadow|100\/100\n|turn|10\n|\n|t:|1701100204\n|move|p2a: ganondorf|Rock Tomb|p1a: Gyarados\n|-damage|p1a: Gyarados|62\/100\n|-unboost|p1a: Gyarados|spe|1\n|move|p1a: Gyarados|Crunch|p2a: ganondorf\n|-damage|p2a: ganondorf|40\/100\n|\n|upkeep\n|turn|11\n|\n|t:|1701100219\n|switch|p1a: Exeggutor|Exeggutor-Alola, M|100\/100\n|-activate|p1a: Exeggutor|move: Sticky Web\n|-unboost|p1a: Exeggutor|spe|1\n|-damage|p1a: Exeggutor|88\/100|[from] Stealth Rock\n|-status|p1a: Exeggutor|tox\n|move|p2a: ganondorf|Rock Tomb|p1a: Exeggutor\n|-damage|p1a: Exeggutor|58\/100 tox\n|-unboost|p1a: Exeggutor|spe|1\n|\n|-damage|p1a: Exeggutor|52\/100 tox|[from] psn\n|upkeep\n|turn|12\n|\n|t:|1701100233\n|move|p2a: ganondorf|Rock Tomb|p1a: Exeggutor\n|-damage|p1a: Exeggutor|24\/100 tox\n|-unboost|p1a: Exeggutor|spe|1\n|-enditem|p1a: Exeggutor|Sitrus Berry|[eat]\n|-heal|p1a: Exeggutor|49\/100 tox|[from] item: Sitrus Berry\n|move|p1a: Exeggutor|Dragon Pulse|p2a: ganondorf\n|-damage|p2a: ganondorf|0 fnt\n|faint|p2a: ganondorf\n|\n|-damage|p1a: Exeggutor|37\/100 tox|[from] psn\n|upkeep\n|\n|t:|1701100241\n|switch|p2a: korok|Smeargle, M|100\/100\n|turn|13\n|\n|t:|1701100245\n|switch|p1a: Gengar|Gengar, M|58\/100 par\n|-activate|p1a: Gengar|move: Sticky Web\n|-unboost|p1a: Gengar|spe|1\n|-damage|p1a: Gengar|46\/100 par|[from] Stealth Rock\n|-sideend|p1: caduhellfire|move: Toxic Spikes|[of] p1a: Gengar\n|move|p2a: korok|Substitute|p2a: korok\n|-start|p2a: korok|Substitute\n|-damage|p2a: korok|76\/100\n|\n|-heal|p2a: korok|82\/100|[from] item: Leftovers\n|-ability|p2a: korok|Moody|boost\n|-boost|p2a: korok|atk|2\n|-unboost|p2a: korok|spa|1\n|upkeep\n|turn|14\n|\n|t:|1701100259\n|move|p2a: korok|Spiky Shield|p2a: korok\n|-singleturn|p2a: korok|move: Protect\n|move|p1a: Gengar|Shadow Ball|p2a: korok\n|-activate|p2a: korok|move: Protect\n|\n|-heal|p2a: korok|88\/100|[from] item: Leftovers\n|-ability|p2a: korok|Moody|boost\n|-boost|p2a: korok|def|2\n|-unboost|p2a: korok|spe|1\n|upkeep\n|turn|15\n|\n|t:|1701100269\n|move|p2a: korok|Substitute|p2a: korok\n|-fail|p2a: korok|move: Substitute\n|move|p1a: Gengar|Shadow Ball|p2a: korok\n|-immune|p2a: korok\n|\n|-heal|p2a: korok|94\/100|[from] item: Leftovers\n|-ability|p2a: korok|Moody|boost\n|-boost|p2a: korok|spd|2\n|-unboost|p2a: korok|def|1\n|upkeep\n|turn|16\n|c|\u2606Billseeker Raikou1|normal is immune to ghost\n|\n|t:|1701100278\n|move|p2a: korok|Spiky Shield|p2a: korok\n|-singleturn|p2a: korok|move: Protect\n|move|p1a: Gengar|Drain Punch|p2a: korok\n|-activate|p2a: korok|move: Protect\n|-damage|p1a: Gengar|33\/100 par|[from] Spiky Shield|[of] p2a: korok\n|\n|-heal|p2a: korok|99\/100|[from] item: Leftovers\n|-ability|p2a: korok|Moody|boost\n|-boost|p2a: korok|def|2\n|-unboost|p2a: korok|atk|1\n|upkeep\n|turn|17\n|\n|t:|1701100290\n|move|p2a: korok|Substitute|p2a: korok\n|-fail|p2a: korok|move: Substitute\n|move|p1a: Gengar|Drain Punch|p2a: korok\n|-supereffective|p2a: korok\n|-end|p2a: korok|Substitute\n|-heal|p1a: Gengar|45\/100 par|[from] drain|[of] p2a: korok\n|\n|-heal|p2a: korok|100\/100|[from] item: Leftovers\n|-ability|p2a: korok|Moody|boost\n|-boost|p2a: korok|spa|2\n|-unboost|p2a: korok|atk|1\n|upkeep\n|turn|18\n|\n|t:|1701100300\n|move|p2a: korok|Spiky Shield|p2a: korok\n|-singleturn|p2a: korok|move: Protect\n|move|p1a: Gengar|Drain Punch|p2a: korok\n|-activate|p2a: korok|move: Protect\n|-damage|p1a: Gengar|33\/100 par|[from] Spiky Shield|[of] p2a: korok\n|\n|-ability|p2a: korok|Moody|boost\n|-boost|p2a: korok|spe|2\n|-unboost|p2a: korok|atk|1\n|upkeep\n|turn|19\n|\n|t:|1701100309\n|move|p2a: korok|Substitute|p2a: korok\n|-start|p2a: korok|Substitute\n|-damage|p2a: korok|76\/100\n|cant|p1a: Gengar|par\n|\n|-heal|p2a: korok|82\/100|[from] item: Leftovers\n|-ability|p2a: korok|Moody|boost\n|-boost|p2a: korok|def|2\n|-unboost|p2a: korok|atk|1\n|upkeep\n|turn|20\n|\n|t:|1701100320\n|move|p2a: korok|Spiky Shield|p2a: korok\n|-singleturn|p2a: korok|move: Protect\n|move|p1a: Gengar|Drain Punch|p2a: korok\n|-activate|p2a: korok|move: Protect\n|-damage|p1a: Gengar|21\/100 par|[from] Spiky Shield|[of] p2a: korok\n|\n|-heal|p2a: korok|88\/100|[from] item: Leftovers\n|-ability|p2a: korok|Moody|boost\n|-boost|p2a: korok|spe|2\n|-unboost|p2a: korok|spa|1\n|upkeep\n|turn|21\n|\n|t:|1701100330\n|move|p2a: korok|Substitute|p2a: korok\n|-fail|p2a: korok|move: Substitute\n|move|p1a: Gengar|Drain Punch|p2a: korok\n|-supereffective|p2a: korok\n|-activate|p2a: korok|move: Substitute|[damage]\n|-heal|p1a: Gengar|32\/100 par|[from] drain|[of] p2a: korok\n|\n|-heal|p2a: korok|94\/100|[from] item: Leftovers\n|-ability|p2a: korok|Moody|boost\n|-boost|p2a: korok|def|1\n|-unboost|p2a: korok|spd|1\n|upkeep\n|turn|22\n|\n|t:|1701100341\n|move|p2a: korok|Spiky Shield|p2a: korok\n|-singleturn|p2a: korok|move: Protect\n|cant|p1a: Gengar|par\n|\n|-heal|p2a: korok|99\/100|[from] item: Leftovers\n|-ability|p2a: korok|Moody|boost\n|-boost|p2a: korok|spa|2\n|-unboost|p2a: korok|atk|1\n|upkeep\n|turn|23\n|\n|t:|1701100350\n|move|p2a: korok|Substitute|p2a: korok\n|-fail|p2a: korok|move: Substitute\n|move|p1a: Gengar|Drain Punch|p2a: korok\n|-supereffective|p2a: korok\n|-end|p2a: korok|Substitute\n|-heal|p1a: Gengar|33\/100 par|[from] drain|[of] p2a: korok\n|\n|-heal|p2a: korok|100\/100|[from] item: Leftovers\n|-ability|p2a: korok|Moody|boost\n|-boost|p2a: korok|spe|2\n|-unboost|p2a: korok|def|1\n|upkeep\n|turn|24\n|\n|t:|1701100360\n|move|p2a: korok|Spiky Shield|p2a: korok\n|-singleturn|p2a: korok|move: Protect\n|move|p1a: Gengar|Drain Punch|p2a: korok\n|-activate|p2a: korok|move: Protect\n|-damage|p1a: Gengar|20\/100 par|[from] Spiky Shield|[of] p2a: korok\n|\n|-ability|p2a: korok|Moody|boost\n|-boost|p2a: korok|atk|2\n|-unboost|p2a: korok|def|1\n|upkeep\n|turn|25\n|\n|t:|1701100369\n|move|p2a: korok|Substitute|p2a: korok\n|-start|p2a: korok|Substitute\n|-damage|p2a: korok|76\/100\n|cant|p1a: Gengar|par\n|\n|-heal|p2a: korok|82\/100|[from] item: Leftovers\n|-ability|p2a: korok|Moody|boost\n|-boost|p2a: korok|def|2\n|-unboost|p2a: korok|atk|1\n|upkeep\n|turn|26\n|inactive|Battle timer is ON: inactive players will automatically lose when time's up. (requested by caduhellfire)\n|\n|t:|1701100378\n|move|p2a: korok|Spiky Shield|p2a: korok\n|-singleturn|p2a: korok|move: Protect\n|move|p1a: Gengar|Drain Punch|p2a: korok\n|-activate|p2a: korok|move: Protect\n|-damage|p1a: Gengar|8\/100 par|[from] Spiky Shield|[of] p2a: korok\n|\n|-heal|p2a: korok|88\/100|[from] item: Leftovers\n|-ability|p2a: korok|Moody|boost\n|-boost|p2a: korok|atk|2\n|-unboost|p2a: korok|spa|1\n|upkeep\n|turn|27\n|\n|t:|1701100388\n|move|p2a: korok|Power Trip|p1a: Gengar\n|-supereffective|p1a: Gengar\n|-damage|p1a: Gengar|0 fnt\n|faint|p1a: Gengar\n|\n|-heal|p2a: korok|94\/100|[from] item: Leftovers\n|-ability|p2a: korok|Moody|boost\n|-boost|p2a: korok|spd|2\n|-unboost|p2a: korok|def|1\n|upkeep\n|\n|t:|1701100398\n|switch|p1a: Gallade|Gallade, M|100\/100\n|-activate|p1a: Gallade|move: Sticky Web\n|-unboost|p1a: Gallade|spe|1\n|-damage|p1a: Gallade|94\/100|[from] Stealth Rock\n|turn|28\n|\n|t:|1701100404\n|-terastallize|p2a: korok|Dark\n|move|p2a: korok|Power Trip|p1a: Gallade\n|-damage|p1a: Gallade|0 fnt\n|faint|p1a: Gallade\n|\n|-heal|p2a: korok|99\/100|[from] item: Leftovers\n|-ability|p2a: korok|Moody|boost\n|-boost|p2a: korok|spa|2\n|-unboost|p2a: korok|spe|1\n|upkeep\n|\n|t:|1701100415\n|switch|p1a: Infernape|Infernape, M|100\/100\n|-activate|p1a: Infernape|move: Sticky Web\n|-unboost|p1a: Infernape|spe|1\n|-damage|p1a: Infernape|88\/100|[from] Stealth Rock\n|turn|29\n|\n|t:|1701100421\n|move|p2a: korok|Power Trip|p1a: Infernape\n|-resisted|p1a: Infernape\n|-damage|p1a: Infernape|52\/100\n|move|p1a: Infernape|Drain Punch|p2a: korok\n|-supereffective|p2a: korok\n|-end|p2a: korok|Substitute\n|-heal|p1a: Infernape|63\/100|[from] drain|[of] p2a: korok\n|\n|-heal|p2a: korok|100\/100|[from] item: Leftovers\n|-ability|p2a: korok|Moody|boost\n|-boost|p2a: korok|atk|2\n|-unboost|p2a: korok|def|1\n|upkeep\n|turn|30\n|\n|t:|1701100433\n|move|p2a: korok|Power Trip|p1a: Infernape\n|-resisted|p1a: Infernape\n|-damage|p1a: Infernape|0 fnt\n|faint|p1a: Infernape\n|\n|-ability|p2a: korok|Moody|boost\n|-boost|p2a: korok|spa|2\n|-unboost|p2a: korok|spd|1\n|upkeep\n|-message|caduhellfire forfeited.\n|\n|win|Billseeker Raikou1\n|raw|caduhellfire's rating: 1024 &rarr; <strong>1012<\/strong><br \/>(-12 for losing)\n|raw|Billseeker Raikou1's rating: 1077 &rarr; <strong>1101<\/strong><br \/>(+24 for winning)\n|l|\u2606caduhellfire\n|l|\u2606Billseeker Raikou1\n|j|\u2606Billseeker Raikou1\n|player|p2|Billseeker Raikou1|unknown\n","uploadtime":1701100459,"views":2,"p1id":"caduhellfire","p2id":"billseekerraikou1","formatid":"gen9nationaldexubers","rating":1012,"private":0,"password":""}