{"id":"gen9nationaldexubers-1984628030","p1":"chescor49","p2":"huevo_pipipi","format":"[Gen 9] National Dex Ubers","log":"|j|\u2606chescor49\n|j|\u2606huevo_pipipi\n|t:|1699285932\n|gametype|singles\n|player|p1|chescor49|266|\n|player|p2|huevo_pipipi|akari|\n|teamsize|p1|6\n|teamsize|p2|6\n|gen|9\n|tier|[Gen 9] National Dex Ubers\n|rule|HP Percentage Mod: HP is shown in percentages\n|rule|Endless Battle Clause: Forcing endless battles is banned\n|rule|OHKO Clause: OHKO moves are banned\n|rule|Evasion Moves Clause: Evasion moves are banned\n|rule|Evasion Items Clause: Evasion items are banned\n|rule|Species Clause: Limit one of each Pok\u00e9mon\n|rule|Sleep Clause Mod: Limit one foe put to sleep\n|rule|Mega Rayquaza Clause: You cannot mega evolve Rayquaza\n|clearpoke\n|poke|p1|Blastoise, M|\n|poke|p1|Clefable, F|\n|poke|p1|Ferrothorn, M|\n|poke|p1|Skeledirge, M|\n|poke|p1|Baxcalibur, M|\n|poke|p1|Gliscor, M|\n|poke|p2|Sableye, M|\n|poke|p2|Hydreigon, M|\n|poke|p2|Skeledirge, M|\n|poke|p2|Grimmsnarl, M|\n|poke|p2|Muk-Alola, M|\n|poke|p2|Kingambit, M|\n|teampreview\n|\n|t:|1699285954\n|start\n|switch|p1a: Gliscor|Gliscor, M|100\/100\n|switch|p2a: Mike|Sableye, M|100\/100\n|turn|1\n|\n|t:|1699285964\n|switch|p1a: Baxcalibur|Baxcalibur, M|100\/100\n|detailschange|p2a: Mike|Sableye-Mega, M\n|-mega|p2a: Mike|Sableye|Sablenite\n|move|p2a: Mike|Will-O-Wisp|p1a: Baxcalibur\n|-immune|p1a: Baxcalibur|[from] ability: Thermal Exchange\n|\n|upkeep\n|turn|2\n|\n|t:|1699285975\n|switch|p2a: Coco|Skeledirge, M|100\/100\n|move|p1a: Baxcalibur|Dragon Dance|p1a: Baxcalibur\n|-boost|p1a: Baxcalibur|atk|1\n|-boost|p1a: Baxcalibur|spe|1\n|\n|upkeep\n|turn|3\n|\n|t:|1699285992\n|-terastallize|p2a: Coco|Dark\n|move|p1a: Baxcalibur|Earthquake|p2a: Coco\n|-damage|p2a: Coco|75\/100\n|move|p2a: Coco|Torch Song|p1a: Baxcalibur\n|-damage|p1a: Baxcalibur|70\/100\n|-boost|p2a: Coco|spa|1\n|-ability|p1a: Baxcalibur|Thermal Exchange|boost\n|-boost|p1a: Baxcalibur|atk|1\n|\n|upkeep\n|turn|4\n|\n|t:|1699286006\n|move|p1a: Baxcalibur|Glaive Rush|p2a: Coco\n|-damage|p2a: Coco|31\/100\n|-singlemove|p1a: Baxcalibur|Glaive Rush|[silent]\n|-damage|p1a: Baxcalibur|53\/100|[from] item: Rocky Helmet|[of] p2a: Coco\n|move|p2a: Coco|Slack Off|p2a: Coco\n|-heal|p2a: Coco|81\/100\n|\n|upkeep\n|turn|5\n|\n|t:|1699286021\n|switch|p1a: Clefable|Clefable, F|100\/100\n|move|p2a: Coco|Shadow Ball|p1a: Clefable\n|-damage|p1a: Clefable|58\/100\n|\n|-heal|p1a: Clefable|64\/100|[from] item: Leftovers\n|upkeep\n|turn|6\n|\n|t:|1699286036\n|switch|p2a: Mike|Sableye-Mega, M|100\/100\n|move|p1a: Clefable|Moonblast|p2a: Mike\n|-supereffective|p2a: Mike\n|-damage|p2a: Mike|43\/100\n|\n|-heal|p1a: Clefable|70\/100|[from] item: Leftovers\n|upkeep\n|turn|7\n|\n|t:|1699286048\n|switch|p2a: Goliath|Muk-Alola, M|100\/100\n|move|p1a: Clefable|Calm Mind|p1a: Clefable\n|-boost|p1a: Clefable|spa|1\n|-boost|p1a: Clefable|spd|1\n|\n|-heal|p1a: Clefable|76\/100|[from] item: Leftovers\n|upkeep\n|turn|8\n|\n|t:|1699286055\n|switch|p1a: Gliscor|Gliscor, M|100\/100\n|move|p2a: Goliath|Poison Jab|p1a: Gliscor\n|-resisted|p1a: Gliscor\n|-damage|p1a: Gliscor|89\/100\n|\n|-status|p1a: Gliscor|tox|[from] item: Toxic Orb\n|upkeep\n|turn|9\n|\n|t:|1699286098\n|switch|p2a: Mike|Sableye-Mega, M|43\/100\n|move|p1a: Gliscor|Knock Off|p2a: Mike\n|-damage|p2a: Mike|30\/100\n|\n|-heal|p1a: Gliscor|100\/100 tox|[from] ability: Poison Heal\n|upkeep\n|turn|10\n|\n|t:|1699286106\n|move|p2a: Mike|Protect|p2a: Mike\n|-singleturn|p2a: Mike|Protect\n|move|p1a: Gliscor|Earthquake|p2a: Mike\n|-activate|p2a: Mike|move: Protect\n|\n|upkeep\n|turn|11\n|\n|t:|1699286116\n|switch|p2a: Hydra|Hydreigon, M|100\/100\n|move|p1a: Gliscor|Earthquake|p2a: Hydra\n|-immune|p2a: Hydra|[from] ability: Levitate\n|\n|upkeep\n|turn|12\n|\n|t:|1699286124\n|move|p2a: Hydra|Dark Pulse|p1a: Gliscor\n|-crit|p1a: Gliscor\n|-damage|p1a: Gliscor|37\/100 tox\n|move|p1a: Gliscor|Knock Off|p2a: Hydra\n|-resisted|p2a: Hydra\n|-damage|p2a: Hydra|88\/100\n|-enditem|p2a: Hydra|Choice Scarf|[from] move: Knock Off|[of] p1a: Gliscor\n|\n|-heal|p1a: Gliscor|49\/100 tox|[from] ability: Poison Heal\n|upkeep\n|turn|13\n|\n|t:|1699286151\n|switch|p1a: Clefable|Clefable, F|76\/100\n|move|p2a: Hydra|Flamethrower|p1a: Clefable\n|-damage|p1a: Clefable|48\/100\n|\n|-heal|p1a: Clefable|54\/100|[from] item: Leftovers\n|upkeep\n|turn|14\n|\n|t:|1699286161\n|switch|p2a: Goliath|Muk-Alola, M|100\/100\n|move|p1a: Clefable|Moonblast|p2a: Goliath\n|-damage|p2a: Goliath|87\/100\n|\n|-heal|p1a: Clefable|60\/100|[from] item: Leftovers\n|upkeep\n|turn|15\n|\n|t:|1699286185\n|switch|p1a: Gliscor|Gliscor, M|49\/100 tox\n|move|p2a: Goliath|Knock Off|p1a: Gliscor\n|-damage|p1a: Gliscor|18\/100 tox\n|-enditem|p1a: Gliscor|Toxic Orb|[from] move: Knock Off|[of] p2a: Goliath\n|\n|-heal|p1a: Gliscor|30\/100 tox|[from] ability: Poison Heal\n|upkeep\n|turn|16\n|\n|t:|1699286210\n|move|p1a: Gliscor|Stealth Rock|p2a: Goliath\n|-sidestart|p2: huevo_pipipi|move: Stealth Rock\n|move|p2a: Goliath|Explosion|p1a: Gliscor\n|-damage|p1a: Gliscor|0 fnt\n|faint|p2a: Goliath\n|faint|p1a: Gliscor\n|\n|upkeep\n|\n|t:|1699286225\n|switch|p1a: Blastoise|Blastoise, M|100\/100\n|switch|p2a: General Tablos|Grimmsnarl, M, shiny|100\/100\n|-damage|p2a: General Tablos|88\/100|[from] Stealth Rock\n|turn|17\n|\n|t:|1699286231\n|switch|p1a: Clefable|Clefable, F|60\/100\n|move|p2a: General Tablos|Light Screen|p2a: General Tablos\n|-sidestart|p2: huevo_pipipi|move: Light Screen\n|\n|-heal|p1a: Clefable|66\/100|[from] item: Leftovers\n|upkeep\n|turn|18\n|\n|t:|1699286238\n|move|p2a: General Tablos|Parting Shot|p1a: Clefable\n|-unboost|p1a: Clefable|atk|1\n|-unboost|p1a: Clefable|spa|1\n|\n|t:|1699286246\n|switch|p2a: Blade|Kingambit, M|100\/100|[from] Parting Shot\n|-damage|p2a: Blade|94\/100|[from] Stealth Rock\n|-activate|p2a: Blade|ability: Supreme Overlord\n|-start|p2a: Blade|fallen1|[silent]\n|move|p1a: Clefable|Calm Mind|p1a: Clefable\n|-boost|p1a: Clefable|spa|1\n|-boost|p1a: Clefable|spd|1\n|\n|-heal|p1a: Clefable|72\/100|[from] item: Leftovers\n|upkeep\n|turn|19\n|\n|t:|1699286262\n|switch|p1a: Skeledirge|Skeledirge, M|100\/100\n|move|p2a: Blade|Kowtow Cleave|p1a: Skeledirge\n|-supereffective|p1a: Skeledirge\n|-enditem|p1a: Skeledirge|Colbur Berry|[eat]\n|-enditem|p1a: Skeledirge|Colbur Berry|[weaken]\n|-damage|p1a: Skeledirge|51\/100\n|\n|upkeep\n|turn|20\n|\n|t:|1699286282\n|move|p1a: Skeledirge|Will-O-Wisp|p2a: Blade\n|-status|p2a: Blade|brn\n|move|p2a: Blade|Kowtow Cleave|p1a: Skeledirge\n|-supereffective|p1a: Skeledirge\n|-damage|p1a: Skeledirge|0 fnt\n|faint|p1a: Skeledirge\n|\n|-damage|p2a: Blade|88\/100 brn|[from] brn\n|upkeep\n|\n|t:|1699286289\n|switch|p1a: Ferrothorn|Ferrothorn, M|100\/100\n|turn|21\n|\n|t:|1699286299\n|-end|p2a: Blade|fallen1|[silent]\n|switch|p2a: Mike|Sableye-Mega, M|30\/100\n|-damage|p2a: Mike|17\/100|[from] Stealth Rock\n|move|p1a: Ferrothorn|Body Press|p2a: Mike\n|-immune|p2a: Mike\n|\n|upkeep\n|turn|22\n|\n|t:|1699286308\n|switch|p1a: Baxcalibur|Baxcalibur, M|53\/100\n|move|p2a: Mike|Recover|p2a: Mike\n|-heal|p2a: Mike|67\/100\n|\n|upkeep\n|turn|23\n|\n|t:|1699286317\n|move|p1a: Baxcalibur|Dragon Dance|p1a: Baxcalibur\n|-boost|p1a: Baxcalibur|atk|1\n|-boost|p1a: Baxcalibur|spe|1\n|move|p2a: Mike|Toxic|p1a: Baxcalibur\n|-status|p1a: Baxcalibur|tox\n|\n|-damage|p1a: Baxcalibur|47\/100 tox|[from] psn\n|upkeep\n|turn|24\n|\n|t:|1699286327\n|move|p2a: Mike|Protect|p2a: Mike\n|-singleturn|p2a: Mike|Protect\n|move|p1a: Baxcalibur|Icicle Spear|p2a: Mike\n|-activate|p2a: Mike|move: Protect\n|\n|-damage|p1a: Baxcalibur|35\/100 tox|[from] psn\n|-sideend|p2: huevo_pipipi|move: Light Screen\n|upkeep\n|turn|25\n|\n|t:|1699286354\n|switch|p2a: Blade|Kingambit, M|88\/100 brn\n|-damage|p2a: Blade|82\/100 brn|[from] Stealth Rock\n|-activate|p2a: Blade|ability: Supreme Overlord\n|-start|p2a: Blade|fallen1|[silent]\n|move|p1a: Baxcalibur|Icicle Spear|p2a: Blade\n|-resisted|p2a: Blade\n|-damage|p2a: Blade|74\/100 brn\n|-resisted|p2a: Blade\n|-damage|p2a: Blade|66\/100 brn\n|-resisted|p2a: Blade\n|-crit|p2a: Blade\n|-damage|p2a: Blade|53\/100 brn\n|-resisted|p2a: Blade\n|-damage|p2a: Blade|45\/100 brn\n|-resisted|p2a: Blade\n|-damage|p2a: Blade|36\/100 brn\n|-hitcount|p2a: Blade|5\n|\n|-damage|p1a: Baxcalibur|16\/100 tox|[from] psn\n|-damage|p2a: Blade|29\/100 brn|[from] brn\n|upkeep\n|turn|26\n|\n|t:|1699286377\n|switch|p1a: Ferrothorn|Ferrothorn, M|100\/100\n|move|p2a: Blade|Iron Head|p1a: Ferrothorn\n|-resisted|p1a: Ferrothorn\n|-damage|p1a: Ferrothorn|89\/100\n|-damage|p2a: Blade|17\/100 brn|[from] ability: Iron Barbs|[of] p1a: Ferrothorn\n|-damage|p2a: Blade|0 fnt|[from] item: Rocky Helmet|[of] p1a: Ferrothorn\n|faint|p2a: Blade\n|-end|p2a: Blade|fallen1|[silent]\n|\n|upkeep\n|\n|t:|1699286394\n|switch|p2a: Hydra|Hydreigon, M|88\/100\n|-damage|p2a: Hydra|76\/100|[from] Stealth Rock\n|turn|27\n|\n|t:|1699286409\n|move|p2a: Hydra|Dark Pulse|p1a: Ferrothorn\n|-damage|p1a: Ferrothorn|55\/100\n|move|p1a: Ferrothorn|Leech Seed|p2a: Hydra\n|-start|p2a: Hydra|move: Leech Seed\n|\n|-damage|p2a: Hydra|64\/100|[from] Leech Seed|[of] p1a: Ferrothorn\n|-heal|p1a: Ferrothorn|67\/100|[silent]\n|upkeep\n|turn|28\n|\n|t:|1699286414\n|switch|p2a: General Tablos|Grimmsnarl, M, shiny|88\/100\n|-damage|p2a: General Tablos|76\/100|[from] Stealth Rock\n|switch|p1a: Clefable|Clefable, F|72\/100\n|\n|-heal|p1a: Clefable|78\/100|[from] item: Leftovers\n|upkeep\n|turn|29\n|\n|t:|1699286423\n|move|p2a: General Tablos|Light Screen|p2a: General Tablos\n|-sidestart|p2: huevo_pipipi|move: Light Screen\n|move|p1a: Clefable|Moonblast|p2a: General Tablos\n|-supereffective|p2a: General Tablos\n|-damage|p2a: General Tablos|40\/100\n|\n|-heal|p1a: Clefable|85\/100|[from] item: Leftovers\n|upkeep\n|turn|30\n|\n|t:|1699286431\n|switch|p1a: Baxcalibur|Baxcalibur, M|16\/100 tox\n|move|p2a: General Tablos|Parting Shot|p1a: Baxcalibur\n|-unboost|p1a: Baxcalibur|atk|1\n|-unboost|p1a: Baxcalibur|spa|1\n|\n|t:|1699286442\n|switch|p2a: Coco|Skeledirge, M, tera:Dark|81\/100|[from] Parting Shot\n|-damage|p2a: Coco|68\/100|[from] Stealth Rock\n|\n|-damage|p1a: Baxcalibur|10\/100 tox|[from] psn\n|upkeep\n|turn|31\n|\n|t:|1699286451\n|switch|p1a: Blastoise|Blastoise, M|100\/100\n|move|p2a: Coco|Slack Off|p2a: Coco\n|-heal|p2a: Coco|100\/100\n|\n|upkeep\n|turn|32\n|\n|t:|1699286470\n|detailschange|p1a: Blastoise|Blastoise-Mega, M\n|-mega|p1a: Blastoise|Blastoise|Blastoisinite\n|move|p1a: Blastoise|Shell Smash|p1a: Blastoise\n|-unboost|p1a: Blastoise|def|1\n|-unboost|p1a: Blastoise|spd|1\n|-boost|p1a: Blastoise|atk|2\n|-boost|p1a: Blastoise|spa|2\n|-boost|p1a: Blastoise|spe|2\n|move|p2a: Coco|Shadow Ball|p1a: Blastoise\n|-damage|p1a: Blastoise|69\/100\n|\n|upkeep\n|turn|33\n|l|\u2606huevo_pipipi\n|player|p2|\n|j|\u2606huevo_pipipi\n|player|p2|huevo_pipipi|akari\n|\n|t:|1699286515\n|move|p1a: Blastoise|Aura Sphere|p2a: Coco\n|-supereffective|p2a: Coco\n|-damage|p2a: Coco|47\/100\n|move|p2a: Coco|Shadow Ball|p1a: Blastoise\n|-damage|p1a: Blastoise|40\/100\n|\n|upkeep\n|turn|34\n|\n|t:|1699286528\n|move|p1a: Blastoise|Substitute|p1a: Blastoise\n|-start|p1a: Blastoise|Substitute\n|-damage|p1a: Blastoise|16\/100\n|move|p2a: Coco|Shadow Ball|p1a: Blastoise\n|-end|p1a: Blastoise|Substitute\n|\n|upkeep\n|turn|35\n|\n|t:|1699286552\n|switch|p2a: Mike|Sableye-Mega, M|67\/100\n|-damage|p2a: Mike|55\/100|[from] Stealth Rock\n|move|p1a: Blastoise|Aura Sphere|p2a: Mike\n|-immune|p2a: Mike\n|\n|upkeep\n|turn|36\n|\n|t:|1699286561\n|move|p1a: Blastoise|Water Pulse|p2a: Mike\n|-damage|p2a: Mike|8\/100\n|move|p2a: Mike|Toxic|p1a: Blastoise\n|-status|p1a: Blastoise|tox\n|\n|-damage|p1a: Blastoise|10\/100 tox|[from] psn\n|-sideend|p2: huevo_pipipi|move: Light Screen\n|upkeep\n|turn|37\n|\n|t:|1699286570\n|move|p2a: Mike|Protect|p2a: Mike\n|-singleturn|p2a: Mike|Protect\n|move|p1a: Blastoise|Water Pulse|p2a: Mike\n|-activate|p2a: Mike|move: Protect\n|\n|-damage|p1a: Blastoise|0 fnt|[from] psn\n|faint|p1a: Blastoise\n|upkeep\n|\n|t:|1699286592\n|switch|p1a: Clefable|Clefable, F|85\/100\n|turn|38\n|\n|t:|1699286608\n|move|p1a: Clefable|Calm Mind|p1a: Clefable\n|-boost|p1a: Clefable|spa|1\n|-boost|p1a: Clefable|spd|1\n|move|p2a: Mike|Toxic|p1a: Clefable\n|-status|p1a: Clefable|tox\n|\n|-heal|p1a: Clefable|91\/100 tox|[from] item: Leftovers\n|upkeep\n|turn|39\n|\n|t:|1699286616\n|move|p1a: Clefable|Moonblast|p2a: Mike\n|-supereffective|p2a: Mike\n|-damage|p2a: Mike|0 fnt\n|faint|p2a: Mike\n|\n|-heal|p1a: Clefable|97\/100 tox|[from] item: Leftovers\n|upkeep\n|\n|t:|1699286621\n|switch|p2a: General Tablos|Grimmsnarl, M, shiny|40\/100\n|-damage|p2a: General Tablos|27\/100|[from] Stealth Rock\n|turn|40\n|l|\u2606chescor49\n|player|p1|\n|j|\u2606chescor49\n|player|p1|chescor49|266\n|\n|t:|1699286820\n|move|p2a: General Tablos|Light Screen|p2a: General Tablos\n|-sidestart|p2: huevo_pipipi|move: Light Screen\n|move|p1a: Clefable|Moonblast|p2a: General Tablos\n|-supereffective|p2a: General Tablos\n|-damage|p2a: General Tablos|0 fnt\n|faint|p2a: General Tablos\n|\n|-heal|p1a: Clefable|100\/100 tox|[from] item: Leftovers\n|upkeep\n|\n|t:|1699286825\n|switch|p2a: Coco|Skeledirge, M, tera:Dark|47\/100\n|-damage|p2a: Coco|34\/100|[from] Stealth Rock\n|turn|41\n|\n|t:|1699286836\n|move|p2a: Coco|Slack Off|p2a: Coco\n|-heal|p2a: Coco|84\/100\n|move|p1a: Clefable|Moonblast|p2a: Coco\n|-supereffective|p2a: Coco\n|-damage|p2a: Coco|51\/100\n|\n|upkeep\n|turn|42\n|\n|t:|1699286847\n|move|p2a: Coco|Slack Off|p2a: Coco\n|-heal|p2a: Coco|100\/100\n|move|p1a: Clefable|Moonblast|p2a: Coco\n|-supereffective|p2a: Coco\n|-damage|p2a: Coco|68\/100\n|\n|upkeep\n|turn|43\n|\n|t:|1699286860\n|move|p2a: Coco|Torch Song|p1a: Clefable\n|-damage|p1a: Clefable|73\/100 tox\n|-boost|p2a: Coco|spa|1\n|move|p1a: Clefable|Moonblast|p2a: Coco\n|-supereffective|p2a: Coco\n|-damage|p2a: Coco|38\/100\n|\n|-heal|p1a: Clefable|79\/100 tox|[from] item: Leftovers\n|upkeep\n|turn|44\n|\n|t:|1699286871\n|move|p2a: Coco|Slack Off|p2a: Coco\n|-heal|p2a: Coco|88\/100\n|move|p1a: Clefable|Moonblast|p2a: Coco\n|-supereffective|p2a: Coco\n|-damage|p2a: Coco|53\/100\n|-unboost|p2a: Coco|spa|1\n|\n|-heal|p1a: Clefable|85\/100 tox|[from] item: Leftovers\n|upkeep\n|turn|45\n|\n|t:|1699286882\n|move|p2a: Coco|Torch Song|p1a: Clefable\n|-damage|p1a: Clefable|54\/100 tox\n|-boost|p2a: Coco|spa|1\n|move|p1a: Clefable|Moonblast|p2a: Coco\n|-supereffective|p2a: Coco\n|-damage|p2a: Coco|18\/100\n|\n|-heal|p1a: Clefable|60\/100 tox|[from] item: Leftovers\n|upkeep\n|turn|46\n|\n|t:|1699286909\n|move|p2a: Coco|Slack Off|p2a: Coco\n|-heal|p2a: Coco|68\/100\n|move|p1a: Clefable|Moonblast|p2a: Coco\n|-supereffective|p2a: Coco\n|-damage|p2a: Coco|37\/100\n|\n|-heal|p1a: Clefable|66\/100 tox|[from] item: Leftovers\n|upkeep\n|turn|47\n|\n|t:|1699286918\n|move|p2a: Coco|Torch Song|p1a: Clefable\n|-damage|p1a: Clefable|27\/100 tox\n|-boost|p2a: Coco|spa|1\n|move|p1a: Clefable|Soft-Boiled|p1a: Clefable\n|-heal|p1a: Clefable|77\/100 tox\n|\n|-heal|p1a: Clefable|83\/100 tox|[from] item: Leftovers\n|-sideend|p2: huevo_pipipi|move: Light Screen\n|upkeep\n|turn|48\n|\n|t:|1699286933\n|move|p2a: Coco|Torch Song|p1a: Clefable\n|-damage|p1a: Clefable|24\/100 tox\n|-boost|p2a: Coco|spa|1\n|move|p1a: Clefable|Moonblast|p2a: Coco\n|-supereffective|p2a: Coco\n|-damage|p2a: Coco|0 fnt\n|faint|p2a: Coco\n|\n|-heal|p1a: Clefable|30\/100 tox|[from] item: Leftovers\n|upkeep\n|\n|t:|1699286940\n|switch|p2a: Hydra|Hydreigon, M|64\/100\n|-damage|p2a: Hydra|51\/100|[from] Stealth Rock\n|turn|49\n|\n|t:|1699286971\n|move|p2a: Hydra|Flamethrower|p1a: Clefable\n|-damage|p1a: Clefable|9\/100 tox\n|move|p1a: Clefable|Moonblast|p2a: Hydra\n|-supereffective|p2a: Hydra\n|-damage|p2a: Hydra|0 fnt\n|faint|p2a: Hydra\n|\n|win|chescor49\n","uploadtime":1699286991,"views":16,"p1id":"chescor49","p2id":"huevopipipi","formatid":"gen9nationaldexubers","rating":0,"private":0,"password":""}