{"id":"gen9nationaldexubers-1977747659","p1":"JEMIAO","p2":"commonapi","format":"[Gen 9] National Dex Ubers","log":"|j|\u2606JEMIAO\n|j|\u2606commonapi\n|t:|1698444936\n|gametype|singles\n|player|p1|JEMIAO|preschoolerf|1510\n|player|p2|commonapi|102|1824\n|teamsize|p1|6\n|teamsize|p2|6\n|gen|9\n|tier|[Gen 9] National Dex Ubers\n|rated|\n|rule|HP Percentage Mod: HP is shown in percentages\n|rule|Endless Battle Clause: Forcing endless battles is banned\n|rule|OHKO Clause: OHKO moves are banned\n|rule|Evasion Moves Clause: Evasion moves are banned\n|rule|Evasion Items Clause: Evasion items are banned\n|rule|Species Clause: Limit one of each Pok\u00e9mon\n|rule|Sleep Clause Mod: Limit one foe put to sleep\n|rule|Mega Rayquaza Clause: You cannot mega evolve Rayquaza\n|clearpoke\n|poke|p1|Houndstone, F|\n|poke|p1|Illumise, F|\n|poke|p1|Groudon|\n|poke|p1|Xerneas-*|\n|poke|p1|Tyranitar, F|\n|poke|p1|Giratina-Origin|\n|poke|p2|Ho-Oh|\n|poke|p2|Groudon|\n|poke|p2|Zacian-*|\n|poke|p2|Arceus|\n|poke|p2|Xerneas-*|\n|poke|p2|Kyogre|\n|teampreview\n|inactive|Battle timer is ON: inactive players will automatically lose when time's up. (requested by JEMIAO)\n|\n|t:|1698444950\n|start\n|switch|p1a: Tyranitar|Tyranitar, F|100\/100\n|switch|p2a: Zacian|Zacian-Crowned|100\/100\n|-ability|p2a: Zacian|Intrepid Sword|boost\n|-boost|p2a: Zacian|atk|1\n|-weather|Sandstorm|[from] ability: Sand Stream|[of] p1a: Tyranitar\n|turn|1\n|\n|t:|1698444957\n|switch|p1a: Groudon|Groudon|100\/100\n|detailschange|p1a: Groudon|Groudon-Primal\n|-primal|p1a: Groudon|Red Orb\n|-weather|DesolateLand|[from] ability: Desolate Land|[of] p1a: Groudon\n|move|p2a: Zacian|Behemoth Blade|p1a: Groudon\n|-resisted|p1a: Groudon\n|-damage|p1a: Groudon|73\/100\n|\n|-weather|DesolateLand|[upkeep]\n|upkeep\n|turn|2\n|\n|t:|1698444969\n|switch|p2a: Ho-Oh|Ho-Oh|100\/100\n|move|p1a: Groudon|Rock Polish|p1a: Groudon\n|-boost|p1a: Groudon|spe|2\n|\n|-weather|DesolateLand|[upkeep]\n|upkeep\n|turn|3\n|\n|t:|1698444982\n|switch|p2a: Arceus|Arceus|100\/100\n|move|p1a: Groudon|Earthquake|p2a: Arceus\n|-damage|p2a: Arceus|54\/100\n|\n|-weather|DesolateLand|[upkeep]\n|upkeep\n|turn|4\n|\n|t:|1698444989\n|move|p1a: Groudon|Heat Crash|p2a: Arceus\n|-damage|p2a: Arceus|0 fnt\n|faint|p2a: Arceus\n|\n|-weather|DesolateLand|[upkeep]\n|upkeep\n|\n|t:|1698444993\n|switch|p2a: Kyogre|Kyogre|100\/100\n|detailschange|p2a: Kyogre|Kyogre-Primal\n|-primal|p2a: Kyogre|Blue Orb\n|-weather|PrimordialSea|[from] ability: Primordial Sea|[of] p2a: Kyogre\n|turn|5\n|\n|t:|1698444996\n|move|p1a: Groudon|Earthquake|p2a: Kyogre\n|-damage|p2a: Kyogre|21\/100\n|move|p2a: Kyogre|Surf|p1a: Groudon\n|-supereffective|p1a: Groudon\n|-damage|p1a: Groudon|0 fnt\n|faint|p1a: Groudon\n|\n|-weather|PrimordialSea|[upkeep]\n|upkeep\n|\n|t:|1698445013\n|switch|p1a: Giratina|Giratina-Origin|100\/100\n|turn|6\n|\n|t:|1698445019\n|-weather|none\n|switch|p2a: Xerneas|Xerneas|100\/100\n|-ability|p2a: Xerneas|Fairy Aura\n|move|p1a: Giratina|Shadow Sneak|p2a: Xerneas\n|-crit|p2a: Xerneas\n|-damage|p2a: Xerneas|78\/100\n|\n|upkeep\n|turn|7\n|\n|t:|1698445023\n|move|p2a: Xerneas|Moonblast|p1a: Giratina\n|-supereffective|p1a: Giratina\n|-damage|p1a: Giratina|0 fnt\n|faint|p1a: Giratina\n|\n|upkeep\n|\n|t:|1698445032\n|switch|p1a: Illumise|Illumise, F|100\/100\n|turn|8\n|\n|t:|1698445036\n|move|p1a: Illumise|Thunder Wave|p2a: Xerneas\n|-status|p2a: Xerneas|par\n|cant|p2a: Xerneas|par\n|\n|upkeep\n|turn|9\n|\n|t:|1698445041\n|move|p1a: Illumise|Tailwind|p1a: Illumise\n|-sidestart|p1: JEMIAO|move: Tailwind\n|move|p2a: Xerneas|Moonblast|p1a: Illumise\n|-damage|p1a: Illumise|14\/100\n|\n|upkeep\n|turn|10\n|\n|t:|1698445051\n|switch|p1a: Xerneas|Xerneas, shiny|100\/100\n|-ability|p1a: Xerneas|Fairy Aura\n|cant|p2a: Xerneas|par\n|\n|upkeep\n|turn|11\n|\n|t:|1698445057\n|switch|p2a: Ho-Oh|Ho-Oh|100\/100\n|move|p1a: Xerneas|Geomancy||[still]\n|-prepare|p1a: Xerneas|Geomancy\n|-enditem|p1a: Xerneas|Power Herb\n|-anim|p1a: Xerneas|Geomancy|p1a: Xerneas\n|-boost|p1a: Xerneas|spa|2\n|-boost|p1a: Xerneas|spd|2\n|-boost|p1a: Xerneas|spe|2\n|\n|upkeep\n|turn|12\n|\n|t:|1698445060\n|move|p1a: Xerneas|Hidden Power|p2a: Ho-Oh\n|-supereffective|p2a: Ho-Oh\n|-damage|p2a: Ho-Oh|3\/100\n|move|p2a: Ho-Oh|Whirlwind|p1a: Xerneas\n|drag|p1a: Tyranitar|Tyranitar, F|100\/100\n|-weather|Sandstorm|[from] ability: Sand Stream|[of] p1a: Tyranitar\n|\n|-weather|Sandstorm|[upkeep]\n|-damage|p2a: Ho-Oh|0 fnt|[from] Sandstorm\n|faint|p2a: Ho-Oh\n|-sideend|p1: JEMIAO|move: Tailwind\n|upkeep\n|\n|t:|1698445067\n|switch|p2a: Kyogre|Kyogre-Primal|21\/100\n|-weather|PrimordialSea|[from] ability: Primordial Sea|[of] p2a: Kyogre\n|turn|13\n|\n|t:|1698445087\n|switch|p1a: Xerneas|Xerneas, shiny|100\/100\n|-ability|p1a: Xerneas|Fairy Aura\n|move|p2a: Kyogre|Surf|p1a: Xerneas\n|-damage|p1a: Xerneas|17\/100\n|\n|-weather|PrimordialSea|[upkeep]\n|upkeep\n|turn|14\n|\n|t:|1698445094\n|move|p2a: Kyogre|Surf|p1a: Xerneas\n|-damage|p1a: Xerneas|0 fnt\n|faint|p1a: Xerneas\n|\n|-weather|PrimordialSea|[upkeep]\n|upkeep\n|\n|t:|1698445101\n|switch|p1a: Illumise|Illumise, F|14\/100\n|turn|15\n|\n|t:|1698445108\n|move|p1a: Illumise|Tailwind|p1a: Illumise\n|-sidestart|p1: JEMIAO|move: Tailwind\n|move|p2a: Kyogre|Surf|p1a: Illumise\n|-damage|p1a: Illumise|0 fnt\n|faint|p1a: Illumise\n|\n|-weather|PrimordialSea|[upkeep]\n|upkeep\n|\n|t:|1698445109\n|switch|p1a: Houndstone|Houndstone, F|100\/100\n|turn|16\n|\n|t:|1698445116\n|-weather|none\n|switch|p2a: Xerneas|Xerneas|78\/100 par\n|-ability|p2a: Xerneas|Fairy Aura\n|-terastallize|p1a: Houndstone|Ghost\n|move|p1a: Houndstone|Last Respects|p2a: Xerneas\n|-damage|p2a: Xerneas|0 fnt\n|faint|p2a: Xerneas\n|\n|upkeep\n|\n|t:|1698445132\n|switch|p2a: Groudon|Groudon|100\/100\n|detailschange|p2a: Groudon|Groudon-Primal\n|-primal|p2a: Groudon|Red Orb\n|-weather|DesolateLand|[from] ability: Desolate Land|[of] p2a: Groudon\n|turn|17\n|\n|t:|1698445134\n|move|p1a: Houndstone|Last Respects|p2a: Groudon\n|-damage|p2a: Groudon|25\/100\n|move|p2a: Groudon|Overheat|p1a: Houndstone\n|-enditem|p1a: Houndstone|Focus Sash\n|-damage|p1a: Houndstone|1\/100\n|-unboost|p2a: Groudon|spa|2\n|\n|-weather|DesolateLand|[upkeep]\n|upkeep\n|turn|18\n|\n|t:|1698445147\n|move|p1a: Houndstone|Last Respects|p2a: Groudon\n|-damage|p2a: Groudon|0 fnt\n|faint|p2a: Groudon\n|-weather|none\n|\n|-sideend|p1: JEMIAO|move: Tailwind\n|upkeep\n|\n|t:|1698445148\n|switch|p2a: Zacian|Zacian-Crowned|100\/100\n|turn|19\n|\n|t:|1698445154\n|switch|p1a: Tyranitar|Tyranitar, F|100\/100\n|-weather|Sandstorm|[from] ability: Sand Stream|[of] p1a: Tyranitar\n|move|p2a: Zacian|Behemoth Blade|p1a: Tyranitar\n|-supereffective|p1a: Tyranitar\n|-damage|p1a: Tyranitar|2\/100\n|\n|-weather|Sandstorm|[upkeep]\n|upkeep\n|turn|20\n|\n|t:|1698445160\n|switch|p1a: Houndstone|Houndstone, F, tera:Ghost|1\/100\n|move|p2a: Zacian|Behemoth Blade|p1a: Houndstone\n|-damage|p1a: Houndstone|0 fnt\n|faint|p1a: Houndstone\n|\n|-weather|Sandstorm|[upkeep]\n|upkeep\n|\n|t:|1698445168\n|switch|p1a: Tyranitar|Tyranitar, F|2\/100\n|turn|21\n|c|\u2606commonapi|Tf?\n|c|\u2606commonapi|what was the point of that switch\n|c|\u2606JEMIAO|That one way you can win..\n|c|\u2606JEMIAO|you can change the weather\n|inactive|commonapi has 120 seconds left.\n|c|\u2606commonapi|Why would I switch out to kyogre\n|c|\u2606commonapi|when tyranitar in lool\n|c|\u2606JEMIAO|double speed\n|c|\u2606commonapi|inwould switch out when tyrannical is down\n|inactive|commonapi has 90 seconds left.\n|c|\u2606commonapi|and get rid of weatger\n|c|\u2606commonapi|then win\n|c|\u2606commonapi|it makes no sense for me to switch haha\n|\n|t:|1698445251\n|detailschange|p1a: Tyranitar|Tyranitar-Mega, F\n|-mega|p1a: Tyranitar|Tyranitar|Tyranitarite\n|move|p2a: Zacian|Behemoth Blade|p1a: Tyranitar\n|-supereffective|p1a: Tyranitar\n|-damage|p1a: Tyranitar|0 fnt\n|faint|p1a: Tyranitar\n|\n|win|commonapi\n|raw|JEMIAO's rating: 1510 &rarr; <strong>1504<\/strong><br \/>(-6 for losing)\n|raw|commonapi's rating: 1824 &rarr; <strong>1830<\/strong><br \/>(+6 for winning)\n|c|\u2606JEMIAO|wdym\n|c|\u2606commonapi|You have two pokemon\n|c|\u2606commonapi|you switch to ttar to change weather\n|c|\u2606commonapi|One more hit from zacian takes out ttar\n|c|\u2606JEMIAO|wait let me see that again\n|c|\u2606commonapi|why would I switch\n|c|\u2606commonapi|when I can switch to Kyogre after ttar isndown\n|c|\u2606commonapi|to change weather\n|c|\u2606JEMIAO|i have Shadow Snaek\n|c|\u2606commonapi|Ok I don\u2019t think you understand\n|c|\u2606commonapi|Go back to turn 18\n|c|\u2606JEMIAO|:(\n|c|\u2606commonapi|When you bring in ttar\n|c|\u2606JEMIAO|Ok\n|c|\u2606JEMIAO|I understand now\n|c|\u2606commonapi|pit doesn\u2019t make sense for me to switch to kyogre\n|c|\u2606JEMIAO|Nevermind\n|c|\u2606JEMIAO|gg\n|c|\u2606commonapi|Yea that was my win\n|c|\u2606commonapi|gg\n","uploadtime":1698445499,"views":6,"p1id":"jemiao","p2id":"commonapi","formatid":"gen9nationaldexubers","rating":1504,"private":0,"password":""}