{"id":"gen9nationaldexubers-1978113803","p1":"Akinori664","p2":"Kreitinho","format":"[Gen 9] National Dex Ubers","log":"|j|\u2606Akinori664\n|j|\u2606Kreitinho\n|t:|1698501082\n|gametype|singles\n|player|p1|Akinori664|cheren|1126\n|player|p2|Kreitinho|silver|1131\n|teamsize|p1|6\n|teamsize|p2|6\n|gen|9\n|tier|[Gen 9] National Dex Ubers\n|rated|\n|rule|HP Percentage Mod: HP is shown in percentages\n|rule|Endless Battle Clause: Forcing endless battles is banned\n|rule|OHKO Clause: OHKO moves are banned\n|rule|Evasion Moves Clause: Evasion moves are banned\n|rule|Evasion Items Clause: Evasion items are banned\n|rule|Species Clause: Limit one of each Pok\u00e9mon\n|rule|Sleep Clause Mod: Limit one foe put to sleep\n|rule|Mega Rayquaza Clause: You cannot mega evolve Rayquaza\n|clearpoke\n|poke|p1|Genesect|\n|poke|p1|Braviary-Hisui, M|\n|poke|p1|Serperior, M|\n|poke|p1|Haxorus, F|\n|poke|p1|Samurott-Hisui, M|\n|poke|p1|Runerigus, M|\n|poke|p2|Garchomp, M|\n|poke|p2|Grimmsnarl, M|\n|poke|p2|Rotom-Wash|\n|poke|p2|Dragapult, M|\n|poke|p2|Lucario, M|\n|poke|p2|Charizard, M|\n|teampreview\n|inactive|Battle timer is ON: inactive players will automatically lose when time's up. (requested by Akinori664)\n|\n|t:|1698501088\n|start\n|switch|p1a: Genesect|Genesect, shiny|100\/100\n|switch|p2a: Rotom|Rotom-Wash|100\/100\n|-ability|p1a: Genesect|Download|boost\n|-boost|p1a: Genesect|spa|1\n|turn|1\n|\n|t:|1698501095\n|move|p1a: Genesect|Shift Gear|p1a: Genesect\n|-boost|p1a: Genesect|spe|2\n|-boost|p1a: Genesect|atk|1\n|move|p2a: Rotom|Will-O-Wisp|p1a: Genesect\n|-status|p1a: Genesect|brn\n|\n|-damage|p1a: Genesect|94\/100 brn|[from] brn\n|upkeep\n|turn|2\n|\n|t:|1698501106\n|move|p2a: Rotom|Protect|p2a: Rotom\n|-singleturn|p2a: Rotom|Protect\n|move|p1a: Genesect|Iron Head|p2a: Rotom\n|-activate|p2a: Rotom|move: Protect\n|\n|-heal|p1a: Genesect|100\/100 brn|[from] item: Leftovers\n|-damage|p1a: Genesect|94\/100 brn|[from] brn\n|upkeep\n|turn|3\n|\n|t:|1698501116\n|move|p1a: Genesect|Iron Head|p2a: Rotom\n|-resisted|p2a: Rotom\n|-damage|p2a: Rotom|94\/100\n|move|p2a: Rotom|Volt Switch|p1a: Genesect\n|-damage|p1a: Genesect|62\/100 brn\n|\n|t:|1698501122\n|switch|p2a: Grimmsnarl|Grimmsnarl, M|100\/100|[from] Volt Switch\n|\n|-heal|p1a: Genesect|68\/100 brn|[from] item: Leftovers\n|-damage|p1a: Genesect|62\/100 brn|[from] brn\n|upkeep\n|turn|4\n|\n|t:|1698501131\n|-terastallize|p2a: Grimmsnarl|Ghost\n|move|p2a: Grimmsnarl|Reflect|p2a: Grimmsnarl\n|-sidestart|p2: Kreitinho|Reflect\n|move|p1a: Genesect|Iron Head|p2a: Grimmsnarl\n|-damage|p2a: Grimmsnarl|80\/100\n|\n|-heal|p1a: Genesect|68\/100 brn|[from] item: Leftovers\n|-damage|p1a: Genesect|62\/100 brn|[from] brn\n|upkeep\n|turn|5\n|\n|t:|1698501155\n|move|p2a: Grimmsnarl|Light Screen|p2a: Grimmsnarl\n|-sidestart|p2: Kreitinho|move: Light Screen\n|move|p1a: Genesect|Iron Head|p2a: Grimmsnarl\n|-damage|p2a: Grimmsnarl|59\/100\n|\n|-heal|p1a: Genesect|68\/100 brn|[from] item: Leftovers\n|-damage|p1a: Genesect|62\/100 brn|[from] brn\n|upkeep\n|turn|6\n|\n|t:|1698501163\n|move|p1a: Genesect|Iron Head|p2a: Grimmsnarl\n|-damage|p2a: Grimmsnarl|38\/100\n|cant|p2a: Grimmsnarl|flinch\n|\n|-heal|p1a: Genesect|68\/100 brn|[from] item: Leftovers\n|-damage|p1a: Genesect|62\/100 brn|[from] brn\n|upkeep\n|turn|7\n|\n|t:|1698501172\n|switch|p2a: Garchomp|Garchomp, M|100\/100\n|move|p1a: Genesect|Iron Head|p2a: Garchomp\n|-damage|p2a: Garchomp|88\/100\n|-damage|p1a: Genesect|49\/100 brn|[from] ability: Rough Skin|[of] p2a: Garchomp\n|-damage|p1a: Genesect|33\/100 brn|[from] item: Rocky Helmet|[of] p2a: Garchomp\n|\n|-heal|p1a: Genesect|39\/100 brn|[from] item: Leftovers\n|-damage|p1a: Genesect|33\/100 brn|[from] brn\n|upkeep\n|turn|8\n|\n|t:|1698501184\n|move|p1a: Genesect|Iron Head|p2a: Garchomp\n|-damage|p2a: Garchomp|76\/100\n|-damage|p1a: Genesect|20\/100 brn|[from] ability: Rough Skin|[of] p2a: Garchomp\n|-damage|p1a: Genesect|4\/100 brn|[from] item: Rocky Helmet|[of] p2a: Garchomp\n|move|p2a: Garchomp|Stealth Rock|p1a: Genesect\n|-sidestart|p1: Akinori664|move: Stealth Rock\n|\n|-heal|p1a: Genesect|10\/100 brn|[from] item: Leftovers\n|-damage|p1a: Genesect|4\/100 brn|[from] brn\n|upkeep\n|turn|9\n|\n|t:|1698501199\n|move|p1a: Genesect|Iron Head|p2a: Garchomp\n|-damage|p2a: Garchomp|64\/100\n|-damage|p1a: Genesect|0 fnt|[from] ability: Rough Skin|[of] p2a: Garchomp\n|faint|p1a: Genesect\n|move|p2a: Garchomp|Dragon Tail|p1: Genesect|[notarget]\n|-fail|p2a: Garchomp\n|\n|upkeep\n|\n|t:|1698501212\n|switch|p1a: Runerigus|Runerigus, M|100\/100\n|-damage|p1a: Runerigus|95\/100|[from] Stealth Rock\n|turn|10\n|\n|t:|1698501219\n|move|p2a: Garchomp|Toxic|p1a: Runerigus\n|-status|p1a: Runerigus|tox\n|move|p1a: Runerigus|Toxic Spikes|p2a: Garchomp\n|-sidestart|p2: Kreitinho|move: Toxic Spikes\n|\n|-damage|p1a: Runerigus|89\/100 tox|[from] psn\n|upkeep\n|turn|11\n|\n|t:|1698501228\n|move|p2a: Garchomp|Earthquake|p1a: Runerigus\n|-damage|p1a: Runerigus|61\/100 tox\n|move|p1a: Runerigus|Stealth Rock|p2a: Garchomp\n|-sidestart|p2: Kreitinho|move: Stealth Rock\n|\n|-damage|p1a: Runerigus|49\/100 tox|[from] psn\n|-sideend|p2: Kreitinho|Reflect\n|upkeep\n|turn|12\n|\n|t:|1698501243\n|move|p2a: Garchomp|Earthquake|p1a: Runerigus\n|-damage|p1a: Runerigus|24\/100 tox\n|move|p1a: Runerigus|Toxic Spikes|p2a: Garchomp\n|-sidestart|p2: Kreitinho|move: Toxic Spikes\n|\n|-damage|p1a: Runerigus|6\/100 tox|[from] psn\n|-sideend|p2: Kreitinho|move: Light Screen\n|upkeep\n|turn|13\n|\n|t:|1698501252\n|move|p2a: Garchomp|Earthquake|p1a: Runerigus\n|-damage|p1a: Runerigus|0 fnt\n|faint|p1a: Runerigus\n|\n|upkeep\n|\n|t:|1698501269\n|switch|p1a: Serperior|Serperior, M|100\/100\n|-damage|p1a: Serperior|88\/100|[from] Stealth Rock\n|turn|14\n|\n|t:|1698501274\n|move|p1a: Serperior|Leaf Storm|p2a: Garchomp\n|-damage|p2a: Garchomp|5\/100\n|-boost|p1a: Serperior|spa|2\n|-damage|p1a: Serperior|78\/100|[from] item: Life Orb\n|move|p2a: Garchomp|Toxic|p1a: Serperior\n|-status|p1a: Serperior|tox\n|\n|-damage|p1a: Serperior|72\/100 tox|[from] psn\n|upkeep\n|turn|15\n|\n|t:|1698501286\n|move|p1a: Serperior|Leaf Storm|p2a: Garchomp\n|-damage|p2a: Garchomp|0 fnt\n|-boost|p1a: Serperior|spa|2\n|faint|p2a: Garchomp\n|-damage|p1a: Serperior|62\/100 tox|[from] item: Life Orb\n|\n|-damage|p1a: Serperior|50\/100 tox|[from] psn\n|upkeep\n|\n|t:|1698501297\n|switch|p2a: Dragapult|Dragapult, M|100\/100\n|-status|p2a: Dragapult|tox\n|-damage|p2a: Dragapult|88\/100 tox|[from] Stealth Rock\n|turn|16\n|\n|t:|1698501308\n|move|p2a: Dragapult|Fire Blast|p1a: Serperior\n|-supereffective|p1a: Serperior\n|-damage|p1a: Serperior|0 fnt\n|faint|p1a: Serperior\n|\n|-damage|p2a: Dragapult|82\/100 tox|[from] psn\n|upkeep\n|\n|t:|1698501316\n|switch|p1a: Samurott|Samurott-Hisui, M|100\/100\n|-damage|p1a: Samurott|88\/100|[from] Stealth Rock\n|turn|17\n|\n|t:|1698501322\n|switch|p2a: Grimmsnarl|Grimmsnarl, M, tera:Ghost|38\/100\n|-status|p2a: Grimmsnarl|tox\n|-damage|p2a: Grimmsnarl|25\/100 tox|[from] Stealth Rock\n|move|p1a: Samurott|Ceaseless Edge|p2a: Grimmsnarl\n|-supereffective|p2a: Grimmsnarl\n|-damage|p2a: Grimmsnarl|0 fnt\n|-sidestart|p2: Kreitinho|Spikes\n|faint|p2a: Grimmsnarl\n|\n|upkeep\n|\n|t:|1698501335\n|switch|p2a: Lucario|Lucario, M|100\/100\n|-damage|p2a: Lucario|98\/100|[from] Stealth Rock\n|-damage|p2a: Lucario|85\/100|[from] Spikes\n|turn|18\n|\n|t:|1698501358\n|switch|p1a: Braviary|Braviary-Hisui, M|100\/100\n|-damage|p1a: Braviary|76\/100|[from] Stealth Rock\n|move|p2a: Lucario|Close Combat|p1a: Braviary\n|-resisted|p1a: Braviary\n|-damage|p1a: Braviary|55\/100\n|-unboost|p2a: Lucario|def|1\n|-unboost|p2a: Lucario|spd|1\n|-damage|p2a: Lucario|75\/100|[from] item: Life Orb\n|\n|upkeep\n|turn|19\n|\n|t:|1698501369\n|move|p1a: Braviary|Esper Wing|p2a: Lucario\n|-damage|p2a: Lucario|0 fnt\n|-boost|p1a: Braviary|spe|1\n|faint|p2a: Lucario\n|\n|upkeep\n|\n|t:|1698501375\n|switch|p2a: Dragapult|Dragapult, M|82\/100 tox\n|-damage|p2a: Dragapult|70\/100 tox|[from] Stealth Rock\n|-damage|p2a: Dragapult|58\/100 tox|[from] Spikes\n|turn|20\n|inactive|Akinori664 has 120 seconds left.\n|\n|t:|1698501414\n|move|p1a: Braviary|Esper Wing|p2a: Dragapult\n|-damage|p2a: Dragapult|5\/100 tox\n|-boost|p1a: Braviary|spe|1\n|move|p2a: Dragapult|Draco Meteor|p1a: Braviary\n|-damage|p1a: Braviary|0 fnt\n|-unboost|p2a: Dragapult|spa|2\n|faint|p1a: Braviary\n|\n|-damage|p2a: Dragapult|0 fnt|[from] psn\n|faint|p2a: Dragapult\n|upkeep\n|\n|t:|1698501443\n|switch|p2a: Rotom|Rotom-Wash|94\/100\n|switch|p1a: Haxorus|Haxorus, F|100\/100\n|-ability|p1a: Haxorus|Mold Breaker\n|-damage|p2a: Rotom|82\/100|[from] Stealth Rock\n|turn|21\n|inactive|Akinori664 has 90 seconds left.\n|\n|t:|1698501465\n|move|p1a: Haxorus|Dragon Dance|p1a: Haxorus\n|-boost|p1a: Haxorus|atk|1\n|-boost|p1a: Haxorus|spe|1\n|move|p2a: Rotom|Will-O-Wisp|p1a: Haxorus|[miss]\n|-miss|p2a: Rotom|p1a: Haxorus\n|\n|-heal|p2a: Rotom|88\/100|[from] item: Leftovers\n|upkeep\n|turn|22\n|inactive|Akinori664 has 90 seconds left.\n|inactive|Akinori664 has 60 seconds left.\n|\n|t:|1698501509\n|move|p2a: Rotom|Will-O-Wisp|p1a: Haxorus\n|-status|p1a: Haxorus|brn\n|move|p1a: Haxorus|Dragon Tail|p2a: Rotom\n|-damage|p2a: Rotom|66\/100\n|drag|p2a: Charizard|Charizard, M|100\/100\n|-damage|p2a: Charizard|51\/100|[from] Stealth Rock\n|\n|-damage|p1a: Haxorus|94\/100 brn|[from] brn\n|upkeep\n|turn|23\n|inactive|Akinori664 has 60 seconds left.\n|\n|t:|1698501522\n|detailschange|p2a: Charizard|Charizard-Mega-X, M\n|-mega|p2a: Charizard|Charizard|Charizardite X\n|move|p2a: Charizard|Dragon Claw|p1a: Haxorus\n|-supereffective|p1a: Haxorus\n|-damage|p1a: Haxorus|0 fnt\n|faint|p1a: Haxorus\n|\n|upkeep\n|\n|t:|1698501530\n|switch|p1a: Samurott|Samurott-Hisui, M|88\/100\n|-damage|p1a: Samurott|76\/100|[from] Stealth Rock\n|turn|24\n|inactive|Akinori664 has 60 seconds left.\n|\n|t:|1698501548\n|move|p1a: Samurott|Aqua Cutter|p2a: Charizard\n|-damage|p2a: Charizard|3\/100\n|move|p2a: Charizard|Dragon Claw|p1a: Samurott\n|-damage|p1a: Samurott|0 fnt\n|faint|p1a: Samurott\n|\n|win|Kreitinho\n|raw|Akinori664's rating: 1126 &rarr; <strong>1101<\/strong><br \/>(-25 for losing)\n|raw|Kreitinho's rating: 1131 &rarr; <strong>1156<\/strong><br \/>(+25 for winning)\n|l|\u2606Akinori664\n","uploadtime":1698501558,"views":7,"p1id":"akinori664","p2id":"kreitinho","formatid":"gen9nationaldexubers","rating":1101,"private":0,"password":""}