{"id":"gen9nationaldexubers-1999907187","p1":"ClubPenguin2088","p2":"jvsouza12","format":"[Gen 9] National Dex Ubers","log":"|j|\u2606ClubPenguin2088\n|j|\u2606jvsouza12\n|t:|1701128673\n|gametype|singles\n|player|p1|ClubPenguin2088|101|1000\n|player|p2|jvsouza12|lance|1039\n|teamsize|p1|6\n|teamsize|p2|6\n|gen|9\n|tier|[Gen 9] National Dex Ubers\n|rated|\n|rule|HP Percentage Mod: HP is shown in percentages\n|rule|Endless Battle Clause: Forcing endless battles is banned\n|rule|OHKO Clause: OHKO moves are banned\n|rule|Evasion Moves Clause: Evasion moves are banned\n|rule|Evasion Items Clause: Evasion items are banned\n|rule|Species Clause: Limit one of each Pok\u00e9mon\n|rule|Sleep Clause Mod: Limit one foe put to sleep\n|rule|Mega Rayquaza Clause: You cannot mega evolve Rayquaza\n|clearpoke\n|poke|p1|Empoleon, M|\n|poke|p1|Delibird, M|\n|poke|p1|Eiscue, M|\n|poke|p1|Iron Bundle|\n|poke|p1|Prinplup, M|\n|poke|p1|Piplup, M|\n|poke|p2|Garchomp, F|\n|poke|p2|Zapdos-Galar|\n|poke|p2|Armarouge, M|\n|poke|p2|Basculegion, M|\n|poke|p2|Calyrex-Ice|\n|poke|p2|Tinkaton, F|\n|teampreview\n|c|\u2606ClubPenguin2088|glhf\n|c|\u2606ClubPenguin2088|peinguins\n|\n|t:|1701128690\n|start\n|switch|p1a: Seltzers bro|Piplup, M|100\/100\n|switch|p2a: Zapdos|Zapdos-Galar, shiny|100\/100\n|turn|1\n|inactive|Battle timer is ON: inactive players will automatically lose when time's up. (requested by jvsouza12)\n|\n|t:|1701128717\n|move|p1a: Seltzers bro|Ice Beam|p2a: Zapdos\n|-supereffective|p2a: Zapdos\n|-damage|p2a: Zapdos|60\/100\n|move|p2a: Zapdos|Agility|p2a: Zapdos\n|-boost|p2a: Zapdos|spe|2\n|\n|upkeep\n|turn|2\n|\n|t:|1701128721\n|-terastallize|p2a: Zapdos|Electric\n|move|p2a: Zapdos|Bulk Up|p2a: Zapdos\n|-boost|p2a: Zapdos|atk|1\n|-boost|p2a: Zapdos|def|1\n|move|p1a: Seltzers bro|Ice Beam|p2a: Zapdos\n|-damage|p2a: Zapdos|37\/100\n|\n|upkeep\n|turn|3\n|\n|t:|1701128730\n|move|p2a: Zapdos|Tera Blast|p1a: Seltzers bro|[anim] Tera Blast Electric\n|-supereffective|p1a: Seltzers bro\n|-damage|p1a: Seltzers bro|0 fnt\n|faint|p1a: Seltzers bro\n|\n|upkeep\n|\n|t:|1701128735\n|switch|p1a: Elf|Eiscue, M, shiny|100\/100\n|turn|4\n|\n|t:|1701128743\n|move|p2a: Zapdos|Thunderous Kick|p1a: Elf\n|-activate|p1a: Elf|ability: Ice Face\n|-damage|p1a: Elf|100\/100\n|-unboost|p1a: Elf|def|1\n|detailschange|p1a: Elf|Eiscue-Noice, M, shiny\n|move|p1a: Elf|Belly Drum|p1a: Elf\n|-damage|p1a: Elf|51\/100\n|-setboost|p1a: Elf|atk|6|[from] move: Belly Drum\n|\n|upkeep\n|turn|5\n|\n|t:|1701128756\n|-terastallize|p1a: Elf|Ghost\n|move|p2a: Zapdos|Thunderous Kick|p1a: Elf\n|-immune|p1a: Elf\n|move|p1a: Elf|Tera Blast|p2a: Zapdos|[anim] Tera Blast Ghost\n|-damage|p2a: Zapdos|0 fnt\n|faint|p2a: Zapdos\n|\n|upkeep\n|\n|t:|1701128762\n|switch|p2a: Garchomp|Garchomp, F, shiny|100\/100\n|turn|6\n|\n|t:|1701128773\n|detailschange|p2a: Garchomp|Garchomp-Mega, F, shiny\n|-mega|p2a: Garchomp|Garchomp|Garchompite\n|move|p1a: Elf|Ice Spinner|p2a: Garchomp\n|-supereffective|p2a: Garchomp\n|-damage|p2a: Garchomp|0 fnt\n|faint|p2a: Garchomp\n|\n|upkeep\n|\n|t:|1701128782\n|switch|p2a: Basculegion|Basculegion, M, shiny|100\/100\n|turn|7\n|\n|t:|1701128785\n|move|p1a: Elf|Tera Blast|p2a: Basculegion|[anim] Tera Blast Ghost\n|-supereffective|p2a: Basculegion\n|-damage|p2a: Basculegion|0 fnt\n|faint|p2a: Basculegion\n|\n|upkeep\n|\n|t:|1701128790\n|switch|p2a: Calyrex|Calyrex-Ice|100\/100\n|-ability|p2a: Calyrex|As One\n|-ability|p2a: Calyrex|Unnerve\n|turn|8\n|\n|t:|1701128795\n|move|p1a: Elf|Tera Blast|p2a: Calyrex|[anim] Tera Blast Ghost\n|-supereffective|p2a: Calyrex\n|-damage|p2a: Calyrex|0 fnt\n|faint|p2a: Calyrex\n|\n|upkeep\n|\n|t:|1701128801\n|switch|p2a: Tinkaton|Tinkaton, F, shiny|100\/100\n|turn|9\n|\n|t:|1701128807\n|move|p1a: Elf|Tera Blast|p2a: Tinkaton|[anim] Tera Blast Ghost\n|-damage|p2a: Tinkaton|0 fnt\n|faint|p2a: Tinkaton\n|\n|upkeep\n|\n|t:|1701128812\n|switch|p2a: Armarouge|Armarouge, M|100\/100\n|turn|10\n|\n|t:|1701128816\n|move|p1a: Elf|Tera Blast|p2a: Armarouge|[anim] Tera Blast Ghost\n|-supereffective|p2a: Armarouge\n|-damage|p2a: Armarouge|0 fnt\n|faint|p2a: Armarouge\n|\n|win|ClubPenguin2088\n|raw|ClubPenguin2088's rating: 1000 &rarr; <strong>1044<\/strong><br \/>(+44 for winning)\n|raw|jvsouza12's rating: 1039 &rarr; <strong>1021<\/strong><br \/>(-18 for losing)\n|c|\u2606ClubPenguin2088|gg\n|l|\u2606jvsouza12\n","uploadtime":1701128828,"views":1,"p1id":"clubpenguin2088","p2id":"jvsouza12","formatid":"gen9nationaldexubers","rating":1021,"private":0,"password":""}