{"id":"gen9nationaldexubers-1978474898","p1":"bog babushka","p2":"Zestrov","format":"[Gen 9] National Dex Ubers","log":"|j|\u2606bog babushka\n|j|\u2606Zestrov\n|t:|1698543712\n|gametype|singles\n|player|p1|bog babushka|101|\n|player|p2|Zestrov|boarder|\n|teamsize|p1|6\n|teamsize|p2|6\n|gen|9\n|tier|[Gen 9] National Dex Ubers\n|rule|HP Percentage Mod: HP is shown in percentages\n|rule|Endless Battle Clause: Forcing endless battles is banned\n|rule|OHKO Clause: OHKO moves are banned\n|rule|Evasion Moves Clause: Evasion moves are banned\n|rule|Evasion Items Clause: Evasion items are banned\n|rule|Species Clause: Limit one of each Pok\u00e9mon\n|rule|Sleep Clause Mod: Limit one foe put to sleep\n|rule|Mega Rayquaza Clause: You cannot mega evolve Rayquaza\n|clearpoke\n|poke|p1|Regieleki|\n|poke|p1|Shaymin-Sky|\n|poke|p1|Flutter Mane|\n|poke|p1|Walking Wake|\n|poke|p1|Venusaur, F|\n|poke|p1|Necrozma-Dawn-Wings|\n|poke|p2|Pelipper, F|\n|poke|p2|Swampert, F|\n|poke|p2|Manaphy|\n|poke|p2|Urshifu-*, M|\n|poke|p2|Lugia|\n|poke|p2|Zarude-Dada|\n|teampreview\n|c|\u2606bog babushka|glhf\n|c|\u2606Zestrov|where the link\n|j| Berryandon\n|\n|t:|1698543781\n|start\n|switch|p1a: Yippee|Regieleki|100\/100\n|switch|p2a: Lippy|Pelipper, F, shiny|100\/100\n|-weather|RainDance|[from] ability: Drizzle|[of] p2a: Lippy\n|turn|1\n|j| HopeAddict\n|j| Tazz21\n|j| lonly wolf\n|j| AshenAraquanid\n|l| AshenAraquanid\n|c| HopeAddict|yippee!!!\n|j| AshenAraquanid\n|c|\u2606bog babushka|YIPPEE\n|\n|t:|1698543851\n|switch|p1a: Girly Pop|Venusaur, F|100\/100\n|switch|p2a: Freddie form SD|Zarude-Dada|100\/100\n|\n|-weather|RainDance|[upkeep]\n|upkeep\n|turn|2\n|\n|t:|1698543871\n|detailschange|p1a: Girly Pop|Venusaur-Mega, F\n|-mega|p1a: Girly Pop|Venusaur|Venusaurite\n|move|p2a: Freddie form SD|Swords Dance|p2a: Freddie form SD\n|-boost|p2a: Freddie form SD|atk|2\n|move|p1a: Girly Pop|Sludge Bomb|p2a: Freddie form SD\n|-supereffective|p2a: Freddie form SD\n|-damage|p2a: Freddie form SD|28\/100\n|\n|-weather|RainDance|[upkeep]\n|upkeep\n|turn|3\n|\n|t:|1698543899\n|move|p2a: Freddie form SD|U-turn|p1a: Girly Pop\n|-damage|p1a: Girly Pop|72\/100\n|\n|t:|1698543902\n|switch|p2a: AC130|Lugia, shiny|100\/100|[from] U-turn\n|move|p1a: Girly Pop|Sludge Bomb|p2a: AC130\n|-damage|p2a: AC130|89\/100\n|\n|-weather|RainDance|[upkeep]\n|upkeep\n|turn|4\n|\n|t:|1698543933\n|switch|p1a: October 31st|Necrozma-Dawn-Wings|100\/100\n|move|p2a: AC130|Toxic|p1a: October 31st\n|-status|p1a: October 31st|tox\n|\n|-weather|RainDance|[upkeep]\n|-damage|p1a: October 31st|94\/100 tox|[from] psn\n|upkeep\n|turn|5\n|\n|t:|1698543954\n|move|p2a: AC130|Protect|p2a: AC130\n|-singleturn|p2a: AC130|Protect\n|move|p1a: October 31st|Moongeist Beam|p2a: AC130\n|-activate|p2a: AC130|move: Protect\n|\n|-weather|RainDance|[upkeep]\n|-damage|p1a: October 31st|82\/100 tox|[from] psn\n|upkeep\n|turn|6\n|\n|t:|1698543974\n|switch|p2a: Swampy|Swampert, F, shiny|100\/100\n|move|p1a: October 31st|Moongeist Beam|p2a: Swampy\n|-damage|p2a: Swampy|28\/100\n|\n|-weather|RainDance|[upkeep]\n|-damage|p1a: October 31st|64\/100 tox|[from] psn\n|upkeep\n|turn|7\n|\n|t:|1698543994\n|switch|p1a: Girly Pop|Venusaur-Mega, F|72\/100\n|detailschange|p2a: Swampy|Swampert-Mega, F, shiny\n|-mega|p2a: Swampy|Swampert|Swampertite\n|move|p2a: Swampy|Liquidation|p1a: Girly Pop\n|-resisted|p1a: Girly Pop\n|-damage|p1a: Girly Pop|48\/100\n|\n|-weather|RainDance|[upkeep]\n|upkeep\n|turn|8\n|\n|t:|1698544006\n|move|p2a: Swampy|Ice Punch|p1a: Girly Pop\n|-supereffective|p1a: Girly Pop\n|-damage|p1a: Girly Pop|27\/100\n|move|p1a: Girly Pop|Giga Drain|p2a: Swampy\n|-supereffective|p2a: Swampy\n|-damage|p2a: Swampy|0 fnt\n|-heal|p1a: Girly Pop|40\/100|[from] drain|[of] p2a: Swampy\n|faint|p2a: Swampy\n|\n|-weather|none\n|upkeep\n|c|\u2606Zestrov|WHAT\n|\n|t:|1698544018\n|switch|p2a: Lippy|Pelipper, F, shiny|100\/100\n|-weather|RainDance|[from] ability: Drizzle|[of] p2a: Lippy\n|turn|9\n|\n|t:|1698544044\n|switch|p2a: AC130|Lugia, shiny|89\/100\n|move|p1a: Girly Pop|Toxic|p2a: AC130\n|-status|p2a: AC130|tox\n|\n|-weather|RainDance|[upkeep]\n|-damage|p2a: AC130|83\/100 tox|[from] psn\n|upkeep\n|turn|10\n|\n|t:|1698544064\n|move|p2a: AC130|Aeroblast|p1a: Girly Pop\n|-supereffective|p1a: Girly Pop\n|-damage|p1a: Girly Pop|0 fnt\n|faint|p1a: Girly Pop\n|\n|-weather|RainDance|[upkeep]\n|-damage|p2a: AC130|71\/100 tox|[from] psn\n|upkeep\n|\n|t:|1698544095\n|switch|p1a: Yippee|Regieleki|100\/100\n|turn|11\n|\n|t:|1698544113\n|switch|p2a: Freddie form SD|Zarude-Dada|28\/100\n|move|p1a: Yippee|Thunder|p2a: Freddie form SD\n|-resisted|p2a: Freddie form SD\n|-damage|p2a: Freddie form SD|0 fnt\n|faint|p2a: Freddie form SD\n|\n|-weather|RainDance|[upkeep]\n|upkeep\n|\n|t:|1698544136\n|switch|p2a: Shieve|Urshifu-Rapid-Strike, M|100\/100\n|turn|12\n|\n|t:|1698544153\n|move|p1a: Yippee|Thunder|p2a: Shieve\n|-supereffective|p2a: Shieve\n|-damage|p2a: Shieve|0 fnt\n|faint|p2a: Shieve\n|\n|-weather|RainDance|[upkeep]\n|upkeep\n|\n|t:|1698544160\n|switch|p2a: AC130|Lugia, shiny|71\/100 tox\n|turn|13\n|\n|t:|1698544164\n|move|p2a: AC130|Protect|p2a: AC130\n|-singleturn|p2a: AC130|Protect\n|move|p1a: Yippee|Thunder|p2a: AC130\n|-activate|p2a: AC130|move: Protect\n|\n|-weather|RainDance|[upkeep]\n|-damage|p2a: AC130|65\/100 tox|[from] psn\n|upkeep\n|turn|14\n|\n|t:|1698544173\n|move|p1a: Yippee|Thunder|p2a: AC130\n|-supereffective|p2a: AC130\n|-damage|p2a: AC130|0 fnt\n|faint|p2a: AC130\n|\n|-weather|RainDance|[upkeep]\n|upkeep\n|\n|t:|1698544179\n|switch|p2a: Porcelain|Manaphy, shiny|100\/100\n|turn|15\n|\n|t:|1698544189\n|move|p1a: Yippee|Thunder|p2a: Porcelain\n|-supereffective|p2a: Porcelain\n|-damage|p2a: Porcelain|0 fnt\n|faint|p2a: Porcelain\n|\n|-weather|RainDance|[upkeep]\n|upkeep\n|\n|t:|1698544194\n|switch|p2a: Lippy|Pelipper, F, shiny|100\/100\n|turn|16\n|\n|t:|1698544198\n|move|p1a: Yippee|Thunder|p2a: Lippy\n|-supereffective|p2a: Lippy\n|-crit|p2a: Lippy\n|-damage|p2a: Lippy|0 fnt\n|faint|p2a: Lippy\n|\n|win|bog babushka\n|c|\u2606Zestrov|GG\n|c|\u2606bog babushka|gg\n","uploadtime":1698544209,"views":17,"p1id":"bogbabushka","p2id":"zestrov","formatid":"gen9nationaldexubers","rating":0,"private":0,"password":""}