{"id":"gen9nationaldexubers-1983288323","p1":"letch","p2":"Krztina","format":"[Gen 9] National Dex Ubers","log":"|j|\u2606letch\n|j|\u2606Krztina\n|t:|1699114498\n|gametype|singles\n|player|p1|letch|wallace|1384\n|player|p2|Krztina|pokemonrangerf|1518\n|teamsize|p1|6\n|teamsize|p2|6\n|gen|9\n|tier|[Gen 9] National Dex Ubers\n|rated|\n|rule|HP Percentage Mod: HP is shown in percentages\n|rule|Endless Battle Clause: Forcing endless battles is banned\n|rule|OHKO Clause: OHKO moves are banned\n|rule|Evasion Moves Clause: Evasion moves are banned\n|rule|Evasion Items Clause: Evasion items are banned\n|rule|Species Clause: Limit one of each Pok\u00e9mon\n|rule|Sleep Clause Mod: Limit one foe put to sleep\n|rule|Mega Rayquaza Clause: You cannot mega evolve Rayquaza\n|clearpoke\n|poke|p1|Kyurem-Black|\n|poke|p1|Necrozma-Dusk-Mane|\n|poke|p1|Diancie|\n|poke|p1|Arceus-Dark|\n|poke|p1|Marshadow|\n|poke|p1|Mewtwo|\n|poke|p2|Rayquaza|\n|poke|p2|Zacian-*|\n|poke|p2|Deoxys-Attack|\n|poke|p2|Kyogre|\n|poke|p2|Marshadow|\n|poke|p2|Ho-Oh|\n|teampreview\n|inactive|Battle timer is ON: inactive players will automatically lose when time's up. (requested by Krztina)\n|\n|t:|1699114527\n|start\n|switch|p1a: Arceus|Arceus-Dark|100\/100\n|switch|p2a: Rayquaza|Rayquaza|100\/100\n|-ability|p2a: Rayquaza|Air Lock\n|turn|1\n|\n|t:|1699114550\n|move|p1a: Arceus|Stealth Rock|p2a: Rayquaza\n|-sidestart|p2: Krztina|move: Stealth Rock\n|move|p2a: Rayquaza|Dragon Dance|p2a: Rayquaza\n|-boost|p2a: Rayquaza|atk|1\n|-boost|p2a: Rayquaza|spe|1\n|\n|upkeep\n|turn|2\n|\n|t:|1699114561\n|move|p2a: Rayquaza|Dragon Ascent|p1a: Arceus\n|-damage|p1a: Arceus|31\/100\n|-unboost|p2a: Rayquaza|def|1\n|-unboost|p2a: Rayquaza|spd|1\n|move|p1a: Arceus|Judgment|p2a: Rayquaza\n|-damage|p2a: Rayquaza|59\/100\n|\n|upkeep\n|turn|3\n|\n|t:|1699114566\n|move|p2a: Rayquaza|Dragon Ascent|p1a: Arceus\n|-damage|p1a: Arceus|0 fnt\n|-unboost|p2a: Rayquaza|def|1\n|-unboost|p2a: Rayquaza|spd|1\n|faint|p1a: Arceus\n|\n|upkeep\n|\n|t:|1699114581\n|switch|p1a: Marshadow|Marshadow|100\/100\n|turn|4\n|\n|t:|1699114587\n|-terastallize|p1a: Marshadow|Ghost\n|move|p1a: Marshadow|Shadow Sneak|p2a: Rayquaza\n|-damage|p2a: Rayquaza|0 fnt\n|faint|p2a: Rayquaza\n|-damage|p1a: Marshadow|91\/100|[from] item: Life Orb\n|\n|upkeep\n|j| 85792195wwww\n|\n|t:|1699114591\n|switch|p2a: Ho-Oh|Ho-Oh|100\/100\n|turn|5\n|\n|t:|1699114599\n|move|p1a: Marshadow|Bulk Up|p1a: Marshadow\n|-boost|p1a: Marshadow|atk|1\n|-boost|p1a: Marshadow|def|1\n|move|p2a: Ho-Oh|Defog|p1a: Marshadow\n|-unboost|p1a: Marshadow|evasion|1\n|-sideend|p2: Krztina|Stealth Rock|[from] move: Defog|[of] p2a: Ho-Oh\n|\n|upkeep\n|turn|6\n|\n|t:|1699114604\n|move|p1a: Marshadow|Spectral Thief|p2a: Ho-Oh\n|-damage|p2a: Ho-Oh|0 fnt\n|faint|p2a: Ho-Oh\n|-damage|p1a: Marshadow|81\/100|[from] item: Life Orb\n|\n|upkeep\n|\n|t:|1699114609\n|switch|p2a: Marshadow|Marshadow|100\/100\n|turn|7\n|\n|t:|1699114613\n|move|p1a: Marshadow|Shadow Sneak|p2a: Marshadow\n|-supereffective|p2a: Marshadow\n|-enditem|p2a: Marshadow|Focus Sash\n|-damage|p2a: Marshadow|1\/100\n|-damage|p1a: Marshadow|71\/100|[from] item: Life Orb\n|move|p2a: Marshadow|Spectral Thief||[still]\n|-clearpositiveboost|p1a: Marshadow|p2a: Marshadow|move: Spectral Thief\n|-boost|p2a: Marshadow|atk|1\n|-boost|p2a: Marshadow|def|1\n|-anim|p2a: Marshadow|Spectral Thief|p1a: Marshadow\n|-supereffective|p1a: Marshadow\n|-damage|p1a: Marshadow|0 fnt\n|faint|p1a: Marshadow\n|\n|upkeep\n|\n|t:|1699114622\n|switch|p1a: Diancie|Diancie|100\/100\n|turn|8\n|\n|t:|1699114627\n|move|p2a: Marshadow|Endeavor|p1a: Diancie\n|-damage|p1a: Diancie|1\/100\n|move|p1a: Diancie|Diamond Storm|p2a: Marshadow\n|-resisted|p2a: Marshadow\n|-damage|p2a: Marshadow|0 fnt\n|faint|p2a: Marshadow\n|\n|upkeep\n|\n|t:|1699114637\n|switch|p2a: Kyogre|Kyogre|100\/100\n|-weather|RainDance|[from] ability: Drizzle|[of] p2a: Kyogre\n|turn|9\n|\n|t:|1699114644\n|detailschange|p1a: Diancie|Diancie-Mega\n|-mega|p1a: Diancie|Diancie|Diancite\n|move|p2a: Kyogre|Water Spout|p1a: Diancie\n|-supereffective|p1a: Diancie\n|-damage|p1a: Diancie|0 fnt\n|faint|p1a: Diancie\n|\n|-weather|RainDance|[upkeep]\n|upkeep\n|\n|t:|1699114649\n|switch|p1a: Kyurem|Kyurem-Black|100\/100\n|-ability|p1a: Kyurem|Teravolt\n|turn|10\n|\n|t:|1699114658\n|move|p2a: Kyogre|Water Spout|p1a: Kyurem\n|-resisted|p1a: Kyurem\n|-damage|p1a: Kyurem|36\/100\n|move|p1a: Kyurem|Dragon Dance|p1a: Kyurem\n|-boost|p1a: Kyurem|atk|1\n|-boost|p1a: Kyurem|spe|1\n|\n|-weather|RainDance|[upkeep]\n|upkeep\n|turn|11\n|\n|t:|1699114670\n|move|p1a: Kyurem|Fusion Bolt|p2a: Kyogre\n|-supereffective|p2a: Kyogre\n|-damage|p2a: Kyogre|0 fnt\n|faint|p2a: Kyogre\n|\n|-weather|RainDance|[upkeep]\n|upkeep\n|\n|t:|1699114681\n|switch|p2a: Deoxys|Deoxys-Attack|100\/100\n|-ability|p2a: Deoxys|Pressure\n|turn|12\n|\n|t:|1699114685\n|move|p2a: Deoxys|Extreme Speed|p1a: Kyurem\n|-crit|p1a: Kyurem\n|-damage|p1a: Kyurem|0 fnt\n|faint|p1a: Kyurem\n|\n|-weather|RainDance|[upkeep]\n|upkeep\n|\n|t:|1699114690\n|switch|p1a: Necrozma|Necrozma-Dusk-Mane|100\/100\n|turn|13\n|\n|t:|1699114697\n|move|p2a: Deoxys|Thunderbolt|p1a: Necrozma\n|-damage|p1a: Necrozma|75\/100\n|-status|p1a: Necrozma|par\n|cant|p1a: Necrozma|par\n|\n|-weather|none\n|upkeep\n|turn|14\n|\n|t:|1699114707\n|move|p2a: Deoxys|Thunderbolt|p1a: Necrozma\n|-damage|p1a: Necrozma|46\/100 par\n|move|p1a: Necrozma|Rock Tomb|p2a: Deoxys\n|-damage|p2a: Deoxys|7\/100\n|-unboost|p2a: Deoxys|spe|1\n|\n|upkeep\n|turn|15\n|\n|t:|1699114715\n|move|p2a: Deoxys|Thunderbolt|p1a: Necrozma\n|-damage|p1a: Necrozma|19\/100 par\n|move|p1a: Necrozma|Dragon Dance|p1a: Necrozma\n|-boost|p1a: Necrozma|atk|1\n|-boost|p1a: Necrozma|spe|1\n|\n|upkeep\n|turn|16\n|\n|t:|1699114721\n|move|p2a: Deoxys|Thunderbolt|p1a: Necrozma\n|-damage|p1a: Necrozma|0 fnt\n|faint|p1a: Necrozma\n|\n|upkeep\n|\n|t:|1699114723\n|switch|p1a: Mewtwo|Mewtwo|100\/100\n|-ability|p1a: Mewtwo|Pressure\n|turn|17\n|\n|t:|1699114729\n|move|p2a: Deoxys|Extreme Speed|p1a: Mewtwo\n|-damage|p1a: Mewtwo|63\/100\n|move|p1a: Mewtwo|Psystrike|p2a: Deoxys\n|-resisted|p2a: Deoxys\n|-damage|p2a: Deoxys|0 fnt\n|faint|p2a: Deoxys\n|\n|upkeep\n|\n|t:|1699114733\n|switch|p2a: Zacian|Zacian-Crowned|100\/100\n|-ability|p2a: Zacian|Intrepid Sword|boost\n|-boost|p2a: Zacian|atk|1\n|-enditem|p1a: Mewtwo|Mirror Herb\n|-boost|p1a: Mewtwo|atk|1|[from] item: Mirror Herb\n|turn|18\n|\n|t:|1699114738\n|move|p2a: Zacian|Behemoth Blade|p1a: Mewtwo\n|-damage|p1a: Mewtwo|0 fnt\n|faint|p1a: Mewtwo\n|\n|win|Krztina\n|raw|letch's rating: 1384 &rarr; <strong>1371<\/strong><br \/>(-13 for losing)\n|raw|Krztina's rating: 1518 &rarr; <strong>1531<\/strong><br \/>(+13 for winning)\n|l|\u2606letch\n","uploadtime":1699114748,"views":5,"p1id":"letch","p2id":"krztina","formatid":"gen9nationaldexubers","rating":1371,"private":0,"password":""}