{"id":"gen9nationaldexubers-1983901639","p1":"The Main Flutter","p2":"NinjiBro","format":"[Gen 9] National Dex Ubers","log":"|j|\u2606The Main Flutter\n|j|\u2606NinjiBro\n|t:|1699197977\n|gametype|singles\n|player|p1|The Main Flutter|ethan|\n|player|p2|NinjiBro|ryuki|\n|teamsize|p1|6\n|teamsize|p2|6\n|gen|9\n|tier|[Gen 9] National Dex Ubers\n|rule|HP Percentage Mod: HP is shown in percentages\n|rule|Endless Battle Clause: Forcing endless battles is banned\n|rule|OHKO Clause: OHKO moves are banned\n|rule|Evasion Moves Clause: Evasion moves are banned\n|rule|Evasion Items Clause: Evasion items are banned\n|rule|Species Clause: Limit one of each Pok\u00e9mon\n|rule|Sleep Clause Mod: Limit one foe put to sleep\n|rule|Mega Rayquaza Clause: You cannot mega evolve Rayquaza\n|clearpoke\n|poke|p1|Gholdengo|\n|poke|p1|Gyarados, M|\n|poke|p1|Incineroar, F|\n|poke|p1|Arbok, M|\n|poke|p1|Scizor, M|\n|poke|p1|Tyranitar, F|\n|poke|p2|Sneasler, M|\n|poke|p2|Weezing-Galar, M|\n|poke|p2|Glimmora, F|\n|poke|p2|Iron Jugulis|\n|poke|p2|Volcarona, M|\n|poke|p2|Sinistcha-Masterpiece|\n|teampreview\n|inactive|Battle timer is ON: inactive players will automatically lose when time's up. (requested by The Main Flutter)\n|c|\u2606NinjiBro|GLHF\n|c|\u2606The Main Flutter|u 2\n|inactive|The Main Flutter has 270 seconds left.\n|inactive|NinjiBro has 270 seconds left.\n|\n|t:|1699198009\n|start\n|switch|p1a: Gyarados|Gyarados, M|100\/100\n|switch|p2a: Sinistcha|Sinistcha-Masterpiece, shiny|100\/100\n|-ability|p1a: Gyarados|Intimidate|boost\n|-unboost|p2a: Sinistcha|atk|1\n|turn|1\n|\n|t:|1699198018\n|detailschange|p1a: Gyarados|Gyarados-Mega, M\n|-mega|p1a: Gyarados|Gyarados|Gyaradosite\n|-ability|p1a: Gyarados|Mold Breaker\n|move|p1a: Gyarados|Dragon Dance|p1a: Gyarados\n|-boost|p1a: Gyarados|atk|1\n|-boost|p1a: Gyarados|spe|1\n|move|p2a: Sinistcha|Scald|p1a: Gyarados\n|-resisted|p1a: Gyarados\n|-damage|p1a: Gyarados|92\/100\n|-status|p1a: Gyarados|brn\n|\n|-damage|p1a: Gyarados|86\/100 brn|[from] brn\n|upkeep\n|turn|2\n|\n|t:|1699198030\n|move|p1a: Gyarados|Dragon Dance|p1a: Gyarados\n|-boost|p1a: Gyarados|atk|1\n|-boost|p1a: Gyarados|spe|1\n|move|p2a: Sinistcha|Matcha Gotcha|p1a: Gyarados\n|-supereffective|p1a: Gyarados\n|-damage|p1a: Gyarados|35\/100 brn\n|\n|-damage|p1a: Gyarados|29\/100 brn|[from] brn\n|upkeep\n|turn|3\n|\n|t:|1699198037\n|move|p1a: Gyarados|Outrage|p2a: Sinistcha\n|-damage|p2a: Sinistcha|61\/100\n|move|p2a: Sinistcha|Matcha Gotcha|p1a: Gyarados\n|-supereffective|p1a: Gyarados\n|-damage|p1a: Gyarados|0 fnt\n|-heal|p2a: Sinistcha|75\/100|[from] drain|[of] p1a: Gyarados\n|faint|p1a: Gyarados\n|\n|-heal|p2a: Sinistcha|81\/100|[from] item: Leftovers\n|upkeep\n|\n|t:|1699198050\n|switch|p1a: Incineroar|Incineroar, F|100\/100\n|-ability|p1a: Incineroar|Intimidate|boost\n|-unboost|p2a: Sinistcha|atk|1\n|turn|4\n|\n|t:|1699198057\n|move|p1a: Incineroar|Flame Charge|p2a: Sinistcha\n|-supereffective|p2a: Sinistcha\n|-damage|p2a: Sinistcha|61\/100\n|-boost|p1a: Incineroar|spe|1\n|move|p2a: Sinistcha|Scald|p1a: Incineroar\n|-supereffective|p1a: Incineroar\n|-damage|p1a: Incineroar|58\/100\n|-enditem|p1a: Incineroar|Weakness Policy\n|-boost|p1a: Incineroar|atk|2|[from] item: Weakness Policy\n|-boost|p1a: Incineroar|spa|2|[from] item: Weakness Policy\n|\n|-heal|p2a: Sinistcha|68\/100|[from] item: Leftovers\n|upkeep\n|turn|5\n|\n|t:|1699198066\n|move|p1a: Incineroar|Flame Charge|p2a: Sinistcha\n|-supereffective|p2a: Sinistcha\n|-damage|p2a: Sinistcha|25\/100\n|-boost|p1a: Incineroar|spe|1\n|move|p2a: Sinistcha|Strength Sap|p1a: Incineroar\n|-unboost|p1a: Incineroar|atk|1\n|-heal|p2a: Sinistcha|100\/100\n|\n|upkeep\n|turn|6\n|\n|t:|1699198075\n|move|p1a: Incineroar|Darkest Lariat|p2a: Sinistcha\n|-supereffective|p2a: Sinistcha\n|-damage|p2a: Sinistcha|3\/100\n|move|p2a: Sinistcha|Scald|p1a: Incineroar\n|-supereffective|p1a: Incineroar\n|-crit|p1a: Incineroar\n|-damage|p1a: Incineroar|0 fnt\n|faint|p1a: Incineroar\n|\n|-heal|p2a: Sinistcha|9\/100|[from] item: Leftovers\n|upkeep\n|c|\u2606The Main Flutter|BRUH\n|\n|t:|1699198083\n|switch|p1a: Scizor|Scizor, M|100\/100\n|turn|7\n|c|\u2606NinjiBro|THE TEA IS REAL\n|c|\u2606The Main Flutter|i hate my luck\n|\n|t:|1699198108\n|move|p1a: Scizor|Bullet Punch|p2a: Sinistcha\n|-damage|p2a: Sinistcha|0 fnt\n|faint|p2a: Sinistcha\n|\n|upkeep\n|c|\u2606The Main Flutter|i should just forfeit\n|c|\u2606NinjiBro|no\n|c|\u2606NinjiBro|give me all you got\n|\n|t:|1699198122\n|switch|p2a: Volcarona|Volcarona, M, shiny|100\/100\n|turn|8\n|c|\u2606The Main Flutter|my day is going so bad rn\n|\n|t:|1699198137\n|move|p2a: Volcarona|Substitute|p2a: Volcarona\n|-start|p2a: Volcarona|Substitute\n|-damage|p2a: Volcarona|75\/100\n|move|p1a: Scizor|Dual Wingbeat|p2a: Volcarona\n|-supereffective|p2a: Volcarona\n|-end|p2a: Volcarona|Substitute\n|-supereffective|p2a: Volcarona\n|-damage|p2a: Volcarona|4\/100\n|-hitcount|p2a: Volcarona|2\n|\n|upkeep\n|turn|9\n|\n|t:|1699198145\n|move|p1a: Scizor|Bullet Punch|p2a: Volcarona\n|-resisted|p2a: Volcarona\n|-damage|p2a: Volcarona|0 fnt\n|faint|p2a: Volcarona\n|\n|upkeep\n|c|\u2606NinjiBro|not anymore\n|c|\u2606NinjiBro|wait hold on\n|c|\u2606The Main Flutter|?\n|c|\u2606NinjiBro|I'll be back fast\n|inactive|NinjiBro has 270 seconds left.\n|inactive|NinjiBro has 240 seconds left.\n|c|\u2606NinjiBro|back\n|\n|t:|1699198210\n|switch|p2a: Weezing|Weezing-Galar, M, shiny|100\/100\n|-fieldstart|move: Misty Terrain|[from] ability: Misty Surge|[of] p2a: Weezing\n|turn|10\n|c|\u2606NinjiBro|misclick time\n|c|\u2606The Main Flutter|?\n|inactive|NinjiBro has 210 seconds left.\n|c|\u2606The Main Flutter|did u misclick\n|c|\u2606NinjiBro|I misclicked\n|c|\u2606NinjiBro|yeah\n|c|\u2606The Main Flutter|we can start again if u want\n|c|\u2606NinjiBro|what no\n|c|\u2606NinjiBro|lol\n|\n|t:|1699198270\n|move|p1a: Scizor|Bullet Punch|p2a: Weezing\n|-supereffective|p2a: Weezing\n|-damage|p2a: Weezing|43\/100\n|move|p2a: Weezing|Flamethrower|p1a: Scizor\n|-supereffective|p1a: Scizor\n|-damage|p1a: Scizor|6\/100\n|\n|-heal|p2a: Weezing|49\/100|[from] item: Leftovers\n|upkeep\n|turn|11\n|\n|t:|1699198283\n|move|p1a: Scizor|Bullet Punch|p2a: Weezing\n|-supereffective|p2a: Weezing\n|-damage|p2a: Weezing|0 fnt\n|faint|p2a: Weezing\n|\n|upkeep\n|\n|t:|1699198287\n|switch|p2a: Sneasler|Sneasler, M, shiny|100\/100\n|-enditem|p2a: Sneasler|Misty Seed\n|-boost|p2a: Sneasler|spd|1|[from] item: Misty Seed\n|turn|12\n|\n|t:|1699198294\n|move|p1a: Scizor|Bullet Punch|p2a: Sneasler\n|-damage|p2a: Sneasler|44\/100\n|move|p2a: Sneasler|Shadow Claw|p1a: Scizor\n|-damage|p1a: Scizor|0 fnt\n|faint|p1a: Scizor\n|\n|upkeep\n|\n|t:|1699198302\n|switch|p1a: Tyranitar|Tyranitar, F|100\/100\n|-weather|Sandstorm|[from] ability: Sand Stream|[of] p1a: Tyranitar\n|turn|13\n|c|\u2606NinjiBro|it's banded isn't it\n|c|\u2606The Main Flutter|no\n|\n|t:|1699198315\n|-terastallize|p2a: Sneasler|Ghost\n|move|p2a: Sneasler|Close Combat|p1a: Tyranitar\n|-supereffective|p1a: Tyranitar\n|-enditem|p1a: Tyranitar|Chople Berry|[eat]\n|-enditem|p1a: Tyranitar|Chople Berry|[weaken]\n|-damage|p1a: Tyranitar|5\/100\n|-unboost|p2a: Sneasler|def|1\n|-unboost|p2a: Sneasler|spd|1\n|move|p1a: Tyranitar|Iron Defense|p1a: Tyranitar\n|-boost|p1a: Tyranitar|def|2\n|\n|-weather|Sandstorm|[upkeep]\n|-damage|p2a: Sneasler|38\/100|[from] Sandstorm\n|upkeep\n|turn|14\n|\n|t:|1699198329\n|-terastallize|p1a: Tyranitar|Ghost\n|move|p2a: Sneasler|Shadow Claw|p1a: Tyranitar\n|-supereffective|p1a: Tyranitar\n|-damage|p1a: Tyranitar|0 fnt\n|faint|p1a: Tyranitar\n|\n|-weather|Sandstorm|[upkeep]\n|-damage|p2a: Sneasler|32\/100|[from] Sandstorm\n|-fieldend|Misty Terrain\n|upkeep\n|\n|t:|1699198333\n|switch|p1a: Gholdengo|Gholdengo|100\/100\n|turn|15\n|inactive|NinjiBro has 210 seconds left.\n|\n|t:|1699198340\n|move|p2a: Sneasler|Shadow Claw|p1a: Gholdengo\n|-supereffective|p1a: Gholdengo\n|-damage|p1a: Gholdengo|10\/100\n|move|p1a: Gholdengo|Shadow Ball|p2a: Sneasler\n|-supereffective|p2a: Sneasler\n|-damage|p2a: Sneasler|0 fnt\n|faint|p2a: Sneasler\n|\n|-weather|Sandstorm|[upkeep]\n|upkeep\n|inactive|NinjiBro has 210 seconds left.\n|\n|t:|1699198347\n|switch|p2a: Iron Jugulis|Iron Jugulis, shiny|100\/100\n|-enditem|p2a: Iron Jugulis|Booster Energy\n|-activate|p2a: Iron Jugulis|ability: Quark Drive|[fromitem]\n|-start|p2a: Iron Jugulis|quarkdrivespa\n|turn|16\n|c|\u2606The Main Flutter|this is intense...\n|\n|t:|1699198352\n|switch|p1a: Arbok|Arbok, M|100\/100\n|-ability|p1a: Arbok|Intimidate|boost\n|-unboost|p2a: Iron Jugulis|atk|1\n|move|p2a: Iron Jugulis|Dark Pulse|p1a: Arbok\n|-damage|p1a: Arbok|23\/100\n|\n|-weather|Sandstorm|[upkeep]\n|-damage|p2a: Iron Jugulis|94\/100|[from] Sandstorm\n|-damage|p1a: Arbok|17\/100|[from] Sandstorm\n|upkeep\n|turn|17\n|c|\u2606The Main Flutter|gg\n|inactive|The Main Flutter has 270 seconds left.\n|c|\u2606NinjiBro|It's not over till it's over\n|c|\u2606The Main Flutter|i got unlucky at the start tbh lol\n|c|\u2606NinjiBro|yeah\n|c|\u2606The Main Flutter|ur faster\n|c|\u2606The Main Flutter|theres no way im winning\n|c|\u2606The Main Flutter|gg\n|\n|t:|1699198402\n|move|p2a: Iron Jugulis|Dark Pulse|p1a: Arbok\n|-damage|p1a: Arbok|0 fnt\n|faint|p1a: Arbok\n|\n|-weather|none\n|upkeep\n|\n|t:|1699198404\n|switch|p1a: Gholdengo|Gholdengo|10\/100\n|turn|18\n|\n|t:|1699198406\n|move|p2a: Iron Jugulis|Dark Pulse|p1a: Gholdengo\n|-supereffective|p1a: Gholdengo\n|-damage|p1a: Gholdengo|0 fnt\n|faint|p1a: Gholdengo\n|\n|win|NinjiBro\n|c|\u2606NinjiBro|GG\n|c|\u2606The Main Flutter|gg\n|c|\u2606The Main Flutter|i knew from the start i would lose\n|c|\u2606The Main Flutter|todays luck was the worst i ever had lol\n","uploadtime":1699198414,"views":17,"p1id":"themainflutter","p2id":"ninjibro","formatid":"gen9nationaldexubers","rating":0,"private":0,"password":""}