{"id":"gen9nationaldexubers-1998650896","p1":"Rayqueerza32","p2":"A_Gamer8414","format":"[Gen 9] National Dex Ubers","log":"|j|\u2606Rayqueerza32\n|j|\u2606A_Gamer8414\n|t:|1700967702\n|gametype|singles\n|player|p1|Rayqueerza32|palmer|\n|player|p2|A_Gamer8414|1|\n|teamsize|p1|6\n|teamsize|p2|6\n|gen|9\n|tier|[Gen 9] National Dex Ubers\n|rule|HP Percentage Mod: HP is shown in percentages\n|rule|Endless Battle Clause: Forcing endless battles is banned\n|rule|OHKO Clause: OHKO moves are banned\n|rule|Evasion Moves Clause: Evasion moves are banned\n|rule|Evasion Items Clause: Evasion items are banned\n|rule|Species Clause: Limit one of each Pok\u00e9mon\n|rule|Sleep Clause Mod: Limit one foe put to sleep\n|rule|Mega Rayquaza Clause: You cannot mega evolve Rayquaza\n|clearpoke\n|poke|p1|Scizor, F|\n|poke|p1|Landorus-Therian, M|\n|poke|p1|Greninja-*, F|\n|poke|p1|Corviknight, M|\n|poke|p1|Blissey, F|\n|poke|p1|Conkeldurr, F|\n|poke|p2|Diancie|\n|poke|p2|Iron Valiant|\n|poke|p2|Tapu Koko|\n|poke|p2|Klefki, M|\n|poke|p2|Xerneas-*|\n|poke|p2|Zacian-*|\n|teampreview\n|inactive|Battle timer is ON: inactive players will automatically lose when time's up. (requested by Rayqueerza32)\n|c|\u2606Rayqueerza32|tera drag corv\n|inactive|A_Gamer8414 has 270 seconds left.\n|\n|t:|1700967737\n|start\n|switch|p1a: UUBL|Landorus-Therian, M|100\/100\n|switch|p2a: Tapu Koko|Tapu Koko|100\/100\n|-fieldstart|move: Electric Terrain|[from] ability: Electric Surge|[of] p2a: Tapu Koko\n|-ability|p1a: UUBL|Intimidate|boost\n|-unboost|p2a: Tapu Koko|atk|1\n|turn|1\n|inactive|A_Gamer8414 has 270 seconds left.\n|\n|t:|1700967768\n|move|p2a: Tapu Koko|U-turn|p1a: UUBL\n|-resisted|p1a: UUBL\n|-damage|p1a: UUBL|96\/100\n|inactive|A_Gamer8414 has 270 seconds left.\n|\n|t:|1700967777\n|switch|p2a: Iron Valiant|Iron Valiant|100\/100|[from] U-turn\n|-activate|p2a: Iron Valiant|ability: Quark Drive\n|-start|p2a: Iron Valiant|quarkdrivespe\n|move|p1a: UUBL|Stealth Rock|p2a: Iron Valiant\n|-sidestart|p2: A_Gamer8414|move: Stealth Rock\n|\n|upkeep\n|turn|2\n|inactive|A_Gamer8414 has 270 seconds left.\n|\n|t:|1700967796\n|switch|p1a: Tinkatrouble|Corviknight, M, shiny|100\/100\n|-ability|p1a: Tinkatrouble|Pressure\n|move|p2a: Iron Valiant|Trick|p1a: Tinkatrouble\n|-activate|p2a: Iron Valiant|move: Trick|[of] p1a: Tinkatrouble\n|-item|p1a: Tinkatrouble|Choice Specs|[from] move: Trick\n|-item|p2a: Iron Valiant|Leftovers|[from] move: Trick\n|\n|upkeep\n|turn|3\n|inactive|A_Gamer8414 has 270 seconds left.\n|\n|t:|1700967821\n|-end|p2a: Iron Valiant|Quark Drive|[silent]\n|switch|p2a: Klefki|Klefki, M|100\/100\n|-damage|p2a: Klefki|95\/100|[from] Stealth Rock\n|move|p1a: Tinkatrouble|Brave Bird|p2a: Klefki\n|-resisted|p2a: Klefki\n|-damage|p2a: Klefki|79\/100\n|-damage|p1a: Tinkatrouble|96\/100|[from] Recoil\n|\n|upkeep\n|turn|4\n|\n|t:|1700967830\n|switch|p1a: Honkeldurr|Conkeldurr, F|100\/100\n|move|p2a: Klefki|Reflect|p2a: Klefki\n|-sidestart|p2: A_Gamer8414|Reflect\n|\n|-status|p1a: Honkeldurr|brn|[from] item: Flame Orb\n|upkeep\n|turn|5\n|inactive|A_Gamer8414 has 240 seconds left.\n|\n|t:|1700967871\n|switch|p2a: Iron Valiant|Iron Valiant|100\/100\n|-damage|p2a: Iron Valiant|94\/100|[from] Stealth Rock\n|-activate|p2a: Iron Valiant|ability: Quark Drive\n|-start|p2a: Iron Valiant|quarkdrivespe\n|move|p1a: Honkeldurr|Knock Off|p2a: Iron Valiant\n|-resisted|p2a: Iron Valiant\n|-damage|p2a: Iron Valiant|85\/100\n|-enditem|p2a: Iron Valiant|Leftovers|[from] move: Knock Off|[of] p1a: Honkeldurr\n|\n|-damage|p1a: Honkeldurr|94\/100 brn|[from] brn\n|-fieldend|move: Electric Terrain\n|-end|p2a: Iron Valiant|Quark Drive\n|upkeep\n|turn|6\n|\n|t:|1700967880\n|switch|p1a: Faberge|Scizor, F|100\/100\n|move|p2a: Iron Valiant|Moonblast|p1a: Faberge\n|-resisted|p1a: Faberge\n|-damage|p1a: Faberge|74\/100\n|-unboost|p1a: Faberge|spa|1\n|\n|upkeep\n|turn|7\n|\n|t:|1700967891\n|detailschange|p1a: Faberge|Scizor-Mega, F\n|-mega|p1a: Faberge|Scizor|Scizorite\n|move|p2a: Iron Valiant|Aura Sphere|p1a: Faberge\n|-damage|p1a: Faberge|34\/100\n|move|p1a: Faberge|Roost|p1a: Faberge\n|-heal|p1a: Faberge|84\/100\n|-singleturn|p1a: Faberge|move: Roost\n|\n|upkeep\n|turn|8\n|\n|t:|1700967903\n|move|p2a: Iron Valiant|Aura Sphere|p1a: Faberge\n|-damage|p1a: Faberge|45\/100\n|move|p1a: Faberge|U-turn|p2a: Iron Valiant\n|-resisted|p2a: Iron Valiant\n|-damage|p2a: Iron Valiant|80\/100\n|\n|t:|1700967908\n|switch|p1a: Amphinobi|Greninja, F|100\/100|[from] U-turn\n|\n|upkeep\n|turn|9\n|inactive|A_Gamer8414 has 240 seconds left.\n|\n|t:|1700967925\n|move|p1a: Amphinobi|Gunk Shot|p2a: Iron Valiant\n|-start|p1a: Amphinobi|typechange|Poison|[from] ability: Protean\n|-supereffective|p2a: Iron Valiant\n|-damage|p2a: Iron Valiant|17\/100\n|-status|p2a: Iron Valiant|psn\n|move|p2a: Iron Valiant|Moonblast|p1a: Amphinobi\n|-resisted|p1a: Amphinobi\n|-damage|p1a: Amphinobi|63\/100\n|\n|-damage|p2a: Iron Valiant|5\/100 psn|[from] psn\n|upkeep\n|turn|10\n|\n|t:|1700967943\n|switch|p1a: Fat Fuck Friday|Blissey, F|100\/100\n|move|p2a: Iron Valiant|Trick|p1a: Fat Fuck Friday\n|-activate|p2a: Iron Valiant|move: Trick|[of] p1a: Fat Fuck Friday\n|-enditem|p1a: Fat Fuck Friday|Heavy-Duty Boots|[silent]|[from] move: Trick\n|-item|p2a: Iron Valiant|Heavy-Duty Boots|[from] move: Trick\n|\n|-damage|p2a: Iron Valiant|0 fnt|[from] psn\n|faint|p2a: Iron Valiant\n|-end|p2a: Iron Valiant|Quark Drive|[silent]\n|upkeep\n|inactive|A_Gamer8414 has 210 seconds left.\n|\n|t:|1700967978\n|switch|p2a: Zacian|Zacian-Crowned|100\/100\n|-damage|p2a: Zacian|94\/100|[from] Stealth Rock\n|-ability|p2a: Zacian|Intrepid Sword|boost\n|-boost|p2a: Zacian|atk|1\n|turn|11\n|\n|t:|1700967987\n|switch|p1a: UUBL|Landorus-Therian, M|96\/100\n|-ability|p1a: UUBL|Intimidate|boost\n|-unboost|p2a: Zacian|atk|1\n|move|p2a: Zacian|Swords Dance|p2a: Zacian\n|-boost|p2a: Zacian|atk|2\n|\n|-sideend|p2: A_Gamer8414|Reflect\n|upkeep\n|turn|12\n|\n|t:|1700968003\n|switch|p1a: Honkeldurr|Conkeldurr, F|94\/100 brn\n|move|p2a: Zacian|Behemoth Blade|p1a: Honkeldurr\n|-damage|p1a: Honkeldurr|0 fnt\n|faint|p1a: Honkeldurr\n|\n|upkeep\n|\n|t:|1700968009\n|switch|p1a: UUBL|Landorus-Therian, M|96\/100\n|-ability|p1a: UUBL|Intimidate|boost\n|-unboost|p2a: Zacian|atk|1\n|turn|13\n|\n|t:|1700968024\n|switch|p2a: Tapu Koko|Tapu Koko|100\/100\n|-fieldstart|move: Electric Terrain|[from] ability: Electric Surge|[of] p2a: Tapu Koko\n|move|p1a: UUBL|Earthquake|p2a: Tapu Koko\n|-supereffective|p2a: Tapu Koko\n|-damage|p2a: Tapu Koko|0 fnt\n|faint|p2a: Tapu Koko\n|\n|upkeep\n|\n|t:|1700968036\n|switch|p2a: Xerneas|Xerneas|100\/100\n|-damage|p2a: Xerneas|88\/100|[from] Stealth Rock\n|-ability|p2a: Xerneas|Fairy Aura\n|turn|14\n|\n|t:|1700968040\n|switch|p1a: Fat Fuck Friday|Blissey, F|100\/100\n|move|p2a: Xerneas|Geomancy||[still]\n|-prepare|p2a: Xerneas|Geomancy\n|-enditem|p2a: Xerneas|Power Herb\n|-anim|p2a: Xerneas|Geomancy|p2a: Xerneas\n|-boost|p2a: Xerneas|spa|2\n|-boost|p2a: Xerneas|spd|2\n|-boost|p2a: Xerneas|spe|2\n|\n|upkeep\n|turn|15\n|inactive|A_Gamer8414 has 210 seconds left.\n|\n|t:|1700968048\n|-terastallize|p2a: Xerneas|Fairy\n|move|p2a: Xerneas|Moonblast|p1a: Fat Fuck Friday\n|-damage|p1a: Fat Fuck Friday|38\/100\n|move|p1a: Fat Fuck Friday|Toxic|p2a: Xerneas\n|-status|p2a: Xerneas|tox\n|\n|-damage|p2a: Xerneas|82\/100 tox|[from] psn\n|upkeep\n|turn|16\n|\n|t:|1700968058\n|switch|p1a: Tinkatrouble|Corviknight, M, shiny|96\/100\n|-ability|p1a: Tinkatrouble|Pressure\n|move|p2a: Xerneas|Moonblast|p1a: Tinkatrouble\n|-resisted|p1a: Tinkatrouble\n|-damage|p1a: Tinkatrouble|11\/100\n|-unboost|p1a: Tinkatrouble|spa|1\n|\n|-damage|p2a: Xerneas|70\/100 tox|[from] psn\n|upkeep\n|turn|17\n|\n|t:|1700968070\n|move|p2a: Xerneas|Moonblast|p1a: Tinkatrouble\n|-resisted|p1a: Tinkatrouble\n|-damage|p1a: Tinkatrouble|0 fnt\n|faint|p1a: Tinkatrouble\n|\n|-damage|p2a: Xerneas|51\/100 tox|[from] psn\n|-fieldend|move: Electric Terrain\n|upkeep\n|\n|t:|1700968071\n|switch|p1a: Faberge|Scizor-Mega, F|45\/100\n|turn|18\n|\n|t:|1700968074\n|move|p1a: Faberge|Bullet Punch|p2a: Xerneas\n|-supereffective|p2a: Xerneas\n|-damage|p2a: Xerneas|1\/100 tox\n|move|p2a: Xerneas|Moonblast|p1a: Faberge\n|-resisted|p1a: Faberge\n|-damage|p1a: Faberge|0 fnt\n|faint|p1a: Faberge\n|\n|-damage|p2a: Xerneas|0 fnt|[from] psn\n|faint|p2a: Xerneas\n|upkeep\n|\n|t:|1700968097\n|switch|p2a: Klefki|Klefki, M|79\/100\n|switch|p1a: UUBL|Landorus-Therian, M|96\/100\n|-ability|p1a: UUBL|Intimidate|boost\n|-unboost|p2a: Klefki|atk|1\n|-damage|p2a: Klefki|73\/100|[from] Stealth Rock\n|turn|19\n|\n|t:|1700968101\n|move|p2a: Klefki|Reflect|p2a: Klefki\n|-sidestart|p2: A_Gamer8414|Reflect\n|move|p1a: UUBL|Swords Dance|p1a: UUBL\n|-boost|p1a: UUBL|atk|2\n|\n|upkeep\n|turn|20\n|\n|t:|1700968109\n|move|p1a: UUBL|Earthquake|p2a: Klefki\n|-supereffective|p2a: Klefki\n|-damage|p2a: Klefki|0 fnt\n|faint|p2a: Klefki\n|\n|upkeep\n|\n|t:|1700968125\n|switch|p2a: Diancie|Diancie|100\/100\n|-damage|p2a: Diancie|88\/100|[from] Stealth Rock\n|turn|21\n|\n|t:|1700968134\n|detailschange|p2a: Diancie|Diancie-Mega\n|-mega|p2a: Diancie|Diancie|Diancite\n|move|p2a: Diancie|Moonblast|p1a: UUBL\n|-damage|p1a: UUBL|23\/100\n|move|p1a: UUBL|Earthquake|p2a: Diancie\n|-supereffective|p2a: Diancie\n|-damage|p2a: Diancie|0 fnt\n|faint|p2a: Diancie\n|\n|upkeep\n|\n|t:|1700968141\n|switch|p2a: Zacian|Zacian-Crowned|94\/100\n|-damage|p2a: Zacian|88\/100|[from] Stealth Rock\n|turn|22\n|\n|t:|1700968148\n|move|p2a: Zacian|Play Rough|p1a: UUBL\n|-damage|p1a: UUBL|0 fnt\n|faint|p1a: UUBL\n|\n|upkeep\n|\n|t:|1700968152\n|switch|p1a: Amphinobi|Greninja, F|63\/100\n|turn|23\n|\n|t:|1700968159\n|move|p1a: Amphinobi|Scald|p2a: Zacian\n|-start|p1a: Amphinobi|typechange|Water|[from] ability: Protean\n|-damage|p2a: Zacian|61\/100\n|move|p2a: Zacian|Behemoth Blade|p1a: Amphinobi\n|-resisted|p1a: Amphinobi\n|-damage|p1a: Amphinobi|7\/100\n|\n|upkeep\n|turn|24\n|c|\u2606Rayqueerza32|burn\n|\n|t:|1700968167\n|move|p1a: Amphinobi|Scald|p2a: Zacian\n|-damage|p2a: Zacian|32\/100\n|-status|p2a: Zacian|brn\n|move|p2a: Zacian|Play Rough|p1a: Amphinobi\n|-damage|p1a: Amphinobi|0 fnt\n|faint|p1a: Amphinobi\n|\n|-damage|p2a: Zacian|26\/100 brn|[from] brn\n|upkeep\n|\n|t:|1700968169\n|switch|p1a: Fat Fuck Friday|Blissey, F|38\/100\n|turn|25\n|c|\u2606Rayqueerza32|live\n|c|\u2606Rayqueerza32|live\n|c|\u2606Rayqueerza32|live\n|c|\u2606Rayqueerza32|live\n|c|\u2606Rayqueerza32|live\n|c|\u2606Rayqueerza32|live\n|c|\u2606Rayqueerza32|live\n|\n|t:|1700968184\n|move|p2a: Zacian|Swords Dance|p2a: Zacian\n|-boost|p2a: Zacian|atk|2\n|move|p1a: Fat Fuck Friday|Seismic Toss|p2a: Zacian\n|-damage|p2a: Zacian|0 fnt\n|faint|p2a: Zacian\n|\n|win|Rayqueerza32\n|c|\u2606Rayqueerza32|live\n|l|\u2606A_Gamer8414\n|c|\u2606Rayqueerza32|OR THAT\n","uploadtime":1700968193,"views":10,"p1id":"rayqueerza32","p2id":"agamer8414","formatid":"gen9nationaldexubers","rating":0,"private":0,"password":""}