{"id":"gen9nationaldexubers-1991355558","p1":"Tuba_Archmage","p2":"vailorn","format":"[Gen 9] National Dex Ubers","log":"|j|\u2606Tuba_Archmage\n|j|\u2606vailorn\n|t:|1700070249\n|gametype|singles\n|player|p1|Tuba_Archmage|shadowtriad|1499\n|player|p2|vailorn|266|1637\n|teamsize|p1|6\n|teamsize|p2|6\n|gen|9\n|tier|[Gen 9] National Dex Ubers\n|rated|\n|rule|HP Percentage Mod: HP is shown in percentages\n|rule|Endless Battle Clause: Forcing endless battles is banned\n|rule|OHKO Clause: OHKO moves are banned\n|rule|Evasion Moves Clause: Evasion moves are banned\n|rule|Evasion Items Clause: Evasion items are banned\n|rule|Species Clause: Limit one of each Pok\u00e9mon\n|rule|Sleep Clause Mod: Limit one foe put to sleep\n|rule|Mega Rayquaza Clause: You cannot mega evolve Rayquaza\n|clearpoke\n|poke|p1|Palkia-Origin|\n|poke|p1|Groudon|\n|poke|p1|Banette, F|\n|poke|p1|Yveltal|\n|poke|p1|Arceus-Ghost|\n|poke|p1|Urshifu-*, F|\n|poke|p2|Giratina|\n|poke|p2|Dondozo, M|\n|poke|p2|Chansey, F|\n|poke|p2|Tyranitar, F|\n|poke|p2|Ho-Oh|\n|poke|p2|Mewtwo|\n|teampreview\n|inactive|Battle timer is ON: inactive players will automatically lose when time's up. (requested by Tuba_Archmage)\n|c|\u2606Tuba_Archmage|*cough cough*\n|c|\u2606Tuba_Archmage|fine lol\n|\n|t:|1700070267\n|start\n|switch|p1a: ORAORAORAORAORAORA|Urshifu-Rapid-Strike, F|100\/100\n|switch|p2a: Erebus|Tyranitar, F, shiny|100\/100\n|-weather|Sandstorm|[from] ability: Sand Stream|[of] p2a: Erebus\n|turn|1\n|\n|t:|1700070281\n|switch|p1a: Yveltal|Yveltal|100\/100\n|-ability|p1a: Yveltal|Dark Aura\n|switch|p2a: Chaos|Giratina, shiny|100\/100\n|-ability|p2a: Chaos|Pressure\n|\n|-weather|Sandstorm|[upkeep]\n|-damage|p1a: Yveltal|94\/100|[from] Sandstorm\n|-damage|p2a: Chaos|94\/100|[from] Sandstorm\n|-heal|p2a: Chaos|100\/100|[from] item: Leftovers\n|upkeep\n|turn|2\n|\n|t:|1700070291\n|switch|p2a: Erebus|Tyranitar, F, shiny|100\/100\n|move|p1a: Yveltal|Dark Pulse|p2a: Erebus\n|-resisted|p2a: Erebus\n|-damage|p2a: Erebus|84\/100\n|\n|-weather|Sandstorm|[upkeep]\n|-damage|p1a: Yveltal|88\/100|[from] Sandstorm\n|upkeep\n|turn|3\n|j| Kidmental\n|\n|t:|1700070299\n|switch|p1a: ORAORAORAORAORAORA|Urshifu-Rapid-Strike, F|100\/100\n|detailschange|p2a: Erebus|Tyranitar-Mega, F, shiny\n|-mega|p2a: Erebus|Tyranitar|Tyranitarite\n|move|p2a: Erebus|Stealth Rock|p1a: ORAORAORAORAORAORA\n|-sidestart|p1: Tuba_Archmage|move: Stealth Rock\n|\n|-weather|Sandstorm|[upkeep]\n|-damage|p1a: ORAORAORAORAORAORA|94\/100|[from] Sandstorm\n|upkeep\n|turn|4\n|c|\u2606Tuba_Archmage|so this is obviously going to be the game where 90% of it is just switching\n|\n|t:|1700070316\n|switch|p2a: Chaos|Giratina, shiny|100\/100\n|-ability|p2a: Chaos|Pressure\n|move|p1a: ORAORAORAORAORAORA|Iron Head|p2a: Chaos\n|-damage|p2a: Chaos|81\/100\n|\n|-weather|Sandstorm|[upkeep]\n|-damage|p1a: ORAORAORAORAORAORA|88\/100|[from] Sandstorm\n|-damage|p2a: Chaos|75\/100|[from] Sandstorm\n|-heal|p2a: Chaos|81\/100|[from] item: Leftovers\n|upkeep\n|turn|5\n|c|\u2606Tuba_Archmage|fine\n|\n|t:|1700070327\n|switch|p1a: Other Best Here|Groudon|100\/100\n|-damage|p1a: Other Best Here|94\/100|[from] Stealth Rock\n|detailschange|p1a: Other Best Here|Groudon-Primal\n|-primal|p1a: Other Best Here|Red Orb\n|-weather|DesolateLand|[from] ability: Desolate Land|[of] p1a: Other Best Here\n|move|p2a: Chaos|Toxic|p1a: Other Best Here\n|-status|p1a: Other Best Here|tox\n|\n|-weather|DesolateLand|[upkeep]\n|-heal|p2a: Chaos|87\/100|[from] item: Leftovers\n|-damage|p1a: Other Best Here|88\/100 tox|[from] psn\n|upkeep\n|turn|6\n|\n|t:|1700070340\n|-weather|none\n|switch|p1a: Cool Marshadow|Banette, F|100\/100\n|-damage|p1a: Cool Marshadow|88\/100|[from] Stealth Rock\n|-item|p2a: Chaos|Leftovers|[from] ability: Frisk|[of] p1a: Cool Marshadow|[identify]\n|move|p2a: Chaos|Dragon Tail|p1a: Cool Marshadow\n|-damage|p1a: Cool Marshadow|58\/100\n|drag|p1a: ORAORAORAORAORAORA|Urshifu-Rapid-Strike, F|88\/100\n|-damage|p1a: ORAORAORAORAORAORA|82\/100|[from] Stealth Rock\n|\n|-heal|p2a: Chaos|93\/100|[from] item: Leftovers\n|upkeep\n|turn|7\n|\n|t:|1700070351\n|move|p1a: ORAORAORAORAORAORA|Iron Head|p2a: Chaos\n|-damage|p2a: Chaos|76\/100\n|move|p2a: Chaos|Toxic|p1a: ORAORAORAORAORAORA\n|-status|p1a: ORAORAORAORAORAORA|tox\n|\n|-heal|p2a: Chaos|82\/100|[from] item: Leftovers\n|-damage|p1a: ORAORAORAORAORAORA|76\/100 tox|[from] psn\n|upkeep\n|turn|8\n|\n|t:|1700070361\n|move|p1a: ORAORAORAORAORAORA|Iron Head|p2a: Chaos\n|-damage|p2a: Chaos|64\/100\n|move|p2a: Chaos|Dragon Tail|p1a: ORAORAORAORAORAORA\n|-damage|p1a: ORAORAORAORAORAORA|56\/100 tox\n|drag|p1a: Other Best Here|Groudon-Primal|88\/100 tox\n|-damage|p1a: Other Best Here|76\/100 tox|[from] Stealth Rock\n|-weather|DesolateLand|[from] ability: Desolate Land|[of] p1a: Other Best Here\n|\n|-weather|DesolateLand|[upkeep]\n|-heal|p2a: Chaos|70\/100|[from] item: Leftovers\n|-damage|p1a: Other Best Here|70\/100 tox|[from] psn\n|upkeep\n|turn|9\n|c|\u2606Tuba_Archmage|i just wanna kill one, man\n|c|\u2606vailorn|Which one u want\n|c|\u2606Tuba_Archmage|ehh\n|c|\u2606Tuba_Archmage|either chansey or dozo\n|c|\u2606Tuba_Archmage|they the most annoying\n|inactive|vailorn has 120 seconds left.\n|c|\u2606vailorn|Thats true they is\n|\n|t:|1700070402\n|switch|p2a: Epione|Chansey, F, shiny|100\/100\n|move|p1a: Other Best Here|Earthquake|p2a: Epione\n|-damage|p2a: Epione|50\/100\n|\n|-weather|DesolateLand|[upkeep]\n|-damage|p1a: Other Best Here|57\/100 tox|[from] psn\n|upkeep\n|turn|10\n|\n|t:|1700070408\n|move|p1a: Other Best Here|Earthquake|p2a: Epione\n|-crit|p2a: Epione\n|-damage|p2a: Epione|0 fnt\n|faint|p2a: Epione\n|\n|-weather|DesolateLand|[upkeep]\n|-damage|p1a: Other Best Here|39\/100 tox|[from] psn\n|upkeep\n|c|\u2606Tuba_Archmage|cool\n|\n|t:|1700070412\n|switch|p2a: Chaos|Giratina, shiny|70\/100\n|-ability|p2a: Chaos|Pressure\n|turn|11\n|-message|Tuba_Archmage forfeited.\n|\n|win|vailorn\n|raw|Tuba_Archmage's rating: 1499 &rarr; <strong>1487<\/strong><br \/>(-12 for losing)\n|raw|vailorn's rating: 1637 &rarr; <strong>1649<\/strong><br \/>(+12 for winning)\n|l|\u2606Tuba_Archmage\n|c|\u2606vailorn|Lmfao\n","uploadtime":1700070425,"views":30,"p1id":"tubaarchmage","p2id":"vailorn","formatid":"gen9nationaldexubers","rating":1487,"private":0,"password":""}