{"id":"gen9nationaldexubers-1988639316","p1":"ssssour","p2":"Doeiwad1","format":"[Gen 9] National Dex Ubers","log":"|j|\u2606ssssour\n|j|\u2606Doeiwad1\n|t:|1699744981\n|gametype|singles\n|player|p1|ssssour|pokemaniac|1225\n|player|p2|Doeiwad1|elesa|1237\n|teamsize|p1|6\n|teamsize|p2|6\n|gen|9\n|tier|[Gen 9] National Dex Ubers\n|rated|\n|rule|HP Percentage Mod: HP is shown in percentages\n|rule|Endless Battle Clause: Forcing endless battles is banned\n|rule|OHKO Clause: OHKO moves are banned\n|rule|Evasion Moves Clause: Evasion moves are banned\n|rule|Evasion Items Clause: Evasion items are banned\n|rule|Species Clause: Limit one of each Pok\u00e9mon\n|rule|Sleep Clause Mod: Limit one foe put to sleep\n|rule|Mega Rayquaza Clause: You cannot mega evolve Rayquaza\n|clearpoke\n|poke|p1|Pincurchin, F|\n|poke|p1|Dunsparce, M|\n|poke|p1|Rayquaza|\n|poke|p1|Arceus-Fire|\n|poke|p1|Gliscor, F|\n|poke|p1|Espathra, F|\n|poke|p2|Kyurem-Black|\n|poke|p2|Xerneas-*|\n|poke|p2|Naganadel|\n|poke|p2|Alakazam, F|\n|poke|p2|Kyogre|\n|poke|p2|Starmie|\n|teampreview\n|inactive|Battle timer is ON: inactive players will automatically lose when time's up. (requested by Doeiwad1)\n|\n|t:|1699744987\n|start\n|switch|p1a: Dunsparce|Dunsparce, M, shiny|100\/100\n|switch|p2a: Kyurem|Kyurem-Black|100\/100\n|-ability|p2a: Kyurem|Teravolt\n|turn|1\n|\n|t:|1699744990\n|move|p2a: Kyurem|Dragon Dance|p2a: Kyurem\n|-boost|p2a: Kyurem|atk|1\n|-boost|p2a: Kyurem|spe|1\n|move|p1a: Dunsparce|Glare|p2a: Kyurem\n|-status|p2a: Kyurem|par\n|\n|upkeep\n|turn|2\n|\n|t:|1699744997\n|cant|p2a: Kyurem|par\n|move|p1a: Dunsparce|Coil|p1a: Dunsparce\n|-boost|p1a: Dunsparce|atk|1\n|-boost|p1a: Dunsparce|def|1\n|-boost|p1a: Dunsparce|accuracy|1\n|\n|upkeep\n|turn|3\n|\n|t:|1699745002\n|move|p2a: Kyurem|Dragon Dance|p2a: Kyurem\n|-boost|p2a: Kyurem|atk|1\n|-boost|p2a: Kyurem|spe|1\n|move|p1a: Dunsparce|Coil|p1a: Dunsparce\n|-boost|p1a: Dunsparce|atk|1\n|-boost|p1a: Dunsparce|def|1\n|-boost|p1a: Dunsparce|accuracy|1\n|\n|upkeep\n|turn|4\n|\n|t:|1699745006\n|move|p2a: Kyurem|Icicle Spear|p1a: Dunsparce\n|-crit|p1a: Dunsparce\n|-damage|p1a: Dunsparce|63\/100\n|-damage|p1a: Dunsparce|49\/100\n|-damage|p1a: Dunsparce|36\/100\n|-damage|p1a: Dunsparce|22\/100\n|-hitcount|p1a: Dunsparce|4\n|move|p1a: Dunsparce|Coil|p1a: Dunsparce\n|-boost|p1a: Dunsparce|atk|1\n|-boost|p1a: Dunsparce|def|1\n|-boost|p1a: Dunsparce|accuracy|1\n|\n|upkeep\n|turn|5\n|\n|t:|1699745013\n|cant|p2a: Kyurem|par\n|move|p1a: Dunsparce|Roost|p1a: Dunsparce\n|-heal|p1a: Dunsparce|72\/100\n|-singleturn|p1a: Dunsparce|move: Roost\n|\n|upkeep\n|turn|6\n|\n|t:|1699745015\n|cant|p2a: Kyurem|par\n|move|p1a: Dunsparce|Coil|p1a: Dunsparce\n|-boost|p1a: Dunsparce|atk|1\n|-boost|p1a: Dunsparce|def|1\n|-boost|p1a: Dunsparce|accuracy|1\n|\n|upkeep\n|turn|7\n|\n|t:|1699745021\n|move|p2a: Kyurem|Fusion Bolt|p1a: Dunsparce\n|-damage|p1a: Dunsparce|47\/100\n|move|p1a: Dunsparce|Roost|p1a: Dunsparce\n|-heal|p1a: Dunsparce|97\/100\n|-singleturn|p1a: Dunsparce|move: Roost\n|\n|upkeep\n|turn|8\n|\n|t:|1699745024\n|move|p2a: Kyurem|Dragon Dance|p2a: Kyurem\n|-boost|p2a: Kyurem|atk|1\n|-boost|p2a: Kyurem|spe|1\n|move|p1a: Dunsparce|Coil|p1a: Dunsparce\n|-boost|p1a: Dunsparce|atk|1\n|-boost|p1a: Dunsparce|def|1\n|-boost|p1a: Dunsparce|accuracy|1\n|\n|upkeep\n|turn|9\n|c|\u2606ssssour|dunsparce\n|\n|t:|1699745027\n|move|p2a: Kyurem|Fusion Bolt|p1a: Dunsparce\n|-damage|p1a: Dunsparce|72\/100\n|move|p1a: Dunsparce|Coil|p1a: Dunsparce\n|-boost|p1a: Dunsparce|atk|1\n|-boost|p1a: Dunsparce|def|1\n|-boost|p1a: Dunsparce|accuracy|1\n|\n|upkeep\n|turn|10\n|\n|t:|1699745030\n|cant|p2a: Kyurem|par\n|move|p1a: Dunsparce|Headbutt|p2a: Kyurem\n|-crit|p2a: Kyurem\n|-damage|p2a: Kyurem|5\/100 par\n|\n|upkeep\n|turn|11\n|\n|t:|1699745034\n|move|p2a: Kyurem|Dragon Dance|p2a: Kyurem\n|-boost|p2a: Kyurem|atk|1\n|-boost|p2a: Kyurem|spe|1\n|move|p1a: Dunsparce|Headbutt|p2a: Kyurem\n|-damage|p2a: Kyurem|0 fnt\n|faint|p2a: Kyurem\n|\n|upkeep\n|c|\u2606ssssour|DUNSPARCE\n|\n|t:|1699745038\n|switch|p2a: Naganadel|Naganadel|100\/100\n|turn|12\n|\n|t:|1699745042\n|move|p2a: Naganadel|Draco Meteor|p1a: Dunsparce\n|-damage|p1a: Dunsparce|37\/100\n|-unboost|p2a: Naganadel|spa|2\n|-enditem|p2a: Naganadel|White Herb\n|-clearnegativeboost|p2a: Naganadel|[silent]\n|move|p1a: Dunsparce|Headbutt|p2a: Naganadel\n|-damage|p2a: Naganadel|0 fnt\n|faint|p2a: Naganadel\n|\n|upkeep\n|c|\u2606ssssour|DUNSPARCE\n|\n|t:|1699745048\n|switch|p2a: Alakazam|Alakazam, F|100\/100\n|turn|13\n|c|\u2606ssssour|DUNSPARCE\n|\n|t:|1699745052\n|detailschange|p2a: Alakazam|Alakazam-Mega, F\n|-mega|p2a: Alakazam|Alakazam|Alakazite\n|-ability|p2a: Alakazam|Serene Grace|[from] ability: Trace|[of] p1a: Dunsparce\n|move|p2a: Alakazam|Psychic|p1a: Dunsparce\n|-damage|p1a: Dunsparce|5\/100\n|move|p1a: Dunsparce|Roost|p1a: Dunsparce\n|-heal|p1a: Dunsparce|55\/100\n|-singleturn|p1a: Dunsparce|move: Roost\n|\n|upkeep\n|turn|14\n|c|\u2606ssssour|DUNSPARCE\n|\n|t:|1699745061\n|move|p2a: Alakazam|Focus Blast|p1a: Dunsparce\n|-supereffective|p1a: Dunsparce\n|-damage|p1a: Dunsparce|4\/100\n|move|p1a: Dunsparce|Headbutt|p2a: Alakazam\n|-damage|p2a: Alakazam|0 fnt\n|faint|p2a: Alakazam\n|\n|upkeep\n|\n|t:|1699745065\n|switch|p2a: Starmie|Starmie|100\/100\n|turn|15\n|c|\u2606ssssour|I SAID DUNSPARCE\n|\n|t:|1699745071\n|move|p2a: Starmie|Rapid Spin|p1a: Dunsparce\n|-damage|p1a: Dunsparce|1\/100\n|-boost|p2a: Starmie|spe|1\n|-damage|p2a: Starmie|91\/100|[from] item: Life Orb\n|move|p1a: Dunsparce|Glare|p2a: Starmie\n|-status|p2a: Starmie|par\n|\n|upkeep\n|turn|16\n|c|\u2606Doeiwad1|Wtf is this dunsparce\n|\n|t:|1699745082\n|-terastallize|p1a: Dunsparce|Ghost\n|move|p2a: Starmie|Rapid Spin|p1a: Dunsparce\n|-immune|p1a: Dunsparce\n|move|p1a: Dunsparce|Roost|p1a: Dunsparce\n|-heal|p1a: Dunsparce|51\/100\n|\n|upkeep\n|turn|17\n|c|\u2606ssssour|DUNSPARCE\n|c|\u2606ssssour|Dunsparce.\n|\n|t:|1699745088\n|-curestatus|p2a: Starmie|par|[from] ability: Natural Cure\n|switch|p2a: Xerneas|Xerneas|100\/100\n|-ability|p2a: Xerneas|Fairy Aura\n|move|p1a: Dunsparce|Roost|p1a: Dunsparce\n|-heal|p1a: Dunsparce|100\/100\n|\n|upkeep\n|turn|18\n|\n|t:|1699745093\n|switch|p2a: Starmie|Starmie|91\/100\n|move|p1a: Dunsparce|Glare|p2a: Starmie\n|-status|p2a: Starmie|par\n|\n|upkeep\n|turn|19\n|-message|Doeiwad1 forfeited.\n|\n|win|ssssour\n|raw|ssssour's rating: 1225 &rarr; <strong>1251<\/strong><br \/>(+26 for winning)\n|raw|Doeiwad1's rating: 1237 &rarr; <strong>1211<\/strong><br \/>(-26 for losing)\n|l|\u2606Doeiwad1\n|c|\u2606ssssour|dunsparce\n","uploadtime":1699745104,"views":7,"p1id":"ssssour","p2id":"doeiwad1","formatid":"gen9nationaldexubers","rating":1211,"private":0,"password":""}