{"id":"gen9nationaldexubers-1979672185","p1":"tootmimi","p2":"ANGRY BALL","format":"[Gen 9] National Dex Ubers","log":"|j|\u2606tootmimi\n|j|\u203dANGRY BALL\n|t:|1698701911\n|gametype|singles\n|player|p1|tootmimi|266|1501\n|player|p2|ANGRY BALL|caitlin|1428\n|teamsize|p1|6\n|teamsize|p2|6\n|gen|9\n|tier|[Gen 9] National Dex Ubers\n|rated|\n|rule|HP Percentage Mod: HP is shown in percentages\n|rule|Endless Battle Clause: Forcing endless battles is banned\n|rule|OHKO Clause: OHKO moves are banned\n|rule|Evasion Moves Clause: Evasion moves are banned\n|rule|Evasion Items Clause: Evasion items are banned\n|rule|Species Clause: Limit one of each Pok\u00e9mon\n|rule|Sleep Clause Mod: Limit one foe put to sleep\n|rule|Mega Rayquaza Clause: You cannot mega evolve Rayquaza\n|clearpoke\n|poke|p1|Blaziken, F|\n|poke|p1|Genesect|\n|poke|p1|Deoxys-Speed|\n|poke|p1|Tapu Lele|\n|poke|p1|Ho-Oh|\n|poke|p1|Ditto|\n|poke|p2|Flutter Mane|\n|poke|p2|Clodsire, M|\n|poke|p2|Arceus-Dark|\n|poke|p2|Palkia-Origin|\n|poke|p2|Groudon|\n|poke|p2|Kyurem-Black|\n|teampreview\n|inactive|Battle timer is ON: inactive players will automatically lose when time's up. (requested by ANGRY BALL)\n|\n|t:|1698701924\n|start\n|switch|p1a: Deoxys|Deoxys-Speed|100\/100\n|switch|p2a: Arceus|Arceus-Dark|100\/100\n|-ability|p1a: Deoxys|Pressure\n|turn|1\n|l|\u2606tootmimi\n|inactive|tootmimi disconnected and has a minute to reconnect!\n|player|p1|\n|j|\u2606tootmimi\n|inactive|tootmimi reconnected and has 145 seconds left.\n|player|p1|tootmimi|266\n|\n|t:|1698701937\n|move|p1a: Deoxys|Stealth Rock|p2a: Arceus\n|-sidestart|p2: ANGRY BALL|move: Stealth Rock\n|move|p2a: Arceus|Foul Play|p1a: Deoxys\n|-supereffective|p1a: Deoxys\n|-damage|p1a: Deoxys|5\/100\n|\n|upkeep\n|turn|2\n|\n|t:|1698701946\n|move|p2a: Arceus|Extreme Speed|p1a: Deoxys\n|-damage|p1a: Deoxys|0 fnt\n|faint|p1a: Deoxys\n|\n|upkeep\n|\n|t:|1698701951\n|switch|p1a: Blaziken|Blaziken, F|100\/100\n|turn|3\n|\n|t:|1698701956\n|move|p2a: Arceus|Defog|p1a: Blaziken\n|-unboost|p1a: Blaziken|evasion|1\n|-sideend|p2: ANGRY BALL|Stealth Rock|[from] move: Defog|[of] p2a: Arceus\n|move|p1a: Blaziken|Swords Dance|p1a: Blaziken\n|-boost|p1a: Blaziken|atk|2\n|\n|-ability|p1a: Blaziken|Speed Boost|boost\n|-boost|p1a: Blaziken|spe|1\n|upkeep\n|turn|4\n|\n|t:|1698701968\n|detailschange|p1a: Blaziken|Blaziken-Mega, F\n|-mega|p1a: Blaziken|Blaziken|Blazikenite\n|move|p1a: Blaziken|Flare Blitz|p2a: Arceus\n|-damage|p2a: Arceus|3\/100\n|-damage|p1a: Blaziken|53\/100|[from] Recoil\n|move|p2a: Arceus|Foul Play|p1a: Blaziken\n|-resisted|p1a: Blaziken\n|-damage|p1a: Blaziken|0 fnt\n|faint|p1a: Blaziken\n|\n|upkeep\n|\n|t:|1698701991\n|switch|p1a: Genesect|Genesect|100\/100\n|-ability|p1a: Genesect|Download|boost\n|-boost|p1a: Genesect|spa|1\n|turn|5\n|\n|t:|1698701997\n|move|p1a: Genesect|U-turn|p2a: Arceus\n|-supereffective|p2a: Arceus\n|-damage|p2a: Arceus|0 fnt\n|faint|p2a: Arceus\n|\n|t:|1698702005\n|switch|p1a: Ho-Oh|Ho-Oh|100\/100|[from] U-turn\n|\n|upkeep\n|\n|t:|1698702009\n|switch|p2a: Palkia|Palkia-Origin|100\/100\n|-ability|p2a: Palkia|Pressure\n|turn|6\n|\n|t:|1698702015\n|move|p2a: Palkia|Surf|p1a: Ho-Oh\n|-supereffective|p1a: Ho-Oh\n|-damage|p1a: Ho-Oh|45\/100\n|move|p1a: Ho-Oh|Toxic|p2a: Palkia\n|-status|p2a: Palkia|tox\n|\n|-heal|p1a: Ho-Oh|51\/100|[from] item: Leftovers\n|-damage|p2a: Palkia|94\/100 tox|[from] psn\n|upkeep\n|turn|7\n|\n|t:|1698702029\n|switch|p1a: Ditto|Ditto|100\/100\n|-transform|p1a: Ditto|p2a: Palkia|[from] ability: Imposter\n|-ability|p1a: Ditto|Pressure\n|move|p2a: Palkia|Surf|p1a: Ditto\n|-resisted|p1a: Ditto\n|-damage|p1a: Ditto|86\/100\n|\n|-damage|p2a: Palkia|82\/100 tox|[from] psn\n|upkeep\n|turn|8\n|\n|t:|1698702045\n|switch|p2a: Flutter Mane|Flutter Mane|100\/100\n|move|p1a: Ditto|Spacial Rend|p2a: Flutter Mane\n|-immune|p2a: Flutter Mane\n|\n|upkeep\n|turn|9\n|l|\u203dANGRY BALL\n|inactive|ANGRY BALL disconnected and has a minute to reconnect!\n|player|p2|\n|j|\u203dANGRY BALL\n|inactive|ANGRY BALL reconnected and has 145 seconds left.\n|player|p2|ANGRY BALL|caitlin\n|n|\u203dANGRY BALL|angryball\n|\n|t:|1698702054\n|switch|p1a: Ho-Oh|Ho-Oh|85\/100\n|move|p2a: Flutter Mane|Calm Mind|p2a: Flutter Mane\n|-boost|p2a: Flutter Mane|spa|1\n|-boost|p2a: Flutter Mane|spd|1\n|\n|-heal|p1a: Ho-Oh|91\/100|[from] item: Leftovers\n|upkeep\n|turn|10\n|\n|t:|1698702064\n|move|p2a: Flutter Mane|Psyshock|p1a: Ho-Oh\n|-damage|p1a: Ho-Oh|50\/100\n|move|p1a: Ho-Oh|Brave Bird|p2a: Flutter Mane\n|-enditem|p2a: Flutter Mane|Focus Sash\n|-damage|p2a: Flutter Mane|1\/100\n|-damage|p1a: Ho-Oh|31\/100|[from] Recoil\n|\n|-heal|p1a: Ho-Oh|37\/100|[from] item: Leftovers\n|upkeep\n|turn|11\n|\n|t:|1698702076\n|move|p2a: Flutter Mane|Psyshock|p1a: Ho-Oh\n|-damage|p1a: Ho-Oh|0 fnt\n|faint|p1a: Ho-Oh\n|\n|upkeep\n|\n|t:|1698702081\n|switch|p1a: Ditto|Ditto|86\/100\n|-transform|p1a: Ditto|p2a: Flutter Mane|[from] ability: Imposter\n|turn|12\n|\n|t:|1698702089\n|-terastallize|p2a: Flutter Mane|Normal\n|move|p1a: Ditto|Psyshock|p2a: Flutter Mane\n|-damage|p2a: Flutter Mane|0 fnt\n|faint|p2a: Flutter Mane\n|-end|p2a: Flutter Mane|Protosynthesis|[silent]\n|\n|upkeep\n|\n|t:|1698702098\n|switch|p2a: Groudon|Groudon, shiny|100\/100\n|detailschange|p2a: Groudon|Groudon-Primal, shiny\n|-primal|p2a: Groudon|Red Orb\n|-weather|DesolateLand|[from] ability: Desolate Land|[of] p2a: Groudon\n|turn|13\n|\n|t:|1698702104\n|move|p1a: Ditto|Psyshock|p2a: Groudon\n|-damage|p2a: Groudon|71\/100\n|move|p2a: Groudon|Precipice Blades|p1a: Ditto\n|-damage|p1a: Ditto|0 fnt\n|faint|p1a: Ditto\n|-end|p1a: Ditto|Protosynthesis|[silent]\n|\n|-weather|DesolateLand|[upkeep]\n|upkeep\n|\n|t:|1698702111\n|switch|p1a: Genesect|Genesect|100\/100\n|-ability|p1a: Genesect|Download|boost\n|-boost|p1a: Genesect|spa|1\n|turn|14\n|\n|t:|1698702117\n|move|p1a: Genesect|Ice Beam|p2a: Groudon\n|-damage|p2a: Groudon|26\/100\n|move|p2a: Groudon|Heat Crash|p1a: Genesect\n|-supereffective|p1a: Genesect\n|-damage|p1a: Genesect|0 fnt\n|faint|p1a: Genesect\n|\n|-weather|DesolateLand|[upkeep]\n|upkeep\n|\n|t:|1698702125\n|switch|p1a: Tapu Lele|Tapu Lele|100\/100\n|-fieldstart|move: Psychic Terrain|[from] ability: Psychic Surge|[of] p1a: Tapu Lele\n|turn|15\n|l|\u203dANGRY BALL\n|inactive|ANGRY BALL disconnected and has a minute to reconnect!\n|player|p2|\n|j|\u2606ANGRY BALL\n|inactive|ANGRY BALL reconnected and has 120 seconds left.\n|player|p2|ANGRY BALL|caitlin\n|\n|t:|1698702161\n|move|p1a: Tapu Lele|Psychic|p2a: Groudon\n|-damage|p2a: Groudon|0 fnt\n|faint|p2a: Groudon\n|-weather|none\n|\n|upkeep\n|\n|t:|1698702171\n|switch|p2a: Kyurem|Kyurem-Black|100\/100\n|-ability|p2a: Kyurem|Teravolt\n|turn|16\n|inactive|ANGRY BALL has 120 seconds left.\n|\n|t:|1698702176\n|-terastallize|p1a: Tapu Lele|Psychic\n|move|p1a: Tapu Lele|Psychic|p2a: Kyurem\n|-damage|p2a: Kyurem|29\/100\n|move|p2a: Kyurem|Dragon Dance|p2a: Kyurem\n|-boost|p2a: Kyurem|atk|1\n|-boost|p2a: Kyurem|spe|1\n|\n|upkeep\n|turn|17\n|\n|t:|1698702184\n|move|p1a: Tapu Lele|Psychic|p2a: Kyurem\n|-damage|p2a: Kyurem|0 fnt\n|faint|p2a: Kyurem\n|\n|upkeep\n|\n|t:|1698702191\n|switch|p2a: Palkia|Palkia-Origin|82\/100 tox\n|-ability|p2a: Palkia|Pressure\n|turn|18\n|\n|t:|1698702196\n|move|p1a: Tapu Lele|Psychic|p2a: Palkia\n|-damage|p2a: Palkia|3\/100 tox\n|move|p2a: Palkia|Spacial Rend|p1a: Tapu Lele\n|-damage|p1a: Tapu Lele|27\/100\n|\n|-damage|p2a: Palkia|0 fnt|[from] psn\n|faint|p2a: Palkia\n|upkeep\n|\n|t:|1698702198\n|switch|p2a: Clodsire|Clodsire, M|100\/100\n|turn|19\n|\n|t:|1698702207\n|move|p1a: Tapu Lele|Psychic|p2a: Clodsire\n|-supereffective|p2a: Clodsire\n|-damage|p2a: Clodsire|8\/100\n|move|p2a: Clodsire|Earthquake|p1a: Tapu Lele\n|-damage|p1a: Tapu Lele|0 fnt\n|faint|p1a: Tapu Lele\n|\n|win|ANGRY BALL\n|raw|tootmimi's rating: 1501 &rarr; <strong>1477<\/strong><br \/>(-24 for losing)\n|raw|ANGRY BALL's rating: 1428 &rarr; <strong>1452<\/strong><br \/>(+24 for winning)\n|l|\u2606tootmimi\n|c|\u2606ANGRY BALL|Gg\n","uploadtime":1698702243,"views":11,"p1id":"tootmimi","p2id":"angryball","formatid":"gen9nationaldexubers","rating":1452,"private":0,"password":""}