{"id":"gen9nationaldexubers-1990188231","p1":"Vicente_NMG","p2":"KENTHARO 777","format":"[Gen 9] National Dex Ubers","log":"|j|\u2606Vicente_NMG\n|j|\u2606KENTHARO 777\n|t:|1699934742\n|gametype|singles\n|player|p1|Vicente_NMG|red|\n|player|p2|KENTHARO 777|nate|\n|teamsize|p1|6\n|teamsize|p2|6\n|gen|9\n|tier|[Gen 9] National Dex Ubers\n|rule|HP Percentage Mod: HP is shown in percentages\n|rule|Endless Battle Clause: Forcing endless battles is banned\n|rule|OHKO Clause: OHKO moves are banned\n|rule|Evasion Moves Clause: Evasion moves are banned\n|rule|Evasion Items Clause: Evasion items are banned\n|rule|Species Clause: Limit one of each Pok\u00e9mon\n|rule|Sleep Clause Mod: Limit one foe put to sleep\n|rule|Mega Rayquaza Clause: You cannot mega evolve Rayquaza\n|clearpoke\n|poke|p1|Venusaur, F|\n|poke|p1|Torterra, F|\n|poke|p1|Lilligant-Hisui, F|\n|poke|p1|Ferrothorn, F|\n|poke|p1|Ogerpon-Wellspring, F|\n|poke|p1|Rotom-Mow|\n|poke|p2|Annihilape, M|\n|poke|p2|Blaziken, F|\n|poke|p2|Urshifu-*, F|\n|poke|p2|Bewear, F|\n|poke|p2|Zamazenta-*|\n|poke|p2|Marshadow|\n|teampreview\n|\n|t:|1699934758\n|start\n|switch|p1a: Ferrothorn|Ferrothorn, F|100\/100\n|switch|p2a: Blaziken|Blaziken, F|100\/100\n|-ability|p1a: Ferrothorn|Anticipation\n|turn|1\n|\n|t:|1699934780\n|detailschange|p2a: Blaziken|Blaziken-Mega, F\n|-mega|p2a: Blaziken|Blaziken|Blazikenite\n|move|p2a: Blaziken|Close Combat|p1a: Ferrothorn\n|-supereffective|p1a: Ferrothorn\n|-damage|p1a: Ferrothorn|14\/100\n|-unboost|p2a: Blaziken|def|1\n|-unboost|p2a: Blaziken|spd|1\n|move|p1a: Ferrothorn|Stealth Rock|p2a: Blaziken\n|-sidestart|p2: KENTHARO 777|move: Stealth Rock\n|\n|-heal|p1a: Ferrothorn|20\/100|[from] item: Leftovers\n|-ability|p2a: Blaziken|Speed Boost|boost\n|-boost|p2a: Blaziken|spe|1\n|upkeep\n|turn|2\n|\n|t:|1699934790\n|move|p2a: Blaziken|Knock Off|p1a: Ferrothorn\n|-damage|p1a: Ferrothorn|0 fnt\n|-enditem|p1a: Ferrothorn|Leftovers|[from] move: Knock Off|[of] p2a: Blaziken\n|faint|p1a: Ferrothorn\n|\n|-ability|p2a: Blaziken|Speed Boost|boost\n|-boost|p2a: Blaziken|spe|1\n|upkeep\n|\n|t:|1699934809\n|switch|p1a: Ogerpon|Ogerpon-Wellspring, F|100\/100\n|turn|3\n|\n|t:|1699934819\n|-terastallize|p1a: Ogerpon|Water\n|detailschange|p1a: Ogerpon|Ogerpon-Wellspring-Tera, F, tera:Water\n|-ability|p1a: Ogerpon|Embody Aspect (Wellspring)|boost\n|-boost|p1a: Ogerpon|spd|1\n|move|p2a: Blaziken|Shadow Claw|p1a: Ogerpon\n|-damage|p1a: Ogerpon|63\/100\n|move|p1a: Ogerpon|Ivy Cudgel|p2a: Blaziken\n|-supereffective|p2a: Blaziken\n|-damage|p2a: Blaziken|0 fnt\n|faint|p2a: Blaziken\n|\n|upkeep\n|\n|t:|1699934835\n|switch|p2a: Marshadow|Marshadow|100\/100\n|-damage|p2a: Marshadow|94\/100|[from] Stealth Rock\n|turn|4\n|\n|t:|1699934848\n|move|p1a: Ogerpon|Ivy Cudgel|p2a: Marshadow\n|-damage|p2a: Marshadow|1\/100\n|move|p2a: Marshadow|Counter|p1a: Ogerpon\n|-damage|p1a: Ogerpon|0 fnt\n|faint|p1a: Ogerpon\n|\n|upkeep\n|\n|t:|1699934856\n|switch|p1a: Lilligant|Lilligant-Hisui, F|100\/100\n|turn|5\n|\n|t:|1699934861\n|move|p2a: Marshadow|Poltergeist|p1a: Lilligant\n|-activate|p1a: Lilligant|move: Poltergeist|Leftovers\n|-damage|p1a: Lilligant|30\/100\n|move|p1a: Lilligant|Sleep Powder|p2a: Marshadow|[miss]\n|-miss|p1a: Lilligant|p2a: Marshadow\n|\n|-heal|p1a: Lilligant|37\/100|[from] item: Leftovers\n|upkeep\n|turn|6\n|\n|t:|1699934869\n|move|p2a: Marshadow|Drain Punch|p1a: Lilligant\n|-damage|p1a: Lilligant|0 fnt\n|-heal|p2a: Marshadow|21\/100|[from] drain|[of] p1a: Lilligant\n|faint|p1a: Lilligant\n|\n|upkeep\n|\n|t:|1699934872\n|switch|p1a: Rotom|Rotom-Mow|100\/100\n|turn|7\n|\n|t:|1699934884\n|move|p2a: Marshadow|Drain Punch|p1a: Rotom\n|-damage|p1a: Rotom|45\/100\n|-heal|p2a: Marshadow|42\/100|[from] drain|[of] p1a: Rotom\n|-enditem|p1a: Rotom|Sitrus Berry|[eat]\n|-heal|p1a: Rotom|70\/100|[from] item: Sitrus Berry\n|move|p1a: Rotom|Thunder Wave|p2a: Marshadow|[miss]\n|-miss|p1a: Rotom|p2a: Marshadow\n|\n|upkeep\n|turn|8\n|\n|t:|1699934895\n|move|p2a: Marshadow|Drain Punch|p1a: Rotom\n|-damage|p1a: Rotom|20\/100\n|-heal|p2a: Marshadow|60\/100|[from] drain|[of] p1a: Rotom\n|move|p1a: Rotom|Thunder Wave|p2a: Marshadow\n|-status|p2a: Marshadow|par\n|\n|upkeep\n|turn|9\n|\n|t:|1699934902\n|move|p1a: Rotom|Discharge|p2a: Marshadow\n|-damage|p2a: Marshadow|20\/100 par\n|move|p2a: Marshadow|Poltergeist||[still]\n|-fail|p2a: Marshadow\n|\n|upkeep\n|turn|10\n|\n|t:|1699934907\n|move|p1a: Rotom|Discharge|p2a: Marshadow\n|-damage|p2a: Marshadow|0 fnt\n|faint|p2a: Marshadow\n|\n|upkeep\n|\n|t:|1699934918\n|switch|p2a: Bewear|Bewear, F|100\/100\n|-damage|p2a: Bewear|94\/100|[from] Stealth Rock\n|turn|11\n|\n|t:|1699934929\n|move|p1a: Rotom|Thunder Wave|p2a: Bewear\n|-status|p2a: Bewear|par\n|move|p2a: Bewear|Darkest Lariat|p1a: Rotom\n|-damage|p1a: Rotom|0 fnt\n|faint|p1a: Rotom\n|\n|-heal|p2a: Bewear|100\/100 par|[from] item: Leftovers\n|upkeep\n|\n|t:|1699934937\n|switch|p1a: Venusaur|Venusaur, F|100\/100\n|turn|12\n|\n|t:|1699934951\n|switch|p2a: Annihilape|Annihilape, M|100\/100\n|-damage|p2a: Annihilape|94\/100|[from] Stealth Rock\n|detailschange|p1a: Venusaur|Venusaur-Mega, F\n|-mega|p1a: Venusaur|Venusaur|Venusaurite\n|move|p1a: Venusaur|Leech Seed|p2a: Annihilape\n|-start|p2a: Annihilape|move: Leech Seed\n|\n|-damage|p2a: Annihilape|82\/100|[from] Leech Seed|[of] p1a: Venusaur\n|upkeep\n|turn|13\n|\n|t:|1699934960\n|move|p2a: Annihilape|Bulk Up|p2a: Annihilape\n|-boost|p2a: Annihilape|atk|1\n|-boost|p2a: Annihilape|def|1\n|move|p1a: Venusaur|Toxic|p2a: Annihilape\n|-status|p2a: Annihilape|tox\n|\n|-damage|p2a: Annihilape|69\/100 tox|[from] Leech Seed|[of] p1a: Venusaur\n|-damage|p2a: Annihilape|63\/100 tox|[from] psn\n|upkeep\n|turn|14\n|l|\u2606Vicente_NMG\n|player|p1|\n|j|\u2606Vicente_NMG\n|player|p1|Vicente_NMG|red\n|\n|t:|1699935051\n|move|p2a: Annihilape|Bulk Up|p2a: Annihilape\n|-boost|p2a: Annihilape|atk|1\n|-boost|p2a: Annihilape|def|1\n|move|p1a: Venusaur|Razor Leaf|p2a: Annihilape\n|-damage|p2a: Annihilape|51\/100 tox\n|\n|-damage|p2a: Annihilape|39\/100 tox|[from] Leech Seed|[of] p1a: Venusaur\n|-damage|p2a: Annihilape|27\/100 tox|[from] psn\n|upkeep\n|turn|15\n|\n|t:|1699935062\n|move|p2a: Annihilape|Rest|p2a: Annihilape\n|-fail|p2a: Annihilape|[from] ability: Vital Spirit|[of] p2a: Annihilape\n|move|p1a: Venusaur|Synthesis|p1a: Venusaur\n|-fail|p1a: Venusaur|heal\n|\n|-damage|p2a: Annihilape|14\/100 tox|[from] Leech Seed|[of] p1a: Venusaur\n|-damage|p2a: Annihilape|0 fnt|[from] psn\n|faint|p2a: Annihilape\n|upkeep\n|\n|t:|1699935100\n|switch|p2a: Urshifu|Urshifu-Rapid-Strike, F|100\/100\n|-damage|p2a: Urshifu|94\/100|[from] Stealth Rock\n|turn|16\n|\n|t:|1699935109\n|-terastallize|p2a: Urshifu|Fighting\n|move|p2a: Urshifu|Fire Punch|p1a: Venusaur\n|-supereffective|p1a: Venusaur\n|-damage|p1a: Venusaur|84\/100\n|move|p1a: Venusaur|Leech Seed|p2a: Urshifu\n|-start|p2a: Urshifu|move: Leech Seed\n|\n|-damage|p2a: Urshifu|82\/100|[from] Leech Seed|[of] p1a: Venusaur\n|-heal|p1a: Venusaur|96\/100|[silent]\n|upkeep\n|turn|17\n|\n|t:|1699935116\n|move|p2a: Urshifu|Surging Strikes|p1a: Venusaur\n|-resisted|p1a: Venusaur\n|-crit|p1a: Venusaur\n|-damage|p1a: Venusaur|90\/100\n|-resisted|p1a: Venusaur\n|-crit|p1a: Venusaur\n|-damage|p1a: Venusaur|84\/100\n|-resisted|p1a: Venusaur\n|-crit|p1a: Venusaur\n|-damage|p1a: Venusaur|78\/100\n|-hitcount|p1a: Venusaur|3\n|move|p1a: Venusaur|Toxic|p2a: Urshifu\n|-status|p2a: Urshifu|tox\n|\n|-damage|p2a: Urshifu|70\/100 tox|[from] Leech Seed|[of] p1a: Venusaur\n|-heal|p1a: Venusaur|89\/100|[silent]\n|-damage|p2a: Urshifu|64\/100 tox|[from] psn\n|upkeep\n|turn|18\n|\n|t:|1699935132\n|move|p2a: Urshifu|Drain Punch|p1a: Venusaur\n|-resisted|p1a: Venusaur\n|-damage|p1a: Venusaur|73\/100\n|-heal|p2a: Urshifu|72\/100 tox|[from] drain|[of] p1a: Venusaur\n|move|p1a: Venusaur|Razor Leaf|p2a: Urshifu\n|-damage|p2a: Urshifu|52\/100 tox\n|\n|-damage|p2a: Urshifu|40\/100 tox|[from] Leech Seed|[of] p1a: Venusaur\n|-heal|p1a: Venusaur|84\/100|[silent]\n|-damage|p2a: Urshifu|27\/100 tox|[from] psn\n|upkeep\n|turn|19\n|\n|t:|1699935139\n|move|p2a: Urshifu|Fire Punch|p1a: Venusaur\n|-supereffective|p1a: Venusaur\n|-damage|p1a: Venusaur|69\/100\n|move|p1a: Venusaur|Synthesis|p1a: Venusaur\n|-heal|p1a: Venusaur|100\/100\n|\n|-damage|p2a: Urshifu|15\/100 tox|[from] Leech Seed|[of] p1a: Venusaur\n|-damage|p2a: Urshifu|0 fnt|[from] psn\n|faint|p2a: Urshifu\n|upkeep\n|\n|t:|1699935143\n|switch|p2a: Zamazenta|Zamazenta-Crowned|100\/100\n|-damage|p2a: Zamazenta|97\/100|[from] Stealth Rock\n|-ability|p2a: Zamazenta|Dauntless Shield|boost\n|-boost|p2a: Zamazenta|def|1\n|turn|20\n|\n|t:|1699935159\n|move|p2a: Zamazenta|Iron Defense|p2a: Zamazenta\n|-boost|p2a: Zamazenta|def|2\n|move|p1a: Venusaur|Leech Seed|p2a: Zamazenta|[miss]\n|-miss|p1a: Venusaur|p2a: Zamazenta\n|\n|upkeep\n|turn|21\n|\n|t:|1699935171\n|move|p2a: Zamazenta|Behemoth Bash|p1a: Venusaur\n|-damage|p1a: Venusaur|75\/100\n|move|p1a: Venusaur|Leech Seed|p2a: Zamazenta\n|-start|p2a: Zamazenta|move: Leech Seed\n|\n|-damage|p2a: Zamazenta|85\/100|[from] Leech Seed|[of] p1a: Venusaur\n|-heal|p1a: Venusaur|86\/100|[silent]\n|upkeep\n|turn|22\n|\n|t:|1699935180\n|move|p2a: Zamazenta|Behemoth Bash|p1a: Venusaur\n|-damage|p1a: Venusaur|64\/100\n|move|p1a: Venusaur|Synthesis|p1a: Venusaur\n|-heal|p1a: Venusaur|100\/100\n|\n|-damage|p2a: Zamazenta|73\/100|[from] Leech Seed|[of] p1a: Venusaur\n|upkeep\n|turn|23\n|\n|t:|1699935185\n|move|p2a: Zamazenta|Behemoth Bash|p1a: Venusaur\n|-damage|p1a: Venusaur|78\/100\n|move|p1a: Venusaur|Razor Leaf|p2a: Zamazenta|[miss]\n|-miss|p1a: Venusaur|p2a: Zamazenta\n|\n|-damage|p2a: Zamazenta|60\/100|[from] Leech Seed|[of] p1a: Venusaur\n|-heal|p1a: Venusaur|89\/100|[silent]\n|upkeep\n|turn|24\n|\n|t:|1699935193\n|move|p2a: Zamazenta|Safeguard|p2a: Zamazenta\n|-sidestart|p2: KENTHARO 777|Safeguard\n|move|p1a: Venusaur|Razor Leaf|p2a: Zamazenta\n|-resisted|p2a: Zamazenta\n|-damage|p2a: Zamazenta|58\/100\n|\n|-damage|p2a: Zamazenta|45\/100|[from] Leech Seed|[of] p1a: Venusaur\n|-heal|p1a: Venusaur|99\/100|[silent]\n|upkeep\n|turn|25\n|\n|t:|1699935197\n|move|p2a: Zamazenta|Brick Break|p1a: Venusaur\n|-resisted|p1a: Venusaur\n|-damage|p1a: Venusaur|90\/100\n|move|p1a: Venusaur|Razor Leaf|p2a: Zamazenta\n|-resisted|p2a: Zamazenta\n|-damage|p2a: Zamazenta|43\/100\n|\n|-damage|p2a: Zamazenta|30\/100|[from] Leech Seed|[of] p1a: Venusaur\n|-heal|p1a: Venusaur|100\/100|[silent]\n|upkeep\n|turn|26\n|\n|t:|1699935207\n|move|p2a: Zamazenta|Iron Defense|p2a: Zamazenta\n|-boost|p2a: Zamazenta|def|2\n|move|p1a: Venusaur|Razor Leaf|p2a: Zamazenta\n|-resisted|p2a: Zamazenta\n|-damage|p2a: Zamazenta|29\/100\n|\n|-damage|p2a: Zamazenta|16\/100|[from] Leech Seed|[of] p1a: Venusaur\n|upkeep\n|turn|27\n|\n|t:|1699935212\n|move|p2a: Zamazenta|Behemoth Bash|p1a: Venusaur\n|-damage|p1a: Venusaur|78\/100\n|move|p1a: Venusaur|Razor Leaf|p2a: Zamazenta|[miss]\n|-miss|p1a: Venusaur|p2a: Zamazenta\n|\n|-damage|p2a: Zamazenta|4\/100|[from] Leech Seed|[of] p1a: Venusaur\n|-heal|p1a: Venusaur|89\/100|[silent]\n|upkeep\n|turn|28\n|\n|t:|1699935221\n|move|p2a: Zamazenta|Behemoth Bash|p1a: Venusaur\n|-damage|p1a: Venusaur|67\/100\n|move|p1a: Venusaur|Synthesis|p1a: Venusaur\n|-heal|p1a: Venusaur|100\/100\n|\n|-damage|p2a: Zamazenta|0 fnt|[from] Leech Seed|[of] p1a: Venusaur\n|faint|p2a: Zamazenta\n|-sideend|p2: KENTHARO 777|Safeguard\n|upkeep\n|\n|t:|1699935226\n|switch|p2a: Bewear|Bewear, F|100\/100 par\n|-damage|p2a: Bewear|94\/100 par|[from] Stealth Rock\n|turn|29\n|\n|t:|1699935241\n|move|p1a: Venusaur|Leech Seed|p2a: Bewear\n|-start|p2a: Bewear|move: Leech Seed\n|cant|p2a: Bewear|par\n|\n|-heal|p2a: Bewear|100\/100 par|[from] item: Leftovers\n|-damage|p2a: Bewear|88\/100 par|[from] Leech Seed|[of] p1a: Venusaur\n|upkeep\n|turn|30\n|\n|t:|1699935247\n|move|p1a: Venusaur|Razor Leaf|p2a: Bewear\n|-damage|p2a: Bewear|67\/100 par\n|move|p2a: Bewear|Body Slam|p1a: Venusaur\n|-damage|p1a: Venusaur|75\/100\n|\n|-heal|p2a: Bewear|73\/100 par|[from] item: Leftovers\n|-damage|p2a: Bewear|61\/100 par|[from] Leech Seed|[of] p1a: Venusaur\n|-heal|p1a: Venusaur|88\/100|[silent]\n|upkeep\n|turn|31\n|\n|t:|1699935262\n|move|p1a: Venusaur|Razor Leaf|p2a: Bewear\n|-damage|p2a: Bewear|40\/100 par\n|move|p2a: Bewear|Body Slam|p1a: Venusaur\n|-damage|p1a: Venusaur|65\/100\n|\n|-heal|p2a: Bewear|46\/100 par|[from] item: Leftovers\n|-damage|p2a: Bewear|34\/100 par|[from] Leech Seed|[of] p1a: Venusaur\n|-heal|p1a: Venusaur|77\/100|[silent]\n|upkeep\n|turn|32\n|\n|t:|1699935269\n|move|p1a: Venusaur|Synthesis|p1a: Venusaur\n|-heal|p1a: Venusaur|100\/100\n|cant|p2a: Bewear|par\n|\n|-heal|p2a: Bewear|40\/100 par|[from] item: Leftovers\n|-damage|p2a: Bewear|27\/100 par|[from] Leech Seed|[of] p1a: Venusaur\n|upkeep\n|turn|33\n|\n|t:|1699935272\n|move|p1a: Venusaur|Razor Leaf|p2a: Bewear\n|-damage|p2a: Bewear|8\/100 par\n|move|p2a: Bewear|Body Slam|p1a: Venusaur\n|-damage|p1a: Venusaur|75\/100\n|\n|-heal|p2a: Bewear|14\/100 par|[from] item: Leftovers\n|-damage|p2a: Bewear|1\/100 par|[from] Leech Seed|[of] p1a: Venusaur\n|-heal|p1a: Venusaur|88\/100|[silent]\n|upkeep\n|turn|34\n|\n|t:|1699935276\n|move|p1a: Venusaur|Razor Leaf|p2a: Bewear\n|-damage|p2a: Bewear|0 fnt\n|faint|p2a: Bewear\n|\n|win|Vicente_NMG\n|l|\u2606KENTHARO 777\n","uploadtime":1699935282,"views":7,"p1id":"vicentenmg","p2id":"kentharo777","formatid":"gen9nationaldexubers","rating":0,"private":0,"password":""}