{"id":"gen9nationaldexubers-1979247516","p1":"shamatetuanzhang","p2":"BlackStar150520","format":"[Gen 9] National Dex Ubers","log":"|j|\u2606shamatetuanzhang\n|j|\u2606BlackStar150520\n|t:|1698660263\n|gametype|singles\n|player|p1|shamatetuanzhang|lady|1750\n|player|p2|BlackStar150520|unknown|1898\n|teamsize|p1|6\n|teamsize|p2|6\n|gen|9\n|tier|[Gen 9] National Dex Ubers\n|rated|\n|rule|HP Percentage Mod: HP is shown in percentages\n|rule|Endless Battle Clause: Forcing endless battles is banned\n|rule|OHKO Clause: OHKO moves are banned\n|rule|Evasion Moves Clause: Evasion moves are banned\n|rule|Evasion Items Clause: Evasion items are banned\n|rule|Species Clause: Limit one of each Pok\u00e9mon\n|rule|Sleep Clause Mod: Limit one foe put to sleep\n|rule|Mega Rayquaza Clause: You cannot mega evolve Rayquaza\n|clearpoke\n|poke|p1|Marshadow|\n|poke|p1|Yveltal|\n|poke|p1|Rayquaza|\n|poke|p1|Groudon|\n|poke|p1|Arceus-Ground|\n|poke|p1|Necrozma-Dusk-Mane|\n|poke|p2|Mewtwo|\n|poke|p2|Ditto|\n|poke|p2|Magearna|\n|poke|p2|Kingambit, M|\n|poke|p2|Arceus-Water|\n|poke|p2|Groudon|\n|teampreview\n|inactive|Battle timer is ON: inactive players will automatically lose when time's up. (requested by BlackStar150520)\n|\n|t:|1698660272\n|start\n|switch|p1a: Arceus|Arceus-Ground|100\/100\n|switch|p2a: Arceus|Arceus-Water|100\/100\n|turn|1\n|\n|t:|1698660280\n|switch|p1a: Necrozma|Necrozma-Dusk-Mane|100\/100\n|move|p2a: Arceus|Toxic|p1a: Necrozma\n|-immune|p1a: Necrozma\n|\n|upkeep\n|turn|2\n|\n|t:|1698660283\n|move|p2a: Arceus|Taunt|p1a: Necrozma\n|-start|p1a: Necrozma|move: Taunt\n|cant|p1a: Necrozma|move: Taunt|Toxic\n|\n|upkeep\n|turn|3\n|\n|t:|1698660287\n|switch|p1a: Groudon|Groudon|100\/100\n|detailschange|p1a: Groudon|Groudon-Primal\n|-primal|p1a: Groudon|Red Orb\n|-weather|DesolateLand|[from] ability: Desolate Land|[of] p1a: Groudon\n|move|p2a: Arceus|Judgment||[still]\n|-fail|p2a: Arceus|Judgment|[from] Desolate Land\n|\n|-weather|DesolateLand|[upkeep]\n|upkeep\n|turn|4\n|\n|t:|1698660304\n|-weather|none\n|switch|p1a: Necrozma|Necrozma-Dusk-Mane|100\/100\n|move|p2a: Arceus|Toxic|p1a: Necrozma\n|-immune|p1a: Necrozma\n|\n|upkeep\n|turn|5\n|\n|t:|1698660312\n|move|p2a: Arceus|Taunt|p1a: Necrozma\n|-start|p1a: Necrozma|move: Taunt\n|cant|p1a: Necrozma|move: Taunt|Stealth Rock\n|\n|upkeep\n|turn|6\n|\n|t:|1698660318\n|move|p2a: Arceus|Toxic|p1a: Necrozma\n|-immune|p1a: Necrozma\n|move|p1a: Necrozma|Sunsteel Strike|p2a: Arceus\n|-resisted|p2a: Arceus\n|-damage|p2a: Arceus|83\/100\n|\n|upkeep\n|turn|7\n|\n|t:|1698660323\n|switch|p1a: Groudon|Groudon-Primal|100\/100\n|-weather|DesolateLand|[from] ability: Desolate Land|[of] p1a: Groudon\n|move|p2a: Arceus|Toxic|p1a: Groudon\n|-status|p1a: Groudon|tox\n|\n|-weather|DesolateLand|[upkeep]\n|-damage|p1a: Groudon|94\/100 tox|[from] psn\n|upkeep\n|turn|8\n|\n|t:|1698660327\n|-weather|none\n|switch|p1a: Necrozma|Necrozma-Dusk-Mane|100\/100\n|move|p2a: Arceus|Taunt|p1a: Necrozma\n|-start|p1a: Necrozma|move: Taunt\n|\n|upkeep\n|turn|9\n|\n|t:|1698660336\n|switch|p2a: Groudon|Groudon|100\/100\n|detailschange|p2a: Groudon|Groudon-Primal\n|-primal|p2a: Groudon|Red Orb\n|-weather|DesolateLand|[from] ability: Desolate Land|[of] p2a: Groudon\n|switch|p1a: Groudon|Groudon-Primal|94\/100 tox\n|\n|-weather|DesolateLand|[upkeep]\n|-damage|p1a: Groudon|88\/100 tox|[from] psn\n|upkeep\n|turn|10\n|\n|t:|1698660339\n|move|p2a: Groudon|Earthquake|p1a: Groudon\n|-supereffective|p1a: Groudon\n|-damage|p1a: Groudon|0 fnt\n|faint|p1a: Groudon\n|\n|-weather|DesolateLand|[upkeep]\n|upkeep\n|\n|t:|1698660343\n|switch|p1a: Rayquaza|Rayquaza|100\/100\n|-ability|p1a: Rayquaza|Air Lock\n|turn|11\n|\n|t:|1698660349\n|-weather|none\n|switch|p2a: Arceus|Arceus-Water|83\/100\n|-zpower|p1a: Rayquaza\n|move|p1a: Rayquaza|Supersonic Skystrike|p2a: Arceus|[zeffect]\n|-damage|p2a: Arceus|6\/100\n|\n|upkeep\n|turn|12\n|\n|t:|1698660356\n|move|p1a: Rayquaza|Extreme Speed|p2a: Arceus\n|-crit|p2a: Arceus\n|-damage|p2a: Arceus|0 fnt\n|faint|p2a: Arceus\n|\n|upkeep\n|\n|t:|1698660364\n|switch|p2a: Mewtwo|Mewtwo|100\/100\n|-ability|p2a: Mewtwo|Pressure\n|turn|13\n|\n|t:|1698660367\n|move|p2a: Mewtwo|Ice Beam|p1a: Rayquaza\n|-supereffective|p1a: Rayquaza\n|-damage|p1a: Rayquaza|0 fnt\n|faint|p1a: Rayquaza\n|\n|upkeep\n|\n|t:|1698660372\n|switch|p1a: Marshadow|Marshadow|100\/100\n|turn|14\n|\n|t:|1698660378\n|switch|p2a: Magearna|Magearna|100\/100\n|-terastallize|p1a: Marshadow|Ghost\n|move|p1a: Marshadow|Shadow Sneak|p2a: Magearna\n|-damage|p2a: Magearna|65\/100\n|\n|upkeep\n|turn|15\n|\n|t:|1698660385\n|switch|p1a: Necrozma|Necrozma-Dusk-Mane|100\/100\n|move|p2a: Magearna|Fleur Cannon|p1a: Necrozma\n|-resisted|p1a: Necrozma\n|-damage|p1a: Necrozma|82\/100\n|-unboost|p2a: Magearna|spa|2\n|\n|-heal|p1a: Necrozma|88\/100|[from] item: Leftovers\n|upkeep\n|turn|16\n|\n|t:|1698660389\n|switch|p2a: Groudon|Groudon-Primal|100\/100\n|-weather|DesolateLand|[from] ability: Desolate Land|[of] p2a: Groudon\n|move|p1a: Necrozma|Stealth Rock|p2a: Groudon\n|-sidestart|p2: BlackStar150520|move: Stealth Rock\n|\n|-weather|DesolateLand|[upkeep]\n|-heal|p1a: Necrozma|94\/100|[from] item: Leftovers\n|upkeep\n|turn|17\n|\n|t:|1698660397\n|switch|p1a: Arceus|Arceus-Ground|100\/100\n|move|p2a: Groudon|Eruption|p1a: Arceus\n|-damage|p1a: Arceus|24\/100\n|\n|-weather|DesolateLand|[upkeep]\n|upkeep\n|turn|18\n|\n|t:|1698660403\n|move|p1a: Arceus|Judgment|p2a: Groudon\n|-supereffective|p2a: Groudon\n|-damage|p2a: Groudon|0 fnt\n|faint|p2a: Groudon\n|-weather|none\n|\n|upkeep\n|\n|t:|1698660407\n|switch|p2a: Mewtwo|Mewtwo|100\/100\n|-damage|p2a: Mewtwo|88\/100|[from] Stealth Rock\n|-ability|p2a: Mewtwo|Pressure\n|turn|19\n|\n|t:|1698660410\n|move|p2a: Mewtwo|Ice Beam|p1a: Arceus\n|-supereffective|p1a: Arceus\n|-damage|p1a: Arceus|0 fnt\n|faint|p1a: Arceus\n|\n|upkeep\n|\n|t:|1698660412\n|switch|p1a: Marshadow|Marshadow, tera:Ghost|100\/100\n|turn|20\n|\n|t:|1698660417\n|detailschange|p2a: Mewtwo|Mewtwo-Mega-X\n|-mega|p2a: Mewtwo|Mewtwo|Mewtwonite X\n|move|p1a: Marshadow|Shadow Sneak|p2a: Mewtwo\n|-supereffective|p2a: Mewtwo\n|-damage|p2a: Mewtwo|6\/100\n|move|p2a: Mewtwo|Knock Off|p1a: Marshadow\n|-supereffective|p1a: Marshadow\n|-enditem|p1a: Marshadow|Focus Sash\n|-damage|p1a: Marshadow|1\/100\n|\n|upkeep\n|turn|21\n|\n|t:|1698660428\n|move|p1a: Marshadow|Shadow Sneak|p2a: Mewtwo\n|-supereffective|p2a: Mewtwo\n|-damage|p2a: Mewtwo|0 fnt\n|faint|p2a: Mewtwo\n|\n|upkeep\n|\n|t:|1698660432\n|switch|p2a: Ditto|Ditto, shiny|100\/100\n|-damage|p2a: Ditto|88\/100|[from] Stealth Rock\n|-transform|p2a: Ditto|p1a: Marshadow|[from] ability: Imposter\n|turn|22\n|\n|t:|1698660437\n|switch|p2a: Magearna|Magearna|65\/100\n|-damage|p2a: Magearna|59\/100|[from] Stealth Rock\n|switch|p1a: Yveltal|Yveltal|100\/100\n|-ability|p1a: Yveltal|Dark Aura\n|\n|upkeep\n|turn|23\n|\n|t:|1698660445\n|switch|p1a: Necrozma|Necrozma-Dusk-Mane|94\/100\n|move|p2a: Magearna|Pain Split|p1a: Necrozma\n|-sethp|p1a: Necrozma|74\/100|[from] move: Pain Split|[silent]\n|-sethp|p2a: Magearna|80\/100|[from] move: Pain Split\n|\n|-heal|p1a: Necrozma|80\/100|[from] item: Leftovers\n|upkeep\n|turn|24\n|\n|t:|1698660452\n|move|p1a: Necrozma|Sunsteel Strike|p2a: Magearna\n|-damage|p2a: Magearna|40\/100\n|move|p2a: Magearna|Fleur Cannon|p1a: Necrozma\n|-resisted|p1a: Necrozma\n|-crit|p1a: Necrozma\n|-damage|p1a: Necrozma|49\/100\n|-unboost|p2a: Magearna|spa|2\n|\n|-heal|p1a: Necrozma|55\/100|[from] item: Leftovers\n|upkeep\n|turn|25\n|\n|t:|1698660456\n|move|p1a: Necrozma|Sunsteel Strike|p2a: Magearna\n|-damage|p2a: Magearna|0 fnt\n|faint|p2a: Magearna\n|\n|-heal|p1a: Necrozma|61\/100|[from] item: Leftovers\n|upkeep\n|\n|t:|1698660458\n|switch|p2a: Kingambit|Kingambit, M|100\/100\n|-damage|p2a: Kingambit|94\/100|[from] Stealth Rock\n|-activate|p2a: Kingambit|ability: Supreme Overlord\n|-start|p2a: Kingambit|fallen4|[silent]\n|turn|26\n|\n|t:|1698660467\n|switch|p1a: Yveltal|Yveltal|100\/100\n|-ability|p1a: Yveltal|Dark Aura\n|move|p2a: Kingambit|Knock Off|p1a: Yveltal\n|-resisted|p1a: Yveltal\n|-crit|p1a: Yveltal\n|-damage|p1a: Yveltal|46\/100\n|-enditem|p1a: Yveltal|Leftovers|[from] move: Knock Off|[of] p2a: Kingambit\n|\n|upkeep\n|turn|27\n|\n|t:|1698660474\n|move|p1a: Yveltal|Roost|p1a: Yveltal\n|-heal|p1a: Yveltal|96\/100\n|-singleturn|p1a: Yveltal|move: Roost\n|move|p2a: Kingambit|Iron Head|p1a: Yveltal\n|-damage|p1a: Yveltal|61\/100\n|\n|upkeep\n|turn|28\n|\n|t:|1698660478\n|move|p1a: Yveltal|Roost|p1a: Yveltal\n|-heal|p1a: Yveltal|100\/100\n|-singleturn|p1a: Yveltal|move: Roost\n|move|p2a: Kingambit|Iron Head|p1a: Yveltal\n|-damage|p1a: Yveltal|63\/100\n|\n|upkeep\n|turn|29\n|\n|t:|1698660483\n|move|p1a: Yveltal|Foul Play|p2a: Kingambit\n|-resisted|p2a: Kingambit\n|-damage|p2a: Kingambit|66\/100\n|move|p2a: Kingambit|Iron Head|p1a: Yveltal\n|-damage|p1a: Yveltal|24\/100\n|\n|upkeep\n|turn|30\n|\n|t:|1698660492\n|move|p1a: Yveltal|Roost|p1a: Yveltal\n|-heal|p1a: Yveltal|74\/100\n|-singleturn|p1a: Yveltal|move: Roost\n|move|p2a: Kingambit|Iron Head|p1a: Yveltal\n|-damage|p1a: Yveltal|34\/100\n|\n|upkeep\n|turn|31\n|\n|t:|1698660499\n|switch|p1a: Necrozma|Necrozma-Dusk-Mane|61\/100\n|move|p2a: Kingambit|Iron Head|p1a: Necrozma\n|-resisted|p1a: Necrozma\n|-damage|p1a: Necrozma|39\/100\n|\n|-heal|p1a: Necrozma|45\/100|[from] item: Leftovers\n|upkeep\n|turn|32\n|\n|t:|1698660505\n|move|p1a: Necrozma|Sunsteel Strike|p2a: Kingambit\n|-resisted|p2a: Kingambit\n|-damage|p2a: Kingambit|48\/100\n|move|p2a: Kingambit|Knock Off|p1a: Necrozma\n|-supereffective|p1a: Necrozma\n|-damage|p1a: Necrozma|0 fnt\n|-enditem|p1a: Necrozma|Leftovers|[from] move: Knock Off|[of] p2a: Kingambit\n|faint|p1a: Necrozma\n|\n|upkeep\n|\n|t:|1698660507\n|switch|p1a: Marshadow|Marshadow, tera:Ghost|1\/100\n|turn|33\n|\n|t:|1698660510\n|move|p1a: Marshadow|Shadow Sneak|p2a: Kingambit\n|-resisted|p2a: Kingambit\n|-damage|p2a: Kingambit|34\/100\n|move|p2a: Kingambit|Sucker Punch||[still]\n|-fail|p2a: Kingambit\n|\n|upkeep\n|turn|34\n|\n|t:|1698660533\n|move|p1a: Marshadow|Shadow Sneak|p2a: Kingambit\n|-resisted|p2a: Kingambit\n|-crit|p2a: Kingambit\n|-damage|p2a: Kingambit|10\/100\n|move|p2a: Kingambit|Sucker Punch||[still]\n|-fail|p2a: Kingambit\n|\n|upkeep\n|turn|35\n|\n|t:|1698660543\n|move|p1a: Marshadow|Shadow Sneak|p2a: Kingambit\n|-resisted|p2a: Kingambit\n|-damage|p2a: Kingambit|0 fnt\n|faint|p2a: Kingambit\n|-end|p2a: Kingambit|fallen4|[silent]\n|\n|upkeep\n|\n|t:|1698660546\n|switch|p2a: Ditto|Ditto, shiny|88\/100\n|-damage|p2a: Ditto|76\/100|[from] Stealth Rock\n|-transform|p2a: Ditto|p1a: Marshadow|[from] ability: Imposter\n|turn|36\n|\n|t:|1698660552\n|-terastallize|p2a: Ditto|Ghost\n|move|p2a: Ditto|Shadow Sneak|p1a: Marshadow\n|-supereffective|p1a: Marshadow\n|-damage|p1a: Marshadow|0 fnt\n|faint|p1a: Marshadow\n|\n|upkeep\n|\n|t:|1698660554\n|switch|p1a: Yveltal|Yveltal|34\/100\n|-ability|p1a: Yveltal|Dark Aura\n|turn|37\n|\n|t:|1698660556\n|move|p2a: Ditto|Shadow Sneak|p1a: Yveltal\n|-resisted|p1a: Yveltal\n|-damage|p1a: Yveltal|23\/100\n|move|p1a: Yveltal|Roost|p1a: Yveltal\n|-heal|p1a: Yveltal|73\/100\n|-singleturn|p1a: Yveltal|move: Roost\n|\n|upkeep\n|turn|38\n|-message|BlackStar150520 forfeited.\n|\n|win|shamatetuanzhang\n|raw|shamatetuanzhang's rating: 1750 &rarr; <strong>1778<\/strong><br \/>(+28 for winning)\n|raw|BlackStar150520's rating: 1898 &rarr; <strong>1870<\/strong><br \/>(-28 for losing)\n|l|\u2606BlackStar150520\n","uploadtime":1698660585,"views":23,"p1id":"shamatetuanzhang","p2id":"blackstar150520","formatid":"gen9nationaldexubers","rating":1778,"private":0,"password":""}