{"id":"gen9nationaldexubers-1995532521","p1":"RedHoodKat","p2":"The power of ROCK","format":"[Gen 9] National Dex Ubers","log":"|j|\u2606RedHoodKat\n|j|\u2606The power of ROCK\n|t:|1700580466\n|gametype|singles\n|player|p1|RedHoodKat|colress|\n|player|p2|The power of ROCK|roark|\n|teamsize|p1|6\n|teamsize|p2|6\n|gen|9\n|tier|[Gen 9] National Dex Ubers\n|rule|HP Percentage Mod: HP is shown in percentages\n|rule|Endless Battle Clause: Forcing endless battles is banned\n|rule|OHKO Clause: OHKO moves are banned\n|rule|Evasion Moves Clause: Evasion moves are banned\n|rule|Evasion Items Clause: Evasion items are banned\n|rule|Species Clause: Limit one of each Pok\u00e9mon\n|rule|Sleep Clause Mod: Limit one foe put to sleep\n|rule|Mega Rayquaza Clause: You cannot mega evolve Rayquaza\n|clearpoke\n|poke|p1|Gholdengo|\n|poke|p1|Excadrill, M|\n|poke|p1|Bisharp, M|\n|poke|p1|Melmetal|\n|poke|p1|Lucario, M|\n|poke|p1|Necrozma-Dusk-Mane|\n|poke|p2|Tyranitar, M|\n|poke|p2|Garganacl, M|\n|poke|p2|Aggron, F|\n|poke|p2|Cradily, M|\n|poke|p2|Arceus-Rock|\n|poke|p2|Glimmora, M|\n|teampreview\n|\n|t:|1700580470\n|start\n|switch|p1a: Cat|Necrozma-Dusk-Mane, shiny|100\/100\n|switch|p2a: Arceus|Arceus-Rock|100\/100\n|turn|1\n|\n|t:|1700580475\n|move|p2a: Arceus|Whirlpool|p1a: Cat|[miss]\n|-miss|p2a: Arceus|p1a: Cat\n|move|p1a: Cat|Dragon Dance|p1a: Cat\n|-boost|p1a: Cat|atk|1\n|-boost|p1a: Cat|spe|1\n|\n|upkeep\n|turn|2\n|\n|t:|1700580480\n|-terastallize|p2a: Arceus|Water\n|move|p1a: Cat|Iron Defense|p1a: Cat\n|-boost|p1a: Cat|def|2\n|move|p2a: Arceus|Whirlpool|p1a: Cat\n|-damage|p1a: Cat|81\/100\n|-activate|p1a: Cat|move: Whirlpool|[of] p2a: Arceus\n|\n|-damage|p1a: Cat|69\/100|[from] move: Whirlpool|[partiallytrapped]\n|upkeep\n|turn|3\n|\n|t:|1700580489\n|move|p1a: Cat|Earthquake|p2a: Arceus\n|-damage|p2a: Arceus|59\/100\n|move|p2a: Arceus|Perish Song|p2a: Arceus\n|-start|p1a: Cat|perish3|[silent]\n|-start|p2a: Arceus|perish3|[silent]\n|-fieldactivate|move: Perish Song\n|\n|-damage|p1a: Cat|57\/100|[from] move: Whirlpool|[partiallytrapped]\n|-start|p1a: Cat|perish3\n|-start|p2a: Arceus|perish3\n|upkeep\n|turn|4\n|\n|t:|1700580494\n|move|p1a: Cat|Earthquake|p2a: Arceus\n|-damage|p2a: Arceus|15\/100\n|move|p2a: Arceus|Recover|p2a: Arceus\n|-heal|p2a: Arceus|65\/100\n|\n|-damage|p1a: Cat|44\/100|[from] move: Whirlpool|[partiallytrapped]\n|-start|p1a: Cat|perish2\n|-start|p2a: Arceus|perish2\n|upkeep\n|turn|5\n|\n|t:|1700580510\n|move|p1a: Cat|Earthquake|p2a: Arceus\n|-damage|p2a: Arceus|22\/100\n|move|p2a: Arceus|Recover|p2a: Arceus\n|-heal|p2a: Arceus|72\/100\n|\n|-damage|p1a: Cat|32\/100|[from] move: Whirlpool|[partiallytrapped]\n|-start|p1a: Cat|perish1\n|-start|p2a: Arceus|perish1\n|upkeep\n|turn|6\n|\n|t:|1700580520\n|switch|p2a: Cradily|Cradily, M|100\/100\n|move|p1a: Cat|Earthquake|p2a: Cradily\n|-damage|p2a: Cradily|48\/100\n|\n|-heal|p2a: Cradily|54\/100|[from] item: Leftovers\n|-end|p1a: Cat|Whirlpool|[partiallytrapped]|[silent]\n|-start|p1a: Cat|perish0\n|upkeep\n|faint|p1a: Cat\n|\n|t:|1700580528\n|switch|p1a: Lucario|Lucario, M|100\/100\n|turn|7\n|\n|t:|1700580601\n|detailschange|p1a: Lucario|Lucario-Mega, M\n|-mega|p1a: Lucario|Lucario|Lucarionite\n|move|p1a: Lucario|Nasty Plot|p1a: Lucario\n|-boost|p1a: Lucario|spa|2\n|move|p2a: Cradily|Leech Seed|p1a: Lucario\n|-start|p1a: Lucario|move: Leech Seed\n|\n|-heal|p2a: Cradily|60\/100|[from] item: Leftovers\n|-damage|p1a: Lucario|88\/100|[from] Leech Seed|[of] p2a: Cradily\n|-heal|p2a: Cradily|69\/100|[silent]\n|upkeep\n|turn|8\n|\n|t:|1700580616\n|switch|p2a: Arceus|Arceus-Rock, tera:Water|72\/100\n|move|p1a: Lucario|Aura Sphere|p2a: Arceus\n|-crit|p2a: Arceus\n|-damage|p2a: Arceus|0 fnt\n|faint|p2a: Arceus\n|\n|upkeep\n|\n|t:|1700580620\n|switch|p2a: Glimmora|Glimmora, M|100\/100\n|turn|9\n|\n|t:|1700580625\n|move|p2a: Glimmora|Earth Power|p1a: Lucario\n|-supereffective|p1a: Lucario\n|-damage|p1a: Lucario|0 fnt\n|faint|p1a: Lucario\n|\n|upkeep\n|\n|t:|1700580633\n|switch|p1a: SmelSteel|Melmetal|100\/100\n|turn|10\n|\n|t:|1700580654\n|switch|p2a: Cradily|Cradily, M|69\/100\n|move|p1a: SmelSteel|Double Iron Bash|p2a: Cradily\n|-supereffective|p2a: Cradily\n|-damage|p2a: Cradily|7\/100\n|-supereffective|p2a: Cradily\n|-damage|p2a: Cradily|0 fnt\n|faint|p2a: Cradily\n|-hitcount|p2: Cradily|2\n|\n|upkeep\n|\n|t:|1700580656\n|switch|p2a: Aggron|Aggron, F|100\/100\n|turn|11\n|\n|t:|1700580667\n|detailschange|p2a: Aggron|Aggron-Mega, F\n|-mega|p2a: Aggron|Aggron|Aggronite\n|move|p2a: Aggron|Body Press|p1a: SmelSteel\n|-supereffective|p1a: SmelSteel\n|-damage|p1a: SmelSteel|54\/100\n|move|p1a: SmelSteel|Darkest Lariat|p2a: Aggron\n|-damage|p2a: Aggron|88\/100\n|\n|upkeep\n|turn|12\n|\n|t:|1700580674\n|move|p2a: Aggron|Body Press|p1a: SmelSteel\n|-supereffective|p1a: SmelSteel\n|-damage|p1a: SmelSteel|2\/100\n|move|p1a: SmelSteel|Thunder Punch|p2a: Aggron\n|-damage|p2a: Aggron|73\/100\n|\n|upkeep\n|turn|13\n|\n|t:|1700580679\n|move|p2a: Aggron|Body Press|p1a: SmelSteel\n|-supereffective|p1a: SmelSteel\n|-damage|p1a: SmelSteel|0 fnt\n|faint|p1a: SmelSteel\n|\n|upkeep\n|\n|t:|1700580684\n|switch|p1a: String Cheese|Gholdengo|100\/100\n|turn|14\n|\n|t:|1700580688\n|switch|p2a: Tyranitar|Tyranitar, M|100\/100\n|-weather|Sandstorm|[from] ability: Sand Stream|[of] p2a: Tyranitar\n|move|p1a: String Cheese|Shadow Ball|p2a: Tyranitar\n|-resisted|p2a: Tyranitar\n|-damage|p2a: Tyranitar|94\/100\n|\n|-weather|Sandstorm|[upkeep]\n|upkeep\n|turn|15\n|\n|t:|1700580693\n|switch|p1a: 2 Sharp|Bisharp, M, shiny|100\/100\n|move|p2a: Tyranitar|Knock Off|p1a: 2 Sharp\n|-resisted|p1a: 2 Sharp\n|-damage|p1a: 2 Sharp|86\/100\n|-enditem|p1a: 2 Sharp|Eviolite|[from] move: Knock Off|[of] p2a: Tyranitar\n|\n|-weather|Sandstorm|[upkeep]\n|upkeep\n|turn|16\n|\n|t:|1700580699\n|switch|p2a: Aggron|Aggron-Mega, F|73\/100\n|move|p1a: 2 Sharp|Brick Break|p2a: Aggron\n|-supereffective|p2a: Aggron\n|-damage|p2a: Aggron|58\/100\n|\n|-weather|Sandstorm|[upkeep]\n|upkeep\n|turn|17\n|\n|t:|1700580708\n|move|p1a: 2 Sharp|Sucker Punch|p2a: Aggron\n|-damage|p2a: Aggron|43\/100\n|move|p2a: Aggron|Body Press|p1a: 2 Sharp\n|-supereffective|p1a: 2 Sharp\n|-damage|p1a: 2 Sharp|0 fnt\n|faint|p1a: 2 Sharp\n|\n|-weather|Sandstorm|[upkeep]\n|upkeep\n|\n|t:|1700580712\n|switch|p1a: Mole Man|Excadrill, M|100\/100\n|-ability|p1a: Mole Man|Mold Breaker\n|turn|18\n|\n|t:|1700580717\n|move|p1a: Mole Man|Earthquake|p2a: Aggron\n|-supereffective|p2a: Aggron\n|-damage|p2a: Aggron|0 fnt\n|faint|p2a: Aggron\n|\n|-weather|none\n|upkeep\n|\n|t:|1700580724\n|switch|p2a: Garganacl|Garganacl, M|100\/100\n|turn|19\n|\n|t:|1700580730\n|move|p1a: Mole Man|Earthquake|p2a: Garganacl\n|-supereffective|p2a: Garganacl\n|-damage|p2a: Garganacl|12\/100\n|move|p2a: Garganacl|Salt Cure|p1a: Mole Man\n|-resisted|p1a: Mole Man\n|-damage|p1a: Mole Man|95\/100\n|-start|p1a: Mole Man|Salt Cure\n|\n|-damage|p1a: Mole Man|70\/100|[from] Salt Cure\n|upkeep\n|turn|20\n|\n|t:|1700580737\n|move|p1a: Mole Man|Iron Head|p2a: Garganacl\n|-supereffective|p2a: Garganacl\n|-damage|p2a: Garganacl|0 fnt\n|faint|p2a: Garganacl\n|\n|-damage|p1a: Mole Man|45\/100|[from] Salt Cure\n|upkeep\n|\n|t:|1700580739\n|switch|p2a: Glimmora|Glimmora, M|100\/100\n|turn|21\n|\n|t:|1700580746\n|-terastallize|p1a: Mole Man|Ground\n|move|p2a: Glimmora|Earth Power|p1a: Mole Man\n|-damage|p1a: Mole Man|4\/100\n|move|p1a: Mole Man|Earthquake|p2a: Glimmora\n|-supereffective|p2a: Glimmora\n|-damage|p2a: Glimmora|0 fnt\n|-activate|p2a: Glimmora|ability: Toxic Debris\n|-sidestart|p1: RedHoodKat|move: Toxic Spikes\n|faint|p2a: Glimmora\n|\n|-damage|p1a: Mole Man|0 fnt|[from] Salt Cure\n|faint|p1a: Mole Man\n|upkeep\n|j| BeeZeeSD\n|c| BeeZeeSD|:0\n|c|\u2606RedHoodKat|goat drill\n|\n|t:|1700580758\n|switch|p2a: Tyranitar|Tyranitar, M|94\/100\n|switch|p1a: String Cheese|Gholdengo|100\/100\n|-weather|Sandstorm|[from] ability: Sand Stream|[of] p2a: Tyranitar\n|turn|22\n|\n|t:|1700580765\n|move|p1a: String Cheese|Flash Cannon|p2a: Tyranitar\n|-supereffective|p2a: Tyranitar\n|-damage|p2a: Tyranitar|67\/100\n|-unboost|p2a: Tyranitar|spd|1\n|move|p2a: Tyranitar|Knock Off|p1a: String Cheese\n|-supereffective|p1a: String Cheese\n|-damage|p1a: String Cheese|9\/100\n|-enditem|p1a: String Cheese|Wise Glasses|[from] move: Knock Off|[of] p2a: Tyranitar\n|\n|-weather|Sandstorm|[upkeep]\n|upkeep\n|turn|23\n|\n|t:|1700580771\n|move|p1a: String Cheese|Flash Cannon|p2a: Tyranitar\n|-supereffective|p2a: Tyranitar\n|-damage|p2a: Tyranitar|33\/100\n|move|p2a: Tyranitar|Knock Off|p1a: String Cheese\n|-supereffective|p1a: String Cheese\n|-damage|p1a: String Cheese|0 fnt\n|faint|p1a: String Cheese\n|\n|win|The power of ROCK\n|c|\u2606RedHoodKat|damn\n|c|\u2606RedHoodKat|so close\n|c|\u2606The power of ROCK|gg : )\n","uploadtime":1700580791,"views":0,"p1id":"redhoodkat","p2id":"thepowerofrock","formatid":"gen9nationaldexubers","rating":0,"private":0,"password":""}