{"id":"gen9nationaldexubers-1978090755","p1":"85792195wwww","p2":"NeonJolteonWasUsed","format":"[Gen 9] National Dex Ubers","log":"|j|\u260685792195wwww\n|j|\u2606NeonJolteonWasUsed\n|t:|1698497940\n|gametype|singles\n|player|p1|85792195wwww|lady|1832\n|player|p2|NeonJolteonWasUsed|tourist|1741\n|teamsize|p1|6\n|teamsize|p2|6\n|gen|9\n|tier|[Gen 9] National Dex Ubers\n|rated|\n|rule|HP Percentage Mod: HP is shown in percentages\n|rule|Endless Battle Clause: Forcing endless battles is banned\n|rule|OHKO Clause: OHKO moves are banned\n|rule|Evasion Moves Clause: Evasion moves are banned\n|rule|Evasion Items Clause: Evasion items are banned\n|rule|Species Clause: Limit one of each Pok\u00e9mon\n|rule|Sleep Clause Mod: Limit one foe put to sleep\n|rule|Mega Rayquaza Clause: You cannot mega evolve Rayquaza\n|clearpoke\n|poke|p1|Xerneas-*|\n|poke|p1|Groudon|\n|poke|p1|Calyrex-Ice|\n|poke|p1|Krookodile, F|\n|poke|p1|Zacian-*|\n|poke|p1|Arceus|\n|poke|p2|Kyurem-Black|\n|poke|p2|Xerneas-*|\n|poke|p2|Ho-Oh|\n|poke|p2|Magearna|\n|poke|p2|Groudon|\n|poke|p2|Arceus-Dark|\n|teampreview\n|inactive|Battle timer is ON: inactive players will automatically lose when time's up. (requested by NeonJolteonWasUsed)\n|c|\u2606NeonJolteonWasUsed|this seems familiar...\n|c|\u2606NeonJolteonWasUsed|hmmmmm\n|\n|t:|1698497965\n|start\n|switch|p1a: Krookodile|Krookodile, F|100\/100\n|switch|p2a: Arceus|Arceus-Dark|100\/100\n|-ability|p1a: Krookodile|Intimidate|boost\n|-unboost|p2a: Arceus|atk|1\n|turn|1\n|\n|t:|1698497973\n|move|p2a: Arceus|Toxic|p1a: Krookodile\n|-status|p1a: Krookodile|tox\n|move|p1a: Krookodile|Bulldoze|p2a: Arceus\n|-damage|p2a: Arceus|84\/100\n|-unboost|p2a: Arceus|spe|1\n|\n|-damage|p1a: Krookodile|94\/100 tox|[from] psn\n|upkeep\n|turn|2\n|\n|t:|1698497983\n|move|p1a: Krookodile|Stealth Rock|p2a: Arceus\n|-sidestart|p2: NeonJolteonWasUsed|move: Stealth Rock\n|move|p2a: Arceus|Foul Play|p1a: Krookodile\n|-resisted|p1a: Krookodile\n|-damage|p1a: Krookodile|61\/100 tox\n|\n|-damage|p1a: Krookodile|49\/100 tox|[from] psn\n|upkeep\n|turn|3\n|\n|t:|1698497992\n|switch|p1a: Xerneas|Xerneas|100\/100\n|-ability|p1a: Xerneas|Fairy Aura\n|move|p2a: Arceus|Foul Play|p1a: Xerneas\n|-resisted|p1a: Xerneas\n|-damage|p1a: Xerneas|87\/100\n|\n|upkeep\n|turn|4\n|\n|t:|1698498001\n|switch|p1a: Krookodile|Krookodile, F|49\/100 tox\n|-ability|p1a: Krookodile|Intimidate|boost\n|-unboost|p2a: Arceus|atk|1\n|switch|p2a: Magearna|Magearna|100\/100\n|\n|-damage|p1a: Krookodile|43\/100 tox|[from] psn\n|upkeep\n|turn|5\n|\n|t:|1698498013\n|switch|p1a: Zacian|Zacian-Crowned|100\/100\n|-ability|p1a: Zacian|Intrepid Sword|boost\n|-boost|p1a: Zacian|atk|1\n|switch|p2a: Arceus|Arceus-Dark|84\/100\n|-damage|p2a: Arceus|72\/100|[from] Stealth Rock\n|\n|upkeep\n|turn|6\n|\n|t:|1698498024\n|move|p1a: Zacian|Behemoth Blade|p2a: Arceus\n|-damage|p2a: Arceus|21\/100\n|move|p2a: Arceus|Foul Play|p1a: Zacian\n|-resisted|p1a: Zacian\n|-damage|p1a: Zacian|55\/100\n|\n|upkeep\n|turn|7\n|\n|t:|1698498033\n|switch|p2a: Groudon|Groudon|100\/100\n|-damage|p2a: Groudon|94\/100|[from] Stealth Rock\n|detailschange|p2a: Groudon|Groudon-Primal\n|-primal|p2a: Groudon|Red Orb\n|-weather|DesolateLand|[from] ability: Desolate Land|[of] p2a: Groudon\n|move|p1a: Zacian|Behemoth Blade|p2a: Groudon\n|-resisted|p2a: Groudon\n|-damage|p2a: Groudon|72\/100\n|\n|-weather|DesolateLand|[upkeep]\n|upkeep\n|turn|8\n|\n|t:|1698498045\n|switch|p1a: Krookodile|Krookodile, F|43\/100 tox\n|-ability|p1a: Krookodile|Intimidate|boost\n|-unboost|p2a: Groudon|atk|1\n|move|p2a: Groudon|Heat Crash|p1a: Krookodile\n|-damage|p1a: Krookodile|0 fnt\n|faint|p1a: Krookodile\n|\n|-weather|DesolateLand|[upkeep]\n|upkeep\n|\n|t:|1698498058\n|switch|p1a: Arceus|Arceus|100\/100\n|turn|9\n|\n|t:|1698498062\n|move|p1a: Arceus|Swords Dance|p1a: Arceus\n|-boost|p1a: Arceus|atk|2\n|move|p2a: Groudon|Swords Dance|p2a: Groudon\n|-boost|p2a: Groudon|atk|2\n|\n|-weather|DesolateLand|[upkeep]\n|upkeep\n|turn|10\n|\n|t:|1698498069\n|move|p1a: Arceus|Earthquake|p2a: Groudon\n|-supereffective|p2a: Groudon\n|-damage|p2a: Groudon|0 fnt\n|faint|p2a: Groudon\n|-weather|none\n|-damage|p1a: Arceus|91\/100|[from] item: Life Orb\n|\n|upkeep\n|\n|t:|1698498077\n|switch|p2a: Magearna|Magearna|100\/100\n|turn|11\n|\n|t:|1698498083\n|switch|p2a: Ho-Oh|Ho-Oh|100\/100\n|move|p1a: Arceus|Taunt|p2a: Ho-Oh\n|-start|p2a: Ho-Oh|move: Taunt\n|\n|upkeep\n|turn|12\n|\n|t:|1698498093\n|-terastallize|p1a: Arceus|Normal\n|move|p1a: Arceus|Extreme Speed|p2a: Ho-Oh\n|-crit|p2a: Ho-Oh\n|-damage|p2a: Ho-Oh|0 fnt\n|faint|p2a: Ho-Oh\n|-damage|p1a: Arceus|81\/100|[from] item: Life Orb\n|\n|upkeep\n|-message|NeonJolteonWasUsed forfeited.\n|\n|win|85792195wwww\n|raw|85792195wwww's rating: 1832 &rarr; <strong>1847<\/strong><br \/>(+15 for winning)\n|raw|NeonJolteonWasUsed's rating: 1741 &rarr; <strong>1726<\/strong><br \/>(-15 for losing)\n|l|\u2606NeonJolteonWasUsed\n|l|\u260685792195wwww\n","uploadtime":1698498104,"views":8,"p1id":"85792195wwww","p2id":"neonjolteonwasused","formatid":"gen9nationaldexubers","rating":1726,"private":0,"password":""}