{"id":"gen9nationaldexubers-1979443003","p1":"700club","p2":"waljul190","format":"[Gen 9] National Dex Ubers","log":"|j|\u2606700club\n|j|\u2606waljul190\n|t:|1698683078\n|gametype|singles\n|player|p1|700club|shadowtriad|1246\n|player|p2|waljul190|ingo|1174\n|teamsize|p1|6\n|teamsize|p2|6\n|gen|9\n|tier|[Gen 9] National Dex Ubers\n|rated|\n|rule|HP Percentage Mod: HP is shown in percentages\n|rule|Endless Battle Clause: Forcing endless battles is banned\n|rule|OHKO Clause: OHKO moves are banned\n|rule|Evasion Moves Clause: Evasion moves are banned\n|rule|Evasion Items Clause: Evasion items are banned\n|rule|Species Clause: Limit one of each Pok\u00e9mon\n|rule|Sleep Clause Mod: Limit one foe put to sleep\n|rule|Mega Rayquaza Clause: You cannot mega evolve Rayquaza\n|clearpoke\n|poke|p1|Ogerpon-Hearthflame, F|\n|poke|p1|Ditto|\n|poke|p1|Landorus, M|\n|poke|p1|Mewtwo|\n|poke|p1|Necrozma-Dusk-Mane|\n|poke|p1|Shaymin-Sky|\n|poke|p2|Reshiram|\n|poke|p2|Zekrom|\n|poke|p2|Zacian-*|\n|poke|p2|Zamazenta-*|\n|poke|p2|Kyogre|\n|poke|p2|Groudon|\n|teampreview\n|c|\u2606700club|hi\n|\n|t:|1698683092\n|start\n|switch|p1a: Landorus|Landorus, M|100\/100\n|switch|p2a: king|Zacian-Crowned, shiny|100\/100\n|-ability|p2a: king|Intrepid Sword|boost\n|-boost|p2a: king|atk|1\n|turn|1\n|c|\u2606waljul190|hello\n|\n|t:|1698683180\n|move|p2a: king|Moonblast|p1a: Landorus\n|-damage|p1a: Landorus|63\/100\n|move|p1a: Landorus|Earth Power|p2a: king\n|-supereffective|p2a: king\n|-damage|p2a: king|0 fnt\n|faint|p2a: king\n|\n|upkeep\n|\n|t:|1698683191\n|switch|p2a: ocean|Kyogre, shiny|100\/100\n|detailschange|p2a: ocean|Kyogre-Primal, shiny\n|-primal|p2a: ocean|Blue Orb\n|-weather|PrimordialSea|[from] ability: Primordial Sea|[of] p2a: ocean\n|turn|2\n|\n|t:|1698683227\n|move|p1a: Landorus|Earth Power|p2a: ocean\n|-damage|p2a: ocean|50\/100\n|move|p2a: ocean|Hydro Pump|p1a: Landorus\n|-supereffective|p1a: Landorus\n|-damage|p1a: Landorus|0 fnt\n|faint|p1a: Landorus\n|\n|-weather|PrimordialSea|[upkeep]\n|upkeep\n|\n|t:|1698683238\n|switch|p1a: Shaymin|Shaymin-Sky|100\/100\n|turn|3\n|\n|t:|1698683244\n|move|p1a: Shaymin|Seed Flare|p2a: ocean\n|-supereffective|p2a: ocean\n|-damage|p2a: ocean|0 fnt\n|faint|p2a: ocean\n|-weather|none\n|\n|upkeep\n|\n|t:|1698683249\n|switch|p2a: flame|Reshiram, shiny|100\/100\n|-ability|p2a: flame|Turboblaze\n|turn|4\n|\n|t:|1698683262\n|switch|p1a: Mewtwo|Mewtwo|100\/100\n|-ability|p1a: Mewtwo|Unnerve\n|move|p2a: flame|Blue Flare|p1a: Mewtwo\n|-damage|p1a: Mewtwo|25\/100\n|\n|upkeep\n|turn|5\n|\n|t:|1698683273\n|detailschange|p1a: Mewtwo|Mewtwo-Mega-Y\n|-mega|p1a: Mewtwo|Mewtwo|Mewtwonite Y\n|move|p1a: Mewtwo|Psystrike|p2a: flame\n|-damage|p2a: flame|27\/100\n|move|p2a: flame|Shadow Ball|p1a: Mewtwo\n|-supereffective|p1a: Mewtwo\n|-damage|p1a: Mewtwo|0 fnt\n|faint|p1a: Mewtwo\n|\n|-heal|p2a: flame|34\/100|[from] item: Leftovers\n|upkeep\n|\n|t:|1698683285\n|switch|p1a: Necrozma|Necrozma-Dusk-Mane|100\/100\n|turn|6\n|\n|t:|1698683293\n|detailschange|p1a: Necrozma|Necrozma-Ultra\n|-burst|p1a: Necrozma|Necrozma|Ultranecrozium Z\n|move|p1a: Necrozma|Dragon Dance|p1a: Necrozma\n|-boost|p1a: Necrozma|atk|1\n|-boost|p1a: Necrozma|spe|1\n|move|p2a: flame|Blue Flare|p1a: Necrozma\n|-resisted|p1a: Necrozma\n|-damage|p1a: Necrozma|59\/100\n|-status|p1a: Necrozma|brn\n|\n|-heal|p2a: flame|40\/100|[from] item: Leftovers\n|-damage|p1a: Necrozma|53\/100 brn|[from] brn\n|upkeep\n|turn|7\n|\n|t:|1698683308\n|move|p1a: Necrozma|Earthquake|p2a: flame\n|-supereffective|p2a: flame\n|-damage|p2a: flame|0 fnt\n|faint|p2a: flame\n|\n|-damage|p1a: Necrozma|47\/100 brn|[from] brn\n|upkeep\n|\n|t:|1698683311\n|switch|p2a: bolt|Zekrom, shiny|100\/100\n|-ability|p2a: bolt|Teravolt\n|turn|8\n|\n|t:|1698683319\n|-zpower|p1a: Necrozma\n|move|p1a: Necrozma|Light That Burns the Sky|p2a: bolt|[zeffect]\n|-damage|p2a: bolt|5\/100\n|move|p2a: bolt|Draco Meteor|p1a: Necrozma\n|-supereffective|p1a: Necrozma\n|-damage|p1a: Necrozma|0 fnt\n|-unboost|p2a: bolt|spa|2\n|faint|p1a: Necrozma\n|\n|-heal|p2a: bolt|11\/100|[from] item: Leftovers\n|upkeep\n|\n|t:|1698683331\n|switch|p1a: Shaymin|Shaymin-Sky|100\/100\n|turn|9\n|inactive|Battle timer is ON: inactive players will automatically lose when time's up. (requested by 700club)\n|inactive|waljul190 has 120 seconds left.\n|l|\u2606waljul190\n|inactive|waljul190 disconnected and has a minute to reconnect!\n|player|p2|\n|inactive|waljul190 has 30 seconds to reconnect!\n|inactive|waljul190 has 20 seconds to reconnect!\n|inactive|waljul190 has 15 seconds to reconnect!\n|inactive|waljul190 has 10 seconds to reconnect!\n|inactive|waljul190 has 5 seconds to reconnect!\n|-message|waljul190 lost due to inactivity.\n|\n|win|700club\n|raw|700club's rating: 1246 &rarr; <strong>1266<\/strong><br \/>(+20 for winning)\n|raw|waljul190's rating: 1174 &rarr; <strong>1154<\/strong><br \/>(-20 for losing)\n|j|\u2606waljul190\n|player|p2|waljul190|ingo\n","uploadtime":1698683636,"views":7,"p1id":"700club","p2id":"waljul190","formatid":"gen9nationaldexubers","rating":1154,"private":0,"password":""}