{"id":"gen9nationaldexubers-1981885768","p1":"WesHC","p2":"hugoo171","format":"[Gen 9] National Dex Ubers","log":"|j|\u2606WesHC\n|j|\u2606hugoo171\n|t:|1698949046\n|gametype|singles\n|player|p1|WesHC|steven|1315\n|player|p2|hugoo171|ltsurge|1368\n|teamsize|p1|6\n|teamsize|p2|6\n|gen|9\n|tier|[Gen 9] National Dex Ubers\n|rated|\n|rule|HP Percentage Mod: HP is shown in percentages\n|rule|Endless Battle Clause: Forcing endless battles is banned\n|rule|OHKO Clause: OHKO moves are banned\n|rule|Evasion Moves Clause: Evasion moves are banned\n|rule|Evasion Items Clause: Evasion items are banned\n|rule|Species Clause: Limit one of each Pok\u00e9mon\n|rule|Sleep Clause Mod: Limit one foe put to sleep\n|rule|Mega Rayquaza Clause: You cannot mega evolve Rayquaza\n|clearpoke\n|poke|p1|Stakataka|\n|poke|p1|Mawile, F|\n|poke|p1|Forretress, M|\n|poke|p1|Kingambit, M|\n|poke|p1|Goodra-Hisui, M|\n|poke|p1|Magearna|\n|poke|p2|Spectrier|\n|poke|p2|Houndstone, M|\n|poke|p2|Hippowdon, F|\n|poke|p2|Zacian-*|\n|poke|p2|Diancie|\n|poke|p2|Ho-Oh|\n|teampreview\n|inactive|Battle timer is ON: inactive players will automatically lose when time's up. (requested by hugoo171)\n|\n|t:|1698949053\n|start\n|switch|p1a: Golden Forretress|Forretress, M, shiny|100\/100\n|switch|p2a: Diancie|Diancie|100\/100\n|turn|1\n|\n|t:|1698949059\n|detailschange|p2a: Diancie|Diancie-Mega\n|-mega|p2a: Diancie|Diancie|Diancite\n|move|p2a: Diancie|Mystical Fire|p1a: Golden Forretress\n|-supereffective|p1a: Golden Forretress\n|-ability|p1a: Golden Forretress|Sturdy\n|-damage|p1a: Golden Forretress|1\/100\n|-unboost|p1a: Golden Forretress|spa|1\n|move|p1a: Golden Forretress|Rapid Spin|p2a: Diancie\n|-resisted|p2a: Diancie\n|-damage|p2a: Diancie|93\/100\n|-boost|p1a: Golden Forretress|spe|1\n|\n|upkeep\n|turn|2\n|\n|t:|1698949069\n|move|p2a: Diancie|Mystical Fire|p1a: Golden Forretress\n|-supereffective|p1a: Golden Forretress\n|-damage|p1a: Golden Forretress|0 fnt\n|faint|p1a: Golden Forretress\n|\n|upkeep\n|\n|t:|1698949079\n|switch|p1a: Magearna|Magearna|100\/100\n|turn|3\n|\n|t:|1698949086\n|move|p2a: Diancie|Mystical Fire|p1a: Magearna\n|-supereffective|p1a: Magearna\n|-damage|p1a: Magearna|46\/100\n|-unboost|p1a: Magearna|spa|1\n|-enditem|p1a: Magearna|Red Card|[of] p2a: Diancie\n|drag|p2a: Hippowdon|Hippowdon, F|100\/100\n|-weather|Sandstorm|[from] ability: Sand Stream|[of] p2a: Hippowdon\n|move|p1a: Magearna|Trick Room|p1a: Magearna\n|-fieldstart|move: Trick Room|[of] p1a: Magearna\n|\n|-weather|Sandstorm|[upkeep]\n|upkeep\n|turn|4\n|\n|t:|1698949097\n|switch|p1a: Goodra|Goodra-Hisui, M|100\/100\n|move|p2a: Hippowdon|Body Press|p1a: Goodra\n|-supereffective|p1a: Goodra\n|-damage|p1a: Goodra|46\/100\n|-ability|p1a: Goodra|Gooey\n|-unboost|p2a: Hippowdon|spe|1\n|\n|-weather|Sandstorm|[upkeep]\n|upkeep\n|turn|5\n|\n|t:|1698949110\n|move|p2a: Hippowdon|Body Press|p1a: Goodra\n|-supereffective|p1a: Goodra\n|-damage|p1a: Goodra|0 fnt\n|-ability|p1a: Goodra|Gooey\n|-unboost|p2a: Hippowdon|spe|1\n|faint|p1a: Goodra\n|\n|-weather|Sandstorm|[upkeep]\n|upkeep\n|\n|t:|1698949116\n|switch|p1a: Mawile|Mawile, F|100\/100\n|-ability|p1a: Mawile|Intimidate|boost\n|-unboost|p2a: Hippowdon|atk|1\n|turn|6\n|\n|t:|1698949120\n|detailschange|p1a: Mawile|Mawile-Mega, F\n|-mega|p1a: Mawile|Mawile|Mawilite\n|move|p2a: Hippowdon|Body Press|p1a: Mawile\n|-damage|p1a: Mawile|74\/100\n|move|p1a: Mawile|Swords Dance|p1a: Mawile\n|-boost|p1a: Mawile|atk|2\n|\n|-weather|Sandstorm|[upkeep]\n|upkeep\n|turn|7\n|\n|t:|1698949133\n|move|p2a: Hippowdon|Body Press|p1a: Mawile\n|-damage|p1a: Mawile|45\/100\n|move|p1a: Mawile|Swords Dance|p1a: Mawile\n|-boost|p1a: Mawile|atk|2\n|\n|-weather|Sandstorm|[upkeep]\n|-fieldend|move: Trick Room\n|upkeep\n|turn|8\n|\n|t:|1698949140\n|move|p1a: Mawile|Play Rough|p2a: Hippowdon\n|-damage|p2a: Hippowdon|0 fnt\n|faint|p2a: Hippowdon\n|\n|-weather|Sandstorm|[upkeep]\n|upkeep\n|\n|t:|1698949149\n|switch|p2a: Ho-Oh|Ho-Oh|100\/100\n|turn|9\n|\n|t:|1698949152\n|move|p1a: Mawile|Sucker Punch|p2a: Ho-Oh\n|-damage|p2a: Ho-Oh|0 fnt\n|faint|p2a: Ho-Oh\n|\n|-weather|Sandstorm|[upkeep]\n|upkeep\n|\n|t:|1698949161\n|switch|p2a: Zacian|Zacian-Crowned|100\/100\n|-ability|p2a: Zacian|Intrepid Sword|boost\n|-boost|p2a: Zacian|atk|1\n|turn|10\n|\n|t:|1698949165\n|move|p1a: Mawile|Sucker Punch|p2a: Zacian\n|-resisted|p2a: Zacian\n|-damage|p2a: Zacian|40\/100\n|move|p2a: Zacian|Behemoth Blade|p1a: Mawile\n|-damage|p1a: Mawile|0 fnt\n|faint|p1a: Mawile\n|\n|-weather|none\n|upkeep\n|\n|t:|1698949173\n|switch|p1a: Stakataka|Stakataka|100\/100\n|turn|11\n|\n|t:|1698949175\n|move|p2a: Zacian|Behemoth Blade|p1a: Stakataka\n|-damage|p1a: Stakataka|39\/100\n|move|p1a: Stakataka|Trick Room|p1a: Stakataka\n|-fieldstart|move: Trick Room|[of] p1a: Stakataka\n|\n|upkeep\n|turn|12\n|\n|t:|1698949182\n|move|p1a: Stakataka|Heat Crash|p2a: Zacian\n|-supereffective|p2a: Zacian\n|-damage|p2a: Zacian|0 fnt\n|faint|p2a: Zacian\n|-ability|p1a: Stakataka|Beast Boost|boost\n|-boost|p1a: Stakataka|def|1\n|\n|upkeep\n|\n|t:|1698949191\n|switch|p2a: Spectrier|Spectrier|100\/100\n|turn|13\n|\n|t:|1698949195\n|move|p1a: Stakataka|Gyro Ball|p2a: Spectrier\n|-enditem|p2a: Spectrier|Focus Sash\n|-damage|p2a: Spectrier|1\/100\n|move|p2a: Spectrier|Shadow Ball|p1a: Stakataka\n|-damage|p1a: Stakataka|0 fnt\n|faint|p1a: Stakataka\n|-ability|p2a: Spectrier|Grim Neigh|boost\n|-boost|p2a: Spectrier|spa|1\n|\n|upkeep\n|\n|t:|1698949198\n|switch|p1a: Magearna|Magearna|46\/100\n|turn|14\n|\n|t:|1698949206\n|move|p1a: Magearna|Flash Cannon|p2a: Spectrier\n|-damage|p2a: Spectrier|0 fnt\n|faint|p2a: Spectrier\n|-ability|p1a: Magearna|Soul-Heart|boost\n|-boost|p1a: Magearna|spa|1\n|\n|upkeep\n|\n|t:|1698949214\n|switch|p2a: Diancie|Diancie-Mega|93\/100\n|turn|15\n|\n|t:|1698949217\n|move|p1a: Magearna|Flash Cannon|p2a: Diancie\n|-supereffective|p2a: Diancie\n|-damage|p2a: Diancie|0 fnt\n|faint|p2a: Diancie\n|-ability|p1a: Magearna|Soul-Heart|boost\n|-boost|p1a: Magearna|spa|1\n|\n|-fieldend|move: Trick Room\n|upkeep\n|\n|t:|1698949225\n|switch|p2a: Houndstone|Houndstone, M|100\/100\n|turn|16\n|\n|t:|1698949234\n|move|p2a: Houndstone|Last Respects|p1a: Magearna\n|-damage|p1a: Magearna|0 fnt\n|faint|p1a: Magearna\n|\n|upkeep\n|\n|t:|1698949238\n|switch|p1a: Kingambit|Kingambit, M|100\/100\n|turn|17\n|\n|t:|1698949240\n|move|p1a: Kingambit|Sucker Punch|p2a: Houndstone\n|-supereffective|p2a: Houndstone\n|-enditem|p2a: Houndstone|Focus Sash\n|-damage|p2a: Houndstone|1\/100\n|move|p2a: Houndstone|Last Respects|p1a: Kingambit\n|-resisted|p1a: Kingambit\n|-damage|p1a: Kingambit|50\/100\n|\n|upkeep\n|turn|18\n|\n|t:|1698949250\n|move|p2a: Houndstone|Protect|p2a: Houndstone\n|-singleturn|p2a: Houndstone|Protect\n|move|p1a: Kingambit|Sucker Punch||[still]\n|-fail|p1a: Kingambit\n|\n|upkeep\n|turn|19\n|\n|t:|1698949256\n|move|p1a: Kingambit|Sucker Punch||[still]\n|-fail|p1a: Kingambit\n|move|p2a: Houndstone|Sandstorm|p2a: Houndstone\n|-weather|Sandstorm\n|\n|-weather|Sandstorm|[upkeep]\n|upkeep\n|turn|20\n|\n|t:|1698949261\n|move|p2a: Houndstone|Protect|p2a: Houndstone\n|-singleturn|p2a: Houndstone|Protect\n|move|p1a: Kingambit|Sucker Punch||[still]\n|-fail|p1a: Kingambit\n|\n|-weather|Sandstorm|[upkeep]\n|upkeep\n|turn|21\n|\n|t:|1698949267\n|move|p2a: Houndstone|Last Respects|p1a: Kingambit\n|-resisted|p1a: Kingambit\n|-damage|p1a: Kingambit|0 fnt\n|faint|p1a: Kingambit\n|\n|win|hugoo171\n|raw|WesHC's rating: 1315 &rarr; <strong>1298<\/strong><br \/>(-17 for losing)\n|raw|hugoo171's rating: 1368 &rarr; <strong>1385<\/strong><br \/>(+17 for winning)\n|l|\u2606WesHC\n|c|\u2606hugoo171|haha\n","uploadtime":1698949283,"views":8,"p1id":"weshc","p2id":"hugoo171","formatid":"gen9nationaldexubers","rating":1298,"private":0,"password":""}