{"id":"gen9nationaldexubers-1995651581","p1":"KallaxDino","p2":"KingoftheTitans","format":"[Gen 9] National Dex Ubers","log":"|j|\u2606KallaxDino\n|j|\u2606KingoftheTitans\n|t:|1700590902\n|gametype|singles\n|player|p1|KallaxDino|101|\n|player|p2|KingoftheTitans|265|\n|teamsize|p1|6\n|teamsize|p2|6\n|gen|9\n|tier|[Gen 9] National Dex Ubers\n|rule|HP Percentage Mod: HP is shown in percentages\n|rule|Endless Battle Clause: Forcing endless battles is banned\n|rule|OHKO Clause: OHKO moves are banned\n|rule|Evasion Moves Clause: Evasion moves are banned\n|rule|Evasion Items Clause: Evasion items are banned\n|rule|Species Clause: Limit one of each Pok\u00e9mon\n|rule|Sleep Clause Mod: Limit one foe put to sleep\n|rule|Mega Rayquaza Clause: You cannot mega evolve Rayquaza\n|clearpoke\n|poke|p1|Groudon|\n|poke|p1|Kyogre|\n|poke|p1|Mewtwo|\n|poke|p1|Kyurem-Black|\n|poke|p1|Ogerpon-Cornerstone, F|\n|poke|p1|Arceus|\n|poke|p2|Charizard, M|\n|poke|p2|Greninja-*, M|\n|poke|p2|Serperior, F|\n|poke|p2|Tyranitar, M|\n|poke|p2|Excadrill, M|\n|poke|p2|Dracozolt|\n|teampreview\n|j| Snyperdragon\n|\n|t:|1700590912\n|start\n|switch|p1a: Kyogre|Kyogre|100\/100\n|switch|p2a: Charizard|Charizard, M|100\/100\n|detailschange|p1a: Kyogre|Kyogre-Primal\n|-primal|p1a: Kyogre|Blue Orb\n|-weather|PrimordialSea|[from] ability: Primordial Sea|[of] p1a: Kyogre\n|turn|1\n|\n|t:|1700590935\n|switch|p2a: Serperior|Serperior, F|100\/100\n|move|p1a: Kyogre|Origin Pulse|p2a: Serperior\n|-resisted|p2a: Serperior\n|-damage|p2a: Serperior|28\/100\n|\n|-weather|PrimordialSea|[upkeep]\n|-heal|p2a: Serperior|34\/100|[from] item: Leftovers\n|upkeep\n|turn|2\n|\n|t:|1700590950\n|-weather|none\n|switch|p1a: Groudon|Groudon|100\/100\n|detailschange|p1a: Groudon|Groudon-Primal\n|-primal|p1a: Groudon|Red Orb\n|-weather|DesolateLand|[from] ability: Desolate Land|[of] p1a: Groudon\n|move|p2a: Serperior|Leaf Storm|p1a: Groudon\n|-damage|p1a: Groudon|57\/100\n|-boost|p2a: Serperior|spa|2\n|\n|-weather|DesolateLand|[upkeep]\n|-heal|p2a: Serperior|40\/100|[from] item: Leftovers\n|upkeep\n|turn|3\n|\n|t:|1700590963\n|move|p2a: Serperior|Leaf Storm|p1a: Groudon\n|-damage|p1a: Groudon|0 fnt\n|-boost|p2a: Serperior|spa|2\n|faint|p1a: Groudon\n|-weather|none\n|\n|-heal|p2a: Serperior|47\/100|[from] item: Leftovers\n|upkeep\n|\n|t:|1700590999\n|switch|p1a: Ogerpon|Ogerpon-Cornerstone, F|100\/100\n|turn|4\n|\n|t:|1700591004\n|-terastallize|p1a: Ogerpon|Rock\n|detailschange|p1a: Ogerpon|Ogerpon-Cornerstone-Tera, F, tera:Rock\n|-ability|p1a: Ogerpon|Embody Aspect (Cornerstone)|boost\n|-boost|p1a: Ogerpon|def|1\n|move|p2a: Serperior|Leaf Storm|p1a: Ogerpon\n|-supereffective|p1a: Ogerpon\n|-damage|p1a: Ogerpon|0 fnt\n|-boost|p2a: Serperior|spa|2\n|faint|p1a: Ogerpon\n|\n|-heal|p2a: Serperior|53\/100|[from] item: Leftovers\n|upkeep\n|\n|t:|1700591015\n|switch|p1a: Arceus|Arceus|100\/100\n|turn|5\n|\n|t:|1700591020\n|move|p1a: Arceus|Extreme Speed|p2a: Serperior\n|-damage|p2a: Serperior|0 fnt\n|faint|p2a: Serperior\n|-damage|p1a: Arceus|91\/100|[from] item: Life Orb\n|\n|upkeep\n|\n|t:|1700591026\n|switch|p2a: Tyranitar|Tyranitar, M|100\/100\n|-weather|Sandstorm|[from] ability: Sand Stream|[of] p2a: Tyranitar\n|turn|6\n|\n|t:|1700591034\n|switch|p1a: Kyogre|Kyogre-Primal|100\/100\n|-weather|PrimordialSea|[from] ability: Primordial Sea|[of] p1a: Kyogre\n|move|p2a: Tyranitar|Stone Edge|p1a: Kyogre\n|-damage|p1a: Kyogre|46\/100\n|\n|-weather|PrimordialSea|[upkeep]\n|upkeep\n|turn|7\n|\n|t:|1700591046\n|switch|p2a: Greninja|Greninja, M|100\/100\n|move|p1a: Kyogre|Origin Pulse|p2a: Greninja|[miss]\n|-miss|p1a: Kyogre|p2a: Greninja\n|\n|-weather|PrimordialSea|[upkeep]\n|upkeep\n|turn|8\n|\n|t:|1700591063\n|-weather|none\n|switch|p1a: Mewtwo|Mewtwo|100\/100\n|-ability|p1a: Mewtwo|Pressure\n|move|p2a: Greninja|Grass Knot|p1a: Mewtwo\n|-damage|p1a: Mewtwo|65\/100\n|\n|upkeep\n|turn|9\n|\n|t:|1700591075\n|detailschange|p1a: Mewtwo|Mewtwo-Mega-X\n|-mega|p1a: Mewtwo|Mewtwo|Mewtwonite X\n|move|p1a: Mewtwo|Bulk Up|p1a: Mewtwo\n|-boost|p1a: Mewtwo|atk|1\n|-boost|p1a: Mewtwo|def|1\n|move|p2a: Greninja|Dark Pulse|p1a: Mewtwo\n|-damage|p1a: Mewtwo|31\/100\n|\n|upkeep\n|turn|10\n|\n|t:|1700591085\n|move|p2a: Greninja|Water Shuriken|p1a: Mewtwo\n|-damage|p1a: Mewtwo|24\/100\n|-damage|p1a: Mewtwo|16\/100\n|-damage|p1a: Mewtwo|10\/100\n|-damage|p1a: Mewtwo|3\/100\n|-hitcount|p1a: Mewtwo|4\n|move|p1a: Mewtwo|Ice Punch|p2a: Greninja\n|-resisted|p2a: Greninja\n|-damage|p2a: Greninja|56\/100\n|\n|upkeep\n|turn|11\n|\n|t:|1700591099\n|switch|p1a: Arceus|Arceus|91\/100\n|move|p2a: Greninja|Water Shuriken|p1a: Arceus\n|-damage|p1a: Arceus|85\/100\n|-damage|p1a: Arceus|79\/100\n|-damage|p1a: Arceus|72\/100\n|-damage|p1a: Arceus|66\/100\n|-damage|p1a: Arceus|60\/100\n|-hitcount|p1a: Arceus|5\n|\n|upkeep\n|turn|12\n|\n|t:|1700591113\n|switch|p2a: Tyranitar|Tyranitar, M|100\/100\n|-weather|Sandstorm|[from] ability: Sand Stream|[of] p2a: Tyranitar\n|move|p1a: Arceus|Extreme Speed|p2a: Tyranitar\n|-resisted|p2a: Tyranitar\n|-damage|p2a: Tyranitar|81\/100\n|-damage|p1a: Arceus|50\/100|[from] item: Life Orb\n|\n|-weather|Sandstorm|[upkeep]\n|-damage|p1a: Arceus|44\/100|[from] Sandstorm\n|upkeep\n|turn|13\n|\n|t:|1700591128\n|switch|p1a: Kyurem|Kyurem-Black|100\/100\n|-ability|p1a: Kyurem|Teravolt\n|move|p2a: Tyranitar|Stone Edge|p1a: Kyurem\n|-supereffective|p1a: Kyurem\n|-damage|p1a: Kyurem|1\/100\n|\n|-weather|Sandstorm|[upkeep]\n|-damage|p1a: Kyurem|0 fnt|[from] Sandstorm\n|faint|p1a: Kyurem\n|upkeep\n|\n|t:|1700591138\n|switch|p1a: Kyogre|Kyogre-Primal|46\/100\n|-weather|PrimordialSea|[from] ability: Primordial Sea|[of] p1a: Kyogre\n|turn|14\n|\n|t:|1700591145\n|switch|p2a: Greninja|Greninja, M|56\/100\n|move|p1a: Kyogre|Ice Beam|p2a: Greninja\n|-resisted|p2a: Greninja\n|-damage|p2a: Greninja|19\/100\n|\n|-weather|PrimordialSea|[upkeep]\n|upkeep\n|turn|15\n|\n|t:|1700591156\n|move|p2a: Greninja|Grass Knot|p1a: Kyogre\n|-supereffective|p1a: Kyogre\n|-damage|p1a: Kyogre|0 fnt\n|faint|p1a: Kyogre\n|-weather|none\n|-ability|p2a: Greninja|Battle Bond|boost\n|-boost|p2a: Greninja|atk|1\n|-boost|p2a: Greninja|spa|1\n|-boost|p2a: Greninja|spe|1\n|-activate|p2a: Greninja|ability: Battle Bond\n|\n|upkeep\n|\n|t:|1700591164\n|switch|p1a: Arceus|Arceus|44\/100\n|turn|16\n|\n|t:|1700591168\n|move|p2a: Greninja|Water Shuriken|p1a: Arceus\n|-damage|p1a: Arceus|34\/100\n|-damage|p1a: Arceus|26\/100\n|-damage|p1a: Arceus|18\/100\n|-damage|p1a: Arceus|9\/100\n|-hitcount|p1a: Arceus|4\n|move|p1a: Arceus|Swords Dance|p1a: Arceus\n|-boost|p1a: Arceus|atk|2\n|\n|upkeep\n|turn|17\n|j| theosjhung\n|\n|t:|1700591180\n|move|p1a: Arceus|Extreme Speed|p2a: Greninja\n|-damage|p2a: Greninja|0 fnt\n|faint|p2a: Greninja\n|-damage|p1a: Arceus|0 fnt|[from] item: Life Orb\n|faint|p1a: Arceus\n|\n|upkeep\n|c| theosjhung|instant replay lol\n|\n|t:|1700591188\n|switch|p1a: Mewtwo|Mewtwo-Mega-X|3\/100\n|switch|p2a: Charizard|Charizard, M|100\/100\n|turn|18\n|\n|t:|1700591193\n|detailschange|p2a: Charizard|Charizard-Mega-X, M\n|-mega|p2a: Charizard|Charizard|Charizardite X\n|move|p1a: Mewtwo|Ice Punch|p2a: Charizard\n|-damage|p2a: Charizard|64\/100\n|-status|p2a: Charizard|frz\n|-curestatus|p2a: Charizard|frz|[from] move: Flare Blitz\n|move|p2a: Charizard|Flare Blitz|p1a: Mewtwo\n|-damage|p1a: Mewtwo|0 fnt\n|faint|p1a: Mewtwo\n|-damage|p2a: Charizard|63\/100|[from] Recoil\n|\n|win|KingoftheTitans\n","uploadtime":1700591205,"views":0,"p1id":"kallaxdino","p2id":"kingofthetitans","formatid":"gen9nationaldexubers","rating":0,"private":0,"password":""}