{"id":"gen9nationaldexubers-1978673966","p1":"700club","p2":"ChoiceScarfEmolga","format":"[Gen 9] National Dex Ubers","log":"|j|\u2606700club\n|j|\u2606ChoiceScarfEmolga\n|t:|1698579233\n|gametype|singles\n|player|p1|700club|shadowtriad|1113\n|player|p2|ChoiceScarfEmolga|2|1238\n|teamsize|p1|6\n|teamsize|p2|6\n|gen|9\n|tier|[Gen 9] National Dex Ubers\n|rated|\n|rule|HP Percentage Mod: HP is shown in percentages\n|rule|Endless Battle Clause: Forcing endless battles is banned\n|rule|OHKO Clause: OHKO moves are banned\n|rule|Evasion Moves Clause: Evasion moves are banned\n|rule|Evasion Items Clause: Evasion items are banned\n|rule|Species Clause: Limit one of each Pok\u00e9mon\n|rule|Sleep Clause Mod: Limit one foe put to sleep\n|rule|Mega Rayquaza Clause: You cannot mega evolve Rayquaza\n|clearpoke\n|poke|p1|Ogerpon-Hearthflame, F|\n|poke|p1|Ditto|\n|poke|p1|Deoxys-Speed|\n|poke|p1|Mewtwo|\n|poke|p1|Necrozma-Dusk-Mane|\n|poke|p1|Meowscarada, F|\n|poke|p2|Flutter Mane|\n|poke|p2|Torkoal, F|\n|poke|p2|Goodra-Hisui, M|\n|poke|p2|Scream Tail|\n|poke|p2|Gligar, F|\n|poke|p2|Samurott-Hisui, M|\n|teampreview\n|c|\u2606700club|hi\n|c|\u2606ChoiceScarfEmolga|hi\n|c|\u2606ChoiceScarfEmolga|it says I have your team\n|\n|t:|1698579276\n|start\n|switch|p1a: Deoxys|Deoxys-Speed|100\/100\n|switch|p2a: Samurott|Samurott-Hisui, M|100\/100\n|-ability|p1a: Deoxys|Pressure\n|turn|1\n|c|\u2606700club|what says?\n|c|\u2606ChoiceScarfEmolga|the visuals was bugged, put me on the wrong side\n|c|\u2606700club|oh ok weird lol\n|\n|t:|1698579335\n|move|p1a: Deoxys|Reflect|p1a: Deoxys\n|-sidestart|p1: 700club|Reflect\n|move|p2a: Samurott|Ceaseless Edge|p1a: Deoxys\n|-supereffective|p1a: Deoxys\n|-damage|p1a: Deoxys|42\/100\n|-sidestart|p1: 700club|Spikes\n|\n|upkeep\n|turn|2\n|\n|t:|1698579349\n|move|p1a: Deoxys|Light Screen|p1a: Deoxys\n|-sidestart|p1: 700club|move: Light Screen\n|move|p2a: Samurott|Ceaseless Edge|p1a: Deoxys\n|-supereffective|p1a: Deoxys\n|-damage|p1a: Deoxys|0 fnt\n|-sidestart|p1: 700club|Spikes\n|faint|p1a: Deoxys\n|\n|upkeep\n|\n|t:|1698579365\n|switch|p1a: Meowscarada|Meowscarada, F|100\/100\n|turn|3\n|\n|t:|1698579374\n|switch|p2a: Torkoal|Torkoal, F|100\/100\n|-weather|SunnyDay|[from] ability: Drought|[of] p2a: Torkoal\n|move|p1a: Meowscarada|Flower Trick|p2a: Torkoal\n|-resisted|p2a: Torkoal\n|-crit|p2a: Torkoal\n|-damage|p2a: Torkoal|84\/100\n|\n|-weather|SunnyDay|[upkeep]\n|upkeep\n|turn|4\n|\n|t:|1698579395\n|move|p1a: Meowscarada|Knock Off|p2a: Torkoal\n|-damage|p2a: Torkoal|52\/100\n|-enditem|p2a: Torkoal|Heavy-Duty Boots|[from] move: Knock Off|[of] p1a: Meowscarada\n|move|p2a: Torkoal|Lava Plume|p1a: Meowscarada\n|-supereffective|p1a: Meowscarada\n|-damage|p1a: Meowscarada|42\/100\n|\n|-weather|SunnyDay|[upkeep]\n|upkeep\n|turn|5\n|\n|t:|1698579415\n|move|p1a: Meowscarada|Knock Off|p2a: Torkoal\n|-damage|p2a: Torkoal|30\/100\n|move|p2a: Torkoal|Stealth Rock|p1a: Meowscarada\n|-sidestart|p1: 700club|move: Stealth Rock\n|\n|-weather|SunnyDay|[upkeep]\n|-sideend|p1: 700club|Reflect\n|upkeep\n|turn|6\n|\n|t:|1698579423\n|move|p1a: Meowscarada|Knock Off|p2a: Torkoal\n|-damage|p2a: Torkoal|8\/100\n|move|p2a: Torkoal|Lava Plume|p1a: Meowscarada\n|-supereffective|p1a: Meowscarada\n|-damage|p1a: Meowscarada|0 fnt\n|faint|p1a: Meowscarada\n|\n|-weather|SunnyDay|[upkeep]\n|-sideend|p1: 700club|move: Light Screen\n|upkeep\n|\n|t:|1698579435\n|switch|p1a: Mewtwo|Mewtwo|100\/100\n|-ability|p1a: Mewtwo|Unnerve\n|-damage|p1a: Mewtwo|84\/100|[from] Spikes\n|-damage|p1a: Mewtwo|72\/100|[from] Stealth Rock\n|turn|7\n|\n|t:|1698579450\n|switch|p2a: Scream Tail|Scream Tail|100\/100\n|-activate|p2a: Scream Tail|ability: Protosynthesis\n|-start|p2a: Scream Tail|protosynthesisspe\n|detailschange|p1a: Mewtwo|Mewtwo-Mega-Y\n|-mega|p1a: Mewtwo|Mewtwo|Mewtwonite Y\n|move|p1a: Mewtwo|Nasty Plot|p1a: Mewtwo\n|-boost|p1a: Mewtwo|spa|2\n|\n|-weather|none\n|-end|p2a: Scream Tail|Protosynthesis\n|upkeep\n|turn|8\n|\n|t:|1698579471\n|move|p1a: Mewtwo|Ice Beam|p2a: Scream Tail\n|-damage|p2a: Scream Tail|46\/100\n|move|p2a: Scream Tail|Encore|p1a: Mewtwo\n|-start|p1a: Mewtwo|Encore\n|\n|-heal|p2a: Scream Tail|52\/100|[from] item: Leftovers\n|upkeep\n|turn|9\n|\n|t:|1698579478\n|-end|p2a: Scream Tail|Protosynthesis|[silent]\n|switch|p2a: Samurott|Samurott-Hisui, M|100\/100\n|move|p1a: Mewtwo|Ice Beam|p2a: Samurott\n|-resisted|p2a: Samurott\n|-damage|p2a: Samurott|35\/100\n|\n|upkeep\n|turn|10\n|\n|t:|1698579484\n|move|p2a: Samurott|Sucker Punch|p1a: Mewtwo\n|-supereffective|p1a: Mewtwo\n|-damage|p1a: Mewtwo|0 fnt\n|faint|p1a: Mewtwo\n|\n|upkeep\n|\n|t:|1698579494\n|switch|p1a: Ogerpon|Ogerpon-Hearthflame, F|100\/100\n|-damage|p1a: Ogerpon|84\/100|[from] Spikes\n|-damage|p1a: Ogerpon|59\/100|[from] Stealth Rock\n|-ability|p1a: Ogerpon|Mold Breaker\n|turn|11\n|\n|t:|1698579507\n|move|p1a: Ogerpon|Horn Leech|p2a: Samurott\n|-supereffective|p2a: Samurott\n|-damage|p2a: Samurott|0 fnt\n|-heal|p1a: Ogerpon|75\/100|[from] drain|[of] p2a: Samurott\n|faint|p2a: Samurott\n|\n|upkeep\n|\n|t:|1698579518\n|switch|p2a: Goodra|Goodra-Hisui, M|100\/100\n|turn|12\n|\n|t:|1698579544\n|-terastallize|p1a: Ogerpon|Fire\n|detailschange|p1a: Ogerpon|Ogerpon-Hearthflame-Tera, F, tera:Fire\n|-ability|p1a: Ogerpon|Embody Aspect (Hearthflame)|boost\n|-boost|p1a: Ogerpon|atk|1\n|move|p1a: Ogerpon|Ivy Cudgel|p2a: Goodra\n|-damage|p2a: Goodra|9\/100\n|move|p2a: Goodra|Draco Meteor|p1a: Ogerpon\n|-damage|p1a: Ogerpon|10\/100\n|-unboost|p2a: Goodra|spa|2\n|\n|-heal|p2a: Goodra|15\/100|[from] item: Leftovers\n|upkeep\n|turn|13\n|\n|t:|1698579563\n|move|p1a: Ogerpon|Ivy Cudgel|p2a: Goodra\n|-damage|p2a: Goodra|0 fnt\n|faint|p2a: Goodra\n|\n|upkeep\n|\n|t:|1698579588\n|switch|p2a: Flutter Mane|Flutter Mane|100\/100\n|turn|14\n|\n|t:|1698579597\n|move|p2a: Flutter Mane|Shadow Ball|p1a: Ogerpon\n|-damage|p1a: Ogerpon|0 fnt\n|faint|p1a: Ogerpon\n|\n|upkeep\n|\n|t:|1698579625\n|switch|p1a: Ditto|Ditto|100\/100\n|-damage|p1a: Ditto|84\/100|[from] Spikes\n|-damage|p1a: Ditto|72\/100|[from] Stealth Rock\n|-transform|p1a: Ditto|p2a: Flutter Mane|[from] ability: Imposter\n|turn|15\n|\n|t:|1698579639\n|-end|p2a: Flutter Mane|Protosynthesis|[silent]\n|switch|p2a: Gligar|Gligar, F|100\/100\n|move|p1a: Ditto|Shadow Ball|p2a: Gligar\n|-damage|p2a: Gligar|56\/100\n|\n|upkeep\n|turn|16\n|\n|t:|1698579649\n|move|p1a: Ditto|Shadow Ball|p2a: Gligar\n|-damage|p2a: Gligar|16\/100\n|move|p2a: Gligar|Roost|p2a: Gligar\n|-heal|p2a: Gligar|66\/100\n|-singleturn|p2a: Gligar|move: Roost\n|\n|upkeep\n|turn|17\n|\n|t:|1698579658\n|move|p1a: Ditto|Shadow Ball|p2a: Gligar\n|-damage|p2a: Gligar|24\/100\n|move|p2a: Gligar|Roost|p2a: Gligar\n|-heal|p2a: Gligar|74\/100\n|-singleturn|p2a: Gligar|move: Roost\n|\n|upkeep\n|turn|18\n|\n|t:|1698579676\n|move|p1a: Ditto|Shadow Ball|p2a: Gligar\n|-damage|p2a: Gligar|34\/100\n|-unboost|p2a: Gligar|spd|1\n|move|p2a: Gligar|Roost|p2a: Gligar\n|-heal|p2a: Gligar|84\/100\n|-singleturn|p2a: Gligar|move: Roost\n|\n|upkeep\n|turn|19\n|\n|t:|1698579684\n|move|p1a: Ditto|Shadow Ball|p2a: Gligar\n|-damage|p2a: Gligar|27\/100\n|move|p2a: Gligar|Earthquake|p1a: Ditto\n|-damage|p1a: Ditto|20\/100\n|\n|upkeep\n|turn|20\n|\n|t:|1698579690\n|-activate|p1a: Ditto|move: Struggle\n|move|p1a: Ditto|Struggle|p2a: Gligar\n|-damage|p2a: Gligar|24\/100\n|-damage|p1a: Ditto|0 fnt|[from] recoil\n|faint|p1a: Ditto\n|-end|p1a: Ditto|Protosynthesis|[silent]\n|move|p2a: Gligar|Earthquake|p1: Ditto|[notarget]\n|-fail|p2a: Gligar\n|\n|upkeep\n|\n|t:|1698579697\n|switch|p1a: Necrozma|Necrozma-Dusk-Mane|100\/100\n|-damage|p1a: Necrozma|84\/100|[from] Spikes\n|-damage|p1a: Necrozma|78\/100|[from] Stealth Rock\n|turn|21\n|\n|t:|1698579707\n|detailschange|p1a: Necrozma|Necrozma-Ultra\n|-burst|p1a: Necrozma|Necrozma|Ultranecrozium Z\n|move|p1a: Necrozma|Dragon Dance|p1a: Necrozma\n|-boost|p1a: Necrozma|atk|1\n|-boost|p1a: Necrozma|spe|1\n|move|p2a: Gligar|Knock Off|p1a: Necrozma\n|-supereffective|p1a: Necrozma\n|-damage|p1a: Necrozma|52\/100\n|\n|upkeep\n|turn|22\n|\n|t:|1698579716\n|move|p1a: Necrozma|Dragon Dance|p1a: Necrozma\n|-boost|p1a: Necrozma|atk|1\n|-boost|p1a: Necrozma|spe|1\n|move|p2a: Gligar|Toxic|p1a: Necrozma\n|-status|p1a: Necrozma|tox\n|\n|-damage|p1a: Necrozma|46\/100 tox|[from] psn\n|upkeep\n|turn|23\n|\n|t:|1698579751\n|move|p1a: Necrozma|Photon Geyser|p2a: Gligar\n|-damage|p2a: Gligar|0 fnt\n|faint|p2a: Gligar\n|\n|-damage|p1a: Necrozma|35\/100 tox|[from] psn\n|upkeep\n|\n|t:|1698579757\n|switch|p2a: Scream Tail|Scream Tail|52\/100\n|turn|24\n|\n|t:|1698579795\n|-terastallize|p2a: Scream Tail|Steel\n|-zpower|p1a: Necrozma\n|move|p1a: Necrozma|Light That Burns the Sky|p2a: Scream Tail|[zeffect]\n|-resisted|p2a: Scream Tail\n|-damage|p2a: Scream Tail|0 fnt\n|faint|p2a: Scream Tail\n|-end|p2a: Scream Tail|Protosynthesis|[silent]\n|\n|-damage|p1a: Necrozma|17\/100 tox|[from] psn\n|upkeep\n|\n|t:|1698579803\n|switch|p2a: Torkoal|Torkoal, F|8\/100\n|-weather|SunnyDay|[from] ability: Drought|[of] p2a: Torkoal\n|turn|25\n|\n|t:|1698579824\n|move|p1a: Necrozma|Photon Geyser|p2a: Torkoal\n|-damage|p2a: Torkoal|0 fnt\n|faint|p2a: Torkoal\n|\n|-weather|SunnyDay|[upkeep]\n|-damage|p1a: Necrozma|0 fnt|[from] psn\n|faint|p1a: Necrozma\n|\n|win|ChoiceScarfEmolga\n|upkeep\n|raw|700club's rating: 1113 &rarr; <strong>1097<\/strong><br \/>(-16 for losing)\n|raw|ChoiceScarfEmolga's rating: 1238 &rarr; <strong>1254<\/strong><br \/>(+16 for winning)\n|c|\u2606ChoiceScarfEmolga|g\n|c|\u2606700club|gg\n|c|\u2606ChoiceScarfEmolga|gg*\n","uploadtime":1698579834,"views":14,"p1id":"700club","p2id":"choicescarfemolga","formatid":"gen9nationaldexubers","rating":1097,"private":0,"password":""}