{"id":"gen9nationaldexubers-1992648625","p1":"psyducksweeps","p2":"KarmaNightraide","format":"[Gen 9] National Dex Ubers","log":"|j|\u2606psyducksweeps\n|j|\u2606KarmaNightraide\n|t:|1700220166\n|gametype|singles\n|player|p1|psyducksweeps|morty-masters2|1341\n|player|p2|KarmaNightraide|unknown|1305\n|teamsize|p1|6\n|teamsize|p2|6\n|gen|9\n|tier|[Gen 9] National Dex Ubers\n|rated|\n|rule|HP Percentage Mod: HP is shown in percentages\n|rule|Endless Battle Clause: Forcing endless battles is banned\n|rule|OHKO Clause: OHKO moves are banned\n|rule|Evasion Moves Clause: Evasion moves are banned\n|rule|Evasion Items Clause: Evasion items are banned\n|rule|Species Clause: Limit one of each Pok\u00e9mon\n|rule|Sleep Clause Mod: Limit one foe put to sleep\n|rule|Mega Rayquaza Clause: You cannot mega evolve Rayquaza\n|clearpoke\n|poke|p1|Xurkitree|\n|poke|p1|Melmetal|\n|poke|p1|Gholdengo|\n|poke|p1|Salamence, M|\n|poke|p1|Dracovish|\n|poke|p1|Slurpuff, M|\n|poke|p2|Mimikyu, M|\n|poke|p2|Banette, F|\n|poke|p2|Polteageist-Antique|\n|poke|p2|Skeledirge, M|\n|poke|p2|Gourgeist-*, F|\n|poke|p2|Basculegion, M|\n|teampreview\n|inactive|Battle timer is ON: inactive players will automatically lose when time's up. (requested by psyducksweeps)\n|\n|t:|1700220191\n|start\n|switch|p1a: Slurpuff|Slurpuff, M, shiny|100\/100\n|switch|p2a: Go to sleep...|Banette, F|100\/100\n|turn|1\n|\n|t:|1700220199\n|detailschange|p2a: Go to sleep...|Banette-Mega, F\n|-mega|p2a: Go to sleep...|Banette|Banettite\n|move|p2a: Go to sleep...|Taunt|p1a: Slurpuff\n|-start|p1a: Slurpuff|move: Taunt\n|cant|p1a: Slurpuff|move: Taunt|Sticky Web\n|\n|upkeep\n|turn|2\n|\n|t:|1700220211\n|switch|p1a: Melmetal|Melmetal|100\/100\n|move|p2a: Go to sleep...|Thunder Wave|p1a: Melmetal\n|-status|p1a: Melmetal|par\n|\n|upkeep\n|turn|3\n|\n|t:|1700220221\n|switch|p2a: Dundy|Skeledirge, M|100\/100\n|move|p1a: Melmetal|Double Iron Bash|p2a: Dundy\n|-resisted|p2a: Dundy\n|-damage|p2a: Dundy|80\/100\n|-resisted|p2a: Dundy\n|-damage|p2a: Dundy|58\/100\n|-hitcount|p2a: Dundy|2\n|\n|-heal|p2a: Dundy|64\/100|[from] item: Leftovers\n|upkeep\n|turn|4\n|\n|t:|1700220236\n|switch|p1a: Slurpuff|Slurpuff, M, shiny|100\/100\n|-terastallize|p2a: Dundy|Fire\n|move|p2a: Dundy|Torch Song|p1a: Slurpuff\n|-damage|p1a: Slurpuff|6\/100\n|-boost|p2a: Dundy|spa|1\n|\n|-heal|p2a: Dundy|70\/100|[from] item: Leftovers\n|upkeep\n|turn|5\n|\n|t:|1700220249\n|move|p1a: Slurpuff|Sticky Web|p2a: Dundy\n|-sidestart|p2: KarmaNightraide|move: Sticky Web\n|move|p2a: Dundy|Torch Song|p1a: Slurpuff\n|-damage|p1a: Slurpuff|0 fnt\n|-boost|p2a: Dundy|spa|1\n|faint|p1a: Slurpuff\n|\n|-heal|p2a: Dundy|76\/100|[from] item: Leftovers\n|upkeep\n|\n|t:|1700220260\n|switch|p1a: Dracovish|Dracovish|100\/100\n|turn|6\n|\n|t:|1700220284\n|switch|p2a: Pumpin|Gourgeist-Small, F|100\/100\n|-activate|p2a: Pumpin|move: Sticky Web\n|-unboost|p2a: Pumpin|spe|1\n|move|p1a: Dracovish|Fishious Rend|p2a: Pumpin\n|-resisted|p2a: Pumpin\n|-damage|p2a: Pumpin|41\/100\n|\n|upkeep\n|turn|7\n|\n|t:|1700220297\n|move|p1a: Dracovish|Fishious Rend|p2a: Pumpin\n|-resisted|p2a: Pumpin\n|-damage|p2a: Pumpin|0 fnt\n|faint|p2a: Pumpin\n|\n|upkeep\n|\n|t:|1700220302\n|switch|p2a: Go to sleep...|Banette-Mega, F|100\/100\n|-activate|p2a: Go to sleep...|move: Sticky Web\n|-unboost|p2a: Go to sleep...|spe|1\n|turn|8\n|\n|t:|1700220312\n|switch|p1a: Xurkitree|Xurkitree|100\/100\n|move|p2a: Go to sleep...|Destiny Bond|p2a: Go to sleep...\n|-singlemove|p2a: Go to sleep...|Destiny Bond\n|\n|upkeep\n|turn|9\n|\n|t:|1700220320\n|-zpower|p1a: Xurkitree\n|move|p1a: Xurkitree|Z-Electric Terrain|p1a: Xurkitree|[anim]Electric Terrain\n|-boost|p1a: Xurkitree|spe|1|[zeffect]\n|-fieldstart|move: Electric Terrain\n|move|p2a: Go to sleep...|Poltergeist|p1a: Xurkitree\n|-activate|p1a: Xurkitree|move: Poltergeist|Electrium Z\n|-damage|p1a: Xurkitree|0 fnt\n|faint|p1a: Xurkitree\n|\n|upkeep\n|\n|t:|1700220336\n|switch|p1a: Melmetal|Melmetal|100\/100 par\n|turn|10\n|\n|t:|1700220343\n|switch|p2a: Dundy|Skeledirge, M, tera:Fire|76\/100\n|-activate|p2a: Dundy|move: Sticky Web\n|-unboost|p2a: Dundy|spe|1\n|move|p1a: Melmetal|Double Iron Bash|p2a: Dundy\n|-resisted|p2a: Dundy\n|-damage|p2a: Dundy|53\/100\n|-resisted|p2a: Dundy\n|-damage|p2a: Dundy|30\/100\n|-hitcount|p2a: Dundy|2\n|\n|-heal|p2a: Dundy|36\/100|[from] item: Leftovers\n|upkeep\n|turn|11\n|\n|t:|1700220356\n|move|p2a: Dundy|Slack Off|p2a: Dundy\n|-heal|p2a: Dundy|86\/100\n|move|p1a: Melmetal|Earthquake|p2a: Dundy\n|-supereffective|p2a: Dundy\n|-damage|p2a: Dundy|10\/100\n|\n|-heal|p2a: Dundy|16\/100|[from] item: Leftovers\n|upkeep\n|turn|12\n|\n|t:|1700220366\n|move|p2a: Dundy|Torch Song|p1a: Melmetal\n|-supereffective|p1a: Melmetal\n|-damage|p1a: Melmetal|36\/100 par\n|-boost|p2a: Dundy|spa|1\n|cant|p1a: Melmetal|par\n|\n|-heal|p2a: Dundy|22\/100|[from] item: Leftovers\n|upkeep\n|turn|13\n|\n|t:|1700220375\n|move|p2a: Dundy|Torch Song|p1a: Melmetal\n|-supereffective|p1a: Melmetal\n|-damage|p1a: Melmetal|0 fnt\n|-boost|p2a: Dundy|spa|1\n|faint|p1a: Melmetal\n|\n|-heal|p2a: Dundy|28\/100|[from] item: Leftovers\n|-fieldend|move: Electric Terrain\n|upkeep\n|\n|t:|1700220386\n|switch|p1a: Gholdengo|Gholdengo|100\/100\n|turn|14\n|\n|t:|1700220394\n|move|p1a: Gholdengo|Shadow Ball|p2a: Dundy\n|-damage|p2a: Dundy|0 fnt\n|faint|p2a: Dundy\n|\n|upkeep\n|\n|t:|1700220401\n|switch|p2a: Wanna sip?|Polteageist-Antique|100\/100\n|-activate|p2a: Wanna sip?|move: Sticky Web\n|-unboost|p2a: Wanna sip?|spe|1\n|turn|15\n|\n|t:|1700220406\n|move|p1a: Gholdengo|Shadow Ball|p2a: Wanna sip?\n|-supereffective|p2a: Wanna sip?\n|-enditem|p2a: Wanna sip?|Focus Sash\n|-damage|p2a: Wanna sip?|1\/100\n|move|p2a: Wanna sip?|Shell Smash|p2a: Wanna sip?\n|-unboost|p2a: Wanna sip?|def|1\n|-unboost|p2a: Wanna sip?|spd|1\n|-boost|p2a: Wanna sip?|atk|2\n|-boost|p2a: Wanna sip?|spa|2\n|-boost|p2a: Wanna sip?|spe|2\n|\n|upkeep\n|turn|16\n|\n|t:|1700220418\n|switch|p1a: Salamence|Salamence, M|100\/100\n|-ability|p1a: Salamence|Intimidate|boost\n|-unboost|p2a: Wanna sip?|atk|1\n|move|p2a: Wanna sip?|Shadow Ball|p1a: Salamence\n|-damage|p1a: Salamence|0 fnt\n|faint|p1a: Salamence\n|\n|upkeep\n|\n|t:|1700220428\n|switch|p1a: Dracovish|Dracovish|100\/100\n|turn|17\n|\n|t:|1700220445\n|move|p1a: Dracovish|Fishious Rend|p2a: Wanna sip?\n|-damage|p2a: Wanna sip?|0 fnt\n|faint|p2a: Wanna sip?\n|\n|upkeep\n|\n|t:|1700220450\n|switch|p2a: Go to sleep...|Banette-Mega, F|100\/100\n|-activate|p2a: Go to sleep...|move: Sticky Web\n|-unboost|p2a: Go to sleep...|spe|1\n|turn|18\n|\n|t:|1700220455\n|switch|p1a: Gholdengo|Gholdengo|100\/100\n|move|p2a: Go to sleep...|Destiny Bond|p2a: Go to sleep...\n|-singlemove|p2a: Go to sleep...|Destiny Bond\n|\n|upkeep\n|turn|19\n|\n|t:|1700220463\n|move|p1a: Gholdengo|Shadow Ball|p2a: Go to sleep...\n|-supereffective|p2a: Go to sleep...\n|-damage|p2a: Go to sleep...|0 fnt\n|faint|p2a: Go to sleep...\n|-activate|p2a: Go to sleep...|move: Destiny Bond\n|faint|p1a: Gholdengo\n|\n|upkeep\n|\n|t:|1700220472\n|switch|p1a: Dracovish|Dracovish|100\/100\n|switch|p2a: Lil guy my man|Mimikyu, M|100\/100\n|-activate|p2a: Lil guy my man|move: Sticky Web\n|-unboost|p2a: Lil guy my man|spe|1\n|turn|20\n|\n|t:|1700220479\n|-terastallize|p1a: Dracovish|Water\n|move|p1a: Dracovish|Fishious Rend|p2a: Lil guy my man\n|-activate|p2a: Lil guy my man|ability: Disguise\n|-damage|p2a: Lil guy my man|100\/100\n|detailschange|p2a: Lil guy my man|Mimikyu-Busted, M\n|-damage|p2a: Lil guy my man|88\/100|[from] pokemon: Mimikyu-Busted\n|move|p2a: Lil guy my man|Play Rough|p1a: Dracovish\n|-damage|p1a: Dracovish|52\/100\n|-damage|p2a: Lil guy my man|78\/100|[from] item: Life Orb\n|\n|upkeep\n|turn|21\n|\n|t:|1700220491\n|move|p2a: Lil guy my man|Shadow Sneak|p1a: Dracovish\n|-damage|p1a: Dracovish|27\/100\n|-damage|p2a: Lil guy my man|68\/100|[from] item: Life Orb\n|move|p1a: Dracovish|Fishious Rend|p2a: Lil guy my man\n|-damage|p2a: Lil guy my man|0 fnt\n|faint|p2a: Lil guy my man\n|\n|upkeep\n|\n|t:|1700220499\n|switch|p2a: Fish|Basculegion, M|100\/100\n|-activate|p2a: Fish|move: Sticky Web\n|-unboost|p2a: Fish|spe|1\n|turn|22\n|\n|t:|1700220504\n|move|p1a: Dracovish|Fishious Rend|p2a: Fish\n|-resisted|p2a: Fish\n|-damage|p2a: Fish|13\/100\n|move|p2a: Fish|Last Respects|p1a: Dracovish\n|-damage|p1a: Dracovish|0 fnt\n|faint|p1a: Dracovish\n|\n|win|KarmaNightraide\n|raw|psyducksweeps's rating: 1341 &rarr; <strong>1319<\/strong><br \/>(-22 for losing)\n|raw|KarmaNightraide's rating: 1305 &rarr; <strong>1327<\/strong><br \/>(+22 for winning)\n|l|\u2606psyducksweeps\n","uploadtime":1700220520,"views":25,"p1id":"psyducksweeps","p2id":"karmanightraide","formatid":"gen9nationaldexubers","rating":1319,"private":0,"password":""}