{"id":"gen9nationaldexubers-1998529422","p1":"Hjull","p2":"hobinrobin","format":"[Gen 9] National Dex Ubers","log":"|j|\u2606Hjull\n|j|\u2606hobinrobin\n|t:|1700952722\n|gametype|singles\n|player|p1|Hjull|nate|1098\n|player|p2|hobinrobin|steven|1097\n|teamsize|p1|6\n|teamsize|p2|6\n|gen|9\n|tier|[Gen 9] National Dex Ubers\n|rated|\n|rule|HP Percentage Mod: HP is shown in percentages\n|rule|Endless Battle Clause: Forcing endless battles is banned\n|rule|OHKO Clause: OHKO moves are banned\n|rule|Evasion Moves Clause: Evasion moves are banned\n|rule|Evasion Items Clause: Evasion items are banned\n|rule|Species Clause: Limit one of each Pok\u00e9mon\n|rule|Sleep Clause Mod: Limit one foe put to sleep\n|rule|Mega Rayquaza Clause: You cannot mega evolve Rayquaza\n|clearpoke\n|poke|p1|Throh, M|\n|poke|p1|Sawk, M|\n|poke|p1|Escavalier, M|\n|poke|p1|Accelgor, M|\n|poke|p1|Reuniclus, F|\n|poke|p1|Gothitelle, F|\n|poke|p2|Banette, M|\n|poke|p2|Celebi|\n|poke|p2|Whimsicott, M|\n|poke|p2|Lopunny, F|\n|poke|p2|Zygarde|\n|poke|p2|Necrozma|\n|teampreview\n|inactive|Battle timer is ON: inactive players will automatically lose when time's up. (requested by hobinrobin)\n|\n|t:|1700952748\n|start\n|switch|p1a: Escavalier|Escavalier, M|100\/100\n|switch|p2a: #25|Banette, M|100\/100\n|-item|p1a: Escavalier|Assault Vest|[from] ability: Frisk|[of] p2a: #25|[identify]\n|turn|1\n|\n|t:|1700952763\n|move|p2a: #25|Will-O-Wisp|p1a: Escavalier\n|-status|p1a: Escavalier|brn\n|move|p1a: Escavalier|Iron Head|p2a: #25\n|-damage|p2a: #25|67\/100\n|\n|-damage|p1a: Escavalier|94\/100 brn|[from] brn\n|upkeep\n|turn|2\n|\n|t:|1700952791\n|switch|p2a: #28|Lopunny, F|100\/100\n|move|p1a: Escavalier|Iron Head|p2a: #28\n|-damage|p2a: #28|68\/100\n|\n|-damage|p1a: Escavalier|88\/100 brn|[from] brn\n|upkeep\n|turn|3\n|\n|t:|1700952796\n|detailschange|p2a: #28|Lopunny-Mega, F\n|-mega|p2a: #28|Lopunny|Lopunnite\n|move|p2a: #28|Power-Up Punch|p1a: Escavalier\n|-damage|p1a: Escavalier|65\/100 brn\n|-boost|p2a: #28|atk|1\n|move|p1a: Escavalier|Iron Head|p2a: #28\n|-damage|p2a: #28|39\/100\n|\n|-damage|p1a: Escavalier|59\/100 brn|[from] brn\n|upkeep\n|turn|4\n|\n|t:|1700952800\n|move|p2a: #28|High Jump Kick|p1a: Escavalier\n|-damage|p1a: Escavalier|0 fnt\n|faint|p1a: Escavalier\n|\n|upkeep\n|\n|t:|1700952805\n|switch|p1a: Accelgor|Accelgor, M|100\/100\n|turn|5\n|\n|t:|1700952811\n|move|p1a: Accelgor|Water Shuriken|p2a: #28\n|-damage|p2a: #28|33\/100\n|-damage|p2a: #28|26\/100\n|-crit|p2a: #28\n|-damage|p2a: #28|16\/100\n|-hitcount|p2a: #28|3\n|move|p2a: #28|Return|p1a: Accelgor\n|-damage|p1a: Accelgor|0 fnt\n|faint|p1a: Accelgor\n|\n|upkeep\n|\n|t:|1700952822\n|switch|p1a: Throh|Throh, M|100\/100\n|turn|6\n|\n|t:|1700952831\n|move|p2a: #28|High Jump Kick|p1a: Throh\n|-damage|p1a: Throh|7\/100\n|move|p1a: Throh|Storm Throw|p2a: #28\n|-supereffective|p2a: #28\n|-crit|p2a: #28\n|-damage|p2a: #28|0 fnt\n|faint|p2a: #28\n|\n|-heal|p1a: Throh|13\/100|[from] item: Leftovers\n|upkeep\n|\n|t:|1700952838\n|switch|p2a: #29|Zygarde|100\/100\n|turn|7\n|\n|t:|1700952846\n|move|p2a: #29|Extreme Speed|p1a: Throh\n|-damage|p1a: Throh|0 fnt\n|faint|p1a: Throh\n|-damage|p2a: #29|91\/100|[from] item: Life Orb\n|\n|upkeep\n|\n|t:|1700952850\n|switch|p1a: Gothitelle|Gothitelle, F|100\/100\n|turn|8\n|\n|t:|1700952855\n|move|p2a: #29|Coil|p2a: #29\n|-boost|p2a: #29|atk|1\n|-boost|p2a: #29|def|1\n|-boost|p2a: #29|accuracy|1\n|move|p1a: Gothitelle|Signal Beam|p2a: #29\n|-damage|p2a: #29|74\/100\n|-start|p2a: #29|confusion\n|\n|upkeep\n|turn|9\n|\n|t:|1700952863\n|-activate|p2a: #29|confusion\n|move|p2a: #29|Thousand Arrows|p1a: Gothitelle\n|-damage|p1a: Gothitelle|34\/100\n|-damage|p2a: #29|65\/100|[from] item: Life Orb\n|move|p1a: Gothitelle|Cosmic Power|p1a: Gothitelle\n|-boost|p1a: Gothitelle|def|1\n|-boost|p1a: Gothitelle|spd|1\n|\n|-heal|p1a: Gothitelle|40\/100|[from] item: Leftovers\n|upkeep\n|turn|10\n|\n|t:|1700952869\n|-end|p2a: #29|confusion\n|move|p2a: #29|Thousand Arrows|p1a: Gothitelle\n|-damage|p1a: Gothitelle|0 fnt\n|faint|p1a: Gothitelle\n|-damage|p2a: #29|55\/100|[from] item: Life Orb\n|\n|upkeep\n|\n|t:|1700952875\n|switch|p1a: Sawk|Sawk, M|100\/100\n|turn|11\n|\n|t:|1700952897\n|move|p2a: #29|Coil|p2a: #29\n|-boost|p2a: #29|atk|1\n|-boost|p2a: #29|def|1\n|-boost|p2a: #29|accuracy|1\n|move|p1a: Sawk|Knock Off|p2a: #29\n|-damage|p2a: #29|40\/100\n|-enditem|p2a: #29|Life Orb|[from] move: Knock Off|[of] p1a: Sawk\n|\n|-activate|p2a: #29|ability: Power Construct\n|detailschange|p2a: #29|Zygarde-Complete\n|-heal|p2a: #29|63\/100|[silent]\n|upkeep\n|turn|12\n|\n|t:|1700952913\n|move|p2a: #29|Thousand Arrows|p1a: Sawk\n|-ability|p1a: Sawk|Sturdy\n|-damage|p1a: Sawk|1\/100\n|-enditem|p1a: Sawk|Salac Berry|[eat]\n|-boost|p1a: Sawk|spe|1|[from] item: Salac Berry\n|move|p1a: Sawk|Reversal|p2a: #29\n|-damage|p2a: #29|34\/100\n|\n|upkeep\n|turn|13\n|\n|t:|1700952922\n|move|p2a: #29|Extreme Speed|p1a: Sawk\n|-damage|p1a: Sawk|0 fnt\n|faint|p1a: Sawk\n|\n|upkeep\n|\n|t:|1700952924\n|switch|p1a: Reuniclus|Reuniclus, F|100\/100\n|turn|14\n|\n|t:|1700952942\n|move|p2a: #29|Thousand Arrows|p1a: Reuniclus\n|-damage|p1a: Reuniclus|23\/100\n|move|p1a: Reuniclus|Trick Room|p1a: Reuniclus\n|-fieldstart|move: Trick Room|[of] p1a: Reuniclus\n|\n|upkeep\n|turn|15\n|\n|t:|1700952959\n|move|p2a: #29|Extreme Speed|p1a: Reuniclus\n|-damage|p1a: Reuniclus|0 fnt\n|faint|p1a: Reuniclus\n|\n|win|hobinrobin\n|raw|Hjull's rating: 1098 &rarr; <strong>1073<\/strong><br \/>(-25 for losing)\n|raw|hobinrobin's rating: 1097 &rarr; <strong>1123<\/strong><br \/>(+26 for winning)\n|l|\u2606Hjull\n","uploadtime":1700952967,"views":2,"p1id":"hjull","p2id":"hobinrobin","formatid":"gen9nationaldexubers","rating":1073,"private":0,"password":""}