{"id":"gen9nationaldexubers-1983743124","p1":"zhensei","p2":"wild_danger","format":"[Gen 9] National Dex Ubers","log":"|j|\u2606zhensei\n|j|\u2606wild_danger\n|t:|1699171743\n|gametype|singles\n|player|p1|zhensei|cynthia-gen7|\n|player|p2|wild_danger|linebacker|\n|teamsize|p1|6\n|teamsize|p2|6\n|gen|9\n|tier|[Gen 9] National Dex Ubers\n|rule|HP Percentage Mod: HP is shown in percentages\n|rule|Endless Battle Clause: Forcing endless battles is banned\n|rule|OHKO Clause: OHKO moves are banned\n|rule|Evasion Moves Clause: Evasion moves are banned\n|rule|Evasion Items Clause: Evasion items are banned\n|rule|Species Clause: Limit one of each Pok\u00e9mon\n|rule|Sleep Clause Mod: Limit one foe put to sleep\n|rule|Mega Rayquaza Clause: You cannot mega evolve Rayquaza\n|clearpoke\n|poke|p1|Mienshao, M|\n|poke|p1|Skarmory, F|\n|poke|p1|Heatran, F|\n|poke|p1|Gastrodon, M|\n|poke|p1|Hatterene, F|\n|poke|p1|Greninja-*, M|\n|poke|p2|Charizard, M|\n|poke|p2|Sneasler, F|\n|poke|p2|Rillaboom, M|\n|poke|p2|Greninja-*, M|\n|poke|p2|Clefable, M|\n|poke|p2|Kingambit, F|\n|teampreview\n|\n|t:|1699171754\n|start\n|switch|p1a: Mienshao|Mienshao, M|100\/100\n|switch|p2a: Charizard|Charizard, M|100\/100\n|turn|1\n|\n|t:|1699171761\n|detailschange|p2a: Charizard|Charizard-Mega-Y, M\n|-mega|p2a: Charizard|Charizard|Charizardite Y\n|-weather|SunnyDay|[from] ability: Drought|[of] p2a: Charizard\n|move|p1a: Mienshao|Fake Out|p2a: Charizard\n|-damage|p2a: Charizard|76\/100\n|-damage|p1a: Mienshao|91\/100|[from] item: Life Orb\n|cant|p2a: Charizard|flinch\n|\n|-weather|SunnyDay|[upkeep]\n|upkeep\n|turn|2\n|\n|t:|1699171777\n|move|p1a: Mienshao|U-turn|p2a: Charizard\n|-resisted|p2a: Charizard\n|-damage|p2a: Charizard|66\/100\n|-damage|p1a: Mienshao|81\/100|[from] item: Life Orb\n|c|\u2606wild_danger|oh wait i forgot to change my team around\n|\n|t:|1699171790\n|switch|p1a: Gastrodon|Gastrodon, M|100\/100|[from] U-turn\n|move|p2a: Charizard|Flamethrower|p1a: Gastrodon\n|-resisted|p1a: Gastrodon\n|-damage|p1a: Gastrodon|75\/100\n|\n|-weather|SunnyDay|[upkeep]\n|-heal|p1a: Gastrodon|81\/100|[from] item: Leftovers\n|upkeep\n|turn|3\n|c|\u2606wild_danger|what u gonna chose :D\n|\n|t:|1699171803\n|switch|p1a: Mienshao|Mienshao, M|100\/100\n|move|p2a: Charizard|Scorching Sands|p1a: Mienshao\n|-damage|p1a: Mienshao|39\/100\n|\n|-weather|SunnyDay|[upkeep]\n|upkeep\n|turn|4\n|\n|t:|1699171811\n|move|p1a: Mienshao|Fake Out|p2a: Charizard\n|-damage|p2a: Charizard|40\/100\n|-damage|p1a: Mienshao|29\/100|[from] item: Life Orb\n|cant|p2a: Charizard|flinch\n|\n|-weather|SunnyDay|[upkeep]\n|upkeep\n|turn|5\n|\n|t:|1699171814\n|move|p1a: Mienshao|Close Combat|p2a: Charizard\n|-resisted|p2a: Charizard\n|-damage|p2a: Charizard|0 fnt\n|-unboost|p1a: Mienshao|def|1\n|-unboost|p1a: Mienshao|spd|1\n|faint|p2a: Charizard\n|-damage|p1a: Mienshao|19\/100|[from] item: Life Orb\n|\n|-weather|none\n|upkeep\n|c|\u2606zhensei|there ya go\n|\n|t:|1699171820\n|switch|p2a: Greninja|Greninja, M|100\/100\n|turn|6\n|\n|t:|1699171828\n|switch|p1a: Gastrodon|Gastrodon, M|81\/100\n|move|p2a: Greninja|Grass Knot|p1a: Gastrodon\n|-start|p2a: Greninja|typechange|Grass|[from] ability: Protean\n|-supereffective|p1a: Gastrodon\n|-damage|p1a: Gastrodon|10\/100\n|\n|-heal|p1a: Gastrodon|16\/100|[from] item: Leftovers\n|upkeep\n|turn|7\n|\n|t:|1699171840\n|switch|p2a: Sneasler|Sneasler, F|100\/100\n|move|p1a: Gastrodon|Recover|p1a: Gastrodon\n|-heal|p1a: Gastrodon|66\/100\n|\n|-heal|p1a: Gastrodon|73\/100|[from] item: Leftovers\n|upkeep\n|turn|8\n|\n|t:|1699171849\n|switch|p2a: Rillaboom|Rillaboom, M|100\/100\n|-fieldstart|move: Grassy Terrain|[from] ability: Grassy Surge|[of] p2a: Rillaboom\n|switch|p1a: Skarmory|Skarmory, F|100\/100\n|\n|upkeep\n|turn|9\n|\n|t:|1699171858\n|switch|p2a: Kingambit|Kingambit, F|100\/100\n|-activate|p2a: Kingambit|ability: Supreme Overlord\n|-start|p2a: Kingambit|fallen1|[silent]\n|move|p1a: Skarmory|Toxic|p2a: Kingambit\n|-immune|p2a: Kingambit\n|\n|upkeep\n|turn|10\n|\n|t:|1699171865\n|switch|p1a: Mienshao|Mienshao, M|53\/100\n|move|p2a: Kingambit|Swords Dance|p2a: Kingambit\n|-boost|p2a: Kingambit|atk|2\n|\n|-heal|p1a: Mienshao|59\/100|[from] Grassy Terrain\n|upkeep\n|turn|11\n|\n|t:|1699171872\n|switch|p1a: Gastrodon|Gastrodon, M|73\/100\n|move|p2a: Kingambit|Sucker Punch||[still]\n|-fail|p2a: Kingambit\n|\n|-heal|p1a: Gastrodon|79\/100|[from] Grassy Terrain\n|-heal|p1a: Gastrodon|85\/100|[from] item: Leftovers\n|upkeep\n|turn|12\n|\n|t:|1699171879\n|move|p2a: Kingambit|Knock Off|p1a: Gastrodon\n|-damage|p1a: Gastrodon|0 fnt\n|-enditem|p1a: Gastrodon|Leftovers|[from] move: Knock Off|[of] p2a: Kingambit\n|faint|p1a: Gastrodon\n|\n|-fieldend|move: Grassy Terrain\n|upkeep\n|\n|t:|1699171881\n|switch|p1a: Skarmory|Skarmory, F|100\/100\n|turn|13\n|\n|t:|1699171885\n|move|p2a: Kingambit|Swords Dance|p2a: Kingambit\n|-boost|p2a: Kingambit|atk|2\n|move|p1a: Skarmory|Counter||[still]\n|-fail|p1a: Skarmory\n|\n|upkeep\n|turn|14\n|\n|t:|1699171889\n|move|p2a: Kingambit|Swords Dance|p2a: Kingambit\n|-boost|p2a: Kingambit|atk|2\n|move|p1a: Skarmory|Counter||[still]\n|-fail|p1a: Skarmory\n|\n|upkeep\n|turn|15\n|\n|t:|1699171893\n|move|p2a: Kingambit|Knock Off|p1a: Skarmory\n|-ability|p1a: Skarmory|Sturdy\n|-damage|p1a: Skarmory|1\/100\n|-damage|p2a: Kingambit|84\/100|[from] item: Rocky Helmet|[of] p1a: Skarmory\n|-enditem|p1a: Skarmory|Rocky Helmet|[from] move: Knock Off|[of] p2a: Kingambit\n|move|p1a: Skarmory|Counter|p2a: Kingambit\n|-damage|p2a: Kingambit|0 fnt\n|faint|p2a: Kingambit\n|-end|p2a: Kingambit|fallen1|[silent]\n|\n|upkeep\n|\n|t:|1699171898\n|switch|p2a: Rillaboom|Rillaboom, M|100\/100\n|-fieldstart|move: Grassy Terrain|[from] ability: Grassy Surge|[of] p2a: Rillaboom\n|turn|16\n|\n|t:|1699171914\n|switch|p1a: Heatran|Heatran, F|100\/100\n|move|p2a: Rillaboom|Knock Off|p1a: Heatran\n|-damage|p1a: Heatran|60\/100\n|-enditem|p1a: Heatran|Leftovers|[from] move: Knock Off|[of] p2a: Rillaboom\n|-damage|p2a: Rillaboom|91\/100|[from] item: Life Orb\n|\n|-heal|p2a: Rillaboom|97\/100|[from] Grassy Terrain\n|-heal|p1a: Heatran|66\/100|[from] Grassy Terrain\n|upkeep\n|turn|17\n|\n|t:|1699171921\n|move|p2a: Rillaboom|Drain Punch|p1a: Heatran\n|-supereffective|p1a: Heatran\n|-crit|p1a: Heatran\n|-damage|p1a: Heatran|0 fnt\n|-heal|p2a: Rillaboom|100\/100|[from] drain|[of] p1a: Heatran\n|faint|p1a: Heatran\n|-damage|p2a: Rillaboom|91\/100|[from] item: Life Orb\n|\n|-heal|p2a: Rillaboom|97\/100|[from] Grassy Terrain\n|upkeep\n|\n|t:|1699171926\n|switch|p1a: Hatterene|Hatterene, F|100\/100\n|turn|18\n|c|\u2606zhensei|the crit\n|c|\u2606zhensei|is annoying\n|\n|t:|1699171932\n|move|p2a: Rillaboom|Knock Off|p1a: Hatterene\n|-damage|p1a: Hatterene|65\/100\n|-enditem|p1a: Hatterene|Leftovers|[from] move: Knock Off|[of] p2a: Rillaboom\n|-damage|p2a: Rillaboom|87\/100|[from] item: Life Orb\n|move|p1a: Hatterene|Substitute|p1a: Hatterene\n|-start|p1a: Hatterene|Substitute\n|-damage|p1a: Hatterene|40\/100\n|\n|-heal|p2a: Rillaboom|93\/100|[from] Grassy Terrain\n|-heal|p1a: Hatterene|46\/100|[from] Grassy Terrain\n|upkeep\n|turn|19\n|\n|t:|1699171939\n|move|p2a: Rillaboom|Grassy Glide|p1a: Hatterene\n|-end|p1a: Hatterene|Substitute\n|-damage|p2a: Rillaboom|83\/100|[from] item: Life Orb\n|move|p1a: Hatterene|Mystical Fire|p2a: Rillaboom\n|-supereffective|p2a: Rillaboom\n|-damage|p2a: Rillaboom|27\/100\n|-unboost|p2a: Rillaboom|spa|1\n|\n|-heal|p2a: Rillaboom|33\/100|[from] Grassy Terrain\n|-heal|p1a: Hatterene|52\/100|[from] Grassy Terrain\n|upkeep\n|turn|20\n|\n|t:|1699171944\n|switch|p2a: Sneasler|Sneasler, F|100\/100\n|-enditem|p2a: Sneasler|Grassy Seed\n|-boost|p2a: Sneasler|def|1|[from] item: Grassy Seed\n|move|p1a: Hatterene|Mystical Fire|p2a: Sneasler\n|-damage|p2a: Sneasler|67\/100\n|-unboost|p2a: Sneasler|spa|1\n|\n|-heal|p2a: Sneasler|73\/100|[from] Grassy Terrain\n|-heal|p1a: Hatterene|58\/100|[from] Grassy Terrain\n|-fieldend|move: Grassy Terrain\n|upkeep\n|turn|21\n|\n|t:|1699171958\n|move|p2a: Sneasler|Dire Claw|p1a: Hatterene\n|-supereffective|p1a: Hatterene\n|-damage|p1a: Hatterene|0 fnt\n|faint|p1a: Hatterene\n|\n|upkeep\n|\n|t:|1699171970\n|switch|p1a: Greninja|Greninja, M|100\/100\n|turn|22\n|\n|t:|1699171980\n|move|p2a: Sneasler|Close Combat|p1a: Greninja\n|-supereffective|p1a: Greninja\n|-damage|p1a: Greninja|0 fnt\n|-unboost|p2a: Sneasler|def|1\n|-unboost|p2a: Sneasler|spd|1\n|faint|p1a: Greninja\n|\n|upkeep\n|\n|t:|1699171983\n|switch|p1a: Mienshao|Mienshao, M|92\/100\n|turn|23\n|\n|t:|1699171989\n|move|p1a: Mienshao|Fake Out|p2a: Sneasler\n|-damage|p2a: Sneasler|43\/100\n|-damage|p1a: Mienshao|82\/100|[from] item: Life Orb\n|cant|p2a: Sneasler|flinch\n|\n|upkeep\n|turn|24\n|\n|t:|1699171993\n|switch|p1a: Skarmory|Skarmory, F|1\/100\n|move|p2a: Sneasler|Acrobatics|p1a: Skarmory\n|-resisted|p1a: Skarmory\n|-damage|p1a: Skarmory|0 fnt\n|faint|p1a: Skarmory\n|\n|upkeep\n|\n|t:|1699171997\n|switch|p1a: Mienshao|Mienshao, M|100\/100\n|turn|25\n|\n|t:|1699171999\n|move|p1a: Mienshao|Fake Out|p2a: Sneasler\n|-damage|p2a: Sneasler|14\/100\n|-damage|p1a: Mienshao|91\/100|[from] item: Life Orb\n|cant|p2a: Sneasler|flinch\n|\n|upkeep\n|turn|26\n|\n|t:|1699172002\n|move|p2a: Sneasler|Acrobatics|p1a: Mienshao\n|-supereffective|p1a: Mienshao\n|-damage|p1a: Mienshao|0 fnt\n|faint|p1a: Mienshao\n|\n|win|wild_danger\n|c|\u2606wild_danger|holy\n|c|\u2606zhensei|u\n|c|\u2606wild_danger|shit\n|c|\u2606zhensei|knew what to do\n|c|\u2606zhensei|good job\n|c|\u2606wild_danger|i\n|c|\u2606wild_danger|did\n|c|\u2606wild_danger|it\n","uploadtime":1699172017,"views":10,"p1id":"zhensei","p2id":"wilddanger","formatid":"gen9nationaldexubers","rating":0,"private":0,"password":""}