{"id":"gen9nationaldexubers-1995364290","p1":"kalianoo","p2":"Rhyfinn1.1.1","format":"[Gen 9] National Dex Ubers","log":"|j|\u2606kalianoo\n|j|\u2606Rhyfinn1.1.1\n|t:|1700560359\n|gametype|singles\n|player|p1|kalianoo|102|1061\n|player|p2|Rhyfinn1.1.1|ninjaboy|1181\n|teamsize|p1|6\n|teamsize|p2|6\n|gen|9\n|tier|[Gen 9] National Dex Ubers\n|rated|\n|rule|HP Percentage Mod: HP is shown in percentages\n|rule|Endless Battle Clause: Forcing endless battles is banned\n|rule|OHKO Clause: OHKO moves are banned\n|rule|Evasion Moves Clause: Evasion moves are banned\n|rule|Evasion Items Clause: Evasion items are banned\n|rule|Species Clause: Limit one of each Pok\u00e9mon\n|rule|Sleep Clause Mod: Limit one foe put to sleep\n|rule|Mega Rayquaza Clause: You cannot mega evolve Rayquaza\n|clearpoke\n|poke|p1|Mawile, M|\n|poke|p1|Mimikyu, F|\n|poke|p1|Grimmsnarl, M|\n|poke|p1|Azumarill, M|\n|poke|p1|Flutter Mane|\n|poke|p1|Togekiss, M|\n|poke|p2|Xerneas-*|\n|poke|p2|Marshadow|\n|poke|p2|Groudon|\n|poke|p2|Deoxys-Speed|\n|poke|p2|Necrozma-Dusk-Mane|\n|poke|p2|Pheromosa|\n|teampreview\n|inactive|Battle timer is ON: inactive players will automatically lose when time's up. (requested by Rhyfinn1.1.1)\n|\n|t:|1700560366\n|start\n|switch|p1a: Mawile|Mawile, M|100\/100\n|switch|p2a: Deoxys|Deoxys-Speed, shiny|100\/100\n|-ability|p2a: Deoxys|Pressure\n|turn|1\n|\n|t:|1700560371\n|detailschange|p1a: Mawile|Mawile-Mega, M\n|-mega|p1a: Mawile|Mawile|Mawilite\n|move|p2a: Deoxys|Stealth Rock|p1a: Mawile\n|-sidestart|p1: kalianoo|move: Stealth Rock\n|move|p1a: Mawile|Swords Dance|p1a: Mawile\n|-boost|p1a: Mawile|atk|2\n|\n|upkeep\n|turn|2\n|\n|t:|1700560376\n|move|p1a: Mawile|Sucker Punch||[still]\n|-fail|p1a: Mawile\n|move|p2a: Deoxys|Spikes|p1a: Mawile\n|-sidestart|p1: kalianoo|Spikes\n|\n|upkeep\n|turn|3\n|\n|t:|1700560380\n|move|p2a: Deoxys|Taunt|p1a: Mawile\n|-start|p1a: Mawile|move: Taunt\n|move|p1a: Mawile|Iron Head|p2a: Deoxys\n|-enditem|p2a: Deoxys|Focus Sash\n|-damage|p2a: Deoxys|1\/100\n|\n|upkeep\n|turn|4\n|\n|t:|1700560387\n|move|p2a: Deoxys|Spikes|p1a: Mawile\n|-sidestart|p1: kalianoo|Spikes\n|move|p1a: Mawile|Iron Head|p2a: Deoxys\n|-damage|p2a: Deoxys|0 fnt\n|faint|p2a: Deoxys\n|\n|upkeep\n|\n|t:|1700560398\n|switch|p2a: Groudon|Groudon, shiny|100\/100\n|detailschange|p2a: Groudon|Groudon-Primal, shiny\n|-primal|p2a: Groudon|Red Orb\n|-weather|DesolateLand|[from] ability: Desolate Land|[of] p2a: Groudon\n|turn|5\n|\n|t:|1700560402\n|move|p1a: Mawile|Sucker Punch||[still]\n|-fail|p1a: Mawile\n|move|p2a: Groudon|Rock Polish|p2a: Groudon\n|-boost|p2a: Groudon|spe|2\n|\n|-weather|DesolateLand|[upkeep]\n|-end|p1a: Mawile|move: Taunt\n|upkeep\n|turn|6\n|\n|t:|1700560406\n|move|p1a: Mawile|Sucker Punch|p2a: Groudon\n|-damage|p2a: Groudon|44\/100\n|move|p2a: Groudon|Flamethrower|p1a: Mawile\n|-supereffective|p1a: Mawile\n|-damage|p1a: Mawile|0 fnt\n|faint|p1a: Mawile\n|\n|-weather|DesolateLand|[upkeep]\n|upkeep\n|\n|t:|1700560413\n|switch|p1a: Mimikyu|Mimikyu, F|100\/100\n|-damage|p1a: Mimikyu|88\/100|[from] Stealth Rock\n|-damage|p1a: Mimikyu|72\/100|[from] Spikes\n|turn|7\n|\n|t:|1700560420\n|move|p2a: Groudon|Flamethrower|p1a: Mimikyu\n|-activate|p1a: Mimikyu|ability: Disguise\n|-damage|p1a: Mimikyu|72\/100\n|-status|p1a: Mimikyu|brn\n|detailschange|p1a: Mimikyu|Mimikyu-Busted, F\n|-damage|p1a: Mimikyu|59\/100 brn|[from] pokemon: Mimikyu-Busted\n|move|p1a: Mimikyu|Drain Punch|p2a: Groudon\n|-damage|p2a: Groudon|36\/100\n|-heal|p1a: Mimikyu|65\/100 brn|[from] drain|[of] p2a: Groudon\n|-damage|p1a: Mimikyu|55\/100 brn|[from] item: Life Orb\n|\n|-weather|DesolateLand|[upkeep]\n|-damage|p1a: Mimikyu|50\/100 brn|[from] brn\n|upkeep\n|turn|8\n|\n|t:|1700560427\n|move|p1a: Mimikyu|Shadow Sneak|p2a: Groudon\n|-damage|p2a: Groudon|29\/100\n|-damage|p1a: Mimikyu|40\/100 brn|[from] item: Life Orb\n|move|p2a: Groudon|Flamethrower|p1a: Mimikyu\n|-damage|p1a: Mimikyu|0 fnt\n|faint|p1a: Mimikyu\n|\n|-weather|DesolateLand|[upkeep]\n|upkeep\n|\n|t:|1700560432\n|switch|p1a: Grimmsnarl|Grimmsnarl, M|100\/100\n|-damage|p1a: Grimmsnarl|88\/100|[from] Stealth Rock\n|-damage|p1a: Grimmsnarl|72\/100|[from] Spikes\n|turn|9\n|\n|t:|1700560437\n|move|p1a: Grimmsnarl|Light Screen|p1a: Grimmsnarl\n|-sidestart|p1: kalianoo|move: Light Screen\n|move|p2a: Groudon|Flamethrower|p1a: Grimmsnarl\n|-damage|p1a: Grimmsnarl|39\/100\n|-status|p1a: Grimmsnarl|brn\n|\n|-weather|DesolateLand|[upkeep]\n|-damage|p1a: Grimmsnarl|32\/100 brn|[from] brn\n|upkeep\n|turn|10\n|\n|t:|1700560442\n|move|p2a: Groudon|Flamethrower|p1a: Grimmsnarl\n|-damage|p1a: Grimmsnarl|2\/100 brn\n|move|p1a: Grimmsnarl|Foul Play|p2a: Groudon\n|-damage|p2a: Groudon|15\/100\n|\n|-weather|DesolateLand|[upkeep]\n|-damage|p1a: Grimmsnarl|0 fnt|[from] brn\n|faint|p1a: Grimmsnarl\n|upkeep\n|\n|t:|1700560449\n|switch|p1a: Togekiss|Togekiss, M|100\/100\n|turn|11\n|\n|t:|1700560455\n|-weather|none\n|switch|p2a: Necrozma|Necrozma-Dusk-Mane, shiny|100\/100\n|move|p1a: Togekiss|Defog|p2a: Necrozma\n|-unboost|p2a: Necrozma|evasion|1\n|-sideend|p1: kalianoo|Spikes|[from] move: Defog|[of] p1a: Togekiss\n|-sideend|p1: kalianoo|Stealth Rock|[from] move: Defog|[of] p1a: Togekiss\n|\n|upkeep\n|turn|12\n|\n|t:|1700560462\n|move|p1a: Togekiss|Aura Sphere|p2a: Necrozma\n|-damage|p2a: Necrozma|75\/100\n|move|p2a: Necrozma|Dragon Dance|p2a: Necrozma\n|-boost|p2a: Necrozma|atk|1\n|-boost|p2a: Necrozma|spe|1\n|\n|upkeep\n|turn|13\n|\n|t:|1700560468\n|move|p2a: Necrozma|Sunsteel Strike|p1a: Togekiss\n|-supereffective|p1a: Togekiss\n|-crit|p1a: Togekiss\n|-damage|p1a: Togekiss|0 fnt\n|faint|p1a: Togekiss\n|\n|upkeep\n|\n|t:|1700560477\n|switch|p1a: Azumarill|Azumarill, M|100\/100\n|turn|14\n|\n|t:|1700560485\n|detailschange|p2a: Necrozma|Necrozma-Ultra, shiny\n|-burst|p2a: Necrozma|Necrozma|Ultranecrozium Z\n|move|p2a: Necrozma|Photon Geyser|p1a: Azumarill\n|-damage|p1a: Azumarill|0 fnt\n|faint|p1a: Azumarill\n|\n|upkeep\n|\n|t:|1700560500\n|switch|p1a: Flutter Mane|Flutter Mane|100\/100\n|turn|15\n|\n|t:|1700560513\n|-zpower|p2a: Necrozma\n|move|p2a: Necrozma|Light That Burns the Sky|p1a: Flutter Mane|[zeffect]\n|-damage|p1a: Flutter Mane|0 fnt\n|faint|p1a: Flutter Mane\n|-end|p1a: Flutter Mane|Protosynthesis|[silent]\n|\n|win|Rhyfinn1.1.1\n|raw|kalianoo's rating: 1061 &rarr; <strong>1048<\/strong><br \/>(-13 for losing)\n|raw|Rhyfinn1.1.1's rating: 1181 &rarr; <strong>1198<\/strong><br \/>(+17 for winning)\n|l|\u2606kalianoo\n","uploadtime":1700560517,"views":0,"p1id":"kalianoo","p2id":"rhyfinn111","formatid":"gen9nationaldexubers","rating":1048,"private":0,"password":""}