{"id":"gen9nationaldexubers-1995642391","p1":"LTitan9","p2":"JustMonika_CARR","format":"[Gen 9] National Dex Ubers","log":"|j|\u2606LTitan9\n|j|\u2606JustMonika_CARR\n|t:|1700590093\n|gametype|singles\n|player|p1|LTitan9|acetrainer|1497\n|player|p2|JustMonika_CARR|rosa|1351\n|teamsize|p1|6\n|teamsize|p2|6\n|gen|9\n|tier|[Gen 9] National Dex Ubers\n|rated|\n|rule|HP Percentage Mod: HP is shown in percentages\n|rule|Endless Battle Clause: Forcing endless battles is banned\n|rule|OHKO Clause: OHKO moves are banned\n|rule|Evasion Moves Clause: Evasion moves are banned\n|rule|Evasion Items Clause: Evasion items are banned\n|rule|Species Clause: Limit one of each Pok\u00e9mon\n|rule|Sleep Clause Mod: Limit one foe put to sleep\n|rule|Mega Rayquaza Clause: You cannot mega evolve Rayquaza\n|clearpoke\n|poke|p1|Necrozma-Dusk-Mane|\n|poke|p1|Arceus|\n|poke|p1|Ho-Oh|\n|poke|p1|Yveltal|\n|poke|p1|Mewtwo|\n|poke|p1|Groudon|\n|poke|p2|Shuckle, M|\n|poke|p2|Deoxys-Speed|\n|poke|p2|Arceus|\n|poke|p2|Forretress, M|\n|poke|p2|Magearna|\n|poke|p2|Pyukumuku, M|\n|teampreview\n|c|\u2606JustMonika_CARR|Glhf\n|\n|t:|1700590105\n|start\n|switch|p1a: Groudon|Groudon|100\/100\n|switch|p2a: Forretress|Forretress, M, shiny|100\/100\n|detailschange|p1a: Groudon|Groudon-Primal\n|-primal|p1a: Groudon|Red Orb\n|-weather|DesolateLand|[from] ability: Desolate Land|[of] p1a: Groudon\n|turn|1\n|inactive|Battle timer is ON: inactive players will automatically lose when time's up. (requested by LTitan9)\n|\n|t:|1700590122\n|-terastallize|p2a: Forretress|Dragon\n|move|p1a: Groudon|Heat Crash|p2a: Forretress\n|-resisted|p2a: Forretress\n|-crit|p2a: Forretress\n|-damage|p2a: Forretress|35\/100\n|-enditem|p2a: Forretress|Red Card|[of] p1a: Groudon\n|-weather|none\n|drag|p1a: Yveltal|Yveltal|100\/100\n|-ability|p1a: Yveltal|Dark Aura\n|move|p2a: Forretress|Toxic Spikes|p1a: Yveltal\n|-sidestart|p1: LTitan9|move: Toxic Spikes\n|\n|upkeep\n|turn|2\n|\n|t:|1700590145\n|move|p1a: Yveltal|Dark Pulse|p2a: Forretress\n|-damage|p2a: Forretress|0 fnt\n|faint|p2a: Forretress\n|-damage|p1a: Yveltal|91\/100|[from] item: Life Orb\n|\n|upkeep\n|\n|t:|1700590151\n|switch|p2a: Deoxys|Deoxys-Speed, shiny|100\/100\n|-ability|p2a: Deoxys|Pressure\n|turn|3\n|\n|t:|1700590155\n|move|p2a: Deoxys|Light Screen|p2a: Deoxys\n|-sidestart|p2: JustMonika_CARR|move: Light Screen\n|move|p1a: Yveltal|Taunt|p2a: Deoxys\n|-start|p2a: Deoxys|move: Taunt\n|\n|upkeep\n|turn|4\n|\n|t:|1700590161\n|switch|p2a: Arceus|Arceus|100\/100\n|move|p1a: Yveltal|Dark Pulse|p2a: Arceus\n|-damage|p2a: Arceus|80\/100\n|-damage|p1a: Yveltal|81\/100|[from] item: Life Orb\n|\n|upkeep\n|turn|5\n|\n|t:|1700590170\n|switch|p1a: Ho-Oh|Ho-Oh|100\/100\n|move|p2a: Arceus|Cosmic Power|p2a: Arceus\n|-boost|p2a: Arceus|def|1\n|-boost|p2a: Arceus|spd|1\n|\n|upkeep\n|turn|6\n|\n|t:|1700590177\n|move|p2a: Arceus|Charge Beam|p1a: Ho-Oh\n|-supereffective|p1a: Ho-Oh\n|-damage|p1a: Ho-Oh|84\/100\n|move|p1a: Ho-Oh|Defog|p2a: Arceus\n|-unboost|p2a: Arceus|evasion|1\n|-sideend|p2: JustMonika_CARR|move: Light Screen\n|-sideend|p1: LTitan9|Toxic Spikes|[from] move: Defog|[of] p1a: Ho-Oh\n|\n|upkeep\n|turn|7\n|\n|t:|1700590185\n|move|p2a: Arceus|Charge Beam|p1a: Ho-Oh\n|-supereffective|p1a: Ho-Oh\n|-damage|p1a: Ho-Oh|67\/100\n|-boost|p2a: Arceus|spa|1\n|move|p1a: Ho-Oh|Sacred Fire|p2a: Arceus\n|-damage|p2a: Arceus|60\/100\n|\n|upkeep\n|turn|8\n|\n|t:|1700590192\n|move|p2a: Arceus|Cosmic Power|p2a: Arceus\n|-boost|p2a: Arceus|def|1\n|-boost|p2a: Arceus|spd|1\n|move|p1a: Ho-Oh|Sacred Fire|p2a: Arceus\n|-damage|p2a: Arceus|43\/100\n|\n|upkeep\n|turn|9\n|\n|t:|1700590194\n|move|p2a: Arceus|Cosmic Power|p2a: Arceus\n|-boost|p2a: Arceus|def|1\n|-boost|p2a: Arceus|spd|1\n|move|p1a: Ho-Oh|Sacred Fire|p2a: Arceus\n|-damage|p2a: Arceus|29\/100\n|\n|upkeep\n|turn|10\n|\n|t:|1700590209\n|switch|p1a: Groudon|Groudon-Primal|100\/100\n|-weather|DesolateLand|[from] ability: Desolate Land|[of] p1a: Groudon\n|move|p2a: Arceus|Rest|p2a: Arceus\n|-status|p2a: Arceus|slp|[from] move: Rest\n|-heal|p2a: Arceus|100\/100 slp|[silent]\n|-enditem|p2a: Arceus|Chesto Berry|[eat]\n|-curestatus|p2a: Arceus|slp|[msg]\n|\n|-weather|DesolateLand|[upkeep]\n|upkeep\n|turn|11\n|\n|t:|1700590216\n|move|p1a: Groudon|Stealth Rock|p2a: Arceus\n|-sidestart|p2: JustMonika_CARR|move: Stealth Rock\n|move|p2a: Arceus|Cosmic Power|p2a: Arceus\n|-boost|p2a: Arceus|def|1\n|-boost|p2a: Arceus|spd|1\n|\n|-weather|DesolateLand|[upkeep]\n|upkeep\n|turn|12\n|\n|t:|1700590220\n|move|p1a: Groudon|Swords Dance|p1a: Groudon\n|-boost|p1a: Groudon|atk|2\n|move|p2a: Arceus|Cosmic Power|p2a: Arceus\n|-boost|p2a: Arceus|def|1\n|-boost|p2a: Arceus|spd|1\n|\n|-weather|DesolateLand|[upkeep]\n|upkeep\n|turn|13\n|\n|t:|1700590227\n|move|p1a: Groudon|Swords Dance|p1a: Groudon\n|-boost|p1a: Groudon|atk|2\n|move|p2a: Arceus|Stored Power|p1a: Groudon\n|-damage|p1a: Groudon|0 fnt\n|faint|p1a: Groudon\n|-weather|none\n|\n|upkeep\n|-message|LTitan9 forfeited.\n|\n|win|JustMonika_CARR\n|raw|LTitan9's rating: 1497 &rarr; <strong>1469<\/strong><br \/>(-28 for losing)\n|raw|JustMonika_CARR's rating: 1351 &rarr; <strong>1379<\/strong><br \/>(+28 for winning)\n|l|\u2606LTitan9\n","uploadtime":1700590243,"views":3,"p1id":"ltitan9","p2id":"justmonikacarr","formatid":"gen9nationaldexubers","rating":1379,"private":0,"password":""}