{"id":"gen9nationaldexubers-1987001606","p1":"El!te 00f","p2":"lipe_poketrainer","format":"[Gen 9] National Dex Ubers","log":"|j|\u2606El!te 00f\n|j|\u2606lipe_poketrainer\n|t:|1699548049\n|gametype|singles\n|player|p1|El!te 00f|carmine-festival|1097\n|player|p2|lipe_poketrainer|hugh|1108\n|teamsize|p1|6\n|teamsize|p2|6\n|gen|9\n|tier|[Gen 9] National Dex Ubers\n|rated|\n|rule|HP Percentage Mod: HP is shown in percentages\n|rule|Endless Battle Clause: Forcing endless battles is banned\n|rule|OHKO Clause: OHKO moves are banned\n|rule|Evasion Moves Clause: Evasion moves are banned\n|rule|Evasion Items Clause: Evasion items are banned\n|rule|Species Clause: Limit one of each Pok\u00e9mon\n|rule|Sleep Clause Mod: Limit one foe put to sleep\n|rule|Mega Rayquaza Clause: You cannot mega evolve Rayquaza\n|clearpoke\n|poke|p1|Slowking-Galar, F|\n|poke|p1|Arctozolt|\n|poke|p1|Samurott-Hisui, F|\n|poke|p1|Gholdengo|\n|poke|p1|Dragonite, F|\n|poke|p1|Banette, M|\n|poke|p2|Zacian-*|\n|poke|p2|Latias, F|\n|poke|p2|Charizard, M|\n|poke|p2|Cinderace, M|\n|poke|p2|Cloyster, M|\n|poke|p2|Lugia|\n|teampreview\n|\n|t:|1699548056\n|start\n|switch|p1a: Spiker|Samurott-Hisui, F|100\/100\n|switch|p2a: Charizard|Charizard, M|100\/100\n|turn|1\n|\n|t:|1699548062\n|move|p2a: Charizard|Substitute|p2a: Charizard\n|-start|p2a: Charizard|Substitute\n|-damage|p2a: Charizard|75\/100\n|move|p1a: Spiker|Ceaseless Edge|p2a: Charizard\n|-end|p2a: Charizard|Substitute\n|-sidestart|p2: lipe_poketrainer|Spikes\n|\n|upkeep\n|turn|2\n|\n|t:|1699548068\n|move|p2a: Charizard|Substitute|p2a: Charizard\n|-start|p2a: Charizard|Substitute\n|-damage|p2a: Charizard|50\/100\n|move|p1a: Spiker|Ceaseless Edge|p2a: Charizard\n|-end|p2a: Charizard|Substitute\n|-sidestart|p2: lipe_poketrainer|Spikes\n|\n|upkeep\n|turn|3\n|\n|t:|1699548074\n|move|p2a: Charizard|Substitute|p2a: Charizard\n|-start|p2a: Charizard|Substitute\n|-damage|p2a: Charizard|25\/100\n|-enditem|p2a: Charizard|Salac Berry|[eat]\n|-boost|p2a: Charizard|spe|1|[from] item: Salac Berry\n|move|p1a: Spiker|Ceaseless Edge|p2a: Charizard\n|-end|p2a: Charizard|Substitute\n|-sidestart|p2: lipe_poketrainer|Spikes\n|\n|upkeep\n|turn|4\n|\n|t:|1699548082\n|move|p1a: Spiker|Aqua Jet|p2a: Charizard\n|-supereffective|p2a: Charizard\n|-damage|p2a: Charizard|0 fnt\n|faint|p2a: Charizard\n|\n|upkeep\n|\n|t:|1699548086\n|switch|p2a: Cinderace|Cinderace, M|100\/100\n|turn|5\n|\n|t:|1699548090\n|switch|p1a: The Anti-Spinner|Gholdengo|100\/100\n|move|p2a: Cinderace|Court Change|p2a: Cinderace\n|-start|p2a: Cinderace|typechange|Normal|[from] ability: Libero\n|-swapsideconditions\n|-activate|p2a: Cinderace|move: Court Change\n|\n|upkeep\n|turn|6\n|\n|t:|1699548125\n|-terastallize|p1a: The Anti-Spinner|Water\n|move|p1a: The Anti-Spinner|Make It Rain|p2a: Cinderace\n|-damage|p2a: Cinderace|8\/100\n|-unboost|p1a: The Anti-Spinner|spa|1\n|move|p2a: Cinderace|Swords Dance|p2a: Cinderace\n|-boost|p2a: Cinderace|atk|2\n|\n|upkeep\n|turn|7\n|\n|t:|1699548142\n|move|p1a: The Anti-Spinner|Make It Rain|p2a: Cinderace\n|-damage|p2a: Cinderace|0 fnt\n|-unboost|p1a: The Anti-Spinner|spa|1\n|faint|p2a: Cinderace\n|\n|upkeep\n|\n|t:|1699548146\n|switch|p2a: Cloyster|Cloyster, M, shiny|100\/100\n|turn|8\n|\n|t:|1699548157\n|switch|p1a: Curse+ 2 Attacks|Dragonite, F, shiny|100\/100\n|move|p2a: Cloyster|Shell Smash|p2a: Cloyster\n|-unboost|p2a: Cloyster|def|1\n|-unboost|p2a: Cloyster|spd|1\n|-boost|p2a: Cloyster|atk|2\n|-boost|p2a: Cloyster|spa|2\n|-boost|p2a: Cloyster|spe|2\n|\n|upkeep\n|turn|9\n|\n|t:|1699548165\n|move|p2a: Cloyster|Shell Smash|p2a: Cloyster\n|-unboost|p2a: Cloyster|def|1\n|-unboost|p2a: Cloyster|spd|1\n|-boost|p2a: Cloyster|atk|2\n|-boost|p2a: Cloyster|spa|2\n|-boost|p2a: Cloyster|spe|2\n|move|p1a: Curse+ 2 Attacks|Earthquake|p2a: Cloyster\n|-damage|p2a: Cloyster|34\/100\n|\n|upkeep\n|turn|10\n|\n|t:|1699548173\n|move|p1a: Curse+ 2 Attacks|Extreme Speed|p2a: Cloyster\n|-damage|p2a: Cloyster|0 fnt\n|faint|p2a: Cloyster\n|\n|upkeep\n|\n|t:|1699548178\n|switch|p2a: Lugia|Lugia, shiny|100\/100\n|turn|11\n|\n|t:|1699548183\n|move|p2a: Lugia|Toxic|p1a: Curse+ 2 Attacks\n|-status|p1a: Curse+ 2 Attacks|tox\n|move|p1a: Curse+ 2 Attacks|Curse|p1a: Curse+ 2 Attacks\n|-unboost|p1a: Curse+ 2 Attacks|spe|1\n|-boost|p1a: Curse+ 2 Attacks|atk|1\n|-boost|p1a: Curse+ 2 Attacks|def|1\n|\n|-damage|p1a: Curse+ 2 Attacks|94\/100 tox|[from] psn\n|upkeep\n|turn|12\n|\n|t:|1699548190\n|move|p1a: Curse+ 2 Attacks|Extreme Speed|p2a: Lugia\n|-damage|p2a: Lugia|86\/100\n|move|p2a: Lugia|Calm Mind|p2a: Lugia\n|-boost|p2a: Lugia|spa|1\n|-boost|p2a: Lugia|spd|1\n|\n|-damage|p1a: Curse+ 2 Attacks|82\/100 tox|[from] psn\n|upkeep\n|turn|13\n|\n|t:|1699548196\n|switch|p1a: Spiker|Samurott-Hisui, F|100\/100\n|-damage|p1a: Spiker|76\/100|[from] Spikes\n|move|p2a: Lugia|Calm Mind|p2a: Lugia\n|-boost|p2a: Lugia|spa|1\n|-boost|p2a: Lugia|spd|1\n|\n|upkeep\n|turn|14\n|\n|t:|1699548201\n|move|p1a: Spiker|Ceaseless Edge|p2a: Lugia\n|-supereffective|p2a: Lugia\n|-damage|p2a: Lugia|32\/100\n|-enditem|p2a: Lugia|Weakness Policy\n|-boost|p2a: Lugia|atk|2|[from] item: Weakness Policy\n|-boost|p2a: Lugia|spa|2|[from] item: Weakness Policy\n|-sidestart|p2: lipe_poketrainer|Spikes\n|move|p2a: Lugia|Toxic|p1a: Spiker\n|-status|p1a: Spiker|tox\n|\n|-damage|p1a: Spiker|69\/100 tox|[from] psn\n|upkeep\n|turn|15\n|\n|t:|1699548207\n|move|p1a: Spiker|Ceaseless Edge|p2a: Lugia\n|-supereffective|p2a: Lugia\n|-damage|p2a: Lugia|0 fnt\n|-sidestart|p2: lipe_poketrainer|Spikes\n|faint|p2a: Lugia\n|\n|-damage|p1a: Spiker|57\/100 tox|[from] psn\n|upkeep\n|\n|t:|1699548210\n|switch|p2a: Zacian|Zacian-Crowned|100\/100\n|-damage|p2a: Zacian|84\/100|[from] Spikes\n|-ability|p2a: Zacian|Intrepid Sword|boost\n|-boost|p2a: Zacian|atk|1\n|turn|16\n|\n|t:|1699548220\n|move|p2a: Zacian|Swords Dance|p2a: Zacian\n|-boost|p2a: Zacian|atk|2\n|move|p1a: Spiker|Ceaseless Edge|p2a: Zacian\n|-resisted|p2a: Zacian\n|-damage|p2a: Zacian|62\/100\n|-sidestart|p2: lipe_poketrainer|Spikes\n|\n|-damage|p1a: Spiker|38\/100 tox|[from] psn\n|upkeep\n|turn|17\n|-message|lipe_poketrainer forfeited.\n|\n|win|El!te 00f\n|raw|El!te 00f's rating: 1097 &rarr; <strong>1123<\/strong><br \/>(+26 for winning)\n|raw|lipe_poketrainer's rating: 1108 &rarr; <strong>1082<\/strong><br \/>(-26 for losing)\n|c|\u2606El!te 00f|please\n|l|\u2606lipe_poketrainer\n","uploadtime":1699548230,"views":13,"p1id":"elte00f","p2id":"lipepoketrainer","formatid":"gen9nationaldexubers","rating":1082,"private":0,"password":""}