{"id":"gen9nationaldexubers-1990876244","p1":"ejfklklfsdj","p2":"tostito Ben","format":"[Gen 9] National Dex Ubers","log":"|j|\u2606ejfklklfsdj\n|j|\u2606tostito Ben\n|t:|1700010304\n|gametype|singles\n|player|p1|ejfklklfsdj|lucas|1000\n|player|p2|tostito Ben|266|1026\n|teamsize|p1|6\n|teamsize|p2|6\n|gen|9\n|tier|[Gen 9] National Dex Ubers\n|rated|\n|rule|HP Percentage Mod: HP is shown in percentages\n|rule|Endless Battle Clause: Forcing endless battles is banned\n|rule|OHKO Clause: OHKO moves are banned\n|rule|Evasion Moves Clause: Evasion moves are banned\n|rule|Evasion Items Clause: Evasion items are banned\n|rule|Species Clause: Limit one of each Pok\u00e9mon\n|rule|Sleep Clause Mod: Limit one foe put to sleep\n|rule|Mega Rayquaza Clause: You cannot mega evolve Rayquaza\n|clearpoke\n|poke|p1|Gardevoir, F|\n|poke|p1|Lopunny, F|\n|poke|p1|Tsareena, F|\n|poke|p1|Lilligant-Hisui, F|\n|poke|p1|Hatterene, F|\n|poke|p1|Pheromosa|\n|poke|p2|Cinderace, M|\n|poke|p2|Greninja-*, M|\n|poke|p2|Dragonite, M|\n|poke|p2|Groudon|\n|poke|p2|Arceus-Ice|\n|poke|p2|Garchomp, M|\n|teampreview\n|\n|t:|1700010309\n|start\n|switch|p1a: Pheromosa|Pheromosa|100\/100\n|switch|p2a: Arceus|Arceus-Ice|100\/100\n|turn|1\n|\n|t:|1700010317\n|move|p1a: Pheromosa|High Jump Kick|p2a: Arceus\n|-supereffective|p2a: Arceus\n|-damage|p2a: Arceus|0 fnt\n|faint|p2a: Arceus\n|-ability|p1a: Pheromosa|Beast Boost|boost\n|-boost|p1a: Pheromosa|spe|1\n|-damage|p1a: Pheromosa|91\/100|[from] item: Life Orb\n|\n|upkeep\n|\n|t:|1700010343\n|switch|p2a: Greninja|Greninja, M, shiny|100\/100\n|turn|2\n|inactive|Battle timer is ON: inactive players will automatically lose when time's up. (requested by ejfklklfsdj)\n|inactive|tostito Ben has 120 seconds left.\n|\n|t:|1700010429\n|move|p1a: Pheromosa|High Jump Kick|p2a: Greninja\n|-supereffective|p2a: Greninja\n|-enditem|p2a: Greninja|Focus Sash\n|-damage|p2a: Greninja|1\/100\n|-damage|p1a: Pheromosa|81\/100|[from] item: Life Orb\n|move|p2a: Greninja|Surf|p1a: Pheromosa\n|-start|p2a: Greninja|typechange|Water|[from] ability: Protean\n|-damage|p1a: Pheromosa|0 fnt\n|faint|p1a: Pheromosa\n|\n|upkeep\n|\n|t:|1700010443\n|switch|p1a: Lopunny|Lopunny, F, shiny|100\/100\n|turn|3\n|\n|t:|1700010454\n|move|p1a: Lopunny|Fake Out|p2a: Greninja\n|-damage|p2a: Greninja|0 fnt\n|faint|p2a: Greninja\n|\n|upkeep\n|\n|t:|1700010464\n|switch|p2a: Cinderace|Cinderace, M, shiny|100\/100\n|turn|4\n|inactive|ejfklklfsdj has 120 seconds left.\n|\n|t:|1700010509\n|switch|p1a: Gardevoir|Gardevoir, F, shiny|100\/100\n|-ability|p1a: Gardevoir|Libero|[from] ability: Trace|[of] p2a: Cinderace\n|move|p2a: Cinderace|Reversal|p1a: Gardevoir\n|-start|p2a: Cinderace|typechange|Fighting|[from] ability: Libero\n|-resisted|p1a: Gardevoir\n|-damage|p1a: Gardevoir|97\/100\n|\n|upkeep\n|turn|5\n|\n|t:|1700010519\n|detailschange|p1a: Gardevoir|Gardevoir-Mega, F, shiny\n|-mega|p1a: Gardevoir|Gardevoir|Gardevoirite\n|move|p1a: Gardevoir|Moonblast|p2a: Cinderace\n|-supereffective|p2a: Cinderace\n|-enditem|p2a: Cinderace|Focus Sash\n|-damage|p2a: Cinderace|1\/100\n|move|p2a: Cinderace|Reversal|p1a: Gardevoir\n|-resisted|p1a: Gardevoir\n|-damage|p1a: Gardevoir|63\/100\n|\n|upkeep\n|turn|6\n|inactive|ejfklklfsdj has 120 seconds left.\n|\n|t:|1700010538\n|move|p1a: Gardevoir|Moonblast|p2a: Cinderace\n|-supereffective|p2a: Cinderace\n|-damage|p2a: Cinderace|0 fnt\n|faint|p2a: Cinderace\n|\n|upkeep\n|\n|t:|1700010547\n|switch|p2a: Groudon|Groudon|100\/100\n|detailschange|p2a: Groudon|Groudon-Primal\n|-primal|p2a: Groudon|Red Orb\n|-weather|DesolateLand|[from] ability: Desolate Land|[of] p2a: Groudon\n|turn|7\n|inactive|ejfklklfsdj has 120 seconds left.\n|\n|t:|1700010564\n|switch|p1a: Hatterene|Hatterene, F|100\/100\n|move|p2a: Groudon|Ancient Power|p1a: Hatterene\n|-damage|p1a: Hatterene|79\/100\n|\n|-weather|DesolateLand|[upkeep]\n|upkeep\n|turn|8\n|\n|t:|1700010583\n|move|p2a: Groudon|Earthquake|p1a: Hatterene\n|-damage|p1a: Hatterene|12\/100\n|move|p1a: Hatterene|Trick Room|p1a: Hatterene\n|-fieldstart|move: Trick Room|[of] p1a: Hatterene\n|\n|-weather|DesolateLand|[upkeep]\n|upkeep\n|turn|9\n|inactive|ejfklklfsdj has 120 seconds left.\n|\n|t:|1700010593\n|move|p1a: Hatterene|Psychic|p2a: Groudon\n|-damage|p2a: Groudon|34\/100\n|-damage|p1a: Hatterene|2\/100|[from] item: Life Orb\n|move|p2a: Groudon|Ancient Power|p1a: Hatterene\n|-damage|p1a: Hatterene|0 fnt\n|faint|p1a: Hatterene\n|\n|-weather|DesolateLand|[upkeep]\n|upkeep\n|inactive|ejfklklfsdj has 120 seconds left.\n|\n|t:|1700010600\n|switch|p1a: Tsareena|Tsareena, F|100\/100\n|turn|10\n|\n|t:|1700010605\n|move|p1a: Tsareena|Power Whip|p2a: Groudon\n|-damage|p2a: Groudon|0 fnt\n|faint|p2a: Groudon\n|-weather|none\n|\n|upkeep\n|\n|t:|1700010615\n|switch|p2a: Garchomp|Garchomp, M, shiny|100\/100\n|turn|11\n|\n|t:|1700010631\n|detailschange|p2a: Garchomp|Garchomp-Mega, M, shiny\n|-mega|p2a: Garchomp|Garchomp|Garchompite\n|move|p1a: Tsareena|Power Whip|p2a: Garchomp\n|-damage|p2a: Garchomp|33\/100\n|move|p2a: Garchomp|Fire Fang|p1a: Tsareena\n|-supereffective|p1a: Tsareena\n|-damage|p1a: Tsareena|52\/100\n|\n|upkeep\n|turn|12\n|\n|t:|1700010641\n|switch|p2a: Dragonite|Dragonite, M, shiny|100\/100\n|move|p1a: Tsareena|Power Whip|p2a: Dragonite\n|-resisted|p2a: Dragonite\n|-damage|p2a: Dragonite|77\/100\n|\n|-fieldend|move: Trick Room\n|upkeep\n|turn|13\n|\n|t:|1700010655\n|move|p2a: Dragonite|Dragon Dance|p2a: Dragonite\n|-boost|p2a: Dragonite|atk|1\n|-boost|p2a: Dragonite|spe|1\n|move|p1a: Tsareena|Power Whip|p2a: Dragonite\n|-resisted|p2a: Dragonite\n|-damage|p2a: Dragonite|55\/100\n|\n|upkeep\n|turn|14\n|\n|t:|1700010664\n|switch|p1a: Gardevoir|Gardevoir-Mega, F, shiny|63\/100\n|move|p2a: Dragonite|Draco Meteor|p1a: Gardevoir\n|-immune|p1a: Gardevoir\n|\n|upkeep\n|turn|15\n|\n|t:|1700010674\n|move|p1a: Gardevoir|Moonblast|p2a: Dragonite\n|-supereffective|p2a: Dragonite\n|-damage|p2a: Dragonite|0 fnt\n|faint|p2a: Dragonite\n|\n|upkeep\n|\n|t:|1700010690\n|switch|p2a: Garchomp|Garchomp-Mega, M, shiny|33\/100\n|turn|16\n|\n|t:|1700010701\n|move|p1a: Gardevoir|Moonblast|p2a: Garchomp\n|-supereffective|p2a: Garchomp\n|-damage|p2a: Garchomp|0 fnt\n|faint|p2a: Garchomp\n|\n|win|ejfklklfsdj\n|raw|ejfklklfsdj's rating: 1000 &rarr; <strong>1043<\/strong><br \/>(+43 for winning)\n|raw|tostito Ben's rating: 1026 &rarr; <strong>1011<\/strong><br \/>(-15 for losing)\n","uploadtime":1700010875,"views":44,"p1id":"ejfklklfsdj","p2id":"tostitoben","formatid":"gen9nationaldexubers","rating":1011,"private":0,"password":""}