{"id":"gen9nationaldexubers-1999240209","p1":"slug bite","p2":"abstractvoid","format":"[Gen 9] National Dex Ubers","log":"|j|\u2606slug bite\n|j|\u2606abstractvoid\n|t:|1701049505\n|gametype|singles\n|player|p1|slug bite|wallace|\n|player|p2|abstractvoid|alec-anime|\n|teamsize|p1|6\n|teamsize|p2|6\n|gen|9\n|tier|[Gen 9] National Dex Ubers\n|rule|HP Percentage Mod: HP is shown in percentages\n|rule|Endless Battle Clause: Forcing endless battles is banned\n|rule|OHKO Clause: OHKO moves are banned\n|rule|Evasion Moves Clause: Evasion moves are banned\n|rule|Evasion Items Clause: Evasion items are banned\n|rule|Species Clause: Limit one of each Pok\u00e9mon\n|rule|Sleep Clause Mod: Limit one foe put to sleep\n|rule|Mega Rayquaza Clause: You cannot mega evolve Rayquaza\n|clearpoke\n|poke|p1|Magearna|\n|poke|p1|Marshadow|\n|poke|p1|Reshiram|\n|poke|p1|Clodsire, M|\n|poke|p1|Arceus-Electric|\n|poke|p1|Sableye, M|\n|poke|p2|Toxapex, M|\n|poke|p2|Arceus-Ghost|\n|poke|p2|Goodra-Hisui, F|\n|poke|p2|Palafin, M|\n|poke|p2|Deoxys-Attack|\n|poke|p2|Lucario, M|\n|teampreview\n|c|\u2606abstractvoid|gaming!\n|c|\u2606abstractvoid|didya get the extension working?\n|c|\u2606slug bite|I did not heh\n|j| AshenAraquanid\n|c|\u2606abstractvoid|f\n|c|\u2606slug bite|But thats alright\n|j| Berryandon\n|c| Berryandon|yo\n|c|\u2606slug bite|brain pulsating\n|c| Berryandon|Cat works out at the library\n|\n|t:|1701049704\n|start\n|switch|p1a: O_O|Sableye, M, shiny|100\/100\n|switch|p2a: FinFin :)|Palafin, M|100\/100\n|turn|1\n|\n|t:|1701049719\n|move|p2a: FinFin :)|Wave Crash|p1a: O_O\n|-damage|p1a: O_O|53\/100\n|-damage|p2a: FinFin :)|89\/100|[from] Recoil\n|move|p1a: O_O|Foul Play|p2a: FinFin :)\n|-damage|p2a: FinFin :)|51\/100\n|\n|upkeep\n|turn|2\n|j| PaperDrMario\n|\n|t:|1701049737\n|detailschange|p1a: O_O|Sableye-Mega, M, shiny\n|-mega|p1a: O_O|Sableye|Sablenite\n|move|p2a: FinFin :)|Flip Turn|p1a: O_O\n|-damage|p1a: O_O|38\/100\n|\n|t:|1701049744\n|detailschange|p2a: FinFin :)|Palafin-Hero, M\n|switch|p2a: gex 2|Toxapex, M, shiny|100\/100|[from] Flip Turn\n|move|p1a: O_O|Pain Split|p2a: gex 2\n|-sethp|p2a: gex 2|69\/100|[from] move: Pain Split|[silent]\n|-sethp|p1a: O_O|69\/100|[from] move: Pain Split\n|\n|upkeep\n|turn|3\n|\n|t:|1701049765\n|move|p1a: O_O|Encore||[still]\n|-fail|p1a: O_O\n|move|p2a: gex 2|Infestation|p1a: O_O\n|-damage|p1a: O_O|67\/100\n|-activate|p1a: O_O|move: Infestation|[of] p2a: gex 2\n|\n|-damage|p1a: O_O|50\/100|[from] move: Infestation|[partiallytrapped]\n|upkeep\n|turn|4\n|c|\u2606slug bite|quick question\n|j| lonly wolf\n|c|\u2606slug bite|what does infestation do\n|c| lonly wolf|fawn what the fuck is that pex set\n|c|\u2606abstractvoid|you are trapped and taking damage each turn until i swap pex out\n|c| AshenAraquanid|damage over time and can't switch out\n|c|\u2606slug bite|also is there a shortcut to look that up here\n|c|\u2606abstractvoid|!data infestation\n|raw|<ul class=\"utilichart\"><li class=\"result\"><span class=\"col movenamecol\"><a href=\"https:\/\/dex.pokemonshowdown.com\/moves\/infestation\">Infestation<\/a><\/span> <span class=\"col typecol\"><img src=\"\/\/play.pokemonshowdown.com\/sprites\/types\/Bug.png\" alt=\"Bug\" width=\"32\" height=\"14\"><img src=\"\/\/play.pokemonshowdown.com\/sprites\/categories\/Special.png\" alt=\"Special\" width=\"32\" height=\"14\"><\/span> <span class=\"col labelcol\"><em>Power<\/em><br>20<\/span> <span class=\"col widelabelcol\"><em>Accuracy<\/em><br>100%<\/span> <span class=\"col pplabelcol\"><em>PP<\/em><br>32<\/span> <span class=\"col movedesccol\">Traps and damages the target for 4-5 turns.<\/span> <\/li><li style=\"clear:both\"><\/li><\/ul>\n\n|c|\u2606abstractvoid|you can do \/data to do a private lookup\n|c|\u2606slug bite|me when im trapped and taking damage\n|c| lonly wolf|yeah you can do\/ dt and then the move\n|\n|t:|1701049839\n|move|p1a: O_O|Pain Split|p2a: gex 2\n|-sethp|p2a: gex 2|59\/100|[from] move: Pain Split|[silent]\n|-sethp|p1a: O_O|60\/100|[from] move: Pain Split\n|move|p2a: gex 2|Recover|p2a: gex 2\n|-heal|p2a: gex 2|100\/100\n|\n|-damage|p1a: O_O|43\/100|[from] move: Infestation|[partiallytrapped]\n|upkeep\n|turn|5\n|\n|t:|1701049882\n|switch|p2a: FinFin :)|Palafin-Hero, M|51\/100\n|-activate|p2a: FinFin :)|ability: Zero to Hero\n|move|p1a: O_O|Thunder Wave|p2a: FinFin :)\n|-status|p2a: FinFin :)|par\n|\n|-end|p1a: O_O|Infestation|[partiallytrapped]|[silent]\n|upkeep\n|turn|6\n|\n|t:|1701049927\n|switch|p1a: Mustard|Arceus-Electric, shiny|100\/100\n|move|p2a: FinFin :)|Flip Turn|p1a: Mustard\n|-crit|p1a: Mustard\n|-damage|p1a: Mustard|60\/100\n|c| Berryandon|crit mattered\n|\n|t:|1701049941\n|switch|p2a: Cable Ties|Deoxys-Attack|100\/100|[from] Flip Turn\n|-ability|p2a: Cable Ties|Pressure\n|\n|upkeep\n|turn|7\n|c|\u2606slug bite|crit mattered\n|\n|t:|1701049957\n|switch|p1a: O_O|Sableye-Mega, M, shiny|43\/100\n|move|p2a: Cable Ties|Psycho Boost|p1a: O_O\n|-immune|p1a: O_O\n|\n|upkeep\n|turn|8\n|\n|t:|1701049976\n|move|p2a: Cable Ties|Signal Beam|p1a: O_O\n|-damage|p1a: O_O|0 fnt\n|faint|p1a: O_O\n|-damage|p2a: Cable Ties|91\/100|[from] item: Life Orb\n|\n|upkeep\n|\n|t:|1701050023\n|switch|p1a: Orianna|Magearna|100\/100\n|turn|9\n|\n|t:|1701050040\n|switch|p2a: gex 2|Toxapex, M, shiny|100\/100\n|move|p1a: Orianna|Calm Mind|p1a: Orianna\n|-boost|p1a: Orianna|spa|1\n|-boost|p1a: Orianna|spd|1\n|\n|upkeep\n|turn|10\n|c| Berryandon|woah league of elgeendsd\n|\n|t:|1701050058\n|move|p1a: Orianna|Shift Gear|p1a: Orianna\n|-boost|p1a: Orianna|spe|2\n|-boost|p1a: Orianna|atk|1\n|move|p2a: gex 2|Infestation|p1a: Orianna\n|-resisted|p1a: Orianna\n|-damage|p1a: Orianna|99\/100\n|-activate|p1a: Orianna|move: Infestation|[of] p2a: gex 2\n|\n|-damage|p1a: Orianna|84\/100|[from] move: Infestation|[partiallytrapped]\n|upkeep\n|turn|11\n|\n|t:|1701050083\n|move|p1a: Orianna|Calm Mind|p1a: Orianna\n|-boost|p1a: Orianna|spa|1\n|-boost|p1a: Orianna|spd|1\n|move|p2a: gex 2|Haze|p2a: gex 2\n|-clearallboost\n|\n|-damage|p1a: Orianna|67\/100|[from] move: Infestation|[partiallytrapped]\n|upkeep\n|turn|12\n|c|\u2606slug bite|tfw haze\n|c| PaperDrMario|Heart breaking\n|\n|t:|1701050123\n|move|p1a: Orianna|Calm Mind|p1a: Orianna\n|-boost|p1a: Orianna|spa|1\n|-boost|p1a: Orianna|spd|1\n|move|p2a: gex 2|Haze|p2a: gex 2\n|-clearallboost\n|\n|-damage|p1a: Orianna|51\/100|[from] move: Infestation|[partiallytrapped]\n|upkeep\n|turn|13\n|j| ah3nny\n|\n|t:|1701050145\n|move|p1a: Orianna|Draining Kiss|p2a: gex 2\n|-resisted|p2a: gex 2\n|-damage|p2a: gex 2|93\/100\n|-heal|p1a: Orianna|55\/100|[from] drain|[of] p2a: gex 2\n|move|p2a: gex 2|Haze|p2a: gex 2\n|-clearallboost\n|\n|-damage|p1a: Orianna|39\/100|[from] move: Infestation|[partiallytrapped]\n|upkeep\n|turn|14\n|\n|t:|1701050162\n|move|p1a: Orianna|Stored Power|p2a: gex 2\n|-supereffective|p2a: gex 2\n|-damage|p2a: gex 2|85\/100\n|move|p2a: gex 2|Haze|p2a: gex 2\n|-clearallboost\n|\n|-end|p1a: Orianna|Infestation|[partiallytrapped]\n|upkeep\n|turn|15\n|c|\u2606abstractvoid|oh god im glad i brought haze\n|\n|t:|1701050185\n|switch|p1a: Squishmallow|Clodsire, M|100\/100\n|move|p2a: gex 2|Toxic|p1a: Squishmallow\n|-immune|p1a: Squishmallow\n|\n|upkeep\n|turn|16\n|\n|t:|1701050232\n|switch|p2a: FinFin :)|Palafin-Hero, M|51\/100 par\n|move|p1a: Squishmallow|Earthquake|p2a: FinFin :)\n|-damage|p2a: FinFin :)|28\/100 par\n|\n|upkeep\n|turn|17\n|\n|t:|1701050255\n|move|p2a: FinFin :)|Wave Crash|p1a: Squishmallow\n|-supereffective|p1a: Squishmallow\n|-damage|p1a: Squishmallow|0 fnt\n|faint|p1a: Squishmallow\n|-damage|p2a: FinFin :)|0 fnt|[from] Recoil\n|faint|p2a: FinFin :)\n|\n|upkeep\n|\n|t:|1701050277\n|switch|p2a: Cable Ties|Deoxys-Attack|91\/100\n|switch|p1a: Drumstick|Reshiram, shiny|100\/100\n|-ability|p2a: Cable Ties|Pressure\n|-ability|p1a: Drumstick|Turboblaze\n|turn|18\n|\n|t:|1701050293\n|move|p2a: Cable Ties|Psycho Boost|p1a: Drumstick\n|-damage|p1a: Drumstick|0 fnt\n|-unboost|p2a: Cable Ties|spa|2\n|faint|p1a: Drumstick\n|-damage|p2a: Cable Ties|81\/100|[from] item: Life Orb\n|\n|upkeep\n|\n|t:|1701050312\n|switch|p1a: Mustard|Arceus-Electric, shiny|60\/100\n|turn|19\n|\n|t:|1701050327\n|switch|p2a: yum i love sp.atks|Goodra-Hisui, F|100\/100\n|move|p1a: Mustard|Judgment|p2a: yum i love sp.atks\n|-resisted|p2a: yum i love sp.atks\n|-damage|p2a: yum i love sp.atks|83\/100\n|\n|-heal|p2a: yum i love sp.atks|89\/100|[from] item: Leftovers\n|upkeep\n|turn|20\n|c| ah3nny|yummy\n|\n|t:|1701050363\n|move|p1a: Mustard|Earth Power|p2a: yum i love sp.atks\n|-supereffective|p2a: yum i love sp.atks\n|-damage|p2a: yum i love sp.atks|54\/100\n|move|p2a: yum i love sp.atks|Toxic|p1a: Mustard\n|-status|p1a: Mustard|tox\n|\n|-heal|p2a: yum i love sp.atks|60\/100|[from] item: Leftovers\n|-damage|p1a: Mustard|54\/100 tox|[from] psn\n|upkeep\n|turn|21\n|\n|t:|1701050385\n|move|p1a: Mustard|Calm Mind|p1a: Mustard\n|-boost|p1a: Mustard|spa|1\n|-boost|p1a: Mustard|spd|1\n|move|p2a: yum i love sp.atks|Earthquake|p1a: Mustard\n|-supereffective|p1a: Mustard\n|-damage|p1a: Mustard|20\/100 tox\n|\n|-heal|p2a: yum i love sp.atks|66\/100|[from] item: Leftovers\n|-damage|p1a: Mustard|8\/100 tox|[from] psn\n|upkeep\n|turn|22\n|\n|t:|1701050397\n|move|p1a: Mustard|Earth Power|p2a: yum i love sp.atks\n|-supereffective|p2a: yum i love sp.atks\n|-damage|p2a: yum i love sp.atks|18\/100\n|-unboost|p2a: yum i love sp.atks|spd|1\n|move|p2a: yum i love sp.atks|Earthquake|p1a: Mustard\n|-supereffective|p1a: Mustard\n|-crit|p1a: Mustard\n|-damage|p1a: Mustard|0 fnt\n|faint|p1a: Mustard\n|\n|-heal|p2a: yum i love sp.atks|24\/100|[from] item: Leftovers\n|upkeep\n|\n|t:|1701050409\n|switch|p1a: ONE PUNCH MAN|Marshadow|100\/100\n|turn|23\n|\n|t:|1701050419\n|move|p1a: ONE PUNCH MAN|Low Kick|p2a: yum i love sp.atks\n|-supereffective|p2a: yum i love sp.atks\n|-damage|p2a: yum i love sp.atks|0 fnt\n|faint|p2a: yum i love sp.atks\n|\n|upkeep\n|\n|t:|1701050436\n|switch|p2a: Cable Ties|Deoxys-Attack|81\/100\n|-ability|p2a: Cable Ties|Pressure\n|turn|24\n|\n|t:|1701050446\n|move|p1a: ONE PUNCH MAN|Shadow Sneak|p2a: Cable Ties\n|-supereffective|p2a: Cable Ties\n|-damage|p2a: Cable Ties|0 fnt\n|faint|p2a: Cable Ties\n|\n|upkeep\n|\n|t:|1701050475\n|switch|p2a: gex 2|Toxapex, M, shiny|100\/100\n|turn|25\n|\n|t:|1701050515\n|switch|p1a: Orianna|Magearna|39\/100\n|move|p2a: gex 2|Toxic|p1a: Orianna\n|-immune|p1a: Orianna\n|\n|upkeep\n|turn|26\n|\n|t:|1701050526\n|move|p1a: Orianna|Calm Mind|p1a: Orianna\n|-boost|p1a: Orianna|spa|1\n|-boost|p1a: Orianna|spd|1\n|move|p2a: gex 2|Infestation|p1a: Orianna\n|-resisted|p1a: Orianna\n|-damage|p1a: Orianna|39\/100\n|-activate|p1a: Orianna|move: Infestation|[of] p2a: gex 2\n|\n|-damage|p1a: Orianna|22\/100|[from] move: Infestation|[partiallytrapped]\n|upkeep\n|turn|27\n|\n|t:|1701050545\n|move|p1a: Orianna|Draining Kiss|p2a: gex 2\n|-resisted|p2a: gex 2\n|-damage|p2a: gex 2|91\/100\n|-heal|p1a: Orianna|29\/100|[from] drain|[of] p2a: gex 2\n|move|p2a: gex 2|Haze|p2a: gex 2\n|-clearallboost\n|\n|-damage|p1a: Orianna|12\/100|[from] move: Infestation|[partiallytrapped]\n|upkeep\n|turn|28\n|l| lonly wolf\n|c|\u2606slug bite|i dont break pex\n|j| lonly wolf\n|\n|t:|1701050565\n|switch|p2a: bbbrfbesbb|Arceus-Ghost|100\/100\n|move|p1a: Orianna|Draining Kiss|p2a: bbbrfbesbb\n|-damage|p2a: bbbrfbesbb|85\/100\n|-heal|p1a: Orianna|24\/100|[from] drain|[of] p2a: bbbrfbesbb\n|\n|-end|p1a: Orianna|Infestation|[partiallytrapped]|[silent]\n|upkeep\n|turn|29\n|\n|t:|1701050586\n|move|p2a: bbbrfbesbb|Dragon Dance|p2a: bbbrfbesbb\n|-boost|p2a: bbbrfbesbb|atk|1\n|-boost|p2a: bbbrfbesbb|spe|1\n|move|p1a: Orianna|Calm Mind|p1a: Orianna\n|-boost|p1a: Orianna|spa|1\n|-boost|p1a: Orianna|spd|1\n|\n|upkeep\n|turn|30\n|\n|t:|1701050596\n|move|p2a: bbbrfbesbb|Earthquake|p1a: Orianna\n|-supereffective|p1a: Orianna\n|-damage|p1a: Orianna|0 fnt\n|faint|p1a: Orianna\n|\n|upkeep\n|\n|t:|1701050601\n|switch|p1a: ONE PUNCH MAN|Marshadow|100\/100\n|turn|31\n|\n|t:|1701050605\n|move|p2a: bbbrfbesbb|Shadow Claw|p1a: ONE PUNCH MAN\n|-supereffective|p1a: ONE PUNCH MAN\n|-enditem|p1a: ONE PUNCH MAN|Focus Sash\n|-damage|p1a: ONE PUNCH MAN|1\/100\n|move|p1a: ONE PUNCH MAN|Spectral Thief||[still]\n|-clearpositiveboost|p2a: bbbrfbesbb|p1a: ONE PUNCH MAN|move: Spectral Thief\n|-boost|p1a: ONE PUNCH MAN|atk|1\n|-boost|p1a: ONE PUNCH MAN|spe|1\n|-anim|p1a: ONE PUNCH MAN|Spectral Thief|p2a: bbbrfbesbb\n|-supereffective|p2a: bbbrfbesbb\n|-damage|p2a: bbbrfbesbb|0 fnt\n|faint|p2a: bbbrfbesbb\n|\n|upkeep\n|\n|t:|1701050621\n|switch|p2a: The Slosher|Lucario, M|100\/100\n|turn|32\n|c| lonly wolf|oh my god does it steal the boosts before it does damage\n|c|\u2606abstractvoid|yep\n|c| ah3nny|yuh\n|c| lonly wolf|thats awesome\n|c| PaperDrMario|IS THAT ENOFH THO\n|c| AshenAraquanid|1 hp and a dream\n|c| PaperDrMario|I'm on the edge of my seat rn\n|c|\u2606slug bite|im\n|\n|t:|1701050683\n|move|p1a: ONE PUNCH MAN|Shadow Sneak|p2a: The Slosher\n|-damage|p2a: The Slosher|32\/100\n|move|p2a: The Slosher|Flash Cannon|p1a: ONE PUNCH MAN\n|-damage|p1a: ONE PUNCH MAN|0 fnt\n|faint|p1a: ONE PUNCH MAN\n|\n|win|abstractvoid\n|c|\u2606slug bite|GG\n|c| PaperDrMario|NOOOOOOOO\n|c|\u2606abstractvoid|gg! that was really damn close\n|c|\u2606slug bite|wait no priority?\n|c| lonly wolf|pft no mega needed\n|c|\u2606slug bite|im silly...\n|c|\u2606abstractvoid|i didnt have bullet punch lmao\n|c| PaperDrMario|no prio silly\n|c|\u2606abstractvoid|i thiiink pex still would have won?\n|c| PaperDrMario|Probably\n|c|\u2606slug bite|oh yeah\n|c| PaperDrMario|But goddamn\n|c| PaperDrMario|What a game\n|c|\u2606abstractvoid|but pex was still 2hko by marshadow so i was really afraid of it\n|l| AshenAraquanid\n|c|\u2606slug bite|fun game\n|l| PaperDrMario\n|c|\u2606slug bite|gg!\n|c|\u2606abstractvoid|that infestation set was specifically to beat gearna\n|c|\u2606abstractvoid|ye!\n","uploadtime":1701050732,"views":12,"p1id":"slugbite","p2id":"abstractvoid","formatid":"gen9nationaldexubers","rating":0,"private":0,"password":""}