{"id":"gen9nationaldexubers-1987937097","p1":"L3vD3x","p2":"BigMommaBadger","format":"[Gen 9] National Dex Ubers","log":"|j|\u2606L3vD3x\n|j|\u2606BigMommaBadger\n|t:|1699650957\n|gametype|singles\n|player|p1|L3vD3x|alder|1170\n|player|p2|BigMommaBadger|pokemonrangerf|1083\n|teamsize|p1|6\n|teamsize|p2|6\n|gen|9\n|tier|[Gen 9] National Dex Ubers\n|rated|\n|rule|HP Percentage Mod: HP is shown in percentages\n|rule|Endless Battle Clause: Forcing endless battles is banned\n|rule|OHKO Clause: OHKO moves are banned\n|rule|Evasion Moves Clause: Evasion moves are banned\n|rule|Evasion Items Clause: Evasion items are banned\n|rule|Species Clause: Limit one of each Pok\u00e9mon\n|rule|Sleep Clause Mod: Limit one foe put to sleep\n|rule|Mega Rayquaza Clause: You cannot mega evolve Rayquaza\n|clearpoke\n|poke|p1|Thundurus-Therian, M|\n|poke|p1|Necrozma-Dusk-Mane|\n|poke|p1|Groudon|\n|poke|p1|Kyurem-Black|\n|poke|p1|Landorus, M|\n|poke|p1|Gyarados, F|\n|poke|p2|Serperior, F|\n|poke|p2|Samurott, M|\n|poke|p2|Emboar, M|\n|poke|p2|Krookodile, F|\n|poke|p2|Swoobat, M|\n|poke|p2|Kyurem-White|\n|teampreview\n|\n|t:|1699650969\n|start\n|switch|p1a: Gyarados|Gyarados, F|100\/100\n|switch|p2a: Swoops|Swoobat, M, shiny|100\/100\n|-ability|p1a: Gyarados|Intimidate|boost\n|-unboost|p2a: Swoops|atk|2\n|turn|1\n|\n|t:|1699650974\n|detailschange|p1a: Gyarados|Gyarados-Mega, F\n|-mega|p1a: Gyarados|Gyarados|Gyaradosite\n|-ability|p1a: Gyarados|Mold Breaker\n|move|p2a: Swoops|Calm Mind|p2a: Swoops\n|-boost|p2a: Swoops|spa|2\n|-boost|p2a: Swoops|spd|2\n|move|p1a: Gyarados|Substitute|p1a: Gyarados\n|-start|p1a: Gyarados|Substitute\n|-damage|p1a: Gyarados|76\/100\n|\n|upkeep\n|turn|2\n|\n|t:|1699650982\n|move|p2a: Swoops|Calm Mind|p2a: Swoops\n|-boost|p2a: Swoops|spa|2\n|-boost|p2a: Swoops|spd|2\n|move|p1a: Gyarados|Dragon Dance|p1a: Gyarados\n|-boost|p1a: Gyarados|atk|1\n|-boost|p1a: Gyarados|spe|1\n|\n|upkeep\n|turn|3\n|\n|t:|1699650986\n|move|p2a: Swoops|Calm Mind|p2a: Swoops\n|-boost|p2a: Swoops|spa|2\n|-boost|p2a: Swoops|spd|2\n|move|p1a: Gyarados|Crunch|p2a: Swoops\n|-supereffective|p2a: Swoops\n|-enditem|p2a: Swoops|Focus Sash\n|-damage|p2a: Swoops|1\/100\n|\n|upkeep\n|turn|4\n|\n|t:|1699650993\n|move|p2a: Swoops|Roost|p2a: Swoops\n|-heal|p2a: Swoops|51\/100\n|-singleturn|p2a: Swoops|move: Roost\n|move|p1a: Gyarados|Crunch|p2a: Swoops\n|-supereffective|p2a: Swoops\n|-damage|p2a: Swoops|0 fnt\n|faint|p2a: Swoops\n|\n|upkeep\n|\n|t:|1699650998\n|switch|p2a: Heiness|Serperior, F, shiny|100\/100\n|turn|5\n|\n|t:|1699651009\n|move|p2a: Heiness|Leaf Storm|p1a: Gyarados\n|-supereffective|p1a: Gyarados\n|-end|p1a: Gyarados|Substitute\n|-boost|p2a: Heiness|spa|2\n|move|p1a: Gyarados|Crunch|p2a: Heiness\n|-damage|p2a: Heiness|16\/100\n|-unboost|p2a: Heiness|def|1\n|\n|-heal|p2a: Heiness|22\/100|[from] item: Leftovers\n|upkeep\n|turn|6\n|\n|t:|1699651024\n|switch|p1a: Necrozma|Necrozma-Dusk-Mane|100\/100\n|move|p2a: Heiness|Leaf Storm|p1a: Necrozma\n|-resisted|p1a: Necrozma\n|-damage|p1a: Necrozma|73\/100\n|-boost|p2a: Heiness|spa|2\n|\n|-heal|p2a: Heiness|28\/100|[from] item: Leftovers\n|-heal|p1a: Necrozma|79\/100|[from] item: Leftovers\n|upkeep\n|turn|7\n|\n|t:|1699651034\n|move|p2a: Heiness|Dragon Pulse|p1a: Necrozma\n|-resisted|p1a: Necrozma\n|-damage|p1a: Necrozma|61\/100\n|move|p1a: Necrozma|Sunsteel Strike|p2a: Heiness\n|-damage|p2a: Heiness|0 fnt\n|faint|p2a: Heiness\n|\n|-heal|p1a: Necrozma|67\/100|[from] item: Leftovers\n|upkeep\n|\n|t:|1699651037\n|switch|p2a: Napoleon|Emboar, M, shiny|100\/100\n|turn|8\n|\n|t:|1699651042\n|switch|p1a: Groudon|Groudon|100\/100\n|detailschange|p1a: Groudon|Groudon-Primal\n|-primal|p1a: Groudon|Red Orb\n|-weather|DesolateLand|[from] ability: Desolate Land|[of] p1a: Groudon\n|move|p2a: Napoleon|Flare Blitz|p1a: Groudon\n|-resisted|p1a: Groudon\n|-damage|p1a: Groudon|72\/100\n|-damage|p2a: Napoleon|92\/100|[from] Recoil\n|\n|-weather|DesolateLand|[upkeep]\n|upkeep\n|turn|9\n|\n|t:|1699651048\n|move|p1a: Groudon|Earthquake|p2a: Napoleon\n|-supereffective|p2a: Napoleon\n|-damage|p2a: Napoleon|0 fnt\n|faint|p2a: Napoleon\n|\n|-weather|DesolateLand|[upkeep]\n|upkeep\n|\n|t:|1699651050\n|switch|p2a: Ronin|Samurott, M, shiny|100\/100\n|turn|10\n|\n|t:|1699651055\n|-terastallize|p2a: Ronin|Water\n|move|p2a: Ronin|Swords Dance|p2a: Ronin\n|-boost|p2a: Ronin|atk|2\n|move|p1a: Groudon|Earthquake|p2a: Ronin\n|-damage|p2a: Ronin|30\/100\n|\n|-weather|DesolateLand|[upkeep]\n|upkeep\n|turn|11\n|\n|t:|1699651061\n|move|p2a: Ronin|Megahorn|p1a: Groudon\n|-resisted|p1a: Groudon\n|-crit|p1a: Groudon\n|-damage|p1a: Groudon|43\/100\n|move|p1a: Groudon|Earthquake|p2a: Ronin\n|-damage|p2a: Ronin|0 fnt\n|faint|p2a: Ronin\n|\n|-weather|DesolateLand|[upkeep]\n|upkeep\n|\n|t:|1699651066\n|switch|p2a: Karate Krok|Krookodile, F, shiny|100\/100\n|turn|12\n|\n|t:|1699651072\n|move|p2a: Karate Krok|Earthquake|p1a: Groudon\n|-supereffective|p1a: Groudon\n|-damage|p1a: Groudon|0 fnt\n|faint|p1a: Groudon\n|-weather|none\n|-ability|p2a: Karate Krok|Moxie|boost\n|-boost|p2a: Karate Krok|atk|1\n|\n|upkeep\n|\n|t:|1699651089\n|switch|p1a: Gyarados|Gyarados-Mega, F|76\/100\n|-ability|p1a: Gyarados|Mold Breaker\n|turn|13\n|\n|t:|1699651097\n|move|p2a: Karate Krok|Earthquake|p1a: Gyarados\n|-damage|p1a: Gyarados|14\/100\n|move|p1a: Gyarados|Toxic|p2a: Karate Krok\n|-status|p2a: Karate Krok|tox\n|\n|-damage|p2a: Karate Krok|94\/100 tox|[from] psn\n|upkeep\n|turn|14\n|\n|t:|1699651111\n|move|p2a: Karate Krok|Earthquake|p1a: Gyarados\n|-damage|p1a: Gyarados|0 fnt\n|faint|p1a: Gyarados\n|-ability|p2a: Karate Krok|Moxie|boost\n|-boost|p2a: Karate Krok|atk|1\n|\n|-damage|p2a: Karate Krok|82\/100 tox|[from] psn\n|upkeep\n|\n|t:|1699651117\n|switch|p1a: Landorus|Landorus, M|100\/100\n|turn|15\n|c|\u2606BigMommaBadger|666 attack les go\n|\n|t:|1699651139\n|move|p2a: Karate Krok|Earthquake|p1a: Landorus\n|-immune|p1a: Landorus\n|move|p1a: Landorus|Earth Power|p2a: Karate Krok\n|-damage|p2a: Karate Krok|0 fnt\n|faint|p2a: Karate Krok\n|\n|upkeep\n|\n|t:|1699651142\n|switch|p2a: Iceflame|Kyurem-White, shiny|100\/100\n|-ability|p2a: Iceflame|Turboblaze\n|turn|16\n|\n|t:|1699651147\n|move|p1a: Landorus|Rock Slide|p2a: Iceflame|[miss]\n|-miss|p1a: Landorus|p2a: Iceflame\n|move|p2a: Iceflame|Freeze-Dry|p1a: Landorus\n|-supereffective|p1a: Landorus\n|-damage|p1a: Landorus|0 fnt\n|faint|p1a: Landorus\n|\n|upkeep\n|\n|t:|1699651150\n|switch|p1a: Necrozma|Necrozma-Dusk-Mane|67\/100\n|turn|17\n|\n|t:|1699651153\n|move|p2a: Iceflame|Fusion Flare|p1a: Necrozma\n|-supereffective|p1a: Necrozma\n|-damage|p1a: Necrozma|10\/100\n|move|p1a: Necrozma|Sunsteel Strike|p2a: Iceflame\n|-supereffective|p2a: Iceflame\n|-damage|p2a: Iceflame|8\/100\n|\n|-heal|p2a: Iceflame|14\/100|[from] item: Leftovers\n|-heal|p1a: Necrozma|16\/100|[from] item: Leftovers\n|upkeep\n|turn|18\n|\n|t:|1699651156\n|move|p2a: Iceflame|Fusion Flare|p1a: Necrozma\n|-supereffective|p1a: Necrozma\n|-damage|p1a: Necrozma|0 fnt\n|faint|p1a: Necrozma\n|\n|-heal|p2a: Iceflame|20\/100|[from] item: Leftovers\n|upkeep\n|\n|t:|1699651160\n|switch|p1a: Thundurus|Thundurus-Therian, M|100\/100\n|turn|19\n|\n|t:|1699651164\n|move|p1a: Thundurus|Foul Play|p2a: Iceflame\n|-damage|p2a: Iceflame|2\/100\n|move|p2a: Iceflame|Freeze-Dry|p1a: Thundurus\n|-supereffective|p1a: Thundurus\n|-damage|p1a: Thundurus|0 fnt\n|faint|p1a: Thundurus\n|\n|-heal|p2a: Iceflame|8\/100|[from] item: Leftovers\n|upkeep\n|\n|t:|1699651167\n|switch|p1a: Kyurem|Kyurem-Black|100\/100\n|-ability|p1a: Kyurem|Teravolt\n|turn|20\n|c|\u2606BigMommaBadger|brother\n|\n|t:|1699651177\n|move|p1a: Kyurem|Scale Shot|p2a: Iceflame|[miss]\n|-miss|p1a: Kyurem|p2a: Iceflame\n|move|p2a: Iceflame|Dragon Pulse|p1a: Kyurem\n|-supereffective|p1a: Kyurem\n|-damage|p1a: Kyurem|0 fnt\n|faint|p1a: Kyurem\n|\n|win|BigMommaBadger\n|raw|L3vD3x's rating: 1170 &rarr; <strong>1139<\/strong><br \/>(-31 for losing)\n|raw|BigMommaBadger's rating: 1083 &rarr; <strong>1117<\/strong><br \/>(+34 for winning)\n|c|\u2606BigMommaBadger|gg\n|l|\u2606L3vD3x\n","uploadtime":1699651184,"views":5,"p1id":"l3vd3x","p2id":"bigmommabadger","formatid":"gen9nationaldexubers","rating":1117,"private":0,"password":""}