{"id":"gen9nationaldexubers-1994058931","p1":"Muhammad siam","p2":"C0ld as Ice","format":"[Gen 9] National Dex Ubers","log":"|j|\u2606Muhammad siam\n|j|\u2606C0ld as Ice\n|t:|1700401279\n|gametype|singles\n|player|p1|Muhammad siam|blue|1693\n|player|p2|C0ld as Ice|supernerd|1900\n|teamsize|p1|6\n|teamsize|p2|6\n|gen|9\n|tier|[Gen 9] National Dex Ubers\n|rated|\n|rule|HP Percentage Mod: HP is shown in percentages\n|rule|Endless Battle Clause: Forcing endless battles is banned\n|rule|OHKO Clause: OHKO moves are banned\n|rule|Evasion Moves Clause: Evasion moves are banned\n|rule|Evasion Items Clause: Evasion items are banned\n|rule|Species Clause: Limit one of each Pok\u00e9mon\n|rule|Sleep Clause Mod: Limit one foe put to sleep\n|rule|Mega Rayquaza Clause: You cannot mega evolve Rayquaza\n|clearpoke\n|poke|p1|Zygarde|\n|poke|p1|Kyogre|\n|poke|p1|Necrozma-Dusk-Mane|\n|poke|p1|Arceus|\n|poke|p1|Yveltal|\n|poke|p1|Calyrex-Ice|\n|poke|p2|Marshadow|\n|poke|p2|Ho-Oh|\n|poke|p2|Necrozma-Dusk-Mane|\n|poke|p2|Groudon, L99|\n|poke|p2|Arceus-Ground|\n|poke|p2|Yveltal|\n|teampreview\n|inactive|Battle timer is ON: inactive players will automatically lose when time's up. (requested by C0ld as Ice)\n|inactive|C0ld as Ice has 120 seconds left.\n|inactive|C0ld as Ice has 90 seconds left.\n|inactive|C0ld as Ice has 60 seconds left.\n|\n|t:|1700401383\n|start\n|switch|p1a: Yveltal|Yveltal, shiny|100\/100\n|switch|p2a: Groudon|Groudon, L99, shiny|100\/100\n|-ability|p1a: Yveltal|Dark Aura\n|detailschange|p2a: Groudon|Groudon-Primal, L99, shiny\n|-primal|p2a: Groudon|Red Orb\n|-weather|DesolateLand|[from] ability: Desolate Land|[of] p2a: Groudon\n|turn|1\n|\n|t:|1700401403\n|-weather|none\n|switch|p2a: Ho-Oh|Ho-Oh, shiny|100\/100\n|move|p1a: Yveltal|Dark Pulse|p2a: Ho-Oh\n|-crit|p2a: Ho-Oh\n|-damage|p2a: Ho-Oh|54\/100\n|\n|upkeep\n|turn|2\n|inactive|C0ld as Ice has 120 seconds left.\n|\n|t:|1700401410\n|switch|p2a: Arceus|Arceus-Ground, shiny|100\/100\n|-zpower|p1a: Yveltal\n|move|p1a: Yveltal|Supersonic Skystrike|p2a: Arceus|[zeffect]\n|-damage|p2a: Arceus|50\/100\n|\n|upkeep\n|turn|3\n|\n|t:|1700401416\n|move|p2a: Arceus|Calm Mind|p2a: Arceus\n|-boost|p2a: Arceus|spa|1\n|-boost|p2a: Arceus|spd|1\n|move|p1a: Yveltal|Dark Pulse|p2a: Arceus\n|-damage|p2a: Arceus|26\/100\n|\n|upkeep\n|turn|4\n|\n|t:|1700401420\n|switch|p1a: Kyogre|Kyogre, shiny|100\/100\n|detailschange|p1a: Kyogre|Kyogre-Primal, shiny\n|-primal|p1a: Kyogre|Blue Orb\n|-weather|PrimordialSea|[from] ability: Primordial Sea|[of] p1a: Kyogre\n|move|p2a: Arceus|Recover|p2a: Arceus\n|-heal|p2a: Arceus|76\/100\n|\n|-weather|PrimordialSea|[upkeep]\n|upkeep\n|turn|5\n|\n|t:|1700401432\n|-terastallize|p2a: Arceus|Water\n|move|p2a: Arceus|Judgment|p1a: Kyogre\n|-damage|p1a: Kyogre|62\/100\n|move|p1a: Kyogre|Ice Beam|p2a: Arceus\n|-resisted|p2a: Arceus\n|-damage|p2a: Arceus|67\/100\n|\n|-weather|PrimordialSea|[upkeep]\n|upkeep\n|turn|6\n|\n|t:|1700401441\n|move|p2a: Arceus|Judgment|p1a: Kyogre\n|-damage|p1a: Kyogre|22\/100\n|move|p1a: Kyogre|Thunder|p2a: Arceus\n|-supereffective|p2a: Arceus\n|-damage|p2a: Arceus|22\/100\n|\n|-weather|PrimordialSea|[upkeep]\n|upkeep\n|turn|7\n|\n|t:|1700401454\n|move|p2a: Arceus|Judgment|p1a: Kyogre\n|-damage|p1a: Kyogre|0 fnt\n|faint|p1a: Kyogre\n|-weather|none\n|\n|upkeep\n|\n|t:|1700401462\n|switch|p1a: Arceus|Arceus, shiny|100\/100\n|turn|8\n|\n|t:|1700401470\n|switch|p2a: Yveltal|Yveltal, shiny|100\/100\n|-ability|p2a: Yveltal|Dark Aura\n|move|p1a: Arceus|Swords Dance|p1a: Arceus\n|-boost|p1a: Arceus|atk|2\n|\n|upkeep\n|turn|9\n|\n|t:|1700401477\n|move|p2a: Yveltal|Foul Play|p1a: Arceus\n|-damage|p1a: Arceus|4\/100\n|move|p1a: Arceus|Swords Dance|p1a: Arceus\n|-boost|p1a: Arceus|atk|2\n|\n|-heal|p1a: Arceus|10\/100|[from] item: Leftovers\n|upkeep\n|turn|10\n|\n|t:|1700401483\n|move|p1a: Arceus|Extreme Speed|p2a: Yveltal\n|-damage|p2a: Yveltal|21\/100\n|move|p2a: Yveltal|U-turn|p1a: Arceus\n|-damage|p1a: Arceus|0 fnt\n|faint|p1a: Arceus\n|\n|t:|1700401493\n|switch|p2a: Arceus|Arceus-Ground, shiny, tera:Water|22\/100|[from] U-turn\n|\n|upkeep\n|\n|t:|1700401500\n|switch|p1a: Yveltal|Yveltal, shiny|100\/100\n|-ability|p1a: Yveltal|Dark Aura\n|turn|11\n|\n|t:|1700401505\n|move|p2a: Arceus|Recover|p2a: Arceus\n|-heal|p2a: Arceus|73\/100\n|move|p1a: Yveltal|Dark Pulse|p2a: Arceus\n|-damage|p2a: Arceus|40\/100\n|\n|upkeep\n|turn|12\n|\n|t:|1700401510\n|move|p2a: Arceus|Calm Mind|p2a: Arceus\n|-boost|p2a: Arceus|spa|1\n|-boost|p2a: Arceus|spd|1\n|move|p1a: Yveltal|Dark Pulse|p2a: Arceus\n|-damage|p2a: Arceus|18\/100\n|\n|upkeep\n|turn|13\n|\n|t:|1700401519\n|switch|p1a: Necrozma|Necrozma-Dusk-Mane, shiny|100\/100\n|move|p2a: Arceus|Recover|p2a: Arceus\n|-heal|p2a: Arceus|68\/100\n|\n|upkeep\n|turn|14\n|\n|t:|1700401525\n|move|p2a: Arceus|Judgment|p1a: Necrozma\n|-supereffective|p1a: Necrozma\n|-damage|p1a: Necrozma|19\/100\n|-enditem|p1a: Necrozma|Weakness Policy\n|-boost|p1a: Necrozma|atk|2|[from] item: Weakness Policy\n|-boost|p1a: Necrozma|spa|2|[from] item: Weakness Policy\n|move|p1a: Necrozma|Photon Geyser|p2a: Arceus\n|-damage|p2a: Arceus|0 fnt\n|faint|p2a: Arceus\n|\n|upkeep\n|\n|t:|1700401531\n|switch|p2a: Marshadow|Marshadow|100\/100\n|turn|15\n|\n|t:|1700401537\n|switch|p1a: Yveltal|Yveltal, shiny|100\/100\n|-ability|p1a: Yveltal|Dark Aura\n|move|p2a: Marshadow|Close Combat|p1a: Yveltal\n|-damage|p1a: Yveltal|2\/100\n|-unboost|p2a: Marshadow|def|1\n|-unboost|p2a: Marshadow|spd|1\n|\n|upkeep\n|turn|16\n|\n|t:|1700401542\n|move|p1a: Yveltal|Sucker Punch|p2a: Marshadow\n|-damage|p2a: Marshadow|23\/100\n|move|p2a: Marshadow|Close Combat|p1a: Yveltal\n|-damage|p1a: Yveltal|0 fnt\n|-unboost|p2a: Marshadow|def|1\n|-unboost|p2a: Marshadow|spd|1\n|faint|p1a: Yveltal\n|\n|upkeep\n|\n|t:|1700401553\n|switch|p1a: Calyrex|Calyrex-Ice|100\/100\n|-ability|p1a: Calyrex|As One\n|-ability|p1a: Calyrex|Unnerve\n|turn|17\n|\n|t:|1700401560\n|switch|p2a: Necrozma|Necrozma-Dusk-Mane, shiny|100\/100\n|move|p1a: Calyrex|Trick Room|p1a: Calyrex\n|-fieldstart|move: Trick Room|[of] p1a: Calyrex\n|\n|upkeep\n|turn|18\n|\n|t:|1700401566\n|move|p1a: Calyrex|Glacial Lance|p2a: Necrozma\n|-resisted|p2a: Necrozma\n|-damage|p2a: Necrozma|74\/100\n|move|p2a: Necrozma|Moonlight|p2a: Necrozma\n|-heal|p2a: Necrozma|100\/100\n|\n|upkeep\n|turn|19\n|\n|t:|1700401577\n|switch|p1a: Zygarde|Zygarde, shiny|100\/100\n|move|p2a: Necrozma|Dragon Dance|p2a: Necrozma\n|-boost|p2a: Necrozma|atk|1\n|-boost|p2a: Necrozma|spe|1\n|\n|upkeep\n|turn|20\n|\n|t:|1700401582\n|switch|p2a: Ho-Oh|Ho-Oh, shiny|87\/100\n|move|p1a: Zygarde|Coil|p1a: Zygarde\n|-boost|p1a: Zygarde|atk|1\n|-boost|p1a: Zygarde|def|1\n|-boost|p1a: Zygarde|accuracy|1\n|\n|upkeep\n|turn|21\n|\n|t:|1700401586\n|move|p2a: Ho-Oh|Sacred Fire|p1a: Zygarde\n|-resisted|p1a: Zygarde\n|-damage|p1a: Zygarde|84\/100\n|-status|p1a: Zygarde|brn\n|move|p1a: Zygarde|Substitute|p1a: Zygarde\n|-start|p1a: Zygarde|Substitute\n|-damage|p1a: Zygarde|59\/100 brn\n|\n|-heal|p1a: Zygarde|65\/100 brn|[from] item: Leftovers\n|-damage|p1a: Zygarde|59\/100 brn|[from] brn\n|-fieldend|move: Trick Room\n|upkeep\n|turn|22\n|\n|t:|1700401593\n|switch|p2a: Yveltal|Yveltal, shiny|21\/100\n|-ability|p2a: Yveltal|Dark Aura\n|move|p1a: Zygarde|Coil|p1a: Zygarde\n|-boost|p1a: Zygarde|atk|1\n|-boost|p1a: Zygarde|def|1\n|-boost|p1a: Zygarde|accuracy|1\n|\n|-heal|p1a: Zygarde|65\/100 brn|[from] item: Leftovers\n|-damage|p1a: Zygarde|59\/100 brn|[from] brn\n|upkeep\n|turn|23\n|\n|t:|1700401598\n|move|p1a: Zygarde|Extreme Speed|p2a: Yveltal\n|-damage|p2a: Yveltal|4\/100\n|move|p2a: Yveltal|Roost|p2a: Yveltal\n|-heal|p2a: Yveltal|54\/100\n|-singleturn|p2a: Yveltal|move: Roost\n|\n|-heal|p1a: Zygarde|65\/100 brn|[from] item: Leftovers\n|-damage|p1a: Zygarde|59\/100 brn|[from] brn\n|upkeep\n|turn|24\n|\n|t:|1700401606\n|move|p2a: Yveltal|Roost|p2a: Yveltal\n|-heal|p2a: Yveltal|100\/100\n|-singleturn|p2a: Yveltal|move: Roost\n|move|p1a: Zygarde|Thousand Arrows|p2a: Yveltal\n|-damage|p2a: Yveltal|72\/100\n|\n|-heal|p1a: Zygarde|65\/100 brn|[from] item: Leftovers\n|-damage|p1a: Zygarde|59\/100 brn|[from] brn\n|upkeep\n|turn|25\n|\n|t:|1700401610\n|move|p2a: Yveltal|U-turn|p1a: Zygarde\n|-activate|p1a: Zygarde|move: Substitute|[damage]\n|\n|t:|1700401612\n|switch|p2a: Ho-Oh|Ho-Oh, shiny|100\/100|[from] U-turn\n|move|p1a: Zygarde|Coil|p1a: Zygarde\n|-boost|p1a: Zygarde|atk|1\n|-boost|p1a: Zygarde|def|1\n|-boost|p1a: Zygarde|accuracy|1\n|\n|-heal|p1a: Zygarde|65\/100 brn|[from] item: Leftovers\n|-damage|p1a: Zygarde|59\/100 brn|[from] brn\n|upkeep\n|turn|26\n|\n|t:|1700401622\n|move|p1a: Zygarde|Coil|p1a: Zygarde\n|-boost|p1a: Zygarde|atk|1\n|-boost|p1a: Zygarde|def|1\n|-boost|p1a: Zygarde|accuracy|1\n|move|p2a: Ho-Oh|Whirlwind|p1a: Zygarde\n|drag|p1a: Calyrex|Calyrex-Ice|100\/100\n|-ability|p1a: Calyrex|As One\n|-ability|p1a: Calyrex|Unnerve\n|\n|upkeep\n|turn|27\n|\n|t:|1700401632\n|switch|p2a: Necrozma|Necrozma-Dusk-Mane, shiny|100\/100\n|move|p1a: Calyrex|Trick Room|p1a: Calyrex\n|-fieldstart|move: Trick Room|[of] p1a: Calyrex\n|\n|upkeep\n|turn|28\n|\n|t:|1700401642\n|move|p1a: Calyrex|Aromatherapy|p1a: Calyrex\n|-activate|p1a: Calyrex|move: Aromatherapy\n|-curestatus|p1: Zygarde|brn|[msg]\n|move|p2a: Necrozma|Dragon Dance|p2a: Necrozma\n|-boost|p2a: Necrozma|atk|1\n|-boost|p2a: Necrozma|spe|1\n|\n|upkeep\n|turn|29\n|\n|t:|1700401650\n|move|p1a: Calyrex|Glacial Lance|p2a: Necrozma\n|-resisted|p2a: Necrozma\n|-damage|p2a: Necrozma|71\/100\n|move|p2a: Necrozma|Sunsteel Strike|p1a: Calyrex\n|-supereffective|p1a: Calyrex\n|-damage|p1a: Calyrex|12\/100\n|\n|-heal|p1a: Calyrex|19\/100|[from] item: Leftovers\n|upkeep\n|turn|30\n|\n|t:|1700401664\n|move|p1a: Calyrex|Glacial Lance|p2a: Necrozma\n|-resisted|p2a: Necrozma\n|-crit|p2a: Necrozma\n|-damage|p2a: Necrozma|26\/100\n|move|p2a: Necrozma|Moonlight|p2a: Necrozma\n|-heal|p2a: Necrozma|76\/100\n|\n|-heal|p1a: Calyrex|25\/100|[from] item: Leftovers\n|upkeep\n|turn|31\n|\n|t:|1700401674\n|move|p1a: Calyrex|Glacial Lance|p2a: Necrozma\n|-resisted|p2a: Necrozma\n|-damage|p2a: Necrozma|47\/100\n|move|p2a: Necrozma|Dragon Dance|p2a: Necrozma\n|-boost|p2a: Necrozma|atk|1\n|-boost|p2a: Necrozma|spe|1\n|\n|-heal|p1a: Calyrex|31\/100|[from] item: Leftovers\n|-fieldend|move: Trick Room\n|upkeep\n|turn|32\n|\n|t:|1700401681\n|move|p2a: Necrozma|Sunsteel Strike|p1a: Calyrex\n|-supereffective|p1a: Calyrex\n|-damage|p1a: Calyrex|0 fnt\n|faint|p1a: Calyrex\n|\n|upkeep\n|\n|t:|1700401685\n|switch|p1a: Zygarde|Zygarde, shiny|59\/100\n|turn|33\n|\n|t:|1700401692\n|-zpower|p2a: Necrozma\n|move|p2a: Necrozma|Searing Sunraze Smash|p1a: Zygarde|[zeffect]\n|-damage|p1a: Zygarde|0 fnt\n|faint|p1a: Zygarde\n|\n|upkeep\n|\n|t:|1700401698\n|switch|p1a: Necrozma|Necrozma-Dusk-Mane, shiny|19\/100\n|turn|34\n|\n|t:|1700401704\n|move|p2a: Necrozma|Sunsteel Strike|p1a: Necrozma\n|-resisted|p1a: Necrozma\n|-damage|p1a: Necrozma|0 fnt\n|faint|p1a: Necrozma\n|\n|win|C0ld as Ice\n|raw|Muhammad siam's rating: 1693 &rarr; <strong>1684<\/strong><br \/>(-9 for losing)\n|raw|C0ld as Ice's rating: 1900 &rarr; <strong>1909<\/strong><br \/>(+9 for winning)\n|l|\u2606C0ld as Ice\n","uploadtime":1700401728,"views":4,"p1id":"muhammadsiam","p2id":"c0ldasice","formatid":"gen9nationaldexubers","rating":1684,"private":0,"password":""}