{"id":"gen9nationaldexubers-1982420880","p1":"C0ld as Ice","p2":"KurumiTokisakilove","format":"[Gen 9] National Dex Ubers","log":"|j|\u2606C0ld as Ice\n|j|\u2606KurumiTokisakilove\n|t:|1699012663\n|gametype|singles\n|player|p1|C0ld as Ice|schoolkid-gen4dp|1755\n|player|p2|KurumiTokisakilove|sabrina-gen2|1924\n|teamsize|p1|6\n|teamsize|p2|6\n|gen|9\n|tier|[Gen 9] National Dex Ubers\n|rated|\n|rule|HP Percentage Mod: HP is shown in percentages\n|rule|Endless Battle Clause: Forcing endless battles is banned\n|rule|OHKO Clause: OHKO moves are banned\n|rule|Evasion Moves Clause: Evasion moves are banned\n|rule|Evasion Items Clause: Evasion items are banned\n|rule|Species Clause: Limit one of each Pok\u00e9mon\n|rule|Sleep Clause Mod: Limit one foe put to sleep\n|rule|Mega Rayquaza Clause: You cannot mega evolve Rayquaza\n|clearpoke\n|poke|p1|Aerodactyl, M|\n|poke|p1|Arceus-Ground|\n|poke|p1|Deoxys-Speed|\n|poke|p1|Kingambit, F|\n|poke|p1|Salamence, M|\n|poke|p1|Groudon|\n|poke|p2|Ho-Oh|\n|poke|p2|Yveltal|\n|poke|p2|Ditto|\n|poke|p2|Magearna|\n|poke|p2|Necrozma-Dusk-Mane|\n|poke|p2|Arceus-Ground|\n|teampreview\n|inactive|Battle timer is ON: inactive players will automatically lose when time's up. (requested by KurumiTokisakilove)\n|inactive|C0ld as Ice also wants the timer to be on.\n|inactive|C0ld as Ice has 120 seconds left.\n|\n|t:|1699012711\n|start\n|switch|p1a: Aerodactyl|Aerodactyl, M|100\/100\n|switch|p2a: Necrozma|Necrozma-Dusk-Mane|100\/100\n|-ability|p1a: Aerodactyl|Pressure\n|turn|1\n|inactive|C0ld as Ice has 120 seconds left.\n|\n|t:|1699012745\n|move|p1a: Aerodactyl|Taunt|p2a: Necrozma\n|-start|p2a: Necrozma|move: Taunt\n|move|p2a: Necrozma|Photon Geyser|p1a: Aerodactyl\n|-crit|p1a: Aerodactyl\n|-damage|p1a: Aerodactyl|16\/100\n|\n|upkeep\n|turn|2\n|\n|t:|1699012749\n|move|p1a: Aerodactyl|Stealth Rock|p2a: Necrozma\n|-sidestart|p2: KurumiTokisakilove|move: Stealth Rock\n|move|p2a: Necrozma|Photon Geyser|p1a: Aerodactyl\n|-damage|p1a: Aerodactyl|0 fnt\n|faint|p1a: Aerodactyl\n|\n|upkeep\n|\n|t:|1699012756\n|switch|p1a: Arceus|Arceus-Ground, shiny|100\/100\n|turn|3\n|\n|t:|1699012763\n|switch|p2a: Yveltal|Yveltal, shiny|100\/100\n|-ability|p2a: Yveltal|Dark Aura\n|move|p1a: Arceus|Dragon Dance|p1a: Arceus\n|-boost|p1a: Arceus|atk|1\n|-boost|p1a: Arceus|spe|1\n|\n|upkeep\n|turn|4\n|\n|t:|1699012769\n|move|p1a: Arceus|Stone Edge|p2a: Yveltal\n|-supereffective|p2a: Yveltal\n|-damage|p2a: Yveltal|35\/100\n|move|p2a: Yveltal|Defog|p1a: Arceus\n|-unboost|p1a: Arceus|evasion|1\n|-sideend|p2: KurumiTokisakilove|Stealth Rock|[from] move: Defog|[of] p2a: Yveltal\n|\n|upkeep\n|turn|5\n|\n|t:|1699012778\n|switch|p2a: Arceus|Arceus-Ground|100\/100\n|move|p1a: Arceus|Stone Edge|p2a: Arceus\n|-resisted|p2a: Arceus\n|-damage|p2a: Arceus|83\/100\n|\n|upkeep\n|turn|6\n|\n|t:|1699012801\n|switch|p2a: Ho-Oh|Ho-Oh|100\/100\n|-zpower|p1a: Arceus\n|move|p1a: Arceus|Tectonic Rage|p2a: Ho-Oh|[zeffect]\n|-immune|p2a: Ho-Oh\n|\n|upkeep\n|turn|7\n|\n|t:|1699012815\n|-terastallize|p2a: Ho-Oh|Ground\n|move|p1a: Arceus|Earthquake|p2a: Ho-Oh\n|-damage|p2a: Ho-Oh|18\/100\n|move|p2a: Ho-Oh|Sacred Fire|p1a: Arceus\n|-damage|p1a: Arceus|49\/100\n|-status|p1a: Arceus|brn\n|\n|-damage|p1a: Arceus|43\/100 brn|[from] brn\n|upkeep\n|turn|8\n|\n|t:|1699012827\n|switch|p2a: Arceus|Arceus-Ground|83\/100\n|move|p1a: Arceus|Earthquake|p2a: Arceus\n|-damage|p2a: Arceus|58\/100\n|\n|-damage|p1a: Arceus|37\/100 brn|[from] brn\n|upkeep\n|turn|9\n|\n|t:|1699012830\n|switch|p2a: Ho-Oh|Ho-Oh, tera:Ground|51\/100\n|move|p1a: Arceus|Taunt|p2a: Ho-Oh\n|-start|p2a: Ho-Oh|move: Taunt\n|\n|-damage|p1a: Arceus|31\/100 brn|[from] brn\n|upkeep\n|turn|10\n|\n|t:|1699012837\n|move|p1a: Arceus|Earthquake|p2a: Ho-Oh\n|-damage|p2a: Ho-Oh|7\/100\n|move|p2a: Ho-Oh|Earthquake|p1a: Arceus\n|-damage|p1a: Arceus|0 fnt\n|faint|p1a: Arceus\n|\n|upkeep\n|\n|t:|1699012858\n|switch|p1a: Deoxys|Deoxys-Speed|100\/100\n|-ability|p1a: Deoxys|Pressure\n|turn|11\n|\n|t:|1699012867\n|switch|p2a: Necrozma|Necrozma-Dusk-Mane|100\/100\n|move|p1a: Deoxys|Spikes|p2a: Necrozma\n|-sidestart|p2: KurumiTokisakilove|Spikes\n|\n|upkeep\n|turn|12\n|\n|t:|1699012873\n|move|p1a: Deoxys|Taunt|p2a: Necrozma\n|-start|p2a: Necrozma|move: Taunt\n|cant|p2a: Necrozma|move: Taunt|Stealth Rock\n|\n|upkeep\n|turn|13\n|\n|t:|1699012877\n|switch|p2a: Ho-Oh|Ho-Oh, tera:Ground|40\/100\n|-damage|p2a: Ho-Oh|27\/100|[from] Spikes\n|move|p1a: Deoxys|Light Screen|p1a: Deoxys\n|-sidestart|p1: C0ld as Ice|move: Light Screen\n|\n|upkeep\n|turn|14\n|\n|t:|1699012885\n|move|p1a: Deoxys|Reflect|p1a: Deoxys\n|-sidestart|p1: C0ld as Ice|Reflect\n|move|p2a: Ho-Oh|Earthquake|p1a: Deoxys\n|-damage|p1a: Deoxys|52\/100\n|\n|upkeep\n|turn|15\n|\n|t:|1699012890\n|switch|p2a: Yveltal|Yveltal, shiny|35\/100\n|-ability|p2a: Yveltal|Dark Aura\n|move|p1a: Deoxys|Taunt|p2a: Yveltal\n|-start|p2a: Yveltal|move: Taunt\n|\n|upkeep\n|turn|16\n|\n|t:|1699012893\n|switch|p2a: Ho-Oh|Ho-Oh, tera:Ground|61\/100\n|-damage|p2a: Ho-Oh|48\/100|[from] Spikes\n|move|p1a: Deoxys|Spikes|p2a: Ho-Oh\n|-sidestart|p2: KurumiTokisakilove|Spikes\n|\n|upkeep\n|turn|17\n|\n|t:|1699012896\n|switch|p2a: Yveltal|Yveltal, shiny|35\/100\n|-ability|p2a: Yveltal|Dark Aura\n|move|p1a: Deoxys|Taunt|p2a: Yveltal\n|-start|p2a: Yveltal|move: Taunt\n|\n|upkeep\n|turn|18\n|\n|t:|1699012899\n|switch|p2a: Ho-Oh|Ho-Oh, tera:Ground|81\/100\n|-damage|p2a: Ho-Oh|65\/100|[from] Spikes\n|move|p1a: Deoxys|Spikes|p2a: Ho-Oh\n|-sidestart|p2: KurumiTokisakilove|Spikes\n|\n|upkeep\n|turn|19\n|\n|t:|1699012903\n|switch|p2a: Yveltal|Yveltal, shiny|35\/100\n|-ability|p2a: Yveltal|Dark Aura\n|move|p1a: Deoxys|Taunt|p2a: Yveltal\n|-start|p2a: Yveltal|move: Taunt\n|\n|upkeep\n|turn|20\n|\n|t:|1699012912\n|switch|p1a: Salamence|Salamence, M|100\/100\n|-ability|p1a: Salamence|Intimidate|boost\n|-unboost|p2a: Yveltal|atk|1\n|move|p2a: Yveltal|Foul Play|p1a: Salamence\n|-crit|p1a: Salamence\n|-damage|p1a: Salamence|0 fnt\n|faint|p1a: Salamence\n|\n|-sideend|p1: C0ld as Ice|move: Light Screen\n|upkeep\n|\n|t:|1699012921\n|switch|p1a: Groudon|Groudon, shiny|100\/100\n|detailschange|p1a: Groudon|Groudon-Primal, shiny\n|-primal|p1a: Groudon|Red Orb\n|-weather|DesolateLand|[from] ability: Desolate Land|[of] p1a: Groudon\n|turn|21\n|\n|t:|1699012934\n|switch|p2a: Arceus|Arceus-Ground|58\/100\n|-damage|p2a: Arceus|33\/100|[from] Spikes\n|move|p1a: Groudon|Rock Polish|p1a: Groudon\n|-boost|p1a: Groudon|spe|2\n|\n|-weather|DesolateLand|[upkeep]\n|-sideend|p1: C0ld as Ice|Reflect\n|upkeep\n|turn|22\n|\n|t:|1699012939\n|move|p1a: Groudon|Precipice Blades|p2a: Arceus|[miss]\n|-miss|p1a: Groudon|p2a: Arceus\n|move|p2a: Arceus|Judgment|p1a: Groudon\n|-supereffective|p1a: Groudon\n|-damage|p1a: Groudon|0 fnt\n|faint|p1a: Groudon\n|-weather|none\n|\n|upkeep\n|-message|C0ld as Ice forfeited.\n|\n|win|KurumiTokisakilove\n|raw|C0ld as Ice's rating: 1755 &rarr; <strong>1744<\/strong><br \/>(-11 for losing)\n|raw|KurumiTokisakilove's rating: 1924 &rarr; <strong>1935<\/strong><br \/>(+11 for winning)\n","uploadtime":1699012957,"views":21,"p1id":"c0ldasice","p2id":"kurumitokisakilove","formatid":"gen9nationaldexubers","rating":1744,"private":0,"password":""}