{"id":"gen9nationaldexubers-1988081266","p1":"G_egg177","p2":"bananaszn","format":"[Gen 9] National Dex Ubers","log":"|j|\u203dG_egg177\n|j|\u2606bananaszn\n|t:|1699667218\n|gametype|singles\n|player|p1|G_egg177|red|1047\n|player|p2|bananaszn|brycen|1053\n|teamsize|p1|6\n|teamsize|p2|6\n|gen|9\n|tier|[Gen 9] National Dex Ubers\n|rated|\n|rule|HP Percentage Mod: HP is shown in percentages\n|rule|Endless Battle Clause: Forcing endless battles is banned\n|rule|OHKO Clause: OHKO moves are banned\n|rule|Evasion Moves Clause: Evasion moves are banned\n|rule|Evasion Items Clause: Evasion items are banned\n|rule|Species Clause: Limit one of each Pok\u00e9mon\n|rule|Sleep Clause Mod: Limit one foe put to sleep\n|rule|Mega Rayquaza Clause: You cannot mega evolve Rayquaza\n|clearpoke\n|poke|p1|Pikachu, F|\n|poke|p1|Venusaur, M|\n|poke|p1|Blastoise, F|\n|poke|p1|Charizard, M|\n|poke|p1|Snorlax, F|\n|poke|p1|Mewtwo|\n|poke|p2|Zacian-*|\n|poke|p2|Arboliva, M|\n|poke|p2|Groudon|\n|poke|p2|Basculegion, M|\n|poke|p2|Lugia|\n|poke|p2|Ribombee, F|\n|teampreview\n|inactive|Battle timer is ON: inactive players will automatically lose when time's up. (requested by G_egg177)\n|c|\u2606bananaszn|good old gen 1\n|\n|t:|1699667229\n|start\n|switch|p1a: Blastoise|Blastoise, F|100\/100\n|switch|p2a: Groudon|Groudon|100\/100\n|-weather|SunnyDay|[from] ability: Drought|[of] p2a: Groudon\n|turn|1\n|\n|t:|1699667237\n|move|p1a: Blastoise|Shell Smash|p1a: Blastoise\n|-unboost|p1a: Blastoise|def|1\n|-unboost|p1a: Blastoise|spd|1\n|-boost|p1a: Blastoise|atk|2\n|-boost|p1a: Blastoise|spa|2\n|-boost|p1a: Blastoise|spe|2\n|move|p2a: Groudon|Stealth Rock|p1a: Blastoise\n|-sidestart|p1: G_egg177|move: Stealth Rock\n|\n|-weather|SunnyDay|[upkeep]\n|upkeep\n|turn|2\n|j| I like Glaceon yay\n|\n|t:|1699667251\n|move|p2a: Groudon|Protect|p2a: Groudon\n|-singleturn|p2a: Groudon|Protect\n|move|p1a: Blastoise|Shell Smash|p1a: Blastoise\n|-unboost|p1a: Blastoise|def|1\n|-unboost|p1a: Blastoise|spd|1\n|-boost|p1a: Blastoise|atk|2\n|-boost|p1a: Blastoise|spa|2\n|-boost|p1a: Blastoise|spe|2\n|\n|-weather|SunnyDay|[upkeep]\n|upkeep\n|turn|3\n|c| I like Glaceon yay|\u2026.\n|c|\u2606bananaszn|yikes\n|c| I like Glaceon yay|Yes\n|\n|t:|1699667266\n|move|p1a: Blastoise|Shell Smash|p1a: Blastoise\n|-unboost|p1a: Blastoise|def|1\n|-unboost|p1a: Blastoise|spd|1\n|-boost|p1a: Blastoise|atk|2\n|-boost|p1a: Blastoise|spa|2\n|-boost|p1a: Blastoise|spe|2\n|move|p2a: Groudon|Spikes|p1a: Blastoise\n|-sidestart|p1: G_egg177|Spikes\n|\n|-weather|SunnyDay|[upkeep]\n|upkeep\n|turn|4\n|\n|t:|1699667275\n|-terastallize|p1a: Blastoise|Water\n|move|p1a: Blastoise|Waterfall|p2a: Groudon\n|-supereffective|p2a: Groudon\n|-damage|p2a: Groudon|0 fnt\n|faint|p2a: Groudon\n|\n|-weather|SunnyDay|[upkeep]\n|upkeep\n|\n|t:|1699667279\n|switch|p2a: Lugia|Lugia|100\/100\n|turn|5\n|\n|t:|1699667283\n|move|p1a: Blastoise|Ice Punch|p2a: Lugia\n|-supereffective|p2a: Lugia\n|-damage|p2a: Lugia|42\/100\n|-damage|p1a: Blastoise|84\/100|[from] item: Rocky Helmet|[of] p2a: Lugia\n|move|p2a: Lugia|Whirlwind|p1a: Blastoise\n|drag|p1a: Venusaur|Venusaur, M|100\/100\n|-damage|p1a: Venusaur|88\/100|[from] Stealth Rock\n|-damage|p1a: Venusaur|76\/100|[from] Spikes\n|\n|-weather|none\n|-heal|p1a: Venusaur|82\/100|[from] item: Leftovers\n|upkeep\n|turn|6\n|c|\u2606bananaszn|multiscale\n|\n|t:|1699667296\n|move|p2a: Lugia|Roost|p2a: Lugia\n|-heal|p2a: Lugia|92\/100\n|-singleturn|p2a: Lugia|move: Roost\n|move|p1a: Venusaur|Toxic|p2a: Lugia\n|-status|p2a: Lugia|tox\n|\n|-heal|p1a: Venusaur|88\/100|[from] item: Leftovers\n|-damage|p2a: Lugia|86\/100 tox|[from] psn\n|upkeep\n|turn|7\n|\n|t:|1699667305\n|move|p1a: Venusaur|Leech Seed|p2a: Lugia|[miss]\n|-miss|p1a: Venusaur|p2a: Lugia\n|move|p2a: Lugia|Whirlwind|p1a: Venusaur\n|drag|p1a: Snorlax|Snorlax, F|100\/100\n|-damage|p1a: Snorlax|88\/100|[from] Stealth Rock\n|-damage|p1a: Snorlax|76\/100|[from] Spikes\n|\n|-damage|p2a: Lugia|74\/100 tox|[from] psn\n|-status|p1a: Snorlax|brn|[from] item: Flame Orb\n|upkeep\n|turn|8\n|\n|t:|1699667318\n|move|p2a: Lugia|Protect|p2a: Lugia\n|-singleturn|p2a: Lugia|Protect\n|move|p1a: Snorlax|Facade|p2a: Lugia\n|-activate|p2a: Lugia|move: Protect\n|\n|-damage|p2a: Lugia|56\/100 tox|[from] psn\n|-damage|p1a: Snorlax|70\/100 brn|[from] brn\n|upkeep\n|turn|9\n|c| I like Glaceon yay|VELLY DRUM\n|\n|t:|1699667327\n|switch|p2a: Basculegion|Basculegion, M|100\/100\n|move|p1a: Snorlax|Facade|p2a: Basculegion\n|-immune|p2a: Basculegion\n|\n|-damage|p1a: Snorlax|64\/100 brn|[from] brn\n|upkeep\n|turn|10\n|\n|t:|1699667337\n|move|p2a: Basculegion|Flip Turn|p1a: Snorlax\n|-damage|p1a: Snorlax|32\/100 brn\n|\n|t:|1699667345\n|switch|p2a: Zacian|Zacian-Crowned|100\/100|[from] Flip Turn\n|-ability|p2a: Zacian|Intrepid Sword|boost\n|-boost|p2a: Zacian|atk|1\n|move|p1a: Snorlax|Darkest Lariat|p2a: Zacian\n|-resisted|p2a: Zacian\n|-damage|p2a: Zacian|94\/100\n|\n|-damage|p1a: Snorlax|26\/100 brn|[from] brn\n|upkeep\n|turn|11\n|\n|t:|1699667356\n|move|p2a: Zacian|Behemoth Blade|p1a: Snorlax\n|-damage|p1a: Snorlax|0 fnt\n|faint|p1a: Snorlax\n|\n|upkeep\n|c|\u2606bananaszn|needed to handle that big guy\n|c|\u2606bananaszn|we continue the trolling tho\n|\n|t:|1699667378\n|switch|p1a: Blastoise|Blastoise, F, tera:Water|84\/100\n|-damage|p1a: Blastoise|71\/100|[from] Stealth Rock\n|-damage|p1a: Blastoise|59\/100|[from] Spikes\n|turn|12\n|\n|t:|1699667390\n|switch|p2a: Ribombee|Ribombee, F|100\/100\n|move|p1a: Blastoise|Waterfall|p2a: Ribombee\n|-damage|p2a: Ribombee|8\/100\n|\n|upkeep\n|turn|13\n|\n|t:|1699667397\n|move|p1a: Blastoise|Aqua Jet|p2a: Ribombee\n|-damage|p2a: Ribombee|0 fnt\n|faint|p2a: Ribombee\n|\n|upkeep\n|\n|t:|1699667407\n|switch|p2a: Lugia|Lugia|56\/100 tox\n|turn|14\n|\n|t:|1699667419\n|move|p2a: Lugia|Roost|p2a: Lugia\n|-heal|p2a: Lugia|100\/100 tox\n|-singleturn|p2a: Lugia|move: Roost\n|move|p1a: Blastoise|Ice Punch|p2a: Lugia\n|-crit|p2a: Lugia\n|-damage|p2a: Lugia|90\/100 tox\n|-damage|p1a: Blastoise|42\/100|[from] item: Rocky Helmet|[of] p2a: Lugia\n|\n|-damage|p2a: Lugia|84\/100 tox|[from] psn\n|upkeep\n|turn|15\n|\n|t:|1699667440\n|-terastallize|p2a: Lugia|Psychic\n|move|p2a: Lugia|Toxic|p1a: Blastoise\n|-status|p1a: Blastoise|tox\n|move|p1a: Blastoise|Ice Punch|p2a: Lugia\n|-damage|p2a: Lugia|71\/100 tox\n|-damage|p1a: Blastoise|26\/100 tox|[from] item: Rocky Helmet|[of] p2a: Lugia\n|\n|-damage|p2a: Lugia|59\/100 tox|[from] psn\n|-damage|p1a: Blastoise|20\/100 tox|[from] psn\n|upkeep\n|turn|16\n|\n|t:|1699667451\n|move|p2a: Lugia|Protect|p2a: Lugia\n|-singleturn|p2a: Lugia|Protect\n|move|p1a: Blastoise|Waterfall|p2a: Lugia\n|-activate|p2a: Lugia|move: Protect\n|\n|-damage|p2a: Lugia|41\/100 tox|[from] psn\n|-damage|p1a: Blastoise|8\/100 tox|[from] psn\n|upkeep\n|turn|17\n|\n|t:|1699667460\n|switch|p2a: Zacian|Zacian-Crowned|94\/100\n|move|p1a: Blastoise|Waterfall|p2a: Zacian\n|-damage|p2a: Zacian|36\/100\n|\n|-damage|p1a: Blastoise|0 fnt|[from] psn\n|faint|p1a: Blastoise\n|upkeep\n|\n|t:|1699667474\n|switch|p1a: Pikachu|Pikachu, F|100\/100\n|-damage|p1a: Pikachu|88\/100|[from] Stealth Rock\n|-damage|p1a: Pikachu|76\/100|[from] Spikes\n|turn|18\n|\n|t:|1699667486\n|move|p2a: Zacian|Play Rough|p1a: Pikachu|[miss]\n|-miss|p2a: Zacian|p1a: Pikachu\n|move|p1a: Pikachu|Hidden Power|p2a: Zacian\n|-supereffective|p2a: Zacian\n|-damage|p2a: Zacian|0 fnt\n|faint|p2a: Zacian\n|\n|upkeep\n|\n|t:|1699667493\n|switch|p2a: Arboliva|Arboliva, M|100\/100\n|turn|19\n|\n|t:|1699667498\n|move|p1a: Pikachu|Hidden Power|p2a: Arboliva\n|-supereffective|p2a: Arboliva\n|-damage|p2a: Arboliva|69\/100\n|move|p2a: Arboliva|Substitute|p2a: Arboliva\n|-start|p2a: Arboliva|Substitute\n|-damage|p2a: Arboliva|44\/100\n|\n|upkeep\n|turn|20\n|\n|t:|1699667504\n|move|p1a: Pikachu|Hidden Power|p2a: Arboliva\n|-supereffective|p2a: Arboliva\n|-end|p2a: Arboliva|Substitute\n|move|p2a: Arboliva|Leech Seed|p1a: Pikachu\n|-start|p1a: Pikachu|move: Leech Seed\n|\n|-damage|p1a: Pikachu|64\/100|[from] Leech Seed|[of] p2a: Arboliva\n|-heal|p2a: Arboliva|52\/100|[silent]\n|upkeep\n|turn|21\n|\n|t:|1699667512\n|move|p2a: Arboliva|Protect|p2a: Arboliva\n|-singleturn|p2a: Arboliva|Protect\n|move|p1a: Pikachu|Hidden Power|p2a: Arboliva\n|-activate|p2a: Arboliva|move: Protect\n|\n|-damage|p1a: Pikachu|51\/100|[from] Leech Seed|[of] p2a: Arboliva\n|-heal|p2a: Arboliva|59\/100|[silent]\n|upkeep\n|turn|22\n|\n|t:|1699667530\n|move|p1a: Pikachu|Hidden Power|p2a: Arboliva\n|-supereffective|p2a: Arboliva\n|-damage|p2a: Arboliva|31\/100\n|move|p2a: Arboliva|Giga Drain|p1a: Pikachu\n|-damage|p1a: Pikachu|0 fnt\n|-heal|p2a: Arboliva|46\/100|[from] drain|[of] p1a: Pikachu\n|faint|p1a: Pikachu\n|\n|upkeep\n|\n|t:|1699667542\n|switch|p1a: Mewtwo|Mewtwo|100\/100\n|-damage|p1a: Mewtwo|88\/100|[from] Stealth Rock\n|-damage|p1a: Mewtwo|76\/100|[from] Spikes\n|-ability|p1a: Mewtwo|Pressure\n|turn|23\n|c| I like Glaceon yay|1405 rating\n|c|\u2606bananaszn|sheesh\n|\n|t:|1699667553\n|detailschange|p1a: Mewtwo|Mewtwo-Mega-Y\n|-mega|p1a: Mewtwo|Mewtwo|Mewtwonite Y\n|move|p2a: Arboliva|Protect|p2a: Arboliva\n|-singleturn|p2a: Arboliva|Protect\n|move|p1a: Mewtwo|Psystrike|p2a: Arboliva\n|-activate|p2a: Arboliva|move: Protect\n|\n|upkeep\n|turn|24\n|c| I like Glaceon yay|Why no Mew?\n|c|\u2606bananaszn|oh true\n|\n|t:|1699667561\n|switch|p2a: Lugia|Lugia, tera:Psychic|41\/100 tox\n|move|p1a: Mewtwo|Psystrike|p2a: Lugia\n|-resisted|p2a: Lugia\n|-damage|p2a: Lugia|21\/100 tox\n|\n|-damage|p2a: Lugia|15\/100 tox|[from] psn\n|upkeep\n|turn|25\n|\n|t:|1699667570\n|move|p1a: Mewtwo|Shadow Ball|p2a: Lugia\n|-supereffective|p2a: Lugia\n|-damage|p2a: Lugia|0 fnt\n|faint|p2a: Lugia\n|\n|upkeep\n|\n|t:|1699667579\n|switch|p2a: Basculegion|Basculegion, M|100\/100\n|turn|26\n|\n|t:|1699667587\n|move|p2a: Basculegion|Last Respects|p1a: Mewtwo\n|-supereffective|p1a: Mewtwo\n|-damage|p1a: Mewtwo|0 fnt\n|faint|p1a: Mewtwo\n|\n|upkeep\n|\n|t:|1699667593\n|switch|p1a: Venusaur|Venusaur, M|88\/100\n|-damage|p1a: Venusaur|76\/100|[from] Stealth Rock\n|-damage|p1a: Venusaur|63\/100|[from] Spikes\n|turn|27\n|\n|t:|1699667599\n|move|p2a: Basculegion|Last Respects|p1a: Venusaur\n|-damage|p1a: Venusaur|0 fnt\n|faint|p1a: Venusaur\n|\n|upkeep\n|\n|t:|1699667604\n|switch|p1a: Charizard|Charizard, M|100\/100\n|-damage|p1a: Charizard|51\/100|[from] Stealth Rock\n|turn|28\n|\n|t:|1699667616\n|move|p2a: Basculegion|Last Respects|p1a: Charizard\n|-damage|p1a: Charizard|0 fnt\n|faint|p1a: Charizard\n|\n|win|bananaszn\n|raw|G_egg177's rating: 1047 &rarr; <strong>1030<\/strong><br \/>(-17 for losing)\n|raw|bananaszn's rating: 1053 &rarr; <strong>1084<\/strong><br \/>(+31 for winning)\n|c|\u2606bananaszn|gg\n|l|\u203dG_egg177\n|c| I like Glaceon yay|gg\n|c| I like Glaceon yay|im cooking\n|l| I like Glaceon yay\n|c|\u2606bananaszn|nice\n","uploadtime":1699667725,"views":20,"p1id":"gegg177","p2id":"bananaszn","formatid":"gen9nationaldexubers","rating":1030,"private":0,"password":""}