{"id":"gen9nationaldexubers-1981847638","p1":"Neosouls","p2":"DrArkane15","format":"[Gen 9] National Dex Ubers","log":"|j|\u2606Neosouls\n|j|\u2606DrArkane15\n|t:|1698946132\n|gametype|singles\n|player|p1|Neosouls|2|\n|player|p2|DrArkane15|cyrus|\n|teamsize|p1|3\n|teamsize|p2|6\n|gen|9\n|tier|[Gen 9] National Dex Ubers\n|rule|HP Percentage Mod: HP is shown in percentages\n|rule|Endless Battle Clause: Forcing endless battles is banned\n|rule|OHKO Clause: OHKO moves are banned\n|rule|Evasion Moves Clause: Evasion moves are banned\n|rule|Evasion Items Clause: Evasion items are banned\n|rule|Species Clause: Limit one of each Pok\u00e9mon\n|rule|Sleep Clause Mod: Limit one foe put to sleep\n|rule|Mega Rayquaza Clause: You cannot mega evolve Rayquaza\n|clearpoke\n|poke|p1|Golem, L22, M|\n|poke|p1|Kabutops, L20, M|\n|poke|p1|Klawf, L18, M|\n|poke|p2|Monferno, L23, F|\n|poke|p2|Staravia, L23, F|\n|poke|p2|Taillow, L21, M|\n|poke|p2|Luxio, L20, F|\n|poke|p2|Bulbasaur, L14, F|\n|poke|p2|Pumpkaboo-*, L19, M|\n|teampreview\n|j| Laewen\n|\n|t:|1698946155\n|start\n|switch|p1a: Kabutops|Kabutops, L20, M|100\/100\n|switch|p2a: Pumpkaboo|Pumpkaboo, L19, M|100\/100\n|turn|1\n|j| Half_A_Ako\n|\n|t:|1698946164\n|move|p1a: Kabutops|Night Slash|p2a: Pumpkaboo\n|-supereffective|p2a: Pumpkaboo\n|-damage|p2a: Pumpkaboo|0 fnt\n|faint|p2a: Pumpkaboo\n|\n|upkeep\n|\n|t:|1698946171\n|switch|p2a: Bulbasaur|Bulbasaur, L14, F|100\/100\n|turn|2\n|\n|t:|1698946178\n|move|p1a: Kabutops|Mud Shot|p2a: Bulbasaur\n|-damage|p2a: Bulbasaur|70\/100\n|-unboost|p2a: Bulbasaur|spe|1\n|move|p2a: Bulbasaur|Sleep Powder|p1a: Kabutops\n|-status|p1a: Kabutops|slp|[from] move: Sleep Powder\n|\n|upkeep\n|turn|3\n|\n|t:|1698946189\n|switch|p1a: Klawf|Klawf, L18, M|100\/100\n|move|p2a: Bulbasaur|Leech Seed|p1a: Klawf\n|-start|p1a: Klawf|move: Leech Seed\n|\n|-damage|p1a: Klawf|89\/100|[from] Leech Seed|[of] p2a: Bulbasaur\n|-heal|p2a: Bulbasaur|86\/100|[silent]\n|upkeep\n|turn|4\n|\n|t:|1698946197\n|move|p1a: Klawf|Metal Claw|p2a: Bulbasaur\n|-damage|p2a: Bulbasaur|54\/100\n|move|p2a: Bulbasaur|Sleep Powder|p1a: Klawf\n|-message|Sleep Clause Mod activated.\n|-hint|Sleep Clause Mod prevents players from putting more than one of their opponent's Pok\u00e9mon to sleep at a time\n|\n|-damage|p1a: Klawf|77\/100|[from] Leech Seed|[of] p2a: Bulbasaur\n|-heal|p2a: Bulbasaur|70\/100|[silent]\n|upkeep\n|turn|5\n|\n|t:|1698946208\n|move|p1a: Klawf|Metal Claw|p2a: Bulbasaur\n|-crit|p2a: Bulbasaur\n|-damage|p2a: Bulbasaur|17\/100\n|move|p2a: Bulbasaur|Razor Leaf|p1a: Klawf\n|-supereffective|p1a: Klawf\n|-damage|p1a: Klawf|51\/100\n|\n|-damage|p1a: Klawf|40\/100|[from] Leech Seed|[of] p2a: Bulbasaur\n|-heal|p2a: Bulbasaur|33\/100|[silent]\n|upkeep\n|turn|6\n|\n|t:|1698946222\n|move|p1a: Klawf|Metal Claw|p2a: Bulbasaur\n|-damage|p2a: Bulbasaur|0 fnt\n|faint|p2a: Bulbasaur\n|\n|upkeep\n|\n|t:|1698946230\n|switch|p2a: Monferno|Monferno, L23, F|100\/100\n|turn|7\n|\n|t:|1698946240\n|switch|p1a: Golem|Golem, L22, M|100\/100\n|move|p2a: Monferno|Mach Punch|p1a: Golem\n|-supereffective|p1a: Golem\n|-damage|p1a: Golem|64\/100\n|\n|upkeep\n|turn|8\n|\n|t:|1698946251\n|switch|p2a: Luxio|Luxio, L20, F|100\/100\n|-ability|p2a: Luxio|Intimidate|boost\n|-unboost|p1a: Golem|atk|1\n|move|p1a: Golem|Bulldoze|p2a: Luxio\n|-supereffective|p2a: Luxio\n|-damage|p2a: Luxio|0 fnt\n|faint|p2a: Luxio\n|\n|upkeep\n|\n|t:|1698946258\n|switch|p2a: Staravia|Staravia, L23, F|100\/100\n|-ability|p2a: Staravia|Intimidate|boost\n|-unboost|p1a: Golem|atk|1\n|turn|9\n|\n|t:|1698946264\n|move|p2a: Staravia|Endeavor|p1a: Golem\n|-immune|p1a: Golem\n|move|p1a: Golem|Thunder Punch|p2a: Staravia\n|-supereffective|p2a: Staravia\n|-damage|p2a: Staravia|42\/100\n|\n|upkeep\n|turn|10\n|\n|t:|1698946276\n|move|p2a: Staravia|Wing Attack|p1a: Golem\n|-resisted|p1a: Golem\n|-damage|p1a: Golem|53\/100\n|move|p1a: Golem|Thunder Punch|p2a: Staravia\n|-supereffective|p2a: Staravia\n|-damage|p2a: Staravia|0 fnt\n|faint|p2a: Staravia\n|\n|upkeep\n|\n|t:|1698946283\n|switch|p2a: Monferno|Monferno, L23, F|100\/100\n|turn|11\n|\n|t:|1698946288\n|switch|p2a: Taillow|Taillow, L21, M|100\/100\n|move|p1a: Golem|Bulldoze|p2a: Taillow\n|-immune|p2a: Taillow\n|\n|upkeep\n|turn|12\n|\n|t:|1698946298\n|move|p2a: Taillow|Growl|p1a: Golem\n|-unboost|p1a: Golem|atk|1\n|move|p1a: Golem|Thunder Punch|p2a: Taillow\n|-supereffective|p2a: Taillow\n|-damage|p2a: Taillow|30\/100\n|\n|upkeep\n|turn|13\n|\n|t:|1698946308\n|move|p2a: Taillow|Growl|p1a: Golem\n|-unboost|p1a: Golem|atk|1\n|move|p1a: Golem|Thunder Punch|p2a: Taillow\n|-supereffective|p2a: Taillow\n|-damage|p2a: Taillow|0 fnt\n|faint|p2a: Taillow\n|\n|upkeep\n|\n|t:|1698946315\n|switch|p2a: Monferno|Monferno, L23, F|100\/100\n|turn|14\n|\n|t:|1698946320\n|move|p2a: Monferno|Mach Punch|p1a: Golem\n|-supereffective|p1a: Golem\n|-damage|p1a: Golem|23\/100\n|move|p1a: Golem|Rock Slide|p2a: Monferno\n|-damage|p2a: Monferno|77\/100\n|\n|upkeep\n|turn|15\n|\n|t:|1698946329\n|move|p2a: Monferno|Mach Punch|p1a: Golem\n|-supereffective|p1a: Golem\n|-damage|p1a: Golem|0 fnt\n|faint|p1a: Golem\n|\n|upkeep\n|\n|t:|1698946334\n|switch|p1a: Klawf|Klawf, L18, M|73\/100\n|turn|16\n|\n|t:|1698946344\n|move|p2a: Monferno|Mach Punch|p1a: Klawf\n|-supereffective|p1a: Klawf\n|-damage|p1a: Klawf|18\/100\n|move|p1a: Klawf|Rock Blast|p2a: Monferno\n|-damage|p2a: Monferno|60\/100\n|-damage|p2a: Monferno|43\/100\n|-damage|p2a: Monferno|25\/100\n|-hitcount|p2a: Monferno|3\n|\n|upkeep\n|turn|17\n|\n|t:|1698946354\n|move|p2a: Monferno|Mach Punch|p1a: Klawf\n|-supereffective|p1a: Klawf\n|-damage|p1a: Klawf|0 fnt\n|faint|p1a: Klawf\n|\n|upkeep\n|\n|t:|1698946359\n|switch|p1a: Kabutops|Kabutops, L20, M|100\/100 slp\n|turn|18\n|\n|t:|1698946363\n|move|p2a: Monferno|Mach Punch|p1a: Kabutops\n|-supereffective|p1a: Kabutops\n|-damage|p1a: Kabutops|37\/100 slp\n|cant|p1a: Kabutops|slp\n|\n|upkeep\n|turn|19\n|\n|t:|1698946370\n|move|p2a: Monferno|Mach Punch|p1a: Kabutops\n|-supereffective|p1a: Kabutops\n|-damage|p1a: Kabutops|0 fnt\n|faint|p1a: Kabutops\n|\n|win|DrArkane15\n|c|\u2606Neosouls|gg\n|c|\u2606DrArkane15|CHIMPENFEU SOLO\n","uploadtime":1698946377,"views":6,"p1id":"neosouls","p2id":"drarkane15","formatid":"gen9nationaldexubers","rating":0,"private":0,"password":""}