{"id":"gen9nationaldexubers-1995072607","p1":"Harmony6","p2":"Disco 2003","format":"[Gen 9] National Dex Ubers","log":"|j|\u2606Harmony6\n|j|\u2606Disco 2003\n|t:|1700519548\n|gametype|singles\n|player|p1|Harmony6|lady-gen4|\n|player|p2|Disco 2003|265|\n|teamsize|p1|6\n|teamsize|p2|6\n|gen|9\n|tier|[Gen 9] National Dex Ubers\n|rule|HP Percentage Mod: HP is shown in percentages\n|rule|Endless Battle Clause: Forcing endless battles is banned\n|rule|OHKO Clause: OHKO moves are banned\n|rule|Evasion Moves Clause: Evasion moves are banned\n|rule|Evasion Items Clause: Evasion items are banned\n|rule|Species Clause: Limit one of each Pok\u00e9mon\n|rule|Sleep Clause Mod: Limit one foe put to sleep\n|rule|Mega Rayquaza Clause: You cannot mega evolve Rayquaza\n|clearpoke\n|poke|p1|Lopunny, M|\n|poke|p1|Ferrothorn, F|\n|poke|p1|Zapdos|\n|poke|p1|Skeledirge, M|\n|poke|p1|Meowscarada, M|\n|poke|p1|Hatterene, F|\n|poke|p2|Hippowdon, F|\n|poke|p2|Ursaluna, F|\n|poke|p2|Steelix, M|\n|poke|p2|Clodsire, M|\n|poke|p2|Great Tusk|\n|poke|p2|Excadrill, M|\n|teampreview\n|c|\u2606Disco 2003|glhf\n|\n|t:|1700519604\n|start\n|switch|p1a: Lopunny|Lopunny, M|100\/100\n|switch|p2a: Dust in the Wind|Hippowdon, F|100\/100\n|-weather|Sandstorm|[from] ability: Sand Stream|[of] p2a: Dust in the Wind\n|turn|1\n|\n|t:|1700519619\n|switch|p2a: Beast of Burden|Great Tusk|100\/100\n|detailschange|p1a: Lopunny|Lopunny-Mega, M\n|-mega|p1a: Lopunny|Lopunny|Lopunnite\n|move|p1a: Lopunny|U-turn|p2a: Beast of Burden\n|-resisted|p2a: Beast of Burden\n|-damage|p2a: Beast of Burden|94\/100\n|\n|t:|1700519636\n|switch|p1a: Hatterene|Hatterene, F|100\/100|[from] U-turn\n|\n|-weather|Sandstorm|[upkeep]\n|-damage|p1a: Hatterene|95\/100|[from] Sandstorm\n|-heal|p2a: Beast of Burden|100\/100|[from] item: Leftovers\n|-heal|p1a: Hatterene|100\/100|[from] item: Leftovers\n|upkeep\n|turn|2\n|j| NDMS2O Gogurt pon\u2665\n|\n|t:|1700519653\n|-end|p2a: Beast of Burden|Protosynthesis|[silent]\n|switch|p2a: Enter Sandman|Excadrill, M|100\/100\n|move|p1a: Hatterene|Mystical Fire|p2a: Enter Sandman\n|-supereffective|p2a: Enter Sandman\n|-damage|p2a: Enter Sandman|43\/100\n|-unboost|p2a: Enter Sandman|spa|1\n|\n|-weather|Sandstorm|[upkeep]\n|-damage|p1a: Hatterene|95\/100|[from] Sandstorm\n|-heal|p1a: Hatterene|100\/100|[from] item: Leftovers\n|upkeep\n|turn|3\n|\n|t:|1700519672\n|switch|p2a: Black Hole Sun|Ursaluna, F, shiny|100\/100\n|switch|p1a: Ferrothorn|Ferrothorn, F|100\/100\n|\n|-weather|Sandstorm|[upkeep]\n|-status|p2a: Black Hole Sun|brn|[from] item: Flame Orb\n|upkeep\n|turn|4\n|\n|t:|1700519687\n|move|p2a: Black Hole Sun|Fire Punch|p1a: Ferrothorn\n|-supereffective|p1a: Ferrothorn\n|-crit|p1a: Ferrothorn\n|-damage|p1a: Ferrothorn|0 fnt\n|-damage|p2a: Black Hole Sun|88\/100 brn|[from] ability: Iron Barbs|[of] p1a: Ferrothorn\n|faint|p1a: Ferrothorn\n|\n|-weather|Sandstorm|[upkeep]\n|-damage|p2a: Black Hole Sun|82\/100 brn|[from] brn\n|upkeep\n|\n|t:|1700519694\n|switch|p1a: Lopunny|Lopunny-Mega, M|100\/100\n|turn|5\n|\n|t:|1700519705\n|switch|p2a: Beast of Burden|Great Tusk|100\/100\n|move|p1a: Lopunny|Fake Out|p2a: Beast of Burden\n|-damage|p2a: Beast of Burden|89\/100\n|\n|-weather|Sandstorm|[upkeep]\n|-damage|p1a: Lopunny|95\/100|[from] Sandstorm\n|-heal|p2a: Beast of Burden|96\/100|[from] item: Leftovers\n|upkeep\n|turn|6\n|\n|t:|1700519722\n|move|p1a: Lopunny|U-turn|p2a: Beast of Burden\n|-resisted|p2a: Beast of Burden\n|-damage|p2a: Beast of Burden|90\/100\n|\n|t:|1700519734\n|switch|p1a: Zapdos|Zapdos|100\/100|[from] U-turn\n|move|p2a: Beast of Burden|Knock Off|p1a: Zapdos\n|-damage|p1a: Zapdos|80\/100\n|-enditem|p1a: Zapdos|Heavy-Duty Boots|[from] move: Knock Off|[of] p2a: Beast of Burden\n|\n|-weather|Sandstorm|[upkeep]\n|-damage|p1a: Zapdos|74\/100|[from] Sandstorm\n|-heal|p2a: Beast of Burden|96\/100|[from] item: Leftovers\n|upkeep\n|turn|7\n|\n|t:|1700519771\n|switch|p1a: Meowscarada|Meowscarada, M|100\/100\n|-end|p2a: Beast of Burden|Protosynthesis|[silent]\n|switch|p2a: Goo Goo Muck|Clodsire, M|100\/100\n|\n|-weather|Sandstorm|[upkeep]\n|-damage|p1a: Meowscarada|94\/100|[from] Sandstorm\n|upkeep\n|turn|8\n|\n|t:|1700519778\n|switch|p2a: Eye of the Storm|Steelix, M|100\/100\n|move|p1a: Meowscarada|U-turn|p2a: Eye of the Storm\n|-start|p1a: Meowscarada|typechange|Bug|[from] ability: Protean\n|-resisted|p2a: Eye of the Storm\n|-damage|p2a: Eye of the Storm|91\/100\n|\n|t:|1700519783\n|switch|p1a: Skeledirge|Skeledirge, M|100\/100|[from] U-turn\n|\n|-weather|none\n|upkeep\n|turn|9\n|\n|t:|1700519799\n|switch|p1a: Lopunny|Lopunny-Mega, M|95\/100\n|switch|p2a: Goo Goo Muck|Clodsire, M|100\/100\n|\n|upkeep\n|turn|10\n|\n|t:|1700519805\n|switch|p2a: Beast of Burden|Great Tusk|96\/100\n|move|p1a: Lopunny|Fake Out|p2a: Beast of Burden\n|-damage|p2a: Beast of Burden|85\/100\n|\n|-heal|p2a: Beast of Burden|91\/100|[from] item: Leftovers\n|upkeep\n|turn|11\n|\n|t:|1700519851\n|move|p1a: Lopunny|Return|p2a: Beast of Burden\n|-damage|p2a: Beast of Burden|64\/100\n|move|p2a: Beast of Burden|Earthquake|p1a: Lopunny\n|-damage|p1a: Lopunny|38\/100\n|\n|-heal|p2a: Beast of Burden|70\/100|[from] item: Leftovers\n|upkeep\n|turn|12\n|\n|t:|1700519859\n|move|p1a: Lopunny|U-turn|p2a: Beast of Burden\n|-resisted|p2a: Beast of Burden\n|-damage|p2a: Beast of Burden|64\/100\n|\n|t:|1700519864\n|switch|p1a: Zapdos|Zapdos|74\/100|[from] U-turn\n|move|p2a: Beast of Burden|Earthquake|p1a: Zapdos\n|-immune|p1a: Zapdos\n|\n|-heal|p2a: Beast of Burden|70\/100|[from] item: Leftovers\n|upkeep\n|turn|13\n|\n|t:|1700519886\n|-end|p2a: Beast of Burden|Protosynthesis|[silent]\n|switch|p2a: Goo Goo Muck|Clodsire, M|100\/100\n|move|p1a: Zapdos|Hurricane|p2a: Goo Goo Muck\n|-damage|p2a: Goo Goo Muck|72\/100\n|\n|-heal|p2a: Goo Goo Muck|78\/100|[from] item: Black Sludge\n|upkeep\n|turn|14\n|\n|t:|1700519897\n|switch|p1a: Hatterene|Hatterene, F|100\/100\n|move|p2a: Goo Goo Muck|Poison Jab|p1a: Hatterene\n|-supereffective|p1a: Hatterene\n|-damage|p1a: Hatterene|66\/100\n|-status|p1a: Hatterene|psn\n|\n|-heal|p1a: Hatterene|72\/100 psn|[from] item: Leftovers\n|-heal|p2a: Goo Goo Muck|84\/100|[from] item: Black Sludge\n|-damage|p1a: Hatterene|59\/100 psn|[from] psn\n|upkeep\n|turn|15\n|\n|t:|1700519909\n|switch|p2a: Dust in the Wind|Hippowdon, F|100\/100\n|-weather|Sandstorm|[from] ability: Sand Stream|[of] p2a: Dust in the Wind\n|move|p1a: Hatterene|Mystical Fire|p2a: Dust in the Wind\n|-damage|p2a: Dust in the Wind|85\/100\n|-unboost|p2a: Dust in the Wind|spa|1\n|\n|-weather|Sandstorm|[upkeep]\n|-damage|p1a: Hatterene|53\/100 psn|[from] Sandstorm\n|-heal|p1a: Hatterene|59\/100 psn|[from] item: Leftovers\n|-damage|p1a: Hatterene|47\/100 psn|[from] psn\n|upkeep\n|turn|16\n|\n|t:|1700519925\n|move|p1a: Hatterene|Calm Mind|p1a: Hatterene\n|-boost|p1a: Hatterene|spa|1\n|-boost|p1a: Hatterene|spd|1\n|move|p2a: Dust in the Wind|Whirlwind|p1a: Hatterene\n|move|p1a: Hatterene|Whirlwind|p2a: Dust in the Wind|[from]ability: Magic Bounce\n|drag|p2a: Enter Sandman|Excadrill, M|43\/100\n|\n|-weather|Sandstorm|[upkeep]\n|-damage|p1a: Hatterene|41\/100 psn|[from] Sandstorm\n|-heal|p1a: Hatterene|47\/100 psn|[from] item: Leftovers\n|-damage|p1a: Hatterene|35\/100 psn|[from] psn\n|upkeep\n|turn|17\n|c| NDMS2O Gogurt pon\u2665|pro\n|\n|t:|1700519965\n|move|p2a: Enter Sandman|Iron Head|p1a: Hatterene\n|-supereffective|p1a: Hatterene\n|-damage|p1a: Hatterene|0 fnt\n|faint|p1a: Hatterene\n|\n|-weather|Sandstorm|[upkeep]\n|upkeep\n|\n|t:|1700519978\n|switch|p1a: Skeledirge|Skeledirge, M|100\/100\n|turn|18\n|\n|t:|1700520030\n|switch|p2a: Dust in the Wind|Hippowdon, F|85\/100\n|switch|p1a: Zapdos|Zapdos|74\/100\n|\n|-weather|Sandstorm|[upkeep]\n|-damage|p1a: Zapdos|68\/100|[from] Sandstorm\n|upkeep\n|turn|19\n|\n|t:|1700520052\n|switch|p1a: Meowscarada|Meowscarada, M|94\/100\n|move|p2a: Dust in the Wind|Stealth Rock|p1a: Meowscarada\n|-sidestart|p1: Harmony6|move: Stealth Rock\n|\n|-weather|Sandstorm|[upkeep]\n|-damage|p1a: Meowscarada|88\/100|[from] Sandstorm\n|upkeep\n|turn|20\n|\n|t:|1700520075\n|switch|p2a: Eye of the Storm|Steelix, M|91\/100\n|move|p1a: Meowscarada|Flower Trick|p2a: Eye of the Storm\n|-start|p1a: Meowscarada|typechange|Grass|[from] ability: Protean\n|-crit|p2a: Eye of the Storm\n|-damage|p2a: Eye of the Storm|60\/100\n|\n|-weather|Sandstorm|[upkeep]\n|-damage|p1a: Meowscarada|82\/100|[from] Sandstorm\n|upkeep\n|turn|21\n|\n|t:|1700520101\n|switch|p1a: Skeledirge|Skeledirge, M|100\/100\n|detailschange|p2a: Eye of the Storm|Steelix-Mega, M\n|-mega|p2a: Eye of the Storm|Steelix|Steelixite\n|move|p2a: Eye of the Storm|Rest|p2a: Eye of the Storm\n|-status|p2a: Eye of the Storm|slp|[from] move: Rest\n|-heal|p2a: Eye of the Storm|100\/100 slp|[silent]\n|\n|-weather|Sandstorm|[upkeep]\n|-damage|p1a: Skeledirge|94\/100|[from] Sandstorm\n|upkeep\n|turn|22\n|\n|t:|1700520117\n|switch|p2a: Dust in the Wind|Hippowdon, F|85\/100\n|move|p1a: Skeledirge|Torch Song|p2a: Dust in the Wind\n|-damage|p2a: Dust in the Wind|62\/100\n|-boost|p1a: Skeledirge|spa|1\n|\n|-weather|none\n|upkeep\n|turn|23\n|\n|t:|1700520127\n|move|p1a: Skeledirge|Torch Song|p2a: Dust in the Wind\n|-damage|p2a: Dust in the Wind|32\/100\n|-boost|p1a: Skeledirge|spa|1\n|move|p2a: Dust in the Wind|Slack Off|p2a: Dust in the Wind\n|-heal|p2a: Dust in the Wind|82\/100\n|\n|upkeep\n|turn|24\n|j| Big Chungus irl\n|\n|t:|1700520138\n|move|p1a: Skeledirge|Will-O-Wisp|p2a: Dust in the Wind\n|-status|p2a: Dust in the Wind|brn\n|move|p2a: Dust in the Wind|Whirlwind|p1a: Skeledirge\n|drag|p1a: Meowscarada|Meowscarada, M|82\/100\n|-damage|p1a: Meowscarada|70\/100|[from] Stealth Rock\n|\n|-damage|p2a: Dust in the Wind|76\/100 brn|[from] brn\n|upkeep\n|turn|25\n|\n|t:|1700520151\n|switch|p2a: Eye of the Storm|Steelix-Mega, M|100\/100 slp\n|move|p1a: Meowscarada|U-turn|p2a: Eye of the Storm\n|-start|p1a: Meowscarada|typechange|Bug|[from] ability: Protean\n|-resisted|p2a: Eye of the Storm\n|-damage|p2a: Eye of the Storm|91\/100 slp\n|\n|t:|1700520165\n|switch|p1a: Skeledirge|Skeledirge, M|94\/100|[from] U-turn\n|\n|upkeep\n|turn|26\n|\n|t:|1700520174\n|switch|p2a: Dust in the Wind|Hippowdon, F|76\/100 brn\n|-weather|Sandstorm|[from] ability: Sand Stream|[of] p2a: Dust in the Wind\n|move|p1a: Skeledirge|Torch Song|p2a: Dust in the Wind\n|-damage|p2a: Dust in the Wind|56\/100 brn\n|-boost|p1a: Skeledirge|spa|1\n|\n|-weather|Sandstorm|[upkeep]\n|-damage|p1a: Skeledirge|88\/100|[from] Sandstorm\n|-damage|p2a: Dust in the Wind|49\/100 brn|[from] brn\n|upkeep\n|turn|27\n|\n|t:|1700520189\n|move|p1a: Skeledirge|Torch Song|p2a: Dust in the Wind\n|-damage|p2a: Dust in the Wind|18\/100 brn\n|-boost|p1a: Skeledirge|spa|1\n|move|p2a: Dust in the Wind|Whirlwind|p1a: Skeledirge\n|drag|p1a: Meowscarada|Meowscarada, M|70\/100\n|-damage|p1a: Meowscarada|57\/100|[from] Stealth Rock\n|\n|-weather|Sandstorm|[upkeep]\n|-damage|p1a: Meowscarada|51\/100|[from] Sandstorm\n|-damage|p2a: Dust in the Wind|12\/100 brn|[from] brn\n|upkeep\n|turn|28\n|\n|t:|1700520199\n|switch|p2a: Eye of the Storm|Steelix-Mega, M|91\/100 slp\n|move|p1a: Meowscarada|U-turn|p2a: Eye of the Storm\n|-start|p1a: Meowscarada|typechange|Bug|[from] ability: Protean\n|-resisted|p2a: Eye of the Storm\n|-damage|p2a: Eye of the Storm|82\/100 slp\n|\n|t:|1700520203\n|switch|p1a: Skeledirge|Skeledirge, M|88\/100|[from] U-turn\n|\n|-weather|Sandstorm|[upkeep]\n|-damage|p1a: Skeledirge|82\/100|[from] Sandstorm\n|upkeep\n|turn|29\n|\n|t:|1700520210\n|switch|p2a: Black Hole Sun|Ursaluna, F, shiny|82\/100 brn\n|move|p1a: Skeledirge|Torch Song|p2a: Black Hole Sun\n|-damage|p2a: Black Hole Sun|51\/100 brn\n|-boost|p1a: Skeledirge|spa|1\n|\n|-weather|Sandstorm|[upkeep]\n|-damage|p1a: Skeledirge|76\/100|[from] Sandstorm\n|-damage|p2a: Black Hole Sun|45\/100 brn|[from] brn\n|upkeep\n|turn|30\n|\n|t:|1700520220\n|switch|p1a: Zapdos|Zapdos|68\/100\n|-damage|p1a: Zapdos|43\/100|[from] Stealth Rock\n|move|p2a: Black Hole Sun|Earthquake|p1a: Zapdos\n|-immune|p1a: Zapdos\n|\n|-weather|Sandstorm|[upkeep]\n|-damage|p1a: Zapdos|37\/100|[from] Sandstorm\n|-damage|p2a: Black Hole Sun|39\/100 brn|[from] brn\n|upkeep\n|turn|31\n|\n|t:|1700520227\n|switch|p2a: Enter Sandman|Excadrill, M|43\/100\n|move|p1a: Zapdos|Hurricane|p2a: Enter Sandman\n|-resisted|p2a: Enter Sandman\n|-damage|p2a: Enter Sandman|13\/100\n|\n|-weather|Sandstorm|[upkeep]\n|-damage|p1a: Zapdos|31\/100|[from] Sandstorm\n|upkeep\n|turn|32\n|\n|t:|1700520244\n|move|p2a: Enter Sandman|Rock Slide|p1a: Zapdos\n|-supereffective|p1a: Zapdos\n|-damage|p1a: Zapdos|0 fnt\n|faint|p1a: Zapdos\n|\n|-weather|Sandstorm|[upkeep]\n|upkeep\n|\n|t:|1700520248\n|switch|p1a: Lopunny|Lopunny-Mega, M|38\/100\n|-damage|p1a: Lopunny|32\/100|[from] Stealth Rock\n|turn|33\n|\n|t:|1700520257\n|switch|p2a: Beast of Burden|Great Tusk|70\/100\n|move|p1a: Lopunny|Fake Out|p2a: Beast of Burden\n|-damage|p2a: Beast of Burden|60\/100\n|\n|-weather|none\n|-heal|p2a: Beast of Burden|66\/100|[from] item: Leftovers\n|upkeep\n|turn|34\n|\n|t:|1700520268\n|move|p1a: Lopunny|U-turn|p2a: Beast of Burden\n|-resisted|p2a: Beast of Burden\n|-damage|p2a: Beast of Burden|59\/100\n|\n|t:|1700520271\n|switch|p1a: Skeledirge|Skeledirge, M|76\/100|[from] U-turn\n|move|p2a: Beast of Burden|Earthquake|p1a: Skeledirge\n|-supereffective|p1a: Skeledirge\n|-damage|p1a: Skeledirge|22\/100\n|\n|-heal|p2a: Beast of Burden|65\/100|[from] item: Leftovers\n|upkeep\n|turn|35\n|\n|t:|1700520275\n|move|p2a: Beast of Burden|Earthquake|p1a: Skeledirge\n|-supereffective|p1a: Skeledirge\n|-damage|p1a: Skeledirge|0 fnt\n|faint|p1a: Skeledirge\n|\n|-heal|p2a: Beast of Burden|71\/100|[from] item: Leftovers\n|upkeep\n|\n|t:|1700520282\n|switch|p1a: Meowscarada|Meowscarada, M|51\/100\n|-damage|p1a: Meowscarada|39\/100|[from] Stealth Rock\n|turn|36\n|\n|t:|1700520288\n|-end|p2a: Beast of Burden|Protosynthesis|[silent]\n|switch|p2a: Eye of the Storm|Steelix-Mega, M|82\/100 slp\n|move|p1a: Meowscarada|Flower Trick|p2a: Eye of the Storm\n|-start|p1a: Meowscarada|typechange|Grass|[from] ability: Protean\n|-crit|p2a: Eye of the Storm\n|-damage|p2a: Eye of the Storm|54\/100 slp\n|\n|upkeep\n|turn|37\n|\n|t:|1700520296\n|move|p1a: Meowscarada|Flower Trick|p2a: Eye of the Storm\n|-crit|p2a: Eye of the Storm\n|-damage|p2a: Eye of the Storm|28\/100 slp\n|cant|p2a: Eye of the Storm|slp\n|move|p2a: Eye of the Storm|Sleep Talk|p2a: Eye of the Storm\n|move|p2a: Eye of the Storm|Rest||[from]move: Sleep Talk|[still]\n|-fail|p2a: Eye of the Storm\n|\n|upkeep\n|turn|38\n|\n|t:|1700520309\n|move|p1a: Meowscarada|Flower Trick|p2a: Eye of the Storm\n|-crit|p2a: Eye of the Storm\n|-damage|p2a: Eye of the Storm|0 fnt\n|faint|p2a: Eye of the Storm\n|\n|upkeep\n|\n|t:|1700520316\n|switch|p2a: Dust in the Wind|Hippowdon, F|12\/100 brn\n|-weather|Sandstorm|[from] ability: Sand Stream|[of] p2a: Dust in the Wind\n|turn|39\n|c|\u2606Disco 2003|gg\n|\n|t:|1700520326\n|move|p1a: Meowscarada|Flower Trick|p2a: Dust in the Wind\n|-supereffective|p2a: Dust in the Wind\n|-crit|p2a: Dust in the Wind\n|-damage|p2a: Dust in the Wind|0 fnt\n|faint|p2a: Dust in the Wind\n|\n|-weather|Sandstorm|[upkeep]\n|-damage|p1a: Meowscarada|33\/100|[from] Sandstorm\n|upkeep\n|\n|t:|1700520329\n|switch|p2a: Enter Sandman|Excadrill, M|13\/100\n|turn|40\n|\n|t:|1700520332\n|move|p2a: Enter Sandman|Iron Head|p1a: Meowscarada\n|-damage|p1a: Meowscarada|0 fnt\n|faint|p1a: Meowscarada\n|\n|-weather|Sandstorm|[upkeep]\n|upkeep\n|\n|t:|1700520336\n|switch|p1a: Lopunny|Lopunny-Mega, M|32\/100\n|-damage|p1a: Lopunny|26\/100|[from] Stealth Rock\n|turn|41\n|\n|t:|1700520342\n|move|p1a: Lopunny|Fake Out|p2a: Enter Sandman\n|-resisted|p2a: Enter Sandman\n|-damage|p2a: Enter Sandman|0 fnt\n|faint|p2a: Enter Sandman\n|\n|-weather|Sandstorm|[upkeep]\n|-damage|p1a: Lopunny|20\/100|[from] Sandstorm\n|upkeep\n|\n|t:|1700520346\n|switch|p2a: Beast of Burden|Great Tusk|71\/100\n|turn|42\n|\n|t:|1700520348\n|move|p1a: Lopunny|Close Combat|p2a: Beast of Burden\n|-damage|p2a: Beast of Burden|39\/100\n|-unboost|p1a: Lopunny|def|1\n|-unboost|p1a: Lopunny|spd|1\n|move|p2a: Beast of Burden|Earthquake|p1a: Lopunny\n|-crit|p1a: Lopunny\n|-damage|p1a: Lopunny|0 fnt\n|faint|p1a: Lopunny\n|\n|win|Disco 2003\n","uploadtime":1700520358,"views":23,"p1id":"harmony6","p2id":"disco2003","formatid":"gen9nationaldexubers","rating":0,"private":0,"password":""}