{"id":"gen9nationaldexubers-1978904389","p1":"Gocdd10","p2":"Pollylopy","format":"[Gen 9] National Dex Ubers","log":"|j|\u2606Gocdd10\n|j|\u2606Pollylopy\n|t:|1698608552\n|gametype|singles\n|player|p1|Gocdd10|265|1193\n|player|p2|Pollylopy|waitress|1153\n|teamsize|p1|6\n|teamsize|p2|6\n|gen|9\n|tier|[Gen 9] National Dex Ubers\n|rated|\n|rule|HP Percentage Mod: HP is shown in percentages\n|rule|Endless Battle Clause: Forcing endless battles is banned\n|rule|OHKO Clause: OHKO moves are banned\n|rule|Evasion Moves Clause: Evasion moves are banned\n|rule|Evasion Items Clause: Evasion items are banned\n|rule|Species Clause: Limit one of each Pok\u00e9mon\n|rule|Sleep Clause Mod: Limit one foe put to sleep\n|rule|Mega Rayquaza Clause: You cannot mega evolve Rayquaza\n|clearpoke\n|poke|p1|Lugia|\n|poke|p1|Chansey, F|\n|poke|p1|Ferrothorn, M|\n|poke|p1|Rotom-Wash|\n|poke|p1|Sableye, M|\n|poke|p1|Darmanitan-Galar, F|\n|poke|p2|Dusknoir, F|\n|poke|p2|Arcanine, F|\n|poke|p2|Marowak, F|\n|poke|p2|Exeggutor-Alola, M|\n|poke|p2|Corviknight, M|\n|poke|p2|Electrode|\n|teampreview\n|inactive|Battle timer is ON: inactive players will automatically lose when time's up. (requested by Pollylopy)\n|\n|t:|1698608573\n|start\n|switch|p1a: Sableye|Sableye, M|100\/100\n|switch|p2a: Electrode|Electrode|100\/100\n|turn|1\n|\n|t:|1698608583\n|detailschange|p1a: Sableye|Sableye-Mega, M\n|-mega|p1a: Sableye|Sableye|Sablenite\n|move|p2a: Electrode|Taunt|p1a: Sableye\n|move|p1a: Sableye|Taunt|p2a: Electrode|[from]ability: Magic Bounce\n|-start|p2a: Electrode|move: Taunt\n|move|p1a: Sableye|Snarl|p2a: Electrode\n|-damage|p2a: Electrode|80\/100\n|-unboost|p2a: Electrode|spa|1\n|\n|upkeep\n|turn|2\n|inactive|Pollylopy has 120 seconds left.\n|\n|t:|1698608619\n|switch|p2a: Exeggutor|Exeggutor-Alola, M|100\/100\n|switch|p1a: Chansey|Chansey, F|100\/100\n|\n|upkeep\n|turn|3\n|inactive|Pollylopy has 120 seconds left.\n|\n|t:|1698608629\n|switch|p1a: Ferrothorn|Ferrothorn, M|100\/100\n|move|p2a: Exeggutor|Leech Seed|p1a: Ferrothorn\n|-immune|p1a: Ferrothorn\n|\n|upkeep\n|turn|4\n|\n|t:|1698608637\n|switch|p2a: Electrode|Electrode|80\/100\n|move|p1a: Ferrothorn|Toxic|p2a: Electrode\n|-status|p2a: Electrode|tox\n|\n|-damage|p2a: Electrode|74\/100 tox|[from] psn\n|upkeep\n|turn|5\n|\n|t:|1698608656\n|switch|p1a: Rotom|Rotom-Wash|100\/100\n|move|p2a: Electrode|Reflect|p2a: Electrode\n|-sidestart|p2: Pollylopy|Reflect\n|\n|-damage|p2a: Electrode|62\/100 tox|[from] psn\n|upkeep\n|turn|6\n|inactive|Pollylopy has 120 seconds left.\n|\n|t:|1698608672\n|switch|p2a: Exeggutor|Exeggutor-Alola, M|100\/100\n|move|p1a: Rotom|Hex|p2a: Exeggutor\n|-damage|p2a: Exeggutor|76\/100\n|\n|upkeep\n|turn|7\n|inactive|Pollylopy has 120 seconds left.\n|\n|t:|1698608682\n|switch|p1a: Ferrothorn|Ferrothorn, M|100\/100\n|move|p2a: Exeggutor|Dragon Tail|p1a: Ferrothorn\n|-resisted|p1a: Ferrothorn\n|-damage|p1a: Ferrothorn|91\/100\n|-damage|p2a: Exeggutor|64\/100|[from] ability: Iron Barbs|[of] p1a: Ferrothorn\n|drag|p1a: Sableye|Sableye-Mega, M|100\/100\n|\n|upkeep\n|turn|8\n|inactive|Pollylopy has 120 seconds left.\n|\n|t:|1698608693\n|move|p2a: Exeggutor|Giga Drain|p1a: Sableye\n|-damage|p1a: Sableye|74\/100\n|-heal|p2a: Exeggutor|72\/100|[from] drain|[of] p1a: Sableye\n|move|p1a: Sableye|Snarl|p2a: Exeggutor\n|-damage|p2a: Exeggutor|54\/100\n|-unboost|p2a: Exeggutor|spa|1\n|\n|upkeep\n|turn|9\n|inactive|Pollylopy has 120 seconds left.\n|\n|t:|1698608703\n|move|p2a: Exeggutor|Giga Drain|p1a: Sableye\n|-damage|p1a: Sableye|56\/100\n|-heal|p2a: Exeggutor|59\/100|[from] drain|[of] p1a: Sableye\n|move|p1a: Sableye|Recover|p1a: Sableye\n|-heal|p1a: Sableye|100\/100\n|\n|-sideend|p2: Pollylopy|Reflect\n|upkeep\n|turn|10\n|inactive|Pollylopy has 120 seconds left.\n|\n|t:|1698608720\n|switch|p2a: Dusknoir|Dusknoir, F|100\/100\n|-item|p1a: Sableye|Sablenite|[from] ability: Frisk|[of] p2a: Dusknoir|[identify]\n|switch|p1a: Darmanitan|Darmanitan-Galar, F|100\/100\n|\n|upkeep\n|turn|11\n|inactive|Pollylopy has 120 seconds left.\n|\n|t:|1698608729\n|move|p1a: Darmanitan|U-turn|p2a: Dusknoir\n|-resisted|p2a: Dusknoir\n|-damage|p2a: Dusknoir|80\/100\n|\n|t:|1698608751\n|switch|p1a: Chansey|Chansey, F|100\/100|[from] U-turn\n|move|p2a: Dusknoir|Trick Room|p2a: Dusknoir\n|-fieldstart|move: Trick Room|[of] p2a: Dusknoir\n|\n|-heal|p2a: Dusknoir|86\/100|[from] item: Leftovers\n|upkeep\n|turn|12\n|\n|t:|1698608761\n|move|p1a: Chansey|Protect|p1a: Chansey\n|-singleturn|p1a: Chansey|Protect\n|move|p2a: Dusknoir|Toxic|p1a: Chansey\n|-activate|p1a: Chansey|move: Protect\n|\n|-heal|p2a: Dusknoir|92\/100|[from] item: Leftovers\n|upkeep\n|turn|13\n|\n|t:|1698608772\n|switch|p1a: Sableye|Sableye-Mega, M|100\/100\n|move|p2a: Dusknoir|Shadow Sneak|p1a: Sableye\n|-damage|p1a: Sableye|88\/100\n|\n|-heal|p2a: Dusknoir|98\/100|[from] item: Leftovers\n|upkeep\n|turn|14\n|\n|t:|1698608785\n|switch|p2a: Corviknight|Corviknight, M|100\/100\n|move|p1a: Sableye|Snarl|p2a: Corviknight|[miss]\n|-miss|p1a: Sableye|p2a: Corviknight\n|\n|upkeep\n|turn|15\n|\n|t:|1698608792\n|move|p1a: Sableye|Will-O-Wisp|p2a: Corviknight|[miss]\n|-miss|p1a: Sableye|p2a: Corviknight\n|move|p2a: Corviknight|Brave Bird|p1a: Sableye\n|-damage|p1a: Sableye|54\/100\n|-damage|p2a: Corviknight|94\/100|[from] Recoil\n|\n|-heal|p2a: Corviknight|99\/100|[from] item: Leftovers\n|-fieldend|move: Trick Room\n|upkeep\n|turn|16\n|\n|t:|1698608803\n|switch|p2a: Arcanine|Arcanine, F|100\/100\n|-ability|p2a: Arcanine|Intimidate|boost\n|-unboost|p1a: Sableye|atk|1\n|move|p1a: Sableye|Recover|p1a: Sableye\n|-heal|p1a: Sableye|100\/100\n|\n|upkeep\n|turn|17\n|\n|t:|1698608827\n|switch|p1a: Rotom|Rotom-Wash|100\/100\n|move|p2a: Arcanine|Crunch|p1a: Rotom\n|-damage|p1a: Rotom|70\/100\n|\n|-heal|p1a: Rotom|76\/100|[from] item: Leftovers\n|upkeep\n|turn|18\n|inactive|Pollylopy has 120 seconds left.\n|\n|t:|1698608868\n|switch|p2a: Exeggutor|Exeggutor-Alola, M|59\/100\n|move|p1a: Rotom|Pain Split|p2a: Exeggutor\n|-sethp|p2a: Exeggutor|53\/100|[from] move: Pain Split|[silent]\n|-sethp|p1a: Rotom|86\/100|[from] move: Pain Split\n|\n|-heal|p1a: Rotom|93\/100|[from] item: Leftovers\n|upkeep\n|turn|19\n|inactive|Gocdd10 has 120 seconds left.\n|\n|t:|1698608900\n|switch|p2a: Dusknoir|Dusknoir, F|98\/100\n|-item|p1a: Rotom|Leftovers|[from] ability: Frisk|[of] p2a: Dusknoir|[identify]\n|move|p1a: Rotom|Volt Switch|p2a: Dusknoir\n|-damage|p2a: Dusknoir|75\/100\n|\n|t:|1698608912\n|switch|p1a: Lugia|Lugia|100\/100|[from] Volt Switch\n|\n|-heal|p2a: Dusknoir|81\/100|[from] item: Leftovers\n|upkeep\n|turn|20\n|\n|t:|1698608919\n|switch|p1a: Sableye|Sableye-Mega, M|100\/100\n|move|p2a: Dusknoir|Trick Room|p2a: Dusknoir\n|-fieldstart|move: Trick Room|[of] p2a: Dusknoir\n|\n|-heal|p2a: Dusknoir|87\/100|[from] item: Leftovers\n|upkeep\n|turn|21\n|inactive|Gocdd10 has 120 seconds left.\n|\n|t:|1698608943\n|switch|p1a: Rotom|Rotom-Wash|93\/100\n|switch|p2a: Marowak|Marowak, F|100\/100\n|\n|-heal|p1a: Rotom|99\/100|[from] item: Leftovers\n|upkeep\n|turn|22\n|\n|t:|1698608966\n|-terastallize|p2a: Marowak|Grass\n|move|p2a: Marowak|Stealth Rock|p1a: Rotom\n|-sidestart|p1: Gocdd10|move: Stealth Rock\n|move|p1a: Rotom|Hydro Pump|p2a: Marowak\n|-resisted|p2a: Marowak\n|-damage|p2a: Marowak|67\/100\n|\n|-heal|p1a: Rotom|100\/100|[from] item: Leftovers\n|upkeep\n|turn|23\n|\n|t:|1698608981\n|switch|p2a: Exeggutor|Exeggutor-Alola, M|53\/100\n|move|p1a: Rotom|Volt Switch|p2a: Exeggutor\n|-resisted|p2a: Exeggutor\n|-damage|p2a: Exeggutor|43\/100\n|-enditem|p2a: Exeggutor|Sitrus Berry|[eat]\n|-heal|p2a: Exeggutor|68\/100|[from] item: Sitrus Berry\n|\n|t:|1698608987\n|switch|p1a: Darmanitan|Darmanitan-Galar, F|100\/100|[from] Volt Switch\n|-damage|p1a: Darmanitan|76\/100|[from] Stealth Rock\n|\n|-item|p2a: Exeggutor|Sitrus Berry|[from] ability: Harvest\n|upkeep\n|turn|24\n|inactive|Gocdd10 has 120 seconds left.\n|\n|t:|1698608996\n|switch|p2a: Corviknight|Corviknight, M|99\/100\n|move|p1a: Darmanitan|U-turn|p2a: Corviknight\n|-resisted|p2a: Corviknight\n|-damage|p2a: Corviknight|94\/100\n|inactive|Gocdd10 has 120 seconds left.\n|\n|t:|1698609004\n|switch|p1a: Sableye|Sableye-Mega, M|100\/100|[from] U-turn\n|-damage|p1a: Sableye|88\/100|[from] Stealth Rock\n|\n|-heal|p2a: Corviknight|99\/100|[from] item: Leftovers\n|-fieldend|move: Trick Room\n|upkeep\n|turn|25\n|\n|t:|1698609012\n|move|p2a: Corviknight|Brave Bird|p1a: Sableye\n|-damage|p1a: Sableye|54\/100\n|-damage|p2a: Corviknight|93\/100|[from] Recoil\n|move|p1a: Sableye|Will-O-Wisp|p2a: Corviknight\n|-status|p2a: Corviknight|brn\n|\n|-heal|p2a: Corviknight|99\/100 brn|[from] item: Leftovers\n|-damage|p2a: Corviknight|93\/100 brn|[from] brn\n|upkeep\n|turn|26\n|inactive|Pollylopy has 120 seconds left.\n|\n|t:|1698609026\n|move|p2a: Corviknight|Brave Bird|p1a: Sableye\n|-damage|p1a: Sableye|36\/100\n|-damage|p2a: Corviknight|90\/100 brn|[from] Recoil\n|move|p1a: Sableye|Recover|p1a: Sableye\n|-heal|p1a: Sableye|86\/100\n|\n|-heal|p2a: Corviknight|96\/100 brn|[from] item: Leftovers\n|-damage|p2a: Corviknight|90\/100 brn|[from] brn\n|upkeep\n|turn|27\n|inactive|Pollylopy has 120 seconds left.\n|\n|t:|1698609037\n|move|p2a: Corviknight|Brave Bird|p1a: Sableye\n|-damage|p1a: Sableye|70\/100\n|-damage|p2a: Corviknight|87\/100 brn|[from] Recoil\n|move|p1a: Sableye|Hex|p2a: Corviknight\n|-crit|p2a: Corviknight\n|-damage|p2a: Corviknight|33\/100 brn\n|\n|-heal|p2a: Corviknight|40\/100 brn|[from] item: Leftovers\n|-damage|p2a: Corviknight|33\/100 brn|[from] brn\n|upkeep\n|turn|28\n|inactive|Pollylopy has 120 seconds left.\n|\n|t:|1698609058\n|switch|p2a: Dusknoir|Dusknoir, F|87\/100\n|-item|p1a: Sableye|Sablenite|[from] ability: Frisk|[of] p2a: Dusknoir|[identify]\n|move|p1a: Sableye|Recover|p1a: Sableye\n|-heal|p1a: Sableye|100\/100\n|\n|-heal|p2a: Dusknoir|93\/100|[from] item: Leftovers\n|upkeep\n|turn|29\n|inactive|Pollylopy has 120 seconds left.\n|\n|t:|1698609076\n|move|p1a: Sableye|Will-O-Wisp|p2a: Dusknoir\n|-status|p2a: Dusknoir|brn\n|move|p2a: Dusknoir|Trick Room|p2a: Dusknoir\n|-fieldstart|move: Trick Room|[of] p2a: Dusknoir\n|\n|-heal|p2a: Dusknoir|99\/100 brn|[from] item: Leftovers\n|-damage|p2a: Dusknoir|93\/100 brn|[from] brn\n|upkeep\n|turn|30\n|inactive|Pollylopy has 120 seconds left.\n|\n|t:|1698609093\n|switch|p2a: Exeggutor|Exeggutor-Alola, M|68\/100\n|move|p1a: Sableye|Hex|p2a: Exeggutor\n|-damage|p2a: Exeggutor|47\/100\n|-enditem|p2a: Exeggutor|Sitrus Berry|[eat]\n|-heal|p2a: Exeggutor|72\/100|[from] item: Sitrus Berry\n|\n|-item|p2a: Exeggutor|Sitrus Berry|[from] ability: Harvest\n|upkeep\n|turn|31\n|inactive|Pollylopy has 120 seconds left.\n|\n|t:|1698609103\n|move|p1a: Sableye|Snarl|p2a: Exeggutor\n|-damage|p2a: Exeggutor|52\/100\n|-unboost|p2a: Exeggutor|spa|1\n|move|p2a: Exeggutor|Dragon Tail|p1a: Sableye\n|-damage|p1a: Sableye|79\/100\n|drag|p1a: Ferrothorn|Ferrothorn, M|91\/100\n|-damage|p1a: Ferrothorn|85\/100|[from] Stealth Rock\n|\n|-heal|p1a: Ferrothorn|91\/100|[from] item: Leftovers\n|upkeep\n|turn|32\n|inactive|Pollylopy has 120 seconds left.\n|\n|t:|1698609119\n|switch|p2a: Corviknight|Corviknight, M|33\/100 brn\n|move|p1a: Ferrothorn|Toxic||[still]\n|-fail|p1a: Ferrothorn\n|\n|-heal|p1a: Ferrothorn|97\/100|[from] item: Leftovers\n|-heal|p2a: Corviknight|40\/100 brn|[from] item: Leftovers\n|-damage|p2a: Corviknight|33\/100 brn|[from] brn\n|upkeep\n|turn|33\n|\n|t:|1698609129\n|move|p1a: Ferrothorn|Leech Seed|p2a: Corviknight\n|-start|p2a: Corviknight|move: Leech Seed\n|move|p2a: Corviknight|Roost|p2a: Corviknight\n|-heal|p2a: Corviknight|83\/100 brn\n|-singleturn|p2a: Corviknight|move: Roost\n|\n|-heal|p1a: Ferrothorn|100\/100|[from] item: Leftovers\n|-heal|p2a: Corviknight|90\/100 brn|[from] item: Leftovers\n|-damage|p2a: Corviknight|77\/100 brn|[from] Leech Seed|[of] p1a: Ferrothorn\n|-damage|p2a: Corviknight|71\/100 brn|[from] brn\n|-fieldend|move: Trick Room\n|upkeep\n|turn|34\n|\n|t:|1698609145\n|switch|p2a: Electrode|Electrode|62\/100 tox\n|switch|p1a: Sableye|Sableye-Mega, M|79\/100\n|-damage|p1a: Sableye|67\/100|[from] Stealth Rock\n|\n|-damage|p2a: Electrode|55\/100 tox|[from] psn\n|upkeep\n|turn|35\n|\n|t:|1698609154\n|move|p2a: Electrode|Taunt|p1a: Sableye\n|move|p1a: Sableye|Taunt|p2a: Electrode|[from]ability: Magic Bounce\n|-start|p2a: Electrode|move: Taunt\n|move|p1a: Sableye|Recover|p1a: Sableye\n|-heal|p1a: Sableye|100\/100\n|\n|-damage|p2a: Electrode|43\/100 tox|[from] psn\n|upkeep\n|turn|36\n|\n|t:|1698609176\n|switch|p2a: Arcanine|Arcanine, F|100\/100\n|-ability|p2a: Arcanine|Intimidate|boost\n|-unboost|p1a: Sableye|atk|1\n|move|p1a: Sableye|Hex|p2a: Arcanine\n|-damage|p2a: Arcanine|75\/100\n|\n|upkeep\n|turn|37\n|inactive|Gocdd10 has 120 seconds left.\n|\n|t:|1698609236\n|move|p2a: Arcanine|Morning Sun|p2a: Arcanine\n|-heal|p2a: Arcanine|100\/100\n|move|p1a: Sableye|Snarl|p2a: Arcanine\n|-damage|p2a: Arcanine|81\/100\n|-unboost|p2a: Arcanine|spa|1\n|\n|upkeep\n|turn|38\n|\n|t:|1698609250\n|switch|p1a: Rotom|Rotom-Wash|100\/100\n|-damage|p1a: Rotom|88\/100|[from] Stealth Rock\n|move|p2a: Arcanine|Flare Blitz|p1a: Rotom\n|-resisted|p1a: Rotom\n|-damage|p1a: Rotom|57\/100\n|-damage|p2a: Arcanine|73\/100|[from] Recoil\n|\n|-heal|p1a: Rotom|63\/100|[from] item: Leftovers\n|upkeep\n|turn|39\n|\n|t:|1698609269\n|switch|p2a: Dusknoir|Dusknoir, F|93\/100 brn\n|-item|p1a: Rotom|Leftovers|[from] ability: Frisk|[of] p2a: Dusknoir|[identify]\n|move|p1a: Rotom|Hex|p2a: Dusknoir\n|-supereffective|p2a: Dusknoir\n|-damage|p2a: Dusknoir|38\/100 brn\n|\n|-heal|p1a: Rotom|69\/100|[from] item: Leftovers\n|-heal|p2a: Dusknoir|44\/100 brn|[from] item: Leftovers\n|-damage|p2a: Dusknoir|38\/100 brn|[from] brn\n|upkeep\n|turn|40\n|\n|t:|1698609288\n|switch|p2a: Exeggutor|Exeggutor-Alola, M|52\/100\n|move|p1a: Rotom|Hex|p2a: Exeggutor\n|-damage|p2a: Exeggutor|30\/100\n|-enditem|p2a: Exeggutor|Sitrus Berry|[eat]\n|-heal|p2a: Exeggutor|55\/100|[from] item: Sitrus Berry\n|\n|-heal|p1a: Rotom|75\/100|[from] item: Leftovers\n|upkeep\n|turn|41\n|\n|t:|1698609301\n|switch|p1a: Ferrothorn|Ferrothorn, M|100\/100\n|-damage|p1a: Ferrothorn|94\/100|[from] Stealth Rock\n|move|p2a: Exeggutor|Giga Drain|p1a: Ferrothorn\n|-resisted|p1a: Ferrothorn\n|-damage|p1a: Ferrothorn|88\/100\n|-heal|p2a: Exeggutor|58\/100|[from] drain|[of] p1a: Ferrothorn\n|\n|-heal|p1a: Ferrothorn|94\/100|[from] item: Leftovers\n|upkeep\n|turn|42\n|\n|t:|1698609314\n|switch|p2a: Corviknight|Corviknight, M|71\/100 brn\n|move|p1a: Ferrothorn|Gyro Ball|p2a: Corviknight\n|-resisted|p2a: Corviknight\n|-damage|p2a: Corviknight|59\/100 brn\n|\n|-heal|p2a: Corviknight|65\/100 brn|[from] item: Leftovers\n|-heal|p1a: Ferrothorn|99\/100|[from] item: Leftovers\n|-damage|p2a: Corviknight|59\/100 brn|[from] brn\n|upkeep\n|turn|43\n|\n|t:|1698609325\n|move|p2a: Corviknight|Body Press|p1a: Ferrothorn\n|-supereffective|p1a: Ferrothorn\n|-damage|p1a: Ferrothorn|79\/100\n|-damage|p2a: Corviknight|46\/100 brn|[from] ability: Iron Barbs|[of] p1a: Ferrothorn\n|move|p1a: Ferrothorn|Leech Seed|p2a: Corviknight\n|-start|p2a: Corviknight|move: Leech Seed\n|\n|-heal|p2a: Corviknight|52\/100 brn|[from] item: Leftovers\n|-heal|p1a: Ferrothorn|85\/100|[from] item: Leftovers\n|-damage|p2a: Corviknight|40\/100 brn|[from] Leech Seed|[of] p1a: Ferrothorn\n|-heal|p1a: Ferrothorn|100\/100|[silent]\n|-damage|p2a: Corviknight|34\/100 brn|[from] brn\n|upkeep\n|turn|44\n|\n|t:|1698609341\n|switch|p1a: Sableye|Sableye-Mega, M|100\/100\n|-damage|p1a: Sableye|88\/100|[from] Stealth Rock\n|move|p2a: Corviknight|Roost|p2a: Corviknight\n|-heal|p2a: Corviknight|84\/100 brn\n|-singleturn|p2a: Corviknight|move: Roost\n|\n|-heal|p2a: Corviknight|90\/100 brn|[from] item: Leftovers\n|-damage|p2a: Corviknight|77\/100 brn|[from] Leech Seed|[of] p1a: Sableye\n|-heal|p1a: Sableye|100\/100|[silent]\n|-damage|p2a: Corviknight|71\/100 brn|[from] brn\n|upkeep\n|turn|45\n|inactive|Pollylopy has 90 seconds left.\n|\n|t:|1698609360\n|switch|p2a: Arcanine|Arcanine, F|73\/100\n|-ability|p2a: Arcanine|Intimidate|boost\n|-unboost|p1a: Sableye|atk|1\n|move|p1a: Sableye|Hex|p2a: Arcanine\n|-damage|p2a: Arcanine|46\/100\n|\n|upkeep\n|turn|46\n|\n|t:|1698609373\n|switch|p1a: Rotom|Rotom-Wash|75\/100\n|-damage|p1a: Rotom|63\/100|[from] Stealth Rock\n|move|p2a: Arcanine|Morning Sun|p2a: Arcanine\n|-heal|p2a: Arcanine|96\/100\n|\n|-heal|p1a: Rotom|69\/100|[from] item: Leftovers\n|upkeep\n|turn|47\n|inactive|Pollylopy has 90 seconds left.\n|\n|t:|1698609410\n|switch|p2a: Electrode|Electrode|43\/100 tox\n|move|p1a: Rotom|Hydro Pump|p2a: Electrode\n|-damage|p2a: Electrode|0 fnt\n|faint|p2a: Electrode\n|\n|-heal|p1a: Rotom|75\/100|[from] item: Leftovers\n|upkeep\n|inactive|Pollylopy has 60 seconds left.\n|\n|t:|1698609427\n|switch|p2a: Marowak|Marowak, F, tera:Grass|67\/100\n|turn|48\n|inactive|Gocdd10 has 90 seconds left.\n|\n|t:|1698609468\n|move|p1a: Rotom|Volt Switch|p2a: Marowak\n|-resisted|p2a: Marowak\n|-damage|p2a: Marowak|46\/100\n|\n|t:|1698609473\n|switch|p1a: Ferrothorn|Ferrothorn, M|100\/100|[from] Volt Switch\n|-damage|p1a: Ferrothorn|94\/100|[from] Stealth Rock\n|move|p2a: Marowak|Double-Edge|p1a: Ferrothorn\n|-resisted|p1a: Ferrothorn\n|-damage|p1a: Ferrothorn|67\/100\n|-damage|p2a: Marowak|33\/100|[from] ability: Iron Barbs|[of] p1a: Ferrothorn\n|\n|-heal|p1a: Ferrothorn|73\/100|[from] item: Leftovers\n|upkeep\n|turn|49\n|\n|t:|1698609492\n|switch|p2a: Exeggutor|Exeggutor-Alola, M|58\/100\n|move|p1a: Ferrothorn|Toxic|p2a: Exeggutor\n|-status|p2a: Exeggutor|tox\n|\n|-heal|p1a: Ferrothorn|79\/100|[from] item: Leftovers\n|-damage|p2a: Exeggutor|52\/100 tox|[from] psn\n|upkeep\n|turn|50\n|\n|t:|1698609501\n|move|p1a: Ferrothorn|Protect|p1a: Ferrothorn\n|-singleturn|p1a: Ferrothorn|Protect\n|move|p2a: Exeggutor|Dragon Tail|p1a: Ferrothorn\n|-activate|p1a: Ferrothorn|move: Protect\n|\n|-heal|p1a: Ferrothorn|85\/100|[from] item: Leftovers\n|-damage|p2a: Exeggutor|40\/100 tox|[from] psn\n|-item|p2a: Exeggutor|Sitrus Berry|[from] ability: Harvest\n|upkeep\n|-enditem|p2a: Exeggutor|Sitrus Berry|[eat]\n|-heal|p2a: Exeggutor|64\/100 tox|[from] item: Sitrus Berry\n|turn|51\n|\n|t:|1698609514\n|move|p1a: Ferrothorn|Gyro Ball|p2a: Exeggutor\n|-damage|p2a: Exeggutor|46\/100 tox\n|move|p2a: Exeggutor|Dragon Tail|p1a: Ferrothorn|[miss]\n|-miss|p2a: Exeggutor|p1a: Ferrothorn\n|\n|-heal|p1a: Ferrothorn|92\/100|[from] item: Leftovers\n|-damage|p2a: Exeggutor|28\/100 tox|[from] psn\n|upkeep\n|turn|52\n|\n|t:|1698609524\n|move|p1a: Ferrothorn|Gyro Ball|p2a: Exeggutor\n|-damage|p2a: Exeggutor|10\/100 tox\n|move|p2a: Exeggutor|Dragon Tail|p1a: Ferrothorn\n|-resisted|p1a: Ferrothorn\n|-damage|p1a: Ferrothorn|83\/100\n|-damage|p2a: Exeggutor|0 fnt|[from] ability: Iron Barbs|[of] p1a: Ferrothorn\n|faint|p2a: Exeggutor\n|drag|p1a: Rotom|Rotom-Wash|75\/100\n|-damage|p1a: Rotom|63\/100|[from] Stealth Rock\n|\n|-heal|p1a: Rotom|69\/100|[from] item: Leftovers\n|upkeep\n|\n|t:|1698609538\n|switch|p2a: Marowak|Marowak, F, tera:Grass|33\/100\n|turn|53\n|\n|t:|1698609542\n|move|p1a: Rotom|Volt Switch|p2a: Marowak\n|-resisted|p2a: Marowak\n|-damage|p2a: Marowak|13\/100\n|\n|t:|1698609545\n|switch|p1a: Ferrothorn|Ferrothorn, M|83\/100|[from] Volt Switch\n|-damage|p1a: Ferrothorn|77\/100|[from] Stealth Rock\n|move|p2a: Marowak|Bonemerang|p1a: Ferrothorn\n|-damage|p1a: Ferrothorn|47\/100\n|-damage|p1a: Ferrothorn|16\/100\n|-hitcount|p1a: Ferrothorn|2\n|\n|-heal|p1a: Ferrothorn|22\/100|[from] item: Leftovers\n|upkeep\n|turn|54\n|\n|t:|1698609561\n|switch|p2a: Corviknight|Corviknight, M|71\/100 brn\n|move|p1a: Ferrothorn|Protect||[still]\n|-fail|p1a: Ferrothorn\n|\n|-heal|p2a: Corviknight|77\/100 brn|[from] item: Leftovers\n|-heal|p1a: Ferrothorn|29\/100|[from] item: Leftovers\n|-damage|p2a: Corviknight|71\/100 brn|[from] brn\n|upkeep\n|turn|55\n|\n|t:|1698609571\n|move|p1a: Ferrothorn|Protect|p1a: Ferrothorn\n|-singleturn|p1a: Ferrothorn|Protect\n|move|p2a: Corviknight|Brave Bird|p1a: Ferrothorn\n|-activate|p1a: Ferrothorn|move: Protect\n|\n|-heal|p2a: Corviknight|77\/100 brn|[from] item: Leftovers\n|-heal|p1a: Ferrothorn|35\/100|[from] item: Leftovers\n|-damage|p2a: Corviknight|71\/100 brn|[from] brn\n|upkeep\n|turn|56\n|\n|t:|1698609581\n|move|p2a: Corviknight|Brave Bird|p1a: Ferrothorn\n|-damage|p1a: Ferrothorn|20\/100\n|-damage|p2a: Corviknight|59\/100 brn|[from] ability: Iron Barbs|[of] p1a: Ferrothorn\n|-damage|p2a: Corviknight|55\/100 brn|[from] Recoil\n|move|p1a: Ferrothorn|Leech Seed|p2a: Corviknight\n|-start|p2a: Corviknight|move: Leech Seed\n|\n|-heal|p2a: Corviknight|61\/100 brn|[from] item: Leftovers\n|-heal|p1a: Ferrothorn|26\/100|[from] item: Leftovers\n|-damage|p2a: Corviknight|49\/100 brn|[from] Leech Seed|[of] p1a: Ferrothorn\n|-heal|p1a: Ferrothorn|43\/100|[silent]\n|-damage|p2a: Corviknight|42\/100 brn|[from] brn\n|upkeep\n|turn|57\n|inactive|Gocdd10 has 120 seconds left.\n|\n|t:|1698609598\n|switch|p2a: Dusknoir|Dusknoir, F|38\/100 brn\n|-item|p1a: Ferrothorn|Leftovers|[from] ability: Frisk|[of] p2a: Dusknoir|[identify]\n|move|p1a: Ferrothorn|Leech Seed|p2a: Dusknoir\n|-start|p2a: Dusknoir|move: Leech Seed\n|\n|-heal|p2a: Dusknoir|44\/100 brn|[from] item: Leftovers\n|-heal|p1a: Ferrothorn|49\/100|[from] item: Leftovers\n|-damage|p2a: Dusknoir|32\/100 brn|[from] Leech Seed|[of] p1a: Ferrothorn\n|-heal|p1a: Ferrothorn|62\/100|[silent]\n|-damage|p2a: Dusknoir|26\/100 brn|[from] brn\n|upkeep\n|turn|58\n|\n|t:|1698609612\n|move|p1a: Ferrothorn|Gyro Ball|p2a: Dusknoir\n|-damage|p2a: Dusknoir|2\/100 brn\n|move|p2a: Dusknoir|Trick Room|p2a: Dusknoir\n|-fieldstart|move: Trick Room|[of] p2a: Dusknoir\n|\n|-heal|p1a: Ferrothorn|68\/100|[from] item: Leftovers\n|-heal|p2a: Dusknoir|8\/100 brn|[from] item: Leftovers\n|-damage|p2a: Dusknoir|0 fnt|[from] Leech Seed|[of] p1a: Ferrothorn\n|-heal|p1a: Ferrothorn|76\/100|[silent]\n|faint|p2a: Dusknoir\n|upkeep\n|\n|t:|1698609626\n|switch|p2a: Arcanine|Arcanine, F|96\/100\n|-ability|p2a: Arcanine|Intimidate|boost\n|-unboost|p1a: Ferrothorn|atk|1\n|turn|59\n|\n|t:|1698609632\n|move|p1a: Ferrothorn|Protect|p1a: Ferrothorn\n|-singleturn|p1a: Ferrothorn|Protect\n|move|p2a: Arcanine|Flare Blitz|p1a: Ferrothorn\n|-activate|p1a: Ferrothorn|move: Protect\n|\n|-heal|p1a: Ferrothorn|82\/100|[from] item: Leftovers\n|upkeep\n|turn|60\n|\n|t:|1698609648\n|switch|p1a: Rotom|Rotom-Wash|69\/100\n|-damage|p1a: Rotom|57\/100|[from] Stealth Rock\n|move|p2a: Arcanine|Flare Blitz|p1a: Rotom\n|-resisted|p1a: Rotom\n|-damage|p1a: Rotom|22\/100\n|-damage|p2a: Arcanine|87\/100|[from] Recoil\n|\n|-heal|p1a: Rotom|29\/100|[from] item: Leftovers\n|upkeep\n|turn|61\n|\n|t:|1698609661\n|move|p2a: Arcanine|Extreme Speed|p1a: Rotom\n|-damage|p1a: Rotom|0 fnt\n|faint|p1a: Rotom\n|\n|upkeep\n|\n|t:|1698609666\n|switch|p1a: Sableye|Sableye-Mega, M|100\/100\n|-damage|p1a: Sableye|88\/100|[from] Stealth Rock\n|turn|62\n|\n|t:|1698609678\n|move|p1a: Sableye|Hex|p2a: Arcanine\n|-damage|p2a: Arcanine|61\/100\n|move|p2a: Arcanine|Crunch|p1a: Sableye\n|-damage|p1a: Sableye|63\/100\n|\n|-fieldend|move: Trick Room\n|upkeep\n|turn|63\n|\n|t:|1698609693\n|move|p2a: Arcanine|Crunch|p1a: Sableye\n|-damage|p1a: Sableye|39\/100\n|move|p1a: Sableye|Recover|p1a: Sableye\n|-heal|p1a: Sableye|89\/100\n|\n|upkeep\n|turn|64\n|inactive|Gocdd10 has 120 seconds left.\n|\n|t:|1698609728\n|switch|p1a: Darmanitan|Darmanitan-Galar, F|76\/100\n|-damage|p1a: Darmanitan|51\/100|[from] Stealth Rock\n|move|p2a: Arcanine|Crunch|p1a: Darmanitan\n|-damage|p1a: Darmanitan|11\/100\n|-unboost|p1a: Darmanitan|def|1\n|\n|upkeep\n|turn|65\n|inactive|Gocdd10 has 120 seconds left.\n|inactive|Pollylopy has 90 seconds left.\n|\n|t:|1698609737\n|switch|p1a: Ferrothorn|Ferrothorn, M|82\/100\n|-damage|p1a: Ferrothorn|76\/100|[from] Stealth Rock\n|move|p2a: Arcanine|Extreme Speed|p1a: Ferrothorn\n|-resisted|p1a: Ferrothorn\n|-damage|p1a: Ferrothorn|66\/100\n|-damage|p2a: Arcanine|49\/100|[from] ability: Iron Barbs|[of] p1a: Ferrothorn\n|\n|-heal|p1a: Ferrothorn|72\/100|[from] item: Leftovers\n|upkeep\n|turn|66\n|inactive|Gocdd10 has 120 seconds left.\n|inactive|Pollylopy has 90 seconds left.\n|\n|t:|1698609760\n|-terastallize|p1a: Ferrothorn|Grass\n|move|p2a: Arcanine|Flare Blitz|p1a: Ferrothorn\n|-supereffective|p1a: Ferrothorn\n|-damage|p1a: Ferrothorn|0 fnt\n|-damage|p2a: Arcanine|36\/100|[from] ability: Iron Barbs|[of] p1a: Ferrothorn\n|faint|p1a: Ferrothorn\n|-damage|p2a: Arcanine|15\/100|[from] Recoil\n|\n|upkeep\n|\n|t:|1698609771\n|switch|p1a: Lugia|Lugia|100\/100\n|-damage|p1a: Lugia|76\/100|[from] Stealth Rock\n|turn|67\n|\n|t:|1698609779\n|switch|p2a: Corviknight|Corviknight, M|42\/100 brn\n|move|p1a: Lugia|Aeroblast|p2a: Corviknight\n|-resisted|p2a: Corviknight\n|-damage|p2a: Corviknight|28\/100 brn\n|\n|-heal|p1a: Lugia|82\/100|[from] item: Leftovers\n|-heal|p2a: Corviknight|34\/100 brn|[from] item: Leftovers\n|-damage|p2a: Corviknight|28\/100 brn|[from] brn\n|upkeep\n|turn|68\n|inactive|Gocdd10 has 120 seconds left.\n|\n|t:|1698609790\n|move|p1a: Lugia|Substitute|p1a: Lugia\n|-start|p1a: Lugia|Substitute\n|-damage|p1a: Lugia|57\/100\n|move|p2a: Corviknight|Roost|p2a: Corviknight\n|-heal|p2a: Corviknight|78\/100 brn\n|-singleturn|p2a: Corviknight|move: Roost\n|\n|-heal|p1a: Lugia|63\/100|[from] item: Leftovers\n|-heal|p2a: Corviknight|84\/100 brn|[from] item: Leftovers\n|-damage|p2a: Corviknight|78\/100 brn|[from] brn\n|upkeep\n|turn|69\n|\n|t:|1698609802\n|move|p2a: Corviknight|Brave Bird|p1a: Lugia\n|-activate|p1a: Lugia|move: Substitute|[damage]\n|-damage|p2a: Corviknight|75\/100 brn|[from] Recoil|[of] p1a: Lugia\n|move|p1a: Lugia|Whirlwind|p2a: Corviknight\n|drag|p2a: Arcanine|Arcanine, F|15\/100\n|-ability|p2a: Arcanine|Intimidate|boost\n|-immune|p1a: Lugia\n|\n|-heal|p1a: Lugia|69\/100|[from] item: Leftovers\n|upkeep\n|turn|70\n|\n|t:|1698609815\n|switch|p2a: Corviknight|Corviknight, M|75\/100 brn\n|move|p1a: Lugia|Aeroblast|p2a: Corviknight\n|-resisted|p2a: Corviknight\n|-damage|p2a: Corviknight|59\/100 brn\n|\n|-heal|p1a: Lugia|76\/100|[from] item: Leftovers\n|-heal|p2a: Corviknight|65\/100 brn|[from] item: Leftovers\n|-damage|p2a: Corviknight|59\/100 brn|[from] brn\n|upkeep\n|turn|71\n|\n|t:|1698609827\n|move|p2a: Corviknight|Brave Bird|p1a: Lugia\n|-activate|p1a: Lugia|move: Substitute|[damage]\n|-damage|p2a: Corviknight|55\/100 brn|[from] Recoil|[of] p1a: Lugia\n|move|p1a: Lugia|Whirlwind|p2a: Corviknight\n|drag|p2a: Arcanine|Arcanine, F|15\/100\n|-ability|p2a: Arcanine|Intimidate|boost\n|-immune|p1a: Lugia\n|\n|-heal|p1a: Lugia|82\/100|[from] item: Leftovers\n|upkeep\n|turn|72\n|\n|t:|1698609839\n|switch|p2a: Corviknight|Corviknight, M|55\/100 brn\n|move|p1a: Lugia|Whirlwind|p2a: Corviknight\n|drag|p2a: Marowak|Marowak, F, tera:Grass|13\/100\n|\n|-heal|p1a: Lugia|88\/100|[from] item: Leftovers\n|upkeep\n|turn|73\n|\n|t:|1698609850\n|switch|p2a: Arcanine|Arcanine, F|15\/100\n|-ability|p2a: Arcanine|Intimidate|boost\n|-immune|p1a: Lugia\n|move|p1a: Lugia|Aeroblast|p2a: Arcanine\n|-damage|p2a: Arcanine|0 fnt\n|faint|p2a: Arcanine\n|\n|-heal|p1a: Lugia|94\/100|[from] item: Leftovers\n|upkeep\n|\n|t:|1698609862\n|switch|p2a: Corviknight|Corviknight, M|55\/100 brn\n|turn|74\n|\n|t:|1698609868\n|move|p2a: Corviknight|Brave Bird|p1a: Lugia\n|-end|p1a: Lugia|Substitute\n|-damage|p2a: Corviknight|55\/100 brn|[from] Recoil|[of] p1a: Lugia\n|move|p1a: Lugia|Whirlwind|p2a: Corviknight\n|drag|p2a: Marowak|Marowak, F, tera:Grass|13\/100\n|\n|-heal|p1a: Lugia|100\/100|[from] item: Leftovers\n|upkeep\n|turn|75\n|\n|t:|1698609891\n|move|p1a: Lugia|Aeroblast|p2a: Marowak\n|-supereffective|p2a: Marowak\n|-damage|p2a: Marowak|0 fnt\n|faint|p2a: Marowak\n|\n|upkeep\n|\n|t:|1698609898\n|switch|p2a: Corviknight|Corviknight, M|55\/100 brn\n|turn|76\n|\n|t:|1698609908\n|switch|p1a: Darmanitan|Darmanitan-Galar, F|11\/100\n|-damage|p1a: Darmanitan|0 fnt|[from] Stealth Rock\n|faint|p1a: Darmanitan\n|move|p2a: Corviknight|Roost|p2a: Corviknight\n|-heal|p2a: Corviknight|100\/100 brn\n|-singleturn|p2a: Corviknight|move: Roost\n|\n|-damage|p2a: Corviknight|94\/100 brn|[from] brn\n|upkeep\n|\n|t:|1698609918\n|switch|p1a: Sableye|Sableye-Mega, M|89\/100\n|-damage|p1a: Sableye|76\/100|[from] Stealth Rock\n|turn|77\n|\n|t:|1698609923\n|move|p2a: Corviknight|Brave Bird|p1a: Sableye\n|-damage|p1a: Sableye|60\/100\n|-damage|p2a: Corviknight|91\/100 brn|[from] Recoil\n|move|p1a: Sableye|Hex|p2a: Corviknight\n|-damage|p2a: Corviknight|50\/100 brn\n|\n|-heal|p2a: Corviknight|57\/100 brn|[from] item: Leftovers\n|-damage|p2a: Corviknight|50\/100 brn|[from] brn\n|upkeep\n|turn|78\n|\n|t:|1698609936\n|move|p2a: Corviknight|Roost|p2a: Corviknight\n|-heal|p2a: Corviknight|100\/100 brn\n|-singleturn|p2a: Corviknight|move: Roost\n|move|p1a: Sableye|Hex|p2a: Corviknight\n|-damage|p2a: Corviknight|65\/100 brn\n|\n|-heal|p2a: Corviknight|71\/100 brn|[from] item: Leftovers\n|-damage|p2a: Corviknight|65\/100 brn|[from] brn\n|upkeep\n|turn|79\n|\n|t:|1698609947\n|move|p2a: Corviknight|Brave Bird|p1a: Sableye\n|-damage|p1a: Sableye|43\/100\n|-damage|p2a: Corviknight|62\/100 brn|[from] Recoil\n|move|p1a: Sableye|Hex|p2a: Corviknight\n|-damage|p2a: Corviknight|22\/100 brn\n|\n|-heal|p2a: Corviknight|28\/100 brn|[from] item: Leftovers\n|-damage|p2a: Corviknight|22\/100 brn|[from] brn\n|upkeep\n|turn|80\n|\n|t:|1698609957\n|move|p2a: Corviknight|Roost|p2a: Corviknight\n|-heal|p2a: Corviknight|72\/100 brn\n|-singleturn|p2a: Corviknight|move: Roost\n|move|p1a: Sableye|Recover|p1a: Sableye\n|-heal|p1a: Sableye|93\/100\n|\n|-heal|p2a: Corviknight|78\/100 brn|[from] item: Leftovers\n|-damage|p2a: Corviknight|72\/100 brn|[from] brn\n|upkeep\n|turn|81\n|-message|Pollylopy forfeited.\n|\n|win|Gocdd10\n|raw|Gocdd10's rating: 1193 &rarr; <strong>1215<\/strong><br \/>(+22 for winning)\n|raw|Pollylopy's rating: 1153 &rarr; <strong>1131<\/strong><br \/>(-22 for losing)\n|l|\u2606Pollylopy\n","uploadtime":1698609987,"views":13,"p1id":"gocdd10","p2id":"pollylopy","formatid":"gen9nationaldexubers","rating":1131,"private":0,"password":""}