{"id":"gen9nationaldexubers-1994526224","p1":"Kdisue","p2":"UwUSylveonn","format":"[Gen 9] National Dex Ubers","log":"|j|\u2606Kdisue\n|j|\u2606UwUSylveonn\n|t:|1700454688\n|gametype|singles\n|player|p1|Kdisue|265|1122\n|player|p2|UwUSylveonn|dawn|1000\n|teamsize|p1|6\n|teamsize|p2|6\n|gen|9\n|tier|[Gen 9] National Dex Ubers\n|rated|\n|rule|HP Percentage Mod: HP is shown in percentages\n|rule|Endless Battle Clause: Forcing endless battles is banned\n|rule|OHKO Clause: OHKO moves are banned\n|rule|Evasion Moves Clause: Evasion moves are banned\n|rule|Evasion Items Clause: Evasion items are banned\n|rule|Species Clause: Limit one of each Pok\u00e9mon\n|rule|Sleep Clause Mod: Limit one foe put to sleep\n|rule|Mega Rayquaza Clause: You cannot mega evolve Rayquaza\n|clearpoke\n|poke|p1|Deoxys-Defense|\n|poke|p1|Chansey, F|\n|poke|p1|Ferrothorn, M|\n|poke|p1|Rotom-Wash|\n|poke|p1|Ho-Oh|\n|poke|p1|Lugia|\n|poke|p2|Clodsire, M|\n|poke|p2|Dondozo, F|\n|poke|p2|Alomomola, F|\n|poke|p2|Talonflame, M|\n|poke|p2|Toxapex, F|\n|poke|p2|Blissey, F|\n|teampreview\n|inactive|Battle timer is ON: inactive players will automatically lose when time's up. (requested by Kdisue)\n|\n|t:|1700454701\n|start\n|switch|p1a: Sexy Red|Deoxys-Defense|100\/100\n|switch|p2a: Toxapex|Toxapex, F|100\/100\n|-ability|p1a: Sexy Red|Pressure\n|turn|1\n|c|\u2606Kdisue|Stall vs stall\n|\n|t:|1700454710\n|-terastallize|p1a: Sexy Red|Psychic\n|move|p1a: Sexy Red|Psycho Boost|p2a: Toxapex\n|-supereffective|p2a: Toxapex\n|-damage|p2a: Toxapex|0 fnt\n|-unboost|p1a: Sexy Red|spa|2\n|faint|p2a: Toxapex\n|-damage|p1a: Sexy Red|91\/100|[from] item: Life Orb\n|\n|upkeep\n|\n|t:|1700454723\n|switch|p2a: Blissey|Blissey, F|100\/100\n|turn|2\n|\n|t:|1700454731\n|switch|p1a: Egg woman|Chansey, F|100\/100\n|move|p2a: Blissey|Stealth Rock|p1a: Egg woman\n|-sidestart|p1: Kdisue|move: Stealth Rock\n|\n|upkeep\n|turn|3\n|\n|t:|1700454743\n|switch|p2a: Dondozo|Dondozo, F|100\/100\n|move|p1a: Egg woman|Power-Up Punch|p2a: Dondozo\n|-crit|p2a: Dondozo\n|-damage|p2a: Dondozo|97\/100\n|-boost|p1a: Egg woman|atk|1\n|\n|upkeep\n|turn|4\n|\n|t:|1700454753\n|move|p1a: Egg woman|Thunder Punch|p2a: Dondozo\n|-supereffective|p2a: Dondozo\n|-crit|p2a: Dondozo\n|-damage|p2a: Dondozo|86\/100\n|move|p2a: Dondozo|Body Press|p1a: Egg woman\n|-supereffective|p1a: Egg woman\n|-damage|p1a: Egg woman|34\/100\n|\n|upkeep\n|turn|5\n|\n|t:|1700454763\n|switch|p1a: Lugia|Lugia|100\/100\n|-damage|p1a: Lugia|76\/100|[from] Stealth Rock\n|move|p2a: Dondozo|Liquidation|p1a: Lugia\n|-damage|p1a: Lugia|56\/100\n|\n|upkeep\n|turn|6\n|\n|t:|1700454771\n|switch|p2a: Clodsire|Clodsire, M|100\/100\n|move|p1a: Lugia|Roost|p1a: Lugia\n|-heal|p1a: Lugia|100\/100\n|-singleturn|p1a: Lugia|move: Roost\n|\n|upkeep\n|turn|7\n|\n|t:|1700454779\n|move|p1a: Lugia|Psycho Boost|p2a: Clodsire\n|-supereffective|p2a: Clodsire\n|-damage|p2a: Clodsire|40\/100\n|-unboost|p1a: Lugia|spa|2\n|-damage|p1a: Lugia|91\/100|[from] item: Life Orb\n|move|p2a: Clodsire|Toxic|p1a: Lugia\n|-status|p1a: Lugia|tox\n|\n|-damage|p1a: Lugia|85\/100 tox|[from] psn\n|upkeep\n|turn|8\n|\n|t:|1700454790\n|move|p1a: Lugia|Psycho Boost|p2a: Clodsire\n|-supereffective|p2a: Clodsire\n|-damage|p2a: Clodsire|0 fnt\n|-unboost|p1a: Lugia|spa|2\n|faint|p2a: Clodsire\n|-damage|p1a: Lugia|75\/100 tox|[from] item: Life Orb\n|\n|-damage|p1a: Lugia|63\/100 tox|[from] psn\n|upkeep\n|\n|t:|1700454801\n|switch|p2a: Alomomola|Alomomola, F|100\/100\n|turn|9\n|\n|t:|1700454809\n|switch|p1a: Washington|Rotom-Wash|100\/100\n|-damage|p1a: Washington|88\/100|[from] Stealth Rock\n|move|p2a: Alomomola|Whirlpool|p1a: Washington\n|-resisted|p1a: Washington\n|-damage|p1a: Washington|84\/100\n|-activate|p1a: Washington|move: Whirlpool|[of] p2a: Alomomola\n|\n|-damage|p1a: Washington|72\/100|[from] move: Whirlpool|[partiallytrapped]\n|upkeep\n|turn|10\n|\n|t:|1700454820\n|move|p2a: Alomomola|Protect|p2a: Alomomola\n|-singleturn|p2a: Alomomola|Protect\n|move|p1a: Washington|Volt Switch|p2a: Alomomola\n|-activate|p2a: Alomomola|move: Protect\n|\n|-damage|p1a: Washington|59\/100|[from] move: Whirlpool|[partiallytrapped]\n|upkeep\n|turn|11\n|\n|t:|1700454835\n|move|p1a: Washington|Volt Switch|p2a: Alomomola\n|-supereffective|p2a: Alomomola\n|-damage|p2a: Alomomola|0 fnt\n|faint|p2a: Alomomola\n|-message|UwUSylveonn forfeited.\n|\n|win|Kdisue\n|raw|Kdisue's rating: 1122 &rarr; <strong>1139<\/strong><br \/>(+17 for winning)\n|raw|UwUSylveonn's rating: 1000 &rarr; <strong>1000<\/strong><br \/>(+0 for losing)\n|l|\u2606UwUSylveonn\n","uploadtime":1700454842,"views":3,"p1id":"kdisue","p2id":"uwusylveonn","formatid":"gen9nationaldexubers","rating":1000,"private":0,"password":""}