{"id":"gen9nationaldexubers-1989262697","p1":"tuuma","p2":"TRIPLE RILABOOM","format":"[Gen 9] National Dex Ubers","log":"|j|\u2606tuuma\n|j|\u2606TRIPLE RILABOOM\n|t:|1699829347\n|gametype|singles\n|player|p1|tuuma|101|1312\n|player|p2|TRIPLE RILABOOM|169|1185\n|teamsize|p1|6\n|teamsize|p2|6\n|gen|9\n|tier|[Gen 9] National Dex Ubers\n|rated|\n|rule|HP Percentage Mod: HP is shown in percentages\n|rule|Endless Battle Clause: Forcing endless battles is banned\n|rule|OHKO Clause: OHKO moves are banned\n|rule|Evasion Moves Clause: Evasion moves are banned\n|rule|Evasion Items Clause: Evasion items are banned\n|rule|Species Clause: Limit one of each Pok\u00e9mon\n|rule|Sleep Clause Mod: Limit one foe put to sleep\n|rule|Mega Rayquaza Clause: You cannot mega evolve Rayquaza\n|clearpoke\n|poke|p1|Marshadow|\n|poke|p1|Shaymin-Sky|\n|poke|p1|Ribombee, M|\n|poke|p1|Glimmora, F|\n|poke|p1|Togedemaru, L1, M|\n|poke|p1|Ninjask, F|\n|poke|p2|Zarude|\n|poke|p2|Marshadow|\n|poke|p2|Galvantula, F|\n|poke|p2|Darmanitan-Galar, M|\n|poke|p2|Gholdengo|\n|poke|p2|Xurkitree|\n|teampreview\n|inactive|Battle timer is ON: inactive players will automatically lose when time's up. (requested by tuuma)\n|\n|t:|1699829360\n|start\n|switch|p1a: Glimmora|Glimmora, F|100\/100\n|switch|p2a: Galvantula|Galvantula, F, shiny|100\/100\n|-item|p1a: Glimmora|Air Balloon\n|turn|1\n|\n|t:|1699829371\n|move|p2a: Galvantula|Sticky Web|p1a: Glimmora\n|-sidestart|p1: tuuma|move: Sticky Web\n|move|p1a: Glimmora|Mortal Spin|p2a: Galvantula\n|-damage|p2a: Galvantula|88\/100\n|-status|p2a: Galvantula|psn\n|-sideend|p1: tuuma|Sticky Web|[from] move: Mortal Spin|[of] p1a: Glimmora\n|\n|-damage|p2a: Galvantula|76\/100 psn|[from] psn\n|upkeep\n|turn|2\n|\n|t:|1699829378\n|move|p2a: Galvantula|Thunder|p1a: Glimmora\n|-damage|p1a: Glimmora|58\/100\n|-status|p1a: Glimmora|par\n|-enditem|p1a: Glimmora|Air Balloon\n|move|p1a: Glimmora|Power Gem|p2a: Galvantula\n|-supereffective|p2a: Galvantula\n|-damage|p2a: Galvantula|0 fnt\n|faint|p2a: Galvantula\n|\n|upkeep\n|\n|t:|1699829391\n|switch|p2a: Marshadow|Marshadow|100\/100\n|turn|3\n|inactive|TRIPLE RILABOOM has 120 seconds left.\n|\n|t:|1699829424\n|move|p1a: Glimmora|Spiky Shield|p1a: Glimmora\n|-singleturn|p1a: Glimmora|move: Protect\n|move|p2a: Marshadow|Swagger|p1a: Glimmora\n|-activate|p1a: Glimmora|move: Protect\n|\n|upkeep\n|turn|4\n|inactive|TRIPLE RILABOOM has 120 seconds left.\n|\n|t:|1699829435\n|switch|p1a: Ninjask|Ninjask, F|100\/100\n|move|p2a: Marshadow|Swagger|p1a: Ninjask\n|-boost|p1a: Ninjask|atk|2\n|-enditem|p2a: Marshadow|Mirror Herb\n|-boost|p2a: Marshadow|atk|2|[from] item: Mirror Herb\n|-start|p1a: Ninjask|confusion\n|\n|upkeep\n|turn|5\n|\n|t:|1699829445\n|-activate|p1a: Ninjask|confusion\n|-damage|p1a: Ninjask|57\/100|[from] confusion\n|move|p2a: Marshadow|Spectral Thief||[still]\n|-clearpositiveboost|p1a: Ninjask|p2a: Marshadow|move: Spectral Thief\n|-boost|p2a: Marshadow|atk|2\n|-anim|p2a: Marshadow|Spectral Thief|p1a: Ninjask\n|-damage|p1a: Ninjask|0 fnt\n|faint|p1a: Ninjask\n|\n|upkeep\n|\n|t:|1699829448\n|switch|p1a: Marshadow|Marshadow|100\/100\n|turn|6\n|\n|t:|1699829458\n|-terastallize|p2a: Marshadow|Ghost\n|move|p2a: Marshadow|Shadow Sneak|p1a: Marshadow\n|-supereffective|p1a: Marshadow\n|-enditem|p1a: Marshadow|Focus Sash\n|-damage|p1a: Marshadow|1\/100\n|move|p1a: Marshadow|Close Combat|p2a: Marshadow\n|-immune|p2a: Marshadow\n|\n|upkeep\n|turn|7\n|inactive|TRIPLE RILABOOM has 120 seconds left.\n|-message|tuuma forfeited.\n|\n|win|TRIPLE RILABOOM\n|raw|tuuma's rating: 1312 &rarr; <strong>1285<\/strong><br \/>(-27 for losing)\n|raw|TRIPLE RILABOOM's rating: 1185 &rarr; <strong>1219<\/strong><br \/>(+34 for winning)\n|l|\u2606tuuma\n|c|\u2606TRIPLE RILABOOM|???\n","uploadtime":1699829502,"views":12,"p1id":"tuuma","p2id":"triplerilaboom","formatid":"gen9nationaldexubers","rating":1219,"private":0,"password":""}