{"id":"gen9nationaldexubers-1981095320","p1":"700club","p2":"alexmp45","format":"[Gen 9] National Dex Ubers","log":"|j|\u2606700club\n|j|\u2606alexmp45\n|t:|1698863161\n|gametype|singles\n|player|p1|700club|shadowtriad|1259\n|player|p2|alexmp45|170|1249\n|teamsize|p1|6\n|teamsize|p2|6\n|gen|9\n|tier|[Gen 9] National Dex Ubers\n|rated|\n|rule|HP Percentage Mod: HP is shown in percentages\n|rule|Endless Battle Clause: Forcing endless battles is banned\n|rule|OHKO Clause: OHKO moves are banned\n|rule|Evasion Moves Clause: Evasion moves are banned\n|rule|Evasion Items Clause: Evasion items are banned\n|rule|Species Clause: Limit one of each Pok\u00e9mon\n|rule|Sleep Clause Mod: Limit one foe put to sleep\n|rule|Mega Rayquaza Clause: You cannot mega evolve Rayquaza\n|clearpoke\n|poke|p1|Ogerpon-Hearthflame, F|\n|poke|p1|Ditto|\n|poke|p1|Deoxys-Speed|\n|poke|p1|Mewtwo|\n|poke|p1|Necrozma-Dusk-Mane|\n|poke|p1|Groudon|\n|poke|p2|Torterra, M|\n|poke|p2|Sandy Shocks|\n|poke|p2|Ogerpon-Cornerstone, F|\n|poke|p2|Zapdos|\n|poke|p2|Venusaur, M|\n|poke|p2|Rotom-Fan|\n|teampreview\n|c|\u2606700club|hi\n|\n|t:|1698863171\n|start\n|switch|p1a: Deoxys|Deoxys-Speed|100\/100\n|switch|p2a: Sandy Shocks|Sandy Shocks|100\/100\n|-ability|p1a: Deoxys|Pressure\n|-enditem|p2a: Sandy Shocks|Booster Energy\n|-activate|p2a: Sandy Shocks|ability: Protosynthesis|[fromitem]\n|-start|p2a: Sandy Shocks|protosynthesisspe\n|turn|1\n|\n|t:|1698863187\n|move|p1a: Deoxys|Stealth Rock|p2a: Sandy Shocks\n|-sidestart|p2: alexmp45|move: Stealth Rock\n|move|p2a: Sandy Shocks|Substitute|p2a: Sandy Shocks\n|-start|p2a: Sandy Shocks|Substitute\n|-damage|p2a: Sandy Shocks|76\/100\n|\n|upkeep\n|turn|2\n|\n|t:|1698863195\n|move|p1a: Deoxys|Taunt|p2a: Sandy Shocks\n|-start|p2a: Sandy Shocks|move: Taunt\n|move|p2a: Sandy Shocks|Earth Power|p1a: Deoxys\n|-damage|p1a: Deoxys|46\/100\n|\n|upkeep\n|turn|3\n|\n|t:|1698863202\n|move|p1a: Deoxys|Light Screen|p1a: Deoxys\n|-sidestart|p1: 700club|move: Light Screen\n|move|p2a: Sandy Shocks|Earth Power|p1a: Deoxys\n|-damage|p1a: Deoxys|22\/100\n|\n|upkeep\n|turn|4\n|\n|t:|1698863208\n|move|p1a: Deoxys|Reflect|p1a: Deoxys\n|-sidestart|p1: 700club|Reflect\n|move|p2a: Sandy Shocks|Earth Power|p1a: Deoxys\n|-damage|p1a: Deoxys|0 fnt\n|faint|p1a: Deoxys\n|\n|-end|p2a: Sandy Shocks|move: Taunt\n|upkeep\n|\n|t:|1698863225\n|switch|p1a: Mewtwo|Mewtwo|100\/100\n|-ability|p1a: Mewtwo|Unnerve\n|turn|5\n|\n|t:|1698863246\n|detailschange|p1a: Mewtwo|Mewtwo-Mega-Y\n|-mega|p1a: Mewtwo|Mewtwo|Mewtwonite Y\n|move|p2a: Sandy Shocks|Tri Attack|p1a: Mewtwo\n|-damage|p1a: Mewtwo|90\/100\n|move|p1a: Mewtwo|Ice Beam|p2a: Sandy Shocks\n|-supereffective|p2a: Sandy Shocks\n|-end|p2a: Sandy Shocks|Substitute\n|\n|upkeep\n|turn|6\n|\n|t:|1698863255\n|move|p2a: Sandy Shocks|Substitute|p2a: Sandy Shocks\n|-start|p2a: Sandy Shocks|Substitute\n|-damage|p2a: Sandy Shocks|51\/100\n|move|p1a: Mewtwo|Ice Beam|p2a: Sandy Shocks\n|-supereffective|p2a: Sandy Shocks\n|-end|p2a: Sandy Shocks|Substitute\n|\n|upkeep\n|turn|7\n|\n|t:|1698863262\n|move|p2a: Sandy Shocks|Substitute|p2a: Sandy Shocks\n|-start|p2a: Sandy Shocks|Substitute\n|-damage|p2a: Sandy Shocks|26\/100\n|move|p1a: Mewtwo|Ice Beam|p2a: Sandy Shocks\n|-supereffective|p2a: Sandy Shocks\n|-end|p2a: Sandy Shocks|Substitute\n|\n|-sideend|p1: 700club|move: Light Screen\n|upkeep\n|turn|8\n|\n|t:|1698863269\n|move|p2a: Sandy Shocks|Tri Attack|p1a: Mewtwo\n|-damage|p1a: Mewtwo|70\/100\n|move|p1a: Mewtwo|Ice Beam|p2a: Sandy Shocks\n|-supereffective|p2a: Sandy Shocks\n|-damage|p2a: Sandy Shocks|0 fnt\n|faint|p2a: Sandy Shocks\n|-end|p2a: Sandy Shocks|Protosynthesis|[silent]\n|\n|-sideend|p1: 700club|Reflect\n|upkeep\n|\n|t:|1698863304\n|switch|p2a: Zapdos|Zapdos|100\/100\n|turn|9\n|\n|t:|1698863317\n|-terastallize|p2a: Zapdos|Electric\n|move|p1a: Mewtwo|Ice Beam|p2a: Zapdos\n|-damage|p2a: Zapdos|58\/100\n|move|p2a: Zapdos|Thunderbolt|p1a: Mewtwo\n|-damage|p1a: Mewtwo|12\/100\n|\n|upkeep\n|turn|10\n|\n|t:|1698863326\n|move|p1a: Mewtwo|Psystrike|p2a: Zapdos\n|-damage|p2a: Zapdos|0 fnt\n|faint|p2a: Zapdos\n|\n|upkeep\n|\n|t:|1698863329\n|switch|p2a: Rotom|Rotom-Fan|100\/100\n|-damage|p2a: Rotom|75\/100|[from] Stealth Rock\n|turn|11\n|\n|t:|1698863344\n|move|p1a: Mewtwo|Ice Beam|p2a: Rotom\n|-supereffective|p2a: Rotom\n|-damage|p2a: Rotom|0 fnt\n|faint|p2a: Rotom\n|\n|upkeep\n|\n|t:|1698863350\n|switch|p2a: Ogerpon|Ogerpon-Cornerstone, F|100\/100\n|-damage|p2a: Ogerpon|88\/100|[from] Stealth Rock\n|turn|12\n|\n|t:|1698863356\n|move|p1a: Mewtwo|Ice Beam|p2a: Ogerpon\n|-supereffective|p2a: Ogerpon\n|-damage|p2a: Ogerpon|0 fnt\n|faint|p2a: Ogerpon\n|\n|upkeep\n|\n|t:|1698863360\n|switch|p2a: Ivan Breaker|Torterra, M|100\/100\n|-damage|p2a: Ivan Breaker|94\/100|[from] Stealth Rock\n|turn|13\n|\n|t:|1698863364\n|move|p1a: Mewtwo|Ice Beam|p2a: Ivan Breaker\n|-supereffective|p2a: Ivan Breaker\n|-damage|p2a: Ivan Breaker|0 fnt\n|faint|p2a: Ivan Breaker\n|\n|upkeep\n|-message|alexmp45 forfeited.\n|\n|win|700club\n|raw|700club's rating: 1259 &rarr; <strong>1283<\/strong><br \/>(+24 for winning)\n|raw|alexmp45's rating: 1249 &rarr; <strong>1225<\/strong><br \/>(-24 for losing)\n|l|\u2606alexmp45\n","uploadtime":1698863371,"views":6,"p1id":"700club","p2id":"alexmp45","formatid":"gen9nationaldexubers","rating":1225,"private":0,"password":""}