{"id":"gen9nationaldexubers-1984586215","p1":"Fartconsumer","p2":"Incredible Gassy","format":"[Gen 9] National Dex Ubers","log":"|j|\u2606Fartconsumer\n|j|\u2606Incredible Gassy\n|t:|1699282235\n|gametype|singles\n|player|p1|Fartconsumer|101|1672\n|player|p2|Incredible Gassy|kieran|1647\n|teamsize|p1|6\n|teamsize|p2|6\n|gen|9\n|tier|[Gen 9] National Dex Ubers\n|rated|\n|rule|HP Percentage Mod: HP is shown in percentages\n|rule|Endless Battle Clause: Forcing endless battles is banned\n|rule|OHKO Clause: OHKO moves are banned\n|rule|Evasion Moves Clause: Evasion moves are banned\n|rule|Evasion Items Clause: Evasion items are banned\n|rule|Species Clause: Limit one of each Pok\u00e9mon\n|rule|Sleep Clause Mod: Limit one foe put to sleep\n|rule|Mega Rayquaza Clause: You cannot mega evolve Rayquaza\n|clearpoke\n|poke|p1|Galvantula, M|\n|poke|p1|Groudon|\n|poke|p1|Kyogre|\n|poke|p1|Necrozma-Dusk-Mane|\n|poke|p1|Arceus|\n|poke|p1|Diancie|\n|poke|p2|Groudon|\n|poke|p2|Arceus-Ground|\n|poke|p2|Magearna|\n|poke|p2|Chansey, F|\n|poke|p2|Marshadow|\n|poke|p2|Ho-Oh|\n|teampreview\n|inactive|Battle timer is ON: inactive players will automatically lose when time's up. (requested by Incredible Gassy)\n|\n|t:|1699282252\n|start\n|switch|p1a: Galvantula|Galvantula, M|100\/100\n|switch|p2a: Groudon|Groudon|100\/100\n|detailschange|p2a: Groudon|Groudon-Primal\n|-primal|p2a: Groudon|Red Orb\n|-weather|DesolateLand|[from] ability: Desolate Land|[of] p2a: Groudon\n|turn|1\n|inactive|Fartconsumer has 120 seconds left.\n|\n|t:|1699282283\n|move|p1a: Galvantula|Sticky Web|p2a: Groudon\n|-sidestart|p2: Incredible Gassy|move: Sticky Web\n|move|p2a: Groudon|Lava Plume|p1a: Galvantula\n|-supereffective|p1a: Galvantula\n|-enditem|p1a: Galvantula|Focus Sash\n|-damage|p1a: Galvantula|1\/100\n|-status|p1a: Galvantula|brn\n|\n|-weather|DesolateLand|[upkeep]\n|-damage|p1a: Galvantula|0 fnt|[from] brn\n|faint|p1a: Galvantula\n|upkeep\n|\n|t:|1699282286\n|switch|p1a: Necrozma|Necrozma-Dusk-Mane|100\/100\n|turn|2\n|\n|t:|1699282290\n|detailschange|p1a: Necrozma|Necrozma-Ultra\n|-burst|p1a: Necrozma|Necrozma|Ultranecrozium Z\n|move|p1a: Necrozma|Stealth Rock|p2a: Groudon\n|-sidestart|p2: Incredible Gassy|move: Stealth Rock\n|move|p2a: Groudon|Earthquake|p1a: Necrozma\n|-damage|p1a: Necrozma|39\/100\n|\n|-weather|DesolateLand|[upkeep]\n|upkeep\n|turn|3\n|\n|t:|1699282293\n|move|p1a: Necrozma|Earthquake|p2a: Groudon\n|-supereffective|p2a: Groudon\n|-damage|p2a: Groudon|56\/100\n|move|p2a: Groudon|Earthquake|p1a: Necrozma\n|-damage|p1a: Necrozma|0 fnt\n|faint|p1a: Necrozma\n|\n|-weather|DesolateLand|[upkeep]\n|upkeep\n|inactive|Fartconsumer has 120 seconds left.\n|\n|t:|1699282333\n|switch|p1a: Kyogre|Kyogre|100\/100\n|detailschange|p1a: Kyogre|Kyogre-Primal\n|-primal|p1a: Kyogre|Blue Orb\n|-weather|PrimordialSea|[from] ability: Primordial Sea|[of] p1a: Kyogre\n|turn|4\n|\n|t:|1699282338\n|move|p1a: Kyogre|Water Spout|p2a: Groudon\n|-supereffective|p2a: Groudon\n|-damage|p2a: Groudon|0 fnt\n|faint|p2a: Groudon\n|\n|-weather|PrimordialSea|[upkeep]\n|upkeep\n|\n|t:|1699282339\n|switch|p2a: Ho-Oh|Ho-Oh|100\/100\n|turn|5\n|inactive|Fartconsumer has 120 seconds left.\n|\n|t:|1699282366\n|-terastallize|p2a: Ho-Oh|Poison\n|move|p1a: Kyogre|Ice Beam|p2a: Ho-Oh\n|-damage|p2a: Ho-Oh|83\/100\n|move|p2a: Ho-Oh|Defog|p1a: Kyogre\n|-unboost|p1a: Kyogre|evasion|1\n|-sideend|p2: Incredible Gassy|Stealth Rock|[from] move: Defog|[of] p2a: Ho-Oh\n|-sideend|p2: Incredible Gassy|Sticky Web|[from] move: Defog|[of] p2a: Ho-Oh\n|\n|-weather|PrimordialSea|[upkeep]\n|upkeep\n|turn|6\n|\n|t:|1699282372\n|move|p1a: Kyogre|Water Spout|p2a: Ho-Oh\n|-crit|p2a: Ho-Oh\n|-damage|p2a: Ho-Oh|0 fnt\n|faint|p2a: Ho-Oh\n|\n|-weather|PrimordialSea|[upkeep]\n|upkeep\n|\n|t:|1699282377\n|switch|p2a: Chansey|Chansey, F|100\/100\n|turn|7\n|inactive|Fartconsumer has 120 seconds left.\n|\n|t:|1699282391\n|-weather|none\n|switch|p1a: Diancie|Diancie|100\/100\n|move|p2a: Chansey|Seismic Toss|p1a: Diancie\n|-damage|p1a: Diancie|59\/100\n|\n|upkeep\n|turn|8\n|\n|t:|1699282399\n|switch|p2a: Magearna|Magearna|100\/100\n|detailschange|p1a: Diancie|Diancie-Mega\n|-mega|p1a: Diancie|Diancie|Diancite\n|move|p1a: Diancie|Moonblast|p2a: Magearna\n|-resisted|p2a: Magearna\n|-damage|p2a: Magearna|76\/100\n|\n|-heal|p2a: Magearna|82\/100|[from] item: Leftovers\n|upkeep\n|turn|9\n|\n|t:|1699282404\n|switch|p1a: Groudon|Groudon|100\/100\n|detailschange|p1a: Groudon|Groudon-Primal\n|-primal|p1a: Groudon|Red Orb\n|-weather|DesolateLand|[from] ability: Desolate Land|[of] p1a: Groudon\n|move|p2a: Magearna|Trick Room|p2a: Magearna\n|-fieldstart|move: Trick Room|[of] p2a: Magearna\n|\n|-weather|DesolateLand|[upkeep]\n|-heal|p2a: Magearna|88\/100|[from] item: Leftovers\n|upkeep\n|turn|10\n|\n|t:|1699282415\n|move|p2a: Magearna|Fleur Cannon|p1a: Groudon\n|-resisted|p1a: Groudon\n|-damage|p1a: Groudon|57\/100\n|-unboost|p2a: Magearna|spa|2\n|move|p1a: Groudon|Heat Crash|p2a: Magearna\n|-supereffective|p2a: Magearna\n|-damage|p2a: Magearna|0 fnt\n|faint|p2a: Magearna\n|\n|-weather|DesolateLand|[upkeep]\n|upkeep\n|\n|t:|1699282422\n|switch|p2a: Arceus|Arceus-Ground|100\/100\n|turn|11\n|\n|t:|1699282425\n|-weather|none\n|switch|p1a: Diancie|Diancie-Mega|59\/100\n|move|p2a: Arceus|Earthquake|p1a: Diancie\n|-supereffective|p1a: Diancie\n|-damage|p1a: Diancie|0 fnt\n|faint|p1a: Diancie\n|\n|upkeep\n|\n|t:|1699282427\n|switch|p1a: Kyogre|Kyogre-Primal|100\/100\n|-weather|PrimordialSea|[from] ability: Primordial Sea|[of] p1a: Kyogre\n|turn|12\n|\n|t:|1699282432\n|switch|p2a: Chansey|Chansey, F|100\/100\n|move|p1a: Kyogre|Water Spout|p2a: Chansey\n|-damage|p2a: Chansey|56\/100\n|\n|-weather|PrimordialSea|[upkeep]\n|upkeep\n|turn|13\n|\n|t:|1699282452\n|-weather|none\n|switch|p1a: Groudon|Groudon-Primal|57\/100\n|-weather|DesolateLand|[from] ability: Desolate Land|[of] p1a: Groudon\n|move|p2a: Chansey|Soft-Boiled|p2a: Chansey\n|-heal|p2a: Chansey|100\/100\n|\n|-weather|DesolateLand|[upkeep]\n|-fieldend|move: Trick Room\n|upkeep\n|turn|14\n|\n|t:|1699282461\n|switch|p2a: Arceus|Arceus-Ground|100\/100\n|move|p1a: Groudon|Heat Crash|p2a: Arceus\n|-damage|p2a: Arceus|44\/100\n|\n|-weather|DesolateLand|[upkeep]\n|upkeep\n|turn|15\n|\n|t:|1699282484\n|-weather|none\n|switch|p1a: Kyogre|Kyogre-Primal|100\/100\n|-weather|PrimordialSea|[from] ability: Primordial Sea|[of] p1a: Kyogre\n|move|p2a: Arceus|Earthquake|p1a: Kyogre\n|-damage|p1a: Kyogre|43\/100\n|\n|-weather|PrimordialSea|[upkeep]\n|upkeep\n|turn|16\n|\n|t:|1699282492\n|move|p2a: Arceus|Earthquake|p1a: Kyogre\n|-damage|p1a: Kyogre|0 fnt\n|faint|p1a: Kyogre\n|-weather|none\n|\n|upkeep\n|\n|t:|1699282495\n|switch|p1a: Arceus|Arceus|100\/100\n|turn|17\n|\n|t:|1699282501\n|switch|p2a: Marshadow|Marshadow|100\/100\n|move|p1a: Arceus|Extreme Speed|p2a: Marshadow\n|-immune|p2a: Marshadow\n|\n|upkeep\n|turn|18\n|\n|t:|1699282510\n|-terastallize|p1a: Arceus|Ghost\n|move|p2a: Marshadow|Poltergeist|p1a: Arceus\n|-activate|p1a: Arceus|move: Poltergeist|Life Orb\n|-supereffective|p1a: Arceus\n|-damage|p1a: Arceus|0 fnt\n|faint|p1a: Arceus\n|\n|upkeep\n|\n|t:|1699282512\n|switch|p1a: Groudon|Groudon-Primal|57\/100\n|-weather|DesolateLand|[from] ability: Desolate Land|[of] p1a: Groudon\n|turn|19\n|\n|t:|1699282515\n|move|p2a: Marshadow|Poltergeist|p1a: Groudon\n|-activate|p1a: Groudon|move: Poltergeist|Red Orb\n|-damage|p1a: Groudon|6\/100\n|move|p1a: Groudon|Rock Polish|p1a: Groudon\n|-boost|p1a: Groudon|spe|2\n|\n|-weather|DesolateLand|[upkeep]\n|upkeep\n|turn|20\n|\n|t:|1699282520\n|switch|p2a: Arceus|Arceus-Ground|44\/100\n|move|p1a: Groudon|Heat Crash|p2a: Arceus\n|-damage|p2a: Arceus|0 fnt\n|faint|p2a: Arceus\n|\n|-weather|DesolateLand|[upkeep]\n|upkeep\n|\n|t:|1699282523\n|switch|p2a: Marshadow|Marshadow|100\/100\n|turn|21\n|c|\u2606Incredible Gassy|gg\n|c|\u2606Incredible Gassy|don't make the tera so obvious next time\n|\n|t:|1699282550\n|move|p2a: Marshadow|Shadow Sneak|p1a: Groudon\n|-damage|p1a: Groudon|0 fnt\n|faint|p1a: Groudon\n|-weather|none\n|\n|win|Incredible Gassy\n|raw|Fartconsumer's rating: 1663 &rarr; <strong>1643<\/strong><br \/>(-20 for losing)\n|raw|Incredible Gassy's rating: 1663 &rarr; <strong>1683<\/strong><br \/>(+20 for winning)\n","uploadtime":1699282555,"views":10,"p1id":"fartconsumer","p2id":"incrediblegassy","formatid":"gen9nationaldexubers","rating":1643,"private":0,"password":""}