{"id":"gen9nationaldexubers-1981655711","p1":"Incredible Gassy","p2":"MommyMikuNakano","format":"[Gen 9] National Dex Ubers","log":"|j|\u2606Incredible Gassy\n|j|\u2606MommyMikuNakano\n|t:|1698930760\n|gametype|singles\n|player|p1|Incredible Gassy|rocker-gen3|1659\n|player|p2|MommyMikuNakano|erika-gen1|1819\n|teamsize|p1|6\n|teamsize|p2|6\n|gen|9\n|tier|[Gen 9] National Dex Ubers\n|rated|\n|rule|HP Percentage Mod: HP is shown in percentages\n|rule|Endless Battle Clause: Forcing endless battles is banned\n|rule|OHKO Clause: OHKO moves are banned\n|rule|Evasion Moves Clause: Evasion moves are banned\n|rule|Evasion Items Clause: Evasion items are banned\n|rule|Species Clause: Limit one of each Pok\u00e9mon\n|rule|Sleep Clause Mod: Limit one foe put to sleep\n|rule|Mega Rayquaza Clause: You cannot mega evolve Rayquaza\n|clearpoke\n|poke|p1|Groudon|\n|poke|p1|Zygarde|\n|poke|p1|Ho-Oh|\n|poke|p1|Giratina-Origin|\n|poke|p1|Chansey, F|\n|poke|p1|Arceus-Dark|\n|poke|p2|Giratina-Origin|\n|poke|p2|Magearna|\n|poke|p2|Ditto|\n|poke|p2|Arceus-Dark|\n|poke|p2|Necrozma-Dusk-Mane|\n|poke|p2|Kingambit, F|\n|teampreview\n|inactive|Battle timer is ON: inactive players will automatically lose when time's up. (requested by MommyMikuNakano)\n|inactive|Incredible Gassy also wants the timer to be on.\n|\n|t:|1698930774\n|start\n|switch|p1a: Groudon|Groudon|100\/100\n|switch|p2a: Arceus|Arceus-Dark|100\/100\n|detailschange|p1a: Groudon|Groudon-Primal\n|-primal|p1a: Groudon|Red Orb\n|-weather|DesolateLand|[from] ability: Desolate Land|[of] p1a: Groudon\n|turn|1\n|\n|t:|1698930787\n|move|p2a: Arceus|Foul Play|p1a: Groudon\n|-damage|p1a: Groudon|73\/100\n|move|p1a: Groudon|Lava Plume|p2a: Arceus\n|-damage|p2a: Arceus|60\/100\n|\n|-weather|DesolateLand|[upkeep]\n|upkeep\n|turn|2\n|\n|t:|1698930792\n|move|p2a: Arceus|Toxic|p1a: Groudon\n|-status|p1a: Groudon|tox\n|move|p1a: Groudon|Stealth Rock|p2a: Arceus\n|-sidestart|p2: MommyMikuNakano|move: Stealth Rock\n|\n|-weather|DesolateLand|[upkeep]\n|-damage|p1a: Groudon|67\/100 tox|[from] psn\n|upkeep\n|turn|3\n|\n|t:|1698930797\n|-weather|none\n|switch|p1a: Chansey|Chansey, F|100\/100\n|move|p2a: Arceus|Foul Play|p1a: Chansey\n|-damage|p1a: Chansey|99\/100\n|\n|upkeep\n|turn|4\n|\n|t:|1698930802\n|move|p2a: Arceus|Taunt|p1a: Chansey\n|-start|p1a: Chansey|move: Taunt\n|move|p1a: Chansey|Seismic Toss|p2a: Arceus\n|-damage|p2a: Arceus|37\/100\n|\n|upkeep\n|turn|5\n|\n|t:|1698930807\n|move|p2a: Arceus|Recover|p2a: Arceus\n|-heal|p2a: Arceus|87\/100\n|move|p1a: Chansey|Seismic Toss|p2a: Arceus\n|-damage|p2a: Arceus|65\/100\n|\n|upkeep\n|turn|6\n|\n|t:|1698930812\n|move|p2a: Arceus|Recover|p2a: Arceus\n|-heal|p2a: Arceus|100\/100\n|move|p1a: Chansey|Seismic Toss|p2a: Arceus\n|-damage|p2a: Arceus|78\/100\n|\n|-end|p1a: Chansey|move: Taunt\n|upkeep\n|turn|7\n|\n|t:|1698930818\n|move|p2a: Arceus|Taunt|p1a: Chansey\n|-start|p1a: Chansey|move: Taunt\n|move|p1a: Chansey|Seismic Toss|p2a: Arceus\n|-damage|p2a: Arceus|55\/100\n|\n|upkeep\n|turn|8\n|\n|t:|1698930821\n|switch|p2a: Kingambit|Kingambit, F|100\/100\n|-damage|p2a: Kingambit|94\/100|[from] Stealth Rock\n|move|p1a: Chansey|Seismic Toss|p2a: Kingambit\n|-damage|p2a: Kingambit|70\/100\n|\n|upkeep\n|turn|9\n|\n|t:|1698930825\n|switch|p1a: Groudon|Groudon-Primal|67\/100 tox\n|-weather|DesolateLand|[from] ability: Desolate Land|[of] p1a: Groudon\n|move|p2a: Kingambit|Knock Off|p1a: Groudon\n|-damage|p1a: Groudon|45\/100 tox\n|\n|-weather|DesolateLand|[upkeep]\n|-damage|p1a: Groudon|39\/100 tox|[from] psn\n|upkeep\n|turn|10\n|\n|t:|1698930833\n|-end|p2a: Kingambit|fallenundefined|[silent]\n|switch|p2a: Giratina|Giratina-Origin|100\/100\n|-damage|p2a: Giratina|88\/100|[from] Stealth Rock\n|move|p1a: Groudon|Lava Plume|p2a: Giratina\n|-resisted|p2a: Giratina\n|-crit|p2a: Giratina\n|-damage|p2a: Giratina|56\/100\n|\n|-weather|DesolateLand|[upkeep]\n|-damage|p1a: Groudon|27\/100 tox|[from] psn\n|upkeep\n|turn|11\n|\n|t:|1698930839\n|-weather|none\n|switch|p1a: Chansey|Chansey, F|99\/100\n|move|p2a: Giratina|Poltergeist|p1a: Chansey\n|-immune|p1a: Chansey\n|\n|upkeep\n|turn|12\n|\n|t:|1698930846\n|move|p2a: Giratina|Hone Claws|p2a: Giratina\n|-boost|p2a: Giratina|atk|1\n|-boost|p2a: Giratina|accuracy|1\n|move|p1a: Chansey|Heal Bell|p1a: Chansey\n|-activate|p1a: Chansey|move: Heal Bell\n|-curestatus|p1: Groudon|tox|[msg]\n|\n|upkeep\n|turn|13\n|\n|t:|1698930850\n|move|p2a: Giratina|Stone Edge|p1a: Chansey\n|-damage|p1a: Chansey|67\/100\n|move|p1a: Chansey|Wish|p1a: Chansey\n|\n|upkeep\n|turn|14\n|\n|t:|1698930861\n|switch|p1a: Groudon|Groudon-Primal|27\/100\n|-weather|DesolateLand|[from] ability: Desolate Land|[of] p1a: Groudon\n|move|p2a: Giratina|Poltergeist|p1a: Groudon\n|-activate|p1a: Groudon|move: Poltergeist|Red Orb\n|-damage|p1a: Groudon|0 fnt\n|faint|p1a: Groudon\n|-weather|none\n|\n|upkeep\n|\n|t:|1698930864\n|switch|p1a: Giratina|Giratina-Origin|100\/100\n|turn|15\n|\n|t:|1698930869\n|-terastallize|p1a: Giratina|Steel\n|move|p2a: Giratina|Poltergeist|p1a: Giratina\n|-activate|p1a: Giratina|move: Poltergeist|Griseous Core\n|-damage|p1a: Giratina|31\/100\n|move|p1a: Giratina|Poltergeist|p2a: Giratina\n|-activate|p2a: Giratina|move: Poltergeist|Griseous Core\n|-supereffective|p2a: Giratina\n|-damage|p2a: Giratina|0 fnt\n|faint|p2a: Giratina\n|\n|upkeep\n|\n|t:|1698930877\n|switch|p2a: Arceus|Arceus-Dark|55\/100\n|-damage|p2a: Arceus|43\/100|[from] Stealth Rock\n|turn|16\n|\n|t:|1698930882\n|switch|p1a: Chansey|Chansey, F|67\/100\n|move|p2a: Arceus|Recover|p2a: Arceus\n|-heal|p2a: Arceus|93\/100\n|\n|upkeep\n|turn|17\n|\n|t:|1698930890\n|switch|p2a: Necrozma|Necrozma-Dusk-Mane|100\/100\n|-damage|p2a: Necrozma|94\/100|[from] Stealth Rock\n|switch|p1a: Arceus|Arceus-Dark|100\/100\n|\n|upkeep\n|turn|18\n|\n|t:|1698930895\n|switch|p2a: Magearna|Magearna|100\/100\n|-damage|p2a: Magearna|94\/100|[from] Stealth Rock\n|move|p1a: Arceus|Will-O-Wisp|p2a: Magearna\n|-status|p2a: Magearna|brn\n|\n|-damage|p2a: Magearna|88\/100 brn|[from] brn\n|upkeep\n|turn|19\n|\n|t:|1698930898\n|move|p1a: Arceus|Taunt|p2a: Magearna\n|-start|p2a: Magearna|move: Taunt\n|move|p2a: Magearna|Fleur Cannon|p1a: Arceus\n|-supereffective|p1a: Arceus\n|-damage|p1a: Arceus|23\/100\n|-unboost|p2a: Magearna|spa|2\n|\n|-damage|p2a: Magearna|82\/100 brn|[from] brn\n|upkeep\n|turn|20\n|\n|t:|1698930903\n|switch|p2a: Arceus|Arceus-Dark|93\/100\n|-damage|p2a: Arceus|81\/100|[from] Stealth Rock\n|move|p1a: Arceus|Recover|p1a: Arceus\n|-heal|p1a: Arceus|73\/100\n|\n|upkeep\n|turn|21\n|inactive|Incredible Gassy has 120 seconds left.\n|\n|t:|1698930937\n|switch|p1a: Chansey|Chansey, F|67\/100\n|move|p2a: Arceus|Toxic|p1a: Chansey\n|-status|p1a: Chansey|tox\n|\n|-damage|p1a: Chansey|61\/100 tox|[from] psn\n|upkeep\n|turn|22\n|\n|t:|1698930945\n|-curestatus|p1a: Chansey|tox|[from] ability: Natural Cure\n|switch|p1a: Giratina|Giratina-Origin, tera:Steel|31\/100\n|move|p2a: Arceus|Taunt|p1a: Giratina\n|-start|p1a: Giratina|move: Taunt\n|\n|upkeep\n|turn|23\n|\n|t:|1698930949\n|switch|p1a: Chansey|Chansey, F|61\/100\n|move|p2a: Arceus|Foul Play|p1a: Chansey\n|-damage|p1a: Chansey|59\/100\n|\n|upkeep\n|turn|24\n|\n|t:|1698930952\n|move|p2a: Arceus|Taunt|p1a: Chansey\n|-start|p1a: Chansey|move: Taunt\n|move|p1a: Chansey|Seismic Toss|p2a: Arceus\n|-damage|p2a: Arceus|58\/100\n|\n|upkeep\n|turn|25\n|\n|t:|1698930958\n|switch|p2a: Necrozma|Necrozma-Dusk-Mane|94\/100\n|-damage|p2a: Necrozma|88\/100|[from] Stealth Rock\n|move|p1a: Chansey|Seismic Toss|p2a: Necrozma\n|-damage|p2a: Necrozma|58\/100\n|\n|upkeep\n|turn|26\n|\n|t:|1698930962\n|switch|p1a: Arceus|Arceus-Dark|73\/100\n|move|p2a: Necrozma|Stealth Rock|p1a: Arceus\n|-sidestart|p1: Incredible Gassy|move: Stealth Rock\n|\n|upkeep\n|turn|27\n|\n|t:|1698930969\n|switch|p2a: Arceus|Arceus-Dark|58\/100\n|-damage|p2a: Arceus|46\/100|[from] Stealth Rock\n|move|p1a: Arceus|Will-O-Wisp|p2a: Arceus|[miss]\n|-miss|p1a: Arceus|p2a: Arceus\n|\n|upkeep\n|turn|28\n|\n|t:|1698930973\n|move|p1a: Arceus|Taunt|p2a: Arceus\n|-start|p2a: Arceus|move: Taunt\n|cant|p2a: Arceus|move: Taunt|Recover\n|\n|upkeep\n|turn|29\n|\n|t:|1698930976\n|switch|p2a: Magearna|Magearna|82\/100 brn\n|-damage|p2a: Magearna|76\/100 brn|[from] Stealth Rock\n|move|p1a: Arceus|Foul Play|p2a: Magearna\n|-resisted|p2a: Magearna\n|-damage|p2a: Magearna|63\/100 brn\n|\n|-damage|p2a: Magearna|57\/100 brn|[from] brn\n|upkeep\n|turn|30\n|\n|t:|1698930980\n|move|p1a: Arceus|Recover|p1a: Arceus\n|-heal|p1a: Arceus|100\/100\n|move|p2a: Magearna|Fleur Cannon|p1a: Arceus\n|-supereffective|p1a: Arceus\n|-damage|p1a: Arceus|30\/100\n|-unboost|p2a: Magearna|spa|2\n|\n|-damage|p2a: Magearna|51\/100 brn|[from] brn\n|upkeep\n|turn|31\n|\n|t:|1698930983\n|move|p1a: Arceus|Recover|p1a: Arceus\n|-heal|p1a: Arceus|80\/100\n|move|p2a: Magearna|Fleur Cannon|p1a: Arceus\n|-supereffective|p1a: Arceus\n|-damage|p1a: Arceus|42\/100\n|-unboost|p2a: Magearna|spa|2\n|\n|-damage|p2a: Magearna|45\/100 brn|[from] brn\n|upkeep\n|turn|32\n|\n|t:|1698930987\n|move|p1a: Arceus|Taunt|p2a: Magearna\n|-start|p2a: Magearna|move: Taunt\n|cant|p2a: Magearna|move: Taunt|Heal Bell\n|\n|-damage|p2a: Magearna|39\/100 brn|[from] brn\n|upkeep\n|turn|33\n|\n|t:|1698930991\n|switch|p2a: Arceus|Arceus-Dark|46\/100\n|-damage|p2a: Arceus|33\/100|[from] Stealth Rock\n|move|p1a: Arceus|Recover|p1a: Arceus\n|-heal|p1a: Arceus|92\/100\n|\n|upkeep\n|turn|34\n|\n|t:|1698930993\n|move|p2a: Arceus|Taunt|p1a: Arceus\n|-start|p1a: Arceus|move: Taunt\n|cant|p1a: Arceus|move: Taunt|Will-O-Wisp\n|\n|upkeep\n|turn|35\n|\n|t:|1698930996\n|move|p2a: Arceus|Recover|p2a: Arceus\n|-heal|p2a: Arceus|83\/100\n|move|p1a: Arceus|Foul Play|p2a: Arceus\n|-resisted|p2a: Arceus\n|-damage|p2a: Arceus|71\/100\n|\n|upkeep\n|turn|36\n|\n|t:|1698930999\n|move|p2a: Arceus|Toxic|p1a: Arceus\n|-status|p1a: Arceus|tox\n|move|p1a: Arceus|Foul Play|p2a: Arceus\n|-resisted|p2a: Arceus\n|-damage|p2a: Arceus|60\/100\n|\n|-damage|p1a: Arceus|86\/100 tox|[from] psn\n|-end|p1a: Arceus|move: Taunt\n|upkeep\n|turn|37\n|\n|t:|1698931005\n|move|p1a: Arceus|Taunt|p2a: Arceus\n|-start|p2a: Arceus|move: Taunt\n|cant|p2a: Arceus|move: Taunt|Taunt\n|\n|-damage|p1a: Arceus|74\/100 tox|[from] psn\n|upkeep\n|turn|38\n|\n|t:|1698931010\n|switch|p2a: Ditto|Ditto, shiny|100\/100\n|-damage|p2a: Ditto|88\/100|[from] Stealth Rock\n|-transform|p2a: Ditto|p1a: Arceus|[from] ability: Imposter\n|switch|p1a: Chansey|Chansey, F|59\/100\n|-damage|p1a: Chansey|47\/100|[from] Stealth Rock\n|\n|upkeep\n|turn|39\n|\n|t:|1698931016\n|move|p2a: Ditto|Taunt|p1a: Chansey\n|-start|p1a: Chansey|move: Taunt\n|move|p1a: Chansey|Seismic Toss|p2a: Ditto\n|-damage|p2a: Ditto|55\/100\n|\n|upkeep\n|turn|40\n|\n|t:|1698931019\n|switch|p2a: Magearna|Magearna|39\/100 brn\n|-damage|p2a: Magearna|33\/100 brn|[from] Stealth Rock\n|switch|p1a: Ho-Oh|Ho-Oh|100\/100\n|\n|-damage|p2a: Magearna|27\/100 brn|[from] brn\n|upkeep\n|turn|41\n|\n|t:|1698931025\n|switch|p2a: Ditto|Ditto, shiny|55\/100\n|-damage|p2a: Ditto|42\/100|[from] Stealth Rock\n|-transform|p2a: Ditto|p1a: Ho-Oh|[from] ability: Imposter\n|move|p1a: Ho-Oh|Sacred Fire|p2a: Ditto\n|-resisted|p2a: Ditto\n|-damage|p2a: Ditto|17\/100\n|\n|upkeep\n|turn|42\n|\n|t:|1698931032\n|move|p2a: Ditto|Defog|p1a: Ho-Oh\n|-unboost|p1a: Ho-Oh|evasion|1\n|-sideend|p1: Incredible Gassy|Stealth Rock|[from] move: Defog|[of] p2a: Ditto\n|-sideend|p2: MommyMikuNakano|Stealth Rock|[from] move: Defog|[of] p2a: Ditto\n|move|p1a: Ho-Oh|Sacred Fire|p2a: Ditto\n|-resisted|p2a: Ditto\n|-damage|p2a: Ditto|0 fnt\n|faint|p2a: Ditto\n|\n|upkeep\n|\n|t:|1698931038\n|switch|p2a: Arceus|Arceus-Dark|60\/100\n|turn|43\n|\n|t:|1698931043\n|move|p2a: Arceus|Toxic|p1a: Ho-Oh\n|-status|p1a: Ho-Oh|tox\n|move|p1a: Ho-Oh|Toxic|p2a: Arceus\n|-status|p2a: Arceus|tox\n|\n|-damage|p2a: Arceus|54\/100 tox|[from] psn\n|-damage|p1a: Ho-Oh|94\/100 tox|[from] psn\n|upkeep\n|turn|44\n|\n|t:|1698931046\n|move|p2a: Arceus|Recover|p2a: Arceus\n|-heal|p2a: Arceus|100\/100 tox\n|move|p1a: Ho-Oh|Sacred Fire|p2a: Arceus\n|-damage|p2a: Arceus|72\/100 tox\n|\n|-damage|p2a: Arceus|60\/100 tox|[from] psn\n|-damage|p1a: Ho-Oh|82\/100 tox|[from] psn\n|upkeep\n|turn|45\n|\n|t:|1698931051\n|move|p2a: Arceus|Foul Play|p1a: Ho-Oh\n|-damage|p1a: Ho-Oh|40\/100 tox\n|move|p1a: Ho-Oh|Sacred Fire|p2a: Arceus\n|-damage|p2a: Arceus|29\/100 tox\n|\n|-damage|p2a: Arceus|11\/100 tox|[from] psn\n|-damage|p1a: Ho-Oh|22\/100 tox|[from] psn\n|upkeep\n|turn|46\n|\n|t:|1698931057\n|move|p2a: Arceus|Recover|p2a: Arceus\n|-heal|p2a: Arceus|61\/100 tox\n|move|p1a: Ho-Oh|Sacred Fire|p2a: Arceus\n|-damage|p2a: Arceus|33\/100 tox\n|\n|-damage|p2a: Arceus|9\/100 tox|[from] psn\n|-damage|p1a: Ho-Oh|0 fnt|[from] psn\n|faint|p1a: Ho-Oh\n|upkeep\n|\n|t:|1698931061\n|switch|p1a: Zygarde|Zygarde, shiny|100\/100\n|-ability|p1a: Zygarde|Aura Break\n|turn|47\n|\n|t:|1698931066\n|move|p1a: Zygarde|Extreme Speed|p2a: Arceus\n|-damage|p2a: Arceus|0 fnt\n|faint|p2a: Arceus\n|\n|upkeep\n|\n|t:|1698931071\n|switch|p2a: Necrozma|Necrozma-Dusk-Mane|58\/100\n|turn|48\n|\n|t:|1698931079\n|detailschange|p2a: Necrozma|Necrozma-Ultra\n|-burst|p2a: Necrozma|Necrozma|Ultranecrozium Z\n|move|p2a: Necrozma|Dragon Pulse|p1a: Zygarde\n|-supereffective|p1a: Zygarde\n|-damage|p1a: Zygarde|0 fnt\n|faint|p1a: Zygarde\n|\n|upkeep\n|\n|t:|1698931083\n|switch|p1a: Arceus|Arceus-Dark|74\/100 tox\n|turn|49\n|\n|t:|1698931091\n|switch|p2a: Magearna|Magearna|27\/100 brn\n|switch|p1a: Chansey|Chansey, F|47\/100\n|\n|-damage|p2a: Magearna|21\/100 brn|[from] brn\n|upkeep\n|turn|50\n|\n|t:|1698931111\n|move|p2a: Magearna|Heal Bell|p2a: Magearna\n|-activate|p2a: Magearna|move: Heal Bell\n|-curestatus|p2a: Magearna|brn|[msg]\n|move|p1a: Chansey|Heal Bell|p1a: Chansey\n|-activate|p1a: Chansey|move: Heal Bell\n|-curestatus|p1: Arceus|tox|[msg]\n|\n|upkeep\n|turn|51\n|\n|t:|1698931120\n|switch|p2a: Kingambit|Kingambit, F|70\/100\n|-activate|p2a: Kingambit|ability: Supreme Overlord\n|-start|p2a: Kingambit|fallen3|[silent]\n|move|p1a: Chansey|Soft-Boiled|p1a: Chansey\n|-heal|p1a: Chansey|97\/100\n|\n|upkeep\n|turn|52\n|\n|t:|1698931127\n|switch|p1a: Giratina|Giratina-Origin, tera:Steel|31\/100\n|move|p2a: Kingambit|Iron Head|p1a: Giratina\n|-resisted|p1a: Giratina\n|-crit|p1a: Giratina\n|-damage|p1a: Giratina|2\/100\n|\n|upkeep\n|turn|53\n|\n|t:|1698931133\n|move|p1a: Giratina|Will-O-Wisp|p2a: Kingambit\n|-status|p2a: Kingambit|brn\n|move|p2a: Kingambit|Knock Off|p1a: Giratina\n|-damage|p1a: Giratina|0 fnt\n|faint|p1a: Giratina\n|\n|-damage|p2a: Kingambit|63\/100 brn|[from] brn\n|upkeep\n|\n|t:|1698931137\n|switch|p1a: Arceus|Arceus-Dark|74\/100\n|turn|54\n|\n|t:|1698931145\n|move|p1a: Arceus|Taunt|p2a: Kingambit\n|-start|p2a: Kingambit|move: Taunt\n|move|p2a: Kingambit|Iron Head|p1a: Arceus\n|-damage|p1a: Arceus|55\/100\n|\n|-damage|p2a: Kingambit|57\/100 brn|[from] brn\n|upkeep\n|turn|55\n|\n|t:|1698931148\n|move|p1a: Arceus|Recover|p1a: Arceus\n|-heal|p1a: Arceus|100\/100\n|move|p2a: Kingambit|Iron Head|p1a: Arceus\n|-damage|p1a: Arceus|80\/100\n|\n|-damage|p2a: Kingambit|51\/100 brn|[from] brn\n|upkeep\n|turn|56\n|\n|t:|1698931151\n|move|p1a: Arceus|Foul Play|p2a: Kingambit\n|-resisted|p2a: Kingambit\n|-damage|p2a: Kingambit|29\/100 brn\n|move|p2a: Kingambit|Iron Head|p1a: Arceus\n|-damage|p1a: Arceus|61\/100\n|\n|-damage|p2a: Kingambit|23\/100 brn|[from] brn\n|-end|p2a: Kingambit|move: Taunt\n|upkeep\n|turn|57\n|\n|t:|1698931156\n|-end|p2a: Kingambit|fallen3|[silent]\n|switch|p2a: Magearna|Magearna|21\/100\n|move|p1a: Arceus|Foul Play|p2a: Magearna\n|-resisted|p2a: Magearna\n|-damage|p2a: Magearna|10\/100\n|\n|upkeep\n|turn|58\n|\n|t:|1698931159\n|move|p1a: Arceus|Foul Play|p2a: Magearna\n|-resisted|p2a: Magearna\n|-damage|p2a: Magearna|0 fnt\n|faint|p2a: Magearna\n|\n|upkeep\n|-message|MommyMikuNakano forfeited.\n|\n|win|Incredible Gassy\n|raw|Incredible Gassy's rating: 1659 &rarr; <strong>1688<\/strong><br \/>(+29 for winning)\n|raw|MommyMikuNakano's rating: 1819 &rarr; <strong>1790<\/strong><br \/>(-29 for losing)\n|l|\u2606MommyMikuNakano\n|l|\u2606Incredible Gassy\n","uploadtime":1698931172,"views":10,"p1id":"incrediblegassy","p2id":"mommymikunakano","formatid":"gen9nationaldexubers","rating":1688,"private":0,"password":""}