{"id":"gen9nationaldexubers-1981039463","p1":"First time VCG","p2":"aguinaldo124","format":"[Gen 9] National Dex Ubers","log":"|j|\u2606First time VCG\n|j|\u2606aguinaldo124\n|t:|1698858809\n|gametype|singles\n|player|p1|First time VCG|dawn|1121\n|player|p2|aguinaldo124|red|1216\n|teamsize|p1|6\n|teamsize|p2|6\n|gen|9\n|tier|[Gen 9] National Dex Ubers\n|rated|\n|rule|HP Percentage Mod: HP is shown in percentages\n|rule|Endless Battle Clause: Forcing endless battles is banned\n|rule|OHKO Clause: OHKO moves are banned\n|rule|Evasion Moves Clause: Evasion moves are banned\n|rule|Evasion Items Clause: Evasion items are banned\n|rule|Species Clause: Limit one of each Pok\u00e9mon\n|rule|Sleep Clause Mod: Limit one foe put to sleep\n|rule|Mega Rayquaza Clause: You cannot mega evolve Rayquaza\n|clearpoke\n|poke|p1|Whimsicott, F|\n|poke|p1|Malamar, M|\n|poke|p1|Celesteela|\n|poke|p1|Ho-Oh|\n|poke|p1|Amoonguss, F|\n|poke|p1|Sandaconda, M|\n|poke|p2|Heliolisk, F|\n|poke|p2|Goodra, M|\n|poke|p2|Pelipper, F|\n|poke|p2|Swampert, F|\n|poke|p2|Cramorant, F|\n|poke|p2|Alomomola, M|\n|teampreview\n|inactive|Battle timer is ON: inactive players will automatically lose when time's up. (requested by aguinaldo124)\n|\n|t:|1698858825\n|start\n|switch|p1a: Whimsicott|Whimsicott, F, shiny|100\/100\n|switch|p2a: Pelipper|Pelipper, F|100\/100\n|-weather|RainDance|[from] ability: Drizzle|[of] p2a: Pelipper\n|turn|1\n|\n|t:|1698858834\n|move|p1a: Whimsicott|Tailwind|p1a: Whimsicott\n|-sidestart|p1: First time VCG|move: Tailwind\n|move|p2a: Pelipper|Hurricane|p1a: Whimsicott\n|-supereffective|p1a: Whimsicott\n|-enditem|p1a: Whimsicott|Focus Sash\n|-damage|p1a: Whimsicott|1\/100\n|\n|-weather|RainDance|[upkeep]\n|upkeep\n|turn|2\n|\n|t:|1698858845\n|move|p1a: Whimsicott|U-turn|p2a: Pelipper\n|-resisted|p2a: Pelipper\n|-damage|p2a: Pelipper|95\/100\n|\n|t:|1698858860\n|switch|p1a: Malamar|Malamar, M|100\/100|[from] U-turn\n|move|p2a: Pelipper|Scald|p1a: Malamar\n|-damage|p1a: Malamar|62\/100\n|\n|-weather|RainDance|[upkeep]\n|upkeep\n|turn|3\n|\n|t:|1698858870\n|move|p1a: Malamar|Superpower|p2a: Pelipper\n|-resisted|p2a: Pelipper\n|-damage|p2a: Pelipper|76\/100\n|-boost|p1a: Malamar|atk|1\n|-boost|p1a: Malamar|def|1\n|move|p2a: Pelipper|U-turn|p1a: Malamar\n|-supereffective|p1a: Malamar\n|-damage|p1a: Malamar|39\/100\n|\n|t:|1698858891\n|switch|p2a: Cramorant|Cramorant, F|100\/100|[from] U-turn\n|\n|-weather|RainDance|[upkeep]\n|upkeep\n|turn|4\n|\n|t:|1698858900\n|move|p1a: Malamar|Rock Slide|p2a: Cramorant\n|-supereffective|p2a: Cramorant\n|-damage|p2a: Cramorant|0 fnt\n|faint|p2a: Cramorant\n|\n|-weather|RainDance|[upkeep]\n|-sideend|p1: First time VCG|move: Tailwind\n|upkeep\n|\n|t:|1698858909\n|switch|p2a: Heliolisk|Heliolisk, F|100\/100\n|turn|5\n|\n|t:|1698858916\n|move|p2a: Heliolisk|Surf|p1a: Malamar\n|-damage|p1a: Malamar|6\/100\n|move|p1a: Malamar|Superpower|p2a: Heliolisk\n|-supereffective|p2a: Heliolisk\n|-damage|p2a: Heliolisk|0 fnt\n|-boost|p1a: Malamar|atk|1\n|-boost|p1a: Malamar|def|1\n|faint|p2a: Heliolisk\n|\n|-weather|RainDance|[upkeep]\n|upkeep\n|\n|t:|1698858929\n|switch|p2a: Alomomola|Alomomola, M|100\/100\n|turn|6\n|\n|t:|1698858934\n|move|p1a: Malamar|Knock Off|p2a: Alomomola\n|-damage|p2a: Alomomola|56\/100\n|-enditem|p2a: Alomomola|Leftovers|[from] move: Knock Off|[of] p1a: Malamar\n|move|p2a: Alomomola|Wish|p2a: Alomomola\n|\n|-weather|RainDance|[upkeep]\n|upkeep\n|turn|7\n|\n|t:|1698858942\n|switch|p2a: Pelipper|Pelipper, F|76\/100\n|move|p1a: Malamar|Superpower|p2a: Pelipper\n|-resisted|p2a: Pelipper\n|-damage|p2a: Pelipper|39\/100\n|-boost|p1a: Malamar|atk|1\n|-boost|p1a: Malamar|def|1\n|\n|-weather|RainDance|[upkeep]\n|-heal|p2a: Pelipper|100\/100|[from] move: Wish|[wisher] Alomomola\n|upkeep\n|turn|8\n|\n|t:|1698858955\n|switch|p2a: Swampert|Swampert, F|100\/100\n|move|p1a: Malamar|Rock Slide|p2a: Swampert\n|-resisted|p2a: Swampert\n|-damage|p2a: Swampert|71\/100\n|\n|-weather|none\n|upkeep\n|turn|9\n|\n|t:|1698858968\n|switch|p2a: Pelipper|Pelipper, F|100\/100\n|-weather|RainDance|[from] ability: Drizzle|[of] p2a: Pelipper\n|move|p1a: Malamar|Psycho Cut|p2a: Pelipper\n|-damage|p2a: Pelipper|13\/100\n|\n|-weather|RainDance|[upkeep]\n|upkeep\n|turn|10\n|\n|t:|1698858979\n|move|p1a: Malamar|Knock Off|p2a: Pelipper\n|-damage|p2a: Pelipper|0 fnt\n|-enditem|p2a: Pelipper|Damp Rock|[from] move: Knock Off|[of] p1a: Malamar\n|faint|p2a: Pelipper\n|\n|-weather|RainDance|[upkeep]\n|upkeep\n|\n|t:|1698858986\n|switch|p2a: Swampert|Swampert, F|71\/100\n|turn|11\n|\n|t:|1698858991\n|detailschange|p2a: Swampert|Swampert-Mega, F\n|-mega|p2a: Swampert|Swampert|Swampertite\n|move|p2a: Swampert|Power-Up Punch|p1a: Malamar\n|-damage|p1a: Malamar|0 fnt\n|-boost|p2a: Swampert|atk|1\n|faint|p1a: Malamar\n|\n|-weather|RainDance|[upkeep]\n|upkeep\n|\n|t:|1698859000\n|switch|p1a: Whimsicott|Whimsicott, F, shiny|1\/100\n|turn|12\n|\n|t:|1698859004\n|move|p1a: Whimsicott|Tailwind|p1a: Whimsicott\n|-sidestart|p1: First time VCG|move: Tailwind\n|move|p2a: Swampert|Power-Up Punch|p1a: Whimsicott\n|-resisted|p1a: Whimsicott\n|-damage|p1a: Whimsicott|0 fnt\n|-boost|p2a: Swampert|atk|1\n|faint|p1a: Whimsicott\n|\n|-weather|RainDance|[upkeep]\n|upkeep\n|\n|t:|1698859009\n|switch|p1a: Celesteela|Celesteela, shiny|100\/100\n|turn|13\n|\n|t:|1698859017\n|move|p2a: Swampert|Liquidation|p1a: Celesteela\n|-damage|p1a: Celesteela|0 fnt\n|faint|p1a: Celesteela\n|\n|-weather|RainDance|[upkeep]\n|upkeep\n|\n|t:|1698859028\n|switch|p1a: Amoonguss|Amoonguss, F, shiny|100\/100\n|turn|14\n|\n|t:|1698859035\n|-terastallize|p1a: Amoonguss|Grass\n|move|p2a: Swampert|Ice Punch|p1a: Amoonguss\n|-supereffective|p1a: Amoonguss\n|-damage|p1a: Amoonguss|0 fnt\n|faint|p1a: Amoonguss\n|\n|-weather|RainDance|[upkeep]\n|upkeep\n|\n|t:|1698859040\n|switch|p1a: Ho-Oh|Ho-Oh, shiny|100\/100\n|turn|15\n|\n|t:|1698859047\n|move|p2a: Swampert|Liquidation|p1a: Ho-Oh\n|-supereffective|p1a: Ho-Oh\n|-damage|p1a: Ho-Oh|0 fnt\n|faint|p1a: Ho-Oh\n|\n|-weather|RainDance|[upkeep]\n|-sideend|p1: First time VCG|move: Tailwind\n|upkeep\n|\n|t:|1698859049\n|switch|p1a: Sandaconda|Sandaconda, M, shiny|100\/100\n|turn|16\n|\n|t:|1698859056\n|move|p2a: Swampert|Liquidation|p1a: Sandaconda\n|-supereffective|p1a: Sandaconda\n|-damage|p1a: Sandaconda|0 fnt\n|faint|p1a: Sandaconda\n|\n|win|aguinaldo124\n|raw|First time VCG's rating: 1121 &rarr; <strong>1103<\/strong><br \/>(-18 for losing)\n|raw|aguinaldo124's rating: 1216 &rarr; <strong>1234<\/strong><br \/>(+18 for winning)\n|l|\u2606First time VCG\n|c|\u2606aguinaldo124|Gg\n","uploadtime":1698859075,"views":14,"p1id":"firsttimevcg","p2id":"aguinaldo124","formatid":"gen9nationaldexubers","rating":1103,"private":0,"password":""}