{"id":"gen9nationaldexubers-1985229807","p1":"Szymszym134","p2":"Obito 2001","format":"[Gen 9] National Dex Ubers","log":"|j|\u2606Szymszym134\n|j|\u2606Obito 2001\n|t:|1699352335\n|gametype|singles\n|player|p1|Szymszym134|elesa|1688\n|player|p2|Obito 2001|blue-gen3two|1906\n|teamsize|p1|6\n|teamsize|p2|6\n|gen|9\n|tier|[Gen 9] National Dex Ubers\n|rated|\n|rule|HP Percentage Mod: HP is shown in percentages\n|rule|Endless Battle Clause: Forcing endless battles is banned\n|rule|OHKO Clause: OHKO moves are banned\n|rule|Evasion Moves Clause: Evasion moves are banned\n|rule|Evasion Items Clause: Evasion items are banned\n|rule|Species Clause: Limit one of each Pok\u00e9mon\n|rule|Sleep Clause Mod: Limit one foe put to sleep\n|rule|Mega Rayquaza Clause: You cannot mega evolve Rayquaza\n|clearpoke\n|poke|p1|Mewtwo|\n|poke|p1|Kingambit, F|\n|poke|p1|Garganacl, F|\n|poke|p1|Arceus-Ground|\n|poke|p1|Urshifu-*, M|\n|poke|p1|Ditto|\n|poke|p2|Arceus-Dark|\n|poke|p2|Dondozo, M|\n|poke|p2|Magearna|\n|poke|p2|Ditto|\n|poke|p2|Zygarde|\n|poke|p2|Necrozma-Dusk-Mane|\n|teampreview\n|inactive|Battle timer is ON: inactive players will automatically lose when time's up. (requested by Szymszym134)\n|inactive|Obito 2001 also wants the timer to be on.\n|\n|t:|1699352364\n|start\n|switch|p1a: Arceus|Arceus-Ground|100\/100\n|switch|p2a: Arceus|Arceus-Dark|100\/100\n|turn|1\n|\n|t:|1699352367\n|move|p2a: Arceus|Taunt|p1a: Arceus\n|-start|p1a: Arceus|move: Taunt\n|move|p1a: Arceus|Judgment|p2a: Arceus\n|-damage|p2a: Arceus|67\/100\n|\n|upkeep\n|turn|2\n|\n|t:|1699352380\n|move|p2a: Arceus|Toxic|p1a: Arceus\n|-status|p1a: Arceus|tox\n|move|p1a: Arceus|Judgment|p2a: Arceus\n|-damage|p2a: Arceus|38\/100\n|\n|-damage|p1a: Arceus|94\/100 tox|[from] psn\n|upkeep\n|turn|3\n|\n|t:|1699352386\n|move|p2a: Arceus|Recover|p2a: Arceus\n|-heal|p2a: Arceus|88\/100\n|move|p1a: Arceus|Judgment|p2a: Arceus\n|-damage|p2a: Arceus|56\/100\n|\n|-damage|p1a: Arceus|82\/100 tox|[from] psn\n|-end|p1a: Arceus|move: Taunt\n|upkeep\n|turn|4\n|\n|t:|1699352393\n|switch|p1a: Garganacl|Garganacl, F|100\/100\n|move|p2a: Arceus|Taunt|p1a: Garganacl\n|-start|p1a: Garganacl|move: Taunt\n|\n|upkeep\n|turn|5\n|\n|t:|1699352402\n|switch|p2a: Necrozma|Necrozma-Dusk-Mane|100\/100\n|move|p1a: Garganacl|Salt Cure|p2a: Necrozma\n|-resisted|p2a: Necrozma\n|-damage|p2a: Necrozma|95\/100\n|-start|p2a: Necrozma|Salt Cure\n|\n|-damage|p2a: Necrozma|70\/100|[from] Salt Cure\n|upkeep\n|turn|6\n|\n|t:|1699352406\n|switch|p1a: Kingambit|Kingambit, F|100\/100\n|move|p2a: Necrozma|Stealth Rock|p1a: Kingambit\n|-sidestart|p1: Szymszym134|move: Stealth Rock\n|\n|-damage|p2a: Necrozma|45\/100|[from] Salt Cure\n|upkeep\n|turn|7\n|\n|t:|1699352411\n|detailschange|p2a: Necrozma|Necrozma-Ultra\n|-burst|p2a: Necrozma|Necrozma|Ultranecrozium Z\n|move|p2a: Necrozma|Earth Power|p1a: Kingambit\n|-supereffective|p1a: Kingambit\n|-damage|p1a: Kingambit|13\/100\n|move|p1a: Kingambit|Swords Dance|p1a: Kingambit\n|-boost|p1a: Kingambit|atk|2\n|\n|-damage|p2a: Necrozma|33\/100|[from] Salt Cure\n|upkeep\n|turn|8\n|\n|t:|1699352418\n|move|p1a: Kingambit|Sucker Punch|p2a: Necrozma\n|-supereffective|p2a: Necrozma\n|-damage|p2a: Necrozma|0 fnt\n|faint|p2a: Necrozma\n|\n|upkeep\n|\n|t:|1699352421\n|switch|p2a: Ditto|Ditto, shiny|100\/100\n|-transform|p2a: Ditto|p1a: Kingambit|[from] ability: Imposter\n|-activate|p2a: Ditto|ability: Supreme Overlord\n|-start|p2a: Ditto|fallen1|[silent]\n|turn|9\n|\n|t:|1699352430\n|move|p1a: Kingambit|Sucker Punch|p2a: Ditto\n|-resisted|p2a: Ditto\n|-damage|p2a: Ditto|48\/100\n|move|p2a: Ditto|Iron Head|p1a: Kingambit\n|-resisted|p1a: Kingambit\n|-damage|p1a: Kingambit|0 fnt\n|faint|p1a: Kingambit\n|-end|p1a: Kingambit|fallenundefined|[silent]\n|\n|upkeep\n|\n|t:|1699352434\n|switch|p1a: Urshifu|Urshifu, M|100\/100\n|-damage|p1a: Urshifu|94\/100|[from] Stealth Rock\n|turn|10\n|\n|t:|1699352451\n|-end|p2a: Ditto|fallen1|[silent]\n|switch|p2a: Magearna|Magearna|100\/100\n|move|p1a: Urshifu|Wicked Blow|p2a: Magearna\n|-resisted|p2a: Magearna\n|-crit|p2a: Magearna\n|-damage|p2a: Magearna|69\/100\n|-damage|p1a: Urshifu|84\/100|[from] item: Life Orb\n|\n|upkeep\n|turn|11\n|\n|t:|1699352459\n|switch|p1a: Arceus|Arceus-Ground|82\/100 tox\n|-damage|p1a: Arceus|76\/100 tox|[from] Stealth Rock\n|move|p2a: Magearna|Fleur Cannon|p1a: Arceus\n|-damage|p1a: Arceus|40\/100 tox\n|-unboost|p2a: Magearna|spa|2\n|\n|-damage|p1a: Arceus|34\/100 tox|[from] psn\n|upkeep\n|turn|12\n|\n|t:|1699352467\n|switch|p2a: Arceus|Arceus-Dark|56\/100\n|move|p1a: Arceus|Defog|p2a: Arceus\n|-unboost|p2a: Arceus|evasion|1\n|-sideend|p1: Szymszym134|Stealth Rock|[from] move: Defog|[of] p1a: Arceus\n|\n|-damage|p1a: Arceus|22\/100 tox|[from] psn\n|upkeep\n|turn|13\n|\n|t:|1699352475\n|switch|p1a: Ditto|Ditto|100\/100\n|-transform|p1a: Ditto|p2a: Arceus|[from] ability: Imposter\n|move|p2a: Arceus|Taunt|p1a: Ditto\n|-start|p1a: Ditto|move: Taunt\n|\n|upkeep\n|turn|14\n|\n|t:|1699352486\n|switch|p1a: Garganacl|Garganacl, F|100\/100\n|move|p2a: Arceus|Recover|p2a: Arceus\n|-heal|p2a: Arceus|100\/100\n|\n|upkeep\n|turn|15\n|\n|t:|1699352493\n|switch|p2a: Ditto|Ditto, shiny|48\/100\n|-transform|p2a: Ditto|p1a: Garganacl|[from] ability: Imposter\n|move|p1a: Garganacl|Salt Cure|p2a: Ditto\n|-damage|p2a: Ditto|38\/100\n|-start|p2a: Ditto|Salt Cure\n|\n|-damage|p2a: Ditto|26\/100|[from] Salt Cure\n|upkeep\n|turn|16\n|\n|t:|1699352512\n|switch|p1a: Mewtwo|Mewtwo|100\/100\n|-ability|p1a: Mewtwo|Unnerve\n|move|p2a: Ditto|Recover|p2a: Ditto\n|-heal|p2a: Ditto|76\/100\n|\n|-damage|p2a: Ditto|63\/100|[from] Salt Cure\n|upkeep\n|turn|17\n|\n|t:|1699352524\n|switch|p2a: Arceus|Arceus-Dark|100\/100\n|detailschange|p1a: Mewtwo|Mewtwo-Mega-Y\n|-mega|p1a: Mewtwo|Mewtwo|Mewtwonite Y\n|move|p1a: Mewtwo|Psystrike|p2a: Arceus\n|-immune|p2a: Arceus\n|\n|upkeep\n|turn|18\n|\n|t:|1699352532\n|switch|p1a: Garganacl|Garganacl, F|100\/100\n|move|p2a: Arceus|Taunt|p1a: Garganacl\n|-start|p1a: Garganacl|move: Taunt\n|\n|upkeep\n|turn|19\n|\n|t:|1699352535\n|switch|p2a: Ditto|Ditto, shiny|63\/100\n|-transform|p2a: Ditto|p1a: Garganacl|[from] ability: Imposter\n|move|p1a: Garganacl|Salt Cure|p2a: Ditto\n|-damage|p2a: Ditto|53\/100\n|-start|p2a: Ditto|Salt Cure\n|\n|-damage|p2a: Ditto|41\/100|[from] Salt Cure\n|upkeep\n|turn|20\n|\n|t:|1699352539\n|switch|p1a: Urshifu|Urshifu, M|84\/100\n|move|p2a: Ditto|Stealth Rock|p1a: Urshifu\n|-sidestart|p1: Szymszym134|move: Stealth Rock\n|\n|-damage|p2a: Ditto|29\/100|[from] Salt Cure\n|upkeep\n|turn|21\n|\n|t:|1699352544\n|switch|p2a: Dondozo|Dondozo, M|100\/100\n|move|p1a: Urshifu|Iron Head|p2a: Dondozo\n|-resisted|p2a: Dondozo\n|-damage|p2a: Dondozo|92\/100\n|-damage|p1a: Urshifu|74\/100|[from] item: Life Orb\n|\n|-heal|p2a: Dondozo|98\/100|[from] item: Leftovers\n|upkeep\n|turn|22\n|\n|t:|1699352550\n|-terastallize|p1a: Urshifu|Ghost\n|move|p1a: Urshifu|Wicked Blow|p2a: Dondozo\n|-crit|p2a: Dondozo\n|-damage|p2a: Dondozo|66\/100\n|-damage|p1a: Urshifu|64\/100|[from] item: Life Orb\n|move|p2a: Dondozo|Body Press|p1a: Urshifu\n|-immune|p1a: Urshifu\n|\n|-heal|p2a: Dondozo|73\/100|[from] item: Leftovers\n|upkeep\n|turn|23\n|\n|t:|1699352559\n|move|p1a: Urshifu|Low Kick|p2a: Dondozo\n|-damage|p2a: Dondozo|35\/100\n|-damage|p1a: Urshifu|54\/100|[from] item: Life Orb\n|move|p2a: Dondozo|Liquidation|p1a: Urshifu\n|-damage|p1a: Urshifu|25\/100\n|-unboost|p1a: Urshifu|def|1\n|\n|-heal|p2a: Dondozo|41\/100|[from] item: Leftovers\n|upkeep\n|turn|24\n|\n|t:|1699352564\n|move|p1a: Urshifu|Low Kick|p2a: Dondozo\n|-damage|p2a: Dondozo|8\/100\n|-damage|p1a: Urshifu|15\/100|[from] item: Life Orb\n|move|p2a: Dondozo|Liquidation|p1a: Urshifu\n|-damage|p1a: Urshifu|0 fnt\n|faint|p1a: Urshifu\n|\n|-heal|p2a: Dondozo|14\/100|[from] item: Leftovers\n|upkeep\n|\n|t:|1699352567\n|switch|p1a: Mewtwo|Mewtwo-Mega-Y|100\/100\n|-damage|p1a: Mewtwo|88\/100|[from] Stealth Rock\n|turn|25\n|\n|t:|1699352572\n|switch|p2a: Arceus|Arceus-Dark|100\/100\n|move|p1a: Mewtwo|Ice Beam|p2a: Arceus\n|-damage|p2a: Arceus|71\/100\n|\n|upkeep\n|turn|26\n|\n|t:|1699352578\n|switch|p1a: Arceus|Arceus-Ground|22\/100 tox\n|-damage|p1a: Arceus|16\/100 tox|[from] Stealth Rock\n|move|p2a: Arceus|Taunt|p1a: Arceus\n|-start|p1a: Arceus|move: Taunt\n|\n|-damage|p1a: Arceus|10\/100 tox|[from] psn\n|upkeep\n|turn|27\n|\n|t:|1699352581\n|move|p2a: Arceus|Foul Play|p1a: Arceus\n|-damage|p1a: Arceus|0 fnt\n|faint|p1a: Arceus\n|\n|upkeep\n|\n|t:|1699352583\n|switch|p1a: Garganacl|Garganacl, F|100\/100\n|-damage|p1a: Garganacl|88\/100|[from] Stealth Rock\n|turn|28\n|\n|t:|1699352588\n|switch|p2a: Dondozo|Dondozo, M|14\/100\n|move|p1a: Garganacl|Salt Cure|p2a: Dondozo\n|-damage|p2a: Dondozo|8\/100\n|-start|p2a: Dondozo|Salt Cure\n|\n|-heal|p1a: Garganacl|94\/100|[from] item: Leftovers\n|-heal|p2a: Dondozo|14\/100|[from] item: Leftovers\n|-damage|p2a: Dondozo|0 fnt|[from] Salt Cure\n|faint|p2a: Dondozo\n|upkeep\n|j| hexagonereal\n|\n|t:|1699352591\n|switch|p2a: Zygarde|Zygarde, shiny|100\/100\n|turn|29\n|\n|t:|1699352598\n|switch|p1a: Mewtwo|Mewtwo-Mega-Y|88\/100\n|-damage|p1a: Mewtwo|76\/100|[from] Stealth Rock\n|move|p2a: Zygarde|Substitute|p2a: Zygarde\n|-start|p2a: Zygarde|Substitute\n|-damage|p2a: Zygarde|76\/100\n|\n|-heal|p2a: Zygarde|82\/100|[from] item: Leftovers\n|upkeep\n|turn|30\n|\n|t:|1699352602\n|move|p1a: Mewtwo|Ice Beam|p2a: Zygarde\n|-supereffective|p2a: Zygarde\n|-end|p2a: Zygarde|Substitute\n|move|p2a: Zygarde|Thousand Arrows|p1a: Mewtwo\n|-damage|p1a: Mewtwo|33\/100\n|\n|-heal|p2a: Zygarde|88\/100|[from] item: Leftovers\n|upkeep\n|turn|31\n|\n|t:|1699352607\n|-terastallize|p2a: Zygarde|Normal\n|move|p2a: Zygarde|Extreme Speed|p1a: Mewtwo\n|-damage|p1a: Mewtwo|0 fnt\n|faint|p1a: Mewtwo\n|\n|-heal|p2a: Zygarde|94\/100|[from] item: Leftovers\n|upkeep\n|l| hexagonereal\n|-message|Szymszym134 forfeited.\n|\n|win|Obito 2001\n|raw|Szymszym134's rating: 1688 &rarr; <strong>1679<\/strong><br \/>(-9 for losing)\n|raw|Obito 2001's rating: 1906 &rarr; <strong>1915<\/strong><br \/>(+9 for winning)\n|l|\u2606Szymszym134\n|l|\u2606Obito 2001\n","uploadtime":1699352624,"views":23,"p1id":"szymszym134","p2id":"obito2001","formatid":"gen9nationaldexubers","rating":1679,"private":0,"password":""}