{"id":"gen9nationaldexubers-1979613110","p1":"Guj Genera","p2":"Cold Finally","format":"[Gen 9] National Dex Ubers","log":"|j|\u2606Guj Genera\n|j|\u2606Cold Finally\n|t:|1698696702\n|gametype|singles\n|player|p1|Guj Genera|red|\n|player|p2|Cold Finally|iris-masters|\n|teamsize|p1|6\n|teamsize|p2|6\n|gen|9\n|tier|[Gen 9] National Dex Ubers\n|rule|HP Percentage Mod: HP is shown in percentages\n|rule|Endless Battle Clause: Forcing endless battles is banned\n|rule|OHKO Clause: OHKO moves are banned\n|rule|Evasion Moves Clause: Evasion moves are banned\n|rule|Evasion Items Clause: Evasion items are banned\n|rule|Species Clause: Limit one of each Pok\u00e9mon\n|rule|Sleep Clause Mod: Limit one foe put to sleep\n|rule|Mega Rayquaza Clause: You cannot mega evolve Rayquaza\n|clearpoke\n|poke|p1|Zeraora|\n|poke|p1|Inteleon, F|\n|poke|p1|Kartana|\n|poke|p1|Cinderace, F|\n|poke|p1|Landorus-Therian, M|\n|poke|p1|Diancie|\n|poke|p2|Azumarill, F|\n|poke|p2|Grimmsnarl, M|\n|poke|p2|Mawile, F|\n|poke|p2|Delphox, F|\n|poke|p2|Hatterene, F|\n|poke|p2|Tapu Koko|\n|teampreview\n|inactive|Battle timer is ON: inactive players will automatically lose when time's up. (requested by Guj Genera)\n|\n|t:|1698696723\n|start\n|switch|p1a: Diancie|Diancie, shiny|100\/100\n|switch|p2a: ass goblin|Grimmsnarl, M, shiny|100\/100\n|turn|1\n|\n|t:|1698696749\n|switch|p2a: Hollywood|Hatterene, F|100\/100\n|detailschange|p1a: Diancie|Diancie-Mega, shiny\n|-mega|p1a: Diancie|Diancie|Diancite\n|move|p1a: Diancie|Moonblast|p2a: Hollywood\n|-damage|p2a: Hollywood|36\/100\n|-unboost|p2a: Hollywood|spa|1\n|\n|-heal|p2a: Hollywood|42\/100|[from] item: Leftovers\n|upkeep\n|turn|2\n|j| Astro Cage\n|inactive|Cold Finally has 270 seconds left.\n|c|\u2606Cold Finally|I should of let the intrusive thoughts win\n|c|\u2606Cold Finally|and p-shot\n|inactive|Cold Finally has 240 seconds left.\n|\n|t:|1698696801\n|move|p1a: Diancie|Moonblast|p2a: Hollywood\n|-damage|p2a: Hollywood|0 fnt\n|faint|p2a: Hollywood\n|\n|upkeep\n|\n|t:|1698696825\n|switch|p2a: ass goblin|Grimmsnarl, M, shiny|100\/100\n|turn|3\n|\n|t:|1698696839\n|move|p2a: ass goblin|Light Screen|p2a: ass goblin\n|-sidestart|p2: Cold Finally|move: Light Screen\n|move|p1a: Diancie|Moonblast|p2a: ass goblin\n|-supereffective|p2a: ass goblin\n|-damage|p2a: ass goblin|56\/100\n|\n|upkeep\n|turn|4\n|\n|t:|1698696848\n|move|p2a: ass goblin|Reflect|p2a: ass goblin\n|-sidestart|p2: Cold Finally|Reflect\n|move|p1a: Diancie|Moonblast|p2a: ass goblin\n|-supereffective|p2a: ass goblin\n|-damage|p2a: ass goblin|9\/100\n|-unboost|p2a: ass goblin|spa|1\n|\n|upkeep\n|turn|5\n|j| k7eenex\n|\n|t:|1698696860\n|switch|p1a: Zeraora|Zeraora, shiny|100\/100\n|move|p2a: ass goblin|Parting Shot|p1a: Zeraora\n|-unboost|p1a: Zeraora|atk|1\n|-unboost|p1a: Zeraora|spa|1\n|inactive|Cold Finally has 210 seconds left.\n|inactive|Cold Finally has 180 seconds left.\n|\n|t:|1698696912\n|switch|p2a: The Genie|Azumarill, F|100\/100|[from] Parting Shot\n|\n|upkeep\n|turn|6\n|inactiveoff|Battle timer is now OFF.\n|\n|t:|1698696918\n|move|p1a: Zeraora|Plasma Fists|p2a: The Genie\n|-supereffective|p2a: The Genie\n|-damage|p2a: The Genie|52\/100\n|-fieldactivate|move: Ion Deluge\n|-hint|Normal-type moves become Electric-type after using Plasma Fists.\n|move|p2a: The Genie|Belly Drum|p2a: The Genie\n|-damage|p2a: The Genie|2\/100\n|-setboost|p2a: The Genie|atk|6|[from] move: Belly Drum\n|-enditem|p2a: The Genie|Sitrus Berry|[eat]\n|-heal|p2a: The Genie|27\/100|[from] item: Sitrus Berry\n|\n|upkeep\n|turn|7\n|\n|t:|1698696933\n|move|p2a: The Genie|Aqua Jet|p1a: Zeraora\n|-damage|p1a: Zeraora|0 fnt\n|faint|p1a: Zeraora\n|\n|upkeep\n|\n|t:|1698696939\n|switch|p1a: Landorus|Landorus-Therian, M, shiny|100\/100\n|-ability|p1a: Landorus|Intimidate|boost\n|-unboost|p2a: The Genie|atk|1\n|turn|8\n|\n|t:|1698696945\n|switch|p1a: Inteleon|Inteleon, F, shiny|100\/100\n|move|p2a: The Genie|Aqua Jet|p1a: Inteleon\n|-resisted|p1a: Inteleon\n|-damage|p1a: Inteleon|30\/100\n|\n|upkeep\n|turn|9\n|\n|t:|1698696952\n|move|p2a: The Genie|Aqua Jet|p1a: Inteleon\n|-resisted|p1a: Inteleon\n|-damage|p1a: Inteleon|0 fnt\n|faint|p1a: Inteleon\n|\n|upkeep\n|\n|t:|1698696955\n|switch|p1a: Kartana|Kartana, shiny|100\/100\n|turn|10\n|\n|t:|1698696962\n|move|p2a: The Genie|Aqua Jet|p1a: Kartana\n|-resisted|p1a: Kartana\n|-damage|p1a: Kartana|58\/100\n|move|p1a: Kartana|Psycho Cut|p2a: The Genie\n|-damage|p2a: The Genie|8\/100\n|\n|-sideend|p2: Cold Finally|move: Light Screen\n|upkeep\n|turn|11\n|\n|t:|1698696970\n|move|p2a: The Genie|Aqua Jet|p1a: Kartana\n|-resisted|p1a: Kartana\n|-damage|p1a: Kartana|11\/100\n|move|p1a: Kartana|Psycho Cut|p2a: The Genie\n|-damage|p2a: The Genie|0 fnt\n|faint|p2a: The Genie\n|-ability|p1a: Kartana|Beast Boost|boost\n|-boost|p1a: Kartana|atk|1\n|\n|-sideend|p2: Cold Finally|Reflect\n|upkeep\n|\n|t:|1698696997\n|switch|p2a: ass goblin|Grimmsnarl, M, shiny|9\/100\n|turn|12\n|\n|t:|1698697007\n|switch|p1a: Cinderace|Cinderace, F, shiny|100\/100\n|move|p2a: ass goblin|Reflect|p2a: ass goblin\n|-sidestart|p2: Cold Finally|Reflect\n|\n|upkeep\n|turn|13\n|\n|t:|1698697017\n|move|p2a: ass goblin|Light Screen|p2a: ass goblin\n|-sidestart|p2: Cold Finally|move: Light Screen\n|move|p1a: Cinderace|Pyro Ball|p2a: ass goblin|[miss]\n|-miss|p1a: Cinderace|p2a: ass goblin\n|\n|upkeep\n|turn|14\n|\n|t:|1698697025\n|move|p2a: ass goblin|Parting Shot|p1a: Cinderace\n|-unboost|p1a: Cinderace|atk|1\n|-unboost|p1a: Cinderace|spa|1\n|inactive|Battle timer is ON: inactive players will automatically lose when time's up. (requested by Guj Genera)\n|j| Ogerpon my Beloved\n|inactive|Cold Finally has 180 seconds left.\n|\n|t:|1698697077\n|switch|p2a: Kiriko|Delphox, F, shiny|100\/100|[from] Parting Shot\n|move|p1a: Cinderace|Pyro Ball|p2a: Kiriko|[miss]\n|-miss|p1a: Cinderace|p2a: Kiriko\n|\n|upkeep\n|turn|15\n|c| k7eenex|oof\n|inactive|Cold Finally has 180 seconds left.\n|\n|t:|1698697088\n|move|p2a: Kiriko|Psychic|p1a: Cinderace\n|-damage|p1a: Cinderace|44\/100\n|move|p1a: Cinderace|Pyro Ball|p2a: Kiriko\n|-resisted|p2a: Kiriko\n|-damage|p2a: Kiriko|77\/100\n|\n|upkeep\n|turn|16\n|\n|t:|1698697093\n|move|p2a: Kiriko|Psychic|p1a: Cinderace\n|-damage|p1a: Cinderace|0 fnt\n|faint|p1a: Cinderace\n|\n|upkeep\n|\n|t:|1698697094\n|switch|p1a: Kartana|Kartana, shiny|11\/100\n|turn|17\n|\n|t:|1698697111\n|move|p1a: Kartana|Knock Off|p2a: Kiriko\n|-supereffective|p2a: Kiriko\n|-damage|p2a: Kiriko|5\/100\n|-enditem|p2a: Kiriko|Choice Scarf|[from] move: Knock Off|[of] p1a: Kartana\n|move|p2a: Kiriko|Psychic|p1a: Kartana\n|-resisted|p1a: Kartana\n|-damage|p1a: Kartana|0 fnt\n|faint|p1a: Kartana\n|\n|upkeep\n|\n|t:|1698697116\n|switch|p1a: Diancie|Diancie-Mega, shiny|100\/100\n|turn|18\n|inactive|Cold Finally has 180 seconds left.\n|\n|t:|1698697159\n|move|p1a: Diancie|Diamond Storm|p2a: Kiriko\n|-supereffective|p2a: Kiriko\n|-damage|p2a: Kiriko|0 fnt\n|faint|p2a: Kiriko\n|\n|upkeep\n|\n|t:|1698697174\n|switch|p2a: Hot Koko|Tapu Koko, shiny|100\/100\n|-fieldstart|move: Electric Terrain|[from] ability: Electric Surge|[of] p2a: Hot Koko\n|turn|19\n|\n|t:|1698697186\n|move|p2a: Hot Koko|Dazzling Gleam|p1a: Diancie\n|-damage|p1a: Diancie|35\/100\n|move|p1a: Diancie|Earth Power|p2a: Hot Koko\n|-supereffective|p2a: Hot Koko\n|-damage|p2a: Hot Koko|42\/100\n|\n|-sideend|p2: Cold Finally|Reflect\n|upkeep\n|turn|20\n|\n|t:|1698697193\n|move|p2a: Hot Koko|Dazzling Gleam|p1a: Diancie\n|-damage|p1a: Diancie|0 fnt\n|faint|p1a: Diancie\n|\n|-sideend|p2: Cold Finally|move: Light Screen\n|upkeep\n|\n|t:|1698697195\n|switch|p1a: Landorus|Landorus-Therian, M, shiny|100\/100\n|-ability|p1a: Landorus|Intimidate|boost\n|-unboost|p2a: Hot Koko|atk|1\n|turn|21\n|\n|t:|1698697201\n|switch|p2a: ass goblin|Grimmsnarl, M, shiny|9\/100\n|move|p1a: Landorus|Earthquake|p2a: ass goblin\n|-damage|p2a: ass goblin|0 fnt\n|faint|p2a: ass goblin\n|\n|upkeep\n|\n|t:|1698697205\n|switch|p2a: Hot Koko|Tapu Koko, shiny|42\/100\n|turn|22\n|\n|t:|1698697209\n|move|p2a: Hot Koko|Hidden Power|p1a: Landorus\n|-supereffective|p1a: Landorus\n|-damage|p1a: Landorus|0 fnt\n|faint|p1a: Landorus\n|\n|win|Cold Finally\n|c|\u2606Cold Finally|gg\n|c|\u2606Guj Genera|Gg\n|l| Astro Cage\n|l| k7eenex\n|l|\u2606Guj Genera\n|l| Ogerpon my Beloved\n","uploadtime":1698697260,"views":10,"p1id":"gujgenera","p2id":"coldfinally","formatid":"gen9nationaldexubers","rating":0,"private":0,"password":""}