{"id":"gen9nationaldexubers-1997428363","p1":"AceTheInadequate","p2":"stinkles3","format":"[Gen 9] National Dex Ubers","log":"|j|\u2606AceTheInadequate\n|j|\u2606stinkles3\n|t:|1700803577\n|gametype|singles\n|player|p1|AceTheInadequate|guitarist|\n|player|p2|stinkles3|dragontamer|\n|teamsize|p1|6\n|teamsize|p2|6\n|gen|9\n|tier|[Gen 9] National Dex Ubers\n|rule|HP Percentage Mod: HP is shown in percentages\n|rule|Endless Battle Clause: Forcing endless battles is banned\n|rule|OHKO Clause: OHKO moves are banned\n|rule|Evasion Moves Clause: Evasion moves are banned\n|rule|Evasion Items Clause: Evasion items are banned\n|rule|Species Clause: Limit one of each Pok\u00e9mon\n|rule|Sleep Clause Mod: Limit one foe put to sleep\n|rule|Mega Rayquaza Clause: You cannot mega evolve Rayquaza\n|clearpoke\n|poke|p1|Volcarona, M|\n|poke|p1|Scizor, F|\n|poke|p1|Slither Wing|\n|poke|p1|Araquanid, M|\n|poke|p1|Ribombee, M|\n|poke|p1|Galvantula, F|\n|poke|p2|Garchomp, M|\n|poke|p2|Dragapult, F|\n|poke|p2|Cyclizar, M|\n|poke|p2|Walking Wake|\n|poke|p2|Dragonite, M|\n|poke|p2|Hydreigon, F|\n|teampreview\n|\n|t:|1700803583\n|start\n|switch|p1a: McQueen|Scizor, F|100\/100\n|switch|p2a: Rahh|Dragonite, M|100\/100\n|turn|1\n|\n|t:|1700803592\n|detailschange|p1a: McQueen|Scizor-Mega, F\n|-mega|p1a: McQueen|Scizor|Scizorite\n|move|p2a: Rahh|Fire Punch|p1a: McQueen\n|-supereffective|p1a: McQueen\n|-damage|p1a: McQueen|13\/100\n|-status|p1a: McQueen|brn\n|move|p1a: McQueen|Swords Dance|p1a: McQueen\n|-boost|p1a: McQueen|atk|2\n|\n|-damage|p1a: McQueen|7\/100 brn|[from] brn\n|upkeep\n|turn|2\n|c|\u2606stinkles3|WH\n|\n|t:|1700803615\n|move|p2a: Rahh|Extreme Speed|p1a: McQueen\n|-resisted|p1a: McQueen\n|-damage|p1a: McQueen|0 fnt\n|faint|p1a: McQueen\n|\n|upkeep\n|\n|t:|1700803617\n|switch|p1a: Dududududu dada|Ribombee, M|100\/100\n|turn|3\n|c|\u2606stinkles3|ok then\n|\n|t:|1700803625\n|-terastallize|p1a: Dududududu dada|Ghost\n|-terastallize|p2a: Rahh|Normal\n|move|p2a: Rahh|Extreme Speed|p1a: Dududududu dada\n|-immune|p1a: Dududududu dada\n|move|p1a: Dududududu dada|Moonblast|p2a: Rahh\n|-damage|p2a: Rahh|77\/100\n|\n|upkeep\n|turn|4\n|\n|t:|1700803636\n|move|p1a: Dududududu dada|Quiver Dance|p1a: Dududududu dada\n|-boost|p1a: Dududududu dada|spa|1\n|-boost|p1a: Dududududu dada|spd|1\n|-boost|p1a: Dududududu dada|spe|1\n|move|p2a: Rahh|Fire Punch|p1a: Dududududu dada\n|-damage|p1a: Dududududu dada|46\/100\n|\n|upkeep\n|turn|5\n|\n|t:|1700803643\n|move|p1a: Dududududu dada|Moonblast|p2a: Rahh\n|-damage|p2a: Rahh|5\/100\n|move|p2a: Rahh|Fire Punch|p1a: Dududududu dada\n|-damage|p1a: Dududududu dada|0 fnt\n|faint|p1a: Dududududu dada\n|\n|upkeep\n|\n|t:|1700803649\n|switch|p1a: Vegeta|Slither Wing, shiny|100\/100\n|-enditem|p1a: Vegeta|Booster Energy\n|-activate|p1a: Vegeta|ability: Protosynthesis|[fromitem]\n|-start|p1a: Vegeta|protosynthesisatk\n|turn|6\n|c|\u2606stinkles3|alr\n|\n|t:|1700803655\n|move|p1a: Vegeta|First Impression|p2a: Rahh\n|-damage|p2a: Rahh|0 fnt\n|faint|p2a: Rahh\n|\n|upkeep\n|\n|t:|1700803662\n|switch|p2a: Hydration|Hydreigon, F|100\/100\n|turn|7\n|\n|t:|1700803667\n|move|p2a: Hydration|Stealth Rock|p1a: Vegeta\n|-sidestart|p1: AceTheInadequate|move: Stealth Rock\n|move|p1a: Vegeta|U-turn|p2a: Hydration\n|-supereffective|p2a: Hydration\n|-damage|p2a: Hydration|0 fnt\n|faint|p2a: Hydration\n|\n|t:|1700803671\n|-end|p1a: Vegeta|Protosynthesis|[silent]\n|switch|p1a: Here comes the sun|Volcarona, M|100\/100|[from] U-turn\n|\n|upkeep\n|\n|t:|1700803679\n|switch|p2a: Deathstroke|Garchomp, M|100\/100\n|turn|8\n|\n|t:|1700803684\n|move|p2a: Deathstroke|Bulldoze|p1a: Here comes the sun\n|-damage|p1a: Here comes the sun|54\/100\n|-unboost|p1a: Here comes the sun|spe|1\n|move|p1a: Here comes the sun|Giga Drain|p2a: Deathstroke\n|-damage|p2a: Deathstroke|72\/100\n|-heal|p1a: Here comes the sun|70\/100|[from] drain|[of] p2a: Deathstroke\n|\n|upkeep\n|turn|9\n|\n|t:|1700803695\n|move|p2a: Deathstroke|Swords Dance|p2a: Deathstroke\n|-boost|p2a: Deathstroke|atk|2\n|move|p1a: Here comes the sun|Giga Drain|p2a: Deathstroke\n|-crit|p2a: Deathstroke\n|-damage|p2a: Deathstroke|27\/100\n|-heal|p1a: Here comes the sun|96\/100|[from] drain|[of] p2a: Deathstroke\n|\n|upkeep\n|turn|10\n|\n|t:|1700803705\n|move|p2a: Deathstroke|Dragon Claw|p1a: Here comes the sun\n|-damage|p1a: Here comes the sun|0 fnt\n|faint|p1a: Here comes the sun\n|\n|upkeep\n|\n|t:|1700803708\n|switch|p1a: Vegeta|Slither Wing, shiny|100\/100\n|-damage|p1a: Vegeta|88\/100|[from] Stealth Rock\n|turn|11\n|c|\u2606stinkles3|oh ok\n|\n|t:|1700803718\n|move|p1a: Vegeta|First Impression|p2a: Deathstroke\n|-damage|p2a: Deathstroke|0 fnt\n|-damage|p1a: Vegeta|76\/100|[from] ability: Rough Skin|[of] p2a: Deathstroke\n|-damage|p1a: Vegeta|60\/100|[from] item: Rocky Helmet|[of] p2a: Deathstroke\n|faint|p2a: Deathstroke\n|\n|upkeep\n|\n|t:|1700803726\n|switch|p2a: Mischief|Dragapult, F|100\/100\n|turn|12\n|\n|t:|1700803734\n|move|p2a: Mischief|Dragon Darts|p1a: Vegeta\n|-damage|p1a: Vegeta|12\/100\n|-anim|p2a: Mischief|Dragon Darts|p1a: Vegeta\n|-damage|p1a: Vegeta|0 fnt\n|faint|p1a: Vegeta\n|-end|p1a: Vegeta|Protosynthesis|[silent]\n|\n|upkeep\n|\n|t:|1700803738\n|switch|p1a: Apollo Creed|Araquanid, M|100\/100\n|-damage|p1a: Apollo Creed|76\/100|[from] Stealth Rock\n|turn|13\n|c|\u2606stinkles3|WHAT???\n|\n|t:|1700803745\n|move|p2a: Mischief|Sucker Punch|p1a: Apollo Creed\n|-damage|p1a: Apollo Creed|49\/100\n|-enditem|p1a: Apollo Creed|Sitrus Berry|[eat]\n|-heal|p1a: Apollo Creed|74\/100|[from] item: Sitrus Berry\n|move|p1a: Apollo Creed|Liquidation|p2a: Mischief\n|-resisted|p2a: Mischief\n|-damage|p2a: Mischief|57\/100\n|\n|upkeep\n|turn|14\n|\n|t:|1700803757\n|move|p2a: Mischief|Disable|p1a: Apollo Creed\n|-start|p1a: Apollo Creed|Disable|Liquidation\n|cant|p1a: Apollo Creed|Disable|Liquidation\n|\n|upkeep\n|turn|15\n|\n|t:|1700803762\n|move|p2a: Mischief|Dragon Dance|p2a: Mischief\n|-boost|p2a: Mischief|atk|1\n|-boost|p2a: Mischief|spe|1\n|move|p1a: Apollo Creed|Leech Life|p2a: Mischief\n|-resisted|p2a: Mischief\n|-damage|p2a: Mischief|36\/100\n|-heal|p1a: Apollo Creed|84\/100|[from] drain|[of] p2a: Mischief\n|\n|upkeep\n|turn|16\n|\n|t:|1700803771\n|move|p2a: Mischief|Dragon Darts|p1a: Apollo Creed\n|-damage|p1a: Apollo Creed|34\/100\n|-anim|p2a: Mischief|Dragon Darts|p1a: Apollo Creed\n|-damage|p1a: Apollo Creed|0 fnt\n|faint|p1a: Apollo Creed\n|\n|upkeep\n|\n|t:|1700803775\n|switch|p1a: Bumblebee|Galvantula, F, shiny|100\/100\n|-damage|p1a: Bumblebee|76\/100|[from] Stealth Rock\n|turn|17\n|c|\u2606stinkles3|ok then\n|\n|t:|1700803781\n|move|p2a: Mischief|Dragon Darts|p1a: Bumblebee\n|-damage|p1a: Bumblebee|0 fnt\n|faint|p1a: Bumblebee\n|\n|win|stinkles3\n|c|\u2606stinkles3|WAIT\n|l|\u2606AceTheInadequate\n","uploadtime":1700803789,"views":5,"p1id":"acetheinadequate","p2id":"stinkles3","formatid":"gen9nationaldexubers","rating":0,"private":0,"password":""}