{"id":"gen9nationaldexubers-1990918682","p1":"Siege Team II","p2":"85792195wwww","format":"[Gen 9] National Dex Ubers","log":"|j|\u2606Siege Team II\n|j|\u260685792195wwww\n|t:|1700015063\n|gametype|singles\n|player|p1|Siege Team II|veteran|1496\n|player|p2|85792195wwww|mira|1708\n|teamsize|p1|6\n|teamsize|p2|6\n|gen|9\n|tier|[Gen 9] National Dex Ubers\n|rated|\n|rule|HP Percentage Mod: HP is shown in percentages\n|rule|Endless Battle Clause: Forcing endless battles is banned\n|rule|OHKO Clause: OHKO moves are banned\n|rule|Evasion Moves Clause: Evasion moves are banned\n|rule|Evasion Items Clause: Evasion items are banned\n|rule|Species Clause: Limit one of each Pok\u00e9mon\n|rule|Sleep Clause Mod: Limit one foe put to sleep\n|rule|Mega Rayquaza Clause: You cannot mega evolve Rayquaza\n|clearpoke\n|poke|p1|Annihilape, M|\n|poke|p1|Necrozma-Dusk-Mane|\n|poke|p1|Yveltal|\n|poke|p1|Arceus-Flying|\n|poke|p1|Groudon|\n|poke|p1|Genesect|\n|poke|p2|Xerneas-*|\n|poke|p2|Deoxys-Speed|\n|poke|p2|Zacian-*|\n|poke|p2|Arceus|\n|poke|p2|Groudon|\n|poke|p2|Zekrom|\n|teampreview\n|inactive|Battle timer is ON: inactive players will automatically lose when time's up. (requested by Siege Team II)\n|\n|t:|1700015069\n|start\n|switch|p1a: Groudon|Groudon, shiny|100\/100\n|switch|p2a: Deoxys|Deoxys-Speed|100\/100\n|-ability|p2a: Deoxys|Pressure\n|detailschange|p1a: Groudon|Groudon-Primal, shiny\n|-primal|p1a: Groudon|Red Orb\n|-weather|DesolateLand|[from] ability: Desolate Land|[of] p1a: Groudon\n|turn|1\n|\n|t:|1700015079\n|move|p2a: Deoxys|Stealth Rock|p1a: Groudon\n|-sidestart|p1: Siege Team II|move: Stealth Rock\n|move|p1a: Groudon|Heat Crash|p2a: Deoxys\n|-damage|p2a: Deoxys|8\/100\n|-damage|p1a: Groudon|84\/100|[from] item: Rocky Helmet|[of] p2a: Deoxys\n|\n|-weather|DesolateLand|[upkeep]\n|upkeep\n|turn|2\n|\n|t:|1700015089\n|move|p2a: Deoxys|Skill Swap|p1a: Groudon\n|-activate|p2a: Deoxys|move: Skill Swap|Desolate Land|Pressure|[of] p1a: Groudon\n|-weather|none\n|-weather|DesolateLand|[from] ability: Desolate Land|[of] p2a: Deoxys\n|-ability|p1a: Groudon|Pressure\n|move|p1a: Groudon|Bulk Up|p1a: Groudon\n|-boost|p1a: Groudon|atk|1\n|-boost|p1a: Groudon|def|1\n|\n|-weather|DesolateLand|[upkeep]\n|upkeep\n|turn|3\n|\n|t:|1700015100\n|move|p2a: Deoxys|Psycho Boost|p1a: Groudon\n|-damage|p1a: Groudon|41\/100\n|-unboost|p2a: Deoxys|spa|2\n|move|p1a: Groudon|Earthquake|p2a: Deoxys\n|-damage|p2a: Deoxys|0 fnt\n|faint|p2a: Deoxys\n|-weather|none\n|\n|upkeep\n|\n|t:|1700015121\n|switch|p2a: Xerneas|Xerneas|100\/100\n|-ability|p2a: Xerneas|Fairy Aura\n|turn|4\n|\n|t:|1700015127\n|move|p1a: Groudon|Heat Crash|p2a: Xerneas\n|-damage|p2a: Xerneas|40\/100\n|move|p2a: Xerneas|Geomancy||[still]\n|-prepare|p2a: Xerneas|Geomancy\n|-enditem|p2a: Xerneas|Power Herb\n|-anim|p2a: Xerneas|Geomancy|p2a: Xerneas\n|-boost|p2a: Xerneas|spa|2\n|-boost|p2a: Xerneas|spd|2\n|-boost|p2a: Xerneas|spe|2\n|\n|upkeep\n|turn|5\n|\n|t:|1700015136\n|move|p2a: Xerneas|Hidden Power|p1a: Groudon\n|-supereffective|p1a: Groudon\n|-damage|p1a: Groudon|0 fnt\n|faint|p1a: Groudon\n|\n|upkeep\n|\n|t:|1700015142\n|switch|p1a: Necrozma|Necrozma-Dusk-Mane|100\/100\n|-damage|p1a: Necrozma|94\/100|[from] Stealth Rock\n|turn|6\n|\n|t:|1700015148\n|move|p2a: Xerneas|Moonblast|p1a: Necrozma\n|-resisted|p1a: Necrozma\n|-damage|p1a: Necrozma|41\/100\n|move|p1a: Necrozma|Trick Room|p1a: Necrozma\n|-fieldstart|move: Trick Room|[of] p1a: Necrozma\n|\n|upkeep\n|turn|7\n|\n|t:|1700015158\n|switch|p2a: Zekrom|Zekrom|100\/100\n|-ability|p2a: Zekrom|Teravolt\n|move|p1a: Necrozma|Sunsteel Strike|p2a: Zekrom\n|-resisted|p2a: Zekrom\n|-damage|p2a: Zekrom|70\/100\n|\n|upkeep\n|turn|8\n|\n|t:|1700015168\n|switch|p2a: Xerneas|Xerneas|40\/100\n|-ability|p2a: Xerneas|Fairy Aura\n|-terastallize|p1a: Necrozma|Ground\n|move|p1a: Necrozma|Earthquake|p2a: Xerneas\n|-damage|p2a: Xerneas|0 fnt\n|faint|p2a: Xerneas\n|\n|upkeep\n|\n|t:|1700015182\n|switch|p2a: Arceus|Arceus|100\/100\n|turn|9\n|\n|t:|1700015186\n|move|p1a: Necrozma|Earthquake|p2a: Arceus\n|-damage|p2a: Arceus|55\/100\n|move|p2a: Arceus|Will-O-Wisp|p1a: Necrozma\n|-status|p1a: Necrozma|brn\n|\n|-damage|p1a: Necrozma|35\/100 brn|[from] brn\n|upkeep\n|turn|10\n|\n|t:|1700015196\n|move|p1a: Necrozma|Earthquake|p2a: Arceus\n|-damage|p2a: Arceus|30\/100\n|move|p2a: Arceus|Swords Dance|p2a: Arceus\n|-boost|p2a: Arceus|atk|2\n|\n|-damage|p1a: Necrozma|29\/100 brn|[from] brn\n|-fieldend|move: Trick Room\n|upkeep\n|turn|11\n|\n|t:|1700015205\n|move|p2a: Arceus|Extreme Speed|p1a: Necrozma\n|-damage|p1a: Necrozma|0 fnt\n|faint|p1a: Necrozma\n|-damage|p2a: Arceus|20\/100|[from] item: Life Orb\n|\n|upkeep\n|\n|t:|1700015231\n|switch|p1a: Annihilape|Annihilape, M|100\/100\n|-damage|p1a: Annihilape|94\/100|[from] Stealth Rock\n|turn|12\n|inactive|Siege Team II has 120 seconds left.\n|\n|t:|1700015246\n|move|p1a: Annihilape|Final Gambit|p2a: Arceus\n|-damage|p2a: Arceus|0 fnt\n|faint|p1a: Annihilape\n|faint|p2a: Arceus\n|\n|upkeep\n|inactive|Siege Team II has 120 seconds left.\n|\n|t:|1700015260\n|switch|p2a: Zekrom|Zekrom|70\/100\n|switch|p1a: Yveltal|Yveltal, shiny|100\/100\n|-damage|p1a: Yveltal|76\/100|[from] Stealth Rock\n|-ability|p1a: Yveltal|Dark Aura\n|-ability|p2a: Zekrom|Teravolt\n|turn|13\n|\n|t:|1700015271\n|move|p1a: Yveltal|Foul Play|p2a: Zekrom\n|-damage|p2a: Zekrom|0 fnt\n|faint|p2a: Zekrom\n|\n|upkeep\n|\n|t:|1700015278\n|switch|p2a: Zacian|Zacian-Crowned|100\/100\n|-ability|p2a: Zacian|Intrepid Sword|boost\n|-boost|p2a: Zacian|atk|1\n|turn|14\n|\n|t:|1700015284\n|move|p1a: Yveltal|Foul Play|p2a: Zacian\n|-resisted|p2a: Zacian\n|-damage|p2a: Zacian|44\/100\n|move|p2a: Zacian|Wild Charge|p1a: Yveltal\n|-supereffective|p1a: Yveltal\n|-damage|p1a: Yveltal|0 fnt\n|faint|p1a: Yveltal\n|-damage|p2a: Zacian|22\/100|[from] Recoil\n|\n|upkeep\n|\n|t:|1700015307\n|switch|p1a: Genesect|Genesect, shiny|100\/100\n|-damage|p1a: Genesect|88\/100|[from] Stealth Rock\n|-ability|p1a: Genesect|Download|boost\n|-boost|p1a: Genesect|spa|1\n|turn|15\n|\n|t:|1700015318\n|move|p2a: Zacian|Close Combat|p1a: Genesect\n|-damage|p1a: Genesect|0 fnt\n|-unboost|p2a: Zacian|def|1\n|-unboost|p2a: Zacian|spd|1\n|faint|p1a: Genesect\n|\n|upkeep\n|-message|Siege Team II forfeited.\n|\n|win|85792195wwww\n|raw|Siege Team II's rating: 1496 &rarr; <strong>1487<\/strong><br \/>(-9 for losing)\n|raw|85792195wwww's rating: 1708 &rarr; <strong>1717<\/strong><br \/>(+9 for winning)\n|l|\u2606Siege Team II\n","uploadtime":1700015329,"views":6,"p1id":"siegeteamii","p2id":"85792195wwww","formatid":"gen9nationaldexubers","rating":1487,"private":0,"password":""}