{"id":"gen9nationaldexubers-1978112811","p1":"777Clearnu","p2":"85792195wwww","format":"[Gen 9] National Dex Ubers","log":"|j|\u2606777Clearnu\n|j|\u260685792195wwww\n|t:|1698500949\n|gametype|singles\n|player|p1|777Clearnu|guitarist-gen4|1781\n|player|p2|85792195wwww|lady|1802\n|teamsize|p1|6\n|teamsize|p2|6\n|gen|9\n|tier|[Gen 9] National Dex Ubers\n|rated|\n|rule|HP Percentage Mod: HP is shown in percentages\n|rule|Endless Battle Clause: Forcing endless battles is banned\n|rule|OHKO Clause: OHKO moves are banned\n|rule|Evasion Moves Clause: Evasion moves are banned\n|rule|Evasion Items Clause: Evasion items are banned\n|rule|Species Clause: Limit one of each Pok\u00e9mon\n|rule|Sleep Clause Mod: Limit one foe put to sleep\n|rule|Mega Rayquaza Clause: You cannot mega evolve Rayquaza\n|clearpoke\n|poke|p1|Ho-Oh|\n|poke|p1|Zygarde|\n|poke|p1|Marshadow|\n|poke|p1|Groudon|\n|poke|p1|Arceus-Dark|\n|poke|p1|Kyogre|\n|poke|p2|Calyrex-Ice|\n|poke|p2|Groudon|\n|poke|p2|Krookodile, F|\n|poke|p2|Xerneas-*|\n|poke|p2|Zacian-*|\n|poke|p2|Arceus|\n|teampreview\n|inactive|Battle timer is ON: inactive players will automatically lose when time's up. (requested by 777Clearnu)\n|\n|t:|1698500960\n|start\n|switch|p1a: BKC|Arceus-Dark|100\/100\n|switch|p2a: Krookodile|Krookodile, F|100\/100\n|-ability|p2a: Krookodile|Intimidate|boost\n|-unboost|p1a: BKC|atk|1\n|turn|1\n|\n|t:|1698500968\n|move|p1a: BKC|Taunt|p2a: Krookodile\n|-start|p2a: Krookodile|move: Taunt\n|move|p2a: Krookodile|Bulldoze|p1a: BKC\n|-damage|p1a: BKC|81\/100\n|-unboost|p1a: BKC|spe|1\n|\n|upkeep\n|turn|2\n|\n|t:|1698500976\n|switch|p2a: Xerneas|Xerneas|100\/100\n|-ability|p2a: Xerneas|Fairy Aura\n|move|p1a: BKC|Will-O-Wisp|p2a: Xerneas\n|-status|p2a: Xerneas|brn\n|\n|-damage|p2a: Xerneas|94\/100 brn|[from] brn\n|upkeep\n|turn|3\n|\n|t:|1698500986\n|switch|p2a: Krookodile|Krookodile, F|100\/100\n|-ability|p2a: Krookodile|Intimidate|boost\n|-unboost|p1a: BKC|atk|1\n|move|p1a: BKC|Foul Play|p2a: Krookodile\n|-resisted|p2a: Krookodile\n|-damage|p2a: Krookodile|69\/100\n|\n|upkeep\n|turn|4\n|\n|t:|1698500999\n|move|p2a: Krookodile|Stealth Rock|p1a: BKC\n|-sidestart|p1: 777Clearnu|move: Stealth Rock\n|move|p1a: BKC|Foul Play|p2a: Krookodile\n|-resisted|p2a: Krookodile\n|-damage|p2a: Krookodile|34\/100\n|\n|upkeep\n|turn|5\n|\n|t:|1698501016\n|switch|p2a: Xerneas|Xerneas|94\/100 brn\n|-ability|p2a: Xerneas|Fairy Aura\n|move|p1a: BKC|Taunt|p2a: Xerneas\n|-start|p2a: Xerneas|move: Taunt\n|\n|-damage|p2a: Xerneas|88\/100 brn|[from] brn\n|upkeep\n|turn|6\n|\n|t:|1698501031\n|switch|p1a: birdspam|Ho-Oh|100\/100\n|switch|p2a: Krookodile|Krookodile, F|34\/100\n|-ability|p2a: Krookodile|Intimidate|boost\n|-unboost|p1a: birdspam|atk|1\n|\n|upkeep\n|turn|7\n|inactive|777Clearnu has 120 seconds left.\n|\n|t:|1698501075\n|switch|p1a: looks at you funny|Zygarde|100\/100\n|-damage|p1a: looks at you funny|94\/100|[from] Stealth Rock\n|move|p2a: Krookodile|Knock Off|p1a: looks at you funny\n|-damage|p1a: looks at you funny|68\/100\n|-enditem|p1a: looks at you funny|Chesto Berry|[from] move: Knock Off|[of] p2a: Krookodile\n|\n|upkeep\n|turn|8\n|\n|t:|1698501086\n|switch|p2a: Xerneas|Xerneas|88\/100 brn\n|-ability|p2a: Xerneas|Fairy Aura\n|move|p1a: looks at you funny|Coil|p1a: looks at you funny\n|-boost|p1a: looks at you funny|atk|1\n|-boost|p1a: looks at you funny|def|1\n|-boost|p1a: looks at you funny|accuracy|1\n|\n|-damage|p2a: Xerneas|82\/100 brn|[from] brn\n|upkeep\n|turn|9\n|inactive|777Clearnu has 120 seconds left.\n|\n|t:|1698501096\n|switch|p2a: Krookodile|Krookodile, F|34\/100\n|-ability|p2a: Krookodile|Intimidate|boost\n|-unboost|p1a: looks at you funny|atk|1\n|-terastallize|p1a: looks at you funny|Normal\n|move|p1a: looks at you funny|Thousand Arrows|p2a: Krookodile\n|-damage|p2a: Krookodile|0 fnt\n|faint|p2a: Krookodile\n|\n|upkeep\n|\n|t:|1698501116\n|switch|p2a: Calyrex|Calyrex-Ice|100\/100\n|-ability|p2a: Calyrex|As One\n|-ability|p2a: Calyrex|Unnerve\n|turn|10\n|\n|t:|1698501124\n|move|p1a: looks at you funny|Thousand Arrows|p2a: Calyrex\n|-damage|p2a: Calyrex|79\/100\n|move|p2a: Calyrex|Swords Dance|p2a: Calyrex\n|-boost|p2a: Calyrex|atk|2\n|\n|upkeep\n|turn|11\n|\n|t:|1698501131\n|move|p1a: looks at you funny|Thousand Arrows|p2a: Calyrex\n|-damage|p2a: Calyrex|57\/100\n|move|p2a: Calyrex|Agility|p2a: Calyrex\n|-boost|p2a: Calyrex|spe|2\n|\n|upkeep\n|turn|12\n|\n|t:|1698501145\n|move|p1a: looks at you funny|Extreme Speed|p2a: Calyrex\n|-damage|p2a: Calyrex|36\/100\n|move|p2a: Calyrex|Glacial Lance|p1a: looks at you funny\n|-damage|p1a: looks at you funny|14\/100\n|\n|-activate|p1a: looks at you funny|ability: Power Construct\n|detailschange|p1a: looks at you funny|Zygarde-Complete, tera:Normal\n|-heal|p1a: looks at you funny|43\/100|[silent]\n|upkeep\n|turn|13\n|\n|t:|1698501159\n|move|p2a: Calyrex|Glacial Lance|p1a: looks at you funny\n|-damage|p1a: looks at you funny|8\/100\n|move|p1a: looks at you funny|Thousand Arrows|p2a: Calyrex\n|-damage|p2a: Calyrex|11\/100\n|\n|upkeep\n|turn|14\n|\n|t:|1698501171\n|move|p1a: looks at you funny|Extreme Speed|p2a: Calyrex\n|-damage|p2a: Calyrex|0 fnt\n|faint|p2a: Calyrex\n|\n|upkeep\n|inactive|85792195wwww has 120 seconds left.\n|\n|t:|1698501196\n|switch|p2a: Zacian|Zacian-Crowned|100\/100\n|-ability|p2a: Zacian|Intrepid Sword|boost\n|-boost|p2a: Zacian|atk|1\n|turn|15\n|\n|t:|1698501202\n|move|p2a: Zacian|Behemoth Blade|p1a: looks at you funny\n|-damage|p1a: looks at you funny|0 fnt\n|faint|p1a: looks at you funny\n|\n|upkeep\n|\n|t:|1698501231\n|switch|p1a: birdspam|Ho-Oh|100\/100\n|turn|16\n|\n|t:|1698501235\n|move|p2a: Zacian|Wild Charge|p1a: birdspam\n|-supereffective|p1a: birdspam\n|-damage|p1a: birdspam|34\/100\n|-damage|p2a: Zacian|79\/100|[from] Recoil\n|move|p1a: birdspam|Sacred Fire|p2a: Zacian\n|-supereffective|p2a: Zacian\n|-damage|p2a: Zacian|3\/100\n|-status|p2a: Zacian|brn\n|\n|-damage|p2a: Zacian|0 fnt|[from] brn\n|faint|p2a: Zacian\n|upkeep\n|\n|t:|1698501254\n|switch|p2a: Groudon|Groudon|100\/100\n|detailschange|p2a: Groudon|Groudon-Primal\n|-primal|p2a: Groudon|Red Orb\n|-weather|DesolateLand|[from] ability: Desolate Land|[of] p2a: Groudon\n|turn|17\n|\n|t:|1698501261\n|move|p2a: Groudon|Rock Polish|p2a: Groudon\n|-boost|p2a: Groudon|spe|2\n|move|p1a: birdspam|Toxic|p2a: Groudon\n|-status|p2a: Groudon|tox\n|\n|-weather|DesolateLand|[upkeep]\n|-damage|p2a: Groudon|94\/100 tox|[from] psn\n|upkeep\n|turn|18\n|\n|t:|1698501273\n|switch|p1a: borzoi|Marshadow|100\/100\n|-damage|p1a: borzoi|94\/100|[from] Stealth Rock\n|move|p2a: Groudon|Heat Crash|p1a: borzoi\n|-damage|p1a: borzoi|0 fnt\n|faint|p1a: borzoi\n|\n|-weather|DesolateLand|[upkeep]\n|-damage|p2a: Groudon|82\/100 tox|[from] psn\n|upkeep\n|\n|t:|1698501285\n|switch|p1a: BKC|Arceus-Dark|81\/100\n|-damage|p1a: BKC|68\/100|[from] Stealth Rock\n|turn|19\n|\n|t:|1698501295\n|move|p2a: Groudon|Swords Dance|p2a: Groudon\n|-boost|p2a: Groudon|atk|2\n|move|p1a: BKC|Foul Play|p2a: Groudon\n|-damage|p2a: Groudon|0 fnt\n|faint|p2a: Groudon\n|-weather|none\n|\n|upkeep\n|\n|t:|1698501305\n|switch|p2a: Arceus|Arceus|100\/100\n|turn|20\n|\n|t:|1698501313\n|move|p1a: BKC|Taunt|p2a: Arceus\n|-start|p2a: Arceus|move: Taunt\n|cant|p2a: Arceus|move: Taunt|Taunt\n|\n|upkeep\n|turn|21\n|\n|t:|1698501322\n|switch|p2a: Xerneas|Xerneas|82\/100 brn\n|-ability|p2a: Xerneas|Fairy Aura\n|move|p1a: BKC|Foul Play|p2a: Xerneas\n|-resisted|p2a: Xerneas\n|-damage|p2a: Xerneas|68\/100 brn\n|\n|-damage|p2a: Xerneas|62\/100 brn|[from] brn\n|upkeep\n|turn|22\n|inactive|777Clearnu has 120 seconds left.\n|inactive|777Clearnu has 90 seconds left.\n|\n|t:|1698501387\n|switch|p1a: birdspam|Ho-Oh|67\/100\n|move|p2a: Xerneas|Moonblast|p1a: birdspam\n|-resisted|p1a: birdspam\n|-damage|p1a: birdspam|46\/100\n|\n|-damage|p2a: Xerneas|56\/100 brn|[from] brn\n|upkeep\n|turn|23\n|\n|t:|1698501397\n|move|p2a: Xerneas|Hidden Power|p1a: birdspam\n|-supereffective|p1a: birdspam\n|-damage|p1a: birdspam|0 fnt\n|faint|p1a: birdspam\n|\n|-damage|p2a: Xerneas|50\/100 brn|[from] brn\n|upkeep\n|\n|t:|1698501406\n|switch|p1a: kid named eruption|Groudon|100\/100\n|-damage|p1a: kid named eruption|94\/100|[from] Stealth Rock\n|detailschange|p1a: kid named eruption|Groudon-Primal\n|-primal|p1a: kid named eruption|Red Orb\n|-weather|DesolateLand|[from] ability: Desolate Land|[of] p1a: kid named eruption\n|turn|24\n|\n|t:|1698501415\n|move|p2a: Xerneas|Moonblast|p1a: kid named eruption\n|-resisted|p1a: kid named eruption\n|-damage|p1a: kid named eruption|57\/100\n|move|p1a: kid named eruption|Heat Crash|p2a: Xerneas\n|-damage|p2a: Xerneas|0 fnt\n|faint|p2a: Xerneas\n|\n|-weather|DesolateLand|[upkeep]\n|upkeep\n|\n|t:|1698501423\n|switch|p2a: Arceus|Arceus|100\/100\n|turn|25\n|\n|t:|1698501431\n|move|p2a: Arceus|Swords Dance|p2a: Arceus\n|-boost|p2a: Arceus|atk|2\n|move|p1a: kid named eruption|Heat Crash|p2a: Arceus\n|-damage|p2a: Arceus|33\/100\n|\n|-weather|DesolateLand|[upkeep]\n|upkeep\n|turn|26\n|inactive|777Clearnu has 120 seconds left.\n|\n|t:|1698501447\n|-terastallize|p2a: Arceus|Normal\n|move|p2a: Arceus|Extreme Speed|p1a: kid named eruption\n|-damage|p1a: kid named eruption|0 fnt\n|faint|p1a: kid named eruption\n|-weather|none\n|-damage|p2a: Arceus|23\/100|[from] item: Life Orb\n|\n|upkeep\n|inactive|777Clearnu has 120 seconds left.\n|\n|t:|1698501455\n|switch|p1a: goldfish crackers|Kyogre|100\/100\n|-damage|p1a: goldfish crackers|88\/100|[from] Stealth Rock\n|detailschange|p1a: goldfish crackers|Kyogre-Primal\n|-primal|p1a: goldfish crackers|Blue Orb\n|-weather|PrimordialSea|[from] ability: Primordial Sea|[of] p1a: goldfish crackers\n|turn|27\n|\n|t:|1698501462\n|move|p2a: Arceus|Extreme Speed|p1a: goldfish crackers\n|-damage|p1a: goldfish crackers|0 fnt\n|faint|p1a: goldfish crackers\n|-weather|none\n|-damage|p2a: Arceus|13\/100|[from] item: Life Orb\n|\n|upkeep\n|-message|777Clearnu forfeited.\n|\n|win|85792195wwww\n|raw|777Clearnu's rating: 1781 &rarr; <strong>1762<\/strong><br \/>(-19 for losing)\n|raw|85792195wwww's rating: 1802 &rarr; <strong>1821<\/strong><br \/>(+19 for winning)\n|l|\u2606777Clearnu\n|l|\u260685792195wwww\n","uploadtime":1698501472,"views":8,"p1id":"777clearnu","p2id":"85792195wwww","formatid":"gen9nationaldexubers","rating":1762,"private":0,"password":""}