{"id":"gen9nationaldexubers-1978519636","p1":"Quarters_OU","p2":"trifectatrader","format":"[Gen 9] National Dex Ubers","log":"|j|\u2606Quarters_OU\n|j|\u2606trifectatrader\n|t:|1698549756\n|gametype|singles\n|player|p1|Quarters_OU|170|1146\n|player|p2|trifectatrader|169|1146\n|teamsize|p1|6\n|teamsize|p2|6\n|gen|9\n|tier|[Gen 9] National Dex Ubers\n|rated|\n|rule|HP Percentage Mod: HP is shown in percentages\n|rule|Endless Battle Clause: Forcing endless battles is banned\n|rule|OHKO Clause: OHKO moves are banned\n|rule|Evasion Moves Clause: Evasion moves are banned\n|rule|Evasion Items Clause: Evasion items are banned\n|rule|Species Clause: Limit one of each Pok\u00e9mon\n|rule|Sleep Clause Mod: Limit one foe put to sleep\n|rule|Mega Rayquaza Clause: You cannot mega evolve Rayquaza\n|clearpoke\n|poke|p1|Roaring Moon|\n|poke|p1|Ninetales-Alola, F|\n|poke|p1|Volcarona, M|\n|poke|p1|Clodsire, M|\n|poke|p1|Scizor, F|\n|poke|p1|Rotom-Wash|\n|poke|p2|Yveltal|\n|poke|p2|Scizor, M|\n|poke|p2|Grimmsnarl, M|\n|poke|p2|Zoroark-Hisui, F|\n|poke|p2|Toxapex, M|\n|poke|p2|Regieleki|\n|teampreview\n|inactive|Battle timer is ON: inactive players will automatically lose when time's up. (requested by trifectatrader)\n|\n|t:|1698549772\n|start\n|switch|p1a: Scizor|Scizor, F|100\/100\n|switch|p2a: Grimmsnarl|Grimmsnarl, M|100\/100\n|turn|1\n|\n|t:|1698549780\n|detailschange|p1a: Scizor|Scizor-Mega, F\n|-mega|p1a: Scizor|Scizor|Scizorite\n|move|p2a: Grimmsnarl|Reflect|p2a: Grimmsnarl\n|-sidestart|p2: trifectatrader|Reflect\n|move|p1a: Scizor|Pounce|p2a: Grimmsnarl\n|-damage|p2a: Grimmsnarl|73\/100\n|-unboost|p2a: Grimmsnarl|spe|1\n|\n|upkeep\n|turn|2\n|\n|t:|1698549791\n|move|p2a: Grimmsnarl|Light Screen|p2a: Grimmsnarl\n|-sidestart|p2: trifectatrader|move: Light Screen\n|move|p1a: Scizor|Swords Dance|p1a: Scizor\n|-boost|p1a: Scizor|atk|2\n|\n|upkeep\n|turn|3\n|\n|t:|1698549796\n|move|p1a: Scizor|Dual Wingbeat|p2a: Grimmsnarl\n|-damage|p2a: Grimmsnarl|44\/100\n|-damage|p2a: Grimmsnarl|11\/100\n|-hitcount|p2a: Grimmsnarl|2\n|move|p2a: Grimmsnarl|Foul Play|p1a: Scizor\n|-damage|p1a: Scizor|10\/100\n|\n|upkeep\n|turn|4\n|\n|t:|1698549810\n|move|p1a: Scizor|Bullet Punch|p2a: Grimmsnarl\n|-supereffective|p2a: Grimmsnarl\n|-damage|p2a: Grimmsnarl|0 fnt\n|faint|p2a: Grimmsnarl\n|\n|upkeep\n|\n|t:|1698549812\n|switch|p2a: Regieleki|Regieleki|100\/100\n|turn|5\n|\n|t:|1698549822\n|move|p1a: Scizor|Bullet Punch|p2a: Regieleki\n|-resisted|p2a: Regieleki\n|-damage|p2a: Regieleki|64\/100\n|move|p2a: Regieleki|Thunderbolt|p1a: Scizor\n|-damage|p1a: Scizor|0 fnt\n|faint|p1a: Scizor\n|\n|upkeep\n|\n|t:|1698549827\n|switch|p1a: Clodsire|Clodsire, M|100\/100\n|turn|6\n|\n|t:|1698549835\n|switch|p2a: Yveltal|Yveltal|100\/100\n|-ability|p2a: Yveltal|Dark Aura\n|move|p1a: Clodsire|Toxic|p2a: Yveltal\n|-status|p2a: Yveltal|tox\n|\n|-damage|p2a: Yveltal|94\/100 tox|[from] psn\n|upkeep\n|turn|7\n|inactive|Quarters_OU has 120 seconds left.\n|\n|t:|1698549870\n|switch|p1a: Ninetales|Ninetales-Alola, F|100\/100\n|-weather|Snow|[from] ability: Snow Warning|[of] p1a: Ninetales\n|move|p2a: Yveltal|Dark Pulse|p1a: Ninetales\n|-resisted|p1a: Ninetales\n|-damage|p1a: Ninetales|59\/100\n|\n|-weather|Snow|[upkeep]\n|-damage|p2a: Yveltal|82\/100 tox|[from] psn\n|upkeep\n|turn|8\n|\n|t:|1698549888\n|move|p1a: Ninetales|Aurora Veil|p1a: Ninetales\n|-sidestart|p1: Quarters_OU|move: Aurora Veil\n|move|p2a: Yveltal|Dark Pulse|p1a: Ninetales\n|-resisted|p1a: Ninetales\n|-damage|p1a: Ninetales|38\/100\n|\n|-weather|Snow|[upkeep]\n|-damage|p2a: Yveltal|64\/100 tox|[from] psn\n|-sideend|p2: trifectatrader|Reflect\n|upkeep\n|turn|9\n|\n|t:|1698549898\n|-terastallize|p1a: Ninetales|Ice\n|move|p1a: Ninetales|Blizzard|p2a: Yveltal\n|-supereffective|p2a: Yveltal\n|-damage|p2a: Yveltal|19\/100 tox\n|move|p2a: Yveltal|Dark Pulse|p1a: Ninetales\n|-damage|p1a: Ninetales|0 fnt\n|faint|p1a: Ninetales\n|\n|-weather|Snow|[upkeep]\n|-damage|p2a: Yveltal|0 fnt|[from] psn\n|faint|p2a: Yveltal\n|-sideend|p2: trifectatrader|move: Light Screen\n|upkeep\n|\n|t:|1698549907\n|switch|p1a: Roaring Moon|Roaring Moon|100\/100\n|switch|p2a: Regieleki|Regieleki|64\/100\n|-enditem|p1a: Roaring Moon|Booster Energy\n|-activate|p1a: Roaring Moon|ability: Protosynthesis|[fromitem]\n|-start|p1a: Roaring Moon|protosynthesisatk\n|turn|10\n|\n|t:|1698549914\n|move|p2a: Regieleki|Thunder Wave|p1a: Roaring Moon\n|-status|p1a: Roaring Moon|par\n|cant|p1a: Roaring Moon|par\n|\n|-weather|Snow|[upkeep]\n|upkeep\n|turn|11\n|\n|t:|1698549918\n|move|p2a: Regieleki|Substitute|p2a: Regieleki\n|-start|p2a: Regieleki|Substitute\n|-damage|p2a: Regieleki|40\/100\n|move|p1a: Roaring Moon|Knock Off|p2a: Regieleki\n|-end|p2a: Regieleki|Substitute\n|\n|-weather|none\n|upkeep\n|turn|12\n|\n|t:|1698549927\n|-zpower|p2a: Regieleki\n|move|p2a: Regieleki|Gigavolt Havoc|p1a: Roaring Moon|[zeffect]\n|-resisted|p1a: Roaring Moon\n|-damage|p1a: Roaring Moon|77\/100 par\n|move|p1a: Roaring Moon|Knock Off|p2a: Regieleki\n|-damage|p2a: Regieleki|0 fnt\n|faint|p2a: Regieleki\n|\n|upkeep\n|\n|t:|1698549940\n|switch|p2a: Toxapex|Toxapex, M|100\/100\n|turn|13\n|\n|t:|1698549944\n|move|p1a: Roaring Moon|Dragon Dance|p1a: Roaring Moon\n|-boost|p1a: Roaring Moon|atk|1\n|-boost|p1a: Roaring Moon|spe|1\n|move|p2a: Toxapex|Toxic Spikes|p1a: Roaring Moon\n|-sidestart|p1: Quarters_OU|move: Toxic Spikes\n|\n|upkeep\n|turn|14\n|\n|t:|1698549949\n|move|p1a: Roaring Moon|Dragon Dance|p1a: Roaring Moon\n|-boost|p1a: Roaring Moon|atk|1\n|-boost|p1a: Roaring Moon|spe|1\n|move|p2a: Toxapex|Toxic Spikes|p1a: Roaring Moon\n|-sidestart|p1: Quarters_OU|move: Toxic Spikes\n|\n|upkeep\n|turn|15\n|\n|t:|1698549954\n|move|p1a: Roaring Moon|Dragon Dance|p1a: Roaring Moon\n|-boost|p1a: Roaring Moon|atk|1\n|-boost|p1a: Roaring Moon|spe|1\n|move|p2a: Toxapex|Scald|p1a: Roaring Moon\n|-resisted|p1a: Roaring Moon\n|-damage|p1a: Roaring Moon|73\/100 par\n|\n|-sideend|p1: Quarters_OU|move: Aurora Veil\n|upkeep\n|turn|16\n|\n|t:|1698549956\n|move|p1a: Roaring Moon|Acrobatics|p2a: Toxapex\n|-damage|p2a: Toxapex|0 fnt\n|faint|p2a: Toxapex\n|\n|upkeep\n|\n|t:|1698549959\n|switch|p2a: Scizor|Scizor, M|100\/100\n|turn|17\n|\n|t:|1698549963\n|move|p1a: Roaring Moon|Acrobatics|p2a: Scizor\n|-damage|p2a: Scizor|0 fnt\n|replace|p2a: Zoroark|Zoroark-Hisui, F\n|-end|p2a: Zoroark|Illusion\n|faint|p2a: Zoroark\n|\n|upkeep\n|\n|t:|1698549965\n|switch|p2a: Scizor|Scizor, M|100\/100\n|turn|18\n|\n|t:|1698549969\n|cant|p1a: Roaring Moon|par\n|move|p2a: Scizor|Swords Dance|p2a: Scizor\n|-boost|p2a: Scizor|atk|2\n|\n|upkeep\n|turn|19\n|\n|t:|1698549976\n|move|p1a: Roaring Moon|Acrobatics|p2a: Scizor\n|-damage|p2a: Scizor|0 fnt\n|faint|p2a: Scizor\n|\n|win|Quarters_OU\n|raw|Quarters_OU's rating: 1146 &rarr; <strong>1171<\/strong><br \/>(+25 for winning)\n|raw|trifectatrader's rating: 1146 &rarr; <strong>1121<\/strong><br \/>(-25 for losing)\n|l|\u2606trifectatrader\n","uploadtime":1698549982,"views":6,"p1id":"quartersou","p2id":"trifectatrader","formatid":"gen9nationaldexubers","rating":1121,"private":0,"password":""}