{"id":"gen9nationaldexubers-1979776079","p1":"KJ.nyc","p2":"kyogr1414","format":"[Gen 9] National Dex Ubers","log":"|j|\u2606KJ.nyc\n|j|\u2606kyogr1414\n|t:|1698712068\n|gametype|singles\n|player|p1|KJ.nyc|hilbert|1057\n|player|p2|kyogr1414|266|1043\n|teamsize|p1|6\n|teamsize|p2|4\n|gen|9\n|tier|[Gen 9] National Dex Ubers\n|rated|\n|rule|HP Percentage Mod: HP is shown in percentages\n|rule|Endless Battle Clause: Forcing endless battles is banned\n|rule|OHKO Clause: OHKO moves are banned\n|rule|Evasion Moves Clause: Evasion moves are banned\n|rule|Evasion Items Clause: Evasion items are banned\n|rule|Species Clause: Limit one of each Pok\u00e9mon\n|rule|Sleep Clause Mod: Limit one foe put to sleep\n|rule|Mega Rayquaza Clause: You cannot mega evolve Rayquaza\n|clearpoke\n|poke|p1|Pikachu, M|\n|poke|p1|Dragonite, F|\n|poke|p1|Gengar, M|\n|poke|p1|Lucario, M|\n|poke|p1|Sirfetch\u2019d, M|\n|poke|p1|Dracovish|\n|poke|p2|Sinistcha|\n|poke|p2|Annihilape, F|\n|poke|p2|Basculegion, M|\n|poke|p2|Houndstone, M|\n|teampreview\n|c|\u2606KJ.nyc|glhf\n|inactive|Battle timer is ON: inactive players will automatically lose when time's up. (requested by KJ.nyc)\n|\n|t:|1698712083\n|start\n|switch|p1a: Dracovish|Dracovish|100\/100\n|switch|p2a: Sinistcha|Sinistcha|100\/100\n|turn|1\n|\n|t:|1698712111\n|-terastallize|p2a: Sinistcha|Grass\n|move|p1a: Dracovish|Crunch|p2a: Sinistcha\n|-damage|p2a: Sinistcha|44\/100\n|move|p2a: Sinistcha|Matcha Gotcha|p1a: Dracovish\n|-damage|p1a: Dracovish|4\/100\n|-heal|p2a: Sinistcha|99\/100|[from] drain|[of] p1a: Dracovish\n|\n|upkeep\n|turn|2\n|\n|t:|1698712119\n|switch|p1a: Dragonite|Dragonite, F|100\/100\n|move|p2a: Sinistcha|Matcha Gotcha|p1a: Dragonite\n|-resisted|p1a: Dragonite\n|-damage|p1a: Dragonite|90\/100\n|-heal|p2a: Sinistcha|100\/100|[from] drain|[of] p1a: Dragonite\n|\n|-heal|p1a: Dragonite|96\/100|[from] item: Leftovers\n|upkeep\n|turn|3\n|\n|t:|1698712128\n|switch|p2a: Annihilape|Annihilape, F|100\/100\n|move|p1a: Dragonite|Dragon Dance|p1a: Dragonite\n|-boost|p1a: Dragonite|atk|1\n|-boost|p1a: Dragonite|spe|1\n|-enditem|p2a: Annihilape|Mirror Herb\n|-boost|p2a: Annihilape|atk|1|[from] item: Mirror Herb\n|-boost|p2a: Annihilape|spe|1|[from] item: Mirror Herb\n|\n|-heal|p1a: Dragonite|100\/100|[from] item: Leftovers\n|upkeep\n|turn|4\n|\n|t:|1698712145\n|move|p2a: Annihilape|Acrobatics|p1a: Dragonite\n|-damage|p1a: Dragonite|79\/100\n|move|p1a: Dragonite|Hurricane|p2a: Annihilape\n|-supereffective|p2a: Annihilape\n|-damage|p2a: Annihilape|23\/100\n|-start|p2a: Annihilape|confusion\n|\n|-heal|p1a: Dragonite|85\/100|[from] item: Leftovers\n|upkeep\n|turn|5\n|\n|t:|1698712156\n|-activate|p2a: Annihilape|confusion\n|-damage|p2a: Annihilape|10\/100|[from] confusion\n|move|p1a: Dragonite|Dragon Dance|p1a: Dragonite\n|-boost|p1a: Dragonite|atk|1\n|-boost|p1a: Dragonite|spe|1\n|\n|-heal|p1a: Dragonite|91\/100|[from] item: Leftovers\n|upkeep\n|turn|6\n|\n|t:|1698712165\n|move|p1a: Dragonite|Dragon Claw|p2a: Annihilape\n|-damage|p2a: Annihilape|0 fnt\n|faint|p2a: Annihilape\n|\n|-heal|p1a: Dragonite|97\/100|[from] item: Leftovers\n|upkeep\n|\n|t:|1698712173\n|switch|p2a: Basculegion|Basculegion, M|100\/100\n|turn|7\n|\n|t:|1698712177\n|move|p1a: Dragonite|Dragon Claw|p2a: Basculegion\n|-damage|p2a: Basculegion|6\/100\n|-enditem|p2a: Basculegion|Salac Berry|[eat]\n|-boost|p2a: Basculegion|spe|1|[from] item: Salac Berry\n|move|p2a: Basculegion|Blizzard|p1a: Dragonite\n|-supereffective|p1a: Dragonite\n|-damage|p1a: Dragonite|13\/100\n|\n|-heal|p1a: Dragonite|19\/100|[from] item: Leftovers\n|upkeep\n|turn|8\n|-message|kyogr1414 forfeited.\n|\n|win|KJ.nyc\n|raw|KJ.nyc's rating: 1057 &rarr; <strong>1087<\/strong><br \/>(+30 for winning)\n|raw|kyogr1414's rating: 1043 &rarr; <strong>1027<\/strong><br \/>(-16 for losing)\n|l|\u2606kyogr1414\n|c|\u2606KJ.nyc|damn u bulk bitch\n|c|\u2606KJ.nyc|oh gg\n|c|\u2606KJ.nyc|lols\n","uploadtime":1698712191,"views":7,"p1id":"kjnyc","p2id":"kyogr1414","formatid":"gen9nationaldexubers","rating":1027,"private":0,"password":""}