{"id":"gen9nationaldexubers-1994495540","p1":"momfr","p2":"ArgenPolmerica","format":"[Gen 9] National Dex Ubers","log":"|j|\u2606momfr\n|j|\u2606ArgenPolmerica\n|t:|1700450663\n|gametype|singles\n|player|p1|momfr|265|1074\n|player|p2|ArgenPolmerica|101|1161\n|teamsize|p1|6\n|teamsize|p2|6\n|gen|9\n|tier|[Gen 9] National Dex Ubers\n|rated|\n|rule|HP Percentage Mod: HP is shown in percentages\n|rule|Endless Battle Clause: Forcing endless battles is banned\n|rule|OHKO Clause: OHKO moves are banned\n|rule|Evasion Moves Clause: Evasion moves are banned\n|rule|Evasion Items Clause: Evasion items are banned\n|rule|Species Clause: Limit one of each Pok\u00e9mon\n|rule|Sleep Clause Mod: Limit one foe put to sleep\n|rule|Mega Rayquaza Clause: You cannot mega evolve Rayquaza\n|clearpoke\n|poke|p1|Cottonee, L1, F|\n|poke|p1|Eiscue, M|\n|poke|p1|Heatran, M|\n|poke|p1|Groudon|\n|poke|p1|Iron Hands|\n|poke|p1|Deoxys-Defense|\n|poke|p2|Dragonite, M|\n|poke|p2|Dracovish|\n|poke|p2|Sirfetch\u2019d, M|\n|poke|p2|Gengar, F|\n|poke|p2|Lucario, F|\n|poke|p2|Pikachu, M|\n|teampreview\n|j| kung fu pokechu\n|j| Adamanzane\n|\n|t:|1700450681\n|start\n|switch|p1a: keknee|Cottonee, L1, F|100\/100\n|switch|p2a: Pikachu|Pikachu, M|100\/100\n|turn|1\n|\n|t:|1700450691\n|move|p1a: keknee|Leech Seed|p2a: Pikachu\n|-start|p2a: Pikachu|move: Leech Seed\n|move|p2a: Pikachu|Nuzzle|p1a: keknee\n|-resisted|p1a: keknee\n|-enditem|p1a: keknee|Focus Sash\n|-damage|p1a: keknee|10\/100\n|-status|p1a: keknee|par\n|\n|-damage|p2a: Pikachu|88\/100|[from] Leech Seed|[of] p1a: keknee\n|-heal|p1a: keknee|100\/100 par|[silent]\n|upkeep\n|turn|2\n|\n|t:|1700450702\n|move|p1a: keknee|Substitute|p1a: keknee\n|-start|p1a: keknee|Substitute\n|-damage|p1a: keknee|82\/100 par\n|move|p2a: Pikachu|Body Slam|p1a: keknee\n|-end|p1a: keknee|Substitute\n|\n|-damage|p2a: Pikachu|76\/100|[from] Leech Seed|[of] p1a: keknee\n|-heal|p1a: keknee|100\/100 par|[silent]\n|upkeep\n|turn|3\n|\n|t:|1700450715\n|cant|p1a: keknee|par\n|move|p2a: Pikachu|Body Slam|p1a: keknee\n|-damage|p1a: keknee|0 fnt\n|faint|p1a: keknee\n|\n|upkeep\n|\n|t:|1700450725\n|switch|p1a: Mega Man Reject|Iron Hands|100\/100\n|turn|4\n|\n|t:|1700450730\n|switch|p2a: Gengar|Gengar, F|100\/100\n|move|p1a: Mega Man Reject|Fake Out|p2a: Gengar\n|-immune|p2a: Gengar\n|\n|upkeep\n|turn|5\n|\n|t:|1700450737\n|move|p2a: Gengar|Nasty Plot|p2a: Gengar\n|-boost|p2a: Gengar|spa|2\n|move|p1a: Mega Man Reject|Wild Charge|p2a: Gengar\n|-damage|p2a: Gengar|0 fnt\n|faint|p2a: Gengar\n|-damage|p1a: Mega Man Reject|88\/100|[from] Recoil\n|\n|upkeep\n|\n|t:|1700450763\n|switch|p2a: Lucario|Lucario, F|100\/100\n|turn|6\n|\n|t:|1700450767\n|-end|p1a: Mega Man Reject|Quark Drive|[silent]\n|switch|p1a: Mr. Tickle|Deoxys-Defense|100\/100\n|-ability|p1a: Mr. Tickle|Pressure\n|detailschange|p2a: Lucario|Lucario-Mega, F\n|-mega|p2a: Lucario|Lucario|Lucarionite\n|move|p2a: Lucario|Aura Sphere|p1a: Mr. Tickle\n|-resisted|p1a: Mr. Tickle\n|-damage|p1a: Mr. Tickle|78\/100\n|\n|upkeep\n|turn|7\n|\n|t:|1700450776\n|move|p2a: Lucario|Nasty Plot|p2a: Lucario\n|-boost|p2a: Lucario|spa|2\n|move|p1a: Mr. Tickle|Cosmic Power|p1a: Mr. Tickle\n|-boost|p1a: Mr. Tickle|def|1\n|-boost|p1a: Mr. Tickle|spd|1\n|\n|upkeep\n|turn|8\n|j| mistahmerrikuu\n|\n|t:|1700450782\n|move|p2a: Lucario|Shadow Ball|p1a: Mr. Tickle\n|-supereffective|p1a: Mr. Tickle\n|-damage|p1a: Mr. Tickle|19\/100\n|move|p1a: Mr. Tickle|Wrap|p2a: Lucario\n|-resisted|p2a: Lucario\n|-damage|p2a: Lucario|99\/100\n|-activate|p2a: Lucario|move: Wrap|[of] p1a: Mr. Tickle\n|\n|-damage|p2a: Lucario|86\/100|[from] move: Wrap|[partiallytrapped]\n|upkeep\n|turn|9\n|\n|t:|1700450792\n|move|p2a: Lucario|Shadow Ball|p1a: Mr. Tickle\n|-supereffective|p1a: Mr. Tickle\n|-damage|p1a: Mr. Tickle|0 fnt\n|faint|p1a: Mr. Tickle\n|\n|-end|p2a: Lucario|Wrap|[partiallytrapped]|[silent]\n|upkeep\n|\n|t:|1700450798\n|switch|p1a: Mega Man Reject|Iron Hands|88\/100\n|turn|10\n|\n|t:|1700450804\n|move|p1a: Mega Man Reject|Fake Out|p2a: Lucario\n|-resisted|p2a: Lucario\n|-damage|p2a: Lucario|76\/100\n|cant|p2a: Lucario|flinch\n|\n|upkeep\n|turn|11\n|\n|t:|1700450809\n|move|p2a: Lucario|Aura Sphere|p1a: Mega Man Reject\n|-damage|p1a: Mega Man Reject|13\/100\n|move|p1a: Mega Man Reject|Drain Punch|p2a: Lucario\n|-supereffective|p2a: Lucario\n|-damage|p2a: Lucario|0 fnt\n|-heal|p1a: Mega Man Reject|34\/100|[from] drain|[of] p2a: Lucario\n|faint|p2a: Lucario\n|\n|upkeep\n|\n|t:|1700450818\n|switch|p2a: Pikachu|Pikachu, M|76\/100\n|turn|12\n|\n|t:|1700450826\n|move|p2a: Pikachu|Volt Tackle|p1a: Mega Man Reject\n|-resisted|p1a: Mega Man Reject\n|-damage|p1a: Mega Man Reject|10\/100\n|-damage|p2a: Pikachu|56\/100|[from] Recoil\n|move|p1a: Mega Man Reject|Drain Punch|p2a: Pikachu\n|-damage|p2a: Pikachu|0 fnt\n|-heal|p1a: Mega Man Reject|21\/100|[from] drain|[of] p2a: Pikachu\n|faint|p2a: Pikachu\n|\n|upkeep\n|\n|t:|1700450835\n|switch|p2a: Dragonite|Dragonite, M|100\/100\n|turn|13\n|\n|t:|1700450844\n|move|p2a: Dragonite|Dragon Dance|p2a: Dragonite\n|-boost|p2a: Dragonite|atk|1\n|-boost|p2a: Dragonite|spe|1\n|move|p1a: Mega Man Reject|Ice Punch|p2a: Dragonite\n|-supereffective|p2a: Dragonite\n|-crit|p2a: Dragonite\n|-damage|p2a: Dragonite|0 fnt\n|faint|p2a: Dragonite\n|\n|upkeep\n|\n|t:|1700450850\n|switch|p2a: Sirfetch\u2019d|Sirfetch\u2019d, M|100\/100\n|turn|14\n|\n|t:|1700450856\n|move|p2a: Sirfetch\u2019d|First Impression|p1a: Mega Man Reject\n|-resisted|p1a: Mega Man Reject\n|-damage|p1a: Mega Man Reject|10\/100\n|move|p1a: Mega Man Reject|Wild Charge|p2a: Sirfetch\u2019d\n|-crit|p2a: Sirfetch\u2019d\n|-damage|p2a: Sirfetch\u2019d|0 fnt\n|faint|p2a: Sirfetch\u2019d\n|-damage|p1a: Mega Man Reject|0 fnt|[from] Recoil\n|faint|p1a: Mega Man Reject\n|-end|p1a: Mega Man Reject|Quark Drive|[silent]\n|\n|upkeep\n|-message|ArgenPolmerica forfeited.\n|\n|win|momfr\n|raw|momfr's rating: 1074 &rarr; <strong>1110<\/strong><br \/>(+36 for winning)\n|raw|ArgenPolmerica's rating: 1161 &rarr; <strong>1130<\/strong><br \/>(-31 for losing)\n|l|\u2606ArgenPolmerica\n","uploadtime":1700450869,"views":3,"p1id":"momfr","p2id":"argenpolmerica","formatid":"gen9nationaldexubers","rating":1110,"private":0,"password":""}