{"id":"gen9nationaldexubers-1990907157","p1":"Goomba33000","p2":"zBr0wserPh3lps","format":"[Gen 9] National Dex Ubers","log":"|j|\u2606Goomba33000\n|j|\u2606zBr0wserPh3lps\n|t:|1700013752\n|gametype|singles\n|player|p1|Goomba33000|lucas|1000\n|player|p2|zBr0wserPh3lps|101|1000\n|teamsize|p1|6\n|teamsize|p2|6\n|gen|9\n|tier|[Gen 9] National Dex Ubers\n|rated|\n|rule|HP Percentage Mod: HP is shown in percentages\n|rule|Endless Battle Clause: Forcing endless battles is banned\n|rule|OHKO Clause: OHKO moves are banned\n|rule|Evasion Moves Clause: Evasion moves are banned\n|rule|Evasion Items Clause: Evasion items are banned\n|rule|Species Clause: Limit one of each Pok\u00e9mon\n|rule|Sleep Clause Mod: Limit one foe put to sleep\n|rule|Mega Rayquaza Clause: You cannot mega evolve Rayquaza\n|clearpoke\n|poke|p1|Dragalge, F|\n|poke|p1|Forretress, M|\n|poke|p1|Banette, F|\n|poke|p1|Galvantula, M|\n|poke|p1|Gholdengo|\n|poke|p1|Kingambit, M|\n|poke|p2|Dugtrio, M|\n|poke|p2|Mew|\n|poke|p2|Rotom-Wash|\n|poke|p2|Ferrothorn, F|\n|poke|p2|Cinderace, M|\n|poke|p2|Galvantula, F|\n|teampreview\n|\n|t:|1700013761\n|start\n|switch|p1a: Galvantula|Galvantula, M, shiny|100\/100\n|switch|p2a: Dugtrio|Dugtrio, M|100\/100\n|turn|1\n|\n|t:|1700013773\n|move|p2a: Dugtrio|Memento|p1a: Galvantula\n|-unboost|p1a: Galvantula|atk|2\n|-unboost|p1a: Galvantula|spa|2\n|faint|p2a: Dugtrio\n|move|p1a: Galvantula|Sticky Web|p2: Dugtrio\n|-sidestart|p2: zBr0wserPh3lps|move: Sticky Web\n|\n|upkeep\n|\n|t:|1700013780\n|switch|p2a: Galvantula|Galvantula, F|100\/100\n|turn|2\n|\n|t:|1700013783\n|move|p1a: Galvantula|Volt Switch|p2a: Galvantula\n|-resisted|p2a: Galvantula\n|-damage|p2a: Galvantula|88\/100\n|\n|t:|1700013790\n|switch|p1a: Forretress|Forretress, M, shiny|100\/100|[from] Volt Switch\n|move|p2a: Galvantula|Sticky Web|p1a: Forretress\n|-sidestart|p1: Goomba33000|move: Sticky Web\n|\n|upkeep\n|turn|3\n|\n|t:|1700013795\n|switch|p2a: Mew|Mew|100\/100\n|-activate|p2a: Mew|move: Sticky Web\n|-unboost|p2a: Mew|spe|1\n|move|p1a: Forretress|Toxic|p2a: Mew|[miss]\n|-miss|p1a: Forretress|p2a: Mew\n|\n|upkeep\n|turn|4\n|\n|t:|1700013804\n|move|p2a: Mew|Cosmic Power|p2a: Mew\n|-boost|p2a: Mew|def|1\n|-boost|p2a: Mew|spd|1\n|move|p1a: Forretress|Rapid Spin|p2a: Mew\n|-damage|p2a: Mew|96\/100\n|-boost|p1a: Forretress|spe|1\n|-sideend|p1: Goomba33000|Sticky Web|[from] move: Rapid Spin|[of] p1a: Forretress\n|\n|-heal|p2a: Mew|100\/100|[from] item: Leftovers\n|upkeep\n|turn|5\n|\n|t:|1700013813\n|move|p2a: Mew|Cosmic Power|p2a: Mew\n|-boost|p2a: Mew|def|1\n|-boost|p2a: Mew|spd|1\n|move|p1a: Forretress|Toxic|p2a: Mew\n|-status|p2a: Mew|tox\n|-activate|p2a: Mew|ability: Synchronize\n|-immune|p1a: Forretress\n|\n|-damage|p2a: Mew|94\/100 tox|[from] psn\n|upkeep\n|turn|6\n|\n|t:|1700013822\n|move|p2a: Mew|Cosmic Power|p2a: Mew\n|-boost|p2a: Mew|def|1\n|-boost|p2a: Mew|spd|1\n|move|p1a: Forretress|Spikes|p2a: Mew\n|-sidestart|p2: zBr0wserPh3lps|Spikes\n|\n|-heal|p2a: Mew|100\/100 tox|[from] item: Leftovers\n|-damage|p2a: Mew|88\/100 tox|[from] psn\n|upkeep\n|turn|7\n|\n|t:|1700013830\n|move|p2a: Mew|Cosmic Power|p2a: Mew\n|-boost|p2a: Mew|def|1\n|-boost|p2a: Mew|spd|1\n|move|p1a: Forretress|Spikes|p2a: Mew\n|-sidestart|p2: zBr0wserPh3lps|Spikes\n|\n|-heal|p2a: Mew|94\/100 tox|[from] item: Leftovers\n|-damage|p2a: Mew|76\/100 tox|[from] psn\n|upkeep\n|turn|8\n|inactive|Battle timer is ON: inactive players will automatically lose when time's up. (requested by Goomba33000)\n|\n|t:|1700013859\n|move|p2a: Mew|Cosmic Power|p2a: Mew\n|-boost|p2a: Mew|def|1\n|-boost|p2a: Mew|spd|1\n|move|p1a: Forretress|Volt Switch|p2a: Mew\n|-damage|p2a: Mew|73\/100 tox\n|\n|t:|1700013865\n|switch|p1a: Banette|Banette, F|100\/100|[from] Volt Switch\n|-item|p2a: Mew|Leftovers|[from] ability: Frisk|[of] p1a: Banette|[identify]\n|\n|-heal|p2a: Mew|79\/100 tox|[from] item: Leftovers\n|-damage|p2a: Mew|54\/100 tox|[from] psn\n|upkeep\n|turn|9\n|\n|t:|1700013874\n|detailschange|p1a: Banette|Banette-Mega, F\n|-mega|p1a: Banette|Banette|Banettite\n|move|p1a: Banette|Shadow Claw|p2a: Mew\n|-supereffective|p2a: Mew\n|-damage|p2a: Mew|33\/100 tox\n|move|p2a: Mew|Rest|p2a: Mew\n|-status|p2a: Mew|slp|[from] move: Rest\n|-heal|p2a: Mew|100\/100 slp|[silent]\n|\n|upkeep\n|turn|10\n|\n|t:|1700013884\n|switch|p1a: Kingambit|Kingambit, M|100\/100\n|cant|p2a: Mew|slp\n|\n|upkeep\n|turn|11\n|\n|t:|1700013888\n|cant|p2a: Mew|slp\n|move|p1a: Kingambit|Swords Dance|p1a: Kingambit\n|-boost|p1a: Kingambit|atk|2\n|\n|upkeep\n|turn|12\n|\n|t:|1700013896\n|-curestatus|p2a: Mew|slp|[msg]\n|move|p2a: Mew|Cosmic Power|p2a: Mew\n|-boost|p2a: Mew|def|1\n|-boost|p2a: Mew|spd|1\n|move|p1a: Kingambit|Swords Dance|p1a: Kingambit\n|-boost|p1a: Kingambit|atk|2\n|\n|upkeep\n|turn|13\n|\n|t:|1700013903\n|move|p2a: Mew|Stored Power|p1a: Kingambit\n|-immune|p1a: Kingambit\n|move|p1a: Kingambit|Swords Dance|p1a: Kingambit\n|-boost|p1a: Kingambit|atk|2\n|\n|upkeep\n|turn|14\n|-message|zBr0wserPh3lps forfeited.\n|\n|win|Goomba33000\n|raw|Goomba33000's rating: 1000 &rarr; <strong>1040<\/strong><br \/>(+40 for winning)\n|raw|zBr0wserPh3lps's rating: 1000 &rarr; <strong>1000<\/strong><br \/>(+0 for losing)\n|l|\u2606zBr0wserPh3lps\n","uploadtime":1700013913,"views":7,"p1id":"goomba33000","p2id":"zbr0wserph3lps","formatid":"gen9nationaldexubers","rating":1000,"private":0,"password":""}