{"id":"gen9nationaldexubers-1983702344","p1":"luna242","p2":"AerixThorn","format":"[Gen 9] National Dex Ubers","log":"|j|\u2606luna242\n|j|\u2606AerixThorn\n|t:|1699163586\n|gametype|singles\n|player|p1|luna242|2|1094\n|player|p2|AerixThorn|pryce|1125\n|teamsize|p1|6\n|teamsize|p2|6\n|gen|9\n|tier|[Gen 9] National Dex Ubers\n|rated|\n|rule|HP Percentage Mod: HP is shown in percentages\n|rule|Endless Battle Clause: Forcing endless battles is banned\n|rule|OHKO Clause: OHKO moves are banned\n|rule|Evasion Moves Clause: Evasion moves are banned\n|rule|Evasion Items Clause: Evasion items are banned\n|rule|Species Clause: Limit one of each Pok\u00e9mon\n|rule|Sleep Clause Mod: Limit one foe put to sleep\n|rule|Mega Rayquaza Clause: You cannot mega evolve Rayquaza\n|clearpoke\n|poke|p1|Xerneas-*|\n|poke|p1|Charizard, F|\n|poke|p1|Zacian-*|\n|poke|p1|Durant, F|\n|poke|p1|Ogerpon-Hearthflame, F|\n|poke|p1|Iron Hands|\n|poke|p2|Aurorus, M|\n|poke|p2|Maushold|\n|poke|p2|Forretress, F|\n|poke|p2|Magearna|\n|poke|p2|Galvantula, F|\n|poke|p2|Darmanitan-Galar, F|\n|teampreview\n|inactive|Battle timer is ON: inactive players will automatically lose when time's up. (requested by AerixThorn)\n|\n|t:|1699163591\n|start\n|switch|p1a: Ogerpon|Ogerpon-Hearthflame, F|100\/100\n|switch|p2a: Galvantula|Galvantula, F|100\/100\n|-ability|p1a: Ogerpon|Mold Breaker\n|turn|1\n|\n|t:|1699163598\n|move|p1a: Ogerpon|Ivy Cudgel|p2a: Galvantula\n|-supereffective|p2a: Galvantula\n|-enditem|p2a: Galvantula|Focus Sash\n|-damage|p2a: Galvantula|1\/100\n|move|p2a: Galvantula|Thunder Wave|p1a: Ogerpon\n|-status|p1a: Ogerpon|par\n|\n|upkeep\n|turn|2\n|\n|t:|1699163605\n|move|p2a: Galvantula|Sticky Web|p1a: Ogerpon\n|-sidestart|p1: luna242|move: Sticky Web\n|move|p1a: Ogerpon|Ivy Cudgel|p2a: Galvantula\n|-supereffective|p2a: Galvantula\n|-crit|p2a: Galvantula\n|-damage|p2a: Galvantula|0 fnt\n|faint|p2a: Galvantula\n|\n|upkeep\n|\n|t:|1699163610\n|switch|p2a: Forretress|Forretress, F|100\/100\n|turn|3\n|\n|t:|1699163612\n|cant|p1a: Ogerpon|par\n|move|p2a: Forretress|Stealth Rock|p1a: Ogerpon\n|-sidestart|p1: luna242|move: Stealth Rock\n|\n|upkeep\n|turn|4\n|\n|t:|1699163620\n|move|p1a: Ogerpon|Ivy Cudgel|p2a: Forretress\n|-supereffective|p2a: Forretress\n|-damage|p2a: Forretress|0 fnt\n|faint|p2a: Forretress\n|\n|upkeep\n|\n|t:|1699163631\n|switch|p2a: Aurorus|Aurorus, M|100\/100\n|-weather|Snow|[from] ability: Snow Warning|[of] p2a: Aurorus\n|turn|5\n|\n|t:|1699163636\n|cant|p1a: Ogerpon|par\n|move|p2a: Aurorus|Aurora Veil|p2a: Aurorus\n|-sidestart|p2: AerixThorn|move: Aurora Veil\n|\n|-weather|Snow|[upkeep]\n|upkeep\n|turn|6\n|\n|t:|1699163641\n|move|p1a: Ogerpon|Sunny Day|p1a: Ogerpon\n|-weather|SunnyDay\n|move|p2a: Aurorus|Reflect|p2a: Aurorus\n|-sidestart|p2: AerixThorn|Reflect\n|\n|-weather|SunnyDay|[upkeep]\n|upkeep\n|turn|7\n|\n|t:|1699163647\n|move|p1a: Ogerpon|Ivy Cudgel|p2a: Aurorus\n|-crit|p2a: Aurorus\n|-enditem|p2a: Aurorus|Focus Sash\n|-damage|p2a: Aurorus|1\/100\n|move|p2a: Aurorus|Light Screen|p2a: Aurorus\n|-sidestart|p2: AerixThorn|move: Light Screen\n|\n|-weather|SunnyDay|[upkeep]\n|upkeep\n|turn|8\n|\n|t:|1699163656\n|move|p1a: Ogerpon|Ivy Cudgel|p2a: Aurorus\n|-crit|p2a: Aurorus\n|-damage|p2a: Aurorus|0 fnt\n|faint|p2a: Aurorus\n|\n|-weather|SunnyDay|[upkeep]\n|upkeep\n|\n|t:|1699163659\n|switch|p2a: Magearna|Magearna|100\/100\n|turn|9\n|\n|t:|1699163663\n|move|p1a: Ogerpon|Ivy Cudgel|p2a: Magearna\n|-supereffective|p2a: Magearna\n|-damage|p2a: Magearna|26\/100\n|-enditem|p2a: Magearna|Weakness Policy\n|-boost|p2a: Magearna|atk|2|[from] item: Weakness Policy\n|-boost|p2a: Magearna|spa|2|[from] item: Weakness Policy\n|move|p2a: Magearna|Shift Gear|p2a: Magearna\n|-boost|p2a: Magearna|spe|2\n|-boost|p2a: Magearna|atk|1\n|\n|-weather|SunnyDay|[upkeep]\n|-sideend|p2: AerixThorn|move: Aurora Veil\n|upkeep\n|turn|10\n|\n|t:|1699163674\n|move|p2a: Magearna|Stored Power|p1a: Ogerpon\n|-damage|p1a: Ogerpon|0 fnt\n|faint|p1a: Ogerpon\n|-ability|p2a: Magearna|Soul-Heart|boost\n|-boost|p2a: Magearna|spa|1\n|\n|-weather|none\n|-sideend|p2: AerixThorn|Reflect\n|upkeep\n|c|\u2606luna242|im dead\n|\n|t:|1699163682\n|switch|p1a: Zacian|Zacian-Crowned|100\/100\n|-activate|p1a: Zacian|move: Sticky Web\n|-unboost|p1a: Zacian|spe|1\n|-damage|p1a: Zacian|94\/100|[from] Stealth Rock\n|-ability|p1a: Zacian|Intrepid Sword|boost\n|-boost|p1a: Zacian|atk|1\n|turn|11\n|\n|t:|1699163693\n|move|p2a: Magearna|Stored Power|p1a: Zacian\n|-resisted|p1a: Zacian\n|-damage|p1a: Zacian|11\/100\n|move|p1a: Zacian|Crunch|p2a: Magearna\n|-resisted|p2a: Magearna\n|-damage|p2a: Magearna|6\/100\n|\n|-sideend|p2: AerixThorn|move: Light Screen\n|upkeep\n|turn|12\n|\n|t:|1699163702\n|move|p2a: Magearna|Stored Power|p1a: Zacian\n|-resisted|p1a: Zacian\n|-damage|p1a: Zacian|0 fnt\n|faint|p1a: Zacian\n|-ability|p2a: Magearna|Soul-Heart|boost\n|-boost|p2a: Magearna|spa|1\n|\n|upkeep\n|\n|t:|1699163708\n|switch|p1a: Charizard|Charizard, F|100\/100\n|-damage|p1a: Charizard|51\/100|[from] Stealth Rock\n|turn|13\n|\n|t:|1699163716\n|move|p2a: Magearna|Stored Power|p1a: Charizard\n|-damage|p1a: Charizard|0 fnt\n|faint|p1a: Charizard\n|-ability|p2a: Magearna|Soul-Heart|boost\n|-boost|p2a: Magearna|spa|1\n|\n|upkeep\n|c|\u2606luna242|i hate life\n|l|\u2606luna242\n|inactive|luna242 disconnected and has a minute to reconnect!\n|player|p1|\n|inactive|luna242 has 30 seconds to reconnect!\n|inactive|luna242 has 20 seconds to reconnect!\n|inactive|luna242 has 15 seconds to reconnect!\n|inactive|luna242 has 10 seconds to reconnect!\n|inactive|luna242 has 5 seconds to reconnect!\n|-message|luna242 lost due to inactivity.\n|\n|win|AerixThorn\n|raw|luna242's rating: 1094 &rarr; <strong>1072<\/strong><br \/>(-22 for losing)\n|raw|AerixThorn's rating: 1125 &rarr; <strong>1148<\/strong><br \/>(+23 for winning)\n","uploadtime":1699163799,"views":14,"p1id":"luna242","p2id":"aerixthorn","formatid":"gen9nationaldexubers","rating":1072,"private":0,"password":""}