{"id":"gen9nationaldexubers-1996239771","p1":"SCARCITY25","p2":"Ginesect","format":"[Gen 9] National Dex Ubers","log":"|j|\u2606SCARCITY25\n|j|\u2606Ginesect\n|t:|1700662886\n|gametype|singles\n|player|p1|SCARCITY25|cynthia-gen4|\n|player|p2|Ginesect|cynthia|\n|teamsize|p1|6\n|teamsize|p2|6\n|gen|9\n|tier|[Gen 9] National Dex Ubers\n|rule|HP Percentage Mod: HP is shown in percentages\n|rule|Endless Battle Clause: Forcing endless battles is banned\n|rule|OHKO Clause: OHKO moves are banned\n|rule|Evasion Moves Clause: Evasion moves are banned\n|rule|Evasion Items Clause: Evasion items are banned\n|rule|Species Clause: Limit one of each Pok\u00e9mon\n|rule|Sleep Clause Mod: Limit one foe put to sleep\n|rule|Mega Rayquaza Clause: You cannot mega evolve Rayquaza\n|clearpoke\n|poke|p1|Iron Valiant|\n|poke|p1|Tapu Koko|\n|poke|p1|Urshifu-*, M|\n|poke|p1|Corviknight, F|\n|poke|p1|Garchomp, M|\n|poke|p1|Rotom-Wash|\n|poke|p2|Ninetales-Alola, M|\n|poke|p2|Baxcalibur, M|\n|poke|p2|Iron Bundle|\n|poke|p2|Eiscue, M|\n|poke|p2|Arctozolt|\n|poke|p2|Gliscor, M|\n|teampreview\n|c|\u2606SCARCITY25|ghlf\n|c|\u2606Ginesect|Glhf\n|\n|t:|1700662926\n|start\n|switch|p1a: Garchomp|Garchomp, M|100\/100\n|switch|p2a: Gliscor|Gliscor, M|100\/100\n|turn|1\n|c|\u2606Ginesect|i forgot to set tera type on my glisc lol\n|c|\u2606Ginesect|But it's alright\n|\n|t:|1700662939\n|move|p1a: Garchomp|Stealth Rock|p2a: Gliscor\n|-sidestart|p2: Ginesect|move: Stealth Rock\n|move|p2a: Gliscor|Stealth Rock|p1a: Garchomp\n|-sidestart|p1: SCARCITY25|move: Stealth Rock\n|\n|-status|p2a: Gliscor|tox|[from] item: Toxic Orb\n|upkeep\n|turn|2\n|c|\u2606SCARCITY25|we can restart\n|\n|t:|1700662944\n|move|p1a: Garchomp|Swords Dance|p1a: Garchomp\n|-boost|p1a: Garchomp|atk|2\n|move|p2a: Gliscor|Earthquake|p1a: Garchomp\n|-damage|p1a: Garchomp|66\/100\n|\n|upkeep\n|turn|3\n|\n|t:|1700662952\n|move|p1a: Garchomp|Stone Edge|p2a: Gliscor\n|-damage|p2a: Gliscor|57\/100 tox\n|move|p2a: Gliscor|Earthquake|p1a: Garchomp\n|-damage|p1a: Garchomp|32\/100\n|\n|-heal|p2a: Gliscor|69\/100 tox|[from] ability: Poison Heal\n|upkeep\n|turn|4\n|c|\u2606Ginesect|Nah\n|c|\u2606Ginesect|Np\n|\n|t:|1700662980\n|move|p1a: Garchomp|Swords Dance|p1a: Garchomp\n|-boost|p1a: Garchomp|atk|2\n|move|p2a: Gliscor|Defog|p1a: Garchomp\n|-unboost|p1a: Garchomp|evasion|1\n|-sideend|p1: SCARCITY25|Stealth Rock|[from] move: Defog|[of] p2a: Gliscor\n|-sideend|p2: Ginesect|Stealth Rock|[from] move: Defog|[of] p2a: Gliscor\n|\n|-heal|p2a: Gliscor|82\/100 tox|[from] ability: Poison Heal\n|upkeep\n|turn|5\n|\n|t:|1700662985\n|move|p1a: Garchomp|Stealth Rock|p2a: Gliscor\n|-sidestart|p2: Ginesect|move: Stealth Rock\n|move|p2a: Gliscor|Earthquake|p1a: Garchomp\n|-damage|p1a: Garchomp|0 fnt\n|faint|p1a: Garchomp\n|\n|-heal|p2a: Gliscor|94\/100 tox|[from] ability: Poison Heal\n|upkeep\n|c|\u2606Ginesect|Weird ass set lmao\n|c|\u2606SCARCITY25|its sash lead i didnt expect scor\n|\n|t:|1700663015\n|switch|p1a: Rotom|Rotom-Wash|100\/100\n|turn|6\n|\n|t:|1700663023\n|-terastallize|p1a: Rotom|Steel\n|move|p2a: Gliscor|Defog|p1a: Rotom\n|-unboost|p1a: Rotom|evasion|1\n|-sideend|p2: Ginesect|Stealth Rock|[from] move: Defog|[of] p2a: Gliscor\n|move|p1a: Rotom|Hydro Pump|p2a: Gliscor\n|-supereffective|p2a: Gliscor\n|-damage|p2a: Gliscor|2\/100 tox\n|\n|-heal|p2a: Gliscor|15\/100 tox|[from] ability: Poison Heal\n|upkeep\n|turn|7\n|c|\u2606SCARCITY25|wait why do u take so much\n|\n|t:|1700663040\n|move|p2a: Gliscor|Protect|p2a: Gliscor\n|-singleturn|p2a: Gliscor|Protect\n|move|p1a: Rotom|Hydro Pump|p2a: Gliscor\n|-activate|p2a: Gliscor|move: Protect\n|\n|-heal|p2a: Gliscor|27\/100 tox|[from] ability: Poison Heal\n|upkeep\n|turn|8\n|\n|t:|1700663051\n|switch|p2a: Ninetales|Ninetales-Alola, M|100\/100\n|-weather|Snow|[from] ability: Snow Warning|[of] p2a: Ninetales\n|move|p1a: Rotom|Hydro Pump|p2a: Ninetales\n|-crit|p2a: Ninetales\n|-damage|p2a: Ninetales|30\/100\n|\n|-weather|Snow|[upkeep]\n|upkeep\n|turn|9\n|c|\u2606Ginesect|Insane crit\n|\n|t:|1700663071\n|move|p2a: Ninetales|Aurora Veil|p2a: Ninetales\n|-sidestart|p2: Ginesect|move: Aurora Veil\n|move|p1a: Rotom|Volt Switch|p2a: Ninetales\n|-crit|p2a: Ninetales\n|-damage|p2a: Ninetales|0 fnt\n|faint|p2a: Ninetales\n|c|\u2606Ginesect|Wtf\n|c|\u2606SCARCITY25|mb\n|c|\u2606Ginesect|Lmaooo\n|c|\u2606Ginesect|lol\n|c|\u2606SCARCITY25|well that makes up for game 1 ig\n|\n|t:|1700663090\n|switch|p1a: Tapu Koko|Tapu Koko|100\/100|[from] Volt Switch\n|\n|-weather|Snow|[upkeep]\n|upkeep\n|c|\u2606Ginesect|Ye reverse hax\n|\n|t:|1700663118\n|switch|p2a: Baxcalibur|Baxcalibur, M|100\/100\n|turn|10\n|\n|t:|1700663122\n|move|p1a: Tapu Koko|Thunder Wave|p2a: Baxcalibur\n|-status|p2a: Baxcalibur|par\n|cant|p2a: Baxcalibur|par\n|\n|-weather|Snow|[upkeep]\n|upkeep\n|turn|11\n|c|\u2606Ginesect|Ah\n|c|\u2606Ginesect|I seee\n|c|\u2606Ginesect|You've come prepped\n|\n|t:|1700663138\n|move|p1a: Tapu Koko|U-turn|p2a: Baxcalibur\n|-crit|p2a: Baxcalibur\n|-damage|p2a: Baxcalibur|85\/100 par\n|c|\u2606SCARCITY25|yeah\n|\n|t:|1700663150\n|switch|p1a: Corviknight|Corviknight, F|100\/100|[from] U-turn\n|-ability|p1a: Corviknight|Pressure\n|cant|p2a: Baxcalibur|par\n|\n|-weather|Snow|[upkeep]\n|upkeep\n|turn|12\n|\n|t:|1700663171\n|switch|p2a: Arctozolt|Arctozolt|100\/100\n|move|p1a: Corviknight|Defog|p2a: Arctozolt\n|-unboost|p2a: Arctozolt|evasion|1\n|-sideend|p2: Ginesect|move: Aurora Veil\n|\n|-weather|Snow|[upkeep]\n|upkeep\n|turn|13\n|\n|t:|1700663186\n|switch|p1a: Tapu Koko|Tapu Koko|100\/100\n|move|p2a: Arctozolt|Bolt Beak|p1a: Tapu Koko\n|-resisted|p1a: Tapu Koko\n|-damage|p1a: Tapu Koko|37\/100\n|-enditem|p1a: Tapu Koko|Sitrus Berry|[eat]\n|-heal|p1a: Tapu Koko|62\/100|[from] item: Sitrus Berry\n|-damage|p2a: Arctozolt|91\/100|[from] item: Life Orb\n|\n|-weather|Snow|[upkeep]\n|upkeep\n|turn|14\n|\n|t:|1700663201\n|move|p2a: Arctozolt|Bolt Beak|p1a: Tapu Koko\n|-resisted|p1a: Tapu Koko\n|-damage|p1a: Tapu Koko|0 fnt\n|faint|p1a: Tapu Koko\n|-damage|p2a: Arctozolt|81\/100|[from] item: Life Orb\n|\n|-weather|Snow|[upkeep]\n|upkeep\n|\n|t:|1700663264\n|switch|p1a: Urshifu|Urshifu, M|100\/100\n|turn|15\n|\n|t:|1700663279\n|-terastallize|p2a: Arctozolt|Electric\n|move|p1a: Urshifu|Wicked Blow|p2a: Arctozolt\n|-crit|p2a: Arctozolt\n|-damage|p2a: Arctozolt|17\/100\n|move|p2a: Arctozolt|Bolt Beak|p1a: Urshifu\n|-damage|p1a: Urshifu|32\/100\n|-damage|p2a: Arctozolt|7\/100|[from] item: Life Orb\n|\n|-weather|none\n|upkeep\n|turn|16\n|c|\u2606Ginesect|Damn\n|\n|t:|1700663301\n|move|p1a: Urshifu|Wicked Blow|p2a: Arctozolt\n|-crit|p2a: Arctozolt\n|-damage|p2a: Arctozolt|0 fnt\n|faint|p2a: Arctozolt\n|\n|upkeep\n|\n|t:|1700663340\n|switch|p2a: Eiscue|Eiscue, M|100\/100\n|turn|17\n|\n|t:|1700663362\n|switch|p1a: Rotom|Rotom-Wash, tera:Steel|100\/100\n|move|p2a: Eiscue|Ice Spinner|p1a: Rotom\n|-resisted|p1a: Rotom\n|-damage|p1a: Rotom|85\/100\n|\n|-heal|p1a: Rotom|91\/100|[from] item: Leftovers\n|upkeep\n|turn|18\n|\n|t:|1700663376\n|switch|p2a: Gliscor|Gliscor, M|27\/100 tox\n|move|p1a: Rotom|Volt Switch|p2a: Gliscor\n|-immune|p2a: Gliscor\n|\n|-heal|p1a: Rotom|97\/100|[from] item: Leftovers\n|-heal|p2a: Gliscor|39\/100 tox|[from] ability: Poison Heal\n|upkeep\n|turn|19\n|\n|t:|1700663388\n|switch|p2a: Baxcalibur|Baxcalibur, M|85\/100 par\n|move|p1a: Rotom|Volt Switch|p2a: Baxcalibur\n|-resisted|p2a: Baxcalibur\n|-damage|p2a: Baxcalibur|72\/100 par\n|\n|t:|1700663481\n|switch|p1a: Iron Valiant|Iron Valiant|100\/100|[from] Volt Switch\n|-enditem|p1a: Iron Valiant|Booster Energy\n|-activate|p1a: Iron Valiant|ability: Quark Drive|[fromitem]\n|-start|p1a: Iron Valiant|quarkdrivespe\n|\n|upkeep\n|turn|20\n|\n|t:|1700663490\n|move|p1a: Iron Valiant|Moonblast|p2a: Baxcalibur\n|-supereffective|p2a: Baxcalibur\n|-damage|p2a: Baxcalibur|0 fnt\n|faint|p2a: Baxcalibur\n|\n|upkeep\n|\n|t:|1700663502\n|switch|p2a: Eiscue|Eiscue, M|100\/100\n|turn|21\n|\n|t:|1700663515\n|switch|p2a: Iron Bundle|Iron Bundle|100\/100\n|move|p1a: Iron Valiant|Aura Sphere|p2a: Iron Bundle\n|-supereffective|p2a: Iron Bundle\n|-damage|p2a: Iron Bundle|0 fnt\n|faint|p2a: Iron Bundle\n|-end|p2a: Iron Bundle|Quark Drive|[silent]\n|\n|upkeep\n|c|\u2606Ginesect|Fuck\n|c|\u2606Ginesect|gg\n|c|\u2606SCARCITY25|gg\n|\n|t:|1700663526\n|switch|p2a: Eiscue|Eiscue, M|100\/100\n|turn|22\n|\n|t:|1700663531\n|move|p1a: Iron Valiant|Aura Sphere|p2a: Eiscue\n|-supereffective|p2a: Eiscue\n|-damage|p2a: Eiscue|2\/100\n|-enditem|p2a: Eiscue|Sitrus Berry|[eat]\n|-heal|p2a: Eiscue|27\/100|[from] item: Sitrus Berry\n|move|p2a: Eiscue|Iron Head|p1a: Iron Valiant\n|-supereffective|p1a: Iron Valiant\n|-damage|p1a: Iron Valiant|50\/100\n|\n|upkeep\n|turn|23\n|\n|t:|1700663537\n|move|p1a: Iron Valiant|Moonblast|p2a: Eiscue\n|-damage|p2a: Eiscue|0 fnt\n|faint|p2a: Eiscue\n|\n|upkeep\n|\n|t:|1700663549\n|switch|p2a: Gliscor|Gliscor, M|39\/100 tox\n|turn|24\n|l|\u2606Ginesect\n|player|p2|\n|j|\u2606Ginesect\n|player|p2|Ginesect|cynthia\n|\n|t:|1700663581\n|move|p1a: Iron Valiant|Calm Mind|p1a: Iron Valiant\n|-boost|p1a: Iron Valiant|spa|1\n|-boost|p1a: Iron Valiant|spd|1\n|move|p2a: Gliscor|Earthquake|p1a: Iron Valiant\n|-damage|p1a: Iron Valiant|3\/100\n|\n|-heal|p2a: Gliscor|52\/100 tox|[from] ability: Poison Heal\n|upkeep\n|turn|25\n|\n|t:|1700663584\n|move|p1a: Iron Valiant|Moonblast|p2a: Gliscor\n|-damage|p2a: Gliscor|0 fnt\n|faint|p2a: Gliscor\n|\n|win|SCARCITY25\n","uploadtime":1700663593,"views":1,"p1id":"scarcity25","p2id":"ginesect","formatid":"gen9nationaldexubers","rating":0,"private":0,"password":""}