{"id":"gen9nationaldexubers-1992634770","p1":"cutdihacker","p2":"FoodDude72","format":"[Gen 9] National Dex Ubers","log":"|j|\u2606cutdihacker\n|j|\u2606FoodDude72\n|t:|1700218145\n|gametype|singles\n|player|p1|cutdihacker|steven|1488\n|player|p2|FoodDude72|drayden|1412\n|teamsize|p1|6\n|teamsize|p2|6\n|gen|9\n|tier|[Gen 9] National Dex Ubers\n|rated|\n|rule|HP Percentage Mod: HP is shown in percentages\n|rule|Endless Battle Clause: Forcing endless battles is banned\n|rule|OHKO Clause: OHKO moves are banned\n|rule|Evasion Moves Clause: Evasion moves are banned\n|rule|Evasion Items Clause: Evasion items are banned\n|rule|Species Clause: Limit one of each Pok\u00e9mon\n|rule|Sleep Clause Mod: Limit one foe put to sleep\n|rule|Mega Rayquaza Clause: You cannot mega evolve Rayquaza\n|clearpoke\n|poke|p1|Zekrom|\n|poke|p1|Regieleki|\n|poke|p1|Iron Hands|\n|poke|p1|Tapu Koko|\n|poke|p1|Zapdos|\n|poke|p1|Thundurus, M|\n|poke|p2|Skarmory, M|\n|poke|p2|Lugia|\n|poke|p2|Hatterene, F|\n|poke|p2|Ursaluna-Bloodmoon, M|\n|poke|p2|Tinkaton, F|\n|poke|p2|Kingdra, F|\n|teampreview\n|inactive|Battle timer is ON: inactive players will automatically lose when time's up. (requested by FoodDude72)\n|\n|t:|1700218161\n|start\n|switch|p1a: Tapu Koko|Tapu Koko|100\/100\n|switch|p2a: Tinkaton|Tinkaton, F|100\/100\n|-fieldstart|move: Electric Terrain|[from] ability: Electric Surge|[of] p1a: Tapu Koko\n|-ability|p2a: Tinkaton|Mold Breaker\n|turn|1\n|\n|t:|1700218182\n|move|p1a: Tapu Koko|Taunt|p2a: Tinkaton\n|-start|p2a: Tinkaton|move: Taunt\n|move|p2a: Tinkaton|Knock Off|p1a: Tapu Koko\n|-resisted|p1a: Tapu Koko\n|-damage|p1a: Tapu Koko|90\/100\n|-enditem|p1a: Tapu Koko|Light Clay|[from] move: Knock Off|[of] p2a: Tinkaton\n|\n|upkeep\n|turn|2\n|\n|t:|1700218192\n|move|p1a: Tapu Koko|Reflect|p1a: Tapu Koko\n|-sidestart|p1: cutdihacker|Reflect\n|move|p2a: Tinkaton|Gigaton Hammer|p1a: Tapu Koko\n|-damage|p1a: Tapu Koko|68\/100\n|\n|upkeep\n|turn|3\n|\n|t:|1700218200\n|switch|p2a: Hatterene|Hatterene, F|100\/100\n|move|p1a: Tapu Koko|Light Screen|p1a: Tapu Koko\n|-sidestart|p1: cutdihacker|move: Light Screen\n|\n|upkeep\n|turn|4\n|\n|t:|1700218205\n|move|p1a: Tapu Koko|Nature's Madness|p2a: Hatterene\n|-damage|p2a: Hatterene|50\/100\n|move|p2a: Hatterene|Calm Mind|p2a: Hatterene\n|-boost|p2a: Hatterene|spa|1\n|-boost|p2a: Hatterene|spd|1\n|\n|upkeep\n|turn|5\n|\n|t:|1700218218\n|switch|p1a: Iron Hands|Iron Hands|100\/100\n|-activate|p1a: Iron Hands|ability: Quark Drive\n|-start|p1a: Iron Hands|quarkdriveatk\n|move|p2a: Hatterene|Calm Mind|p2a: Hatterene\n|-boost|p2a: Hatterene|spa|1\n|-boost|p2a: Hatterene|spd|1\n|\n|-fieldend|move: Electric Terrain\n|-end|p1a: Iron Hands|Quark Drive\n|upkeep\n|turn|6\n|\n|t:|1700218229\n|-terastallize|p2a: Hatterene|Fire\n|move|p1a: Iron Hands|Wild Charge|p2a: Hatterene\n|-damage|p2a: Hatterene|0 fnt\n|faint|p2a: Hatterene\n|-damage|p1a: Iron Hands|92\/100|[from] Recoil\n|\n|-sideend|p1: cutdihacker|Reflect\n|upkeep\n|\n|t:|1700218235\n|switch|p2a: Ursaluna|Ursaluna-Bloodmoon, M|100\/100\n|turn|7\n|\n|t:|1700218241\n|move|p2a: Ursaluna|Earth Power|p1a: Iron Hands\n|-supereffective|p1a: Iron Hands\n|-damage|p1a: Iron Hands|66\/100\n|move|p1a: Iron Hands|Drain Punch|p2a: Ursaluna\n|-supereffective|p2a: Ursaluna\n|-damage|p2a: Ursaluna|44\/100\n|-heal|p1a: Iron Hands|93\/100|[from] drain|[of] p2a: Ursaluna\n|-enditem|p2a: Ursaluna|Sitrus Berry|[eat]\n|-heal|p2a: Ursaluna|69\/100|[from] item: Sitrus Berry\n|\n|-sideend|p1: cutdihacker|move: Light Screen\n|upkeep\n|turn|8\n|\n|t:|1700218253\n|move|p2a: Ursaluna|Earth Power|p1a: Iron Hands\n|-supereffective|p1a: Iron Hands\n|-crit|p1a: Iron Hands\n|-damage|p1a: Iron Hands|16\/100\n|move|p1a: Iron Hands|Drain Punch|p2a: Ursaluna\n|-supereffective|p2a: Ursaluna\n|-damage|p2a: Ursaluna|10\/100\n|-heal|p1a: Iron Hands|44\/100|[from] drain|[of] p2a: Ursaluna\n|\n|upkeep\n|turn|9\n|\n|t:|1700218267\n|-end|p1a: Iron Hands|Quark Drive|[silent]\n|switch|p1a: Thundurus|Thundurus, M|100\/100\n|move|p2a: Ursaluna|Earth Power|p1a: Thundurus\n|-immune|p1a: Thundurus\n|\n|upkeep\n|turn|10\n|\n|t:|1700218276\n|switch|p2a: Tinkaton|Tinkaton, F|100\/100\n|-ability|p2a: Tinkaton|Mold Breaker\n|move|p1a: Thundurus|Electric Terrain|p1a: Thundurus\n|-fieldstart|move: Electric Terrain\n|\n|upkeep\n|turn|11\n|\n|t:|1700218285\n|move|p1a: Thundurus|Thunder Wave|p2a: Tinkaton\n|-status|p2a: Tinkaton|par\n|move|p2a: Tinkaton|Knock Off|p1a: Thundurus\n|-damage|p1a: Thundurus|85\/100\n|-enditem|p1a: Thundurus|Sitrus Berry|[from] move: Knock Off|[of] p2a: Tinkaton\n|\n|upkeep\n|turn|12\n|\n|t:|1700218293\n|move|p1a: Thundurus|Wildbolt Storm|p2a: Tinkaton\n|-damage|p2a: Tinkaton|68\/100 par\n|cant|p2a: Tinkaton|par\n|\n|-heal|p2a: Tinkaton|74\/100 par|[from] item: Leftovers\n|upkeep\n|turn|13\n|\n|t:|1700218305\n|switch|p1a: Iron Hands|Iron Hands|44\/100\n|-activate|p1a: Iron Hands|ability: Quark Drive\n|-start|p1a: Iron Hands|quarkdriveatk\n|switch|p2a: Ursaluna|Ursaluna-Bloodmoon, M|10\/100\n|\n|upkeep\n|turn|14\n|\n|t:|1700218314\n|move|p2a: Ursaluna|Earth Power|p1a: Iron Hands\n|-supereffective|p1a: Iron Hands\n|-damage|p1a: Iron Hands|0 fnt\n|faint|p1a: Iron Hands\n|-end|p1a: Iron Hands|Quark Drive|[silent]\n|\n|-fieldend|move: Electric Terrain\n|upkeep\n|\n|t:|1700218321\n|switch|p1a: Thundurus|Thundurus, M|85\/100\n|turn|15\n|\n|t:|1700218327\n|move|p1a: Thundurus|Taunt|p2a: Ursaluna\n|-start|p2a: Ursaluna|move: Taunt\n|cant|p2a: Ursaluna|move: Taunt|Moonlight\n|\n|upkeep\n|turn|16\n|\n|t:|1700218341\n|switch|p2a: Skarmory|Skarmory, M|100\/100\n|move|p1a: Thundurus|Electric Terrain|p1a: Thundurus\n|-fieldstart|move: Electric Terrain\n|\n|upkeep\n|turn|17\n|\n|t:|1700218349\n|switch|p2a: Ursaluna|Ursaluna-Bloodmoon, M|10\/100\n|move|p1a: Thundurus|Taunt|p2a: Ursaluna\n|-start|p2a: Ursaluna|move: Taunt\n|\n|upkeep\n|turn|18\n|\n|t:|1700218362\n|switch|p1a: Zekrom|Zekrom|100\/100\n|-ability|p1a: Zekrom|Teravolt\n|move|p2a: Ursaluna|Earth Power|p1a: Zekrom\n|-supereffective|p1a: Zekrom\n|-damage|p1a: Zekrom|0 fnt\n|faint|p1a: Zekrom\n|\n|upkeep\n|\n|t:|1700218372\n|switch|p1a: Regieleki|Regieleki|100\/100\n|turn|19\n|\n|t:|1700218377\n|switch|p2a: Tinkaton|Tinkaton, F|74\/100 par\n|-ability|p2a: Tinkaton|Mold Breaker\n|move|p1a: Regieleki|Tera Blast|p2a: Tinkaton\n|-resisted|p2a: Tinkaton\n|-damage|p2a: Tinkaton|65\/100 par\n|\n|-heal|p2a: Tinkaton|71\/100 par|[from] item: Leftovers\n|upkeep\n|turn|20\n|\n|t:|1700218388\n|move|p1a: Regieleki|Rising Voltage|p2a: Tinkaton\n|-hint|Rising Voltage's BP doubled on grounded target.\n|-damage|p2a: Tinkaton|0 fnt\n|faint|p2a: Tinkaton\n|\n|-fieldend|move: Electric Terrain\n|upkeep\n|\n|t:|1700218411\n|switch|p2a: Lugia|Lugia|100\/100\n|turn|21\n|\n|t:|1700218415\n|move|p1a: Regieleki|Volt Switch|p2a: Lugia\n|-supereffective|p2a: Lugia\n|-damage|p2a: Lugia|80\/100\n|\n|t:|1700218419\n|switch|p1a: Zapdos|Zapdos|100\/100|[from] Volt Switch\n|move|p2a: Lugia|Psycho Boost|p1a: Zapdos\n|-damage|p1a: Zapdos|52\/100\n|-unboost|p2a: Lugia|spa|2\n|\n|-heal|p2a: Lugia|86\/100|[from] item: Leftovers\n|upkeep\n|turn|22\n|\n|t:|1700218432\n|switch|p1a: Tapu Koko|Tapu Koko|68\/100\n|-fieldstart|move: Electric Terrain|[from] ability: Electric Surge|[of] p1a: Tapu Koko\n|move|p2a: Lugia|Roost|p2a: Lugia\n|-heal|p2a: Lugia|100\/100\n|-singleturn|p2a: Lugia|move: Roost\n|\n|upkeep\n|turn|23\n|\n|t:|1700218442\n|switch|p2a: Ursaluna|Ursaluna-Bloodmoon, M|10\/100\n|move|p1a: Tapu Koko|Nature's Madness|p2a: Ursaluna\n|-damage|p2a: Ursaluna|5\/100\n|\n|upkeep\n|turn|24\n|\n|t:|1700218450\n|move|p1a: Tapu Koko|Taunt|p2a: Ursaluna\n|-start|p2a: Ursaluna|move: Taunt\n|move|p2a: Ursaluna|Earth Power|p1a: Tapu Koko\n|-supereffective|p1a: Tapu Koko\n|-damage|p1a: Tapu Koko|0 fnt\n|faint|p1a: Tapu Koko\n|\n|upkeep\n|\n|t:|1700218459\n|switch|p1a: Regieleki|Regieleki|100\/100\n|turn|25\n|\n|t:|1700218466\n|switch|p2a: Skarmory|Skarmory, M|100\/100\n|move|p1a: Regieleki|Tera Blast|p2a: Skarmory\n|-resisted|p2a: Skarmory\n|-damage|p2a: Skarmory|89\/100\n|\n|upkeep\n|turn|26\n|\n|t:|1700218475\n|move|p1a: Regieleki|Tera Blast|p2a: Skarmory\n|-resisted|p2a: Skarmory\n|-damage|p2a: Skarmory|77\/100\n|move|p2a: Skarmory|Brave Bird|p1a: Regieleki\n|-resisted|p1a: Regieleki\n|-damage|p1a: Regieleki|67\/100\n|-damage|p2a: Skarmory|67\/100|[from] Recoil\n|\n|-fieldend|move: Electric Terrain\n|upkeep\n|turn|27\n|\n|t:|1700218485\n|move|p1a: Regieleki|Volt Switch|p2a: Skarmory\n|-supereffective|p2a: Skarmory\n|-crit|p2a: Skarmory\n|-damage|p2a: Skarmory|0 fnt\n|faint|p2a: Skarmory\n|\n|t:|1700218490\n|switch|p1a: Thundurus|Thundurus, M|85\/100|[from] Volt Switch\n|\n|upkeep\n|\n|t:|1700218497\n|switch|p2a: Ursaluna|Ursaluna-Bloodmoon, M|5\/100\n|turn|28\n|\n|t:|1700218502\n|move|p1a: Thundurus|Taunt|p2a: Ursaluna\n|-start|p2a: Ursaluna|move: Taunt\n|move|p2a: Ursaluna|Blood Moon|p1a: Thundurus\n|-damage|p1a: Thundurus|0 fnt\n|faint|p1a: Thundurus\n|\n|upkeep\n|\n|t:|1700218512\n|switch|p1a: Regieleki|Regieleki|67\/100\n|turn|29\n|\n|t:|1700218519\n|move|p2a: Ursaluna|Vacuum Wave|p1a: Regieleki\n|-crit|p1a: Regieleki\n|-damage|p1a: Regieleki|17\/100\n|move|p1a: Regieleki|Tera Blast|p2a: Ursaluna\n|-damage|p2a: Ursaluna|0 fnt\n|faint|p2a: Ursaluna\n|\n|upkeep\n|\n|t:|1700218522\n|switch|p2a: Kingdra|Kingdra, F, shiny|100\/100\n|turn|30\n|\n|t:|1700218536\n|move|p1a: Regieleki|Electric Terrain|p1a: Regieleki\n|-fieldstart|move: Electric Terrain\n|move|p2a: Kingdra|Liquidation|p1a: Regieleki\n|-damage|p1a: Regieleki|0 fnt\n|faint|p1a: Regieleki\n|\n|upkeep\n|\n|t:|1700218542\n|switch|p1a: Zapdos|Zapdos|52\/100\n|turn|31\n|\n|t:|1700218547\n|move|p2a: Kingdra|Outrage|p1a: Zapdos\n|-damage|p1a: Zapdos|3\/100\n|-damage|p2a: Kingdra|84\/100|[from] item: Rocky Helmet|[of] p1a: Zapdos\n|move|p1a: Zapdos|Roost|p1a: Zapdos\n|-heal|p1a: Zapdos|53\/100\n|-singleturn|p1a: Zapdos|move: Roost\n|\n|upkeep\n|turn|32\n|\n|t:|1700218556\n|move|p2a: Kingdra|Outrage|p1a: Zapdos|[from]lockedmove\n|-crit|p1a: Zapdos\n|-damage|p1a: Zapdos|0 fnt\n|-damage|p2a: Kingdra|68\/100|[from] item: Rocky Helmet|[of] p1a: Zapdos\n|-status|p2a: Kingdra|par|[from] ability: Static|[of] p1a: Zapdos\n|faint|p1a: Zapdos\n|-start|p2a: Kingdra|confusion|[fatigue]\n|\n|win|FoodDude72\n|raw|cutdihacker's rating: 1488 &rarr; <strong>1464<\/strong><br \/>(-24 for losing)\n|raw|FoodDude72's rating: 1412 &rarr; <strong>1436<\/strong><br \/>(+24 for winning)\n|c|\u2606FoodDude72|gg\n|l|\u2606cutdihacker\n","uploadtime":1700218611,"views":16,"p1id":"cutdihacker","p2id":"fooddude72","formatid":"gen9nationaldexubers","rating":1436,"private":0,"password":""}