{"id":"gen9nationaldexubers-1991599867","p1":"easdf","p2":"mintybagel","format":"[Gen 9] National Dex Ubers","log":"|j|\u2606easdf\n|j|\u2606mintybagel\n|t:|1700092741\n|gametype|singles\n|player|p1|easdf|falkner|\n|player|p2|mintybagel|mars|\n|teamsize|p1|6\n|teamsize|p2|6\n|gen|9\n|tier|[Gen 9] National Dex Ubers\n|rule|HP Percentage Mod: HP is shown in percentages\n|rule|Endless Battle Clause: Forcing endless battles is banned\n|rule|OHKO Clause: OHKO moves are banned\n|rule|Evasion Moves Clause: Evasion moves are banned\n|rule|Evasion Items Clause: Evasion items are banned\n|rule|Species Clause: Limit one of each Pok\u00e9mon\n|rule|Sleep Clause Mod: Limit one foe put to sleep\n|rule|Mega Rayquaza Clause: You cannot mega evolve Rayquaza\n|clearpoke\n|poke|p1|Simipour, F|\n|poke|p1|Zarude|\n|poke|p1|Munkidori, M|\n|poke|p1|Electivire, F|\n|poke|p1|Darmanitan-Galar, F|\n|poke|p1|Infernape, M|\n|poke|p2|Grafaiai, F|\n|poke|p2|Darmanitan-Galar, M|\n|poke|p2|Munkidori, M|\n|poke|p2|Slaking, M|\n|poke|p2|Annihilape, M|\n|poke|p2|Zarude|\n|teampreview\n|\n|t:|1700092750\n|start\n|switch|p1a: Electivire|Electivire, F, shiny|100\/100\n|switch|p2a: Greg|Darmanitan-Galar, M|100\/100\n|turn|1\n|\n|t:|1700092760\n|move|p2a: Greg|Earthquake|p1a: Electivire\n|-supereffective|p1a: Electivire\n|-damage|p1a: Electivire|0 fnt\n|faint|p1a: Electivire\n|\n|upkeep\n|\n|t:|1700092770\n|switch|p1a: Zarude|Zarude|100\/100\n|turn|2\n|\n|t:|1700092789\n|switch|p2a: Smeefenhiemer|Grafaiai, F|100\/100\n|move|p1a: Zarude|Darkest Lariat|p2a: Smeefenhiemer\n|-enditem|p2a: Smeefenhiemer|Focus Sash\n|-damage|p2a: Smeefenhiemer|1\/100\n|\n|upkeep\n|turn|3\n|\n|t:|1700092801\n|move|p2a: Smeefenhiemer|Acrobatics|p1a: Zarude\n|-supereffective|p1a: Zarude\n|-damage|p1a: Zarude|40\/100\n|move|p1a: Zarude|Darkest Lariat|p2a: Smeefenhiemer\n|-damage|p2a: Smeefenhiemer|0 fnt\n|faint|p2a: Smeefenhiemer\n|\n|upkeep\n|\n|t:|1700092822\n|switch|p2a: Greg|Darmanitan-Galar, M|100\/100\n|turn|4\n|\n|t:|1700092839\n|move|p2a: Greg|Icicle Crash|p1a: Zarude\n|-supereffective|p1a: Zarude\n|-damage|p1a: Zarude|0 fnt\n|faint|p1a: Zarude\n|\n|upkeep\n|\n|t:|1700092845\n|switch|p1a: Simipour|Simipour, F|100\/100\n|turn|5\n|\n|t:|1700092854\n|switch|p2a: Kreeger|Annihilape, M|100\/100\n|move|p1a: Simipour|Substitute|p1a: Simipour\n|-start|p1a: Simipour|Substitute\n|-damage|p1a: Simipour|75\/100\n|\n|upkeep\n|turn|6\n|\n|t:|1700092858\n|move|p1a: Simipour|Nasty Plot|p1a: Simipour\n|-boost|p1a: Simipour|spa|2\n|move|p2a: Kreeger|Drain Punch|p1a: Simipour\n|-end|p1a: Simipour|Substitute\n|\n|upkeep\n|turn|7\n|\n|t:|1700092866\n|move|p1a: Simipour|Nasty Plot|p1a: Simipour\n|-boost|p1a: Simipour|spa|2\n|move|p2a: Kreeger|Drain Punch|p1a: Simipour\n|-damage|p1a: Simipour|27\/100\n|\n|upkeep\n|turn|8\n|\n|t:|1700092876\n|move|p1a: Simipour|Substitute|p1a: Simipour\n|-start|p1a: Simipour|Substitute\n|-damage|p1a: Simipour|2\/100\n|-enditem|p1a: Simipour|Salac Berry|[eat]\n|-boost|p1a: Simipour|spe|1|[from] item: Salac Berry\n|move|p2a: Kreeger|Drain Punch|p1a: Simipour\n|-end|p1a: Simipour|Substitute\n|\n|upkeep\n|turn|9\n|\n|t:|1700092885\n|-terastallize|p1a: Simipour|Water\n|move|p1a: Simipour|Surf|p2a: Kreeger\n|-damage|p2a: Kreeger|0 fnt\n|faint|p2a: Kreeger\n|\n|upkeep\n|\n|t:|1700092895\n|switch|p2a: Greg|Darmanitan-Galar, M|100\/100\n|turn|10\n|\n|t:|1700092902\n|move|p1a: Simipour|Surf|p2a: Greg\n|-damage|p2a: Greg|0 fnt\n|faint|p2a: Greg\n|\n|upkeep\n|\n|t:|1700092915\n|switch|p2a: Sinner|Slaking, M|100\/100\n|turn|11\n|\n|t:|1700092922\n|move|p1a: Simipour|Surf|p2a: Sinner\n|-damage|p2a: Sinner|0 fnt\n|faint|p2a: Sinner\n|\n|upkeep\n|\n|t:|1700092925\n|switch|p2a: Ol Red Eyes|Zarude|100\/100\n|turn|12\n|\n|t:|1700092933\n|move|p1a: Simipour|Surf|p2a: Ol Red Eyes\n|-resisted|p2a: Ol Red Eyes\n|-damage|p2a: Ol Red Eyes|0 fnt\n|faint|p2a: Ol Red Eyes\n|\n|upkeep\n|\n|t:|1700092936\n|switch|p2a: Mondo|Munkidori, M|100\/100\n|turn|13\n|\n|t:|1700092942\n|move|p1a: Simipour|Surf|p2a: Mondo\n|-damage|p2a: Mondo|0 fnt\n|faint|p2a: Mondo\n|\n|win|easdf\n","uploadtime":1700092954,"views":8,"p1id":"easdf","p2id":"mintybagel","formatid":"gen9nationaldexubers","rating":0,"private":0,"password":""}