{"id":"gen9nationaldexubers-1985602254","p1":"JjjjjjjjFd","p2":"Goat god 60","format":"[Gen 9] National Dex Ubers","log":"|j|\u2606JjjjjjjjFd\n|j|\u2606Goat god 60\n|t:|1699388147\n|gametype|singles\n|player|p1|JjjjjjjjFd|1|1104\n|player|p2|Goat god 60|265|1000\n|teamsize|p1|6\n|teamsize|p2|6\n|gen|9\n|tier|[Gen 9] National Dex Ubers\n|rated|\n|rule|HP Percentage Mod: HP is shown in percentages\n|rule|Endless Battle Clause: Forcing endless battles is banned\n|rule|OHKO Clause: OHKO moves are banned\n|rule|Evasion Moves Clause: Evasion moves are banned\n|rule|Evasion Items Clause: Evasion items are banned\n|rule|Species Clause: Limit one of each Pok\u00e9mon\n|rule|Sleep Clause Mod: Limit one foe put to sleep\n|rule|Mega Rayquaza Clause: You cannot mega evolve Rayquaza\n|clearpoke\n|poke|p1|Zygarde-10%|\n|poke|p1|Marshadow|\n|poke|p1|Garchomp, M|\n|poke|p1|Armarouge, M|\n|poke|p1|Scizor, M|\n|poke|p1|Dipplin, M|\n|poke|p2|Urshifu-*, M|\n|poke|p2|Flutter Mane|\n|poke|p2|Kyogre|\n|poke|p2|Lugia|\n|poke|p2|Darmanitan-Galar, M|\n|poke|p2|Mewtwo|\n|teampreview\n|\n|t:|1699388153\n|start\n|switch|p1a: Scizor|Scizor, M|100\/100\n|switch|p2a: Mewtwo|Mewtwo|100\/100\n|-ability|p2a: Mewtwo|Unnerve\n|turn|1\n|\n|t:|1699388167\n|detailschange|p2a: Mewtwo|Mewtwo-Mega-Y\n|-mega|p2a: Mewtwo|Mewtwo|Mewtwonite Y\n|move|p2a: Mewtwo|Agility|p2a: Mewtwo\n|-boost|p2a: Mewtwo|spe|2\n|move|p1a: Scizor|X-Scissor|p2a: Mewtwo\n|-supereffective|p2a: Mewtwo\n|-damage|p2a: Mewtwo|0 fnt\n|faint|p2a: Mewtwo\n|\n|upkeep\n|\n|t:|1699388179\n|switch|p2a: Lugia|Lugia|100\/100\n|turn|2\n|\n|t:|1699388188\n|move|p2a: Lugia|Calm Mind|p2a: Lugia\n|-boost|p2a: Lugia|spa|1\n|-boost|p2a: Lugia|spd|1\n|move|p1a: Scizor|Dual Wingbeat|p2a: Lugia\n|-damage|p2a: Lugia|94\/100\n|-damage|p2a: Lugia|81\/100\n|-hitcount|p2a: Lugia|2\n|\n|-heal|p2a: Lugia|87\/100|[from] item: Leftovers\n|upkeep\n|turn|3\n|\n|t:|1699388199\n|switch|p1a: Marshadow|Marshadow|100\/100\n|move|p2a: Lugia|Calm Mind|p2a: Lugia\n|-boost|p2a: Lugia|spa|1\n|-boost|p2a: Lugia|spd|1\n|\n|-heal|p2a: Lugia|93\/100|[from] item: Leftovers\n|upkeep\n|turn|4\n|\n|t:|1699388207\n|move|p2a: Lugia|Detect|p2a: Lugia\n|-singleturn|p2a: Lugia|Protect\n|move|p1a: Marshadow|Spectral Thief|p2a: Lugia\n|-activate|p2a: Lugia|move: Protect\n|\n|-heal|p2a: Lugia|99\/100|[from] item: Leftovers\n|upkeep\n|turn|5\n|\n|t:|1699388220\n|move|p1a: Marshadow|Spectral Thief||[still]\n|-clearpositiveboost|p2a: Lugia|p1a: Marshadow|move: Spectral Thief\n|-boost|p1a: Marshadow|spa|2\n|-boost|p1a: Marshadow|spd|2\n|-anim|p1a: Marshadow|Spectral Thief|p2a: Lugia\n|-supereffective|p2a: Lugia\n|-damage|p2a: Lugia|43\/100\n|move|p2a: Lugia|Avalanche|p1a: Marshadow\n|-damage|p1a: Marshadow|64\/100\n|\n|-heal|p2a: Lugia|50\/100|[from] item: Leftovers\n|upkeep\n|turn|6\n|\n|t:|1699388238\n|move|p1a: Marshadow|Spectral Thief|p2a: Lugia\n|-supereffective|p2a: Lugia\n|-damage|p2a: Lugia|0 fnt\n|faint|p2a: Lugia\n|\n|upkeep\n|\n|t:|1699388246\n|switch|p2a: Urshifu|Urshifu-Rapid-Strike, M|100\/100\n|turn|7\n|\n|t:|1699388258\n|-terastallize|p2a: Urshifu|Fighting\n|move|p2a: Urshifu|Close Combat|p1a: Marshadow\n|-immune|p1a: Marshadow\n|move|p1a: Marshadow|Thunder Punch|p2a: Urshifu\n|-damage|p2a: Urshifu|79\/100\n|\n|upkeep\n|turn|8\n|\n|t:|1699388269\n|switch|p2a: Kyogre|Kyogre|100\/100\n|detailschange|p2a: Kyogre|Kyogre-Primal\n|-primal|p2a: Kyogre|Blue Orb\n|-weather|PrimordialSea|[from] ability: Primordial Sea|[of] p2a: Kyogre\n|move|p1a: Marshadow|Drain Punch|p2a: Kyogre\n|-damage|p2a: Kyogre|69\/100\n|-heal|p1a: Marshadow|83\/100|[from] drain|[of] p2a: Kyogre\n|\n|-weather|PrimordialSea|[upkeep]\n|upkeep\n|turn|9\n|\n|t:|1699388281\n|-zpower|p1a: Marshadow\n|move|p1a: Marshadow|Soul-Stealing 7-Star Strike|p2a: Kyogre|[zeffect]\n|-damage|p2a: Kyogre|0 fnt\n|faint|p2a: Kyogre\n|-weather|none\n|\n|upkeep\n|\n|t:|1699388293\n|switch|p2a: Darmanitan|Darmanitan-Galar, M|100\/100\n|turn|10\n|\n|t:|1699388308\n|move|p2a: Darmanitan|Flare Blitz|p1a: Marshadow\n|-damage|p1a: Marshadow|15\/100\n|-damage|p2a: Darmanitan|80\/100|[from] Recoil\n|move|p1a: Marshadow|Drain Punch|p2a: Darmanitan\n|-supereffective|p2a: Darmanitan\n|-damage|p2a: Darmanitan|0 fnt\n|-heal|p1a: Marshadow|58\/100|[from] drain|[of] p2a: Darmanitan\n|faint|p2a: Darmanitan\n|\n|upkeep\n|\n|t:|1699388319\n|switch|p2a: Flutter Mane|Flutter Mane|100\/100\n|turn|11\n|\n|t:|1699388323\n|move|p2a: Flutter Mane|Moonblast|p1a: Marshadow\n|-supereffective|p1a: Marshadow\n|-damage|p1a: Marshadow|12\/100\n|move|p1a: Marshadow|Drain Punch|p2a: Flutter Mane\n|-immune|p2a: Flutter Mane\n|\n|upkeep\n|turn|12\n|\n|t:|1699388330\n|move|p2a: Flutter Mane|Moonblast|p1a: Marshadow\n|-supereffective|p1a: Marshadow\n|-crit|p1a: Marshadow\n|-damage|p1a: Marshadow|0 fnt\n|faint|p1a: Marshadow\n|\n|upkeep\n|\n|t:|1699388335\n|switch|p1a: Armarouge|Armarouge, M, shiny|100\/100\n|turn|13\n|\n|t:|1699388341\n|move|p2a: Flutter Mane|Moonblast|p1a: Armarouge\n|-resisted|p1a: Armarouge\n|-damage|p1a: Armarouge|81\/100\n|move|p1a: Armarouge|Flash Cannon|p2a: Flutter Mane\n|-supereffective|p2a: Flutter Mane\n|-damage|p2a: Flutter Mane|59\/100\n|-unboost|p2a: Flutter Mane|spd|1\n|\n|upkeep\n|turn|14\n|\n|t:|1699388353\n|move|p2a: Flutter Mane|Dark Pulse|p1a: Armarouge\n|-supereffective|p1a: Armarouge\n|-damage|p1a: Armarouge|42\/100\n|move|p1a: Armarouge|Flash Cannon|p2a: Flutter Mane\n|-supereffective|p2a: Flutter Mane\n|-damage|p2a: Flutter Mane|3\/100\n|\n|upkeep\n|turn|15\n|\n|t:|1699388360\n|switch|p1a: Scizor|Scizor, M|100\/100\n|move|p2a: Flutter Mane|Dark Pulse|p1a: Scizor\n|-damage|p1a: Scizor|67\/100\n|\n|upkeep\n|turn|16\n|\n|t:|1699388366\n|move|p1a: Scizor|Bullet Punch|p2a: Flutter Mane\n|-supereffective|p2a: Flutter Mane\n|-damage|p2a: Flutter Mane|0 fnt\n|faint|p2a: Flutter Mane\n|-end|p2a: Flutter Mane|Protosynthesis|[silent]\n|\n|upkeep\n|\n|t:|1699388371\n|switch|p2a: Urshifu|Urshifu-Rapid-Strike, M, tera:Fighting|79\/100\n|turn|17\n|\n|t:|1699388376\n|move|p2a: Urshifu|Drain Punch|p1a: Scizor\n|-damage|p1a: Scizor|0 fnt\n|-heal|p2a: Urshifu|100\/100|[from] drain|[of] p1a: Scizor\n|faint|p1a: Scizor\n|\n|upkeep\n|\n|t:|1699388383\n|switch|p1a: Garchomp|Garchomp, M|100\/100\n|turn|18\n|\n|t:|1699388388\n|detailschange|p1a: Garchomp|Garchomp-Mega, M\n|-mega|p1a: Garchomp|Garchomp|Garchompite\n|move|p2a: Urshifu|Drain Punch|p1a: Garchomp\n|-damage|p1a: Garchomp|39\/100\n|move|p1a: Garchomp|Earthquake|p2a: Urshifu\n|-damage|p2a: Urshifu|44\/100\n|\n|upkeep\n|turn|19\n|\n|t:|1699388396\n|move|p2a: Urshifu|Drain Punch|p1a: Garchomp\n|-damage|p1a: Garchomp|0 fnt\n|-heal|p2a: Urshifu|64\/100|[from] drain|[of] p1a: Garchomp\n|faint|p1a: Garchomp\n|\n|upkeep\n|\n|t:|1699388402\n|switch|p1a: Dipplin|Dipplin, M|100\/100\n|-ability|p1a: Dipplin|Supersweet Syrup\n|-ability|p1a: Dipplin|Supersweet Syrup|boost\n|-unboost|p2a: Urshifu|evasion|1\n|turn|20\n|\n|t:|1699388419\n|move|p2a: Urshifu|Drain Punch|p1a: Dipplin\n|-damage|p1a: Dipplin|17\/100\n|-heal|p2a: Urshifu|100\/100|[from] drain|[of] p1a: Dipplin\n|move|p1a: Dipplin|Energy Ball|p2a: Urshifu\n|-damage|p2a: Urshifu|43\/100\n|\n|upkeep\n|turn|21\n|\n|t:|1699388428\n|move|p2a: Urshifu|Drain Punch|p1a: Dipplin\n|-damage|p1a: Dipplin|0 fnt\n|-heal|p2a: Urshifu|51\/100|[from] drain|[of] p1a: Dipplin\n|faint|p1a: Dipplin\n|\n|upkeep\n|\n|t:|1699388430\n|switch|p1a: Zygarde|Zygarde-10%|100\/100\n|turn|22\n|\n|t:|1699388437\n|-terastallize|p1a: Zygarde|Dragon\n|move|p2a: Urshifu|Drain Punch|p1a: Zygarde\n|-damage|p1a: Zygarde|0 fnt\n|-heal|p2a: Urshifu|88\/100|[from] drain|[of] p1a: Zygarde\n|faint|p1a: Zygarde\n|\n|upkeep\n|\n|t:|1699388443\n|switch|p1a: Armarouge|Armarouge, M, shiny|42\/100\n|turn|23\n|\n|t:|1699388447\n|move|p2a: Urshifu|Drain Punch|p1a: Armarouge\n|-resisted|p1a: Armarouge\n|-damage|p1a: Armarouge|1\/100\n|-heal|p2a: Urshifu|100\/100|[from] drain|[of] p1a: Armarouge\n|move|p1a: Armarouge|Psychic|p2a: Urshifu\n|-supereffective|p2a: Urshifu\n|-damage|p2a: Urshifu|0 fnt\n|faint|p2a: Urshifu\n|\n|win|JjjjjjjjFd\n|raw|JjjjjjjjFd's rating: 1104 &rarr; <strong>1122<\/strong><br \/>(+18 for winning)\n|raw|Goat god 60's rating: 1000 &rarr; <strong>1000<\/strong><br \/>(+0 for losing)\n","uploadtime":1699388457,"views":5,"p1id":"jjjjjjjjfd","p2id":"goatgod60","formatid":"gen9nationaldexubers","rating":1000,"private":0,"password":""}