{"id":"gen9nationaldexubers-1986415488","p1":"3869D","p2":"Chat B0T","format":"[Gen 9] National Dex Ubers","log":"|j|\u26063869D\n|j|\u2606Chat B0T\n|t:|1699477123\n|gametype|singles\n|player|p1|3869D|volkner|\n|player|p2|Chat B0T|scientist|\n|teamsize|p1|6\n|teamsize|p2|6\n|gen|9\n|tier|[Gen 9] National Dex Ubers\n|rule|HP Percentage Mod: HP is shown in percentages\n|rule|Endless Battle Clause: Forcing endless battles is banned\n|rule|OHKO Clause: OHKO moves are banned\n|rule|Evasion Moves Clause: Evasion moves are banned\n|rule|Evasion Items Clause: Evasion items are banned\n|rule|Species Clause: Limit one of each Pok\u00e9mon\n|rule|Sleep Clause Mod: Limit one foe put to sleep\n|rule|Mega Rayquaza Clause: You cannot mega evolve Rayquaza\n|clearpoke\n|poke|p1|Xerneas-*|\n|poke|p1|Marshadow|\n|poke|p1|Lopunny, M|\n|poke|p1|Zacian-*|\n|poke|p1|Zeraora|\n|poke|p1|Groudon|\n|poke|p2|Galvantula, M|\n|poke|p2|Marshadow|\n|poke|p2|Smeargle, F|\n|poke|p2|Necrozma-Dusk-Mane|\n|poke|p2|Zacian-*|\n|poke|p2|Reshiram|\n|teampreview\n|inactive|Battle timer is ON: inactive players will automatically lose when time's up. (requested by 3869D)\n|inactive|Chat B0T also wants the timer to be on.\n|n|\u26063869D|3869d\n|\n|t:|1699477152\n|start\n|switch|p1a: Groudon|Groudon|100\/100\n|switch|p2a: Galvantula|Galvantula, M, shiny|100\/100\n|detailschange|p1a: Groudon|Groudon-Primal\n|-primal|p1a: Groudon|Red Orb\n|-weather|DesolateLand|[from] ability: Desolate Land|[of] p1a: Groudon\n|turn|1\n|\n|t:|1699477168\n|move|p2a: Galvantula|Sticky Web|p1a: Groudon\n|-sidestart|p1: 3869D|move: Sticky Web\n|move|p1a: Groudon|Eruption|p2a: Galvantula\n|-supereffective|p2a: Galvantula\n|-enditem|p2a: Galvantula|Focus Sash\n|-damage|p2a: Galvantula|1\/100\n|\n|-weather|DesolateLand|[upkeep]\n|upkeep\n|turn|2\n|\n|t:|1699477176\n|move|p2a: Galvantula|Thunder Wave|p1a: Groudon\n|-immune|p1a: Groudon\n|move|p1a: Groudon|Earthquake|p2a: Galvantula\n|-damage|p2a: Galvantula|0 fnt\n|faint|p2a: Galvantula\n|\n|-weather|DesolateLand|[upkeep]\n|upkeep\n|inactive|Chat B0T has 270 seconds left.\n|\n|t:|1699477218\n|switch|p2a: Smeargle|Smeargle, F|100\/100\n|turn|3\n|c|\u26063869D|!weakness smeargle\n|c|!3869D|\/raw <div class=\"infobox\">Smeargle (ignoring abilities):<br \/><span class=\"message-effect-weak\">Weaknesses<\/span>: Fighting<br \/><span class=\"message-effect-resist\">Resistances<\/span>: <font color=#999999>None<\/font><br \/><span class=\"message-effect-immune\">Immunities<\/span>: Ghost<\/div>\n|\n|t:|1699477236\n|-singleturn|p1a: Groudon|move: Focus Punch\n|move|p2a: Smeargle|Substitute|p2a: Smeargle\n|-start|p2a: Smeargle|Substitute\n|-damage|p2a: Smeargle|76\/100\n|move|p1a: Groudon|Focus Punch|p2a: Smeargle\n|-supereffective|p2a: Smeargle\n|-end|p2a: Smeargle|Substitute\n|\n|-weather|DesolateLand|[upkeep]\n|-heal|p2a: Smeargle|82\/100|[from] item: Leftovers\n|-ability|p2a: Smeargle|Moody|boost\n|-boost|p2a: Smeargle|spa|2\n|-unboost|p2a: Smeargle|atk|1\n|upkeep\n|turn|4\n|\n|t:|1699477251\n|-singleturn|p1a: Groudon|move: Focus Punch\n|move|p2a: Smeargle|Spiky Shield|p2a: Smeargle\n|-singleturn|p2a: Smeargle|move: Protect\n|move|p1a: Groudon|Focus Punch|p2a: Smeargle\n|-activate|p2a: Smeargle|move: Protect\n|-damage|p1a: Groudon|88\/100|[from] Spiky Shield|[of] p2a: Smeargle\n|\n|-weather|DesolateLand|[upkeep]\n|-heal|p2a: Smeargle|88\/100|[from] item: Leftovers\n|-ability|p2a: Smeargle|Moody|boost\n|-boost|p2a: Smeargle|atk|2\n|-unboost|p2a: Smeargle|spa|1\n|upkeep\n|turn|5\n|inactive|Chat B0T has 270 seconds left.\n|\n|t:|1699477266\n|move|p1a: Groudon|Earthquake|p2a: Smeargle\n|-damage|p2a: Smeargle|0 fnt\n|faint|p2a: Smeargle\n|\n|-weather|DesolateLand|[upkeep]\n|upkeep\n|\n|t:|1699477273\n|switch|p2a: Marshadow|Marshadow|100\/100\n|turn|6\n|inactive|Chat B0T has 270 seconds left.\n|inactive|3869D has 270 seconds left.\n|inactive|Chat B0T has 240 seconds left.\n|\n|t:|1699477314\n|move|p2a: Marshadow|Spectral Thief|p1a: Groudon\n|-damage|p1a: Groudon|58\/100\n|move|p1a: Groudon|Eruption|p2a: Marshadow\n|-damage|p2a: Marshadow|21\/100\n|\n|-weather|DesolateLand|[upkeep]\n|upkeep\n|turn|7\n|inactive|3869D has 270 seconds left.\n|\n|t:|1699477324\n|move|p2a: Marshadow|Drain Punch|p1a: Groudon\n|-damage|p1a: Groudon|31\/100\n|-heal|p2a: Marshadow|35\/100|[from] drain|[of] p1a: Groudon\n|move|p1a: Groudon|Eruption|p2a: Marshadow\n|-damage|p2a: Marshadow|0 fnt\n|faint|p2a: Marshadow\n|\n|-weather|DesolateLand|[upkeep]\n|upkeep\n|inactive|Chat B0T has 240 seconds left.\n|\n|t:|1699477344\n|switch|p2a: Necrozma|Necrozma-Dusk-Mane|100\/100\n|turn|8\n|c|\u26063869D|Hurry up\n|inactive|Chat B0T has 240 seconds left.\n|inactive|3869D has 270 seconds left.\n|c|\u26063869D|!weakness necrozma-dusk-mane\n|c|!3869D|\/raw <div class=\"infobox\">Necrozma-Dusk-Mane (ignoring abilities):<br \/><span class=\"message-effect-weak\">Weaknesses<\/span>: Dark, Fire, Ghost, Ground<br \/><span class=\"message-effect-resist\">Resistances<\/span>: Dragon, Fairy, Flying, Grass, Ice, Normal, <b>Psychic<\/b>, Rock, Steel<br \/><span class=\"message-effect-immune\">Immunities<\/span>: Poison, Sandstorm damage, Toxic<\/div>\n|\n|t:|1699477377\n|-terastallize|p2a: Necrozma|Psychic\n|move|p1a: Groudon|Eruption|p2a: Necrozma\n|-damage|p2a: Necrozma|72\/100\n|move|p2a: Necrozma|Photon Geyser|p1a: Groudon\n|-damage|p1a: Groudon|0 fnt\n|faint|p1a: Groudon\n|-weather|none\n|\n|upkeep\n|\n|t:|1699477390\n|switch|p1a: Xerneas|Xerneas|100\/100\n|-activate|p1a: Xerneas|move: Sticky Web\n|-unboost|p1a: Xerneas|spe|1\n|-ability|p1a: Xerneas|Fairy Aura\n|turn|9\n|inactive|Chat B0T has 240 seconds left.\n|\n|t:|1699477400\n|-terastallize|p1a: Xerneas|Fairy\n|move|p2a: Necrozma|Sunsteel Strike|p1a: Xerneas\n|-supereffective|p1a: Xerneas\n|-damage|p1a: Xerneas|0 fnt\n|faint|p1a: Xerneas\n|\n|upkeep\n|\n|t:|1699477408\n|switch|p1a: Lopunny|Lopunny, M|100\/100\n|-activate|p1a: Lopunny|move: Sticky Web\n|-unboost|p1a: Lopunny|spe|1\n|turn|10\n|\n|t:|1699477412\n|detailschange|p1a: Lopunny|Lopunny-Mega, M\n|-mega|p1a: Lopunny|Lopunny|Lopunnite\n|move|p1a: Lopunny|Fake Out|p2a: Necrozma\n|-damage|p2a: Necrozma|57\/100\n|cant|p2a: Necrozma|flinch\n|\n|upkeep\n|turn|11\n|\n|t:|1699477417\n|move|p1a: Lopunny|High Jump Kick|p2a: Necrozma\n|-resisted|p2a: Necrozma\n|-damage|p2a: Necrozma|33\/100\n|move|p2a: Necrozma|Photon Geyser|p1a: Lopunny\n|-supereffective|p1a: Lopunny\n|-damage|p1a: Lopunny|0 fnt\n|faint|p1a: Lopunny\n|\n|upkeep\n|inactive|3869D has 270 seconds left.\n|\n|t:|1699477437\n|switch|p1a: Zeraora|Zeraora|100\/100\n|-activate|p1a: Zeraora|move: Sticky Web\n|-unboost|p1a: Zeraora|spe|1\n|turn|12\n|inactive|Chat B0T has 270 seconds left.\n|inactive|Chat B0T has 240 seconds left.\n|\n|t:|1699477483\n|move|p1a: Zeraora|Plasma Fists|p2a: Necrozma\n|-damage|p2a: Necrozma|0 fnt\n|-fieldactivate|move: Ion Deluge\n|-hint|Normal-type moves become Electric-type after using Plasma Fists.\n|faint|p2a: Necrozma\n|\n|upkeep\n|\n|t:|1699477490\n|switch|p2a: Reshiram|Reshiram|100\/100\n|-ability|p2a: Reshiram|Turboblaze\n|turn|13\n|inactive|Chat B0T has 240 seconds left.\n|inactive|3869D has 270 seconds left.\n|\n|t:|1699477510\n|move|p2a: Reshiram|Blue Flare|p1a: Zeraora\n|-damage|p1a: Zeraora|5\/100\n|-enditem|p1a: Zeraora|Aguav Berry|[eat]\n|-heal|p1a: Zeraora|38\/100|[from] item: Aguav Berry\n|move|p1a: Zeraora|Thunder|p2a: Reshiram\n|-resisted|p2a: Reshiram\n|-damage|p2a: Reshiram|85\/100\n|\n|upkeep\n|turn|14\n|inactive|3869D has 270 seconds left.\n|inactive|Chat B0T has 240 seconds left.\n|\n|t:|1699477520\n|move|p2a: Reshiram|Fusion Flare|p1a: Zeraora\n|-damage|p1a: Zeraora|0 fnt\n|faint|p1a: Zeraora\n|\n|upkeep\n|\n|t:|1699477525\n|switch|p1a: Zacian|Zacian-Crowned|100\/100\n|-activate|p1a: Zacian|move: Sticky Web\n|-unboost|p1a: Zacian|spe|1\n|-ability|p1a: Zacian|Intrepid Sword|boost\n|-boost|p1a: Zacian|atk|1\n|turn|15\n|inactive|3869D has 270 seconds left.\n|c|\u26063869D|!weakness Reshiram\n|c|!3869D|\/raw <div class=\"infobox\">Reshiram (ignoring abilities):<br \/><span class=\"message-effect-weak\">Weaknesses<\/span>: Dragon, Ground, Rock<br \/><span class=\"message-effect-resist\">Resistances<\/span>: Bug, Electric, <b>Fire<\/b>, <b>Grass<\/b>, Steel<br \/><span class=\"message-effect-immune\">Immunities<\/span>: Burn<\/div>\n|\n|t:|1699477558\n|move|p2a: Reshiram|Blue Flare|p1a: Zacian\n|-supereffective|p1a: Zacian\n|-damage|p1a: Zacian|0 fnt\n|faint|p1a: Zacian\n|\n|upkeep\n|\n|t:|1699477562\n|switch|p1a: Marshadow|Marshadow|100\/100\n|-activate|p1a: Marshadow|move: Sticky Web\n|-unboost|p1a: Marshadow|spe|1\n|turn|16\n|\n|t:|1699477576\n|move|p2a: Reshiram|Blue Flare|p1a: Marshadow\n|-damage|p1a: Marshadow|9\/100\n|-status|p1a: Marshadow|brn\n|-zpower|p1a: Marshadow\n|move|p1a: Marshadow|Soul-Stealing 7-Star Strike|p2a: Reshiram|[zeffect]\n|-damage|p2a: Reshiram|33\/100\n|\n|-damage|p1a: Marshadow|3\/100 brn|[from] brn\n|upkeep\n|turn|17\n|\n|t:|1699477593\n|move|p2a: Reshiram|Dragon Pulse|p1a: Marshadow\n|-damage|p1a: Marshadow|0 fnt\n|faint|p1a: Marshadow\n|\n|win|Chat B0T\n|l|\u2606Chat B0T\n|j|\u2606Chat B0T\n|player|p2|Chat B0T|scientist\n","uploadtime":1699477662,"views":5,"p1id":"3869d","p2id":"chatb0t","formatid":"gen9nationaldexubers","rating":0,"private":0,"password":""}