{"id":"gen9nationaldexubers-1988487938","p1":"Alexandre195","p2":"Hugomez14","format":"[Gen 9] National Dex Ubers","log":"|j|\u2606Alexandre195\n|j|\u2606Hugomez14\n|t:|1699728278\n|gametype|singles\n|player|p1|Alexandre195|nate|1102\n|player|p2|Hugomez14|pryce|1250\n|teamsize|p1|6\n|teamsize|p2|6\n|gen|9\n|tier|[Gen 9] National Dex Ubers\n|rated|\n|rule|HP Percentage Mod: HP is shown in percentages\n|rule|Endless Battle Clause: Forcing endless battles is banned\n|rule|OHKO Clause: OHKO moves are banned\n|rule|Evasion Moves Clause: Evasion moves are banned\n|rule|Evasion Items Clause: Evasion items are banned\n|rule|Species Clause: Limit one of each Pok\u00e9mon\n|rule|Sleep Clause Mod: Limit one foe put to sleep\n|rule|Mega Rayquaza Clause: You cannot mega evolve Rayquaza\n|clearpoke\n|poke|p1|Mawile, F|\n|poke|p1|Scizor, F|\n|poke|p1|Aegislash, M|\n|poke|p1|Jirachi|\n|poke|p1|Heatran, M|\n|poke|p1|Kingambit, F|\n|poke|p2|Mamoswine, M|\n|poke|p2|Baxcalibur, M|\n|poke|p2|Froslass, F|\n|poke|p2|Iron Bundle|\n|poke|p2|Abomasnow, M|\n|poke|p2|Darmanitan-Galar, M|\n|teampreview\n|inactive|Battle timer is ON: inactive players will automatically lose when time's up. (requested by Alexandre195)\n|\n|t:|1699728289\n|start\n|switch|p1a: Jirachi|Jirachi|100\/100\n|switch|p2a: Nezuko|Froslass, F, shiny|100\/100\n|turn|1\n|\n|t:|1699728297\n|move|p1a: Jirachi|Iron Head|p2a: Nezuko\n|-supereffective|p2a: Nezuko\n|-enditem|p2a: Nezuko|Focus Sash\n|-damage|p2a: Nezuko|1\/100\n|cant|p2a: Nezuko|flinch\n|\n|upkeep\n|turn|2\n|\n|t:|1699728302\n|move|p1a: Jirachi|Iron Head|p2a: Nezuko\n|-supereffective|p2a: Nezuko\n|-damage|p2a: Nezuko|0 fnt\n|faint|p2a: Nezuko\n|\n|upkeep\n|\n|t:|1699728309\n|switch|p2a: Yeti|Abomasnow, M, shiny|100\/100\n|-weather|Snow|[from] ability: Snow Warning|[of] p2a: Yeti\n|turn|3\n|\n|t:|1699728315\n|move|p1a: Jirachi|Iron Head|p2a: Yeti\n|-supereffective|p2a: Yeti\n|-damage|p2a: Yeti|47\/100\n|cant|p2a: Yeti|flinch\n|\n|-weather|Snow|[upkeep]\n|upkeep\n|turn|4\n|\n|t:|1699728319\n|move|p1a: Jirachi|Iron Head|p2a: Yeti\n|-supereffective|p2a: Yeti\n|-damage|p2a: Yeti|0 fnt\n|faint|p2a: Yeti\n|\n|-weather|Snow|[upkeep]\n|upkeep\n|\n|t:|1699728338\n|switch|p2a: DK|Darmanitan-Galar, M|100\/100\n|turn|5\n|\n|t:|1699728344\n|move|p2a: DK|Earthquake|p1a: Jirachi\n|-supereffective|p1a: Jirachi\n|-crit|p1a: Jirachi\n|-damage|p1a: Jirachi|0 fnt\n|faint|p1a: Jirachi\n|\n|-weather|Snow|[upkeep]\n|upkeep\n|\n|t:|1699728351\n|switch|p1a: Scizor|Scizor, F|100\/100\n|turn|6\n|\n|t:|1699728362\n|switch|p2a: Deliexpress|Iron Bundle|100\/100\n|move|p1a: Scizor|Swords Dance|p1a: Scizor\n|-boost|p1a: Scizor|atk|2\n|\n|-weather|Snow|[upkeep]\n|upkeep\n|turn|7\n|\n|t:|1699728371\n|move|p2a: Deliexpress|Hydro Pump|p1a: Scizor\n|-damage|p1a: Scizor|42\/100\n|move|p1a: Scizor|Close Combat|p2a: Deliexpress\n|-supereffective|p2a: Deliexpress\n|-damage|p2a: Deliexpress|0 fnt\n|-unboost|p1a: Scizor|def|1\n|-unboost|p1a: Scizor|spd|1\n|faint|p2a: Deliexpress\n|-end|p2a: Deliexpress|Quark Drive|[silent]\n|\n|-weather|none\n|upkeep\n|\n|t:|1699728388\n|switch|p2a: Manny|Mamoswine, M|100\/100\n|turn|8\n|\n|t:|1699728395\n|-terastallize|p1a: Scizor|Steel\n|move|p1a: Scizor|Bullet Punch|p2a: Manny\n|-supereffective|p2a: Manny\n|-damage|p2a: Manny|0 fnt\n|faint|p2a: Manny\n|\n|upkeep\n|-message|Hugomez14 forfeited.\n|\n|win|Alexandre195\n|raw|Alexandre195's rating: 1102 &rarr; <strong>1137<\/strong><br \/>(+35 for winning)\n|raw|Hugomez14's rating: 1250 &rarr; <strong>1215<\/strong><br \/>(-35 for losing)\n|l|\u2606Hugomez14\n","uploadtime":1699728407,"views":7,"p1id":"alexandre195","p2id":"hugomez14","formatid":"gen9nationaldexubers","rating":1137,"private":0,"password":""}