{"id":"gen9nationaldexubers-1993901460","p1":"dripjongun","p2":"Vastocar","format":"[Gen 9] National Dex Ubers","log":"|j|\u2606dripjongun\n|j|\u2606Vastocar\n|t:|1700372488\n|gametype|singles\n|player|p1|dripjongun|firebreather|1178\n|player|p2|Vastocar|n|1050\n|teamsize|p1|6\n|teamsize|p2|6\n|gen|9\n|tier|[Gen 9] National Dex Ubers\n|rated|\n|rule|HP Percentage Mod: HP is shown in percentages\n|rule|Endless Battle Clause: Forcing endless battles is banned\n|rule|OHKO Clause: OHKO moves are banned\n|rule|Evasion Moves Clause: Evasion moves are banned\n|rule|Evasion Items Clause: Evasion items are banned\n|rule|Species Clause: Limit one of each Pok\u00e9mon\n|rule|Sleep Clause Mod: Limit one foe put to sleep\n|rule|Mega Rayquaza Clause: You cannot mega evolve Rayquaza\n|clearpoke\n|poke|p1|Torkoal, M|\n|poke|p1|Cinderace, F|\n|poke|p1|Heatran, M|\n|poke|p1|Volcarona, M|\n|poke|p1|Charizard, F|\n|poke|p1|Blaziken, M|\n|poke|p2|Rillaboom, M|\n|poke|p2|Heatran, F|\n|poke|p2|Slowking, M|\n|poke|p2|Dragapult, F|\n|poke|p2|Landorus-Therian, M|\n|poke|p2|Bisharp, M|\n|teampreview\n|\n|t:|1700372508\n|start\n|switch|p1a: Volcarona|Volcarona, M|100\/100\n|switch|p2a: Slowking|Slowking, M|100\/100\n|turn|1\n|\n|t:|1700372523\n|-terastallize|p1a: Volcarona|Bug\n|move|p1a: Volcarona|Quiver Dance|p1a: Volcarona\n|-boost|p1a: Volcarona|spa|1\n|-boost|p1a: Volcarona|spd|1\n|-boost|p1a: Volcarona|spe|1\n|move|p2a: Slowking|Future Sight|p1a: Volcarona\n|-start|p2a: Slowking|move: Future Sight\n|\n|upkeep\n|turn|2\n|\n|t:|1700372529\n|move|p1a: Volcarona|Bug Buzz|p2a: Slowking\n|-supereffective|p2a: Slowking\n|-damage|p2a: Slowking|0 fnt\n|faint|p2a: Slowking\n|\n|upkeep\n|\n|t:|1700372536\n|switch|p2a: Landorus|Landorus-Therian, M|100\/100\n|-ability|p2a: Landorus|Intimidate|boost\n|-unboost|p1a: Volcarona|atk|1\n|turn|3\n|\n|t:|1700372544\n|move|p1a: Volcarona|Fiery Dance|p2a: Landorus\n|-damage|p2a: Landorus|29\/100\n|-boost|p1a: Volcarona|spa|1\n|move|p2a: Landorus|Stealth Rock|p1a: Volcarona\n|-sidestart|p1: dripjongun|move: Stealth Rock\n|\n|-end|p1a: Volcarona|move: Future Sight\n|-damage|p1a: Volcarona|71\/100\n|-heal|p2a: Landorus|35\/100|[from] item: Leftovers\n|upkeep\n|turn|4\n|\n|t:|1700372553\n|move|p1a: Volcarona|Fiery Dance|p2a: Landorus\n|-damage|p2a: Landorus|0 fnt\n|faint|p2a: Landorus\n|\n|upkeep\n|\n|t:|1700372564\n|switch|p2a: Dragapult|Dragapult, F|100\/100\n|turn|5\n|\n|t:|1700372575\n|move|p1a: Volcarona|Bug Buzz|p2a: Dragapult\n|-resisted|p2a: Dragapult\n|-damage|p2a: Dragapult|2\/100\n|move|p2a: Dragapult|Draco Meteor|p1a: Volcarona\n|-damage|p1a: Volcarona|7\/100\n|-unboost|p2a: Dragapult|spa|2\n|\n|upkeep\n|turn|6\n|\n|t:|1700372586\n|switch|p2a: Heatran|Heatran, F|100\/100\n|move|p1a: Volcarona|Bug Buzz|p2a: Heatran\n|-resisted|p2a: Heatran\n|-damage|p2a: Heatran|50\/100\n|\n|upkeep\n|turn|7\n|\n|t:|1700372596\n|move|p1a: Volcarona|Bug Buzz|p2a: Heatran\n|-resisted|p2a: Heatran\n|-damage|p2a: Heatran|0 fnt\n|faint|p2a: Heatran\n|\n|upkeep\n|c|\u2606Vastocar|bro\n|c|\u2606dripjongun|LOL\n|c|\u2606Vastocar|you should de-subscribe from life now\n|\n|t:|1700372613\n|switch|p2a: Bisharp|Bisharp, M|100\/100\n|turn|8\n|\n|t:|1700372617\n|move|p2a: Bisharp|Sucker Punch|p1a: Volcarona\n|-damage|p1a: Volcarona|0 fnt\n|faint|p1a: Volcarona\n|\n|upkeep\n|\n|t:|1700372624\n|switch|p1a: Cinderace|Cinderace, F|100\/100\n|turn|9\n|inactive|Battle timer is ON: inactive players will automatically lose when time's up. (requested by dripjongun)\n|inactiveoff|Battle timer is now OFF.\n|\n|t:|1700372633\n|move|p2a: Bisharp|Sucker Punch|p1a: Cinderace\n|-damage|p1a: Cinderace|42\/100\n|move|p1a: Cinderace|Pyro Ball|p2a: Bisharp\n|-supereffective|p2a: Bisharp\n|-damage|p2a: Bisharp|0 fnt\n|faint|p2a: Bisharp\n|\n|upkeep\n|\n|t:|1700372640\n|switch|p2a: Dragapult|Dragapult, F|2\/100\n|turn|10\n|\n|t:|1700372644\n|move|p2a: Dragapult|Shadow Ball|p1a: Cinderace\n|-damage|p1a: Cinderace|0 fnt\n|faint|p1a: Cinderace\n|\n|upkeep\n|\n|t:|1700372647\n|switch|p1a: Torkoal|Torkoal, M|100\/100\n|-damage|p1a: Torkoal|76\/100|[from] Stealth Rock\n|-weather|SunnyDay|[from] ability: Drought|[of] p1a: Torkoal\n|turn|11\n|\n|t:|1700372655\n|move|p2a: Dragapult|Shadow Ball|p1a: Torkoal\n|-damage|p1a: Torkoal|4\/100\n|move|p1a: Torkoal|Yawn|p2a: Dragapult\n|-start|p2a: Dragapult|move: Yawn|[of] p1a: Torkoal\n|\n|-weather|SunnyDay|[upkeep]\n|upkeep\n|turn|12\n|\n|t:|1700372662\n|move|p2a: Dragapult|Shadow Ball|p1a: Torkoal\n|-damage|p1a: Torkoal|0 fnt\n|faint|p1a: Torkoal\n|\n|-weather|SunnyDay|[upkeep]\n|-end|p2a: Dragapult|move: Yawn|[silent]\n|-status|p2a: Dragapult|slp\n|upkeep\n|\n|t:|1700372664\n|switch|p1a: Blaziken|Blaziken, M|100\/100\n|-damage|p1a: Blaziken|88\/100|[from] Stealth Rock\n|turn|13\n|\n|t:|1700372673\n|switch|p2a: Rillaboom|Rillaboom, M|100\/100\n|-fieldstart|move: Grassy Terrain|[from] ability: Grassy Surge|[of] p2a: Rillaboom\n|detailschange|p1a: Blaziken|Blaziken-Mega, M\n|-mega|p1a: Blaziken|Blaziken|Blazikenite\n|move|p1a: Blaziken|Knock Off|p2a: Rillaboom\n|-damage|p2a: Rillaboom|50\/100\n|-enditem|p2a: Rillaboom|Choice Band|[from] move: Knock Off|[of] p1a: Blaziken\n|\n|-weather|SunnyDay|[upkeep]\n|-heal|p1a: Blaziken|94\/100|[from] Grassy Terrain\n|-heal|p2a: Rillaboom|56\/100|[from] Grassy Terrain\n|-ability|p1a: Blaziken|Speed Boost|boost\n|-boost|p1a: Blaziken|spe|1\n|upkeep\n|turn|14\n|\n|t:|1700372689\n|move|p2a: Rillaboom|Grassy Glide|p1a: Blaziken\n|-resisted|p1a: Blaziken\n|-damage|p1a: Blaziken|67\/100\n|move|p1a: Blaziken|Flare Blitz|p2a: Rillaboom\n|-supereffective|p2a: Rillaboom\n|-damage|p2a: Rillaboom|0 fnt\n|faint|p2a: Rillaboom\n|-damage|p1a: Blaziken|46\/100|[from] Recoil\n|\n|-weather|SunnyDay|[upkeep]\n|-heal|p1a: Blaziken|52\/100|[from] Grassy Terrain\n|-ability|p1a: Blaziken|Speed Boost|boost\n|-boost|p1a: Blaziken|spe|1\n|upkeep\n|\n|t:|1700372700\n|switch|p2a: Dragapult|Dragapult, F|2\/100 slp\n|turn|15\n|c|\u2606dripjongun|gg\n|c|\u2606Vastocar|desubcribe from live\n|c|\u2606Vastocar|you deserve nothing\n|c|\u2606dripjongun|cope\n|-message|Vastocar forfeited.\n|\n|win|dripjongun\n|raw|dripjongun's rating: 1178 &rarr; <strong>1194<\/strong><br \/>(+16 for winning)\n|raw|Vastocar's rating: 1050 &rarr; <strong>1039<\/strong><br \/>(-11 for losing)\n|l|\u2606Vastocar\n|c|\u2606dripjongun|lol\n","uploadtime":1700372741,"views":25,"p1id":"dripjongun","p2id":"vastocar","formatid":"gen9nationaldexubers","rating":1039,"private":0,"password":""}