{"id":"gen9nationaldexubers-1988089944","p1":"HopeAddict","p2":"lonly wolf","format":"[Gen 9] National Dex Ubers","log":"|j|\u2606HopeAddict\n|j|\u2606lonly wolf\n|t:|1699668280\n|gametype|singles\n|player|p1|HopeAddict|benga|\n|player|p2|lonly wolf|volkner|\n|teamsize|p1|6\n|teamsize|p2|6\n|gen|9\n|tier|[Gen 9] National Dex Ubers\n|rule|HP Percentage Mod: HP is shown in percentages\n|rule|Endless Battle Clause: Forcing endless battles is banned\n|rule|OHKO Clause: OHKO moves are banned\n|rule|Evasion Moves Clause: Evasion moves are banned\n|rule|Evasion Items Clause: Evasion items are banned\n|rule|Species Clause: Limit one of each Pok\u00e9mon\n|rule|Sleep Clause Mod: Limit one foe put to sleep\n|rule|Mega Rayquaza Clause: You cannot mega evolve Rayquaza\n|clearpoke\n|poke|p1|Samurott-Hisui, M|\n|poke|p1|Kommo-o, M|\n|poke|p1|Dialga|\n|poke|p1|Arceus-Ground|\n|poke|p1|Diancie|\n|poke|p1|Ho-Oh|\n|poke|p2|Mewtwo|\n|poke|p2|Zacian-*|\n|poke|p2|Arceus-Steel|\n|poke|p2|Dondozo, M|\n|poke|p2|Garganacl, F|\n|poke|p2|Salamence, F|\n|teampreview\n|inactive|Battle timer is ON: inactive players will automatically lose when time's up. (requested by lonly wolf)\n|inactiveoff|Battle timer is now OFF.\n|c|\u2606HopeAddict|helo gamer\n|c|\u2606lonly wolf|good luck have fun\n|c|\u2606HopeAddict|no!\n|j| ah3nny\n|j| AshenAraquanid\n|j| Berryandon\n|c| AshenAraquanid|what the dog doing\n|c|\u2606lonly wolf|hopefully his best\n|j| Blazingbeta\n|c| Blazingbeta|What how did I log into the wrong account\n|j| PaperDrMario\n|\n|t:|1699668431\n|start\n|switch|p1a: ClassicSonicFan|Samurott-Hisui, M|100\/100\n|switch|p2a: best boi|Zacian, shiny|100\/100\n|-ability|p2a: best boi|Intrepid Sword|boost\n|-boost|p2a: best boi|atk|1\n|turn|1\n|c| Berryandon|Ewww shiny zacian\n|\n|t:|1699668455\n|switch|p1a: nug|Ho-Oh|100\/100\n|move|p2a: best boi|Play Rough|p1a: nug\n|-resisted|p1a: nug\n|-damage|p1a: nug|71\/100\n|\n|upkeep\n|turn|2\n|\n|t:|1699668473\n|switch|p2a: original nickname|Garganacl, F|100\/100\n|move|p1a: nug|Will-O-Wisp|p2a: original nickname|[miss]\n|-miss|p1a: nug|p2a: original nickname\n|\n|upkeep\n|turn|3\n|c| PaperDrMario|nug\n|c| PaperDrMario|:)\n|\n|t:|1699668503\n|switch|p1a: im out of names|Arceus-Ground|100\/100\n|move|p2a: original nickname|Salt Cure|p1a: im out of names\n|-resisted|p1a: im out of names\n|-damage|p1a: im out of names|96\/100\n|-start|p1a: im out of names|Salt Cure\n|\n|-damage|p1a: im out of names|83\/100|[from] Salt Cure\n|upkeep\n|turn|4\n|\n|t:|1699668515\n|move|p2a: original nickname|Protect|p2a: original nickname\n|-singleturn|p2a: original nickname|Protect\n|move|p1a: im out of names|Calm Mind|p1a: im out of names\n|-boost|p1a: im out of names|spa|1\n|-boost|p1a: im out of names|spd|1\n|\n|-damage|p1a: im out of names|71\/100|[from] Salt Cure\n|upkeep\n|turn|5\n|\n|t:|1699668555\n|switch|p2a: dragonborn barb|Salamence, F|100\/100\n|-ability|p2a: dragonborn barb|Intimidate|boost\n|-unboost|p1a: im out of names|atk|1\n|move|p1a: im out of names|Judgment|p2a: dragonborn barb\n|-immune|p2a: dragonborn barb\n|\n|-damage|p1a: im out of names|59\/100|[from] Salt Cure\n|upkeep\n|turn|6\n|c| AshenAraquanid|the reclass\n|\n|t:|1699668576\n|switch|p2a: original nickname|Garganacl, F|100\/100\n|move|p1a: im out of names|Ice Beam|p2a: original nickname\n|-damage|p2a: original nickname|62\/100\n|\n|-heal|p2a: original nickname|68\/100|[from] item: Leftovers\n|-damage|p1a: im out of names|46\/100|[from] Salt Cure\n|upkeep\n|turn|7\n|c|\u2606lonly wolf|got some real creative nicknames on the board tonight\n|\n|t:|1699668613\n|move|p2a: original nickname|Protect|p2a: original nickname\n|-singleturn|p2a: original nickname|Protect\n|move|p1a: im out of names|Recover|p1a: im out of names\n|-heal|p1a: im out of names|96\/100\n|\n|-heal|p2a: original nickname|74\/100|[from] item: Leftovers\n|-damage|p1a: im out of names|84\/100|[from] Salt Cure\n|upkeep\n|turn|8\n|\n|t:|1699668625\n|switch|p2a: blondozo|Dondozo, M, shiny|100\/100\n|move|p1a: im out of names|Calm Mind|p1a: im out of names\n|-boost|p1a: im out of names|spa|1\n|-boost|p1a: im out of names|spd|1\n|\n|-damage|p1a: im out of names|71\/100|[from] Salt Cure\n|upkeep\n|turn|9\n|\n|t:|1699668637\n|move|p1a: im out of names|Judgment|p2a: blondozo\n|-damage|p2a: blondozo|46\/100\n|move|p2a: blondozo|Liquidation|p1a: im out of names\n|-supereffective|p1a: im out of names\n|-damage|p1a: im out of names|30\/100\n|\n|-heal|p2a: blondozo|52\/100|[from] item: Leftovers\n|-damage|p1a: im out of names|17\/100|[from] Salt Cure\n|upkeep\n|turn|10\n|c| Berryandon|Ew piss whale\n|c| PaperDrMario|blondozo is a good name\n|c| AshenAraquanid|dondozo light theme\n|c|\u2606HopeAddict|you would name it blondozo\n|l| Blazingbeta\n|c|\u2606lonly wolf|brb this turn is too hard to think about and my dinner food is ready\n|c|\u2606lonly wolf|should only be a minute tho\n|j| Blazingbeta\n|\n|t:|1699668921\n|move|p1a: im out of names|Judgment|p2a: blondozo\n|-damage|p2a: blondozo|0 fnt\n|faint|p2a: blondozo\n|\n|-damage|p1a: im out of names|5\/100|[from] Salt Cure\n|upkeep\n|\n|t:|1699668934\n|switch|p2a: BINGUS?????|Mewtwo|100\/100\n|-ability|p2a: BINGUS?????|Pressure\n|turn|11\n|c|\u2606HopeAddict|bingus coded\n|\n|t:|1699668968\n|detailschange|p2a: BINGUS?????|Mewtwo-Mega-Y\n|-mega|p2a: BINGUS?????|Mewtwo|Mewtwonite Y\n|move|p2a: BINGUS?????|Ice Beam|p1a: im out of names\n|-supereffective|p1a: im out of names\n|-damage|p1a: im out of names|0 fnt\n|faint|p1a: im out of names\n|\n|upkeep\n|\n|t:|1699668981\n|switch|p1a: ClassicSonicFan|Samurott-Hisui, M|100\/100\n|turn|12\n|\n|t:|1699668988\n|switch|p2a: best boi|Zacian, shiny|100\/100\n|move|p1a: ClassicSonicFan|Ceaseless Edge|p2a: best boi\n|-resisted|p2a: best boi\n|-damage|p2a: best boi|79\/100\n|-sidestart|p2: lonly wolf|Spikes\n|\n|upkeep\n|turn|13\n|l| Blazingbeta\n|\n|t:|1699669002\n|switch|p2a: original nickname|Garganacl, F|74\/100\n|-damage|p2a: original nickname|62\/100|[from] Spikes\n|switch|p1a: nug|Ho-Oh|100\/100\n|\n|-heal|p2a: original nickname|68\/100|[from] item: Leftovers\n|upkeep\n|turn|14\n|c|\u2606HopeAddict|im predictable\n|c|\u2606HopeAddict|im WASHED\n|\n|t:|1699669032\n|switch|p1a: jared 19|Diancie|100\/100\n|move|p2a: original nickname|Stealth Rock|p1a: jared 19\n|-sidestart|p1: HopeAddict|move: Stealth Rock\n|\n|-heal|p2a: original nickname|74\/100|[from] item: Leftovers\n|upkeep\n|turn|15\n|c| Berryandon|Is newtwo y a hairless cat would u pet it\n|c|\u2606lonly wolf|no\n|j| AbstractVoid\n|\n|t:|1699669093\n|detailschange|p1a: jared 19|Diancie-Mega\n|-mega|p1a: jared 19|Diancie|Diancite\n|move|p1a: jared 19|Diamond Storm|p2a: original nickname\n|-damage|p2a: original nickname|48\/100\n|move|p2a: original nickname|Salt Cure|p1a: jared 19\n|-damage|p1a: jared 19|81\/100\n|-start|p1a: jared 19|Salt Cure\n|\n|-heal|p2a: original nickname|54\/100|[from] item: Leftovers\n|-damage|p1a: jared 19|69\/100|[from] Salt Cure\n|upkeep\n|turn|16\n|\n|t:|1699669113\n|move|p2a: original nickname|Protect|p2a: original nickname\n|-singleturn|p2a: original nickname|Protect\n|move|p1a: jared 19|Moonblast|p2a: original nickname\n|-activate|p2a: original nickname|move: Protect\n|\n|-heal|p2a: original nickname|60\/100|[from] item: Leftovers\n|-damage|p1a: jared 19|57\/100|[from] Salt Cure\n|upkeep\n|turn|17\n|\n|t:|1699669123\n|move|p1a: jared 19|Moonblast|p2a: original nickname\n|-damage|p2a: original nickname|8\/100\n|move|p2a: original nickname|Recover|p2a: original nickname\n|-heal|p2a: original nickname|58\/100\n|\n|-heal|p2a: original nickname|64\/100|[from] item: Leftovers\n|-damage|p1a: jared 19|44\/100|[from] Salt Cure\n|upkeep\n|turn|18\n|\n|t:|1699669135\n|move|p2a: original nickname|Protect|p2a: original nickname\n|-singleturn|p2a: original nickname|Protect\n|move|p1a: jared 19|Moonblast|p2a: original nickname\n|-activate|p2a: original nickname|move: Protect\n|\n|-heal|p2a: original nickname|71\/100|[from] item: Leftovers\n|-damage|p1a: jared 19|32\/100|[from] Salt Cure\n|upkeep\n|turn|19\n|c|\u2606HopeAddict|i love ubers\n|\n|t:|1699669156\n|switch|p1a: 11:18 PM|Dialga|100\/100\n|-damage|p1a: 11:18 PM|94\/100|[from] Stealth Rock\n|-ability|p1a: 11:18 PM|Pressure\n|move|p2a: original nickname|Recover|p2a: original nickname\n|-heal|p2a: original nickname|100\/100\n|\n|upkeep\n|turn|20\n|\n|t:|1699669178\n|move|p1a: 11:18 PM|Earth Power|p2a: original nickname\n|-supereffective|p2a: original nickname\n|-damage|p2a: original nickname|0 fnt\n|faint|p2a: original nickname\n|\n|upkeep\n|c| Berryandon|What the fuck happens at 1q:18 pm\n|c|\u2606HopeAddict|he doesnt know chat\n|\n|t:|1699669195\n|switch|p2a: dragonborn barb|Salamence, F|100\/100\n|-ability|p2a: dragonborn barb|Intimidate|boost\n|-unboost|p1a: 11:18 PM|atk|1\n|turn|21\n|\n|t:|1699669208\n|switch|p1a: nug|Ho-Oh|100\/100\n|move|p2a: dragonborn barb|Toxic|p1a: nug\n|-status|p1a: nug|tox\n|\n|-damage|p1a: nug|94\/100 tox|[from] psn\n|upkeep\n|turn|22\n|\n|t:|1699669230\n|move|p2a: dragonborn barb|Protect|p2a: dragonborn barb\n|-singleturn|p2a: dragonborn barb|Protect\n|move|p1a: nug|Sacred Fire|p2a: dragonborn barb\n|-activate|p2a: dragonborn barb|move: Protect\n|\n|-damage|p1a: nug|82\/100 tox|[from] psn\n|upkeep\n|turn|23\n|c|\u2606HopeAddict|oh my god\n|c|\u2606HopeAddict|stallamence\n|c|\u2606lonly wolf|PSYCH BITCH ITS DRAGONBORN CLERIC ONCE AGAIN\n|\n|t:|1699669278\n|move|p2a: dragonborn barb|Wish|p2a: dragonborn barb\n|move|p1a: nug|Sacred Fire|p2a: dragonborn barb\n|-resisted|p2a: dragonborn barb\n|-damage|p2a: dragonborn barb|75\/100\n|-status|p2a: dragonborn barb|brn\n|\n|-heal|p2a: dragonborn barb|81\/100 brn|[from] item: Leftovers\n|-damage|p1a: nug|63\/100 tox|[from] psn\n|-damage|p2a: dragonborn barb|75\/100 brn|[from] brn\n|upkeep\n|turn|24\n|c| AshenAraquanid|the absolute bait\n|\n|t:|1699669312\n|switch|p1a: jared 19|Diancie-Mega|32\/100\n|-damage|p1a: jared 19|19\/100|[from] Stealth Rock\n|move|p2a: dragonborn barb|Toxic|p1a: jared 19\n|move|p1a: jared 19|Toxic||[from]ability: Magic Bounce|[still]\n|-fail|p1a: jared 19\n|\n|-heal|p2a: dragonborn barb|100\/100 brn|[from] move: Wish|[wisher] dragonborn barb\n|-damage|p2a: dragonborn barb|94\/100 brn|[from] brn\n|upkeep\n|turn|25\n|c|\u2606lonly wolf|i cry every time i get burned\n|c|\u2606HopeAddict|that burn actually saved you\n|\n|t:|1699669332\n|switch|p2a: best boi|Zacian, shiny|79\/100\n|-damage|p2a: best boi|67\/100|[from] Spikes\n|move|p1a: jared 19|Heal Bell|p1a: jared 19\n|-activate|p1a: jared 19|move: Heal Bell\n|-curestatus|p1: nug|tox|[msg]\n|\n|upkeep\n|turn|26\n|c|\u2606lonly wolf|crazy\n|\n|t:|1699669357\n|move|p2a: best boi|Play Rough|p1a: jared 19\n|-crit|p1a: jared 19\n|-damage|p1a: jared 19|0 fnt\n|faint|p1a: jared 19\n|\n|upkeep\n|\n|t:|1699669367\n|switch|p1a: 11:18 PM|Dialga|94\/100\n|-damage|p1a: 11:18 PM|88\/100|[from] Stealth Rock\n|-ability|p1a: 11:18 PM|Pressure\n|turn|27\n|\n|t:|1699669403\n|switch|p2a: dragonborn barb|Salamence, F|94\/100 brn\n|-ability|p2a: dragonborn barb|Intimidate|boost\n|-unboost|p1a: 11:18 PM|atk|1\n|move|p1a: 11:18 PM|Earth Power|p2a: dragonborn barb\n|-immune|p2a: dragonborn barb\n|\n|-heal|p2a: dragonborn barb|100\/100 brn|[from] item: Leftovers\n|-damage|p2a: dragonborn barb|94\/100 brn|[from] brn\n|upkeep\n|turn|28\n|\n|t:|1699669416\n|switch|p1a: nug|Ho-Oh|96\/100\n|move|p2a: dragonborn barb|Toxic|p1a: nug\n|-status|p1a: nug|tox\n|\n|-heal|p2a: dragonborn barb|100\/100 brn|[from] item: Leftovers\n|-damage|p1a: nug|90\/100 tox|[from] psn\n|-damage|p2a: dragonborn barb|94\/100 brn|[from] brn\n|upkeep\n|turn|29\n|c|\u2606lonly wolf|nice choice dialga ya got there\n|\n|t:|1699669452\n|move|p2a: dragonborn barb|Protect|p2a: dragonborn barb\n|-singleturn|p2a: dragonborn barb|Protect\n|move|p1a: nug|Brave Bird|p2a: dragonborn barb\n|-activate|p2a: dragonborn barb|move: Protect\n|\n|-heal|p2a: dragonborn barb|100\/100 brn|[from] item: Leftovers\n|-damage|p1a: nug|77\/100 tox|[from] psn\n|-damage|p2a: dragonborn barb|94\/100 brn|[from] brn\n|upkeep\n|turn|30\n|\n|t:|1699669466\n|move|p2a: dragonborn barb|Wish|p2a: dragonborn barb\n|move|p1a: nug|Brave Bird|p2a: dragonborn barb\n|-damage|p2a: dragonborn barb|29\/100 brn\n|-damage|p1a: nug|57\/100 tox|[from] Recoil\n|\n|-heal|p2a: dragonborn barb|35\/100 brn|[from] item: Leftovers\n|-damage|p1a: nug|38\/100 tox|[from] psn\n|-damage|p2a: dragonborn barb|29\/100 brn|[from] brn\n|upkeep\n|turn|31\n|\n|t:|1699669494\n|move|p2a: dragonborn barb|Protect|p2a: dragonborn barb\n|-singleturn|p2a: dragonborn barb|Protect\n|move|p1a: nug|Brave Bird|p2a: dragonborn barb\n|-activate|p2a: dragonborn barb|move: Protect\n|\n|-heal|p2a: dragonborn barb|79\/100 brn|[from] move: Wish|[wisher] dragonborn barb\n|-heal|p2a: dragonborn barb|85\/100 brn|[from] item: Leftovers\n|-damage|p1a: nug|13\/100 tox|[from] psn\n|-damage|p2a: dragonborn barb|79\/100 brn|[from] brn\n|upkeep\n|turn|32\n|\n|t:|1699669523\n|move|p2a: dragonborn barb|Wish|p2a: dragonborn barb\n|move|p1a: nug|Brave Bird|p2a: dragonborn barb\n|-damage|p2a: dragonborn barb|14\/100 brn\n|-damage|p1a: nug|0 fnt|[from] Recoil\n|faint|p1a: nug\n|\n|-heal|p2a: dragonborn barb|20\/100 brn|[from] item: Leftovers\n|-damage|p2a: dragonborn barb|14\/100 brn|[from] brn\n|upkeep\n|\n|t:|1699669536\n|switch|p1a: KommoWo|Kommo-o, M|100\/100\n|-damage|p1a: KommoWo|94\/100|[from] Stealth Rock\n|turn|33\n|\n|t:|1699669571\n|switch|p2a: best boi|Zacian, shiny|67\/100\n|-damage|p2a: best boi|55\/100|[from] Spikes\n|move|p1a: KommoWo|Clangorous Soul|p1a: KommoWo\n|-boost|p1a: KommoWo|atk|1\n|-boost|p1a: KommoWo|def|1\n|-boost|p1a: KommoWo|spa|1\n|-boost|p1a: KommoWo|spd|1\n|-boost|p1a: KommoWo|spe|1\n|-damage|p1a: KommoWo|61\/100\n|\n|-heal|p2a: best boi|100\/100|[from] move: Wish|[wisher] dragonborn barb\n|upkeep\n|turn|34\n|\n|t:|1699669593\n|move|p2a: best boi|Play Rough|p1a: KommoWo\n|-supereffective|p1a: KommoWo\n|-damage|p1a: KommoWo|0 fnt\n|faint|p1a: KommoWo\n|\n|upkeep\n|\n|t:|1699669599\n|switch|p1a: 11:18 PM|Dialga|88\/100\n|-damage|p1a: 11:18 PM|82\/100|[from] Stealth Rock\n|-ability|p1a: 11:18 PM|Pressure\n|turn|35\n|c|\u2606HopeAddict|yeah this is game\n|\n|t:|1699669607\n|switch|p2a: dragonborn barb|Salamence, F|14\/100 brn\n|-ability|p2a: dragonborn barb|Intimidate|boost\n|-unboost|p1a: 11:18 PM|atk|1\n|move|p1a: 11:18 PM|Flash Cannon|p2a: dragonborn barb\n|-damage|p2a: dragonborn barb|0 fnt\n|faint|p2a: dragonborn barb\n|\n|upkeep\n|\n|t:|1699669622\n|switch|p2a: cool nickname|Arceus-Steel, shiny|100\/100\n|-damage|p2a: cool nickname|88\/100|[from] Spikes\n|turn|36\n|\n|t:|1699669634\n|switch|p1a: ClassicSonicFan|Samurott-Hisui, M|100\/100\n|-damage|p1a: ClassicSonicFan|88\/100|[from] Stealth Rock\n|move|p2a: cool nickname|Calm Mind|p2a: cool nickname\n|-boost|p2a: cool nickname|spa|1\n|-boost|p2a: cool nickname|spd|1\n|\n|upkeep\n|turn|37\n|\n|t:|1699669666\n|move|p1a: ClassicSonicFan|Razor Shell|p2a: cool nickname\n|-damage|p2a: cool nickname|56\/100\n|-unboost|p2a: cool nickname|def|1\n|move|p2a: cool nickname|Toxic|p1a: ClassicSonicFan\n|-status|p1a: ClassicSonicFan|tox\n|\n|-damage|p1a: ClassicSonicFan|82\/100 tox|[from] psn\n|upkeep\n|turn|38\n|c|\u2606HopeAddict|oh my fucking god\n|c|\u2606lonly wolf|you were scarf on this holy shit\n|c| AshenAraquanid|is it game though\n|c|\u2606lonly wolf|i had to check if this was scarfed\n|\n|t:|1699669708\n|switch|p2a: best boi|Zacian, shiny|100\/100\n|-damage|p2a: best boi|88\/100|[from] Spikes\n|move|p1a: ClassicSonicFan|Razor Shell|p2a: best boi\n|-crit|p2a: best boi\n|-damage|p2a: best boi|18\/100\n|\n|-damage|p1a: ClassicSonicFan|69\/100 tox|[from] psn\n|upkeep\n|turn|39\n|\n|t:|1699669719\n|move|p2a: best boi|Close Combat|p1a: ClassicSonicFan\n|-supereffective|p1a: ClassicSonicFan\n|-damage|p1a: ClassicSonicFan|0 fnt\n|-unboost|p2a: best boi|def|1\n|-unboost|p2a: best boi|spd|1\n|faint|p1a: ClassicSonicFan\n|\n|upkeep\n|\n|t:|1699669721\n|switch|p1a: 11:18 PM|Dialga|82\/100\n|-damage|p1a: 11:18 PM|76\/100|[from] Stealth Rock\n|-ability|p1a: 11:18 PM|Pressure\n|turn|40\n|\n|t:|1699669730\n|move|p2a: best boi|Close Combat|p1a: 11:18 PM\n|-supereffective|p1a: 11:18 PM\n|-damage|p1a: 11:18 PM|20\/100\n|-unboost|p2a: best boi|def|1\n|-unboost|p2a: best boi|spd|1\n|move|p1a: 11:18 PM|Earth Power|p2a: best boi\n|-damage|p2a: best boi|0 fnt\n|faint|p2a: best boi\n|\n|upkeep\n|\n|t:|1699669752\n|switch|p2a: BINGUS?????|Mewtwo-Mega-Y|100\/100\n|-damage|p2a: BINGUS?????|88\/100|[from] Spikes\n|turn|41\n|\n|t:|1699669762\n|move|p2a: BINGUS?????|Ice Beam|p1a: 11:18 PM\n|-damage|p1a: 11:18 PM|0 fnt\n|faint|p1a: 11:18 PM\n|\n|win|lonly wolf\n|c|\u2606HopeAddict|gg\n|c|\u2606lonly wolf|gg\n","uploadtime":1699669777,"views":11,"p1id":"hopeaddict","p2id":"lonlywolf","formatid":"gen9nationaldexubers","rating":0,"private":0,"password":""}