{"id":"gen9nationaldexubers-1986453371","p1":"Shanipika","p2":"srvoltmike","format":"[Gen 9] National Dex Ubers","log":"|j|\u2606Shanipika\n|j|\u2606srvoltmike\n|t:|1699480653\n|gametype|singles\n|player|p1|Shanipika|lady|\n|player|p2|srvoltmike|irida|\n|teamsize|p1|6\n|teamsize|p2|6\n|gen|9\n|tier|[Gen 9] National Dex Ubers\n|rule|HP Percentage Mod: HP is shown in percentages\n|rule|Endless Battle Clause: Forcing endless battles is banned\n|rule|OHKO Clause: OHKO moves are banned\n|rule|Evasion Moves Clause: Evasion moves are banned\n|rule|Evasion Items Clause: Evasion items are banned\n|rule|Species Clause: Limit one of each Pok\u00e9mon\n|rule|Sleep Clause Mod: Limit one foe put to sleep\n|rule|Mega Rayquaza Clause: You cannot mega evolve Rayquaza\n|clearpoke\n|poke|p1|Corviknight, F|\n|poke|p1|Chansey, F|\n|poke|p1|Palafin, M|\n|poke|p1|Gallade, M|\n|poke|p1|Iron Moth|\n|poke|p1|Toedscruel, F|\n|poke|p2|Forretress, M|\n|poke|p2|Ting-Lu|\n|poke|p2|Toxapex, F|\n|poke|p2|Urshifu-*, M|\n|poke|p2|Rillaboom, F|\n|poke|p2|Zeraora|\n|teampreview\n|c|\u2606srvoltmike|gl hf\n|c|\u2606Shanipika|gl hf!\n|\n|t:|1699480734\n|start\n|switch|p1a: Toedscruel|Toedscruel, F|100\/100\n|switch|p2a: Beast Titan|Rillaboom, F|100\/100\n|-fieldstart|move: Grassy Terrain|[from] ability: Grassy Surge|[of] p2a: Beast Titan\n|turn|1\n|\n|t:|1699480773\n|switch|p1a: Corviknight|Corviknight, F|100\/100\n|-ability|p1a: Corviknight|Pressure\n|move|p2a: Beast Titan|U-turn|p1a: Corviknight\n|-resisted|p1a: Corviknight\n|-damage|p1a: Corviknight|97\/100\n|\n|t:|1699480811\n|switch|p2a: Jaw Titan|Zeraora|100\/100|[from] U-turn\n|\n|upkeep\n|turn|2\n|j| Bow-Tie-Testing\n|\n|t:|1699480866\n|move|p2a: Jaw Titan|Bulk Up|p2a: Jaw Titan\n|-boost|p2a: Jaw Titan|atk|1\n|-boost|p2a: Jaw Titan|def|1\n|move|p1a: Corviknight|Iron Defense|p1a: Corviknight\n|-boost|p1a: Corviknight|def|2\n|\n|upkeep\n|turn|3\n|\n|t:|1699480894\n|move|p2a: Jaw Titan|Plasma Fists|p1a: Corviknight\n|-supereffective|p1a: Corviknight\n|-enditem|p1a: Corviknight|Wacan Berry|[eat]\n|-enditem|p1a: Corviknight|Wacan Berry|[weaken]\n|-damage|p1a: Corviknight|76\/100\n|-fieldactivate|move: Ion Deluge\n|-hint|Normal-type moves become Electric-type after using Plasma Fists.\n|move|p1a: Corviknight|Iron Defense|p1a: Corviknight\n|-boost|p1a: Corviknight|def|2\n|\n|upkeep\n|turn|4\n|\n|t:|1699480956\n|switch|p2a: Founding Titan|Toxapex, F|100\/100\n|move|p1a: Corviknight|Body Press|p2a: Founding Titan\n|-resisted|p2a: Founding Titan\n|-damage|p2a: Founding Titan|75\/100\n|-damage|p1a: Corviknight|60\/100|[from] item: Rocky Helmet|[of] p2a: Founding Titan\n|\n|-heal|p2a: Founding Titan|81\/100|[from] Grassy Terrain\n|upkeep\n|turn|5\n|\n|t:|1699480967\n|move|p1a: Corviknight|Roost|p1a: Corviknight\n|-heal|p1a: Corviknight|100\/100\n|-singleturn|p1a: Corviknight|move: Roost\n|move|p2a: Founding Titan|Scald|p1a: Corviknight\n|-damage|p1a: Corviknight|84\/100\n|-status|p1a: Corviknight|brn\n|\n|-heal|p1a: Corviknight|90\/100 brn|[from] Grassy Terrain\n|-heal|p2a: Founding Titan|87\/100|[from] Grassy Terrain\n|-damage|p1a: Corviknight|84\/100 brn|[from] brn\n|-fieldend|move: Grassy Terrain\n|upkeep\n|turn|6\n|c|\u2606Shanipika|lol\n|\n|t:|1699480985\n|move|p1a: Corviknight|Iron Defense|p1a: Corviknight\n|-boost|p1a: Corviknight|def|2\n|move|p2a: Founding Titan|Knock Off|p1a: Corviknight\n|-damage|p1a: Corviknight|82\/100 brn\n|\n|-damage|p1a: Corviknight|76\/100 brn|[from] brn\n|upkeep\n|turn|7\n|\n|t:|1699481023\n|move|p1a: Corviknight|Body Press|p2a: Founding Titan\n|-resisted|p2a: Founding Titan\n|-damage|p2a: Founding Titan|72\/100\n|-damage|p1a: Corviknight|59\/100 brn|[from] item: Rocky Helmet|[of] p2a: Founding Titan\n|move|p2a: Founding Titan|Scald|p1a: Corviknight\n|-crit|p1a: Corviknight\n|-damage|p1a: Corviknight|37\/100 brn\n|\n|-damage|p1a: Corviknight|30\/100 brn|[from] brn\n|upkeep\n|turn|8\n|c|\u2606srvoltmike|srry\n|\n|t:|1699481048\n|move|p1a: Corviknight|Roost|p1a: Corviknight\n|-heal|p1a: Corviknight|80\/100 brn\n|-singleturn|p1a: Corviknight|move: Roost\n|move|p2a: Founding Titan|Scald|p1a: Corviknight\n|-damage|p1a: Corviknight|64\/100 brn\n|\n|-damage|p1a: Corviknight|58\/100 brn|[from] brn\n|upkeep\n|turn|9\n|\n|t:|1699481057\n|move|p1a: Corviknight|Body Press|p2a: Founding Titan\n|-resisted|p2a: Founding Titan\n|-damage|p2a: Founding Titan|58\/100\n|-damage|p1a: Corviknight|42\/100 brn|[from] item: Rocky Helmet|[of] p2a: Founding Titan\n|move|p2a: Founding Titan|Knock Off|p1a: Corviknight\n|-damage|p1a: Corviknight|40\/100 brn\n|\n|-damage|p1a: Corviknight|34\/100 brn|[from] brn\n|upkeep\n|turn|10\n|\n|t:|1699481068\n|move|p1a: Corviknight|Roost|p1a: Corviknight\n|-heal|p1a: Corviknight|84\/100 brn\n|-singleturn|p1a: Corviknight|move: Roost\n|move|p2a: Founding Titan|Recover|p2a: Founding Titan\n|-heal|p2a: Founding Titan|100\/100\n|\n|-damage|p1a: Corviknight|78\/100 brn|[from] brn\n|upkeep\n|turn|11\n|\n|t:|1699481081\n|move|p1a: Corviknight|Body Press|p2a: Founding Titan\n|-resisted|p2a: Founding Titan\n|-damage|p2a: Founding Titan|84\/100\n|-damage|p1a: Corviknight|61\/100 brn|[from] item: Rocky Helmet|[of] p2a: Founding Titan\n|move|p2a: Founding Titan|Knock Off|p1a: Corviknight\n|-damage|p1a: Corviknight|60\/100 brn\n|\n|-damage|p1a: Corviknight|54\/100 brn|[from] brn\n|upkeep\n|turn|12\n|\n|t:|1699481090\n|move|p1a: Corviknight|Body Press|p2a: Founding Titan\n|-resisted|p2a: Founding Titan\n|-damage|p2a: Founding Titan|67\/100\n|-damage|p1a: Corviknight|37\/100 brn|[from] item: Rocky Helmet|[of] p2a: Founding Titan\n|move|p2a: Founding Titan|Knock Off|p1a: Corviknight\n|-damage|p1a: Corviknight|36\/100 brn\n|\n|-damage|p1a: Corviknight|29\/100 brn|[from] brn\n|upkeep\n|turn|13\n|\n|t:|1699481103\n|switch|p2a: Beast Titan|Rillaboom, F|100\/100\n|-fieldstart|move: Grassy Terrain|[from] ability: Grassy Surge|[of] p2a: Beast Titan\n|move|p1a: Corviknight|Roost|p1a: Corviknight\n|-heal|p1a: Corviknight|79\/100 brn\n|-singleturn|p1a: Corviknight|move: Roost\n|\n|-heal|p1a: Corviknight|86\/100 brn|[from] Grassy Terrain\n|-damage|p1a: Corviknight|79\/100 brn|[from] brn\n|upkeep\n|turn|14\n|\n|t:|1699481128\n|switch|p1a: Iron Moth|Iron Moth|100\/100\n|move|p2a: Beast Titan|U-turn|p1a: Iron Moth\n|-resisted|p1a: Iron Moth\n|-damage|p1a: Iron Moth|92\/100\n|\n|t:|1699481132\n|switch|p2a: Cart Titan|Ting-Lu|100\/100|[from] U-turn\n|-ability|p2a: Cart Titan|Vessel of Ruin\n|\n|-heal|p1a: Iron Moth|98\/100|[from] Grassy Terrain\n|upkeep\n|turn|15\n|\n|t:|1699481140\n|-end|p1a: Iron Moth|Quark Drive|[silent]\n|switch|p1a: Corviknight|Corviknight, F|79\/100 brn\n|-ability|p1a: Corviknight|Pressure\n|move|p2a: Cart Titan|Stomping Tantrum|p1a: Corviknight\n|-immune|p1a: Corviknight\n|\n|-damage|p1a: Corviknight|73\/100 brn|[from] brn\n|upkeep\n|turn|16\n|\n|t:|1699481149\n|move|p1a: Corviknight|Iron Defense|p1a: Corviknight\n|-boost|p1a: Corviknight|def|2\n|move|p2a: Cart Titan|Ruination|p1a: Corviknight\n|-damage|p1a: Corviknight|37\/100 brn\n|\n|-damage|p1a: Corviknight|31\/100 brn|[from] brn\n|upkeep\n|turn|17\n|\n|t:|1699481156\n|move|p1a: Corviknight|Roost|p1a: Corviknight\n|-heal|p1a: Corviknight|81\/100 brn\n|-singleturn|p1a: Corviknight|move: Roost\n|move|p2a: Cart Titan|Stomping Tantrum|p1a: Corviknight\n|-supereffective|p1a: Corviknight\n|-damage|p1a: Corviknight|65\/100 brn\n|\n|-heal|p1a: Corviknight|71\/100 brn|[from] Grassy Terrain\n|-damage|p1a: Corviknight|65\/100 brn|[from] brn\n|-fieldend|move: Grassy Terrain\n|upkeep\n|turn|18\n|\n|t:|1699481165\n|switch|p2a: Founding Titan|Toxapex, F|100\/100\n|move|p1a: Corviknight|Iron Defense|p1a: Corviknight\n|-boost|p1a: Corviknight|def|2\n|\n|-damage|p1a: Corviknight|59\/100 brn|[from] brn\n|upkeep\n|turn|19\n|\n|t:|1699481172\n|move|p1a: Corviknight|Iron Defense|p1a: Corviknight\n|-boost|p1a: Corviknight|def|2\n|move|p2a: Founding Titan|Knock Off|p1a: Corviknight\n|-damage|p1a: Corviknight|57\/100 brn\n|\n|-damage|p1a: Corviknight|51\/100 brn|[from] brn\n|upkeep\n|turn|20\n|\n|t:|1699481179\n|move|p1a: Corviknight|Body Press|p2a: Founding Titan\n|-resisted|p2a: Founding Titan\n|-damage|p2a: Founding Titan|84\/100\n|-damage|p1a: Corviknight|35\/100 brn|[from] item: Rocky Helmet|[of] p2a: Founding Titan\n|move|p2a: Founding Titan|Knock Off|p1a: Corviknight\n|-damage|p1a: Corviknight|33\/100 brn\n|\n|-damage|p1a: Corviknight|27\/100 brn|[from] brn\n|upkeep\n|turn|21\n|\n|t:|1699481200\n|switch|p2a: Beast Titan|Rillaboom, F|100\/100\n|-fieldstart|move: Grassy Terrain|[from] ability: Grassy Surge|[of] p2a: Beast Titan\n|move|p1a: Corviknight|Roost|p1a: Corviknight\n|-heal|p1a: Corviknight|77\/100 brn\n|-singleturn|p1a: Corviknight|move: Roost\n|\n|-heal|p1a: Corviknight|83\/100 brn|[from] Grassy Terrain\n|-damage|p1a: Corviknight|77\/100 brn|[from] brn\n|upkeep\n|turn|22\n|\n|t:|1699481213\n|move|p2a: Beast Titan|U-turn|p1a: Corviknight\n|-resisted|p1a: Corviknight\n|-damage|p1a: Corviknight|76\/100 brn\n|\n|t:|1699481217\n|switch|p2a: Founding Titan|Toxapex, F|100\/100|[from] U-turn\n|move|p1a: Corviknight|Body Press|p2a: Founding Titan\n|-resisted|p2a: Founding Titan\n|-damage|p2a: Founding Titan|84\/100\n|-damage|p1a: Corviknight|59\/100 brn|[from] item: Rocky Helmet|[of] p2a: Founding Titan\n|\n|-heal|p2a: Founding Titan|90\/100|[from] Grassy Terrain\n|-damage|p1a: Corviknight|53\/100 brn|[from] brn\n|upkeep\n|turn|23\n|\n|t:|1699481227\n|move|p1a: Corviknight|Body Press|p2a: Founding Titan\n|-resisted|p2a: Founding Titan\n|-damage|p2a: Founding Titan|74\/100\n|-damage|p1a: Corviknight|37\/100 brn|[from] item: Rocky Helmet|[of] p2a: Founding Titan\n|move|p2a: Founding Titan|Knock Off|p1a: Corviknight\n|-damage|p1a: Corviknight|35\/100 brn\n|\n|-heal|p2a: Founding Titan|80\/100|[from] Grassy Terrain\n|-damage|p1a: Corviknight|29\/100 brn|[from] brn\n|upkeep\n|turn|24\n|\n|t:|1699481238\n|move|p1a: Corviknight|Body Press|p2a: Founding Titan\n|-resisted|p2a: Founding Titan\n|-damage|p2a: Founding Titan|64\/100\n|-damage|p1a: Corviknight|12\/100 brn|[from] item: Rocky Helmet|[of] p2a: Founding Titan\n|move|p2a: Founding Titan|Knock Off|p1a: Corviknight\n|-damage|p1a: Corviknight|11\/100 brn\n|\n|-heal|p2a: Founding Titan|70\/100|[from] Grassy Terrain\n|-damage|p1a: Corviknight|5\/100 brn|[from] brn\n|upkeep\n|turn|25\n|\n|t:|1699481247\n|move|p1a: Corviknight|Roost|p1a: Corviknight\n|-heal|p1a: Corviknight|55\/100 brn\n|-singleturn|p1a: Corviknight|move: Roost\n|move|p2a: Founding Titan|Recover|p2a: Founding Titan\n|-heal|p2a: Founding Titan|100\/100\n|\n|-heal|p1a: Corviknight|61\/100 brn|[from] Grassy Terrain\n|-damage|p1a: Corviknight|55\/100 brn|[from] brn\n|-fieldend|move: Grassy Terrain\n|upkeep\n|turn|26\n|\n|t:|1699481256\n|move|p1a: Corviknight|Body Press|p2a: Founding Titan\n|-resisted|p2a: Founding Titan\n|-damage|p2a: Founding Titan|84\/100\n|-damage|p1a: Corviknight|38\/100 brn|[from] item: Rocky Helmet|[of] p2a: Founding Titan\n|move|p2a: Founding Titan|Knock Off|p1a: Corviknight\n|-damage|p1a: Corviknight|37\/100 brn\n|\n|-damage|p1a: Corviknight|30\/100 brn|[from] brn\n|upkeep\n|turn|27\n|\n|t:|1699481267\n|move|p1a: Corviknight|Roost|p1a: Corviknight\n|-heal|p1a: Corviknight|80\/100 brn\n|-singleturn|p1a: Corviknight|move: Roost\n|move|p2a: Founding Titan|Scald|p1a: Corviknight\n|-damage|p1a: Corviknight|65\/100 brn\n|\n|-damage|p1a: Corviknight|59\/100 brn|[from] brn\n|upkeep\n|turn|28\n|\n|t:|1699481275\n|move|p1a: Corviknight|Body Press|p2a: Founding Titan\n|-resisted|p2a: Founding Titan\n|-damage|p2a: Founding Titan|67\/100\n|-damage|p1a: Corviknight|43\/100 brn|[from] item: Rocky Helmet|[of] p2a: Founding Titan\n|move|p2a: Founding Titan|Toxic||[still]\n|-fail|p2a: Founding Titan\n|\n|-damage|p1a: Corviknight|36\/100 brn|[from] brn\n|upkeep\n|turn|29\n|\n|t:|1699481289\n|switch|p1a: Iron Moth|Iron Moth|98\/100\n|move|p2a: Founding Titan|Recover|p2a: Founding Titan\n|-heal|p2a: Founding Titan|100\/100\n|\n|upkeep\n|turn|30\n|\n|t:|1699481324\n|switch|p2a: Cart Titan|Ting-Lu|100\/100\n|-ability|p2a: Cart Titan|Vessel of Ruin\n|move|p1a: Iron Moth|Energy Ball|p2a: Cart Titan\n|-supereffective|p2a: Cart Titan\n|-damage|p2a: Cart Titan|63\/100\n|\n|-heal|p2a: Cart Titan|70\/100|[from] item: Leftovers\n|upkeep\n|turn|31\n|\n|t:|1699481399\n|-end|p1a: Iron Moth|Quark Drive|[silent]\n|switch|p1a: Corviknight|Corviknight, F|36\/100 brn\n|-ability|p1a: Corviknight|Pressure\n|move|p2a: Cart Titan|Ruination|p1a: Corviknight\n|-damage|p1a: Corviknight|18\/100 brn\n|\n|-heal|p2a: Cart Titan|76\/100|[from] item: Leftovers\n|-damage|p1a: Corviknight|12\/100 brn|[from] brn\n|upkeep\n|turn|32\n|\n|t:|1699481412\n|switch|p2a: Jaw Titan|Zeraora|100\/100\n|move|p1a: Corviknight|Body Press|p2a: Jaw Titan\n|-damage|p2a: Jaw Titan|85\/100\n|\n|-damage|p1a: Corviknight|6\/100 brn|[from] brn\n|upkeep\n|turn|33\n|\n|t:|1699481422\n|move|p2a: Jaw Titan|Bulk Up|p2a: Jaw Titan\n|-boost|p2a: Jaw Titan|atk|1\n|-boost|p2a: Jaw Titan|def|1\n|move|p1a: Corviknight|Body Press|p2a: Jaw Titan\n|-damage|p2a: Jaw Titan|74\/100\n|\n|-damage|p1a: Corviknight|0 fnt|[from] brn\n|faint|p1a: Corviknight\n|upkeep\n|\n|t:|1699481473\n|switch|p1a: Toedscruel|Toedscruel, F|100\/100\n|turn|34\n|\n|t:|1699481498\n|move|p1a: Toedscruel|Earth Power|p2a: Jaw Titan\n|-supereffective|p2a: Jaw Titan\n|-damage|p2a: Jaw Titan|0 fnt\n|faint|p2a: Jaw Titan\n|\n|upkeep\n|\n|t:|1699481568\n|switch|p2a: Attack Titan|Urshifu-Rapid-Strike, M|100\/100\n|turn|35\n|\n|t:|1699481609\n|move|p1a: Toedscruel|Earth Power|p2a: Attack Titan\n|-damage|p2a: Attack Titan|57\/100\n|move|p2a: Attack Titan|Swords Dance|p2a: Attack Titan\n|-boost|p2a: Attack Titan|atk|2\n|\n|upkeep\n|turn|36\n|\n|t:|1699481626\n|move|p1a: Toedscruel|Earth Power|p2a: Attack Titan\n|-damage|p2a: Attack Titan|11\/100\n|move|p2a: Attack Titan|Drain Punch|p1a: Toedscruel\n|-damage|p1a: Toedscruel|0 fnt\n|-heal|p2a: Attack Titan|58\/100|[from] drain|[of] p1a: Toedscruel\n|faint|p1a: Toedscruel\n|\n|upkeep\n|c| Bow-Tie-Testing|As if we haven't seen enough of this asshole in reg E\n|c| Bow-Tie-Testing|here he is in draft hanging out\n|\n|t:|1699481687\n|switch|p1a: Gallade|Gallade, M|100\/100\n|turn|37\n|\n|t:|1699481812\n|switch|p2a: Armored Titan|Forretress, M|100\/100\n|move|p1a: Gallade|Psycho Cut|p2a: Armored Titan\n|-resisted|p2a: Armored Titan\n|-damage|p2a: Armored Titan|85\/100\n|\n|-heal|p2a: Armored Titan|91\/100|[from] item: Leftovers\n|upkeep\n|turn|38\n|\n|t:|1699481822\n|switch|p1a: Palafin|Palafin, M|100\/100\n|move|p2a: Armored Titan|Volt Switch|p1a: Palafin\n|-supereffective|p1a: Palafin\n|-damage|p1a: Palafin|72\/100\n|\n|t:|1699481832\n|switch|p2a: Beast Titan|Rillaboom, F|100\/100|[from] Volt Switch\n|-fieldstart|move: Grassy Terrain|[from] ability: Grassy Surge|[of] p2a: Beast Titan\n|\n|-heal|p1a: Palafin|79\/100|[from] Grassy Terrain\n|upkeep\n|turn|39\n|\n|t:|1699481845\n|detailschange|p1a: Palafin|Palafin-Hero, M\n|switch|p1a: Iron Moth|Iron Moth|98\/100\n|move|p2a: Beast Titan|Knock Off|p1a: Iron Moth\n|-damage|p1a: Iron Moth|50\/100\n|-enditem|p1a: Iron Moth|Expert Belt|[from] move: Knock Off|[of] p2a: Beast Titan\n|\n|-heal|p1a: Iron Moth|56\/100|[from] Grassy Terrain\n|upkeep\n|turn|40\n|\n|t:|1699481954\n|switch|p2a: Cart Titan|Ting-Lu|76\/100\n|-ability|p2a: Cart Titan|Vessel of Ruin\n|move|p1a: Iron Moth|Acid Spray|p2a: Cart Titan\n|-resisted|p2a: Cart Titan\n|-damage|p2a: Cart Titan|71\/100\n|-unboost|p2a: Cart Titan|spd|2\n|\n|-heal|p1a: Iron Moth|62\/100|[from] Grassy Terrain\n|-heal|p2a: Cart Titan|77\/100|[from] Grassy Terrain\n|-heal|p2a: Cart Titan|84\/100|[from] item: Leftovers\n|upkeep\n|turn|41\n|c|\u2606srvoltmike|oo\n|\n|t:|1699482000\n|move|p1a: Iron Moth|Energy Ball|p2a: Cart Titan\n|-supereffective|p2a: Cart Titan\n|-damage|p2a: Cart Titan|10\/100\n|move|p2a: Cart Titan|Stomping Tantrum|p1a: Iron Moth\n|-supereffective|p1a: Iron Moth\n|-damage|p1a: Iron Moth|0 fnt\n|faint|p1a: Iron Moth\n|-end|p1a: Iron Moth|Quark Drive|[silent]\n|\n|-heal|p2a: Cart Titan|17\/100|[from] Grassy Terrain\n|-heal|p2a: Cart Titan|23\/100|[from] item: Leftovers\n|upkeep\n|c|\u2606Shanipika|yeah terrain + lefties put you out of range unfort\n|c|\u2606srvoltmike|yep\n|c|\u2606srvoltmike|82 max\n|c|\u2606srvoltmike|saw that got happy\n|\n|t:|1699482049\n|switch|p1a: Gallade|Gallade, M|100\/100\n|turn|42\n|\n|t:|1699482065\n|move|p2a: Cart Titan|Protect|p2a: Cart Titan\n|-singleturn|p2a: Cart Titan|Protect\n|move|p1a: Gallade|Trick|p2a: Cart Titan\n|-activate|p2a: Cart Titan|move: Protect\n|\n|-heal|p2a: Cart Titan|29\/100|[from] Grassy Terrain\n|-heal|p2a: Cart Titan|35\/100|[from] item: Leftovers\n|-fieldend|move: Grassy Terrain\n|upkeep\n|turn|43\n|\n|t:|1699482160\n|switch|p1a: Chansey|Chansey, F|100\/100\n|switch|p2a: Attack Titan|Urshifu-Rapid-Strike, M|58\/100\n|\n|upkeep\n|turn|44\n|\n|t:|1699482184\n|move|p2a: Attack Titan|Drain Punch|p1a: Chansey\n|-supereffective|p1a: Chansey\n|-damage|p1a: Chansey|19\/100\n|-heal|p2a: Attack Titan|100\/100|[from] drain|[of] p1a: Chansey\n|move|p1a: Chansey|Toxic|p2a: Attack Titan\n|-status|p2a: Attack Titan|tox\n|\n|-damage|p2a: Attack Titan|94\/100 tox|[from] psn\n|upkeep\n|turn|45\n|\n|t:|1699482193\n|switch|p1a: Palafin|Palafin-Hero, M|79\/100\n|-activate|p1a: Palafin|ability: Zero to Hero\n|move|p2a: Attack Titan|Surging Strikes|p1a: Palafin\n|-resisted|p1a: Palafin\n|-crit|p1a: Palafin\n|-damage|p1a: Palafin|65\/100\n|-resisted|p1a: Palafin\n|-crit|p1a: Palafin\n|-damage|p1a: Palafin|52\/100\n|-resisted|p1a: Palafin\n|-crit|p1a: Palafin\n|-damage|p1a: Palafin|38\/100\n|-hitcount|p1a: Palafin|3\n|\n|-damage|p2a: Attack Titan|82\/100 tox|[from] psn\n|upkeep\n|turn|46\n|\n|t:|1699482251\n|switch|p2a: Cart Titan|Ting-Lu|35\/100\n|-ability|p2a: Cart Titan|Vessel of Ruin\n|move|p1a: Palafin|Wave Crash|p2a: Cart Titan\n|-supereffective|p2a: Cart Titan\n|-damage|p2a: Cart Titan|0 fnt\n|faint|p2a: Cart Titan\n|-damage|p1a: Palafin|23\/100|[from] Recoil\n|\n|upkeep\n|\n|t:|1699482265\n|switch|p2a: Beast Titan|Rillaboom, F|100\/100\n|-fieldstart|move: Grassy Terrain|[from] ability: Grassy Surge|[of] p2a: Beast Titan\n|turn|47\n|\n|t:|1699482285\n|switch|p1a: Chansey|Chansey, F|19\/100\n|move|p2a: Beast Titan|Grassy Glide|p1a: Chansey\n|-damage|p1a: Chansey|0 fnt\n|faint|p1a: Chansey\n|\n|upkeep\n|c|\u2606Shanipika|im so sad I didnt click counter\n|c|\u2606Shanipika|on the drain punch\n|c|\u2606Shanipika|Kinda ended the game\n|\n|t:|1699482310\n|switch|p1a: Gallade|Gallade, M|100\/100\n|turn|48\n|\n|t:|1699482318\n|move|p2a: Beast Titan|Grassy Glide|p1a: Gallade\n|-damage|p1a: Gallade|38\/100\n|move|p1a: Gallade|Sacred Sword|p2a: Beast Titan\n|-damage|p2a: Beast Titan|32\/100\n|\n|-heal|p1a: Gallade|44\/100|[from] Grassy Terrain\n|-heal|p2a: Beast Titan|38\/100|[from] Grassy Terrain\n|upkeep\n|turn|49\n|\n|t:|1699482328\n|move|p2a: Beast Titan|Grassy Glide|p1a: Gallade\n|-damage|p1a: Gallade|0 fnt\n|faint|p1a: Gallade\n|\n|-heal|p2a: Beast Titan|44\/100|[from] Grassy Terrain\n|upkeep\n|\n|t:|1699482333\n|switch|p1a: Palafin|Palafin-Hero, M|23\/100\n|turn|50\n|\n|t:|1699482337\n|move|p1a: Palafin|Jet Punch|p2a: Beast Titan\n|-resisted|p2a: Beast Titan\n|-damage|p2a: Beast Titan|13\/100\n|move|p2a: Beast Titan|Grassy Glide|p1a: Palafin\n|-supereffective|p1a: Palafin\n|-damage|p1a: Palafin|0 fnt\n|faint|p1a: Palafin\n|\n|win|srvoltmike\n|c|\u2606srvoltmike|ggs\n|c|\u2606Shanipika|ggs\n|l| Bow-Tie-Testing\n","uploadtime":1699482344,"views":50,"p1id":"shanipika","p2id":"srvoltmike","formatid":"gen9nationaldexubers","rating":0,"private":0,"password":""}