{"id":"gen9nationaldexubers-1984765691","p1":"S1nFu11Shades","p2":"electroshibe","format":"[Gen 9] National Dex Ubers","log":"|j|\u2606S1nFu11Shades\n|j|\u2606electroshibe\n|t:|1699297236\n|gametype|singles\n|player|p1|S1nFu11Shades|n-masters|1126\n|player|p2|electroshibe|alec-anime|1231\n|teamsize|p1|6\n|teamsize|p2|6\n|gen|9\n|tier|[Gen 9] National Dex Ubers\n|rated|\n|rule|HP Percentage Mod: HP is shown in percentages\n|rule|Endless Battle Clause: Forcing endless battles is banned\n|rule|OHKO Clause: OHKO moves are banned\n|rule|Evasion Moves Clause: Evasion moves are banned\n|rule|Evasion Items Clause: Evasion items are banned\n|rule|Species Clause: Limit one of each Pok\u00e9mon\n|rule|Sleep Clause Mod: Limit one foe put to sleep\n|rule|Mega Rayquaza Clause: You cannot mega evolve Rayquaza\n|clearpoke\n|poke|p1|Gyarados, F|\n|poke|p1|Lopunny, F|\n|poke|p1|Yveltal|\n|poke|p1|Zacian-*|\n|poke|p1|Marshadow|\n|poke|p1|Salazzle, F|\n|poke|p2|Absol, M|\n|poke|p2|Weavile, F|\n|poke|p2|Ogerpon-Hearthflame, F|\n|poke|p2|Shaymin-Sky|\n|poke|p2|Maushold-Four|\n|poke|p2|Cyclizar, F|\n|teampreview\n|\n|t:|1699297251\n|start\n|switch|p1a: Salazzle|Salazzle, F, shiny|100\/100\n|switch|p2a: Motorola|Cyclizar, F|100\/100\n|turn|1\n|\n|t:|1699297255\n|-terastallize|p1a: Salazzle|Poison\n|move|p2a: Motorola|Shed Tail|p2a: Motorola\n|-start|p2a: Motorola|Substitute|[from] move: Shed Tail\n|-damage|p2a: Motorola|50\/100\n|\n|t:|1699297261\n|switch|p2a: Manager|Absol, M|100\/100|[from] Shed Tail\n|move|p1a: Salazzle|Nasty Plot|p1a: Salazzle\n|-boost|p1a: Salazzle|spa|2\n|\n|upkeep\n|turn|2\n|\n|t:|1699297270\n|detailschange|p2a: Manager|Absol-Mega, M\n|-mega|p2a: Manager|Absol|Absolite\n|move|p2a: Manager|Hone Claws|p2a: Manager\n|-boost|p2a: Manager|atk|1\n|-boost|p2a: Manager|accuracy|1\n|move|p1a: Salazzle|Sludge Bomb|p2a: Manager\n|-end|p2a: Manager|Substitute\n|\n|upkeep\n|turn|3\n|\n|t:|1699297283\n|move|p2a: Manager|Throat Chop|p1a: Salazzle\n|-enditem|p1a: Salazzle|Focus Sash\n|-damage|p1a: Salazzle|1\/100\n|-start|p1a: Salazzle|Throat Chop|[silent]\n|move|p1a: Salazzle|Sludge Bomb|p2a: Manager\n|-damage|p2a: Manager|0 fnt\n|faint|p2a: Manager\n|\n|upkeep\n|\n|t:|1699297292\n|switch|p2a: Worse Chien Pao|Weavile, F|100\/100\n|-ability|p2a: Worse Chien Pao|Pressure\n|turn|4\n|\n|t:|1699297297\n|move|p2a: Worse Chien Pao|Pursuit|p1a: Salazzle\n|-damage|p1a: Salazzle|0 fnt\n|faint|p1a: Salazzle\n|\n|upkeep\n|\n|t:|1699297302\n|switch|p1a: NUT BIRD|Yveltal, shiny|100\/100\n|-ability|p1a: NUT BIRD|Dark Aura\n|turn|5\n|\n|t:|1699297306\n|move|p1a: NUT BIRD|Sucker Punch|p2a: Worse Chien Pao\n|-resisted|p2a: Worse Chien Pao\n|-damage|p2a: Worse Chien Pao|63\/100\n|move|p2a: Worse Chien Pao|Triple Axel|p1a: NUT BIRD\n|-supereffective|p1a: NUT BIRD\n|-damage|p1a: NUT BIRD|80\/100\n|-supereffective|p1a: NUT BIRD\n|-damage|p1a: NUT BIRD|46\/100\n|-supereffective|p1a: NUT BIRD\n|-damage|p1a: NUT BIRD|0 fnt\n|faint|p1a: NUT BIRD\n|-hitcount|p1: NUT BIRD|3\n|\n|upkeep\n|-message|S1nFu11Shades forfeited.\n|\n|win|electroshibe\n|raw|S1nFu11Shades's rating: 1126 &rarr; <strong>1108<\/strong><br \/>(-18 for losing)\n|raw|electroshibe's rating: 1231 &rarr; <strong>1249<\/strong><br \/>(+18 for winning)\n|l|\u2606S1nFu11Shades\n","uploadtime":1699297324,"views":4,"p1id":"s1nfu11shades","p2id":"electroshibe","formatid":"gen9nationaldexubers","rating":1108,"private":0,"password":""}