{"id":"gen9nationaldexubers-1988706775","p1":"Kye_Akashi","p2":"CorajosoKK","format":"[Gen 9] National Dex Ubers","log":"|j|\u2606Kye_Akashi\n|j|\u2606CorajosoKK\n|t:|1699753056\n|gametype|singles\n|player|p1|Kye_Akashi|n|1041\n|player|p2|CorajosoKK|richboy|1060\n|teamsize|p1|6\n|teamsize|p2|6\n|gen|9\n|tier|[Gen 9] National Dex Ubers\n|rated|\n|rule|HP Percentage Mod: HP is shown in percentages\n|rule|Endless Battle Clause: Forcing endless battles is banned\n|rule|OHKO Clause: OHKO moves are banned\n|rule|Evasion Moves Clause: Evasion moves are banned\n|rule|Evasion Items Clause: Evasion items are banned\n|rule|Species Clause: Limit one of each Pok\u00e9mon\n|rule|Sleep Clause Mod: Limit one foe put to sleep\n|rule|Mega Rayquaza Clause: You cannot mega evolve Rayquaza\n|clearpoke\n|poke|p1|Lucario, M|\n|poke|p1|Slowbro, F|\n|poke|p1|Aegislash, M|\n|poke|p1|Gardevoir, M|\n|poke|p1|Talonflame, F|\n|poke|p1|Tyranitar, M|\n|poke|p2|Shuckle, F|\n|poke|p2|Dracovish|\n|poke|p2|Grimmsnarl, M|\n|poke|p2|Mimikyu, F|\n|poke|p2|Darmanitan-Galar, F|\n|poke|p2|Inteleon, M|\n|teampreview\n|inactive|Battle timer is ON: inactive players will automatically lose when time's up. (requested by CorajosoKK)\n|\n|t:|1699753088\n|start\n|switch|p1a: Slowbro|Slowbro, F|100\/100\n|switch|p2a: Shuckle|Shuckle, F|100\/100\n|turn|1\n|\n|t:|1699753095\n|move|p1a: Slowbro|Scald|p2a: Shuckle\n|-supereffective|p2a: Shuckle\n|-damage|p2a: Shuckle|73\/100\n|-status|p2a: Shuckle|brn\n|move|p2a: Shuckle|Sticky Web|p1a: Slowbro\n|-sidestart|p1: Kye_Akashi|move: Sticky Web\n|\n|-damage|p2a: Shuckle|66\/100 brn|[from] brn\n|upkeep\n|turn|2\n|\n|t:|1699753114\n|move|p1a: Slowbro|Scald|p2a: Shuckle\n|-supereffective|p2a: Shuckle\n|-damage|p2a: Shuckle|37\/100 brn\n|move|p2a: Shuckle|Stealth Rock|p1a: Slowbro\n|-sidestart|p1: Kye_Akashi|move: Stealth Rock\n|\n|-damage|p2a: Shuckle|31\/100 brn|[from] brn\n|upkeep\n|turn|3\n|\n|t:|1699753127\n|move|p1a: Slowbro|Scald|p2a: Shuckle\n|-supereffective|p2a: Shuckle\n|-damage|p2a: Shuckle|1\/100 brn\n|move|p2a: Shuckle|Encore|p1a: Slowbro\n|-start|p1a: Slowbro|Encore\n|\n|-damage|p2a: Shuckle|0 fnt|[from] brn\n|faint|p2a: Shuckle\n|upkeep\n|\n|t:|1699753152\n|switch|p2a: Grimmsnarl|Grimmsnarl, M|100\/100\n|turn|4\n|\n|t:|1699753158\n|move|p2a: Grimmsnarl|Reflect|p2a: Grimmsnarl\n|-sidestart|p2: CorajosoKK|Reflect\n|move|p1a: Slowbro|Scald|p2a: Grimmsnarl\n|-damage|p2a: Grimmsnarl|73\/100\n|-status|p2a: Grimmsnarl|brn\n|\n|-damage|p2a: Grimmsnarl|67\/100 brn|[from] brn\n|upkeep\n|turn|5\n|\n|t:|1699753167\n|move|p2a: Grimmsnarl|Light Screen|p2a: Grimmsnarl\n|-sidestart|p2: CorajosoKK|move: Light Screen\n|move|p1a: Slowbro|Scald|p2a: Grimmsnarl\n|-damage|p2a: Grimmsnarl|53\/100 brn\n|\n|-damage|p2a: Grimmsnarl|47\/100 brn|[from] brn\n|upkeep\n|turn|6\n|\n|t:|1699753181\n|move|p2a: Grimmsnarl|Taunt|p1a: Slowbro\n|-immune|p1a: Slowbro|[from] ability: Oblivious\n|move|p1a: Slowbro|Scald|p2a: Grimmsnarl\n|-damage|p2a: Grimmsnarl|33\/100 brn\n|\n|-damage|p2a: Grimmsnarl|27\/100 brn|[from] brn\n|-end|p1a: Slowbro|Encore\n|upkeep\n|turn|7\n|\n|t:|1699753196\n|move|p2a: Grimmsnarl|Spirit Break|p1a: Slowbro\n|-damage|p1a: Slowbro|91\/100\n|-unboost|p1a: Slowbro|spa|1\n|move|p1a: Slowbro|Scald|p2a: Grimmsnarl\n|-crit|p2a: Grimmsnarl\n|-damage|p2a: Grimmsnarl|0 fnt\n|faint|p2a: Grimmsnarl\n|\n|-heal|p1a: Slowbro|97\/100|[from] item: Leftovers\n|upkeep\n|\n|t:|1699753210\n|switch|p2a: Mimikyu|Mimikyu, F, shiny|100\/100\n|turn|8\n|\n|t:|1699753218\n|move|p2a: Mimikyu|Swords Dance|p2a: Mimikyu\n|-boost|p2a: Mimikyu|atk|2\n|move|p1a: Slowbro|Scald|p2a: Mimikyu\n|-activate|p2a: Mimikyu|ability: Disguise\n|-damage|p2a: Mimikyu|100\/100\n|detailschange|p2a: Mimikyu|Mimikyu-Busted, F, shiny\n|-damage|p2a: Mimikyu|88\/100|[from] pokemon: Mimikyu-Busted\n|\n|-heal|p1a: Slowbro|100\/100|[from] item: Leftovers\n|upkeep\n|turn|9\n|\n|t:|1699753231\n|move|p2a: Mimikyu|Shadow Claw|p1a: Slowbro\n|-supereffective|p1a: Slowbro\n|-damage|p1a: Slowbro|29\/100\n|move|p1a: Slowbro|Scald|p2a: Mimikyu\n|-damage|p2a: Mimikyu|76\/100\n|\n|-heal|p1a: Slowbro|35\/100|[from] item: Leftovers\n|upkeep\n|turn|10\n|\n|t:|1699753241\n|move|p2a: Mimikyu|Shadow Claw|p1a: Slowbro\n|-supereffective|p1a: Slowbro\n|-damage|p1a: Slowbro|0 fnt\n|faint|p1a: Slowbro\n|\n|upkeep\n|\n|t:|1699753258\n|switch|p1a: Lucario|Lucario, M|100\/100\n|-activate|p1a: Lucario|move: Sticky Web\n|-unboost|p1a: Lucario|spe|1\n|-damage|p1a: Lucario|98\/100|[from] Stealth Rock\n|turn|11\n|\n|t:|1699753268\n|detailschange|p1a: Lucario|Lucario-Mega, M\n|-mega|p1a: Lucario|Lucario|Lucarionite\n|move|p2a: Mimikyu|Shadow Claw|p1a: Lucario\n|-damage|p1a: Lucario|23\/100\n|move|p1a: Lucario|Bulk Up|p1a: Lucario\n|-boost|p1a: Lucario|atk|1\n|-boost|p1a: Lucario|def|1\n|\n|-sideend|p2: CorajosoKK|Reflect\n|upkeep\n|turn|12\n|\n|t:|1699753279\n|move|p2a: Mimikyu|Shadow Claw|p1a: Lucario\n|-damage|p1a: Lucario|0 fnt\n|faint|p1a: Lucario\n|\n|-sideend|p2: CorajosoKK|move: Light Screen\n|upkeep\n|\n|t:|1699753288\n|switch|p1a: Talonflame|Talonflame, F|100\/100\n|-damage|p1a: Talonflame|51\/100|[from] Stealth Rock\n|turn|13\n|\n|t:|1699753303\n|move|p1a: Talonflame|Steel Wing|p2a: Mimikyu\n|-supereffective|p2a: Mimikyu\n|-damage|p2a: Mimikyu|17\/100\n|move|p2a: Mimikyu|Play Rough|p1a: Talonflame\n|-resisted|p1a: Talonflame\n|-damage|p1a: Talonflame|0 fnt\n|faint|p1a: Talonflame\n|\n|upkeep\n|\n|t:|1699753325\n|switch|p1a: Aegislash|Aegislash, M, shiny|100\/100\n|-activate|p1a: Aegislash|move: Sticky Web\n|-unboost|p1a: Aegislash|spe|1\n|-damage|p1a: Aegislash|94\/100|[from] Stealth Rock\n|turn|14\n|\n|t:|1699753345\n|-zpower|p2a: Mimikyu\n|move|p2a: Mimikyu|Let's Snuggle Forever|p1a: Aegislash|[zeffect]\n|-resisted|p1a: Aegislash\n|-damage|p1a: Aegislash|33\/100\n|-formechange|p1a: Aegislash|Aegislash-Blade||[from] ability: Stance Change\n|move|p1a: Aegislash|Iron Head|p2a: Mimikyu\n|-supereffective|p2a: Mimikyu\n|-damage|p2a: Mimikyu|0 fnt\n|faint|p2a: Mimikyu\n|\n|upkeep\n|inactive|CorajosoKK has 120 seconds left.\n|\n|t:|1699753367\n|switch|p2a: Darmanitan|Darmanitan-Galar, F|100\/100\n|turn|15\n|inactive|CorajosoKK has 120 seconds left.\n|\n|t:|1699753383\n|move|p2a: Darmanitan|Earthquake|p1a: Aegislash\n|-supereffective|p1a: Aegislash\n|-damage|p1a: Aegislash|0 fnt\n|faint|p1a: Aegislash\n|\n|upkeep\n|\n|t:|1699753391\n|switch|p1a: Gardevoir|Gardevoir, M, shiny|100\/100\n|-activate|p1a: Gardevoir|move: Sticky Web\n|-unboost|p1a: Gardevoir|spe|1\n|-damage|p1a: Gardevoir|88\/100|[from] Stealth Rock\n|turn|16\n|\n|t:|1699753400\n|move|p2a: Darmanitan|Earthquake|p1a: Gardevoir\n|-damage|p1a: Gardevoir|0 fnt\n|faint|p1a: Gardevoir\n|\n|upkeep\n|\n|t:|1699753403\n|switch|p1a: Tyranitar|Tyranitar, M, shiny|100\/100\n|-activate|p1a: Tyranitar|move: Sticky Web\n|-unboost|p1a: Tyranitar|spe|1\n|-damage|p1a: Tyranitar|88\/100|[from] Stealth Rock\n|-weather|Sandstorm|[from] ability: Sand Stream|[of] p1a: Tyranitar\n|turn|17\n|\n|t:|1699753411\n|move|p2a: Darmanitan|Earthquake|p1a: Tyranitar\n|-supereffective|p1a: Tyranitar\n|-damage|p1a: Tyranitar|0 fnt\n|faint|p1a: Tyranitar\n|\n|win|CorajosoKK\n|raw|Kye_Akashi's rating: 1041 &rarr; <strong>1026<\/strong><br \/>(-15 for losing)\n|raw|CorajosoKK's rating: 1060 &rarr; <strong>1089<\/strong><br \/>(+29 for winning)\n|l|\u2606Kye_Akashi\n","uploadtime":1699753419,"views":21,"p1id":"kyeakashi","p2id":"corajosokk","formatid":"gen9nationaldexubers","rating":1026,"private":0,"password":""}