{"id":"gen9nationaldexubers-1990143470","p1":"JBBBBB","p2":"Big Chungus342","format":"[Gen 9] National Dex Ubers","log":"|j|\u2606JBBBBB\n|j|\u2606Big Chungus342\n|t:|1699929279\n|gametype|singles\n|player|p1|JBBBBB|battlegirl-gen4|\n|player|p2|Big Chungus342|jogger|\n|teamsize|p1|6\n|teamsize|p2|6\n|gen|9\n|tier|[Gen 9] National Dex Ubers\n|rule|HP Percentage Mod: HP is shown in percentages\n|rule|Endless Battle Clause: Forcing endless battles is banned\n|rule|OHKO Clause: OHKO moves are banned\n|rule|Evasion Moves Clause: Evasion moves are banned\n|rule|Evasion Items Clause: Evasion items are banned\n|rule|Species Clause: Limit one of each Pok\u00e9mon\n|rule|Sleep Clause Mod: Limit one foe put to sleep\n|rule|Mega Rayquaza Clause: You cannot mega evolve Rayquaza\n|clearpoke\n|poke|p1|Great Tusk|\n|poke|p1|Corviknight, M|\n|poke|p1|Starmie|\n|poke|p1|Aerodactyl, F|\n|poke|p1|Goodra-Hisui, M|\n|poke|p1|Gholdengo|\n|poke|p2|Gholdengo|\n|poke|p2|Azumarill, F|\n|poke|p2|Bewear, M|\n|poke|p2|Nidoking, M|\n|poke|p2|Corviknight, F|\n|poke|p2|Gastrodon, M|\n|teampreview\n|c|\u2606JBBBBB|Five Ninths Freddy\n|\n|t:|1699929300\n|start\n|switch|p1a: Solsh|Goodra-Hisui, M|100\/100\n|switch|p2a: Gastrodon|Gastrodon, M|100\/100\n|turn|1\n|c|\u2606Big Chungus342|Fred Funglebar\n|\n|t:|1699929316\n|move|p1a: Solsh|Substitute|p1a: Solsh\n|-start|p1a: Solsh|Substitute\n|-damage|p1a: Solsh|76\/100\n|move|p2a: Gastrodon|Stealth Rock|p1a: Solsh\n|-sidestart|p1: JBBBBB|move: Stealth Rock\n|\n|-heal|p1a: Solsh|82\/100|[from] item: Leftovers\n|upkeep\n|turn|2\n|\n|t:|1699929326\n|switch|p2a: Bewear|Bewear, M|100\/100\n|move|p1a: Solsh|Curse|p1a: Solsh\n|-unboost|p1a: Solsh|spe|1\n|-boost|p1a: Solsh|atk|1\n|-boost|p1a: Solsh|def|1\n|\n|-heal|p1a: Solsh|88\/100|[from] item: Leftovers\n|upkeep\n|turn|3\n|\n|t:|1699929340\n|-terastallize|p2a: Bewear|Steel\n|move|p2a: Bewear|Bulk Up|p2a: Bewear\n|-boost|p2a: Bewear|atk|1\n|-boost|p2a: Bewear|def|1\n|move|p1a: Solsh|Curse|p1a: Solsh\n|-unboost|p1a: Solsh|spe|1\n|-boost|p1a: Solsh|atk|1\n|-boost|p1a: Solsh|def|1\n|\n|-heal|p1a: Solsh|94\/100|[from] item: Leftovers\n|upkeep\n|turn|4\n|\n|t:|1699929352\n|move|p2a: Bewear|Bulk Up|p2a: Bewear\n|-boost|p2a: Bewear|atk|1\n|-boost|p2a: Bewear|def|1\n|move|p1a: Solsh|Dragon Tail|p2a: Bewear|[miss]\n|-miss|p1a: Solsh|p2a: Bewear\n|\n|-heal|p1a: Solsh|99\/100|[from] item: Leftovers\n|upkeep\n|turn|5\n|\n|t:|1699929364\n|move|p2a: Bewear|Drain Punch|p1a: Solsh\n|-supereffective|p1a: Solsh\n|-end|p1a: Solsh|Substitute\n|move|p1a: Solsh|Dragon Tail|p2a: Bewear\n|-resisted|p2a: Bewear\n|-damage|p2a: Bewear|96\/100\n|drag|p2a: Gastrodon|Gastrodon, M|100\/100\n|\n|-heal|p1a: Solsh|100\/100|[from] item: Leftovers\n|upkeep\n|turn|6\n|\n|t:|1699929379\n|switch|p2a: Nidoking|Nidoking, M|100\/100\n|move|p1a: Solsh|Ice Beam|p2a: Nidoking\n|-supereffective|p2a: Nidoking\n|-damage|p2a: Nidoking|41\/100\n|\n|upkeep\n|turn|7\n|\n|t:|1699929388\n|move|p2a: Nidoking|Earth Power|p1a: Solsh\n|-supereffective|p1a: Solsh\n|-damage|p1a: Solsh|44\/100\n|move|p1a: Solsh|Substitute|p1a: Solsh\n|-start|p1a: Solsh|Substitute\n|-damage|p1a: Solsh|19\/100\n|\n|-heal|p1a: Solsh|25\/100|[from] item: Leftovers\n|upkeep\n|turn|8\n|\n|t:|1699929398\n|move|p2a: Nidoking|Earth Power|p1a: Solsh\n|-supereffective|p1a: Solsh\n|-end|p1a: Solsh|Substitute\n|move|p1a: Solsh|Ice Beam|p2a: Nidoking\n|-supereffective|p2a: Nidoking\n|-damage|p2a: Nidoking|0 fnt\n|faint|p2a: Nidoking\n|\n|-heal|p1a: Solsh|31\/100|[from] item: Leftovers\n|upkeep\n|\n|t:|1699929410\n|switch|p2a: Gholdengo|Gholdengo|100\/100\n|turn|9\n|c|\u2606JBBBBB|That Gooden Freddy animated sprite is rad\n|c|\u2606JBBBBB|With the surfboard\n|\n|t:|1699929435\n|move|p2a: Gholdengo|Shadow Ball|p1a: Solsh\n|-damage|p1a: Solsh|9\/100\n|-unboost|p1a: Solsh|spd|1\n|move|p1a: Solsh|Dragon Tail|p2a: Gholdengo|[miss]\n|-miss|p1a: Solsh|p2a: Gholdengo\n|\n|-heal|p1a: Solsh|15\/100|[from] item: Leftovers\n|upkeep\n|turn|10\n|c|\u2606JBBBBB|90% Acc Jumpscare\n|\n|t:|1699929457\n|move|p2a: Gholdengo|Shadow Ball|p1a: Solsh\n|-damage|p1a: Solsh|0 fnt\n|faint|p1a: Solsh\n|\n|upkeep\n|c|\u2606Big Chungus342|It\u2019s him\n|c|\u2606Big Chungus342|no way\n|\n|t:|1699929472\n|switch|p1a: Golden Frebby|Gholdengo|100\/100\n|-damage|p1a: Golden Frebby|94\/100|[from] Stealth Rock\n|turn|11\n|\n|t:|1699929489\n|switch|p2a: Gastrodon|Gastrodon, M|100\/100\n|move|p1a: Golden Frebby|Nasty Plot|p1a: Golden Frebby\n|-boost|p1a: Golden Frebby|spa|2\n|\n|-heal|p1a: Golden Frebby|100\/100|[from] item: Leftovers\n|upkeep\n|turn|12\n|c|\u2606Big Chungus342|no tera steel\n|c|\u2606Big Chungus342|liter cheating smh smh\n|c|\u2606JBBBBB|Wait I forgot\n|\n|t:|1699929516\n|-terastallize|p1a: Golden Frebby|Steel\n|move|p1a: Golden Frebby|Make It Rain|p2a: Gastrodon\n|-resisted|p2a: Gastrodon\n|-damage|p2a: Gastrodon|19\/100\n|-unboost|p1a: Golden Frebby|spa|1\n|move|p2a: Gastrodon|Scald|p1a: Golden Frebby\n|-damage|p1a: Golden Frebby|76\/100\n|\n|-heal|p1a: Golden Frebby|83\/100|[from] item: Leftovers\n|-heal|p2a: Gastrodon|25\/100|[from] item: Leftovers\n|upkeep\n|turn|13\n|\n|t:|1699929532\n|move|p1a: Golden Frebby|Nasty Plot|p1a: Golden Frebby\n|-boost|p1a: Golden Frebby|spa|2\n|move|p2a: Gastrodon|Recover|p2a: Gastrodon\n|-heal|p2a: Gastrodon|75\/100\n|\n|-heal|p1a: Golden Frebby|89\/100|[from] item: Leftovers\n|-heal|p2a: Gastrodon|81\/100|[from] item: Leftovers\n|upkeep\n|turn|14\n|\n|t:|1699929542\n|move|p1a: Golden Frebby|Make It Rain|p2a: Gastrodon\n|-resisted|p2a: Gastrodon\n|-damage|p2a: Gastrodon|0 fnt\n|-unboost|p1a: Golden Frebby|spa|1\n|faint|p2a: Gastrodon\n|\n|-heal|p1a: Golden Frebby|95\/100|[from] item: Leftovers\n|upkeep\n|\n|t:|1699929546\n|switch|p2a: Bewear|Bewear, M, tera:Steel|96\/100\n|turn|15\n|\n|t:|1699929560\n|move|p1a: Golden Frebby|Make It Rain|p2a: Bewear\n|-resisted|p2a: Bewear\n|-damage|p2a: Bewear|0 fnt\n|-unboost|p1a: Golden Frebby|spa|1\n|faint|p2a: Bewear\n|\n|-heal|p1a: Golden Frebby|100\/100|[from] item: Leftovers\n|upkeep\n|\n|t:|1699929566\n|switch|p2a: Azumarill|Azumarill, F|100\/100\n|turn|16\n|c|\u2606JBBBBB|Zamn\n|c|\u2606JBBBBB|Glodon Frebby > Wither Frebby\n|\n|t:|1699929583\n|move|p1a: Golden Frebby|Thunder|p2a: Azumarill\n|-supereffective|p2a: Azumarill\n|-damage|p2a: Azumarill|17\/100\n|move|p2a: Azumarill|Waterfall|p1a: Golden Frebby\n|-damage|p1a: Golden Frebby|57\/100\n|\n|-heal|p1a: Golden Frebby|63\/100|[from] item: Leftovers\n|upkeep\n|turn|17\n|c|\u2606Big Chungus342|fr\n|\n|t:|1699929600\n|move|p2a: Azumarill|Aqua Jet|p1a: Golden Frebby\n|-damage|p1a: Golden Frebby|36\/100\n|move|p1a: Golden Frebby|Make It Rain|p2a: Azumarill\n|-damage|p2a: Azumarill|0 fnt\n|-unboost|p1a: Golden Frebby|spa|1\n|faint|p2a: Azumarill\n|\n|-heal|p1a: Golden Frebby|43\/100|[from] item: Leftovers\n|upkeep\n|\n|t:|1699929602\n|switch|p2a: Gholdengo|Gholdengo|100\/100\n|turn|18\n|\n|t:|1699929614\n|move|p2a: Gholdengo|Shadow Ball|p1a: Golden Frebby\n|-damage|p1a: Golden Frebby|0 fnt\n|faint|p1a: Golden Frebby\n|\n|upkeep\n|c|\u2606JBBBBB|Speed Tie Jumpscare\n|\n|t:|1699929639\n|switch|p1a: Ungus Bungus|Great Tusk|100\/100\n|-damage|p1a: Ungus Bungus|98\/100|[from] Stealth Rock\n|-enditem|p1a: Ungus Bungus|Booster Energy\n|-activate|p1a: Ungus Bungus|ability: Protosynthesis|[fromitem]\n|-start|p1a: Ungus Bungus|protosynthesisatk\n|turn|19\n|c|\u2606Big Chungus342|alr now time to clutch the 2v4\n|c|\u2606Big Chungus342|i always come back\n|\n|t:|1699929668\n|switch|p2a: Corviknight|Corviknight, F|100\/100\n|-ability|p2a: Corviknight|Pressure\n|move|p1a: Ungus Bungus|Knock Off|p2a: Corviknight\n|-damage|p2a: Corviknight|75\/100\n|-enditem|p2a: Corviknight|Leftovers|[from] move: Knock Off|[of] p1a: Ungus Bungus\n|\n|upkeep\n|turn|20\n|c|\u2606JBBBBB|Chica = William Afotn Corvirmer?\n|\n|t:|1699929697\n|move|p1a: Ungus Bungus|Knock Off|p2a: Corviknight\n|-damage|p2a: Corviknight|58\/100\n|move|p2a: Corviknight|Brave Bird|p1a: Ungus Bungus\n|-supereffective|p1a: Ungus Bungus\n|-damage|p1a: Ungus Bungus|45\/100\n|-damage|p2a: Corviknight|42\/100|[from] Recoil\n|\n|upkeep\n|turn|21\n|\n|t:|1699929706\n|move|p1a: Ungus Bungus|Close Combat|p2a: Corviknight\n|-damage|p2a: Corviknight|0 fnt\n|-unboost|p1a: Ungus Bungus|def|1\n|-unboost|p1a: Ungus Bungus|spd|1\n|faint|p2a: Corviknight\n|\n|upkeep\n|\n|t:|1699929709\n|switch|p2a: Gholdengo|Gholdengo|100\/100\n|turn|22\n|\n|t:|1699929717\n|move|p1a: Ungus Bungus|Knock Off|p2a: Gholdengo\n|-supereffective|p2a: Gholdengo\n|-damage|p2a: Gholdengo|12\/100\n|-enditem|p2a: Gholdengo|Leftovers|[from] move: Knock Off|[of] p1a: Ungus Bungus\n|move|p2a: Gholdengo|Shadow Ball|p1a: Ungus Bungus\n|-damage|p1a: Ungus Bungus|0 fnt\n|faint|p1a: Ungus Bungus\n|-end|p1a: Ungus Bungus|Protosynthesis|[silent]\n|\n|upkeep\n|c|\u2606Big Chungus342|spring corv\n|\n|t:|1699929728\n|switch|p1a: Galaxy|Starmie|100\/100\n|-damage|p1a: Galaxy|88\/100|[from] Stealth Rock\n|turn|23\n|c|\u2606JBBBBB|Holy shit Corv is Literally Funtime Chica\n|c|\u2606JBBBBB|Also GG \ud83d\ude4f\n|\n|t:|1699929758\n|move|p1a: Galaxy|Ice Beam|p2a: Gholdengo\n|-resisted|p2a: Gholdengo\n|-damage|p2a: Gholdengo|0 fnt\n|faint|p2a: Gholdengo\n|\n|win|JBBBBB\n|c|\u2606Big Chungus342|gg\n","uploadtime":1699929769,"views":16,"p1id":"jbbbbb","p2id":"bigchungus342","formatid":"gen9nationaldexubers","rating":0,"private":0,"password":""}