{"id":"gen9nationaldexubers-1994966748","p1":"IncandescentCandle","p2":"TheLunarVixen","format":"[Gen 9] National Dex Ubers","log":"|j|\u2606IncandescentCandle\n|j|\u2606TheLunarVixen\n|t:|1700508832\n|gametype|singles\n|player|p1|IncandescentCandle|iono|\n|player|p2|TheLunarVixen|acetrainerf|\n|teamsize|p1|6\n|teamsize|p2|6\n|gen|9\n|tier|[Gen 9] National Dex Ubers\n|rule|HP Percentage Mod: HP is shown in percentages\n|rule|Endless Battle Clause: Forcing endless battles is banned\n|rule|OHKO Clause: OHKO moves are banned\n|rule|Evasion Moves Clause: Evasion moves are banned\n|rule|Evasion Items Clause: Evasion items are banned\n|rule|Species Clause: Limit one of each Pok\u00e9mon\n|rule|Sleep Clause Mod: Limit one foe put to sleep\n|rule|Mega Rayquaza Clause: You cannot mega evolve Rayquaza\n|clearpoke\n|poke|p1|Tapu Bulu|\n|poke|p1|Blissey, F|\n|poke|p1|Corviknight, F|\n|poke|p1|Weavile, M|\n|poke|p1|Latias, F|\n|poke|p1|Skeledirge, M|\n|poke|p2|Melmetal|\n|poke|p2|Corviknight, M|\n|poke|p2|Kingambit, M|\n|poke|p2|Dialga-Origin|\n|poke|p2|Heatran, M|\n|poke|p2|Scizor, M|\n|teampreview\n|c|\u2606IncandescentCandle|glhf\n|c|\u2606IncandescentCandle|dragon corv\n|c|\u2606TheLunarVixen|u 2!\n|\n|t:|1700508851\n|start\n|switch|p1a: Fight The Swarm|Tapu Bulu|100\/100\n|switch|p2a: Grand Doomer|Dialga-Origin|100\/100\n|-ability|p2a: Grand Doomer|Pressure\n|-fieldstart|move: Grassy Terrain|[from] ability: Grassy Surge|[of] p1a: Fight The Swarm\n|turn|1\n|\n|t:|1700508869\n|switch|p1a: Shield Of Mind|Blissey, F|100\/100\n|move|p2a: Grand Doomer|Stealth Rock|p1a: Shield Of Mind\n|-sidestart|p1: IncandescentCandle|move: Stealth Rock\n|\n|upkeep\n|turn|2\n|\n|t:|1700508878\n|switch|p2a: Morpho Knight|Kingambit, M|100\/100\n|move|p1a: Shield Of Mind|Thunder Wave|p2a: Morpho Knight\n|-status|p2a: Morpho Knight|par\n|\n|upkeep\n|turn|3\n|\n|t:|1700508884\n|switch|p1a: Shield Of Body|Corviknight, F|100\/100\n|-damage|p1a: Shield Of Body|88\/100|[from] Stealth Rock\n|-ability|p1a: Shield Of Body|Pressure\n|move|p2a: Morpho Knight|Knock Off|p1a: Shield Of Body\n|-damage|p1a: Shield Of Body|53\/100\n|-enditem|p1a: Shield Of Body|Leftovers|[from] move: Knock Off|[of] p2a: Morpho Knight\n|\n|upkeep\n|turn|4\n|\n|t:|1700508895\n|move|p1a: Shield Of Body|Roost|p1a: Shield Of Body\n|-heal|p1a: Shield Of Body|100\/100\n|-singleturn|p1a: Shield Of Body|move: Roost\n|move|p2a: Morpho Knight|Kowtow Cleave|p1a: Shield Of Body\n|-damage|p1a: Shield Of Body|68\/100\n|\n|-heal|p1a: Shield Of Body|74\/100|[from] Grassy Terrain\n|upkeep\n|turn|5\n|\n|t:|1700508905\n|-end|p2a: Morpho Knight|fallenundefined|[silent]\n|switch|p2a: Meta Knight|Scizor, M|100\/100\n|move|p1a: Shield Of Body|Body Press|p2a: Meta Knight\n|-damage|p2a: Meta Knight|73\/100\n|\n|-heal|p2a: Meta Knight|79\/100|[from] Grassy Terrain\n|-fieldend|move: Grassy Terrain\n|upkeep\n|turn|6\n|\n|t:|1700508911\n|switch|p1a: Funeral March In D|Skeledirge, M|100\/100\n|-damage|p1a: Funeral March In D|75\/100|[from] Stealth Rock\n|detailschange|p2a: Meta Knight|Scizor-Mega, M\n|-mega|p2a: Meta Knight|Scizor|Scizorite\n|move|p2a: Meta Knight|Swords Dance|p2a: Meta Knight\n|-boost|p2a: Meta Knight|atk|2\n|\n|upkeep\n|turn|7\n|\n|t:|1700508916\n|switch|p2a: Pyribbit|Heatran, M|100\/100\n|move|p1a: Funeral March In D|Will-O-Wisp|p2a: Pyribbit\n|-start|p2a: Pyribbit|ability: Flash Fire\n|\n|upkeep\n|turn|8\n|\n|t:|1700508924\n|switch|p1a: Eon Guardian|Latias, F|100\/100\n|-damage|p1a: Eon Guardian|88\/100|[from] Stealth Rock\n|move|p2a: Pyribbit|Eruption|p1a: Eon Guardian\n|-resisted|p1a: Eon Guardian\n|-damage|p1a: Eon Guardian|43\/100\n|\n|upkeep\n|turn|9\n|\n|t:|1700508931\n|detailschange|p1a: Eon Guardian|Latias-Mega, F\n|-mega|p1a: Eon Guardian|Latias|Latiasite\n|move|p2a: Pyribbit|Eruption|p1a: Eon Guardian\n|-resisted|p1a: Eon Guardian\n|-damage|p1a: Eon Guardian|5\/100\n|move|p1a: Eon Guardian|Roost|p1a: Eon Guardian\n|-heal|p1a: Eon Guardian|55\/100\n|-singleturn|p1a: Eon Guardian|move: Roost\n|\n|upkeep\n|turn|10\n|\n|t:|1700508942\n|-terastallize|p2a: Pyribbit|Fire\n|move|p2a: Pyribbit|Eruption|p1a: Eon Guardian\n|-resisted|p1a: Eon Guardian\n|-damage|p1a: Eon Guardian|1\/100\n|move|p1a: Eon Guardian|Roost|p1a: Eon Guardian\n|-heal|p1a: Eon Guardian|51\/100\n|-singleturn|p1a: Eon Guardian|move: Roost\n|\n|upkeep\n|turn|11\n|c|\u2606IncandescentCandle|kill tera\n|c|\u2606IncandescentCandle|with\n|c|\u2606IncandescentCandle|hammers\n|c|\u2606TheLunarVixen|:>\n|\n|t:|1700508961\n|switch|p1a: Fight The Swarm|Tapu Bulu|100\/100\n|-damage|p1a: Fight The Swarm|88\/100|[from] Stealth Rock\n|-fieldstart|move: Grassy Terrain|[from] ability: Grassy Surge|[of] p1a: Fight The Swarm\n|move|p2a: Pyribbit|Eruption|p1a: Fight The Swarm\n|-supereffective|p1a: Fight The Swarm\n|-enditem|p1a: Fight The Swarm|Occa Berry|[eat]\n|-enditem|p1a: Fight The Swarm|Occa Berry|[weaken]\n|-damage|p1a: Fight The Swarm|0 fnt\n|faint|p1a: Fight The Swarm\n|\n|upkeep\n|\n|t:|1700508962\n|switch|p1a: Shield Of Mind|Blissey, F|100\/100\n|-damage|p1a: Shield Of Mind|88\/100|[from] Stealth Rock\n|turn|12\n|\n|t:|1700508974\n|-end|p2a: Pyribbit|ability: Flash Fire|[silent]\n|switch|p2a: Morpho Knight|Kingambit, M|100\/100 par\n|move|p1a: Shield Of Mind|Seismic Toss|p2a: Morpho Knight\n|-damage|p2a: Morpho Knight|76\/100 par\n|\n|-heal|p1a: Shield Of Mind|94\/100|[from] Grassy Terrain\n|-heal|p1a: Shield Of Mind|99\/100|[from] item: Leftovers\n|-heal|p2a: Morpho Knight|82\/100 par|[from] Grassy Terrain\n|upkeep\n|turn|13\n|\n|t:|1700508979\n|switch|p1a: Shield Of Body|Corviknight, F|74\/100\n|-damage|p1a: Shield Of Body|62\/100|[from] Stealth Rock\n|-ability|p1a: Shield Of Body|Pressure\n|move|p2a: Morpho Knight|Knock Off|p1a: Shield Of Body\n|-damage|p1a: Shield Of Body|40\/100\n|\n|-heal|p2a: Morpho Knight|88\/100 par|[from] Grassy Terrain\n|upkeep\n|turn|14\n|\n|t:|1700508986\n|move|p1a: Shield Of Body|Roost|p1a: Shield Of Body\n|-heal|p1a: Shield Of Body|90\/100\n|-singleturn|p1a: Shield Of Body|move: Roost\n|move|p2a: Morpho Knight|Kowtow Cleave|p1a: Shield Of Body\n|-damage|p1a: Shield Of Body|63\/100\n|\n|-heal|p1a: Shield Of Body|69\/100|[from] Grassy Terrain\n|-heal|p2a: Morpho Knight|94\/100 par|[from] Grassy Terrain\n|upkeep\n|turn|15\n|j| notastalecookie\n|\n|t:|1700508991\n|move|p1a: Shield Of Body|U-turn|p2a: Morpho Knight\n|-damage|p2a: Morpho Knight|84\/100 par\n|\n|t:|1700508996\n|switch|p1a: Group Rascal|Weavile, M|100\/100|[from] U-turn\n|-damage|p1a: Group Rascal|75\/100|[from] Stealth Rock\n|move|p2a: Morpho Knight|Knock Off|p1a: Group Rascal\n|-resisted|p1a: Group Rascal\n|-damage|p1a: Group Rascal|44\/100\n|-enditem|p1a: Group Rascal|Occa Berry|[from] move: Knock Off|[of] p2a: Morpho Knight\n|-enditem|p2a: Morpho Knight|Assault Vest|[silent]|[from] ability: Pickpocket|[of] p2a: Morpho Knight\n|-item|p1a: Group Rascal|Assault Vest|[from] ability: Pickpocket|[of] p2a: Morpho Knight\n|\n|-heal|p1a: Group Rascal|50\/100|[from] Grassy Terrain\n|-heal|p2a: Morpho Knight|90\/100 par|[from] Grassy Terrain\n|-fieldend|move: Grassy Terrain\n|upkeep\n|turn|16\n|c|\u2606IncandescentCandle|oh\n|c|\u2606IncandescentCandle|hm\n|\n|t:|1700509011\n|move|p1a: Group Rascal|Low Kick|p2a: Morpho Knight\n|-supereffective|p2a: Morpho Knight\n|-damage|p2a: Morpho Knight|0 fnt\n|faint|p2a: Morpho Knight\n|-end|p2a: Morpho Knight|fallenundefined|[silent]\n|\n|upkeep\n|\n|t:|1700509017\n|switch|p2a: Meta Knight|Scizor-Mega, M|79\/100\n|turn|17\n|\n|t:|1700509024\n|move|p2a: Meta Knight|Bullet Punch|p1a: Group Rascal\n|-supereffective|p1a: Group Rascal\n|-damage|p1a: Group Rascal|0 fnt\n|faint|p1a: Group Rascal\n|\n|upkeep\n|\n|t:|1700509026\n|switch|p1a: Funeral March In D|Skeledirge, M|75\/100\n|-damage|p1a: Funeral March In D|50\/100|[from] Stealth Rock\n|turn|18\n|\n|t:|1700509029\n|switch|p2a: Pyribbit|Heatran, M, tera:Fire|100\/100\n|move|p1a: Funeral March In D|Earth Power|p2a: Pyribbit\n|-supereffective|p2a: Pyribbit\n|-damage|p2a: Pyribbit|55\/100\n|\n|upkeep\n|turn|19\n|\n|t:|1700509033\n|switch|p1a: Eon Guardian|Latias-Mega, F|51\/100\n|-damage|p1a: Eon Guardian|39\/100|[from] Stealth Rock\n|move|p2a: Pyribbit|Earth Power|p1a: Eon Guardian\n|-immune|p1a: Eon Guardian|[from] ability: Levitate\n|\n|upkeep\n|turn|20\n|\n|t:|1700509037\n|switch|p2a: Grand Doomer|Dialga-Origin|100\/100\n|-ability|p2a: Grand Doomer|Pressure\n|move|p1a: Eon Guardian|Roost|p1a: Eon Guardian\n|-heal|p1a: Eon Guardian|89\/100\n|-singleturn|p1a: Eon Guardian|move: Roost\n|\n|upkeep\n|turn|21\n|\n|t:|1700509044\n|switch|p1a: Shield Of Mind|Blissey, F|99\/100\n|-damage|p1a: Shield Of Mind|88\/100|[from] Stealth Rock\n|move|p2a: Grand Doomer|Dragon Pulse|p1a: Shield Of Mind\n|-damage|p1a: Shield Of Mind|72\/100\n|\n|-heal|p1a: Shield Of Mind|79\/100|[from] item: Leftovers\n|upkeep\n|turn|22\n|\n|t:|1700509050\n|move|p2a: Grand Doomer|Aura Sphere|p1a: Shield Of Mind\n|-supereffective|p1a: Shield Of Mind\n|-damage|p1a: Shield Of Mind|59\/100\n|move|p1a: Shield Of Mind|Thunder Wave|p2a: Grand Doomer\n|-status|p2a: Grand Doomer|par\n|\n|-heal|p1a: Shield Of Mind|66\/100|[from] item: Leftovers\n|upkeep\n|turn|23\n|\n|t:|1700509057\n|switch|p2a: Void Termina|Melmetal|100\/100\n|move|p1a: Shield Of Mind|Stealth Rock|p2a: Void Termina\n|-sidestart|p2: TheLunarVixen|move: Stealth Rock\n|\n|-heal|p1a: Shield Of Mind|72\/100|[from] item: Leftovers\n|upkeep\n|turn|24\n|\n|t:|1700509063\n|switch|p1a: Shield Of Body|Corviknight, F|69\/100\n|-damage|p1a: Shield Of Body|57\/100|[from] Stealth Rock\n|-ability|p1a: Shield Of Body|Pressure\n|move|p2a: Void Termina|Double Iron Bash|p1a: Shield Of Body\n|-resisted|p1a: Shield Of Body\n|-damage|p1a: Shield Of Body|44\/100\n|-resisted|p1a: Shield Of Body\n|-damage|p1a: Shield Of Body|31\/100\n|-hitcount|p1a: Shield Of Body|2\n|\n|upkeep\n|turn|25\n|\n|t:|1700509073\n|move|p1a: Shield Of Body|Roost|p1a: Shield Of Body\n|-heal|p1a: Shield Of Body|81\/100\n|-singleturn|p1a: Shield Of Body|move: Roost\n|move|p2a: Void Termina|Superpower|p1a: Shield Of Body\n|-supereffective|p1a: Shield Of Body\n|-damage|p1a: Shield Of Body|26\/100\n|-unboost|p2a: Void Termina|atk|1\n|-unboost|p2a: Void Termina|def|1\n|\n|upkeep\n|turn|26\n|\n|t:|1700509079\n|switch|p2a: Pyribbit|Heatran, M, tera:Fire|55\/100\n|-damage|p2a: Pyribbit|31\/100|[from] Stealth Rock\n|move|p1a: Shield Of Body|Roost|p1a: Shield Of Body\n|-heal|p1a: Shield Of Body|76\/100\n|-singleturn|p1a: Shield Of Body|move: Roost\n|\n|upkeep\n|turn|27\n|\n|t:|1700509084\n|switch|p1a: Eon Guardian|Latias-Mega, F|89\/100\n|-damage|p1a: Eon Guardian|76\/100|[from] Stealth Rock\n|move|p2a: Pyribbit|Dragon Pulse|p1a: Eon Guardian\n|-supereffective|p1a: Eon Guardian\n|-damage|p1a: Eon Guardian|39\/100\n|\n|upkeep\n|turn|28\n|c|\u2606IncandescentCandle|why are you\n|c|\u2606IncandescentCandle|dpulse\n|\n|t:|1700509092\n|switch|p1a: Shield Of Mind|Blissey, F|72\/100\n|-damage|p1a: Shield Of Mind|59\/100|[from] Stealth Rock\n|move|p2a: Pyribbit|Dragon Pulse|p1a: Shield Of Mind\n|-damage|p1a: Shield Of Mind|51\/100\n|\n|-heal|p1a: Shield Of Mind|57\/100|[from] item: Leftovers\n|upkeep\n|turn|29\n|\n|t:|1700509099\n|switch|p2a: Void Termina|Melmetal|100\/100\n|-damage|p2a: Void Termina|94\/100|[from] Stealth Rock\n|switch|p1a: Funeral March In D|Skeledirge, M|50\/100\n|-damage|p1a: Funeral March In D|25\/100|[from] Stealth Rock\n|\n|upkeep\n|turn|30\n|c|\u2606TheLunarVixen|for silly girls like you :)\n|\n|t:|1700509106\n|move|p1a: Funeral March In D|Slack Off|p1a: Funeral March In D\n|-heal|p1a: Funeral March In D|75\/100\n|move|p2a: Void Termina|Earthquake|p1a: Funeral March In D\n|-supereffective|p1a: Funeral March In D\n|-damage|p1a: Funeral March In D|28\/100\n|\n|upkeep\n|turn|31\n|c|\u2606IncandescentCandle|i\n|c|\u2606IncandescentCandle|ok\n|\n|t:|1700509111\n|move|p1a: Funeral March In D|Slack Off|p1a: Funeral March In D\n|-heal|p1a: Funeral March In D|78\/100\n|move|p2a: Void Termina|Earthquake|p1a: Funeral March In D\n|-supereffective|p1a: Funeral March In D\n|-damage|p1a: Funeral March In D|28\/100\n|\n|upkeep\n|turn|32\n|\n|t:|1700509115\n|switch|p1a: Shield Of Body|Corviknight, F|76\/100\n|-damage|p1a: Shield Of Body|64\/100|[from] Stealth Rock\n|-ability|p1a: Shield Of Body|Pressure\n|move|p2a: Void Termina|Earthquake|p1a: Shield Of Body\n|-immune|p1a: Shield Of Body\n|\n|upkeep\n|turn|33\n|\n|t:|1700509121\n|move|p1a: Shield Of Body|Body Press|p2a: Void Termina\n|-supereffective|p2a: Void Termina\n|-crit|p2a: Void Termina\n|-damage|p2a: Void Termina|50\/100\n|move|p2a: Void Termina|Double Iron Bash|p1a: Shield Of Body\n|-resisted|p1a: Shield Of Body\n|-damage|p1a: Shield Of Body|50\/100\n|-resisted|p1a: Shield Of Body\n|-damage|p1a: Shield Of Body|36\/100\n|-hitcount|p1a: Shield Of Body|2\n|\n|upkeep\n|turn|34\n|\n|t:|1700509131\n|switch|p2a: Pyribbit|Heatran, M, tera:Fire|31\/100\n|-damage|p2a: Pyribbit|6\/100|[from] Stealth Rock\n|move|p1a: Shield Of Body|Roost|p1a: Shield Of Body\n|-heal|p1a: Shield Of Body|86\/100\n|-singleturn|p1a: Shield Of Body|move: Roost\n|\n|upkeep\n|turn|35\n|\n|t:|1700509138\n|switch|p1a: Shield Of Mind|Blissey, F|57\/100\n|-damage|p1a: Shield Of Mind|45\/100|[from] Stealth Rock\n|move|p2a: Pyribbit|Eruption|p1a: Shield Of Mind\n|-damage|p1a: Shield Of Mind|43\/100\n|\n|-heal|p1a: Shield Of Mind|49\/100|[from] item: Leftovers\n|upkeep\n|turn|36\n|\n|t:|1700509151\n|move|p2a: Pyribbit|Eruption|p1a: Shield Of Mind\n|-damage|p1a: Shield Of Mind|48\/100\n|move|p1a: Shield Of Mind|Thunder Wave|p2a: Pyribbit\n|-status|p2a: Pyribbit|par\n|\n|-heal|p1a: Shield Of Mind|54\/100|[from] item: Leftovers\n|upkeep\n|turn|37\n|\n|t:|1700509157\n|move|p2a: Pyribbit|Eruption|p1a: Shield Of Mind\n|-damage|p1a: Shield Of Mind|52\/100\n|move|p1a: Shield Of Mind|Soft-Boiled|p1a: Shield Of Mind\n|-heal|p1a: Shield Of Mind|100\/100\n|\n|upkeep\n|turn|38\n|\n|t:|1700509164\n|switch|p1a: Eon Guardian|Latias-Mega, F|39\/100\n|-damage|p1a: Eon Guardian|27\/100|[from] Stealth Rock\n|move|p2a: Pyribbit|Eruption|p1a: Eon Guardian\n|-resisted|p1a: Eon Guardian\n|-damage|p1a: Eon Guardian|25\/100\n|\n|upkeep\n|turn|39\n|\n|t:|1700509169\n|move|p1a: Eon Guardian|Roost|p1a: Eon Guardian\n|-heal|p1a: Eon Guardian|75\/100\n|-singleturn|p1a: Eon Guardian|move: Roost\n|cant|p2a: Pyribbit|par\n|\n|upkeep\n|turn|40\n|\n|t:|1700509173\n|move|p1a: Eon Guardian|Surf|p2a: Pyribbit\n|-supereffective|p2a: Pyribbit\n|-damage|p2a: Pyribbit|0 fnt\n|faint|p2a: Pyribbit\n|\n|upkeep\n|\n|t:|1700509177\n|switch|p2a: Meta Knight|Scizor-Mega, M|79\/100\n|-damage|p2a: Meta Knight|67\/100|[from] Stealth Rock\n|turn|41\n|\n|t:|1700509194\n|switch|p2a: Grand Doomer|Dialga-Origin|100\/100 par\n|-damage|p2a: Grand Doomer|94\/100 par|[from] Stealth Rock\n|-ability|p2a: Grand Doomer|Pressure\n|move|p1a: Eon Guardian|Mystical Fire|p2a: Grand Doomer\n|-damage|p2a: Grand Doomer|71\/100 par\n|-unboost|p2a: Grand Doomer|spa|1\n|\n|upkeep\n|turn|42\n|\n|t:|1700509203\n|switch|p1a: Shield Of Mind|Blissey, F|100\/100\n|-damage|p1a: Shield Of Mind|88\/100|[from] Stealth Rock\n|switch|p2a: Dynablade|Corviknight, M|100\/100\n|-damage|p2a: Dynablade|88\/100|[from] Stealth Rock\n|\n|-heal|p2a: Dynablade|94\/100|[from] item: Leftovers\n|-heal|p1a: Shield Of Mind|94\/100|[from] item: Leftovers\n|upkeep\n|turn|43\n|\n|t:|1700509208\n|move|p2a: Dynablade|Defog|p1a: Shield Of Mind\n|-unboost|p1a: Shield Of Mind|evasion|1\n|-sideend|p1: IncandescentCandle|Stealth Rock|[from] move: Defog|[of] p2a: Dynablade\n|-sideend|p2: TheLunarVixen|Stealth Rock|[from] move: Defog|[of] p2a: Dynablade\n|move|p1a: Shield Of Mind|Thunder Wave|p2a: Dynablade\n|-status|p2a: Dynablade|par\n|\n|-heal|p1a: Shield Of Mind|99\/100|[from] item: Leftovers\n|-heal|p2a: Dynablade|100\/100 par|[from] item: Leftovers\n|upkeep\n|turn|44\n|\n|t:|1700509217\n|switch|p1a: Shield Of Body|Corviknight, F|86\/100\n|-ability|p1a: Shield Of Body|Pressure\n|move|p2a: Dynablade|Body Press|p1a: Shield Of Body\n|-damage|p1a: Shield Of Body|70\/100\n|\n|upkeep\n|turn|45\n|\n|t:|1700509221\n|move|p1a: Shield Of Body|U-turn|p2a: Dynablade\n|-resisted|p2a: Dynablade\n|-crit|p2a: Dynablade\n|-damage|p2a: Dynablade|97\/100 par\n|\n|t:|1700509223\n|switch|p1a: Funeral March In D|Skeledirge, M|28\/100|[from] U-turn\n|move|p2a: Dynablade|Body Press|p1a: Funeral March In D\n|-immune|p1a: Funeral March In D\n|\n|-heal|p2a: Dynablade|100\/100 par|[from] item: Leftovers\n|upkeep\n|turn|46\n|\n|t:|1700509230\n|move|p1a: Funeral March In D|Slack Off|p1a: Funeral March In D\n|-heal|p1a: Funeral March In D|78\/100\n|move|p2a: Dynablade|Roost||[still]\n|-fail|p2a: Dynablade|heal\n|\n|upkeep\n|turn|47\n|\n|t:|1700509237\n|move|p1a: Funeral March In D|Torch Song|p2a: Dynablade\n|-supereffective|p2a: Dynablade\n|-crit|p2a: Dynablade\n|-damage|p2a: Dynablade|10\/100 par\n|-boost|p1a: Funeral March In D|spa|1\n|cant|p2a: Dynablade|par\n|\n|-heal|p2a: Dynablade|17\/100 par|[from] item: Leftovers\n|upkeep\n|turn|48\n|c| notastalecookie|Huge crit\n|c|\u2606IncandescentCandle|mb\n|c|\u2606TheLunarVixen|mmm\n|\n|t:|1700509248\n|move|p1a: Funeral March In D|Torch Song|p2a: Dynablade\n|-supereffective|p2a: Dynablade\n|-damage|p2a: Dynablade|0 fnt\n|-boost|p1a: Funeral March In D|spa|1\n|faint|p2a: Dynablade\n|\n|upkeep\n|\n|t:|1700509260\n|switch|p2a: Grand Doomer|Dialga-Origin|71\/100 par\n|-ability|p2a: Grand Doomer|Pressure\n|turn|49\n|\n|t:|1700509263\n|switch|p1a: Shield Of Mind|Blissey, F|99\/100\n|move|p2a: Grand Doomer|Dragon Pulse|p1a: Shield Of Mind\n|-damage|p1a: Shield Of Mind|85\/100\n|\n|-heal|p1a: Shield Of Mind|91\/100|[from] item: Leftovers\n|upkeep\n|turn|50\n|\n|t:|1700509267\n|cant|p2a: Grand Doomer|par\n|move|p1a: Shield Of Mind|Thunder Wave|p2a: Grand Doomer\n|-fail|p2a: Grand Doomer|par\n|\n|-heal|p1a: Shield Of Mind|97\/100|[from] item: Leftovers\n|upkeep\n|turn|51\n|\n|t:|1700509268\n|cant|p2a: Grand Doomer|par\n|move|p1a: Shield Of Mind|Seismic Toss|p2a: Grand Doomer\n|-damage|p2a: Grand Doomer|42\/100 par\n|\n|-heal|p1a: Shield Of Mind|100\/100|[from] item: Leftovers\n|upkeep\n|turn|52\n|\n|t:|1700509275\n|move|p2a: Grand Doomer|Aura Sphere|p1a: Shield Of Mind\n|-supereffective|p1a: Shield Of Mind\n|-damage|p1a: Shield Of Mind|85\/100\n|move|p1a: Shield Of Mind|Seismic Toss|p2a: Grand Doomer\n|-damage|p2a: Grand Doomer|13\/100 par\n|\n|-heal|p1a: Shield Of Mind|91\/100|[from] item: Leftovers\n|upkeep\n|turn|53\n|c|\u2606TheLunarVixen|this is a sign\n|c|\u2606TheLunarVixen|i need to return to electric\n|\n|t:|1700509287\n|switch|p2a: Meta Knight|Scizor-Mega, M|67\/100\n|move|p1a: Shield Of Mind|Seismic Toss|p2a: Meta Knight\n|-damage|p2a: Meta Knight|38\/100\n|\n|-heal|p1a: Shield Of Mind|97\/100|[from] item: Leftovers\n|upkeep\n|turn|54\n|c|\u2606IncandescentCandle|lmfaoo\n|\n|t:|1700509292\n|switch|p1a: Funeral March In D|Skeledirge, M|78\/100\n|move|p2a: Meta Knight|Swords Dance|p2a: Meta Knight\n|-boost|p2a: Meta Knight|atk|2\n|\n|upkeep\n|turn|55\n|\n|t:|1700509295\n|move|p2a: Meta Knight|Bullet Punch|p1a: Funeral March In D\n|-resisted|p1a: Funeral March In D\n|-damage|p1a: Funeral March In D|67\/100\n|move|p1a: Funeral March In D|Torch Song|p2a: Meta Knight\n|-supereffective|p2a: Meta Knight\n|-damage|p2a: Meta Knight|0 fnt\n|-boost|p1a: Funeral March In D|spa|1\n|faint|p2a: Meta Knight\n|\n|upkeep\n|\n|t:|1700509298\n|switch|p2a: Grand Doomer|Dialga-Origin|13\/100 par\n|-ability|p2a: Grand Doomer|Pressure\n|turn|56\n|c|\u2606TheLunarVixen|i cannot beat dirge corv\n|\n|t:|1700509310\n|move|p1a: Funeral March In D|Torch Song|p2a: Grand Doomer\n|-damage|p2a: Grand Doomer|0 fnt\n|-boost|p1a: Funeral March In D|spa|1\n|faint|p2a: Grand Doomer\n|\n|upkeep\n|c|\u2606TheLunarVixen|i did well enough into it\n|c|\u2606IncandescentCandle|rip\n|\n|t:|1700509318\n|switch|p2a: Void Termina|Melmetal|50\/100\n|turn|57\n|\n|t:|1700509360\n|-zpower|p1a: Funeral March In D\n|move|p1a: Funeral March In D|Tectonic Rage|p2a: Void Termina|[zeffect]\n|-supereffective|p2a: Void Termina\n|-damage|p2a: Void Termina|0 fnt\n|faint|p2a: Void Termina\n|\n|win|IncandescentCandle\n|j| Astro Rifk\n|c|\u2606TheLunarVixen|crazy\n","uploadtime":1700509371,"views":3,"p1id":"incandescentcandle","p2id":"thelunarvixen","formatid":"gen9nationaldexubers","rating":0,"private":0,"password":""}