{"id":"gen9nationaldexubers-1979789893","p1":"batenjoyer17","p2":"JustinRuggs","format":"[Gen 9] National Dex Ubers","log":"|j|\u2606batenjoyer17\n|j|\u2606JustinRuggs\n|t:|1698713486\n|gametype|singles\n|player|p1|batenjoyer17|giovanni|1134\n|player|p2|JustinRuggs|gambler|1171\n|teamsize|p1|6\n|teamsize|p2|6\n|gen|9\n|tier|[Gen 9] National Dex Ubers\n|rated|\n|rule|HP Percentage Mod: HP is shown in percentages\n|rule|Endless Battle Clause: Forcing endless battles is banned\n|rule|OHKO Clause: OHKO moves are banned\n|rule|Evasion Moves Clause: Evasion moves are banned\n|rule|Evasion Items Clause: Evasion items are banned\n|rule|Species Clause: Limit one of each Pok\u00e9mon\n|rule|Sleep Clause Mod: Limit one foe put to sleep\n|rule|Mega Rayquaza Clause: You cannot mega evolve Rayquaza\n|clearpoke\n|poke|p1|Lunala|\n|poke|p1|Gliscor, F|\n|poke|p1|Noivern, M|\n|poke|p1|Swoobat, F|\n|poke|p1|Crobat, F|\n|poke|p1|Woobat, F|\n|poke|p2|Dragonite, M|\n|poke|p2|Raichu, F|\n|poke|p2|Galvantula, F|\n|poke|p2|Pheromosa|\n|poke|p2|Bisharp, M|\n|poke|p2|Gabite, M|\n|teampreview\n|\n|t:|1698713491\n|start\n|switch|p1a: Bitey Bat|Woobat, F|100\/100\n|switch|p2a: Pheromosa|Pheromosa|100\/100\n|turn|1\n|inactive|Battle timer is ON: inactive players will automatically lose when time's up. (requested by batenjoyer17)\n|\n|t:|1698713506\n|move|p2a: Pheromosa|U-turn|p1a: Bitey Bat\n|-damage|p1a: Bitey Bat|18\/100\n|\n|t:|1698713510\n|switch|p2a: Raichu|Raichu, F|100\/100|[from] U-turn\n|move|p1a: Bitey Bat|Endeavor|p2a: Raichu\n|-damage|p2a: Raichu|19\/100\n|\n|-heal|p2a: Raichu|25\/100|[from] item: Leftovers\n|upkeep\n|turn|2\n|\n|t:|1698713517\n|move|p1a: Bitey Bat|Endure|p1a: Bitey Bat\n|-singleturn|p1a: Bitey Bat|move: Endure\n|move|p2a: Raichu|Thunderbolt|p1a: Bitey Bat\n|-supereffective|p1a: Bitey Bat\n|-activate|p1a: Bitey Bat|move: Endure\n|-damage|p1a: Bitey Bat|1\/100\n|\n|-heal|p2a: Raichu|31\/100|[from] item: Leftovers\n|upkeep\n|turn|3\n|\n|t:|1698713522\n|move|p1a: Bitey Bat|Endeavor|p2a: Raichu\n|-damage|p2a: Raichu|1\/100\n|move|p2a: Raichu|Wish|p2a: Raichu\n|\n|-heal|p2a: Raichu|7\/100|[from] item: Leftovers\n|upkeep\n|turn|4\n|\n|t:|1698713527\n|move|p2a: Raichu|Protect|p2a: Raichu\n|-singleturn|p2a: Raichu|Protect\n|move|p1a: Bitey Bat|Super Fang|p2a: Raichu\n|-activate|p2a: Raichu|move: Protect\n|\n|-heal|p2a: Raichu|57\/100|[from] move: Wish|[wisher] Raichu\n|-heal|p2a: Raichu|63\/100|[from] item: Leftovers\n|upkeep\n|turn|5\n|\n|t:|1698713531\n|move|p1a: Bitey Bat|Endeavor|p2a: Raichu\n|-damage|p2a: Raichu|1\/100\n|move|p2a: Raichu|Thunderbolt|p1a: Bitey Bat\n|-supereffective|p1a: Bitey Bat\n|-damage|p1a: Bitey Bat|0 fnt\n|faint|p1a: Bitey Bat\n|\n|-heal|p2a: Raichu|7\/100|[from] item: Leftovers\n|upkeep\n|\n|t:|1698713539\n|switch|p1a: Harkon|Crobat, F|100\/100\n|turn|6\n|\n|t:|1698713542\n|move|p2a: Raichu|Protect|p2a: Raichu\n|-singleturn|p2a: Raichu|Protect\n|move|p1a: Harkon|Cross Poison|p2a: Raichu\n|-activate|p2a: Raichu|move: Protect\n|\n|-heal|p2a: Raichu|13\/100|[from] item: Leftovers\n|upkeep\n|turn|7\n|\n|t:|1698713546\n|move|p1a: Harkon|Cross Poison|p2a: Raichu\n|-damage|p2a: Raichu|0 fnt\n|faint|p2a: Raichu\n|\n|upkeep\n|\n|t:|1698713552\n|switch|p2a: Gabite|Gabite, M|100\/100\n|turn|8\n|\n|t:|1698713571\n|switch|p1a: Marceline|Lunala|100\/100\n|move|p2a: Gabite|Stealth Rock|p1a: Marceline\n|-sidestart|p1: batenjoyer17|move: Stealth Rock\n|\n|upkeep\n|turn|9\n|\n|t:|1698713577\n|move|p1a: Marceline|Ice Beam|p2a: Gabite\n|-supereffective|p2a: Gabite\n|-enditem|p2a: Gabite|Focus Sash\n|-damage|p2a: Gabite|1\/100\n|move|p2a: Gabite|Earthquake|p1a: Marceline\n|-crit|p1a: Marceline\n|-damage|p1a: Marceline|72\/100\n|\n|upkeep\n|turn|10\n|\n|t:|1698713586\n|move|p1a: Marceline|Meteor Beam||[still]\n|-prepare|p1a: Marceline|Meteor Beam\n|-boost|p1a: Marceline|spa|1\n|-enditem|p1a: Marceline|Power Herb\n|-anim|p1a: Marceline|Meteor Beam|p2a: Gabite\n|-resisted|p2a: Gabite\n|-crit|p2a: Gabite\n|-damage|p2a: Gabite|0 fnt\n|faint|p2a: Gabite\n|\n|upkeep\n|\n|t:|1698713592\n|switch|p2a: Galvantula|Galvantula, F|100\/100\n|turn|11\n|\n|t:|1698713600\n|-terastallize|p1a: Marceline|Fairy\n|move|p2a: Galvantula|Bug Buzz|p1a: Marceline\n|-resisted|p1a: Marceline\n|-damage|p1a: Marceline|56\/100\n|move|p1a: Marceline|Moonblast|p2a: Galvantula\n|-enditem|p2a: Galvantula|Focus Sash\n|-damage|p2a: Galvantula|1\/100\n|\n|upkeep\n|turn|12\n|\n|t:|1698713609\n|move|p2a: Galvantula|Sticky Web|p1a: Marceline\n|-sidestart|p1: batenjoyer17|move: Sticky Web\n|move|p1a: Marceline|Moonblast|p2a: Galvantula\n|-crit|p2a: Galvantula\n|-damage|p2a: Galvantula|0 fnt\n|faint|p2a: Galvantula\n|\n|upkeep\n|\n|t:|1698713612\n|switch|p2a: Pheromosa|Pheromosa|100\/100\n|turn|13\n|\n|t:|1698713616\n|move|p2a: Pheromosa|Poison Jab|p1a: Marceline\n|-supereffective|p1a: Marceline\n|-damage|p1a: Marceline|0 fnt\n|faint|p1a: Marceline\n|-ability|p2a: Pheromosa|Beast Boost|boost\n|-boost|p2a: Pheromosa|atk|1\n|\n|upkeep\n|\n|t:|1698713621\n|switch|p1a: Harkon|Crobat, F|100\/100\n|turn|14\n|\n|t:|1698713623\n|move|p2a: Pheromosa|Ice Beam|p1a: Harkon\n|-supereffective|p1a: Harkon\n|-damage|p1a: Harkon|28\/100\n|move|p1a: Harkon|Defog|p2a: Pheromosa\n|-unboost|p2a: Pheromosa|evasion|1\n|-sideend|p1: batenjoyer17|Stealth Rock|[from] move: Defog|[of] p1a: Harkon\n|-sideend|p1: batenjoyer17|Sticky Web|[from] move: Defog|[of] p1a: Harkon\n|\n|upkeep\n|turn|15\n|\n|t:|1698713632\n|move|p2a: Pheromosa|Ice Beam|p1a: Harkon\n|-supereffective|p1a: Harkon\n|-damage|p1a: Harkon|0 fnt\n|faint|p1a: Harkon\n|-ability|p2a: Pheromosa|Beast Boost|boost\n|-boost|p2a: Pheromosa|atk|1\n|\n|upkeep\n|\n|t:|1698713641\n|switch|p1a: Asterion|Noivern, M|100\/100\n|turn|16\n|\n|t:|1698713648\n|move|p2a: Pheromosa|Ice Beam|p1a: Asterion\n|-supereffective|p1a: Asterion\n|-damage|p1a: Asterion|0 fnt\n|faint|p1a: Asterion\n|-ability|p2a: Pheromosa|Beast Boost|boost\n|-boost|p2a: Pheromosa|atk|1\n|\n|upkeep\n|\n|t:|1698713654\n|switch|p1a: Dracula|Gliscor, F|100\/100\n|turn|17\n|\n|t:|1698713658\n|move|p1a: Dracula|Protect|p1a: Dracula\n|-singleturn|p1a: Dracula|Protect\n|move|p2a: Pheromosa|Ice Beam|p1a: Dracula\n|-activate|p1a: Dracula|move: Protect\n|\n|-status|p1a: Dracula|tox|[from] item: Toxic Orb\n|upkeep\n|turn|18\n|c|\u2606JustinRuggs|gg\n|\n|t:|1698713661\n|move|p2a: Pheromosa|Ice Beam|p1a: Dracula\n|-supereffective|p1a: Dracula\n|-damage|p1a: Dracula|0 fnt\n|faint|p1a: Dracula\n|-ability|p2a: Pheromosa|Beast Boost|boost\n|-boost|p2a: Pheromosa|atk|1\n|\n|upkeep\n|-message|batenjoyer17 forfeited.\n|\n|win|JustinRuggs\n|raw|batenjoyer17's rating: 1134 &rarr; <strong>1112<\/strong><br \/>(-22 for losing)\n|raw|JustinRuggs's rating: 1171 &rarr; <strong>1193<\/strong><br \/>(+22 for winning)\n|l|\u2606batenjoyer17\n","uploadtime":1698713670,"views":9,"p1id":"batenjoyer17","p2id":"justinruggs","formatid":"gen9nationaldexubers","rating":1112,"private":0,"password":""}