{"id":"gen9nationaldexubers-1982381759","p1":"D. Lawrenzz","p2":"Steven Stone 007","format":"[Gen 9] National Dex Ubers","log":"|j|\u2606D. Lawrenzz\n|j|\u2606Steven Stone 007\n|t:|1699007331\n|gametype|singles\n|player|p1|D. Lawrenzz|blue-masters|\n|player|p2|Steven Stone 007|steven|\n|teamsize|p1|6\n|teamsize|p2|6\n|gen|9\n|tier|[Gen 9] National Dex Ubers\n|rule|HP Percentage Mod: HP is shown in percentages\n|rule|Endless Battle Clause: Forcing endless battles is banned\n|rule|OHKO Clause: OHKO moves are banned\n|rule|Evasion Moves Clause: Evasion moves are banned\n|rule|Evasion Items Clause: Evasion items are banned\n|rule|Species Clause: Limit one of each Pok\u00e9mon\n|rule|Sleep Clause Mod: Limit one foe put to sleep\n|rule|Mega Rayquaza Clause: You cannot mega evolve Rayquaza\n|clearpoke\n|poke|p1|Ribombee, F|\n|poke|p1|Lopunny, F|\n|poke|p1|Great Tusk|\n|poke|p1|Ogerpon-Wellspring, F|\n|poke|p1|Bisharp, F|\n|poke|p1|Iron Moth|\n|poke|p2|Landorus-Therian, M|\n|poke|p2|Groudon|\n|poke|p2|Great Tusk|\n|poke|p2|Roaring Moon|\n|poke|p2|Sandy Shocks|\n|poke|p2|Gastrodon, F|\n|teampreview\n|inactive|Battle timer is ON: inactive players will automatically lose when time's up. (requested by D. Lawrenzz)\n|c|\u2606Steven Stone 007|GL\n|\n|t:|1699007339\n|start\n|switch|p1a: Ribombee|Ribombee, F, shiny|100\/100\n|switch|p2a: Landorus|Landorus-Therian, M|100\/100\n|-ability|p2a: Landorus|Intimidate|boost\n|-unboost|p1a: Ribombee|atk|1\n|turn|1\n|\n|t:|1699007345\n|move|p2a: Landorus|U-turn|p1a: Ribombee\n|-resisted|p1a: Ribombee\n|-damage|p1a: Ribombee|74\/100\n|\n|t:|1699007348\n|switch|p2a: Sandy Shocks|Sandy Shocks|100\/100|[from] U-turn\n|move|p1a: Ribombee|Hidden Power|p2a: Sandy Shocks\n|-supereffective|p2a: Sandy Shocks\n|-damage|p2a: Sandy Shocks|56\/100\n|\n|upkeep\n|turn|2\n|\n|t:|1699007358\n|move|p1a: Ribombee|Sticky Web|p2a: Sandy Shocks\n|-sidestart|p2: Steven Stone 007|move: Sticky Web\n|move|p2a: Sandy Shocks|Flash Cannon|p1a: Ribombee\n|-supereffective|p1a: Ribombee\n|-damage|p1a: Ribombee|0 fnt\n|faint|p1a: Ribombee\n|\n|upkeep\n|\n|t:|1699007361\n|switch|p1a: Lopunny|Lopunny, F|100\/100\n|turn|3\n|\n|t:|1699007365\n|-end|p2a: Sandy Shocks|Protosynthesis|[silent]\n|switch|p2a: Great Tusk|Great Tusk|100\/100\n|-activate|p2a: Great Tusk|move: Sticky Web\n|-unboost|p2a: Great Tusk|spe|1\n|move|p1a: Lopunny|Fake Out|p2a: Great Tusk\n|-crit|p2a: Great Tusk\n|-damage|p2a: Great Tusk|89\/100\n|\n|-heal|p2a: Great Tusk|95\/100|[from] item: Leftovers\n|upkeep\n|turn|4\n|\n|t:|1699007372\n|move|p1a: Lopunny|Triple Axel|p2a: Great Tusk\n|-supereffective|p2a: Great Tusk\n|-damage|p2a: Great Tusk|89\/100\n|-supereffective|p2a: Great Tusk\n|-damage|p2a: Great Tusk|79\/100\n|-supereffective|p2a: Great Tusk\n|-damage|p2a: Great Tusk|63\/100\n|-hitcount|p2a: Great Tusk|3\n|move|p2a: Great Tusk|Stealth Rock|p1a: Lopunny\n|-sidestart|p1: D. Lawrenzz|move: Stealth Rock\n|\n|-heal|p2a: Great Tusk|69\/100|[from] item: Leftovers\n|upkeep\n|turn|5\n|\n|t:|1699007376\n|move|p1a: Lopunny|Play Rough|p2a: Great Tusk\n|-supereffective|p2a: Great Tusk\n|-damage|p2a: Great Tusk|46\/100\n|-unboost|p2a: Great Tusk|atk|1\n|move|p2a: Great Tusk|Rapid Spin|p1a: Lopunny\n|-damage|p1a: Lopunny|89\/100\n|-boost|p2a: Great Tusk|spe|1\n|-sideend|p2: Steven Stone 007|Sticky Web|[from] move: Rapid Spin|[of] p2a: Great Tusk\n|\n|-heal|p2a: Great Tusk|52\/100|[from] item: Leftovers\n|upkeep\n|turn|6\n|\n|t:|1699007384\n|-end|p2a: Great Tusk|Protosynthesis|[silent]\n|switch|p2a: Groudon|Groudon|100\/100\n|-weather|SunnyDay|[from] ability: Drought|[of] p2a: Groudon\n|move|p1a: Lopunny|Triple Axel|p2a: Groudon\n|-supereffective|p2a: Groudon\n|-damage|p2a: Groudon|92\/100\n|-supereffective|p2a: Groudon\n|-damage|p2a: Groudon|75\/100\n|-supereffective|p2a: Groudon\n|-damage|p2a: Groudon|51\/100\n|-hitcount|p2a: Groudon|3\n|\n|-weather|SunnyDay|[upkeep]\n|-heal|p2a: Groudon|57\/100|[from] item: Leftovers\n|upkeep\n|turn|7\n|\n|t:|1699007394\n|move|p2a: Groudon|Heat Crash|p1a: Lopunny\n|-damage|p1a: Lopunny|0 fnt\n|faint|p1a: Lopunny\n|\n|-weather|SunnyDay|[upkeep]\n|-heal|p2a: Groudon|63\/100|[from] item: Leftovers\n|upkeep\n|\n|t:|1699007400\n|switch|p1a: Ogerpon|Ogerpon-Wellspring, F|100\/100\n|-damage|p1a: Ogerpon|88\/100|[from] Stealth Rock\n|turn|8\n|\n|t:|1699007410\n|switch|p2a: Sandy Shocks|Sandy Shocks|56\/100\n|-activate|p2a: Sandy Shocks|ability: Protosynthesis\n|-start|p2a: Sandy Shocks|protosynthesisspe\n|-terastallize|p1a: Ogerpon|Water\n|detailschange|p1a: Ogerpon|Ogerpon-Wellspring-Tera, F, tera:Water\n|-ability|p1a: Ogerpon|Embody Aspect (Wellspring)|boost\n|-boost|p1a: Ogerpon|spd|1\n|move|p1a: Ogerpon|Ivy Cudgel|p2a: Sandy Shocks\n|-supereffective|p2a: Sandy Shocks\n|-damage|p2a: Sandy Shocks|0 fnt\n|faint|p2a: Sandy Shocks\n|-end|p2a: Sandy Shocks|Protosynthesis|[silent]\n|\n|-weather|SunnyDay|[upkeep]\n|upkeep\n|\n|t:|1699007419\n|switch|p2a: Gastrodon|Gastrodon, F|100\/100\n|turn|9\n|\n|t:|1699007430\n|-terastallize|p2a: Gastrodon|Steel\n|move|p1a: Ogerpon|Horn Leech|p2a: Gastrodon\n|-resisted|p2a: Gastrodon\n|-damage|p2a: Gastrodon|74\/100\n|-heal|p1a: Ogerpon|100\/100|[from] drain|[of] p2a: Gastrodon\n|move|p2a: Gastrodon|Toxic|p1a: Ogerpon\n|-status|p1a: Ogerpon|tox\n|\n|-weather|SunnyDay|[upkeep]\n|-heal|p2a: Gastrodon|81\/100|[from] item: Leftovers\n|-damage|p1a: Ogerpon|95\/100 tox|[from] psn\n|upkeep\n|turn|10\n|\n|t:|1699007441\n|switch|p2a: Landorus|Landorus-Therian, M|100\/100\n|-ability|p2a: Landorus|Intimidate|boost\n|-unboost|p1a: Ogerpon|atk|1\n|move|p1a: Ogerpon|Swords Dance|p1a: Ogerpon\n|-boost|p1a: Ogerpon|atk|2\n|\n|-weather|none\n|-damage|p1a: Ogerpon|83\/100 tox|[from] psn\n|upkeep\n|turn|11\n|\n|t:|1699007450\n|move|p2a: Landorus|U-turn|p1a: Ogerpon\n|-crit|p1a: Ogerpon\n|-damage|p1a: Ogerpon|32\/100 tox\n|\n|t:|1699007452\n|switch|p2a: Gastrodon|Gastrodon, F, tera:Steel|81\/100|[from] U-turn\n|move|p1a: Ogerpon|Ivy Cudgel|p2a: Gastrodon\n|-ability|p2a: Gastrodon|Storm Drain|boost\n|-boost|p2a: Gastrodon|spa|1\n|\n|-heal|p2a: Gastrodon|87\/100|[from] item: Leftovers\n|-damage|p1a: Ogerpon|14\/100 tox|[from] psn\n|upkeep\n|turn|12\n|\n|t:|1699007457\n|move|p1a: Ogerpon|Horn Leech|p2a: Gastrodon\n|-resisted|p2a: Gastrodon\n|-damage|p2a: Gastrodon|49\/100\n|-heal|p1a: Ogerpon|41\/100 tox|[from] drain|[of] p2a: Gastrodon\n|move|p2a: Gastrodon|Recover|p2a: Gastrodon\n|-heal|p2a: Gastrodon|99\/100\n|\n|-heal|p2a: Gastrodon|100\/100|[from] item: Leftovers\n|-damage|p1a: Ogerpon|17\/100 tox|[from] psn\n|upkeep\n|turn|13\n|\n|t:|1699007462\n|move|p1a: Ogerpon|Horn Leech|p2a: Gastrodon\n|-resisted|p2a: Gastrodon\n|-damage|p2a: Gastrodon|66\/100\n|-heal|p1a: Ogerpon|41\/100 tox|[from] drain|[of] p2a: Gastrodon\n|move|p2a: Gastrodon|Recover|p2a: Gastrodon\n|-heal|p2a: Gastrodon|100\/100\n|\n|-damage|p1a: Ogerpon|11\/100 tox|[from] psn\n|upkeep\n|turn|14\n|\n|t:|1699007468\n|move|p1a: Ogerpon|Horn Leech|p2a: Gastrodon\n|-resisted|p2a: Gastrodon\n|-damage|p2a: Gastrodon|65\/100\n|-heal|p1a: Ogerpon|36\/100 tox|[from] drain|[of] p2a: Gastrodon\n|move|p2a: Gastrodon|Recover|p2a: Gastrodon\n|-heal|p2a: Gastrodon|100\/100\n|\n|-damage|p1a: Ogerpon|0 fnt|[from] psn\n|faint|p1a: Ogerpon\n|upkeep\n|\n|t:|1699007475\n|switch|p1a: Iron Moth|Iron Moth, shiny|100\/100\n|-damage|p1a: Iron Moth|76\/100|[from] Stealth Rock\n|-enditem|p1a: Iron Moth|Booster Energy\n|-activate|p1a: Iron Moth|ability: Quark Drive|[fromitem]\n|-start|p1a: Iron Moth|quarkdrivespa\n|turn|15\n|\n|t:|1699007479\n|move|p1a: Iron Moth|Fiery Dance|p2a: Gastrodon\n|-supereffective|p2a: Gastrodon\n|-crit|p2a: Gastrodon\n|-damage|p2a: Gastrodon|0 fnt\n|-boost|p1a: Iron Moth|spa|1\n|faint|p2a: Gastrodon\n|\n|upkeep\n|\n|t:|1699007482\n|switch|p2a: Landorus|Landorus-Therian, M|100\/100\n|-ability|p2a: Landorus|Intimidate|boost\n|-unboost|p1a: Iron Moth|atk|1\n|turn|16\n|\n|t:|1699007495\n|move|p2a: Landorus|Earthquake|p1a: Iron Moth\n|-supereffective|p1a: Iron Moth\n|-damage|p1a: Iron Moth|0 fnt\n|faint|p1a: Iron Moth\n|-end|p1a: Iron Moth|Quark Drive|[silent]\n|\n|upkeep\n|\n|t:|1699007498\n|switch|p1a: Great Tusk|Great Tusk, shiny|100\/100\n|-damage|p1a: Great Tusk|98\/100|[from] Stealth Rock\n|-enditem|p1a: Great Tusk|Booster Energy\n|-activate|p1a: Great Tusk|ability: Protosynthesis|[fromitem]\n|-start|p1a: Great Tusk|protosynthesisatk\n|turn|17\n|\n|t:|1699007503\n|switch|p2a: Great Tusk|Great Tusk|52\/100\n|move|p1a: Great Tusk|Rapid Spin|p2a: Great Tusk\n|-damage|p2a: Great Tusk|41\/100\n|-boost|p1a: Great Tusk|spe|1\n|-sideend|p1: D. Lawrenzz|Stealth Rock|[from] move: Rapid Spin|[of] p1a: Great Tusk\n|\n|-heal|p2a: Great Tusk|47\/100|[from] item: Leftovers\n|upkeep\n|turn|18\n|\n|t:|1699007509\n|-end|p2a: Great Tusk|Protosynthesis|[silent]\n|switch|p2a: Groudon|Groudon|63\/100\n|-weather|SunnyDay|[from] ability: Drought|[of] p2a: Groudon\n|move|p1a: Great Tusk|Earthquake|p2a: Groudon\n|-damage|p2a: Groudon|8\/100\n|\n|-weather|SunnyDay|[upkeep]\n|-heal|p2a: Groudon|14\/100|[from] item: Leftovers\n|upkeep\n|turn|19\n|\n|t:|1699007515\n|move|p1a: Great Tusk|Earthquake|p2a: Groudon\n|-damage|p2a: Groudon|0 fnt\n|faint|p2a: Groudon\n|\n|-weather|SunnyDay|[upkeep]\n|upkeep\n|\n|t:|1699007518\n|switch|p2a: Roaring Moon|Roaring Moon|100\/100\n|-activate|p2a: Roaring Moon|ability: Protosynthesis\n|-start|p2a: Roaring Moon|protosynthesisspe\n|turn|20\n|\n|t:|1699007523\n|move|p2a: Roaring Moon|Earthquake|p1a: Great Tusk\n|-damage|p1a: Great Tusk|74\/100\n|move|p1a: Great Tusk|Close Combat|p2a: Roaring Moon\n|-supereffective|p2a: Roaring Moon\n|-enditem|p2a: Roaring Moon|Focus Sash\n|-damage|p2a: Roaring Moon|1\/100\n|-unboost|p1a: Great Tusk|def|1\n|-unboost|p1a: Great Tusk|spd|1\n|\n|-weather|SunnyDay|[upkeep]\n|upkeep\n|turn|21\n|\n|t:|1699007528\n|move|p2a: Roaring Moon|Earthquake|p1a: Great Tusk\n|-damage|p1a: Great Tusk|42\/100\n|move|p1a: Great Tusk|Rapid Spin|p2a: Roaring Moon\n|-damage|p2a: Roaring Moon|0 fnt\n|-boost|p1a: Great Tusk|spe|1\n|faint|p2a: Roaring Moon\n|-end|p2a: Roaring Moon|Protosynthesis|[silent]\n|\n|-weather|SunnyDay|[upkeep]\n|upkeep\n|\n|t:|1699007532\n|switch|p2a: Landorus|Landorus-Therian, M|100\/100\n|-ability|p2a: Landorus|Intimidate|boost\n|-unboost|p1a: Great Tusk|atk|1\n|turn|22\n|\n|t:|1699007537\n|move|p2a: Landorus|Earthquake|p1a: Great Tusk\n|-damage|p1a: Great Tusk|0 fnt\n|faint|p1a: Great Tusk\n|-end|p1a: Great Tusk|Protosynthesis|[silent]\n|\n|-weather|none\n|upkeep\n|c|\u2606Steven Stone 007|GG\n|\n|t:|1699007543\n|switch|p1a: Bisharp|Bisharp, F, shiny|100\/100\n|turn|23\n|\n|t:|1699007545\n|move|p1a: Bisharp|Sucker Punch|p2a: Landorus\n|-damage|p2a: Landorus|57\/100\n|move|p2a: Landorus|Earthquake|p1a: Bisharp\n|-supereffective|p1a: Bisharp\n|-damage|p1a: Bisharp|11\/100\n|\n|upkeep\n|turn|24\n|\n|t:|1699007549\n|switch|p2a: Great Tusk|Great Tusk|47\/100\n|move|p1a: Bisharp|Sucker Punch||[still]\n|-fail|p1a: Bisharp\n|\n|-heal|p2a: Great Tusk|53\/100|[from] item: Leftovers\n|upkeep\n|turn|25\n|\n|t:|1699007554\n|move|p2a: Great Tusk|Earthquake|p1a: Bisharp\n|-supereffective|p1a: Bisharp\n|-damage|p1a: Bisharp|0 fnt\n|faint|p1a: Bisharp\n|\n|win|Steven Stone 007\n","uploadtime":1699007557,"views":15,"p1id":"dlawrenzz","p2id":"stevenstone007","formatid":"gen9nationaldexubers","rating":0,"private":0,"password":""}