{"id":"gen9nationaldexubers-1984208957","p1":"Curtis smith","p2":"Disco 2003","format":"[Gen 9] National Dex Ubers","log":"|j|\u2606Curtis smith\n|j|\u2606Disco 2003\n|t:|1699230387\n|gametype|singles\n|player|p1|Curtis smith|170|\n|player|p2|Disco 2003|266|\n|teamsize|p1|6\n|teamsize|p2|6\n|gen|9\n|tier|[Gen 9] National Dex Ubers\n|rule|HP Percentage Mod: HP is shown in percentages\n|rule|Endless Battle Clause: Forcing endless battles is banned\n|rule|OHKO Clause: OHKO moves are banned\n|rule|Evasion Moves Clause: Evasion moves are banned\n|rule|Evasion Items Clause: Evasion items are banned\n|rule|Species Clause: Limit one of each Pok\u00e9mon\n|rule|Sleep Clause Mod: Limit one foe put to sleep\n|rule|Mega Rayquaza Clause: You cannot mega evolve Rayquaza\n|clearpoke\n|poke|p1|Snorlax, F|\n|poke|p1|Raichu-Alola, M|\n|poke|p1|Kyurem-Black|\n|poke|p1|Zacian-*|\n|poke|p1|Pincurchin, M|\n|poke|p1|Blastoise, F|\n|poke|p2|Zekrom|\n|poke|p2|Wobbuffet, M|\n|poke|p2|Flutter Mane|\n|poke|p2|Scizor, M|\n|poke|p2|Alomomola, M|\n|poke|p2|Muk-Alola, F|\n|teampreview\n|j| adghhgtyh\n|c|\u2606Disco 2003|glhf bro\n|l| adghhgtyh\n|j| B3YOND THE HOR1ZON\n|c|\u2606Curtis smith|u2 mate\n|c|\u2606Disco 2003|i cant lie boys\n|j| vespyyy\n|c|\u2606Disco 2003|not my proudest prep this season\n|c|\u2606Disco 2003|but let's rock on w it\n|c| B3YOND THE HOR1ZON|I see an alolan muk\n|c| B3YOND THE HOR1ZON|I'm so proud\n|c|\u2606Curtis smith|i took 4 minutes to do mine\n|c|\u2606Disco 2003|i took 10\n|c|\u2606Disco 2003|you might be cooking\n|c|\u2606Curtis smith|lol\n|c|\u2606Curtis smith|about to be a classic\n|\n|t:|1699230465\n|start\n|switch|p1a: Blastoise|Blastoise, F|100\/100\n|switch|p2a: Zekrom|Zekrom|100\/100\n|-ability|p2a: Zekrom|Teravolt\n|turn|1\n|j| AstroSammy\n|c| B3YOND THE HOR1ZON|He's in\n|c| B3YOND THE HOR1ZON|hi Sammy\n|c| B3YOND THE HOR1ZON|Oh right, you're actually a cat now\n|c| B3YOND THE HOR1ZON|I named the small cat Sammy\n|l| vespyyy\n|j| vespyyy\n|\n|t:|1699230515\n|switch|p1a: Raichu|Raichu-Alola, M|100\/100\n|move|p2a: Zekrom|Substitute|p2a: Zekrom\n|-start|p2a: Zekrom|Substitute\n|-damage|p2a: Zekrom|76\/100\n|\n|-heal|p2a: Zekrom|82\/100|[from] item: Leftovers\n|upkeep\n|turn|2\n|c| AstroSammy|Lol\n|c| AstroSammy|OH NICE\n|c| AstroSammy|I WON\n|\n|t:|1699230530\n|move|p1a: Raichu|Reflect|p1a: Raichu\n|-sidestart|p1: Curtis smith|Reflect\n|move|p2a: Zekrom|Dragon Dance|p2a: Zekrom\n|-boost|p2a: Zekrom|atk|1\n|-boost|p2a: Zekrom|spe|1\n|\n|-heal|p2a: Zekrom|88\/100|[from] item: Leftovers\n|upkeep\n|turn|3\n|\n|t:|1699230534\n|move|p2a: Zekrom|Dragon Dance|p2a: Zekrom\n|-boost|p2a: Zekrom|atk|1\n|-boost|p2a: Zekrom|spe|1\n|move|p1a: Raichu|Volt Switch|p2a: Zekrom\n|-resisted|p2a: Zekrom\n|-activate|p2a: Zekrom|move: Substitute|[damage]\n|c| B3YOND THE HOR1ZON|You won?\n|\n|t:|1699230540\n|switch|p1a: Kyurem|Kyurem-Black|100\/100|[from] Volt Switch\n|-ability|p1a: Kyurem|Teravolt\n|\n|-heal|p2a: Zekrom|94\/100|[from] item: Leftovers\n|upkeep\n|turn|4\n|c| B3YOND THE HOR1ZON|Oh no\n|c| B3YOND THE HOR1ZON|KyuB is like \"father?\"\n|c|\u2606Curtis smith|i uhh\n|\n|t:|1699230655\n|move|p2a: Zekrom|Dragon Claw|p1a: Kyurem\n|-supereffective|p1a: Kyurem\n|-damage|p1a: Kyurem|25\/100\n|move|p1a: Kyurem|Freeze Shock||[still]\n|-prepare|p1a: Kyurem|Freeze Shock\n|-enditem|p1a: Kyurem|Power Herb\n|-anim|p1a: Kyurem|Freeze Shock|p2a: Zekrom\n|-supereffective|p2a: Zekrom\n|-end|p2a: Zekrom|Substitute\n|\n|-heal|p2a: Zekrom|99\/100|[from] item: Leftovers\n|upkeep\n|turn|5\n|\n|t:|1699230666\n|move|p2a: Zekrom|Dragon Claw|p1a: Kyurem\n|-supereffective|p1a: Kyurem\n|-damage|p1a: Kyurem|0 fnt\n|faint|p1a: Kyurem\n|\n|-heal|p2a: Zekrom|100\/100|[from] item: Leftovers\n|upkeep\n|c| B3YOND THE HOR1ZON|Not like this\n|\n|t:|1699230669\n|switch|p1a: Zacian|Zacian|100\/100\n|-ability|p1a: Zacian|Intrepid Sword|boost\n|-boost|p1a: Zacian|atk|1\n|turn|6\n|c| B3YOND THE HOR1ZON|Curt pl\n|c| B3YOND THE HOR1ZON|*pls\n|c|\u2606Disco 2003|in\n|\n|t:|1699230681\n|move|p2a: Zekrom|Substitute|p2a: Zekrom\n|-start|p2a: Zekrom|Substitute\n|-damage|p2a: Zekrom|76\/100\n|move|p1a: Zacian|Play Rough|p2a: Zekrom|[miss]\n|-miss|p1a: Zacian|p2a: Zekrom\n|\n|-heal|p2a: Zekrom|82\/100|[from] item: Leftovers\n|upkeep\n|turn|7\n|c| B3YOND THE HOR1ZON|Surely\n|c| B3YOND THE HOR1ZON|oh no\n|c|\u2606Disco 2003|NNO\n|c| B3YOND THE HOR1ZON|oh no\n|c| B3YOND THE HOR1ZON|Not like this\n|c|\u2606Disco 2003|ok ima miss too\n|c|\u2606Disco 2003|cmon\n|\n|t:|1699230699\n|move|p2a: Zekrom|Bolt Strike|p1a: Zacian|[miss]\n|-miss|p2a: Zekrom|p1a: Zacian\n|move|p1a: Zacian|Play Rough|p2a: Zekrom\n|-supereffective|p2a: Zekrom\n|-end|p2a: Zekrom|Substitute\n|\n|-heal|p2a: Zekrom|88\/100|[from] item: Leftovers\n|upkeep\n|turn|8\n|c| B3YOND THE HOR1ZON|Do it\n|c| B3YOND THE HOR1ZON|Miss\n|c| B3YOND THE HOR1ZON|LOOOOL\n|c|\u2606Disco 2003|LETS GOOOOO\n|c| B3YOND THE HOR1ZON|miss again\n|c|\u2606Curtis smith|i uhh\n|c| B3YOND THE HOR1ZON|Miss again tezzy\n|c| B3YOND THE HOR1ZON|Do it\n|c|\u2606Disco 2003|nah let's not go that far lmaoooo\n|c| AstroSammy|Miss again\n|\n|t:|1699230728\n|move|p2a: Zekrom|Substitute|p2a: Zekrom\n|-start|p2a: Zekrom|Substitute\n|-damage|p2a: Zekrom|63\/100\n|move|p1a: Zacian|Play Rough|p2a: Zekrom\n|-supereffective|p2a: Zekrom\n|-end|p2a: Zekrom|Substitute\n|\n|-heal|p2a: Zekrom|69\/100|[from] item: Leftovers\n|upkeep\n|turn|9\n|c| AstroSammy|Let's goooo\n|c| B3YOND THE HOR1ZON|nah you've willed another miss into existence Tezzy\n|\n|t:|1699230750\n|switch|p1a: Raichu|Raichu-Alola, M|100\/100\n|move|p2a: Zekrom|Substitute|p2a: Zekrom\n|-start|p2a: Zekrom|Substitute\n|-damage|p2a: Zekrom|44\/100\n|\n|-heal|p2a: Zekrom|50\/100|[from] item: Leftovers\n|-sideend|p1: Curtis smith|Reflect\n|upkeep\n|turn|10\n|\n|t:|1699230755\n|move|p2a: Zekrom|Dragon Claw|p1a: Raichu\n|-damage|p1a: Raichu|0 fnt\n|faint|p1a: Raichu\n|\n|-heal|p2a: Zekrom|57\/100|[from] item: Leftovers\n|upkeep\n|j| Serise\n|c| B3YOND THE HOR1ZON|nani\n|\n|t:|1699230760\n|switch|p1a: Zacian|Zacian|100\/100\n|turn|11\n|c| AstroSammy|Wtf\n|\n|t:|1699230764\n|move|p2a: Zekrom|Bolt Strike|p1a: Zacian\n|-damage|p1a: Zacian|0 fnt\n|faint|p1a: Zacian\n|\n|-heal|p2a: Zekrom|63\/100|[from] item: Leftovers\n|upkeep\n|c| B3YOND THE HOR1ZON|Curtis\n|c| AstroSammy|Why\n|\n|t:|1699230768\n|switch|p1a: Snorlax|Snorlax, F|100\/100\n|turn|12\n|c| B3YOND THE HOR1ZON|not like this\n|\n|t:|1699230777\n|move|p2a: Zekrom|Dragon Claw|p1a: Snorlax\n|-damage|p1a: Snorlax|13\/100\n|move|p1a: Snorlax|Dynamic Punch|p2a: Zekrom\n|-crit|p2a: Zekrom\n|-end|p2a: Zekrom|Substitute\n|\n|-heal|p2a: Zekrom|69\/100|[from] item: Leftovers\n|upkeep\n|turn|13\n|c| B3YOND THE HOR1ZON|LOL\n|c|\u2606Curtis smith|smh\n|c| Serise|oh no when did this thing get dragon dance\n|\n|t:|1699230790\n|switch|p2a: Wobbuffet|Wobbuffet, M|100\/100\n|move|p1a: Snorlax|Return|p2a: Wobbuffet\n|-damage|p2a: Wobbuffet|75\/100\n|\n|-heal|p2a: Wobbuffet|81\/100|[from] item: Leftovers\n|upkeep\n|turn|14\n|c| B3YOND THE HOR1ZON|tezzy cmon\n|c| B3YOND THE HOR1ZON|Hes already dead\n|\n|t:|1699230800\n|move|p1a: Snorlax|Dynamic Punch|p2a: Wobbuffet|[miss]\n|-miss|p1a: Snorlax|p2a: Wobbuffet\n|-enditem|p1a: Snorlax|Blunder Policy\n|-boost|p1a: Snorlax|spe|2\n|move|p2a: Wobbuffet|Counter||[still]\n|-fail|p2a: Wobbuffet\n|\n|-heal|p2a: Wobbuffet|87\/100|[from] item: Leftovers\n|upkeep\n|turn|15\n|c| B3YOND THE HOR1ZON|LOL\n|c|\u2606Disco 2003|i fucking knew it\n|c| Serise|only in draft\n|c| B3YOND THE HOR1ZON|Worlds fastest snorlax\n|c| B3YOND THE HOR1ZON|yk what would be funny tezzy\n|\n|t:|1699230828\n|move|p1a: Snorlax|Dynamic Punch|p2a: Wobbuffet\n|-resisted|p2a: Wobbuffet\n|-damage|p2a: Wobbuffet|78\/100\n|-start|p2a: Wobbuffet|confusion\n|-activate|p2a: Wobbuffet|confusion\n|move|p2a: Wobbuffet|Safeguard|p2a: Wobbuffet\n|-sidestart|p2: Disco 2003|Safeguard\n|\n|-heal|p2a: Wobbuffet|84\/100|[from] item: Leftovers\n|upkeep\n|turn|16\n|c| B3YOND THE HOR1ZON|If you lost\n|c| B3YOND THE HOR1ZON|LOL\n|\n|t:|1699230837\n|move|p1a: Snorlax|Return|p2a: Wobbuffet\n|-damage|p2a: Wobbuffet|54\/100\n|-activate|p2a: Wobbuffet|confusion\n|move|p2a: Wobbuffet|Encore|p1a: Snorlax\n|-start|p1a: Snorlax|Encore\n|\n|-heal|p2a: Wobbuffet|60\/100|[from] item: Leftovers\n|upkeep\n|turn|17\n|\n|t:|1699230845\n|switch|p2a: Flutter Mane|Flutter Mane|100\/100\n|move|p1a: Snorlax|Return|p2a: Flutter Mane\n|-immune|p2a: Flutter Mane\n|\n|upkeep\n|turn|18\n|c| B3YOND THE HOR1ZON|its ok\n|c| Serise|Wobb putting up safeguard to block confusion while confused be like\n|\n|t:|1699230854\n|switch|p1a: Pincurchin|Pincurchin, M|100\/100\n|-fieldstart|move: Electric Terrain|[from] ability: Electric Surge|[of] p1a: Pincurchin\n|move|p2a: Flutter Mane|Moonblast|p1a: Pincurchin\n|-damage|p1a: Pincurchin|21\/100\n|\n|upkeep\n|turn|19\n|c|\u2606Disco 2003|if only i was quark drive\n|c| B3YOND THE HOR1ZON|Its like putting on bug repellant while a Mosquito is on your shoulder\n|\n|t:|1699230871\n|move|p2a: Flutter Mane|Moonblast|p1a: Pincurchin\n|-damage|p1a: Pincurchin|0 fnt\n|faint|p1a: Pincurchin\n|\n|-sideend|p2: Disco 2003|Safeguard\n|upkeep\n|c| Serise|Wouldn't that work tho?\n|\n|t:|1699230877\n|switch|p1a: Blastoise|Blastoise, F|100\/100\n|turn|20\n|c| B3YOND THE HOR1ZON|shh\n|\n|t:|1699230881\n|detailschange|p1a: Blastoise|Blastoise-Mega, F\n|-mega|p1a: Blastoise|Blastoise|Blastoisinite\n|move|p2a: Flutter Mane|Perish Song|p2a: Flutter Mane\n|-start|p1a: Blastoise|perish3|[silent]\n|-start|p2a: Flutter Mane|perish3|[silent]\n|-fieldactivate|move: Perish Song\n|move|p1a: Blastoise|Shell Smash|p1a: Blastoise\n|-unboost|p1a: Blastoise|def|1\n|-unboost|p1a: Blastoise|spd|1\n|-boost|p1a: Blastoise|atk|2\n|-boost|p1a: Blastoise|spa|2\n|-boost|p1a: Blastoise|spe|2\n|\n|-start|p1a: Blastoise|perish3\n|-start|p2a: Flutter Mane|perish3\n|upkeep\n|turn|21\n|c| B3YOND THE HOR1ZON|watch this\n|c| B3YOND THE HOR1ZON|The sweep\n|c| B3YOND THE HOR1ZON|Go Blastoise\n|c| B3YOND THE HOR1ZON|show me the sauce\n|c| Serise|a toert and a dream\n|c| B3YOND THE HOR1ZON|I'll kiss curtis irl if he wins\n|c| Serise|Tez\n|c| Serise|throw\n|c|\u2606Disco 2003|ayo\n|c| Serise|throw\n|c| Serise|please\n|\n|t:|1699230918\n|move|p1a: Blastoise|Terrain Pulse|p2a: Flutter Mane\n|-damage|p2a: Flutter Mane|0 fnt\n|faint|p2a: Flutter Mane\n|-end|p2a: Flutter Mane|Protosynthesis|[silent]\n|\n|-start|p1a: Blastoise|perish2\n|upkeep\n|c|\u2606Disco 2003|LIT\n|c| Serise|Good start\n|\n|t:|1699230928\n|switch|p2a: Muk|Muk-Alola, F|100\/100\n|turn|22\n|c| B3YOND THE HOR1ZON|muk ily but die\n|c|\u2606Disco 2003|reveal EQ\n|\n|t:|1699230938\n|move|p1a: Blastoise|Terrain Pulse|p2a: Muk\n|-damage|p2a: Muk|36\/100\n|move|p2a: Muk|Clear Smog|p1a: Blastoise\n|-damage|p1a: Blastoise|87\/100\n|-clearboost|p1a: Blastoise\n|\n|-start|p1a: Blastoise|perish1\n|upkeep\n|turn|23\n|c| B3YOND THE HOR1ZON|oh no\n|\n|t:|1699230947\n|switch|p1a: Snorlax|Snorlax, F|13\/100\n|switch|p2a: Wobbuffet|Wobbuffet, M|60\/100\n|\n|-heal|p2a: Wobbuffet|66\/100|[from] item: Leftovers\n|upkeep\n|turn|24\n|c| B3YOND THE HOR1ZON|its ok\n|c| B3YOND THE HOR1ZON|Winnable\n|\n|t:|1699230953\n|move|p1a: Snorlax|Dynamic Punch|p2a: Wobbuffet|[miss]\n|-miss|p1a: Snorlax|p2a: Wobbuffet\n|move|p2a: Wobbuffet|Counter||[still]\n|-fail|p2a: Wobbuffet\n|\n|-heal|p2a: Wobbuffet|72\/100|[from] item: Leftovers\n|upkeep\n|turn|25\n|\n|t:|1699230958\n|move|p1a: Snorlax|Dynamic Punch|p2a: Wobbuffet|[miss]\n|-miss|p1a: Snorlax|p2a: Wobbuffet\n|move|p2a: Wobbuffet|Counter||[still]\n|-fail|p2a: Wobbuffet\n|\n|-heal|p2a: Wobbuffet|78\/100|[from] item: Leftovers\n|-fieldend|move: Electric Terrain\n|upkeep\n|turn|26\n|c| B3YOND THE HOR1ZON|LOL\n|c| B3YOND THE HOR1ZON|do it again\n|\n|t:|1699230965\n|move|p1a: Snorlax|Dynamic Punch|p2a: Wobbuffet|[miss]\n|-miss|p1a: Snorlax|p2a: Wobbuffet\n|move|p2a: Wobbuffet|Safeguard|p2a: Wobbuffet\n|-sidestart|p2: Disco 2003|Safeguard\n|\n|-heal|p2a: Wobbuffet|85\/100|[from] item: Leftovers\n|upkeep\n|turn|27\n|c| B3YOND THE HOR1ZON|F\n|c| Serise|BASED LAX\n|c| B3YOND THE HOR1ZON|Curtis will get a big ol smooch if he wins dw\n|\n|t:|1699230996\n|switch|p2a: Muk|Muk-Alola, F|36\/100\n|move|p1a: Snorlax|Dynamic Punch|p2a: Muk|[miss]\n|-miss|p1a: Snorlax|p2a: Muk\n|\n|upkeep\n|turn|28\n|\n|t:|1699231007\n|move|p1a: Snorlax|Dynamic Punch|p2a: Muk|[miss]\n|-miss|p1a: Snorlax|p2a: Muk\n|move|p2a: Muk|Knock Off|p1a: Snorlax\n|-damage|p1a: Snorlax|0 fnt\n|faint|p1a: Snorlax\n|\n|upkeep\n|\n|t:|1699231011\n|switch|p1a: Blastoise|Blastoise-Mega, F|87\/100\n|turn|29\n|c| B3YOND THE HOR1ZON|Now just don't clear smog\n|c|\u2606Disco 2003|this has got to be the least lucky dynamic punch streak ever\n|c| B3YOND THE HOR1ZON|Smile\n|\n|t:|1699231023\n|move|p1a: Blastoise|Shell Smash|p1a: Blastoise\n|-unboost|p1a: Blastoise|def|1\n|-unboost|p1a: Blastoise|spd|1\n|-boost|p1a: Blastoise|atk|2\n|-boost|p1a: Blastoise|spa|2\n|-boost|p1a: Blastoise|spe|2\n|move|p2a: Muk|Clear Smog|p1a: Blastoise\n|-damage|p1a: Blastoise|73\/100\n|-clearboost|p1a: Blastoise\n|\n|upkeep\n|turn|30\n|\n|t:|1699231029\n|move|p1a: Blastoise|Water Pulse|p2a: Muk\n|-damage|p2a: Muk|15\/100\n|move|p2a: Muk|Clear Smog|p1a: Blastoise\n|-damage|p1a: Blastoise|63\/100\n|-clearboost|p1a: Blastoise\n|\n|-sideend|p2: Disco 2003|Safeguard\n|upkeep\n|turn|31\n|c| B3YOND THE HOR1ZON|coward\n|\n|t:|1699231040\n|move|p1a: Blastoise|Shell Smash|p1a: Blastoise\n|-unboost|p1a: Blastoise|def|1\n|-unboost|p1a: Blastoise|spd|1\n|-boost|p1a: Blastoise|atk|2\n|-boost|p1a: Blastoise|spa|2\n|-boost|p1a: Blastoise|spe|2\n|move|p2a: Muk|Clear Smog|p1a: Blastoise\n|-damage|p1a: Blastoise|49\/100\n|-clearboost|p1a: Blastoise\n|\n|upkeep\n|turn|32\n|\n|t:|1699231045\n|move|p1a: Blastoise|Water Pulse|p2a: Muk\n|-damage|p2a: Muk|0 fnt\n|faint|p2a: Muk\n|\n|upkeep\n|\n|t:|1699231048\n|switch|p2a: Zekrom|Zekrom|69\/100\n|-ability|p2a: Zekrom|Teravolt\n|turn|33\n|c| Serise|Diff hater\n|c| B3YOND THE HOR1ZON|Now dodge\n|c| B3YOND THE HOR1ZON|Dodge\n|\n|t:|1699231053\n|move|p2a: Zekrom|Substitute|p2a: Zekrom\n|-start|p2a: Zekrom|Substitute\n|-damage|p2a: Zekrom|44\/100\n|move|p1a: Blastoise|Shell Smash|p1a: Blastoise\n|-unboost|p1a: Blastoise|def|1\n|-unboost|p1a: Blastoise|spd|1\n|-boost|p1a: Blastoise|atk|2\n|-boost|p1a: Blastoise|spa|2\n|-boost|p1a: Blastoise|spe|2\n|\n|-heal|p2a: Zekrom|50\/100|[from] item: Leftovers\n|upkeep\n|turn|34\n|c| B3YOND THE HOR1ZON|Dode\n|c| B3YOND THE HOR1ZON|DODGE\n|c| B3YOND THE HOR1ZON|ONE TIME\n|c| AstroSammy|Rip\n|c|\u2606Curtis smith|if i flinch\n|c| Serise|85% accuracy\n|\n|t:|1699231072\n|move|p1a: Blastoise|Dark Pulse|p2a: Zekrom\n|-end|p2a: Zekrom|Substitute\n|move|p2a: Zekrom|Dragon Claw|p1a: Blastoise\n|-damage|p1a: Blastoise|0 fnt\n|faint|p1a: Blastoise\n|\n|win|Disco 2003\n|c| Serise|after all those dynamic punches\n|c| B3YOND THE HOR1ZON|You can't flinch a sub lol\n|c|\u2606Curtis smith|smh\n|c| Serise|oh or that\n|c| Serise|lol\n|c|\u2606Curtis smith|ggs lol\n|c| B3YOND THE HOR1ZON|Rip\n|c|\u2606Disco 2003|ggwp\n|c| B3YOND THE HOR1ZON|You tried curtis\n","uploadtime":1699231090,"views":12,"p1id":"curtissmith","p2id":"disco2003","formatid":"gen9nationaldexubers","rating":0,"private":0,"password":""}