{"id":"gen9nationaldexubers-1996638689","p1":"KingoftheTitans","p2":"BlackVoidDragon","format":"[Gen 9] National Dex Ubers","log":"|j|\u2606KingoftheTitans\n|j|\u2606BlackVoidDragon\n|t:|1700703768\n|gametype|singles\n|player|p1|KingoftheTitans|2|1174\n|player|p2|BlackVoidDragon|unknown|1162\n|teamsize|p1|6\n|teamsize|p2|6\n|gen|9\n|tier|[Gen 9] National Dex Ubers\n|rated|\n|rule|HP Percentage Mod: HP is shown in percentages\n|rule|Endless Battle Clause: Forcing endless battles is banned\n|rule|OHKO Clause: OHKO moves are banned\n|rule|Evasion Moves Clause: Evasion moves are banned\n|rule|Evasion Items Clause: Evasion items are banned\n|rule|Species Clause: Limit one of each Pok\u00e9mon\n|rule|Sleep Clause Mod: Limit one foe put to sleep\n|rule|Mega Rayquaza Clause: You cannot mega evolve Rayquaza\n|clearpoke\n|poke|p1|Ogerpon, F|\n|poke|p1|Buzzwole|\n|poke|p1|Breloom, M|\n|poke|p1|Bronzong|\n|poke|p1|Sceptile, M|\n|poke|p1|Basculegion, M|\n|poke|p2|Zygarde|\n|poke|p2|Necrozma-Dawn-Wings|\n|poke|p2|Groudon|\n|poke|p2|Kyogre|\n|poke|p2|Mewtwo|\n|poke|p2|Darkrai|\n|teampreview\n|inactive|Battle timer is ON: inactive players will automatically lose when time's up. (requested by BlackVoidDragon)\n|inactive|KingoftheTitans has 120 seconds left.\n|\n|t:|1700703804\n|start\n|switch|p1a: Breloom|Breloom, M|100\/100\n|switch|p2a: MonstersNightmare|Darkrai|100\/100\n|turn|1\n|\n|t:|1700703809\n|move|p2a: MonstersNightmare|Hypnosis|p1a: Breloom\n|-status|p1a: Breloom|slp|[from] move: Hypnosis\n|cant|p1a: Breloom|slp\n|\n|-damage|p1a: Breloom|88\/100 slp|[from] ability: Bad Dreams|[of] p2a: MonstersNightmare\n|upkeep\n|turn|2\n|\n|t:|1700703815\n|move|p2a: MonstersNightmare|Dream Eater|p1a: Breloom\n|-supereffective|p1a: Breloom\n|-damage|p1a: Breloom|0 fnt\n|faint|p1a: Breloom\n|\n|upkeep\n|\n|t:|1700703823\n|switch|p1a: Bronzong|Bronzong|100\/100\n|turn|3\n|\n|t:|1700703825\n|move|p2a: MonstersNightmare|Hypnosis|p1a: Bronzong\n|-status|p1a: Bronzong|slp|[from] move: Hypnosis\n|cant|p1a: Bronzong|slp\n|\n|-damage|p1a: Bronzong|88\/100 slp|[from] ability: Bad Dreams|[of] p2a: MonstersNightmare\n|upkeep\n|turn|4\n|\n|t:|1700703834\n|move|p2a: MonstersNightmare|Dream Eater|p1a: Bronzong\n|-resisted|p1a: Bronzong\n|-damage|p1a: Bronzong|83\/100 slp\n|cant|p1a: Bronzong|slp\n|\n|-heal|p1a: Bronzong|90\/100 slp|[from] item: Leftovers\n|-damage|p1a: Bronzong|77\/100 slp|[from] ability: Bad Dreams|[of] p2a: MonstersNightmare\n|upkeep\n|turn|5\n|\n|t:|1700703851\n|move|p2a: MonstersNightmare|Nightmare|p1a: Bronzong\n|-start|p1a: Bronzong|Nightmare\n|-curestatus|p1a: Bronzong|slp|[msg]\n|-end|p1a: Bronzong|Nightmare|[silent]\n|move|p1a: Bronzong|Gyro Ball|p2a: MonstersNightmare\n|-damage|p2a: MonstersNightmare|59\/100\n|-damage|p1a: Bronzong|61\/100|[from] item: Rocky Helmet|[of] p2a: MonstersNightmare\n|\n|-heal|p1a: Bronzong|67\/100|[from] item: Leftovers\n|upkeep\n|turn|6\n|\n|t:|1700703860\n|move|p2a: MonstersNightmare|Hypnosis|p1a: Bronzong\n|-status|p1a: Bronzong|slp|[from] move: Hypnosis\n|cant|p1a: Bronzong|slp\n|\n|-heal|p1a: Bronzong|73\/100 slp|[from] item: Leftovers\n|-damage|p1a: Bronzong|61\/100 slp|[from] ability: Bad Dreams|[of] p2a: MonstersNightmare\n|upkeep\n|turn|7\n|\n|t:|1700703867\n|move|p2a: MonstersNightmare|Nightmare|p1a: Bronzong\n|-start|p1a: Bronzong|Nightmare\n|cant|p1a: Bronzong|slp\n|\n|-heal|p1a: Bronzong|67\/100 slp|[from] item: Leftovers\n|-damage|p1a: Bronzong|42\/100 slp|[from] Nightmare\n|-damage|p1a: Bronzong|29\/100 slp|[from] ability: Bad Dreams|[of] p2a: MonstersNightmare\n|upkeep\n|turn|8\n|\n|t:|1700703877\n|move|p2a: MonstersNightmare|Dark Pulse|p1a: Bronzong\n|-supereffective|p1a: Bronzong\n|-damage|p1a: Bronzong|0 fnt\n|faint|p1a: Bronzong\n|\n|upkeep\n|\n|t:|1700703882\n|switch|p1a: Sceptile|Sceptile, M|100\/100\n|turn|9\n|\n|t:|1700703886\n|detailschange|p1a: Sceptile|Sceptile-Mega, M\n|-mega|p1a: Sceptile|Sceptile|Sceptilite\n|move|p1a: Sceptile|Focus Blast|p2a: MonstersNightmare|[miss]\n|-miss|p1a: Sceptile|p2a: MonstersNightmare\n|move|p2a: MonstersNightmare|Hypnosis|p1a: Sceptile|[miss]\n|-miss|p2a: MonstersNightmare|p1a: Sceptile\n|\n|upkeep\n|turn|10\n|\n|t:|1700703893\n|move|p1a: Sceptile|Focus Blast|p2a: MonstersNightmare|[miss]\n|-miss|p1a: Sceptile|p2a: MonstersNightmare\n|move|p2a: MonstersNightmare|Hypnosis|p1a: Sceptile\n|-status|p1a: Sceptile|slp|[from] move: Hypnosis\n|\n|-damage|p1a: Sceptile|88\/100 slp|[from] ability: Bad Dreams|[of] p2a: MonstersNightmare\n|upkeep\n|turn|11\n|\n|t:|1700703900\n|cant|p1a: Sceptile|slp\n|move|p2a: MonstersNightmare|Dream Eater|p1a: Sceptile\n|-damage|p1a: Sceptile|44\/100 slp\n|-heal|p2a: MonstersNightmare|80\/100|[from] drain|[of] p1a: Sceptile\n|\n|-damage|p1a: Sceptile|31\/100 slp|[from] ability: Bad Dreams|[of] p2a: MonstersNightmare\n|upkeep\n|turn|12\n|\n|t:|1700703908\n|cant|p1a: Sceptile|slp\n|move|p2a: MonstersNightmare|Dream Eater|p1a: Sceptile\n|-damage|p1a: Sceptile|0 fnt\n|-heal|p2a: MonstersNightmare|94\/100|[from] drain|[of] p1a: Sceptile\n|faint|p1a: Sceptile\n|\n|upkeep\n|\n|t:|1700703916\n|switch|p1a: Ogerpon|Ogerpon, F|100\/100\n|turn|13\n|\n|t:|1700703921\n|-terastallize|p1a: Ogerpon|Grass\n|detailschange|p1a: Ogerpon|Ogerpon-Teal-Tera, F, tera:Grass\n|-ability|p1a: Ogerpon|Embody Aspect (Teal)|boost\n|-boost|p1a: Ogerpon|spe|1\n|move|p1a: Ogerpon|U-turn|p2a: MonstersNightmare\n|-supereffective|p2a: MonstersNightmare\n|-damage|p2a: MonstersNightmare|27\/100\n|-damage|p1a: Ogerpon|84\/100|[from] item: Rocky Helmet|[of] p2a: MonstersNightmare\n|-damage|p1a: Ogerpon|74\/100|[from] item: Life Orb\n|\n|t:|1700703928\n|switch|p1a: Buzzwole|Buzzwole, shiny|100\/100|[from] U-turn\n|move|p2a: MonstersNightmare|Hypnosis|p1a: Buzzwole|[miss]\n|-miss|p2a: MonstersNightmare|p1a: Buzzwole\n|\n|upkeep\n|turn|14\n|\n|t:|1700703934\n|move|p2a: MonstersNightmare|Hypnosis|p1a: Buzzwole|[miss]\n|-miss|p2a: MonstersNightmare|p1a: Buzzwole\n|move|p1a: Buzzwole|Ice Punch|p2a: MonstersNightmare\n|-damage|p2a: MonstersNightmare|0 fnt\n|-damage|p1a: Buzzwole|84\/100|[from] item: Rocky Helmet|[of] p2a: MonstersNightmare\n|faint|p2a: MonstersNightmare\n|-ability|p1a: Buzzwole|Beast Boost|boost\n|-boost|p1a: Buzzwole|def|1\n|\n|upkeep\n|\n|t:|1700703947\n|switch|p2a: DinoBoi|Groudon, shiny|100\/100\n|detailschange|p2a: DinoBoi|Groudon-Primal, shiny\n|-primal|p2a: DinoBoi|Red Orb\n|-weather|DesolateLand|[from] ability: Desolate Land|[of] p2a: DinoBoi\n|turn|15\n|\n|t:|1700703954\n|move|p2a: DinoBoi|Heat Crash|p1a: Buzzwole\n|-supereffective|p1a: Buzzwole\n|-damage|p1a: Buzzwole|52\/100\n|-damage|p2a: DinoBoi|84\/100|[from] item: Rocky Helmet|[of] p1a: Buzzwole\n|move|p1a: Buzzwole|Toxic|p2a: DinoBoi\n|-status|p2a: DinoBoi|tox\n|\n|-weather|DesolateLand|[upkeep]\n|-damage|p2a: DinoBoi|78\/100 tox|[from] psn\n|upkeep\n|turn|16\n|\n|t:|1700703962\n|move|p2a: DinoBoi|Heat Crash|p1a: Buzzwole\n|-supereffective|p1a: Buzzwole\n|-damage|p1a: Buzzwole|20\/100\n|-damage|p2a: DinoBoi|61\/100 tox|[from] item: Rocky Helmet|[of] p1a: Buzzwole\n|move|p1a: Buzzwole|Roost|p1a: Buzzwole\n|-heal|p1a: Buzzwole|70\/100\n|-singleturn|p1a: Buzzwole|move: Roost\n|\n|-weather|DesolateLand|[upkeep]\n|-damage|p2a: DinoBoi|49\/100 tox|[from] psn\n|upkeep\n|turn|17\n|\n|t:|1700703970\n|move|p2a: DinoBoi|Heat Crash|p1a: Buzzwole\n|-supereffective|p1a: Buzzwole\n|-damage|p1a: Buzzwole|33\/100\n|-damage|p2a: DinoBoi|33\/100 tox|[from] item: Rocky Helmet|[of] p1a: Buzzwole\n|move|p1a: Buzzwole|Roost|p1a: Buzzwole\n|-heal|p1a: Buzzwole|83\/100\n|-singleturn|p1a: Buzzwole|move: Roost\n|\n|-weather|DesolateLand|[upkeep]\n|-damage|p2a: DinoBoi|14\/100 tox|[from] psn\n|upkeep\n|turn|18\n|\n|t:|1700703979\n|move|p2a: DinoBoi|Heat Crash|p1a: Buzzwole\n|-supereffective|p1a: Buzzwole\n|-damage|p1a: Buzzwole|51\/100\n|-damage|p2a: DinoBoi|0 fnt|[from] item: Rocky Helmet|[of] p1a: Buzzwole\n|faint|p2a: DinoBoi\n|-weather|none\n|move|p1a: Buzzwole|Ice Punch|p2: DinoBoi|[notarget]\n|-fail|p1a: Buzzwole\n|\n|upkeep\n|\n|t:|1700703986\n|switch|p2a: ChunkyWhale|Kyogre, shiny|100\/100\n|detailschange|p2a: ChunkyWhale|Kyogre-Primal, shiny\n|-primal|p2a: ChunkyWhale|Blue Orb\n|-weather|PrimordialSea|[from] ability: Primordial Sea|[of] p2a: ChunkyWhale\n|turn|19\n|\n|t:|1700703998\n|move|p2a: ChunkyWhale|Origin Pulse|p1a: Buzzwole\n|-damage|p1a: Buzzwole|0 fnt\n|faint|p1a: Buzzwole\n|\n|-weather|PrimordialSea|[upkeep]\n|upkeep\n|\n|t:|1700704002\n|switch|p1a: Ogerpon|Ogerpon-Teal-Tera, F, tera:Grass|74\/100\n|-ability|p1a: Ogerpon|Embody Aspect (Teal)|boost\n|-boost|p1a: Ogerpon|spe|1\n|turn|20\n|\n|t:|1700704007\n|move|p1a: Ogerpon|Ivy Cudgel|p2a: ChunkyWhale\n|-supereffective|p2a: ChunkyWhale\n|-damage|p2a: ChunkyWhale|0 fnt\n|faint|p2a: ChunkyWhale\n|-weather|none\n|-damage|p1a: Ogerpon|64\/100|[from] item: Life Orb\n|\n|upkeep\n|\n|t:|1700704015\n|switch|p2a: BigBrainMoves|Mewtwo, shiny|100\/100\n|-ability|p2a: BigBrainMoves|Pressure\n|turn|21\n|\n|t:|1700704023\n|detailschange|p2a: BigBrainMoves|Mewtwo-Mega-X, shiny\n|-mega|p2a: BigBrainMoves|Mewtwo|Mewtwonite X\n|move|p1a: Ogerpon|Ivy Cudgel|p2a: BigBrainMoves\n|-damage|p2a: BigBrainMoves|33\/100\n|-damage|p1a: Ogerpon|54\/100|[from] item: Life Orb\n|move|p2a: BigBrainMoves|Toxic|p1a: Ogerpon\n|-status|p1a: Ogerpon|tox\n|\n|-damage|p1a: Ogerpon|48\/100 tox|[from] psn\n|upkeep\n|turn|22\n|\n|t:|1700704032\n|move|p1a: Ogerpon|Knock Off|p2a: BigBrainMoves\n|-damage|p2a: BigBrainMoves|11\/100\n|-damage|p1a: Ogerpon|38\/100 tox|[from] item: Life Orb\n|move|p2a: BigBrainMoves|Recover|p2a: BigBrainMoves\n|-heal|p2a: BigBrainMoves|61\/100\n|\n|-damage|p1a: Ogerpon|26\/100 tox|[from] psn\n|upkeep\n|turn|23\n|\n|t:|1700704040\n|move|p1a: Ogerpon|Ivy Cudgel|p2a: BigBrainMoves\n|-damage|p2a: BigBrainMoves|0 fnt\n|faint|p2a: BigBrainMoves\n|-damage|p1a: Ogerpon|16\/100 tox|[from] item: Life Orb\n|\n|-damage|p1a: Ogerpon|0 fnt|[from] psn\n|faint|p1a: Ogerpon\n|upkeep\n|\n|t:|1700704050\n|switch|p1a: Basculegion|Basculegion, M|100\/100\n|switch|p2a: 4thDementional|Necrozma-Dawn-Wings, shiny|100\/100\n|turn|24\n|\n|t:|1700704055\n|detailschange|p2a: 4thDementional|Necrozma-Ultra, shiny\n|-burst|p2a: 4thDementional|Necrozma|Ultranecrozium Z\n|move|p1a: Basculegion|Last Respects|p2a: 4thDementional\n|-supereffective|p2a: 4thDementional\n|-damage|p2a: 4thDementional|0 fnt\n|faint|p2a: 4thDementional\n|\n|upkeep\n|\n|t:|1700704062\n|switch|p2a: Covid-19|Zygarde, shiny|100\/100\n|turn|25\n|\n|t:|1700704071\n|-terastallize|p2a: Covid-19|Dragon\n|move|p1a: Basculegion|Last Respects|p2a: Covid-19\n|-damage|p2a: Covid-19|0 fnt\n|faint|p2a: Covid-19\n|\n|win|KingoftheTitans\n|raw|KingoftheTitans's rating: 1174 &rarr; <strong>1198<\/strong><br \/>(+24 for winning)\n|raw|BlackVoidDragon's rating: 1162 &rarr; <strong>1138<\/strong><br \/>(-24 for losing)\n|l|\u2606BlackVoidDragon\n","uploadtime":1700704079,"views":2,"p1id":"kingofthetitans","p2id":"blackvoiddragon","formatid":"gen9nationaldexubers","rating":1138,"private":0,"password":""}