{"id":"gen9nationaldexubers-1991365094","p1":"Yatema Return","p2":"HYDRO-MODE\ufe0f\ufe0f\ufe0f\u267e\ufe0f","format":"[Gen 9] National Dex Ubers","log":"|j|\u2606Yatema Return\n|j|\u2606HYDRO-MODE\ufe0f\ufe0f\ufe0f\u267e\ufe0f\n|t:|1700071038\n|gametype|singles\n|player|p1|Yatema Return|266|1065\n|player|p2|HYDRO-MODE\ufe0f\ufe0f\ufe0f\u267e\ufe0f|nessa|1142\n|teamsize|p1|6\n|teamsize|p2|6\n|gen|9\n|tier|[Gen 9] National Dex Ubers\n|rated|\n|rule|HP Percentage Mod: HP is shown in percentages\n|rule|Endless Battle Clause: Forcing endless battles is banned\n|rule|OHKO Clause: OHKO moves are banned\n|rule|Evasion Moves Clause: Evasion moves are banned\n|rule|Evasion Items Clause: Evasion items are banned\n|rule|Species Clause: Limit one of each Pok\u00e9mon\n|rule|Sleep Clause Mod: Limit one foe put to sleep\n|rule|Mega Rayquaza Clause: You cannot mega evolve Rayquaza\n|clearpoke\n|poke|p1|Crawdaunt, F|\n|poke|p1|Gholdengo|\n|poke|p1|Zacian-*|\n|poke|p1|Gyarados, M|\n|poke|p1|Mamoswine, M|\n|poke|p1|Victreebel, M|\n|poke|p2|Gyarados, M|\n|poke|p2|Silvally-*|\n|poke|p2|Octillery, F|\n|poke|p2|Golduck, M|\n|poke|p2|Gorebyss, F|\n|poke|p2|Lumineon, F|\n|teampreview\n|\n|t:|1700071056\n|start\n|switch|p1a: Crawdaunt|Crawdaunt, F|100\/100\n|switch|p2a: \ud83d\udca7GOLDUCK\ud83d\udca7\ud83c\udf27|Golduck, M, shiny|100\/100\n|turn|1\n|\n|t:|1700071064\n|move|p2a: \ud83d\udca7GOLDUCK\ud83d\udca7\ud83c\udf27|Rain Dance|p2a: \ud83d\udca7GOLDUCK\ud83d\udca7\ud83c\udf27\n|-weather|RainDance\n|move|p1a: Crawdaunt|Dragon Dance|p1a: Crawdaunt\n|-boost|p1a: Crawdaunt|atk|1\n|-boost|p1a: Crawdaunt|spe|1\n|\n|-weather|RainDance|[upkeep]\n|upkeep\n|turn|2\n|\n|t:|1700071072\n|move|p2a: \ud83d\udca7GOLDUCK\ud83d\udca7\ud83c\udf27|Hydro Pump|p1a: Crawdaunt\n|-resisted|p1a: Crawdaunt\n|-damage|p1a: Crawdaunt|26\/100\n|move|p1a: Crawdaunt|Dragon Dance|p1a: Crawdaunt\n|-boost|p1a: Crawdaunt|atk|1\n|-boost|p1a: Crawdaunt|spe|1\n|\n|-weather|RainDance|[upkeep]\n|upkeep\n|turn|3\n|\n|t:|1700071081\n|move|p2a: \ud83d\udca7GOLDUCK\ud83d\udca7\ud83c\udf27|Surf|p1a: Crawdaunt\n|-resisted|p1a: Crawdaunt\n|-damage|p1a: Crawdaunt|0 fnt\n|faint|p1a: Crawdaunt\n|\n|-weather|RainDance|[upkeep]\n|upkeep\n|\n|t:|1700071083\n|switch|p1a: Victreebel|Victreebel, M|100\/100\n|turn|4\n|\n|t:|1700071092\n|move|p2a: \ud83d\udca7GOLDUCK\ud83d\udca7\ud83c\udf27|Hydro Pump|p1a: Victreebel\n|-resisted|p1a: Victreebel\n|-damage|p1a: Victreebel|47\/100\n|move|p1a: Victreebel|Sunny Day|p1a: Victreebel\n|-weather|SunnyDay\n|\n|-weather|SunnyDay|[upkeep]\n|upkeep\n|turn|5\n|\n|t:|1700071101\n|move|p1a: Victreebel|Leech Life|p2a: \ud83d\udca7GOLDUCK\ud83d\udca7\ud83c\udf27\n|-damage|p2a: \ud83d\udca7GOLDUCK\ud83d\udca7\ud83c\udf27|64\/100\n|-heal|p1a: Victreebel|65\/100|[from] drain|[of] p2a: \ud83d\udca7GOLDUCK\ud83d\udca7\ud83c\udf27\n|move|p2a: \ud83d\udca7GOLDUCK\ud83d\udca7\ud83c\udf27|Rain Dance|p2a: \ud83d\udca7GOLDUCK\ud83d\udca7\ud83c\udf27\n|-weather|RainDance\n|\n|-weather|RainDance|[upkeep]\n|upkeep\n|turn|6\n|\n|t:|1700071109\n|move|p2a: \ud83d\udca7GOLDUCK\ud83d\udca7\ud83c\udf27|Hydro Pump|p1a: Victreebel\n|-resisted|p1a: Victreebel\n|-damage|p1a: Victreebel|6\/100\n|move|p1a: Victreebel|Sunny Day|p1a: Victreebel\n|-weather|SunnyDay\n|\n|-weather|SunnyDay|[upkeep]\n|upkeep\n|turn|7\n|\n|t:|1700071116\n|move|p1a: Victreebel|Leaf Blade|p2a: \ud83d\udca7GOLDUCK\ud83d\udca7\ud83c\udf27\n|-supereffective|p2a: \ud83d\udca7GOLDUCK\ud83d\udca7\ud83c\udf27\n|-damage|p2a: \ud83d\udca7GOLDUCK\ud83d\udca7\ud83c\udf27|0 fnt\n|faint|p2a: \ud83d\udca7GOLDUCK\ud83d\udca7\ud83c\udf27\n|\n|-weather|SunnyDay|[upkeep]\n|upkeep\n|\n|t:|1700071148\n|switch|p2a: \ud83d\udca7\ud83d\udca7GYARADOS\ud83d\udca7\ud83d\udca7|Gyarados, M|100\/100\n|turn|8\n|\n|t:|1700071155\n|move|p1a: Victreebel|Leaf Blade|p2a: \ud83d\udca7\ud83d\udca7GYARADOS\ud83d\udca7\ud83d\udca7\n|-damage|p2a: \ud83d\udca7\ud83d\udca7GYARADOS\ud83d\udca7\ud83d\udca7|41\/100\n|move|p2a: \ud83d\udca7\ud83d\udca7GYARADOS\ud83d\udca7\ud83d\udca7|Waterfall|p1a: Victreebel\n|-resisted|p1a: Victreebel\n|-damage|p1a: Victreebel|0 fnt\n|faint|p1a: Victreebel\n|-ability|p2a: \ud83d\udca7\ud83d\udca7GYARADOS\ud83d\udca7\ud83d\udca7|Moxie|boost\n|-boost|p2a: \ud83d\udca7\ud83d\udca7GYARADOS\ud83d\udca7\ud83d\udca7|atk|1\n|\n|-weather|SunnyDay|[upkeep]\n|upkeep\n|\n|t:|1700071166\n|switch|p1a: Gholdengo|Gholdengo|100\/100\n|turn|9\n|\n|t:|1700071171\n|detailschange|p2a: \ud83d\udca7\ud83d\udca7GYARADOS\ud83d\udca7\ud83d\udca7|Gyarados-Mega, M\n|-mega|p2a: \ud83d\udca7\ud83d\udca7GYARADOS\ud83d\udca7\ud83d\udca7|Gyarados|Gyaradosite\n|-ability|p2a: \ud83d\udca7\ud83d\udca7GYARADOS\ud83d\udca7\ud83d\udca7|Mold Breaker\n|move|p1a: Gholdengo|Thunderbolt|p2a: \ud83d\udca7\ud83d\udca7GYARADOS\ud83d\udca7\ud83d\udca7\n|-supereffective|p2a: \ud83d\udca7\ud83d\udca7GYARADOS\ud83d\udca7\ud83d\udca7\n|-damage|p2a: \ud83d\udca7\ud83d\udca7GYARADOS\ud83d\udca7\ud83d\udca7|0 fnt\n|faint|p2a: \ud83d\udca7\ud83d\udca7GYARADOS\ud83d\udca7\ud83d\udca7\n|\n|-weather|SunnyDay|[upkeep]\n|upkeep\n|\n|t:|1700071183\n|switch|p2a: \ud83d\udca7LUMINEON\ud83d\udca7\ud83c\udf27|Lumineon, F|100\/100\n|turn|10\n|\n|t:|1700071187\n|move|p1a: Gholdengo|Thunderbolt|p2a: \ud83d\udca7LUMINEON\ud83d\udca7\ud83c\udf27\n|-supereffective|p2a: \ud83d\udca7LUMINEON\ud83d\udca7\ud83c\udf27\n|-damage|p2a: \ud83d\udca7LUMINEON\ud83d\udca7\ud83c\udf27|14\/100\n|-status|p2a: \ud83d\udca7LUMINEON\ud83d\udca7\ud83c\udf27|par\n|move|p2a: \ud83d\udca7LUMINEON\ud83d\udca7\ud83c\udf27|Rain Dance|p2a: \ud83d\udca7LUMINEON\ud83d\udca7\ud83c\udf27\n|-weather|RainDance\n|\n|-weather|RainDance|[upkeep]\n|upkeep\n|turn|11\n|\n|t:|1700071196\n|move|p1a: Gholdengo|Thunderbolt|p2a: \ud83d\udca7LUMINEON\ud83d\udca7\ud83c\udf27\n|-supereffective|p2a: \ud83d\udca7LUMINEON\ud83d\udca7\ud83c\udf27\n|-damage|p2a: \ud83d\udca7LUMINEON\ud83d\udca7\ud83c\udf27|0 fnt\n|faint|p2a: \ud83d\udca7LUMINEON\ud83d\udca7\ud83c\udf27\n|\n|-weather|RainDance|[upkeep]\n|upkeep\n|\n|t:|1700071203\n|switch|p2a: \ud83d\udca7GOREBYSS\ud83d\udca7|Gorebyss, F|100\/100\n|turn|12\n|\n|t:|1700071209\n|-terastallize|p2a: \ud83d\udca7GOREBYSS\ud83d\udca7|Water\n|move|p2a: \ud83d\udca7GOREBYSS\ud83d\udca7|Hydro Pump|p1a: Gholdengo\n|-damage|p1a: Gholdengo|0 fnt\n|faint|p1a: Gholdengo\n|\n|-weather|RainDance|[upkeep]\n|upkeep\n|\n|t:|1700071217\n|switch|p1a: Gyarados|Gyarados, M|100\/100\n|-ability|p1a: Gyarados|Intimidate|boost\n|-unboost|p2a: \ud83d\udca7GOREBYSS\ud83d\udca7|atk|1\n|turn|13\n|\n|t:|1700071222\n|move|p2a: \ud83d\udca7GOREBYSS\ud83d\udca7|Shell Smash|p2a: \ud83d\udca7GOREBYSS\ud83d\udca7\n|-unboost|p2a: \ud83d\udca7GOREBYSS\ud83d\udca7|def|1\n|-unboost|p2a: \ud83d\udca7GOREBYSS\ud83d\udca7|spd|1\n|-boost|p2a: \ud83d\udca7GOREBYSS\ud83d\udca7|atk|2\n|-boost|p2a: \ud83d\udca7GOREBYSS\ud83d\udca7|spa|2\n|-boost|p2a: \ud83d\udca7GOREBYSS\ud83d\udca7|spe|2\n|move|p1a: Gyarados|Dragon Dance|p1a: Gyarados\n|-boost|p1a: Gyarados|atk|1\n|-boost|p1a: Gyarados|spe|1\n|\n|-weather|RainDance|[upkeep]\n|upkeep\n|turn|14\n|\n|t:|1700071232\n|detailschange|p1a: Gyarados|Gyarados-Mega, M\n|-mega|p1a: Gyarados|Gyarados|Gyaradosite\n|-ability|p1a: Gyarados|Mold Breaker\n|move|p2a: \ud83d\udca7GOREBYSS\ud83d\udca7|Hydro Pump|p1a: Gyarados\n|-resisted|p1a: Gyarados\n|-damage|p1a: Gyarados|24\/100\n|move|p1a: Gyarados|Dragon Dance|p1a: Gyarados\n|-boost|p1a: Gyarados|atk|1\n|-boost|p1a: Gyarados|spe|1\n|\n|-weather|RainDance|[upkeep]\n|upkeep\n|turn|15\n|\n|t:|1700071244\n|move|p2a: \ud83d\udca7GOREBYSS\ud83d\udca7|Surf|p1a: Gyarados\n|-resisted|p1a: Gyarados\n|-damage|p1a: Gyarados|0 fnt\n|faint|p1a: Gyarados\n|\n|-weather|RainDance|[upkeep]\n|upkeep\n|\n|t:|1700071246\n|switch|p1a: Zacian|Zacian-Crowned|100\/100\n|-ability|p1a: Zacian|Intrepid Sword|boost\n|-boost|p1a: Zacian|atk|1\n|turn|16\n|\n|t:|1700071260\n|switch|p1a: Mamoswine|Mamoswine, M|100\/100\n|move|p2a: \ud83d\udca7GOREBYSS\ud83d\udca7|Hydro Pump|p1a: Mamoswine\n|-supereffective|p1a: Mamoswine\n|-damage|p1a: Mamoswine|0 fnt\n|faint|p1a: Mamoswine\n|\n|-weather|RainDance|[upkeep]\n|upkeep\n|\n|t:|1700071267\n|switch|p1a: Zacian|Zacian-Crowned|100\/100\n|turn|17\n|\n|t:|1700071274\n|-terastallize|p1a: Zacian|Bug\n|move|p2a: \ud83d\udca7GOREBYSS\ud83d\udca7|Hydro Pump|p1a: Zacian\n|-damage|p1a: Zacian|0 fnt\n|faint|p1a: Zacian\n|\n|win|HYDRO-MODE\ufe0f\ufe0f\ufe0f\u267e\ufe0f\n|raw|Yatema Return's rating: 1065 &rarr; <strong>1050<\/strong><br \/>(-15 for losing)\n|raw|HYDRO-MODE\ufe0f\ufe0f\ufe0f\u267e\ufe0f's rating: 1142 &rarr; <strong>1162<\/strong><br \/>(+20 for winning)\n|l|\u2606Yatema Return\n|l|\u2606HYDRO-MODE\ufe0f\ufe0f\ufe0f\u267e\ufe0f\n|j|\u2606HYDRO-MODE\ufe0f\ufe0f\ufe0f\u267e\ufe0f\n|player|p2|HYDRO-MODE\ufe0f\ufe0f\ufe0f\u267e\ufe0f|nessa\n","uploadtime":1700071293,"views":17,"p1id":"yatemareturn","p2id":"hydromode","formatid":"gen9nationaldexubers","rating":1050,"private":0,"password":""}