{"id":"gen9nationaldexubers-1980127518","p1":"Past Tense Boy","p2":"Ravizitos","format":"[Gen 9] National Dex Ubers","log":"|j|\u203dPast Tense Boy\n|j|\u2606Ravizitos\n|t:|1698759756\n|gametype|singles\n|player|p1|Past Tense Boy|169|1000\n|player|p2|Ravizitos|bianca|1041\n|teamsize|p1|6\n|teamsize|p2|6\n|gen|9\n|tier|[Gen 9] National Dex Ubers\n|rated|\n|rule|HP Percentage Mod: HP is shown in percentages\n|rule|Endless Battle Clause: Forcing endless battles is banned\n|rule|OHKO Clause: OHKO moves are banned\n|rule|Evasion Moves Clause: Evasion moves are banned\n|rule|Evasion Items Clause: Evasion items are banned\n|rule|Species Clause: Limit one of each Pok\u00e9mon\n|rule|Sleep Clause Mod: Limit one foe put to sleep\n|rule|Mega Rayquaza Clause: You cannot mega evolve Rayquaza\n|clearpoke\n|poke|p1|Ho-Oh|\n|poke|p1|Toxapex, M|\n|poke|p1|Ferrothorn, F|\n|poke|p1|Arceus-Dark|\n|poke|p1|Giratina-Origin|\n|poke|p1|Chansey, F|\n|poke|p2|Oricorio-Pom-Pom, F|\n|poke|p2|Roserade, F|\n|poke|p2|Leavanny, F|\n|poke|p2|Mienshao, F|\n|poke|p2|Mawile, F|\n|poke|p2|Volcarona, F|\n|teampreview\n|inactive|Battle timer is ON: inactive players will automatically lose when time's up. (requested by Past Tense Boy)\n|\n|t:|1698759775\n|start\n|switch|p1a: Ferrothorn|Ferrothorn, F|100\/100\n|switch|p2a: Louv|Leavanny, F|100\/100\n|turn|1\n|\n|t:|1698759782\n|move|p2a: Louv|Swords Dance|p2a: Louv\n|-boost|p2a: Louv|atk|2\n|move|p1a: Ferrothorn|Spikes|p2a: Louv\n|-sidestart|p2: Ravizitos|Spikes\n|\n|upkeep\n|turn|2\n|\n|t:|1698759788\n|move|p2a: Louv|Swords Dance|p2a: Louv\n|-boost|p2a: Louv|atk|2\n|move|p1a: Ferrothorn|Iron Defense|p1a: Ferrothorn\n|-boost|p1a: Ferrothorn|def|2\n|\n|upkeep\n|turn|3\n|\n|t:|1698759794\n|move|p2a: Louv|Leaf Blade|p1a: Ferrothorn\n|-resisted|p1a: Ferrothorn\n|-damage|p1a: Ferrothorn|94\/100\n|-damage|p2a: Louv|88\/100|[from] ability: Iron Barbs|[of] p1a: Ferrothorn\n|-damage|p2a: Louv|72\/100|[from] item: Rocky Helmet|[of] p1a: Ferrothorn\n|move|p1a: Ferrothorn|Iron Defense|p1a: Ferrothorn\n|-boost|p1a: Ferrothorn|def|2\n|\n|upkeep\n|turn|4\n|\n|t:|1698759804\n|move|p2a: Louv|Lunge|p1a: Ferrothorn\n|-damage|p1a: Ferrothorn|77\/100\n|-unboost|p1a: Ferrothorn|atk|1\n|-damage|p2a: Louv|60\/100|[from] ability: Iron Barbs|[of] p1a: Ferrothorn\n|-damage|p2a: Louv|43\/100|[from] item: Rocky Helmet|[of] p1a: Ferrothorn\n|move|p1a: Ferrothorn|Spikes|p2a: Louv\n|-sidestart|p2: Ravizitos|Spikes\n|\n|upkeep\n|turn|5\n|\n|t:|1698759815\n|switch|p2a: mariposa fogareu|Volcarona, F|100\/100\n|move|p1a: Ferrothorn|Body Press|p2a: mariposa fogareu\n|-resisted|p2a: mariposa fogareu\n|-damage|p2a: mariposa fogareu|44\/100\n|-status|p1a: Ferrothorn|brn|[from] ability: Flame Body|[of] p2a: mariposa fogareu\n|\n|-damage|p1a: Ferrothorn|71\/100 brn|[from] brn\n|upkeep\n|turn|6\n|\n|t:|1698759825\n|switch|p1a: Ho-Oh|Ho-Oh|100\/100\n|move|p2a: mariposa fogareu|Fiery Dance|p1a: Ho-Oh\n|-resisted|p1a: Ho-Oh\n|-damage|p1a: Ho-Oh|89\/100\n|\n|upkeep\n|turn|7\n|\n|t:|1698759832\n|move|p2a: mariposa fogareu|Quiver Dance|p2a: mariposa fogareu\n|-boost|p2a: mariposa fogareu|spa|1\n|-boost|p2a: mariposa fogareu|spd|1\n|-boost|p2a: mariposa fogareu|spe|1\n|move|p1a: Ho-Oh|Whirlwind|p2a: mariposa fogareu\n|drag|p2a: Bem-te-vi|Oricorio-Pom-Pom, F|100\/100\n|\n|upkeep\n|turn|8\n|\n|t:|1698759844\n|switch|p1a: Arceus|Arceus-Dark|100\/100\n|move|p2a: Bem-te-vi|Quiver Dance|p2a: Bem-te-vi\n|-boost|p2a: Bem-te-vi|spa|1\n|-boost|p2a: Bem-te-vi|spd|1\n|-boost|p2a: Bem-te-vi|spe|1\n|\n|upkeep\n|turn|9\n|\n|t:|1698759851\n|move|p2a: Bem-te-vi|Revelation Dance|p1a: Arceus\n|-damage|p1a: Arceus|65\/100\n|move|p1a: Arceus|Taunt|p2a: Bem-te-vi\n|-start|p2a: Bem-te-vi|move: Taunt\n|\n|upkeep\n|turn|10\n|\n|t:|1698759860\n|switch|p1a: Giratina|Giratina-Origin|100\/100\n|move|p2a: Bem-te-vi|Revelation Dance|p1a: Giratina\n|-resisted|p1a: Giratina\n|-damage|p1a: Giratina|82\/100\n|\n|upkeep\n|turn|11\n|\n|t:|1698759874\n|switch|p2a: Maawiilee|Mawile, F, shiny|100\/100\n|-damage|p2a: Maawiilee|84\/100|[from] Spikes\n|-ability|p2a: Maawiilee|Intimidate|boost\n|-unboost|p1a: Giratina|atk|1\n|move|p1a: Giratina|Draco Meteor|p2a: Maawiilee\n|-immune|p2a: Maawiilee\n|\n|upkeep\n|turn|12\n|\n|t:|1698759884\n|switch|p1a: Ho-Oh|Ho-Oh|100\/100\n|detailschange|p2a: Maawiilee|Mawile-Mega, F, shiny\n|-mega|p2a: Maawiilee|Mawile|Mawilite\n|move|p2a: Maawiilee|Knock Off|p1a: Ho-Oh\n|-damage|p1a: Ho-Oh|65\/100\n|-enditem|p1a: Ho-Oh|Heavy-Duty Boots|[from] move: Knock Off|[of] p2a: Maawiilee\n|\n|upkeep\n|turn|13\n|\n|t:|1698759894\n|move|p2a: Maawiilee|Stone Edge|p1a: Ho-Oh\n|-supereffective|p1a: Ho-Oh\n|-damage|p1a: Ho-Oh|0 fnt\n|faint|p1a: Ho-Oh\n|\n|upkeep\n|\n|t:|1698759900\n|switch|p1a: Giratina|Giratina-Origin|82\/100\n|turn|14\n|\n|t:|1698759903\n|move|p1a: Giratina|Hex|p2a: Maawiilee\n|-damage|p2a: Maawiilee|41\/100\n|move|p2a: Maawiilee|Knock Off|p1a: Giratina\n|-supereffective|p1a: Giratina\n|-damage|p1a: Giratina|31\/100\n|\n|upkeep\n|turn|15\n|\n|t:|1698759911\n|move|p1a: Giratina|Hex|p2a: Maawiilee\n|-crit|p2a: Maawiilee\n|-damage|p2a: Maawiilee|0 fnt\n|faint|p2a: Maawiilee\n|\n|upkeep\n|\n|t:|1698759933\n|switch|p2a: Gunpowder gelatin|Roserade, F, shiny|100\/100\n|-damage|p2a: Gunpowder gelatin|84\/100|[from] Spikes\n|turn|16\n|\n|t:|1698759940\n|move|p2a: Gunpowder gelatin|Sludge Bomb|p1a: Giratina\n|-resisted|p1a: Giratina\n|-damage|p1a: Giratina|18\/100\n|move|p1a: Giratina|Rest|p1a: Giratina\n|-status|p1a: Giratina|slp|[from] move: Rest\n|-heal|p1a: Giratina|100\/100 slp|[silent]\n|\n|-heal|p2a: Gunpowder gelatin|90\/100|[from] item: Black Sludge\n|upkeep\n|turn|17\n|\n|t:|1698759952\n|switch|p2a: mariposa fogareu|Volcarona, F|44\/100\n|switch|p1a: Chansey|Chansey, F|100\/100\n|\n|upkeep\n|turn|18\n|\n|t:|1698759959\n|move|p2a: mariposa fogareu|Quiver Dance|p2a: mariposa fogareu\n|-boost|p2a: mariposa fogareu|spa|1\n|-boost|p2a: mariposa fogareu|spd|1\n|-boost|p2a: mariposa fogareu|spe|1\n|move|p1a: Chansey|Seismic Toss|p2a: mariposa fogareu\n|-damage|p2a: mariposa fogareu|14\/100\n|\n|upkeep\n|turn|19\n|\n|t:|1698759967\n|move|p2a: mariposa fogareu|Fiery Dance|p1a: Chansey\n|-damage|p1a: Chansey|85\/100\n|move|p1a: Chansey|Seismic Toss|p2a: mariposa fogareu\n|-damage|p2a: mariposa fogareu|0 fnt\n|faint|p2a: mariposa fogareu\n|\n|upkeep\n|\n|t:|1698759976\n|switch|p2a: Dona de engenho|Mienshao, F, shiny|100\/100\n|-damage|p2a: Dona de engenho|84\/100|[from] Spikes\n|turn|20\n|\n|t:|1698759986\n|switch|p1a: Toxapex|Toxapex, M|100\/100\n|move|p2a: Dona de engenho|Power-Up Punch|p1a: Toxapex\n|-resisted|p1a: Toxapex\n|-damage|p1a: Toxapex|95\/100\n|-boost|p2a: Dona de engenho|atk|1\n|-damage|p2a: Dona de engenho|67\/100|[from] item: Rocky Helmet|[of] p1a: Toxapex\n|\n|upkeep\n|turn|21\n|\n|t:|1698759999\n|move|p2a: Dona de engenho|High Jump Kick|p1a: Toxapex\n|-resisted|p1a: Toxapex\n|-damage|p1a: Toxapex|64\/100\n|-damage|p2a: Dona de engenho|51\/100|[from] item: Rocky Helmet|[of] p1a: Toxapex\n|move|p1a: Toxapex|Toxic|p2a: Dona de engenho\n|-status|p2a: Dona de engenho|tox\n|\n|-damage|p2a: Dona de engenho|45\/100 tox|[from] psn\n|upkeep\n|turn|22\n|\n|t:|1698760015\n|move|p2a: Dona de engenho|Power-Up Punch|p1a: Toxapex\n|-resisted|p1a: Toxapex\n|-damage|p1a: Toxapex|55\/100\n|-boost|p2a: Dona de engenho|atk|1\n|-damage|p2a: Dona de engenho|28\/100 tox|[from] item: Rocky Helmet|[of] p1a: Toxapex\n|move|p1a: Toxapex|Recover|p1a: Toxapex\n|-heal|p1a: Toxapex|100\/100\n|\n|-damage|p2a: Dona de engenho|16\/100 tox|[from] psn\n|upkeep\n|turn|23\n|inactive|Past Tense Boy has 120 seconds left.\n|\n|t:|1698760052\n|switch|p1a: Chansey|Chansey, F|85\/100\n|move|p2a: Dona de engenho|Reversal|p1a: Chansey\n|-supereffective|p1a: Chansey\n|-damage|p1a: Chansey|0 fnt\n|faint|p1a: Chansey\n|\n|-damage|p2a: Dona de engenho|0 fnt|[from] psn\n|faint|p2a: Dona de engenho\n|upkeep\n|\n|t:|1698760070\n|switch|p2a: Bem-te-vi|Oricorio-Pom-Pom, F|100\/100\n|switch|p1a: Arceus|Arceus-Dark|65\/100\n|turn|24\n|\n|t:|1698760077\n|move|p1a: Arceus|Foul Play|p2a: Bem-te-vi\n|-damage|p2a: Bem-te-vi|71\/100\n|move|p2a: Bem-te-vi|Quiver Dance|p2a: Bem-te-vi\n|-boost|p2a: Bem-te-vi|spa|1\n|-boost|p2a: Bem-te-vi|spd|1\n|-boost|p2a: Bem-te-vi|spe|1\n|\n|-heal|p2a: Bem-te-vi|77\/100|[from] item: Leftovers\n|upkeep\n|turn|25\n|inactive|Past Tense Boy has 90 seconds left.\n|\n|t:|1698760116\n|switch|p1a: Ferrothorn|Ferrothorn, F|71\/100 brn\n|move|p2a: Bem-te-vi|Quiver Dance|p2a: Bem-te-vi\n|-boost|p2a: Bem-te-vi|spa|1\n|-boost|p2a: Bem-te-vi|spd|1\n|-boost|p2a: Bem-te-vi|spe|1\n|\n|-heal|p2a: Bem-te-vi|83\/100|[from] item: Leftovers\n|-damage|p1a: Ferrothorn|65\/100 brn|[from] brn\n|upkeep\n|turn|26\n|inactive|Past Tense Boy has 90 seconds left.\n|\n|t:|1698760126\n|move|p2a: Bem-te-vi|Hurricane|p1a: Ferrothorn\n|-damage|p1a: Ferrothorn|0 fnt\n|faint|p1a: Ferrothorn\n|\n|-heal|p2a: Bem-te-vi|89\/100|[from] item: Leftovers\n|upkeep\n|inactive|Past Tense Boy has 90 seconds left.\n|\n|t:|1698760140\n|switch|p1a: Giratina|Giratina-Origin|100\/100 slp\n|turn|27\n|inactive|Past Tense Boy has 90 seconds left.\n|\n|t:|1698760174\n|move|p2a: Bem-te-vi|Hurricane|p1a: Giratina\n|-crit|p1a: Giratina\n|-damage|p1a: Giratina|17\/100 slp\n|cant|p1a: Giratina|slp\n|\n|-heal|p2a: Bem-te-vi|95\/100|[from] item: Leftovers\n|upkeep\n|turn|28\n|\n|t:|1698760189\n|move|p2a: Bem-te-vi|Revelation Dance|p1a: Giratina\n|-resisted|p1a: Giratina\n|-damage|p1a: Giratina|0 fnt\n|faint|p1a: Giratina\n|\n|-heal|p2a: Bem-te-vi|100\/100|[from] item: Leftovers\n|upkeep\n|-message|Past Tense Boy forfeited.\n|\n|win|Ravizitos\n|raw|Past Tense Boy's rating: 1000 &rarr; <strong>1000<\/strong><br \/>(+0 for losing)\n|raw|Ravizitos's rating: 1041 &rarr; <strong>1071<\/strong><br \/>(+30 for winning)\n|l|\u203dPast Tense Boy\n","uploadtime":1698760212,"views":7,"p1id":"pasttenseboy","p2id":"ravizitos","formatid":"gen9nationaldexubers","rating":1000,"private":0,"password":""}