{"id":"gen9nationaldexubers-1989990963","p1":"99% lose rate","p2":"ArgenPolmerica","format":"[Gen 9] National Dex Ubers","log":"|j|\u260699% lose rate\n|j|\u2606ArgenPolmerica\n|t:|1699913198\n|gametype|singles\n|player|p1|99% lose rate|giovanni|1382\n|player|p2|ArgenPolmerica|aaron|1256\n|teamsize|p1|6\n|teamsize|p2|6\n|gen|9\n|tier|[Gen 9] National Dex Ubers\n|rated|\n|rule|HP Percentage Mod: HP is shown in percentages\n|rule|Endless Battle Clause: Forcing endless battles is banned\n|rule|OHKO Clause: OHKO moves are banned\n|rule|Evasion Moves Clause: Evasion moves are banned\n|rule|Evasion Items Clause: Evasion items are banned\n|rule|Species Clause: Limit one of each Pok\u00e9mon\n|rule|Sleep Clause Mod: Limit one foe put to sleep\n|rule|Mega Rayquaza Clause: You cannot mega evolve Rayquaza\n|clearpoke\n|poke|p1|Fezandipiti, M|\n|poke|p1|Swellow, F|\n|poke|p1|Mandibuzz, F|\n|poke|p1|Gliscor, M|\n|poke|p1|Slowbro, F|\n|poke|p1|Zapdos|\n|poke|p2|Dragapult, F|\n|poke|p2|Dracovish|\n|poke|p2|Groudon|\n|poke|p2|Lugia|\n|poke|p2|Zacian-*|\n|poke|p2|Regieleki|\n|teampreview\n|\n|t:|1699913205\n|start\n|switch|p1a: Fezandipiti|Fezandipiti, M|100\/100\n|switch|p2a: California|Groudon|100\/100\n|detailschange|p2a: California|Groudon-Primal\n|-primal|p2a: California|Red Orb\n|-weather|DesolateLand|[from] ability: Desolate Land|[of] p2a: California\n|turn|1\n|\n|t:|1699913212\n|switch|p1a: Mandibuzz|Mandibuzz, F|100\/100\n|move|p2a: California|Rock Polish|p2a: California\n|-boost|p2a: California|spe|2\n|\n|-weather|DesolateLand|[upkeep]\n|upkeep\n|turn|2\n|\n|t:|1699913220\n|move|p2a: California|Bulk Up|p2a: California\n|-boost|p2a: California|atk|1\n|-boost|p2a: California|def|1\n|move|p1a: Mandibuzz|Foul Play|p2a: California\n|-damage|p2a: California|53\/100\n|\n|-weather|DesolateLand|[upkeep]\n|upkeep\n|turn|3\n|\n|t:|1699913226\n|move|p2a: California|Fire Punch|p1a: Mandibuzz\n|-damage|p1a: Mandibuzz|32\/100\n|move|p1a: Mandibuzz|Foul Play|p2a: California\n|-damage|p2a: California|3\/100\n|\n|-weather|DesolateLand|[upkeep]\n|upkeep\n|turn|4\n|\n|t:|1699913235\n|switch|p1a: Zapdos|Zapdos|100\/100\n|move|p2a: California|Fire Punch|p1a: Zapdos\n|-damage|p1a: Zapdos|12\/100\n|\n|-weather|DesolateLand|[upkeep]\n|-heal|p1a: Zapdos|18\/100|[from] item: Leftovers\n|upkeep\n|turn|5\n|\n|t:|1699913242\n|move|p2a: California|Fire Punch|p1a: Zapdos\n|-damage|p1a: Zapdos|0 fnt\n|-status|p2a: California|par|[from] ability: Static|[of] p1a: Zapdos\n|faint|p1a: Zapdos\n|\n|-weather|DesolateLand|[upkeep]\n|upkeep\n|\n|t:|1699913252\n|switch|p1a: Swellow|Swellow, F|100\/100\n|turn|6\n|\n|t:|1699913257\n|move|p1a: Swellow|Boomburst|p2a: California\n|-damage|p2a: California|0 fnt\n|faint|p2a: California\n|-weather|none\n|\n|upkeep\n|\n|t:|1699913268\n|switch|p2a: Fossil Fish|Dracovish|100\/100\n|turn|7\n|\n|t:|1699913277\n|switch|p1a: Mandibuzz|Mandibuzz, F|32\/100\n|move|p2a: Fossil Fish|Fishious Rend|p1a: Mandibuzz\n|-crit|p1a: Mandibuzz\n|-damage|p1a: Mandibuzz|0 fnt\n|faint|p1a: Mandibuzz\n|\n|upkeep\n|\n|t:|1699913280\n|switch|p1a: Funbro|Slowbro, F|100\/100\n|turn|8\n|\n|t:|1699913285\n|move|p2a: Fossil Fish|Fishious Rend|p1a: Funbro\n|-resisted|p1a: Funbro\n|-damage|p1a: Funbro|71\/100\n|move|p1a: Funbro|Scald|p2a: Fossil Fish\n|-resisted|p2a: Fossil Fish\n|-damage|p2a: Fossil Fish|92\/100\n|-status|p2a: Fossil Fish|brn\n|\n|-heal|p1a: Funbro|77\/100|[from] item: Leftovers\n|-damage|p2a: Fossil Fish|86\/100 brn|[from] brn\n|upkeep\n|turn|9\n|\n|t:|1699913299\n|switch|p2a: B-2 Spirit|Dragapult, F|100\/100\n|move|p1a: Funbro|Scald|p2a: B-2 Spirit\n|-resisted|p2a: B-2 Spirit\n|-damage|p2a: B-2 Spirit|81\/100\n|-status|p2a: B-2 Spirit|brn\n|\n|-heal|p1a: Funbro|83\/100|[from] item: Leftovers\n|-damage|p2a: B-2 Spirit|75\/100 brn|[from] brn\n|upkeep\n|turn|10\n|\n|t:|1699913310\n|switch|p1a: Gliscor|Gliscor, M|100\/100\n|move|p2a: B-2 Spirit|Dragon Dance|p2a: B-2 Spirit\n|-boost|p2a: B-2 Spirit|atk|1\n|-boost|p2a: B-2 Spirit|spe|1\n|\n|-damage|p2a: B-2 Spirit|69\/100 brn|[from] brn\n|-status|p1a: Gliscor|tox|[from] item: Toxic Orb\n|upkeep\n|turn|11\n|\n|t:|1699913318\n|move|p2a: B-2 Spirit|Dragon Dance|p2a: B-2 Spirit\n|-boost|p2a: B-2 Spirit|atk|1\n|-boost|p2a: B-2 Spirit|spe|1\n|move|p1a: Gliscor|Knock Off|p2a: B-2 Spirit\n|-supereffective|p2a: B-2 Spirit\n|-damage|p2a: B-2 Spirit|7\/100 brn\n|-enditem|p2a: B-2 Spirit|Dragon Fang|[from] move: Knock Off|[of] p1a: Gliscor\n|\n|-damage|p2a: B-2 Spirit|1\/100 brn|[from] brn\n|upkeep\n|turn|12\n|\n|t:|1699913326\n|move|p2a: B-2 Spirit|Dragon Darts|p1a: Gliscor\n|-crit|p1a: Gliscor\n|-damage|p1a: Gliscor|75\/100 tox\n|-anim|p2a: B-2 Spirit|Dragon Darts|p1a: Gliscor\n|-damage|p1a: Gliscor|58\/100 tox\n|move|p1a: Gliscor|Stealth Rock|p2a: B-2 Spirit\n|-sidestart|p2: ArgenPolmerica|move: Stealth Rock\n|\n|-heal|p1a: Gliscor|70\/100 tox|[from] ability: Poison Heal\n|-damage|p2a: B-2 Spirit|0 fnt|[from] brn\n|faint|p2a: B-2 Spirit\n|upkeep\n|\n|t:|1699913336\n|switch|p2a: King Arthur|Zacian-Crowned|100\/100\n|-damage|p2a: King Arthur|94\/100|[from] Stealth Rock\n|-ability|p2a: King Arthur|Intrepid Sword|boost\n|-boost|p2a: King Arthur|atk|1\n|turn|13\n|\n|t:|1699913343\n|switch|p1a: Funbro|Slowbro, F|100\/100\n|move|p2a: King Arthur|Behemoth Blade|p1a: Funbro\n|-resisted|p1a: Funbro\n|-crit|p1a: Funbro\n|-damage|p1a: Funbro|56\/100\n|\n|-heal|p1a: Funbro|62\/100|[from] item: Leftovers\n|upkeep\n|turn|14\n|\n|t:|1699913350\n|switch|p1a: Gliscor|Gliscor, M|70\/100 tox\n|move|p2a: King Arthur|Play Rough|p1a: Gliscor|[miss]\n|-miss|p2a: King Arthur|p1a: Gliscor\n|\n|-heal|p1a: Gliscor|82\/100 tox|[from] ability: Poison Heal\n|upkeep\n|turn|15\n|\n|t:|1699913357\n|move|p2a: King Arthur|Play Rough|p1a: Gliscor\n|-damage|p1a: Gliscor|27\/100 tox\n|move|p1a: Gliscor|Earthquake|p2a: King Arthur\n|-supereffective|p2a: King Arthur\n|-damage|p2a: King Arthur|24\/100\n|\n|-heal|p1a: Gliscor|39\/100 tox|[from] ability: Poison Heal\n|upkeep\n|turn|16\n|\n|t:|1699913365\n|switch|p1a: Funbro|Slowbro, F|96\/100\n|move|p2a: King Arthur|Play Rough|p1a: Funbro|[miss]\n|-miss|p2a: King Arthur|p1a: Funbro\n|\n|-heal|p1a: Funbro|100\/100|[from] item: Leftovers\n|upkeep\n|turn|17\n|\n|t:|1699913372\n|move|p2a: King Arthur|Play Rough|p1a: Funbro\n|-damage|p1a: Funbro|55\/100\n|move|p1a: Funbro|Scald|p2a: King Arthur\n|-damage|p2a: King Arthur|0 fnt\n|faint|p2a: King Arthur\n|\n|-heal|p1a: Funbro|61\/100|[from] item: Leftovers\n|upkeep\n|\n|t:|1699913380\n|switch|p2a: Thomas Edison|Regieleki|100\/100\n|-damage|p2a: Thomas Edison|88\/100|[from] Stealth Rock\n|turn|18\n|\n|t:|1699913383\n|switch|p1a: Gliscor|Gliscor, M|39\/100 tox\n|move|p2a: Thomas Edison|Thunderbolt|p1a: Gliscor\n|-immune|p1a: Gliscor\n|\n|-heal|p1a: Gliscor|52\/100 tox|[from] ability: Poison Heal\n|upkeep\n|turn|19\n|\n|t:|1699913390\n|switch|p2a: Fossil Fish|Dracovish|86\/100 brn\n|-damage|p2a: Fossil Fish|74\/100 brn|[from] Stealth Rock\n|move|p1a: Gliscor|Knock Off|p2a: Fossil Fish\n|-damage|p2a: Fossil Fish|49\/100 brn\n|-enditem|p2a: Fossil Fish|Choice Scarf|[from] move: Knock Off|[of] p1a: Gliscor\n|\n|-heal|p1a: Gliscor|64\/100 tox|[from] ability: Poison Heal\n|-damage|p2a: Fossil Fish|43\/100 brn|[from] brn\n|upkeep\n|turn|20\n|\n|t:|1699913400\n|switch|p1a: Funbro|Slowbro, F|94\/100\n|move|p2a: Fossil Fish|Fishious Rend|p1a: Funbro\n|-resisted|p1a: Funbro\n|-crit|p1a: Funbro\n|-damage|p1a: Funbro|73\/100\n|\n|-heal|p1a: Funbro|79\/100|[from] item: Leftovers\n|-damage|p2a: Fossil Fish|36\/100 brn|[from] brn\n|upkeep\n|turn|21\n|\n|t:|1699913409\n|move|p2a: Fossil Fish|Fishious Rend|p1a: Funbro\n|-resisted|p1a: Funbro\n|-damage|p1a: Funbro|63\/100\n|move|p1a: Funbro|Calm Mind|p1a: Funbro\n|-boost|p1a: Funbro|spa|1\n|-boost|p1a: Funbro|spd|1\n|\n|-heal|p1a: Funbro|69\/100|[from] item: Leftovers\n|-damage|p2a: Fossil Fish|30\/100 brn|[from] brn\n|upkeep\n|turn|22\n|\n|t:|1699913419\n|move|p2a: Fossil Fish|Fishious Rend|p1a: Funbro\n|-resisted|p1a: Funbro\n|-damage|p1a: Funbro|54\/100\n|move|p1a: Funbro|Psyshock|p2a: Fossil Fish\n|-damage|p2a: Fossil Fish|0 fnt\n|faint|p2a: Fossil Fish\n|\n|-heal|p1a: Funbro|60\/100|[from] item: Leftovers\n|upkeep\n|\n|t:|1699913427\n|switch|p2a: Hurricane Lord|Lugia|100\/100\n|turn|23\n|\n|t:|1699913434\n|switch|p1a: Gliscor|Gliscor, M|64\/100 tox\n|move|p2a: Hurricane Lord|Aeroblast|p1a: Gliscor\n|-damage|p1a: Gliscor|8\/100 tox\n|\n|-heal|p1a: Gliscor|20\/100 tox|[from] ability: Poison Heal\n|upkeep\n|turn|24\n|\n|t:|1699913441\n|switch|p1a: Fezandipiti|Fezandipiti, M|100\/100\n|move|p2a: Hurricane Lord|Psychic|p1a: Fezandipiti\n|-supereffective|p1a: Fezandipiti\n|-damage|p1a: Fezandipiti|49\/100\n|\n|-heal|p1a: Fezandipiti|56\/100|[from] item: Black Sludge\n|upkeep\n|turn|25\n|\n|t:|1699913451\n|move|p2a: Hurricane Lord|Psychic|p1a: Fezandipiti\n|-supereffective|p1a: Fezandipiti\n|-damage|p1a: Fezandipiti|5\/100\n|move|p1a: Fezandipiti|Beat Up|p2a: Hurricane Lord\n|-supereffective|p2a: Hurricane Lord\n|-damage|p2a: Hurricane Lord|98\/100\n|-supereffective|p2a: Hurricane Lord\n|-damage|p2a: Hurricane Lord|94\/100\n|-status|p2a: Hurricane Lord|tox|[from] ability: Toxic Chain|[of] p1a: Fezandipiti\n|-supereffective|p2a: Hurricane Lord\n|-damage|p2a: Hurricane Lord|89\/100 tox\n|-hitcount|p2a: Hurricane Lord|3\n|\n|-heal|p1a: Fezandipiti|11\/100|[from] item: Black Sludge\n|-damage|p2a: Hurricane Lord|83\/100 tox|[from] psn\n|upkeep\n|turn|26\n|\n|t:|1699913463\n|move|p2a: Hurricane Lord|Psychic|p1a: Fezandipiti\n|-supereffective|p1a: Fezandipiti\n|-damage|p1a: Fezandipiti|0 fnt\n|faint|p1a: Fezandipiti\n|\n|-damage|p2a: Hurricane Lord|70\/100 tox|[from] psn\n|upkeep\n|\n|t:|1699913497\n|switch|p1a: Funbro|Slowbro, F|93\/100\n|turn|27\n|\n|t:|1699913502\n|move|p2a: Hurricane Lord|Aeroblast|p1a: Funbro\n|-damage|p1a: Funbro|44\/100\n|move|p1a: Funbro|Calm Mind|p1a: Funbro\n|-boost|p1a: Funbro|spa|1\n|-boost|p1a: Funbro|spd|1\n|\n|-heal|p1a: Funbro|50\/100|[from] item: Leftovers\n|-damage|p2a: Hurricane Lord|52\/100 tox|[from] psn\n|upkeep\n|turn|28\n|\n|t:|1699913510\n|move|p2a: Hurricane Lord|Aeroblast|p1a: Funbro\n|-damage|p1a: Funbro|19\/100\n|move|p1a: Funbro|Slack Off|p1a: Funbro\n|-heal|p1a: Funbro|69\/100\n|\n|-heal|p1a: Funbro|75\/100|[from] item: Leftovers\n|-damage|p2a: Hurricane Lord|27\/100 tox|[from] psn\n|upkeep\n|turn|29\n|\n|t:|1699913518\n|move|p2a: Hurricane Lord|Aeroblast|p1a: Funbro\n|-damage|p1a: Funbro|42\/100\n|move|p1a: Funbro|Slack Off|p1a: Funbro\n|-heal|p1a: Funbro|92\/100\n|\n|-heal|p1a: Funbro|98\/100|[from] item: Leftovers\n|-damage|p2a: Hurricane Lord|0 fnt|[from] psn\n|faint|p2a: Hurricane Lord\n|upkeep\n|\n|t:|1699913526\n|switch|p2a: Thomas Edison|Regieleki|88\/100\n|-damage|p2a: Thomas Edison|76\/100|[from] Stealth Rock\n|turn|30\n|\n|t:|1699913530\n|-terastallize|p1a: Funbro|Poison\n|move|p2a: Thomas Edison|Thunderbolt|p1a: Funbro\n|-damage|p1a: Funbro|59\/100\n|move|p1a: Funbro|Psyshock|p2a: Thomas Edison\n|-damage|p2a: Thomas Edison|0 fnt\n|faint|p2a: Thomas Edison\n|\n|win|99% lose rate\n|raw|99% lose rate's rating: 1382 &rarr; <strong>1395<\/strong><br \/>(+13 for winning)\n|raw|ArgenPolmerica's rating: 1256 &rarr; <strong>1240<\/strong><br \/>(-16 for losing)\n|l|\u2606ArgenPolmerica\n","uploadtime":1699913550,"views":6,"p1id":"99loserate","p2id":"argenpolmerica","formatid":"gen9nationaldexubers","rating":1240,"private":0,"password":""}