{"id":"gen9nationaldexubers-1978132019","p1":"whaah","p2":"JustMonika_CARR","format":"[Gen 9] National Dex Ubers","log":"|j|\u2606whaah\n|j|\u2606JustMonika_CARR\n|t:|1698503320\n|gametype|singles\n|player|p1|whaah|plasmagrunt-gen5bw|1284\n|player|p2|JustMonika_CARR|dawn|1372\n|teamsize|p1|6\n|teamsize|p2|6\n|gen|9\n|tier|[Gen 9] National Dex Ubers\n|rated|\n|rule|HP Percentage Mod: HP is shown in percentages\n|rule|Endless Battle Clause: Forcing endless battles is banned\n|rule|OHKO Clause: OHKO moves are banned\n|rule|Evasion Moves Clause: Evasion moves are banned\n|rule|Evasion Items Clause: Evasion items are banned\n|rule|Species Clause: Limit one of each Pok\u00e9mon\n|rule|Sleep Clause Mod: Limit one foe put to sleep\n|rule|Mega Rayquaza Clause: You cannot mega evolve Rayquaza\n|clearpoke\n|poke|p1|Grimmsnarl, M|\n|poke|p1|Xerneas-*|\n|poke|p1|Zacian-*|\n|poke|p1|Kyurem-Black|\n|poke|p1|Groudon|\n|poke|p1|Marshadow|\n|poke|p2|Marshadow|\n|poke|p2|Lopunny, F|\n|poke|p2|Dialga|\n|poke|p2|Forretress, F|\n|poke|p2|Pheromosa|\n|poke|p2|Grimmsnarl, M|\n|teampreview\n|c|\u2606JustMonika_CARR|glhf\n|\n|t:|1698503337\n|start\n|switch|p1a: Grimmsnarl|Grimmsnarl, M|100\/100\n|switch|p2a: Forretress|Forretress, F, shiny|100\/100\n|turn|1\n|\n|t:|1698503348\n|switch|p2a: Grimmsnarl|Grimmsnarl, M, shiny|100\/100\n|move|p1a: Grimmsnarl|Taunt|p2a: Grimmsnarl\n|-hint|Since gen 7, Dark is immune to Prankster moves.\n|-immune|p2a: Grimmsnarl\n|\n|upkeep\n|turn|2\n|\n|t:|1698503354\n|move|p1a: Grimmsnarl|Play Rough|p2a: Grimmsnarl\n|-supereffective|p2a: Grimmsnarl\n|-damage|p2a: Grimmsnarl|31\/100\n|move|p2a: Grimmsnarl|Spirit Break|p1a: Grimmsnarl\n|-supereffective|p1a: Grimmsnarl\n|-damage|p1a: Grimmsnarl|22\/100\n|-unboost|p1a: Grimmsnarl|spa|1\n|\n|-heal|p2a: Grimmsnarl|38\/100|[from] item: Leftovers\n|upkeep\n|turn|3\n|\n|t:|1698503370\n|switch|p1a: Zacian|Zacian-Crowned|100\/100\n|-ability|p1a: Zacian|Intrepid Sword|boost\n|-boost|p1a: Zacian|atk|1\n|-terastallize|p2a: Grimmsnarl|Fairy\n|move|p2a: Grimmsnarl|Reflect|p2a: Grimmsnarl\n|-sidestart|p2: JustMonika_CARR|Reflect\n|\n|-heal|p2a: Grimmsnarl|44\/100|[from] item: Leftovers\n|upkeep\n|turn|4\n|\n|t:|1698503380\n|move|p2a: Grimmsnarl|Taunt|p1a: Zacian\n|-start|p1a: Zacian|move: Taunt\n|move|p1a: Zacian|Behemoth Blade|p2a: Grimmsnarl\n|-supereffective|p2a: Grimmsnarl\n|-damage|p2a: Grimmsnarl|0 fnt\n|faint|p2a: Grimmsnarl\n|\n|upkeep\n|\n|t:|1698503389\n|switch|p2a: Marshadow|Marshadow|100\/100\n|turn|5\n|\n|t:|1698503399\n|move|p1a: Zacian|Behemoth Blade|p2a: Marshadow\n|-damage|p2a: Marshadow|46\/100\n|move|p2a: Marshadow|Spectral Thief||[still]\n|-clearpositiveboost|p1a: Zacian|p2a: Marshadow|move: Spectral Thief\n|-boost|p2a: Marshadow|atk|1\n|-anim|p2a: Marshadow|Spectral Thief|p1a: Zacian\n|-damage|p1a: Zacian|35\/100\n|\n|upkeep\n|turn|6\n|\n|t:|1698503411\n|move|p2a: Marshadow|Shadow Sneak|p1a: Zacian\n|-damage|p1a: Zacian|0 fnt\n|faint|p1a: Zacian\n|\n|upkeep\n|\n|t:|1698503413\n|switch|p1a: Marshadow|Marshadow|100\/100\n|turn|7\n|\n|t:|1698503418\n|switch|p2a: Lopunny|Lopunny, F, shiny|100\/100\n|move|p1a: Marshadow|Spectral Thief|p2a: Lopunny\n|-immune|p2a: Lopunny\n|\n|-sideend|p2: JustMonika_CARR|Reflect\n|upkeep\n|turn|8\n|\n|t:|1698503429\n|detailschange|p2a: Lopunny|Lopunny-Mega, F, shiny\n|-mega|p2a: Lopunny|Lopunny|Lopunnite\n|move|p2a: Lopunny|Fake Out|p1a: Marshadow\n|-damage|p1a: Marshadow|71\/100\n|cant|p1a: Marshadow|flinch\n|\n|upkeep\n|turn|9\n|\n|t:|1698503436\n|move|p2a: Lopunny|Return|p1a: Marshadow\n|-damage|p1a: Marshadow|6\/100\n|move|p1a: Marshadow|Low Kick|p2a: Lopunny\n|-supereffective|p2a: Lopunny\n|-damage|p2a: Lopunny|0 fnt\n|faint|p2a: Lopunny\n|\n|upkeep\n|\n|t:|1698503446\n|switch|p2a: Forretress|Forretress, F, shiny|100\/100\n|turn|10\n|\n|t:|1698503455\n|switch|p1a: Grimmsnarl|Grimmsnarl, M|22\/100\n|move|p2a: Forretress|Toxic Spikes|p1a: Grimmsnarl\n|-sidestart|p1: whaah|move: Toxic Spikes\n|\n|upkeep\n|turn|11\n|inactive|Battle timer is ON: inactive players will automatically lose when time's up. (requested by whaah)\n|\n|t:|1698503465\n|move|p1a: Grimmsnarl|Reflect|p1a: Grimmsnarl\n|-sidestart|p1: whaah|Reflect\n|move|p2a: Forretress|Rapid Spin|p1a: Grimmsnarl\n|-damage|p1a: Grimmsnarl|16\/100\n|-boost|p2a: Forretress|spe|1\n|\n|upkeep\n|turn|12\n|\n|t:|1698503471\n|move|p1a: Grimmsnarl|Taunt|p2a: Forretress\n|-start|p2a: Forretress|move: Taunt\n|cant|p2a: Forretress|move: Taunt|Stealth Rock\n|\n|upkeep\n|turn|13\n|c|\u2606JustMonika_CARR|Good read\n|inactive|whaah has 120 seconds left.\n|inactive|whaah has 90 seconds left.\n|inactive|whaah has 60 seconds left.\n|inactive|whaah has 30 seconds left.\n|inactive|whaah has 20 seconds left.\n|inactive|whaah has 15 seconds left.\n|inactive|whaah has 10 seconds left.\n|inactive|whaah has 5 seconds left.\n|-message|whaah lost due to inactivity.\n|\n|win|JustMonika_CARR\n|raw|whaah's rating: 1284 &rarr; <strong>1265<\/strong><br \/>(-19 for losing)\n|raw|JustMonika_CARR's rating: 1372 &rarr; <strong>1387<\/strong><br \/>(+15 for winning)\n","uploadtime":1698503639,"views":7,"p1id":"whaah","p2id":"justmonikacarr","formatid":"gen9nationaldexubers","rating":1265,"private":0,"password":""}