{"id":"gen9nationaldexubers-1987381160","p1":"dcmrulz","p2":"CalamityCentral","format":"[Gen 9] National Dex Ubers","log":"|j|\u2606dcmrulz\n|j|\u2606CalamityCentral\n|t:|1699584139\n|gametype|singles\n|player|p1|dcmrulz|101|\n|player|p2|CalamityCentral|psychic-gen4|\n|teamsize|p1|6\n|teamsize|p2|6\n|gen|9\n|tier|[Gen 9] National Dex Ubers\n|rule|HP Percentage Mod: HP is shown in percentages\n|rule|Endless Battle Clause: Forcing endless battles is banned\n|rule|OHKO Clause: OHKO moves are banned\n|rule|Evasion Moves Clause: Evasion moves are banned\n|rule|Evasion Items Clause: Evasion items are banned\n|rule|Species Clause: Limit one of each Pok\u00e9mon\n|rule|Sleep Clause Mod: Limit one foe put to sleep\n|rule|Mega Rayquaza Clause: You cannot mega evolve Rayquaza\n|clearpoke\n|poke|p1|Kingambit, M|\n|poke|p1|Lopunny, M|\n|poke|p1|Kilowattrel, F|\n|poke|p1|Drifblim, F|\n|poke|p1|Great Tusk|\n|poke|p1|Torterra, M|\n|poke|p2|Sharpedo, M|\n|poke|p2|Blacephalon|\n|poke|p2|Zygarde|\n|poke|p2|Tinkaton, F|\n|poke|p2|Rotom-Fan|\n|poke|p2|Claydol|\n|teampreview\n|j| VantaZack\n|\n|t:|1699584173\n|start\n|switch|p1a: Ancient King|Great Tusk|100\/100\n|switch|p2a: Neptune|Sharpedo, M, shiny|100\/100\n|turn|1\n|j| BaraTheUmbraking\n|\n|t:|1699584203\n|move|p2a: Neptune|Protect|p2a: Neptune\n|-singleturn|p2a: Neptune|Protect\n|move|p1a: Ancient King|Stealth Rock|p2a: Neptune\n|-sidestart|p2: CalamityCentral|move: Stealth Rock\n|\n|-ability|p2a: Neptune|Speed Boost|boost\n|-boost|p2a: Neptune|spe|1\n|upkeep\n|turn|2\n|\n|t:|1699584215\n|detailschange|p2a: Neptune|Sharpedo-Mega, M, shiny\n|-mega|p2a: Neptune|Sharpedo|Sharpedonite\n|move|p2a: Neptune|Psychic Fangs|p1a: Ancient King\n|-supereffective|p1a: Ancient King\n|-damage|p1a: Ancient King|22\/100\n|move|p1a: Ancient King|Close Combat|p2a: Neptune\n|-supereffective|p2a: Neptune\n|-damage|p2a: Neptune|0 fnt\n|-unboost|p1a: Ancient King|def|1\n|-unboost|p1a: Ancient King|spd|1\n|faint|p2a: Neptune\n|\n|upkeep\n|\n|t:|1699584230\n|switch|p2a: Arahabaki|Claydol, shiny|100\/100\n|-damage|p2a: Arahabaki|94\/100|[from] Stealth Rock\n|turn|3\n|\n|t:|1699584262\n|move|p1a: Ancient King|Ice Spinner|p2a: Arahabaki\n|-supereffective|p2a: Arahabaki\n|-damage|p2a: Arahabaki|30\/100\n|move|p2a: Arahabaki|Psychic|p1a: Ancient King\n|-supereffective|p1a: Ancient King\n|-damage|p1a: Ancient King|0 fnt\n|faint|p1a: Ancient King\n|-end|p1a: Ancient King|Protosynthesis|[silent]\n|\n|upkeep\n|\n|t:|1699584303\n|switch|p1a: Fizzle|Drifblim, F|100\/100\n|turn|4\n|\n|t:|1699584308\n|move|p1a: Fizzle|Hex|p2a: Arahabaki\n|-supereffective|p2a: Arahabaki\n|-damage|p2a: Arahabaki|0 fnt\n|faint|p2a: Arahabaki\n|\n|upkeep\n|\n|t:|1699584320\n|switch|p2a: Nidhoggr|Zygarde|100\/100\n|-damage|p2a: Nidhoggr|94\/100|[from] Stealth Rock\n|-ability|p2a: Nidhoggr|Aura Break\n|turn|5\n|\n|t:|1699584326\n|move|p2a: Nidhoggr|Dragon Dance|p2a: Nidhoggr\n|-boost|p2a: Nidhoggr|atk|1\n|-boost|p2a: Nidhoggr|spe|1\n|move|p1a: Fizzle|Will-O-Wisp|p2a: Nidhoggr|[miss]\n|-miss|p1a: Fizzle|p2a: Nidhoggr\n|\n|upkeep\n|turn|6\n|\n|t:|1699584334\n|move|p2a: Nidhoggr|Thousand Arrows|p1a: Fizzle\n|-enditem|p1a: Fizzle|Focus Sash\n|-damage|p1a: Fizzle|1\/100\n|-start|p1a: Fizzle|Smack Down\n|-damage|p2a: Nidhoggr|85\/100|[from] item: Life Orb\n|move|p1a: Fizzle|Will-O-Wisp|p2a: Nidhoggr\n|-status|p2a: Nidhoggr|brn\n|\n|-damage|p2a: Nidhoggr|78\/100 brn|[from] brn\n|upkeep\n|turn|7\n|\n|t:|1699584345\n|move|p1a: Fizzle|Destiny Bond|p1a: Fizzle\n|-singlemove|p1a: Fizzle|Destiny Bond\n|move|p2a: Nidhoggr|Outrage|p1a: Fizzle\n|-damage|p1a: Fizzle|0 fnt\n|faint|p1a: Fizzle\n|-activate|p1a: Fizzle|move: Destiny Bond\n|faint|p2a: Nidhoggr\n|\n|upkeep\n|\n|t:|1699584361\n|switch|p2a: Ramona|Tinkaton, F|100\/100\n|switch|p1a: Torts|Torterra, M|100\/100\n|-damage|p2a: Ramona|94\/100|[from] Stealth Rock\n|-ability|p2a: Ramona|Mold Breaker\n|turn|8\n|\n|t:|1699584377\n|move|p2a: Ramona|Fake Out|p1a: Torts\n|-damage|p1a: Torts|89\/100\n|cant|p1a: Torts|flinch\n|\n|-heal|p2a: Ramona|100\/100|[from] item: Leftovers\n|upkeep\n|turn|9\n|\n|t:|1699584413\n|move|p1a: Torts|Headlong Rush|p2a: Ramona\n|-supereffective|p2a: Ramona\n|-damage|p2a: Ramona|0 fnt\n|-unboost|p1a: Torts|def|1\n|-unboost|p1a: Torts|spd|1\n|-enditem|p1a: Torts|White Herb\n|-clearnegativeboost|p1a: Torts|[silent]\n|faint|p2a: Ramona\n|\n|upkeep\n|\n|t:|1699584430\n|switch|p2a: Oswald|Blacephalon|100\/100\n|-damage|p2a: Oswald|76\/100|[from] Stealth Rock\n|turn|10\n|\n|t:|1699584446\n|move|p2a: Oswald|Overheat|p1a: Torts\n|-supereffective|p1a: Torts\n|-damage|p1a: Torts|0 fnt\n|-unboost|p2a: Oswald|spa|2\n|faint|p1a: Torts\n|-ability|p2a: Oswald|Beast Boost|boost\n|-boost|p2a: Oswald|spa|1\n|\n|upkeep\n|\n|t:|1699584453\n|switch|p1a: Nobu|Kingambit, M|100\/100\n|-activate|p1a: Nobu|ability: Supreme Overlord\n|-start|p1a: Nobu|fallen3|[silent]\n|turn|11\n|\n|t:|1699584457\n|switch|p2a: Wendy|Rotom-Fan, shiny|100\/100\n|-damage|p2a: Wendy|76\/100|[from] Stealth Rock\n|move|p1a: Nobu|Sucker Punch||[still]\n|-fail|p1a: Nobu\n|\n|-heal|p2a: Wendy|82\/100|[from] item: Leftovers\n|upkeep\n|turn|12\n|\n|t:|1699584469\n|-end|p1a: Nobu|fallen3|[silent]\n|switch|p1a: Itaku|Kilowattrel, F|100\/100\n|move|p2a: Wendy|Will-O-Wisp|p1a: Itaku\n|-status|p1a: Itaku|brn\n|\n|-heal|p2a: Wendy|88\/100|[from] item: Leftovers\n|-damage|p1a: Itaku|94\/100 brn|[from] brn\n|upkeep\n|turn|13\n|\n|t:|1699584500\n|move|p1a: Itaku|Thunderbolt|p2a: Wendy\n|-damage|p2a: Wendy|38\/100\n|move|p2a: Wendy|Nasty Plot|p2a: Wendy\n|-boost|p2a: Wendy|spa|2\n|\n|-heal|p2a: Wendy|44\/100|[from] item: Leftovers\n|-damage|p1a: Itaku|88\/100 brn|[from] brn\n|upkeep\n|turn|14\n|\n|t:|1699584508\n|move|p1a: Itaku|Thunderbolt|p2a: Wendy\n|-damage|p2a: Wendy|0 fnt\n|faint|p2a: Wendy\n|\n|-damage|p1a: Itaku|82\/100 brn|[from] brn\n|upkeep\n|\n|t:|1699584510\n|switch|p2a: Oswald|Blacephalon|76\/100\n|-damage|p2a: Oswald|51\/100|[from] Stealth Rock\n|turn|15\n|\n|t:|1699584518\n|move|p2a: Oswald|Overheat|p1a: Itaku\n|-damage|p1a: Itaku|0 fnt\n|-unboost|p2a: Oswald|spa|2\n|faint|p1a: Itaku\n|-ability|p2a: Oswald|Beast Boost|boost\n|-boost|p2a: Oswald|spa|1\n|\n|upkeep\n|\n|t:|1699584525\n|switch|p1a: Nobu|Kingambit, M|100\/100\n|-activate|p1a: Nobu|ability: Supreme Overlord\n|-start|p1a: Nobu|fallen4|[silent]\n|turn|16\n|-message|CalamityCentral forfeited.\n|\n|win|dcmrulz\n|l|\u2606CalamityCentral\n","uploadtime":1699584531,"views":11,"p1id":"dcmrulz","p2id":"calamitycentral","formatid":"gen9nationaldexubers","rating":0,"private":0,"password":""}