{"id":"gen9nationaldexubers-1989073122","p1":"predator30","p2":"pex hater","format":"[Gen 9] National Dex Ubers","log":"|j|\u2606predator30\n|j|\u2606pex hater\n|t:|1699809228\n|gametype|singles\n|player|p1|predator30|cynthia|\n|player|p2|pex hater|steven|\n|teamsize|p1|6\n|teamsize|p2|6\n|gen|9\n|tier|[Gen 9] National Dex Ubers\n|rule|HP Percentage Mod: HP is shown in percentages\n|rule|Endless Battle Clause: Forcing endless battles is banned\n|rule|OHKO Clause: OHKO moves are banned\n|rule|Evasion Moves Clause: Evasion moves are banned\n|rule|Evasion Items Clause: Evasion items are banned\n|rule|Species Clause: Limit one of each Pok\u00e9mon\n|rule|Sleep Clause Mod: Limit one foe put to sleep\n|rule|Mega Rayquaza Clause: You cannot mega evolve Rayquaza\n|clearpoke\n|poke|p1|Cosmoem|\n|poke|p1|Magikarp, F|\n|poke|p1|Tapu Fini|\n|poke|p1|Scizor, F|\n|poke|p1|Zygarde-10%|\n|poke|p1|Latias, F|\n|poke|p2|Nidoking, M|\n|poke|p2|Venusaur, M|\n|poke|p2|Glimmora, M|\n|poke|p2|Muk-Alola, F|\n|poke|p2|Amoonguss, M|\n|poke|p2|Clodsire, M|\n|teampreview\n|\n|t:|1699809260\n|start\n|switch|p1a: Latias|Latias, F|100\/100\n|switch|p2a: Ebony Stem|Venusaur, M|100\/100\n|turn|1\n|\n|t:|1699809278\n|switch|p1a: Scizor|Scizor, F|100\/100\n|detailschange|p2a: Ebony Stem|Venusaur-Mega, M\n|-mega|p2a: Ebony Stem|Venusaur|Venusaurite\n|move|p2a: Ebony Stem|Leech Seed|p1a: Scizor\n|-start|p1a: Scizor|move: Leech Seed\n|\n|-damage|p1a: Scizor|88\/100|[from] Leech Seed|[of] p2a: Ebony Stem\n|upkeep\n|turn|2\n|\n|t:|1699809283\n|switch|p2a: Wellcheers|Amoonguss, M|100\/100\n|move|p1a: Scizor|U-turn|p2a: Wellcheers\n|-damage|p2a: Wellcheers|52\/100\n|-damage|p1a: Scizor|72\/100|[from] item: Rocky Helmet|[of] p2a: Wellcheers\n|\n|t:|1699809290\n|switch|p1a: Latias|Latias, F|100\/100|[from] U-turn\n|\n|upkeep\n|turn|3\n|\n|t:|1699809295\n|switch|p1a: Zygarde|Zygarde-10%|100\/100\n|-ability|p1a: Zygarde|Aura Break\n|switch|p2a: Lifetime Stew|Muk-Alola, F|100\/100\n|\n|upkeep\n|turn|4\n|\n|t:|1699809298\n|switch|p2a: Rose Sign|Glimmora, M|100\/100\n|move|p1a: Zygarde|Earthquake|p2a: Rose Sign\n|-supereffective|p2a: Rose Sign\n|-enditem|p2a: Rose Sign|Focus Sash\n|-damage|p2a: Rose Sign|1\/100\n|-activate|p2a: Rose Sign|ability: Toxic Debris\n|-sidestart|p1: predator30|move: Toxic Spikes\n|\n|upkeep\n|turn|5\n|\n|t:|1699809309\n|move|p1a: Zygarde|Earthquake|p2a: Rose Sign\n|-supereffective|p2a: Rose Sign\n|-damage|p2a: Rose Sign|0 fnt\n|-activate|p2a: Rose Sign|ability: Toxic Debris\n|-sidestart|p1: predator30|move: Toxic Spikes\n|faint|p2a: Rose Sign\n|\n|upkeep\n|\n|t:|1699809312\n|switch|p2a: Ebony Stem|Venusaur-Mega, M|100\/100\n|turn|6\n|\n|t:|1699809317\n|switch|p1a: Scizor|Scizor, F|72\/100\n|move|p2a: Ebony Stem|Hidden Power|p1a: Scizor\n|-supereffective|p1a: Scizor\n|-damage|p1a: Scizor|0 fnt\n|faint|p1a: Scizor\n|\n|upkeep\n|c|\u2606predator30|omg\n|c|\u2606pex hater|omg\n|c|\u2606predator30|freeze incoming\n|\n|t:|1699809326\n|switch|p1a: Latias|Latias, F|100\/100\n|turn|7\n|\n|t:|1699809329\n|switch|p2a: Lifetime Stew|Muk-Alola, F|100\/100\n|detailschange|p1a: Latias|Latias-Mega, F\n|-mega|p1a: Latias|Latias|Latiasite\n|move|p1a: Latias|Calm Mind|p1a: Latias\n|-boost|p1a: Latias|spa|1\n|-boost|p1a: Latias|spd|1\n|\n|upkeep\n|turn|8\n|\n|t:|1699809332\n|move|p1a: Latias|Ice Beam|p2a: Lifetime Stew\n|-damage|p2a: Lifetime Stew|82\/100\n|move|p2a: Lifetime Stew|Poison Jab|p1a: Latias\n|-damage|p1a: Latias|75\/100\n|-status|p1a: Latias|psn\n|\n|-damage|p1a: Latias|62\/100 psn|[from] psn\n|upkeep\n|turn|9\n|\n|t:|1699809338\n|switch|p2a: Pursuance|Clodsire, M|100\/100\n|move|p1a: Latias|Calm Mind|p1a: Latias\n|-boost|p1a: Latias|spa|1\n|-boost|p1a: Latias|spd|1\n|\n|-damage|p1a: Latias|50\/100 psn|[from] psn\n|upkeep\n|turn|10\n|\n|t:|1699809340\n|move|p1a: Latias|Roost|p1a: Latias\n|-heal|p1a: Latias|99\/100 psn\n|-singleturn|p1a: Latias|move: Roost\n|move|p2a: Pursuance|Spikes|p1a: Latias\n|-sidestart|p1: predator30|Spikes\n|\n|-damage|p1a: Latias|88\/100 psn|[from] psn\n|upkeep\n|turn|11\n|\n|t:|1699809343\n|move|p1a: Latias|Ice Beam|p2a: Pursuance\n|-supereffective|p2a: Pursuance\n|-damage|p2a: Pursuance|72\/100\n|move|p2a: Pursuance|Spikes|p1a: Latias\n|-sidestart|p1: predator30|Spikes\n|\n|-heal|p2a: Pursuance|78\/100|[from] item: Black Sludge\n|-damage|p1a: Latias|75\/100 psn|[from] psn\n|upkeep\n|turn|12\n|\n|t:|1699809345\n|move|p1a: Latias|Ice Beam|p2a: Pursuance\n|-supereffective|p2a: Pursuance\n|-damage|p2a: Pursuance|51\/100\n|move|p2a: Pursuance|Spikes|p1a: Latias\n|-sidestart|p1: predator30|Spikes\n|\n|-heal|p2a: Pursuance|57\/100|[from] item: Black Sludge\n|-damage|p1a: Latias|63\/100 psn|[from] psn\n|upkeep\n|turn|13\n|c|\u2606pex hater|oh wait\n|c|\u2606predator30|FREEZE\n|\n|t:|1699809356\n|move|p1a: Latias|Ice Beam|p2a: Pursuance\n|-supereffective|p2a: Pursuance\n|-damage|p2a: Pursuance|25\/100\n|move|p2a: Pursuance|Recover|p2a: Pursuance\n|-heal|p2a: Pursuance|75\/100\n|\n|-heal|p2a: Pursuance|81\/100|[from] item: Black Sludge\n|-damage|p1a: Latias|51\/100 psn|[from] psn\n|upkeep\n|turn|14\n|\n|t:|1699809359\n|switch|p2a: Lifetime Stew|Muk-Alola, F|82\/100\n|move|p1a: Latias|Ice Beam|p2a: Lifetime Stew\n|-damage|p2a: Lifetime Stew|61\/100\n|\n|-damage|p1a: Latias|38\/100 psn|[from] psn\n|upkeep\n|turn|15\n|\n|t:|1699809365\n|move|p1a: Latias|Roost|p1a: Latias\n|-heal|p1a: Latias|88\/100 psn\n|-singleturn|p1a: Latias|move: Roost\n|move|p2a: Lifetime Stew|Knock Off|p1a: Latias\n|-supereffective|p1a: Latias\n|-crit|p1a: Latias\n|-damage|p1a: Latias|31\/100 psn\n|\n|-damage|p1a: Latias|18\/100 psn|[from] psn\n|upkeep\n|turn|16\n|\n|t:|1699809367\n|move|p1a: Latias|Roost|p1a: Latias\n|-heal|p1a: Latias|68\/100 psn\n|-singleturn|p1a: Latias|move: Roost\n|move|p2a: Lifetime Stew|Knock Off|p1a: Latias\n|-supereffective|p1a: Latias\n|-damage|p1a: Latias|32\/100 psn\n|\n|-damage|p1a: Latias|20\/100 psn|[from] psn\n|upkeep\n|turn|17\n|\n|t:|1699809371\n|move|p1a: Latias|Ice Beam|p2a: Lifetime Stew\n|-damage|p2a: Lifetime Stew|41\/100\n|move|p2a: Lifetime Stew|Knock Off|p1a: Latias\n|-supereffective|p1a: Latias\n|-damage|p1a: Latias|0 fnt\n|faint|p1a: Latias\n|\n|upkeep\n|c|\u2606predator30|the freeze...\n|\n|t:|1699809377\n|switch|p1a: Zygarde|Zygarde-10%|100\/100\n|-status|p1a: Zygarde|tox\n|-damage|p1a: Zygarde|76\/100 tox|[from] Spikes\n|-ability|p1a: Zygarde|Aura Break\n|turn|18\n|c|\u2606pex hater|the dream\n|c|\u2606pex hater|dead\n|\n|t:|1699809385\n|move|p1a: Zygarde|Earthquake|p2a: Lifetime Stew\n|-supereffective|p2a: Lifetime Stew\n|-damage|p2a: Lifetime Stew|0 fnt\n|faint|p2a: Lifetime Stew\n|\n|-damage|p1a: Zygarde|70\/100 tox|[from] psn\n|upkeep\n|\n|t:|1699809389\n|switch|p2a: Ebony Stem|Venusaur-Mega, M|100\/100\n|turn|19\n|\n|t:|1699809392\n|switch|p1a: Cosmoem|Cosmoem|100\/100\n|-status|p1a: Cosmoem|tox\n|-damage|p1a: Cosmoem|76\/100 tox|[from] Spikes\n|move|p2a: Ebony Stem|Giga Drain|p1a: Cosmoem\n|-crit|p1a: Cosmoem\n|-damage|p1a: Cosmoem|34\/100 tox\n|\n|-damage|p1a: Cosmoem|28\/100 tox|[from] psn\n|upkeep\n|turn|20\n|\n|t:|1699809396\n|move|p2a: Ebony Stem|Giga Drain|p1a: Cosmoem\n|-damage|p1a: Cosmoem|0 fnt\n|faint|p1a: Cosmoem\n|\n|upkeep\n|\n|t:|1699809397\n|switch|p1a: Magikarp|Magikarp, F|100\/100\n|-status|p1a: Magikarp|tox\n|-damage|p1a: Magikarp|76\/100 tox|[from] Spikes\n|turn|21\n|\n|t:|1699809401\n|switch|p2a: Pursuance|Clodsire, M|81\/100\n|move|p1a: Magikarp|Bounce||[still]\n|-prepare|p1a: Magikarp|Bounce\n|\n|-heal|p2a: Pursuance|88\/100|[from] item: Black Sludge\n|-damage|p1a: Magikarp|70\/100 tox|[from] psn\n|upkeep\n|turn|22\n|\n|t:|1699809406\n|switch|p2a: Wellcheers|Amoonguss, M|85\/100\n|move|p1a: Magikarp|Bounce|p2a: Wellcheers|[from]lockedmove\n|-supereffective|p2a: Wellcheers\n|-damage|p2a: Wellcheers|78\/100\n|-status|p2a: Wellcheers|par\n|-damage|p1a: Magikarp|53\/100 tox|[from] item: Rocky Helmet|[of] p2a: Wellcheers\n|\n|-damage|p1a: Magikarp|41\/100 tox|[from] psn\n|upkeep\n|turn|23\n|\n|t:|1699809411\n|switch|p1a: Tapu Fini|Tapu Fini|100\/100\n|-status|p1a: Tapu Fini|tox\n|-damage|p1a: Tapu Fini|75\/100 tox|[from] Spikes\n|-fieldstart|move: Misty Terrain|[from] ability: Misty Surge|[of] p1a: Tapu Fini\n|move|p2a: Wellcheers|Foul Play|p1a: Tapu Fini\n|-resisted|p1a: Tapu Fini\n|-damage|p1a: Tapu Fini|71\/100 tox\n|\n|-heal|p1a: Tapu Fini|77\/100 tox|[from] item: Leftovers\n|-damage|p1a: Tapu Fini|71\/100 tox|[from] psn\n|upkeep\n|turn|24\n|\n|t:|1699809414\n|switch|p2a: My Form Empties|Nidoking, M|100\/100\n|move|p1a: Tapu Fini|Calm Mind|p1a: Tapu Fini\n|-boost|p1a: Tapu Fini|spa|1\n|-boost|p1a: Tapu Fini|spd|1\n|\n|-heal|p1a: Tapu Fini|77\/100 tox|[from] item: Leftovers\n|-damage|p1a: Tapu Fini|65\/100 tox|[from] psn\n|upkeep\n|turn|25\n|\n|t:|1699809417\n|move|p2a: My Form Empties|Sludge Wave|p1a: Tapu Fini\n|-supereffective|p1a: Tapu Fini\n|-damage|p1a: Tapu Fini|0 fnt\n|faint|p1a: Tapu Fini\n|\n|upkeep\n|\n|t:|1699809419\n|switch|p1a: Zygarde|Zygarde-10%|70\/100 tox\n|-damage|p1a: Zygarde|45\/100 tox|[from] Spikes\n|-ability|p1a: Zygarde|Aura Break\n|turn|26\n|\n|t:|1699809421\n|switch|p2a: Wellcheers|Amoonguss, M|100\/100 par\n|move|p1a: Zygarde|Outrage|p2a: Wellcheers\n|-damage|p2a: Wellcheers|68\/100 par\n|-damage|p1a: Zygarde|28\/100 tox|[from] item: Rocky Helmet|[of] p2a: Wellcheers\n|\n|-damage|p1a: Zygarde|22\/100 tox|[from] psn\n|upkeep\n|turn|27\n|\n|t:|1699809426\n|move|p1a: Zygarde|Outrage|p2a: Wellcheers|[from]lockedmove\n|-damage|p2a: Wellcheers|35\/100 par\n|-damage|p1a: Zygarde|6\/100 tox|[from] item: Rocky Helmet|[of] p2a: Wellcheers\n|move|p2a: Wellcheers|Spore||[still]\n|-fail|p2a: Wellcheers\n|\n|-damage|p1a: Zygarde|0 fnt|[from] psn\n|faint|p1a: Zygarde\n|-fieldend|Misty Terrain\n|upkeep\n|\n|t:|1699809428\n|switch|p1a: Magikarp|Magikarp, F|41\/100 tox\n|-damage|p1a: Magikarp|16\/100 tox|[from] Spikes\n|turn|28\n|\n|t:|1699809431\n|switch|p2a: Ebony Stem|Venusaur-Mega, M|100\/100\n|move|p1a: Magikarp|Flail|p2a: Ebony Stem\n|-damage|p2a: Ebony Stem|97\/100\n|\n|-damage|p1a: Magikarp|10\/100 tox|[from] psn\n|upkeep\n|turn|29\n|\n|t:|1699809433\n|move|p1a: Magikarp|Flail|p2a: Ebony Stem\n|-damage|p2a: Ebony Stem|91\/100\n|move|p2a: Ebony Stem|Synthesis|p2a: Ebony Stem\n|-heal|p2a: Ebony Stem|100\/100\n|\n|-damage|p1a: Magikarp|0 fnt|[from] psn\n|faint|p1a: Magikarp\n|\n|win|pex hater\n|upkeep\n|c|\u2606pex hater|gg\n|c|\u2606predator30|gg..\n","uploadtime":1699809441,"views":49,"p1id":"predator30","p2id":"pexhater","formatid":"gen9nationaldexubers","rating":0,"private":0,"password":""}