{"id":"gen9nationaldexubers-1983679164","p1":"deleter191","p2":"fv8hd","format":"[Gen 9] National Dex Ubers","log":"|j|\u2606deleter191\n|j|\u2606fv8hd\n|t:|1699159510\n|gametype|singles\n|player|p1|deleter191|giovanni|\n|player|p2|fv8hd|karen|\n|teamsize|p1|6\n|teamsize|p2|6\n|gen|9\n|tier|[Gen 9] National Dex Ubers\n|rule|HP Percentage Mod: HP is shown in percentages\n|rule|Endless Battle Clause: Forcing endless battles is banned\n|rule|OHKO Clause: OHKO moves are banned\n|rule|Evasion Moves Clause: Evasion moves are banned\n|rule|Evasion Items Clause: Evasion items are banned\n|rule|Species Clause: Limit one of each Pok\u00e9mon\n|rule|Sleep Clause Mod: Limit one foe put to sleep\n|rule|Mega Rayquaza Clause: You cannot mega evolve Rayquaza\n|clearpoke\n|poke|p1|Serperior, F|\n|poke|p1|Haxorus, F|\n|poke|p1|Gigalith, F|\n|poke|p1|Victini|\n|poke|p1|Genesect-Douse|\n|poke|p1|Zoroark-Hisui, M|\n|poke|p2|Toxapex, F|\n|poke|p2|Drampa, M|\n|poke|p2|Kommo-o, F|\n|poke|p2|Incineroar, F|\n|poke|p2|Necrozma|\n|poke|p2|Minior-Indigo|\n|teampreview\n|j| Jayrox41\n|j| mvjr1113\n|\n|t:|1699159534\n|start\n|switch|p1a: Sweeper|Serperior, F|100\/100\n|switch|p2a: Detroit Citizen|Necrozma|100\/100\n|turn|1\n|\n|t:|1699159543\n|move|p1a: Sweeper|Trick|p2a: Detroit Citizen\n|-activate|p1a: Sweeper|move: Trick|[of] p2a: Detroit Citizen\n|-item|p2a: Detroit Citizen|Choice Specs|[from] move: Trick\n|-item|p1a: Sweeper|Weakness Policy|[from] move: Trick\n|move|p2a: Detroit Citizen|Autotomize|p2a: Detroit Citizen\n|-boost|p2a: Detroit Citizen|spe|2\n|-start|p2a: Detroit Citizen|Autotomize\n|\n|upkeep\n|turn|2\n|\n|t:|1699159556\n|switch|p2a: Special Needs|Drampa, M, shiny|100\/100\n|move|p1a: Sweeper|Shadow Ball|p2a: Special Needs\n|-immune|p2a: Special Needs\n|\n|upkeep\n|turn|3\n|\n|t:|1699159571\n|-terastallize|p2a: Special Needs|Water\n|move|p1a: Sweeper|Grass Knot|p2a: Special Needs\n|-ability|p2a: Special Needs|Sap Sipper|boost\n|-boost|p2a: Special Needs|atk|1\n|move|p2a: Special Needs|Calm Mind|p2a: Special Needs\n|-boost|p2a: Special Needs|spa|1\n|-boost|p2a: Special Needs|spd|1\n|\n|upkeep\n|turn|4\n|\n|t:|1699159584\n|move|p1a: Sweeper|Flamethrower|p2a: Special Needs\n|-resisted|p2a: Special Needs\n|-damage|p2a: Special Needs|90\/100\n|move|p2a: Special Needs|Calm Mind|p2a: Special Needs\n|-boost|p2a: Special Needs|spa|1\n|-boost|p2a: Special Needs|spd|1\n|\n|-heal|p2a: Special Needs|96\/100|[from] item: Leftovers\n|upkeep\n|turn|5\n|\n|t:|1699159647\n|switch|p1a: Vic-Tiny|Victini|100\/100\n|move|p2a: Special Needs|Calm Mind|p2a: Special Needs\n|-boost|p2a: Special Needs|spa|1\n|-boost|p2a: Special Needs|spd|1\n|\n|-heal|p2a: Special Needs|100\/100|[from] item: Leftovers\n|upkeep\n|turn|6\n|\n|t:|1699159659\n|move|p1a: Vic-Tiny|Bolt Strike|p2a: Special Needs\n|-supereffective|p2a: Special Needs\n|-damage|p2a: Special Needs|14\/100\n|move|p2a: Special Needs|Surf|p1a: Vic-Tiny\n|-supereffective|p1a: Vic-Tiny\n|-crit|p1a: Vic-Tiny\n|-damage|p1a: Vic-Tiny|0 fnt\n|faint|p1a: Vic-Tiny\n|\n|-heal|p2a: Special Needs|20\/100|[from] item: Leftovers\n|upkeep\n|\n|t:|1699159680\n|switch|p1a: Dr. couitler|Genesect-Douse, shiny|100\/100\n|-ability|p1a: Dr. couitler|Download|boost\n|-boost|p1a: Dr. couitler|atk|1\n|turn|7\n|\n|t:|1699159693\n|move|p1a: Dr. couitler|U-turn|p2a: Special Needs\n|-damage|p2a: Special Needs|0 fnt\n|faint|p2a: Special Needs\n|\n|t:|1699159702\n|switch|p1a: Giga-balls|Gigalith, F|100\/100|[from] U-turn\n|-weather|Sandstorm|[from] ability: Sand Stream|[of] p1a: Giga-balls\n|\n|-weather|Sandstorm|[upkeep]\n|upkeep\n|\n|t:|1699159714\n|switch|p2a: Detroit Citizen|Necrozma|100\/100\n|turn|8\n|\n|t:|1699159718\n|move|p2a: Detroit Citizen|Photon Geyser|p1a: Giga-balls\n|-damage|p1a: Giga-balls|59\/100\n|move|p1a: Giga-balls|Stealth Rock|p2a: Detroit Citizen\n|-sidestart|p2: fv8hd|move: Stealth Rock\n|\n|-weather|Sandstorm|[upkeep]\n|-damage|p2a: Detroit Citizen|94\/100|[from] Sandstorm\n|-heal|p1a: Giga-balls|65\/100|[from] item: Leftovers\n|upkeep\n|turn|9\n|\n|t:|1699159729\n|move|p2a: Detroit Citizen|Photon Geyser|p1a: Giga-balls\n|-damage|p1a: Giga-balls|20\/100\n|move|p1a: Giga-balls|Rock Blast|p2a: Detroit Citizen\n|-damage|p2a: Detroit Citizen|85\/100\n|-damage|p2a: Detroit Citizen|76\/100\n|-damage|p2a: Detroit Citizen|66\/100\n|-hitcount|p2a: Detroit Citizen|3\n|\n|-weather|Sandstorm|[upkeep]\n|-damage|p2a: Detroit Citizen|60\/100|[from] Sandstorm\n|-heal|p1a: Giga-balls|26\/100|[from] item: Leftovers\n|upkeep\n|turn|10\n|\n|t:|1699159741\n|move|p1a: Giga-balls|Protect|p1a: Giga-balls\n|-singleturn|p1a: Giga-balls|Protect\n|move|p2a: Detroit Citizen|Photon Geyser|p1a: Giga-balls\n|-activate|p1a: Giga-balls|move: Protect\n|\n|-weather|Sandstorm|[upkeep]\n|-damage|p2a: Detroit Citizen|54\/100|[from] Sandstorm\n|-heal|p1a: Giga-balls|32\/100|[from] item: Leftovers\n|upkeep\n|turn|11\n|\n|t:|1699159757\n|move|p2a: Detroit Citizen|Photon Geyser|p1a: Giga-balls\n|-damage|p1a: Giga-balls|0 fnt\n|faint|p1a: Giga-balls\n|\n|-weather|none\n|upkeep\n|\n|t:|1699159771\n|switch|p1a: Sweeper|Serperior, F|100\/100\n|turn|12\n|\n|t:|1699159777\n|move|p1a: Sweeper|Shadow Ball|p2a: Detroit Citizen\n|-supereffective|p2a: Detroit Citizen\n|-damage|p2a: Detroit Citizen|0 fnt\n|faint|p2a: Detroit Citizen\n|\n|upkeep\n|\n|t:|1699159783\n|switch|p2a: Fucking Furry|Incineroar, F|100\/100\n|-damage|p2a: Fucking Furry|76\/100|[from] Stealth Rock\n|-ability|p2a: Fucking Furry|Intimidate|boost\n|-unboost|p1a: Sweeper|atk|1\n|turn|13\n|\n|t:|1699159794\n|move|p1a: Sweeper|Shadow Ball|p2a: Fucking Furry\n|-resisted|p2a: Fucking Furry\n|-damage|p2a: Fucking Furry|57\/100\n|move|p2a: Fucking Furry|Flare Blitz|p1a: Sweeper\n|-damage|p1a: Sweeper|0 fnt\n|replace|p1a: Not Zoroark|Zoroark-Hisui, M\n|-end|p1a: Not Zoroark|Illusion\n|faint|p1a: Not Zoroark\n|-damage|p2a: Fucking Furry|36\/100|[from] Recoil\n|\n|upkeep\n|\n|t:|1699159808\n|switch|p1a: MeinKraft Killer|Haxorus, F|100\/100\n|-ability|p1a: MeinKraft Killer|Mold Breaker\n|turn|14\n|\n|t:|1699159822\n|move|p1a: MeinKraft Killer|Swords Dance|p1a: MeinKraft Killer\n|-boost|p1a: MeinKraft Killer|atk|2\n|move|p2a: Fucking Furry|Parting Shot|p1a: MeinKraft Killer\n|-unboost|p1a: MeinKraft Killer|atk|1\n|-unboost|p1a: MeinKraft Killer|spa|1\n|\n|t:|1699159849\n|switch|p2a: Active Kidnapper|Toxapex, F, shiny|100\/100|[from] Parting Shot\n|-damage|p2a: Active Kidnapper|88\/100|[from] Stealth Rock\n|\n|-heal|p2a: Active Kidnapper|94\/100|[from] item: Black Sludge\n|upkeep\n|turn|15\n|\n|t:|1699159858\n|move|p1a: MeinKraft Killer|Earthquake|p2a: Active Kidnapper\n|-supereffective|p2a: Active Kidnapper\n|-crit|p2a: Active Kidnapper\n|-damage|p2a: Active Kidnapper|0 fnt\n|faint|p2a: Active Kidnapper\n|-damage|p1a: MeinKraft Killer|91\/100|[from] item: Life Orb\n|\n|upkeep\n|\n|t:|1699159864\n|switch|p2a: Fucking Furry|Incineroar, F|36\/100\n|-damage|p2a: Fucking Furry|11\/100|[from] Stealth Rock\n|-ability|p2a: Fucking Furry|Intimidate|boost\n|-unboost|p1a: MeinKraft Killer|atk|1\n|turn|16\n|\n|t:|1699159875\n|move|p1a: MeinKraft Killer|Earthquake|p2a: Fucking Furry\n|-supereffective|p2a: Fucking Furry\n|-damage|p2a: Fucking Furry|0 fnt\n|faint|p2a: Fucking Furry\n|-damage|p1a: MeinKraft Killer|81\/100|[from] item: Life Orb\n|\n|upkeep\n|\n|t:|1699159904\n|switch|p2a: Lasagna|Minior-Indigo|100\/100\n|-damage|p2a: Lasagna|75\/100|[from] Stealth Rock\n|-formechange|p2a: Lasagna|Minior-Meteor||[from] ability: Shields Down\n|turn|17\n|\n|t:|1699159927\n|move|p1a: MeinKraft Killer|Swords Dance|p1a: MeinKraft Killer\n|-boost|p1a: MeinKraft Killer|atk|2\n|move|p2a: Lasagna|Shell Smash|p2a: Lasagna\n|-unboost|p2a: Lasagna|def|1\n|-unboost|p2a: Lasagna|spd|1\n|-boost|p2a: Lasagna|atk|2\n|-boost|p2a: Lasagna|spa|2\n|-boost|p2a: Lasagna|spe|2\n|-enditem|p2a: Lasagna|White Herb\n|-clearnegativeboost|p2a: Lasagna|[silent]\n|\n|upkeep\n|turn|18\n|\n|t:|1699159946\n|move|p2a: Lasagna|Acrobatics|p1a: MeinKraft Killer\n|-damage|p1a: MeinKraft Killer|0 fnt\n|faint|p1a: MeinKraft Killer\n|\n|upkeep\n|\n|t:|1699159951\n|switch|p1a: Dr. couitler|Genesect-Douse, shiny|100\/100\n|-ability|p1a: Dr. couitler|Download|boost\n|-boost|p1a: Dr. couitler|spa|1\n|turn|19\n|\n|t:|1699159987\n|move|p1a: Dr. couitler|Techno Blast|p2a: Lasagna\n|-supereffective|p2a: Lasagna\n|-damage|p2a: Lasagna|0 fnt\n|faint|p2a: Lasagna\n|\n|upkeep\n|\n|t:|1699159990\n|switch|p2a: Shingles|Kommo-o, F, shiny|100\/100\n|-damage|p2a: Shingles|94\/100|[from] Stealth Rock\n|turn|20\n|\n|t:|1699159999\n|move|p1a: Dr. couitler|Shift Gear|p1a: Dr. couitler\n|-boost|p1a: Dr. couitler|spe|2\n|-boost|p1a: Dr. couitler|atk|1\n|move|p2a: Shingles|Clangorous Soul|p2a: Shingles\n|-boost|p2a: Shingles|atk|1\n|-boost|p2a: Shingles|def|1\n|-boost|p2a: Shingles|spa|1\n|-boost|p2a: Shingles|spd|1\n|-boost|p2a: Shingles|spe|1\n|-damage|p2a: Shingles|62\/100\n|-enditem|p2a: Shingles|Throat Spray\n|-boost|p2a: Shingles|spa|1|[from] item: Throat Spray\n|\n|upkeep\n|turn|21\n|\n|t:|1699160017\n|move|p1a: Dr. couitler|Techno Blast|p2a: Shingles\n|-resisted|p2a: Shingles\n|-damage|p2a: Shingles|44\/100\n|move|p2a: Shingles|Drain Punch|p1a: Dr. couitler\n|-damage|p1a: Dr. couitler|40\/100\n|-heal|p2a: Shingles|68\/100|[from] drain|[of] p1a: Dr. couitler\n|\n|upkeep\n|turn|22\n|\n|t:|1699160031\n|move|p1a: Dr. couitler|U-turn|p2a: Shingles\n|-resisted|p2a: Shingles\n|-damage|p2a: Shingles|54\/100\n|\n|t:|1699160034\n|switch|p1a: Sweeper|Serperior, F|100\/100|[from] U-turn\n|move|p2a: Shingles|Drain Punch|p1a: Sweeper\n|-crit|p1a: Sweeper\n|-damage|p1a: Sweeper|32\/100\n|-heal|p2a: Shingles|84\/100|[from] drain|[of] p1a: Sweeper\n|\n|-heal|p1a: Sweeper|38\/100|[from] item: Leftovers\n|upkeep\n|turn|23\n|\n|t:|1699160050\n|-terastallize|p1a: Sweeper|Grass\n|move|p2a: Shingles|Drain Punch|p1a: Sweeper\n|-damage|p1a: Sweeper|0 fnt\n|-heal|p2a: Shingles|99\/100|[from] drain|[of] p1a: Sweeper\n|faint|p1a: Sweeper\n|\n|upkeep\n|\n|t:|1699160057\n|switch|p1a: Dr. couitler|Genesect-Douse, shiny|40\/100\n|-ability|p1a: Dr. couitler|Download|boost\n|-boost|p1a: Dr. couitler|spa|1\n|turn|24\n|\n|t:|1699160073\n|move|p2a: Shingles|Drain Punch|p1a: Dr. couitler\n|-damage|p1a: Dr. couitler|0 fnt\n|-heal|p2a: Shingles|100\/100|[from] drain|[of] p1a: Dr. couitler\n|faint|p1a: Dr. couitler\n|\n|win|fv8hd\n|l|\u2606fv8hd\n|l|\u2606deleter191\n|j|\u2606deleter191\n|player|p1|deleter191|giovanni\n","uploadtime":1699160110,"views":6,"p1id":"deleter191","p2id":"fv8hd","formatid":"gen9nationaldexubers","rating":0,"private":0,"password":""}