{"id":"gen9nationaldexubers-1996383455","p1":"Nyzari","p2":"85792195wwww","format":"[Gen 9] National Dex Ubers","log":"|j|\u2606Nyzari\n|j|\u260685792195wwww\n|t:|1700676829\n|gametype|singles\n|player|p1|Nyzari|riley|1512\n|player|p2|85792195wwww|mira|1698\n|teamsize|p1|6\n|teamsize|p2|6\n|gen|9\n|tier|[Gen 9] National Dex Ubers\n|rated|\n|rule|HP Percentage Mod: HP is shown in percentages\n|rule|Endless Battle Clause: Forcing endless battles is banned\n|rule|OHKO Clause: OHKO moves are banned\n|rule|Evasion Moves Clause: Evasion moves are banned\n|rule|Evasion Items Clause: Evasion items are banned\n|rule|Species Clause: Limit one of each Pok\u00e9mon\n|rule|Sleep Clause Mod: Limit one foe put to sleep\n|rule|Mega Rayquaza Clause: You cannot mega evolve Rayquaza\n|clearpoke\n|poke|p1|Groudon|\n|poke|p1|Zamazenta-*|\n|poke|p1|Kyogre|\n|poke|p1|Murkrow, F|\n|poke|p1|Xerneas-*|\n|poke|p1|Avalugg, F|\n|poke|p2|Arceus|\n|poke|p2|Rayquaza|\n|poke|p2|Xerneas-*|\n|poke|p2|Kyurem-White|\n|poke|p2|Groudon|\n|poke|p2|Krookodile, F|\n|teampreview\n|\n|t:|1700676836\n|start\n|switch|p1a: Groudon|Groudon|100\/100\n|switch|p2a: Kyurem|Kyurem-White|100\/100\n|-ability|p2a: Kyurem|Turboblaze\n|detailschange|p1a: Groudon|Groudon-Primal\n|-primal|p1a: Groudon|Red Orb\n|-weather|DesolateLand|[from] ability: Desolate Land|[of] p1a: Groudon\n|turn|1\n|\n|t:|1700676847\n|move|p2a: Kyurem|Ice Beam|p1a: Groudon\n|-damage|p1a: Groudon|36\/100\n|-damage|p2a: Kyurem|91\/100|[from] item: Life Orb\n|move|p1a: Groudon|Stealth Rock|p2a: Kyurem\n|-sidestart|p2: 85792195wwww|move: Stealth Rock\n|\n|-weather|DesolateLand|[upkeep]\n|upkeep\n|turn|2\n|\n|t:|1700676854\n|-weather|none\n|switch|p1a: Kyogre|Kyogre|100\/100\n|-weather|RainDance|[from] ability: Drizzle|[of] p1a: Kyogre\n|move|p2a: Kyurem|Ice Beam|p1a: Kyogre\n|-resisted|p1a: Kyogre\n|-damage|p1a: Kyogre|74\/100\n|-damage|p2a: Kyurem|81\/100|[from] item: Life Orb\n|\n|-weather|RainDance|[upkeep]\n|upkeep\n|turn|3\n|\n|t:|1700676866\n|move|p2a: Kyurem|Freeze-Dry|p1a: Kyogre\n|-supereffective|p1a: Kyogre\n|-damage|p1a: Kyogre|0 fnt\n|faint|p1a: Kyogre\n|-damage|p2a: Kyurem|71\/100|[from] item: Life Orb\n|\n|-weather|RainDance|[upkeep]\n|upkeep\n|\n|t:|1700676886\n|switch|p1a: Murkrow|Murkrow, F|100\/100\n|turn|4\n|\n|t:|1700676893\n|move|p2a: Kyurem|Ice Beam|p1a: Murkrow\n|-supereffective|p1a: Murkrow\n|-enditem|p1a: Murkrow|Focus Sash\n|-damage|p1a: Murkrow|1\/100\n|-status|p1a: Murkrow|frz\n|-damage|p2a: Kyurem|61\/100|[from] item: Life Orb\n|-curestatus|p1a: Murkrow|frz|[msg]\n|move|p1a: Murkrow|Foul Play|p2a: Kyurem\n|-damage|p2a: Kyurem|33\/100\n|\n|-weather|RainDance|[upkeep]\n|upkeep\n|turn|5\n|\n|t:|1700676905\n|move|p1a: Murkrow|Tailwind|p1a: Murkrow\n|-sidestart|p1: Nyzari|move: Tailwind\n|move|p2a: Kyurem|Ice Beam|p1a: Murkrow\n|-supereffective|p1a: Murkrow\n|-damage|p1a: Murkrow|0 fnt\n|faint|p1a: Murkrow\n|-damage|p2a: Kyurem|23\/100|[from] item: Life Orb\n|\n|-weather|RainDance|[upkeep]\n|upkeep\n|\n|t:|1700676914\n|switch|p1a: Xerneas|Xerneas|100\/100\n|-ability|p1a: Xerneas|Fairy Aura\n|turn|6\n|\n|t:|1700676919\n|move|p1a: Xerneas|Geomancy||[still]\n|-prepare|p1a: Xerneas|Geomancy\n|-enditem|p1a: Xerneas|Power Herb\n|-anim|p1a: Xerneas|Geomancy|p1a: Xerneas\n|-boost|p1a: Xerneas|spa|2\n|-boost|p1a: Xerneas|spd|2\n|-boost|p1a: Xerneas|spe|2\n|move|p2a: Kyurem|Ice Beam|p1a: Xerneas\n|-damage|p1a: Xerneas|70\/100\n|-damage|p2a: Kyurem|13\/100|[from] item: Life Orb\n|\n|-weather|none\n|upkeep\n|turn|7\n|\n|t:|1700676931\n|move|p1a: Xerneas|Geomancy||[still]\n|-prepare|p1a: Xerneas|Geomancy\n|move|p2a: Kyurem|Ice Beam|p1a: Xerneas\n|-crit|p1a: Xerneas\n|-damage|p1a: Xerneas|0 fnt\n|faint|p1a: Xerneas\n|-damage|p2a: Kyurem|3\/100|[from] item: Life Orb\n|\n|upkeep\n|-message|Nyzari forfeited.\n|\n|win|85792195wwww\n|raw|Nyzari's rating: 1512 &rarr; <strong>1502<\/strong><br \/>(-10 for losing)\n|raw|85792195wwww's rating: 1698 &rarr; <strong>1708<\/strong><br \/>(+10 for winning)\n|l|\u2606Nyzari\n","uploadtime":1700676942,"views":1,"p1id":"nyzari","p2id":"85792195wwww","formatid":"gen9nationaldexubers","rating":1502,"private":0,"password":""}