{"id":"gen9nationaldexubers-1990231639","p1":"Sly Killdex 2","p2":"RositaV (TRAINER)","format":"[Gen 9] National Dex Ubers","log":"|j|\u2606Sly Killdex 2\n|j|\u2606RositaV (TRAINER)\n|t:|1699941290\n|gametype|singles\n|player|p1|Sly Killdex 2|volkner|1077\n|player|p2|RositaV (TRAINER)|rosa|1023\n|teamsize|p1|6\n|teamsize|p2|6\n|gen|9\n|tier|[Gen 9] National Dex Ubers\n|rated|\n|rule|HP Percentage Mod: HP is shown in percentages\n|rule|Endless Battle Clause: Forcing endless battles is banned\n|rule|OHKO Clause: OHKO moves are banned\n|rule|Evasion Moves Clause: Evasion moves are banned\n|rule|Evasion Items Clause: Evasion items are banned\n|rule|Species Clause: Limit one of each Pok\u00e9mon\n|rule|Sleep Clause Mod: Limit one foe put to sleep\n|rule|Mega Rayquaza Clause: You cannot mega evolve Rayquaza\n|clearpoke\n|poke|p1|Silvally-*|\n|poke|p1|Torracat, M|\n|poke|p1|Rowlet, M|\n|poke|p1|Zygarde|\n|poke|p1|Avalugg, M|\n|poke|p1|Yveltal|\n|poke|p2|Dragapult, M|\n|poke|p2|Ceruledge, M|\n|poke|p2|Gengar, M|\n|poke|p2|Mimikyu, M|\n|poke|p2|Annihilape, F|\n|poke|p2|Gholdengo|\n|teampreview\n|\n|t:|1699941304\n|start\n|switch|p1a: Yveltal|Yveltal|100\/100\n|switch|p2a: Mimikyu|Mimikyu, M, shiny|100\/100\n|-ability|p1a: Yveltal|Dark Aura\n|turn|1\n|\n|t:|1699941313\n|switch|p1a: Avalugg|Avalugg, M|100\/100\n|move|p2a: Mimikyu|Swords Dance|p2a: Mimikyu\n|-boost|p2a: Mimikyu|atk|2\n|\n|upkeep\n|turn|2\n|\n|t:|1699941327\n|move|p2a: Mimikyu|Swords Dance|p2a: Mimikyu\n|-boost|p2a: Mimikyu|atk|2\n|move|p1a: Avalugg|Avalanche|p2a: Mimikyu\n|-activate|p2a: Mimikyu|ability: Disguise\n|-damage|p2a: Mimikyu|100\/100\n|detailschange|p2a: Mimikyu|Mimikyu-Busted, M, shiny\n|-damage|p2a: Mimikyu|88\/100|[from] pokemon: Mimikyu-Busted\n|\n|upkeep\n|turn|3\n|\n|t:|1699941339\n|move|p2a: Mimikyu|Drain Punch|p1a: Avalugg\n|-supereffective|p1a: Avalugg\n|-damage|p1a: Avalugg|51\/100\n|-heal|p2a: Mimikyu|100\/100|[from] drain|[of] p1a: Avalugg\n|move|p1a: Avalugg|Avalanche|p2a: Mimikyu\n|-damage|p2a: Mimikyu|40\/100\n|\n|upkeep\n|turn|4\n|\n|t:|1699941348\n|-terastallize|p1a: Avalugg|Fighting\n|move|p2a: Mimikyu|Drain Punch|p1a: Avalugg\n|-damage|p1a: Avalugg|29\/100\n|-heal|p2a: Mimikyu|54\/100|[from] drain|[of] p1a: Avalugg\n|move|p1a: Avalugg|Avalanche|p2a: Mimikyu\n|-damage|p2a: Mimikyu|0 fnt\n|faint|p2a: Mimikyu\n|\n|upkeep\n|\n|t:|1699941377\n|switch|p2a: Ceruledge|Ceruledge, M, shiny|100\/100\n|turn|5\n|\n|t:|1699941380\n|move|p2a: Ceruledge|Bitter Blade|p1a: Avalugg\n|-damage|p1a: Avalugg|7\/100\n|-damage|p2a: Ceruledge|91\/100|[from] item: Life Orb\n|move|p1a: Avalugg|Recover|p1a: Avalugg\n|-heal|p1a: Avalugg|57\/100\n|\n|upkeep\n|turn|6\n|\n|t:|1699941392\n|switch|p1a: Torracat|Torracat, M|100\/100\n|-ability|p1a: Torracat|Intimidate|boost\n|-unboost|p2a: Ceruledge|atk|1\n|move|p2a: Ceruledge|Close Combat|p1a: Torracat\n|-damage|p1a: Torracat|62\/100\n|-unboost|p2a: Ceruledge|def|1\n|-unboost|p2a: Ceruledge|spd|1\n|-damage|p2a: Ceruledge|81\/100|[from] item: Life Orb\n|\n|upkeep\n|turn|7\n|\n|t:|1699941403\n|move|p2a: Ceruledge|Swords Dance|p2a: Ceruledge\n|-boost|p2a: Ceruledge|atk|2\n|move|p1a: Torracat|Parting Shot|p2a: Ceruledge\n|-unboost|p2a: Ceruledge|atk|1\n|-unboost|p2a: Ceruledge|spa|1\n|\n|t:|1699941407\n|switch|p1a: Zygarde|Zygarde|100\/100|[from] Parting Shot\n|-ability|p1a: Zygarde|Aura Break\n|\n|upkeep\n|turn|8\n|\n|t:|1699941422\n|move|p1a: Zygarde|Thousand Arrows|p2a: Ceruledge\n|-supereffective|p2a: Ceruledge\n|-damage|p2a: Ceruledge|0 fnt\n|faint|p2a: Ceruledge\n|\n|upkeep\n|\n|t:|1699941432\n|switch|p2a: Gengar|Gengar, M, shiny|100\/100\n|turn|9\n|\n|t:|1699941439\n|switch|p1a: Yveltal|Yveltal|100\/100\n|-ability|p1a: Yveltal|Dark Aura\n|move|p2a: Gengar|Dazzling Gleam|p1a: Yveltal\n|-supereffective|p1a: Yveltal\n|-damage|p1a: Yveltal|58\/100\n|\n|upkeep\n|turn|10\n|\n|t:|1699941448\n|move|p2a: Gengar|Dazzling Gleam|p1a: Yveltal\n|-supereffective|p1a: Yveltal\n|-damage|p1a: Yveltal|14\/100\n|move|p1a: Yveltal|Roost|p1a: Yveltal\n|-heal|p1a: Yveltal|64\/100\n|-singleturn|p1a: Yveltal|move: Roost\n|\n|upkeep\n|turn|11\n|\n|t:|1699941457\n|move|p2a: Gengar|Dazzling Gleam|p1a: Yveltal\n|-supereffective|p1a: Yveltal\n|-damage|p1a: Yveltal|20\/100\n|move|p1a: Yveltal|Dark Pulse|p2a: Gengar\n|-supereffective|p2a: Gengar\n|-enditem|p2a: Gengar|Focus Sash\n|-damage|p2a: Gengar|1\/100\n|\n|upkeep\n|turn|12\n|\n|t:|1699941466\n|move|p2a: Gengar|Dazzling Gleam|p1a: Yveltal\n|-supereffective|p1a: Yveltal\n|-damage|p1a: Yveltal|0 fnt\n|faint|p1a: Yveltal\n|\n|upkeep\n|\n|t:|1699941470\n|switch|p1a: Rowlet|Rowlet, M|100\/100\n|turn|13\n|\n|t:|1699941478\n|move|p2a: Gengar|Sludge Bomb|p1a: Rowlet\n|-supereffective|p1a: Rowlet\n|-damage|p1a: Rowlet|0 fnt\n|faint|p1a: Rowlet\n|\n|upkeep\n|\n|t:|1699941482\n|switch|p1a: Torracat|Torracat, M|62\/100\n|-ability|p1a: Torracat|Intimidate|boost\n|-unboost|p2a: Gengar|atk|1\n|turn|14\n|\n|t:|1699941491\n|move|p2a: Gengar|Shadow Ball|p1a: Torracat\n|-damage|p1a: Torracat|9\/100\n|move|p1a: Torracat|Flare Blitz|p2a: Gengar\n|-damage|p2a: Gengar|0 fnt\n|faint|p2a: Gengar\n|-damage|p1a: Torracat|9\/100|[from] Recoil\n|\n|upkeep\n|\n|t:|1699941502\n|switch|p2a: Dragapult|Dragapult, M, shiny|100\/100\n|turn|15\n|\n|t:|1699941530\n|move|p2a: Dragapult|U-turn|p1a: Torracat\n|-resisted|p1a: Torracat\n|-damage|p1a: Torracat|0 fnt\n|faint|p1a: Torracat\n|-damage|p2a: Dragapult|91\/100|[from] item: Life Orb\n|\n|t:|1699941537\n|switch|p2a: Annihilape|Annihilape, F, shiny|100\/100|[from] U-turn\n|\n|upkeep\n|\n|t:|1699941545\n|switch|p1a: Zygarde|Zygarde|100\/100\n|-ability|p1a: Zygarde|Aura Break\n|turn|16\n|\n|t:|1699941556\n|move|p1a: Zygarde|Outrage|p2a: Annihilape\n|-damage|p2a: Annihilape|7\/100\n|move|p2a: Annihilape|Bulk Up|p2a: Annihilape\n|-boost|p2a: Annihilape|atk|1\n|-boost|p2a: Annihilape|def|1\n|\n|-heal|p2a: Annihilape|13\/100|[from] item: Leftovers\n|upkeep\n|turn|17\n|\n|t:|1699941571\n|move|p1a: Zygarde|Outrage|p2a: Annihilape|[from]lockedmove\n|-damage|p2a: Annihilape|0 fnt\n|faint|p2a: Annihilape\n|\n|upkeep\n|\n|t:|1699941577\n|switch|p2a: Dragapult|Dragapult, M, shiny|91\/100\n|turn|18\n|\n|t:|1699941585\n|-terastallize|p2a: Dragapult|Ghost\n|move|p2a: Dragapult|Dragon Darts|p1a: Zygarde\n|-supereffective|p1a: Zygarde\n|-damage|p1a: Zygarde|45\/100\n|-anim|p2a: Dragapult|Dragon Darts|p1a: Zygarde\n|-supereffective|p1a: Zygarde\n|-damage|p1a: Zygarde|0 fnt\n|faint|p1a: Zygarde\n|-damage|p2a: Dragapult|81\/100|[from] item: Life Orb\n|\n|upkeep\n|\n|t:|1699941593\n|switch|p1a: Avalugg|Avalugg, M, tera:Fighting|57\/100\n|turn|19\n|\n|t:|1699941605\n|move|p2a: Dragapult|Tera Blast|p1a: Avalugg|[anim] Tera Blast Ghost\n|-damage|p1a: Avalugg|26\/100\n|-damage|p2a: Dragapult|71\/100|[from] item: Life Orb\n|move|p1a: Avalugg|Avalanche|p2a: Dragapult\n|-damage|p2a: Dragapult|7\/100\n|\n|upkeep\n|turn|20\n|\n|t:|1699941617\n|move|p2a: Dragapult|Dragon Darts|p1a: Avalugg\n|-damage|p1a: Avalugg|12\/100\n|-anim|p2a: Dragapult|Dragon Darts|p1a: Avalugg\n|-damage|p1a: Avalugg|0 fnt\n|faint|p1a: Avalugg\n|-damage|p2a: Dragapult|0 fnt|[from] item: Life Orb\n|faint|p2a: Dragapult\n|\n|upkeep\n|\n|t:|1699941627\n|switch|p2a: Gholdengo|Gholdengo|100\/100\n|switch|p1a: Silvally|Silvally-Fighting|100\/100\n|turn|21\n|\n|t:|1699941641\n|move|p1a: Silvally|Swords Dance|p1a: Silvally\n|-boost|p1a: Silvally|atk|2\n|move|p2a: Gholdengo|Focus Blast|p1a: Silvally\n|-damage|p1a: Silvally|57\/100\n|\n|upkeep\n|turn|22\n|\n|t:|1699941649\n|move|p1a: Silvally|Flame Charge|p2a: Gholdengo\n|-supereffective|p2a: Gholdengo\n|-damage|p2a: Gholdengo|34\/100\n|-boost|p1a: Silvally|spe|1\n|move|p2a: Gholdengo|Focus Blast|p1a: Silvally\n|-damage|p1a: Silvally|12\/100\n|\n|upkeep\n|turn|23\n|\n|t:|1699941661\n|move|p1a: Silvally|Flame Charge|p2a: Gholdengo\n|-supereffective|p2a: Gholdengo\n|-damage|p2a: Gholdengo|0 fnt\n|-boost|p1a: Silvally|spe|1\n|faint|p2a: Gholdengo\n|\n|win|Sly Killdex 2\n|raw|Sly Killdex 2's rating: 1077 &rarr; <strong>1101<\/strong><br \/>(+24 for winning)\n|raw|RositaV (TRAINER)'s rating: 1023 &rarr; <strong>1012<\/strong><br \/>(-11 for losing)\n|l|\u2606RositaV (TRAINER)\n|j|\u2606RositaV (TRAINER)\n|player|p2|RositaV (TRAINER)|rosa\n","uploadtime":1699941703,"views":7,"p1id":"slykilldex2","p2id":"rositavtrainer","formatid":"gen9nationaldexubers","rating":1012,"private":0,"password":""}