{"id":"gen9nationaldexubers-1988125529","p1":"HarmTurtle","p2":"Rio34","format":"[Gen 9] National Dex Ubers","log":"|j|\u2606HarmTurtle\n|j|\u2606Rio34\n|t:|1699672715\n|gametype|singles\n|player|p1|HarmTurtle|carmine-festival|\n|player|p2|Rio34|riley|\n|teamsize|p1|6\n|teamsize|p2|6\n|gen|9\n|tier|[Gen 9] National Dex Ubers\n|rule|HP Percentage Mod: HP is shown in percentages\n|rule|Endless Battle Clause: Forcing endless battles is banned\n|rule|OHKO Clause: OHKO moves are banned\n|rule|Evasion Moves Clause: Evasion moves are banned\n|rule|Evasion Items Clause: Evasion items are banned\n|rule|Species Clause: Limit one of each Pok\u00e9mon\n|rule|Sleep Clause Mod: Limit one foe put to sleep\n|rule|Mega Rayquaza Clause: You cannot mega evolve Rayquaza\n|clearpoke\n|poke|p1|Breloom, F|\n|poke|p1|Gliscor, M|\n|poke|p1|Swampert, M|\n|poke|p1|Gastrodon-East, F|\n|poke|p1|Diggersby, M|\n|poke|p1|Steelix, M|\n|poke|p2|Weavile, F|\n|poke|p2|Umbreon, M|\n|poke|p2|Obstagoon, M|\n|poke|p2|Grimmsnarl, M|\n|poke|p2|Mandibuzz, F|\n|poke|p2|Sneasler, M|\n|teampreview\n|c|\u2606HarmTurtle|gl hf!\n|\n|t:|1699672733\n|start\n|switch|p1a: Steelix|Steelix, M|100\/100\n|switch|p2a: Layla|Weavile, F|100\/100\n|-ability|p2a: Layla|Pressure\n|turn|1\n|\n|t:|1699672743\n|move|p2a: Layla|Fake Out|p1a: Steelix\n|-resisted|p1a: Steelix\n|-damage|p1a: Steelix|97\/100\n|cant|p1a: Steelix|flinch\n|\n|-heal|p1a: Steelix|100\/100|[from] item: Leftovers\n|upkeep\n|turn|2\n|\n|t:|1699672763\n|move|p2a: Layla|Swords Dance|p2a: Layla\n|-boost|p2a: Layla|atk|2\n|move|p1a: Steelix|Stealth Rock|p2a: Layla\n|-sidestart|p2: Rio34|move: Stealth Rock\n|\n|upkeep\n|turn|3\n|\n|t:|1699672770\n|move|p2a: Layla|Swords Dance|p2a: Layla\n|-boost|p2a: Layla|atk|2\n|move|p1a: Steelix|Iron Defense|p1a: Steelix\n|-boost|p1a: Steelix|def|2\n|\n|upkeep\n|turn|4\n|\n|t:|1699672778\n|move|p2a: Layla|Swords Dance|p2a: Layla\n|-boost|p2a: Layla|atk|2\n|move|p1a: Steelix|Body Press|p2a: Layla\n|-supereffective|p2a: Layla\n|-enditem|p2a: Layla|Focus Sash\n|-damage|p2a: Layla|1\/100\n|\n|upkeep\n|turn|5\n|\n|t:|1699672785\n|move|p2a: Layla|Ice Punch|p1a: Steelix\n|-damage|p1a: Steelix|60\/100\n|move|p1a: Steelix|Iron Defense|p1a: Steelix\n|-boost|p1a: Steelix|def|2\n|\n|-heal|p1a: Steelix|66\/100|[from] item: Leftovers\n|upkeep\n|turn|6\n|\n|t:|1699672795\n|move|p2a: Layla|Knock Off|p1a: Steelix\n|-damage|p1a: Steelix|35\/100\n|-enditem|p1a: Steelix|Leftovers|[from] move: Knock Off|[of] p2a: Layla\n|move|p1a: Steelix|Body Press|p2a: Layla\n|-supereffective|p2a: Layla\n|-damage|p2a: Layla|0 fnt\n|faint|p2a: Layla\n|\n|upkeep\n|\n|t:|1699672807\n|switch|p2a: Mandibuzz|Mandibuzz, F|100\/100\n|-damage|p2a: Mandibuzz|75\/100|[from] Stealth Rock\n|turn|7\n|\n|t:|1699672824\n|move|p2a: Mandibuzz|Defog|p1a: Steelix\n|-unboost|p1a: Steelix|evasion|1\n|-sideend|p2: Rio34|Stealth Rock|[from] move: Defog|[of] p2a: Mandibuzz\n|move|p1a: Steelix|Body Press|p2a: Mandibuzz\n|-damage|p2a: Mandibuzz|17\/100\n|\n|-heal|p2a: Mandibuzz|23\/100|[from] item: Leftovers\n|upkeep\n|turn|8\n|\n|t:|1699672837\n|move|p2a: Mandibuzz|Roost|p2a: Mandibuzz\n|-heal|p2a: Mandibuzz|73\/100\n|-singleturn|p2a: Mandibuzz|move: Roost\n|move|p1a: Steelix|Stealth Rock|p2a: Mandibuzz\n|-sidestart|p2: Rio34|move: Stealth Rock\n|\n|-heal|p2a: Mandibuzz|80\/100|[from] item: Leftovers\n|upkeep\n|turn|9\n|\n|t:|1699672846\n|move|p2a: Mandibuzz|Taunt|p1a: Steelix\n|-start|p1a: Steelix|move: Taunt\n|move|p1a: Steelix|Body Press|p2a: Mandibuzz\n|-damage|p2a: Mandibuzz|22\/100\n|\n|-heal|p2a: Mandibuzz|28\/100|[from] item: Leftovers\n|upkeep\n|turn|10\n|\n|t:|1699672853\n|move|p2a: Mandibuzz|Roost|p2a: Mandibuzz\n|-heal|p2a: Mandibuzz|78\/100\n|-singleturn|p2a: Mandibuzz|move: Roost\n|move|p1a: Steelix|Body Press|p2a: Mandibuzz\n|-supereffective|p2a: Mandibuzz\n|-damage|p2a: Mandibuzz|0 fnt\n|faint|p2a: Mandibuzz\n|\n|upkeep\n|\n|t:|1699672869\n|switch|p2a: Sneasler|Sneasler, M, shiny|100\/100\n|-damage|p2a: Sneasler|95\/100|[from] Stealth Rock\n|turn|11\n|\n|t:|1699672884\n|-terastallize|p2a: Sneasler|Dark\n|move|p2a: Sneasler|Close Combat|p1a: Steelix\n|-supereffective|p1a: Steelix\n|-damage|p1a: Steelix|10\/100\n|-unboost|p2a: Sneasler|def|1\n|-unboost|p2a: Sneasler|spd|1\n|move|p1a: Steelix|Body Press|p2a: Sneasler\n|-supereffective|p2a: Sneasler\n|-damage|p2a: Sneasler|0 fnt\n|faint|p2a: Sneasler\n|\n|-end|p1a: Steelix|move: Taunt\n|upkeep\n|\n|t:|1699672907\n|switch|p2a: Obstagoon|Obstagoon, M|100\/100\n|-damage|p2a: Obstagoon|88\/100|[from] Stealth Rock\n|turn|12\n|\n|t:|1699672926\n|move|p2a: Obstagoon|Obstruct|p2a: Obstagoon\n|-singleturn|p2a: Obstagoon|Protect\n|move|p1a: Steelix|Roar|p2a: Obstagoon\n|drag|p2a: Grimmsnarl|Grimmsnarl, M|100\/100\n|-damage|p2a: Grimmsnarl|88\/100|[from] Stealth Rock\n|\n|upkeep\n|turn|13\n|\n|t:|1699672935\n|move|p2a: Grimmsnarl|Darkest Lariat|p1a: Steelix\n|-damage|p1a: Steelix|0 fnt\n|faint|p1a: Steelix\n|\n|upkeep\n|\n|t:|1699672943\n|switch|p1a: Breloom|Breloom, F|100\/100\n|turn|14\n|\n|t:|1699672948\n|-terastallize|p1a: Breloom|Ground\n|move|p1a: Breloom|Spore|p2a: Grimmsnarl\n|-status|p2a: Grimmsnarl|slp|[from] move: Spore\n|cant|p2a: Grimmsnarl|slp\n|\n|upkeep\n|turn|15\n|\n|t:|1699672962\n|move|p1a: Breloom|Bulldoze|p2a: Grimmsnarl\n|-crit|p2a: Grimmsnarl\n|-damage|p2a: Grimmsnarl|2\/100 slp\n|-unboost|p2a: Grimmsnarl|spe|1\n|cant|p2a: Grimmsnarl|slp\n|\n|upkeep\n|turn|16\n|\n|t:|1699672969\n|move|p1a: Breloom|Mach Punch|p2a: Grimmsnarl\n|-damage|p2a: Grimmsnarl|0 fnt\n|faint|p2a: Grimmsnarl\n|\n|upkeep\n|\n|t:|1699672973\n|switch|p2a: Obstagoon|Obstagoon, M|88\/100\n|-damage|p2a: Obstagoon|76\/100|[from] Stealth Rock\n|turn|17\n|\n|t:|1699672981\n|move|p2a: Obstagoon|Obstruct|p2a: Obstagoon\n|-singleturn|p2a: Obstagoon|Protect\n|move|p1a: Breloom|Spore|p2a: Obstagoon\n|-status|p2a: Obstagoon|slp|[from] move: Spore\n|\n|upkeep\n|turn|18\n|\n|t:|1699673007\n|move|p1a: Breloom|Mach Punch|p2a: Obstagoon\n|-supereffective|p2a: Obstagoon\n|-damage|p2a: Obstagoon|0 fnt\n|faint|p2a: Obstagoon\n|\n|upkeep\n|\n|t:|1699673015\n|switch|p2a: Umbreon|Umbreon, M, shiny|100\/100\n|-damage|p2a: Umbreon|88\/100|[from] Stealth Rock\n|turn|19\n|\n|t:|1699673027\n|move|p1a: Breloom|Bulldoze|p2a: Umbreon\n|-crit|p2a: Umbreon\n|-damage|p2a: Umbreon|32\/100\n|-unboost|p2a: Umbreon|spe|1\n|move|p2a: Umbreon|Toxic|p1a: Breloom\n|-status|p1a: Breloom|tox\n|\n|-heal|p2a: Umbreon|38\/100|[from] item: Leftovers\n|-damage|p1a: Breloom|94\/100 tox|[from] psn\n|upkeep\n|turn|20\n|\n|t:|1699673037\n|move|p1a: Breloom|Mach Punch|p2a: Umbreon\n|-supereffective|p2a: Umbreon\n|-damage|p2a: Umbreon|0 fnt\n|faint|p2a: Umbreon\n|\n|win|HarmTurtle\n|l|\u2606Rio34\n","uploadtime":1699673049,"views":5,"p1id":"harmturtle","p2id":"rio34","formatid":"gen9nationaldexubers","rating":0,"private":0,"password":""}