{"id":"gen9nationaldexubers-1992468851","p1":"deleter191","p2":"jmmannar27","format":"[Gen 9] National Dex Ubers","log":"|j|\u2606deleter191\n|j|\u2606jmmannar27\n|t:|1700191343\n|gametype|singles\n|player|p1|deleter191|giovanni|\n|player|p2|jmmannar27|biker-gen4|\n|teamsize|p1|6\n|teamsize|p2|6\n|gen|9\n|tier|[Gen 9] National Dex Ubers\n|rule|HP Percentage Mod: HP is shown in percentages\n|rule|Endless Battle Clause: Forcing endless battles is banned\n|rule|OHKO Clause: OHKO moves are banned\n|rule|Evasion Moves Clause: Evasion moves are banned\n|rule|Evasion Items Clause: Evasion items are banned\n|rule|Species Clause: Limit one of each Pok\u00e9mon\n|rule|Sleep Clause Mod: Limit one foe put to sleep\n|rule|Mega Rayquaza Clause: You cannot mega evolve Rayquaza\n|clearpoke\n|poke|p1|Serperior, M|\n|poke|p1|Haxorus, M|\n|poke|p1|Gigalith, M|\n|poke|p1|Victini|\n|poke|p1|Genesect-Shock|\n|poke|p1|Zoroark-Hisui, F|\n|poke|p2|Pawmot, F|\n|poke|p2|Roaring Moon|\n|poke|p2|Ogerpon-Wellspring, F|\n|poke|p2|Garganacl, F|\n|poke|p2|Skeledirge, M|\n|poke|p2|Fezandipiti, M|\n|teampreview\n|\n|t:|1700191355\n|start\n|switch|p1a: Sweeper|Serperior, M|100\/100\n|switch|p2a: Fezandipiti|Fezandipiti, M|100\/100\n|turn|1\n|\n|t:|1700191367\n|move|p1a: Sweeper|Shadow Ball|p2a: Fezandipiti\n|-damage|p2a: Fezandipiti|55\/100\n|move|p2a: Fezandipiti|Icy Wind|p1a: Sweeper\n|-damage|p1a: Sweeper|79\/100\n|-unboost|p1a: Sweeper|spe|1\n|replace|p1a: Not Zoroark|Zoroark-Hisui, F\n|-end|p1a: Not Zoroark|Illusion\n|\n|-heal|p2a: Fezandipiti|61\/100|[from] item: Leftovers\n|upkeep\n|turn|2\n|\n|t:|1700191439\n|move|p2a: Fezandipiti|Moonblast|p1a: Not Zoroark\n|-damage|p1a: Not Zoroark|31\/100\n|move|p1a: Not Zoroark|Shadow Ball|p2a: Fezandipiti\n|-damage|p2a: Fezandipiti|19\/100\n|\n|-heal|p2a: Fezandipiti|25\/100|[from] item: Leftovers\n|upkeep\n|turn|3\n|\n|t:|1700191456\n|move|p2a: Fezandipiti|Roost|p2a: Fezandipiti\n|-heal|p2a: Fezandipiti|75\/100\n|-singleturn|p2a: Fezandipiti|move: Roost\n|move|p1a: Not Zoroark|Shadow Ball|p2a: Fezandipiti\n|-damage|p2a: Fezandipiti|29\/100\n|\n|-heal|p2a: Fezandipiti|35\/100|[from] item: Leftovers\n|upkeep\n|turn|4\n|\n|t:|1700191470\n|move|p2a: Fezandipiti|Moonblast|p1a: Not Zoroark\n|-damage|p1a: Not Zoroark|0 fnt\n|faint|p1a: Not Zoroark\n|\n|-heal|p2a: Fezandipiti|42\/100|[from] item: Leftovers\n|upkeep\n|\n|t:|1700191483\n|switch|p1a: Genesect|Genesect-Shock, shiny|100\/100\n|-ability|p1a: Genesect|Download|boost\n|-boost|p1a: Genesect|atk|1\n|turn|5\n|\n|t:|1700191504\n|move|p1a: Genesect|U-turn|p2a: Fezandipiti\n|-resisted|p2a: Fezandipiti\n|-damage|p2a: Fezandipiti|34\/100\n|\n|t:|1700191513\n|switch|p1a: Giga-balls|Gigalith, M|100\/100|[from] U-turn\n|-weather|Sandstorm|[from] ability: Sand Stream|[of] p1a: Giga-balls\n|move|p2a: Fezandipiti|Icy Wind|p1a: Giga-balls\n|-damage|p1a: Giga-balls|95\/100\n|-unboost|p1a: Giga-balls|spe|1\n|\n|-weather|Sandstorm|[upkeep]\n|-damage|p2a: Fezandipiti|28\/100|[from] Sandstorm\n|-heal|p2a: Fezandipiti|34\/100|[from] item: Leftovers\n|-heal|p1a: Giga-balls|100\/100|[from] item: Leftovers\n|upkeep\n|turn|6\n|\n|t:|1700191538\n|move|p2a: Fezandipiti|Moonblast|p1a: Giga-balls\n|-damage|p1a: Giga-balls|89\/100\n|-unboost|p1a: Giga-balls|spa|1\n|move|p1a: Giga-balls|Rock Blast|p2a: Fezandipiti\n|-crit|p2a: Fezandipiti\n|-damage|p2a: Fezandipiti|22\/100\n|-damage|p2a: Fezandipiti|13\/100\n|-damage|p2a: Fezandipiti|5\/100\n|-hitcount|p2a: Fezandipiti|3\n|\n|-weather|Sandstorm|[upkeep]\n|-damage|p2a: Fezandipiti|0 fnt|[from] Sandstorm\n|faint|p2a: Fezandipiti\n|-heal|p1a: Giga-balls|95\/100|[from] item: Leftovers\n|upkeep\n|\n|t:|1700191551\n|switch|p2a: Pawmot|Pawmot, F, shiny|100\/100\n|turn|7\n|\n|t:|1700191559\n|move|p2a: Pawmot|Fake Out|p1a: Giga-balls\n|-resisted|p1a: Giga-balls\n|-damage|p1a: Giga-balls|90\/100\n|cant|p1a: Giga-balls|flinch\n|\n|-weather|Sandstorm|[upkeep]\n|-damage|p2a: Pawmot|94\/100|[from] Sandstorm\n|-heal|p1a: Giga-balls|96\/100|[from] item: Leftovers\n|upkeep\n|turn|8\n|\n|t:|1700191568\n|move|p2a: Pawmot|Revival Blessing|p2a: Pawmot\n|-enditem|p2a: Pawmot|Leppa Berry|[eat]\n|-activate|p2a: Pawmot|item: Leppa Berry|Revival Blessing|[consumed]\n|\n|t:|1700191571\n|-heal|p2: Fezandipiti|50\/100|[from] move: Revival Blessing\n|move|p1a: Giga-balls|Stealth Rock|p2a: Pawmot\n|-sidestart|p2: jmmannar27|move: Stealth Rock\n|\n|-weather|Sandstorm|[upkeep]\n|-damage|p2a: Pawmot|88\/100|[from] Sandstorm\n|-heal|p1a: Giga-balls|100\/100|[from] item: Leftovers\n|upkeep\n|turn|9\n|\n|t:|1700191580\n|move|p2a: Pawmot|Close Combat|p1a: Giga-balls\n|-supereffective|p1a: Giga-balls\n|-damage|p1a: Giga-balls|17\/100\n|-unboost|p2a: Pawmot|def|1\n|-unboost|p2a: Pawmot|spd|1\n|move|p1a: Giga-balls|Earthquake|p2a: Pawmot\n|-supereffective|p2a: Pawmot\n|-damage|p2a: Pawmot|0 fnt\n|faint|p2a: Pawmot\n|\n|-weather|none\n|-heal|p1a: Giga-balls|23\/100|[from] item: Leftovers\n|upkeep\n|\n|t:|1700191594\n|switch|p2a: Ogerpon|Ogerpon-Wellspring, F|100\/100\n|-damage|p2a: Ogerpon|88\/100|[from] Stealth Rock\n|turn|10\n|\n|t:|1700191608\n|move|p1a: Giga-balls|Protect|p1a: Giga-balls\n|-singleturn|p1a: Giga-balls|Protect\n|move|p2a: Ogerpon|Swords Dance|p2a: Ogerpon\n|-boost|p2a: Ogerpon|atk|2\n|\n|-heal|p1a: Giga-balls|29\/100|[from] item: Leftovers\n|upkeep\n|turn|11\n|\n|t:|1700191617\n|switch|p1a: Genesect|Genesect-Shock, shiny|100\/100\n|-ability|p1a: Genesect|Download|boost\n|-boost|p1a: Genesect|atk|1\n|move|p2a: Ogerpon|Horn Leech|p1a: Genesect\n|-resisted|p1a: Genesect\n|-damage|p1a: Genesect|74\/100\n|-heal|p2a: Ogerpon|100\/100|[from] drain|[of] p1a: Genesect\n|\n|upkeep\n|turn|12\n|\n|t:|1700191656\n|move|p2a: Ogerpon|Ivy Cudgel|p1a: Genesect|[anim] Ivy Cudgel Water\n|-crit|p1a: Genesect\n|-damage|p1a: Genesect|0 fnt\n|faint|p1a: Genesect\n|\n|upkeep\n|\n|t:|1700191678\n|switch|p1a: Vic-Tiny|Victini|100\/100\n|turn|13\n|\n|t:|1700191685\n|-terastallize|p2a: Ogerpon|Water\n|detailschange|p2a: Ogerpon|Ogerpon-Wellspring-Tera, F, tera:Water\n|-ability|p2a: Ogerpon|Embody Aspect (Wellspring)|boost\n|-boost|p2a: Ogerpon|spd|1\n|move|p2a: Ogerpon|Ivy Cudgel|p1a: Vic-Tiny|[anim] Ivy Cudgel Water\n|-supereffective|p1a: Vic-Tiny\n|-damage|p1a: Vic-Tiny|0 fnt\n|faint|p1a: Vic-Tiny\n|\n|upkeep\n|\n|t:|1700191693\n|switch|p1a: Sweeper|Serperior, M|100\/100\n|turn|14\n|\n|t:|1700191714\n|move|p1a: Sweeper|Leaf Storm|p2a: Ogerpon\n|-supereffective|p2a: Ogerpon\n|-damage|p2a: Ogerpon|24\/100\n|-boost|p1a: Sweeper|spa|2\n|move|p2a: Ogerpon|U-turn|p1a: Sweeper\n|-supereffective|p1a: Sweeper\n|-damage|p1a: Sweeper|0 fnt\n|faint|p1a: Sweeper\n|\n|t:|1700191763\n|switch|p2a: Fezandipiti|Fezandipiti, M|50\/100|[from] U-turn\n|-damage|p2a: Fezandipiti|38\/100|[from] Stealth Rock\n|\n|-heal|p2a: Fezandipiti|44\/100|[from] item: Leftovers\n|upkeep\n|\n|t:|1700191771\n|switch|p1a: Giga-balls|Gigalith, M|29\/100\n|-weather|Sandstorm|[from] ability: Sand Stream|[of] p1a: Giga-balls\n|turn|15\n|\n|t:|1700191802\n|move|p2a: Fezandipiti|Icy Wind|p1a: Giga-balls\n|-damage|p1a: Giga-balls|23\/100\n|-unboost|p1a: Giga-balls|spe|1\n|move|p1a: Giga-balls|Rock Blast|p2a: Fezandipiti\n|-damage|p2a: Fezandipiti|35\/100\n|-damage|p2a: Fezandipiti|26\/100\n|-damage|p2a: Fezandipiti|17\/100\n|-damage|p2a: Fezandipiti|9\/100\n|-damage|p2a: Fezandipiti|0 fnt\n|faint|p2a: Fezandipiti\n|-hitcount|p2: Fezandipiti|5\n|\n|-weather|Sandstorm|[upkeep]\n|-heal|p1a: Giga-balls|29\/100|[from] item: Leftovers\n|upkeep\n|\n|t:|1700191819\n|switch|p2a: Ogerpon|Ogerpon-Wellspring-Tera, F, tera:Water|24\/100\n|-damage|p2a: Ogerpon|12\/100|[from] Stealth Rock\n|-ability|p2a: Ogerpon|Embody Aspect (Wellspring)|boost\n|-boost|p2a: Ogerpon|spd|1\n|turn|16\n|\n|t:|1700191828\n|move|p1a: Giga-balls|Protect|p1a: Giga-balls\n|-singleturn|p1a: Giga-balls|Protect\n|move|p2a: Ogerpon|Horn Leech|p1a: Giga-balls\n|-activate|p1a: Giga-balls|move: Protect\n|\n|-weather|Sandstorm|[upkeep]\n|-damage|p2a: Ogerpon|6\/100|[from] Sandstorm\n|-heal|p1a: Giga-balls|36\/100|[from] item: Leftovers\n|upkeep\n|turn|17\n|\n|t:|1700191837\n|move|p1a: Giga-balls|Protect||[still]\n|-fail|p1a: Giga-balls\n|move|p2a: Ogerpon|Horn Leech|p1a: Giga-balls\n|-supereffective|p1a: Giga-balls\n|-damage|p1a: Giga-balls|0 fnt\n|-heal|p2a: Ogerpon|28\/100|[from] drain|[of] p1a: Giga-balls\n|faint|p1a: Giga-balls\n|\n|-weather|Sandstorm|[upkeep]\n|-damage|p2a: Ogerpon|22\/100|[from] Sandstorm\n|upkeep\n|\n|t:|1700191846\n|switch|p1a: MeinKraft Killer|Haxorus, M|100\/100\n|-ability|p1a: MeinKraft Killer|Mold Breaker\n|turn|18\n|\n|t:|1700191859\n|move|p2a: Ogerpon|Horn Leech|p1a: MeinKraft Killer\n|-resisted|p1a: MeinKraft Killer\n|-damage|p1a: MeinKraft Killer|74\/100\n|-heal|p2a: Ogerpon|35\/100|[from] drain|[of] p1a: MeinKraft Killer\n|move|p1a: MeinKraft Killer|Dragon Claw|p2a: Ogerpon\n|-damage|p2a: Ogerpon|0 fnt\n|faint|p2a: Ogerpon\n|-damage|p1a: MeinKraft Killer|64\/100|[from] item: Life Orb\n|\n|-weather|Sandstorm|[upkeep]\n|-damage|p1a: MeinKraft Killer|58\/100|[from] Sandstorm\n|upkeep\n|\n|t:|1700191871\n|switch|p2a: Garganacl|Garganacl, F|100\/100\n|-damage|p2a: Garganacl|88\/100|[from] Stealth Rock\n|turn|19\n|\n|t:|1700191878\n|move|p1a: MeinKraft Killer|Earthquake|p2a: Garganacl\n|-supereffective|p2a: Garganacl\n|-damage|p2a: Garganacl|33\/100\n|-damage|p1a: MeinKraft Killer|48\/100|[from] item: Life Orb\n|move|p2a: Garganacl|Salt Cure|p1a: MeinKraft Killer\n|-damage|p1a: MeinKraft Killer|30\/100\n|-start|p1a: MeinKraft Killer|Salt Cure\n|\n|-weather|none\n|-heal|p2a: Garganacl|40\/100|[from] item: Leftovers\n|-damage|p1a: MeinKraft Killer|17\/100|[from] Salt Cure\n|upkeep\n|turn|20\n|\n|t:|1700191902\n|move|p1a: MeinKraft Killer|Earthquake|p2a: Garganacl\n|-supereffective|p2a: Garganacl\n|-damage|p2a: Garganacl|0 fnt\n|faint|p2a: Garganacl\n|-damage|p1a: MeinKraft Killer|7\/100|[from] item: Life Orb\n|\n|-damage|p1a: MeinKraft Killer|0 fnt|[from] Salt Cure\n|faint|p1a: MeinKraft Killer\n|\n|win|jmmannar27\n|upkeep\n","uploadtime":1700191911,"views":22,"p1id":"deleter191","p2id":"jmmannar27","formatid":"gen9nationaldexubers","rating":0,"private":0,"password":""}