{"id":"gen9nationaldexubers-1987808011","p1":"pdmsedley","p2":"Thermql","format":"[Gen 9] National Dex Ubers","log":"|j|\u2606pdmsedley\n|j|\u2606Thermql\n|t:|1699638729\n|gametype|singles\n|player|p1|pdmsedley|brycenman|1040\n|player|p2|Thermql|265|1100\n|teamsize|p1|6\n|teamsize|p2|6\n|gen|9\n|tier|[Gen 9] National Dex Ubers\n|rated|\n|rule|HP Percentage Mod: HP is shown in percentages\n|rule|Endless Battle Clause: Forcing endless battles is banned\n|rule|OHKO Clause: OHKO moves are banned\n|rule|Evasion Moves Clause: Evasion moves are banned\n|rule|Evasion Items Clause: Evasion items are banned\n|rule|Species Clause: Limit one of each Pok\u00e9mon\n|rule|Sleep Clause Mod: Limit one foe put to sleep\n|rule|Mega Rayquaza Clause: You cannot mega evolve Rayquaza\n|clearpoke\n|poke|p1|Mewtwo|\n|poke|p1|Dracovish|\n|poke|p1|Necrozma-Dawn-Wings|\n|poke|p1|Pheromosa|\n|poke|p1|Glimmora, M|\n|poke|p1|Lugia|\n|poke|p2|Ursaluna-Bloodmoon, M|\n|poke|p2|Sinistcha|\n|poke|p2|Rampardos, M|\n|poke|p2|Tauros-Paldea-Combat, M|\n|poke|p2|Galvantula, M|\n|poke|p2|Revavroom, M|\n|teampreview\n|\n|t:|1699638745\n|start\n|switch|p1a: Pheromosa|Pheromosa|100\/100\n|switch|p2a: Rampardos|Rampardos, M|100\/100\n|turn|1\n|\n|t:|1699638756\n|move|p1a: Pheromosa|Drill Run|p2a: Rampardos\n|-supereffective|p2a: Rampardos\n|-damage|p2a: Rampardos|12\/100\n|move|p2a: Rampardos|Fire Punch|p1a: Pheromosa\n|-supereffective|p1a: Pheromosa\n|-enditem|p1a: Pheromosa|Focus Sash\n|-damage|p1a: Pheromosa|1\/100\n|\n|upkeep\n|turn|2\n|\n|t:|1699638771\n|move|p1a: Pheromosa|Triple Axel|p2a: Rampardos\n|-crit|p2a: Rampardos\n|-damage|p2a: Rampardos|0 fnt\n|faint|p2a: Rampardos\n|-ability|p1a: Pheromosa|Beast Boost|boost\n|-boost|p1a: Pheromosa|atk|1\n|-hitcount|p2: Rampardos|1\n|\n|upkeep\n|\n|t:|1699638778\n|switch|p2a: Ursaluna|Ursaluna-Bloodmoon, M|100\/100\n|turn|3\n|\n|t:|1699638781\n|move|p2a: Ursaluna|Vacuum Wave|p1a: Pheromosa\n|-resisted|p1a: Pheromosa\n|-damage|p1a: Pheromosa|0 fnt\n|faint|p1a: Pheromosa\n|\n|upkeep\n|\n|t:|1699638790\n|switch|p1a: Dracovish|Dracovish, shiny|100\/100\n|turn|4\n|\n|t:|1699638801\n|switch|p2a: Sinistcha|Sinistcha|100\/100\n|-terastallize|p1a: Dracovish|Water\n|move|p1a: Dracovish|Fishious Rend|p2a: Sinistcha\n|-resisted|p2a: Sinistcha\n|-damage|p2a: Sinistcha|35\/100\n|\n|-heal|p2a: Sinistcha|42\/100|[from] item: Leftovers\n|upkeep\n|turn|5\n|\n|t:|1699638818\n|switch|p1a: Necrozma|Necrozma-Dawn-Wings|100\/100\n|move|p2a: Sinistcha|Matcha Gotcha|p1a: Necrozma\n|-damage|p1a: Necrozma|73\/100\n|-heal|p2a: Sinistcha|57\/100|[from] drain|[of] p1a: Necrozma\n|-status|p1a: Necrozma|brn\n|\n|-heal|p2a: Sinistcha|63\/100|[from] item: Leftovers\n|-damage|p1a: Necrozma|67\/100 brn|[from] brn\n|upkeep\n|turn|6\n|\n|t:|1699638839\n|switch|p2a: Ursaluna|Ursaluna-Bloodmoon, M|100\/100\n|detailschange|p1a: Necrozma|Necrozma-Ultra\n|-burst|p1a: Necrozma|Necrozma|Ultranecrozium Z\n|move|p1a: Necrozma|Moongeist Beam|p2a: Ursaluna\n|-immune|p2a: Ursaluna\n|\n|-damage|p1a: Necrozma|61\/100 brn|[from] brn\n|upkeep\n|turn|7\n|\n|t:|1699638849\n|move|p1a: Necrozma|Photon Geyser|p2a: Ursaluna\n|-damage|p2a: Ursaluna|52\/100\n|move|p2a: Ursaluna|Blood Moon|p1a: Necrozma\n|-damage|p1a: Necrozma|0 fnt\n|faint|p1a: Necrozma\n|\n|upkeep\n|\n|t:|1699638858\n|switch|p1a: Dracovish|Dracovish, shiny, tera:Water|100\/100\n|turn|8\n|\n|t:|1699638870\n|switch|p2a: Tauros|Tauros-Paldea-Combat, M|100\/100\n|-ability|p2a: Tauros|Intimidate|boost\n|-unboost|p1a: Dracovish|atk|1\n|move|p1a: Dracovish|Fishious Rend|p2a: Tauros\n|-damage|p2a: Tauros|2\/100\n|\n|upkeep\n|turn|9\n|\n|t:|1699638878\n|move|p1a: Dracovish|Fishious Rend|p2a: Tauros\n|-damage|p2a: Tauros|0 fnt\n|faint|p2a: Tauros\n|\n|upkeep\n|\n|t:|1699638886\n|switch|p2a: Galvantula|Galvantula, M|100\/100\n|turn|10\n|\n|t:|1699638889\n|move|p1a: Dracovish|Fishious Rend|p2a: Galvantula\n|-enditem|p2a: Galvantula|Focus Sash\n|-damage|p2a: Galvantula|1\/100\n|move|p2a: Galvantula|Thunder|p1a: Dracovish\n|-supereffective|p1a: Dracovish\n|-damage|p1a: Dracovish|0 fnt\n|faint|p1a: Dracovish\n|\n|upkeep\n|\n|t:|1699638902\n|switch|p1a: Glimmora|Glimmora, M|100\/100\n|turn|11\n|\n|t:|1699638914\n|move|p2a: Galvantula|Thunder|p1a: Glimmora\n|-damage|p1a: Glimmora|36\/100\n|move|p1a: Glimmora|Stealth Rock|p2a: Galvantula\n|-sidestart|p2: Thermql|move: Stealth Rock\n|\n|upkeep\n|turn|12\n|\n|t:|1699638927\n|move|p1a: Glimmora|Spiky Shield|p1a: Glimmora\n|-singleturn|p1a: Glimmora|move: Protect\n|move|p2a: Galvantula|Thunder|p1a: Glimmora\n|-activate|p1a: Glimmora|move: Protect\n|\n|upkeep\n|turn|13\n|\n|t:|1699638936\n|move|p2a: Galvantula|Thunder|p1a: Glimmora\n|-damage|p1a: Glimmora|0 fnt\n|faint|p1a: Glimmora\n|\n|upkeep\n|\n|t:|1699638938\n|switch|p1a: Mewtwo|Mewtwo|100\/100\n|-ability|p1a: Mewtwo|Pressure\n|turn|14\n|\n|t:|1699638948\n|detailschange|p1a: Mewtwo|Mewtwo-Mega-Y\n|-mega|p1a: Mewtwo|Mewtwo|Mewtwonite Y\n|move|p1a: Mewtwo|Psystrike|p2a: Galvantula\n|-damage|p2a: Galvantula|0 fnt\n|faint|p2a: Galvantula\n|\n|upkeep\n|\n|t:|1699638956\n|switch|p2a: Revavroom|Revavroom, M|100\/100\n|-damage|p2a: Revavroom|95\/100|[from] Stealth Rock\n|turn|15\n|\n|t:|1699638969\n|-terastallize|p2a: Revavroom|Steel\n|move|p1a: Mewtwo|Psystrike|p2a: Revavroom\n|-resisted|p2a: Revavroom\n|-damage|p2a: Revavroom|54\/100\n|move|p2a: Revavroom|Shift Gear|p2a: Revavroom\n|-boost|p2a: Revavroom|spe|2\n|-boost|p2a: Revavroom|atk|1\n|\n|-heal|p2a: Revavroom|60\/100|[from] item: Leftovers\n|upkeep\n|turn|16\n|\n|t:|1699638980\n|move|p2a: Revavroom|Iron Head|p1a: Mewtwo\n|-damage|p1a: Mewtwo|0 fnt\n|faint|p1a: Mewtwo\n|\n|-heal|p2a: Revavroom|66\/100|[from] item: Leftovers\n|upkeep\n|\n|t:|1699638985\n|switch|p1a: Lugia|Lugia, shiny|100\/100\n|turn|17\n|\n|t:|1699638995\n|move|p2a: Revavroom|Iron Head|p1a: Lugia\n|-damage|p1a: Lugia|72\/100\n|move|p1a: Lugia|Aeroblast|p2a: Revavroom\n|-resisted|p2a: Revavroom\n|-damage|p2a: Revavroom|36\/100\n|\n|-heal|p2a: Revavroom|42\/100|[from] item: Leftovers\n|upkeep\n|turn|18\n|\n|t:|1699639003\n|move|p2a: Revavroom|Iron Head|p1a: Lugia\n|-damage|p1a: Lugia|16\/100\n|-enditem|p1a: Lugia|Sitrus Berry|[eat]\n|-heal|p1a: Lugia|41\/100|[from] item: Sitrus Berry\n|move|p1a: Lugia|Thunder Wave|p2a: Revavroom\n|-status|p2a: Revavroom|par\n|\n|-heal|p2a: Revavroom|48\/100 par|[from] item: Leftovers\n|upkeep\n|turn|19\n|\n|t:|1699639011\n|move|p2a: Revavroom|Iron Head|p1a: Lugia\n|-damage|p1a: Lugia|0 fnt\n|faint|p1a: Lugia\n|\n|win|Thermql\n|raw|pdmsedley's rating: 1040 &rarr; <strong>1027<\/strong><br \/>(-13 for losing)\n|raw|Thermql's rating: 1100 &rarr; <strong>1121<\/strong><br \/>(+21 for winning)\n|l|\u2606pdmsedley\n|c|\u2606Thermql|gg\n","uploadtime":1699639026,"views":6,"p1id":"pdmsedley","p2id":"thermql","formatid":"gen9nationaldexubers","rating":1027,"private":0,"password":""}