{"id":"gen9nationaldexubers-1980403435","p1":"ThatOneZoro\/Zoa","p2":"Aroma Nobody","format":"[Gen 9] National Dex Ubers","log":"|j|\u2606ThatOneZoro\/Zoa\n|j|\u2606Aroma Nobody\n|t:|1698781879\n|gametype|singles\n|player|p1|ThatOneZoro\/Zoa|grusha|\n|player|p2|Aroma Nobody|2|\n|teamsize|p1|6\n|teamsize|p2|6\n|gen|9\n|tier|[Gen 9] National Dex Ubers\n|rule|HP Percentage Mod: HP is shown in percentages\n|rule|Endless Battle Clause: Forcing endless battles is banned\n|rule|OHKO Clause: OHKO moves are banned\n|rule|Evasion Moves Clause: Evasion moves are banned\n|rule|Evasion Items Clause: Evasion items are banned\n|rule|Species Clause: Limit one of each Pok\u00e9mon\n|rule|Sleep Clause Mod: Limit one foe put to sleep\n|rule|Mega Rayquaza Clause: You cannot mega evolve Rayquaza\n|clearpoke\n|poke|p1|Blaziken, F|\n|poke|p1|Sneasler, M|\n|poke|p1|Iron Valiant|\n|poke|p1|Great Tusk|\n|poke|p1|Keldeo|\n|poke|p1|Tapu Koko|\n|poke|p2|Blacephalon|\n|poke|p2|Celesteela|\n|poke|p2|Buzzwole|\n|poke|p2|Nihilego|\n|poke|p2|Xurkitree|\n|poke|p2|Kartana|\n|teampreview\n|c|\u2606Aroma Nobody|glhf\n|c|\u2606ThatOneZoro\/Zoa|u too\n|c|\u2606Aroma Nobody|hm you took a page out of my fighting team. This will be annoying XD\n|\n|t:|1698781910\n|start\n|switch|p1a: Keldeo|Keldeo|100\/100\n|switch|p2a: Nihilego|Nihilego|100\/100\n|turn|1\n|c|\u2606ThatOneZoro\/Zoa|No idea what that team was lol\n|c|\u2606Aroma Nobody|koko iron valiant and sneasler XD\n|\n|t:|1698781954\n|-terastallize|p2a: Nihilego|Grass\n|move|p1a: Keldeo|Hydro Pump|p2a: Nihilego\n|-resisted|p2a: Nihilego\n|-damage|p2a: Nihilego|79\/100\n|move|p2a: Nihilego|Meteor Beam||[still]\n|-prepare|p2a: Nihilego|Meteor Beam\n|-boost|p2a: Nihilego|spa|1\n|-enditem|p2a: Nihilego|Power Herb\n|-anim|p2a: Nihilego|Meteor Beam|p1a: Keldeo\n|-resisted|p1a: Keldeo\n|-damage|p1a: Keldeo|50\/100\n|\n|upkeep\n|turn|2\n|\n|t:|1698781969\n|switch|p1a: Tapu Koko|Tapu Koko|100\/100\n|-fieldstart|move: Electric Terrain|[from] ability: Electric Surge|[of] p1a: Tapu Koko\n|move|p2a: Nihilego|Sludge Wave|p1a: Tapu Koko\n|-supereffective|p1a: Tapu Koko\n|-damage|p1a: Tapu Koko|0 fnt\n|faint|p1a: Tapu Koko\n|-ability|p2a: Nihilego|Beast Boost|boost\n|-boost|p2a: Nihilego|spe|1\n|\n|upkeep\n|\n|t:|1698781976\n|switch|p1a: Sneasler|Sneasler, M|100\/100\n|-enditem|p1a: Sneasler|Electric Seed\n|-boost|p1a: Sneasler|def|1|[from] item: Electric Seed\n|turn|3\n|\n|t:|1698781985\n|move|p1a: Sneasler|Fake Out|p2a: Nihilego\n|-damage|p2a: Nihilego|55\/100\n|cant|p2a: Nihilego|flinch\n|\n|upkeep\n|turn|4\n|\n|t:|1698781990\n|move|p1a: Sneasler|Acrobatics|p2a: Nihilego\n|-supereffective|p2a: Nihilego\n|-damage|p2a: Nihilego|0 fnt\n|faint|p2a: Nihilego\n|\n|upkeep\n|\n|t:|1698781997\n|switch|p2a: Celesteela|Celesteela|100\/100\n|turn|5\n|\n|t:|1698782006\n|switch|p1a: Iron Valiant|Iron Valiant|100\/100\n|-activate|p1a: Iron Valiant|ability: Quark Drive\n|-start|p1a: Iron Valiant|quarkdrivespe\n|move|p2a: Celesteela|Heavy Slam|p1a: Iron Valiant\n|-supereffective|p1a: Iron Valiant\n|-damage|p1a: Iron Valiant|0 fnt\n|faint|p1a: Iron Valiant\n|-end|p1a: Iron Valiant|Quark Drive|[silent]\n|-ability|p2a: Celesteela|Beast Boost|boost\n|-boost|p2a: Celesteela|spd|1\n|\n|upkeep\n|c|\u2606ThatOneZoro\/Zoa|jesus\n|\n|t:|1698782027\n|switch|p1a: Keldeo|Keldeo|50\/100\n|turn|6\n|\n|t:|1698782066\n|move|p2a: Celesteela|Protect|p2a: Celesteela\n|-singleturn|p2a: Celesteela|Protect\n|move|p1a: Keldeo|Hydro Pump|p2a: Celesteela\n|-activate|p2a: Celesteela|move: Protect\n|\n|upkeep\n|turn|7\n|\n|t:|1698782076\n|move|p1a: Keldeo|Hydro Pump|p2a: Celesteela\n|-damage|p2a: Celesteela|78\/100\n|move|p2a: Celesteela|Leech Seed|p1a: Keldeo|[miss]\n|-miss|p2a: Celesteela|p1a: Keldeo\n|\n|-heal|p2a: Celesteela|84\/100|[from] item: Leftovers\n|upkeep\n|turn|8\n|\n|t:|1698782084\n|move|p1a: Keldeo|Hydro Pump|p2a: Celesteela\n|-damage|p2a: Celesteela|60\/100\n|move|p2a: Celesteela|Heavy Slam|p1a: Keldeo\n|-resisted|p1a: Keldeo\n|-damage|p1a: Keldeo|26\/100\n|\n|-heal|p2a: Celesteela|66\/100|[from] item: Leftovers\n|upkeep\n|turn|9\n|c|\u2606Aroma Nobody|sad\n|\n|t:|1698782093\n|move|p2a: Celesteela|Protect|p2a: Celesteela\n|-singleturn|p2a: Celesteela|Protect\n|move|p1a: Keldeo|Hydro Pump|p2a: Celesteela\n|-activate|p2a: Celesteela|move: Protect\n|\n|-heal|p2a: Celesteela|72\/100|[from] item: Leftovers\n|-fieldend|move: Electric Terrain\n|upkeep\n|turn|10\n|\n|t:|1698782097\n|-terastallize|p1a: Keldeo|Water\n|move|p1a: Keldeo|Hydro Pump|p2a: Celesteela\n|-damage|p2a: Celesteela|39\/100\n|move|p2a: Celesteela|Heavy Slam|p1a: Keldeo\n|-resisted|p1a: Keldeo\n|-damage|p1a: Keldeo|3\/100\n|\n|-heal|p2a: Celesteela|45\/100|[from] item: Leftovers\n|upkeep\n|turn|11\n|\n|t:|1698782104\n|move|p2a: Celesteela|Protect|p2a: Celesteela\n|-singleturn|p2a: Celesteela|Protect\n|move|p1a: Keldeo|Hydro Pump|p2a: Celesteela\n|-activate|p2a: Celesteela|move: Protect\n|\n|-heal|p2a: Celesteela|51\/100|[from] item: Leftovers\n|upkeep\n|turn|12\n|c|\u2606Aroma Nobody|could you miss?\n|\n|t:|1698782115\n|move|p1a: Keldeo|Hydro Pump|p2a: Celesteela\n|-damage|p2a: Celesteela|21\/100\n|move|p2a: Celesteela|Leech Seed|p1a: Keldeo\n|-start|p1a: Keldeo|move: Leech Seed\n|\n|-heal|p2a: Celesteela|27\/100|[from] item: Leftovers\n|-damage|p1a: Keldeo|0 fnt|[from] Leech Seed|[of] p2a: Celesteela\n|-heal|p2a: Celesteela|29\/100|[silent]\n|faint|p1a: Keldeo\n|upkeep\n|c|\u2606ThatOneZoro\/Zoa|I'm the champion of hitting moves lol\n|\n|t:|1698782133\n|switch|p1a: Blaziken|Blaziken, F|100\/100\n|turn|13\n|\n|t:|1698782148\n|detailschange|p1a: Blaziken|Blaziken-Mega, F\n|-mega|p1a: Blaziken|Blaziken|Blazikenite\n|move|p1a: Blaziken|Protect|p1a: Blaziken\n|-singleturn|p1a: Blaziken|Protect\n|move|p2a: Celesteela|Leech Seed|p1a: Blaziken\n|-activate|p1a: Blaziken|move: Protect\n|\n|-heal|p2a: Celesteela|35\/100|[from] item: Leftovers\n|-ability|p1a: Blaziken|Speed Boost|boost\n|-boost|p1a: Blaziken|spe|1\n|upkeep\n|turn|14\n|\n|t:|1698782156\n|move|p1a: Blaziken|Bulk Up|p1a: Blaziken\n|-boost|p1a: Blaziken|atk|1\n|-boost|p1a: Blaziken|def|1\n|move|p2a: Celesteela|Heavy Slam|p1a: Blaziken\n|-resisted|p1a: Blaziken\n|-damage|p1a: Blaziken|83\/100\n|\n|-heal|p2a: Celesteela|41\/100|[from] item: Leftovers\n|-ability|p1a: Blaziken|Speed Boost|boost\n|-boost|p1a: Blaziken|spe|1\n|upkeep\n|turn|15\n|\n|t:|1698782166\n|switch|p2a: Blacephalon|Blacephalon|100\/100\n|move|p1a: Blaziken|Blaze Kick|p2a: Blacephalon\n|-resisted|p2a: Blacephalon\n|-crit|p2a: Blacephalon\n|-damage|p2a: Blacephalon|0 fnt\n|faint|p2a: Blacephalon\n|\n|-ability|p1a: Blaziken|Speed Boost|boost\n|-boost|p1a: Blaziken|spe|1\n|upkeep\n|\n|t:|1698782170\n|switch|p2a: Buzzwole|Buzzwole|100\/100\n|turn|16\n|c|\u2606ThatOneZoro\/Zoa|oog\n|c|\u2606ThatOneZoro\/Zoa|oof\n|\n|t:|1698782179\n|move|p1a: Blaziken|Blaze Kick|p2a: Buzzwole\n|-supereffective|p2a: Buzzwole\n|-damage|p2a: Buzzwole|0 fnt\n|faint|p2a: Buzzwole\n|\n|-ability|p1a: Blaziken|Speed Boost|boost\n|-boost|p1a: Blaziken|spe|1\n|upkeep\n|c|\u2606Aroma Nobody|hm gg\n|\n|t:|1698782192\n|switch|p2a: Kartana|Kartana|100\/100\n|turn|17\n|c|\u2606ThatOneZoro\/Zoa|gg\n|\n|t:|1698782196\n|move|p1a: Blaziken|Blaze Kick|p2a: Kartana\n|-supereffective|p2a: Kartana\n|-damage|p2a: Kartana|0 fnt\n|faint|p2a: Kartana\n|\n|-ability|p1a: Blaziken|Speed Boost|boost\n|-boost|p1a: Blaziken|spe|1\n|upkeep\n|\n|t:|1698782199\n|switch|p2a: Xurkitree|Xurkitree|100\/100\n|turn|18\n|\n|t:|1698782207\n|move|p1a: Blaziken|Blaze Kick|p2a: Xurkitree\n|-damage|p2a: Xurkitree|0 fnt\n|faint|p2a: Xurkitree\n|\n|-ability|p1a: Blaziken|Speed Boost|boost\n|-boost|p1a: Blaziken|spe|1\n|upkeep\n|\n|t:|1698782209\n|switch|p2a: Celesteela|Celesteela|41\/100\n|turn|19\n|\n|t:|1698782214\n|move|p1a: Blaziken|Blaze Kick|p2a: Celesteela\n|-supereffective|p2a: Celesteela\n|-damage|p2a: Celesteela|0 fnt\n|faint|p2a: Celesteela\n|\n|win|ThatOneZoro\/Zoa\n","uploadtime":1698782231,"views":7,"p1id":"thatonezorozoa","p2id":"aromanobody","formatid":"gen9nationaldexubers","rating":0,"private":0,"password":""}