{"id":"gen9nationaldexubers-1986030974","p1":"Szymszym134","p2":"KurumiTokisakilove","format":"[Gen 9] National Dex Ubers","log":"|j|\u2606Szymszym134\n|j|\u2606KurumiTokisakilove\n|t:|1699441253\n|gametype|singles\n|player|p1|Szymszym134|elesa|1628\n|player|p2|KurumiTokisakilove|sabrina-gen2|1944\n|teamsize|p1|6\n|teamsize|p2|6\n|gen|9\n|tier|[Gen 9] National Dex Ubers\n|rated|\n|rule|HP Percentage Mod: HP is shown in percentages\n|rule|Endless Battle Clause: Forcing endless battles is banned\n|rule|OHKO Clause: OHKO moves are banned\n|rule|Evasion Moves Clause: Evasion moves are banned\n|rule|Evasion Items Clause: Evasion items are banned\n|rule|Species Clause: Limit one of each Pok\u00e9mon\n|rule|Sleep Clause Mod: Limit one foe put to sleep\n|rule|Mega Rayquaza Clause: You cannot mega evolve Rayquaza\n|clearpoke\n|poke|p1|Mewtwo|\n|poke|p1|Kingambit, M|\n|poke|p1|Garganacl, F|\n|poke|p1|Arceus-Ground|\n|poke|p1|Ditto|\n|poke|p1|Kyurem-Black|\n|poke|p2|Arceus-Dark|\n|poke|p2|Dondozo, M|\n|poke|p2|Magearna|\n|poke|p2|Ditto|\n|poke|p2|Zygarde|\n|poke|p2|Necrozma-Dusk-Mane|\n|teampreview\n|inactive|Battle timer is ON: inactive players will automatically lose when time's up. (requested by Szymszym134)\n|inactive|KurumiTokisakilove also wants the timer to be on.\n|\n|t:|1699441277\n|start\n|switch|p1a: Arceus|Arceus-Ground|100\/100\n|switch|p2a: Arceus|Arceus-Dark|100\/100\n|turn|1\n|\n|t:|1699441281\n|move|p2a: Arceus|Toxic|p1a: Arceus\n|-status|p1a: Arceus|tox\n|move|p1a: Arceus|Judgment|p2a: Arceus\n|-damage|p2a: Arceus|68\/100\n|\n|-damage|p1a: Arceus|94\/100 tox|[from] psn\n|upkeep\n|turn|2\n|\n|t:|1699441286\n|move|p2a: Arceus|Taunt|p1a: Arceus\n|-start|p1a: Arceus|move: Taunt\n|move|p1a: Arceus|Judgment|p2a: Arceus\n|-damage|p2a: Arceus|37\/100\n|\n|-damage|p1a: Arceus|82\/100 tox|[from] psn\n|upkeep\n|turn|3\n|\n|t:|1699441288\n|switch|p1a: Garganacl|Garganacl, F|100\/100\n|move|p2a: Arceus|Recover|p2a: Arceus\n|-heal|p2a: Arceus|87\/100\n|\n|upkeep\n|turn|4\n|\n|t:|1699441302\n|switch|p2a: Necrozma|Necrozma-Dusk-Mane|100\/100\n|move|p1a: Garganacl|Salt Cure|p2a: Necrozma\n|-resisted|p2a: Necrozma\n|-damage|p2a: Necrozma|95\/100\n|-start|p2a: Necrozma|Salt Cure\n|\n|-damage|p2a: Necrozma|70\/100|[from] Salt Cure\n|upkeep\n|turn|5\n|\n|t:|1699441309\n|move|p2a: Necrozma|Stealth Rock|p1a: Garganacl\n|-sidestart|p1: Szymszym134|move: Stealth Rock\n|move|p1a: Garganacl|Stealth Rock|p2a: Necrozma\n|-sidestart|p2: KurumiTokisakilove|move: Stealth Rock\n|\n|-damage|p2a: Necrozma|45\/100|[from] Salt Cure\n|upkeep\n|turn|6\n|\n|t:|1699441314\n|switch|p2a: Zygarde|Zygarde, shiny|100\/100\n|-damage|p2a: Zygarde|94\/100|[from] Stealth Rock\n|move|p1a: Garganacl|Salt Cure|p2a: Zygarde\n|-resisted|p2a: Zygarde\n|-damage|p2a: Zygarde|88\/100\n|-start|p2a: Zygarde|Salt Cure\n|\n|-heal|p2a: Zygarde|94\/100|[from] item: Leftovers\n|-damage|p2a: Zygarde|82\/100|[from] Salt Cure\n|upkeep\n|turn|7\n|\n|t:|1699441323\n|switch|p2a: Necrozma|Necrozma-Dusk-Mane|45\/100\n|-damage|p2a: Necrozma|39\/100|[from] Stealth Rock\n|switch|p1a: Kyurem|Kyurem-Black|100\/100\n|-damage|p1a: Kyurem|76\/100|[from] Stealth Rock\n|-ability|p1a: Kyurem|Teravolt\n|\n|upkeep\n|turn|8\n|\n|t:|1699441331\n|detailschange|p2a: Necrozma|Necrozma-Ultra\n|-burst|p2a: Necrozma|Necrozma|Ultranecrozium Z\n|-terastallize|p1a: Kyurem|Electric\n|move|p2a: Necrozma|Dragon Pulse|p1a: Kyurem\n|-damage|p1a: Kyurem|29\/100\n|move|p1a: Kyurem|Fusion Bolt|p2a: Necrozma\n|-resisted|p2a: Necrozma\n|-damage|p2a: Necrozma|0 fnt\n|faint|p2a: Necrozma\n|-damage|p1a: Kyurem|19\/100|[from] item: Life Orb\n|\n|upkeep\n|\n|t:|1699441336\n|switch|p2a: Zygarde|Zygarde, shiny|82\/100\n|-damage|p2a: Zygarde|76\/100|[from] Stealth Rock\n|turn|9\n|\n|t:|1699441340\n|move|p2a: Zygarde|Extreme Speed|p1a: Kyurem\n|-damage|p1a: Kyurem|0 fnt\n|faint|p1a: Kyurem\n|\n|-heal|p2a: Zygarde|82\/100|[from] item: Leftovers\n|upkeep\n|\n|t:|1699441344\n|switch|p1a: Mewtwo|Mewtwo|100\/100\n|-ability|p1a: Mewtwo|Unnerve\n|-damage|p1a: Mewtwo|88\/100|[from] Stealth Rock\n|turn|10\n|\n|t:|1699441349\n|switch|p2a: Arceus|Arceus-Dark|87\/100\n|-damage|p2a: Arceus|74\/100|[from] Stealth Rock\n|detailschange|p1a: Mewtwo|Mewtwo-Mega-Y\n|-mega|p1a: Mewtwo|Mewtwo|Mewtwonite Y\n|move|p1a: Mewtwo|Ice Beam|p2a: Arceus\n|-damage|p2a: Arceus|48\/100\n|\n|upkeep\n|turn|11\n|\n|t:|1699441357\n|switch|p1a: Garganacl|Garganacl, F|100\/100\n|-damage|p1a: Garganacl|88\/100|[from] Stealth Rock\n|move|p2a: Arceus|Recover|p2a: Arceus\n|-heal|p2a: Arceus|98\/100\n|\n|-heal|p1a: Garganacl|94\/100|[from] item: Leftovers\n|upkeep\n|turn|12\n|\n|t:|1699441360\n|switch|p2a: Ditto|Ditto, shiny|100\/100\n|-damage|p2a: Ditto|88\/100|[from] Stealth Rock\n|-transform|p2a: Ditto|p1a: Garganacl|[from] ability: Imposter\n|move|p1a: Garganacl|Salt Cure|p2a: Ditto\n|-damage|p2a: Ditto|78\/100\n|-start|p2a: Ditto|Salt Cure\n|\n|-heal|p1a: Garganacl|100\/100|[from] item: Leftovers\n|-damage|p2a: Ditto|65\/100|[from] Salt Cure\n|upkeep\n|turn|13\n|\n|t:|1699441371\n|move|p1a: Garganacl|Protect|p1a: Garganacl\n|-singleturn|p1a: Garganacl|Protect\n|move|p2a: Ditto|Salt Cure|p1a: Garganacl\n|-activate|p1a: Garganacl|move: Protect\n|\n|-damage|p2a: Ditto|53\/100|[from] Salt Cure\n|upkeep\n|turn|14\n|\n|t:|1699441378\n|move|p2a: Ditto|Salt Cure|p1a: Garganacl\n|-damage|p1a: Garganacl|93\/100\n|-start|p1a: Garganacl|Salt Cure\n|move|p1a: Garganacl|Salt Cure|p2a: Ditto\n|-damage|p2a: Ditto|44\/100\n|\n|-heal|p1a: Garganacl|99\/100|[from] item: Leftovers\n|-damage|p2a: Ditto|31\/100|[from] Salt Cure\n|-damage|p1a: Garganacl|87\/100|[from] Salt Cure\n|upkeep\n|turn|15\n|\n|t:|1699441383\n|switch|p2a: Zygarde|Zygarde, shiny|82\/100\n|-damage|p2a: Zygarde|76\/100|[from] Stealth Rock\n|move|p1a: Garganacl|Salt Cure|p2a: Zygarde\n|-resisted|p2a: Zygarde\n|-crit|p2a: Zygarde\n|-damage|p2a: Zygarde|68\/100\n|-start|p2a: Zygarde|Salt Cure\n|\n|-heal|p2a: Zygarde|74\/100|[from] item: Leftovers\n|-heal|p1a: Garganacl|93\/100|[from] item: Leftovers\n|-damage|p2a: Zygarde|62\/100|[from] Salt Cure\n|-damage|p1a: Garganacl|80\/100|[from] Salt Cure\n|upkeep\n|turn|16\n|\n|t:|1699441388\n|switch|p2a: Ditto|Ditto, shiny|31\/100\n|-damage|p2a: Ditto|19\/100|[from] Stealth Rock\n|-transform|p2a: Ditto|p1a: Garganacl|[from] ability: Imposter\n|switch|p1a: Arceus|Arceus-Ground|82\/100 tox\n|-damage|p1a: Arceus|76\/100 tox|[from] Stealth Rock\n|\n|-damage|p1a: Arceus|70\/100 tox|[from] psn\n|upkeep\n|turn|17\n|\n|t:|1699441398\n|switch|p2a: Arceus|Arceus-Dark|98\/100\n|-damage|p2a: Arceus|85\/100|[from] Stealth Rock\n|move|p1a: Arceus|Toxic|p2a: Arceus\n|-status|p2a: Arceus|tox\n|\n|-damage|p2a: Arceus|79\/100 tox|[from] psn\n|-damage|p1a: Arceus|58\/100 tox|[from] psn\n|upkeep\n|turn|18\n|\n|t:|1699441415\n|switch|p1a: Garganacl|Garganacl, F|80\/100\n|-damage|p1a: Garganacl|68\/100|[from] Stealth Rock\n|move|p2a: Arceus|Taunt|p1a: Garganacl\n|-start|p1a: Garganacl|move: Taunt\n|\n|-heal|p1a: Garganacl|74\/100|[from] item: Leftovers\n|-damage|p2a: Arceus|67\/100 tox|[from] psn\n|upkeep\n|turn|19\n|\n|t:|1699441420\n|switch|p2a: Magearna|Magearna|100\/100\n|-damage|p2a: Magearna|94\/100|[from] Stealth Rock\n|move|p1a: Garganacl|Salt Cure|p2a: Magearna\n|-resisted|p2a: Magearna\n|-crit|p2a: Magearna\n|-damage|p2a: Magearna|86\/100\n|-start|p2a: Magearna|Salt Cure\n|\n|-heal|p1a: Garganacl|80\/100|[from] item: Leftovers\n|-damage|p2a: Magearna|61\/100|[from] Salt Cure\n|upkeep\n|turn|20\n|\n|t:|1699441424\n|switch|p1a: Arceus|Arceus-Ground|58\/100 tox\n|-damage|p1a: Arceus|52\/100 tox|[from] Stealth Rock\n|move|p2a: Magearna|Heal Bell|p2a: Magearna\n|-activate|p2a: Magearna|move: Heal Bell\n|-curestatus|p2: Arceus|tox|[msg]\n|\n|-damage|p1a: Arceus|46\/100 tox|[from] psn\n|-damage|p2a: Magearna|36\/100|[from] Salt Cure\n|upkeep\n|turn|21\n|\n|t:|1699441431\n|move|p1a: Arceus|Recover|p1a: Arceus\n|-heal|p1a: Arceus|96\/100 tox\n|move|p2a: Magearna|Fleur Cannon|p1a: Arceus|[miss]\n|-miss|p2a: Magearna|p1a: Arceus\n|\n|-damage|p1a: Arceus|84\/100 tox|[from] psn\n|-damage|p2a: Magearna|11\/100|[from] Salt Cure\n|upkeep\n|turn|22\n|\n|t:|1699441437\n|move|p1a: Arceus|Judgment|p2a: Magearna\n|-supereffective|p2a: Magearna\n|-damage|p2a: Magearna|0 fnt\n|faint|p2a: Magearna\n|\n|-damage|p1a: Arceus|65\/100 tox|[from] psn\n|upkeep\n|\n|t:|1699441441\n|switch|p2a: Arceus|Arceus-Dark|67\/100\n|-damage|p2a: Arceus|55\/100|[from] Stealth Rock\n|turn|23\n|\n|t:|1699441444\n|move|p2a: Arceus|Taunt|p1a: Arceus\n|-start|p1a: Arceus|move: Taunt\n|cant|p1a: Arceus|move: Taunt|Toxic\n|\n|-damage|p1a: Arceus|41\/100 tox|[from] psn\n|upkeep\n|turn|24\n|\n|t:|1699441446\n|switch|p1a: Garganacl|Garganacl, F|80\/100\n|-damage|p1a: Garganacl|68\/100|[from] Stealth Rock\n|move|p2a: Arceus|Recover|p2a: Arceus\n|-heal|p2a: Arceus|100\/100\n|\n|-heal|p1a: Garganacl|74\/100|[from] item: Leftovers\n|upkeep\n|turn|25\n|\n|t:|1699441455\n|switch|p2a: Dondozo|Dondozo, M|100\/100\n|-damage|p2a: Dondozo|88\/100|[from] Stealth Rock\n|move|p1a: Garganacl|Salt Cure|p2a: Dondozo\n|-damage|p2a: Dondozo|81\/100\n|-start|p2a: Dondozo|Salt Cure\n|\n|-heal|p1a: Garganacl|80\/100|[from] item: Leftovers\n|-heal|p2a: Dondozo|87\/100|[from] item: Leftovers\n|-damage|p2a: Dondozo|62\/100|[from] Salt Cure\n|upkeep\n|turn|26\n|\n|t:|1699441461\n|switch|p2a: Zygarde|Zygarde, shiny|62\/100\n|-damage|p2a: Zygarde|55\/100|[from] Stealth Rock\n|move|p1a: Garganacl|Salt Cure|p2a: Zygarde\n|-resisted|p2a: Zygarde\n|-damage|p2a: Zygarde|50\/100\n|-start|p2a: Zygarde|Salt Cure\n|\n|-heal|p2a: Zygarde|56\/100|[from] item: Leftovers\n|-heal|p1a: Garganacl|87\/100|[from] item: Leftovers\n|-damage|p2a: Zygarde|43\/100|[from] Salt Cure\n|-activate|p2a: Zygarde|ability: Power Construct\n|detailschange|p2a: Zygarde|Zygarde-Complete, shiny\n|-heal|p2a: Zygarde|65\/100|[silent]\n|upkeep\n|turn|27\n|\n|t:|1699441466\n|switch|p2a: Ditto|Ditto, shiny|19\/100\n|-damage|p2a: Ditto|7\/100|[from] Stealth Rock\n|-transform|p2a: Ditto|p1a: Garganacl|[from] ability: Imposter\n|switch|p1a: Arceus|Arceus-Ground|41\/100 tox\n|-damage|p1a: Arceus|35\/100 tox|[from] Stealth Rock\n|\n|-damage|p1a: Arceus|29\/100 tox|[from] psn\n|upkeep\n|turn|28\n|\n|t:|1699441472\n|move|p1a: Arceus|Judgment|p2a: Ditto\n|-supereffective|p2a: Ditto\n|-damage|p2a: Ditto|0 fnt\n|faint|p2a: Ditto\n|\n|-damage|p1a: Arceus|17\/100 tox|[from] psn\n|upkeep\n|\n|t:|1699441479\n|switch|p2a: Arceus|Arceus-Dark|100\/100\n|-damage|p2a: Arceus|88\/100|[from] Stealth Rock\n|turn|29\n|\n|t:|1699441482\n|move|p2a: Arceus|Foul Play|p1a: Arceus\n|-damage|p1a: Arceus|0 fnt\n|faint|p1a: Arceus\n|\n|upkeep\n|\n|t:|1699441487\n|switch|p1a: Garganacl|Garganacl, F|87\/100\n|-damage|p1a: Garganacl|74\/100|[from] Stealth Rock\n|turn|30\n|\n|t:|1699441490\n|switch|p2a: Dondozo|Dondozo, M|62\/100\n|-damage|p2a: Dondozo|50\/100|[from] Stealth Rock\n|move|p1a: Garganacl|Salt Cure|p2a: Dondozo\n|-damage|p2a: Dondozo|44\/100\n|-start|p2a: Dondozo|Salt Cure\n|\n|-heal|p2a: Dondozo|50\/100|[from] item: Leftovers\n|-heal|p1a: Garganacl|80\/100|[from] item: Leftovers\n|-damage|p2a: Dondozo|25\/100|[from] Salt Cure\n|upkeep\n|turn|31\n|\n|t:|1699441492\n|move|p1a: Garganacl|Salt Cure|p2a: Dondozo\n|-damage|p2a: Dondozo|19\/100\n|move|p2a: Dondozo|Body Press|p1a: Garganacl\n|-supereffective|p1a: Garganacl\n|-damage|p1a: Garganacl|51\/100\n|\n|-heal|p2a: Dondozo|25\/100|[from] item: Leftovers\n|-heal|p1a: Garganacl|57\/100|[from] item: Leftovers\n|-damage|p2a: Dondozo|0 fnt|[from] Salt Cure\n|faint|p2a: Dondozo\n|upkeep\n|\n|t:|1699441494\n|switch|p2a: Zygarde|Zygarde-Complete, shiny|65\/100\n|-damage|p2a: Zygarde|59\/100|[from] Stealth Rock\n|turn|32\n|\n|t:|1699441498\n|move|p2a: Zygarde|Substitute|p2a: Zygarde\n|-start|p2a: Zygarde|Substitute\n|-damage|p2a: Zygarde|34\/100\n|move|p1a: Garganacl|Salt Cure|p2a: Zygarde\n|-resisted|p2a: Zygarde\n|-activate|p2a: Zygarde|move: Substitute|[damage]\n|\n|-heal|p2a: Zygarde|40\/100|[from] item: Leftovers\n|-heal|p1a: Garganacl|63\/100|[from] item: Leftovers\n|upkeep\n|turn|33\n|\n|t:|1699441501\n|switch|p1a: Mewtwo|Mewtwo-Mega-Y|88\/100\n|-damage|p1a: Mewtwo|76\/100|[from] Stealth Rock\n|move|p2a: Zygarde|Dragon Dance|p2a: Zygarde\n|-boost|p2a: Zygarde|atk|1\n|-boost|p2a: Zygarde|spe|1\n|\n|-heal|p2a: Zygarde|46\/100|[from] item: Leftovers\n|upkeep\n|turn|34\n|\n|t:|1699441504\n|move|p2a: Zygarde|Thousand Arrows|p1a: Mewtwo\n|-damage|p1a: Mewtwo|2\/100\n|move|p1a: Mewtwo|Ice Beam|p2a: Zygarde\n|-supereffective|p2a: Zygarde\n|-end|p2a: Zygarde|Substitute\n|\n|-heal|p2a: Zygarde|52\/100|[from] item: Leftovers\n|upkeep\n|turn|35\n|\n|t:|1699441512\n|move|p2a: Zygarde|Thousand Arrows|p1a: Mewtwo\n|-damage|p1a: Mewtwo|0 fnt\n|faint|p1a: Mewtwo\n|\n|-heal|p2a: Zygarde|58\/100|[from] item: Leftovers\n|upkeep\n|\n|t:|1699441516\n|switch|p1a: Kingambit|Kingambit, M|100\/100\n|-damage|p1a: Kingambit|94\/100|[from] Stealth Rock\n|-activate|p1a: Kingambit|ability: Supreme Overlord\n|-start|p1a: Kingambit|fallen3|[silent]\n|turn|36\n|\n|t:|1699441523\n|switch|p2a: Arceus|Arceus-Dark|88\/100\n|-damage|p2a: Arceus|76\/100|[from] Stealth Rock\n|move|p1a: Kingambit|Swords Dance|p1a: Kingambit\n|-boost|p1a: Kingambit|atk|2\n|\n|upkeep\n|turn|37\n|\n|t:|1699441527\n|move|p2a: Arceus|Foul Play|p1a: Kingambit\n|-resisted|p1a: Kingambit\n|-damage|p1a: Kingambit|44\/100\n|move|p1a: Kingambit|Knock Off|p2a: Arceus\n|-resisted|p2a: Arceus\n|-damage|p2a: Arceus|36\/100\n|\n|upkeep\n|turn|38\n|\n|t:|1699441534\n|move|p2a: Arceus|Foul Play|p1a: Kingambit\n|-resisted|p1a: Kingambit\n|-damage|p1a: Kingambit|0 fnt\n|faint|p1a: Kingambit\n|-end|p1a: Kingambit|fallen3|[silent]\n|\n|upkeep\n|\n|t:|1699441538\n|switch|p1a: Garganacl|Garganacl, F|63\/100\n|-damage|p1a: Garganacl|51\/100|[from] Stealth Rock\n|turn|39\n|\n|t:|1699441544\n|move|p2a: Arceus|Foul Play|p1a: Garganacl\n|-damage|p1a: Garganacl|29\/100\n|move|p1a: Garganacl|Salt Cure|p2a: Arceus\n|-damage|p2a: Arceus|28\/100\n|-start|p2a: Arceus|Salt Cure\n|\n|-heal|p1a: Garganacl|35\/100|[from] item: Leftovers\n|-damage|p2a: Arceus|15\/100|[from] Salt Cure\n|upkeep\n|turn|40\n|\n|t:|1699441549\n|move|p1a: Garganacl|Protect|p1a: Garganacl\n|-singleturn|p1a: Garganacl|Protect\n|move|p2a: Arceus|Recover|p2a: Arceus\n|-heal|p2a: Arceus|65\/100\n|\n|-heal|p1a: Garganacl|42\/100|[from] item: Leftovers\n|-damage|p2a: Arceus|53\/100|[from] Salt Cure\n|upkeep\n|turn|41\n|\n|t:|1699441554\n|move|p2a: Arceus|Foul Play|p1a: Garganacl\n|-damage|p1a: Garganacl|21\/100\n|move|p1a: Garganacl|Salt Cure|p2a: Arceus\n|-damage|p2a: Arceus|44\/100\n|\n|-heal|p1a: Garganacl|27\/100|[from] item: Leftovers\n|-damage|p2a: Arceus|31\/100|[from] Salt Cure\n|upkeep\n|turn|42\n|\n|t:|1699441558\n|move|p2a: Arceus|Foul Play|p1a: Garganacl\n|-damage|p1a: Garganacl|4\/100\n|move|p1a: Garganacl|Recover|p1a: Garganacl\n|-heal|p1a: Garganacl|54\/100\n|\n|-heal|p1a: Garganacl|61\/100|[from] item: Leftovers\n|-damage|p2a: Arceus|19\/100|[from] Salt Cure\n|upkeep\n|turn|43\n|\n|t:|1699441563\n|move|p2a: Arceus|Toxic|p1a: Garganacl\n|-immune|p1a: Garganacl|[from] ability: Purifying Salt\n|move|p1a: Garganacl|Recover|p1a: Garganacl\n|-heal|p1a: Garganacl|100\/100\n|\n|-damage|p2a: Arceus|7\/100|[from] Salt Cure\n|upkeep\n|turn|44\n|\n|t:|1699441567\n|move|p2a: Arceus|Taunt|p1a: Garganacl\n|-start|p1a: Garganacl|move: Taunt\n|move|p1a: Garganacl|Salt Cure|p2a: Arceus\n|-damage|p2a: Arceus|0 fnt\n|faint|p2a: Arceus\n|\n|upkeep\n|\n|t:|1699441569\n|switch|p2a: Zygarde|Zygarde-Complete, shiny|58\/100\n|-damage|p2a: Zygarde|52\/100|[from] Stealth Rock\n|turn|45\n|\n|t:|1699441572\n|move|p2a: Zygarde|Substitute|p2a: Zygarde\n|-start|p2a: Zygarde|Substitute\n|-damage|p2a: Zygarde|27\/100\n|move|p1a: Garganacl|Salt Cure|p2a: Zygarde\n|-resisted|p2a: Zygarde\n|-activate|p2a: Zygarde|move: Substitute|[damage]\n|\n|-heal|p2a: Zygarde|33\/100|[from] item: Leftovers\n|upkeep\n|turn|46\n|\n|t:|1699441575\n|move|p2a: Zygarde|Dragon Dance|p2a: Zygarde\n|-boost|p2a: Zygarde|atk|1\n|-boost|p2a: Zygarde|spe|1\n|move|p1a: Garganacl|Salt Cure|p2a: Zygarde\n|-resisted|p2a: Zygarde\n|-activate|p2a: Zygarde|move: Substitute|[damage]\n|\n|-heal|p2a: Zygarde|39\/100|[from] item: Leftovers\n|-end|p1a: Garganacl|move: Taunt\n|upkeep\n|turn|47\n|\n|t:|1699441578\n|move|p2a: Zygarde|Dragon Dance|p2a: Zygarde\n|-boost|p2a: Zygarde|atk|1\n|-boost|p2a: Zygarde|spe|1\n|move|p1a: Garganacl|Salt Cure|p2a: Zygarde\n|-resisted|p2a: Zygarde\n|-activate|p2a: Zygarde|move: Substitute|[damage]\n|\n|-heal|p2a: Zygarde|46\/100|[from] item: Leftovers\n|upkeep\n|turn|48\n|\n|t:|1699441580\n|move|p2a: Zygarde|Dragon Dance|p2a: Zygarde\n|-boost|p2a: Zygarde|atk|1\n|-boost|p2a: Zygarde|spe|1\n|move|p1a: Garganacl|Salt Cure|p2a: Zygarde\n|-resisted|p2a: Zygarde\n|-activate|p2a: Zygarde|move: Substitute|[damage]\n|\n|-heal|p2a: Zygarde|52\/100|[from] item: Leftovers\n|upkeep\n|turn|49\n|\n|t:|1699441582\n|move|p2a: Zygarde|Dragon Dance|p2a: Zygarde\n|-boost|p2a: Zygarde|atk|1\n|-boost|p2a: Zygarde|spe|1\n|move|p1a: Garganacl|Salt Cure|p2a: Zygarde\n|-resisted|p2a: Zygarde\n|-activate|p2a: Zygarde|move: Substitute|[damage]\n|\n|-heal|p2a: Zygarde|58\/100|[from] item: Leftovers\n|upkeep\n|turn|50\n|\n|t:|1699441588\n|move|p2a: Zygarde|Dragon Dance|p2a: Zygarde\n|-boost|p2a: Zygarde|atk|1\n|-boost|p2a: Zygarde|spe|1\n|move|p1a: Garganacl|Salt Cure|p2a: Zygarde\n|-resisted|p2a: Zygarde\n|-activate|p2a: Zygarde|move: Substitute|[damage]\n|\n|-heal|p2a: Zygarde|64\/100|[from] item: Leftovers\n|upkeep\n|turn|51\n|\n|t:|1699441601\n|move|p2a: Zygarde|Dragon Dance|p2a: Zygarde\n|-boost|p2a: Zygarde|atk|1\n|-boost|p2a: Zygarde|spe|1\n|move|p1a: Garganacl|Salt Cure|p2a: Zygarde\n|-resisted|p2a: Zygarde\n|-crit|p2a: Zygarde\n|-end|p2a: Zygarde|Substitute\n|\n|-heal|p2a: Zygarde|70\/100|[from] item: Leftovers\n|upkeep\n|turn|52\n|\n|t:|1699441607\n|switch|p1a: Ditto|Ditto|100\/100\n|-damage|p1a: Ditto|88\/100|[from] Stealth Rock\n|-transform|p1a: Ditto|p2a: Zygarde|[from] ability: Imposter\n|move|p2a: Zygarde|Substitute|p2a: Zygarde\n|-start|p2a: Zygarde|Substitute\n|-damage|p2a: Zygarde|45\/100\n|\n|-heal|p2a: Zygarde|51\/100|[from] item: Leftovers\n|upkeep\n|turn|53\n|\n|t:|1699441616\n|move|p1a: Ditto|Thousand Arrows|p2a: Zygarde\n|-end|p2a: Zygarde|Substitute\n|move|p2a: Zygarde|Thousand Arrows|p1a: Ditto\n|-damage|p1a: Ditto|0 fnt\n|faint|p1a: Ditto\n|\n|-heal|p2a: Zygarde|57\/100|[from] item: Leftovers\n|upkeep\n|\n|t:|1699441623\n|switch|p1a: Garganacl|Garganacl, F|100\/100\n|-damage|p1a: Garganacl|88\/100|[from] Stealth Rock\n|turn|54\n|\n|t:|1699441626\n|move|p2a: Zygarde|Substitute|p2a: Zygarde\n|-start|p2a: Zygarde|Substitute\n|-damage|p2a: Zygarde|32\/100\n|move|p1a: Garganacl|Salt Cure|p2a: Zygarde\n|-resisted|p2a: Zygarde\n|-activate|p2a: Zygarde|move: Substitute|[damage]\n|\n|-heal|p2a: Zygarde|38\/100|[from] item: Leftovers\n|-heal|p1a: Garganacl|94\/100|[from] item: Leftovers\n|upkeep\n|turn|55\n|\n|t:|1699441628\n|move|p2a: Zygarde|Dragon Dance|p2a: Zygarde\n|-boost|p2a: Zygarde|atk|0\n|-boost|p2a: Zygarde|spe|0\n|move|p1a: Garganacl|Salt Cure|p2a: Zygarde\n|-resisted|p2a: Zygarde\n|-activate|p2a: Zygarde|move: Substitute|[damage]\n|\n|-heal|p2a: Zygarde|44\/100|[from] item: Leftovers\n|-heal|p1a: Garganacl|100\/100|[from] item: Leftovers\n|upkeep\n|turn|56\n|\n|t:|1699441649\n|move|p2a: Zygarde|Dragon Dance|p2a: Zygarde\n|-boost|p2a: Zygarde|atk|0\n|-boost|p2a: Zygarde|spe|0\n|move|p1a: Garganacl|Salt Cure|p2a: Zygarde\n|-resisted|p2a: Zygarde\n|-activate|p2a: Zygarde|move: Substitute|[damage]\n|\n|-heal|p2a: Zygarde|51\/100|[from] item: Leftovers\n|upkeep\n|turn|57\n|c|\u2606Szymszym134|Bro\n|c|\u2606Szymszym134|Just\n|c|\u2606Szymszym134|End\n|\n|t:|1699441666\n|move|p2a: Zygarde|Thousand Arrows|p1a: Garganacl\n|-supereffective|p1a: Garganacl\n|-damage|p1a: Garganacl|0 fnt\n|faint|p1a: Garganacl\n|\n|win|KurumiTokisakilove\n|raw|Szymszym134's rating: 1628 &rarr; <strong>1622<\/strong><br \/>(-6 for losing)\n|raw|KurumiTokisakilove's rating: 1944 &rarr; <strong>1950<\/strong><br \/>(+6 for winning)\n|c|\u2606KurumiTokisakilove|Ok copy\ud83e\udd21\n|c|\u2606Szymszym134|Ty\n|c|\u2606Szymszym134|???\n|l|\u2606KurumiTokisakilove\n|l|\u2606Szymszym134\n","uploadtime":1699441676,"views":67,"p1id":"szymszym134","p2id":"kurumitokisakilove","formatid":"gen9nationaldexubers","rating":1622,"private":0,"password":""}