{"id":"gen9nationaldexubers-1983961296","p1":"the bugcatcher pr","p2":"NoWay360","format":"[Gen 9] National Dex Ubers","log":"|j|\u2606the bugcatcher pr\n|j|\u2606NoWay360\n|t:|1699204454\n|gametype|singles\n|player|p1|the bugcatcher pr|sabrina|1317\n|player|p2|NoWay360|hiker-gen4|1259\n|teamsize|p1|6\n|teamsize|p2|6\n|gen|9\n|tier|[Gen 9] National Dex Ubers\n|rated|\n|rule|HP Percentage Mod: HP is shown in percentages\n|rule|Endless Battle Clause: Forcing endless battles is banned\n|rule|OHKO Clause: OHKO moves are banned\n|rule|Evasion Moves Clause: Evasion moves are banned\n|rule|Evasion Items Clause: Evasion items are banned\n|rule|Species Clause: Limit one of each Pok\u00e9mon\n|rule|Sleep Clause Mod: Limit one foe put to sleep\n|rule|Mega Rayquaza Clause: You cannot mega evolve Rayquaza\n|clearpoke\n|poke|p1|Pheromosa|\n|poke|p1|Vikavolt, F|\n|poke|p1|Volcarona, M|\n|poke|p1|Centiskorch, F|\n|poke|p1|Scizor, F|\n|poke|p1|Buzzwole|\n|poke|p2|Ursaluna, F|\n|poke|p2|Metagross|\n|poke|p2|Palafin, F|\n|poke|p2|Zygarde|\n|poke|p2|Shaymin-Sky|\n|poke|p2|Naganadel|\n|teampreview\n|inactive|Battle timer is ON: inactive players will automatically lose when time's up. (requested by NoWay360)\n|\n|t:|1699204464\n|start\n|switch|p1a: Centiskorch|Centiskorch, F|100\/100\n|switch|p2a: Power Construct|Zygarde, shiny|100\/100\n|turn|1\n|c|\u2606the bugcatcher pr|um\n|c|\u2606the bugcatcher pr|gl\n|\n|t:|1699204475\n|-terastallize|p1a: Centiskorch|Steel\n|move|p2a: Power Construct|Dragon Dance|p2a: Power Construct\n|-boost|p2a: Power Construct|atk|1\n|-boost|p2a: Power Construct|spe|1\n|move|p1a: Centiskorch|Scorching Sands|p2a: Power Construct\n|-damage|p2a: Power Construct|87\/100\n|-status|p2a: Power Construct|brn\n|\n|-heal|p2a: Power Construct|93\/100 brn|[from] item: Leftovers\n|-damage|p2a: Power Construct|87\/100 brn|[from] brn\n|upkeep\n|turn|2\n|\n|t:|1699204491\n|switch|p1a: Vikavolt|Vikavolt, F|100\/100\n|move|p2a: Power Construct|Dragon Dance|p2a: Power Construct\n|-boost|p2a: Power Construct|atk|1\n|-boost|p2a: Power Construct|spe|1\n|\n|-heal|p2a: Power Construct|93\/100 brn|[from] item: Leftovers\n|-damage|p2a: Power Construct|87\/100 brn|[from] brn\n|upkeep\n|turn|3\n|\n|t:|1699204501\n|move|p2a: Power Construct|Dragon Dance|p2a: Power Construct\n|-boost|p2a: Power Construct|atk|1\n|-boost|p2a: Power Construct|spe|1\n|move|p1a: Vikavolt|Energy Ball|p2a: Power Construct\n|-damage|p2a: Power Construct|51\/100 brn\n|-unboost|p2a: Power Construct|spd|1\n|\n|-heal|p2a: Power Construct|57\/100 brn|[from] item: Leftovers\n|-damage|p2a: Power Construct|51\/100 brn|[from] brn\n|upkeep\n|turn|4\n|\n|t:|1699204518\n|move|p2a: Power Construct|Thousand Arrows|p1a: Vikavolt\n|-damage|p1a: Vikavolt|37\/100\n|-start|p1a: Vikavolt|Smack Down\n|move|p1a: Vikavolt|Hidden Power|p2a: Power Construct\n|-supereffective|p2a: Power Construct\n|-damage|p2a: Power Construct|0 fnt\n|faint|p2a: Power Construct\n|\n|upkeep\n|c|\u2606the bugcatcher pr|sorry im psychic\n|\n|t:|1699204528\n|switch|p2a: Serene Grace|Shaymin-Sky, shiny|100\/100\n|turn|5\n|\n|t:|1699204532\n|move|p2a: Serene Grace|Air Slash|p1a: Vikavolt\n|-damage|p1a: Vikavolt|8\/100\n|move|p1a: Vikavolt|Hidden Power|p2a: Serene Grace\n|-supereffective|p2a: Serene Grace\n|-enditem|p2a: Serene Grace|Focus Sash\n|-damage|p2a: Serene Grace|1\/100\n|\n|upkeep\n|turn|6\n|\n|t:|1699204540\n|move|p2a: Serene Grace|Air Slash|p1a: Vikavolt\n|-damage|p1a: Vikavolt|0 fnt\n|faint|p1a: Vikavolt\n|\n|upkeep\n|\n|t:|1699204544\n|switch|p1a: Scizor|Scizor, F|100\/100\n|turn|7\n|\n|t:|1699204549\n|detailschange|p1a: Scizor|Scizor-Mega, F\n|-mega|p1a: Scizor|Scizor|Scizorite\n|move|p1a: Scizor|Bullet Punch|p2a: Serene Grace\n|-damage|p2a: Serene Grace|0 fnt\n|faint|p2a: Serene Grace\n|\n|upkeep\n|\n|t:|1699204555\n|switch|p2a: Guts|Ursaluna, F, shiny|100\/100\n|turn|8\n|\n|t:|1699204560\n|move|p2a: Guts|Protect|p2a: Guts\n|-singleturn|p2a: Guts|Protect\n|move|p1a: Scizor|Counter||[still]\n|-fail|p1a: Scizor\n|\n|-status|p2a: Guts|brn|[from] item: Flame Orb\n|upkeep\n|turn|9\n|c|\u2606the bugcatcher pr|:D\n|\n|t:|1699204569\n|move|p2a: Guts|Fling|p1a: Scizor\n|-damage|p1a: Scizor|88\/100\n|-status|p1a: Scizor|brn\n|-enditem|p2a: Guts|Flame Orb|[from] move: Fling\n|move|p1a: Scizor|Counter|p2a: Guts\n|-damage|p2a: Guts|84\/100 brn\n|\n|-damage|p1a: Scizor|82\/100 brn|[from] brn\n|-damage|p2a: Guts|78\/100 brn|[from] brn\n|upkeep\n|turn|10\n|\n|t:|1699204578\n|move|p2a: Guts|Earthquake|p1a: Scizor\n|-damage|p1a: Scizor|19\/100 brn\n|move|p1a: Scizor|Counter|p2a: Guts\n|-damage|p2a: Guts|0 fnt\n|faint|p2a: Guts\n|\n|-damage|p1a: Scizor|13\/100 brn|[from] brn\n|upkeep\n|\n|t:|1699204587\n|switch|p2a: Zero to Hero|Palafin, F, shiny|100\/100\n|turn|11\n|\n|t:|1699204600\n|detailschange|p2a: Zero to Hero|Palafin-Hero, F, shiny\n|switch|p2a: Tough Claws|Metagross, shiny|100\/100\n|move|p1a: Scizor|Bullet Punch|p2a: Tough Claws\n|-resisted|p2a: Tough Claws\n|-damage|p2a: Tough Claws|94\/100\n|\n|-damage|p1a: Scizor|7\/100 brn|[from] brn\n|upkeep\n|turn|12\n|\n|t:|1699204609\n|switch|p1a: Volcarona|Volcarona, M|100\/100\n|detailschange|p2a: Tough Claws|Metagross-Mega, shiny\n|-mega|p2a: Tough Claws|Metagross|Metagrossite\n|move|p2a: Tough Claws|Stealth Rock|p1a: Volcarona\n|-sidestart|p1: the bugcatcher pr|move: Stealth Rock\n|\n|upkeep\n|turn|13\n|\n|t:|1699204620\n|move|p2a: Tough Claws|Zen Headbutt|p1a: Volcarona\n|-damage|p1a: Volcarona|49\/100\n|move|p1a: Volcarona|Fiery Dance|p2a: Tough Claws\n|-supereffective|p2a: Tough Claws\n|-damage|p2a: Tough Claws|36\/100\n|\n|upkeep\n|turn|14\n|c|\u2606the bugcatcher pr|max def\n|\n|t:|1699204630\n|move|p2a: Tough Claws|Zen Headbutt|p1a: Volcarona\n|-damage|p1a: Volcarona|0 fnt\n|faint|p1a: Volcarona\n|\n|upkeep\n|\n|t:|1699204647\n|switch|p1a: Pheromosa|Pheromosa|100\/100\n|-damage|p1a: Pheromosa|88\/100|[from] Stealth Rock\n|turn|15\n|\n|t:|1699204675\n|move|p1a: Pheromosa|Rapid Spin|p2a: Tough Claws\n|-resisted|p2a: Tough Claws\n|-damage|p2a: Tough Claws|29\/100\n|-boost|p1a: Pheromosa|spe|1\n|-sideend|p1: the bugcatcher pr|Stealth Rock|[from] move: Rapid Spin|[of] p1a: Pheromosa\n|move|p2a: Tough Claws|Meteor Mash|p1a: Pheromosa\n|-damage|p1a: Pheromosa|0 fnt\n|faint|p1a: Pheromosa\n|\n|upkeep\n|\n|t:|1699204686\n|switch|p1a: Buzzwole|Buzzwole|100\/100\n|turn|16\n|\n|t:|1699204689\n|move|p2a: Tough Claws|Stealth Rock|p1a: Buzzwole\n|-sidestart|p1: the bugcatcher pr|move: Stealth Rock\n|move|p1a: Buzzwole|Bulk Up|p1a: Buzzwole\n|-boost|p1a: Buzzwole|atk|1\n|-boost|p1a: Buzzwole|def|1\n|\n|upkeep\n|turn|17\n|\n|t:|1699204696\n|move|p2a: Tough Claws|Meteor Mash|p1a: Buzzwole\n|-damage|p1a: Buzzwole|72\/100\n|move|p1a: Buzzwole|Drain Punch|p2a: Tough Claws\n|-damage|p2a: Tough Claws|0 fnt\n|-heal|p1a: Buzzwole|84\/100|[from] drain|[of] p2a: Tough Claws\n|faint|p2a: Tough Claws\n|-ability|p1a: Buzzwole|Beast Boost|boost\n|-boost|p1a: Buzzwole|atk|1\n|\n|upkeep\n|\n|t:|1699204706\n|switch|p2a: Beast Boost|Naganadel, shiny|100\/100\n|turn|18\n|\n|t:|1699204727\n|switch|p1a: Scizor|Scizor-Mega, F|7\/100 brn\n|-damage|p1a: Scizor|0 fnt|[from] Stealth Rock\n|faint|p1a: Scizor\n|-terastallize|p2a: Beast Boost|Poison\n|move|p2a: Beast Boost|Sludge Wave|p1: Scizor|[notarget]\n|-fail|p2a: Beast Boost\n|\n|upkeep\n|\n|t:|1699204734\n|switch|p1a: Centiskorch|Centiskorch, F, tera:Steel|100\/100\n|-damage|p1a: Centiskorch|94\/100|[from] Stealth Rock\n|turn|19\n|\n|t:|1699204742\n|move|p2a: Beast Boost|Nasty Plot|p2a: Beast Boost\n|-boost|p2a: Beast Boost|spa|2\n|move|p1a: Centiskorch|Fire Lash|p2a: Beast Boost\n|-damage|p2a: Beast Boost|51\/100\n|-unboost|p2a: Beast Boost|def|1\n|\n|upkeep\n|turn|20\n|c|\u2606the bugcatcher pr|:D\n|\n|t:|1699204750\n|move|p2a: Beast Boost|Thunderbolt|p1a: Centiskorch\n|-damage|p1a: Centiskorch|67\/100\n|move|p1a: Centiskorch|Fire Lash|p2a: Beast Boost\n|-damage|p2a: Beast Boost|0 fnt\n|faint|p2a: Beast Boost\n|\n|upkeep\n|\n|t:|1699204758\n|switch|p2a: Zero to Hero|Palafin-Hero, F, shiny|100\/100\n|-activate|p2a: Zero to Hero|ability: Zero to Hero\n|turn|21\n|\n|t:|1699204763\n|move|p2a: Zero to Hero|Wave Crash|p1a: Centiskorch\n|-damage|p1a: Centiskorch|0 fnt\n|faint|p1a: Centiskorch\n|-damage|p2a: Zero to Hero|75\/100|[from] Recoil\n|\n|upkeep\n|\n|t:|1699204768\n|switch|p1a: Buzzwole|Buzzwole|84\/100\n|-damage|p1a: Buzzwole|72\/100|[from] Stealth Rock\n|turn|22\n|c|\u2606the bugcatcher pr|gg\n|\n|t:|1699204772\n|move|p2a: Zero to Hero|Aqua Jet|p1a: Buzzwole\n|-damage|p1a: Buzzwole|56\/100\n|move|p1a: Buzzwole|Counter|p2a: Zero to Hero\n|-damage|p2a: Zero to Hero|35\/100\n|\n|upkeep\n|turn|23\n|\n|t:|1699204781\n|move|p2a: Zero to Hero|Wave Crash|p1a: Buzzwole\n|-damage|p1a: Buzzwole|12\/100\n|-damage|p2a: Zero to Hero|18\/100|[from] Recoil\n|move|p1a: Buzzwole|Counter|p2a: Zero to Hero\n|-damage|p2a: Zero to Hero|0 fnt\n|faint|p2a: Zero to Hero\n|\n|win|the bugcatcher pr\n|raw|the bugcatcher pr's rating: 1317 &rarr; <strong>1334<\/strong><br \/>(+17 for winning)\n|raw|NoWay360's rating: 1259 &rarr; <strong>1238<\/strong><br \/>(-21 for losing)\n|l|\u2606NoWay360\n","uploadtime":1699205307,"views":11,"p1id":"thebugcatcherpr","p2id":"noway360","formatid":"gen9nationaldexubers","rating":1238,"private":0,"password":""}