{"id":"gen9nationaldexubers-1996902363","p1":"JustMonika_CARR","p2":"Exzavionte","format":"[Gen 9] National Dex Ubers","log":"|j|\u2606JustMonika_CARR\n|j|\u2606Exzavionte\n|t:|1700742613\n|gametype|singles\n|player|p1|JustMonika_CARR|rosa|1348\n|player|p2|Exzavionte|lucas|1408\n|teamsize|p1|6\n|teamsize|p2|6\n|gen|9\n|tier|[Gen 9] National Dex Ubers\n|rated|\n|rule|HP Percentage Mod: HP is shown in percentages\n|rule|Endless Battle Clause: Forcing endless battles is banned\n|rule|OHKO Clause: OHKO moves are banned\n|rule|Evasion Moves Clause: Evasion moves are banned\n|rule|Evasion Items Clause: Evasion items are banned\n|rule|Species Clause: Limit one of each Pok\u00e9mon\n|rule|Sleep Clause Mod: Limit one foe put to sleep\n|rule|Mega Rayquaza Clause: You cannot mega evolve Rayquaza\n|clearpoke\n|poke|p1|Blaziken, F|\n|poke|p1|Pheromosa|\n|poke|p1|Gothitelle, F|\n|poke|p1|Deoxys-Speed|\n|poke|p1|Shuckle, M|\n|poke|p1|Durant, F|\n|poke|p2|Melmetal|\n|poke|p2|Groudon|\n|poke|p2|Shuckle, M|\n|poke|p2|Lugia|\n|poke|p2|Deoxys-Attack|\n|poke|p2|Salamence, M|\n|teampreview\n|\n|t:|1700742631\n|start\n|switch|p1a: Deoxys|Deoxys-Speed, shiny|100\/100\n|switch|p2a: Deoxys|Deoxys-Attack|100\/100\n|-ability|p2a: Deoxys|Pressure\n|-ability|p1a: Deoxys|Pressure\n|turn|1\n|\n|t:|1700742636\n|move|p2a: Deoxys|Signal Beam|p1a: Deoxys\n|-supereffective|p1a: Deoxys\n|-damage|p1a: Deoxys|23\/100\n|move|p1a: Deoxys|Stealth Rock|p2a: Deoxys\n|-sidestart|p2: Exzavionte|move: Stealth Rock\n|\n|upkeep\n|turn|2\n|\n|t:|1700742648\n|move|p2a: Deoxys|Signal Beam|p1a: Deoxys\n|-supereffective|p1a: Deoxys\n|-damage|p1a: Deoxys|0 fnt\n|faint|p1a: Deoxys\n|\n|upkeep\n|\n|t:|1700742651\n|switch|p1a: Durant|Durant, F, shiny|100\/100\n|turn|3\n|\n|t:|1700742660\n|switch|p2a: Lugia|Lugia, shiny|100\/100\n|-damage|p2a: Lugia|76\/100|[from] Stealth Rock\n|move|p1a: Durant|Entrainment|p2a: Lugia\n|-endability|p2a: Lugia|Multiscale|[from] move: Entrainment\n|-ability|p2a: Lugia|Truant|[from] move: Entrainment\n|\n|upkeep\n|turn|4\n|\n|t:|1700742664\n|cant|p1a: Durant|ability: Truant\n|move|p2a: Lugia|Air Slash|p1a: Durant\n|-damage|p1a: Durant|12\/100\n|\n|upkeep\n|turn|5\n|\n|t:|1700742674\n|switch|p2a: Shuckle|Shuckle, M, shiny|100\/100\n|-damage|p2a: Shuckle|75\/100|[from] Stealth Rock\n|move|p1a: Durant|Entrainment|p2a: Shuckle\n|-endability|p2a: Shuckle|Sturdy|[from] move: Entrainment\n|-ability|p2a: Shuckle|Truant|[from] move: Entrainment\n|\n|upkeep\n|turn|6\n|\n|t:|1700742679\n|switch|p1a: Pheromosa|Pheromosa, shiny|100\/100\n|move|p2a: Shuckle|Stealth Rock|p1a: Pheromosa\n|-sidestart|p1: JustMonika_CARR|move: Stealth Rock\n|\n|upkeep\n|turn|7\n|\n|t:|1700742684\n|move|p1a: Pheromosa|Close Combat|p2a: Shuckle\n|-damage|p2a: Shuckle|45\/100\n|-unboost|p1a: Pheromosa|def|1\n|-unboost|p1a: Pheromosa|spd|1\n|cant|p2a: Shuckle|ability: Truant\n|\n|upkeep\n|turn|8\n|\n|t:|1700742695\n|move|p1a: Pheromosa|Close Combat|p2a: Shuckle\n|-damage|p2a: Shuckle|15\/100\n|-unboost|p1a: Pheromosa|def|1\n|-unboost|p1a: Pheromosa|spd|1\n|move|p2a: Shuckle|Sticky Web|p1a: Pheromosa\n|-sidestart|p1: JustMonika_CARR|move: Sticky Web\n|\n|upkeep\n|turn|9\n|\n|t:|1700742702\n|-terastallize|p2a: Shuckle|Ghost\n|move|p1a: Pheromosa|Rapid Spin|p2a: Shuckle\n|-immune|p2a: Shuckle\n|cant|p2a: Shuckle|ability: Truant\n|\n|upkeep\n|turn|10\n|\n|t:|1700742709\n|move|p1a: Pheromosa|Bug Buzz|p2a: Shuckle\n|-resisted|p2a: Shuckle\n|-damage|p2a: Shuckle|0 fnt\n|faint|p2a: Shuckle\n|-ability|p1a: Pheromosa|Beast Boost|boost\n|-boost|p1a: Pheromosa|spa|1\n|\n|upkeep\n|\n|t:|1700742720\n|switch|p2a: Lugia|Lugia, shiny|76\/100\n|-damage|p2a: Lugia|51\/100|[from] Stealth Rock\n|turn|11\n|\n|t:|1700742724\n|move|p1a: Pheromosa|Ice Beam|p2a: Lugia\n|-supereffective|p2a: Lugia\n|-damage|p2a: Lugia|0 fnt\n|faint|p2a: Lugia\n|-ability|p1a: Pheromosa|Beast Boost|boost\n|-boost|p1a: Pheromosa|spa|1\n|\n|upkeep\n|\n|t:|1700742737\n|switch|p2a: Groudon|Groudon, shiny|100\/100\n|-damage|p2a: Groudon|94\/100|[from] Stealth Rock\n|detailschange|p2a: Groudon|Groudon-Primal, shiny\n|-primal|p2a: Groudon|Red Orb\n|-weather|DesolateLand|[from] ability: Desolate Land|[of] p2a: Groudon\n|turn|12\n|\n|t:|1700742745\n|-terastallize|p1a: Pheromosa|Ice\n|move|p1a: Pheromosa|Ice Beam|p2a: Groudon\n|-damage|p2a: Groudon|0 fnt\n|faint|p2a: Groudon\n|-weather|none\n|-ability|p1a: Pheromosa|Beast Boost|boost\n|-boost|p1a: Pheromosa|spa|1\n|\n|upkeep\n|\n|t:|1700742759\n|switch|p2a: Melmetal|Melmetal, shiny|100\/100\n|-damage|p2a: Melmetal|94\/100|[from] Stealth Rock\n|turn|13\n|\n|t:|1700742763\n|move|p1a: Pheromosa|Rapid Spin|p2a: Melmetal\n|-resisted|p2a: Melmetal\n|-damage|p2a: Melmetal|91\/100\n|-boost|p1a: Pheromosa|spe|1\n|-sideend|p1: JustMonika_CARR|Stealth Rock|[from] move: Rapid Spin|[of] p1a: Pheromosa\n|-sideend|p1: JustMonika_CARR|Sticky Web|[from] move: Rapid Spin|[of] p1a: Pheromosa\n|move|p2a: Melmetal|Double Iron Bash|p1a: Pheromosa\n|-supereffective|p1a: Pheromosa\n|-enditem|p1a: Pheromosa|Focus Sash\n|-damage|p1a: Pheromosa|1\/100\n|-supereffective|p1a: Pheromosa\n|-damage|p1a: Pheromosa|0 fnt\n|faint|p1a: Pheromosa\n|-hitcount|p1: Pheromosa|2\n|\n|upkeep\n|\n|t:|1700742778\n|switch|p1a: Durant|Durant, F, shiny|12\/100\n|turn|14\n|j| rizeparon\n|\n|t:|1700742780\n|move|p1a: Durant|Entrainment|p2a: Melmetal\n|-endability|p2a: Melmetal|Iron Fist|[from] move: Entrainment\n|-ability|p2a: Melmetal|Truant|[from] move: Entrainment\n|move|p2a: Melmetal|Double Iron Bash|p1a: Durant\n|-resisted|p1a: Durant\n|-damage|p1a: Durant|0 fnt\n|faint|p1a: Durant\n|-hitcount|p1: Durant|1\n|\n|upkeep\n|\n|t:|1700742786\n|switch|p1a: Gothitelle|Gothitelle, F, shiny|100\/100\n|turn|15\n|\n|t:|1700742790\n|move|p1a: Gothitelle|Substitute|p1a: Gothitelle\n|-start|p1a: Gothitelle|Substitute\n|-damage|p1a: Gothitelle|75\/100\n|cant|p2a: Melmetal|ability: Truant\n|\n|upkeep\n|turn|16\n|\n|t:|1700742792\n|move|p1a: Gothitelle|Substitute|p1a: Gothitelle\n|-fail|p1a: Gothitelle|move: Substitute\n|move|p2a: Melmetal|Double Iron Bash|p1a: Gothitelle\n|-end|p1a: Gothitelle|Substitute\n|-damage|p1a: Gothitelle|26\/100\n|-hitcount|p1a: Gothitelle|2\n|\n|upkeep\n|turn|17\n|l| rizeparon\n|\n|t:|1700742799\n|move|p1a: Gothitelle|Substitute|p1a: Gothitelle\n|-start|p1a: Gothitelle|Substitute\n|-damage|p1a: Gothitelle|1\/100\n|-enditem|p1a: Gothitelle|Starf Berry|[eat]\n|-boost|p1a: Gothitelle|spd|2|[from] item: Starf Berry\n|cant|p2a: Melmetal|ability: Truant\n|\n|upkeep\n|turn|18\n|\n|t:|1700742803\n|move|p1a: Gothitelle|Protect|p1a: Gothitelle\n|-singleturn|p1a: Gothitelle|Protect\n|move|p2a: Melmetal|Double Iron Bash|p1a: Gothitelle\n|-activate|p1a: Gothitelle|move: Protect\n|\n|upkeep\n|turn|19\n|\n|t:|1700742805\n|move|p1a: Gothitelle|Recycle|p1a: Gothitelle\n|-item|p1a: Gothitelle|Starf Berry|[from] move: Recycle\n|-enditem|p1a: Gothitelle|Starf Berry|[eat]\n|-boost|p1a: Gothitelle|spd|2|[from] item: Starf Berry\n|cant|p2a: Melmetal|ability: Truant\n|\n|upkeep\n|turn|20\n|\n|t:|1700742807\n|move|p1a: Gothitelle|Protect|p1a: Gothitelle\n|-singleturn|p1a: Gothitelle|Protect\n|move|p2a: Melmetal|Double Iron Bash|p1a: Gothitelle\n|-activate|p1a: Gothitelle|move: Protect\n|\n|upkeep\n|turn|21\n|\n|t:|1700742812\n|move|p1a: Gothitelle|Recycle|p1a: Gothitelle\n|-item|p1a: Gothitelle|Starf Berry|[from] move: Recycle\n|-enditem|p1a: Gothitelle|Starf Berry|[eat]\n|-boost|p1a: Gothitelle|spd|2|[from] item: Starf Berry\n|cant|p2a: Melmetal|ability: Truant\n|\n|upkeep\n|turn|22\n|\n|t:|1700742814\n|move|p1a: Gothitelle|Protect|p1a: Gothitelle\n|-singleturn|p1a: Gothitelle|Protect\n|move|p2a: Melmetal|Double Iron Bash|p1a: Gothitelle\n|-activate|p1a: Gothitelle|move: Protect\n|\n|upkeep\n|turn|23\n|\n|t:|1700742816\n|move|p1a: Gothitelle|Recycle|p1a: Gothitelle\n|-item|p1a: Gothitelle|Starf Berry|[from] move: Recycle\n|-enditem|p1a: Gothitelle|Starf Berry|[eat]\n|-boost|p1a: Gothitelle|spa|2|[from] item: Starf Berry\n|cant|p2a: Melmetal|ability: Truant\n|\n|upkeep\n|turn|24\n|\n|t:|1700742818\n|move|p1a: Gothitelle|Protect|p1a: Gothitelle\n|-singleturn|p1a: Gothitelle|Protect\n|move|p2a: Melmetal|Double Iron Bash|p1a: Gothitelle\n|-activate|p1a: Gothitelle|move: Protect\n|\n|upkeep\n|turn|25\n|\n|t:|1700742820\n|move|p1a: Gothitelle|Recycle|p1a: Gothitelle\n|-item|p1a: Gothitelle|Starf Berry|[from] move: Recycle\n|-enditem|p1a: Gothitelle|Starf Berry|[eat]\n|-boost|p1a: Gothitelle|spe|2|[from] item: Starf Berry\n|cant|p2a: Melmetal|ability: Truant\n|\n|upkeep\n|turn|26\n|\n|t:|1700742825\n|move|p1a: Gothitelle|Protect|p1a: Gothitelle\n|-singleturn|p1a: Gothitelle|Protect\n|move|p2a: Melmetal|Double Iron Bash|p1a: Gothitelle\n|-activate|p1a: Gothitelle|move: Protect\n|\n|upkeep\n|turn|27\n|inactive|Battle timer is ON: inactive players will automatically lose when time's up. (requested by Exzavionte)\n|\n|t:|1700742831\n|move|p1a: Gothitelle|Recycle|p1a: Gothitelle\n|-item|p1a: Gothitelle|Starf Berry|[from] move: Recycle\n|-enditem|p1a: Gothitelle|Starf Berry|[eat]\n|-boost|p1a: Gothitelle|atk|2|[from] item: Starf Berry\n|cant|p2a: Melmetal|ability: Truant\n|\n|upkeep\n|turn|28\n|\n|t:|1700742836\n|move|p1a: Gothitelle|Protect|p1a: Gothitelle\n|-singleturn|p1a: Gothitelle|Protect\n|-activate|p2a: Melmetal|move: Struggle\n|move|p2a: Melmetal|Struggle|p1a: Gothitelle\n|-activate|p1a: Gothitelle|move: Protect\n|\n|upkeep\n|turn|29\n|\n|t:|1700742839\n|move|p1a: Gothitelle|Recycle|p1a: Gothitelle\n|-item|p1a: Gothitelle|Starf Berry|[from] move: Recycle\n|-enditem|p1a: Gothitelle|Starf Berry|[eat]\n|-boost|p1a: Gothitelle|spe|2|[from] item: Starf Berry\n|cant|p2a: Melmetal|ability: Truant\n|\n|upkeep\n|turn|30\n|\n|t:|1700742841\n|move|p1a: Gothitelle|Protect|p1a: Gothitelle\n|-singleturn|p1a: Gothitelle|Protect\n|-activate|p2a: Melmetal|move: Struggle\n|move|p2a: Melmetal|Struggle|p1a: Gothitelle\n|-activate|p1a: Gothitelle|move: Protect\n|\n|upkeep\n|turn|31\n|\n|t:|1700742844\n|move|p1a: Gothitelle|Recycle|p1a: Gothitelle\n|-item|p1a: Gothitelle|Starf Berry|[from] move: Recycle\n|-enditem|p1a: Gothitelle|Starf Berry|[eat]\n|-boost|p1a: Gothitelle|spa|2|[from] item: Starf Berry\n|cant|p2a: Melmetal|ability: Truant\n|\n|upkeep\n|turn|32\n|\n|t:|1700742849\n|move|p1a: Gothitelle|Protect|p1a: Gothitelle\n|-singleturn|p1a: Gothitelle|Protect\n|-activate|p2a: Melmetal|move: Struggle\n|move|p2a: Melmetal|Struggle|p1a: Gothitelle\n|-activate|p1a: Gothitelle|move: Protect\n|\n|upkeep\n|turn|33\n|\n|t:|1700742852\n|move|p1a: Gothitelle|Recycle|p1a: Gothitelle\n|-item|p1a: Gothitelle|Starf Berry|[from] move: Recycle\n|-enditem|p1a: Gothitelle|Starf Berry|[eat]\n|-boost|p1a: Gothitelle|spe|2|[from] item: Starf Berry\n|cant|p2a: Melmetal|ability: Truant\n|\n|upkeep\n|turn|34\n|\n|t:|1700742859\n|move|p1a: Gothitelle|Protect|p1a: Gothitelle\n|-singleturn|p1a: Gothitelle|Protect\n|-activate|p2a: Melmetal|move: Struggle\n|move|p2a: Melmetal|Struggle|p1a: Gothitelle\n|-activate|p1a: Gothitelle|move: Protect\n|\n|upkeep\n|turn|35\n|\n|t:|1700742870\n|move|p1a: Gothitelle|Recycle|p1a: Gothitelle\n|-item|p1a: Gothitelle|Starf Berry|[from] move: Recycle\n|-enditem|p1a: Gothitelle|Starf Berry|[eat]\n|-boost|p1a: Gothitelle|def|2|[from] item: Starf Berry\n|cant|p2a: Melmetal|ability: Truant\n|\n|upkeep\n|turn|36\n|\n|t:|1700742879\n|move|p1a: Gothitelle|Protect|p1a: Gothitelle\n|-singleturn|p1a: Gothitelle|Protect\n|-activate|p2a: Melmetal|move: Struggle\n|move|p2a: Melmetal|Struggle|p1a: Gothitelle\n|-activate|p1a: Gothitelle|move: Protect\n|\n|upkeep\n|turn|37\n|\n|t:|1700742891\n|move|p1a: Gothitelle|Recycle|p1a: Gothitelle\n|-item|p1a: Gothitelle|Starf Berry|[from] move: Recycle\n|-enditem|p1a: Gothitelle|Starf Berry|[eat]\n|-boost|p1a: Gothitelle|atk|2|[from] item: Starf Berry\n|cant|p2a: Melmetal|ability: Truant\n|\n|upkeep\n|turn|38\n|inactive|Exzavionte has 120 seconds left.\n|inactiveoff|Battle timer is now OFF.\n|inactive|Battle timer is ON: inactive players will automatically lose when time's up. (requested by JustMonika_CARR)\n|\n|t:|1700742945\n|move|p1a: Gothitelle|Protect|p1a: Gothitelle\n|-singleturn|p1a: Gothitelle|Protect\n|-activate|p2a: Melmetal|move: Struggle\n|move|p2a: Melmetal|Struggle|p1a: Gothitelle\n|-activate|p1a: Gothitelle|move: Protect\n|\n|upkeep\n|turn|39\n|\n|t:|1700742950\n|move|p1a: Gothitelle|Recycle|p1a: Gothitelle\n|-item|p1a: Gothitelle|Starf Berry|[from] move: Recycle\n|-enditem|p1a: Gothitelle|Starf Berry|[eat]\n|-boost|p1a: Gothitelle|spa|2|[from] item: Starf Berry\n|cant|p2a: Melmetal|ability: Truant\n|\n|upkeep\n|turn|40\n|\n|t:|1700742952\n|move|p1a: Gothitelle|Protect|p1a: Gothitelle\n|-singleturn|p1a: Gothitelle|Protect\n|-activate|p2a: Melmetal|move: Struggle\n|move|p2a: Melmetal|Struggle|p1a: Gothitelle\n|-activate|p1a: Gothitelle|move: Protect\n|\n|upkeep\n|turn|41\n|\n|t:|1700742954\n|move|p1a: Gothitelle|Recycle|p1a: Gothitelle\n|-item|p1a: Gothitelle|Starf Berry|[from] move: Recycle\n|-enditem|p1a: Gothitelle|Starf Berry|[eat]\n|-boost|p1a: Gothitelle|def|2|[from] item: Starf Berry\n|cant|p2a: Melmetal|ability: Truant\n|\n|upkeep\n|turn|42\n|\n|t:|1700742956\n|move|p1a: Gothitelle|Protect|p1a: Gothitelle\n|-singleturn|p1a: Gothitelle|Protect\n|-activate|p2a: Melmetal|move: Struggle\n|move|p2a: Melmetal|Struggle|p1a: Gothitelle\n|-activate|p1a: Gothitelle|move: Protect\n|\n|upkeep\n|turn|43\n|\n|t:|1700742959\n|move|p1a: Gothitelle|Recycle|p1a: Gothitelle\n|-item|p1a: Gothitelle|Starf Berry|[from] move: Recycle\n|-enditem|p1a: Gothitelle|Starf Berry|[eat]\n|-boost|p1a: Gothitelle|def|2|[from] item: Starf Berry\n|cant|p2a: Melmetal|ability: Truant\n|\n|upkeep\n|turn|44\n|\n|t:|1700742961\n|move|p1a: Gothitelle|Protect|p1a: Gothitelle\n|-singleturn|p1a: Gothitelle|Protect\n|-activate|p2a: Melmetal|move: Struggle\n|move|p2a: Melmetal|Struggle|p1a: Gothitelle\n|-activate|p1a: Gothitelle|move: Protect\n|\n|upkeep\n|turn|45\n|\n|t:|1700742963\n|move|p1a: Gothitelle|Dark Pulse|p2a: Melmetal\n|-damage|p2a: Melmetal|6\/100\n|cant|p2a: Melmetal|ability: Truant\n|\n|upkeep\n|turn|46\n|\n|t:|1700742966\n|move|p1a: Gothitelle|Dark Pulse|p2a: Melmetal\n|-damage|p2a: Melmetal|0 fnt\n|faint|p2a: Melmetal\n|\n|upkeep\n|\n|t:|1700742977\n|switch|p2a: Salamence|Salamence, M, shiny|100\/100\n|-damage|p2a: Salamence|76\/100|[from] Stealth Rock\n|-ability|p2a: Salamence|Intimidate|boost\n|-immune|p1a: Gothitelle\n|turn|47\n|\n|t:|1700742981\n|detailschange|p2a: Salamence|Salamence-Mega, M, shiny\n|-mega|p2a: Salamence|Salamence|Salamencite\n|move|p1a: Gothitelle|Dark Pulse|p2a: Salamence\n|-damage|p2a: Salamence|0 fnt\n|faint|p2a: Salamence\n|\n|upkeep\n|\n|t:|1700742985\n|switch|p2a: Deoxys|Deoxys-Attack|100\/100\n|-damage|p2a: Deoxys|88\/100|[from] Stealth Rock\n|-ability|p2a: Deoxys|Pressure\n|turn|48\n|\n|t:|1700742988\n|move|p1a: Gothitelle|Dark Pulse|p2a: Deoxys\n|-supereffective|p2a: Deoxys\n|-damage|p2a: Deoxys|0 fnt\n|faint|p2a: Deoxys\n|\n|win|JustMonika_CARR\n|raw|JustMonika_CARR's rating: 1348 &rarr; <strong>1371<\/strong><br \/>(+23 for winning)\n|raw|Exzavionte's rating: 1408 &rarr; <strong>1385<\/strong><br \/>(-23 for losing)\n|l|\u2606Exzavionte\n|c|\u2606JustMonika_CARR|Gg\n","uploadtime":1700742999,"views":3,"p1id":"justmonikacarr","p2id":"exzavionte","formatid":"gen9nationaldexubers","rating":1371,"private":0,"password":""}