{"id":"gen9nationaldexubers-1998860556","p1":"masterzinkk","p2":"AshKetchupForever","format":"[Gen 9] National Dex Ubers","log":"|j|\u2606masterzinkk\n|j|\u2606AshKetchupForever\n|t:|1701004659\n|gametype|singles\n|player|p1|masterzinkk|lance|1146\n|player|p2|AshKetchupForever|170|1241\n|teamsize|p1|6\n|teamsize|p2|6\n|gen|9\n|tier|[Gen 9] National Dex Ubers\n|rated|\n|rule|HP Percentage Mod: HP is shown in percentages\n|rule|Endless Battle Clause: Forcing endless battles is banned\n|rule|OHKO Clause: OHKO moves are banned\n|rule|Evasion Moves Clause: Evasion moves are banned\n|rule|Evasion Items Clause: Evasion items are banned\n|rule|Species Clause: Limit one of each Pok\u00e9mon\n|rule|Sleep Clause Mod: Limit one foe put to sleep\n|rule|Mega Rayquaza Clause: You cannot mega evolve Rayquaza\n|clearpoke\n|poke|p1|Lugia|\n|poke|p1|Galvantula, M|\n|poke|p1|Eelektross, M|\n|poke|p1|Yveltal|\n|poke|p1|Vivillon, M|\n|poke|p1|Zacian-*|\n|poke|p2|Impidimp, M|\n|poke|p2|Murkrow, M|\n|poke|p2|Azumarill, F|\n|poke|p2|Galvantula, M|\n|poke|p2|Grafaiai, F|\n|poke|p2|Clefable, F|\n|teampreview\n|\n|t:|1701004669\n|start\n|switch|p1a: Yveltal|Yveltal|100\/100\n|switch|p2a: Impidimp|Impidimp, M|100\/100\n|-ability|p1a: Yveltal|Dark Aura\n|turn|1\n|inactive|Battle timer is ON: inactive players will automatically lose when time's up. (requested by AshKetchupForever)\n|\n|t:|1701004687\n|switch|p2a: Galvantula|Galvantula, M|100\/100\n|move|p1a: Yveltal|Taunt|p2a: Galvantula\n|-start|p2a: Galvantula|move: Taunt\n|\n|upkeep\n|turn|2\n|c|\u2606AshKetchupForever|b!tch\n|\n|t:|1701004707\n|move|p1a: Yveltal|Sucker Punch|p2a: Galvantula\n|-damage|p2a: Galvantula|29\/100\n|move|p2a: Galvantula|Discharge|p1a: Yveltal\n|-supereffective|p1a: Yveltal\n|-damage|p1a: Yveltal|48\/100\n|-status|p1a: Yveltal|par\n|\n|-heal|p1a: Yveltal|54\/100 par|[from] item: Leftovers\n|upkeep\n|turn|3\n|\n|t:|1701004714\n|switch|p2a: Azumarill|Azumarill, F|100\/100\n|cant|p1a: Yveltal|par\n|\n|-heal|p1a: Yveltal|60\/100 par|[from] item: Leftovers\n|upkeep\n|turn|4\n|\n|t:|1701004725\n|switch|p1a: Galvantula|Galvantula, M|100\/100\n|move|p2a: Azumarill|Perish Song|p2a: Azumarill\n|-start|p1a: Galvantula|perish3|[silent]\n|-start|p2a: Azumarill|perish3|[silent]\n|-fieldactivate|move: Perish Song\n|\n|-start|p1a: Galvantula|perish3\n|-start|p2a: Azumarill|perish3\n|upkeep\n|turn|5\n|\n|t:|1701004732\n|switch|p2a: Impidimp|Impidimp, M|100\/100\n|move|p1a: Galvantula|Sticky Web|p2a: Impidimp\n|-sidestart|p2: AshKetchupForever|move: Sticky Web\n|\n|-start|p1a: Galvantula|perish2\n|upkeep\n|turn|6\n|\n|t:|1701004737\n|move|p2a: Impidimp|Light Screen|p2a: Impidimp\n|-sidestart|p2: AshKetchupForever|move: Light Screen\n|move|p1a: Galvantula|Thunder Wave|p2a: Impidimp\n|-status|p2a: Impidimp|par\n|\n|-start|p1a: Galvantula|perish1\n|upkeep\n|turn|7\n|\n|t:|1701004744\n|move|p2a: Impidimp|Reflect|p2a: Impidimp\n|-sidestart|p2: AshKetchupForever|Reflect\n|move|p1a: Galvantula|Bug Buzz|p2a: Impidimp\n|-damage|p2a: Impidimp|72\/100 par\n|\n|-start|p1a: Galvantula|perish0\n|faint|p1a: Galvantula\n|upkeep\n|\n|t:|1701004749\n|switch|p1a: Eelektross|Eelektross, M|100\/100\n|turn|8\n|\n|t:|1701004753\n|cant|p2a: Impidimp|par\n|move|p1a: Eelektross|Coil|p1a: Eelektross\n|-boost|p1a: Eelektross|atk|1\n|-boost|p1a: Eelektross|def|1\n|-boost|p1a: Eelektross|accuracy|1\n|\n|upkeep\n|turn|9\n|\n|t:|1701004759\n|move|p2a: Impidimp|Parting Shot|p1a: Eelektross\n|-unboost|p1a: Eelektross|atk|1\n|-unboost|p1a: Eelektross|spa|1\n|\n|t:|1701004763\n|switch|p2a: Murkrow|Murkrow, M|100\/100|[from] Parting Shot\n|move|p1a: Eelektross|Coil|p1a: Eelektross\n|-boost|p1a: Eelektross|atk|1\n|-boost|p1a: Eelektross|def|1\n|-boost|p1a: Eelektross|accuracy|1\n|\n|upkeep\n|turn|10\n|\n|t:|1701004775\n|move|p2a: Murkrow|Haze|p2a: Murkrow\n|-clearallboost\n|move|p1a: Eelektross|Thunder Punch|p2a: Murkrow\n|-supereffective|p2a: Murkrow\n|-damage|p2a: Murkrow|23\/100\n|\n|upkeep\n|turn|11\n|\n|t:|1701004783\n|move|p2a: Murkrow|Defog|p1a: Eelektross\n|-unboost|p1a: Eelektross|evasion|1\n|-sideend|p2: AshKetchupForever|Sticky Web|[from] move: Defog|[of] p2a: Murkrow\n|move|p1a: Eelektross|Drain Punch|p2a: Murkrow\n|-damage|p2a: Murkrow|0 fnt\n|faint|p2a: Murkrow\n|\n|upkeep\n|\n|t:|1701004789\n|switch|p2a: Azumarill|Azumarill, F|100\/100\n|turn|12\n|\n|t:|1701004792\n|move|p1a: Eelektross|Thunder Punch|p2a: Azumarill\n|-supereffective|p2a: Azumarill\n|-damage|p2a: Azumarill|57\/100\n|move|p2a: Azumarill|Belly Drum|p2a: Azumarill\n|-damage|p2a: Azumarill|7\/100\n|-setboost|p2a: Azumarill|atk|6|[from] move: Belly Drum\n|-enditem|p2a: Azumarill|Figy Berry|[eat]\n|-heal|p2a: Azumarill|40\/100|[from] item: Figy Berry\n|\n|upkeep\n|turn|13\n|\n|t:|1701004805\n|move|p2a: Azumarill|Aqua Jet|p1a: Eelektross\n|-damage|p1a: Eelektross|0 fnt\n|faint|p1a: Eelektross\n|\n|-sideend|p2: AshKetchupForever|move: Light Screen\n|upkeep\n|\n|t:|1701004811\n|switch|p1a: Lugia|Lugia|100\/100\n|turn|14\n|\n|t:|1701004817\n|move|p1a: Lugia|Toxic|p2a: Azumarill\n|-status|p2a: Azumarill|tox\n|move|p2a: Azumarill|Perish Song|p2a: Azumarill\n|-start|p1a: Lugia|perish3|[silent]\n|-start|p2a: Azumarill|perish3|[silent]\n|-fieldactivate|move: Perish Song\n|\n|-damage|p2a: Azumarill|34\/100 tox|[from] psn\n|-start|p1a: Lugia|perish3\n|-start|p2a: Azumarill|perish3\n|-sideend|p2: AshKetchupForever|Reflect\n|upkeep\n|turn|15\n|\n|t:|1701004828\n|move|p1a: Lugia|Roost||[still]\n|-fail|p1a: Lugia|heal\n|move|p2a: Azumarill|Whirlpool|p1a: Lugia\n|-damage|p1a: Lugia|98\/100\n|-activate|p1a: Lugia|move: Whirlpool|[of] p2a: Azumarill\n|\n|-heal|p1a: Lugia|100\/100|[from] item: Leftovers\n|-damage|p2a: Azumarill|21\/100 tox|[from] psn\n|-damage|p1a: Lugia|88\/100|[from] move: Whirlpool|[partiallytrapped]\n|-start|p1a: Lugia|perish2\n|-start|p2a: Azumarill|perish2\n|upkeep\n|turn|16\n|\n|t:|1701004844\n|move|p1a: Lugia|Defog|p2a: Azumarill\n|-unboost|p2a: Azumarill|evasion|1\n|move|p2a: Azumarill|Belly Drum||[still]\n|-fail|p2a: Azumarill\n|\n|-heal|p1a: Lugia|94\/100|[from] item: Leftovers\n|-damage|p2a: Azumarill|3\/100 tox|[from] psn\n|-damage|p1a: Lugia|82\/100|[from] move: Whirlpool|[partiallytrapped]\n|-start|p1a: Lugia|perish1\n|-start|p2a: Azumarill|perish1\n|upkeep\n|turn|17\n|\n|t:|1701004854\n|move|p1a: Lugia|Roost|p1a: Lugia\n|-heal|p1a: Lugia|100\/100\n|-singleturn|p1a: Lugia|move: Roost\n|move|p2a: Azumarill|Belly Drum||[still]\n|-fail|p2a: Azumarill\n|\n|-damage|p2a: Azumarill|0 fnt|[from] psn\n|faint|p2a: Azumarill\n|-end|p1a: Lugia|Whirlpool|[partiallytrapped]|[silent]\n|-start|p1a: Lugia|perish0\n|upkeep\n|faint|p1a: Lugia\n|\n|t:|1701004867\n|switch|p1a: Vivillon|Vivillon, M|100\/100\n|switch|p2a: Grafaiai|Grafaiai, F|100\/100\n|turn|18\n|\n|t:|1701004876\n|move|p2a: Grafaiai|Copycat|p2a: Grafaiai\n|move|p2a: Grafaiai|Belly Drum|p2a: Grafaiai|[from]move: Copycat\n|-damage|p2a: Grafaiai|51\/100\n|-setboost|p2a: Grafaiai|atk|6|[from] move: Belly Drum\n|move|p1a: Vivillon|Sleep Powder|p2a: Grafaiai\n|-status|p2a: Grafaiai|slp|[from] move: Sleep Powder\n|\n|upkeep\n|turn|19\n|c|\u2606AshKetchupForever|B!TCH\n|c|\u2606AshKetchupForever|NOOB\n|c|\u2606AshKetchupForever|MF\n|inactive|AshKetchupForever has 120 seconds left.\n|\n|t:|1701004909\n|-terastallize|p2a: Grafaiai|Flying\n|cant|p2a: Grafaiai|slp\n|move|p1a: Vivillon|Substitute|p1a: Vivillon\n|-start|p1a: Vivillon|Substitute\n|-damage|p1a: Vivillon|76\/100\n|\n|-heal|p1a: Vivillon|82\/100|[from] item: Leftovers\n|upkeep\n|turn|20\n|\n|t:|1701004918\n|cant|p2a: Grafaiai|slp\n|move|p1a: Vivillon|Quiver Dance|p1a: Vivillon\n|-boost|p1a: Vivillon|spa|1\n|-boost|p1a: Vivillon|spd|1\n|-boost|p1a: Vivillon|spe|1\n|\n|-heal|p1a: Vivillon|88\/100|[from] item: Leftovers\n|upkeep\n|turn|21\n|\n|t:|1701004922\n|move|p1a: Vivillon|Quiver Dance|p1a: Vivillon\n|-boost|p1a: Vivillon|spa|1\n|-boost|p1a: Vivillon|spd|1\n|-boost|p1a: Vivillon|spe|1\n|-curestatus|p2a: Grafaiai|slp|[msg]\n|move|p2a: Grafaiai|Acrobatics|p1a: Vivillon\n|-supereffective|p1a: Vivillon\n|-end|p1a: Vivillon|Substitute\n|\n|-heal|p1a: Vivillon|94\/100|[from] item: Leftovers\n|upkeep\n|turn|22\n|\n|t:|1701004927\n|move|p1a: Vivillon|Sleep Powder|p2a: Grafaiai\n|-status|p2a: Grafaiai|slp|[from] move: Sleep Powder\n|cant|p2a: Grafaiai|slp\n|\n|-heal|p1a: Vivillon|99\/100|[from] item: Leftovers\n|upkeep\n|turn|23\n|c|\u2606AshKetchupForever|STOP IT\n|inactive|AshKetchupForever has 120 seconds left.\n|c|\u2606AshKetchupForever|FIGHT LIKE A MAN\n|c|\u2606AshKetchupForever|NOT A BITCH\n|\n|t:|1701004981\n|move|p1a: Vivillon|Substitute|p1a: Vivillon\n|-start|p1a: Vivillon|Substitute\n|-damage|p1a: Vivillon|75\/100\n|cant|p2a: Grafaiai|slp\n|\n|-heal|p1a: Vivillon|81\/100|[from] item: Leftovers\n|upkeep\n|turn|24\n|\n|t:|1701004996\n|move|p1a: Vivillon|Hurricane|p2a: Grafaiai\n|-damage|p2a: Grafaiai|0 fnt\n|faint|p2a: Grafaiai\n|\n|-heal|p1a: Vivillon|87\/100|[from] item: Leftovers\n|upkeep\n|inactive|AshKetchupForever has 90 seconds left.\n|c|\u2606AshKetchupForever|get better than bitchass sleep powder bitchspam\n|inactive|AshKetchupForever has 60 seconds left.\n|inactive|AshKetchupForever has 30 seconds left.\n|\n|t:|1701005084\n|switch|p2a: Galvantula|Galvantula, M|29\/100\n|turn|25\n|inactive|masterzinkk has 120 seconds left.\n|inactive|masterzinkk has 90 seconds left.\n|\n|t:|1701005145\n|move|p1a: Vivillon|Hurricane|p2a: Galvantula\n|-damage|p2a: Galvantula|0 fnt\n|faint|p2a: Galvantula\n|\n|-heal|p1a: Vivillon|93\/100|[from] item: Leftovers\n|upkeep\n|c|\u2606AshKetchupForever|move your FAT GAY ASS\n|n|\u203dAshKetchupForever|ashketchupforever\n|c|&|\/log AshKetchupForever was locked from talking by Artemis. (\u2606AshKetchupForever: move your FAT GAY ASS)\n|c|&|\/raw <small>This action was done automatically. Want to learn more about the AI? <a href=\"https:\/\/www.smogon.com\/forums\/threads\/3570628\/#post-9056769\">Visit the information thread<\/a>.<\/small>\n|inactive|AshKetchupForever has 30 seconds left.\n|inactive|AshKetchupForever has 20 seconds left.\n|inactive|AshKetchupForever has 15 seconds left.\n|\n|t:|1701005178\n|switch|p2a: Clefable|Clefable, F|100\/100\n|turn|26\n|inactive|AshKetchupForever has 25 seconds left this turn.\n|\n|t:|1701005183\n|move|p1a: Vivillon|Sleep Powder|p2a: Clefable\n|-status|p2a: Clefable|slp|[from] move: Sleep Powder\n|cant|p2a: Clefable|slp\n|\n|-heal|p1a: Vivillon|99\/100|[from] item: Leftovers\n|upkeep\n|turn|27\n|\n|t:|1701005186\n|move|p1a: Vivillon|Hurricane|p2a: Clefable\n|-damage|p2a: Clefable|58\/100 slp\n|cant|p2a: Clefable|slp\n|\n|-heal|p1a: Vivillon|100\/100|[from] item: Leftovers\n|-heal|p2a: Clefable|64\/100 slp|[from] item: Leftovers\n|upkeep\n|turn|28\n|\n|t:|1701005191\n|move|p1a: Vivillon|Quiver Dance|p1a: Vivillon\n|-boost|p1a: Vivillon|spa|1\n|-boost|p1a: Vivillon|spd|1\n|-boost|p1a: Vivillon|spe|1\n|cant|p2a: Clefable|slp\n|\n|-heal|p2a: Clefable|70\/100 slp|[from] item: Leftovers\n|upkeep\n|turn|29\n|\n|t:|1701005196\n|move|p1a: Vivillon|Quiver Dance|p1a: Vivillon\n|-boost|p1a: Vivillon|spa|1\n|-boost|p1a: Vivillon|spd|1\n|-boost|p1a: Vivillon|spe|1\n|-curestatus|p2a: Clefable|slp|[msg]\n|move|p2a: Clefable|Substitute|p2a: Clefable\n|-start|p2a: Clefable|Substitute\n|-damage|p2a: Clefable|45\/100\n|\n|-heal|p2a: Clefable|51\/100|[from] item: Leftovers\n|upkeep\n|turn|30\n|\n|t:|1701005202\n|move|p1a: Vivillon|Sleep Powder||[still]\n|-fail|p1a: Vivillon\n|move|p2a: Clefable|Calm Mind|p2a: Clefable\n|-boost|p2a: Clefable|spa|1\n|-boost|p2a: Clefable|spd|1\n|\n|-heal|p2a: Clefable|57\/100|[from] item: Leftovers\n|upkeep\n|turn|31\n|\n|t:|1701005205\n|move|p1a: Vivillon|Hurricane|p2a: Clefable\n|-end|p2a: Clefable|Substitute\n|move|p2a: Clefable|Calm Mind|p2a: Clefable\n|-boost|p2a: Clefable|spa|1\n|-boost|p2a: Clefable|spd|1\n|\n|-heal|p2a: Clefable|63\/100|[from] item: Leftovers\n|upkeep\n|turn|32\n|\n|t:|1701005209\n|move|p1a: Vivillon|Sleep Powder|p2a: Clefable\n|-status|p2a: Clefable|slp|[from] move: Sleep Powder\n|cant|p2a: Clefable|slp\n|\n|-heal|p2a: Clefable|70\/100 slp|[from] item: Leftovers\n|upkeep\n|turn|33\n|\n|t:|1701005213\n|move|p1a: Vivillon|Quiver Dance|p1a: Vivillon\n|-boost|p1a: Vivillon|spa|1\n|-boost|p1a: Vivillon|spd|1\n|-boost|p1a: Vivillon|spe|1\n|-curestatus|p2a: Clefable|slp|[msg]\n|move|p2a: Clefable|Substitute|p2a: Clefable\n|-start|p2a: Clefable|Substitute\n|-damage|p2a: Clefable|45\/100\n|\n|-heal|p2a: Clefable|51\/100|[from] item: Leftovers\n|upkeep\n|turn|34\n|\n|t:|1701005218\n|move|p1a: Vivillon|Hurricane|p2a: Clefable\n|-activate|p2a: Clefable|move: Substitute|[damage]\n|move|p2a: Clefable|Calm Mind|p2a: Clefable\n|-boost|p2a: Clefable|spa|1\n|-boost|p2a: Clefable|spd|1\n|\n|-heal|p2a: Clefable|57\/100|[from] item: Leftovers\n|upkeep\n|turn|35\n|\n|t:|1701005222\n|move|p1a: Vivillon|Hurricane|p2a: Clefable\n|-end|p2a: Clefable|Substitute\n|move|p2a: Clefable|Calm Mind|p2a: Clefable\n|-boost|p2a: Clefable|spa|1\n|-boost|p2a: Clefable|spd|1\n|\n|-heal|p2a: Clefable|63\/100|[from] item: Leftovers\n|upkeep\n|turn|36\n|\n|t:|1701005227\n|move|p1a: Vivillon|Sleep Powder|p2a: Clefable\n|-status|p2a: Clefable|slp|[from] move: Sleep Powder\n|cant|p2a: Clefable|slp\n|\n|-heal|p2a: Clefable|69\/100 slp|[from] item: Leftovers\n|upkeep\n|turn|37\n|inactive|AshKetchupForever has 120 seconds left.\n|\n|t:|1701005233\n|move|p1a: Vivillon|Hurricane|p2a: Clefable\n|-damage|p2a: Clefable|56\/100 slp\n|-curestatus|p2a: Clefable|slp|[msg]\n|move|p2a: Clefable|Substitute|p2a: Clefable\n|-start|p2a: Clefable|Substitute\n|-damage|p2a: Clefable|31\/100\n|\n|-heal|p2a: Clefable|37\/100|[from] item: Leftovers\n|upkeep\n|turn|38\n|\n|t:|1701005238\n|move|p1a: Vivillon|Sleep Powder||[still]\n|-fail|p1a: Vivillon\n|move|p2a: Clefable|Draining Kiss|p1a: Vivillon\n|-end|p1a: Vivillon|Substitute\n|-heal|p2a: Clefable|52\/100|[from] drain|[of] p1a: Vivillon\n|\n|-heal|p2a: Clefable|58\/100|[from] item: Leftovers\n|upkeep\n|turn|39\n|\n|t:|1701005246\n|move|p1a: Vivillon|Substitute|p1a: Vivillon\n|-start|p1a: Vivillon|Substitute\n|-damage|p1a: Vivillon|76\/100\n|move|p2a: Clefable|Draining Kiss|p1a: Vivillon\n|-end|p1a: Vivillon|Substitute\n|-heal|p2a: Clefable|72\/100|[from] drain|[of] p1a: Vivillon\n|\n|-heal|p1a: Vivillon|82\/100|[from] item: Leftovers\n|-heal|p2a: Clefable|78\/100|[from] item: Leftovers\n|upkeep\n|turn|40\n|\n|t:|1701005255\n|move|p1a: Vivillon|Hurricane|p2a: Clefable\n|-activate|p2a: Clefable|move: Substitute|[damage]\n|move|p2a: Clefable|Draining Kiss|p1a: Vivillon\n|-damage|p1a: Vivillon|0 fnt\n|-heal|p2a: Clefable|100\/100|[from] drain|[of] p1a: Vivillon\n|faint|p1a: Vivillon\n|\n|upkeep\n|\n|t:|1701005260\n|switch|p1a: Zacian|Zacian-Crowned|100\/100\n|-ability|p1a: Zacian|Intrepid Sword|boost\n|-boost|p1a: Zacian|atk|1\n|turn|41\n|\n|t:|1701005270\n|move|p1a: Zacian|Behemoth Blade|p2a: Clefable\n|-supereffective|p2a: Clefable\n|-end|p2a: Clefable|Substitute\n|move|p2a: Clefable|Draining Kiss|p1a: Zacian\n|-resisted|p1a: Zacian\n|-damage|p1a: Zacian|77\/100\n|\n|upkeep\n|turn|42\n|\n|t:|1701005279\n|move|p1a: Zacian|Behemoth Blade|p2a: Clefable\n|-supereffective|p2a: Clefable\n|-damage|p2a: Clefable|5\/100\n|move|p2a: Clefable|Substitute|p2a: Clefable\n|-fail|p2a: Clefable|move: Substitute|[weak]\n|\n|-heal|p2a: Clefable|11\/100|[from] item: Leftovers\n|upkeep\n|turn|43\n|\n|t:|1701005287\n|move|p1a: Zacian|Behemoth Blade|p2a: Clefable\n|-supereffective|p2a: Clefable\n|-damage|p2a: Clefable|0 fnt\n|faint|p2a: Clefable\n|\n|upkeep\n|\n|t:|1701005293\n|switch|p2a: Impidimp|Impidimp, M|72\/100 par\n|turn|44\n|\n|t:|1701005298\n|cant|p2a: Impidimp|par\n|move|p1a: Zacian|Behemoth Blade|p2a: Impidimp\n|-supereffective|p2a: Impidimp\n|-damage|p2a: Impidimp|0 fnt\n|faint|p2a: Impidimp\n|\n|win|masterzinkk\n|raw|masterzinkk's rating: 1146 &rarr; <strong>1178<\/strong><br \/>(+32 for winning)\n|raw|AshKetchupForever's rating: 1241 &rarr; <strong>1209<\/strong><br \/>(-32 for losing)\n","uploadtime":1701005046,"views":9,"p1id":"masterzinkk","p2id":"ashketchupforever","formatid":"gen9nationaldexubers","rating":1178,"private":0,"password":""}