{"id":"gen9nationaldexubers-1988431155","p1":"Thatweirdkid777","p2":"JustMonika_CARR","format":"[Gen 9] National Dex Ubers","log":"|j|\u2606Thatweirdkid777\n|j|\u2606JustMonika_CARR\n|t:|1699722207\n|gametype|singles\n|player|p1|Thatweirdkid777|burglar|1375\n|player|p2|JustMonika_CARR|rosa|1494\n|teamsize|p1|6\n|teamsize|p2|6\n|gen|9\n|tier|[Gen 9] National Dex Ubers\n|rated|\n|rule|HP Percentage Mod: HP is shown in percentages\n|rule|Endless Battle Clause: Forcing endless battles is banned\n|rule|OHKO Clause: OHKO moves are banned\n|rule|Evasion Moves Clause: Evasion moves are banned\n|rule|Evasion Items Clause: Evasion items are banned\n|rule|Species Clause: Limit one of each Pok\u00e9mon\n|rule|Sleep Clause Mod: Limit one foe put to sleep\n|rule|Mega Rayquaza Clause: You cannot mega evolve Rayquaza\n|clearpoke\n|poke|p1|Shuckle, M|\n|poke|p1|Urshifu-*, M|\n|poke|p1|Mewtwo|\n|poke|p1|Zygarde|\n|poke|p1|Kyogre|\n|poke|p1|Regieleki|\n|poke|p2|Marshadow|\n|poke|p2|Lopunny, F|\n|poke|p2|Dialga|\n|poke|p2|Forretress, F|\n|poke|p2|Pheromosa|\n|poke|p2|Grimmsnarl, M|\n|teampreview\n|inactive|Battle timer is ON: inactive players will automatically lose when time's up. (requested by Thatweirdkid777)\n|\n|t:|1699722240\n|start\n|switch|p1a: Urshifu|Urshifu, M|100\/100\n|switch|p2a: Forretress|Forretress, F, shiny|100\/100\n|turn|1\n|\n|t:|1699722248\n|move|p1a: Urshifu|Close Combat|p2a: Forretress\n|-damage|p2a: Forretress|68\/100\n|-unboost|p1a: Urshifu|def|1\n|-unboost|p1a: Urshifu|spd|1\n|-enditem|p2a: Forretress|Red Card|[of] p1a: Urshifu\n|drag|p1a: Regieleki|Regieleki|100\/100\n|move|p2a: Forretress|Toxic Spikes|p1a: Regieleki\n|-sidestart|p1: Thatweirdkid777|move: Toxic Spikes\n|\n|upkeep\n|turn|2\n|\n|t:|1699722259\n|move|p1a: Regieleki|Rapid Spin|p2a: Forretress\n|-resisted|p2a: Forretress\n|-damage|p2a: Forretress|66\/100\n|-boost|p1a: Regieleki|spe|1\n|-sideend|p1: Thatweirdkid777|Toxic Spikes|[from] move: Rapid Spin|[of] p1a: Regieleki\n|move|p2a: Forretress|Toxic Spikes|p1a: Regieleki\n|-sidestart|p1: Thatweirdkid777|move: Toxic Spikes\n|\n|upkeep\n|turn|3\n|\n|t:|1699722267\n|move|p1a: Regieleki|Rapid Spin|p2a: Forretress\n|-resisted|p2a: Forretress\n|-damage|p2a: Forretress|63\/100\n|-boost|p1a: Regieleki|spe|1\n|-sideend|p1: Thatweirdkid777|Toxic Spikes|[from] move: Rapid Spin|[of] p1a: Regieleki\n|move|p2a: Forretress|Toxic Spikes|p1a: Regieleki\n|-sidestart|p1: Thatweirdkid777|move: Toxic Spikes\n|\n|upkeep\n|turn|4\n|\n|t:|1699722278\n|move|p1a: Regieleki|Volt Switch|p2a: Forretress\n|-damage|p2a: Forretress|15\/100\n|\n|t:|1699722281\n|switch|p1a: Kyogre|Kyogre|100\/100|[from] Volt Switch\n|-status|p1a: Kyogre|psn\n|detailschange|p1a: Kyogre|Kyogre-Primal\n|-primal|p1a: Kyogre|Blue Orb\n|-weather|PrimordialSea|[from] ability: Primordial Sea|[of] p1a: Kyogre\n|move|p2a: Forretress|Toxic Spikes|p1a: Kyogre\n|-sidestart|p1: Thatweirdkid777|move: Toxic Spikes\n|\n|-weather|PrimordialSea|[upkeep]\n|-damage|p1a: Kyogre|88\/100 psn|[from] psn\n|upkeep\n|turn|5\n|\n|t:|1699722294\n|move|p2a: Forretress|Endure|p2a: Forretress\n|-singleturn|p2a: Forretress|move: Endure\n|move|p1a: Kyogre|Calm Mind|p1a: Kyogre\n|-boost|p1a: Kyogre|spa|1\n|-boost|p1a: Kyogre|spd|1\n|\n|-weather|PrimordialSea|[upkeep]\n|-damage|p1a: Kyogre|76\/100 psn|[from] psn\n|upkeep\n|turn|6\n|\n|t:|1699722304\n|move|p1a: Kyogre|Calm Mind|p1a: Kyogre\n|-boost|p1a: Kyogre|spa|1\n|-boost|p1a: Kyogre|spd|1\n|move|p2a: Forretress|Stealth Rock|p1a: Kyogre\n|-sidestart|p1: Thatweirdkid777|move: Stealth Rock\n|\n|-weather|PrimordialSea|[upkeep]\n|-damage|p1a: Kyogre|63\/100 psn|[from] psn\n|upkeep\n|turn|7\n|\n|t:|1699722312\n|move|p1a: Kyogre|Calm Mind|p1a: Kyogre\n|-boost|p1a: Kyogre|spa|1\n|-boost|p1a: Kyogre|spd|1\n|move|p2a: Forretress|Rapid Spin|p1a: Kyogre\n|-damage|p1a: Kyogre|56\/100 psn\n|-boost|p2a: Forretress|spe|1\n|\n|-weather|PrimordialSea|[upkeep]\n|-damage|p1a: Kyogre|43\/100 psn|[from] psn\n|upkeep\n|turn|8\n|\n|t:|1699722324\n|move|p2a: Forretress|Endure|p2a: Forretress\n|-singleturn|p2a: Forretress|move: Endure\n|move|p1a: Kyogre|Rest|p1a: Kyogre\n|-status|p1a: Kyogre|slp|[from] move: Rest\n|-heal|p1a: Kyogre|100\/100 slp|[silent]\n|\n|-weather|PrimordialSea|[upkeep]\n|upkeep\n|turn|9\n|\n|t:|1699722339\n|switch|p2a: Marshadow|Marshadow|100\/100\n|cant|p1a: Kyogre|slp\n|\n|-weather|PrimordialSea|[upkeep]\n|upkeep\n|turn|10\n|\n|t:|1699722347\n|move|p2a: Marshadow|Spectral Thief||[still]\n|-clearpositiveboost|p1a: Kyogre|p2a: Marshadow|move: Spectral Thief\n|-boost|p2a: Marshadow|spa|3\n|-boost|p2a: Marshadow|spd|3\n|-anim|p2a: Marshadow|Spectral Thief|p1a: Kyogre\n|-damage|p1a: Kyogre|69\/100 slp\n|cant|p1a: Kyogre|slp\n|\n|-weather|PrimordialSea|[upkeep]\n|upkeep\n|turn|11\n|\n|t:|1699722361\n|move|p2a: Marshadow|Spectral Thief|p1a: Kyogre\n|-damage|p1a: Kyogre|41\/100 slp\n|-curestatus|p1a: Kyogre|slp|[msg]\n|move|p1a: Kyogre|Scald|p2a: Marshadow\n|-damage|p2a: Marshadow|69\/100\n|-status|p2a: Marshadow|brn\n|\n|-weather|PrimordialSea|[upkeep]\n|-damage|p2a: Marshadow|62\/100 brn|[from] brn\n|upkeep\n|turn|12\n|\n|t:|1699722374\n|move|p2a: Marshadow|Drain Punch|p1a: Kyogre\n|-damage|p1a: Kyogre|29\/100\n|-heal|p2a: Marshadow|69\/100 brn|[from] drain|[of] p1a: Kyogre\n|move|p1a: Kyogre|Scald|p2a: Marshadow\n|-damage|p2a: Marshadow|36\/100 brn\n|\n|-weather|PrimordialSea|[upkeep]\n|-damage|p2a: Marshadow|30\/100 brn|[from] brn\n|upkeep\n|turn|13\n|\n|t:|1699722385\n|move|p2a: Marshadow|Drain Punch|p1a: Kyogre\n|-damage|p1a: Kyogre|17\/100\n|-heal|p2a: Marshadow|38\/100 brn|[from] drain|[of] p1a: Kyogre\n|move|p1a: Kyogre|Rest|p1a: Kyogre\n|-status|p1a: Kyogre|slp|[from] move: Rest\n|-heal|p1a: Kyogre|100\/100 slp|[silent]\n|\n|-weather|PrimordialSea|[upkeep]\n|-damage|p2a: Marshadow|32\/100 brn|[from] brn\n|upkeep\n|turn|14\n|\n|t:|1699722400\n|switch|p2a: Lopunny|Lopunny, F, shiny|100\/100\n|cant|p1a: Kyogre|slp\n|\n|-weather|PrimordialSea|[upkeep]\n|upkeep\n|turn|15\n|\n|t:|1699722407\n|detailschange|p2a: Lopunny|Lopunny-Mega, F, shiny\n|-mega|p2a: Lopunny|Lopunny|Lopunnite\n|move|p2a: Lopunny|Power-Up Punch|p1a: Kyogre\n|-damage|p1a: Kyogre|86\/100 slp\n|-boost|p2a: Lopunny|atk|1\n|cant|p1a: Kyogre|slp\n|\n|-weather|PrimordialSea|[upkeep]\n|upkeep\n|turn|16\n|\n|t:|1699722416\n|move|p2a: Lopunny|Close Combat|p1a: Kyogre\n|-damage|p1a: Kyogre|25\/100 slp\n|-unboost|p2a: Lopunny|def|1\n|-unboost|p2a: Lopunny|spd|1\n|-curestatus|p1a: Kyogre|slp|[msg]\n|move|p1a: Kyogre|Scald|p2a: Lopunny\n|-damage|p2a: Lopunny|0 fnt\n|faint|p2a: Lopunny\n|\n|-weather|PrimordialSea|[upkeep]\n|upkeep\n|\n|t:|1699722432\n|switch|p2a: Pheromosa|Pheromosa, shiny|100\/100\n|turn|17\n|\n|t:|1699722443\n|-weather|none\n|switch|p1a: Shuckle|Shuckle, M, shiny|100\/100\n|-status|p1a: Shuckle|tox\n|-damage|p1a: Shuckle|75\/100 tox|[from] Stealth Rock\n|move|p2a: Pheromosa|Rapid Spin|p1a: Shuckle\n|-resisted|p1a: Shuckle\n|-damage|p1a: Shuckle|71\/100 tox\n|-boost|p2a: Pheromosa|spe|1\n|\n|-damage|p1a: Shuckle|65\/100 tox|[from] psn\n|upkeep\n|turn|18\n|\n|t:|1699722457\n|move|p2a: Pheromosa|Bug Buzz|p1a: Shuckle\n|-damage|p1a: Shuckle|32\/100 tox\n|move|p1a: Shuckle|Toxic|p2a: Pheromosa\n|-status|p2a: Pheromosa|tox\n|\n|-damage|p2a: Pheromosa|94\/100 tox|[from] psn\n|-damage|p1a: Shuckle|19\/100 tox|[from] psn\n|upkeep\n|turn|19\n|\n|t:|1699722465\n|move|p2a: Pheromosa|Bug Buzz|p1a: Shuckle\n|-damage|p1a: Shuckle|0 fnt\n|faint|p1a: Shuckle\n|-ability|p2a: Pheromosa|Beast Boost|boost\n|-boost|p2a: Pheromosa|spa|1\n|\n|-damage|p2a: Pheromosa|82\/100 tox|[from] psn\n|upkeep\n|\n|t:|1699722479\n|switch|p1a: Kyogre|Kyogre-Primal|25\/100\n|-status|p1a: Kyogre|tox\n|-damage|p1a: Kyogre|13\/100 tox|[from] Stealth Rock\n|-weather|PrimordialSea|[from] ability: Primordial Sea|[of] p1a: Kyogre\n|turn|20\n|\n|t:|1699722486\n|move|p2a: Pheromosa|Bug Buzz|p1a: Kyogre\n|-damage|p1a: Kyogre|0 fnt\n|faint|p1a: Kyogre\n|-weather|none\n|-ability|p2a: Pheromosa|Beast Boost|boost\n|-boost|p2a: Pheromosa|spa|1\n|\n|-damage|p2a: Pheromosa|64\/100 tox|[from] psn\n|upkeep\n|\n|t:|1699722504\n|switch|p1a: Zygarde|Zygarde|100\/100\n|-status|p1a: Zygarde|tox\n|-damage|p1a: Zygarde|94\/100 tox|[from] Stealth Rock\n|turn|21\n|\n|t:|1699722513\n|move|p1a: Zygarde|Extreme Speed|p2a: Pheromosa\n|-damage|p2a: Pheromosa|5\/100 tox\n|move|p2a: Pheromosa|Ice Beam|p1a: Zygarde\n|-supereffective|p1a: Zygarde\n|-damage|p1a: Zygarde|0 fnt\n|faint|p1a: Zygarde\n|-ability|p2a: Pheromosa|Beast Boost|boost\n|-boost|p2a: Pheromosa|spa|1\n|\n|-damage|p2a: Pheromosa|0 fnt|[from] psn\n|faint|p2a: Pheromosa\n|upkeep\n|\n|t:|1699722530\n|switch|p2a: Marshadow|Marshadow|32\/100 brn\n|switch|p1a: Regieleki|Regieleki|100\/100\n|-status|p1a: Regieleki|tox\n|-damage|p1a: Regieleki|88\/100 tox|[from] Stealth Rock\n|turn|22\n|\n|t:|1699722541\n|move|p2a: Marshadow|Shadow Sneak|p1a: Regieleki\n|-damage|p1a: Regieleki|64\/100 tox\n|move|p1a: Regieleki|Volt Switch|p2a: Marshadow\n|-damage|p2a: Marshadow|0 fnt\n|faint|p2a: Marshadow\n|\n|t:|1699722546\n|switch|p1a: Mewtwo|Mewtwo|100\/100|[from] Volt Switch\n|-status|p1a: Mewtwo|tox\n|-damage|p1a: Mewtwo|88\/100 tox|[from] Stealth Rock\n|-ability|p1a: Mewtwo|Pressure\n|\n|-damage|p1a: Mewtwo|82\/100 tox|[from] psn\n|upkeep\n|\n|t:|1699722556\n|switch|p2a: Grimmsnarl|Grimmsnarl, M, shiny|100\/100\n|turn|23\n|\n|t:|1699722571\n|detailschange|p1a: Mewtwo|Mewtwo-Mega-Y\n|-mega|p1a: Mewtwo|Mewtwo|Mewtwonite Y\n|move|p2a: Grimmsnarl|Light Screen|p2a: Grimmsnarl\n|-sidestart|p2: JustMonika_CARR|move: Light Screen\n|move|p1a: Mewtwo|Aura Sphere|p2a: Grimmsnarl\n|-damage|p2a: Grimmsnarl|81\/100\n|\n|-heal|p2a: Grimmsnarl|87\/100|[from] item: Leftovers\n|-damage|p1a: Mewtwo|69\/100 tox|[from] psn\n|upkeep\n|turn|24\n|\n|t:|1699722582\n|move|p1a: Mewtwo|Nasty Plot|p1a: Mewtwo\n|-boost|p1a: Mewtwo|spa|2\n|move|p2a: Grimmsnarl|Spirit Break|p1a: Mewtwo\n|-damage|p1a: Mewtwo|33\/100 tox\n|-unboost|p1a: Mewtwo|spa|1\n|\n|-heal|p2a: Grimmsnarl|93\/100|[from] item: Leftovers\n|-damage|p1a: Mewtwo|14\/100 tox|[from] psn\n|upkeep\n|turn|25\n|\n|t:|1699722597\n|move|p2a: Grimmsnarl|Reflect|p2a: Grimmsnarl\n|-sidestart|p2: JustMonika_CARR|Reflect\n|move|p1a: Mewtwo|Flamethrower|p2a: Grimmsnarl\n|-damage|p2a: Grimmsnarl|61\/100\n|\n|-heal|p2a: Grimmsnarl|67\/100|[from] item: Leftovers\n|-damage|p1a: Mewtwo|0 fnt|[from] psn\n|faint|p1a: Mewtwo\n|upkeep\n|\n|t:|1699722605\n|switch|p1a: Regieleki|Regieleki|64\/100 tox\n|-damage|p1a: Regieleki|52\/100 tox|[from] Stealth Rock\n|turn|26\n|\n|t:|1699722613\n|move|p1a: Regieleki|Rapid Spin|p2a: Grimmsnarl\n|-damage|p2a: Grimmsnarl|62\/100\n|-boost|p1a: Regieleki|spe|1\n|-sideend|p1: Thatweirdkid777|Toxic Spikes|[from] move: Rapid Spin|[of] p1a: Regieleki\n|-sideend|p1: Thatweirdkid777|Stealth Rock|[from] move: Rapid Spin|[of] p1a: Regieleki\n|move|p2a: Grimmsnarl|Spirit Break|p1a: Regieleki\n|-damage|p1a: Regieleki|1\/100 tox\n|-unboost|p1a: Regieleki|spa|1\n|\n|-heal|p2a: Grimmsnarl|69\/100|[from] item: Leftovers\n|-damage|p1a: Regieleki|0 fnt|[from] psn\n|faint|p1a: Regieleki\n|upkeep\n|\n|t:|1699722623\n|switch|p1a: Urshifu|Urshifu, M|100\/100\n|turn|27\n|\n|t:|1699722635\n|-terastallize|p1a: Urshifu|Ghost\n|move|p1a: Urshifu|Wicked Blow|p2a: Grimmsnarl\n|-resisted|p2a: Grimmsnarl\n|-crit|p2a: Grimmsnarl\n|-damage|p2a: Grimmsnarl|50\/100\n|move|p2a: Grimmsnarl|Spirit Break|p1a: Urshifu\n|-damage|p1a: Urshifu|68\/100\n|-unboost|p1a: Urshifu|spa|1\n|\n|-heal|p2a: Grimmsnarl|56\/100|[from] item: Leftovers\n|-sideend|p2: JustMonika_CARR|move: Light Screen\n|upkeep\n|turn|28\n|\n|t:|1699722650\n|move|p1a: Urshifu|Close Combat|p2a: Grimmsnarl\n|-damage|p2a: Grimmsnarl|27\/100\n|-unboost|p1a: Urshifu|def|1\n|-unboost|p1a: Urshifu|spd|1\n|move|p2a: Grimmsnarl|Spirit Break|p1a: Urshifu\n|-damage|p1a: Urshifu|20\/100\n|-unboost|p1a: Urshifu|spa|1\n|\n|-heal|p2a: Grimmsnarl|33\/100|[from] item: Leftovers\n|upkeep\n|turn|29\n|\n|t:|1699722669\n|move|p1a: Urshifu|Close Combat|p2a: Grimmsnarl\n|-damage|p2a: Grimmsnarl|0 fnt\n|-unboost|p1a: Urshifu|def|1\n|-unboost|p1a: Urshifu|spd|1\n|faint|p2a: Grimmsnarl\n|\n|-sideend|p2: JustMonika_CARR|Reflect\n|upkeep\n|\n|t:|1699722678\n|switch|p2a: Forretress|Forretress, F, shiny|15\/100\n|turn|30\n|\n|t:|1699722686\n|move|p1a: Urshifu|Sucker Punch|p2a: Forretress\n|-damage|p2a: Forretress|0 fnt\n|faint|p2a: Forretress\n|\n|upkeep\n|\n|t:|1699722694\n|switch|p2a: Dialga|Dialga, shiny|100\/100\n|-ability|p2a: Dialga|Pressure\n|turn|31\n|\n|t:|1699722704\n|-terastallize|p2a: Dialga|Ground\n|move|p2a: Dialga|Earth Power|p1a: Urshifu\n|-damage|p1a: Urshifu|0 fnt\n|faint|p1a: Urshifu\n|\n|win|JustMonika_CARR\n|raw|Thatweirdkid777's rating: 1375 &rarr; <strong>1362<\/strong><br \/>(-13 for losing)\n|raw|JustMonika_CARR's rating: 1494 &rarr; <strong>1507<\/strong><br \/>(+13 for winning)\n","uploadtime":1699722713,"views":4,"p1id":"thatweirdkid777","p2id":"justmonikacarr","formatid":"gen9nationaldexubers","rating":1362,"private":0,"password":""}