{"id":"gen9nationaldexubers-1986584933","p1":"The23rdPower","p2":"FlamesWrath","format":"[Gen 9] National Dex Ubers","log":"|j|\u2606The23rdPower\n|j|\u2606FlamesWrath\n|t:|1699494754\n|gametype|singles\n|player|p1|The23rdPower|brendan-gen3|\n|player|p2|FlamesWrath|n|\n|teamsize|p1|6\n|teamsize|p2|6\n|gen|9\n|tier|[Gen 9] National Dex Ubers\n|rule|HP Percentage Mod: HP is shown in percentages\n|rule|Endless Battle Clause: Forcing endless battles is banned\n|rule|OHKO Clause: OHKO moves are banned\n|rule|Evasion Moves Clause: Evasion moves are banned\n|rule|Evasion Items Clause: Evasion items are banned\n|rule|Species Clause: Limit one of each Pok\u00e9mon\n|rule|Sleep Clause Mod: Limit one foe put to sleep\n|rule|Mega Rayquaza Clause: You cannot mega evolve Rayquaza\n|clearpoke\n|poke|p1|Excadrill, M|\n|poke|p1|Tangela, M|\n|poke|p1|Charizard, M|\n|poke|p1|Barbaracle, M|\n|poke|p1|Durant, M|\n|poke|p1|Togekiss, M|\n|poke|p2|Sableye, F|\n|poke|p2|Ceruledge, M|\n|poke|p2|Zoroark-Hisui, F|\n|poke|p2|Torterra, F|\n|poke|p2|Tornadus-Therian, M|\n|poke|p2|Ribombee, F|\n|teampreview\n|c|\u2606FlamesWrath|How do we grab the link rq to send in discord\n|j| xdd-Rayleigh\n|c|\u2606The23rdPower|I just did\n|c|\u2606FlamesWrath|Bet\n|\n|t:|1699494827\n|start\n|switch|p1a: Excadrill|Excadrill, M|100\/100\n|switch|p2a: Sableye|Sableye, F|100\/100\n|turn|1\n|\n|t:|1699494854\n|switch|p1a: Charizard|Charizard, M|100\/100\n|switch|p2a: Tornadus|Tornadus-Therian, M|100\/100\n|\n|upkeep\n|turn|2\n|\n|t:|1699494863\n|move|p2a: Tornadus|Bleakwind Storm|p1a: Charizard\n|-damage|p1a: Charizard|47\/100\n|move|p1a: Charizard|Toxic|p2a: Tornadus\n|-status|p2a: Tornadus|tox\n|\n|-damage|p2a: Tornadus|94\/100 tox|[from] psn\n|upkeep\n|turn|3\n|\n|t:|1699494893\n|switch|p2a: Torterra|Torterra, F|100\/100\n|switch|p1a: Excadrill|Excadrill, M|100\/100\n|\n|upkeep\n|turn|4\n|\n|t:|1699494918\n|switch|p1a: Tangela|Tangela, M|100\/100\n|move|p2a: Torterra|Nasty Plot|p2a: Torterra\n|-boost|p2a: Torterra|spa|2\n|\n|upkeep\n|turn|5\n|\n|t:|1699494937\n|switch|p1a: Togekiss|Togekiss, M|100\/100\n|move|p2a: Torterra|Shadow Ball|p1a: Togekiss\n|-damage|p1a: Togekiss|40\/100\n|-unboost|p1a: Togekiss|spd|1\n|\n|upkeep\n|turn|6\n|\n|t:|1699494953\n|move|p2a: Torterra|Shadow Ball|p1a: Togekiss\n|-damage|p1a: Togekiss|0 fnt\n|faint|p1a: Togekiss\n|\n|upkeep\n|\n|t:|1699494962\n|switch|p1a: Durant|Durant, M|100\/100\n|turn|7\n|\n|t:|1699494969\n|move|p2a: Torterra|Bitter Malice|p1a: Durant\n|-damage|p1a: Durant|0 fnt\n|faint|p1a: Durant\n|\n|upkeep\n|c|\u2606The23rdPower|Uh oh\n|\n|t:|1699494999\n|switch|p1a: Excadrill|Excadrill, M|100\/100\n|turn|8\n|\n|t:|1699495004\n|move|p2a: Torterra|Shadow Ball|p1a: Excadrill\n|-damage|p1a: Excadrill|25\/100\n|-unboost|p1a: Excadrill|spd|1\n|move|p1a: Excadrill|Earthquake|p2a: Torterra\n|-damage|p2a: Torterra|5\/100\n|replace|p2a: Zoroark|Zoroark-Hisui, F\n|-end|p2a: Zoroark|Illusion\n|\n|-heal|p1a: Excadrill|31\/100|[from] item: Leftovers\n|upkeep\n|turn|9\n|\n|t:|1699495013\n|move|p2a: Zoroark|Shadow Ball|p1a: Excadrill\n|-damage|p1a: Excadrill|0 fnt\n|faint|p1a: Excadrill\n|\n|upkeep\n|\n|t:|1699495021\n|switch|p1a: Tangela|Tangela, M|100\/100\n|turn|10\n|\n|t:|1699495026\n|move|p2a: Zoroark|Shadow Ball|p1a: Tangela\n|-damage|p1a: Tangela|0 fnt\n|faint|p1a: Tangela\n|\n|upkeep\n|\n|t:|1699495030\n|switch|p1a: Charizard|Charizard, M|47\/100\n|turn|11\n|\n|t:|1699495033\n|move|p2a: Zoroark|Shadow Ball|p1a: Charizard\n|-damage|p1a: Charizard|0 fnt\n|faint|p1a: Charizard\n|\n|upkeep\n|\n|t:|1699495055\n|switch|p1a: Barbaracle|Barbaracle, M|100\/100\n|turn|12\n|\n|t:|1699495061\n|-terastallize|p1a: Barbaracle|Flying\n|move|p2a: Zoroark|Focus Blast|p1a: Barbaracle\n|-resisted|p1a: Barbaracle\n|-damage|p1a: Barbaracle|46\/100\n|move|p1a: Barbaracle|Shell Smash|p1a: Barbaracle\n|-unboost|p1a: Barbaracle|def|1\n|-unboost|p1a: Barbaracle|spd|1\n|-boost|p1a: Barbaracle|atk|2\n|-boost|p1a: Barbaracle|spa|2\n|-boost|p1a: Barbaracle|spe|2\n|\n|upkeep\n|turn|13\n|\n|t:|1699495067\n|switch|p2a: Sableye|Sableye, F|100\/100\n|move|p1a: Barbaracle|Liquidation|p2a: Sableye\n|-damage|p2a: Sableye|0 fnt\n|faint|p2a: Sableye\n|\n|upkeep\n|\n|t:|1699495102\n|switch|p2a: Torterra|Torterra, F|100\/100\n|turn|14\n|\n|t:|1699495118\n|-terastallize|p2a: Torterra|Fire\n|move|p1a: Barbaracle|Liquidation|p2a: Torterra\n|-supereffective|p2a: Torterra\n|-damage|p2a: Torterra|0 fnt\n|faint|p2a: Torterra\n|\n|upkeep\n|c|\u2606FlamesWrath|Damn\n|\n|t:|1699495145\n|switch|p2a: The GOAT|Ceruledge, M|100\/100\n|turn|15\n|\n|t:|1699495153\n|move|p1a: Barbaracle|Liquidation|p2a: The GOAT\n|-supereffective|p2a: The GOAT\n|-damage|p2a: The GOAT|0 fnt\n|faint|p2a: The GOAT\n|\n|upkeep\n|\n|t:|1699495157\n|switch|p2a: Tornadus|Tornadus-Therian, M|100\/100 tox\n|turn|16\n|\n|t:|1699495161\n|move|p1a: Barbaracle|Liquidation|p2a: Tornadus\n|-damage|p2a: Tornadus|0 fnt\n|faint|p2a: Tornadus\n|\n|upkeep\n|\n|t:|1699495165\n|switch|p2a: Ribombee|Ribombee, F|100\/100\n|turn|17\n|\n|t:|1699495169\n|move|p1a: Barbaracle|Liquidation|p2a: Ribombee\n|-damage|p2a: Ribombee|0 fnt\n|faint|p2a: Ribombee\n|\n|upkeep\n|\n|t:|1699495171\n|switch|p2a: Zoroark|Zoroark-Hisui, F|5\/100\n|turn|18\n|\n|t:|1699495174\n|move|p1a: Barbaracle|Liquidation|p2a: Zoroark\n|-damage|p2a: Zoroark|0 fnt\n|faint|p2a: Zoroark\n|\n|win|The23rdPower\n|c|\u2606FlamesWrath|gg\n","uploadtime":1699495184,"views":72,"p1id":"the23rdpower","p2id":"flameswrath","formatid":"gen9nationaldexubers","rating":0,"private":0,"password":""}