{"id":"gen9nationaldexubers-1986563730","p1":"pikakip379","p2":"slice 1020","format":"[Gen 9] National Dex Ubers","log":"|j|\u2606pikakip379\n|j|\u2606slice 1020\n|t:|1699492415\n|gametype|singles\n|player|p1|pikakip379|ninjaboy-gen3|\n|player|p2|slice 1020|burgh|\n|teamsize|p1|6\n|teamsize|p2|6\n|gen|9\n|tier|[Gen 9] National Dex Ubers\n|rule|HP Percentage Mod: HP is shown in percentages\n|rule|Endless Battle Clause: Forcing endless battles is banned\n|rule|OHKO Clause: OHKO moves are banned\n|rule|Evasion Moves Clause: Evasion moves are banned\n|rule|Evasion Items Clause: Evasion items are banned\n|rule|Species Clause: Limit one of each Pok\u00e9mon\n|rule|Sleep Clause Mod: Limit one foe put to sleep\n|rule|Mega Rayquaza Clause: You cannot mega evolve Rayquaza\n|clearpoke\n|poke|p1|Mewtwo|\n|poke|p1|Ho-Oh|\n|poke|p1|Flutter Mane|\n|poke|p1|Groudon|\n|poke|p1|Xerneas-*|\n|poke|p1|Arceus-Ground|\n|poke|p2|Golisopod, M|\n|poke|p2|Rotom-Heat|\n|poke|p2|Darmanitan-Galar, M|\n|poke|p2|Alakazam, F|\n|poke|p2|Ferrothorn, F|\n|poke|p2|Maushold-Four|\n|teampreview\n|\n|t:|1699492435\n|start\n|switch|p1a: Gemewni|Mewtwo|100\/100\n|switch|p2a: Ferrothorn|Ferrothorn, F|100\/100\n|-ability|p1a: Gemewni|Pressure\n|turn|1\n|\n|t:|1699492447\n|detailschange|p1a: Gemewni|Mewtwo-Mega-X\n|-mega|p1a: Gemewni|Mewtwo|Mewtwonite X\n|move|p1a: Gemewni|Low Kick|p2a: Ferrothorn\n|-supereffective|p2a: Ferrothorn\n|-damage|p2a: Ferrothorn|25\/100\n|-damage|p1a: Gemewni|88\/100|[from] ability: Iron Barbs|[of] p2a: Ferrothorn\n|move|p2a: Ferrothorn|Substitute|p2a: Ferrothorn\n|-fail|p2a: Ferrothorn|move: Substitute|[weak]\n|\n|-heal|p2a: Ferrothorn|31\/100|[from] item: Leftovers\n|upkeep\n|turn|2\n|\n|t:|1699492466\n|move|p1a: Gemewni|Rock Slide|p2a: Ferrothorn\n|-resisted|p2a: Ferrothorn\n|-damage|p2a: Ferrothorn|22\/100\n|cant|p2a: Ferrothorn|flinch\n|\n|-heal|p2a: Ferrothorn|28\/100|[from] item: Leftovers\n|upkeep\n|turn|3\n|\n|t:|1699492476\n|move|p1a: Gemewni|Low Kick|p2a: Ferrothorn\n|-supereffective|p2a: Ferrothorn\n|-damage|p2a: Ferrothorn|0 fnt\n|-damage|p1a: Gemewni|76\/100|[from] ability: Iron Barbs|[of] p2a: Ferrothorn\n|faint|p2a: Ferrothorn\n|\n|upkeep\n|\n|t:|1699492485\n|switch|p2a: Alakazam|Alakazam, F|100\/100\n|turn|4\n|\n|t:|1699492500\n|switch|p1a: Jod|Arceus-Ground|100\/100\n|detailschange|p2a: Alakazam|Alakazam-Mega, F\n|-mega|p2a: Alakazam|Alakazam|Alakazite\n|move|p2a: Alakazam|Shadow Ball|p1a: Jod\n|-damage|p1a: Jod|79\/100\n|\n|upkeep\n|turn|5\n|\n|t:|1699492509\n|move|p2a: Alakazam|Energy Ball|p1a: Jod\n|-supereffective|p1a: Jod\n|-damage|p1a: Jod|32\/100\n|move|p1a: Jod|Toxic|p2a: Alakazam|[miss]\n|-miss|p1a: Jod|p2a: Alakazam\n|\n|upkeep\n|turn|6\n|\n|t:|1699492517\n|switch|p1a: Pride Lord|Ho-Oh|100\/100\n|-ability|p2a: Alakazam|Regenerator|[from] ability: Trace|[of] p1a: Pride Lord\n|move|p2a: Alakazam|Psychic|p1a: Pride Lord\n|-damage|p1a: Pride Lord|75\/100\n|\n|upkeep\n|turn|7\n|\n|t:|1699492525\n|move|p2a: Alakazam|Psychic|p1a: Pride Lord\n|-damage|p1a: Pride Lord|49\/100\n|move|p1a: Pride Lord|Toxic|p2a: Alakazam\n|-status|p2a: Alakazam|tox\n|\n|-damage|p2a: Alakazam|95\/100 tox|[from] psn\n|upkeep\n|turn|8\n|\n|t:|1699492531\n|move|p2a: Alakazam|Psychic|p1a: Pride Lord\n|-damage|p1a: Pride Lord|26\/100\n|move|p1a: Pride Lord|Roost|p1a: Pride Lord\n|-heal|p1a: Pride Lord|76\/100\n|-singleturn|p1a: Pride Lord|move: Roost\n|\n|-damage|p2a: Alakazam|83\/100 tox|[from] psn\n|upkeep\n|turn|9\n|\n|t:|1699492539\n|move|p2a: Alakazam|Psychic|p1a: Pride Lord\n|-damage|p1a: Pride Lord|50\/100\n|-unboost|p1a: Pride Lord|spd|1\n|move|p1a: Pride Lord|Sacred Fire|p2a: Alakazam\n|-damage|p2a: Alakazam|0 fnt\n|faint|p2a: Alakazam\n|\n|upkeep\n|\n|t:|1699492548\n|switch|p2a: Golisopod|Golisopod, M|100\/100\n|turn|10\n|\n|t:|1699492551\n|switch|p1a: Rend the Earth|Groudon|100\/100\n|detailschange|p1a: Rend the Earth|Groudon-Primal\n|-primal|p1a: Rend the Earth|Red Orb\n|-weather|DesolateLand|[from] ability: Desolate Land|[of] p1a: Rend the Earth\n|move|p2a: Golisopod|Aqua Jet||[still]\n|-fail|p2a: Golisopod|Aqua Jet|[from] Desolate Land\n|\n|-weather|DesolateLand|[upkeep]\n|upkeep\n|turn|11\n|\n|t:|1699492561\n|switch|p2a: Rotom|Rotom-Heat|100\/100\n|move|p1a: Rend the Earth|Stealth Rock|p2a: Rotom\n|-sidestart|p2: slice 1020|move: Stealth Rock\n|\n|-weather|DesolateLand|[upkeep]\n|upkeep\n|turn|12\n|\n|t:|1699492569\n|-weather|none\n|switch|p1a: Jod|Arceus-Ground|32\/100\n|move|p2a: Rotom|Hex|p1a: Jod\n|-damage|p1a: Jod|18\/100\n|\n|upkeep\n|turn|13\n|\n|t:|1699492577\n|move|p1a: Jod|Recover|p1a: Jod\n|-heal|p1a: Jod|68\/100\n|move|p2a: Rotom|Overheat|p1a: Jod\n|-damage|p1a: Jod|31\/100\n|-unboost|p2a: Rotom|spa|2\n|\n|upkeep\n|turn|14\n|\n|t:|1699492584\n|move|p1a: Jod|Recover|p1a: Jod\n|-heal|p1a: Jod|81\/100\n|move|p2a: Rotom|Will-O-Wisp|p1a: Jod\n|-status|p1a: Jod|brn\n|\n|-damage|p1a: Jod|75\/100 brn|[from] brn\n|upkeep\n|turn|15\n|\n|t:|1699492592\n|move|p1a: Jod|Toxic|p2a: Rotom\n|-status|p2a: Rotom|tox\n|move|p2a: Rotom|Hex|p1a: Jod\n|-damage|p1a: Jod|62\/100 brn\n|\n|-damage|p2a: Rotom|94\/100 tox|[from] psn\n|-damage|p1a: Jod|55\/100 brn|[from] brn\n|upkeep\n|turn|16\n|\n|t:|1699492600\n|move|p1a: Jod|Power Gem|p2a: Rotom\n|-supereffective|p2a: Rotom\n|-damage|p2a: Rotom|28\/100 tox\n|move|p2a: Rotom|Hex|p1a: Jod\n|-damage|p1a: Jod|44\/100 brn\n|\n|-heal|p2a: Rotom|34\/100 tox|[from] item: Leftovers\n|-damage|p2a: Rotom|22\/100 tox|[from] psn\n|-damage|p1a: Jod|37\/100 brn|[from] brn\n|upkeep\n|turn|17\n|\n|t:|1699492609\n|move|p1a: Jod|Recover|p1a: Jod\n|-heal|p1a: Jod|87\/100 brn\n|move|p2a: Rotom|Hex|p1a: Jod\n|-damage|p1a: Jod|74\/100 brn\n|\n|-heal|p2a: Rotom|28\/100 tox|[from] item: Leftovers\n|-damage|p2a: Rotom|9\/100 tox|[from] psn\n|-damage|p1a: Jod|68\/100 brn|[from] brn\n|upkeep\n|turn|18\n|\n|t:|1699492617\n|move|p1a: Jod|Power Gem|p2a: Rotom\n|-supereffective|p2a: Rotom\n|-damage|p2a: Rotom|0 fnt\n|faint|p2a: Rotom\n|\n|-damage|p1a: Jod|62\/100 brn|[from] brn\n|upkeep\n|\n|t:|1699492644\n|switch|p2a: Maushold|Maushold-Four|100\/100\n|-damage|p2a: Maushold|88\/100|[from] Stealth Rock\n|turn|19\n|\n|t:|1699492649\n|move|p2a: Maushold|Tidy Up|p2a: Maushold\n|-sideend|p2: slice 1020|Stealth Rock\n|-activate|p2a: Maushold|move: Tidy Up\n|-boost|p2a: Maushold|atk|1\n|-boost|p2a: Maushold|spe|1\n|move|p1a: Jod|Judgment|p2a: Maushold\n|-damage|p2a: Maushold|13\/100\n|\n|-damage|p1a: Jod|55\/100 brn|[from] brn\n|upkeep\n|turn|20\n|\n|t:|1699492660\n|switch|p1a: Banshe\/her|Flutter Mane|100\/100\n|-enditem|p1a: Banshe\/her|Booster Energy\n|-activate|p1a: Banshe\/her|ability: Protosynthesis|[fromitem]\n|-start|p1a: Banshe\/her|protosynthesisspe\n|move|p2a: Maushold|Population Bomb|p1a: Banshe\/her\n|-immune|p1a: Banshe\/her\n|\n|upkeep\n|turn|21\n|\n|t:|1699492678\n|switch|p2a: Darmanitan|Darmanitan-Galar, M|100\/100\n|move|p1a: Banshe\/her|Moonblast|p2a: Darmanitan\n|-damage|p2a: Darmanitan|22\/100\n|\n|upkeep\n|turn|22\n|\n|t:|1699492684\n|move|p1a: Banshe\/her|Moonblast|p2a: Darmanitan\n|-damage|p2a: Darmanitan|0 fnt\n|faint|p2a: Darmanitan\n|\n|upkeep\n|\n|t:|1699492688\n|switch|p2a: Golisopod|Golisopod, M|100\/100\n|turn|23\n|\n|t:|1699492700\n|-end|p1a: Banshe\/her|Protosynthesis|[silent]\n|switch|p1a: Rend the Earth|Groudon-Primal|100\/100\n|-weather|DesolateLand|[from] ability: Desolate Land|[of] p1a: Rend the Earth\n|move|p2a: Golisopod|First Impression|p1a: Rend the Earth\n|-resisted|p1a: Rend the Earth\n|-damage|p1a: Rend the Earth|90\/100\n|\n|-weather|DesolateLand|[upkeep]\n|upkeep\n|turn|24\n|\n|t:|1699492716\n|move|p1a: Rend the Earth|Lava Plume|p2a: Golisopod\n|-damage|p2a: Golisopod|42\/100\n|-activate|p2a: Golisopod|ability: Emergency Exit\n|\n|t:|1699492720\n|switch|p2a: Maushold|Maushold-Four|13\/100\n|\n|-weather|DesolateLand|[upkeep]\n|upkeep\n|turn|25\n|\n|t:|1699492727\n|move|p2a: Maushold|Population Bomb|p1a: Rend the Earth\n|-damage|p1a: Rend the Earth|85\/100\n|-damage|p1a: Rend the Earth|80\/100\n|-damage|p1a: Rend the Earth|75\/100\n|-damage|p1a: Rend the Earth|71\/100\n|-crit|p1a: Rend the Earth\n|-damage|p1a: Rend the Earth|62\/100\n|-damage|p1a: Rend the Earth|58\/100\n|-damage|p1a: Rend the Earth|53\/100\n|-damage|p1a: Rend the Earth|48\/100\n|-damage|p1a: Rend the Earth|42\/100\n|-hitcount|p1a: Rend the Earth|9\n|move|p1a: Rend the Earth|Lava Plume|p2a: Maushold\n|-damage|p2a: Maushold|0 fnt\n|faint|p2a: Maushold\n|\n|-weather|DesolateLand|[upkeep]\n|upkeep\n|\n|t:|1699492743\n|switch|p2a: Golisopod|Golisopod, M|42\/100\n|turn|26\n|\n|t:|1699492745\n|move|p1a: Rend the Earth|Lava Plume|p2a: Golisopod\n|-damage|p2a: Golisopod|0 fnt\n|faint|p2a: Golisopod\n|\n|win|pikakip379\n","uploadtime":1699492753,"views":6,"p1id":"pikakip379","p2id":"slice1020","formatid":"gen9nationaldexubers","rating":0,"private":0,"password":""}