{"id":"gen9nationaldexubers-1992612446","p1":"LynXKunalKumar","p2":"Soyeon is a cutie","format":"[Gen 9] National Dex Ubers","log":"|j|\u2606LynXKunalKumar\n|j|\u2606Soyeon is a cutie\n|t:|1700214649\n|gametype|singles\n|player|p1|LynXKunalKumar|red|1556\n|player|p2|Soyeon is a cutie|idol|1864\n|teamsize|p1|6\n|teamsize|p2|6\n|gen|9\n|tier|[Gen 9] National Dex Ubers\n|rated|\n|rule|HP Percentage Mod: HP is shown in percentages\n|rule|Endless Battle Clause: Forcing endless battles is banned\n|rule|OHKO Clause: OHKO moves are banned\n|rule|Evasion Moves Clause: Evasion moves are banned\n|rule|Evasion Items Clause: Evasion items are banned\n|rule|Species Clause: Limit one of each Pok\u00e9mon\n|rule|Sleep Clause Mod: Limit one foe put to sleep\n|rule|Mega Rayquaza Clause: You cannot mega evolve Rayquaza\n|clearpoke\n|poke|p1|Rayquaza|\n|poke|p1|Groudon|\n|poke|p1|Yveltal|\n|poke|p1|Kyogre|\n|poke|p1|Ditto|\n|poke|p1|Zacian-*|\n|poke|p2|Groudon|\n|poke|p2|Arceus-Water|\n|poke|p2|Ditto|\n|poke|p2|Necrozma-Dusk-Mane|\n|poke|p2|Magearna|\n|poke|p2|Yveltal|\n|teampreview\n|inactive|Battle timer is ON: inactive players will automatically lose when time's up. (requested by Soyeon is a cutie)\n|inactive|LynXKunalKumar also wants the timer to be on.\n|\n|t:|1700214655\n|start\n|switch|p1a: Groudon|Groudon|100\/100\n|switch|p2a: Necrozma|Necrozma-Dusk-Mane|100\/100\n|detailschange|p1a: Groudon|Groudon-Primal\n|-primal|p1a: Groudon|Red Orb\n|-weather|DesolateLand|[from] ability: Desolate Land|[of] p1a: Groudon\n|turn|1\n|\n|t:|1700214663\n|detailschange|p2a: Necrozma|Necrozma-Ultra\n|-burst|p2a: Necrozma|Necrozma|Ultranecrozium Z\n|move|p2a: Necrozma|Earth Power|p1a: Groudon\n|-supereffective|p1a: Groudon\n|-damage|p1a: Groudon|19\/100\n|move|p1a: Groudon|Eruption|p2a: Necrozma\n|-resisted|p2a: Necrozma\n|-damage|p2a: Necrozma|89\/100\n|\n|-weather|DesolateLand|[upkeep]\n|upkeep\n|turn|2\n|\n|t:|1700214669\n|move|p2a: Necrozma|Stealth Rock|p1a: Groudon\n|-sidestart|p1: LynXKunalKumar|move: Stealth Rock\n|move|p1a: Groudon|Stealth Rock|p2a: Necrozma\n|-sidestart|p2: Soyeon is a cutie|move: Stealth Rock\n|\n|-weather|DesolateLand|[upkeep]\n|upkeep\n|turn|3\n|\n|t:|1700214674\n|move|p2a: Necrozma|Photon Geyser|p1a: Groudon\n|-damage|p1a: Groudon|0 fnt\n|faint|p1a: Groudon\n|-weather|none\n|\n|upkeep\n|\n|t:|1700214680\n|switch|p1a: Yveltal|Yveltal, shiny|100\/100\n|-damage|p1a: Yveltal|76\/100|[from] Stealth Rock\n|-ability|p1a: Yveltal|Dark Aura\n|turn|4\n|\n|t:|1700214685\n|switch|p2a: Magearna|Magearna|100\/100\n|-damage|p2a: Magearna|94\/100|[from] Stealth Rock\n|move|p1a: Yveltal|Oblivion Wing|p2a: Magearna\n|-resisted|p2a: Magearna\n|-damage|p2a: Magearna|82\/100\n|-heal|p1a: Yveltal|84\/100|[from] drain|[of] p2a: Magearna\n|\n|-heal|p1a: Yveltal|90\/100|[from] item: Leftovers\n|upkeep\n|turn|5\n|\n|t:|1700214699\n|switch|p1a: Kyogre|Kyogre|100\/100\n|-damage|p1a: Kyogre|88\/100|[from] Stealth Rock\n|detailschange|p1a: Kyogre|Kyogre-Primal\n|-primal|p1a: Kyogre|Blue Orb\n|-weather|PrimordialSea|[from] ability: Primordial Sea|[of] p1a: Kyogre\n|move|p2a: Magearna|Fleur Cannon|p1a: Kyogre\n|-damage|p1a: Kyogre|54\/100\n|-unboost|p2a: Magearna|spa|2\n|\n|-weather|PrimordialSea|[upkeep]\n|upkeep\n|turn|6\n|\n|t:|1700214713\n|switch|p2a: Groudon|Groudon|100\/100\n|-damage|p2a: Groudon|94\/100|[from] Stealth Rock\n|detailschange|p2a: Groudon|Groudon-Primal\n|-primal|p2a: Groudon|Red Orb\n|-weather|DesolateLand|[from] ability: Desolate Land|[of] p2a: Groudon\n|move|p1a: Kyogre|Ice Beam|p2a: Groudon\n|-damage|p2a: Groudon|51\/100\n|\n|-weather|DesolateLand|[upkeep]\n|upkeep\n|turn|7\n|\n|t:|1700214723\n|switch|p1a: Yveltal|Yveltal, shiny|90\/100\n|-damage|p1a: Yveltal|65\/100|[from] Stealth Rock\n|-ability|p1a: Yveltal|Dark Aura\n|move|p2a: Groudon|Rock Polish|p2a: Groudon\n|-boost|p2a: Groudon|spe|2\n|\n|-weather|DesolateLand|[upkeep]\n|-heal|p1a: Yveltal|71\/100|[from] item: Leftovers\n|upkeep\n|turn|8\n|\n|t:|1700214731\n|move|p2a: Groudon|Heat Crash|p1a: Yveltal\n|-damage|p1a: Yveltal|0 fnt\n|faint|p1a: Yveltal\n|\n|-weather|DesolateLand|[upkeep]\n|upkeep\n|\n|t:|1700214734\n|switch|p1a: Kyogre|Kyogre-Primal|54\/100\n|-damage|p1a: Kyogre|41\/100|[from] Stealth Rock\n|-weather|PrimordialSea|[from] ability: Primordial Sea|[of] p1a: Kyogre\n|turn|9\n|\n|t:|1700214740\n|move|p2a: Groudon|Precipice Blades|p1a: Kyogre|[miss]\n|-miss|p2a: Groudon|p1a: Kyogre\n|move|p1a: Kyogre|Origin Pulse|p2a: Groudon\n|-supereffective|p2a: Groudon\n|-damage|p2a: Groudon|0 fnt\n|faint|p2a: Groudon\n|\n|-weather|PrimordialSea|[upkeep]\n|upkeep\n|\n|t:|1700214743\n|switch|p2a: Ditto|Ditto, shiny|100\/100\n|-damage|p2a: Ditto|88\/100|[from] Stealth Rock\n|-transform|p2a: Ditto|p1a: Kyogre|[from] ability: Imposter\n|turn|10\n|\n|t:|1700214747\n|move|p2a: Ditto|Water Spout|p1a: Kyogre\n|-resisted|p1a: Kyogre\n|-damage|p1a: Kyogre|5\/100\n|move|p1a: Kyogre|Thunder|p2a: Ditto\n|-supereffective|p2a: Ditto\n|-damage|p2a: Ditto|31\/100\n|-status|p2a: Ditto|par\n|\n|-weather|PrimordialSea|[upkeep]\n|upkeep\n|turn|11\n|\n|t:|1700214758\n|switch|p2a: Necrozma|Necrozma-Ultra|89\/100\n|-damage|p2a: Necrozma|77\/100|[from] Stealth Rock\n|move|p1a: Kyogre|Thunder|p2a: Necrozma\n|-resisted|p2a: Necrozma\n|-damage|p2a: Necrozma|52\/100\n|\n|-weather|PrimordialSea|[upkeep]\n|upkeep\n|turn|12\n|\n|t:|1700214767\n|move|p2a: Necrozma|Photon Geyser|p1a: Kyogre\n|-damage|p1a: Kyogre|0 fnt\n|faint|p1a: Kyogre\n|-weather|none\n|\n|upkeep\n|\n|t:|1700214778\n|switch|p1a: Ditto|Ditto|100\/100\n|-damage|p1a: Ditto|88\/100|[from] Stealth Rock\n|-transform|p1a: Ditto|p2a: Necrozma|[from] ability: Imposter\n|turn|13\n|\n|t:|1700214785\n|switch|p2a: Magearna|Magearna|82\/100\n|-damage|p2a: Magearna|76\/100|[from] Stealth Rock\n|move|p1a: Ditto|Dragon Pulse|p2a: Magearna\n|-immune|p2a: Magearna\n|\n|upkeep\n|turn|14\n|\n|t:|1700214788\n|switch|p1a: Zacian|Zacian-Crowned|100\/100\n|-damage|p1a: Zacian|94\/100|[from] Stealth Rock\n|-ability|p1a: Zacian|Intrepid Sword|boost\n|-boost|p1a: Zacian|atk|1\n|move|p2a: Magearna|Heal Bell|p2a: Magearna\n|-activate|p2a: Magearna|move: Heal Bell\n|-curestatus|p2: Ditto|par|[msg]\n|\n|upkeep\n|turn|15\n|\n|t:|1700214804\n|move|p1a: Zacian|Behemoth Blade|p2a: Magearna\n|-damage|p2a: Magearna|7\/100\n|move|p2a: Magearna|Fleur Cannon|p1a: Zacian\n|-resisted|p1a: Zacian\n|-damage|p1a: Zacian|69\/100\n|-unboost|p2a: Magearna|spa|2\n|\n|upkeep\n|turn|16\n|\n|t:|1700214818\n|switch|p1a: Ditto|Ditto|88\/100\n|-damage|p1a: Ditto|76\/100|[from] Stealth Rock\n|-transform|p1a: Ditto|p2a: Magearna|[from] ability: Imposter\n|move|p2a: Magearna|Pain Split|p1a: Ditto\n|-sethp|p1a: Ditto|43\/100|[from] move: Pain Split|[silent]\n|-sethp|p2a: Magearna|28\/100|[from] move: Pain Split\n|\n|upkeep\n|turn|17\n|\n|t:|1700214828\n|move|p1a: Ditto|Fleur Cannon|p2a: Magearna\n|-resisted|p2a: Magearna\n|-damage|p2a: Magearna|20\/100\n|-unboost|p1a: Ditto|spa|2\n|move|p2a: Magearna|Pain Split|p1a: Ditto\n|-sethp|p1a: Ditto|36\/100|[from] move: Pain Split|[silent]\n|-sethp|p2a: Magearna|24\/100|[from] move: Pain Split\n|\n|upkeep\n|turn|18\n|\n|t:|1700214835\n|switch|p2a: Arceus|Arceus-Water|100\/100\n|-damage|p2a: Arceus|88\/100|[from] Stealth Rock\n|move|p1a: Ditto|Fleur Cannon|p2a: Arceus\n|-damage|p2a: Arceus|76\/100\n|-unboost|p1a: Ditto|spa|2\n|\n|upkeep\n|turn|19\n|\n|t:|1700214843\n|switch|p1a: Zacian|Zacian-Crowned|69\/100\n|-damage|p1a: Zacian|63\/100|[from] Stealth Rock\n|move|p2a: Arceus|Judgment|p1a: Zacian\n|-damage|p1a: Zacian|20\/100\n|\n|upkeep\n|turn|20\n|\n|t:|1700214850\n|switch|p2a: Magearna|Magearna|24\/100\n|-damage|p2a: Magearna|18\/100|[from] Stealth Rock\n|move|p1a: Zacian|Wild Charge|p2a: Magearna\n|-damage|p2a: Magearna|0 fnt\n|faint|p2a: Magearna\n|-damage|p1a: Zacian|15\/100|[from] Recoil\n|\n|upkeep\n|\n|t:|1700214854\n|switch|p2a: Ditto|Ditto, shiny|31\/100\n|-damage|p2a: Ditto|18\/100|[from] Stealth Rock\n|-transform|p2a: Ditto|p1a: Zacian|[from] ability: Imposter\n|-ability|p2a: Ditto|Intrepid Sword|boost\n|-boost|p2a: Ditto|atk|1\n|turn|21\n|\n|t:|1700214860\n|move|p2a: Ditto|Behemoth Blade|p1a: Zacian\n|-damage|p1a: Zacian|0 fnt\n|faint|p1a: Zacian\n|\n|upkeep\n|\n|t:|1700214862\n|switch|p1a: Rayquaza|Rayquaza, shiny|100\/100\n|-damage|p1a: Rayquaza|76\/100|[from] Stealth Rock\n|-ability|p1a: Rayquaza|Air Lock\n|turn|22\n|\n|t:|1700214865\n|-terastallize|p2a: Ditto|Ghost\n|move|p1a: Rayquaza|Extreme Speed|p2a: Ditto\n|-immune|p2a: Ditto\n|move|p2a: Ditto|Behemoth Blade|p1a: Rayquaza\n|-damage|p1a: Rayquaza|0 fnt\n|faint|p1a: Rayquaza\n|\n|upkeep\n|\n|t:|1700214869\n|switch|p1a: Ditto|Ditto|36\/100\n|-damage|p1a: Ditto|24\/100|[from] Stealth Rock\n|turn|23\n|\n|t:|1700214872\n|move|p2a: Ditto|Behemoth Blade|p1a: Ditto\n|-damage|p1a: Ditto|0 fnt\n|faint|p1a: Ditto\n|\n|win|Soyeon is a cutie\n|raw|LynXKunalKumar's rating: 1556 &rarr; <strong>1550<\/strong><br \/>(-6 for losing)\n|raw|Soyeon is a cutie's rating: 1864 &rarr; <strong>1870<\/strong><br \/>(+6 for winning)\n|l|\u2606Soyeon is a cutie\n|l|\u2606LynXKunalKumar\n|j|\u2606LynXKunalKumar\n|player|p1|LynXKunalKumar|red\n","uploadtime":1700214890,"views":25,"p1id":"lynxkunalkumar","p2id":"soyeonisacutie","formatid":"gen9nationaldexubers","rating":1550,"private":0,"password":""}