{"id":"gen9nationaldexubers-1990062979","p1":"Ifyouseekamos","p2":"TheCharityGamerCar","format":"[Gen 9] National Dex Ubers","log":"|j|\u2606Ifyouseekamos\n|j|\u2606TheCharityGamerCar\n|t:|1699920545\n|gametype|singles\n|player|p1|Ifyouseekamos|n|\n|player|p2|TheCharityGamerCar|red|\n|teamsize|p1|6\n|teamsize|p2|6\n|gen|9\n|tier|[Gen 9] National Dex Ubers\n|rule|HP Percentage Mod: HP is shown in percentages\n|rule|Endless Battle Clause: Forcing endless battles is banned\n|rule|OHKO Clause: OHKO moves are banned\n|rule|Evasion Moves Clause: Evasion moves are banned\n|rule|Evasion Items Clause: Evasion items are banned\n|rule|Species Clause: Limit one of each Pok\u00e9mon\n|rule|Sleep Clause Mod: Limit one foe put to sleep\n|rule|Mega Rayquaza Clause: You cannot mega evolve Rayquaza\n|clearpoke\n|poke|p1|Excadrill, M|\n|poke|p1|Dracozolt|\n|poke|p1|Iron Jugulis|\n|poke|p1|Gigalith, M|\n|poke|p1|Pincurchin, F|\n|poke|p1|Gyarados, F|\n|poke|p2|Magnezone|\n|poke|p2|Slowbro, F|\n|poke|p2|Decidueye, M|\n|poke|p2|Darmanitan-Galar, F|\n|poke|p2|Snorlax, F|\n|poke|p2|Heatran, M|\n|teampreview\n|c|\u2606Ifyouseekamos|glhf\n|\n|t:|1699920557\n|start\n|switch|p1a: Gary|Gyarados, F, shiny|100\/100\n|switch|p2a: Magnezone|Magnezone|100\/100\n|-ability|p1a: Gary|Intimidate|boost\n|-unboost|p2a: Magnezone|atk|1\n|turn|1\n|\n|t:|1699920576\n|move|p2a: Magnezone|Flash Cannon|p1a: Gary\n|-resisted|p1a: Gary\n|-damage|p1a: Gary|76\/100\n|move|p1a: Gary|Substitute|p1a: Gary\n|-start|p1a: Gary|Substitute\n|-damage|p1a: Gary|51\/100\n|\n|upkeep\n|turn|2\n|\n|t:|1699920584\n|detailschange|p1a: Gary|Gyarados-Mega, F, shiny\n|-mega|p1a: Gary|Gyarados|Gyaradosite\n|-ability|p1a: Gary|Mold Breaker\n|move|p2a: Magnezone|Flash Cannon|p1a: Gary\n|-resisted|p1a: Gary\n|-activate|p1a: Gary|move: Substitute|[damage]\n|move|p1a: Gary|Dragon Dance|p1a: Gary\n|-boost|p1a: Gary|atk|1\n|-boost|p1a: Gary|spe|1\n|\n|upkeep\n|turn|3\n|\n|t:|1699920596\n|switch|p2a: Snorlax|Snorlax, F|100\/100\n|move|p1a: Gary|Dragon Dance|p1a: Gary\n|-boost|p1a: Gary|atk|1\n|-boost|p1a: Gary|spe|1\n|\n|upkeep\n|turn|4\n|\n|t:|1699920648\n|move|p1a: Gary|Dragon Dance|p1a: Gary\n|-boost|p1a: Gary|atk|1\n|-boost|p1a: Gary|spe|1\n|move|p2a: Snorlax|Thunderbolt|p1a: Gary\n|-supereffective|p1a: Gary\n|-end|p1a: Gary|Substitute\n|\n|upkeep\n|turn|5\n|\n|t:|1699920659\n|-terastallize|p2a: Snorlax|Electric\n|move|p1a: Gary|Waterfall|p2a: Snorlax\n|-damage|p2a: Snorlax|0 fnt\n|faint|p2a: Snorlax\n|\n|upkeep\n|\n|t:|1699920676\n|switch|p2a: Magnezone|Magnezone|100\/100\n|turn|6\n|\n|t:|1699920695\n|move|p1a: Gary|Waterfall|p2a: Magnezone\n|-damage|p2a: Magnezone|0 fnt\n|faint|p2a: Magnezone\n|\n|upkeep\n|\n|t:|1699920702\n|switch|p2a: Slowbro|Slowbro, F|100\/100\n|turn|7\n|\n|t:|1699920706\n|move|p1a: Gary|Substitute|p1a: Gary\n|-start|p1a: Gary|Substitute\n|-damage|p1a: Gary|26\/100\n|move|p2a: Slowbro|Scald|p1a: Gary\n|-resisted|p1a: Gary\n|-activate|p1a: Gary|move: Substitute|[damage]\n|\n|upkeep\n|turn|8\n|\n|t:|1699920715\n|move|p1a: Gary|Dragon Dance|p1a: Gary\n|-boost|p1a: Gary|atk|1\n|-boost|p1a: Gary|spe|1\n|move|p2a: Slowbro|Scald|p1a: Gary\n|-resisted|p1a: Gary\n|-activate|p1a: Gary|move: Substitute|[damage]\n|\n|upkeep\n|turn|9\n|\n|t:|1699920722\n|move|p1a: Gary|Dragon Dance|p1a: Gary\n|-boost|p1a: Gary|atk|1\n|-boost|p1a: Gary|spe|1\n|move|p2a: Slowbro|Future Sight|p1a: Gary\n|-start|p2a: Slowbro|move: Future Sight\n|\n|upkeep\n|turn|10\n|\n|t:|1699920732\n|move|p1a: Gary|Dragon Dance|p1a: Gary\n|-boost|p1a: Gary|atk|1\n|-boost|p1a: Gary|spe|1\n|move|p2a: Slowbro|Scald|p1a: Gary\n|-resisted|p1a: Gary\n|-end|p1a: Gary|Substitute\n|\n|upkeep\n|turn|11\n|\n|t:|1699920742\n|move|p1a: Gary|Bounce||[still]\n|-prepare|p1a: Gary|Bounce\n|move|p2a: Slowbro|Scald|p1a: Gary|[miss]|[miss]\n|-miss|p2a: Slowbro|p1a: Gary\n|\n|-end|p1a: Gary|move: Future Sight\n|-miss|p2a: Slowbro|p1a: Gary\n|upkeep\n|turn|12\n|\n|t:|1699920758\n|move|p1a: Gary|Bounce|p2a: Slowbro|[from]lockedmove\n|-damage|p2a: Slowbro|33\/100\n|-status|p2a: Slowbro|par\n|cant|p2a: Slowbro|par\n|\n|upkeep\n|turn|13\n|c|\u2606TheCharityGamerCar|Lol\n|\n|t:|1699920773\n|move|p1a: Gary|Substitute|p1a: Gary\n|-start|p1a: Gary|Substitute\n|-damage|p1a: Gary|1\/100\n|move|p2a: Slowbro|Future Sight|p1a: Gary\n|-start|p2a: Slowbro|move: Future Sight\n|\n|upkeep\n|turn|14\n|\n|t:|1699920781\n|move|p1a: Gary|Bounce||[still]\n|-prepare|p1a: Gary|Bounce\n|move|p2a: Slowbro|Slack Off|p2a: Slowbro\n|-heal|p2a: Slowbro|83\/100 par\n|\n|upkeep\n|turn|15\n|\n|t:|1699920789\n|move|p1a: Gary|Bounce|p2a: Slowbro|[from]lockedmove\n|-damage|p2a: Slowbro|17\/100 par\n|move|p2a: Slowbro|Scald|p1a: Gary\n|-resisted|p1a: Gary\n|-activate|p1a: Gary|move: Substitute|[damage]\n|\n|-end|p1a: Gary|move: Future Sight\n|-immune|p1a: Gary\n|upkeep\n|turn|16\n|\n|t:|1699920801\n|move|p1a: Gary|Waterfall|p2a: Slowbro\n|-resisted|p2a: Slowbro\n|-damage|p2a: Slowbro|0 fnt\n|faint|p2a: Slowbro\n|\n|upkeep\n|\n|t:|1699920809\n|switch|p2a: Decidueye|Decidueye, M|100\/100\n|turn|17\n|\n|t:|1699920816\n|move|p1a: Gary|Bounce||[still]\n|-prepare|p1a: Gary|Bounce\n|move|p2a: Decidueye|Knock Off|p1a: Gary|[miss]\n|-miss|p2a: Decidueye|p1a: Gary\n|\n|upkeep\n|turn|18\n|\n|t:|1699920821\n|move|p1a: Gary|Bounce|p2a: Decidueye|[from]lockedmove\n|-supereffective|p2a: Decidueye\n|-damage|p2a: Decidueye|0 fnt\n|faint|p2a: Decidueye\n|\n|upkeep\n|\n|t:|1699920829\n|switch|p2a: Darmanitan|Darmanitan-Galar, F|100\/100\n|turn|19\n|\n|t:|1699920836\n|move|p1a: Gary|Waterfall|p2a: Darmanitan\n|-damage|p2a: Darmanitan|0 fnt\n|faint|p2a: Darmanitan\n|\n|upkeep\n|\n|t:|1699920841\n|switch|p2a: Heatran|Heatran, M|100\/100\n|turn|20\n|\n|t:|1699920845\n|move|p1a: Gary|Waterfall|p2a: Heatran\n|-supereffective|p2a: Heatran\n|-damage|p2a: Heatran|0 fnt\n|faint|p2a: Heatran\n|\n|win|Ifyouseekamos\n|c|\u2606TheCharityGamerCar|Gg\n|c|\u2606Ifyouseekamos|I'm really sorry\n|c|\u2606Ifyouseekamos|Ineeded a sweep for first\n|c|\u2606TheCharityGamerCar|You good. I'm still in playoffs haha\n|c|\u2606Ifyouseekamos|okay good\n|c|\u2606TheCharityGamerCar|Gl!\n|c|\u2606Ifyouseekamos|gl in the playoffs\n|c|\u2606Ifyouseekamos|you too\n","uploadtime":1699920889,"views":49,"p1id":"ifyouseekamos","p2id":"thecharitygamercar","formatid":"gen9nationaldexubers","rating":0,"private":0,"password":""}