{"id":"gen9nationaldexubers-1996345253","p1":"the maraculous","p2":"Slark 888","format":"[Gen 9] National Dex Ubers","log":"|j|\u2606the maraculous\n|j|\u2606Slark 888\n|t:|1700673217\n|gametype|singles\n|player|p1|the maraculous|dragontamer|1379\n|player|p2|Slark 888|red|1463\n|teamsize|p1|6\n|teamsize|p2|6\n|gen|9\n|tier|[Gen 9] National Dex Ubers\n|rated|\n|rule|HP Percentage Mod: HP is shown in percentages\n|rule|Endless Battle Clause: Forcing endless battles is banned\n|rule|OHKO Clause: OHKO moves are banned\n|rule|Evasion Moves Clause: Evasion moves are banned\n|rule|Evasion Items Clause: Evasion items are banned\n|rule|Species Clause: Limit one of each Pok\u00e9mon\n|rule|Sleep Clause Mod: Limit one foe put to sleep\n|rule|Mega Rayquaza Clause: You cannot mega evolve Rayquaza\n|clearpoke\n|poke|p1|Cyclizar, M|\n|poke|p1|Xerneas-*|\n|poke|p1|Annihilape, M|\n|poke|p1|Tapu Lele|\n|poke|p1|Kyurem-Black|\n|poke|p1|Glimmora, F|\n|poke|p2|Melmetal|\n|poke|p2|Cresselia, F|\n|poke|p2|Ursaluna-Bloodmoon, M|\n|poke|p2|Hatterene, F|\n|poke|p2|Arceus|\n|poke|p2|Basculegion, M|\n|teampreview\n|\n|t:|1700673223\n|start\n|switch|p1a: Cyclizar|Cyclizar, M|100\/100\n|switch|p2a: \u87ba\u5e3d|Hatterene, F|100\/100\n|turn|1\n|inactive|Battle timer is ON: inactive players will automatically lose when time's up. (requested by Slark 888)\n|\n|t:|1700673228\n|move|p1a: Cyclizar|Knock Off|p2a: \u87ba\u5e3d\n|-damage|p2a: \u87ba\u5e3d|82\/100\n|-enditem|p2a: \u87ba\u5e3d|Focus Sash|[from] move: Knock Off|[of] p1a: Cyclizar\n|move|p2a: \u87ba\u5e3d|Trick Room|p2a: \u87ba\u5e3d\n|-fieldstart|move: Trick Room|[of] p2a: \u87ba\u5e3d\n|\n|upkeep\n|turn|2\n|\n|t:|1700673237\n|switch|p1a: Tapu Lele|Tapu Lele|100\/100\n|-fieldstart|move: Psychic Terrain|[from] ability: Psychic Surge|[of] p1a: Tapu Lele\n|move|p2a: \u87ba\u5e3d|Misty Explosion|p1a: Tapu Lele\n|-damage|p1a: Tapu Lele|53\/100\n|faint|p2a: \u87ba\u5e3d\n|\n|upkeep\n|\n|t:|1700673245\n|switch|p2a: \u628a\u4f60\u6376\u6210sb|Melmetal|100\/100\n|turn|3\n|\n|t:|1700673250\n|switch|p1a: Glimmora|Glimmora, F|100\/100\n|-item|p1a: Glimmora|Air Balloon\n|move|p2a: \u628a\u4f60\u6376\u6210sb|Double Iron Bash|p1a: Glimmora\n|-supereffective|p1a: Glimmora\n|-damage|p1a: Glimmora|0 fnt\n|-activate|p1a: Glimmora|ability: Toxic Debris\n|-sidestart|p2: Slark 888|move: Toxic Spikes\n|-enditem|p1a: Glimmora|Air Balloon\n|faint|p1a: Glimmora\n|-hitcount|p1: Glimmora|1\n|\n|upkeep\n|\n|t:|1700673264\n|switch|p1a: Annihilape|Annihilape, M|100\/100\n|turn|4\n|\n|t:|1700673269\n|move|p2a: \u628a\u4f60\u6376\u6210sb|Double Iron Bash|p1a: Annihilape\n|-damage|p1a: Annihilape|34\/100\n|-damage|p1a: Annihilape|0 fnt\n|faint|p1a: Annihilape\n|-hitcount|p1: Annihilape|2\n|\n|upkeep\n|\n|t:|1700673274\n|switch|p1a: Kyurem|Kyurem-Black|100\/100\n|-ability|p1a: Kyurem|Teravolt\n|turn|5\n|\n|t:|1700673279\n|-terastallize|p1a: Kyurem|Electric\n|move|p2a: \u628a\u4f60\u6376\u6210sb|Double Iron Bash|p1a: Kyurem\n|-resisted|p1a: Kyurem\n|-damage|p1a: Kyurem|73\/100\n|-resisted|p1a: Kyurem\n|-damage|p1a: Kyurem|48\/100\n|-hitcount|p1a: Kyurem|2\n|cant|p1a: Kyurem|flinch\n|\n|-fieldend|move: Trick Room\n|upkeep\n|turn|6\n|\n|t:|1700673289\n|move|p1a: Kyurem|Roost|p1a: Kyurem\n|-heal|p1a: Kyurem|98\/100\n|move|p2a: \u628a\u4f60\u6376\u6210sb|Double Iron Bash|p1a: Kyurem\n|-resisted|p1a: Kyurem\n|-damage|p1a: Kyurem|70\/100\n|-resisted|p1a: Kyurem\n|-crit|p1a: Kyurem\n|-damage|p1a: Kyurem|26\/100\n|-hitcount|p1a: Kyurem|2\n|\n|-fieldend|move: Psychic Terrain\n|upkeep\n|turn|7\n|\n|t:|1700673306\n|switch|p2a: \u7f8e\u68a6|Cresselia, F|100\/100\n|move|p1a: Kyurem|Roost|p1a: Kyurem\n|-heal|p1a: Kyurem|76\/100\n|\n|upkeep\n|turn|8\n|\n|t:|1700673315\n|move|p1a: Kyurem|Icicle Spear|p2a: \u7f8e\u68a6\n|-damage|p2a: \u7f8e\u68a6|93\/100\n|-damage|p2a: \u7f8e\u68a6|85\/100\n|-damage|p2a: \u7f8e\u68a6|77\/100\n|-damage|p2a: \u7f8e\u68a6|69\/100\n|-hitcount|p2a: \u7f8e\u68a6|4\n|move|p2a: \u7f8e\u68a6|Toxic|p1a: Kyurem\n|-status|p1a: Kyurem|tox\n|\n|-damage|p1a: Kyurem|70\/100 tox|[from] psn\n|upkeep\n|turn|9\n|\n|t:|1700673326\n|move|p1a: Kyurem|Icicle Spear|p2a: \u7f8e\u68a6\n|-damage|p2a: \u7f8e\u68a6|62\/100\n|-damage|p2a: \u7f8e\u68a6|54\/100\n|-damage|p2a: \u7f8e\u68a6|46\/100\n|-damage|p2a: \u7f8e\u68a6|39\/100\n|-hitcount|p2a: \u7f8e\u68a6|4\n|move|p2a: \u7f8e\u68a6|Trick Room|p2a: \u7f8e\u68a6\n|-fieldstart|move: Trick Room|[of] p2a: \u7f8e\u68a6\n|\n|-damage|p1a: Kyurem|58\/100 tox|[from] psn\n|upkeep\n|turn|10\n|\n|t:|1700673336\n|move|p2a: \u7f8e\u68a6|Lunar Dance|p2a: \u7f8e\u68a6\n|faint|p2a: \u7f8e\u68a6\n|move|p1a: Kyurem|Icicle Spear|p2: \u7f8e\u68a6|[notarget]\n|-fail|p1a: Kyurem\n|\n|-damage|p1a: Kyurem|39\/100 tox|[from] psn\n|upkeep\n|\n|t:|1700673343\n|switch|p2a: \u628a\u4f60\u6376\u6210sb|Melmetal|100\/100\n|-heal|p2a: \u628a\u4f60\u6376\u6210sb|100\/100|[from] move: Lunar Dance\n|turn|11\n|\n|t:|1700673348\n|move|p2a: \u628a\u4f60\u6376\u6210sb|Double Iron Bash|p1a: Kyurem\n|-resisted|p1a: Kyurem\n|-damage|p1a: Kyurem|10\/100 tox\n|-resisted|p1a: Kyurem\n|-damage|p1a: Kyurem|0 fnt\n|faint|p1a: Kyurem\n|-hitcount|p1: Kyurem|2\n|\n|upkeep\n|-message|the maraculous forfeited.\n|\n|win|Slark 888\n|raw|the maraculous's rating: 1379 &rarr; <strong>1364<\/strong><br \/>(-15 for losing)\n|raw|Slark 888's rating: 1463 &rarr; <strong>1478<\/strong><br \/>(+15 for winning)\n|l|\u2606Slark 888\n","uploadtime":1700673370,"views":0,"p1id":"themaraculous","p2id":"slark888","formatid":"gen9nationaldexubers","rating":1364,"private":0,"password":""}