{"id":"gen9nationaldexubers-1993609810","p1":"Pachimi","p2":"ssssour","format":"[Gen 9] National Dex Ubers","log":"|j|\u2606Pachimi\n|j|\u2606ssssour\n|t:|1700337163\n|gametype|singles\n|player|p1|Pachimi|ash-alola|1221\n|player|p2|ssssour|pokemaniac|1284\n|teamsize|p1|6\n|teamsize|p2|6\n|gen|9\n|tier|[Gen 9] National Dex Ubers\n|rated|\n|rule|HP Percentage Mod: HP is shown in percentages\n|rule|Endless Battle Clause: Forcing endless battles is banned\n|rule|OHKO Clause: OHKO moves are banned\n|rule|Evasion Moves Clause: Evasion moves are banned\n|rule|Evasion Items Clause: Evasion items are banned\n|rule|Species Clause: Limit one of each Pok\u00e9mon\n|rule|Sleep Clause Mod: Limit one foe put to sleep\n|rule|Mega Rayquaza Clause: You cannot mega evolve Rayquaza\n|clearpoke\n|poke|p1|Pikachu, F|\n|poke|p1|Lucario, M|\n|poke|p1|Dragonite, F|\n|poke|p1|Dracovish|\n|poke|p1|Gengar, M|\n|poke|p1|Sirfetch\u2019d, M|\n|poke|p2|Pincurchin, M|\n|poke|p2|Espathra, M|\n|poke|p2|Garganacl, M|\n|poke|p2|Porygon2|\n|poke|p2|Annihilape, F|\n|poke|p2|Dunsparce, M|\n|teampreview\n|inactive|Battle timer is ON: inactive players will automatically lose when time's up. (requested by Pachimi)\n|\n|t:|1700337173\n|start\n|switch|p1a: Lucario|Lucario, M|100\/100\n|switch|p2a: Porygon2|Porygon2, shiny|100\/100\n|-ability|p2a: Porygon2|Inner Focus|[from] ability: Trace|[of] p1a: Lucario\n|turn|1\n|\n|t:|1700337178\n|detailschange|p1a: Lucario|Lucario-Mega, M\n|-mega|p1a: Lucario|Lucario|Lucarionite\n|move|p1a: Lucario|Swords Dance|p1a: Lucario\n|-boost|p1a: Lucario|atk|2\n|move|p2a: Porygon2|Icy Wind|p1a: Lucario\n|-resisted|p1a: Lucario\n|-damage|p1a: Lucario|90\/100\n|-unboost|p1a: Lucario|spe|1\n|\n|upkeep\n|turn|2\n|\n|t:|1700337186\n|move|p1a: Lucario|Bullet Punch|p2a: Porygon2\n|-damage|p2a: Porygon2|61\/100\n|move|p2a: Porygon2|Icy Wind|p1a: Lucario\n|-resisted|p1a: Lucario\n|-damage|p1a: Lucario|80\/100\n|-unboost|p1a: Lucario|spe|1\n|\n|upkeep\n|turn|3\n|\n|t:|1700337192\n|move|p2a: Porygon2|Tri Attack|p1a: Lucario\n|-resisted|p1a: Lucario\n|-damage|p1a: Lucario|55\/100\n|move|p1a: Lucario|Swords Dance|p1a: Lucario\n|-boost|p1a: Lucario|atk|2\n|\n|upkeep\n|turn|4\n|\n|t:|1700337196\n|move|p2a: Porygon2|Tri Attack|p1a: Lucario\n|-resisted|p1a: Lucario\n|-damage|p1a: Lucario|30\/100\n|-status|p1a: Lucario|par\n|cant|p1a: Lucario|par\n|\n|upkeep\n|turn|5\n|\n|t:|1700337200\n|cant|p1a: Lucario|par\n|move|p2a: Porygon2|Tri Attack|p1a: Lucario\n|-resisted|p1a: Lucario\n|-damage|p1a: Lucario|8\/100 par\n|\n|upkeep\n|turn|6\n|\n|t:|1700337204\n|cant|p1a: Lucario|par\n|move|p2a: Porygon2|Icy Wind|p1a: Lucario\n|-resisted|p1a: Lucario\n|-damage|p1a: Lucario|0 fnt\n|faint|p1a: Lucario\n|\n|upkeep\n|\n|t:|1700337208\n|switch|p1a: Pikachu|Pikachu, F|100\/100\n|turn|7\n|\n|t:|1700337212\n|move|p1a: Pikachu|Fake Out|p2a: Porygon2\n|-damage|p2a: Porygon2|50\/100\n|move|p2a: Porygon2|Tri Attack|p1a: Pikachu\n|-damage|p1a: Pikachu|25\/100\n|\n|upkeep\n|turn|8\n|\n|t:|1700337216\n|move|p1a: Pikachu|Extreme Speed|p2a: Porygon2\n|-crit|p2a: Porygon2\n|-damage|p2a: Porygon2|17\/100\n|move|p2a: Porygon2|Tri Attack|p1a: Pikachu\n|-damage|p1a: Pikachu|0 fnt\n|faint|p1a: Pikachu\n|\n|upkeep\n|\n|t:|1700337223\n|switch|p1a: Gengar|Gengar, M|100\/100\n|turn|9\n|\n|t:|1700337227\n|move|p1a: Gengar|Dazzling Gleam|p2a: Porygon2\n|-damage|p2a: Porygon2|0 fnt\n|faint|p2a: Porygon2\n|-damage|p1a: Gengar|91\/100|[from] item: Life Orb\n|\n|upkeep\n|\n|t:|1700337231\n|switch|p2a: Dunsparce|Dunsparce, M, shiny|100\/100\n|turn|10\n|\n|t:|1700337235\n|move|p1a: Gengar|Shadow Ball|p2a: Dunsparce\n|-immune|p2a: Dunsparce\n|move|p2a: Dunsparce|Glare|p1a: Gengar\n|-status|p1a: Gengar|par\n|\n|upkeep\n|turn|11\n|\n|t:|1700337240\n|switch|p2a: Garganacl|Garganacl, M|100\/100\n|cant|p1a: Gengar|par\n|\n|upkeep\n|turn|12\n|\n|t:|1700337249\n|switch|p1a: Dracovish|Dracovish|100\/100\n|move|p2a: Garganacl|Salt Cure|p1a: Dracovish\n|-damage|p1a: Dracovish|88\/100\n|-start|p1a: Dracovish|Salt Cure\n|\n|-damage|p1a: Dracovish|63\/100|[from] Salt Cure\n|upkeep\n|turn|13\n|\n|t:|1700337254\n|-terastallize|p2a: Garganacl|Grass\n|move|p1a: Dracovish|Fishious Rend|p2a: Garganacl\n|-resisted|p2a: Garganacl\n|-damage|p2a: Garganacl|41\/100\n|-damage|p1a: Dracovish|46\/100|[from] item: Rocky Helmet|[of] p2a: Garganacl\n|move|p2a: Garganacl|Iron Defense|p2a: Garganacl\n|-boost|p2a: Garganacl|def|2\n|\n|-damage|p1a: Dracovish|22\/100|[from] Salt Cure\n|upkeep\n|turn|14\n|\n|t:|1700337263\n|switch|p1a: Sirfetch\u2019d|Sirfetch\u2019d, M|100\/100\n|move|p2a: Garganacl|Recover|p2a: Garganacl\n|-heal|p2a: Garganacl|91\/100\n|\n|upkeep\n|turn|15\n|\n|t:|1700337268\n|move|p1a: Sirfetch\u2019d|Knock Off|p2a: Garganacl\n|-damage|p2a: Garganacl|78\/100\n|-damage|p1a: Sirfetch\u2019d|84\/100|[from] item: Rocky Helmet|[of] p2a: Garganacl\n|-enditem|p2a: Garganacl|Rocky Helmet|[from] move: Knock Off|[of] p1a: Sirfetch\u2019d\n|move|p2a: Garganacl|Iron Defense|p2a: Garganacl\n|-boost|p2a: Garganacl|def|2\n|\n|upkeep\n|turn|16\n|\n|t:|1700337274\n|move|p1a: Sirfetch\u2019d|Brave Bird|p2a: Garganacl\n|-supereffective|p2a: Garganacl\n|-crit|p2a: Garganacl\n|-damage|p2a: Garganacl|0 fnt\n|faint|p2a: Garganacl\n|-damage|p1a: Sirfetch\u2019d|52\/100|[from] Recoil\n|\n|upkeep\n|\n|t:|1700337281\n|switch|p2a: Annihilape|Annihilape, F|100\/100\n|turn|17\n|\n|t:|1700337284\n|move|p2a: Annihilape|Drain Punch|p1a: Sirfetch\u2019d\n|-damage|p1a: Sirfetch\u2019d|10\/100\n|move|p1a: Sirfetch\u2019d|Knock Off|p2a: Annihilape\n|-crit|p2a: Annihilape\n|-damage|p2a: Annihilape|49\/100\n|-enditem|p2a: Annihilape|Leftovers|[from] move: Knock Off|[of] p1a: Sirfetch\u2019d\n|\n|upkeep\n|turn|18\n|\n|t:|1700337292\n|move|p2a: Annihilape|Drain Punch|p1a: Sirfetch\u2019d\n|-damage|p1a: Sirfetch\u2019d|0 fnt\n|-heal|p2a: Annihilape|52\/100|[from] drain|[of] p1a: Sirfetch\u2019d\n|faint|p1a: Sirfetch\u2019d\n|\n|upkeep\n|\n|t:|1700337297\n|switch|p1a: Gengar|Gengar, M|91\/100 par\n|turn|19\n|\n|t:|1700337301\n|move|p2a: Annihilape|Rage Fist|p1a: Gengar\n|-supereffective|p1a: Gengar\n|-damage|p1a: Gengar|0 fnt\n|faint|p1a: Gengar\n|\n|upkeep\n|\n|t:|1700337306\n|switch|p1a: Dracovish|Dracovish|22\/100\n|turn|20\n|\n|t:|1700337310\n|move|p2a: Annihilape|Drain Punch|p1a: Dracovish\n|-damage|p1a: Dracovish|0 fnt\n|-heal|p2a: Annihilape|62\/100|[from] drain|[of] p1a: Dracovish\n|faint|p1a: Dracovish\n|\n|upkeep\n|\n|t:|1700337312\n|switch|p1a: Dragonite|Dragonite, F|100\/100\n|turn|21\n|\n|t:|1700337316\n|-terastallize|p1a: Dragonite|Normal\n|move|p1a: Dragonite|Dragon Dance|p1a: Dragonite\n|-boost|p1a: Dragonite|atk|1\n|-boost|p1a: Dragonite|spe|1\n|move|p2a: Annihilape|Rage Fist|p1a: Dragonite\n|-immune|p1a: Dragonite\n|\n|upkeep\n|turn|22\n|\n|t:|1700337324\n|move|p1a: Dragonite|Dragon Dance|p1a: Dragonite\n|-boost|p1a: Dragonite|atk|1\n|-boost|p1a: Dragonite|spe|1\n|move|p2a: Annihilape|Drain Punch|p1a: Dragonite\n|-supereffective|p1a: Dragonite\n|-damage|p1a: Dragonite|60\/100\n|-heal|p2a: Annihilape|77\/100|[from] drain|[of] p1a: Dragonite\n|\n|-heal|p1a: Dragonite|66\/100|[from] item: Leftovers\n|upkeep\n|turn|23\n|\n|t:|1700337330\n|move|p1a: Dragonite|Earthquake|p2a: Annihilape\n|-damage|p2a: Annihilape|8\/100\n|move|p2a: Annihilape|Bulk Up|p2a: Annihilape\n|-boost|p2a: Annihilape|atk|1\n|-boost|p2a: Annihilape|def|1\n|\n|-heal|p1a: Dragonite|73\/100|[from] item: Leftovers\n|upkeep\n|turn|24\n|\n|t:|1700337334\n|move|p1a: Dragonite|Earthquake|p2a: Annihilape\n|-damage|p2a: Annihilape|0 fnt\n|faint|p2a: Annihilape\n|\n|-heal|p1a: Dragonite|79\/100|[from] item: Leftovers\n|upkeep\n|\n|t:|1700337337\n|switch|p2a: Dunsparce|Dunsparce, M, shiny|100\/100\n|turn|25\n|\n|t:|1700337342\n|move|p1a: Dragonite|Earthquake|p2a: Dunsparce\n|-crit|p2a: Dunsparce\n|-damage|p2a: Dunsparce|8\/100\n|move|p2a: Dunsparce|Glare|p1a: Dragonite\n|-status|p1a: Dragonite|par\n|\n|-heal|p1a: Dragonite|85\/100 par|[from] item: Leftovers\n|upkeep\n|turn|26\n|\n|t:|1700337348\n|move|p1a: Dragonite|Extreme Speed|p2a: Dunsparce\n|-damage|p2a: Dunsparce|0 fnt\n|faint|p2a: Dunsparce\n|\n|-heal|p1a: Dragonite|91\/100 par|[from] item: Leftovers\n|upkeep\n|\n|t:|1700337350\n|switch|p2a: Pincurchin|Pincurchin, M|100\/100\n|-fieldstart|move: Electric Terrain|[from] ability: Electric Surge|[of] p2a: Pincurchin\n|turn|27\n|\n|t:|1700337353\n|move|p1a: Dragonite|Earthquake|p2a: Pincurchin\n|-supereffective|p2a: Pincurchin\n|-damage|p2a: Pincurchin|0 fnt\n|faint|p2a: Pincurchin\n|\n|-heal|p1a: Dragonite|97\/100 par|[from] item: Leftovers\n|upkeep\n|\n|t:|1700337356\n|switch|p2a: Espathra|Espathra, M|100\/100\n|-enditem|p2a: Espathra|Electric Seed\n|-boost|p2a: Espathra|def|1|[from] item: Electric Seed\n|turn|28\n|c|\u2606ssssour|fuck me\n|\n|t:|1700337361\n|move|p1a: Dragonite|Earthquake|p2a: Espathra\n|-damage|p2a: Espathra|56\/100\n|move|p2a: Espathra|Calm Mind|p2a: Espathra\n|-boost|p2a: Espathra|spa|1\n|-boost|p2a: Espathra|spd|1\n|\n|-heal|p1a: Dragonite|100\/100 par|[from] item: Leftovers\n|-ability|p2a: Espathra|Speed Boost|boost\n|-boost|p2a: Espathra|spe|1\n|upkeep\n|turn|29\n|\n|t:|1700337365\n|cant|p1a: Dragonite|par\n|move|p2a: Espathra|Roost|p2a: Espathra\n|-heal|p2a: Espathra|100\/100\n|-singleturn|p2a: Espathra|move: Roost\n|\n|-ability|p2a: Espathra|Speed Boost|boost\n|-boost|p2a: Espathra|spe|1\n|upkeep\n|turn|30\n|\n|t:|1700337367\n|move|p1a: Dragonite|Extreme Speed|p2a: Espathra\n|-damage|p2a: Espathra|49\/100\n|move|p2a: Espathra|Stored Power|p1a: Dragonite\n|-damage|p1a: Dragonite|67\/100 par\n|\n|-heal|p1a: Dragonite|73\/100 par|[from] item: Leftovers\n|-ability|p2a: Espathra|Speed Boost|boost\n|-boost|p2a: Espathra|spe|1\n|upkeep\n|turn|31\n|\n|t:|1700337372\n|move|p1a: Dragonite|Extreme Speed|p2a: Espathra\n|-damage|p2a: Espathra|0 fnt\n|faint|p2a: Espathra\n|\n|win|Pachimi\n|raw|Pachimi's rating: 1221 &rarr; <strong>1250<\/strong><br \/>(+29 for winning)\n|raw|ssssour's rating: 1284 &rarr; <strong>1255<\/strong><br \/>(-29 for losing)\n|c|\u2606ssssour|ash from KANTOOOOOOOOOO\n|c|\u2606ssssour|gg\n|l|\u2606ssssour\n|c|\u2606Pachimi|Weeee\n|c|\u2606Pachimi|gg\n","uploadtime":1700337398,"views":7,"p1id":"pachimi","p2id":"ssssour","formatid":"gen9nationaldexubers","rating":1250,"private":0,"password":""}