{"id":"gen9nationaldexubers-1983797756","p1":"wholesomegardepls","p2":"IlikeGurt","format":"[Gen 9] National Dex Ubers","log":"|j|\u2606wholesomegardepls\n|j|\u2606IlikeGurt\n|t:|1699183037\n|gametype|singles\n|player|p1|wholesomegardepls|ghetsis-gen5bw|1070\n|player|p2|IlikeGurt|cynthia|1132\n|teamsize|p1|6\n|teamsize|p2|6\n|gen|9\n|tier|[Gen 9] National Dex Ubers\n|rated|\n|rule|HP Percentage Mod: HP is shown in percentages\n|rule|Endless Battle Clause: Forcing endless battles is banned\n|rule|OHKO Clause: OHKO moves are banned\n|rule|Evasion Moves Clause: Evasion moves are banned\n|rule|Evasion Items Clause: Evasion items are banned\n|rule|Species Clause: Limit one of each Pok\u00e9mon\n|rule|Sleep Clause Mod: Limit one foe put to sleep\n|rule|Mega Rayquaza Clause: You cannot mega evolve Rayquaza\n|clearpoke\n|poke|p1|Urshifu-*, M|\n|poke|p1|Necrozma-Dusk-Mane|\n|poke|p1|Eternatus|\n|poke|p1|Regieleki|\n|poke|p1|Darmanitan-Galar, M|\n|poke|p1|Calyrex-Ice|\n|poke|p2|Necrozma-Dawn-Wings|\n|poke|p2|Grimmsnarl, M|\n|poke|p2|Blastoise, M|\n|poke|p2|Hippowdon, M|\n|poke|p2|Regieleki|\n|poke|p2|Togedemaru, L1, F|\n|teampreview\n|inactive|Battle timer is ON: inactive players will automatically lose when time's up. (requested by wholesomegardepls)\n|\n|t:|1699183043\n|start\n|switch|p1a: Necrozma|Necrozma-Dusk-Mane, shiny|100\/100\n|switch|p2a: Grimmsnarl|Grimmsnarl, M|100\/100\n|turn|1\n|\n|t:|1699183046\n|move|p2a: Grimmsnarl|Trick|p1a: Necrozma\n|-activate|p2a: Grimmsnarl|move: Trick|[of] p1a: Necrozma\n|-item|p1a: Necrozma|Toxic Orb|[from] move: Trick\n|-item|p2a: Grimmsnarl|Leftovers|[from] move: Trick\n|move|p1a: Necrozma|Sunsteel Strike|p2a: Grimmsnarl\n|-supereffective|p2a: Grimmsnarl\n|-damage|p2a: Grimmsnarl|0 fnt\n|faint|p2a: Grimmsnarl\n|\n|upkeep\n|\n|t:|1699183053\n|switch|p2a: Hippowdon|Hippowdon, M|100\/100\n|-weather|Sandstorm|[from] ability: Sand Stream|[of] p2a: Hippowdon\n|turn|2\n|\n|t:|1699183056\n|move|p1a: Necrozma|Stealth Rock|p2a: Hippowdon\n|-sidestart|p2: IlikeGurt|move: Stealth Rock\n|move|p2a: Hippowdon|Stealth Rock|p1a: Necrozma\n|-sidestart|p1: wholesomegardepls|move: Stealth Rock\n|\n|-weather|Sandstorm|[upkeep]\n|upkeep\n|turn|3\n|\n|t:|1699183065\n|move|p1a: Necrozma|Toxic|p2a: Hippowdon\n|-status|p2a: Hippowdon|tox\n|move|p2a: Hippowdon|Earthquake|p1a: Necrozma\n|-supereffective|p1a: Necrozma\n|-damage|p1a: Necrozma|66\/100\n|\n|-weather|Sandstorm|[upkeep]\n|-damage|p2a: Hippowdon|94\/100 tox|[from] psn\n|upkeep\n|turn|4\n|\n|t:|1699183071\n|switch|p2a: Regieleki|Regieleki|100\/100\n|-damage|p2a: Regieleki|88\/100|[from] Stealth Rock\n|move|p1a: Necrozma|Sunsteel Strike|p2a: Regieleki\n|-resisted|p2a: Regieleki\n|-damage|p2a: Regieleki|36\/100\n|\n|-weather|Sandstorm|[upkeep]\n|-damage|p2a: Regieleki|30\/100|[from] Sandstorm\n|upkeep\n|turn|5\n|\n|t:|1699183079\n|move|p2a: Regieleki|Rapid Spin|p1a: Necrozma\n|-resisted|p1a: Necrozma\n|-damage|p1a: Necrozma|63\/100\n|-boost|p2a: Regieleki|spe|1\n|-sideend|p2: IlikeGurt|Stealth Rock|[from] move: Rapid Spin|[of] p2a: Regieleki\n|move|p1a: Necrozma|Sunsteel Strike|p2a: Regieleki\n|-resisted|p2a: Regieleki\n|-damage|p2a: Regieleki|0 fnt\n|faint|p2a: Regieleki\n|\n|-weather|Sandstorm|[upkeep]\n|upkeep\n|\n|t:|1699183082\n|switch|p2a: Togedemaru|Togedemaru, L1, F|100\/100\n|turn|6\n|\n|t:|1699183087\n|move|p1a: Necrozma|Stealth Rock|p2a: Togedemaru\n|-sidestart|p2: IlikeGurt|move: Stealth Rock\n|move|p2a: Togedemaru|Endeavor|p1a: Necrozma\n|-damage|p1a: Necrozma|4\/100\n|\n|-weather|Sandstorm|[upkeep]\n|upkeep\n|turn|7\n|\n|t:|1699183093\n|move|p2a: Togedemaru|Spiky Shield|p2a: Togedemaru\n|-singleturn|p2a: Togedemaru|move: Protect\n|move|p1a: Necrozma|Sunsteel Strike|p2a: Togedemaru\n|-activate|p2a: Togedemaru|move: Protect\n|-damage|p1a: Necrozma|0 fnt|[from] Spiky Shield|[of] p2a: Togedemaru\n|faint|p1a: Necrozma\n|\n|-weather|Sandstorm|[upkeep]\n|upkeep\n|\n|t:|1699183097\n|switch|p1a: Regieleki|Regieleki, shiny|100\/100\n|turn|8\n|\n|t:|1699183100\n|move|p1a: Regieleki|Rapid Spin|p2a: Togedemaru\n|-resisted|p2a: Togedemaru\n|-crit|p2a: Togedemaru\n|-ability|p2a: Togedemaru|Sturdy\n|-damage|p2a: Togedemaru|8\/100\n|-boost|p1a: Regieleki|spe|1\n|-sideend|p1: wholesomegardepls|Stealth Rock|[from] move: Rapid Spin|[of] p1a: Regieleki\n|move|p2a: Togedemaru|Endeavor|p1a: Regieleki\n|-damage|p1a: Regieleki|1\/100\n|-heal|p2a: Togedemaru|100\/100|[from] item: Shell Bell|[of] p1a: Regieleki\n|\n|-weather|Sandstorm|[upkeep]\n|-damage|p1a: Regieleki|0 fnt|[from] Sandstorm\n|faint|p1a: Regieleki\n|upkeep\n|\n|t:|1699183110\n|switch|p1a: Calyrex|Calyrex-Ice|100\/100\n|-ability|p1a: Calyrex|As One\n|-ability|p1a: Calyrex|Unnerve\n|turn|9\n|\n|t:|1699183113\n|move|p2a: Togedemaru|Endeavor|p1a: Calyrex\n|-damage|p1a: Calyrex|4\/100\n|move|p1a: Calyrex|Trick Room|p1a: Calyrex\n|-fieldstart|move: Trick Room|[of] p1a: Calyrex\n|\n|-weather|none\n|-heal|p1a: Calyrex|10\/100|[from] item: Leftovers\n|upkeep\n|turn|10\n|\n|t:|1699183119\n|move|p2a: Togedemaru|Spiky Shield|p2a: Togedemaru\n|-singleturn|p2a: Togedemaru|move: Protect\n|move|p1a: Calyrex|High Horsepower|p2a: Togedemaru\n|-activate|p2a: Togedemaru|move: Protect\n|-damage|p1a: Calyrex|0 fnt|[from] Spiky Shield|[of] p2a: Togedemaru\n|faint|p1a: Calyrex\n|\n|upkeep\n|\n|t:|1699183136\n|switch|p1a: Darmanitan|Darmanitan-Galar, M, shiny|100\/100\n|turn|11\n|\n|t:|1699183138\n|move|p2a: Togedemaru|Endeavor|p1a: Darmanitan\n|-damage|p1a: Darmanitan|4\/100\n|move|p1a: Darmanitan|Earthquake|p2a: Togedemaru\n|-supereffective|p2a: Togedemaru\n|-ability|p2a: Togedemaru|Sturdy\n|-damage|p2a: Togedemaru|8\/100\n|\n|upkeep\n|turn|12\n|-message|wholesomegardepls forfeited.\n|\n|win|IlikeGurt\n|raw|wholesomegardepls's rating: 1070 &rarr; <strong>1053<\/strong><br \/>(-17 for losing)\n|raw|IlikeGurt's rating: 1132 &rarr; <strong>1153<\/strong><br \/>(+21 for winning)\n|l|\u2606wholesomegardepls\n","uploadtime":1699183153,"views":3,"p1id":"wholesomegardepls","p2id":"ilikegurt","formatid":"gen9nationaldexubers","rating":1053,"private":0,"password":""}