{"id":"gen9nationaldexubers-1985553946","p1":"Aroma Nobody","p2":"michael213","format":"[Gen 9] National Dex Ubers","log":"|j|\u2606Aroma Nobody\n|j|\u2606michael213\n|t:|1699384139\n|gametype|singles\n|player|p1|Aroma Nobody|turo-ai|\n|player|p2|michael213|akari|\n|teamsize|p1|6\n|teamsize|p2|6\n|gen|9\n|tier|[Gen 9] National Dex Ubers\n|rule|HP Percentage Mod: HP is shown in percentages\n|rule|Endless Battle Clause: Forcing endless battles is banned\n|rule|OHKO Clause: OHKO moves are banned\n|rule|Evasion Moves Clause: Evasion moves are banned\n|rule|Evasion Items Clause: Evasion items are banned\n|rule|Species Clause: Limit one of each Pok\u00e9mon\n|rule|Sleep Clause Mod: Limit one foe put to sleep\n|rule|Mega Rayquaza Clause: You cannot mega evolve Rayquaza\n|clearpoke\n|poke|p1|Walking Wake|\n|poke|p1|Masquerain, F|\n|poke|p1|Urshifu-*, F|\n|poke|p1|Iron Bundle|\n|poke|p1|Greninja-*, M|\n|poke|p1|Slowbro, F|\n|poke|p2|Roaring Moon|\n|poke|p2|Clodsire, F|\n|poke|p2|Jirachi|\n|poke|p2|Samurott-Hisui, M|\n|poke|p2|Zapdos|\n|poke|p2|Medicham, M|\n|teampreview\n|inactive|Battle timer is ON: inactive players will automatically lose when time's up. (requested by michael213)\n|c|\u2606Aroma Nobody|Glhd\n|c|\u2606michael213|u2\n|\n|t:|1699384162\n|start\n|switch|p1a: Urshifu|Urshifu-Rapid-Strike, F|100\/100\n|switch|p2a: Jirachi|Jirachi, shiny|100\/100\n|turn|1\n|\n|t:|1699384170\n|move|p2a: Jirachi|U-turn|p1a: Urshifu\n|-resisted|p1a: Urshifu\n|-damage|p1a: Urshifu|91\/100\n|\n|t:|1699384172\n|switch|p2a: Clodsire|Clodsire, F, shiny|100\/100|[from] U-turn\n|move|p1a: Urshifu|U-turn|p2a: Clodsire\n|-resisted|p2a: Clodsire\n|-damage|p2a: Clodsire|88\/100\n|\n|t:|1699384192\n|switch|p1a: Iron Bundle|Iron Bundle|100\/100|[from] U-turn\n|\n|-heal|p2a: Clodsire|94\/100|[from] item: Leftovers\n|upkeep\n|turn|2\n|\n|t:|1699384197\n|move|p1a: Iron Bundle|Freeze-Dry|p2a: Clodsire\n|-supereffective|p2a: Clodsire\n|-damage|p2a: Clodsire|38\/100\n|move|p2a: Clodsire|Stealth Rock|p1a: Iron Bundle\n|-sidestart|p1: Aroma Nobody|move: Stealth Rock\n|\n|-heal|p2a: Clodsire|45\/100|[from] item: Leftovers\n|upkeep\n|turn|3\n|\n|t:|1699384203\n|switch|p2a: Jirachi|Jirachi, shiny|100\/100\n|move|p1a: Iron Bundle|Freeze-Dry|p2a: Jirachi\n|-resisted|p2a: Jirachi\n|-damage|p2a: Jirachi|72\/100\n|\n|upkeep\n|turn|4\n|\n|t:|1699384212\n|-end|p1a: Iron Bundle|Quark Drive|[silent]\n|switch|p1a: Masquerain|Masquerain, F|100\/100\n|-damage|p1a: Masquerain|51\/100|[from] Stealth Rock\n|-ability|p1a: Masquerain|Intimidate|boost\n|-unboost|p2a: Jirachi|atk|1\n|move|p2a: Jirachi|Iron Head|p1a: Masquerain\n|-damage|p1a: Masquerain|7\/100\n|\n|upkeep\n|turn|5\n|\n|t:|1699384238\n|move|p2a: Jirachi|Iron Head|p1a: Masquerain\n|-damage|p1a: Masquerain|0 fnt\n|faint|p1a: Masquerain\n|\n|upkeep\n|inactive|Aroma Nobody has 270 seconds left.\n|\n|t:|1699384261\n|switch|p1a: Slowbro|Slowbro, F|100\/100\n|-damage|p1a: Slowbro|88\/100|[from] Stealth Rock\n|turn|6\n|\n|t:|1699384265\n|switch|p2a: Zapdos|Zapdos, shiny|100\/100\n|move|p1a: Slowbro|Calm Mind|p1a: Slowbro\n|-boost|p1a: Slowbro|spa|1\n|-boost|p1a: Slowbro|spd|1\n|\n|upkeep\n|turn|7\n|\n|t:|1699384270\n|detailschange|p1a: Slowbro|Slowbro-Mega, F\n|-mega|p1a: Slowbro|Slowbro|Slowbronite\n|move|p2a: Zapdos|Thunderbolt|p1a: Slowbro\n|-supereffective|p1a: Slowbro\n|-damage|p1a: Slowbro|40\/100\n|move|p1a: Slowbro|Calm Mind|p1a: Slowbro\n|-boost|p1a: Slowbro|spa|1\n|-boost|p1a: Slowbro|spd|1\n|\n|upkeep\n|turn|8\n|\n|t:|1699384276\n|switch|p2a: Samurott|Samurott-Hisui, M, shiny|100\/100\n|move|p1a: Slowbro|Slack Off|p1a: Slowbro\n|-heal|p1a: Slowbro|90\/100\n|\n|upkeep\n|turn|9\n|\n|t:|1699384280\n|move|p2a: Samurott|Swords Dance|p2a: Samurott\n|-boost|p2a: Samurott|atk|2\n|move|p1a: Slowbro|Scald|p2a: Samurott\n|-resisted|p2a: Samurott\n|-damage|p2a: Samurott|47\/100\n|-status|p2a: Samurott|brn\n|\n|-damage|p2a: Samurott|40\/100 brn|[from] brn\n|upkeep\n|turn|10\n|\n|t:|1699384284\n|move|p2a: Samurott|Ceaseless Edge|p1a: Slowbro\n|-supereffective|p1a: Slowbro\n|-damage|p1a: Slowbro|55\/100\n|-sidestart|p1: Aroma Nobody|Spikes\n|move|p1a: Slowbro|Scald|p2a: Samurott\n|-resisted|p2a: Samurott\n|-damage|p2a: Samurott|0 fnt\n|faint|p2a: Samurott\n|\n|upkeep\n|\n|t:|1699384287\n|switch|p2a: Medicham|Medicham, M, shiny|100\/100\n|turn|11\n|\n|t:|1699384291\n|detailschange|p2a: Medicham|Medicham-Mega, M, shiny\n|-mega|p2a: Medicham|Medicham|Medichamite\n|move|p2a: Medicham|Fake Out|p1a: Slowbro\n|-damage|p1a: Slowbro|45\/100\n|cant|p1a: Slowbro|flinch\n|\n|upkeep\n|turn|12\n|\n|t:|1699384295\n|move|p2a: Medicham|Thunder Punch|p1a: Slowbro\n|-supereffective|p1a: Slowbro\n|-damage|p1a: Slowbro|5\/100\n|move|p1a: Slowbro|Slack Off|p1a: Slowbro\n|-heal|p1a: Slowbro|55\/100\n|\n|upkeep\n|turn|13\n|\n|t:|1699384303\n|switch|p2a: Clodsire|Clodsire, F, shiny|45\/100\n|move|p1a: Slowbro|Psyshock|p2a: Clodsire\n|-supereffective|p2a: Clodsire\n|-damage|p2a: Clodsire|0 fnt\n|faint|p2a: Clodsire\n|\n|upkeep\n|\n|t:|1699384308\n|switch|p2a: Roaring Moon|Roaring Moon, shiny|100\/100\n|-enditem|p2a: Roaring Moon|Booster Energy\n|-activate|p2a: Roaring Moon|ability: Protosynthesis|[fromitem]\n|-start|p2a: Roaring Moon|protosynthesisatk\n|turn|14\n|\n|t:|1699384315\n|move|p2a: Roaring Moon|Dragon Dance|p2a: Roaring Moon\n|-boost|p2a: Roaring Moon|atk|1\n|-boost|p2a: Roaring Moon|spe|1\n|move|p1a: Slowbro|Scald|p2a: Roaring Moon\n|-resisted|p2a: Roaring Moon\n|-damage|p2a: Roaring Moon|66\/100\n|\n|upkeep\n|turn|15\n|\n|t:|1699384317\n|move|p2a: Roaring Moon|Knock Off|p1a: Slowbro\n|-supereffective|p1a: Slowbro\n|-damage|p1a: Slowbro|3\/100\n|move|p1a: Slowbro|Scald|p2a: Roaring Moon\n|-resisted|p2a: Roaring Moon\n|-damage|p2a: Roaring Moon|33\/100\n|\n|upkeep\n|turn|16\n|\n|t:|1699384321\n|move|p2a: Roaring Moon|Knock Off|p1a: Slowbro\n|-supereffective|p1a: Slowbro\n|-damage|p1a: Slowbro|0 fnt\n|faint|p1a: Slowbro\n|\n|upkeep\n|\n|t:|1699384342\n|switch|p1a: Greninja|Greninja, M|100\/100\n|-damage|p1a: Greninja|88\/100|[from] Stealth Rock\n|-damage|p1a: Greninja|76\/100|[from] Spikes\n|turn|17\n|\n|t:|1699384355\n|move|p1a: Greninja|Water Shuriken|p2a: Roaring Moon\n|-resisted|p2a: Roaring Moon\n|-damage|p2a: Roaring Moon|29\/100\n|-resisted|p2a: Roaring Moon\n|-damage|p2a: Roaring Moon|26\/100\n|-resisted|p2a: Roaring Moon\n|-damage|p2a: Roaring Moon|22\/100\n|-hitcount|p2a: Roaring Moon|3\n|move|p2a: Roaring Moon|Acrobatics|p1a: Greninja\n|-damage|p1a: Greninja|0 fnt\n|faint|p1a: Greninja\n|\n|upkeep\n|\n|t:|1699384358\n|switch|p1a: Urshifu|Urshifu-Rapid-Strike, F|91\/100\n|-damage|p1a: Urshifu|85\/100|[from] Stealth Rock\n|-damage|p1a: Urshifu|73\/100|[from] Spikes\n|turn|18\n|\n|t:|1699384372\n|-terastallize|p1a: Urshifu|Water\n|move|p1a: Urshifu|Aqua Jet|p2a: Roaring Moon\n|-resisted|p2a: Roaring Moon\n|-damage|p2a: Roaring Moon|4\/100\n|move|p2a: Roaring Moon|Acrobatics|p1a: Urshifu\n|-damage|p1a: Urshifu|0 fnt\n|faint|p1a: Urshifu\n|\n|upkeep\n|\n|t:|1699384374\n|switch|p1a: Walking Wake|Walking Wake|100\/100\n|-damage|p1a: Walking Wake|88\/100|[from] Stealth Rock\n|-damage|p1a: Walking Wake|76\/100|[from] Spikes\n|turn|19\n|\n|t:|1699384377\n|move|p2a: Roaring Moon|Acrobatics|p1a: Walking Wake\n|-damage|p1a: Walking Wake|0 fnt\n|faint|p1a: Walking Wake\n|-end|p1a: Walking Wake|Protosynthesis|[silent]\n|\n|upkeep\n|c|\u2606Aroma Nobody|Gg\n|c|\u2606michael213|gg\n|\n|t:|1699384382\n|switch|p1a: Iron Bundle|Iron Bundle|100\/100\n|-damage|p1a: Iron Bundle|76\/100|[from] Stealth Rock\n|-damage|p1a: Iron Bundle|63\/100|[from] Spikes\n|turn|20\n|\n|t:|1699384388\n|move|p2a: Roaring Moon|Acrobatics|p1a: Iron Bundle\n|-damage|p1a: Iron Bundle|0 fnt\n|faint|p1a: Iron Bundle\n|-end|p1a: Iron Bundle|Quark Drive|[silent]\n|\n|win|michael213\n|l|\u2606michael213\n","uploadtime":1699384394,"views":16,"p1id":"aromanobody","p2id":"michael213","formatid":"gen9nationaldexubers","rating":0,"private":0,"password":""}