{"id":"gen9nationaldexubers-1986318071","p1":"danish13","p2":"JustMonika_CARR","format":"[Gen 9] National Dex Ubers","log":"|j|\u2606danish13\n|j|\u2606JustMonika_CARR\n|t:|1699468826\n|gametype|singles\n|player|p1|danish13|lance|1419\n|player|p2|JustMonika_CARR|101|1512\n|teamsize|p1|6\n|teamsize|p2|6\n|gen|9\n|tier|[Gen 9] National Dex Ubers\n|rated|\n|rule|HP Percentage Mod: HP is shown in percentages\n|rule|Endless Battle Clause: Forcing endless battles is banned\n|rule|OHKO Clause: OHKO moves are banned\n|rule|Evasion Moves Clause: Evasion moves are banned\n|rule|Evasion Items Clause: Evasion items are banned\n|rule|Species Clause: Limit one of each Pok\u00e9mon\n|rule|Sleep Clause Mod: Limit one foe put to sleep\n|rule|Mega Rayquaza Clause: You cannot mega evolve Rayquaza\n|clearpoke\n|poke|p1|Salamence, M|\n|poke|p1|Groudon|\n|poke|p1|Yveltal|\n|poke|p1|Rayquaza|\n|poke|p1|Giratina-Origin|\n|poke|p1|Walrein, F|\n|poke|p2|Marshadow|\n|poke|p2|Lopunny, F|\n|poke|p2|Dialga|\n|poke|p2|Forretress, F|\n|poke|p2|Pheromosa|\n|poke|p2|Grimmsnarl, M|\n|teampreview\n|inactive|Battle timer is ON: inactive players will automatically lose when time's up. (requested by danish13)\n|c|\u2606JustMonika_CARR|Glhf\n|\n|t:|1699468841\n|start\n|switch|p1a: Walrein|Walrein, F|100\/100\n|switch|p2a: Forretress|Forretress, F, shiny|100\/100\n|turn|1\n|\n|t:|1699468848\n|move|p1a: Walrein|Curse|p1a: Walrein\n|-unboost|p1a: Walrein|spe|1\n|-boost|p1a: Walrein|atk|1\n|-boost|p1a: Walrein|def|1\n|move|p2a: Forretress|Toxic Spikes|p1a: Walrein\n|-sidestart|p1: danish13|move: Toxic Spikes\n|\n|upkeep\n|turn|2\n|\n|t:|1699468854\n|move|p2a: Forretress|Toxic Spikes|p1a: Walrein\n|-sidestart|p1: danish13|move: Toxic Spikes\n|move|p1a: Walrein|Curse|p1a: Walrein\n|-unboost|p1a: Walrein|spe|1\n|-boost|p1a: Walrein|atk|1\n|-boost|p1a: Walrein|def|1\n|\n|upkeep\n|turn|3\n|\n|t:|1699468862\n|move|p2a: Forretress|Stealth Rock|p1a: Walrein\n|-sidestart|p1: danish13|move: Stealth Rock\n|move|p1a: Walrein|Curse|p1a: Walrein\n|-unboost|p1a: Walrein|spe|1\n|-boost|p1a: Walrein|atk|1\n|-boost|p1a: Walrein|def|1\n|\n|upkeep\n|turn|4\n|\n|t:|1699468869\n|move|p2a: Forretress|Rapid Spin|p1a: Walrein\n|-damage|p1a: Walrein|97\/100\n|-boost|p2a: Forretress|spe|1\n|move|p1a: Walrein|Curse|p1a: Walrein\n|-unboost|p1a: Walrein|spe|1\n|-boost|p1a: Walrein|atk|1\n|-boost|p1a: Walrein|def|1\n|\n|-heal|p1a: Walrein|100\/100|[from] item: Leftovers\n|upkeep\n|turn|5\n|\n|t:|1699468880\n|move|p2a: Forretress|Rapid Spin|p1a: Walrein\n|-damage|p1a: Walrein|98\/100\n|-boost|p2a: Forretress|spe|1\n|move|p1a: Walrein|Body Press|p2a: Forretress\n|-damage|p2a: Forretress|63\/100\n|-enditem|p2a: Forretress|Red Card|[of] p1a: Walrein\n|drag|p1a: Yveltal|Yveltal|100\/100\n|-damage|p1a: Yveltal|76\/100|[from] Stealth Rock\n|-ability|p1a: Yveltal|Dark Aura\n|\n|upkeep\n|turn|6\n|\n|t:|1699468892\n|move|p1a: Yveltal|Knock Off|p2a: Forretress\n|-damage|p2a: Forretress|33\/100\n|-damage|p1a: Yveltal|66\/100|[from] item: Life Orb\n|move|p2a: Forretress|Rapid Spin|p1a: Yveltal\n|-damage|p1a: Yveltal|55\/100\n|-boost|p2a: Forretress|spe|1\n|\n|upkeep\n|turn|7\n|\n|t:|1699468918\n|move|p1a: Yveltal|Oblivion Wing|p2a: Forretress\n|-damage|p2a: Forretress|0 fnt\n|-heal|p1a: Yveltal|77\/100|[from] drain|[of] p2a: Forretress\n|faint|p2a: Forretress\n|-damage|p1a: Yveltal|67\/100|[from] item: Life Orb\n|\n|upkeep\n|\n|t:|1699468927\n|switch|p2a: Grimmsnarl|Grimmsnarl, M, shiny|100\/100\n|turn|8\n|\n|t:|1699468936\n|switch|p1a: Walrein|Walrein, F|98\/100\n|-status|p1a: Walrein|tox\n|-damage|p1a: Walrein|73\/100 tox|[from] Stealth Rock\n|move|p2a: Grimmsnarl|Spirit Break|p1a: Walrein\n|-damage|p1a: Walrein|49\/100 tox\n|-unboost|p1a: Walrein|spa|1\n|\n|-heal|p1a: Walrein|56\/100 tox|[from] item: Leftovers\n|-damage|p1a: Walrein|49\/100 tox|[from] psn\n|upkeep\n|turn|9\n|\n|t:|1699468949\n|move|p2a: Grimmsnarl|Taunt|p1a: Walrein\n|-immune|p1a: Walrein|[from] ability: Oblivious\n|move|p1a: Walrein|Rest|p1a: Walrein\n|-status|p1a: Walrein|slp|[from] move: Rest\n|-heal|p1a: Walrein|100\/100 slp|[silent]\n|\n|upkeep\n|turn|10\n|\n|t:|1699468960\n|move|p2a: Grimmsnarl|Spirit Break|p1a: Walrein\n|-damage|p1a: Walrein|77\/100 slp\n|-unboost|p1a: Walrein|spa|1\n|cant|p1a: Walrein|slp\n|\n|-heal|p1a: Walrein|83\/100 slp|[from] item: Leftovers\n|upkeep\n|turn|11\n|\n|t:|1699468969\n|move|p2a: Grimmsnarl|Spirit Break|p1a: Walrein\n|-damage|p1a: Walrein|59\/100 slp\n|-unboost|p1a: Walrein|spa|1\n|cant|p1a: Walrein|slp\n|\n|-heal|p1a: Walrein|66\/100 slp|[from] item: Leftovers\n|upkeep\n|turn|12\n|\n|t:|1699468996\n|move|p2a: Grimmsnarl|Spirit Break|p1a: Walrein\n|-damage|p1a: Walrein|44\/100 slp\n|-unboost|p1a: Walrein|spa|1\n|-curestatus|p1a: Walrein|slp|[msg]\n|move|p1a: Walrein|Curse|p1a: Walrein\n|-unboost|p1a: Walrein|spe|1\n|-boost|p1a: Walrein|atk|1\n|-boost|p1a: Walrein|def|1\n|\n|-heal|p1a: Walrein|50\/100|[from] item: Leftovers\n|upkeep\n|turn|13\n|inactive|danish13 has 120 seconds left.\n|\n|t:|1699469016\n|move|p2a: Grimmsnarl|Spirit Break|p1a: Walrein\n|-damage|p1a: Walrein|35\/100\n|-unboost|p1a: Walrein|spa|1\n|move|p1a: Walrein|Curse|p1a: Walrein\n|-unboost|p1a: Walrein|spe|1\n|-boost|p1a: Walrein|atk|1\n|-boost|p1a: Walrein|def|1\n|\n|-heal|p1a: Walrein|41\/100|[from] item: Leftovers\n|upkeep\n|turn|14\n|inactive|danish13 has 120 seconds left.\n|\n|t:|1699469026\n|move|p2a: Grimmsnarl|Spirit Break|p1a: Walrein\n|-damage|p1a: Walrein|29\/100\n|-unboost|p1a: Walrein|spa|1\n|move|p1a: Walrein|Curse|p1a: Walrein\n|-unboost|p1a: Walrein|spe|1\n|-boost|p1a: Walrein|atk|1\n|-boost|p1a: Walrein|def|1\n|\n|-heal|p1a: Walrein|35\/100|[from] item: Leftovers\n|upkeep\n|turn|15\n|inactive|danish13 has 120 seconds left.\n|\n|t:|1699469058\n|move|p2a: Grimmsnarl|Spirit Break|p1a: Walrein\n|-crit|p1a: Walrein\n|-damage|p1a: Walrein|2\/100\n|move|p1a: Walrein|Rest|p1a: Walrein\n|-status|p1a: Walrein|slp|[from] move: Rest\n|-heal|p1a: Walrein|100\/100 slp|[silent]\n|\n|upkeep\n|turn|16\n|inactive|danish13 has 90 seconds left.\n|\n|t:|1699469083\n|switch|p2a: Marshadow|Marshadow|100\/100\n|cant|p1a: Walrein|slp\n|\n|upkeep\n|turn|17\n|inactive|danish13 has 90 seconds left.\n|\n|t:|1699469089\n|-terastallize|p1a: Walrein|Normal\n|move|p2a: Marshadow|Spectral Thief|p1a: Walrein\n|-immune|p1a: Walrein\n|cant|p1a: Walrein|slp\n|\n|upkeep\n|turn|18\n|inactive|danish13 has 90 seconds left.\n|c|\u2606JustMonika_CARR|Hoho, quite smart\n|inactive|JustMonika_CARR has 120 seconds left.\n|\n|t:|1699469132\n|switch|p2a: Pheromosa|Pheromosa, shiny|100\/100\n|-curestatus|p1a: Walrein|slp|[msg]\n|move|p1a: Walrein|Avalanche|p2a: Pheromosa\n|-crit|p2a: Pheromosa\n|-enditem|p2a: Pheromosa|Focus Sash\n|-damage|p2a: Pheromosa|1\/100\n|\n|upkeep\n|turn|19\n|inactive|danish13 has 90 seconds left.\n|\n|t:|1699469144\n|move|p2a: Pheromosa|Bug Buzz|p1a: Walrein\n|-damage|p1a: Walrein|58\/100\n|move|p1a: Walrein|Body Press|p2a: Pheromosa\n|-resisted|p2a: Pheromosa\n|-damage|p2a: Pheromosa|0 fnt\n|faint|p2a: Pheromosa\n|\n|-heal|p1a: Walrein|65\/100|[from] item: Leftovers\n|upkeep\n|\n|t:|1699469155\n|switch|p2a: Dialga|Dialga, shiny|100\/100\n|-ability|p2a: Dialga|Pressure\n|turn|20\n|\n|t:|1699469164\n|move|p2a: Dialga|Draco Meteor|p1a: Walrein\n|-damage|p1a: Walrein|3\/100\n|-unboost|p2a: Dialga|spa|2\n|move|p1a: Walrein|Body Press|p2a: Dialga\n|-supereffective|p2a: Dialga\n|-damage|p2a: Dialga|1\/100\n|\n|-heal|p1a: Walrein|9\/100|[from] item: Leftovers\n|upkeep\n|turn|21\n|\n|t:|1699469183\n|move|p2a: Dialga|Draco Meteor|p1a: Walrein\n|-damage|p1a: Walrein|0 fnt\n|-unboost|p2a: Dialga|spa|2\n|faint|p1a: Walrein\n|\n|upkeep\n|\n|t:|1699469192\n|switch|p1a: Giratina|Giratina-Origin|100\/100\n|-damage|p1a: Giratina|88\/100|[from] Stealth Rock\n|turn|22\n|inactive|JustMonika_CARR has 120 seconds left.\n|\n|t:|1699469198\n|move|p2a: Dialga|Draco Meteor|p1a: Giratina\n|-supereffective|p1a: Giratina\n|-damage|p1a: Giratina|53\/100\n|-unboost|p2a: Dialga|spa|2\n|move|p1a: Giratina|Hone Claws|p1a: Giratina\n|-boost|p1a: Giratina|atk|1\n|-boost|p1a: Giratina|accuracy|1\n|\n|upkeep\n|turn|23\n|\n|t:|1699469209\n|move|p1a: Giratina|Shadow Sneak|p2a: Dialga\n|-damage|p2a: Dialga|0 fnt\n|faint|p2a: Dialga\n|\n|upkeep\n|\n|t:|1699469214\n|switch|p2a: Marshadow|Marshadow|100\/100\n|turn|24\n|inactive|danish13 has 120 seconds left.\n|\n|t:|1699469224\n|move|p2a: Marshadow|Spectral Thief||[still]\n|-clearpositiveboost|p1a: Giratina|p2a: Marshadow|move: Spectral Thief\n|-boost|p2a: Marshadow|atk|1\n|-boost|p2a: Marshadow|accuracy|1\n|-anim|p2a: Marshadow|Spectral Thief|p1a: Giratina\n|-supereffective|p1a: Giratina\n|-damage|p1a: Giratina|0 fnt\n|faint|p1a: Giratina\n|\n|upkeep\n|inactive|danish13 has 120 seconds left.\n|\n|t:|1699469235\n|switch|p1a: Salamence|Salamence, M|100\/100\n|-damage|p1a: Salamence|75\/100|[from] Stealth Rock\n|-ability|p1a: Salamence|Intimidate|boost\n|-unboost|p2a: Marshadow|atk|1\n|turn|25\n|inactive|danish13 has 120 seconds left.\n|\n|t:|1699469244\n|detailschange|p1a: Salamence|Salamence-Mega, M\n|-mega|p1a: Salamence|Salamence|Salamencite\n|-terastallize|p2a: Marshadow|Rock\n|move|p2a: Marshadow|Rock Tomb|p1a: Salamence\n|-supereffective|p1a: Salamence\n|-crit|p1a: Salamence\n|-damage|p1a: Salamence|0 fnt\n|faint|p1a: Salamence\n|\n|upkeep\n|inactive|danish13 has 120 seconds left.\n|\n|t:|1699469257\n|switch|p1a: Yveltal|Yveltal|67\/100\n|-damage|p1a: Yveltal|42\/100|[from] Stealth Rock\n|-ability|p1a: Yveltal|Dark Aura\n|turn|26\n|inactive|danish13 has 120 seconds left.\n|\n|t:|1699469263\n|move|p1a: Yveltal|Sucker Punch|p2a: Marshadow\n|-damage|p2a: Marshadow|18\/100\n|-damage|p1a: Yveltal|32\/100|[from] item: Life Orb\n|move|p2a: Marshadow|Rock Tomb|p1a: Yveltal\n|-supereffective|p1a: Yveltal\n|-damage|p1a: Yveltal|0 fnt\n|faint|p1a: Yveltal\n|\n|upkeep\n|inactive|danish13 has 120 seconds left.\n|\n|t:|1699469279\n|switch|p1a: Rayquaza|Rayquaza|100\/100\n|-damage|p1a: Rayquaza|76\/100|[from] Stealth Rock\n|-ability|p1a: Rayquaza|Air Lock\n|turn|27\n|\n|t:|1699469286\n|move|p1a: Rayquaza|Extreme Speed|p2a: Marshadow\n|-resisted|p2a: Marshadow\n|-damage|p2a: Marshadow|0 fnt\n|faint|p2a: Marshadow\n|-damage|p1a: Rayquaza|66\/100|[from] item: Life Orb\n|\n|upkeep\n|\n|t:|1699469293\n|switch|p2a: Grimmsnarl|Grimmsnarl, M, shiny|100\/100\n|turn|28\n|inactive|danish13 has 120 seconds left.\n|\n|t:|1699469304\n|move|p1a: Rayquaza|Extreme Speed|p2a: Grimmsnarl\n|-damage|p2a: Grimmsnarl|61\/100\n|-damage|p1a: Rayquaza|56\/100|[from] item: Life Orb\n|move|p2a: Grimmsnarl|Reflect|p2a: Grimmsnarl\n|-sidestart|p2: JustMonika_CARR|Reflect\n|\n|upkeep\n|turn|29\n|\n|t:|1699469311\n|move|p1a: Rayquaza|Swords Dance|p1a: Rayquaza\n|-boost|p1a: Rayquaza|atk|2\n|move|p2a: Grimmsnarl|Spirit Break|p1a: Rayquaza\n|-supereffective|p1a: Rayquaza\n|-damage|p1a: Rayquaza|0 fnt\n|faint|p1a: Rayquaza\n|\n|upkeep\n|\n|t:|1699469319\n|switch|p1a: Groudon|Groudon|100\/100\n|-status|p1a: Groudon|tox\n|-damage|p1a: Groudon|94\/100 tox|[from] Stealth Rock\n|detailschange|p1a: Groudon|Groudon-Primal\n|-primal|p1a: Groudon|Red Orb\n|-weather|DesolateLand|[from] ability: Desolate Land|[of] p1a: Groudon\n|turn|30\n|\n|t:|1699469327\n|move|p2a: Grimmsnarl|Taunt|p1a: Groudon\n|-start|p1a: Groudon|move: Taunt\n|cant|p1a: Groudon|move: Taunt|Rock Polish\n|\n|-weather|DesolateLand|[upkeep]\n|-damage|p1a: Groudon|88\/100 tox|[from] psn\n|upkeep\n|turn|31\n|\n|t:|1699469341\n|move|p2a: Grimmsnarl|Light Screen|p2a: Grimmsnarl\n|-sidestart|p2: JustMonika_CARR|move: Light Screen\n|move|p1a: Groudon|Fire Punch|p2a: Grimmsnarl\n|-damage|p2a: Grimmsnarl|21\/100\n|\n|-weather|DesolateLand|[upkeep]\n|-damage|p1a: Groudon|76\/100 tox|[from] psn\n|upkeep\n|turn|32\n|\n|t:|1699469353\n|move|p1a: Groudon|Fire Punch|p2a: Grimmsnarl\n|-damage|p2a: Grimmsnarl|0 fnt\n|faint|p2a: Grimmsnarl\n|\n|-weather|DesolateLand|[upkeep]\n|-damage|p1a: Groudon|57\/100 tox|[from] psn\n|-end|p1a: Groudon|move: Taunt\n|upkeep\n|\n|t:|1699469362\n|switch|p2a: Lopunny|Lopunny, F, shiny|100\/100\n|turn|33\n|\n|t:|1699469366\n|detailschange|p2a: Lopunny|Lopunny-Mega, F, shiny\n|-mega|p2a: Lopunny|Lopunny|Lopunnite\n|move|p2a: Lopunny|Fake Out|p1a: Groudon\n|-damage|p1a: Groudon|43\/100 tox\n|cant|p1a: Groudon|flinch\n|\n|-weather|DesolateLand|[upkeep]\n|-damage|p1a: Groudon|18\/100 tox|[from] psn\n|upkeep\n|turn|34\n|\n|t:|1699469376\n|move|p2a: Lopunny|Close Combat|p1a: Groudon\n|-damage|p1a: Groudon|0 fnt\n|-unboost|p2a: Lopunny|def|1\n|-unboost|p2a: Lopunny|spd|1\n|faint|p1a: Groudon\n|-weather|none\n|\n|win|JustMonika_CARR\n|raw|danish13's rating: 1419 &rarr; <strong>1404<\/strong><br \/>(-15 for losing)\n|raw|JustMonika_CARR's rating: 1512 &rarr; <strong>1527<\/strong><br \/>(+15 for winning)\n|l|\u2606danish13\n|c|\u2606JustMonika_CARR|Gg\n","uploadtime":1699469392,"views":10,"p1id":"danish13","p2id":"justmonikacarr","formatid":"gen9nationaldexubers","rating":1404,"private":0,"password":""}