{"id":"gen9nationaldexubers-1985817830","p1":"Fartconsumer","p2":"Are En Gee","format":"[Gen 9] National Dex Ubers","log":"|j|\u2606Fartconsumer\n|j|\u2606Are En Gee\n|t:|1699409409\n|gametype|singles\n|player|p1|Fartconsumer|169|1699\n|player|p2|Are En Gee|zinnia|1731\n|teamsize|p1|6\n|teamsize|p2|6\n|gen|9\n|tier|[Gen 9] National Dex Ubers\n|rated|\n|rule|HP Percentage Mod: HP is shown in percentages\n|rule|Endless Battle Clause: Forcing endless battles is banned\n|rule|OHKO Clause: OHKO moves are banned\n|rule|Evasion Moves Clause: Evasion moves are banned\n|rule|Evasion Items Clause: Evasion items are banned\n|rule|Species Clause: Limit one of each Pok\u00e9mon\n|rule|Sleep Clause Mod: Limit one foe put to sleep\n|rule|Mega Rayquaza Clause: You cannot mega evolve Rayquaza\n|clearpoke\n|poke|p1|Galvantula, M|\n|poke|p1|Groudon|\n|poke|p1|Kyogre|\n|poke|p1|Necrozma-Dusk-Mane|\n|poke|p1|Arceus|\n|poke|p1|Diancie|\n|poke|p2|Zygarde|\n|poke|p2|Arceus-Water|\n|poke|p2|Scizor, F|\n|poke|p2|Ferrothorn, M|\n|poke|p2|Ho-Oh|\n|poke|p2|Ditto|\n|teampreview\n|\n|t:|1699409421\n|start\n|switch|p1a: Galvantula|Galvantula, M|100\/100\n|switch|p2a: Scizor|Scizor, F|100\/100\n|turn|1\n|\n|t:|1699409440\n|detailschange|p2a: Scizor|Scizor-Mega, F\n|-mega|p2a: Scizor|Scizor|Scizorite\n|move|p1a: Galvantula|Thunder Wave|p2a: Scizor\n|-status|p2a: Scizor|par\n|cant|p2a: Scizor|par\n|\n|upkeep\n|turn|2\n|\n|t:|1699409444\n|move|p1a: Galvantula|Sticky Web|p2a: Scizor\n|-sidestart|p2: Are En Gee|move: Sticky Web\n|move|p2a: Scizor|U-turn|p1a: Galvantula\n|-damage|p1a: Galvantula|41\/100\n|\n|t:|1699409448\n|switch|p2a: Ferrothorn|Ferrothorn, M|100\/100|[from] U-turn\n|-activate|p2a: Ferrothorn|move: Sticky Web\n|-unboost|p2a: Ferrothorn|spe|1\n|\n|upkeep\n|turn|3\n|\n|t:|1699409458\n|move|p1a: Galvantula|Thunder Wave|p2a: Ferrothorn\n|-status|p2a: Ferrothorn|par\n|move|p2a: Ferrothorn|Spikes|p1a: Galvantula\n|-sidestart|p1: Fartconsumer|Spikes\n|\n|upkeep\n|turn|4\n|\n|t:|1699409462\n|switch|p1a: Groudon|Groudon|100\/100\n|-damage|p1a: Groudon|88\/100|[from] Spikes\n|detailschange|p1a: Groudon|Groudon-Primal\n|-primal|p1a: Groudon|Red Orb\n|-weather|DesolateLand|[from] ability: Desolate Land|[of] p1a: Groudon\n|move|p2a: Ferrothorn|Spikes|p1a: Groudon\n|-sidestart|p1: Fartconsumer|Spikes\n|\n|-weather|DesolateLand|[upkeep]\n|upkeep\n|turn|5\n|\n|t:|1699409466\n|switch|p2a: Zygarde|Zygarde|100\/100\n|-activate|p2a: Zygarde|move: Sticky Web\n|-unboost|p2a: Zygarde|spe|1\n|move|p1a: Groudon|Heat Crash|p2a: Zygarde\n|-resisted|p2a: Zygarde\n|-damage|p2a: Zygarde|71\/100\n|\n|-weather|DesolateLand|[upkeep]\n|-heal|p2a: Zygarde|77\/100|[from] item: Leftovers\n|upkeep\n|turn|6\n|\n|t:|1699409471\n|-weather|none\n|switch|p1a: Diancie|Diancie|100\/100\n|-damage|p1a: Diancie|84\/100|[from] Spikes\n|move|p2a: Zygarde|Thousand Waves|p1a: Diancie\n|-supereffective|p1a: Diancie\n|-damage|p1a: Diancie|6\/100\n|-activate|p1a: Diancie|trapped\n|\n|-heal|p2a: Zygarde|83\/100|[from] item: Leftovers\n|upkeep\n|turn|7\n|\n|t:|1699409475\n|switch|p2a: Scizor|Scizor-Mega, F|100\/100 par\n|-activate|p2a: Scizor|move: Sticky Web\n|-unboost|p2a: Scizor|spe|1\n|detailschange|p1a: Diancie|Diancie-Mega\n|-mega|p1a: Diancie|Diancie|Diancite\n|move|p1a: Diancie|Stealth Rock|p2a: Scizor\n|-sidestart|p2: Are En Gee|move: Stealth Rock\n|\n|upkeep\n|turn|8\n|\n|t:|1699409480\n|move|p1a: Diancie|Diamond Storm|p2a: Scizor\n|-damage|p2a: Scizor|68\/100 par\n|move|p2a: Scizor|U-turn|p1a: Diancie\n|-resisted|p1a: Diancie\n|-damage|p1a: Diancie|0 fnt\n|faint|p1a: Diancie\n|\n|t:|1699409484\n|switch|p2a: Ho-Oh|Ho-Oh|100\/100|[from] U-turn\n|\n|upkeep\n|\n|t:|1699409488\n|switch|p1a: Arceus|Arceus|100\/100\n|-damage|p1a: Arceus|84\/100|[from] Spikes\n|turn|9\n|\n|t:|1699409492\n|move|p1a: Arceus|Taunt|p2a: Ho-Oh\n|-start|p2a: Ho-Oh|move: Taunt\n|cant|p2a: Ho-Oh|move: Taunt|Defog\n|\n|upkeep\n|turn|10\n|\n|t:|1699409494\n|switch|p1a: Kyogre|Kyogre|100\/100\n|-damage|p1a: Kyogre|84\/100|[from] Spikes\n|detailschange|p1a: Kyogre|Kyogre-Primal\n|-primal|p1a: Kyogre|Blue Orb\n|-weather|PrimordialSea|[from] ability: Primordial Sea|[of] p1a: Kyogre\n|move|p2a: Ho-Oh|Sacred Fire||[still]\n|-fail|p2a: Ho-Oh|Sacred Fire|[from] Primordial Sea\n|\n|-weather|PrimordialSea|[upkeep]\n|upkeep\n|turn|11\n|\n|t:|1699409497\n|-weather|none\n|switch|p1a: Groudon|Groudon-Primal|88\/100\n|-damage|p1a: Groudon|72\/100|[from] Spikes\n|-weather|DesolateLand|[from] ability: Desolate Land|[of] p1a: Groudon\n|switch|p2a: Ferrothorn|Ferrothorn, M|100\/100 par\n|-activate|p2a: Ferrothorn|move: Sticky Web\n|-unboost|p2a: Ferrothorn|spe|1\n|-damage|p2a: Ferrothorn|94\/100 par|[from] Stealth Rock\n|\n|-weather|DesolateLand|[upkeep]\n|-heal|p2a: Ferrothorn|100\/100 par|[from] item: Leftovers\n|upkeep\n|turn|12\n|\n|t:|1699409499\n|switch|p2a: Zygarde|Zygarde|83\/100\n|-activate|p2a: Zygarde|move: Sticky Web\n|-unboost|p2a: Zygarde|spe|1\n|-damage|p2a: Zygarde|77\/100|[from] Stealth Rock\n|move|p1a: Groudon|Swords Dance|p1a: Groudon\n|-boost|p1a: Groudon|atk|2\n|\n|-weather|DesolateLand|[upkeep]\n|-heal|p2a: Zygarde|83\/100|[from] item: Leftovers\n|upkeep\n|turn|13\n|\n|t:|1699409508\n|move|p1a: Groudon|Precipice Blades|p2a: Zygarde\n|-damage|p2a: Zygarde|0 fnt\n|faint|p2a: Zygarde\n|\n|-weather|DesolateLand|[upkeep]\n|upkeep\n|\n|t:|1699409510\n|switch|p2a: Ditto|Ditto|100\/100\n|-activate|p2a: Ditto|move: Sticky Web\n|-unboost|p2a: Ditto|spe|1\n|-damage|p2a: Ditto|88\/100|[from] Stealth Rock\n|-transform|p2a: Ditto|p1a: Groudon|[from] ability: Imposter\n|turn|14\n|\n|t:|1699409525\n|move|p2a: Ditto|Precipice Blades|p1a: Groudon\n|-supereffective|p1a: Groudon\n|-damage|p1a: Groudon|0 fnt\n|faint|p1a: Groudon\n|\n|-weather|DesolateLand|[upkeep]\n|upkeep\n|\n|t:|1699409532\n|switch|p1a: Necrozma|Necrozma-Dusk-Mane|100\/100\n|-damage|p1a: Necrozma|84\/100|[from] Spikes\n|turn|15\n|\n|t:|1699409537\n|detailschange|p1a: Necrozma|Necrozma-Ultra\n|-burst|p1a: Necrozma|Necrozma|Ultranecrozium Z\n|move|p2a: Ditto|Precipice Blades|p1a: Necrozma\n|-damage|p1a: Necrozma|0 fnt\n|faint|p1a: Necrozma\n|\n|-weather|DesolateLand|[upkeep]\n|upkeep\n|\n|t:|1699409539\n|switch|p1a: Galvantula|Galvantula, M|41\/100\n|-damage|p1a: Galvantula|24\/100|[from] Spikes\n|turn|16\n|\n|t:|1699409542\n|move|p2a: Ditto|Precipice Blades|p1a: Galvantula\n|-damage|p1a: Galvantula|0 fnt\n|faint|p1a: Galvantula\n|\n|-weather|DesolateLand|[upkeep]\n|upkeep\n|\n|t:|1699409543\n|switch|p1a: Arceus|Arceus|84\/100\n|-damage|p1a: Arceus|67\/100|[from] Spikes\n|turn|17\n|\n|t:|1699409545\n|move|p2a: Ditto|Precipice Blades|p1a: Arceus\n|-damage|p1a: Arceus|0 fnt\n|faint|p1a: Arceus\n|\n|-weather|DesolateLand|[upkeep]\n|upkeep\n|\n|t:|1699409547\n|switch|p1a: Kyogre|Kyogre-Primal|84\/100\n|-damage|p1a: Kyogre|68\/100|[from] Spikes\n|-weather|PrimordialSea|[from] ability: Primordial Sea|[of] p1a: Kyogre\n|turn|18\n|c|\u2606Are En Gee|gg\n|\n|t:|1699409550\n|move|p2a: Ditto|Precipice Blades|p1a: Kyogre\n|-damage|p1a: Kyogre|0 fnt\n|faint|p1a: Kyogre\n|-weather|none\n|\n|win|Are En Gee\n|raw|Fartconsumer's rating: 1699 &rarr; <strong>1681<\/strong><br \/>(-18 for losing)\n|raw|Are En Gee's rating: 1731 &rarr; <strong>1749<\/strong><br \/>(+18 for winning)\n","uploadtime":1699409553,"views":5,"p1id":"fartconsumer","p2id":"areengee","formatid":"gen9nationaldexubers","rating":1681,"private":0,"password":""}