{"id":"gen9nationaldexubers-1989081167","p1":"John-Halsey","p2":"cant kill the idea","format":"[Gen 9] National Dex Ubers","log":"|j|\u2606John-Halsey\n|j|\u2606cant kill the idea\n|t:|1699810106\n|gametype|singles\n|player|p1|John-Halsey|veteran|1136\n|player|p2|cant kill the idea|266|1093\n|teamsize|p1|6\n|teamsize|p2|6\n|gen|9\n|tier|[Gen 9] National Dex Ubers\n|rated|\n|rule|HP Percentage Mod: HP is shown in percentages\n|rule|Endless Battle Clause: Forcing endless battles is banned\n|rule|OHKO Clause: OHKO moves are banned\n|rule|Evasion Moves Clause: Evasion moves are banned\n|rule|Evasion Items Clause: Evasion items are banned\n|rule|Species Clause: Limit one of each Pok\u00e9mon\n|rule|Sleep Clause Mod: Limit one foe put to sleep\n|rule|Mega Rayquaza Clause: You cannot mega evolve Rayquaza\n|clearpoke\n|poke|p1|Blaziken, M|\n|poke|p1|Nidoking, M|\n|poke|p1|Crobat, M|\n|poke|p1|Ceruledge, M|\n|poke|p1|Suicune|\n|poke|p1|Ninetales-Alola, F|\n|poke|p2|Darmanitan-Galar, M|\n|poke|p2|Deoxys-Attack|\n|poke|p2|Kangaskhan, F|\n|poke|p2|Arceus|\n|poke|p2|Kyogre|\n|poke|p2|Zygarde-10%|\n|teampreview\n|\n|t:|1699810122\n|start\n|switch|p1a: Ninetales|Ninetales-Alola, F|100\/100\n|switch|p2a: Marlon..|Darmanitan-Galar, M, shiny|100\/100\n|-weather|Snow|[from] ability: Snow Warning|[of] p1a: Ninetales\n|turn|1\n|\n|t:|1699810130\n|move|p2a: Marlon..|Flare Blitz|p1a: Ninetales\n|-supereffective|p1a: Ninetales\n|-damage|p1a: Ninetales|2\/100\n|-damage|p2a: Marlon..|74\/100|[from] Recoil\n|move|p1a: Ninetales|Aurora Veil|p1a: Ninetales\n|-sidestart|p1: John-Halsey|move: Aurora Veil\n|\n|-weather|Snow|[upkeep]\n|upkeep\n|turn|2\n|\n|t:|1699810138\n|switch|p1a: Ceruledge|Ceruledge, M|100\/100\n|-item|p1a: Ceruledge|Air Balloon\n|move|p2a: Marlon..|Flare Blitz|p1a: Ceruledge\n|-resisted|p1a: Ceruledge\n|-damage|p1a: Ceruledge|76\/100\n|-ability|p1a: Ceruledge|Weak Armor|boost\n|-unboost|p1a: Ceruledge|def|1\n|-boost|p1a: Ceruledge|spe|2\n|-enditem|p1a: Ceruledge|Air Balloon\n|-damage|p2a: Marlon..|67\/100|[from] Recoil\n|\n|-weather|Snow|[upkeep]\n|upkeep\n|turn|3\n|\n|t:|1699810153\n|move|p1a: Ceruledge|Bulk Up|p1a: Ceruledge\n|-boost|p1a: Ceruledge|atk|1\n|-boost|p1a: Ceruledge|def|1\n|move|p2a: Marlon..|Flare Blitz|p1a: Ceruledge\n|-resisted|p1a: Ceruledge\n|-damage|p1a: Ceruledge|52\/100\n|-ability|p1a: Ceruledge|Weak Armor|boost\n|-unboost|p1a: Ceruledge|def|1\n|-boost|p1a: Ceruledge|spe|2\n|-damage|p2a: Marlon..|60\/100|[from] Recoil\n|\n|-weather|Snow|[upkeep]\n|upkeep\n|turn|4\n|\n|t:|1699810164\n|move|p1a: Ceruledge|Bitter Blade|p2a: Marlon..\n|-supereffective|p2a: Marlon..\n|-damage|p2a: Marlon..|0 fnt\n|-heal|p1a: Ceruledge|88\/100|[from] drain|[of] p2a: Marlon..\n|faint|p2a: Marlon..\n|\n|-weather|Snow|[upkeep]\n|upkeep\n|\n|t:|1699810168\n|switch|p2a: YAM TIME|Kangaskhan, F, shiny|100\/100\n|turn|5\n|\n|t:|1699810173\n|detailschange|p2a: YAM TIME|Kangaskhan-Mega, F, shiny\n|-mega|p2a: YAM TIME|Kangaskhan|Kangaskhanite\n|move|p2a: YAM TIME|Sucker Punch|p1a: Ceruledge\n|-supereffective|p1a: Ceruledge\n|-damage|p1a: Ceruledge|42\/100\n|-ability|p1a: Ceruledge|Weak Armor|boost\n|-unboost|p1a: Ceruledge|def|1\n|-boost|p1a: Ceruledge|spe|2\n|-supereffective|p1a: Ceruledge\n|-damage|p1a: Ceruledge|26\/100\n|-ability|p1a: Ceruledge|Weak Armor|boost\n|-unboost|p1a: Ceruledge|def|1\n|-hitcount|p1a: Ceruledge|2\n|move|p1a: Ceruledge|Close Combat|p2a: YAM TIME\n|-supereffective|p2a: YAM TIME\n|-damage|p2a: YAM TIME|0 fnt\n|-unboost|p1a: Ceruledge|def|1\n|-unboost|p1a: Ceruledge|spd|1\n|faint|p2a: YAM TIME\n|\n|-weather|none\n|upkeep\n|\n|t:|1699810191\n|switch|p2a: Deebs|Kyogre, shiny|100\/100\n|-weather|RainDance|[from] ability: Drizzle|[of] p2a: Deebs\n|turn|6\n|\n|t:|1699810215\n|switch|p1a: Suicune|Suicune|100\/100\n|-ability|p1a: Suicune|Pressure\n|move|p2a: Deebs|Surf|p1a: Suicune\n|-resisted|p1a: Suicune\n|-damage|p1a: Suicune|84\/100\n|\n|-weather|RainDance|[upkeep]\n|-heal|p1a: Suicune|91\/100|[from] item: Leftovers\n|upkeep\n|turn|7\n|\n|t:|1699810226\n|switch|p2a: Hoban|Arceus|100\/100\n|move|p1a: Suicune|Calm Mind|p1a: Suicune\n|-boost|p1a: Suicune|spa|1\n|-boost|p1a: Suicune|spd|1\n|\n|-weather|RainDance|[upkeep]\n|-heal|p1a: Suicune|97\/100|[from] item: Leftovers\n|upkeep\n|turn|8\n|\n|t:|1699810234\n|move|p2a: Hoban|Swords Dance|p2a: Hoban\n|-boost|p2a: Hoban|atk|2\n|move|p1a: Suicune|Scald|p2a: Hoban\n|-damage|p2a: Hoban|44\/100\n|-status|p2a: Hoban|brn\n|\n|-weather|RainDance|[upkeep]\n|-heal|p2a: Hoban|50\/100 brn|[from] item: Leftovers\n|-heal|p1a: Suicune|100\/100|[from] item: Leftovers\n|-damage|p2a: Hoban|44\/100 brn|[from] brn\n|-sideend|p1: John-Halsey|move: Aurora Veil\n|upkeep\n|turn|9\n|-message|cant kill the idea forfeited.\n|\n|win|John-Halsey\n|raw|John-Halsey's rating: 1136 &rarr; <strong>1158<\/strong><br \/>(+22 for winning)\n|raw|cant kill the idea's rating: 1093 &rarr; <strong>1072<\/strong><br \/>(-21 for losing)\n|l|\u2606cant kill the idea\n","uploadtime":1699810336,"views":17,"p1id":"johnhalsey","p2id":"cantkilltheidea","formatid":"gen9nationaldexubers","rating":1072,"private":0,"password":""}