{"id":"gen9nationaldexubers-1992150616","p1":"Mr.dinguery","p2":"CharninjaGamingYT","format":"[Gen 9] National Dex Ubers","log":"|j|\u2606Mr.dinguery\n|j|\u2606CharninjaGamingYT\n|t:|1700159220\n|gametype|singles\n|player|p1|Mr.dinguery|cynthia|1287\n|player|p2|CharninjaGamingYT|turo-ai|1233\n|teamsize|p1|6\n|teamsize|p2|6\n|gen|9\n|tier|[Gen 9] National Dex Ubers\n|rated|\n|rule|HP Percentage Mod: HP is shown in percentages\n|rule|Endless Battle Clause: Forcing endless battles is banned\n|rule|OHKO Clause: OHKO moves are banned\n|rule|Evasion Moves Clause: Evasion moves are banned\n|rule|Evasion Items Clause: Evasion items are banned\n|rule|Species Clause: Limit one of each Pok\u00e9mon\n|rule|Sleep Clause Mod: Limit one foe put to sleep\n|rule|Mega Rayquaza Clause: You cannot mega evolve Rayquaza\n|clearpoke\n|poke|p1|Hatterene, F|\n|poke|p1|Indeedee, M|\n|poke|p1|Tapu Lele|\n|poke|p1|Deoxys-Attack|\n|poke|p1|Alakazam, M|\n|poke|p1|Calyrex-Ice|\n|poke|p2|Aegislash, M|\n|poke|p2|Magnezone|\n|poke|p2|Muk, F|\n|poke|p2|Porygon-Z|\n|poke|p2|Scizor, F|\n|poke|p2|Metagross|\n|teampreview\n|inactive|Battle timer is ON: inactive players will automatically lose when time's up. (requested by CharninjaGamingYT)\n|\n|t:|1700159228\n|start\n|switch|p1a: Hatterene|Hatterene, F|100\/100\n|switch|p2a: T-1|Magnezone|100\/100\n|turn|1\n|\n|t:|1700159233\n|move|p2a: T-1|Flash Cannon|p1a: Hatterene\n|-supereffective|p1a: Hatterene\n|-enditem|p1a: Hatterene|Focus Sash\n|-damage|p1a: Hatterene|1\/100\n|move|p1a: Hatterene|Psychic Terrain|p1a: Hatterene\n|-fieldstart|move: Psychic Terrain\n|\n|upkeep\n|turn|2\n|\n|t:|1700159242\n|move|p2a: T-1|Flash Cannon|p1a: Hatterene\n|-supereffective|p1a: Hatterene\n|-damage|p1a: Hatterene|0 fnt\n|faint|p1a: Hatterene\n|\n|upkeep\n|\n|t:|1700159250\n|switch|p1a: Tapu Lele|Tapu Lele|100\/100\n|turn|3\n|\n|t:|1700159253\n|move|p1a: Tapu Lele|Focus Blast|p2a: T-1\n|-supereffective|p2a: T-1\n|-damage|p2a: T-1|7\/100\n|move|p2a: T-1|Flash Cannon|p1a: Tapu Lele\n|-supereffective|p1a: Tapu Lele\n|-damage|p1a: Tapu Lele|0 fnt\n|faint|p1a: Tapu Lele\n|\n|upkeep\n|\n|t:|1700159261\n|switch|p1a: Calyrex|Calyrex-Ice|100\/100\n|-ability|p1a: Calyrex|As One\n|-ability|p1a: Calyrex|Unnerve\n|turn|4\n|\n|t:|1700159268\n|move|p2a: T-1|Flash Cannon|p1a: Calyrex\n|-supereffective|p1a: Calyrex\n|-damage|p1a: Calyrex|5\/100\n|move|p1a: Calyrex|Glacial Lance|p2a: T-1\n|-resisted|p2a: T-1\n|-damage|p2a: T-1|0 fnt\n|faint|p2a: T-1\n|-ability|p1a: Calyrex|Chilling Neigh|boost\n|-boost|p1a: Calyrex|atk|1\n|\n|upkeep\n|\n|t:|1700159277\n|switch|p2a: T-1000 (Sword)|Aegislash, M|100\/100\n|turn|5\n|\n|t:|1700159283\n|move|p2a: T-1000 (Sword)|King's Shield|p2a: T-1000 (Sword)\n|-singleturn|p2a: T-1000 (Sword)|Protect\n|move|p1a: Calyrex|Glacial Lance|p2a: T-1000 (Sword)\n|-activate|p2a: T-1000 (Sword)|move: Protect\n|\n|-fieldend|move: Psychic Terrain\n|upkeep\n|turn|6\n|\n|t:|1700159291\n|-formechange|p2a: T-1000 (Sword)|Aegislash-Blade||[from] ability: Stance Change\n|move|p2a: T-1000 (Sword)|Shadow Sneak|p1a: Calyrex\n|-supereffective|p1a: Calyrex\n|-damage|p1a: Calyrex|0 fnt\n|faint|p1a: Calyrex\n|\n|upkeep\n|\n|t:|1700159295\n|switch|p1a: Indeedee|Indeedee, M|100\/100\n|-fieldstart|move: Psychic Terrain|[from] ability: Psychic Surge|[of] p1a: Indeedee\n|turn|7\n|\n|t:|1700159301\n|switch|p2a: T-1000|Scizor, F|100\/100\n|move|p1a: Indeedee|Encore||[still]\n|-fail|p1a: Indeedee\n|\n|upkeep\n|turn|8\n|\n|t:|1700159306\n|move|p1a: Indeedee|Expanding Force|p2a: T-1000\n|-resisted|p2a: T-1000\n|-damage|p2a: T-1000|66\/100\n|move|p2a: T-1000|U-turn|p1a: Indeedee\n|-supereffective|p1a: Indeedee\n|-damage|p1a: Indeedee|0 fnt\n|faint|p1a: Indeedee\n|\n|t:|1700159313\n|switch|p2a: Skynet|Porygon-Z|100\/100|[from] U-turn\n|\n|upkeep\n|\n|t:|1700159317\n|switch|p1a: Alakazam|Alakazam, M|100\/100\n|turn|9\n|\n|t:|1700159322\n|detailschange|p1a: Alakazam|Alakazam-Mega, M\n|-mega|p1a: Alakazam|Alakazam|Alakazite\n|-ability|p1a: Alakazam|Adaptability|[from] ability: Trace|[of] p2a: Skynet\n|-terastallize|p2a: Skynet|Normal\n|move|p2a: Skynet|Tri Attack|p1a: Alakazam\n|-damage|p1a: Alakazam|14\/100\n|move|p1a: Alakazam|Expanding Force|p2a: Skynet\n|-damage|p2a: Skynet|0 fnt\n|faint|p2a: Skynet\n|\n|upkeep\n|\n|t:|1700159335\n|switch|p2a: T-1000 (polyalloy)|Muk, F|100\/100\n|turn|10\n|\n|t:|1700159339\n|move|p1a: Alakazam|Expanding Force|p2a: T-1000 (polyalloy)\n|-supereffective|p2a: T-1000 (polyalloy)\n|-damage|p2a: T-1000 (polyalloy)|0 fnt\n|faint|p2a: T-1000 (polyalloy)\n|\n|upkeep\n|\n|t:|1700159344\n|switch|p2a: T-1000 (Sword)|Aegislash, M|100\/100\n|turn|11\n|\n|t:|1700159347\n|move|p2a: T-1000 (Sword)|King's Shield|p2a: T-1000 (Sword)\n|-singleturn|p2a: T-1000 (Sword)|Protect\n|move|p1a: Alakazam|Expanding Force|p2a: T-1000 (Sword)\n|-activate|p2a: T-1000 (Sword)|move: Protect\n|\n|upkeep\n|turn|12\n|\n|t:|1700159356\n|switch|p2a: T-1000|Scizor, F|66\/100\n|move|p1a: Alakazam|Expanding Force|p2a: T-1000\n|-resisted|p2a: T-1000\n|-damage|p2a: T-1000|0 fnt\n|faint|p2a: T-1000\n|\n|upkeep\n|\n|t:|1700159363\n|switch|p2a: T-1000 (Sword)|Aegislash, M|100\/100\n|turn|13\n|\n|t:|1700159367\n|move|p2a: T-1000 (Sword)|King's Shield|p2a: T-1000 (Sword)\n|-singleturn|p2a: T-1000 (Sword)|Protect\n|move|p1a: Alakazam|Nasty Plot|p1a: Alakazam\n|-boost|p1a: Alakazam|spa|2\n|\n|upkeep\n|turn|14\n|\n|t:|1700159372\n|move|p1a: Alakazam|Expanding Force|p2a: T-1000 (Sword)\n|-resisted|p2a: T-1000 (Sword)\n|-damage|p2a: T-1000 (Sword)|15\/100\n|-formechange|p2a: T-1000 (Sword)|Aegislash-Blade||[from] ability: Stance Change\n|move|p2a: T-1000 (Sword)|Shadow Ball|p1a: Alakazam\n|-supereffective|p1a: Alakazam\n|-damage|p1a: Alakazam|0 fnt\n|faint|p1a: Alakazam\n|\n|-fieldend|move: Psychic Terrain\n|upkeep\n|\n|t:|1700159376\n|switch|p1a: Deoxys|Deoxys-Attack|100\/100\n|-ability|p1a: Deoxys|Pressure\n|turn|15\n|\n|t:|1700159384\n|move|p2a: T-1000 (Sword)|Shadow Sneak|p1a: Deoxys\n|-supereffective|p1a: Deoxys\n|-damage|p1a: Deoxys|0 fnt\n|faint|p1a: Deoxys\n|\n|win|CharninjaGamingYT\n|raw|Mr.dinguery's rating: 1287 &rarr; <strong>1258<\/strong><br \/>(-29 for losing)\n|raw|CharninjaGamingYT's rating: 1233 &rarr; <strong>1262<\/strong><br \/>(+29 for winning)\n|l|\u2606Mr.dinguery\n","uploadtime":1700159390,"views":7,"p1id":"mrdinguery","p2id":"charninjagamingyt","formatid":"gen9nationaldexubers","rating":1258,"private":0,"password":""}