{"id":"gen9nationaldexubers-1978452685","p1":"KingoftheTitans","p2":"babytron4president","format":"[Gen 9] National Dex Ubers","log":"|j|\u2606KingoftheTitans\n|j|\u2606babytron4president\n|t:|1698540859\n|gametype|singles\n|player|p1|KingoftheTitans|1|1378\n|player|p2|babytron4president|raihan|1300\n|teamsize|p1|6\n|teamsize|p2|6\n|gen|9\n|tier|[Gen 9] National Dex Ubers\n|rated|\n|rule|HP Percentage Mod: HP is shown in percentages\n|rule|Endless Battle Clause: Forcing endless battles is banned\n|rule|OHKO Clause: OHKO moves are banned\n|rule|Evasion Moves Clause: Evasion moves are banned\n|rule|Evasion Items Clause: Evasion items are banned\n|rule|Species Clause: Limit one of each Pok\u00e9mon\n|rule|Sleep Clause Mod: Limit one foe put to sleep\n|rule|Mega Rayquaza Clause: You cannot mega evolve Rayquaza\n|clearpoke\n|poke|p1|Ogerpon-Hearthflame, F|\n|poke|p1|Deoxys-Attack|\n|poke|p1|Salamence, M|\n|poke|p1|Dragapult, M|\n|poke|p1|Darmanitan-Galar, F|\n|poke|p1|Flutter Mane|\n|poke|p2|Zoroark-Hisui, M|\n|poke|p2|Urshifu-*, F|\n|poke|p2|Clodsire, F|\n|poke|p2|Garganacl, F|\n|poke|p2|Serperior, M|\n|poke|p2|Salamence, F|\n|teampreview\n|inactive|Battle timer is ON: inactive players will automatically lose when time's up. (requested by babytron4president)\n|\n|t:|1698540869\n|start\n|switch|p1a: Darmanitan|Darmanitan-Galar, F, shiny|100\/100\n|switch|p2a: Salamence|Salamence, F|100\/100\n|-ability|p2a: Salamence|Intimidate|boost\n|-unboost|p1a: Darmanitan|atk|1\n|turn|1\n|\n|t:|1698540878\n|move|p1a: Darmanitan|Icicle Crash|p2a: Salamence\n|-supereffective|p2a: Salamence\n|-damage|p2a: Salamence|0 fnt\n|faint|p2a: Salamence\n|\n|upkeep\n|\n|t:|1698540885\n|switch|p2a: Urshifu|Urshifu, F|100\/100\n|turn|2\n|\n|t:|1698540896\n|switch|p1a: Flutter Mane|Flutter Mane, shiny|100\/100\n|-enditem|p1a: Flutter Mane|Booster Energy\n|-activate|p1a: Flutter Mane|ability: Protosynthesis|[fromitem]\n|-start|p1a: Flutter Mane|protosynthesisspe\n|move|p2a: Urshifu|Swords Dance|p2a: Urshifu\n|-boost|p2a: Urshifu|atk|2\n|\n|upkeep\n|turn|3\n|\n|t:|1698540913\n|move|p2a: Urshifu|Sucker Punch|p1a: Flutter Mane\n|-crit|p1a: Flutter Mane\n|-damage|p1a: Flutter Mane|0 fnt\n|faint|p1a: Flutter Mane\n|-end|p1a: Flutter Mane|Protosynthesis|[silent]\n|\n|upkeep\n|\n|t:|1698540919\n|switch|p1a: Deoxys|Deoxys-Attack, shiny|100\/100\n|-ability|p1a: Deoxys|Pressure\n|turn|4\n|\n|t:|1698540923\n|move|p2a: Urshifu|Sucker Punch|p1a: Deoxys\n|-supereffective|p1a: Deoxys\n|-enditem|p1a: Deoxys|Focus Sash\n|-damage|p1a: Deoxys|1\/100\n|move|p1a: Deoxys|Brick Break|p2a: Urshifu\n|-supereffective|p2a: Urshifu\n|-damage|p2a: Urshifu|42\/100\n|\n|upkeep\n|turn|5\n|\n|t:|1698540930\n|move|p1a: Deoxys|Extreme Speed|p2a: Urshifu\n|-damage|p2a: Urshifu|10\/100\n|move|p2a: Urshifu|Sucker Punch||[still]\n|-fail|p2a: Urshifu\n|\n|upkeep\n|turn|6\n|\n|t:|1698540938\n|move|p1a: Deoxys|Extreme Speed|p2a: Urshifu\n|-damage|p2a: Urshifu|0 fnt\n|faint|p2a: Urshifu\n|\n|upkeep\n|\n|t:|1698540949\n|switch|p2a: Garganacl|Garganacl, F|100\/100\n|turn|7\n|\n|t:|1698540954\n|move|p1a: Deoxys|Psycho Boost|p2a: Garganacl\n|-damage|p2a: Garganacl|0 fnt\n|-unboost|p1a: Deoxys|spa|2\n|replace|p2a: Zoroark|Zoroark-Hisui, M, shiny\n|-end|p2a: Zoroark|Illusion\n|faint|p2a: Zoroark\n|\n|upkeep\n|\n|t:|1698540960\n|switch|p2a: Serperior|Serperior, M|100\/100\n|turn|8\n|\n|t:|1698540966\n|switch|p1a: Ogerpon|Ogerpon-Hearthflame, F|100\/100\n|-ability|p1a: Ogerpon|Mold Breaker\n|move|p2a: Serperior|Leaf Storm|p1a: Ogerpon\n|-resisted|p1a: Ogerpon\n|-damage|p1a: Ogerpon|88\/100\n|-boost|p2a: Serperior|spa|2\n|\n|upkeep\n|turn|9\n|\n|t:|1698540974\n|move|p2a: Serperior|Glare|p1a: Ogerpon\n|-status|p1a: Ogerpon|par\n|move|p1a: Ogerpon|Ivy Cudgel|p2a: Serperior\n|-supereffective|p2a: Serperior\n|-damage|p2a: Serperior|0 fnt\n|faint|p2a: Serperior\n|\n|upkeep\n|\n|t:|1698540981\n|switch|p2a: Garganacl|Garganacl, F|100\/100\n|turn|10\n|\n|t:|1698540993\n|-terastallize|p1a: Ogerpon|Fire\n|detailschange|p1a: Ogerpon|Ogerpon-Hearthflame-Tera, F, tera:Fire\n|-ability|p1a: Ogerpon|Embody Aspect (Hearthflame)|boost\n|-boost|p1a: Ogerpon|atk|1\n|move|p1a: Ogerpon|Swords Dance|p1a: Ogerpon\n|-boost|p1a: Ogerpon|atk|2\n|move|p2a: Garganacl|Iron Defense|p2a: Garganacl\n|-boost|p2a: Garganacl|def|2\n|\n|upkeep\n|turn|11\n|\n|t:|1698541004\n|cant|p1a: Ogerpon|par\n|move|p2a: Garganacl|Iron Defense|p2a: Garganacl\n|-boost|p2a: Garganacl|def|2\n|\n|upkeep\n|turn|12\n|\n|t:|1698541008\n|move|p1a: Ogerpon|Horn Leech|p2a: Garganacl\n|-supereffective|p2a: Garganacl\n|-damage|p2a: Garganacl|52\/100\n|-heal|p1a: Ogerpon|100\/100 par|[from] drain|[of] p2a: Garganacl\n|move|p2a: Garganacl|Iron Defense|p2a: Garganacl\n|-boost|p2a: Garganacl|def|2\n|\n|-heal|p2a: Garganacl|59\/100|[from] item: Leftovers\n|upkeep\n|turn|13\n|\n|t:|1698541016\n|move|p1a: Ogerpon|Horn Leech|p2a: Garganacl\n|-supereffective|p2a: Garganacl\n|-damage|p2a: Garganacl|22\/100\n|move|p2a: Garganacl|Salt Cure|p1a: Ogerpon\n|-supereffective|p1a: Ogerpon\n|-damage|p1a: Ogerpon|66\/100 par\n|-start|p1a: Ogerpon|Salt Cure\n|\n|-heal|p2a: Garganacl|28\/100|[from] item: Leftovers\n|-damage|p1a: Ogerpon|54\/100 par|[from] Salt Cure\n|upkeep\n|turn|14\n|\n|t:|1698541026\n|cant|p1a: Ogerpon|par\n|move|p2a: Garganacl|Recover|p2a: Garganacl\n|-heal|p2a: Garganacl|78\/100\n|\n|-heal|p2a: Garganacl|84\/100|[from] item: Leftovers\n|-damage|p1a: Ogerpon|41\/100 par|[from] Salt Cure\n|upkeep\n|turn|15\n|\n|t:|1698541033\n|cant|p1a: Ogerpon|par\n|move|p2a: Garganacl|Body Press|p1a: Ogerpon\n|-damage|p1a: Ogerpon|0 fnt\n|faint|p1a: Ogerpon\n|\n|-heal|p2a: Garganacl|90\/100|[from] item: Leftovers\n|upkeep\n|\n|t:|1698541042\n|switch|p1a: Dragapult|Dragapult, M, shiny|100\/100\n|turn|16\n|\n|t:|1698541047\n|move|p1a: Dragapult|Surf|p2a: Garganacl\n|-supereffective|p2a: Garganacl\n|-damage|p2a: Garganacl|39\/100\n|move|p2a: Garganacl|Salt Cure|p1a: Dragapult\n|-damage|p1a: Dragapult|81\/100\n|-start|p1a: Dragapult|Salt Cure\n|\n|-heal|p2a: Garganacl|45\/100|[from] item: Leftovers\n|-damage|p1a: Dragapult|69\/100|[from] Salt Cure\n|upkeep\n|turn|17\n|\n|t:|1698541056\n|-terastallize|p2a: Garganacl|Water\n|move|p1a: Dragapult|Surf|p2a: Garganacl\n|-resisted|p2a: Garganacl\n|-damage|p2a: Garganacl|32\/100\n|move|p2a: Garganacl|Recover|p2a: Garganacl\n|-heal|p2a: Garganacl|82\/100\n|\n|-heal|p2a: Garganacl|88\/100|[from] item: Leftovers\n|-damage|p1a: Dragapult|57\/100|[from] Salt Cure\n|upkeep\n|turn|18\n|\n|t:|1698541067\n|switch|p1a: Salamence|Salamence, M, shiny|100\/100\n|-ability|p1a: Salamence|Intimidate|boost\n|-unboost|p2a: Garganacl|atk|1\n|move|p2a: Garganacl|Salt Cure|p1a: Salamence\n|-supereffective|p1a: Salamence\n|-damage|p1a: Salamence|78\/100\n|-start|p1a: Salamence|Salt Cure\n|\n|-heal|p2a: Garganacl|94\/100|[from] item: Leftovers\n|-damage|p1a: Salamence|66\/100|[from] Salt Cure\n|upkeep\n|turn|19\n|\n|t:|1698541077\n|detailschange|p1a: Salamence|Salamence-Mega, M, shiny\n|-mega|p1a: Salamence|Salamence|Salamencite\n|move|p1a: Salamence|Body Slam|p2a: Garganacl\n|-damage|p2a: Garganacl|83\/100\n|move|p2a: Garganacl|Body Press|p1a: Salamence\n|-resisted|p1a: Salamence\n|-damage|p1a: Salamence|29\/100\n|\n|-heal|p2a: Garganacl|90\/100|[from] item: Leftovers\n|-damage|p1a: Salamence|17\/100|[from] Salt Cure\n|upkeep\n|turn|20\n|\n|t:|1698541086\n|move|p1a: Salamence|Body Slam|p2a: Garganacl\n|-damage|p2a: Garganacl|79\/100\n|move|p2a: Garganacl|Salt Cure|p1a: Salamence\n|-supereffective|p1a: Salamence\n|-damage|p1a: Salamence|2\/100\n|\n|-heal|p2a: Garganacl|85\/100|[from] item: Leftovers\n|-damage|p1a: Salamence|0 fnt|[from] Salt Cure\n|faint|p1a: Salamence\n|upkeep\n|\n|t:|1698541097\n|switch|p1a: Dragapult|Dragapult, M, shiny|57\/100\n|turn|21\n|\n|t:|1698541101\n|move|p1a: Dragapult|Draco Meteor|p2a: Garganacl\n|-crit|p2a: Garganacl\n|-damage|p2a: Garganacl|9\/100\n|-unboost|p1a: Dragapult|spa|2\n|move|p2a: Garganacl|Salt Cure|p1a: Dragapult\n|-damage|p1a: Dragapult|45\/100\n|-start|p1a: Dragapult|Salt Cure\n|-start|p2a: Garganacl|Disable|Salt Cure|[from] ability: Cursed Body|[of] p1a: Dragapult\n|\n|-heal|p2a: Garganacl|15\/100|[from] item: Leftovers\n|-damage|p1a: Dragapult|33\/100|[from] Salt Cure\n|upkeep\n|turn|22\n|\n|t:|1698541112\n|move|p1a: Dragapult|Draco Meteor|p2a: Garganacl\n|-damage|p2a: Garganacl|0 fnt\n|-unboost|p1a: Dragapult|spa|2\n|faint|p2a: Garganacl\n|\n|-damage|p1a: Dragapult|20\/100|[from] Salt Cure\n|upkeep\n|\n|t:|1698541119\n|switch|p2a: Clodsire|Clodsire, F|100\/100\n|turn|23\n|\n|t:|1698541123\n|move|p1a: Dragapult|Draco Meteor|p2a: Clodsire\n|-damage|p2a: Clodsire|86\/100\n|-unboost|p1a: Dragapult|spa|2\n|move|p2a: Clodsire|Stealth Rock|p1a: Dragapult\n|-sidestart|p1: KingoftheTitans|move: Stealth Rock\n|\n|-heal|p2a: Clodsire|92\/100|[from] item: Leftovers\n|-damage|p1a: Dragapult|8\/100|[from] Salt Cure\n|upkeep\n|turn|24\n|\n|t:|1698541131\n|move|p1a: Dragapult|Draco Meteor|p2a: Clodsire\n|-damage|p2a: Clodsire|82\/100\n|move|p2a: Clodsire|Toxic|p1a: Dragapult\n|-status|p1a: Dragapult|tox\n|\n|-heal|p2a: Clodsire|88\/100|[from] item: Leftovers\n|-damage|p1a: Dragapult|2\/100 tox|[from] psn\n|-damage|p1a: Dragapult|0 fnt|[from] Salt Cure\n|faint|p1a: Dragapult\n|upkeep\n|\n|t:|1698541141\n|switch|p1a: Deoxys|Deoxys-Attack, shiny|1\/100\n|-damage|p1a: Deoxys|0 fnt|[from] Stealth Rock\n|faint|p1a: Deoxys\n|\n|t:|1698541145\n|switch|p1a: Darmanitan|Darmanitan-Galar, F, shiny|100\/100\n|-damage|p1a: Darmanitan|76\/100|[from] Stealth Rock\n|turn|25\n|\n|t:|1698541150\n|move|p1a: Darmanitan|Icicle Crash|p2a: Clodsire\n|-supereffective|p2a: Clodsire\n|-damage|p2a: Clodsire|0 fnt\n|faint|p2a: Clodsire\n|\n|win|KingoftheTitans\n|raw|KingoftheTitans's rating: 1378 &rarr; <strong>1394<\/strong><br \/>(+16 for winning)\n|raw|babytron4president's rating: 1300 &rarr; <strong>1281<\/strong><br \/>(-19 for losing)\n|l|\u2606babytron4president\n|c|\u2606KingoftheTitans|gg\n","uploadtime":1698541160,"views":11,"p1id":"kingofthetitans","p2id":"babytron4president","formatid":"gen9nationaldexubers","rating":1281,"private":0,"password":""}