{"id":"gen9nationaldexubers-1999130824","p1":"SpinoWolf19","p2":"Zake202012","format":"[Gen 9] National Dex Ubers","log":"|j|\u2606SpinoWolf19\n|j|\u2606Zake202012\n|t:|1701036465\n|gametype|singles\n|player|p1|SpinoWolf19|hilbert-wonderlauncher|1216\n|player|p2|Zake202012|n|1315\n|teamsize|p1|6\n|teamsize|p2|6\n|gen|9\n|tier|[Gen 9] National Dex Ubers\n|rated|\n|rule|HP Percentage Mod: HP is shown in percentages\n|rule|Endless Battle Clause: Forcing endless battles is banned\n|rule|OHKO Clause: OHKO moves are banned\n|rule|Evasion Moves Clause: Evasion moves are banned\n|rule|Evasion Items Clause: Evasion items are banned\n|rule|Species Clause: Limit one of each Pok\u00e9mon\n|rule|Sleep Clause Mod: Limit one foe put to sleep\n|rule|Mega Rayquaza Clause: You cannot mega evolve Rayquaza\n|clearpoke\n|poke|p1|Deoxys-Attack|\n|poke|p1|Chien-Pao|\n|poke|p1|Arceus-Electric|\n|poke|p1|Xerneas-*|\n|poke|p1|Mewtwo|\n|poke|p1|Groudon|\n|poke|p2|Heracross, M|\n|poke|p2|Skeledirge, F|\n|poke|p2|Klefki, M|\n|poke|p2|Serperior, M|\n|poke|p2|Polteageist|\n|poke|p2|Arcanine-Hisui, M|\n|teampreview\n|inactive|Battle timer is ON: inactive players will automatically lose when time's up. (requested by SpinoWolf19)\n|\n|t:|1701036478\n|start\n|switch|p1a: Chien-Pao|Chien-Pao|100\/100\n|switch|p2a: Arcanine|Arcanine-Hisui, M|100\/100\n|-ability|p1a: Chien-Pao|Sword of Ruin\n|turn|1\n|\n|t:|1701036488\n|move|p1a: Chien-Pao|Crunch|p2a: Arcanine\n|-damage|p2a: Arcanine|7\/100\n|-unboost|p2a: Arcanine|def|1\n|move|p2a: Arcanine|Flare Blitz|p1a: Chien-Pao\n|-supereffective|p1a: Chien-Pao\n|-damage|p1a: Chien-Pao|0 fnt\n|faint|p1a: Chien-Pao\n|\n|upkeep\n|\n|t:|1701036498\n|switch|p1a: Arceus|Arceus-Electric|100\/100\n|turn|2\n|\n|t:|1701036504\n|move|p1a: Arceus|Judgment|p2a: Arcanine\n|-damage|p2a: Arcanine|0 fnt\n|faint|p2a: Arcanine\n|\n|upkeep\n|\n|t:|1701036532\n|switch|p2a: Serperior|Serperior, M|100\/100\n|turn|3\n|\n|t:|1701036539\n|move|p2a: Serperior|Leech Seed|p1a: Arceus\n|-start|p1a: Arceus|move: Leech Seed\n|move|p1a: Arceus|Spacial Rend|p2a: Serperior\n|-damage|p2a: Serperior|59\/100\n|\n|-heal|p2a: Serperior|65\/100|[from] item: Leftovers\n|-damage|p1a: Arceus|88\/100|[from] Leech Seed|[of] p2a: Serperior\n|-heal|p2a: Serperior|82\/100|[silent]\n|upkeep\n|turn|4\n|\n|t:|1701036547\n|move|p2a: Serperior|Substitute|p2a: Serperior\n|-start|p2a: Serperior|Substitute\n|-damage|p2a: Serperior|57\/100\n|move|p1a: Arceus|Toxic||[still]\n|-fail|p1a: Arceus\n|\n|-heal|p2a: Serperior|63\/100|[from] item: Leftovers\n|-damage|p1a: Arceus|76\/100|[from] Leech Seed|[of] p2a: Serperior\n|-heal|p2a: Serperior|79\/100|[silent]\n|upkeep\n|turn|5\n|\n|t:|1701036554\n|switch|p1a: Groudon|Groudon|100\/100\n|detailschange|p1a: Groudon|Groudon-Primal\n|-primal|p1a: Groudon|Red Orb\n|-weather|DesolateLand|[from] ability: Desolate Land|[of] p1a: Groudon\n|move|p2a: Serperior|Leaf Storm|p1a: Groudon\n|-damage|p1a: Groudon|51\/100\n|-boost|p2a: Serperior|spa|2\n|\n|-weather|DesolateLand|[upkeep]\n|-heal|p2a: Serperior|85\/100|[from] item: Leftovers\n|upkeep\n|turn|6\n|\n|t:|1701036557\n|move|p2a: Serperior|Leaf Storm|p1a: Groudon\n|-damage|p1a: Groudon|0 fnt\n|-boost|p2a: Serperior|spa|2\n|faint|p1a: Groudon\n|-weather|none\n|\n|-heal|p2a: Serperior|92\/100|[from] item: Leftovers\n|upkeep\n|\n|t:|1701036562\n|switch|p1a: Xerneas|Xerneas|100\/100\n|-ability|p1a: Xerneas|Fairy Aura\n|turn|7\n|\n|t:|1701036566\n|-terastallize|p1a: Xerneas|Steel\n|move|p2a: Serperior|Glare|p1a: Xerneas\n|-status|p1a: Xerneas|par\n|cant|p1a: Xerneas|par\n|\n|-heal|p2a: Serperior|98\/100|[from] item: Leftovers\n|upkeep\n|turn|8\n|\n|t:|1701036573\n|move|p2a: Serperior|Leech Seed|p1a: Xerneas\n|-start|p1a: Xerneas|move: Leech Seed\n|move|p1a: Xerneas|Geomancy||[still]\n|-prepare|p1a: Xerneas|Geomancy\n|-enditem|p1a: Xerneas|Power Herb\n|-anim|p1a: Xerneas|Geomancy|p1a: Xerneas\n|-boost|p1a: Xerneas|spa|2\n|-boost|p1a: Xerneas|spd|2\n|-boost|p1a: Xerneas|spe|2\n|\n|-heal|p2a: Serperior|100\/100|[from] item: Leftovers\n|-damage|p1a: Xerneas|88\/100 par|[from] Leech Seed|[of] p2a: Serperior\n|upkeep\n|turn|9\n|\n|t:|1701036577\n|move|p2a: Serperior|Leaf Storm|p1a: Xerneas\n|-resisted|p1a: Xerneas\n|-damage|p1a: Xerneas|61\/100 par\n|-boost|p2a: Serperior|spa|2\n|move|p1a: Xerneas|Moonblast|p2a: Serperior\n|-end|p2a: Serperior|Substitute\n|\n|-damage|p1a: Xerneas|49\/100 par|[from] Leech Seed|[of] p2a: Serperior\n|upkeep\n|turn|10\n|\n|t:|1701036584\n|move|p2a: Serperior|Substitute|p2a: Serperior\n|-start|p2a: Serperior|Substitute\n|-damage|p2a: Serperior|76\/100\n|cant|p1a: Xerneas|par\n|\n|-heal|p2a: Serperior|82\/100|[from] item: Leftovers\n|-damage|p1a: Xerneas|36\/100 par|[from] Leech Seed|[of] p2a: Serperior\n|-heal|p2a: Serperior|99\/100|[silent]\n|upkeep\n|turn|11\n|\n|t:|1701036587\n|move|p2a: Serperior|Leaf Storm|p1a: Xerneas\n|-resisted|p1a: Xerneas\n|-damage|p1a: Xerneas|0 fnt\n|faint|p1a: Xerneas\n|\n|-heal|p2a: Serperior|100\/100|[from] item: Leftovers\n|upkeep\n|\n|t:|1701036593\n|switch|p1a: Deoxys|Deoxys-Attack|100\/100\n|-ability|p1a: Deoxys|Pressure\n|turn|12\n|\n|t:|1701036601\n|switch|p1a: Arceus|Arceus-Electric|76\/100\n|move|p2a: Serperior|Glare|p1a: Arceus\n|-immune|p1a: Arceus\n|\n|upkeep\n|turn|13\n|\n|t:|1701036606\n|move|p2a: Serperior|Leaf Storm|p1a: Arceus\n|-damage|p1a: Arceus|0 fnt\n|faint|p1a: Arceus\n|\n|upkeep\n|\n|t:|1701036611\n|switch|p1a: Mewtwo|Mewtwo|100\/100\n|-ability|p1a: Mewtwo|Pressure\n|turn|14\n|\n|t:|1701036614\n|detailschange|p1a: Mewtwo|Mewtwo-Mega-X\n|-mega|p1a: Mewtwo|Mewtwo|Mewtwonite X\n|move|p1a: Mewtwo|Drain Punch|p2a: Serperior\n|-end|p2a: Serperior|Substitute\n|move|p2a: Serperior|Glare|p1a: Mewtwo\n|-status|p1a: Mewtwo|par\n|\n|upkeep\n|turn|15\n|\n|t:|1701036621\n|move|p2a: Serperior|Substitute|p2a: Serperior\n|-start|p2a: Serperior|Substitute\n|-damage|p2a: Serperior|76\/100\n|cant|p1a: Mewtwo|par\n|\n|-heal|p2a: Serperior|82\/100|[from] item: Leftovers\n|upkeep\n|turn|16\n|\n|t:|1701036625\n|move|p2a: Serperior|Leaf Storm|p1a: Mewtwo\n|-damage|p1a: Mewtwo|0 fnt\n|faint|p1a: Mewtwo\n|\n|-heal|p2a: Serperior|88\/100|[from] item: Leftovers\n|upkeep\n|\n|t:|1701036628\n|switch|p1a: Deoxys|Deoxys-Attack|100\/100\n|-ability|p1a: Deoxys|Pressure\n|turn|17\n|\n|t:|1701036631\n|move|p1a: Deoxys|Ice Beam|p2a: Serperior\n|-supereffective|p2a: Serperior\n|-end|p2a: Serperior|Substitute\n|move|p2a: Serperior|Leaf Storm|p1a: Deoxys\n|-damage|p1a: Deoxys|0 fnt\n|faint|p1a: Deoxys\n|\n|win|Zake202012\n|raw|SpinoWolf19's rating: 1216 &rarr; <strong>1198<\/strong><br \/>(-18 for losing)\n|raw|Zake202012's rating: 1315 &rarr; <strong>1329<\/strong><br \/>(+14 for winning)\n|l|\u2606SpinoWolf19\n","uploadtime":1701036640,"views":1,"p1id":"spinowolf19","p2id":"zake202012","formatid":"gen9nationaldexubers","rating":1198,"private":0,"password":""}