{"id":"gen9nationaldexubers-1987869077","p1":"JustMonika_CARR","p2":"TheMegaJuncko","format":"[Gen 9] National Dex Ubers","log":"|j|\u2606JustMonika_CARR\n|j|\u2606TheMegaJuncko\n|t:|1699644332\n|gametype|singles\n|player|p1|JustMonika_CARR|rosa|1458\n|player|p2|TheMegaJuncko|blue-masters|1314\n|teamsize|p1|6\n|teamsize|p2|6\n|gen|9\n|tier|[Gen 9] National Dex Ubers\n|rated|\n|rule|HP Percentage Mod: HP is shown in percentages\n|rule|Endless Battle Clause: Forcing endless battles is banned\n|rule|OHKO Clause: OHKO moves are banned\n|rule|Evasion Moves Clause: Evasion moves are banned\n|rule|Evasion Items Clause: Evasion items are banned\n|rule|Species Clause: Limit one of each Pok\u00e9mon\n|rule|Sleep Clause Mod: Limit one foe put to sleep\n|rule|Mega Rayquaza Clause: You cannot mega evolve Rayquaza\n|clearpoke\n|poke|p1|Marshadow|\n|poke|p1|Lopunny, F|\n|poke|p1|Dialga|\n|poke|p1|Forretress, F|\n|poke|p1|Pheromosa|\n|poke|p1|Grimmsnarl, M|\n|poke|p2|Mawile, M|\n|poke|p2|Gliscor, M|\n|poke|p2|Gyarados, M|\n|poke|p2|Ninetales-Alola, M|\n|poke|p2|Tentacruel, M|\n|poke|p2|Zygarde|\n|teampreview\n|c|\u2606JustMonika_CARR|Glhf\n|c|\u2606TheMegaJuncko|u2!\n|\n|t:|1699644353\n|start\n|switch|p1a: Forretress|Forretress, F, shiny|100\/100\n|switch|p2a: Aurora|Ninetales-Alola, M|100\/100\n|-weather|Snow|[from] ability: Snow Warning|[of] p2a: Aurora\n|turn|1\n|\n|t:|1699644360\n|switch|p2a: SWEEP|Gyarados, M|100\/100\n|move|p1a: Forretress|Toxic Spikes|p2a: SWEEP\n|-sidestart|p2: TheMegaJuncko|move: Toxic Spikes\n|\n|-weather|Snow|[upkeep]\n|upkeep\n|turn|2\n|\n|t:|1699644367\n|move|p2a: SWEEP|Substitute|p2a: SWEEP\n|-start|p2a: SWEEP|Substitute\n|-damage|p2a: SWEEP|76\/100\n|move|p1a: Forretress|Toxic Spikes|p2a: SWEEP\n|-sidestart|p2: TheMegaJuncko|move: Toxic Spikes\n|\n|-weather|Snow|[upkeep]\n|upkeep\n|turn|3\n|\n|t:|1699644380\n|move|p2a: SWEEP|Dragon Dance|p2a: SWEEP\n|-boost|p2a: SWEEP|atk|1\n|-boost|p2a: SWEEP|spe|1\n|move|p1a: Forretress|Stealth Rock|p2a: SWEEP\n|-sidestart|p2: TheMegaJuncko|move: Stealth Rock\n|\n|-weather|Snow|[upkeep]\n|upkeep\n|turn|4\n|\n|t:|1699644389\n|move|p2a: SWEEP|Dragon Dance|p2a: SWEEP\n|-boost|p2a: SWEEP|atk|1\n|-boost|p2a: SWEEP|spe|1\n|move|p1a: Forretress|Rapid Spin|p2a: SWEEP\n|-activate|p2a: SWEEP|move: Substitute|[damage]\n|-boost|p1a: Forretress|spe|1\n|\n|-weather|Snow|[upkeep]\n|upkeep\n|turn|5\n|\n|t:|1699644398\n|move|p2a: SWEEP|Dragon Dance|p2a: SWEEP\n|-boost|p2a: SWEEP|atk|1\n|-boost|p2a: SWEEP|spe|1\n|move|p1a: Forretress|Rapid Spin|p2a: SWEEP\n|-end|p2a: SWEEP|Substitute\n|-boost|p1a: Forretress|spe|1\n|\n|-weather|none\n|upkeep\n|turn|6\n|\n|t:|1699644414\n|move|p2a: SWEEP|Substitute|p2a: SWEEP\n|-start|p2a: SWEEP|Substitute\n|-damage|p2a: SWEEP|51\/100\n|move|p1a: Forretress|Rapid Spin|p2a: SWEEP\n|-activate|p2a: SWEEP|move: Substitute|[damage]\n|-boost|p1a: Forretress|spe|1\n|\n|upkeep\n|turn|7\n|\n|t:|1699644421\n|move|p2a: SWEEP|Dragon Dance|p2a: SWEEP\n|-boost|p2a: SWEEP|atk|1\n|-boost|p2a: SWEEP|spe|1\n|move|p1a: Forretress|Rapid Spin|p2a: SWEEP\n|-end|p2a: SWEEP|Substitute\n|-boost|p1a: Forretress|spe|1\n|\n|upkeep\n|turn|8\n|\n|t:|1699644429\n|move|p2a: SWEEP|Substitute|p2a: SWEEP\n|-start|p2a: SWEEP|Substitute\n|-damage|p2a: SWEEP|26\/100\n|move|p1a: Forretress|Rapid Spin|p2a: SWEEP\n|-activate|p2a: SWEEP|move: Substitute|[damage]\n|-boost|p1a: Forretress|spe|1\n|\n|upkeep\n|turn|9\n|\n|t:|1699644448\n|move|p2a: SWEEP|Waterfall|p1a: Forretress\n|-damage|p1a: Forretress|39\/100\n|-enditem|p1a: Forretress|Red Card|[of] p2a: SWEEP\n|drag|p2a: Tentacruel|Tentacruel, M|100\/100\n|-sideend|p2: TheMegaJuncko|move: Toxic Spikes|[of] p2a: Tentacruel\n|-damage|p2a: Tentacruel|88\/100|[from] Stealth Rock\n|move|p1a: Forretress|Rapid Spin|p2a: Tentacruel\n|-damage|p2a: Tentacruel|72\/100\n|-boost|p1a: Forretress|spe|1\n|\n|upkeep\n|turn|10\n|c|\u2606TheMegaJuncko|Didn't see that coming wp :D\n|\n|t:|1699644464\n|move|p1a: Forretress|Toxic Spikes|p2a: Tentacruel\n|-sidestart|p2: TheMegaJuncko|move: Toxic Spikes\n|move|p2a: Tentacruel|Hydro Pump|p1a: Forretress\n|-damage|p1a: Forretress|0 fnt\n|faint|p1a: Forretress\n|\n|upkeep\n|\n|t:|1699644480\n|switch|p1a: Lopunny|Lopunny, F, shiny|100\/100\n|turn|11\n|\n|t:|1699644483\n|detailschange|p1a: Lopunny|Lopunny-Mega, F, shiny\n|-mega|p1a: Lopunny|Lopunny|Lopunnite\n|move|p1a: Lopunny|Fake Out|p2a: Tentacruel\n|-damage|p2a: Tentacruel|38\/100\n|cant|p2a: Tentacruel|flinch\n|\n|upkeep\n|turn|12\n|\n|t:|1699644491\n|switch|p2a: SWEEP|Gyarados, M|26\/100\n|-damage|p2a: SWEEP|1\/100|[from] Stealth Rock\n|move|p1a: Lopunny|Return|p2a: SWEEP\n|-crit|p2a: SWEEP\n|-damage|p2a: SWEEP|0 fnt\n|faint|p2a: SWEEP\n|\n|upkeep\n|\n|t:|1699644500\n|switch|p2a: Tentacruel|Tentacruel, M|38\/100\n|-damage|p2a: Tentacruel|25\/100|[from] Stealth Rock\n|-sideend|p2: TheMegaJuncko|move: Toxic Spikes|[of] p2a: Tentacruel\n|turn|13\n|\n|t:|1699644505\n|move|p1a: Lopunny|Return|p2a: Tentacruel\n|-damage|p2a: Tentacruel|0 fnt\n|faint|p2a: Tentacruel\n|\n|upkeep\n|\n|t:|1699644512\n|switch|p2a: Aurora|Ninetales-Alola, M|100\/100\n|-damage|p2a: Aurora|76\/100|[from] Stealth Rock\n|-weather|Snow|[from] ability: Snow Warning|[of] p2a: Aurora\n|turn|14\n|\n|t:|1699644520\n|move|p1a: Lopunny|Power-Up Punch|p2a: Aurora\n|-damage|p2a: Aurora|57\/100\n|-boost|p1a: Lopunny|atk|1\n|move|p2a: Aurora|Aurora Veil|p2a: Aurora\n|-sidestart|p2: TheMegaJuncko|move: Aurora Veil\n|\n|-weather|Snow|[upkeep]\n|upkeep\n|turn|15\n|\n|t:|1699644531\n|move|p1a: Lopunny|Close Combat|p2a: Aurora\n|-damage|p2a: Aurora|18\/100\n|-unboost|p1a: Lopunny|def|1\n|-unboost|p1a: Lopunny|spd|1\n|move|p2a: Aurora|Blizzard|p1a: Lopunny\n|-damage|p1a: Lopunny|44\/100\n|\n|-weather|Snow|[upkeep]\n|upkeep\n|turn|16\n|\n|t:|1699644545\n|move|p1a: Lopunny|Return|p2a: Aurora\n|-damage|p2a: Aurora|0 fnt\n|faint|p2a: Aurora\n|\n|-weather|Snow|[upkeep]\n|upkeep\n|\n|t:|1699644549\n|switch|p2a: YOUR MAD IM BACK|Mawile, M|100\/100\n|-damage|p2a: YOUR MAD IM BACK|95\/100|[from] Stealth Rock\n|-ability|p2a: YOUR MAD IM BACK|Intimidate|boost\n|-fail|p1a: Lopunny|unboost|Attack|[from] ability: Scrappy|[of] p1a: Lopunny\n|turn|17\n|\n|t:|1699644558\n|detailschange|p2a: YOUR MAD IM BACK|Mawile-Mega, M\n|-mega|p2a: YOUR MAD IM BACK|Mawile|Mawilite\n|move|p2a: YOUR MAD IM BACK|Sucker Punch|p1a: Lopunny\n|-resisted|p1a: Lopunny\n|-damage|p1a: Lopunny|0 fnt\n|faint|p1a: Lopunny\n|\n|-weather|Snow|[upkeep]\n|upkeep\n|c|\u2606TheMegaJuncko|!data scrappy\n|raw|<ul class=\"utilichart\"><li class=\"result\"><span class=\"col namecol\"><a href=\"https:\/\/dex.pokemonshowdown.com\/abilities\/scrappy\">Scrappy<\/a><\/span> <span class=\"col abilitydesccol\">Fighting, Normal moves hit Ghost. Immune to Intimidate.<\/span> <\/li><li style=\"clear:both\"><\/li><\/ul>\n\n|\n|t:|1699644569\n|switch|p1a: Grimmsnarl|Grimmsnarl, M, shiny|100\/100\n|turn|18\n|\n|t:|1699644588\n|move|p1a: Grimmsnarl|Reflect|p1a: Grimmsnarl\n|-sidestart|p1: JustMonika_CARR|Reflect\n|move|p2a: YOUR MAD IM BACK|Iron Head|p1a: Grimmsnarl\n|-supereffective|p1a: Grimmsnarl\n|-damage|p1a: Grimmsnarl|24\/100\n|\n|-weather|none\n|-heal|p1a: Grimmsnarl|30\/100|[from] item: Leftovers\n|upkeep\n|turn|19\n|\n|t:|1699644597\n|move|p1a: Grimmsnarl|Light Screen|p1a: Grimmsnarl\n|-sidestart|p1: JustMonika_CARR|move: Light Screen\n|move|p2a: YOUR MAD IM BACK|Swords Dance|p2a: YOUR MAD IM BACK\n|-boost|p2a: YOUR MAD IM BACK|atk|2\n|\n|-heal|p1a: Grimmsnarl|36\/100|[from] item: Leftovers\n|upkeep\n|turn|20\n|\n|t:|1699644604\n|move|p1a: Grimmsnarl|Taunt|p2a: YOUR MAD IM BACK\n|-start|p2a: YOUR MAD IM BACK|move: Taunt\n|move|p2a: YOUR MAD IM BACK|Iron Head|p1a: Grimmsnarl\n|-supereffective|p1a: Grimmsnarl\n|-damage|p1a: Grimmsnarl|0 fnt\n|faint|p1a: Grimmsnarl\n|\n|upkeep\n|\n|t:|1699644613\n|switch|p1a: Marshadow|Marshadow|100\/100\n|turn|21\n|\n|t:|1699644618\n|move|p2a: YOUR MAD IM BACK|Sucker Punch|p1a: Marshadow\n|-damage|p1a: Marshadow|45\/100\n|move|p1a: Marshadow|Spectral Thief||[still]\n|-clearpositiveboost|p2a: YOUR MAD IM BACK|p1a: Marshadow|move: Spectral Thief\n|-boost|p1a: Marshadow|atk|2\n|-anim|p1a: Marshadow|Spectral Thief|p2a: YOUR MAD IM BACK\n|-damage|p2a: YOUR MAD IM BACK|52\/100\n|\n|-sideend|p2: TheMegaJuncko|move: Aurora Veil\n|upkeep\n|turn|22\n|\n|t:|1699644636\n|move|p1a: Marshadow|Drain Punch|p2a: YOUR MAD IM BACK\n|-damage|p2a: YOUR MAD IM BACK|0 fnt\n|-heal|p1a: Marshadow|69\/100|[from] drain|[of] p2a: YOUR MAD IM BACK\n|faint|p2a: YOUR MAD IM BACK\n|\n|-sideend|p1: JustMonika_CARR|Reflect\n|upkeep\n|\n|t:|1699644639\n|switch|p2a: Gliscor|Gliscor, M, shiny|100\/100\n|-damage|p2a: Gliscor|88\/100|[from] Stealth Rock\n|turn|23\n|\n|t:|1699644652\n|move|p1a: Marshadow|Rock Tomb|p2a: Gliscor\n|-damage|p2a: Gliscor|33\/100\n|-unboost|p2a: Gliscor|spe|1\n|move|p2a: Gliscor|Earthquake|p1a: Marshadow\n|-damage|p1a: Marshadow|15\/100\n|\n|-sideend|p1: JustMonika_CARR|move: Light Screen\n|-status|p2a: Gliscor|tox|[from] item: Toxic Orb\n|upkeep\n|turn|24\n|c|\u2606TheMegaJuncko|wait what is your grimmsnarl*s item, isn't it light clay ??\n|\n|t:|1699644667\n|move|p1a: Marshadow|Shadow Sneak|p2a: Gliscor\n|-damage|p2a: Gliscor|0 fnt\n|faint|p2a: Gliscor\n|\n|upkeep\n|\n|t:|1699644668\n|switch|p2a: 50 cells later...|Zygarde|100\/100\n|-damage|p2a: 50 cells later...|94\/100|[from] Stealth Rock\n|turn|25\n|\n|t:|1699644675\n|-terastallize|p2a: 50 cells later...|Steel\n|move|p1a: Marshadow|Drain Punch|p2a: 50 cells later...\n|-supereffective|p2a: 50 cells later...\n|-damage|p2a: 50 cells later...|0 fnt\n|-heal|p1a: Marshadow|67\/100|[from] drain|[of] p2a: 50 cells later...\n|faint|p2a: 50 cells later...\n|\n|win|JustMonika_CARR\n|raw|JustMonika_CARR's rating: 1458 &rarr; <strong>1470<\/strong><br \/>(+12 for winning)\n|raw|TheMegaJuncko's rating: 1314 &rarr; <strong>1302<\/strong><br \/>(-12 for losing)\n|c|\u2606JustMonika_CARR|Gg\n|c|\u2606JustMonika_CARR|Nope, leftrovers\n|c|\u2606TheMegaJuncko|surprising\n|c|\u2606TheMegaJuncko|screen placer without light clay\n|c|\u2606TheMegaJuncko|never seen that xD\n|c|\u2606TheMegaJuncko|ggs\n|c|\u2606JustMonika_CARR|It's because Grimsnarl is good at stalling\n|c|\u2606JustMonika_CARR|Works wnders against dark-types\n|c|\u2606JustMonika_CARR|Spam Spirit Break\n","uploadtime":1699644772,"views":7,"p1id":"justmonikacarr","p2id":"themegajuncko","formatid":"gen9nationaldexubers","rating":1302,"private":0,"password":""}