{"id":"gen9nationaldexubers-1991970344","p1":"NnoitraCifer","p2":"ILikeFezandipiti","format":"[Gen 9] National Dex Ubers","log":"|j|\u2606NnoitraCifer\n|j|\u2606ILikeFezandipiti\n|t:|1700143757\n|gametype|singles\n|player|p1|NnoitraCifer|baker|1120\n|player|p2|ILikeFezandipiti|teamrocket|1052\n|teamsize|p1|6\n|teamsize|p2|6\n|gen|9\n|tier|[Gen 9] National Dex Ubers\n|rated|\n|rule|HP Percentage Mod: HP is shown in percentages\n|rule|Endless Battle Clause: Forcing endless battles is banned\n|rule|OHKO Clause: OHKO moves are banned\n|rule|Evasion Moves Clause: Evasion moves are banned\n|rule|Evasion Items Clause: Evasion items are banned\n|rule|Species Clause: Limit one of each Pok\u00e9mon\n|rule|Sleep Clause Mod: Limit one foe put to sleep\n|rule|Mega Rayquaza Clause: You cannot mega evolve Rayquaza\n|clearpoke\n|poke|p1|Kyogre|\n|poke|p1|Zygarde|\n|poke|p1|Slurpuff, M|\n|poke|p1|Zapdos|\n|poke|p1|Infernape, M|\n|poke|p1|Alakazam, M|\n|poke|p2|Marshadow|\n|poke|p2|Scizor, M|\n|poke|p2|Falinks|\n|poke|p2|Keldeo-Resolute|\n|poke|p2|Gardevoir, F|\n|poke|p2|Zygarde|\n|teampreview\n|inactive|Battle timer is ON: inactive players will automatically lose when time's up. (requested by NnoitraCifer)\n|c|\u2606ILikeFezandipiti|i am muted in lobby so i drain my sorrows in nat dex ubers\n|\n|t:|1700143773\n|start\n|switch|p1a: Slurpuff|Slurpuff, M|100\/100\n|switch|p2a: Keldeo|Keldeo-Resolute|100\/100\n|turn|1\n|c|\u2606NnoitraCifer|ok\n|\n|t:|1700143786\n|move|p2a: Keldeo|Air Slash|p1a: Slurpuff|[miss]\n|-miss|p2a: Keldeo|p1a: Slurpuff\n|move|p1a: Slurpuff|Sticky Web|p2a: Keldeo\n|-sidestart|p2: ILikeFezandipiti|move: Sticky Web\n|\n|upkeep\n|turn|2\n|\n|t:|1700143791\n|move|p2a: Keldeo|Air Slash|p1a: Slurpuff\n|-damage|p1a: Slurpuff|64\/100\n|move|p1a: Slurpuff|Toxic|p2a: Keldeo\n|-status|p2a: Keldeo|tox\n|\n|-damage|p2a: Keldeo|94\/100 tox|[from] psn\n|upkeep\n|turn|3\n|\n|t:|1700143799\n|move|p2a: Keldeo|Air Slash|p1a: Slurpuff\n|-damage|p1a: Slurpuff|27\/100\n|move|p1a: Slurpuff|Light Screen|p1a: Slurpuff\n|-sidestart|p1: NnoitraCifer|move: Light Screen\n|\n|-damage|p2a: Keldeo|82\/100 tox|[from] psn\n|upkeep\n|turn|4\n|\n|t:|1700143806\n|move|p2a: Keldeo|Air Slash|p1a: Slurpuff\n|-damage|p1a: Slurpuff|9\/100\n|cant|p1a: Slurpuff|flinch\n|\n|-damage|p2a: Keldeo|63\/100 tox|[from] psn\n|upkeep\n|turn|5\n|c|\u2606ILikeFezandipiti|keldeo is letting me down\n|\n|t:|1700143812\n|move|p2a: Keldeo|Air Slash|p1a: Slurpuff\n|-damage|p1a: Slurpuff|0 fnt\n|faint|p1a: Slurpuff\n|\n|-damage|p2a: Keldeo|39\/100 tox|[from] psn\n|upkeep\n|\n|t:|1700143830\n|switch|p1a: Alakazam|Alakazam, M|100\/100\n|turn|6\n|\n|t:|1700143833\n|detailschange|p1a: Alakazam|Alakazam-Mega, M\n|-mega|p1a: Alakazam|Alakazam|Alakazite\n|-ability|p1a: Alakazam|Justified|[from] ability: Trace|[of] p2a: Keldeo\n|move|p2a: Keldeo|Air Slash|p1a: Alakazam\n|-damage|p1a: Alakazam|85\/100\n|move|p1a: Alakazam|Nasty Plot|p1a: Alakazam\n|-boost|p1a: Alakazam|spa|2\n|\n|-damage|p2a: Keldeo|8\/100 tox|[from] psn\n|upkeep\n|turn|7\n|c|\u2606ILikeFezandipiti|!dt justified\n|raw|<ul class=\"utilichart\"><li class=\"result\"><span class=\"col namecol\"><a href=\"https:\/\/dex.pokemonshowdown.com\/abilities\/justified\">Justified<\/a><\/span> <span class=\"col abilitydesccol\">This Pokemon's Attack is raised by 1 stage after it is damaged by a Dark-type move.<\/span> <\/li><li style=\"clear:both\"><\/li><\/ul>\n|raw|<font size=\"1\"><font color=\"#686868\">Gen:<\/font> 5<\/font>\n\n|inactive|ILikeFezandipiti has 120 seconds left.\n|c|\u2606ILikeFezandipiti|thatd be amazing on any psychic type\n|\n|t:|1700143868\n|move|p2a: Keldeo|Air Slash|p1a: Alakazam\n|-damage|p1a: Alakazam|69\/100\n|move|p1a: Alakazam|Nasty Plot|p1a: Alakazam\n|-boost|p1a: Alakazam|spa|2\n|\n|-damage|p2a: Keldeo|0 fnt|[from] psn\n|faint|p2a: Keldeo\n|-sideend|p1: NnoitraCifer|move: Light Screen\n|upkeep\n|inactive|ILikeFezandipiti has 120 seconds left.\n|\n|t:|1700143879\n|switch|p2a: Midnight|Marshadow|100\/100\n|-activate|p2a: Midnight|move: Sticky Web\n|-unboost|p2a: Midnight|spe|1\n|turn|8\n|inactive|ILikeFezandipiti has 120 seconds left.\n|\n|t:|1700143885\n|move|p1a: Alakazam|Shadow Ball|p2a: Midnight\n|-supereffective|p2a: Midnight\n|-damage|p2a: Midnight|0 fnt\n|faint|p2a: Midnight\n|\n|upkeep\n|inactive|ILikeFezandipiti has 120 seconds left.\n|\n|t:|1700143890\n|switch|p2a: Therius|Zygarde, shiny|100\/100\n|-activate|p2a: Therius|move: Sticky Web\n|-unboost|p2a: Therius|spe|1\n|turn|9\n|\n|t:|1700143895\n|move|p2a: Therius|Extreme Speed|p1a: Alakazam\n|-damage|p1a: Alakazam|0 fnt\n|faint|p1a: Alakazam\n|\n|upkeep\n|\n|t:|1700143902\n|switch|p1a: Zygarde|Zygarde, shiny|100\/100\n|turn|10\n|c|\u2606ILikeFezandipiti|banded zygarde be like\n|\n|t:|1700143912\n|move|p2a: Therius|Extreme Speed|p1a: Zygarde\n|-damage|p1a: Zygarde|74\/100\n|move|p1a: Zygarde|Dragon Dance|p1a: Zygarde\n|-boost|p1a: Zygarde|atk|1\n|-boost|p1a: Zygarde|spe|1\n|\n|-heal|p1a: Zygarde|81\/100|[from] item: Leftovers\n|upkeep\n|turn|11\n|\n|t:|1700143920\n|move|p2a: Therius|Extreme Speed|p1a: Zygarde\n|-damage|p1a: Zygarde|54\/100\n|move|p1a: Zygarde|Dragon Dance|p1a: Zygarde\n|-boost|p1a: Zygarde|atk|1\n|-boost|p1a: Zygarde|spe|1\n|\n|-heal|p1a: Zygarde|60\/100|[from] item: Leftovers\n|upkeep\n|turn|12\n|\n|t:|1700143936\n|move|p2a: Therius|Extreme Speed|p1a: Zygarde\n|-damage|p1a: Zygarde|35\/100\n|move|p1a: Zygarde|Dragon Tail|p2a: Therius\n|-supereffective|p2a: Therius\n|-damage|p2a: Therius|18\/100\n|drag|p2a: Justice|Scizor, M|100\/100\n|-activate|p2a: Justice|move: Sticky Web\n|-unboost|p2a: Justice|spe|1\n|\n|-heal|p1a: Zygarde|41\/100|[from] item: Leftovers\n|-activate|p1a: Zygarde|ability: Power Construct\n|detailschange|p1a: Zygarde|Zygarde-Complete, shiny\n|-heal|p1a: Zygarde|63\/100|[silent]\n|upkeep\n|turn|13\n|c|\u2606ILikeFezandipiti|oh\n|c|\u2606ILikeFezandipiti|fuck\n|\n|t:|1700143956\n|detailschange|p2a: Justice|Scizor-Mega, M\n|-mega|p2a: Justice|Scizor|Scizorite\n|move|p2a: Justice|Bullet Punch|p1a: Zygarde\n|-damage|p1a: Zygarde|45\/100\n|move|p1a: Zygarde|Thousand Arrows|p2a: Justice\n|-damage|p2a: Justice|43\/100\n|\n|-heal|p1a: Zygarde|51\/100|[from] item: Leftovers\n|upkeep\n|turn|14\n|\n|t:|1700143966\n|move|p2a: Justice|Bullet Punch|p1a: Zygarde\n|-damage|p1a: Zygarde|33\/100\n|move|p1a: Zygarde|Thousand Arrows|p2a: Justice\n|-damage|p2a: Justice|0 fnt\n|faint|p2a: Justice\n|\n|-heal|p1a: Zygarde|40\/100|[from] item: Leftovers\n|upkeep\n|\n|t:|1700143974\n|switch|p2a: Athena|Gardevoir, F, shiny|100\/100\n|-activate|p2a: Athena|move: Sticky Web\n|-unboost|p2a: Athena|spe|1\n|turn|15\n|c|\u2606ILikeFezandipiti|FUCK\n|\n|t:|1700143990\n|move|p1a: Zygarde|Thousand Arrows|p2a: Athena\n|-damage|p2a: Athena|0 fnt\n|faint|p2a: Athena\n|\n|-heal|p1a: Zygarde|46\/100|[from] item: Leftovers\n|upkeep\n|c|\u2606ILikeFezandipiti|wasted my mega its joever\n|\n|t:|1700144000\n|switch|p2a: Spartan|Falinks|100\/100\n|-activate|p2a: Spartan|move: Sticky Web\n|-unboost|p2a: Spartan|spe|1\n|-ability|p2a: Spartan|Defiant|boost\n|-boost|p2a: Spartan|atk|2\n|turn|16\n|\n|t:|1700144016\n|move|p2a: Spartan|Close Combat|p1a: Zygarde\n|-damage|p1a: Zygarde|0 fnt\n|-unboost|p2a: Spartan|def|1\n|-unboost|p2a: Spartan|spd|1\n|faint|p1a: Zygarde\n|-damage|p2a: Spartan|91\/100|[from] item: Life Orb\n|\n|upkeep\n|\n|t:|1700144023\n|switch|p1a: Kyogre|Kyogre, shiny|100\/100\n|-weather|RainDance|[from] ability: Drizzle|[of] p1a: Kyogre\n|turn|17\n|c|\u2606ILikeFezandipiti|wait\n|c|\u2606ILikeFezandipiti|huh\n|\n|t:|1700144038\n|-terastallize|p1a: Kyogre|Water\n|move|p1a: Kyogre|Water Spout|p2a: Spartan\n|-damage|p2a: Spartan|0 fnt\n|faint|p2a: Spartan\n|\n|-weather|RainDance|[upkeep]\n|upkeep\n|n|\u2606ILikeFezandipiti|ilikefezandipiti\n|\n|t:|1700144045\n|switch|p2a: Therius|Zygarde, shiny|18\/100\n|-activate|p2a: Therius|move: Sticky Web\n|-unboost|p2a: Therius|spe|1\n|turn|18\n|c|\u2606ILikeFezandipiti|I AM BELOW 50%\n|c|\u2606ILikeFezandipiti|GIVE ME GOD\n|\n|t:|1700144059\n|switch|p1a: Zapdos|Zapdos|100\/100\n|move|p2a: Therius|Extreme Speed|p1a: Zapdos\n|-damage|p1a: Zapdos|63\/100\n|\n|-weather|RainDance|[upkeep]\n|-activate|p2a: Therius|ability: Power Construct\n|detailschange|p2a: Therius|Zygarde-Complete, shiny\n|-heal|p2a: Therius|49\/100|[silent]\n|upkeep\n|turn|19\n|\n|t:|1700144070\n|move|p2a: Therius|Extreme Speed|p1a: Zapdos\n|-damage|p1a: Zapdos|28\/100\n|-status|p2a: Therius|par|[from] ability: Static|[of] p1a: Zapdos\n|move|p1a: Zapdos|Hurricane|p2a: Therius\n|-damage|p2a: Therius|21\/100 par\n|\n|-weather|RainDance|[upkeep]\n|upkeep\n|turn|20\n|c|\u2606ILikeFezandipiti|BRO\n|c|\u2606ILikeFezandipiti|static can suck a dick\n|\n|t:|1700144084\n|move|p2a: Therius|Extreme Speed|p1a: Zapdos\n|-damage|p1a: Zapdos|0 fnt\n|faint|p1a: Zapdos\n|\n|-weather|RainDance|[upkeep]\n|upkeep\n|\n|t:|1700144090\n|switch|p1a: Infernape|Infernape, M|100\/100\n|turn|21\n|\n|t:|1700144094\n|cant|p2a: Therius|par\n|move|p1a: Infernape|Vacuum Wave|p2a: Therius\n|-damage|p2a: Therius|9\/100 par\n|\n|-weather|none\n|upkeep\n|turn|22\n|\n|t:|1700144099\n|move|p2a: Therius|Extreme Speed|p1a: Infernape\n|-damage|p1a: Infernape|45\/100\n|move|p1a: Infernape|Vacuum Wave|p2a: Therius\n|-damage|p2a: Therius|0 fnt\n|faint|p2a: Therius\n|\n|win|NnoitraCifer\n|raw|NnoitraCifer's rating: 1120 &rarr; <strong>1140<\/strong><br \/>(+20 for winning)\n|raw|ILikeFezandipiti's rating: 1052 &rarr; <strong>1038<\/strong><br \/>(-14 for losing)\n","uploadtime":1700144084,"views":7,"p1id":"nnoitracifer","p2id":"ilikefezandipiti","formatid":"gen9nationaldexubers","rating":1038,"private":0,"password":""}