{"id":"gen9nationaldexubers-1994671727","p1":"Just B3A$T","p2":"AlolanSandslashOU","format":"[Gen 9] National Dex Ubers","log":"|j|\u2606Just B3A$T\n|j|\u2606AlolanSandslashOU\n|t:|1700478838\n|gametype|singles\n|player|p1|Just B3A$T|noland|\n|player|p2|AlolanSandslashOU|volkner|\n|teamsize|p1|6\n|teamsize|p2|6\n|gen|9\n|tier|[Gen 9] National Dex Ubers\n|rule|HP Percentage Mod: HP is shown in percentages\n|rule|Endless Battle Clause: Forcing endless battles is banned\n|rule|OHKO Clause: OHKO moves are banned\n|rule|Evasion Moves Clause: Evasion moves are banned\n|rule|Evasion Items Clause: Evasion items are banned\n|rule|Species Clause: Limit one of each Pok\u00e9mon\n|rule|Sleep Clause Mod: Limit one foe put to sleep\n|rule|Mega Rayquaza Clause: You cannot mega evolve Rayquaza\n|clearpoke\n|poke|p1|Rillaboom, M|\n|poke|p1|Samurott-Hisui, M|\n|poke|p1|Diancie|\n|poke|p1|Gholdengo|\n|poke|p1|Alomomola, F|\n|poke|p1|Moltres|\n|poke|p2|Chien-Pao|\n|poke|p2|Ting-Lu|\n|poke|p2|Iron Valiant|\n|poke|p2|Greninja-*, M|\n|poke|p2|Weavile, F|\n|poke|p2|Urshifu-*, F|\n|teampreview\n|inactive|Battle timer is ON: inactive players will automatically lose when time's up. (requested by Just B3A$T)\n|c|\u2606AlolanSandslashOU|Say hello to my little friends\n|c|\u2606AlolanSandslashOU|and val\n|c|\u2606Just B3A$T|let's see if Gin was tougher than you, or not.\n|inactive|Just B3A$T has 270 seconds left.\n|inactive|AlolanSandslashOU has 270 seconds left.\n|\n|t:|1700478879\n|start\n|switch|p1a: FEESH|Alomomola, F, shiny|100\/100\n|switch|p2a: Weavile|Weavile, F|100\/100\n|-ability|p2a: Weavile|Pressure\n|turn|1\n|\n|t:|1700478891\n|move|p2a: Weavile|Knock Off|p1a: FEESH\n|-damage|p1a: FEESH|76\/100\n|-enditem|p1a: FEESH|Red Card|[from] move: Knock Off|[of] p2a: Weavile\n|move|p1a: FEESH|Flip Turn|p2a: Weavile\n|-damage|p2a: Weavile|74\/100\n|\n|t:|1700478898\n|switch|p1a: edge pro max|Samurott-Hisui, M, shiny|100\/100|[from] Flip Turn\n|\n|upkeep\n|turn|2\n|\n|t:|1700478902\n|move|p1a: edge pro max|Sacred Sword|p2a: Weavile\n|-supereffective|p2a: Weavile\n|-damage|p2a: Weavile|0 fnt\n|faint|p2a: Weavile\n|\n|upkeep\n|\n|t:|1700478909\n|switch|p2a: Iron Valiant|Iron Valiant|100\/100\n|-enditem|p2a: Iron Valiant|Booster Energy\n|-activate|p2a: Iron Valiant|ability: Quark Drive|[fromitem]\n|-start|p2a: Iron Valiant|quarkdrivespe\n|turn|3\n|\n|t:|1700478914\n|switch|p1a: FEESH|Alomomola, F, shiny|100\/100\n|move|p2a: Iron Valiant|Calm Mind|p2a: Iron Valiant\n|-boost|p2a: Iron Valiant|spa|1\n|-boost|p2a: Iron Valiant|spd|1\n|\n|upkeep\n|turn|4\n|\n|t:|1700478925\n|-terastallize|p2a: Iron Valiant|Steel\n|move|p2a: Iron Valiant|Calm Mind|p2a: Iron Valiant\n|-boost|p2a: Iron Valiant|spa|1\n|-boost|p2a: Iron Valiant|spd|1\n|move|p1a: FEESH|Toxic|p2a: Iron Valiant\n|-immune|p2a: Iron Valiant\n|\n|upkeep\n|turn|5\n|c|\u2606Just B3A$T|you.....\n|\n|t:|1700478944\n|move|p2a: Iron Valiant|Calm Mind|p2a: Iron Valiant\n|-boost|p2a: Iron Valiant|spa|1\n|-boost|p2a: Iron Valiant|spd|1\n|move|p1a: FEESH|Wish|p1a: FEESH\n|\n|upkeep\n|turn|6\n|\n|t:|1700478950\n|move|p2a: Iron Valiant|Calm Mind|p2a: Iron Valiant\n|-boost|p2a: Iron Valiant|spa|1\n|-boost|p2a: Iron Valiant|spd|1\n|move|p1a: FEESH|Flip Turn|p2a: Iron Valiant\n|-damage|p2a: Iron Valiant|80\/100\n|\n|t:|1700478965\n|switch|p1a: budget Ho-oh|Moltres|100\/100|[from] Flip Turn\n|\n|upkeep\n|turn|7\n|\n|t:|1700478969\n|move|p2a: Iron Valiant|Psyshock|p1a: budget Ho-oh\n|-damage|p1a: budget Ho-oh|19\/100\n|move|p1a: budget Ho-oh|Flamethrower|p2a: Iron Valiant\n|-supereffective|p2a: Iron Valiant\n|-damage|p2a: Iron Valiant|33\/100\n|\n|upkeep\n|turn|8\n|\n|t:|1700478985\n|move|p2a: Iron Valiant|Moonblast|p1a: budget Ho-oh\n|-resisted|p1a: budget Ho-oh\n|-damage|p1a: budget Ho-oh|0 fnt\n|faint|p1a: budget Ho-oh\n|\n|upkeep\n|\n|t:|1700478996\n|switch|p1a: Profit!|Gholdengo|100\/100\n|-item|p1a: Profit!|Air Balloon\n|turn|9\n|\n|t:|1700479011\n|move|p2a: Iron Valiant|Moonblast|p1a: Profit!\n|-resisted|p1a: Profit!\n|-damage|p1a: Profit!|38\/100\n|-unboost|p1a: Profit!|spa|1\n|-enditem|p1a: Profit!|Air Balloon\n|move|p1a: Profit!|Make It Rain|p2a: Iron Valiant\n|-resisted|p2a: Iron Valiant\n|-damage|p2a: Iron Valiant|20\/100\n|-unboost|p1a: Profit!|spa|1\n|\n|upkeep\n|turn|10\n|\n|t:|1700479017\n|move|p2a: Iron Valiant|Moonblast|p1a: Profit!\n|-resisted|p1a: Profit!\n|-damage|p1a: Profit!|0 fnt\n|faint|p1a: Profit!\n|\n|upkeep\n|\n|t:|1700479026\n|switch|p1a: MONKE|Rillaboom, M|100\/100\n|-fieldstart|move: Grassy Terrain|[from] ability: Grassy Surge|[of] p1a: MONKE\n|turn|11\n|\n|t:|1700479031\n|-end|p2a: Iron Valiant|Quark Drive|[silent]\n|switch|p2a: Urshifu|Urshifu, F|100\/100\n|-terastallize|p1a: MONKE|Fire\n|move|p1a: MONKE|Swords Dance|p1a: MONKE\n|-boost|p1a: MONKE|atk|2\n|\n|upkeep\n|turn|12\n|\n|t:|1700479041\n|move|p2a: Urshifu|Wicked Blow|p1a: MONKE\n|-crit|p1a: MONKE\n|-damage|p1a: MONKE|5\/100\n|move|p1a: MONKE|Drain Punch|p2a: Urshifu\n|-supereffective|p2a: Urshifu\n|-crit|p2a: Urshifu\n|-damage|p2a: Urshifu|0 fnt\n|-heal|p1a: MONKE|55\/100|[from] drain|[of] p2a: Urshifu\n|faint|p2a: Urshifu\n|-damage|p1a: MONKE|45\/100|[from] item: Life Orb\n|\n|-heal|p1a: MONKE|51\/100|[from] Grassy Terrain\n|upkeep\n|\n|t:|1700479049\n|switch|p2a: Greninja|Greninja, M|100\/100\n|turn|13\n|\n|t:|1700479051\n|move|p2a: Greninja|Water Shuriken|p1a: MONKE\n|-start|p2a: Greninja|typechange|Water|[from] ability: Protean\n|-supereffective|p1a: MONKE\n|-damage|p1a: MONKE|26\/100\n|-supereffective|p1a: MONKE\n|-damage|p1a: MONKE|1\/100\n|-supereffective|p1a: MONKE\n|-damage|p1a: MONKE|0 fnt\n|faint|p1a: MONKE\n|-hitcount|p1: MONKE|3\n|\n|upkeep\n|c|\u2606Just B3A$T|how\n|c|\u2606Just B3A$T|I literally Glided\n|c|\u2606AlolanSandslashOU|I\u2019m faster\n|c|\u2606Just B3A$T|shit had priority in Terrain\n|c|\u2606Just B3A$T|bruh\n|\n|t:|1700479072\n|switch|p1a: FEESH|Alomomola, F, shiny|100\/100\n|turn|14\n|\n|t:|1700479075\n|switch|p2a: Iron Valiant|Iron Valiant, tera:Steel|20\/100\n|move|p1a: FEESH|Acrobatics|p2a: Iron Valiant\n|-resisted|p2a: Iron Valiant\n|-damage|p2a: Iron Valiant|7\/100\n|\n|-heal|p2a: Iron Valiant|13\/100|[from] Grassy Terrain\n|upkeep\n|turn|15\n|\n|t:|1700479084\n|-end|p2a: Iron Valiant|Quark Drive|[silent]\n|switch|p2a: Chien-Pao|Chien-Pao|100\/100\n|-ability|p2a: Chien-Pao|Sword of Ruin\n|move|p1a: FEESH|Flip Turn|p2a: Chien-Pao\n|-damage|p2a: Chien-Pao|76\/100\n|\n|t:|1700479086\n|switch|p1a: edge pro max|Samurott-Hisui, M, shiny|100\/100|[from] Flip Turn\n|\n|-heal|p2a: Chien-Pao|82\/100|[from] Grassy Terrain\n|-fieldend|move: Grassy Terrain\n|upkeep\n|turn|16\n|\n|t:|1700479094\n|move|p1a: edge pro max|Sacred Sword|p2a: Chien-Pao\n|-supereffective|p2a: Chien-Pao\n|-damage|p2a: Chien-Pao|0 fnt\n|faint|p2a: Chien-Pao\n|\n|upkeep\n|\n|t:|1700479096\n|switch|p2a: Ting-Lu|Ting-Lu|100\/100\n|-ability|p2a: Ting-Lu|Vessel of Ruin\n|turn|17\n|\n|t:|1700479101\n|switch|p1a: FEESH|Alomomola, F, shiny|100\/100\n|move|p2a: Ting-Lu|Earthquake|p1a: FEESH\n|-damage|p1a: FEESH|80\/100\n|\n|upkeep\n|turn|18\n|\n|t:|1700479109\n|move|p1a: FEESH|Flip Turn|p2a: Ting-Lu\n|-supereffective|p2a: Ting-Lu\n|-damage|p2a: Ting-Lu|81\/100\n|\n|t:|1700479111\n|switch|p1a: Stone Ocean|Diancie, shiny|100\/100|[from] Flip Turn\n|move|p2a: Ting-Lu|Spikes|p1a: Stone Ocean\n|-sidestart|p1: Just B3A$T|Spikes\n|\n|-heal|p2a: Ting-Lu|88\/100|[from] item: Leftovers\n|upkeep\n|turn|19\n|\n|t:|1700479116\n|detailschange|p1a: Stone Ocean|Diancie-Mega, shiny\n|-mega|p1a: Stone Ocean|Diancie|Diancite\n|move|p1a: Stone Ocean|Calm Mind|p1a: Stone Ocean\n|-boost|p1a: Stone Ocean|spa|1\n|-boost|p1a: Stone Ocean|spd|1\n|move|p2a: Ting-Lu|Earthquake|p1a: Stone Ocean\n|-supereffective|p1a: Stone Ocean\n|-damage|p1a: Stone Ocean|0 fnt\n|faint|p1a: Stone Ocean\n|\n|-heal|p2a: Ting-Lu|94\/100|[from] item: Leftovers\n|upkeep\n|c|\u2606Just B3A$T|...\n|\n|t:|1700479123\n|switch|p1a: FEESH|Alomomola, F, shiny|100\/100\n|-damage|p1a: FEESH|88\/100|[from] Spikes\n|turn|20\n|\n|t:|1700479126\n|switch|p2a: Greninja|Greninja, M|100\/100\n|move|p1a: FEESH|Toxic|p2a: Greninja|[miss]\n|-miss|p1a: FEESH|p2a: Greninja\n|\n|upkeep\n|turn|21\n|c|\u2606Just B3A$T|really?\n|\n|t:|1700479138\n|move|p2a: Greninja|Dark Pulse|p1a: FEESH\n|-start|p2a: Greninja|typechange|Dark|[from] ability: Protean\n|-damage|p1a: FEESH|28\/100\n|cant|p1a: FEESH|flinch\n|\n|upkeep\n|turn|22\n|\n|t:|1700479144\n|move|p2a: Greninja|Dark Pulse|p1a: FEESH\n|-damage|p1a: FEESH|0 fnt\n|faint|p1a: FEESH\n|\n|upkeep\n|\n|t:|1700479145\n|switch|p1a: edge pro max|Samurott-Hisui, M, shiny|100\/100\n|-damage|p1a: edge pro max|88\/100|[from] Spikes\n|turn|23\n|\n|t:|1700479149\n|switch|p2a: Iron Valiant|Iron Valiant, tera:Steel|13\/100\n|move|p1a: edge pro max|Sacred Sword|p2a: Iron Valiant\n|-supereffective|p2a: Iron Valiant\n|-damage|p2a: Iron Valiant|0 fnt\n|faint|p2a: Iron Valiant\n|-end|p2a: Iron Valiant|Quark Drive|[silent]\n|\n|upkeep\n|\n|t:|1700479150\n|switch|p2a: Greninja|Greninja, M|100\/100\n|turn|24\n|\n|t:|1700479153\n|move|p2a: Greninja|Water Shuriken|p1a: edge pro max\n|-start|p2a: Greninja|typechange|Water|[from] ability: Protean\n|-resisted|p1a: edge pro max\n|-damage|p1a: edge pro max|81\/100\n|-resisted|p1a: edge pro max\n|-damage|p1a: edge pro max|74\/100\n|-hitcount|p1a: edge pro max|2\n|move|p1a: edge pro max|Sacred Sword|p2a: Greninja\n|-damage|p2a: Greninja|29\/100\n|\n|upkeep\n|turn|25\n|\n|t:|1700479161\n|move|p2a: Greninja|Water Shuriken|p1a: edge pro max\n|-resisted|p1a: edge pro max\n|-damage|p1a: edge pro max|67\/100\n|-resisted|p1a: edge pro max\n|-damage|p1a: edge pro max|60\/100\n|-resisted|p1a: edge pro max\n|-damage|p1a: edge pro max|53\/100\n|-hitcount|p1a: edge pro max|3\n|move|p1a: edge pro max|Sacred Sword|p2a: Greninja\n|-damage|p2a: Greninja|0 fnt\n|faint|p2a: Greninja\n|\n|upkeep\n|\n|t:|1700479168\n|switch|p2a: Ting-Lu|Ting-Lu|94\/100\n|-ability|p2a: Ting-Lu|Vessel of Ruin\n|turn|26\n|c|\u2606Just B3A$T|this'll be close\n|\n|t:|1700479178\n|move|p1a: edge pro max|Sacred Sword|p2a: Ting-Lu\n|-supereffective|p2a: Ting-Lu\n|-damage|p2a: Ting-Lu|46\/100\n|move|p2a: Ting-Lu|Earthquake|p1a: edge pro max\n|-damage|p1a: edge pro max|9\/100\n|\n|-heal|p2a: Ting-Lu|52\/100|[from] item: Leftovers\n|upkeep\n|turn|27\n|\n|t:|1700479184\n|move|p1a: edge pro max|Sacred Sword|p2a: Ting-Lu\n|-supereffective|p2a: Ting-Lu\n|-damage|p2a: Ting-Lu|4\/100\n|move|p2a: Ting-Lu|Earthquake|p1a: edge pro max\n|-damage|p1a: edge pro max|0 fnt\n|faint|p1a: edge pro max\n|\n|win|AlolanSandslashOU\n|c|\u2606Just B3A$T|crit...\n|c|\u2606Just B3A$T|ok\n|c|\u2606Just B3A$T|fuck\n","uploadtime":1700479194,"views":4,"p1id":"justb3at","p2id":"alolansandslashou","formatid":"gen9nationaldexubers","rating":0,"private":0,"password":""}