{"id":"gen9nationaldexubers-1982036337","p1":"Harmony6","p2":"ninjamage13","format":"[Gen 9] National Dex Ubers","log":"|j|\u2606Harmony6\n|j|\u2606ninjamage13\n|t:|1698961657\n|gametype|singles\n|player|p1|Harmony6|red|\n|player|p2|ninjamage13|pokemonranger-gen6xy|\n|teamsize|p1|6\n|teamsize|p2|6\n|gen|9\n|tier|[Gen 9] National Dex Ubers\n|rule|HP Percentage Mod: HP is shown in percentages\n|rule|Endless Battle Clause: Forcing endless battles is banned\n|rule|OHKO Clause: OHKO moves are banned\n|rule|Evasion Moves Clause: Evasion moves are banned\n|rule|Evasion Items Clause: Evasion items are banned\n|rule|Species Clause: Limit one of each Pok\u00e9mon\n|rule|Sleep Clause Mod: Limit one foe put to sleep\n|rule|Mega Rayquaza Clause: You cannot mega evolve Rayquaza\n|clearpoke\n|poke|p1|Gastrodon, F|\n|poke|p1|Ferrothorn, F|\n|poke|p1|Tapu Fini|\n|poke|p1|Zapdos|\n|poke|p1|Skeledirge, F|\n|poke|p1|Sneasler, F|\n|poke|p2|Venusaur, F|\n|poke|p2|Ogerpon-Cornerstone, F|\n|poke|p2|Breloom, M|\n|poke|p2|Ferrothorn, F|\n|poke|p2|Meowscarada, F|\n|poke|p2|Tapu Bulu|\n|teampreview\n|c|\u2606ninjamage13|gl hf\n|j| mr giles\n|c|\u2606Harmony6|U2\n|j| Serise\n|\n|t:|1698961736\n|start\n|switch|p1a: Zapdos|Zapdos|100\/100\n|switch|p2a: YOUNG LORE|Ogerpon-Cornerstone, F|100\/100\n|turn|1\n|\n|t:|1698961751\n|move|p2a: YOUNG LORE|Swords Dance|p2a: YOUNG LORE\n|-boost|p2a: YOUNG LORE|atk|2\n|move|p1a: Zapdos|Discharge|p2a: YOUNG LORE\n|-resisted|p2a: YOUNG LORE\n|-damage|p2a: YOUNG LORE|80\/100\n|\n|upkeep\n|turn|2\n|\n|t:|1698961767\n|move|p2a: YOUNG LORE|Ivy Cudgel|p1a: Zapdos\n|-supereffective|p1a: Zapdos\n|-damage|p1a: Zapdos|0 fnt\n|faint|p1a: Zapdos\n|\n|upkeep\n|c|\u2606Harmony6|No para damn\n|\n|t:|1698961779\n|switch|p1a: Skeledirge|Skeledirge, F|100\/100\n|turn|3\n|c| mr giles|Joever\n|j| Pex hater\n|\n|t:|1698961790\n|move|p2a: YOUNG LORE|Ivy Cudgel|p1a: Skeledirge\n|-supereffective|p1a: Skeledirge\n|-damage|p1a: Skeledirge|27\/100\n|move|p1a: Skeledirge|Will-O-Wisp|p2a: YOUNG LORE\n|-status|p2a: YOUNG LORE|brn\n|\n|-damage|p2a: YOUNG LORE|74\/100 brn|[from] brn\n|upkeep\n|turn|4\n|\n|t:|1698961820\n|switch|p1a: Gastrodon|Gastrodon, F|100\/100\n|move|p2a: YOUNG LORE|Ivy Cudgel|p1a: Gastrodon\n|-resisted|p1a: Gastrodon\n|-damage|p1a: Gastrodon|67\/100\n|\n|-heal|p1a: Gastrodon|73\/100|[from] item: Leftovers\n|-damage|p2a: YOUNG LORE|68\/100 brn|[from] brn\n|upkeep\n|turn|5\n|\n|t:|1698961826\n|switch|p1a: Ferrothorn|Ferrothorn, F|100\/100\n|move|p2a: YOUNG LORE|Horn Leech|p1a: Ferrothorn\n|-resisted|p1a: Ferrothorn\n|-damage|p1a: Ferrothorn|93\/100\n|-heal|p2a: YOUNG LORE|72\/100 brn|[from] drain|[of] p1a: Ferrothorn\n|-damage|p2a: YOUNG LORE|60\/100 brn|[from] ability: Iron Barbs|[of] p1a: Ferrothorn\n|\n|-heal|p1a: Ferrothorn|99\/100|[from] item: Leftovers\n|-damage|p2a: YOUNG LORE|54\/100 brn|[from] brn\n|upkeep\n|turn|6\n|\n|t:|1698961838\n|move|p2a: YOUNG LORE|Low Kick|p1a: Ferrothorn\n|-supereffective|p1a: Ferrothorn\n|-damage|p1a: Ferrothorn|43\/100\n|-damage|p2a: YOUNG LORE|41\/100 brn|[from] ability: Iron Barbs|[of] p1a: Ferrothorn\n|move|p1a: Ferrothorn|Stealth Rock|p2a: YOUNG LORE\n|-sidestart|p2: ninjamage13|move: Stealth Rock\n|\n|-heal|p1a: Ferrothorn|49\/100|[from] item: Leftovers\n|-damage|p2a: YOUNG LORE|35\/100 brn|[from] brn\n|upkeep\n|turn|7\n|\n|t:|1698961855\n|switch|p1a: Skeledirge|Skeledirge, F|27\/100\n|move|p2a: YOUNG LORE|Low Kick|p1a: Skeledirge\n|-immune|p1a: Skeledirge\n|\n|-damage|p2a: YOUNG LORE|29\/100 brn|[from] brn\n|upkeep\n|turn|8\n|\n|t:|1698961860\n|move|p2a: YOUNG LORE|Ivy Cudgel|p1a: Skeledirge\n|-supereffective|p1a: Skeledirge\n|-damage|p1a: Skeledirge|0 fnt\n|faint|p1a: Skeledirge\n|\n|-damage|p2a: YOUNG LORE|23\/100 brn|[from] brn\n|upkeep\n|\n|t:|1698961868\n|switch|p1a: Sneasler|Sneasler, F|100\/100\n|turn|9\n|\n|t:|1698961877\n|move|p2a: YOUNG LORE|Ivy Cudgel|p1a: Sneasler\n|-resisted|p1a: Sneasler\n|-damage|p1a: Sneasler|55\/100\n|move|p1a: Sneasler|Dire Claw|p2a: YOUNG LORE\n|-damage|p2a: YOUNG LORE|0 fnt\n|faint|p2a: YOUNG LORE\n|\n|upkeep\n|\n|t:|1698961921\n|switch|p2a: OK I'M SICK|Venusaur, F|100\/100\n|-damage|p2a: OK I'M SICK|88\/100|[from] Stealth Rock\n|turn|10\n|\n|t:|1698961926\n|switch|p1a: Gastrodon|Gastrodon, F|73\/100\n|detailschange|p2a: OK I'M SICK|Venusaur-Mega, F\n|-mega|p2a: OK I'M SICK|Venusaur|Venusaurite\n|move|p2a: OK I'M SICK|Earth Power|p1a: Gastrodon\n|-damage|p1a: Gastrodon|56\/100\n|\n|-heal|p1a: Gastrodon|62\/100|[from] item: Leftovers\n|upkeep\n|turn|11\n|\n|t:|1698961931\n|switch|p2a: SPINE CURVES|Ferrothorn, F|100\/100\n|-damage|p2a: SPINE CURVES|95\/100|[from] Stealth Rock\n|move|p1a: Gastrodon|Spikes|p2a: SPINE CURVES\n|-sidestart|p2: ninjamage13|Spikes\n|\n|-heal|p1a: Gastrodon|68\/100|[from] item: Leftovers\n|-heal|p2a: SPINE CURVES|100\/100|[from] item: Leftovers\n|upkeep\n|turn|12\n|\n|t:|1698961946\n|switch|p1a: Tapu Fini|Tapu Fini|100\/100\n|-fieldstart|move: Misty Terrain|[from] ability: Misty Surge|[of] p1a: Tapu Fini\n|move|p2a: SPINE CURVES|Spikes|p1a: Tapu Fini\n|-sidestart|p1: Harmony6|Spikes\n|\n|upkeep\n|turn|13\n|\n|t:|1698961949\n|switch|p2a: BULLS ON PARADE|Tapu Bulu|100\/100\n|-damage|p2a: BULLS ON PARADE|88\/100|[from] Stealth Rock\n|-damage|p2a: BULLS ON PARADE|76\/100|[from] Spikes\n|-fieldstart|move: Grassy Terrain|[from] ability: Grassy Surge|[of] p2a: BULLS ON PARADE\n|move|p1a: Tapu Fini|Taunt|p2a: BULLS ON PARADE\n|-start|p2a: BULLS ON PARADE|move: Taunt\n|\n|-heal|p2a: BULLS ON PARADE|82\/100|[from] Grassy Terrain\n|-heal|p2a: BULLS ON PARADE|88\/100|[from] item: Leftovers\n|upkeep\n|turn|14\n|\n|t:|1698961959\n|switch|p1a: Ferrothorn|Ferrothorn, F|49\/100\n|-damage|p1a: Ferrothorn|36\/100|[from] Spikes\n|switch|p2a: OK I'M SICK|Venusaur-Mega, F|88\/100\n|-damage|p2a: OK I'M SICK|76\/100|[from] Stealth Rock\n|-damage|p2a: OK I'M SICK|63\/100|[from] Spikes\n|\n|-heal|p2a: OK I'M SICK|69\/100|[from] Grassy Terrain\n|-heal|p1a: Ferrothorn|42\/100|[from] Grassy Terrain\n|-heal|p1a: Ferrothorn|48\/100|[from] item: Leftovers\n|upkeep\n|turn|15\n|\n|t:|1698961970\n|switch|p1a: Gastrodon|Gastrodon, F|68\/100\n|-damage|p1a: Gastrodon|56\/100|[from] Spikes\n|move|p2a: OK I'M SICK|Hidden Power|p1a: Gastrodon\n|-resisted|p1a: Gastrodon\n|-damage|p1a: Gastrodon|51\/100\n|\n|-heal|p2a: OK I'M SICK|75\/100|[from] Grassy Terrain\n|-heal|p1a: Gastrodon|57\/100|[from] Grassy Terrain\n|-heal|p1a: Gastrodon|63\/100|[from] item: Leftovers\n|upkeep\n|turn|16\n|\n|t:|1698961981\n|switch|p2a: EVERLONG|Breloom, M|100\/100\n|-damage|p2a: EVERLONG|94\/100|[from] Stealth Rock\n|-damage|p2a: EVERLONG|82\/100|[from] Spikes\n|switch|p1a: Tapu Fini|Tapu Fini|100\/100\n|-damage|p1a: Tapu Fini|88\/100|[from] Spikes\n|-fieldstart|move: Misty Terrain|[from] ability: Misty Surge|[of] p1a: Tapu Fini\n|\n|-heal|p1a: Tapu Fini|94\/100|[from] item: Leftovers\n|upkeep\n|turn|17\n|\n|t:|1698961988\n|switch|p2a: BULLS ON PARADE|Tapu Bulu|88\/100\n|-damage|p2a: BULLS ON PARADE|76\/100|[from] Stealth Rock\n|-damage|p2a: BULLS ON PARADE|63\/100|[from] Spikes\n|-fieldstart|move: Grassy Terrain|[from] ability: Grassy Surge|[of] p2a: BULLS ON PARADE\n|move|p1a: Tapu Fini|Moonblast|p2a: BULLS ON PARADE\n|-damage|p2a: BULLS ON PARADE|31\/100\n|-unboost|p2a: BULLS ON PARADE|spa|1\n|\n|-heal|p1a: Tapu Fini|100\/100|[from] Grassy Terrain\n|-heal|p2a: BULLS ON PARADE|37\/100|[from] Grassy Terrain\n|-heal|p2a: BULLS ON PARADE|43\/100|[from] item: Leftovers\n|upkeep\n|turn|18\n|\n|t:|1698962007\n|switch|p1a: Ferrothorn|Ferrothorn, F|48\/100\n|-damage|p1a: Ferrothorn|36\/100|[from] Spikes\n|move|p2a: BULLS ON PARADE|Horn Leech|p1a: Ferrothorn\n|-resisted|p1a: Ferrothorn\n|-damage|p1a: Ferrothorn|29\/100\n|-heal|p2a: BULLS ON PARADE|47\/100|[from] drain|[of] p1a: Ferrothorn\n|-damage|p2a: BULLS ON PARADE|34\/100|[from] ability: Iron Barbs|[of] p1a: Ferrothorn\n|\n|-heal|p2a: BULLS ON PARADE|41\/100|[from] Grassy Terrain\n|-heal|p2a: BULLS ON PARADE|47\/100|[from] item: Leftovers\n|-heal|p1a: Ferrothorn|35\/100|[from] Grassy Terrain\n|-heal|p1a: Ferrothorn|41\/100|[from] item: Leftovers\n|upkeep\n|turn|19\n|\n|t:|1698962014\n|switch|p2a: SPINE CURVES|Ferrothorn, F|100\/100\n|-damage|p2a: SPINE CURVES|95\/100|[from] Stealth Rock\n|-damage|p2a: SPINE CURVES|82\/100|[from] Spikes\n|move|p1a: Ferrothorn|Gyro Ball|p2a: SPINE CURVES\n|-resisted|p2a: SPINE CURVES\n|-damage|p2a: SPINE CURVES|80\/100\n|-damage|p1a: Ferrothorn|29\/100|[from] ability: Iron Barbs|[of] p2a: SPINE CURVES\n|\n|-heal|p1a: Ferrothorn|35\/100|[from] Grassy Terrain\n|-heal|p2a: SPINE CURVES|86\/100|[from] Grassy Terrain\n|-heal|p2a: SPINE CURVES|92\/100|[from] item: Leftovers\n|-heal|p1a: Ferrothorn|41\/100|[from] item: Leftovers\n|upkeep\n|turn|20\n|\n|t:|1698962019\n|switch|p1a: Gastrodon|Gastrodon, F|63\/100\n|-damage|p1a: Gastrodon|51\/100|[from] Spikes\n|move|p2a: SPINE CURVES|Body Press|p1a: Gastrodon\n|-damage|p1a: Gastrodon|19\/100\n|\n|-heal|p1a: Gastrodon|25\/100|[from] Grassy Terrain\n|-heal|p1a: Gastrodon|31\/100|[from] item: Leftovers\n|-heal|p2a: SPINE CURVES|98\/100|[from] Grassy Terrain\n|-heal|p2a: SPINE CURVES|100\/100|[from] item: Leftovers\n|upkeep\n|turn|21\n|\n|t:|1698962023\n|move|p1a: Gastrodon|Recover|p1a: Gastrodon\n|-heal|p1a: Gastrodon|81\/100\n|move|p2a: SPINE CURVES|Spikes|p1a: Gastrodon\n|-sidestart|p1: Harmony6|Spikes\n|\n|-heal|p1a: Gastrodon|87\/100|[from] Grassy Terrain\n|-heal|p1a: Gastrodon|93\/100|[from] item: Leftovers\n|-fieldend|move: Grassy Terrain\n|upkeep\n|turn|22\n|\n|t:|1698962029\n|switch|p1a: Tapu Fini|Tapu Fini|100\/100\n|-damage|p1a: Tapu Fini|84\/100|[from] Spikes\n|-fieldstart|move: Misty Terrain|[from] ability: Misty Surge|[of] p1a: Tapu Fini\n|move|p2a: SPINE CURVES|Body Press|p1a: Tapu Fini\n|-resisted|p1a: Tapu Fini\n|-damage|p1a: Tapu Fini|69\/100\n|\n|-heal|p1a: Tapu Fini|75\/100|[from] item: Leftovers\n|upkeep\n|turn|23\n|\n|t:|1698962034\n|move|p1a: Tapu Fini|Taunt|p2a: SPINE CURVES\n|-start|p2a: SPINE CURVES|move: Taunt\n|move|p2a: SPINE CURVES|Gyro Ball|p1a: Tapu Fini\n|-damage|p1a: Tapu Fini|24\/100\n|\n|-heal|p1a: Tapu Fini|30\/100|[from] item: Leftovers\n|upkeep\n|turn|24\n|\n|t:|1698962040\n|move|p1a: Tapu Fini|Moonblast|p2a: SPINE CURVES\n|-resisted|p2a: SPINE CURVES\n|-damage|p2a: SPINE CURVES|85\/100\n|move|p2a: SPINE CURVES|Gyro Ball|p1a: Tapu Fini\n|-damage|p1a: Tapu Fini|0 fnt\n|faint|p1a: Tapu Fini\n|\n|-heal|p2a: SPINE CURVES|91\/100|[from] item: Leftovers\n|upkeep\n|\n|t:|1698962043\n|switch|p1a: Sneasler|Sneasler, F|55\/100\n|-damage|p1a: Sneasler|38\/100|[from] Spikes\n|-enditem|p1a: Sneasler|Misty Seed\n|-boost|p1a: Sneasler|spd|1|[from] item: Misty Seed\n|turn|25\n|\n|t:|1698962049\n|move|p1a: Sneasler|Close Combat|p2a: SPINE CURVES\n|-supereffective|p2a: SPINE CURVES\n|-damage|p2a: SPINE CURVES|14\/100\n|-unboost|p1a: Sneasler|def|1\n|-unboost|p1a: Sneasler|spd|1\n|-damage|p1a: Sneasler|26\/100|[from] ability: Iron Barbs|[of] p2a: SPINE CURVES\n|move|p2a: SPINE CURVES|Gyro Ball|p1a: Sneasler\n|-damage|p1a: Sneasler|0 fnt\n|faint|p1a: Sneasler\n|\n|-heal|p2a: SPINE CURVES|20\/100|[from] item: Leftovers\n|-end|p2a: SPINE CURVES|move: Taunt\n|upkeep\n|c|\u2606Harmony6|Oh\n|c|\u2606Harmony6|ggs\n|c|\u2606ninjamage13|g\n|-message|Harmony6 forfeited.\n|\n|win|ninjamage13\n|l|\u2606Harmony6\n|l| Serise\n","uploadtime":1698962072,"views":8,"p1id":"harmony6","p2id":"ninjamage13","formatid":"gen9nationaldexubers","rating":0,"private":0,"password":""}