{"id":"gen9nationaldexubers-1998482296","p1":"Mister Manhole","p2":"guizinh123","format":"[Gen 9] National Dex Ubers","log":"|j|\u2606Mister Manhole\n|j|\u2606guizinh123\n|t:|1700947307\n|gametype|singles\n|player|p1|Mister Manhole|benga|\n|player|p2|guizinh123|169|\n|teamsize|p1|6\n|teamsize|p2|6\n|gen|9\n|tier|[Gen 9] National Dex Ubers\n|rule|HP Percentage Mod: HP is shown in percentages\n|rule|Endless Battle Clause: Forcing endless battles is banned\n|rule|OHKO Clause: OHKO moves are banned\n|rule|Evasion Moves Clause: Evasion moves are banned\n|rule|Evasion Items Clause: Evasion items are banned\n|rule|Species Clause: Limit one of each Pok\u00e9mon\n|rule|Sleep Clause Mod: Limit one foe put to sleep\n|rule|Mega Rayquaza Clause: You cannot mega evolve Rayquaza\n|clearpoke\n|poke|p1|Sableye, F|\n|poke|p1|Accelgor, M|\n|poke|p1|Comfey, F|\n|poke|p1|Blaziken, M|\n|poke|p1|Ninjask, M|\n|poke|p1|Regieleki|\n|poke|p2|Charizard, M|\n|poke|p2|Aegislash, F|\n|poke|p2|Gliscor, M|\n|poke|p2|Mimikyu, F|\n|poke|p2|Whimsicott, F|\n|poke|p2|Zeraora|\n|teampreview\n|inactive|Battle timer is ON: inactive players will automatically lose when time's up. (requested by Mister Manhole)\n|\n|t:|1700947317\n|start\n|switch|p1a: Neighbors Kid|Sableye, F|100\/100\n|switch|p2a: Gliscor|Gliscor, M|100\/100\n|turn|1\n|\n|t:|1700947330\n|move|p1a: Neighbors Kid|Trick|p2a: Gliscor\n|-activate|p1a: Neighbors Kid|move: Trick|[of] p2a: Gliscor\n|-item|p2a: Gliscor|Flame Orb|[from] move: Trick\n|-item|p1a: Neighbors Kid|Toxic Orb|[from] move: Trick\n|move|p2a: Gliscor|Earthquake|p1a: Neighbors Kid\n|-damage|p1a: Neighbors Kid|58\/100\n|\n|-status|p2a: Gliscor|brn|[from] item: Flame Orb\n|-status|p1a: Neighbors Kid|tox|[from] item: Toxic Orb\n|upkeep\n|turn|2\n|\n|t:|1700947344\n|move|p1a: Neighbors Kid|Magic Coat|p1a: Neighbors Kid\n|-singleturn|p1a: Neighbors Kid|move: Magic Coat\n|move|p2a: Gliscor|Stealth Rock|p1a: Neighbors Kid\n|move|p1a: Neighbors Kid|Stealth Rock|p2a: Gliscor|[from]Magic Coat\n|-sidestart|p2: guizinh123|move: Stealth Rock\n|\n|-damage|p1a: Neighbors Kid|52\/100 tox|[from] psn\n|-damage|p2a: Gliscor|94\/100 brn|[from] brn\n|upkeep\n|turn|3\n|\n|t:|1700947358\n|move|p1a: Neighbors Kid|Protect|p1a: Neighbors Kid\n|-singleturn|p1a: Neighbors Kid|Protect\n|move|p2a: Gliscor|Earthquake|p1a: Neighbors Kid\n|-activate|p1a: Neighbors Kid|move: Protect\n|\n|-damage|p1a: Neighbors Kid|40\/100 tox|[from] psn\n|-damage|p2a: Gliscor|88\/100 brn|[from] brn\n|upkeep\n|turn|4\n|\n|t:|1700947369\n|move|p1a: Neighbors Kid|Sucker Punch|p2a: Gliscor\n|-damage|p2a: Gliscor|72\/100 brn\n|move|p2a: Gliscor|Earthquake|p1a: Neighbors Kid\n|-damage|p1a: Neighbors Kid|20\/100 tox\n|\n|-damage|p1a: Neighbors Kid|3\/100 tox|[from] psn\n|-damage|p2a: Gliscor|65\/100 brn|[from] brn\n|upkeep\n|turn|5\n|\n|t:|1700947382\n|move|p1a: Neighbors Kid|Magic Coat|p1a: Neighbors Kid\n|-singleturn|p1a: Neighbors Kid|move: Magic Coat\n|move|p2a: Gliscor|Roost|p2a: Gliscor\n|-heal|p2a: Gliscor|100\/100 brn\n|-singleturn|p2a: Gliscor|move: Roost\n|\n|-damage|p1a: Neighbors Kid|0 fnt|[from] psn\n|faint|p1a: Neighbors Kid\n|-damage|p2a: Gliscor|94\/100 brn|[from] brn\n|upkeep\n|\n|t:|1700947405\n|switch|p1a: Now you see me|Ninjask, M, shiny|100\/100\n|turn|6\n|\n|t:|1700947411\n|move|p1a: Now you see me|Swords Dance|p1a: Now you see me\n|-boost|p1a: Now you see me|atk|2\n|move|p2a: Gliscor|Stealth Rock|p1a: Now you see me\n|-sidestart|p1: Mister Manhole|move: Stealth Rock\n|\n|-damage|p2a: Gliscor|88\/100 brn|[from] brn\n|-ability|p1a: Now you see me|Speed Boost|boost\n|-boost|p1a: Now you see me|spe|1\n|upkeep\n|turn|7\n|\n|t:|1700947422\n|move|p1a: Now you see me|Swords Dance|p1a: Now you see me\n|-boost|p1a: Now you see me|atk|2\n|move|p2a: Gliscor|Toxic|p1a: Now you see me\n|-status|p1a: Now you see me|tox\n|\n|-damage|p1a: Now you see me|94\/100 tox|[from] psn\n|-damage|p2a: Gliscor|82\/100 brn|[from] brn\n|-ability|p1a: Now you see me|Speed Boost|boost\n|-boost|p1a: Now you see me|spe|1\n|upkeep\n|turn|8\n|\n|t:|1700947438\n|move|p1a: Now you see me|Leech Life|p2a: Gliscor\n|-resisted|p2a: Gliscor\n|-damage|p2a: Gliscor|42\/100 brn\n|-heal|p1a: Now you see me|100\/100 tox|[from] drain|[of] p2a: Gliscor\n|move|p2a: Gliscor|Roost|p2a: Gliscor\n|-heal|p2a: Gliscor|93\/100 brn\n|-singleturn|p2a: Gliscor|move: Roost\n|\n|-damage|p1a: Now you see me|88\/100 tox|[from] psn\n|-damage|p2a: Gliscor|86\/100 brn|[from] brn\n|-ability|p1a: Now you see me|Speed Boost|boost\n|-boost|p1a: Now you see me|spe|1\n|upkeep\n|turn|9\n|\n|t:|1700947459\n|move|p1a: Now you see me|Acrobatics|p2a: Gliscor\n|-damage|p2a: Gliscor|25\/100 brn\n|move|p2a: Gliscor|Roost|p2a: Gliscor\n|-heal|p2a: Gliscor|75\/100 brn\n|-singleturn|p2a: Gliscor|move: Roost\n|\n|-damage|p1a: Now you see me|70\/100 tox|[from] psn\n|-damage|p2a: Gliscor|69\/100 brn|[from] brn\n|-ability|p1a: Now you see me|Speed Boost|boost\n|-boost|p1a: Now you see me|spe|1\n|upkeep\n|turn|10\n|\n|t:|1700947476\n|move|p1a: Now you see me|Swords Dance|p1a: Now you see me\n|-boost|p1a: Now you see me|atk|2\n|move|p2a: Gliscor|Roost|p2a: Gliscor\n|-heal|p2a: Gliscor|100\/100 brn\n|-singleturn|p2a: Gliscor|move: Roost\n|\n|-damage|p1a: Now you see me|46\/100 tox|[from] psn\n|-damage|p2a: Gliscor|94\/100 brn|[from] brn\n|-ability|p1a: Now you see me|Speed Boost|boost\n|-boost|p1a: Now you see me|spe|1\n|upkeep\n|turn|11\n|\n|t:|1700947490\n|move|p1a: Now you see me|Leech Life|p2a: Gliscor\n|-resisted|p2a: Gliscor\n|-damage|p2a: Gliscor|36\/100 brn\n|-heal|p1a: Now you see me|79\/100 tox|[from] drain|[of] p2a: Gliscor\n|move|p2a: Gliscor|Roost|p2a: Gliscor\n|-heal|p2a: Gliscor|86\/100 brn\n|-singleturn|p2a: Gliscor|move: Roost\n|\n|-damage|p1a: Now you see me|48\/100 tox|[from] psn\n|-damage|p2a: Gliscor|80\/100 brn|[from] brn\n|-ability|p1a: Now you see me|Speed Boost|boost\n|-boost|p1a: Now you see me|spe|1\n|upkeep\n|turn|12\n|inactive|guizinh123 has 270 seconds left.\n|\n|t:|1700947507\n|move|p1a: Now you see me|Acrobatics|p2a: Gliscor\n|-damage|p2a: Gliscor|0 fnt\n|faint|p2a: Gliscor\n|\n|-damage|p1a: Now you see me|12\/100 tox|[from] psn\n|upkeep\n|inactive|guizinh123 has 270 seconds left.\n|\n|t:|1700947515\n|switch|p2a: Whimsicott|Whimsicott, F|100\/100\n|-damage|p2a: Whimsicott|88\/100|[from] Stealth Rock\n|turn|13\n|\n|t:|1700947522\n|move|p2a: Whimsicott|Protect|p2a: Whimsicott\n|-singleturn|p2a: Whimsicott|Protect\n|move|p1a: Now you see me|Leech Life|p2a: Whimsicott\n|-activate|p2a: Whimsicott|move: Protect\n|\n|-heal|p2a: Whimsicott|94\/100|[from] item: Leftovers\n|-damage|p1a: Now you see me|0 fnt|[from] psn\n|faint|p1a: Now you see me\n|upkeep\n|\n|t:|1700947531\n|switch|p1a: MON|Regieleki|100\/100\n|-damage|p1a: MON|88\/100|[from] Stealth Rock\n|turn|14\n|\n|t:|1700947541\n|move|p2a: Whimsicott|Leech Seed|p1a: MON\n|-start|p1a: MON|move: Leech Seed\n|move|p1a: MON|Rapid Spin|p2a: Whimsicott\n|-damage|p2a: Whimsicott|80\/100\n|-boost|p1a: MON|spe|1\n|-end|p1a: MON|Leech Seed|[from] move: Rapid Spin|[of] p1a: MON\n|-sideend|p1: Mister Manhole|Stealth Rock|[from] move: Rapid Spin|[of] p1a: MON\n|\n|-heal|p2a: Whimsicott|86\/100|[from] item: Leftovers\n|upkeep\n|turn|15\n|\n|t:|1700947552\n|move|p2a: Whimsicott|Substitute|p2a: Whimsicott\n|-start|p2a: Whimsicott|Substitute\n|-damage|p2a: Whimsicott|61\/100\n|move|p1a: MON|Thunderbolt|p2a: Whimsicott\n|-resisted|p2a: Whimsicott\n|-end|p2a: Whimsicott|Substitute\n|\n|-heal|p2a: Whimsicott|67\/100|[from] item: Leftovers\n|upkeep\n|turn|16\n|\n|t:|1700947568\n|move|p2a: Whimsicott|Leech Seed|p1a: MON\n|-start|p1a: MON|move: Leech Seed\n|move|p1a: MON|Thunderbolt|p2a: Whimsicott\n|-resisted|p2a: Whimsicott\n|-damage|p2a: Whimsicott|30\/100\n|\n|-heal|p2a: Whimsicott|36\/100|[from] item: Leftovers\n|-damage|p1a: MON|76\/100|[from] Leech Seed|[of] p2a: Whimsicott\n|-heal|p2a: Whimsicott|48\/100|[silent]\n|upkeep\n|turn|17\n|\n|t:|1700947582\n|move|p2a: Whimsicott|Protect|p2a: Whimsicott\n|-singleturn|p2a: Whimsicott|Protect\n|move|p1a: MON|Thunderbolt|p2a: Whimsicott\n|-activate|p2a: Whimsicott|move: Protect\n|\n|-heal|p2a: Whimsicott|54\/100|[from] item: Leftovers\n|-damage|p1a: MON|64\/100|[from] Leech Seed|[of] p2a: Whimsicott\n|-heal|p2a: Whimsicott|65\/100|[silent]\n|upkeep\n|turn|18\n|\n|t:|1700947597\n|switch|p2a: Aegislash|Aegislash, F|100\/100\n|-damage|p2a: Aegislash|94\/100|[from] Stealth Rock\n|move|p1a: MON|Rapid Spin|p2a: Aegislash\n|-immune|p2a: Aegislash\n|\n|-damage|p1a: MON|51\/100|[from] Leech Seed|[of] p2a: Aegislash\n|-heal|p2a: Aegislash|100\/100|[silent]\n|upkeep\n|turn|19\n|inactive|guizinh123 has 270 seconds left.\n|\n|t:|1700947630\n|switch|p1a: Goku|Blaziken, M|100\/100\n|-formechange|p2a: Aegislash|Aegislash-Blade||[from] ability: Stance Change\n|move|p2a: Aegislash|Flash Cannon|p1a: Goku\n|-resisted|p1a: Goku\n|-damage|p1a: Goku|61\/100\n|\n|upkeep\n|turn|20\n|\n|t:|1700947643\n|detailschange|p1a: Goku|Blaziken-Mega, M\n|-mega|p1a: Goku|Blaziken|Blazikenite\n|move|p2a: Aegislash|Shadow Sneak|p1a: Goku\n|-damage|p1a: Goku|37\/100\n|move|p1a: Goku|Swords Dance|p1a: Goku\n|-boost|p1a: Goku|atk|2\n|\n|-ability|p1a: Goku|Speed Boost|boost\n|-boost|p1a: Goku|spe|1\n|upkeep\n|turn|21\n|\n|t:|1700947658\n|move|p1a: Goku|Earthquake|p2a: Aegislash\n|-supereffective|p2a: Aegislash\n|-damage|p2a: Aegislash|0 fnt\n|faint|p2a: Aegislash\n|\n|-ability|p1a: Goku|Speed Boost|boost\n|-boost|p1a: Goku|spe|1\n|upkeep\n|\n|t:|1700947666\n|switch|p2a: Carente|Mimikyu, F|100\/100\n|-damage|p2a: Carente|88\/100|[from] Stealth Rock\n|turn|22\n|\n|t:|1700947678\n|move|p1a: Goku|Flare Blitz|p2a: Carente\n|-activate|p2a: Carente|ability: Disguise\n|-damage|p2a: Carente|88\/100\n|-status|p2a: Carente|brn\n|detailschange|p2a: Carente|Mimikyu-Busted, F\n|-damage|p2a: Carente|76\/100 brn|[from] pokemon: Mimikyu-Busted\n|move|p2a: Carente|Shadow Claw|p1a: Goku\n|-damage|p1a: Goku|18\/100\n|\n|-damage|p2a: Carente|70\/100 brn|[from] brn\n|-ability|p1a: Goku|Speed Boost|boost\n|-boost|p1a: Goku|spe|1\n|upkeep\n|turn|23\n|\n|t:|1700947695\n|move|p2a: Carente|Shadow Sneak|p1a: Goku\n|-damage|p1a: Goku|8\/100\n|move|p1a: Goku|Flare Blitz|p2a: Carente\n|-damage|p2a: Carente|0 fnt\n|faint|p2a: Carente\n|-damage|p1a: Goku|0 fnt|[from] Recoil\n|faint|p1a: Goku\n|\n|upkeep\n|\n|t:|1700947710\n|switch|p2a: Lizard|Charizard, M|100\/100\n|switch|p1a: Look mom no hands|Accelgor, M, shiny|100\/100\n|-damage|p2a: Lizard|51\/100|[from] Stealth Rock\n|turn|24\n|\n|t:|1700947721\n|detailschange|p2a: Lizard|Charizard-Mega-X, M\n|-mega|p2a: Lizard|Charizard|Charizardite X\n|move|p1a: Look mom no hands|Yawn|p2a: Lizard\n|-start|p2a: Lizard|move: Yawn|[of] p1a: Look mom no hands\n|move|p2a: Lizard|Flare Blitz|p1a: Look mom no hands\n|-supereffective|p1a: Look mom no hands\n|-enditem|p1a: Look mom no hands|Focus Sash\n|-damage|p1a: Look mom no hands|1\/100\n|-damage|p2a: Lizard|17\/100|[from] Recoil\n|\n|upkeep\n|turn|25\n|\n|t:|1700947735\n|move|p1a: Look mom no hands|Toxic Spikes|p2a: Lizard\n|-sidestart|p2: guizinh123|move: Toxic Spikes\n|move|p2a: Lizard|Dragon Claw|p1a: Look mom no hands\n|-damage|p1a: Look mom no hands|0 fnt\n|faint|p1a: Look mom no hands\n|\n|-end|p2a: Lizard|move: Yawn|[silent]\n|-status|p2a: Lizard|slp\n|upkeep\n|\n|t:|1700947748\n|switch|p1a: Couch|Comfey, F|100\/100\n|turn|26\n|inactive|guizinh123 has 270 seconds left.\n|\n|t:|1700947757\n|cant|p2a: Lizard|slp\n|move|p1a: Couch|Leech Seed|p2a: Lizard\n|-start|p2a: Lizard|move: Leech Seed\n|\n|-damage|p2a: Lizard|5\/100 slp|[from] Leech Seed|[of] p1a: Couch\n|upkeep\n|turn|27\n|\n|t:|1700947766\n|cant|p2a: Lizard|slp\n|move|p1a: Couch|Calm Mind|p1a: Couch\n|-boost|p1a: Couch|spa|1\n|-boost|p1a: Couch|spd|1\n|\n|-damage|p2a: Lizard|0 fnt|[from] Leech Seed|[of] p1a: Couch\n|faint|p2a: Lizard\n|upkeep\n|inactive|guizinh123 has 270 seconds left.\n|\n|t:|1700947781\n|switch|p2a: Zeraora|Zeraora|100\/100\n|-damage|p2a: Zeraora|88\/100|[from] Stealth Rock\n|-status|p2a: Zeraora|psn\n|turn|28\n|\n|t:|1700947790\n|move|p1a: Couch|Draining Kiss|p2a: Zeraora\n|-damage|p2a: Zeraora|50\/100 psn\n|-damage|p1a: Couch|91\/100|[from] item: Life Orb\n|move|p2a: Zeraora|Close Combat|p1a: Couch\n|-resisted|p1a: Couch\n|-damage|p1a: Couch|72\/100\n|-unboost|p2a: Zeraora|def|1\n|-unboost|p2a: Zeraora|spd|1\n|\n|-damage|p2a: Zeraora|38\/100 psn|[from] psn\n|upkeep\n|turn|29\n|\n|t:|1700947802\n|move|p1a: Couch|Draining Kiss|p2a: Zeraora\n|-damage|p2a: Zeraora|0 fnt\n|-heal|p1a: Couch|100\/100|[from] drain|[of] p2a: Zeraora\n|faint|p2a: Zeraora\n|-damage|p1a: Couch|91\/100|[from] item: Life Orb\n|\n|upkeep\n|inactive|guizinh123 has 270 seconds left.\n|\n|t:|1700947812\n|switch|p2a: Whimsicott|Whimsicott, F|65\/100\n|-damage|p2a: Whimsicott|53\/100|[from] Stealth Rock\n|-status|p2a: Whimsicott|psn\n|turn|30\n|\n|t:|1700947826\n|move|p2a: Whimsicott|Leech Seed|p1a: Couch\n|-start|p1a: Couch|move: Leech Seed\n|move|p1a: Couch|Calm Mind|p1a: Couch\n|-boost|p1a: Couch|spa|1\n|-boost|p1a: Couch|spd|1\n|\n|-heal|p2a: Whimsicott|59\/100 psn|[from] item: Leftovers\n|-damage|p1a: Couch|78\/100|[from] Leech Seed|[of] p2a: Whimsicott\n|-heal|p2a: Whimsicott|71\/100 psn|[silent]\n|-damage|p2a: Whimsicott|59\/100 psn|[from] psn\n|upkeep\n|turn|31\n|\n|t:|1700947838\n|move|p2a: Whimsicott|Protect|p2a: Whimsicott\n|-singleturn|p2a: Whimsicott|Protect\n|move|p1a: Couch|Draining Kiss|p2a: Whimsicott\n|-activate|p2a: Whimsicott|move: Protect\n|\n|-heal|p2a: Whimsicott|65\/100 psn|[from] item: Leftovers\n|-damage|p1a: Couch|66\/100|[from] Leech Seed|[of] p2a: Whimsicott\n|-heal|p2a: Whimsicott|76\/100 psn|[silent]\n|-damage|p2a: Whimsicott|64\/100 psn|[from] psn\n|upkeep\n|turn|32\n|\n|t:|1700947852\n|move|p1a: Couch|Draining Kiss|p2a: Whimsicott\n|-damage|p2a: Whimsicott|13\/100 psn\n|-heal|p1a: Couch|100\/100|[from] drain|[of] p2a: Whimsicott\n|-damage|p1a: Couch|91\/100|[from] item: Life Orb\n|move|p2a: Whimsicott|Substitute|p2a: Whimsicott\n|-fail|p2a: Whimsicott|move: Substitute|[weak]\n|\n|-heal|p2a: Whimsicott|19\/100 psn|[from] item: Leftovers\n|-damage|p1a: Couch|78\/100|[from] Leech Seed|[of] p2a: Whimsicott\n|-heal|p2a: Whimsicott|31\/100 psn|[silent]\n|-damage|p2a: Whimsicott|19\/100 psn|[from] psn\n|upkeep\n|turn|33\n|-message|Mister Manhole forfeited.\n|\n|win|guizinh123\n|l|\u2606Mister Manhole\n","uploadtime":1700947869,"views":1,"p1id":"mistermanhole","p2id":"guizinh123","formatid":"gen9nationaldexubers","rating":0,"private":0,"password":""}