{"id":"gen9nationaldexubers-1978627182","p1":"RawwwTuna","p2":"TypeMonoGuy","format":"[Gen 9] National Dex Ubers","log":"|j|\u2606RawwwTuna\n|j|\u2606TypeMonoGuy\n|t:|1698569922\n|gametype|singles\n|player|p1|RawwwTuna|lusamine-nihilego|1061\n|player|p2|TypeMonoGuy|camper|1042\n|teamsize|p1|3\n|teamsize|p2|6\n|gen|9\n|tier|[Gen 9] National Dex Ubers\n|rated|\n|rule|HP Percentage Mod: HP is shown in percentages\n|rule|Endless Battle Clause: Forcing endless battles is banned\n|rule|OHKO Clause: OHKO moves are banned\n|rule|Evasion Moves Clause: Evasion moves are banned\n|rule|Evasion Items Clause: Evasion items are banned\n|rule|Species Clause: Limit one of each Pok\u00e9mon\n|rule|Sleep Clause Mod: Limit one foe put to sleep\n|rule|Mega Rayquaza Clause: You cannot mega evolve Rayquaza\n|clearpoke\n|poke|p1|Deoxys-Attack|\n|poke|p1|Kartana|\n|poke|p1|Cramorant, F|\n|poke|p2|Kangaskhan, F|\n|poke|p2|Porygon-Z|\n|poke|p2|Porygon2|\n|poke|p2|Arboliva, M|\n|poke|p2|Maushold|\n|poke|p2|Dodrio, F|\n|teampreview\n|\n|t:|1698569927\n|start\n|switch|p1a: Cramorant|Cramorant, F|100\/100\n|switch|p2a: Dodrio|Dodrio, F|100\/100\n|turn|1\n|\n|t:|1698569940\n|move|p2a: Dodrio|Pursuit|p1a: Cramorant\n|-damage|p1a: Cramorant|84\/100\n|-damage|p2a: Dodrio|84\/100|[from] item: Rocky Helmet|[of] p1a: Cramorant\n|move|p1a: Cramorant|Stockpile|p1a: Cramorant\n|-start|p1a: Cramorant|stockpile1\n|-boost|p1a: Cramorant|def|1\n|-boost|p1a: Cramorant|spd|1\n|\n|upkeep\n|turn|2\n|\n|t:|1698569952\n|move|p2a: Dodrio|Jump Kick|p1a: Cramorant\n|-resisted|p1a: Cramorant\n|-damage|p1a: Cramorant|70\/100\n|-damage|p2a: Dodrio|67\/100|[from] item: Rocky Helmet|[of] p1a: Cramorant\n|move|p1a: Cramorant|Dive||[still]\n|-formechange|p1a: Cramorant|Cramorant-Gulping|\n|-prepare|p1a: Cramorant|Dive\n|\n|upkeep\n|turn|3\n|\n|t:|1698569961\n|switch|p2a: Arboliva|Arboliva, M|100\/100\n|move|p1a: Cramorant|Dive|p2a: Arboliva|[from]lockedmove\n|-resisted|p2a: Arboliva\n|-damage|p2a: Arboliva|90\/100\n|\n|upkeep\n|turn|4\n|\n|t:|1698569969\n|move|p1a: Cramorant|Roost|p1a: Cramorant\n|-heal|p1a: Cramorant|100\/100\n|-singleturn|p1a: Cramorant|move: Roost\n|move|p2a: Arboliva|Sunny Day|p2a: Arboliva\n|-weather|SunnyDay\n|\n|-weather|SunnyDay|[upkeep]\n|upkeep\n|turn|5\n|\n|t:|1698569979\n|move|p1a: Cramorant|Stockpile|p1a: Cramorant\n|-start|p1a: Cramorant|stockpile2\n|-boost|p1a: Cramorant|def|1\n|-boost|p1a: Cramorant|spd|1\n|move|p2a: Arboliva|Solar Beam||[still]\n|-prepare|p2a: Arboliva|Solar Beam\n|-anim|p2a: Arboliva|Solar Beam|p1a: Cramorant\n|-damage|p1a: Cramorant|71\/100\n|-damage|p2a: Arboliva|65\/100|[from] ability: Gulp Missile|[of] p1a: Cramorant\n|-unboost|p2a: Arboliva|def|1\n|-formechange|p1a: Cramorant|Cramorant|\n|\n|-weather|SunnyDay|[upkeep]\n|upkeep\n|turn|6\n|\n|t:|1698569993\n|move|p1a: Cramorant|Dive||[still]\n|-formechange|p1a: Cramorant|Cramorant-Gulping|\n|-prepare|p1a: Cramorant|Dive\n|move|p2a: Arboliva|Strength Sap|p1a: Cramorant|[miss]\n|-miss|p2a: Arboliva|p1a: Cramorant\n|\n|-weather|SunnyDay|[upkeep]\n|upkeep\n|turn|7\n|\n|t:|1698570002\n|move|p1a: Cramorant|Dive|p2a: Arboliva|[from]lockedmove\n|-resisted|p2a: Arboliva\n|-crit|p2a: Arboliva\n|-damage|p2a: Arboliva|52\/100\n|move|p2a: Arboliva|Strength Sap|p1a: Cramorant\n|-unboost|p1a: Cramorant|atk|1\n|-heal|p2a: Arboliva|100\/100\n|\n|-weather|SunnyDay|[upkeep]\n|upkeep\n|turn|8\n|\n|t:|1698570015\n|move|p1a: Cramorant|Roost|p1a: Cramorant\n|-heal|p1a: Cramorant|100\/100\n|-singleturn|p1a: Cramorant|move: Roost\n|move|p2a: Arboliva|Solar Beam||[still]\n|-prepare|p2a: Arboliva|Solar Beam\n|-anim|p2a: Arboliva|Solar Beam|p1a: Cramorant\n|-supereffective|p1a: Cramorant\n|-damage|p1a: Cramorant|38\/100\n|-damage|p2a: Arboliva|75\/100|[from] ability: Gulp Missile|[of] p1a: Cramorant\n|-unboost|p2a: Arboliva|def|1\n|-formechange|p1a: Cramorant|Cramorant|\n|\n|-weather|none\n|upkeep\n|turn|9\n|\n|t:|1698570029\n|move|p1a: Cramorant|Roost|p1a: Cramorant\n|-heal|p1a: Cramorant|88\/100\n|-singleturn|p1a: Cramorant|move: Roost\n|move|p2a: Arboliva|Sunny Day|p2a: Arboliva\n|-weather|SunnyDay\n|\n|-weather|SunnyDay|[upkeep]\n|upkeep\n|turn|10\n|\n|t:|1698570039\n|move|p1a: Cramorant|Dive||[still]\n|-formechange|p1a: Cramorant|Cramorant-Gulping|\n|-prepare|p1a: Cramorant|Dive\n|move|p2a: Arboliva|Strength Sap|p1a: Cramorant|[miss]\n|-miss|p2a: Arboliva|p1a: Cramorant\n|\n|-weather|SunnyDay|[upkeep]\n|upkeep\n|turn|11\n|\n|t:|1698570046\n|move|p1a: Cramorant|Dive|p2a: Arboliva|[from]lockedmove\n|-resisted|p2a: Arboliva\n|-damage|p2a: Arboliva|68\/100\n|move|p2a: Arboliva|Solar Beam||[still]\n|-prepare|p2a: Arboliva|Solar Beam\n|-anim|p2a: Arboliva|Solar Beam|p1a: Cramorant\n|-damage|p1a: Cramorant|55\/100\n|-damage|p2a: Arboliva|43\/100|[from] ability: Gulp Missile|[of] p1a: Cramorant\n|-unboost|p2a: Arboliva|def|1\n|-formechange|p1a: Cramorant|Cramorant|\n|-enditem|p2a: Arboliva|Sitrus Berry|[eat]\n|-heal|p2a: Arboliva|68\/100|[from] item: Sitrus Berry\n|\n|-weather|SunnyDay|[upkeep]\n|-item|p2a: Arboliva|Sitrus Berry|[from] ability: Harvest\n|upkeep\n|turn|12\n|\n|t:|1698570062\n|move|p1a: Cramorant|Roost|p1a: Cramorant\n|-heal|p1a: Cramorant|100\/100\n|-singleturn|p1a: Cramorant|move: Roost\n|move|p2a: Arboliva|Solar Beam||[still]\n|-prepare|p2a: Arboliva|Solar Beam\n|-anim|p2a: Arboliva|Solar Beam|p1a: Cramorant\n|-supereffective|p1a: Cramorant\n|-damage|p1a: Cramorant|40\/100\n|\n|-weather|SunnyDay|[upkeep]\n|upkeep\n|turn|13\n|\n|t:|1698570073\n|move|p1a: Cramorant|Dive||[still]\n|-formechange|p1a: Cramorant|Cramorant-Gorging|\n|-prepare|p1a: Cramorant|Dive\n|move|p2a: Arboliva|Solar Beam||[still]\n|-prepare|p2a: Arboliva|Solar Beam\n|-anim|p2a: Arboliva|Solar Beam|p1a: Cramorant|[miss]\n|-miss|p2a: Arboliva|p1a: Cramorant\n|\n|-weather|none\n|upkeep\n|turn|14\n|\n|t:|1698570083\n|move|p1a: Cramorant|Dive|p2a: Arboliva|[from]lockedmove\n|-resisted|p2a: Arboliva\n|-damage|p2a: Arboliva|47\/100\n|-enditem|p2a: Arboliva|Sitrus Berry|[eat]\n|-heal|p2a: Arboliva|72\/100|[from] item: Sitrus Berry\n|move|p2a: Arboliva|Sunny Day|p2a: Arboliva\n|-weather|SunnyDay\n|\n|-weather|SunnyDay|[upkeep]\n|-item|p2a: Arboliva|Sitrus Berry|[from] ability: Harvest\n|upkeep\n|turn|15\n|\n|t:|1698570098\n|switch|p2a: Porygon-Z|Porygon-Z|100\/100\n|move|p1a: Cramorant|Roost|p1a: Cramorant\n|-heal|p1a: Cramorant|90\/100\n|-singleturn|p1a: Cramorant|move: Roost\n|\n|-weather|SunnyDay|[upkeep]\n|upkeep\n|turn|16\n|\n|t:|1698570108\n|move|p2a: Porygon-Z|Thunderbolt|p1a: Cramorant\n|-supereffective|p1a: Cramorant\n|-damage|p1a: Cramorant|5\/100\n|-damage|p2a: Porygon-Z|76\/100|[from] ability: Gulp Missile|[of] p1a: Cramorant\n|-status|p2a: Porygon-Z|par\n|-formechange|p1a: Cramorant|Cramorant|\n|move|p1a: Cramorant|Stockpile|p1a: Cramorant\n|-start|p1a: Cramorant|stockpile3\n|-boost|p1a: Cramorant|def|1\n|-boost|p1a: Cramorant|spd|1\n|\n|-weather|SunnyDay|[upkeep]\n|upkeep\n|turn|17\n|\n|t:|1698570122\n|move|p1a: Cramorant|Dive||[still]\n|-formechange|p1a: Cramorant|Cramorant-Gorging|\n|-prepare|p1a: Cramorant|Dive\n|cant|p2a: Porygon-Z|par\n|\n|-weather|SunnyDay|[upkeep]\n|upkeep\n|turn|18\n|\n|t:|1698570128\n|move|p1a: Cramorant|Dive|p2a: Porygon-Z|[from]lockedmove\n|-damage|p2a: Porygon-Z|65\/100 par\n|move|p2a: Porygon-Z|Nasty Plot|p2a: Porygon-Z\n|-boost|p2a: Porygon-Z|spa|2\n|\n|-weather|none\n|upkeep\n|turn|19\n|\n|t:|1698570142\n|move|p1a: Cramorant|Dive||[still]\n|-prepare|p1a: Cramorant|Dive\n|move|p2a: Porygon-Z|Shadow Ball|p1a: Cramorant|[miss]\n|-miss|p2a: Porygon-Z|p1a: Cramorant\n|\n|upkeep\n|turn|20\n|\n|t:|1698570148\n|move|p1a: Cramorant|Dive|p2a: Porygon-Z|[from]lockedmove\n|-damage|p2a: Porygon-Z|44\/100 par\n|cant|p2a: Porygon-Z|par\n|\n|upkeep\n|turn|21\n|\n|t:|1698570156\n|move|p1a: Cramorant|Dive||[still]\n|-prepare|p1a: Cramorant|Dive\n|move|p2a: Porygon-Z|Nasty Plot|p2a: Porygon-Z\n|-boost|p2a: Porygon-Z|spa|2\n|\n|upkeep\n|turn|22\n|\n|t:|1698570162\n|move|p1a: Cramorant|Dive|p2a: Porygon-Z|[from]lockedmove\n|-damage|p2a: Porygon-Z|23\/100 par\n|cant|p2a: Porygon-Z|par\n|\n|upkeep\n|turn|23\n|\n|t:|1698570173\n|move|p1a: Cramorant|Dive||[still]\n|-prepare|p1a: Cramorant|Dive\n|cant|p2a: Porygon-Z|par\n|\n|upkeep\n|turn|24\n|\n|t:|1698570177\n|move|p1a: Cramorant|Dive|p2a: Porygon-Z|[from]lockedmove\n|-damage|p2a: Porygon-Z|0 fnt\n|faint|p2a: Porygon-Z\n|\n|upkeep\n|\n|t:|1698570184\n|switch|p2a: Maushold|Maushold|100\/100\n|turn|25\n|\n|t:|1698570193\n|move|p2a: Maushold|Tidy Up|p2a: Maushold\n|-boost|p2a: Maushold|atk|1\n|-boost|p2a: Maushold|spe|1\n|move|p1a: Cramorant|Dive||[still]\n|-prepare|p1a: Cramorant|Dive\n|\n|upkeep\n|turn|26\n|\n|t:|1698570205\n|move|p2a: Maushold|Population Bomb|p1a: Cramorant|[miss]\n|-miss|p2a: Maushold|p1a: Cramorant\n|move|p1a: Cramorant|Dive|p2a: Maushold|[from]lockedmove\n|-damage|p2a: Maushold|81\/100\n|\n|upkeep\n|turn|27\n|\n|t:|1698570212\n|move|p2a: Maushold|Tidy Up|p2a: Maushold\n|-boost|p2a: Maushold|atk|1\n|-boost|p2a: Maushold|spe|1\n|move|p1a: Cramorant|Roost|p1a: Cramorant\n|-heal|p1a: Cramorant|55\/100\n|-singleturn|p1a: Cramorant|move: Roost\n|\n|upkeep\n|turn|28\n|\n|t:|1698570220\n|move|p2a: Maushold|Tidy Up|p2a: Maushold\n|-boost|p2a: Maushold|atk|1\n|-boost|p2a: Maushold|spe|1\n|move|p1a: Cramorant|Dive||[still]\n|-prepare|p1a: Cramorant|Dive\n|\n|upkeep\n|turn|29\n|\n|t:|1698570228\n|move|p2a: Maushold|Tidy Up|p2a: Maushold\n|-boost|p2a: Maushold|atk|1\n|-boost|p2a: Maushold|spe|1\n|move|p1a: Cramorant|Dive|p2a: Maushold|[from]lockedmove\n|-damage|p2a: Maushold|60\/100\n|\n|upkeep\n|turn|30\n|\n|t:|1698570235\n|move|p2a: Maushold|Population Bomb|p1a: Cramorant\n|-damage|p1a: Cramorant|40\/100\n|-damage|p2a: Maushold|43\/100|[from] item: Rocky Helmet|[of] p1a: Cramorant\n|-damage|p2a: Maushold|18\/100|[from] ability: Gulp Missile|[of] p1a: Cramorant\n|-status|p2a: Maushold|par\n|-formechange|p1a: Cramorant|Cramorant|\n|-enditem|p2a: Maushold|Sitrus Berry|[eat]\n|-heal|p2a: Maushold|43\/100 par|[from] item: Sitrus Berry\n|-hitcount|p1a: Cramorant|1\n|move|p1a: Cramorant|Dive||[still]\n|-formechange|p1a: Cramorant|Cramorant-Gorging|\n|-prepare|p1a: Cramorant|Dive\n|\n|upkeep\n|turn|31\n|\n|t:|1698570257\n|move|p2a: Maushold|Tidy Up|p2a: Maushold\n|-boost|p2a: Maushold|atk|1\n|-boost|p2a: Maushold|spe|1\n|move|p1a: Cramorant|Dive|p2a: Maushold|[from]lockedmove\n|-damage|p2a: Maushold|23\/100 par\n|\n|upkeep\n|turn|32\n|\n|t:|1698570263\n|cant|p2a: Maushold|par\n|move|p1a: Cramorant|Dive||[still]\n|-prepare|p1a: Cramorant|Dive\n|\n|upkeep\n|turn|33\n|\n|t:|1698570274\n|cant|p2a: Maushold|par\n|move|p1a: Cramorant|Dive|p2a: Maushold|[from]lockedmove\n|-damage|p2a: Maushold|3\/100 par\n|\n|upkeep\n|turn|34\n|\n|t:|1698570280\n|move|p2a: Maushold|Thief|p1a: Cramorant\n|-damage|p1a: Cramorant|5\/100\n|-damage|p2a: Maushold|0 fnt|[from] item: Rocky Helmet|[of] p1a: Cramorant\n|faint|p2a: Maushold\n|move|p1a: Cramorant|Dive||[still]\n|-prepare|p1a: Cramorant|Dive\n|\n|upkeep\n|\n|t:|1698570287\n|switch|p2a: Arboliva|Arboliva, M|72\/100\n|turn|35\n|\n|t:|1698570290\n|move|p1a: Cramorant|Dive|p2a: Arboliva|[from]lockedmove\n|-resisted|p2a: Arboliva\n|-damage|p2a: Arboliva|64\/100\n|move|p2a: Arboliva|Solar Beam||[still]\n|-prepare|p2a: Arboliva|Solar Beam\n|\n|upkeep\n|turn|36\n|\n|t:|1698570301\n|-terastallize|p1a: Cramorant|Flying\n|move|p1a: Cramorant|Roost|p1a: Cramorant\n|-heal|p1a: Cramorant|55\/100\n|-hint|If a Flying Terastallized Pokemon uses Roost, it remains Flying-type.\n|move|p2a: Arboliva|Solar Beam|p1a: Cramorant|[from]lockedmove\n|-resisted|p1a: Cramorant\n|-damage|p1a: Cramorant|42\/100\n|-damage|p2a: Arboliva|39\/100|[from] ability: Gulp Missile|[of] p1a: Cramorant\n|-status|p2a: Arboliva|par\n|-formechange|p1a: Cramorant|Cramorant|\n|-enditem|p2a: Arboliva|Sitrus Berry|[eat]\n|-heal|p2a: Arboliva|64\/100 par|[from] item: Sitrus Berry\n|\n|upkeep\n|turn|37\n|\n|t:|1698570314\n|move|p1a: Cramorant|Roost|p1a: Cramorant\n|-heal|p1a: Cramorant|92\/100\n|-hint|If a Flying Terastallized Pokemon uses Roost, it remains Flying-type.\n|move|p2a: Arboliva|Sunny Day|p2a: Arboliva\n|-weather|SunnyDay\n|\n|-weather|SunnyDay|[upkeep]\n|-item|p2a: Arboliva|Sitrus Berry|[from] ability: Harvest\n|upkeep\n|turn|38\n|\n|t:|1698570325\n|move|p1a: Cramorant|Drill Peck|p2a: Arboliva\n|-supereffective|p2a: Arboliva\n|-damage|p2a: Arboliva|18\/100 par\n|-enditem|p2a: Arboliva|Sitrus Berry|[eat]\n|-heal|p2a: Arboliva|43\/100 par|[from] item: Sitrus Berry\n|move|p2a: Arboliva|Tera Blast|p1a: Cramorant\n|-damage|p1a: Cramorant|76\/100\n|\n|-weather|SunnyDay|[upkeep]\n|-item|p2a: Arboliva|Sitrus Berry|[from] ability: Harvest\n|upkeep\n|-enditem|p2a: Arboliva|Sitrus Berry|[eat]\n|-heal|p2a: Arboliva|68\/100 par|[from] item: Sitrus Berry\n|turn|39\n|\n|t:|1698570338\n|move|p1a: Cramorant|Dive||[still]\n|-formechange|p1a: Cramorant|Cramorant-Gulping|\n|-prepare|p1a: Cramorant|Dive\n|move|p2a: Arboliva|Strength Sap|p1a: Cramorant|[miss]\n|-miss|p2a: Arboliva|p1a: Cramorant\n|\n|-weather|SunnyDay|[upkeep]\n|-item|p2a: Arboliva|Sitrus Berry|[from] ability: Harvest\n|upkeep\n|turn|40\n|\n|t:|1698570348\n|move|p1a: Cramorant|Dive|p2a: Arboliva|[from]lockedmove\n|-resisted|p2a: Arboliva\n|-damage|p2a: Arboliva|64\/100 par\n|move|p2a: Arboliva|Strength Sap|p1a: Cramorant\n|-unboost|p1a: Cramorant|atk|1\n|-heal|p2a: Arboliva|100\/100 par\n|\n|-weather|SunnyDay|[upkeep]\n|upkeep\n|turn|41\n|\n|t:|1698570366\n|switch|p2a: Kangaskhan|Kangaskhan, F|100\/100\n|move|p1a: Cramorant|Drill Peck|p2a: Kangaskhan\n|-damage|p2a: Kangaskhan|84\/100\n|\n|-weather|none\n|upkeep\n|turn|42\n|\n|t:|1698570376\n|move|p2a: Kangaskhan|Focus Energy|p2a: Kangaskhan\n|-start|p2a: Kangaskhan|move: Focus Energy\n|move|p1a: Cramorant|Drill Peck|p2a: Kangaskhan\n|-damage|p2a: Kangaskhan|68\/100\n|\n|upkeep\n|turn|43\n|\n|t:|1698570393\n|detailschange|p2a: Kangaskhan|Kangaskhan-Mega, F\n|-mega|p2a: Kangaskhan|Kangaskhan|Kangaskhanite\n|move|p2a: Kangaskhan|Beat Up|p1a: Cramorant\n|-damage|p1a: Cramorant|73\/100\n|-damage|p2a: Kangaskhan|43\/100|[from] ability: Gulp Missile|[of] p1a: Cramorant\n|-unboost|p2a: Kangaskhan|def|1\n|-formechange|p1a: Cramorant|Cramorant|\n|-crit|p1a: Cramorant\n|-damage|p1a: Cramorant|64\/100\n|-crit|p1a: Cramorant\n|-damage|p1a: Cramorant|53\/100\n|-hitcount|p1a: Cramorant|3\n|move|p1a: Cramorant|Drill Peck|p2a: Kangaskhan\n|-damage|p2a: Kangaskhan|23\/100\n|\n|upkeep\n|turn|44\n|\n|t:|1698570408\n|move|p2a: Kangaskhan|Power-Up Punch|p1a: Cramorant\n|-resisted|p1a: Cramorant\n|-crit|p1a: Cramorant\n|-damage|p1a: Cramorant|41\/100\n|-boost|p2a: Kangaskhan|atk|1\n|-damage|p2a: Kangaskhan|6\/100|[from] item: Rocky Helmet|[of] p1a: Cramorant\n|-resisted|p1a: Cramorant\n|-crit|p1a: Cramorant\n|-damage|p1a: Cramorant|36\/100\n|-boost|p2a: Kangaskhan|atk|1\n|-damage|p2a: Kangaskhan|0 fnt|[from] item: Rocky Helmet|[of] p1a: Cramorant\n|faint|p2a: Kangaskhan\n|-hitcount|p1a: Cramorant|2\n|move|p1a: Cramorant|Dive||[still]\n|-formechange|p1a: Cramorant|Cramorant-Gorging|\n|-prepare|p1a: Cramorant|Dive\n|\n|upkeep\n|\n|t:|1698570428\n|switch|p2a: Dodrio|Dodrio, F|67\/100\n|turn|45\n|\n|t:|1698570440\n|move|p2a: Dodrio|Pursuit|p1a: Cramorant|[miss]\n|-miss|p2a: Dodrio|p1a: Cramorant\n|move|p1a: Cramorant|Dive|p2a: Dodrio|[from]lockedmove\n|-damage|p2a: Dodrio|50\/100\n|\n|upkeep\n|turn|46\n|\n|t:|1698570450\n|move|p2a: Dodrio|Pursuit|p1a: Cramorant\n|-damage|p1a: Cramorant|30\/100\n|-damage|p2a: Dodrio|33\/100|[from] item: Rocky Helmet|[of] p1a: Cramorant\n|-damage|p2a: Dodrio|8\/100|[from] ability: Gulp Missile|[of] p1a: Cramorant\n|-status|p2a: Dodrio|par\n|-formechange|p1a: Cramorant|Cramorant|\n|move|p1a: Cramorant|Drill Peck|p2a: Dodrio\n|-damage|p2a: Dodrio|0 fnt\n|faint|p2a: Dodrio\n|\n|upkeep\n|\n|t:|1698570461\n|switch|p2a: Arboliva|Arboliva, M|100\/100 par\n|turn|47\n|\n|t:|1698570466\n|move|p1a: Cramorant|Dive||[still]\n|-formechange|p1a: Cramorant|Cramorant-Gorging|\n|-prepare|p1a: Cramorant|Dive\n|move|p2a: Arboliva|Sunny Day|p2a: Arboliva\n|-weather|SunnyDay\n|\n|-weather|SunnyDay|[upkeep]\n|upkeep\n|turn|48\n|\n|t:|1698570476\n|move|p1a: Cramorant|Dive|p2a: Arboliva|[from]lockedmove\n|-resisted|p2a: Arboliva\n|-damage|p2a: Arboliva|98\/100 par\n|move|p2a: Arboliva|Solar Beam||[still]\n|-prepare|p2a: Arboliva|Solar Beam\n|-anim|p2a: Arboliva|Solar Beam|p1a: Cramorant\n|-resisted|p1a: Cramorant\n|-damage|p1a: Cramorant|17\/100\n|-damage|p2a: Arboliva|73\/100 par|[from] ability: Gulp Missile|[of] p1a: Cramorant\n|-formechange|p1a: Cramorant|Cramorant|\n|\n|-weather|SunnyDay|[upkeep]\n|upkeep\n|turn|49\n|\n|t:|1698570489\n|move|p1a: Cramorant|Drill Peck|p2a: Arboliva\n|-supereffective|p2a: Arboliva\n|-damage|p2a: Arboliva|42\/100 par\n|-enditem|p2a: Arboliva|Sitrus Berry|[eat]\n|-heal|p2a: Arboliva|67\/100 par|[from] item: Sitrus Berry\n|move|p2a: Arboliva|Solar Beam||[still]\n|-prepare|p2a: Arboliva|Solar Beam\n|-anim|p2a: Arboliva|Solar Beam|p1a: Cramorant\n|-resisted|p1a: Cramorant\n|-damage|p1a: Cramorant|4\/100\n|\n|-weather|SunnyDay|[upkeep]\n|-item|p2a: Arboliva|Sitrus Berry|[from] ability: Harvest\n|upkeep\n|turn|50\n|\n|t:|1698570502\n|switch|p2a: Porygon2|Porygon2|100\/100\n|-ability|p2a: Porygon2|Download|boost\n|-boost|p2a: Porygon2|atk|1\n|move|p1a: Cramorant|Drill Peck|p2a: Porygon2\n|-damage|p2a: Porygon2|89\/100\n|\n|-weather|SunnyDay|[upkeep]\n|upkeep\n|turn|51\n|\n|t:|1698570516\n|move|p1a: Cramorant|Drill Peck|p2a: Porygon2\n|-damage|p2a: Porygon2|78\/100\n|move|p2a: Porygon2|Tri Attack|p1a: Cramorant\n|-damage|p1a: Cramorant|0 fnt\n|faint|p1a: Cramorant\n|\n|-weather|none\n|upkeep\n|\n|t:|1698570523\n|switch|p1a: Kartana|Kartana|100\/100\n|turn|52\n|\n|t:|1698570534\n|move|p1a: Kartana|Sacred Sword|p2a: Porygon2\n|-supereffective|p2a: Porygon2\n|-damage|p2a: Porygon2|26\/100\n|move|p2a: Porygon2|Tri Attack|p1a: Kartana\n|-resisted|p1a: Kartana\n|-damage|p1a: Kartana|50\/100\n|\n|upkeep\n|turn|53\n|\n|t:|1698570545\n|move|p1a: Kartana|Sacred Sword|p2a: Porygon2\n|-supereffective|p2a: Porygon2\n|-damage|p2a: Porygon2|0 fnt\n|faint|p2a: Porygon2\n|-ability|p1a: Kartana|Beast Boost|boost\n|-boost|p1a: Kartana|atk|1\n|\n|upkeep\n|\n|t:|1698570552\n|switch|p2a: Arboliva|Arboliva, M|67\/100 par\n|turn|54\n|\n|t:|1698570557\n|move|p1a: Kartana|Sacred Sword|p2a: Arboliva\n|-supereffective|p2a: Arboliva\n|-damage|p2a: Arboliva|0 fnt\n|faint|p2a: Arboliva\n|\n|win|RawwwTuna\n|raw|RawwwTuna's rating: 1061 &rarr; <strong>1090<\/strong><br \/>(+29 for winning)\n|raw|TypeMonoGuy's rating: 1042 &rarr; <strong>1027<\/strong><br \/>(-15 for losing)\n|c|\u2606TypeMonoGuy|gg\n|c|\u2606RawwwTuna|gg\n|c|\u2606RawwwTuna|wp\n|c|\u2606TypeMonoGuy|thx you too\n|c|\u2606RawwwTuna|:D\n|c|\u2606RawwwTuna|thx\n|c|\u2606TypeMonoGuy|np\n|l|\u2606TypeMonoGuy\n","uploadtime":1698571921,"views":11,"p1id":"rawwwtuna","p2id":"typemonoguy","formatid":"gen9nationaldexubers","rating":1027,"private":0,"password":""}