{"id":"gen9nationaldexubers-1992859910","p1":"JustMonika_CARR","p2":"bugmonobestmono","format":"[Gen 9] National Dex Ubers","log":"|j|\u2606JustMonika_CARR\n|j|\u2606bugmonobestmono\n|t:|1700241688\n|gametype|singles\n|player|p1|JustMonika_CARR|rosa|1388\n|player|p2|bugmonobestmono|bugcatcher-gen4dp|1351\n|teamsize|p1|6\n|teamsize|p2|6\n|gen|9\n|tier|[Gen 9] National Dex Ubers\n|rated|\n|rule|HP Percentage Mod: HP is shown in percentages\n|rule|Endless Battle Clause: Forcing endless battles is banned\n|rule|OHKO Clause: OHKO moves are banned\n|rule|Evasion Moves Clause: Evasion moves are banned\n|rule|Evasion Items Clause: Evasion items are banned\n|rule|Species Clause: Limit one of each Pok\u00e9mon\n|rule|Sleep Clause Mod: Limit one foe put to sleep\n|rule|Mega Rayquaza Clause: You cannot mega evolve Rayquaza\n|clearpoke\n|poke|p1|Blaziken, M|\n|poke|p1|Pheromosa|\n|poke|p1|Gothitelle, F|\n|poke|p1|Deoxys-Speed|\n|poke|p1|Shuckle, M|\n|poke|p1|Durant, F|\n|poke|p2|Pheromosa|\n|poke|p2|Genesect-Douse|\n|poke|p2|Ribombee, M|\n|poke|p2|Arceus-Bug|\n|poke|p2|Volcarona, M|\n|poke|p2|Scizor, M|\n|teampreview\n|inactive|Battle timer is ON: inactive players will automatically lose when time's up. (requested by bugmonobestmono)\n|c|\u2606bugmonobestmono|glhf\n|\n|t:|1700241696\n|start\n|switch|p1a: Deoxys|Deoxys-Speed, shiny|100\/100\n|switch|p2a: Arceus|Arceus-Bug|100\/100\n|-ability|p1a: Deoxys|Pressure\n|turn|1\n|\n|t:|1700241706\n|move|p1a: Deoxys|Light Screen|p1a: Deoxys\n|-sidestart|p1: JustMonika_CARR|move: Light Screen\n|move|p2a: Arceus|Judgment|p1a: Deoxys\n|-supereffective|p1a: Deoxys\n|-damage|p1a: Deoxys|45\/100\n|\n|upkeep\n|turn|2\n|\n|t:|1700241712\n|move|p1a: Deoxys|Stealth Rock|p2a: Arceus\n|-sidestart|p2: bugmonobestmono|move: Stealth Rock\n|move|p2a: Arceus|Defog|p1a: Deoxys\n|-unboost|p1a: Deoxys|evasion|1\n|-sideend|p1: JustMonika_CARR|move: Light Screen\n|-sideend|p2: bugmonobestmono|Stealth Rock|[from] move: Defog|[of] p2a: Arceus\n|\n|upkeep\n|turn|3\n|\n|t:|1700241719\n|move|p1a: Deoxys|Stealth Rock|p2a: Arceus\n|-sidestart|p2: bugmonobestmono|move: Stealth Rock\n|move|p2a: Arceus|Judgment|p1a: Deoxys\n|-supereffective|p1a: Deoxys\n|-damage|p1a: Deoxys|0 fnt\n|faint|p1a: Deoxys\n|\n|upkeep\n|\n|t:|1700241731\n|switch|p1a: Shuckle|Shuckle, M, shiny|100\/100\n|turn|4\n|\n|t:|1700241734\n|move|p2a: Arceus|Judgment|p1a: Shuckle\n|-damage|p1a: Shuckle|68\/100\n|move|p1a: Shuckle|Infestation|p2a: Arceus\n|-damage|p2a: Arceus|99\/100\n|-activate|p2a: Arceus|move: Infestation|[of] p1a: Shuckle\n|\n|-damage|p2a: Arceus|87\/100|[from] move: Infestation|[partiallytrapped]\n|upkeep\n|turn|5\n|\n|t:|1700241744\n|move|p2a: Arceus|Judgment|p1a: Shuckle\n|-damage|p1a: Shuckle|38\/100\n|move|p1a: Shuckle|Shell Smash|p1a: Shuckle\n|-boost|p1a: Shuckle|def|1\n|-boost|p1a: Shuckle|spd|1\n|-unboost|p1a: Shuckle|atk|2\n|-unboost|p1a: Shuckle|spa|2\n|-unboost|p1a: Shuckle|spe|2\n|\n|-damage|p2a: Arceus|75\/100|[from] move: Infestation|[partiallytrapped]\n|upkeep\n|turn|6\n|\n|t:|1700241755\n|move|p2a: Arceus|Judgment|p1a: Shuckle\n|-damage|p1a: Shuckle|19\/100\n|move|p1a: Shuckle|Rest|p1a: Shuckle\n|-status|p1a: Shuckle|slp|[from] move: Rest\n|-heal|p1a: Shuckle|100\/100 slp|[silent]\n|-enditem|p1a: Shuckle|Chesto Berry|[eat]\n|-curestatus|p1a: Shuckle|slp|[msg]\n|\n|-damage|p2a: Arceus|62\/100|[from] move: Infestation|[partiallytrapped]\n|upkeep\n|turn|7\n|\n|t:|1700241766\n|move|p2a: Arceus|Defog|p1a: Shuckle\n|-boost|p1a: Shuckle|evasion|1\n|-sideend|p2: bugmonobestmono|Stealth Rock|[from] move: Defog|[of] p2a: Arceus\n|move|p1a: Shuckle|Shell Smash|p1a: Shuckle\n|-boost|p1a: Shuckle|def|1\n|-boost|p1a: Shuckle|spd|1\n|-unboost|p1a: Shuckle|atk|2\n|-unboost|p1a: Shuckle|spa|2\n|-unboost|p1a: Shuckle|spe|2\n|\n|-damage|p2a: Arceus|50\/100|[from] move: Infestation|[partiallytrapped]\n|upkeep\n|turn|8\n|\n|t:|1700241777\n|move|p2a: Arceus|Recover|p2a: Arceus\n|-heal|p2a: Arceus|99\/100\n|move|p1a: Shuckle|Toxic|p2a: Arceus\n|-status|p2a: Arceus|tox\n|\n|-damage|p2a: Arceus|94\/100 tox|[from] psn\n|-damage|p2a: Arceus|82\/100 tox|[from] move: Infestation|[partiallytrapped]\n|upkeep\n|turn|9\n|\n|t:|1700241787\n|move|p2a: Arceus|Judgment|p1a: Shuckle\n|-damage|p1a: Shuckle|86\/100\n|move|p1a: Shuckle|Shell Smash|p1a: Shuckle\n|-boost|p1a: Shuckle|def|1\n|-boost|p1a: Shuckle|spd|1\n|-unboost|p1a: Shuckle|atk|2\n|-unboost|p1a: Shuckle|spa|2\n|-unboost|p1a: Shuckle|spe|2\n|\n|-damage|p2a: Arceus|69\/100 tox|[from] psn\n|-end|p2a: Arceus|Infestation|[partiallytrapped]\n|upkeep\n|turn|10\n|\n|t:|1700241798\n|switch|p2a: Ribombee|Ribombee, M|100\/100\n|move|p1a: Shuckle|Infestation|p2a: Ribombee\n|-resisted|p2a: Ribombee\n|-damage|p2a: Ribombee|99\/100\n|-activate|p2a: Ribombee|move: Infestation|[of] p1a: Shuckle\n|\n|-damage|p2a: Ribombee|88\/100|[from] move: Infestation|[partiallytrapped]\n|upkeep\n|turn|11\n|\n|t:|1700241807\n|move|p2a: Ribombee|Skill Swap|p1a: Shuckle\n|-activate|p2a: Ribombee|move: Skill Swap|Contrary|Shield Dust|[of] p1a: Shuckle\n|move|p1a: Shuckle|Toxic|p2a: Ribombee\n|-status|p2a: Ribombee|tox\n|\n|-damage|p2a: Ribombee|82\/100 tox|[from] psn\n|-damage|p2a: Ribombee|70\/100 tox|[from] move: Infestation|[partiallytrapped]\n|upkeep\n|turn|12\n|\n|t:|1700241820\n|move|p2a: Ribombee|Sticky Web|p1a: Shuckle\n|-sidestart|p1: JustMonika_CARR|move: Sticky Web\n|move|p1a: Shuckle|Infestation|p2a: Ribombee\n|-resisted|p2a: Ribombee\n|-damage|p2a: Ribombee|69\/100 tox\n|\n|-damage|p2a: Ribombee|57\/100 tox|[from] psn\n|-damage|p2a: Ribombee|44\/100 tox|[from] move: Infestation|[partiallytrapped]\n|upkeep\n|turn|13\n|\n|t:|1700241829\n|move|p2a: Ribombee|Stun Spore|p1a: Shuckle\n|-status|p1a: Shuckle|par\n|move|p1a: Shuckle|Infestation|p2a: Ribombee\n|-resisted|p2a: Ribombee\n|-damage|p2a: Ribombee|44\/100 tox\n|\n|-damage|p2a: Ribombee|26\/100 tox|[from] psn\n|-damage|p2a: Ribombee|13\/100 tox|[from] move: Infestation|[partiallytrapped]\n|upkeep\n|turn|14\n|\n|t:|1700241838\n|move|p2a: Ribombee|Moonblast|p1a: Shuckle|[miss]\n|-miss|p2a: Ribombee|p1a: Shuckle\n|cant|p1a: Shuckle|par\n|\n|-damage|p2a: Ribombee|0 fnt|[from] psn\n|faint|p2a: Ribombee\n|upkeep\n|\n|t:|1700241840\n|switch|p2a: Genesect|Genesect-Douse|100\/100\n|-ability|p2a: Genesect|Download|boost\n|-boost|p2a: Genesect|spa|1\n|turn|15\n|\n|t:|1700241852\n|-terastallize|p2a: Genesect|Water\n|move|p2a: Genesect|Techno Blast|p1a: Shuckle\n|-supereffective|p1a: Shuckle\n|-damage|p1a: Shuckle|44\/100 par\n|move|p1a: Shuckle|Infestation|p2a: Genesect\n|-damage|p2a: Genesect|99\/100\n|-activate|p2a: Genesect|move: Infestation|[of] p1a: Shuckle\n|\n|-damage|p2a: Genesect|87\/100|[from] move: Infestation|[partiallytrapped]\n|upkeep\n|turn|16\n|\n|t:|1700241871\n|-terastallize|p1a: Shuckle|Steel\n|move|p2a: Genesect|Techno Blast|p1a: Shuckle|[miss]\n|-miss|p2a: Genesect|p1a: Shuckle\n|cant|p1a: Shuckle|par\n|\n|-damage|p2a: Genesect|75\/100|[from] move: Infestation|[partiallytrapped]\n|upkeep\n|turn|17\n|\n|t:|1700241881\n|move|p2a: Genesect|Techno Blast|p1a: Shuckle\n|-damage|p1a: Shuckle|23\/100 par\n|cant|p1a: Shuckle|par\n|\n|-damage|p2a: Genesect|62\/100|[from] move: Infestation|[partiallytrapped]\n|upkeep\n|turn|18\n|\n|t:|1700241889\n|move|p2a: Genesect|Flamethrower|p1a: Shuckle\n|-supereffective|p1a: Shuckle\n|-damage|p1a: Shuckle|1\/100 par\n|move|p1a: Shuckle|Rest|p1a: Shuckle\n|-status|p1a: Shuckle|slp|[from] move: Rest\n|-heal|p1a: Shuckle|100\/100 slp|[silent]\n|\n|-damage|p2a: Genesect|50\/100|[from] move: Infestation|[partiallytrapped]\n|upkeep\n|turn|19\n|\n|t:|1700241900\n|move|p2a: Genesect|Techno Blast|p1a: Shuckle\n|-damage|p1a: Shuckle|77\/100 slp\n|cant|p1a: Shuckle|slp\n|\n|-end|p2a: Genesect|Infestation|[partiallytrapped]\n|upkeep\n|turn|20\n|\n|t:|1700241908\n|switch|p2a: Volcarona|Volcarona, M|100\/100\n|cant|p1a: Shuckle|slp\n|\n|upkeep\n|turn|21\n|\n|t:|1700241914\n|move|p2a: Volcarona|Quiver Dance|p2a: Volcarona\n|-boost|p2a: Volcarona|spa|1\n|-boost|p2a: Volcarona|spd|1\n|-boost|p2a: Volcarona|spe|1\n|-curestatus|p1a: Shuckle|slp|[msg]\n|move|p1a: Shuckle|Toxic|p2a: Volcarona\n|-status|p2a: Volcarona|tox\n|\n|-damage|p2a: Volcarona|94\/100 tox|[from] psn\n|upkeep\n|turn|22\n|\n|t:|1700241926\n|move|p2a: Volcarona|Fire Blast|p1a: Shuckle|[miss]\n|-miss|p2a: Volcarona|p1a: Shuckle\n|move|p1a: Shuckle|Infestation|p2a: Volcarona\n|-resisted|p2a: Volcarona\n|-damage|p2a: Volcarona|94\/100 tox\n|-activate|p2a: Volcarona|move: Infestation|[of] p1a: Shuckle\n|\n|-damage|p2a: Volcarona|82\/100 tox|[from] psn\n|-damage|p2a: Volcarona|70\/100 tox|[from] move: Infestation|[partiallytrapped]\n|upkeep\n|turn|23\n|\n|t:|1700241940\n|move|p2a: Volcarona|Fire Blast|p1a: Shuckle\n|-supereffective|p1a: Shuckle\n|-damage|p1a: Shuckle|29\/100\n|move|p1a: Shuckle|Rest|p1a: Shuckle\n|-status|p1a: Shuckle|slp|[from] move: Rest\n|-heal|p1a: Shuckle|100\/100 slp|[silent]\n|\n|-damage|p2a: Volcarona|51\/100 tox|[from] psn\n|-damage|p2a: Volcarona|39\/100 tox|[from] move: Infestation|[partiallytrapped]\n|upkeep\n|turn|24\n|\n|t:|1700241952\n|move|p2a: Volcarona|Fire Blast|p1a: Shuckle\n|-supereffective|p1a: Shuckle\n|-damage|p1a: Shuckle|49\/100 slp\n|cant|p1a: Shuckle|slp\n|\n|-damage|p2a: Volcarona|15\/100 tox|[from] psn\n|-damage|p2a: Volcarona|2\/100 tox|[from] move: Infestation|[partiallytrapped]\n|upkeep\n|turn|25\n|\n|t:|1700241966\n|move|p2a: Volcarona|Fire Blast|p1a: Shuckle|[miss]\n|-miss|p2a: Volcarona|p1a: Shuckle\n|cant|p1a: Shuckle|slp\n|\n|-damage|p2a: Volcarona|0 fnt|[from] psn\n|faint|p2a: Volcarona\n|upkeep\n|\n|t:|1700241968\n|switch|p2a: Pheromosa|Pheromosa|100\/100\n|turn|26\n|\n|t:|1700241979\n|move|p2a: Pheromosa|High Jump Kick|p1a: Shuckle\n|-supereffective|p1a: Shuckle\n|-damage|p1a: Shuckle|0 fnt\n|faint|p1a: Shuckle\n|-ability|p2a: Pheromosa|Beast Boost|boost\n|-boost|p2a: Pheromosa|atk|1\n|\n|upkeep\n|\n|t:|1700241988\n|switch|p1a: Pheromosa|Pheromosa, shiny|100\/100\n|-activate|p1a: Pheromosa|move: Sticky Web\n|-unboost|p1a: Pheromosa|spe|1\n|turn|27\n|\n|t:|1700241994\n|switch|p2a: Scizor|Scizor, M|100\/100\n|move|p1a: Pheromosa|Rapid Spin|p2a: Scizor\n|-resisted|p2a: Scizor\n|-damage|p2a: Scizor|92\/100\n|-boost|p1a: Pheromosa|spe|1\n|-sideend|p1: JustMonika_CARR|Sticky Web|[from] move: Rapid Spin|[of] p1a: Pheromosa\n|\n|upkeep\n|turn|28\n|\n|t:|1700242005\n|detailschange|p2a: Scizor|Scizor-Mega, M\n|-mega|p2a: Scizor|Scizor|Scizorite\n|move|p1a: Pheromosa|Ice Beam|p2a: Scizor\n|-resisted|p2a: Scizor\n|-damage|p2a: Scizor|74\/100\n|move|p2a: Scizor|U-turn|p1a: Pheromosa\n|-resisted|p1a: Pheromosa\n|-damage|p1a: Pheromosa|40\/100\n|\n|t:|1700242009\n|switch|p2a: Pheromosa|Pheromosa|100\/100|[from] U-turn\n|\n|upkeep\n|turn|29\n|\n|t:|1700242017\n|switch|p2a: Scizor|Scizor-Mega, M|74\/100\n|move|p1a: Pheromosa|Ice Beam|p2a: Scizor\n|-resisted|p2a: Scizor\n|-damage|p2a: Scizor|54\/100\n|-status|p2a: Scizor|frz\n|\n|upkeep\n|turn|30\n|\n|t:|1700242027\n|move|p1a: Pheromosa|Ice Beam|p2a: Scizor\n|-resisted|p2a: Scizor\n|-damage|p2a: Scizor|35\/100 frz\n|cant|p2a: Scizor|frz\n|\n|upkeep\n|turn|31\n|\n|t:|1700242038\n|move|p1a: Pheromosa|Ice Beam|p2a: Scizor\n|-resisted|p2a: Scizor\n|-damage|p2a: Scizor|17\/100 frz\n|cant|p2a: Scizor|frz\n|\n|upkeep\n|turn|32\n|\n|t:|1700242044\n|cant|p2a: Scizor|frz\n|move|p1a: Pheromosa|Rapid Spin|p2a: Scizor\n|-resisted|p2a: Scizor\n|-damage|p2a: Scizor|11\/100 frz\n|-boost|p1a: Pheromosa|spe|1\n|\n|upkeep\n|turn|33\n|\n|t:|1700242052\n|-curestatus|p2a: Scizor|frz|[msg]\n|move|p2a: Scizor|Bullet Punch|p1a: Pheromosa\n|-damage|p1a: Pheromosa|0 fnt\n|faint|p1a: Pheromosa\n|\n|upkeep\n|\n|t:|1700242063\n|switch|p1a: Blaziken|Blaziken, M, shiny|100\/100\n|turn|34\n|\n|t:|1700242071\n|detailschange|p1a: Blaziken|Blaziken-Mega, M, shiny\n|-mega|p1a: Blaziken|Blaziken|Blazikenite\n|move|p2a: Scizor|Bullet Punch|p1a: Blaziken\n|-resisted|p1a: Blaziken\n|-damage|p1a: Blaziken|76\/100\n|move|p1a: Blaziken|Hone Claws|p1a: Blaziken\n|-boost|p1a: Blaziken|atk|1\n|-boost|p1a: Blaziken|accuracy|1\n|\n|-ability|p1a: Blaziken|Speed Boost|boost\n|-boost|p1a: Blaziken|spe|1\n|upkeep\n|turn|35\n|\n|t:|1700242085\n|move|p1a: Blaziken|Protect|p1a: Blaziken\n|-singleturn|p1a: Blaziken|Protect\n|move|p2a: Scizor|Close Combat|p1a: Blaziken\n|-activate|p1a: Blaziken|move: Protect\n|\n|-ability|p1a: Blaziken|Speed Boost|boost\n|-boost|p1a: Blaziken|spe|1\n|upkeep\n|turn|36\n|\n|t:|1700242094\n|move|p2a: Scizor|Bullet Punch|p1a: Blaziken\n|-resisted|p1a: Blaziken\n|-damage|p1a: Blaziken|49\/100\n|move|p1a: Blaziken|Blaze Kick|p2a: Scizor\n|-supereffective|p2a: Scizor\n|-crit|p2a: Scizor\n|-damage|p2a: Scizor|0 fnt\n|faint|p2a: Scizor\n|\n|-ability|p1a: Blaziken|Speed Boost|boost\n|-boost|p1a: Blaziken|spe|1\n|upkeep\n|\n|t:|1700242100\n|switch|p2a: Arceus|Arceus-Bug|69\/100 tox\n|turn|37\n|-message|bugmonobestmono forfeited.\n|\n|win|JustMonika_CARR\n|raw|JustMonika_CARR's rating: 1388 &rarr; <strong>1406<\/strong><br \/>(+18 for winning)\n|raw|bugmonobestmono's rating: 1351 &rarr; <strong>1333<\/strong><br \/>(-18 for losing)\n|l|\u2606bugmonobestmono\n","uploadtime":1700242121,"views":8,"p1id":"justmonikacarr","p2id":"bugmonobestmono","formatid":"gen9nationaldexubers","rating":1333,"private":0,"password":""}