{"id":"gen9nationaldexubers-1996756694","p1":"dreepy airlines","p2":"GoldGrifter","format":"[Gen 9] National Dex Ubers","log":"|j|\u2606dreepy airlines\n|j|\u2606GoldGrifter\n|t:|1700719966\n|gametype|singles\n|player|p1|dreepy airlines|waitress-gen6|1599\n|player|p2|GoldGrifter|clair|1635\n|teamsize|p1|6\n|teamsize|p2|6\n|gen|9\n|tier|[Gen 9] National Dex Ubers\n|rated|\n|rule|HP Percentage Mod: HP is shown in percentages\n|rule|Endless Battle Clause: Forcing endless battles is banned\n|rule|OHKO Clause: OHKO moves are banned\n|rule|Evasion Moves Clause: Evasion moves are banned\n|rule|Evasion Items Clause: Evasion items are banned\n|rule|Species Clause: Limit one of each Pok\u00e9mon\n|rule|Sleep Clause Mod: Limit one foe put to sleep\n|rule|Mega Rayquaza Clause: You cannot mega evolve Rayquaza\n|clearpoke\n|poke|p1|Deoxys-Speed|\n|poke|p1|Groudon|\n|poke|p1|Yveltal|\n|poke|p1|Arceus|\n|poke|p1|Zacian-*|\n|poke|p1|Salamence, F|\n|poke|p2|Dragapult, F|\n|poke|p2|Marshadow|\n|poke|p2|Necrozma-Dusk-Mane|\n|poke|p2|Zacian-*|\n|poke|p2|Palkia-Origin|\n|poke|p2|Yveltal|\n|teampreview\n|inactive|Battle timer is ON: inactive players will automatically lose when time's up. (requested by GoldGrifter)\n|inactive|dreepy airlines also wants the timer to be on.\n|\n|t:|1700719983\n|start\n|switch|p1a: Deoxys|Deoxys-Speed|100\/100\n|switch|p2a: Branwen|Yveltal|100\/100\n|-ability|p1a: Deoxys|Pressure\n|-ability|p2a: Branwen|Dark Aura\n|turn|1\n|\n|t:|1700719994\n|move|p1a: Deoxys|Spikes|p2a: Branwen\n|-sidestart|p2: GoldGrifter|Spikes\n|move|p2a: Branwen|Dark Pulse|p1a: Deoxys\n|-supereffective|p1a: Deoxys\n|-enditem|p1a: Deoxys|Focus Sash\n|-damage|p1a: Deoxys|1\/100\n|\n|upkeep\n|turn|2\n|\n|t:|1700720012\n|move|p1a: Deoxys|Spikes|p2a: Branwen\n|-sidestart|p2: GoldGrifter|Spikes\n|move|p2a: Branwen|Dark Pulse|p1a: Deoxys\n|-supereffective|p1a: Deoxys\n|-damage|p1a: Deoxys|0 fnt\n|faint|p1a: Deoxys\n|\n|upkeep\n|\n|t:|1700720016\n|switch|p1a: Zacian|Zacian-Crowned|100\/100\n|-ability|p1a: Zacian|Intrepid Sword|boost\n|-boost|p1a: Zacian|atk|1\n|turn|3\n|\n|t:|1700720018\n|-terastallize|p2a: Branwen|Fire\n|move|p1a: Zacian|Swords Dance|p1a: Zacian\n|-boost|p1a: Zacian|atk|2\n|move|p2a: Branwen|Heat Wave|p1a: Zacian\n|-supereffective|p1a: Zacian\n|-damage|p1a: Zacian|0 fnt\n|faint|p1a: Zacian\n|\n|upkeep\n|\n|t:|1700720040\n|switch|p1a: Salamence|Salamence, F|100\/100\n|-ability|p1a: Salamence|Intimidate|boost\n|-unboost|p2a: Branwen|atk|1\n|turn|4\n|\n|t:|1700720046\n|detailschange|p1a: Salamence|Salamence-Mega, F\n|-mega|p1a: Salamence|Salamence|Salamencite\n|move|p1a: Salamence|Dragon Dance|p1a: Salamence\n|-boost|p1a: Salamence|atk|1\n|-boost|p1a: Salamence|spe|1\n|move|p2a: Branwen|Dark Pulse|p1a: Salamence\n|-crit|p1a: Salamence\n|-damage|p1a: Salamence|0 fnt\n|faint|p1a: Salamence\n|\n|upkeep\n|\n|t:|1700720058\n|switch|p1a: Arceus|Arceus|100\/100\n|turn|5\n|\n|t:|1700720065\n|switch|p2a: Big Ugly|Palkia-Origin|100\/100\n|-damage|p2a: Big Ugly|84\/100|[from] Spikes\n|-ability|p2a: Big Ugly|Pressure\n|move|p1a: Arceus|Swords Dance|p1a: Arceus\n|-boost|p1a: Arceus|atk|2\n|\n|upkeep\n|turn|6\n|\n|t:|1700720070\n|move|p1a: Arceus|Extreme Speed|p2a: Big Ugly\n|-damage|p2a: Big Ugly|0 fnt\n|faint|p2a: Big Ugly\n|\n|upkeep\n|\n|t:|1700720078\n|switch|p2a: Dragapult|Dragapult, F|100\/100\n|-damage|p2a: Dragapult|84\/100|[from] Spikes\n|turn|7\n|\n|t:|1700720084\n|move|p2a: Dragapult|Dragon Darts|p1a: Arceus\n|-damage|p1a: Arceus|82\/100\n|-anim|p2a: Dragapult|Dragon Darts|p1a: Arceus\n|-damage|p1a: Arceus|63\/100\n|move|p1a: Arceus|Earthquake|p2a: Dragapult\n|-damage|p2a: Dragapult|0 fnt\n|faint|p2a: Dragapult\n|\n|upkeep\n|\n|t:|1700720096\n|switch|p2a: Ghost Buster|Marshadow|100\/100\n|-damage|p2a: Ghost Buster|84\/100|[from] Spikes\n|turn|8\n|\n|t:|1700720101\n|switch|p1a: Groudon|Groudon|100\/100\n|detailschange|p1a: Groudon|Groudon-Primal\n|-primal|p1a: Groudon|Red Orb\n|-weather|DesolateLand|[from] ability: Desolate Land|[of] p1a: Groudon\n|move|p2a: Ghost Buster|Close Combat|p1a: Groudon\n|-damage|p1a: Groudon|58\/100\n|-unboost|p2a: Ghost Buster|def|1\n|-unboost|p2a: Ghost Buster|spd|1\n|\n|-weather|DesolateLand|[upkeep]\n|upkeep\n|turn|9\n|\n|t:|1700720120\n|move|p2a: Ghost Buster|Rock Tomb|p1a: Groudon\n|-damage|p1a: Groudon|38\/100\n|-unboost|p1a: Groudon|spe|1\n|move|p1a: Groudon|Precipice Blades|p2a: Ghost Buster\n|-damage|p2a: Ghost Buster|0 fnt\n|faint|p2a: Ghost Buster\n|\n|-weather|DesolateLand|[upkeep]\n|upkeep\n|\n|t:|1700720127\n|switch|p2a: Branwen|Yveltal, tera:Fire|100\/100\n|-damage|p2a: Branwen|84\/100|[from] Spikes\n|-ability|p2a: Branwen|Dark Aura\n|turn|10\n|\n|t:|1700720134\n|-weather|none\n|switch|p1a: Yveltal|Yveltal|100\/100\n|-ability|p1a: Yveltal|Dark Aura\n|move|p2a: Branwen|Dark Pulse|p1a: Yveltal\n|-resisted|p1a: Yveltal\n|-damage|p1a: Yveltal|75\/100\n|\n|upkeep\n|turn|11\n|\n|t:|1700720146\n|move|p1a: Yveltal|Dark Pulse|p2a: Branwen\n|-damage|p2a: Branwen|46\/100\n|-damage|p1a: Yveltal|65\/100|[from] item: Life Orb\n|move|p2a: Branwen|Oblivion Wing|p1a: Yveltal\n|-damage|p1a: Yveltal|23\/100\n|-heal|p2a: Branwen|73\/100|[from] drain|[of] p1a: Yveltal\n|\n|upkeep\n|turn|12\n|j| R-andou\n|\n|t:|1700720156\n|move|p1a: Yveltal|Sucker Punch|p2a: Branwen\n|-damage|p2a: Branwen|24\/100\n|-damage|p1a: Yveltal|13\/100|[from] item: Life Orb\n|move|p2a: Branwen|Sucker Punch||[still]\n|-fail|p2a: Branwen\n|\n|upkeep\n|turn|13\n|\n|t:|1700720164\n|move|p1a: Yveltal|Sucker Punch|p2a: Branwen\n|-damage|p2a: Branwen|0 fnt\n|faint|p2a: Branwen\n|-damage|p1a: Yveltal|4\/100|[from] item: Life Orb\n|\n|upkeep\n|\n|t:|1700720168\n|switch|p2a: Necrozma|Necrozma-Dusk-Mane|100\/100\n|-damage|p2a: Necrozma|84\/100|[from] Spikes\n|turn|14\n|\n|t:|1700720175\n|move|p1a: Yveltal|Roost|p1a: Yveltal\n|-heal|p1a: Yveltal|54\/100\n|-singleturn|p1a: Yveltal|move: Roost\n|move|p2a: Necrozma|Knock Off|p1a: Yveltal\n|-resisted|p1a: Yveltal\n|-damage|p1a: Yveltal|26\/100\n|-enditem|p1a: Yveltal|Life Orb|[from] move: Knock Off|[of] p2a: Necrozma\n|\n|upkeep\n|turn|15\n|\n|t:|1700720185\n|move|p1a: Yveltal|Dark Pulse|p2a: Necrozma\n|-supereffective|p2a: Necrozma\n|-damage|p2a: Necrozma|2\/100\n|-enditem|p2a: Necrozma|Weakness Policy\n|-boost|p2a: Necrozma|atk|2|[from] item: Weakness Policy\n|-boost|p2a: Necrozma|spa|2|[from] item: Weakness Policy\n|move|p2a: Necrozma|Dragon Dance|p2a: Necrozma\n|-boost|p2a: Necrozma|atk|1\n|-boost|p2a: Necrozma|spe|1\n|\n|upkeep\n|turn|16\n|\n|t:|1700720192\n|move|p1a: Yveltal|Sucker Punch|p2a: Necrozma\n|-supereffective|p2a: Necrozma\n|-damage|p2a: Necrozma|0 fnt\n|faint|p2a: Necrozma\n|\n|upkeep\n|\n|t:|1700720194\n|switch|p2a: Fetch|Zacian-Crowned|100\/100\n|-damage|p2a: Fetch|84\/100|[from] Spikes\n|-ability|p2a: Fetch|Intrepid Sword|boost\n|-boost|p2a: Fetch|atk|1\n|turn|17\n|\n|t:|1700720203\n|move|p2a: Fetch|Behemoth Blade|p1a: Yveltal\n|-crit|p1a: Yveltal\n|-damage|p1a: Yveltal|0 fnt\n|faint|p1a: Yveltal\n|\n|upkeep\n|\n|t:|1700720212\n|switch|p1a: Groudon|Groudon-Primal|38\/100\n|-weather|DesolateLand|[from] ability: Desolate Land|[of] p1a: Groudon\n|turn|18\n|\n|t:|1700720217\n|move|p2a: Fetch|Sacred Sword|p1a: Groudon\n|-damage|p1a: Groudon|1\/100\n|move|p1a: Groudon|Precipice Blades|p2a: Fetch|[miss]\n|-miss|p1a: Groudon|p2a: Fetch\n|\n|-weather|DesolateLand|[upkeep]\n|upkeep\n|turn|19\n|c|\u2606dreepy airlines|dude\n|c|\u2606dreepy airlines|maybe its time to use eq\n|\n|t:|1700720247\n|move|p2a: Fetch|Sacred Sword|p1a: Groudon\n|-damage|p1a: Groudon|0 fnt\n|faint|p1a: Groudon\n|-weather|none\n|\n|upkeep\n|\n|t:|1700720249\n|switch|p1a: Arceus|Arceus|63\/100\n|turn|20\n|\n|t:|1700720259\n|-terastallize|p1a: Arceus|Normal\n|move|p1a: Arceus|Extreme Speed|p2a: Fetch\n|-resisted|p2a: Fetch\n|-damage|p2a: Fetch|50\/100\n|move|p2a: Fetch|Sacred Sword|p1a: Arceus\n|-supereffective|p1a: Arceus\n|-damage|p1a: Arceus|0 fnt\n|faint|p1a: Arceus\n|\n|win|GoldGrifter\n|raw|dreepy airlines's rating: 1599 &rarr; <strong>1581<\/strong><br \/>(-18 for losing)\n|raw|GoldGrifter's rating: 1635 &rarr; <strong>1653<\/strong><br \/>(+18 for winning)\n|l|\u2606GoldGrifter\n|c|\u2606dreepy airlines|thats messed up i was going flawless\n","uploadtime":1700720277,"views":2,"p1id":"dreepyairlines","p2id":"goldgrifter","formatid":"gen9nationaldexubers","rating":1581,"private":0,"password":""}