{"id":"gen9nationaldexubers-1986891384","p1":"faraodomangue","p2":"Dragonsbanisher971","format":"[Gen 9] National Dex Ubers","log":"|j|\u2606faraodomangue\n|j|\u2606Dragonsbanisher971\n|t:|1699538346\n|gametype|singles\n|player|p1|faraodomangue|harlequin|1245\n|player|p2|Dragonsbanisher971|101|1205\n|teamsize|p1|6\n|teamsize|p2|6\n|gen|9\n|tier|[Gen 9] National Dex Ubers\n|rated|\n|rule|HP Percentage Mod: HP is shown in percentages\n|rule|Endless Battle Clause: Forcing endless battles is banned\n|rule|OHKO Clause: OHKO moves are banned\n|rule|Evasion Moves Clause: Evasion moves are banned\n|rule|Evasion Items Clause: Evasion items are banned\n|rule|Species Clause: Limit one of each Pok\u00e9mon\n|rule|Sleep Clause Mod: Limit one foe put to sleep\n|rule|Mega Rayquaza Clause: You cannot mega evolve Rayquaza\n|clearpoke\n|poke|p1|Landorus-Therian, M|\n|poke|p1|Pyukumuku, F|\n|poke|p1|Kyurem-Black|\n|poke|p1|Arceus|\n|poke|p1|Mewtwo|\n|poke|p1|Banette, M|\n|poke|p2|Torkoal, F|\n|poke|p2|Heliolisk, M|\n|poke|p2|Gliscor, M|\n|poke|p2|Arcanine, M|\n|poke|p2|Charizard, M|\n|poke|p2|Araquanid, M|\n|teampreview\n|\n|t:|1699538356\n|start\n|switch|p1a: Banette|Banette, M, shiny|100\/100\n|switch|p2a: Charizard|Charizard, M, shiny|100\/100\n|turn|1\n|\n|t:|1699538364\n|switch|p2a: Torkoal|Torkoal, F|100\/100\n|-weather|SunnyDay|[from] ability: Drought|[of] p2a: Torkoal\n|detailschange|p1a: Banette|Banette-Mega, M, shiny\n|-mega|p1a: Banette|Banette|Banettite\n|move|p1a: Banette|Destiny Bond|p1a: Banette\n|-singlemove|p1a: Banette|Destiny Bond\n|\n|-weather|SunnyDay|[upkeep]\n|upkeep\n|turn|2\n|\n|t:|1699538375\n|move|p1a: Banette|Encore||[still]\n|-fail|p1a: Banette\n|move|p2a: Torkoal|Yawn|p1a: Banette\n|-start|p1a: Banette|move: Yawn|[of] p2a: Torkoal\n|\n|-weather|SunnyDay|[upkeep]\n|upkeep\n|turn|3\n|\n|t:|1699538385\n|switch|p1a: Landorus|Landorus-Therian, M|100\/100\n|-ability|p1a: Landorus|Intimidate|boost\n|-unboost|p2a: Torkoal|atk|1\n|move|p2a: Torkoal|Stealth Rock|p1a: Landorus\n|-sidestart|p1: faraodomangue|move: Stealth Rock\n|\n|-weather|SunnyDay|[upkeep]\n|upkeep\n|turn|4\n|\n|t:|1699538394\n|move|p1a: Landorus|Earthquake|p2a: Torkoal\n|-supereffective|p2a: Torkoal\n|-damage|p2a: Torkoal|34\/100\n|move|p2a: Torkoal|Will-O-Wisp|p1a: Landorus\n|-status|p1a: Landorus|brn\n|\n|-weather|SunnyDay|[upkeep]\n|-damage|p1a: Landorus|94\/100 brn|[from] brn\n|upkeep\n|turn|5\n|\n|t:|1699538405\n|move|p1a: Landorus|Defog|p2a: Torkoal\n|-unboost|p2a: Torkoal|evasion|1\n|-sideend|p1: faraodomangue|Stealth Rock|[from] move: Defog|[of] p1a: Landorus\n|move|p2a: Torkoal|Lava Plume|p1a: Landorus\n|-damage|p1a: Landorus|46\/100 brn\n|\n|-weather|SunnyDay|[upkeep]\n|-damage|p1a: Landorus|40\/100 brn|[from] brn\n|upkeep\n|turn|6\n|\n|t:|1699538415\n|move|p1a: Landorus|Earthquake|p2a: Torkoal\n|-supereffective|p2a: Torkoal\n|-damage|p2a: Torkoal|4\/100\n|move|p2a: Torkoal|Stealth Rock|p1a: Landorus\n|-sidestart|p1: faraodomangue|move: Stealth Rock\n|\n|-weather|SunnyDay|[upkeep]\n|-damage|p1a: Landorus|34\/100 brn|[from] brn\n|upkeep\n|turn|7\n|\n|t:|1699538424\n|move|p1a: Landorus|Earthquake|p2a: Torkoal\n|-supereffective|p2a: Torkoal\n|-crit|p2a: Torkoal\n|-damage|p2a: Torkoal|0 fnt\n|faint|p2a: Torkoal\n|\n|-weather|SunnyDay|[upkeep]\n|-damage|p1a: Landorus|27\/100 brn|[from] brn\n|upkeep\n|inactive|Battle timer is ON: inactive players will automatically lose when time's up. (requested by faraodomangue)\n|\n|t:|1699538432\n|switch|p2a: Heliolisk|Heliolisk, M, shiny|100\/100\n|turn|8\n|\n|t:|1699538439\n|move|p2a: Heliolisk|Weather Ball|p1a: Landorus\n|-damage|p1a: Landorus|0 fnt\n|faint|p1a: Landorus\n|\n|-weather|none\n|upkeep\n|\n|t:|1699538443\n|switch|p1a: Banette|Banette-Mega, M, shiny|100\/100\n|-damage|p1a: Banette|88\/100|[from] Stealth Rock\n|turn|9\n|\n|t:|1699538453\n|switch|p2a: Gliscor|Gliscor, M, shiny|100\/100\n|move|p1a: Banette|Destiny Bond|p1a: Banette\n|-singlemove|p1a: Banette|Destiny Bond\n|\n|-status|p2a: Gliscor|tox|[from] item: Toxic Orb\n|upkeep\n|turn|10\n|\n|t:|1699538461\n|move|p2a: Gliscor|Curse|p2a: Gliscor\n|-unboost|p2a: Gliscor|spe|1\n|-boost|p2a: Gliscor|atk|1\n|-boost|p2a: Gliscor|def|1\n|move|p1a: Banette|Trick Room|p1a: Banette\n|-fieldstart|move: Trick Room|[of] p1a: Banette\n|\n|upkeep\n|turn|11\n|\n|t:|1699538470\n|move|p1a: Banette|Encore|p2a: Gliscor\n|-start|p2a: Gliscor|Encore\n|move|p2a: Gliscor|Curse|p2a: Gliscor\n|-unboost|p2a: Gliscor|spe|1\n|-boost|p2a: Gliscor|atk|1\n|-boost|p2a: Gliscor|def|1\n|\n|upkeep\n|turn|12\n|\n|t:|1699538477\n|move|p2a: Gliscor|Curse|p2a: Gliscor\n|-unboost|p2a: Gliscor|spe|1\n|-boost|p2a: Gliscor|atk|1\n|-boost|p2a: Gliscor|def|1\n|move|p1a: Banette|Poltergeist|p2a: Gliscor\n|-activate|p2a: Gliscor|move: Poltergeist|Toxic Orb\n|-damage|p2a: Gliscor|81\/100 tox\n|\n|-heal|p2a: Gliscor|93\/100 tox|[from] ability: Poison Heal\n|upkeep\n|turn|13\n|\n|t:|1699538489\n|move|p1a: Banette|Destiny Bond|p1a: Banette\n|-singlemove|p1a: Banette|Destiny Bond\n|move|p2a: Gliscor|Curse|p2a: Gliscor\n|-unboost|p2a: Gliscor|spe|1\n|-boost|p2a: Gliscor|atk|1\n|-boost|p2a: Gliscor|def|1\n|\n|-heal|p2a: Gliscor|100\/100 tox|[from] ability: Poison Heal\n|-end|p2a: Gliscor|Encore\n|upkeep\n|turn|14\n|\n|t:|1699538502\n|move|p2a: Gliscor|Earthquake|p1a: Banette\n|-damage|p1a: Banette|0 fnt\n|faint|p1a: Banette\n|-activate|p1a: Banette|move: Destiny Bond\n|faint|p2a: Gliscor\n|\n|-fieldend|move: Trick Room\n|upkeep\n|\n|t:|1699538515\n|switch|p2a: Charizard|Charizard, M, shiny|100\/100\n|switch|p1a: Arceus|Arceus|100\/100\n|-damage|p1a: Arceus|88\/100|[from] Stealth Rock\n|turn|15\n|\n|t:|1699538524\n|detailschange|p2a: Charizard|Charizard-Mega-Y, M, shiny\n|-mega|p2a: Charizard|Charizard|Charizardite Y\n|-weather|SunnyDay|[from] ability: Drought|[of] p2a: Charizard\n|-terastallize|p1a: Arceus|Normal\n|move|p1a: Arceus|Extreme Speed|p2a: Charizard\n|-damage|p2a: Charizard|0 fnt\n|faint|p2a: Charizard\n|-damage|p1a: Arceus|78\/100|[from] item: Life Orb\n|\n|-weather|SunnyDay|[upkeep]\n|upkeep\n|\n|t:|1699538539\n|switch|p2a: Arcanine|Arcanine, M, shiny|100\/100\n|turn|16\n|\n|t:|1699538544\n|move|p1a: Arceus|Swords Dance|p1a: Arceus\n|-boost|p1a: Arceus|atk|2\n|move|p2a: Arcanine|Raging Fury|p1a: Arceus\n|-damage|p1a: Arceus|0 fnt\n|faint|p1a: Arceus\n|\n|-weather|SunnyDay|[upkeep]\n|upkeep\n|\n|t:|1699538555\n|switch|p1a: Mewtwo|Mewtwo|100\/100\n|-ability|p1a: Mewtwo|Unnerve\n|-damage|p1a: Mewtwo|88\/100|[from] Stealth Rock\n|turn|17\n|\n|t:|1699538561\n|move|p1a: Mewtwo|Psystrike|p2a: Arcanine\n|-damage|p2a: Arcanine|19\/100\n|move|p2a: Arcanine|Raging Fury|p1a: Mewtwo|[from]lockedmove\n|-damage|p1a: Mewtwo|0 fnt\n|faint|p1a: Mewtwo\n|\n|-weather|SunnyDay|[upkeep]\n|upkeep\n|\n|t:|1699538573\n|switch|p1a: Kyurem|Kyurem-Black, shiny|100\/100\n|-damage|p1a: Kyurem|75\/100|[from] Stealth Rock\n|-ability|p1a: Kyurem|Teravolt\n|turn|18\n|\n|t:|1699538579\n|move|p2a: Arcanine|Raging Fury|p1a: Kyurem|[from]lockedmove\n|-damage|p1a: Kyurem|0 fnt\n|faint|p1a: Kyurem\n|-start|p2a: Arcanine|confusion|[fatigue]\n|\n|-weather|SunnyDay|[upkeep]\n|upkeep\n|\n|t:|1699538582\n|switch|p1a: Pyukumuku|Pyukumuku, F|100\/100\n|-damage|p1a: Pyukumuku|88\/100|[from] Stealth Rock\n|turn|19\n|\n|t:|1699538590\n|-activate|p2a: Arcanine|confusion\n|move|p2a: Arcanine|Raging Fury|p1a: Pyukumuku\n|-resisted|p1a: Pyukumuku\n|-damage|p1a: Pyukumuku|36\/100\n|move|p1a: Pyukumuku|Counter|p2a: Arcanine\n|-damage|p2a: Arcanine|0 fnt\n|faint|p2a: Arcanine\n|\n|-weather|none\n|-heal|p1a: Pyukumuku|42\/100|[from] item: Leftovers\n|upkeep\n|\n|t:|1699538601\n|switch|p2a: Heliolisk|Heliolisk, M, shiny|100\/100\n|turn|20\n|\n|t:|1699538605\n|move|p2a: Heliolisk|Thunderbolt|p1a: Pyukumuku\n|-supereffective|p1a: Pyukumuku\n|-damage|p1a: Pyukumuku|0 fnt\n|faint|p1a: Pyukumuku\n|\n|win|Dragonsbanisher971\n|raw|faraodomangue's rating: 1245 &rarr; <strong>1217<\/strong><br \/>(-28 for losing)\n|raw|Dragonsbanisher971's rating: 1205 &rarr; <strong>1233<\/strong><br \/>(+28 for winning)\n|l|\u2606faraodomangue\n","uploadtime":1699538615,"views":5,"p1id":"faraodomangue","p2id":"dragonsbanisher971","formatid":"gen9nationaldexubers","rating":1217,"private":0,"password":""}