{"id":"gen9nationaldexubers-1992055698","p1":"randomguyforlife","p2":"Olie4","format":"[Gen 9] National Dex Ubers","log":"|j|\u2606randomguyforlife\n|j|\u2606Olie4\n|t:|1700151361\n|gametype|singles\n|player|p1|randomguyforlife|102|1238\n|player|p2|Olie4|lady|1137\n|teamsize|p1|6\n|teamsize|p2|6\n|gen|9\n|tier|[Gen 9] National Dex Ubers\n|rated|\n|rule|HP Percentage Mod: HP is shown in percentages\n|rule|Endless Battle Clause: Forcing endless battles is banned\n|rule|OHKO Clause: OHKO moves are banned\n|rule|Evasion Moves Clause: Evasion moves are banned\n|rule|Evasion Items Clause: Evasion items are banned\n|rule|Species Clause: Limit one of each Pok\u00e9mon\n|rule|Sleep Clause Mod: Limit one foe put to sleep\n|rule|Mega Rayquaza Clause: You cannot mega evolve Rayquaza\n|clearpoke\n|poke|p1|Regieleki|\n|poke|p1|Chi-Yu|\n|poke|p1|Chien-Pao|\n|poke|p1|Slowking-Galar, F|\n|poke|p1|Dracovish|\n|poke|p1|Slowbro, F|\n|poke|p2|Regieleki|\n|poke|p2|Togekiss, F|\n|poke|p2|Greninja-*, M|\n|poke|p2|Ferrothorn, M|\n|poke|p2|Urshifu-*, M|\n|poke|p2|Pawmot, M|\n|teampreview\n|\n|t:|1700151377\n|start\n|switch|p1a: Regieleki|Regieleki|100\/100\n|switch|p2a: Ferrothorn|Ferrothorn, M|100\/100\n|turn|1\n|c|\u2606Olie4|hello agan\n|\n|t:|1700151383\n|move|p1a: Regieleki|Volt Switch|p2a: Ferrothorn\n|-resisted|p2a: Ferrothorn\n|-damage|p2a: Ferrothorn|85\/100\n|c|\u2606randomguyforlife|hello again\n|\n|t:|1700151388\n|switch|p1a: Chi-Yu|Chi-Yu|100\/100|[from] Volt Switch\n|-ability|p1a: Chi-Yu|Beads of Ruin\n|move|p2a: Ferrothorn|Knock Off|p1a: Chi-Yu\n|-resisted|p1a: Chi-Yu\n|-damage|p1a: Chi-Yu|84\/100\n|-enditem|p1a: Chi-Yu|Choice Specs|[from] move: Knock Off|[of] p2a: Ferrothorn\n|\n|-heal|p2a: Ferrothorn|91\/100|[from] item: Leftovers\n|upkeep\n|turn|2\n|\n|t:|1700151394\n|switch|p2a: Greninja|Greninja, M|100\/100\n|move|p1a: Chi-Yu|Overheat|p2a: Greninja\n|-resisted|p2a: Greninja\n|-damage|p2a: Greninja|27\/100\n|-unboost|p1a: Chi-Yu|spa|2\n|\n|upkeep\n|turn|3\n|\n|t:|1700151398\n|switch|p1a: Dracovish|Dracovish|100\/100\n|move|p2a: Greninja|Hydro Pump|p1a: Dracovish|[miss]\n|-start|p2a: Greninja|typechange|Water|[from] ability: Protean\n|-miss|p2a: Greninja|p1a: Dracovish\n|\n|upkeep\n|turn|4\n|\n|t:|1700151401\n|move|p1a: Dracovish|Fishious Rend|p2a: Greninja\n|-resisted|p2a: Greninja\n|-damage|p2a: Greninja|0 fnt\n|faint|p2a: Greninja\n|\n|upkeep\n|c|\u2606Olie4|lmao i always miss\n|\n|t:|1700151408\n|switch|p2a: Ferrothorn|Ferrothorn, M|91\/100\n|turn|5\n|\n|t:|1700151411\n|switch|p1a: Chi-Yu|Chi-Yu|84\/100\n|-ability|p1a: Chi-Yu|Beads of Ruin\n|move|p2a: Ferrothorn|Stealth Rock|p1a: Chi-Yu\n|-sidestart|p1: randomguyforlife|move: Stealth Rock\n|\n|-heal|p2a: Ferrothorn|97\/100|[from] item: Leftovers\n|upkeep\n|turn|6\n|\n|t:|1700151414\n|switch|p2a: Urshifu|Urshifu-Rapid-Strike, M|100\/100\n|move|p1a: Chi-Yu|Flamethrower|p2a: Urshifu\n|-resisted|p2a: Urshifu\n|-damage|p2a: Urshifu|52\/100\n|\n|upkeep\n|turn|7\n|\n|t:|1700151417\n|move|p2a: Urshifu|U-turn|p1a: Chi-Yu\n|-damage|p1a: Chi-Yu|44\/100\n|c|\u2606Olie4|oh no\n|\n|t:|1700151426\n|switch|p2a: Togekiss|Togekiss, F, shiny|100\/100|[from] U-turn\n|move|p1a: Chi-Yu|Overheat|p2a: Togekiss\n|-damage|p2a: Togekiss|18\/100\n|-unboost|p1a: Chi-Yu|spa|2\n|\n|-heal|p2a: Togekiss|24\/100|[from] item: Leftovers\n|upkeep\n|turn|8\n|\n|t:|1700151430\n|move|p1a: Chi-Yu|Flamethrower|p2a: Togekiss\n|-damage|p2a: Togekiss|0 fnt\n|faint|p2a: Togekiss\n|\n|upkeep\n|\n|t:|1700151433\n|switch|p2a: Urshifu|Urshifu-Rapid-Strike, M|52\/100\n|turn|9\n|\n|t:|1700151439\n|switch|p1a: Dracovish|Dracovish|100\/100\n|-damage|p1a: Dracovish|88\/100|[from] Stealth Rock\n|move|p2a: Urshifu|Close Combat|p1a: Dracovish\n|-damage|p1a: Dracovish|22\/100\n|-unboost|p2a: Urshifu|def|1\n|-unboost|p2a: Urshifu|spd|1\n|\n|upkeep\n|turn|10\n|\n|t:|1700151442\n|switch|p1a: Slowking|Slowking-Galar, F|100\/100\n|move|p2a: Urshifu|Close Combat|p1a: Slowking\n|-resisted|p1a: Slowking\n|-damage|p1a: Slowking|90\/100\n|-unboost|p2a: Urshifu|def|1\n|-unboost|p2a: Urshifu|spd|1\n|\n|upkeep\n|turn|11\n|\n|t:|1700151447\n|switch|p2a: Ferrothorn|Ferrothorn, M|97\/100\n|move|p1a: Slowking|Chilly Reception|p1a: Slowking\n|-weather|Snow\n|\n|t:|1700151451\n|switch|p1a: Chi-Yu|Chi-Yu|44\/100|[from] Chilly Reception\n|-damage|p1a: Chi-Yu|19\/100|[from] Stealth Rock\n|-ability|p1a: Chi-Yu|Beads of Ruin\n|\n|-weather|Snow|[upkeep]\n|-heal|p2a: Ferrothorn|100\/100|[from] item: Leftovers\n|upkeep\n|turn|12\n|\n|t:|1700151456\n|switch|p2a: Urshifu|Urshifu-Rapid-Strike, M|52\/100\n|move|p1a: Chi-Yu|Overheat|p2a: Urshifu\n|-resisted|p2a: Urshifu\n|-damage|p2a: Urshifu|0 fnt\n|-unboost|p1a: Chi-Yu|spa|2\n|faint|p2a: Urshifu\n|\n|-weather|Snow|[upkeep]\n|upkeep\n|\n|t:|1700151458\n|switch|p2a: Regieleki|Regieleki|100\/100\n|turn|13\n|\n|t:|1700151462\n|move|p2a: Regieleki|Extreme Speed|p1a: Chi-Yu\n|-damage|p1a: Chi-Yu|0 fnt\n|faint|p1a: Chi-Yu\n|\n|-weather|Snow|[upkeep]\n|upkeep\n|\n|t:|1700151474\n|switch|p1a: Slowking|Slowking-Galar, F|100\/100\n|turn|14\n|\n|t:|1700151488\n|move|p2a: Regieleki|Thunderbolt|p1a: Slowking\n|-damage|p1a: Slowking|53\/100\n|move|p1a: Slowking|Future Sight|p2a: Regieleki\n|-start|p1a: Slowking|move: Future Sight\n|\n|-weather|Snow|[upkeep]\n|upkeep\n|turn|15\n|\n|t:|1700151495\n|move|p2a: Regieleki|Thunderbolt|p1a: Slowking\n|-damage|p1a: Slowking|3\/100\n|move|p1a: Slowking|Chilly Reception|p1a: Slowking\n|\n|t:|1700151500\n|switch|p1a: Regieleki|Regieleki|100\/100|[from] Chilly Reception\n|\n|-weather|none\n|upkeep\n|turn|16\n|\n|t:|1700151507\n|move|p2a: Regieleki|Thunderbolt|p1a: Regieleki\n|-resisted|p1a: Regieleki\n|-damage|p1a: Regieleki|38\/100\n|move|p1a: Regieleki|Volt Switch|p2a: Regieleki\n|-resisted|p2a: Regieleki\n|-damage|p2a: Regieleki|58\/100\n|\n|t:|1700151511\n|switch|p1a: Chien-Pao|Chien-Pao|100\/100|[from] Volt Switch\n|-damage|p1a: Chien-Pao|76\/100|[from] Stealth Rock\n|-ability|p1a: Chien-Pao|Sword of Ruin\n|\n|-end|p2a: Regieleki|move: Future Sight\n|-damage|p2a: Regieleki|0 fnt\n|faint|p2a: Regieleki\n|upkeep\n|\n|t:|1700151517\n|switch|p2a: Ferrothorn|Ferrothorn, M|100\/100\n|turn|17\n|\n|t:|1700151521\n|-terastallize|p1a: Chien-Pao|Dark\n|move|p1a: Chien-Pao|Sacred Sword|p2a: Ferrothorn\n|-supereffective|p2a: Ferrothorn\n|-damage|p2a: Ferrothorn|32\/100\n|-damage|p1a: Chien-Pao|63\/100|[from] ability: Iron Barbs|[of] p2a: Ferrothorn\n|move|p2a: Ferrothorn|Leech Seed|p1a: Chien-Pao\n|-start|p1a: Chien-Pao|move: Leech Seed\n|\n|-heal|p2a: Ferrothorn|39\/100|[from] item: Leftovers\n|-damage|p1a: Chien-Pao|51\/100|[from] Leech Seed|[of] p2a: Ferrothorn\n|-heal|p2a: Ferrothorn|49\/100|[silent]\n|upkeep\n|turn|18\n|\n|t:|1700151526\n|move|p1a: Chien-Pao|Sacred Sword|p2a: Ferrothorn\n|-supereffective|p2a: Ferrothorn\n|-damage|p2a: Ferrothorn|0 fnt\n|-damage|p1a: Chien-Pao|39\/100|[from] ability: Iron Barbs|[of] p2a: Ferrothorn\n|faint|p2a: Ferrothorn\n|\n|upkeep\n|\n|t:|1700151529\n|switch|p2a: Pawmot|Pawmot, M|100\/100\n|turn|19\n|\n|t:|1700151531\n|move|p2a: Pawmot|Mach Punch|p1a: Chien-Pao\n|-supereffective|p1a: Chien-Pao\n|-damage|p1a: Chien-Pao|0 fnt\n|faint|p1a: Chien-Pao\n|\n|upkeep\n|\n|t:|1700151534\n|switch|p1a: Dracovish|Dracovish|22\/100\n|-damage|p1a: Dracovish|9\/100|[from] Stealth Rock\n|turn|20\n|\n|t:|1700151537\n|move|p2a: Pawmot|Mach Punch|p1a: Dracovish\n|-damage|p1a: Dracovish|0 fnt\n|faint|p1a: Dracovish\n|\n|upkeep\n|\n|t:|1700151540\n|switch|p1a: Slowbro|Slowbro, F|100\/100\n|turn|21\n|\n|t:|1700151544\n|move|p2a: Pawmot|Double Shock|p1a: Slowbro\n|-supereffective|p1a: Slowbro\n|-damage|p1a: Slowbro|14\/100\n|-start|p2a: Pawmot|typechange|???\/Fighting|[from] move: Double Shock\n|move|p1a: Slowbro|Scald|p2a: Pawmot\n|-damage|p2a: Pawmot|52\/100\n|\n|upkeep\n|turn|22\n|\n|t:|1700151563\n|switch|p1a: Slowking|Slowking-Galar, F|37\/100\n|move|p2a: Pawmot|Close Combat|p1a: Slowking\n|-resisted|p1a: Slowking\n|-damage|p1a: Slowking|26\/100\n|-unboost|p2a: Pawmot|def|1\n|-unboost|p2a: Pawmot|spd|1\n|\n|upkeep\n|turn|23\n|\n|t:|1700151567\n|-terastallize|p2a: Pawmot|Electric\n|move|p2a: Pawmot|Double Shock|p1a: Slowking\n|-damage|p1a: Slowking|0 fnt\n|-start|p2a: Pawmot|typechange|Electric|[from] move: Double Shock\n|faint|p1a: Slowking\n|\n|upkeep\n|\n|t:|1700151572\n|switch|p1a: Regieleki|Regieleki|38\/100\n|turn|24\n|\n|t:|1700151576\n|move|p2a: Pawmot|Mach Punch|p1a: Regieleki\n|-damage|p1a: Regieleki|0 fnt\n|faint|p1a: Regieleki\n|\n|upkeep\n|\n|t:|1700151578\n|switch|p1a: Slowbro|Slowbro, F|48\/100\n|turn|25\n|\n|t:|1700151580\n|move|p2a: Pawmot|Double Shock|p1a: Slowbro\n|-supereffective|p1a: Slowbro\n|-damage|p1a: Slowbro|0 fnt\n|-start|p2a: Pawmot|typechange|Electric|[from] move: Double Shock\n|faint|p1a: Slowbro\n|\n|win|Olie4\n|raw|randomguyforlife's rating: 1265 &rarr; <strong>1231<\/strong><br \/>(-34 for losing)\n|raw|Olie4's rating: 1137 &rarr; <strong>1171<\/strong><br \/>(+34 for winning)\n|c|\u2606Olie4|gg\n|c|\u2606randomguyforlife|gg\n|c|\u2606Olie4|wp\n|c|\u2606randomguyforlife|wp\n|l|\u2606randomguyforlife\n","uploadtime":1700151595,"views":9,"p1id":"randomguyforlife","p2id":"olie4","formatid":"gen9nationaldexubers","rating":1171,"private":0,"password":""}