{"id":"gen9nationaldexubers-1989562164","p1":"wdymthenameisthere","p2":"kelpines","format":"[Gen 9] National Dex Ubers","log":"|j|\u2606wdymthenameisthere\n|j|\u2606kelpines\n|t:|1699871672\n|gametype|singles\n|player|p1|wdymthenameisthere|volkner|1045\n|player|p2|kelpines|pilot|1036\n|teamsize|p1|6\n|teamsize|p2|6\n|gen|9\n|tier|[Gen 9] National Dex Ubers\n|rated|\n|rule|HP Percentage Mod: HP is shown in percentages\n|rule|Endless Battle Clause: Forcing endless battles is banned\n|rule|OHKO Clause: OHKO moves are banned\n|rule|Evasion Moves Clause: Evasion moves are banned\n|rule|Evasion Items Clause: Evasion items are banned\n|rule|Species Clause: Limit one of each Pok\u00e9mon\n|rule|Sleep Clause Mod: Limit one foe put to sleep\n|rule|Mega Rayquaza Clause: You cannot mega evolve Rayquaza\n|clearpoke\n|poke|p1|Dracovish|\n|poke|p1|Eternatus|\n|poke|p1|Kingambit, M|\n|poke|p1|Ferrothorn, F|\n|poke|p1|Mewtwo|\n|poke|p1|Groudon|\n|poke|p2|Gliscor, F|\n|poke|p2|Heracross, M|\n|poke|p2|Flutter Mane|\n|poke|p2|Cloyster, F|\n|poke|p2|Ursaluna-Bloodmoon, M|\n|poke|p2|Kingambit, M|\n|teampreview\n|\n|t:|1699871686\n|start\n|switch|p1a: Dracovish|Dracovish, shiny|100\/100\n|switch|p2a: Gliscor|Gliscor, F|100\/100\n|turn|1\n|\n|t:|1699871696\n|-terastallize|p1a: Dracovish|Water\n|move|p1a: Dracovish|Fishious Rend|p2a: Gliscor\n|-supereffective|p2a: Gliscor\n|-damage|p2a: Gliscor|0 fnt\n|faint|p2a: Gliscor\n|\n|upkeep\n|\n|t:|1699871704\n|switch|p2a: Flutter Mane|Flutter Mane|100\/100\n|turn|2\n|\n|t:|1699871710\n|move|p2a: Flutter Mane|Protect|p2a: Flutter Mane\n|-singleturn|p2a: Flutter Mane|Protect\n|move|p1a: Dracovish|Fishious Rend|p2a: Flutter Mane\n|-activate|p2a: Flutter Mane|move: Protect\n|\n|upkeep\n|turn|3\n|\n|t:|1699871717\n|switch|p1a: Groudon|Groudon|100\/100\n|detailschange|p1a: Groudon|Groudon-Primal\n|-primal|p1a: Groudon|Red Orb\n|-weather|DesolateLand|[from] ability: Desolate Land|[of] p1a: Groudon\n|move|p2a: Flutter Mane|Energy Ball|p1a: Groudon\n|-damage|p1a: Groudon|69\/100\n|\n|-weather|DesolateLand|[upkeep]\n|upkeep\n|turn|4\n|\n|t:|1699871729\n|move|p2a: Flutter Mane|Energy Ball|p1a: Groudon\n|-damage|p1a: Groudon|39\/100\n|move|p1a: Groudon|Precipice Blades|p2a: Flutter Mane\n|-damage|p2a: Flutter Mane|0 fnt\n|faint|p2a: Flutter Mane\n|-end|p2a: Flutter Mane|Protosynthesis|[silent]\n|\n|-weather|DesolateLand|[upkeep]\n|upkeep\n|\n|t:|1699871739\n|switch|p2a: Ursaluna|Ursaluna-Bloodmoon, M|100\/100\n|turn|5\n|\n|t:|1699871746\n|move|p1a: Groudon|Precipice Blades|p2a: Ursaluna\n|-damage|p2a: Ursaluna|26\/100\n|move|p2a: Ursaluna|Body Press|p1a: Groudon\n|-damage|p1a: Groudon|25\/100\n|\n|-weather|DesolateLand|[upkeep]\n|upkeep\n|turn|6\n|\n|t:|1699871754\n|move|p1a: Groudon|Precipice Blades|p2a: Ursaluna\n|-damage|p2a: Ursaluna|0 fnt\n|faint|p2a: Ursaluna\n|\n|-weather|DesolateLand|[upkeep]\n|upkeep\n|\n|t:|1699871759\n|switch|p2a: Cloyster|Cloyster, F|100\/100\n|turn|7\n|\n|t:|1699871770\n|-terastallize|p2a: Cloyster|Water\n|move|p1a: Groudon|Precipice Blades|p2a: Cloyster\n|-damage|p2a: Cloyster|22\/100\n|move|p2a: Cloyster|Chilling Water||[still]\n|-fail|p2a: Cloyster|Chilling Water|[from] Desolate Land\n|\n|-weather|DesolateLand|[upkeep]\n|upkeep\n|turn|8\n|\n|t:|1699871776\n|move|p1a: Groudon|Precipice Blades|p2a: Cloyster\n|-damage|p2a: Cloyster|0 fnt\n|faint|p2a: Cloyster\n|\n|-weather|DesolateLand|[upkeep]\n|upkeep\n|\n|t:|1699871780\n|switch|p2a: Heracross|Heracross, M|100\/100\n|turn|9\n|\n|t:|1699871786\n|detailschange|p2a: Heracross|Heracross-Mega, M\n|-mega|p2a: Heracross|Heracross|Heracronite\n|move|p1a: Groudon|Precipice Blades|p2a: Heracross\n|-resisted|p2a: Heracross\n|-damage|p2a: Heracross|56\/100\n|move|p2a: Heracross|High Horsepower|p1a: Groudon\n|-supereffective|p1a: Groudon\n|-damage|p1a: Groudon|0 fnt\n|faint|p1a: Groudon\n|-weather|none\n|\n|upkeep\n|\n|t:|1699871798\n|switch|p1a: Mewtwo|Mewtwo|100\/100\n|-ability|p1a: Mewtwo|Unnerve\n|turn|10\n|\n|t:|1699871812\n|switch|p1a: Ferrothorn|Ferrothorn, F|100\/100\n|move|p2a: Heracross|Megahorn|p1a: Ferrothorn\n|-damage|p1a: Ferrothorn|41\/100\n|-damage|p2a: Heracross|43\/100|[from] ability: Iron Barbs|[of] p1a: Ferrothorn\n|-damage|p2a: Heracross|27\/100|[from] item: Rocky Helmet|[of] p1a: Ferrothorn\n|\n|upkeep\n|turn|11\n|\n|t:|1699871824\n|move|p2a: Heracross|Megahorn|p1a: Ferrothorn\n|-damage|p1a: Ferrothorn|0 fnt\n|-damage|p2a: Heracross|14\/100|[from] ability: Iron Barbs|[of] p1a: Ferrothorn\n|-damage|p2a: Heracross|0 fnt|[from] item: Rocky Helmet|[of] p1a: Ferrothorn\n|faint|p1a: Ferrothorn\n|faint|p2a: Heracross\n|\n|upkeep\n|\n|t:|1699871832\n|switch|p2a: Kingambit|Kingambit, M|100\/100\n|switch|p1a: Dracovish|Dracovish, shiny, tera:Water|100\/100\n|-activate|p2a: Kingambit|ability: Supreme Overlord\n|-start|p2a: Kingambit|fallen5|[silent]\n|turn|12\n|\n|t:|1699871842\n|move|p1a: Dracovish|Low Kick|p2a: Kingambit\n|-supereffective|p2a: Kingambit\n|-damage|p2a: Kingambit|0 fnt\n|faint|p2a: Kingambit\n|-end|p2a: Kingambit|fallen5|[silent]\n|\n|win|wdymthenameisthere\n|raw|wdymthenameisthere's rating: 1045 &rarr; <strong>1077<\/strong><br \/>(+32 for winning)\n|raw|kelpines's rating: 1036 &rarr; <strong>1021<\/strong><br \/>(-15 for losing)\n|l|\u2606kelpines\n","uploadtime":1699871848,"views":5,"p1id":"wdymthenameisthere","p2id":"kelpines","formatid":"gen9nationaldexubers","rating":1021,"private":0,"password":""}