{"id":"gen9nationaldexubers-1988147573","p1":"HarmTurtle","p2":"DarthBowser151","format":"[Gen 9] National Dex Ubers","log":"|j|\u2606HarmTurtle\n|j|\u2606DarthBowser151\n|t:|1699675620\n|gametype|singles\n|player|p1|HarmTurtle|carmine-festival|\n|player|p2|DarthBowser151|clay|\n|teamsize|p1|6\n|teamsize|p2|6\n|gen|9\n|tier|[Gen 9] National Dex Ubers\n|rule|HP Percentage Mod: HP is shown in percentages\n|rule|Endless Battle Clause: Forcing endless battles is banned\n|rule|OHKO Clause: OHKO moves are banned\n|rule|Evasion Moves Clause: Evasion moves are banned\n|rule|Evasion Items Clause: Evasion items are banned\n|rule|Species Clause: Limit one of each Pok\u00e9mon\n|rule|Sleep Clause Mod: Limit one foe put to sleep\n|rule|Mega Rayquaza Clause: You cannot mega evolve Rayquaza\n|clearpoke\n|poke|p1|Breloom, F|\n|poke|p1|Gliscor, M|\n|poke|p1|Swampert, M|\n|poke|p1|Gastrodon-East, F|\n|poke|p1|Diggersby, F|\n|poke|p1|Steelix, M|\n|poke|p2|Celesteela|\n|poke|p2|Chesnaught, M|\n|poke|p2|Cobalion|\n|poke|p2|Tyrantrum, M|\n|poke|p2|Minun, M|\n|poke|p2|Marowak, M|\n|teampreview\n|c|\u2606HarmTurtle|gl hf! part 2\n|j| Rio34\n|\n|t:|1699675659\n|start\n|switch|p1a: Steelix|Steelix, M|100\/100\n|switch|p2a: Cobalion|Cobalion|100\/100\n|turn|1\n|\n|t:|1699675674\n|switch|p1a: Gliscor|Gliscor, M, shiny|100\/100\n|move|p2a: Cobalion|Focus Blast|p1a: Gliscor\n|-resisted|p1a: Gliscor\n|-damage|p1a: Gliscor|49\/100\n|\n|-status|p1a: Gliscor|tox|[from] item: Toxic Orb\n|upkeep\n|turn|2\n|\n|t:|1699675688\n|move|p1a: Gliscor|Protect|p1a: Gliscor\n|-singleturn|p1a: Gliscor|Protect\n|move|p2a: Cobalion|Focus Blast|p1a: Gliscor\n|-activate|p1a: Gliscor|move: Protect\n|\n|-heal|p1a: Gliscor|62\/100 tox|[from] ability: Poison Heal\n|upkeep\n|turn|3\n|\n|t:|1699675703\n|switch|p1a: Gastrodon|Gastrodon-East, F|100\/100\n|move|p2a: Cobalion|Focus Blast|p1a: Gastrodon\n|-damage|p1a: Gastrodon|42\/100\n|\n|-heal|p1a: Gastrodon|49\/100|[from] item: Leftovers\n|upkeep\n|turn|4\n|\n|t:|1699675722\n|switch|p2a: Chesnaught|Chesnaught, M|100\/100\n|move|p1a: Gastrodon|Recover|p1a: Gastrodon\n|-heal|p1a: Gastrodon|99\/100\n|\n|-heal|p1a: Gastrodon|100\/100|[from] item: Leftovers\n|upkeep\n|turn|5\n|\n|t:|1699675753\n|move|p2a: Chesnaught|Spikes|p1a: Gastrodon\n|-sidestart|p1: HarmTurtle|Spikes\n|move|p1a: Gastrodon|Ice Beam|p2a: Chesnaught\n|-supereffective|p2a: Chesnaught\n|-damage|p2a: Chesnaught|52\/100\n|\n|upkeep\n|turn|6\n|\n|t:|1699675774\n|switch|p1a: Gliscor|Gliscor, M, shiny|62\/100 tox\n|move|p2a: Chesnaught|Body Press|p1a: Gliscor\n|-resisted|p1a: Gliscor\n|-damage|p1a: Gliscor|49\/100 tox\n|\n|-heal|p1a: Gliscor|61\/100 tox|[from] ability: Poison Heal\n|upkeep\n|turn|7\n|\n|t:|1699675799\n|move|p1a: Gliscor|Knock Off|p2a: Chesnaught\n|-resisted|p2a: Chesnaught\n|-damage|p2a: Chesnaught|45\/100\n|-damage|p1a: Gliscor|45\/100 tox|[from] item: Rocky Helmet|[of] p2a: Chesnaught\n|-enditem|p2a: Chesnaught|Rocky Helmet|[from] move: Knock Off|[of] p1a: Gliscor\n|move|p2a: Chesnaught|Synthesis|p2a: Chesnaught\n|-heal|p2a: Chesnaught|95\/100\n|\n|-heal|p1a: Gliscor|57\/100 tox|[from] ability: Poison Heal\n|upkeep\n|turn|8\n|\n|t:|1699675813\n|move|p1a: Gliscor|Defog|p2a: Chesnaught\n|-unboost|p2a: Chesnaught|evasion|1\n|-sideend|p1: HarmTurtle|Spikes|[from] move: Defog|[of] p1a: Gliscor\n|move|p2a: Chesnaught|Body Press|p1a: Gliscor\n|-resisted|p1a: Gliscor\n|-damage|p1a: Gliscor|42\/100 tox\n|\n|-heal|p1a: Gliscor|55\/100 tox|[from] ability: Poison Heal\n|upkeep\n|turn|9\n|\n|t:|1699675826\n|move|p1a: Gliscor|Knock Off|p2a: Chesnaught\n|-resisted|p2a: Chesnaught\n|-damage|p2a: Chesnaught|92\/100\n|move|p2a: Chesnaught|Shadow Claw|p1a: Gliscor\n|-damage|p1a: Gliscor|45\/100 tox\n|\n|-heal|p1a: Gliscor|57\/100 tox|[from] ability: Poison Heal\n|upkeep\n|turn|10\n|\n|t:|1699675852\n|move|p1a: Gliscor|Protect|p1a: Gliscor\n|-singleturn|p1a: Gliscor|Protect\n|move|p2a: Chesnaught|Spikes|p1a: Gliscor\n|-sidestart|p1: HarmTurtle|Spikes\n|\n|-heal|p1a: Gliscor|70\/100 tox|[from] ability: Poison Heal\n|upkeep\n|turn|11\n|\n|t:|1699675875\n|move|p1a: Gliscor|Defog|p2a: Chesnaught\n|-unboost|p2a: Chesnaught|evasion|1\n|-sideend|p1: HarmTurtle|Spikes|[from] move: Defog|[of] p1a: Gliscor\n|move|p2a: Chesnaught|Spikes|p1a: Gliscor\n|-sidestart|p1: HarmTurtle|Spikes\n|\n|-heal|p1a: Gliscor|82\/100 tox|[from] ability: Poison Heal\n|upkeep\n|turn|12\n|\n|t:|1699675890\n|switch|p1a: Diggersby|Diggersby, F|100\/100\n|-damage|p1a: Diggersby|88\/100|[from] Spikes\n|move|p2a: Chesnaught|Body Press|p1a: Diggersby\n|-supereffective|p1a: Diggersby\n|-damage|p1a: Diggersby|0 fnt\n|faint|p1a: Diggersby\n|\n|upkeep\n|\n|t:|1699675908\n|switch|p1a: Steelix|Steelix, M|100\/100\n|-damage|p1a: Steelix|88\/100|[from] Spikes\n|turn|13\n|\n|t:|1699675941\n|switch|p2a: Minun|Minun, M|100\/100\n|move|p1a: Steelix|Iron Defense|p1a: Steelix\n|-boost|p1a: Steelix|def|2\n|\n|-heal|p1a: Steelix|94\/100|[from] item: Leftovers\n|upkeep\n|turn|14\n|\n|t:|1699675975\n|move|p2a: Minun|Encore|p1a: Steelix\n|-start|p1a: Steelix|Encore\n|move|p1a: Steelix|Iron Defense|p1a: Steelix\n|-boost|p1a: Steelix|def|2\n|\n|-heal|p1a: Steelix|100\/100|[from] item: Leftovers\n|upkeep\n|turn|15\n|\n|t:|1699675986\n|switch|p2a: Cobalion|Cobalion|100\/100\n|switch|p1a: Gliscor|Gliscor, M, shiny|82\/100 tox\n|\n|-heal|p1a: Gliscor|95\/100 tox|[from] ability: Poison Heal\n|upkeep\n|turn|16\n|\n|t:|1699676016\n|move|p1a: Gliscor|Protect|p1a: Gliscor\n|-singleturn|p1a: Gliscor|Protect\n|move|p2a: Cobalion|Flash Cannon|p1a: Gliscor\n|-activate|p1a: Gliscor|move: Protect\n|\n|-heal|p1a: Gliscor|100\/100 tox|[from] ability: Poison Heal\n|upkeep\n|turn|17\n|\n|t:|1699676035\n|switch|p1a: Steelix|Steelix, M|100\/100\n|-damage|p1a: Steelix|88\/100|[from] Spikes\n|move|p2a: Cobalion|Flash Cannon|p1a: Steelix\n|-resisted|p1a: Steelix\n|-damage|p1a: Steelix|65\/100\n|\n|-heal|p1a: Steelix|72\/100|[from] item: Leftovers\n|upkeep\n|turn|18\n|\n|t:|1699676046\n|switch|p2a: Celesteela|Celesteela|100\/100\n|move|p1a: Steelix|Stealth Rock|p2a: Celesteela\n|-sidestart|p2: DarthBowser151|move: Stealth Rock\n|\n|-heal|p1a: Steelix|78\/100|[from] item: Leftovers\n|upkeep\n|turn|19\n|\n|t:|1699676060\n|move|p2a: Celesteela|Leech Seed|p1a: Steelix\n|-start|p1a: Steelix|move: Leech Seed\n|move|p1a: Steelix|Body Press|p2a: Celesteela\n|-damage|p2a: Celesteela|75\/100\n|\n|-heal|p2a: Celesteela|81\/100|[from] item: Leftovers\n|-heal|p1a: Steelix|84\/100|[from] item: Leftovers\n|-damage|p1a: Steelix|72\/100|[from] Leech Seed|[of] p2a: Celesteela\n|-heal|p2a: Celesteela|92\/100|[silent]\n|upkeep\n|turn|20\n|\n|t:|1699676073\n|switch|p1a: Breloom|Breloom, F|100\/100\n|-damage|p1a: Breloom|88\/100|[from] Spikes\n|move|p2a: Celesteela|Giga Drain|p1a: Breloom\n|-resisted|p1a: Breloom\n|-damage|p1a: Breloom|72\/100\n|-heal|p2a: Celesteela|97\/100|[from] drain|[of] p1a: Breloom\n|\n|-heal|p2a: Celesteela|100\/100|[from] item: Leftovers\n|upkeep\n|turn|21\n|\n|t:|1699676096\n|switch|p1a: Gliscor|Gliscor, M, shiny|100\/100 tox\n|switch|p2a: Minun|Minun, M|100\/100\n|-damage|p2a: Minun|88\/100|[from] Stealth Rock\n|\n|upkeep\n|turn|22\n|\n|t:|1699676174\n|switch|p2a: Celesteela|Celesteela|100\/100\n|-damage|p2a: Celesteela|88\/100|[from] Stealth Rock\n|move|p1a: Gliscor|Knock Off|p2a: Celesteela\n|-damage|p2a: Celesteela|71\/100\n|-enditem|p2a: Celesteela|Leftovers|[from] move: Knock Off|[of] p1a: Gliscor\n|\n|upkeep\n|turn|23\n|\n|t:|1699676199\n|switch|p1a: Breloom|Breloom, F|72\/100\n|-damage|p1a: Breloom|60\/100|[from] Spikes\n|move|p2a: Celesteela|Giga Drain|p1a: Breloom\n|-resisted|p1a: Breloom\n|-damage|p1a: Breloom|41\/100\n|-heal|p2a: Celesteela|77\/100|[from] drain|[of] p1a: Breloom\n|\n|upkeep\n|turn|24\n|\n|t:|1699676220\n|switch|p2a: Minun|Minun, M|88\/100\n|-damage|p2a: Minun|76\/100|[from] Stealth Rock\n|move|p1a: Breloom|Spore|p2a: Minun\n|-status|p2a: Minun|slp|[from] move: Spore\n|\n|upkeep\n|turn|25\n|\n|t:|1699676279\n|switch|p1a: Gastrodon|Gastrodon-East, F|100\/100\n|-damage|p1a: Gastrodon|88\/100|[from] Spikes\n|cant|p2a: Minun|slp\n|\n|-heal|p1a: Gastrodon|94\/100|[from] item: Leftovers\n|upkeep\n|turn|26\n|\n|t:|1699676294\n|cant|p2a: Minun|slp\n|move|p1a: Gastrodon|Earthquake|p2a: Minun\n|-supereffective|p2a: Minun\n|-damage|p2a: Minun|0 fnt\n|faint|p2a: Minun\n|\n|-heal|p1a: Gastrodon|100\/100|[from] item: Leftovers\n|upkeep\n|\n|t:|1699676337\n|switch|p2a: Celesteela|Celesteela|77\/100\n|-damage|p2a: Celesteela|65\/100|[from] Stealth Rock\n|turn|27\n|\n|t:|1699676366\n|switch|p2a: Cobalion|Cobalion|100\/100\n|-damage|p2a: Cobalion|97\/100|[from] Stealth Rock\n|move|p1a: Gastrodon|Scald|p2a: Cobalion\n|-damage|p2a: Cobalion|59\/100\n|\n|upkeep\n|turn|28\n|\n|t:|1699676379\n|move|p2a: Cobalion|Focus Blast|p1a: Gastrodon|[miss]\n|-miss|p2a: Cobalion|p1a: Gastrodon\n|move|p1a: Gastrodon|Recover||[still]\n|-fail|p1a: Gastrodon|heal\n|\n|upkeep\n|turn|29\n|\n|t:|1699676390\n|switch|p2a: Chesnaught|Chesnaught, M|92\/100\n|-damage|p2a: Chesnaught|86\/100|[from] Stealth Rock\n|move|p1a: Gastrodon|Recover||[still]\n|-fail|p1a: Gastrodon|heal\n|\n|upkeep\n|turn|30\n|\n|t:|1699676399\n|move|p2a: Chesnaught|Spikes|p1a: Gastrodon\n|-sidestart|p1: HarmTurtle|Spikes\n|move|p1a: Gastrodon|Ice Beam|p2a: Chesnaught\n|-supereffective|p2a: Chesnaught\n|-damage|p2a: Chesnaught|43\/100\n|\n|upkeep\n|turn|31\n|\n|t:|1699676406\n|move|p2a: Chesnaught|Body Press|p1a: Gastrodon\n|-damage|p1a: Gastrodon|60\/100\n|move|p1a: Gastrodon|Ice Beam|p2a: Chesnaught\n|-supereffective|p2a: Chesnaught\n|-damage|p2a: Chesnaught|0 fnt\n|faint|p2a: Chesnaught\n|\n|-heal|p1a: Gastrodon|67\/100|[from] item: Leftovers\n|upkeep\n|\n|t:|1699676425\n|switch|p2a: Celesteela|Celesteela|65\/100\n|-damage|p2a: Celesteela|52\/100|[from] Stealth Rock\n|turn|32\n|\n|t:|1699676439\n|move|p2a: Celesteela|Toxic|p1a: Gastrodon\n|-status|p1a: Gastrodon|tox\n|move|p1a: Gastrodon|Scald|p2a: Celesteela\n|-damage|p2a: Celesteela|34\/100\n|-status|p2a: Celesteela|brn\n|\n|-heal|p1a: Gastrodon|73\/100 tox|[from] item: Leftovers\n|-damage|p1a: Gastrodon|67\/100 tox|[from] psn\n|-damage|p2a: Celesteela|28\/100 brn|[from] brn\n|upkeep\n|turn|33\n|\n|t:|1699676452\n|switch|p1a: Breloom|Breloom, F|41\/100\n|-damage|p1a: Breloom|25\/100|[from] Spikes\n|move|p2a: Celesteela|Giga Drain|p1a: Breloom\n|-resisted|p1a: Breloom\n|-damage|p1a: Breloom|5\/100\n|-heal|p2a: Celesteela|34\/100 brn|[from] drain|[of] p1a: Breloom\n|\n|-damage|p2a: Celesteela|28\/100 brn|[from] brn\n|upkeep\n|turn|34\n|\n|t:|1699676476\n|move|p1a: Breloom|Mach Punch|p2a: Celesteela\n|-damage|p2a: Celesteela|5\/100 brn\n|move|p2a: Celesteela|Giga Drain|p1a: Breloom\n|-resisted|p1a: Breloom\n|-damage|p1a: Breloom|0 fnt\n|-heal|p2a: Celesteela|7\/100 brn|[from] drain|[of] p1a: Breloom\n|faint|p1a: Breloom\n|-ability|p2a: Celesteela|Beast Boost|boost\n|-boost|p2a: Celesteela|spd|1\n|\n|-damage|p2a: Celesteela|0 fnt|[from] brn\n|faint|p2a: Celesteela\n|upkeep\n|\n|t:|1699676495\n|switch|p1a: Gliscor|Gliscor, M, shiny|100\/100 tox\n|switch|p2a: Marowak|Marowak, M|100\/100\n|-damage|p2a: Marowak|94\/100|[from] Stealth Rock\n|turn|35\n|\n|t:|1699676506\n|move|p1a: Gliscor|Knock Off|p2a: Marowak\n|-damage|p2a: Marowak|74\/100\n|-enditem|p2a: Marowak|Thick Club|[from] move: Knock Off|[of] p1a: Gliscor\n|move|p2a: Marowak|Swords Dance|p2a: Marowak\n|-boost|p2a: Marowak|atk|2\n|\n|upkeep\n|turn|36\n|\n|t:|1699676528\n|switch|p1a: Gastrodon|Gastrodon-East, F|67\/100 tox\n|-damage|p1a: Gastrodon|50\/100 tox|[from] Spikes\n|move|p2a: Marowak|Swords Dance|p2a: Marowak\n|-boost|p2a: Marowak|atk|2\n|\n|-heal|p1a: Gastrodon|57\/100 tox|[from] item: Leftovers\n|-damage|p1a: Gastrodon|50\/100 tox|[from] psn\n|upkeep\n|turn|37\n|\n|t:|1699676544\n|move|p2a: Marowak|Knock Off|p1a: Gastrodon\n|-damage|p1a: Gastrodon|0 fnt\n|-enditem|p1a: Gastrodon|Leftovers|[from] move: Knock Off|[of] p2a: Marowak\n|faint|p1a: Gastrodon\n|\n|upkeep\n|\n|t:|1699676547\n|switch|p1a: Swampert|Swampert, M|100\/100\n|-damage|p1a: Swampert|84\/100|[from] Spikes\n|turn|38\n|\n|t:|1699676559\n|move|p1a: Swampert|Liquidation|p2a: Marowak\n|-supereffective|p2a: Marowak\n|-damage|p2a: Marowak|3\/100\n|move|p2a: Marowak|Knock Off|p1a: Swampert\n|-damage|p1a: Swampert|0 fnt\n|-enditem|p1a: Swampert|Salac Berry|[from] move: Knock Off|[of] p2a: Marowak\n|faint|p1a: Swampert\n|\n|upkeep\n|\n|t:|1699676564\n|switch|p1a: Gliscor|Gliscor, M, shiny|100\/100 tox\n|turn|39\n|\n|t:|1699676595\n|move|p1a: Gliscor|Earthquake|p2a: Marowak\n|-damage|p2a: Marowak|0 fnt\n|faint|p2a: Marowak\n|\n|upkeep\n|\n|t:|1699676609\n|switch|p2a: Tyrantrum|Tyrantrum, M|100\/100\n|-damage|p2a: Tyrantrum|88\/100|[from] Stealth Rock\n|turn|40\n|\n|t:|1699676619\n|move|p2a: Tyrantrum|Dragon Dance|p2a: Tyrantrum\n|-boost|p2a: Tyrantrum|atk|1\n|-boost|p2a: Tyrantrum|spe|1\n|move|p1a: Gliscor|Earthquake|p2a: Tyrantrum\n|-supereffective|p2a: Tyrantrum\n|-damage|p2a: Tyrantrum|19\/100\n|\n|upkeep\n|turn|41\n|\n|t:|1699676638\n|move|p2a: Tyrantrum|Head Smash|p1a: Gliscor\n|-damage|p1a: Gliscor|26\/100 tox\n|move|p1a: Gliscor|Earthquake|p2a: Tyrantrum\n|-supereffective|p2a: Tyrantrum\n|-damage|p2a: Tyrantrum|0 fnt\n|faint|p2a: Tyrantrum\n|\n|-heal|p1a: Gliscor|38\/100 tox|[from] ability: Poison Heal\n|upkeep\n|\n|t:|1699676647\n|switch|p2a: Cobalion|Cobalion|59\/100\n|-damage|p2a: Cobalion|56\/100|[from] Stealth Rock\n|turn|42\n|\n|t:|1699676652\n|move|p1a: Gliscor|Protect|p1a: Gliscor\n|-singleturn|p1a: Gliscor|Protect\n|move|p2a: Cobalion|Focus Blast|p1a: Gliscor\n|-activate|p1a: Gliscor|move: Protect\n|\n|-heal|p1a: Gliscor|51\/100 tox|[from] ability: Poison Heal\n|upkeep\n|turn|43\n|\n|t:|1699676671\n|move|p2a: Cobalion|Focus Blast|p1a: Gliscor\n|-resisted|p1a: Gliscor\n|-damage|p1a: Gliscor|2\/100 tox\n|move|p1a: Gliscor|Knock Off|p2a: Cobalion\n|-resisted|p2a: Cobalion\n|-damage|p2a: Cobalion|47\/100\n|-ability|p2a: Cobalion|Justified|boost\n|-boost|p2a: Cobalion|atk|1\n|-enditem|p2a: Cobalion|Choice Specs|[from] move: Knock Off|[of] p1a: Gliscor\n|\n|-heal|p1a: Gliscor|15\/100 tox|[from] ability: Poison Heal\n|upkeep\n|turn|44\n|\n|t:|1699676689\n|move|p1a: Gliscor|Protect|p1a: Gliscor\n|-singleturn|p1a: Gliscor|Protect\n|move|p2a: Cobalion|Flash Cannon|p1a: Gliscor\n|-activate|p1a: Gliscor|move: Protect\n|\n|-heal|p1a: Gliscor|27\/100 tox|[from] ability: Poison Heal\n|upkeep\n|turn|45\n|\n|t:|1699676699\n|move|p2a: Cobalion|Flash Cannon|p1a: Gliscor\n|-damage|p1a: Gliscor|0 fnt\n|faint|p1a: Gliscor\n|\n|upkeep\n|\n|t:|1699676701\n|switch|p1a: Steelix|Steelix, M|72\/100\n|-damage|p1a: Steelix|55\/100|[from] Spikes\n|turn|46\n|\n|t:|1699676710\n|move|p2a: Cobalion|Focus Blast|p1a: Steelix|[miss]\n|-miss|p2a: Cobalion|p1a: Steelix\n|move|p1a: Steelix|Body Press|p2a: Cobalion\n|-supereffective|p2a: Cobalion\n|-damage|p2a: Cobalion|0 fnt\n|faint|p2a: Cobalion\n|\n|win|HarmTurtle\n","uploadtime":1699676727,"views":5,"p1id":"harmturtle","p2id":"darthbowser151","formatid":"gen9nationaldexubers","rating":0,"private":0,"password":""}