{"id":"gen9nationaldexubers-1978528808","p1":"eyka1234","p2":"yiyi yizi","format":"[Gen 9] National Dex Ubers","log":"|j|\u2606eyka1234\n|j|\u2606yiyi yizi\n|t:|1698551059\n|gametype|singles\n|player|p1|eyka1234|depotagent|1478\n|player|p2|yiyi yizi|hilbert|1384\n|teamsize|p1|6\n|teamsize|p2|6\n|gen|9\n|tier|[Gen 9] National Dex Ubers\n|rated|\n|rule|HP Percentage Mod: HP is shown in percentages\n|rule|Endless Battle Clause: Forcing endless battles is banned\n|rule|OHKO Clause: OHKO moves are banned\n|rule|Evasion Moves Clause: Evasion moves are banned\n|rule|Evasion Items Clause: Evasion items are banned\n|rule|Species Clause: Limit one of each Pok\u00e9mon\n|rule|Sleep Clause Mod: Limit one foe put to sleep\n|rule|Mega Rayquaza Clause: You cannot mega evolve Rayquaza\n|clearpoke\n|poke|p1|Yveltal|\n|poke|p1|Kyogre|\n|poke|p1|Ditto|\n|poke|p1|Arceus|\n|poke|p1|Cinderace, F|\n|poke|p1|Cottonee, L1, M|\n|poke|p2|Corsola-Galar, F|\n|poke|p2|Gliscor, M|\n|poke|p2|Togedemaru, L1, M|\n|poke|p2|Gigalith, F|\n|poke|p2|Dusclops, M|\n|poke|p2|Yveltal|\n|teampreview\n|inactive|Battle timer is ON: inactive players will automatically lose when time's up. (requested by yiyi yizi)\n|\n|t:|1698551069\n|start\n|switch|p1a: Arceus|Arceus|100\/100\n|switch|p2a: Dusclops|Dusclops, M|100\/100\n|-ability|p2a: Dusclops|Pressure\n|turn|1\n|\n|t:|1698551079\n|switch|p1a: Yveltal|Yveltal|100\/100\n|-ability|p1a: Yveltal|Dark Aura\n|move|p2a: Dusclops|Will-O-Wisp|p1a: Yveltal\n|-status|p1a: Yveltal|brn\n|\n|-damage|p1a: Yveltal|94\/100 brn|[from] brn\n|upkeep\n|turn|2\n|\n|t:|1698551084\n|switch|p2a: Yveltal|Yveltal, shiny|100\/100\n|-ability|p2a: Yveltal|Dark Aura\n|move|p1a: Yveltal|Dark Pulse|p2a: Yveltal\n|-resisted|p2a: Yveltal\n|-damage|p2a: Yveltal|86\/100\n|\n|-damage|p1a: Yveltal|88\/100 brn|[from] brn\n|upkeep\n|turn|3\n|\n|t:|1698551086\n|move|p1a: Yveltal|Oblivion Wing|p2a: Yveltal\n|-damage|p2a: Yveltal|63\/100\n|-heal|p1a: Yveltal|100\/100 brn|[from] drain|[of] p2a: Yveltal\n|move|p2a: Yveltal|Oblivion Wing|p1a: Yveltal\n|-damage|p1a: Yveltal|79\/100 brn\n|-heal|p2a: Yveltal|82\/100|[from] drain|[of] p1a: Yveltal\n|\n|-damage|p1a: Yveltal|72\/100 brn|[from] brn\n|upkeep\n|turn|4\n|\n|t:|1698551094\n|move|p2a: Yveltal|Dark Pulse|p1a: Yveltal\n|-resisted|p1a: Yveltal\n|-damage|p1a: Yveltal|57\/100 brn\n|cant|p1a: Yveltal|flinch\n|\n|-damage|p1a: Yveltal|51\/100 brn|[from] brn\n|upkeep\n|turn|5\n|\n|t:|1698551098\n|move|p2a: Yveltal|Oblivion Wing|p1a: Yveltal\n|-damage|p1a: Yveltal|27\/100 brn\n|-heal|p2a: Yveltal|100\/100|[from] drain|[of] p1a: Yveltal\n|move|p1a: Yveltal|Oblivion Wing|p2a: Yveltal\n|-damage|p2a: Yveltal|79\/100\n|-heal|p1a: Yveltal|41\/100 brn|[from] drain|[of] p2a: Yveltal\n|\n|-damage|p1a: Yveltal|35\/100 brn|[from] brn\n|upkeep\n|turn|6\n|\n|t:|1698551105\n|move|p2a: Yveltal|Oblivion Wing|p1a: Yveltal\n|-damage|p1a: Yveltal|13\/100 brn\n|-heal|p2a: Yveltal|98\/100|[from] drain|[of] p1a: Yveltal\n|move|p1a: Yveltal|Oblivion Wing|p2a: Yveltal\n|-damage|p2a: Yveltal|76\/100\n|-heal|p1a: Yveltal|27\/100 brn|[from] drain|[of] p2a: Yveltal\n|\n|-damage|p1a: Yveltal|21\/100 brn|[from] brn\n|upkeep\n|turn|7\n|\n|t:|1698551112\n|move|p1a: Yveltal|Oblivion Wing|p2a: Yveltal\n|-damage|p2a: Yveltal|55\/100\n|-heal|p1a: Yveltal|35\/100 brn|[from] drain|[of] p2a: Yveltal\n|move|p2a: Yveltal|Dark Pulse|p1a: Yveltal\n|-resisted|p1a: Yveltal\n|-damage|p1a: Yveltal|20\/100 brn\n|\n|-damage|p1a: Yveltal|14\/100 brn|[from] brn\n|upkeep\n|turn|8\n|\n|t:|1698551119\n|move|p1a: Yveltal|Dark Pulse|p2a: Yveltal\n|-resisted|p2a: Yveltal\n|-damage|p2a: Yveltal|40\/100\n|cant|p2a: Yveltal|flinch\n|\n|-damage|p1a: Yveltal|8\/100 brn|[from] brn\n|upkeep\n|turn|9\n|\n|t:|1698551124\n|move|p2a: Yveltal|Oblivion Wing|p1a: Yveltal\n|-damage|p1a: Yveltal|0 fnt\n|-heal|p2a: Yveltal|46\/100|[from] drain|[of] p1a: Yveltal\n|faint|p1a: Yveltal\n|\n|upkeep\n|\n|t:|1698551134\n|switch|p1a: Arceus|Arceus|100\/100\n|turn|10\n|\n|t:|1698551138\n|move|p1a: Arceus|Swords Dance|p1a: Arceus\n|-boost|p1a: Arceus|atk|2\n|move|p2a: Yveltal|Oblivion Wing|p1a: Arceus\n|-damage|p1a: Arceus|71\/100\n|-heal|p2a: Yveltal|71\/100|[from] drain|[of] p1a: Arceus\n|\n|upkeep\n|turn|11\n|\n|t:|1698551141\n|switch|p2a: Dusclops|Dusclops, M|100\/100\n|-ability|p2a: Dusclops|Pressure\n|move|p1a: Arceus|Extreme Speed|p2a: Dusclops\n|-immune|p2a: Dusclops\n|\n|upkeep\n|turn|12\n|\n|t:|1698551145\n|switch|p1a: Cinderace|Cinderace, F|100\/100\n|move|p2a: Dusclops|Will-O-Wisp|p1a: Cinderace\n|-immune|p1a: Cinderace\n|\n|upkeep\n|turn|13\n|\n|t:|1698551158\n|switch|p2a: Corsola|Corsola-Galar, F, shiny|100\/100\n|move|p1a: Cinderace|Will-O-Wisp|p2a: Corsola\n|-status|p2a: Corsola|brn\n|\n|-damage|p2a: Corsola|94\/100 brn|[from] brn\n|upkeep\n|turn|14\n|\n|t:|1698551166\n|move|p1a: Cinderace|Pyro Ball|p2a: Corsola\n|-damage|p2a: Corsola|67\/100 brn\n|move|p2a: Corsola|Whirlpool|p1a: Cinderace\n|-supereffective|p1a: Cinderace\n|-damage|p1a: Cinderace|83\/100\n|-activate|p1a: Cinderace|move: Whirlpool|[of] p2a: Corsola\n|\n|-damage|p2a: Corsola|61\/100 brn|[from] brn\n|-damage|p1a: Cinderace|71\/100|[from] move: Whirlpool|[partiallytrapped]\n|upkeep\n|turn|15\n|\n|t:|1698551172\n|move|p1a: Cinderace|Pyro Ball|p2a: Corsola\n|-damage|p2a: Corsola|34\/100 brn\n|move|p2a: Corsola|Strength Sap|p1a: Cinderace\n|-unboost|p1a: Cinderace|atk|1\n|-heal|p2a: Corsola|100\/100 brn\n|\n|-damage|p2a: Corsola|94\/100 brn|[from] brn\n|-damage|p1a: Cinderace|59\/100|[from] move: Whirlpool|[partiallytrapped]\n|upkeep\n|turn|16\n|\n|t:|1698551174\n|move|p1a: Cinderace|Pyro Ball|p2a: Corsola\n|-damage|p2a: Corsola|74\/100 brn\n|-start|p1a: Cinderace|Disable|Pyro Ball|[from] ability: Cursed Body|[of] p2a: Corsola\n|move|p2a: Corsola|Night Shade|p1a: Cinderace\n|-damage|p1a: Cinderace|25\/100\n|\n|-damage|p2a: Corsola|67\/100 brn|[from] brn\n|-damage|p1a: Cinderace|13\/100|[from] move: Whirlpool|[partiallytrapped]\n|upkeep\n|turn|17\n|\n|t:|1698551178\n|move|p1a: Cinderace|Gunk Shot|p2a: Corsola\n|-start|p1a: Cinderace|typechange|Poison|[from] ability: Libero\n|-resisted|p2a: Corsola\n|-damage|p2a: Corsola|57\/100 brn\n|move|p2a: Corsola|Strength Sap|p1a: Cinderace\n|-unboost|p1a: Cinderace|atk|1\n|-heal|p2a: Corsola|100\/100 brn\n|\n|-damage|p2a: Corsola|94\/100 brn|[from] brn\n|-damage|p1a: Cinderace|1\/100|[from] move: Whirlpool|[partiallytrapped]\n|upkeep\n|turn|18\n|\n|t:|1698551182\n|move|p1a: Cinderace|Gunk Shot|p2a: Corsola\n|-resisted|p2a: Corsola\n|-damage|p2a: Corsola|87\/100 brn\n|move|p2a: Corsola|Strength Sap|p1a: Cinderace\n|-unboost|p1a: Cinderace|atk|1\n|-heal|p2a: Corsola|100\/100 brn\n|\n|-damage|p2a: Corsola|94\/100 brn|[from] brn\n|-damage|p1a: Cinderace|0 fnt|[from] move: Whirlpool|[partiallytrapped]\n|faint|p1a: Cinderace\n|upkeep\n|\n|t:|1698551185\n|switch|p1a: Kyogre|Kyogre|100\/100\n|detailschange|p1a: Kyogre|Kyogre-Primal\n|-primal|p1a: Kyogre|Blue Orb\n|-weather|PrimordialSea|[from] ability: Primordial Sea|[of] p1a: Kyogre\n|turn|19\n|\n|t:|1698551189\n|move|p1a: Kyogre|Water Spout|p2a: Corsola\n|-damage|p2a: Corsola|0 fnt\n|faint|p2a: Corsola\n|\n|-weather|PrimordialSea|[upkeep]\n|upkeep\n|\n|t:|1698551205\n|switch|p2a: Yveltal|Yveltal, shiny|71\/100\n|-ability|p2a: Yveltal|Dark Aura\n|turn|20\n|\n|t:|1698551210\n|-weather|none\n|switch|p1a: Arceus|Arceus|71\/100\n|move|p2a: Yveltal|Oblivion Wing|p1a: Arceus\n|-damage|p1a: Arceus|39\/100\n|-heal|p2a: Yveltal|98\/100|[from] drain|[of] p1a: Arceus\n|\n|upkeep\n|turn|21\n|\n|t:|1698551213\n|move|p1a: Arceus|Recover|p1a: Arceus\n|-heal|p1a: Arceus|89\/100\n|move|p2a: Yveltal|Dark Pulse|p1a: Arceus\n|-crit|p1a: Arceus\n|-damage|p1a: Arceus|28\/100\n|\n|upkeep\n|turn|22\n|\n|t:|1698551217\n|move|p1a: Arceus|Recover|p1a: Arceus\n|-heal|p1a: Arceus|78\/100\n|move|p2a: Yveltal|Dark Pulse|p1a: Arceus\n|-damage|p1a: Arceus|36\/100\n|\n|upkeep\n|turn|23\n|\n|t:|1698551224\n|move|p1a: Arceus|Recover|p1a: Arceus\n|-heal|p1a: Arceus|86\/100\n|move|p2a: Yveltal|Focus Blast|p1a: Arceus|[miss]\n|-miss|p2a: Yveltal|p1a: Arceus\n|\n|upkeep\n|turn|24\n|\n|t:|1698551231\n|move|p1a: Arceus|Extreme Speed|p2a: Yveltal\n|-damage|p2a: Yveltal|47\/100\n|move|p2a: Yveltal|Focus Blast|p1a: Arceus\n|-supereffective|p1a: Arceus\n|-damage|p1a: Arceus|25\/100\n|\n|upkeep\n|turn|25\n|\n|t:|1698551237\n|switch|p2a: Dusclops|Dusclops, M|100\/100\n|-ability|p2a: Dusclops|Pressure\n|move|p1a: Arceus|Recover|p1a: Arceus\n|-heal|p1a: Arceus|75\/100\n|\n|upkeep\n|turn|26\n|\n|t:|1698551242\n|switch|p1a: Kyogre|Kyogre-Primal|100\/100\n|-weather|PrimordialSea|[from] ability: Primordial Sea|[of] p1a: Kyogre\n|move|p2a: Dusclops|Trick Room|p2a: Dusclops\n|-fieldstart|move: Trick Room|[of] p2a: Dusclops\n|\n|-weather|PrimordialSea|[upkeep]\n|upkeep\n|turn|27\n|\n|t:|1698551250\n|move|p2a: Dusclops|Will-O-Wisp|p1a: Kyogre\n|-status|p1a: Kyogre|brn\n|move|p1a: Kyogre|Water Spout|p2a: Dusclops\n|-damage|p2a: Dusclops|18\/100\n|\n|-weather|PrimordialSea|[upkeep]\n|-damage|p1a: Kyogre|94\/100 brn|[from] brn\n|upkeep\n|turn|28\n|\n|t:|1698551254\n|switch|p2a: oneshotn't|Togedemaru, L1, M|100\/100\n|move|p1a: Kyogre|Water Spout|p2a: oneshotn't\n|-ability|p2a: oneshotn't|Sturdy\n|-damage|p2a: oneshotn't|9\/100\n|\n|-weather|PrimordialSea|[upkeep]\n|-damage|p1a: Kyogre|88\/100 brn|[from] brn\n|upkeep\n|turn|29\n|\n|t:|1698551259\n|-weather|none\n|switch|p1a: Arceus|Arceus|75\/100\n|move|p2a: oneshotn't|Endeavor|p1a: Arceus\n|-damage|p1a: Arceus|1\/100\n|-heal|p2a: oneshotn't|100\/100|[from] item: Shell Bell|[of] p1a: Arceus\n|\n|upkeep\n|turn|30\n|\n|t:|1698551264\n|move|p2a: oneshotn't|Spiky Shield|p2a: oneshotn't\n|-singleturn|p2a: oneshotn't|move: Protect\n|move|p1a: Arceus|Recover|p1a: Arceus\n|-heal|p1a: Arceus|51\/100\n|\n|-fieldend|move: Trick Room\n|upkeep\n|turn|31\n|\n|t:|1698551269\n|move|p1a: Arceus|Earthquake|p2a: oneshotn't\n|-supereffective|p2a: oneshotn't\n|-ability|p2a: oneshotn't|Sturdy\n|-damage|p2a: oneshotn't|9\/100\n|move|p2a: oneshotn't|Endeavor|p1a: Arceus\n|-damage|p1a: Arceus|1\/100\n|-heal|p2a: oneshotn't|100\/100|[from] item: Shell Bell|[of] p1a: Arceus\n|\n|upkeep\n|turn|32\n|\n|t:|1698551272\n|switch|p2a: Gliscor|Gliscor, M, shiny|100\/100\n|move|p1a: Arceus|Recover|p1a: Arceus\n|-heal|p1a: Arceus|51\/100\n|\n|-status|p2a: Gliscor|tox|[from] item: Toxic Orb\n|upkeep\n|turn|33\n|\n|t:|1698551283\n|switch|p1a: Ditto|Ditto|100\/100\n|-transform|p1a: Ditto|p2a: Gliscor|[from] ability: Imposter\n|move|p2a: Gliscor|Toxic|p1a: Ditto\n|-status|p1a: Ditto|tox\n|\n|upkeep\n|turn|34\n|\n|t:|1698551294\n|switch|p1a: Arceus|Arceus|51\/100\n|move|p2a: Gliscor|Protect||[still]\n|-fail|p2a: Gliscor\n|\n|upkeep\n|turn|35\n|\n|t:|1698551299\n|move|p2a: Gliscor|Toxic|p1a: Arceus\n|-status|p1a: Arceus|tox\n|move|p1a: Arceus|Swords Dance|p1a: Arceus\n|-boost|p1a: Arceus|atk|2\n|\n|-damage|p1a: Arceus|45\/100 tox|[from] psn\n|upkeep\n|turn|36\n|\n|t:|1698551301\n|move|p1a: Arceus|Extreme Speed|p2a: Gliscor\n|-damage|p2a: Gliscor|24\/100 tox\n|move|p2a: Gliscor|Substitute|p2a: Gliscor\n|-fail|p2a: Gliscor|move: Substitute|[weak]\n|\n|-heal|p2a: Gliscor|37\/100 tox|[from] ability: Poison Heal\n|-damage|p1a: Arceus|32\/100 tox|[from] psn\n|upkeep\n|turn|37\n|\n|t:|1698551307\n|move|p2a: Gliscor|Protect|p2a: Gliscor\n|-singleturn|p2a: Gliscor|Protect\n|move|p1a: Arceus|Earthquake|p2a: Gliscor\n|-activate|p2a: Gliscor|move: Protect\n|\n|-heal|p2a: Gliscor|49\/100 tox|[from] ability: Poison Heal\n|-damage|p1a: Arceus|14\/100 tox|[from] psn\n|upkeep\n|turn|38\n|\n|t:|1698551310\n|switch|p2a: Yveltal|Yveltal, shiny|47\/100\n|-ability|p2a: Yveltal|Dark Aura\n|move|p1a: Arceus|Recover|p1a: Arceus\n|-heal|p1a: Arceus|64\/100 tox\n|\n|-damage|p1a: Arceus|40\/100 tox|[from] psn\n|upkeep\n|turn|39\n|\n|t:|1698551316\n|move|p1a: Arceus|Extreme Speed|p2a: Yveltal\n|-damage|p2a: Yveltal|0 fnt\n|faint|p2a: Yveltal\n|\n|-damage|p1a: Arceus|10\/100 tox|[from] psn\n|upkeep\n|\n|t:|1698551319\n|switch|p2a: oneshotn't|Togedemaru, L1, M|100\/100\n|turn|40\n|\n|t:|1698551332\n|move|p2a: oneshotn't|Fake Out|p1a: Arceus\n|-damage|p1a: Arceus|9\/100 tox\n|cant|p1a: Arceus|flinch\n|\n|-damage|p1a: Arceus|0 fnt|[from] psn\n|faint|p1a: Arceus\n|upkeep\n|\n|t:|1698551348\n|switch|p1a: Kyogre|Kyogre-Primal|88\/100 brn\n|-weather|PrimordialSea|[from] ability: Primordial Sea|[of] p1a: Kyogre\n|turn|41\n|\n|t:|1698551354\n|-weather|none\n|switch|p1a: Ditto|Ditto|100\/100 tox\n|-transform|p1a: Ditto|p2a: oneshotn't|[from] ability: Imposter\n|move|p2a: oneshotn't|Endeavor|p1a: Ditto\n|-damage|p1a: Ditto|4\/100 tox\n|\n|-damage|p1a: Ditto|0 fnt|[from] psn\n|faint|p1a: Ditto\n|upkeep\n|\n|t:|1698551359\n|switch|p1a: Cottonee|Cottonee, L1, M|100\/100\n|turn|42\n|\n|t:|1698551367\n|move|p1a: Cottonee|Leech Seed|p2a: oneshotn't\n|-start|p2a: oneshotn't|move: Leech Seed\n|move|p2a: oneshotn't|Pin Missile|p1a: Cottonee\n|-damage|p1a: Cottonee|82\/100\n|-damage|p1a: Cottonee|64\/100\n|-hitcount|p1a: Cottonee|2\n|\n|-damage|p2a: oneshotn't|92\/100|[from] Leech Seed|[of] p1a: Cottonee\n|-heal|p1a: Cottonee|73\/100|[silent]\n|upkeep\n|turn|43\n|\n|t:|1698551374\n|switch|p2a: Gigalith|Gigalith, F|100\/100\n|-weather|Sandstorm|[from] ability: Sand Stream|[of] p2a: Gigalith\n|move|p1a: Cottonee|Protect||[still]\n|-fail|p1a: Cottonee\n|\n|-weather|Sandstorm|[upkeep]\n|-damage|p1a: Cottonee|64\/100|[from] Sandstorm\n|upkeep\n|turn|44\n|\n|t:|1698551391\n|switch|p2a: Gliscor|Gliscor, M, shiny|49\/100 tox\n|move|p1a: Cottonee|Leech Seed|p2a: Gliscor\n|-start|p2a: Gliscor|move: Leech Seed\n|\n|-weather|Sandstorm|[upkeep]\n|-damage|p1a: Cottonee|55\/100|[from] Sandstorm\n|-damage|p2a: Gliscor|37\/100 tox|[from] Leech Seed|[of] p1a: Cottonee\n|-heal|p1a: Cottonee|100\/100|[silent]\n|-heal|p2a: Gliscor|49\/100 tox|[from] ability: Poison Heal\n|upkeep\n|turn|45\n|\n|t:|1698551395\n|switch|p2a: Dusclops|Dusclops, M|18\/100\n|-ability|p2a: Dusclops|Pressure\n|move|p1a: Cottonee|Substitute|p1a: Cottonee\n|-start|p1a: Cottonee|Substitute\n|-damage|p1a: Cottonee|82\/100\n|\n|-weather|Sandstorm|[upkeep]\n|-damage|p2a: Dusclops|12\/100|[from] Sandstorm\n|-damage|p1a: Cottonee|73\/100|[from] Sandstorm\n|upkeep\n|turn|46\n|\n|t:|1698551399\n|move|p1a: Cottonee|Leech Seed|p2a: Dusclops\n|-start|p2a: Dusclops|move: Leech Seed\n|move|p2a: Dusclops|Rest|p2a: Dusclops\n|-status|p2a: Dusclops|slp|[from] move: Rest\n|-heal|p2a: Dusclops|100\/100 slp|[silent]\n|\n|-weather|Sandstorm|[upkeep]\n|-damage|p2a: Dusclops|95\/100 slp|[from] Sandstorm\n|-damage|p1a: Cottonee|64\/100|[from] Sandstorm\n|-damage|p2a: Dusclops|82\/100 slp|[from] Leech Seed|[of] p1a: Cottonee\n|-heal|p1a: Cottonee|100\/100|[silent]\n|upkeep\n|turn|47\n|\n|t:|1698551406\n|move|p1a: Cottonee|Protect|p1a: Cottonee\n|-singleturn|p1a: Cottonee|Protect\n|cant|p2a: Dusclops|slp\n|\n|-weather|none\n|-damage|p2a: Dusclops|70\/100 slp|[from] Leech Seed|[of] p1a: Cottonee\n|upkeep\n|turn|48\n|\n|t:|1698551417\n|move|p1a: Cottonee|Protect||[still]\n|-fail|p1a: Cottonee\n|cant|p2a: Dusclops|slp\n|\n|-damage|p2a: Dusclops|58\/100 slp|[from] Leech Seed|[of] p1a: Cottonee\n|upkeep\n|turn|49\n|\n|t:|1698551424\n|switch|p2a: Gliscor|Gliscor, M, shiny|49\/100 tox\n|move|p1a: Cottonee|Substitute|p1a: Cottonee\n|-fail|p1a: Cottonee|move: Substitute\n|\n|-heal|p2a: Gliscor|61\/100 tox|[from] ability: Poison Heal\n|upkeep\n|turn|50\n|\n|t:|1698551427\n|move|p1a: Cottonee|Leech Seed|p2a: Gliscor\n|-start|p2a: Gliscor|move: Leech Seed\n|move|p2a: Gliscor|Substitute|p2a: Gliscor\n|-start|p2a: Gliscor|Substitute\n|-damage|p2a: Gliscor|37\/100 tox\n|\n|-damage|p2a: Gliscor|24\/100 tox|[from] Leech Seed|[of] p1a: Cottonee\n|-heal|p2a: Gliscor|37\/100 tox|[from] ability: Poison Heal\n|upkeep\n|turn|51\n|\n|t:|1698551433\n|switch|p2a: Dusclops|Dusclops, M|58\/100 slp\n|-ability|p2a: Dusclops|Pressure\n|move|p1a: Cottonee|Protect||[still]\n|-fail|p1a: Cottonee\n|\n|upkeep\n|turn|52\n|\n|t:|1698551437\n|switch|p2a: Gliscor|Gliscor, M, shiny|37\/100 tox\n|move|p1a: Cottonee|Leech Seed|p2a: Gliscor\n|-start|p2a: Gliscor|move: Leech Seed\n|\n|-damage|p2a: Gliscor|24\/100 tox|[from] Leech Seed|[of] p1a: Cottonee\n|-heal|p2a: Gliscor|37\/100 tox|[from] ability: Poison Heal\n|upkeep\n|turn|53\n|\n|t:|1698551443\n|switch|p2a: Gigalith|Gigalith, F|100\/100\n|-weather|Sandstorm|[from] ability: Sand Stream|[of] p2a: Gigalith\n|switch|p1a: Kyogre|Kyogre-Primal|88\/100 brn\n|-weather|PrimordialSea|[from] ability: Primordial Sea|[of] p1a: Kyogre\n|\n|-weather|PrimordialSea|[upkeep]\n|-damage|p1a: Kyogre|82\/100 brn|[from] brn\n|upkeep\n|turn|54\n|\n|t:|1698551451\n|move|p1a: Kyogre|Water Spout|p2a: Gigalith\n|-supereffective|p2a: Gigalith\n|-damage|p2a: Gigalith|0 fnt\n|faint|p2a: Gigalith\n|\n|-weather|PrimordialSea|[upkeep]\n|-damage|p1a: Kyogre|76\/100 brn|[from] brn\n|upkeep\n|\n|t:|1698551456\n|switch|p2a: Gliscor|Gliscor, M, shiny|37\/100 tox\n|turn|55\n|\n|t:|1698551465\n|move|p2a: Gliscor|Substitute|p2a: Gliscor\n|-start|p2a: Gliscor|Substitute\n|-damage|p2a: Gliscor|12\/100 tox\n|move|p1a: Kyogre|Ice Beam|p2a: Gliscor\n|-supereffective|p2a: Gliscor\n|-end|p2a: Gliscor|Substitute\n|\n|-weather|PrimordialSea|[upkeep]\n|-heal|p2a: Gliscor|24\/100 tox|[from] ability: Poison Heal\n|-damage|p1a: Kyogre|70\/100 brn|[from] brn\n|upkeep\n|turn|56\n|\n|t:|1698551470\n|move|p2a: Gliscor|Protect|p2a: Gliscor\n|-singleturn|p2a: Gliscor|Protect\n|move|p1a: Kyogre|Ice Beam|p2a: Gliscor\n|-activate|p2a: Gliscor|move: Protect\n|\n|-weather|PrimordialSea|[upkeep]\n|-heal|p2a: Gliscor|37\/100 tox|[from] ability: Poison Heal\n|-damage|p1a: Kyogre|63\/100 brn|[from] brn\n|upkeep\n|turn|57\n|\n|t:|1698551472\n|move|p2a: Gliscor|Substitute|p2a: Gliscor\n|-start|p2a: Gliscor|Substitute\n|-damage|p2a: Gliscor|12\/100 tox\n|move|p1a: Kyogre|Ice Beam|p2a: Gliscor\n|-supereffective|p2a: Gliscor\n|-end|p2a: Gliscor|Substitute\n|\n|-weather|PrimordialSea|[upkeep]\n|-heal|p2a: Gliscor|24\/100 tox|[from] ability: Poison Heal\n|-damage|p1a: Kyogre|57\/100 brn|[from] brn\n|upkeep\n|turn|58\n|\n|t:|1698551475\n|-weather|none\n|switch|p1a: Cottonee|Cottonee, L1, M|100\/100\n|move|p2a: Gliscor|Protect||[still]\n|-fail|p2a: Gliscor\n|\n|-heal|p2a: Gliscor|37\/100 tox|[from] ability: Poison Heal\n|upkeep\n|turn|59\n|\n|t:|1698551478\n|move|p2a: Gliscor|Protect|p2a: Gliscor\n|-singleturn|p2a: Gliscor|Protect\n|move|p1a: Cottonee|Leech Seed|p2a: Gliscor\n|-activate|p2a: Gliscor|move: Protect\n|\n|-heal|p2a: Gliscor|49\/100 tox|[from] ability: Poison Heal\n|upkeep\n|turn|60\n|\n|t:|1698551482\n|switch|p2a: Dusclops|Dusclops, M|58\/100 slp\n|-ability|p2a: Dusclops|Pressure\n|move|p1a: Cottonee|Leech Seed|p2a: Dusclops\n|-start|p2a: Dusclops|move: Leech Seed\n|\n|-damage|p2a: Dusclops|45\/100 slp|[from] Leech Seed|[of] p1a: Cottonee\n|upkeep\n|turn|61\n|\n|t:|1698551484\n|switch|p2a: Gliscor|Gliscor, M, shiny|49\/100 tox\n|switch|p1a: Kyogre|Kyogre-Primal|57\/100 brn\n|-weather|PrimordialSea|[from] ability: Primordial Sea|[of] p1a: Kyogre\n|\n|-weather|PrimordialSea|[upkeep]\n|-heal|p2a: Gliscor|61\/100 tox|[from] ability: Poison Heal\n|-damage|p1a: Kyogre|51\/100 brn|[from] brn\n|upkeep\n|turn|62\n|\n|t:|1698551498\n|move|p2a: Gliscor|Protect|p2a: Gliscor\n|-singleturn|p2a: Gliscor|Protect\n|move|p1a: Kyogre|Ice Beam|p2a: Gliscor\n|-activate|p2a: Gliscor|move: Protect\n|\n|-weather|PrimordialSea|[upkeep]\n|-heal|p2a: Gliscor|74\/100 tox|[from] ability: Poison Heal\n|-damage|p1a: Kyogre|45\/100 brn|[from] brn\n|upkeep\n|turn|63\n|\n|t:|1698551513\n|move|p2a: Gliscor|Substitute|p2a: Gliscor\n|-start|p2a: Gliscor|Substitute\n|-damage|p2a: Gliscor|49\/100 tox\n|move|p1a: Kyogre|Ice Beam|p2a: Gliscor\n|-supereffective|p2a: Gliscor\n|-end|p2a: Gliscor|Substitute\n|\n|-weather|PrimordialSea|[upkeep]\n|-heal|p2a: Gliscor|61\/100 tox|[from] ability: Poison Heal\n|-damage|p1a: Kyogre|39\/100 brn|[from] brn\n|upkeep\n|turn|64\n|\n|t:|1698551517\n|move|p2a: Gliscor|Substitute|p2a: Gliscor\n|-start|p2a: Gliscor|Substitute\n|-damage|p2a: Gliscor|37\/100 tox\n|move|p1a: Kyogre|Origin Pulse|p2a: Gliscor\n|-supereffective|p2a: Gliscor\n|-end|p2a: Gliscor|Substitute\n|\n|-weather|PrimordialSea|[upkeep]\n|-heal|p2a: Gliscor|49\/100 tox|[from] ability: Poison Heal\n|-damage|p1a: Kyogre|32\/100 brn|[from] brn\n|upkeep\n|turn|65\n|\n|t:|1698551519\n|move|p2a: Gliscor|Protect|p2a: Gliscor\n|-singleturn|p2a: Gliscor|Protect\n|move|p1a: Kyogre|Ice Beam|p2a: Gliscor\n|-activate|p2a: Gliscor|move: Protect\n|\n|-weather|PrimordialSea|[upkeep]\n|-heal|p2a: Gliscor|61\/100 tox|[from] ability: Poison Heal\n|-damage|p1a: Kyogre|26\/100 brn|[from] brn\n|upkeep\n|turn|66\n|\n|t:|1698551522\n|move|p2a: Gliscor|Substitute|p2a: Gliscor\n|-start|p2a: Gliscor|Substitute\n|-damage|p2a: Gliscor|37\/100 tox\n|move|p1a: Kyogre|Origin Pulse|p2a: Gliscor\n|-supereffective|p2a: Gliscor\n|-end|p2a: Gliscor|Substitute\n|\n|-weather|PrimordialSea|[upkeep]\n|-heal|p2a: Gliscor|49\/100 tox|[from] ability: Poison Heal\n|-damage|p1a: Kyogre|20\/100 brn|[from] brn\n|upkeep\n|turn|67\n|\n|t:|1698551525\n|move|p2a: Gliscor|Earthquake|p1a: Kyogre\n|-damage|p1a: Kyogre|0 fnt\n|faint|p1a: Kyogre\n|-weather|none\n|\n|-heal|p2a: Gliscor|61\/100 tox|[from] ability: Poison Heal\n|upkeep\n|\n|t:|1698551527\n|switch|p1a: Cottonee|Cottonee, L1, M|100\/100\n|turn|68\n|c|\u2606yiyi yizi|gg\n|\n|t:|1698551533\n|move|p2a: Gliscor|Protect|p2a: Gliscor\n|-singleturn|p2a: Gliscor|Protect\n|move|p1a: Cottonee|Leech Seed|p2a: Gliscor\n|-activate|p2a: Gliscor|move: Protect\n|\n|-heal|p2a: Gliscor|74\/100 tox|[from] ability: Poison Heal\n|upkeep\n|turn|69\n|\n|t:|1698551536\n|switch|p2a: Dusclops|Dusclops, M|45\/100 slp\n|-ability|p2a: Dusclops|Pressure\n|move|p1a: Cottonee|Leech Seed|p2a: Dusclops\n|-start|p2a: Dusclops|move: Leech Seed\n|\n|-damage|p2a: Dusclops|33\/100 slp|[from] Leech Seed|[of] p1a: Cottonee\n|upkeep\n|turn|70\n|\n|t:|1698551540\n|move|p1a: Cottonee|Substitute|p1a: Cottonee\n|-start|p1a: Cottonee|Substitute\n|-damage|p1a: Cottonee|82\/100\n|-curestatus|p2a: Dusclops|slp|[msg]\n|move|p2a: Dusclops|Will-O-Wisp||[still]\n|-fail|p2a: Dusclops\n|\n|-damage|p2a: Dusclops|21\/100|[from] Leech Seed|[of] p1a: Cottonee\n|-heal|p1a: Cottonee|100\/100|[silent]\n|upkeep\n|turn|71\n|\n|t:|1698551546\n|move|p1a: Cottonee|Toxic|p2a: Dusclops\n|-status|p2a: Dusclops|tox\n|move|p2a: Dusclops|Curse|p1a: Cottonee\n|-start|p1a: Cottonee|Curse|[of] p2a: Dusclops\n|-damage|p2a: Dusclops|0 fnt\n|faint|p2a: Dusclops\n|\n|-damage|p1a: Cottonee|82\/100|[from] Curse\n|upkeep\n|\n|t:|1698551549\n|switch|p2a: Gliscor|Gliscor, M, shiny|74\/100 tox\n|turn|72\n|\n|t:|1698551552\n|move|p2a: Gliscor|Protect|p2a: Gliscor\n|-singleturn|p2a: Gliscor|Protect\n|move|p1a: Cottonee|Leech Seed|p2a: Gliscor\n|-activate|p2a: Gliscor|move: Protect\n|\n|-heal|p2a: Gliscor|86\/100 tox|[from] ability: Poison Heal\n|-damage|p1a: Cottonee|64\/100|[from] Curse\n|upkeep\n|turn|73\n|\n|t:|1698551556\n|switch|p2a: oneshotn't|Togedemaru, L1, M|92\/100\n|move|p1a: Cottonee|Leech Seed|p2a: oneshotn't\n|-start|p2a: oneshotn't|move: Leech Seed\n|\n|-damage|p2a: oneshotn't|84\/100|[from] Leech Seed|[of] p1a: Cottonee\n|-heal|p1a: Cottonee|73\/100|[silent]\n|-damage|p1a: Cottonee|55\/100|[from] Curse\n|upkeep\n|turn|74\n|\n|t:|1698551558\n|switch|p2a: Gliscor|Gliscor, M, shiny|86\/100 tox\n|move|p1a: Cottonee|Protect||[still]\n|-fail|p1a: Cottonee\n|\n|-heal|p2a: Gliscor|98\/100 tox|[from] ability: Poison Heal\n|-damage|p1a: Cottonee|37\/100|[from] Curse\n|upkeep\n|turn|75\n|\n|t:|1698551562\n|move|p1a: Cottonee|Protect|p1a: Cottonee\n|-singleturn|p1a: Cottonee|Protect\n|move|p2a: Gliscor|Protect||[still]\n|-fail|p2a: Gliscor\n|\n|-heal|p2a: Gliscor|100\/100 tox|[from] ability: Poison Heal\n|-damage|p1a: Cottonee|19\/100|[from] Curse\n|upkeep\n|turn|76\n|\n|t:|1698551567\n|move|p2a: Gliscor|Protect|p2a: Gliscor\n|-singleturn|p2a: Gliscor|Protect\n|move|p1a: Cottonee|Leech Seed|p2a: Gliscor\n|-activate|p2a: Gliscor|move: Protect\n|\n|-damage|p1a: Cottonee|0 fnt|[from] Curse\n|faint|p1a: Cottonee\n|\n|win|yiyi yizi\n|upkeep\n|raw|eyka1234's rating: 1478 &rarr; <strong>1453<\/strong><br \/>(-25 for losing)\n|raw|yiyi yizi's rating: 1384 &rarr; <strong>1409<\/strong><br \/>(+25 for winning)\n|l|\u2606eyka1234\n","uploadtime":1698551586,"views":13,"p1id":"eyka1234","p2id":"yiyiyizi","formatid":"gen9nationaldexubers","rating":1409,"private":0,"password":""}