{"id":"gen9nationaldexubers-1987892657","p1":"JustMonika_CARR","p2":"Sakuta24","format":"[Gen 9] National Dex Ubers","log":"|j|\u2606JustMonika_CARR\n|j|\u2606Sakuta24\n|t:|1699646559\n|gametype|singles\n|player|p1|JustMonika_CARR|rosa|1445\n|player|p2|Sakuta24|miriam|1400\n|teamsize|p1|6\n|teamsize|p2|6\n|gen|9\n|tier|[Gen 9] National Dex Ubers\n|rated|\n|rule|HP Percentage Mod: HP is shown in percentages\n|rule|Endless Battle Clause: Forcing endless battles is banned\n|rule|OHKO Clause: OHKO moves are banned\n|rule|Evasion Moves Clause: Evasion moves are banned\n|rule|Evasion Items Clause: Evasion items are banned\n|rule|Species Clause: Limit one of each Pok\u00e9mon\n|rule|Sleep Clause Mod: Limit one foe put to sleep\n|rule|Mega Rayquaza Clause: You cannot mega evolve Rayquaza\n|clearpoke\n|poke|p1|Marshadow|\n|poke|p1|Lopunny, F|\n|poke|p1|Dialga|\n|poke|p1|Forretress, F|\n|poke|p1|Pheromosa|\n|poke|p1|Grimmsnarl, M|\n|poke|p2|Lopunny, F|\n|poke|p2|Marshadow|\n|poke|p2|Calyrex-Ice|\n|poke|p2|Cresselia, F|\n|poke|p2|Arceus-Steel|\n|poke|p2|Darmanitan-Galar, F|\n|teampreview\n|inactive|Battle timer is ON: inactive players will automatically lose when time's up. (requested by Sakuta24)\n|c|\u2606JustMonika_CARR|Glhf\n|\n|t:|1699646574\n|start\n|switch|p1a: Forretress|Forretress, F, shiny|100\/100\n|switch|p2a: Lopunny|Lopunny, F|100\/100\n|turn|1\n|\n|t:|1699646582\n|detailschange|p2a: Lopunny|Lopunny-Mega, F\n|-mega|p2a: Lopunny|Lopunny|Lopunnite\n|move|p2a: Lopunny|Fake Out|p1a: Forretress\n|-resisted|p1a: Forretress\n|-damage|p1a: Forretress|95\/100\n|-enditem|p1a: Forretress|Red Card|[of] p2a: Lopunny\n|drag|p2a: Darmanitan|Darmanitan-Galar, F|100\/100\n|cant|p1a: Forretress|flinch\n|\n|upkeep\n|turn|2\n|\n|t:|1699646592\n|-terastallize|p1a: Forretress|Fire\n|move|p2a: Darmanitan|Flare Blitz|p1a: Forretress\n|-resisted|p1a: Forretress\n|-damage|p1a: Forretress|78\/100\n|-damage|p2a: Darmanitan|95\/100|[from] Recoil\n|move|p1a: Forretress|Toxic Spikes|p2a: Darmanitan\n|-sidestart|p2: Sakuta24|move: Toxic Spikes\n|\n|upkeep\n|turn|3\n|\n|t:|1699646605\n|switch|p2a: Calyrex|Calyrex-Ice|100\/100\n|-ability|p2a: Calyrex|As One\n|-ability|p2a: Calyrex|Unnerve\n|-status|p2a: Calyrex|psn\n|move|p1a: Forretress|Toxic Spikes|p2a: Calyrex\n|-sidestart|p2: Sakuta24|move: Toxic Spikes\n|\n|-damage|p2a: Calyrex|88\/100 psn|[from] psn\n|upkeep\n|turn|4\n|\n|t:|1699646616\n|move|p1a: Forretress|Stealth Rock|p2a: Calyrex\n|-sidestart|p2: Sakuta24|move: Stealth Rock\n|move|p2a: Calyrex|High Horsepower|p1a: Forretress\n|-supereffective|p1a: Forretress\n|-damage|p1a: Forretress|4\/100\n|\n|-damage|p2a: Calyrex|76\/100 psn|[from] psn\n|upkeep\n|turn|5\n|\n|t:|1699646626\n|move|p1a: Forretress|Endure|p1a: Forretress\n|-singleturn|p1a: Forretress|move: Endure\n|move|p2a: Calyrex|High Horsepower|p1a: Forretress\n|-supereffective|p1a: Forretress\n|-activate|p1a: Forretress|move: Endure\n|-damage|p1a: Forretress|1\/100\n|\n|-damage|p2a: Calyrex|63\/100 psn|[from] psn\n|upkeep\n|turn|6\n|\n|t:|1699646635\n|move|p1a: Forretress|Rapid Spin|p2a: Calyrex\n|-damage|p2a: Calyrex|57\/100 psn\n|-boost|p1a: Forretress|spe|1\n|move|p2a: Calyrex|High Horsepower|p1a: Forretress\n|-supereffective|p1a: Forretress\n|-damage|p1a: Forretress|0 fnt\n|faint|p1a: Forretress\n|-ability|p2a: Calyrex|Chilling Neigh|boost\n|-boost|p2a: Calyrex|atk|1\n|\n|-damage|p2a: Calyrex|45\/100 psn|[from] psn\n|upkeep\n|\n|t:|1699646648\n|switch|p1a: Marshadow|Marshadow|100\/100\n|turn|7\n|\n|t:|1699646653\n|switch|p2a: Lopunny|Lopunny-Mega, F|100\/100\n|-status|p2a: Lopunny|tox\n|-damage|p2a: Lopunny|94\/100 tox|[from] Stealth Rock\n|move|p1a: Marshadow|Drain Punch|p2a: Lopunny\n|-supereffective|p2a: Lopunny\n|-damage|p2a: Lopunny|0 fnt\n|faint|p2a: Lopunny\n|\n|upkeep\n|c|\u2606JustMonika_CARR|Heh\n|\n|t:|1699646671\n|switch|p2a: Arceus-Normal|Arceus-Steel|100\/100\n|-damage|p2a: Arceus-Normal|94\/100|[from] Stealth Rock\n|turn|8\n|c|\u2606JustMonika_CARR|Nice read, me\n|\n|t:|1699646675\n|-terastallize|p2a: Arceus-Normal|Flying\n|move|p1a: Marshadow|Drain Punch|p2a: Arceus-Normal\n|-resisted|p2a: Arceus-Normal\n|-damage|p2a: Arceus-Normal|85\/100\n|move|p2a: Arceus-Normal|Trick Room|p2a: Arceus-Normal\n|-fieldstart|move: Trick Room|[of] p2a: Arceus-Normal\n|\n|upkeep\n|turn|9\n|\n|t:|1699646684\n|move|p2a: Arceus-Normal|Defog|p1a: Marshadow\n|-unboost|p1a: Marshadow|evasion|1\n|-sideend|p2: Sakuta24|Toxic Spikes|[from] move: Defog|[of] p2a: Arceus-Normal\n|-sideend|p2: Sakuta24|Stealth Rock|[from] move: Defog|[of] p2a: Arceus-Normal\n|move|p1a: Marshadow|Rock Tomb|p2a: Arceus-Normal\n|-supereffective|p2a: Arceus-Normal\n|-crit|p2a: Arceus-Normal\n|-damage|p2a: Arceus-Normal|43\/100\n|-unboost|p2a: Arceus-Normal|spe|1\n|\n|upkeep\n|turn|10\n|\n|t:|1699646708\n|move|p2a: Arceus-Normal|Judgment|p1a: Marshadow\n|-damage|p1a: Marshadow|47\/100\n|move|p1a: Marshadow|Rock Tomb|p2a: Arceus-Normal\n|-supereffective|p2a: Arceus-Normal\n|-damage|p2a: Arceus-Normal|12\/100\n|-unboost|p2a: Arceus-Normal|spe|1\n|\n|upkeep\n|turn|11\n|\n|t:|1699646718\n|move|p1a: Marshadow|Shadow Sneak|p2a: Arceus-Normal\n|-damage|p2a: Arceus-Normal|0 fnt\n|faint|p2a: Arceus-Normal\n|\n|upkeep\n|\n|t:|1699646736\n|switch|p2a: Marshadow|Marshadow|100\/100\n|turn|12\n|\n|t:|1699646741\n|move|p1a: Marshadow|Spectral Thief|p2a: Marshadow\n|-supereffective|p2a: Marshadow\n|-enditem|p2a: Marshadow|Focus Sash\n|-damage|p2a: Marshadow|1\/100\n|move|p2a: Marshadow|Spectral Thief|p1a: Marshadow\n|-supereffective|p1a: Marshadow\n|-damage|p1a: Marshadow|0 fnt\n|faint|p1a: Marshadow\n|\n|-fieldend|move: Trick Room\n|upkeep\n|\n|t:|1699646757\n|switch|p1a: Lopunny|Lopunny, F, shiny|100\/100\n|turn|13\n|inactive|Sakuta24 has 120 seconds left.\n|inactive|Sakuta24 has 90 seconds left.\n|c|\u2606JustMonika_CARR|?\n|inactive|Sakuta24 has 60 seconds left.\n|inactive|Sakuta24 has 30 seconds left.\n|inactive|Sakuta24 has 20 seconds left.\n|inactive|Sakuta24 has 15 seconds left.\n|inactive|Sakuta24 has 10 seconds left.\n|inactive|Sakuta24 has 5 seconds left.\n|-message|Sakuta24 lost due to inactivity.\n|\n|win|JustMonika_CARR\n|raw|JustMonika_CARR's rating: 1445 &rarr; <strong>1462<\/strong><br \/>(+17 for winning)\n|raw|Sakuta24's rating: 1400 &rarr; <strong>1383<\/strong><br \/>(-17 for losing)\n|c|\u2606JustMonika_CARR|Ok jg\n","uploadtime":1699646919,"views":5,"p1id":"justmonikacarr","p2id":"sakuta24","formatid":"gen9nationaldexubers","rating":1383,"private":0,"password":""}