{"id":"gen9nationaldexubers-1995955711","p1":"Demolution545","p2":"CelestialSquidKid","format":"[Gen 9] National Dex Ubers","log":"|j|\u2606Demolution545\n|j|\u2606CelestialSquidKid\n|t:|1700621724\n|gametype|singles\n|player|p1|Demolution545|flint|\n|player|p2|CelestialSquidKid|266|\n|teamsize|p1|6\n|teamsize|p2|6\n|gen|9\n|tier|[Gen 9] National Dex Ubers\n|rule|HP Percentage Mod: HP is shown in percentages\n|rule|Endless Battle Clause: Forcing endless battles is banned\n|rule|OHKO Clause: OHKO moves are banned\n|rule|Evasion Moves Clause: Evasion moves are banned\n|rule|Evasion Items Clause: Evasion items are banned\n|rule|Species Clause: Limit one of each Pok\u00e9mon\n|rule|Sleep Clause Mod: Limit one foe put to sleep\n|rule|Mega Rayquaza Clause: You cannot mega evolve Rayquaza\n|clearpoke\n|poke|p1|Torkoal, F|\n|poke|p1|Walking Wake|\n|poke|p1|Lilligant-Hisui, F|\n|poke|p1|Eelektross, M|\n|poke|p1|Enamorus, F|\n|poke|p1|Roaring Moon|\n|poke|p2|Whimsicott, F|\n|poke|p2|Pelipper, F|\n|poke|p2|Ferrothorn, F|\n|poke|p2|Mamoswine, M|\n|poke|p2|Lickilicky, M|\n|poke|p2|Swampert, F|\n|teampreview\n|j| VoIteon\n|j| Smackey_5\n|c|\u2606Demolution545|im going to restroom real quick\n|j| Lunar Sloth\n|j| ZBFusion\n|c|\u2606CelestialSquidKid|okay\n|c|\u2606Demolution545|ight im back\n|c|\u2606Demolution545|how much longer you want to wait?\n|j| Keaton_fgc\n|c| Lunar Sloth|theres 7\n|c|\u2606Demolution545|you ready?\n|c|\u2606CelestialSquidKid|yeah\n|\n|t:|1700621920\n|start\n|switch|p1a: Eelektross|Eelektross, M|100\/100\n|switch|p2a: Ferrothorn|Ferrothorn, F|100\/100\n|turn|1\n|\n|t:|1700621939\n|move|p1a: Eelektross|Flamethrower|p2a: Ferrothorn\n|-supereffective|p2a: Ferrothorn\n|-damage|p2a: Ferrothorn|0 fnt\n|faint|p2a: Ferrothorn\n|\n|upkeep\n|j| MiniBearGrahams\n|c|\u2606CelestialSquidKid|i'm really not thinking lmao\n|c| VoIteon|damn\n|c| Smackey_5|Man. Wish ferro went down that easy vs me\n|\n|t:|1700621969\n|switch|p2a: Pelipper|Pelipper, F|100\/100\n|-weather|RainDance|[from] ability: Drizzle|[of] p2a: Pelipper\n|turn|2\n|\n|t:|1700621987\n|switch|p2a: Lickilicky|Lickilicky, M|100\/100\n|-ability|p2a: Lickilicky|Cloud Nine\n|move|p1a: Eelektross|Volt Switch|p2a: Lickilicky\n|-damage|p2a: Lickilicky|76\/100\n|\n|t:|1700621997\n|switch|p1a: Lilligant|Lilligant-Hisui, F, shiny|100\/100|[from] Volt Switch\n|\n|-weather|RainDance|[upkeep]\n|upkeep\n|turn|3\n|\n|t:|1700622004\n|switch|p2a: Whimsicott|Whimsicott, F|100\/100\n|move|p1a: Lilligant|Victory Dance|p1a: Lilligant\n|-boost|p1a: Lilligant|atk|1\n|-boost|p1a: Lilligant|def|1\n|-boost|p1a: Lilligant|spe|1\n|\n|-weather|RainDance|[upkeep]\n|upkeep\n|turn|4\n|\n|t:|1700622018\n|move|p1a: Lilligant|Ice Spinner|p2a: Whimsicott\n|-supereffective|p2a: Whimsicott\n|-damage|p2a: Whimsicott|0 fnt\n|faint|p2a: Whimsicott\n|\n|-weather|RainDance|[upkeep]\n|upkeep\n|c| VoIteon|zoo wee mama\n|c|\u2606CelestialSquidKid|I swear i calcd for +1\n|c| VoIteon|u calc for adamant too?\n|\n|t:|1700622053\n|switch|p2a: Mamoswine|Mamoswine, M|100\/100\n|turn|5\n|c|\u2606CelestialSquidKid|My random spotify just played one winged angel\n|\n|t:|1700622112\n|move|p1a: Lilligant|Leaf Blade|p2a: Mamoswine\n|-supereffective|p2a: Mamoswine\n|-enditem|p2a: Mamoswine|Focus Sash\n|-damage|p2a: Mamoswine|1\/100\n|move|p2a: Mamoswine|Endeavor|p1a: Lilligant\n|-damage|p1a: Lilligant|1\/100\n|\n|-weather|RainDance|[upkeep]\n|upkeep\n|turn|6\n|c|\u2606Demolution545|lol\n|c| Smackey_5|Oh I see\n|c| VoIteon|here it comes\n|\n|t:|1700622141\n|move|p2a: Mamoswine|Ice Shard|p1a: Lilligant\n|-supereffective|p1a: Lilligant\n|-damage|p1a: Lilligant|0 fnt\n|faint|p1a: Lilligant\n|\n|-weather|none\n|upkeep\n|c|\u2606CelestialSquidKid|glad I didn't go for a read\n|\n|t:|1700622173\n|switch|p1a: Walking Wake|Walking Wake|100\/100\n|-enditem|p1a: Walking Wake|Booster Energy\n|-activate|p1a: Walking Wake|ability: Protosynthesis|[fromitem]\n|-start|p1a: Walking Wake|protosynthesisspa\n|turn|7\n|c| VoIteon|my dumbass would of hit knock or something there i wont lie\n|\n|t:|1700622218\n|move|p2a: Mamoswine|Ice Shard|p1a: Walking Wake\n|-damage|p1a: Walking Wake|76\/100\n|move|p1a: Walking Wake|Hydro Steam|p2a: Mamoswine\n|-supereffective|p2a: Mamoswine\n|-damage|p2a: Mamoswine|0 fnt\n|faint|p2a: Mamoswine\n|\n|upkeep\n|\n|t:|1700622228\n|switch|p2a: Pelipper|Pelipper, F|100\/100\n|-weather|RainDance|[from] ability: Drizzle|[of] p2a: Pelipper\n|turn|8\n|c| Lunar Sloth|rain and sun\n|c| Lunar Sloth|wake loves\n|\n|t:|1700622288\n|-terastallize|p2a: Pelipper|Fairy\n|move|p1a: Walking Wake|Draco Meteor|p2a: Pelipper\n|-immune|p2a: Pelipper\n|move|p2a: Pelipper|Hurricane|p1a: Walking Wake\n|-damage|p1a: Walking Wake|36\/100\n|-start|p1a: Walking Wake|confusion\n|\n|-weather|RainDance|[upkeep]\n|upkeep\n|turn|9\n|c| Smackey_5|OH\n|c| VoIteon|holy moly\n|c|\u2606Demolution545|good read\n|c| Lunar Sloth|confusion scary\n|c|\u2606Demolution545|forgot tbh\n|c|\u2606Demolution545|about tera\n|\n|t:|1700622338\n|-activate|p1a: Walking Wake|confusion\n|move|p1a: Walking Wake|Hurricane|p2a: Pelipper\n|-damage|p2a: Pelipper|72\/100\n|move|p2a: Pelipper|Hurricane|p1a: Walking Wake\n|-damage|p1a: Walking Wake|0 fnt\n|faint|p1a: Walking Wake\n|-end|p1a: Walking Wake|Protosynthesis|[silent]\n|\n|-weather|RainDance|[upkeep]\n|upkeep\n|c| Smackey_5|Bro going for the confusion back?\n|\n|t:|1700622356\n|switch|p1a: Torkoal|Torkoal, F, shiny|100\/100\n|-weather|SunnyDay|[from] ability: Drought|[of] p1a: Torkoal\n|turn|10\n|\n|t:|1700622375\n|switch|p2a: Lickilicky|Lickilicky, M|76\/100\n|-ability|p2a: Lickilicky|Cloud Nine\n|move|p1a: Torkoal|Stealth Rock|p2a: Lickilicky\n|-sidestart|p2: CelestialSquidKid|move: Stealth Rock\n|\n|-weather|SunnyDay|[upkeep]\n|upkeep\n|turn|11\n|j| Gran gran\n|c| Gran gran|you know 11 turns in these matches are a lot differnt than 11 turns in my matches\n|c| Lunar Sloth|same here\n|\n|t:|1700622465\n|switch|p1a: Eelektross|Eelektross, M|100\/100\n|move|p2a: Lickilicky|Earthquake|p1a: Eelektross\n|-immune|p1a: Eelektross|[from] ability: Levitate\n|\n|-weather|SunnyDay|[upkeep]\n|upkeep\n|turn|12\n|c| VoIteon|i wonder why\n|\n|t:|1700622485\n|switch|p2a: Pelipper|Pelipper, F, tera:Fairy|72\/100\n|-damage|p2a: Pelipper|60\/100|[from] Stealth Rock\n|-weather|RainDance|[from] ability: Drizzle|[of] p2a: Pelipper\n|move|p1a: Eelektross|Giga Drain|p2a: Pelipper\n|-damage|p2a: Pelipper|44\/100\n|\n|-weather|RainDance|[upkeep]\n|upkeep\n|turn|13\n|c| VoIteon|cele\/skar and chas\/bliss core having asses\n|\n|t:|1700622503\n|move|p2a: Pelipper|Surf|p1a: Eelektross\n|-damage|p1a: Eelektross|50\/100\n|move|p1a: Eelektross|Volt Switch|p2a: Pelipper\n|-damage|p2a: Pelipper|21\/100\n|\n|t:|1700622508\n|switch|p1a: Torkoal|Torkoal, F, shiny|100\/100|[from] Volt Switch\n|-weather|SunnyDay|[from] ability: Drought|[of] p1a: Torkoal\n|\n|-weather|SunnyDay|[upkeep]\n|upkeep\n|turn|14\n|c| Gran gran|i didnt mean to be this way\n|\n|t:|1700622525\n|move|p2a: Pelipper|U-turn|p1a: Torkoal\n|-resisted|p1a: Torkoal\n|-damage|p1a: Torkoal|97\/100\n|\n|t:|1700622538\n|switch|p2a: Lickilicky|Lickilicky, M|76\/100|[from] U-turn\n|-damage|p2a: Lickilicky|64\/100|[from] Stealth Rock\n|-ability|p2a: Lickilicky|Cloud Nine\n|move|p1a: Torkoal|Lava Plume|p2a: Lickilicky\n|-crit|p2a: Lickilicky\n|-damage|p2a: Lickilicky|33\/100\n|\n|-weather|SunnyDay|[upkeep]\n|upkeep\n|turn|15\n|\n|t:|1700622561\n|switch|p1a: Eelektross|Eelektross, M|50\/100\n|move|p2a: Lickilicky|Body Slam|p1a: Eelektross\n|-damage|p1a: Eelektross|0 fnt\n|faint|p1a: Eelektross\n|\n|-weather|SunnyDay|[upkeep]\n|upkeep\n|\n|t:|1700622579\n|switch|p1a: Roaring Moon|Roaring Moon|100\/100\n|-enditem|p1a: Roaring Moon|Booster Energy\n|-activate|p1a: Roaring Moon|ability: Protosynthesis|[fromitem]\n|-start|p1a: Roaring Moon|protosynthesisspe\n|turn|16\n|\n|t:|1700622601\n|-terastallize|p1a: Roaring Moon|Steel\n|move|p1a: Roaring Moon|Dragon Dance|p1a: Roaring Moon\n|-boost|p1a: Roaring Moon|atk|1\n|-boost|p1a: Roaring Moon|spe|1\n|move|p2a: Lickilicky|Body Slam|p1a: Roaring Moon\n|-resisted|p1a: Roaring Moon\n|-damage|p1a: Roaring Moon|63\/100\n|-status|p1a: Roaring Moon|par\n|\n|-weather|SunnyDay|[upkeep]\n|upkeep\n|turn|17\n|c|\u2606CelestialSquidKid|huge\n|c| Smackey_5|Dang\n|\n|t:|1700622633\n|switch|p2a: Pelipper|Pelipper, F, tera:Fairy|21\/100\n|-damage|p2a: Pelipper|9\/100|[from] Stealth Rock\n|-weather|RainDance|[from] ability: Drizzle|[of] p2a: Pelipper\n|move|p1a: Roaring Moon|Brick Break|p2a: Pelipper\n|-resisted|p2a: Pelipper\n|-damage|p2a: Pelipper|0 fnt\n|faint|p2a: Pelipper\n|\n|-weather|RainDance|[upkeep]\n|upkeep\n|\n|t:|1700622642\n|switch|p2a: Swampert|Swampert, F|100\/100\n|-damage|p2a: Swampert|94\/100|[from] Stealth Rock\n|turn|18\n|\n|t:|1700622661\n|-end|p1a: Roaring Moon|Protosynthesis|[silent]\n|switch|p1a: Torkoal|Torkoal, F, shiny|97\/100\n|-weather|SunnyDay|[from] ability: Drought|[of] p1a: Torkoal\n|detailschange|p2a: Swampert|Swampert-Mega, F\n|-mega|p2a: Swampert|Swampert|Swampertite\n|move|p2a: Swampert|Flip Turn|p1a: Torkoal\n|-supereffective|p1a: Torkoal\n|-damage|p1a: Torkoal|71\/100\n|\n|t:|1700622669\n|switch|p2a: Lickilicky|Lickilicky, M|33\/100|[from] Flip Turn\n|-damage|p2a: Lickilicky|20\/100|[from] Stealth Rock\n|-ability|p2a: Lickilicky|Cloud Nine\n|\n|-weather|SunnyDay|[upkeep]\n|upkeep\n|turn|19\n|\n|t:|1700622736\n|move|p2a: Lickilicky|Explosion|p1a: Torkoal\n|-damage|p1a: Torkoal|0 fnt\n|faint|p2a: Lickilicky\n|faint|p1a: Torkoal\n|\n|-weather|SunnyDay|[upkeep]\n|upkeep\n|c|\u2606CelestialSquidKid|damn idk\n|\n|t:|1700622755\n|switch|p2a: Swampert|Swampert-Mega, F|94\/100\n|switch|p1a: Enamorus|Enamorus, F|100\/100\n|-damage|p2a: Swampert|88\/100|[from] Stealth Rock\n|turn|20\n|\n|t:|1700622765\n|move|p1a: Enamorus|Grass Knot|p2a: Swampert\n|-supereffective|p2a: Swampert\n|-damage|p2a: Swampert|0 fnt\n|faint|p2a: Swampert\n|\n|win|Demolution545\n|l| Gran gran\n|c|\u2606Demolution545|gg\n|c|\u2606CelestialSquidKid|okay gg\n|c| VoIteon|i forgot it that that\n|c| Smackey_5|Lets go sun\n","uploadtime":1700622783,"views":2,"p1id":"demolution545","p2id":"celestialsquidkid","formatid":"gen9nationaldexubers","rating":0,"private":0,"password":""}