{"id":"gen9nationaldexubers-1983057423","p1":"Yuinna.","p2":"ANinjaDude","format":"[Gen 9] National Dex Ubers","log":"|j|\u2606Yuinna.\n|j|\u2606ANinjaDude\n|t:|1699076870\n|gametype|singles\n|player|p1|Yuinna.|serena-masters|\n|player|p2|ANinjaDude|volkner|\n|teamsize|p1|6\n|teamsize|p2|6\n|gen|9\n|tier|[Gen 9] National Dex Ubers\n|rule|HP Percentage Mod: HP is shown in percentages\n|rule|Endless Battle Clause: Forcing endless battles is banned\n|rule|OHKO Clause: OHKO moves are banned\n|rule|Evasion Moves Clause: Evasion moves are banned\n|rule|Evasion Items Clause: Evasion items are banned\n|rule|Species Clause: Limit one of each Pok\u00e9mon\n|rule|Sleep Clause Mod: Limit one foe put to sleep\n|rule|Mega Rayquaza Clause: You cannot mega evolve Rayquaza\n|clearpoke\n|poke|p1|Slowking-Galar, F|\n|poke|p1|Ampharos, F|\n|poke|p1|Alomomola, M|\n|poke|p1|Ferrothorn, F|\n|poke|p1|Enamorus-Therian, F|\n|poke|p1|Glastrier|\n|poke|p2|Landorus-Therian, M|\n|poke|p2|Celesteela|\n|poke|p2|Thundurus-Therian, M|\n|poke|p2|Dragonite, M|\n|poke|p2|Shaymin-Sky|\n|poke|p2|Lopunny, F|\n|teampreview\n|inactive|Battle timer is ON: inactive players will automatically lose when time's up. (requested by ANinjaDude)\n|inactive|Yuinna. also wants the timer to be on.\n|c|\u2606ANinjaDude|glhf\n|c|\u2606Yuinna.|hf\n|inactive|Yuinna. has 270 seconds left.\n|\n|t:|1699076901\n|start\n|switch|p1a: Ferrothorn|Ferrothorn, F|100\/100\n|switch|p2a: Landorus|Landorus-Therian, M|100\/100\n|-ability|p2a: Landorus|Intimidate|boost\n|-unboost|p1a: Ferrothorn|atk|1\n|turn|1\n|\n|t:|1699076907\n|move|p2a: Landorus|Stealth Rock|p1a: Ferrothorn\n|-sidestart|p1: Yuinna.|move: Stealth Rock\n|move|p1a: Ferrothorn|Leech Seed|p2a: Landorus|[miss]\n|-miss|p1a: Ferrothorn|p2a: Landorus\n|\n|upkeep\n|turn|2\n|\n|t:|1699076916\n|move|p2a: Landorus|Earthquake|p1a: Ferrothorn\n|-damage|p1a: Ferrothorn|70\/100\n|move|p1a: Ferrothorn|Spikes|p2a: Landorus\n|-sidestart|p2: ANinjaDude|Spikes\n|\n|-heal|p1a: Ferrothorn|76\/100|[from] item: Leftovers\n|upkeep\n|turn|3\n|\n|t:|1699076919\n|move|p2a: Landorus|Knock Off|p1a: Ferrothorn\n|-damage|p1a: Ferrothorn|56\/100\n|-damage|p2a: Landorus|88\/100|[from] ability: Iron Barbs|[of] p1a: Ferrothorn\n|-enditem|p1a: Ferrothorn|Leftovers|[from] move: Knock Off|[of] p2a: Landorus\n|move|p1a: Ferrothorn|Leech Seed|p2a: Landorus\n|-start|p2a: Landorus|move: Leech Seed\n|\n|-damage|p2a: Landorus|76\/100|[from] Leech Seed|[of] p1a: Ferrothorn\n|-heal|p1a: Ferrothorn|67\/100|[silent]\n|upkeep\n|turn|4\n|\n|t:|1699076925\n|move|p2a: Landorus|Earthquake|p1a: Ferrothorn\n|-damage|p1a: Ferrothorn|32\/100\n|move|p1a: Ferrothorn|Spikes|p2a: Landorus\n|-sidestart|p2: ANinjaDude|Spikes\n|\n|-damage|p2a: Landorus|64\/100|[from] Leech Seed|[of] p1a: Ferrothorn\n|-heal|p1a: Ferrothorn|43\/100|[silent]\n|upkeep\n|turn|5\n|\n|t:|1699076934\n|move|p2a: Landorus|Explosion|p1a: Ferrothorn\n|-resisted|p1a: Ferrothorn\n|-damage|p1a: Ferrothorn|15\/100\n|faint|p2a: Landorus\n|move|p1a: Ferrothorn|Spikes|p2: Landorus\n|-sidestart|p2: ANinjaDude|Spikes\n|\n|upkeep\n|\n|t:|1699076950\n|switch|p2a: Celesteela|Celesteela|100\/100\n|turn|6\n|\n|t:|1699076962\n|switch|p1a: Enamorus|Enamorus-Therian, F|100\/100\n|-damage|p1a: Enamorus|75\/100|[from] Stealth Rock\n|move|p2a: Celesteela|Air Slash|p1a: Enamorus\n|-damage|p1a: Enamorus|45\/100\n|\n|-heal|p1a: Enamorus|51\/100|[from] item: Leftovers\n|upkeep\n|turn|7\n|\n|t:|1699076968\n|move|p2a: Celesteela|Meteor Beam||[still]\n|-prepare|p2a: Celesteela|Meteor Beam\n|-boost|p2a: Celesteela|spa|1\n|-enditem|p2a: Celesteela|Power Herb\n|-anim|p2a: Celesteela|Meteor Beam|p1a: Enamorus\n|-supereffective|p1a: Enamorus\n|-damage|p1a: Enamorus|0 fnt\n|faint|p1a: Enamorus\n|-ability|p2a: Celesteela|Beast Boost|boost\n|-boost|p2a: Celesteela|spa|1\n|\n|upkeep\n|\n|t:|1699076976\n|switch|p1a: Slowking|Slowking-Galar, F|100\/100\n|-damage|p1a: Slowking|88\/100|[from] Stealth Rock\n|turn|8\n|\n|t:|1699076980\n|move|p2a: Celesteela|Air Slash|p1a: Slowking\n|-damage|p1a: Slowking|45\/100\n|move|p1a: Slowking|Trick Room|p1a: Slowking\n|-fieldstart|move: Trick Room|[of] p1a: Slowking\n|\n|upkeep\n|turn|9\n|\n|t:|1699076986\n|move|p1a: Slowking|Chilly Reception|p1a: Slowking\n|-weather|Snow\n|\n|t:|1699076988\n|switch|p1a: Ampharos|Ampharos, F|100\/100|[from] Chilly Reception\n|-damage|p1a: Ampharos|88\/100|[from] Stealth Rock\n|move|p2a: Celesteela|Air Slash|p1a: Ampharos\n|-resisted|p1a: Ampharos\n|-damage|p1a: Ampharos|55\/100\n|\n|-weather|Snow|[upkeep]\n|upkeep\n|turn|10\n|c|\u2606ANinjaDude|glad i didnt automotize ngl\n|\n|t:|1699076999\n|detailschange|p1a: Ampharos|Ampharos-Mega, F\n|-mega|p1a: Ampharos|Ampharos|Ampharosite\n|-ability|p1a: Ampharos|Mold Breaker\n|move|p1a: Ampharos|Thunderbolt|p2a: Celesteela\n|-supereffective|p2a: Celesteela\n|-damage|p2a: Celesteela|0 fnt\n|faint|p2a: Celesteela\n|\n|-weather|Snow|[upkeep]\n|upkeep\n|\n|t:|1699077005\n|switch|p2a: Lopunny|Lopunny, F|100\/100\n|-damage|p2a: Lopunny|76\/100|[from] Spikes\n|turn|11\n|\n|t:|1699077014\n|detailschange|p2a: Lopunny|Lopunny-Mega, F\n|-mega|p2a: Lopunny|Lopunny|Lopunnite\n|move|p2a: Lopunny|Fake Out|p1a: Ampharos\n|-damage|p1a: Ampharos|38\/100\n|cant|p1a: Ampharos|flinch\n|\n|-weather|Snow|[upkeep]\n|upkeep\n|turn|12\n|\n|t:|1699077019\n|switch|p2a: Thundurus|Thundurus-Therian, M|100\/100\n|move|p1a: Ampharos|Thunderbolt|p2a: Thundurus\n|-damage|p2a: Thundurus|21\/100\n|\n|-weather|Snow|[upkeep]\n|-fieldend|move: Trick Room\n|upkeep\n|turn|13\n|\n|t:|1699077032\n|switch|p1a: Ferrothorn|Ferrothorn, F|15\/100\n|-damage|p1a: Ferrothorn|9\/100|[from] Stealth Rock\n|-terastallize|p2a: Thundurus|Ice\n|move|p2a: Thundurus|Tera Blast|p1a: Ferrothorn|[anim] Tera Blast Ice\n|-damage|p1a: Ferrothorn|0 fnt\n|faint|p1a: Ferrothorn\n|\n|-weather|none\n|upkeep\n|\n|t:|1699077041\n|switch|p1a: Slowking|Slowking-Galar, F|78\/100\n|-damage|p1a: Slowking|65\/100|[from] Stealth Rock\n|turn|14\n|\n|t:|1699077043\n|move|p2a: Thundurus|Nasty Plot|p2a: Thundurus\n|-boost|p2a: Thundurus|spa|2\n|move|p1a: Slowking|Trick Room|p1a: Slowking\n|-fieldstart|move: Trick Room|[of] p1a: Slowking\n|\n|upkeep\n|turn|15\n|\n|t:|1699077046\n|move|p1a: Slowking|Power Gem|p2a: Thundurus\n|-supereffective|p2a: Thundurus\n|-damage|p2a: Thundurus|0 fnt\n|faint|p2a: Thundurus\n|\n|upkeep\n|\n|t:|1699077050\n|switch|p2a: Lopunny|Lopunny-Mega, F|76\/100\n|-damage|p2a: Lopunny|51\/100|[from] Spikes\n|turn|16\n|\n|t:|1699077052\n|move|p2a: Lopunny|Fake Out|p1a: Slowking\n|-damage|p1a: Slowking|47\/100\n|-damage|p2a: Lopunny|34\/100|[from] item: Rocky Helmet|[of] p1a: Slowking\n|cant|p1a: Slowking|flinch\n|\n|upkeep\n|turn|17\n|\n|t:|1699077058\n|move|p1a: Slowking|Power Gem|p2a: Lopunny\n|-resisted|p2a: Lopunny\n|-damage|p2a: Lopunny|20\/100\n|move|p2a: Lopunny|Return|p1a: Slowking\n|-damage|p1a: Slowking|0 fnt\n|-damage|p2a: Lopunny|4\/100|[from] item: Rocky Helmet|[of] p1a: Slowking\n|faint|p1a: Slowking\n|\n|upkeep\n|\n|t:|1699077062\n|switch|p1a: Alomomola|Alomomola, M|100\/100\n|-damage|p1a: Alomomola|88\/100|[from] Stealth Rock\n|turn|18\n|\n|t:|1699077065\n|move|p1a: Alomomola|Wish|p1a: Alomomola\n|move|p2a: Lopunny|Return|p1a: Alomomola\n|-damage|p1a: Alomomola|60\/100\n|-damage|p2a: Lopunny|0 fnt|[from] item: Rocky Helmet|[of] p1a: Alomomola\n|faint|p2a: Lopunny\n|\n|-fieldend|move: Trick Room\n|upkeep\n|\n|t:|1699077071\n|switch|p2a: Shaymin|Shaymin-Sky|100\/100\n|turn|19\n|\n|t:|1699077079\n|move|p2a: Shaymin|Air Slash|p1a: Alomomola\n|-damage|p1a: Alomomola|12\/100\n|cant|p1a: Alomomola|flinch\n|\n|-heal|p1a: Alomomola|62\/100|[from] move: Wish|[wisher] Alomomola\n|upkeep\n|turn|20\n|\n|t:|1699077085\n|move|p2a: Shaymin|Air Slash|p1a: Alomomola\n|-damage|p1a: Alomomola|16\/100\n|cant|p1a: Alomomola|flinch\n|\n|upkeep\n|turn|21\n|\n|t:|1699077089\n|move|p1a: Alomomola|Protect|p1a: Alomomola\n|-singleturn|p1a: Alomomola|Protect\n|move|p2a: Shaymin|Air Slash|p1a: Alomomola\n|-activate|p1a: Alomomola|move: Protect\n|\n|upkeep\n|turn|22\n|\n|t:|1699077094\n|move|p2a: Shaymin|Air Slash|p1a: Alomomola\n|-damage|p1a: Alomomola|0 fnt\n|faint|p1a: Alomomola\n|\n|upkeep\n|\n|t:|1699077096\n|switch|p1a: Glastrier|Glastrier|100\/100\n|-damage|p1a: Glastrier|76\/100|[from] Stealth Rock\n|turn|23\n|\n|t:|1699077106\n|move|p2a: Shaymin|Air Slash|p1a: Glastrier\n|-damage|p1a: Glastrier|48\/100\n|move|p1a: Glastrier|Icicle Crash|p2a: Shaymin\n|-supereffective|p2a: Shaymin\n|-damage|p2a: Shaymin|0 fnt\n|faint|p2a: Shaymin\n|-ability|p1a: Glastrier|Chilling Neigh|boost\n|-boost|p1a: Glastrier|atk|1\n|\n|-heal|p1a: Glastrier|54\/100|[from] item: Leftovers\n|upkeep\n|\n|t:|1699077110\n|switch|p2a: Dragonite|Dragonite, M|100\/100\n|turn|24\n|\n|t:|1699077115\n|move|p2a: Dragonite|Earthquake|p1a: Glastrier\n|-damage|p1a: Glastrier|32\/100\n|move|p1a: Glastrier|Icicle Crash|p2a: Dragonite\n|-supereffective|p2a: Dragonite\n|-damage|p2a: Dragonite|0 fnt\n|faint|p2a: Dragonite\n|\n|win|Yuinna.\n|c|\u2606ANinjaDude|ggs\n|c|\u2606Yuinna.|gg\n","uploadtime":1699077123,"views":10,"p1id":"yuinna","p2id":"aninjadude","formatid":"gen9nationaldexubers","rating":0,"private":0,"password":""}