{"id":"gen9nationaldexubers-1978927333","p1":"carteredwinwoods","p2":"TheRealDelliot","format":"[Gen 9] National Dex Ubers","log":"|j|\u2606carteredwinwoods\n|j|\u2606TheRealDelliot\n|t:|1698611159\n|gametype|singles\n|player|p1|carteredwinwoods|caitlin|\n|player|p2|TheRealDelliot|266|\n|teamsize|p1|6\n|teamsize|p2|6\n|gen|9\n|tier|[Gen 9] National Dex Ubers\n|rule|HP Percentage Mod: HP is shown in percentages\n|rule|Endless Battle Clause: Forcing endless battles is banned\n|rule|OHKO Clause: OHKO moves are banned\n|rule|Evasion Moves Clause: Evasion moves are banned\n|rule|Evasion Items Clause: Evasion items are banned\n|rule|Species Clause: Limit one of each Pok\u00e9mon\n|rule|Sleep Clause Mod: Limit one foe put to sleep\n|rule|Mega Rayquaza Clause: You cannot mega evolve Rayquaza\n|clearpoke\n|poke|p1|Gliscor, L59, F|\n|poke|p1|Torkoal, L59, M|\n|poke|p1|Cinccino, L59, F|\n|poke|p1|Musharna, L59, F|\n|poke|p1|Mismagius, L59, F|\n|poke|p1|Whimsicott, L59, F|\n|poke|p2|Vivillon, L59, M|\n|poke|p2|Kleavor, L59, M|\n|poke|p2|Ninjask, L59, M|\n|poke|p2|Araquanid, L59, M|\n|poke|p2|Lokix, L59, M|\n|poke|p2|Durant, L59, M|\n|teampreview\n|c|\u2606TheRealDelliot|Glhf\n|c|\u2606carteredwinwoods|Gl\n|\n|t:|1698611171\n|start\n|switch|p1a: Cinccino|Cinccino, L59, F|100\/100\n|switch|p2a: Kleavor|Kleavor, L59, M|100\/100\n|turn|1\n|\n|t:|1698611176\n|-terastallize|p1a: Cinccino|Rock\n|move|p2a: Kleavor|Stone Axe|p1a: Cinccino\n|-damage|p1a: Cinccino|6\/100\n|-sidestart|p1: carteredwinwoods|move: Stealth Rock\n|move|p1a: Cinccino|Rock Blast|p2a: Kleavor\n|-supereffective|p2a: Kleavor\n|-damage|p2a: Kleavor|58\/100\n|-supereffective|p2a: Kleavor\n|-damage|p2a: Kleavor|19\/100\n|-supereffective|p2a: Kleavor\n|-damage|p2a: Kleavor|0 fnt\n|faint|p2a: Kleavor\n|-hitcount|p2: Kleavor|3\n|\n|upkeep\n|\n|t:|1698611194\n|switch|p2a: Ninjask|Ninjask, L59, M|100\/100\n|turn|2\n|\n|t:|1698611197\n|move|p2a: Ninjask|Leech Life|p1a: Cinccino\n|-damage|p1a: Cinccino|0 fnt\n|faint|p1a: Cinccino\n|\n|-ability|p2a: Ninjask|Speed Boost|boost\n|-boost|p2a: Ninjask|spe|1\n|upkeep\n|c|\u2606carteredwinwoods|ermmm\n|\n|t:|1698611204\n|switch|p1a: Torkoal|Torkoal, L59, M|100\/100\n|-damage|p1a: Torkoal|76\/100|[from] Stealth Rock\n|-weather|SunnyDay|[from] ability: Drought|[of] p1a: Torkoal\n|turn|3\n|\n|t:|1698611216\n|move|p2a: Ninjask|Dual Wingbeat|p1a: Torkoal\n|-damage|p1a: Torkoal|64\/100\n|-damage|p1a: Torkoal|49\/100\n|-hitcount|p1a: Torkoal|2\n|move|p1a: Torkoal|Flamethrower|p2a: Ninjask\n|-supereffective|p2a: Ninjask\n|-damage|p2a: Ninjask|0 fnt\n|faint|p2a: Ninjask\n|\n|-weather|SunnyDay|[upkeep]\n|-heal|p1a: Torkoal|55\/100|[from] item: Leftovers\n|upkeep\n|\n|t:|1698611223\n|switch|p2a: Vivillon|Vivillon, L59, M|100\/100\n|turn|4\n|\n|t:|1698611228\n|move|p2a: Vivillon|Sleep Powder|p1a: Torkoal\n|-status|p1a: Torkoal|slp|[from] move: Sleep Powder\n|cant|p1a: Torkoal|slp\n|\n|-weather|SunnyDay|[upkeep]\n|-heal|p1a: Torkoal|60\/100 slp|[from] item: Leftovers\n|upkeep\n|turn|5\n|\n|t:|1698611235\n|move|p2a: Vivillon|Quiver Dance|p2a: Vivillon\n|-boost|p2a: Vivillon|spa|1\n|-boost|p2a: Vivillon|spd|1\n|-boost|p2a: Vivillon|spe|1\n|cant|p1a: Torkoal|slp\n|\n|-weather|SunnyDay|[upkeep]\n|-heal|p1a: Torkoal|66\/100 slp|[from] item: Leftovers\n|upkeep\n|turn|6\n|c|\u2606carteredwinwoods|TORKOAKL CMON\n|\n|t:|1698611248\n|move|p2a: Vivillon|Quiver Dance|p2a: Vivillon\n|-boost|p2a: Vivillon|spa|1\n|-boost|p2a: Vivillon|spd|1\n|-boost|p2a: Vivillon|spe|1\n|-curestatus|p1a: Torkoal|slp|[msg]\n|move|p1a: Torkoal|Flamethrower|p2a: Vivillon\n|-supereffective|p2a: Vivillon\n|-enditem|p2a: Vivillon|Focus Sash\n|-damage|p2a: Vivillon|1\/100\n|\n|-weather|SunnyDay|[upkeep]\n|-heal|p1a: Torkoal|72\/100|[from] item: Leftovers\n|upkeep\n|turn|7\n|\n|t:|1698611260\n|move|p2a: Vivillon|Sleep Powder|p1a: Torkoal\n|-status|p1a: Torkoal|slp|[from] move: Sleep Powder\n|cant|p1a: Torkoal|slp\n|\n|-weather|none\n|-heal|p1a: Torkoal|78\/100 slp|[from] item: Leftovers\n|upkeep\n|turn|8\n|c|\u2606carteredwinwoods|erm\n|\n|t:|1698611268\n|move|p2a: Vivillon|Hurricane|p1a: Torkoal\n|-damage|p1a: Torkoal|0 fnt\n|faint|p1a: Torkoal\n|\n|upkeep\n|\n|t:|1698611274\n|switch|p1a: Gliscor|Gliscor, L59, F|100\/100\n|-damage|p1a: Gliscor|88\/100|[from] Stealth Rock\n|turn|9\n|\n|t:|1698611282\n|move|p2a: Vivillon|Sleep Powder|p1a: Gliscor\n|-status|p1a: Gliscor|slp|[from] move: Sleep Powder\n|cant|p1a: Gliscor|slp\n|\n|upkeep\n|turn|10\n|c|\u2606carteredwinwoods|boy\n|\n|t:|1698611288\n|move|p2a: Vivillon|Hurricane|p1a: Gliscor\n|-damage|p1a: Gliscor|0 fnt\n|faint|p1a: Gliscor\n|\n|upkeep\n|\n|t:|1698611292\n|switch|p1a: Mismagius|Mismagius, L59, F, shiny|100\/100\n|-damage|p1a: Mismagius|88\/100|[from] Stealth Rock\n|turn|11\n|\n|t:|1698611296\n|move|p2a: Vivillon|Sleep Powder|p1a: Mismagius\n|-status|p1a: Mismagius|slp|[from] move: Sleep Powder\n|cant|p1a: Mismagius|slp\n|\n|upkeep\n|turn|12\n|c|\u2606carteredwinwoods|omfg\n|\n|t:|1698611306\n|move|p2a: Vivillon|Hurricane|p1a: Mismagius\n|-damage|p1a: Mismagius|0 fnt\n|faint|p1a: Mismagius\n|\n|upkeep\n|\n|t:|1698611311\n|switch|p1a: Whimsicott|Whimsicott, L59, F|100\/100\n|-damage|p1a: Whimsicott|88\/100|[from] Stealth Rock\n|turn|13\n|\n|t:|1698611320\n|move|p2a: Vivillon|Bug Buzz|p1a: Whimsicott\n|-damage|p1a: Whimsicott|0 fnt\n|faint|p1a: Whimsicott\n|\n|upkeep\n|c|\u2606carteredwinwoods|gg\n|\n|t:|1698611327\n|switch|p1a: Musharna|Musharna, L59, F, shiny|100\/100\n|-damage|p1a: Musharna|88\/100|[from] Stealth Rock\n|-activate|p1a: Musharna|ability: Forewarn|Hurricane|[of] p2a: Vivillon\n|turn|14\n|\n|t:|1698611333\n|move|p2a: Vivillon|Bug Buzz|p1a: Musharna\n|-supereffective|p1a: Musharna\n|-damage|p1a: Musharna|0 fnt\n|faint|p1a: Musharna\n|\n|win|TheRealDelliot\n|c|\u2606TheRealDelliot|Gg\n|c|\u2606carteredwinwoods|gg\n|l|\u2606carteredwinwoods\n|l|\u2606TheRealDelliot\n|j|\u2606TheRealDelliot\n|player|p2|TheRealDelliot|266\n","uploadtime":1698611405,"views":11,"p1id":"carteredwinwoods","p2id":"therealdelliot","formatid":"gen9nationaldexubers","rating":0,"private":0,"password":""}