{"id":"gen9nationaldexubers-1993954569","p1":"Tywilder","p2":"jole521","format":"[Gen 9] National Dex Ubers","log":"|j|\u2606Tywilder\n|j|\u2606jole521\n|t:|1700382087\n|gametype|singles\n|player|p1|Tywilder|102|1073\n|player|p2|jole521|swimmerf|1050\n|teamsize|p1|6\n|teamsize|p2|6\n|gen|9\n|tier|[Gen 9] National Dex Ubers\n|rated|\n|rule|HP Percentage Mod: HP is shown in percentages\n|rule|Endless Battle Clause: Forcing endless battles is banned\n|rule|OHKO Clause: OHKO moves are banned\n|rule|Evasion Moves Clause: Evasion moves are banned\n|rule|Evasion Items Clause: Evasion items are banned\n|rule|Species Clause: Limit one of each Pok\u00e9mon\n|rule|Sleep Clause Mod: Limit one foe put to sleep\n|rule|Mega Rayquaza Clause: You cannot mega evolve Rayquaza\n|clearpoke\n|poke|p1|Blastoise, F|\n|poke|p1|Pelipper, F|\n|poke|p1|Shiftry, F|\n|poke|p1|Iron Moth|\n|poke|p1|Dragapult, M|\n|poke|p1|Arctozolt|\n|poke|p2|Porygon-Z|\n|poke|p2|Togekiss, F|\n|poke|p2|Gourgeist-*, F|\n|poke|p2|Wigglytuff, F|\n|poke|p2|Aegislash, F|\n|poke|p2|Meowstic, M|\n|teampreview\n|\n|t:|1700382093\n|start\n|switch|p1a: Dragapult|Dragapult, M, shiny|100\/100\n|switch|p2a: Meowstic|Meowstic, M|100\/100\n|turn|1\n|\n|t:|1700382101\n|move|p2a: Meowstic|Light Screen|p2a: Meowstic\n|-sidestart|p2: jole521|move: Light Screen\n|move|p1a: Dragapult|Dragon Dance|p1a: Dragapult\n|-boost|p1a: Dragapult|atk|1\n|-boost|p1a: Dragapult|spe|1\n|\n|upkeep\n|turn|2\n|\n|t:|1700382107\n|move|p2a: Meowstic|Reflect|p2a: Meowstic\n|-sidestart|p2: jole521|Reflect\n|move|p1a: Dragapult|Dragon Dance|p1a: Dragapult\n|-boost|p1a: Dragapult|atk|1\n|-boost|p1a: Dragapult|spe|1\n|\n|upkeep\n|turn|3\n|\n|t:|1700382117\n|move|p2a: Meowstic|Thunder Wave|p1a: Dragapult\n|-status|p1a: Dragapult|par\n|move|p1a: Dragapult|Dragon Dance|p1a: Dragapult\n|-boost|p1a: Dragapult|atk|1\n|-boost|p1a: Dragapult|spe|1\n|\n|upkeep\n|turn|4\n|\n|t:|1700382127\n|switch|p2a: Gourgeist|Gourgeist-Super, F, shiny|100\/100\n|-item|p1a: Dragapult|Life Orb|[from] ability: Frisk|[of] p2a: Gourgeist|[identify]\n|move|p1a: Dragapult|Dragon Dance|p1a: Dragapult\n|-boost|p1a: Dragapult|atk|1\n|-boost|p1a: Dragapult|spe|1\n|\n|upkeep\n|turn|5\n|\n|t:|1700382137\n|-terastallize|p1a: Dragapult|Fairy\n|move|p1a: Dragapult|Dragon Darts|p2a: Gourgeist\n|-damage|p2a: Gourgeist|60\/100\n|-anim|p1a: Dragapult|Dragon Darts|p2a: Gourgeist\n|-damage|p2a: Gourgeist|20\/100\n|-damage|p1a: Dragapult|91\/100 par|[from] item: Life Orb\n|move|p2a: Gourgeist|Poltergeist|p1a: Dragapult\n|-activate|p1a: Dragapult|move: Poltergeist|Life Orb\n|-damage|p1a: Dragapult|2\/100 par\n|\n|upkeep\n|turn|6\n|\n|t:|1700382152\n|move|p1a: Dragapult|Sucker Punch|p2a: Gourgeist\n|-supereffective|p2a: Gourgeist\n|-damage|p2a: Gourgeist|0 fnt\n|faint|p2a: Gourgeist\n|-damage|p1a: Dragapult|0 fnt|[from] item: Life Orb\n|faint|p1a: Dragapult\n|\n|upkeep\n|\n|t:|1700382161\n|switch|p1a: Shiftry|Shiftry, F|100\/100\n|switch|p2a: Porygon-Z|Porygon-Z, shiny|100\/100\n|turn|7\n|\n|t:|1700382172\n|move|p2a: Porygon-Z|Agility|p2a: Porygon-Z\n|-boost|p2a: Porygon-Z|spe|2\n|move|p1a: Shiftry|Tailwind|p1a: Shiftry\n|-sidestart|p1: Tywilder|move: Tailwind\n|-ability|p1a: Shiftry|Wind Rider|boost\n|-boost|p1a: Shiftry|atk|1\n|\n|upkeep\n|turn|8\n|\n|t:|1700382182\n|move|p2a: Porygon-Z|Nasty Plot|p2a: Porygon-Z\n|-boost|p2a: Porygon-Z|spa|2\n|move|p1a: Shiftry|Brick Break|p2a: Porygon-Z\n|-sideend|p2: jole521|Reflect\n|-sideend|p2: jole521|move: Light Screen\n|-supereffective|p2a: Porygon-Z\n|-damage|p2a: Porygon-Z|6\/100\n|\n|upkeep\n|turn|9\n|\n|t:|1700382191\n|-terastallize|p2a: Porygon-Z|Normal\n|move|p2a: Porygon-Z|Tri Attack|p1a: Shiftry\n|-damage|p1a: Shiftry|0 fnt\n|faint|p1a: Shiftry\n|-damage|p2a: Porygon-Z|0 fnt|[from] item: Life Orb\n|faint|p2a: Porygon-Z\n|\n|upkeep\n|\n|t:|1700382205\n|switch|p2a: Meowstic|Meowstic, M|100\/100\n|switch|p1a: Iron Moth|Iron Moth|100\/100\n|-enditem|p1a: Iron Moth|Booster Energy\n|-activate|p1a: Iron Moth|ability: Quark Drive|[fromitem]\n|-start|p1a: Iron Moth|quarkdrivespa\n|turn|10\n|\n|t:|1700382213\n|move|p2a: Meowstic|Light Screen|p2a: Meowstic\n|-sidestart|p2: jole521|move: Light Screen\n|move|p1a: Iron Moth|Fiery Dance|p2a: Meowstic\n|-damage|p2a: Meowstic|61\/100\n|\n|-sideend|p1: Tywilder|move: Tailwind\n|upkeep\n|turn|11\n|\n|t:|1700382219\n|move|p2a: Meowstic|Reflect|p2a: Meowstic\n|-sidestart|p2: jole521|Reflect\n|move|p1a: Iron Moth|Fiery Dance|p2a: Meowstic\n|-damage|p2a: Meowstic|25\/100\n|\n|upkeep\n|turn|12\n|\n|t:|1700382225\n|move|p2a: Meowstic|Thunder Wave|p1a: Iron Moth\n|-status|p1a: Iron Moth|par\n|move|p1a: Iron Moth|Fiery Dance|p2a: Meowstic\n|-damage|p2a: Meowstic|0 fnt\n|faint|p2a: Meowstic\n|\n|upkeep\n|\n|t:|1700382233\n|switch|p2a: Togekiss|Togekiss, F|100\/100\n|turn|13\n|\n|t:|1700382237\n|move|p2a: Togekiss|Nasty Plot|p2a: Togekiss\n|-boost|p2a: Togekiss|spa|2\n|move|p1a: Iron Moth|Fiery Dance|p2a: Togekiss\n|-crit|p2a: Togekiss\n|-damage|p2a: Togekiss|22\/100\n|-boost|p1a: Iron Moth|spa|1\n|\n|upkeep\n|turn|14\n|\n|t:|1700382248\n|move|p2a: Togekiss|Air Slash|p1a: Iron Moth\n|-damage|p1a: Iron Moth|41\/100 par\n|cant|p1a: Iron Moth|par\n|\n|upkeep\n|turn|15\n|\n|t:|1700382255\n|move|p2a: Togekiss|Air Slash|p1a: Iron Moth\n|-damage|p1a: Iron Moth|0 fnt\n|faint|p1a: Iron Moth\n|-end|p1a: Iron Moth|Quark Drive|[silent]\n|\n|upkeep\n|\n|t:|1700382260\n|switch|p1a: Arctozolt|Arctozolt, shiny|100\/100\n|turn|16\n|\n|t:|1700382268\n|move|p2a: Togekiss|Flamethrower|p1a: Arctozolt\n|-supereffective|p1a: Arctozolt\n|-damage|p1a: Arctozolt|0 fnt\n|faint|p1a: Arctozolt\n|\n|upkeep\n|\n|t:|1700382274\n|switch|p1a: Blastoise|Blastoise, F|100\/100\n|turn|17\n|\n|t:|1700382298\n|move|p1a: Blastoise|Aqua Jet|p2a: Togekiss\n|-damage|p2a: Togekiss|14\/100\n|move|p2a: Togekiss|Air Slash|p1a: Blastoise\n|-damage|p1a: Blastoise|33\/100\n|\n|-sideend|p2: jole521|move: Light Screen\n|upkeep\n|turn|18\n|\n|t:|1700382306\n|move|p1a: Blastoise|Aqua Jet|p2a: Togekiss\n|-damage|p2a: Togekiss|5\/100\n|move|p2a: Togekiss|Air Slash|p1a: Blastoise\n|-damage|p1a: Blastoise|0 fnt\n|faint|p1a: Blastoise\n|\n|-sideend|p2: jole521|Reflect\n|upkeep\n|\n|t:|1700382314\n|switch|p1a: Pelipper|Pelipper, F, shiny|100\/100\n|-weather|RainDance|[from] ability: Drizzle|[of] p1a: Pelipper\n|turn|19\n|\n|t:|1700382319\n|move|p2a: Togekiss|Roost|p2a: Togekiss\n|-heal|p2a: Togekiss|55\/100\n|-singleturn|p2a: Togekiss|move: Roost\n|move|p1a: Pelipper|Scald|p2a: Togekiss\n|-damage|p2a: Togekiss|22\/100\n|\n|-weather|RainDance|[upkeep]\n|upkeep\n|turn|20\n|\n|t:|1700382328\n|move|p2a: Togekiss|Air Slash|p1a: Pelipper\n|-damage|p1a: Pelipper|12\/100\n|move|p1a: Pelipper|Scald|p2a: Togekiss\n|-damage|p2a: Togekiss|0 fnt\n|faint|p2a: Togekiss\n|\n|-weather|RainDance|[upkeep]\n|upkeep\n|\n|t:|1700382337\n|switch|p2a: Wigglytuff|Wigglytuff, F, shiny|100\/100\n|turn|21\n|\n|t:|1700382342\n|move|p2a: Wigglytuff|Hyper Voice|p1a: Pelipper\n|-damage|p1a: Pelipper|0 fnt\n|faint|p1a: Pelipper\n|-damage|p2a: Wigglytuff|91\/100|[from] item: Life Orb\n|\n|win|jole521\n|raw|Tywilder's rating: 1073 &rarr; <strong>1051<\/strong><br \/>(-22 for losing)\n|raw|jole521's rating: 1050 &rarr; <strong>1085<\/strong><br \/>(+35 for winning)\n|c|\u2606Tywilder|Gg\n|c|\u2606jole521|gg\n","uploadtime":1700382355,"views":7,"p1id":"tywilder","p2id":"jole521","formatid":"gen9nationaldexubers","rating":1051,"private":0,"password":""}