{"id":"gen9nationaldexubers-1995950948","p1":"Yuinna.","p2":"Aroma Nobody","format":"[Gen 9] National Dex Ubers","log":"|j|\u2606Yuinna.\n|j|\u2606Aroma Nobody\n|t:|1700621140\n|gametype|singles\n|player|p1|Yuinna.|serena-masters|\n|player|p2|Aroma Nobody|turo-ai|\n|teamsize|p1|6\n|teamsize|p2|6\n|gen|9\n|tier|[Gen 9] National Dex Ubers\n|rule|HP Percentage Mod: HP is shown in percentages\n|rule|Endless Battle Clause: Forcing endless battles is banned\n|rule|OHKO Clause: OHKO moves are banned\n|rule|Evasion Moves Clause: Evasion moves are banned\n|rule|Evasion Items Clause: Evasion items are banned\n|rule|Species Clause: Limit one of each Pok\u00e9mon\n|rule|Sleep Clause Mod: Limit one foe put to sleep\n|rule|Mega Rayquaza Clause: You cannot mega evolve Rayquaza\n|clearpoke\n|poke|p1|Meowscarada, F|\n|poke|p1|Vaporeon, F|\n|poke|p1|Skeledirge, M|\n|poke|p1|Diancie|\n|poke|p1|Gliscor, M|\n|poke|p1|Roaring Moon|\n|poke|p2|Deoxys-Speed|\n|poke|p2|Tapu Lele|\n|poke|p2|Sneasler, F|\n|poke|p2|Gardevoir, M|\n|poke|p2|Slowbro, M|\n|poke|p2|Victini|\n|teampreview\n|inactive|Battle timer is ON: inactive players will automatically lose when time's up. (requested by Yuinna.)\n|c|\u2606Aroma Nobody|glhf\n|\n|t:|1700621149\n|start\n|switch|p1a: Meowscarada|Meowscarada, F|100\/100\n|switch|p2a: Deoxys|Deoxys-Speed|100\/100\n|-ability|p2a: Deoxys|Pressure\n|turn|1\n|\n|t:|1700621156\n|move|p2a: Deoxys|Stealth Rock|p1a: Meowscarada\n|-sidestart|p1: Yuinna.|move: Stealth Rock\n|move|p1a: Meowscarada|U-turn|p2a: Deoxys\n|-start|p1a: Meowscarada|typechange|Bug|[from] ability: Protean\n|-supereffective|p2a: Deoxys\n|-enditem|p2a: Deoxys|Focus Sash\n|-damage|p2a: Deoxys|1\/100\n|\n|t:|1700621160\n|switch|p1a: Diancie|Diancie|100\/100|[from] U-turn\n|-damage|p1a: Diancie|88\/100|[from] Stealth Rock\n|\n|upkeep\n|turn|2\n|\n|t:|1700621173\n|detailschange|p1a: Diancie|Diancie-Mega\n|-mega|p1a: Diancie|Diancie|Diancite\n|move|p2a: Deoxys|Magic Coat|p2a: Deoxys\n|-singleturn|p2a: Deoxys|move: Magic Coat\n|move|p1a: Diancie|Diamond Storm|p2a: Deoxys\n|-damage|p2a: Deoxys|0 fnt\n|-boost|p1a: Diancie|def|2\n|faint|p2a: Deoxys\n|\n|upkeep\n|\n|t:|1700621189\n|switch|p2a: Gardevoir|Gardevoir, M|100\/100\n|-ability|p2a: Gardevoir|Magic Bounce|[from] ability: Trace|[of] p1a: Diancie\n|turn|3\n|\n|t:|1700621194\n|detailschange|p2a: Gardevoir|Gardevoir-Mega, M\n|-mega|p2a: Gardevoir|Gardevoir|Gardevoirite\n|move|p2a: Gardevoir|Psychic|p1a: Diancie\n|-damage|p1a: Diancie|26\/100\n|move|p1a: Diancie|Diamond Storm|p2a: Gardevoir\n|-damage|p2a: Gardevoir|5\/100\n|\n|upkeep\n|turn|4\n|\n|t:|1700621207\n|switch|p1a: Vaporeon|Vaporeon, F|100\/100\n|-damage|p1a: Vaporeon|88\/100|[from] Stealth Rock\n|move|p2a: Gardevoir|Hyper Voice|p1a: Vaporeon\n|-damage|p1a: Vaporeon|33\/100\n|\n|-heal|p1a: Vaporeon|39\/100|[from] item: Leftovers\n|upkeep\n|turn|5\n|\n|t:|1700621212\n|move|p1a: Vaporeon|Protect|p1a: Vaporeon\n|-singleturn|p1a: Vaporeon|Protect\n|move|p2a: Gardevoir|Hyper Voice|p1a: Vaporeon\n|-activate|p1a: Vaporeon|move: Protect\n|\n|-heal|p1a: Vaporeon|45\/100|[from] item: Leftovers\n|upkeep\n|turn|6\n|\n|t:|1700621227\n|move|p2a: Gardevoir|Hyper Voice|p1a: Vaporeon\n|-crit|p1a: Vaporeon\n|-damage|p1a: Vaporeon|0 fnt\n|faint|p1a: Vaporeon\n|\n|upkeep\n|\n|t:|1700621231\n|switch|p1a: Meowscarada|Meowscarada, F|100\/100\n|-damage|p1a: Meowscarada|88\/100|[from] Stealth Rock\n|turn|7\n|\n|t:|1700621234\n|move|p1a: Meowscarada|U-turn|p2a: Gardevoir\n|-start|p1a: Meowscarada|typechange|Bug|[from] ability: Protean\n|-damage|p2a: Gardevoir|0 fnt\n|faint|p2a: Gardevoir\n|\n|t:|1700621244\n|switch|p1a: Skeledirge|Skeledirge, M|100\/100|[from] U-turn\n|\n|upkeep\n|\n|t:|1700621267\n|switch|p2a: Tapu Lele|Tapu Lele|100\/100\n|-fieldstart|move: Psychic Terrain|[from] ability: Psychic Surge|[of] p2a: Tapu Lele\n|turn|8\n|\n|t:|1700621274\n|move|p2a: Tapu Lele|Future Sight|p1a: Skeledirge\n|-start|p2a: Tapu Lele|move: Future Sight\n|move|p1a: Skeledirge|Will-O-Wisp|p2a: Tapu Lele\n|-status|p2a: Tapu Lele|brn\n|\n|-damage|p2a: Tapu Lele|94\/100 brn|[from] brn\n|upkeep\n|turn|9\n|\n|t:|1700621279\n|switch|p2a: Sneasler|Sneasler, F|100\/100\n|-enditem|p2a: Sneasler|Psychic Seed\n|-boost|p2a: Sneasler|spd|1|[from] item: Psychic Seed\n|move|p1a: Skeledirge|Hex|p2a: Sneasler\n|-crit|p2a: Sneasler\n|-damage|p2a: Sneasler|54\/100\n|\n|upkeep\n|turn|10\n|\n|t:|1700621297\n|-terastallize|p2a: Sneasler|Flying\n|move|p2a: Sneasler|Acrobatics|p1a: Skeledirge\n|-damage|p1a: Skeledirge|46\/100\n|move|p1a: Skeledirge|Will-O-Wisp|p2a: Sneasler\n|-status|p2a: Sneasler|brn\n|\n|-end|p1a: Skeledirge|move: Future Sight\n|-damage|p1a: Skeledirge|0 fnt\n|faint|p1a: Skeledirge\n|-damage|p2a: Sneasler|48\/100 brn|[from] brn\n|upkeep\n|c|\u2606Yuinna.|what restriction?\n|c|\u2606Aroma Nobody|none\n|\n|t:|1700621313\n|switch|p1a: Gliscor|Gliscor, M|100\/100\n|-damage|p1a: Gliscor|88\/100|[from] Stealth Rock\n|turn|11\n|\n|t:|1700621318\n|move|p2a: Sneasler|Swords Dance|p2a: Sneasler\n|-boost|p2a: Sneasler|atk|2\n|move|p1a: Gliscor|Facade|p2a: Sneasler\n|-damage|p2a: Sneasler|9\/100 brn\n|\n|-damage|p2a: Sneasler|3\/100 brn|[from] brn\n|-status|p1a: Gliscor|tox|[from] item: Toxic Orb\n|upkeep\n|turn|12\n|\n|t:|1700621330\n|switch|p1a: Diancie|Diancie-Mega|26\/100\n|-damage|p1a: Diancie|13\/100|[from] Stealth Rock\n|move|p2a: Sneasler|Acrobatics|p1a: Diancie\n|-resisted|p1a: Diancie\n|-damage|p1a: Diancie|0 fnt\n|faint|p1a: Diancie\n|\n|-damage|p2a: Sneasler|0 fnt|[from] brn\n|faint|p2a: Sneasler\n|-fieldend|move: Psychic Terrain\n|upkeep\n|\n|t:|1700621352\n|switch|p2a: Tapu Lele|Tapu Lele|94\/100 brn\n|switch|p1a: Gliscor|Gliscor, M|88\/100 tox\n|-fieldstart|move: Psychic Terrain|[from] ability: Psychic Surge|[of] p2a: Tapu Lele\n|-damage|p1a: Gliscor|76\/100 tox|[from] Stealth Rock\n|turn|13\n|\n|t:|1700621361\n|move|p2a: Tapu Lele|Psychic|p1a: Gliscor\n|-damage|p1a: Gliscor|0 fnt\n|faint|p1a: Gliscor\n|\n|-damage|p2a: Tapu Lele|88\/100 brn|[from] brn\n|upkeep\n|\n|t:|1700621378\n|switch|p1a: Roaring Moon|Roaring Moon|100\/100\n|-damage|p1a: Roaring Moon|88\/100|[from] Stealth Rock\n|-enditem|p1a: Roaring Moon|Booster Energy\n|-activate|p1a: Roaring Moon|ability: Protosynthesis|[fromitem]\n|-start|p1a: Roaring Moon|protosynthesisatk\n|turn|14\n|\n|t:|1700621386\n|switch|p2a: Slowbro|Slowbro, M|100\/100\n|-terastallize|p1a: Roaring Moon|Fairy\n|move|p1a: Roaring Moon|Crunch|p2a: Slowbro\n|-supereffective|p2a: Slowbro\n|-damage|p2a: Slowbro|27\/100\n|\n|upkeep\n|turn|15\n|\n|t:|1700621403\n|move|p1a: Roaring Moon|Crunch|p2a: Slowbro\n|-supereffective|p2a: Slowbro\n|-damage|p2a: Slowbro|0 fnt\n|faint|p2a: Slowbro\n|\n|upkeep\n|\n|t:|1700621408\n|switch|p2a: Tapu Lele|Tapu Lele|88\/100 brn\n|turn|16\n|\n|t:|1700621414\n|move|p2a: Tapu Lele|Moonblast|p1a: Roaring Moon\n|-damage|p1a: Roaring Moon|43\/100\n|move|p1a: Roaring Moon|Crunch|p2a: Tapu Lele\n|-damage|p2a: Tapu Lele|0 fnt\n|faint|p2a: Tapu Lele\n|\n|upkeep\n|\n|t:|1700621419\n|switch|p2a: Victini|Victini|100\/100\n|turn|17\n|\n|t:|1700621423\n|move|p1a: Roaring Moon|Crunch|p2a: Victini\n|-supereffective|p2a: Victini\n|-damage|p2a: Victini|0 fnt\n|faint|p2a: Victini\n|\n|win|Yuinna.\n|c|\u2606Aroma Nobody|gg\n|c|\u2606Yuinna.|jeez\n|l|\u2606Yuinna.\n|c|\u2606Aroma Nobody|wait you can't tera roaring moon\n","uploadtime":1700621533,"views":1,"p1id":"yuinna","p2id":"aromanobody","formatid":"gen9nationaldexubers","rating":0,"private":0,"password":""}