{"id":"gen9nationaldexubers-1982516149","p1":"Yeetmaneat42069","p2":"Karcoal","format":"[Gen 9] National Dex Ubers","log":"|j|\u2606Yeetmaneat42069\n|j|\u2606Karcoal\n|t:|1699022014\n|gametype|singles\n|player|p1|Yeetmaneat42069|candice|\n|player|p2|Karcoal|ingo|\n|teamsize|p1|6\n|teamsize|p2|6\n|gen|9\n|tier|[Gen 9] National Dex Ubers\n|rule|HP Percentage Mod: HP is shown in percentages\n|rule|Endless Battle Clause: Forcing endless battles is banned\n|rule|OHKO Clause: OHKO moves are banned\n|rule|Evasion Moves Clause: Evasion moves are banned\n|rule|Evasion Items Clause: Evasion items are banned\n|rule|Species Clause: Limit one of each Pok\u00e9mon\n|rule|Sleep Clause Mod: Limit one foe put to sleep\n|rule|Mega Rayquaza Clause: You cannot mega evolve Rayquaza\n|clearpoke\n|poke|p1|Suicune|\n|poke|p1|Sunflora, M|\n|poke|p1|Kricketune, F|\n|poke|p1|Golurk|\n|poke|p1|Mamoswine, F|\n|poke|p1|Armaldo, F|\n|poke|p2|Gumshoos, F|\n|poke|p2|Fearow, M|\n|poke|p2|Metagross|\n|poke|p2|Basculegion-F, F|\n|poke|p2|Tapu Fini|\n|poke|p2|Kecleon, F|\n|teampreview\n|inactive|Battle timer is ON: inactive players will automatically lose when time's up. (requested by Karcoal)\n|\n|t:|1699022060\n|start\n|switch|p1a: Mamoswine|Mamoswine, F|100\/100\n|switch|p2a: John cena|Kecleon, F|100\/100\n|turn|1\n|\n|t:|1699022072\n|move|p1a: Mamoswine|Stealth Rock|p2a: John cena\n|-sidestart|p2: Karcoal|move: Stealth Rock\n|move|p2a: John cena|Stealth Rock|p1a: Mamoswine\n|-sidestart|p1: Yeetmaneat42069|move: Stealth Rock\n|\n|upkeep\n|turn|2\n|l|\u2606Yeetmaneat42069\n|inactive|Yeetmaneat42069 disconnected and has 300 seconds to reconnect!\n|player|p1|\n|inactive|Yeetmaneat42069 has 270 seconds to reconnect!\n|inactiveoff|Battle timer is now OFF.\n|j| weedcatfarm\n|j|\u2606Yeetmaneat42069\n|player|p1|Yeetmaneat42069|candice\n|inactive|Battle timer is ON: inactive players will automatically lose when time's up. (requested by Karcoal)\n|inactive|Yeetmaneat42069 has 270 seconds left.\n|\n|t:|1699022193\n|move|p1a: Mamoswine|Stealth Rock||[still]\n|-fail|p1a: Mamoswine\n|move|p2a: John cena|Knock Off|p1a: Mamoswine\n|-damage|p1a: Mamoswine|77\/100\n|-enditem|p1a: Mamoswine|Focus Sash|[from] move: Knock Off|[of] p2a: John cena\n|\n|upkeep\n|turn|3\n|\n|t:|1699022203\n|move|p2a: John cena|Protect|p2a: John cena\n|-singleturn|p2a: John cena|Protect\n|move|p1a: Mamoswine|Earthquake|p2a: John cena\n|-activate|p2a: John cena|move: Protect\n|\n|upkeep\n|turn|4\n|\n|t:|1699022219\n|switch|p2a: Fire|Tapu Fini|100\/100\n|-damage|p2a: Fire|88\/100|[from] Stealth Rock\n|-fieldstart|move: Misty Terrain|[from] ability: Misty Surge|[of] p2a: Fire\n|move|p1a: Mamoswine|Icicle Crash|p2a: Fire\n|-resisted|p2a: Fire\n|-damage|p2a: Fire|62\/100\n|\n|upkeep\n|turn|5\n|\n|t:|1699022235\n|switch|p1a: Sunflora|Sunflora, M|100\/100\n|-damage|p1a: Sunflora|88\/100|[from] Stealth Rock\n|move|p2a: Fire|Surf|p1a: Sunflora\n|-resisted|p1a: Sunflora\n|-damage|p1a: Sunflora|55\/100\n|-damage|p2a: Fire|53\/100|[from] item: Life Orb\n|\n|upkeep\n|turn|6\n|\n|t:|1699022246\n|switch|p2a: John cena|Kecleon, F|100\/100\n|-damage|p2a: John cena|88\/100|[from] Stealth Rock\n|move|p1a: Sunflora|Sunny Day|p1a: Sunflora\n|-weather|SunnyDay\n|\n|-weather|SunnyDay|[upkeep]\n|upkeep\n|turn|7\n|\n|t:|1699022256\n|move|p1a: Sunflora|Growth|p1a: Sunflora\n|-boost|p1a: Sunflora|atk|2\n|-boost|p1a: Sunflora|spa|2\n|move|p2a: John cena|Knock Off|p1a: Sunflora\n|-damage|p1a: Sunflora|17\/100\n|-enditem|p1a: Sunflora|Heat Rock|[from] move: Knock Off|[of] p2a: John cena\n|\n|-weather|SunnyDay|[upkeep]\n|upkeep\n|turn|8\n|l| weedcatfarm\n|\n|t:|1699022266\n|move|p2a: John cena|Protect|p2a: John cena\n|-singleturn|p2a: John cena|Protect\n|move|p1a: Sunflora|Solar Beam||[still]\n|-prepare|p1a: Sunflora|Solar Beam\n|-anim|p1a: Sunflora|Solar Beam|p2a: John cena\n|-activate|p2a: John cena|move: Protect\n|\n|-weather|SunnyDay|[upkeep]\n|-fieldend|Misty Terrain\n|upkeep\n|turn|9\n|\n|t:|1699022275\n|move|p1a: Sunflora|Solar Beam||[still]\n|-prepare|p1a: Sunflora|Solar Beam\n|-anim|p1a: Sunflora|Solar Beam|p2a: John cena\n|-damage|p2a: John cena|6\/100\n|-start|p2a: John cena|typechange|Grass|[from] ability: Color Change\n|move|p2a: John cena|Knock Off|p1a: Sunflora\n|-damage|p1a: Sunflora|0 fnt\n|faint|p1a: Sunflora\n|\n|-weather|SunnyDay|[upkeep]\n|upkeep\n|c|\u2606Karcoal|No way it got a kill\n|\n|t:|1699022288\n|switch|p1a: Kricketune|Kricketune, F|100\/100\n|-damage|p1a: Kricketune|76\/100|[from] Stealth Rock\n|turn|10\n|\n|t:|1699022294\n|move|p1a: Kricketune|Fell Stinger|p2a: John cena\n|-supereffective|p2a: John cena\n|-damage|p2a: John cena|0 fnt\n|faint|p2a: John cena\n|-boost|p1a: Kricketune|atk|3\n|\n|-weather|SunnyDay|[upkeep]\n|upkeep\n|\n|t:|1699022305\n|switch|p2a: ImSoMuchOfABird|Fearow, M|100\/100\n|-damage|p2a: ImSoMuchOfABird|76\/100|[from] Stealth Rock\n|turn|11\n|\n|t:|1699022319\n|move|p1a: Kricketune|Fell Stinger|p2a: ImSoMuchOfABird\n|-resisted|p2a: ImSoMuchOfABird\n|-damage|p2a: ImSoMuchOfABird|10\/100\n|move|p2a: ImSoMuchOfABird|Drill Run|p1a: Kricketune\n|-resisted|p1a: Kricketune\n|-damage|p1a: Kricketune|50\/100\n|-damage|p2a: ImSoMuchOfABird|0 fnt|[from] item: Life Orb\n|faint|p2a: ImSoMuchOfABird\n|\n|-weather|SunnyDay|[upkeep]\n|upkeep\n|\n|t:|1699022330\n|switch|p2a: DonaldGtrump|Gumshoos, F|100\/100\n|-damage|p2a: DonaldGtrump|88\/100|[from] Stealth Rock\n|turn|12\n|\n|t:|1699022339\n|move|p1a: Kricketune|Fell Stinger|p2a: DonaldGtrump\n|-damage|p2a: DonaldGtrump|0 fnt\n|faint|p2a: DonaldGtrump\n|-boost|p1a: Kricketune|atk|3\n|\n|-weather|SunnyDay|[upkeep]\n|upkeep\n|\n|t:|1699022345\n|switch|p2a: Fire|Tapu Fini|53\/100\n|-damage|p2a: Fire|40\/100|[from] Stealth Rock\n|-fieldstart|move: Misty Terrain|[from] ability: Misty Surge|[of] p2a: Fire\n|turn|13\n|\n|t:|1699022352\n|move|p1a: Kricketune|Fell Stinger|p2a: Fire\n|-resisted|p2a: Fire\n|-damage|p2a: Fire|0 fnt\n|faint|p2a: Fire\n|-boost|p1a: Kricketune|atk|0\n|\n|-weather|none\n|upkeep\n|\n|t:|1699022361\n|switch|p2a: Terminator|Metagross|100\/100\n|-damage|p2a: Terminator|95\/100|[from] Stealth Rock\n|turn|14\n|\n|t:|1699022367\n|move|p1a: Kricketune|Fell Stinger|p2a: Terminator\n|-damage|p2a: Terminator|0 fnt\n|faint|p2a: Terminator\n|-boost|p1a: Kricketune|atk|0\n|\n|upkeep\n|\n|t:|1699022370\n|switch|p2a: Feminist|Basculegion-F, F|100\/100\n|-damage|p2a: Feminist|88\/100|[from] Stealth Rock\n|turn|15\n|\n|t:|1699022392\n|-terastallize|p1a: Kricketune|Bug\n|move|p1a: Kricketune|Fell Stinger|p2a: Feminist\n|-resisted|p2a: Feminist\n|-damage|p2a: Feminist|0 fnt\n|faint|p2a: Feminist\n|\n|win|Yeetmaneat42069\n|l|\u2606Karcoal\n","uploadtime":1699022641,"views":13,"p1id":"yeetmaneat42069","p2id":"karcoal","formatid":"gen9nationaldexubers","rating":0,"private":0,"password":""}