{"id":"gen9nationaldexubers-1990420184","p1":"Yami Tayori","p2":"jcdogmal","format":"[Gen 9] National Dex Ubers","log":"|j|\u2606Yami Tayori\n|j|\u2606jcdogmal\n|t:|1699969152\n|gametype|singles\n|player|p1|Yami Tayori|steven|1152\n|player|p2|jcdogmal|266|1179\n|teamsize|p1|6\n|teamsize|p2|6\n|gen|9\n|tier|[Gen 9] National Dex Ubers\n|rated|\n|rule|HP Percentage Mod: HP is shown in percentages\n|rule|Endless Battle Clause: Forcing endless battles is banned\n|rule|OHKO Clause: OHKO moves are banned\n|rule|Evasion Moves Clause: Evasion moves are banned\n|rule|Evasion Items Clause: Evasion items are banned\n|rule|Species Clause: Limit one of each Pok\u00e9mon\n|rule|Sleep Clause Mod: Limit one foe put to sleep\n|rule|Mega Rayquaza Clause: You cannot mega evolve Rayquaza\n|clearpoke\n|poke|p1|Kingambit, M|\n|poke|p1|Roggenrola, M|\n|poke|p1|Carbink|\n|poke|p1|Magnemite|\n|poke|p1|Geodude, F|\n|poke|p1|Bonsly, M|\n|poke|p2|Seismitoad, F|\n|poke|p2|Aegislash, F|\n|poke|p2|Hawlucha, F|\n|poke|p2|Dracovish|\n|poke|p2|Ferrothorn, M|\n|poke|p2|Pelipper, F|\n|teampreview\n|inactive|Battle timer is ON: inactive players will automatically lose when time's up. (requested by jcdogmal)\n|\n|t:|1699969167\n|start\n|switch|p1a: Bonsly|Bonsly, M|100\/100\n|switch|p2a: Pelipper|Pelipper, F|100\/100\n|-weather|RainDance|[from] ability: Drizzle|[of] p2a: Pelipper\n|turn|1\n|\n|t:|1699969175\n|move|p2a: Pelipper|U-turn|p1a: Bonsly\n|-damage|p1a: Bonsly|88\/100\n|\n|t:|1699969180\n|switch|p2a: Ferrothorn|Ferrothorn, M|100\/100|[from] U-turn\n|move|p1a: Bonsly|Explosion|p2a: Ferrothorn\n|-resisted|p2a: Ferrothorn\n|-damage|p2a: Ferrothorn|77\/100\n|faint|p1a: Bonsly\n|\n|-weather|RainDance|[upkeep]\n|-heal|p2a: Ferrothorn|83\/100|[from] item: Leftovers\n|upkeep\n|\n|t:|1699969189\n|switch|p1a: Magnemite|Magnemite|100\/100\n|turn|2\n|\n|t:|1699969200\n|move|p1a: Magnemite|Explosion|p2a: Ferrothorn\n|-resisted|p2a: Ferrothorn\n|-damage|p2a: Ferrothorn|62\/100\n|faint|p1a: Magnemite\n|move|p2a: Ferrothorn|Stealth Rock|p1: Magnemite\n|-sidestart|p1: Yami Tayori|move: Stealth Rock\n|\n|-weather|RainDance|[upkeep]\n|-heal|p2a: Ferrothorn|68\/100|[from] item: Leftovers\n|upkeep\n|\n|t:|1699969203\n|switch|p1a: Roggenrola|Roggenrola, M|100\/100\n|-damage|p1a: Roggenrola|88\/100|[from] Stealth Rock\n|turn|3\n|\n|t:|1699969213\n|move|p2a: Ferrothorn|Power Whip|p1a: Roggenrola\n|-supereffective|p1a: Roggenrola\n|-damage|p1a: Roggenrola|0 fnt\n|faint|p1a: Roggenrola\n|\n|-weather|RainDance|[upkeep]\n|-heal|p2a: Ferrothorn|75\/100|[from] item: Leftovers\n|upkeep\n|\n|t:|1699969216\n|switch|p1a: Carbink|Carbink|100\/100\n|-damage|p1a: Carbink|88\/100|[from] Stealth Rock\n|turn|4\n|\n|t:|1699969229\n|move|p1a: Carbink|Explosion|p2a: Ferrothorn\n|-resisted|p2a: Ferrothorn\n|-damage|p2a: Ferrothorn|50\/100\n|faint|p1a: Carbink\n|move|p2a: Ferrothorn|Power Whip|p1: Carbink|[notarget]\n|-fail|p2a: Ferrothorn\n|\n|-weather|RainDance|[upkeep]\n|-heal|p2a: Ferrothorn|57\/100|[from] item: Leftovers\n|upkeep\n|\n|t:|1699969232\n|switch|p1a: Geodude|Geodude, F|100\/100\n|-damage|p1a: Geodude|95\/100|[from] Stealth Rock\n|turn|5\n|\n|t:|1699969261\n|move|p1a: Geodude|Explosion|p2a: Ferrothorn\n|-resisted|p2a: Ferrothorn\n|-damage|p2a: Ferrothorn|35\/100\n|faint|p1a: Geodude\n|move|p2a: Ferrothorn|Power Whip|p1: Geodude|[notarget]\n|-fail|p2a: Ferrothorn\n|\n|-weather|RainDance|[upkeep]\n|-heal|p2a: Ferrothorn|41\/100|[from] item: Leftovers\n|upkeep\n|\n|t:|1699969269\n|switch|p1a: Kingambit|Kingambit, M|100\/100\n|-damage|p1a: Kingambit|94\/100|[from] Stealth Rock\n|-activate|p1a: Kingambit|ability: Supreme Overlord\n|-start|p1a: Kingambit|fallen5|[silent]\n|turn|6\n|\n|t:|1699969283\n|move|p1a: Kingambit|Swords Dance|p1a: Kingambit\n|-boost|p1a: Kingambit|atk|2\n|move|p2a: Ferrothorn|Power Whip|p1a: Kingambit\n|-resisted|p1a: Kingambit\n|-damage|p1a: Kingambit|78\/100\n|\n|-weather|RainDance|[upkeep]\n|-heal|p2a: Ferrothorn|48\/100|[from] item: Leftovers\n|upkeep\n|turn|7\n|\n|t:|1699969294\n|move|p1a: Kingambit|Brick Break|p2a: Ferrothorn\n|-supereffective|p2a: Ferrothorn\n|-damage|p2a: Ferrothorn|0 fnt\n|-damage|p1a: Kingambit|65\/100|[from] ability: Iron Barbs|[of] p2a: Ferrothorn\n|faint|p2a: Ferrothorn\n|\n|-weather|RainDance|[upkeep]\n|upkeep\n|\n|t:|1699969303\n|switch|p2a: Seismitoad|Seismitoad, F|100\/100\n|turn|8\n|\n|t:|1699969313\n|move|p1a: Kingambit|Sucker Punch|p2a: Seismitoad\n|-damage|p2a: Seismitoad|0 fnt\n|faint|p2a: Seismitoad\n|\n|-weather|none\n|upkeep\n|\n|t:|1699969322\n|switch|p2a: Aegislash|Aegislash, F|100\/100\n|turn|9\n|\n|t:|1699969325\n|-formechange|p2a: Aegislash|Aegislash-Blade||[from] ability: Stance Change\n|move|p2a: Aegislash|Shadow Sneak|p1a: Kingambit\n|-resisted|p1a: Kingambit\n|-damage|p1a: Kingambit|49\/100\n|move|p1a: Kingambit|Sucker Punch||[still]\n|-fail|p1a: Kingambit\n|\n|upkeep\n|turn|10\n|\n|t:|1699969339\n|move|p2a: Aegislash|Shadow Sneak|p1a: Kingambit\n|-resisted|p1a: Kingambit\n|-damage|p1a: Kingambit|33\/100\n|move|p1a: Kingambit|Swords Dance|p1a: Kingambit\n|-boost|p1a: Kingambit|atk|2\n|\n|upkeep\n|turn|11\n|\n|t:|1699969347\n|move|p2a: Aegislash|Shadow Sneak|p1a: Kingambit\n|-resisted|p1a: Kingambit\n|-damage|p1a: Kingambit|17\/100\n|move|p1a: Kingambit|Iron Head|p2a: Aegislash\n|-resisted|p2a: Aegislash\n|-damage|p2a: Aegislash|0 fnt\n|faint|p2a: Aegislash\n|\n|upkeep\n|\n|t:|1699969358\n|switch|p2a: Pelipper|Pelipper, F|100\/100\n|-weather|RainDance|[from] ability: Drizzle|[of] p2a: Pelipper\n|turn|12\n|\n|t:|1699969366\n|move|p1a: Kingambit|Sucker Punch||[still]\n|-fail|p1a: Kingambit\n|move|p2a: Pelipper|Roost||[still]\n|-fail|p2a: Pelipper|heal\n|\n|-weather|RainDance|[upkeep]\n|upkeep\n|turn|13\n|\n|t:|1699969374\n|move|p1a: Kingambit|Sucker Punch|p2a: Pelipper\n|-damage|p2a: Pelipper|0 fnt\n|faint|p2a: Pelipper\n|\n|-weather|RainDance|[upkeep]\n|upkeep\n|\n|t:|1699969380\n|switch|p2a: Hawlucha|Hawlucha, F|100\/100\n|turn|14\n|\n|t:|1699969386\n|-terastallize|p1a: Kingambit|Dark\n|move|p1a: Kingambit|Sucker Punch||[still]\n|-fail|p1a: Kingambit\n|move|p2a: Hawlucha|Swords Dance|p2a: Hawlucha\n|-boost|p2a: Hawlucha|atk|2\n|\n|-weather|RainDance|[upkeep]\n|upkeep\n|turn|15\n|\n|t:|1699969396\n|move|p1a: Kingambit|Sucker Punch|p2a: Hawlucha\n|-resisted|p2a: Hawlucha\n|-damage|p2a: Hawlucha|0 fnt\n|faint|p2a: Hawlucha\n|\n|-weather|RainDance|[upkeep]\n|upkeep\n|\n|t:|1699969402\n|switch|p2a: Dracovish|Dracovish|100\/100\n|turn|16\n|\n|t:|1699969410\n|move|p1a: Kingambit|Sucker Punch|p2a: Dracovish\n|-damage|p2a: Dracovish|0 fnt\n|faint|p2a: Dracovish\n|\n|win|Yami Tayori\n|raw|Yami Tayori's rating: 1152 &rarr; <strong>1179<\/strong><br \/>(+27 for winning)\n|raw|jcdogmal's rating: 1179 &rarr; <strong>1152<\/strong><br \/>(-27 for losing)\n","uploadtime":1699969419,"views":11,"p1id":"yamitayori","p2id":"jcdogmal","formatid":"gen9nationaldexubers","rating":1152,"private":0,"password":""}