{"id":"gen9nationaldexubers-1977910421","p1":"screwsloose","p2":"DerpichuTDK","format":"[Gen 9] National Dex Ubers","log":"|j|\u2606screwsloose\n|j|\u2606DerpichuTDK\n|t:|1698465137\n|gametype|singles\n|player|p1|screwsloose|roxie|\n|player|p2|DerpichuTDK|hilbert|\n|teamsize|p1|6\n|teamsize|p2|6\n|gen|9\n|tier|[Gen 9] National Dex Ubers\n|rule|HP Percentage Mod: HP is shown in percentages\n|rule|Endless Battle Clause: Forcing endless battles is banned\n|rule|OHKO Clause: OHKO moves are banned\n|rule|Evasion Moves Clause: Evasion moves are banned\n|rule|Evasion Items Clause: Evasion items are banned\n|rule|Species Clause: Limit one of each Pok\u00e9mon\n|rule|Sleep Clause Mod: Limit one foe put to sleep\n|rule|Mega Rayquaza Clause: You cannot mega evolve Rayquaza\n|clearpoke\n|poke|p1|Eelektross, F|\n|poke|p1|Furfrou-Heart, F|\n|poke|p1|Meowscarada, M|\n|poke|p1|Mimikyu, F|\n|poke|p1|Gyarados, F|\n|poke|p1|Darmanitan, M|\n|poke|p2|Charizard, M|\n|poke|p2|Greninja-*, F|\n|poke|p2|Rayquaza|\n|poke|p2|Kyurem-White|\n|poke|p2|Zygarde|\n|poke|p2|Mawile, F|\n|teampreview\n|\n|t:|1698465167\n|start\n|switch|p1a: where banana|Darmanitan, M|100\/100\n|switch|p2a: Safi-Naga|Zygarde, shiny|100\/100\n|turn|1\n|\n|t:|1698465189\n|move|p1a: where banana|Superpower|p2a: Safi-Naga\n|-damage|p2a: Safi-Naga|62\/100\n|-unboost|p1a: where banana|atk|1\n|-unboost|p1a: where banana|def|1\n|move|p2a: Safi-Naga|Coil|p2a: Safi-Naga\n|-boost|p2a: Safi-Naga|atk|1\n|-boost|p2a: Safi-Naga|def|1\n|-boost|p2a: Safi-Naga|accuracy|1\n|\n|upkeep\n|turn|2\n|\n|t:|1698465199\n|move|p1a: where banana|Superpower|p2a: Safi-Naga\n|-damage|p2a: Safi-Naga|43\/100\n|-unboost|p1a: where banana|atk|1\n|-unboost|p1a: where banana|def|1\n|move|p2a: Safi-Naga|Coil|p2a: Safi-Naga\n|-boost|p2a: Safi-Naga|atk|1\n|-boost|p2a: Safi-Naga|def|1\n|-boost|p2a: Safi-Naga|accuracy|1\n|\n|-activate|p2a: Safi-Naga|ability: Power Construct\n|detailschange|p2a: Safi-Naga|Zygarde-Complete, shiny\n|-heal|p2a: Safi-Naga|65\/100|[silent]\n|upkeep\n|turn|3\n|inactive|Battle timer is ON: inactive players will automatically lose when time's up. (requested by screwsloose)\n|\n|t:|1698465236\n|switch|p1a: Diana|Furfrou-Heart, F|100\/100\n|move|p2a: Safi-Naga|Thousand Waves|p1a: Diana\n|-damage|p1a: Diana|46\/100\n|-activate|p1a: Diana|trapped\n|\n|upkeep\n|turn|4\n|c|\u2606screwsloose|!data thousand waves\n|raw|<ul class=\"utilichart\"><li class=\"result\"><span class=\"col movenamecol\"><a href=\"https:\/\/dex.pokemonshowdown.com\/moves\/thousandwaves\">Thousand Waves<\/a><\/span> <span class=\"col typecol\"><img src=\"\/\/play.pokemonshowdown.com\/sprites\/types\/Ground.png\" alt=\"Ground\" width=\"32\" height=\"14\"><img src=\"\/\/play.pokemonshowdown.com\/sprites\/categories\/Physical.png\" alt=\"Physical\" width=\"32\" height=\"14\"><\/span> <span class=\"col labelcol\"><em>Power<\/em><br>90<\/span> <span class=\"col widelabelcol\"><em>Accuracy<\/em><br>100%<\/span> <span class=\"col pplabelcol\"><em>PP<\/em><br>16<\/span> <span class=\"col movedesccol\">Hits adjacent foes. Prevents them from switching.<\/span> <\/li><li style=\"clear:both\"><\/li><\/ul>\n\n|\n|t:|1698465259\n|switch|p2a: Liltotto Lamperd|Mawile, F, shiny|100\/100\n|move|p1a: Diana|Roar|p2a: Liltotto Lamperd\n|drag|p2a: Safi-Naga|Zygarde-Complete, shiny|65\/100\n|\n|upkeep\n|turn|5\n|\n|t:|1698465286\n|-terastallize|p2a: Safi-Naga|Dragon\n|move|p2a: Safi-Naga|Core Enforcer|p1a: Diana\n|-damage|p1a: Diana|9\/100\n|move|p1a: Diana|Toxic|p2a: Safi-Naga\n|-status|p2a: Safi-Naga|tox\n|\n|-damage|p2a: Safi-Naga|59\/100 tox|[from] psn\n|upkeep\n|turn|6\n|inactive|DerpichuTDK has 270 seconds left.\n|\n|t:|1698465312\n|move|p2a: Safi-Naga|Core Enforcer|p1a: Diana\n|-damage|p1a: Diana|0 fnt\n|faint|p1a: Diana\n|\n|-damage|p2a: Safi-Naga|47\/100 tox|[from] psn\n|upkeep\n|c|\u2606screwsloose|!data fur coat\n|raw|<ul class=\"utilichart\"><li class=\"result\"><span class=\"col namecol\"><a href=\"https:\/\/dex.pokemonshowdown.com\/abilities\/furcoat\">Fur Coat<\/a><\/span> <span class=\"col abilitydesccol\">This Pokemon's Defense is doubled.<\/span> <\/li><li style=\"clear:both\"><\/li><\/ul>\n\n|\n|t:|1698465318\n|switch|p1a: Shoop Da Woop|Gyarados, F, shiny|100\/100\n|-ability|p1a: Shoop Da Woop|Intimidate|boost\n|-unboost|p2a: Safi-Naga|atk|1\n|turn|7\n|inactive|DerpichuTDK has 270 seconds left.\n|inactive|DerpichuTDK has 240 seconds left.\n|\n|t:|1698465356\n|switch|p2a: Liltotto Lamperd|Mawile, F, shiny|100\/100\n|move|p1a: Shoop Da Woop|Taunt|p2a: Liltotto Lamperd\n|-start|p2a: Liltotto Lamperd|move: Taunt\n|\n|upkeep\n|turn|8\n|inactive|DerpichuTDK has 240 seconds left.\n|\n|t:|1698465388\n|detailschange|p2a: Liltotto Lamperd|Mawile-Mega, F, shiny\n|-mega|p2a: Liltotto Lamperd|Mawile|Mawilite\n|move|p1a: Shoop Da Woop|Dragon Dance|p1a: Shoop Da Woop\n|-boost|p1a: Shoop Da Woop|atk|1\n|-boost|p1a: Shoop Da Woop|spe|1\n|move|p2a: Liltotto Lamperd|Play Rough|p1a: Shoop Da Woop\n|-damage|p1a: Shoop Da Woop|0 fnt\n|faint|p1a: Shoop Da Woop\n|\n|upkeep\n|\n|t:|1698465395\n|switch|p1a: where banana|Darmanitan, M|100\/100\n|turn|9\n|\n|t:|1698465407\n|switch|p2a: Kuroha|Greninja, F, shiny|100\/100\n|-terastallize|p1a: where banana|Fire\n|move|p1a: where banana|Flare Blitz|p2a: Kuroha\n|-resisted|p2a: Kuroha\n|-damage|p2a: Kuroha|0 fnt\n|faint|p2a: Kuroha\n|-damage|p1a: where banana|74\/100|[from] Recoil\n|\n|upkeep\n|\n|t:|1698465422\n|switch|p2a: Liltotto Lamperd|Mawile-Mega, F, shiny|100\/100\n|turn|10\n|\n|t:|1698465427\n|move|p1a: where banana|Flare Blitz|p2a: Liltotto Lamperd\n|-supereffective|p2a: Liltotto Lamperd\n|-damage|p2a: Liltotto Lamperd|0 fnt\n|faint|p2a: Liltotto Lamperd\n|-damage|p1a: where banana|45\/100|[from] Recoil\n|\n|upkeep\n|\n|t:|1698465440\n|switch|p2a: Kurokosoku|Rayquaza, shiny|100\/100\n|-ability|p2a: Kurokosoku|Air Lock\n|turn|11\n|inactive|DerpichuTDK has 210 seconds left.\n|inactive|DerpichuTDK has 180 seconds left.\n|\n|t:|1698465519\n|move|p1a: where banana|Flare Blitz|p2a: Kurokosoku\n|-resisted|p2a: Kurokosoku\n|-damage|p2a: Kurokosoku|22\/100\n|-damage|p1a: where banana|19\/100|[from] Recoil\n|move|p2a: Kurokosoku|Dragon Ascent|p1a: where banana\n|-damage|p1a: where banana|0 fnt\n|-unboost|p2a: Kurokosoku|def|1\n|-unboost|p2a: Kurokosoku|spd|1\n|faint|p1a: where banana\n|-damage|p2a: Kurokosoku|12\/100|[from] item: Life Orb\n|\n|upkeep\n|\n|t:|1698465534\n|switch|p1a: Little Kitty|Meowscarada, M|100\/100\n|turn|12\n|\n|t:|1698465539\n|move|p1a: Little Kitty|Flower Trick|p2a: Kurokosoku\n|-start|p1a: Little Kitty|typechange|Grass|[from] ability: Protean\n|-resisted|p2a: Kurokosoku\n|-crit|p2a: Kurokosoku\n|-damage|p2a: Kurokosoku|0 fnt\n|faint|p2a: Kurokosoku\n|\n|upkeep\n|inactive|DerpichuTDK has 150 seconds left.\n|\n|t:|1698465567\n|switch|p2a: Shoto Todoroki|Kyurem-White, shiny|100\/100\n|-ability|p2a: Shoto Todoroki|Turboblaze\n|turn|13\n|inactive|DerpichuTDK has 150 seconds left.\n|\n|t:|1698465580\n|move|p1a: Little Kitty|Flower Trick|p2a: Shoto Todoroki\n|-resisted|p2a: Shoto Todoroki\n|-crit|p2a: Shoto Todoroki\n|-damage|p2a: Shoto Todoroki|64\/100\n|move|p2a: Shoto Todoroki|Outrage|p1a: Little Kitty\n|-damage|p1a: Little Kitty|5\/100\n|-damage|p2a: Shoto Todoroki|54\/100|[from] item: Life Orb\n|\n|upkeep\n|turn|14\n|\n|t:|1698465589\n|move|p1a: Little Kitty|Flower Trick|p2a: Shoto Todoroki\n|-resisted|p2a: Shoto Todoroki\n|-crit|p2a: Shoto Todoroki\n|-damage|p2a: Shoto Todoroki|13\/100\n|move|p2a: Shoto Todoroki|Outrage|p1a: Little Kitty|[from]lockedmove\n|-damage|p1a: Little Kitty|0 fnt\n|faint|p1a: Little Kitty\n|-damage|p2a: Shoto Todoroki|3\/100|[from] item: Life Orb\n|-start|p2a: Shoto Todoroki|confusion|[fatigue]\n|\n|upkeep\n|\n|t:|1698465598\n|switch|p1a: :3|Mimikyu, F|100\/100\n|turn|15\n|\n|t:|1698465600\n|move|p1a: :3|Swords Dance|p1a: :3\n|-boost|p1a: :3|atk|2\n|-activate|p2a: Shoto Todoroki|confusion\n|-damage|p2a: Shoto Todoroki|0 fnt|[from] confusion\n|faint|p2a: Shoto Todoroki\n|\n|upkeep\n|inactive|DerpichuTDK has 150 seconds left.\n|\n|t:|1698465635\n|switch|p2a: Fatalis|Charizard, M|100\/100\n|turn|16\n|\n|t:|1698465661\n|move|p2a: Fatalis|Hidden Power|p1a: :3\n|-activate|p1a: :3|ability: Disguise\n|-damage|p1a: :3|100\/100\n|detailschange|p1a: :3|Mimikyu-Busted, F\n|-damage|p1a: :3|88\/100|[from] pokemon: Mimikyu-Busted\n|move|p1a: :3|Swords Dance|p1a: :3\n|-boost|p1a: :3|atk|2\n|\n|upkeep\n|turn|17\n|\n|t:|1698465675\n|move|p2a: Fatalis|Flamethrower|p1a: :3\n|-damage|p1a: :3|45\/100\n|-zpower|p1a: :3\n|move|p1a: :3|Let's Snuggle Forever|p2a: Fatalis|[zeffect]\n|-resisted|p2a: Fatalis\n|-damage|p2a: Fatalis|0 fnt\n|faint|p2a: Fatalis\n|\n|upkeep\n|inactive|DerpichuTDK has 120 seconds left.\n|\n|t:|1698465685\n|switch|p2a: Safi-Naga|Zygarde-Complete, shiny, tera:Dragon|47\/100 tox\n|turn|18\n|\n|t:|1698465695\n|move|p1a: :3|Play Rough|p2a: Safi-Naga\n|-supereffective|p2a: Safi-Naga\n|-damage|p2a: Safi-Naga|0 fnt\n|faint|p2a: Safi-Naga\n|\n|win|screwsloose\n|l|\u2606DerpichuTDK\n|c|\u2606screwsloose|!data blaze\n|raw|<ul class=\"utilichart\"><li class=\"result\"><span class=\"col namecol\"><a href=\"https:\/\/dex.pokemonshowdown.com\/abilities\/blaze\">Blaze<\/a><\/span> <span class=\"col abilitydesccol\">At 1\/3 or less of its max HP, this Pokemon's offensive stat is 1.5x with Fire attacks.<\/span> <\/li><li style=\"clear:both\"><\/li><\/ul>\n\n","uploadtime":1698465989,"views":10,"p1id":"screwsloose","p2id":"derpichutdk","formatid":"gen9nationaldexubers","rating":0,"private":0,"password":""}