{"id":"gen9nationaldexubers-1995103274","p1":"RosAfnsa","p2":"Kdisue","format":"[Gen 9] National Dex Ubers","log":"|j|\u2606RosAfnsa\n|j|\u2606Kdisue\n|t:|1700522891\n|gametype|singles\n|player|p1|RosAfnsa|gambler|1131\n|player|p2|Kdisue|265|1042\n|teamsize|p1|4\n|teamsize|p2|6\n|gen|9\n|tier|[Gen 9] National Dex Ubers\n|rated|\n|rule|HP Percentage Mod: HP is shown in percentages\n|rule|Endless Battle Clause: Forcing endless battles is banned\n|rule|OHKO Clause: OHKO moves are banned\n|rule|Evasion Moves Clause: Evasion moves are banned\n|rule|Evasion Items Clause: Evasion items are banned\n|rule|Species Clause: Limit one of each Pok\u00e9mon\n|rule|Sleep Clause Mod: Limit one foe put to sleep\n|rule|Mega Rayquaza Clause: You cannot mega evolve Rayquaza\n|clearpoke\n|poke|p1|Roaring Moon|\n|poke|p1|Gyarados, F|\n|poke|p1|Minior-Violet|\n|poke|p1|Annihilape, M|\n|poke|p2|Deoxys-Defense|\n|poke|p2|Chansey, F|\n|poke|p2|Ferrothorn, F|\n|poke|p2|Rotom-Wash|\n|poke|p2|Ho-Oh|\n|poke|p2|Lugia|\n|teampreview\n|inactive|Battle timer is ON: inactive players will automatically lose when time's up. (requested by Kdisue)\n|\n|t:|1700522902\n|start\n|switch|p1a: Minty|Minior-Violet|100\/100\n|switch|p2a: Sexy Red|Deoxys-Defense|100\/100\n|-ability|p2a: Sexy Red|Pressure\n|-formechange|p1a: Minty|Minior-Meteor||[from] ability: Shields Down\n|turn|1\n|\n|t:|1700522914\n|move|p2a: Sexy Red|Nasty Plot|p2a: Sexy Red\n|-boost|p2a: Sexy Red|spa|2\n|move|p1a: Minty|Shell Smash|p1a: Minty\n|-unboost|p1a: Minty|def|1\n|-unboost|p1a: Minty|spd|1\n|-boost|p1a: Minty|atk|2\n|-boost|p1a: Minty|spa|2\n|-boost|p1a: Minty|spe|2\n|-enditem|p1a: Minty|White Herb\n|-clearnegativeboost|p1a: Minty|[silent]\n|\n|upkeep\n|turn|2\n|\n|t:|1700522925\n|-terastallize|p2a: Sexy Red|Psychic\n|move|p1a: Minty|Cosmic Power|p1a: Minty\n|-boost|p1a: Minty|def|1\n|-boost|p1a: Minty|spd|1\n|move|p2a: Sexy Red|Psycho Boost|p1a: Minty\n|-damage|p1a: Minty|0 fnt\n|-unboost|p2a: Sexy Red|spa|2\n|faint|p1a: Minty\n|-damage|p2a: Sexy Red|91\/100|[from] item: Life Orb\n|\n|upkeep\n|\n|t:|1700522942\n|switch|p1a: Roaring Moon|Roaring Moon|100\/100\n|-enditem|p1a: Roaring Moon|Booster Energy\n|-activate|p1a: Roaring Moon|ability: Protosynthesis|[fromitem]\n|-start|p1a: Roaring Moon|protosynthesisatk\n|turn|3\n|\n|t:|1700522956\n|switch|p2a: Egg woman|Chansey, F|100\/100\n|move|p1a: Roaring Moon|Dragon Dance|p1a: Roaring Moon\n|-boost|p1a: Roaring Moon|atk|1\n|-boost|p1a: Roaring Moon|spe|1\n|\n|upkeep\n|turn|4\n|\n|t:|1700522963\n|move|p1a: Roaring Moon|Dragon Dance|p1a: Roaring Moon\n|-boost|p1a: Roaring Moon|atk|1\n|-boost|p1a: Roaring Moon|spe|1\n|move|p2a: Egg woman|Ice Punch|p1a: Roaring Moon\n|-supereffective|p1a: Roaring Moon\n|-crit|p1a: Roaring Moon\n|-damage|p1a: Roaring Moon|67\/100\n|-status|p1a: Roaring Moon|frz\n|\n|upkeep\n|turn|5\n|\n|t:|1700522978\n|-terastallize|p1a: Roaring Moon|Steel\n|cant|p1a: Roaring Moon|frz\n|move|p2a: Egg woman|Ice Punch|p1a: Roaring Moon\n|-resisted|p1a: Roaring Moon\n|-crit|p1a: Roaring Moon\n|-damage|p1a: Roaring Moon|59\/100 frz\n|\n|upkeep\n|turn|6\n|\n|t:|1700522988\n|cant|p1a: Roaring Moon|frz\n|move|p2a: Egg woman|Power-Up Punch|p1a: Roaring Moon\n|-supereffective|p1a: Roaring Moon\n|-crit|p1a: Roaring Moon\n|-damage|p1a: Roaring Moon|40\/100 frz\n|-boost|p2a: Egg woman|atk|1\n|\n|upkeep\n|turn|7\n|\n|t:|1700522999\n|cant|p1a: Roaring Moon|frz\n|move|p2a: Egg woman|Power-Up Punch|p1a: Roaring Moon\n|-supereffective|p1a: Roaring Moon\n|-crit|p1a: Roaring Moon\n|-damage|p1a: Roaring Moon|15\/100 frz\n|-boost|p2a: Egg woman|atk|1\n|\n|upkeep\n|turn|8\n|\n|t:|1700523007\n|cant|p1a: Roaring Moon|frz\n|move|p2a: Egg woman|Power-Up Punch|p1a: Roaring Moon\n|-supereffective|p1a: Roaring Moon\n|-crit|p1a: Roaring Moon\n|-damage|p1a: Roaring Moon|0 fnt\n|-boost|p2a: Egg woman|atk|1\n|faint|p1a: Roaring Moon\n|-end|p1a: Roaring Moon|Protosynthesis|[silent]\n|\n|upkeep\n|\n|t:|1700523016\n|switch|p1a: Annihilape|Annihilape, M|100\/100\n|turn|9\n|\n|t:|1700523024\n|switch|p2a: Washington|Rotom-Wash|100\/100\n|move|p1a: Annihilape|Bulk Up|p1a: Annihilape\n|-boost|p1a: Annihilape|atk|1\n|-boost|p1a: Annihilape|def|1\n|\n|upkeep\n|turn|10\n|\n|t:|1700523034\n|move|p2a: Washington|Trick|p1a: Annihilape\n|-activate|p2a: Washington|move: Trick|[of] p1a: Annihilape\n|-item|p1a: Annihilape|Choice Specs|[from] move: Trick\n|-item|p2a: Washington|Salac Berry|[from] move: Trick\n|move|p1a: Annihilape|Bulk Up|p1a: Annihilape\n|-boost|p1a: Annihilape|atk|1\n|-boost|p1a: Annihilape|def|1\n|\n|upkeep\n|turn|11\n|-message|RosAfnsa forfeited.\n|\n|win|Kdisue\n|raw|RosAfnsa's rating: 1131 &rarr; <strong>1100<\/strong><br \/>(-31 for losing)\n|raw|Kdisue's rating: 1042 &rarr; <strong>1084<\/strong><br \/>(+42 for winning)\n|l|\u2606RosAfnsa\n","uploadtime":1700523049,"views":1,"p1id":"rosafnsa","p2id":"kdisue","formatid":"gen9nationaldexubers","rating":1084,"private":0,"password":""}