{"id":"gen9nationaldexubers-1993859913","p1":"melodyrider","p2":"aquiles meo","format":"[Gen 9] National Dex Ubers","log":"|j|\u2606melodyrider\n|j|\u2606aquiles meo\n|t:|1700366409\n|gametype|singles\n|player|p1|melodyrider|pokemonrangerf|1148\n|player|p2|aquiles meo|ethan|1171\n|teamsize|p1|6\n|teamsize|p2|6\n|gen|9\n|tier|[Gen 9] National Dex Ubers\n|rated|\n|rule|HP Percentage Mod: HP is shown in percentages\n|rule|Endless Battle Clause: Forcing endless battles is banned\n|rule|OHKO Clause: OHKO moves are banned\n|rule|Evasion Moves Clause: Evasion moves are banned\n|rule|Evasion Items Clause: Evasion items are banned\n|rule|Species Clause: Limit one of each Pok\u00e9mon\n|rule|Sleep Clause Mod: Limit one foe put to sleep\n|rule|Mega Rayquaza Clause: You cannot mega evolve Rayquaza\n|clearpoke\n|poke|p1|Genesect-Burn|\n|poke|p1|Malamar, M|\n|poke|p1|Gyarados, F|\n|poke|p1|Eelektross, M|\n|poke|p1|Tentacruel, M|\n|poke|p1|Giratina-Origin|\n|poke|p2|Jirachi|\n|poke|p2|Ho-Oh|\n|poke|p2|Rayquaza|\n|poke|p2|Pidgeot, F|\n|poke|p2|Lucario, M|\n|poke|p2|Luxray, M|\n|teampreview\n|inactive|Battle timer is ON: inactive players will automatically lose when time's up. (requested by melodyrider)\n|\n|t:|1700366433\n|start\n|switch|p1a: Eelektross|Eelektross, M|100\/100\n|switch|p2a: Jirachi|Jirachi|100\/100\n|turn|1\n|\n|t:|1700366446\n|move|p2a: Jirachi|Ancient Power|p1a: Eelektross\n|-damage|p1a: Eelektross|88\/100\n|move|p1a: Eelektross|Volt Switch|p2a: Jirachi\n|-crit|p2a: Jirachi\n|-damage|p2a: Jirachi|56\/100\n|\n|t:|1700366452\n|switch|p1a: Genesect|Genesect-Burn, shiny|100\/100|[from] Volt Switch\n|-ability|p1a: Genesect|Download|boost\n|-boost|p1a: Genesect|spa|1\n|\n|upkeep\n|turn|2\n|\n|t:|1700366470\n|move|p2a: Jirachi|Iron Head|p1a: Genesect\n|-resisted|p1a: Genesect\n|-damage|p1a: Genesect|87\/100\n|cant|p1a: Genesect|flinch\n|\n|upkeep\n|turn|3\n|\n|t:|1700366478\n|switch|p2a: Ho-Oh|Ho-Oh|100\/100\n|move|p1a: Genesect|Techno Blast|p2a: Ho-Oh\n|-resisted|p2a: Ho-Oh\n|-damage|p2a: Ho-Oh|86\/100\n|\n|upkeep\n|turn|4\n|\n|t:|1700366487\n|switch|p1a: Giratina|Giratina-Origin, shiny|100\/100\n|move|p2a: Ho-Oh|Sacred Fire|p1a: Giratina\n|-resisted|p1a: Giratina\n|-damage|p1a: Giratina|85\/100\n|-status|p1a: Giratina|brn\n|\n|-damage|p1a: Giratina|79\/100 brn|[from] brn\n|upkeep\n|turn|5\n|\n|t:|1700366504\n|switch|p2a: Pidgeot|Pidgeot, F|100\/100\n|move|p1a: Giratina|Shadow Ball|p2a: Pidgeot\n|-immune|p2a: Pidgeot\n|\n|-damage|p1a: Giratina|73\/100 brn|[from] brn\n|upkeep\n|turn|6\n|inactive|aquiles meo has 120 seconds left.\n|\n|t:|1700366529\n|move|p1a: Giratina|Will-O-Wisp|p2a: Pidgeot\n|-status|p2a: Pidgeot|brn\n|move|p2a: Pidgeot|Tailwind|p2a: Pidgeot\n|-sidestart|p2: aquiles meo|move: Tailwind\n|\n|-damage|p2a: Pidgeot|94\/100 brn|[from] brn\n|-damage|p1a: Giratina|66\/100 brn|[from] brn\n|upkeep\n|turn|7\n|\n|t:|1700366538\n|switch|p2a: Lucario|Lucario, M, shiny|100\/100\n|move|p1a: Giratina|Aura Sphere|p2a: Lucario\n|-supereffective|p2a: Lucario\n|-damage|p2a: Lucario|37\/100\n|\n|-damage|p1a: Giratina|60\/100 brn|[from] brn\n|upkeep\n|turn|8\n|\n|t:|1700366552\n|detailschange|p2a: Lucario|Lucario-Mega, M, shiny\n|-mega|p2a: Lucario|Lucario|Lucarionite\n|move|p2a: Lucario|Shadow Ball|p1a: Giratina\n|-supereffective|p1a: Giratina\n|-damage|p1a: Giratina|26\/100 brn\n|-unboost|p1a: Giratina|spd|1\n|move|p1a: Giratina|Aura Sphere|p2a: Lucario\n|-supereffective|p2a: Lucario\n|-damage|p2a: Lucario|0 fnt\n|faint|p2a: Lucario\n|\n|-damage|p1a: Giratina|19\/100 brn|[from] brn\n|upkeep\n|inactive|aquiles meo has 120 seconds left.\n|\n|t:|1700366579\n|switch|p2a: Rayquaza|Rayquaza|100\/100\n|-ability|p2a: Rayquaza|Air Lock\n|turn|9\n|\n|t:|1700366586\n|move|p2a: Rayquaza|Dragon Ascent|p1a: Giratina\n|-damage|p1a: Giratina|0 fnt\n|-unboost|p2a: Rayquaza|def|1\n|-unboost|p2a: Rayquaza|spd|1\n|faint|p1a: Giratina\n|\n|-sideend|p2: aquiles meo|move: Tailwind\n|upkeep\n|\n|t:|1700366589\n|switch|p1a: Tentacruel|Tentacruel, M|100\/100\n|turn|10\n|inactive|aquiles meo has 120 seconds left.\n|\n|t:|1700366597\n|switch|p2a: Luxray|Luxray, M, shiny|100\/100\n|move|p1a: Tentacruel|Ice Beam|p2a: Luxray\n|-damage|p2a: Luxray|81\/100\n|\n|upkeep\n|turn|11\n|inactive|aquiles meo has 120 seconds left.\n|\n|t:|1700366607\n|switch|p1a: Eelektross|Eelektross, M|88\/100\n|move|p2a: Luxray|Agility|p2a: Luxray\n|-boost|p2a: Luxray|spe|2\n|\n|upkeep\n|turn|12\n|inactive|aquiles meo has 120 seconds left.\n|\n|t:|1700366621\n|move|p2a: Luxray|Substitute|p2a: Luxray\n|-start|p2a: Luxray|Substitute\n|-damage|p2a: Luxray|56\/100\n|move|p1a: Eelektross|Flash Cannon|p2a: Luxray\n|-resisted|p2a: Luxray\n|-activate|p2a: Luxray|move: Substitute|[damage]\n|\n|upkeep\n|turn|13\n|inactive|aquiles meo has 120 seconds left.\n|\n|t:|1700366632\n|-zpower|p2a: Luxray\n|move|p2a: Luxray|Gigavolt Havoc|p1a: Eelektross|[zeffect]\n|-resisted|p1a: Eelektross\n|-damage|p1a: Eelektross|50\/100\n|move|p1a: Eelektross|Flash Cannon|p2a: Luxray\n|-resisted|p2a: Luxray\n|-end|p2a: Luxray|Substitute\n|\n|upkeep\n|turn|14\n|inactive|aquiles meo has 120 seconds left.\n|\n|t:|1700366646\n|move|p2a: Luxray|Psychic Fangs|p1a: Eelektross\n|-damage|p1a: Eelektross|22\/100\n|move|p1a: Eelektross|Giga Drain|p2a: Luxray\n|-damage|p2a: Luxray|25\/100\n|-heal|p1a: Eelektross|39\/100|[from] drain|[of] p2a: Luxray\n|\n|upkeep\n|turn|15\n|inactive|aquiles meo has 120 seconds left.\n|\n|t:|1700366660\n|move|p2a: Luxray|Wild Charge|p1a: Eelektross\n|-resisted|p1a: Eelektross\n|-damage|p1a: Eelektross|17\/100\n|-damage|p2a: Luxray|19\/100|[from] Recoil\n|move|p1a: Eelektross|Giga Drain|p2a: Luxray\n|-damage|p2a: Luxray|0 fnt\n|-heal|p1a: Eelektross|27\/100|[from] drain|[of] p2a: Luxray\n|faint|p2a: Luxray\n|\n|upkeep\n|inactive|aquiles meo has 120 seconds left.\n|\n|t:|1700366669\n|switch|p2a: Ho-Oh|Ho-Oh|100\/100\n|turn|16\n|\n|t:|1700366673\n|move|p2a: Ho-Oh|Earthquake|p1a: Eelektross\n|-immune|p1a: Eelektross|[from] ability: Levitate\n|move|p1a: Eelektross|Discharge|p2a: Ho-Oh\n|-supereffective|p2a: Ho-Oh\n|-damage|p2a: Ho-Oh|53\/100\n|\n|upkeep\n|turn|17\n|\n|t:|1700366688\n|move|p2a: Ho-Oh|Sacred Fire|p1a: Eelektross\n|-damage|p1a: Eelektross|0 fnt\n|faint|p1a: Eelektross\n|\n|upkeep\n|\n|t:|1700366692\n|switch|p1a: Gyarados|Gyarados, F, shiny|100\/100\n|-ability|p1a: Gyarados|Intimidate|boost\n|-unboost|p2a: Ho-Oh|atk|1\n|turn|18\n|inactive|aquiles meo has 120 seconds left.\n|\n|t:|1700366717\n|switch|p2a: Jirachi|Jirachi|56\/100\n|detailschange|p1a: Gyarados|Gyarados-Mega, F, shiny\n|-mega|p1a: Gyarados|Gyarados|Gyaradosite\n|-ability|p1a: Gyarados|Mold Breaker\n|move|p1a: Gyarados|Waterfall|p2a: Jirachi\n|-damage|p2a: Jirachi|11\/100\n|\n|upkeep\n|turn|19\n|inactive|aquiles meo has 120 seconds left.\n|\n|t:|1700366727\n|move|p2a: Jirachi|Iron Head|p1a: Gyarados\n|-resisted|p1a: Gyarados\n|-damage|p1a: Gyarados|89\/100\n|move|p1a: Gyarados|Crunch|p2a: Jirachi\n|-supereffective|p2a: Jirachi\n|-damage|p2a: Jirachi|0 fnt\n|faint|p2a: Jirachi\n|\n|upkeep\n|\n|t:|1700366748\n|switch|p2a: Rayquaza|Rayquaza|100\/100\n|-ability|p2a: Rayquaza|Air Lock\n|turn|20\n|\n|t:|1700366761\n|move|p2a: Rayquaza|Dragon Dance|p2a: Rayquaza\n|-boost|p2a: Rayquaza|atk|1\n|-boost|p2a: Rayquaza|spe|1\n|move|p1a: Gyarados|Dragon Tail|p2a: Rayquaza\n|-supereffective|p2a: Rayquaza\n|-damage|p2a: Rayquaza|52\/100\n|drag|p2a: Ho-Oh|Ho-Oh|86\/100\n|\n|upkeep\n|turn|21\n|\n|t:|1700366777\n|switch|p2a: Pidgeot|Pidgeot, F|94\/100 brn\n|move|p1a: Gyarados|Waterfall|p2a: Pidgeot\n|-damage|p2a: Pidgeot|31\/100 brn\n|\n|-damage|p2a: Pidgeot|25\/100 brn|[from] brn\n|upkeep\n|turn|22\n|\n|t:|1700366788\n|move|p2a: Pidgeot|Tailwind|p2a: Pidgeot\n|-sidestart|p2: aquiles meo|move: Tailwind\n|move|p1a: Gyarados|Crunch|p2a: Pidgeot\n|-damage|p2a: Pidgeot|0 fnt\n|faint|p2a: Pidgeot\n|\n|upkeep\n|\n|t:|1700366794\n|switch|p2a: Rayquaza|Rayquaza|52\/100\n|-ability|p2a: Rayquaza|Air Lock\n|turn|23\n|\n|t:|1700366802\n|-terastallize|p2a: Rayquaza|Flying\n|move|p2a: Rayquaza|Dragon Ascent|p1a: Gyarados\n|-damage|p1a: Gyarados|23\/100\n|-unboost|p2a: Rayquaza|def|1\n|-unboost|p2a: Rayquaza|spd|1\n|move|p1a: Gyarados|Dragon Tail|p2a: Rayquaza\n|-damage|p2a: Rayquaza|17\/100\n|drag|p2a: Ho-Oh|Ho-Oh|100\/100\n|\n|upkeep\n|turn|24\n|\n|t:|1700366814\n|move|p2a: Ho-Oh|Extrasensory|p1a: Gyarados\n|-immune|p1a: Gyarados\n|move|p1a: Gyarados|Toxic|p2a: Ho-Oh\n|-status|p2a: Ho-Oh|tox\n|\n|-damage|p2a: Ho-Oh|94\/100 tox|[from] psn\n|upkeep\n|turn|25\n|\n|t:|1700366825\n|move|p2a: Ho-Oh|Earthquake|p1a: Gyarados\n|-damage|p1a: Gyarados|0 fnt\n|faint|p1a: Gyarados\n|\n|-damage|p2a: Ho-Oh|82\/100 tox|[from] psn\n|-sideend|p2: aquiles meo|move: Tailwind\n|upkeep\n|\n|t:|1700366828\n|switch|p1a: Genesect|Genesect-Burn, shiny|87\/100\n|-ability|p1a: Genesect|Download|boost\n|-boost|p1a: Genesect|atk|1\n|turn|26\n|\n|t:|1700366834\n|-terastallize|p1a: Genesect|Normal\n|move|p1a: Genesect|Extreme Speed|p2a: Ho-Oh\n|-damage|p2a: Ho-Oh|34\/100 tox\n|move|p2a: Ho-Oh|Burn Up|p1a: Genesect\n|-damage|p1a: Genesect|17\/100\n|-start|p2a: Ho-Oh|typechange|???\/Flying|[from] move: Burn Up\n|\n|-damage|p2a: Ho-Oh|15\/100 tox|[from] psn\n|upkeep\n|turn|27\n|\n|t:|1700366844\n|switch|p2a: Rayquaza|Rayquaza, tera:Flying|17\/100\n|-ability|p2a: Rayquaza|Air Lock\n|move|p1a: Genesect|Extreme Speed|p2a: Rayquaza\n|-damage|p2a: Rayquaza|0 fnt\n|faint|p2a: Rayquaza\n|\n|upkeep\n|\n|t:|1700366852\n|switch|p2a: Ho-Oh|Ho-Oh|49\/100 tox\n|turn|28\n|\n|t:|1700366860\n|move|p1a: Genesect|Extreme Speed|p2a: Ho-Oh\n|-damage|p2a: Ho-Oh|0 fnt\n|faint|p2a: Ho-Oh\n|\n|win|melodyrider\n|raw|melodyrider's rating: 1148 &rarr; <strong>1175<\/strong><br \/>(+27 for winning)\n|raw|aquiles meo's rating: 1171 &rarr; <strong>1144<\/strong><br \/>(-27 for losing)\n|l|\u2606melodyrider\n","uploadtime":1700366871,"views":6,"p1id":"melodyrider","p2id":"aquilesmeo","formatid":"gen9nationaldexubers","rating":1144,"private":0,"password":""}