{"id":"gen9nationaldexubers-1987658102","p1":"Reality_Check56","p2":"The power of ROCK","format":"[Gen 9] National Dex Ubers","log":"|j|\u2606Reality_Check56\n|j|\u2606The power of ROCK\n|t:|1699624817\n|gametype|singles\n|player|p1|Reality_Check56|psychic-gen6|\n|player|p2|The power of ROCK|roark|\n|teamsize|p1|6\n|teamsize|p2|6\n|gen|9\n|tier|[Gen 9] National Dex Ubers\n|rule|HP Percentage Mod: HP is shown in percentages\n|rule|Endless Battle Clause: Forcing endless battles is banned\n|rule|OHKO Clause: OHKO moves are banned\n|rule|Evasion Moves Clause: Evasion moves are banned\n|rule|Evasion Items Clause: Evasion items are banned\n|rule|Species Clause: Limit one of each Pok\u00e9mon\n|rule|Sleep Clause Mod: Limit one foe put to sleep\n|rule|Mega Rayquaza Clause: You cannot mega evolve Rayquaza\n|clearpoke\n|poke|p1|Stakataka|\n|poke|p1|Arceus-Poison|\n|poke|p1|Blaziken, M|\n|poke|p1|Deoxys-Speed|\n|poke|p1|Machamp, F|\n|poke|p1|Mudsdale, F|\n|poke|p2|Tyranitar, M|\n|poke|p2|Garganacl, M|\n|poke|p2|Aggron, F|\n|poke|p2|Glimmora, F|\n|poke|p2|Cradily, F|\n|poke|p2|Probopass, L1, M|\n|teampreview\n|c|\u2606Reality_Check56|glhf\n|c|\u2606The power of ROCK|you too\n|\n|t:|1699624829\n|start\n|switch|p1a: Blaziken|Blaziken, M|100\/100\n|switch|p2a: Cradily|Cradily, F|100\/100\n|turn|1\n|\n|t:|1699624836\n|detailschange|p1a: Blaziken|Blaziken-Mega, M\n|-mega|p1a: Blaziken|Blaziken|Blazikenite\n|move|p1a: Blaziken|Swords Dance|p1a: Blaziken\n|-boost|p1a: Blaziken|atk|2\n|move|p2a: Cradily|Leech Seed|p1a: Blaziken\n|-start|p1a: Blaziken|move: Leech Seed\n|\n|-damage|p1a: Blaziken|88\/100|[from] Leech Seed|[of] p2a: Cradily\n|-ability|p1a: Blaziken|Speed Boost|boost\n|-boost|p1a: Blaziken|spe|1\n|upkeep\n|turn|2\n|\n|t:|1699624850\n|switch|p2a: Probopass|Probopass, L1, M|100\/100\n|move|p1a: Blaziken|Close Combat|p2a: Probopass\n|-supereffective|p2a: Probopass\n|-ability|p2a: Probopass|Sturdy\n|-damage|p2a: Probopass|9\/100\n|-unboost|p1a: Blaziken|def|1\n|-unboost|p1a: Blaziken|spd|1\n|\n|-damage|p1a: Blaziken|76\/100|[from] Leech Seed|[of] p2a: Probopass\n|-heal|p2a: Probopass|100\/100|[silent]\n|-ability|p1a: Blaziken|Speed Boost|boost\n|-boost|p1a: Blaziken|spe|1\n|upkeep\n|turn|3\n|\n|t:|1699624874\n|move|p1a: Blaziken|Blaze Kick|p2a: Probopass\n|-ability|p2a: Probopass|Sturdy\n|-damage|p2a: Probopass|9\/100\n|move|p2a: Probopass|Stealth Rock|p1a: Blaziken\n|-sidestart|p1: Reality_Check56|move: Stealth Rock\n|\n|-damage|p1a: Blaziken|64\/100|[from] Leech Seed|[of] p2a: Probopass\n|-heal|p2a: Probopass|100\/100|[silent]\n|-ability|p1a: Blaziken|Speed Boost|boost\n|-boost|p1a: Blaziken|spe|1\n|upkeep\n|turn|4\n|\n|t:|1699624887\n|move|p1a: Blaziken|Blaze Kick|p2a: Probopass\n|-ability|p2a: Probopass|Sturdy\n|-damage|p2a: Probopass|9\/100\n|move|p2a: Probopass|Toxic|p1a: Blaziken\n|-status|p1a: Blaziken|tox\n|\n|-damage|p1a: Blaziken|51\/100 tox|[from] Leech Seed|[of] p2a: Probopass\n|-heal|p2a: Probopass|100\/100|[silent]\n|-damage|p1a: Blaziken|45\/100 tox|[from] psn\n|-ability|p1a: Blaziken|Speed Boost|boost\n|-boost|p1a: Blaziken|spe|1\n|upkeep\n|turn|5\n|c|\u2606Reality_Check56|burnnnnnnnnnnnnnnnnnnnnnnnnnnnnnnnnnnnnnnnnnnn\n|\n|t:|1699624914\n|move|p2a: Probopass|Protect|p2a: Probopass\n|-singleturn|p2a: Probopass|Protect\n|move|p1a: Blaziken|Blaze Kick|p2a: Probopass\n|-activate|p2a: Probopass|move: Protect\n|\n|-damage|p1a: Blaziken|33\/100 tox|[from] Leech Seed|[of] p2a: Probopass\n|-damage|p1a: Blaziken|21\/100 tox|[from] psn\n|-ability|p1a: Blaziken|Speed Boost|boost\n|-boost|p1a: Blaziken|spe|1\n|upkeep\n|turn|6\n|c|\u2606Reality_Check56|B U R N\n|\n|t:|1699624935\n|move|p1a: Blaziken|Blaze Kick|p2a: Probopass\n|-ability|p2a: Probopass|Sturdy\n|-damage|p2a: Probopass|9\/100\n|move|p2a: Probopass|Pain Split|p1a: Blaziken\n|-sethp|p1a: Blaziken|11\/100 tox|[from] move: Pain Split|[silent]\n|-sethp|p2a: Probopass|100\/100|[from] move: Pain Split\n|\n|-damage|p1a: Blaziken|0 fnt|[from] Leech Seed|[of] p2a: Probopass\n|faint|p1a: Blaziken\n|upkeep\n|\n|t:|1699624949\n|switch|p1a: Deoxys|Deoxys-Speed|100\/100\n|-damage|p1a: Deoxys|88\/100|[from] Stealth Rock\n|-ability|p1a: Deoxys|Pressure\n|turn|7\n|\n|t:|1699624967\n|switch|p2a: Tyranitar|Tyranitar, M|100\/100\n|-weather|Sandstorm|[from] ability: Sand Stream|[of] p2a: Tyranitar\n|move|p1a: Deoxys|Dark Pulse|p2a: Tyranitar\n|-resisted|p2a: Tyranitar\n|-damage|p2a: Tyranitar|98\/100\n|\n|-weather|Sandstorm|[upkeep]\n|-damage|p1a: Deoxys|82\/100|[from] Sandstorm\n|upkeep\n|turn|8\n|\n|t:|1699624999\n|move|p1a: Deoxys|Nasty Plot|p1a: Deoxys\n|-boost|p1a: Deoxys|spa|2\n|move|p2a: Tyranitar|Pursuit|p1a: Deoxys\n|-supereffective|p1a: Deoxys\n|-damage|p1a: Deoxys|24\/100\n|\n|-weather|Sandstorm|[upkeep]\n|-damage|p1a: Deoxys|18\/100|[from] Sandstorm\n|upkeep\n|turn|9\n|c|\u2606The power of ROCK|HIT ME\n|c|\u2606The power of ROCK|I'LL TAKE IT\n|\n|t:|1699625017\n|move|p1a: Deoxys|Dark Pulse|p2a: Tyranitar\n|-resisted|p2a: Tyranitar\n|-damage|p2a: Tyranitar|91\/100\n|move|p2a: Tyranitar|Pursuit|p1a: Deoxys\n|-supereffective|p1a: Deoxys\n|-damage|p1a: Deoxys|0 fnt\n|faint|p1a: Deoxys\n|\n|-weather|Sandstorm|[upkeep]\n|upkeep\n|c|\u2606The power of ROCK|!dt tyranitar\n|raw|<div class=\"message\"><ul class=\"utilichart\"><li class=\"result\"><span class=\"col numcol\">UU<\/span> <span class=\"col iconcol\"><psicon pokemon=\"tyranitar\"\/><\/span> <span class=\"col pokemonnamecol\" style=\"white-space:nowrap\"><a href=\"https:\/\/dex.pokemonshowdown.com\/pokemon\/tyranitar\" target=\"_blank\">Tyranitar<\/a><\/span> <span class=\"col typecol\"><img src=\"https:\/\/play.pokemonshowdown.com\/sprites\/types\/Rock.png\" alt=\"Rock\" height=\"14\" width=\"32\"><img src=\"https:\/\/play.pokemonshowdown.com\/sprites\/types\/Dark.png\" alt=\"Dark\" height=\"14\" width=\"32\"><\/span> <span style=\"float:left;min-height:26px\"><span class=\"col abilitycol\">Sand Stream<\/span><span class=\"col abilitycol\"><em>Unnerve<\/em><\/span><\/span><span style=\"float:left;min-height:26px\"><span class=\"col statcol\"><em>HP<\/em><br \/>100<\/span> <span class=\"col statcol\"><em>Atk<\/em><br \/>134<\/span> <span class=\"col statcol\"><em>Def<\/em><br \/>110<\/span> <span class=\"col statcol\"><em>SpA<\/em><br \/>95<\/span> <span class=\"col statcol\"><em>SpD<\/em><br \/>100<\/span> <span class=\"col statcol\"><em>Spe<\/em><br \/>61<\/span> <span class=\"col bstcol\"><em>BST<br \/>600<\/em><\/span> <\/span><\/li><li style=\"clear:both\"><\/li><\/ul><\/div>\n|raw|<font size=\"1\"><font color=\"#686868\">Dex#:<\/font> 248&nbsp;|&ThickSpace;<font color=\"#686868\">Gen:<\/font> 2&nbsp;|&ThickSpace;<font color=\"#686868\">Height:<\/font> 2 m&nbsp;|&ThickSpace;<font color=\"#686868\">Weight:<\/font> 202 kg <em>(120 BP)<\/em>&nbsp;|&ThickSpace;<font color=\"#686868\">Dex Colour:<\/font> Green&nbsp;|&ThickSpace;<font color=\"#686868\">Egg Group(s):<\/font> Monster&nbsp;|&ThickSpace;<font color=\"#686868\">Pre-Evolution:<\/font> Pupitar&nbsp;|&ThickSpace;<font color=\"#686868\">Does Not Evolve<\/font><\/font>\n\n|c|\u2606Reality_Check56|WTFFFFFFFFFFFFFFFFFFFFFFFFFFFFFFFFFFF\n|\n|t:|1699625030\n|switch|p1a: Stakataka|Stakataka|100\/100\n|-damage|p1a: Stakataka|94\/100|[from] Stealth Rock\n|turn|10\n|\n|t:|1699625039\n|switch|p2a: Garganacl|Garganacl, M|100\/100\n|-terastallize|p1a: Stakataka|Fighting\n|move|p1a: Stakataka|Iron Defense|p1a: Stakataka\n|-boost|p1a: Stakataka|def|2\n|\n|-weather|Sandstorm|[upkeep]\n|-damage|p1a: Stakataka|88\/100|[from] Sandstorm\n|upkeep\n|turn|11\n|c|\u2606Reality_Check56|HEHEHEH\n|\n|t:|1699625068\n|switch|p1a: Machamp|Machamp, F|100\/100\n|-damage|p1a: Machamp|94\/100|[from] Stealth Rock\n|-terastallize|p2a: Garganacl|Ghost\n|move|p2a: Garganacl|Iron Defense|p2a: Garganacl\n|-boost|p2a: Garganacl|def|2\n|\n|-weather|none\n|-status|p1a: Machamp|brn|[from] item: Flame Orb\n|upkeep\n|turn|12\n|c|\u2606The power of ROCK|HUH\n|\n|t:|1699625084\n|move|p1a: Machamp|Bulk Up|p1a: Machamp\n|-boost|p1a: Machamp|atk|1\n|-boost|p1a: Machamp|def|1\n|move|p2a: Garganacl|Iron Defense|p2a: Garganacl\n|-boost|p2a: Garganacl|def|2\n|\n|-damage|p1a: Machamp|88\/100 brn|[from] brn\n|upkeep\n|turn|13\n|c|\u2606The power of ROCK|HUH\n|\n|t:|1699625092\n|move|p1a: Machamp|Bulk Up|p1a: Machamp\n|-boost|p1a: Machamp|atk|1\n|-boost|p1a: Machamp|def|1\n|move|p2a: Garganacl|Salt Cure|p1a: Machamp\n|-resisted|p1a: Machamp\n|-damage|p1a: Machamp|85\/100 brn\n|-start|p1a: Machamp|Salt Cure\n|\n|-damage|p1a: Machamp|79\/100 brn|[from] brn\n|-damage|p1a: Machamp|66\/100 brn|[from] Salt Cure\n|upkeep\n|turn|14\n|c|\u2606Reality_Check56|HEHEH\n|c|\u2606The power of ROCK|WHY DO I HERE BOSS MUSIC\n|\n|t:|1699625101\n|move|p1a: Machamp|Throat Chop|p2a: Garganacl\n|-supereffective|p2a: Garganacl\n|-damage|p2a: Garganacl|62\/100\n|-start|p2a: Garganacl|Throat Chop|[silent]\n|move|p2a: Garganacl|Iron Defense|p2a: Garganacl\n|-boost|p2a: Garganacl|def|2\n|\n|-damage|p1a: Machamp|60\/100 brn|[from] brn\n|-damage|p1a: Machamp|48\/100 brn|[from] Salt Cure\n|upkeep\n|turn|15\n|\n|t:|1699625111\n|move|p1a: Machamp|Bulk Up|p1a: Machamp\n|-boost|p1a: Machamp|atk|1\n|-boost|p1a: Machamp|def|1\n|move|p2a: Garganacl|Recover|p2a: Garganacl\n|-heal|p2a: Garganacl|100\/100\n|\n|-damage|p1a: Machamp|42\/100 brn|[from] brn\n|-damage|p1a: Machamp|30\/100 brn|[from] Salt Cure\n|-end|p2a: Garganacl|Throat Chop|[silent]\n|upkeep\n|turn|16\n|\n|t:|1699625121\n|move|p1a: Machamp|Bulk Up|p1a: Machamp\n|-boost|p1a: Machamp|atk|1\n|-boost|p1a: Machamp|def|1\n|move|p2a: Garganacl|Body Press|p1a: Machamp\n|-damage|p1a: Machamp|0 fnt\n|faint|p1a: Machamp\n|\n|upkeep\n|c|\u2606Reality_Check56|Frig\n|c|\u2606The power of ROCK|The boss music stopped\n|\n|t:|1699625133\n|switch|p1a: Arceus|Arceus-Poison|100\/100\n|-damage|p1a: Arceus|88\/100|[from] Stealth Rock\n|turn|17\n|\n|t:|1699625138\n|move|p1a: Arceus|Iron Defense|p1a: Arceus\n|-boost|p1a: Arceus|def|2\n|move|p2a: Garganacl|Salt Cure|p1a: Arceus\n|-damage|p1a: Arceus|83\/100\n|-start|p1a: Arceus|Salt Cure\n|\n|-damage|p1a: Arceus|71\/100|[from] Salt Cure\n|upkeep\n|turn|18\n|c|\u2606Reality_Check56|POSION\n|\n|t:|1699625145\n|move|p1a: Arceus|Sludge Bomb|p2a: Garganacl\n|-resisted|p2a: Garganacl\n|-damage|p2a: Garganacl|85\/100\n|-enditem|p2a: Garganacl|Maranga Berry|[eat]\n|-boost|p2a: Garganacl|spd|1|[from] item: Maranga Berry\n|move|p2a: Garganacl|Body Press|p1a: Arceus\n|-resisted|p1a: Arceus\n|-damage|p1a: Arceus|57\/100\n|\n|-damage|p1a: Arceus|44\/100|[from] Salt Cure\n|upkeep\n|turn|19\n|\n|t:|1699625155\n|move|p1a: Arceus|Sludge Bomb|p2a: Garganacl\n|-resisted|p2a: Garganacl\n|-damage|p2a: Garganacl|75\/100\n|move|p2a: Garganacl|Body Press|p1a: Arceus\n|-resisted|p1a: Arceus\n|-damage|p1a: Arceus|30\/100\n|\n|-damage|p1a: Arceus|17\/100|[from] Salt Cure\n|upkeep\n|turn|20\n|c|\u2606The power of ROCK|im going to tell you a secret\n|c|\u2606The power of ROCK|!dt purifying salt\n|raw|<ul class=\"utilichart\"><li class=\"result\"><span class=\"col namecol\"><a href=\"https:\/\/dex.pokemonshowdown.com\/abilities\/purifyingsalt\">Purifying Salt<\/a><\/span> <span class=\"col abilitydesccol\">Ghost damage to this Pokemon dealt with a halved offensive stat; can't be statused.<\/span> <\/li><li style=\"clear:both\"><\/li><\/ul>\n|raw|<font size=\"1\"><font color=\"#686868\">Gen:<\/font> 9&nbsp;|&ThickSpace;&#10003; Ignored by Mold Breaker<\/font>\n\n|c|\u2606The power of ROCK|thats my ability\n|c|\u2606Reality_Check56|WTF\n|c|\u2606The power of ROCK|i cant be poisoned\n|c|\u2606Reality_Check56|W T F\n|c|\u2606Reality_Check56|W T F\n|j| Truth N Ideals\n|c|\u2606The power of ROCK|you cant status me\n|c|\u2606The power of ROCK|sorry\n|c|\u2606The power of ROCK|but garg is a big boi\n|\n|t:|1699625190\n|move|p1a: Arceus|Sludge Bomb|p2a: Garganacl\n|-resisted|p2a: Garganacl\n|-damage|p2a: Garganacl|67\/100\n|move|p2a: Garganacl|Body Press|p1a: Arceus\n|-resisted|p1a: Arceus\n|-damage|p1a: Arceus|2\/100\n|\n|-damage|p1a: Arceus|0 fnt|[from] Salt Cure\n|faint|p1a: Arceus\n|upkeep\n|c| Truth N Ideals|sup\n|c|\u2606Reality_Check56|U can die\n|c|\u2606The power of ROCK|hi lol\n|c|\u2606Reality_Check56|CANT\n|\n|t:|1699625201\n|switch|p1a: Mudsdale|Mudsdale, F|100\/100\n|turn|21\n|c|\u2606The power of ROCK|yep\n|\n|t:|1699625205\n|move|p2a: Garganacl|Salt Cure|p1a: Mudsdale\n|-resisted|p1a: Mudsdale\n|-damage|p1a: Mudsdale|94\/100\n|-start|p1a: Mudsdale|Salt Cure\n|-ability|p1a: Mudsdale|Stamina|boost\n|-boost|p1a: Mudsdale|def|1\n|move|p1a: Mudsdale|Iron Defense|p1a: Mudsdale\n|-boost|p1a: Mudsdale|def|2\n|\n|-damage|p1a: Mudsdale|82\/100|[from] Salt Cure\n|upkeep\n|turn|22\n|\n|t:|1699625213\n|move|p2a: Garganacl|Body Press|p1a: Mudsdale\n|-damage|p1a: Mudsdale|48\/100\n|-ability|p1a: Mudsdale|Stamina|boost\n|-boost|p1a: Mudsdale|def|1\n|move|p1a: Mudsdale|Iron Defense|p1a: Mudsdale\n|-boost|p1a: Mudsdale|def|2\n|\n|-damage|p1a: Mudsdale|35\/100|[from] Salt Cure\n|upkeep\n|turn|23\n|\n|t:|1699625222\n|move|p1a: Mudsdale|Iron Head|p2a: Garganacl\n|-damage|p2a: Garganacl|63\/100\n|cant|p2a: Garganacl|flinch\n|\n|-damage|p1a: Mudsdale|23\/100|[from] Salt Cure\n|upkeep\n|turn|24\n|\n|t:|1699625228\n|move|p2a: Garganacl|Recover|p2a: Garganacl\n|-heal|p2a: Garganacl|100\/100\n|move|p1a: Mudsdale|Iron Head|p2a: Garganacl\n|-damage|p2a: Garganacl|97\/100\n|\n|-damage|p1a: Mudsdale|11\/100|[from] Salt Cure\n|upkeep\n|turn|25\n|c|\u2606Reality_Check56|MEAN\n|\n|t:|1699625234\n|move|p2a: Garganacl|Body Press|p1a: Mudsdale\n|-damage|p1a: Mudsdale|0 fnt\n|faint|p1a: Mudsdale\n|\n|upkeep\n|c|\u2606Reality_Check56|REMATCH\n|\n|t:|1699625241\n|switch|p1a: Stakataka|Stakataka, tera:Fighting|88\/100\n|-damage|p1a: Stakataka|82\/100|[from] Stealth Rock\n|turn|26\n|c|\u2606The power of ROCK|lol ok\n|c|\u2606Reality_Check56|do u do Natdex AG?\n|\n|t:|1699625281\n|move|p2a: Garganacl|Body Press|p1a: Stakataka\n|-damage|p1a: Stakataka|41\/100\n|move|p1a: Stakataka|Iron Defense|p1a: Stakataka\n|-boost|p1a: Stakataka|def|2\n|\n|upkeep\n|turn|27\n|c|\u2606The power of ROCK|yep\n|\n|t:|1699625332\n|move|p2a: Garganacl|Salt Cure|p1a: Stakataka\n|-resisted|p1a: Stakataka\n|-damage|p1a: Stakataka|40\/100\n|-start|p1a: Stakataka|Salt Cure\n|move|p1a: Stakataka|Iron Defense|p1a: Stakataka\n|-boost|p1a: Stakataka|def|2\n|\n|-damage|p1a: Stakataka|27\/100|[from] Salt Cure\n|upkeep\n|turn|28\n|\n|t:|1699625372\n|move|p2a: Garganacl|Body Press|p1a: Stakataka\n|-damage|p1a: Stakataka|13\/100\n|move|p1a: Stakataka|Gyro Ball|p2a: Garganacl\n|-damage|p2a: Garganacl|85\/100\n|\n|-damage|p1a: Stakataka|1\/100|[from] Salt Cure\n|upkeep\n|turn|29\n|inactive|Battle timer is ON: inactive players will automatically lose when time's up. (requested by The power of ROCK)\n|\n|t:|1699625418\n|move|p2a: Garganacl|Body Press|p1a: Stakataka\n|-damage|p1a: Stakataka|0 fnt\n|faint|p1a: Stakataka\n|\n|win|The power of ROCK\n|l|\u2606Reality_Check56\n|c|\u2606The power of ROCK|gg : )\n","uploadtime":1699625449,"views":4,"p1id":"realitycheck56","p2id":"thepowerofrock","formatid":"gen9nationaldexubers","rating":0,"private":0,"password":""}