{"id":"gen9nationaldexubers-1997534454","p1":"BlackStar150520","p2":"C0ld as Ic3","format":"[Gen 9] National Dex Ubers","log":"|j|\u2606BlackStar150520\n|j|\u2606C0ld as Ic3\n|t:|1700821617\n|gametype|singles\n|player|p1|BlackStar150520|unknown|1736\n|player|p2|C0ld as Ic3|schoolkid-gen4dp|1788\n|teamsize|p1|6\n|teamsize|p2|6\n|gen|9\n|tier|[Gen 9] National Dex Ubers\n|rated|\n|rule|HP Percentage Mod: HP is shown in percentages\n|rule|Endless Battle Clause: Forcing endless battles is banned\n|rule|OHKO Clause: OHKO moves are banned\n|rule|Evasion Moves Clause: Evasion moves are banned\n|rule|Evasion Items Clause: Evasion items are banned\n|rule|Species Clause: Limit one of each Pok\u00e9mon\n|rule|Sleep Clause Mod: Limit one foe put to sleep\n|rule|Mega Rayquaza Clause: You cannot mega evolve Rayquaza\n|clearpoke\n|poke|p1|Ditto|\n|poke|p1|Chien-Pao|\n|poke|p1|Giratina-Origin|\n|poke|p1|Arceus-Water|\n|poke|p1|Necrozma-Dusk-Mane|\n|poke|p1|Eternatus|\n|poke|p2|Scolipede, M|\n|poke|p2|Marshadow|\n|poke|p2|Arceus|\n|poke|p2|Necrozma-Dusk-Mane|\n|poke|p2|Zygarde|\n|poke|p2|Kyogre|\n|teampreview\n|inactive|Battle timer is ON: inactive players will automatically lose when time's up. (requested by BlackStar150520)\n|inactive|C0ld as Ic3 also wants the timer to be on.\n|\n|t:|1700821626\n|start\n|switch|p1a: Necrozma|Necrozma-Dusk-Mane|100\/100\n|switch|p2a: Marshadow|Marshadow|100\/100\n|turn|1\n|\n|t:|1700821636\n|detailschange|p1a: Necrozma|Necrozma-Ultra\n|-burst|p1a: Necrozma|Necrozma|Ultranecrozium Z\n|-terastallize|p2a: Marshadow|Ghost\n|move|p1a: Necrozma|Photon Geyser|p2a: Marshadow\n|-damage|p2a: Marshadow|24\/100\n|move|p2a: Marshadow|Poltergeist|p1a: Necrozma\n|-activate|p1a: Necrozma|move: Poltergeist|Ultranecrozium Z\n|-supereffective|p1a: Necrozma\n|-damage|p1a: Necrozma|0 fnt\n|faint|p1a: Necrozma\n|-damage|p2a: Marshadow|15\/100|[from] item: Life Orb\n|\n|upkeep\n|\n|t:|1700821643\n|switch|p1a: Chien-Pao|Chien-Pao|100\/100\n|-ability|p1a: Chien-Pao|Sword of Ruin\n|turn|2\n|\n|t:|1700821658\n|switch|p2a: Scolipede|Scolipede, M, shiny|100\/100\n|move|p1a: Chien-Pao|Ice Shard|p2a: Scolipede\n|-damage|p2a: Scolipede|60\/100\n|\n|upkeep\n|turn|3\n|\n|t:|1700821670\n|switch|p2a: Arceus|Arceus|100\/100\n|move|p1a: Chien-Pao|Swords Dance|p1a: Chien-Pao\n|-boost|p1a: Chien-Pao|atk|2\n|\n|upkeep\n|turn|4\n|\n|t:|1700821677\n|move|p1a: Chien-Pao|Ice Spinner|p2a: Arceus\n|-damage|p2a: Arceus|25\/100\n|-zpower|p2a: Arceus\n|move|p2a: Arceus|Breakneck Blitz|p1a: Chien-Pao|[zeffect]\n|-damage|p1a: Chien-Pao|0 fnt\n|faint|p1a: Chien-Pao\n|\n|upkeep\n|\n|t:|1700821687\n|switch|p1a: Arceus|Arceus-Water|100\/100\n|turn|5\n|\n|t:|1700821695\n|move|p2a: Arceus|Extreme Speed|p1a: Arceus\n|-damage|p1a: Arceus|71\/100\n|move|p1a: Arceus|Judgment|p2a: Arceus\n|-damage|p2a: Arceus|0 fnt\n|faint|p2a: Arceus\n|\n|upkeep\n|\n|t:|1700821698\n|switch|p2a: Kyogre|Kyogre, shiny|100\/100\n|detailschange|p2a: Kyogre|Kyogre-Primal, shiny\n|-primal|p2a: Kyogre|Blue Orb\n|-weather|PrimordialSea|[from] ability: Primordial Sea|[of] p2a: Kyogre\n|turn|6\n|\n|t:|1700821709\n|-terastallize|p1a: Arceus|Ground\n|move|p1a: Arceus|Toxic|p2a: Kyogre\n|-status|p2a: Kyogre|tox\n|move|p2a: Kyogre|Thunder|p1a: Arceus\n|-immune|p1a: Arceus\n|\n|-weather|PrimordialSea|[upkeep]\n|-damage|p2a: Kyogre|94\/100 tox|[from] psn\n|upkeep\n|turn|7\n|\n|t:|1700821736\n|switch|p1a: Eternatus|Eternatus|100\/100\n|-ability|p1a: Eternatus|Pressure\n|move|p2a: Kyogre|Calm Mind|p2a: Kyogre\n|-boost|p2a: Kyogre|spa|1\n|-boost|p2a: Kyogre|spd|1\n|\n|-weather|PrimordialSea|[upkeep]\n|-damage|p2a: Kyogre|82\/100 tox|[from] psn\n|upkeep\n|turn|8\n|\n|t:|1700821743\n|switch|p1a: Ditto|Ditto, shiny|100\/100\n|-transform|p1a: Ditto|p2a: Kyogre|[from] ability: Imposter\n|move|p2a: Kyogre|Ice Beam|p1a: Ditto\n|-resisted|p1a: Ditto\n|-damage|p1a: Ditto|88\/100\n|-status|p1a: Ditto|frz\n|\n|-weather|PrimordialSea|[upkeep]\n|-damage|p2a: Kyogre|64\/100 tox|[from] psn\n|upkeep\n|turn|9\n|\n|t:|1700821748\n|cant|p1a: Ditto|frz\n|move|p2a: Kyogre|Thunder|p1a: Ditto\n|-supereffective|p1a: Ditto\n|-damage|p1a: Ditto|24\/100 frz\n|\n|-weather|PrimordialSea|[upkeep]\n|-damage|p2a: Kyogre|39\/100 tox|[from] psn\n|upkeep\n|turn|10\n|\n|t:|1700821752\n|-curestatus|p1a: Ditto|frz|[msg]\n|move|p1a: Ditto|Thunder|p2a: Kyogre\n|-supereffective|p2a: Kyogre\n|-damage|p2a: Kyogre|0 fnt\n|faint|p2a: Kyogre\n|\n|-weather|PrimordialSea|[upkeep]\n|upkeep\n|\n|t:|1700821756\n|switch|p2a: Zygarde|Zygarde|100\/100\n|turn|11\n|\n|t:|1700821760\n|-weather|none\n|switch|p1a: Arceus|Arceus-Water, tera:Ground|71\/100\n|move|p2a: Zygarde|Dragon Dance|p2a: Zygarde\n|-boost|p2a: Zygarde|atk|1\n|-boost|p2a: Zygarde|spe|1\n|\n|upkeep\n|turn|12\n|\n|t:|1700821766\n|move|p2a: Zygarde|Dragon Dance|p2a: Zygarde\n|-boost|p2a: Zygarde|atk|1\n|-boost|p2a: Zygarde|spe|1\n|move|p1a: Arceus|Toxic|p2a: Zygarde\n|-status|p2a: Zygarde|tox\n|\n|-damage|p2a: Zygarde|94\/100 tox|[from] psn\n|upkeep\n|turn|13\n|\n|t:|1700821776\n|move|p2a: Zygarde|Thousand Arrows|p1a: Arceus\n|-damage|p1a: Arceus|20\/100\n|move|p1a: Arceus|Judgment|p2a: Zygarde\n|-damage|p2a: Zygarde|43\/100 tox\n|\n|-heal|p2a: Zygarde|50\/100 tox|[from] item: Leftovers\n|-damage|p2a: Zygarde|37\/100 tox|[from] psn\n|-activate|p2a: Zygarde|ability: Power Construct\n|detailschange|p2a: Zygarde|Zygarde-Complete\n|-heal|p2a: Zygarde|61\/100 tox|[silent]\n|upkeep\n|turn|14\n|\n|t:|1700821780\n|move|p2a: Zygarde|Thousand Arrows|p1a: Arceus\n|-damage|p1a: Arceus|0 fnt\n|faint|p1a: Arceus\n|\n|-heal|p2a: Zygarde|67\/100 tox|[from] item: Leftovers\n|-damage|p2a: Zygarde|49\/100 tox|[from] psn\n|upkeep\n|\n|t:|1700821785\n|switch|p1a: Ditto|Ditto, shiny|24\/100\n|-transform|p1a: Ditto|p2a: Zygarde|[from] ability: Imposter\n|turn|15\n|\n|t:|1700821788\n|move|p1a: Ditto|Thousand Arrows|p2a: Zygarde\n|-damage|p2a: Zygarde|14\/100 tox\n|move|p2a: Zygarde|Thousand Arrows|p1a: Ditto\n|-damage|p1a: Ditto|0 fnt\n|faint|p1a: Ditto\n|\n|-heal|p2a: Zygarde|20\/100 tox|[from] item: Leftovers\n|-damage|p2a: Zygarde|0 fnt|[from] psn\n|faint|p2a: Zygarde\n|upkeep\n|\n|t:|1700821797\n|switch|p2a: Scolipede|Scolipede, M, shiny|60\/100\n|switch|p1a: Giratina|Giratina-Origin|100\/100\n|turn|16\n|\n|t:|1700821805\n|move|p2a: Scolipede|Rock Tomb|p1a: Giratina\n|-damage|p1a: Giratina|86\/100\n|-unboost|p1a: Giratina|spe|1\n|move|p1a: Giratina|Hone Claws|p1a: Giratina\n|-boost|p1a: Giratina|atk|1\n|-boost|p1a: Giratina|accuracy|1\n|\n|-ability|p2a: Scolipede|Speed Boost|boost\n|-boost|p2a: Scolipede|spe|1\n|upkeep\n|turn|17\n|\n|t:|1700821812\n|move|p2a: Scolipede|Rock Tomb|p1a: Giratina\n|-crit|p1a: Giratina\n|-damage|p1a: Giratina|66\/100\n|-unboost|p1a: Giratina|spe|1\n|move|p1a: Giratina|Poltergeist|p2a: Scolipede\n|-activate|p2a: Scolipede|move: Poltergeist|Focus Sash\n|-damage|p2a: Scolipede|0 fnt\n|faint|p2a: Scolipede\n|\n|upkeep\n|\n|t:|1700821815\n|switch|p2a: Marshadow|Marshadow, tera:Ghost|15\/100\n|turn|18\n|\n|t:|1700821817\n|switch|p1a: Eternatus|Eternatus|100\/100\n|-ability|p1a: Eternatus|Pressure\n|move|p2a: Marshadow|Shadow Sneak|p1a: Eternatus\n|-damage|p1a: Eternatus|58\/100\n|-damage|p2a: Marshadow|5\/100|[from] item: Life Orb\n|\n|-heal|p1a: Eternatus|64\/100|[from] item: Leftovers\n|upkeep\n|turn|19\n|\n|t:|1700821830\n|switch|p2a: Necrozma|Necrozma-Dusk-Mane, shiny|100\/100\n|move|p1a: Eternatus|Flamethrower|p2a: Necrozma\n|-supereffective|p2a: Necrozma\n|-crit|p2a: Necrozma\n|-damage|p2a: Necrozma|44\/100\n|\n|-heal|p1a: Eternatus|71\/100|[from] item: Leftovers\n|upkeep\n|turn|20\n|\n|t:|1700821845\n|switch|p1a: Giratina|Giratina-Origin|66\/100\n|move|p2a: Necrozma|Dragon Dance|p2a: Necrozma\n|-boost|p2a: Necrozma|atk|1\n|-boost|p2a: Necrozma|spe|1\n|\n|upkeep\n|turn|21\n|\n|t:|1700821854\n|detailschange|p2a: Necrozma|Necrozma-Ultra, shiny\n|-burst|p2a: Necrozma|Necrozma|Ultranecrozium Z\n|move|p1a: Giratina|Shadow Sneak|p2a: Necrozma\n|-supereffective|p2a: Necrozma\n|-damage|p2a: Necrozma|0 fnt\n|faint|p2a: Necrozma\n|\n|upkeep\n|-message|C0ld as Ic3 forfeited.\n|\n|win|BlackStar150520\n|raw|BlackStar150520's rating: 1736 &rarr; <strong>1759<\/strong><br \/>(+23 for winning)\n|raw|C0ld as Ic3's rating: 1788 &rarr; <strong>1765<\/strong><br \/>(-23 for losing)\n|l|\u2606C0ld as Ic3\n","uploadtime":1700821866,"views":6,"p1id":"blackstar150520","p2id":"c0ldasic3","formatid":"gen9nationaldexubers","rating":1759,"private":0,"password":""}