{"id":"gen9nationaldexubers-1986810688","p1":"Szymszym134","p2":"thyddkkj","format":"[Gen 9] National Dex Ubers","log":"|j|\u2606Szymszym134\n|j|\u2606thyddkkj\n|t:|1699528672\n|gametype|singles\n|player|p1|Szymszym134|elesa|1673\n|player|p2|thyddkkj|cilan|1511\n|teamsize|p1|6\n|teamsize|p2|6\n|gen|9\n|tier|[Gen 9] National Dex Ubers\n|rated|\n|rule|HP Percentage Mod: HP is shown in percentages\n|rule|Endless Battle Clause: Forcing endless battles is banned\n|rule|OHKO Clause: OHKO moves are banned\n|rule|Evasion Moves Clause: Evasion moves are banned\n|rule|Evasion Items Clause: Evasion items are banned\n|rule|Species Clause: Limit one of each Pok\u00e9mon\n|rule|Sleep Clause Mod: Limit one foe put to sleep\n|rule|Mega Rayquaza Clause: You cannot mega evolve Rayquaza\n|clearpoke\n|poke|p1|Mewtwo|\n|poke|p1|Kingambit, M|\n|poke|p1|Garganacl, F|\n|poke|p1|Arceus-Ground|\n|poke|p1|Ditto|\n|poke|p1|Kyurem-Black|\n|poke|p2|Necrozma-Dusk-Mane|\n|poke|p2|Landorus, M|\n|poke|p2|Marshadow|\n|poke|p2|Xerneas-*|\n|poke|p2|Salamence, M|\n|poke|p2|Ho-Oh|\n|teampreview\n|inactive|Battle timer is ON: inactive players will automatically lose when time's up. (requested by Szymszym134)\n|\n|t:|1699528686\n|start\n|switch|p1a: Kyurem|Kyurem-Black|100\/100\n|switch|p2a: Landorus|Landorus, M|100\/100\n|-ability|p1a: Kyurem|Teravolt\n|turn|1\n|\n|t:|1699528691\n|move|p2a: Landorus|Rock Slide|p1a: Kyurem\n|-supereffective|p1a: Kyurem\n|-damage|p1a: Kyurem|29\/100\n|move|p1a: Kyurem|Substitute|p1a: Kyurem\n|-start|p1a: Kyurem|Substitute\n|-damage|p1a: Kyurem|5\/100\n|\n|upkeep\n|turn|2\n|\n|t:|1699528699\n|move|p2a: Landorus|Stealth Rock|p1a: Kyurem\n|-sidestart|p1: Szymszym134|move: Stealth Rock\n|move|p1a: Kyurem|Icicle Spear|p2a: Landorus\n|-supereffective|p2a: Landorus\n|-damage|p2a: Landorus|0 fnt\n|faint|p2a: Landorus\n|-hitcount|p2: Landorus|1\n|-damage|p1a: Kyurem|0 fnt|[from] item: Life Orb\n|faint|p1a: Kyurem\n|\n|upkeep\n|\n|t:|1699528711\n|switch|p2a: Xerneas|Xerneas|100\/100\n|switch|p1a: Arceus|Arceus-Ground|100\/100\n|-ability|p2a: Xerneas|Fairy Aura\n|-damage|p1a: Arceus|94\/100|[from] Stealth Rock\n|turn|3\n|\n|t:|1699528716\n|move|p2a: Xerneas|Substitute|p2a: Xerneas\n|-start|p2a: Xerneas|Substitute\n|-damage|p2a: Xerneas|76\/100\n|move|p1a: Arceus|Toxic||[still]\n|-fail|p1a: Arceus\n|\n|upkeep\n|turn|4\n|\n|t:|1699528720\n|move|p2a: Xerneas|Geomancy||[still]\n|-prepare|p2a: Xerneas|Geomancy\n|-enditem|p2a: Xerneas|Power Herb\n|-anim|p2a: Xerneas|Geomancy|p2a: Xerneas\n|-boost|p2a: Xerneas|spa|2\n|-boost|p2a: Xerneas|spd|2\n|-boost|p2a: Xerneas|spe|2\n|move|p1a: Arceus|Defog|p2a: Xerneas\n|-sideend|p1: Szymszym134|Stealth Rock|[from] move: Defog|[of] p1a: Arceus\n|\n|upkeep\n|turn|5\n|\n|t:|1699528727\n|move|p2a: Xerneas|Moonblast|p1a: Arceus\n|-damage|p1a: Arceus|11\/100\n|move|p1a: Arceus|Judgment|p2a: Xerneas\n|-activate|p2a: Xerneas|move: Substitute|[damage]\n|\n|upkeep\n|turn|6\n|\n|t:|1699528734\n|move|p2a: Xerneas|Moonblast|p1a: Arceus\n|-damage|p1a: Arceus|0 fnt\n|faint|p1a: Arceus\n|\n|upkeep\n|\n|t:|1699528740\n|switch|p1a: Kingambit|Kingambit, M|100\/100\n|-activate|p1a: Kingambit|ability: Supreme Overlord\n|-start|p1a: Kingambit|fallen2|[silent]\n|turn|7\n|\n|t:|1699528743\n|move|p1a: Kingambit|Sucker Punch|p2a: Xerneas\n|-resisted|p2a: Xerneas\n|-end|p2a: Xerneas|Substitute\n|move|p2a: Xerneas|Moonblast|p1a: Kingambit\n|-damage|p1a: Kingambit|0 fnt\n|faint|p1a: Kingambit\n|-end|p1a: Kingambit|fallen2|[silent]\n|\n|upkeep\n|\n|t:|1699528747\n|switch|p1a: Ditto|Ditto|100\/100\n|-transform|p1a: Ditto|p2a: Xerneas|[from] ability: Imposter\n|-ability|p1a: Ditto|Fairy Aura\n|turn|8\n|\n|t:|1699528753\n|move|p1a: Ditto|Moonblast|p2a: Xerneas\n|-damage|p2a: Xerneas|13\/100\n|-unboost|p2a: Xerneas|spa|1\n|move|p2a: Xerneas|Moonblast|p1a: Ditto\n|-damage|p1a: Ditto|45\/100\n|\n|upkeep\n|turn|9\n|\n|t:|1699528758\n|move|p1a: Ditto|Moonblast|p2a: Xerneas\n|-damage|p2a: Xerneas|0 fnt\n|faint|p2a: Xerneas\n|\n|upkeep\n|\n|t:|1699528760\n|switch|p2a: Marshadow|Marshadow|100\/100\n|turn|10\n|\n|t:|1699528765\n|switch|p1a: Garganacl|Garganacl, F|100\/100\n|move|p2a: Marshadow|Spectral Thief|p1a: Garganacl\n|-damage|p1a: Garganacl|88\/100\n|\n|-heal|p1a: Garganacl|94\/100|[from] item: Leftovers\n|upkeep\n|turn|11\n|\n|t:|1699528775\n|switch|p2a: Ho-Oh|Ho-Oh|100\/100\n|move|p1a: Garganacl|Protect||[still]\n|-fail|p1a: Garganacl\n|\n|-heal|p1a: Garganacl|99\/100|[from] item: Leftovers\n|upkeep\n|turn|12\n|\n|t:|1699528780\n|move|p2a: Ho-Oh|Toxic|p1a: Garganacl\n|-immune|p1a: Garganacl|[from] ability: Purifying Salt\n|move|p1a: Garganacl|Salt Cure|p2a: Ho-Oh\n|-supereffective|p2a: Ho-Oh\n|-damage|p2a: Ho-Oh|68\/100\n|-start|p2a: Ho-Oh|Salt Cure\n|\n|-heal|p1a: Garganacl|100\/100|[from] item: Leftovers\n|-damage|p2a: Ho-Oh|55\/100|[from] Salt Cure\n|upkeep\n|turn|13\n|\n|t:|1699528785\n|move|p2a: Ho-Oh|Sacred Fire|p1a: Garganacl\n|-resisted|p1a: Garganacl\n|-damage|p1a: Garganacl|89\/100\n|move|p1a: Garganacl|Salt Cure|p2a: Ho-Oh\n|-supereffective|p2a: Ho-Oh\n|-damage|p2a: Ho-Oh|20\/100\n|\n|-heal|p1a: Garganacl|96\/100|[from] item: Leftovers\n|-damage|p2a: Ho-Oh|7\/100|[from] Salt Cure\n|upkeep\n|turn|14\n|\n|t:|1699528788\n|move|p2a: Ho-Oh|Sacred Fire|p1a: Garganacl\n|-resisted|p1a: Garganacl\n|-damage|p1a: Garganacl|84\/100\n|move|p1a: Garganacl|Salt Cure|p2a: Ho-Oh\n|-supereffective|p2a: Ho-Oh\n|-damage|p2a: Ho-Oh|0 fnt\n|faint|p2a: Ho-Oh\n|\n|-heal|p1a: Garganacl|90\/100|[from] item: Leftovers\n|upkeep\n|\n|t:|1699528793\n|switch|p2a: Necrozma|Necrozma-Dusk-Mane|100\/100\n|turn|15\n|\n|t:|1699528802\n|move|p2a: Necrozma|Sunsteel Strike|p1a: Garganacl\n|-supereffective|p1a: Garganacl\n|-damage|p1a: Garganacl|27\/100\n|move|p1a: Garganacl|Salt Cure|p2a: Necrozma\n|-resisted|p2a: Necrozma\n|-crit|p2a: Necrozma\n|-damage|p2a: Necrozma|91\/100\n|-start|p2a: Necrozma|Salt Cure\n|\n|-heal|p1a: Garganacl|33\/100|[from] item: Leftovers\n|-damage|p2a: Necrozma|66\/100|[from] Salt Cure\n|upkeep\n|turn|16\n|\n|t:|1699528815\n|detailschange|p2a: Necrozma|Necrozma-Ultra\n|-burst|p2a: Necrozma|Necrozma|Ultranecrozium Z\n|move|p1a: Garganacl|Protect|p1a: Garganacl\n|-singleturn|p1a: Garganacl|Protect\n|move|p2a: Necrozma|Sunsteel Strike|p1a: Garganacl\n|-activate|p1a: Garganacl|move: Protect\n|\n|-heal|p1a: Garganacl|39\/100|[from] item: Leftovers\n|-damage|p2a: Necrozma|54\/100|[from] Salt Cure\n|upkeep\n|turn|17\n|\n|t:|1699528823\n|switch|p1a: Mewtwo|Mewtwo|100\/100\n|-ability|p1a: Mewtwo|Unnerve\n|move|p2a: Necrozma|Sunsteel Strike|p1a: Mewtwo\n|-damage|p1a: Mewtwo|62\/100\n|\n|-damage|p2a: Necrozma|42\/100|[from] Salt Cure\n|upkeep\n|turn|18\n|\n|t:|1699528831\n|detailschange|p1a: Mewtwo|Mewtwo-Mega-Y\n|-mega|p1a: Mewtwo|Mewtwo|Mewtwonite Y\n|move|p1a: Mewtwo|Ice Beam|p2a: Necrozma\n|-supereffective|p2a: Necrozma\n|-damage|p2a: Necrozma|0 fnt\n|faint|p2a: Necrozma\n|\n|upkeep\n|\n|t:|1699528836\n|switch|p2a: Marshadow|Marshadow|100\/100\n|turn|19\n|\n|t:|1699528840\n|switch|p1a: Garganacl|Garganacl, F|39\/100\n|-terastallize|p2a: Marshadow|Ghost\n|move|p2a: Marshadow|Shadow Sneak|p1a: Garganacl\n|-damage|p1a: Garganacl|28\/100\n|\n|-heal|p1a: Garganacl|34\/100|[from] item: Leftovers\n|upkeep\n|turn|20\n|\n|t:|1699528848\n|move|p1a: Garganacl|Protect|p1a: Garganacl\n|-singleturn|p1a: Garganacl|Protect\n|move|p2a: Marshadow|Low Kick|p1a: Garganacl\n|-activate|p1a: Garganacl|move: Protect\n|\n|-heal|p1a: Garganacl|40\/100|[from] item: Leftovers\n|upkeep\n|turn|21\n|\n|t:|1699528851\n|move|p2a: Marshadow|Low Kick|p1a: Garganacl\n|-supereffective|p1a: Garganacl\n|-damage|p1a: Garganacl|0 fnt\n|faint|p1a: Garganacl\n|\n|upkeep\n|\n|t:|1699528858\n|switch|p1a: Ditto|Ditto|45\/100\n|-transform|p1a: Ditto|p2a: Marshadow|[from] ability: Imposter\n|-start|p1a: Ditto|typechange|Fighting\/Ghost|[silent]\n|turn|22\n|\n|t:|1699528862\n|move|p1a: Ditto|Shadow Sneak|p2a: Marshadow\n|-supereffective|p2a: Marshadow\n|-damage|p2a: Marshadow|23\/100\n|move|p2a: Marshadow|Shadow Sneak|p1a: Ditto\n|-supereffective|p1a: Ditto\n|-damage|p1a: Ditto|0 fnt\n|faint|p1a: Ditto\n|\n|upkeep\n|\n|t:|1699528864\n|switch|p1a: Mewtwo|Mewtwo-Mega-Y|62\/100\n|turn|23\n|\n|t:|1699528867\n|move|p2a: Marshadow|Shadow Sneak|p1a: Mewtwo\n|-supereffective|p1a: Mewtwo\n|-damage|p1a: Mewtwo|0 fnt\n|faint|p1a: Mewtwo\n|\n|win|thyddkkj\n|raw|Szymszym134's rating: 1673 &rarr; <strong>1644<\/strong><br \/>(-29 for losing)\n|raw|thyddkkj's rating: 1511 &rarr; <strong>1540<\/strong><br \/>(+29 for winning)\n|l|\u2606Szymszym134\n|l|\u2606thyddkkj\n","uploadtime":1699528929,"views":7,"p1id":"szymszym134","p2id":"thyddkkj","formatid":"gen9nationaldexubers","rating":1540,"private":0,"password":""}