{"id":"gen9nationaldexubers-1984804727","p1":"Xurkiyee","p2":"zrp200","format":"[Gen 9] National Dex Ubers","log":"|j|\u2606Xurkiyee\n|j|\u2606zrp200\n|t:|1699300412\n|gametype|singles\n|player|p1|Xurkiyee|kimonogirl|\n|player|p2|zrp200|265|\n|teamsize|p1|6\n|teamsize|p2|6\n|gen|9\n|tier|[Gen 9] National Dex Ubers\n|rule|HP Percentage Mod: HP is shown in percentages\n|rule|Endless Battle Clause: Forcing endless battles is banned\n|rule|OHKO Clause: OHKO moves are banned\n|rule|Evasion Moves Clause: Evasion moves are banned\n|rule|Evasion Items Clause: Evasion items are banned\n|rule|Species Clause: Limit one of each Pok\u00e9mon\n|rule|Sleep Clause Mod: Limit one foe put to sleep\n|rule|Mega Rayquaza Clause: You cannot mega evolve Rayquaza\n|clearpoke\n|poke|p1|Lunala|\n|poke|p1|Ferrothorn, M|\n|poke|p1|Groudon|\n|poke|p1|Arceus-Water|\n|poke|p1|Clefable, M|\n|poke|p1|Metagross|\n|poke|p2|Charizard, M|\n|poke|p2|Flutter Mane|\n|poke|p2|Lunala|\n|poke|p2|Groudon|\n|poke|p2|Ogerpon-Hearthflame, F|\n|poke|p2|Arceus-Dragon|\n|teampreview\n|c|\u2606Xurkiyee|Hf\n|c|\u2606zrp200|likewise\n|\n|t:|1699300438\n|start\n|switch|p1a: Arceus|Arceus-Water|100\/100\n|switch|p2a: Charizard|Charizard, M|100\/100\n|turn|1\n|\n|t:|1699300449\n|detailschange|p2a: Charizard|Charizard-Mega-Y, M\n|-mega|p2a: Charizard|Charizard|Charizardite Y\n|-weather|SunnyDay|[from] ability: Drought|[of] p2a: Charizard\n|move|p1a: Arceus|Toxic|p2a: Charizard\n|-status|p2a: Charizard|tox\n|move|p2a: Charizard|Solar Beam||[still]\n|-prepare|p2a: Charizard|Solar Beam\n|-anim|p2a: Charizard|Solar Beam|p1a: Arceus\n|-supereffective|p1a: Arceus\n|-damage|p1a: Arceus|35\/100\n|\n|-weather|SunnyDay|[upkeep]\n|-damage|p2a: Charizard|94\/100 tox|[from] psn\n|upkeep\n|turn|2\n|\n|t:|1699300459\n|move|p1a: Arceus|Recover|p1a: Arceus\n|-heal|p1a: Arceus|85\/100\n|move|p2a: Charizard|Weather Ball|p1a: Arceus\n|-resisted|p1a: Arceus\n|-damage|p1a: Arceus|55\/100\n|\n|-weather|SunnyDay|[upkeep]\n|-damage|p2a: Charizard|82\/100 tox|[from] psn\n|upkeep\n|turn|3\n|\n|t:|1699300463\n|move|p1a: Arceus|Recover|p1a: Arceus\n|-heal|p1a: Arceus|100\/100\n|move|p2a: Charizard|Solar Beam||[still]\n|-prepare|p2a: Charizard|Solar Beam\n|-anim|p2a: Charizard|Solar Beam|p1a: Arceus\n|-supereffective|p1a: Arceus\n|-damage|p1a: Arceus|36\/100\n|\n|-weather|SunnyDay|[upkeep]\n|-damage|p2a: Charizard|64\/100 tox|[from] psn\n|upkeep\n|turn|4\n|\n|t:|1699300484\n|switch|p2a: Ogerpon|Ogerpon-Hearthflame, F|100\/100\n|-ability|p2a: Ogerpon|Mold Breaker\n|move|p1a: Arceus|Recover|p1a: Arceus\n|-heal|p1a: Arceus|86\/100\n|\n|-weather|SunnyDay|[upkeep]\n|upkeep\n|turn|5\n|\n|t:|1699300497\n|switch|p1a: Lunala|Lunala|100\/100\n|move|p2a: Ogerpon|Swords Dance|p2a: Ogerpon\n|-boost|p2a: Ogerpon|atk|2\n|\n|-weather|none\n|upkeep\n|turn|6\n|\n|t:|1699300505\n|move|p2a: Ogerpon|Trailblaze|p1a: Lunala\n|-damage|p1a: Lunala|79\/100\n|-boost|p2a: Ogerpon|spe|1\n|move|p1a: Lunala|Moongeist Beam|p2a: Ogerpon\n|-damage|p2a: Ogerpon|50\/100\n|\n|upkeep\n|turn|7\n|\n|t:|1699300529\n|move|p2a: Ogerpon|Ivy Cudgel|p1a: Lunala\n|-damage|p1a: Lunala|1\/100\n|move|p1a: Lunala|Moongeist Beam|p2a: Ogerpon\n|-damage|p2a: Ogerpon|0 fnt\n|faint|p2a: Ogerpon\n|\n|upkeep\n|\n|t:|1699300540\n|switch|p2a: Charizard|Charizard-Mega-Y, M|64\/100 tox\n|-weather|SunnyDay|[from] ability: Drought|[of] p2a: Charizard\n|turn|8\n|\n|t:|1699300549\n|move|p2a: Charizard|Solar Beam||[still]\n|-prepare|p2a: Charizard|Solar Beam\n|-anim|p2a: Charizard|Solar Beam|p1a: Lunala\n|-damage|p1a: Lunala|0 fnt\n|faint|p1a: Lunala\n|\n|-weather|SunnyDay|[upkeep]\n|-damage|p2a: Charizard|58\/100 tox|[from] psn\n|upkeep\n|\n|t:|1699300568\n|switch|p1a: Metagross|Metagross|100\/100\n|turn|9\n|\n|t:|1699300587\n|switch|p2a: Arceus|Arceus-Dragon|100\/100\n|detailschange|p1a: Metagross|Metagross-Mega\n|-mega|p1a: Metagross|Metagross|Metagrossite\n|move|p1a: Metagross|Zen Headbutt|p2a: Arceus\n|-damage|p2a: Arceus|61\/100\n|\n|-weather|SunnyDay|[upkeep]\n|upkeep\n|turn|10\n|\n|t:|1699300598\n|move|p1a: Metagross|Meteor Mash|p2a: Arceus\n|-crit|p2a: Arceus\n|-damage|p2a: Arceus|0 fnt\n|faint|p2a: Arceus\n|\n|-weather|SunnyDay|[upkeep]\n|upkeep\n|\n|t:|1699300606\n|switch|p2a: Groudon|Groudon|100\/100\n|turn|11\n|c|\u2606Xurkiyee|Yikes, mb\n|\n|t:|1699300612\n|switch|p1a: Ferrothorn|Ferrothorn, M|100\/100\n|move|p2a: Groudon|Precipice Blades|p1a: Ferrothorn\n|-damage|p1a: Ferrothorn|63\/100\n|\n|-weather|SunnyDay|[upkeep]\n|-heal|p1a: Ferrothorn|69\/100|[from] item: Leftovers\n|upkeep\n|turn|12\n|\n|t:|1699300614\n|move|p2a: Groudon|Lava Plume|p1a: Ferrothorn\n|-supereffective|p1a: Ferrothorn\n|-damage|p1a: Ferrothorn|0 fnt\n|faint|p1a: Ferrothorn\n|\n|-weather|none\n|upkeep\n|\n|t:|1699300626\n|switch|p1a: Groudon|Groudon|100\/100\n|-weather|SunnyDay|[from] ability: Drought|[of] p1a: Groudon\n|turn|13\n|\n|t:|1699300636\n|switch|p2a: Charizard|Charizard-Mega-Y, M|58\/100 tox\n|move|p1a: Groudon|Stealth Rock|p2a: Charizard\n|-sidestart|p2: zrp200|move: Stealth Rock\n|\n|-weather|SunnyDay|[upkeep]\n|-damage|p2a: Charizard|52\/100 tox|[from] psn\n|upkeep\n|turn|14\n|\n|t:|1699300645\n|switch|p1a: Arceus|Arceus-Water|86\/100\n|move|p2a: Charizard|Weather Ball|p1a: Arceus\n|-resisted|p1a: Arceus\n|-damage|p1a: Arceus|56\/100\n|\n|-weather|SunnyDay|[upkeep]\n|-damage|p2a: Charizard|40\/100 tox|[from] psn\n|upkeep\n|turn|15\n|\n|t:|1699300654\n|move|p1a: Arceus|Judgment|p2a: Charizard\n|-supereffective|p2a: Charizard\n|-damage|p2a: Charizard|0 fnt\n|faint|p2a: Charizard\n|\n|-weather|SunnyDay|[upkeep]\n|upkeep\n|\n|t:|1699300667\n|switch|p2a: Flutter Mane|Flutter Mane|100\/100\n|-damage|p2a: Flutter Mane|88\/100|[from] Stealth Rock\n|-activate|p2a: Flutter Mane|ability: Protosynthesis\n|-start|p2a: Flutter Mane|protosynthesisspe\n|turn|16\n|\n|t:|1699300671\n|switch|p1a: Clefable|Clefable, M|100\/100\n|-terastallize|p2a: Flutter Mane|Ghost\n|move|p2a: Flutter Mane|Shadow Ball|p1a: Clefable\n|-damage|p1a: Clefable|48\/100\n|-unboost|p1a: Clefable|spd|1\n|\n|-weather|SunnyDay|[upkeep]\n|-heal|p1a: Clefable|54\/100|[from] item: Leftovers\n|upkeep\n|turn|17\n|\n|t:|1699300680\n|-terastallize|p1a: Clefable|Normal\n|move|p2a: Flutter Mane|Shadow Ball|p1a: Clefable\n|-immune|p1a: Clefable\n|move|p1a: Clefable|Moonblast|p2a: Flutter Mane\n|-damage|p2a: Flutter Mane|57\/100\n|\n|-weather|none\n|-end|p2a: Flutter Mane|Protosynthesis\n|-heal|p1a: Clefable|60\/100|[from] item: Leftovers\n|upkeep\n|turn|18\n|\n|t:|1699300687\n|-end|p2a: Flutter Mane|Protosynthesis|[silent]\n|switch|p2a: Groudon|Groudon|100\/100\n|-damage|p2a: Groudon|94\/100|[from] Stealth Rock\n|-weather|SunnyDay|[from] ability: Drought|[of] p2a: Groudon\n|move|p1a: Clefable|Moonlight|p1a: Clefable\n|-heal|p1a: Clefable|100\/100\n|\n|-weather|SunnyDay|[upkeep]\n|upkeep\n|turn|19\n|\n|t:|1699300701\n|switch|p1a: Groudon|Groudon|100\/100\n|move|p2a: Groudon|Precipice Blades|p1a: Groudon\n|-damage|p1a: Groudon|54\/100\n|\n|-weather|SunnyDay|[upkeep]\n|-heal|p1a: Groudon|60\/100|[from] item: Leftovers\n|upkeep\n|turn|20\n|\n|t:|1699300707\n|move|p2a: Groudon|Lava Plume|p1a: Groudon\n|-damage|p1a: Groudon|34\/100\n|move|p1a: Groudon|Precipice Blades|p2a: Groudon\n|-damage|p2a: Groudon|51\/100\n|\n|-weather|SunnyDay|[upkeep]\n|-heal|p1a: Groudon|40\/100|[from] item: Leftovers\n|upkeep\n|turn|21\n|\n|t:|1699300718\n|move|p2a: Groudon|Spikes|p1a: Groudon\n|-sidestart|p1: Xurkiyee|Spikes\n|move|p1a: Groudon|Precipice Blades|p2a: Groudon\n|-damage|p2a: Groudon|2\/100\n|\n|-weather|SunnyDay|[upkeep]\n|-heal|p1a: Groudon|46\/100|[from] item: Leftovers\n|upkeep\n|turn|22\n|\n|t:|1699300722\n|move|p2a: Groudon|Precipice Blades|p1a: Groudon|[miss]\n|-miss|p2a: Groudon|p1a: Groudon\n|move|p1a: Groudon|Precipice Blades|p2a: Groudon\n|-damage|p2a: Groudon|0 fnt\n|faint|p2a: Groudon\n|\n|-weather|SunnyDay|[upkeep]\n|-heal|p1a: Groudon|52\/100|[from] item: Leftovers\n|upkeep\n|\n|t:|1699300727\n|switch|p2a: Flutter Mane|Flutter Mane, tera:Ghost|57\/100\n|-damage|p2a: Flutter Mane|44\/100|[from] Stealth Rock\n|-activate|p2a: Flutter Mane|ability: Protosynthesis\n|-start|p2a: Flutter Mane|protosynthesisspe\n|turn|23\n|\n|t:|1699300734\n|move|p2a: Flutter Mane|Moonblast|p1a: Groudon\n|-damage|p1a: Groudon|0 fnt\n|faint|p1a: Groudon\n|\n|-weather|SunnyDay|[upkeep]\n|upkeep\n|\n|t:|1699300736\n|switch|p1a: Metagross|Metagross-Mega|100\/100\n|-damage|p1a: Metagross|88\/100|[from] Spikes\n|turn|24\n|\n|t:|1699300741\n|-end|p2a: Flutter Mane|Protosynthesis|[silent]\n|switch|p2a: Lunala|Lunala|100\/100\n|move|p1a: Metagross|Bullet Punch|p2a: Lunala\n|-damage|p2a: Lunala|88\/100\n|\n|-weather|SunnyDay|[upkeep]\n|upkeep\n|turn|25\n|\n|t:|1699300752\n|move|p1a: Metagross|Meteor Mash|p2a: Lunala|[miss]\n|-miss|p1a: Metagross|p2a: Lunala\n|move|p2a: Lunala|Moongeist Beam|p1a: Metagross\n|-supereffective|p1a: Metagross\n|-damage|p1a: Metagross|0 fnt\n|faint|p1a: Metagross\n|\n|-weather|none\n|upkeep\n|\n|t:|1699300756\n|switch|p1a: Clefable|Clefable, M, tera:Normal|100\/100\n|turn|26\n|\n|t:|1699300763\n|move|p2a: Lunala|Moonblast|p1a: Clefable\n|-crit|p1a: Clefable\n|-damage|p1a: Clefable|66\/100\n|-unboost|p1a: Clefable|spa|1\n|move|p1a: Clefable|Knock Off|p2a: Lunala\n|-supereffective|p2a: Lunala\n|-damage|p2a: Lunala|38\/100\n|-enditem|p2a: Lunala|Heavy-Duty Boots|[from] move: Knock Off|[of] p1a: Clefable\n|\n|-heal|p1a: Clefable|72\/100|[from] item: Leftovers\n|upkeep\n|turn|27\n|\n|t:|1699300772\n|move|p2a: Lunala|Moonlight|p2a: Lunala\n|-heal|p2a: Lunala|88\/100\n|move|p1a: Clefable|Knock Off|p2a: Lunala\n|-supereffective|p2a: Lunala\n|-damage|p2a: Lunala|56\/100\n|\n|-heal|p1a: Clefable|78\/100|[from] item: Leftovers\n|upkeep\n|turn|28\n|\n|t:|1699300782\n|move|p2a: Lunala|Moonlight|p2a: Lunala\n|-heal|p2a: Lunala|100\/100\n|move|p1a: Clefable|Moonblast|p2a: Lunala\n|-damage|p2a: Lunala|92\/100\n|\n|-heal|p1a: Clefable|84\/100|[from] item: Leftovers\n|upkeep\n|turn|29\n|\n|t:|1699300790\n|move|p2a: Lunala|Moonblast|p1a: Clefable\n|-damage|p1a: Clefable|61\/100\n|-unboost|p1a: Clefable|spa|1\n|move|p1a: Clefable|Moonblast|p2a: Lunala\n|-crit|p2a: Lunala\n|-damage|p2a: Lunala|55\/100\n|-unboost|p2a: Lunala|spa|1\n|\n|-heal|p1a: Clefable|67\/100|[from] item: Leftovers\n|upkeep\n|turn|30\n|\n|t:|1699300796\n|move|p2a: Lunala|Moonblast|p1a: Clefable\n|-damage|p1a: Clefable|50\/100\n|move|p1a: Clefable|Knock Off|p2a: Lunala\n|-supereffective|p2a: Lunala\n|-damage|p2a: Lunala|20\/100\n|\n|-heal|p1a: Clefable|57\/100|[from] item: Leftovers\n|upkeep\n|turn|31\n|\n|t:|1699300801\n|move|p2a: Lunala|Moonblast|p1a: Clefable\n|-damage|p1a: Clefable|42\/100\n|move|p1a: Clefable|Moonlight|p1a: Clefable\n|-heal|p1a: Clefable|92\/100\n|\n|-heal|p1a: Clefable|98\/100|[from] item: Leftovers\n|upkeep\n|turn|32\n|\n|t:|1699300805\n|move|p2a: Lunala|Moonblast|p1a: Clefable\n|-damage|p1a: Clefable|82\/100\n|-unboost|p1a: Clefable|spa|1\n|move|p1a: Clefable|Knock Off|p2a: Lunala\n|-supereffective|p2a: Lunala\n|-damage|p2a: Lunala|0 fnt\n|faint|p2a: Lunala\n|\n|-heal|p1a: Clefable|88\/100|[from] item: Leftovers\n|upkeep\n|\n|t:|1699300809\n|switch|p2a: Flutter Mane|Flutter Mane, tera:Ghost|44\/100\n|-damage|p2a: Flutter Mane|32\/100|[from] Stealth Rock\n|turn|33\n|c|\u2606zrp200|gg\n|\n|t:|1699300813\n|switch|p1a: Arceus|Arceus-Water|56\/100\n|-damage|p1a: Arceus|44\/100|[from] Spikes\n|move|p2a: Flutter Mane|Moonblast|p1a: Arceus\n|-damage|p1a: Arceus|0 fnt\n|faint|p1a: Arceus\n|\n|upkeep\n|c|\u2606Xurkiyee|gg\n|\n|t:|1699300820\n|switch|p1a: Clefable|Clefable, M, tera:Normal|88\/100\n|turn|34\n|\n|t:|1699300822\n|move|p2a: Flutter Mane|Moonblast|p1a: Clefable\n|-damage|p1a: Clefable|41\/100\n|move|p1a: Clefable|Moonblast|p2a: Flutter Mane\n|-damage|p2a: Flutter Mane|0 fnt\n|faint|p2a: Flutter Mane\n|-end|p2a: Flutter Mane|Protosynthesis|[silent]\n|\n|win|Xurkiyee\n|l|\u2606zrp200\n|l|\u2606Xurkiyee\n|j|\u2606Xurkiyee\n|player|p1|Xurkiyee|kimonogirl\n","uploadtime":1699300962,"views":10,"p1id":"xurkiyee","p2id":"zrp200","formatid":"gen9nationaldexubers","rating":0,"private":0,"password":""}