{"id":"gen9nationaldexubers-1989292471","p1":"kingnedo","p2":"TRIPLE RILABOOM","format":"[Gen 9] National Dex Ubers","log":"|j|\u2606kingnedo\n|j|\u2606TRIPLE RILABOOM\n|t:|1699832734\n|gametype|singles\n|player|p1|kingnedo|n|1206\n|player|p2|TRIPLE RILABOOM|169|1302\n|teamsize|p1|6\n|teamsize|p2|6\n|gen|9\n|tier|[Gen 9] National Dex Ubers\n|rated|\n|rule|HP Percentage Mod: HP is shown in percentages\n|rule|Endless Battle Clause: Forcing endless battles is banned\n|rule|OHKO Clause: OHKO moves are banned\n|rule|Evasion Moves Clause: Evasion moves are banned\n|rule|Evasion Items Clause: Evasion items are banned\n|rule|Species Clause: Limit one of each Pok\u00e9mon\n|rule|Sleep Clause Mod: Limit one foe put to sleep\n|rule|Mega Rayquaza Clause: You cannot mega evolve Rayquaza\n|clearpoke\n|poke|p1|Magearna|\n|poke|p1|Cloyster, F|\n|poke|p1|Buzzwole|\n|poke|p1|Zapdos|\n|poke|p1|Zarude-Dada|\n|poke|p1|Steelix, M|\n|poke|p2|Zarude|\n|poke|p2|Marshadow|\n|poke|p2|Galvantula, F|\n|poke|p2|Darmanitan-Galar, M|\n|poke|p2|Gholdengo|\n|poke|p2|Xurkitree|\n|teampreview\n|\n|t:|1699832743\n|start\n|switch|p1a: Dusty|Zarude-Dada|100\/100\n|switch|p2a: Galvantula|Galvantula, F, shiny|100\/100\n|turn|1\n|\n|t:|1699832755\n|move|p1a: Dusty|U-turn|p2a: Galvantula\n|-damage|p2a: Galvantula|57\/100\n|\n|t:|1699832760\n|switch|p1a: Iron Giant|Steelix, M|100\/100|[from] U-turn\n|move|p2a: Galvantula|Sticky Web|p1a: Iron Giant\n|-sidestart|p1: kingnedo|move: Sticky Web\n|\n|upkeep\n|turn|2\n|\n|t:|1699832782\n|switch|p2a: Marshadow|Marshadow|100\/100\n|move|p1a: Iron Giant|Stealth Rock|p2a: Marshadow\n|-sidestart|p2: TRIPLE RILABOOM|move: Stealth Rock\n|\n|upkeep\n|turn|3\n|\n|t:|1699832792\n|move|p2a: Marshadow|Swagger|p1a: Iron Giant\n|-boost|p1a: Iron Giant|atk|2\n|-enditem|p2a: Marshadow|Mirror Herb\n|-boost|p2a: Marshadow|atk|2|[from] item: Mirror Herb\n|-start|p1a: Iron Giant|confusion\n|-activate|p1a: Iron Giant|confusion\n|-damage|p1a: Iron Giant|93\/100|[from] confusion\n|\n|-heal|p1a: Iron Giant|99\/100|[from] item: Leftovers\n|upkeep\n|turn|4\n|\n|t:|1699832802\n|-terastallize|p2a: Marshadow|Ghost\n|move|p2a: Marshadow|Spectral Thief||[still]\n|-clearpositiveboost|p1a: Iron Giant|p2a: Marshadow|move: Spectral Thief\n|-boost|p2a: Marshadow|atk|2\n|-anim|p2a: Marshadow|Spectral Thief|p1a: Iron Giant\n|-damage|p1a: Iron Giant|20\/100\n|-activate|p1a: Iron Giant|confusion\n|-damage|p1a: Iron Giant|16\/100|[from] confusion\n|\n|-heal|p1a: Iron Giant|23\/100|[from] item: Leftovers\n|upkeep\n|turn|5\n|\n|t:|1699832817\n|move|p2a: Marshadow|Close Combat|p1a: Iron Giant\n|-supereffective|p1a: Iron Giant\n|-damage|p1a: Iron Giant|0 fnt\n|-unboost|p2a: Marshadow|def|1\n|-unboost|p2a: Marshadow|spd|1\n|faint|p1a: Iron Giant\n|\n|upkeep\n|\n|t:|1699832823\n|switch|p1a: Big Bird|Zapdos, shiny|100\/100\n|turn|6\n|\n|t:|1699832828\n|move|p2a: Marshadow|Spectral Thief|p1a: Big Bird\n|-damage|p1a: Big Bird|0 fnt\n|faint|p1a: Big Bird\n|\n|upkeep\n|\n|t:|1699832841\n|switch|p1a: Hastati|Buzzwole, shiny|100\/100\n|-activate|p1a: Hastati|move: Sticky Web\n|-unboost|p1a: Hastati|spe|1\n|turn|7\n|\n|t:|1699832858\n|move|p2a: Marshadow|Spectral Thief|p1a: Hastati\n|-crit|p1a: Hastati\n|-damage|p1a: Hastati|0 fnt\n|faint|p1a: Hastati\n|\n|upkeep\n|\n|t:|1699832864\n|switch|p1a: Waffle|Cloyster, F, shiny|100\/100\n|-activate|p1a: Waffle|move: Sticky Web\n|-unboost|p1a: Waffle|spe|1\n|turn|8\n|\n|t:|1699832875\n|move|p2a: Marshadow|Close Combat|p1a: Waffle\n|-supereffective|p1a: Waffle\n|-damage|p1a: Waffle|0 fnt\n|-unboost|p2a: Marshadow|def|1\n|-unboost|p2a: Marshadow|spd|1\n|faint|p1a: Waffle\n|\n|upkeep\n|-message|kingnedo forfeited.\n|\n|win|TRIPLE RILABOOM\n|raw|kingnedo's rating: 1206 &rarr; <strong>1188<\/strong><br \/>(-18 for losing)\n|raw|TRIPLE RILABOOM's rating: 1302 &rarr; <strong>1317<\/strong><br \/>(+15 for winning)\n|l|\u2606kingnedo\n","uploadtime":1699832884,"views":11,"p1id":"kingnedo","p2id":"triplerilaboom","formatid":"gen9nationaldexubers","rating":1188,"private":0,"password":""}