{"id":"gen9nationaldexubers-1998336079","p1":"DualDrago","p2":"nosejugar957","format":"[Gen 9] National Dex Ubers","log":"|j|\u2606DualDrago\n|j|\u2606nosejugar957\n|t:|1700930893\n|gametype|singles\n|player|p1|DualDrago|101|1000\n|player|p2|nosejugar957|red|1108\n|teamsize|p1|6\n|teamsize|p2|6\n|gen|9\n|tier|[Gen 9] National Dex Ubers\n|rated|\n|rule|HP Percentage Mod: HP is shown in percentages\n|rule|Endless Battle Clause: Forcing endless battles is banned\n|rule|OHKO Clause: OHKO moves are banned\n|rule|Evasion Moves Clause: Evasion moves are banned\n|rule|Evasion Items Clause: Evasion items are banned\n|rule|Species Clause: Limit one of each Pok\u00e9mon\n|rule|Sleep Clause Mod: Limit one foe put to sleep\n|rule|Mega Rayquaza Clause: You cannot mega evolve Rayquaza\n|clearpoke\n|poke|p1|Salamence, F|\n|poke|p1|Zacian-*|\n|poke|p1|Slowbro-Galar, F|\n|poke|p1|Necrozma-Dusk-Mane|\n|poke|p1|Mudsdale, M|\n|poke|p1|Kingambit, M|\n|poke|p2|Swampert, F|\n|poke|p2|Kyogre|\n|poke|p2|Gliscor, M|\n|poke|p2|Grimmsnarl, M|\n|poke|p2|Rillaboom, F|\n|poke|p2|Iron Moth|\n|teampreview\n|\n|t:|1700930905\n|start\n|switch|p1a: Salamence|Salamence, F|100\/100\n|switch|p2a: Grimmsnarl|Grimmsnarl, M|100\/100\n|-ability|p1a: Salamence|Intimidate|boost\n|-unboost|p2a: Grimmsnarl|atk|1\n|turn|1\n|\n|t:|1700930924\n|detailschange|p1a: Salamence|Salamence-Mega, F\n|-mega|p1a: Salamence|Salamence|Salamencite\n|move|p2a: Grimmsnarl|Taunt|p1a: Salamence\n|-start|p1a: Salamence|move: Taunt\n|move|p1a: Salamence|Body Slam|p2a: Grimmsnarl\n|-damage|p2a: Grimmsnarl|42\/100\n|-status|p2a: Grimmsnarl|par\n|\n|upkeep\n|turn|2\n|\n|t:|1700930933\n|move|p2a: Grimmsnarl|Reflect|p2a: Grimmsnarl\n|-sidestart|p2: nosejugar957|Reflect\n|move|p1a: Salamence|Body Slam|p2a: Grimmsnarl\n|-damage|p2a: Grimmsnarl|14\/100 par\n|\n|upkeep\n|turn|3\n|\n|t:|1700930955\n|move|p2a: Grimmsnarl|Parting Shot|p1a: Salamence\n|-unboost|p1a: Salamence|atk|1\n|-unboost|p1a: Salamence|spa|1\n|\n|t:|1700930960\n|switch|p2a: Kyogre|Kyogre|100\/100|[from] Parting Shot\n|-weather|RainDance|[from] ability: Drizzle|[of] p2a: Kyogre\n|move|p1a: Salamence|Body Slam|p2a: Kyogre\n|-damage|p2a: Kyogre|80\/100\n|\n|-weather|RainDance|[upkeep]\n|-heal|p2a: Kyogre|87\/100|[from] item: Leftovers\n|-end|p1a: Salamence|move: Taunt\n|upkeep\n|turn|4\n|\n|t:|1700930985\n|move|p1a: Salamence|Dragon Claw|p2a: Kyogre\n|-damage|p2a: Kyogre|70\/100\n|move|p2a: Kyogre|Thunder|p1a: Salamence\n|-damage|p1a: Salamence|59\/100\n|\n|-weather|RainDance|[upkeep]\n|-heal|p2a: Kyogre|76\/100|[from] item: Leftovers\n|upkeep\n|turn|5\n|\n|t:|1700930998\n|move|p1a: Salamence|Psychic Fangs|p2a: Kyogre\n|-sideend|p2: nosejugar957|Reflect\n|-damage|p2a: Kyogre|53\/100\n|move|p2a: Kyogre|Calm Mind|p2a: Kyogre\n|-boost|p2a: Kyogre|spa|1\n|-boost|p2a: Kyogre|spd|1\n|\n|-weather|RainDance|[upkeep]\n|-heal|p2a: Kyogre|59\/100|[from] item: Leftovers\n|upkeep\n|turn|6\n|\n|t:|1700931019\n|move|p1a: Salamence|Body Slam|p2a: Kyogre\n|-damage|p2a: Kyogre|19\/100\n|-status|p2a: Kyogre|par\n|move|p2a: Kyogre|Ice Beam|p1a: Salamence\n|-supereffective|p1a: Salamence\n|-damage|p1a: Salamence|0 fnt\n|faint|p1a: Salamence\n|\n|-weather|RainDance|[upkeep]\n|-heal|p2a: Kyogre|25\/100 par|[from] item: Leftovers\n|upkeep\n|\n|t:|1700931039\n|switch|p1a: Slowbro|Slowbro-Galar, F|100\/100\n|turn|7\n|\n|t:|1700931055\n|move|p2a: Kyogre|Thunder|p1a: Slowbro\n|-damage|p1a: Slowbro|22\/100\n|-status|p1a: Slowbro|par\n|move|p1a: Slowbro|Shell Side Arm|p2a: Kyogre|[anim] Shell Side Arm Physical\n|-damage|p2a: Kyogre|0 fnt\n|-hint|Physical Shell Side Arm\n|faint|p2a: Kyogre\n|\n|-weather|none\n|upkeep\n|inactive|Battle timer is ON: inactive players will automatically lose when time's up. (requested by DualDrago)\n|\n|t:|1700931089\n|switch|p2a: Rillaboom|Rillaboom, F|100\/100\n|-fieldstart|move: Grassy Terrain|[from] ability: Grassy Surge|[of] p2a: Rillaboom\n|-enditem|p2a: Rillaboom|Grassy Seed\n|-boost|p2a: Rillaboom|def|1|[from] item: Grassy Seed\n|turn|8\n|-activate|p1a: Slowbro|ability: Quick Draw\n|\n|t:|1700931097\n|move|p2a: Rillaboom|Fake Out|p1a: Slowbro\n|-damage|p1a: Slowbro|10\/100 par\n|cant|p1a: Slowbro|flinch\n|\n|-heal|p1a: Slowbro|17\/100 par|[from] Grassy Terrain\n|upkeep\n|turn|9\n|\n|t:|1700931126\n|move|p2a: Rillaboom|Knock Off|p1a: Slowbro\n|-supereffective|p1a: Slowbro\n|-damage|p1a: Slowbro|0 fnt\n|-enditem|p1a: Slowbro|Quick Claw|[from] move: Knock Off|[of] p2a: Rillaboom\n|faint|p1a: Slowbro\n|\n|upkeep\n|inactive|DualDrago has 120 seconds left.\n|\n|t:|1700931148\n|switch|p1a: Zacian|Zacian-Crowned|100\/100\n|-ability|p1a: Zacian|Intrepid Sword|boost\n|-boost|p1a: Zacian|atk|1\n|turn|10\n|\n|t:|1700931175\n|move|p1a: Zacian|Play Rough|p2a: Rillaboom\n|-damage|p2a: Rillaboom|58\/100\n|move|p2a: Rillaboom|Knock Off|p1a: Zacian\n|-resisted|p1a: Zacian\n|-damage|p1a: Zacian|89\/100\n|\n|-heal|p1a: Zacian|96\/100|[from] Grassy Terrain\n|-heal|p2a: Rillaboom|64\/100|[from] Grassy Terrain\n|upkeep\n|turn|11\n|inactive|DualDrago has 120 seconds left.\n|\n|t:|1700931197\n|switch|p2a: Gliscor|Gliscor, M|100\/100\n|move|p1a: Zacian|Play Rough|p2a: Gliscor\n|-damage|p2a: Gliscor|50\/100\n|\n|-heal|p1a: Zacian|100\/100|[from] Grassy Terrain\n|-status|p2a: Gliscor|tox|[from] item: Toxic Orb\n|upkeep\n|turn|12\n|\n|t:|1700931206\n|move|p2a: Gliscor|Protect|p2a: Gliscor\n|-singleturn|p2a: Gliscor|Protect\n|move|p1a: Zacian|Behemoth Blade|p2a: Gliscor\n|-activate|p2a: Gliscor|move: Protect\n|\n|-heal|p2a: Gliscor|62\/100 tox|[from] ability: Poison Heal\n|-fieldend|move: Grassy Terrain\n|upkeep\n|turn|13\n|\n|t:|1700931218\n|move|p1a: Zacian|Behemoth Blade|p2a: Gliscor\n|-damage|p2a: Gliscor|11\/100 tox\n|move|p2a: Gliscor|Roost|p2a: Gliscor\n|-heal|p2a: Gliscor|61\/100 tox\n|-singleturn|p2a: Gliscor|move: Roost\n|\n|-heal|p2a: Gliscor|73\/100 tox|[from] ability: Poison Heal\n|upkeep\n|turn|14\n|\n|t:|1700931230\n|switch|p1a: Mudsdale|Mudsdale, M|100\/100\n|move|p2a: Gliscor|Roost|p2a: Gliscor\n|-heal|p2a: Gliscor|100\/100 tox\n|-singleturn|p2a: Gliscor|move: Roost\n|\n|upkeep\n|turn|15\n|\n|t:|1700931255\n|move|p2a: Gliscor|Toxic|p1a: Mudsdale\n|-status|p1a: Mudsdale|tox\n|move|p1a: Mudsdale|Lash Out|p2a: Gliscor\n|-damage|p2a: Gliscor|83\/100 tox\n|\n|-heal|p2a: Gliscor|96\/100 tox|[from] ability: Poison Heal\n|-damage|p1a: Mudsdale|94\/100 tox|[from] psn\n|upkeep\n|turn|16\n|\n|t:|1700931272\n|move|p2a: Gliscor|Defog|p1a: Mudsdale\n|-unboost|p1a: Mudsdale|evasion|1\n|move|p1a: Mudsdale|Lash Out|p2a: Gliscor\n|-damage|p2a: Gliscor|64\/100 tox\n|\n|-heal|p2a: Gliscor|76\/100 tox|[from] ability: Poison Heal\n|-damage|p1a: Mudsdale|82\/100 tox|[from] psn\n|upkeep\n|turn|17\n|inactive|DualDrago has 90 seconds left.\n|inactive|DualDrago has 60 seconds left.\n|\n|t:|1700931325\n|move|p2a: Gliscor|Defog|p1a: Mudsdale\n|-unboost|p1a: Mudsdale|evasion|1\n|move|p1a: Mudsdale|Lash Out|p2a: Gliscor\n|-damage|p2a: Gliscor|42\/100 tox\n|\n|-heal|p2a: Gliscor|54\/100 tox|[from] ability: Poison Heal\n|-damage|p1a: Mudsdale|64\/100 tox|[from] psn\n|upkeep\n|turn|18\n|inactive|DualDrago has 60 seconds left.\n|\n|t:|1700931337\n|move|p2a: Gliscor|Roost|p2a: Gliscor\n|-heal|p2a: Gliscor|100\/100 tox\n|-singleturn|p2a: Gliscor|move: Roost\n|move|p1a: Mudsdale|Lash Out|p2a: Gliscor\n|-damage|p2a: Gliscor|84\/100 tox\n|\n|-heal|p2a: Gliscor|96\/100 tox|[from] ability: Poison Heal\n|-damage|p1a: Mudsdale|39\/100 tox|[from] psn\n|upkeep\n|turn|19\n|inactive|DualDrago has 60 seconds left.\n|\n|t:|1700931348\n|move|p2a: Gliscor|Protect|p2a: Gliscor\n|-singleturn|p2a: Gliscor|Protect\n|move|p1a: Mudsdale|Lash Out|p2a: Gliscor\n|-activate|p2a: Gliscor|move: Protect\n|\n|-heal|p2a: Gliscor|100\/100 tox|[from] ability: Poison Heal\n|-damage|p1a: Mudsdale|8\/100 tox|[from] psn\n|upkeep\n|turn|20\n|\n|t:|1700931361\n|move|p2a: Gliscor|Roost||[still]\n|-fail|p2a: Gliscor|heal\n|move|p1a: Mudsdale|Lash Out|p2a: Gliscor\n|-damage|p2a: Gliscor|84\/100 tox\n|\n|-heal|p2a: Gliscor|97\/100 tox|[from] ability: Poison Heal\n|-damage|p1a: Mudsdale|0 fnt|[from] psn\n|faint|p1a: Mudsdale\n|upkeep\n|inactive|DualDrago has 60 seconds left.\n|\n|t:|1700931372\n|switch|p1a: Necrozma|Necrozma-Dusk-Mane|100\/100\n|turn|21\n|inactive|DualDrago has 60 seconds left.\n|\n|t:|1700931396\n|switch|p2a: Grimmsnarl|Grimmsnarl, M|14\/100 par\n|-terastallize|p1a: Necrozma|Psychic\n|move|p1a: Necrozma|Psycho Cut|p2a: Grimmsnarl\n|-immune|p2a: Grimmsnarl\n|\n|upkeep\n|turn|22\n|inactive|DualDrago has 60 seconds left.\n|\n|t:|1700931415\n|move|p2a: Grimmsnarl|Reflect|p2a: Grimmsnarl\n|-sidestart|p2: nosejugar957|Reflect\n|move|p1a: Necrozma|Sunsteel Strike|p2a: Grimmsnarl\n|-supereffective|p2a: Grimmsnarl\n|-damage|p2a: Grimmsnarl|0 fnt\n|faint|p2a: Grimmsnarl\n|\n|upkeep\n|inactive|nosejugar957 has 120 seconds left.\n|\n|t:|1700931443\n|switch|p2a: Iron Moth|Iron Moth|100\/100\n|turn|23\n|\n|t:|1700931460\n|-terastallize|p2a: Iron Moth|Ground\n|move|p2a: Iron Moth|Tera Blast|p1a: Necrozma|[anim] Tera Blast Ground\n|-damage|p1a: Necrozma|46\/100\n|move|p1a: Necrozma|Psycho Cut|p2a: Iron Moth\n|-damage|p2a: Iron Moth|49\/100\n|\n|-heal|p1a: Necrozma|52\/100|[from] item: Leftovers\n|upkeep\n|turn|24\n|\n|t:|1700931474\n|move|p2a: Iron Moth|Tera Blast|p1a: Necrozma|[anim] Tera Blast Ground\n|-damage|p1a: Necrozma|0 fnt\n|faint|p1a: Necrozma\n|\n|upkeep\n|\n|t:|1700931480\n|switch|p1a: Zacian|Zacian-Crowned|100\/100\n|turn|25\n|\n|t:|1700931488\n|-end|p2a: Iron Moth|Quark Drive|[silent]\n|switch|p2a: Gliscor|Gliscor, M|97\/100 tox\n|move|p1a: Zacian|Psychic Fangs|p2a: Gliscor\n|-sideend|p2: nosejugar957|Reflect\n|-damage|p2a: Gliscor|75\/100 tox\n|\n|-heal|p2a: Gliscor|87\/100 tox|[from] ability: Poison Heal\n|upkeep\n|turn|26\n|inactive|nosejugar957 has 120 seconds left.\n|\n|t:|1700931497\n|switch|p1a: Kingambit|Kingambit, M, shiny|100\/100\n|-activate|p1a: Kingambit|ability: Supreme Overlord\n|-start|p1a: Kingambit|fallen4|[silent]\n|move|p2a: Gliscor|Protect||[still]\n|-fail|p2a: Gliscor\n|\n|-heal|p2a: Gliscor|99\/100 tox|[from] ability: Poison Heal\n|upkeep\n|turn|27\n|inactive|nosejugar957 has 120 seconds left.\n|\n|t:|1700931508\n|move|p2a: Gliscor|Defog|p1a: Kingambit\n|-unboost|p1a: Kingambit|evasion|1\n|move|p1a: Kingambit|Foul Play|p2a: Gliscor\n|-damage|p2a: Gliscor|73\/100 tox\n|\n|-heal|p2a: Gliscor|85\/100 tox|[from] ability: Poison Heal\n|upkeep\n|turn|28\n|-message|DualDrago forfeited.\n|\n|win|nosejugar957\n|raw|DualDrago's rating: 1000 &rarr; <strong>1000<\/strong><br \/>(+0 for losing)\n|raw|nosejugar957's rating: 1108 &rarr; <strong>1125<\/strong><br \/>(+17 for winning)\n|l|\u2606DualDrago\n","uploadtime":1700931547,"views":1,"p1id":"dualdrago","p2id":"nosejugar957","formatid":"gen9nationaldexubers","rating":1000,"private":0,"password":""}