{"id":"gen9nationaldexubers-1980919050","p1":"krookodilemoxie","p2":"Alvithesenior","format":"[Gen 9] National Dex Ubers","log":"|j|\u2606krookodilemoxie\n|j|\u2606Alvithesenior\n|t:|1698848959\n|gametype|singles\n|player|p1|krookodilemoxie|byron|1156\n|player|p2|Alvithesenior|cynthia-gen4|1037\n|teamsize|p1|6\n|teamsize|p2|6\n|gen|9\n|tier|[Gen 9] National Dex Ubers\n|rated|\n|rule|HP Percentage Mod: HP is shown in percentages\n|rule|Endless Battle Clause: Forcing endless battles is banned\n|rule|OHKO Clause: OHKO moves are banned\n|rule|Evasion Moves Clause: Evasion moves are banned\n|rule|Evasion Items Clause: Evasion items are banned\n|rule|Species Clause: Limit one of each Pok\u00e9mon\n|rule|Sleep Clause Mod: Limit one foe put to sleep\n|rule|Mega Rayquaza Clause: You cannot mega evolve Rayquaza\n|clearpoke\n|poke|p1|Blaziken, M|\n|poke|p1|Espathra, F|\n|poke|p1|Sharpedo, M|\n|poke|p1|Ninjask, F|\n|poke|p1|Yanmega, F|\n|poke|p1|Scolipede, M|\n|poke|p2|Breloom, M|\n|poke|p2|Gliscor, M|\n|poke|p2|Marshadow|\n|poke|p2|Forretress, M|\n|poke|p2|Mawile, F|\n|poke|p2|Dragonite, M|\n|teampreview\n|inactive|Battle timer is ON: inactive players will automatically lose when time's up. (requested by krookodilemoxie)\n|\n|t:|1698848966\n|start\n|switch|p1a: Sharpedo|Sharpedo, M|100\/100\n|switch|p2a: Forretress|Forretress, M, shiny|100\/100\n|turn|1\n|\n|t:|1698848969\n|move|p1a: Sharpedo|Taunt|p2a: Forretress\n|-start|p2a: Forretress|move: Taunt\n|cant|p2a: Forretress|move: Taunt|Stealth Rock\n|\n|-ability|p1a: Sharpedo|Speed Boost|boost\n|-boost|p1a: Sharpedo|spe|1\n|upkeep\n|turn|2\n|\n|t:|1698848973\n|move|p1a: Sharpedo|Waterfall|p2a: Forretress\n|-damage|p2a: Forretress|80\/100\n|move|p2a: Forretress|Volt Switch|p1a: Sharpedo\n|-supereffective|p1a: Sharpedo\n|-damage|p1a: Sharpedo|46\/100\n|\n|t:|1698848981\n|switch|p2a: Marshadow|Marshadow|100\/100|[from] Volt Switch\n|\n|-ability|p1a: Sharpedo|Speed Boost|boost\n|-boost|p1a: Sharpedo|spe|1\n|upkeep\n|turn|3\n|\n|t:|1698848986\n|move|p1a: Sharpedo|Destiny Bond|p1a: Sharpedo\n|-singlemove|p1a: Sharpedo|Destiny Bond\n|move|p2a: Marshadow|Spectral Thief||[still]\n|-clearpositiveboost|p1a: Sharpedo|p2a: Marshadow|move: Spectral Thief\n|-boost|p2a: Marshadow|spe|2\n|-anim|p2a: Marshadow|Spectral Thief|p1a: Sharpedo\n|-resisted|p1a: Sharpedo\n|-crit|p1a: Sharpedo\n|-damage|p1a: Sharpedo|0 fnt\n|faint|p1a: Sharpedo\n|-activate|p1a: Sharpedo|move: Destiny Bond\n|faint|p2a: Marshadow\n|\n|upkeep\n|\n|t:|1698848993\n|switch|p2a: Forretress|Forretress, M, shiny|80\/100\n|switch|p1a: Yanmega|Yanmega, F|100\/100\n|turn|4\n|\n|t:|1698848997\n|move|p1a: Yanmega|Air Slash|p2a: Forretress\n|-damage|p2a: Forretress|26\/100\n|move|p2a: Forretress|Stealth Rock|p1a: Yanmega\n|-sidestart|p1: krookodilemoxie|move: Stealth Rock\n|\n|-heal|p2a: Forretress|32\/100|[from] item: Leftovers\n|-ability|p1a: Yanmega|Speed Boost|boost\n|-boost|p1a: Yanmega|spe|1\n|upkeep\n|turn|5\n|\n|t:|1698849005\n|move|p1a: Yanmega|Air Slash|p2a: Forretress\n|-damage|p2a: Forretress|0 fnt\n|faint|p2a: Forretress\n|\n|-ability|p1a: Yanmega|Speed Boost|boost\n|-boost|p1a: Yanmega|spe|1\n|upkeep\n|\n|t:|1698849009\n|switch|p2a: Breloom|Breloom, M, shiny|100\/100\n|turn|6\n|\n|t:|1698849013\n|move|p1a: Yanmega|Air Slash|p2a: Breloom\n|-supereffective|p2a: Breloom\n|-damage|p2a: Breloom|0 fnt\n|faint|p2a: Breloom\n|\n|-ability|p1a: Yanmega|Speed Boost|boost\n|-boost|p1a: Yanmega|spe|1\n|upkeep\n|\n|t:|1698849019\n|switch|p2a: Dragonite|Dragonite, M|100\/100\n|turn|7\n|\n|t:|1698849025\n|move|p1a: Yanmega|Ancient Power|p2a: Dragonite\n|-supereffective|p2a: Dragonite\n|-damage|p2a: Dragonite|80\/100\n|-enditem|p2a: Dragonite|Weakness Policy\n|-boost|p2a: Dragonite|atk|2|[from] item: Weakness Policy\n|-boost|p2a: Dragonite|spa|2|[from] item: Weakness Policy\n|move|p2a: Dragonite|Dragon Dance|p2a: Dragonite\n|-boost|p2a: Dragonite|atk|1\n|-boost|p2a: Dragonite|spe|1\n|\n|-ability|p1a: Yanmega|Speed Boost|boost\n|-boost|p1a: Yanmega|spe|1\n|upkeep\n|turn|8\n|\n|t:|1698849033\n|-terastallize|p1a: Yanmega|Rock\n|move|p2a: Dragonite|Extreme Speed|p1a: Yanmega\n|-resisted|p1a: Yanmega\n|-damage|p1a: Yanmega|51\/100\n|move|p1a: Yanmega|Ancient Power|p2a: Dragonite\n|-supereffective|p2a: Dragonite\n|-damage|p2a: Dragonite|7\/100\n|\n|-ability|p1a: Yanmega|Speed Boost|boost\n|-boost|p1a: Yanmega|spe|1\n|upkeep\n|turn|9\n|\n|t:|1698849038\n|move|p2a: Dragonite|Extreme Speed|p1a: Yanmega\n|-resisted|p1a: Yanmega\n|-damage|p1a: Yanmega|6\/100\n|move|p1a: Yanmega|Ancient Power|p2a: Dragonite\n|-supereffective|p2a: Dragonite\n|-damage|p2a: Dragonite|0 fnt\n|-boost|p1a: Yanmega|atk|1\n|-boost|p1a: Yanmega|def|1\n|-boost|p1a: Yanmega|spa|1\n|-boost|p1a: Yanmega|spd|1\n|-boost|p1a: Yanmega|spe|1\n|faint|p2a: Dragonite\n|\n|upkeep\n|\n|t:|1698849041\n|switch|p2a: Gliscor|Gliscor, M, shiny|100\/100\n|turn|10\n|\n|t:|1698849045\n|move|p1a: Yanmega|Ancient Power|p2a: Gliscor\n|-damage|p2a: Gliscor|43\/100\n|move|p2a: Gliscor|Facade|p1a: Yanmega\n|-resisted|p1a: Yanmega\n|-damage|p1a: Yanmega|0 fnt\n|faint|p1a: Yanmega\n|\n|-status|p2a: Gliscor|tox|[from] item: Toxic Orb\n|upkeep\n|\n|t:|1698849057\n|switch|p1a: Espathra|Espathra, F|100\/100\n|-damage|p1a: Espathra|88\/100|[from] Stealth Rock\n|turn|11\n|\n|t:|1698849062\n|move|p1a: Espathra|Calm Mind|p1a: Espathra\n|-boost|p1a: Espathra|spa|1\n|-boost|p1a: Espathra|spd|1\n|move|p2a: Gliscor|Roost|p2a: Gliscor\n|-heal|p2a: Gliscor|93\/100 tox\n|-singleturn|p2a: Gliscor|move: Roost\n|\n|-heal|p2a: Gliscor|100\/100 tox|[from] ability: Poison Heal\n|-ability|p1a: Espathra|Speed Boost|boost\n|-boost|p1a: Espathra|spe|1\n|upkeep\n|turn|12\n|\n|t:|1698849067\n|move|p1a: Espathra|Stored Power|p2a: Gliscor\n|-damage|p2a: Gliscor|48\/100 tox\n|move|p2a: Gliscor|Facade|p1a: Espathra\n|-damage|p1a: Espathra|52\/100\n|\n|-heal|p2a: Gliscor|60\/100 tox|[from] ability: Poison Heal\n|-ability|p1a: Espathra|Speed Boost|boost\n|-boost|p1a: Espathra|spe|1\n|upkeep\n|turn|13\n|\n|t:|1698849073\n|move|p1a: Espathra|Stored Power|p2a: Gliscor\n|-damage|p2a: Gliscor|0 fnt\n|faint|p2a: Gliscor\n|\n|-ability|p1a: Espathra|Speed Boost|boost\n|-boost|p1a: Espathra|spe|1\n|upkeep\n|\n|t:|1698849076\n|switch|p2a: Mawile|Mawile, F, shiny|100\/100\n|-ability|p2a: Mawile|Intimidate|boost\n|-unboost|p1a: Espathra|atk|1\n|turn|14\n|\n|t:|1698849080\n|detailschange|p2a: Mawile|Mawile-Mega, F, shiny\n|-mega|p2a: Mawile|Mawile|Mawilite\n|move|p2a: Mawile|Sucker Punch|p1a: Espathra\n|-supereffective|p1a: Espathra\n|-damage|p1a: Espathra|0 fnt\n|faint|p1a: Espathra\n|\n|upkeep\n|\n|t:|1698849085\n|switch|p1a: Blaziken|Blaziken, M|100\/100\n|-damage|p1a: Blaziken|88\/100|[from] Stealth Rock\n|turn|15\n|\n|t:|1698849089\n|detailschange|p1a: Blaziken|Blaziken-Mega, M\n|-mega|p1a: Blaziken|Blaziken|Blazikenite\n|move|p1a: Blaziken|Fire Punch|p2a: Mawile\n|-supereffective|p2a: Mawile\n|-damage|p2a: Mawile|14\/100\n|move|p2a: Mawile|Iron Head|p1a: Blaziken\n|-resisted|p1a: Blaziken\n|-damage|p1a: Blaziken|30\/100\n|\n|-ability|p1a: Blaziken|Speed Boost|boost\n|-boost|p1a: Blaziken|spe|1\n|upkeep\n|turn|16\n|\n|t:|1698849095\n|move|p2a: Mawile|Sucker Punch|p1a: Blaziken\n|-resisted|p1a: Blaziken\n|-damage|p1a: Blaziken|0 fnt\n|faint|p1a: Blaziken\n|\n|upkeep\n|\n|t:|1698849103\n|switch|p1a: Ninjask|Ninjask, F|100\/100\n|-damage|p1a: Ninjask|51\/100|[from] Stealth Rock\n|turn|17\n|\n|t:|1698849108\n|move|p2a: Mawile|Sucker Punch||[still]\n|-fail|p2a: Mawile\n|move|p1a: Ninjask|Swagger|p2a: Mawile|[miss]\n|-miss|p1a: Ninjask|p2a: Mawile\n|\n|-ability|p1a: Ninjask|Speed Boost|boost\n|-boost|p1a: Ninjask|spe|1\n|upkeep\n|turn|18\n|\n|t:|1698849112\n|move|p2a: Mawile|Sucker Punch||[still]\n|-fail|p2a: Mawile\n|move|p1a: Ninjask|Swagger|p2a: Mawile\n|-boost|p2a: Mawile|atk|2\n|-start|p2a: Mawile|confusion\n|\n|-ability|p1a: Ninjask|Speed Boost|boost\n|-boost|p1a: Ninjask|spe|1\n|upkeep\n|turn|19\n|\n|t:|1698849119\n|-activate|p2a: Mawile|confusion\n|move|p2a: Mawile|Sucker Punch|p1a: Ninjask\n|-damage|p1a: Ninjask|0 fnt\n|faint|p1a: Ninjask\n|\n|upkeep\n|\n|t:|1698849121\n|switch|p1a: Scolipede|Scolipede, M|100\/100\n|-damage|p1a: Scolipede|75\/100|[from] Stealth Rock\n|turn|20\n|\n|t:|1698849123\n|-activate|p2a: Mawile|confusion\n|move|p2a: Mawile|Sucker Punch|p1a: Scolipede\n|-damage|p1a: Scolipede|0 fnt\n|faint|p1a: Scolipede\n|\n|win|Alvithesenior\n|raw|krookodilemoxie's rating: 1156 &rarr; <strong>1123<\/strong><br \/>(-33 for losing)\n|raw|Alvithesenior's rating: 1037 &rarr; <strong>1083<\/strong><br \/>(+46 for winning)\n|c|\u2606krookodilemoxie|fk u\n|c|\u2606krookodilemoxie|luckuy diot\n|l|\u2606krookodilemoxie\n","uploadtime":1698849133,"views":13,"p1id":"krookodilemoxie","p2id":"alvithesenior","formatid":"gen9nationaldexubers","rating":1083,"private":0,"password":""}