{"id":"gen9nationaldexubers-1980313357","p1":"AztroNation","p2":"NiktZKsiezyca","format":"[Gen 9] National Dex Ubers","log":"|j|\u2606AztroNation\n|j|\u2606NiktZKsiezyca\n|t:|1698774536\n|gametype|singles\n|player|p1|AztroNation|red|1165\n|player|p2|NiktZKsiezyca|acetrainer-gen4|1057\n|teamsize|p1|6\n|teamsize|p2|6\n|gen|9\n|tier|[Gen 9] National Dex Ubers\n|rated|\n|rule|HP Percentage Mod: HP is shown in percentages\n|rule|Endless Battle Clause: Forcing endless battles is banned\n|rule|OHKO Clause: OHKO moves are banned\n|rule|Evasion Moves Clause: Evasion moves are banned\n|rule|Evasion Items Clause: Evasion items are banned\n|rule|Species Clause: Limit one of each Pok\u00e9mon\n|rule|Sleep Clause Mod: Limit one foe put to sleep\n|rule|Mega Rayquaza Clause: You cannot mega evolve Rayquaza\n|clearpoke\n|poke|p1|Pelipper, M|\n|poke|p1|Azumarill, M|\n|poke|p1|Kingdra, M|\n|poke|p1|Ludicolo, M|\n|poke|p1|Kyogre|\n|poke|p1|Swampert, M|\n|poke|p2|Dusknoir, M|\n|poke|p2|Charizard, F|\n|poke|p2|Zoroark, M|\n|poke|p2|Tyranitar, M|\n|poke|p2|Mewtwo|\n|poke|p2|Lucario, M|\n|teampreview\n|\n|t:|1698774541\n|start\n|switch|p1a: Pelipper|Pelipper, M, shiny|100\/100\n|switch|p2a: Dusknoir|Dusknoir, M|100\/100\n|-item|p1a: Pelipper|Damp Rock|[from] ability: Frisk|[of] p2a: Dusknoir|[identify]\n|-weather|RainDance|[from] ability: Drizzle|[of] p1a: Pelipper\n|turn|1\n|\n|t:|1698774556\n|switch|p1a: Kingdra|Kingdra, M, shiny|100\/100\n|move|p2a: Dusknoir|Trick|p1a: Kingdra\n|-activate|p2a: Dusknoir|move: Trick|[of] p1a: Kingdra\n|-item|p1a: Kingdra|Flame Orb|[from] move: Trick\n|-item|p2a: Dusknoir|Choice Specs|[from] move: Trick\n|\n|-weather|RainDance|[upkeep]\n|-status|p1a: Kingdra|brn|[from] item: Flame Orb\n|upkeep\n|turn|2\n|\n|t:|1698774568\n|move|p1a: Kingdra|Surf|p2a: Dusknoir\n|-damage|p2a: Dusknoir|25\/100\n|move|p2a: Dusknoir|Poltergeist|p1a: Kingdra\n|-activate|p1a: Kingdra|move: Poltergeist|Flame Orb\n|-damage|p1a: Kingdra|37\/100 brn\n|\n|-weather|RainDance|[upkeep]\n|-damage|p1a: Kingdra|31\/100 brn|[from] brn\n|upkeep\n|turn|3\n|\n|t:|1698774578\n|move|p1a: Kingdra|Surf|p2a: Dusknoir\n|-damage|p2a: Dusknoir|0 fnt\n|faint|p2a: Dusknoir\n|\n|-weather|RainDance|[upkeep]\n|-damage|p1a: Kingdra|24\/100 brn|[from] brn\n|upkeep\n|\n|t:|1698774590\n|switch|p2a: Charizard|Charizard, F|100\/100\n|turn|4\n|\n|t:|1698774594\n|detailschange|p2a: Charizard|Charizard-Mega-X, F\n|-mega|p2a: Charizard|Charizard|Charizardite X\n|move|p1a: Kingdra|Hydro Pump|p2a: Charizard\n|-damage|p2a: Charizard|3\/100\n|move|p2a: Charizard|Dragon Pulse|p1a: Kingdra\n|-supereffective|p1a: Kingdra\n|-damage|p1a: Kingdra|0 fnt\n|faint|p1a: Kingdra\n|\n|-weather|RainDance|[upkeep]\n|upkeep\n|\n|t:|1698774605\n|switch|p1a: Swampert|Swampert, M|100\/100\n|turn|5\n|\n|t:|1698774609\n|detailschange|p1a: Swampert|Swampert-Mega, M\n|-mega|p1a: Swampert|Swampert|Swampertite\n|move|p1a: Swampert|Power-Up Punch|p2a: Charizard\n|-damage|p2a: Charizard|0 fnt\n|-boost|p1a: Swampert|atk|1\n|faint|p2a: Charizard\n|\n|-weather|RainDance|[upkeep]\n|upkeep\n|\n|t:|1698774621\n|switch|p2a: Lucario|Lucario, M|100\/100\n|turn|6\n|\n|t:|1698774626\n|move|p1a: Swampert|Earthquake|p2a: Lucario\n|-enditem|p2a: Lucario|Focus Sash\n|-damage|p2a: Lucario|1\/100\n|replace|p2a: Zoroark|Zoroark, M\n|-end|p2a: Zoroark|Illusion\n|move|p2a: Zoroark|Nasty Plot|p2a: Zoroark\n|-boost|p2a: Zoroark|spa|2\n|\n|-weather|RainDance|[upkeep]\n|upkeep\n|turn|7\n|\n|t:|1698774636\n|move|p1a: Swampert|Power-Up Punch|p2a: Zoroark\n|-supereffective|p2a: Zoroark\n|-crit|p2a: Zoroark\n|-damage|p2a: Zoroark|0 fnt\n|-boost|p1a: Swampert|atk|1\n|faint|p2a: Zoroark\n|\n|-weather|RainDance|[upkeep]\n|upkeep\n|\n|t:|1698774642\n|switch|p2a: Lucario|Lucario, M|100\/100\n|turn|8\n|\n|t:|1698774648\n|-terastallize|p2a: Lucario|Flying\n|move|p1a: Swampert|Earthquake|p2a: Lucario\n|-immune|p2a: Lucario\n|move|p2a: Lucario|Aura Sphere|p1a: Swampert\n|-damage|p1a: Swampert|62\/100\n|\n|-weather|none\n|upkeep\n|turn|9\n|\n|t:|1698774659\n|switch|p1a: Pelipper|Pelipper, M, shiny|100\/100\n|-weather|RainDance|[from] ability: Drizzle|[of] p1a: Pelipper\n|move|p2a: Lucario|Aura Sphere|p1a: Pelipper\n|-resisted|p1a: Pelipper\n|-damage|p1a: Pelipper|82\/100\n|\n|-weather|RainDance|[upkeep]\n|upkeep\n|turn|10\n|-message|NiktZKsiezyca forfeited.\n|\n|win|AztroNation\n|raw|AztroNation's rating: 1165 &rarr; <strong>1182<\/strong><br \/>(+17 for winning)\n|raw|NiktZKsiezyca's rating: 1057 &rarr; <strong>1044<\/strong><br \/>(-13 for losing)\n|l|\u2606NiktZKsiezyca\n","uploadtime":1698774675,"views":14,"p1id":"aztronation","p2id":"niktzksiezyca","formatid":"gen9nationaldexubers","rating":1044,"private":0,"password":""}