{"id":"gen9nationaldexubers-1992808702","p1":"Zake202012","p2":"GeorgiaEternatuss","format":"[Gen 9] National Dex Ubers","log":"|j|\u2606Zake202012\n|j|\u2606GeorgiaEternatuss\n|t:|1700237289\n|gametype|singles\n|player|p1|Zake202012|chili|1216\n|player|p2|GeorgiaEternatuss|steven|1286\n|teamsize|p1|6\n|teamsize|p2|6\n|gen|9\n|tier|[Gen 9] National Dex Ubers\n|rated|\n|rule|HP Percentage Mod: HP is shown in percentages\n|rule|Endless Battle Clause: Forcing endless battles is banned\n|rule|OHKO Clause: OHKO moves are banned\n|rule|Evasion Moves Clause: Evasion moves are banned\n|rule|Evasion Items Clause: Evasion items are banned\n|rule|Species Clause: Limit one of each Pok\u00e9mon\n|rule|Sleep Clause Mod: Limit one foe put to sleep\n|rule|Mega Rayquaza Clause: You cannot mega evolve Rayquaza\n|clearpoke\n|poke|p1|Polteageist|\n|poke|p1|Charizard, M|\n|poke|p1|Volcarona, F|\n|poke|p1|Volbeat, M|\n|poke|p1|Scizor, F|\n|poke|p1|Zangoose, F|\n|poke|p2|Xerneas-*|\n|poke|p2|Zapdos|\n|poke|p2|Umbreon, M|\n|poke|p2|Marshadow|\n|poke|p2|Diancie|\n|poke|p2|Celesteela|\n|teampreview\n|inactive|Battle timer is ON: inactive players will automatically lose when time's up. (requested by Zake202012)\n|\n|t:|1700237299\n|start\n|switch|p1a: Charizard|Charizard, M|100\/100\n|switch|p2a: Diancie|Diancie|100\/100\n|turn|1\n|\n|t:|1700237307\n|switch|p1a: Scizor|Scizor, F|100\/100\n|detailschange|p2a: Diancie|Diancie-Mega\n|-mega|p2a: Diancie|Diancie|Diancite\n|move|p2a: Diancie|Diamond Storm|p1a: Scizor\n|-damage|p1a: Scizor|55\/100\n|\n|upkeep\n|turn|2\n|\n|t:|1700237316\n|switch|p2a: Zapdos|Zapdos|100\/100\n|detailschange|p1a: Scizor|Scizor-Mega, F\n|-mega|p1a: Scizor|Scizor|Scizorite\n|move|p1a: Scizor|Swords Dance|p1a: Scizor\n|-boost|p1a: Scizor|atk|2\n|\n|upkeep\n|turn|3\n|\n|t:|1700237329\n|move|p1a: Scizor|Swords Dance|p1a: Scizor\n|-boost|p1a: Scizor|atk|2\n|move|p2a: Zapdos|Whirlwind|p1a: Scizor\n|drag|p1a: Volbeat|Volbeat, M|100\/100\n|\n|upkeep\n|turn|4\n|\n|t:|1700237337\n|move|p1a: Volbeat|Taunt|p2a: Zapdos\n|-start|p2a: Zapdos|move: Taunt\n|move|p2a: Zapdos|Volt Switch|p1a: Volbeat\n|-damage|p1a: Volbeat|70\/100\n|\n|t:|1700237343\n|switch|p2a: Diancie|Diancie-Mega|100\/100|[from] Volt Switch\n|\n|-heal|p1a: Volbeat|76\/100|[from] item: Leftovers\n|upkeep\n|turn|5\n|\n|t:|1700237355\n|switch|p1a: Scizor|Scizor-Mega, F|55\/100\n|move|p2a: Diancie|Diamond Storm|p1a: Scizor\n|-damage|p1a: Scizor|12\/100\n|\n|upkeep\n|turn|6\n|\n|t:|1700237361\n|switch|p2a: Zapdos|Zapdos|100\/100\n|move|p1a: Scizor|Bullet Punch|p2a: Zapdos\n|-resisted|p2a: Zapdos\n|-damage|p2a: Zapdos|86\/100\n|-damage|p1a: Scizor|0 fnt|[from] item: Rocky Helmet|[of] p2a: Zapdos\n|faint|p1a: Scizor\n|\n|upkeep\n|\n|t:|1700237367\n|switch|p1a: Charizard|Charizard, M|100\/100\n|turn|7\n|\n|t:|1700237375\n|move|p1a: Charizard|Belly Drum|p1a: Charizard\n|-damage|p1a: Charizard|51\/100\n|-setboost|p1a: Charizard|atk|6|[from] move: Belly Drum\n|move|p2a: Zapdos|Volt Switch|p1a: Charizard\n|-supereffective|p1a: Charizard\n|-damage|p1a: Charizard|0 fnt\n|faint|p1a: Charizard\n|\n|t:|1700237394\n|switch|p2a: Celesteela|Celesteela|100\/100|[from] Volt Switch\n|\n|upkeep\n|\n|t:|1700237404\n|switch|p1a: Polteageist|Polteageist|100\/100\n|turn|8\n|\n|t:|1700237411\n|move|p1a: Polteageist|Shell Smash|p1a: Polteageist\n|-unboost|p1a: Polteageist|def|1\n|-unboost|p1a: Polteageist|spd|1\n|-boost|p1a: Polteageist|atk|2\n|-boost|p1a: Polteageist|spa|2\n|-boost|p1a: Polteageist|spe|2\n|move|p2a: Celesteela|Flash Cannon|p1a: Polteageist\n|-damage|p1a: Polteageist|27\/100\n|-unboost|p1a: Polteageist|spd|1\n|\n|upkeep\n|turn|9\n|\n|t:|1700237422\n|move|p1a: Polteageist|Shadow Ball|p2a: Celesteela\n|-damage|p2a: Celesteela|1\/100\n|move|p2a: Celesteela|Flash Cannon|p1a: Polteageist\n|-crit|p1a: Polteageist\n|-damage|p1a: Polteageist|0 fnt\n|faint|p1a: Polteageist\n|-ability|p2a: Celesteela|Beast Boost|boost\n|-boost|p2a: Celesteela|spa|1\n|\n|-heal|p2a: Celesteela|7\/100|[from] item: Leftovers\n|upkeep\n|\n|t:|1700237431\n|switch|p1a: Volcarona|Volcarona, F|100\/100\n|turn|10\n|\n|t:|1700237440\n|move|p1a: Volcarona|Fiery Dance|p2a: Celesteela\n|-supereffective|p2a: Celesteela\n|-damage|p2a: Celesteela|0 fnt\n|faint|p2a: Celesteela\n|\n|upkeep\n|\n|t:|1700237448\n|switch|p2a: Diancie|Diancie-Mega|100\/100\n|turn|11\n|\n|t:|1700237454\n|-terastallize|p1a: Volcarona|Grass\n|move|p2a: Diancie|Diamond Storm|p1a: Volcarona\n|-damage|p1a: Volcarona|18\/100\n|move|p1a: Volcarona|Quiver Dance|p1a: Volcarona\n|-boost|p1a: Volcarona|spa|1\n|-boost|p1a: Volcarona|spd|1\n|-boost|p1a: Volcarona|spe|1\n|\n|upkeep\n|turn|12\n|\n|t:|1700237464\n|move|p1a: Volcarona|Giga Drain|p2a: Diancie\n|-supereffective|p2a: Diancie\n|-damage|p2a: Diancie|0 fnt\n|-heal|p1a: Volcarona|57\/100|[from] drain|[of] p2a: Diancie\n|faint|p2a: Diancie\n|\n|upkeep\n|\n|t:|1700237479\n|switch|p2a: Marshadow|Marshadow|100\/100\n|turn|13\n|\n|t:|1700237487\n|move|p1a: Volcarona|Giga Drain|p2a: Marshadow\n|-damage|p2a: Marshadow|29\/100\n|-heal|p1a: Volcarona|94\/100|[from] drain|[of] p2a: Marshadow\n|move|p2a: Marshadow|Spectral Thief||[still]\n|-clearpositiveboost|p1a: Volcarona|p2a: Marshadow|move: Spectral Thief\n|-boost|p2a: Marshadow|spa|1\n|-boost|p2a: Marshadow|spd|1\n|-boost|p2a: Marshadow|spe|1\n|-anim|p2a: Marshadow|Spectral Thief|p1a: Volcarona\n|-damage|p1a: Volcarona|20\/100\n|\n|upkeep\n|turn|14\n|\n|t:|1700237507\n|move|p2a: Marshadow|Drain Punch|p1a: Volcarona\n|-damage|p1a: Volcarona|0 fnt\n|-heal|p2a: Marshadow|38\/100|[from] drain|[of] p1a: Volcarona\n|faint|p1a: Volcarona\n|\n|upkeep\n|\n|t:|1700237514\n|switch|p1a: Volbeat|Volbeat, M|76\/100\n|turn|15\n|\n|t:|1700237524\n|move|p1a: Volbeat|Thunder Wave|p2a: Marshadow|[miss]\n|-miss|p1a: Volbeat|p2a: Marshadow\n|move|p2a: Marshadow|Endeavor|p1a: Volbeat\n|-damage|p1a: Volbeat|45\/100\n|\n|-heal|p1a: Volbeat|51\/100|[from] item: Leftovers\n|upkeep\n|turn|16\n|\n|t:|1700237534\n|move|p2a: Marshadow|Spectral Thief|p1a: Volbeat\n|-damage|p1a: Volbeat|0 fnt\n|faint|p1a: Volbeat\n|\n|upkeep\n|\n|t:|1700237538\n|switch|p1a: Zangoose|Zangoose, F, shiny|100\/100\n|turn|17\n|\n|t:|1700237544\n|move|p2a: Marshadow|Drain Punch|p1a: Zangoose\n|-supereffective|p1a: Zangoose\n|-damage|p1a: Zangoose|0 fnt\n|-heal|p2a: Marshadow|83\/100|[from] drain|[of] p1a: Zangoose\n|faint|p1a: Zangoose\n|\n|win|GeorgiaEternatuss\n|raw|Zake202012's rating: 1216 &rarr; <strong>1196<\/strong><br \/>(-20 for losing)\n|raw|GeorgiaEternatuss's rating: 1286 &rarr; <strong>1306<\/strong><br \/>(+20 for winning)\n|l|\u2606Zake202012\n","uploadtime":1700237553,"views":18,"p1id":"zake202012","p2id":"georgiaeternatuss","formatid":"gen9nationaldexubers","rating":1196,"private":0,"password":""}