{"id":"gen9nationaldexubers-1983597918","p1":"thewerehog88","p2":"DarthBowser151","format":"[Gen 9] National Dex Ubers","log":"|j|\u2606thewerehog88\n|j|\u2606DarthBowser151\n|t:|1699147708\n|gametype|singles\n|player|p1|thewerehog88|ryuki|\n|player|p2|DarthBowser151|kukui|\n|teamsize|p1|6\n|teamsize|p2|6\n|gen|9\n|tier|[Gen 9] National Dex Ubers\n|rule|HP Percentage Mod: HP is shown in percentages\n|rule|Endless Battle Clause: Forcing endless battles is banned\n|rule|OHKO Clause: OHKO moves are banned\n|rule|Evasion Moves Clause: Evasion moves are banned\n|rule|Evasion Items Clause: Evasion items are banned\n|rule|Species Clause: Limit one of each Pok\u00e9mon\n|rule|Sleep Clause Mod: Limit one foe put to sleep\n|rule|Mega Rayquaza Clause: You cannot mega evolve Rayquaza\n|clearpoke\n|poke|p1|Lycanroc-Dusk, M|\n|poke|p1|Scizor, M|\n|poke|p1|Latias, F|\n|poke|p1|Breloom, M|\n|poke|p1|Quagsire, F|\n|poke|p1|Rotom-Heat|\n|poke|p2|Chandelure, M|\n|poke|p2|Cryogonal|\n|poke|p2|Crawdaunt, F|\n|poke|p2|Clodsire, M|\n|poke|p2|Skarmory, F|\n|poke|p2|Breloom, M|\n|teampreview\n|j| HarmTurtle\n|j| Completeanimefan\n|c| Completeanimefan|Round Two: FIGHT!\n|inactive|Battle timer is ON: inactive players will automatically lose when time's up. (requested by thewerehog88)\n|\n|t:|1699147745\n|start\n|switch|p1a: Seattle 7|Lycanroc-Dusk, M|100\/100\n|switch|p2a: the boi|Clodsire, M|100\/100\n|turn|1\n|\n|t:|1699147757\n|move|p1a: Seattle 7|Psychic Fangs|p2a: the boi\n|-supereffective|p2a: the boi\n|-damage|p2a: the boi|18\/100\n|move|p2a: the boi|Toxic|p1a: Seattle 7\n|-status|p1a: Seattle 7|tox\n|\n|-heal|p2a: the boi|24\/100|[from] item: Leftovers\n|-damage|p1a: Seattle 7|94\/100 tox|[from] psn\n|upkeep\n|turn|2\n|\n|t:|1699147776\n|switch|p2a: Clawgrip|Crawdaunt, F|100\/100\n|move|p1a: Seattle 7|Psychic Fangs|p2a: Clawgrip\n|-immune|p2a: Clawgrip\n|\n|-damage|p1a: Seattle 7|82\/100 tox|[from] psn\n|upkeep\n|turn|3\n|\n|t:|1699147792\n|switch|p1a: Seattle 8|Scizor, M|100\/100\n|move|p2a: Clawgrip|Aqua Jet|p1a: Seattle 8\n|-damage|p1a: Seattle 8|60\/100\n|-damage|p2a: Clawgrip|90\/100|[from] item: Life Orb\n|\n|upkeep\n|turn|4\n|inactive|DarthBowser151 has 270 seconds left.\n|\n|t:|1699147831\n|move|p1a: Seattle 8|U-turn|p2a: Clawgrip\n|-supereffective|p2a: Clawgrip\n|-damage|p2a: Clawgrip|0 fnt\n|faint|p2a: Clawgrip\n|-damage|p1a: Seattle 8|50\/100|[from] item: Life Orb\n|\n|t:|1699147837\n|switch|p1a: Seattle 7|Lycanroc-Dusk, M|82\/100 tox|[from] U-turn\n|\n|-damage|p1a: Seattle 7|76\/100 tox|[from] psn\n|upkeep\n|inactive|DarthBowser151 has 240 seconds left.\n|\n|t:|1699147866\n|switch|p2a: Fun Guy|Breloom, M|100\/100\n|turn|5\n|inactive|DarthBowser151 has 240 seconds left.\n|\n|t:|1699147896\n|switch|p2a: The Epoch|Skarmory, F|100\/100\n|move|p1a: Seattle 7|Psychic Fangs|p2a: The Epoch\n|-resisted|p2a: The Epoch\n|-damage|p2a: The Epoch|89\/100\n|-damage|p1a: Seattle 7|59\/100 tox|[from] item: Rocky Helmet|[of] p2a: The Epoch\n|\n|-damage|p1a: Seattle 7|47\/100 tox|[from] psn\n|upkeep\n|turn|6\n|inactive|DarthBowser151 has 240 seconds left.\n|\n|t:|1699147907\n|move|p1a: Seattle 7|Stone Edge|p2a: The Epoch\n|-damage|p2a: The Epoch|63\/100\n|move|p2a: The Epoch|Spikes|p1a: Seattle 7\n|-sidestart|p1: thewerehog88|Spikes\n|\n|-damage|p1a: Seattle 7|28\/100 tox|[from] psn\n|upkeep\n|turn|7\n|inactive|DarthBowser151 has 240 seconds left.\n|\n|t:|1699147915\n|move|p1a: Seattle 7|Stone Edge|p2a: The Epoch\n|-crit|p2a: The Epoch\n|-damage|p2a: The Epoch|21\/100\n|move|p2a: The Epoch|Roost|p2a: The Epoch\n|-heal|p2a: The Epoch|71\/100\n|-singleturn|p2a: The Epoch|move: Roost\n|\n|-damage|p1a: Seattle 7|4\/100 tox|[from] psn\n|upkeep\n|turn|8\n|inactive|DarthBowser151 has 240 seconds left.\n|\n|t:|1699147926\n|move|p1a: Seattle 7|Stone Edge|p2a: The Epoch|[miss]\n|-miss|p1a: Seattle 7|p2a: The Epoch\n|move|p2a: The Epoch|Roost|p2a: The Epoch\n|-heal|p2a: The Epoch|100\/100\n|-singleturn|p2a: The Epoch|move: Roost\n|\n|-damage|p1a: Seattle 7|0 fnt|[from] psn\n|faint|p1a: Seattle 7\n|upkeep\n|\n|t:|1699147929\n|switch|p1a: Rotom-Seattle|Rotom-Heat|100\/100\n|turn|9\n|inactive|DarthBowser151 has 240 seconds left.\n|\n|t:|1699147946\n|switch|p2a: the boi|Clodsire, M|24\/100\n|move|p1a: Rotom-Seattle|Overheat|p2a: the boi\n|-damage|p2a: the boi|0 fnt\n|-unboost|p1a: Rotom-Seattle|spa|2\n|faint|p2a: the boi\n|\n|upkeep\n|inactive|DarthBowser151 has 240 seconds left.\n|inactive|DarthBowser151 has 210 seconds left.\n|\n|t:|1699147982\n|switch|p2a: Good in Pokken?|Chandelure, M|100\/100\n|turn|10\n|inactive|DarthBowser151 has 210 seconds left.\n|\n|t:|1699148003\n|move|p2a: Good in Pokken?|Shadow Ball|p1a: Rotom-Seattle\n|-damage|p1a: Rotom-Seattle|55\/100\n|move|p1a: Rotom-Seattle|Volt Switch|p2a: Good in Pokken?\n|-damage|p2a: Good in Pokken?|78\/100\n|inactive|thewerehog88 has 270 seconds left.\n|\n|t:|1699148048\n|switch|p1a: Seattle 11|Quagsire, F|100\/100|[from] Volt Switch\n|-damage|p1a: Seattle 11|88\/100|[from] Spikes\n|\n|-heal|p1a: Seattle 11|94\/100|[from] item: Leftovers\n|upkeep\n|turn|11\n|inactive|DarthBowser151 has 210 seconds left.\n|\n|t:|1699148057\n|move|p2a: Good in Pokken?|Energy Ball|p1a: Seattle 11\n|-supereffective|p1a: Seattle 11\n|-damage|p1a: Seattle 11|0 fnt\n|faint|p1a: Seattle 11\n|\n|upkeep\n|inactive|thewerehog88 has 240 seconds left.\n|\n|t:|1699148090\n|switch|p1a: Rotom-Seattle|Rotom-Heat|55\/100\n|turn|12\n|\n|t:|1699148097\n|move|p2a: Good in Pokken?|Shadow Ball|p1a: Rotom-Seattle\n|-damage|p1a: Rotom-Seattle|6\/100\n|move|p1a: Rotom-Seattle|Volt Switch|p2a: Good in Pokken?\n|-damage|p2a: Good in Pokken?|34\/100\n|inactive|thewerehog88 has 240 seconds left.\n|\n|t:|1699148126\n|switch|p1a: Seattle 9|Latias, F|100\/100|[from] Volt Switch\n|\n|upkeep\n|turn|13\n|\n|t:|1699148144\n|move|p1a: Seattle 9|Psychic|p2a: Good in Pokken?\n|-damage|p2a: Good in Pokken?|0 fnt\n|faint|p2a: Good in Pokken?\n|-damage|p1a: Seattle 9|91\/100|[from] item: Life Orb\n|\n|upkeep\n|\n|t:|1699148150\n|switch|p2a: The Epoch|Skarmory, F|100\/100\n|turn|14\n|\n|t:|1699148160\n|move|p1a: Seattle 9|Mystical Fire|p2a: The Epoch\n|-supereffective|p2a: The Epoch\n|-damage|p2a: The Epoch|20\/100\n|-unboost|p2a: The Epoch|spa|1\n|-damage|p1a: Seattle 9|81\/100|[from] item: Life Orb\n|move|p2a: The Epoch|Spikes|p1a: Seattle 9\n|-sidestart|p1: thewerehog88|Spikes\n|\n|upkeep\n|turn|15\n|inactive|DarthBowser151 has 210 seconds left.\n|\n|t:|1699148182\n|move|p1a: Seattle 9|Mystical Fire|p2a: The Epoch\n|-supereffective|p2a: The Epoch\n|-damage|p2a: The Epoch|0 fnt\n|faint|p2a: The Epoch\n|-damage|p1a: Seattle 9|71\/100|[from] item: Life Orb\n|\n|upkeep\n|inactive|DarthBowser151 has 210 seconds left.\n|\n|t:|1699148194\n|switch|p2a: Winter is Coming|Cryogonal|100\/100\n|turn|16\n|inactive|DarthBowser151 has 210 seconds left.\n|\n|t:|1699148204\n|-terastallize|p1a: Seattle 9|Electric\n|move|p1a: Seattle 9|Mystical Fire|p2a: Winter is Coming\n|-supereffective|p2a: Winter is Coming\n|-damage|p2a: Winter is Coming|60\/100\n|-unboost|p2a: Winter is Coming|spa|1\n|-damage|p1a: Seattle 9|61\/100|[from] item: Life Orb\n|move|p2a: Winter is Coming|Ice Beam|p1a: Seattle 9\n|-damage|p1a: Seattle 9|41\/100\n|\n|-heal|p2a: Winter is Coming|66\/100|[from] item: Leftovers\n|upkeep\n|turn|17\n|inactive|DarthBowser151 has 210 seconds left.\n|inactive|thewerehog88 has 240 seconds left.\n|\n|t:|1699148243\n|-terastallize|p2a: Winter is Coming|Poison\n|move|p1a: Seattle 9|Healing Wish|p1a: Seattle 9\n|faint|p1a: Seattle 9\n|move|p2a: Winter is Coming|Ice Beam|p1: Seattle 9|[notarget]\n|-fail|p2a: Winter is Coming\n|\n|-heal|p2a: Winter is Coming|72\/100|[from] item: Leftovers\n|upkeep\n|inactive|thewerehog88 has 240 seconds left.\n|\n|t:|1699148255\n|switch|p1a: Seattle 8|Scizor, M|50\/100\n|-heal|p1a: Seattle 8|100\/100|[from] move: Healing Wish\n|-damage|p1a: Seattle 8|84\/100|[from] Spikes\n|turn|18\n|inactive|thewerehog88 has 240 seconds left.\n|\n|t:|1699148272\n|move|p2a: Winter is Coming|Ice Beam|p1a: Seattle 8\n|-resisted|p1a: Seattle 8\n|-damage|p1a: Seattle 8|70\/100\n|move|p1a: Seattle 8|Dual Wingbeat|p2a: Winter is Coming\n|-damage|p2a: Winter is Coming|30\/100\n|-damage|p2a: Winter is Coming|0 fnt\n|faint|p2a: Winter is Coming\n|-hitcount|p2: Winter is Coming|2\n|-damage|p1a: Seattle 8|61\/100|[from] item: Life Orb\n|\n|upkeep\n|\n|t:|1699148286\n|switch|p2a: Fun Guy|Breloom, M|100\/100\n|turn|19\n|inactive|thewerehog88 has 240 seconds left.\n|\n|t:|1699148310\n|move|p1a: Seattle 8|Bullet Punch|p2a: Fun Guy\n|-damage|p2a: Fun Guy|36\/100\n|-damage|p1a: Seattle 8|51\/100|[from] item: Life Orb\n|move|p2a: Fun Guy|Spore|p1a: Seattle 8\n|-status|p1a: Seattle 8|slp|[from] move: Spore\n|\n|upkeep\n|turn|20\n|\n|t:|1699148323\n|cant|p1a: Seattle 8|slp\n|move|p2a: Fun Guy|Swords Dance|p2a: Fun Guy\n|-boost|p2a: Fun Guy|atk|2\n|\n|upkeep\n|turn|21\n|inactive|thewerehog88 has 240 seconds left.\n|\n|t:|1699148336\n|cant|p1a: Seattle 8|slp\n|move|p2a: Fun Guy|Swords Dance|p2a: Fun Guy\n|-boost|p2a: Fun Guy|atk|2\n|\n|upkeep\n|turn|22\n|\n|t:|1699148346\n|move|p2a: Fun Guy|Mach Punch|p1a: Seattle 8\n|-damage|p1a: Seattle 8|0 fnt\n|faint|p1a: Seattle 8\n|\n|upkeep\n|\n|t:|1699148351\n|switch|p1a: Seattle 10|Breloom, M|100\/100\n|-damage|p1a: Seattle 10|84\/100|[from] Spikes\n|turn|23\n|\n|t:|1699148358\n|move|p1a: Seattle 10|Mach Punch|p2a: Fun Guy\n|-damage|p2a: Fun Guy|0 fnt\n|faint|p2a: Fun Guy\n|\n|win|thewerehog88\n|l|\u2606thewerehog88\n|l| Completeanimefan\n","uploadtime":1699148391,"views":7,"p1id":"thewerehog88","p2id":"darthbowser151","formatid":"gen9nationaldexubers","rating":0,"private":0,"password":""}