{"id":"gen9nationaldexubers-1988478099","p1":"xicocavier","p2":"plant type fighter","format":"[Gen 9] National Dex Ubers","log":"|j|\u2606xicocavier\n|j|\u2606plant type fighter\n|t:|1699727224\n|gametype|singles\n|player|p1|xicocavier|266|1086\n|player|p2|plant type fighter|clown|1000\n|teamsize|p1|6\n|teamsize|p2|6\n|gen|9\n|tier|[Gen 9] National Dex Ubers\n|rated|\n|rule|HP Percentage Mod: HP is shown in percentages\n|rule|Endless Battle Clause: Forcing endless battles is banned\n|rule|OHKO Clause: OHKO moves are banned\n|rule|Evasion Moves Clause: Evasion moves are banned\n|rule|Evasion Items Clause: Evasion items are banned\n|rule|Species Clause: Limit one of each Pok\u00e9mon\n|rule|Sleep Clause Mod: Limit one foe put to sleep\n|rule|Mega Rayquaza Clause: You cannot mega evolve Rayquaza\n|clearpoke\n|poke|p1|Breloom, F|\n|poke|p1|Zamazenta-*|\n|poke|p1|Blaziken, F|\n|poke|p1|Heracross, M|\n|poke|p1|Marshadow|\n|poke|p1|Machamp, F|\n|poke|p2|Diancie|\n|poke|p2|Cetitan, M|\n|poke|p2|Chien-Pao|\n|poke|p2|Beartic, M|\n|poke|p2|Froslass, F|\n|poke|p2|Baxcalibur, F|\n|teampreview\n|\n|t:|1699727228\n|start\n|switch|p1a: Breloom|Breloom, F, shiny|100\/100\n|switch|p2a: Diancie|Diancie|100\/100\n|turn|1\n|\n|t:|1699727237\n|move|p1a: Breloom|Spore|p2a: Diancie\n|-status|p2a: Diancie|slp|[from] move: Spore\n|cant|p2a: Diancie|slp\n|\n|upkeep\n|turn|2\n|\n|t:|1699727245\n|move|p1a: Breloom|Bullet Seed|p2a: Diancie\n|-supereffective|p2a: Diancie\n|-damage|p2a: Diancie|62\/100 slp\n|-supereffective|p2a: Diancie\n|-damage|p2a: Diancie|23\/100 slp\n|-enditem|p2a: Diancie|Aguav Berry|[eat]\n|-heal|p2a: Diancie|56\/100 slp|[from] item: Aguav Berry\n|-supereffective|p2a: Diancie\n|-damage|p2a: Diancie|16\/100 slp\n|-hitcount|p2a: Diancie|3\n|-curestatus|p2a: Diancie|slp|[msg]\n|move|p2a: Diancie|Snowscape|p2a: Diancie\n|-weather|Snow\n|\n|-weather|Snow|[upkeep]\n|upkeep\n|turn|3\n|\n|t:|1699727259\n|move|p1a: Breloom|Bullet Seed|p2a: Diancie\n|-supereffective|p2a: Diancie\n|-damage|p2a: Diancie|0 fnt\n|faint|p2a: Diancie\n|-hitcount|p2: Diancie|1\n|\n|-weather|Snow|[upkeep]\n|upkeep\n|\n|t:|1699727266\n|switch|p2a: Cetitan|Cetitan, M|100\/100\n|turn|4\n|\n|t:|1699727272\n|move|p2a: Cetitan|Heavy Slam|p1a: Breloom\n|-damage|p1a: Breloom|51\/100\n|move|p1a: Breloom|Spore|p2a: Cetitan\n|-status|p2a: Cetitan|slp|[from] move: Spore\n|\n|-weather|Snow|[upkeep]\n|upkeep\n|turn|5\n|\n|t:|1699727281\n|cant|p2a: Cetitan|slp\n|move|p1a: Breloom|Swords Dance|p1a: Breloom\n|-boost|p1a: Breloom|atk|2\n|\n|-weather|Snow|[upkeep]\n|upkeep\n|turn|6\n|\n|t:|1699727289\n|-curestatus|p2a: Cetitan|slp|[msg]\n|move|p2a: Cetitan|Ice Fang|p1a: Breloom\n|-supereffective|p1a: Breloom\n|-damage|p1a: Breloom|0 fnt\n|faint|p1a: Breloom\n|\n|-weather|none\n|upkeep\n|\n|t:|1699727293\n|switch|p1a: Blaziken|Blaziken, F|100\/100\n|turn|7\n|\n|t:|1699727300\n|detailschange|p1a: Blaziken|Blaziken-Mega, F\n|-mega|p1a: Blaziken|Blaziken|Blazikenite\n|move|p1a: Blaziken|Bulk Up|p1a: Blaziken\n|-boost|p1a: Blaziken|atk|1\n|-boost|p1a: Blaziken|def|1\n|move|p2a: Cetitan|Blizzard|p1a: Blaziken|[miss]\n|-miss|p2a: Cetitan|p1a: Blaziken\n|\n|-ability|p1a: Blaziken|Speed Boost|boost\n|-boost|p1a: Blaziken|spe|1\n|upkeep\n|turn|8\n|\n|t:|1699727311\n|move|p1a: Blaziken|Protect|p1a: Blaziken\n|-singleturn|p1a: Blaziken|Protect\n|move|p2a: Cetitan|Snowscape|p2a: Cetitan\n|-weather|Snow\n|\n|-weather|Snow|[upkeep]\n|-ability|p1a: Blaziken|Speed Boost|boost\n|-boost|p1a: Blaziken|spe|1\n|upkeep\n|turn|9\n|\n|t:|1699727322\n|move|p1a: Blaziken|Flare Blitz|p2a: Cetitan\n|-supereffective|p2a: Cetitan\n|-damage|p2a: Cetitan|0 fnt\n|faint|p2a: Cetitan\n|-damage|p1a: Blaziken|45\/100|[from] Recoil\n|\n|-weather|Snow|[upkeep]\n|-ability|p1a: Blaziken|Speed Boost|boost\n|-boost|p1a: Blaziken|spe|1\n|upkeep\n|\n|t:|1699727331\n|switch|p2a: Beartic|Beartic, M|100\/100\n|turn|10\n|\n|t:|1699727348\n|move|p1a: Blaziken|High Jump Kick|p2a: Beartic|[miss]\n|-miss|p1a: Blaziken|p2a: Beartic\n|-damage|p1a: Blaziken|0 fnt|[from] highjumpkick\n|faint|p1a: Blaziken\n|move|p2a: Beartic|Close Combat|p1: Blaziken|[notarget]\n|-fail|p2a: Beartic\n|\n|-weather|Snow|[upkeep]\n|upkeep\n|\n|t:|1699727358\n|switch|p1a: Heracross|Heracross, M|100\/100\n|turn|11\n|\n|t:|1699727363\n|move|p1a: Heracross|Earthquake|p2a: Beartic\n|-damage|p2a: Beartic|76\/100\n|move|p2a: Beartic|Snowscape||[still]\n|-fail|p2a: Beartic\n|\n|-weather|Snow|[upkeep]\n|upkeep\n|turn|12\n|\n|t:|1699727372\n|move|p1a: Heracross|Megahorn|p2a: Beartic|[miss]\n|-miss|p1a: Heracross|p2a: Beartic\n|move|p2a: Beartic|Avalanche|p1a: Heracross\n|-damage|p1a: Heracross|69\/100\n|\n|-weather|none\n|upkeep\n|turn|13\n|\n|t:|1699727381\n|move|p1a: Heracross|Megahorn|p2a: Beartic\n|-damage|p2a: Beartic|8\/100\n|-enditem|p2a: Beartic|Aguav Berry|[eat]\n|-heal|p2a: Beartic|41\/100|[from] item: Aguav Berry\n|move|p2a: Beartic|Close Combat|p1a: Heracross\n|-resisted|p1a: Heracross\n|-damage|p1a: Heracross|44\/100\n|-unboost|p2a: Beartic|def|1\n|-unboost|p2a: Beartic|spd|1\n|\n|upkeep\n|turn|14\n|\n|t:|1699727391\n|move|p1a: Heracross|Bullet Seed|p2a: Beartic\n|-damage|p2a: Beartic|28\/100\n|-damage|p2a: Beartic|15\/100\n|-hitcount|p2a: Beartic|2\n|move|p2a: Beartic|Snowscape|p2a: Beartic\n|-weather|Snow\n|\n|-weather|Snow|[upkeep]\n|upkeep\n|turn|15\n|\n|t:|1699727403\n|move|p1a: Heracross|Megahorn|p2a: Beartic\n|-damage|p2a: Beartic|0 fnt\n|faint|p2a: Beartic\n|-ability|p1a: Heracross|Moxie|boost\n|-boost|p1a: Heracross|atk|1\n|\n|-weather|Snow|[upkeep]\n|upkeep\n|\n|t:|1699727411\n|switch|p2a: Chien-Pao|Chien-Pao|100\/100\n|-ability|p2a: Chien-Pao|Sword of Ruin\n|turn|16\n|\n|t:|1699727419\n|move|p2a: Chien-Pao|Brick Break|p1a: Heracross\n|-resisted|p1a: Heracross\n|-damage|p1a: Heracross|28\/100\n|move|p1a: Heracross|Megahorn|p2a: Chien-Pao\n|-supereffective|p2a: Chien-Pao\n|-damage|p2a: Chien-Pao|0 fnt\n|faint|p2a: Chien-Pao\n|-ability|p1a: Heracross|Moxie|boost\n|-boost|p1a: Heracross|atk|1\n|\n|-weather|Snow|[upkeep]\n|upkeep\n|\n|t:|1699727429\n|switch|p2a: Froslass|Froslass, F|100\/100\n|turn|17\n|\n|t:|1699727442\n|move|p2a: Froslass|Aurora Veil|p2a: Froslass\n|-sidestart|p2: plant type fighter|move: Aurora Veil\n|move|p1a: Heracross|Megahorn|p2a: Froslass\n|-resisted|p2a: Froslass\n|-damage|p2a: Froslass|74\/100\n|\n|-weather|Snow|[upkeep]\n|upkeep\n|turn|18\n|\n|t:|1699727456\n|move|p2a: Froslass|Draining Kiss|p1a: Heracross\n|-supereffective|p1a: Heracross\n|-damage|p1a: Heracross|3\/100\n|-heal|p2a: Froslass|93\/100|[from] drain|[of] p1a: Heracross\n|move|p1a: Heracross|Megahorn|p2a: Froslass\n|-resisted|p2a: Froslass\n|-damage|p2a: Froslass|63\/100\n|\n|-weather|none\n|upkeep\n|turn|19\n|\n|t:|1699727466\n|move|p2a: Froslass|Draining Kiss|p1a: Heracross\n|-supereffective|p1a: Heracross\n|-damage|p1a: Heracross|0 fnt\n|-heal|p2a: Froslass|66\/100|[from] drain|[of] p1a: Heracross\n|faint|p1a: Heracross\n|\n|upkeep\n|\n|t:|1699727471\n|switch|p1a: Marshadow|Marshadow|100\/100\n|turn|20\n|\n|t:|1699727479\n|move|p1a: Marshadow|Shadow Sneak|p2a: Froslass\n|-supereffective|p2a: Froslass\n|-damage|p2a: Froslass|16\/100\n|-enditem|p2a: Froslass|Aguav Berry|[eat]\n|-heal|p2a: Froslass|49\/100|[from] item: Aguav Berry\n|-damage|p1a: Marshadow|91\/100|[from] item: Life Orb\n|move|p2a: Froslass|Chilling Water|p1a: Marshadow\n|-damage|p1a: Marshadow|76\/100\n|-unboost|p1a: Marshadow|atk|1\n|\n|upkeep\n|turn|21\n|\n|t:|1699727489\n|move|p1a: Marshadow|Shadow Sneak|p2a: Froslass\n|-supereffective|p2a: Froslass\n|-damage|p2a: Froslass|14\/100\n|-damage|p1a: Marshadow|66\/100|[from] item: Life Orb\n|move|p2a: Froslass|Draining Kiss|p1a: Marshadow\n|-supereffective|p1a: Marshadow\n|-damage|p1a: Marshadow|39\/100\n|-heal|p2a: Froslass|37\/100|[from] drain|[of] p1a: Marshadow\n|\n|-sideend|p2: plant type fighter|move: Aurora Veil\n|upkeep\n|turn|22\n|\n|t:|1699727499\n|move|p1a: Marshadow|Shadow Sneak|p2a: Froslass\n|-supereffective|p2a: Froslass\n|-damage|p2a: Froslass|0 fnt\n|faint|p2a: Froslass\n|-damage|p1a: Marshadow|29\/100|[from] item: Life Orb\n|\n|upkeep\n|\n|t:|1699727507\n|switch|p2a: Baxcalibur|Baxcalibur, F|100\/100\n|turn|23\n|\n|t:|1699727527\n|-terastallize|p2a: Baxcalibur|Dragon\n|move|p1a: Marshadow|Spectral Thief|p2a: Baxcalibur\n|-damage|p2a: Baxcalibur|66\/100\n|-damage|p1a: Marshadow|19\/100|[from] item: Life Orb\n|move|p2a: Baxcalibur|Dragon Tail|p1a: Marshadow\n|-damage|p1a: Marshadow|0 fnt\n|faint|p1a: Marshadow\n|\n|-heal|p2a: Baxcalibur|72\/100|[from] item: Leftovers\n|upkeep\n|\n|t:|1699727543\n|switch|p1a: Machamp|Machamp, F|100\/100\n|turn|24\n|\n|t:|1699727550\n|move|p2a: Baxcalibur|Glaive Rush|p1a: Machamp\n|-damage|p1a: Machamp|17\/100\n|-singlemove|p2a: Baxcalibur|Glaive Rush|[silent]\n|move|p1a: Machamp|Ice Punch|p2a: Baxcalibur\n|-supereffective|p2a: Baxcalibur\n|-damage|p2a: Baxcalibur|0 fnt\n|faint|p2a: Baxcalibur\n|\n|win|xicocavier\n|raw|xicocavier's rating: 1086 &rarr; <strong>1107<\/strong><br \/>(+21 for winning)\n|raw|plant type fighter's rating: 1000 &rarr; <strong>1000<\/strong><br \/>(+0 for losing)\n","uploadtime":1699727555,"views":5,"p1id":"xicocavier","p2id":"planttypefighter","formatid":"gen9nationaldexubers","rating":1000,"private":0,"password":""}