{"id":"gen9nationaldexubers-1993402017","p1":"fidgety42","p2":"tweakin timmy","format":"[Gen 9] National Dex Ubers","log":"|j|\u2606fidgety42\n|j|\u2606tweakin timmy\n|t:|1700312885\n|gametype|singles\n|player|p1|fidgety42|101|\n|player|p2|tweakin timmy|170|\n|teamsize|p1|6\n|teamsize|p2|6\n|gen|9\n|tier|[Gen 9] National Dex Ubers\n|rule|HP Percentage Mod: HP is shown in percentages\n|rule|Endless Battle Clause: Forcing endless battles is banned\n|rule|OHKO Clause: OHKO moves are banned\n|rule|Evasion Moves Clause: Evasion moves are banned\n|rule|Evasion Items Clause: Evasion items are banned\n|rule|Species Clause: Limit one of each Pok\u00e9mon\n|rule|Sleep Clause Mod: Limit one foe put to sleep\n|rule|Mega Rayquaza Clause: You cannot mega evolve Rayquaza\n|clearpoke\n|poke|p1|Eternatus|\n|poke|p1|Dialga|\n|poke|p1|Latios, M|\n|poke|p1|Gliscor, F|\n|poke|p1|Mewtwo|\n|poke|p1|Chien-Pao|\n|poke|p2|Kyogre|\n|poke|p2|Mew|\n|poke|p2|Zekrom|\n|poke|p2|Swampert, M|\n|poke|p2|Palafin, M|\n|poke|p2|Tapu Koko|\n|teampreview\n|c|\u2606tweakin timmy|hf\n|c|\u2606fidgety42|u2\n|c|\u2606tweakin timmy|no\n|\n|t:|1700312909\n|start\n|switch|p1a: Dialga|Dialga|100\/100\n|switch|p2a: Mew|Mew|100\/100\n|-ability|p1a: Dialga|Pressure\n|turn|1\n|\n|t:|1700312913\n|move|p2a: Mew|Taunt|p1a: Dialga\n|-start|p1a: Dialga|move: Taunt\n|cant|p1a: Dialga|move: Taunt|Toxic\n|\n|upkeep\n|turn|2\n|\n|t:|1700312921\n|switch|p1a: Chien-Pao|Chien-Pao|100\/100\n|-ability|p1a: Chien-Pao|Sword of Ruin\n|move|p2a: Mew|Stealth Rock|p1a: Chien-Pao\n|-sidestart|p1: fidgety42|move: Stealth Rock\n|\n|upkeep\n|turn|3\n|\n|t:|1700312929\n|switch|p2a: Tapu Koko|Tapu Koko|100\/100\n|-fieldstart|move: Electric Terrain|[from] ability: Electric Surge|[of] p2a: Tapu Koko\n|move|p1a: Chien-Pao|Crunch|p2a: Tapu Koko\n|-resisted|p2a: Tapu Koko\n|-damage|p2a: Tapu Koko|61\/100\n|\n|upkeep\n|turn|4\n|\n|t:|1700312940\n|move|p2a: Tapu Koko|Dazzling Gleam|p1a: Chien-Pao\n|-supereffective|p1a: Chien-Pao\n|-damage|p1a: Chien-Pao|0 fnt\n|faint|p1a: Chien-Pao\n|\n|upkeep\n|\n|t:|1700312946\n|switch|p1a: Dialga|Dialga|100\/100\n|-damage|p1a: Dialga|94\/100|[from] Stealth Rock\n|-ability|p1a: Dialga|Pressure\n|turn|5\n|c|\u2606fidgety42|unirronic scarf koko\n|j| Grant-uhh-Wish\n|j| 1 EAST\n|\n|t:|1700312977\n|switch|p2a: Kyogre|Kyogre|100\/100\n|-weather|RainDance|[from] ability: Drizzle|[of] p2a: Kyogre\n|-enditem|p2a: Kyogre|Electric Seed\n|-boost|p2a: Kyogre|def|1|[from] item: Electric Seed\n|move|p1a: Dialga|Stealth Rock|p2a: Kyogre\n|-sidestart|p2: tweakin timmy|move: Stealth Rock\n|\n|-weather|RainDance|[upkeep]\n|upkeep\n|turn|6\n|c| Grant-uhh-Wish|it's not a bad set tbh on some teams\n|\n|t:|1700312989\n|-terastallize|p2a: Kyogre|Steel\n|move|p2a: Kyogre|Block|p1a: Dialga\n|-activate|p1a: Dialga|trapped\n|move|p1a: Dialga|Draco Meteor|p2a: Kyogre\n|-resisted|p2a: Kyogre\n|-damage|p2a: Kyogre|70\/100\n|-unboost|p1a: Dialga|spa|2\n|\n|-weather|RainDance|[upkeep]\n|upkeep\n|turn|7\n|\n|t:|1700312997\n|move|p2a: Kyogre|Calm Mind|p2a: Kyogre\n|-boost|p2a: Kyogre|spa|1\n|-boost|p2a: Kyogre|spd|1\n|move|p1a: Dialga|Earth Power|p2a: Kyogre\n|-supereffective|p2a: Kyogre\n|-damage|p2a: Kyogre|53\/100\n|\n|-weather|RainDance|[upkeep]\n|-fieldend|move: Electric Terrain\n|upkeep\n|turn|8\n|\n|t:|1700313004\n|move|p2a: Kyogre|Calm Mind|p2a: Kyogre\n|-boost|p2a: Kyogre|spa|1\n|-boost|p2a: Kyogre|spd|1\n|move|p1a: Dialga|Earth Power|p2a: Kyogre\n|-supereffective|p2a: Kyogre\n|-damage|p2a: Kyogre|42\/100\n|\n|-weather|RainDance|[upkeep]\n|upkeep\n|turn|9\n|\n|t:|1700313010\n|move|p2a: Kyogre|Rest|p2a: Kyogre\n|-status|p2a: Kyogre|slp|[from] move: Rest\n|-heal|p2a: Kyogre|100\/100 slp|[silent]\n|move|p1a: Dialga|Earth Power|p2a: Kyogre\n|-supereffective|p2a: Kyogre\n|-damage|p2a: Kyogre|89\/100 slp\n|\n|-weather|none\n|upkeep\n|turn|10\n|\n|t:|1700313013\n|cant|p2a: Kyogre|slp\n|move|p1a: Dialga|Earth Power|p2a: Kyogre\n|-supereffective|p2a: Kyogre\n|-damage|p2a: Kyogre|76\/100 slp\n|\n|upkeep\n|turn|11\n|\n|t:|1700313017\n|cant|p2a: Kyogre|slp\n|move|p1a: Dialga|Earth Power|p2a: Kyogre\n|-supereffective|p2a: Kyogre\n|-damage|p2a: Kyogre|64\/100 slp\n|\n|upkeep\n|turn|12\n|\n|t:|1700313020\n|-curestatus|p2a: Kyogre|slp|[msg]\n|move|p2a: Kyogre|Calm Mind|p2a: Kyogre\n|-boost|p2a: Kyogre|spa|1\n|-boost|p2a: Kyogre|spd|1\n|move|p1a: Dialga|Earth Power|p2a: Kyogre\n|-supereffective|p2a: Kyogre\n|-damage|p2a: Kyogre|54\/100\n|\n|upkeep\n|turn|13\n|\n|t:|1700313024\n|move|p2a: Kyogre|Calm Mind|p2a: Kyogre\n|-boost|p2a: Kyogre|spa|1\n|-boost|p2a: Kyogre|spd|1\n|move|p1a: Dialga|Earth Power|p2a: Kyogre\n|-supereffective|p2a: Kyogre\n|-damage|p2a: Kyogre|45\/100\n|\n|upkeep\n|turn|14\n|\n|t:|1700313031\n|move|p2a: Kyogre|Calm Mind|p2a: Kyogre\n|-boost|p2a: Kyogre|spa|1\n|-boost|p2a: Kyogre|spd|1\n|move|p1a: Dialga|Earth Power|p2a: Kyogre\n|-supereffective|p2a: Kyogre\n|-damage|p2a: Kyogre|37\/100\n|\n|upkeep\n|turn|15\n|c|\u2606fidgety42|i almost went roar too\n|\n|t:|1700313046\n|move|p2a: Kyogre|Rest|p2a: Kyogre\n|-status|p2a: Kyogre|slp|[from] move: Rest\n|-heal|p2a: Kyogre|100\/100 slp|[silent]\n|move|p1a: Dialga|Earth Power|p2a: Kyogre\n|-supereffective|p2a: Kyogre\n|-damage|p2a: Kyogre|94\/100 slp\n|\n|upkeep\n|turn|16\n|c| Grant-uhh-Wish|Roar of Time?\n|c|\u2606tweakin timmy|it was meant to trap etern\n|\n|t:|1700313056\n|cant|p2a: Kyogre|slp\n|move|p1a: Dialga|Earth Power|p2a: Kyogre\n|-supereffective|p2a: Kyogre\n|-damage|p2a: Kyogre|87\/100 slp\n|\n|upkeep\n|turn|17\n|c|\u2606tweakin timmy|no normal roar\n|\n|t:|1700313064\n|cant|p2a: Kyogre|slp\n|move|p1a: Dialga|Earth Power|p2a: Kyogre\n|-supereffective|p2a: Kyogre\n|-damage|p2a: Kyogre|80\/100 slp\n|\n|upkeep\n|turn|18\n|c| Grant-uhh-Wish|;)\n|c|\u2606tweakin timmy|roar of time is never not bad\n|c|\u2606tweakin timmy|outside of uh\n|c|\u2606tweakin timmy|ubers 1v1\n|\n|t:|1700313074\n|-curestatus|p2a: Kyogre|slp|[msg]\n|move|p2a: Kyogre|Calm Mind|p2a: Kyogre\n|-boost|p2a: Kyogre|spa|1\n|-boost|p2a: Kyogre|spd|1\n|move|p1a: Dialga|Earth Power|p2a: Kyogre\n|-supereffective|p2a: Kyogre\n|-damage|p2a: Kyogre|74\/100\n|-unboost|p2a: Kyogre|spd|1\n|\n|upkeep\n|turn|19\n|\n|t:|1700313080\n|move|p2a: Kyogre|Scald|p1a: Dialga\n|-resisted|p1a: Dialga\n|-damage|p1a: Dialga|34\/100\n|-status|p1a: Dialga|brn\n|move|p1a: Dialga|Earth Power|p2a: Kyogre\n|-supereffective|p2a: Kyogre\n|-damage|p2a: Kyogre|67\/100\n|\n|-damage|p1a: Dialga|27\/100 brn|[from] brn\n|upkeep\n|turn|20\n|\n|t:|1700313089\n|move|p2a: Kyogre|Rest|p2a: Kyogre\n|-status|p2a: Kyogre|slp|[from] move: Rest\n|-heal|p2a: Kyogre|100\/100 slp|[silent]\n|move|p1a: Dialga|Earth Power|p2a: Kyogre\n|-supereffective|p2a: Kyogre\n|-damage|p2a: Kyogre|93\/100 slp\n|\n|-damage|p1a: Dialga|21\/100 brn|[from] brn\n|upkeep\n|turn|21\n|\n|t:|1700313091\n|cant|p2a: Kyogre|slp\n|move|p1a: Dialga|Earth Power|p2a: Kyogre\n|-supereffective|p2a: Kyogre\n|-damage|p2a: Kyogre|87\/100 slp\n|\n|-damage|p1a: Dialga|15\/100 brn|[from] brn\n|upkeep\n|turn|22\n|\n|t:|1700313098\n|cant|p2a: Kyogre|slp\n|move|p1a: Dialga|Earth Power|p2a: Kyogre\n|-supereffective|p2a: Kyogre\n|-damage|p2a: Kyogre|80\/100 slp\n|\n|-damage|p1a: Dialga|9\/100 brn|[from] brn\n|upkeep\n|turn|23\n|\n|t:|1700313103\n|-curestatus|p2a: Kyogre|slp|[msg]\n|move|p2a: Kyogre|Scald|p1a: Dialga\n|-resisted|p1a: Dialga\n|-damage|p1a: Dialga|0 fnt\n|faint|p1a: Dialga\n|\n|upkeep\n|\n|t:|1700313116\n|switch|p1a: Eternatus|Eternatus|100\/100\n|-damage|p1a: Eternatus|88\/100|[from] Stealth Rock\n|-ability|p1a: Eternatus|Pressure\n|turn|24\n|\n|t:|1700313126\n|-terastallize|p1a: Eternatus|Grass\n|move|p1a: Eternatus|Flamethrower|p2a: Kyogre\n|-supereffective|p2a: Kyogre\n|-damage|p2a: Kyogre|66\/100\n|move|p2a: Kyogre|Scald|p1a: Eternatus\n|-resisted|p1a: Eternatus\n|-damage|p1a: Eternatus|31\/100\n|\n|upkeep\n|turn|25\n|\n|t:|1700313135\n|move|p1a: Eternatus|Flamethrower|p2a: Kyogre\n|-supereffective|p2a: Kyogre\n|-damage|p2a: Kyogre|49\/100\n|-status|p2a: Kyogre|brn\n|move|p2a: Kyogre|Scald|p1a: Eternatus\n|-resisted|p1a: Eternatus\n|-damage|p1a: Eternatus|0 fnt\n|faint|p1a: Eternatus\n|\n|-damage|p2a: Kyogre|43\/100 brn|[from] brn\n|upkeep\n|\n|t:|1700313141\n|switch|p1a: Latios|Latios, M|100\/100\n|-damage|p1a: Latios|88\/100|[from] Stealth Rock\n|turn|26\n|\n|t:|1700313146\n|move|p1a: Latios|Light Screen|p1a: Latios\n|-sidestart|p1: fidgety42|move: Light Screen\n|move|p2a: Kyogre|Scald|p1a: Latios\n|-resisted|p1a: Latios\n|-damage|p1a: Latios|56\/100\n|\n|-damage|p2a: Kyogre|37\/100 brn|[from] brn\n|upkeep\n|turn|27\n|c|\u2606tweakin timmy|had to check for trick lol\n|-message|fidgety42 forfeited.\n|\n|win|tweakin timmy\n|c| 1 EAST|you cant\n|c| 1 EAST|bro\n|c| 1 EAST|you cant forfeit\n|c| Grant-uhh-Wish|broooo\n|c|\u2606tweakin timmy|it just counts as 0-6 doesn't it\n|c| 1 EAST|yeah\n|c|\u2606fidgety42|i literally had no way out\n|c|\u2606tweakin timmy|it's fine i blocked then rested then swept\n|c|\u2606fidgety42|exactly\n|c| 1 EAST|i mean fair it counts as 6-0 fair\n|l| Grant-uhh-Wish\n|c| 1 EAST|i was still thinking in bingo league terms\n|c|\u2606fidgety42|there was no reason to play it out, mmy arua sphere crit wouldn't have killed for instance\n|c| 1 EAST|yeah fair\n|c|\u2606fidgety42|scor is min speed\n|c|\u2606tweakin timmy|i crept uh\n|c|\u2606tweakin timmy|something creeping max pert\n|c|\u2606tweakin timmy|was 242\n|c|\u2606fidgety42|can we just delete all trapping in gen 19\n|c|\u2606fidgety42|*10\n|l|\u2606fidgety42\n|l|\u2606tweakin timmy\n|j|\u2606tweakin timmy\n|player|p2|tweakin timmy|170\n","uploadtime":1700313214,"views":28,"p1id":"fidgety42","p2id":"tweakintimmy","formatid":"gen9nationaldexubers","rating":0,"private":0,"password":""}