{"id":"gen9nationaldexubers-1978180576","p1":"Guj Genera","p2":"k7eenex","format":"[Gen 9] National Dex Ubers","log":"|j|\u2606Guj Genera\n|j|\u2606k7eenex\n|t:|1698508751\n|gametype|singles\n|player|p1|Guj Genera|red|\n|player|p2|k7eenex|lance-gen2|\n|teamsize|p1|6\n|teamsize|p2|6\n|gen|9\n|tier|[Gen 9] National Dex Ubers\n|rule|HP Percentage Mod: HP is shown in percentages\n|rule|Endless Battle Clause: Forcing endless battles is banned\n|rule|OHKO Clause: OHKO moves are banned\n|rule|Evasion Moves Clause: Evasion moves are banned\n|rule|Evasion Items Clause: Evasion items are banned\n|rule|Species Clause: Limit one of each Pok\u00e9mon\n|rule|Sleep Clause Mod: Limit one foe put to sleep\n|rule|Mega Rayquaza Clause: You cannot mega evolve Rayquaza\n|clearpoke\n|poke|p1|Zeraora|\n|poke|p1|Inteleon, M|\n|poke|p1|Diancie|\n|poke|p1|Kommo-o, F|\n|poke|p1|Kartana|\n|poke|p1|Landorus-Therian, M|\n|poke|p2|Rhyperior, M|\n|poke|p2|Diancie|\n|poke|p2|Coalossal, M|\n|poke|p2|Drednaw, M|\n|poke|p2|Ogerpon-Cornerstone, F|\n|poke|p2|Shuckle, M|\n|teampreview\n|inactive|Battle timer is ON: inactive players will automatically lose when time's up. (requested by Guj Genera)\n|j| vespyyy\n|j| BorkBorkDoggos\n|inactive|k7eenex has 270 seconds left.\n|c|\u2606Guj Genera|I wanna be the very best like no one ever was. So lets have a champion of a time.\n|j| KingPepper7\n|\n|t:|1698508797\n|start\n|switch|p1a: Diancie|Diancie, shiny|100\/100\n|switch|p2a: For the GODS!|Shuckle, M|100\/100\n|turn|1\n|c|\u2606Guj Genera|I am all good. It works.\n|\n|t:|1698508817\n|switch|p2a: Pinhead Larry|Rhyperior, M|100\/100\n|detailschange|p1a: Diancie|Diancie-Mega, shiny\n|-mega|p1a: Diancie|Diancie|Diancite\n|move|p1a: Diancie|Stealth Rock|p2a: Pinhead Larry\n|-sidestart|p2: k7eenex|move: Stealth Rock\n|\n|upkeep\n|turn|2\n|c| vespyyy|Lead mu is crazy fr\n|inactive|k7eenex has 270 seconds left.\n|l| vespyyy\n|inactive|k7eenex has 240 seconds left.\n|\n|t:|1698508872\n|switch|p1a: Landorus|Landorus-Therian, M, shiny|100\/100\n|-ability|p1a: Landorus|Intimidate|boost\n|-unboost|p2a: Pinhead Larry|atk|1\n|move|p2a: Pinhead Larry|Earthquake|p1a: Landorus\n|-immune|p1a: Landorus\n|\n|upkeep\n|turn|3\n|inactive|k7eenex has 240 seconds left.\n|j| Serise\n|\n|t:|1698508897\n|switch|p2a: Ninjamage|Drednaw, M|100\/100\n|-damage|p2a: Ninjamage|88\/100|[from] Stealth Rock\n|-item|p2a: Ninjamage|Air Balloon\n|move|p1a: Landorus|Toxic|p2a: Ninjamage\n|-status|p2a: Ninjamage|tox\n|\n|-damage|p2a: Ninjamage|82\/100 tox|[from] psn\n|upkeep\n|turn|4\n|j| vespyyy\n|inactive|k7eenex has 210 seconds left.\n|c|\u2606Guj Genera|Ello?\n|inactive|k7eenex has 180 seconds left.\n|c|\u2606k7eenex|im here\n|c|\u2606k7eenex|im just thinking\n|c|\u2606Guj Genera|K.\n|inactive|k7eenex has 150 seconds left.\n|\n|t:|1698509007\n|move|p2a: Ninjamage|Ice Fang|p1a: Landorus\n|-supereffective|p1a: Landorus\n|-damage|p1a: Landorus|0 fnt\n|-damage|p2a: Ninjamage|65\/100 tox|[from] item: Rocky Helmet|[of] p1a: Landorus\n|faint|p1a: Landorus\n|\n|-damage|p2a: Ninjamage|53\/100 tox|[from] psn\n|upkeep\n|\n|t:|1698509012\n|switch|p1a: Kartana|Kartana, shiny|100\/100\n|turn|5\n|\n|t:|1698509028\n|switch|p2a: BUFFALO WINGS|Coalossal, M|100\/100\n|move|p1a: Kartana|Leaf Blade|p2a: BUFFALO WINGS\n|-damage|p2a: BUFFALO WINGS|71\/100\n|\n|upkeep\n|turn|6\n|inactive|k7eenex has 120 seconds left.\n|\n|t:|1698509054\n|switch|p1a: Inteleon|Inteleon, M, shiny|100\/100\n|move|p2a: BUFFALO WINGS|Rapid Spin|p1a: Inteleon\n|-damage|p1a: Inteleon|84\/100\n|-boost|p2a: BUFFALO WINGS|spe|1\n|-sideend|p2: k7eenex|Stealth Rock|[from] move: Rapid Spin|[of] p2a: BUFFALO WINGS\n|\n|upkeep\n|turn|7\n|inactive|k7eenex has 120 seconds left.\n|\n|t:|1698509072\n|switch|p2a: Ninjamage|Drednaw, M|53\/100 tox\n|-item|p2a: Ninjamage|Air Balloon\n|move|p1a: Inteleon|Snipe Shot|p2a: Ninjamage\n|-damage|p2a: Ninjamage|0 fnt\n|-enditem|p2a: Ninjamage|Air Balloon\n|faint|p2a: Ninjamage\n|\n|upkeep\n|j| Cthulewds\n|\n|t:|1698509094\n|switch|p2a: Dopamine|Ogerpon-Cornerstone, F|100\/100\n|turn|8\n|\n|t:|1698509105\n|move|p1a: Inteleon|Snipe Shot|p2a: Dopamine\n|-damage|p2a: Dopamine|31\/100\n|move|p2a: Dopamine|Ivy Cudgel|p1a: Inteleon\n|-damage|p1a: Inteleon|0 fnt\n|faint|p1a: Inteleon\n|\n|upkeep\n|\n|t:|1698509108\n|switch|p1a: Kartana|Kartana, shiny|100\/100\n|turn|9\n|c| BorkBorkDoggos|wow thats crazy not a single mon named after the former rock leader\n|l| vespyyy\n|c| Serise|aaaand Inteleon is dead\n|inactive|k7eenex has 90 seconds left.\n|j| vespyyy\n|\n|t:|1698509162\n|switch|p2a: BUFFALO WINGS|Coalossal, M|71\/100\n|move|p1a: Kartana|Sacred Sword|p2a: BUFFALO WINGS\n|-supereffective|p2a: BUFFALO WINGS\n|-damage|p2a: BUFFALO WINGS|31\/100\n|\n|upkeep\n|turn|10\n|inactive|k7eenex has 60 seconds left.\n|inactiveoff|Battle timer is now OFF.\n|\n|t:|1698509181\n|move|p1a: Kartana|Sacred Sword|p2a: BUFFALO WINGS\n|-supereffective|p2a: BUFFALO WINGS\n|-damage|p2a: BUFFALO WINGS|0 fnt\n|faint|p2a: BUFFALO WINGS\n|-ability|p1a: Kartana|Beast Boost|boost\n|-boost|p1a: Kartana|atk|1\n|\n|upkeep\n|j| Fixzation\n|c| vespyyy|Well its called ninjamage bc he smashin\n|c| Serise|.data flamebody\n|c|\u2606Guj Genera|its a \/\n|c| BorkBorkDoggos|30%\n|c|\u2606Guj Genera|not a .\n|c| vespyyy|Its also \/\/dt\n|c| Cthulewds|you can do ! if you're a player\n|c| Serise|Guj Genera that's not the point\n|l| Fixzation\n|\n|t:|1698509213\n|switch|p2a: Revolution|Diancie|100\/100\n|turn|11\n|c| Serise|but while we're informing people\n|c| Serise|Letting Inteleon die was\n|c| Serise|very bad\n|c| BorkBorkDoggos|aw boo\n|\n|t:|1698509244\n|detailschange|p2a: Revolution|Diancie-Mega\n|-mega|p2a: Revolution|Diancie|Diancite\n|move|p1a: Kartana|Sacred Sword|p2a: Revolution\n|-damage|p2a: Revolution|18\/100\n|move|p2a: Revolution|Mystical Fire|p1a: Kartana\n|-supereffective|p1a: Kartana\n|-damage|p1a: Kartana|0 fnt\n|faint|p1a: Kartana\n|\n|upkeep\n|c| Serise|anyway QQ is typing so I think we're about to fight seeya\n|l| Serise\n|\n|t:|1698509252\n|switch|p1a: Zeraora|Zeraora, shiny|100\/100\n|turn|12\n|\n|t:|1698509299\n|switch|p2a: For the GODS!|Shuckle, M|100\/100\n|move|p1a: Zeraora|Grass Knot|p2a: For the GODS!\n|-damage|p2a: For the GODS!|94\/100\n|-enditem|p2a: For the GODS!|Red Card|[of] p1a: Zeraora\n|drag|p1a: Diancie|Diancie-Mega, shiny|100\/100\n|\n|upkeep\n|turn|13\n|\n|t:|1698509309\n|move|p1a: Diancie|Stealth Rock|p2a: For the GODS!\n|-sidestart|p2: k7eenex|move: Stealth Rock\n|move|p2a: For the GODS!|Final Gambit|p1a: Diancie\n|-damage|p1a: Diancie|5\/100\n|faint|p2a: For the GODS!\n|\n|upkeep\n|c| vespyyy|LMAO\n|c|\u2606Guj Genera|That was a misteak\n|c| vespyyy|Nah thats the right play\n|c|\u2606Guj Genera|How come.\n|c| BorkBorkDoggos|def wasnt a mistake\n|c| Cthulewds|that was a Steak\n|c| vespyyy|Shuvkle isnt very important here.\n|c| BorkBorkDoggos|they messed up in teambuilding tbh\n|c| vespyyy|You have a magic bounce mon so its not useful\n|c|\u2606Guj Genera|Me? BorkBorkDoggos\n|c| BorkBorkDoggos|nah\n|c|\u2606k7eenex|speed tie moment\n|c| BorkBorkDoggos|yur\n|c| Cthulewds|joement\n|\n|t:|1698509393\n|switch|p2a: Dopamine|Ogerpon-Cornerstone, F|31\/100\n|-damage|p2a: Dopamine|19\/100|[from] Stealth Rock\n|turn|14\n|\n|t:|1698509400\n|move|p1a: Diancie|Earth Power|p2a: Dopamine\n|-damage|p2a: Dopamine|0 fnt\n|faint|p2a: Dopamine\n|\n|upkeep\n|c| vespyyy|Lol\n|\n|t:|1698509418\n|switch|p2a: Pinhead Larry|Rhyperior, M|100\/100\n|-damage|p2a: Pinhead Larry|94\/100|[from] Stealth Rock\n|turn|15\n|\n|t:|1698509431\n|move|p1a: Diancie|Moonblast|p2a: Pinhead Larry\n|-damage|p2a: Pinhead Larry|35\/100\n|-unboost|p2a: Pinhead Larry|spa|1\n|move|p2a: Pinhead Larry|Earthquake|p1a: Diancie\n|-supereffective|p1a: Diancie\n|-damage|p1a: Diancie|0 fnt\n|faint|p1a: Diancie\n|\n|upkeep\n|c| Cthulewds|alright im gonna be honest with u kleen\n|c|\u2606k7eenex|shut up\n|c| Cthulewds|im hungry\n|c|\u2606k7eenex|i am too\n|c|\u2606k7eenex|thats gg\n|c| vespyyy|Lol\n|\n|t:|1698509448\n|switch|p1a: Kommo-o|Kommo-o, F, shiny|100\/100\n|turn|16\n|c|\u2606k7eenex|gj red\n|l| KingPepper7\n|c| vespyyy|His team is pretty bad for u\n|\n|t:|1698509471\n|move|p1a: Kommo-o|Close Combat|p2a: Pinhead Larry\n|-supereffective|p2a: Pinhead Larry\n|-damage|p2a: Pinhead Larry|0 fnt\n|-unboost|p1a: Kommo-o|def|1\n|-unboost|p1a: Kommo-o|spd|1\n|faint|p2a: Pinhead Larry\n|\n|upkeep\n|\n|t:|1698509475\n|switch|p2a: Revolution|Diancie-Mega|18\/100\n|-damage|p2a: Revolution|5\/100|[from] Stealth Rock\n|turn|17\n|c|\u2606Guj Genera|Thx\n|c|\u2606Guj Genera|Wp\n|c|\u2606k7eenex|no kidding\n|\n|t:|1698509483\n|move|p2a: Revolution|Moonblast|p1a: Kommo-o\n|-supereffective|p1a: Kommo-o\n|-damage|p1a: Kommo-o|0 fnt\n|faint|p1a: Kommo-o\n|\n|upkeep\n|\n|t:|1698509486\n|switch|p1a: Zeraora|Zeraora, shiny|100\/100\n|turn|18\n|c| BorkBorkDoggos|how come u didnt bring speed control?\n|\n|t:|1698509499\n|move|p1a: Zeraora|Plasma Fists|p2a: Revolution\n|-damage|p2a: Revolution|0 fnt\n|-fieldactivate|move: Ion Deluge\n|-hint|Normal-type moves become Electric-type after using Plasma Fists.\n|faint|p2a: Revolution\n|\n|win|Guj Genera\n|c| Cthulewds|his speed control was shuckle webs probably?\n|c| vespyyy|He brought shuckle instead yea\n|c|\u2606Guj Genera|He usually doesn't bring diancie\n|c|\u2606k7eenex|it worked last time\n|c| BorkBorkDoggos|rock still needs a scarfer\n|c|\u2606k7eenex|lol\n|c|\u2606k7eenex|XD\n|c| BorkBorkDoggos|welp\n|c|\u2606Guj Genera|Ggwp\n|c| BorkBorkDoggos|ggs\n","uploadtime":1698509522,"views":18,"p1id":"gujgenera","p2id":"k7eenex","formatid":"gen9nationaldexubers","rating":0,"private":0,"password":""}