{"id":"gen9nationaldexubers-1980306703","p1":"F.A.M.E.246 2nd","p2":"Walter black 0000","format":"[Gen 9] National Dex Ubers","log":"|j|\u2606F.A.M.E.246 2nd\n|j|\u2606Walter black 0000\n|t:|1698774012\n|gametype|singles\n|player|p1|F.A.M.E.246 2nd|brawly|1669\n|player|p2|Walter black 0000|lance-gen2|1873\n|teamsize|p1|6\n|teamsize|p2|6\n|gen|9\n|tier|[Gen 9] National Dex Ubers\n|rated|\n|rule|HP Percentage Mod: HP is shown in percentages\n|rule|Endless Battle Clause: Forcing endless battles is banned\n|rule|OHKO Clause: OHKO moves are banned\n|rule|Evasion Moves Clause: Evasion moves are banned\n|rule|Evasion Items Clause: Evasion items are banned\n|rule|Species Clause: Limit one of each Pok\u00e9mon\n|rule|Sleep Clause Mod: Limit one foe put to sleep\n|rule|Mega Rayquaza Clause: You cannot mega evolve Rayquaza\n|clearpoke\n|poke|p1|Scizor, M|\n|poke|p1|Groudon|\n|poke|p1|Yveltal|\n|poke|p1|Tapu Fini|\n|poke|p1|Arceus-Rock|\n|poke|p1|Zygarde|\n|poke|p2|Kangaskhan, F|\n|poke|p2|Ditto|\n|poke|p2|Arceus-Fairy|\n|poke|p2|Zamazenta-*|\n|poke|p2|Eternatus|\n|poke|p2|Necrozma-Dusk-Mane|\n|teampreview\n|inactive|Battle timer is ON: inactive players will automatically lose when time's up. (requested by Walter black 0000)\n|c|\u2606F.A.M.E.246 2nd|Hf\n|\n|t:|1698774030\n|start\n|switch|p1a: Arceus|Arceus-Rock|100\/100\n|switch|p2a: Necrozma|Necrozma-Dusk-Mane|100\/100\n|turn|1\n|c|\u2606F.A.M.E.246 2nd|Shiet\n|\n|t:|1698774036\n|detailschange|p2a: Necrozma|Necrozma-Ultra\n|-burst|p2a: Necrozma|Necrozma|Ultranecrozium Z\n|move|p2a: Necrozma|Earth Power|p1a: Arceus\n|-supereffective|p1a: Arceus\n|-damage|p1a: Arceus|36\/100\n|move|p1a: Arceus|Will-O-Wisp|p2a: Necrozma|[miss]\n|-miss|p1a: Arceus|p2a: Necrozma\n|\n|upkeep\n|turn|2\n|\n|t:|1698774042\n|switch|p1a: Yveltal|Yveltal|100\/100\n|-ability|p1a: Yveltal|Dark Aura\n|move|p2a: Necrozma|Stealth Rock|p1a: Yveltal\n|-sidestart|p1: F.A.M.E.246 2nd|move: Stealth Rock\n|\n|upkeep\n|turn|3\n|\n|t:|1698774045\n|switch|p2a: Arceus|Arceus-Fairy|100\/100\n|move|p1a: Yveltal|Defog|p2a: Arceus\n|-unboost|p2a: Arceus|evasion|1\n|-sideend|p1: F.A.M.E.246 2nd|Stealth Rock|[from] move: Defog|[of] p1a: Yveltal\n|\n|upkeep\n|turn|4\n|\n|t:|1698774049\n|switch|p1a: Tapu Fini|Tapu Fini|100\/100\n|-fieldstart|move: Misty Terrain|[from] ability: Misty Surge|[of] p1a: Tapu Fini\n|move|p2a: Arceus|Judgment|p1a: Tapu Fini\n|-damage|p1a: Tapu Fini|64\/100\n|\n|-heal|p1a: Tapu Fini|70\/100|[from] item: Leftovers\n|upkeep\n|turn|5\n|\n|t:|1698774058\n|switch|p1a: Groudon|Groudon|100\/100\n|detailschange|p1a: Groudon|Groudon-Primal\n|-primal|p1a: Groudon|Red Orb\n|-weather|DesolateLand|[from] ability: Desolate Land|[of] p1a: Groudon\n|move|p2a: Arceus|Taunt|p1a: Groudon\n|-start|p1a: Groudon|move: Taunt\n|\n|-weather|DesolateLand|[upkeep]\n|upkeep\n|turn|6\n|\n|t:|1698774063\n|switch|p2a: Necrozma|Necrozma-Ultra|100\/100\n|move|p1a: Groudon|Precipice Blades|p2a: Necrozma\n|-damage|p2a: Necrozma|30\/100\n|\n|-weather|DesolateLand|[upkeep]\n|upkeep\n|turn|7\n|\n|t:|1698774068\n|-weather|none\n|switch|p1a: Yveltal|Yveltal|100\/100\n|-ability|p1a: Yveltal|Dark Aura\n|move|p2a: Necrozma|Stealth Rock|p1a: Yveltal\n|-sidestart|p1: F.A.M.E.246 2nd|move: Stealth Rock\n|\n|upkeep\n|turn|8\n|\n|t:|1698774071\n|switch|p2a: Arceus|Arceus-Fairy|100\/100\n|move|p1a: Yveltal|Defog|p2a: Arceus\n|-unboost|p2a: Arceus|evasion|1\n|-sideend|p1: F.A.M.E.246 2nd|Stealth Rock|[from] move: Defog|[of] p1a: Yveltal\n|-fieldend|Misty Terrain\n|\n|upkeep\n|turn|9\n|\n|t:|1698774074\n|switch|p2a: Necrozma|Necrozma-Ultra|30\/100\n|switch|p1a: Groudon|Groudon-Primal|100\/100\n|-weather|DesolateLand|[from] ability: Desolate Land|[of] p1a: Groudon\n|\n|-weather|DesolateLand|[upkeep]\n|upkeep\n|turn|10\n|\n|t:|1698774078\n|-weather|none\n|switch|p1a: Yveltal|Yveltal|100\/100\n|-ability|p1a: Yveltal|Dark Aura\n|move|p2a: Necrozma|Earth Power|p1a: Yveltal\n|-immune|p1a: Yveltal\n|\n|upkeep\n|turn|11\n|\n|t:|1698774081\n|switch|p2a: Arceus|Arceus-Fairy|100\/100\n|move|p1a: Yveltal|U-turn|p2a: Arceus\n|-resisted|p2a: Arceus\n|-damage|p2a: Arceus|93\/100\n|\n|t:|1698774085\n|switch|p1a: Groudon|Groudon-Primal|100\/100|[from] U-turn\n|-weather|DesolateLand|[from] ability: Desolate Land|[of] p1a: Groudon\n|\n|-weather|DesolateLand|[upkeep]\n|upkeep\n|turn|12\n|\n|t:|1698774093\n|move|p2a: Arceus|Toxic|p1a: Groudon\n|-status|p1a: Groudon|tox\n|move|p1a: Groudon|Stealth Rock|p2a: Arceus\n|-sidestart|p2: Walter black 0000|move: Stealth Rock\n|\n|-weather|DesolateLand|[upkeep]\n|-damage|p1a: Groudon|94\/100 tox|[from] psn\n|upkeep\n|turn|13\n|\n|t:|1698774097\n|move|p2a: Arceus|Judgment|p1a: Groudon\n|-resisted|p1a: Groudon\n|-damage|p1a: Groudon|76\/100 tox\n|move|p1a: Groudon|Precipice Blades|p2a: Arceus\n|-damage|p2a: Arceus|43\/100\n|\n|-weather|DesolateLand|[upkeep]\n|-damage|p1a: Groudon|64\/100 tox|[from] psn\n|upkeep\n|turn|14\n|\n|t:|1698774103\n|move|p2a: Arceus|Recover|p2a: Arceus\n|-heal|p2a: Arceus|93\/100\n|move|p1a: Groudon|Precipice Blades|p2a: Arceus\n|-damage|p2a: Arceus|48\/100\n|\n|-weather|DesolateLand|[upkeep]\n|-damage|p1a: Groudon|45\/100 tox|[from] psn\n|upkeep\n|turn|15\n|\n|t:|1698774106\n|-weather|none\n|switch|p1a: Scizor|Scizor, M|100\/100\n|move|p2a: Arceus|Recover|p2a: Arceus\n|-heal|p2a: Arceus|98\/100\n|\n|upkeep\n|turn|16\n|\n|t:|1698774117\n|switch|p2a: Eternatus|Eternatus|100\/100\n|-damage|p2a: Eternatus|88\/100|[from] Stealth Rock\n|-ability|p2a: Eternatus|Pressure\n|detailschange|p1a: Scizor|Scizor-Mega, M\n|-mega|p1a: Scizor|Scizor|Scizorite\n|move|p1a: Scizor|U-turn|p2a: Eternatus\n|-resisted|p2a: Eternatus\n|-damage|p2a: Eternatus|74\/100\n|j| usamo 2021\n|\n|t:|1698774126\n|switch|p1a: Tapu Fini|Tapu Fini|70\/100|[from] U-turn\n|-fieldstart|move: Misty Terrain|[from] ability: Misty Surge|[of] p1a: Tapu Fini\n|\n|-heal|p1a: Tapu Fini|76\/100|[from] item: Leftovers\n|upkeep\n|turn|17\n|\n|t:|1698774129\n|switch|p1a: Zygarde|Zygarde|100\/100\n|move|p2a: Eternatus|Sludge Wave|p1a: Zygarde\n|-resisted|p1a: Zygarde\n|-damage|p1a: Zygarde|73\/100\n|\n|-heal|p1a: Zygarde|80\/100|[from] item: Leftovers\n|upkeep\n|turn|18\n|\n|t:|1698774135\n|move|p2a: Eternatus|Dynamax Cannon|p1a: Zygarde\n|-supereffective|p1a: Zygarde\n|-damage|p1a: Zygarde|28\/100\n|move|p1a: Zygarde|Thousand Arrows|p2a: Eternatus\n|-supereffective|p2a: Eternatus\n|-damage|p2a: Eternatus|24\/100\n|\n|-heal|p1a: Zygarde|34\/100|[from] item: Leftovers\n|-activate|p1a: Zygarde|ability: Power Construct\n|detailschange|p1a: Zygarde|Zygarde-Complete\n|-heal|p1a: Zygarde|56\/100|[silent]\n|upkeep\n|turn|19\n|\n|t:|1698774145\n|move|p2a: Eternatus|Dynamax Cannon|p1a: Zygarde\n|-supereffective|p1a: Zygarde\n|-damage|p1a: Zygarde|20\/100\n|move|p1a: Zygarde|Thousand Arrows|p2a: Eternatus\n|-supereffective|p2a: Eternatus\n|-damage|p2a: Eternatus|0 fnt\n|faint|p2a: Eternatus\n|\n|-heal|p1a: Zygarde|26\/100|[from] item: Leftovers\n|upkeep\n|\n|t:|1698774159\n|switch|p2a: Necrozma|Necrozma-Ultra|30\/100\n|-damage|p2a: Necrozma|17\/100|[from] Stealth Rock\n|turn|20\n|\n|t:|1698774164\n|move|p2a: Necrozma|Stealth Rock|p1a: Zygarde\n|-sidestart|p1: F.A.M.E.246 2nd|move: Stealth Rock\n|move|p1a: Zygarde|Thousand Arrows|p2a: Necrozma\n|-damage|p2a: Necrozma|0 fnt\n|faint|p2a: Necrozma\n|\n|-heal|p1a: Zygarde|33\/100|[from] item: Leftovers\n|-fieldend|Misty Terrain\n|upkeep\n|\n|t:|1698774167\n|switch|p2a: Arceus|Arceus-Fairy|98\/100\n|-damage|p2a: Arceus|86\/100|[from] Stealth Rock\n|turn|21\n|\n|t:|1698774183\n|switch|p1a: Groudon|Groudon-Primal|45\/100 tox\n|-damage|p1a: Groudon|33\/100 tox|[from] Stealth Rock\n|-weather|DesolateLand|[from] ability: Desolate Land|[of] p1a: Groudon\n|move|p2a: Arceus|Judgment|p1a: Groudon\n|-resisted|p1a: Groudon\n|-damage|p1a: Groudon|15\/100 tox\n|\n|-weather|DesolateLand|[upkeep]\n|-damage|p1a: Groudon|9\/100 tox|[from] psn\n|upkeep\n|turn|22\n|\n|t:|1698774186\n|move|p2a: Arceus|Judgment|p1a: Groudon\n|-resisted|p1a: Groudon\n|-damage|p1a: Groudon|0 fnt\n|faint|p1a: Groudon\n|-weather|none\n|\n|upkeep\n|\n|t:|1698774192\n|switch|p1a: Tapu Fini|Tapu Fini|76\/100\n|-damage|p1a: Tapu Fini|64\/100|[from] Stealth Rock\n|-fieldstart|move: Misty Terrain|[from] ability: Misty Surge|[of] p1a: Tapu Fini\n|turn|23\n|\n|t:|1698774195\n|-terastallize|p1a: Tapu Fini|Steel\n|move|p2a: Arceus|Judgment|p1a: Tapu Fini\n|-resisted|p1a: Tapu Fini\n|-damage|p1a: Tapu Fini|47\/100\n|move|p1a: Tapu Fini|Whirlpool|p2a: Arceus\n|-damage|p2a: Arceus|78\/100\n|-activate|p2a: Arceus|move: Whirlpool|[of] p1a: Tapu Fini\n|\n|-heal|p1a: Tapu Fini|53\/100|[from] item: Leftovers\n|-damage|p2a: Arceus|65\/100|[from] move: Whirlpool|[partiallytrapped]\n|upkeep\n|turn|24\n|\n|t:|1698774200\n|move|p2a: Arceus|Taunt|p1a: Tapu Fini\n|-start|p1a: Tapu Fini|move: Taunt\n|move|p1a: Tapu Fini|Nature's Madness|p2a: Arceus\n|-damage|p2a: Arceus|33\/100\n|\n|-heal|p1a: Tapu Fini|59\/100|[from] item: Leftovers\n|-damage|p2a: Arceus|21\/100|[from] move: Whirlpool|[partiallytrapped]\n|upkeep\n|turn|25\n|\n|t:|1698774204\n|move|p2a: Arceus|Recover|p2a: Arceus\n|-heal|p2a: Arceus|71\/100\n|move|p1a: Tapu Fini|Moonblast|p2a: Arceus\n|-damage|p2a: Arceus|49\/100\n|\n|-heal|p1a: Tapu Fini|66\/100|[from] item: Leftovers\n|-damage|p2a: Arceus|37\/100|[from] move: Whirlpool|[partiallytrapped]\n|upkeep\n|turn|26\n|\n|t:|1698774207\n|move|p2a: Arceus|Recover|p2a: Arceus\n|-heal|p2a: Arceus|87\/100\n|move|p1a: Tapu Fini|Nature's Madness|p2a: Arceus\n|-damage|p2a: Arceus|44\/100\n|\n|-heal|p1a: Tapu Fini|72\/100|[from] item: Leftovers\n|-damage|p2a: Arceus|31\/100|[from] move: Whirlpool|[partiallytrapped]\n|-end|p1a: Tapu Fini|move: Taunt\n|upkeep\n|turn|27\n|\n|t:|1698774210\n|move|p2a: Arceus|Recover|p2a: Arceus\n|-heal|p2a: Arceus|81\/100\n|move|p1a: Tapu Fini|Taunt|p2a: Arceus\n|-start|p2a: Arceus|move: Taunt\n|\n|-heal|p1a: Tapu Fini|78\/100|[from] item: Leftovers\n|-end|p2a: Arceus|Whirlpool|[partiallytrapped]\n|-fieldend|Misty Terrain\n|upkeep\n|turn|28\n|\n|t:|1698774215\n|switch|p2a: Zamazenta|Zamazenta-Crowned|100\/100\n|-damage|p2a: Zamazenta|97\/100|[from] Stealth Rock\n|-ability|p2a: Zamazenta|Dauntless Shield|boost\n|-boost|p2a: Zamazenta|def|1\n|move|p1a: Tapu Fini|Nature's Madness|p2a: Zamazenta|[miss]\n|-miss|p1a: Tapu Fini|p2a: Zamazenta\n|\n|-heal|p1a: Tapu Fini|84\/100|[from] item: Leftovers\n|upkeep\n|turn|29\n|\n|t:|1698774223\n|switch|p1a: Scizor|Scizor-Mega, M|100\/100\n|-damage|p1a: Scizor|88\/100|[from] Stealth Rock\n|move|p2a: Zamazenta|Iron Defense|p2a: Zamazenta\n|-boost|p2a: Zamazenta|def|2\n|\n|upkeep\n|turn|30\n|\n|t:|1698774228\n|move|p2a: Zamazenta|Iron Defense|p2a: Zamazenta\n|-boost|p2a: Zamazenta|def|2\n|move|p1a: Scizor|Curse|p1a: Scizor\n|-unboost|p1a: Scizor|spe|1\n|-boost|p1a: Scizor|atk|1\n|-boost|p1a: Scizor|def|1\n|\n|upkeep\n|turn|31\n|\n|t:|1698774231\n|move|p2a: Zamazenta|Iron Defense|p2a: Zamazenta\n|-boost|p2a: Zamazenta|def|1\n|move|p1a: Scizor|Curse|p1a: Scizor\n|-unboost|p1a: Scizor|spe|1\n|-boost|p1a: Scizor|atk|1\n|-boost|p1a: Scizor|def|1\n|\n|upkeep\n|turn|32\n|\n|t:|1698774232\n|move|p2a: Zamazenta|Body Press|p1a: Scizor\n|-damage|p1a: Scizor|43\/100\n|move|p1a: Scizor|Curse|p1a: Scizor\n|-unboost|p1a: Scizor|spe|1\n|-boost|p1a: Scizor|atk|1\n|-boost|p1a: Scizor|def|1\n|\n|upkeep\n|turn|33\n|\n|t:|1698774235\n|move|p2a: Zamazenta|Body Press|p1a: Scizor\n|-damage|p1a: Scizor|6\/100\n|move|p1a: Scizor|Roost|p1a: Scizor\n|-heal|p1a: Scizor|56\/100\n|-singleturn|p1a: Scizor|move: Roost\n|\n|upkeep\n|turn|34\n|\n|t:|1698774238\n|move|p2a: Zamazenta|Body Press|p1a: Scizor\n|-damage|p1a: Scizor|24\/100\n|move|p1a: Scizor|Curse|p1a: Scizor\n|-unboost|p1a: Scizor|spe|1\n|-boost|p1a: Scizor|atk|1\n|-boost|p1a: Scizor|def|1\n|\n|upkeep\n|turn|35\n|\n|t:|1698774241\n|move|p2a: Zamazenta|Body Press|p1a: Scizor\n|-damage|p1a: Scizor|0 fnt\n|faint|p1a: Scizor\n|\n|upkeep\n|c|\u2606F.A.M.E.246 2nd|Gg\n|-message|F.A.M.E.246 2nd forfeited.\n|\n|win|Walter black 0000\n|raw|F.A.M.E.246 2nd's rating: 1669 &rarr; <strong>1660<\/strong><br \/>(-9 for losing)\n|raw|Walter black 0000's rating: 1873 &rarr; <strong>1882<\/strong><br \/>(+9 for winning)\n|l|\u2606F.A.M.E.246 2nd\n|c|\u2606Walter black 0000|Gg\n","uploadtime":1698774270,"views":14,"p1id":"fame2462nd","p2id":"walterblack0000","formatid":"gen9nationaldexubers","rating":1660,"private":0,"password":""}