{"id":"gen9nationaldexubers-1978704397","p1":"AppleWalrus1","p2":"Breeze88","format":"[Gen 9] National Dex Ubers","log":"|j|\u2606AppleWalrus1\n|j|\u2606Breeze88\n|t:|1698584323\n|gametype|singles\n|player|p1|AppleWalrus1|caitlin|1531\n|player|p2|Breeze88|steven|1689\n|teamsize|p1|6\n|teamsize|p2|6\n|gen|9\n|tier|[Gen 9] National Dex Ubers\n|rated|\n|rule|HP Percentage Mod: HP is shown in percentages\n|rule|Endless Battle Clause: Forcing endless battles is banned\n|rule|OHKO Clause: OHKO moves are banned\n|rule|Evasion Moves Clause: Evasion moves are banned\n|rule|Evasion Items Clause: Evasion items are banned\n|rule|Species Clause: Limit one of each Pok\u00e9mon\n|rule|Sleep Clause Mod: Limit one foe put to sleep\n|rule|Mega Rayquaza Clause: You cannot mega evolve Rayquaza\n|clearpoke\n|poke|p1|Zacian-*|\n|poke|p1|Ho-Oh|\n|poke|p1|Zygarde|\n|poke|p1|Necrozma-Dusk-Mane|\n|poke|p1|Kyogre|\n|poke|p1|Groudon|\n|poke|p2|Shuckle, M|\n|poke|p2|Gholdengo|\n|poke|p2|Yveltal|\n|poke|p2|Groudon|\n|poke|p2|Arceus-Ground|\n|poke|p2|Xerneas-*|\n|teampreview\n|inactive|Battle timer is ON: inactive players will automatically lose when time's up. (requested by Breeze88)\n|inactive|AppleWalrus1 also wants the timer to be on.\n|c|\u2606Breeze88|glhf\n|inactive|AppleWalrus1 has 120 seconds left.\n|\n|t:|1698584361\n|start\n|switch|p1a: Kyogre|Kyogre|100\/100\n|switch|p2a: Shuckle|Shuckle, M, shiny|100\/100\n|detailschange|p1a: Kyogre|Kyogre-Primal\n|-primal|p1a: Kyogre|Blue Orb\n|-weather|PrimordialSea|[from] ability: Primordial Sea|[of] p1a: Kyogre\n|turn|1\n|\n|t:|1698584369\n|move|p1a: Kyogre|Origin Pulse|p2a: Shuckle\n|-supereffective|p2a: Shuckle\n|-ability|p2a: Shuckle|Sturdy\n|-damage|p2a: Shuckle|1\/100\n|move|p2a: Shuckle|Sticky Web|p1a: Kyogre\n|-sidestart|p1: AppleWalrus1|move: Sticky Web\n|\n|-weather|PrimordialSea|[upkeep]\n|upkeep\n|turn|2\n|\n|t:|1698584381\n|move|p1a: Kyogre|Ice Beam|p2a: Shuckle\n|-damage|p2a: Shuckle|0 fnt\n|faint|p2a: Shuckle\n|\n|-weather|PrimordialSea|[upkeep]\n|upkeep\n|\n|t:|1698584385\n|switch|p2a: Groudon|Groudon|100\/100\n|detailschange|p2a: Groudon|Groudon-Primal\n|-primal|p2a: Groudon|Red Orb\n|-weather|DesolateLand|[from] ability: Desolate Land|[of] p2a: Groudon\n|turn|3\n|\n|t:|1698584399\n|switch|p1a: Zygarde|Zygarde|100\/100\n|-activate|p1a: Zygarde|move: Sticky Web\n|-unboost|p1a: Zygarde|spe|1\n|move|p2a: Groudon|Swords Dance|p2a: Groudon\n|-boost|p2a: Groudon|atk|2\n|\n|-weather|DesolateLand|[upkeep]\n|upkeep\n|turn|4\n|\n|t:|1698584418\n|move|p2a: Groudon|Precipice Blades|p1a: Zygarde\n|-damage|p1a: Zygarde|32\/100\n|move|p1a: Zygarde|Glare|p2a: Groudon\n|-status|p2a: Groudon|par\n|\n|-weather|DesolateLand|[upkeep]\n|-heal|p1a: Zygarde|38\/100|[from] item: Leftovers\n|-activate|p1a: Zygarde|ability: Power Construct\n|detailschange|p1a: Zygarde|Zygarde-Complete\n|-heal|p1a: Zygarde|60\/100|[silent]\n|upkeep\n|turn|5\n|\n|t:|1698584436\n|move|p1a: Zygarde|Coil|p1a: Zygarde\n|-boost|p1a: Zygarde|atk|1\n|-boost|p1a: Zygarde|def|1\n|-boost|p1a: Zygarde|accuracy|1\n|cant|p2a: Groudon|par\n|\n|-weather|DesolateLand|[upkeep]\n|-heal|p1a: Zygarde|66\/100|[from] item: Leftovers\n|upkeep\n|turn|6\n|\n|t:|1698584444\n|-weather|none\n|switch|p2a: Xerneas|Xerneas, shiny|100\/100\n|-ability|p2a: Xerneas|Fairy Aura\n|move|p1a: Zygarde|Thousand Arrows|p2a: Xerneas\n|-damage|p2a: Xerneas|64\/100\n|\n|-heal|p1a: Zygarde|72\/100|[from] item: Leftovers\n|upkeep\n|turn|7\n|\n|t:|1698584458\n|switch|p1a: Zacian|Zacian-Crowned|100\/100\n|-activate|p1a: Zacian|move: Sticky Web\n|-unboost|p1a: Zacian|spe|1\n|-ability|p1a: Zacian|Intrepid Sword|boost\n|-boost|p1a: Zacian|atk|1\n|move|p2a: Xerneas|Moonblast|p1a: Zacian\n|-resisted|p1a: Zacian\n|-damage|p1a: Zacian|64\/100\n|\n|upkeep\n|turn|8\n|\n|t:|1698584474\n|switch|p2a: Groudon|Groudon-Primal|100\/100 par\n|-weather|DesolateLand|[from] ability: Desolate Land|[of] p2a: Groudon\n|move|p1a: Zacian|Behemoth Blade|p2a: Groudon\n|-resisted|p2a: Groudon\n|-damage|p2a: Groudon|73\/100 par\n|\n|-weather|DesolateLand|[upkeep]\n|upkeep\n|turn|9\n|inactive|AppleWalrus1 has 120 seconds left.\n|\n|t:|1698584503\n|switch|p1a: Zygarde|Zygarde-Complete|72\/100\n|-activate|p1a: Zygarde|move: Sticky Web\n|-unboost|p1a: Zygarde|spe|1\n|cant|p2a: Groudon|par\n|\n|-weather|DesolateLand|[upkeep]\n|-heal|p1a: Zygarde|78\/100|[from] item: Leftovers\n|upkeep\n|turn|10\n|\n|t:|1698584513\n|move|p1a: Zygarde|Glare|p2a: Groudon\n|-fail|p2a: Groudon|par\n|cant|p2a: Groudon|par\n|\n|-weather|DesolateLand|[upkeep]\n|-heal|p1a: Zygarde|85\/100|[from] item: Leftovers\n|upkeep\n|turn|11\n|\n|t:|1698584521\n|move|p1a: Zygarde|Thousand Arrows|p2a: Groudon\n|-supereffective|p2a: Groudon\n|-damage|p2a: Groudon|36\/100 par\n|move|p2a: Groudon|Eruption|p1a: Zygarde\n|-resisted|p1a: Zygarde\n|-damage|p1a: Zygarde|71\/100\n|\n|-weather|DesolateLand|[upkeep]\n|-heal|p1a: Zygarde|77\/100|[from] item: Leftovers\n|upkeep\n|turn|12\n|\n|t:|1698584531\n|-weather|none\n|switch|p2a: Yveltal|Yveltal, shiny|100\/100\n|-ability|p2a: Yveltal|Dark Aura\n|move|p1a: Zygarde|Thousand Arrows|p2a: Yveltal\n|-damage|p2a: Yveltal|74\/100\n|-start|p2a: Yveltal|Smack Down\n|\n|-heal|p1a: Zygarde|83\/100|[from] item: Leftovers\n|upkeep\n|turn|13\n|\n|t:|1698584535\n|move|p2a: Yveltal|Taunt|p1a: Zygarde\n|-start|p1a: Zygarde|move: Taunt\n|cant|p1a: Zygarde|move: Taunt|Glare\n|\n|-heal|p1a: Zygarde|89\/100|[from] item: Leftovers\n|upkeep\n|turn|14\n|\n|t:|1698584541\n|switch|p1a: Ho-Oh|Ho-Oh|100\/100\n|move|p2a: Yveltal|Dark Pulse|p1a: Ho-Oh\n|-damage|p1a: Ho-Oh|63\/100\n|-damage|p2a: Yveltal|64\/100|[from] item: Life Orb\n|\n|upkeep\n|turn|15\n|\n|t:|1698584547\n|move|p2a: Yveltal|Taunt|p1a: Ho-Oh\n|-start|p1a: Ho-Oh|move: Taunt\n|cant|p1a: Ho-Oh|move: Taunt|Defog\n|\n|upkeep\n|turn|16\n|inactive|Breeze88 has 120 seconds left.\n|\n|t:|1698584581\n|move|p2a: Yveltal|Dark Pulse|p1a: Ho-Oh\n|-damage|p1a: Ho-Oh|23\/100\n|-damage|p2a: Yveltal|54\/100|[from] item: Life Orb\n|move|p1a: Ho-Oh|Sacred Fire|p2a: Yveltal\n|-damage|p2a: Yveltal|11\/100\n|-status|p2a: Yveltal|brn\n|\n|-damage|p2a: Yveltal|5\/100 brn|[from] brn\n|upkeep\n|turn|17\n|inactive|AppleWalrus1 has 120 seconds left.\n|\n|t:|1698584625\n|switch|p1a: Zygarde|Zygarde-Complete|89\/100\n|-activate|p1a: Zygarde|move: Sticky Web\n|-unboost|p1a: Zygarde|spe|1\n|move|p2a: Yveltal|Oblivion Wing|p1a: Zygarde\n|-damage|p1a: Zygarde|59\/100\n|-heal|p2a: Yveltal|41\/100 brn|[from] drain|[of] p1a: Zygarde\n|-damage|p2a: Yveltal|31\/100 brn|[from] item: Life Orb\n|\n|-heal|p1a: Zygarde|66\/100|[from] item: Leftovers\n|-damage|p2a: Yveltal|25\/100 brn|[from] brn\n|upkeep\n|turn|18\n|\n|t:|1698584637\n|move|p2a: Yveltal|Taunt|p1a: Zygarde\n|-start|p1a: Zygarde|move: Taunt\n|move|p1a: Zygarde|Thousand Arrows|p2a: Yveltal\n|-damage|p2a: Yveltal|0 fnt\n|faint|p2a: Yveltal\n|\n|-heal|p1a: Zygarde|72\/100|[from] item: Leftovers\n|upkeep\n|inactive|Breeze88 has 120 seconds left.\n|\n|t:|1698584661\n|switch|p2a: Xerneas|Xerneas, shiny|64\/100\n|-ability|p2a: Xerneas|Fairy Aura\n|turn|19\n|inactive|AppleWalrus1 has 120 seconds left.\n|\n|t:|1698584671\n|switch|p1a: Groudon|Groudon|100\/100\n|-activate|p1a: Groudon|move: Sticky Web\n|-unboost|p1a: Groudon|spe|1\n|detailschange|p1a: Groudon|Groudon-Primal\n|-primal|p1a: Groudon|Red Orb\n|-weather|DesolateLand|[from] ability: Desolate Land|[of] p1a: Groudon\n|move|p2a: Xerneas|Geomancy||[still]\n|-prepare|p2a: Xerneas|Geomancy\n|-enditem|p2a: Xerneas|Power Herb\n|-anim|p2a: Xerneas|Geomancy|p2a: Xerneas\n|-boost|p2a: Xerneas|spa|2\n|-boost|p2a: Xerneas|spd|2\n|-boost|p2a: Xerneas|spe|2\n|\n|-weather|DesolateLand|[upkeep]\n|upkeep\n|turn|20\n|inactive|Breeze88 has 120 seconds left.\n|\n|t:|1698584694\n|move|p2a: Xerneas|Substitute|p2a: Xerneas\n|-start|p2a: Xerneas|Substitute\n|-damage|p2a: Xerneas|39\/100\n|move|p1a: Groudon|Precipice Blades|p2a: Xerneas\n|-end|p2a: Xerneas|Substitute\n|\n|-weather|DesolateLand|[upkeep]\n|upkeep\n|turn|21\n|inactive|Breeze88 has 120 seconds left.\n|\n|t:|1698584708\n|move|p2a: Xerneas|Substitute|p2a: Xerneas\n|-start|p2a: Xerneas|Substitute\n|-damage|p2a: Xerneas|14\/100\n|move|p1a: Groudon|Precipice Blades|p2a: Xerneas\n|-end|p2a: Xerneas|Substitute\n|\n|-weather|DesolateLand|[upkeep]\n|upkeep\n|turn|22\n|inactive|Breeze88 has 120 seconds left.\n|\n|t:|1698584715\n|-terastallize|p2a: Xerneas|Fairy\n|move|p2a: Xerneas|Moonblast|p1a: Groudon\n|-resisted|p1a: Groudon\n|-damage|p1a: Groudon|11\/100\n|move|p1a: Groudon|Precipice Blades|p2a: Xerneas\n|-damage|p2a: Xerneas|0 fnt\n|faint|p2a: Xerneas\n|\n|-weather|DesolateLand|[upkeep]\n|upkeep\n|inactive|Breeze88 has 120 seconds left.\n|\n|t:|1698584731\n|switch|p2a: Arceus|Arceus-Ground|100\/100\n|turn|23\n|\n|t:|1698584742\n|-weather|none\n|switch|p1a: Ho-Oh|Ho-Oh|57\/100\n|move|p2a: Arceus|Swords Dance|p2a: Arceus\n|-boost|p2a: Arceus|atk|2\n|\n|upkeep\n|turn|24\n|\n|t:|1698584755\n|move|p2a: Arceus|Stone Edge|p1a: Ho-Oh\n|-supereffective|p1a: Ho-Oh\n|-crit|p1a: Ho-Oh\n|-damage|p1a: Ho-Oh|0 fnt\n|faint|p1a: Ho-Oh\n|\n|upkeep\n|\n|t:|1698584774\n|switch|p1a: Zygarde|Zygarde-Complete|72\/100\n|-activate|p1a: Zygarde|move: Sticky Web\n|-unboost|p1a: Zygarde|spe|1\n|turn|25\n|inactive|Breeze88 has 120 seconds left.\n|\n|t:|1698584794\n|-zpower|p2a: Arceus\n|move|p2a: Arceus|Tectonic Rage|p1a: Zygarde|[zeffect]\n|-damage|p1a: Zygarde|0 fnt\n|faint|p1a: Zygarde\n|\n|upkeep\n|\n|t:|1698584804\n|switch|p1a: Kyogre|Kyogre-Primal|100\/100\n|-activate|p1a: Kyogre|move: Sticky Web\n|-unboost|p1a: Kyogre|spe|1\n|-weather|PrimordialSea|[from] ability: Primordial Sea|[of] p1a: Kyogre\n|turn|26\n|\n|t:|1698584807\n|move|p2a: Arceus|Earthquake|p1a: Kyogre\n|-damage|p1a: Kyogre|0 fnt\n|faint|p1a: Kyogre\n|-weather|none\n|\n|upkeep\n|\n|t:|1698584836\n|switch|p1a: Necrozma|Necrozma-Dusk-Mane|100\/100\n|-activate|p1a: Necrozma|move: Sticky Web\n|-unboost|p1a: Necrozma|spe|1\n|turn|27\n|\n|t:|1698584844\n|detailschange|p1a: Necrozma|Necrozma-Ultra\n|-burst|p1a: Necrozma|Necrozma|Ultranecrozium Z\n|move|p2a: Arceus|Earthquake|p1a: Necrozma\n|-crit|p1a: Necrozma\n|-damage|p1a: Necrozma|0 fnt\n|faint|p1a: Necrozma\n|\n|upkeep\n|\n|t:|1698584849\n|switch|p1a: Groudon|Groudon-Primal|11\/100\n|-activate|p1a: Groudon|move: Sticky Web\n|-unboost|p1a: Groudon|spe|1\n|-weather|DesolateLand|[from] ability: Desolate Land|[of] p1a: Groudon\n|turn|28\n|\n|t:|1698584855\n|move|p2a: Arceus|Earthquake|p1a: Groudon\n|-supereffective|p1a: Groudon\n|-damage|p1a: Groudon|0 fnt\n|faint|p1a: Groudon\n|-weather|none\n|\n|upkeep\n|\n|t:|1698584857\n|switch|p1a: Zacian|Zacian-Crowned|64\/100\n|-activate|p1a: Zacian|move: Sticky Web\n|-unboost|p1a: Zacian|spe|1\n|turn|29\n|\n|t:|1698584863\n|-terastallize|p1a: Zacian|Steel\n|move|p2a: Arceus|Earthquake|p1a: Zacian\n|-supereffective|p1a: Zacian\n|-damage|p1a: Zacian|0 fnt\n|faint|p1a: Zacian\n|\n|win|Breeze88\n|raw|AppleWalrus1's rating: 1531 &rarr; <strong>1520<\/strong><br \/>(-11 for losing)\n|raw|Breeze88's rating: 1689 &rarr; <strong>1700<\/strong><br \/>(+11 for winning)\n|c|\u2606Breeze88|ggwp\n","uploadtime":1698584870,"views":11,"p1id":"applewalrus1","p2id":"breeze88","formatid":"gen9nationaldexubers","rating":1520,"private":0,"password":""}