{"id":"gen9nationaldexubers-1982996769","p1":"Hammer Enthusiest","p2":"aquiles meo","format":"[Gen 9] National Dex Ubers","log":"|j|\u2606Hammer Enthusiest\n|j|\u2606aquiles meo\n|t:|1699067851\n|gametype|singles\n|player|p1|Hammer Enthusiest|cynthia-gen4|1165\n|player|p2|aquiles meo|102|1128\n|teamsize|p1|6\n|teamsize|p2|6\n|gen|9\n|tier|[Gen 9] National Dex Ubers\n|rated|\n|rule|HP Percentage Mod: HP is shown in percentages\n|rule|Endless Battle Clause: Forcing endless battles is banned\n|rule|OHKO Clause: OHKO moves are banned\n|rule|Evasion Moves Clause: Evasion moves are banned\n|rule|Evasion Items Clause: Evasion items are banned\n|rule|Species Clause: Limit one of each Pok\u00e9mon\n|rule|Sleep Clause Mod: Limit one foe put to sleep\n|rule|Mega Rayquaza Clause: You cannot mega evolve Rayquaza\n|clearpoke\n|poke|p1|Spiritomb, M|\n|poke|p1|Roserade, F|\n|poke|p1|Togekiss, M|\n|poke|p1|Lucario, F|\n|poke|p1|Milotic, F|\n|poke|p1|Garchomp, F|\n|poke|p2|Jirachi|\n|poke|p2|Ho-Oh|\n|poke|p2|Rayquaza|\n|poke|p2|Pidgeot, M|\n|poke|p2|Lucario, M|\n|poke|p2|Luxray, M|\n|teampreview\n|c|\u2606Hammer Enthusiest|Fiddle Dee Doo, FIddle Dee ditch, It's me Cynthia and i'm back bitch\n|c|\u2606aquiles meo|I\n|c|\u2606aquiles meo|hardly contain my excitement and joy\n|\n|t:|1699067876\n|start\n|switch|p1a: Spiritomb|Spiritomb, M|100\/100\n|switch|p2a: Jirachi|Jirachi, shiny|100\/100\n|turn|1\n|\n|t:|1699067890\n|-terastallize|p2a: Jirachi|Water\n|move|p2a: Jirachi|Iron Head|p1a: Spiritomb\n|-damage|p1a: Spiritomb|66\/100\n|-zpower|p1a: Spiritomb\n|move|p1a: Spiritomb|Z-Nasty Plot|p1a: Spiritomb|[anim]Nasty Plot\n|-clearnegativeboost|p1a: Spiritomb|[zeffect]\n|-boost|p1a: Spiritomb|spa|2\n|\n|upkeep\n|turn|2\n|\n|t:|1699067911\n|move|p2a: Jirachi|Iron Head|p1a: Spiritomb\n|-damage|p1a: Spiritomb|36\/100\n|move|p1a: Spiritomb|Dark Pulse|p2a: Jirachi\n|-damage|p2a: Jirachi|35\/100\n|\n|-heal|p2a: Jirachi|41\/100|[from] item: Leftovers\n|upkeep\n|turn|3\n|\n|t:|1699067932\n|move|p2a: Jirachi|Iron Head|p1a: Spiritomb\n|-damage|p1a: Spiritomb|3\/100\n|cant|p1a: Spiritomb|flinch\n|\n|-heal|p2a: Jirachi|47\/100|[from] item: Leftovers\n|upkeep\n|turn|4\n|c|\u2606Hammer Enthusiest|aw fuck\n|\n|t:|1699067946\n|move|p2a: Jirachi|Iron Head|p1a: Spiritomb\n|-damage|p1a: Spiritomb|0 fnt\n|faint|p1a: Spiritomb\n|\n|-heal|p2a: Jirachi|53\/100|[from] item: Leftovers\n|upkeep\n|\n|t:|1699067950\n|switch|p1a: Roserade|Roserade, F|100\/100\n|turn|5\n|\n|t:|1699067959\n|move|p2a: Jirachi|Doom Desire|p1a: Roserade\n|-start|p2a: Jirachi|Doom Desire\n|move|p1a: Roserade|Energy Ball|p2a: Jirachi\n|-supereffective|p2a: Jirachi\n|-damage|p2a: Jirachi|0 fnt\n|faint|p2a: Jirachi\n|\n|upkeep\n|\n|t:|1699067966\n|switch|p2a: Ho-Oh|Ho-Oh, shiny|100\/100\n|turn|6\n|\n|t:|1699067972\n|move|p1a: Roserade|Sludge Bomb|p2a: Ho-Oh\n|-crit|p2a: Ho-Oh\n|-damage|p2a: Ho-Oh|55\/100\n|move|p2a: Ho-Oh|Sacred Fire|p1a: Roserade\n|-supereffective|p1a: Roserade\n|-damage|p1a: Roserade|0 fnt\n|faint|p1a: Roserade\n|\n|upkeep\n|\n|t:|1699067981\n|switch|p1a: Togekiss|Togekiss, M|100\/100\n|turn|7\n|\n|t:|1699068012\n|switch|p2a: Lucario|Lucario, M, shiny|100\/100\n|move|p1a: Togekiss|Thunder Wave|p2a: Lucario\n|-status|p2a: Lucario|par\n|\n|-end|p1a: Togekiss|move: Doom Desire\n|-supereffective|p1a: Togekiss\n|-damage|p1a: Togekiss|25\/100\n|-heal|p1a: Togekiss|31\/100|[from] item: Leftovers\n|upkeep\n|turn|8\n|\n|t:|1699068023\n|cant|p2a: Lucario|par\n|move|p1a: Togekiss|Air Slash|p2a: Lucario\n|-damage|p2a: Lucario|39\/100 par\n|\n|-heal|p1a: Togekiss|37\/100|[from] item: Leftovers\n|upkeep\n|turn|9\n|\n|t:|1699068031\n|move|p2a: Lucario|Bullet Punch|p1a: Togekiss\n|-supereffective|p1a: Togekiss\n|-damage|p1a: Togekiss|4\/100\n|move|p1a: Togekiss|Air Slash|p2a: Lucario\n|-damage|p2a: Lucario|0 fnt\n|faint|p2a: Lucario\n|\n|-heal|p1a: Togekiss|10\/100|[from] item: Leftovers\n|upkeep\n|\n|t:|1699068038\n|switch|p2a: Pidgeot|Pidgeot, M, shiny|100\/100\n|turn|10\n|\n|t:|1699068051\n|detailschange|p2a: Pidgeot|Pidgeot-Mega, M, shiny\n|-mega|p2a: Pidgeot|Pidgeot|Pidgeotite\n|move|p2a: Pidgeot|Tailwind|p2a: Pidgeot\n|-sidestart|p2: aquiles meo|move: Tailwind\n|move|p1a: Togekiss|Thunder Wave|p2a: Pidgeot\n|-status|p2a: Pidgeot|par\n|\n|-heal|p1a: Togekiss|17\/100|[from] item: Leftovers\n|upkeep\n|turn|11\n|\n|t:|1699068062\n|move|p2a: Pidgeot|Ominous Wind|p1a: Togekiss\n|-damage|p1a: Togekiss|0 fnt\n|faint|p1a: Togekiss\n|\n|upkeep\n|\n|t:|1699068067\n|switch|p1a: Milotic|Milotic, F|100\/100\n|turn|12\n|\n|t:|1699068088\n|switch|p2a: Luxray|Luxray, M, shiny|100\/100\n|move|p1a: Milotic|Ice Beam|p2a: Luxray\n|-damage|p2a: Luxray|76\/100\n|\n|-status|p1a: Milotic|brn|[from] item: Flame Orb\n|upkeep\n|turn|13\n|\n|t:|1699068100\n|move|p2a: Luxray|Wild Charge|p1a: Milotic\n|-supereffective|p1a: Milotic\n|-damage|p1a: Milotic|63\/100 brn\n|-damage|p2a: Luxray|65\/100|[from] Recoil\n|move|p1a: Milotic|Scald|p2a: Luxray\n|-damage|p2a: Luxray|32\/100\n|-status|p2a: Luxray|brn\n|\n|-damage|p2a: Luxray|26\/100 brn|[from] brn\n|-damage|p1a: Milotic|57\/100 brn|[from] brn\n|-sideend|p2: aquiles meo|move: Tailwind\n|upkeep\n|turn|14\n|\n|t:|1699068113\n|-zpower|p2a: Luxray\n|move|p2a: Luxray|Gigavolt Havoc|p1a: Milotic|[zeffect]\n|-supereffective|p1a: Milotic\n|-damage|p1a: Milotic|0 fnt\n|faint|p1a: Milotic\n|\n|-damage|p2a: Luxray|20\/100 brn|[from] brn\n|upkeep\n|\n|t:|1699068119\n|switch|p1a: Lucario|Lucario, F|100\/100\n|turn|15\n|\n|t:|1699068133\n|detailschange|p1a: Lucario|Lucario-Mega, F\n|-mega|p1a: Lucario|Lucario|Lucarionite\n|move|p1a: Lucario|Flash Cannon|p2a: Luxray\n|-resisted|p2a: Luxray\n|-damage|p2a: Luxray|0 fnt\n|faint|p2a: Luxray\n|\n|upkeep\n|\n|t:|1699068141\n|switch|p2a: Ho-Oh|Ho-Oh, shiny|88\/100\n|turn|16\n|\n|t:|1699068148\n|move|p1a: Lucario|Psychic|p2a: Ho-Oh\n|-damage|p2a: Ho-Oh|66\/100\n|move|p2a: Ho-Oh|Sacred Fire|p1a: Lucario\n|-supereffective|p1a: Lucario\n|-damage|p1a: Lucario|0 fnt\n|faint|p1a: Lucario\n|\n|upkeep\n|\n|t:|1699068150\n|switch|p1a: Garchomp|Garchomp, F|100\/100\n|turn|17\n|\n|t:|1699068160\n|move|p1a: Garchomp|Swords Dance|p1a: Garchomp\n|-boost|p1a: Garchomp|atk|2\n|move|p2a: Ho-Oh|Sacred Fire|p1a: Garchomp\n|-resisted|p1a: Garchomp\n|-damage|p1a: Garchomp|79\/100\n|-status|p1a: Garchomp|brn\n|\n|-damage|p1a: Garchomp|73\/100 brn|[from] brn\n|upkeep\n|turn|18\n|\n|t:|1699068176\n|move|p1a: Garchomp|Dragon Claw|p2a: Ho-Oh\n|-damage|p2a: Ho-Oh|31\/100\n|move|p2a: Ho-Oh|Calm Mind|p2a: Ho-Oh\n|-boost|p2a: Ho-Oh|spa|1\n|-boost|p2a: Ho-Oh|spd|1\n|\n|-damage|p1a: Garchomp|67\/100 brn|[from] brn\n|upkeep\n|turn|19\n|\n|t:|1699068191\n|switch|p2a: Pidgeot|Pidgeot-Mega, M, shiny|100\/100 par\n|move|p1a: Garchomp|Dragon Claw|p2a: Pidgeot\n|-damage|p2a: Pidgeot|51\/100 par\n|\n|-damage|p1a: Garchomp|60\/100 brn|[from] brn\n|upkeep\n|turn|20\n|\n|t:|1699068214\n|move|p1a: Garchomp|Dragon Claw|p2a: Pidgeot\n|-damage|p2a: Pidgeot|0 fnt\n|faint|p2a: Pidgeot\n|\n|-damage|p1a: Garchomp|54\/100 brn|[from] brn\n|upkeep\n|\n|t:|1699068220\n|switch|p2a: Rayquaza|Rayquaza, shiny|100\/100\n|-ability|p2a: Rayquaza|Air Lock\n|turn|21\n|\n|t:|1699068232\n|-terastallize|p1a: Garchomp|Dragon\n|move|p1a: Garchomp|Dragon Claw|p2a: Rayquaza\n|-supereffective|p2a: Rayquaza\n|-damage|p2a: Rayquaza|0 fnt\n|faint|p2a: Rayquaza\n|\n|-damage|p1a: Garchomp|48\/100 brn|[from] brn\n|upkeep\n|\n|t:|1699068243\n|switch|p2a: Ho-Oh|Ho-Oh, shiny|64\/100\n|turn|22\n|\n|t:|1699068250\n|move|p1a: Garchomp|Dragon Claw|p2a: Ho-Oh\n|-damage|p2a: Ho-Oh|15\/100\n|move|p2a: Ho-Oh|Burn Up|p1a: Garchomp\n|-resisted|p1a: Garchomp\n|-damage|p1a: Garchomp|11\/100 brn\n|-start|p2a: Ho-Oh|typechange|???\/Flying|[from] move: Burn Up\n|\n|-damage|p1a: Garchomp|5\/100 brn|[from] brn\n|upkeep\n|turn|23\n|\n|t:|1699068265\n|move|p1a: Garchomp|Dragon Claw|p2a: Ho-Oh\n|-damage|p2a: Ho-Oh|0 fnt\n|faint|p2a: Ho-Oh\n|\n|win|Hammer Enthusiest\n|raw|Hammer Enthusiest's rating: 1165 &rarr; <strong>1187<\/strong><br \/>(+22 for winning)\n|raw|aquiles meo's rating: 1128 &rarr; <strong>1106<\/strong><br \/>(-22 for losing)\n|c|\u2606Hammer Enthusiest|gg\n|c|\u2606aquiles meo|I didnt think\n|c|\u2606aquiles meo|Id lose\n|c|\u2606aquiles meo|good game\n","uploadtime":1699068278,"views":8,"p1id":"hammerenthusiest","p2id":"aquilesmeo","formatid":"gen9nationaldexubers","rating":1106,"private":0,"password":""}