{"id":"gen9nationaldexubers-1986448991","p1":"BigMommaBadger","p2":"Z13MB0","format":"[Gen 9] National Dex Ubers","log":"|j|\u2606BigMommaBadger\n|j|\u2606Z13MB0\n|t:|1699480223\n|gametype|singles\n|player|p1|BigMommaBadger|pokemonrangerf|1085\n|player|p2|Z13MB0|cameraman|1000\n|teamsize|p1|6\n|teamsize|p2|6\n|gen|9\n|tier|[Gen 9] National Dex Ubers\n|rated|\n|rule|HP Percentage Mod: HP is shown in percentages\n|rule|Endless Battle Clause: Forcing endless battles is banned\n|rule|OHKO Clause: OHKO moves are banned\n|rule|Evasion Moves Clause: Evasion moves are banned\n|rule|Evasion Items Clause: Evasion items are banned\n|rule|Species Clause: Limit one of each Pok\u00e9mon\n|rule|Sleep Clause Mod: Limit one foe put to sleep\n|rule|Mega Rayquaza Clause: You cannot mega evolve Rayquaza\n|clearpoke\n|poke|p1|Serperior, F|\n|poke|p1|Samurott, M|\n|poke|p1|Emboar, M|\n|poke|p1|Krookodile, M|\n|poke|p1|Swoobat, F|\n|poke|p1|Kyurem-White|\n|poke|p2|Zekrom|\n|poke|p2|Zygarde|\n|poke|p2|Rayquaza|\n|poke|p2|Runerigus, F|\n|poke|p2|Avalugg-Hisui, M|\n|poke|p2|Dialga|\n|teampreview\n|\n|t:|1699480230\n|start\n|switch|p1a: Swoops|Swoobat, F, shiny|100\/100\n|switch|p2a: Avalugg|Avalugg-Hisui, M|100\/100\n|turn|1\n|\n|t:|1699480237\n|move|p1a: Swoops|Calm Mind|p1a: Swoops\n|-boost|p1a: Swoops|spa|2\n|-boost|p1a: Swoops|spd|2\n|move|p2a: Avalugg|Double-Edge|p1a: Swoops\n|-damage|p1a: Swoops|34\/100\n|-damage|p2a: Avalugg|85\/100|[from] Recoil\n|\n|upkeep\n|turn|2\n|\n|t:|1699480246\n|move|p1a: Swoops|Roost|p1a: Swoops\n|-heal|p1a: Swoops|84\/100\n|-singleturn|p1a: Swoops|move: Roost\n|move|p2a: Avalugg|Double-Edge|p1a: Swoops\n|-damage|p1a: Swoops|20\/100\n|-damage|p2a: Avalugg|69\/100|[from] Recoil\n|\n|upkeep\n|turn|3\n|\n|t:|1699480255\n|move|p1a: Swoops|Stored Power|p2a: Avalugg\n|-damage|p2a: Avalugg|0 fnt\n|faint|p2a: Avalugg\n|\n|upkeep\n|\n|t:|1699480261\n|switch|p2a: Dialga|Dialga|100\/100\n|-ability|p2a: Dialga|Pressure\n|turn|4\n|\n|t:|1699480269\n|move|p1a: Swoops|Roost|p1a: Swoops\n|-heal|p1a: Swoops|70\/100\n|-singleturn|p1a: Swoops|move: Roost\n|move|p2a: Dialga|Overheat|p1a: Swoops\n|-damage|p1a: Swoops|31\/100\n|-unboost|p2a: Dialga|spa|2\n|\n|upkeep\n|turn|5\n|\n|t:|1699480278\n|move|p1a: Swoops|Roost|p1a: Swoops\n|-heal|p1a: Swoops|81\/100\n|-singleturn|p1a: Swoops|move: Roost\n|move|p2a: Dialga|Overheat|p1a: Swoops\n|-damage|p1a: Swoops|60\/100\n|-unboost|p2a: Dialga|spa|2\n|\n|upkeep\n|turn|6\n|\n|t:|1699480287\n|move|p1a: Swoops|Calm Mind|p1a: Swoops\n|-boost|p1a: Swoops|spa|2\n|-boost|p1a: Swoops|spd|2\n|move|p2a: Dialga|Draco Meteor|p1a: Swoops\n|-damage|p1a: Swoops|45\/100\n|-unboost|p2a: Dialga|spa|2\n|\n|upkeep\n|turn|7\n|\n|t:|1699480296\n|move|p1a: Swoops|Calm Mind|p1a: Swoops\n|-boost|p1a: Swoops|spa|2\n|-boost|p1a: Swoops|spd|2\n|move|p2a: Dialga|Focus Blast|p1a: Swoops\n|-resisted|p1a: Swoops\n|-damage|p1a: Swoops|43\/100\n|\n|upkeep\n|turn|8\n|\n|t:|1699480305\n|move|p1a: Swoops|Roost|p1a: Swoops\n|-heal|p1a: Swoops|93\/100\n|-singleturn|p1a: Swoops|move: Roost\n|move|p2a: Dialga|Overheat|p1a: Swoops\n|-damage|p1a: Swoops|88\/100\n|\n|upkeep\n|turn|9\n|\n|t:|1699480315\n|-terastallize|p2a: Dialga|Steel\n|move|p1a: Swoops|Stored Power|p2a: Dialga\n|-resisted|p2a: Dialga\n|-damage|p2a: Dialga|0 fnt\n|faint|p2a: Dialga\n|\n|upkeep\n|\n|t:|1699480323\n|switch|p2a: Zekrom|Zekrom, shiny|100\/100\n|-ability|p2a: Zekrom|Teravolt\n|turn|10\n|\n|t:|1699480346\n|move|p1a: Swoops|Stored Power|p2a: Zekrom\n|-damage|p2a: Zekrom|0 fnt\n|faint|p2a: Zekrom\n|\n|upkeep\n|\n|t:|1699480351\n|switch|p2a: Runerigus|Runerigus, F|100\/100\n|turn|11\n|\n|t:|1699480359\n|move|p1a: Swoops|Stored Power|p2a: Runerigus\n|-damage|p2a: Runerigus|0 fnt\n|faint|p2a: Runerigus\n|\n|upkeep\n|\n|t:|1699480363\n|switch|p2a: Rayquaza|Rayquaza|100\/100\n|-ability|p2a: Rayquaza|Air Lock\n|turn|12\n|\n|t:|1699480372\n|move|p1a: Swoops|Stored Power|p2a: Rayquaza\n|-damage|p2a: Rayquaza|0 fnt\n|faint|p2a: Rayquaza\n|\n|upkeep\n|\n|t:|1699480376\n|switch|p2a: Zygarde|Zygarde|100\/100\n|-ability|p2a: Zygarde|Aura Break\n|turn|13\n|\n|t:|1699480381\n|move|p1a: Swoops|Stored Power|p2a: Zygarde\n|-damage|p2a: Zygarde|0 fnt\n|faint|p2a: Zygarde\n|\n|win|BigMommaBadger\n|raw|BigMommaBadger's rating: 1085 &rarr; <strong>1106<\/strong><br \/>(+21 for winning)\n|raw|Z13MB0's rating: 1000 &rarr; <strong>1000<\/strong><br \/>(+0 for losing)\n|c|\u2606BigMommaBadger|gg\n","uploadtime":1699480386,"views":5,"p1id":"bigmommabadger","p2id":"z13mb0","formatid":"gen9nationaldexubers","rating":1000,"private":0,"password":""}