{"id":"gen9nationaldexubers-1994348594","p1":"Foxy25_75two","p2":"Flashlava100","format":"[Gen 9] National Dex Ubers","log":"|j|\u2606Foxy25_75two\n|j|\u2606Flashlava100\n|t:|1700433782\n|gametype|singles\n|player|p1|Foxy25_75two|ghetsis|1041\n|player|p2|Flashlava100|266|1041\n|teamsize|p1|5\n|teamsize|p2|6\n|gen|9\n|tier|[Gen 9] National Dex Ubers\n|rated|\n|rule|HP Percentage Mod: HP is shown in percentages\n|rule|Endless Battle Clause: Forcing endless battles is banned\n|rule|OHKO Clause: OHKO moves are banned\n|rule|Evasion Moves Clause: Evasion moves are banned\n|rule|Evasion Items Clause: Evasion items are banned\n|rule|Species Clause: Limit one of each Pok\u00e9mon\n|rule|Sleep Clause Mod: Limit one foe put to sleep\n|rule|Mega Rayquaza Clause: You cannot mega evolve Rayquaza\n|clearpoke\n|poke|p1|Flamigo, M|\n|poke|p1|Rotom-Fan|\n|poke|p1|Oricorio-Sensu, M|\n|poke|p1|Tropius, F|\n|poke|p1|Togekiss, F|\n|poke|p2|Baxcalibur, F|\n|poke|p2|Breloom, F|\n|poke|p2|Heracross, M|\n|poke|p2|Excadrill, M|\n|poke|p2|Cinccino, F|\n|poke|p2|Mew|\n|teampreview\n|\n|t:|1700433794\n|start\n|switch|p1a: Flamigo|Flamigo, M|100\/100\n|switch|p2a: Excadrill|Excadrill, M|100\/100\n|-ability|p2a: Excadrill|Mold Breaker\n|turn|1\n|inactive|Battle timer is ON: inactive players will automatically lose when time's up. (requested by Flashlava100)\n|\n|t:|1700433813\n|move|p2a: Excadrill|Rock Blast|p1a: Flamigo\n|-damage|p1a: Flamigo|89\/100\n|-damage|p1a: Flamigo|79\/100\n|-damage|p1a: Flamigo|68\/100\n|-damage|p1a: Flamigo|57\/100\n|-damage|p1a: Flamigo|47\/100\n|-hitcount|p1a: Flamigo|5\n|move|p1a: Flamigo|Liquidation|p2a: Excadrill\n|-supereffective|p2a: Excadrill\n|-damage|p2a: Excadrill|16\/100\n|-unboost|p2a: Excadrill|def|1\n|\n|upkeep\n|turn|2\n|\n|t:|1700433828\n|move|p2a: Excadrill|Rock Blast|p1a: Flamigo|[miss]\n|-miss|p2a: Excadrill|p1a: Flamigo\n|move|p1a: Flamigo|Liquidation|p2a: Excadrill\n|-supereffective|p2a: Excadrill\n|-damage|p2a: Excadrill|0 fnt\n|faint|p2a: Excadrill\n|\n|upkeep\n|j| Mattattac\n|\n|t:|1700433839\n|switch|p2a: Breloom|Breloom, F|100\/100\n|turn|3\n|\n|t:|1700433856\n|switch|p2a: Cinccino|Cinccino, F|100\/100\n|move|p1a: Flamigo|Acrobatics|p2a: Cinccino\n|-damage|p2a: Cinccino|9\/100\n|\n|upkeep\n|turn|4\n|\n|t:|1700433863\n|move|p2a: Cinccino|Triple Axel|p1a: Flamigo\n|-supereffective|p1a: Flamigo\n|-damage|p1a: Flamigo|25\/100\n|-supereffective|p1a: Flamigo\n|-damage|p1a: Flamigo|0 fnt\n|faint|p1a: Flamigo\n|-hitcount|p1: Flamigo|2\n|\n|upkeep\n|\n|t:|1700433870\n|switch|p1a: Rotom|Rotom-Fan|100\/100\n|turn|5\n|\n|t:|1700433875\n|move|p2a: Cinccino|Rock Blast|p1a: Rotom\n|-supereffective|p1a: Rotom\n|-damage|p1a: Rotom|74\/100\n|-supereffective|p1a: Rotom\n|-damage|p1a: Rotom|50\/100\n|-supereffective|p1a: Rotom\n|-damage|p1a: Rotom|25\/100\n|-supereffective|p1a: Rotom\n|-damage|p1a: Rotom|0 fnt\n|faint|p1a: Rotom\n|-hitcount|p1: Rotom|4\n|\n|upkeep\n|\n|t:|1700433885\n|switch|p1a: Oricorio|Oricorio-Sensu, M|100\/100\n|turn|6\n|\n|t:|1700433891\n|move|p2a: Cinccino|Rock Blast|p1a: Oricorio\n|-supereffective|p1a: Oricorio\n|-damage|p1a: Oricorio|71\/100\n|-supereffective|p1a: Oricorio\n|-damage|p1a: Oricorio|43\/100\n|-supereffective|p1a: Oricorio\n|-damage|p1a: Oricorio|15\/100\n|-supereffective|p1a: Oricorio\n|-damage|p1a: Oricorio|0 fnt\n|faint|p1a: Oricorio\n|-hitcount|p1: Oricorio|4\n|\n|upkeep\n|\n|t:|1700433900\n|switch|p1a: Tropius|Tropius, F|100\/100\n|turn|7\n|\n|t:|1700433904\n|move|p2a: Cinccino|Triple Axel|p1a: Tropius|[miss]\n|-miss|p2a: Cinccino|p1a: Tropius\n|move|p1a: Tropius|Sunny Day|p1a: Tropius\n|-weather|SunnyDay\n|\n|-weather|SunnyDay|[upkeep]\n|upkeep\n|turn|8\n|\n|t:|1700433913\n|move|p1a: Tropius|Energy Ball|p2a: Cinccino\n|-damage|p2a: Cinccino|0 fnt\n|faint|p2a: Cinccino\n|\n|-weather|SunnyDay|[upkeep]\n|upkeep\n|\n|t:|1700433920\n|switch|p2a: Baxcalibur|Baxcalibur, F|100\/100\n|turn|9\n|\n|t:|1700433925\n|move|p1a: Tropius|Dragon Hammer|p2a: Baxcalibur\n|-supereffective|p2a: Baxcalibur\n|-damage|p2a: Baxcalibur|66\/100\n|move|p2a: Baxcalibur|Icicle Spear|p1a: Tropius\n|-supereffective|p1a: Tropius\n|-damage|p1a: Tropius|36\/100\n|-supereffective|p1a: Tropius\n|-damage|p1a: Tropius|0 fnt\n|faint|p1a: Tropius\n|-hitcount|p1: Tropius|2\n|\n|-weather|SunnyDay|[upkeep]\n|upkeep\n|\n|t:|1700433934\n|switch|p1a: Togekiss|Togekiss, F|100\/100\n|turn|10\n|\n|t:|1700433942\n|-terastallize|p2a: Baxcalibur|Fire\n|move|p1a: Togekiss|Air Slash|p2a: Baxcalibur|[miss]\n|-miss|p1a: Togekiss|p2a: Baxcalibur\n|move|p2a: Baxcalibur|Icicle Spear|p1a: Togekiss\n|-supereffective|p1a: Togekiss\n|-damage|p1a: Togekiss|69\/100\n|-supereffective|p1a: Togekiss\n|-damage|p1a: Togekiss|37\/100\n|-supereffective|p1a: Togekiss\n|-damage|p1a: Togekiss|5\/100\n|-supereffective|p1a: Togekiss\n|-damage|p1a: Togekiss|0 fnt\n|faint|p1a: Togekiss\n|-hitcount|p1: Togekiss|4\n|\n|win|Flashlava100\n|raw|Foxy25_75two's rating: 1041 &rarr; <strong>1025<\/strong><br \/>(-16 for losing)\n|raw|Flashlava100's rating: 1041 &rarr; <strong>1075<\/strong><br \/>(+34 for winning)\n|c|\u2606Foxy25_75two|gg\n|l|\u2606Flashlava100\n|l|\u2606Foxy25_75two\n|l| Mattattac\n|j| Mattattac\n","uploadtime":1700434006,"views":4,"p1id":"foxy2575two","p2id":"flashlava100","formatid":"gen9nationaldexubers","rating":1025,"private":0,"password":""}