{"id":"gen9nationaldexubers-1997793804","p1":"insignas","p2":"benleolee","format":"[Gen 9] National Dex Ubers","log":"|j|\u2606insignas\n|j|\u2606benleolee\n|t:|1700853355\n|gametype|singles\n|player|p1|insignas|pryce|\n|player|p2|benleolee|1|\n|teamsize|p1|6\n|teamsize|p2|6\n|gen|9\n|tier|[Gen 9] National Dex Ubers\n|rule|HP Percentage Mod: HP is shown in percentages\n|rule|Endless Battle Clause: Forcing endless battles is banned\n|rule|OHKO Clause: OHKO moves are banned\n|rule|Evasion Moves Clause: Evasion moves are banned\n|rule|Evasion Items Clause: Evasion items are banned\n|rule|Species Clause: Limit one of each Pok\u00e9mon\n|rule|Sleep Clause Mod: Limit one foe put to sleep\n|rule|Mega Rayquaza Clause: You cannot mega evolve Rayquaza\n|clearpoke\n|poke|p1|Ogerpon-Cornerstone, F|\n|poke|p1|Quaquaval, F|\n|poke|p1|Zeraora|\n|poke|p1|Hydreigon, F|\n|poke|p1|Heatran, M|\n|poke|p1|Ursaring, M|\n|poke|p2|Rillaboom, F|\n|poke|p2|Ninetales-Alola, F|\n|poke|p2|Arctozolt|\n|poke|p2|Greninja-*, M|\n|poke|p2|Mawile, F|\n|poke|p2|Mamoswine, M|\n|teampreview\n|\n|t:|1700853374\n|start\n|switch|p1a: Ogerpon|Ogerpon-Cornerstone, F|100\/100\n|switch|p2a: Rillaboom|Rillaboom, F|100\/100\n|-fieldstart|move: Grassy Terrain|[from] ability: Grassy Surge|[of] p2a: Rillaboom\n|turn|1\n|\n|t:|1700853396\n|switch|p1a: Heatran|Heatran, M|100\/100\n|move|p2a: Rillaboom|U-turn|p1a: Heatran\n|-resisted|p1a: Heatran\n|-damage|p1a: Heatran|96\/100\n|-status|p2a: Rillaboom|brn|[from] ability: Flame Body|[of] p1a: Heatran\n|c|\u2606insignas|glhf\n|\n|t:|1700853411\n|switch|p2a: Greninja|Greninja, M|100\/100|[from] U-turn\n|\n|-heal|p1a: Heatran|100\/100|[from] Grassy Terrain\n|upkeep\n|turn|2\n|c|\u2606benleolee|oops glhf didnt see\n|\n|t:|1700853445\n|move|p1a: Heatran|Protect|p1a: Heatran\n|-singleturn|p1a: Heatran|Protect\n|move|p2a: Greninja|Grass Knot|p1a: Heatran\n|-activate|p1a: Heatran|move: Protect\n|\n|upkeep\n|turn|3\n|c|\u2606insignas|i typed it late dont worry\n|\n|t:|1700853463\n|switch|p1a: Hydreigon|Hydreigon, F|100\/100\n|move|p2a: Greninja|Hydro Pump|p1a: Hydreigon\n|-resisted|p1a: Hydreigon\n|-crit|p1a: Hydreigon\n|-damage|p1a: Hydreigon|46\/100\n|-damage|p2a: Greninja|91\/100|[from] item: Life Orb\n|\n|-heal|p2a: Greninja|97\/100|[from] Grassy Terrain\n|upkeep\n|turn|4\n|\n|t:|1700853486\n|switch|p2a: Mamoswine|Mamoswine, M|100\/100\n|move|p1a: Hydreigon|U-turn|p2a: Mamoswine\n|-crit|p2a: Mamoswine\n|-damage|p2a: Mamoswine|76\/100\n|\n|t:|1700853491\n|switch|p1a: Ogerpon|Ogerpon-Cornerstone, F|100\/100|[from] U-turn\n|\n|-heal|p2a: Mamoswine|82\/100|[from] Grassy Terrain\n|upkeep\n|turn|5\n|\n|t:|1700853521\n|switch|p2a: Mawile|Mawile, F|100\/100\n|-ability|p2a: Mawile|Intimidate|boost\n|-unboost|p1a: Ogerpon|atk|1\n|move|p1a: Ogerpon|Ivy Cudgel|p2a: Mawile|[anim] Ivy Cudgel Rock\n|-resisted|p2a: Mawile\n|-damage|p2a: Mawile|70\/100\n|\n|-heal|p2a: Mawile|76\/100|[from] Grassy Terrain\n|upkeep\n|turn|6\n|\n|t:|1700853543\n|detailschange|p2a: Mawile|Mawile-Mega, F\n|-mega|p2a: Mawile|Mawile|Mawilite\n|move|p1a: Ogerpon|U-turn|p2a: Mawile\n|-resisted|p2a: Mawile\n|-damage|p2a: Mawile|71\/100\n|\n|t:|1700853545\n|switch|p1a: Heatran|Heatran, M|100\/100|[from] U-turn\n|move|p2a: Mawile|Play Rough|p1a: Heatran|[miss]\n|-miss|p2a: Mawile|p1a: Heatran\n|\n|-heal|p2a: Mawile|77\/100|[from] Grassy Terrain\n|upkeep\n|turn|7\n|\n|t:|1700853574\n|switch|p2a: Greninja|Greninja, M|97\/100\n|move|p1a: Heatran|Stealth Rock|p2a: Greninja\n|-sidestart|p2: benleolee|move: Stealth Rock\n|\n|-heal|p2a: Greninja|100\/100|[from] Grassy Terrain\n|upkeep\n|turn|8\n|\n|t:|1700853583\n|move|p1a: Heatran|Protect|p1a: Heatran\n|-singleturn|p1a: Heatran|Protect\n|move|p2a: Greninja|Hydro Pump|p1a: Heatran\n|-activate|p1a: Heatran|move: Protect\n|\n|-fieldend|move: Grassy Terrain\n|upkeep\n|turn|9\n|\n|t:|1700853587\n|switch|p1a: Quaquaval|Quaquaval, F|100\/100\n|move|p2a: Greninja|Hydro Pump|p1a: Quaquaval|[miss]\n|-miss|p2a: Greninja|p1a: Quaquaval\n|\n|upkeep\n|turn|10\n|\n|t:|1700853610\n|switch|p2a: Rillaboom|Rillaboom, F|100\/100 brn\n|-damage|p2a: Rillaboom|88\/100 brn|[from] Stealth Rock\n|-fieldstart|move: Grassy Terrain|[from] ability: Grassy Surge|[of] p2a: Rillaboom\n|move|p1a: Quaquaval|Aqua Step|p2a: Rillaboom\n|-resisted|p2a: Rillaboom\n|-damage|p2a: Rillaboom|67\/100 brn\n|-boost|p1a: Quaquaval|spe|1\n|\n|-heal|p2a: Rillaboom|73\/100 brn|[from] Grassy Terrain\n|-damage|p2a: Rillaboom|67\/100 brn|[from] brn\n|upkeep\n|turn|11\n|\n|t:|1700853634\n|move|p1a: Quaquaval|Protect|p1a: Quaquaval\n|-singleturn|p1a: Quaquaval|Protect\n|move|p2a: Rillaboom|Drain Punch|p1a: Quaquaval\n|-activate|p1a: Quaquaval|move: Protect\n|\n|-heal|p2a: Rillaboom|73\/100 brn|[from] Grassy Terrain\n|-damage|p2a: Rillaboom|67\/100 brn|[from] brn\n|upkeep\n|turn|12\n|\n|t:|1700853646\n|move|p1a: Quaquaval|Swords Dance|p1a: Quaquaval\n|-boost|p1a: Quaquaval|atk|2\n|move|p2a: Rillaboom|Knock Off|p1a: Quaquaval\n|-resisted|p1a: Quaquaval\n|-damage|p1a: Quaquaval|89\/100\n|-enditem|p1a: Quaquaval|Leftovers|[from] move: Knock Off|[of] p2a: Rillaboom\n|\n|-heal|p1a: Quaquaval|95\/100|[from] Grassy Terrain\n|-heal|p2a: Rillaboom|73\/100 brn|[from] Grassy Terrain\n|-damage|p2a: Rillaboom|67\/100 brn|[from] brn\n|upkeep\n|turn|13\n|\n|t:|1700853657\n|move|p1a: Quaquaval|Close Combat|p2a: Rillaboom\n|-crit|p2a: Rillaboom\n|-damage|p2a: Rillaboom|0 fnt\n|-unboost|p1a: Quaquaval|def|1\n|-unboost|p1a: Quaquaval|spd|1\n|faint|p2a: Rillaboom\n|-ability|p1a: Quaquaval|Moxie|boost\n|-boost|p1a: Quaquaval|atk|1\n|\n|-heal|p1a: Quaquaval|100\/100|[from] Grassy Terrain\n|upkeep\n|\n|t:|1700853682\n|switch|p2a: Ninetales|Ninetales-Alola, F|100\/100\n|-damage|p2a: Ninetales|76\/100|[from] Stealth Rock\n|-weather|Snow|[from] ability: Snow Warning|[of] p2a: Ninetales\n|turn|14\n|\n|t:|1700853696\n|move|p1a: Quaquaval|Aqua Step|p2a: Ninetales\n|-damage|p2a: Ninetales|0 fnt\n|-boost|p1a: Quaquaval|spe|1\n|faint|p2a: Ninetales\n|-ability|p1a: Quaquaval|Moxie|boost\n|-boost|p1a: Quaquaval|atk|1\n|\n|-weather|Snow|[upkeep]\n|upkeep\n|\n|t:|1700853722\n|switch|p2a: Arctozolt|Arctozolt|100\/100\n|-damage|p2a: Arctozolt|76\/100|[from] Stealth Rock\n|turn|15\n|\n|t:|1700853738\n|move|p1a: Quaquaval|Close Combat|p2a: Arctozolt\n|-supereffective|p2a: Arctozolt\n|-damage|p2a: Arctozolt|0 fnt\n|-unboost|p1a: Quaquaval|def|1\n|-unboost|p1a: Quaquaval|spd|1\n|faint|p2a: Arctozolt\n|-ability|p1a: Quaquaval|Moxie|boost\n|-boost|p1a: Quaquaval|atk|1\n|\n|-weather|Snow|[upkeep]\n|upkeep\n|\n|t:|1700853745\n|switch|p2a: Mawile|Mawile-Mega, F|77\/100\n|-damage|p2a: Mawile|71\/100|[from] Stealth Rock\n|turn|16\n|\n|t:|1700853761\n|move|p2a: Mawile|Sucker Punch|p1a: Quaquaval\n|-resisted|p1a: Quaquaval\n|-damage|p1a: Quaquaval|41\/100\n|move|p1a: Quaquaval|Aqua Step|p2a: Mawile\n|-damage|p2a: Mawile|0 fnt\n|-boost|p1a: Quaquaval|spe|1\n|faint|p2a: Mawile\n|-ability|p1a: Quaquaval|Moxie|boost\n|-boost|p1a: Quaquaval|atk|1\n|\n|-weather|Snow|[upkeep]\n|-heal|p1a: Quaquaval|47\/100|[from] Grassy Terrain\n|upkeep\n|\n|t:|1700853766\n|switch|p2a: Greninja|Greninja, M|100\/100\n|-damage|p2a: Greninja|88\/100|[from] Stealth Rock\n|turn|17\n|c|\u2606insignas|ggs\n|\n|t:|1700853772\n|move|p2a: Greninja|Water Shuriken|p1a: Quaquaval\n|-resisted|p1a: Quaquaval\n|-damage|p1a: Quaquaval|36\/100\n|-resisted|p1a: Quaquaval\n|-damage|p1a: Quaquaval|24\/100\n|-resisted|p1a: Quaquaval\n|-damage|p1a: Quaquaval|11\/100\n|-resisted|p1a: Quaquaval\n|-damage|p1a: Quaquaval|0 fnt\n|faint|p1a: Quaquaval\n|-ability|p2a: Greninja|Battle Bond|boost\n|-boost|p2a: Greninja|atk|1\n|-boost|p2a: Greninja|spa|1\n|-boost|p2a: Greninja|spe|1\n|-activate|p2a: Greninja|ability: Battle Bond\n|-hitcount|p1: Quaquaval|4\n|-damage|p2a: Greninja|78\/100|[from] item: Life Orb\n|\n|-weather|Snow|[upkeep]\n|-heal|p2a: Greninja|84\/100|[from] Grassy Terrain\n|-fieldend|move: Grassy Terrain\n|upkeep\n|c|\u2606insignas|nvm\n|\n|t:|1700853784\n|switch|p1a: Ursaring|Ursaring, M|100\/100\n|turn|18\n|\n|t:|1700853791\n|move|p2a: Greninja|Hydro Pump|p1a: Ursaring\n|-damage|p1a: Ursaring|11\/100\n|-damage|p2a: Greninja|75\/100|[from] item: Life Orb\n|move|p1a: Ursaring|Return|p2a: Greninja\n|-damage|p2a: Greninja|0 fnt\n|faint|p2a: Greninja\n|\n|-weather|none\n|upkeep\n|\n|t:|1700853794\n|switch|p2a: Mamoswine|Mamoswine, M|82\/100\n|-damage|p2a: Mamoswine|69\/100|[from] Stealth Rock\n|turn|19\n|\n|t:|1700853806\n|move|p2a: Mamoswine|Trailblaze|p1a: Ursaring\n|-damage|p1a: Ursaring|0 fnt\n|-boost|p2a: Mamoswine|spe|1\n|faint|p1a: Ursaring\n|-damage|p2a: Mamoswine|59\/100|[from] item: Life Orb\n|\n|upkeep\n|\n|t:|1700853809\n|switch|p1a: Ogerpon|Ogerpon-Cornerstone, F|100\/100\n|turn|20\n|c|\u2606insignas|now it's ggs\n|\n|t:|1700853816\n|move|p2a: Mamoswine|Icicle Crash|p1a: Ogerpon\n|-supereffective|p1a: Ogerpon\n|-ability|p1a: Ogerpon|Sturdy\n|-damage|p1a: Ogerpon|1\/100\n|-damage|p2a: Mamoswine|49\/100|[from] item: Life Orb\n|move|p1a: Ogerpon|Ivy Cudgel|p2a: Mamoswine|[anim] Ivy Cudgel Rock\n|-damage|p2a: Mamoswine|0 fnt\n|faint|p2a: Mamoswine\n|\n|win|insignas\n","uploadtime":1700853826,"views":32,"p1id":"insignas","p2id":"benleolee","formatid":"gen9nationaldexubers","rating":0,"private":0,"password":""}