{"id":"gen9nationaldexubers-1990459415","p1":"bgileguy","p2":"KarmaNightraide","format":"[Gen 9] National Dex Ubers","log":"|j|\u2606bgileguy\n|j|\u2606KarmaNightraide\n|t:|1699972963\n|gametype|singles\n|player|p1|bgileguy|koga|1206\n|player|p2|KarmaNightraide|unknown|1243\n|teamsize|p1|6\n|teamsize|p2|6\n|gen|9\n|tier|[Gen 9] National Dex Ubers\n|rated|\n|rule|HP Percentage Mod: HP is shown in percentages\n|rule|Endless Battle Clause: Forcing endless battles is banned\n|rule|OHKO Clause: OHKO moves are banned\n|rule|Evasion Moves Clause: Evasion moves are banned\n|rule|Evasion Items Clause: Evasion items are banned\n|rule|Species Clause: Limit one of each Pok\u00e9mon\n|rule|Sleep Clause Mod: Limit one foe put to sleep\n|rule|Mega Rayquaza Clause: You cannot mega evolve Rayquaza\n|clearpoke\n|poke|p1|Barbaracle, M|\n|poke|p1|Polteageist|\n|poke|p1|Raticate, M|\n|poke|p1|Marshadow|\n|poke|p1|Cloyster, M|\n|poke|p1|Diancie|\n|poke|p2|Ceruledge, F|\n|poke|p2|Basculegion-F, F|\n|poke|p2|Mimikyu, M|\n|poke|p2|Gourgeist-*, F|\n|poke|p2|Banette, F|\n|poke|p2|Mismagius, F|\n|teampreview\n|c|\u2606bgileguy|spooky\n|\n|t:|1699972999\n|start\n|switch|p1a: Master Splinter|Raticate, M|100\/100\n|switch|p2a: Go to sleep...|Banette, F|100\/100\n|turn|1\n|\n|t:|1699973006\n|detailschange|p2a: Go to sleep...|Banette-Mega, F\n|-mega|p2a: Go to sleep...|Banette|Banettite\n|move|p1a: Master Splinter|Protect|p1a: Master Splinter\n|-singleturn|p1a: Master Splinter|Protect\n|move|p2a: Go to sleep...|Taunt|p1a: Master Splinter\n|-activate|p1a: Master Splinter|move: Protect\n|\n|-status|p1a: Master Splinter|brn|[from] item: Flame Orb\n|upkeep\n|turn|2\n|c|\u2606bgileguy|lol\n|\n|t:|1699973024\n|move|p1a: Master Splinter|Swords Dance|p1a: Master Splinter\n|-boost|p1a: Master Splinter|atk|2\n|move|p2a: Go to sleep...|Gunk Shot|p1a: Master Splinter\n|-damage|p1a: Master Splinter|0 fnt\n|faint|p1a: Master Splinter\n|\n|upkeep\n|c|\u2606bgileguy|lol\n|c|\u2606bgileguy|guy hits his gunks\n|\n|t:|1699973036\n|switch|p1a: Mr. Miyagi|Marshadow|100\/100\n|turn|3\n|\n|t:|1699973041\n|move|p1a: Mr. Miyagi|Shadow Sneak|p2a: Go to sleep...\n|-supereffective|p2a: Go to sleep...\n|-damage|p2a: Go to sleep...|0 fnt\n|faint|p2a: Go to sleep...\n|\n|upkeep\n|\n|t:|1699973049\n|switch|p2a: Lil guy my man|Mimikyu, M|100\/100\n|turn|4\n|\n|t:|1699973060\n|move|p2a: Lil guy my man|Shadow Sneak|p1a: Mr. Miyagi\n|-supereffective|p1a: Mr. Miyagi\n|-damage|p1a: Mr. Miyagi|46\/100\n|-damage|p2a: Lil guy my man|91\/100|[from] item: Life Orb\n|move|p1a: Mr. Miyagi|Spectral Thief|p2a: Lil guy my man\n|-activate|p2a: Lil guy my man|ability: Disguise\n|-damage|p2a: Lil guy my man|91\/100\n|detailschange|p2a: Lil guy my man|Mimikyu-Busted, M\n|-damage|p2a: Lil guy my man|78\/100|[from] pokemon: Mimikyu-Busted\n|\n|upkeep\n|turn|5\n|\n|t:|1699973072\n|move|p1a: Mr. Miyagi|Shadow Sneak|p2a: Lil guy my man\n|-supereffective|p2a: Lil guy my man\n|-damage|p2a: Lil guy my man|0 fnt\n|faint|p2a: Lil guy my man\n|\n|upkeep\n|\n|t:|1699973083\n|switch|p2a: Widowmaker|Ceruledge, F|100\/100\n|turn|6\n|\n|t:|1699973101\n|switch|p1a: Carrie|Diancie, shiny|100\/100\n|-terastallize|p2a: Widowmaker|Fire\n|move|p2a: Widowmaker|Bitter Blade|p1a: Carrie\n|-resisted|p1a: Carrie\n|-damage|p1a: Carrie|64\/100\n|\n|upkeep\n|turn|7\n|\n|t:|1699973114\n|detailschange|p1a: Carrie|Diancie-Mega, shiny\n|-mega|p1a: Carrie|Diancie|Diancite\n|move|p1a: Carrie|Diamond Storm|p2a: Widowmaker\n|-supereffective|p2a: Widowmaker\n|-enditem|p2a: Widowmaker|Focus Sash\n|-damage|p2a: Widowmaker|1\/100\n|-ability|p2a: Widowmaker|Weak Armor|boost\n|-unboost|p2a: Widowmaker|def|1\n|-boost|p2a: Widowmaker|spe|2\n|move|p2a: Widowmaker|Swords Dance|p2a: Widowmaker\n|-boost|p2a: Widowmaker|atk|2\n|\n|upkeep\n|turn|8\n|\n|t:|1699973144\n|move|p2a: Widowmaker|Close Combat|p1a: Carrie\n|-damage|p1a: Carrie|0 fnt\n|-unboost|p2a: Widowmaker|def|1\n|-unboost|p2a: Widowmaker|spd|1\n|faint|p1a: Carrie\n|\n|upkeep\n|\n|t:|1699973160\n|switch|p1a: Mrs. Potts|Polteageist, shiny|100\/100\n|turn|9\n|\n|t:|1699973170\n|-terastallize|p1a: Mrs. Potts|Normal\n|move|p2a: Widowmaker|Bitter Blade|p1a: Mrs. Potts\n|-damage|p1a: Mrs. Potts|0 fnt\n|-heal|p2a: Widowmaker|46\/100|[from] drain|[of] p1a: Mrs. Potts\n|faint|p1a: Mrs. Potts\n|\n|upkeep\n|\n|t:|1699973178\n|switch|p1a: Freddy Krueger|Barbaracle, M|100\/100\n|turn|10\n|inactive|Battle timer is ON: inactive players will automatically lose when time's up. (requested by bgileguy)\n|\n|t:|1699973199\n|move|p2a: Widowmaker|Close Combat|p1a: Freddy Krueger\n|-supereffective|p1a: Freddy Krueger\n|-damage|p1a: Freddy Krueger|0 fnt\n|-unboost|p2a: Widowmaker|def|1\n|-unboost|p2a: Widowmaker|spd|1\n|faint|p1a: Freddy Krueger\n|\n|upkeep\n|\n|t:|1699973207\n|switch|p1a: The Curious Oyster|Cloyster, M|100\/100\n|turn|11\n|\n|t:|1699973222\n|move|p2a: Widowmaker|Bitter Blade|p1a: The Curious Oyster\n|-damage|p1a: The Curious Oyster|0 fnt\n|-heal|p2a: Widowmaker|87\/100|[from] drain|[of] p1a: The Curious Oyster\n|faint|p1a: The Curious Oyster\n|\n|upkeep\n|-message|bgileguy forfeited.\n|\n|win|KarmaNightraide\n|raw|bgileguy's rating: 1206 &rarr; <strong>1184<\/strong><br \/>(-22 for losing)\n|raw|KarmaNightraide's rating: 1243 &rarr; <strong>1265<\/strong><br \/>(+22 for winning)\n|l|\u2606bgileguy\n","uploadtime":1699973231,"views":8,"p1id":"bgileguy","p2id":"karmanightraide","formatid":"gen9nationaldexubers","rating":1184,"private":0,"password":""}