{"id":"gen9nationaldexubers-1979995513","p1":"Dogcartcat","p2":"pokemonmasterdu35","format":"[Gen 9] National Dex Ubers","log":"|j|\u2606Dogcartcat\n|j|\u2606pokemonmasterdu35\n|t:|1698743748\n|gametype|singles\n|player|p1|Dogcartcat|lady-gen4|1480\n|player|p2|pokemonmasterdu35|101|1453\n|teamsize|p1|6\n|teamsize|p2|6\n|gen|9\n|tier|[Gen 9] National Dex Ubers\n|rated|\n|rule|HP Percentage Mod: HP is shown in percentages\n|rule|Endless Battle Clause: Forcing endless battles is banned\n|rule|OHKO Clause: OHKO moves are banned\n|rule|Evasion Moves Clause: Evasion moves are banned\n|rule|Evasion Items Clause: Evasion items are banned\n|rule|Species Clause: Limit one of each Pok\u00e9mon\n|rule|Sleep Clause Mod: Limit one foe put to sleep\n|rule|Mega Rayquaza Clause: You cannot mega evolve Rayquaza\n|clearpoke\n|poke|p1|Eternatus|\n|poke|p1|Groudon|\n|poke|p1|Arceus|\n|poke|p1|Zygarde|\n|poke|p1|Yveltal|\n|poke|p1|Magearna|\n|poke|p2|Xerneas-*|\n|poke|p2|Groudon|\n|poke|p2|Marshadow|\n|poke|p2|Necrozma-Dusk-Mane|\n|poke|p2|Ribombee, F|\n|poke|p2|Zygarde|\n|teampreview\n|inactive|Battle timer is ON: inactive players will automatically lose when time's up. (requested by pokemonmasterdu35)\n|\n|t:|1698743774\n|start\n|switch|p1a: Eternatus|Eternatus|100\/100\n|switch|p2a: Ribombee|Ribombee, F|100\/100\n|-ability|p1a: Eternatus|Pressure\n|turn|1\n|\n|t:|1698743782\n|move|p2a: Ribombee|Sticky Web|p1a: Eternatus\n|-sidestart|p1: Dogcartcat|move: Sticky Web\n|move|p1a: Eternatus|Sludge Bomb|p2a: Ribombee\n|-supereffective|p2a: Ribombee\n|-enditem|p2a: Ribombee|Focus Sash\n|-damage|p2a: Ribombee|1\/100\n|\n|upkeep\n|turn|2\n|\n|t:|1698743789\n|move|p2a: Ribombee|Stun Spore|p1a: Eternatus\n|-status|p1a: Eternatus|par\n|move|p1a: Eternatus|Flamethrower|p2a: Ribombee\n|-supereffective|p2a: Ribombee\n|-damage|p2a: Ribombee|0 fnt\n|faint|p2a: Ribombee\n|\n|upkeep\n|\n|t:|1698743794\n|switch|p2a: Groudon|Groudon|100\/100\n|detailschange|p2a: Groudon|Groudon-Primal\n|-primal|p2a: Groudon|Red Orb\n|-weather|DesolateLand|[from] ability: Desolate Land|[of] p2a: Groudon\n|turn|3\n|\n|t:|1698743801\n|switch|p1a: Zygarde|Zygarde|100\/100\n|-activate|p1a: Zygarde|move: Sticky Web\n|-unboost|p1a: Zygarde|spe|1\n|move|p2a: Groudon|Rock Polish|p2a: Groudon\n|-boost|p2a: Groudon|spe|2\n|\n|-weather|DesolateLand|[upkeep]\n|upkeep\n|turn|4\n|\n|t:|1698743809\n|move|p2a: Groudon|Swords Dance|p2a: Groudon\n|-boost|p2a: Groudon|atk|2\n|move|p1a: Zygarde|Dragon Tail|p2a: Groudon\n|-damage|p2a: Groudon|87\/100\n|-weather|none\n|drag|p2a: Marshadow|Marshadow|100\/100\n|\n|upkeep\n|turn|5\n|\n|t:|1698743819\n|switch|p1a: Yveltal|Yveltal|100\/100\n|-ability|p1a: Yveltal|Dark Aura\n|move|p2a: Marshadow|Poltergeist|p1a: Yveltal\n|-activate|p1a: Yveltal|move: Poltergeist|Heavy-Duty Boots\n|-resisted|p1a: Yveltal\n|-damage|p1a: Yveltal|82\/100\n|\n|upkeep\n|turn|6\n|\n|t:|1698743829\n|switch|p2a: Xerneas|Xerneas|100\/100\n|-ability|p2a: Xerneas|Fairy Aura\n|move|p1a: Yveltal|Defog|p2a: Xerneas\n|-unboost|p2a: Xerneas|evasion|1\n|-sideend|p1: Dogcartcat|Sticky Web|[from] move: Defog|[of] p1a: Yveltal\n|\n|upkeep\n|turn|7\n|\n|t:|1698743836\n|switch|p1a: Magearna|Magearna|100\/100\n|move|p2a: Xerneas|Geomancy||[still]\n|-prepare|p2a: Xerneas|Geomancy\n|-enditem|p2a: Xerneas|Power Herb\n|-anim|p2a: Xerneas|Geomancy|p2a: Xerneas\n|-boost|p2a: Xerneas|spa|2\n|-boost|p2a: Xerneas|spd|2\n|-boost|p2a: Xerneas|spe|2\n|\n|upkeep\n|turn|8\n|\n|t:|1698743845\n|-terastallize|p2a: Xerneas|Fairy\n|move|p2a: Xerneas|Moonblast|p1a: Magearna\n|-resisted|p1a: Magearna\n|-damage|p1a: Magearna|47\/100\n|move|p1a: Magearna|Heart Swap|p2a: Xerneas\n|-swapboost|p1a: Magearna|p2a: Xerneas|[from] move: Heart Swap\n|\n|-heal|p1a: Magearna|54\/100|[from] item: Leftovers\n|upkeep\n|turn|9\n|\n|t:|1698743860\n|move|p1a: Magearna|Fleur Cannon|p2a: Xerneas\n|-crit|p2a: Xerneas\n|-damage|p2a: Xerneas|0 fnt\n|-unboost|p1a: Magearna|spa|2\n|faint|p2a: Xerneas\n|-ability|p1a: Magearna|Soul-Heart|boost\n|-boost|p1a: Magearna|spa|1\n|\n|-heal|p1a: Magearna|60\/100|[from] item: Leftovers\n|upkeep\n|\n|t:|1698743863\n|switch|p2a: Marshadow|Marshadow|100\/100\n|turn|10\n|\n|t:|1698743887\n|move|p2a: Marshadow|Spectral Thief||[still]\n|-clearpositiveboost|p1a: Magearna|p2a: Marshadow|move: Spectral Thief\n|-boost|p2a: Marshadow|spa|1\n|-boost|p2a: Marshadow|spd|2\n|-boost|p2a: Marshadow|spe|2\n|-anim|p2a: Marshadow|Spectral Thief|p1a: Magearna\n|-damage|p1a: Magearna|19\/100\n|move|p1a: Magearna|Fleur Cannon|p2a: Marshadow\n|-supereffective|p2a: Marshadow\n|-damage|p2a: Marshadow|33\/100\n|-unboost|p1a: Magearna|spa|2\n|\n|-heal|p1a: Magearna|25\/100|[from] item: Leftovers\n|upkeep\n|turn|11\n|\n|t:|1698743901\n|move|p2a: Marshadow|Poltergeist|p1a: Magearna\n|-activate|p1a: Magearna|move: Poltergeist|Leftovers\n|-damage|p1a: Magearna|0 fnt\n|faint|p1a: Magearna\n|\n|upkeep\n|\n|t:|1698743904\n|switch|p1a: Arceus|Arceus|100\/100\n|turn|12\n|\n|t:|1698743920\n|move|p2a: Marshadow|Close Combat|p1a: Arceus\n|-supereffective|p1a: Arceus\n|-damage|p1a: Arceus|20\/100\n|-unboost|p2a: Marshadow|def|1\n|-unboost|p2a: Marshadow|spd|1\n|move|p1a: Arceus|Shadow Force||[still]\n|-prepare|p1a: Arceus|Shadow Force\n|\n|-heal|p1a: Arceus|26\/100|[from] item: Leftovers\n|upkeep\n|turn|13\n|\n|t:|1698743930\n|move|p2a: Marshadow|Close Combat|p1a: Arceus|[miss]\n|-miss|p2a: Marshadow|p1a: Arceus\n|move|p1a: Arceus|Shadow Force|p2a: Marshadow|[from]lockedmove\n|-supereffective|p2a: Marshadow\n|-damage|p2a: Marshadow|0 fnt\n|faint|p2a: Marshadow\n|\n|-heal|p1a: Arceus|32\/100|[from] item: Leftovers\n|upkeep\n|\n|t:|1698743937\n|switch|p2a: Necrozma|Necrozma-Dusk-Mane, shiny|100\/100\n|turn|14\n|\n|t:|1698743955\n|switch|p1a: Eternatus|Eternatus|100\/100 par\n|-ability|p1a: Eternatus|Pressure\n|detailschange|p2a: Necrozma|Necrozma-Ultra, shiny\n|-burst|p2a: Necrozma|Necrozma|Ultranecrozium Z\n|move|p2a: Necrozma|Photon Geyser|p1a: Eternatus\n|-supereffective|p1a: Eternatus\n|-crit|p1a: Eternatus\n|-damage|p1a: Eternatus|0 fnt\n|faint|p1a: Eternatus\n|\n|upkeep\n|inactive|Dogcartcat has 120 seconds left.\n|\n|t:|1698743989\n|switch|p1a: Yveltal|Yveltal|82\/100\n|-ability|p1a: Yveltal|Dark Aura\n|turn|15\n|\n|t:|1698743997\n|move|p2a: Necrozma|Outrage|p1a: Yveltal\n|-damage|p1a: Yveltal|26\/100\n|move|p1a: Yveltal|Foul Play|p2a: Necrozma\n|-supereffective|p2a: Necrozma\n|-damage|p2a: Necrozma|0 fnt\n|faint|p2a: Necrozma\n|\n|upkeep\n|\n|t:|1698744004\n|switch|p2a: Zygarde|Zygarde|100\/100\n|turn|16\n|inactive|Dogcartcat has 120 seconds left.\n|\n|t:|1698744021\n|move|p1a: Yveltal|Roost|p1a: Yveltal\n|-heal|p1a: Yveltal|76\/100\n|-singleturn|p1a: Yveltal|move: Roost\n|move|p2a: Zygarde|Dragon Dance|p2a: Zygarde\n|-boost|p2a: Zygarde|atk|1\n|-boost|p2a: Zygarde|spe|1\n|\n|upkeep\n|turn|17\n|inactive|Dogcartcat has 120 seconds left.\n|\n|t:|1698744041\n|move|p2a: Zygarde|Thousand Arrows|p1a: Yveltal\n|-damage|p1a: Yveltal|33\/100\n|-start|p1a: Yveltal|Smack Down\n|move|p1a: Yveltal|Toxic|p2a: Zygarde\n|-status|p2a: Zygarde|tox\n|\n|-damage|p2a: Zygarde|94\/100 tox|[from] psn\n|upkeep\n|turn|18\n|\n|t:|1698744068\n|move|p2a: Zygarde|Thousand Arrows|p1a: Yveltal\n|-damage|p1a: Yveltal|0 fnt\n|faint|p1a: Yveltal\n|\n|-damage|p2a: Zygarde|82\/100 tox|[from] psn\n|upkeep\n|inactive|Dogcartcat has 90 seconds left.\n|\n|t:|1698744083\n|switch|p1a: Zygarde|Zygarde|100\/100\n|turn|19\n|\n|t:|1698744087\n|move|p2a: Zygarde|Outrage|p1a: Zygarde\n|-supereffective|p1a: Zygarde\n|-damage|p1a: Zygarde|0 fnt\n|faint|p1a: Zygarde\n|\n|-damage|p2a: Zygarde|64\/100 tox|[from] psn\n|upkeep\n|\n|t:|1698744097\n|switch|p1a: Groudon|Groudon|100\/100\n|detailschange|p1a: Groudon|Groudon-Primal\n|-primal|p1a: Groudon|Red Orb\n|-weather|DesolateLand|[from] ability: Desolate Land|[of] p1a: Groudon\n|turn|20\n|\n|t:|1698744104\n|move|p2a: Zygarde|Outrage|p1a: Groudon|[from]lockedmove\n|-damage|p1a: Groudon|55\/100\n|move|p1a: Groudon|Swords Dance|p1a: Groudon\n|-boost|p1a: Groudon|atk|2\n|\n|-weather|DesolateLand|[upkeep]\n|-damage|p2a: Zygarde|39\/100 tox|[from] psn\n|-activate|p2a: Zygarde|ability: Power Construct\n|detailschange|p2a: Zygarde|Zygarde-Complete\n|-heal|p2a: Zygarde|62\/100 tox|[silent]\n|upkeep\n|turn|21\n|\n|t:|1698744115\n|move|p2a: Zygarde|Outrage|p1a: Groudon|[from]lockedmove\n|-damage|p1a: Groudon|10\/100\n|-start|p2a: Zygarde|confusion|[fatigue]\n|move|p1a: Groudon|Precipice Blades|p2a: Zygarde\n|-damage|p2a: Zygarde|0 fnt\n|faint|p2a: Zygarde\n|\n|-weather|DesolateLand|[upkeep]\n|upkeep\n|\n|t:|1698744119\n|switch|p2a: Groudon|Groudon-Primal|87\/100\n|turn|22\n|\n|t:|1698744125\n|move|p1a: Groudon|Precipice Blades|p2a: Groudon\n|-supereffective|p2a: Groudon\n|-damage|p2a: Groudon|0 fnt\n|faint|p2a: Groudon\n|\n|win|Dogcartcat\n|raw|Dogcartcat's rating: 1480 &rarr; <strong>1498<\/strong><br \/>(+18 for winning)\n|raw|pokemonmasterdu35's rating: 1453 &rarr; <strong>1435<\/strong><br \/>(-18 for losing)\n|l|\u2606pokemonmasterdu35\n","uploadtime":1698744132,"views":12,"p1id":"dogcartcat","p2id":"pokemonmasterdu35","formatid":"gen9nationaldexubers","rating":1435,"private":0,"password":""}