{"id":"gen9nationaldexubers-1978465851","p1":"Breeze88","p2":"lag=bad","format":"[Gen 9] National Dex Ubers","log":"|j|\u2606Breeze88\n|j|\u2606lag=bad\n|t:|1698542548\n|gametype|singles\n|player|p1|Breeze88|steven|1759\n|player|p2|lag=bad|swimmer-gen4jp|1587\n|teamsize|p1|6\n|teamsize|p2|6\n|gen|9\n|tier|[Gen 9] National Dex Ubers\n|rated|\n|rule|HP Percentage Mod: HP is shown in percentages\n|rule|Endless Battle Clause: Forcing endless battles is banned\n|rule|OHKO Clause: OHKO moves are banned\n|rule|Evasion Moves Clause: Evasion moves are banned\n|rule|Evasion Items Clause: Evasion items are banned\n|rule|Species Clause: Limit one of each Pok\u00e9mon\n|rule|Sleep Clause Mod: Limit one foe put to sleep\n|rule|Mega Rayquaza Clause: You cannot mega evolve Rayquaza\n|clearpoke\n|poke|p1|Shuckle, M|\n|poke|p1|Gholdengo|\n|poke|p1|Yveltal|\n|poke|p1|Groudon|\n|poke|p1|Arceus-Ground|\n|poke|p1|Xerneas-*|\n|poke|p2|Deoxys-Attack|\n|poke|p2|Ho-Oh|\n|poke|p2|Xerneas-*|\n|poke|p2|Zygarde|\n|poke|p2|Groudon|\n|poke|p2|Zacian-*|\n|teampreview\n|inactive|Battle timer is ON: inactive players will automatically lose when time's up. (requested by lag=bad)\n|inactive|Breeze88 also wants the timer to be on.\n|c|\u2606lag=bad|gl\n|c|\u2606Breeze88|glhf\n|c|\u2606Breeze88|thx\n|c|\u2606Breeze88|lag does indeed equal bad\n|\n|t:|1698542566\n|start\n|switch|p1a: Shuckle|Shuckle, M, shiny|100\/100\n|switch|p2a: Zygarde|Zygarde|100\/100\n|turn|1\n|\n|t:|1698542569\n|move|p2a: Zygarde|Glare|p1a: Shuckle\n|-status|p1a: Shuckle|par\n|move|p1a: Shuckle|Sticky Web|p2a: Zygarde\n|-sidestart|p2: lag=bad|move: Sticky Web\n|\n|upkeep\n|turn|2\n|\n|t:|1698542573\n|move|p2a: Zygarde|Coil|p2a: Zygarde\n|-boost|p2a: Zygarde|atk|1\n|-boost|p2a: Zygarde|def|1\n|-boost|p2a: Zygarde|accuracy|1\n|move|p1a: Shuckle|Encore|p2a: Zygarde\n|-start|p2a: Zygarde|Encore\n|\n|upkeep\n|turn|3\n|\n|t:|1698542578\n|switch|p1a: Xerneas|Xerneas|100\/100\n|-ability|p1a: Xerneas|Fairy Aura\n|move|p2a: Zygarde|Coil|p2a: Zygarde\n|-boost|p2a: Zygarde|atk|1\n|-boost|p2a: Zygarde|def|1\n|-boost|p2a: Zygarde|accuracy|1\n|\n|upkeep\n|turn|4\n|\n|t:|1698542584\n|switch|p2a: Groudon|Groudon|100\/100\n|-activate|p2a: Groudon|move: Sticky Web\n|-unboost|p2a: Groudon|spe|1\n|detailschange|p2a: Groudon|Groudon-Primal\n|-primal|p2a: Groudon|Red Orb\n|-weather|DesolateLand|[from] ability: Desolate Land|[of] p2a: Groudon\n|move|p1a: Xerneas|Moonblast|p2a: Groudon\n|-resisted|p2a: Groudon\n|-damage|p2a: Groudon|61\/100\n|-unboost|p2a: Groudon|spa|1\n|\n|-weather|DesolateLand|[upkeep]\n|upkeep\n|turn|5\n|c|\u2606lag=bad|not the spa drop...\n|\n|t:|1698542598\n|switch|p1a: Shuckle|Shuckle, M, shiny|100\/100 par\n|move|p2a: Groudon|Stone Edge|p1a: Shuckle|[miss]\n|-miss|p2a: Groudon|p1a: Shuckle\n|\n|-weather|DesolateLand|[upkeep]\n|upkeep\n|turn|6\n|\n|t:|1698542602\n|-weather|none\n|switch|p2a: Ho-Oh|Ho-Oh|100\/100\n|move|p1a: Shuckle|Stealth Rock|p2a: Ho-Oh\n|-sidestart|p2: lag=bad|move: Stealth Rock\n|\n|upkeep\n|turn|7\n|\n|t:|1698542612\n|move|p2a: Ho-Oh|Defog|p1a: Shuckle\n|-unboost|p1a: Shuckle|evasion|1\n|-sideend|p2: lag=bad|Stealth Rock|[from] move: Defog|[of] p2a: Ho-Oh\n|-sideend|p2: lag=bad|Sticky Web|[from] move: Defog|[of] p2a: Ho-Oh\n|move|p1a: Shuckle|Encore|p2a: Ho-Oh\n|-start|p2a: Ho-Oh|Encore\n|\n|upkeep\n|turn|8\n|c|\u2606lag=bad|spa drop hurts so much fr\n|inactive|Breeze88 has 120 seconds left.\n|\n|t:|1698542669\n|switch|p2a: Zacian|Zacian-Crowned|100\/100\n|-ability|p2a: Zacian|Intrepid Sword|boost\n|-boost|p2a: Zacian|atk|1\n|switch|p1a: Arceus|Arceus-Ground|100\/100\n|\n|upkeep\n|turn|9\n|\n|t:|1698542684\n|switch|p2a: Ho-Oh|Ho-Oh|100\/100\n|move|p1a: Arceus|Earthquake|p2a: Ho-Oh\n|-immune|p2a: Ho-Oh\n|\n|upkeep\n|turn|10\n|\n|t:|1698542691\n|move|p1a: Arceus|Swords Dance|p1a: Arceus\n|-boost|p1a: Arceus|atk|2\n|move|p2a: Ho-Oh|Toxic|p1a: Arceus\n|-status|p1a: Arceus|tox\n|\n|-damage|p1a: Arceus|94\/100 tox|[from] psn\n|upkeep\n|turn|11\n|\n|t:|1698542695\n|move|p1a: Arceus|Stone Edge|p2a: Ho-Oh|[miss]\n|-miss|p1a: Arceus|p2a: Ho-Oh\n|move|p2a: Ho-Oh|Whirlwind|p1a: Arceus\n|drag|p1a: Gholdengo|Gholdengo|100\/100\n|\n|upkeep\n|turn|12\n|c|\u2606lag=bad|oof\n|inactive|Breeze88 has 120 seconds left.\n|c|\u2606lag=bad|very unlucky\n|\n|t:|1698542707\n|move|p1a: Gholdengo|Trick|p2a: Ho-Oh\n|-activate|p1a: Gholdengo|move: Trick|[of] p2a: Ho-Oh\n|-item|p2a: Ho-Oh|Choice Specs|[from] move: Trick\n|-item|p1a: Gholdengo|Heavy-Duty Boots|[from] move: Trick\n|move|p2a: Ho-Oh|Sacred Fire|p1a: Gholdengo\n|-supereffective|p1a: Gholdengo\n|-damage|p1a: Gholdengo|5\/100\n|-status|p1a: Gholdengo|brn\n|\n|-damage|p1a: Gholdengo|0 fnt|[from] brn\n|faint|p1a: Gholdengo\n|upkeep\n|inactive|Breeze88 has 120 seconds left.\n|c|\u2606Breeze88|you win some, you lose some\n|\n|t:|1698542720\n|switch|p1a: Shuckle|Shuckle, M, shiny|100\/100 par\n|turn|13\n|\n|t:|1698542726\n|switch|p2a: Zacian|Zacian-Crowned|100\/100\n|move|p1a: Shuckle|Sticky Web|p2a: Zacian\n|-sidestart|p2: lag=bad|move: Sticky Web\n|\n|upkeep\n|turn|14\n|\n|t:|1698542733\n|move|p2a: Zacian|Behemoth Blade|p1a: Shuckle\n|-supereffective|p1a: Shuckle\n|-damage|p1a: Shuckle|41\/100 par\n|cant|p1a: Shuckle|par\n|\n|upkeep\n|turn|15\n|\n|t:|1698542739\n|move|p2a: Zacian|Behemoth Blade|p1a: Shuckle\n|-supereffective|p1a: Shuckle\n|-damage|p1a: Shuckle|0 fnt\n|faint|p1a: Shuckle\n|\n|upkeep\n|\n|t:|1698542746\n|switch|p1a: Groudon|Groudon|100\/100\n|detailschange|p1a: Groudon|Groudon-Primal\n|-primal|p1a: Groudon|Red Orb\n|-weather|DesolateLand|[from] ability: Desolate Land|[of] p1a: Groudon\n|turn|16\n|\n|t:|1698542755\n|switch|p2a: Zygarde|Zygarde|100\/100\n|-activate|p2a: Zygarde|move: Sticky Web\n|-unboost|p2a: Zygarde|spe|1\n|move|p1a: Groudon|Swords Dance|p1a: Groudon\n|-boost|p1a: Groudon|atk|2\n|\n|-weather|DesolateLand|[upkeep]\n|upkeep\n|turn|17\n|c|\u2606lag=bad|double dance eh?\n|c|\u2606Breeze88|perhaps\n|inactive|Breeze88 has 120 seconds left.\n|\n|t:|1698542786\n|move|p1a: Groudon|Swords Dance|p1a: Groudon\n|-boost|p1a: Groudon|atk|2\n|move|p2a: Zygarde|Glare|p1a: Groudon\n|-status|p1a: Groudon|par\n|\n|-weather|DesolateLand|[upkeep]\n|upkeep\n|turn|18\n|\n|t:|1698542792\n|move|p2a: Zygarde|Coil|p2a: Zygarde\n|-boost|p2a: Zygarde|atk|1\n|-boost|p2a: Zygarde|def|1\n|-boost|p2a: Zygarde|accuracy|1\n|move|p1a: Groudon|Precipice Blades|p2a: Zygarde\n|-damage|p2a: Zygarde|32\/100\n|\n|-weather|DesolateLand|[upkeep]\n|-heal|p2a: Zygarde|38\/100|[from] item: Leftovers\n|-activate|p2a: Zygarde|ability: Power Construct\n|detailschange|p2a: Zygarde|Zygarde-Complete\n|-heal|p2a: Zygarde|59\/100|[silent]\n|upkeep\n|turn|19\n|\n|t:|1698542799\n|move|p2a: Zygarde|Coil|p2a: Zygarde\n|-boost|p2a: Zygarde|atk|1\n|-boost|p2a: Zygarde|def|1\n|-boost|p2a: Zygarde|accuracy|1\n|move|p1a: Groudon|Precipice Blades|p2a: Zygarde\n|-damage|p2a: Zygarde|22\/100\n|\n|-weather|DesolateLand|[upkeep]\n|-heal|p2a: Zygarde|28\/100|[from] item: Leftovers\n|upkeep\n|turn|20\n|\n|t:|1698542807\n|move|p2a: Zygarde|Rest|p2a: Zygarde\n|-status|p2a: Zygarde|slp|[from] move: Rest\n|-heal|p2a: Zygarde|100\/100 slp|[silent]\n|move|p1a: Groudon|Precipice Blades|p2a: Zygarde\n|-damage|p2a: Zygarde|64\/100 slp\n|\n|-weather|DesolateLand|[upkeep]\n|-heal|p2a: Zygarde|70\/100 slp|[from] item: Leftovers\n|upkeep\n|turn|21\n|c|\u2606lag=bad|cmon get parad\n|\n|t:|1698542831\n|-weather|none\n|switch|p1a: Xerneas|Xerneas|100\/100\n|-ability|p1a: Xerneas|Fairy Aura\n|cant|p2a: Zygarde|slp\n|\n|-heal|p2a: Zygarde|76\/100 slp|[from] item: Leftovers\n|upkeep\n|turn|22\n|\n|t:|1698542836\n|switch|p2a: Groudon|Groudon-Primal|61\/100\n|-activate|p2a: Groudon|move: Sticky Web\n|-unboost|p2a: Groudon|spe|1\n|-weather|DesolateLand|[from] ability: Desolate Land|[of] p2a: Groudon\n|move|p1a: Xerneas|Geomancy||[still]\n|-prepare|p1a: Xerneas|Geomancy\n|-enditem|p1a: Xerneas|Power Herb\n|-anim|p1a: Xerneas|Geomancy|p1a: Xerneas\n|-boost|p1a: Xerneas|spa|2\n|-boost|p1a: Xerneas|spd|2\n|-boost|p1a: Xerneas|spe|2\n|\n|-weather|DesolateLand|[upkeep]\n|upkeep\n|turn|23\n|\n|t:|1698542843\n|-terastallize|p1a: Xerneas|Fairy\n|move|p1a: Xerneas|Moonblast|p2a: Groudon\n|-resisted|p2a: Groudon\n|-damage|p2a: Groudon|0 fnt\n|faint|p2a: Groudon\n|-weather|none\n|\n|upkeep\n|c|\u2606lag=bad|tera fairy?\n|\n|t:|1698542855\n|switch|p2a: Ho-Oh|Ho-Oh|100\/100\n|turn|24\n|\n|t:|1698542859\n|-terastallize|p2a: Ho-Oh|Grass\n|move|p1a: Xerneas|Thunderbolt|p2a: Ho-Oh\n|-resisted|p2a: Ho-Oh\n|-damage|p2a: Ho-Oh|80\/100\n|move|p2a: Ho-Oh|Whirlwind|p1a: Xerneas\n|drag|p1a: Groudon|Groudon-Primal|100\/100 par\n|-weather|DesolateLand|[from] ability: Desolate Land|[of] p1a: Groudon\n|\n|-weather|DesolateLand|[upkeep]\n|upkeep\n|turn|25\n|\n|t:|1698542866\n|switch|p2a: Zygarde|Zygarde-Complete|76\/100 slp\n|-activate|p2a: Zygarde|move: Sticky Web\n|-unboost|p2a: Zygarde|spe|1\n|cant|p1a: Groudon|par\n|\n|-weather|DesolateLand|[upkeep]\n|-heal|p2a: Zygarde|83\/100 slp|[from] item: Leftovers\n|upkeep\n|turn|26\n|\n|t:|1698542877\n|cant|p2a: Zygarde|slp\n|cant|p1a: Groudon|par\n|\n|-weather|DesolateLand|[upkeep]\n|-heal|p2a: Zygarde|89\/100 slp|[from] item: Leftovers\n|upkeep\n|turn|27\n|c|\u2606lag=bad|there are those paras\n|c|\u2606Breeze88|yep\n|\n|t:|1698542894\n|-curestatus|p2a: Zygarde|slp|[msg]\n|move|p2a: Zygarde|Coil|p2a: Zygarde\n|-boost|p2a: Zygarde|atk|1\n|-boost|p2a: Zygarde|def|1\n|-boost|p2a: Zygarde|accuracy|1\n|move|p1a: Groudon|Eruption|p2a: Zygarde\n|-resisted|p2a: Zygarde\n|-crit|p2a: Zygarde\n|-damage|p2a: Zygarde|26\/100\n|\n|-weather|DesolateLand|[upkeep]\n|-heal|p2a: Zygarde|32\/100|[from] item: Leftovers\n|upkeep\n|turn|28\n|c|\u2606lag=bad|oh my\n|\n|t:|1698542911\n|move|p2a: Zygarde|Thousand Arrows|p1a: Groudon\n|-supereffective|p1a: Groudon\n|-damage|p1a: Groudon|43\/100 par\n|move|p1a: Groudon|Eruption|p2a: Zygarde\n|-resisted|p2a: Zygarde\n|-damage|p2a: Zygarde|16\/100\n|\n|-weather|DesolateLand|[upkeep]\n|-heal|p2a: Zygarde|22\/100|[from] item: Leftovers\n|upkeep\n|turn|29\n|c|\u2606lag=bad|that's a fun one\n|\n|t:|1698542918\n|move|p2a: Zygarde|Rest|p2a: Zygarde\n|-status|p2a: Zygarde|slp|[from] move: Rest\n|-heal|p2a: Zygarde|100\/100 slp|[silent]\n|move|p1a: Groudon|Precipice Blades|p2a: Zygarde|[miss]\n|-miss|p1a: Groudon|p2a: Zygarde\n|\n|-weather|DesolateLand|[upkeep]\n|upkeep\n|turn|30\n|c|\u2606Breeze88|yeah\n|\n|t:|1698542922\n|-weather|none\n|switch|p1a: Xerneas|Xerneas, tera:Fairy|100\/100\n|-ability|p1a: Xerneas|Fairy Aura\n|cant|p2a: Zygarde|slp\n|\n|upkeep\n|turn|31\n|\n|t:|1698542929\n|switch|p2a: Ho-Oh|Ho-Oh, tera:Grass|100\/100\n|-activate|p2a: Ho-Oh|move: Sticky Web\n|-unboost|p2a: Ho-Oh|spe|1\n|move|p1a: Xerneas|Moonblast|p2a: Ho-Oh\n|-damage|p2a: Ho-Oh|52\/100\n|-unboost|p2a: Ho-Oh|spa|1\n|\n|upkeep\n|turn|32\n|\n|t:|1698542933\n|move|p1a: Xerneas|Moonblast|p2a: Ho-Oh\n|-damage|p2a: Ho-Oh|0 fnt\n|faint|p2a: Ho-Oh\n|\n|upkeep\n|c|\u2606lag=bad|jesus\n|\n|t:|1698542941\n|switch|p2a: Zacian|Zacian-Crowned|100\/100\n|-activate|p2a: Zacian|move: Sticky Web\n|-unboost|p2a: Zacian|spe|1\n|turn|33\n|inactive|Breeze88 has 120 seconds left.\n|\n|t:|1698542997\n|switch|p1a: Groudon|Groudon-Primal|43\/100 par\n|-weather|DesolateLand|[from] ability: Desolate Land|[of] p1a: Groudon\n|move|p2a: Zacian|Behemoth Blade|p1a: Groudon\n|-resisted|p1a: Groudon\n|-damage|p1a: Groudon|23\/100 par\n|\n|-weather|DesolateLand|[upkeep]\n|upkeep\n|turn|34\n|\n|t:|1698543004\n|switch|p2a: Zygarde|Zygarde-Complete|100\/100 slp\n|-activate|p2a: Zygarde|move: Sticky Web\n|-unboost|p2a: Zygarde|spe|1\n|cant|p1a: Groudon|par\n|\n|-weather|DesolateLand|[upkeep]\n|upkeep\n|turn|35\n|\n|t:|1698543021\n|-weather|none\n|switch|p1a: Arceus|Arceus-Ground|94\/100 tox\n|cant|p2a: Zygarde|slp\n|\n|-damage|p1a: Arceus|88\/100 tox|[from] psn\n|upkeep\n|turn|36\n|\n|t:|1698543025\n|move|p1a: Arceus|Swords Dance|p1a: Arceus\n|-boost|p1a: Arceus|atk|2\n|-curestatus|p2a: Zygarde|slp|[msg]\n|move|p2a: Zygarde|Coil|p2a: Zygarde\n|-boost|p2a: Zygarde|atk|1\n|-boost|p2a: Zygarde|def|1\n|-boost|p2a: Zygarde|accuracy|1\n|\n|-damage|p1a: Arceus|76\/100 tox|[from] psn\n|upkeep\n|turn|37\n|\n|t:|1698543047\n|switch|p1a: Xerneas|Xerneas, tera:Fairy|100\/100\n|-ability|p1a: Xerneas|Fairy Aura\n|move|p2a: Zygarde|Coil|p2a: Zygarde\n|-boost|p2a: Zygarde|atk|1\n|-boost|p2a: Zygarde|def|1\n|-boost|p2a: Zygarde|accuracy|1\n|\n|upkeep\n|turn|38\n|\n|t:|1698543055\n|move|p1a: Xerneas|Moonblast|p2a: Zygarde\n|-supereffective|p2a: Zygarde\n|-damage|p2a: Zygarde|0 fnt\n|faint|p2a: Zygarde\n|\n|upkeep\n|\n|t:|1698543060\n|switch|p2a: Xerneas|Xerneas|100\/100\n|-activate|p2a: Xerneas|move: Sticky Web\n|-unboost|p2a: Xerneas|spe|1\n|-ability|p2a: Xerneas|Fairy Aura\n|turn|39\n|inactive|Breeze88 has 120 seconds left.\n|\n|t:|1698543070\n|move|p1a: Xerneas|Moonblast|p2a: Xerneas\n|-damage|p2a: Xerneas|20\/100\n|-unboost|p2a: Xerneas|spa|1\n|move|p2a: Xerneas|Geomancy||[still]\n|-prepare|p2a: Xerneas|Geomancy\n|-enditem|p2a: Xerneas|Power Herb\n|-anim|p2a: Xerneas|Geomancy|p2a: Xerneas\n|-boost|p2a: Xerneas|spa|2\n|-boost|p2a: Xerneas|spd|2\n|-boost|p2a: Xerneas|spe|2\n|\n|upkeep\n|turn|40\n|\n|t:|1698543078\n|move|p2a: Xerneas|Moonblast|p1a: Xerneas\n|-damage|p1a: Xerneas|21\/100\n|move|p1a: Xerneas|Moonblast|p2a: Xerneas\n|-damage|p2a: Xerneas|0 fnt\n|faint|p2a: Xerneas\n|\n|upkeep\n|c|\u2606lag=bad|wut\n|c|\u2606Breeze88|the spa drop\n|c|\u2606lag=bad|ohhh\n|c|\u2606lag=bad|I missed that\n|\n|t:|1698543096\n|switch|p2a: Zacian|Zacian-Crowned|100\/100\n|-activate|p2a: Zacian|move: Sticky Web\n|-unboost|p2a: Zacian|spe|1\n|turn|41\n|c|\u2606Breeze88|I did too\n|\n|t:|1698543108\n|switch|p1a: Arceus|Arceus-Ground|76\/100 tox\n|move|p2a: Zacian|Play Rough|p1a: Arceus\n|-damage|p1a: Arceus|36\/100 tox\n|\n|-damage|p1a: Arceus|30\/100 tox|[from] psn\n|upkeep\n|turn|42\n|\n|t:|1698543119\n|-zpower|p1a: Arceus\n|move|p1a: Arceus|Tectonic Rage|p2a: Zacian|[zeffect]\n|-supereffective|p2a: Zacian\n|-damage|p2a: Zacian|0 fnt\n|faint|p2a: Zacian\n|\n|-damage|p1a: Arceus|18\/100 tox|[from] psn\n|upkeep\n|\n|t:|1698543123\n|switch|p2a: Deoxys|Deoxys-Attack|100\/100\n|-activate|p2a: Deoxys|move: Sticky Web\n|-unboost|p2a: Deoxys|spe|1\n|-ability|p2a: Deoxys|Pressure\n|turn|43\n|c|\u2606lag=bad|gg\n|c|\u2606Breeze88|ggwp\n|c|\u2606Breeze88|thx\n|\n|t:|1698543131\n|move|p1a: Arceus|Earthquake|p2a: Deoxys\n|-damage|p2a: Deoxys|0 fnt\n|faint|p2a: Deoxys\n|\n|win|Breeze88\n|raw|Breeze88's rating: 1759 &rarr; <strong>1770<\/strong><br \/>(+11 for winning)\n|raw|lag=bad's rating: 1587 &rarr; <strong>1576<\/strong><br \/>(-11 for losing)\n|c|\u2606Breeze88|what a wild game\n|c|\u2606lag=bad|fr\n|c|\u2606lag=bad|why the goldengo?\n|c|\u2606Breeze88|it prevents defog\n|c|\u2606Breeze88|good as gold\n|c|\u2606lag=bad|yeah but that's it?\n|c|\u2606lag=bad|and trick\n|c|\u2606Breeze88|pretty much\n|c|\u2606lag=bad|huh ok\n|l|\u2606lag=bad\n|c|\u2606Breeze88|if shuckle hadn't been parad with zacian and got stealth rock up i mightve won with xerneas\n","uploadtime":1698543193,"views":10,"p1id":"breeze88","p2id":"lagbad","formatid":"gen9nationaldexubers","rating":1576,"private":0,"password":""}