{"id":"gen9nationaldexubers-2000335167","p1":"Nightly20","p2":"VerduOsane","format":"[Gen 9] National Dex Ubers","log":"|j|\u2606Nightly20\n|j|\u2606VerduOsane\n|t:|1701185991\n|gametype|singles\n|player|p1|Nightly20|lance|1428\n|player|p2|VerduOsane|gloria|1330\n|teamsize|p1|6\n|teamsize|p2|6\n|gen|9\n|tier|[Gen 9] National Dex Ubers\n|rated|\n|rule|HP Percentage Mod: HP is shown in percentages\n|rule|Endless Battle Clause: Forcing endless battles is banned\n|rule|OHKO Clause: OHKO moves are banned\n|rule|Evasion Moves Clause: Evasion moves are banned\n|rule|Evasion Items Clause: Evasion items are banned\n|rule|Species Clause: Limit one of each Pok\u00e9mon\n|rule|Sleep Clause Mod: Limit one foe put to sleep\n|rule|Mega Rayquaza Clause: You cannot mega evolve Rayquaza\n|clearpoke\n|poke|p1|Zygarde|\n|poke|p1|Groudon|\n|poke|p1|Ho-Oh|\n|poke|p1|Zacian-*|\n|poke|p1|Arceus-Dark|\n|poke|p1|Marshadow|\n|poke|p2|Weavile, F|\n|poke|p2|Sneasler, M|\n|poke|p2|Scizor, M|\n|poke|p2|Iron Thorns|\n|poke|p2|Gastrodon-East, M|\n|poke|p2|Iron Leaves|\n|teampreview\n|inactive|Battle timer is ON: inactive players will automatically lose when time's up. (requested by Nightly20)\n|\n|t:|1701185999\n|start\n|switch|p1a: Zygarde|Zygarde|100\/100\n|switch|p2a: Iron Thorns|Iron Thorns|100\/100\n|turn|1\n|\n|t:|1701186004\n|-end|p2a: Iron Thorns|Quark Drive|[silent]\n|switch|p2a: Gastrodon|Gastrodon-East, M, shiny|100\/100\n|move|p1a: Zygarde|Dragon Dance|p1a: Zygarde\n|-boost|p1a: Zygarde|atk|1\n|-boost|p1a: Zygarde|spe|1\n|\n|upkeep\n|turn|2\n|\n|t:|1701186009\n|move|p1a: Zygarde|Dragon Dance|p1a: Zygarde\n|-boost|p1a: Zygarde|atk|1\n|-boost|p1a: Zygarde|spe|1\n|move|p2a: Gastrodon|Clear Smog|p1a: Zygarde\n|-resisted|p1a: Zygarde\n|-damage|p1a: Zygarde|96\/100\n|-clearboost|p1a: Zygarde\n|\n|upkeep\n|turn|3\n|\n|t:|1701186017\n|move|p1a: Zygarde|Thousand Waves|p2a: Gastrodon\n|-damage|p2a: Gastrodon|71\/100\n|-activate|p2a: Gastrodon|trapped\n|move|p2a: Gastrodon|Scald|p1a: Zygarde\n|-damage|p1a: Zygarde|70\/100\n|-status|p1a: Zygarde|brn\n|\n|-heal|p2a: Gastrodon|77\/100|[from] item: Leftovers\n|-damage|p1a: Zygarde|64\/100 brn|[from] brn\n|upkeep\n|turn|4\n|\n|t:|1701186031\n|switch|p1a: Arceus|Arceus-Dark|100\/100\n|move|p2a: Gastrodon|Scald|p1a: Arceus\n|-damage|p1a: Arceus|83\/100\n|\n|-heal|p2a: Gastrodon|83\/100|[from] item: Leftovers\n|upkeep\n|turn|5\n|\n|t:|1701186040\n|move|p1a: Arceus|Toxic|p2a: Gastrodon\n|-status|p2a: Gastrodon|tox\n|move|p2a: Gastrodon|Scald|p1a: Arceus\n|-damage|p1a: Arceus|66\/100\n|\n|-heal|p2a: Gastrodon|89\/100 tox|[from] item: Leftovers\n|-damage|p2a: Gastrodon|83\/100 tox|[from] psn\n|upkeep\n|turn|6\n|\n|t:|1701186044\n|switch|p2a: Scizor|Scizor, M|100\/100\n|move|p1a: Arceus|Judgment|p2a: Scizor\n|-damage|p2a: Scizor|40\/100\n|\n|upkeep\n|turn|7\n|\n|t:|1701186049\n|detailschange|p2a: Scizor|Scizor-Mega, M\n|-mega|p2a: Scizor|Scizor|Scizorite\n|move|p2a: Scizor|Bullet Punch|p1a: Arceus\n|-damage|p1a: Arceus|45\/100\n|move|p1a: Arceus|Judgment|p2a: Scizor\n|-damage|p2a: Scizor|0 fnt\n|faint|p2a: Scizor\n|\n|upkeep\n|\n|t:|1701186056\n|switch|p2a: Sneasler|Sneasler, M, shiny|100\/100\n|turn|8\n|\n|t:|1701186061\n|move|p2a: Sneasler|Close Combat|p1a: Arceus\n|-supereffective|p1a: Arceus\n|-damage|p1a: Arceus|0 fnt\n|-unboost|p2a: Sneasler|def|1\n|-unboost|p2a: Sneasler|spd|1\n|-enditem|p2a: Sneasler|White Herb\n|-clearnegativeboost|p2a: Sneasler|[silent]\n|faint|p1a: Arceus\n|\n|upkeep\n|\n|t:|1701186066\n|switch|p1a: Zygarde|Zygarde|64\/100 brn\n|turn|9\n|\n|t:|1701186074\n|-terastallize|p2a: Sneasler|Flying\n|move|p2a: Sneasler|Swords Dance|p2a: Sneasler\n|-boost|p2a: Sneasler|atk|2\n|move|p1a: Zygarde|Dragon Dance|p1a: Zygarde\n|-boost|p1a: Zygarde|atk|1\n|-boost|p1a: Zygarde|spe|1\n|\n|-damage|p1a: Zygarde|58\/100 brn|[from] brn\n|upkeep\n|turn|10\n|\n|t:|1701186080\n|move|p2a: Sneasler|Acrobatics|p1a: Zygarde\n|-damage|p1a: Zygarde|0 fnt\n|faint|p1a: Zygarde\n|\n|upkeep\n|\n|t:|1701186087\n|switch|p1a: Zacian|Zacian-Crowned, shiny|100\/100\n|-ability|p1a: Zacian|Intrepid Sword|boost\n|-boost|p1a: Zacian|atk|1\n|turn|11\n|\n|t:|1701186092\n|move|p2a: Sneasler|Close Combat|p1a: Zacian\n|-damage|p1a: Zacian|0 fnt\n|-unboost|p2a: Sneasler|def|1\n|-unboost|p2a: Sneasler|spd|1\n|faint|p1a: Zacian\n|\n|upkeep\n|\n|t:|1701186103\n|switch|p1a: Ho-Oh|Ho-Oh, shiny|100\/100\n|turn|12\n|\n|t:|1701186107\n|move|p2a: Sneasler|Acrobatics|p1a: Ho-Oh\n|-damage|p1a: Ho-Oh|12\/100\n|move|p1a: Ho-Oh|Sacred Fire|p2a: Sneasler\n|-damage|p2a: Sneasler|0 fnt\n|faint|p2a: Sneasler\n|\n|upkeep\n|\n|t:|1701186117\n|switch|p2a: Weavile|Weavile, F|100\/100\n|-ability|p2a: Weavile|Pressure\n|turn|13\n|\n|t:|1701186124\n|switch|p1a: Groudon|Groudon, shiny|100\/100\n|detailschange|p1a: Groudon|Groudon-Primal, shiny\n|-primal|p1a: Groudon|Red Orb\n|-weather|DesolateLand|[from] ability: Desolate Land|[of] p1a: Groudon\n|move|p2a: Weavile|Ice Spinner|p1a: Groudon\n|-damage|p1a: Groudon|79\/100\n|\n|-weather|DesolateLand|[upkeep]\n|upkeep\n|turn|14\n|\n|t:|1701186134\n|move|p2a: Weavile|Ice Spinner|p1a: Groudon\n|-damage|p1a: Groudon|56\/100\n|move|p1a: Groudon|Precipice Blades|p2a: Weavile\n|-enditem|p2a: Weavile|Focus Sash\n|-damage|p2a: Weavile|1\/100\n|\n|-weather|DesolateLand|[upkeep]\n|upkeep\n|turn|15\n|\n|t:|1701186139\n|move|p2a: Weavile|Ice Spinner|p1a: Groudon\n|-damage|p1a: Groudon|34\/100\n|move|p1a: Groudon|Precipice Blades|p2a: Weavile|[miss]\n|-miss|p1a: Groudon|p2a: Weavile\n|\n|-weather|DesolateLand|[upkeep]\n|upkeep\n|turn|16\n|\n|t:|1701186145\n|move|p2a: Weavile|Ice Spinner|p1a: Groudon\n|-damage|p1a: Groudon|11\/100\n|move|p1a: Groudon|Precipice Blades|p2a: Weavile\n|-damage|p2a: Weavile|0 fnt\n|faint|p2a: Weavile\n|\n|-weather|DesolateLand|[upkeep]\n|upkeep\n|\n|t:|1701186151\n|switch|p2a: Iron Leaves|Iron Leaves|100\/100\n|-enditem|p2a: Iron Leaves|Booster Energy\n|-activate|p2a: Iron Leaves|ability: Quark Drive|[fromitem]\n|-start|p2a: Iron Leaves|quarkdrivespe\n|turn|17\n|\n|t:|1701186160\n|move|p2a: Iron Leaves|Leaf Blade|p1a: Groudon\n|-crit|p1a: Groudon\n|-damage|p1a: Groudon|0 fnt\n|faint|p1a: Groudon\n|-weather|none\n|\n|upkeep\n|\n|t:|1701186164\n|switch|p1a: Ho-Oh|Ho-Oh, shiny|45\/100\n|turn|18\n|\n|t:|1701186173\n|move|p2a: Iron Leaves|Psyblade|p1a: Ho-Oh\n|-damage|p1a: Ho-Oh|20\/100\n|move|p1a: Ho-Oh|Toxic|p2a: Iron Leaves\n|-status|p2a: Iron Leaves|tox\n|\n|-damage|p2a: Iron Leaves|94\/100 tox|[from] psn\n|upkeep\n|turn|19\n|\n|t:|1701186181\n|move|p1a: Ho-Oh|Protect|p1a: Ho-Oh\n|-singleturn|p1a: Ho-Oh|Protect\n|move|p2a: Iron Leaves|Psyblade|p1a: Ho-Oh\n|-activate|p1a: Ho-Oh|move: Protect\n|\n|-damage|p2a: Iron Leaves|82\/100 tox|[from] psn\n|upkeep\n|turn|20\n|\n|t:|1701186192\n|move|p1a: Ho-Oh|Protect|p1a: Ho-Oh\n|-singleturn|p1a: Ho-Oh|Protect\n|move|p2a: Iron Leaves|Psyblade|p1a: Ho-Oh\n|-activate|p1a: Ho-Oh|move: Protect\n|\n|-damage|p2a: Iron Leaves|63\/100 tox|[from] psn\n|upkeep\n|turn|21\n|c|\u2606VerduOsane|how..\n|\n|t:|1701186203\n|move|p1a: Ho-Oh|Protect|p1a: Ho-Oh\n|-singleturn|p1a: Ho-Oh|Protect\n|move|p2a: Iron Leaves|Psyblade|p1a: Ho-Oh\n|-activate|p1a: Ho-Oh|move: Protect\n|\n|-damage|p2a: Iron Leaves|38\/100 tox|[from] psn\n|upkeep\n|turn|22\n|c|\u2606VerduOsane|WHAT THE FUCK\n|c|\u2606Nightly20|im the chosen one\n|\n|t:|1701186214\n|move|p1a: Ho-Oh|Protect||[still]\n|-fail|p1a: Ho-Oh\n|move|p2a: Iron Leaves|Psyblade|p1a: Ho-Oh\n|-damage|p1a: Ho-Oh|0 fnt\n|faint|p1a: Ho-Oh\n|\n|-damage|p2a: Iron Leaves|7\/100 tox|[from] psn\n|upkeep\n|c|\u2606Nightly20|i lied\n|\n|t:|1701186221\n|switch|p1a: Marshadow|Marshadow|100\/100\n|turn|23\n|c|\u2606VerduOsane|I\u2019m still offing myself..\n|\n|t:|1701186232\n|move|p1a: Marshadow|Protect|p1a: Marshadow\n|-singleturn|p1a: Marshadow|Protect\n|move|p2a: Iron Leaves|Psyblade|p1a: Marshadow\n|-activate|p1a: Marshadow|move: Protect\n|\n|-damage|p2a: Iron Leaves|0 fnt|[from] psn\n|faint|p2a: Iron Leaves\n|-end|p2a: Iron Leaves|Quark Drive|[silent]\n|upkeep\n|\n|t:|1701186238\n|switch|p2a: Gastrodon|Gastrodon-East, M, shiny|83\/100 tox\n|turn|24\n|\n|t:|1701186244\n|move|p1a: Marshadow|Spectral Thief|p2a: Gastrodon\n|-damage|p2a: Gastrodon|50\/100 tox\n|move|p2a: Gastrodon|Scald|p1a: Marshadow\n|-damage|p1a: Marshadow|69\/100\n|\n|-heal|p2a: Gastrodon|56\/100 tox|[from] item: Leftovers\n|-damage|p2a: Gastrodon|50\/100 tox|[from] psn\n|upkeep\n|turn|25\n|\n|t:|1701186253\n|move|p1a: Marshadow|Protect|p1a: Marshadow\n|-singleturn|p1a: Marshadow|Protect\n|move|p2a: Gastrodon|Recover|p2a: Gastrodon\n|-heal|p2a: Gastrodon|99\/100 tox\n|\n|-heal|p2a: Gastrodon|100\/100 tox|[from] item: Leftovers\n|-damage|p2a: Gastrodon|88\/100 tox|[from] psn\n|upkeep\n|turn|26\n|\n|t:|1701186260\n|move|p1a: Marshadow|Spectral Thief|p2a: Gastrodon\n|-damage|p2a: Gastrodon|53\/100 tox\n|move|p2a: Gastrodon|Scald|p1a: Marshadow\n|-damage|p1a: Marshadow|40\/100\n|\n|-heal|p2a: Gastrodon|59\/100 tox|[from] item: Leftovers\n|-damage|p2a: Gastrodon|41\/100 tox|[from] psn\n|upkeep\n|turn|27\n|\n|t:|1701186270\n|move|p1a: Marshadow|Protect|p1a: Marshadow\n|-singleturn|p1a: Marshadow|Protect\n|move|p2a: Gastrodon|Scald|p1a: Marshadow\n|-activate|p1a: Marshadow|move: Protect\n|\n|-heal|p2a: Gastrodon|47\/100 tox|[from] item: Leftovers\n|-damage|p2a: Gastrodon|22\/100 tox|[from] psn\n|upkeep\n|turn|28\n|\n|t:|1701186278\n|move|p1a: Marshadow|Shadow Sneak|p2a: Gastrodon\n|-damage|p2a: Gastrodon|0 fnt\n|faint|p2a: Gastrodon\n|\n|upkeep\n|\n|t:|1701186280\n|switch|p2a: Iron Thorns|Iron Thorns|100\/100\n|turn|29\n|\n|t:|1701186285\n|move|p1a: Marshadow|Spectral Thief|p2a: Iron Thorns\n|-damage|p2a: Iron Thorns|58\/100\n|move|p2a: Iron Thorns|Dragon Dance|p2a: Iron Thorns\n|-boost|p2a: Iron Thorns|atk|1\n|-boost|p2a: Iron Thorns|spe|1\n|\n|upkeep\n|turn|30\n|\n|t:|1701186291\n|move|p1a: Marshadow|Sucker Punch|p2a: Iron Thorns\n|-crit|p2a: Iron Thorns\n|-damage|p2a: Iron Thorns|24\/100\n|move|p2a: Iron Thorns|Earthquake|p1a: Marshadow\n|-damage|p1a: Marshadow|0 fnt\n|faint|p1a: Marshadow\n|\n|win|VerduOsane\n|raw|Nightly20's rating: 1428 &rarr; <strong>1403<\/strong><br \/>(-25 for losing)\n|raw|VerduOsane's rating: 1330 &rarr; <strong>1355<\/strong><br \/>(+25 for winning)\n|l|\u2606Nightly20\n|l|\u2606VerduOsane\n|j|\u2606VerduOsane\n|player|p2|VerduOsane|gloria\n","uploadtime":1701186503,"views":1,"p1id":"nightly20","p2id":"verduosane","formatid":"gen9nationaldexubers","rating":1355,"private":0,"password":""}