{"id":"gen9nationaldexubers-1997568774","p1":"TheEmoOni","p2":"JustMonika_CARR","format":"[Gen 9] National Dex Ubers","log":"|j|\u2606TheEmoOni\n|j|\u2606JustMonika_CARR\n|t:|1700826829\n|gametype|singles\n|player|p1|TheEmoOni|grimsley-masters|1171\n|player|p2|JustMonika_CARR|rosa|1326\n|teamsize|p1|6\n|teamsize|p2|6\n|gen|9\n|tier|[Gen 9] National Dex Ubers\n|rated|\n|rule|HP Percentage Mod: HP is shown in percentages\n|rule|Endless Battle Clause: Forcing endless battles is banned\n|rule|OHKO Clause: OHKO moves are banned\n|rule|Evasion Moves Clause: Evasion moves are banned\n|rule|Evasion Items Clause: Evasion items are banned\n|rule|Species Clause: Limit one of each Pok\u00e9mon\n|rule|Sleep Clause Mod: Limit one foe put to sleep\n|rule|Mega Rayquaza Clause: You cannot mega evolve Rayquaza\n|clearpoke\n|poke|p1|Eternatus|\n|poke|p1|Sneasler, M|\n|poke|p1|Nihilego|\n|poke|p1|Venusaur, M|\n|poke|p1|Ribombee, F|\n|poke|p1|Scolipede, F|\n|poke|p2|Blaziken, M|\n|poke|p2|Pheromosa|\n|poke|p2|Gothitelle, F|\n|poke|p2|Deoxys-Speed|\n|poke|p2|Shuckle, M|\n|poke|p2|Durant, F|\n|teampreview\n|c|\u2606TheEmoOni|glhf\n|\n|t:|1700826839\n|start\n|switch|p1a: Fairy|Ribombee, F|100\/100\n|switch|p2a: Deoxys|Deoxys-Speed, shiny|100\/100\n|-ability|p2a: Deoxys|Pressure\n|turn|1\n|c|\u2606JustMonika_CARR|Glhf\n|\n|t:|1700826856\n|move|p2a: Deoxys|Toxic|p1a: Fairy\n|-status|p1a: Fairy|tox\n|move|p1a: Fairy|Sticky Web|p2a: Deoxys\n|-sidestart|p2: JustMonika_CARR|move: Sticky Web\n|\n|-damage|p1a: Fairy|94\/100 tox|[from] psn\n|upkeep\n|turn|2\n|\n|t:|1700826862\n|move|p2a: Deoxys|Stealth Rock|p1a: Fairy\n|-sidestart|p1: TheEmoOni|move: Stealth Rock\n|move|p1a: Fairy|Quiver Dance|p1a: Fairy\n|-boost|p1a: Fairy|spa|1\n|-boost|p1a: Fairy|spd|1\n|-boost|p1a: Fairy|spe|1\n|\n|-damage|p1a: Fairy|82\/100 tox|[from] psn\n|upkeep\n|turn|3\n|\n|t:|1700826870\n|move|p1a: Fairy|Bug Buzz|p2a: Deoxys\n|-supereffective|p2a: Deoxys\n|-damage|p2a: Deoxys|0 fnt\n|faint|p2a: Deoxys\n|\n|-damage|p1a: Fairy|64\/100 tox|[from] psn\n|upkeep\n|\n|t:|1700826874\n|switch|p2a: Pheromosa|Pheromosa, shiny|100\/100\n|-activate|p2a: Pheromosa|move: Sticky Web\n|-unboost|p2a: Pheromosa|spe|1\n|turn|4\n|\n|t:|1700826892\n|move|p1a: Fairy|Moonblast|p2a: Pheromosa\n|-supereffective|p2a: Pheromosa\n|-enditem|p2a: Pheromosa|Focus Sash\n|-damage|p2a: Pheromosa|1\/100\n|move|p2a: Pheromosa|Rapid Spin|p1a: Fairy\n|-damage|p1a: Fairy|32\/100 tox\n|-boost|p2a: Pheromosa|spe|1\n|-sideend|p2: JustMonika_CARR|Sticky Web|[from] move: Rapid Spin|[of] p2a: Pheromosa\n|\n|-damage|p1a: Fairy|7\/100 tox|[from] psn\n|upkeep\n|turn|5\n|\n|t:|1700826911\n|switch|p1a: Abyss|Nihilego|100\/100\n|-damage|p1a: Abyss|88\/100|[from] Stealth Rock\n|switch|p2a: Durant|Durant, F, shiny|100\/100\n|\n|upkeep\n|turn|6\n|\n|t:|1700826920\n|move|p2a: Durant|Entrainment|p1a: Abyss\n|-endability|p1a: Abyss|Beast Boost|[from] move: Entrainment\n|-ability|p1a: Abyss|Truant|[from] move: Entrainment\n|move|p1a: Abyss|Meteor Beam||[still]\n|-prepare|p1a: Abyss|Meteor Beam\n|-boost|p1a: Abyss|spa|1\n|-enditem|p1a: Abyss|Power Herb\n|-anim|p1a: Abyss|Meteor Beam|p2a: Durant\n|-crit|p2a: Durant\n|-damage|p2a: Durant|0 fnt\n|faint|p2a: Durant\n|\n|upkeep\n|\n|t:|1700826930\n|switch|p2a: Gothitelle|Gothitelle, F, shiny|100\/100\n|turn|7\n|\n|t:|1700826939\n|cant|p1a: Abyss|ability: Truant\n|move|p2a: Gothitelle|Substitute|p2a: Gothitelle\n|-start|p2a: Gothitelle|Substitute\n|-damage|p2a: Gothitelle|75\/100\n|\n|upkeep\n|turn|8\n|\n|t:|1700826946\n|move|p1a: Abyss|Power Gem|p2a: Gothitelle\n|-end|p2a: Gothitelle|Substitute\n|move|p2a: Gothitelle|Substitute|p2a: Gothitelle\n|-start|p2a: Gothitelle|Substitute\n|-damage|p2a: Gothitelle|50\/100\n|\n|upkeep\n|turn|9\n|\n|t:|1700826954\n|cant|p1a: Abyss|ability: Truant\n|move|p2a: Gothitelle|Dark Pulse|p1a: Abyss\n|-damage|p1a: Abyss|70\/100\n|\n|upkeep\n|turn|10\n|\n|t:|1700826962\n|move|p1a: Abyss|Power Gem|p2a: Gothitelle\n|-end|p2a: Gothitelle|Substitute\n|move|p2a: Gothitelle|Substitute|p2a: Gothitelle\n|-start|p2a: Gothitelle|Substitute\n|-damage|p2a: Gothitelle|25\/100\n|-enditem|p2a: Gothitelle|Starf Berry|[eat]\n|-boost|p2a: Gothitelle|spd|2|[from] item: Starf Berry\n|\n|upkeep\n|turn|11\n|\n|t:|1700826971\n|cant|p1a: Abyss|ability: Truant\n|move|p2a: Gothitelle|Recycle|p2a: Gothitelle\n|-item|p2a: Gothitelle|Starf Berry|[from] move: Recycle\n|-enditem|p2a: Gothitelle|Starf Berry|[eat]\n|-boost|p2a: Gothitelle|def|2|[from] item: Starf Berry\n|\n|upkeep\n|turn|12\n|\n|t:|1700826997\n|move|p2a: Gothitelle|Protect|p2a: Gothitelle\n|-singleturn|p2a: Gothitelle|Protect\n|move|p1a: Abyss|Power Gem|p2a: Gothitelle\n|-activate|p2a: Gothitelle|move: Protect\n|\n|upkeep\n|turn|13\n|inactive|Battle timer is ON: inactive players will automatically lose when time's up. (requested by JustMonika_CARR)\n|\n|t:|1700827005\n|cant|p1a: Abyss|ability: Truant\n|move|p2a: Gothitelle|Recycle|p2a: Gothitelle\n|-item|p2a: Gothitelle|Starf Berry|[from] move: Recycle\n|-enditem|p2a: Gothitelle|Starf Berry|[eat]\n|-boost|p2a: Gothitelle|spa|2|[from] item: Starf Berry\n|\n|upkeep\n|turn|14\n|\n|t:|1700827013\n|move|p2a: Gothitelle|Protect|p2a: Gothitelle\n|-singleturn|p2a: Gothitelle|Protect\n|move|p1a: Abyss|Power Gem|p2a: Gothitelle\n|-activate|p2a: Gothitelle|move: Protect\n|\n|upkeep\n|turn|15\n|c|\u2606JustMonika_CARR|Skip the next few turns, please\n|\n|t:|1700827033\n|cant|p1a: Abyss|ability: Truant\n|move|p2a: Gothitelle|Recycle|p2a: Gothitelle\n|-item|p2a: Gothitelle|Starf Berry|[from] move: Recycle\n|-enditem|p2a: Gothitelle|Starf Berry|[eat]\n|-boost|p2a: Gothitelle|spe|2|[from] item: Starf Berry\n|\n|upkeep\n|turn|16\n|c|\u2606TheEmoOni|Uhm\n|c|\u2606TheEmoOni|No\n|\n|t:|1700827052\n|move|p2a: Gothitelle|Protect|p2a: Gothitelle\n|-singleturn|p2a: Gothitelle|Protect\n|move|p1a: Abyss|Sludge Bomb|p2a: Gothitelle\n|-activate|p2a: Gothitelle|move: Protect\n|\n|upkeep\n|turn|17\n|\n|t:|1700827063\n|cant|p1a: Abyss|ability: Truant\n|move|p2a: Gothitelle|Recycle|p2a: Gothitelle\n|-item|p2a: Gothitelle|Starf Berry|[from] move: Recycle\n|-enditem|p2a: Gothitelle|Starf Berry|[eat]\n|-boost|p2a: Gothitelle|def|2|[from] item: Starf Berry\n|\n|upkeep\n|turn|18\n|c|\u2606JustMonika_CARR|?\n|inactive|JustMonika_CARR has 120 seconds left.\n|c|\u2606JustMonika_CARR|It'll just make this faster regardless of whether you have a counter or not\n|\n|t:|1700827101\n|move|p2a: Gothitelle|Protect|p2a: Gothitelle\n|-singleturn|p2a: Gothitelle|Protect\n|move|p1a: Abyss|Power Gem|p2a: Gothitelle\n|-activate|p2a: Gothitelle|move: Protect\n|\n|upkeep\n|turn|19\n|\n|t:|1700827110\n|cant|p1a: Abyss|ability: Truant\n|move|p2a: Gothitelle|Recycle|p2a: Gothitelle\n|-item|p2a: Gothitelle|Starf Berry|[from] move: Recycle\n|-enditem|p2a: Gothitelle|Starf Berry|[eat]\n|-boost|p2a: Gothitelle|spa|2|[from] item: Starf Berry\n|\n|upkeep\n|turn|20\n|\n|t:|1700827118\n|move|p2a: Gothitelle|Protect|p2a: Gothitelle\n|-singleturn|p2a: Gothitelle|Protect\n|move|p1a: Abyss|Sludge Bomb|p2a: Gothitelle\n|-activate|p2a: Gothitelle|move: Protect\n|\n|upkeep\n|turn|21\n|\n|t:|1700827144\n|cant|p1a: Abyss|ability: Truant\n|move|p2a: Gothitelle|Recycle|p2a: Gothitelle\n|-item|p2a: Gothitelle|Starf Berry|[from] move: Recycle\n|-enditem|p2a: Gothitelle|Starf Berry|[eat]\n|-boost|p2a: Gothitelle|atk|2|[from] item: Starf Berry\n|\n|upkeep\n|turn|22\n|\n|t:|1700827159\n|move|p2a: Gothitelle|Protect|p2a: Gothitelle\n|-singleturn|p2a: Gothitelle|Protect\n|move|p1a: Abyss|Power Gem|p2a: Gothitelle\n|-activate|p2a: Gothitelle|move: Protect\n|\n|upkeep\n|turn|23\n|\n|t:|1700827162\n|cant|p1a: Abyss|ability: Truant\n|move|p2a: Gothitelle|Recycle|p2a: Gothitelle\n|-item|p2a: Gothitelle|Starf Berry|[from] move: Recycle\n|-enditem|p2a: Gothitelle|Starf Berry|[eat]\n|-boost|p2a: Gothitelle|spd|2|[from] item: Starf Berry\n|\n|upkeep\n|turn|24\n|\n|t:|1700827165\n|move|p2a: Gothitelle|Protect|p2a: Gothitelle\n|-singleturn|p2a: Gothitelle|Protect\n|move|p1a: Abyss|Power Gem|p2a: Gothitelle\n|-activate|p2a: Gothitelle|move: Protect\n|\n|upkeep\n|turn|25\n|\n|t:|1700827169\n|cant|p1a: Abyss|ability: Truant\n|move|p2a: Gothitelle|Recycle|p2a: Gothitelle\n|-item|p2a: Gothitelle|Starf Berry|[from] move: Recycle\n|-enditem|p2a: Gothitelle|Starf Berry|[eat]\n|-boost|p2a: Gothitelle|spe|2|[from] item: Starf Berry\n|\n|upkeep\n|turn|26\n|\n|t:|1700827171\n|move|p2a: Gothitelle|Protect|p2a: Gothitelle\n|-singleturn|p2a: Gothitelle|Protect\n|move|p1a: Abyss|Power Gem|p2a: Gothitelle\n|-activate|p2a: Gothitelle|move: Protect\n|\n|upkeep\n|turn|27\n|\n|t:|1700827173\n|move|p2a: Gothitelle|Recycle|p2a: Gothitelle\n|-item|p2a: Gothitelle|Starf Berry|[from] move: Recycle\n|-enditem|p2a: Gothitelle|Starf Berry|[eat]\n|-boost|p2a: Gothitelle|spa|2|[from] item: Starf Berry\n|cant|p1a: Abyss|ability: Truant\n|\n|upkeep\n|turn|28\n|\n|t:|1700827175\n|move|p2a: Gothitelle|Protect|p2a: Gothitelle\n|-singleturn|p2a: Gothitelle|Protect\n|move|p1a: Abyss|Power Gem|p2a: Gothitelle\n|-activate|p2a: Gothitelle|move: Protect\n|\n|upkeep\n|turn|29\n|\n|t:|1700827176\n|move|p2a: Gothitelle|Recycle|p2a: Gothitelle\n|-item|p2a: Gothitelle|Starf Berry|[from] move: Recycle\n|-enditem|p2a: Gothitelle|Starf Berry|[eat]\n|-boost|p2a: Gothitelle|spe|2|[from] item: Starf Berry\n|cant|p1a: Abyss|ability: Truant\n|\n|upkeep\n|turn|30\n|\n|t:|1700827179\n|move|p2a: Gothitelle|Protect|p2a: Gothitelle\n|-singleturn|p2a: Gothitelle|Protect\n|move|p1a: Abyss|Power Gem|p2a: Gothitelle\n|-activate|p2a: Gothitelle|move: Protect\n|\n|upkeep\n|turn|31\n|\n|t:|1700827185\n|move|p2a: Gothitelle|Recycle|p2a: Gothitelle\n|-item|p2a: Gothitelle|Starf Berry|[from] move: Recycle\n|-enditem|p2a: Gothitelle|Starf Berry|[eat]\n|-boost|p2a: Gothitelle|atk|2|[from] item: Starf Berry\n|cant|p1a: Abyss|ability: Truant\n|\n|upkeep\n|turn|32\n|\n|t:|1700827194\n|move|p2a: Gothitelle|Protect|p2a: Gothitelle\n|-singleturn|p2a: Gothitelle|Protect\n|move|p1a: Abyss|Power Gem|p2a: Gothitelle\n|-activate|p2a: Gothitelle|move: Protect\n|\n|upkeep\n|turn|33\n|\n|t:|1700827200\n|move|p2a: Gothitelle|Recycle|p2a: Gothitelle\n|-item|p2a: Gothitelle|Starf Berry|[from] move: Recycle\n|-enditem|p2a: Gothitelle|Starf Berry|[eat]\n|-boost|p2a: Gothitelle|spd|2|[from] item: Starf Berry\n|cant|p1a: Abyss|ability: Truant\n|\n|upkeep\n|turn|34\n|\n|t:|1700827202\n|move|p2a: Gothitelle|Protect|p2a: Gothitelle\n|-singleturn|p2a: Gothitelle|Protect\n|move|p1a: Abyss|Power Gem|p2a: Gothitelle\n|-activate|p2a: Gothitelle|move: Protect\n|\n|upkeep\n|turn|35\n|\n|t:|1700827209\n|move|p2a: Gothitelle|Recycle|p2a: Gothitelle\n|-item|p2a: Gothitelle|Starf Berry|[from] move: Recycle\n|-enditem|p2a: Gothitelle|Starf Berry|[eat]\n|-boost|p2a: Gothitelle|def|2|[from] item: Starf Berry\n|cant|p1a: Abyss|ability: Truant\n|\n|upkeep\n|turn|36\n|\n|t:|1700827213\n|move|p2a: Gothitelle|Protect|p2a: Gothitelle\n|-singleturn|p2a: Gothitelle|Protect\n|move|p1a: Abyss|Power Gem|p2a: Gothitelle\n|-activate|p2a: Gothitelle|move: Protect\n|\n|upkeep\n|turn|37\n|\n|t:|1700827239\n|move|p2a: Gothitelle|Dark Pulse|p1a: Abyss\n|-damage|p1a: Abyss|3\/100\n|cant|p1a: Abyss|ability: Truant\n|\n|upkeep\n|turn|38\n|\n|t:|1700827246\n|move|p2a: Gothitelle|Dark Pulse|p1a: Abyss\n|-damage|p1a: Abyss|0 fnt\n|faint|p1a: Abyss\n|\n|upkeep\n|\n|t:|1700827260\n|switch|p1a: Eternity|Eternatus|100\/100\n|-damage|p1a: Eternity|88\/100|[from] Stealth Rock\n|-ability|p1a: Eternity|Pressure\n|turn|39\n|\n|t:|1700827270\n|-terastallize|p2a: Gothitelle|Dark\n|move|p2a: Gothitelle|Dark Pulse|p1a: Eternity\n|-damage|p1a: Eternity|0 fnt\n|faint|p1a: Eternity\n|\n|upkeep\n|\n|t:|1700827277\n|switch|p1a: Chnoem|Sneasler, M|100\/100\n|-damage|p1a: Chnoem|95\/100|[from] Stealth Rock\n|turn|40\n|\n|t:|1700827282\n|move|p1a: Chnoem|Endure|p1a: Chnoem\n|-singleturn|p1a: Chnoem|move: Endure\n|move|p2a: Gothitelle|Dark Pulse|p1a: Chnoem\n|-resisted|p1a: Chnoem\n|-damage|p1a: Chnoem|10\/100\n|\n|upkeep\n|turn|41\n|\n|t:|1700827291\n|move|p2a: Gothitelle|Dark Pulse|p1a: Chnoem\n|-resisted|p1a: Chnoem\n|-damage|p1a: Chnoem|0 fnt\n|faint|p1a: Chnoem\n|\n|upkeep\n|\n|t:|1700827301\n|switch|p1a: Porphyrion|Venusaur, M|100\/100\n|-damage|p1a: Porphyrion|88\/100|[from] Stealth Rock\n|turn|42\n|\n|t:|1700827312\n|detailschange|p1a: Porphyrion|Venusaur-Mega, M\n|-mega|p1a: Porphyrion|Venusaur|Venusaurite\n|move|p2a: Gothitelle|Dark Pulse|p1a: Porphyrion\n|-damage|p1a: Porphyrion|0 fnt\n|faint|p1a: Porphyrion\n|\n|upkeep\n|\n|t:|1700827318\n|switch|p1a: Queen|Scolipede, F|100\/100\n|turn|43\n|\n|t:|1700827329\n|-terastallize|p1a: Queen|Bug\n|move|p2a: Gothitelle|Dark Pulse|p1a: Queen\n|-damage|p1a: Queen|0 fnt\n|faint|p1a: Queen\n|\n|upkeep\n|\n|t:|1700827336\n|switch|p1a: Fairy|Ribombee, F|7\/100 tox\n|-damage|p1a: Fairy|0 fnt|[from] Stealth Rock\n|faint|p1a: Fairy\n|\n|win|JustMonika_CARR\n|raw|TheEmoOni's rating: 1171 &rarr; <strong>1156<\/strong><br \/>(-15 for losing)\n|raw|JustMonika_CARR's rating: 1326 &rarr; <strong>1338<\/strong><br \/>(+12 for winning)\n|c|\u2606TheEmoOni|gg\n","uploadtime":1700827347,"views":5,"p1id":"theemooni","p2id":"justmonikacarr","formatid":"gen9nationaldexubers","rating":1156,"private":0,"password":""}