{"id":"gen9nationaldexubers-1993096898","p1":"capfox1987","p2":"HopOnMyArk","format":"[Gen 9] National Dex Ubers","log":"|j|\u2606capfox1987\n|j|\u2606HopOnMyArk\n|t:|1700264373\n|gametype|singles\n|player|p1|capfox1987|marley|\n|player|p2|HopOnMyArk|2|\n|teamsize|p1|6\n|teamsize|p2|6\n|gen|9\n|tier|[Gen 9] National Dex Ubers\n|rule|HP Percentage Mod: HP is shown in percentages\n|rule|Endless Battle Clause: Forcing endless battles is banned\n|rule|OHKO Clause: OHKO moves are banned\n|rule|Evasion Moves Clause: Evasion moves are banned\n|rule|Evasion Items Clause: Evasion items are banned\n|rule|Species Clause: Limit one of each Pok\u00e9mon\n|rule|Sleep Clause Mod: Limit one foe put to sleep\n|rule|Mega Rayquaza Clause: You cannot mega evolve Rayquaza\n|clearpoke\n|poke|p1|Lucario, M|\n|poke|p1|Swampert, F|\n|poke|p1|Hatterene, F|\n|poke|p1|Pelipper, F|\n|poke|p1|Thundurus, M|\n|poke|p1|Goodra, M|\n|poke|p2|Infernape, F|\n|poke|p2|Hoopa|\n|poke|p2|Articuno|\n|poke|p2|Goodra-Hisui, M|\n|poke|p2|Quaquaval, F|\n|poke|p2|Salamence, F|\n|teampreview\n|c|\u2606capfox1987|glhf!\n|c|\u2606HopOnMyArk|you too!\n|\n|t:|1700264449\n|start\n|switch|p1a: Bello Betty|Hatterene, F|100\/100\n|switch|p2a: Hoopa|Hoopa|100\/100\n|turn|1\n|\n|t:|1700264543\n|switch|p1a: Big News Morgan|Pelipper, F|100\/100\n|-weather|RainDance|[from] ability: Drizzle|[of] p1a: Big News Morgan\n|move|p2a: Hoopa|Substitute|p2a: Hoopa\n|-start|p2a: Hoopa|Substitute\n|-damage|p2a: Hoopa|75\/100\n|\n|-weather|RainDance|[upkeep]\n|-heal|p2a: Hoopa|82\/100|[from] item: Leftovers\n|upkeep\n|turn|2\n|\n|t:|1700264565\n|move|p2a: Hoopa|Shadow Ball|p1a: Big News Morgan\n|-damage|p1a: Big News Morgan|32\/100\n|move|p1a: Big News Morgan|Knock Off|p2a: Hoopa\n|-supereffective|p2a: Hoopa\n|-end|p2a: Hoopa|Substitute\n|\n|-weather|RainDance|[upkeep]\n|-heal|p2a: Hoopa|88\/100|[from] item: Leftovers\n|upkeep\n|turn|3\n|j| OpTiC Waffle\n|\n|t:|1700264578\n|move|p2a: Hoopa|Substitute|p2a: Hoopa\n|-start|p2a: Hoopa|Substitute\n|-damage|p2a: Hoopa|63\/100\n|move|p1a: Big News Morgan|Knock Off|p2a: Hoopa\n|-supereffective|p2a: Hoopa\n|-end|p2a: Hoopa|Substitute\n|\n|-weather|RainDance|[upkeep]\n|-heal|p2a: Hoopa|69\/100|[from] item: Leftovers\n|upkeep\n|turn|4\n|\n|t:|1700264588\n|move|p2a: Hoopa|Substitute|p2a: Hoopa\n|-start|p2a: Hoopa|Substitute\n|-damage|p2a: Hoopa|44\/100\n|move|p1a: Big News Morgan|Knock Off|p2a: Hoopa\n|-supereffective|p2a: Hoopa\n|-end|p2a: Hoopa|Substitute\n|\n|-weather|RainDance|[upkeep]\n|-heal|p2a: Hoopa|50\/100|[from] item: Leftovers\n|upkeep\n|turn|5\n|\n|t:|1700264605\n|move|p2a: Hoopa|Shadow Ball|p1a: Big News Morgan\n|-damage|p1a: Big News Morgan|0 fnt\n|faint|p1a: Big News Morgan\n|\n|-weather|RainDance|[upkeep]\n|-heal|p2a: Hoopa|56\/100|[from] item: Leftovers\n|upkeep\n|\n|t:|1700264614\n|switch|p1a: Caribou|Swampert, F|100\/100\n|turn|6\n|\n|t:|1700264629\n|switch|p2a: Articuno|Articuno|100\/100\n|-ability|p2a: Articuno|Pressure\n|move|p1a: Caribou|Darkest Lariat|p2a: Articuno\n|-damage|p2a: Articuno|85\/100\n|\n|-weather|RainDance|[upkeep]\n|upkeep\n|turn|7\n|\n|t:|1700264667\n|switch|p1a: Bello Betty|Hatterene, F|100\/100\n|move|p2a: Articuno|Reflect|p2a: Articuno\n|-sidestart|p2: HopOnMyArk|Reflect\n|\n|-weather|RainDance|[upkeep]\n|upkeep\n|turn|8\n|\n|t:|1700264677\n|switch|p2a: Goodra|Goodra-Hisui, M|100\/100\n|move|p1a: Bello Betty|Calm Mind|p1a: Bello Betty\n|-boost|p1a: Bello Betty|spa|1\n|-boost|p1a: Bello Betty|spd|1\n|\n|-weather|none\n|upkeep\n|turn|9\n|\n|t:|1700264689\n|move|p2a: Goodra|Heavy Slam|p1a: Bello Betty\n|-supereffective|p1a: Bello Betty\n|-damage|p1a: Bello Betty|13\/100\n|move|p1a: Bello Betty|Nuzzle|p2a: Goodra\n|-resisted|p2a: Goodra\n|-damage|p2a: Goodra|99\/100\n|-status|p2a: Goodra|par\n|\n|-heal|p2a: Goodra|100\/100 par|[from] item: Leftovers\n|upkeep\n|turn|10\n|\n|t:|1700264732\n|switch|p2a: Hoopa|Hoopa|56\/100\n|move|p1a: Bello Betty|Draining Kiss|p2a: Hoopa\n|-damage|p2a: Hoopa|22\/100\n|-heal|p1a: Bello Betty|49\/100|[from] drain|[of] p2a: Hoopa\n|\n|-heal|p2a: Hoopa|28\/100|[from] item: Leftovers\n|upkeep\n|turn|11\n|\n|t:|1700264751\n|-terastallize|p2a: Hoopa|Ghost\n|move|p2a: Hoopa|Shadow Ball|p1a: Bello Betty\n|-supereffective|p1a: Bello Betty\n|-damage|p1a: Bello Betty|0 fnt\n|faint|p1a: Bello Betty\n|\n|-heal|p2a: Hoopa|34\/100|[from] item: Leftovers\n|upkeep\n|\n|t:|1700264822\n|switch|p1a: Enel|Thundurus, M|100\/100\n|turn|12\n|l| OpTiC Waffle\n|\n|t:|1700264986\n|switch|p2a: Goodra|Goodra-Hisui, M|100\/100 par\n|move|p1a: Enel|Nasty Plot|p1a: Enel\n|-boost|p1a: Enel|spa|2\n|\n|upkeep\n|turn|13\n|\n|t:|1700265039\n|switch|p1a: Trebol|Goodra, M|100\/100\n|move|p2a: Goodra|Toxic|p1a: Trebol\n|-status|p1a: Trebol|tox\n|\n|-damage|p1a: Trebol|94\/100 tox|[from] psn\n|upkeep\n|turn|14\n|j| Jim Jim Sr\n|\n|t:|1700265066\n|cant|p2a: Goodra|par\n|move|p1a: Trebol|Acid Armor|p1a: Trebol\n|-boost|p1a: Trebol|def|2\n|\n|-heal|p1a: Trebol|100\/100 tox|[from] item: Leftovers\n|-damage|p1a: Trebol|88\/100 tox|[from] psn\n|-sideend|p2: HopOnMyArk|Reflect\n|upkeep\n|turn|15\n|c| Jim Jim Sr|howdy\n|\n|t:|1700265085\n|switch|p2a: Hoopa|Hoopa, tera:Ghost|34\/100\n|move|p1a: Trebol|Dragon Tail|p2a: Hoopa\n|-damage|p2a: Hoopa|3\/100\n|drag|p2a: Salamence|Salamence, F|100\/100\n|\n|-heal|p1a: Trebol|94\/100 tox|[from] item: Leftovers\n|-damage|p1a: Trebol|76\/100 tox|[from] psn\n|upkeep\n|turn|16\n|\n|t:|1700265099\n|move|p2a: Salamence|Outrage|p1a: Trebol\n|-supereffective|p1a: Trebol\n|-damage|p1a: Trebol|22\/100 tox\n|move|p1a: Trebol|Dragon Tail|p2a: Salamence\n|-supereffective|p2a: Salamence\n|-damage|p2a: Salamence|51\/100\n|drag|p2a: Articuno|Articuno|85\/100\n|-ability|p2a: Articuno|Pressure\n|\n|-heal|p1a: Trebol|28\/100 tox|[from] item: Leftovers\n|-damage|p1a: Trebol|4\/100 tox|[from] psn\n|upkeep\n|turn|17\n|\n|t:|1700265111\n|move|p2a: Articuno|Freeze-Dry|p1a: Trebol\n|-supereffective|p1a: Trebol\n|-damage|p1a: Trebol|0 fnt\n|faint|p1a: Trebol\n|\n|upkeep\n|\n|t:|1700265120\n|switch|p1a: Duke Dogstorm|Lucario, M|100\/100\n|turn|18\n|\n|t:|1700265135\n|move|p1a: Duke Dogstorm|Thunder Punch|p2a: Articuno\n|-supereffective|p2a: Articuno\n|-damage|p2a: Articuno|42\/100\n|move|p2a: Articuno|Reflect|p2a: Articuno\n|-sidestart|p2: HopOnMyArk|Reflect\n|\n|upkeep\n|turn|19\n|\n|t:|1700265143\n|move|p1a: Duke Dogstorm|Thunder Punch|p2a: Articuno\n|-supereffective|p2a: Articuno\n|-damage|p2a: Articuno|18\/100\n|move|p2a: Articuno|Light Screen|p2a: Articuno\n|-sidestart|p2: HopOnMyArk|move: Light Screen\n|\n|upkeep\n|turn|20\n|\n|t:|1700265154\n|switch|p2a: Hoopa|Hoopa, tera:Ghost|3\/100\n|move|p1a: Duke Dogstorm|Thunder Punch|p2a: Hoopa\n|-damage|p2a: Hoopa|0 fnt\n|faint|p2a: Hoopa\n|\n|upkeep\n|\n|t:|1700265158\n|switch|p2a: Quaquaval|Quaquaval, F|100\/100\n|turn|21\n|\n|t:|1700265162\n|move|p1a: Duke Dogstorm|Thunder Punch|p2a: Quaquaval\n|-supereffective|p2a: Quaquaval\n|-damage|p2a: Quaquaval|55\/100\n|-status|p2a: Quaquaval|par\n|-enditem|p2a: Quaquaval|Weakness Policy\n|-boost|p2a: Quaquaval|atk|2|[from] item: Weakness Policy\n|-boost|p2a: Quaquaval|spa|2|[from] item: Weakness Policy\n|move|p2a: Quaquaval|Aqua Step|p1a: Duke Dogstorm\n|-damage|p1a: Duke Dogstorm|0 fnt\n|-boost|p2a: Quaquaval|spe|1\n|faint|p1a: Duke Dogstorm\n|-ability|p2a: Quaquaval|Moxie|boost\n|-boost|p2a: Quaquaval|atk|1\n|\n|upkeep\n|c|\u2606capfox1987|gyod damn\n|c|\u2606HopOnMyArk|ahhh the paraaaa\n|\n|t:|1700265202\n|switch|p1a: Enel|Thundurus, M|100\/100\n|turn|22\n|\n|t:|1700265227\n|move|p2a: Quaquaval|Aqua Jet|p1a: Enel\n|-damage|p1a: Enel|24\/100\n|move|p1a: Enel|Psychic|p2a: Quaquaval\n|-supereffective|p2a: Quaquaval\n|-damage|p2a: Quaquaval|13\/100 par\n|\n|upkeep\n|turn|23\n|\n|t:|1700265239\n|move|p1a: Enel|Nasty Plot|p1a: Enel\n|-boost|p1a: Enel|spa|2\n|cant|p2a: Quaquaval|par\n|\n|upkeep\n|turn|24\n|\n|t:|1700265251\n|move|p2a: Quaquaval|Aqua Jet|p1a: Enel\n|-damage|p1a: Enel|0 fnt\n|faint|p1a: Enel\n|-ability|p2a: Quaquaval|Moxie|boost\n|-boost|p2a: Quaquaval|atk|1\n|\n|upkeep\n|\n|t:|1700265256\n|switch|p1a: Caribou|Swampert, F|100\/100\n|turn|25\n|\n|t:|1700265264\n|detailschange|p1a: Caribou|Swampert-Mega, F\n|-mega|p1a: Caribou|Swampert|Swampertite\n|cant|p2a: Quaquaval|par\n|move|p1a: Caribou|Power-Up Punch|p2a: Quaquaval\n|-damage|p2a: Quaquaval|3\/100 par\n|-boost|p1a: Caribou|atk|1\n|\n|-sideend|p2: HopOnMyArk|Reflect\n|upkeep\n|turn|26\n|\n|t:|1700265287\n|move|p2a: Quaquaval|Aqua Jet|p1a: Caribou\n|-damage|p1a: Caribou|48\/100\n|move|p1a: Caribou|Power-Up Punch|p2a: Quaquaval\n|-damage|p2a: Quaquaval|0 fnt\n|-boost|p1a: Caribou|atk|1\n|faint|p2a: Quaquaval\n|\n|-sideend|p2: HopOnMyArk|move: Light Screen\n|upkeep\n|\n|t:|1700265299\n|switch|p2a: Infernape|Infernape, F|100\/100\n|turn|27\n|\n|t:|1700265302\n|move|p2a: Infernape|Grass Knot|p1a: Caribou\n|-supereffective|p1a: Caribou\n|-damage|p1a: Caribou|0 fnt\n|faint|p1a: Caribou\n|\n|win|HopOnMyArk\n|c| Jim Jim Sr|ggs\n|c|\u2606capfox1987|ggs!\n|c|\u2606HopOnMyArk|ggs man\n|c|\u2606HopOnMyArk|fun game :)\n|l| Jim Jim Sr\n|c|\u2606HopOnMyArk|I can report scores for us\n|c|\u2606HopOnMyArk|was the goodra a rest set?\n|c|\u2606capfox1987|indeed, was not ready for weakness policy lol\n|c|\u2606HopOnMyArk|yeah I saw it done in a youtube vid this week and decided to give it a go\n|c|\u2606HopOnMyArk|my goodra was a shelter toxic set too lol\n|c|\u2606capfox1987|I wish it was a rain clense \/ phat boy with some coverage moves\n|c|\u2606HopOnMyArk|I was gonna say\n|c|\u2606HopOnMyArk|If you had hydration with rain it wouldve been hard to chip through\n|c|\u2606capfox1987|yeah losing pelipper hurt\n|c|\u2606HopOnMyArk|yeah for sure\n|c|\u2606capfox1987|Hoopa is crazy go brrr\n|c|\u2606HopOnMyArk|nothing likes shadow ball hoopa\n|c|\u2606HopOnMyArk|lol\n|c|\u2606HopOnMyArk|but hey ggs again and good luck next week :) also excited to partner up next season. Maybe we'll meet again in playoffs\n","uploadtime":1700265451,"views":137,"p1id":"capfox1987","p2id":"hoponmyark","formatid":"gen9nationaldexubers","rating":0,"private":0,"password":""}