{"id":"gen9nationaldexubers-1981644336","p1":"meminground","p2":"eslogann","format":"[Gen 9] National Dex Ubers","log":"|j|\u2606meminground\n|j|\u2606eslogann\n|t:|1698929583\n|gametype|singles\n|player|p1|meminground|ballguy|1048\n|player|p2|eslogann|veteran|1082\n|teamsize|p1|6\n|teamsize|p2|6\n|gen|9\n|tier|[Gen 9] National Dex Ubers\n|rated|\n|rule|HP Percentage Mod: HP is shown in percentages\n|rule|Endless Battle Clause: Forcing endless battles is banned\n|rule|OHKO Clause: OHKO moves are banned\n|rule|Evasion Moves Clause: Evasion moves are banned\n|rule|Evasion Items Clause: Evasion items are banned\n|rule|Species Clause: Limit one of each Pok\u00e9mon\n|rule|Sleep Clause Mod: Limit one foe put to sleep\n|rule|Mega Rayquaza Clause: You cannot mega evolve Rayquaza\n|clearpoke\n|poke|p1|Tapu Fini|\n|poke|p1|Jirachi|\n|poke|p1|Xerneas-*|\n|poke|p1|Ditto|\n|poke|p1|Ceruledge, F|\n|poke|p1|Crustle, F|\n|poke|p2|Great Tusk|\n|poke|p2|Meowscarada, M|\n|poke|p2|Veluza, M|\n|poke|p2|Kilowattrel, F|\n|poke|p2|Gholdengo|\n|poke|p2|Baxcalibur, M|\n|teampreview\n|inactive|Battle timer is ON: inactive players will automatically lose when time's up. (requested by eslogann)\n|\n|t:|1698929604\n|start\n|switch|p1a: Fini|Tapu Fini|100\/100\n|switch|p2a: Great Tusk|Great Tusk|100\/100\n|-fieldstart|move: Misty Terrain|[from] ability: Misty Surge|[of] p1a: Fini\n|-enditem|p2a: Great Tusk|Booster Energy\n|-activate|p2a: Great Tusk|ability: Protosynthesis|[fromitem]\n|-start|p2a: Great Tusk|protosynthesisatk\n|turn|1\n|\n|t:|1698929610\n|move|p2a: Great Tusk|Stealth Rock|p1a: Fini\n|-sidestart|p1: meminground|move: Stealth Rock\n|move|p1a: Fini|Surf|p2a: Great Tusk\n|-supereffective|p2a: Great Tusk\n|-damage|p2a: Great Tusk|0 fnt\n|faint|p2a: Great Tusk\n|-end|p2a: Great Tusk|Protosynthesis|[silent]\n|\n|upkeep\n|\n|t:|1698929621\n|switch|p2a: Kilowattrel|Kilowattrel, F|100\/100\n|turn|2\n|\n|t:|1698929629\n|move|p2a: Kilowattrel|Tailwind|p2a: Kilowattrel\n|-sidestart|p2: eslogann|move: Tailwind\n|-start|p2a: Kilowattrel|Charge|Tailwind|[from] ability: Wind Power\n|move|p1a: Fini|Defog|p2a: Kilowattrel\n|-unboost|p2a: Kilowattrel|evasion|1\n|-sideend|p1: meminground|Stealth Rock|[from] move: Defog|[of] p1a: Fini\n|-fieldend|Misty Terrain\n|\n|upkeep\n|turn|3\n|\n|t:|1698929642\n|move|p2a: Kilowattrel|Thunderbolt|p1a: Fini\n|-supereffective|p1a: Fini\n|-damage|p1a: Fini|0 fnt\n|faint|p1a: Fini\n|-end|p2a: Kilowattrel|Charge|[silent]\n|\n|upkeep\n|\n|t:|1698929652\n|switch|p1a: Crustle|Crustle, F|100\/100\n|turn|4\n|\n|t:|1698929679\n|move|p2a: Kilowattrel|Hurricane|p1a: Crustle|[miss]\n|-miss|p2a: Kilowattrel|p1a: Crustle\n|move|p1a: Crustle|Rock Wrecker|p2a: Kilowattrel\n|-supereffective|p2a: Kilowattrel\n|-damage|p2a: Kilowattrel|0 fnt\n|-mustrecharge|p1a: Crustle\n|faint|p2a: Kilowattrel\n|\n|upkeep\n|\n|t:|1698929687\n|switch|p2a: Veluza|Veluza, M|100\/100\n|turn|5\n|\n|t:|1698929693\n|move|p2a: Veluza|Aqua Cutter|p1a: Crustle\n|-supereffective|p1a: Crustle\n|-damage|p1a: Crustle|20\/100\n|cant|p1a: Crustle|recharge\n|\n|-sideend|p2: eslogann|move: Tailwind\n|upkeep\n|turn|6\n|\n|t:|1698929701\n|move|p2a: Veluza|Aqua Cutter|p1a: Crustle\n|-supereffective|p1a: Crustle\n|-damage|p1a: Crustle|0 fnt\n|faint|p1a: Crustle\n|\n|upkeep\n|\n|t:|1698929705\n|switch|p1a: Xerneas|Xerneas|100\/100\n|-ability|p1a: Xerneas|Fairy Aura\n|turn|7\n|\n|t:|1698929708\n|move|p2a: Veluza|Fillet Away|p2a: Veluza\n|-boost|p2a: Veluza|atk|2\n|-boost|p2a: Veluza|spa|2\n|-boost|p2a: Veluza|spe|2\n|-damage|p2a: Veluza|51\/100\n|move|p1a: Xerneas|Horn Leech|p2a: Veluza\n|-supereffective|p2a: Veluza\n|-damage|p2a: Veluza|0 fnt\n|faint|p2a: Veluza\n|\n|upkeep\n|\n|t:|1698929717\n|switch|p2a: Gholdengo|Gholdengo|100\/100\n|turn|8\n|\n|t:|1698929737\n|switch|p1a: Jirachi|Jirachi, shiny|100\/100\n|move|p2a: Gholdengo|Nasty Plot|p2a: Gholdengo\n|-boost|p2a: Gholdengo|spa|2\n|\n|upkeep\n|turn|9\n|\n|t:|1698929757\n|move|p1a: Jirachi|Doom Desire|p2a: Gholdengo\n|-start|p1a: Jirachi|Doom Desire\n|move|p2a: Gholdengo|Shadow Ball|p1a: Jirachi\n|-supereffective|p1a: Jirachi\n|-damage|p1a: Jirachi|0 fnt\n|faint|p1a: Jirachi\n|\n|upkeep\n|\n|t:|1698929760\n|switch|p1a: Ceruledge|Ceruledge, F|100\/100\n|turn|10\n|\n|t:|1698929777\n|-terastallize|p2a: Gholdengo|Fighting\n|move|p1a: Ceruledge|Bitter Blade|p2a: Gholdengo\n|-damage|p2a: Gholdengo|34\/100\n|move|p2a: Gholdengo|Focus Blast|p1a: Ceruledge\n|-immune|p1a: Ceruledge\n|\n|upkeep\n|turn|11\n|c|\u2606meminground|good job\n|\n|t:|1698929791\n|move|p1a: Ceruledge|Bitter Blade|p2a: Gholdengo\n|-damage|p2a: Gholdengo|0 fnt\n|faint|p2a: Gholdengo\n|\n|-hint|Doom Desire did not hit because the target is fainted.\n|upkeep\n|\n|t:|1698929797\n|switch|p2a: Meowscarada|Meowscarada, M|100\/100\n|turn|12\n|\n|t:|1698929799\n|move|p2a: Meowscarada|Knock Off|p1a: Ceruledge\n|-start|p2a: Meowscarada|typechange|Dark|[from] ability: Protean\n|-supereffective|p1a: Ceruledge\n|-damage|p1a: Ceruledge|0 fnt\n|-enditem|p1a: Ceruledge|Charcoal|[from] move: Knock Off|[of] p2a: Meowscarada\n|faint|p1a: Ceruledge\n|\n|upkeep\n|\n|t:|1698929802\n|switch|p1a: Xerneas|Xerneas|100\/100\n|-ability|p1a: Xerneas|Fairy Aura\n|turn|13\n|\n|t:|1698929811\n|move|p2a: Meowscarada|Knock Off|p1a: Xerneas\n|-resisted|p1a: Xerneas\n|-damage|p1a: Xerneas|76\/100\n|-enditem|p1a: Xerneas|Pixie Plate|[from] move: Knock Off|[of] p2a: Meowscarada\n|move|p1a: Xerneas|Play Rough|p2a: Meowscarada\n|-supereffective|p2a: Meowscarada\n|-damage|p2a: Meowscarada|0 fnt\n|faint|p2a: Meowscarada\n|\n|upkeep\n|\n|t:|1698929817\n|switch|p2a: Baxcalibur|Baxcalibur, M|100\/100\n|turn|14\n|\n|t:|1698929823\n|move|p2a: Baxcalibur|Iron Head|p1a: Xerneas\n|-supereffective|p1a: Xerneas\n|-damage|p1a: Xerneas|15\/100\n|-damage|p2a: Baxcalibur|91\/100|[from] item: Life Orb\n|move|p1a: Xerneas|Play Rough|p2a: Baxcalibur\n|-supereffective|p2a: Baxcalibur\n|-damage|p2a: Baxcalibur|0 fnt\n|faint|p2a: Baxcalibur\n|\n|win|meminground\n|raw|meminground's rating: 1035 &rarr; <strong>1074<\/strong><br \/>(+39 for winning)\n|raw|eslogann's rating: 1082 &rarr; <strong>1057<\/strong><br \/>(-25 for losing)\n|c|\u2606meminground|GG\n|l|\u2606eslogann\n","uploadtime":1698929836,"views":7,"p1id":"meminground","p2id":"eslogann","formatid":"gen9nationaldexubers","rating":1057,"private":0,"password":""}