{"id":"gen9nationaldexubers-1984398516","p1":"KarmaNightraide","p2":"Ax0lol","format":"[Gen 9] National Dex Ubers","log":"|j|\u2606KarmaNightraide\n|j|\u2606Ax0lol\n|t:|1699256562\n|gametype|singles\n|player|p1|KarmaNightraide|unknown|1156\n|player|p2|Ax0lol|lady|1214\n|teamsize|p1|6\n|teamsize|p2|6\n|gen|9\n|tier|[Gen 9] National Dex Ubers\n|rated|\n|rule|HP Percentage Mod: HP is shown in percentages\n|rule|Endless Battle Clause: Forcing endless battles is banned\n|rule|OHKO Clause: OHKO moves are banned\n|rule|Evasion Moves Clause: Evasion moves are banned\n|rule|Evasion Items Clause: Evasion items are banned\n|rule|Species Clause: Limit one of each Pok\u00e9mon\n|rule|Sleep Clause Mod: Limit one foe put to sleep\n|rule|Mega Rayquaza Clause: You cannot mega evolve Rayquaza\n|clearpoke\n|poke|p1|Aegislash, F|\n|poke|p1|Ceruledge, F|\n|poke|p1|Basculegion, M|\n|poke|p1|Mimikyu, M|\n|poke|p1|Mismagius, F|\n|poke|p1|Gourgeist-*, F|\n|poke|p2|Aron, L1, F|\n|poke|p2|Gigalith, M|\n|poke|p2|Houndstone, M|\n|poke|p2|Sableye, L1, F|\n|poke|p2|Hippopotas, L1, M|\n|poke|p2|Rufflet, L1, M|\n|teampreview\n|\n|t:|1699256575\n|start\n|switch|p1a: Pumpin|Gourgeist-Small, F|100\/100\n|switch|p2a: Gigalith|Gigalith, M|100\/100\n|-item|p2a: Gigalith|Smooth Rock|[from] ability: Frisk|[of] p1a: Pumpin|[identify]\n|-weather|Sandstorm|[from] ability: Sand Stream|[of] p2a: Gigalith\n|turn|1\n|\n|t:|1699256586\n|switch|p2a: Rufflet|Rufflet, L1, M|100\/100\n|-zpower|p1a: Pumpin\n|move|p1a: Pumpin|Z-Trick-or-Treat|p2a: Rufflet|[anim]Trick-or-Treat\n|-boost|p1a: Pumpin|atk|1|[zeffect]\n|-boost|p1a: Pumpin|def|1|[zeffect]\n|-boost|p1a: Pumpin|spa|1|[zeffect]\n|-boost|p1a: Pumpin|spd|1|[zeffect]\n|-boost|p1a: Pumpin|spe|1|[zeffect]\n|-start|p2a: Rufflet|typeadd|Ghost|[from] move: Trick-or-Treat\n|\n|-weather|Sandstorm|[upkeep]\n|-damage|p1a: Pumpin|95\/100|[from] Sandstorm\n|-damage|p2a: Rufflet|93\/100|[from] Sandstorm\n|upkeep\n|turn|2\n|inactive|Battle timer is ON: inactive players will automatically lose when time's up. (requested by Ax0lol)\n|\n|t:|1699256605\n|move|p1a: Pumpin|Poltergeist||[still]\n|-fail|p1a: Pumpin\n|move|p2a: Rufflet|Close Combat|p1a: Pumpin\n|-immune|p1a: Pumpin\n|\n|-weather|Sandstorm|[upkeep]\n|-damage|p1a: Pumpin|89\/100|[from] Sandstorm\n|-damage|p2a: Rufflet|85\/100|[from] Sandstorm\n|upkeep\n|turn|3\n|\n|t:|1699256616\n|move|p1a: Pumpin|Power Whip|p2a: Rufflet\n|-resisted|p2a: Rufflet\n|-damage|p2a: Rufflet|0 fnt\n|faint|p2a: Rufflet\n|\n|-weather|Sandstorm|[upkeep]\n|-damage|p1a: Pumpin|83\/100|[from] Sandstorm\n|upkeep\n|\n|t:|1699256620\n|switch|p2a: Aron|Aron, L1, F|100\/100\n|turn|4\n|\n|t:|1699256627\n|move|p1a: Pumpin|Power Whip|p2a: Aron\n|-ability|p2a: Aron|Sturdy\n|-damage|p2a: Aron|9\/100\n|move|p2a: Aron|Endeavor|p1a: Pumpin\n|-immune|p1a: Pumpin\n|\n|-weather|Sandstorm|[upkeep]\n|-damage|p1a: Pumpin|77\/100|[from] Sandstorm\n|upkeep\n|turn|5\n|\n|t:|1699256643\n|switch|p2a: Hippopotas|Hippopotas, L1, M|100\/100\n|move|p1a: Pumpin|Shadow Sneak|p2a: Hippopotas\n|-crit|p2a: Hippopotas\n|-damage|p2a: Hippopotas|0 fnt\n|faint|p2a: Hippopotas\n|\n|-weather|Sandstorm|[upkeep]\n|-damage|p1a: Pumpin|71\/100|[from] Sandstorm\n|upkeep\n|\n|t:|1699256654\n|switch|p2a: Aron|Aron, L1, F|9\/100\n|turn|6\n|\n|t:|1699256660\n|move|p2a: Aron|Protect|p2a: Aron\n|-singleturn|p2a: Aron|Protect\n|move|p1a: Pumpin|Shadow Sneak|p2a: Aron\n|-activate|p2a: Aron|move: Protect\n|\n|-weather|Sandstorm|[upkeep]\n|-damage|p1a: Pumpin|65\/100|[from] Sandstorm\n|upkeep\n|turn|7\n|\n|t:|1699256669\n|move|p2a: Aron|Protect|p2a: Aron\n|-singleturn|p2a: Aron|Protect\n|move|p1a: Pumpin|Shadow Sneak|p2a: Aron\n|-activate|p2a: Aron|move: Protect\n|\n|-weather|Sandstorm|[upkeep]\n|-damage|p1a: Pumpin|59\/100|[from] Sandstorm\n|upkeep\n|turn|8\n|\n|t:|1699256681\n|move|p2a: Aron|Protect||[still]\n|-fail|p2a: Aron\n|move|p1a: Pumpin|Poltergeist|p2a: Aron\n|-activate|p2a: Aron|move: Poltergeist|Shell Bell\n|-damage|p2a: Aron|0 fnt\n|faint|p2a: Aron\n|\n|-weather|none\n|upkeep\n|\n|t:|1699256683\n|switch|p2a: Sableye|Sableye, L1, F|100\/100\n|turn|9\n|\n|t:|1699256697\n|move|p1a: Pumpin|Shadow Sneak|p2a: Sableye\n|-damage|p2a: Sableye|0 fnt\n|faint|p2a: Sableye\n|\n|upkeep\n|\n|t:|1699256701\n|switch|p2a: Gigalith|Gigalith, M|100\/100\n|-weather|Sandstorm|[from] ability: Sand Stream|[of] p2a: Gigalith\n|turn|10\n|\n|t:|1699256710\n|move|p1a: Pumpin|Poltergeist|p2a: Gigalith|[miss]\n|-miss|p1a: Pumpin|p2a: Gigalith\n|move|p2a: Gigalith|Earthquake|p1a: Pumpin\n|-resisted|p1a: Pumpin\n|-damage|p1a: Pumpin|45\/100\n|\n|-weather|Sandstorm|[upkeep]\n|-damage|p1a: Pumpin|39\/100|[from] Sandstorm\n|upkeep\n|turn|11\n|\n|t:|1699256720\n|move|p1a: Pumpin|Poltergeist|p2a: Gigalith\n|-activate|p2a: Gigalith|move: Poltergeist|Smooth Rock\n|-damage|p2a: Gigalith|57\/100\n|move|p2a: Gigalith|Stone Edge|p1a: Pumpin\n|-damage|p1a: Pumpin|0 fnt\n|faint|p1a: Pumpin\n|\n|-weather|Sandstorm|[upkeep]\n|upkeep\n|\n|t:|1699256749\n|switch|p1a: Excalasey|Aegislash, F|100\/100\n|turn|12\n|\n|t:|1699256753\n|move|p1a: Excalasey|King's Shield|p1a: Excalasey\n|-singleturn|p1a: Excalasey|Protect\n|move|p2a: Gigalith|Earthquake|p1a: Excalasey\n|-activate|p1a: Excalasey|move: Protect\n|\n|-weather|Sandstorm|[upkeep]\n|upkeep\n|turn|13\n|\n|t:|1699256763\n|-formechange|p1a: Excalasey|Aegislash-Blade||[from] ability: Stance Change\n|move|p1a: Excalasey|Iron Head|p2a: Gigalith\n|-supereffective|p2a: Gigalith\n|-damage|p2a: Gigalith|0 fnt\n|faint|p2a: Gigalith\n|\n|-weather|Sandstorm|[upkeep]\n|upkeep\n|\n|t:|1699256767\n|switch|p2a: Molly|Houndstone, M|100\/100\n|turn|14\n|\n|t:|1699256776\n|-terastallize|p2a: Molly|Ghost\n|-formechange|p1a: Excalasey|Aegislash||[from] ability: Stance Change\n|move|p1a: Excalasey|King's Shield|p1a: Excalasey\n|-singleturn|p1a: Excalasey|Protect\n|move|p2a: Molly|Last Respects|p1a: Excalasey\n|-activate|p1a: Excalasey|move: Protect\n|\n|-weather|Sandstorm|[upkeep]\n|upkeep\n|turn|15\n|\n|t:|1699256788\n|-formechange|p1a: Excalasey|Aegislash-Blade||[from] ability: Stance Change\n|move|p1a: Excalasey|Shadow Sneak|p2a: Molly\n|-supereffective|p2a: Molly\n|-damage|p2a: Molly|37\/100\n|move|p2a: Molly|Last Respects|p1a: Excalasey\n|-supereffective|p1a: Excalasey\n|-damage|p1a: Excalasey|0 fnt\n|faint|p1a: Excalasey\n|\n|-weather|Sandstorm|[upkeep]\n|upkeep\n|\n|t:|1699256800\n|switch|p1a: Fish|Basculegion, M|100\/100\n|-ability|p1a: Fish|Mold Breaker\n|turn|16\n|\n|t:|1699256807\n|move|p2a: Molly|Last Respects|p1a: Fish\n|-supereffective|p1a: Fish\n|-damage|p1a: Fish|0 fnt\n|faint|p1a: Fish\n|\n|-weather|Sandstorm|[upkeep]\n|upkeep\n|\n|t:|1699256813\n|switch|p1a: Lil guy my man|Mimikyu, M|100\/100\n|turn|17\n|\n|t:|1699256821\n|move|p2a: Molly|Last Respects|p1a: Lil guy my man\n|-activate|p1a: Lil guy my man|ability: Disguise\n|-damage|p1a: Lil guy my man|100\/100\n|detailschange|p1a: Lil guy my man|Mimikyu-Busted, M\n|-damage|p1a: Lil guy my man|88\/100|[from] pokemon: Mimikyu-Busted\n|move|p1a: Lil guy my man|Swords Dance|p1a: Lil guy my man\n|-boost|p1a: Lil guy my man|atk|2\n|\n|-weather|none\n|upkeep\n|turn|18\n|\n|t:|1699256832\n|move|p1a: Lil guy my man|Shadow Sneak|p2a: Molly\n|-supereffective|p2a: Molly\n|-damage|p2a: Molly|0 fnt\n|faint|p2a: Molly\n|-damage|p1a: Lil guy my man|78\/100|[from] item: Life Orb\n|\n|win|KarmaNightraide\n|raw|KarmaNightraide's rating: 1156 &rarr; <strong>1185<\/strong><br \/>(+29 for winning)\n|raw|Ax0lol's rating: 1214 &rarr; <strong>1185<\/strong><br \/>(-29 for losing)\n|l|\u2606Ax0lol\n","uploadtime":1699256839,"views":3,"p1id":"karmanightraide","p2id":"ax0lol","formatid":"gen9nationaldexubers","rating":1185,"private":0,"password":""}