{"id":"gen9nationaldexubers-1984825489","p1":"notzerofrost210","p2":"Denimas","format":"[Gen 9] National Dex Ubers","log":"|j|\u2606notzerofrost210\n|j|\u2606Denimas\n|t:|1699302197\n|gametype|singles\n|player|p1|notzerofrost210|101|1130\n|player|p2|Denimas|giovanni|1202\n|teamsize|p1|6\n|teamsize|p2|6\n|gen|9\n|tier|[Gen 9] National Dex Ubers\n|rated|\n|rule|HP Percentage Mod: HP is shown in percentages\n|rule|Endless Battle Clause: Forcing endless battles is banned\n|rule|OHKO Clause: OHKO moves are banned\n|rule|Evasion Moves Clause: Evasion moves are banned\n|rule|Evasion Items Clause: Evasion items are banned\n|rule|Species Clause: Limit one of each Pok\u00e9mon\n|rule|Sleep Clause Mod: Limit one foe put to sleep\n|rule|Mega Rayquaza Clause: You cannot mega evolve Rayquaza\n|clearpoke\n|poke|p1|Kingambit, F|\n|poke|p1|Metagross|\n|poke|p1|Greninja-*, M|\n|poke|p1|Spectrier|\n|poke|p1|Zygarde|\n|poke|p1|Stoutland, M|\n|poke|p2|Typhlosion-Hisui, M|\n|poke|p2|Venusaur, F|\n|poke|p2|Torkoal, F|\n|poke|p2|Groudon|\n|poke|p2|Volcarona, M|\n|poke|p2|Arceus-Fire|\n|teampreview\n|inactive|Battle timer is ON: inactive players will automatically lose when time's up. (requested by notzerofrost210)\n|\n|t:|1699302209\n|start\n|switch|p1a: Cell|Zygarde|100\/100\n|switch|p2a: Torkoal|Torkoal, F|100\/100\n|-weather|SunnyDay|[from] ability: Drought|[of] p2a: Torkoal\n|turn|1\n|c|\u2606notzerofrost210|i smell a sun team\n|\n|t:|1699302233\n|switch|p2a: Groudon|Groudon|100\/100\n|detailschange|p2a: Groudon|Groudon-Primal\n|-primal|p2a: Groudon|Red Orb\n|-weather|DesolateLand|[from] ability: Desolate Land|[of] p2a: Groudon\n|move|p1a: Cell|Dragon Tail|p2a: Groudon\n|-damage|p2a: Groudon|85\/100\n|-weather|none\n|drag|p2a: Volcarona|Volcarona, M|100\/100\n|\n|upkeep\n|turn|2\n|c|\u2606Denimas|cry\n|\n|t:|1699302244\n|switch|p2a: Torkoal|Torkoal, F|100\/100\n|-weather|SunnyDay|[from] ability: Drought|[of] p2a: Torkoal\n|move|p1a: Cell|Extreme Speed|p2a: Torkoal\n|-damage|p2a: Torkoal|85\/100\n|\n|-weather|SunnyDay|[upkeep]\n|upkeep\n|turn|3\n|\n|t:|1699302249\n|move|p2a: Torkoal|Toxic|p1a: Cell\n|-status|p1a: Cell|tox\n|move|p1a: Cell|Dragon Tail|p2a: Torkoal|[miss]\n|-miss|p1a: Cell|p2a: Torkoal\n|\n|-weather|SunnyDay|[upkeep]\n|-damage|p1a: Cell|94\/100 tox|[from] psn\n|upkeep\n|turn|4\n|\n|t:|1699302255\n|move|p1a: Cell|Extreme Speed|p2a: Torkoal\n|-damage|p2a: Torkoal|70\/100\n|move|p2a: Torkoal|Solar Beam||[still]\n|-prepare|p2a: Torkoal|Solar Beam\n|-anim|p2a: Torkoal|Solar Beam|p1a: Cell\n|-damage|p1a: Cell|74\/100 tox\n|\n|-weather|SunnyDay|[upkeep]\n|-damage|p1a: Cell|61\/100 tox|[from] psn\n|upkeep\n|turn|5\n|\n|t:|1699302263\n|move|p1a: Cell|Thousand Arrows|p2a: Torkoal\n|-supereffective|p2a: Torkoal\n|-damage|p2a: Torkoal|21\/100\n|move|p2a: Torkoal|Solar Beam||[still]\n|-prepare|p2a: Torkoal|Solar Beam\n|-anim|p2a: Torkoal|Solar Beam|p1a: Cell\n|-damage|p1a: Cell|41\/100 tox\n|\n|-weather|SunnyDay|[upkeep]\n|-damage|p1a: Cell|22\/100 tox|[from] psn\n|-activate|p1a: Cell|ability: Power Construct\n|detailschange|p1a: Cell|Zygarde-Complete\n|-heal|p1a: Cell|49\/100 tox|[silent]\n|upkeep\n|turn|6\n|\n|t:|1699302277\n|switch|p2a: Arceus|Arceus-Fire|100\/100\n|move|p1a: Cell|Extreme Speed|p2a: Arceus\n|-damage|p2a: Arceus|81\/100\n|\n|-weather|SunnyDay|[upkeep]\n|-damage|p1a: Cell|24\/100 tox|[from] psn\n|upkeep\n|turn|7\n|\n|t:|1699302280\n|move|p2a: Arceus|Judgment|p1a: Cell\n|-resisted|p1a: Cell\n|-damage|p1a: Cell|2\/100 tox\n|move|p1a: Cell|Thousand Arrows|p2a: Arceus\n|-supereffective|p2a: Arceus\n|-damage|p2a: Arceus|19\/100\n|\n|-weather|SunnyDay|[upkeep]\n|-damage|p1a: Cell|0 fnt|[from] psn\n|faint|p1a: Cell\n|upkeep\n|\n|t:|1699302292\n|switch|p1a: Lee|Greninja, M|100\/100\n|turn|8\n|\n|t:|1699302303\n|switch|p2a: Groudon|Groudon-Primal|85\/100\n|-weather|DesolateLand|[from] ability: Desolate Land|[of] p2a: Groudon\n|move|p1a: Lee|Surf||[still]\n|-fail|p1a: Lee|Surf|[from] Desolate Land\n|\n|-weather|DesolateLand|[upkeep]\n|upkeep\n|turn|9\n|\n|t:|1699302323\n|move|p1a: Lee|Ice Beam|p2a: Groudon\n|-damage|p2a: Groudon|62\/100\n|move|p2a: Groudon|Earthquake|p1a: Lee\n|-damage|p1a: Lee|0 fnt\n|faint|p1a: Lee\n|\n|-weather|DesolateLand|[upkeep]\n|upkeep\n|\n|t:|1699302327\n|switch|p1a: Gus|Stoutland, M, shiny|100\/100\n|-ability|p1a: Gus|Intimidate|boost\n|-unboost|p2a: Groudon|atk|1\n|turn|10\n|\n|t:|1699302332\n|move|p1a: Gus|Yawn|p2a: Groudon\n|-start|p2a: Groudon|move: Yawn|[of] p1a: Gus\n|move|p2a: Groudon|Earthquake|p1a: Gus\n|-damage|p1a: Gus|44\/100\n|\n|-weather|DesolateLand|[upkeep]\n|-heal|p1a: Gus|50\/100|[from] item: Leftovers\n|upkeep\n|turn|11\n|\n|t:|1699302340\n|move|p1a: Gus|Return|p2a: Groudon\n|-crit|p2a: Groudon\n|-damage|p2a: Groudon|21\/100\n|move|p2a: Groudon|Rest|p2a: Groudon\n|-status|p2a: Groudon|slp|[from] move: Rest\n|-heal|p2a: Groudon|100\/100 slp|[silent]\n|\n|-weather|DesolateLand|[upkeep]\n|-heal|p1a: Gus|56\/100|[from] item: Leftovers\n|-end|p2a: Groudon|move: Yawn|[silent]\n|upkeep\n|turn|12\n|\n|t:|1699302350\n|move|p1a: Gus|Return|p2a: Groudon\n|-damage|p2a: Groudon|72\/100 slp\n|cant|p2a: Groudon|slp\n|\n|-weather|DesolateLand|[upkeep]\n|-heal|p1a: Gus|62\/100|[from] item: Leftovers\n|upkeep\n|turn|13\n|\n|t:|1699302353\n|move|p1a: Gus|Return|p2a: Groudon\n|-crit|p2a: Groudon\n|-damage|p2a: Groudon|35\/100 slp\n|cant|p2a: Groudon|slp\n|\n|-weather|DesolateLand|[upkeep]\n|-heal|p1a: Gus|68\/100|[from] item: Leftovers\n|upkeep\n|turn|14\n|\n|t:|1699302361\n|-weather|none\n|switch|p2a: Torkoal|Torkoal, F|21\/100\n|-weather|SunnyDay|[from] ability: Drought|[of] p2a: Torkoal\n|move|p1a: Gus|Return|p2a: Torkoal\n|-damage|p2a: Torkoal|0 fnt\n|faint|p2a: Torkoal\n|\n|-weather|SunnyDay|[upkeep]\n|-heal|p1a: Gus|74\/100|[from] item: Leftovers\n|upkeep\n|\n|t:|1699302363\n|switch|p2a: Typhlosion|Typhlosion-Hisui, M|100\/100\n|-item|p1a: Gus|Leftovers|[from] ability: Frisk|[of] p2a: Typhlosion|[identify]\n|turn|15\n|\n|t:|1699302368\n|-terastallize|p2a: Typhlosion|Fire\n|move|p2a: Typhlosion|Eruption|p1a: Gus\n|-damage|p1a: Gus|0 fnt\n|faint|p1a: Gus\n|\n|-weather|SunnyDay|[upkeep]\n|upkeep\n|\n|t:|1699302376\n|switch|p1a: Haunt|Spectrier|100\/100\n|turn|16\n|c|\u2606Denimas|so\n|c|\u2606Denimas|gg?\n|\n|t:|1699302386\n|move|p2a: Typhlosion|Eruption|p1a: Haunt\n|-damage|p1a: Haunt|0 fnt\n|faint|p1a: Haunt\n|\n|-weather|SunnyDay|[upkeep]\n|upkeep\n|c|\u2606notzerofrost210|gg\n|\n|t:|1699302397\n|switch|p1a: Heavy|Metagross|100\/100\n|turn|17\n|\n|t:|1699302415\n|detailschange|p1a: Heavy|Metagross-Mega\n|-mega|p1a: Heavy|Metagross|Metagrossite\n|move|p2a: Typhlosion|Eruption|p1a: Heavy\n|-supereffective|p1a: Heavy\n|-damage|p1a: Heavy|0 fnt\n|faint|p1a: Heavy\n|\n|-weather|SunnyDay|[upkeep]\n|upkeep\n|\n|t:|1699302417\n|switch|p1a: Empress|Kingambit, F, shiny|100\/100\n|-activate|p1a: Empress|ability: Supreme Overlord\n|-start|p1a: Empress|fallen5|[silent]\n|turn|18\n|c|\u2606Denimas|\u2606notzerofrost210: i smell a sun team\n|c|\u2606notzerofrost210|well, i was right\n|c|\u2606notzerofrost210|i just couldnt do anything about it\n|c|\u2606Denimas|Lol\n|\n|t:|1699302441\n|-terastallize|p1a: Empress|Flying\n|move|p2a: Typhlosion|Eruption|p1a: Empress\n|-damage|p1a: Empress|0 fnt\n|faint|p1a: Empress\n|-end|p1a: Empress|fallen5|[silent]\n|\n|win|Denimas\n|raw|notzerofrost210's rating: 1130 &rarr; <strong>1110<\/strong><br \/>(-20 for losing)\n|raw|Denimas's rating: 1202 &rarr; <strong>1222<\/strong><br \/>(+20 for winning)\n|c|\u2606notzerofrost210|gg\n","uploadtime":1699302449,"views":6,"p1id":"notzerofrost210","p2id":"denimas","formatid":"gen9nationaldexubers","rating":1110,"private":0,"password":""}