{"id":"gen9nationaldexubers-1984639116","p1":"Zanty-Chan","p2":"Mykewea","format":"[Gen 9] National Dex Ubers","log":"|j|\u2606Zanty-Chan\n|j|\u2606Mykewea\n|t:|1699286902\n|gametype|singles\n|player|p1|Zanty-Chan|red|\n|player|p2|Mykewea|benga|\n|teamsize|p1|6\n|teamsize|p2|6\n|gen|9\n|tier|[Gen 9] National Dex Ubers\n|rule|HP Percentage Mod: HP is shown in percentages\n|rule|Endless Battle Clause: Forcing endless battles is banned\n|rule|OHKO Clause: OHKO moves are banned\n|rule|Evasion Moves Clause: Evasion moves are banned\n|rule|Evasion Items Clause: Evasion items are banned\n|rule|Species Clause: Limit one of each Pok\u00e9mon\n|rule|Sleep Clause Mod: Limit one foe put to sleep\n|rule|Mega Rayquaza Clause: You cannot mega evolve Rayquaza\n|clearpoke\n|poke|p1|Chansey, F|\n|poke|p1|Dondozo, M|\n|poke|p1|Porygon-Z|\n|poke|p1|Chandelure, M|\n|poke|p1|Blastoise, M|\n|poke|p1|Scizor, F|\n|poke|p2|Dracovish|\n|poke|p2|Gigalith, M|\n|poke|p2|Dragapult, F|\n|poke|p2|Dragonite, M|\n|poke|p2|Salamence, F|\n|poke|p2|Baxcalibur, F|\n|teampreview\n|inactive|Battle timer is ON: inactive players will automatically lose when time's up. (requested by Zanty-Chan)\n|inactive|Zanty-Chan has 270 seconds left.\n|l|\u2606Mykewea\n|inactive|Mykewea disconnected and has 300 seconds to reconnect!\n|player|p2|\n|j|\u2606Mykewea\n|inactive|Mykewea reconnected.\n|player|p2|Mykewea|benga\n|inactive|Zanty-Chan has 240 seconds left.\n|l|\u2606Mykewea\n|inactive|Mykewea disconnected and has 300 seconds to reconnect!\n|player|p2|\n|\n|t:|1699286992\n|start\n|switch|p1a: Porygon-Z|Porygon-Z|100\/100\n|switch|p2a: Dragapult|Dragapult, F|100\/100\n|turn|1\n|j|\u2606Mykewea\n|inactive|Mykewea reconnected and has 300 seconds left.\n|player|p2|Mykewea|benga\n|\n|t:|1699287002\n|move|p2a: Dragapult|Reflect|p2a: Dragapult\n|-sidestart|p2: Mykewea|Reflect\n|-zpower|p1a: Porygon-Z\n|move|p1a: Porygon-Z|Z-Conversion|p1a: Porygon-Z|[anim]Conversion\n|-boost|p1a: Porygon-Z|atk|1|[zeffect]\n|-boost|p1a: Porygon-Z|def|1|[zeffect]\n|-boost|p1a: Porygon-Z|spa|1|[zeffect]\n|-boost|p1a: Porygon-Z|spd|1|[zeffect]\n|-boost|p1a: Porygon-Z|spe|1|[zeffect]\n|-start|p1a: Porygon-Z|typechange|Ghost\n|\n|upkeep\n|turn|2\n|\n|t:|1699287008\n|move|p1a: Porygon-Z|Shadow Ball|p2a: Dragapult\n|-supereffective|p2a: Dragapult\n|-damage|p2a: Dragapult|0 fnt\n|faint|p2a: Dragapult\n|\n|upkeep\n|\n|t:|1699287014\n|switch|p2a: Gigalith|Gigalith, M, shiny|100\/100\n|-weather|Sandstorm|[from] ability: Sand Stream|[of] p2a: Gigalith\n|turn|3\n|\n|t:|1699287023\n|-terastallize|p2a: Gigalith|Dragon\n|move|p1a: Porygon-Z|Shadow Ball|p2a: Gigalith\n|-damage|p2a: Gigalith|4\/100\n|move|p2a: Gigalith|Stealth Rock|p1a: Porygon-Z\n|-sidestart|p1: Zanty-Chan|move: Stealth Rock\n|\n|-weather|Sandstorm|[upkeep]\n|-damage|p1a: Porygon-Z|94\/100|[from] Sandstorm\n|-damage|p2a: Gigalith|0 fnt|[from] Sandstorm\n|faint|p2a: Gigalith\n|upkeep\n|\n|t:|1699287038\n|switch|p2a: Dracovish|Dracovish|100\/100\n|turn|4\n|\n|t:|1699287061\n|move|p2a: Dracovish|Fishious Rend|p1a: Porygon-Z\n|-damage|p1a: Porygon-Z|11\/100\n|-damage|p2a: Dracovish|91\/100|[from] item: Life Orb\n|move|p1a: Porygon-Z|Shadow Ball|p2a: Dracovish\n|-damage|p2a: Dracovish|0 fnt\n|faint|p2a: Dracovish\n|\n|-weather|Sandstorm|[upkeep]\n|-damage|p1a: Porygon-Z|5\/100|[from] Sandstorm\n|upkeep\n|\n|t:|1699287072\n|switch|p2a: Baxcalibur|Baxcalibur, F|100\/100\n|turn|5\n|inactive|Zanty-Chan has 270 seconds left.\n|inactive|Zanty-Chan has 240 seconds left.\n|\n|t:|1699287141\n|move|p2a: Baxcalibur|Ice Shard|p1a: Porygon-Z\n|-damage|p1a: Porygon-Z|0 fnt\n|faint|p1a: Porygon-Z\n|-damage|p2a: Baxcalibur|91\/100|[from] item: Life Orb\n|\n|-weather|Sandstorm|[upkeep]\n|-damage|p2a: Baxcalibur|84\/100|[from] Sandstorm\n|upkeep\n|\n|t:|1699287147\n|switch|p1a: Dondozo|Dondozo, M|100\/100\n|-damage|p1a: Dondozo|88\/100|[from] Stealth Rock\n|turn|6\n|\n|t:|1699287174\n|move|p2a: Baxcalibur|Dragon Dance|p2a: Baxcalibur\n|-boost|p2a: Baxcalibur|atk|1\n|-boost|p2a: Baxcalibur|spe|1\n|move|p1a: Dondozo|Body Press|p2a: Baxcalibur\n|-supereffective|p2a: Baxcalibur\n|-damage|p2a: Baxcalibur|58\/100\n|\n|-weather|Sandstorm|[upkeep]\n|-damage|p2a: Baxcalibur|52\/100|[from] Sandstorm\n|-damage|p1a: Dondozo|82\/100|[from] Sandstorm\n|-heal|p1a: Dondozo|88\/100|[from] item: Leftovers\n|upkeep\n|turn|7\n|inactive|Zanty-Chan has 210 seconds left.\n|\n|t:|1699287190\n|move|p2a: Baxcalibur|Dragon Claw|p1a: Dondozo\n|-damage|p1a: Dondozo|60\/100\n|-damage|p2a: Baxcalibur|42\/100|[from] item: Life Orb\n|move|p1a: Dondozo|Curse|p1a: Dondozo\n|-unboost|p1a: Dondozo|spe|1\n|-boost|p1a: Dondozo|atk|1\n|-boost|p1a: Dondozo|def|1\n|\n|-weather|Sandstorm|[upkeep]\n|-damage|p2a: Baxcalibur|36\/100|[from] Sandstorm\n|-damage|p1a: Dondozo|54\/100|[from] Sandstorm\n|-heal|p1a: Dondozo|60\/100|[from] item: Leftovers\n|upkeep\n|turn|8\n|inactive|Zanty-Chan has 210 seconds left.\n|\n|t:|1699287219\n|switch|p2a: Salamence|Salamence, F|100\/100\n|-ability|p2a: Salamence|Intimidate|boost\n|-unboost|p1a: Dondozo|atk|1\n|move|p1a: Dondozo|Body Press|p2a: Salamence\n|-resisted|p2a: Salamence\n|-damage|p2a: Salamence|88\/100\n|\n|-weather|Sandstorm|[upkeep]\n|-damage|p2a: Salamence|81\/100|[from] Sandstorm\n|-damage|p1a: Dondozo|54\/100|[from] Sandstorm\n|-heal|p1a: Dondozo|60\/100|[from] item: Leftovers\n|-sideend|p2: Mykewea|Reflect\n|upkeep\n|turn|9\n|\n|t:|1699287231\n|detailschange|p2a: Salamence|Salamence-Mega, F\n|-mega|p2a: Salamence|Salamence|Salamencite\n|move|p2a: Salamence|Hyper Voice|p1a: Dondozo\n|-damage|p1a: Dondozo|5\/100\n|move|p1a: Dondozo|Ice Fang|p2a: Salamence\n|-supereffective|p2a: Salamence\n|-damage|p2a: Salamence|31\/100\n|\n|-weather|Sandstorm|[upkeep]\n|-damage|p2a: Salamence|25\/100|[from] Sandstorm\n|-damage|p1a: Dondozo|0 fnt|[from] Sandstorm\n|faint|p1a: Dondozo\n|upkeep\n|\n|t:|1699287250\n|switch|p1a: Chandelure|Chandelure, M|100\/100\n|-damage|p1a: Chandelure|76\/100|[from] Stealth Rock\n|turn|10\n|\n|t:|1699287257\n|move|p1a: Chandelure|Shadow Ball|p2a: Salamence\n|-damage|p2a: Salamence|0 fnt\n|faint|p2a: Salamence\n|\n|-weather|none\n|upkeep\n|\n|t:|1699287262\n|switch|p2a: Dragonite|Dragonite, M|100\/100\n|turn|11\n|inactive|Zanty-Chan has 210 seconds left.\n|\n|t:|1699287269\n|move|p1a: Chandelure|Shadow Ball|p2a: Dragonite\n|-damage|p2a: Dragonite|79\/100\n|move|p2a: Dragonite|Dragon Dance|p2a: Dragonite\n|-boost|p2a: Dragonite|atk|1\n|-boost|p2a: Dragonite|spe|1\n|\n|upkeep\n|turn|12\n|inactive|Zanty-Chan has 210 seconds left.\n|\n|t:|1699287289\n|move|p1a: Chandelure|Shadow Ball|p2a: Dragonite\n|-crit|p2a: Dragonite\n|-damage|p2a: Dragonite|13\/100\n|-unboost|p2a: Dragonite|spd|1\n|move|p2a: Dragonite|Dragon Claw|p1a: Chandelure\n|-damage|p1a: Chandelure|0 fnt\n|faint|p1a: Chandelure\n|-damage|p2a: Dragonite|3\/100|[from] item: Life Orb\n|\n|upkeep\n|\n|t:|1699287300\n|switch|p1a: Scizor|Scizor, F|100\/100\n|-damage|p1a: Scizor|88\/100|[from] Stealth Rock\n|turn|13\n|\n|t:|1699287305\n|move|p1a: Scizor|Bullet Punch|p2a: Dragonite\n|-damage|p2a: Dragonite|0 fnt\n|faint|p2a: Dragonite\n|-damage|p1a: Scizor|78\/100|[from] item: Life Orb\n|\n|upkeep\n|\n|t:|1699287308\n|switch|p2a: Baxcalibur|Baxcalibur, F|36\/100\n|turn|14\n|\n|t:|1699287314\n|move|p1a: Scizor|Bullet Punch|p2a: Baxcalibur\n|-supereffective|p2a: Baxcalibur\n|-crit|p2a: Baxcalibur\n|-damage|p2a: Baxcalibur|0 fnt\n|faint|p2a: Baxcalibur\n|-damage|p1a: Scizor|68\/100|[from] item: Life Orb\n|\n|win|Zanty-Chan\n|l|\u2606Mykewea\n","uploadtime":1699287324,"views":6,"p1id":"zantychan","p2id":"mykewea","formatid":"gen9nationaldexubers","rating":0,"private":0,"password":""}