{"id":"gen9nationaldexubers-1982221444","p1":"AceTheInadequate","p2":"TheShinyBisharp360","format":"[Gen 9] National Dex Ubers","log":"|j|\u2606AceTheInadequate\n|j|\u2606TheShinyBisharp360\n|t:|1698980893\n|gametype|singles\n|player|p1|AceTheInadequate|guitarist|\n|player|p2|TheShinyBisharp360|dawn|\n|teamsize|p1|6\n|teamsize|p2|6\n|gen|9\n|tier|[Gen 9] National Dex Ubers\n|rule|HP Percentage Mod: HP is shown in percentages\n|rule|Endless Battle Clause: Forcing endless battles is banned\n|rule|OHKO Clause: OHKO moves are banned\n|rule|Evasion Moves Clause: Evasion moves are banned\n|rule|Evasion Items Clause: Evasion items are banned\n|rule|Species Clause: Limit one of each Pok\u00e9mon\n|rule|Sleep Clause Mod: Limit one foe put to sleep\n|rule|Mega Rayquaza Clause: You cannot mega evolve Rayquaza\n|clearpoke\n|poke|p1|Heracross, M|\n|poke|p1|Scizor, M|\n|poke|p1|Araquanid, M|\n|poke|p1|Volcarona, M|\n|poke|p1|Vikavolt, F|\n|poke|p1|Scolipede, M|\n|poke|p2|Baxcalibur, M|\n|poke|p2|Arctozolt|\n|poke|p2|Ninetales-Alola, F|\n|poke|p2|Darmanitan-Galar, M|\n|poke|p2|Walrein, F|\n|poke|p2|Glalie, F|\n|teampreview\n|j| Cross12000\n|\n|t:|1698980940\n|start\n|switch|p1a: Araquanid|Araquanid, M|100\/100\n|switch|p2a: Darmanitan|Darmanitan-Galar, M, shiny|100\/100\n|turn|1\n|\n|t:|1698980949\n|move|p2a: Darmanitan|U-turn|p1a: Araquanid\n|-damage|p1a: Araquanid|59\/100\n|\n|t:|1698980952\n|switch|p2a: Glalie|Glalie, F|100\/100|[from] U-turn\n|move|p1a: Araquanid|Toxic|p2a: Glalie\n|-status|p2a: Glalie|tox\n|\n|-damage|p2a: Glalie|95\/100 tox|[from] psn\n|-ability|p2a: Glalie|Moody|boost\n|-boost|p2a: Glalie|spa|2\n|-unboost|p2a: Glalie|spe|1\n|upkeep\n|turn|2\n|\n|t:|1698980964\n|move|p2a: Glalie|Protect|p2a: Glalie\n|-singleturn|p2a: Glalie|Protect\n|move|p1a: Araquanid|Sticky Web|p2a: Glalie\n|-sidestart|p2: TheShinyBisharp360|move: Sticky Web\n|\n|-damage|p2a: Glalie|83\/100 tox|[from] psn\n|-ability|p2a: Glalie|Moody|boost\n|-boost|p2a: Glalie|atk|2\n|-unboost|p2a: Glalie|spd|1\n|upkeep\n|turn|3\n|\n|t:|1698980994\n|detailschange|p2a: Glalie|Glalie-Mega, F\n|-mega|p2a: Glalie|Glalie|Glalitite\n|move|p2a: Glalie|Body Slam|p1a: Araquanid\n|-resisted|p1a: Araquanid\n|-damage|p1a: Araquanid|6\/100\n|-status|p1a: Araquanid|par\n|-enditem|p1a: Araquanid|Sitrus Berry|[eat]\n|-heal|p1a: Araquanid|31\/100 par|[from] item: Sitrus Berry\n|move|p1a: Araquanid|Liquidation|p2a: Glalie\n|-damage|p2a: Glalie|19\/100 tox\n|-unboost|p2a: Glalie|def|1\n|\n|-damage|p2a: Glalie|1\/100 tox|[from] psn\n|upkeep\n|turn|4\n|\n|t:|1698981015\n|move|p1a: Araquanid|Magic Coat|p1a: Araquanid\n|-singleturn|p1a: Araquanid|move: Magic Coat\n|move|p2a: Glalie|Spikes|p1a: Araquanid\n|move|p1a: Araquanid|Spikes|p2a: Glalie|[from]Magic Coat\n|-sidestart|p2: TheShinyBisharp360|Spikes\n|\n|-damage|p2a: Glalie|0 fnt|[from] psn\n|faint|p2a: Glalie\n|upkeep\n|\n|t:|1698981031\n|switch|p2a: Frost Burn|Ninetales-Alola, F, shiny|100\/100\n|-activate|p2a: Frost Burn|move: Sticky Web\n|-unboost|p2a: Frost Burn|spe|1\n|-damage|p2a: Frost Burn|88\/100|[from] Spikes\n|-weather|Snow|[from] ability: Snow Warning|[of] p2a: Frost Burn\n|turn|5\n|\n|t:|1698981044\n|move|p2a: Frost Burn|Aurora Veil|p2a: Frost Burn\n|-sidestart|p2: TheShinyBisharp360|move: Aurora Veil\n|cant|p1a: Araquanid|par\n|\n|-weather|Snow|[upkeep]\n|upkeep\n|turn|6\n|\n|t:|1698981051\n|move|p2a: Frost Burn|Moonblast|p1a: Araquanid\n|-damage|p1a: Araquanid|9\/100 par\n|move|p1a: Araquanid|Liquidation|p2a: Frost Burn\n|-damage|p2a: Frost Burn|68\/100\n|-unboost|p2a: Frost Burn|def|1\n|\n|-weather|Snow|[upkeep]\n|upkeep\n|turn|7\n|\n|t:|1698981101\n|move|p2a: Frost Burn|Moonblast|p1a: Araquanid\n|-damage|p1a: Araquanid|0 fnt\n|faint|p1a: Araquanid\n|\n|-weather|Snow|[upkeep]\n|upkeep\n|\n|t:|1698981104\n|switch|p1a: Scizor|Scizor, M|100\/100\n|turn|8\n|\n|t:|1698981114\n|switch|p1a: Volcarona|Volcarona, M|100\/100\n|move|p2a: Frost Burn|Hypnosis|p1a: Volcarona|[miss]\n|-miss|p2a: Frost Burn|p1a: Volcarona\n|\n|-weather|Snow|[upkeep]\n|upkeep\n|turn|9\n|\n|t:|1698981122\n|move|p1a: Volcarona|Quiver Dance|p1a: Volcarona\n|-boost|p1a: Volcarona|spa|1\n|-boost|p1a: Volcarona|spd|1\n|-boost|p1a: Volcarona|spe|1\n|move|p2a: Frost Burn|Hypnosis|p1a: Volcarona\n|-status|p1a: Volcarona|slp|[from] move: Hypnosis\n|\n|-weather|Snow|[upkeep]\n|-sideend|p2: TheShinyBisharp360|move: Aurora Veil\n|upkeep\n|turn|10\n|\n|t:|1698981134\n|cant|p1a: Volcarona|slp\n|move|p2a: Frost Burn|Aurora Veil|p2a: Frost Burn\n|-sidestart|p2: TheShinyBisharp360|move: Aurora Veil\n|\n|-weather|Snow|[upkeep]\n|upkeep\n|turn|11\n|\n|t:|1698981142\n|switch|p2a: Baxcalibur|Baxcalibur, M, shiny|100\/100\n|-activate|p2a: Baxcalibur|move: Sticky Web\n|-unboost|p2a: Baxcalibur|spe|1\n|-damage|p2a: Baxcalibur|88\/100|[from] Spikes\n|-curestatus|p1a: Volcarona|slp|[msg]\n|move|p1a: Volcarona|Fiery Dance|p2a: Baxcalibur\n|-damage|p2a: Baxcalibur|50\/100\n|-boost|p1a: Volcarona|spa|1\n|-ability|p2a: Baxcalibur|Thermal Exchange|boost\n|-boost|p2a: Baxcalibur|atk|1\n|\n|-weather|Snow|[upkeep]\n|upkeep\n|turn|12\n|\n|t:|1698981156\n|move|p1a: Volcarona|Fiery Dance|p2a: Baxcalibur\n|-damage|p2a: Baxcalibur|2\/100\n|-ability|p2a: Baxcalibur|Thermal Exchange|boost\n|-boost|p2a: Baxcalibur|atk|1\n|move|p2a: Baxcalibur|Dragon Claw|p1a: Volcarona\n|-damage|p1a: Volcarona|0 fnt\n|faint|p1a: Volcarona\n|\n|-weather|none\n|upkeep\n|\n|t:|1698981161\n|switch|p1a: Scizor|Scizor, M|100\/100\n|turn|13\n|\n|t:|1698981169\n|detailschange|p1a: Scizor|Scizor-Mega, M\n|-mega|p1a: Scizor|Scizor|Scizorite\n|move|p1a: Scizor|Bullet Punch|p2a: Baxcalibur\n|-supereffective|p2a: Baxcalibur\n|-damage|p2a: Baxcalibur|0 fnt\n|faint|p2a: Baxcalibur\n|\n|upkeep\n|\n|t:|1698981183\n|switch|p2a: Frost Burn|Ninetales-Alola, F, shiny|68\/100\n|-activate|p2a: Frost Burn|move: Sticky Web\n|-unboost|p2a: Frost Burn|spe|1\n|-damage|p2a: Frost Burn|56\/100|[from] Spikes\n|-weather|Snow|[from] ability: Snow Warning|[of] p2a: Frost Burn\n|turn|14\n|\n|t:|1698981198\n|switch|p1a: Vikavolt|Vikavolt, F|100\/100\n|move|p2a: Frost Burn|Hypnosis|p1a: Vikavolt\n|-status|p1a: Vikavolt|slp|[from] move: Hypnosis\n|\n|-weather|Snow|[upkeep]\n|-sideend|p2: TheShinyBisharp360|move: Aurora Veil\n|upkeep\n|turn|15\n|\n|t:|1698981205\n|move|p2a: Frost Burn|Aurora Veil|p2a: Frost Burn\n|-sidestart|p2: TheShinyBisharp360|move: Aurora Veil\n|cant|p1a: Vikavolt|slp\n|\n|-weather|Snow|[upkeep]\n|upkeep\n|turn|16\n|\n|t:|1698981225\n|switch|p2a: Arctozolt|Arctozolt, shiny|100\/100\n|-activate|p2a: Arctozolt|move: Sticky Web\n|-unboost|p2a: Arctozolt|spe|1\n|-damage|p2a: Arctozolt|88\/100|[from] Spikes\n|cant|p1a: Vikavolt|slp\n|\n|-weather|Snow|[upkeep]\n|upkeep\n|turn|17\n|\n|t:|1698981245\n|move|p2a: Arctozolt|Stone Edge|p1a: Vikavolt\n|-supereffective|p1a: Vikavolt\n|-damage|p1a: Vikavolt|39\/100 slp\n|-curestatus|p1a: Vikavolt|slp|[msg]\n|move|p1a: Vikavolt|Volt Switch|p2a: Arctozolt\n|-resisted|p2a: Arctozolt\n|-damage|p2a: Arctozolt|77\/100\n|\n|t:|1698981260\n|switch|p1a: Heracross|Heracross, M|100\/100|[from] Volt Switch\n|\n|-weather|Snow|[upkeep]\n|upkeep\n|turn|18\n|\n|t:|1698981266\n|-terastallize|p1a: Heracross|Steel\n|move|p1a: Heracross|Earthquake|p2a: Arctozolt\n|-supereffective|p2a: Arctozolt\n|-damage|p2a: Arctozolt|52\/100\n|move|p2a: Arctozolt|Stone Edge|p1a: Heracross\n|-resisted|p1a: Heracross\n|-damage|p1a: Heracross|70\/100\n|\n|-weather|Snow|[upkeep]\n|upkeep\n|turn|19\n|\n|t:|1698981277\n|move|p1a: Heracross|Earthquake|p2a: Arctozolt\n|-supereffective|p2a: Arctozolt\n|-damage|p2a: Arctozolt|24\/100\n|move|p2a: Arctozolt|Stone Edge|p1a: Heracross\n|-resisted|p1a: Heracross\n|-damage|p1a: Heracross|40\/100\n|\n|-weather|Snow|[upkeep]\n|-sideend|p2: TheShinyBisharp360|move: Aurora Veil\n|upkeep\n|turn|20\n|\n|t:|1698981286\n|move|p1a: Heracross|Earthquake|p2a: Arctozolt\n|-supereffective|p2a: Arctozolt\n|-damage|p2a: Arctozolt|0 fnt\n|faint|p2a: Arctozolt\n|-ability|p1a: Heracross|Moxie|boost\n|-boost|p1a: Heracross|atk|1\n|\n|-weather|Snow|[upkeep]\n|upkeep\n|\n|t:|1698981297\n|switch|p2a: Darmanitan|Darmanitan-Galar, M, shiny|100\/100\n|-activate|p2a: Darmanitan|move: Sticky Web\n|-unboost|p2a: Darmanitan|spe|1\n|-damage|p2a: Darmanitan|88\/100|[from] Spikes\n|turn|21\n|\n|t:|1698981346\n|switch|p1a: Vikavolt|Vikavolt, F|39\/100\n|move|p2a: Darmanitan|Flare Blitz|p1a: Vikavolt\n|-supereffective|p1a: Vikavolt\n|-damage|p1a: Vikavolt|0 fnt\n|faint|p1a: Vikavolt\n|-damage|p2a: Darmanitan|75\/100|[from] Recoil\n|\n|-weather|none\n|upkeep\n|\n|t:|1698981348\n|switch|p1a: Scizor|Scizor-Mega, M|100\/100\n|turn|22\n|\n|t:|1698981359\n|-terastallize|p2a: Darmanitan|Fire\n|move|p1a: Scizor|Bullet Punch|p2a: Darmanitan\n|-resisted|p2a: Darmanitan\n|-damage|p2a: Darmanitan|47\/100\n|move|p2a: Darmanitan|Flare Blitz|p1a: Scizor\n|-supereffective|p1a: Scizor\n|-damage|p1a: Scizor|0 fnt\n|faint|p1a: Scizor\n|-damage|p2a: Darmanitan|15\/100|[from] Recoil\n|\n|upkeep\n|\n|t:|1698981363\n|switch|p1a: Heracross|Heracross, M, tera:Steel|40\/100\n|turn|23\n|\n|t:|1698981372\n|move|p1a: Heracross|Earthquake|p2a: Darmanitan\n|-supereffective|p2a: Darmanitan\n|-damage|p2a: Darmanitan|0 fnt\n|faint|p2a: Darmanitan\n|-ability|p1a: Heracross|Moxie|boost\n|-boost|p1a: Heracross|atk|1\n|\n|upkeep\n|\n|t:|1698981383\n|switch|p2a: Frost Burn|Ninetales-Alola, F, shiny|56\/100\n|-activate|p2a: Frost Burn|move: Sticky Web\n|-unboost|p2a: Frost Burn|spe|1\n|-damage|p2a: Frost Burn|43\/100|[from] Spikes\n|-weather|Snow|[from] ability: Snow Warning|[of] p2a: Frost Burn\n|turn|24\n|\n|t:|1698981391\n|switch|p1a: Scolipede|Scolipede, M|100\/100\n|-item|p1a: Scolipede|Air Balloon\n|move|p2a: Frost Burn|Hypnosis|p1a: Scolipede\n|-status|p1a: Scolipede|slp|[from] move: Hypnosis\n|\n|-weather|Snow|[upkeep]\n|upkeep\n|turn|25\n|\n|t:|1698981399\n|cant|p1a: Scolipede|slp\n|move|p2a: Frost Burn|Aurora Veil|p2a: Frost Burn\n|-sidestart|p2: TheShinyBisharp360|move: Aurora Veil\n|\n|-weather|Snow|[upkeep]\n|-ability|p1a: Scolipede|Speed Boost|boost\n|-boost|p1a: Scolipede|spe|1\n|upkeep\n|turn|26\n|\n|t:|1698981411\n|cant|p1a: Scolipede|slp\n|move|p2a: Frost Burn|Blizzard|p1a: Scolipede\n|-damage|p1a: Scolipede|21\/100 slp\n|-enditem|p1a: Scolipede|Air Balloon\n|\n|-weather|Snow|[upkeep]\n|-ability|p1a: Scolipede|Speed Boost|boost\n|-boost|p1a: Scolipede|spe|1\n|upkeep\n|turn|27\n|\n|t:|1698981425\n|-curestatus|p1a: Scolipede|slp|[msg]\n|move|p1a: Scolipede|Poison Jab|p2a: Frost Burn\n|-supereffective|p2a: Frost Burn\n|-damage|p2a: Frost Burn|3\/100\n|move|p2a: Frost Burn|Blizzard|p1a: Scolipede\n|-damage|p1a: Scolipede|0 fnt\n|faint|p1a: Scolipede\n|\n|-weather|Snow|[upkeep]\n|upkeep\n|\n|t:|1698981430\n|switch|p1a: Heracross|Heracross, M, tera:Steel|40\/100\n|turn|28\n|\n|t:|1698981463\n|move|p1a: Heracross|Close Combat|p2a: Frost Burn\n|-damage|p2a: Frost Burn|0 fnt\n|-unboost|p1a: Heracross|def|1\n|-unboost|p1a: Heracross|spd|1\n|faint|p2a: Frost Burn\n|-ability|p1a: Heracross|Moxie|boost\n|-boost|p1a: Heracross|atk|1\n|\n|-weather|Snow|[upkeep]\n|upkeep\n|\n|t:|1698981472\n|switch|p2a: Walrein|Walrein, F, shiny|100\/100\n|-activate|p2a: Walrein|move: Sticky Web\n|-unboost|p2a: Walrein|spe|1\n|-damage|p2a: Walrein|88\/100|[from] Spikes\n|turn|29\n|\n|t:|1698981479\n|move|p1a: Heracross|Close Combat|p2a: Walrein\n|-supereffective|p2a: Walrein\n|-damage|p2a: Walrein|37\/100\n|-unboost|p1a: Heracross|def|1\n|-unboost|p1a: Heracross|spd|1\n|move|p2a: Walrein|Hidden Power|p1a: Heracross\n|-supereffective|p1a: Heracross\n|-damage|p1a: Heracross|0 fnt\n|faint|p1a: Heracross\n|\n|win|TheShinyBisharp360\n","uploadtime":1698981484,"views":9,"p1id":"acetheinadequate","p2id":"theshinybisharp360","formatid":"gen9nationaldexubers","rating":0,"private":0,"password":""}