{"id":"gen9nationaldexubers-1991717135","p1":"Fazykins","p2":"Fazy1","format":"[Gen 9] National Dex Ubers","log":"|j|\u2606Fazykins\n|j|\u2606Fazy1\n|t:|1700106340\n|gametype|singles\n|player|p1|Fazykins|2|\n|player|p2|Fazy1|2|\n|teamsize|p1|1\n|teamsize|p2|1\n|gen|9\n|tier|[Gen 9] National Dex Ubers\n|rule|HP Percentage Mod: HP is shown in percentages\n|rule|Endless Battle Clause: Forcing endless battles is banned\n|rule|OHKO Clause: OHKO moves are banned\n|rule|Evasion Moves Clause: Evasion moves are banned\n|rule|Evasion Items Clause: Evasion items are banned\n|rule|Species Clause: Limit one of each Pok\u00e9mon\n|rule|Sleep Clause Mod: Limit one foe put to sleep\n|rule|Mega Rayquaza Clause: You cannot mega evolve Rayquaza\n|clearpoke\n|poke|p1|Quaxwell, M|\n|poke|p2|Quaquaval, M|\n|teampreview\n|\n|t:|1700106345\n|start\n|switch|p1a: Quaxwell|Quaxwell, M|100\/100\n|switch|p2a: Quaquaval|Quaquaval, M|100\/100\n|turn|1\n|c|\u2606Fazy1|!showset 1\n|c| Fazy1|\/raw <div class=\"infobox\">Quaquaval (M) @ Expert Belt  <br \/>Ability: Moxie  <br \/>Tera Type: Water  <br \/>EVs: 252 Atk &#x2f; 4 SpD &#x2f; 252 Spe  <br \/>Jolly Nature  <br \/>- Close Combat  <br \/>- Aqua Step  <br \/>- Aqua Jet  <br \/>- Ice Spinner  <br \/><br \/><\/div>\n|\n|t:|1700106356\n|move|p2a: Quaquaval|Close Combat|p1a: Quaxwell\n|-damage|p1a: Quaxwell|66\/100\n|-unboost|p2a: Quaquaval|def|1\n|-unboost|p2a: Quaquaval|spd|1\n|move|p1a: Quaxwell|Feather Dance|p2a: Quaquaval\n|-unboost|p2a: Quaquaval|atk|2\n|\n|upkeep\n|turn|2\n|\n|t:|1700106367\n|move|p2a: Quaquaval|Close Combat|p1a: Quaxwell\n|-damage|p1a: Quaxwell|47\/100\n|-unboost|p2a: Quaquaval|def|1\n|-unboost|p2a: Quaquaval|spd|1\n|move|p1a: Quaxwell|Feather Dance|p2a: Quaquaval\n|-unboost|p2a: Quaquaval|atk|2\n|\n|upkeep\n|turn|3\n|\n|t:|1700106377\n|move|p2a: Quaquaval|Close Combat|p1a: Quaxwell\n|-damage|p1a: Quaxwell|34\/100\n|-unboost|p2a: Quaquaval|def|1\n|-unboost|p2a: Quaquaval|spd|1\n|move|p1a: Quaxwell|Roost|p1a: Quaxwell\n|-heal|p1a: Quaxwell|84\/100\n|-singleturn|p1a: Quaxwell|move: Roost\n|\n|upkeep\n|turn|4\n|\n|t:|1700106388\n|move|p2a: Quaquaval|Close Combat|p1a: Quaxwell\n|-damage|p1a: Quaxwell|71\/100\n|-unboost|p2a: Quaquaval|def|1\n|-unboost|p2a: Quaquaval|spd|1\n|move|p1a: Quaxwell|Roost|p1a: Quaxwell\n|-heal|p1a: Quaxwell|100\/100\n|-singleturn|p1a: Quaxwell|move: Roost\n|\n|upkeep\n|turn|5\n|\n|t:|1700106400\n|move|p2a: Quaquaval|Close Combat|p1a: Quaxwell\n|-damage|p1a: Quaxwell|87\/100\n|-unboost|p2a: Quaquaval|def|1\n|-unboost|p2a: Quaquaval|spd|1\n|move|p1a: Quaxwell|Feather Dance|p2a: Quaquaval\n|-unboost|p2a: Quaquaval|atk|2\n|\n|upkeep\n|turn|6\n|\n|t:|1700106414\n|move|p2a: Quaquaval|Close Combat|p1a: Quaxwell\n|-damage|p1a: Quaxwell|78\/100\n|-unboost|p2a: Quaquaval|def|1\n|-unboost|p2a: Quaquaval|spd|1\n|move|p1a: Quaxwell|Roost|p1a: Quaxwell\n|-heal|p1a: Quaxwell|100\/100\n|-singleturn|p1a: Quaxwell|move: Roost\n|\n|upkeep\n|turn|7\n|\n|t:|1700106424\n|move|p2a: Quaquaval|Close Combat|p1a: Quaxwell\n|-damage|p1a: Quaxwell|91\/100\n|move|p1a: Quaxwell|Roost|p1a: Quaxwell\n|-heal|p1a: Quaxwell|100\/100\n|-singleturn|p1a: Quaxwell|move: Roost\n|\n|upkeep\n|turn|8\n|\n|t:|1700106435\n|move|p2a: Quaquaval|Close Combat|p1a: Quaxwell\n|-damage|p1a: Quaxwell|92\/100\n|move|p1a: Quaxwell|Encore||[still]\n|-fail|p1a: Quaxwell\n|\n|upkeep\n|turn|9\n|c|\u2606Fazy1|ah rip\n|\n|t:|1700106450\n|move|p2a: Quaquaval|Aqua Step|p1a: Quaxwell\n|-resisted|p1a: Quaxwell\n|-damage|p1a: Quaxwell|89\/100\n|-boost|p2a: Quaquaval|spe|1\n|move|p1a: Quaxwell|Double Hit|p2a: Quaquaval\n|-damage|p2a: Quaquaval|66\/100\n|-damage|p2a: Quaquaval|30\/100\n|-hitcount|p2a: Quaquaval|2\n|\n|upkeep\n|turn|10\n|\n|t:|1700106463\n|move|p2a: Quaquaval|Aqua Step|p1a: Quaxwell\n|-resisted|p1a: Quaxwell\n|-damage|p1a: Quaxwell|85\/100\n|-boost|p2a: Quaquaval|spe|1\n|move|p1a: Quaxwell|Double Hit|p2a: Quaquaval\n|-damage|p2a: Quaquaval|0 fnt\n|faint|p2a: Quaquaval\n|-hitcount|p2: Quaquaval|1\n|\n|win|Fazykins\n","uploadtime":1700106472,"views":18,"p1id":"fazykins","p2id":"fazy1","formatid":"gen9nationaldexubers","rating":0,"private":0,"password":""}