{"id":"gen9nationaldexubers-1989452893","p1":"hutoew","p2":"GeorgiaEternatuss","format":"[Gen 9] National Dex Ubers","log":"|j|\u2606hutoew\n|j|\u2606GeorgiaEternatuss\n|t:|1699852715\n|gametype|singles\n|player|p1|hutoew|hilda|1419\n|player|p2|GeorgiaEternatuss|steven|1297\n|teamsize|p1|6\n|teamsize|p2|6\n|gen|9\n|tier|[Gen 9] National Dex Ubers\n|rated|\n|rule|HP Percentage Mod: HP is shown in percentages\n|rule|Endless Battle Clause: Forcing endless battles is banned\n|rule|OHKO Clause: OHKO moves are banned\n|rule|Evasion Moves Clause: Evasion moves are banned\n|rule|Evasion Items Clause: Evasion items are banned\n|rule|Species Clause: Limit one of each Pok\u00e9mon\n|rule|Sleep Clause Mod: Limit one foe put to sleep\n|rule|Mega Rayquaza Clause: You cannot mega evolve Rayquaza\n|clearpoke\n|poke|p1|Xerneas-*|\n|poke|p1|Yveltal|\n|poke|p1|Marshadow|\n|poke|p1|Cinderace, F|\n|poke|p1|Kartana|\n|poke|p1|Kyurem-White|\n|poke|p2|Darkrai|\n|poke|p2|Porygon2|\n|poke|p2|Umbreon, M|\n|poke|p2|Zapdos|\n|poke|p2|Ninetales-Alola, F|\n|poke|p2|Diancie|\n|teampreview\n|\n|t:|1699852748\n|start\n|switch|p1a: Cinderace|Cinderace, F|100\/100\n|switch|p2a: Darkrai|Darkrai|100\/100\n|turn|1\n|\n|t:|1699852760\n|move|p2a: Darkrai|Hypnosis|p1a: Cinderace\n|-status|p1a: Cinderace|slp|[from] move: Hypnosis\n|cant|p1a: Cinderace|slp\n|\n|-damage|p1a: Cinderace|88\/100 slp|[from] ability: Bad Dreams|[of] p2a: Darkrai\n|upkeep\n|turn|2\n|\n|t:|1699852774\n|switch|p1a: Yveltal|Yveltal|100\/100\n|-ability|p1a: Yveltal|Dark Aura\n|move|p2a: Darkrai|Sludge Bomb|p1a: Yveltal\n|-damage|p1a: Yveltal|74\/100\n|-status|p1a: Yveltal|psn\n|\n|-damage|p1a: Yveltal|62\/100 psn|[from] psn\n|upkeep\n|turn|3\n|\n|t:|1699852796\n|-terastallize|p2a: Darkrai|Steel\n|move|p2a: Darkrai|Tera Blast|p1a: Yveltal|[anim] Tera Blast Steel\n|-damage|p1a: Yveltal|27\/100 psn\n|move|p1a: Yveltal|U-turn|p2a: Darkrai\n|-resisted|p2a: Darkrai\n|-damage|p2a: Darkrai|85\/100\n|\n|t:|1699852810\n|switch|p1a: Kartana|Kartana|100\/100|[from] U-turn\n|\n|upkeep\n|turn|4\n|\n|t:|1699852838\n|switch|p2a: Zapdos|Zapdos|100\/100\n|move|p1a: Kartana|Sacred Sword|p2a: Zapdos\n|-resisted|p2a: Zapdos\n|-damage|p2a: Zapdos|78\/100\n|-damage|p1a: Kartana|84\/100|[from] item: Rocky Helmet|[of] p2a: Zapdos\n|\n|upkeep\n|turn|5\n|\n|t:|1699852849\n|switch|p1a: Cinderace|Cinderace, F|88\/100 slp\n|move|p2a: Zapdos|Volt Switch|p1a: Cinderace\n|-crit|p1a: Cinderace\n|-damage|p1a: Cinderace|25\/100 slp\n|\n|t:|1699852855\n|switch|p2a: Darkrai|Darkrai, tera:Steel|85\/100|[from] Volt Switch\n|\n|-damage|p1a: Cinderace|13\/100 slp|[from] ability: Bad Dreams|[of] p2a: Darkrai\n|upkeep\n|turn|6\n|\n|t:|1699852864\n|move|p2a: Darkrai|Dark Pulse|p1a: Cinderace\n|-damage|p1a: Cinderace|0 fnt\n|faint|p1a: Cinderace\n|\n|upkeep\n|\n|t:|1699852866\n|switch|p1a: Kyurem|Kyurem-White|100\/100\n|-ability|p1a: Kyurem|Turboblaze\n|turn|7\n|\n|t:|1699852881\n|-terastallize|p1a: Kyurem|Fire\n|move|p1a: Kyurem|Fusion Flare|p2a: Darkrai\n|-supereffective|p2a: Darkrai\n|-damage|p2a: Darkrai|0 fnt\n|faint|p2a: Darkrai\n|\n|upkeep\n|\n|t:|1699852893\n|switch|p2a: Umbreon|Umbreon, M|100\/100\n|turn|8\n|c|\u2606GeorgiaEternatuss|How could you\n|\n|t:|1699852916\n|switch|p1a: Yveltal|Yveltal|27\/100 psn\n|-ability|p1a: Yveltal|Dark Aura\n|move|p2a: Umbreon|Foul Play|p1a: Yveltal\n|-resisted|p1a: Yveltal\n|-damage|p1a: Yveltal|0 fnt\n|faint|p1a: Yveltal\n|\n|upkeep\n|\n|t:|1699852920\n|switch|p1a: Xerneas|Xerneas|100\/100\n|-ability|p1a: Xerneas|Fairy Aura\n|turn|9\n|\n|t:|1699852931\n|switch|p2a: Porygon2|Porygon2|100\/100\n|move|p1a: Xerneas|Play Rough|p2a: Porygon2\n|-damage|p2a: Porygon2|38\/100\n|\n|upkeep\n|turn|10\n|\n|t:|1699852939\n|move|p1a: Xerneas|Play Rough|p2a: Porygon2\n|-damage|p2a: Porygon2|0 fnt\n|faint|p2a: Porygon2\n|\n|upkeep\n|\n|t:|1699852951\n|switch|p2a: Diancie|Diancie|100\/100\n|turn|11\n|\n|t:|1699852959\n|detailschange|p2a: Diancie|Diancie-Mega\n|-mega|p2a: Diancie|Diancie|Diancite\n|move|p2a: Diancie|Diamond Storm|p1a: Xerneas\n|-damage|p1a: Xerneas|57\/100\n|move|p1a: Xerneas|Play Rough|p2a: Diancie\n|-damage|p2a: Diancie|0 fnt\n|faint|p2a: Diancie\n|\n|upkeep\n|\n|t:|1699852970\n|switch|p2a: Zapdos|Zapdos|78\/100\n|turn|12\n|c|\u2606GeorgiaEternatuss|WHAT\n|\n|t:|1699852984\n|move|p1a: Xerneas|Play Rough|p2a: Zapdos\n|-damage|p2a: Zapdos|6\/100\n|-damage|p1a: Xerneas|41\/100|[from] item: Rocky Helmet|[of] p2a: Zapdos\n|move|p2a: Zapdos|Roost|p2a: Zapdos\n|-heal|p2a: Zapdos|56\/100\n|-singleturn|p2a: Zapdos|move: Roost\n|\n|upkeep\n|turn|13\n|\n|t:|1699852993\n|move|p1a: Xerneas|Play Rough|p2a: Zapdos\n|-damage|p2a: Zapdos|0 fnt\n|-damage|p1a: Xerneas|24\/100|[from] item: Rocky Helmet|[of] p2a: Zapdos\n|faint|p2a: Zapdos\n|\n|upkeep\n|c|\u2606hutoew|Slow Zapdos?\n|c|\u2606GeorgiaEternatuss|Explain that xerneas\n|\n|t:|1699853015\n|switch|p2a: Ninetales|Ninetales-Alola, F|100\/100\n|-weather|Snow|[from] ability: Snow Warning|[of] p2a: Ninetales\n|turn|14\n|\n|t:|1699853020\n|move|p2a: Ninetales|Aurora Veil|p2a: Ninetales\n|-sidestart|p2: GeorgiaEternatuss|move: Aurora Veil\n|move|p1a: Xerneas|Play Rough|p2a: Ninetales\n|-damage|p2a: Ninetales|61\/100\n|\n|-weather|Snow|[upkeep]\n|upkeep\n|turn|15\n|c|\u2606hutoew|Banded\n|\n|t:|1699853030\n|move|p2a: Ninetales|Moonblast|p1a: Xerneas\n|-damage|p1a: Xerneas|0 fnt\n|faint|p1a: Xerneas\n|\n|-weather|Snow|[upkeep]\n|upkeep\n|\n|t:|1699853034\n|switch|p1a: Kyurem|Kyurem-White, tera:Fire|100\/100\n|-ability|p1a: Kyurem|Turboblaze\n|turn|16\n|\n|t:|1699853041\n|move|p1a: Kyurem|Fusion Flare|p2a: Ninetales\n|-supereffective|p2a: Ninetales\n|-damage|p2a: Ninetales|0 fnt\n|faint|p2a: Ninetales\n|\n|-weather|Snow|[upkeep]\n|upkeep\n|-message|GeorgiaEternatuss forfeited.\n|\n|win|hutoew\n|raw|hutoew's rating: 1419 &rarr; <strong>1432<\/strong><br \/>(+13 for winning)\n|raw|GeorgiaEternatuss's rating: 1297 &rarr; <strong>1280<\/strong><br \/>(-17 for losing)\n|l|\u2606GeorgiaEternatuss\n","uploadtime":1699853101,"views":10,"p1id":"hutoew","p2id":"georgiaeternatuss","formatid":"gen9nationaldexubers","rating":1280,"private":0,"password":""}