{"id":"gen9nationaldexubers-1981853574","p1":"jmrdrogzxx","p2":"frostcrush","format":"[Gen 9] National Dex Ubers","log":"|j|\u2606jmrdrogzxx\n|j|\u2606frostcrush\n|t:|1698946580\n|gametype|singles\n|player|p1|jmrdrogzxx|265|1320\n|player|p2|frostcrush|265|1412\n|teamsize|p1|6\n|teamsize|p2|6\n|gen|9\n|tier|[Gen 9] National Dex Ubers\n|rated|\n|rule|HP Percentage Mod: HP is shown in percentages\n|rule|Endless Battle Clause: Forcing endless battles is banned\n|rule|OHKO Clause: OHKO moves are banned\n|rule|Evasion Moves Clause: Evasion moves are banned\n|rule|Evasion Items Clause: Evasion items are banned\n|rule|Species Clause: Limit one of each Pok\u00e9mon\n|rule|Sleep Clause Mod: Limit one foe put to sleep\n|rule|Mega Rayquaza Clause: You cannot mega evolve Rayquaza\n|clearpoke\n|poke|p1|Chansey, F|\n|poke|p1|Blaziken, F|\n|poke|p1|Ferrothorn, F|\n|poke|p1|Cloyster, M|\n|poke|p1|Marshadow|\n|poke|p1|Ditto|\n|poke|p2|Ho-Oh|\n|poke|p2|Dialga-Origin|\n|poke|p2|Ditto|\n|poke|p2|Arceus-Water|\n|poke|p2|Great Tusk|\n|poke|p2|Mewtwo|\n|teampreview\n|\n|t:|1698946598\n|start\n|switch|p1a: Cloyster|Cloyster, M|100\/100\n|switch|p2a: Ho-Oh|Ho-Oh|100\/100\n|turn|1\n|\n|t:|1698946609\n|switch|p2a: Arceus|Arceus-Water|100\/100\n|move|p1a: Cloyster|Shell Smash|p1a: Cloyster\n|-unboost|p1a: Cloyster|def|1\n|-unboost|p1a: Cloyster|spd|1\n|-boost|p1a: Cloyster|atk|2\n|-boost|p1a: Cloyster|spa|2\n|-boost|p1a: Cloyster|spe|2\n|\n|upkeep\n|turn|2\n|\n|t:|1698946613\n|move|p1a: Cloyster|Icicle Spear|p2a: Arceus\n|-resisted|p2a: Arceus\n|-damage|p2a: Arceus|93\/100\n|-resisted|p2a: Arceus\n|-damage|p2a: Arceus|86\/100\n|-resisted|p2a: Arceus\n|-damage|p2a: Arceus|78\/100\n|-resisted|p2a: Arceus\n|-damage|p2a: Arceus|71\/100\n|-resisted|p2a: Arceus\n|-damage|p2a: Arceus|63\/100\n|-hitcount|p2a: Arceus|5\n|move|p2a: Arceus|Perish Song|p2a: Arceus\n|-start|p1a: Cloyster|perish3|[silent]\n|-start|p2a: Arceus|perish3|[silent]\n|-fieldactivate|move: Perish Song\n|\n|-start|p1a: Cloyster|perish3\n|-start|p2a: Arceus|perish3\n|upkeep\n|turn|3\n|\n|t:|1698946620\n|move|p1a: Cloyster|Icicle Spear|p2a: Arceus\n|-resisted|p2a: Arceus\n|-damage|p2a: Arceus|55\/100\n|-resisted|p2a: Arceus\n|-damage|p2a: Arceus|47\/100\n|-resisted|p2a: Arceus\n|-crit|p2a: Arceus\n|-damage|p2a: Arceus|37\/100\n|-resisted|p2a: Arceus\n|-damage|p2a: Arceus|29\/100\n|-resisted|p2a: Arceus\n|-damage|p2a: Arceus|22\/100\n|-hitcount|p2a: Arceus|5\n|move|p2a: Arceus|Recover|p2a: Arceus\n|-heal|p2a: Arceus|72\/100\n|\n|-start|p1a: Cloyster|perish2\n|-start|p2a: Arceus|perish2\n|upkeep\n|turn|4\n|\n|t:|1698946629\n|move|p1a: Cloyster|Icicle Spear|p2a: Arceus\n|-resisted|p2a: Arceus\n|-damage|p2a: Arceus|64\/100\n|-resisted|p2a: Arceus\n|-damage|p2a: Arceus|56\/100\n|-resisted|p2a: Arceus\n|-damage|p2a: Arceus|48\/100\n|-resisted|p2a: Arceus\n|-crit|p2a: Arceus\n|-damage|p2a: Arceus|35\/100\n|-resisted|p2a: Arceus\n|-damage|p2a: Arceus|27\/100\n|-hitcount|p2a: Arceus|5\n|move|p2a: Arceus|Judgment|p1a: Cloyster\n|-resisted|p1a: Cloyster\n|-damage|p1a: Cloyster|7\/100\n|\n|-start|p1a: Cloyster|perish1\n|-start|p2a: Arceus|perish1\n|upkeep\n|turn|5\n|inactive|Battle timer is ON: inactive players will automatically lose when time's up. (requested by frostcrush)\n|\n|t:|1698946635\n|switch|p2a: Ditto|Ditto|100\/100\n|-transform|p2a: Ditto|p1a: Cloyster|[from] ability: Imposter\n|move|p1a: Cloyster|Icicle Spear|p2a: Ditto\n|-resisted|p2a: Ditto\n|-damage|p2a: Ditto|95\/100\n|-resisted|p2a: Ditto\n|-damage|p2a: Ditto|90\/100\n|-resisted|p2a: Ditto\n|-damage|p2a: Ditto|84\/100\n|-resisted|p2a: Ditto\n|-damage|p2a: Ditto|78\/100\n|-resisted|p2a: Ditto\n|-damage|p2a: Ditto|73\/100\n|-hitcount|p2a: Ditto|5\n|\n|-start|p1a: Cloyster|perish0\n|upkeep\n|faint|p1a: Cloyster\n|\n|t:|1698946642\n|switch|p1a: Ditto|Ditto|100\/100\n|turn|6\n|\n|t:|1698946645\n|-terastallize|p1a: Ditto|Normal\n|move|p2a: Ditto|Icicle Spear|p1a: Ditto\n|-damage|p1a: Ditto|70\/100\n|-damage|p1a: Ditto|42\/100\n|-damage|p1a: Ditto|12\/100\n|-damage|p1a: Ditto|0 fnt\n|faint|p1a: Ditto\n|-hitcount|p1: Ditto|4\n|\n|upkeep\n|-message|jmrdrogzxx forfeited.\n|\n|win|frostcrush\n|raw|jmrdrogzxx's rating: 1320 &rarr; <strong>1305<\/strong><br \/>(-15 for losing)\n|raw|frostcrush's rating: 1412 &rarr; <strong>1427<\/strong><br \/>(+15 for winning)\n|l|\u2606jmrdrogzxx\n|c|\u2606frostcrush|HELLO?\n","uploadtime":1698946658,"views":17,"p1id":"jmrdrogzxx","p2id":"frostcrush","formatid":"gen9nationaldexubers","rating":1305,"private":0,"password":""}