{"id":"gen9nationaldexubers-1983267671","p1":"Krztina","p2":"Arduinogame","format":"[Gen 9] National Dex Ubers","log":"|j|\u2606Krztina\n|j|\u2606Arduinogame\n|t:|1699112324\n|gametype|singles\n|player|p1|Krztina|pokemonrangerf|1500\n|player|p2|Arduinogame|steven|1470\n|teamsize|p1|6\n|teamsize|p2|6\n|gen|9\n|tier|[Gen 9] National Dex Ubers\n|rated|\n|rule|HP Percentage Mod: HP is shown in percentages\n|rule|Endless Battle Clause: Forcing endless battles is banned\n|rule|OHKO Clause: OHKO moves are banned\n|rule|Evasion Moves Clause: Evasion moves are banned\n|rule|Evasion Items Clause: Evasion items are banned\n|rule|Species Clause: Limit one of each Pok\u00e9mon\n|rule|Sleep Clause Mod: Limit one foe put to sleep\n|rule|Mega Rayquaza Clause: You cannot mega evolve Rayquaza\n|clearpoke\n|poke|p1|Rayquaza|\n|poke|p1|Zacian-*|\n|poke|p1|Deoxys-Attack|\n|poke|p1|Kyogre|\n|poke|p1|Marshadow|\n|poke|p1|Ho-Oh|\n|poke|p2|Zacian-*|\n|poke|p2|Xerneas-*|\n|poke|p2|Eternatus|\n|poke|p2|Darkrai|\n|poke|p2|Kyogre|\n|poke|p2|Groudon|\n|teampreview\n|inactive|Battle timer is ON: inactive players will automatically lose when time's up. (requested by Krztina)\n|\n|t:|1699112329\n|start\n|switch|p1a: Rayquaza|Rayquaza|100\/100\n|switch|p2a: Darkrai|Darkrai, shiny|100\/100\n|-ability|p1a: Rayquaza|Air Lock\n|turn|1\n|\n|t:|1699112332\n|-zpower|p2a: Darkrai\n|move|p2a: Darkrai|Z-Hypnosis|p1a: Rayquaza|[anim]Hypnosis\n|-boost|p2a: Darkrai|spe|1|[zeffect]\n|-status|p1a: Rayquaza|slp|[from] move: Hypnosis\n|cant|p1a: Rayquaza|slp\n|\n|-damage|p1a: Rayquaza|88\/100 slp|[from] ability: Bad Dreams|[of] p2a: Darkrai\n|upkeep\n|turn|2\n|\n|t:|1699112337\n|move|p2a: Darkrai|Nasty Plot|p2a: Darkrai\n|-boost|p2a: Darkrai|spa|2\n|cant|p1a: Rayquaza|slp\n|\n|-damage|p1a: Rayquaza|76\/100 slp|[from] ability: Bad Dreams|[of] p2a: Darkrai\n|upkeep\n|turn|3\n|\n|t:|1699112339\n|-curestatus|p1a: Rayquaza|slp|[msg]\n|move|p1a: Rayquaza|Extreme Speed|p2a: Darkrai\n|-damage|p2a: Darkrai|56\/100\n|move|p2a: Darkrai|Thunderbolt|p1a: Rayquaza\n|-damage|p1a: Rayquaza|12\/100\n|\n|upkeep\n|turn|4\n|\n|t:|1699112346\n|move|p1a: Rayquaza|Extreme Speed|p2a: Darkrai\n|-damage|p2a: Darkrai|14\/100\n|move|p2a: Darkrai|Dark Pulse|p1a: Rayquaza\n|-damage|p1a: Rayquaza|0 fnt\n|faint|p1a: Rayquaza\n|\n|upkeep\n|\n|t:|1699112351\n|switch|p1a: Marshadow|Marshadow|100\/100\n|turn|5\n|\n|t:|1699112357\n|move|p2a: Darkrai|Dark Pulse|p1a: Marshadow\n|-enditem|p1a: Marshadow|Focus Sash\n|-damage|p1a: Marshadow|1\/100\n|move|p1a: Marshadow|Spectral Thief||[still]\n|-clearpositiveboost|p2a: Darkrai|p1a: Marshadow|move: Spectral Thief\n|-boost|p1a: Marshadow|spa|2\n|-boost|p1a: Marshadow|spe|1\n|-anim|p1a: Marshadow|Spectral Thief|p2a: Darkrai\n|-resisted|p2a: Darkrai\n|-damage|p2a: Darkrai|0 fnt\n|faint|p2a: Darkrai\n|\n|upkeep\n|\n|t:|1699112362\n|switch|p2a: Kyogre|Kyogre, shiny|100\/100\n|-weather|RainDance|[from] ability: Drizzle|[of] p2a: Kyogre\n|turn|6\n|\n|t:|1699112368\n|-terastallize|p2a: Kyogre|Water\n|move|p1a: Marshadow|Endeavor|p2a: Kyogre\n|-damage|p2a: Kyogre|1\/100\n|move|p2a: Kyogre|Water Spout|p1a: Marshadow\n|-damage|p1a: Marshadow|0 fnt\n|faint|p1a: Marshadow\n|\n|-weather|RainDance|[upkeep]\n|upkeep\n|\n|t:|1699112379\n|switch|p1a: Zacian|Zacian-Crowned|100\/100\n|-ability|p1a: Zacian|Intrepid Sword|boost\n|-boost|p1a: Zacian|atk|1\n|turn|7\n|\n|t:|1699112394\n|move|p1a: Zacian|Swords Dance|p1a: Zacian\n|-boost|p1a: Zacian|atk|2\n|move|p2a: Kyogre|Water Spout|p1a: Zacian\n|-damage|p1a: Zacian|99\/100\n|\n|-weather|RainDance|[upkeep]\n|upkeep\n|turn|8\n|\n|t:|1699112405\n|switch|p2a: Groudon|Groudon, shiny|100\/100\n|detailschange|p2a: Groudon|Groudon-Primal, shiny\n|-primal|p2a: Groudon|Red Orb\n|-weather|DesolateLand|[from] ability: Desolate Land|[of] p2a: Groudon\n|move|p1a: Zacian|Swords Dance|p1a: Zacian\n|-boost|p1a: Zacian|atk|2\n|\n|-weather|DesolateLand|[upkeep]\n|upkeep\n|turn|9\n|\n|t:|1699112414\n|-terastallize|p1a: Zacian|Fairy\n|move|p1a: Zacian|Behemoth Blade|p2a: Groudon\n|-resisted|p2a: Groudon\n|-damage|p2a: Groudon|39\/100\n|move|p2a: Groudon|Heat Crash|p1a: Zacian\n|-crit|p1a: Zacian\n|-damage|p1a: Zacian|5\/100\n|\n|-weather|DesolateLand|[upkeep]\n|upkeep\n|turn|10\n|\n|t:|1699112421\n|move|p1a: Zacian|Behemoth Blade|p2a: Groudon\n|-resisted|p2a: Groudon\n|-damage|p2a: Groudon|0 fnt\n|faint|p2a: Groudon\n|-weather|none\n|\n|upkeep\n|\n|t:|1699112427\n|switch|p2a: Kyogre|Kyogre, shiny, tera:Water|1\/100\n|-weather|RainDance|[from] ability: Drizzle|[of] p2a: Kyogre\n|turn|11\n|\n|t:|1699112431\n|move|p1a: Zacian|Behemoth Blade|p2a: Kyogre\n|-resisted|p2a: Kyogre\n|-damage|p2a: Kyogre|0 fnt\n|faint|p2a: Kyogre\n|\n|-weather|RainDance|[upkeep]\n|upkeep\n|\n|t:|1699112444\n|switch|p2a: Eternatus|Eternatus|100\/100\n|-ability|p2a: Eternatus|Pressure\n|turn|12\n|\n|t:|1699112452\n|move|p1a: Zacian|Behemoth Blade|p2a: Eternatus\n|-enditem|p2a: Eternatus|Focus Sash\n|-damage|p2a: Eternatus|1\/100\n|move|p2a: Eternatus|Sludge Bomb|p1a: Zacian\n|-supereffective|p1a: Zacian\n|-crit|p1a: Zacian\n|-damage|p1a: Zacian|0 fnt\n|faint|p1a: Zacian\n|\n|-weather|RainDance|[upkeep]\n|upkeep\n|\n|t:|1699112456\n|switch|p1a: Kyogre|Kyogre|100\/100\n|turn|13\n|\n|t:|1699112465\n|move|p1a: Kyogre|Water Spout|p2a: Eternatus\n|-resisted|p2a: Eternatus\n|-damage|p2a: Eternatus|0 fnt\n|faint|p2a: Eternatus\n|\n|-weather|RainDance|[upkeep]\n|upkeep\n|\n|t:|1699112468\n|switch|p2a: Zacian|Zacian-Crowned, shiny|100\/100\n|-ability|p2a: Zacian|Intrepid Sword|boost\n|-boost|p2a: Zacian|atk|1\n|turn|14\n|\n|t:|1699112471\n|move|p1a: Kyogre|Water Spout|p2a: Zacian\n|-damage|p2a: Zacian|0 fnt\n|faint|p2a: Zacian\n|\n|-weather|RainDance|[upkeep]\n|upkeep\n|\n|t:|1699112474\n|switch|p2a: Xerneas|Xerneas, shiny|100\/100\n|-ability|p2a: Xerneas|Fairy Aura\n|turn|15\n|\n|t:|1699112476\n|move|p1a: Kyogre|Water Spout|p2a: Xerneas\n|-damage|p2a: Xerneas|2\/100\n|move|p2a: Xerneas|Thunderbolt|p1a: Kyogre\n|-supereffective|p1a: Kyogre\n|-damage|p1a: Kyogre|47\/100\n|\n|-weather|none\n|upkeep\n|turn|16\n|\n|t:|1699112481\n|move|p1a: Kyogre|Water Spout|p2a: Xerneas\n|-damage|p2a: Xerneas|0 fnt\n|faint|p2a: Xerneas\n|\n|win|Krztina\n|raw|Krztina's rating: 1500 &rarr; <strong>1518<\/strong><br \/>(+18 for winning)\n|raw|Arduinogame's rating: 1470 &rarr; <strong>1452<\/strong><br \/>(-18 for losing)\n|c|\u2606Krztina|gg\n|l|\u2606Arduinogame\n","uploadtime":1699112486,"views":7,"p1id":"krztina","p2id":"arduinogame","formatid":"gen9nationaldexubers","rating":1452,"private":0,"password":""}