{"id":"gen9nationaldexubers-1977813317","p1":"alexshh.__","p2":"hexagonereal","format":"[Gen 9] National Dex Ubers","log":"|j|\u2606alexshh.__\n|j|\u2606hexagonereal\n|t:|1698452746\n|gametype|singles\n|player|p1|alexshh.__|266|1280\n|player|p2|hexagonereal|cyrus|1566\n|teamsize|p1|6\n|teamsize|p2|6\n|gen|9\n|tier|[Gen 9] National Dex Ubers\n|rated|\n|rule|HP Percentage Mod: HP is shown in percentages\n|rule|Endless Battle Clause: Forcing endless battles is banned\n|rule|OHKO Clause: OHKO moves are banned\n|rule|Evasion Moves Clause: Evasion moves are banned\n|rule|Evasion Items Clause: Evasion items are banned\n|rule|Species Clause: Limit one of each Pok\u00e9mon\n|rule|Sleep Clause Mod: Limit one foe put to sleep\n|rule|Mega Rayquaza Clause: You cannot mega evolve Rayquaza\n|clearpoke\n|poke|p1|Zygarde-10%|\n|poke|p1|Xerneas-*|\n|poke|p1|Yveltal|\n|poke|p1|Marshadow|\n|poke|p1|Groudon|\n|poke|p1|Magearna|\n|poke|p2|Zacian-*|\n|poke|p2|Groudon|\n|poke|p2|Ho-Oh|\n|poke|p2|Xerneas-*|\n|poke|p2|Arceus-Water|\n|poke|p2|Necrozma-Dusk-Mane|\n|teampreview\n|\n|t:|1698452769\n|start\n|switch|p1a: Xerneas|Xerneas|100\/100\n|switch|p2a: womp womp|Arceus-Water|100\/100\n|-ability|p1a: Xerneas|Fairy Aura\n|turn|1\n|\n|t:|1698452776\n|switch|p2a: big bird|Ho-Oh|100\/100\n|move|p1a: Xerneas|Geomancy||[still]\n|-prepare|p1a: Xerneas|Geomancy\n|-enditem|p1a: Xerneas|Power Herb\n|-anim|p1a: Xerneas|Geomancy|p1a: Xerneas\n|-boost|p1a: Xerneas|spa|2\n|-boost|p1a: Xerneas|spd|2\n|-boost|p1a: Xerneas|spe|2\n|\n|upkeep\n|turn|2\n|\n|t:|1698452793\n|move|p1a: Xerneas|Psyshock|p2a: big bird\n|-damage|p2a: big bird|54\/100\n|move|p2a: big bird|Whirlwind|p1a: Xerneas\n|drag|p1a: Marshadow|Marshadow|100\/100\n|\n|upkeep\n|turn|3\n|\n|t:|1698452805\n|move|p1a: Marshadow|Spectral Thief|p2a: big bird\n|-damage|p2a: big bird|18\/100\n|move|p2a: big bird|Sacred Fire|p1a: Marshadow\n|-damage|p1a: Marshadow|46\/100\n|\n|upkeep\n|turn|4\n|\n|t:|1698452814\n|switch|p2a: womp womp|Arceus-Water|100\/100\n|move|p1a: Marshadow|Spectral Thief|p2a: womp womp\n|-damage|p2a: womp womp|70\/100\n|\n|upkeep\n|turn|5\n|\n|t:|1698452821\n|switch|p1a: Xerneas|Xerneas|100\/100\n|-ability|p1a: Xerneas|Fairy Aura\n|move|p2a: womp womp|Will-O-Wisp|p1a: Xerneas|[miss]\n|-miss|p2a: womp womp|p1a: Xerneas\n|\n|upkeep\n|turn|6\n|\n|t:|1698452826\n|move|p1a: Xerneas|Geomancy||[still]\n|-prepare|p1a: Xerneas|Geomancy\n|move|p2a: womp womp|Judgment|p1a: Xerneas\n|-damage|p1a: Xerneas|59\/100\n|\n|upkeep\n|turn|7\n|\n|t:|1698452830\n|switch|p2a: big bird|Ho-Oh|51\/100\n|move|p1a: Xerneas|Geomancy|p1a: Xerneas|[from]lockedmove\n|-boost|p1a: Xerneas|spa|2\n|-boost|p1a: Xerneas|spd|2\n|-boost|p1a: Xerneas|spe|2\n|\n|upkeep\n|turn|8\n|\n|t:|1698452836\n|move|p1a: Xerneas|Moonblast|p2a: big bird\n|-resisted|p2a: big bird\n|-damage|p2a: big bird|17\/100\n|move|p2a: big bird|Whirlwind|p1a: Xerneas\n|drag|p1a: Magearna|Magearna|100\/100\n|\n|upkeep\n|turn|9\n|\n|t:|1698452855\n|switch|p2a: baked|Groudon|100\/100\n|detailschange|p2a: baked|Groudon-Primal\n|-primal|p2a: baked|Red Orb\n|-weather|DesolateLand|[from] ability: Desolate Land|[of] p2a: baked\n|move|p1a: Magearna|Volt Switch|p2a: baked\n|-immune|p2a: baked\n|\n|-weather|DesolateLand|[upkeep]\n|upkeep\n|turn|10\n|\n|t:|1698452883\n|move|p2a: baked|Overheat|p1a: Magearna\n|-supereffective|p1a: Magearna\n|-damage|p1a: Magearna|19\/100\n|-unboost|p2a: baked|spa|2\n|move|p1a: Magearna|Flash Cannon|p2a: baked\n|-resisted|p2a: baked\n|-damage|p2a: baked|86\/100\n|\n|-weather|DesolateLand|[upkeep]\n|upkeep\n|turn|11\n|\n|t:|1698452893\n|move|p2a: baked|Precipice Blades|p1a: Magearna|[miss]\n|-miss|p2a: baked|p1a: Magearna\n|move|p1a: Magearna|Hidden Power|p2a: baked\n|-resisted|p2a: baked\n|-damage|p2a: baked|75\/100\n|\n|-weather|DesolateLand|[upkeep]\n|upkeep\n|turn|12\n|\n|t:|1698452900\n|move|p2a: baked|Overheat|p1a: Magearna\n|-supereffective|p1a: Magearna\n|-damage|p1a: Magearna|0 fnt\n|-unboost|p2a: baked|spa|2\n|faint|p1a: Magearna\n|\n|-weather|DesolateLand|[upkeep]\n|upkeep\n|\n|t:|1698452907\n|switch|p1a: Groudon|Groudon|100\/100\n|detailschange|p1a: Groudon|Groudon-Primal\n|-primal|p1a: Groudon|Red Orb\n|turn|13\n|\n|t:|1698452920\n|move|p1a: Groudon|Precipice Blades|p2a: baked\n|-supereffective|p2a: baked\n|-damage|p2a: baked|0 fnt\n|faint|p2a: baked\n|\n|-weather|DesolateLand|[upkeep]\n|upkeep\n|\n|t:|1698452927\n|switch|p2a: big bird|Ho-Oh|51\/100\n|turn|14\n|\n|t:|1698452931\n|move|p1a: Groudon|Precipice Blades|p2a: big bird\n|-immune|p2a: big bird\n|move|p2a: big bird|Toxic|p1a: Groudon\n|-status|p1a: Groudon|tox\n|\n|-weather|DesolateLand|[upkeep]\n|-damage|p1a: Groudon|94\/100 tox|[from] psn\n|upkeep\n|turn|15\n|\n|t:|1698452936\n|move|p1a: Groudon|Stone Edge|p2a: big bird\n|-supereffective|p2a: big bird\n|-damage|p2a: big bird|0 fnt\n|faint|p2a: big bird\n|\n|-weather|DesolateLand|[upkeep]\n|-damage|p1a: Groudon|82\/100 tox|[from] psn\n|upkeep\n|\n|t:|1698452945\n|switch|p2a: womp womp|Arceus-Water|70\/100\n|turn|16\n|\n|t:|1698452951\n|move|p2a: womp womp|Stealth Rock|p1a: Groudon\n|-sidestart|p1: alexshh.__|move: Stealth Rock\n|move|p1a: Groudon|Precipice Blades|p2a: womp womp\n|-damage|p2a: womp womp|13\/100\n|\n|-weather|DesolateLand|[upkeep]\n|-damage|p1a: Groudon|64\/100 tox|[from] psn\n|upkeep\n|turn|17\n|\n|t:|1698452957\n|move|p2a: womp womp|Recover|p2a: womp womp\n|-heal|p2a: womp womp|63\/100\n|move|p1a: Groudon|Precipice Blades|p2a: womp womp\n|-damage|p2a: womp womp|7\/100\n|\n|-weather|DesolateLand|[upkeep]\n|-damage|p1a: Groudon|39\/100 tox|[from] psn\n|upkeep\n|turn|18\n|\n|t:|1698452965\n|move|p2a: womp womp|Recover|p2a: womp womp\n|-heal|p2a: womp womp|57\/100\n|move|p1a: Groudon|Precipice Blades|p2a: womp womp\n|-damage|p2a: womp womp|0 fnt\n|faint|p2a: womp womp\n|\n|-weather|DesolateLand|[upkeep]\n|-damage|p1a: Groudon|8\/100 tox|[from] psn\n|upkeep\n|\n|t:|1698452970\n|switch|p2a: bambi|Xerneas|100\/100\n|-ability|p2a: bambi|Fairy Aura\n|turn|19\n|\n|t:|1698452977\n|move|p2a: bambi|Geomancy||[still]\n|-prepare|p2a: bambi|Geomancy\n|-enditem|p2a: bambi|Power Herb\n|-anim|p2a: bambi|Geomancy|p2a: bambi\n|-boost|p2a: bambi|spa|2\n|-boost|p2a: bambi|spd|2\n|-boost|p2a: bambi|spe|2\n|move|p1a: Groudon|Stone Edge|p2a: bambi\n|-damage|p2a: bambi|60\/100\n|\n|-weather|DesolateLand|[upkeep]\n|-damage|p1a: Groudon|0 fnt|[from] psn\n|faint|p1a: Groudon\n|-weather|none\n|upkeep\n|\n|t:|1698452986\n|switch|p1a: Zygarde|Zygarde-10%|100\/100\n|-damage|p1a: Zygarde|94\/100|[from] Stealth Rock\n|turn|20\n|\n|t:|1698452990\n|move|p2a: bambi|Moonblast|p1a: Zygarde\n|-supereffective|p1a: Zygarde\n|-damage|p1a: Zygarde|0 fnt\n|faint|p1a: Zygarde\n|\n|upkeep\n|\n|t:|1698452995\n|switch|p1a: Yveltal|Yveltal|100\/100\n|-damage|p1a: Yveltal|76\/100|[from] Stealth Rock\n|-ability|p1a: Yveltal|Dark Aura\n|turn|21\n|c|\u2606hexagonereal|why not 50%?\n|\n|t:|1698453000\n|move|p2a: bambi|Moonblast|p1a: Yveltal\n|-supereffective|p1a: Yveltal\n|-damage|p1a: Yveltal|0 fnt\n|faint|p1a: Yveltal\n|\n|upkeep\n|c|\u2606alexshh.__|better 10%\n|c|\u2606alexshh.__|faste\n|c|\u2606alexshh.__|r\n|\n|t:|1698453016\n|switch|p1a: Xerneas|Xerneas|59\/100\n|-damage|p1a: Xerneas|47\/100|[from] Stealth Rock\n|-ability|p1a: Xerneas|Fairy Aura\n|turn|22\n|c|\u2606hexagonereal|if its power construct you'll still be slower anyway\n|c|\u2606alexshh.__|and bc\n|c|\u2606alexshh.__|10% easyer to use sash\n|\n|t:|1698453071\n|move|p2a: bambi|Moonblast|p1a: Xerneas\n|-damage|p1a: Xerneas|0 fnt\n|faint|p1a: Xerneas\n|\n|upkeep\n|\n|t:|1698453074\n|switch|p1a: Marshadow|Marshadow|46\/100\n|-damage|p1a: Marshadow|40\/100|[from] Stealth Rock\n|turn|23\n|\n|t:|1698453079\n|move|p2a: bambi|Moonblast|p1a: Marshadow\n|-supereffective|p1a: Marshadow\n|-damage|p1a: Marshadow|0 fnt\n|faint|p1a: Marshadow\n|\n|win|hexagonereal\n|raw|alexshh.__'s rating: 1280 &rarr; <strong>1272<\/strong><br \/>(-8 for losing)\n|raw|hexagonereal's rating: 1566 &rarr; <strong>1572<\/strong><br \/>(+6 for winning)\n|l|\u2606alexshh.__\n|c|\u2606hexagonereal|well\n|c|\u2606hexagonereal|gg\n","uploadtime":1698453088,"views":7,"p1id":"alexshh","p2id":"hexagonereal","formatid":"gen9nationaldexubers","rating":1272,"private":0,"password":""}