{"id":"gen9nationaldexubers-1984369714","p1":"FisheePhishee","p2":"FoxasBat","format":"[Gen 9] National Dex Ubers","log":"|j|\u2606FisheePhishee\n|j|\u2606FoxasBat\n|t:|1699251058\n|gametype|singles\n|player|p1|FisheePhishee|266|\n|player|p2|FoxasBat|170|\n|teamsize|p1|6\n|teamsize|p2|6\n|gen|9\n|tier|[Gen 9] National Dex Ubers\n|rule|HP Percentage Mod: HP is shown in percentages\n|rule|Endless Battle Clause: Forcing endless battles is banned\n|rule|OHKO Clause: OHKO moves are banned\n|rule|Evasion Moves Clause: Evasion moves are banned\n|rule|Evasion Items Clause: Evasion items are banned\n|rule|Species Clause: Limit one of each Pok\u00e9mon\n|rule|Sleep Clause Mod: Limit one foe put to sleep\n|rule|Mega Rayquaza Clause: You cannot mega evolve Rayquaza\n|clearpoke\n|poke|p1|Toxapex, F|\n|poke|p1|Ceruledge, M|\n|poke|p1|Slither Wing|\n|poke|p1|Vivillon, M|\n|poke|p1|Perrserker, M|\n|poke|p1|Krokorok, M|\n|poke|p2|Clodsire, M|\n|poke|p2|Roaring Moon|\n|poke|p2|Armarouge, F|\n|poke|p2|Decidueye, M|\n|poke|p2|Sliggoo-Hisui, M|\n|poke|p2|Dunsparce, M|\n|teampreview\n|\n|t:|1699251084\n|start\n|switch|p1a: Vivillon|Vivillon, M|100\/100\n|switch|p2a: Clodsire|Clodsire, M|100\/100\n|turn|1\n|\n|t:|1699251110\n|move|p1a: Vivillon|Quiver Dance|p1a: Vivillon\n|-boost|p1a: Vivillon|spa|1\n|-boost|p1a: Vivillon|spd|1\n|-boost|p1a: Vivillon|spe|1\n|move|p2a: Clodsire|Stealth Rock|p1a: Vivillon\n|-sidestart|p1: FisheePhishee|move: Stealth Rock\n|\n|upkeep\n|turn|2\n|\n|t:|1699251123\n|move|p1a: Vivillon|Quiver Dance|p1a: Vivillon\n|-boost|p1a: Vivillon|spa|1\n|-boost|p1a: Vivillon|spd|1\n|-boost|p1a: Vivillon|spe|1\n|move|p2a: Clodsire|Toxic|p1a: Vivillon\n|-status|p1a: Vivillon|tox\n|\n|-damage|p1a: Vivillon|95\/100 tox|[from] psn\n|upkeep\n|turn|3\n|\n|t:|1699251149\n|switch|p2a: Sliggoo|Sliggoo-Hisui, M|100\/100\n|move|p1a: Vivillon|Hurricane|p2a: Sliggoo\n|-resisted|p2a: Sliggoo\n|-damage|p2a: Sliggoo|75\/100\n|-start|p2a: Sliggoo|confusion\n|\n|-damage|p1a: Vivillon|83\/100 tox|[from] psn\n|upkeep\n|turn|4\n|\n|t:|1699251183\n|move|p1a: Vivillon|Bug Buzz|p2a: Sliggoo\n|-resisted|p2a: Sliggoo\n|-crit|p2a: Sliggoo\n|-damage|p2a: Sliggoo|45\/100\n|-activate|p2a: Sliggoo|confusion\n|move|p2a: Sliggoo|Ice Beam|p1a: Vivillon\n|-supereffective|p1a: Vivillon\n|-damage|p1a: Vivillon|39\/100 tox\n|\n|-damage|p1a: Vivillon|21\/100 tox|[from] psn\n|upkeep\n|turn|5\n|\n|t:|1699251205\n|move|p1a: Vivillon|Hurricane|p2a: Sliggoo\n|-resisted|p2a: Sliggoo\n|-damage|p2a: Sliggoo|19\/100\n|-activate|p2a: Sliggoo|confusion\n|-damage|p2a: Sliggoo|11\/100|[from] confusion\n|\n|-damage|p1a: Vivillon|0 fnt|[from] psn\n|faint|p1a: Vivillon\n|upkeep\n|\n|t:|1699251235\n|switch|p1a: Slither Wing|Slither Wing|100\/100\n|-damage|p1a: Slither Wing|88\/100|[from] Stealth Rock\n|turn|6\n|\n|t:|1699251262\n|switch|p2a: Decidueye|Decidueye, M|100\/100\n|move|p1a: Slither Wing|First Impression|p2a: Decidueye\n|-damage|p2a: Decidueye|37\/100\n|\n|upkeep\n|turn|7\n|\n|t:|1699251295\n|-end|p1a: Slither Wing|Protosynthesis|[silent]\n|switch|p1a: Perrserker|Perrserker, M|100\/100\n|-damage|p1a: Perrserker|94\/100|[from] Stealth Rock\n|move|p2a: Decidueye|U-turn|p1a: Perrserker\n|-resisted|p1a: Perrserker\n|-damage|p1a: Perrserker|88\/100\n|\n|t:|1699251308\n|switch|p2a: Armarouge|Armarouge, F|100\/100|[from] U-turn\n|\n|upkeep\n|turn|8\n|\n|t:|1699251339\n|move|p1a: Perrserker|Fake Out|p2a: Armarouge\n|-damage|p2a: Armarouge|84\/100\n|-ability|p2a: Armarouge|Weak Armor|boost\n|-unboost|p2a: Armarouge|def|1\n|-boost|p2a: Armarouge|spe|2\n|cant|p2a: Armarouge|flinch\n|\n|upkeep\n|turn|9\n|\n|t:|1699251375\n|-terastallize|p1a: Perrserker|Ghost\n|move|p2a: Armarouge|Calm Mind|p2a: Armarouge\n|-boost|p2a: Armarouge|spa|1\n|-boost|p2a: Armarouge|spd|1\n|move|p1a: Perrserker|Close Combat|p2a: Armarouge\n|-resisted|p2a: Armarouge\n|-damage|p2a: Armarouge|48\/100\n|-unboost|p1a: Perrserker|def|1\n|-unboost|p1a: Perrserker|spd|1\n|-ability|p2a: Armarouge|Weak Armor|boost\n|-unboost|p2a: Armarouge|def|1\n|-boost|p2a: Armarouge|spe|2\n|\n|upkeep\n|turn|10\n|\n|t:|1699251427\n|move|p2a: Armarouge|Stored Power|p1a: Perrserker\n|-damage|p1a: Perrserker|0 fnt\n|faint|p1a: Perrserker\n|\n|upkeep\n|\n|t:|1699251444\n|switch|p1a: Ceruledge|Ceruledge, M, shiny|100\/100\n|-damage|p1a: Ceruledge|75\/100|[from] Stealth Rock\n|turn|11\n|\n|t:|1699251456\n|move|p1a: Ceruledge|Shadow Sneak|p2a: Armarouge\n|-supereffective|p2a: Armarouge\n|-damage|p2a: Armarouge|0 fnt\n|faint|p2a: Armarouge\n|\n|upkeep\n|\n|t:|1699251474\n|switch|p2a: Roaring Moon|Roaring Moon|100\/100\n|-enditem|p2a: Roaring Moon|Booster Energy\n|-activate|p2a: Roaring Moon|ability: Protosynthesis|[fromitem]\n|-start|p2a: Roaring Moon|protosynthesisatk\n|turn|12\n|\n|t:|1699251506\n|-terastallize|p2a: Roaring Moon|Flying\n|move|p2a: Roaring Moon|Acrobatics|p1a: Ceruledge\n|-damage|p1a: Ceruledge|0 fnt\n|faint|p1a: Ceruledge\n|\n|upkeep\n|\n|t:|1699251519\n|switch|p1a: Toxapex|Toxapex, F|100\/100\n|-damage|p1a: Toxapex|88\/100|[from] Stealth Rock\n|turn|13\n|\n|t:|1699251526\n|move|p2a: Roaring Moon|Knock Off|p1a: Toxapex\n|-damage|p1a: Toxapex|38\/100\n|-enditem|p1a: Toxapex|Leftovers|[from] move: Knock Off|[of] p2a: Roaring Moon\n|move|p1a: Toxapex|Toxic|p2a: Roaring Moon\n|-status|p2a: Roaring Moon|tox\n|\n|-damage|p2a: Roaring Moon|95\/100 tox|[from] psn\n|upkeep\n|turn|14\n|\n|t:|1699251555\n|switch|p1a: Krokorok|Krokorok, M|100\/100\n|-damage|p1a: Krokorok|94\/100|[from] Stealth Rock\n|-ability|p1a: Krokorok|Intimidate|boost\n|-unboost|p2a: Roaring Moon|atk|1\n|move|p2a: Roaring Moon|Acrobatics|p1a: Krokorok\n|-damage|p1a: Krokorok|0 fnt\n|faint|p1a: Krokorok\n|\n|-damage|p2a: Roaring Moon|83\/100 tox|[from] psn\n|upkeep\n|\n|t:|1699251567\n|switch|p1a: Toxapex|Toxapex, F|71\/100\n|-damage|p1a: Toxapex|58\/100|[from] Stealth Rock\n|turn|15\n|\n|t:|1699251576\n|move|p2a: Roaring Moon|Acrobatics|p1a: Toxapex\n|-damage|p1a: Toxapex|25\/100\n|move|p1a: Toxapex|Scald|p2a: Roaring Moon\n|-damage|p2a: Roaring Moon|66\/100 tox\n|\n|-damage|p2a: Roaring Moon|48\/100 tox|[from] psn\n|upkeep\n|turn|16\n|\n|t:|1699251586\n|move|p2a: Roaring Moon|Acrobatics|p1a: Toxapex\n|-damage|p1a: Toxapex|0 fnt\n|faint|p1a: Toxapex\n|\n|-damage|p2a: Roaring Moon|24\/100 tox|[from] psn\n|upkeep\n|\n|t:|1699251591\n|switch|p1a: Slither Wing|Slither Wing|88\/100\n|-damage|p1a: Slither Wing|76\/100|[from] Stealth Rock\n|turn|17\n|\n|t:|1699251596\n|move|p1a: Slither Wing|First Impression|p2a: Roaring Moon\n|-resisted|p2a: Roaring Moon\n|-damage|p2a: Roaring Moon|0 fnt\n|faint|p2a: Roaring Moon\n|-end|p2a: Roaring Moon|Protosynthesis|[silent]\n|\n|upkeep\n|\n|t:|1699251609\n|switch|p2a: Decidueye|Decidueye, M|37\/100\n|turn|18\n|\n|t:|1699251614\n|move|p1a: Slither Wing|First Impression||[still]\n|-hint|First Impression only works on your first turn out.\n|-fail|p1a: Slither Wing\n|move|p2a: Decidueye|Knock Off|p1a: Slither Wing\n|-resisted|p1a: Slither Wing\n|-damage|p1a: Slither Wing|62\/100\n|-enditem|p1a: Slither Wing|Choice Band|[from] move: Knock Off|[of] p2a: Decidueye\n|\n|upkeep\n|turn|19\n|\n|t:|1699251662\n|move|p1a: Slither Wing|Close Combat|p2a: Decidueye\n|-immune|p2a: Decidueye\n|move|p2a: Decidueye|Spirit Shackle|p1a: Slither Wing\n|-damage|p1a: Slither Wing|20\/100\n|-activate|p1a: Slither Wing|trapped\n|\n|upkeep\n|turn|20\n|\n|t:|1699251677\n|move|p1a: Slither Wing|Wild Charge|p2a: Decidueye\n|-resisted|p2a: Decidueye\n|-damage|p2a: Decidueye|22\/100\n|-damage|p1a: Slither Wing|16\/100|[from] Recoil\n|move|p2a: Decidueye|Spirit Shackle|p1a: Slither Wing\n|-damage|p1a: Slither Wing|0 fnt\n|faint|p1a: Slither Wing\n|-end|p1a: Slither Wing|Protosynthesis|[silent]\n|\n|win|FoxasBat\n","uploadtime":1699251683,"views":14,"p1id":"fisheephishee","p2id":"foxasbat","formatid":"gen9nationaldexubers","rating":0,"private":0,"password":""}