{"id":"gen9nationaldexubers-1989944434","p1":"wedo11","p2":"Sc4rletQu33n","format":"[Gen 9] National Dex Ubers","log":"|j|\u2606wedo11\n|j|\u2606Sc4rletQu33n\n|t:|1699908925\n|gametype|singles\n|player|p1|wedo11|mars|\n|player|p2|Sc4rletQu33n|cynthia-gen4|\n|teamsize|p1|6\n|teamsize|p2|6\n|gen|9\n|tier|[Gen 9] National Dex Ubers\n|rule|HP Percentage Mod: HP is shown in percentages\n|rule|Endless Battle Clause: Forcing endless battles is banned\n|rule|OHKO Clause: OHKO moves are banned\n|rule|Evasion Moves Clause: Evasion moves are banned\n|rule|Evasion Items Clause: Evasion items are banned\n|rule|Species Clause: Limit one of each Pok\u00e9mon\n|rule|Sleep Clause Mod: Limit one foe put to sleep\n|rule|Mega Rayquaza Clause: You cannot mega evolve Rayquaza\n|clearpoke\n|poke|p1|Kommo-o, L46, F|\n|poke|p1|Hydreigon, L46, F|\n|poke|p1|Duraludon, L46, F|\n|poke|p1|Garchomp, L46, M|\n|poke|p1|Salamence, L46, F|\n|poke|p1|Haxorus, L48, M|\n|poke|p2|Rotom-Wash, L46|\n|poke|p2|Gliscor, L46, F|\n|poke|p2|Alakazam, L46, F|\n|poke|p2|Weavile, L46, F|\n|poke|p2|Ferrothorn, L46, M|\n|poke|p2|Primeape, L46, M|\n|teampreview\n|inactive|Battle timer is ON: inactive players will automatically lose when time's up. (requested by wedo11)\n|\n|t:|1699908952\n|start\n|switch|p1a: Garchomp|Garchomp, L46, M|100\/100\n|switch|p2a: Weavile|Weavile, L46, F|100\/100\n|-ability|p2a: Weavile|Pressure\n|turn|1\n|j| Yugi Ogami\n|\n|t:|1699908981\n|move|p2a: Weavile|Triple Axel|p1a: Garchomp\n|-supereffective|p1a: Garchomp\n|-damage|p1a: Garchomp|63\/100\n|-damage|p2a: Weavile|89\/100|[from] ability: Rough Skin|[of] p1a: Garchomp\n|-supereffective|p1a: Garchomp\n|-damage|p1a: Garchomp|0 fnt\n|-damage|p2a: Weavile|77\/100|[from] ability: Rough Skin|[of] p1a: Garchomp\n|faint|p1a: Garchomp\n|-hitcount|p1: Garchomp|2\n|\n|upkeep\n|\n|t:|1699908989\n|switch|p1a: Duraludon|Duraludon, L46, F|100\/100\n|turn|2\n|\n|t:|1699909001\n|switch|p2a: Primeape|Primeape, L46, M|100\/100\n|move|p1a: Duraludon|Flash Cannon|p2a: Primeape\n|-damage|p2a: Primeape|14\/100\n|-damage|p1a: Duraludon|91\/100|[from] item: Life Orb\n|\n|-heal|p2a: Primeape|20\/100|[from] item: Leftovers\n|upkeep\n|turn|3\n|\n|t:|1699909016\n|switch|p1a: Salamence|Salamence, L46, F|100\/100\n|-ability|p1a: Salamence|Intimidate|boost\n|-unboost|p2a: Primeape|atk|1\n|-ability|p2a: Primeape|Defiant|boost\n|-boost|p2a: Primeape|atk|2\n|move|p2a: Primeape|Drain Punch|p1a: Salamence\n|-resisted|p1a: Salamence\n|-damage|p1a: Salamence|67\/100\n|-heal|p2a: Primeape|40\/100|[from] drain|[of] p1a: Salamence\n|\n|-heal|p2a: Primeape|46\/100|[from] item: Leftovers\n|upkeep\n|turn|4\n|\n|t:|1699909028\n|detailschange|p1a: Salamence|Salamence-Mega, L46, F\n|-mega|p1a: Salamence|Salamence|Salamencite\n|move|p1a: Salamence|Tera Blast|p2a: Primeape\n|-supereffective|p2a: Primeape\n|-damage|p2a: Primeape|0 fnt\n|faint|p2a: Primeape\n|\n|upkeep\n|\n|t:|1699909046\n|switch|p2a: AlakaZAMN|Alakazam, L46, F|100\/100\n|turn|5\n|\n|t:|1699909054\n|detailschange|p2a: AlakaZAMN|Alakazam-Mega, L46, F\n|-mega|p2a: AlakaZAMN|Alakazam|Alakazite\n|-ability|p2a: AlakaZAMN|Aerilate|[from] ability: Trace|[of] p1a: Salamence\n|move|p2a: AlakaZAMN|Dazzling Gleam|p1a: Salamence\n|-supereffective|p1a: Salamence\n|-damage|p1a: Salamence|0 fnt\n|faint|p1a: Salamence\n|\n|upkeep\n|\n|t:|1699909064\n|switch|p1a: Hydreigon|Hydreigon, L46, F|100\/100\n|turn|6\n|inactive|wedo11 has 270 seconds left.\n|\n|t:|1699909099\n|switch|p2a: Scorpion|Gliscor, L46, F|100\/100\n|move|p1a: Hydreigon|Draco Meteor|p2a: Scorpion\n|-damage|p2a: Scorpion|15\/100\n|-unboost|p1a: Hydreigon|spa|2\n|\n|-status|p2a: Scorpion|tox|[from] item: Toxic Orb\n|upkeep\n|turn|7\n|inactive|wedo11 has 270 seconds left.\n|\n|t:|1699909131\n|switch|p1a: Duraludon|Duraludon, L46, F|91\/100\n|move|p2a: Scorpion|Roost|p2a: Scorpion\n|-heal|p2a: Scorpion|66\/100 tox\n|-singleturn|p2a: Scorpion|move: Roost\n|\n|-heal|p2a: Scorpion|78\/100 tox|[from] ability: Poison Heal\n|upkeep\n|turn|8\n|inactive|wedo11 has 240 seconds left.\n|\n|t:|1699909154\n|move|p1a: Duraludon|Flash Cannon|p2a: Scorpion\n|-damage|p2a: Scorpion|0 fnt\n|faint|p2a: Scorpion\n|-damage|p1a: Duraludon|81\/100|[from] item: Life Orb\n|\n|upkeep\n|\n|t:|1699909164\n|switch|p2a: Ferrothorn|Ferrothorn, L46, M|100\/100\n|turn|9\n|\n|t:|1699909173\n|move|p1a: Duraludon|Dark Pulse|p2a: Ferrothorn\n|-damage|p2a: Ferrothorn|70\/100\n|-damage|p1a: Duraludon|71\/100|[from] item: Life Orb\n|move|p2a: Ferrothorn|Leech Seed|p1a: Duraludon\n|-start|p1a: Duraludon|move: Leech Seed\n|\n|-damage|p1a: Duraludon|59\/100|[from] Leech Seed|[of] p2a: Ferrothorn\n|-heal|p2a: Ferrothorn|80\/100|[silent]\n|upkeep\n|turn|10\n|inactive|wedo11 has 240 seconds left.\n|\n|t:|1699909193\n|move|p1a: Duraludon|Thunderbolt|p2a: Ferrothorn\n|-resisted|p2a: Ferrothorn\n|-damage|p2a: Ferrothorn|62\/100\n|-damage|p1a: Duraludon|50\/100|[from] item: Life Orb\n|move|p2a: Ferrothorn|Stealth Rock|p1a: Duraludon\n|-sidestart|p1: wedo11|move: Stealth Rock\n|\n|-damage|p1a: Duraludon|38\/100|[from] Leech Seed|[of] p2a: Ferrothorn\n|-heal|p2a: Ferrothorn|71\/100|[silent]\n|upkeep\n|turn|11\n|\n|t:|1699909199\n|move|p1a: Duraludon|Dark Pulse|p2a: Ferrothorn\n|-damage|p2a: Ferrothorn|41\/100\n|-damage|p1a: Duraludon|28\/100|[from] item: Life Orb\n|move|p2a: Ferrothorn|Knock Off|p1a: Duraludon\n|-damage|p1a: Duraludon|4\/100\n|-enditem|p1a: Duraludon|Life Orb|[from] move: Knock Off|[of] p2a: Ferrothorn\n|\n|-damage|p1a: Duraludon|0 fnt|[from] Leech Seed|[of] p2a: Ferrothorn\n|-heal|p2a: Ferrothorn|44\/100|[silent]\n|faint|p1a: Duraludon\n|upkeep\n|\n|t:|1699909208\n|switch|p1a: Kommo-o|Kommo-o, L46, F|100\/100\n|-damage|p1a: Kommo-o|95\/100|[from] Stealth Rock\n|turn|12\n|\n|t:|1699909218\n|move|p1a: Kommo-o|Flamethrower|p2a: Ferrothorn\n|-supereffective|p2a: Ferrothorn\n|-damage|p2a: Ferrothorn|0 fnt\n|faint|p2a: Ferrothorn\n|\n|upkeep\n|\n|t:|1699909220\n|switch|p2a: Weavile|Weavile, L46, F|77\/100\n|-ability|p2a: Weavile|Pressure\n|turn|13\n|\n|t:|1699909235\n|switch|p1a: Haxorus|Haxorus, L48, M|100\/100\n|-damage|p1a: Haxorus|88\/100|[from] Stealth Rock\n|-ability|p1a: Haxorus|Mold Breaker\n|move|p2a: Weavile|Triple Axel|p1a: Haxorus\n|-supereffective|p1a: Haxorus\n|-damage|p1a: Haxorus|63\/100\n|-supereffective|p1a: Haxorus\n|-damage|p1a: Haxorus|18\/100\n|-supereffective|p1a: Haxorus\n|-damage|p1a: Haxorus|0 fnt\n|faint|p1a: Haxorus\n|-hitcount|p1: Haxorus|3\n|\n|upkeep\n|l| Yugi Ogami\n|\n|t:|1699909246\n|switch|p1a: Hydreigon|Hydreigon, L46, F|100\/100\n|-damage|p1a: Hydreigon|88\/100|[from] Stealth Rock\n|turn|14\n|j| Yugi Ogami\n|\n|t:|1699909271\n|-terastallize|p1a: Hydreigon|Poison\n|move|p1a: Hydreigon|Tera Blast|p2a: Weavile|[anim] Tera Blast Poison\n|-damage|p2a: Weavile|15\/100\n|move|p2a: Weavile|Triple Axel|p1a: Hydreigon\n|-damage|p1a: Hydreigon|76\/100\n|-damage|p1a: Hydreigon|54\/100\n|-damage|p1a: Hydreigon|20\/100\n|-hitcount|p1a: Hydreigon|3\n|\n|upkeep\n|turn|15\n|\n|t:|1699909282\n|move|p2a: Weavile|Ice Shard|p1a: Hydreigon\n|-damage|p1a: Hydreigon|0 fnt\n|faint|p1a: Hydreigon\n|\n|upkeep\n|\n|t:|1699909286\n|switch|p1a: Kommo-o|Kommo-o, L46, F|95\/100\n|-damage|p1a: Kommo-o|89\/100|[from] Stealth Rock\n|turn|16\n|\n|t:|1699909292\n|move|p2a: Weavile|Triple Axel|p1a: Kommo-o\n|-supereffective|p1a: Kommo-o\n|-damage|p1a: Kommo-o|70\/100\n|-supereffective|p1a: Kommo-o\n|-damage|p1a: Kommo-o|27\/100\n|-supereffective|p1a: Kommo-o\n|-damage|p1a: Kommo-o|0 fnt\n|faint|p1a: Kommo-o\n|-hitcount|p1: Kommo-o|3\n|\n|win|Sc4rletQu33n\n|l|\u2606wedo11\n","uploadtime":1699909301,"views":6,"p1id":"wedo11","p2id":"sc4rletqu33n","formatid":"gen9nationaldexubers","rating":0,"private":0,"password":""}