{"id":"gen9nationaldexubers-1986232691","p1":"KarmaNightraide","p2":"avengereugene","format":"[Gen 9] National Dex Ubers","log":"|j|\u2606KarmaNightraide\n|j|\u2606avengereugene\n|t:|1699461940\n|gametype|singles\n|player|p1|KarmaNightraide|unknown|1238\n|player|p2|avengereugene|picnicker|1140\n|teamsize|p1|6\n|teamsize|p2|6\n|gen|9\n|tier|[Gen 9] National Dex Ubers\n|rated|\n|rule|HP Percentage Mod: HP is shown in percentages\n|rule|Endless Battle Clause: Forcing endless battles is banned\n|rule|OHKO Clause: OHKO moves are banned\n|rule|Evasion Moves Clause: Evasion moves are banned\n|rule|Evasion Items Clause: Evasion items are banned\n|rule|Species Clause: Limit one of each Pok\u00e9mon\n|rule|Sleep Clause Mod: Limit one foe put to sleep\n|rule|Mega Rayquaza Clause: You cannot mega evolve Rayquaza\n|clearpoke\n|poke|p1|Ceruledge, F|\n|poke|p1|Basculegion-F, F|\n|poke|p1|Mimikyu, M|\n|poke|p1|Gourgeist-*, F|\n|poke|p1|Banette, F|\n|poke|p1|Mismagius, F|\n|poke|p2|Alakazam, F|\n|poke|p2|Weavile, M|\n|poke|p2|Mienshao, M|\n|poke|p2|Heatran, M|\n|poke|p2|Lugia|\n|poke|p2|Sylveon, M|\n|teampreview\n|\n|t:|1699461944\n|start\n|switch|p1a: Go to sleep...|Banette, F|100\/100\n|switch|p2a: Weavile|Weavile, M|100\/100\n|-ability|p2a: Weavile|Pressure\n|turn|1\n|inactive|Battle timer is ON: inactive players will automatically lose when time's up. (requested by KarmaNightraide)\n|\n|t:|1699461961\n|detailschange|p1a: Go to sleep...|Banette-Mega, F\n|-mega|p1a: Go to sleep...|Banette|Banettite\n|move|p1a: Go to sleep...|Destiny Bond|p1a: Go to sleep...\n|-singlemove|p1a: Go to sleep...|Destiny Bond\n|move|p2a: Weavile|Swords Dance|p2a: Weavile\n|-boost|p2a: Weavile|atk|2\n|\n|upkeep\n|turn|2\n|\n|t:|1699461974\n|move|p2a: Weavile|Swords Dance|p2a: Weavile\n|-boost|p2a: Weavile|atk|2\n|move|p1a: Go to sleep...|Gunk Shot|p2a: Weavile\n|-damage|p2a: Weavile|11\/100\n|-status|p2a: Weavile|psn\n|\n|-damage|p2a: Weavile|0 fnt|[from] psn\n|faint|p2a: Weavile\n|upkeep\n|\n|t:|1699461989\n|switch|p2a: Alakazam|Alakazam, F|100\/100\n|turn|3\n|\n|t:|1699461997\n|detailschange|p2a: Alakazam|Alakazam-Mega, F\n|-mega|p2a: Alakazam|Alakazam|Alakazite\n|-ability|p2a: Alakazam|Prankster|[from] ability: Trace|[of] p1a: Go to sleep...\n|move|p2a: Alakazam|Calm Mind|p2a: Alakazam\n|-boost|p2a: Alakazam|spa|1\n|-boost|p2a: Alakazam|spd|1\n|move|p1a: Go to sleep...|Poltergeist|p2a: Alakazam\n|-activate|p2a: Alakazam|move: Poltergeist|Alakazite\n|-supereffective|p2a: Alakazam\n|-damage|p2a: Alakazam|0 fnt\n|faint|p2a: Alakazam\n|\n|upkeep\n|\n|t:|1699462008\n|switch|p2a: Lugia|Lugia|100\/100\n|turn|4\n|\n|t:|1699462016\n|move|p1a: Go to sleep...|Destiny Bond|p1a: Go to sleep...\n|-singlemove|p1a: Go to sleep...|Destiny Bond\n|move|p2a: Lugia|Thunder Wave|p1a: Go to sleep...\n|-status|p1a: Go to sleep...|par\n|\n|upkeep\n|turn|5\n|\n|t:|1699462023\n|move|p2a: Lugia|Ice Beam|p1a: Go to sleep...\n|-damage|p1a: Go to sleep...|74\/100 par\n|move|p1a: Go to sleep...|Poltergeist|p2a: Lugia\n|-activate|p2a: Lugia|move: Poltergeist|Leftovers\n|-supereffective|p2a: Lugia\n|-damage|p2a: Lugia|63\/100\n|\n|-heal|p2a: Lugia|69\/100|[from] item: Leftovers\n|upkeep\n|turn|6\n|\n|t:|1699462033\n|move|p2a: Lugia|Roost|p2a: Lugia\n|-heal|p2a: Lugia|100\/100\n|-singleturn|p2a: Lugia|move: Roost\n|cant|p1a: Go to sleep...|par\n|\n|upkeep\n|turn|7\n|\n|t:|1699462041\n|move|p2a: Lugia|Ice Beam|p1a: Go to sleep...\n|-damage|p1a: Go to sleep...|45\/100 par\n|move|p1a: Go to sleep...|Poltergeist|p2a: Lugia\n|-activate|p2a: Lugia|move: Poltergeist|Leftovers\n|-supereffective|p2a: Lugia\n|-damage|p2a: Lugia|62\/100\n|\n|-heal|p2a: Lugia|69\/100|[from] item: Leftovers\n|upkeep\n|turn|8\n|\n|t:|1699462052\n|move|p1a: Go to sleep...|Taunt|p2a: Lugia\n|-start|p2a: Lugia|move: Taunt\n|cant|p2a: Lugia|move: Taunt|Roost\n|\n|-heal|p2a: Lugia|75\/100|[from] item: Leftovers\n|upkeep\n|turn|9\n|\n|t:|1699462059\n|move|p2a: Lugia|Ice Beam|p1a: Go to sleep...\n|-damage|p1a: Go to sleep...|19\/100 par\n|move|p1a: Go to sleep...|Poltergeist|p2a: Lugia\n|-activate|p2a: Lugia|move: Poltergeist|Leftovers\n|-supereffective|p2a: Lugia\n|-damage|p2a: Lugia|4\/100\n|\n|-heal|p2a: Lugia|10\/100|[from] item: Leftovers\n|upkeep\n|turn|10\n|\n|t:|1699462073\n|move|p1a: Go to sleep...|Destiny Bond|p1a: Go to sleep...\n|-singlemove|p1a: Go to sleep...|Destiny Bond\n|move|p2a: Lugia|Ice Beam|p1a: Go to sleep...\n|-damage|p1a: Go to sleep...|0 fnt\n|faint|p1a: Go to sleep...\n|-activate|p1a: Go to sleep...|move: Destiny Bond\n|faint|p2a: Lugia\n|\n|upkeep\n|\n|t:|1699462093\n|switch|p2a: Mienshao|Mienshao, M|100\/100\n|switch|p1a: Lady Fish|Basculegion-F, F|100\/100\n|turn|11\n|inactive|KarmaNightraide has 120 seconds left.\n|\n|t:|1699462138\n|move|p2a: Mienshao|U-turn|p1a: Lady Fish\n|-resisted|p1a: Lady Fish\n|-damage|p1a: Lady Fish|85\/100\n|\n|t:|1699462144\n|switch|p2a: Sylveon|Sylveon, M|100\/100|[from] U-turn\n|move|p1a: Lady Fish|Rain Dance|p1a: Lady Fish\n|-weather|RainDance\n|\n|-weather|RainDance|[upkeep]\n|upkeep\n|turn|12\n|\n|t:|1699462163\n|move|p1a: Lady Fish|Hydro Pump|p2a: Sylveon|[miss]\n|-miss|p1a: Lady Fish|p2a: Sylveon\n|move|p2a: Sylveon|Moonblast|p1a: Lady Fish\n|-damage|p1a: Lady Fish|44\/100\n|\n|-weather|RainDance|[upkeep]\n|upkeep\n|turn|13\n|\n|t:|1699462172\n|move|p1a: Lady Fish|Hydro Pump|p2a: Sylveon\n|-damage|p2a: Sylveon|63\/100\n|move|p2a: Sylveon|Moonblast|p1a: Lady Fish\n|-damage|p1a: Lady Fish|3\/100\n|\n|-weather|RainDance|[upkeep]\n|-heal|p2a: Sylveon|69\/100|[from] item: Leftovers\n|upkeep\n|turn|14\n|\n|t:|1699462185\n|move|p1a: Lady Fish|Last Respects|p2a: Sylveon\n|-damage|p2a: Sylveon|31\/100\n|move|p2a: Sylveon|Wish|p2a: Sylveon\n|\n|-weather|RainDance|[upkeep]\n|-heal|p2a: Sylveon|38\/100|[from] item: Leftovers\n|upkeep\n|turn|15\n|inactive|KarmaNightraide has 90 seconds left.\n|\n|t:|1699462220\n|switch|p1a: Pumpin|Gourgeist-Small, F|100\/100\n|-item|p2a: Sylveon|Leftovers|[from] ability: Frisk|[of] p1a: Pumpin|[identify]\n|move|p2a: Sylveon|Protect||[still]\n|-fail|p2a: Sylveon\n|\n|-weather|none\n|-heal|p2a: Sylveon|88\/100|[from] move: Wish|[wisher] Sylveon\n|-heal|p2a: Sylveon|94\/100|[from] item: Leftovers\n|upkeep\n|turn|16\n|inactive|KarmaNightraide has 90 seconds left.\n|\n|t:|1699462231\n|-zpower|p1a: Pumpin\n|move|p1a: Pumpin|Z-Trick-or-Treat|p2a: Sylveon|[anim]Trick-or-Treat\n|-boost|p1a: Pumpin|atk|1|[zeffect]\n|-boost|p1a: Pumpin|def|1|[zeffect]\n|-boost|p1a: Pumpin|spa|1|[zeffect]\n|-boost|p1a: Pumpin|spd|1|[zeffect]\n|-boost|p1a: Pumpin|spe|1|[zeffect]\n|-start|p2a: Sylveon|typeadd|Ghost|[from] move: Trick-or-Treat\n|move|p2a: Sylveon|Moonblast|p1a: Pumpin\n|-damage|p1a: Pumpin|61\/100\n|-unboost|p1a: Pumpin|spa|1\n|\n|-heal|p2a: Sylveon|99\/100|[from] item: Leftovers\n|upkeep\n|turn|17\n|inactive|KarmaNightraide has 90 seconds left.\n|\n|t:|1699462250\n|-terastallize|p2a: Sylveon|Fairy\n|move|p1a: Pumpin|Poltergeist|p2a: Sylveon\n|-activate|p2a: Sylveon|move: Poltergeist|Leftovers\n|-damage|p2a: Sylveon|21\/100\n|move|p2a: Sylveon|Moonblast|p1a: Pumpin\n|-damage|p1a: Pumpin|10\/100\n|\n|-heal|p2a: Sylveon|27\/100|[from] item: Leftovers\n|upkeep\n|turn|18\n|\n|t:|1699462261\n|move|p2a: Sylveon|Protect|p2a: Sylveon\n|-singleturn|p2a: Sylveon|Protect\n|move|p1a: Pumpin|Poltergeist|p2a: Sylveon\n|-activate|p2a: Sylveon|move: Protect\n|\n|-heal|p2a: Sylveon|33\/100|[from] item: Leftovers\n|upkeep\n|turn|19\n|\n|t:|1699462273\n|move|p1a: Pumpin|Poltergeist|p2a: Sylveon\n|-activate|p2a: Sylveon|move: Poltergeist|Leftovers\n|-damage|p2a: Sylveon|0 fnt\n|faint|p2a: Sylveon\n|\n|upkeep\n|\n|t:|1699462277\n|switch|p2a: Mienshao|Mienshao, M|100\/100\n|turn|20\n|inactive|KarmaNightraide has 90 seconds left.\n|\n|t:|1699462290\n|move|p1a: Pumpin|Power Whip|p2a: Mienshao\n|-damage|p2a: Mienshao|0 fnt\n|faint|p2a: Mienshao\n|\n|upkeep\n|\n|t:|1699462311\n|switch|p2a: Heatran|Heatran, M|100\/100\n|turn|21\n|inactive|KarmaNightraide has 90 seconds left.\n|\n|t:|1699462328\n|move|p1a: Pumpin|Poltergeist|p2a: Heatran\n|-activate|p2a: Heatran|move: Poltergeist|Leftovers\n|-damage|p2a: Heatran|50\/100\n|move|p2a: Heatran|Lava Plume|p1a: Pumpin\n|-supereffective|p1a: Pumpin\n|-damage|p1a: Pumpin|0 fnt\n|faint|p1a: Pumpin\n|\n|-heal|p2a: Heatran|56\/100|[from] item: Leftovers\n|upkeep\n|inactive|KarmaNightraide has 90 seconds left.\n|\n|t:|1699462341\n|switch|p1a: Witch|Mismagius, F|100\/100\n|turn|22\n|inactive|KarmaNightraide has 90 seconds left.\n|\n|t:|1699462352\n|move|p1a: Witch|Nasty Plot|p1a: Witch\n|-boost|p1a: Witch|spa|2\n|move|p2a: Heatran|Lava Plume|p1a: Witch\n|-damage|p1a: Witch|59\/100\n|-status|p1a: Witch|brn\n|\n|-heal|p2a: Heatran|62\/100|[from] item: Leftovers\n|-damage|p1a: Witch|53\/100 brn|[from] brn\n|upkeep\n|turn|23\n|inactive|KarmaNightraide has 90 seconds left.\n|\n|t:|1699462363\n|-terastallize|p1a: Witch|Ground\n|move|p1a: Witch|Hidden Power|p2a: Heatran\n|-supereffective|p2a: Heatran\n|-damage|p2a: Heatran|0 fnt\n|faint|p2a: Heatran\n|\n|win|KarmaNightraide\n|raw|KarmaNightraide's rating: 1238 &rarr; <strong>1256<\/strong><br \/>(+18 for winning)\n|raw|avengereugene's rating: 1140 &rarr; <strong>1122<\/strong><br \/>(-18 for losing)\n|c|\u2606KarmaNightraide|Gg\n","uploadtime":1699462399,"views":5,"p1id":"karmanightraide","p2id":"avengereugene","formatid":"gen9nationaldexubers","rating":1122,"private":0,"password":""}