{"id":"gen9nationaldexubers-1983158137","p1":"NDUK shitfart","p2":"KurumiTokisakilove","format":"[Gen 9] National Dex Ubers","log":"|j|\u2606NDUK shitfart\n|j|\u2606KurumiTokisakilove\n|t:|1699097803\n|gametype|singles\n|player|p1|NDUK shitfart|hiker-gen4|1487\n|player|p2|KurumiTokisakilove|sabrina-gen2|1939\n|teamsize|p1|6\n|teamsize|p2|6\n|gen|9\n|tier|[Gen 9] National Dex Ubers\n|rated|\n|rule|HP Percentage Mod: HP is shown in percentages\n|rule|Endless Battle Clause: Forcing endless battles is banned\n|rule|OHKO Clause: OHKO moves are banned\n|rule|Evasion Moves Clause: Evasion moves are banned\n|rule|Evasion Items Clause: Evasion items are banned\n|rule|Species Clause: Limit one of each Pok\u00e9mon\n|rule|Sleep Clause Mod: Limit one foe put to sleep\n|rule|Mega Rayquaza Clause: You cannot mega evolve Rayquaza\n|clearpoke\n|poke|p1|Deoxys-Speed|\n|poke|p1|Arceus|\n|poke|p1|Zacian-*|\n|poke|p1|Salamence, F|\n|poke|p1|Kyogre|\n|poke|p1|Ho-Oh|\n|poke|p2|Ho-Oh|\n|poke|p2|Yveltal|\n|poke|p2|Ditto|\n|poke|p2|Magearna|\n|poke|p2|Necrozma-Dusk-Mane|\n|poke|p2|Arceus-Ground|\n|teampreview\n|inactive|Battle timer is ON: inactive players will automatically lose when time's up. (requested by KurumiTokisakilove)\n|\n|t:|1699097825\n|start\n|switch|p1a: testes torsion|Deoxys-Speed|100\/100\n|switch|p2a: Ho-Oh|Ho-Oh|100\/100\n|-ability|p1a: testes torsion|Pressure\n|turn|1\n|\n|t:|1699097829\n|move|p1a: testes torsion|Stealth Rock|p2a: Ho-Oh\n|-sidestart|p2: KurumiTokisakilove|move: Stealth Rock\n|move|p2a: Ho-Oh|Brave Bird|p1a: testes torsion\n|-damage|p1a: testes torsion|0 fnt\n|faint|p1a: testes torsion\n|-damage|p2a: Ho-Oh|78\/100|[from] Recoil\n|\n|upkeep\n|\n|t:|1699097834\n|switch|p1a: Pinsir-Mega 2??|Salamence, F|100\/100\n|-ability|p1a: Pinsir-Mega 2??|Intimidate|boost\n|-unboost|p2a: Ho-Oh|atk|1\n|turn|2\n|\n|t:|1699097838\n|switch|p2a: Necrozma|Necrozma-Dusk-Mane|100\/100\n|-damage|p2a: Necrozma|94\/100|[from] Stealth Rock\n|move|p1a: Pinsir-Mega 2??|Substitute|p1a: Pinsir-Mega 2??\n|-start|p1a: Pinsir-Mega 2??|Substitute\n|-damage|p1a: Pinsir-Mega 2??|76\/100\n|\n|upkeep\n|turn|3\n|\n|t:|1699097841\n|detailschange|p1a: Pinsir-Mega 2??|Salamence-Mega, F\n|-mega|p1a: Pinsir-Mega 2??|Salamence|Salamencite\n|move|p1a: Pinsir-Mega 2??|Dragon Dance|p1a: Pinsir-Mega 2??\n|-boost|p1a: Pinsir-Mega 2??|atk|1\n|-boost|p1a: Pinsir-Mega 2??|spe|1\n|move|p2a: Necrozma|Stealth Rock|p1a: Pinsir-Mega 2??\n|-sidestart|p1: NDUK shitfart|move: Stealth Rock\n|\n|upkeep\n|turn|4\n|\n|t:|1699097847\n|switch|p2a: Yveltal|Yveltal, shiny|100\/100\n|-ability|p2a: Yveltal|Dark Aura\n|move|p1a: Pinsir-Mega 2??|Dragon Dance|p1a: Pinsir-Mega 2??\n|-boost|p1a: Pinsir-Mega 2??|atk|1\n|-boost|p1a: Pinsir-Mega 2??|spe|1\n|\n|upkeep\n|turn|5\n|\n|t:|1699097850\n|move|p1a: Pinsir-Mega 2??|Frustration|p2a: Yveltal\n|-damage|p2a: Yveltal|18\/100\n|move|p2a: Yveltal|Foul Play|p1a: Pinsir-Mega 2??\n|-end|p1a: Pinsir-Mega 2??|Substitute\n|\n|upkeep\n|turn|6\n|\n|t:|1699097858\n|move|p1a: Pinsir-Mega 2??|Frustration|p2a: Yveltal\n|-damage|p2a: Yveltal|0 fnt\n|faint|p2a: Yveltal\n|\n|upkeep\n|\n|t:|1699097860\n|switch|p2a: Ditto|Ditto, shiny|100\/100\n|-damage|p2a: Ditto|88\/100|[from] Stealth Rock\n|-transform|p2a: Ditto|p1a: Pinsir-Mega 2??|[from] ability: Imposter\n|turn|7\n|\n|t:|1699097863\n|move|p2a: Ditto|Frustration|p1a: Pinsir-Mega 2??\n|-damage|p1a: Pinsir-Mega 2??|0 fnt\n|faint|p1a: Pinsir-Mega 2??\n|\n|upkeep\n|c|\u2606NDUK shitfart|OH FUCK\n|\n|t:|1699097876\n|switch|p1a: switch to peedon|Zacian-Crowned, shiny|100\/100\n|-damage|p1a: switch to peedon|94\/100|[from] Stealth Rock\n|-ability|p1a: switch to peedon|Intrepid Sword|boost\n|-boost|p1a: switch to peedon|atk|1\n|turn|8\n|c|\u2606NDUK shitfart|MIN HAPPINESS DITTO\n|\n|t:|1699097891\n|switch|p2a: Magearna|Magearna|100\/100\n|-damage|p2a: Magearna|94\/100|[from] Stealth Rock\n|move|p1a: switch to peedon|Behemoth Blade|p2a: Magearna\n|-damage|p2a: Magearna|18\/100\n|\n|upkeep\n|turn|9\n|\n|t:|1699097893\n|move|p1a: switch to peedon|Behemoth Blade|p2a: Magearna\n|-damage|p2a: Magearna|0 fnt\n|faint|p2a: Magearna\n|\n|upkeep\n|\n|t:|1699097896\n|switch|p2a: Ditto|Ditto, shiny|88\/100\n|-damage|p2a: Ditto|76\/100|[from] Stealth Rock\n|-transform|p2a: Ditto|p1a: switch to peedon|[from] ability: Imposter\n|-ability|p2a: Ditto|Intrepid Sword|boost\n|-boost|p2a: Ditto|atk|1\n|turn|10\n|\n|t:|1699097900\n|switch|p1a: i miss moltres|Ho-Oh, shiny|100\/100\n|move|p2a: Ditto|Behemoth Blade|p1a: i miss moltres\n|-resisted|p1a: i miss moltres\n|-damage|p1a: i miss moltres|60\/100\n|\n|upkeep\n|turn|11\n|\n|t:|1699097905\n|switch|p2a: Ho-Oh|Ho-Oh|100\/100\n|-damage|p2a: Ho-Oh|51\/100|[from] Stealth Rock\n|move|p1a: i miss moltres|Defog|p2a: Ho-Oh\n|-unboost|p2a: Ho-Oh|evasion|1\n|-sideend|p2: KurumiTokisakilove|Stealth Rock|[from] move: Defog|[of] p1a: i miss moltres\n|-sideend|p1: NDUK shitfart|Stealth Rock|[from] move: Defog|[of] p1a: i miss moltres\n|\n|upkeep\n|turn|12\n|\n|t:|1699097910\n|switch|p1a: NO FUN ALLOWED|Kyogre|100\/100\n|detailschange|p1a: NO FUN ALLOWED|Kyogre-Primal\n|-primal|p1a: NO FUN ALLOWED|Blue Orb\n|-weather|PrimordialSea|[from] ability: Primordial Sea|[of] p1a: NO FUN ALLOWED\n|move|p2a: Ho-Oh|Brave Bird|p1a: NO FUN ALLOWED\n|-damage|p1a: NO FUN ALLOWED|1\/100\n|-damage|p2a: Ho-Oh|19\/100|[from] Recoil\n|\n|-weather|PrimordialSea|[upkeep]\n|upkeep\n|turn|13\n|\n|t:|1699097918\n|move|p2a: Ho-Oh|Brave Bird|p1a: NO FUN ALLOWED\n|-damage|p1a: NO FUN ALLOWED|0 fnt\n|faint|p1a: NO FUN ALLOWED\n|-weather|none\n|-damage|p2a: Ho-Oh|19\/100|[from] Recoil\n|\n|upkeep\n|\n|t:|1699097922\n|switch|p1a: stored in de balls|Arceus, shiny|100\/100\n|turn|14\n|\n|t:|1699097928\n|switch|p2a: Arceus|Arceus-Ground|100\/100\n|move|p1a: stored in de balls|Swords Dance|p1a: stored in de balls\n|-boost|p1a: stored in de balls|atk|2\n|\n|upkeep\n|turn|15\n|c|\u2606NDUK shitfart|fuck me band hooh??\n|\n|t:|1699097933\n|move|p1a: stored in de balls|Extreme Speed|p2a: Arceus\n|-damage|p2a: Arceus|28\/100\n|move|p2a: Arceus|Judgment|p1a: stored in de balls\n|-damage|p1a: stored in de balls|67\/100\n|\n|upkeep\n|turn|16\n|\n|t:|1699097937\n|move|p1a: stored in de balls|Extreme Speed|p2a: Arceus\n|-damage|p2a: Arceus|0 fnt\n|faint|p2a: Arceus\n|\n|upkeep\n|\n|t:|1699097948\n|switch|p2a: Ditto|Ditto, shiny|76\/100\n|-transform|p2a: Ditto|p1a: stored in de balls|[from] ability: Imposter\n|turn|17\n|\n|t:|1699097954\n|switch|p2a: Necrozma|Necrozma-Dusk-Mane|94\/100\n|-terastallize|p1a: stored in de balls|Ghost\n|move|p1a: stored in de balls|Extreme Speed|p2a: Necrozma\n|-resisted|p2a: Necrozma\n|-damage|p2a: Necrozma|49\/100\n|\n|upkeep\n|turn|18\n|\n|t:|1699097961\n|detailschange|p2a: Necrozma|Necrozma-Ultra\n|-burst|p2a: Necrozma|Necrozma|Ultranecrozium Z\n|move|p2a: Necrozma|Photon Geyser|p1a: stored in de balls\n|-damage|p1a: stored in de balls|24\/100\n|move|p1a: stored in de balls|Shadow Claw|p2a: Necrozma\n|-supereffective|p2a: Necrozma\n|-damage|p2a: Necrozma|0 fnt\n|faint|p2a: Necrozma\n|\n|upkeep\n|\n|t:|1699097966\n|switch|p2a: Ditto|Ditto, shiny|76\/100\n|-transform|p2a: Ditto|p1a: stored in de balls|[from] ability: Imposter\n|-start|p2a: Ditto|typechange|Normal|[silent]\n|turn|19\n|\n|t:|1699097970\n|-terastallize|p2a: Ditto|Ghost\n|move|p2a: Ditto|Shadow Claw|p1a: stored in de balls\n|-supereffective|p1a: stored in de balls\n|-damage|p1a: stored in de balls|0 fnt\n|faint|p1a: stored in de balls\n|\n|upkeep\n|\n|t:|1699097976\n|switch|p1a: switch to peedon|Zacian-Crowned, shiny|94\/100\n|turn|20\n|\n|t:|1699097980\n|move|p1a: switch to peedon|Behemoth Blade|p2a: Ditto\n|-damage|p2a: Ditto|21\/100\n|move|p2a: Ditto|Shadow Claw|p1a: switch to peedon\n|-damage|p1a: switch to peedon|29\/100\n|\n|upkeep\n|turn|21\n|\n|t:|1699098000\n|switch|p2a: Ho-Oh|Ho-Oh|52\/100\n|move|p1a: switch to peedon|Behemoth Blade|p2a: Ho-Oh\n|-resisted|p2a: Ho-Oh\n|-damage|p2a: Ho-Oh|19\/100\n|\n|upkeep\n|turn|22\n|\n|t:|1699098009\n|switch|p2a: Ditto|Ditto, shiny, tera:Ghost|21\/100\n|-transform|p2a: Ditto|p1a: switch to peedon|[from] ability: Imposter\n|move|p1a: switch to peedon|Wild Charge|p2a: Ditto\n|-damage|p2a: Ditto|0 fnt\n|faint|p2a: Ditto\n|-damage|p1a: switch to peedon|25\/100|[from] Recoil\n|\n|upkeep\n|\n|t:|1699098011\n|switch|p2a: Ho-Oh|Ho-Oh|53\/100\n|turn|23\n|\n|t:|1699098015\n|move|p1a: switch to peedon|Wild Charge|p2a: Ho-Oh\n|-supereffective|p2a: Ho-Oh\n|-damage|p2a: Ho-Oh|0 fnt\n|faint|p2a: Ho-Oh\n|-damage|p1a: switch to peedon|11\/100|[from] Recoil\n|\n|win|NDUK shitfart\n|raw|NDUK shitfart's rating: 1487 &rarr; <strong>1524<\/strong><br \/>(+37 for winning)\n|raw|KurumiTokisakilove's rating: 1939 &rarr; <strong>1902<\/strong><br \/>(-37 for losing)\n|l|\u2606KurumiTokisakilove\n","uploadtime":1699098024,"views":35,"p1id":"ndukshitfart","p2id":"kurumitokisakilove","formatid":"gen9nationaldexubers","rating":1524,"private":0,"password":""}