{"id":"gen9nationaldexubers-1997868154","p1":"MrTRB","p2":"ApocalypticTofu","format":"[Gen 9] National Dex Ubers","log":"|j|\u2606MrTRB\n|j|\u2606ApocalypticTofu\n|t:|1700861637\n|gametype|singles\n|player|p1|MrTRB|benga|\n|player|p2|ApocalypticTofu|plasmagrunt|\n|teamsize|p1|4\n|teamsize|p2|4\n|gen|9\n|tier|[Gen 9] National Dex Ubers\n|rule|HP Percentage Mod: HP is shown in percentages\n|rule|Endless Battle Clause: Forcing endless battles is banned\n|rule|OHKO Clause: OHKO moves are banned\n|rule|Evasion Moves Clause: Evasion moves are banned\n|rule|Evasion Items Clause: Evasion items are banned\n|rule|Species Clause: Limit one of each Pok\u00e9mon\n|rule|Sleep Clause Mod: Limit one foe put to sleep\n|rule|Mega Rayquaza Clause: You cannot mega evolve Rayquaza\n|clearpoke\n|poke|p1|Garganacl, F|\n|poke|p1|Pelipper, M|\n|poke|p1|Gholdengo|\n|poke|p1|Serperior, F|\n|poke|p2|Golisopod, F|\n|poke|p2|Crustle, M|\n|poke|p2|Slither Wing|\n|poke|p2|Pinsir, M|\n|teampreview\n|\n|t:|1700861712\n|start\n|switch|p1a: Pelipper|Pelipper, M, shiny|100\/100\n|switch|p2a: Pinsir|Pinsir, M|100\/100\n|-weather|RainDance|[from] ability: Drizzle|[of] p1a: Pelipper\n|turn|1\n|\n|t:|1700861719\n|detailschange|p2a: Pinsir|Pinsir-Mega, M\n|-mega|p2a: Pinsir|Pinsir|Pinsirite\n|move|p2a: Pinsir|Double-Edge|p1a: Pelipper\n|-damage|p1a: Pelipper|9\/100\n|-damage|p2a: Pinsir|64\/100|[from] Recoil\n|move|p1a: Pelipper|Tailwind|p1a: Pelipper\n|-sidestart|p1: MrTRB|move: Tailwind\n|\n|-weather|RainDance|[upkeep]\n|upkeep\n|turn|2\n|\n|t:|1700861730\n|move|p2a: Pinsir|Quick Attack|p1a: Pelipper\n|-crit|p1a: Pelipper\n|-damage|p1a: Pelipper|0 fnt\n|faint|p1a: Pelipper\n|\n|-weather|RainDance|[upkeep]\n|upkeep\n|\n|t:|1700861734\n|switch|p1a: Garganacl|Garganacl, F|100\/100\n|turn|3\n|\n|t:|1700861745\n|move|p2a: Pinsir|Storm Throw|p1a: Garganacl\n|-supereffective|p1a: Garganacl\n|-crit|p1a: Garganacl\n|-damage|p1a: Garganacl|52\/100\n|move|p1a: Garganacl|Salt Cure|p2a: Pinsir\n|-supereffective|p2a: Pinsir\n|-damage|p2a: Pinsir|1\/100\n|-start|p2a: Pinsir|Salt Cure\n|\n|-weather|RainDance|[upkeep]\n|-heal|p1a: Garganacl|59\/100|[from] item: Leftovers\n|-damage|p2a: Pinsir|0 fnt|[from] Salt Cure\n|faint|p2a: Pinsir\n|upkeep\n|j| CloysterEnjoyer\n|c| CloysterEnjoyer|ok\n|c|\u2606ApocalypticTofu|oh yeah tailwind\n|c|\u2606ApocalypticTofu|i forgot about that\n|\n|t:|1700861771\n|switch|p2a: Slither Wing|Slither Wing|100\/100\n|-enditem|p2a: Slither Wing|Booster Energy\n|-activate|p2a: Slither Wing|ability: Protosynthesis|[fromitem]\n|-start|p2a: Slither Wing|protosynthesisatk\n|turn|4\n|\n|t:|1700861780\n|-terastallize|p2a: Slither Wing|Bug\n|move|p2a: Slither Wing|First Impression|p1a: Garganacl\n|-damage|p1a: Garganacl|0 fnt\n|faint|p1a: Garganacl\n|\n|-weather|RainDance|[upkeep]\n|-sideend|p1: MrTRB|move: Tailwind\n|upkeep\n|\n|t:|1700861785\n|switch|p1a: Serperior|Serperior, F, shiny|100\/100\n|turn|5\n|\n|t:|1700861798\n|-terastallize|p1a: Serperior|Ghost\n|move|p1a: Serperior|Glare|p2a: Slither Wing\n|-status|p2a: Slither Wing|par\n|move|p2a: Slither Wing|High Horsepower|p1a: Serperior|[miss]\n|-miss|p2a: Slither Wing|p1a: Serperior\n|\n|-weather|RainDance|[upkeep]\n|upkeep\n|turn|6\n|\n|t:|1700861809\n|move|p1a: Serperior|Substitute|p1a: Serperior\n|-start|p1a: Serperior|Substitute\n|-damage|p1a: Serperior|76\/100\n|move|p2a: Slither Wing|High Horsepower|p1a: Serperior\n|-end|p1a: Serperior|Substitute\n|\n|-weather|RainDance|[upkeep]\n|-heal|p1a: Serperior|82\/100|[from] item: Leftovers\n|upkeep\n|turn|7\n|\n|t:|1700861817\n|move|p1a: Serperior|Leech Seed|p2a: Slither Wing\n|-start|p2a: Slither Wing|move: Leech Seed\n|cant|p2a: Slither Wing|par\n|\n|-weather|RainDance|[upkeep]\n|-heal|p1a: Serperior|88\/100|[from] item: Leftovers\n|-damage|p2a: Slither Wing|88\/100 par|[from] Leech Seed|[of] p1a: Serperior\n|-heal|p1a: Serperior|99\/100|[silent]\n|upkeep\n|turn|8\n|\n|t:|1700861823\n|move|p1a: Serperior|Leaf Storm|p2a: Slither Wing\n|-resisted|p2a: Slither Wing\n|-damage|p2a: Slither Wing|68\/100 par\n|-boost|p1a: Serperior|spa|2\n|cant|p2a: Slither Wing|par\n|\n|-weather|none\n|-heal|p1a: Serperior|100\/100|[from] item: Leftovers\n|-damage|p2a: Slither Wing|56\/100 par|[from] Leech Seed|[of] p1a: Serperior\n|upkeep\n|turn|9\n|c|\u2606ApocalypticTofu|goodness gracious me!\n|\n|t:|1700861835\n|move|p1a: Serperior|Leaf Storm|p2a: Slither Wing\n|-resisted|p2a: Slither Wing\n|-damage|p2a: Slither Wing|20\/100 par\n|-boost|p1a: Serperior|spa|2\n|move|p2a: Slither Wing|High Horsepower|p1a: Serperior\n|-damage|p1a: Serperior|51\/100\n|\n|-heal|p1a: Serperior|57\/100|[from] item: Leftovers\n|-damage|p2a: Slither Wing|8\/100 par|[from] Leech Seed|[of] p1a: Serperior\n|-heal|p1a: Serperior|68\/100|[silent]\n|upkeep\n|turn|10\n|\n|t:|1700861845\n|move|p1a: Serperior|Leaf Storm|p2a: Slither Wing|[miss]\n|-miss|p1a: Serperior|p2a: Slither Wing\n|move|p2a: Slither Wing|High Horsepower|p1a: Serperior|[miss]\n|-miss|p2a: Slither Wing|p1a: Serperior\n|\n|-heal|p1a: Serperior|74\/100|[from] item: Leftovers\n|-damage|p2a: Slither Wing|0 fnt|[from] Leech Seed|[of] p1a: Serperior\n|-heal|p1a: Serperior|80\/100|[silent]\n|faint|p2a: Slither Wing\n|-end|p2a: Slither Wing|Protosynthesis|[silent]\n|upkeep\n|\n|t:|1700861848\n|switch|p2a: Golisopod|Golisopod, F|100\/100\n|turn|11\n|\n|t:|1700861855\n|move|p2a: Golisopod|First Impression|p1a: Serperior\n|-resisted|p1a: Serperior\n|-damage|p1a: Serperior|55\/100\n|move|p1a: Serperior|Leaf Storm|p2a: Golisopod|[miss]\n|-miss|p1a: Serperior|p2a: Golisopod\n|\n|-heal|p1a: Serperior|61\/100|[from] item: Leftovers\n|upkeep\n|turn|12\n|\n|t:|1700861866\n|move|p1a: Serperior|Leaf Storm|p2a: Golisopod\n|-damage|p2a: Golisopod|0 fnt\n|-boost|p1a: Serperior|spa|2\n|faint|p2a: Golisopod\n|\n|-heal|p1a: Serperior|67\/100|[from] item: Leftovers\n|upkeep\n|c|\u2606MrTRB|gods\n|\n|t:|1700861870\n|switch|p2a: Crustle|Crustle, M|100\/100\n|turn|13\n|c|\u2606ApocalypticTofu|you're said gods in every battle lol\n|\n|t:|1700861885\n|move|p1a: Serperior|Leaf Storm|p2a: Crustle\n|-damage|p2a: Crustle|0 fnt\n|faint|p2a: Crustle\n|\n|win|MrTRB\n","uploadtime":1700861892,"views":8,"p1id":"mrtrb","p2id":"apocalyptictofu","formatid":"gen9nationaldexubers","rating":0,"private":0,"password":""}