{"id":"gen9nationaldexubers-1989685358","p1":"DriftedEx","p2":"C0ld as Ice","format":"[Gen 9] National Dex Ubers","log":"|j|\u2606DriftedEx\n|j|\u2606C0ld as Ice\n|t:|1699886720\n|gametype|singles\n|player|p1|DriftedEx|roark|1652\n|player|p2|C0ld as Ice|schoolkid-gen4dp|1885\n|teamsize|p1|6\n|teamsize|p2|6\n|gen|9\n|tier|[Gen 9] National Dex Ubers\n|rated|\n|rule|HP Percentage Mod: HP is shown in percentages\n|rule|Endless Battle Clause: Forcing endless battles is banned\n|rule|OHKO Clause: OHKO moves are banned\n|rule|Evasion Moves Clause: Evasion moves are banned\n|rule|Evasion Items Clause: Evasion items are banned\n|rule|Species Clause: Limit one of each Pok\u00e9mon\n|rule|Sleep Clause Mod: Limit one foe put to sleep\n|rule|Mega Rayquaza Clause: You cannot mega evolve Rayquaza\n|clearpoke\n|poke|p1|Kyogre|\n|poke|p1|Zygarde|\n|poke|p1|Groudon|\n|poke|p1|Necrozma-Dusk-Mane|\n|poke|p1|Ho-Oh|\n|poke|p1|Salamence, M|\n|poke|p2|Arceus-Water|\n|poke|p2|Necrozma-Dusk-Mane|\n|poke|p2|Zygarde|\n|poke|p2|Groudon, L99|\n|poke|p2|Marshadow|\n|poke|p2|Yveltal|\n|teampreview\n|inactive|Battle timer is ON: inactive players will automatically lose when time's up. (requested by DriftedEx)\n|inactive|C0ld as Ice also wants the timer to be on.\n|\n|t:|1699886746\n|start\n|switch|p1a: Kyogre|Kyogre|100\/100\n|switch|p2a: Arceus|Arceus-Water, shiny|100\/100\n|detailschange|p1a: Kyogre|Kyogre-Primal\n|-primal|p1a: Kyogre|Blue Orb\n|-weather|PrimordialSea|[from] ability: Primordial Sea|[of] p1a: Kyogre\n|turn|1\n|\n|t:|1699886750\n|move|p2a: Arceus|Toxic|p1a: Kyogre\n|-status|p1a: Kyogre|tox\n|move|p1a: Kyogre|Calm Mind|p1a: Kyogre\n|-boost|p1a: Kyogre|spa|1\n|-boost|p1a: Kyogre|spd|1\n|\n|-weather|PrimordialSea|[upkeep]\n|-damage|p1a: Kyogre|94\/100 tox|[from] psn\n|upkeep\n|turn|2\n|\n|t:|1699886756\n|switch|p2a: Groudon|Groudon, L99, shiny|100\/100\n|detailschange|p2a: Groudon|Groudon-Primal, L99, shiny\n|-primal|p2a: Groudon|Red Orb\n|-weather|DesolateLand|[from] ability: Desolate Land|[of] p2a: Groudon\n|move|p1a: Kyogre|Ice Beam|p2a: Groudon\n|-damage|p2a: Groudon|48\/100\n|\n|-weather|DesolateLand|[upkeep]\n|-damage|p1a: Kyogre|82\/100 tox|[from] psn\n|upkeep\n|turn|3\n|\n|t:|1699886772\n|-weather|none\n|switch|p2a: Marshadow|Marshadow|100\/100\n|move|p1a: Kyogre|Water Spout|p2a: Marshadow\n|-damage|p2a: Marshadow|0 fnt\n|faint|p2a: Marshadow\n|\n|-damage|p1a: Kyogre|64\/100 tox|[from] psn\n|upkeep\n|\n|t:|1699886789\n|switch|p2a: Arceus|Arceus-Water, shiny|100\/100\n|turn|4\n|\n|t:|1699886793\n|move|p2a: Arceus|Judgment|p1a: Kyogre\n|-resisted|p1a: Kyogre\n|-damage|p1a: Kyogre|53\/100 tox\n|move|p1a: Kyogre|Ice Beam|p2a: Arceus\n|-resisted|p2a: Arceus\n|-damage|p2a: Arceus|78\/100\n|\n|-damage|p1a: Kyogre|28\/100 tox|[from] psn\n|upkeep\n|turn|5\n|\n|t:|1699886803\n|move|p2a: Arceus|Judgment|p1a: Kyogre\n|-resisted|p1a: Kyogre\n|-damage|p1a: Kyogre|18\/100 tox\n|move|p1a: Kyogre|Ice Beam|p2a: Arceus\n|-resisted|p2a: Arceus\n|-damage|p2a: Arceus|55\/100\n|\n|-damage|p1a: Kyogre|0 fnt|[from] psn\n|faint|p1a: Kyogre\n|upkeep\n|\n|t:|1699886809\n|switch|p1a: Salamence|Salamence, M|100\/100\n|-ability|p1a: Salamence|Intimidate|boost\n|-unboost|p2a: Arceus|atk|1\n|turn|6\n|\n|t:|1699886822\n|switch|p2a: Zygarde|Zygarde|100\/100\n|detailschange|p1a: Salamence|Salamence-Mega, M\n|-mega|p1a: Salamence|Salamence|Salamencite\n|move|p1a: Salamence|Roost||[still]\n|-fail|p1a: Salamence|heal\n|\n|upkeep\n|turn|7\n|\n|t:|1699886826\n|move|p1a: Salamence|Dragon Dance|p1a: Salamence\n|-boost|p1a: Salamence|atk|1\n|-boost|p1a: Salamence|spe|1\n|move|p2a: Zygarde|Glare|p1a: Salamence\n|-status|p1a: Salamence|par\n|\n|upkeep\n|turn|8\n|\n|t:|1699886829\n|move|p1a: Salamence|Facade|p2a: Zygarde\n|-damage|p2a: Zygarde|13\/100\n|move|p2a: Zygarde|Haze|p2a: Zygarde\n|-clearallboost\n|\n|-heal|p2a: Zygarde|19\/100|[from] item: Leftovers\n|-activate|p2a: Zygarde|ability: Power Construct\n|detailschange|p2a: Zygarde|Zygarde-Complete\n|-heal|p2a: Zygarde|47\/100|[silent]\n|upkeep\n|turn|9\n|\n|t:|1699886835\n|switch|p2a: Yveltal|Yveltal, shiny|100\/100\n|-ability|p2a: Yveltal|Dark Aura\n|move|p1a: Salamence|Facade|p2a: Yveltal\n|-damage|p2a: Yveltal|39\/100\n|\n|upkeep\n|turn|10\n|\n|t:|1699886840\n|move|p2a: Yveltal|Roost|p2a: Yveltal\n|-heal|p2a: Yveltal|89\/100\n|-singleturn|p2a: Yveltal|move: Roost\n|move|p1a: Salamence|Facade|p2a: Yveltal\n|-damage|p2a: Yveltal|31\/100\n|\n|upkeep\n|turn|11\n|\n|t:|1699886844\n|move|p2a: Yveltal|Roost|p2a: Yveltal\n|-heal|p2a: Yveltal|81\/100\n|-singleturn|p2a: Yveltal|move: Roost\n|move|p1a: Salamence|Facade|p2a: Yveltal\n|-damage|p2a: Yveltal|19\/100\n|\n|upkeep\n|turn|12\n|\n|t:|1699886848\n|move|p2a: Yveltal|Roost|p2a: Yveltal\n|-heal|p2a: Yveltal|69\/100\n|-singleturn|p2a: Yveltal|move: Roost\n|move|p1a: Salamence|Facade|p2a: Yveltal\n|-crit|p2a: Yveltal\n|-damage|p2a: Yveltal|0 fnt\n|faint|p2a: Yveltal\n|\n|upkeep\n|\n|t:|1699886853\n|switch|p2a: Necrozma|Necrozma-Dusk-Mane, shiny|100\/100\n|turn|13\n|\n|t:|1699886856\n|switch|p1a: Zygarde|Zygarde|100\/100\n|move|p2a: Necrozma|Dragon Dance|p2a: Necrozma\n|-boost|p2a: Necrozma|atk|1\n|-boost|p2a: Necrozma|spe|1\n|\n|upkeep\n|turn|14\n|\n|t:|1699886860\n|switch|p1a: Ho-Oh|Ho-Oh|100\/100\n|move|p2a: Necrozma|Dragon Dance|p2a: Necrozma\n|-boost|p2a: Necrozma|atk|1\n|-boost|p2a: Necrozma|spe|1\n|\n|upkeep\n|turn|15\n|\n|t:|1699886864\n|move|p2a: Necrozma|Rock Blast|p1a: Ho-Oh\n|-supereffective|p1a: Ho-Oh\n|-damage|p1a: Ho-Oh|57\/100\n|-supereffective|p1a: Ho-Oh\n|-damage|p1a: Ho-Oh|13\/100\n|-hitcount|p1a: Ho-Oh|2\n|move|p1a: Ho-Oh|Whirlwind|p2a: Necrozma\n|drag|p2a: Arceus|Arceus-Water, shiny|55\/100\n|\n|upkeep\n|turn|16\n|\n|t:|1699886870\n|switch|p1a: Necrozma|Necrozma-Dusk-Mane|100\/100\n|move|p2a: Arceus|Toxic|p1a: Necrozma\n|-immune|p1a: Necrozma\n|\n|upkeep\n|turn|17\n|\n|t:|1699886874\n|switch|p1a: Salamence|Salamence-Mega, M|100\/100 par\n|move|p2a: Arceus|Judgment|p1a: Salamence\n|-resisted|p1a: Salamence\n|-damage|p1a: Salamence|73\/100 par\n|\n|upkeep\n|turn|18\n|\n|t:|1699886879\n|switch|p2a: Necrozma|Necrozma-Dusk-Mane, shiny|100\/100\n|move|p1a: Salamence|Facade|p2a: Necrozma\n|-resisted|p2a: Necrozma\n|-damage|p2a: Necrozma|64\/100\n|\n|upkeep\n|turn|19\n|\n|t:|1699886884\n|move|p2a: Necrozma|Dragon Dance|p2a: Necrozma\n|-boost|p2a: Necrozma|atk|1\n|-boost|p2a: Necrozma|spe|1\n|move|p1a: Salamence|Earthquake|p2a: Necrozma\n|-supereffective|p2a: Necrozma\n|-damage|p2a: Necrozma|17\/100\n|\n|upkeep\n|turn|20\n|\n|t:|1699886888\n|move|p2a: Necrozma|Moonlight|p2a: Necrozma\n|-heal|p2a: Necrozma|67\/100\n|move|p1a: Salamence|Earthquake|p2a: Necrozma\n|-supereffective|p2a: Necrozma\n|-damage|p2a: Necrozma|25\/100\n|\n|upkeep\n|turn|21\n|j| 1 em trach thu\n|\n|t:|1699886892\n|move|p2a: Necrozma|Moonlight|p2a: Necrozma\n|-heal|p2a: Necrozma|75\/100\n|move|p1a: Salamence|Earthquake|p2a: Necrozma\n|-supereffective|p2a: Necrozma\n|-damage|p2a: Necrozma|29\/100\n|\n|upkeep\n|turn|22\n|\n|t:|1699886897\n|move|p2a: Necrozma|Moonlight|p2a: Necrozma\n|-heal|p2a: Necrozma|79\/100\n|move|p1a: Salamence|Earthquake|p2a: Necrozma\n|-supereffective|p2a: Necrozma\n|-damage|p2a: Necrozma|38\/100\n|\n|upkeep\n|turn|23\n|\n|t:|1699886901\n|move|p2a: Necrozma|Moonlight|p2a: Necrozma\n|-heal|p2a: Necrozma|88\/100\n|move|p1a: Salamence|Dragon Dance|p1a: Salamence\n|-boost|p1a: Salamence|atk|1\n|-boost|p1a: Salamence|spe|1\n|\n|upkeep\n|turn|24\n|\n|t:|1699886907\n|move|p2a: Necrozma|Sunsteel Strike|p1a: Salamence\n|-damage|p1a: Salamence|14\/100 par\n|move|p1a: Salamence|Earthquake|p2a: Necrozma\n|-supereffective|p2a: Necrozma\n|-damage|p2a: Necrozma|19\/100\n|\n|upkeep\n|turn|25\n|\n|t:|1699886913\n|move|p2a: Necrozma|Sunsteel Strike|p1a: Salamence\n|-damage|p1a: Salamence|0 fnt\n|faint|p1a: Salamence\n|\n|upkeep\n|\n|t:|1699886917\n|switch|p1a: Groudon|Groudon|100\/100\n|detailschange|p1a: Groudon|Groudon-Primal\n|-primal|p1a: Groudon|Red Orb\n|-weather|DesolateLand|[from] ability: Desolate Land|[of] p1a: Groudon\n|turn|26\n|\n|t:|1699886922\n|switch|p2a: Zygarde|Zygarde-Complete|47\/100\n|-weather|none\n|switch|p1a: Necrozma|Necrozma-Dusk-Mane|100\/100\n|\n|-heal|p2a: Zygarde|54\/100|[from] item: Leftovers\n|upkeep\n|turn|27\n|\n|t:|1699886926\n|move|p2a: Zygarde|Glare|p1a: Necrozma\n|-status|p1a: Necrozma|par\n|move|p1a: Necrozma|Stealth Rock|p2a: Zygarde\n|-sidestart|p2: C0ld as Ice|move: Stealth Rock\n|\n|-heal|p2a: Zygarde|60\/100|[from] item: Leftovers\n|upkeep\n|turn|28\n|\n|t:|1699886932\n|switch|p1a: Zygarde|Zygarde|100\/100\n|move|p2a: Zygarde|Thousand Arrows|p1a: Zygarde\n|-damage|p1a: Zygarde|85\/100\n|\n|-heal|p1a: Zygarde|91\/100|[from] item: Leftovers\n|-heal|p2a: Zygarde|66\/100|[from] item: Leftovers\n|upkeep\n|turn|29\n|\n|t:|1699886935\n|move|p1a: Zygarde|Glare|p2a: Zygarde\n|-status|p2a: Zygarde|par\n|move|p2a: Zygarde|Glare|p1a: Zygarde\n|-status|p1a: Zygarde|par\n|\n|-heal|p1a: Zygarde|97\/100 par|[from] item: Leftovers\n|-heal|p2a: Zygarde|72\/100 par|[from] item: Leftovers\n|upkeep\n|turn|30\n|\n|t:|1699886943\n|switch|p1a: Groudon|Groudon-Primal|100\/100\n|-weather|DesolateLand|[from] ability: Desolate Land|[of] p1a: Groudon\n|move|p2a: Zygarde|Glare|p1a: Groudon\n|-status|p1a: Groudon|par\n|\n|-weather|DesolateLand|[upkeep]\n|-heal|p2a: Zygarde|79\/100 par|[from] item: Leftovers\n|upkeep\n|turn|31\n|\n|t:|1699886947\n|move|p1a: Groudon|Swords Dance|p1a: Groudon\n|-boost|p1a: Groudon|atk|2\n|move|p2a: Zygarde|Thousand Arrows|p1a: Groudon\n|-supereffective|p1a: Groudon\n|-damage|p1a: Groudon|61\/100 par\n|\n|-weather|DesolateLand|[upkeep]\n|-heal|p2a: Zygarde|85\/100 par|[from] item: Leftovers\n|upkeep\n|turn|32\n|j| hackmonsforever\n|\n|t:|1699886957\n|switch|p2a: Necrozma|Necrozma-Dusk-Mane, shiny|19\/100\n|-damage|p2a: Necrozma|13\/100|[from] Stealth Rock\n|cant|p1a: Groudon|par\n|\n|-weather|DesolateLand|[upkeep]\n|upkeep\n|turn|33\n|\n|t:|1699886964\n|move|p2a: Necrozma|Moonlight|p2a: Necrozma\n|-heal|p2a: Necrozma|80\/100\n|cant|p1a: Groudon|par\n|\n|-weather|DesolateLand|[upkeep]\n|upkeep\n|turn|34\n|\n|t:|1699886969\n|move|p2a: Necrozma|Dragon Dance|p2a: Necrozma\n|-boost|p2a: Necrozma|atk|1\n|-boost|p2a: Necrozma|spe|1\n|cant|p1a: Groudon|par\n|\n|-weather|DesolateLand|[upkeep]\n|upkeep\n|turn|35\n|\n|t:|1699886973\n|-zpower|p2a: Necrozma\n|move|p2a: Necrozma|Searing Sunraze Smash|p1a: Groudon|[zeffect]\n|-resisted|p1a: Groudon\n|-damage|p1a: Groudon|14\/100 par\n|move|p1a: Groudon|Heat Crash|p2a: Necrozma\n|-supereffective|p2a: Necrozma\n|-damage|p2a: Necrozma|0 fnt\n|faint|p2a: Necrozma\n|\n|-weather|DesolateLand|[upkeep]\n|upkeep\n|\n|t:|1699886978\n|switch|p2a: Groudon|Groudon-Primal, L99, shiny|48\/100\n|-damage|p2a: Groudon|36\/100|[from] Stealth Rock\n|turn|36\n|\n|t:|1699886989\n|move|p2a: Groudon|Precipice Blades|p1a: Groudon\n|-supereffective|p1a: Groudon\n|-damage|p1a: Groudon|0 fnt\n|faint|p1a: Groudon\n|\n|-weather|DesolateLand|[upkeep]\n|upkeep\n|inactive|DriftedEx has 120 seconds left.\n|\n|t:|1699887034\n|switch|p1a: Zygarde|Zygarde|97\/100 par\n|turn|37\n|l| hackmonsforever\n|\n|t:|1699887053\n|move|p2a: Groudon|Stealth Rock|p1a: Zygarde\n|-sidestart|p1: DriftedEx|move: Stealth Rock\n|move|p1a: Zygarde|Thousand Arrows|p2a: Groudon\n|-supereffective|p2a: Groudon\n|-damage|p2a: Groudon|3\/100\n|\n|-weather|DesolateLand|[upkeep]\n|-heal|p1a: Zygarde|100\/100 par|[from] item: Leftovers\n|upkeep\n|turn|38\n|inactive|DriftedEx has 120 seconds left.\n|inactive|DriftedEx has 90 seconds left.\n|\n|t:|1699887114\n|move|p2a: Groudon|Overheat|p1a: Zygarde\n|-resisted|p1a: Zygarde\n|-damage|p1a: Zygarde|63\/100 par\n|-unboost|p2a: Groudon|spa|2\n|move|p1a: Zygarde|Thousand Arrows|p2a: Groudon\n|-supereffective|p2a: Groudon\n|-damage|p2a: Groudon|0 fnt\n|faint|p2a: Groudon\n|-weather|none\n|\n|-heal|p1a: Zygarde|69\/100 par|[from] item: Leftovers\n|upkeep\n|inactive|C0ld as Ice has 120 seconds left.\n|\n|t:|1699887150\n|switch|p2a: Arceus|Arceus-Water, shiny|55\/100\n|-damage|p2a: Arceus|43\/100|[from] Stealth Rock\n|turn|39\n|inactive|DriftedEx has 60 seconds left.\n|\n|t:|1699887181\n|move|p2a: Arceus|Taunt|p1a: Zygarde\n|-start|p1a: Zygarde|move: Taunt\n|cant|p1a: Zygarde|move: Taunt|Rest\n|\n|-heal|p1a: Zygarde|76\/100 par|[from] item: Leftovers\n|upkeep\n|turn|40\n|inactive|DriftedEx has 60 seconds left.\n|inactive|DriftedEx has 30 seconds left.\n|\n|t:|1699887219\n|switch|p1a: Ho-Oh|Ho-Oh|46\/100\n|move|p2a: Arceus|Recover|p2a: Arceus\n|-heal|p2a: Arceus|93\/100\n|\n|upkeep\n|turn|41\n|\n|t:|1699887229\n|move|p2a: Arceus|Taunt|p1a: Ho-Oh\n|-start|p1a: Ho-Oh|move: Taunt\n|cant|p1a: Ho-Oh|move: Taunt|Toxic\n|\n|upkeep\n|turn|42\n|\n|t:|1699887235\n|move|p2a: Arceus|Judgment|p1a: Ho-Oh\n|-supereffective|p1a: Ho-Oh\n|-damage|p1a: Ho-Oh|0 fnt\n|faint|p1a: Ho-Oh\n|\n|upkeep\n|-message|DriftedEx forfeited.\n|\n|win|C0ld as Ice\n|raw|DriftedEx's rating: 1652 &rarr; <strong>1644<\/strong><br \/>(-8 for losing)\n|raw|C0ld as Ice's rating: 1885 &rarr; <strong>1893<\/strong><br \/>(+8 for winning)\n|l|\u2606DriftedEx\n","uploadtime":1699887255,"views":4,"p1id":"driftedex","p2id":"c0ldasice","formatid":"gen9nationaldexubers","rating":1644,"private":0,"password":""}