{"id":"gen9nationaldexubers-1984731205","p1":"Save a Solar","p2":"Snacksito","format":"[Gen 9] National Dex Ubers","log":"|j|\u2606Save a Solar\n|j|\u2606Snacksito\n|t:|1699294440\n|gametype|singles\n|player|p1|Save a Solar|101|1148\n|player|p2|Snacksito|gambler|1090\n|teamsize|p1|6\n|teamsize|p2|6\n|gen|9\n|tier|[Gen 9] National Dex Ubers\n|rated|\n|rule|HP Percentage Mod: HP is shown in percentages\n|rule|Endless Battle Clause: Forcing endless battles is banned\n|rule|OHKO Clause: OHKO moves are banned\n|rule|Evasion Moves Clause: Evasion moves are banned\n|rule|Evasion Items Clause: Evasion items are banned\n|rule|Species Clause: Limit one of each Pok\u00e9mon\n|rule|Sleep Clause Mod: Limit one foe put to sleep\n|rule|Mega Rayquaza Clause: You cannot mega evolve Rayquaza\n|clearpoke\n|poke|p1|Zygarde|\n|poke|p1|Necrozma-Dusk-Mane|\n|poke|p1|Palkia-Origin|\n|poke|p1|Ditto|\n|poke|p1|Ribombee, F|\n|poke|p1|Grimmsnarl, M|\n|poke|p2|Toxapex, F|\n|poke|p2|Garchomp, M|\n|poke|p2|Cinderace, M|\n|poke|p2|Naganadel|\n|poke|p2|Noivern, F|\n|poke|p2|Lucario, M|\n|teampreview\n|inactive|Battle timer is ON: inactive players will automatically lose when time's up. (requested by Snacksito)\n|\n|t:|1699294461\n|start\n|switch|p1a: uwu bee|Ribombee, F, shiny|100\/100\n|switch|p2a: Lucario|Lucario, M|100\/100\n|turn|1\n|\n|t:|1699294490\n|detailschange|p2a: Lucario|Lucario-Mega, M\n|-mega|p2a: Lucario|Lucario|Lucarionite\n|move|p1a: uwu bee|Sticky Web|p2a: Lucario\n|-sidestart|p2: Snacksito|move: Sticky Web\n|move|p2a: Lucario|Power-Up Punch|p1a: uwu bee\n|-resisted|p1a: uwu bee\n|-crit|p1a: uwu bee\n|-damage|p1a: uwu bee|79\/100\n|-boost|p2a: Lucario|atk|1\n|\n|upkeep\n|turn|2\n|\n|t:|1699294504\n|move|p1a: uwu bee|U-turn|p2a: Lucario\n|-resisted|p2a: Lucario\n|-damage|p2a: Lucario|96\/100\n|\n|t:|1699294508\n|switch|p1a: HARRY|Grimmsnarl, M, shiny|100\/100|[from] U-turn\n|move|p2a: Lucario|Power-Up Punch|p1a: HARRY\n|-damage|p1a: HARRY|65\/100\n|-boost|p2a: Lucario|atk|1\n|\n|upkeep\n|turn|3\n|\n|t:|1699294516\n|move|p1a: HARRY|Reflect|p1a: HARRY\n|-sidestart|p1: Save a Solar|Reflect\n|move|p2a: Lucario|Power-Up Punch|p1a: HARRY\n|-damage|p1a: HARRY|41\/100\n|-boost|p2a: Lucario|atk|1\n|\n|upkeep\n|turn|4\n|\n|t:|1699294526\n|move|p1a: HARRY|Light Screen|p1a: HARRY\n|-sidestart|p1: Save a Solar|move: Light Screen\n|move|p2a: Lucario|Power-Up Punch|p1a: HARRY\n|-damage|p1a: HARRY|11\/100\n|-boost|p2a: Lucario|atk|1\n|\n|upkeep\n|turn|5\n|\n|t:|1699294537\n|move|p1a: HARRY|Taunt|p2a: Lucario\n|-start|p2a: Lucario|move: Taunt\n|move|p2a: Lucario|Power-Up Punch|p1a: HARRY\n|-damage|p1a: HARRY|0 fnt\n|-boost|p2a: Lucario|atk|1\n|faint|p1a: HARRY\n|\n|upkeep\n|\n|t:|1699294540\n|switch|p1a: I'M YOU!|Ditto, shiny|100\/100\n|-transform|p1a: I'M YOU!|p2a: Lucario|[from] ability: Imposter\n|turn|6\n|\n|t:|1699294558\n|switch|p2a: Toxapex|Toxapex, F, shiny|100\/100\n|-activate|p2a: Toxapex|move: Sticky Web\n|-unboost|p2a: Toxapex|spe|1\n|move|p1a: I'M YOU!|Drain Punch|p2a: Toxapex\n|-resisted|p2a: Toxapex\n|-damage|p2a: Toxapex|40\/100\n|\n|-heal|p2a: Toxapex|46\/100|[from] item: Leftovers\n|upkeep\n|turn|7\n|\n|t:|1699294572\n|switch|p2a: Garchomp|Garchomp, M|100\/100\n|-activate|p2a: Garchomp|move: Sticky Web\n|-unboost|p2a: Garchomp|spe|1\n|move|p1a: I'M YOU!|Drain Punch|p2a: Garchomp\n|-damage|p2a: Garchomp|0 fnt\n|-damage|p1a: I'M YOU!|88\/100|[from] ability: Rough Skin|[of] p2a: Garchomp\n|faint|p2a: Garchomp\n|\n|upkeep\n|\n|t:|1699294581\n|switch|p2a: Cinderace|Cinderace, M, shiny|100\/100\n|turn|8\n|\n|t:|1699294586\n|move|p1a: I'M YOU!|Drain Punch|p2a: Cinderace\n|-damage|p2a: Cinderace|0 fnt\n|-heal|p1a: I'M YOU!|100\/100|[from] drain|[of] p2a: Cinderace\n|faint|p2a: Cinderace\n|\n|upkeep\n|-message|Snacksito forfeited.\n|\n|win|Save a Solar\n|raw|Save a Solar's rating: 1148 &rarr; <strong>1169<\/strong><br \/>(+21 for winning)\n|raw|Snacksito's rating: 1090 &rarr; <strong>1070<\/strong><br \/>(-20 for losing)\n|l|\u2606Snacksito\n","uploadtime":1699294625,"views":5,"p1id":"saveasolar","p2id":"snacksito","formatid":"gen9nationaldexubers","rating":1070,"private":0,"password":""}