{"id":"gen9nationaldexubers-1992340766","p1":"Hyjinks","p2":"schwipper","format":"[Gen 9] National Dex Ubers","log":"|j|\u2606Hyjinks\n|j|\u2606schwipper\n|inactive|Battle timer is ON: inactive players will automatically lose when time's up.\n|t:|1700176486\n|gametype|singles\n|player|p1|Hyjinks|proton|\n|player|p2|schwipper|red-gen1main|\n|teamsize|p1|6\n|teamsize|p2|6\n|gen|9\n|tier|[Gen 9] National Dex Ubers\n|rated|Tournament battle\n|rule|HP Percentage Mod: HP is shown in percentages\n|rule|Endless Battle Clause: Forcing endless battles is banned\n|rule|OHKO Clause: OHKO moves are banned\n|rule|Evasion Moves Clause: Evasion moves are banned\n|rule|Evasion Items Clause: Evasion items are banned\n|rule|Species Clause: Limit one of each Pok\u00e9mon\n|rule|Sleep Clause Mod: Limit one foe put to sleep\n|rule|Mega Rayquaza Clause: You cannot mega evolve Rayquaza\n|clearpoke\n|poke|p1|Cyclizar, F|\n|poke|p1|Salamence, F|\n|poke|p1|Dragapult, F|\n|poke|p1|Zygarde|\n|poke|p1|Baxcalibur, F|\n|poke|p1|Eternatus|\n|poke|p2|Arceus-Fighting|\n|poke|p2|Annihilape, F|\n|poke|p2|Lucario, M|\n|poke|p2|Pheromosa|\n|poke|p2|Urshifu-*, F|\n|poke|p2|Zamazenta-*|\n|teampreview\n|j|+bruised thighs\u2661\n|j| Franko159\n|l|+bruised thighs\u2661\n|j| boomp11\n|inactive|schwipper has 120 seconds left.\n|\n|t:|1700176520\n|start\n|switch|p1a: Cyclizar|Cyclizar, F|100\/100\n|switch|p2a: Pheromosa|Pheromosa|100\/100\n|turn|1\n|\n|t:|1700176526\n|move|p2a: Pheromosa|Triple Axel|p1a: Cyclizar\n|-supereffective|p1a: Cyclizar\n|-damage|p1a: Cyclizar|76\/100\n|-supereffective|p1a: Cyclizar\n|-damage|p1a: Cyclizar|28\/100\n|-supereffective|p1a: Cyclizar\n|-damage|p1a: Cyclizar|0 fnt\n|faint|p1a: Cyclizar\n|-ability|p2a: Pheromosa|Beast Boost|boost\n|-boost|p2a: Pheromosa|atk|1\n|-hitcount|p1: Cyclizar|3\n|\n|upkeep\n|\n|t:|1700176530\n|switch|p1a: Baxcalibur|Baxcalibur, F|100\/100\n|turn|2\n|\n|t:|1700176534\n|switch|p2a: Zamazenta|Zamazenta-Crowned|100\/100\n|-ability|p2a: Zamazenta|Dauntless Shield|boost\n|-boost|p2a: Zamazenta|def|1\n|move|p1a: Baxcalibur|Scale Shot|p2a: Zamazenta\n|-resisted|p2a: Zamazenta\n|-damage|p2a: Zamazenta|97\/100\n|-resisted|p2a: Zamazenta\n|-crit|p2a: Zamazenta\n|-damage|p2a: Zamazenta|90\/100\n|-resisted|p2a: Zamazenta\n|-damage|p2a: Zamazenta|87\/100\n|-resisted|p2a: Zamazenta\n|-damage|p2a: Zamazenta|84\/100\n|-hitcount|p2a: Zamazenta|4\n|-unboost|p1a: Baxcalibur|def|1\n|-boost|p1a: Baxcalibur|spe|1\n|\n|upkeep\n|turn|3\n|\n|t:|1700176545\n|switch|p1a: Eternatus|Eternatus|100\/100\n|-ability|p1a: Eternatus|Pressure\n|move|p2a: Zamazenta|Iron Defense|p2a: Zamazenta\n|-boost|p2a: Zamazenta|def|2\n|\n|upkeep\n|turn|4\n|\n|t:|1700176548\n|move|p1a: Eternatus|Flamethrower|p2a: Zamazenta\n|-supereffective|p2a: Zamazenta\n|-damage|p2a: Zamazenta|37\/100\n|move|p2a: Zamazenta|Substitute|p2a: Zamazenta\n|-start|p2a: Zamazenta|Substitute\n|-damage|p2a: Zamazenta|12\/100\n|\n|upkeep\n|turn|5\n|\n|t:|1700176551\n|move|p1a: Eternatus|Flamethrower|p2a: Zamazenta\n|-supereffective|p2a: Zamazenta\n|-end|p2a: Zamazenta|Substitute\n|move|p2a: Zamazenta|Body Press|p1a: Eternatus\n|-resisted|p1a: Eternatus\n|-damage|p1a: Eternatus|59\/100\n|\n|-heal|p1a: Eternatus|65\/100|[from] item: Black Sludge\n|upkeep\n|turn|6\n|\n|t:|1700176554\n|move|p1a: Eternatus|Flamethrower|p2a: Zamazenta\n|-supereffective|p2a: Zamazenta\n|-damage|p2a: Zamazenta|0 fnt\n|faint|p2a: Zamazenta\n|\n|-heal|p1a: Eternatus|72\/100|[from] item: Black Sludge\n|upkeep\n|\n|t:|1700176559\n|switch|p2a: Urshifu|Urshifu, F|100\/100\n|turn|7\n|\n|t:|1700176568\n|move|p1a: Eternatus|Dynamax Cannon|p2a: Urshifu\n|-damage|p2a: Urshifu|13\/100\n|move|p2a: Urshifu|Wicked Blow|p1a: Eternatus\n|-crit|p1a: Eternatus\n|-damage|p1a: Eternatus|17\/100\n|\n|-heal|p1a: Eternatus|23\/100|[from] item: Black Sludge\n|upkeep\n|turn|8\n|\n|t:|1700176574\n|move|p1a: Eternatus|Recover|p1a: Eternatus\n|-heal|p1a: Eternatus|73\/100\n|-zpower|p2a: Urshifu\n|move|p2a: Urshifu|Black Hole Eclipse|p1a: Eternatus|[zeffect]\n|-damage|p1a: Eternatus|7\/100\n|\n|-heal|p1a: Eternatus|14\/100|[from] item: Black Sludge\n|upkeep\n|turn|9\n|\n|t:|1700176578\n|move|p1a: Eternatus|Dynamax Cannon|p2a: Urshifu\n|-damage|p2a: Urshifu|0 fnt\n|faint|p2a: Urshifu\n|\n|-heal|p1a: Eternatus|20\/100|[from] item: Black Sludge\n|upkeep\n|\n|t:|1700176583\n|switch|p2a: Pheromosa|Pheromosa|100\/100\n|turn|10\n|j|+bruised thighs\u2661\n|\n|t:|1700176592\n|move|p2a: Pheromosa|Triple Axel|p1a: Eternatus\n|-supereffective|p1a: Eternatus\n|-damage|p1a: Eternatus|6\/100\n|-supereffective|p1a: Eternatus\n|-damage|p1a: Eternatus|0 fnt\n|faint|p1a: Eternatus\n|-ability|p2a: Pheromosa|Beast Boost|boost\n|-boost|p2a: Pheromosa|atk|1\n|-hitcount|p1: Eternatus|2\n|\n|upkeep\n|\n|t:|1700176601\n|switch|p1a: Baxcalibur|Baxcalibur, F|100\/100\n|turn|11\n|\n|t:|1700176611\n|move|p2a: Pheromosa|Triple Axel|p1a: Baxcalibur\n|-damage|p1a: Baxcalibur|89\/100\n|-damage|p1a: Baxcalibur|65\/100\n|-damage|p1a: Baxcalibur|31\/100\n|-hitcount|p1a: Baxcalibur|3\n|move|p1a: Baxcalibur|Scale Shot|p2a: Pheromosa\n|-damage|p2a: Pheromosa|64\/100\n|-damage|p2a: Pheromosa|25\/100\n|-damage|p2a: Pheromosa|0 fnt\n|faint|p2a: Pheromosa\n|-hitcount|p2: Pheromosa|3\n|-unboost|p1a: Baxcalibur|def|1\n|-boost|p1a: Baxcalibur|spe|1\n|\n|upkeep\n|j| Pex Hater\n|\n|t:|1700176616\n|switch|p2a: Lucario|Lucario, M|100\/100\n|turn|12\n|\n|t:|1700176625\n|detailschange|p2a: Lucario|Lucario-Mega, M\n|-mega|p2a: Lucario|Lucario|Lucarionite\n|move|p2a: Lucario|Vacuum Wave|p1a: Baxcalibur\n|-supereffective|p1a: Baxcalibur\n|-damage|p1a: Baxcalibur|0 fnt\n|faint|p1a: Baxcalibur\n|\n|upkeep\n|\n|t:|1700176630\n|switch|p1a: Salamence|Salamence, F|100\/100\n|-ability|p1a: Salamence|Intimidate|boost\n|-unboost|p2a: Lucario|atk|1\n|turn|13\n|\n|t:|1700176659\n|detailschange|p1a: Salamence|Salamence-Mega, F\n|-mega|p1a: Salamence|Salamence|Salamencite\n|move|p1a: Salamence|Earthquake|p2a: Lucario\n|-supereffective|p2a: Lucario\n|-damage|p2a: Lucario|0 fnt\n|faint|p2a: Lucario\n|\n|upkeep\n|\n|t:|1700176663\n|switch|p2a: Annihilape|Annihilape, F|100\/100\n|turn|14\n|\n|t:|1700176667\n|move|p1a: Salamence|Frustration|p2a: Annihilape\n|-supereffective|p2a: Annihilape\n|-damage|p2a: Annihilape|0 fnt\n|faint|p2a: Annihilape\n|\n|upkeep\n|\n|t:|1700176670\n|switch|p2a: Arceus|Arceus-Fighting|100\/100\n|turn|15\n|\n|t:|1700176673\n|move|p1a: Salamence|Frustration|p2a: Arceus\n|-supereffective|p2a: Arceus\n|-damage|p2a: Arceus|0 fnt\n|faint|p2a: Arceus\n|\n|win|Hyjinks\n|n|\u2606Hyjinks|hyjinks\n|n|\u2606schwipper|schwipper\n|n| Franko159|franko159\n|n| boomp11|boomp11\n|n| bruised thighs\u2661|bruisedthighs\n|n| Pex Hater|pexhater\n|l|\u2606schwipper\n|l| boomp11\n","uploadtime":1700176680,"views":9,"p1id":"hyjinks","p2id":"schwipper","formatid":"gen9nationaldexubers","rating":0,"private":0,"password":""}