{"id":"gen9nationaldexubers-1984337520","p1":"aplestick","p2":"goobiathan","format":"[Gen 9] National Dex Ubers","log":"|j|\u2606aplestick\n|j|\u2606goobiathan\n|t:|1699245734\n|gametype|singles\n|player|p1|aplestick|rood|\n|player|p2|goobiathan|n|\n|teamsize|p1|6\n|teamsize|p2|6\n|gen|9\n|tier|[Gen 9] National Dex Ubers\n|rule|HP Percentage Mod: HP is shown in percentages\n|rule|Endless Battle Clause: Forcing endless battles is banned\n|rule|OHKO Clause: OHKO moves are banned\n|rule|Evasion Moves Clause: Evasion moves are banned\n|rule|Evasion Items Clause: Evasion items are banned\n|rule|Species Clause: Limit one of each Pok\u00e9mon\n|rule|Sleep Clause Mod: Limit one foe put to sleep\n|rule|Mega Rayquaza Clause: You cannot mega evolve Rayquaza\n|clearpoke\n|poke|p1|Tapu Koko|\n|poke|p1|Aerodactyl, M|\n|poke|p1|Veluza, M|\n|poke|p1|Cursola, M|\n|poke|p1|Annihilape, F|\n|poke|p1|Galvantula, F|\n|poke|p2|Scream Tail|\n|poke|p2|Silvally-*|\n|poke|p2|Urshifu-*, M|\n|poke|p2|Kommo-o, M|\n|poke|p2|Charizard, F|\n|poke|p2|Ninetales, M|\n|teampreview\n|\n|t:|1699245788\n|start\n|switch|p1a: Galvantula|Galvantula, F|100\/100\n|switch|p2a: Urshifu|Urshifu-Rapid-Strike, M|100\/100\n|turn|1\n|c|\u2606goobiathan|This is so fucked up.\n|j| Flameswrath\n|\n|t:|1699245822\n|switch|p2a: Ninetales|Ninetales, M|100\/100\n|-weather|SunnyDay|[from] ability: Drought|[of] p2a: Ninetales\n|move|p1a: Galvantula|Electroweb|p2a: Ninetales\n|-damage|p2a: Ninetales|67\/100\n|-unboost|p2a: Ninetales|spe|1\n|\n|-weather|SunnyDay|[upkeep]\n|upkeep\n|turn|2\n|j| xdd-Rayleigh\n|\n|t:|1699245833\n|move|p1a: Galvantula|Sticky Web|p2a: Ninetales\n|-sidestart|p2: goobiathan|move: Sticky Web\n|move|p2a: Ninetales|Weather Ball|p1a: Galvantula\n|-supereffective|p1a: Galvantula\n|-enditem|p1a: Galvantula|Focus Sash\n|-damage|p1a: Galvantula|1\/100\n|\n|-weather|SunnyDay|[upkeep]\n|upkeep\n|turn|3\n|\n|t:|1699245841\n|move|p1a: Galvantula|Thunder Wave|p2a: Ninetales|[miss]\n|-miss|p1a: Galvantula|p2a: Ninetales\n|move|p2a: Ninetales|Weather Ball|p1a: Galvantula\n|-supereffective|p1a: Galvantula\n|-damage|p1a: Galvantula|0 fnt\n|faint|p1a: Galvantula\n|\n|-weather|SunnyDay|[upkeep]\n|upkeep\n|\n|t:|1699245898\n|switch|p1a: Aerodactyl|Aerodactyl, M, shiny|100\/100\n|turn|4\n|j| The23rdPower\n|c|\u2606aplestick|Give me strength 23rd\n|\n|t:|1699245960\n|switch|p2a: Scream Tail|Scream Tail|100\/100\n|-activate|p2a: Scream Tail|move: Sticky Web\n|-unboost|p2a: Scream Tail|spe|1\n|-activate|p2a: Scream Tail|ability: Protosynthesis\n|-start|p2a: Scream Tail|protosynthesisspd\n|detailschange|p1a: Aerodactyl|Aerodactyl-Mega, M, shiny\n|-mega|p1a: Aerodactyl|Aerodactyl|Aerodactylite\n|move|p1a: Aerodactyl|Dragon Dance|p1a: Aerodactyl\n|-boost|p1a: Aerodactyl|atk|1\n|-boost|p1a: Aerodactyl|spe|1\n|\n|-weather|SunnyDay|[upkeep]\n|upkeep\n|turn|5\n|c| The23rdPower|Farm him Stick\n|c| The23rdPower|Gg\n|c|\u2606goobiathan|Oh no.\n|\n|t:|1699245991\n|move|p1a: Aerodactyl|Stone Edge|p2a: Scream Tail\n|-damage|p2a: Scream Tail|25\/100\n|move|p2a: Scream Tail|Reflect|p2a: Scream Tail\n|-sidestart|p2: goobiathan|Reflect\n|\n|-weather|none\n|-end|p2a: Scream Tail|Protosynthesis\n|upkeep\n|turn|6\n|\n|t:|1699246001\n|move|p1a: Aerodactyl|Dual Wingbeat|p2a: Scream Tail\n|-damage|p2a: Scream Tail|6\/100\n|-damage|p2a: Scream Tail|0 fnt\n|faint|p2a: Scream Tail\n|-end|p2a: Scream Tail|Protosynthesis|[silent]\n|-hitcount|p2: Scream Tail|2\n|\n|upkeep\n|\n|t:|1699246007\n|switch|p2a: Silvally|Silvally|100\/100\n|-activate|p2a: Silvally|move: Sticky Web\n|-unboost|p2a: Silvally|spe|1\n|turn|7\n|j| danbultheman\n|c| danbultheman|Guh\n|\n|t:|1699246021\n|switch|p1a: Cursola|Cursola, M, shiny|100\/100\n|move|p2a: Silvally|Explosion|p1a: Cursola\n|-immune|p1a: Cursola\n|faint|p2a: Silvally\n|\n|upkeep\n|c| xdd-Rayleigh|...\n|c|\u2606aplestick|lmao\n|c|\u2606goobiathan|Ight gg man\n|c| danbultheman|NOO\n|c| Flameswrath|Ah.\n|\n|t:|1699246042\n|switch|p2a: Kommo-o|Kommo-o, M|100\/100\n|-activate|p2a: Kommo-o|move: Sticky Web\n|-unboost|p2a: Kommo-o|spe|1\n|turn|8\n|c|\u2606aplestick|Shout-out cursola his first game\n|\n|t:|1699246054\n|move|p2a: Kommo-o|Clangorous Soul|p2a: Kommo-o\n|-boost|p2a: Kommo-o|atk|1\n|-boost|p2a: Kommo-o|def|1\n|-boost|p2a: Kommo-o|spa|1\n|-boost|p2a: Kommo-o|spd|1\n|-boost|p2a: Kommo-o|spe|1\n|-damage|p2a: Kommo-o|68\/100\n|-enditem|p2a: Kommo-o|Throat Spray\n|-boost|p2a: Kommo-o|spa|1|[from] item: Throat Spray\n|move|p1a: Cursola|Will-O-Wisp|p2a: Kommo-o|[miss]\n|-miss|p1a: Cursola|p2a: Kommo-o\n|\n|upkeep\n|turn|9\n|c|\u2606goobiathan|the one game I try to be funny\n|\n|t:|1699246069\n|move|p2a: Kommo-o|Clangorous Soul|p2a: Kommo-o\n|-boost|p2a: Kommo-o|atk|1\n|-boost|p2a: Kommo-o|def|1\n|-boost|p2a: Kommo-o|spa|1\n|-boost|p2a: Kommo-o|spd|1\n|-boost|p2a: Kommo-o|spe|1\n|-damage|p2a: Kommo-o|35\/100\n|move|p1a: Cursola|Will-O-Wisp|p2a: Kommo-o\n|-status|p2a: Kommo-o|brn\n|\n|-damage|p2a: Kommo-o|28\/100 brn|[from] brn\n|upkeep\n|turn|10\n|\n|t:|1699246080\n|move|p2a: Kommo-o|Clanging Scales|p1a: Cursola\n|-damage|p1a: Cursola|21\/100\n|-unboost|p2a: Kommo-o|def|1\n|move|p1a: Cursola|Strength Sap|p2a: Kommo-o\n|-unboost|p2a: Kommo-o|atk|1\n|-heal|p1a: Cursola|100\/100\n|\n|-damage|p2a: Kommo-o|22\/100 brn|[from] brn\n|upkeep\n|turn|11\n|c| The23rdPower|Wew\n|c|\u2606goobiathan|why are you so fat\n|\n|t:|1699246097\n|move|p2a: Kommo-o|Clanging Scales|p1a: Cursola\n|-damage|p1a: Cursola|9\/100\n|-unboost|p2a: Kommo-o|def|1\n|move|p1a: Cursola|Strength Sap|p2a: Kommo-o\n|-unboost|p2a: Kommo-o|atk|1\n|-heal|p1a: Cursola|100\/100\n|\n|-damage|p2a: Kommo-o|16\/100 brn|[from] brn\n|upkeep\n|turn|12\n|\n|t:|1699246104\n|move|p2a: Kommo-o|Clanging Scales|p1a: Cursola\n|-damage|p1a: Cursola|17\/100\n|-unboost|p2a: Kommo-o|def|1\n|move|p1a: Cursola|Strength Sap|p2a: Kommo-o\n|-unboost|p2a: Kommo-o|atk|1\n|-heal|p1a: Cursola|96\/100\n|\n|-heal|p1a: Cursola|100\/100|[from] item: Leftovers\n|-damage|p2a: Kommo-o|10\/100 brn|[from] brn\n|-sideend|p2: goobiathan|Reflect\n|upkeep\n|turn|13\n|\n|t:|1699246118\n|move|p2a: Kommo-o|Clanging Scales|p1a: Cursola\n|-damage|p1a: Cursola|9\/100\n|-unboost|p2a: Kommo-o|def|1\n|move|p1a: Cursola|Strength Sap|p2a: Kommo-o\n|-unboost|p2a: Kommo-o|atk|1\n|-heal|p1a: Cursola|61\/100\n|\n|-heal|p1a: Cursola|67\/100|[from] item: Leftovers\n|-damage|p2a: Kommo-o|4\/100 brn|[from] brn\n|upkeep\n|turn|14\n|\n|t:|1699246129\n|move|p2a: Kommo-o|Clanging Scales|p1a: Cursola\n|-damage|p1a: Cursola|0 fnt\n|faint|p1a: Cursola\n|-unboost|p2a: Kommo-o|def|1\n|\n|-damage|p2a: Kommo-o|0 fnt|[from] brn\n|faint|p2a: Kommo-o\n|upkeep\n|c| Flameswrath|How on earth are you still doing normal damage jesus\n|\n|t:|1699246148\n|switch|p2a: Urshifu|Urshifu-Rapid-Strike, M|100\/100\n|switch|p1a: Aerodactyl|Aerodactyl-Mega, M, shiny|100\/100\n|-activate|p2a: Urshifu|move: Sticky Web\n|-unboost|p2a: Urshifu|spe|1\n|turn|15\n|\n|t:|1699246154\n|move|p1a: Aerodactyl|Dual Wingbeat|p2a: Urshifu\n|-supereffective|p2a: Urshifu\n|-damage|p2a: Urshifu|37\/100\n|-supereffective|p2a: Urshifu\n|-damage|p2a: Urshifu|0 fnt\n|faint|p2a: Urshifu\n|-hitcount|p2: Urshifu|2\n|\n|upkeep\n|\n|t:|1699246168\n|switch|p2a: Ninetales|Ninetales, M|67\/100\n|-activate|p2a: Ninetales|move: Sticky Web\n|-unboost|p2a: Ninetales|spe|1\n|-weather|SunnyDay|[from] ability: Drought|[of] p2a: Ninetales\n|turn|16\n|\n|t:|1699246183\n|move|p1a: Aerodactyl|Stone Edge|p2a: Ninetales\n|-supereffective|p2a: Ninetales\n|-damage|p2a: Ninetales|0 fnt\n|faint|p2a: Ninetales\n|\n|-weather|SunnyDay|[upkeep]\n|upkeep\n|\n|t:|1699246186\n|switch|p2a: Charizard|Charizard, F|100\/100\n|turn|17\n|j| Standjeezy\n|c|\u2606goobiathan|gg\n|c|\u2606aplestick|If I miss this stone edge I'll kill myself\n|\n|t:|1699246220\n|detailschange|p2a: Charizard|Charizard-Mega-X, F\n|-mega|p2a: Charizard|Charizard|Charizardite X\n|move|p1a: Aerodactyl|Stone Edge|p2a: Charizard\n|-supereffective|p2a: Charizard\n|-damage|p2a: Charizard|0 fnt\n|faint|p2a: Charizard\n|\n|win|aplestick\n|c|\u2606aplestick|Gg\n|l|\u2606goobiathan\n|l| Standjeezy\n|l|\u2606aplestick\n|l| danbultheman\n|l| xdd-Rayleigh\n|l| Flameswrath\n|j|\u2606goobiathan\n|player|p2|goobiathan|n\n|j| xdd-Rayleigh\n|l| xdd-Rayleigh\n|j|\u2606aplestick\n|player|p1|aplestick|rood\n","uploadtime":1699246428,"views":10,"p1id":"aplestick","p2id":"goobiathan","formatid":"gen9nationaldexubers","rating":0,"private":0,"password":""}