{"id":"gen9nationaldexubers-1998919453","p1":"Just B3A$T","p2":"SCARCITY25","format":"[Gen 9] National Dex Ubers","log":"|j|\u2606Just B3A$T\n|j|\u2606SCARCITY25\n|t:|1701013099\n|gametype|singles\n|player|p1|Just B3A$T|noland|\n|player|p2|SCARCITY25|cynthia-gen4|\n|teamsize|p1|6\n|teamsize|p2|6\n|gen|9\n|tier|[Gen 9] National Dex Ubers\n|rule|HP Percentage Mod: HP is shown in percentages\n|rule|Endless Battle Clause: Forcing endless battles is banned\n|rule|OHKO Clause: OHKO moves are banned\n|rule|Evasion Moves Clause: Evasion moves are banned\n|rule|Evasion Items Clause: Evasion items are banned\n|rule|Species Clause: Limit one of each Pok\u00e9mon\n|rule|Sleep Clause Mod: Limit one foe put to sleep\n|rule|Mega Rayquaza Clause: You cannot mega evolve Rayquaza\n|clearpoke\n|poke|p1|Lopunny, F|\n|poke|p1|Ogerpon-Wellspring, F|\n|poke|p1|Dragapult, M|\n|poke|p1|Regieleki|\n|poke|p1|Runerigus, M|\n|poke|p1|Heatran, M|\n|poke|p2|Altaria, F|\n|poke|p2|Dialga|\n|poke|p2|Lopunny, F|\n|poke|p2|Kommo-o, F|\n|poke|p2|Latios, M|\n|poke|p2|Dragonite, F|\n|teampreview\n|inactive|Battle timer is ON: inactive players will automatically lose when time's up. (requested by Just B3A$T)\n|c|\u2606SCARCITY25|glhf\n|c|\u2606Just B3A$T|u2\n|c|\u2606Just B3A$T|MAlt\n|c|\u2606Just B3A$T|interesting\n|inactive|SCARCITY25 has 270 seconds left.\n|\n|t:|1701013132\n|start\n|switch|p1a: ripped power cord|Regieleki|100\/100\n|switch|p2a: Dialga|Dialga|100\/100\n|-ability|p2a: Dialga|Pressure\n|turn|1\n|\n|t:|1701013136\n|move|p1a: ripped power cord|Volt Switch|p2a: Dialga\n|-resisted|p2a: Dialga\n|-damage|p2a: Dialga|80\/100\n|\n|t:|1701013140\n|switch|p1a: Steampunk|Heatran, M|100\/100|[from] Volt Switch\n|-item|p1a: Steampunk|Air Balloon\n|move|p2a: Dialga|Stealth Rock|p1a: Steampunk\n|-sidestart|p1: Just B3A$T|move: Stealth Rock\n|\n|upkeep\n|turn|2\n|\n|t:|1701013166\n|move|p2a: Dialga|Dragon Pulse|p1a: Steampunk\n|-resisted|p1a: Steampunk\n|-crit|p1a: Steampunk\n|-damage|p1a: Steampunk|75\/100\n|-enditem|p1a: Steampunk|Air Balloon\n|move|p1a: Steampunk|Taunt|p2a: Dialga\n|-start|p2a: Dialga|move: Taunt\n|\n|upkeep\n|turn|3\n|\n|t:|1701013172\n|move|p2a: Dialga|Earth Power|p1a: Steampunk\n|-supereffective|p1a: Steampunk\n|-damage|p1a: Steampunk|0 fnt\n|faint|p1a: Steampunk\n|\n|upkeep\n|c|\u2606Just B3A$T|it does have ep\n|c|\u2606Just B3A$T|right\n|\n|t:|1701013193\n|switch|p1a: Furry|Lopunny, F, shiny|100\/100\n|-damage|p1a: Furry|88\/100|[from] Stealth Rock\n|turn|4\n|\n|t:|1701013199\n|detailschange|p1a: Furry|Lopunny-Mega, F, shiny\n|-mega|p1a: Furry|Lopunny|Lopunnite\n|move|p1a: Furry|Substitute|p1a: Furry\n|-start|p1a: Furry|Substitute\n|-damage|p1a: Furry|64\/100\n|move|p2a: Dialga|Dragon Pulse|p1a: Furry\n|-end|p1a: Furry|Substitute\n|\n|upkeep\n|turn|5\n|\n|t:|1701013203\n|move|p1a: Furry|High Jump Kick|p2a: Dialga\n|-supereffective|p2a: Dialga\n|-enditem|p2a: Dialga|Chople Berry|[eat]\n|-enditem|p2a: Dialga|Chople Berry|[weaken]\n|-damage|p2a: Dialga|19\/100\n|move|p2a: Dialga|Dragon Pulse|p1a: Furry\n|-damage|p1a: Furry|1\/100\n|\n|-end|p2a: Dialga|move: Taunt\n|upkeep\n|turn|6\n|\n|t:|1701013211\n|move|p1a: Furry|High Jump Kick|p2a: Dialga\n|-supereffective|p2a: Dialga\n|-damage|p2a: Dialga|0 fnt\n|faint|p2a: Dialga\n|\n|upkeep\n|\n|t:|1701013214\n|switch|p2a: Lopunny|Lopunny, F|100\/100\n|turn|7\n|\n|t:|1701013218\n|switch|p1a: Apophis|Runerigus, M, shiny|100\/100\n|-damage|p1a: Apophis|95\/100|[from] Stealth Rock\n|detailschange|p2a: Lopunny|Lopunny-Mega, F\n|-mega|p2a: Lopunny|Lopunny|Lopunnite\n|move|p2a: Lopunny|Fake Out|p1a: Apophis\n|-damage|p1a: Apophis|80\/100\n|-activate|p1a: Apophis|ability: Wandering Spirit|Scrappy|Wandering Spirit|[of] p2a: Lopunny\n|\n|upkeep\n|turn|8\n|\n|t:|1701013227\n|switch|p2a: Latios|Latios, M|100\/100\n|move|p1a: Apophis|Will-O-Wisp|p2a: Latios|[miss]\n|-miss|p1a: Apophis|p2a: Latios\n|\n|upkeep\n|turn|9\n|\n|t:|1701013231\n|move|p2a: Latios|Light Screen|p2a: Latios\n|-sidestart|p2: SCARCITY25|move: Light Screen\n|move|p1a: Apophis|Trick|p2a: Latios\n|-activate|p1a: Apophis|move: Trick|[of] p2a: Latios\n|-item|p2a: Latios|Lagging Tail|[from] move: Trick\n|-item|p1a: Apophis|Haban Berry|[from] move: Trick\n|\n|upkeep\n|turn|10\n|\n|t:|1701013234\n|move|p1a: Apophis|Stealth Rock|p2a: Latios\n|-sidestart|p2: SCARCITY25|move: Stealth Rock\n|move|p2a: Latios|Reflect|p2a: Latios\n|-sidestart|p2: SCARCITY25|Reflect\n|\n|upkeep\n|turn|11\n|\n|t:|1701013238\n|move|p1a: Apophis|Will-O-Wisp|p2a: Latios\n|-status|p2a: Latios|brn\n|move|p2a: Latios|Memento|p1a: Apophis\n|-unboost|p1a: Apophis|atk|2\n|-unboost|p1a: Apophis|spa|2\n|faint|p2a: Latios\n|\n|upkeep\n|\n|t:|1701013241\n|switch|p2a: Kommo-o|Kommo-o, F|100\/100\n|-damage|p2a: Kommo-o|94\/100|[from] Stealth Rock\n|turn|12\n|\n|t:|1701013255\n|-zpower|p2a: Kommo-o\n|move|p2a: Kommo-o|Clangorous Soulblaze|p1a: Apophis|[zeffect]\n|-damage|p1a: Apophis|0 fnt\n|faint|p1a: Apophis\n|-boost|p2a: Kommo-o|atk|1\n|-boost|p2a: Kommo-o|def|1\n|-boost|p2a: Kommo-o|spa|1\n|-boost|p2a: Kommo-o|spd|1\n|-boost|p2a: Kommo-o|spe|1\n|\n|upkeep\n|\n|t:|1701013263\n|switch|p1a: ripped power cord|Regieleki|100\/100\n|turn|13\n|\n|t:|1701013266\n|move|p1a: ripped power cord|Thunder Wave|p2a: Kommo-o\n|-status|p2a: Kommo-o|par\n|move|p2a: Kommo-o|Scale Shot|p1a: ripped power cord\n|-damage|p1a: ripped power cord|75\/100\n|-damage|p1a: ripped power cord|46\/100\n|-damage|p1a: ripped power cord|17\/100\n|-hitcount|p1a: ripped power cord|3\n|-unboost|p2a: Kommo-o|def|1\n|-boost|p2a: Kommo-o|spe|1\n|\n|-sideend|p2: SCARCITY25|move: Light Screen\n|upkeep\n|turn|14\n|\n|t:|1701013277\n|move|p1a: ripped power cord|Rapid Spin|p2a: Kommo-o\n|-damage|p2a: Kommo-o|89\/100 par\n|-boost|p1a: ripped power cord|spe|1\n|-sideend|p1: Just B3A$T|Stealth Rock|[from] move: Rapid Spin|[of] p1a: ripped power cord\n|move|p2a: Kommo-o|Scale Shot|p1a: ripped power cord\n|-damage|p1a: ripped power cord|0 fnt\n|faint|p1a: ripped power cord\n|-hitcount|p1: ripped power cord|1\n|-unboost|p2a: Kommo-o|def|1\n|-boost|p2a: Kommo-o|spe|1\n|\n|-sideend|p2: SCARCITY25|Reflect\n|upkeep\n|\n|t:|1701013281\n|switch|p1a: Furry|Lopunny-Mega, F, shiny|1\/100\n|turn|15\n|\n|t:|1701013284\n|move|p1a: Furry|High Jump Kick|p2a: Kommo-o\n|-damage|p2a: Kommo-o|0 fnt\n|faint|p2a: Kommo-o\n|\n|upkeep\n|\n|t:|1701013298\n|switch|p2a: Lopunny|Lopunny-Mega, F|100\/100\n|-damage|p2a: Lopunny|95\/100|[from] Stealth Rock\n|turn|16\n|\n|t:|1701013303\n|move|p2a: Lopunny|Fake Out|p1a: Furry\n|-crit|p1a: Furry\n|-damage|p1a: Furry|0 fnt\n|faint|p1a: Furry\n|\n|upkeep\n|\n|t:|1701013308\n|switch|p1a: child exploiter|Dragapult, M, shiny|100\/100\n|turn|17\n|\n|t:|1701013319\n|move|p1a: child exploiter|Draco Meteor|p2a: Lopunny\n|-damage|p2a: Lopunny|0 fnt\n|-unboost|p1a: child exploiter|spa|2\n|faint|p2a: Lopunny\n|\n|upkeep\n|\n|t:|1701013325\n|switch|p2a: Altaria|Altaria, F|100\/100\n|-damage|p2a: Altaria|76\/100|[from] Stealth Rock\n|turn|18\n|c|\u2606SCARCITY25|wait\n|c|\u2606SCARCITY25|HAHAHAHAHHAHAH\n|c|\u2606Just B3A$T|what\n|c|\u2606SCARCITY25|I DIDNT THINK THIS THROUGH\n|c|\u2606SCARCITY25|IM MEGA\n|c|\u2606SCARCITY25|BUT I ALR MEGAD\n|c|\u2606Just B3A$T|oh yeah\n|inactive|Just B3A$T has 270 seconds left.\n|c|\u2606Just B3A$T|didnt realise that myself\n|\n|t:|1701013356\n|switch|p1a: It's Oger For You!|Ogerpon-Wellspring, F|100\/100\n|move|p2a: Altaria|Dragon Dance|p2a: Altaria\n|-boost|p2a: Altaria|atk|1\n|-boost|p2a: Altaria|spe|1\n|\n|upkeep\n|turn|19\n|\n|t:|1701013362\n|move|p2a: Altaria|Play Rough|p1a: It's Oger For You!\n|-damage|p1a: It's Oger For You!|57\/100\n|move|p1a: It's Oger For You!|Play Rough|p2a: Altaria\n|-supereffective|p2a: Altaria\n|-damage|p2a: Altaria|0 fnt\n|faint|p2a: Altaria\n|\n|upkeep\n|\n|t:|1701013368\n|switch|p2a: Dragonite|Dragonite, F|100\/100\n|turn|20\n|c|\u2606Just B3A$T|welp\n|c|\u2606Just B3A$T|gg\n|\n|t:|1701013372\n|move|p1a: It's Oger For You!|Play Rough|p2a: Dragonite\n|-supereffective|p2a: Dragonite\n|-damage|p2a: Dragonite|22\/100\n|move|p2a: Dragonite|Dragon Dance|p2a: Dragonite\n|-boost|p2a: Dragonite|atk|1\n|-boost|p2a: Dragonite|spe|1\n|\n|upkeep\n|turn|21\n|\n|t:|1701013377\n|move|p2a: Dragonite|Dual Wingbeat|p1a: It's Oger For You!\n|-supereffective|p1a: It's Oger For You!\n|-damage|p1a: It's Oger For You!|0 fnt\n|faint|p1a: It's Oger For You!\n|-hitcount|p1: It's Oger For You!|1\n|\n|upkeep\n|c|\u2606Just B3A$T|unless\n|\n|t:|1701013382\n|switch|p1a: child exploiter|Dragapult, M, shiny|100\/100\n|turn|22\n|c|\u2606Just B3A$T|i prob lose\n|c|\u2606SCARCITY25|I dont have a dragon move\n|c|\u2606Just B3A$T|ngl\n|c|\u2606SCARCITY25|this might live\n|c|\u2606Just B3A$T|dwb is stronk tho\n|\n|t:|1701013402\n|move|p2a: Dragonite|Dual Wingbeat|p1a: child exploiter|[miss]\n|-miss|p2a: Dragonite|p1a: child exploiter\n|move|p1a: child exploiter|Shadow Ball|p2a: Dragonite\n|-damage|p2a: Dragonite|0 fnt\n|faint|p2a: Dragonite\n|\n|win|Just B3A$T\n|c|\u2606Just B3A$T|LMAOOOOO\n|c|\u2606SCARCITY25|well thats one way\n|c|\u2606SCARCITY25|LMAOOOOOO\n|c|\u2606SCARCITY25|ggs\n|c|\u2606Just B3A$T|ill take it\n|c|\u2606Just B3A$T|gg\n","uploadtime":1701013421,"views":4,"p1id":"justb3at","p2id":"scarcity25","formatid":"gen9nationaldexubers","rating":0,"private":0,"password":""}