{"id":"gen9nationaldexubers-1983182118","p1":"Ufid","p2":"Chaitanya15","format":"[Gen 9] National Dex Ubers","log":"|j|\u2606Ufid\n|j|\u2606Chaitanya15\n|t:|1699101688\n|gametype|singles\n|player|p1|Ufid|2|1476\n|player|p2|Chaitanya15|2|1446\n|teamsize|p1|6\n|teamsize|p2|6\n|gen|9\n|tier|[Gen 9] National Dex Ubers\n|rated|\n|rule|HP Percentage Mod: HP is shown in percentages\n|rule|Endless Battle Clause: Forcing endless battles is banned\n|rule|OHKO Clause: OHKO moves are banned\n|rule|Evasion Moves Clause: Evasion moves are banned\n|rule|Evasion Items Clause: Evasion items are banned\n|rule|Species Clause: Limit one of each Pok\u00e9mon\n|rule|Sleep Clause Mod: Limit one foe put to sleep\n|rule|Mega Rayquaza Clause: You cannot mega evolve Rayquaza\n|clearpoke\n|poke|p1|Murkrow, F|\n|poke|p1|Darmanitan-Galar, F|\n|poke|p1|Zacian-*|\n|poke|p1|Kangaskhan, F|\n|poke|p1|Groudon|\n|poke|p1|Marshadow|\n|poke|p2|Kingambit, F|\n|poke|p2|Basculegion, M|\n|poke|p2|Pikachu, F|\n|poke|p2|Kyogre|\n|poke|p2|Flutter Mane|\n|poke|p2|Deoxys-Speed|\n|teampreview\n|\n|t:|1699101700\n|start\n|switch|p1a: Darmanitan|Darmanitan-Galar, F|100\/100\n|switch|p2a: Deoxys|Deoxys-Speed|100\/100\n|-ability|p2a: Deoxys|Pressure\n|turn|1\n|\n|t:|1699101708\n|move|p2a: Deoxys|Stealth Rock|p1a: Darmanitan\n|-sidestart|p1: Ufid|move: Stealth Rock\n|move|p1a: Darmanitan|U-turn|p2a: Deoxys\n|-supereffective|p2a: Deoxys\n|-enditem|p2a: Deoxys|Focus Sash\n|-damage|p2a: Deoxys|1\/100\n|\n|t:|1699101712\n|switch|p1a: Murkrow|Murkrow, F|100\/100|[from] U-turn\n|-damage|p1a: Murkrow|75\/100|[from] Stealth Rock\n|\n|upkeep\n|turn|2\n|inactive|Battle timer is ON: inactive players will automatically lose when time's up. (requested by Chaitanya15)\n|\n|t:|1699101720\n|switch|p2a: Kingambit|Kingambit, F|100\/100\n|move|p1a: Murkrow|Toxic|p2a: Kingambit\n|-hint|Since gen 7, Dark is immune to Prankster moves.\n|-immune|p2a: Kingambit\n|\n|upkeep\n|turn|3\n|\n|t:|1699101744\n|switch|p1a: Kangaskhan|Kangaskhan, F|100\/100\n|-damage|p1a: Kangaskhan|88\/100|[from] Stealth Rock\n|move|p2a: Kingambit|Swords Dance|p2a: Kingambit\n|-boost|p2a: Kingambit|atk|2\n|\n|upkeep\n|turn|4\n|\n|t:|1699101753\n|detailschange|p1a: Kangaskhan|Kangaskhan-Mega, F\n|-mega|p1a: Kangaskhan|Kangaskhan|Kangaskhanite\n|move|p1a: Kangaskhan|Drain Punch|p2a: Kingambit\n|-supereffective|p2a: Kingambit\n|-damage|p2a: Kingambit|26\/100\n|-heal|p1a: Kangaskhan|100\/100|[from] drain|[of] p2a: Kingambit\n|-supereffective|p2a: Kingambit\n|-crit|p2a: Kingambit\n|-damage|p2a: Kingambit|0 fnt\n|faint|p2a: Kingambit\n|-end|p2a: Kingambit|fallenundefined|[silent]\n|-hitcount|p2: Kingambit|2\n|\n|upkeep\n|\n|t:|1699101772\n|switch|p2a: Deoxys|Deoxys-Speed|1\/100\n|-ability|p2a: Deoxys|Pressure\n|turn|5\n|\n|t:|1699101779\n|move|p1a: Kangaskhan|Sucker Punch||[still]\n|-fail|p1a: Kangaskhan\n|move|p2a: Deoxys|Spikes|p1a: Kangaskhan\n|-sidestart|p1: Ufid|Spikes\n|\n|upkeep\n|turn|6\n|\n|t:|1699101785\n|move|p2a: Deoxys|Spikes|p1a: Kangaskhan\n|-sidestart|p1: Ufid|Spikes\n|move|p1a: Kangaskhan|Facade|p2a: Deoxys\n|-damage|p2a: Deoxys|0 fnt\n|faint|p2a: Deoxys\n|-hitcount|p2: Deoxys|1\n|\n|upkeep\n|\n|t:|1699101793\n|switch|p2a: Pikachu|Pikachu, F|100\/100\n|turn|7\n|\n|t:|1699101797\n|move|p2a: Pikachu|Fake Out|p1a: Kangaskhan\n|-damage|p1a: Kangaskhan|87\/100\n|cant|p1a: Kangaskhan|flinch\n|\n|upkeep\n|turn|8\n|\n|t:|1699101804\n|move|p2a: Pikachu|Extreme Speed|p1a: Kangaskhan\n|-damage|p1a: Kangaskhan|62\/100\n|move|p1a: Kangaskhan|Drain Punch|p2a: Pikachu\n|-damage|p2a: Pikachu|7\/100\n|-heal|p1a: Kangaskhan|86\/100|[from] drain|[of] p2a: Pikachu\n|-damage|p2a: Pikachu|0 fnt\n|-heal|p1a: Kangaskhan|87\/100|[from] drain|[of] p2a: Pikachu\n|faint|p2a: Pikachu\n|-hitcount|p2: Pikachu|2\n|\n|upkeep\n|\n|t:|1699101820\n|switch|p2a: Kyogre|Kyogre|100\/100\n|-weather|RainDance|[from] ability: Drizzle|[of] p2a: Kyogre\n|turn|9\n|\n|t:|1699101825\n|move|p2a: Kyogre|Water Spout|p1a: Kangaskhan\n|-crit|p1a: Kangaskhan\n|-damage|p1a: Kangaskhan|0 fnt\n|faint|p1a: Kangaskhan\n|\n|-weather|RainDance|[upkeep]\n|upkeep\n|\n|t:|1699101828\n|switch|p1a: Murkrow|Murkrow, F|75\/100\n|-damage|p1a: Murkrow|50\/100|[from] Stealth Rock\n|turn|10\n|\n|t:|1699101837\n|move|p1a: Murkrow|Defog|p2a: Kyogre\n|-unboost|p2a: Kyogre|evasion|1\n|-sideend|p1: Ufid|Spikes|[from] move: Defog|[of] p1a: Murkrow\n|-sideend|p1: Ufid|Stealth Rock|[from] move: Defog|[of] p1a: Murkrow\n|move|p2a: Kyogre|Water Spout|p1a: Murkrow\n|-damage|p1a: Murkrow|0 fnt\n|faint|p1a: Murkrow\n|\n|-weather|RainDance|[upkeep]\n|upkeep\n|\n|t:|1699101839\n|switch|p1a: Groudon|Groudon|100\/100\n|detailschange|p1a: Groudon|Groudon-Primal\n|-primal|p1a: Groudon|Red Orb\n|-weather|DesolateLand|[from] ability: Desolate Land|[of] p1a: Groudon\n|turn|11\n|\n|t:|1699101852\n|switch|p2a: Flutter Mane|Flutter Mane|100\/100\n|-enditem|p2a: Flutter Mane|Booster Energy\n|-activate|p2a: Flutter Mane|ability: Protosynthesis|[fromitem]\n|-start|p2a: Flutter Mane|protosynthesisspe\n|move|p1a: Groudon|Solar Beam||[still]\n|-prepare|p1a: Groudon|Solar Beam\n|-anim|p1a: Groudon|Solar Beam|p2a: Flutter Mane\n|-damage|p2a: Flutter Mane|43\/100\n|\n|-weather|DesolateLand|[upkeep]\n|upkeep\n|turn|12\n|\n|t:|1699101865\n|-weather|none\n|switch|p1a: Marshadow|Marshadow|100\/100\n|move|p2a: Flutter Mane|Shadow Ball|p1a: Marshadow\n|-supereffective|p1a: Marshadow\n|-damage|p1a: Marshadow|2\/100\n|\n|upkeep\n|turn|13\n|\n|t:|1699101874\n|move|p1a: Marshadow|Shadow Sneak|p2a: Flutter Mane\n|-supereffective|p2a: Flutter Mane\n|-damage|p2a: Flutter Mane|0 fnt\n|faint|p2a: Flutter Mane\n|-end|p2a: Flutter Mane|Protosynthesis|[silent]\n|\n|upkeep\n|\n|t:|1699101879\n|switch|p2a: Kyogre|Kyogre|100\/100\n|-weather|RainDance|[from] ability: Drizzle|[of] p2a: Kyogre\n|turn|14\n|\n|t:|1699101885\n|switch|p2a: Basculegion|Basculegion, M|100\/100\n|move|p1a: Marshadow|Endeavor|p2a: Basculegion\n|-immune|p2a: Basculegion\n|\n|-weather|RainDance|[upkeep]\n|upkeep\n|turn|15\n|\n|t:|1699101896\n|-terastallize|p2a: Basculegion|Water\n|move|p1a: Marshadow|Shadow Sneak|p2a: Basculegion\n|-damage|p2a: Basculegion|64\/100\n|move|p2a: Basculegion|Last Respects|p1a: Marshadow\n|-supereffective|p1a: Marshadow\n|-damage|p1a: Marshadow|0 fnt\n|faint|p1a: Marshadow\n|\n|-weather|RainDance|[upkeep]\n|upkeep\n|\n|t:|1699101905\n|switch|p1a: Groudon|Groudon-Primal|100\/100\n|-weather|DesolateLand|[from] ability: Desolate Land|[of] p1a: Groudon\n|turn|16\n|\n|t:|1699101927\n|move|p2a: Basculegion|Last Respects|p1a: Groudon\n|-damage|p1a: Groudon|0 fnt\n|faint|p1a: Groudon\n|-weather|none\n|\n|upkeep\n|\n|t:|1699101935\n|switch|p1a: Darmanitan|Darmanitan-Galar, F|100\/100\n|turn|17\n|\n|t:|1699101942\n|switch|p2a: Kyogre|Kyogre|100\/100\n|-weather|RainDance|[from] ability: Drizzle|[of] p2a: Kyogre\n|move|p1a: Darmanitan|Flare Blitz|p2a: Kyogre\n|-resisted|p2a: Kyogre\n|-damage|p2a: Kyogre|82\/100\n|-damage|p1a: Darmanitan|95\/100|[from] Recoil\n|\n|-weather|RainDance|[upkeep]\n|upkeep\n|turn|18\n|\n|t:|1699101955\n|switch|p1a: Zacian|Zacian-Crowned|100\/100\n|-ability|p1a: Zacian|Intrepid Sword|boost\n|-boost|p1a: Zacian|atk|1\n|move|p2a: Kyogre|Water Spout|p1a: Zacian\n|-damage|p1a: Zacian|0 fnt\n|faint|p1a: Zacian\n|\n|-weather|RainDance|[upkeep]\n|upkeep\n|\n|t:|1699101957\n|switch|p1a: Darmanitan|Darmanitan-Galar, F|95\/100\n|turn|19\n|-message|Ufid forfeited.\n|\n|win|Chaitanya15\n|raw|Ufid's rating: 1476 &rarr; <strong>1454<\/strong><br \/>(-22 for losing)\n|raw|Chaitanya15's rating: 1446 &rarr; <strong>1468<\/strong><br \/>(+22 for winning)\n|l|\u2606Ufid\n","uploadtime":1699101974,"views":15,"p1id":"ufid","p2id":"chaitanya15","formatid":"gen9nationaldexubers","rating":1454,"private":0,"password":""}