{"id":"gen9nationaldexubers-1979620008","p1":"gabrielmax99","p2":"Nuclearstomp","format":"[Gen 9] National Dex Ubers","log":"|j|\u2606gabrielmax99\n|j|\u2606Nuclearstomp\n|t:|1698697294\n|gametype|singles\n|player|p1|gabrielmax99|169|1142\n|player|p2|Nuclearstomp|burglar-gen1rb|1116\n|teamsize|p1|6\n|teamsize|p2|6\n|gen|9\n|tier|[Gen 9] National Dex Ubers\n|rated|\n|rule|HP Percentage Mod: HP is shown in percentages\n|rule|Endless Battle Clause: Forcing endless battles is banned\n|rule|OHKO Clause: OHKO moves are banned\n|rule|Evasion Moves Clause: Evasion moves are banned\n|rule|Evasion Items Clause: Evasion items are banned\n|rule|Species Clause: Limit one of each Pok\u00e9mon\n|rule|Sleep Clause Mod: Limit one foe put to sleep\n|rule|Mega Rayquaza Clause: You cannot mega evolve Rayquaza\n|clearpoke\n|poke|p1|Sneasler, M|\n|poke|p1|Breloom, F|\n|poke|p1|Komala, M|\n|poke|p1|Toxtricity, M|\n|poke|p1|Vikavolt, M|\n|poke|p1|Alakazam, F|\n|poke|p2|Gyarados, M|\n|poke|p2|Excadrill, M|\n|poke|p2|Crobat, M|\n|poke|p2|Druddigon, F|\n|poke|p2|Gigalith, F|\n|poke|p2|Snorlax, F|\n|teampreview\n|inactive|Battle timer is ON: inactive players will automatically lose when time's up. (requested by Nuclearstomp)\n|\n|t:|1698697299\n|start\n|switch|p1a: Vikavolt|Vikavolt, M|100\/100\n|switch|p2a: Gigalith|Gigalith, F|100\/100\n|-weather|Sandstorm|[from] ability: Sand Stream|[of] p2a: Gigalith\n|turn|1\n|\n|t:|1698697320\n|move|p1a: Vikavolt|Energy Ball|p2a: Gigalith\n|-supereffective|p2a: Gigalith\n|-damage|p2a: Gigalith|49\/100\n|-damage|p1a: Vikavolt|91\/100|[from] item: Life Orb\n|move|p2a: Gigalith|Rock Blast|p1a: Vikavolt\n|-supereffective|p1a: Vikavolt\n|-crit|p1a: Vikavolt\n|-damage|p1a: Vikavolt|53\/100\n|-supereffective|p1a: Vikavolt\n|-damage|p1a: Vikavolt|29\/100\n|-hitcount|p1a: Vikavolt|2\n|\n|-weather|Sandstorm|[upkeep]\n|-damage|p1a: Vikavolt|23\/100|[from] Sandstorm\n|upkeep\n|turn|2\n|\n|t:|1698697331\n|switch|p2a: Crobat|Crobat, M|100\/100\n|move|p1a: Vikavolt|Energy Ball|p2a: Crobat\n|-resisted|p2a: Crobat\n|-damage|p2a: Crobat|87\/100\n|-unboost|p2a: Crobat|spd|1\n|-damage|p1a: Vikavolt|13\/100|[from] item: Life Orb\n|\n|-weather|Sandstorm|[upkeep]\n|-damage|p2a: Crobat|81\/100|[from] Sandstorm\n|-damage|p1a: Vikavolt|7\/100|[from] Sandstorm\n|upkeep\n|turn|3\n|\n|t:|1698697354\n|move|p2a: Crobat|Dual Wingbeat|p1a: Vikavolt\n|-damage|p1a: Vikavolt|0 fnt\n|faint|p1a: Vikavolt\n|-hitcount|p1: Vikavolt|1\n|\n|-weather|Sandstorm|[upkeep]\n|-damage|p2a: Crobat|75\/100|[from] Sandstorm\n|upkeep\n|\n|t:|1698697362\n|switch|p1a: Alakazam|Alakazam, F|100\/100\n|turn|4\n|\n|t:|1698697366\n|switch|p2a: Snorlax|Snorlax, F|100\/100\n|detailschange|p1a: Alakazam|Alakazam-Mega, F\n|-mega|p1a: Alakazam|Alakazam|Alakazite\n|-ability|p1a: Alakazam|Thick Fat|[from] ability: Trace|[of] p2a: Snorlax\n|move|p1a: Alakazam|Psychic|p2a: Snorlax\n|-damage|p2a: Snorlax|76\/100\n|\n|-weather|Sandstorm|[upkeep]\n|-damage|p1a: Alakazam|95\/100|[from] Sandstorm\n|-damage|p2a: Snorlax|70\/100|[from] Sandstorm\n|upkeep\n|turn|5\n|\n|t:|1698697383\n|move|p1a: Alakazam|Focus Blast|p2a: Snorlax|[miss]\n|-miss|p1a: Alakazam|p2a: Snorlax\n|move|p2a: Snorlax|Body Slam|p1a: Alakazam\n|-damage|p1a: Alakazam|8\/100\n|\n|-weather|Sandstorm|[upkeep]\n|-damage|p1a: Alakazam|2\/100|[from] Sandstorm\n|-damage|p2a: Snorlax|64\/100|[from] Sandstorm\n|upkeep\n|turn|6\n|\n|t:|1698697389\n|move|p1a: Alakazam|Focus Blast|p2a: Snorlax\n|-supereffective|p2a: Snorlax\n|-damage|p2a: Snorlax|23\/100\n|move|p2a: Snorlax|Body Slam|p1a: Alakazam\n|-damage|p1a: Alakazam|0 fnt\n|faint|p1a: Alakazam\n|\n|-weather|Sandstorm|[upkeep]\n|-damage|p2a: Snorlax|17\/100|[from] Sandstorm\n|upkeep\n|\n|t:|1698697416\n|switch|p1a: Sneasler|Sneasler, M|100\/100\n|turn|7\n|\n|t:|1698697423\n|move|p1a: Sneasler|Close Combat|p2a: Snorlax\n|-supereffective|p2a: Snorlax\n|-damage|p2a: Snorlax|0 fnt\n|-unboost|p1a: Sneasler|def|1\n|-unboost|p1a: Sneasler|spd|1\n|-enditem|p1a: Sneasler|White Herb\n|-clearnegativeboost|p1a: Sneasler|[silent]\n|faint|p2a: Snorlax\n|\n|-weather|Sandstorm|[upkeep]\n|-damage|p1a: Sneasler|95\/100|[from] Sandstorm\n|upkeep\n|\n|t:|1698697426\n|switch|p2a: Excadrill|Excadrill, M|100\/100\n|turn|8\n|\n|t:|1698697442\n|move|p1a: Sneasler|Close Combat|p2a: Excadrill\n|-supereffective|p2a: Excadrill\n|-enditem|p2a: Excadrill|Focus Sash\n|-damage|p2a: Excadrill|1\/100\n|-unboost|p1a: Sneasler|def|1\n|-unboost|p1a: Sneasler|spd|1\n|move|p2a: Excadrill|Earthquake|p1a: Sneasler\n|-supereffective|p1a: Sneasler\n|-damage|p1a: Sneasler|0 fnt\n|faint|p1a: Sneasler\n|\n|-weather|none\n|upkeep\n|\n|t:|1698697453\n|switch|p1a: Breloom|Breloom, F|100\/100\n|turn|9\n|\n|t:|1698697456\n|move|p1a: Breloom|Mach Punch|p2a: Excadrill\n|-supereffective|p2a: Excadrill\n|-damage|p2a: Excadrill|0 fnt\n|faint|p2a: Excadrill\n|\n|-status|p1a: Breloom|tox|[from] item: Toxic Orb\n|upkeep\n|\n|t:|1698697458\n|switch|p2a: Gyarados|Gyarados, M|100\/100\n|-ability|p2a: Gyarados|Intimidate|boost\n|-unboost|p1a: Breloom|atk|1\n|turn|10\n|\n|t:|1698697472\n|switch|p2a: Druddigon|Druddigon, F|100\/100\n|move|p1a: Breloom|Spore|p2a: Druddigon\n|-status|p2a: Druddigon|slp|[from] move: Spore\n|\n|upkeep\n|turn|11\n|\n|t:|1698697478\n|switch|p2a: Crobat|Crobat, M|75\/100\n|move|p1a: Breloom|Swords Dance|p1a: Breloom\n|-boost|p1a: Breloom|atk|2\n|\n|upkeep\n|turn|12\n|\n|t:|1698697486\n|move|p2a: Crobat|Dual Wingbeat|p1a: Breloom\n|-supereffective|p1a: Breloom\n|-damage|p1a: Breloom|45\/100 tox\n|-supereffective|p1a: Breloom\n|-damage|p1a: Breloom|0 fnt\n|faint|p1a: Breloom\n|-hitcount|p1: Breloom|2\n|\n|upkeep\n|\n|t:|1698697494\n|switch|p1a: Toxtricity|Toxtricity, M|100\/100\n|turn|13\n|\n|t:|1698697497\n|switch|p2a: Druddigon|Druddigon, F|100\/100 slp\n|move|p1a: Toxtricity|Shift Gear|p1a: Toxtricity\n|-boost|p1a: Toxtricity|spe|2\n|-boost|p1a: Toxtricity|atk|1\n|\n|upkeep\n|turn|14\n|\n|t:|1698697505\n|move|p1a: Toxtricity|Boomburst|p2a: Druddigon\n|-damage|p2a: Druddigon|43\/100 slp\n|-enditem|p1a: Toxtricity|Throat Spray\n|-boost|p1a: Toxtricity|spa|1|[from] item: Throat Spray\n|cant|p2a: Druddigon|slp\n|\n|upkeep\n|turn|15\n|\n|t:|1698697511\n|-curestatus|p2a: Druddigon|slp|[msg]\n|move|p2a: Druddigon|Sucker Punch|p1a: Toxtricity\n|-damage|p1a: Toxtricity|64\/100\n|move|p1a: Toxtricity|Boomburst|p2a: Druddigon\n|-damage|p2a: Druddigon|0 fnt\n|faint|p2a: Druddigon\n|\n|upkeep\n|\n|t:|1698697515\n|switch|p2a: Gigalith|Gigalith, F|49\/100\n|-weather|Sandstorm|[from] ability: Sand Stream|[of] p2a: Gigalith\n|turn|16\n|\n|t:|1698697525\n|move|p1a: Toxtricity|Boomburst|p2a: Gigalith\n|-resisted|p2a: Gigalith\n|-damage|p2a: Gigalith|29\/100\n|move|p2a: Gigalith|Earthquake|p1a: Toxtricity\n|-supereffective|p1a: Toxtricity\n|-damage|p1a: Toxtricity|0 fnt\n|faint|p1a: Toxtricity\n|\n|-weather|Sandstorm|[upkeep]\n|upkeep\n|\n|t:|1698697532\n|switch|p1a: macumba|Komala, M|100\/100\n|-ability|p1a: macumba|Comatose\n|turn|17\n|\n|t:|1698697534\n|move|p1a: macumba|Sleep Talk|p1a: macumba\n|move|p1a: macumba|Last Resort|p2a: Gigalith|[from]move: Sleep Talk\n|-resisted|p2a: Gigalith\n|-damage|p2a: Gigalith|0 fnt\n|faint|p2a: Gigalith\n|\n|-weather|Sandstorm|[upkeep]\n|-damage|p1a: macumba|95\/100|[from] Sandstorm\n|upkeep\n|\n|t:|1698697537\n|switch|p2a: Gyarados|Gyarados, M|100\/100\n|-ability|p2a: Gyarados|Intimidate|boost\n|-unboost|p1a: macumba|atk|1\n|turn|18\n|\n|t:|1698697544\n|switch|p2a: Crobat|Crobat, M|75\/100\n|move|p1a: macumba|Sleep Talk|p1a: macumba\n|move|p1a: macumba|Last Resort|p2a: Crobat|[from]move: Sleep Talk\n|-damage|p2a: Crobat|0 fnt\n|faint|p2a: Crobat\n|\n|-weather|Sandstorm|[upkeep]\n|-damage|p1a: macumba|89\/100|[from] Sandstorm\n|upkeep\n|\n|t:|1698697546\n|switch|p2a: Gyarados|Gyarados, M|100\/100\n|-ability|p2a: Gyarados|Intimidate|boost\n|-unboost|p1a: macumba|atk|1\n|turn|19\n|\n|t:|1698697555\n|detailschange|p2a: Gyarados|Gyarados-Mega, M\n|-mega|p2a: Gyarados|Gyarados|Gyaradosite\n|-ability|p2a: Gyarados|Mold Breaker\n|move|p2a: Gyarados|Crunch|p1a: macumba\n|-damage|p1a: macumba|35\/100\n|move|p1a: macumba|Sleep Talk|p1a: macumba\n|move|p1a: macumba|Last Resort|p2a: Gyarados|[from]move: Sleep Talk\n|-damage|p2a: Gyarados|68\/100\n|\n|-weather|Sandstorm|[upkeep]\n|-damage|p2a: Gyarados|62\/100|[from] Sandstorm\n|-damage|p1a: macumba|29\/100|[from] Sandstorm\n|upkeep\n|turn|20\n|\n|t:|1698697565\n|move|p2a: Gyarados|Waterfall|p1a: macumba\n|-damage|p1a: macumba|0 fnt\n|faint|p1a: macumba\n|\n|win|Nuclearstomp\n|raw|gabrielmax99's rating: 1142 &rarr; <strong>1115<\/strong><br \/>(-27 for losing)\n|raw|Nuclearstomp's rating: 1116 &rarr; <strong>1143<\/strong><br \/>(+27 for winning)\n","uploadtime":1698697574,"views":12,"p1id":"gabrielmax99","p2id":"nuclearstomp","formatid":"gen9nationaldexubers","rating":1115,"private":0,"password":""}