{"id":"gen9nationaldexubers-1992151002","p1":"Mega_GigaChad_Y","p2":"JustMonika_CARR","format":"[Gen 9] National Dex Ubers","log":"|j|\u2606Mega_GigaChad_Y\n|j|\u2606JustMonika_CARR\n|t:|1700159252\n|gametype|singles\n|player|p1|Mega_GigaChad_Y|chuck|1255\n|player|p2|JustMonika_CARR|rosa|1357\n|teamsize|p1|6\n|teamsize|p2|6\n|gen|9\n|tier|[Gen 9] National Dex Ubers\n|rated|\n|rule|HP Percentage Mod: HP is shown in percentages\n|rule|Endless Battle Clause: Forcing endless battles is banned\n|rule|OHKO Clause: OHKO moves are banned\n|rule|Evasion Moves Clause: Evasion moves are banned\n|rule|Evasion Items Clause: Evasion items are banned\n|rule|Species Clause: Limit one of each Pok\u00e9mon\n|rule|Sleep Clause Mod: Limit one foe put to sleep\n|rule|Mega Rayquaza Clause: You cannot mega evolve Rayquaza\n|clearpoke\n|poke|p1|Groudon|\n|poke|p1|Necrozma-Dawn-Wings|\n|poke|p1|Zygarde|\n|poke|p1|Palafin, F|\n|poke|p1|Chi-Yu|\n|poke|p1|Kangaskhan, F|\n|poke|p2|Marshadow|\n|poke|p2|Lopunny, F|\n|poke|p2|Eternatus|\n|poke|p2|Forretress, F|\n|poke|p2|Pheromosa|\n|poke|p2|Grimmsnarl, M|\n|teampreview\n|inactive|Battle timer is ON: inactive players will automatically lose when time's up. (requested by Mega_GigaChad_Y)\n|\n|t:|1700159256\n|start\n|switch|p1a: Chi-Yu|Chi-Yu|100\/100\n|switch|p2a: Forretress|Forretress, F, shiny|100\/100\n|-ability|p1a: Chi-Yu|Beads of Ruin\n|turn|1\n|\n|t:|1700159263\n|move|p1a: Chi-Yu|Heat Wave|p2a: Forretress\n|-supereffective|p2a: Forretress\n|-ability|p2a: Forretress|Sturdy\n|-damage|p2a: Forretress|1\/100\n|-enditem|p2a: Forretress|Red Card|[of] p1a: Chi-Yu\n|drag|p1a: Necrozma|Necrozma-Dawn-Wings|100\/100\n|move|p2a: Forretress|Toxic Spikes|p1a: Necrozma\n|-sidestart|p1: Mega_GigaChad_Y|move: Toxic Spikes\n|\n|upkeep\n|turn|2\n|\n|t:|1700159272\n|move|p1a: Necrozma|Calm Mind|p1a: Necrozma\n|-boost|p1a: Necrozma|spa|1\n|-boost|p1a: Necrozma|spd|1\n|move|p2a: Forretress|Toxic Spikes|p1a: Necrozma\n|-sidestart|p1: Mega_GigaChad_Y|move: Toxic Spikes\n|\n|upkeep\n|turn|3\n|\n|t:|1700159279\n|move|p1a: Necrozma|Dark Pulse|p2a: Forretress\n|-damage|p2a: Forretress|0 fnt\n|faint|p2a: Forretress\n|\n|upkeep\n|\n|t:|1700159284\n|switch|p2a: Marshadow|Marshadow|100\/100\n|turn|4\n|\n|t:|1700159289\n|switch|p1a: Kangaskhan|Kangaskhan, F|100\/100\n|-status|p1a: Kangaskhan|tox\n|move|p2a: Marshadow|Spectral Thief|p1a: Kangaskhan\n|-immune|p1a: Kangaskhan\n|\n|-damage|p1a: Kangaskhan|95\/100 tox|[from] psn\n|upkeep\n|turn|5\n|\n|t:|1700159300\n|switch|p2a: Grimmsnarl|Grimmsnarl, M, shiny|100\/100\n|detailschange|p1a: Kangaskhan|Kangaskhan-Mega, F\n|-mega|p1a: Kangaskhan|Kangaskhan|Kangaskhanite\n|move|p1a: Kangaskhan|Sucker Punch||[still]\n|-fail|p1a: Kangaskhan\n|\n|-damage|p1a: Kangaskhan|83\/100 tox|[from] psn\n|upkeep\n|turn|6\n|\n|t:|1700159312\n|switch|p1a: Groudon|Groudon|100\/100\n|-status|p1a: Groudon|tox\n|detailschange|p1a: Groudon|Groudon-Primal\n|-primal|p1a: Groudon|Red Orb\n|-weather|DesolateLand|[from] ability: Desolate Land|[of] p1a: Groudon\n|move|p2a: Grimmsnarl|Reflect|p2a: Grimmsnarl\n|-sidestart|p2: JustMonika_CARR|Reflect\n|\n|-weather|DesolateLand|[upkeep]\n|-damage|p1a: Groudon|94\/100 tox|[from] psn\n|upkeep\n|turn|7\n|\n|t:|1700159332\n|move|p2a: Grimmsnarl|Taunt|p1a: Groudon\n|-start|p1a: Groudon|move: Taunt\n|move|p1a: Groudon|Heat Crash|p2a: Grimmsnarl\n|-damage|p2a: Grimmsnarl|37\/100\n|\n|-weather|DesolateLand|[upkeep]\n|-heal|p2a: Grimmsnarl|43\/100|[from] item: Leftovers\n|-damage|p1a: Groudon|82\/100 tox|[from] psn\n|upkeep\n|turn|8\n|\n|t:|1700159345\n|move|p2a: Grimmsnarl|Light Screen|p2a: Grimmsnarl\n|-sidestart|p2: JustMonika_CARR|move: Light Screen\n|move|p1a: Groudon|Precipice Blades|p2a: Grimmsnarl\n|-damage|p2a: Grimmsnarl|4\/100\n|\n|-weather|DesolateLand|[upkeep]\n|-heal|p2a: Grimmsnarl|10\/100|[from] item: Leftovers\n|-damage|p1a: Groudon|64\/100 tox|[from] psn\n|upkeep\n|turn|9\n|\n|t:|1700159354\n|move|p1a: Groudon|Heat Crash|p2a: Grimmsnarl\n|-damage|p2a: Grimmsnarl|0 fnt\n|faint|p2a: Grimmsnarl\n|\n|-weather|DesolateLand|[upkeep]\n|-damage|p1a: Groudon|39\/100 tox|[from] psn\n|-end|p1a: Groudon|move: Taunt\n|upkeep\n|\n|t:|1700159363\n|switch|p2a: Lopunny|Lopunny, F, shiny|100\/100\n|turn|10\n|\n|t:|1700159367\n|detailschange|p2a: Lopunny|Lopunny-Mega, F, shiny\n|-mega|p2a: Lopunny|Lopunny|Lopunnite\n|move|p2a: Lopunny|Fake Out|p1a: Groudon\n|-crit|p1a: Groudon\n|-damage|p1a: Groudon|17\/100 tox\n|cant|p1a: Groudon|flinch\n|\n|-weather|DesolateLand|[upkeep]\n|-damage|p1a: Groudon|0 fnt|[from] psn\n|faint|p1a: Groudon\n|-weather|none\n|-sideend|p2: JustMonika_CARR|Reflect\n|upkeep\n|\n|t:|1700159371\n|switch|p1a: Kangaskhan|Kangaskhan-Mega, F|83\/100 tox\n|turn|11\n|\n|t:|1700159391\n|switch|p2a: Marshadow|Marshadow|100\/100\n|move|p1a: Kangaskhan|Fake Out|p2a: Marshadow\n|-immune|p2a: Marshadow\n|\n|-damage|p1a: Kangaskhan|77\/100 tox|[from] psn\n|upkeep\n|turn|12\n|\n|t:|1700159399\n|move|p1a: Kangaskhan|Sucker Punch|p2a: Marshadow\n|-damage|p2a: Marshadow|66\/100\n|-damage|p2a: Marshadow|58\/100\n|-hitcount|p2a: Marshadow|2\n|move|p2a: Marshadow|Force Palm|p1a: Kangaskhan\n|-supereffective|p1a: Kangaskhan\n|-damage|p1a: Kangaskhan|0 fnt\n|faint|p1a: Kangaskhan\n|\n|-sideend|p2: JustMonika_CARR|move: Light Screen\n|upkeep\n|\n|t:|1700159407\n|switch|p1a: Palafin|Palafin, F|100\/100\n|-status|p1a: Palafin|tox\n|turn|13\n|\n|t:|1700159413\n|switch|p2a: Eternatus|Eternatus|100\/100\n|-ability|p2a: Eternatus|Pressure\n|-terastallize|p1a: Palafin|Water\n|move|p1a: Palafin|Flip Turn|p2a: Eternatus\n|-resisted|p2a: Eternatus\n|-damage|p2a: Eternatus|86\/100\n|\n|t:|1700159416\n|detailschange|p1a: Palafin|Palafin-Hero, F, tera:Water\n|switch|p1a: Chi-Yu|Chi-Yu|100\/100|[from] Flip Turn\n|-status|p1a: Chi-Yu|tox\n|-ability|p1a: Chi-Yu|Beads of Ruin\n|\n|-damage|p1a: Chi-Yu|95\/100 tox|[from] psn\n|upkeep\n|turn|14\n|\n|t:|1700159432\n|-terastallize|p2a: Eternatus|Ground\n|move|p2a: Eternatus|Tera Blast|p1a: Chi-Yu|[anim] Tera Blast Ground\n|-supereffective|p1a: Chi-Yu\n|-damage|p1a: Chi-Yu|0 fnt\n|faint|p1a: Chi-Yu\n|\n|upkeep\n|\n|t:|1700159438\n|switch|p1a: Palafin|Palafin-Hero, F, tera:Water|100\/100 tox\n|-activate|p1a: Palafin|ability: Zero to Hero\n|turn|15\n|\n|t:|1700159445\n|move|p2a: Eternatus|Tera Blast|p1a: Palafin|[anim] Tera Blast Ground\n|-damage|p1a: Palafin|49\/100 tox\n|move|p1a: Palafin|Bulk Up|p1a: Palafin\n|-boost|p1a: Palafin|atk|1\n|-boost|p1a: Palafin|def|1\n|\n|-damage|p1a: Palafin|43\/100 tox|[from] psn\n|upkeep\n|turn|16\n|\n|t:|1700159454\n|move|p1a: Palafin|Jet Punch|p2a: Eternatus\n|-supereffective|p2a: Eternatus\n|-damage|p2a: Eternatus|0 fnt\n|faint|p2a: Eternatus\n|\n|-damage|p1a: Palafin|31\/100 tox|[from] psn\n|upkeep\n|\n|t:|1700159465\n|switch|p2a: Lopunny|Lopunny-Mega, F, shiny|100\/100\n|turn|17\n|\n|t:|1700159469\n|switch|p1a: Necrozma|Necrozma-Dawn-Wings|100\/100\n|-status|p1a: Necrozma|tox\n|move|p2a: Lopunny|Fake Out|p1a: Necrozma\n|-damage|p1a: Necrozma|79\/100 tox\n|\n|-damage|p1a: Necrozma|73\/100 tox|[from] psn\n|upkeep\n|turn|18\n|\n|t:|1700159478\n|detailschange|p1a: Necrozma|Necrozma-Ultra\n|-burst|p1a: Necrozma|Necrozma|Ultranecrozium Z\n|move|p2a: Lopunny|Frustration|p1a: Necrozma\n|-damage|p1a: Necrozma|15\/100 tox\n|move|p1a: Necrozma|Photon Geyser|p2a: Lopunny\n|-supereffective|p2a: Lopunny\n|-damage|p2a: Lopunny|0 fnt\n|faint|p2a: Lopunny\n|\n|-damage|p1a: Necrozma|3\/100 tox|[from] psn\n|upkeep\n|\n|t:|1700159493\n|switch|p2a: Pheromosa|Pheromosa, shiny|100\/100\n|turn|19\n|\n|t:|1700159497\n|move|p2a: Pheromosa|Rapid Spin|p1a: Necrozma\n|-damage|p1a: Necrozma|0 fnt\n|-boost|p2a: Pheromosa|spe|1\n|faint|p1a: Necrozma\n|-ability|p2a: Pheromosa|Beast Boost|boost\n|-boost|p2a: Pheromosa|spa|1\n|\n|upkeep\n|\n|t:|1700159500\n|switch|p1a: Zygarde|Zygarde|100\/100\n|-status|p1a: Zygarde|tox\n|turn|20\n|\n|t:|1700159507\n|move|p2a: Pheromosa|Ice Beam|p1a: Zygarde\n|-supereffective|p1a: Zygarde\n|-damage|p1a: Zygarde|0 fnt\n|faint|p1a: Zygarde\n|-ability|p2a: Pheromosa|Beast Boost|boost\n|-boost|p2a: Pheromosa|spa|1\n|\n|upkeep\n|\n|t:|1700159510\n|switch|p1a: Palafin|Palafin-Hero, F, tera:Water|31\/100 tox\n|turn|21\n|\n|t:|1700159517\n|move|p1a: Palafin|Jet Punch|p2a: Pheromosa\n|-enditem|p2a: Pheromosa|Focus Sash\n|-damage|p2a: Pheromosa|1\/100\n|move|p2a: Pheromosa|Silver Wind|p1a: Palafin\n|-damage|p1a: Palafin|0 fnt\n|faint|p1a: Palafin\n|\n|win|JustMonika_CARR\n|raw|Mega_GigaChad_Y's rating: 1255 &rarr; <strong>1237<\/strong><br \/>(-18 for losing)\n|raw|JustMonika_CARR's rating: 1357 &rarr; <strong>1371<\/strong><br \/>(+14 for winning)\n|l|\u2606Mega_GigaChad_Y\n","uploadtime":1700159527,"views":17,"p1id":"megagigachady","p2id":"justmonikacarr","formatid":"gen9nationaldexubers","rating":1237,"private":0,"password":""}