{"id":"gen9nationaldexubers-1999288900","p1":"CryAndComplain23","p2":"A$AP No Rocky","format":"[Gen 9] National Dex Ubers","log":"|j|\u2606CryAndComplain23\n|j|\u2606A$AP No Rocky\n|t:|1701055537\n|gametype|singles\n|player|p1|CryAndComplain23|guzma|\n|player|p2|A$AP No Rocky|101|\n|teamsize|p1|6\n|teamsize|p2|6\n|gen|9\n|tier|[Gen 9] National Dex Ubers\n|rule|HP Percentage Mod: HP is shown in percentages\n|rule|Endless Battle Clause: Forcing endless battles is banned\n|rule|OHKO Clause: OHKO moves are banned\n|rule|Evasion Moves Clause: Evasion moves are banned\n|rule|Evasion Items Clause: Evasion items are banned\n|rule|Species Clause: Limit one of each Pok\u00e9mon\n|rule|Sleep Clause Mod: Limit one foe put to sleep\n|rule|Mega Rayquaza Clause: You cannot mega evolve Rayquaza\n|clearpoke\n|poke|p1|Corviknight, M|\n|poke|p1|Blacephalon|\n|poke|p1|Great Tusk|\n|poke|p1|Kingambit, M|\n|poke|p1|Zapdos-Galar|\n|poke|p1|Slowking-Galar, M|\n|poke|p2|Munkidori, M|\n|poke|p2|Greninja-*, M|\n|poke|p2|Snorlax, M|\n|poke|p2|Chesnaught, M|\n|poke|p2|Honchkrow, M|\n|poke|p2|Zoroark-Hisui, F|\n|teampreview\n|j| Slumpyboocus\n|inactive|Battle timer is ON: inactive players will automatically lose when time's up. (requested by A$AP No Rocky)\n|\n|t:|1701055567\n|start\n|switch|p1a: Let\u2019s Dance|Zapdos-Galar|100\/100\n|switch|p2a: Munkidori|Munkidori, M|100\/100\n|turn|1\n|\n|t:|1701055582\n|move|p1a: Let\u2019s Dance|Brave Bird|p2a: Munkidori\n|-damage|p2a: Munkidori|0 fnt\n|faint|p2a: Munkidori\n|-damage|p1a: Let\u2019s Dance|68\/100|[from] Recoil\n|\n|upkeep\n|\n|t:|1701055590\n|switch|p2a: Snorlax|Snorlax, M|100\/100\n|turn|2\n|\n|t:|1701055606\n|switch|p1a: Under Pressure|Corviknight, M, shiny|100\/100\n|-ability|p1a: Under Pressure|Pressure\n|move|p2a: Snorlax|Psychic|p1a: Under Pressure\n|-resisted|p1a: Under Pressure\n|-damage|p1a: Under Pressure|86\/100\n|\n|upkeep\n|turn|3\n|\n|t:|1701055619\n|switch|p2a: Honchkrow|Honchkrow, M|100\/100\n|move|p1a: Under Pressure|U-turn|p2a: Honchkrow\n|-damage|p2a: Honchkrow|75\/100\n|\n|t:|1701055628\n|switch|p1a: Let\u2019s Dance|Zapdos-Galar|68\/100|[from] U-turn\n|\n|upkeep\n|turn|4\n|\n|t:|1701055637\n|move|p1a: Let\u2019s Dance|Brave Bird|p2a: Honchkrow\n|-damage|p2a: Honchkrow|0 fnt\n|faint|p2a: Honchkrow\n|-damage|p1a: Let\u2019s Dance|42\/100|[from] Recoil\n|\n|upkeep\n|\n|t:|1701055643\n|switch|p2a: Snorlax|Snorlax, M|100\/100\n|turn|5\n|\n|t:|1701055653\n|switch|p1a: Weird and Gilly|Slowking-Galar, M|100\/100\n|move|p2a: Snorlax|Hyper Voice|p1a: Weird and Gilly\n|-damage|p1a: Weird and Gilly|80\/100\n|\n|upkeep\n|turn|6\n|\n|t:|1701055663\n|switch|p2a: Chesnaught|Chesnaught, M|100\/100\n|move|p1a: Weird and Gilly|Sludge Wave|p2a: Chesnaught\n|-supereffective|p2a: Chesnaught\n|-damage|p2a: Chesnaught|23\/100\n|\n|upkeep\n|turn|7\n|\n|t:|1701055676\n|switch|p1a: Under Pressure|Corviknight, M, shiny|86\/100\n|-ability|p1a: Under Pressure|Pressure\n|move|p2a: Chesnaught|Spikes|p1a: Under Pressure\n|-sidestart|p1: CryAndComplain23|Spikes\n|\n|upkeep\n|turn|8\n|\n|t:|1701055685\n|move|p1a: Under Pressure|U-turn|p2a: Chesnaught\n|-damage|p2a: Chesnaught|15\/100\n|-damage|p1a: Under Pressure|69\/100|[from] item: Rocky Helmet|[of] p2a: Chesnaught\n|\n|t:|1701055712\n|switch|p1a: Groovy Bastard|Blacephalon|100\/100|[from] U-turn\n|-damage|p1a: Groovy Bastard|88\/100|[from] Spikes\n|move|p2a: Chesnaught|Leech Seed|p1a: Groovy Bastard\n|-start|p1a: Groovy Bastard|move: Leech Seed\n|\n|-damage|p1a: Groovy Bastard|75\/100|[from] Leech Seed|[of] p2a: Chesnaught\n|-heal|p2a: Chesnaught|24\/100|[silent]\n|upkeep\n|turn|9\n|\n|t:|1701055722\n|switch|p2a: Snorlax|Snorlax, M|100\/100\n|move|p1a: Groovy Bastard|Flamethrower|p2a: Snorlax\n|-damage|p2a: Snorlax|85\/100\n|\n|-heal|p2a: Snorlax|91\/100|[from] item: Leftovers\n|-damage|p1a: Groovy Bastard|63\/100|[from] Leech Seed|[of] p2a: Snorlax\n|-heal|p2a: Snorlax|98\/100|[silent]\n|upkeep\n|turn|10\n|\n|t:|1701055743\n|switch|p1a: Under Pressure|Corviknight, M, shiny|69\/100\n|-ability|p1a: Under Pressure|Pressure\n|move|p2a: Snorlax|Whirlwind|p1a: Under Pressure\n|drag|p1a: Weird and Gilly|Slowking-Galar, M|100\/100\n|-damage|p1a: Weird and Gilly|88\/100|[from] Spikes\n|\n|-heal|p2a: Snorlax|100\/100|[from] item: Leftovers\n|upkeep\n|turn|11\n|inactive|CryAndComplain23 has 270 seconds left.\n|\n|t:|1701055772\n|move|p1a: Weird and Gilly|Sludge Wave|p2a: Snorlax\n|-damage|p2a: Snorlax|81\/100\n|move|p2a: Snorlax|Earthquake|p1a: Weird and Gilly\n|-supereffective|p1a: Weird and Gilly\n|-damage|p1a: Weird and Gilly|18\/100\n|\n|-heal|p2a: Snorlax|87\/100|[from] item: Leftovers\n|upkeep\n|turn|12\n|\n|t:|1701055786\n|switch|p1a: Let\u2019s Dance|Zapdos-Galar|42\/100\n|move|p2a: Snorlax|Body Slam|p1a: Let\u2019s Dance\n|-damage|p1a: Let\u2019s Dance|0 fnt\n|faint|p1a: Let\u2019s Dance\n|\n|-heal|p2a: Snorlax|93\/100|[from] item: Leftovers\n|upkeep\n|\n|t:|1701055793\n|switch|p1a: Scary Monsters\u2026|Great Tusk|100\/100\n|-damage|p1a: Scary Monsters\u2026|88\/100|[from] Spikes\n|-enditem|p1a: Scary Monsters\u2026|Booster Energy\n|-activate|p1a: Scary Monsters\u2026|ability: Protosynthesis|[fromitem]\n|-start|p1a: Scary Monsters\u2026|protosynthesisatk\n|turn|13\n|\n|t:|1701055805\n|move|p1a: Scary Monsters\u2026|Headlong Rush|p2a: Snorlax\n|-damage|p2a: Snorlax|0 fnt\n|-unboost|p1a: Scary Monsters\u2026|def|1\n|-unboost|p1a: Scary Monsters\u2026|spd|1\n|faint|p2a: Snorlax\n|\n|upkeep\n|\n|t:|1701055815\n|switch|p2a: Greninja|Greninja, M|100\/100\n|turn|14\n|\n|t:|1701055834\n|-end|p1a: Scary Monsters\u2026|Protosynthesis|[silent]\n|switch|p1a: Under Pressure|Corviknight, M, shiny|69\/100\n|-ability|p1a: Under Pressure|Pressure\n|move|p2a: Greninja|Surf|p1a: Under Pressure\n|-damage|p1a: Under Pressure|15\/100\n|-damage|p2a: Greninja|91\/100|[from] item: Life Orb\n|\n|upkeep\n|turn|15\n|\n|t:|1701055844\n|switch|p1a: Weird and Gilly|Slowking-Galar, M|51\/100\n|-damage|p1a: Weird and Gilly|38\/100|[from] Spikes\n|move|p2a: Greninja|Surf|p1a: Weird and Gilly\n|-damage|p1a: Weird and Gilly|16\/100\n|-damage|p2a: Greninja|81\/100|[from] item: Life Orb\n|\n|upkeep\n|turn|16\n|j| geeb69\n|\n|t:|1701055872\n|switch|p1a: Under Pressure|Corviknight, M, shiny|15\/100\n|-ability|p1a: Under Pressure|Pressure\n|move|p2a: Greninja|Surf|p1a: Under Pressure\n|-crit|p1a: Under Pressure\n|-damage|p1a: Under Pressure|0 fnt\n|faint|p1a: Under Pressure\n|-ability|p2a: Greninja|Battle Bond|boost\n|-boost|p2a: Greninja|atk|1\n|-boost|p2a: Greninja|spa|1\n|-boost|p2a: Greninja|spe|1\n|-activate|p2a: Greninja|ability: Battle Bond\n|-damage|p2a: Greninja|71\/100|[from] item: Life Orb\n|\n|upkeep\n|inactive|CryAndComplain23 has 270 seconds left.\n|\n|t:|1701055889\n|switch|p1a: Major Tom|Kingambit, M|100\/100\n|-damage|p1a: Major Tom|88\/100|[from] Spikes\n|-activate|p1a: Major Tom|ability: Supreme Overlord\n|-start|p1a: Major Tom|fallen2|[silent]\n|turn|17\n|inactive|CryAndComplain23 has 270 seconds left.\n|\n|t:|1701055896\n|move|p1a: Major Tom|Sucker Punch|p2a: Greninja\n|-resisted|p2a: Greninja\n|-damage|p2a: Greninja|20\/100\n|move|p2a: Greninja|Surf|p1a: Major Tom\n|-damage|p1a: Major Tom|10\/100\n|-damage|p2a: Greninja|10\/100|[from] item: Life Orb\n|\n|upkeep\n|turn|18\n|\n|t:|1701055909\n|switch|p2a: Chesnaught|Chesnaught, M|24\/100\n|move|p1a: Major Tom|Sucker Punch||[still]\n|-fail|p1a: Major Tom\n|\n|upkeep\n|turn|19\n|inactive|CryAndComplain23 has 270 seconds left.\n|\n|t:|1701055951\n|-end|p1a: Major Tom|fallen2|[silent]\n|switch|p1a: Scary Monsters\u2026|Great Tusk|88\/100\n|-damage|p1a: Scary Monsters\u2026|76\/100|[from] Spikes\n|move|p2a: Chesnaught|Spikes|p1a: Scary Monsters\u2026\n|-sidestart|p1: CryAndComplain23|Spikes\n|\n|upkeep\n|turn|20\n|inactive|CryAndComplain23 has 240 seconds left.\n|\n|t:|1701055982\n|move|p1a: Scary Monsters\u2026|Ice Spinner|p2a: Chesnaught\n|-supereffective|p2a: Chesnaught\n|-damage|p2a: Chesnaught|0 fnt\n|-damage|p1a: Scary Monsters\u2026|59\/100|[from] item: Rocky Helmet|[of] p2a: Chesnaught\n|faint|p2a: Chesnaught\n|\n|upkeep\n|\n|t:|1701055989\n|switch|p2a: Greninja|Greninja, M|10\/100\n|turn|21\n|inactive|CryAndComplain23 has 240 seconds left.\n|\n|t:|1701056002\n|move|p2a: Greninja|Surf|p1a: Scary Monsters\u2026\n|-supereffective|p1a: Scary Monsters\u2026\n|-damage|p1a: Scary Monsters\u2026|0 fnt\n|faint|p1a: Scary Monsters\u2026\n|-end|p1a: Scary Monsters\u2026|Protosynthesis|[silent]\n|-damage|p2a: Greninja|0 fnt|[from] item: Life Orb\n|faint|p2a: Greninja\n|\n|upkeep\n|inactive|CryAndComplain23 has 240 seconds left.\n|c|\u2606A$AP No Rocky|....\n|\n|t:|1701056023\n|switch|p2a: Zoroark|Zoroark-Hisui, F|100\/100\n|switch|p1a: Groovy Bastard|Blacephalon|63\/100\n|-damage|p1a: Groovy Bastard|46\/100|[from] Spikes\n|turn|22\n|inactive|CryAndComplain23 has 210 seconds left.\n|c|\u2606A$AP No Rocky|????\n|c|\u2606A$AP No Rocky|SUSPENSE\n|\n|t:|1701056066\n|move|p1a: Groovy Bastard|Dark Pulse|p2a: Zoroark\n|-supereffective|p2a: Zoroark\n|-damage|p2a: Zoroark|0 fnt\n|faint|p2a: Zoroark\n|\n|win|CryAndComplain23\n","uploadtime":1701056070,"views":19,"p1id":"cryandcomplain23","p2id":"aapnorocky","formatid":"gen9nationaldexubers","rating":0,"private":0,"password":""}