{"id":"gen9nationaldexubers-1994541593","p1":"Trainitar3","p2":"Storm2218","format":"[Gen 9] National Dex Ubers","log":"|j|\u2606Trainitar3\n|j|\u2606Storm2218\n|t:|1700456923\n|gametype|singles\n|player|p1|Trainitar3|ninjaboy|1323\n|player|p2|Storm2218|ethan|1349\n|teamsize|p1|6\n|teamsize|p2|6\n|gen|9\n|tier|[Gen 9] National Dex Ubers\n|rated|\n|rule|HP Percentage Mod: HP is shown in percentages\n|rule|Endless Battle Clause: Forcing endless battles is banned\n|rule|OHKO Clause: OHKO moves are banned\n|rule|Evasion Moves Clause: Evasion moves are banned\n|rule|Evasion Items Clause: Evasion items are banned\n|rule|Species Clause: Limit one of each Pok\u00e9mon\n|rule|Sleep Clause Mod: Limit one foe put to sleep\n|rule|Mega Rayquaza Clause: You cannot mega evolve Rayquaza\n|clearpoke\n|poke|p1|Xerneas-*|\n|poke|p1|Marshadow|\n|poke|p1|Groudon|\n|poke|p1|Deoxys-Speed|\n|poke|p1|Necrozma-Dusk-Mane|\n|poke|p1|Pheromosa|\n|poke|p2|Palafin, F|\n|poke|p2|Marshadow|\n|poke|p2|Zacian-*|\n|poke|p2|Blaziken, F|\n|poke|p2|Kyogre|\n|poke|p2|Great Tusk|\n|teampreview\n|inactive|Battle timer is ON: inactive players will automatically lose when time's up. (requested by Trainitar3)\n|\n|t:|1700456926\n|start\n|switch|p1a: Deoxys|Deoxys-Speed, shiny|100\/100\n|switch|p2a: Great Tusk|Great Tusk|100\/100\n|-ability|p1a: Deoxys|Pressure\n|turn|1\n|\n|t:|1700456935\n|move|p1a: Deoxys|Taunt|p2a: Great Tusk\n|-start|p2a: Great Tusk|move: Taunt\n|cant|p2a: Great Tusk|move: Taunt|Stealth Rock\n|\n|upkeep\n|turn|2\n|\n|t:|1700456948\n|-terastallize|p1a: Deoxys|Ghost\n|move|p1a: Deoxys|Stealth Rock|p2a: Great Tusk\n|-sidestart|p2: Storm2218|move: Stealth Rock\n|move|p2a: Great Tusk|Rapid Spin|p1a: Deoxys\n|-immune|p1a: Deoxys\n|\n|upkeep\n|turn|3\n|\n|t:|1700456952\n|move|p1a: Deoxys|Spikes|p2a: Great Tusk\n|-sidestart|p2: Storm2218|Spikes\n|move|p2a: Great Tusk|Headlong Rush|p1a: Deoxys\n|-damage|p1a: Deoxys|21\/100\n|-unboost|p2a: Great Tusk|def|1\n|-unboost|p2a: Great Tusk|spd|1\n|\n|-end|p2a: Great Tusk|move: Taunt\n|upkeep\n|turn|4\n|\n|t:|1700456958\n|move|p1a: Deoxys|Taunt|p2a: Great Tusk\n|-start|p2a: Great Tusk|move: Taunt\n|move|p2a: Great Tusk|Headlong Rush|p1a: Deoxys\n|-damage|p1a: Deoxys|0 fnt\n|-unboost|p2a: Great Tusk|def|1\n|-unboost|p2a: Great Tusk|spd|1\n|faint|p1a: Deoxys\n|\n|upkeep\n|\n|t:|1700456971\n|switch|p1a: Pheromosa|Pheromosa, shiny|100\/100\n|turn|5\n|\n|t:|1700456973\n|move|p1a: Pheromosa|Ice Beam|p2a: Great Tusk\n|-supereffective|p2a: Great Tusk\n|-enditem|p2a: Great Tusk|Focus Sash\n|-damage|p2a: Great Tusk|1\/100\n|-damage|p1a: Pheromosa|91\/100|[from] item: Life Orb\n|move|p2a: Great Tusk|Rapid Spin|p1a: Pheromosa\n|-damage|p1a: Pheromosa|39\/100\n|-boost|p2a: Great Tusk|spe|1\n|-sideend|p2: Storm2218|Spikes|[from] move: Rapid Spin|[of] p2a: Great Tusk\n|-sideend|p2: Storm2218|Stealth Rock|[from] move: Rapid Spin|[of] p2a: Great Tusk\n|\n|upkeep\n|turn|6\n|\n|t:|1700456979\n|move|p2a: Great Tusk|Headlong Rush|p1a: Pheromosa\n|-resisted|p1a: Pheromosa\n|-damage|p1a: Pheromosa|0 fnt\n|-unboost|p2a: Great Tusk|def|1\n|-unboost|p2a: Great Tusk|spd|1\n|faint|p1a: Pheromosa\n|\n|-end|p2a: Great Tusk|move: Taunt\n|upkeep\n|\n|t:|1700456985\n|switch|p1a: Marshadow|Marshadow|100\/100\n|turn|7\n|\n|t:|1700456987\n|move|p1a: Marshadow|Shadow Sneak|p2a: Great Tusk\n|-damage|p2a: Great Tusk|0 fnt\n|faint|p2a: Great Tusk\n|-end|p2a: Great Tusk|Protosynthesis|[silent]\n|\n|upkeep\n|\n|t:|1700456995\n|switch|p2a: Marshadow|Marshadow|100\/100\n|turn|8\n|\n|t:|1700457001\n|move|p2a: Marshadow|Shadow Sneak|p1a: Marshadow\n|-supereffective|p1a: Marshadow\n|-crit|p1a: Marshadow\n|-enditem|p1a: Marshadow|Focus Sash\n|-damage|p1a: Marshadow|1\/100\n|move|p1a: Marshadow|Spectral Thief|p2a: Marshadow\n|-supereffective|p2a: Marshadow\n|-enditem|p2a: Marshadow|Focus Sash\n|-damage|p2a: Marshadow|1\/100\n|\n|upkeep\n|turn|9\n|\n|t:|1700457005\n|move|p2a: Marshadow|Shadow Sneak|p1a: Marshadow\n|-supereffective|p1a: Marshadow\n|-damage|p1a: Marshadow|0 fnt\n|faint|p1a: Marshadow\n|\n|upkeep\n|\n|t:|1700457017\n|switch|p1a: Xerneas|Xerneas|100\/100\n|-ability|p1a: Xerneas|Fairy Aura\n|turn|10\n|\n|t:|1700457021\n|move|p2a: Marshadow|Rock Tomb|p1a: Xerneas\n|-damage|p1a: Xerneas|74\/100\n|-unboost|p1a: Xerneas|spe|1\n|move|p1a: Xerneas|Geomancy||[still]\n|-prepare|p1a: Xerneas|Geomancy\n|-enditem|p1a: Xerneas|Power Herb\n|-anim|p1a: Xerneas|Geomancy|p1a: Xerneas\n|-boost|p1a: Xerneas|spa|2\n|-boost|p1a: Xerneas|spd|2\n|-boost|p1a: Xerneas|spe|2\n|\n|upkeep\n|turn|11\n|\n|t:|1700457028\n|move|p1a: Xerneas|Moonblast|p2a: Marshadow\n|-supereffective|p2a: Marshadow\n|-damage|p2a: Marshadow|0 fnt\n|faint|p2a: Marshadow\n|\n|upkeep\n|\n|t:|1700457031\n|switch|p2a: Zacian|Zacian-Crowned|100\/100\n|-ability|p2a: Zacian|Intrepid Sword|boost\n|-boost|p2a: Zacian|atk|1\n|turn|12\n|\n|t:|1700457041\n|move|p2a: Zacian|Behemoth Blade|p1a: Xerneas\n|-supereffective|p1a: Xerneas\n|-damage|p1a: Xerneas|0 fnt\n|faint|p1a: Xerneas\n|\n|upkeep\n|\n|t:|1700457051\n|switch|p1a: Necrozma|Necrozma-Dusk-Mane, shiny|100\/100\n|turn|13\n|\n|t:|1700457054\n|move|p2a: Zacian|Fire Fang|p1a: Necrozma\n|-supereffective|p1a: Necrozma\n|-damage|p1a: Necrozma|52\/100\n|move|p1a: Necrozma|Dragon Dance|p1a: Necrozma\n|-boost|p1a: Necrozma|atk|1\n|-boost|p1a: Necrozma|spe|1\n|\n|upkeep\n|turn|14\n|\n|t:|1700457059\n|detailschange|p1a: Necrozma|Necrozma-Ultra, shiny\n|-burst|p1a: Necrozma|Necrozma|Ultranecrozium Z\n|move|p1a: Necrozma|Earthquake|p2a: Zacian\n|-supereffective|p2a: Zacian\n|-damage|p2a: Zacian|0 fnt\n|faint|p2a: Zacian\n|\n|upkeep\n|\n|t:|1700457063\n|switch|p2a: Palafin|Palafin, F|100\/100\n|turn|15\n|\n|t:|1700457079\n|detailschange|p2a: Palafin|Palafin-Hero, F\n|switch|p2a: Kyogre|Kyogre|100\/100\n|detailschange|p2a: Kyogre|Kyogre-Primal\n|-primal|p2a: Kyogre|Blue Orb\n|-weather|PrimordialSea|[from] ability: Primordial Sea|[of] p2a: Kyogre\n|move|p1a: Necrozma|Photon Geyser|p2a: Kyogre\n|-damage|p2a: Kyogre|0 fnt\n|faint|p2a: Kyogre\n|-weather|none\n|\n|upkeep\n|\n|t:|1700457082\n|switch|p2a: Palafin|Palafin-Hero, F|100\/100\n|-activate|p2a: Palafin|ability: Zero to Hero\n|turn|16\n|\n|t:|1700457087\n|-terastallize|p2a: Palafin|Water\n|move|p2a: Palafin|Jet Punch|p1a: Necrozma\n|-resisted|p1a: Necrozma\n|-damage|p1a: Necrozma|12\/100\n|move|p1a: Necrozma|Photon Geyser|p2a: Palafin\n|-damage|p2a: Palafin|7\/100\n|\n|upkeep\n|turn|17\n|-message|Storm2218 forfeited.\n|\n|win|Trainitar3\n|raw|Trainitar3's rating: 1323 &rarr; <strong>1344<\/strong><br \/>(+21 for winning)\n|raw|Storm2218's rating: 1349 &rarr; <strong>1328<\/strong><br \/>(-21 for losing)\n|l|\u2606Storm2218\n","uploadtime":1700457110,"views":3,"p1id":"trainitar3","p2id":"storm2218","formatid":"gen9nationaldexubers","rating":1328,"private":0,"password":""}