{"id":"gen9nationaldexubers-1993135884","p1":"Jim Jim Sr","p2":"Goodrie03","format":"[Gen 9] National Dex Ubers","log":"|j|\u2606Jim Jim Sr\n|j|\u2606Goodrie03\n|t:|1700269013\n|gametype|singles\n|player|p1|Jim Jim Sr|brycenman|\n|player|p2|Goodrie03|170|\n|teamsize|p1|6\n|teamsize|p2|6\n|gen|9\n|tier|[Gen 9] National Dex Ubers\n|rule|HP Percentage Mod: HP is shown in percentages\n|rule|Endless Battle Clause: Forcing endless battles is banned\n|rule|OHKO Clause: OHKO moves are banned\n|rule|Evasion Moves Clause: Evasion moves are banned\n|rule|Evasion Items Clause: Evasion items are banned\n|rule|Species Clause: Limit one of each Pok\u00e9mon\n|rule|Sleep Clause Mod: Limit one foe put to sleep\n|rule|Mega Rayquaza Clause: You cannot mega evolve Rayquaza\n|clearpoke\n|poke|p1|Mew|\n|poke|p1|Gallade, M|\n|poke|p1|Incineroar, F|\n|poke|p1|Silvally-*|\n|poke|p1|Electrode|\n|poke|p1|Mamoswine, F|\n|poke|p2|Snorlax, M|\n|poke|p2|Talonflame, F|\n|poke|p2|Ursaluna-Bloodmoon, M|\n|poke|p2|Sharpedo, F|\n|poke|p2|Drampa, F|\n|poke|p2|Hoopa-Unbound|\n|teampreview\n|c|\u2606Jim Jim Sr|glhf i can keep track of scores\n|c|\u2606Goodrie03|gl hf bet\n|\n|t:|1700269062\n|start\n|switch|p1a: Quincy|Gallade, M, shiny|100\/100\n|switch|p2a: Drampa|Drampa, F, shiny|100\/100\n|turn|1\n|\n|t:|1700269078\n|detailschange|p1a: Quincy|Gallade-Mega, M, shiny\n|-mega|p1a: Quincy|Gallade|Galladite\n|-terastallize|p2a: Drampa|Ghost\n|move|p1a: Quincy|Close Combat|p2a: Drampa\n|-immune|p2a: Drampa\n|move|p2a: Drampa|Dragon Pulse|p1a: Quincy\n|-damage|p1a: Quincy|14\/100\n|\n|upkeep\n|turn|2\n|\n|t:|1700269096\n|switch|p1a: Silver|Silvally-Fairy|100\/100\n|move|p2a: Drampa|Dragon Pulse|p1a: Silver\n|-immune|p1a: Silver\n|\n|upkeep\n|turn|3\n|\n|t:|1700269106\n|switch|p2a: Snorlax|Snorlax, M, shiny|100\/100\n|move|p1a: Silver|Parting Shot|p2a: Snorlax\n|-unboost|p2a: Snorlax|atk|1\n|-unboost|p2a: Snorlax|spa|1\n|\n|t:|1700269122\n|switch|p1a: Manny|Mamoswine, F|100\/100|[from] Parting Shot\n|\n|upkeep\n|turn|4\n|\n|t:|1700269142\n|move|p1a: Manny|Trailblaze|p2a: Snorlax\n|-damage|p2a: Snorlax|82\/100\n|-boost|p1a: Manny|spe|1\n|move|p2a: Snorlax|Curse|p2a: Snorlax\n|-unboost|p2a: Snorlax|spe|1\n|-boost|p2a: Snorlax|atk|1\n|-boost|p2a: Snorlax|def|1\n|\n|-heal|p2a: Snorlax|88\/100|[from] item: Leftovers\n|upkeep\n|turn|5\n|\n|t:|1700269155\n|move|p1a: Manny|Icicle Spear|p2a: Snorlax\n|-damage|p2a: Snorlax|79\/100\n|-damage|p2a: Snorlax|69\/100\n|-damage|p2a: Snorlax|60\/100\n|-damage|p2a: Snorlax|50\/100\n|-hitcount|p2a: Snorlax|4\n|move|p2a: Snorlax|Curse|p2a: Snorlax\n|-unboost|p2a: Snorlax|spe|1\n|-boost|p2a: Snorlax|atk|1\n|-boost|p2a: Snorlax|def|1\n|\n|-heal|p2a: Snorlax|56\/100|[from] item: Leftovers\n|upkeep\n|turn|6\n|\n|t:|1700269172\n|move|p1a: Manny|Icicle Spear|p2a: Snorlax\n|-damage|p2a: Snorlax|49\/100\n|-damage|p2a: Snorlax|42\/100\n|-damage|p2a: Snorlax|35\/100\n|-damage|p2a: Snorlax|28\/100\n|-hitcount|p2a: Snorlax|4\n|move|p2a: Snorlax|Earthquake|p1a: Manny\n|-damage|p1a: Manny|54\/100\n|\n|-heal|p2a: Snorlax|34\/100|[from] item: Leftovers\n|upkeep\n|turn|7\n|\n|t:|1700269184\n|move|p1a: Manny|Icicle Spear|p2a: Snorlax\n|-damage|p2a: Snorlax|27\/100\n|-damage|p2a: Snorlax|20\/100\n|-damage|p2a: Snorlax|12\/100\n|-crit|p2a: Snorlax\n|-damage|p2a: Snorlax|0 fnt\n|faint|p2a: Snorlax\n|-hitcount|p2: Snorlax|4\n|\n|upkeep\n|\n|t:|1700269240\n|switch|p2a: Talonflame|Talonflame, F|100\/100\n|turn|8\n|\n|t:|1700269249\n|move|p2a: Talonflame|Protect|p2a: Talonflame\n|-singleturn|p2a: Talonflame|Protect\n|move|p1a: Manny|Ice Shard|p2a: Talonflame\n|-activate|p2a: Talonflame|move: Protect\n|\n|upkeep\n|turn|9\n|\n|t:|1700269255\n|switch|p2a: Hoopa|Hoopa-Unbound|100\/100\n|move|p1a: Manny|Ice Shard|p2a: Hoopa\n|-damage|p2a: Hoopa|63\/100\n|\n|upkeep\n|turn|10\n|\n|t:|1700269266\n|move|p1a: Manny|Icicle Spear|p2a: Hoopa\n|-damage|p2a: Hoopa|39\/100\n|-damage|p2a: Hoopa|17\/100\n|-damage|p2a: Hoopa|0 fnt\n|faint|p2a: Hoopa\n|-hitcount|p2: Hoopa|3\n|\n|upkeep\n|\n|t:|1700269283\n|switch|p2a: Ursaluna|Ursaluna-Bloodmoon, M|100\/100\n|turn|11\n|\n|t:|1700269296\n|move|p1a: Manny|Icicle Spear|p2a: Ursaluna\n|-supereffective|p2a: Ursaluna\n|-damage|p2a: Ursaluna|79\/100\n|-supereffective|p2a: Ursaluna\n|-damage|p2a: Ursaluna|58\/100\n|-supereffective|p2a: Ursaluna\n|-damage|p2a: Ursaluna|37\/100\n|-supereffective|p2a: Ursaluna\n|-damage|p2a: Ursaluna|14\/100\n|-hitcount|p2a: Ursaluna|4\n|move|p2a: Ursaluna|Blood Moon|p1a: Manny\n|-damage|p1a: Manny|0 fnt\n|faint|p1a: Manny\n|-damage|p2a: Ursaluna|4\/100|[from] item: Life Orb\n|\n|upkeep\n|\n|t:|1700269352\n|switch|p1a: Quincy|Gallade-Mega, M, shiny|14\/100\n|turn|12\n|\n|t:|1700269360\n|switch|p2a: Drampa|Drampa, F, shiny, tera:Ghost|100\/100\n|move|p1a: Quincy|Ice Punch|p2a: Drampa\n|-damage|p2a: Drampa|67\/100\n|\n|upkeep\n|turn|13\n|\n|t:|1700269374\n|switch|p1a: Silver|Silvally-Fairy|100\/100\n|move|p2a: Drampa|Hidden Power|p1a: Silver\n|-damage|p1a: Silver|61\/100\n|\n|upkeep\n|turn|14\n|\n|t:|1700269382\n|move|p1a: Silver|Parting Shot|p2a: Drampa\n|-unboost|p2a: Drampa|atk|1\n|-unboost|p2a: Drampa|spa|1\n|\n|t:|1700269434\n|switch|p1a: Izzy|Mew, shiny|100\/100|[from] Parting Shot\n|move|p2a: Drampa|Hidden Power|p1a: Izzy\n|-damage|p1a: Izzy|78\/100\n|\n|upkeep\n|turn|15\n|\n|t:|1700269448\n|switch|p2a: Ursaluna|Ursaluna-Bloodmoon, M|4\/100\n|move|p1a: Izzy|Rock Slide|p2a: Ursaluna\n|-resisted|p2a: Ursaluna\n|-damage|p2a: Ursaluna|0 fnt\n|faint|p2a: Ursaluna\n|\n|upkeep\n|\n|t:|1700269452\n|switch|p2a: Sharpedo|Sharpedo, F|100\/100\n|turn|16\n|\n|t:|1700269485\n|switch|p1a: Silver|Silvally-Fairy|61\/100\n|move|p2a: Sharpedo|Protect||[still]\n|-fail|p2a: Sharpedo\n|\n|-ability|p2a: Sharpedo|Speed Boost|boost\n|-boost|p2a: Sharpedo|spe|1\n|upkeep\n|turn|17\n|\n|t:|1700269493\n|move|p2a: Sharpedo|Protect|p2a: Sharpedo\n|-singleturn|p2a: Sharpedo|Protect\n|move|p1a: Silver|Multi-Attack|p2a: Sharpedo\n|-activate|p2a: Sharpedo|move: Protect\n|\n|-ability|p2a: Sharpedo|Speed Boost|boost\n|-boost|p2a: Sharpedo|spe|1\n|upkeep\n|turn|18\n|\n|t:|1700269519\n|detailschange|p2a: Sharpedo|Sharpedo-Mega, F\n|-mega|p2a: Sharpedo|Sharpedo|Sharpedonite\n|move|p2a: Sharpedo|Earthquake|p1a: Silver\n|-damage|p1a: Silver|14\/100\n|move|p1a: Silver|Multi-Attack|p2a: Sharpedo\n|-supereffective|p2a: Sharpedo\n|-damage|p2a: Sharpedo|0 fnt\n|faint|p2a: Sharpedo\n|\n|upkeep\n|\n|t:|1700269523\n|switch|p2a: Talonflame|Talonflame, F|100\/100\n|turn|19\n|\n|t:|1700269547\n|move|p2a: Talonflame|Dual Wingbeat|p1a: Silver\n|-damage|p1a: Silver|0 fnt\n|faint|p1a: Silver\n|-hitcount|p1: Silver|1\n|\n|upkeep\n|\n|t:|1700269559\n|switch|p1a: Kaboom?|Electrode|100\/100\n|turn|20\n|\n|t:|1700269571\n|move|p2a: Talonflame|Protect|p2a: Talonflame\n|-singleturn|p2a: Talonflame|Protect\n|move|p1a: Kaboom?|Thunderbolt|p2a: Talonflame\n|-activate|p2a: Talonflame|move: Protect\n|\n|upkeep\n|turn|21\n|\n|t:|1700269582\n|move|p2a: Talonflame|Dual Wingbeat|p1a: Kaboom?\n|-resisted|p1a: Kaboom?\n|-damage|p1a: Kaboom?|85\/100\n|-resisted|p1a: Kaboom?\n|-damage|p1a: Kaboom?|69\/100\n|-hitcount|p1a: Kaboom?|2\n|move|p1a: Kaboom?|Thunderbolt|p2a: Talonflame\n|-supereffective|p2a: Talonflame\n|-damage|p2a: Talonflame|0 fnt\n|faint|p2a: Talonflame\n|-damage|p1a: Kaboom?|59\/100|[from] item: Life Orb\n|\n|upkeep\n|\n|t:|1700269586\n|switch|p2a: Drampa|Drampa, F, shiny, tera:Ghost|67\/100\n|turn|22\n|\n|t:|1700269607\n|move|p1a: Kaboom?|Thunderbolt|p2a: Drampa\n|-crit|p2a: Drampa\n|-damage|p2a: Drampa|0 fnt\n|faint|p2a: Drampa\n|-damage|p1a: Kaboom?|49\/100|[from] item: Life Orb\n|\n|win|Jim Jim Sr\n|c|\u2606Jim Jim Sr|ggs bud\n|c|\u2606Goodrie03|ahh gg i had hp ground but idk if i live that if its not a crit\n|c|\u2606Jim Jim Sr|ahh\n|c|\u2606Jim Jim Sr|i forgot drampa could be tera ghost lmao\n|c|\u2606Goodrie03|lmaooo\n|c|\u2606Jim Jim Sr|and i shouldda sd silvally\n|c|\u2606Jim Jim Sr|swords dance\n|c|\u2606Goodrie03|lmao was not expecting fairy that sucks what item did u have on mamoswine\n|c|\u2606Jim Jim Sr|loaded dice\n","uploadtime":1700269684,"views":41,"p1id":"jimjimsr","p2id":"goodrie03","formatid":"gen9nationaldexubers","rating":0,"private":0,"password":""}