{"id":"gen9nationaldexubers-1986753354","p1":"Just B3A$T","p2":"Steven Stone 007","format":"[Gen 9] National Dex Ubers","log":"|j|\u2606Just B3A$T\n|j|\u2606Steven Stone 007\n|t:|1699519686\n|gametype|singles\n|player|p1|Just B3A$T|noland|\n|player|p2|Steven Stone 007|steven|\n|teamsize|p1|6\n|teamsize|p2|6\n|gen|9\n|tier|[Gen 9] National Dex Ubers\n|rule|HP Percentage Mod: HP is shown in percentages\n|rule|Endless Battle Clause: Forcing endless battles is banned\n|rule|OHKO Clause: OHKO moves are banned\n|rule|Evasion Moves Clause: Evasion moves are banned\n|rule|Evasion Items Clause: Evasion items are banned\n|rule|Species Clause: Limit one of each Pok\u00e9mon\n|rule|Sleep Clause Mod: Limit one foe put to sleep\n|rule|Mega Rayquaza Clause: You cannot mega evolve Rayquaza\n|clearpoke\n|poke|p1|Ogerpon-Wellspring, F|\n|poke|p1|Gallade, M|\n|poke|p1|Dragapult, M|\n|poke|p1|Heatran, M|\n|poke|p1|Ting-Lu|\n|poke|p1|Rotom-Fan|\n|poke|p2|Landorus-Therian, M|\n|poke|p2|Groudon|\n|poke|p2|Hippowdon, F|\n|poke|p2|Excadrill, M|\n|poke|p2|Roaring Moon|\n|poke|p2|Clodsire, M|\n|teampreview\n|inactive|Battle timer is ON: inactive players will automatically lose when time's up. (requested by Just B3A$T)\n|c|\u2606Steven Stone 007|you change team\n|c|\u2606Steven Stone 007|Nice\n|c|\u2606Just B3A$T|Sand Rush, huh?\n|c|\u2606Just B3A$T|well yes\n|c|\u2606Just B3A$T|4 badges\n|inactive|Just B3A$T has 270 seconds left.\n|inactive|Steven Stone 007 has 270 seconds left.\n|c|\u2606Steven Stone 007|tera flying heatran + flash fire for groudon\n|c|\u2606Steven Stone 007|nice\n|\n|t:|1699519733\n|start\n|switch|p1a: child exploiter|Dragapult, M, shiny|100\/100\n|switch|p2a: Landorus|Landorus-Therian, M|100\/100\n|-ability|p2a: Landorus|Intimidate|boost\n|-unboost|p1a: child exploiter|atk|1\n|turn|1\n|j| AlolanSandslashOU\n|c|\u2606Just B3A$T|Tera Flying?\n|c|\u2606Just B3A$T|wtf\n|\n|t:|1699519745\n|move|p2a: Landorus|Earthquake|p1a: child exploiter\n|-damage|p1a: child exploiter|24\/100\n|move|p1a: child exploiter|U-turn|p2a: Landorus\n|-resisted|p2a: Landorus\n|-damage|p2a: Landorus|94\/100\n|c|\u2606Just B3A$T|hm m\n|c|\u2606Steven Stone 007|it can perfecly counter my groudon set\n|\n|t:|1699519758\n|switch|p1a: Steampunk|Heatran, M|100\/100|[from] U-turn\n|-item|p1a: Steampunk|Air Balloon\n|\n|upkeep\n|turn|2\n|c| AlolanSandslashOU|Beast it\u2019s what I told you before\n|c|\u2606Steven Stone 007|so i sepext that\n|c| AlolanSandslashOU|tera flying heatran is real\n|\n|t:|1699519766\n|switch|p2a: Hippowdon|Hippowdon, F|100\/100\n|-weather|Sandstorm|[from] ability: Sand Stream|[of] p2a: Hippowdon\n|move|p1a: Steampunk|Will-O-Wisp|p2a: Hippowdon\n|-status|p2a: Hippowdon|brn\n|\n|-weather|Sandstorm|[upkeep]\n|-damage|p2a: Hippowdon|94\/100 brn|[from] brn\n|upkeep\n|turn|3\n|\n|t:|1699519781\n|move|p1a: Steampunk|Taunt|p2a: Hippowdon\n|-start|p2a: Hippowdon|move: Taunt\n|cant|p2a: Hippowdon|move: Taunt|Whirlwind\n|\n|-weather|Sandstorm|[upkeep]\n|-damage|p2a: Hippowdon|88\/100 brn|[from] brn\n|upkeep\n|turn|4\n|c|\u2606Just B3A$T|it is not\n|\n|t:|1699519788\n|switch|p2a: Landorus|Landorus-Therian, M|94\/100\n|-ability|p2a: Landorus|Intimidate|boost\n|-unboost|p1a: Steampunk|atk|1\n|move|p1a: Steampunk|Earth Power|p2a: Landorus\n|-immune|p2a: Landorus\n|\n|-weather|Sandstorm|[upkeep]\n|upkeep\n|turn|5\n|\n|t:|1699519798\n|switch|p1a: spinner!!!|Rotom-Fan|100\/100\n|move|p2a: Landorus|U-turn|p1a: spinner!!!\n|-resisted|p1a: spinner!!!\n|-damage|p1a: spinner!!!|88\/100\n|c| AlolanSandslashOU|Regular guy I told beast about tera heatran before as a joke and I can\u2019t believe you expected that\n|\n|t:|1699519806\n|switch|p2a: Excadrill|Excadrill, M|100\/100|[from] U-turn\n|\n|-weather|Sandstorm|[upkeep]\n|-damage|p1a: spinner!!!|81\/100|[from] Sandstorm\n|upkeep\n|turn|6\n|\n|t:|1699519813\n|-zpower|p2a: Excadrill\n|move|p2a: Excadrill|Corkscrew Crash|p1a: spinner!!!|[zeffect]\n|-resisted|p1a: spinner!!!\n|-damage|p1a: spinner!!!|30\/100\n|move|p1a: spinner!!!|Will-O-Wisp|p2a: Excadrill\n|-status|p2a: Excadrill|brn\n|\n|-weather|none\n|-damage|p2a: Excadrill|94\/100 brn|[from] brn\n|upkeep\n|turn|7\n|c|\u2606Just B3A$T|me when\n|\n|t:|1699519829\n|switch|p1a: cauldron bull|Ting-Lu|100\/100\n|-ability|p1a: cauldron bull|Vessel of Ruin\n|switch|p2a: Hippowdon|Hippowdon, F|88\/100 brn\n|-weather|Sandstorm|[from] ability: Sand Stream|[of] p2a: Hippowdon\n|\n|-weather|Sandstorm|[upkeep]\n|-damage|p2a: Hippowdon|82\/100 brn|[from] brn\n|upkeep\n|turn|8\n|\n|t:|1699519832\n|move|p2a: Hippowdon|Toxic|p1a: cauldron bull\n|-status|p1a: cauldron bull|tox\n|move|p1a: cauldron bull|Stealth Rock|p2a: Hippowdon\n|-sidestart|p2: Steven Stone 007|move: Stealth Rock\n|\n|-weather|Sandstorm|[upkeep]\n|-damage|p1a: cauldron bull|94\/100 tox|[from] psn\n|-damage|p2a: Hippowdon|76\/100 brn|[from] brn\n|upkeep\n|turn|9\n|\n|t:|1699519836\n|switch|p2a: Excadrill|Excadrill, M|94\/100 brn\n|-damage|p2a: Excadrill|91\/100 brn|[from] Stealth Rock\n|move|p1a: cauldron bull|Whirlwind|p2a: Excadrill\n|drag|p2a: Hippowdon|Hippowdon, F|76\/100 brn\n|-damage|p2a: Hippowdon|70\/100 brn|[from] Stealth Rock\n|\n|-weather|Sandstorm|[upkeep]\n|-damage|p1a: cauldron bull|82\/100 tox|[from] psn\n|-damage|p2a: Hippowdon|63\/100 brn|[from] brn\n|upkeep\n|turn|10\n|\n|t:|1699519846\n|switch|p2a: Excadrill|Excadrill, M|91\/100 brn\n|-damage|p2a: Excadrill|88\/100 brn|[from] Stealth Rock\n|move|p1a: cauldron bull|Ruination|p2a: Excadrill\n|-damage|p2a: Excadrill|45\/100 brn\n|\n|-weather|Sandstorm|[upkeep]\n|-damage|p1a: cauldron bull|63\/100 tox|[from] psn\n|-damage|p2a: Excadrill|38\/100 brn|[from] brn\n|upkeep\n|turn|11\n|\n|t:|1699519852\n|move|p2a: Excadrill|Rapid Spin|p1a: cauldron bull\n|-damage|p1a: cauldron bull|59\/100 tox\n|-boost|p2a: Excadrill|spe|1\n|-sideend|p2: Steven Stone 007|Stealth Rock|[from] move: Rapid Spin|[of] p2a: Excadrill\n|-enditem|p1a: cauldron bull|Red Card|[of] p2a: Excadrill\n|drag|p2a: Clodsire|Clodsire, M|100\/100\n|move|p1a: cauldron bull|Earthquake|p2a: Clodsire\n|-supereffective|p2a: Clodsire\n|-damage|p2a: Clodsire|20\/100\n|\n|-weather|none\n|-heal|p2a: Clodsire|26\/100|[from] item: Leftovers\n|-damage|p1a: cauldron bull|34\/100 tox|[from] psn\n|upkeep\n|turn|12\n|\n|t:|1699519861\n|switch|p2a: Landorus|Landorus-Therian, M|94\/100\n|-ability|p2a: Landorus|Intimidate|boost\n|-unboost|p1a: cauldron bull|atk|1\n|move|p1a: cauldron bull|Stealth Rock|p2a: Landorus\n|-sidestart|p2: Steven Stone 007|move: Stealth Rock\n|\n|-damage|p1a: cauldron bull|3\/100 tox|[from] psn\n|upkeep\n|turn|13\n|\n|t:|1699519868\n|move|p2a: Landorus|U-turn|p1a: cauldron bull\n|-supereffective|p1a: cauldron bull\n|-damage|p1a: cauldron bull|0 fnt\n|faint|p1a: cauldron bull\n|c| AlolanSandslashOU|THE RED CARD\n|\n|t:|1699519875\n|switch|p2a: Hippowdon|Hippowdon, F|63\/100 brn|[from] U-turn\n|-damage|p2a: Hippowdon|57\/100 brn|[from] Stealth Rock\n|-weather|Sandstorm|[from] ability: Sand Stream|[of] p2a: Hippowdon\n|\n|-weather|Sandstorm|[upkeep]\n|-damage|p2a: Hippowdon|51\/100 brn|[from] brn\n|upkeep\n|c|\u2606Just B3A$T|cucking me\n|c|\u2606Just B3A$T|ngl\n|\n|t:|1699519884\n|switch|p1a: child exploiter|Dragapult, M, shiny|24\/100\n|turn|14\n|\n|t:|1699519886\n|move|p1a: child exploiter|Draco Meteor|p2a: Hippowdon\n|-damage|p2a: Hippowdon|0 fnt\n|-unboost|p1a: child exploiter|spa|2\n|faint|p2a: Hippowdon\n|\n|-weather|Sandstorm|[upkeep]\n|-damage|p1a: child exploiter|18\/100|[from] Sandstorm\n|upkeep\n|\n|t:|1699519889\n|switch|p2a: Excadrill|Excadrill, M|38\/100 brn\n|-damage|p2a: Excadrill|35\/100 brn|[from] Stealth Rock\n|turn|15\n|\n|t:|1699519893\n|switch|p1a: spinner!!!|Rotom-Fan|30\/100\n|move|p2a: Excadrill|Iron Head|p1a: spinner!!!\n|-resisted|p1a: spinner!!!\n|-damage|p1a: spinner!!!|18\/100\n|\n|-weather|Sandstorm|[upkeep]\n|-damage|p1a: spinner!!!|12\/100|[from] Sandstorm\n|-damage|p2a: Excadrill|29\/100 brn|[from] brn\n|upkeep\n|turn|16\n|\n|t:|1699519910\n|move|p2a: Excadrill|Rapid Spin|p1a: spinner!!!\n|-damage|p1a: spinner!!!|1\/100\n|-boost|p2a: Excadrill|spe|1\n|-sideend|p2: Steven Stone 007|Stealth Rock|[from] move: Rapid Spin|[of] p2a: Excadrill\n|move|p1a: spinner!!!|Air Slash|p2a: Excadrill\n|-resisted|p2a: Excadrill\n|-damage|p2a: Excadrill|11\/100 brn\n|\n|-weather|Sandstorm|[upkeep]\n|-damage|p1a: spinner!!!|0 fnt|[from] Sandstorm\n|faint|p1a: spinner!!!\n|-damage|p2a: Excadrill|5\/100 brn|[from] brn\n|upkeep\n|c|\u2606Steven Stone 007|finally\n|c|\u2606Steven Stone 007|all set\n|c| AlolanSandslashOU|The balls to actually click rapid is insane\n|c|\u2606Just B3A$T|let's see\n|inactive|Just B3A$T has 270 seconds left.\n|\n|t:|1699519933\n|switch|p1a: It's Oger For You!|Ogerpon-Wellspring, F|100\/100\n|turn|17\n|\n|t:|1699519937\n|move|p2a: Excadrill|Earthquake|p1a: It's Oger For You!\n|-resisted|p1a: It's Oger For You!\n|-damage|p1a: It's Oger For You!|82\/100\n|move|p1a: It's Oger For You!|Trailblaze|p2a: Excadrill\n|-damage|p2a: Excadrill|0 fnt\n|-boost|p1a: It's Oger For You!|spe|1\n|faint|p2a: Excadrill\n|\n|-weather|none\n|upkeep\n|\n|t:|1699519943\n|switch|p2a: Landorus|Landorus-Therian, M|94\/100\n|-ability|p2a: Landorus|Intimidate|boost\n|-unboost|p1a: It's Oger For You!|atk|1\n|turn|18\n|\n|t:|1699519949\n|switch|p2a: Clodsire|Clodsire, M|26\/100\n|-terastallize|p1a: It's Oger For You!|Water\n|detailschange|p1a: It's Oger For You!|Ogerpon-Wellspring-Tera, F, tera:Water\n|-ability|p1a: It's Oger For You!|Embody Aspect (Wellspring)|boost\n|-boost|p1a: It's Oger For You!|spd|1\n|move|p1a: It's Oger For You!|Swords Dance|p1a: It's Oger For You!\n|-boost|p1a: It's Oger For You!|atk|2\n|\n|-heal|p2a: Clodsire|32\/100|[from] item: Leftovers\n|upkeep\n|turn|19\n|\n|t:|1699519956\n|move|p1a: It's Oger For You!|Trailblaze|p2a: Clodsire\n|-damage|p2a: Clodsire|0 fnt\n|-boost|p1a: It's Oger For You!|spe|1\n|faint|p2a: Clodsire\n|\n|upkeep\n|c|\u2606Just B3A$T|oh boy\n|\n|t:|1699519964\n|switch|p2a: Roaring Moon|Roaring Moon|100\/100\n|turn|20\n|\n|t:|1699519970\n|move|p1a: It's Oger For You!|Play Rough|p2a: Roaring Moon\n|-supereffective|p2a: Roaring Moon\n|-enditem|p2a: Roaring Moon|Focus Sash\n|-damage|p2a: Roaring Moon|1\/100\n|-unboost|p2a: Roaring Moon|atk|1\n|move|p2a: Roaring Moon|Scale Shot|p1a: It's Oger For You!\n|-damage|p1a: It's Oger For You!|69\/100\n|-damage|p1a: It's Oger For You!|56\/100\n|-damage|p1a: It's Oger For You!|43\/100\n|-damage|p1a: It's Oger For You!|30\/100\n|-hitcount|p1a: It's Oger For You!|4\n|-unboost|p2a: Roaring Moon|def|1\n|-boost|p2a: Roaring Moon|spe|1\n|\n|upkeep\n|turn|21\n|\n|t:|1699519976\n|move|p1a: It's Oger For You!|Trailblaze|p2a: Roaring Moon\n|-resisted|p2a: Roaring Moon\n|-damage|p2a: Roaring Moon|0 fnt\n|-boost|p1a: It's Oger For You!|spe|1\n|faint|p2a: Roaring Moon\n|-end|p2a: Roaring Moon|Protosynthesis|[silent]\n|\n|upkeep\n|\n|t:|1699519978\n|switch|p2a: Groudon|Groudon|100\/100\n|-weather|SunnyDay|[from] ability: Drought|[of] p2a: Groudon\n|turn|22\n|\n|t:|1699519987\n|-terastallize|p2a: Groudon|Fire\n|move|p1a: It's Oger For You!|Ivy Cudgel|p2a: Groudon\n|-supereffective|p2a: Groudon\n|-crit|p2a: Groudon\n|-damage|p2a: Groudon|0 fnt\n|faint|p2a: Groudon\n|\n|-weather|SunnyDay|[upkeep]\n|upkeep\n|c|\u2606Just B3A$T|gg\n|\n|t:|1699519991\n|switch|p2a: Landorus|Landorus-Therian, M|94\/100\n|-ability|p2a: Landorus|Intimidate|boost\n|-unboost|p1a: It's Oger For You!|atk|1\n|turn|23\n|c|\u2606Steven Stone 007|GG\n|\n|t:|1699519995\n|move|p1a: It's Oger For You!|Ivy Cudgel|p2a: Landorus\n|-supereffective|p2a: Landorus\n|-damage|p2a: Landorus|2\/100\n|move|p2a: Landorus|U-turn|p1a: It's Oger For You!\n|-crit|p1a: It's Oger For You!\n|-damage|p1a: It's Oger For You!|0 fnt\n|faint|p1a: It's Oger For You!\n|\n|-weather|SunnyDay|[upkeep]\n|upkeep\n|c| AlolanSandslashOU|I think crit mattered\n|c|\u2606Just B3A$T|mad.\n|\n|t:|1699520007\n|switch|p1a: Ronin|Gallade, M, shiny|100\/100\n|turn|24\n|c| AlolanSandslashOU|He actually lived that lmfao\n|\n|t:|1699520010\n|move|p2a: Landorus|U-turn|p1a: Ronin\n|-damage|p1a: Ronin|55\/100\n|move|p1a: Ronin|Psycho Cut|p2a: Landorus\n|-damage|p2a: Landorus|0 fnt\n|faint|p2a: Landorus\n|\n|win|Just B3A$T\n|c|\u2606Just B3A$T|Init\n|c|\u2606Just B3A$T|welp\n|c|\u2606Just B3A$T|I'm the second to beat you now\n|c|\u2606Steven Stone 007|GG\n|c|\u2606Just B3A$T|all it took was a team change ig\n|c|\u2606Just B3A$T|gg\n|c| AlolanSandslashOU|Tbf beast\n|l|\u2606Steven Stone 007\n|c| AlolanSandslashOU|your old team gets shit on\n|c| AlolanSandslashOU|By groudon\n|c|\u2606Just B3A$T|ye\n|l| AlolanSandslashOU\n|c|\u2606Just B3A$T|Oger solo'd Groudon so\n|l|\u2606Just B3A$T\n|j|\u2606Just B3A$T\n|player|p1|Just B3A$T|noland\n","uploadtime":1699520018,"views":5,"p1id":"justb3at","p2id":"stevenstone007","formatid":"gen9nationaldexubers","rating":0,"private":0,"password":""}