{"id":"gen9nationaldexubers-1989190400","p1":"DragonSoda42","p2":"Oakin64","format":"[Gen 9] National Dex Ubers","log":"|j|\u2606DragonSoda42\n|j|\u2606Oakin64\n|t:|1699821702\n|gametype|singles\n|player|p1|DragonSoda42|misty|\n|player|p2|Oakin64|101|\n|teamsize|p1|6\n|teamsize|p2|6\n|gen|9\n|tier|[Gen 9] National Dex Ubers\n|rule|HP Percentage Mod: HP is shown in percentages\n|rule|Endless Battle Clause: Forcing endless battles is banned\n|rule|OHKO Clause: OHKO moves are banned\n|rule|Evasion Moves Clause: Evasion moves are banned\n|rule|Evasion Items Clause: Evasion items are banned\n|rule|Species Clause: Limit one of each Pok\u00e9mon\n|rule|Sleep Clause Mod: Limit one foe put to sleep\n|rule|Mega Rayquaza Clause: You cannot mega evolve Rayquaza\n|clearpoke\n|poke|p1|Beedrill, F|\n|poke|p1|Whimsicott, F|\n|poke|p1|Gliscor, M|\n|poke|p1|Latios, M|\n|poke|p1|Registeel|\n|poke|p1|Hitmontop, M|\n|poke|p2|Houndstone, M|\n|poke|p2|Latias, F|\n|poke|p2|Walrein, M|\n|poke|p2|Bombirdier, F|\n|poke|p2|Heracross, M|\n|poke|p2|Enamorus-Therian, F|\n|teampreview\n|\n|t:|1699821718\n|start\n|switch|p1a: Gliscor|Gliscor, M|100\/100\n|switch|p2a: Priscilla|Latias, F|100\/100\n|turn|1\n|\n|t:|1699821727\n|switch|p1a: Registeel|Registeel|100\/100\n|move|p2a: Priscilla|Trick|p1a: Registeel\n|-activate|p2a: Priscilla|move: Trick|[of] p1a: Registeel\n|-item|p1a: Registeel|Choice Scarf|[from] move: Trick\n|-item|p2a: Priscilla|Leftovers|[from] move: Trick\n|\n|upkeep\n|turn|2\n|j| CalamityCentral\n|j| dcmrulz\n|\n|t:|1699821754\n|switch|p2a: Francesca|Bombirdier, F|100\/100\n|move|p1a: Registeel|Thunder Wave|p2a: Francesca\n|-status|p2a: Francesca|par\n|\n|upkeep\n|turn|3\n|\n|t:|1699821781\n|switch|p1a: Hitmontop|Hitmontop, M|100\/100\n|-ability|p1a: Hitmontop|Intimidate|boost\n|-unboost|p2a: Francesca|atk|1\n|cant|p2a: Francesca|par\n|\n|upkeep\n|turn|4\n|\n|t:|1699821789\n|switch|p2a: Spooky-Doo|Houndstone, M|100\/100\n|move|p1a: Hitmontop|Triple Axel|p2a: Spooky-Doo|[miss]\n|-miss|p1a: Hitmontop|p2a: Spooky-Doo\n|\n|upkeep\n|turn|5\n|\n|t:|1699821798\n|switch|p1a: Gliscor|Gliscor, M|100\/100\n|switch|p2a: Priscilla|Latias, F|100\/100\n|\n|-status|p1a: Gliscor|tox|[from] item: Toxic Orb\n|upkeep\n|turn|6\n|\n|t:|1699821808\n|move|p1a: Gliscor|Protect|p1a: Gliscor\n|-singleturn|p1a: Gliscor|Protect\n|move|p2a: Priscilla|Psychic|p1a: Gliscor\n|-activate|p1a: Gliscor|move: Protect\n|\n|upkeep\n|turn|7\n|c| dcmrulz|the double retreat\n|\n|t:|1699821819\n|switch|p1a: Registeel|Registeel|100\/100\n|move|p2a: Priscilla|Ice Beam|p1a: Registeel\n|-resisted|p1a: Registeel\n|-damage|p1a: Registeel|91\/100\n|\n|upkeep\n|turn|8\n|\n|t:|1699821825\n|switch|p2a: Francesca|Bombirdier, F|100\/100 par\n|move|p1a: Registeel|Stealth Rock|p2a: Francesca\n|-sidestart|p2: Oakin64|move: Stealth Rock\n|\n|upkeep\n|turn|9\n|\n|t:|1699821840\n|switch|p1a: Gliscor|Gliscor, M|100\/100 tox\n|cant|p2a: Francesca|par\n|\n|upkeep\n|turn|10\n|\n|t:|1699821853\n|switch|p2a: Gum|Heracross, M|100\/100\n|-damage|p2a: Gum|88\/100|[from] Stealth Rock\n|move|p1a: Gliscor|Knock Off|p2a: Gum\n|-resisted|p2a: Gum\n|-damage|p2a: Gum|78\/100\n|\n|upkeep\n|turn|11\n|\n|t:|1699821879\n|switch|p1a: Beedrill|Beedrill, F|100\/100\n|move|p2a: Gum|Trailblaze|p1a: Beedrill\n|-resisted|p1a: Beedrill\n|-damage|p1a: Beedrill|90\/100\n|-boost|p2a: Gum|spe|1\n|\n|upkeep\n|turn|12\n|\n|t:|1699821930\n|detailschange|p2a: Gum|Heracross-Mega, M\n|-mega|p2a: Gum|Heracross|Heracronite\n|detailschange|p1a: Beedrill|Beedrill-Mega, F\n|-mega|p1a: Beedrill|Beedrill|Beedrillite\n|move|p1a: Beedrill|U-turn|p2a: Gum\n|-resisted|p2a: Gum\n|-crit|p2a: Gum\n|-damage|p2a: Gum|43\/100\n|\n|t:|1699821945\n|switch|p1a: Latios|Latios, M|100\/100|[from] U-turn\n|move|p2a: Gum|Trailblaze|p1a: Latios\n|-resisted|p1a: Latios\n|-damage|p1a: Latios|85\/100\n|-boost|p2a: Gum|spe|1\n|\n|upkeep\n|turn|13\n|\n|t:|1699821970\n|move|p1a: Latios|Psychic|p2a: Gum\n|-supereffective|p2a: Gum\n|-damage|p2a: Gum|0 fnt\n|faint|p2a: Gum\n|\n|upkeep\n|\n|t:|1699821977\n|switch|p2a: Priscilla|Latias, F|100\/100\n|-damage|p2a: Priscilla|88\/100|[from] Stealth Rock\n|turn|14\n|\n|t:|1699821989\n|switch|p1a: Registeel|Registeel|91\/100\n|move|p2a: Priscilla|Defog|p1a: Registeel\n|-fail|p1a: Registeel|unboost|[from] ability: Clear Body|[of] p1a: Registeel\n|-sideend|p2: Oakin64|Stealth Rock|[from] move: Defog|[of] p2a: Priscilla\n|\n|-heal|p2a: Priscilla|94\/100|[from] item: Leftovers\n|upkeep\n|turn|15\n|\n|t:|1699821996\n|switch|p2a: Jennika|Enamorus-Therian, F|100\/100\n|move|p1a: Registeel|Stealth Rock|p2a: Jennika\n|-sidestart|p2: Oakin64|move: Stealth Rock\n|\n|upkeep\n|turn|16\n|\n|t:|1699822004\n|switch|p1a: Whimsicott|Whimsicott, F|100\/100\n|move|p2a: Jennika|Mystical Fire|p1a: Whimsicott\n|-supereffective|p1a: Whimsicott\n|-damage|p1a: Whimsicott|32\/100\n|-unboost|p1a: Whimsicott|spa|1\n|\n|upkeep\n|turn|17\n|\n|t:|1699822016\n|move|p1a: Whimsicott|Tailwind|p1a: Whimsicott\n|-sidestart|p1: DragonSoda42|move: Tailwind\n|move|p2a: Jennika|Mystical Fire|p1a: Whimsicott\n|-supereffective|p1a: Whimsicott\n|-damage|p1a: Whimsicott|0 fnt\n|faint|p1a: Whimsicott\n|\n|upkeep\n|\n|t:|1699822028\n|switch|p1a: Hitmontop|Hitmontop, M|100\/100\n|-ability|p1a: Hitmontop|Intimidate|boost\n|-unboost|p2a: Jennika|atk|1\n|turn|18\n|\n|t:|1699822047\n|switch|p2a: Spooky-Doo|Houndstone, M|100\/100\n|-damage|p2a: Spooky-Doo|88\/100|[from] Stealth Rock\n|move|p1a: Hitmontop|Triple Axel|p2a: Spooky-Doo\n|-damage|p2a: Spooky-Doo|86\/100\n|-damage|p1a: Hitmontop|84\/100|[from] item: Rocky Helmet|[of] p2a: Spooky-Doo\n|-damage|p2a: Spooky-Doo|81\/100\n|-damage|p1a: Hitmontop|67\/100|[from] item: Rocky Helmet|[of] p2a: Spooky-Doo\n|-damage|p2a: Spooky-Doo|75\/100\n|-damage|p1a: Hitmontop|51\/100|[from] item: Rocky Helmet|[of] p2a: Spooky-Doo\n|-hitcount|p2a: Spooky-Doo|3\n|\n|upkeep\n|turn|19\n|\n|t:|1699822085\n|switch|p1a: Gliscor|Gliscor, M|100\/100 tox\n|move|p2a: Spooky-Doo|Roar|p1a: Gliscor\n|drag|p1a: Hitmontop|Hitmontop, M|51\/100\n|-ability|p1a: Hitmontop|Intimidate|boost\n|-unboost|p2a: Spooky-Doo|atk|1\n|\n|upkeep\n|turn|20\n|\n|t:|1699822097\n|switch|p1a: Beedrill|Beedrill-Mega, F|90\/100\n|move|p2a: Spooky-Doo|Poltergeist|p1a: Beedrill\n|-activate|p1a: Beedrill|move: Poltergeist|Beedrillite\n|-damage|p1a: Beedrill|21\/100\n|\n|-sideend|p1: DragonSoda42|move: Tailwind\n|upkeep\n|turn|21\n|\n|t:|1699822108\n|move|p1a: Beedrill|Knock Off|p2a: Spooky-Doo\n|-supereffective|p2a: Spooky-Doo\n|-damage|p2a: Spooky-Doo|48\/100\n|-damage|p1a: Beedrill|5\/100|[from] item: Rocky Helmet|[of] p2a: Spooky-Doo\n|-enditem|p2a: Spooky-Doo|Rocky Helmet|[from] move: Knock Off|[of] p1a: Beedrill\n|move|p2a: Spooky-Doo|Body Press|p1a: Beedrill\n|-resisted|p1a: Beedrill\n|-damage|p1a: Beedrill|0 fnt\n|faint|p1a: Beedrill\n|\n|upkeep\n|\n|t:|1699822128\n|switch|p1a: Gliscor|Gliscor, M|100\/100 tox\n|turn|22\n|\n|t:|1699822169\n|move|p2a: Spooky-Doo|Protect|p2a: Spooky-Doo\n|-singleturn|p2a: Spooky-Doo|Protect\n|move|p1a: Gliscor|Knock Off|p2a: Spooky-Doo\n|-activate|p2a: Spooky-Doo|move: Protect\n|\n|upkeep\n|turn|23\n|\n|t:|1699822180\n|switch|p2a: Francesca|Bombirdier, F|100\/100 par\n|-damage|p2a: Francesca|76\/100 par|[from] Stealth Rock\n|move|p1a: Gliscor|Spikes|p2a: Francesca\n|-sidestart|p2: Oakin64|Spikes\n|\n|upkeep\n|turn|24\n|\n|t:|1699822185\n|move|p1a: Gliscor|Spikes|p2a: Francesca\n|-sidestart|p2: Oakin64|Spikes\n|cant|p2a: Francesca|par\n|\n|upkeep\n|turn|25\n|\n|t:|1699822189\n|move|p1a: Gliscor|Spikes|p2a: Francesca\n|-sidestart|p2: Oakin64|Spikes\n|move|p2a: Francesca|Stealth Rock|p1a: Gliscor\n|-sidestart|p1: DragonSoda42|move: Stealth Rock\n|\n|upkeep\n|turn|26\n|\n|t:|1699822197\n|move|p1a: Gliscor|Knock Off|p2a: Francesca\n|-resisted|p2a: Francesca\n|-damage|p2a: Francesca|60\/100 par\n|-enditem|p2a: Francesca|Focus Sash|[from] move: Knock Off|[of] p1a: Gliscor\n|move|p2a: Francesca|Brave Bird|p1a: Gliscor\n|-damage|p1a: Gliscor|67\/100 tox\n|-damage|p2a: Francesca|46\/100 par|[from] Recoil\n|\n|-heal|p1a: Gliscor|80\/100 tox|[from] ability: Poison Heal\n|upkeep\n|turn|27\n|\n|t:|1699822206\n|move|p1a: Gliscor|Knock Off|p2a: Francesca\n|-resisted|p2a: Francesca\n|-damage|p2a: Francesca|35\/100 par\n|move|p2a: Francesca|Knock Off|p1a: Gliscor\n|-damage|p1a: Gliscor|50\/100 tox\n|-enditem|p1a: Gliscor|Toxic Orb|[from] move: Knock Off|[of] p2a: Francesca\n|\n|-heal|p1a: Gliscor|63\/100 tox|[from] ability: Poison Heal\n|upkeep\n|turn|28\n|\n|t:|1699822215\n|move|p1a: Gliscor|Knock Off|p2a: Francesca\n|-resisted|p2a: Francesca\n|-damage|p2a: Francesca|23\/100 par\n|cant|p2a: Francesca|par\n|\n|-heal|p1a: Gliscor|75\/100 tox|[from] ability: Poison Heal\n|upkeep\n|turn|29\n|\n|t:|1699822222\n|move|p1a: Gliscor|Knock Off|p2a: Francesca\n|-resisted|p2a: Francesca\n|-damage|p2a: Francesca|12\/100 par\n|move|p2a: Francesca|Brave Bird|p1a: Gliscor\n|-damage|p1a: Gliscor|40\/100 tox\n|-damage|p2a: Francesca|0 fnt|[from] Recoil\n|faint|p2a: Francesca\n|\n|-heal|p1a: Gliscor|53\/100 tox|[from] ability: Poison Heal\n|upkeep\n|\n|t:|1699822227\n|switch|p2a: Priscilla|Latias, F|94\/100\n|-damage|p2a: Priscilla|82\/100|[from] Stealth Rock\n|turn|30\n|\n|t:|1699822235\n|move|p2a: Priscilla|Defog|p1a: Gliscor\n|-unboost|p1a: Gliscor|evasion|1\n|-sideend|p1: DragonSoda42|Stealth Rock|[from] move: Defog|[of] p2a: Priscilla\n|-sideend|p2: Oakin64|Spikes|[from] move: Defog|[of] p2a: Priscilla\n|-sideend|p2: Oakin64|Stealth Rock|[from] move: Defog|[of] p2a: Priscilla\n|move|p1a: Gliscor|Knock Off|p2a: Priscilla\n|-supereffective|p2a: Priscilla\n|-damage|p2a: Priscilla|26\/100\n|-enditem|p2a: Priscilla|Leftovers|[from] move: Knock Off|[of] p1a: Gliscor\n|\n|-heal|p1a: Gliscor|65\/100 tox|[from] ability: Poison Heal\n|upkeep\n|turn|31\n|\n|t:|1699822245\n|move|p1a: Gliscor|Protect|p1a: Gliscor\n|-singleturn|p1a: Gliscor|Protect\n|move|p2a: Priscilla|Ice Beam|p1a: Gliscor\n|-activate|p1a: Gliscor|move: Protect\n|\n|-heal|p1a: Gliscor|78\/100 tox|[from] ability: Poison Heal\n|upkeep\n|turn|32\n|\n|t:|1699822253\n|switch|p1a: Registeel|Registeel|91\/100\n|move|p2a: Priscilla|Ice Beam|p1a: Registeel\n|-resisted|p1a: Registeel\n|-damage|p1a: Registeel|82\/100\n|-status|p1a: Registeel|frz\n|\n|upkeep\n|turn|33\n|c| dcmrulz|oof\n|\n|t:|1699822268\n|switch|p2a: Jennika|Enamorus-Therian, F|100\/100\n|cant|p1a: Registeel|frz\n|\n|upkeep\n|turn|34\n|\n|t:|1699822272\n|-curestatus|p1a: Registeel|frz|[msg]\n|move|p1a: Registeel|Thunder Wave|p2a: Jennika\n|-status|p2a: Jennika|par\n|move|p2a: Jennika|Focus Blast|p1a: Registeel|[miss]\n|-miss|p2a: Jennika|p1a: Registeel\n|\n|upkeep\n|turn|35\n|\n|t:|1699822307\n|move|p1a: Registeel|Thunder Wave|p2a: Jennika\n|-fail|p2a: Jennika|par\n|move|p2a: Jennika|Moonblast|p1a: Registeel\n|-resisted|p1a: Registeel\n|-damage|p1a: Registeel|68\/100\n|\n|upkeep\n|turn|36\n|\n|t:|1699822317\n|switch|p1a: Gliscor|Gliscor, M|78\/100 tox\n|move|p2a: Jennika|Mystical Fire|p1a: Gliscor\n|-damage|p1a: Gliscor|52\/100 tox\n|-unboost|p1a: Gliscor|spa|1\n|\n|-heal|p1a: Gliscor|65\/100 tox|[from] ability: Poison Heal\n|upkeep\n|turn|37\n|\n|t:|1699822327\n|switch|p2a: Big Canine|Walrein, M|100\/100\n|move|p1a: Gliscor|Protect||[still]\n|-fail|p1a: Gliscor\n|\n|-heal|p1a: Gliscor|77\/100 tox|[from] ability: Poison Heal\n|upkeep\n|turn|38\n|\n|t:|1699822335\n|switch|p1a: Registeel|Registeel|68\/100\n|move|p2a: Big Canine|Surf|p1a: Registeel\n|-damage|p1a: Registeel|48\/100\n|\n|upkeep\n|turn|39\n|\n|t:|1699822341\n|switch|p2a: Jennika|Enamorus-Therian, F|100\/100 par\n|move|p1a: Registeel|Stealth Rock|p2a: Jennika\n|-sidestart|p2: Oakin64|move: Stealth Rock\n|\n|upkeep\n|turn|40\n|\n|t:|1699822347\n|switch|p1a: Gliscor|Gliscor, M|77\/100 tox\n|cant|p2a: Jennika|par\n|\n|-heal|p1a: Gliscor|90\/100 tox|[from] ability: Poison Heal\n|upkeep\n|turn|41\n|\n|t:|1699822354\n|move|p1a: Gliscor|Protect|p1a: Gliscor\n|-singleturn|p1a: Gliscor|Protect\n|move|p2a: Jennika|Moonblast|p1a: Gliscor\n|-activate|p1a: Gliscor|move: Protect\n|\n|-heal|p1a: Gliscor|100\/100 tox|[from] ability: Poison Heal\n|upkeep\n|turn|42\n|\n|t:|1699822363\n|move|p1a: Gliscor|Knock Off|p2a: Jennika\n|-resisted|p2a: Jennika\n|-damage|p2a: Jennika|91\/100 par\n|-enditem|p2a: Jennika|Assault Vest|[from] move: Knock Off|[of] p1a: Gliscor\n|cant|p2a: Jennika|par\n|\n|upkeep\n|turn|43\n|\n|t:|1699822378\n|move|p1a: Gliscor|Knock Off|p2a: Jennika\n|-resisted|p2a: Jennika\n|-damage|p2a: Jennika|84\/100 par\n|move|p2a: Jennika|Moonblast|p1a: Gliscor\n|-damage|p1a: Gliscor|52\/100 tox\n|\n|-heal|p1a: Gliscor|65\/100 tox|[from] ability: Poison Heal\n|upkeep\n|turn|44\n|\n|t:|1699822390\n|switch|p2a: Big Canine|Walrein, M|100\/100\n|-damage|p2a: Big Canine|75\/100|[from] Stealth Rock\n|move|p1a: Gliscor|Protect||[still]\n|-fail|p1a: Gliscor\n|\n|-heal|p1a: Gliscor|77\/100 tox|[from] ability: Poison Heal\n|upkeep\n|turn|45\n|\n|t:|1699822399\n|switch|p1a: Registeel|Registeel|48\/100\n|move|p2a: Big Canine|Surf|p1a: Registeel\n|-damage|p1a: Registeel|27\/100\n|\n|upkeep\n|turn|46\n|\n|t:|1699822409\n|move|p1a: Registeel|Body Press|p2a: Big Canine\n|-supereffective|p2a: Big Canine\n|-damage|p2a: Big Canine|25\/100\n|move|p2a: Big Canine|Surf|p1a: Registeel\n|-damage|p1a: Registeel|6\/100\n|\n|upkeep\n|turn|47\n|\n|t:|1699822423\n|move|p1a: Registeel|Body Press|p2a: Big Canine\n|-supereffective|p2a: Big Canine\n|-damage|p2a: Big Canine|0 fnt\n|faint|p2a: Big Canine\n|\n|upkeep\n|\n|t:|1699822430\n|switch|p2a: Priscilla|Latias, F|26\/100\n|-damage|p2a: Priscilla|14\/100|[from] Stealth Rock\n|turn|48\n|\n|t:|1699822441\n|move|p2a: Priscilla|Defog|p1a: Registeel\n|-fail|p1a: Registeel|unboost|[from] ability: Clear Body|[of] p1a: Registeel\n|-sideend|p2: Oakin64|Stealth Rock|[from] move: Defog|[of] p2a: Priscilla\n|move|p1a: Registeel|Body Press|p2a: Priscilla\n|-resisted|p2a: Priscilla\n|-damage|p2a: Priscilla|0 fnt\n|faint|p2a: Priscilla\n|\n|upkeep\n|\n|t:|1699822444\n|switch|p2a: Spooky-Doo|Houndstone, M|48\/100\n|turn|49\n|\n|t:|1699822464\n|switch|p1a: Gliscor|Gliscor, M|77\/100 tox\n|move|p2a: Spooky-Doo|Poltergeist||[still]\n|-fail|p2a: Spooky-Doo\n|\n|-heal|p1a: Gliscor|89\/100 tox|[from] ability: Poison Heal\n|upkeep\n|turn|50\n|\n|t:|1699822472\n|move|p1a: Gliscor|Knock Off|p2a: Spooky-Doo\n|-supereffective|p2a: Spooky-Doo\n|-damage|p2a: Spooky-Doo|36\/100\n|move|p2a: Spooky-Doo|Roar|p1a: Gliscor\n|drag|p1a: Latios|Latios, M|85\/100\n|\n|upkeep\n|turn|51\n|\n|t:|1699822494\n|move|p2a: Spooky-Doo|Protect|p2a: Spooky-Doo\n|-singleturn|p2a: Spooky-Doo|Protect\n|move|p1a: Latios|Psychic|p2a: Spooky-Doo\n|-activate|p2a: Spooky-Doo|move: Protect\n|\n|upkeep\n|turn|52\n|\n|t:|1699822508\n|move|p1a: Latios|Psychic|p2a: Spooky-Doo\n|-damage|p2a: Spooky-Doo|0 fnt\n|faint|p2a: Spooky-Doo\n|\n|upkeep\n|\n|t:|1699822510\n|switch|p2a: Jennika|Enamorus-Therian, F|84\/100 par\n|turn|53\n|\n|t:|1699822519\n|switch|p1a: Registeel|Registeel|6\/100\n|move|p2a: Jennika|Moonblast|p1a: Registeel\n|-resisted|p1a: Registeel\n|-damage|p1a: Registeel|0 fnt\n|faint|p1a: Registeel\n|\n|upkeep\n|\n|t:|1699822527\n|switch|p1a: Latios|Latios, M|85\/100\n|turn|54\n|\n|t:|1699822549\n|move|p1a: Latios|Mystical Fire|p2a: Jennika\n|-damage|p2a: Jennika|65\/100 par\n|-unboost|p2a: Jennika|spa|1\n|move|p2a: Jennika|Moonblast|p1a: Latios\n|-supereffective|p1a: Latios\n|-damage|p1a: Latios|28\/100\n|\n|upkeep\n|turn|55\n|\n|t:|1699822556\n|move|p1a: Latios|Mystical Fire|p2a: Jennika\n|-damage|p2a: Jennika|46\/100 par\n|-unboost|p2a: Jennika|spa|1\n|move|p2a: Jennika|Moonblast|p1a: Latios\n|-supereffective|p1a: Latios\n|-damage|p1a: Latios|0 fnt\n|faint|p1a: Latios\n|\n|upkeep\n|\n|t:|1699822564\n|switch|p1a: Hitmontop|Hitmontop, M|51\/100\n|-ability|p1a: Hitmontop|Intimidate|boost\n|-unboost|p2a: Jennika|atk|1\n|turn|56\n|\n|t:|1699822570\n|move|p1a: Hitmontop|Triple Axel|p2a: Jennika\n|-supereffective|p2a: Jennika\n|-damage|p2a: Jennika|35\/100 par\n|-supereffective|p2a: Jennika\n|-damage|p2a: Jennika|14\/100 par\n|-hitcount|p2a: Jennika|2\n|move|p2a: Jennika|Moonblast|p1a: Hitmontop\n|-supereffective|p1a: Hitmontop\n|-damage|p1a: Hitmontop|13\/100\n|\n|upkeep\n|turn|57\n|\n|t:|1699822593\n|move|p1a: Hitmontop|Triple Axel|p2a: Jennika\n|-supereffective|p2a: Jennika\n|-damage|p2a: Jennika|2\/100 par\n|-hitcount|p2a: Jennika|1\n|move|p2a: Jennika|Moonblast|p1a: Hitmontop\n|-supereffective|p1a: Hitmontop\n|-damage|p1a: Hitmontop|0 fnt\n|faint|p1a: Hitmontop\n|\n|upkeep\n|\n|t:|1699822602\n|switch|p1a: Gliscor|Gliscor, M|89\/100 tox\n|turn|58\n|\n|t:|1699822608\n|move|p1a: Gliscor|Knock Off|p2a: Jennika\n|-resisted|p2a: Jennika\n|-damage|p2a: Jennika|0 fnt\n|faint|p2a: Jennika\n|\n|win|DragonSoda42\n|c|\u2606DragonSoda42|gg\n|c|\u2606Oakin64|gg\n","uploadtime":1699822617,"views":33,"p1id":"dragonsoda42","p2id":"oakin64","formatid":"gen9nationaldexubers","rating":0,"private":0,"password":""}