{"id":"gen9nationaldexubers-1977804934","p1":"masterbharath","p2":"Bakitaladelbarrio","format":"[Gen 9] National Dex Ubers","log":"|j|\u2606masterbharath\n|j|\u2606Bakitaladelbarrio\n|t:|1698451721\n|gametype|singles\n|player|p1|masterbharath|101|1313\n|player|p2|Bakitaladelbarrio|blue|1315\n|teamsize|p1|6\n|teamsize|p2|6\n|gen|9\n|tier|[Gen 9] National Dex Ubers\n|rated|\n|rule|HP Percentage Mod: HP is shown in percentages\n|rule|Endless Battle Clause: Forcing endless battles is banned\n|rule|OHKO Clause: OHKO moves are banned\n|rule|Evasion Moves Clause: Evasion moves are banned\n|rule|Evasion Items Clause: Evasion items are banned\n|rule|Species Clause: Limit one of each Pok\u00e9mon\n|rule|Sleep Clause Mod: Limit one foe put to sleep\n|rule|Mega Rayquaza Clause: You cannot mega evolve Rayquaza\n|clearpoke\n|poke|p1|Glimmora, M|\n|poke|p1|Celesteela|\n|poke|p1|Xerneas-*|\n|poke|p1|Urshifu-*, F|\n|poke|p1|Pyukumuku, F|\n|poke|p1|Dragonite, F|\n|poke|p2|Groudon|\n|poke|p2|Deoxys-Attack|\n|poke|p2|Ho-Oh|\n|poke|p2|Xerneas-*|\n|poke|p2|Zygarde|\n|poke|p2|Genesect|\n|teampreview\n|inactive|Battle timer is ON: inactive players will automatically lose when time's up. (requested by Bakitaladelbarrio)\n|\n|t:|1698451754\n|start\n|switch|p1a: Glimmora|Glimmora, M|100\/100\n|switch|p2a: Genesect|Genesect|100\/100\n|-ability|p2a: Genesect|Download|boost\n|-boost|p2a: Genesect|spa|1\n|turn|1\n|\n|t:|1698451761\n|move|p2a: Genesect|Ice Beam|p1a: Glimmora\n|-damage|p1a: Glimmora|44\/100\n|move|p1a: Glimmora|Earth Power|p2a: Genesect\n|-damage|p2a: Genesect|58\/100\n|\n|upkeep\n|turn|2\n|\n|t:|1698451773\n|move|p2a: Genesect|Ice Beam|p1a: Glimmora\n|-damage|p1a: Glimmora|0 fnt\n|faint|p1a: Glimmora\n|\n|upkeep\n|\n|t:|1698451778\n|switch|p1a: Urshifu|Urshifu, F|100\/100\n|turn|3\n|\n|t:|1698451808\n|switch|p2a: Xerneas|Xerneas|100\/100\n|-ability|p2a: Xerneas|Fairy Aura\n|move|p1a: Urshifu|Low Kick|p2a: Xerneas\n|-resisted|p2a: Xerneas\n|-damage|p2a: Xerneas|75\/100\n|\n|upkeep\n|turn|4\n|\n|t:|1698451816\n|move|p1a: Urshifu|Wicked Blow|p2a: Xerneas\n|-resisted|p2a: Xerneas\n|-crit|p2a: Xerneas\n|-damage|p2a: Xerneas|51\/100\n|move|p2a: Xerneas|Moonblast|p1a: Urshifu\n|-supereffective|p1a: Urshifu\n|-enditem|p1a: Urshifu|Focus Sash\n|-damage|p1a: Urshifu|1\/100\n|\n|upkeep\n|turn|5\n|\n|t:|1698451824\n|move|p1a: Urshifu|U-turn|p2a: Xerneas\n|-resisted|p2a: Xerneas\n|-damage|p2a: Xerneas|40\/100\n|\n|t:|1698451830\n|switch|p1a: Pyukumuku|Pyukumuku, F|100\/100|[from] U-turn\n|move|p2a: Xerneas|Moonblast|p1a: Pyukumuku\n|-damage|p1a: Pyukumuku|65\/100\n|\n|-heal|p1a: Pyukumuku|71\/100|[from] item: Leftovers\n|upkeep\n|turn|6\n|\n|t:|1698451844\n|switch|p2a: Deoxys|Deoxys-Attack|100\/100\n|-ability|p2a: Deoxys|Pressure\n|move|p1a: Pyukumuku|Toxic|p2a: Deoxys\n|-status|p2a: Deoxys|tox\n|\n|-heal|p1a: Pyukumuku|77\/100|[from] item: Leftovers\n|-damage|p2a: Deoxys|95\/100 tox|[from] psn\n|upkeep\n|turn|7\n|\n|t:|1698451856\n|move|p2a: Deoxys|Psycho Boost|p1a: Pyukumuku\n|-damage|p1a: Pyukumuku|3\/100\n|-unboost|p2a: Deoxys|spa|2\n|-damage|p2a: Deoxys|85\/100 tox|[from] item: Life Orb\n|move|p1a: Pyukumuku|Recover|p1a: Pyukumuku\n|-heal|p1a: Pyukumuku|53\/100\n|\n|-heal|p1a: Pyukumuku|59\/100|[from] item: Leftovers\n|-damage|p2a: Deoxys|73\/100 tox|[from] psn\n|upkeep\n|turn|8\n|\n|t:|1698451871\n|switch|p2a: Genesect|Genesect|58\/100\n|-ability|p2a: Genesect|Download|boost\n|-boost|p2a: Genesect|atk|1\n|move|p1a: Pyukumuku|Recover|p1a: Pyukumuku\n|-heal|p1a: Pyukumuku|100\/100\n|\n|upkeep\n|turn|9\n|\n|t:|1698451879\n|move|p2a: Genesect|U-turn|p1a: Pyukumuku\n|-damage|p1a: Pyukumuku|77\/100\n|\n|t:|1698451883\n|switch|p2a: Deoxys|Deoxys-Attack|73\/100 tox|[from] U-turn\n|-ability|p2a: Deoxys|Pressure\n|move|p1a: Pyukumuku|Soak|p2a: Deoxys\n|-start|p2a: Deoxys|typechange|Water\n|\n|-heal|p1a: Pyukumuku|83\/100|[from] item: Leftovers\n|-damage|p2a: Deoxys|67\/100 tox|[from] psn\n|upkeep\n|turn|10\n|\n|t:|1698451895\n|move|p2a: Deoxys|Psycho Boost|p1a: Pyukumuku\n|-damage|p1a: Pyukumuku|32\/100\n|-unboost|p2a: Deoxys|spa|2\n|-damage|p2a: Deoxys|58\/100 tox|[from] item: Life Orb\n|move|p1a: Pyukumuku|Recover|p1a: Pyukumuku\n|-heal|p1a: Pyukumuku|82\/100\n|\n|-heal|p1a: Pyukumuku|88\/100|[from] item: Leftovers\n|-damage|p2a: Deoxys|46\/100 tox|[from] psn\n|upkeep\n|turn|11\n|\n|t:|1698451908\n|switch|p2a: Xerneas|Xerneas|40\/100\n|-ability|p2a: Xerneas|Fairy Aura\n|move|p1a: Pyukumuku|Block|p2a: Xerneas\n|-activate|p2a: Xerneas|trapped\n|\n|-heal|p1a: Pyukumuku|94\/100|[from] item: Leftovers\n|upkeep\n|turn|12\n|\n|t:|1698451918\n|move|p2a: Xerneas|Moonblast|p1a: Pyukumuku\n|-damage|p1a: Pyukumuku|58\/100\n|move|p1a: Pyukumuku|Toxic|p2a: Xerneas\n|-status|p2a: Xerneas|tox\n|\n|-heal|p1a: Pyukumuku|64\/100|[from] item: Leftovers\n|-damage|p2a: Xerneas|34\/100 tox|[from] psn\n|upkeep\n|turn|13\n|\n|t:|1698451936\n|move|p2a: Xerneas|Moonblast|p1a: Pyukumuku\n|-damage|p1a: Pyukumuku|27\/100\n|move|p1a: Pyukumuku|Recover|p1a: Pyukumuku\n|-heal|p1a: Pyukumuku|77\/100\n|\n|-heal|p1a: Pyukumuku|83\/100|[from] item: Leftovers\n|-damage|p2a: Xerneas|22\/100 tox|[from] psn\n|upkeep\n|turn|14\n|\n|t:|1698451945\n|move|p2a: Xerneas|Rest|p2a: Xerneas\n|-status|p2a: Xerneas|slp|[from] move: Rest\n|-heal|p2a: Xerneas|100\/100 slp|[silent]\n|move|p1a: Pyukumuku|Recover|p1a: Pyukumuku\n|-heal|p1a: Pyukumuku|100\/100\n|\n|upkeep\n|turn|15\n|\n|t:|1698451966\n|cant|p2a: Xerneas|slp\n|move|p2a: Xerneas|Sleep Talk|p2a: Xerneas\n|move|p2a: Xerneas|Moonblast|p1a: Pyukumuku|[from]move: Sleep Talk\n|-damage|p1a: Pyukumuku|66\/100\n|move|p1a: Pyukumuku|Soak|p2a: Xerneas\n|-start|p2a: Xerneas|typechange|Water\n|\n|-heal|p1a: Pyukumuku|72\/100|[from] item: Leftovers\n|upkeep\n|turn|16\n|\n|t:|1698451980\n|cant|p2a: Xerneas|slp\n|move|p2a: Xerneas|Sleep Talk|p2a: Xerneas\n|move|p2a: Xerneas|Aromatherapy|p2a: Xerneas|[from]move: Sleep Talk\n|-activate|p2a: Xerneas|move: Aromatherapy\n|-curestatus|p2a: Xerneas|slp|[msg]\n|-curestatus|p2: Deoxys|tox|[msg]\n|move|p1a: Pyukumuku|Recover|p1a: Pyukumuku\n|-heal|p1a: Pyukumuku|100\/100\n|\n|upkeep\n|turn|17\n|\n|t:|1698452000\n|switch|p1a: Celesteela|Celesteela|100\/100\n|move|p2a: Xerneas|Moonblast|p1a: Celesteela\n|-resisted|p1a: Celesteela\n|-damage|p1a: Celesteela|90\/100\n|\n|-heal|p1a: Celesteela|96\/100|[from] item: Leftovers\n|upkeep\n|turn|18\n|\n|t:|1698452009\n|switch|p2a: Groudon|Groudon|100\/100\n|detailschange|p2a: Groudon|Groudon-Primal\n|-primal|p2a: Groudon|Red Orb\n|-weather|DesolateLand|[from] ability: Desolate Land|[of] p2a: Groudon\n|move|p1a: Celesteela|Leech Seed|p2a: Groudon\n|-start|p2a: Groudon|move: Leech Seed\n|\n|-weather|DesolateLand|[upkeep]\n|-heal|p1a: Celesteela|100\/100|[from] item: Leftovers\n|-damage|p2a: Groudon|88\/100|[from] Leech Seed|[of] p1a: Celesteela\n|upkeep\n|turn|19\n|\n|t:|1698452026\n|switch|p1a: Pyukumuku|Pyukumuku, F|100\/100\n|move|p2a: Groudon|Stealth Rock|p1a: Pyukumuku\n|-sidestart|p1: masterbharath|move: Stealth Rock\n|\n|-weather|DesolateLand|[upkeep]\n|-damage|p2a: Groudon|76\/100|[from] Leech Seed|[of] p1a: Pyukumuku\n|upkeep\n|turn|20\n|\n|t:|1698452034\n|-weather|none\n|switch|p2a: Xerneas|Xerneas|100\/100\n|-ability|p2a: Xerneas|Fairy Aura\n|move|p1a: Pyukumuku|Block|p2a: Xerneas\n|-activate|p2a: Xerneas|trapped\n|\n|upkeep\n|turn|21\n|\n|t:|1698452042\n|move|p2a: Xerneas|Moonblast|p1a: Pyukumuku\n|-damage|p1a: Pyukumuku|68\/100\n|move|p1a: Pyukumuku|Toxic|p2a: Xerneas\n|-status|p2a: Xerneas|tox\n|\n|-heal|p1a: Pyukumuku|74\/100|[from] item: Leftovers\n|-damage|p2a: Xerneas|94\/100 tox|[from] psn\n|upkeep\n|turn|22\n|\n|t:|1698452054\n|switch|p1a: Celesteela|Celesteela|100\/100\n|-damage|p1a: Celesteela|88\/100|[from] Stealth Rock\n|move|p2a: Xerneas|Moonblast|p1a: Celesteela\n|-resisted|p1a: Celesteela\n|-damage|p1a: Celesteela|70\/100\n|\n|-heal|p1a: Celesteela|76\/100|[from] item: Leftovers\n|-damage|p2a: Xerneas|82\/100 tox|[from] psn\n|upkeep\n|turn|23\n|\n|t:|1698452066\n|-terastallize|p2a: Xerneas|Grass\n|move|p2a: Xerneas|Aromatherapy|p2a: Xerneas\n|-activate|p2a: Xerneas|move: Aromatherapy\n|-curestatus|p2a: Xerneas|tox|[msg]\n|move|p1a: Celesteela|Leech Seed|p2a: Xerneas\n|-immune|p2a: Xerneas\n|\n|-heal|p1a: Celesteela|82\/100|[from] item: Leftovers\n|upkeep\n|turn|24\n|\n|t:|1698452081\n|switch|p2a: Groudon|Groudon-Primal|76\/100\n|-weather|DesolateLand|[from] ability: Desolate Land|[of] p2a: Groudon\n|move|p1a: Celesteela|Flamethrower|p2a: Groudon\n|-resisted|p2a: Groudon\n|-damage|p2a: Groudon|59\/100\n|\n|-weather|DesolateLand|[upkeep]\n|-heal|p1a: Celesteela|88\/100|[from] item: Leftovers\n|upkeep\n|turn|25\n|\n|t:|1698452095\n|switch|p1a: Pyukumuku|Pyukumuku, F|74\/100\n|-damage|p1a: Pyukumuku|61\/100|[from] Stealth Rock\n|move|p2a: Groudon|Heat Crash|p1a: Pyukumuku\n|-resisted|p1a: Pyukumuku\n|-damage|p1a: Pyukumuku|12\/100\n|\n|-weather|DesolateLand|[upkeep]\n|-heal|p1a: Pyukumuku|18\/100|[from] item: Leftovers\n|upkeep\n|turn|26\n|\n|t:|1698452109\n|move|p2a: Groudon|Heat Crash|p1a: Pyukumuku\n|-resisted|p1a: Pyukumuku\n|-damage|p1a: Pyukumuku|0 fnt\n|faint|p1a: Pyukumuku\n|\n|-weather|DesolateLand|[upkeep]\n|upkeep\n|\n|t:|1698452115\n|switch|p1a: Dragonite|Dragonite, F|100\/100\n|-damage|p1a: Dragonite|76\/100|[from] Stealth Rock\n|turn|27\n|\n|t:|1698452124\n|-weather|none\n|switch|p2a: Xerneas|Xerneas, tera:Grass|82\/100\n|-ability|p2a: Xerneas|Fairy Aura\n|-terastallize|p1a: Dragonite|Dragon\n|move|p1a: Dragonite|Ice Spinner|p2a: Xerneas\n|-supereffective|p2a: Xerneas\n|-damage|p2a: Xerneas|36\/100\n|\n|upkeep\n|turn|28\n|\n|t:|1698452135\n|switch|p2a: Ho-Oh|Ho-Oh|100\/100\n|move|p1a: Dragonite|Ice Spinner|p2a: Ho-Oh\n|-damage|p2a: Ho-Oh|78\/100\n|\n|upkeep\n|turn|29\n|\n|t:|1698452143\n|move|p1a: Dragonite|Extreme Speed|p2a: Ho-Oh\n|-damage|p2a: Ho-Oh|58\/100\n|move|p2a: Ho-Oh|Toxic|p1a: Dragonite\n|-status|p1a: Dragonite|tox\n|\n|-damage|p1a: Dragonite|69\/100 tox|[from] psn\n|upkeep\n|turn|30\n|\n|t:|1698452159\n|move|p2a: Ho-Oh|Sacred Fire|p1a: Dragonite\n|-resisted|p1a: Dragonite\n|-damage|p1a: Dragonite|48\/100 tox\n|move|p1a: Dragonite|Dragon Dance|p1a: Dragonite\n|-boost|p1a: Dragonite|atk|1\n|-boost|p1a: Dragonite|spe|1\n|\n|-damage|p1a: Dragonite|35\/100 tox|[from] psn\n|upkeep\n|turn|31\n|\n|t:|1698452169\n|move|p1a: Dragonite|Ice Spinner|p2a: Ho-Oh\n|-damage|p2a: Ho-Oh|29\/100\n|move|p2a: Ho-Oh|Whirlwind|p1a: Dragonite\n|drag|p1a: Celesteela|Celesteela|88\/100\n|-damage|p1a: Celesteela|76\/100|[from] Stealth Rock\n|\n|-heal|p1a: Celesteela|82\/100|[from] item: Leftovers\n|upkeep\n|turn|32\n|\n|t:|1698452179\n|switch|p2a: Groudon|Groudon-Primal|59\/100\n|-weather|DesolateLand|[from] ability: Desolate Land|[of] p2a: Groudon\n|move|p1a: Celesteela|Leech Seed|p2a: Groudon\n|-start|p2a: Groudon|move: Leech Seed\n|\n|-weather|DesolateLand|[upkeep]\n|-heal|p1a: Celesteela|88\/100|[from] item: Leftovers\n|-damage|p2a: Groudon|47\/100|[from] Leech Seed|[of] p1a: Celesteela\n|-heal|p1a: Celesteela|99\/100|[silent]\n|upkeep\n|turn|33\n|\n|t:|1698452190\n|move|p1a: Celesteela|Protect|p1a: Celesteela\n|-singleturn|p1a: Celesteela|Protect\n|move|p2a: Groudon|Heat Crash|p1a: Celesteela\n|-activate|p1a: Celesteela|move: Protect\n|\n|-weather|DesolateLand|[upkeep]\n|-heal|p1a: Celesteela|100\/100|[from] item: Leftovers\n|-damage|p2a: Groudon|34\/100|[from] Leech Seed|[of] p1a: Celesteela\n|upkeep\n|turn|34\n|\n|t:|1698452202\n|move|p2a: Groudon|Heat Crash|p1a: Celesteela\n|-supereffective|p1a: Celesteela\n|-damage|p1a: Celesteela|37\/100\n|move|p1a: Celesteela|Flamethrower|p2a: Groudon\n|-resisted|p2a: Groudon\n|-damage|p2a: Groudon|17\/100\n|\n|-weather|DesolateLand|[upkeep]\n|-heal|p1a: Celesteela|43\/100|[from] item: Leftovers\n|-damage|p2a: Groudon|5\/100|[from] Leech Seed|[of] p1a: Celesteela\n|-heal|p1a: Celesteela|53\/100|[silent]\n|upkeep\n|turn|35\n|\n|t:|1698452213\n|-weather|none\n|switch|p2a: Deoxys|Deoxys-Attack|46\/100\n|-ability|p2a: Deoxys|Pressure\n|move|p1a: Celesteela|Protect||[still]\n|-fail|p1a: Celesteela\n|\n|-heal|p1a: Celesteela|59\/100|[from] item: Leftovers\n|upkeep\n|turn|36\n|\n|t:|1698452232\n|switch|p2a: Genesect|Genesect|58\/100\n|-ability|p2a: Genesect|Download|boost\n|-boost|p2a: Genesect|atk|1\n|move|p1a: Celesteela|Leech Seed|p2a: Genesect\n|-start|p2a: Genesect|move: Leech Seed\n|\n|-heal|p1a: Celesteela|65\/100|[from] item: Leftovers\n|-damage|p2a: Genesect|46\/100|[from] Leech Seed|[of] p1a: Celesteela\n|-heal|p1a: Celesteela|74\/100|[silent]\n|upkeep\n|turn|37\n|\n|t:|1698452251\n|switch|p2a: Zygarde|Zygarde|100\/100\n|move|p1a: Celesteela|Protect||[still]\n|-fail|p1a: Celesteela\n|\n|-heal|p1a: Celesteela|80\/100|[from] item: Leftovers\n|upkeep\n|turn|38\n|\n|t:|1698452259\n|move|p2a: Zygarde|Glare|p1a: Celesteela\n|-status|p1a: Celesteela|par\n|move|p1a: Celesteela|Leech Seed|p2a: Zygarde|[miss]\n|-miss|p1a: Celesteela|p2a: Zygarde\n|\n|-heal|p1a: Celesteela|86\/100 par|[from] item: Leftovers\n|upkeep\n|turn|39\n|\n|t:|1698452269\n|move|p2a: Zygarde|Coil|p2a: Zygarde\n|-boost|p2a: Zygarde|atk|1\n|-boost|p2a: Zygarde|def|1\n|-boost|p2a: Zygarde|accuracy|1\n|move|p1a: Celesteela|Leech Seed|p2a: Zygarde\n|-start|p2a: Zygarde|move: Leech Seed\n|\n|-heal|p1a: Celesteela|92\/100 par|[from] item: Leftovers\n|-damage|p2a: Zygarde|88\/100|[from] Leech Seed|[of] p1a: Celesteela\n|-heal|p1a: Celesteela|100\/100 par|[silent]\n|upkeep\n|turn|40\n|\n|t:|1698452283\n|move|p1a: Celesteela|Protect|p1a: Celesteela\n|-singleturn|p1a: Celesteela|Protect\n|move|p2a: Zygarde|Coil|p2a: Zygarde\n|-boost|p2a: Zygarde|atk|1\n|-boost|p2a: Zygarde|def|1\n|-boost|p2a: Zygarde|accuracy|1\n|\n|-heal|p2a: Zygarde|94\/100|[from] item: Leftovers\n|-damage|p2a: Zygarde|82\/100|[from] Leech Seed|[of] p1a: Celesteela\n|upkeep\n|turn|41\n|\n|t:|1698452293\n|move|p2a: Zygarde|Thousand Arrows|p1a: Celesteela\n|-damage|p1a: Celesteela|54\/100 par\n|-start|p1a: Celesteela|Smack Down\n|cant|p1a: Celesteela|par\n|\n|-heal|p2a: Zygarde|88\/100|[from] item: Leftovers\n|-heal|p1a: Celesteela|60\/100 par|[from] item: Leftovers\n|-damage|p2a: Zygarde|76\/100|[from] Leech Seed|[of] p1a: Celesteela\n|-heal|p1a: Celesteela|73\/100 par|[silent]\n|upkeep\n|turn|42\n|\n|t:|1698452304\n|move|p2a: Zygarde|Thousand Arrows|p1a: Celesteela\n|-supereffective|p1a: Celesteela\n|-damage|p1a: Celesteela|0 fnt\n|faint|p1a: Celesteela\n|\n|-heal|p2a: Zygarde|82\/100|[from] item: Leftovers\n|upkeep\n|\n|t:|1698452312\n|switch|p1a: Urshifu|Urshifu, F|1\/100\n|-damage|p1a: Urshifu|0 fnt|[from] Stealth Rock\n|faint|p1a: Urshifu\n|\n|t:|1698452314\n|switch|p1a: Dragonite|Dragonite, F, tera:Dragon|35\/100 tox\n|-damage|p1a: Dragonite|23\/100 tox|[from] Stealth Rock\n|turn|43\n|\n|t:|1698452331\n|switch|p2a: Groudon|Groudon-Primal|5\/100\n|-weather|DesolateLand|[from] ability: Desolate Land|[of] p2a: Groudon\n|move|p1a: Dragonite|Ice Spinner|p2a: Groudon\n|-damage|p2a: Groudon|0 fnt\n|faint|p2a: Groudon\n|-weather|none\n|\n|-damage|p1a: Dragonite|17\/100 tox|[from] psn\n|upkeep\n|\n|t:|1698452344\n|switch|p2a: Genesect|Genesect|46\/100\n|-ability|p2a: Genesect|Download|boost\n|-boost|p2a: Genesect|atk|1\n|turn|44\n|\n|t:|1698452349\n|move|p2a: Genesect|Iron Head|p1a: Dragonite\n|-damage|p1a: Dragonite|0 fnt\n|faint|p1a: Dragonite\n|\n|upkeep\n|\n|t:|1698452353\n|switch|p1a: Xerneas|Xerneas|100\/100\n|-damage|p1a: Xerneas|88\/100|[from] Stealth Rock\n|-ability|p1a: Xerneas|Fairy Aura\n|turn|45\n|\n|t:|1698452358\n|move|p2a: Genesect|Iron Head|p1a: Xerneas\n|-supereffective|p1a: Xerneas\n|-damage|p1a: Xerneas|8\/100\n|move|p1a: Xerneas|Geomancy||[still]\n|-prepare|p1a: Xerneas|Geomancy\n|-enditem|p1a: Xerneas|Power Herb\n|-anim|p1a: Xerneas|Geomancy|p1a: Xerneas\n|-boost|p1a: Xerneas|spa|2\n|-boost|p1a: Xerneas|spd|2\n|-boost|p1a: Xerneas|spe|2\n|\n|upkeep\n|turn|46\n|\n|t:|1698452368\n|move|p1a: Xerneas|Moonblast|p2a: Genesect\n|-resisted|p2a: Genesect\n|-damage|p2a: Genesect|0 fnt\n|faint|p2a: Genesect\n|\n|upkeep\n|\n|t:|1698452376\n|switch|p2a: Ho-Oh|Ho-Oh|62\/100\n|turn|47\n|\n|t:|1698452379\n|move|p1a: Xerneas|Thunder|p2a: Ho-Oh|[miss]\n|-miss|p1a: Xerneas|p2a: Ho-Oh\n|move|p2a: Ho-Oh|Toxic|p1a: Xerneas\n|-status|p1a: Xerneas|tox\n|\n|-damage|p1a: Xerneas|2\/100 tox|[from] psn\n|upkeep\n|turn|48\n|-message|masterbharath forfeited.\n|\n|win|Bakitaladelbarrio\n|raw|masterbharath's rating: 1313 &rarr; <strong>1293<\/strong><br \/>(-20 for losing)\n|raw|Bakitaladelbarrio's rating: 1315 &rarr; <strong>1335<\/strong><br \/>(+20 for winning)\n|l|\u2606masterbharath\n","uploadtime":1698452397,"views":4,"p1id":"masterbharath","p2id":"bakitaladelbarrio","formatid":"gen9nationaldexubers","rating":1293,"private":0,"password":""}