{"id":"gen9nationaldexubers-1985640851","p1":"SerasVSpectra","p2":"IConsumeChairs","format":"[Gen 9] National Dex Ubers","log":"|j|\u2606SerasVSpectra\n|j|\u2606IConsumeChairs\n|t:|1699391511\n|gametype|singles\n|player|p1|SerasVSpectra|guitarist|1446\n|player|p2|IConsumeChairs|lucas|1705\n|teamsize|p1|6\n|teamsize|p2|6\n|gen|9\n|tier|[Gen 9] National Dex Ubers\n|rated|\n|rule|HP Percentage Mod: HP is shown in percentages\n|rule|Endless Battle Clause: Forcing endless battles is banned\n|rule|OHKO Clause: OHKO moves are banned\n|rule|Evasion Moves Clause: Evasion moves are banned\n|rule|Evasion Items Clause: Evasion items are banned\n|rule|Species Clause: Limit one of each Pok\u00e9mon\n|rule|Sleep Clause Mod: Limit one foe put to sleep\n|rule|Mega Rayquaza Clause: You cannot mega evolve Rayquaza\n|clearpoke\n|poke|p1|Deoxys-Attack|\n|poke|p1|Necrozma-Dawn-Wings|\n|poke|p1|Excadrill, F|\n|poke|p1|Indeedee, M|\n|poke|p1|Shuckle, M|\n|poke|p1|Groudon|\n|poke|p2|Arceus-Ground|\n|poke|p2|Groudon|\n|poke|p2|Ho-Oh|\n|poke|p2|Marshadow|\n|poke|p2|Eternatus|\n|poke|p2|Ditto|\n|teampreview\n|\n|t:|1699391524\n|start\n|switch|p1a: Shuckle|Shuckle, M|100\/100\n|switch|p2a: Arceus|Arceus-Ground|100\/100\n|turn|1\n|\n|t:|1699391527\n|move|p2a: Arceus|Taunt|p1a: Shuckle\n|-start|p1a: Shuckle|move: Taunt\n|cant|p1a: Shuckle|move: Taunt|Stealth Rock\n|\n|upkeep\n|turn|2\n|\n|t:|1699391532\n|move|p2a: Arceus|Judgment|p1a: Shuckle\n|-damage|p1a: Shuckle|70\/100\n|-enditem|p1a: Shuckle|Red Card|[of] p2a: Arceus\n|drag|p2a: Groudon|Groudon|100\/100\n|detailschange|p2a: Groudon|Groudon-Primal\n|-primal|p2a: Groudon|Red Orb\n|-weather|DesolateLand|[from] ability: Desolate Land|[of] p2a: Groudon\n|move|p1a: Shuckle|Mud-Slap|p2a: Groudon\n|-supereffective|p2a: Groudon\n|-damage|p2a: Groudon|98\/100\n|-unboost|p2a: Groudon|accuracy|1\n|\n|-weather|DesolateLand|[upkeep]\n|upkeep\n|turn|3\n|\n|t:|1699391541\n|move|p2a: Groudon|Stealth Rock|p1a: Shuckle\n|-sidestart|p1: SerasVSpectra|move: Stealth Rock\n|move|p1a: Shuckle|Mud-Slap|p2a: Groudon\n|-supereffective|p2a: Groudon\n|-damage|p2a: Groudon|96\/100\n|-unboost|p2a: Groudon|accuracy|1\n|\n|-weather|DesolateLand|[upkeep]\n|-end|p1a: Shuckle|move: Taunt\n|upkeep\n|turn|4\n|\n|t:|1699391548\n|move|p2a: Groudon|Precipice Blades|p1a: Shuckle\n|-damage|p1a: Shuckle|25\/100\n|move|p1a: Shuckle|Stealth Rock|p2a: Groudon\n|-sidestart|p2: IConsumeChairs|move: Stealth Rock\n|\n|-weather|DesolateLand|[upkeep]\n|upkeep\n|turn|5\n|\n|t:|1699391552\n|move|p2a: Groudon|Precipice Blades|p1a: Shuckle|[miss]\n|-miss|p2a: Groudon|p1a: Shuckle\n|move|p1a: Shuckle|Sticky Web|p2a: Groudon\n|-sidestart|p2: IConsumeChairs|move: Sticky Web\n|\n|-weather|DesolateLand|[upkeep]\n|upkeep\n|turn|6\n|\n|t:|1699391554\n|move|p2a: Groudon|Precipice Blades|p1a: Shuckle|[miss]\n|-miss|p2a: Groudon|p1a: Shuckle\n|move|p1a: Shuckle|Toxic|p2a: Groudon|[miss]\n|-miss|p1a: Shuckle|p2a: Groudon\n|\n|-weather|DesolateLand|[upkeep]\n|upkeep\n|turn|7\n|\n|t:|1699391558\n|move|p2a: Groudon|Precipice Blades|p1a: Shuckle|[miss]\n|-miss|p2a: Groudon|p1a: Shuckle\n|move|p1a: Shuckle|Toxic|p2a: Groudon\n|-status|p2a: Groudon|tox\n|\n|-weather|DesolateLand|[upkeep]\n|-damage|p2a: Groudon|89\/100 tox|[from] psn\n|upkeep\n|turn|8\n|\n|t:|1699391561\n|move|p2a: Groudon|Precipice Blades|p1a: Shuckle\n|-damage|p1a: Shuckle|0 fnt\n|faint|p1a: Shuckle\n|\n|-weather|DesolateLand|[upkeep]\n|-damage|p2a: Groudon|77\/100 tox|[from] psn\n|upkeep\n|\n|t:|1699391567\n|switch|p1a: Indeedee|Indeedee, M|100\/100\n|-damage|p1a: Indeedee|88\/100|[from] Stealth Rock\n|-fieldstart|move: Psychic Terrain|[from] ability: Psychic Surge|[of] p1a: Indeedee\n|turn|9\n|\n|t:|1699391573\n|-weather|none\n|switch|p2a: Ho-Oh|Ho-Oh|100\/100\n|move|p1a: Indeedee|Healing Wish|p1a: Indeedee\n|faint|p1a: Indeedee\n|\n|upkeep\n|\n|t:|1699391585\n|switch|p1a: Deoxys|Deoxys-Attack|100\/100\n|-damage|p1a: Deoxys|88\/100|[from] Stealth Rock\n|-ability|p1a: Deoxys|Pressure\n|turn|10\n|\n|t:|1699391592\n|-terastallize|p1a: Deoxys|Psychic\n|move|p1a: Deoxys|Psychic|p2a: Ho-Oh\n|-damage|p2a: Ho-Oh|42\/100\n|move|p2a: Ho-Oh|Defog|p1a: Deoxys\n|-unboost|p1a: Deoxys|evasion|1\n|-sideend|p1: SerasVSpectra|Stealth Rock|[from] move: Defog|[of] p2a: Ho-Oh\n|-sideend|p2: IConsumeChairs|Stealth Rock|[from] move: Defog|[of] p2a: Ho-Oh\n|-sideend|p2: IConsumeChairs|Sticky Web|[from] move: Defog|[of] p2a: Ho-Oh\n|-fieldend|move: Psychic Terrain\n|\n|upkeep\n|turn|11\n|\n|t:|1699391600\n|move|p1a: Deoxys|Psychic|p2a: Ho-Oh\n|-damage|p2a: Ho-Oh|0 fnt\n|faint|p2a: Ho-Oh\n|\n|upkeep\n|\n|t:|1699391603\n|switch|p2a: Marshadow|Marshadow|100\/100\n|turn|12\n|\n|t:|1699391610\n|switch|p1a: Groudon|Groudon, shiny|100\/100\n|detailschange|p1a: Groudon|Groudon-Primal, shiny\n|-primal|p1a: Groudon|Red Orb\n|-weather|DesolateLand|[from] ability: Desolate Land|[of] p1a: Groudon\n|move|p2a: Marshadow|Shadow Sneak|p1a: Groudon\n|-damage|p1a: Groudon|69\/100\n|\n|-weather|DesolateLand|[upkeep]\n|upkeep\n|turn|13\n|\n|t:|1699391617\n|switch|p2a: Arceus|Arceus-Ground|100\/100\n|move|p1a: Groudon|Fire Punch|p2a: Arceus\n|-damage|p2a: Arceus|43\/100\n|\n|-weather|DesolateLand|[upkeep]\n|upkeep\n|turn|14\n|\n|t:|1699391620\n|-weather|none\n|switch|p1a: Excadrill|Excadrill, F|100\/100\n|-ability|p1a: Excadrill|Mold Breaker\n|-item|p1a: Excadrill|Air Balloon\n|move|p2a: Arceus|Judgment|p1a: Excadrill\n|-immune|p1a: Excadrill\n|\n|upkeep\n|turn|15\n|inactive|Battle timer is ON: inactive players will automatically lose when time's up. (requested by IConsumeChairs)\n|\n|t:|1699391632\n|move|p2a: Arceus|Taunt|p1a: Excadrill\n|-start|p1a: Excadrill|move: Taunt\n|move|p1a: Excadrill|Earthquake|p2a: Arceus\n|-damage|p2a: Arceus|4\/100\n|\n|upkeep\n|turn|16\n|j| buddygiggles\n|\n|t:|1699391635\n|move|p2a: Arceus|Recover|p2a: Arceus\n|-heal|p2a: Arceus|54\/100\n|move|p1a: Excadrill|Rapid Spin|p2a: Arceus\n|-damage|p2a: Arceus|42\/100\n|-boost|p1a: Excadrill|spe|1\n|\n|upkeep\n|turn|17\n|\n|t:|1699391638\n|move|p1a: Excadrill|Earthquake|p2a: Arceus\n|-damage|p2a: Arceus|1\/100\n|move|p2a: Arceus|Recover|p2a: Arceus\n|-heal|p2a: Arceus|51\/100\n|\n|-end|p1a: Excadrill|move: Taunt\n|upkeep\n|turn|18\n|\n|t:|1699391644\n|move|p1a: Excadrill|Iron Head|p2a: Arceus\n|-damage|p2a: Arceus|19\/100\n|cant|p2a: Arceus|flinch\n|\n|upkeep\n|turn|19\n|\n|t:|1699391648\n|move|p1a: Excadrill|Earthquake|p2a: Arceus\n|-damage|p2a: Arceus|0 fnt\n|faint|p2a: Arceus\n|\n|upkeep\n|\n|t:|1699391650\n|switch|p2a: Ditto|Ditto|100\/100\n|-transform|p2a: Ditto|p1a: Excadrill|[from] ability: Imposter\n|-ability|p2a: Ditto|Mold Breaker\n|turn|20\n|\n|t:|1699391659\n|move|p2a: Ditto|Rock Tomb|p1a: Excadrill\n|-resisted|p1a: Excadrill\n|-damage|p1a: Excadrill|93\/100\n|-unboost|p1a: Excadrill|spe|1\n|-enditem|p1a: Excadrill|Air Balloon\n|move|p1a: Excadrill|Earthquake|p2a: Ditto\n|-supereffective|p2a: Ditto\n|-damage|p2a: Ditto|0 fnt\n|faint|p2a: Ditto\n|\n|upkeep\n|\n|t:|1699391661\n|switch|p2a: Eternatus|Eternatus|100\/100\n|-ability|p2a: Eternatus|Pressure\n|turn|21\n|\n|t:|1699391664\n|move|p2a: Eternatus|Fire Blast|p1a: Excadrill\n|-supereffective|p1a: Excadrill\n|-damage|p1a: Excadrill|0 fnt\n|faint|p1a: Excadrill\n|-damage|p2a: Eternatus|91\/100|[from] item: Life Orb\n|\n|upkeep\n|\n|t:|1699391669\n|switch|p1a: Deoxys|Deoxys-Attack, tera:Psychic|88\/100\n|-heal|p1a: Deoxys|100\/100|[from] move: Healing Wish\n|-ability|p1a: Deoxys|Pressure\n|turn|22\n|\n|t:|1699391676\n|move|p1a: Deoxys|Psychic|p2a: Eternatus\n|-supereffective|p2a: Eternatus\n|-damage|p2a: Eternatus|0 fnt\n|faint|p2a: Eternatus\n|\n|upkeep\n|\n|t:|1699391678\n|switch|p2a: Marshadow|Marshadow|100\/100\n|turn|23\n|\n|t:|1699391682\n|move|p2a: Marshadow|Shadow Sneak|p1a: Deoxys\n|-supereffective|p1a: Deoxys\n|-enditem|p1a: Deoxys|Focus Sash\n|-damage|p1a: Deoxys|1\/100\n|move|p1a: Deoxys|Psychic|p2a: Marshadow\n|-supereffective|p2a: Marshadow\n|-damage|p2a: Marshadow|0 fnt\n|faint|p2a: Marshadow\n|\n|upkeep\n|\n|t:|1699391685\n|switch|p2a: Groudon|Groudon-Primal|77\/100 tox\n|-weather|DesolateLand|[from] ability: Desolate Land|[of] p2a: Groudon\n|turn|24\n|\n|t:|1699391688\n|move|p1a: Deoxys|Psychic|p2a: Groudon\n|-damage|p2a: Groudon|4\/100 tox\n|-unboost|p2a: Groudon|spd|1\n|move|p2a: Groudon|Precipice Blades|p1a: Deoxys\n|-damage|p1a: Deoxys|0 fnt\n|faint|p1a: Deoxys\n|\n|-weather|DesolateLand|[upkeep]\n|-damage|p2a: Groudon|0 fnt|[from] psn\n|faint|p2a: Groudon\n|-weather|none\n|\n|win|SerasVSpectra\n|upkeep\n|raw|SerasVSpectra's rating: 1446 &rarr; <strong>1479<\/strong><br \/>(+33 for winning)\n|raw|IConsumeChairs's rating: 1705 &rarr; <strong>1672<\/strong><br \/>(-33 for losing)\n|c|\u2606SerasVSpectra|Gg\n|l|\u2606IConsumeChairs\n|l| buddygiggles\n","uploadtime":1699391709,"views":8,"p1id":"serasvspectra","p2id":"iconsumechairs","formatid":"gen9nationaldexubers","rating":1479,"private":0,"password":""}