{"id":"gen9nationaldexubers-1991664333","p1":"bugcatcherflatz \u269d\u5f61","p2":"Fellow06","format":"[Gen 9] National Dex Ubers","log":"|j|\u2606bugcatcherflatz \u269d\u5f61\n|j|\u2606Fellow06\n|t:|1700100045\n|gametype|singles\n|player|p1|bugcatcherflatz \u269d\u5f61|psychic-gen2|\n|player|p2|Fellow06|winona|\n|teamsize|p1|6\n|teamsize|p2|6\n|gen|9\n|tier|[Gen 9] National Dex Ubers\n|rule|HP Percentage Mod: HP is shown in percentages\n|rule|Endless Battle Clause: Forcing endless battles is banned\n|rule|OHKO Clause: OHKO moves are banned\n|rule|Evasion Moves Clause: Evasion moves are banned\n|rule|Evasion Items Clause: Evasion items are banned\n|rule|Species Clause: Limit one of each Pok\u00e9mon\n|rule|Sleep Clause Mod: Limit one foe put to sleep\n|rule|Mega Rayquaza Clause: You cannot mega evolve Rayquaza\n|clearpoke\n|poke|p1|Muk, F|\n|poke|p1|Dachsbun, F|\n|poke|p1|Parasect, M|\n|poke|p1|Corsola-Galar, F|\n|poke|p1|Iron Bundle|\n|poke|p1|Scizor, F|\n|poke|p2|Sneasler, F|\n|poke|p2|Corviknight, F|\n|poke|p2|Dragonite, F|\n|poke|p2|Ting-Lu|\n|poke|p2|Ceruledge, F|\n|poke|p2|Samurott-Hisui, F|\n|teampreview\n|inactive|Battle timer is ON: inactive players will automatically lose when time's up. (requested by bugcatcherflatz \u269d\u5f61)\n|inactive|Fellow06 also wants the timer to be on.\n|\n|t:|1700100053\n|start\n|switch|p1a: green poop|Muk, F, shiny|100\/100\n|switch|p2a: Nacho Varga|Sneasler, F, shiny|100\/100\n|turn|1\n|\n|t:|1700100061\n|move|p2a: Nacho Varga|U-turn|p1a: green poop\n|-resisted|p1a: green poop\n|-damage|p1a: green poop|81\/100\n|\n|t:|1700100065\n|switch|p2a: Din|Corviknight, F, shiny|100\/100|[from] U-turn\n|move|p1a: green poop|Fire Punch|p2a: Din\n|-supereffective|p2a: Din\n|-damage|p2a: Din|57\/100\n|\n|upkeep\n|turn|2\n|\n|t:|1700100070\n|move|p2a: Din|Brave Bird|p1a: green poop\n|-damage|p1a: green poop|4\/100\n|-damage|p2a: Din|27\/100|[from] Recoil\n|move|p1a: green poop|Fire Punch|p2a: Din\n|-supereffective|p2a: Din\n|-crit|p2a: Din\n|-damage|p2a: Din|0 fnt\n|faint|p2a: Din\n|\n|upkeep\n|\n|t:|1700100074\n|switch|p2a: Nacho Varga|Sneasler, F, shiny|100\/100\n|turn|3\n|\n|t:|1700100077\n|move|p1a: green poop|Shadow Sneak|p2a: Nacho Varga\n|-damage|p2a: Nacho Varga|79\/100\n|move|p2a: Nacho Varga|U-turn|p1a: green poop\n|-resisted|p1a: green poop\n|-damage|p1a: green poop|0 fnt\n|faint|p1a: green poop\n|\n|t:|1700100082\n|switch|p2a: GANG W.S.W|Ting-Lu|100\/100|[from] U-turn\n|-ability|p2a: GANG W.S.W|Vessel of Ruin\n|\n|upkeep\n|\n|t:|1700100093\n|switch|p1a: woke mind virus|Parasect, M|100\/100\n|turn|4\n|\n|t:|1700100102\n|-terastallize|p2a: GANG W.S.W|Poison\n|move|p2a: GANG W.S.W|Tera Blast|p1a: woke mind virus|[anim] Tera Blast Poison\n|-supereffective|p1a: woke mind virus\n|-damage|p1a: woke mind virus|0 fnt\n|faint|p1a: woke mind virus\n|\n|upkeep\n|\n|t:|1700100109\n|switch|p1a: punch guy46|Scizor, F, shiny|100\/100\n|turn|5\n|\n|t:|1700100113\n|switch|p2a: Nacho Varga|Sneasler, F, shiny|79\/100\n|detailschange|p1a: punch guy46|Scizor-Mega, F, shiny\n|-mega|p1a: punch guy46|Scizor|Scizorite\n|move|p1a: punch guy46|U-turn|p2a: Nacho Varga\n|-resisted|p2a: Nacho Varga\n|-damage|p2a: Nacho Varga|65\/100\n|\n|t:|1700100119\n|switch|p1a: iEarnBundles \ud83d\udcb0\ud83e\udd11|Iron Bundle|100\/100|[from] U-turn\n|-enditem|p1a: iEarnBundles \ud83d\udcb0\ud83e\udd11|Booster Energy\n|-activate|p1a: iEarnBundles \ud83d\udcb0\ud83e\udd11|ability: Quark Drive|[fromitem]\n|-start|p1a: iEarnBundles \ud83d\udcb0\ud83e\udd11|quarkdrivespe\n|\n|upkeep\n|turn|6\n|\n|t:|1700100124\n|move|p1a: iEarnBundles \ud83d\udcb0\ud83e\udd11|Hydro Pump|p2a: Nacho Varga\n|-damage|p2a: Nacho Varga|0 fnt\n|faint|p2a: Nacho Varga\n|\n|upkeep\n|\n|t:|1700100128\n|switch|p2a: GANG W.S.W|Ting-Lu, tera:Poison|100\/100\n|-ability|p2a: GANG W.S.W|Vessel of Ruin\n|turn|7\n|\n|t:|1700100133\n|move|p1a: iEarnBundles \ud83d\udcb0\ud83e\udd11|Hydro Pump|p2a: GANG W.S.W\n|-damage|p2a: GANG W.S.W|67\/100\n|move|p2a: GANG W.S.W|Earthquake|p1a: iEarnBundles \ud83d\udcb0\ud83e\udd11\n|-damage|p1a: iEarnBundles \ud83d\udcb0\ud83e\udd11|7\/100\n|\n|upkeep\n|turn|8\n|\n|t:|1700100138\n|move|p1a: iEarnBundles \ud83d\udcb0\ud83e\udd11|Hydro Pump|p2a: GANG W.S.W\n|-damage|p2a: GANG W.S.W|33\/100\n|move|p2a: GANG W.S.W|Earthquake|p1a: iEarnBundles \ud83d\udcb0\ud83e\udd11\n|-damage|p1a: iEarnBundles \ud83d\udcb0\ud83e\udd11|0 fnt\n|faint|p1a: iEarnBundles \ud83d\udcb0\ud83e\udd11\n|-end|p1a: iEarnBundles \ud83d\udcb0\ud83e\udd11|Quark Drive|[silent]\n|\n|upkeep\n|\n|t:|1700100140\n|switch|p1a: punch guy46|Scizor-Mega, F, shiny|100\/100\n|turn|9\n|\n|t:|1700100142\n|move|p1a: punch guy46|Bullet Punch|p2a: GANG W.S.W\n|-crit|p2a: GANG W.S.W\n|-damage|p2a: GANG W.S.W|8\/100\n|move|p2a: GANG W.S.W|Earthquake|p1a: punch guy46\n|-damage|p1a: punch guy46|59\/100\n|\n|upkeep\n|turn|10\n|\n|t:|1700100149\n|switch|p1a: violent racist|Dachsbun, F|100\/100\n|-item|p1a: violent racist|Air Balloon\n|move|p2a: GANG W.S.W|Earthquake|p1a: violent racist\n|-immune|p1a: violent racist\n|\n|upkeep\n|turn|11\n|\n|t:|1700100154\n|switch|p2a: We Are Abandoned|Dragonite, F, shiny|100\/100\n|move|p1a: violent racist|Wish|p1a: violent racist\n|\n|upkeep\n|turn|12\n|\n|t:|1700100159\n|switch|p1a: punch guy46|Scizor-Mega, F, shiny|59\/100\n|move|p2a: We Are Abandoned|Extreme Speed|p1a: punch guy46\n|-resisted|p1a: punch guy46\n|-damage|p1a: punch guy46|46\/100\n|\n|-heal|p1a: punch guy46|92\/100|[from] move: Wish|[wisher] violent racist\n|upkeep\n|turn|13\n|\n|t:|1700100166\n|switch|p2a: Gomorrah.FLA|Ceruledge, F|100\/100\n|move|p1a: punch guy46|U-turn|p2a: Gomorrah.FLA\n|-resisted|p2a: Gomorrah.FLA\n|-damage|p2a: Gomorrah.FLA|88\/100\n|-ability|p2a: Gomorrah.FLA|Weak Armor|boost\n|-unboost|p2a: Gomorrah.FLA|def|1\n|-boost|p2a: Gomorrah.FLA|spe|2\n|\n|t:|1700100170\n|switch|p1a: violent racist|Dachsbun, F|100\/100|[from] U-turn\n|-item|p1a: violent racist|Air Balloon\n|\n|upkeep\n|turn|14\n|\n|t:|1700100174\n|move|p2a: Gomorrah.FLA|Poltergeist|p1a: violent racist\n|-activate|p1a: violent racist|move: Poltergeist|Air Balloon\n|-damage|p1a: violent racist|39\/100\n|-enditem|p1a: violent racist|Air Balloon\n|move|p1a: violent racist|Wish|p1a: violent racist\n|\n|upkeep\n|turn|15\n|\n|t:|1700100179\n|switch|p2a: Sewer Wars|Samurott-Hisui, F|100\/100\n|move|p1a: violent racist|Play Rough|p2a: Sewer Wars\n|-supereffective|p2a: Sewer Wars\n|-damage|p2a: Sewer Wars|33\/100\n|\n|-heal|p1a: violent racist|89\/100|[from] move: Wish|[wisher] violent racist\n|upkeep\n|turn|16\n|\n|t:|1700100185\n|move|p2a: Sewer Wars|Razor Shell|p1a: violent racist\n|-damage|p1a: violent racist|38\/100\n|move|p1a: violent racist|Body Press|p2a: Sewer Wars\n|-supereffective|p2a: Sewer Wars\n|-damage|p2a: Sewer Wars|0 fnt\n|faint|p2a: Sewer Wars\n|\n|upkeep\n|\n|t:|1700100191\n|switch|p2a: We Are Abandoned|Dragonite, F, shiny|100\/100\n|turn|17\n|\n|t:|1700100193\n|move|p2a: We Are Abandoned|Earthquake|p1a: violent racist\n|-damage|p1a: violent racist|1\/100\n|move|p1a: violent racist|Wish|p1a: violent racist\n|\n|upkeep\n|turn|18\n|\n|t:|1700100196\n|move|p1a: violent racist|Protect|p1a: violent racist\n|-singleturn|p1a: violent racist|Protect\n|move|p2a: We Are Abandoned|Earthquake|p1a: violent racist\n|-activate|p1a: violent racist|move: Protect\n|\n|-heal|p1a: violent racist|51\/100|[from] move: Wish|[wisher] violent racist\n|upkeep\n|turn|19\n|\n|t:|1700100198\n|move|p2a: We Are Abandoned|Earthquake|p1a: violent racist\n|-damage|p1a: violent racist|17\/100\n|move|p1a: violent racist|Wish|p1a: violent racist\n|\n|upkeep\n|turn|20\n|\n|t:|1700100202\n|switch|p2a: GANG W.S.W|Ting-Lu, tera:Poison|8\/100\n|-ability|p2a: GANG W.S.W|Vessel of Ruin\n|move|p1a: violent racist|Protect||[still]\n|-fail|p1a: violent racist\n|\n|-heal|p1a: violent racist|67\/100|[from] move: Wish|[wisher] violent racist\n|upkeep\n|turn|21\n|\n|t:|1700100207\n|-terastallize|p1a: violent racist|Fighting\n|move|p1a: violent racist|Body Press|p2a: GANG W.S.W\n|-resisted|p2a: GANG W.S.W\n|-damage|p2a: GANG W.S.W|0 fnt\n|faint|p2a: GANG W.S.W\n|\n|upkeep\n|\n|t:|1700100211\n|switch|p2a: We Are Abandoned|Dragonite, F, shiny|100\/100\n|turn|22\n|\n|t:|1700100215\n|move|p2a: We Are Abandoned|Outrage|p1a: violent racist\n|-damage|p1a: violent racist|0 fnt\n|faint|p1a: violent racist\n|\n|upkeep\n|\n|t:|1700100217\n|switch|p1a: piece of shit|Corsola-Galar, F, shiny|100\/100\n|turn|23\n|\n|t:|1700100221\n|move|p2a: We Are Abandoned|Outrage|p1a: piece of shit|[from]lockedmove\n|-damage|p1a: piece of shit|55\/100\n|move|p1a: piece of shit|Will-O-Wisp|p2a: We Are Abandoned\n|-status|p2a: We Are Abandoned|brn\n|\n|-damage|p2a: We Are Abandoned|94\/100 brn|[from] brn\n|upkeep\n|turn|24\n|\n|t:|1700100227\n|move|p2a: We Are Abandoned|Outrage|p1a: piece of shit|[from]lockedmove\n|-damage|p1a: piece of shit|30\/100\n|-start|p2a: We Are Abandoned|confusion|[fatigue]\n|move|p1a: piece of shit|Night Shade|p2a: We Are Abandoned\n|-damage|p2a: We Are Abandoned|63\/100 brn\n|\n|-damage|p2a: We Are Abandoned|57\/100 brn|[from] brn\n|upkeep\n|turn|25\n|\n|t:|1700100230\n|switch|p2a: Gomorrah.FLA|Ceruledge, F|88\/100\n|move|p1a: piece of shit|Strength Sap|p2a: Gomorrah.FLA\n|-unboost|p2a: Gomorrah.FLA|atk|1\n|-heal|p1a: piece of shit|100\/100\n|\n|upkeep\n|turn|26\n|\n|t:|1700100232\n|move|p2a: Gomorrah.FLA|Poltergeist|p1a: piece of shit\n|-activate|p1a: piece of shit|move: Poltergeist|Eviolite\n|-supereffective|p1a: piece of shit\n|-damage|p1a: piece of shit|45\/100\n|move|p1a: piece of shit|Night Shade|p2a: Gomorrah.FLA\n|-damage|p2a: Gomorrah.FLA|54\/100\n|\n|upkeep\n|turn|27\n|\n|t:|1700100237\n|switch|p1a: punch guy46|Scizor-Mega, F, shiny|92\/100\n|move|p2a: Gomorrah.FLA|Poltergeist|p1a: punch guy46\n|-activate|p1a: punch guy46|move: Poltergeist|Scizorite\n|-damage|p1a: punch guy46|58\/100\n|\n|upkeep\n|turn|28\n|\n|t:|1700100239\n|switch|p2a: We Are Abandoned|Dragonite, F, shiny|57\/100 brn\n|move|p1a: punch guy46|Bullet Punch|p2a: We Are Abandoned\n|-crit|p2a: We Are Abandoned\n|-damage|p2a: We Are Abandoned|12\/100 brn\n|\n|-damage|p2a: We Are Abandoned|5\/100 brn|[from] brn\n|upkeep\n|turn|29\n|\n|t:|1700100244\n|move|p2a: We Are Abandoned|Fire Punch|p1a: punch guy46\n|-supereffective|p1a: punch guy46\n|-damage|p1a: punch guy46|13\/100\n|move|p1a: punch guy46|Roost|p1a: punch guy46\n|-heal|p1a: punch guy46|63\/100\n|-singleturn|p1a: punch guy46|move: Roost\n|\n|-damage|p2a: We Are Abandoned|0 fnt|[from] brn\n|faint|p2a: We Are Abandoned\n|upkeep\n|\n|t:|1700100246\n|switch|p2a: Gomorrah.FLA|Ceruledge, F|54\/100\n|turn|30\n|\n|t:|1700100250\n|move|p1a: punch guy46|Bullet Punch|p2a: Gomorrah.FLA\n|-resisted|p2a: Gomorrah.FLA\n|-damage|p2a: Gomorrah.FLA|35\/100\n|-ability|p2a: Gomorrah.FLA|Weak Armor|boost\n|-unboost|p2a: Gomorrah.FLA|def|1\n|-boost|p2a: Gomorrah.FLA|spe|2\n|move|p2a: Gomorrah.FLA|Poltergeist|p1a: punch guy46\n|-activate|p1a: punch guy46|move: Poltergeist|Scizorite\n|-damage|p1a: punch guy46|16\/100\n|\n|upkeep\n|turn|31\n|\n|t:|1700100259\n|move|p1a: punch guy46|Bullet Punch|p2a: Gomorrah.FLA\n|-resisted|p2a: Gomorrah.FLA\n|-damage|p2a: Gomorrah.FLA|1\/100\n|-ability|p2a: Gomorrah.FLA|Weak Armor|boost\n|-unboost|p2a: Gomorrah.FLA|def|1\n|-boost|p2a: Gomorrah.FLA|spe|2\n|move|p2a: Gomorrah.FLA|Poltergeist|p1a: punch guy46\n|-activate|p1a: punch guy46|move: Poltergeist|Scizorite\n|-damage|p1a: punch guy46|0 fnt\n|faint|p1a: punch guy46\n|\n|upkeep\n|\n|t:|1700100261\n|switch|p1a: piece of shit|Corsola-Galar, F, shiny|45\/100\n|turn|32\n|\n|t:|1700100263\n|move|p2a: Gomorrah.FLA|Poltergeist|p1a: piece of shit\n|-activate|p1a: piece of shit|move: Poltergeist|Eviolite\n|-supereffective|p1a: piece of shit\n|-damage|p1a: piece of shit|0 fnt\n|faint|p1a: piece of shit\n|\n|win|Fellow06\n|l|\u2606bugcatcherflatz \u269d\u5f61\n","uploadtime":1700100269,"views":18,"p1id":"bugcatcherflatz","p2id":"fellow06","formatid":"gen9nationaldexubers","rating":0,"private":0,"password":""}