{"id":"gen9nationaldexubers-1983862296","p1":"sussuspotussus","p2":"The power of ROCK","format":"[Gen 9] National Dex Ubers","log":"|j|\u2606sussuspotussus\n|j|\u2606The power of ROCK\n|t:|1699193201\n|gametype|singles\n|player|p1|sussuspotussus|acetrainer|\n|player|p2|The power of ROCK|roark|\n|teamsize|p1|6\n|teamsize|p2|6\n|gen|9\n|tier|[Gen 9] National Dex Ubers\n|rule|HP Percentage Mod: HP is shown in percentages\n|rule|Endless Battle Clause: Forcing endless battles is banned\n|rule|OHKO Clause: OHKO moves are banned\n|rule|Evasion Moves Clause: Evasion moves are banned\n|rule|Evasion Items Clause: Evasion items are banned\n|rule|Species Clause: Limit one of each Pok\u00e9mon\n|rule|Sleep Clause Mod: Limit one foe put to sleep\n|rule|Mega Rayquaza Clause: You cannot mega evolve Rayquaza\n|clearpoke\n|poke|p1|Sceptile, M|\n|poke|p1|Lilligant-Hisui, F|\n|poke|p1|Roserade, M|\n|poke|p1|Amoonguss, M|\n|poke|p1|Sunflora, M|\n|poke|p1|Rillaboom, F|\n|poke|p2|Tyranitar, F|\n|poke|p2|Garganacl, F|\n|poke|p2|Aggron, F|\n|poke|p2|Glimmora, F|\n|poke|p2|Cradily, M|\n|poke|p2|Probopass, L1, M|\n|teampreview\n|inactive|Battle timer is ON: inactive players will automatically lose when time's up. (requested by sussuspotussus)\n|\n|t:|1699193231\n|start\n|switch|p1a: Sunflora|Sunflora, M|100\/100\n|switch|p2a: Glimmora|Glimmora, F|100\/100\n|turn|1\n|c|\u2606The power of ROCK|Welcome back to the ROCK gym\n|\n|t:|1699193240\n|move|p2a: Glimmora|Sludge Wave|p1a: Sunflora\n|-supereffective|p1a: Sunflora\n|-damage|p1a: Sunflora|0 fnt\n|faint|p1a: Sunflora\n|\n|upkeep\n|\n|t:|1699193250\n|switch|p1a: Amoonguss|Amoonguss, M|100\/100\n|turn|2\n|\n|t:|1699193257\n|switch|p2a: Cradily|Cradily, M|100\/100\n|move|p1a: Amoonguss|Spore|p2a: Cradily\n|-immune|p2a: Cradily\n|\n|upkeep\n|turn|3\n|\n|t:|1699193267\n|switch|p1a: Roserade|Roserade, M|100\/100\n|move|p2a: Cradily|Infestation|p1a: Roserade\n|-damage|p1a: Roserade|96\/100\n|-activate|p1a: Roserade|move: Infestation|[of] p2a: Cradily\n|-damage|p2a: Cradily|84\/100|[from] item: Rocky Helmet|[of] p1a: Roserade\n|\n|-damage|p1a: Roserade|80\/100|[from] move: Infestation|[partiallytrapped]\n|upkeep\n|turn|4\n|\n|t:|1699193274\n|switch|p2a: Tyranitar|Tyranitar, F|100\/100\n|-weather|Sandstorm|[from] ability: Sand Stream|[of] p2a: Tyranitar\n|move|p1a: Roserade|Sludge Bomb|p2a: Tyranitar\n|-resisted|p2a: Tyranitar\n|-damage|p2a: Tyranitar|95\/100\n|\n|-weather|Sandstorm|[upkeep]\n|-damage|p1a: Roserade|74\/100|[from] Sandstorm\n|-end|p1a: Roserade|Infestation|[partiallytrapped]|[silent]\n|upkeep\n|turn|5\n|\n|t:|1699193281\n|switch|p2a: Garganacl|Garganacl, F|100\/100\n|move|p1a: Roserade|Grass Knot|p2a: Garganacl\n|-supereffective|p2a: Garganacl\n|-crit|p2a: Garganacl\n|-damage|p2a: Garganacl|39\/100\n|-enditem|p2a: Garganacl|Maranga Berry|[eat]\n|-boost|p2a: Garganacl|spd|1|[from] item: Maranga Berry\n|\n|-weather|Sandstorm|[upkeep]\n|-damage|p1a: Roserade|67\/100|[from] Sandstorm\n|upkeep\n|turn|6\n|\n|t:|1699193301\n|-terastallize|p2a: Garganacl|Ghost\n|move|p1a: Roserade|Grass Knot|p2a: Garganacl\n|-damage|p2a: Garganacl|17\/100\n|move|p2a: Garganacl|Recover|p2a: Garganacl\n|-heal|p2a: Garganacl|67\/100\n|\n|-weather|Sandstorm|[upkeep]\n|-damage|p1a: Roserade|61\/100|[from] Sandstorm\n|-damage|p2a: Garganacl|61\/100|[from] Sandstorm\n|upkeep\n|turn|7\n|\n|t:|1699193311\n|move|p1a: Roserade|Grass Knot|p2a: Garganacl\n|-damage|p2a: Garganacl|38\/100\n|move|p2a: Garganacl|Recover|p2a: Garganacl\n|-heal|p2a: Garganacl|88\/100\n|\n|-weather|Sandstorm|[upkeep]\n|-damage|p1a: Roserade|55\/100|[from] Sandstorm\n|-damage|p2a: Garganacl|81\/100|[from] Sandstorm\n|upkeep\n|turn|8\n|\n|t:|1699193323\n|switch|p1a: Rillaboom|Rillaboom, F|100\/100\n|-fieldstart|move: Grassy Terrain|[from] ability: Grassy Surge|[of] p1a: Rillaboom\n|move|p2a: Garganacl|Salt Cure|p1a: Rillaboom\n|-damage|p1a: Rillaboom|87\/100\n|-start|p1a: Rillaboom|Salt Cure\n|\n|-weather|none\n|-heal|p1a: Rillaboom|93\/100|[from] Grassy Terrain\n|-heal|p1a: Rillaboom|99\/100|[from] item: Leftovers\n|-heal|p2a: Garganacl|88\/100|[from] Grassy Terrain\n|-damage|p1a: Rillaboom|87\/100|[from] Salt Cure\n|upkeep\n|turn|9\n|\n|t:|1699193328\n|switch|p2a: Aggron|Aggron, F|100\/100\n|move|p1a: Rillaboom|Swords Dance|p1a: Rillaboom\n|-boost|p1a: Rillaboom|atk|2\n|\n|-heal|p1a: Rillaboom|93\/100|[from] Grassy Terrain\n|-heal|p1a: Rillaboom|99\/100|[from] item: Leftovers\n|-damage|p1a: Rillaboom|87\/100|[from] Salt Cure\n|upkeep\n|turn|10\n|\n|t:|1699193334\n|detailschange|p2a: Aggron|Aggron-Mega, F\n|-mega|p2a: Aggron|Aggron|Aggronite\n|move|p1a: Rillaboom|Superpower|p2a: Aggron\n|-supereffective|p2a: Aggron\n|-damage|p2a: Aggron|48\/100\n|-unboost|p1a: Rillaboom|atk|1\n|-unboost|p1a: Rillaboom|def|1\n|move|p2a: Aggron|Iron Defense|p2a: Aggron\n|-boost|p2a: Aggron|def|2\n|\n|-heal|p1a: Rillaboom|93\/100|[from] Grassy Terrain\n|-heal|p1a: Rillaboom|99\/100|[from] item: Leftovers\n|-heal|p2a: Aggron|54\/100|[from] Grassy Terrain\n|-damage|p1a: Rillaboom|87\/100|[from] Salt Cure\n|upkeep\n|turn|11\n|\n|t:|1699193344\n|move|p1a: Rillaboom|Superpower|p2a: Aggron\n|-supereffective|p2a: Aggron\n|-damage|p2a: Aggron|35\/100\n|-unboost|p1a: Rillaboom|atk|1\n|-unboost|p1a: Rillaboom|def|1\n|move|p2a: Aggron|Body Press|p1a: Rillaboom\n|-damage|p1a: Rillaboom|0 fnt\n|faint|p1a: Rillaboom\n|\n|-heal|p2a: Aggron|41\/100|[from] Grassy Terrain\n|upkeep\n|\n|t:|1699193351\n|switch|p1a: Sceptile|Sceptile, M|100\/100\n|turn|12\n|\n|t:|1699193359\n|switch|p2a: Tyranitar|Tyranitar, F|95\/100\n|-weather|Sandstorm|[from] ability: Sand Stream|[of] p2a: Tyranitar\n|detailschange|p1a: Sceptile|Sceptile-Mega, M\n|-mega|p1a: Sceptile|Sceptile|Sceptilite\n|move|p1a: Sceptile|Leaf Storm|p2a: Tyranitar\n|-supereffective|p2a: Tyranitar\n|-damage|p2a: Tyranitar|46\/100\n|-unboost|p1a: Sceptile|spa|2\n|\n|-weather|Sandstorm|[upkeep]\n|-damage|p1a: Sceptile|94\/100|[from] Sandstorm\n|-heal|p1a: Sceptile|100\/100|[from] Grassy Terrain\n|-heal|p2a: Tyranitar|52\/100|[from] Grassy Terrain\n|-fieldend|move: Grassy Terrain\n|upkeep\n|turn|13\n|-message|sussuspotussus forfeited.\n|\n|win|The power of ROCK\n|l|\u2606sussuspotussus\n|c|\u2606The power of ROCK|gg : )\n","uploadtime":1699193396,"views":5,"p1id":"sussuspotussus","p2id":"thepowerofrock","formatid":"gen9nationaldexubers","rating":0,"private":0,"password":""}