{"id":"gen9nationaldexubers-1994807261","p1":"700club","p2":"K1nG_4","format":"[Gen 9] National Dex Ubers","log":"|j|\u2606700club\n|j|\u2606K1nG_4\n|t:|1700494644\n|gametype|singles\n|player|p1|700club|shadowtriad|1304\n|player|p2|K1nG_4|bruno|1413\n|teamsize|p1|6\n|teamsize|p2|6\n|gen|9\n|tier|[Gen 9] National Dex Ubers\n|rated|\n|rule|HP Percentage Mod: HP is shown in percentages\n|rule|Endless Battle Clause: Forcing endless battles is banned\n|rule|OHKO Clause: OHKO moves are banned\n|rule|Evasion Moves Clause: Evasion moves are banned\n|rule|Evasion Items Clause: Evasion items are banned\n|rule|Species Clause: Limit one of each Pok\u00e9mon\n|rule|Sleep Clause Mod: Limit one foe put to sleep\n|rule|Mega Rayquaza Clause: You cannot mega evolve Rayquaza\n|clearpoke\n|poke|p1|Ogerpon-Hearthflame, F|\n|poke|p1|Groudon|\n|poke|p1|Deoxys-Speed|\n|poke|p1|Mewtwo|\n|poke|p1|Necrozma-Dusk-Mane|\n|poke|p1|Gliscor, F|\n|poke|p2|Ribombee, F|\n|poke|p2|Zacian-*|\n|poke|p2|Darkrai|\n|poke|p2|Dialga|\n|poke|p2|Rayquaza|\n|poke|p2|Mimikyu, M|\n|teampreview\n|c|\u2606700club|hi\n|\n|t:|1700494673\n|start\n|switch|p1a: Deoxys|Deoxys-Speed|100\/100\n|switch|p2a: Ribombee|Ribombee, F|100\/100\n|-ability|p1a: Deoxys|Pressure\n|turn|1\n|\n|t:|1700494680\n|move|p1a: Deoxys|Taunt|p2a: Ribombee\n|-start|p2a: Ribombee|move: Taunt\n|move|p2a: Ribombee|Moonblast|p1a: Deoxys\n|-damage|p1a: Deoxys|52\/100\n|\n|upkeep\n|turn|2\n|\n|t:|1700494690\n|move|p1a: Deoxys|Light Screen|p1a: Deoxys\n|-sidestart|p1: 700club|move: Light Screen\n|move|p2a: Ribombee|U-turn|p1a: Deoxys\n|-supereffective|p1a: Deoxys\n|-damage|p1a: Deoxys|18\/100\n|\n|t:|1700494692\n|switch|p2a: Mimikyu|Mimikyu, M|100\/100|[from] U-turn\n|\n|upkeep\n|turn|3\n|\n|t:|1700494701\n|move|p2a: Mimikyu|Shadow Sneak|p1a: Deoxys\n|-supereffective|p1a: Deoxys\n|-damage|p1a: Deoxys|0 fnt\n|faint|p1a: Deoxys\n|-damage|p2a: Mimikyu|91\/100|[from] item: Life Orb\n|\n|upkeep\n|\n|t:|1700494736\n|switch|p1a: Groudon|Groudon|100\/100\n|detailschange|p1a: Groudon|Groudon-Primal\n|-primal|p1a: Groudon|Red Orb\n|-weather|DesolateLand|[from] ability: Desolate Land|[of] p1a: Groudon\n|turn|4\n|\n|t:|1700494747\n|switch|p2a: Ribombee|Ribombee, F|100\/100\n|move|p1a: Groudon|Precipice Blades|p2a: Ribombee\n|-resisted|p2a: Ribombee\n|-crit|p2a: Ribombee\n|-enditem|p2a: Ribombee|Focus Sash\n|-damage|p2a: Ribombee|1\/100\n|\n|-weather|DesolateLand|[upkeep]\n|upkeep\n|turn|5\n|\n|t:|1700494754\n|move|p2a: Ribombee|Sticky Web|p1a: Groudon\n|-sidestart|p1: 700club|move: Sticky Web\n|move|p1a: Groudon|Precipice Blades|p2a: Ribombee\n|-resisted|p2a: Ribombee\n|-damage|p2a: Ribombee|0 fnt\n|faint|p2a: Ribombee\n|\n|-weather|DesolateLand|[upkeep]\n|upkeep\n|\n|t:|1700494759\n|switch|p2a: Darkrai|Darkrai|100\/100\n|turn|6\n|\n|t:|1700494767\n|-zpower|p2a: Darkrai\n|move|p2a: Darkrai|Z-Hypnosis|p1a: Groudon|[anim]Hypnosis|[miss]\n|-boost|p2a: Darkrai|spe|1|[zeffect]\n|-miss|p2a: Darkrai|p1a: Groudon\n|move|p1a: Groudon|Precipice Blades|p2a: Darkrai\n|-damage|p2a: Darkrai|1\/100\n|\n|-weather|DesolateLand|[upkeep]\n|-sideend|p1: 700club|move: Light Screen\n|upkeep\n|turn|7\n|\n|t:|1700494777\n|move|p2a: Darkrai|Hypnosis|p1a: Groudon\n|-status|p1a: Groudon|slp|[from] move: Hypnosis\n|cant|p1a: Groudon|slp\n|\n|-weather|DesolateLand|[upkeep]\n|-damage|p1a: Groudon|88\/100 slp|[from] ability: Bad Dreams|[of] p2a: Darkrai\n|upkeep\n|turn|8\n|\n|t:|1700494783\n|move|p2a: Darkrai|Dream Eater|p1a: Groudon\n|-damage|p1a: Groudon|52\/100 slp\n|-heal|p2a: Darkrai|23\/100|[from] drain|[of] p1a: Groudon\n|cant|p1a: Groudon|slp\n|\n|-weather|DesolateLand|[upkeep]\n|-damage|p1a: Groudon|40\/100 slp|[from] ability: Bad Dreams|[of] p2a: Darkrai\n|upkeep\n|turn|9\n|\n|t:|1700494790\n|move|p2a: Darkrai|Dream Eater|p1a: Groudon\n|-damage|p1a: Groudon|2\/100 slp\n|-heal|p2a: Darkrai|46\/100|[from] drain|[of] p1a: Groudon\n|cant|p1a: Groudon|slp\n|\n|-weather|DesolateLand|[upkeep]\n|-damage|p1a: Groudon|0 fnt|[from] ability: Bad Dreams|[of] p2a: Darkrai\n|faint|p1a: Groudon\n|-weather|none\n|upkeep\n|inactive|Battle timer is ON: inactive players will automatically lose when time's up. (requested by K1nG_4)\n|\n|t:|1700494810\n|switch|p1a: Ogerpon|Ogerpon-Hearthflame, F|100\/100\n|-activate|p1a: Ogerpon|move: Sticky Web\n|-unboost|p1a: Ogerpon|spe|1\n|-ability|p1a: Ogerpon|Mold Breaker\n|turn|10\n|\n|t:|1700494832\n|-terastallize|p1a: Ogerpon|Fire\n|detailschange|p1a: Ogerpon|Ogerpon-Hearthflame-Tera, F, tera:Fire\n|-ability|p1a: Ogerpon|Embody Aspect (Hearthflame)|boost\n|-boost|p1a: Ogerpon|atk|1\n|move|p2a: Darkrai|Hypnosis|p1a: Ogerpon\n|-status|p1a: Ogerpon|slp|[from] move: Hypnosis\n|cant|p1a: Ogerpon|slp\n|\n|-damage|p1a: Ogerpon|88\/100 slp|[from] ability: Bad Dreams|[of] p2a: Darkrai\n|upkeep\n|turn|11\n|\n|t:|1700494843\n|move|p2a: Darkrai|Dream Eater|p1a: Ogerpon\n|-damage|p1a: Ogerpon|55\/100 slp\n|-heal|p2a: Darkrai|68\/100|[from] drain|[of] p1a: Ogerpon\n|cant|p1a: Ogerpon|slp\n|\n|-damage|p1a: Ogerpon|42\/100 slp|[from] ability: Bad Dreams|[of] p2a: Darkrai\n|upkeep\n|turn|12\n|\n|t:|1700494850\n|move|p2a: Darkrai|Dark Pulse|p1a: Ogerpon\n|-damage|p1a: Ogerpon|0 fnt\n|faint|p1a: Ogerpon\n|\n|upkeep\n|\n|t:|1700494858\n|switch|p1a: Gliscor|Gliscor, F|100\/100\n|turn|13\n|\n|t:|1700494863\n|move|p1a: Gliscor|Protect|p1a: Gliscor\n|-singleturn|p1a: Gliscor|Protect\n|move|p2a: Darkrai|Nasty Plot|p2a: Darkrai\n|-boost|p2a: Darkrai|spa|2\n|\n|-status|p1a: Gliscor|tox|[from] item: Toxic Orb\n|upkeep\n|turn|14\n|\n|t:|1700494870\n|move|p2a: Darkrai|Dark Pulse|p1a: Gliscor\n|-damage|p1a: Gliscor|0 fnt\n|faint|p1a: Gliscor\n|\n|upkeep\n|\n|t:|1700494877\n|switch|p1a: Necrozma|Necrozma-Dusk-Mane|100\/100\n|-activate|p1a: Necrozma|move: Sticky Web\n|-unboost|p1a: Necrozma|spe|1\n|turn|15\n|\n|t:|1700494883\n|move|p2a: Darkrai|Dark Pulse|p1a: Necrozma\n|-supereffective|p1a: Necrozma\n|-damage|p1a: Necrozma|0 fnt\n|faint|p1a: Necrozma\n|\n|upkeep\n|\n|t:|1700494888\n|switch|p1a: Mewtwo|Mewtwo|100\/100\n|-ability|p1a: Mewtwo|Unnerve\n|-activate|p1a: Mewtwo|move: Sticky Web\n|-unboost|p1a: Mewtwo|spe|1\n|turn|16\n|\n|t:|1700494897\n|detailschange|p1a: Mewtwo|Mewtwo-Mega-Y\n|-mega|p1a: Mewtwo|Mewtwo|Mewtwonite Y\n|move|p2a: Darkrai|Dark Pulse|p1a: Mewtwo\n|-supereffective|p1a: Mewtwo\n|-damage|p1a: Mewtwo|0 fnt\n|faint|p1a: Mewtwo\n|\n|win|K1nG_4\n|raw|700club's rating: 1304 &rarr; <strong>1290<\/strong><br \/>(-14 for losing)\n|raw|K1nG_4's rating: 1413 &rarr; <strong>1427<\/strong><br \/>(+14 for winning)\n|c|\u2606700club|gg\n|l|\u2606K1nG_4\n","uploadtime":1700494905,"views":3,"p1id":"700club","p2id":"k1ng4","formatid":"gen9nationaldexubers","rating":1290,"private":0,"password":""}