{"id":"gen9nationaldexubers-1993867853","p1":"alcatel999","p2":"ricardo gomez","format":"[Gen 9] National Dex Ubers","log":"|j|\u2606alcatel999\n|j|\u2606ricardo gomez\n|t:|1700367505\n|gametype|singles\n|player|p1|alcatel999|rocketgrunt|\n|player|p2|ricardo gomez|ltsurge|\n|teamsize|p1|6\n|teamsize|p2|6\n|gen|9\n|tier|[Gen 9] National Dex Ubers\n|rule|HP Percentage Mod: HP is shown in percentages\n|rule|Endless Battle Clause: Forcing endless battles is banned\n|rule|OHKO Clause: OHKO moves are banned\n|rule|Evasion Moves Clause: Evasion moves are banned\n|rule|Evasion Items Clause: Evasion items are banned\n|rule|Species Clause: Limit one of each Pok\u00e9mon\n|rule|Sleep Clause Mod: Limit one foe put to sleep\n|rule|Mega Rayquaza Clause: You cannot mega evolve Rayquaza\n|clearpoke\n|poke|p1|Gastrodon, M|\n|poke|p1|Ferrothorn, F|\n|poke|p1|Zoroark-Hisui, M|\n|poke|p1|Hydreigon, F|\n|poke|p1|Sneasler, F|\n|poke|p1|Cinderace, M|\n|poke|p2|Dragonite, F|\n|poke|p2|Charizard, M|\n|poke|p2|Gyarados, F|\n|poke|p2|Goodra-Hisui, F|\n|poke|p2|Hydreigon, F|\n|poke|p2|Garchomp, F|\n|teampreview\n|c|\u2606alcatel999|Suerte\n|c|\u2606ricardo gomez|suerte\n|c|\u2606alcatel999|Dragon volador\n|c|\u2606alcatel999|sos lance\n|c|\u2606ricardo gomez|no viste\n|c|\u2606ricardo gomez|para nada los otros equipos eran de mirto y cinthia xD\n|c|\u2606alcatel999|XD\n|c|\u2606alcatel999|ahora q lo dices\n|c|\u2606alcatel999|reconozco el de Cinthia\n|c|\u2606alcatel999|el de mirto no lo recuerdo\n|c|\u2606alcatel999|solo el volcarona\n|c|\u2606ricardo gomez|es el mas recordable el volcarona xd\n|\n|t:|1700367612\n|start\n|switch|p1a: Ferrothorn|Ferrothorn, F|100\/100\n|switch|p2a: Goodra|Goodra-Hisui, F|100\/100\n|turn|1\n|\n|t:|1700367632\n|move|p1a: Ferrothorn|Nasty Plot|p1a: Ferrothorn\n|-boost|p1a: Ferrothorn|spa|2\n|move|p2a: Goodra|Acid Armor|p2a: Goodra\n|-boost|p2a: Goodra|def|2\n|\n|upkeep\n|turn|2\n|\n|t:|1700367640\n|move|p2a: Goodra|Protect|p2a: Goodra\n|-singleturn|p2a: Goodra|Protect\n|move|p1a: Ferrothorn|Bitter Malice|p2a: Goodra\n|-activate|p2a: Goodra|move: Protect\n|\n|upkeep\n|turn|3\n|\n|t:|1700367649\n|move|p1a: Ferrothorn|Bitter Malice|p2a: Goodra\n|-damage|p2a: Goodra|60\/100\n|-unboost|p2a: Goodra|atk|1\n|move|p2a: Goodra|Blizzard|p1a: Ferrothorn\n|-damage|p1a: Ferrothorn|43\/100\n|replace|p1a: Amongus|Zoroark-Hisui, M\n|-end|p1a: Amongus|Illusion\n|\n|-heal|p2a: Goodra|66\/100|[from] item: Leftovers\n|upkeep\n|turn|4\n|\n|t:|1700367661\n|move|p1a: Amongus|Nasty Plot|p1a: Amongus\n|-boost|p1a: Amongus|spa|2\n|move|p2a: Goodra|Toxic|p1a: Amongus\n|-status|p1a: Amongus|tox\n|\n|-heal|p2a: Goodra|72\/100|[from] item: Leftovers\n|-damage|p1a: Amongus|37\/100 tox|[from] psn\n|upkeep\n|turn|5\n|\n|t:|1700367670\n|move|p1a: Amongus|Bitter Malice|p2a: Goodra\n|-damage|p2a: Goodra|18\/100\n|-unboost|p2a: Goodra|atk|1\n|move|p2a: Goodra|Blizzard|p1a: Amongus|[miss]\n|-miss|p2a: Goodra|p1a: Amongus\n|\n|-heal|p2a: Goodra|24\/100|[from] item: Leftovers\n|-damage|p1a: Amongus|25\/100 tox|[from] psn\n|upkeep\n|turn|6\n|\n|t:|1700367684\n|move|p2a: Goodra|Protect|p2a: Goodra\n|-singleturn|p2a: Goodra|Protect\n|move|p1a: Amongus|Bitter Malice|p2a: Goodra\n|-activate|p2a: Goodra|move: Protect\n|\n|-heal|p2a: Goodra|30\/100|[from] item: Leftovers\n|-damage|p1a: Amongus|7\/100 tox|[from] psn\n|upkeep\n|turn|7\n|\n|t:|1700367694\n|move|p1a: Amongus|Bitter Malice|p2a: Goodra\n|-damage|p2a: Goodra|0 fnt\n|faint|p2a: Goodra\n|\n|-damage|p1a: Amongus|0 fnt|[from] psn\n|faint|p1a: Amongus\n|upkeep\n|\n|t:|1700367717\n|switch|p1a: Hydreigon|Hydreigon, F|100\/100\n|switch|p2a: Gyarados|Gyarados, F|100\/100\n|-ability|p2a: Gyarados|Intimidate|boost\n|-unboost|p1a: Hydreigon|atk|1\n|turn|8\n|\n|t:|1700367727\n|move|p1a: Hydreigon|Draco Meteor|p2a: Gyarados\n|-enditem|p2a: Gyarados|Focus Sash\n|-damage|p2a: Gyarados|1\/100\n|-unboost|p1a: Hydreigon|spa|2\n|move|p2a: Gyarados|Dragon Tail|p1a: Hydreigon\n|-supereffective|p1a: Hydreigon\n|-damage|p1a: Hydreigon|51\/100\n|drag|p1a: Cinderace|Cinderace, M|100\/100\n|\n|upkeep\n|turn|9\n|\n|t:|1700367737\n|move|p1a: Cinderace|U-turn|p2a: Gyarados\n|-start|p1a: Cinderace|typechange|Bug|[from] ability: Libero\n|-resisted|p2a: Gyarados\n|-damage|p2a: Gyarados|0 fnt\n|faint|p2a: Gyarados\n|\n|t:|1700367755\n|switch|p1a: Hydreigon|Hydreigon, F|51\/100|[from] U-turn\n|\n|upkeep\n|\n|t:|1700367776\n|switch|p2a: Charizard|Charizard, M|100\/100\n|turn|10\n|\n|t:|1700367784\n|switch|p1a: Gastrodon|Gastrodon, M|100\/100\n|detailschange|p2a: Charizard|Charizard-Mega-X, M\n|-mega|p2a: Charizard|Charizard|Charizardite X\n|move|p2a: Charizard|Dragon Pulse|p1a: Gastrodon\n|-damage|p1a: Gastrodon|71\/100\n|\n|-heal|p1a: Gastrodon|77\/100|[from] item: Leftovers\n|upkeep\n|turn|11\n|\n|t:|1700367795\n|move|p2a: Charizard|Hidden Power|p1a: Gastrodon\n|-supereffective|p1a: Gastrodon\n|-damage|p1a: Gastrodon|24\/100\n|move|p1a: Gastrodon|Toxic|p2a: Charizard\n|-status|p2a: Charizard|tox\n|\n|-heal|p1a: Gastrodon|31\/100|[from] item: Leftovers\n|-damage|p2a: Charizard|94\/100 tox|[from] psn\n|upkeep\n|turn|12\n|\n|t:|1700367807\n|switch|p1a: Ferrothorn|Ferrothorn, F|100\/100\n|move|p2a: Charizard|Hidden Power|p1a: Ferrothorn\n|-resisted|p1a: Ferrothorn\n|-damage|p1a: Ferrothorn|96\/100\n|\n|-heal|p1a: Ferrothorn|100\/100|[from] item: Leftovers\n|-damage|p2a: Charizard|82\/100 tox|[from] psn\n|upkeep\n|turn|13\n|\n|t:|1700367820\n|switch|p1a: Cinderace|Cinderace, M|100\/100\n|move|p2a: Charizard|Dragon Pulse|p1a: Cinderace\n|-damage|p1a: Cinderace|38\/100\n|\n|-damage|p2a: Charizard|64\/100 tox|[from] psn\n|upkeep\n|turn|14\n|\n|t:|1700367831\n|move|p1a: Cinderace|Sucker Punch|p2a: Charizard\n|-start|p1a: Cinderace|typechange|Dark|[from] ability: Libero\n|-damage|p2a: Charizard|22\/100 tox\n|move|p2a: Charizard|Dragon Pulse|p1a: Cinderace\n|-damage|p1a: Cinderace|0 fnt\n|faint|p1a: Cinderace\n|\n|-damage|p2a: Charizard|0 fnt|[from] psn\n|faint|p2a: Charizard\n|upkeep\n|\n|t:|1700367845\n|switch|p1a: Hydreigon|Hydreigon, F|51\/100\n|switch|p2a: Garchomp|Garchomp, F|100\/100\n|turn|15\n|\n|t:|1700367852\n|-terastallize|p1a: Hydreigon|Steel\n|move|p2a: Garchomp|Scale Shot|p1a: Hydreigon\n|-resisted|p1a: Hydreigon\n|-damage|p1a: Hydreigon|44\/100\n|-resisted|p1a: Hydreigon\n|-damage|p1a: Hydreigon|36\/100\n|-resisted|p1a: Hydreigon\n|-damage|p1a: Hydreigon|29\/100\n|-resisted|p1a: Hydreigon\n|-crit|p1a: Hydreigon\n|-damage|p1a: Hydreigon|18\/100\n|-resisted|p1a: Hydreigon\n|-damage|p1a: Hydreigon|11\/100\n|-hitcount|p1a: Hydreigon|5\n|-unboost|p2a: Garchomp|def|1\n|-boost|p2a: Garchomp|spe|1\n|move|p1a: Hydreigon|Hidden Power|p2a: Garchomp\n|-supereffective|p2a: Garchomp\n|-damage|p2a: Garchomp|0 fnt\n|faint|p2a: Garchomp\n|\n|upkeep\n|\n|t:|1700367871\n|switch|p2a: Dragonite|Dragonite, F|100\/100\n|turn|16\n|\n|t:|1700367877\n|switch|p1a: Ferrothorn|Ferrothorn, F|100\/100\n|move|p2a: Dragonite|Extreme Speed|p1a: Ferrothorn\n|-resisted|p1a: Ferrothorn\n|-damage|p1a: Ferrothorn|92\/100\n|-damage|p2a: Dragonite|88\/100|[from] ability: Iron Barbs|[of] p1a: Ferrothorn\n|\n|-heal|p1a: Ferrothorn|98\/100|[from] item: Leftovers\n|upkeep\n|turn|17\n|\n|t:|1700367887\n|move|p2a: Dragonite|Fire Punch|p1a: Ferrothorn\n|-supereffective|p1a: Ferrothorn\n|-damage|p1a: Ferrothorn|40\/100\n|-damage|p2a: Dragonite|76\/100|[from] ability: Iron Barbs|[of] p1a: Ferrothorn\n|move|p1a: Ferrothorn|Leech Seed|p2a: Dragonite\n|-start|p2a: Dragonite|move: Leech Seed\n|\n|-heal|p1a: Ferrothorn|47\/100|[from] item: Leftovers\n|-damage|p2a: Dragonite|63\/100|[from] Leech Seed|[of] p1a: Ferrothorn\n|-heal|p1a: Ferrothorn|58\/100|[silent]\n|upkeep\n|turn|18\n|\n|t:|1700367899\n|switch|p2a: Hydreigon|Hydreigon, F|100\/100\n|move|p1a: Ferrothorn|Protect||[still]\n|-fail|p1a: Ferrothorn\n|\n|-heal|p1a: Ferrothorn|64\/100|[from] item: Leftovers\n|upkeep\n|turn|19\n|\n|t:|1700367909\n|move|p2a: Hydreigon|Dragon Dance|p2a: Hydreigon\n|-boost|p2a: Hydreigon|atk|1\n|-boost|p2a: Hydreigon|spe|1\n|move|p1a: Ferrothorn|Leech Seed|p2a: Hydreigon\n|-start|p2a: Hydreigon|move: Leech Seed\n|\n|-heal|p1a: Ferrothorn|70\/100|[from] item: Leftovers\n|-damage|p2a: Hydreigon|88\/100|[from] Leech Seed|[of] p1a: Ferrothorn\n|-heal|p1a: Ferrothorn|82\/100|[silent]\n|upkeep\n|turn|20\n|\n|t:|1700367921\n|move|p2a: Hydreigon|Draco Meteor|p1a: Ferrothorn\n|-resisted|p1a: Ferrothorn\n|-damage|p1a: Ferrothorn|50\/100\n|-unboost|p2a: Hydreigon|spa|2\n|move|p1a: Ferrothorn|Knock Off|p2a: Hydreigon\n|-resisted|p2a: Hydreigon\n|-damage|p2a: Hydreigon|75\/100\n|-enditem|p2a: Hydreigon|Covert Cloak|[from] move: Knock Off|[of] p1a: Ferrothorn\n|\n|-heal|p1a: Ferrothorn|56\/100|[from] item: Leftovers\n|-damage|p2a: Hydreigon|63\/100|[from] Leech Seed|[of] p1a: Ferrothorn\n|-heal|p1a: Ferrothorn|68\/100|[silent]\n|upkeep\n|turn|21\n|\n|t:|1700367934\n|switch|p2a: Dragonite|Dragonite, F|63\/100\n|move|p1a: Ferrothorn|Stealth Rock|p2a: Dragonite\n|-sidestart|p2: ricardo gomez|move: Stealth Rock\n|\n|-heal|p1a: Ferrothorn|74\/100|[from] item: Leftovers\n|upkeep\n|turn|22\n|\n|t:|1700367941\n|move|p2a: Dragonite|Fire Punch|p1a: Ferrothorn\n|-supereffective|p1a: Ferrothorn\n|-damage|p1a: Ferrothorn|8\/100\n|-damage|p2a: Dragonite|51\/100|[from] ability: Iron Barbs|[of] p1a: Ferrothorn\n|move|p1a: Ferrothorn|Leech Seed|p2a: Dragonite\n|-start|p2a: Dragonite|move: Leech Seed\n|\n|-heal|p1a: Ferrothorn|14\/100|[from] item: Leftovers\n|-damage|p2a: Dragonite|39\/100|[from] Leech Seed|[of] p1a: Ferrothorn\n|-heal|p1a: Ferrothorn|26\/100|[silent]\n|upkeep\n|turn|23\n|\n|t:|1700367952\n|move|p1a: Ferrothorn|Protect|p1a: Ferrothorn\n|-singleturn|p1a: Ferrothorn|Protect\n|move|p2a: Dragonite|Thunder Punch|p1a: Ferrothorn\n|-activate|p1a: Ferrothorn|move: Protect\n|\n|-heal|p1a: Ferrothorn|32\/100|[from] item: Leftovers\n|-damage|p2a: Dragonite|26\/100|[from] Leech Seed|[of] p1a: Ferrothorn\n|-heal|p1a: Ferrothorn|43\/100|[silent]\n|upkeep\n|turn|24\n|\n|t:|1700367962\n|move|p1a: Ferrothorn|Protect||[still]\n|-fail|p1a: Ferrothorn\n|move|p2a: Dragonite|Fire Punch|p1a: Ferrothorn\n|-supereffective|p1a: Ferrothorn\n|-damage|p1a: Ferrothorn|0 fnt\n|-damage|p2a: Dragonite|14\/100|[from] ability: Iron Barbs|[of] p1a: Ferrothorn\n|faint|p1a: Ferrothorn\n|\n|upkeep\n|\n|t:|1700367969\n|switch|p1a: Sneasler|Sneasler, F|100\/100\n|turn|25\n|\n|t:|1700367974\n|move|p1a: Sneasler|Fake Out|p2a: Dragonite\n|-enditem|p1a: Sneasler|Normal Gem|[from] gem\n|-damage|p2a: Dragonite|0 fnt\n|faint|p2a: Dragonite\n|\n|upkeep\n|\n|t:|1700367979\n|switch|p2a: Hydreigon|Hydreigon, F|63\/100\n|-damage|p2a: Hydreigon|51\/100|[from] Stealth Rock\n|turn|26\n|\n|t:|1700367984\n|move|p1a: Sneasler|Close Combat|p2a: Hydreigon\n|-supereffective|p2a: Hydreigon\n|-damage|p2a: Hydreigon|0 fnt\n|-unboost|p1a: Sneasler|def|1\n|-unboost|p1a: Sneasler|spd|1\n|faint|p2a: Hydreigon\n|\n|win|alcatel999\n|c|\u2606ricardo gomez|gg\n|c|\u2606alcatel999|Gg\n|c|\u2606ricardo gomez|opinion?\n|c|\u2606alcatel999|Te la digo al priv\n","uploadtime":1700368013,"views":6,"p1id":"alcatel999","p2id":"ricardogomez","formatid":"gen9nationaldexubers","rating":0,"private":0,"password":""}