{"id":"gen9nationaldexubers-1986885044","p1":"EpicGamer069420","p2":"kyla sazandora","format":"[Gen 9] National Dex Ubers","log":"|j|\u2606EpicGamer069420\n|j|\u2606kyla sazandora\n|t:|1699537720\n|gametype|singles\n|player|p1|EpicGamer069420|lucas|\n|player|p2|kyla sazandora|anabel|\n|teamsize|p1|6\n|teamsize|p2|6\n|gen|9\n|tier|[Gen 9] National Dex Ubers\n|rule|HP Percentage Mod: HP is shown in percentages\n|rule|Endless Battle Clause: Forcing endless battles is banned\n|rule|OHKO Clause: OHKO moves are banned\n|rule|Evasion Moves Clause: Evasion moves are banned\n|rule|Evasion Items Clause: Evasion items are banned\n|rule|Species Clause: Limit one of each Pok\u00e9mon\n|rule|Sleep Clause Mod: Limit one foe put to sleep\n|rule|Mega Rayquaza Clause: You cannot mega evolve Rayquaza\n|clearpoke\n|poke|p1|Rillaboom, F|\n|poke|p1|Gothitelle, F|\n|poke|p1|Naganadel|\n|poke|p1|Zoroark-Hisui, F|\n|poke|p1|Greninja-*, M|\n|poke|p1|Raticate, F|\n|poke|p2|Lopunny, M|\n|poke|p2|Raikou|\n|poke|p2|Grafaiai, F|\n|poke|p2|Silvally-*|\n|poke|p2|Cloyster, F|\n|poke|p2|Toucannon, F|\n|teampreview\n|inactive|Battle timer is ON: inactive players will automatically lose when time's up. (requested by EpicGamer069420)\n|c|\u2606kyla sazandora|skull\n|inactive|EpicGamer069420 has 270 seconds left.\n|\n|t:|1699537763\n|start\n|switch|p1a: Greninja|Greninja, M|100\/100\n|switch|p2a: Cloyster|Cloyster, F|100\/100\n|turn|1\n|c|\u2606EpicGamer069420|hf\n|c|\u2606kyla sazandora|u2\n|\n|t:|1699537782\n|move|p1a: Greninja|Dark Pulse|p2a: Cloyster\n|-enditem|p2a: Cloyster|Focus Sash\n|-damage|p2a: Cloyster|1\/100\n|move|p2a: Cloyster|Pin Missile|p1a: Greninja|[miss]\n|-miss|p2a: Cloyster|p1a: Greninja\n|\n|upkeep\n|turn|2\n|c|\u2606EpicGamer069420|wtf\n|c|\u2606kyla sazandora|xdm\n|c|\u2606EpicGamer069420|F\n|\n|t:|1699537799\n|switch|p2a: Raikou|Raikou|100\/100\n|move|p1a: Greninja|Dark Pulse|p2a: Raikou\n|-crit|p2a: Raikou\n|-damage|p2a: Raikou|63\/100\n|\n|upkeep\n|turn|3\n|c|\u2606kyla sazandora|stop\n|c|\u2606kyla sazandora|LOL\n|inactive|EpicGamer069420 has 270 seconds left.\n|\n|t:|1699537826\n|switch|p1a: Rillaboom|Rillaboom, F|100\/100\n|-fieldstart|move: Grassy Terrain|[from] ability: Grassy Surge|[of] p1a: Rillaboom\n|move|p2a: Raikou|Volt Switch|p1a: Rillaboom\n|-resisted|p1a: Rillaboom\n|-damage|p1a: Rillaboom|76\/100\n|\n|t:|1699537834\n|switch|p2a: Toucannon|Toucannon, F|100\/100|[from] Volt Switch\n|\n|-heal|p1a: Rillaboom|82\/100|[from] Grassy Terrain\n|upkeep\n|turn|4\n|c|\u2606kyla sazandora|pin is 95% accurate\n|c|\u2606kyla sazandora|ijust checked\n|c|\u2606kyla sazandora|wtfff\n|inactive|EpicGamer069420 has 270 seconds left.\n|\n|t:|1699537845\n|switch|p1a: Gothitelle|Gothitelle, F|100\/100\n|move|p2a: Toucannon|U-turn|p1a: Gothitelle\n|-supereffective|p1a: Gothitelle\n|-damage|p1a: Gothitelle|71\/100\n|-damage|p2a: Toucannon|84\/100|[from] item: Rocky Helmet|[of] p1a: Gothitelle\n|\n|t:|1699537853\n|switch|p2a: Cloyster|Cloyster, F|1\/100|[from] U-turn\n|\n|-heal|p2a: Cloyster|7\/100|[from] Grassy Terrain\n|-heal|p1a: Gothitelle|78\/100|[from] Grassy Terrain\n|upkeep\n|turn|5\n|\n|t:|1699537865\n|switch|p1a: Raticate|Raticate, F|100\/100\n|move|p2a: Cloyster|Spikes|p1a: Raticate\n|-sidestart|p1: EpicGamer069420|Spikes\n|\n|-heal|p2a: Cloyster|13\/100|[from] Grassy Terrain\n|-status|p1a: Raticate|brn|[from] item: Flame Orb\n|upkeep\n|turn|6\n|\n|t:|1699537878\n|move|p1a: Raticate|Quick Attack|p2a: Cloyster\n|-damage|p2a: Cloyster|0 fnt\n|faint|p2a: Cloyster\n|\n|-damage|p1a: Raticate|95\/100 brn|[from] brn\n|upkeep\n|c|\u2606EpicGamer069420|oh man spike up\n|c|\u2606EpicGamer069420|i lost\n|\n|t:|1699537888\n|switch|p2a: Lopunny|Lopunny, M|100\/100\n|turn|7\n|c|\u2606EpicGamer069420|spikes are broken\n|\n|t:|1699537906\n|switch|p1a: Gothitelle|Gothitelle, F|78\/100\n|-damage|p1a: Gothitelle|65\/100|[from] Spikes\n|detailschange|p2a: Lopunny|Lopunny-Mega, M\n|-mega|p2a: Lopunny|Lopunny|Lopunnite\n|move|p2a: Lopunny|Close Combat|p1a: Gothitelle\n|-resisted|p1a: Gothitelle\n|-damage|p1a: Gothitelle|43\/100\n|-unboost|p2a: Lopunny|def|1\n|-unboost|p2a: Lopunny|spd|1\n|-damage|p2a: Lopunny|84\/100|[from] item: Rocky Helmet|[of] p1a: Gothitelle\n|\n|-heal|p2a: Lopunny|90\/100|[from] Grassy Terrain\n|-heal|p1a: Gothitelle|49\/100|[from] Grassy Terrain\n|-fieldend|move: Grassy Terrain\n|upkeep\n|turn|8\n|\n|t:|1699537913\n|move|p2a: Lopunny|U-turn|p1a: Gothitelle\n|-supereffective|p1a: Gothitelle\n|-damage|p1a: Gothitelle|14\/100\n|-damage|p2a: Lopunny|74\/100|[from] item: Rocky Helmet|[of] p1a: Gothitelle\n|\n|t:|1699537917\n|switch|p2a: Raikou|Raikou|63\/100|[from] U-turn\n|move|p1a: Gothitelle|Rest|p1a: Gothitelle\n|-status|p1a: Gothitelle|slp|[from] move: Rest\n|-heal|p1a: Gothitelle|100\/100 slp|[silent]\n|\n|upkeep\n|turn|9\n|\n|t:|1699537940\n|move|p2a: Raikou|Volt Switch|p1a: Gothitelle\n|-damage|p1a: Gothitelle|67\/100 slp\n|\n|t:|1699537944\n|switch|p2a: Grafaiai|Grafaiai, F|100\/100|[from] Volt Switch\n|cant|p1a: Gothitelle|slp\n|move|p1a: Gothitelle|Sleep Talk|p1a: Gothitelle\n|move|p1a: Gothitelle|Psychic|p2a: Grafaiai|[from]move: Sleep Talk\n|-supereffective|p2a: Grafaiai\n|-damage|p2a: Grafaiai|1\/100\n|\n|upkeep\n|turn|10\n|c|\u2606kyla sazandora|i thought i was poison dark\n|c|\u2606kyla sazandora|F\n|c|\u2606EpicGamer069420|F\n|c|\u2606EpicGamer069420|lived tho\n|\n|t:|1699537969\n|switch|p1a: Raticate|Raticate, F|95\/100 brn\n|-damage|p1a: Raticate|82\/100 brn|[from] Spikes\n|move|p2a: Grafaiai|Knock Off|p1a: Raticate\n|-damage|p1a: Raticate|24\/100 brn\n|-enditem|p1a: Raticate|Flame Orb|[from] move: Knock Off|[of] p2a: Grafaiai\n|\n|-damage|p1a: Raticate|18\/100 brn|[from] brn\n|upkeep\n|turn|11\n|\n|t:|1699537986\n|switch|p2a: Silvally|Silvally|100\/100\n|move|p1a: Raticate|Quick Attack|p2a: Silvally\n|-damage|p2a: Silvally|74\/100\n|\n|-damage|p1a: Raticate|12\/100 brn|[from] brn\n|upkeep\n|turn|12\n|\n|t:|1699537996\n|move|p1a: Raticate|Quick Attack|p2a: Silvally\n|-damage|p2a: Silvally|49\/100\n|move|p2a: Silvally|U-turn|p1a: Raticate\n|-damage|p1a: Raticate|0 fnt\n|faint|p1a: Raticate\n|\n|t:|1699538003\n|switch|p2a: Lopunny|Lopunny-Mega, M|74\/100|[from] U-turn\n|\n|upkeep\n|inactive|EpicGamer069420 has 270 seconds left.\n|\n|t:|1699538048\n|switch|p1a: Gothitelle|Gothitelle, F|67\/100 slp\n|-damage|p1a: Gothitelle|55\/100 slp|[from] Spikes\n|turn|13\n|\n|t:|1699538066\n|move|p2a: Lopunny|U-turn|p1a: Gothitelle\n|-supereffective|p1a: Gothitelle\n|-damage|p1a: Gothitelle|14\/100 slp\n|-damage|p2a: Lopunny|57\/100|[from] item: Rocky Helmet|[of] p1a: Gothitelle\n|\n|t:|1699538070\n|switch|p2a: Raikou|Raikou|63\/100|[from] U-turn\n|cant|p1a: Gothitelle|slp\n|move|p1a: Gothitelle|Sleep Talk|p1a: Gothitelle\n|move|p1a: Gothitelle|Rest||[from]move: Sleep Talk|[still]\n|-fail|p1a: Gothitelle\n|\n|upkeep\n|turn|14\n|\n|t:|1699538088\n|move|p2a: Raikou|Volt Switch|p1a: Gothitelle\n|-damage|p1a: Gothitelle|0 fnt\n|faint|p1a: Gothitelle\n|\n|t:|1699538091\n|switch|p2a: Lopunny|Lopunny-Mega, M|57\/100|[from] Volt Switch\n|\n|upkeep\n|\n|t:|1699538098\n|switch|p1a: Rillaboom|Rillaboom, F|82\/100\n|-damage|p1a: Rillaboom|70\/100|[from] Spikes\n|-fieldstart|move: Grassy Terrain|[from] ability: Grassy Surge|[of] p1a: Rillaboom\n|turn|15\n|\n|t:|1699538104\n|switch|p2a: Toucannon|Toucannon, F|84\/100\n|move|p1a: Rillaboom|Grassy Glide|p2a: Toucannon\n|-resisted|p2a: Toucannon\n|-damage|p2a: Toucannon|58\/100\n|-damage|p1a: Rillaboom|54\/100|[from] item: Rocky Helmet|[of] p2a: Toucannon\n|\n|-heal|p1a: Rillaboom|60\/100|[from] Grassy Terrain\n|upkeep\n|turn|16\n|c|\u2606EpicGamer069420|26? wtf\n|inactive|EpicGamer069420 has 270 seconds left.\n|inactive|kyla sazandora has 270 seconds left.\n|inactive|EpicGamer069420 has 240 seconds left.\n|\n|t:|1699538176\n|switch|p1a: Naganadel|Naganadel|100\/100\n|-damage|p1a: Naganadel|88\/100|[from] Spikes\n|move|p2a: Toucannon|U-turn|p1a: Naganadel\n|-resisted|p1a: Naganadel\n|-damage|p1a: Naganadel|70\/100\n|replace|p1a: Zoroark|Zoroark-Hisui, F\n|-end|p1a: Zoroark|Illusion\n|inactive|kyla sazandora has 240 seconds left.\n|c|\u2606kyla sazandora|xd\n|\n|t:|1699538214\n|switch|p2a: Lopunny|Lopunny-Mega, M|57\/100|[from] U-turn\n|\n|-heal|p1a: Zoroark|76\/100|[from] Grassy Terrain\n|-heal|p2a: Lopunny|63\/100|[from] Grassy Terrain\n|upkeep\n|turn|17\n|c|\u2606EpicGamer069420|well i cant stop u-turns\n|c|\u2606EpicGamer069420|or volt switches\n|c|\u2606EpicGamer069420|so\n|inactive|EpicGamer069420 has 240 seconds left.\n|\n|t:|1699538226\n|move|p1a: Zoroark|Hyper Voice|p2a: Lopunny\n|-damage|p2a: Lopunny|5\/100\n|move|p2a: Lopunny|Close Combat|p1a: Zoroark\n|-supereffective|p1a: Zoroark\n|-damage|p1a: Zoroark|0 fnt\n|-unboost|p2a: Lopunny|def|1\n|-unboost|p2a: Lopunny|spd|1\n|faint|p1a: Zoroark\n|\n|-heal|p2a: Lopunny|11\/100|[from] Grassy Terrain\n|upkeep\n|c|\u2606kyla sazandora|wtf\n|inactive|EpicGamer069420 has 240 seconds left.\n|c|\u2606kyla sazandora|SCARFED\n|c|\u2606kyla sazandora|i thought the gren was scarfed\n|c|\u2606EpicGamer069420|lol\n|\n|t:|1699538245\n|switch|p1a: Greninja|Greninja, M|100\/100\n|-damage|p1a: Greninja|88\/100|[from] Spikes\n|turn|18\n|\n|t:|1699538258\n|switch|p2a: Raikou|Raikou|63\/100\n|move|p1a: Greninja|Water Shuriken|p2a: Raikou\n|-damage|p2a: Raikou|58\/100\n|-damage|p2a: Raikou|52\/100\n|-damage|p2a: Raikou|47\/100\n|-hitcount|p2a: Raikou|3\n|\n|-heal|p2a: Raikou|53\/100|[from] Grassy Terrain\n|-heal|p1a: Greninja|94\/100|[from] Grassy Terrain\n|upkeep\n|turn|19\n|\n|t:|1699538278\n|switch|p1a: Rillaboom|Rillaboom, F|60\/100\n|-damage|p1a: Rillaboom|47\/100|[from] Spikes\n|move|p2a: Raikou|Volt Switch|p1a: Rillaboom\n|-resisted|p1a: Rillaboom\n|-damage|p1a: Rillaboom|26\/100\n|inactive|kyla sazandora has 240 seconds left.\n|\n|t:|1699538286\n|switch|p2a: Toucannon|Toucannon, F|58\/100|[from] Volt Switch\n|\n|-heal|p1a: Rillaboom|32\/100|[from] Grassy Terrain\n|-fieldend|move: Grassy Terrain\n|upkeep\n|turn|20\n|c|\u2606EpicGamer069420|ahh i cant stop it lmai\n|c|\u2606kyla sazandora|lmfao\n|c|\u2606kyla sazandora|vortex\n|c|\u2606EpicGamer069420|i already knew this was gonna happen\n|inactive|EpicGamer069420 has 210 seconds left.\n|\n|t:|1699538314\n|move|p1a: Rillaboom|Knock Off|p2a: Toucannon\n|-damage|p2a: Toucannon|16\/100\n|-damage|p1a: Rillaboom|16\/100|[from] item: Rocky Helmet|[of] p2a: Toucannon\n|-enditem|p2a: Toucannon|Rocky Helmet|[from] move: Knock Off|[of] p1a: Rillaboom\n|move|p2a: Toucannon|U-turn|p1a: Rillaboom\n|-supereffective|p1a: Rillaboom\n|-damage|p1a: Rillaboom|0 fnt\n|faint|p1a: Rillaboom\n|\n|t:|1699538320\n|switch|p2a: Silvally|Silvally|49\/100|[from] U-turn\n|\n|upkeep\n|\n|t:|1699538326\n|switch|p1a: Greninja|Greninja, M|94\/100\n|-damage|p1a: Greninja|82\/100|[from] Spikes\n|turn|21\n|\n|t:|1699538337\n|move|p2a: Silvally|U-turn|p1a: Greninja\n|-supereffective|p1a: Greninja\n|-damage|p1a: Greninja|10\/100\n|\n|t:|1699538340\n|switch|p2a: Toucannon|Toucannon, F|16\/100|[from] U-turn\n|move|p1a: Greninja|Dark Pulse|p2a: Toucannon\n|-damage|p2a: Toucannon|0 fnt\n|faint|p2a: Toucannon\n|-ability|p1a: Greninja|Battle Bond|boost\n|-boost|p1a: Greninja|atk|1\n|-boost|p1a: Greninja|spa|1\n|-boost|p1a: Greninja|spe|1\n|-activate|p1a: Greninja|ability: Battle Bond\n|\n|upkeep\n|\n|t:|1699538352\n|switch|p2a: Lopunny|Lopunny-Mega, M|11\/100\n|turn|22\n|\n|t:|1699538361\n|move|p2a: Lopunny|Fake Out|p1a: Greninja\n|-damage|p1a: Greninja|0 fnt\n|faint|p1a: Greninja\n|\n|upkeep\n|\n|t:|1699538363\n|switch|p1a: Naganadel|Naganadel|100\/100\n|-damage|p1a: Naganadel|88\/100|[from] Spikes\n|turn|23\n|inactive|kyla sazandora has 270 seconds left.\n|\n|t:|1699538372\n|switch|p2a: Grafaiai|Grafaiai, F|1\/100\n|move|p1a: Naganadel|Sludge Wave|p2a: Grafaiai\n|-resisted|p2a: Grafaiai\n|-damage|p2a: Grafaiai|0 fnt\n|faint|p2a: Grafaiai\n|-ability|p1a: Naganadel|Beast Boost|boost\n|-boost|p1a: Naganadel|spa|1\n|\n|upkeep\n|\n|t:|1699538376\n|switch|p2a: Lopunny|Lopunny-Mega, M|11\/100\n|turn|24\n|\n|t:|1699538385\n|-terastallize|p1a: Naganadel|Steel\n|move|p2a: Lopunny|Fake Out|p1a: Naganadel\n|-resisted|p1a: Naganadel\n|-damage|p1a: Naganadel|71\/100\n|cant|p1a: Naganadel|flinch\n|\n|upkeep\n|turn|25\n|\n|t:|1699538392\n|move|p1a: Naganadel|Sludge Wave|p2a: Lopunny\n|-damage|p2a: Lopunny|0 fnt\n|faint|p2a: Lopunny\n|-ability|p1a: Naganadel|Beast Boost|boost\n|-boost|p1a: Naganadel|spa|1\n|\n|upkeep\n|c|\u2606EpicGamer069420|ggs?\n|c|\u2606kyla sazandora|damn\n|c|\u2606EpicGamer069420|unless u r tera steel\n|\n|t:|1699538407\n|switch|p2a: Silvally|Silvally|49\/100\n|turn|26\n|c|\u2606kyla sazandora|i am\n|c|\u2606kyla sazandora|xdm\n|\n|t:|1699538414\n|-terastallize|p2a: Silvally|Steel\n|move|p1a: Naganadel|Sludge Wave|p2a: Silvally\n|-immune|p2a: Silvally\n|move|p2a: Silvally|Iron Head|p1a: Naganadel\n|-resisted|p1a: Naganadel\n|-damage|p1a: Naganadel|43\/100\n|\n|upkeep\n|turn|27\n|c|\u2606EpicGamer069420|oh lmao\n|c|\u2606EpicGamer069420|ggwp\n|c|\u2606kyla sazandora|ggwp\n|-message|EpicGamer069420 forfeited.\n|\n|win|kyla sazandora\n|l|\u2606EpicGamer069420\n|j|\u2606EpicGamer069420\n|player|p1|EpicGamer069420|lucas\n","uploadtime":1699538651,"views":11,"p1id":"epicgamer069420","p2id":"kylasazandora","formatid":"gen9nationaldexubers","rating":0,"private":0,"password":""}