{"id":"gen9nationaldexubers-1989236787","p1":"Lanky Paul","p2":"juancharlos","format":"[Gen 9] National Dex Ubers","log":"|j|\u2606Lanky Paul\n|j|\u2606juancharlos\n|t:|1699826569\n|gametype|singles\n|player|p1|Lanky Paul|juan|\n|player|p2|juancharlos|2|\n|teamsize|p1|6\n|teamsize|p2|6\n|gen|9\n|tier|[Gen 9] National Dex Ubers\n|rule|HP Percentage Mod: HP is shown in percentages\n|rule|Endless Battle Clause: Forcing endless battles is banned\n|rule|OHKO Clause: OHKO moves are banned\n|rule|Evasion Moves Clause: Evasion moves are banned\n|rule|Evasion Items Clause: Evasion items are banned\n|rule|Species Clause: Limit one of each Pok\u00e9mon\n|rule|Sleep Clause Mod: Limit one foe put to sleep\n|rule|Mega Rayquaza Clause: You cannot mega evolve Rayquaza\n|clearpoke\n|poke|p1|Umbreon, M|\n|poke|p1|Gliscor, F|\n|poke|p1|Sableye, M|\n|poke|p1|Zeraora|\n|poke|p1|Oricorio-Sensu, M|\n|poke|p1|Pidgeot, F|\n|poke|p2|Tyranitar, F|\n|poke|p2|Excadrill, M|\n|poke|p2|Naganadel|\n|poke|p2|Alakazam, M|\n|poke|p2|Toxapex, M|\n|poke|p2|Sharpedo, M|\n|teampreview\n|\n|t:|1699826580\n|start\n|switch|p1a: Booty Peench|Gliscor, F|100\/100\n|switch|p2a: Naganadel|Naganadel|100\/100\n|turn|1\n|\n|t:|1699826597\n|move|p2a: Naganadel|Nasty Plot|p2a: Naganadel\n|-boost|p2a: Naganadel|spa|2\n|move|p1a: Booty Peench|Stealth Rock|p2a: Naganadel\n|-sidestart|p2: juancharlos|move: Stealth Rock\n|\n|-status|p1a: Booty Peench|tox|[from] item: Toxic Orb\n|upkeep\n|turn|2\n|\n|t:|1699826610\n|switch|p1a: Tiimmy Thicc|Umbreon, M|100\/100\n|move|p2a: Naganadel|Dragon Pulse|p1a: Tiimmy Thicc\n|-damage|p1a: Tiimmy Thicc|23\/100\n|-damage|p2a: Naganadel|91\/100|[from] item: Life Orb\n|\n|upkeep\n|turn|3\n|\n|t:|1699826622\n|move|p2a: Naganadel|Flamethrower|p1a: Tiimmy Thicc\n|-damage|p1a: Tiimmy Thicc|0 fnt\n|faint|p1a: Tiimmy Thicc\n|-ability|p2a: Naganadel|Beast Boost|boost\n|-boost|p2a: Naganadel|spe|1\n|-damage|p2a: Naganadel|81\/100|[from] item: Life Orb\n|\n|upkeep\n|\n|t:|1699826641\n|switch|p1a: Mcqueen|Zeraora|100\/100\n|turn|4\n|\n|t:|1699826653\n|move|p2a: Naganadel|Sludge Wave|p1a: Mcqueen\n|-damage|p1a: Mcqueen|0 fnt\n|faint|p1a: Mcqueen\n|-ability|p2a: Naganadel|Beast Boost|boost\n|-boost|p2a: Naganadel|spe|1\n|-damage|p2a: Naganadel|71\/100|[from] item: Life Orb\n|\n|upkeep\n|\n|t:|1699826659\n|switch|p1a: Turd Bird|Oricorio-Sensu, M|100\/100\n|turn|5\n|\n|t:|1699826669\n|move|p2a: Naganadel|Flamethrower|p1a: Turd Bird\n|-damage|p1a: Turd Bird|0 fnt\n|faint|p1a: Turd Bird\n|-ability|p2a: Naganadel|Beast Boost|boost\n|-boost|p2a: Naganadel|spe|1\n|-damage|p2a: Naganadel|62\/100|[from] item: Life Orb\n|\n|upkeep\n|\n|t:|1699826675\n|switch|p1a: Gustav|Sableye, M|100\/100\n|turn|6\n|\n|t:|1699826684\n|move|p1a: Gustav|Light Screen|p1a: Gustav\n|-sidestart|p1: Lanky Paul|move: Light Screen\n|move|p2a: Naganadel|Flamethrower|p1a: Gustav\n|-damage|p1a: Gustav|40\/100\n|-damage|p2a: Naganadel|52\/100|[from] item: Life Orb\n|\n|upkeep\n|turn|7\n|\n|t:|1699826697\n|move|p1a: Gustav|Sucker Punch|p2a: Naganadel\n|-damage|p2a: Naganadel|25\/100\n|move|p2a: Naganadel|Flamethrower|p1a: Gustav\n|-damage|p1a: Gustav|0 fnt\n|faint|p1a: Gustav\n|-ability|p2a: Naganadel|Beast Boost|boost\n|-boost|p2a: Naganadel|spe|1\n|-damage|p2a: Naganadel|15\/100|[from] item: Life Orb\n|\n|upkeep\n|\n|t:|1699826708\n|switch|p1a: Booty Peench|Gliscor, F|100\/100 tox\n|turn|8\n|\n|t:|1699826713\n|move|p2a: Naganadel|Dragon Pulse|p1a: Booty Peench\n|-damage|p1a: Booty Peench|49\/100 tox\n|-damage|p2a: Naganadel|5\/100|[from] item: Life Orb\n|move|p1a: Booty Peench|Roost|p1a: Booty Peench\n|-heal|p1a: Booty Peench|99\/100 tox\n|-singleturn|p1a: Booty Peench|move: Roost\n|\n|-heal|p1a: Booty Peench|100\/100 tox|[from] ability: Poison Heal\n|upkeep\n|turn|9\n|\n|t:|1699826727\n|move|p2a: Naganadel|Dragon Pulse|p1a: Booty Peench\n|-damage|p1a: Booty Peench|54\/100 tox\n|-damage|p2a: Naganadel|0 fnt|[from] item: Life Orb\n|faint|p2a: Naganadel\n|move|p1a: Booty Peench|Roost|p1a: Booty Peench\n|-heal|p1a: Booty Peench|100\/100 tox\n|-singleturn|p1a: Booty Peench|move: Roost\n|\n|upkeep\n|\n|t:|1699826735\n|switch|p2a: Tyranitar|Tyranitar, F|100\/100\n|-damage|p2a: Tyranitar|88\/100|[from] Stealth Rock\n|-weather|Sandstorm|[from] ability: Sand Stream|[of] p2a: Tyranitar\n|turn|10\n|\n|t:|1699826748\n|move|p1a: Booty Peench|Earthquake|p2a: Tyranitar\n|-supereffective|p2a: Tyranitar\n|-damage|p2a: Tyranitar|36\/100\n|-enditem|p2a: Tyranitar|Eject Button\n|\n|t:|1699826755\n|switch|p2a: Excadrill|Excadrill, M|100\/100\n|-damage|p2a: Excadrill|97\/100|[from] Stealth Rock\n|\n|-weather|Sandstorm|[upkeep]\n|upkeep\n|turn|11\n|\n|t:|1699826773\n|move|p2a: Excadrill|Iron Head|p1a: Booty Peench\n|-damage|p1a: Booty Peench|42\/100 tox\n|move|p1a: Booty Peench|Spikes|p2a: Excadrill\n|-sidestart|p2: juancharlos|Spikes\n|\n|-weather|Sandstorm|[upkeep]\n|-heal|p1a: Booty Peench|54\/100 tox|[from] ability: Poison Heal\n|upkeep\n|turn|12\n|\n|t:|1699826781\n|move|p2a: Excadrill|Iron Head|p1a: Booty Peench\n|-damage|p1a: Booty Peench|0 fnt\n|faint|p1a: Booty Peench\n|\n|-weather|Sandstorm|[upkeep]\n|upkeep\n|\n|t:|1699826786\n|switch|p1a: Super Sayain 3|Pidgeot, F|100\/100\n|turn|13\n|\n|t:|1699826802\n|move|p2a: Excadrill|Iron Head|p1a: Super Sayain 3\n|-damage|p1a: Super Sayain 3|3\/100\n|move|p1a: Super Sayain 3|Heat Wave|p2a: Excadrill\n|-supereffective|p2a: Excadrill\n|-damage|p2a: Excadrill|38\/100\n|\n|-weather|Sandstorm|[upkeep]\n|-damage|p1a: Super Sayain 3|0 fnt|[from] Sandstorm\n|faint|p1a: Super Sayain 3\n|\n|win|juancharlos\n|upkeep\n|l|\u2606Lanky Paul\n","uploadtime":1699826892,"views":32,"p1id":"lankypaul","p2id":"juancharlos","formatid":"gen9nationaldexubers","rating":0,"private":0,"password":""}