{"id":"gen9nationaldexubers-1990035080","p1":"speedcuber05","p2":"Master Kirbs","format":"[Gen 9] National Dex Ubers","log":"|j|\u2606speedcuber05\n|j|\u2606Master Kirbs\n|t:|1699917587\n|gametype|singles\n|player|p1|speedcuber05|giovanni|1088\n|player|p2|Master Kirbs|hiker-gen4|1131\n|teamsize|p1|6\n|teamsize|p2|6\n|gen|9\n|tier|[Gen 9] National Dex Ubers\n|rated|\n|rule|HP Percentage Mod: HP is shown in percentages\n|rule|Endless Battle Clause: Forcing endless battles is banned\n|rule|OHKO Clause: OHKO moves are banned\n|rule|Evasion Moves Clause: Evasion moves are banned\n|rule|Evasion Items Clause: Evasion items are banned\n|rule|Species Clause: Limit one of each Pok\u00e9mon\n|rule|Sleep Clause Mod: Limit one foe put to sleep\n|rule|Mega Rayquaza Clause: You cannot mega evolve Rayquaza\n|clearpoke\n|poke|p1|Charizard, F|\n|poke|p1|Porygon2|\n|poke|p1|Walking Wake|\n|poke|p1|Flutter Mane|\n|poke|p1|Zeraora|\n|poke|p1|Melmetal|\n|poke|p2|Enamorus, F|\n|poke|p2|Miltank, F|\n|poke|p2|Masquerain, M|\n|poke|p2|Kleavor, M|\n|poke|p2|Zoroark-Hisui, M|\n|poke|p2|Chien-Pao|\n|teampreview\n|inactive|Battle timer is ON: inactive players will automatically lose when time's up. (requested by Master Kirbs)\n|\n|t:|1699917615\n|start\n|switch|p1a: Charizard|Charizard, F|100\/100\n|switch|p2a: Masquerain|Masquerain, M|100\/100\n|-ability|p2a: Masquerain|Intimidate|boost\n|-unboost|p1a: Charizard|atk|1\n|turn|1\n|\n|t:|1699917627\n|detailschange|p1a: Charizard|Charizard-Mega-Y, F\n|-mega|p1a: Charizard|Charizard|Charizardite Y\n|-weather|SunnyDay|[from] ability: Drought|[of] p1a: Charizard\n|move|p1a: Charizard|Flamethrower|p2a: Masquerain\n|-supereffective|p2a: Masquerain\n|-enditem|p2a: Masquerain|Focus Sash\n|-damage|p2a: Masquerain|1\/100\n|move|p2a: Masquerain|Sticky Web|p1a: Charizard\n|-sidestart|p1: speedcuber05|move: Sticky Web\n|\n|-weather|SunnyDay|[upkeep]\n|upkeep\n|turn|2\n|\n|t:|1699917633\n|move|p1a: Charizard|Flamethrower|p2a: Masquerain\n|-supereffective|p2a: Masquerain\n|-damage|p2a: Masquerain|0 fnt\n|faint|p2a: Masquerain\n|\n|-weather|SunnyDay|[upkeep]\n|upkeep\n|\n|t:|1699917642\n|switch|p2a: Chien-Pao|Chien-Pao|100\/100\n|-ability|p2a: Chien-Pao|Sword of Ruin\n|turn|3\n|\n|t:|1699917647\n|move|p2a: Chien-Pao|Sucker Punch|p1a: Charizard\n|-damage|p1a: Charizard|16\/100\n|-damage|p2a: Chien-Pao|91\/100|[from] item: Life Orb\n|move|p1a: Charizard|Flamethrower|p2a: Chien-Pao\n|-supereffective|p2a: Chien-Pao\n|-damage|p2a: Chien-Pao|0 fnt\n|faint|p2a: Chien-Pao\n|\n|-weather|SunnyDay|[upkeep]\n|upkeep\n|\n|t:|1699917650\n|switch|p2a: Enamorus|Enamorus, F|100\/100\n|turn|4\n|\n|t:|1699917668\n|move|p2a: Enamorus|Superpower|p1a: Charizard\n|-resisted|p1a: Charizard\n|-crit|p1a: Charizard\n|-damage|p1a: Charizard|0 fnt\n|-boost|p2a: Enamorus|atk|1\n|-boost|p2a: Enamorus|def|1\n|faint|p1a: Charizard\n|\n|-weather|SunnyDay|[upkeep]\n|upkeep\n|\n|t:|1699917673\n|switch|p1a: Flutter Mane|Flutter Mane|100\/100\n|-activate|p1a: Flutter Mane|move: Sticky Web\n|-unboost|p1a: Flutter Mane|spe|1\n|-activate|p1a: Flutter Mane|ability: Protosynthesis\n|-start|p1a: Flutter Mane|protosynthesisspa\n|turn|5\n|\n|t:|1699917680\n|move|p2a: Enamorus|Iron Head|p1a: Flutter Mane\n|-supereffective|p1a: Flutter Mane\n|-damage|p1a: Flutter Mane|0 fnt\n|faint|p1a: Flutter Mane\n|-end|p1a: Flutter Mane|Protosynthesis|[silent]\n|\n|-weather|none\n|upkeep\n|\n|t:|1699917686\n|switch|p1a: Melmetal|Melmetal|100\/100\n|-activate|p1a: Melmetal|move: Sticky Web\n|-unboost|p1a: Melmetal|spe|1\n|turn|6\n|\n|t:|1699917689\n|-terastallize|p2a: Enamorus|Fighting\n|move|p2a: Enamorus|Superpower|p1a: Melmetal\n|-supereffective|p1a: Melmetal\n|-damage|p1a: Melmetal|10\/100\n|-boost|p2a: Enamorus|atk|1\n|-boost|p2a: Enamorus|def|1\n|move|p1a: Melmetal|Double Iron Bash|p2a: Enamorus\n|-damage|p2a: Enamorus|65\/100\n|-damage|p2a: Enamorus|32\/100\n|-hitcount|p2a: Enamorus|2\n|\n|-heal|p2a: Enamorus|38\/100|[from] item: Leftovers\n|-heal|p1a: Melmetal|16\/100|[from] item: Leftovers\n|upkeep\n|turn|7\n|inactive|speedcuber05 has 120 seconds left.\n|\n|t:|1699917736\n|move|p2a: Enamorus|Superpower|p1a: Melmetal\n|-supereffective|p1a: Melmetal\n|-damage|p1a: Melmetal|0 fnt\n|-boost|p2a: Enamorus|atk|1\n|-boost|p2a: Enamorus|def|1\n|faint|p1a: Melmetal\n|\n|-heal|p2a: Enamorus|44\/100|[from] item: Leftovers\n|upkeep\n|\n|t:|1699917740\n|switch|p1a: Zeraora|Zeraora|100\/100\n|-item|p1a: Zeraora|Air Balloon\n|turn|8\n|c|\u2606speedcuber05|bro\n|\n|t:|1699917749\n|move|p1a: Zeraora|Fake Out|p2a: Enamorus\n|-damage|p2a: Enamorus|35\/100\n|cant|p2a: Enamorus|flinch\n|\n|-heal|p2a: Enamorus|41\/100|[from] item: Leftovers\n|upkeep\n|turn|9\n|inactive|speedcuber05 has 120 seconds left.\n|c|\u2606speedcuber05|the heck is wrong with the ability\n|c|\u2606speedcuber05|superpower is too good\n|\n|t:|1699917788\n|move|p1a: Zeraora|Plasma Fists|p2a: Enamorus\n|-damage|p2a: Enamorus|9\/100\n|-fieldactivate|move: Ion Deluge\n|-hint|Normal-type moves become Electric-type after using Plasma Fists.\n|move|p2a: Enamorus|Superpower|p1a: Zeraora\n|-damage|p1a: Zeraora|0 fnt\n|-boost|p2a: Enamorus|atk|1\n|-boost|p2a: Enamorus|def|1\n|-enditem|p1a: Zeraora|Air Balloon\n|faint|p1a: Zeraora\n|\n|-heal|p2a: Enamorus|15\/100|[from] item: Leftovers\n|upkeep\n|\n|t:|1699917792\n|switch|p1a: Porygon2|Porygon2, shiny|100\/100\n|-activate|p1a: Porygon2|move: Sticky Web\n|-unboost|p1a: Porygon2|spe|1\n|turn|10\n|\n|t:|1699917803\n|move|p2a: Enamorus|Superpower|p1a: Porygon2\n|-supereffective|p1a: Porygon2\n|-damage|p1a: Porygon2|0 fnt\n|-boost|p2a: Enamorus|atk|1\n|-boost|p2a: Enamorus|def|1\n|faint|p1a: Porygon2\n|\n|-heal|p2a: Enamorus|21\/100|[from] item: Leftovers\n|upkeep\n|\n|t:|1699917806\n|switch|p1a: Walking Wake|Walking Wake|100\/100\n|-activate|p1a: Walking Wake|move: Sticky Web\n|-unboost|p1a: Walking Wake|spe|1\n|turn|11\n|\n|t:|1699917811\n|move|p2a: Enamorus|Superpower|p1a: Walking Wake\n|-damage|p1a: Walking Wake|0 fnt\n|-boost|p2a: Enamorus|atk|1\n|-boost|p2a: Enamorus|def|1\n|faint|p1a: Walking Wake\n|-end|p1a: Walking Wake|Protosynthesis|[silent]\n|\n|win|Master Kirbs\n|raw|speedcuber05's rating: 1113 &rarr; <strong>1088<\/strong><br \/>(-25 for losing)\n|raw|Master Kirbs's rating: 1107 &rarr; <strong>1132<\/strong><br \/>(+25 for winning)\n|l|\u2606speedcuber05\n","uploadtime":1699917844,"views":6,"p1id":"speedcuber05","p2id":"masterkirbs","formatid":"gen9nationaldexubers","rating":1088,"private":0,"password":""}