{"id":"gen9nationaldexubers-1993208753","p1":"vic_ketchum","p2":"SnowyRedBirb","format":"[Gen 9] National Dex Ubers","log":"|j|\u2606vic_ketchum\n|j|\u2606SnowyRedBirb\n|t:|1700278278\n|gametype|singles\n|player|p1|vic_ketchum|ash-hoenn|1056\n|player|p2|SnowyRedBirb|aetheremployee|1148\n|teamsize|p1|6\n|teamsize|p2|6\n|gen|9\n|tier|[Gen 9] National Dex Ubers\n|rated|\n|rule|HP Percentage Mod: HP is shown in percentages\n|rule|Endless Battle Clause: Forcing endless battles is banned\n|rule|OHKO Clause: OHKO moves are banned\n|rule|Evasion Moves Clause: Evasion moves are banned\n|rule|Evasion Items Clause: Evasion items are banned\n|rule|Species Clause: Limit one of each Pok\u00e9mon\n|rule|Sleep Clause Mod: Limit one foe put to sleep\n|rule|Mega Rayquaza Clause: You cannot mega evolve Rayquaza\n|clearpoke\n|poke|p1|Mewtwo|\n|poke|p1|Pheromosa|\n|poke|p1|Deoxys|\n|poke|p1|Buzzwole|\n|poke|p1|Zoroark, M|\n|poke|p1|Scizor, M|\n|poke|p2|Inteleon, F|\n|poke|p2|Rowlet, M|\n|poke|p2|Cinderace, M|\n|poke|p2|Zacian-*|\n|poke|p2|Sirfetch\u2019d, F|\n|poke|p2|Lunala|\n|teampreview\n|inactive|Battle timer is ON: inactive players will automatically lose when time's up. (requested by SnowyRedBirb)\n|\n|t:|1700278286\n|start\n|switch|p1a: CELL|Pheromosa|100\/100\n|switch|p2a: Furry|Cinderace, M, shiny|100\/100\n|turn|1\n|\n|t:|1700278293\n|move|p2a: Furry|Pyro Ball|p1a: CELL\n|-supereffective|p1a: CELL\n|-enditem|p1a: CELL|Focus Sash\n|-damage|p1a: CELL|1\/100\n|move|p1a: CELL|Poison Jab|p2a: Furry\n|-damage|p2a: Furry|61\/100\n|\n|upkeep\n|turn|2\n|\n|t:|1700278301\n|move|p2a: Furry|U-turn|p1a: CELL\n|-start|p2a: Furry|typechange|Bug|[from] ability: Libero\n|-resisted|p1a: CELL\n|-damage|p1a: CELL|0 fnt\n|faint|p1a: CELL\n|\n|t:|1700278308\n|switch|p2a: Tears|Inteleon, F, shiny|100\/100|[from] U-turn\n|\n|upkeep\n|\n|t:|1700278315\n|switch|p1a: BROLY|Buzzwole, shiny|100\/100\n|turn|3\n|\n|t:|1700278325\n|move|p2a: Tears|Ice Beam|p1a: BROLY\n|-damage|p1a: BROLY|60\/100\n|move|p1a: BROLY|Leech Life|p2a: Tears\n|-crit|p2a: Tears\n|-damage|p2a: Tears|0 fnt\n|-heal|p1a: BROLY|97\/100|[from] drain|[of] p2a: Tears\n|faint|p2a: Tears\n|-ability|p1a: BROLY|Beast Boost|boost\n|-boost|p1a: BROLY|atk|1\n|\n|upkeep\n|\n|t:|1700278336\n|switch|p2a: Round Child|Rowlet, M, shiny|100\/100\n|turn|4\n|\n|t:|1700278339\n|move|p1a: BROLY|Leech Life|p2a: Round Child\n|-damage|p2a: Round Child|36\/100\n|-heal|p1a: BROLY|100\/100|[from] drain|[of] p2a: Round Child\n|move|p2a: Round Child|Brave Bird|p1a: BROLY\n|-supereffective|p1a: BROLY\n|-enditem|p1a: BROLY|Focus Sash\n|-damage|p1a: BROLY|1\/100\n|-damage|p2a: Round Child|0 fnt|[from] Recoil\n|faint|p2a: Round Child\n|\n|upkeep\n|\n|t:|1700278350\n|switch|p2a: Kamon|Sirfetch\u2019d, F|100\/100\n|turn|5\n|\n|t:|1700278353\n|move|p2a: Kamon|First Impression|p1a: BROLY\n|-resisted|p1a: BROLY\n|-damage|p1a: BROLY|0 fnt\n|faint|p1a: BROLY\n|\n|upkeep\n|\n|t:|1700278358\n|switch|p1a: MAJIN BUU|Deoxys|100\/100\n|-ability|p1a: MAJIN BUU|Pressure\n|turn|6\n|\n|t:|1700278364\n|switch|p2a: Nebula|Lunala, shiny|100\/100\n|move|p1a: MAJIN BUU|Psychic|p2a: Nebula\n|-resisted|p2a: Nebula\n|-damage|p2a: Nebula|92\/100\n|\n|upkeep\n|turn|7\n|\n|t:|1700278372\n|move|p1a: MAJIN BUU|Dark Pulse|p2a: Nebula\n|-supereffective|p2a: Nebula\n|-damage|p2a: Nebula|18\/100\n|move|p2a: Nebula|Moongeist Beam|p1a: MAJIN BUU\n|-supereffective|p1a: MAJIN BUU\n|-enditem|p1a: MAJIN BUU|Focus Sash\n|-damage|p1a: MAJIN BUU|1\/100\n|-heal|p2a: Nebula|24\/100|[from] item: Shell Bell|[of] p1a: MAJIN BUU\n|\n|upkeep\n|turn|8\n|\n|t:|1700278384\n|move|p1a: MAJIN BUU|Signal Beam|p2a: Nebula\n|-damage|p2a: Nebula|7\/100\n|move|p2a: Nebula|Psyshock|p1a: MAJIN BUU\n|-resisted|p1a: MAJIN BUU\n|-damage|p1a: MAJIN BUU|0 fnt\n|faint|p1a: MAJIN BUU\n|-heal|p2a: Nebula|7\/100|[from] item: Shell Bell|[of] p1: MAJIN BUU\n|\n|upkeep\n|\n|t:|1700278393\n|switch|p1a: XICOR|Scizor, M, shiny|100\/100\n|turn|9\n|\n|t:|1700278399\n|move|p1a: XICOR|Flamethrower|p2a: Nebula\n|-damage|p2a: Nebula|0 fnt\n|faint|p2a: Nebula\n|\n|upkeep\n|\n|t:|1700278404\n|switch|p2a: Furry|Cinderace, M, shiny|61\/100\n|turn|10\n|\n|t:|1700278408\n|move|p2a: Furry|Pyro Ball|p1a: XICOR\n|-enditem|p1a: XICOR|Focus Sash\n|-damage|p1a: XICOR|1\/100\n|-status|p1a: XICOR|brn\n|replace|p1a: ZAMAS|Zoroark, M\n|-end|p1a: ZAMAS|Illusion\n|move|p1a: ZAMAS|Toxic|p2a: Furry\n|-status|p2a: Furry|tox\n|\n|-damage|p2a: Furry|55\/100 tox|[from] psn\n|-damage|p1a: ZAMAS|0 fnt|[from] brn\n|faint|p1a: ZAMAS\n|upkeep\n|\n|t:|1700278420\n|switch|p1a: FREEZER|Mewtwo|100\/100\n|-ability|p1a: FREEZER|Pressure\n|turn|11\n|\n|t:|1700278427\n|move|p2a: Furry|U-turn|p1a: FREEZER\n|-start|p2a: Furry|typechange|Bug|[from] ability: Libero\n|-supereffective|p1a: FREEZER\n|-damage|p1a: FREEZER|40\/100\n|\n|t:|1700278433\n|switch|p2a: Zacian|Zacian-Crowned, shiny|100\/100|[from] U-turn\n|-ability|p2a: Zacian|Intrepid Sword|boost\n|-boost|p2a: Zacian|atk|1\n|move|p1a: FREEZER|Thunderbolt|p2a: Zacian\n|-damage|p2a: Zacian|70\/100\n|\n|upkeep\n|turn|12\n|\n|t:|1700278442\n|move|p2a: Zacian|Crunch|p1a: FREEZER\n|-supereffective|p1a: FREEZER\n|-damage|p1a: FREEZER|0 fnt\n|faint|p1a: FREEZER\n|\n|upkeep\n|\n|t:|1700278447\n|switch|p1a: XICOR|Scizor, M, shiny|100\/100\n|turn|13\n|\n|t:|1700278456\n|switch|p2a: Furry|Cinderace, M, shiny|55\/100 tox\n|move|p1a: XICOR|Swords Dance|p1a: XICOR\n|-boost|p1a: XICOR|atk|2\n|\n|-damage|p2a: Furry|49\/100 tox|[from] psn\n|upkeep\n|turn|14\n|\n|t:|1700278464\n|-terastallize|p1a: XICOR|Normal\n|move|p2a: Furry|Pyro Ball|p1a: XICOR|[miss]\n|-miss|p2a: Furry|p1a: XICOR\n|move|p1a: XICOR|Swords Dance|p1a: XICOR\n|-boost|p1a: XICOR|atk|2\n|\n|-damage|p2a: Furry|37\/100 tox|[from] psn\n|upkeep\n|turn|15\n|\n|t:|1700278473\n|-terastallize|p2a: Furry|Fighting\n|move|p1a: XICOR|Bullet Punch|p2a: Furry\n|-damage|p2a: Furry|0 fnt\n|faint|p2a: Furry\n|\n|upkeep\n|\n|t:|1700278483\n|switch|p2a: Kamon|Sirfetch\u2019d, F|100\/100\n|turn|16\n|\n|t:|1700278488\n|move|p1a: XICOR|Bullet Punch|p2a: Kamon\n|-damage|p2a: Kamon|3\/100\n|move|p2a: Kamon|Meteor Assault|p1a: XICOR\n|-supereffective|p1a: XICOR\n|-enditem|p1a: XICOR|Focus Sash\n|-damage|p1a: XICOR|1\/100\n|-mustrecharge|p2a: Kamon\n|\n|upkeep\n|turn|17\n|\n|t:|1700278496\n|move|p1a: XICOR|Bullet Punch|p2a: Kamon\n|-damage|p2a: Kamon|0 fnt\n|faint|p2a: Kamon\n|\n|upkeep\n|\n|t:|1700278499\n|switch|p2a: Zacian|Zacian-Crowned, shiny|70\/100\n|turn|18\n|\n|t:|1700278503\n|move|p1a: XICOR|Bullet Punch|p2a: Zacian\n|-crit|p2a: Zacian\n|-damage|p2a: Zacian|0 fnt\n|faint|p2a: Zacian\n|\n|win|vic_ketchum\n|raw|vic_ketchum's rating: 1056 &rarr; <strong>1096<\/strong><br \/>(+40 for winning)\n|raw|SnowyRedBirb's rating: 1148 &rarr; <strong>1117<\/strong><br \/>(-31 for losing)\n|l|\u2606SnowyRedBirb\n","uploadtime":1700278510,"views":7,"p1id":"vicketchum","p2id":"snowyredbirb","formatid":"gen9nationaldexubers","rating":1096,"private":0,"password":""}