{"id":"gen9nationaldexubers-1977910537","p1":"INeedToPractice","p2":"simpternational","format":"[Gen 9] National Dex Ubers","log":"|j|\u2606INeedToPractice\n|j|\u2606simpternational\n|t:|1698465154\n|gametype|singles\n|player|p1|INeedToPractice|169|1385\n|player|p2|simpternational|sabrina|1308\n|teamsize|p1|6\n|teamsize|p2|6\n|gen|9\n|tier|[Gen 9] National Dex Ubers\n|rated|\n|rule|HP Percentage Mod: HP is shown in percentages\n|rule|Endless Battle Clause: Forcing endless battles is banned\n|rule|OHKO Clause: OHKO moves are banned\n|rule|Evasion Moves Clause: Evasion moves are banned\n|rule|Evasion Items Clause: Evasion items are banned\n|rule|Species Clause: Limit one of each Pok\u00e9mon\n|rule|Sleep Clause Mod: Limit one foe put to sleep\n|rule|Mega Rayquaza Clause: You cannot mega evolve Rayquaza\n|clearpoke\n|poke|p1|Arceus|\n|poke|p1|Kyurem-White|\n|poke|p1|Regieleki|\n|poke|p1|Baxcalibur, M|\n|poke|p1|Serperior, M|\n|poke|p1|Clodsire, M|\n|poke|p2|Munkidori, M|\n|poke|p2|Tapu Lele|\n|poke|p2|Medicham, F|\n|poke|p2|Necrozma-Dusk-Mane|\n|poke|p2|Wobbuffet, F|\n|poke|p2|Mew|\n|teampreview\n|inactive|Battle timer is ON: inactive players will automatically lose when time's up. (requested by simpternational)\n|\n|t:|1698465179\n|start\n|switch|p1a: Dorothy Anne|Kyurem-White|100\/100\n|switch|p2a: Mew|Mew|100\/100\n|-ability|p1a: Dorothy Anne|Turboblaze\n|turn|1\n|\n|t:|1698465187\n|move|p2a: Mew|Dragon Dance|p2a: Mew\n|-boost|p2a: Mew|atk|1\n|-boost|p2a: Mew|spe|1\n|move|p1a: Dorothy Anne|Draco Meteor|p2a: Mew\n|-damage|p2a: Mew|0 fnt\n|-unboost|p1a: Dorothy Anne|spa|2\n|faint|p2a: Mew\n|\n|upkeep\n|\n|t:|1698465194\n|switch|p2a: Necrozma|Necrozma-Dusk-Mane, shiny|100\/100\n|turn|2\n|\n|t:|1698465201\n|switch|p1a: Carlos|Regieleki, shiny|100\/100\n|move|p2a: Necrozma|Dragon Dance|p2a: Necrozma\n|-boost|p2a: Necrozma|atk|1\n|-boost|p2a: Necrozma|spe|1\n|\n|upkeep\n|turn|3\n|\n|t:|1698465210\n|detailschange|p2a: Necrozma|Necrozma-Ultra, shiny\n|-burst|p2a: Necrozma|Necrozma|Ultranecrozium Z\n|move|p2a: Necrozma|Earthquake|p1a: Carlos\n|-supereffective|p1a: Carlos\n|-damage|p1a: Carlos|0 fnt\n|faint|p1a: Carlos\n|\n|upkeep\n|\n|t:|1698465221\n|switch|p1a: Ralphie|Clodsire, M|100\/100\n|turn|4\n|\n|t:|1698465230\n|-terastallize|p1a: Ralphie|Dark\n|move|p2a: Necrozma|Photon Geyser|p1a: Ralphie\n|-immune|p1a: Ralphie\n|move|p1a: Ralphie|Toxic|p2a: Necrozma\n|-status|p2a: Necrozma|tox\n|\n|-damage|p2a: Necrozma|94\/100 tox|[from] psn\n|upkeep\n|turn|5\n|\n|t:|1698465244\n|move|p2a: Necrozma|Sunsteel Strike|p1a: Ralphie\n|-damage|p1a: Ralphie|51\/100\n|-damage|p2a: Necrozma|78\/100 tox|[from] item: Rocky Helmet|[of] p1a: Ralphie\n|move|p1a: Ralphie|Haze|p1a: Ralphie\n|-clearallboost\n|\n|-damage|p2a: Necrozma|66\/100 tox|[from] psn\n|upkeep\n|turn|6\n|\n|t:|1698465257\n|switch|p2a: Munkidori|Munkidori, M|100\/100\n|move|p1a: Ralphie|Recover|p1a: Ralphie\n|-heal|p1a: Ralphie|100\/100\n|\n|upkeep\n|turn|7\n|\n|t:|1698465278\n|switch|p1a: Arnold|Baxcalibur, M|100\/100\n|move|p2a: Munkidori|Fake Out|p1a: Arnold\n|-damage|p1a: Arnold|92\/100\n|-status|p1a: Arnold|tox|[from] ability: Toxic Chain|[of] p2a: Munkidori\n|-damage|p2a: Munkidori|91\/100|[from] item: Life Orb\n|\n|-damage|p1a: Arnold|86\/100 tox|[from] psn\n|upkeep\n|turn|8\n|\n|t:|1698465289\n|move|p2a: Munkidori|Sludge Wave|p1a: Arnold\n|-damage|p1a: Arnold|27\/100 tox\n|-damage|p2a: Munkidori|81\/100|[from] item: Life Orb\n|move|p1a: Arnold|Dragon Dance|p1a: Arnold\n|-boost|p1a: Arnold|atk|1\n|-boost|p1a: Arnold|spe|1\n|\n|-damage|p1a: Arnold|15\/100 tox|[from] psn\n|upkeep\n|turn|9\n|\n|t:|1698465298\n|move|p1a: Arnold|Icicle Spear|p2a: Munkidori\n|-damage|p2a: Munkidori|47\/100\n|-damage|p2a: Munkidori|10\/100\n|-damage|p2a: Munkidori|0 fnt\n|faint|p2a: Munkidori\n|-hitcount|p2: Munkidori|3\n|\n|-damage|p1a: Arnold|0 fnt|[from] psn\n|faint|p1a: Arnold\n|upkeep\n|\n|t:|1698465316\n|switch|p2a: Medicham|Medicham, F, shiny|100\/100\n|switch|p1a: Dorothy Anne|Kyurem-White|100\/100\n|-ability|p1a: Dorothy Anne|Turboblaze\n|turn|10\n|\n|t:|1698465328\n|detailschange|p2a: Medicham|Medicham-Mega, F, shiny\n|-mega|p2a: Medicham|Medicham|Medichamite\n|move|p2a: Medicham|Fake Out|p1a: Dorothy Anne\n|-damage|p1a: Dorothy Anne|76\/100\n|cant|p1a: Dorothy Anne|flinch\n|\n|upkeep\n|turn|11\n|inactive|INeedToPractice has 120 seconds left.\n|\n|t:|1698465349\n|switch|p1a: Liz|Serperior, M|100\/100\n|move|p2a: Medicham|Close Combat|p1a: Liz\n|-damage|p1a: Liz|0 fnt\n|-unboost|p2a: Medicham|def|1\n|-unboost|p2a: Medicham|spd|1\n|faint|p1a: Liz\n|\n|upkeep\n|inactive|INeedToPractice has 120 seconds left.\n|\n|t:|1698465357\n|switch|p1a: Frizzle|Arceus|100\/100\n|turn|12\n|\n|t:|1698465362\n|switch|p2a: Necrozma|Necrozma-Ultra, shiny|66\/100 tox\n|move|p1a: Frizzle|Extreme Speed|p2a: Necrozma\n|-damage|p2a: Necrozma|14\/100 tox\n|\n|-damage|p2a: Necrozma|8\/100 tox|[from] psn\n|upkeep\n|turn|13\n|\n|t:|1698465370\n|-zpower|p2a: Necrozma\n|move|p2a: Necrozma|Light That Burns the Sky|p1a: Frizzle|[zeffect]\n|-damage|p1a: Frizzle|6\/100\n|move|p1a: Frizzle|Swords Dance|p1a: Frizzle\n|-boost|p1a: Frizzle|atk|2\n|\n|-damage|p2a: Necrozma|0 fnt|[from] psn\n|faint|p2a: Necrozma\n|upkeep\n|\n|t:|1698465378\n|switch|p2a: Wobbuffet|Wobbuffet, F, shiny|100\/100\n|turn|14\n|\n|t:|1698465382\n|move|p1a: Frizzle|Extreme Speed|p2a: Wobbuffet\n|-damage|p2a: Wobbuffet|26\/100\n|move|p2a: Wobbuffet|Counter|p1a: Frizzle\n|-damage|p1a: Frizzle|0 fnt\n|faint|p1a: Frizzle\n|\n|upkeep\n|\n|t:|1698465398\n|switch|p1a: Dorothy Anne|Kyurem-White|76\/100\n|-ability|p1a: Dorothy Anne|Turboblaze\n|turn|15\n|\n|t:|1698465404\n|move|p1a: Dorothy Anne|Ice Beam|p2a: Wobbuffet\n|-damage|p2a: Wobbuffet|0 fnt\n|faint|p2a: Wobbuffet\n|\n|upkeep\n|\n|t:|1698465407\n|switch|p2a: Medicham|Medicham-Mega, F, shiny|100\/100\n|turn|16\n|\n|t:|1698465412\n|move|p2a: Medicham|Fake Out|p1a: Dorothy Anne\n|-damage|p1a: Dorothy Anne|55\/100\n|cant|p1a: Dorothy Anne|flinch\n|\n|upkeep\n|turn|17\n|\n|t:|1698465417\n|move|p2a: Medicham|Close Combat|p1a: Dorothy Anne\n|-supereffective|p1a: Dorothy Anne\n|-damage|p1a: Dorothy Anne|0 fnt\n|-unboost|p2a: Medicham|def|1\n|-unboost|p2a: Medicham|spd|1\n|faint|p1a: Dorothy Anne\n|\n|upkeep\n|\n|t:|1698465423\n|switch|p1a: Ralphie|Clodsire, M, tera:Dark|100\/100\n|turn|18\n|\n|t:|1698465427\n|move|p2a: Medicham|Close Combat|p1a: Ralphie\n|-supereffective|p1a: Ralphie\n|-damage|p1a: Ralphie|0 fnt\n|-unboost|p2a: Medicham|def|1\n|-unboost|p2a: Medicham|spd|1\n|-damage|p2a: Medicham|84\/100|[from] item: Rocky Helmet|[of] p1a: Ralphie\n|faint|p1a: Ralphie\n|\n|win|simpternational\n|raw|INeedToPractice's rating: 1385 &rarr; <strong>1361<\/strong><br \/>(-24 for losing)\n|raw|simpternational's rating: 1308 &rarr; <strong>1332<\/strong><br \/>(+24 for winning)\n|c|\u2606INeedToPractice|gg\n","uploadtime":1698465431,"views":18,"p1id":"ineedtopractice","p2id":"simpternational","formatid":"gen9nationaldexubers","rating":1332,"private":0,"password":""}