{"id":"gen9nationaldexubers-1992044272","p1":"Kdisue","p2":"JL_recruta","format":"[Gen 9] National Dex Ubers","log":"|j|\u2606Kdisue\n|j|\u2606JL_recruta\n|t:|1700150386\n|gametype|singles\n|player|p1|Kdisue|101|1348\n|player|p2|JL_recruta|nate|1344\n|teamsize|p1|6\n|teamsize|p2|6\n|gen|9\n|tier|[Gen 9] National Dex Ubers\n|rated|\n|rule|HP Percentage Mod: HP is shown in percentages\n|rule|Endless Battle Clause: Forcing endless battles is banned\n|rule|OHKO Clause: OHKO moves are banned\n|rule|Evasion Moves Clause: Evasion moves are banned\n|rule|Evasion Items Clause: Evasion items are banned\n|rule|Species Clause: Limit one of each Pok\u00e9mon\n|rule|Sleep Clause Mod: Limit one foe put to sleep\n|rule|Mega Rayquaza Clause: You cannot mega evolve Rayquaza\n|clearpoke\n|poke|p1|Arceus-Bug|\n|poke|p1|Genesect|\n|poke|p1|Beedrill, F|\n|poke|p1|Kleavor, F|\n|poke|p1|Volcarona, F|\n|poke|p1|Ursaluna-Bloodmoon, M|\n|poke|p2|Bayleef, F|\n|poke|p2|Baxcalibur, F|\n|poke|p2|Abomasnow, M|\n|poke|p2|Ursaluna-Bloodmoon, M|\n|poke|p2|Heatran, M|\n|poke|p2|Gyarados, F|\n|teampreview\n|inactive|Battle timer is ON: inactive players will automatically lose when time's up. (requested by Kdisue)\n|\n|t:|1700150400\n|start\n|switch|p1a: Truck :.:|Beedrill, F, shiny|100\/100\n|switch|p2a: Abomasnow|Abomasnow, M|100\/100\n|-weather|Snow|[from] ability: Snow Warning|[of] p2a: Abomasnow\n|turn|1\n|c|\u2606Kdisue|Baylee\u2019s?\n|\n|t:|1700150416\n|detailschange|p1a: Truck :.:|Beedrill-Mega, F, shiny\n|-mega|p1a: Truck :.:|Beedrill|Beedrillite\n|move|p1a: Truck :.:|U-turn|p2a: Abomasnow\n|-supereffective|p2a: Abomasnow\n|-damage|p2a: Abomasnow|42\/100\n|\n|t:|1700150423\n|switch|p1a: Articulated Lorry|Volcarona, F|100\/100|[from] U-turn\n|move|p2a: Abomasnow|Aurora Veil|p2a: Abomasnow\n|-sidestart|p2: JL_recruta|move: Aurora Veil\n|\n|-weather|Snow|[upkeep]\n|upkeep\n|turn|2\n|\n|t:|1700150433\n|move|p1a: Articulated Lorry|Quiver Dance|p1a: Articulated Lorry\n|-boost|p1a: Articulated Lorry|spa|1\n|-boost|p1a: Articulated Lorry|spd|1\n|-boost|p1a: Articulated Lorry|spe|1\n|move|p2a: Abomasnow|Leech Seed|p1a: Articulated Lorry\n|-start|p1a: Articulated Lorry|move: Leech Seed\n|\n|-weather|Snow|[upkeep]\n|-damage|p1a: Articulated Lorry|88\/100|[from] Leech Seed|[of] p2a: Abomasnow\n|-heal|p2a: Abomasnow|52\/100|[silent]\n|upkeep\n|turn|3\n|\n|t:|1700150446\n|move|p1a: Articulated Lorry|Quiver Dance|p1a: Articulated Lorry\n|-boost|p1a: Articulated Lorry|spa|1\n|-boost|p1a: Articulated Lorry|spd|1\n|-boost|p1a: Articulated Lorry|spe|1\n|move|p2a: Abomasnow|Blizzard|p1a: Articulated Lorry\n|-resisted|p1a: Articulated Lorry\n|-damage|p1a: Articulated Lorry|79\/100\n|\n|-weather|Snow|[upkeep]\n|-damage|p1a: Articulated Lorry|66\/100|[from] Leech Seed|[of] p2a: Abomasnow\n|-heal|p2a: Abomasnow|63\/100|[silent]\n|upkeep\n|turn|4\n|\n|t:|1700150464\n|switch|p2a: Heatran|Heatran, M|100\/100\n|move|p1a: Articulated Lorry|Quiver Dance|p1a: Articulated Lorry\n|-boost|p1a: Articulated Lorry|spa|1\n|-boost|p1a: Articulated Lorry|spd|1\n|-boost|p1a: Articulated Lorry|spe|1\n|\n|-weather|Snow|[upkeep]\n|-damage|p1a: Articulated Lorry|54\/100|[from] Leech Seed|[of] p2a: Heatran\n|upkeep\n|turn|5\n|\n|t:|1700150475\n|switch|p2a: Abomasnow|Abomasnow, M|63\/100\n|move|p1a: Articulated Lorry|Roost|p1a: Articulated Lorry\n|-heal|p1a: Articulated Lorry|100\/100\n|-singleturn|p1a: Articulated Lorry|move: Roost\n|\n|-weather|none\n|-damage|p1a: Articulated Lorry|88\/100|[from] Leech Seed|[of] p2a: Abomasnow\n|-heal|p2a: Abomasnow|73\/100|[silent]\n|upkeep\n|turn|6\n|\n|t:|1700150486\n|switch|p2a: Gyarados|Gyarados, F|100\/100\n|-ability|p2a: Gyarados|Intimidate|boost\n|-unboost|p1a: Articulated Lorry|atk|1\n|move|p1a: Articulated Lorry|Fiery Dance|p2a: Gyarados\n|-resisted|p2a: Gyarados\n|-damage|p2a: Gyarados|74\/100\n|\n|-damage|p1a: Articulated Lorry|76\/100|[from] Leech Seed|[of] p2a: Gyarados\n|-heal|p2a: Gyarados|85\/100|[silent]\n|upkeep\n|turn|7\n|\n|t:|1700150502\n|detailschange|p2a: Gyarados|Gyarados-Mega, F\n|-mega|p2a: Gyarados|Gyarados|Gyaradosite\n|-ability|p2a: Gyarados|Mold Breaker\n|move|p1a: Articulated Lorry|Bug Buzz|p2a: Gyarados\n|-supereffective|p2a: Gyarados\n|-damage|p2a: Gyarados|3\/100\n|move|p2a: Gyarados|Waterfall|p1a: Articulated Lorry\n|-supereffective|p1a: Articulated Lorry\n|-damage|p1a: Articulated Lorry|0 fnt\n|-status|p2a: Gyarados|brn|[from] ability: Flame Body|[of] p1a: Articulated Lorry\n|faint|p1a: Articulated Lorry\n|\n|-damage|p2a: Gyarados|0 fnt|[from] brn\n|faint|p2a: Gyarados\n|upkeep\n|\n|t:|1700150525\n|switch|p1a: Truck :.:|Beedrill-Mega, F, shiny|100\/100\n|switch|p2a: Bayleef|Bayleef, F|100\/100\n|turn|8\n|\n|t:|1700150533\n|move|p1a: Truck :.:|Knock Off|p2a: Bayleef\n|-damage|p2a: Bayleef|84\/100\n|-enditem|p2a: Bayleef|Eviolite|[from] move: Knock Off|[of] p1a: Truck :.:\n|move|p2a: Bayleef|Curse|p2a: Bayleef\n|-unboost|p2a: Bayleef|spe|1\n|-boost|p2a: Bayleef|atk|1\n|-boost|p2a: Bayleef|def|1\n|\n|-sideend|p2: JL_recruta|move: Aurora Veil\n|upkeep\n|turn|9\n|\n|t:|1700150547\n|move|p1a: Truck :.:|Poison Jab|p2a: Bayleef\n|-supereffective|p2a: Bayleef\n|-damage|p2a: Bayleef|0 fnt\n|faint|p2a: Bayleef\n|\n|upkeep\n|\n|t:|1700150555\n|switch|p2a: Abomasnow|Abomasnow, M|73\/100\n|-weather|Snow|[from] ability: Snow Warning|[of] p2a: Abomasnow\n|turn|10\n|inactive|Kdisue has 120 seconds left.\n|l|\u2606Kdisue\n|inactive|Kdisue disconnected and has a minute to reconnect!\n|player|p1|\n|j|\u2606Kdisue\n|inactive|Kdisue reconnected and has 100 seconds left.\n|player|p1|Kdisue|101\n|inactive|Kdisue has 90 seconds left.\n|\n|t:|1700150611\n|move|p1a: Truck :.:|Knock Off|p2a: Abomasnow\n|-damage|p2a: Abomasnow|53\/100\n|-enditem|p2a: Abomasnow|Light Clay|[from] move: Knock Off|[of] p1a: Truck :.:\n|move|p2a: Abomasnow|Aurora Veil|p2a: Abomasnow\n|-sidestart|p2: JL_recruta|move: Aurora Veil\n|\n|-weather|Snow|[upkeep]\n|upkeep\n|turn|11\n|inactive|Kdisue has 90 seconds left.\n|j| Slark 888\n|inactive|JL_recruta has 120 seconds left.\n|\n|t:|1700150650\n|move|p1a: Truck :.:|U-turn|p2a: Abomasnow\n|-supereffective|p2a: Abomasnow\n|-damage|p2a: Abomasnow|21\/100\n|inactive|Kdisue has 90 seconds left.\n|\n|t:|1700150655\n|switch|p1a: Truck :v:|Genesect, shiny|100\/100|[from] U-turn\n|-ability|p1a: Truck :v:|Download|boost\n|-boost|p1a: Truck :v:|spa|1\n|move|p2a: Abomasnow|Blizzard|p1a: Truck :v:\n|-resisted|p1a: Truck :v:\n|-damage|p1a: Truck :v:|76\/100\n|\n|-weather|Snow|[upkeep]\n|upkeep\n|turn|12\n|inactive|Kdisue has 90 seconds left.\n|\n|t:|1700150666\n|move|p1a: Truck :v:|Flamethrower|p2a: Abomasnow\n|-supereffective|p2a: Abomasnow\n|-damage|p2a: Abomasnow|0 fnt\n|faint|p2a: Abomasnow\n|\n|-weather|Snow|[upkeep]\n|upkeep\n|\n|t:|1700150669\n|switch|p2a: Baxcalibur|Baxcalibur, F|100\/100\n|turn|13\n|\n|t:|1700150679\n|switch|p1a: Truck ; ;|Kleavor, F|100\/100\n|move|p2a: Baxcalibur|Dragon Dance|p2a: Baxcalibur\n|-boost|p2a: Baxcalibur|atk|1\n|-boost|p2a: Baxcalibur|spe|1\n|\n|-weather|Snow|[upkeep]\n|upkeep\n|turn|14\n|\n|t:|1700150689\n|move|p2a: Baxcalibur|Glaive Rush|p1a: Truck ; ;\n|-damage|p1a: Truck ; ;|0 fnt\n|-singlemove|p2a: Baxcalibur|Glaive Rush|[silent]\n|faint|p1a: Truck ; ;\n|\n|-weather|none\n|-sideend|p2: JL_recruta|move: Aurora Veil\n|upkeep\n|\n|t:|1700150697\n|switch|p1a: Truck :v:|Genesect, shiny|76\/100\n|-ability|p1a: Truck :v:|Download|boost\n|-boost|p1a: Truck :v:|spa|1\n|turn|15\n|\n|t:|1700150703\n|move|p1a: Truck :v:|Iron Head|p2a: Baxcalibur\n|-supereffective|p2a: Baxcalibur\n|-damage|p2a: Baxcalibur|0 fnt\n|faint|p2a: Baxcalibur\n|\n|upkeep\n|\n|t:|1700150707\n|switch|p2a: Ursaluna|Ursaluna-Bloodmoon, M|100\/100\n|turn|16\n|\n|t:|1700150713\n|move|p1a: Truck :v:|Iron Head|p2a: Ursaluna\n|-damage|p2a: Ursaluna|75\/100\n|move|p2a: Ursaluna|Blood Moon|p1a: Truck :v:\n|-resisted|p1a: Truck :v:\n|-damage|p1a: Truck :v:|24\/100\n|\n|-heal|p2a: Ursaluna|81\/100|[from] item: Leftovers\n|upkeep\n|turn|17\n|\n|t:|1700150724\n|move|p1a: Truck :v:|Iron Head|p2a: Ursaluna\n|-damage|p2a: Ursaluna|53\/100\n|move|p2a: Ursaluna|Moonblast|p1a: Truck :v:\n|-resisted|p1a: Truck :v:\n|-damage|p1a: Truck :v:|0 fnt\n|faint|p1a: Truck :v:\n|\n|-heal|p2a: Ursaluna|59\/100|[from] item: Leftovers\n|upkeep\n|\n|t:|1700150734\n|switch|p1a: Flora|Ursaluna-Bloodmoon, M|100\/100\n|turn|18\n|\n|t:|1700150741\n|-terastallize|p1a: Flora|Bug\n|move|p2a: Ursaluna|Calm Mind|p2a: Ursaluna\n|-boost|p2a: Ursaluna|spa|1\n|-boost|p2a: Ursaluna|spd|1\n|move|p1a: Flora|Blood Moon|p2a: Ursaluna\n|-damage|p2a: Ursaluna|0 fnt\n|faint|p2a: Ursaluna\n|\n|upkeep\n|\n|t:|1700150746\n|switch|p2a: Heatran|Heatran, M|100\/100\n|turn|19\n|\n|t:|1700150755\n|move|p2a: Heatran|Eruption|p1a: Flora\n|-supereffective|p1a: Flora\n|-damage|p1a: Flora|0 fnt\n|faint|p1a: Flora\n|\n|upkeep\n|inactive|Kdisue has 120 seconds left.\n|\n|t:|1700150769\n|switch|p1a: Truck :.:|Beedrill-Mega, F, shiny|100\/100\n|turn|20\n|\n|t:|1700150775\n|move|p1a: Truck :.:|Knock Off|p2a: Heatran\n|-damage|p2a: Heatran|61\/100\n|-enditem|p2a: Heatran|Choice Scarf|[from] move: Knock Off|[of] p1a: Truck :.:\n|move|p2a: Heatran|Eruption|p1a: Truck :.:\n|-supereffective|p1a: Truck :.:\n|-damage|p1a: Truck :.:|0 fnt\n|faint|p1a: Truck :.:\n|\n|upkeep\n|\n|t:|1700150785\n|switch|p1a: Truck ;.;|Arceus-Bug, shiny|100\/100\n|turn|21\n|\n|t:|1700150790\n|-terastallize|p2a: Heatran|Grass\n|move|p1a: Truck ;.;|Calm Mind|p1a: Truck ;.;\n|-boost|p1a: Truck ;.;|spa|1\n|-boost|p1a: Truck ;.;|spd|1\n|move|p2a: Heatran|Eruption|p1a: Truck ;.;\n|-supereffective|p1a: Truck ;.;\n|-damage|p1a: Truck ;.;|56\/100\n|\n|upkeep\n|turn|22\n|\n|t:|1700150799\n|move|p1a: Truck ;.;|Judgment|p2a: Heatran\n|-supereffective|p2a: Heatran\n|-damage|p2a: Heatran|0 fnt\n|faint|p2a: Heatran\n|\n|win|Kdisue\n|raw|Kdisue's rating: 1348 &rarr; <strong>1368<\/strong><br \/>(+20 for winning)\n|raw|JL_recruta's rating: 1344 &rarr; <strong>1324<\/strong><br \/>(-20 for losing)\n|l|\u2606JL_recruta\n","uploadtime":1700150823,"views":7,"p1id":"kdisue","p2id":"jlrecruta","formatid":"gen9nationaldexubers","rating":1324,"private":0,"password":""}