{"id":"gen9nationaldexubers-1995260650","p1":"ArgenPolmerica","p2":"vic_ketchum","format":"[Gen 9] National Dex Ubers","log":"|j|\u2606ArgenPolmerica\n|j|\u2606vic_ketchum\n|t:|1700542829\n|gametype|singles\n|player|p1|ArgenPolmerica|266|1188\n|player|p2|vic_ketchum|ash-kalos|1222\n|teamsize|p1|6\n|teamsize|p2|6\n|gen|9\n|tier|[Gen 9] National Dex Ubers\n|rated|\n|rule|HP Percentage Mod: HP is shown in percentages\n|rule|Endless Battle Clause: Forcing endless battles is banned\n|rule|OHKO Clause: OHKO moves are banned\n|rule|Evasion Moves Clause: Evasion moves are banned\n|rule|Evasion Items Clause: Evasion items are banned\n|rule|Species Clause: Limit one of each Pok\u00e9mon\n|rule|Sleep Clause Mod: Limit one foe put to sleep\n|rule|Mega Rayquaza Clause: You cannot mega evolve Rayquaza\n|clearpoke\n|poke|p1|Dragonite, F|\n|poke|p1|Dracovish|\n|poke|p1|Sirfetch\u2019d, M|\n|poke|p1|Gengar, M|\n|poke|p1|Lucario, F|\n|poke|p1|Pikachu, F|\n|poke|p2|Mewtwo|\n|poke|p2|Pheromosa|\n|poke|p2|Deoxys|\n|poke|p2|Hydreigon, M|\n|poke|p2|Zoroark, M|\n|poke|p2|Scizor, M|\n|teampreview\n|inactive|Battle timer is ON: inactive players will automatically lose when time's up. (requested by vic_ketchum)\n|\n|t:|1700542839\n|start\n|switch|p1a: Sirfetch\u2019d|Sirfetch\u2019d, M|100\/100\n|switch|p2a: CELL|Pheromosa|100\/100\n|turn|1\n|\n|t:|1700542858\n|switch|p1a: Gengar|Gengar, M|100\/100\n|move|p2a: CELL|Ice Beam|p1a: Gengar\n|-damage|p1a: Gengar|48\/100\n|-status|p1a: Gengar|frz\n|-start|p2a: CELL|Disable|Ice Beam|[from] ability: Cursed Body|[of] p1a: Gengar\n|\n|upkeep\n|turn|2\n|\n|t:|1700542870\n|move|p2a: CELL|Bug Buzz|p1a: Gengar\n|-resisted|p1a: Gengar\n|-damage|p1a: Gengar|30\/100 frz\n|-curestatus|p1a: Gengar|frz|[msg]\n|move|p1a: Gengar|Shadow Ball|p2a: CELL\n|-damage|p2a: CELL|12\/100\n|\n|upkeep\n|turn|3\n|\n|t:|1700542879\n|move|p2a: CELL|Poison Jab|p1a: Gengar\n|-resisted|p1a: Gengar\n|-damage|p1a: Gengar|19\/100\n|move|p1a: Gengar|Shadow Ball|p2a: CELL\n|-damage|p2a: CELL|0 fnt\n|faint|p2a: CELL\n|\n|upkeep\n|\n|t:|1700542888\n|switch|p2a: MAJIN BUU|Deoxys|100\/100\n|-ability|p2a: MAJIN BUU|Pressure\n|turn|4\n|\n|t:|1700542892\n|move|p2a: MAJIN BUU|Dark Pulse|p1a: Gengar\n|-supereffective|p1a: Gengar\n|-damage|p1a: Gengar|0 fnt\n|-start|p2a: MAJIN BUU|Disable|Dark Pulse|[from] ability: Cursed Body|[of] p1a: Gengar\n|faint|p1a: Gengar\n|\n|upkeep\n|\n|t:|1700542901\n|switch|p1a: Sirfetch\u2019d|Sirfetch\u2019d, M|100\/100\n|turn|5\n|\n|t:|1700542904\n|move|p1a: Sirfetch\u2019d|First Impression|p2a: MAJIN BUU\n|-supereffective|p2a: MAJIN BUU\n|-crit|p2a: MAJIN BUU\n|-enditem|p2a: MAJIN BUU|Focus Sash\n|-damage|p2a: MAJIN BUU|1\/100\n|move|p2a: MAJIN BUU|Psychic|p1a: Sirfetch\u2019d\n|-supereffective|p1a: Sirfetch\u2019d\n|-damage|p1a: Sirfetch\u2019d|0 fnt\n|faint|p1a: Sirfetch\u2019d\n|\n|upkeep\n|\n|t:|1700542912\n|switch|p1a: Pikachu|Pikachu, F|100\/100\n|turn|6\n|\n|t:|1700542915\n|switch|p2a: FREEZER|Mewtwo|100\/100\n|-ability|p2a: FREEZER|Pressure\n|move|p1a: Pikachu|Fake Out|p2a: FREEZER\n|-damage|p2a: FREEZER|85\/100\n|\n|upkeep\n|turn|7\n|\n|t:|1700542926\n|move|p2a: FREEZER|Ice Beam|p1a: Pikachu\n|-damage|p1a: Pikachu|3\/100\n|move|p1a: Pikachu|Volt Tackle|p2a: FREEZER\n|-damage|p2a: FREEZER|18\/100\n|-damage|p1a: Pikachu|0 fnt|[from] Recoil\n|faint|p1a: Pikachu\n|\n|upkeep\n|\n|t:|1700542934\n|switch|p1a: Dracovish|Dracovish|100\/100\n|turn|8\n|\n|t:|1700542937\n|move|p1a: Dracovish|Fishious Rend|p2a: FREEZER\n|-damage|p2a: FREEZER|0 fnt\n|faint|p2a: FREEZER\n|\n|upkeep\n|\n|t:|1700542941\n|switch|p2a: 1 ESTRELLA|Hydreigon, M|100\/100\n|turn|9\n|\n|t:|1700542945\n|switch|p1a: Lucario|Lucario, F|100\/100\n|move|p2a: 1 ESTRELLA|Dragon Dance|p2a: 1 ESTRELLA\n|-boost|p2a: 1 ESTRELLA|atk|1\n|-boost|p2a: 1 ESTRELLA|spe|1\n|\n|upkeep\n|turn|10\n|\n|t:|1700542951\n|detailschange|p1a: Lucario|Lucario-Mega, F\n|-mega|p1a: Lucario|Lucario|Lucarionite\n|move|p2a: 1 ESTRELLA|Earthquake|p1a: Lucario\n|-supereffective|p1a: Lucario\n|-damage|p1a: Lucario|3\/100\n|move|p1a: Lucario|Steel Beam|p2a: 1 ESTRELLA\n|-damage|p2a: 1 ESTRELLA|2\/100\n|-damage|p1a: Lucario|0 fnt|[from] steelbeam\n|faint|p1a: Lucario\n|\n|upkeep\n|\n|t:|1700542960\n|switch|p1a: Dracovish|Dracovish|100\/100\n|turn|11\n|\n|t:|1700542964\n|move|p2a: 1 ESTRELLA|Draco Meteor|p1a: Dracovish|[miss]\n|-miss|p2a: 1 ESTRELLA|p1a: Dracovish\n|move|p1a: Dracovish|Outrage|p2a: 1 ESTRELLA\n|-supereffective|p2a: 1 ESTRELLA\n|-damage|p2a: 1 ESTRELLA|0 fnt\n|faint|p2a: 1 ESTRELLA\n|\n|upkeep\n|c|\u2606vic_ketchum|lo suponia\n|\n|t:|1700542977\n|switch|p2a: MAJIN BUU|Deoxys|1\/100\n|-ability|p2a: MAJIN BUU|Pressure\n|turn|12\n|\n|t:|1700542982\n|move|p1a: Dracovish|Outrage|p2a: MAJIN BUU|[from]lockedmove\n|-damage|p2a: MAJIN BUU|0 fnt\n|faint|p2a: MAJIN BUU\n|\n|upkeep\n|\n|t:|1700542986\n|switch|p2a: XICOR|Scizor, M, shiny|100\/100\n|turn|13\n|\n|t:|1700542991\n|move|p1a: Dracovish|Outrage|p2a: XICOR|[from]lockedmove\n|-damage|p2a: XICOR|6\/100\n|replace|p2a: ZAMAS|Zoroark, M\n|-end|p2a: ZAMAS|Illusion\n|-start|p1a: Dracovish|confusion|[fatigue]\n|move|p2a: ZAMAS|Toxic|p1a: Dracovish\n|-status|p1a: Dracovish|tox\n|\n|-damage|p1a: Dracovish|94\/100 tox|[from] psn\n|upkeep\n|turn|14\n|\n|t:|1700543000\n|-activate|p1a: Dracovish|confusion\n|move|p1a: Dracovish|Outrage|p2a: ZAMAS\n|-damage|p2a: ZAMAS|0 fnt\n|faint|p2a: ZAMAS\n|\n|-damage|p1a: Dracovish|82\/100 tox|[from] psn\n|upkeep\n|\n|t:|1700543006\n|switch|p2a: XICOR|Scizor, M, shiny|100\/100\n|turn|15\n|\n|t:|1700543009\n|-activate|p1a: Dracovish|confusion\n|move|p1a: Dracovish|Outrage|p2a: XICOR|[from]lockedmove\n|-resisted|p2a: XICOR\n|-damage|p2a: XICOR|76\/100\n|move|p2a: XICOR|Swords Dance|p2a: XICOR\n|-boost|p2a: XICOR|atk|2\n|\n|-damage|p1a: Dracovish|63\/100 tox|[from] psn\n|upkeep\n|turn|16\n|\n|t:|1700543018\n|-end|p1a: Dracovish|confusion\n|move|p1a: Dracovish|Outrage|p2a: XICOR|[from]lockedmove\n|-resisted|p2a: XICOR\n|-damage|p2a: XICOR|49\/100\n|-start|p1a: Dracovish|confusion|[fatigue]\n|move|p2a: XICOR|Swords Dance|p2a: XICOR\n|-boost|p2a: XICOR|atk|2\n|\n|-damage|p1a: Dracovish|38\/100 tox|[from] psn\n|upkeep\n|turn|17\n|\n|t:|1700543029\n|switch|p1a: Dragonite|Dragonite, F|100\/100\n|move|p2a: XICOR|Swords Dance|p2a: XICOR\n|-boost|p2a: XICOR|atk|2\n|\n|upkeep\n|turn|18\n|\n|t:|1700543036\n|move|p2a: XICOR|Bullet Punch|p1a: Dragonite\n|-damage|p1a: Dragonite|41\/100\n|move|p1a: Dragonite|Dragon Dance|p1a: Dragonite\n|-boost|p1a: Dragonite|atk|1\n|-boost|p1a: Dragonite|spe|1\n|\n|upkeep\n|turn|19\n|\n|t:|1700543042\n|move|p2a: XICOR|Bullet Punch|p1a: Dragonite\n|-damage|p1a: Dragonite|0 fnt\n|faint|p1a: Dragonite\n|\n|upkeep\n|\n|t:|1700543045\n|switch|p1a: Dracovish|Dracovish|38\/100 tox\n|turn|20\n|\n|t:|1700543048\n|move|p2a: XICOR|Bullet Punch|p1a: Dracovish\n|-resisted|p1a: Dracovish\n|-damage|p1a: Dracovish|0 fnt\n|faint|p1a: Dracovish\n|\n|win|vic_ketchum\n|raw|ArgenPolmerica's rating: 1188 &rarr; <strong>1165<\/strong><br \/>(-23 for losing)\n|raw|vic_ketchum's rating: 1222 &rarr; <strong>1245<\/strong><br \/>(+23 for winning)\n","uploadtime":1700543053,"views":1,"p1id":"argenpolmerica","p2id":"vicketchum","formatid":"gen9nationaldexubers","rating":1165,"private":0,"password":""}