{"id":"gen9nationaldexubers-1992712215","p1":"Garpinis","p2":"JustMonika_CARR","format":"[Gen 9] National Dex Ubers","log":"|j|\u2606Garpinis\n|j|\u2606JustMonika_CARR\n|t:|1700228093\n|gametype|singles\n|player|p1|Garpinis|sabrina|1374\n|player|p2|JustMonika_CARR|rosa|1372\n|teamsize|p1|6\n|teamsize|p2|6\n|gen|9\n|tier|[Gen 9] National Dex Ubers\n|rated|\n|rule|HP Percentage Mod: HP is shown in percentages\n|rule|Endless Battle Clause: Forcing endless battles is banned\n|rule|OHKO Clause: OHKO moves are banned\n|rule|Evasion Moves Clause: Evasion moves are banned\n|rule|Evasion Items Clause: Evasion items are banned\n|rule|Species Clause: Limit one of each Pok\u00e9mon\n|rule|Sleep Clause Mod: Limit one foe put to sleep\n|rule|Mega Rayquaza Clause: You cannot mega evolve Rayquaza\n|clearpoke\n|poke|p1|Darmanitan-Galar, F|\n|poke|p1|Ninetales-Alola, M|\n|poke|p1|Espeon, F|\n|poke|p1|Salamence, M|\n|poke|p1|Groudon|\n|poke|p1|Excadrill, M|\n|poke|p2|Marshadow|\n|poke|p2|Lopunny, F|\n|poke|p2|Eternatus|\n|poke|p2|Forretress, F|\n|poke|p2|Pheromosa|\n|poke|p2|Grimmsnarl, M|\n|teampreview\n|\n|t:|1700228096\n|start\n|switch|p1a: Excadrill|Excadrill, M|100\/100\n|switch|p2a: Forretress|Forretress, F, shiny|100\/100\n|-ability|p1a: Excadrill|Mold Breaker\n|turn|1\n|\n|t:|1700228105\n|move|p1a: Excadrill|Stealth Rock|p2a: Forretress\n|-sidestart|p2: JustMonika_CARR|move: Stealth Rock\n|move|p2a: Forretress|Toxic Spikes|p1a: Excadrill\n|-sidestart|p1: Garpinis|move: Toxic Spikes\n|\n|upkeep\n|turn|2\n|\n|t:|1700228111\n|move|p1a: Excadrill|Rapid Spin|p2a: Forretress\n|-resisted|p2a: Forretress\n|-damage|p2a: Forretress|96\/100\n|-boost|p1a: Excadrill|spe|1\n|-sideend|p1: Garpinis|Toxic Spikes|[from] move: Rapid Spin|[of] p1a: Excadrill\n|-enditem|p2a: Forretress|Red Card|[of] p1a: Excadrill\n|drag|p1a: Groudon|Groudon|100\/100\n|detailschange|p1a: Groudon|Groudon-Primal\n|-primal|p1a: Groudon|Red Orb\n|-weather|DesolateLand|[from] ability: Desolate Land|[of] p1a: Groudon\n|move|p2a: Forretress|Rapid Spin|p1a: Groudon\n|-damage|p1a: Groudon|93\/100\n|-boost|p2a: Forretress|spe|1\n|-sideend|p2: JustMonika_CARR|Stealth Rock|[from] move: Rapid Spin|[of] p2a: Forretress\n|\n|-weather|DesolateLand|[upkeep]\n|upkeep\n|turn|3\n|\n|t:|1700228127\n|move|p1a: Groudon|Rock Polish|p1a: Groudon\n|-boost|p1a: Groudon|spe|2\n|move|p2a: Forretress|Toxic Spikes|p1a: Groudon\n|-sidestart|p1: Garpinis|move: Toxic Spikes\n|\n|-weather|DesolateLand|[upkeep]\n|upkeep\n|turn|4\n|\n|t:|1700228134\n|move|p1a: Groudon|Swords Dance|p1a: Groudon\n|-boost|p1a: Groudon|atk|2\n|move|p2a: Forretress|Toxic Spikes|p1a: Groudon\n|-sidestart|p1: Garpinis|move: Toxic Spikes\n|\n|-weather|DesolateLand|[upkeep]\n|upkeep\n|turn|5\n|\n|t:|1700228140\n|move|p1a: Groudon|Heat Crash|p2a: Forretress\n|-supereffective|p2a: Forretress\n|-damage|p2a: Forretress|0 fnt\n|faint|p2a: Forretress\n|\n|-weather|DesolateLand|[upkeep]\n|upkeep\n|\n|t:|1700228148\n|switch|p2a: Marshadow|Marshadow|100\/100\n|turn|6\n|\n|t:|1700228158\n|move|p1a: Groudon|Heat Crash|p2a: Marshadow\n|-enditem|p2a: Marshadow|Focus Sash\n|-damage|p2a: Marshadow|1\/100\n|move|p2a: Marshadow|Spectral Thief||[still]\n|-clearpositiveboost|p1a: Groudon|p2a: Marshadow|move: Spectral Thief\n|-boost|p2a: Marshadow|atk|2\n|-boost|p2a: Marshadow|spe|2\n|-anim|p2a: Marshadow|Spectral Thief|p1a: Groudon\n|-damage|p1a: Groudon|29\/100\n|\n|-weather|DesolateLand|[upkeep]\n|upkeep\n|turn|7\n|\n|t:|1700228177\n|move|p2a: Marshadow|Spectral Thief|p1a: Groudon\n|-damage|p1a: Groudon|0 fnt\n|faint|p1a: Groudon\n|-weather|none\n|\n|upkeep\n|\n|t:|1700228189\n|switch|p1a: Excadrill|Excadrill, M|100\/100\n|-ability|p1a: Excadrill|Mold Breaker\n|turn|8\n|\n|t:|1700228195\n|move|p2a: Marshadow|Force Palm|p1a: Excadrill\n|-supereffective|p1a: Excadrill\n|-enditem|p1a: Excadrill|Focus Sash\n|-damage|p1a: Excadrill|1\/100\n|-status|p1a: Excadrill|par\n|cant|p1a: Excadrill|par\n|\n|upkeep\n|turn|9\n|\n|t:|1700228205\n|move|p2a: Marshadow|Force Palm|p1a: Excadrill\n|-supereffective|p1a: Excadrill\n|-damage|p1a: Excadrill|0 fnt\n|faint|p1a: Excadrill\n|\n|upkeep\n|\n|t:|1700228206\n|switch|p1a: Espeon|Espeon, F|100\/100\n|-status|p1a: Espeon|tox\n|turn|10\n|\n|t:|1700228214\n|move|p2a: Marshadow|Spectral Thief|p1a: Espeon\n|-supereffective|p1a: Espeon\n|-enditem|p1a: Espeon|Focus Sash\n|-damage|p1a: Espeon|1\/100 tox\n|move|p1a: Espeon|Psyshock|p2a: Marshadow\n|-supereffective|p2a: Marshadow\n|-damage|p2a: Marshadow|0 fnt\n|faint|p2a: Marshadow\n|\n|-damage|p1a: Espeon|0 fnt|[from] psn\n|faint|p1a: Espeon\n|upkeep\n|\n|t:|1700228229\n|switch|p2a: Grimmsnarl|Grimmsnarl, M, shiny|100\/100\n|switch|p1a: Ninetales|Ninetales-Alola, M|100\/100\n|-status|p1a: Ninetales|tox\n|-weather|Snow|[from] ability: Snow Warning|[of] p1a: Ninetales\n|turn|11\n|\n|t:|1700228237\n|move|p2a: Grimmsnarl|Taunt|p1a: Ninetales\n|-start|p1a: Ninetales|move: Taunt\n|cant|p1a: Ninetales|move: Taunt|Aurora Veil\n|\n|-weather|Snow|[upkeep]\n|-damage|p1a: Ninetales|94\/100 tox|[from] psn\n|upkeep\n|turn|12\n|\n|t:|1700228246\n|switch|p1a: Darmanitan|Darmanitan-Galar, F|100\/100\n|-status|p1a: Darmanitan|tox\n|move|p2a: Grimmsnarl|Spirit Break|p1a: Darmanitan\n|-damage|p1a: Darmanitan|64\/100 tox\n|-unboost|p1a: Darmanitan|spa|1\n|\n|-weather|Snow|[upkeep]\n|-damage|p1a: Darmanitan|58\/100 tox|[from] psn\n|upkeep\n|turn|13\n|\n|t:|1700228258\n|move|p2a: Grimmsnarl|Reflect|p2a: Grimmsnarl\n|-sidestart|p2: JustMonika_CARR|Reflect\n|move|p1a: Darmanitan|Icicle Crash|p2a: Grimmsnarl\n|-damage|p2a: Grimmsnarl|78\/100\n|\n|-weather|Snow|[upkeep]\n|-heal|p2a: Grimmsnarl|84\/100|[from] item: Leftovers\n|-damage|p1a: Darmanitan|45\/100 tox|[from] psn\n|-formechange|p1a: Darmanitan|Darmanitan-Galar-Zen|\n|upkeep\n|turn|14\n|\n|t:|1700228270\n|move|p1a: Darmanitan|Icicle Crash|p2a: Grimmsnarl\n|-damage|p2a: Grimmsnarl|56\/100\n|cant|p2a: Grimmsnarl|flinch\n|\n|-weather|Snow|[upkeep]\n|-heal|p2a: Grimmsnarl|62\/100|[from] item: Leftovers\n|-damage|p1a: Darmanitan|26\/100 tox|[from] psn\n|upkeep\n|turn|15\n|\n|t:|1700228279\n|move|p1a: Darmanitan|Icicle Crash|p2a: Grimmsnarl\n|-damage|p2a: Grimmsnarl|35\/100\n|move|p2a: Grimmsnarl|Spirit Break|p1a: Darmanitan\n|-resisted|p1a: Darmanitan\n|-damage|p1a: Darmanitan|9\/100 tox\n|-unboost|p1a: Darmanitan|spa|1\n|-enditem|p1a: Darmanitan|Salac Berry|[eat]\n|-boost|p1a: Darmanitan|spe|1|[from] item: Salac Berry\n|\n|-weather|none\n|-heal|p2a: Grimmsnarl|41\/100|[from] item: Leftovers\n|-damage|p1a: Darmanitan|0 fnt|[from] psn\n|faint|p1a: Darmanitan\n|upkeep\n|\n|t:|1700228289\n|switch|p1a: Ninetales|Ninetales-Alola, M|94\/100 tox\n|-weather|Snow|[from] ability: Snow Warning|[of] p1a: Ninetales\n|turn|16\n|\n|t:|1700228297\n|move|p2a: Grimmsnarl|Taunt|p1a: Ninetales\n|-start|p1a: Ninetales|move: Taunt\n|move|p1a: Ninetales|Moonblast|p2a: Grimmsnarl\n|-supereffective|p2a: Grimmsnarl\n|-damage|p2a: Grimmsnarl|0 fnt\n|faint|p2a: Grimmsnarl\n|\n|-weather|Snow|[upkeep]\n|-damage|p1a: Ninetales|88\/100 tox|[from] psn\n|upkeep\n|\n|t:|1700228317\n|switch|p2a: Pheromosa|Pheromosa, shiny|100\/100\n|turn|17\n|\n|t:|1700228343\n|-terastallize|p2a: Pheromosa|Normal\n|move|p2a: Pheromosa|Rapid Spin|p1a: Ninetales\n|-damage|p1a: Ninetales|68\/100 tox\n|-boost|p2a: Pheromosa|spe|1\n|move|p1a: Ninetales|Moonblast|p2a: Pheromosa\n|-damage|p2a: Pheromosa|22\/100\n|\n|-weather|Snow|[upkeep]\n|-damage|p1a: Ninetales|56\/100 tox|[from] psn\n|-sideend|p2: JustMonika_CARR|Reflect\n|upkeep\n|turn|18\n|\n|t:|1700228368\n|-terastallize|p1a: Ninetales|Steel\n|move|p2a: Pheromosa|Close Combat|p1a: Ninetales\n|-supereffective|p1a: Ninetales\n|-damage|p1a: Ninetales|0 fnt\n|-unboost|p2a: Pheromosa|def|1\n|-unboost|p2a: Pheromosa|spd|1\n|faint|p1a: Ninetales\n|-ability|p2a: Pheromosa|Beast Boost|boost\n|-boost|p2a: Pheromosa|spa|1\n|\n|-weather|Snow|[upkeep]\n|upkeep\n|\n|t:|1700228406\n|switch|p1a: Salamence|Salamence, M|100\/100\n|-ability|p1a: Salamence|Intimidate|boost\n|-unboost|p2a: Pheromosa|atk|1\n|turn|19\n|\n|t:|1700228412\n|detailschange|p1a: Salamence|Salamence-Mega, M\n|-mega|p1a: Salamence|Salamence|Salamencite\n|move|p2a: Pheromosa|Ice Beam|p1a: Salamence\n|-supereffective|p1a: Salamence\n|-damage|p1a: Salamence|0 fnt\n|faint|p1a: Salamence\n|\n|win|JustMonika_CARR\n|raw|Garpinis's rating: 1354 &rarr; <strong>1335<\/strong><br \/>(-19 for losing)\n|raw|JustMonika_CARR's rating: 1372 &rarr; <strong>1391<\/strong><br \/>(+19 for winning)\n|l|\u2606Garpinis\n","uploadtime":1700228424,"views":9,"p1id":"garpinis","p2id":"justmonikacarr","formatid":"gen9nationaldexubers","rating":1335,"private":0,"password":""}