{"id":"gen9nationaldexubers-1983857347","p1":"sussuspotussus","p2":"The power of ROCK","format":"[Gen 9] National Dex Ubers","log":"|j|\u2606sussuspotussus\n|j|\u2606The power of ROCK\n|t:|1699192542\n|gametype|singles\n|player|p1|sussuspotussus|acetrainer|\n|player|p2|The power of ROCK|roark|\n|teamsize|p1|6\n|teamsize|p2|6\n|gen|9\n|tier|[Gen 9] National Dex Ubers\n|rule|HP Percentage Mod: HP is shown in percentages\n|rule|Endless Battle Clause: Forcing endless battles is banned\n|rule|OHKO Clause: OHKO moves are banned\n|rule|Evasion Moves Clause: Evasion moves are banned\n|rule|Evasion Items Clause: Evasion items are banned\n|rule|Species Clause: Limit one of each Pok\u00e9mon\n|rule|Sleep Clause Mod: Limit one foe put to sleep\n|rule|Mega Rayquaza Clause: You cannot mega evolve Rayquaza\n|clearpoke\n|poke|p1|Mewtwo|\n|poke|p1|Deoxys-Speed|\n|poke|p1|Gallade, M|\n|poke|p1|Gardevoir, F|\n|poke|p1|Chimecho, F|\n|poke|p1|Mew|\n|poke|p2|Tyranitar, F|\n|poke|p2|Garganacl, M|\n|poke|p2|Aggron, M|\n|poke|p2|Glimmora, F|\n|poke|p2|Cradily, M|\n|poke|p2|Probopass, L1, F|\n|teampreview\n|inactive|Battle timer is ON: inactive players will automatically lose when time's up. (requested by sussuspotussus)\n|c|\u2606sussuspotussus|okay\n|c|\u2606The power of ROCK|Welcome back to the ROCK gym\n|\n|t:|1699192567\n|start\n|switch|p1a: Deoxys|Deoxys-Speed|100\/100\n|switch|p2a: Garganacl|Garganacl, M|100\/100\n|-ability|p1a: Deoxys|Pressure\n|turn|1\n|\n|t:|1699192575\n|move|p1a: Deoxys|Skill Swap|p2a: Garganacl\n|-activate|p1a: Deoxys|move: Skill Swap|Purifying Salt|Pressure|[of] p2a: Garganacl\n|-ability|p2a: Garganacl|Pressure\n|move|p2a: Garganacl|Salt Cure|p1a: Deoxys\n|-damage|p1a: Deoxys|84\/100\n|-start|p1a: Deoxys|Salt Cure\n|\n|-damage|p1a: Deoxys|72\/100|[from] Salt Cure\n|upkeep\n|turn|2\n|\n|t:|1699192587\n|switch|p2a: Glimmora|Glimmora, F|100\/100\n|move|p1a: Deoxys|Taunt|p2a: Glimmora\n|-start|p2a: Glimmora|move: Taunt\n|\n|-damage|p1a: Deoxys|59\/100|[from] Salt Cure\n|upkeep\n|turn|3\n|\n|t:|1699192598\n|switch|p2a: Garganacl|Garganacl, M|100\/100\n|move|p1a: Deoxys|Stealth Rock|p2a: Garganacl\n|-sidestart|p2: The power of ROCK|move: Stealth Rock\n|\n|-damage|p1a: Deoxys|47\/100|[from] Salt Cure\n|upkeep\n|turn|4\n|\n|t:|1699192610\n|move|p1a: Deoxys|Taunt|p2a: Garganacl\n|-start|p2a: Garganacl|move: Taunt\n|move|p2a: Garganacl|Salt Cure|p1a: Deoxys\n|-damage|p1a: Deoxys|30\/100\n|\n|-damage|p1a: Deoxys|17\/100|[from] Salt Cure\n|upkeep\n|turn|5\n|\n|t:|1699192622\n|switch|p2a: Glimmora|Glimmora, F|100\/100\n|-damage|p2a: Glimmora|88\/100|[from] Stealth Rock\n|move|p1a: Deoxys|Spikes|p2a: Glimmora\n|-sidestart|p2: The power of ROCK|Spikes\n|\n|-damage|p1a: Deoxys|5\/100|[from] Salt Cure\n|upkeep\n|turn|6\n|\n|t:|1699192631\n|move|p1a: Deoxys|Skill Swap|p2a: Glimmora\n|-activate|p1a: Deoxys|move: Skill Swap|Toxic Debris|Purifying Salt|[of] p2a: Glimmora\n|move|p2a: Glimmora|Mortal Spin|p1a: Deoxys\n|-damage|p1a: Deoxys|0 fnt\n|-activate|p1a: Deoxys|ability: Toxic Debris\n|-sidestart|p2: The power of ROCK|move: Toxic Spikes\n|-sideend|p2: The power of ROCK|Spikes|[from] move: Mortal Spin|[of] p2a: Glimmora\n|-sideend|p2: The power of ROCK|Toxic Spikes|[from] move: Mortal Spin|[of] p2a: Glimmora\n|-sideend|p2: The power of ROCK|Stealth Rock|[from] move: Mortal Spin|[of] p2a: Glimmora\n|faint|p1a: Deoxys\n|\n|upkeep\n|\n|t:|1699192650\n|switch|p1a: Chimecho|Chimecho, F|100\/100\n|turn|7\n|\n|t:|1699192656\n|switch|p2a: Cradily|Cradily, M|100\/100\n|move|p1a: Chimecho|Thunder Wave|p2a: Cradily\n|-status|p2a: Cradily|par\n|\n|upkeep\n|turn|8\n|inactive|sussuspotussus has 270 seconds left.\n|\n|t:|1699192697\n|switch|p1a: Mew|Mew|100\/100\n|move|p2a: Cradily|Leech Seed|p1a: Mew\n|-start|p1a: Mew|move: Leech Seed\n|\n|-damage|p1a: Mew|88\/100|[from] Leech Seed|[of] p2a: Cradily\n|upkeep\n|turn|9\n|\n|t:|1699192705\n|move|p1a: Mew|Cosmic Power|p1a: Mew\n|-boost|p1a: Mew|def|1\n|-boost|p1a: Mew|spd|1\n|cant|p2a: Cradily|par\n|\n|-damage|p1a: Mew|76\/100|[from] Leech Seed|[of] p2a: Cradily\n|upkeep\n|turn|10\n|inactive|sussuspotussus has 270 seconds left.\n|\n|t:|1699192718\n|move|p1a: Mew|Cosmic Power|p1a: Mew\n|-boost|p1a: Mew|def|1\n|-boost|p1a: Mew|spd|1\n|move|p2a: Cradily|Block|p1a: Mew\n|-activate|p1a: Mew|trapped\n|\n|-damage|p1a: Mew|63\/100|[from] Leech Seed|[of] p2a: Cradily\n|upkeep\n|turn|11\n|inactive|sussuspotussus has 270 seconds left.\n|\n|t:|1699192732\n|move|p1a: Mew|Cosmic Power|p1a: Mew\n|-boost|p1a: Mew|def|1\n|-boost|p1a: Mew|spd|1\n|cant|p2a: Cradily|par\n|\n|-damage|p1a: Mew|51\/100|[from] Leech Seed|[of] p2a: Cradily\n|upkeep\n|turn|12\n|inactive|sussuspotussus has 270 seconds left.\n|\n|t:|1699192755\n|switch|p2a: Probopass|Probopass, L1, F|100\/100\n|move|p1a: Mew|Cosmic Power|p1a: Mew\n|-boost|p1a: Mew|def|1\n|-boost|p1a: Mew|spd|1\n|\n|-damage|p1a: Mew|39\/100|[from] Leech Seed|[of] p2a: Probopass\n|upkeep\n|turn|13\n|\n|t:|1699192777\n|move|p1a: Mew|Body Press|p2a: Probopass\n|-supereffective|p2a: Probopass\n|-ability|p2a: Probopass|Sturdy\n|-damage|p2a: Probopass|9\/100\n|move|p2a: Probopass|Toxic|p1a: Mew\n|-status|p1a: Mew|tox\n|-activate|p1a: Mew|ability: Synchronize\n|-immune|p2a: Probopass\n|\n|-damage|p1a: Mew|26\/100 tox|[from] Leech Seed|[of] p2a: Probopass\n|-heal|p2a: Probopass|100\/100|[silent]\n|-damage|p1a: Mew|20\/100 tox|[from] psn\n|upkeep\n|turn|14\n|inactive|sussuspotussus has 240 seconds left.\n|inactive|The power of ROCK has 270 seconds left.\n|inactive|sussuspotussus has 210 seconds left.\n|\n|t:|1699192835\n|move|p1a: Mew|Stored Power|p2a: Probopass\n|-resisted|p2a: Probopass\n|-ability|p2a: Probopass|Sturdy\n|-damage|p2a: Probopass|9\/100\n|move|p2a: Probopass|Stealth Rock|p1a: Mew\n|-sidestart|p1: sussuspotussus|move: Stealth Rock\n|\n|-damage|p1a: Mew|8\/100 tox|[from] Leech Seed|[of] p2a: Probopass\n|-heal|p2a: Probopass|100\/100|[silent]\n|-damage|p1a: Mew|0 fnt|[from] psn\n|faint|p1a: Mew\n|upkeep\n|inactive|sussuspotussus has 180 seconds left.\n|\n|t:|1699192867\n|switch|p1a: Chimecho|Chimecho, F|100\/100\n|-damage|p1a: Chimecho|88\/100|[from] Stealth Rock\n|turn|15\n|inactive|sussuspotussus has 180 seconds left.\n|inactive|The power of ROCK has 270 seconds left.\n|\n|t:|1699192878\n|switch|p2a: Cradily|Cradily, M|100\/100 par\n|move|p1a: Chimecho|Thunder Wave|p2a: Cradily\n|-fail|p2a: Cradily|par\n|\n|-heal|p1a: Chimecho|94\/100|[from] item: Leftovers\n|upkeep\n|turn|16\n|\n|t:|1699192886\n|move|p1a: Chimecho|Psychic|p2a: Cradily\n|-damage|p2a: Cradily|75\/100 par\n|cant|p2a: Cradily|par\n|\n|-heal|p1a: Chimecho|100\/100|[from] item: Leftovers\n|upkeep\n|turn|17\n|inactive|sussuspotussus has 180 seconds left.\n|\n|t:|1699192904\n|switch|p1a: Gardevoir|Gardevoir, F|100\/100\n|-damage|p1a: Gardevoir|88\/100|[from] Stealth Rock\n|-ability|p1a: Gardevoir|Storm Drain|[from] ability: Trace|[of] p2a: Cradily\n|move|p2a: Cradily|Leech Seed|p1a: Gardevoir\n|-start|p1a: Gardevoir|move: Leech Seed\n|\n|-heal|p1a: Gardevoir|94\/100|[from] item: Leftovers\n|-damage|p1a: Gardevoir|82\/100|[from] Leech Seed|[of] p2a: Cradily\n|-heal|p2a: Cradily|85\/100 par|[silent]\n|upkeep\n|turn|18\n|inactive|sussuspotussus has 180 seconds left.\n|\n|t:|1699192917\n|switch|p2a: Probopass|Probopass, L1, F|100\/100\n|move|p1a: Gardevoir|Encore||[still]\n|-fail|p1a: Gardevoir\n|\n|-heal|p1a: Gardevoir|88\/100|[from] item: Leftovers\n|-damage|p1a: Gardevoir|76\/100|[from] Leech Seed|[of] p2a: Probopass\n|upkeep\n|turn|19\n|\n|t:|1699192924\n|move|p1a: Gardevoir|Skill Swap|p2a: Probopass\n|-activate|p1a: Gardevoir|move: Skill Swap|Sturdy|Storm Drain|[of] p2a: Probopass\n|move|p2a: Probopass|Toxic|p1a: Gardevoir\n|-status|p1a: Gardevoir|tox\n|\n|-heal|p1a: Gardevoir|82\/100 tox|[from] item: Leftovers\n|-damage|p1a: Gardevoir|70\/100 tox|[from] Leech Seed|[of] p2a: Probopass\n|-damage|p1a: Gardevoir|64\/100 tox|[from] psn\n|upkeep\n|turn|20\n|\n|t:|1699192930\n|switch|p2a: Cradily|Cradily, M|85\/100 par\n|move|p1a: Gardevoir|Moonblast|p2a: Cradily\n|-crit|p2a: Cradily\n|-damage|p2a: Cradily|33\/100 par\n|\n|-heal|p1a: Gardevoir|70\/100 tox|[from] item: Leftovers\n|-damage|p1a: Gardevoir|58\/100 tox|[from] Leech Seed|[of] p2a: Cradily\n|-heal|p2a: Cradily|42\/100 par|[silent]\n|-damage|p1a: Gardevoir|45\/100 tox|[from] psn\n|upkeep\n|turn|21\n|\n|t:|1699192940\n|switch|p2a: Probopass|Probopass, L1, F|100\/100\n|move|p1a: Gardevoir|Skill Swap|p2a: Probopass\n|-activate|p1a: Gardevoir|move: Skill Swap|Sturdy|Sturdy|[of] p2a: Probopass\n|\n|-heal|p1a: Gardevoir|52\/100 tox|[from] item: Leftovers\n|-damage|p1a: Gardevoir|39\/100 tox|[from] Leech Seed|[of] p2a: Probopass\n|-damage|p1a: Gardevoir|21\/100 tox|[from] psn\n|upkeep\n|turn|22\n|\n|t:|1699192953\n|move|p2a: Probopass|Protect|p2a: Probopass\n|-singleturn|p2a: Probopass|Protect\n|move|p1a: Gardevoir|Moonblast|p2a: Probopass\n|-activate|p2a: Probopass|move: Protect\n|\n|-heal|p1a: Gardevoir|27\/100 tox|[from] item: Leftovers\n|-damage|p1a: Gardevoir|15\/100 tox|[from] Leech Seed|[of] p2a: Probopass\n|-damage|p1a: Gardevoir|0 fnt|[from] psn\n|faint|p1a: Gardevoir\n|upkeep\n|\n|t:|1699192962\n|switch|p1a: Gallade|Gallade, M|100\/100\n|-damage|p1a: Gallade|94\/100|[from] Stealth Rock\n|turn|23\n|\n|t:|1699192972\n|move|p1a: Gallade|Knock Off|p2a: Probopass\n|-ability|p2a: Probopass|Sturdy\n|-damage|p2a: Probopass|9\/100\n|-enditem|p2a: Probopass|Heavy-Duty Boots|[from] move: Knock Off|[of] p1a: Gallade\n|move|p2a: Probopass|Pain Split|p1a: Gallade\n|-sethp|p1a: Gallade|47\/100|[from] move: Pain Split|[silent]\n|-sethp|p2a: Probopass|100\/100|[from] move: Pain Split\n|\n|upkeep\n|turn|24\n|\n|t:|1699192979\n|move|p1a: Gallade|Knock Off|p2a: Probopass\n|-ability|p2a: Probopass|Sturdy\n|-damage|p2a: Probopass|9\/100\n|move|p2a: Probopass|Pain Split|p1a: Gallade\n|-sethp|p1a: Gallade|24\/100|[from] move: Pain Split|[silent]\n|-sethp|p2a: Probopass|100\/100|[from] move: Pain Split\n|\n|upkeep\n|turn|25\n|inactive|sussuspotussus has 210 seconds left.\n|\n|t:|1699192986\n|switch|p1a: Chimecho|Chimecho, F|100\/100\n|-damage|p1a: Chimecho|88\/100|[from] Stealth Rock\n|move|p2a: Probopass|Pain Split|p1a: Chimecho\n|-sethp|p1a: Chimecho|46\/100|[from] move: Pain Split|[silent]\n|-sethp|p2a: Probopass|100\/100|[from] move: Pain Split\n|\n|-heal|p1a: Chimecho|52\/100|[from] item: Leftovers\n|upkeep\n|turn|26\n|\n|t:|1699192991\n|switch|p2a: Cradily|Cradily, M|42\/100 par\n|move|p1a: Chimecho|Thunder Wave|p2a: Cradily\n|-fail|p2a: Cradily|par\n|\n|-heal|p1a: Chimecho|58\/100|[from] item: Leftovers\n|upkeep\n|turn|27\n|\n|t:|1699192999\n|move|p1a: Chimecho|Psychic|p2a: Cradily\n|-damage|p2a: Cradily|17\/100 par\n|move|p2a: Cradily|Rest|p2a: Cradily\n|-status|p2a: Cradily|slp|[from] move: Rest\n|-heal|p2a: Cradily|100\/100 slp|[silent]\n|\n|-heal|p1a: Chimecho|65\/100|[from] item: Leftovers\n|upkeep\n|turn|28\n|\n|t:|1699193013\n|switch|p1a: Mewtwo|Mewtwo|100\/100\n|-damage|p1a: Mewtwo|88\/100|[from] Stealth Rock\n|-ability|p1a: Mewtwo|Pressure\n|cant|p2a: Cradily|slp\n|\n|upkeep\n|turn|29\n|\n|t:|1699193019\n|switch|p2a: Tyranitar|Tyranitar, F|100\/100\n|-weather|Sandstorm|[from] ability: Sand Stream|[of] p2a: Tyranitar\n|detailschange|p1a: Mewtwo|Mewtwo-Mega-X\n|-mega|p1a: Mewtwo|Mewtwo|Mewtwonite X\n|move|p1a: Mewtwo|Low Kick|p2a: Tyranitar\n|-supereffective|p2a: Tyranitar\n|-damage|p2a: Tyranitar|0 fnt\n|faint|p2a: Tyranitar\n|\n|-weather|Sandstorm|[upkeep]\n|-damage|p1a: Mewtwo|82\/100|[from] Sandstorm\n|upkeep\n|c|\u2606The power of ROCK|OOF\n|\n|t:|1699193025\n|switch|p2a: Garganacl|Garganacl, M|100\/100\n|turn|30\n|\n|t:|1699193033\n|-terastallize|p2a: Garganacl|Ghost\n|move|p1a: Mewtwo|Taunt|p2a: Garganacl\n|-start|p2a: Garganacl|move: Taunt\n|cant|p2a: Garganacl|move: Taunt|Iron Defense\n|\n|-weather|Sandstorm|[upkeep]\n|-damage|p1a: Mewtwo|76\/100|[from] Sandstorm\n|-damage|p2a: Garganacl|94\/100|[from] Sandstorm\n|upkeep\n|turn|31\n|c|\u2606The power of ROCK|OOOOF\n|inactive|sussuspotussus has 240 seconds left.\n|c|\u2606The power of ROCK|WHY AM I LOSING\n|\n|t:|1699193051\n|switch|p1a: Chimecho|Chimecho, F|65\/100\n|-damage|p1a: Chimecho|52\/100|[from] Stealth Rock\n|move|p2a: Garganacl|Salt Cure|p1a: Chimecho\n|-damage|p1a: Chimecho|35\/100\n|-start|p1a: Chimecho|Salt Cure\n|\n|-weather|Sandstorm|[upkeep]\n|-damage|p1a: Chimecho|29\/100|[from] Sandstorm\n|-damage|p2a: Garganacl|88\/100|[from] Sandstorm\n|-heal|p1a: Chimecho|35\/100|[from] item: Leftovers\n|-damage|p1a: Chimecho|23\/100|[from] Salt Cure\n|upkeep\n|turn|32\n|\n|t:|1699193063\n|switch|p2a: Cradily|Cradily, M|100\/100 slp\n|move|p1a: Chimecho|Healing Wish|p1a: Chimecho\n|faint|p1a: Chimecho\n|\n|-weather|Sandstorm|[upkeep]\n|upkeep\n|\n|t:|1699193069\n|switch|p1a: Gallade|Gallade, M|24\/100\n|-heal|p1a: Gallade|100\/100|[from] move: Healing Wish\n|-damage|p1a: Gallade|94\/100|[from] Stealth Rock\n|turn|33\n|inactive|sussuspotussus has 240 seconds left.\n|\n|t:|1699193084\n|switch|p2a: Glimmora|Glimmora, F|88\/100\n|move|p1a: Gallade|Sacred Sword|p2a: Glimmora\n|-damage|p2a: Glimmora|10\/100\n|-activate|p2a: Glimmora|ability: Toxic Debris\n|-sidestart|p1: sussuspotussus|move: Toxic Spikes\n|\n|-weather|none\n|upkeep\n|turn|34\n|inactive|sussuspotussus has 240 seconds left.\n|\n|t:|1699193091\n|move|p2a: Glimmora|Spikes|p1a: Gallade\n|-sidestart|p1: sussuspotussus|Spikes\n|move|p1a: Gallade|Sacred Sword|p2a: Glimmora\n|-damage|p2a: Glimmora|0 fnt\n|-activate|p2a: Glimmora|ability: Toxic Debris\n|-sidestart|p1: sussuspotussus|move: Toxic Spikes\n|faint|p2a: Glimmora\n|\n|upkeep\n|\n|t:|1699193096\n|switch|p2a: Probopass|Probopass, L1, F|100\/100\n|turn|35\n|\n|t:|1699193102\n|switch|p1a: Mewtwo|Mewtwo-Mega-X|76\/100\n|-damage|p1a: Mewtwo|69\/100|[from] Stealth Rock\n|-status|p1a: Mewtwo|tox\n|-damage|p1a: Mewtwo|57\/100 tox|[from] Spikes\n|move|p2a: Probopass|Pain Split|p1a: Mewtwo\n|-sethp|p1a: Mewtwo|30\/100 tox|[from] move: Pain Split|[silent]\n|-sethp|p2a: Probopass|100\/100|[from] move: Pain Split\n|\n|-damage|p1a: Mewtwo|24\/100 tox|[from] psn\n|upkeep\n|turn|36\n|\n|t:|1699193111\n|move|p2a: Probopass|Protect|p2a: Probopass\n|-singleturn|p2a: Probopass|Protect\n|move|p1a: Mewtwo|Taunt|p2a: Probopass\n|-activate|p2a: Probopass|move: Protect\n|\n|-damage|p1a: Mewtwo|12\/100 tox|[from] psn\n|upkeep\n|turn|37\n|\n|t:|1699193118\n|move|p1a: Mewtwo|Taunt|p2a: Probopass\n|-start|p2a: Probopass|move: Taunt\n|cant|p2a: Probopass|move: Taunt|Pain Split\n|\n|-damage|p1a: Mewtwo|0 fnt|[from] psn\n|faint|p1a: Mewtwo\n|upkeep\n|inactive|sussuspotussus has 270 seconds left.\n|\n|t:|1699193126\n|switch|p1a: Gallade|Gallade, M|94\/100\n|-damage|p1a: Gallade|88\/100|[from] Stealth Rock\n|-status|p1a: Gallade|tox\n|-damage|p1a: Gallade|76\/100 tox|[from] Spikes\n|turn|38\n|\n|t:|1699193134\n|switch|p2a: Garganacl|Garganacl, M, tera:Ghost|88\/100\n|-terastallize|p1a: Gallade|Psychic\n|move|p1a: Gallade|Knock Off|p2a: Garganacl\n|-supereffective|p2a: Garganacl\n|-damage|p2a: Garganacl|42\/100\n|-enditem|p2a: Garganacl|Maranga Berry|[from] move: Knock Off|[of] p1a: Gallade\n|\n|-damage|p1a: Gallade|70\/100 tox|[from] psn\n|upkeep\n|turn|39\n|\n|t:|1699193140\n|move|p1a: Gallade|Knock Off|p2a: Garganacl\n|-supereffective|p2a: Garganacl\n|-damage|p2a: Garganacl|12\/100\n|move|p2a: Garganacl|Recover|p2a: Garganacl\n|-heal|p2a: Garganacl|62\/100\n|\n|-damage|p1a: Gallade|58\/100 tox|[from] psn\n|upkeep\n|turn|40\n|-message|sussuspotussus forfeited.\n|\n|win|The power of ROCK\n|l|\u2606sussuspotussus\n|c|\u2606The power of ROCK|GG\n","uploadtime":1699193191,"views":3,"p1id":"sussuspotussus","p2id":"thepowerofrock","formatid":"gen9nationaldexubers","rating":0,"private":0,"password":""}