{"id":"gen9nationaldexubers-1991939161","p1":"BoaTheConstrictor","p2":"INSECT-M0DE\ufe0f\u2733\ufe0f","format":"[Gen 9] National Dex Ubers","log":"|j|\u2606BoaTheConstrictor\n|j|\u2606INSECT-M0DE\ufe0f\u2733\ufe0f\n|t:|1700140498\n|gametype|singles\n|player|p1|BoaTheConstrictor|170|1060\n|player|p2|INSECT-M0DE\ufe0f\u2733\ufe0f|viola|1022\n|teamsize|p1|6\n|teamsize|p2|6\n|gen|9\n|tier|[Gen 9] National Dex Ubers\n|rated|\n|rule|HP Percentage Mod: HP is shown in percentages\n|rule|Endless Battle Clause: Forcing endless battles is banned\n|rule|OHKO Clause: OHKO moves are banned\n|rule|Evasion Moves Clause: Evasion moves are banned\n|rule|Evasion Items Clause: Evasion items are banned\n|rule|Species Clause: Limit one of each Pok\u00e9mon\n|rule|Sleep Clause Mod: Limit one foe put to sleep\n|rule|Mega Rayquaza Clause: You cannot mega evolve Rayquaza\n|clearpoke\n|poke|p1|Golisopod, M|\n|poke|p1|Dragalge, M|\n|poke|p1|Xurkitree|\n|poke|p1|Groudon|\n|poke|p1|Marshadow|\n|poke|p1|Lugia|\n|poke|p2|Galvantula, F|\n|poke|p2|Yanmega, F|\n|poke|p2|Venomoth, F|\n|poke|p2|Volcarona, F|\n|poke|p2|Mothim, M|\n|poke|p2|Pinsir, F|\n|teampreview\n|\n|t:|1700140515\n|start\n|switch|p1a: Dragalge|Dragalge, M|100\/100\n|switch|p2a: \ud83d\udd78GALVANTULA\ud83d\udd78\ud83d\udd77\ud83d\udd77|Galvantula, F|100\/100\n|turn|1\n|inactive|Battle timer is ON: inactive players will automatically lose when time's up. (requested by BoaTheConstrictor)\n|\n|t:|1700140526\n|move|p2a: \ud83d\udd78GALVANTULA\ud83d\udd78\ud83d\udd77\ud83d\udd77|Sticky Web|p1a: Dragalge\n|-sidestart|p1: BoaTheConstrictor|move: Sticky Web\n|move|p1a: Dragalge|Toxic|p2a: \ud83d\udd78GALVANTULA\ud83d\udd78\ud83d\udd77\ud83d\udd77\n|-status|p2a: \ud83d\udd78GALVANTULA\ud83d\udd78\ud83d\udd77\ud83d\udd77|tox\n|\n|-damage|p2a: \ud83d\udd78GALVANTULA\ud83d\udd78\ud83d\udd77\ud83d\udd77|94\/100 tox|[from] psn\n|upkeep\n|turn|2\n|\n|t:|1700140534\n|switch|p2a: \ud83e\udeb0\ud83e\udd8bVENOMITH\ud83e\udd8b\ud83e\udeb0|Venomoth, F, shiny|100\/100\n|move|p1a: Dragalge|Venom Drench||[still]\n|-fail|p1a: Dragalge\n|\n|upkeep\n|turn|3\n|\n|t:|1700140561\n|switch|p1a: Groudon|Groudon, shiny|100\/100\n|-activate|p1a: Groudon|move: Sticky Web\n|-unboost|p1a: Groudon|spe|1\n|detailschange|p1a: Groudon|Groudon-Primal, shiny\n|-primal|p1a: Groudon|Red Orb\n|-weather|DesolateLand|[from] ability: Desolate Land|[of] p1a: Groudon\n|move|p2a: \ud83e\udeb0\ud83e\udd8bVENOMITH\ud83e\udd8b\ud83e\udeb0|Quiver Dance|p2a: \ud83e\udeb0\ud83e\udd8bVENOMITH\ud83e\udd8b\ud83e\udeb0\n|-boost|p2a: \ud83e\udeb0\ud83e\udd8bVENOMITH\ud83e\udd8b\ud83e\udeb0|spa|1\n|-boost|p2a: \ud83e\udeb0\ud83e\udd8bVENOMITH\ud83e\udd8b\ud83e\udeb0|spd|1\n|-boost|p2a: \ud83e\udeb0\ud83e\udd8bVENOMITH\ud83e\udd8b\ud83e\udeb0|spe|1\n|\n|-weather|DesolateLand|[upkeep]\n|upkeep\n|turn|4\n|\n|t:|1700140575\n|-terastallize|p2a: \ud83e\udeb0\ud83e\udd8bVENOMITH\ud83e\udd8b\ud83e\udeb0|Bug\n|move|p2a: \ud83e\udeb0\ud83e\udd8bVENOMITH\ud83e\udd8b\ud83e\udeb0|Bug Buzz|p1a: Groudon\n|-resisted|p1a: Groudon\n|-damage|p1a: Groudon|0 fnt\n|faint|p1a: Groudon\n|-weather|none\n|\n|upkeep\n|\n|t:|1700140582\n|switch|p1a: Dragalge|Dragalge, M|100\/100\n|-activate|p1a: Dragalge|move: Sticky Web\n|-unboost|p1a: Dragalge|spe|1\n|turn|5\n|\n|t:|1700140586\n|move|p2a: \ud83e\udeb0\ud83e\udd8bVENOMITH\ud83e\udd8b\ud83e\udeb0|Quiver Dance|p2a: \ud83e\udeb0\ud83e\udd8bVENOMITH\ud83e\udd8b\ud83e\udeb0\n|-boost|p2a: \ud83e\udeb0\ud83e\udd8bVENOMITH\ud83e\udd8b\ud83e\udeb0|spa|1\n|-boost|p2a: \ud83e\udeb0\ud83e\udd8bVENOMITH\ud83e\udd8b\ud83e\udeb0|spd|1\n|-boost|p2a: \ud83e\udeb0\ud83e\udd8bVENOMITH\ud83e\udd8b\ud83e\udeb0|spe|1\n|move|p1a: Dragalge|Toxic|p2a: \ud83e\udeb0\ud83e\udd8bVENOMITH\ud83e\udd8b\ud83e\udeb0\n|-status|p2a: \ud83e\udeb0\ud83e\udd8bVENOMITH\ud83e\udd8b\ud83e\udeb0|tox\n|\n|-damage|p2a: \ud83e\udeb0\ud83e\udd8bVENOMITH\ud83e\udd8b\ud83e\udeb0|94\/100 tox|[from] psn\n|upkeep\n|turn|6\n|\n|t:|1700140596\n|switch|p1a: Marshadow|Marshadow|100\/100\n|-activate|p1a: Marshadow|move: Sticky Web\n|-unboost|p1a: Marshadow|spe|1\n|move|p2a: \ud83e\udeb0\ud83e\udd8bVENOMITH\ud83e\udd8b\ud83e\udeb0|Quiver Dance|p2a: \ud83e\udeb0\ud83e\udd8bVENOMITH\ud83e\udd8b\ud83e\udeb0\n|-boost|p2a: \ud83e\udeb0\ud83e\udd8bVENOMITH\ud83e\udd8b\ud83e\udeb0|spa|1\n|-boost|p2a: \ud83e\udeb0\ud83e\udd8bVENOMITH\ud83e\udd8b\ud83e\udeb0|spd|1\n|-boost|p2a: \ud83e\udeb0\ud83e\udd8bVENOMITH\ud83e\udd8b\ud83e\udeb0|spe|1\n|\n|-damage|p2a: \ud83e\udeb0\ud83e\udd8bVENOMITH\ud83e\udd8b\ud83e\udeb0|82\/100 tox|[from] psn\n|upkeep\n|turn|7\n|\n|t:|1700140606\n|move|p2a: \ud83e\udeb0\ud83e\udd8bVENOMITH\ud83e\udd8b\ud83e\udeb0|Bug Buzz|p1a: Marshadow\n|-resisted|p1a: Marshadow\n|-damage|p1a: Marshadow|2\/100\n|move|p1a: Marshadow|Spectral Thief||[still]\n|-clearpositiveboost|p2a: \ud83e\udeb0\ud83e\udd8bVENOMITH\ud83e\udd8b\ud83e\udeb0|p1a: Marshadow|move: Spectral Thief\n|-boost|p1a: Marshadow|spa|3\n|-boost|p1a: Marshadow|spd|3\n|-boost|p1a: Marshadow|spe|3\n|-anim|p1a: Marshadow|Spectral Thief|p2a: \ud83e\udeb0\ud83e\udd8bVENOMITH\ud83e\udd8b\ud83e\udeb0\n|-damage|p2a: \ud83e\udeb0\ud83e\udd8bVENOMITH\ud83e\udd8b\ud83e\udeb0|5\/100 tox\n|\n|-damage|p2a: \ud83e\udeb0\ud83e\udd8bVENOMITH\ud83e\udd8b\ud83e\udeb0|0 fnt|[from] psn\n|faint|p2a: \ud83e\udeb0\ud83e\udd8bVENOMITH\ud83e\udd8b\ud83e\udeb0\n|upkeep\n|\n|t:|1700140621\n|switch|p2a: \ud83d\udd78PINSIR\ud83e\udeb2REBORN\ud83d\udd78|Pinsir, F, shiny|100\/100\n|turn|8\n|\n|t:|1700140629\n|detailschange|p2a: \ud83d\udd78PINSIR\ud83e\udeb2REBORN\ud83d\udd78|Pinsir-Mega, F, shiny\n|-mega|p2a: \ud83d\udd78PINSIR\ud83e\udeb2REBORN\ud83d\udd78|Pinsir|Pinsirite\n|move|p2a: \ud83d\udd78PINSIR\ud83e\udeb2REBORN\ud83d\udd78|Quick Attack|p1a: Marshadow\n|-supereffective|p1a: Marshadow\n|-damage|p1a: Marshadow|0 fnt\n|faint|p1a: Marshadow\n|\n|upkeep\n|\n|t:|1700140655\n|switch|p1a: Xurkitree|Xurkitree|100\/100\n|-activate|p1a: Xurkitree|move: Sticky Web\n|-unboost|p1a: Xurkitree|spe|1\n|turn|9\n|\n|t:|1700140662\n|move|p2a: \ud83d\udd78PINSIR\ud83e\udeb2REBORN\ud83d\udd78|X-Scissor|p1a: Xurkitree\n|-damage|p1a: Xurkitree|39\/100\n|move|p1a: Xurkitree|Rain Dance|p1a: Xurkitree\n|-weather|RainDance\n|\n|-weather|RainDance|[upkeep]\n|-heal|p1a: Xurkitree|46\/100|[from] item: Leftovers\n|upkeep\n|turn|10\n|\n|t:|1700140670\n|move|p1a: Xurkitree|Protect|p1a: Xurkitree\n|-singleturn|p1a: Xurkitree|Protect\n|move|p2a: \ud83d\udd78PINSIR\ud83e\udeb2REBORN\ud83d\udd78|X-Scissor|p1a: Xurkitree\n|-activate|p1a: Xurkitree|move: Protect\n|\n|-weather|RainDance|[upkeep]\n|-heal|p1a: Xurkitree|52\/100|[from] item: Leftovers\n|upkeep\n|turn|11\n|\n|t:|1700140679\n|move|p2a: \ud83d\udd78PINSIR\ud83e\udeb2REBORN\ud83d\udd78|X-Scissor|p1a: Xurkitree\n|-damage|p1a: Xurkitree|0 fnt\n|faint|p1a: Xurkitree\n|\n|-weather|RainDance|[upkeep]\n|upkeep\n|\n|t:|1700140687\n|switch|p1a: Dragalge|Dragalge, M|100\/100\n|-activate|p1a: Dragalge|move: Sticky Web\n|-unboost|p1a: Dragalge|spe|1\n|turn|12\n|\n|t:|1700140693\n|move|p2a: \ud83d\udd78PINSIR\ud83e\udeb2REBORN\ud83d\udd78|Swords Dance|p2a: \ud83d\udd78PINSIR\ud83e\udeb2REBORN\ud83d\udd78\n|-boost|p2a: \ud83d\udd78PINSIR\ud83e\udeb2REBORN\ud83d\udd78|atk|2\n|move|p1a: Dragalge|Toxic|p2a: \ud83d\udd78PINSIR\ud83e\udeb2REBORN\ud83d\udd78\n|-status|p2a: \ud83d\udd78PINSIR\ud83e\udeb2REBORN\ud83d\udd78|tox\n|\n|-weather|RainDance|[upkeep]\n|-damage|p2a: \ud83d\udd78PINSIR\ud83e\udeb2REBORN\ud83d\udd78|95\/100 tox|[from] psn\n|upkeep\n|turn|13\n|\n|t:|1700140701\n|move|p2a: \ud83d\udd78PINSIR\ud83e\udeb2REBORN\ud83d\udd78|Swords Dance|p2a: \ud83d\udd78PINSIR\ud83e\udeb2REBORN\ud83d\udd78\n|-boost|p2a: \ud83d\udd78PINSIR\ud83e\udeb2REBORN\ud83d\udd78|atk|2\n|move|p1a: Dragalge|Venoshock|p2a: \ud83d\udd78PINSIR\ud83e\udeb2REBORN\ud83d\udd78\n|-damage|p2a: \ud83d\udd78PINSIR\ud83e\udeb2REBORN\ud83d\udd78|12\/100 tox\n|\n|-weather|none\n|-damage|p2a: \ud83d\udd78PINSIR\ud83e\udeb2REBORN\ud83d\udd78|0 fnt|[from] psn\n|faint|p2a: \ud83d\udd78PINSIR\ud83e\udeb2REBORN\ud83d\udd78\n|upkeep\n|\n|t:|1700140716\n|switch|p2a: \ud83e\udeb0\ud83e\udd8bYANMEGA\ud83e\udd8b\ud83e\udeb0|Yanmega, F, shiny|100\/100\n|turn|14\n|\n|t:|1700140724\n|move|p2a: \ud83e\udeb0\ud83e\udd8bYANMEGA\ud83e\udd8b\ud83e\udeb0|Air Slash|p1a: Dragalge\n|-damage|p1a: Dragalge|65\/100\n|cant|p1a: Dragalge|flinch\n|\n|-ability|p2a: \ud83e\udeb0\ud83e\udd8bYANMEGA\ud83e\udd8b\ud83e\udeb0|Speed Boost|boost\n|-boost|p2a: \ud83e\udeb0\ud83e\udd8bYANMEGA\ud83e\udd8b\ud83e\udeb0|spe|1\n|upkeep\n|turn|15\n|\n|t:|1700140732\n|move|p2a: \ud83e\udeb0\ud83e\udd8bYANMEGA\ud83e\udd8b\ud83e\udeb0|Air Slash|p1a: Dragalge\n|-damage|p1a: Dragalge|28\/100\n|move|p1a: Dragalge|Toxic|p2a: \ud83e\udeb0\ud83e\udd8bYANMEGA\ud83e\udd8b\ud83e\udeb0\n|-status|p2a: \ud83e\udeb0\ud83e\udd8bYANMEGA\ud83e\udd8b\ud83e\udeb0|tox\n|\n|-damage|p2a: \ud83e\udeb0\ud83e\udd8bYANMEGA\ud83e\udd8b\ud83e\udeb0|94\/100 tox|[from] psn\n|-ability|p2a: \ud83e\udeb0\ud83e\udd8bYANMEGA\ud83e\udd8b\ud83e\udeb0|Speed Boost|boost\n|-boost|p2a: \ud83e\udeb0\ud83e\udd8bYANMEGA\ud83e\udd8b\ud83e\udeb0|spe|1\n|upkeep\n|turn|16\n|\n|t:|1700140741\n|move|p2a: \ud83e\udeb0\ud83e\udd8bYANMEGA\ud83e\udd8b\ud83e\udeb0|Air Slash|p1a: Dragalge\n|-damage|p1a: Dragalge|0 fnt\n|faint|p1a: Dragalge\n|\n|-damage|p2a: \ud83e\udeb0\ud83e\udd8bYANMEGA\ud83e\udd8b\ud83e\udeb0|82\/100 tox|[from] psn\n|-ability|p2a: \ud83e\udeb0\ud83e\udd8bYANMEGA\ud83e\udd8b\ud83e\udeb0|Speed Boost|boost\n|-boost|p2a: \ud83e\udeb0\ud83e\udd8bYANMEGA\ud83e\udd8b\ud83e\udeb0|spe|1\n|upkeep\n|\n|t:|1700140753\n|switch|p1a: Lugia|Lugia|100\/100\n|-ability|p1a: Lugia|Pressure\n|turn|17\n|\n|t:|1700140760\n|move|p2a: \ud83e\udeb0\ud83e\udd8bYANMEGA\ud83e\udd8b\ud83e\udeb0|Air Slash|p1a: Lugia\n|-damage|p1a: Lugia|78\/100\n|move|p1a: Lugia|Blizzard|p2a: \ud83e\udeb0\ud83e\udd8bYANMEGA\ud83e\udd8b\ud83e\udeb0|[miss]\n|-miss|p1a: Lugia|p2a: \ud83e\udeb0\ud83e\udd8bYANMEGA\ud83e\udd8b\ud83e\udeb0\n|\n|-damage|p2a: \ud83e\udeb0\ud83e\udd8bYANMEGA\ud83e\udd8b\ud83e\udeb0|64\/100 tox|[from] psn\n|-ability|p2a: \ud83e\udeb0\ud83e\udd8bYANMEGA\ud83e\udd8b\ud83e\udeb0|Speed Boost|boost\n|-boost|p2a: \ud83e\udeb0\ud83e\udd8bYANMEGA\ud83e\udd8b\ud83e\udeb0|spe|1\n|upkeep\n|turn|18\n|\n|t:|1700140771\n|move|p2a: \ud83e\udeb0\ud83e\udd8bYANMEGA\ud83e\udd8b\ud83e\udeb0|Air Slash|p1a: Lugia\n|-damage|p1a: Lugia|55\/100\n|move|p1a: Lugia|Blizzard|p2a: \ud83e\udeb0\ud83e\udd8bYANMEGA\ud83e\udd8b\ud83e\udeb0|[miss]\n|-miss|p1a: Lugia|p2a: \ud83e\udeb0\ud83e\udd8bYANMEGA\ud83e\udd8b\ud83e\udeb0\n|\n|-damage|p2a: \ud83e\udeb0\ud83e\udd8bYANMEGA\ud83e\udd8b\ud83e\udeb0|40\/100 tox|[from] psn\n|-ability|p2a: \ud83e\udeb0\ud83e\udd8bYANMEGA\ud83e\udd8b\ud83e\udeb0|Speed Boost|boost\n|-boost|p2a: \ud83e\udeb0\ud83e\udd8bYANMEGA\ud83e\udd8b\ud83e\udeb0|spe|1\n|upkeep\n|turn|19\n|-message|BoaTheConstrictor forfeited.\n|\n|win|INSECT-M0DE\ufe0f\u2733\ufe0f\n|raw|BoaTheConstrictor's rating: 1060 &rarr; <strong>1039<\/strong><br \/>(-21 for losing)\n|raw|INSECT-M0DE\ufe0f\u2733\ufe0f's rating: 1022 &rarr; <strong>1063<\/strong><br \/>(+41 for winning)\n|l|\u2606BoaTheConstrictor\n","uploadtime":1700140788,"views":8,"p1id":"boatheconstrictor","p2id":"insectm0de","formatid":"gen9nationaldexubers","rating":1039,"private":0,"password":""}