{"id":"gen9nationaldexubers-1987295314","p1":"JohnyR05","p2":"Dalosha","format":"[Gen 9] National Dex Ubers","log":"|j|\u2606JohnyR05\n|j|\u2606Dalosha\n|t:|1699574298\n|gametype|singles\n|player|p1|JohnyR05|265|\n|player|p2|Dalosha|1|\n|teamsize|p1|6\n|teamsize|p2|6\n|gen|9\n|tier|[Gen 9] National Dex Ubers\n|rule|HP Percentage Mod: HP is shown in percentages\n|rule|Endless Battle Clause: Forcing endless battles is banned\n|rule|OHKO Clause: OHKO moves are banned\n|rule|Evasion Moves Clause: Evasion moves are banned\n|rule|Evasion Items Clause: Evasion items are banned\n|rule|Species Clause: Limit one of each Pok\u00e9mon\n|rule|Sleep Clause Mod: Limit one foe put to sleep\n|rule|Mega Rayquaza Clause: You cannot mega evolve Rayquaza\n|clearpoke\n|poke|p1|Moltres|\n|poke|p1|Mamoswine, F|\n|poke|p1|Maushold|\n|poke|p1|Dragapult, F|\n|poke|p1|Latios, M|\n|poke|p1|Tinkaton, F|\n|poke|p2|Muk-Alola, M|\n|poke|p2|Victini|\n|poke|p2|Gliscor, M|\n|poke|p2|Volcanion|\n|poke|p2|Ribombee, M|\n|poke|p2|Meloetta|\n|teampreview\n|\n|t:|1699574333\n|start\n|switch|p1a: Dimitri|Dragapult, F, shiny|100\/100\n|switch|p2a: Ribombee|Ribombee, M|100\/100\n|turn|1\n|\n|t:|1699574346\n|move|p1a: Dimitri|U-turn|p2a: Ribombee\n|-resisted|p2a: Ribombee\n|-damage|p2a: Ribombee|81\/100\n|j| mrhuevito\n|\n|t:|1699574358\n|switch|p1a: KFC|Moltres, shiny|100\/100|[from] U-turn\n|move|p2a: Ribombee|Moonblast|p1a: KFC\n|-resisted|p1a: KFC\n|-damage|p1a: KFC|78\/100\n|\n|upkeep\n|turn|2\n|\n|t:|1699574380\n|move|p2a: Ribombee|Sticky Web|p1a: KFC\n|-sidestart|p1: JohnyR05|move: Sticky Web\n|move|p1a: KFC|U-turn|p2a: Ribombee\n|-resisted|p2a: Ribombee\n|-damage|p2a: Ribombee|66\/100\n|\n|t:|1699574403\n|switch|p1a: Dimitri|Dragapult, F, shiny|100\/100|[from] U-turn\n|-activate|p1a: Dimitri|move: Sticky Web\n|-unboost|p1a: Dimitri|spe|1\n|\n|upkeep\n|turn|3\n|j| ProfesorGazpacho\n|\n|t:|1699574427\n|move|p1a: Dimitri|U-turn|p2a: Ribombee\n|-resisted|p2a: Ribombee\n|-damage|p2a: Ribombee|46\/100\n|\n|t:|1699574431\n|switch|p1a: KFC|Moltres, shiny|78\/100|[from] U-turn\n|move|p2a: Ribombee|Tailwind|p2a: Ribombee\n|-sidestart|p2: Dalosha|move: Tailwind\n|\n|upkeep\n|turn|4\n|j| Trail Kills Rock\n|\n|t:|1699574442\n|switch|p2a: Victini|Victini|100\/100\n|move|p1a: KFC|Defog|p2a: Victini\n|-unboost|p2a: Victini|evasion|1\n|-sideend|p1: JohnyR05|Sticky Web|[from] move: Defog|[of] p1a: KFC\n|\n|upkeep\n|turn|5\n|\n|t:|1699574458\n|move|p2a: Victini|Bolt Strike|p1a: KFC\n|-supereffective|p1a: KFC\n|-damage|p1a: KFC|0 fnt\n|faint|p1a: KFC\n|-damage|p2a: Victini|91\/100|[from] item: Life Orb\n|\n|upkeep\n|\n|t:|1699574477\n|switch|p1a: Jet|Latios, M, shiny|100\/100\n|turn|6\n|\n|t:|1699574493\n|move|p2a: Victini|U-turn|p1a: Jet\n|-supereffective|p1a: Jet\n|-damage|p1a: Jet|39\/100\n|-damage|p2a: Victini|81\/100|[from] item: Life Orb\n|\n|t:|1699574497\n|switch|p2a: Muk|Muk-Alola, M|100\/100|[from] U-turn\n|move|p1a: Jet|Draco Meteor|p2a: Muk\n|-crit|p2a: Muk\n|-damage|p2a: Muk|41\/100\n|-unboost|p1a: Jet|spa|2\n|\n|-sideend|p2: Dalosha|move: Tailwind\n|upkeep\n|turn|7\n|\n|t:|1699574507\n|-activate|p1a: Jet|move: Pursuit\n|move|p2a: Muk|Pursuit|p1a: Jet|[from]Pursuit\n|-supereffective|p1a: Jet\n|-damage|p1a: Jet|0 fnt\n|faint|p1a: Jet\n|-hint|A Pokemon can't switch between when it runs out of HP and when it faints\n|\n|upkeep\n|\n|t:|1699574554\n|switch|p1a: Migue|Tinkaton, F|100\/100\n|-ability|p1a: Migue|Mold Breaker\n|turn|8\n|\n|t:|1699574567\n|switch|p2a: Gliscor|Gliscor, M|100\/100\n|move|p1a: Migue|Gigaton Hammer|p2a: Gliscor\n|-damage|p2a: Gliscor|69\/100\n|\n|-status|p2a: Gliscor|tox|[from] item: Toxic Orb\n|upkeep\n|turn|9\n|\n|t:|1699574590\n|switch|p1a: Dimitri|Dragapult, F, shiny|100\/100\n|move|p2a: Gliscor|Earthquake|p1a: Dimitri\n|-damage|p1a: Dimitri|55\/100\n|\n|-heal|p2a: Gliscor|82\/100 tox|[from] ability: Poison Heal\n|upkeep\n|turn|10\n|\n|t:|1699574608\n|move|p2a: Gliscor|Protect|p2a: Gliscor\n|-singleturn|p2a: Gliscor|Protect\n|move|p1a: Dimitri|Shadow Ball|p2a: Gliscor\n|-activate|p2a: Gliscor|move: Protect\n|\n|-heal|p2a: Gliscor|94\/100 tox|[from] ability: Poison Heal\n|upkeep\n|turn|11\n|\n|t:|1699574617\n|switch|p1a: Terry|Mamoswine, F|100\/100\n|move|p2a: Gliscor|Toxic|p1a: Terry\n|-status|p1a: Terry|tox\n|\n|-damage|p1a: Terry|94\/100 tox|[from] psn\n|-heal|p2a: Gliscor|100\/100 tox|[from] ability: Poison Heal\n|upkeep\n|turn|12\n|\n|t:|1699574633\n|move|p2a: Gliscor|Protect|p2a: Gliscor\n|-singleturn|p2a: Gliscor|Protect\n|move|p1a: Terry|Earthquake|p2a: Gliscor\n|-activate|p2a: Gliscor|move: Protect\n|\n|-damage|p1a: Terry|82\/100 tox|[from] psn\n|upkeep\n|turn|13\n|\n|t:|1699574659\n|switch|p1a: Dimitri|Dragapult, F, shiny|55\/100\n|move|p2a: Gliscor|Earthquake|p1a: Dimitri\n|-damage|p1a: Dimitri|9\/100\n|\n|upkeep\n|turn|14\n|\n|t:|1699574667\n|move|p1a: Dimitri|U-turn|p2a: Gliscor\n|-resisted|p2a: Gliscor\n|-damage|p2a: Gliscor|94\/100 tox\n|\n|t:|1699574680\n|switch|p1a: Migue|Tinkaton, F|100\/100|[from] U-turn\n|-ability|p1a: Migue|Mold Breaker\n|move|p2a: Gliscor|Earthquake|p1a: Migue\n|-supereffective|p1a: Migue\n|-damage|p1a: Migue|32\/100\n|\n|-heal|p2a: Gliscor|100\/100 tox|[from] ability: Poison Heal\n|upkeep\n|turn|15\n|\n|t:|1699574700\n|move|p1a: Migue|Gigaton Hammer|p2a: Gliscor\n|-damage|p2a: Gliscor|67\/100 tox\n|move|p2a: Gliscor|Earthquake|p1a: Migue\n|-supereffective|p1a: Migue\n|-damage|p1a: Migue|0 fnt\n|faint|p1a: Migue\n|\n|-heal|p2a: Gliscor|80\/100 tox|[from] ability: Poison Heal\n|upkeep\n|\n|t:|1699574703\n|switch|p1a: Loki|Maushold|100\/100\n|turn|16\n|\n|t:|1699574711\n|switch|p2a: Volcanion|Volcanion|100\/100\n|move|p1a: Loki|Tidy Up|p1a: Loki\n|-boost|p1a: Loki|atk|1\n|-boost|p1a: Loki|spe|1\n|\n|upkeep\n|turn|17\n|\n|t:|1699574721\n|move|p1a: Loki|Population Bomb|p2a: Volcanion\n|-damage|p2a: Volcanion|88\/100\n|-damage|p2a: Volcanion|76\/100\n|-damage|p2a: Volcanion|64\/100\n|-damage|p2a: Volcanion|51\/100\n|-damage|p2a: Volcanion|39\/100\n|-hitcount|p2a: Volcanion|5\n|move|p2a: Volcanion|Steam Eruption|p1a: Loki\n|-damage|p1a: Loki|34\/100\n|\n|upkeep\n|turn|18\n|c|\u2606Dalosha|loco y mi rocky helmet xd?\n|c|\u2606JohnyR05|jajajaja\n|c| Trail Kills Rock|pUTO GENIO\n|\n|t:|1699574748\n|move|p1a: Loki|Population Bomb|p2a: Volcanion\n|-damage|p2a: Volcanion|27\/100\n|-damage|p2a: Volcanion|16\/100\n|-damage|p2a: Volcanion|4\/100\n|-damage|p2a: Volcanion|0 fnt\n|faint|p2a: Volcanion\n|-hitcount|p2: Volcanion|4\n|\n|upkeep\n|\n|t:|1699574767\n|switch|p2a: Gliscor|Gliscor, M|80\/100 tox\n|turn|19\n|\n|t:|1699574774\n|move|p2a: Gliscor|Protect|p2a: Gliscor\n|-singleturn|p2a: Gliscor|Protect\n|move|p1a: Loki|Population Bomb|p2a: Gliscor\n|-activate|p2a: Gliscor|move: Protect\n|\n|-heal|p2a: Gliscor|92\/100 tox|[from] ability: Poison Heal\n|upkeep\n|turn|20\n|\n|t:|1699574782\n|move|p1a: Loki|Population Bomb|p2a: Gliscor\n|-damage|p2a: Gliscor|82\/100 tox\n|-hitcount|p2a: Gliscor|1\n|move|p2a: Gliscor|Earthquake|p1a: Loki\n|-damage|p1a: Loki|0 fnt\n|faint|p1a: Loki\n|\n|-heal|p2a: Gliscor|95\/100 tox|[from] ability: Poison Heal\n|upkeep\n|c|\u2606JohnyR05|bueno\n|c|\u2606Dalosha|no entendi nada XD\n|\n|t:|1699574797\n|switch|p1a: Terry|Mamoswine, F|82\/100 tox\n|turn|21\n|\n|t:|1699574804\n|move|p2a: Gliscor|Protect|p2a: Gliscor\n|-singleturn|p2a: Gliscor|Protect\n|move|p1a: Terry|Icicle Crash|p2a: Gliscor\n|-activate|p2a: Gliscor|move: Protect\n|\n|-damage|p1a: Terry|76\/100 tox|[from] psn\n|-heal|p2a: Gliscor|100\/100 tox|[from] ability: Poison Heal\n|upkeep\n|turn|22\n|\n|t:|1699574837\n|switch|p1a: Dimitri|Dragapult, F, shiny|9\/100\n|move|p2a: Gliscor|Earthquake|p1a: Dimitri\n|-damage|p1a: Dimitri|0 fnt\n|faint|p1a: Dimitri\n|\n|upkeep\n|\n|t:|1699574840\n|switch|p1a: Terry|Mamoswine, F|76\/100 tox\n|turn|23\n|c|\u2606JohnyR05|gg\n|-message|JohnyR05 forfeited.\n|\n|win|Dalosha\n|l|\u2606JohnyR05\n|c|\u2606Dalosha|gg\n","uploadtime":1699574862,"views":37,"p1id":"johnyr05","p2id":"dalosha","formatid":"gen9nationaldexubers","rating":0,"private":0,"password":""}