{"id":"gen9nationaldexubers-1991981798","p1":"RetroGameBoy","p2":"INSECT-M0DE\ufe0f\u2733\ufe0f","format":"[Gen 9] National Dex Ubers","log":"|j|\u2606RetroGameBoy\n|j|\u2606INSECT-M0DE\ufe0f\u2733\ufe0f\n|t:|1700144853\n|gametype|singles\n|player|p1|RetroGameBoy|rika|1089\n|player|p2|INSECT-M0DE\ufe0f\u2733\ufe0f|viola|1022\n|teamsize|p1|6\n|teamsize|p2|6\n|gen|9\n|tier|[Gen 9] National Dex Ubers\n|rated|\n|rule|HP Percentage Mod: HP is shown in percentages\n|rule|Endless Battle Clause: Forcing endless battles is banned\n|rule|OHKO Clause: OHKO moves are banned\n|rule|Evasion Moves Clause: Evasion moves are banned\n|rule|Evasion Items Clause: Evasion items are banned\n|rule|Species Clause: Limit one of each Pok\u00e9mon\n|rule|Sleep Clause Mod: Limit one foe put to sleep\n|rule|Mega Rayquaza Clause: You cannot mega evolve Rayquaza\n|clearpoke\n|poke|p1|Aurorus, F|\n|poke|p1|Baxcalibur, M|\n|poke|p1|Lopunny, M|\n|poke|p1|Murkrow, M|\n|poke|p1|Togekiss, M|\n|poke|p1|Orbeetle, M|\n|poke|p2|Galvantula, F|\n|poke|p2|Yanmega, F|\n|poke|p2|Venomoth, F|\n|poke|p2|Volcarona, F|\n|poke|p2|Mothim, M|\n|poke|p2|Pinsir, F|\n|teampreview\n|\n|t:|1700144859\n|start\n|switch|p1a: Crowmon|Murkrow, M|100\/100\n|switch|p2a: \ud83d\udd78GALVANTULA\ud83d\udd78\ud83d\udd77\ud83d\udd77|Galvantula, F|100\/100\n|turn|1\n|\n|t:|1700144866\n|move|p1a: Crowmon|Tailwind|p1a: Crowmon\n|-sidestart|p1: RetroGameBoy|move: Tailwind\n|move|p2a: \ud83d\udd78GALVANTULA\ud83d\udd78\ud83d\udd77\ud83d\udd77|Thunder|p1a: Crowmon\n|-supereffective|p1a: Crowmon\n|-damage|p1a: Crowmon|0 fnt\n|faint|p1a: Crowmon\n|\n|upkeep\n|\n|t:|1700144876\n|switch|p1a: Auromon|Aurorus, F, shiny|100\/100\n|-weather|Snow|[from] ability: Snow Warning|[of] p1a: Auromon\n|turn|2\n|\n|t:|1700144882\n|move|p2a: \ud83d\udd78GALVANTULA\ud83d\udd78\ud83d\udd77\ud83d\udd77|Thunder Wave|p1a: Auromon\n|-status|p1a: Auromon|par\n|cant|p1a: Auromon|par\n|\n|-weather|Snow|[upkeep]\n|upkeep\n|turn|3\n|-activate|p1a: Auromon|item: Quick Claw\n|\n|t:|1700144890\n|move|p1a: Auromon|Earth Power|p2a: \ud83d\udd78GALVANTULA\ud83d\udd78\ud83d\udd77\ud83d\udd77\n|-damage|p2a: \ud83d\udd78GALVANTULA\ud83d\udd78\ud83d\udd77\ud83d\udd77|51\/100\n|-unboost|p2a: \ud83d\udd78GALVANTULA\ud83d\udd78\ud83d\udd77\ud83d\udd77|spd|1\n|move|p2a: \ud83d\udd78GALVANTULA\ud83d\udd78\ud83d\udd77\ud83d\udd77|Sticky Web|p1a: Auromon\n|-sidestart|p1: RetroGameBoy|move: Sticky Web\n|\n|-weather|Snow|[upkeep]\n|upkeep\n|turn|4\n|-activate|p1a: Auromon|item: Quick Claw\n|\n|t:|1700144903\n|move|p1a: Auromon|Earth Power|p2a: \ud83d\udd78GALVANTULA\ud83d\udd78\ud83d\udd77\ud83d\udd77\n|-damage|p2a: \ud83d\udd78GALVANTULA\ud83d\udd78\ud83d\udd77\ud83d\udd77|0 fnt\n|faint|p2a: \ud83d\udd78GALVANTULA\ud83d\udd78\ud83d\udd77\ud83d\udd77\n|\n|-weather|Snow|[upkeep]\n|-sideend|p1: RetroGameBoy|move: Tailwind\n|upkeep\n|\n|t:|1700144914\n|switch|p2a: \ud83e\udd8b\ud83e\udd8bMOTHIM\ud83e\udd8b\ud83e\udd8b|Mothim, M, shiny|100\/100\n|turn|5\n|\n|t:|1700144918\n|move|p2a: \ud83e\udd8b\ud83e\udd8bMOTHIM\ud83e\udd8b\ud83e\udd8b|Quiver Dance|p2a: \ud83e\udd8b\ud83e\udd8bMOTHIM\ud83e\udd8b\ud83e\udd8b\n|-boost|p2a: \ud83e\udd8b\ud83e\udd8bMOTHIM\ud83e\udd8b\ud83e\udd8b|spa|1\n|-boost|p2a: \ud83e\udd8b\ud83e\udd8bMOTHIM\ud83e\udd8b\ud83e\udd8b|spd|1\n|-boost|p2a: \ud83e\udd8b\ud83e\udd8bMOTHIM\ud83e\udd8b\ud83e\udd8b|spe|1\n|move|p1a: Auromon|Blizzard|p2a: \ud83e\udd8b\ud83e\udd8bMOTHIM\ud83e\udd8b\ud83e\udd8b\n|-supereffective|p2a: \ud83e\udd8b\ud83e\udd8bMOTHIM\ud83e\udd8b\ud83e\udd8b\n|-damage|p2a: \ud83e\udd8b\ud83e\udd8bMOTHIM\ud83e\udd8b\ud83e\udd8b|0 fnt\n|faint|p2a: \ud83e\udd8b\ud83e\udd8bMOTHIM\ud83e\udd8b\ud83e\udd8b\n|\n|-weather|Snow|[upkeep]\n|upkeep\n|\n|t:|1700144929\n|switch|p2a: \ud83d\udd78VOLCARONA\ud83d\udd78\ud83e\udd8b|Volcarona, F, shiny|100\/100\n|turn|6\n|-activate|p1a: Auromon|item: Quick Claw\n|\n|t:|1700144935\n|-terastallize|p2a: \ud83d\udd78VOLCARONA\ud83d\udd78\ud83e\udd8b|Bug\n|move|p1a: Auromon|Charge Beam|p2a: \ud83d\udd78VOLCARONA\ud83d\udd78\ud83e\udd8b\n|-damage|p2a: \ud83d\udd78VOLCARONA\ud83d\udd78\ud83e\udd8b|85\/100\n|move|p2a: \ud83d\udd78VOLCARONA\ud83d\udd78\ud83e\udd8b|Quiver Dance|p2a: \ud83d\udd78VOLCARONA\ud83d\udd78\ud83e\udd8b\n|-boost|p2a: \ud83d\udd78VOLCARONA\ud83d\udd78\ud83e\udd8b|spa|1\n|-boost|p2a: \ud83d\udd78VOLCARONA\ud83d\udd78\ud83e\udd8b|spd|1\n|-boost|p2a: \ud83d\udd78VOLCARONA\ud83d\udd78\ud83e\udd8b|spe|1\n|\n|-weather|none\n|upkeep\n|turn|7\n|\n|t:|1700144947\n|move|p2a: \ud83d\udd78VOLCARONA\ud83d\udd78\ud83e\udd8b|Quiver Dance|p2a: \ud83d\udd78VOLCARONA\ud83d\udd78\ud83e\udd8b\n|-boost|p2a: \ud83d\udd78VOLCARONA\ud83d\udd78\ud83e\udd8b|spa|1\n|-boost|p2a: \ud83d\udd78VOLCARONA\ud83d\udd78\ud83e\udd8b|spd|1\n|-boost|p2a: \ud83d\udd78VOLCARONA\ud83d\udd78\ud83e\udd8b|spe|1\n|move|p1a: Auromon|Blizzard|p2a: \ud83d\udd78VOLCARONA\ud83d\udd78\ud83e\udd8b|[miss]\n|-miss|p1a: Auromon|p2a: \ud83d\udd78VOLCARONA\ud83d\udd78\ud83e\udd8b\n|\n|upkeep\n|turn|8\n|\n|t:|1700144955\n|switch|p1a: BeholdDeception!|Togekiss, M|100\/100\n|move|p2a: \ud83d\udd78VOLCARONA\ud83d\udd78\ud83e\udd8b|Quiver Dance|p2a: \ud83d\udd78VOLCARONA\ud83d\udd78\ud83e\udd8b\n|-boost|p2a: \ud83d\udd78VOLCARONA\ud83d\udd78\ud83e\udd8b|spa|1\n|-boost|p2a: \ud83d\udd78VOLCARONA\ud83d\udd78\ud83e\udd8b|spd|1\n|-boost|p2a: \ud83d\udd78VOLCARONA\ud83d\udd78\ud83e\udd8b|spe|1\n|-enditem|p1a: BeholdDeception!|Mirror Herb\n|-boost|p1a: BeholdDeception!|spa|1|[from] item: Mirror Herb\n|-boost|p1a: BeholdDeception!|spd|1|[from] item: Mirror Herb\n|-boost|p1a: BeholdDeception!|spe|1|[from] item: Mirror Herb\n|\n|upkeep\n|turn|9\n|\n|t:|1700144965\n|move|p2a: \ud83d\udd78VOLCARONA\ud83d\udd78\ud83e\udd8b|Fiery Dance|p1a: BeholdDeception!\n|-damage|p1a: BeholdDeception!|35\/100\n|-boost|p2a: \ud83d\udd78VOLCARONA\ud83d\udd78\ud83e\udd8b|spa|1\n|move|p1a: BeholdDeception!|Flamethrower|p2a: \ud83d\udd78VOLCARONA\ud83d\udd78\ud83e\udd8b\n|-supereffective|p2a: \ud83d\udd78VOLCARONA\ud83d\udd78\ud83e\udd8b\n|-damage|p2a: \ud83d\udd78VOLCARONA\ud83d\udd78\ud83e\udd8b|51\/100\n|\n|upkeep\n|turn|10\n|c|\u2606RetroGameBoy|swarm over flame body?\n|\n|t:|1700144988\n|move|p2a: \ud83d\udd78VOLCARONA\ud83d\udd78\ud83e\udd8b|Fiery Dance|p1a: BeholdDeception!\n|-damage|p1a: BeholdDeception!|0 fnt\n|faint|p1a: BeholdDeception!\n|\n|upkeep\n|\n|t:|1700144995\n|switch|p1a: Bunnymon|Lopunny, M|100\/100\n|-activate|p1a: Bunnymon|move: Sticky Web\n|-unboost|p1a: Bunnymon|spe|1\n|turn|11\n|c|\u2606INSECT-M0DE\ufe0f\u2733\ufe0f|What u think\n|\n|t:|1700145016\n|detailschange|p1a: Bunnymon|Lopunny-Mega, M\n|-mega|p1a: Bunnymon|Lopunny|Lopunnite\n|move|p1a: Bunnymon|Fake Out|p2a: \ud83d\udd78VOLCARONA\ud83d\udd78\ud83e\udd8b\n|-damage|p2a: \ud83d\udd78VOLCARONA\ud83d\udd78\ud83e\udd8b|19\/100\n|cant|p2a: \ud83d\udd78VOLCARONA\ud83d\udd78\ud83e\udd8b|flinch\n|\n|upkeep\n|turn|12\n|\n|t:|1700145025\n|switch|p1a: Auromon|Aurorus, F, shiny|100\/100 par\n|-activate|p1a: Auromon|move: Sticky Web\n|-unboost|p1a: Auromon|spe|1\n|-weather|Snow|[from] ability: Snow Warning|[of] p1a: Auromon\n|move|p2a: \ud83d\udd78VOLCARONA\ud83d\udd78\ud83e\udd8b|Fiery Dance|p1a: Auromon\n|-damage|p1a: Auromon|5\/100 par\n|\n|-weather|Snow|[upkeep]\n|upkeep\n|turn|13\n|c|\u2606RetroGameBoy|if but if you went flame body it powers up fiery dance\n|\n|t:|1700145047\n|move|p2a: \ud83d\udd78VOLCARONA\ud83d\udd78\ud83e\udd8b|Bug Buzz|p1a: Auromon\n|-damage|p1a: Auromon|0 fnt\n|faint|p1a: Auromon\n|\n|-weather|Snow|[upkeep]\n|upkeep\n|\n|t:|1700145051\n|switch|p1a: Bunnymon|Lopunny-Mega, M|100\/100\n|-activate|p1a: Bunnymon|move: Sticky Web\n|-unboost|p1a: Bunnymon|spe|1\n|turn|14\n|c|\u2606INSECT-M0DE\ufe0f\u2733\ufe0f|No it doesnt\n|\n|t:|1700145081\n|move|p1a: Bunnymon|Fake Out|p2a: \ud83d\udd78VOLCARONA\ud83d\udd78\ud83e\udd8b\n|-damage|p2a: \ud83d\udd78VOLCARONA\ud83d\udd78\ud83e\udd8b|0 fnt\n|faint|p2a: \ud83d\udd78VOLCARONA\ud83d\udd78\ud83e\udd8b\n|\n|-weather|Snow|[upkeep]\n|upkeep\n|c|\u2606RetroGameBoy|oh wait im thinking of flash fire lol\n|c|\u2606RetroGameBoy|my bad\n|\n|t:|1700145093\n|switch|p2a: \ud83e\udeb0\ud83e\udd8bYANMEGA\ud83e\udd8b\ud83e\udeb0|Yanmega, F, shiny|100\/100\n|turn|15\n|\n|t:|1700145097\n|move|p1a: Bunnymon|Thunder Punch|p2a: \ud83e\udeb0\ud83e\udd8bYANMEGA\ud83e\udd8b\ud83e\udeb0\n|-supereffective|p2a: \ud83e\udeb0\ud83e\udd8bYANMEGA\ud83e\udd8b\ud83e\udeb0\n|-damage|p2a: \ud83e\udeb0\ud83e\udd8bYANMEGA\ud83e\udd8b\ud83e\udeb0|26\/100\n|move|p2a: \ud83e\udeb0\ud83e\udd8bYANMEGA\ud83e\udd8b\ud83e\udeb0|Air Slash|p1a: Bunnymon\n|-supereffective|p1a: Bunnymon\n|-damage|p1a: Bunnymon|1\/100\n|\n|-weather|Snow|[upkeep]\n|-ability|p2a: \ud83e\udeb0\ud83e\udd8bYANMEGA\ud83e\udd8b\ud83e\udeb0|Speed Boost|boost\n|-boost|p2a: \ud83e\udeb0\ud83e\udd8bYANMEGA\ud83e\udd8b\ud83e\udeb0|spe|1\n|upkeep\n|turn|16\n|\n|t:|1700145107\n|move|p2a: \ud83e\udeb0\ud83e\udd8bYANMEGA\ud83e\udd8b\ud83e\udeb0|Air Slash|p1a: Bunnymon\n|-supereffective|p1a: Bunnymon\n|-damage|p1a: Bunnymon|0 fnt\n|faint|p1a: Bunnymon\n|\n|-weather|none\n|-ability|p2a: \ud83e\udeb0\ud83e\udd8bYANMEGA\ud83e\udd8b\ud83e\udeb0|Speed Boost|boost\n|-boost|p2a: \ud83e\udeb0\ud83e\udd8bYANMEGA\ud83e\udd8b\ud83e\udeb0|spe|1\n|upkeep\n|\n|t:|1700145112\n|switch|p1a: Baxmon|Baxcalibur, M|100\/100\n|-activate|p1a: Baxmon|move: Sticky Web\n|-unboost|p1a: Baxmon|spe|1\n|turn|17\n|\n|t:|1700145119\n|move|p2a: \ud83e\udeb0\ud83e\udd8bYANMEGA\ud83e\udd8b\ud83e\udeb0|Bug Buzz|p1a: Baxmon\n|-damage|p1a: Baxmon|43\/100\n|-enditem|p1a: Baxmon|Sitrus Berry|[eat]\n|-heal|p1a: Baxmon|68\/100|[from] item: Sitrus Berry\n|move|p1a: Baxmon|Dragon Dance|p1a: Baxmon\n|-boost|p1a: Baxmon|atk|1\n|-boost|p1a: Baxmon|spe|1\n|\n|-ability|p2a: \ud83e\udeb0\ud83e\udd8bYANMEGA\ud83e\udd8b\ud83e\udeb0|Speed Boost|boost\n|-boost|p2a: \ud83e\udeb0\ud83e\udd8bYANMEGA\ud83e\udd8b\ud83e\udeb0|spe|1\n|upkeep\n|turn|18\n|\n|t:|1700145131\n|move|p2a: \ud83e\udeb0\ud83e\udd8bYANMEGA\ud83e\udd8b\ud83e\udeb0|Bug Buzz|p1a: Baxmon\n|-damage|p1a: Baxmon|12\/100\n|move|p1a: Baxmon|Dragon Claw|p2a: \ud83e\udeb0\ud83e\udd8bYANMEGA\ud83e\udd8b\ud83e\udeb0\n|-damage|p2a: \ud83e\udeb0\ud83e\udd8bYANMEGA\ud83e\udd8b\ud83e\udeb0|0 fnt\n|faint|p2a: \ud83e\udeb0\ud83e\udd8bYANMEGA\ud83e\udd8b\ud83e\udeb0\n|\n|upkeep\n|\n|t:|1700145139\n|switch|p2a: \ud83d\udd78PINSIR\ud83e\udeb2REBORN\ud83d\udd78|Pinsir, F, shiny|100\/100\n|turn|19\n|\n|t:|1700145146\n|detailschange|p2a: \ud83d\udd78PINSIR\ud83e\udeb2REBORN\ud83d\udd78|Pinsir-Mega, F, shiny\n|-mega|p2a: \ud83d\udd78PINSIR\ud83e\udeb2REBORN\ud83d\udd78|Pinsir|Pinsirite\n|move|p2a: \ud83d\udd78PINSIR\ud83e\udeb2REBORN\ud83d\udd78|Quick Attack|p1a: Baxmon\n|-damage|p1a: Baxmon|0 fnt\n|faint|p1a: Baxmon\n|\n|upkeep\n|\n|t:|1700145150\n|switch|p1a: Beetlemon|Orbeetle, M|100\/100\n|-activate|p1a: Beetlemon|move: Sticky Web\n|-unboost|p1a: Beetlemon|spe|1\n|turn|20\n|\n|t:|1700145158\n|-terastallize|p1a: Beetlemon|Bug\n|move|p2a: \ud83d\udd78PINSIR\ud83e\udeb2REBORN\ud83d\udd78|X-Scissor|p1a: Beetlemon\n|-damage|p1a: Beetlemon|45\/100\n|move|p1a: Beetlemon|Calm Mind|p1a: Beetlemon\n|-boost|p1a: Beetlemon|spa|1\n|-boost|p1a: Beetlemon|spd|1\n|\n|upkeep\n|turn|21\n|\n|t:|1700145167\n|move|p2a: \ud83d\udd78PINSIR\ud83e\udeb2REBORN\ud83d\udd78|X-Scissor|p1a: Beetlemon\n|-damage|p1a: Beetlemon|0 fnt\n|faint|p1a: Beetlemon\n|\n|win|INSECT-M0DE\ufe0f\u2733\ufe0f\n|raw|RetroGameBoy's rating: 1089 &rarr; <strong>1061<\/strong><br \/>(-28 for losing)\n|raw|INSECT-M0DE\ufe0f\u2733\ufe0f's rating: 1022 &rarr; <strong>1066<\/strong><br \/>(+44 for winning)\n|c|\u2606RetroGameBoy|gg\n|l|\u2606RetroGameBoy\n|c|\u2606INSECT-M0DE\ufe0f\u2733\ufe0f|Bugs!\n","uploadtime":1700145198,"views":10,"p1id":"retrogameboy","p2id":"insectm0de","formatid":"gen9nationaldexubers","rating":1061,"private":0,"password":""}