{"id":"gen9nationaldexubers-1985900675","p1":"Viviexists","p2":"PsiFi","format":"[Gen 9] National Dex Ubers","log":"|j|\u2606Viviexists\n|j|\u2606PsiFi\n|t:|1699419694\n|gametype|singles\n|player|p1|Viviexists|mela|\n|player|p2|PsiFi|steven|\n|teamsize|p1|6\n|teamsize|p2|6\n|gen|9\n|tier|[Gen 9] National Dex Ubers\n|rule|HP Percentage Mod: HP is shown in percentages\n|rule|Endless Battle Clause: Forcing endless battles is banned\n|rule|OHKO Clause: OHKO moves are banned\n|rule|Evasion Moves Clause: Evasion moves are banned\n|rule|Evasion Items Clause: Evasion items are banned\n|rule|Species Clause: Limit one of each Pok\u00e9mon\n|rule|Sleep Clause Mod: Limit one foe put to sleep\n|rule|Mega Rayquaza Clause: You cannot mega evolve Rayquaza\n|clearpoke\n|poke|p1|Sinistcha|\n|poke|p1|Ting-Lu|\n|poke|p1|Sableye, F|\n|poke|p1|Skeledirge, M|\n|poke|p1|Dondozo, F|\n|poke|p1|Clefable, M|\n|poke|p2|Mimikyu, F|\n|poke|p2|Sableye, F|\n|poke|p2|Gholdengo|\n|poke|p2|Aegislash, M|\n|poke|p2|Skeledirge, F|\n|poke|p2|Zoroark-Hisui, M|\n|teampreview\n|c|\u2606PsiFi|gholdengo uber now\n|c|\u2606PsiFi|wouldve worked last month\n|c|\u2606Viviexists|Oh yeah\n|\n|t:|1699419719\n|start\n|switch|p1a: Elf|Sableye, F|100\/100\n|switch|p2a: Osiris|Sableye, F|100\/100\n|turn|1\n|c|\u2606PsiFi|spidahman point\n|\n|t:|1699419733\n|detailschange|p2a: Osiris|Sableye-Mega, F\n|-mega|p2a: Osiris|Sableye|Sablenite\n|detailschange|p1a: Elf|Sableye-Mega, F\n|-mega|p1a: Elf|Sableye|Sablenite\n|move|p1a: Elf|Knock Off|p2a: Osiris\n|-damage|p2a: Osiris|87\/100\n|move|p2a: Osiris|Taunt|p1a: Elf\n|move|p1a: Elf|Taunt|p2a: Osiris|[from]ability: Magic Bounce\n|-start|p2a: Osiris|move: Taunt\n|\n|upkeep\n|turn|2\n|\n|t:|1699419743\n|move|p1a: Elf|Knock Off|p2a: Osiris\n|-crit|p2a: Osiris\n|-damage|p2a: Osiris|67\/100\n|move|p2a: Osiris|Foul Play|p1a: Elf\n|-damage|p1a: Elf|72\/100\n|\n|upkeep\n|turn|3\n|\n|t:|1699419750\n|move|p1a: Elf|Knock Off|p2a: Osiris\n|-damage|p2a: Osiris|53\/100\n|move|p2a: Osiris|Foul Play|p1a: Elf\n|-damage|p1a: Elf|43\/100\n|\n|upkeep\n|turn|4\n|\n|t:|1699419754\n|move|p2a: Osiris|Foul Play|p1a: Elf\n|-damage|p1a: Elf|14\/100\n|move|p1a: Elf|Recover|p1a: Elf\n|-heal|p1a: Elf|64\/100\n|\n|-end|p2a: Osiris|move: Taunt\n|upkeep\n|turn|5\n|\n|t:|1699419763\n|move|p1a: Elf|Recover|p1a: Elf\n|-heal|p1a: Elf|100\/100\n|move|p2a: Osiris|Recover|p2a: Osiris\n|-heal|p2a: Osiris|100\/100\n|\n|upkeep\n|turn|6\n|\n|t:|1699419776\n|switch|p1a: Die Hard|Sinistcha|100\/100\n|move|p2a: Osiris|Foul Play|p1a: Die Hard\n|-supereffective|p1a: Die Hard\n|-damage|p1a: Die Hard|77\/100\n|\n|-heal|p1a: Die Hard|83\/100|[from] item: Leftovers\n|upkeep\n|turn|7\n|\n|t:|1699419784\n|move|p1a: Die Hard|Calm Mind|p1a: Die Hard\n|-boost|p1a: Die Hard|spa|1\n|-boost|p1a: Die Hard|spd|1\n|move|p2a: Osiris|Thunder Wave|p1a: Die Hard\n|-status|p1a: Die Hard|par\n|\n|-heal|p1a: Die Hard|90\/100 par|[from] item: Leftovers\n|upkeep\n|turn|8\n|\n|t:|1699419788\n|cant|p1a: Die Hard|par\n|move|p2a: Osiris|Taunt|p1a: Die Hard\n|-start|p1a: Die Hard|move: Taunt\n|\n|-heal|p1a: Die Hard|96\/100 par|[from] item: Leftovers\n|upkeep\n|turn|9\n|\n|t:|1699419792\n|cant|p1a: Die Hard|par\n|move|p2a: Osiris|Foul Play|p1a: Die Hard\n|-supereffective|p1a: Die Hard\n|-damage|p1a: Die Hard|71\/100 par\n|\n|-heal|p1a: Die Hard|77\/100 par|[from] item: Leftovers\n|upkeep\n|turn|10\n|\n|t:|1699419798\n|move|p1a: Die Hard|Matcha Gotcha|p2a: Osiris\n|-damage|p2a: Osiris|52\/100\n|-heal|p1a: Die Hard|99\/100 par|[from] drain|[of] p2a: Osiris\n|move|p2a: Osiris|Foul Play|p1a: Die Hard\n|-supereffective|p1a: Die Hard\n|-damage|p1a: Die Hard|74\/100 par\n|\n|-heal|p1a: Die Hard|80\/100 par|[from] item: Leftovers\n|upkeep\n|turn|11\n|\n|t:|1699419804\n|switch|p2a: Hades|Skeledirge, F|100\/100\n|move|p1a: Die Hard|Matcha Gotcha|p2a: Hades|[miss]\n|-miss|p1a: Die Hard|p2a: Hades\n|\n|-heal|p1a: Die Hard|86\/100 par|[from] item: Leftovers\n|-end|p1a: Die Hard|move: Taunt\n|upkeep\n|turn|12\n|\n|t:|1699419808\n|move|p2a: Hades|Will-O-Wisp||[still]\n|-fail|p2a: Hades\n|move|p1a: Die Hard|Shadow Ball|p2a: Hades\n|-supereffective|p2a: Hades\n|-damage|p2a: Hades|52\/100\n|-unboost|p2a: Hades|spd|1\n|\n|-heal|p2a: Hades|58\/100|[from] item: Leftovers\n|-heal|p1a: Die Hard|92\/100 par|[from] item: Leftovers\n|upkeep\n|turn|13\n|\n|t:|1699419814\n|move|p2a: Hades|Torch Song|p1a: Die Hard\n|-supereffective|p1a: Die Hard\n|-damage|p1a: Die Hard|54\/100 par\n|-boost|p2a: Hades|spa|1\n|cant|p1a: Die Hard|par\n|\n|-heal|p2a: Hades|64\/100|[from] item: Leftovers\n|-heal|p1a: Die Hard|60\/100 par|[from] item: Leftovers\n|upkeep\n|turn|14\n|\n|t:|1699419819\n|move|p2a: Hades|Torch Song|p1a: Die Hard\n|-supereffective|p1a: Die Hard\n|-damage|p1a: Die Hard|5\/100 par\n|-boost|p2a: Hades|spa|1\n|cant|p1a: Die Hard|par\n|\n|-heal|p2a: Hades|70\/100|[from] item: Leftovers\n|-heal|p1a: Die Hard|11\/100 par|[from] item: Leftovers\n|upkeep\n|turn|15\n|c|\u2606Viviexists|WHAT THE FUCK\n|c|\u2606PsiFi|para moment\n|\n|t:|1699419845\n|switch|p1a: Home Alone|Dondozo, F|100\/100\n|move|p2a: Hades|Torch Song|p1a: Home Alone\n|-resisted|p1a: Home Alone\n|-damage|p1a: Home Alone|86\/100\n|-boost|p2a: Hades|spa|1\n|\n|-heal|p2a: Hades|76\/100|[from] item: Leftovers\n|-heal|p1a: Home Alone|92\/100|[from] item: Leftovers\n|upkeep\n|turn|16\n|\n|t:|1699419852\n|move|p2a: Hades|Will-O-Wisp|p1a: Home Alone\n|-status|p1a: Home Alone|brn\n|move|p1a: Home Alone|Wave Crash|p2a: Hades\n|-supereffective|p2a: Hades\n|-damage|p2a: Hades|41\/100\n|-damage|p1a: Home Alone|82\/100 brn|[from] Recoil\n|\n|-heal|p2a: Hades|47\/100|[from] item: Leftovers\n|-heal|p1a: Home Alone|89\/100 brn|[from] item: Leftovers\n|-damage|p1a: Home Alone|82\/100 brn|[from] brn\n|upkeep\n|turn|17\n|\n|t:|1699419860\n|switch|p2a: Osiris|Sableye-Mega, F|52\/100\n|move|p1a: Home Alone|Rest|p1a: Home Alone\n|-status|p1a: Home Alone|slp|[from] move: Rest\n|-heal|p1a: Home Alone|100\/100 slp|[silent]\n|\n|upkeep\n|turn|18\n|\n|t:|1699419869\n|switch|p1a: Frosty the Snowman|Clefable, M|100\/100\n|move|p2a: Osiris|Taunt|p1a: Frosty the Snowman\n|-start|p1a: Frosty the Snowman|move: Taunt\n|\n|upkeep\n|turn|19\n|\n|t:|1699419875\n|move|p1a: Frosty the Snowman|Moonblast|p2a: Osiris\n|-supereffective|p2a: Osiris\n|-damage|p2a: Osiris|0 fnt\n|faint|p2a: Osiris\n|\n|upkeep\n|\n|t:|1699419882\n|switch|p2a: \u8d22\u795e (Caishen)|Gholdengo|100\/100\n|-item|p2a: \u8d22\u795e (Caishen)|Air Balloon\n|turn|20\n|\n|t:|1699419889\n|switch|p1a: A Christmas Carol|Skeledirge, M|100\/100\n|move|p2a: \u8d22\u795e (Caishen)|Make It Rain|p1a: A Christmas Carol\n|-resisted|p1a: A Christmas Carol\n|-damage|p1a: A Christmas Carol|77\/100\n|-unboost|p2a: \u8d22\u795e (Caishen)|spa|1\n|\n|upkeep\n|turn|21\n|\n|t:|1699419897\n|switch|p2a: Hades|Skeledirge, F|47\/100\n|move|p1a: A Christmas Carol|Torch Song|p2a: Hades\n|-resisted|p2a: Hades\n|-damage|p2a: Hades|36\/100\n|-boost|p1a: A Christmas Carol|spa|1\n|\n|-heal|p2a: Hades|42\/100|[from] item: Leftovers\n|upkeep\n|turn|22\n|\n|t:|1699419904\n|-terastallize|p1a: A Christmas Carol|Water\n|move|p1a: A Christmas Carol|Hex|p2a: Hades\n|-supereffective|p2a: Hades\n|-damage|p2a: Hades|9\/100\n|move|p2a: Hades|Hyper Voice|p1a: A Christmas Carol\n|-damage|p1a: A Christmas Carol|62\/100\n|\n|-heal|p2a: Hades|15\/100|[from] item: Leftovers\n|upkeep\n|turn|23\n|\n|t:|1699419911\n|move|p1a: A Christmas Carol|Hex|p2a: Hades\n|-supereffective|p2a: Hades\n|-damage|p2a: Hades|0 fnt\n|faint|p2a: Hades\n|\n|upkeep\n|\n|t:|1699419922\n|switch|p2a: King Arthur|Aegislash, M, shiny|100\/100\n|turn|24\n|\n|t:|1699419926\n|move|p1a: A Christmas Carol|Will-O-Wisp|p2a: King Arthur\n|-status|p2a: King Arthur|brn\n|move|p2a: King Arthur|Substitute|p2a: King Arthur\n|-start|p2a: King Arthur|Substitute\n|-damage|p2a: King Arthur|76\/100 brn\n|\n|-heal|p2a: King Arthur|82\/100 brn|[from] item: Leftovers\n|-damage|p2a: King Arthur|76\/100 brn|[from] brn\n|upkeep\n|turn|25\n|\n|t:|1699419932\n|move|p1a: A Christmas Carol|Slack Off|p1a: A Christmas Carol\n|-heal|p1a: A Christmas Carol|100\/100\n|move|p2a: King Arthur|Toxic|p1a: A Christmas Carol\n|-status|p1a: A Christmas Carol|tox\n|\n|-heal|p2a: King Arthur|82\/100 brn|[from] item: Leftovers\n|-damage|p1a: A Christmas Carol|94\/100 tox|[from] psn\n|-damage|p2a: King Arthur|76\/100 brn|[from] brn\n|upkeep\n|turn|26\n|\n|t:|1699419937\n|move|p1a: A Christmas Carol|Torch Song|p2a: King Arthur\n|-supereffective|p2a: King Arthur\n|-damage|p2a: King Arthur|24\/100 brn\n|-boost|p1a: A Christmas Carol|spa|1\n|-formechange|p2a: King Arthur|Aegislash-Blade||[from] ability: Stance Change\n|move|p2a: King Arthur|Shadow Ball|p1a: A Christmas Carol\n|-damage|p1a: A Christmas Carol|68\/100 tox\n|\n|-heal|p2a: King Arthur|30\/100 brn|[from] item: Leftovers\n|-damage|p1a: A Christmas Carol|56\/100 tox|[from] psn\n|-damage|p2a: King Arthur|24\/100 brn|[from] brn\n|upkeep\n|turn|27\n|\n|t:|1699419949\n|-formechange|p2a: King Arthur|Aegislash||[from] ability: Stance Change\n|move|p2a: King Arthur|King's Shield|p2a: King Arthur\n|-singleturn|p2a: King Arthur|Protect\n|move|p1a: A Christmas Carol|Torch Song|p2a: King Arthur\n|-activate|p2a: King Arthur|move: Protect\n|\n|-heal|p2a: King Arthur|30\/100 brn|[from] item: Leftovers\n|-damage|p1a: A Christmas Carol|38\/100 tox|[from] psn\n|-damage|p2a: King Arthur|24\/100 brn|[from] brn\n|upkeep\n|turn|28\n|\n|t:|1699419959\n|move|p2a: King Arthur|King's Shield||[still]\n|-fail|p2a: King Arthur\n|move|p1a: A Christmas Carol|Torch Song|p2a: King Arthur\n|-supereffective|p2a: King Arthur\n|-damage|p2a: King Arthur|0 fnt\n|-boost|p1a: A Christmas Carol|spa|1\n|faint|p2a: King Arthur\n|\n|-damage|p1a: A Christmas Carol|13\/100 tox|[from] psn\n|upkeep\n|\n|t:|1699419967\n|switch|p2a: Black Hole|Mimikyu, F, shiny|100\/100\n|turn|29\n|\n|t:|1699419971\n|switch|p1a: Die Hard|Sinistcha|11\/100 par\n|move|p2a: Black Hole|Shadow Ball|p1a: Die Hard\n|-supereffective|p1a: Die Hard\n|-crit|p1a: Die Hard\n|-damage|p1a: Die Hard|0 fnt\n|faint|p1a: Die Hard\n|\n|upkeep\n|\n|t:|1699419975\n|switch|p1a: Frosty the Snowman|Clefable, M|100\/100\n|turn|30\n|\n|t:|1699419993\n|switch|p2a: Black Hole|Mimikyu, F, shiny|100\/100\n|move|p1a: Frosty the Snowman|Heal Bell|p1a: Frosty the Snowman\n|-activate|p1a: Frosty the Snowman|move: Heal Bell\n|-curestatus|p1: A Christmas Carol|tox|[msg]\n|-curestatus|p1: Home Alone|slp|[msg]\n|\n|upkeep\n|turn|31\n|\n|t:|1699420013\n|move|p2a: Black Hole|Swords Dance|p2a: Black Hole\n|-boost|p2a: Black Hole|atk|2\n|move|p1a: Frosty the Snowman|Knock Off|p2a: Black Hole\n|-activate|p2a: Black Hole|ability: Disguise\n|-damage|p2a: Black Hole|100\/100\n|detailschange|p2a: Black Hole|Mimikyu-Busted, F, shiny\n|-damage|p2a: Black Hole|88\/100|[from] pokemon: Mimikyu-Busted\n|\n|upkeep\n|turn|32\n|\n|t:|1699420025\n|switch|p1a: Home Alone|Dondozo, F|100\/100\n|-zpower|p2a: Black Hole\n|move|p2a: Black Hole|Let's Snuggle Forever|p1a: Home Alone|[zeffect]\n|-damage|p1a: Home Alone|65\/100\n|\n|-heal|p1a: Home Alone|72\/100|[from] item: Leftovers\n|upkeep\n|turn|33\n|\n|t:|1699420039\n|move|p2a: Black Hole|Play Rough|p1a: Home Alone\n|-damage|p1a: Home Alone|56\/100\n|move|p1a: Home Alone|Wave Crash|p2a: Black Hole\n|-damage|p2a: Black Hole|20\/100\n|-damage|p1a: Home Alone|45\/100|[from] Recoil\n|\n|-heal|p1a: Home Alone|51\/100|[from] item: Leftovers\n|upkeep\n|turn|34\n|\n|t:|1699420046\n|move|p2a: Black Hole|Play Rough|p1a: Home Alone\n|-damage|p1a: Home Alone|34\/100\n|move|p1a: Home Alone|Rest|p1a: Home Alone\n|-status|p1a: Home Alone|slp|[from] move: Rest\n|-heal|p1a: Home Alone|100\/100 slp|[silent]\n|\n|upkeep\n|turn|35\n|\n|t:|1699420049\n|move|p2a: Black Hole|Play Rough|p1a: Home Alone\n|-damage|p1a: Home Alone|83\/100 slp\n|-unboost|p1a: Home Alone|atk|1\n|cant|p1a: Home Alone|slp\n|move|p1a: Home Alone|Sleep Talk|p1a: Home Alone\n|move|p1a: Home Alone|Rest||[from]move: Sleep Talk|[still]\n|-fail|p1a: Home Alone\n|\n|-heal|p1a: Home Alone|89\/100 slp|[from] item: Leftovers\n|upkeep\n|turn|36\n|\n|t:|1699420055\n|move|p2a: Black Hole|Drain Punch|p1a: Home Alone\n|-damage|p1a: Home Alone|80\/100 slp\n|-heal|p2a: Black Hole|30\/100|[from] drain|[of] p1a: Home Alone\n|cant|p1a: Home Alone|slp\n|move|p1a: Home Alone|Sleep Talk|p1a: Home Alone\n|move|p1a: Home Alone|Curse|p1a: Home Alone|[from]move: Sleep Talk\n|-unboost|p1a: Home Alone|spe|1\n|-boost|p1a: Home Alone|atk|1\n|-boost|p1a: Home Alone|def|1\n|\n|-heal|p1a: Home Alone|86\/100 slp|[from] item: Leftovers\n|upkeep\n|turn|37\n|\n|t:|1699420063\n|move|p2a: Black Hole|Drain Punch|p1a: Home Alone\n|-damage|p1a: Home Alone|79\/100 slp\n|-heal|p2a: Black Hole|36\/100|[from] drain|[of] p1a: Home Alone\n|-curestatus|p1a: Home Alone|slp|[msg]\n|move|p1a: Home Alone|Wave Crash|p2a: Black Hole\n|-damage|p2a: Black Hole|0 fnt\n|faint|p2a: Black Hole\n|-damage|p1a: Home Alone|74\/100|[from] Recoil\n|\n|-heal|p1a: Home Alone|80\/100|[from] item: Leftovers\n|upkeep\n|\n|t:|1699420073\n|switch|p2a: \u8d22\u795e (Caishen)|Gholdengo|100\/100\n|-item|p2a: \u8d22\u795e (Caishen)|Air Balloon\n|turn|38\n|\n|t:|1699420079\n|switch|p1a: Rudolph|Ting-Lu|100\/100\n|-ability|p1a: Rudolph|Vessel of Ruin\n|move|p2a: \u8d22\u795e (Caishen)|Shadow Ball|p1a: Rudolph\n|-resisted|p1a: Rudolph\n|-damage|p1a: Rudolph|91\/100\n|\n|-heal|p1a: Rudolph|97\/100|[from] item: Leftovers\n|upkeep\n|turn|39\n|\n|t:|1699420089\n|switch|p1a: Elf|Sableye-Mega, F|100\/100\n|move|p2a: \u8d22\u795e (Caishen)|Nasty Plot|p2a: \u8d22\u795e (Caishen)\n|-boost|p2a: \u8d22\u795e (Caishen)|spa|2\n|\n|upkeep\n|turn|40\n|\n|t:|1699420093\n|move|p2a: \u8d22\u795e (Caishen)|Dazzling Gleam|p1a: Elf\n|-supereffective|p1a: Elf\n|-damage|p1a: Elf|13\/100\n|move|p1a: Elf|Knock Off|p2a: \u8d22\u795e (Caishen)\n|-supereffective|p2a: \u8d22\u795e (Caishen)\n|-damage|p2a: \u8d22\u795e (Caishen)|32\/100\n|-enditem|p2a: \u8d22\u795e (Caishen)|Air Balloon\n|\n|upkeep\n|turn|41\n|\n|t:|1699420100\n|move|p2a: \u8d22\u795e (Caishen)|Dazzling Gleam|p1a: Elf\n|-supereffective|p1a: Elf\n|-damage|p1a: Elf|0 fnt\n|faint|p1a: Elf\n|\n|upkeep\n|\n|t:|1699420107\n|switch|p1a: Rudolph|Ting-Lu|97\/100\n|-ability|p1a: Rudolph|Vessel of Ruin\n|turn|42\n|\n|t:|1699420112\n|move|p2a: \u8d22\u795e (Caishen)|Dazzling Gleam|p1a: Rudolph\n|-supereffective|p1a: Rudolph\n|-damage|p1a: Rudolph|51\/100\n|move|p1a: Rudolph|Earthquake|p2a: \u8d22\u795e (Caishen)\n|-supereffective|p2a: \u8d22\u795e (Caishen)\n|-damage|p2a: \u8d22\u795e (Caishen)|0 fnt\n|faint|p2a: \u8d22\u795e (Caishen)\n|\n|-heal|p1a: Rudolph|57\/100|[from] item: Leftovers\n|upkeep\n|\n|t:|1699420117\n|switch|p2a: Loki|Zoroark-Hisui, M, shiny|100\/100\n|turn|43\n|\n|t:|1699420124\n|move|p2a: Loki|Trick|p1a: Rudolph\n|-activate|p2a: Loki|move: Trick|[of] p1a: Rudolph\n|-item|p1a: Rudolph|Choice Specs|[from] move: Trick\n|-item|p2a: Loki|Leftovers|[from] move: Trick\n|move|p1a: Rudolph|Earthquake|p2a: Loki\n|-damage|p2a: Loki|27\/100\n|\n|-heal|p2a: Loki|33\/100|[from] item: Leftovers\n|upkeep\n|turn|44\n|\n|t:|1699420130\n|move|p2a: Loki|Focus Blast|p1a: Rudolph|[miss]\n|-miss|p2a: Loki|p1a: Rudolph\n|move|p1a: Rudolph|Earthquake|p2a: Loki\n|-damage|p2a: Loki|0 fnt\n|faint|p2a: Loki\n|\n|win|Viviexists\n|c|\u2606Viviexists|Gg\n|c|\u2606PsiFi|gg\n","uploadtime":1699420140,"views":12,"p1id":"viviexists","p2id":"psifi","formatid":"gen9nationaldexubers","rating":0,"private":0,"password":""}