{"id":"gen9nationaldexubers-1999650789","p1":"TylerEX22","p2":"CangYuLiuSu","format":"[Gen 9] National Dex Ubers","log":"|j|\u2606TylerEX22\n|j|\u2606CangYuLiuSu\n|t:|1701104628\n|gametype|singles\n|player|p1|TylerEX22|hilbert|1058\n|player|p2|CangYuLiuSu|265|1015\n|teamsize|p1|6\n|teamsize|p2|6\n|gen|9\n|tier|[Gen 9] National Dex Ubers\n|rated|\n|rule|HP Percentage Mod: HP is shown in percentages\n|rule|Endless Battle Clause: Forcing endless battles is banned\n|rule|OHKO Clause: OHKO moves are banned\n|rule|Evasion Moves Clause: Evasion moves are banned\n|rule|Evasion Items Clause: Evasion items are banned\n|rule|Species Clause: Limit one of each Pok\u00e9mon\n|rule|Sleep Clause Mod: Limit one foe put to sleep\n|rule|Mega Rayquaza Clause: You cannot mega evolve Rayquaza\n|clearpoke\n|poke|p1|Latias, F|\n|poke|p1|Sceptile, F|\n|poke|p1|Braviary-Hisui, M|\n|poke|p1|Moltres|\n|poke|p1|Diancie|\n|poke|p1|Banette, F|\n|poke|p2|Kyogre|\n|poke|p2|Carnivine, M|\n|poke|p2|Runerigus, F|\n|poke|p2|Dragonite, F|\n|poke|p2|Sceptile, F|\n|poke|p2|Swoobat, F|\n|teampreview\n|inactive|Battle timer is ON: inactive players will automatically lose when time's up. (requested by CangYuLiuSu)\n|inactive|CangYuLiuSu has 120 seconds left.\n|\n|t:|1701104668\n|start\n|switch|p1a: Sceptile|Sceptile, F|100\/100\n|switch|p2a: Swoobat|Swoobat, F|100\/100\n|turn|1\n|\n|t:|1701104680\n|switch|p1a: Diancie|Diancie|100\/100\n|move|p2a: Swoobat|Trick Room|p2a: Swoobat\n|-fieldstart|move: Trick Room|[of] p2a: Swoobat\n|\n|upkeep\n|turn|2\n|\n|t:|1701104693\n|move|p1a: Diancie|Ancient Power|p2a: Swoobat\n|-supereffective|p2a: Swoobat\n|-damage|p2a: Swoobat|56\/100\n|-enditem|p2a: Swoobat|Eject Button\n|\n|t:|1701104699\n|switch|p2a: Carnivine|Carnivine, M|100\/100\n|\n|upkeep\n|turn|3\n|\n|t:|1701104708\n|move|p1a: Diancie|Protect|p1a: Diancie\n|-singleturn|p1a: Diancie|Protect\n|move|p2a: Carnivine|Power Whip|p1a: Diancie\n|-activate|p1a: Diancie|move: Protect\n|\n|upkeep\n|turn|4\n|inactive|CangYuLiuSu has 120 seconds left.\n|\n|t:|1701104754\n|move|p2a: Carnivine|Power Whip|p1a: Diancie\n|-supereffective|p1a: Diancie\n|-damage|p1a: Diancie|0 fnt\n|faint|p1a: Diancie\n|-damage|p2a: Carnivine|91\/100|[from] item: Life Orb\n|\n|upkeep\n|\n|t:|1701104767\n|switch|p1a: Moltres|Moltres, shiny|100\/100\n|-ability|p1a: Moltres|Pressure\n|turn|5\n|\n|t:|1701104772\n|switch|p2a: Swoobat|Swoobat, F|56\/100\n|move|p1a: Moltres|Flare Blitz|p2a: Swoobat\n|-damage|p2a: Swoobat|0 fnt\n|faint|p2a: Swoobat\n|-damage|p1a: Moltres|84\/100|[from] Recoil\n|\n|-heal|p1a: Moltres|91\/100|[from] item: Leftovers\n|-fieldend|move: Trick Room\n|upkeep\n|inactive|CangYuLiuSu has 120 seconds left.\n|\n|t:|1701104781\n|switch|p2a: Runerigus|Runerigus, F|100\/100\n|turn|6\n|\n|t:|1701104786\n|move|p1a: Moltres|U-turn|p2a: Runerigus\n|-resisted|p2a: Runerigus\n|-damage|p2a: Runerigus|94\/100\n|-activate|p2a: Runerigus|ability: Wandering Spirit|Pressure|Wandering Spirit|[of] p1a: Moltres\n|-ability|p2a: Runerigus|Pressure\n|\n|t:|1701104793\n|switch|p1a: Banette|Banette, F, shiny|100\/100|[from] U-turn\n|move|p2a: Runerigus|Trick Room|p2a: Runerigus\n|-fieldstart|move: Trick Room|[of] p2a: Runerigus\n|\n|-heal|p2a: Runerigus|99\/100|[from] item: Leftovers\n|upkeep\n|turn|7\n|\n|t:|1701104804\n|switch|p2a: Kyogre|Kyogre|100\/100\n|-weather|RainDance|[from] ability: Drizzle|[of] p2a: Kyogre\n|move|p1a: Banette|Toxic|p2a: Kyogre\n|-status|p2a: Kyogre|tox\n|\n|-weather|RainDance|[upkeep]\n|-damage|p2a: Kyogre|94\/100 tox|[from] psn\n|upkeep\n|turn|8\n|\n|t:|1701104813\n|move|p1a: Banette|Confuse Ray|p2a: Kyogre\n|-start|p2a: Kyogre|confusion\n|-activate|p2a: Kyogre|confusion\n|move|p2a: Kyogre|Water Spout|p1a: Banette\n|-damage|p1a: Banette|0 fnt\n|faint|p1a: Banette\n|\n|-weather|RainDance|[upkeep]\n|-damage|p2a: Kyogre|82\/100 tox|[from] psn\n|upkeep\n|\n|t:|1701104816\n|switch|p1a: Sceptile|Sceptile, F|100\/100\n|turn|9\n|\n|t:|1701104834\n|switch|p2a: Dragonite|Dragonite, F|100\/100\n|detailschange|p1a: Sceptile|Sceptile-Mega, F\n|-mega|p1a: Sceptile|Sceptile|Sceptilite\n|move|p1a: Sceptile|Substitute|p1a: Sceptile\n|-start|p1a: Sceptile|Substitute\n|-damage|p1a: Sceptile|76\/100\n|\n|-weather|RainDance|[upkeep]\n|upkeep\n|turn|10\n|\n|t:|1701104852\n|move|p2a: Dragonite|Dragon Claw|p1a: Sceptile\n|-supereffective|p1a: Sceptile\n|-end|p1a: Sceptile|Substitute\n|move|p1a: Sceptile|Leech Seed|p2a: Dragonite\n|-start|p2a: Dragonite|move: Leech Seed\n|\n|-weather|RainDance|[upkeep]\n|-damage|p2a: Dragonite|88\/100|[from] Leech Seed|[of] p1a: Sceptile\n|-heal|p1a: Sceptile|93\/100|[silent]\n|-fieldend|move: Trick Room\n|upkeep\n|turn|11\n|\n|t:|1701104864\n|switch|p1a: Moltres|Moltres, shiny|91\/100\n|-ability|p1a: Moltres|Pressure\n|move|p2a: Dragonite|Defog|p1a: Moltres\n|-unboost|p1a: Moltres|evasion|1\n|\n|-weather|none\n|-heal|p1a: Moltres|97\/100|[from] item: Leftovers\n|-damage|p2a: Dragonite|76\/100|[from] Leech Seed|[of] p1a: Moltres\n|-heal|p1a: Moltres|100\/100|[silent]\n|upkeep\n|turn|12\n|\n|t:|1701104874\n|switch|p2a: Runerigus|Runerigus, F|99\/100\n|move|p1a: Moltres|Brave Bird|p2a: Runerigus\n|-damage|p2a: Runerigus|64\/100\n|-activate|p2a: Runerigus|ability: Wandering Spirit|Pressure|Wandering Spirit|[of] p1a: Moltres\n|-ability|p2a: Runerigus|Pressure\n|-damage|p1a: Moltres|91\/100|[from] Recoil\n|\n|-heal|p1a: Moltres|97\/100|[from] item: Leftovers\n|-heal|p2a: Runerigus|70\/100|[from] item: Leftovers\n|upkeep\n|turn|13\n|\n|t:|1701104886\n|move|p1a: Moltres|U-turn|p2a: Runerigus\n|-resisted|p2a: Runerigus\n|-damage|p2a: Runerigus|63\/100\n|\n|t:|1701104889\n|switch|p1a: Braviary|Braviary-Hisui, M, shiny|100\/100|[from] U-turn\n|move|p2a: Runerigus|Stealth Rock|p1a: Braviary\n|-sidestart|p1: TylerEX22|move: Stealth Rock\n|\n|-heal|p2a: Runerigus|69\/100|[from] item: Leftovers\n|upkeep\n|turn|14\n|\n|t:|1701104897\n|move|p1a: Braviary|Toxic|p2a: Runerigus\n|-status|p2a: Runerigus|tox\n|move|p2a: Runerigus|Trick Room|p2a: Runerigus\n|-fieldstart|move: Trick Room|[of] p2a: Runerigus\n|\n|-heal|p2a: Runerigus|75\/100 tox|[from] item: Leftovers\n|-damage|p2a: Runerigus|69\/100 tox|[from] psn\n|upkeep\n|turn|15\n|\n|t:|1701104913\n|switch|p2a: Kyogre|Kyogre|82\/100 tox\n|-weather|RainDance|[from] ability: Drizzle|[of] p2a: Kyogre\n|move|p1a: Braviary|Bulk Up|p1a: Braviary\n|-boost|p1a: Braviary|atk|1\n|-boost|p1a: Braviary|def|1\n|\n|-weather|RainDance|[upkeep]\n|-damage|p2a: Kyogre|76\/100 tox|[from] psn\n|upkeep\n|turn|16\n|inactiveoff|Battle timer is now OFF.\n|inactive|Battle timer is ON: inactive players will automatically lose when time's up. (requested by CangYuLiuSu)\n|inactive|TylerEX22 has 120 seconds left.\n|\n|t:|1701104986\n|move|p1a: Braviary|Bulk Up|p1a: Braviary\n|-boost|p1a: Braviary|atk|1\n|-boost|p1a: Braviary|def|1\n|move|p2a: Kyogre|Ice Beam|p1a: Braviary\n|-supereffective|p1a: Braviary\n|-damage|p1a: Braviary|45\/100\n|\n|-weather|RainDance|[upkeep]\n|-heal|p1a: Braviary|51\/100|[from] item: Leftovers\n|-damage|p2a: Kyogre|64\/100 tox|[from] psn\n|upkeep\n|turn|17\n|\n|t:|1701104996\n|move|p1a: Braviary|Roost|p1a: Braviary\n|-heal|p1a: Braviary|100\/100\n|-singleturn|p1a: Braviary|move: Roost\n|move|p2a: Kyogre|Ice Beam|p1a: Braviary\n|-damage|p1a: Braviary|71\/100\n|\n|-weather|RainDance|[upkeep]\n|-heal|p1a: Braviary|77\/100|[from] item: Leftovers\n|-damage|p2a: Kyogre|45\/100 tox|[from] psn\n|upkeep\n|turn|18\n|\n|t:|1701105007\n|switch|p2a: Runerigus|Runerigus, F|69\/100 tox\n|move|p1a: Braviary|Dual Wingbeat|p2a: Runerigus\n|-damage|p2a: Runerigus|52\/100 tox\n|-activate|p2a: Runerigus|ability: Wandering Spirit|Sheer Force|Wandering Spirit|[of] p1a: Braviary\n|-damage|p2a: Runerigus|35\/100 tox\n|-hitcount|p2a: Runerigus|2\n|\n|-weather|RainDance|[upkeep]\n|-heal|p2a: Runerigus|41\/100 tox|[from] item: Leftovers\n|-heal|p1a: Braviary|83\/100|[from] item: Leftovers\n|-damage|p2a: Runerigus|35\/100 tox|[from] psn\n|-fieldend|move: Trick Room\n|upkeep\n|turn|19\n|\n|t:|1701105029\n|move|p1a: Braviary|Bulk Up|p1a: Braviary\n|-boost|p1a: Braviary|atk|1\n|-boost|p1a: Braviary|def|1\n|move|p2a: Runerigus|Trick Room|p2a: Runerigus\n|-fieldstart|move: Trick Room|[of] p2a: Runerigus\n|\n|-weather|none\n|-heal|p2a: Runerigus|41\/100 tox|[from] item: Leftovers\n|-heal|p1a: Braviary|89\/100|[from] item: Leftovers\n|-damage|p2a: Runerigus|29\/100 tox|[from] psn\n|upkeep\n|turn|20\n|\n|t:|1701105043\n|move|p2a: Runerigus|Will-O-Wisp|p1a: Braviary\n|-status|p1a: Braviary|brn\n|move|p1a: Braviary|Dual Wingbeat|p2a: Runerigus\n|-damage|p2a: Runerigus|18\/100 tox\n|-damage|p2a: Runerigus|7\/100 tox\n|-hitcount|p2a: Runerigus|2\n|\n|-heal|p2a: Runerigus|14\/100 tox|[from] item: Leftovers\n|-heal|p1a: Braviary|95\/100 brn|[from] item: Leftovers\n|-damage|p2a: Runerigus|0 fnt|[from] psn\n|faint|p2a: Runerigus\n|-damage|p1a: Braviary|89\/100 brn|[from] brn\n|upkeep\n|\n|t:|1701105058\n|switch|p2a: Kyogre|Kyogre|45\/100 tox\n|-weather|RainDance|[from] ability: Drizzle|[of] p2a: Kyogre\n|turn|21\n|inactive|TylerEX22 has 120 seconds left.\n|inactive|TylerEX22 has 90 seconds left.\n|\n|t:|1701105120\n|move|p1a: Braviary|Bulk Up|p1a: Braviary\n|-boost|p1a: Braviary|atk|1\n|-boost|p1a: Braviary|def|1\n|move|p2a: Kyogre|Thunder|p1a: Braviary\n|-supereffective|p1a: Braviary\n|-damage|p1a: Braviary|19\/100 brn\n|\n|-weather|RainDance|[upkeep]\n|-heal|p1a: Braviary|25\/100 brn|[from] item: Leftovers\n|-damage|p2a: Kyogre|39\/100 tox|[from] psn\n|-damage|p1a: Braviary|19\/100 brn|[from] brn\n|upkeep\n|turn|22\n|\n|t:|1701105131\n|move|p1a: Braviary|Dual Wingbeat|p2a: Kyogre|[miss]\n|-miss|p1a: Braviary|p2a: Kyogre\n|move|p2a: Kyogre|Thunder|p1a: Braviary\n|-supereffective|p1a: Braviary\n|-damage|p1a: Braviary|0 fnt\n|faint|p1a: Braviary\n|\n|-weather|RainDance|[upkeep]\n|-damage|p2a: Kyogre|27\/100 tox|[from] psn\n|upkeep\n|inactive|TylerEX22 has 90 seconds left.\n|\n|t:|1701105153\n|switch|p1a: Sceptile|Sceptile-Mega, F|93\/100\n|-damage|p1a: Sceptile|80\/100|[from] Stealth Rock\n|turn|23\n|\n|t:|1701105164\n|switch|p2a: Sceptile|Sceptile, F|100\/100\n|move|p1a: Sceptile|Substitute|p1a: Sceptile\n|-start|p1a: Sceptile|Substitute\n|-damage|p1a: Sceptile|55\/100\n|\n|-weather|RainDance|[upkeep]\n|-fieldend|move: Trick Room\n|upkeep\n|turn|24\n|\n|t:|1701105172\n|move|p1a: Sceptile|Toxic|p2a: Sceptile\n|-status|p2a: Sceptile|tox\n|move|p2a: Sceptile|Dragon Pulse|p1a: Sceptile\n|-supereffective|p1a: Sceptile\n|-end|p1a: Sceptile|Substitute\n|\n|-weather|RainDance|[upkeep]\n|-damage|p2a: Sceptile|94\/100 tox|[from] psn\n|upkeep\n|turn|25\n|inactive|TylerEX22 has 90 seconds left.\n|\n|t:|1701105216\n|switch|p2a: Kyogre|Kyogre|27\/100 tox\n|move|p1a: Sceptile|Substitute|p1a: Sceptile\n|-start|p1a: Sceptile|Substitute\n|-damage|p1a: Sceptile|30\/100\n|\n|-weather|none\n|-damage|p2a: Kyogre|20\/100 tox|[from] psn\n|upkeep\n|turn|26\n|\n|t:|1701105227\n|move|p1a: Sceptile|Leech Seed|p2a: Kyogre\n|-start|p2a: Kyogre|move: Leech Seed\n|move|p2a: Kyogre|Ice Beam|p1a: Sceptile\n|-supereffective|p1a: Sceptile\n|-end|p1a: Sceptile|Substitute\n|\n|-damage|p2a: Kyogre|8\/100 tox|[from] Leech Seed|[of] p1a: Sceptile\n|-heal|p1a: Sceptile|45\/100|[silent]\n|-damage|p2a: Kyogre|0 fnt|[from] psn\n|faint|p2a: Kyogre\n|upkeep\n|\n|t:|1701105236\n|switch|p2a: Dragonite|Dragonite, F|76\/100\n|turn|27\n|inactive|TylerEX22 has 60 seconds left.\n|\n|t:|1701105260\n|move|p1a: Sceptile|Toxic|p2a: Dragonite\n|-status|p2a: Dragonite|tox\n|move|p2a: Dragonite|Dragon Claw|p1a: Sceptile\n|-supereffective|p1a: Sceptile\n|-damage|p1a: Sceptile|0 fnt\n|faint|p1a: Sceptile\n|\n|-damage|p2a: Dragonite|69\/100 tox|[from] psn\n|upkeep\n|\n|t:|1701105263\n|switch|p1a: Moltres|Moltres, shiny|97\/100\n|-damage|p1a: Moltres|47\/100|[from] Stealth Rock\n|-ability|p1a: Moltres|Pressure\n|turn|28\n|\n|t:|1701105273\n|move|p1a: Moltres|Roost|p1a: Moltres\n|-heal|p1a: Moltres|97\/100\n|-singleturn|p1a: Moltres|move: Roost\n|move|p2a: Dragonite|Dragon Claw|p1a: Moltres\n|-damage|p1a: Moltres|53\/100\n|\n|-heal|p1a: Moltres|59\/100|[from] item: Leftovers\n|-damage|p2a: Dragonite|57\/100 tox|[from] psn\n|upkeep\n|turn|29\n|\n|t:|1701105283\n|move|p2a: Dragonite|Extreme Speed|p1a: Moltres\n|-damage|p1a: Moltres|33\/100\n|move|p1a: Moltres|Roost|p1a: Moltres\n|-heal|p1a: Moltres|83\/100\n|-singleturn|p1a: Moltres|move: Roost\n|\n|-heal|p1a: Moltres|89\/100|[from] item: Leftovers\n|-damage|p2a: Dragonite|38\/100 tox|[from] psn\n|upkeep\n|turn|30\n|inactive|TylerEX22 has 90 seconds left.\n|inactive|TylerEX22 has 60 seconds left.\n|\n|t:|1701105323\n|move|p1a: Moltres|Roost|p1a: Moltres\n|-heal|p1a: Moltres|100\/100\n|-singleturn|p1a: Moltres|move: Roost\n|move|p2a: Dragonite|Dragon Claw|p1a: Moltres\n|-damage|p1a: Moltres|61\/100\n|\n|-heal|p1a: Moltres|68\/100|[from] item: Leftovers\n|-damage|p2a: Dragonite|13\/100 tox|[from] psn\n|upkeep\n|turn|31\n|\n|t:|1701105335\n|move|p1a: Moltres|Roost|p1a: Moltres\n|-heal|p1a: Moltres|100\/100\n|-singleturn|p1a: Moltres|move: Roost\n|move|p2a: Dragonite|Roost|p2a: Dragonite\n|-heal|p2a: Dragonite|63\/100 tox\n|-singleturn|p2a: Dragonite|move: Roost\n|\n|-damage|p2a: Dragonite|32\/100 tox|[from] psn\n|upkeep\n|turn|32\n|inactive|TylerEX22 has 60 seconds left.\n|inactive|TylerEX22 has 30 seconds left.\n|inactive|TylerEX22 has 20 seconds left.\n|inactive|TylerEX22 has 15 seconds left.\n|inactive|TylerEX22 has 10 seconds left.\n|inactive|TylerEX22 has 5 seconds left.\n|\n|t:|1701105405\n|move|p1a: Moltres|Brave Bird|p2a: Dragonite\n|-damage|p2a: Dragonite|0 fnt\n|faint|p2a: Dragonite\n|-damage|p1a: Moltres|90\/100|[from] Recoil\n|\n|-heal|p1a: Moltres|96\/100|[from] item: Leftovers\n|upkeep\n|inactive|TylerEX22 has 10 seconds left this turn.\n|\n|t:|1701105412\n|switch|p2a: Sceptile|Sceptile, F|94\/100 tox\n|turn|33\n|inactive|TylerEX22 has 20 seconds left this turn.\n|inactive|TylerEX22 has 15 seconds left.\n|\n|t:|1701105418\n|detailschange|p2a: Sceptile|Sceptile-Mega, F\n|-mega|p2a: Sceptile|Sceptile|Sceptilite\n|move|p2a: Sceptile|Dragon Pulse|p1a: Moltres\n|-damage|p1a: Moltres|48\/100\n|move|p1a: Moltres|Brave Bird|p2a: Sceptile\n|-supereffective|p2a: Sceptile\n|-crit|p2a: Sceptile\n|-damage|p2a: Sceptile|0 fnt\n|faint|p2a: Sceptile\n|-damage|p1a: Moltres|26\/100|[from] Recoil\n|\n|-heal|p1a: Moltres|32\/100|[from] item: Leftovers\n|upkeep\n|inactive|TylerEX22 has 20 seconds left this turn.\n|\n|t:|1701105430\n|switch|p2a: Carnivine|Carnivine, M|91\/100\n|turn|34\n|inactive|TylerEX22 has 30 seconds left this turn.\n|\n|t:|1701105434\n|move|p1a: Moltres|Roost|p1a: Moltres\n|-heal|p1a: Moltres|82\/100\n|-singleturn|p1a: Moltres|move: Roost\n|move|p2a: Carnivine|Power Whip|p1a: Moltres\n|-resisted|p1a: Moltres\n|-damage|p1a: Moltres|50\/100\n|-damage|p2a: Carnivine|81\/100|[from] item: Life Orb\n|\n|-heal|p1a: Moltres|56\/100|[from] item: Leftovers\n|upkeep\n|turn|35\n|\n|t:|1701105443\n|move|p1a: Moltres|Roost|p1a: Moltres\n|-heal|p1a: Moltres|100\/100\n|-singleturn|p1a: Moltres|move: Roost\n|move|p2a: Carnivine|Power Whip|p1a: Moltres\n|-resisted|p1a: Moltres\n|-damage|p1a: Moltres|69\/100\n|-damage|p2a: Carnivine|71\/100|[from] item: Life Orb\n|\n|-heal|p1a: Moltres|75\/100|[from] item: Leftovers\n|upkeep\n|turn|36\n|\n|t:|1701105453\n|move|p1a: Moltres|Flare Blitz|p2a: Carnivine\n|-supereffective|p2a: Carnivine\n|-damage|p2a: Carnivine|0 fnt\n|faint|p2a: Carnivine\n|-damage|p1a: Moltres|54\/100|[from] Recoil\n|\n|win|TylerEX22\n|raw|TylerEX22's rating: 1036 &rarr; <strong>1069<\/strong><br \/>(+33 for winning)\n|raw|CangYuLiuSu's rating: 1015 &rarr; <strong>1003<\/strong><br \/>(-12 for losing)\n","uploadtime":1701105460,"views":5,"p1id":"tylerex22","p2id":"cangyuliusu","formatid":"gen9nationaldexubers","rating":1003,"private":0,"password":""}