{"id":"gen9nationaldexubers-1978388544","p1":"megagagme","p2":"incineroarcringe","format":"[Gen 9] National Dex Ubers","log":"|j|\u2606megagagme\n|j|\u2606incineroarcringe\n|t:|1698532602\n|gametype|singles\n|player|p1|megagagme|scientistf|1345\n|player|p2|incineroarcringe|iris|1289\n|teamsize|p1|6\n|teamsize|p2|6\n|gen|9\n|tier|[Gen 9] National Dex Ubers\n|rated|\n|rule|HP Percentage Mod: HP is shown in percentages\n|rule|Endless Battle Clause: Forcing endless battles is banned\n|rule|OHKO Clause: OHKO moves are banned\n|rule|Evasion Moves Clause: Evasion moves are banned\n|rule|Evasion Items Clause: Evasion items are banned\n|rule|Species Clause: Limit one of each Pok\u00e9mon\n|rule|Sleep Clause Mod: Limit one foe put to sleep\n|rule|Mega Rayquaza Clause: You cannot mega evolve Rayquaza\n|clearpoke\n|poke|p1|Marshadow|\n|poke|p1|Hitmonlee, M|\n|poke|p1|Kingambit, F|\n|poke|p1|Kyurem-Black|\n|poke|p1|Chien-Pao|\n|poke|p1|Glimmora, M|\n|poke|p2|Espathra, M|\n|poke|p2|Rayquaza|\n|poke|p2|Lugia|\n|poke|p2|Kyogre|\n|poke|p2|Groudon|\n|poke|p2|Yveltal|\n|teampreview\n|inactive|Battle timer is ON: inactive players will automatically lose when time's up. (requested by incineroarcringe)\n|inactive|megagagme also wants the timer to be on.\n|\n|t:|1698532618\n|start\n|switch|p1a: Glimmora|Glimmora, M, shiny|100\/100\n|switch|p2a: Groudon|Groudon|100\/100\n|detailschange|p2a: Groudon|Groudon-Primal\n|-primal|p2a: Groudon|Red Orb\n|-weather|DesolateLand|[from] ability: Desolate Land|[of] p2a: Groudon\n|turn|1\n|\n|t:|1698532627\n|move|p1a: Glimmora|Stealth Rock|p2a: Groudon\n|-sidestart|p2: incineroarcringe|move: Stealth Rock\n|move|p2a: Groudon|Stealth Rock|p1a: Glimmora\n|-sidestart|p1: megagagme|move: Stealth Rock\n|\n|-weather|DesolateLand|[upkeep]\n|upkeep\n|turn|2\n|\n|t:|1698532631\n|move|p1a: Glimmora|Mortal Spin|p2a: Groudon\n|-resisted|p2a: Groudon\n|-crit|p2a: Groudon\n|-damage|p2a: Groudon|98\/100\n|-status|p2a: Groudon|psn\n|-sideend|p1: megagagme|Stealth Rock|[from] move: Mortal Spin|[of] p1a: Glimmora\n|move|p2a: Groudon|Precipice Blades|p1a: Glimmora\n|-supereffective|p1a: Glimmora\n|-enditem|p1a: Glimmora|Focus Sash\n|-damage|p1a: Glimmora|1\/100\n|-activate|p1a: Glimmora|ability: Toxic Debris\n|-sidestart|p2: incineroarcringe|move: Toxic Spikes\n|\n|-weather|DesolateLand|[upkeep]\n|-damage|p2a: Groudon|85\/100 psn|[from] psn\n|upkeep\n|turn|3\n|\n|t:|1698532639\n|move|p1a: Glimmora|Spiky Shield|p1a: Glimmora\n|-singleturn|p1a: Glimmora|move: Protect\n|move|p2a: Groudon|Fire Punch|p1a: Glimmora\n|-activate|p1a: Glimmora|move: Protect\n|-damage|p2a: Groudon|73\/100 psn|[from] Spiky Shield|[of] p1a: Glimmora\n|\n|-weather|DesolateLand|[upkeep]\n|-damage|p2a: Groudon|60\/100 psn|[from] psn\n|upkeep\n|turn|4\n|\n|t:|1698532645\n|move|p1a: Glimmora|Spiky Shield||[still]\n|-fail|p1a: Glimmora\n|move|p2a: Groudon|Fire Punch|p1a: Glimmora\n|-resisted|p1a: Glimmora\n|-damage|p1a: Glimmora|0 fnt\n|-activate|p1a: Glimmora|ability: Toxic Debris\n|-sidestart|p2: incineroarcringe|move: Toxic Spikes\n|faint|p1a: Glimmora\n|\n|-weather|DesolateLand|[upkeep]\n|-damage|p2a: Groudon|48\/100 psn|[from] psn\n|upkeep\n|\n|t:|1698532665\n|switch|p1a: Marshadow|Marshadow|100\/100\n|turn|5\n|c|\u2606megagagme|Bruh misclick\n|\n|t:|1698532678\n|move|p1a: Marshadow|Close Combat|p2a: Groudon\n|-damage|p2a: Groudon|14\/100 psn\n|-unboost|p1a: Marshadow|def|1\n|-unboost|p1a: Marshadow|spd|1\n|move|p2a: Groudon|Stealth Rock|p1a: Marshadow\n|-sidestart|p1: megagagme|move: Stealth Rock\n|\n|-weather|DesolateLand|[upkeep]\n|-damage|p2a: Groudon|2\/100 psn|[from] psn\n|upkeep\n|turn|6\n|\n|t:|1698532689\n|move|p1a: Marshadow|Shadow Sneak|p2a: Groudon\n|-damage|p2a: Groudon|0 fnt\n|faint|p2a: Groudon\n|-weather|none\n|\n|upkeep\n|\n|t:|1698532699\n|switch|p2a: Yveltal|Yveltal|100\/100\n|-damage|p2a: Yveltal|76\/100|[from] Stealth Rock\n|-ability|p2a: Yveltal|Dark Aura\n|turn|7\n|\n|t:|1698532708\n|move|p2a: Yveltal|Oblivion Wing|p1a: Marshadow\n|-supereffective|p1a: Marshadow\n|-enditem|p1a: Marshadow|Focus Sash\n|-damage|p1a: Marshadow|1\/100\n|-heal|p2a: Yveltal|100\/100|[from] drain|[of] p1a: Marshadow\n|move|p1a: Marshadow|Swagger|p2a: Yveltal\n|-boost|p2a: Yveltal|atk|2\n|-start|p2a: Yveltal|confusion\n|\n|upkeep\n|turn|8\n|\n|t:|1698532719\n|-activate|p2a: Yveltal|confusion\n|move|p2a: Yveltal|Oblivion Wing|p1a: Marshadow\n|-supereffective|p1a: Marshadow\n|-damage|p1a: Marshadow|0 fnt\n|faint|p1a: Marshadow\n|\n|upkeep\n|\n|t:|1698532730\n|switch|p1a: Chien-Pao|Chien-Pao|100\/100\n|-damage|p1a: Chien-Pao|76\/100|[from] Stealth Rock\n|-ability|p1a: Chien-Pao|Sword of Ruin\n|turn|9\n|c|\u2606megagagme|Scarf..\n|\n|t:|1698532745\n|switch|p2a: Kyogre|Kyogre|100\/100\n|-damage|p2a: Kyogre|88\/100|[from] Stealth Rock\n|-status|p2a: Kyogre|tox\n|detailschange|p2a: Kyogre|Kyogre-Primal\n|-primal|p2a: Kyogre|Blue Orb\n|-weather|PrimordialSea|[from] ability: Primordial Sea|[of] p2a: Kyogre\n|move|p1a: Chien-Pao|Ice Shard|p2a: Kyogre\n|-resisted|p2a: Kyogre\n|-damage|p2a: Kyogre|75\/100 tox\n|\n|-weather|PrimordialSea|[upkeep]\n|-damage|p2a: Kyogre|69\/100 tox|[from] psn\n|upkeep\n|turn|10\n|\n|t:|1698532754\n|move|p1a: Chien-Pao|Sacred Sword|p2a: Kyogre\n|-damage|p2a: Kyogre|30\/100 tox\n|move|p2a: Kyogre|Origin Pulse|p1a: Chien-Pao\n|-crit|p1a: Chien-Pao\n|-damage|p1a: Chien-Pao|0 fnt\n|faint|p1a: Chien-Pao\n|\n|-weather|PrimordialSea|[upkeep]\n|-damage|p2a: Kyogre|18\/100 tox|[from] psn\n|upkeep\n|\n|t:|1698532765\n|switch|p1a: Kyurem|Kyurem-Black|100\/100\n|-damage|p1a: Kyurem|76\/100|[from] Stealth Rock\n|-ability|p1a: Kyurem|Teravolt\n|turn|11\n|\n|t:|1698532775\n|move|p1a: Kyurem|Fusion Bolt|p2a: Kyogre\n|-supereffective|p2a: Kyogre\n|-damage|p2a: Kyogre|0 fnt\n|faint|p2a: Kyogre\n|-weather|none\n|\n|upkeep\n|\n|t:|1698532790\n|switch|p2a: Rayquaza|Rayquaza|100\/100\n|-damage|p2a: Rayquaza|76\/100|[from] Stealth Rock\n|-ability|p2a: Rayquaza|Air Lock\n|turn|12\n|c|\u2606megagagme|1 misclick\n|c|\u2606megagagme|And my whole  plan backfired\n|\n|t:|1698532803\n|move|p2a: Rayquaza|V-create|p1a: Kyurem\n|-damage|p1a: Kyurem|0 fnt\n|-unboost|p2a: Rayquaza|spe|1\n|-unboost|p2a: Rayquaza|def|1\n|-unboost|p2a: Rayquaza|spd|1\n|faint|p1a: Kyurem\n|\n|upkeep\n|\n|t:|1698532810\n|switch|p1a: Hitmonlee|Hitmonlee, M, shiny|100\/100\n|-damage|p1a: Hitmonlee|94\/100|[from] Stealth Rock\n|turn|13\n|\n|t:|1698532812\n|switch|p2a: Lugia|Lugia|100\/100\n|-damage|p2a: Lugia|75\/100|[from] Stealth Rock\n|move|p1a: Hitmonlee|Fake Out|p2a: Lugia\n|-damage|p2a: Lugia|67\/100\n|\n|-heal|p2a: Lugia|74\/100|[from] item: Leftovers\n|upkeep\n|turn|14\n|\n|t:|1698532822\n|move|p1a: Hitmonlee|Throat Chop|p2a: Lugia\n|-supereffective|p2a: Lugia\n|-damage|p2a: Lugia|40\/100\n|-start|p2a: Lugia|Throat Chop|[silent]\n|move|p2a: Lugia|Roost|p2a: Lugia\n|-heal|p2a: Lugia|90\/100\n|-singleturn|p2a: Lugia|move: Roost\n|\n|-heal|p2a: Lugia|97\/100|[from] item: Leftovers\n|upkeep\n|turn|15\n|\n|t:|1698532830\n|move|p1a: Hitmonlee|Endure|p1a: Hitmonlee\n|-singleturn|p1a: Hitmonlee|move: Endure\n|move|p2a: Lugia|Defog|p1a: Hitmonlee\n|-unboost|p1a: Hitmonlee|evasion|1\n|-sideend|p1: megagagme|Stealth Rock|[from] move: Defog|[of] p2a: Lugia\n|-sideend|p2: incineroarcringe|Toxic Spikes|[from] move: Defog|[of] p2a: Lugia\n|-sideend|p2: incineroarcringe|Stealth Rock|[from] move: Defog|[of] p2a: Lugia\n|\n|-heal|p2a: Lugia|100\/100|[from] item: Leftovers\n|-end|p2a: Lugia|Throat Chop|[silent]\n|upkeep\n|turn|16\n|\n|t:|1698532837\n|move|p1a: Hitmonlee|Throat Chop|p2a: Lugia\n|-supereffective|p2a: Lugia\n|-damage|p2a: Lugia|82\/100\n|-start|p2a: Lugia|Throat Chop|[silent]\n|move|p2a: Lugia|Toxic|p1a: Hitmonlee\n|-status|p1a: Hitmonlee|tox\n|\n|-heal|p2a: Lugia|89\/100|[from] item: Leftovers\n|-damage|p1a: Hitmonlee|88\/100 tox|[from] psn\n|upkeep\n|turn|17\n|\n|t:|1698532844\n|move|p1a: Hitmonlee|Throat Chop|p2a: Lugia\n|-supereffective|p2a: Lugia\n|-damage|p2a: Lugia|52\/100\n|move|p2a: Lugia|Roost|p2a: Lugia\n|-heal|p2a: Lugia|100\/100\n|-singleturn|p2a: Lugia|move: Roost\n|\n|-damage|p1a: Hitmonlee|76\/100 tox|[from] psn\n|-end|p2a: Lugia|Throat Chop|[silent]\n|upkeep\n|turn|18\n|\n|t:|1698532853\n|switch|p1a: Kingambit|Kingambit, F|100\/100\n|-activate|p1a: Kingambit|ability: Supreme Overlord\n|-start|p1a: Kingambit|fallen4|[silent]\n|move|p2a: Lugia|Aeroblast|p1a: Kingambit\n|-resisted|p1a: Kingambit\n|-crit|p1a: Kingambit\n|-damage|p1a: Kingambit|78\/100\n|\n|upkeep\n|turn|19\n|\n|t:|1698532861\n|switch|p2a: Espathra|Espathra, M|100\/100\n|-terastallize|p1a: Kingambit|Dark\n|move|p1a: Kingambit|Kowtow Cleave|p2a: Espathra\n|-supereffective|p2a: Espathra\n|-damage|p2a: Espathra|0 fnt\n|faint|p2a: Espathra\n|\n|upkeep\n|\n|t:|1698532872\n|switch|p2a: Rayquaza|Rayquaza|76\/100\n|-ability|p2a: Rayquaza|Air Lock\n|turn|20\n|\n|t:|1698532878\n|move|p2a: Rayquaza|Extreme Speed|p1a: Kingambit\n|-damage|p1a: Kingambit|42\/100\n|move|p1a: Kingambit|Sucker Punch||[still]\n|-fail|p1a: Kingambit\n|\n|upkeep\n|turn|21\n|\n|t:|1698532883\n|move|p2a: Rayquaza|Extreme Speed|p1a: Kingambit\n|-crit|p1a: Kingambit\n|-damage|p1a: Kingambit|0 fnt\n|faint|p1a: Kingambit\n|-end|p1a: Kingambit|fallen4|[silent]\n|\n|upkeep\n|\n|t:|1698532887\n|switch|p1a: Hitmonlee|Hitmonlee, M, shiny|76\/100 tox\n|turn|22\n|\n|t:|1698532888\n|move|p1a: Hitmonlee|Fake Out|p2a: Rayquaza\n|-damage|p2a: Rayquaza|59\/100\n|cant|p2a: Rayquaza|flinch\n|\n|-damage|p1a: Hitmonlee|69\/100 tox|[from] psn\n|upkeep\n|turn|23\n|\n|t:|1698532891\n|move|p2a: Rayquaza|Extreme Speed|p1a: Hitmonlee\n|-damage|p1a: Hitmonlee|0 fnt\n|faint|p1a: Hitmonlee\n|\n|win|incineroarcringe\n|raw|megagagme's rating: 1345 &rarr; <strong>1322<\/strong><br \/>(-23 for losing)\n|raw|incineroarcringe's rating: 1289 &rarr; <strong>1318<\/strong><br \/>(+29 for winning)\n|l|\u2606megagagme\n","uploadtime":1698532897,"views":11,"p1id":"megagagme","p2id":"incineroarcringe","formatid":"gen9nationaldexubers","rating":1318,"private":0,"password":""}