{"id":"gen9nationaldexubers-1983208189","p1":"MuMuelsyse","p2":"The_Garry_13","format":"[Gen 9] National Dex Ubers","log":"|j|\u2606MuMuelsyse\n|j|\u2606The_Garry_13\n|t:|1699105312\n|gametype|singles\n|player|p1|MuMuelsyse|ingo|1418\n|player|p2|The_Garry_13|lance-gen1|1473\n|teamsize|p1|6\n|teamsize|p2|6\n|gen|9\n|tier|[Gen 9] National Dex Ubers\n|rated|\n|rule|HP Percentage Mod: HP is shown in percentages\n|rule|Endless Battle Clause: Forcing endless battles is banned\n|rule|OHKO Clause: OHKO moves are banned\n|rule|Evasion Moves Clause: Evasion moves are banned\n|rule|Evasion Items Clause: Evasion items are banned\n|rule|Species Clause: Limit one of each Pok\u00e9mon\n|rule|Sleep Clause Mod: Limit one foe put to sleep\n|rule|Mega Rayquaza Clause: You cannot mega evolve Rayquaza\n|clearpoke\n|poke|p1|Banette, M|\n|poke|p1|Zygarde|\n|poke|p1|Xerneas-*|\n|poke|p1|Necrozma-Dusk-Mane|\n|poke|p1|Meowscarada, F|\n|poke|p1|Ho-Oh|\n|poke|p2|Marshadow|\n|poke|p2|Groudon|\n|poke|p2|Kyogre|\n|poke|p2|Darkrai|\n|poke|p2|Rayquaza|\n|poke|p2|Lugia|\n|teampreview\n|inactive|Battle timer is ON: inactive players will automatically lose when time's up. (requested by MuMuelsyse)\n|\n|t:|1699105342\n|start\n|switch|p1a: Kyaru|Meowscarada, F, shiny|100\/100\n|switch|p2a: Groudon|Groudon, shiny|100\/100\n|detailschange|p2a: Groudon|Groudon-Primal, shiny\n|-primal|p2a: Groudon|Red Orb\n|-weather|DesolateLand|[from] ability: Desolate Land|[of] p2a: Groudon\n|turn|1\n|inactive|The_Garry_13 has 120 seconds left.\n|\n|t:|1699105386\n|move|p1a: Kyaru|U-turn|p2a: Groudon\n|-start|p1a: Kyaru|typechange|Bug|[from] ability: Protean\n|-resisted|p2a: Groudon\n|-damage|p2a: Groudon|89\/100\n|\n|t:|1699105391\n|switch|p1a: Fiametta|Ho-Oh, shiny|100\/100|[from] U-turn\n|move|p2a: Groudon|Heat Crash|p1a: Fiametta\n|-resisted|p1a: Fiametta\n|-damage|p1a: Fiametta|49\/100\n|\n|-weather|DesolateLand|[upkeep]\n|upkeep\n|turn|2\n|inactive|The_Garry_13 has 120 seconds left.\n|\n|t:|1699105419\n|move|p2a: Groudon|Heat Crash|p1a: Fiametta\n|-resisted|p1a: Fiametta\n|-damage|p1a: Fiametta|0 fnt\n|faint|p1a: Fiametta\n|\n|-weather|DesolateLand|[upkeep]\n|upkeep\n|\n|t:|1699105429\n|switch|p1a: Buldrokkas'Tee|Zygarde, shiny|100\/100\n|turn|3\n|\n|t:|1699105438\n|-weather|none\n|switch|p2a: Lugia|Lugia|100\/100\n|move|p1a: Buldrokkas'Tee|Dragon Dance|p1a: Buldrokkas'Tee\n|-boost|p1a: Buldrokkas'Tee|atk|1\n|-boost|p1a: Buldrokkas'Tee|spe|1\n|\n|upkeep\n|turn|4\n|\n|t:|1699105446\n|move|p1a: Buldrokkas'Tee|Substitute|p1a: Buldrokkas'Tee\n|-start|p1a: Buldrokkas'Tee|Substitute\n|-damage|p1a: Buldrokkas'Tee|76\/100\n|move|p2a: Lugia|Toxic||[still]\n|-fail|p2a: Lugia\n|\n|-heal|p1a: Buldrokkas'Tee|82\/100|[from] item: Leftovers\n|upkeep\n|turn|5\n|inactive|The_Garry_13 has 120 seconds left.\n|\n|t:|1699105454\n|move|p1a: Buldrokkas'Tee|Thousand Arrows|p2a: Lugia\n|-damage|p2a: Lugia|79\/100\n|-start|p2a: Lugia|Smack Down\n|move|p2a: Lugia|Aeroblast|p1a: Buldrokkas'Tee\n|-end|p1a: Buldrokkas'Tee|Substitute\n|\n|-heal|p1a: Buldrokkas'Tee|88\/100|[from] item: Leftovers\n|-heal|p2a: Lugia|86\/100|[from] item: Leftovers\n|upkeep\n|turn|6\n|inactive|The_Garry_13 has 120 seconds left.\n|\n|t:|1699105465\n|move|p1a: Buldrokkas'Tee|Substitute|p1a: Buldrokkas'Tee\n|-start|p1a: Buldrokkas'Tee|Substitute\n|-damage|p1a: Buldrokkas'Tee|63\/100\n|move|p2a: Lugia|Aeroblast|p1a: Buldrokkas'Tee\n|-end|p1a: Buldrokkas'Tee|Substitute\n|\n|-heal|p1a: Buldrokkas'Tee|69\/100|[from] item: Leftovers\n|-heal|p2a: Lugia|92\/100|[from] item: Leftovers\n|upkeep\n|turn|7\n|inactive|The_Garry_13 has 120 seconds left.\n|\n|t:|1699105475\n|move|p1a: Buldrokkas'Tee|Substitute|p1a: Buldrokkas'Tee\n|-start|p1a: Buldrokkas'Tee|Substitute\n|-damage|p1a: Buldrokkas'Tee|44\/100\n|move|p2a: Lugia|Aeroblast|p1a: Buldrokkas'Tee\n|-end|p1a: Buldrokkas'Tee|Substitute\n|\n|-heal|p1a: Buldrokkas'Tee|50\/100|[from] item: Leftovers\n|-heal|p2a: Lugia|98\/100|[from] item: Leftovers\n|-activate|p1a: Buldrokkas'Tee|ability: Power Construct\n|detailschange|p1a: Buldrokkas'Tee|Zygarde-Complete, shiny\n|-heal|p1a: Buldrokkas'Tee|69\/100|[silent]\n|upkeep\n|turn|8\n|inactive|The_Garry_13 has 120 seconds left.\n|\n|t:|1699105488\n|move|p1a: Buldrokkas'Tee|Substitute|p1a: Buldrokkas'Tee\n|-start|p1a: Buldrokkas'Tee|Substitute\n|-damage|p1a: Buldrokkas'Tee|44\/100\n|move|p2a: Lugia|Aeroblast|p1a: Buldrokkas'Tee\n|-activate|p1a: Buldrokkas'Tee|move: Substitute|[damage]\n|\n|-heal|p1a: Buldrokkas'Tee|50\/100|[from] item: Leftovers\n|-heal|p2a: Lugia|100\/100|[from] item: Leftovers\n|upkeep\n|turn|9\n|\n|t:|1699105497\n|move|p1a: Buldrokkas'Tee|Dragon Dance|p1a: Buldrokkas'Tee\n|-boost|p1a: Buldrokkas'Tee|atk|1\n|-boost|p1a: Buldrokkas'Tee|spe|1\n|move|p2a: Lugia|Aeroblast|p1a: Buldrokkas'Tee\n|-crit|p1a: Buldrokkas'Tee\n|-end|p1a: Buldrokkas'Tee|Substitute\n|\n|-heal|p1a: Buldrokkas'Tee|57\/100|[from] item: Leftovers\n|upkeep\n|turn|10\n|\n|t:|1699105507\n|move|p1a: Buldrokkas'Tee|Substitute|p1a: Buldrokkas'Tee\n|-start|p1a: Buldrokkas'Tee|Substitute\n|-damage|p1a: Buldrokkas'Tee|32\/100\n|move|p2a: Lugia|Toxic||[still]\n|-fail|p2a: Lugia\n|\n|-heal|p1a: Buldrokkas'Tee|38\/100|[from] item: Leftovers\n|upkeep\n|turn|11\n|c|\u2606The_Garry_13|Bye Mr boring\n|inactive|The_Garry_13 has 120 seconds left.\n|c|\u2606MuMuelsyse|what i need to set up\n|c|\u2606MuMuelsyse|no need to whine bout it\n|inactive|The_Garry_13 has 90 seconds left.\n|c|\u2606MuMuelsyse|you know, you can just steal my boosts\n|inactive|The_Garry_13 has 60 seconds left.\n|c|\u2606MuMuelsyse|...unless if you don't have spec thief on that marsh\n|c|\u2606The_Garry_13|I hv it\n|inactive|The_Garry_13 has 30 seconds left.\n|c|\u2606The_Garry_13|But i not play VS boring guys\n|inactive|The_Garry_13 has 20 seconds left.\n|c|\u2606MuMuelsyse|ok i guess\n|inactive|The_Garry_13 has 15 seconds left.\n|c|\u2606MuMuelsyse|this ain't even hard stall LMAO\n|inactive|The_Garry_13 has 10 seconds left.\n|inactive|The_Garry_13 has 5 seconds left.\n|c|\u2606MuMuelsyse|ill take the w ig\n|-message|The_Garry_13 lost due to inactivity.\n|\n|win|MuMuelsyse\n|raw|MuMuelsyse's rating: 1418 &rarr; <strong>1441<\/strong><br \/>(+23 for winning)\n|raw|The_Garry_13's rating: 1473 &rarr; <strong>1450<\/strong><br \/>(-23 for losing)\n","uploadtime":1699105667,"views":10,"p1id":"mumuelsyse","p2id":"thegarry13","formatid":"gen9nationaldexubers","rating":1441,"private":0,"password":""}