{"id":"gen9nationaldexubers-1997961842","p1":"THUNDER-M0DE\u303d\ufe0f","p2":"IHAAA","format":"[Gen 9] National Dex Ubers","log":"|j|\u2606THUNDER-M0DE\u303d\ufe0f\n|j|\u2606IHAAA\n|t:|1700872606\n|gametype|singles\n|player|p1|THUNDER-M0DE\u303d\ufe0f|elesa-masters|1007\n|player|p2|IHAAA|harlequin|1000\n|teamsize|p1|6\n|teamsize|p2|6\n|gen|9\n|tier|[Gen 9] National Dex Ubers\n|rated|\n|rule|HP Percentage Mod: HP is shown in percentages\n|rule|Endless Battle Clause: Forcing endless battles is banned\n|rule|OHKO Clause: OHKO moves are banned\n|rule|Evasion Moves Clause: Evasion moves are banned\n|rule|Evasion Items Clause: Evasion items are banned\n|rule|Species Clause: Limit one of each Pok\u00e9mon\n|rule|Sleep Clause Mod: Limit one foe put to sleep\n|rule|Mega Rayquaza Clause: You cannot mega evolve Rayquaza\n|clearpoke\n|poke|p1|Arctozolt|\n|poke|p1|Electrode-Hisui|\n|poke|p1|Golem-Alola, M|\n|poke|p1|Emolga, M|\n|poke|p1|Kilowattrel, M|\n|poke|p1|Zebstrika, M|\n|poke|p2|Vaporeon, M|\n|poke|p2|Decidueye, F|\n|poke|p2|Arcanine, M|\n|poke|p2|Staraptor, M|\n|poke|p2|Gallade, M|\n|poke|p2|Weavile, M|\n|teampreview\n|\n|t:|1700872617\n|start\n|switch|p1a: \u26a1\ufe0fZEBSTRIKA\u26a1\ufe0f|Zebstrika, M|100\/100\n|switch|p2a: Decidueye|Decidueye, F|100\/100\n|turn|1\n|\n|t:|1700872628\n|move|p1a: \u26a1\ufe0fZEBSTRIKA\u26a1\ufe0f|Rain Dance|p1a: \u26a1\ufe0fZEBSTRIKA\u26a1\ufe0f\n|-weather|RainDance\n|move|p2a: Decidueye|Swords Dance|p2a: Decidueye\n|-boost|p2a: Decidueye|atk|2\n|\n|-weather|RainDance|[upkeep]\n|upkeep\n|turn|2\n|\n|t:|1700872636\n|move|p2a: Decidueye|Sucker Punch|p1a: \u26a1\ufe0fZEBSTRIKA\u26a1\ufe0f\n|-damage|p1a: \u26a1\ufe0fZEBSTRIKA\u26a1\ufe0f|17\/100\n|move|p1a: \u26a1\ufe0fZEBSTRIKA\u26a1\ufe0f|Thunder|p2a: Decidueye\n|-resisted|p2a: Decidueye\n|-damage|p2a: Decidueye|75\/100\n|\n|-weather|RainDance|[upkeep]\n|-heal|p2a: Decidueye|81\/100|[from] item: Leftovers\n|upkeep\n|turn|3\n|\n|t:|1700872648\n|switch|p1a: \u26a1\ufe0fELECTRODE\u26a1\ufe0f\ud83d\ude2c|Electrode-Hisui, shiny|100\/100\n|move|p2a: Decidueye|Leaf Blade|p1a: \u26a1\ufe0fELECTRODE\u26a1\ufe0f\ud83d\ude2c\n|-resisted|p1a: \u26a1\ufe0fELECTRODE\u26a1\ufe0f\ud83d\ude2c\n|-damage|p1a: \u26a1\ufe0fELECTRODE\u26a1\ufe0f\ud83d\ude2c|26\/100\n|\n|-weather|RainDance|[upkeep]\n|-heal|p2a: Decidueye|87\/100|[from] item: Leftovers\n|upkeep\n|turn|4\n|\n|t:|1700872659\n|move|p2a: Decidueye|Sucker Punch||[still]\n|-fail|p2a: Decidueye\n|move|p1a: \u26a1\ufe0fELECTRODE\u26a1\ufe0f\ud83d\ude2c|Electric Terrain|p1a: \u26a1\ufe0fELECTRODE\u26a1\ufe0f\ud83d\ude2c\n|-fieldstart|move: Electric Terrain\n|\n|-weather|RainDance|[upkeep]\n|-heal|p2a: Decidueye|93\/100|[from] item: Leftovers\n|upkeep\n|turn|5\n|\n|t:|1700872669\n|move|p2a: Decidueye|Sucker Punch|p1a: \u26a1\ufe0fELECTRODE\u26a1\ufe0f\ud83d\ude2c\n|-damage|p1a: \u26a1\ufe0fELECTRODE\u26a1\ufe0f\ud83d\ude2c|0 fnt\n|-status|p2a: Decidueye|par|[from] ability: Static|[of] p1a: \u26a1\ufe0fELECTRODE\u26a1\ufe0f\ud83d\ude2c\n|faint|p1a: \u26a1\ufe0fELECTRODE\u26a1\ufe0f\ud83d\ude2c\n|\n|-weather|RainDance|[upkeep]\n|-heal|p2a: Decidueye|99\/100 par|[from] item: Leftovers\n|upkeep\n|\n|t:|1700872682\n|switch|p1a: \ud83e\udea8\u26a1\ufe0fGOLEM\u26a1\ufe0f\ud83e\udea8|Golem-Alola, M, shiny|100\/100\n|turn|6\n|\n|t:|1700872689\n|-terastallize|p1a: \ud83e\udea8\u26a1\ufe0fGOLEM\u26a1\ufe0f\ud83e\udea8|Electric\n|move|p1a: \ud83e\udea8\u26a1\ufe0fGOLEM\u26a1\ufe0f\ud83e\udea8|Rock Polish|p1a: \ud83e\udea8\u26a1\ufe0fGOLEM\u26a1\ufe0f\ud83e\udea8\n|-boost|p1a: \ud83e\udea8\u26a1\ufe0fGOLEM\u26a1\ufe0f\ud83e\udea8|spe|2\n|move|p2a: Decidueye|Leaf Blade|p1a: \ud83e\udea8\u26a1\ufe0fGOLEM\u26a1\ufe0f\ud83e\udea8\n|-damage|p1a: \ud83e\udea8\u26a1\ufe0fGOLEM\u26a1\ufe0f\ud83e\udea8|15\/100\n|\n|-weather|RainDance|[upkeep]\n|-heal|p2a: Decidueye|100\/100 par|[from] item: Leftovers\n|upkeep\n|turn|7\n|\n|t:|1700872702\n|cant|p2a: Decidueye|par\n|move|p1a: \ud83e\udea8\u26a1\ufe0fGOLEM\u26a1\ufe0f\ud83e\udea8|Explosion|p2a: Decidueye\n|-resisted|p2a: Decidueye\n|-damage|p2a: Decidueye|0 fnt\n|faint|p1a: \ud83e\udea8\u26a1\ufe0fGOLEM\u26a1\ufe0f\ud83e\udea8\n|faint|p2a: Decidueye\n|\n|-weather|RainDance|[upkeep]\n|upkeep\n|\n|t:|1700872725\n|switch|p2a: Weavile|Weavile, M|100\/100\n|switch|p1a: \u26a1\ufe0fZEBSTRIKA\u26a1\ufe0f|Zebstrika, M|17\/100\n|-ability|p2a: Weavile|Pressure\n|turn|8\n|\n|t:|1700872737\n|move|p1a: \u26a1\ufe0fZEBSTRIKA\u26a1\ufe0f|Ion Deluge|p1a: \u26a1\ufe0fZEBSTRIKA\u26a1\ufe0f\n|-fieldactivate|move: Ion Deluge\n|-hint|Normal-type moves become Electric-type after using Ion Deluge.\n|move|p2a: Weavile|Ice Shard|p1a: \u26a1\ufe0fZEBSTRIKA\u26a1\ufe0f\n|-damage|p1a: \u26a1\ufe0fZEBSTRIKA\u26a1\ufe0f|0 fnt\n|faint|p1a: \u26a1\ufe0fZEBSTRIKA\u26a1\ufe0f\n|\n|-weather|none\n|upkeep\n|\n|t:|1700872766\n|switch|p1a: \u26a1\ufe0f\ud83e\uddcaARCTOVOLT\ud83e\uddca\u26a1\ufe0f|Arctozolt|100\/100\n|turn|9\n|\n|t:|1700872772\n|switch|p2a: Arcanine|Arcanine, M|100\/100\n|-ability|p2a: Arcanine|Intimidate|boost\n|-unboost|p1a: \u26a1\ufe0f\ud83e\uddcaARCTOVOLT\ud83e\uddca\u26a1\ufe0f|atk|1\n|move|p1a: \u26a1\ufe0f\ud83e\uddcaARCTOVOLT\ud83e\uddca\u26a1\ufe0f|Thunderbolt|p2a: Arcanine\n|-damage|p2a: Arcanine|42\/100\n|\n|upkeep\n|turn|10\n|\n|t:|1700872796\n|move|p2a: Arcanine|Flare Blitz|p1a: \u26a1\ufe0f\ud83e\uddcaARCTOVOLT\ud83e\uddca\u26a1\ufe0f\n|-supereffective|p1a: \u26a1\ufe0f\ud83e\uddcaARCTOVOLT\ud83e\uddca\u26a1\ufe0f\n|-damage|p1a: \u26a1\ufe0f\ud83e\uddcaARCTOVOLT\ud83e\uddca\u26a1\ufe0f|0 fnt\n|faint|p1a: \u26a1\ufe0f\ud83e\uddcaARCTOVOLT\ud83e\uddca\u26a1\ufe0f\n|-damage|p2a: Arcanine|9\/100|[from] Recoil\n|-damage|p2a: Arcanine|0 fnt|[from] item: Life Orb\n|faint|p2a: Arcanine\n|\n|upkeep\n|\n|t:|1700872815\n|switch|p2a: Gallade|Gallade, M|100\/100\n|switch|p1a: \u26a1\ufe0fKILOWATTREL\u26a1\ufe0f|Kilowattrel, M, shiny|100\/100\n|turn|11\n|\n|t:|1700872823\n|move|p1a: \u26a1\ufe0fKILOWATTREL\u26a1\ufe0f|Thunder|p2a: Gallade\n|-damage|p2a: Gallade|45\/100\n|-status|p2a: Gallade|par\n|move|p2a: Gallade|Swords Dance|p2a: Gallade\n|-boost|p2a: Gallade|atk|2\n|\n|-fieldend|move: Electric Terrain\n|upkeep\n|turn|12\n|\n|t:|1700872835\n|move|p1a: \u26a1\ufe0fKILOWATTREL\u26a1\ufe0f|Thunderbolt|p2a: Gallade\n|-damage|p2a: Gallade|0 fnt\n|faint|p2a: Gallade\n|\n|upkeep\n|\n|t:|1700872843\n|switch|p2a: Staraptor|Staraptor, M|100\/100\n|-ability|p2a: Staraptor|Intimidate|boost\n|-unboost|p1a: \u26a1\ufe0fKILOWATTREL\u26a1\ufe0f|atk|1\n|turn|13\n|\n|t:|1700872850\n|move|p1a: \u26a1\ufe0fKILOWATTREL\u26a1\ufe0f|Thunderbolt|p2a: Staraptor\n|-supereffective|p2a: Staraptor\n|-damage|p2a: Staraptor|0 fnt\n|faint|p2a: Staraptor\n|\n|upkeep\n|\n|t:|1700872858\n|switch|p2a: Weavile|Weavile, M|100\/100\n|-ability|p2a: Weavile|Pressure\n|turn|14\n|\n|t:|1700872867\n|move|p2a: Weavile|Pursuit|p1a: \u26a1\ufe0fKILOWATTREL\u26a1\ufe0f\n|-damage|p1a: \u26a1\ufe0fKILOWATTREL\u26a1\ufe0f|45\/100\n|move|p1a: \u26a1\ufe0fKILOWATTREL\u26a1\ufe0f|Thunderbolt|p2a: Weavile\n|-damage|p2a: Weavile|33\/100\n|\n|upkeep\n|turn|15\n|\n|t:|1700872875\n|move|p1a: \u26a1\ufe0fKILOWATTREL\u26a1\ufe0f|Thunderbolt|p2a: Weavile\n|-damage|p2a: Weavile|0 fnt\n|faint|p2a: Weavile\n|\n|upkeep\n|\n|t:|1700872881\n|switch|p2a: Vaporeon|Vaporeon, M|100\/100\n|turn|16\n|\n|t:|1700872889\n|move|p2a: Vaporeon|Protect|p2a: Vaporeon\n|-singleturn|p2a: Vaporeon|Protect\n|move|p1a: \u26a1\ufe0fKILOWATTREL\u26a1\ufe0f|Electric Terrain|p1a: \u26a1\ufe0fKILOWATTREL\u26a1\ufe0f\n|-fieldstart|move: Electric Terrain\n|\n|upkeep\n|turn|17\n|\n|t:|1700872896\n|move|p1a: \u26a1\ufe0fKILOWATTREL\u26a1\ufe0f|Thunder|p2a: Vaporeon|[miss]\n|-miss|p1a: \u26a1\ufe0fKILOWATTREL\u26a1\ufe0f|p2a: Vaporeon\n|move|p2a: Vaporeon|Toxic|p1a: \u26a1\ufe0fKILOWATTREL\u26a1\ufe0f\n|-status|p1a: \u26a1\ufe0fKILOWATTREL\u26a1\ufe0f|tox\n|\n|-damage|p1a: \u26a1\ufe0fKILOWATTREL\u26a1\ufe0f|39\/100 tox|[from] psn\n|upkeep\n|turn|18\n|\n|t:|1700872905\n|move|p2a: Vaporeon|Protect|p2a: Vaporeon\n|-singleturn|p2a: Vaporeon|Protect\n|move|p1a: \u26a1\ufe0fKILOWATTREL\u26a1\ufe0f|Thunderbolt|p2a: Vaporeon\n|-activate|p2a: Vaporeon|move: Protect\n|\n|-damage|p1a: \u26a1\ufe0fKILOWATTREL\u26a1\ufe0f|27\/100 tox|[from] psn\n|upkeep\n|turn|19\n|\n|t:|1700872913\n|move|p1a: \u26a1\ufe0fKILOWATTREL\u26a1\ufe0f|Thunderbolt|p2a: Vaporeon\n|-supereffective|p2a: Vaporeon\n|-damage|p2a: Vaporeon|29\/100\n|-status|p2a: Vaporeon|par\n|cant|p2a: Vaporeon|par\n|\n|-heal|p2a: Vaporeon|35\/100 par|[from] item: Leftovers\n|-damage|p1a: \u26a1\ufe0fKILOWATTREL\u26a1\ufe0f|9\/100 tox|[from] psn\n|upkeep\n|turn|20\n|\n|t:|1700872924\n|cant|p2a: Vaporeon|par\n|move|p1a: \u26a1\ufe0fKILOWATTREL\u26a1\ufe0f|Volt Switch|p2a: Vaporeon\n|-supereffective|p2a: Vaporeon\n|-damage|p2a: Vaporeon|0 fnt\n|faint|p2a: Vaporeon\n|\n|win|THUNDER-M0DE\u303d\ufe0f\n|raw|THUNDER-M0DE\u303d\ufe0f's rating: 1045 &rarr; <strong>1074<\/strong><br \/>(+29 for winning)\n|raw|IHAAA's rating: 1000 &rarr; <strong>1000<\/strong><br \/>(+0 for losing)\n|l|\u2606IHAAA\n","uploadtime":1700872938,"views":2,"p1id":"thunderm0de","p2id":"ihaaa","formatid":"gen9nationaldexubers","rating":1000,"private":0,"password":""}