{"id":"gen9nationaldexubers-1978422028","p1":"Beaver Agedashi","p2":"pkrokune","format":"[Gen 9] National Dex Ubers","log":"|j|\u2606Beaver Agedashi\n|j|\u2606pkrokune\n|t:|1698536871\n|gametype|singles\n|player|p1|Beaver Agedashi|falkner|1454\n|player|p2|pkrokune|alec-anime|1322\n|teamsize|p1|6\n|teamsize|p2|6\n|gen|9\n|tier|[Gen 9] National Dex Ubers\n|rated|\n|rule|HP Percentage Mod: HP is shown in percentages\n|rule|Endless Battle Clause: Forcing endless battles is banned\n|rule|OHKO Clause: OHKO moves are banned\n|rule|Evasion Moves Clause: Evasion moves are banned\n|rule|Evasion Items Clause: Evasion items are banned\n|rule|Species Clause: Limit one of each Pok\u00e9mon\n|rule|Sleep Clause Mod: Limit one foe put to sleep\n|rule|Mega Rayquaza Clause: You cannot mega evolve Rayquaza\n|clearpoke\n|poke|p1|Garchomp, F|\n|poke|p1|Ho-Oh|\n|poke|p1|Regieleki|\n|poke|p1|Marshadow|\n|poke|p1|Grimmsnarl, M|\n|poke|p1|Groudon|\n|poke|p2|Xerneas-*|\n|poke|p2|Yveltal|\n|poke|p2|Ho-Oh|\n|poke|p2|Arceus-Fighting|\n|poke|p2|Kangaskhan, F|\n|poke|p2|Basculegion, M|\n|teampreview\n|inactive|Battle timer is ON: inactive players will automatically lose when time's up. (requested by pkrokune)\n|inactive|pkrokune has 120 seconds left.\n|\n|t:|1698536913\n|start\n|switch|p1a: Groudon|Groudon, shiny|100\/100\n|switch|p2a: Kangaskhan|Kangaskhan, F|100\/100\n|detailschange|p1a: Groudon|Groudon-Primal, shiny\n|-primal|p1a: Groudon|Red Orb\n|-weather|DesolateLand|[from] ability: Desolate Land|[of] p1a: Groudon\n|turn|1\n|\n|t:|1698536931\n|detailschange|p2a: Kangaskhan|Kangaskhan-Mega, F\n|-mega|p2a: Kangaskhan|Kangaskhan|Kangaskhanite\n|move|p2a: Kangaskhan|Fake Out|p1a: Groudon\n|-crit|p1a: Groudon\n|-damage|p1a: Groudon|79\/100\n|-damage|p1a: Groudon|77\/100\n|-hitcount|p1a: Groudon|2\n|cant|p1a: Groudon|flinch\n|\n|-weather|DesolateLand|[upkeep]\n|upkeep\n|turn|2\n|\n|t:|1698536941\n|move|p2a: Kangaskhan|Power-Up Punch|p1a: Groudon\n|-damage|p1a: Groudon|67\/100\n|-boost|p2a: Kangaskhan|atk|1\n|-damage|p1a: Groudon|64\/100\n|-boost|p2a: Kangaskhan|atk|1\n|-hitcount|p1a: Groudon|2\n|move|p1a: Groudon|Rock Polish|p1a: Groudon\n|-boost|p1a: Groudon|spe|2\n|\n|-weather|DesolateLand|[upkeep]\n|upkeep\n|turn|3\n|\n|t:|1698536951\n|move|p1a: Groudon|Heat Crash|p2a: Kangaskhan\n|-damage|p2a: Kangaskhan|0 fnt\n|faint|p2a: Kangaskhan\n|\n|-weather|DesolateLand|[upkeep]\n|upkeep\n|\n|t:|1698536961\n|switch|p2a: Ho-Oh|Ho-Oh, shiny|100\/100\n|turn|4\n|\n|t:|1698536965\n|move|p1a: Groudon|Heat Crash|p2a: Ho-Oh\n|-resisted|p2a: Ho-Oh\n|-damage|p2a: Ho-Oh|60\/100\n|move|p2a: Ho-Oh|Sacred Fire|p1a: Groudon\n|-resisted|p1a: Groudon\n|-damage|p1a: Groudon|43\/100\n|\n|-weather|DesolateLand|[upkeep]\n|upkeep\n|turn|5\n|\n|t:|1698536974\n|move|p1a: Groudon|Heat Crash|p2a: Ho-Oh\n|-resisted|p2a: Ho-Oh\n|-damage|p2a: Ho-Oh|18\/100\n|move|p2a: Ho-Oh|Roost|p2a: Ho-Oh\n|-heal|p2a: Ho-Oh|68\/100\n|-singleturn|p2a: Ho-Oh|move: Roost\n|\n|-weather|DesolateLand|[upkeep]\n|upkeep\n|turn|6\n|\n|t:|1698536982\n|move|p1a: Groudon|Earthquake|p2a: Ho-Oh\n|-immune|p2a: Ho-Oh\n|move|p2a: Ho-Oh|Roost|p2a: Ho-Oh\n|-heal|p2a: Ho-Oh|100\/100\n|-singleturn|p2a: Ho-Oh|move: Roost\n|\n|-weather|DesolateLand|[upkeep]\n|upkeep\n|turn|7\n|\n|t:|1698536990\n|move|p1a: Groudon|Heat Crash|p2a: Ho-Oh\n|-resisted|p2a: Ho-Oh\n|-damage|p2a: Ho-Oh|58\/100\n|move|p2a: Ho-Oh|Toxic|p1a: Groudon\n|-status|p1a: Groudon|tox\n|\n|-weather|DesolateLand|[upkeep]\n|-damage|p1a: Groudon|36\/100 tox|[from] psn\n|upkeep\n|turn|8\n|\n|t:|1698536999\n|move|p1a: Groudon|Swords Dance|p1a: Groudon\n|-boost|p1a: Groudon|atk|2\n|move|p2a: Ho-Oh|Roost|p2a: Ho-Oh\n|-heal|p2a: Ho-Oh|100\/100\n|-singleturn|p2a: Ho-Oh|move: Roost\n|\n|-weather|DesolateLand|[upkeep]\n|-damage|p1a: Groudon|24\/100 tox|[from] psn\n|upkeep\n|turn|9\n|\n|t:|1698537008\n|move|p1a: Groudon|Heat Crash|p2a: Ho-Oh\n|-resisted|p2a: Ho-Oh\n|-damage|p2a: Ho-Oh|14\/100\n|move|p2a: Ho-Oh|Roost|p2a: Ho-Oh\n|-heal|p2a: Ho-Oh|64\/100\n|-singleturn|p2a: Ho-Oh|move: Roost\n|\n|-weather|DesolateLand|[upkeep]\n|-damage|p1a: Groudon|6\/100 tox|[from] psn\n|upkeep\n|turn|10\n|\n|t:|1698537021\n|switch|p2a: Arceus|Arceus-Fighting|100\/100\n|move|p1a: Groudon|Heat Crash|p2a: Arceus\n|-damage|p2a: Arceus|0 fnt\n|faint|p2a: Arceus\n|\n|-weather|DesolateLand|[upkeep]\n|-damage|p1a: Groudon|0 fnt|[from] psn\n|faint|p1a: Groudon\n|-weather|none\n|upkeep\n|\n|t:|1698537040\n|switch|p1a: \u9ad8\u538b\u7535\u7ebf|Regieleki, shiny|100\/100\n|switch|p2a: Basculegion|Basculegion, M, shiny|100\/100\n|turn|11\n|\n|t:|1698537051\n|switch|p2a: Xerneas|Xerneas, shiny|100\/100\n|-ability|p2a: Xerneas|Fairy Aura\n|move|p1a: \u9ad8\u538b\u7535\u7ebf|Volt Switch|p2a: Xerneas\n|-damage|p2a: Xerneas|54\/100\n|\n|t:|1698537058\n|switch|p1a: \u767d\u6bdb\u5de8\u9b54|Grimmsnarl, M, shiny|100\/100|[from] Volt Switch\n|\n|upkeep\n|turn|12\n|\n|t:|1698537064\n|move|p1a: \u767d\u6bdb\u5de8\u9b54|Taunt|p2a: Xerneas\n|-start|p2a: Xerneas|move: Taunt\n|cant|p2a: Xerneas|move: Taunt|Geomancy\n|\n|upkeep\n|turn|13\n|\n|t:|1698537069\n|move|p1a: \u767d\u6bdb\u5de8\u9b54|Thunder Wave|p2a: Xerneas\n|-status|p2a: Xerneas|par\n|move|p2a: Xerneas|Draining Kiss|p1a: \u767d\u6bdb\u5de8\u9b54\n|-supereffective|p1a: \u767d\u6bdb\u5de8\u9b54\n|-crit|p1a: \u767d\u6bdb\u5de8\u9b54\n|-damage|p1a: \u767d\u6bdb\u5de8\u9b54|0 fnt\n|-heal|p2a: Xerneas|100\/100 par|[from] drain|[of] p1a: \u767d\u6bdb\u5de8\u9b54\n|faint|p1a: \u767d\u6bdb\u5de8\u9b54\n|\n|upkeep\n|\n|t:|1698537080\n|switch|p1a: \u9ad8\u538b\u7535\u7ebf|Regieleki, shiny|100\/100\n|turn|14\n|\n|t:|1698537084\n|move|p1a: \u9ad8\u538b\u7535\u7ebf|Volt Switch|p2a: Xerneas\n|-damage|p2a: Xerneas|53\/100 par\n|\n|t:|1698537087\n|switch|p1a: \u95ea\u5149mega\u5927\u5634\u96c0|Ho-Oh, shiny|100\/100|[from] Volt Switch\n|cant|p2a: Xerneas|par\n|\n|-end|p2a: Xerneas|move: Taunt\n|upkeep\n|turn|15\n|\n|t:|1698537096\n|switch|p2a: Ho-Oh|Ho-Oh, shiny|97\/100\n|move|p1a: \u95ea\u5149mega\u5927\u5634\u96c0|Sacred Fire|p2a: Ho-Oh\n|-resisted|p2a: Ho-Oh\n|-damage|p2a: Ho-Oh|83\/100\n|\n|upkeep\n|turn|16\n|\n|t:|1698537104\n|move|p1a: \u95ea\u5149mega\u5927\u5634\u96c0|Sacred Fire|p2a: Ho-Oh\n|-resisted|p2a: Ho-Oh\n|-damage|p2a: Ho-Oh|67\/100\n|move|p2a: Ho-Oh|Toxic|p1a: \u95ea\u5149mega\u5927\u5634\u96c0\n|-status|p1a: \u95ea\u5149mega\u5927\u5634\u96c0|tox\n|\n|-damage|p1a: \u95ea\u5149mega\u5927\u5634\u96c0|94\/100 tox|[from] psn\n|upkeep\n|turn|17\n|\n|t:|1698537117\n|move|p1a: \u95ea\u5149mega\u5927\u5634\u96c0|Sacred Fire|p2a: Ho-Oh\n|-resisted|p2a: Ho-Oh\n|-damage|p2a: Ho-Oh|52\/100\n|move|p2a: Ho-Oh|Roost|p2a: Ho-Oh\n|-heal|p2a: Ho-Oh|100\/100\n|-singleturn|p2a: Ho-Oh|move: Roost\n|\n|-damage|p1a: \u95ea\u5149mega\u5927\u5634\u96c0|82\/100 tox|[from] psn\n|upkeep\n|turn|18\n|\n|t:|1698537127\n|move|p2a: Ho-Oh|Sacred Fire|p1a: \u95ea\u5149mega\u5927\u5634\u96c0\n|-resisted|p1a: \u95ea\u5149mega\u5927\u5634\u96c0\n|-damage|p1a: \u95ea\u5149mega\u5927\u5634\u96c0|66\/100 tox\n|move|p1a: \u95ea\u5149mega\u5927\u5634\u96c0|Sacred Fire|p2a: Ho-Oh\n|-resisted|p2a: Ho-Oh\n|-damage|p2a: Ho-Oh|86\/100\n|\n|-damage|p1a: \u95ea\u5149mega\u5927\u5634\u96c0|48\/100 tox|[from] psn\n|upkeep\n|turn|19\n|\n|t:|1698537137\n|move|p1a: \u95ea\u5149mega\u5927\u5634\u96c0|Sacred Fire|p2a: Ho-Oh\n|-resisted|p2a: Ho-Oh\n|-damage|p2a: Ho-Oh|72\/100\n|move|p2a: Ho-Oh|Sacred Fire|p1a: \u95ea\u5149mega\u5927\u5634\u96c0\n|-resisted|p1a: \u95ea\u5149mega\u5927\u5634\u96c0\n|-damage|p1a: \u95ea\u5149mega\u5927\u5634\u96c0|32\/100 tox\n|\n|-damage|p1a: \u95ea\u5149mega\u5927\u5634\u96c0|7\/100 tox|[from] psn\n|upkeep\n|turn|20\n|\n|t:|1698537155\n|switch|p1a: \u5b89\u5229\u56e0\u5854|Garchomp, F|100\/100\n|move|p2a: Ho-Oh|Sacred Fire|p1a: \u5b89\u5229\u56e0\u5854\n|-resisted|p1a: \u5b89\u5229\u56e0\u5854\n|-damage|p1a: \u5b89\u5229\u56e0\u5854|80\/100\n|\n|upkeep\n|turn|21\n|\n|t:|1698537169\n|detailschange|p1a: \u5b89\u5229\u56e0\u5854|Garchomp-Mega, F\n|-mega|p1a: \u5b89\u5229\u56e0\u5854|Garchomp|Garchompite\n|move|p1a: \u5b89\u5229\u56e0\u5854|Swords Dance|p1a: \u5b89\u5229\u56e0\u5854\n|-boost|p1a: \u5b89\u5229\u56e0\u5854|atk|2\n|move|p2a: Ho-Oh|Sacred Fire|p1a: \u5b89\u5229\u56e0\u5854\n|-resisted|p1a: \u5b89\u5229\u56e0\u5854\n|-damage|p1a: \u5b89\u5229\u56e0\u5854|62\/100\n|\n|upkeep\n|turn|22\n|\n|t:|1698537183\n|move|p1a: \u5b89\u5229\u56e0\u5854|Scale Shot|p2a: Ho-Oh\n|-damage|p2a: Ho-Oh|50\/100\n|-damage|p2a: Ho-Oh|31\/100\n|-damage|p2a: Ho-Oh|9\/100\n|-damage|p2a: Ho-Oh|0 fnt\n|faint|p2a: Ho-Oh\n|-hitcount|p2: Ho-Oh|4\n|-unboost|p1a: \u5b89\u5229\u56e0\u5854|def|1\n|-boost|p1a: \u5b89\u5229\u56e0\u5854|spe|1\n|\n|upkeep\n|\n|t:|1698537191\n|switch|p2a: Yveltal|Yveltal, shiny|100\/100\n|-ability|p2a: Yveltal|Dark Aura\n|turn|23\n|\n|t:|1698537197\n|-terastallize|p2a: Yveltal|Dark\n|move|p2a: Yveltal|Sucker Punch|p1a: \u5b89\u5229\u56e0\u5854\n|-damage|p1a: \u5b89\u5229\u56e0\u5854|0 fnt\n|faint|p1a: \u5b89\u5229\u56e0\u5854\n|\n|upkeep\n|\n|t:|1698537204\n|switch|p1a: \u9ad8\u538b\u7535\u7ebf|Regieleki, shiny|100\/100\n|turn|24\n|\n|t:|1698537210\n|move|p2a: Yveltal|Sucker Punch|p1a: \u9ad8\u538b\u7535\u7ebf\n|-damage|p1a: \u9ad8\u538b\u7535\u7ebf|0 fnt\n|faint|p1a: \u9ad8\u538b\u7535\u7ebf\n|\n|upkeep\n|\n|t:|1698537215\n|switch|p1a: \u591c\u6e38\u9b42|Marshadow|100\/100\n|turn|25\n|\n|t:|1698537225\n|switch|p2a: Xerneas|Xerneas, shiny|53\/100 par\n|-ability|p2a: Xerneas|Fairy Aura\n|move|p1a: \u591c\u6e38\u9b42|Close Combat|p2a: Xerneas\n|-resisted|p2a: Xerneas\n|-damage|p2a: Xerneas|28\/100 par\n|-unboost|p1a: \u591c\u6e38\u9b42|def|1\n|-unboost|p1a: \u591c\u6e38\u9b42|spd|1\n|\n|upkeep\n|turn|26\n|inactive|Beaver Agedashi has 120 seconds left.\n|\n|t:|1698537261\n|-terastallize|p1a: \u591c\u6e38\u9b42|Ghost\n|move|p1a: \u591c\u6e38\u9b42|Close Combat|p2a: Xerneas\n|-resisted|p2a: Xerneas\n|-damage|p2a: Xerneas|5\/100 par\n|-unboost|p1a: \u591c\u6e38\u9b42|def|1\n|-unboost|p1a: \u591c\u6e38\u9b42|spd|1\n|move|p2a: Xerneas|Draining Kiss|p1a: \u591c\u6e38\u9b42\n|-damage|p1a: \u591c\u6e38\u9b42|6\/100\n|-heal|p2a: Xerneas|55\/100 par|[from] drain|[of] p1a: \u591c\u6e38\u9b42\n|\n|upkeep\n|turn|27\n|inactive|Beaver Agedashi has 120 seconds left.\n|\n|t:|1698537273\n|move|p1a: \u591c\u6e38\u9b42|Spectral Thief|p2a: Xerneas\n|-damage|p2a: Xerneas|4\/100 par\n|move|p2a: Xerneas|Draining Kiss|p1a: \u591c\u6e38\u9b42\n|-damage|p1a: \u591c\u6e38\u9b42|0 fnt\n|-heal|p2a: Xerneas|8\/100 par|[from] drain|[of] p1a: \u591c\u6e38\u9b42\n|faint|p1a: \u591c\u6e38\u9b42\n|\n|upkeep\n|\n|t:|1698537283\n|switch|p1a: \u95ea\u5149mega\u5927\u5634\u96c0|Ho-Oh, shiny|41\/100 tox\n|turn|28\n|\n|t:|1698537287\n|move|p1a: \u95ea\u5149mega\u5927\u5634\u96c0|Recover|p1a: \u95ea\u5149mega\u5927\u5634\u96c0\n|-heal|p1a: \u95ea\u5149mega\u5927\u5634\u96c0|91\/100 tox\n|cant|p2a: Xerneas|par\n|\n|-damage|p1a: \u95ea\u5149mega\u5927\u5634\u96c0|84\/100 tox|[from] psn\n|upkeep\n|turn|29\n|\n|t:|1698537295\n|move|p1a: \u95ea\u5149mega\u5927\u5634\u96c0|Earthquake|p2a: Xerneas\n|-damage|p2a: Xerneas|0 fnt\n|faint|p2a: Xerneas\n|\n|-damage|p1a: \u95ea\u5149mega\u5927\u5634\u96c0|72\/100 tox|[from] psn\n|upkeep\n|\n|t:|1698537298\n|switch|p2a: Yveltal|Yveltal, shiny, tera:Dark|100\/100\n|-ability|p2a: Yveltal|Dark Aura\n|turn|30\n|\n|t:|1698537305\n|move|p2a: Yveltal|Dark Pulse|p1a: \u95ea\u5149mega\u5927\u5634\u96c0\n|-damage|p1a: \u95ea\u5149mega\u5927\u5634\u96c0|32\/100 tox\n|move|p1a: \u95ea\u5149mega\u5927\u5634\u96c0|Sacred Fire|p2a: Yveltal\n|-damage|p2a: Yveltal|61\/100\n|-status|p2a: Yveltal|brn\n|\n|-damage|p1a: \u95ea\u5149mega\u5927\u5634\u96c0|13\/100 tox|[from] psn\n|-damage|p2a: Yveltal|55\/100 brn|[from] brn\n|upkeep\n|turn|31\n|\n|t:|1698537316\n|move|p2a: Yveltal|Oblivion Wing|p1a: \u95ea\u5149mega\u5927\u5634\u96c0\n|-damage|p1a: \u95ea\u5149mega\u5927\u5634\u96c0|0 fnt\n|-heal|p2a: Yveltal|64\/100 brn|[from] drain|[of] p1a: \u95ea\u5149mega\u5927\u5634\u96c0\n|faint|p1a: \u95ea\u5149mega\u5927\u5634\u96c0\n|\n|win|pkrokune\n|raw|Beaver Agedashi's rating: 1454 &rarr; <strong>1427<\/strong><br \/>(-27 for losing)\n|raw|pkrokune's rating: 1322 &rarr; <strong>1349<\/strong><br \/>(+27 for winning)\n|l|\u2606pkrokune\n|j|\u2606pkrokune\n|player|p2|pkrokune|alec-anime\n","uploadtime":1698537335,"views":16,"p1id":"beaveragedashi","p2id":"pkrokune","formatid":"gen9nationaldexubers","rating":1349,"private":0,"password":""}