{"id":"gen9nationaldexubers-1988626677","p1":"Angel Karma","p2":"jeyO12","format":"[Gen 9] National Dex Ubers","log":"|j|\u2606Angel Karma\n|j|\u2606jeyO12\n|t:|1699743521\n|gametype|singles\n|player|p1|Angel Karma|unknown|1413\n|player|p2|jeyO12|1|1298\n|teamsize|p1|6\n|teamsize|p2|6\n|gen|9\n|tier|[Gen 9] National Dex Ubers\n|rated|\n|rule|HP Percentage Mod: HP is shown in percentages\n|rule|Endless Battle Clause: Forcing endless battles is banned\n|rule|OHKO Clause: OHKO moves are banned\n|rule|Evasion Moves Clause: Evasion moves are banned\n|rule|Evasion Items Clause: Evasion items are banned\n|rule|Species Clause: Limit one of each Pok\u00e9mon\n|rule|Sleep Clause Mod: Limit one foe put to sleep\n|rule|Mega Rayquaza Clause: You cannot mega evolve Rayquaza\n|clearpoke\n|poke|p1|Haxorus, F|\n|poke|p1|Groudon|\n|poke|p1|Basculegion, M|\n|poke|p1|Yveltal|\n|poke|p1|Flutter Mane|\n|poke|p1|Lucario, M|\n|poke|p2|Sylveon, M|\n|poke|p2|Blaziken, F|\n|poke|p2|Alakazam, M|\n|poke|p2|Mandibuzz, F|\n|poke|p2|Toxapex, F|\n|poke|p2|Ferrothorn, M|\n|teampreview\n|inactive|Battle timer is ON: inactive players will automatically lose when time's up. (requested by jeyO12)\n|\n|t:|1699743534\n|start\n|switch|p1a: Haxorus|Haxorus, F|100\/100\n|switch|p2a: Mandibuzz|Mandibuzz, F|100\/100\n|-ability|p1a: Haxorus|Mold Breaker\n|turn|1\n|\n|t:|1699743544\n|switch|p1a: Lucario|Lucario, M, shiny|100\/100\n|move|p2a: Mandibuzz|Foul Play|p1a: Lucario\n|-resisted|p1a: Lucario\n|-damage|p1a: Lucario|63\/100\n|-ability|p1a: Lucario|Justified|boost\n|-boost|p1a: Lucario|atk|1\n|\n|upkeep\n|turn|2\n|\n|t:|1699743555\n|detailschange|p1a: Lucario|Lucario-Mega, M, shiny\n|-mega|p1a: Lucario|Lucario|Lucarionite\n|move|p1a: Lucario|Stone Edge|p2a: Mandibuzz\n|-supereffective|p2a: Mandibuzz\n|-damage|p2a: Mandibuzz|29\/100\n|move|p2a: Mandibuzz|Foul Play|p1a: Lucario\n|-resisted|p1a: Lucario\n|-damage|p1a: Lucario|13\/100\n|\n|-heal|p2a: Mandibuzz|35\/100|[from] item: Leftovers\n|upkeep\n|turn|3\n|\n|t:|1699743568\n|switch|p2a: Ferrothorn|Ferrothorn, M|100\/100\n|move|p1a: Lucario|High Jump Kick|p2a: Ferrothorn\n|-supereffective|p2a: Ferrothorn\n|-damage|p2a: Ferrothorn|0 fnt\n|-damage|p1a: Lucario|0 fnt|[from] ability: Iron Barbs|[of] p2a: Ferrothorn\n|faint|p2a: Ferrothorn\n|faint|p1a: Lucario\n|\n|upkeep\n|c|\u2606jeyO12|dang\n|\n|t:|1699743580\n|switch|p1a: Haxorus|Haxorus, F|100\/100\n|switch|p2a: Mandibuzz|Mandibuzz, F|35\/100\n|-ability|p1a: Haxorus|Mold Breaker\n|turn|4\n|\n|t:|1699743591\n|move|p1a: Haxorus|Iron Head|p2a: Mandibuzz\n|-damage|p2a: Mandibuzz|17\/100\n|move|p2a: Mandibuzz|Roost|p2a: Mandibuzz\n|-heal|p2a: Mandibuzz|67\/100\n|-singleturn|p2a: Mandibuzz|move: Roost\n|\n|-heal|p2a: Mandibuzz|73\/100|[from] item: Leftovers\n|upkeep\n|turn|5\n|\n|t:|1699743609\n|move|p1a: Haxorus|Iron Head|p2a: Mandibuzz\n|-damage|p2a: Mandibuzz|54\/100\n|move|p2a: Mandibuzz|Roost|p2a: Mandibuzz\n|-heal|p2a: Mandibuzz|100\/100\n|-singleturn|p2a: Mandibuzz|move: Roost\n|\n|upkeep\n|turn|6\n|inactive|jeyO12 has 120 seconds left.\n|inactive|jeyO12 has 90 seconds left.\n|inactive|jeyO12 has 60 seconds left.\n|\n|t:|1699743723\n|switch|p1a: Flutter Mane|Flutter Mane|100\/100\n|move|p2a: Mandibuzz|Foul Play|p1a: Flutter Mane\n|-damage|p1a: Flutter Mane|71\/100\n|\n|upkeep\n|turn|7\n|\n|t:|1699743744\n|switch|p2a: Toxapex|Toxapex, F|100\/100\n|move|p1a: Flutter Mane|Moonblast|p2a: Toxapex\n|-resisted|p2a: Toxapex\n|-damage|p2a: Toxapex|81\/100\n|\n|-heal|p2a: Toxapex|87\/100|[from] item: Black Sludge\n|upkeep\n|turn|8\n|inactive|Angel Karma has 120 seconds left.\n|\n|t:|1699743777\n|move|p1a: Flutter Mane|Thunder Wave|p2a: Toxapex|[miss]\n|-miss|p1a: Flutter Mane|p2a: Toxapex\n|move|p2a: Toxapex|Scald|p1a: Flutter Mane\n|-damage|p1a: Flutter Mane|54\/100\n|-status|p1a: Flutter Mane|brn\n|\n|-heal|p2a: Toxapex|93\/100|[from] item: Black Sludge\n|-damage|p1a: Flutter Mane|48\/100 brn|[from] brn\n|upkeep\n|turn|9\n|inactive|Angel Karma has 120 seconds left.\n|inactive|jeyO12 has 30 seconds left.\n|\n|t:|1699743801\n|move|p1a: Flutter Mane|Thunder Wave|p2a: Toxapex\n|-immune|p2a: Toxapex|[from] ability: Limber\n|move|p2a: Toxapex|Scald|p1a: Flutter Mane\n|-damage|p1a: Flutter Mane|30\/100 brn\n|\n|-heal|p2a: Toxapex|99\/100|[from] item: Black Sludge\n|-damage|p1a: Flutter Mane|24\/100 brn|[from] brn\n|upkeep\n|turn|10\n|inactive|jeyO12 has 30 seconds left.\n|\n|t:|1699743816\n|move|p1a: Flutter Mane|Thunder Wave|p2a: Toxapex\n|-immune|p2a: Toxapex|[from] ability: Limber\n|move|p2a: Toxapex|Scald|p1a: Flutter Mane\n|-damage|p1a: Flutter Mane|7\/100 brn\n|\n|-heal|p2a: Toxapex|100\/100|[from] item: Black Sludge\n|-damage|p1a: Flutter Mane|1\/100 brn|[from] brn\n|upkeep\n|turn|11\n|\n|t:|1699743827\n|move|p2a: Toxapex|Baneful Bunker|p2a: Toxapex\n|-singleturn|p2a: Toxapex|move: Protect\n|move|p1a: Flutter Mane|Hex|p2a: Toxapex\n|-activate|p2a: Toxapex|move: Protect\n|\n|-damage|p1a: Flutter Mane|0 fnt|[from] brn\n|faint|p1a: Flutter Mane\n|-end|p1a: Flutter Mane|Protosynthesis|[silent]\n|upkeep\n|inactive|Angel Karma has 90 seconds left.\n|\n|t:|1699743855\n|switch|p1a: Groudon|Groudon, shiny|100\/100\n|detailschange|p1a: Groudon|Groudon-Primal, shiny\n|-primal|p1a: Groudon|Red Orb\n|-weather|DesolateLand|[from] ability: Desolate Land|[of] p1a: Groudon\n|turn|12\n|\n|t:|1699743865\n|switch|p2a: Mandibuzz|Mandibuzz, F|100\/100\n|move|p1a: Groudon|Rock Polish|p1a: Groudon\n|-boost|p1a: Groudon|spe|2\n|\n|-weather|DesolateLand|[upkeep]\n|upkeep\n|turn|13\n|\n|t:|1699743875\n|move|p1a: Groudon|Swords Dance|p1a: Groudon\n|-boost|p1a: Groudon|atk|2\n|move|p2a: Mandibuzz|Toxic|p1a: Groudon\n|-status|p1a: Groudon|tox\n|\n|-weather|DesolateLand|[upkeep]\n|-damage|p1a: Groudon|94\/100 tox|[from] psn\n|upkeep\n|turn|14\n|\n|t:|1699743884\n|move|p1a: Groudon|Heat Crash|p2a: Mandibuzz\n|-damage|p2a: Mandibuzz|0 fnt\n|faint|p2a: Mandibuzz\n|\n|-weather|DesolateLand|[upkeep]\n|-damage|p1a: Groudon|82\/100 tox|[from] psn\n|upkeep\n|inactive|jeyO12 has 60 seconds left.\n|\n|t:|1699743911\n|switch|p2a: Sylveon|Sylveon, M|100\/100\n|turn|15\n|\n|t:|1699743919\n|switch|p2a: Toxapex|Toxapex, F|100\/100\n|move|p1a: Groudon|Heat Crash|p2a: Toxapex\n|-resisted|p2a: Toxapex\n|-damage|p2a: Toxapex|19\/100\n|\n|-weather|DesolateLand|[upkeep]\n|-heal|p2a: Toxapex|25\/100|[from] item: Black Sludge\n|-damage|p1a: Groudon|64\/100 tox|[from] psn\n|upkeep\n|turn|16\n|inactive|Angel Karma has 120 seconds left.\n|\n|t:|1699743937\n|move|p2a: Toxapex|Baneful Bunker|p2a: Toxapex\n|-singleturn|p2a: Toxapex|move: Protect\n|move|p1a: Groudon|Swords Dance|p1a: Groudon\n|-boost|p1a: Groudon|atk|2\n|\n|-weather|DesolateLand|[upkeep]\n|-heal|p2a: Toxapex|31\/100|[from] item: Black Sludge\n|-damage|p1a: Groudon|39\/100 tox|[from] psn\n|upkeep\n|turn|17\n|inactive|jeyO12 has 60 seconds left.\n|\n|t:|1699743951\n|move|p2a: Toxapex|Baneful Bunker||[still]\n|-fail|p2a: Toxapex\n|move|p1a: Groudon|Heat Crash|p2a: Toxapex\n|-resisted|p2a: Toxapex\n|-damage|p2a: Toxapex|0 fnt\n|faint|p2a: Toxapex\n|\n|-weather|DesolateLand|[upkeep]\n|-damage|p1a: Groudon|8\/100 tox|[from] psn\n|upkeep\n|\n|t:|1699743962\n|switch|p2a: Blaziken|Blaziken, F|100\/100\n|turn|18\n|\n|t:|1699743966\n|-weather|none\n|switch|p1a: Yveltal|Yveltal|100\/100\n|-ability|p1a: Yveltal|Dark Aura\n|detailschange|p2a: Blaziken|Blaziken-Mega, F\n|-mega|p2a: Blaziken|Blaziken|Blazikenite\n|move|p2a: Blaziken|Protect||[still]\n|-fail|p2a: Blaziken\n|\n|-ability|p2a: Blaziken|Speed Boost|boost\n|-boost|p2a: Blaziken|spe|1\n|upkeep\n|turn|19\n|inactive|Angel Karma has 120 seconds left.\n|\n|t:|1699743984\n|switch|p2a: Sylveon|Sylveon, M|100\/100\n|move|p1a: Yveltal|Oblivion Wing|p2a: Sylveon\n|-damage|p2a: Sylveon|70\/100\n|\n|upkeep\n|turn|20\n|inactive|Angel Karma has 120 seconds left.\n|inactive|jeyO12 has 60 seconds left.\n|\n|t:|1699744028\n|switch|p1a: Groudon|Groudon-Primal, shiny|8\/100 tox\n|-weather|DesolateLand|[from] ability: Desolate Land|[of] p1a: Groudon\n|move|p2a: Sylveon|Moonblast|p1a: Groudon\n|-resisted|p1a: Groudon\n|-damage|p1a: Groudon|0 fnt\n|faint|p1a: Groudon\n|-weather|none\n|\n|upkeep\n|\n|t:|1699744038\n|switch|p1a: Haxorus|Haxorus, F|100\/100\n|-ability|p1a: Haxorus|Mold Breaker\n|turn|21\n|\n|t:|1699744046\n|-terastallize|p1a: Haxorus|Steel\n|move|p1a: Haxorus|Dragon Dance|p1a: Haxorus\n|-boost|p1a: Haxorus|atk|1\n|-boost|p1a: Haxorus|spe|1\n|move|p2a: Sylveon|Moonblast|p1a: Haxorus\n|-resisted|p1a: Haxorus\n|-damage|p1a: Haxorus|75\/100\n|-unboost|p1a: Haxorus|spa|1\n|\n|upkeep\n|turn|22\n|\n|t:|1699744061\n|switch|p2a: Blaziken|Blaziken-Mega, F|100\/100\n|move|p1a: Haxorus|Iron Head|p2a: Blaziken\n|-resisted|p2a: Blaziken\n|-damage|p2a: Blaziken|55\/100\n|\n|upkeep\n|turn|23\n|\n|t:|1699744069\n|move|p2a: Blaziken|Protect|p2a: Blaziken\n|-singleturn|p2a: Blaziken|Protect\n|move|p1a: Haxorus|Dragon Dance|p1a: Haxorus\n|-boost|p1a: Haxorus|atk|1\n|-boost|p1a: Haxorus|spe|1\n|\n|-ability|p2a: Blaziken|Speed Boost|boost\n|-boost|p2a: Blaziken|spe|1\n|-enditem|p1a: Haxorus|Mirror Herb\n|-boost|p1a: Haxorus|spe|1|[from] item: Mirror Herb\n|upkeep\n|turn|24\n|inactive|Angel Karma has 120 seconds left.\n|\n|t:|1699744083\n|move|p1a: Haxorus|Earthquake|p2a: Blaziken\n|-supereffective|p2a: Blaziken\n|-damage|p2a: Blaziken|0 fnt\n|faint|p2a: Blaziken\n|\n|upkeep\n|\n|t:|1699744085\n|switch|p2a: Alakazam|Alakazam, M|100\/100\n|turn|25\n|\n|t:|1699744095\n|move|p1a: Haxorus|Iron Head|p2a: Alakazam\n|-damage|p2a: Alakazam|0 fnt\n|faint|p2a: Alakazam\n|\n|upkeep\n|-message|jeyO12 forfeited.\n|\n|win|Angel Karma\n|raw|Angel Karma's rating: 1385 &rarr; <strong>1400<\/strong><br \/>(+15 for winning)\n|raw|jeyO12's rating: 1298 &rarr; <strong>1279<\/strong><br \/>(-19 for losing)\n|l|\u2606jeyO12\n|c|\u2606Angel Karma|Gg\n","uploadtime":1699744109,"views":5,"p1id":"angelkarma","p2id":"jeyo12","formatid":"gen9nationaldexubers","rating":1279,"private":0,"password":""}