{"id":"gen9nationaldexubers-1988110047","p1":"tillersaplant","p2":"ideisra","format":"[Gen 9] National Dex Ubers","log":"|j|\u2606tillersaplant\n|j|\u2606ideisra\n|t:|1699670748\n|gametype|singles\n|player|p1|tillersaplant|pokemonbreeder|1173\n|player|p2|ideisra|steven|1000\n|teamsize|p1|6\n|teamsize|p2|6\n|gen|9\n|tier|[Gen 9] National Dex Ubers\n|rated|\n|rule|HP Percentage Mod: HP is shown in percentages\n|rule|Endless Battle Clause: Forcing endless battles is banned\n|rule|OHKO Clause: OHKO moves are banned\n|rule|Evasion Moves Clause: Evasion moves are banned\n|rule|Evasion Items Clause: Evasion items are banned\n|rule|Species Clause: Limit one of each Pok\u00e9mon\n|rule|Sleep Clause Mod: Limit one foe put to sleep\n|rule|Mega Rayquaza Clause: You cannot mega evolve Rayquaza\n|clearpoke\n|poke|p1|Sableye, F|\n|poke|p1|Dugtrio-Alola, M|\n|poke|p1|Goodra-Hisui, M|\n|poke|p1|Blacephalon|\n|poke|p1|Bewear, M|\n|poke|p1|Scream Tail|\n|poke|p2|Metagross|\n|poke|p2|Zapdos|\n|poke|p2|Heracross, M|\n|poke|p2|Weavile, F|\n|poke|p2|Gengar, M|\n|poke|p2|Charizard, M|\n|teampreview\n|\n|t:|1699670758\n|start\n|switch|p1a: jiren|Scream Tail|100\/100\n|switch|p2a: Zapdos|Zapdos|100\/100\n|-ability|p2a: Zapdos|Pressure\n|turn|1\n|inactive|Battle timer is ON: inactive players will automatically lose when time's up. (requested by tillersaplant)\n|\n|t:|1699670767\n|move|p1a: jiren|Stealth Rock|p2a: Zapdos\n|-sidestart|p2: ideisra|move: Stealth Rock\n|move|p2a: Zapdos|Volt Switch|p1a: jiren\n|-damage|p1a: jiren|71\/100\n|\n|t:|1699670773\n|switch|p2a: Metagross|Metagross, shiny|100\/100|[from] Volt Switch\n|-damage|p2a: Metagross|94\/100|[from] Stealth Rock\n|\n|upkeep\n|turn|2\n|inactive|tillersaplant has 120 seconds left.\n|\n|t:|1699670810\n|move|p1a: jiren|Boomburst|p2a: Metagross\n|-resisted|p2a: Metagross\n|-damage|p2a: Metagross|77\/100\n|-enditem|p1a: jiren|Throat Spray\n|-boost|p1a: jiren|spa|1|[from] item: Throat Spray\n|move|p2a: Metagross|Ice Punch|p1a: jiren\n|-damage|p1a: jiren|46\/100\n|\n|upkeep\n|turn|3\n|inactive|tillersaplant has 120 seconds left.\n|\n|t:|1699670820\n|move|p1a: jiren|Encore|p2a: Metagross\n|-start|p2a: Metagross|Encore\n|move|p2a: Metagross|Ice Punch|p1a: jiren\n|-damage|p1a: jiren|22\/100\n|\n|upkeep\n|turn|4\n|inactive|tillersaplant has 120 seconds left.\n|\n|t:|1699670828\n|move|p1a: jiren|Boomburst|p2a: Metagross\n|-resisted|p2a: Metagross\n|-damage|p2a: Metagross|49\/100\n|move|p2a: Metagross|Ice Punch|p1a: jiren\n|-damage|p1a: jiren|0 fnt\n|faint|p1a: jiren\n|-end|p1a: jiren|Protosynthesis|[silent]\n|\n|upkeep\n|inactive|tillersaplant has 120 seconds left.\n|\n|t:|1699670835\n|switch|p1a: Blacephalon|Blacephalon|100\/100\n|turn|5\n|\n|t:|1699670839\n|move|p1a: Blacephalon|Shadow Ball|p2a: Metagross\n|-supereffective|p2a: Metagross\n|-damage|p2a: Metagross|0 fnt\n|faint|p2a: Metagross\n|-ability|p1a: Blacephalon|Beast Boost|boost\n|-boost|p1a: Blacephalon|spa|1\n|\n|upkeep\n|\n|t:|1699670846\n|switch|p2a: Zapdos|Zapdos|100\/100\n|-damage|p2a: Zapdos|76\/100|[from] Stealth Rock\n|-ability|p2a: Zapdos|Pressure\n|turn|6\n|\n|t:|1699670854\n|move|p1a: Blacephalon|Flame Charge|p2a: Zapdos\n|-damage|p2a: Zapdos|54\/100\n|-boost|p1a: Blacephalon|spe|1\n|move|p2a: Zapdos|Volt Switch|p1a: Blacephalon\n|-damage|p1a: Blacephalon|41\/100\n|\n|t:|1699670863\n|switch|p2a: Weavile|Weavile, F|100\/100|[from] Volt Switch\n|-damage|p2a: Weavile|76\/100|[from] Stealth Rock\n|-ability|p2a: Weavile|Pressure\n|\n|upkeep\n|turn|7\n|\n|t:|1699670872\n|move|p1a: Blacephalon|Flamethrower|p2a: Weavile\n|-supereffective|p2a: Weavile\n|-damage|p2a: Weavile|0 fnt\n|faint|p2a: Weavile\n|-ability|p1a: Blacephalon|Beast Boost|boost\n|-boost|p1a: Blacephalon|spa|1\n|\n|upkeep\n|\n|t:|1699670879\n|switch|p2a: Zapdos|Zapdos|54\/100\n|-damage|p2a: Zapdos|29\/100|[from] Stealth Rock\n|-ability|p2a: Zapdos|Pressure\n|turn|8\n|\n|t:|1699670885\n|move|p1a: Blacephalon|Flamethrower|p2a: Zapdos\n|-damage|p2a: Zapdos|0 fnt\n|faint|p2a: Zapdos\n|-ability|p1a: Blacephalon|Beast Boost|boost\n|-boost|p1a: Blacephalon|spa|1\n|\n|upkeep\n|\n|t:|1699670891\n|switch|p2a: Charizard|Charizard, M|100\/100\n|-damage|p2a: Charizard|50\/100|[from] Stealth Rock\n|turn|9\n|\n|t:|1699670898\n|detailschange|p2a: Charizard|Charizard-Mega-X, M\n|-mega|p2a: Charizard|Charizard|Charizardite X\n|move|p1a: Blacephalon|Shadow Ball|p2a: Charizard\n|-damage|p2a: Charizard|0 fnt\n|faint|p2a: Charizard\n|-ability|p1a: Blacephalon|Beast Boost|boost\n|-boost|p1a: Blacephalon|spa|1\n|\n|upkeep\n|\n|t:|1699670906\n|switch|p2a: Gengar|Gengar, M|100\/100\n|-damage|p2a: Gengar|88\/100|[from] Stealth Rock\n|turn|10\n|\n|t:|1699670912\n|move|p1a: Blacephalon|Shadow Ball|p2a: Gengar\n|-supereffective|p2a: Gengar\n|-damage|p2a: Gengar|0 fnt\n|faint|p2a: Gengar\n|-ability|p1a: Blacephalon|Beast Boost|boost\n|-boost|p1a: Blacephalon|spa|1\n|\n|upkeep\n|\n|t:|1699670920\n|switch|p2a: Heracross|Heracross, M|100\/100\n|-damage|p2a: Heracross|88\/100|[from] Stealth Rock\n|turn|11\n|\n|t:|1699670944\n|move|p1a: Blacephalon|Flamethrower|p2a: Heracross\n|-supereffective|p2a: Heracross\n|-damage|p2a: Heracross|0 fnt\n|faint|p2a: Heracross\n|\n|win|tillersaplant\n|raw|tillersaplant's rating: 1173 &rarr; <strong>1186<\/strong><br \/>(+13 for winning)\n|raw|ideisra's rating: 1000 &rarr; <strong>1000<\/strong><br \/>(+0 for losing)\n|l|\u2606ideisra\n","uploadtime":1699670959,"views":19,"p1id":"tillersaplant","p2id":"ideisra","formatid":"gen9nationaldexubers","rating":1000,"private":0,"password":""}