{"id":"gen9nationaldexubers-1979627653","p1":"Vukes","p2":"goobiathan","format":"[Gen 9] National Dex Ubers","log":"|j|\u2606Vukes\n|j|\u2606goobiathan\n|t:|1698697947\n|gametype|singles\n|player|p1|Vukes|ariana|\n|player|p2|goobiathan|n|\n|teamsize|p1|6\n|teamsize|p2|6\n|gen|9\n|tier|[Gen 9] National Dex Ubers\n|rule|HP Percentage Mod: HP is shown in percentages\n|rule|Endless Battle Clause: Forcing endless battles is banned\n|rule|OHKO Clause: OHKO moves are banned\n|rule|Evasion Moves Clause: Evasion moves are banned\n|rule|Evasion Items Clause: Evasion items are banned\n|rule|Species Clause: Limit one of each Pok\u00e9mon\n|rule|Sleep Clause Mod: Limit one foe put to sleep\n|rule|Mega Rayquaza Clause: You cannot mega evolve Rayquaza\n|clearpoke\n|poke|p1|Venusaur, M|\n|poke|p1|Landorus-Therian, M|\n|poke|p1|Walking Wake|\n|poke|p1|Dragonite, M|\n|poke|p1|Slowking-Galar, M|\n|poke|p1|Torkoal, M|\n|poke|p2|Urshifu-*, M|\n|poke|p2|Silvally-*|\n|poke|p2|Scream Tail|\n|poke|p2|Kommo-o, M|\n|poke|p2|Moltres-Galar|\n|poke|p2|Charizard, M|\n|teampreview\n|j| SuperOinge22\n|\n|t:|1698698026\n|start\n|switch|p1a: Torkoal|Torkoal, M|100\/100\n|switch|p2a: Charizard|Charizard, M|100\/100\n|-weather|SunnyDay|[from] ability: Drought|[of] p1a: Torkoal\n|turn|1\n|j| itzZen\n|j| NotMHP\n|\n|t:|1698698039\n|detailschange|p2a: Charizard|Charizard-Mega-X, M\n|-mega|p2a: Charizard|Charizard|Charizardite X\n|move|p2a: Charizard|Dragon Dance|p2a: Charizard\n|-boost|p2a: Charizard|atk|1\n|-boost|p2a: Charizard|spe|1\n|move|p1a: Torkoal|Yawn|p2a: Charizard\n|-start|p2a: Charizard|move: Yawn|[of] p1a: Torkoal\n|\n|-weather|SunnyDay|[upkeep]\n|upkeep\n|turn|2\n|\n|t:|1698698076\n|switch|p2a: Scream Tail|Scream Tail|100\/100\n|-activate|p2a: Scream Tail|ability: Protosynthesis\n|-start|p2a: Scream Tail|protosynthesisspd\n|move|p1a: Torkoal|Stealth Rock|p2a: Scream Tail\n|-sidestart|p2: goobiathan|move: Stealth Rock\n|\n|-weather|SunnyDay|[upkeep]\n|upkeep\n|turn|3\n|c| SuperOinge22|omg scream tail hiiiii :)\n|c|\u2606goobiathan|I made a mistake in my sets\n|c|\u2606goobiathan|oops\n|c|\u2606goobiathan|may lose this now\n|c|\u2606Vukes|wanna restart\n|c|\u2606goobiathan|pulling a gacha\n|c|\u2606goobiathan|No\n|\n|t:|1698698119\n|switch|p1a: Slowking|Slowking-Galar, M|100\/100\n|move|p2a: Scream Tail|Light Screen|p2a: Scream Tail\n|-sidestart|p2: goobiathan|move: Light Screen\n|\n|-weather|SunnyDay|[upkeep]\n|upkeep\n|turn|4\n|j| Ibitak\n|\n|t:|1698698133\n|-end|p2a: Scream Tail|Protosynthesis|[silent]\n|switch|p2a: Charizard|Charizard-Mega-X, M|100\/100\n|-damage|p2a: Charizard|76\/100|[from] Stealth Rock\n|move|p1a: Slowking|Brick Break|p2a: Charizard\n|-sideend|p2: goobiathan|move: Light Screen\n|-damage|p2a: Charizard|64\/100\n|\n|-weather|SunnyDay|[upkeep]\n|upkeep\n|turn|5\n|c| SuperOinge22|lets fucking go man\n|c|\u2606goobiathan|BRICK BREAK\n|c|\u2606goobiathan|LMFAO\n|c|\u2606goobiathan|HES A GENIUS\n|c|\u2606Vukes|i got le tech\n|\n|t:|1698698214\n|switch|p1a: Landorus|Landorus-Therian, M|100\/100\n|-ability|p1a: Landorus|Intimidate|boost\n|-unboost|p2a: Charizard|atk|1\n|move|p2a: Charizard|Flare Blitz|p1a: Landorus\n|-damage|p1a: Landorus|4\/100\n|-damage|p2a: Charizard|30\/100|[from] Recoil\n|\n|-weather|SunnyDay|[upkeep]\n|upkeep\n|turn|6\n|\n|t:|1698698230\n|move|p1a: Landorus|U-turn|p2a: Charizard\n|-resisted|p2a: Charizard\n|-damage|p2a: Charizard|16\/100\n|\n|t:|1698698242\n|switch|p1a: Torkoal|Torkoal, M|100\/100|[from] U-turn\n|move|p2a: Charizard|Dragon Claw|p1a: Torkoal\n|-damage|p1a: Torkoal|81\/100\n|\n|-weather|SunnyDay|[upkeep]\n|upkeep\n|turn|7\n|\n|t:|1698698256\n|move|p2a: Charizard|Dragon Dance|p2a: Charizard\n|-boost|p2a: Charizard|atk|1\n|-boost|p2a: Charizard|spe|1\n|move|p1a: Torkoal|Lava Plume|p2a: Charizard\n|-resisted|p2a: Charizard\n|-damage|p2a: Charizard|5\/100\n|\n|-weather|SunnyDay|[upkeep]\n|upkeep\n|turn|8\n|\n|t:|1698698269\n|move|p2a: Charizard|Flare Blitz|p1a: Torkoal\n|-resisted|p1a: Torkoal\n|-damage|p1a: Torkoal|49\/100\n|-damage|p2a: Charizard|0 fnt|[from] Recoil\n|faint|p2a: Charizard\n|move|p1a: Torkoal|Lava Plume|p2: Charizard|[notarget]\n|-fail|p1a: Torkoal\n|\n|-weather|none\n|upkeep\n|\n|t:|1698698281\n|switch|p2a: Urshifu|Urshifu-Rapid-Strike, M|100\/100\n|-damage|p2a: Urshifu|94\/100|[from] Stealth Rock\n|turn|9\n|\n|t:|1698698288\n|switch|p1a: Landorus|Landorus-Therian, M|4\/100\n|-ability|p1a: Landorus|Intimidate|boost\n|-unboost|p2a: Urshifu|atk|1\n|move|p2a: Urshifu|Surging Strikes|p1a: Landorus\n|-supereffective|p1a: Landorus\n|-crit|p1a: Landorus\n|-damage|p1a: Landorus|0 fnt\n|faint|p1a: Landorus\n|-hitcount|p1: Landorus|1\n|\n|upkeep\n|\n|t:|1698698296\n|switch|p1a: Torkoal|Torkoal, M|49\/100\n|-weather|SunnyDay|[from] ability: Drought|[of] p1a: Torkoal\n|turn|10\n|\n|t:|1698698363\n|switch|p1a: Dragonite|Dragonite, M|100\/100\n|move|p2a: Urshifu|U-turn|p1a: Dragonite\n|-resisted|p1a: Dragonite\n|-damage|p1a: Dragonite|96\/100\n|\n|t:|1698698377\n|switch|p2a: Kommo-o|Kommo-o, M|100\/100|[from] U-turn\n|-damage|p2a: Kommo-o|94\/100|[from] Stealth Rock\n|\n|-weather|SunnyDay|[upkeep]\n|upkeep\n|turn|11\n|\n|t:|1698698387\n|switch|p1a: Slowking|Slowking-Galar, M|100\/100\n|move|p2a: Kommo-o|Ice Punch|p1a: Slowking\n|-damage|p1a: Slowking|78\/100\n|\n|-weather|SunnyDay|[upkeep]\n|upkeep\n|turn|12\n|c|\u2606Vukes|phys kommo damn\n|\n|t:|1698698407\n|move|p2a: Kommo-o|Clangorous Soul|p2a: Kommo-o\n|-boost|p2a: Kommo-o|atk|1\n|-boost|p2a: Kommo-o|def|1\n|-boost|p2a: Kommo-o|spa|1\n|-boost|p2a: Kommo-o|spd|1\n|-boost|p2a: Kommo-o|spe|1\n|-damage|p2a: Kommo-o|62\/100\n|move|p1a: Slowking|Future Sight|p2a: Kommo-o\n|-start|p1a: Slowking|move: Future Sight\n|\n|-weather|SunnyDay|[upkeep]\n|upkeep\n|turn|13\n|c| SuperOinge22|the superior kommo o ye\n|\n|t:|1698698422\n|move|p2a: Kommo-o|Earthquake|p1a: Slowking\n|-supereffective|p1a: Slowking\n|-damage|p1a: Slowking|0 fnt\n|faint|p1a: Slowking\n|\n|-weather|SunnyDay|[upkeep]\n|upkeep\n|\n|t:|1698698431\n|switch|p1a: Walking Wake|Walking Wake|100\/100\n|-activate|p1a: Walking Wake|ability: Protosynthesis\n|-start|p1a: Walking Wake|protosynthesisspe\n|turn|14\n|\n|t:|1698698466\n|move|p1a: Walking Wake|Draco Meteor|p2a: Kommo-o\n|-supereffective|p2a: Kommo-o\n|-damage|p2a: Kommo-o|0 fnt\n|-unboost|p1a: Walking Wake|spa|2\n|faint|p2a: Kommo-o\n|\n|-weather|SunnyDay|[upkeep]\n|-hint|Future Sight did not hit because the target is fainted.\n|upkeep\n|\n|t:|1698698473\n|switch|p2a: Scream Tail|Scream Tail|100\/100\n|-damage|p2a: Scream Tail|88\/100|[from] Stealth Rock\n|-activate|p2a: Scream Tail|ability: Protosynthesis\n|-start|p2a: Scream Tail|protosynthesisspd\n|turn|15\n|\n|t:|1698698480\n|-end|p1a: Walking Wake|Protosynthesis|[silent]\n|switch|p1a: Venusaur|Venusaur, M|100\/100\n|move|p2a: Scream Tail|Thunder Wave|p1a: Venusaur\n|-status|p1a: Venusaur|par\n|\n|-weather|SunnyDay|[upkeep]\n|upkeep\n|turn|16\n|\n|t:|1698698487\n|move|p1a: Venusaur|Growth|p1a: Venusaur\n|-boost|p1a: Venusaur|atk|2\n|-boost|p1a: Venusaur|spa|2\n|move|p2a: Scream Tail|Light Screen|p2a: Scream Tail\n|-sidestart|p2: goobiathan|move: Light Screen\n|\n|-weather|SunnyDay|[upkeep]\n|upkeep\n|turn|17\n|\n|t:|1698698549\n|-end|p2a: Scream Tail|Protosynthesis|[silent]\n|switch|p2a: Moltres|Moltres-Galar|100\/100\n|move|p1a: Venusaur|Sludge Bomb|p2a: Moltres\n|-damage|p2a: Moltres|49\/100\n|-ability|p2a: Moltres|Berserk|boost\n|-boost|p2a: Moltres|spa|1\n|-damage|p1a: Venusaur|91\/100 par|[from] item: Life Orb\n|\n|-weather|none\n|upkeep\n|turn|18\n|\n|t:|1698698563\n|-terastallize|p2a: Moltres|Ground\n|move|p2a: Moltres|Tera Blast|p1a: Venusaur|[anim] Tera Blast Ground\n|-damage|p1a: Venusaur|21\/100 par\n|move|p1a: Venusaur|Sludge Bomb|p2a: Moltres\n|-resisted|p2a: Moltres\n|-damage|p2a: Moltres|25\/100\n|-damage|p1a: Venusaur|11\/100 par|[from] item: Life Orb\n|\n|upkeep\n|turn|19\n|\n|t:|1698698575\n|move|p2a: Moltres|Fiery Wrath|p1a: Venusaur\n|-damage|p1a: Venusaur|0 fnt\n|faint|p1a: Venusaur\n|\n|upkeep\n|c|\u2606Vukes|wow im shocked cant lie\n|c| SuperOinge22|nice tera type\n|c|\u2606goobiathan|ty\n|\n|t:|1698698705\n|switch|p1a: Dragonite|Dragonite, M|96\/100\n|turn|20\n|\n|t:|1698698731\n|switch|p2a: Scream Tail|Scream Tail|88\/100\n|-damage|p2a: Scream Tail|76\/100|[from] Stealth Rock\n|move|p1a: Dragonite|Extreme Speed|p2a: Scream Tail\n|-damage|p2a: Scream Tail|53\/100\n|\n|upkeep\n|turn|21\n|\n|t:|1698698739\n|switch|p1a: Torkoal|Torkoal, M|49\/100\n|-weather|SunnyDay|[from] ability: Drought|[of] p1a: Torkoal\n|-activate|p2a: Scream Tail|ability: Protosynthesis\n|-start|p2a: Scream Tail|protosynthesisspd\n|move|p2a: Scream Tail|Reflect|p2a: Scream Tail\n|-sidestart|p2: goobiathan|Reflect\n|\n|-weather|SunnyDay|[upkeep]\n|upkeep\n|turn|22\n|\n|t:|1698698747\n|move|p2a: Scream Tail|Wish|p2a: Scream Tail\n|move|p1a: Torkoal|Yawn|p2a: Scream Tail\n|-start|p2a: Scream Tail|move: Yawn|[of] p1a: Torkoal\n|\n|-weather|SunnyDay|[upkeep]\n|upkeep\n|turn|23\n|\n|t:|1698698755\n|-end|p2a: Scream Tail|Protosynthesis|[silent]\n|switch|p2a: Moltres|Moltres-Galar, tera:Ground|25\/100\n|move|p1a: Torkoal|Yawn|p2a: Moltres\n|-start|p2a: Moltres|move: Yawn|[of] p1a: Torkoal\n|\n|-weather|SunnyDay|[upkeep]\n|-heal|p2a: Moltres|92\/100|[from] move: Wish|[wisher] Scream Tail\n|-sideend|p2: goobiathan|move: Light Screen\n|upkeep\n|turn|24\n|c| SuperOinge22|nicely done\n|\n|t:|1698698826\n|switch|p2a: Scream Tail|Scream Tail|53\/100\n|-damage|p2a: Scream Tail|41\/100|[from] Stealth Rock\n|-activate|p2a: Scream Tail|ability: Protosynthesis\n|-start|p2a: Scream Tail|protosynthesisspd\n|switch|p1a: Walking Wake|Walking Wake|100\/100\n|-activate|p1a: Walking Wake|ability: Protosynthesis\n|-start|p1a: Walking Wake|protosynthesisspe\n|\n|-weather|SunnyDay|[upkeep]\n|upkeep\n|turn|25\n|\n|t:|1698698836\n|move|p1a: Walking Wake|Hydro Steam|p2a: Scream Tail\n|-damage|p2a: Scream Tail|7\/100\n|move|p2a: Scream Tail|Light Screen|p2a: Scream Tail\n|-sidestart|p2: goobiathan|move: Light Screen\n|\n|-weather|SunnyDay|[upkeep]\n|upkeep\n|turn|26\n|\n|t:|1698698842\n|move|p1a: Walking Wake|Hydro Steam|p2a: Scream Tail\n|-damage|p2a: Scream Tail|0 fnt\n|faint|p2a: Scream Tail\n|-end|p2a: Scream Tail|Protosynthesis|[silent]\n|\n|-weather|SunnyDay|[upkeep]\n|upkeep\n|\n|t:|1698698849\n|switch|p2a: Moltres|Moltres-Galar, tera:Ground|92\/100\n|turn|27\n|\n|t:|1698698880\n|move|p1a: Walking Wake|Hydro Steam|p2a: Moltres\n|-supereffective|p2a: Moltres\n|-damage|p2a: Moltres|15\/100\n|-ability|p2a: Moltres|Berserk|boost\n|-boost|p2a: Moltres|spa|1\n|move|p2a: Moltres|Fiery Wrath|p1a: Walking Wake\n|-damage|p1a: Walking Wake|29\/100\n|\n|-weather|SunnyDay|[upkeep]\n|upkeep\n|turn|28\n|c| SuperOinge22|wow\n|c| SuperOinge22|did not think he'd live that\n|c|\u2606goobiathan|gg i misplayed\n|c|\u2606Vukes|its spdef invested moltres g\n|c|\u2606Vukes|or bulk\n|\n|t:|1698698916\n|move|p1a: Walking Wake|Hydro Steam|p2a: Moltres\n|-supereffective|p2a: Moltres\n|-damage|p2a: Moltres|0 fnt\n|faint|p2a: Moltres\n|\n|-weather|none\n|-end|p1a: Walking Wake|Protosynthesis\n|-sideend|p2: goobiathan|Reflect\n|upkeep\n|c|\u2606goobiathan|0 invest\n|\n|t:|1698698923\n|switch|p2a: Urshifu|Urshifu-Rapid-Strike, M|94\/100\n|-damage|p2a: Urshifu|88\/100|[from] Stealth Rock\n|turn|29\n|c|\u2606Vukes|mustve miscalced smth then\n|\n|t:|1698698935\n|-end|p1a: Walking Wake|Protosynthesis|[silent]\n|switch|p1a: Torkoal|Torkoal, M|49\/100\n|-weather|SunnyDay|[from] ability: Drought|[of] p1a: Torkoal\n|move|p2a: Urshifu|Surging Strikes|p1a: Torkoal\n|-supereffective|p1a: Torkoal\n|-crit|p1a: Torkoal\n|-damage|p1a: Torkoal|36\/100\n|-supereffective|p1a: Torkoal\n|-crit|p1a: Torkoal\n|-damage|p1a: Torkoal|23\/100\n|-supereffective|p1a: Torkoal\n|-crit|p1a: Torkoal\n|-damage|p1a: Torkoal|10\/100\n|-hitcount|p1a: Torkoal|3\n|\n|-weather|SunnyDay|[upkeep]\n|upkeep\n|turn|30\n|\n|t:|1698698947\n|move|p2a: Urshifu|Surging Strikes|p1a: Torkoal\n|-supereffective|p1a: Torkoal\n|-crit|p1a: Torkoal\n|-damage|p1a: Torkoal|0 fnt\n|faint|p1a: Torkoal\n|-hitcount|p1: Torkoal|1\n|\n|-weather|SunnyDay|[upkeep]\n|upkeep\n|\n|t:|1698698951\n|switch|p1a: Walking Wake|Walking Wake|29\/100\n|-activate|p1a: Walking Wake|ability: Protosynthesis\n|-start|p1a: Walking Wake|protosynthesisspe\n|turn|31\n|\n|t:|1698698964\n|switch|p2a: Silvally|Silvally-Fairy|100\/100\n|-damage|p2a: Silvally|88\/100|[from] Stealth Rock\n|move|p1a: Walking Wake|Draco Meteor|p2a: Silvally\n|-immune|p2a: Silvally\n|\n|-weather|SunnyDay|[upkeep]\n|upkeep\n|turn|32\n|c| SuperOinge22|thats beautiful\n|c| Ibitak|don\u2018t tell me you choice locked yourself into a dragon move before knowing silvallys type bro\n|c| SuperOinge22|unfortunately it is so\n|c| SuperOinge22|not sure how this goes tbh cause idk damage ranges\n|c| Ibitak|i was screaming at my screen when i saw the wake switchin\n|c|\u2606goobiathan|not revealing type all game worked\n|c|\u2606goobiathan|Holy shit\n|c| SuperOinge22|whale plate man\n|c| SuperOinge22|or whatever they say idk\n|c| Ibitak|was a crazy move even when simply not knowing\n|\n|t:|1698699175\n|-end|p1a: Walking Wake|Protosynthesis|[silent]\n|switch|p1a: Dragonite|Dragonite, M|96\/100\n|move|p2a: Silvally|Thunder Wave|p1a: Dragonite\n|-status|p1a: Dragonite|par\n|\n|-weather|SunnyDay|[upkeep]\n|-sideend|p2: goobiathan|move: Light Screen\n|upkeep\n|turn|33\n|c| SuperOinge22|lol\n|\n|t:|1698699187\n|move|p1a: Dragonite|Extreme Speed|p2a: Silvally\n|-damage|p2a: Silvally|62\/100\n|move|p2a: Silvally|Roar|p1a: Dragonite\n|drag|p1a: Walking Wake|Walking Wake|29\/100\n|-activate|p1a: Walking Wake|ability: Protosynthesis\n|-start|p1a: Walking Wake|protosynthesisspe\n|\n|-weather|SunnyDay|[upkeep]\n|upkeep\n|turn|34\n|\n|t:|1698699195\n|move|p1a: Walking Wake|Hydro Steam|p2a: Silvally\n|-damage|p2a: Silvally|3\/100\n|move|p2a: Silvally|Thunder Wave|p1a: Walking Wake\n|-status|p1a: Walking Wake|par\n|\n|-weather|SunnyDay|[upkeep]\n|upkeep\n|turn|35\n|\n|t:|1698699204\n|cant|p1a: Walking Wake|par\n|move|p2a: Silvally|Multi-Attack|p1a: Walking Wake\n|-supereffective|p1a: Walking Wake\n|-damage|p1a: Walking Wake|0 fnt\n|faint|p1a: Walking Wake\n|-end|p1a: Walking Wake|Protosynthesis|[silent]\n|\n|-weather|SunnyDay|[upkeep]\n|upkeep\n|c| SuperOinge22|wow silvally is actually him\n|\n|t:|1698699208\n|switch|p1a: Dragonite|Dragonite, M|96\/100 par\n|turn|36\n|\n|t:|1698699217\n|move|p1a: Dragonite|Extreme Speed|p2a: Silvally\n|-damage|p2a: Silvally|0 fnt\n|faint|p2a: Silvally\n|\n|-weather|none\n|upkeep\n|\n|t:|1698699221\n|switch|p2a: Urshifu|Urshifu-Rapid-Strike, M|88\/100\n|-damage|p2a: Urshifu|82\/100|[from] Stealth Rock\n|turn|37\n|c|\u2606Vukes|didnt know it would live\n|c| SuperOinge22|dragonite may clutch hold\n|\n|t:|1698699234\n|move|p2a: Urshifu|Ice Spinner|p1a: Dragonite\n|-supereffective|p1a: Dragonite\n|-damage|p1a: Dragonite|0 fnt\n|faint|p1a: Dragonite\n|\n|win|goobiathan\n|c|\u2606goobiathan|WE PLAYED FOR THIS ONE MOMENT\n|c| SuperOinge22|oh nvm\n|c| SuperOinge22|lol\n|l| Ibitak\n|c|\u2606goobiathan|GOOD FUCKING GAME\n|c|\u2606Vukes|damn\n|c|\u2606Vukes|gg\n|c| itzZen|gg\n|l| itzZen\n","uploadtime":1698699312,"views":35,"p1id":"vukes","p2id":"goobiathan","formatid":"gen9nationaldexubers","rating":0,"private":0,"password":""}