{"id":"gen9nationaldexubers-1994762552","p1":"Gentleman Max","p2":"NightwalkerYt","format":"[Gen 9] National Dex Ubers","log":"|j|\u2606Gentleman Max\n|j|\u2606NightwalkerYt\n|t:|1700490267\n|gametype|singles\n|player|p1|Gentleman Max|maid|\n|player|p2|NightwalkerYt|ethan|\n|teamsize|p1|6\n|teamsize|p2|6\n|gen|9\n|tier|[Gen 9] National Dex Ubers\n|rule|HP Percentage Mod: HP is shown in percentages\n|rule|Endless Battle Clause: Forcing endless battles is banned\n|rule|OHKO Clause: OHKO moves are banned\n|rule|Evasion Moves Clause: Evasion moves are banned\n|rule|Evasion Items Clause: Evasion items are banned\n|rule|Species Clause: Limit one of each Pok\u00e9mon\n|rule|Sleep Clause Mod: Limit one foe put to sleep\n|rule|Mega Rayquaza Clause: You cannot mega evolve Rayquaza\n|clearpoke\n|poke|p1|Regieleki|\n|poke|p1|Dusknoir, F|\n|poke|p1|Delcatty, F|\n|poke|p1|Blastoise, F|\n|poke|p1|Yanmega, M|\n|poke|p1|Ambipom, F|\n|poke|p2|Magcargo, M|\n|poke|p2|Brute Bonnet|\n|poke|p2|Zekrom|\n|poke|p2|Basculin, M|\n|poke|p2|Magnezone|\n|poke|p2|Hypno, F|\n|teampreview\n|\n|t:|1700490313\n|start\n|switch|p1a: Blastoise|Blastoise, F|100\/100\n|switch|p2a: Evil|Hypno, F|100\/100\n|turn|1\n|\n|t:|1700490330\n|detailschange|p1a: Blastoise|Blastoise-Mega, F\n|-mega|p1a: Blastoise|Blastoise|Blastoisinite\n|move|p1a: Blastoise|Scald|p2a: Evil\n|-damage|p2a: Evil|71\/100\n|move|p2a: Evil|Light Screen|p2a: Evil\n|-sidestart|p2: NightwalkerYt|move: Light Screen\n|\n|upkeep\n|turn|2\n|\n|t:|1700490345\n|switch|p1a: Dusknoir|Dusknoir, F|100\/100\n|-item|p2a: Evil|Light Clay|[from] ability: Frisk|[of] p1a: Dusknoir|[identify]\n|move|p2a: Evil|Reflect|p2a: Evil\n|-sidestart|p2: NightwalkerYt|Reflect\n|\n|upkeep\n|turn|3\n|\n|t:|1700490353\n|move|p2a: Evil|Knock Off|p1a: Dusknoir\n|-supereffective|p1a: Dusknoir\n|-damage|p1a: Dusknoir|68\/100\n|-enditem|p1a: Dusknoir|Leftovers|[from] move: Knock Off|[of] p2a: Evil\n|move|p1a: Dusknoir|Poltergeist|p2a: Evil\n|-activate|p2a: Evil|move: Poltergeist|Light Clay\n|-supereffective|p2a: Evil\n|-damage|p2a: Evil|17\/100\n|\n|upkeep\n|turn|4\n|\n|t:|1700490366\n|move|p2a: Evil|Psychic|p1a: Dusknoir\n|-damage|p1a: Dusknoir|42\/100\n|move|p1a: Dusknoir|Earthquake|p2a: Evil\n|-damage|p2a: Evil|0 fnt\n|faint|p2a: Evil\n|\n|upkeep\n|j| mandys207\n|c| mandys207|Hi\n|\n|t:|1700490380\n|switch|p2a: Garry|Magcargo, M|100\/100\n|turn|5\n|\n|t:|1700490385\n|move|p2a: Garry|Shell Smash|p2a: Garry\n|-unboost|p2a: Garry|def|1\n|-unboost|p2a: Garry|spd|1\n|-boost|p2a: Garry|atk|2\n|-boost|p2a: Garry|spa|2\n|-boost|p2a: Garry|spe|2\n|-enditem|p2a: Garry|White Herb\n|-clearnegativeboost|p2a: Garry|[silent]\n|move|p1a: Dusknoir|Earthquake|p2a: Garry\n|-supereffective|p2a: Garry\n|-damage|p2a: Garry|31\/100\n|\n|upkeep\n|turn|6\n|\n|t:|1700490401\n|move|p2a: Garry|Lava Plume|p1a: Dusknoir\n|-damage|p1a: Dusknoir|0 fnt\n|faint|p1a: Dusknoir\n|\n|upkeep\n|c|\u2606NightwalkerYt|yo\n|l| mandys207\n|\n|t:|1700490429\n|switch|p1a: Ambipom|Ambipom, F|100\/100\n|turn|7\n|\n|t:|1700490434\n|move|p1a: Ambipom|Power-Up Punch|p2a: Garry\n|-supereffective|p2a: Garry\n|-damage|p2a: Garry|3\/100\n|-boost|p1a: Ambipom|atk|1\n|-damage|p1a: Ambipom|91\/100|[from] item: Life Orb\n|move|p2a: Garry|Lava Plume|p1a: Ambipom\n|-damage|p1a: Ambipom|0 fnt\n|faint|p1a: Ambipom\n|\n|upkeep\n|j| mandys207\n|c|\u2606Gentleman Max|WHAT\n|c|\u2606Gentleman Max|UGH\n|c|\u2606Gentleman Max|I SHOULD'VE FAKED OUT\n|c|\u2606NightwalkerYt|screens baby\n|\n|t:|1700490447\n|switch|p1a: Yanmega|Yanmega, M|100\/100\n|turn|8\n|\n|t:|1700490453\n|move|p2a: Garry|Power Gem|p1a: Yanmega\n|-supereffective|p1a: Yanmega\n|-damage|p1a: Yanmega|0 fnt\n|faint|p1a: Yanmega\n|\n|-sideend|p2: NightwalkerYt|move: Light Screen\n|upkeep\n|\n|t:|1700490458\n|switch|p1a: Regieleki|Regieleki|100\/100\n|turn|9\n|\n|t:|1700490464\n|move|p1a: Regieleki|Volt Switch|p2a: Garry\n|-damage|p2a: Garry|0 fnt\n|faint|p2a: Garry\n|\n|t:|1700490472\n|switch|p1a: Delcatty|Delcatty, F|100\/100|[from] Volt Switch\n|\n|-sideend|p2: NightwalkerYt|Reflect\n|upkeep\n|\n|t:|1700490479\n|switch|p2a: N|Magnezone|100\/100\n|turn|10\n|\n|t:|1700490486\n|move|p1a: Delcatty|Fake Out|p2a: N\n|-resisted|p2a: N\n|-damage|p2a: N|96\/100\n|cant|p2a: N|flinch\n|\n|upkeep\n|turn|11\n|\n|t:|1700490500\n|move|p1a: Delcatty|Fake Tears|p2a: N\n|-unboost|p2a: N|spd|2\n|move|p2a: N|Body Press|p1a: Delcatty\n|-supereffective|p1a: Delcatty\n|-damage|p1a: Delcatty|60\/100\n|\n|upkeep\n|turn|12\n|\n|t:|1700490513\n|switch|p1a: Blastoise|Blastoise-Mega, F|100\/100\n|switch|p2a: Bon Bon|Brute Bonnet|100\/100\n|\n|upkeep\n|turn|13\n|\n|t:|1700490526\n|move|p2a: Bon Bon|Protect|p2a: Bon Bon\n|-singleturn|p2a: Bon Bon|Protect\n|move|p1a: Blastoise|Ice Beam|p2a: Bon Bon\n|-activate|p2a: Bon Bon|move: Protect\n|\n|upkeep\n|turn|14\n|\n|t:|1700490533\n|-end|p2a: Bon Bon|Protosynthesis|[silent]\n|switch|p2a: N|Magnezone|96\/100\n|move|p1a: Blastoise|Ice Beam|p2a: N\n|-resisted|p2a: N\n|-damage|p2a: N|84\/100\n|\n|upkeep\n|turn|15\n|\n|t:|1700490545\n|move|p1a: Blastoise|Aura Sphere|p2a: N\n|-supereffective|p2a: N\n|-damage|p2a: N|21\/100\n|move|p2a: N|Discharge|p1a: Blastoise\n|-supereffective|p1a: Blastoise\n|-damage|p1a: Blastoise|6\/100\n|\n|upkeep\n|turn|16\n|l| mandys207\n|\n|t:|1700490562\n|move|p1a: Blastoise|Aura Sphere|p2a: N\n|-supereffective|p2a: N\n|-damage|p2a: N|0 fnt\n|faint|p2a: N\n|\n|upkeep\n|j| mandys207\n|c|\u2606Gentleman Max|Yeah I am not good at PvP\n|\n|t:|1700490569\n|switch|p2a: Bon Bon|Brute Bonnet|100\/100\n|turn|17\n|\n|t:|1700490572\n|move|p2a: Bon Bon|Sucker Punch|p1a: Blastoise\n|-crit|p1a: Blastoise\n|-damage|p1a: Blastoise|0 fnt\n|faint|p1a: Blastoise\n|\n|upkeep\n|c|\u2606NightwalkerYt|Me either\n|\n|t:|1700490586\n|switch|p1a: Delcatty|Delcatty, F|60\/100\n|turn|18\n|c| mandys207|Smart\n|\n|t:|1700490590\n|move|p2a: Bon Bon|Protect|p2a: Bon Bon\n|-singleturn|p2a: Bon Bon|Protect\n|move|p1a: Delcatty|Fake Out|p2a: Bon Bon\n|-activate|p2a: Bon Bon|move: Protect\n|\n|upkeep\n|turn|19\n|\n|t:|1700490596\n|move|p1a: Delcatty|Toxic|p2a: Bon Bon\n|-status|p2a: Bon Bon|tox\n|move|p2a: Bon Bon|Spore|p1a: Delcatty\n|-status|p1a: Delcatty|slp|[from] move: Spore\n|\n|-damage|p2a: Bon Bon|94\/100 tox|[from] psn\n|upkeep\n|turn|20\n|\n|t:|1700490606\n|-end|p2a: Bon Bon|Protosynthesis|[silent]\n|switch|p2a: Red Eys Dragon|Zekrom|100\/100\n|-ability|p2a: Red Eys Dragon|Teravolt\n|cant|p1a: Delcatty|slp\n|\n|upkeep\n|turn|21\n|\n|t:|1700490619\n|move|p2a: Red Eys Dragon|Dragon Dance|p2a: Red Eys Dragon\n|-boost|p2a: Red Eys Dragon|atk|1\n|-boost|p2a: Red Eys Dragon|spe|1\n|cant|p1a: Delcatty|slp\n|\n|upkeep\n|turn|22\n|c|\u2606Gentleman Max|F\n|c|\u2606Gentleman Max|I didn't know Zekrom gets D Dance\n|\n|t:|1700490636\n|move|p2a: Red Eys Dragon|Dragon Dance|p2a: Red Eys Dragon\n|-boost|p2a: Red Eys Dragon|atk|1\n|-boost|p2a: Red Eys Dragon|spe|1\n|-curestatus|p1a: Delcatty|slp|[msg]\n|move|p1a: Delcatty|Toxic|p2a: Red Eys Dragon\n|-status|p2a: Red Eys Dragon|tox\n|\n|-damage|p2a: Red Eys Dragon|94\/100 tox|[from] psn\n|upkeep\n|turn|23\n|c|\u2606NightwalkerYt|since gen 8 I beleive\n|\n|t:|1700490648\n|move|p2a: Red Eys Dragon|Outrage|p1a: Delcatty\n|-damage|p1a: Delcatty|0 fnt\n|faint|p1a: Delcatty\n|\n|-damage|p2a: Red Eys Dragon|82\/100 tox|[from] psn\n|upkeep\n|\n|t:|1700490654\n|switch|p1a: Regieleki|Regieleki|100\/100\n|turn|24\n|\n|t:|1700490659\n|-terastallize|p1a: Regieleki|Ice\n|move|p2a: Red Eys Dragon|Outrage|p1a: Regieleki|[from]lockedmove\n|-damage|p1a: Regieleki|0 fnt\n|faint|p1a: Regieleki\n|\n|win|NightwalkerYt\n|c|\u2606Gentleman Max|Rip\n|c|\u2606NightwalkerYt|gg\n|c|\u2606Gentleman Max|GG\n|c| mandys207|Ggs\n","uploadtime":1700490669,"views":6,"p1id":"gentlemanmax","p2id":"nightwalkeryt","formatid":"gen9nationaldexubers","rating":0,"private":0,"password":""}