{"id":"gen9nationaldexubers-2000223013","p1":"D34d1ns1de","p2":"loren clasen","format":"[Gen 9] National Dex Ubers","log":"|j|\u2606D34d1ns1de\n|j|\u2606loren clasen\n|t:|1701174233\n|gametype|singles\n|player|p1|D34d1ns1de|hilda|1207\n|player|p2|loren clasen|cynthia-masters2|1100\n|teamsize|p1|6\n|teamsize|p2|6\n|gen|9\n|tier|[Gen 9] National Dex Ubers\n|rated|\n|rule|HP Percentage Mod: HP is shown in percentages\n|rule|Endless Battle Clause: Forcing endless battles is banned\n|rule|OHKO Clause: OHKO moves are banned\n|rule|Evasion Moves Clause: Evasion moves are banned\n|rule|Evasion Items Clause: Evasion items are banned\n|rule|Species Clause: Limit one of each Pok\u00e9mon\n|rule|Sleep Clause Mod: Limit one foe put to sleep\n|rule|Mega Rayquaza Clause: You cannot mega evolve Rayquaza\n|clearpoke\n|poke|p1|Nihilego|\n|poke|p1|Heatran, M|\n|poke|p1|Xurkitree|\n|poke|p1|Pheromosa|\n|poke|p1|Espeon, F|\n|poke|p1|Vaporeon, F|\n|poke|p2|Kingambit, F|\n|poke|p2|Darkrai|\n|poke|p2|Yveltal|\n|poke|p2|Chien-Pao|\n|poke|p2|Tyranitar, M|\n|poke|p2|Arceus-Dark|\n|teampreview\n|c|\u2606loren clasen|Tyranynitar or houndoom\n|\n|t:|1701174263\n|start\n|switch|p1a: Pheromosa|Pheromosa|100\/100\n|switch|p2a: Chien-Pao|Chien-Pao|100\/100\n|-ability|p2a: Chien-Pao|Sword of Ruin\n|turn|1\n|c|\u2606loren clasen|What you prefer\n|\n|t:|1701174279\n|-terastallize|p1a: Pheromosa|Dark\n|-terastallize|p2a: Chien-Pao|Dark\n|move|p1a: Pheromosa|Brick Break|p2a: Chien-Pao\n|-supereffective|p2a: Chien-Pao\n|-damage|p2a: Chien-Pao|0 fnt\n|faint|p2a: Chien-Pao\n|-ability|p1a: Pheromosa|Beast Boost|boost\n|-boost|p1a: Pheromosa|atk|1\n|\n|upkeep\n|\n|t:|1701174294\n|switch|p2a: Yveltal|Yveltal|100\/100\n|-ability|p2a: Yveltal|Dark Aura\n|turn|2\n|\n|t:|1701174300\n|move|p1a: Pheromosa|Triple Axel|p2a: Yveltal\n|-supereffective|p2a: Yveltal\n|-damage|p2a: Yveltal|77\/100\n|-supereffective|p2a: Yveltal\n|-damage|p2a: Yveltal|33\/100\n|-supereffective|p2a: Yveltal\n|-damage|p2a: Yveltal|0 fnt\n|faint|p2a: Yveltal\n|-ability|p1a: Pheromosa|Beast Boost|boost\n|-boost|p1a: Pheromosa|atk|1\n|-hitcount|p2: Yveltal|3\n|\n|upkeep\n|\n|t:|1701174321\n|switch|p2a: Arceus|Arceus-Dark|100\/100\n|turn|3\n|\n|t:|1701174326\n|move|p1a: Pheromosa|Brick Break|p2a: Arceus\n|-supereffective|p2a: Arceus\n|-damage|p2a: Arceus|0 fnt\n|faint|p2a: Arceus\n|-ability|p1a: Pheromosa|Beast Boost|boost\n|-boost|p1a: Pheromosa|atk|1\n|\n|upkeep\n|\n|t:|1701174333\n|switch|p2a: Darkrai|Darkrai|100\/100\n|turn|4\n|\n|t:|1701174338\n|move|p1a: Pheromosa|Brick Break|p2a: Darkrai\n|-supereffective|p2a: Darkrai\n|-damage|p2a: Darkrai|0 fnt\n|faint|p2a: Darkrai\n|-ability|p1a: Pheromosa|Beast Boost|boost\n|-boost|p1a: Pheromosa|atk|1\n|\n|upkeep\n|\n|t:|1701174344\n|switch|p2a: Tyranitar|Tyranitar, M|100\/100\n|-weather|Sandstorm|[from] ability: Sand Stream|[of] p2a: Tyranitar\n|turn|5\n|\n|t:|1701174351\n|detailschange|p2a: Tyranitar|Tyranitar-Mega, M\n|-mega|p2a: Tyranitar|Tyranitar|Tyranitarite\n|move|p1a: Pheromosa|Brick Break|p2a: Tyranitar\n|-supereffective|p2a: Tyranitar\n|-damage|p2a: Tyranitar|0 fnt\n|faint|p2a: Tyranitar\n|-ability|p1a: Pheromosa|Beast Boost|boost\n|-boost|p1a: Pheromosa|atk|1\n|\n|-weather|Sandstorm|[upkeep]\n|-damage|p1a: Pheromosa|94\/100|[from] Sandstorm\n|upkeep\n|\n|t:|1701174361\n|switch|p2a: Kingambit|Kingambit, F|100\/100\n|turn|6\n|\n|t:|1701174372\n|move|p1a: Pheromosa|Brick Break|p2a: Kingambit\n|-supereffective|p2a: Kingambit\n|-enditem|p2a: Kingambit|Focus Sash\n|-damage|p2a: Kingambit|1\/100\n|move|p2a: Kingambit|Swords Dance|p2a: Kingambit\n|-boost|p2a: Kingambit|atk|2\n|\n|-weather|Sandstorm|[upkeep]\n|-damage|p1a: Pheromosa|88\/100|[from] Sandstorm\n|upkeep\n|turn|7\n|\n|t:|1701174388\n|move|p2a: Kingambit|Sucker Punch|p1a: Pheromosa\n|-resisted|p1a: Pheromosa\n|-damage|p1a: Pheromosa|0 fnt\n|faint|p1a: Pheromosa\n|\n|-weather|Sandstorm|[upkeep]\n|upkeep\n|\n|t:|1701174399\n|switch|p1a: Vaporeon|Vaporeon, F|100\/100\n|turn|8\n|\n|t:|1701174410\n|move|p2a: Kingambit|Sucker Punch|p1a: Vaporeon\n|-damage|p1a: Vaporeon|6\/100\n|move|p1a: Vaporeon|Scald|p2a: Kingambit\n|-crit|p2a: Kingambit\n|-damage|p2a: Kingambit|0 fnt\n|faint|p2a: Kingambit\n|\n|win|D34d1ns1de\n|raw|D34d1ns1de's rating: 1207 &rarr; <strong>1225<\/strong><br \/>(+18 for winning)\n|raw|loren clasen's rating: 1100 &rarr; <strong>1082<\/strong><br \/>(-18 for losing)\n|l|\u2606loren clasen\n|l|\u2606D34d1ns1de\n|j|\u2606D34d1ns1de\n|player|p1|D34d1ns1de|hilda\n","uploadtime":1701174802,"views":6,"p1id":"d34d1ns1de","p2id":"lorenclasen","formatid":"gen9nationaldexubers","rating":1082,"private":0,"password":""}