{"id":"gen9nationaldexubers-1980297023","p1":"epic3xotic","p2":"kleemain800","format":"[Gen 9] National Dex Ubers","log":"|j|\u2606epic3xotic\n|j|\u2606kleemain800\n|t:|1698773260\n|gametype|singles\n|player|p1|epic3xotic|volkner|1123\n|player|p2|kleemain800|swimmerf|1145\n|teamsize|p1|6\n|teamsize|p2|6\n|gen|9\n|tier|[Gen 9] National Dex Ubers\n|rated|\n|rule|HP Percentage Mod: HP is shown in percentages\n|rule|Endless Battle Clause: Forcing endless battles is banned\n|rule|OHKO Clause: OHKO moves are banned\n|rule|Evasion Moves Clause: Evasion moves are banned\n|rule|Evasion Items Clause: Evasion items are banned\n|rule|Species Clause: Limit one of each Pok\u00e9mon\n|rule|Sleep Clause Mod: Limit one foe put to sleep\n|rule|Mega Rayquaza Clause: You cannot mega evolve Rayquaza\n|clearpoke\n|poke|p1|Mewtwo|\n|poke|p1|Reshiram|\n|poke|p1|Xerneas-*|\n|poke|p1|Necrozma-Dawn-Wings|\n|poke|p1|Ho-Oh|\n|poke|p1|Arceus-Fairy|\n|poke|p2|Marshadow|\n|poke|p2|Necrozma-Dawn-Wings|\n|poke|p2|Mewtwo|\n|poke|p2|Palafin, F|\n|poke|p2|Orthworm, M|\n|poke|p2|Ceruledge, M|\n|teampreview\n|inactive|Battle timer is ON: inactive players will automatically lose when time's up. (requested by kleemain800)\n|\n|t:|1698773275\n|start\n|switch|p1a: Necrozma|Necrozma-Dawn-Wings, shiny|100\/100\n|switch|p2a: Its hero time|Palafin, F, shiny|100\/100\n|turn|1\n|\n|t:|1698773284\n|detailschange|p1a: Necrozma|Necrozma-Ultra, shiny\n|-burst|p1a: Necrozma|Necrozma|Ultranecrozium Z\n|move|p1a: Necrozma|Moongeist Beam|p2a: Its hero time\n|-damage|p2a: Its hero time|41\/100\n|move|p2a: Its hero time|Flip Turn|p1a: Necrozma\n|-resisted|p1a: Necrozma\n|-damage|p1a: Necrozma|89\/100\n|\n|t:|1698773289\n|detailschange|p2a: Its hero time|Palafin-Hero, F, shiny\n|switch|p2a: Sponky|Ceruledge, M|100\/100|[from] Flip Turn\n|\n|upkeep\n|turn|2\n|\n|t:|1698773297\n|move|p2a: Sponky|Shadow Sneak|p1a: Necrozma\n|-supereffective|p1a: Necrozma\n|-damage|p1a: Necrozma|31\/100\n|move|p1a: Necrozma|Moongeist Beam|p2a: Sponky\n|-supereffective|p2a: Sponky\n|-damage|p2a: Sponky|0 fnt\n|faint|p2a: Sponky\n|\n|upkeep\n|\n|t:|1698773303\n|switch|p2a: yours|Marshadow|100\/100\n|turn|3\n|\n|t:|1698773307\n|move|p2a: yours|Shadow Sneak|p1a: Necrozma\n|-supereffective|p1a: Necrozma\n|-damage|p1a: Necrozma|0 fnt\n|faint|p1a: Necrozma\n|\n|upkeep\n|\n|t:|1698773322\n|switch|p1a: Xerneas|Xerneas, shiny|100\/100\n|-ability|p1a: Xerneas|Fairy Aura\n|turn|4\n|\n|t:|1698773326\n|switch|p2a: maybe|Orthworm, M|100\/100\n|move|p1a: Xerneas|Geomancy||[still]\n|-prepare|p1a: Xerneas|Geomancy\n|-enditem|p1a: Xerneas|Power Herb\n|-anim|p1a: Xerneas|Geomancy|p1a: Xerneas\n|-boost|p1a: Xerneas|spa|2\n|-boost|p1a: Xerneas|spd|2\n|-boost|p1a: Xerneas|spe|2\n|\n|upkeep\n|turn|5\n|\n|t:|1698773333\n|-terastallize|p1a: Xerneas|Fairy\n|move|p1a: Xerneas|Focus Blast|p2a: maybe\n|-supereffective|p2a: maybe\n|-damage|p2a: maybe|0 fnt\n|faint|p2a: maybe\n|\n|upkeep\n|\n|t:|1698773336\n|switch|p2a: yours|Marshadow|100\/100\n|turn|6\n|\n|t:|1698773340\n|move|p1a: Xerneas|Moonblast|p2a: yours\n|-supereffective|p2a: yours\n|-enditem|p2a: yours|Focus Sash\n|-damage|p2a: yours|1\/100\n|move|p2a: yours|Spectral Thief||[still]\n|-clearpositiveboost|p1a: Xerneas|p2a: yours|move: Spectral Thief\n|-boost|p2a: yours|spa|2\n|-boost|p2a: yours|spd|2\n|-boost|p2a: yours|spe|2\n|-anim|p2a: yours|Spectral Thief|p1a: Xerneas\n|-damage|p1a: Xerneas|59\/100\n|\n|upkeep\n|turn|7\n|\n|t:|1698773357\n|move|p2a: yours|Shadow Sneak|p1a: Xerneas\n|-damage|p1a: Xerneas|34\/100\n|move|p1a: Xerneas|Moonblast|p2a: yours\n|-supereffective|p2a: yours\n|-damage|p2a: yours|0 fnt\n|faint|p2a: yours\n|\n|upkeep\n|\n|t:|1698773367\n|switch|p2a: Its hero time|Palafin-Hero, F, shiny|41\/100\n|-activate|p2a: Its hero time|ability: Zero to Hero\n|turn|8\n|\n|t:|1698773373\n|move|p2a: Its hero time|Jet Punch|p1a: Xerneas\n|-damage|p1a: Xerneas|2\/100\n|move|p1a: Xerneas|Moonblast|p2a: Its hero time\n|-damage|p2a: Its hero time|0 fnt\n|faint|p2a: Its hero time\n|\n|upkeep\n|\n|t:|1698773378\n|switch|p2a: punchy dude|Mewtwo, shiny|100\/100\n|-ability|p2a: punchy dude|Pressure\n|turn|9\n|\n|t:|1698773382\n|detailschange|p2a: punchy dude|Mewtwo-Mega-X, shiny\n|-mega|p2a: punchy dude|Mewtwo|Mewtwonite X\n|move|p2a: punchy dude|Trailblaze|p1a: Xerneas\n|-damage|p1a: Xerneas|0 fnt\n|-boost|p2a: punchy dude|spe|1\n|faint|p1a: Xerneas\n|\n|upkeep\n|\n|t:|1698773390\n|switch|p1a: Mewtwo|Mewtwo, shiny|100\/100\n|-ability|p1a: Mewtwo|Pressure\n|turn|10\n|\n|t:|1698773395\n|detailschange|p1a: Mewtwo|Mewtwo-Mega-Y, shiny\n|-mega|p1a: Mewtwo|Mewtwo|Mewtwonite Y\n|move|p2a: punchy dude|Psycho Cut|p1a: Mewtwo\n|-resisted|p1a: Mewtwo\n|-damage|p1a: Mewtwo|67\/100\n|move|p1a: Mewtwo|Psystrike|p2a: punchy dude\n|-damage|p2a: punchy dude|26\/100\n|\n|upkeep\n|turn|11\n|\n|t:|1698773405\n|move|p2a: punchy dude|Drain Punch|p1a: Mewtwo\n|-resisted|p1a: Mewtwo\n|-crit|p1a: Mewtwo\n|-damage|p1a: Mewtwo|11\/100\n|-heal|p2a: punchy dude|54\/100|[from] drain|[of] p1a: Mewtwo\n|move|p1a: Mewtwo|Recover|p1a: Mewtwo\n|-heal|p1a: Mewtwo|61\/100\n|\n|upkeep\n|turn|12\n|\n|t:|1698773414\n|move|p2a: punchy dude|Bulk Up|p2a: punchy dude\n|-boost|p2a: punchy dude|atk|1\n|-boost|p2a: punchy dude|def|1\n|move|p1a: Mewtwo|Psystrike|p2a: punchy dude\n|-damage|p2a: punchy dude|11\/100\n|\n|upkeep\n|turn|13\n|\n|t:|1698773422\n|move|p2a: punchy dude|Drain Punch|p1a: Mewtwo\n|-resisted|p1a: Mewtwo\n|-damage|p1a: Mewtwo|3\/100\n|-heal|p2a: punchy dude|40\/100|[from] drain|[of] p1a: Mewtwo\n|move|p1a: Mewtwo|Psystrike|p2a: punchy dude\n|-damage|p2a: punchy dude|0 fnt\n|faint|p2a: punchy dude\n|\n|upkeep\n|\n|t:|1698773428\n|switch|p2a: LIGHT THAT BURNS|Necrozma-Dawn-Wings|100\/100\n|turn|14\n|\n|t:|1698773435\n|detailschange|p2a: LIGHT THAT BURNS|Necrozma-Ultra\n|-burst|p2a: LIGHT THAT BURNS|Necrozma|Ultranecrozium Z\n|move|p1a: Mewtwo|Recover|p1a: Mewtwo\n|-heal|p1a: Mewtwo|53\/100\n|move|p2a: LIGHT THAT BURNS|Moongeist Beam|p1a: Mewtwo\n|-supereffective|p1a: Mewtwo\n|-damage|p1a: Mewtwo|0 fnt\n|faint|p1a: Mewtwo\n|\n|upkeep\n|\n|t:|1698773441\n|switch|p1a: Arceus|Arceus-Fairy, shiny|100\/100\n|turn|15\n|\n|t:|1698773447\n|-zpower|p2a: LIGHT THAT BURNS\n|move|p2a: LIGHT THAT BURNS|Light That Burns the Sky|p1a: Arceus|[zeffect]\n|-damage|p1a: Arceus|0 fnt\n|faint|p1a: Arceus\n|\n|upkeep\n|\n|t:|1698773454\n|switch|p1a: Reshiram|Reshiram, shiny|100\/100\n|-ability|p1a: Reshiram|Turboblaze\n|turn|16\n|\n|t:|1698773457\n|move|p1a: Reshiram|Dragon Pulse|p2a: LIGHT THAT BURNS\n|-supereffective|p2a: LIGHT THAT BURNS\n|-damage|p2a: LIGHT THAT BURNS|0 fnt\n|faint|p2a: LIGHT THAT BURNS\n|\n|win|epic3xotic\n|raw|epic3xotic's rating: 1123 &rarr; <strong>1150<\/strong><br \/>(+27 for winning)\n|raw|kleemain800's rating: 1145 &rarr; <strong>1118<\/strong><br \/>(-27 for losing)\n|l|\u2606kleemain800\n","uploadtime":1698773467,"views":13,"p1id":"epic3xotic","p2id":"kleemain800","formatid":"gen9nationaldexubers","rating":1118,"private":0,"password":""}