{"id":"gen9nationaldexubers-1981372368","p1":"ah3nny","p2":"Hachachino","format":"[Gen 9] National Dex Ubers","log":"|j|\u2606ah3nny\n|j|\u2606Hachachino\n|t:|1698888670\n|gametype|singles\n|player|p1|ah3nny|1|\n|player|p2|Hachachino|ghetsis|\n|teamsize|p1|6\n|teamsize|p2|6\n|gen|9\n|tier|[Gen 9] National Dex Ubers\n|rule|HP Percentage Mod: HP is shown in percentages\n|rule|Endless Battle Clause: Forcing endless battles is banned\n|rule|OHKO Clause: OHKO moves are banned\n|rule|Evasion Moves Clause: Evasion moves are banned\n|rule|Evasion Items Clause: Evasion items are banned\n|rule|Species Clause: Limit one of each Pok\u00e9mon\n|rule|Sleep Clause Mod: Limit one foe put to sleep\n|rule|Mega Rayquaza Clause: You cannot mega evolve Rayquaza\n|clearpoke\n|poke|p1|Palkia-Origin|\n|poke|p1|Landorus-Therian, M|\n|poke|p1|Heatran, M|\n|poke|p1|Tyranitar, M|\n|poke|p1|Xerneas-*|\n|poke|p1|Lunala|\n|poke|p2|Ninetales-Alola, F|\n|poke|p2|Iron Hands|\n|poke|p2|Great Tusk|\n|poke|p2|Spectrier|\n|poke|p2|Metagross|\n|poke|p2|Milotic, M|\n|teampreview\n|c|\u2606Hachachino|GLHF\n|c|\u2606Hachachino|Do you want me to post it?\n|j| lonly wolf\n|j| AbstractVoid\n|c|\u2606ah3nny|i got the link taken care of :)\n|c|\u2606ah3nny|glhf\n|j| HopeAddict\n|l| HopeAddict\n|j| HopeAddict\n|c| HopeAddict|gaming time\n|\n|t:|1698888750\n|start\n|switch|p1a: 8 Fucking Grounds|Heatran, M, shiny|100\/100\n|switch|p2a: Manny|Great Tusk, shiny|100\/100\n|turn|1\n|\n|t:|1698888767\n|switch|p1a: Hammerhead shark|Landorus-Therian, M|100\/100\n|-ability|p1a: Hammerhead shark|Intimidate|boost\n|-unboost|p2a: Manny|atk|1\n|move|p2a: Manny|Headlong Rush|p1a: Hammerhead shark\n|-immune|p1a: Hammerhead shark\n|\n|upkeep\n|turn|2\n|\n|t:|1698888783\n|-end|p2a: Manny|Protosynthesis|[silent]\n|switch|p2a: My LoL Ick|Milotic, M, shiny|100\/100\n|move|p1a: Hammerhead shark|U-turn|p2a: My LoL Ick\n|-damage|p2a: My LoL Ick|79\/100\n|\n|t:|1698888793\n|switch|p1a: Geomancy?!?!?!|Xerneas, shiny|100\/100|[from] U-turn\n|-ability|p1a: Geomancy?!?!?!|Fairy Aura\n|\n|upkeep\n|turn|3\n|\n|t:|1698888802\n|move|p1a: Geomancy?!?!?!|Calm Mind|p1a: Geomancy?!?!?!\n|-boost|p1a: Geomancy?!?!?!|spa|1\n|-boost|p1a: Geomancy?!?!?!|spd|1\n|move|p2a: My LoL Ick|Scald|p1a: Geomancy?!?!?!\n|-crit|p1a: Geomancy?!?!?!\n|-damage|p1a: Geomancy?!?!?!|67\/100\n|-status|p1a: Geomancy?!?!?!|brn\n|\n|-heal|p1a: Geomancy?!?!?!|73\/100 brn|[from] item: Leftovers\n|-damage|p1a: Geomancy?!?!?!|67\/100 brn|[from] brn\n|upkeep\n|turn|4\n|c| AbstractVoid|this will be geomancy in 2023:\n|c| lonly wolf|yoo crazy geomancy\n|\n|t:|1698888818\n|move|p1a: Geomancy?!?!?!|Thunderbolt|p2a: My LoL Ick\n|-supereffective|p2a: My LoL Ick\n|-damage|p2a: My LoL Ick|17\/100\n|move|p2a: My LoL Ick|Haze|p2a: My LoL Ick\n|-clearallboost\n|\n|-heal|p1a: Geomancy?!?!?!|73\/100 brn|[from] item: Leftovers\n|-damage|p1a: Geomancy?!?!?!|67\/100 brn|[from] brn\n|upkeep\n|turn|5\n|\n|t:|1698888839\n|move|p1a: Geomancy?!?!?!|Moonblast|p2a: My LoL Ick\n|-damage|p2a: My LoL Ick|0 fnt\n|faint|p2a: My LoL Ick\n|\n|-heal|p1a: Geomancy?!?!?!|73\/100 brn|[from] item: Leftovers\n|-damage|p1a: Geomancy?!?!?!|67\/100 brn|[from] brn\n|upkeep\n|\n|t:|1698888848\n|switch|p2a: Dr.Quadropus|Metagross, shiny|100\/100\n|turn|6\n|\n|t:|1698888860\n|switch|p1a: Hammerhead shark|Landorus-Therian, M|100\/100\n|-ability|p1a: Hammerhead shark|Intimidate|boost\n|-fail|p2a: Dr.Quadropus|unboost|[from] ability: Clear Body|[of] p2a: Dr.Quadropus\n|detailschange|p2a: Dr.Quadropus|Metagross-Mega, shiny\n|-mega|p2a: Dr.Quadropus|Metagross|Metagrossite\n|move|p2a: Dr.Quadropus|Meteor Mash|p1a: Hammerhead shark\n|-damage|p1a: Hammerhead shark|35\/100\n|\n|-heal|p1a: Hammerhead shark|41\/100|[from] item: Leftovers\n|upkeep\n|turn|7\n|j| Berryandon\n|\n|t:|1698888874\n|move|p2a: Dr.Quadropus|Ice Punch|p1a: Hammerhead shark\n|-supereffective|p1a: Hammerhead shark\n|-damage|p1a: Hammerhead shark|0 fnt\n|faint|p1a: Hammerhead shark\n|\n|upkeep\n|\n|t:|1698888878\n|switch|p1a: Spoopy|Lunala, shiny|100\/100\n|turn|8\n|c|\u2606ah3nny|damn that is how it works oh well\n|\n|t:|1698888904\n|move|p1a: Spoopy|Moongeist Beam|p2a: Dr.Quadropus\n|-supereffective|p2a: Dr.Quadropus\n|-damage|p2a: Dr.Quadropus|0 fnt\n|faint|p2a: Dr.Quadropus\n|\n|upkeep\n|\n|t:|1698888916\n|switch|p2a: Bodyless Horseman|Spectrier|100\/100\n|turn|9\n|\n|t:|1698888921\n|move|p1a: Spoopy|Moongeist Beam|p2a: Bodyless Horseman\n|-supereffective|p2a: Bodyless Horseman\n|-damage|p2a: Bodyless Horseman|0 fnt\n|faint|p2a: Bodyless Horseman\n|\n|upkeep\n|j| Zestrov\n|c|\u2606Hachachino|Ohhh unfortunate\n|c| Zestrov|WELL\n|c| Zestrov|my b'\n|c|\u2606ah3nny|yeahh had to drop scarfed\n|c| Zestrov|caps was on lol\n|c|\u2606ah3nny|made tons of sense vs your team\n|\n|t:|1698888972\n|switch|p2a: Manny|Great Tusk, shiny|100\/100\n|turn|10\n|\n|t:|1698888981\n|switch|p1a: Ugly but good|Palkia-Origin|100\/100\n|-ability|p1a: Ugly but good|Pressure\n|move|p2a: Manny|Knock Off|p1a: Ugly but good\n|-damage|p1a: Ugly but good|78\/100\n|\n|upkeep\n|turn|11\n|\n|t:|1698889009\n|-end|p2a: Manny|Protosynthesis|[silent]\n|switch|p2a: Kurama|Ninetales-Alola, F, shiny|100\/100\n|-weather|Snow|[from] ability: Snow Warning|[of] p2a: Kurama\n|move|p1a: Ugly but good|Surf|p2a: Kurama\n|-damage|p2a: Kurama|34\/100\n|\n|-weather|Snow|[upkeep]\n|upkeep\n|turn|12\n|\n|t:|1698889024\n|move|p2a: Kurama|Aurora Veil|p2a: Kurama\n|-sidestart|p2: Hachachino|move: Aurora Veil\n|move|p1a: Ugly but good|Surf|p2a: Kurama\n|-damage|p2a: Kurama|2\/100\n|\n|-weather|Snow|[upkeep]\n|upkeep\n|turn|13\n|\n|t:|1698889032\n|move|p2a: Kurama|Moonblast|p1a: Ugly but good\n|-supereffective|p1a: Ugly but good\n|-damage|p1a: Ugly but good|27\/100\n|move|p1a: Ugly but good|Surf|p2a: Kurama\n|-damage|p2a: Kurama|0 fnt\n|faint|p2a: Kurama\n|\n|-weather|Snow|[upkeep]\n|upkeep\n|\n|t:|1698889059\n|switch|p2a: Deez Handz|Iron Hands|100\/100\n|-enditem|p2a: Deez Handz|Booster Energy\n|-activate|p2a: Deez Handz|ability: Quark Drive|[fromitem]\n|-start|p2a: Deez Handz|quarkdriveatk\n|turn|14\n|\n|t:|1698889071\n|move|p1a: Ugly but good|Spacial Rend|p2a: Deez Handz\n|-damage|p2a: Deez Handz|75\/100\n|move|p2a: Deez Handz|Drain Punch|p1a: Ugly but good\n|-damage|p1a: Ugly but good|0 fnt\n|-heal|p2a: Deez Handz|84\/100|[from] drain|[of] p1a: Ugly but good\n|faint|p1a: Ugly but good\n|\n|-weather|Snow|[upkeep]\n|upkeep\n|\n|t:|1698889082\n|switch|p1a: Better mega|Tyranitar, M|100\/100\n|-weather|Sandstorm|[from] ability: Sand Stream|[of] p1a: Better mega\n|turn|15\n|\n|t:|1698889096\n|detailschange|p1a: Better mega|Tyranitar-Mega, M\n|-mega|p1a: Better mega|Tyranitar|Tyranitarite\n|move|p1a: Better mega|Surf|p2a: Deez Handz\n|-damage|p2a: Deez Handz|76\/100\n|move|p2a: Deez Handz|Drain Punch|p1a: Better mega\n|-supereffective|p1a: Better mega\n|-damage|p1a: Better mega|0 fnt\n|-heal|p2a: Deez Handz|100\/100|[from] drain|[of] p1a: Better mega\n|faint|p1a: Better mega\n|\n|-weather|Sandstorm|[upkeep]\n|-damage|p2a: Deez Handz|94\/100|[from] Sandstorm\n|upkeep\n|\n|t:|1698889107\n|switch|p1a: Geomancy?!?!?!|Xerneas, shiny|67\/100 brn\n|-ability|p1a: Geomancy?!?!?!|Fairy Aura\n|turn|16\n|\n|t:|1698889114\n|move|p1a: Geomancy?!?!?!|Moonblast|p2a: Deez Handz\n|-supereffective|p2a: Deez Handz\n|-damage|p2a: Deez Handz|39\/100\n|move|p2a: Deez Handz|Swords Dance|p2a: Deez Handz\n|-boost|p2a: Deez Handz|atk|2\n|\n|-weather|Sandstorm|[upkeep]\n|-damage|p1a: Geomancy?!?!?!|61\/100 brn|[from] Sandstorm\n|-damage|p2a: Deez Handz|33\/100|[from] Sandstorm\n|-heal|p1a: Geomancy?!?!?!|67\/100 brn|[from] item: Leftovers\n|-damage|p1a: Geomancy?!?!?!|61\/100 brn|[from] brn\n|upkeep\n|turn|17\n|\n|t:|1698889125\n|move|p1a: Geomancy?!?!?!|Moonblast|p2a: Deez Handz\n|-supereffective|p2a: Deez Handz\n|-damage|p2a: Deez Handz|0 fnt\n|faint|p2a: Deez Handz\n|-end|p2a: Deez Handz|Quark Drive|[silent]\n|\n|-weather|Sandstorm|[upkeep]\n|-damage|p1a: Geomancy?!?!?!|54\/100 brn|[from] Sandstorm\n|-heal|p1a: Geomancy?!?!?!|61\/100 brn|[from] item: Leftovers\n|-damage|p1a: Geomancy?!?!?!|54\/100 brn|[from] brn\n|upkeep\n|\n|t:|1698889132\n|switch|p2a: Manny|Great Tusk, shiny|100\/100\n|turn|18\n|j| Tazz21\n|\n|t:|1698889149\n|move|p2a: Manny|Headlong Rush|p1a: Geomancy?!?!?!\n|-damage|p1a: Geomancy?!?!?!|6\/100 brn\n|-unboost|p2a: Manny|def|1\n|-unboost|p2a: Manny|spd|1\n|move|p1a: Geomancy?!?!?!|Moonblast|p2a: Manny\n|-supereffective|p2a: Manny\n|-damage|p2a: Manny|0 fnt\n|faint|p2a: Manny\n|-end|p2a: Manny|Protosynthesis|[silent]\n|\n|win|ah3nny\n|c|\u2606ah3nny|ggs'\n|c|\u2606Hachachino|GG\n|l| AbstractVoid\n","uploadtime":1698889165,"views":10,"p1id":"ah3nny","p2id":"hachachino","formatid":"gen9nationaldexubers","rating":0,"private":0,"password":""}