{"id":"gen9nationaldexubers-1981707949","p1":"XDpokemons","p2":"Legendaries_$uck","format":"[Gen 9] National Dex Ubers","log":"|j|\u2606XDpokemons\n|j|\u2606Legendaries_$uck\n|t:|1698935461\n|gametype|singles\n|player|p1|XDpokemons|fisherman-gen4|1534\n|player|p2|Legendaries_$uck|lucas|1551\n|teamsize|p1|6\n|teamsize|p2|6\n|gen|9\n|tier|[Gen 9] National Dex Ubers\n|rated|\n|rule|HP Percentage Mod: HP is shown in percentages\n|rule|Endless Battle Clause: Forcing endless battles is banned\n|rule|OHKO Clause: OHKO moves are banned\n|rule|Evasion Moves Clause: Evasion moves are banned\n|rule|Evasion Items Clause: Evasion items are banned\n|rule|Species Clause: Limit one of each Pok\u00e9mon\n|rule|Sleep Clause Mod: Limit one foe put to sleep\n|rule|Mega Rayquaza Clause: You cannot mega evolve Rayquaza\n|clearpoke\n|poke|p1|Giratina-Origin|\n|poke|p1|Magearna|\n|poke|p1|Kingambit, F|\n|poke|p1|Ditto|\n|poke|p1|Arceus-Fairy|\n|poke|p1|Necrozma-Dusk-Mane|\n|poke|p2|Arceus-Fairy|\n|poke|p2|Melmetal|\n|poke|p2|Ursaluna, F|\n|poke|p2|Calyrex-Ice|\n|poke|p2|Kyogre|\n|poke|p2|Hatterene, F|\n|teampreview\n|\n|t:|1698935480\n|start\n|switch|p1a: Arceus|Arceus-Fairy|100\/100\n|switch|p2a: Hatterene|Hatterene, F|100\/100\n|turn|1\n|j| quesitoooo\n|l| quesitoooo\n|\n|t:|1698935515\n|move|p1a: Arceus|Judgment|p2a: Hatterene\n|-damage|p2a: Hatterene|49\/100\n|move|p2a: Hatterene|Trick Room|p2a: Hatterene\n|-fieldstart|move: Trick Room|[of] p2a: Hatterene\n|\n|upkeep\n|turn|2\n|\n|t:|1698935528\n|move|p2a: Hatterene|Healing Wish|p2a: Hatterene\n|faint|p2a: Hatterene\n|move|p1a: Arceus|Judgment|p2: Hatterene|[notarget]\n|-fail|p1a: Arceus\n|\n|upkeep\n|\n|t:|1698935532\n|switch|p2a: Melmetal|Melmetal|100\/100\n|turn|3\n|j| denek\n|\n|t:|1698935572\n|move|p2a: Melmetal|Double Iron Bash|p1a: Arceus\n|-supereffective|p1a: Arceus\n|-damage|p1a: Arceus|17\/100\n|-supereffective|p1a: Arceus\n|-damage|p1a: Arceus|0 fnt\n|faint|p1a: Arceus\n|-hitcount|p1: Arceus|2\n|\n|upkeep\n|\n|t:|1698935578\n|switch|p1a: Necrozma|Necrozma-Dusk-Mane|100\/100\n|turn|4\n|\n|t:|1698935582\n|switch|p2a: Ursaluna|Ursaluna, F|100\/100\n|move|p1a: Necrozma|Stealth Rock|p2a: Ursaluna\n|-sidestart|p2: Legendaries_$uck|move: Stealth Rock\n|\n|-status|p2a: Ursaluna|brn|[from] item: Flame Orb\n|upkeep\n|turn|5\n|\n|t:|1698935590\n|detailschange|p1a: Necrozma|Necrozma-Ultra\n|-burst|p1a: Necrozma|Necrozma|Ultranecrozium Z\n|move|p2a: Ursaluna|Crunch|p1a: Necrozma\n|-supereffective|p1a: Necrozma\n|-damage|p1a: Necrozma|2\/100\n|move|p1a: Necrozma|Photon Geyser|p2a: Ursaluna\n|-damage|p2a: Ursaluna|50\/100 brn\n|\n|-damage|p2a: Ursaluna|44\/100 brn|[from] brn\n|-fieldend|move: Trick Room\n|upkeep\n|turn|6\n|\n|t:|1698935615\n|move|p1a: Necrozma|Photon Geyser|p2a: Ursaluna\n|-damage|p2a: Ursaluna|0 fnt\n|faint|p2a: Ursaluna\n|\n|upkeep\n|\n|t:|1698935619\n|switch|p2a: Arceus|Arceus-Fairy|100\/100\n|-damage|p2a: Arceus|88\/100|[from] Stealth Rock\n|turn|7\n|\n|t:|1698935624\n|switch|p2a: Calyrex|Calyrex-Ice|100\/100\n|-ability|p2a: Calyrex|As One\n|-ability|p2a: Calyrex|Unnerve\n|-damage|p2a: Calyrex|76\/100|[from] Stealth Rock\n|-zpower|p1a: Necrozma\n|move|p1a: Necrozma|Light That Burns the Sky|p2a: Calyrex|[zeffect]\n|-resisted|p2a: Calyrex\n|-damage|p2a: Calyrex|35\/100\n|\n|upkeep\n|turn|8\n|\n|t:|1698935636\n|move|p1a: Necrozma|Dragon Pulse|p2a: Calyrex\n|-damage|p2a: Calyrex|3\/100\n|move|p2a: Calyrex|Trick Room|p2a: Calyrex\n|-fieldstart|move: Trick Room|[of] p2a: Calyrex\n|\n|upkeep\n|turn|9\n|j| Asia The Asian\n|\n|t:|1698935642\n|move|p2a: Calyrex|Glacial Lance|p1a: Necrozma\n|-supereffective|p1a: Necrozma\n|-crit|p1a: Necrozma\n|-damage|p1a: Necrozma|0 fnt\n|faint|p1a: Necrozma\n|-ability|p2a: Calyrex|Chilling Neigh|boost\n|-boost|p2a: Calyrex|atk|1\n|\n|upkeep\n|\n|t:|1698935650\n|switch|p1a: Kingambit|Kingambit, F|100\/100\n|-activate|p1a: Kingambit|ability: Supreme Overlord\n|-start|p1a: Kingambit|fallen2|[silent]\n|turn|10\n|\n|t:|1698935654\n|move|p1a: Kingambit|Sucker Punch|p2a: Calyrex\n|-supereffective|p2a: Calyrex\n|-damage|p2a: Calyrex|0 fnt\n|faint|p2a: Calyrex\n|\n|upkeep\n|\n|t:|1698935658\n|switch|p2a: Melmetal|Melmetal|100\/100\n|-damage|p2a: Melmetal|94\/100|[from] Stealth Rock\n|turn|11\n|\n|t:|1698935665\n|-end|p1a: Kingambit|fallen2|[silent]\n|switch|p1a: Magearna|Magearna|100\/100\n|-terastallize|p2a: Melmetal|Steel\n|move|p2a: Melmetal|Double Iron Bash|p1a: Magearna\n|-damage|p1a: Magearna|22\/100\n|-damage|p1a: Magearna|0 fnt\n|faint|p1a: Magearna\n|-hitcount|p1: Magearna|2\n|\n|upkeep\n|\n|t:|1698935674\n|switch|p1a: Giratina|Giratina-Origin|100\/100\n|turn|12\n|\n|t:|1698935678\n|move|p1a: Giratina|Shadow Sneak|p2a: Melmetal\n|-damage|p2a: Melmetal|81\/100\n|move|p2a: Melmetal|Double Iron Bash|p1a: Giratina\n|-damage|p1a: Giratina|28\/100\n|-damage|p1a: Giratina|0 fnt\n|faint|p1a: Giratina\n|-hitcount|p1: Giratina|2\n|\n|-fieldend|move: Trick Room\n|upkeep\n|\n|t:|1698935685\n|switch|p1a: Kingambit|Kingambit, F|100\/100\n|-activate|p1a: Kingambit|ability: Supreme Overlord\n|-start|p1a: Kingambit|fallen4|[silent]\n|turn|13\n|\n|t:|1698935700\n|move|p1a: Kingambit|Swords Dance|p1a: Kingambit\n|-boost|p1a: Kingambit|atk|2\n|move|p2a: Melmetal|Double Iron Bash|p1a: Kingambit\n|-resisted|p1a: Kingambit\n|-damage|p1a: Kingambit|68\/100\n|-resisted|p1a: Kingambit\n|-damage|p1a: Kingambit|38\/100\n|-hitcount|p1a: Kingambit|2\n|\n|upkeep\n|turn|14\n|\n|t:|1698935714\n|switch|p2a: Kyogre|Kyogre|100\/100\n|-damage|p2a: Kyogre|88\/100|[from] Stealth Rock\n|detailschange|p2a: Kyogre|Kyogre-Primal\n|-primal|p2a: Kyogre|Blue Orb\n|-weather|PrimordialSea|[from] ability: Primordial Sea|[of] p2a: Kyogre\n|move|p1a: Kingambit|Knock Off|p2a: Kyogre\n|-damage|p2a: Kyogre|0 fnt\n|faint|p2a: Kyogre\n|-weather|none\n|\n|upkeep\n|\n|t:|1698935717\n|switch|p2a: Arceus|Arceus-Fairy|88\/100\n|-heal|p2a: Arceus|100\/100|[from] move: Healing Wish\n|-damage|p2a: Arceus|88\/100|[from] Stealth Rock\n|turn|15\n|\n|t:|1698935729\n|move|p2a: Arceus|Judgment|p1a: Kingambit\n|-damage|p1a: Kingambit|0 fnt\n|faint|p1a: Kingambit\n|-end|p1a: Kingambit|fallen4|[silent]\n|\n|upkeep\n|\n|t:|1698935742\n|switch|p1a: Ditto|Ditto|100\/100\n|-transform|p1a: Ditto|p2a: Arceus|[from] ability: Imposter\n|turn|16\n|\n|t:|1698935749\n|switch|p2a: Melmetal|Melmetal, tera:Steel|81\/100\n|-damage|p2a: Melmetal|75\/100|[from] Stealth Rock\n|move|p1a: Ditto|Judgment|p2a: Melmetal\n|-resisted|p2a: Melmetal\n|-damage|p2a: Melmetal|62\/100\n|\n|upkeep\n|turn|17\n|\n|t:|1698935757\n|-terastallize|p1a: Ditto|Ghost\n|move|p1a: Ditto|Judgment|p2a: Melmetal\n|-resisted|p2a: Melmetal\n|-damage|p2a: Melmetal|48\/100\n|move|p2a: Melmetal|Double Iron Bash|p1a: Ditto\n|-damage|p1a: Ditto|15\/100\n|-damage|p1a: Ditto|0 fnt\n|faint|p1a: Ditto\n|-hitcount|p1: Ditto|2\n|\n|win|Legendaries_$uck\n|raw|XDpokemons's rating: 1534 &rarr; <strong>1515<\/strong><br \/>(-19 for losing)\n|raw|Legendaries_$uck's rating: 1551 &rarr; <strong>1570<\/strong><br \/>(+19 for winning)\n|l|\u2606Legendaries_$uck\n|l| Asia The Asian\n","uploadtime":1698935884,"views":9,"p1id":"xdpokemons","p2id":"legendariesuck","formatid":"gen9nationaldexubers","rating":1515,"private":0,"password":""}