{"id":"gen9nationaldexubers-1978851018","p1":"09-10a","p2":"commonapi","format":"[Gen 9] National Dex Ubers","log":"|j|\u260609-10a\n|j|\u2606commonapi\n|t:|1698602634\n|gametype|singles\n|player|p1|09-10a|schoolkid-gen4dp|1877\n|player|p2|commonapi|169|1867\n|teamsize|p1|6\n|teamsize|p2|6\n|gen|9\n|tier|[Gen 9] National Dex Ubers\n|rated|\n|rule|HP Percentage Mod: HP is shown in percentages\n|rule|Endless Battle Clause: Forcing endless battles is banned\n|rule|OHKO Clause: OHKO moves are banned\n|rule|Evasion Moves Clause: Evasion moves are banned\n|rule|Evasion Items Clause: Evasion items are banned\n|rule|Species Clause: Limit one of each Pok\u00e9mon\n|rule|Sleep Clause Mod: Limit one foe put to sleep\n|rule|Mega Rayquaza Clause: You cannot mega evolve Rayquaza\n|clearpoke\n|poke|p1|Salamence, M|\n|poke|p1|Marshadow|\n|poke|p1|Zygarde|\n|poke|p1|Xerneas-*|\n|poke|p1|Necrozma-Dusk-Mane|\n|poke|p1|Donphan, F|\n|poke|p2|Ho-Oh|\n|poke|p2|Groudon|\n|poke|p2|Zacian-*|\n|poke|p2|Arceus|\n|poke|p2|Xerneas-*|\n|poke|p2|Kyogre|\n|teampreview\n|inactive|Battle timer is ON: inactive players will automatically lose when time's up. (requested by 09-10a)\n|inactive|commonapi has 120 seconds left.\n|\n|t:|1698602664\n|start\n|switch|p1a: Donphan|Donphan, F, shiny|100\/100\n|switch|p2a: Kyogre|Kyogre|100\/100\n|detailschange|p2a: Kyogre|Kyogre-Primal\n|-primal|p2a: Kyogre|Blue Orb\n|-weather|PrimordialSea|[from] ability: Primordial Sea|[of] p2a: Kyogre\n|turn|1\n|\n|t:|1698602682\n|move|p2a: Kyogre|Water Spout|p1a: Donphan\n|-supereffective|p1a: Donphan\n|-ability|p1a: Donphan|Sturdy\n|-damage|p1a: Donphan|1\/100\n|move|p1a: Donphan|Endeavor|p2a: Kyogre\n|-damage|p2a: Kyogre|1\/100\n|\n|-weather|PrimordialSea|[upkeep]\n|upkeep\n|turn|2\n|-enditem|p1a: Donphan|Custap Berry|[eat]\n|-activate|p1a: Donphan|item: Custap Berry|[consumed]\n|\n|t:|1698602693\n|-weather|none\n|switch|p2a: Zacian|Zacian-Crowned|100\/100\n|-ability|p2a: Zacian|Intrepid Sword|boost\n|-boost|p2a: Zacian|atk|1\n|move|p1a: Donphan|Stealth Rock|p2a: Zacian\n|-sidestart|p2: commonapi|move: Stealth Rock\n|\n|upkeep\n|turn|3\n|\n|t:|1698602702\n|move|p2a: Zacian|Behemoth Blade|p1a: Donphan\n|-damage|p1a: Donphan|0 fnt\n|faint|p1a: Donphan\n|\n|upkeep\n|\n|t:|1698602704\n|switch|p1a: Salamence|Salamence, M|100\/100\n|-ability|p1a: Salamence|Intimidate|boost\n|-unboost|p2a: Zacian|atk|1\n|turn|4\n|\n|t:|1698602710\n|switch|p2a: Ho-Oh|Ho-Oh|100\/100\n|switch|p1a: Necrozma|Necrozma-Dusk-Mane, shiny|100\/100\n|\n|upkeep\n|turn|5\n|\n|t:|1698602718\n|detailschange|p1a: Necrozma|Necrozma-Ultra, shiny\n|-burst|p1a: Necrozma|Necrozma|Ultranecrozium Z\n|move|p1a: Necrozma|Rock Blast|p2a: Ho-Oh\n|-supereffective|p2a: Ho-Oh\n|-damage|p2a: Ho-Oh|61\/100\n|-supereffective|p2a: Ho-Oh\n|-crit|p2a: Ho-Oh\n|-damage|p2a: Ho-Oh|2\/100\n|-supereffective|p2a: Ho-Oh\n|-damage|p2a: Ho-Oh|0 fnt\n|faint|p2a: Ho-Oh\n|-hitcount|p2: Ho-Oh|3\n|\n|upkeep\n|\n|t:|1698602726\n|switch|p2a: Xerneas|Xerneas|100\/100\n|-damage|p2a: Xerneas|88\/100|[from] Stealth Rock\n|-ability|p2a: Xerneas|Fairy Aura\n|turn|6\n|\n|t:|1698602730\n|switch|p2a: Kyogre|Kyogre-Primal|1\/100\n|-damage|p2a: Kyogre|0 fnt|[from] Stealth Rock\n|faint|p2a: Kyogre\n|-zpower|p1a: Necrozma\n|move|p1a: Necrozma|Light That Burns the Sky|p2: Kyogre|[zeffect]|[notarget]\n|-fail|p1a: Necrozma\n|\n|upkeep\n|\n|t:|1698602733\n|switch|p2a: Xerneas|Xerneas|88\/100\n|-damage|p2a: Xerneas|76\/100|[from] Stealth Rock\n|-ability|p2a: Xerneas|Fairy Aura\n|turn|7\n|\n|t:|1698602740\n|move|p1a: Necrozma|Earthquake|p2a: Xerneas\n|-damage|p2a: Xerneas|41\/100\n|move|p2a: Xerneas|Geomancy||[still]\n|-prepare|p2a: Xerneas|Geomancy\n|-enditem|p2a: Xerneas|Power Herb\n|-anim|p2a: Xerneas|Geomancy|p2a: Xerneas\n|-boost|p2a: Xerneas|spa|2\n|-boost|p2a: Xerneas|spd|2\n|-boost|p2a: Xerneas|spe|2\n|\n|upkeep\n|turn|8\n|\n|t:|1698602745\n|move|p2a: Xerneas|Draining Kiss|p1a: Necrozma\n|-supereffective|p1a: Necrozma\n|-damage|p1a: Necrozma|0 fnt\n|-heal|p2a: Xerneas|97\/100|[from] drain|[of] p1a: Necrozma\n|faint|p1a: Necrozma\n|\n|upkeep\n|\n|t:|1698602751\n|switch|p1a: Xerneas|Xerneas, shiny|100\/100\n|-ability|p1a: Xerneas|Fairy Aura\n|turn|9\n|\n|t:|1698602753\n|move|p2a: Xerneas|Moonblast|p1a: Xerneas\n|-damage|p1a: Xerneas|0 fnt\n|faint|p1a: Xerneas\n|\n|upkeep\n|-message|09-10a forfeited.\n|\n|win|commonapi\n|raw|09-10a's rating: 1877 &rarr; <strong>1856<\/strong><br \/>(-21 for losing)\n|raw|commonapi's rating: 1867 &rarr; <strong>1888<\/strong><br \/>(+21 for winning)\n|l|\u260609-10a\n|l|\u2606commonapi\n","uploadtime":1698602834,"views":26,"p1id":"0910a","p2id":"commonapi","formatid":"gen9nationaldexubers","rating":1856,"private":0,"password":""}