{"id":"gen9nationaldexubers-1991929673","p1":"INSECT-M0DE\ufe0f\u2733\ufe0f","p2":"LeticiaWasntTaken","format":"[Gen 9] National Dex Ubers","log":"|j|\u2606INSECT-M0DE\ufe0f\u2733\ufe0f\n|j|\u2606LeticiaWasntTaken\n|t:|1700139412\n|gametype|singles\n|player|p1|INSECT-M0DE\ufe0f\u2733\ufe0f|viola|1001\n|player|p2|LeticiaWasntTaken|dawn|1147\n|teamsize|p1|6\n|teamsize|p2|6\n|gen|9\n|tier|[Gen 9] National Dex Ubers\n|rated|\n|rule|HP Percentage Mod: HP is shown in percentages\n|rule|Endless Battle Clause: Forcing endless battles is banned\n|rule|OHKO Clause: OHKO moves are banned\n|rule|Evasion Moves Clause: Evasion moves are banned\n|rule|Evasion Items Clause: Evasion items are banned\n|rule|Species Clause: Limit one of each Pok\u00e9mon\n|rule|Sleep Clause Mod: Limit one foe put to sleep\n|rule|Mega Rayquaza Clause: You cannot mega evolve Rayquaza\n|clearpoke\n|poke|p1|Beautifly, F|\n|poke|p1|Centiskorch, M|\n|poke|p1|Spidops, M|\n|poke|p1|Lokix, M|\n|poke|p1|Durant, M|\n|poke|p1|Forretress, F|\n|poke|p2|Incineroar, F|\n|poke|p2|Decidueye, F|\n|poke|p2|Dragonite, F|\n|poke|p2|Lucario, M|\n|poke|p2|Luxray, F|\n|poke|p2|Swampert, M|\n|teampreview\n|c|\u2606LeticiaWasntTaken|Mono bug?\n|\n|t:|1700139425\n|start\n|switch|p1a: \ud83d\udd77\ud83d\udd78SPIDOPS\ud83d\udd78\ud83d\udd77|Spidops, M, shiny|100\/100\n|switch|p2a: Dragonite|Dragonite, F, shiny|100\/100\n|turn|1\n|\n|t:|1700139436\n|move|p2a: Dragonite|Substitute|p2a: Dragonite\n|-start|p2a: Dragonite|Substitute\n|-damage|p2a: Dragonite|76\/100\n|move|p1a: \ud83d\udd77\ud83d\udd78SPIDOPS\ud83d\udd78\ud83d\udd77|Sticky Web|p2a: Dragonite\n|-sidestart|p2: LeticiaWasntTaken|move: Sticky Web\n|\n|-heal|p2a: Dragonite|82\/100|[from] item: Leftovers\n|upkeep\n|turn|2\n|\n|t:|1700139444\n|switch|p1a: \ud83d\udc1c\u2699\ufe0fDURANT\u2699\ufe0f\ud83d\udc1c|Durant, M, shiny|100\/100\n|move|p2a: Dragonite|Dragon Dance|p2a: Dragonite\n|-boost|p2a: Dragonite|atk|1\n|-boost|p2a: Dragonite|spe|1\n|\n|-heal|p2a: Dragonite|88\/100|[from] item: Leftovers\n|upkeep\n|turn|3\n|\n|t:|1700139457\n|move|p2a: Dragonite|Dragon Dance|p2a: Dragonite\n|-boost|p2a: Dragonite|atk|1\n|-boost|p2a: Dragonite|spe|1\n|move|p1a: \ud83d\udc1c\u2699\ufe0fDURANT\u2699\ufe0f\ud83d\udc1c|Iron Head|p2a: Dragonite\n|-end|p2a: Dragonite|Substitute\n|\n|-heal|p2a: Dragonite|94\/100|[from] item: Leftovers\n|upkeep\n|turn|4\n|\n|t:|1700139470\n|move|p2a: Dragonite|Fly||[still]\n|-prepare|p2a: Dragonite|Fly\n|move|p1a: \ud83d\udc1c\u2699\ufe0fDURANT\u2699\ufe0f\ud83d\udc1c|Thunder Wave|p2a: Dragonite|[miss]\n|-miss|p1a: \ud83d\udc1c\u2699\ufe0fDURANT\u2699\ufe0f\ud83d\udc1c|p2a: Dragonite\n|\n|-heal|p2a: Dragonite|100\/100|[from] item: Leftovers\n|upkeep\n|turn|5\n|\n|t:|1700139480\n|move|p2a: Dragonite|Fly|p1a: \ud83d\udc1c\u2699\ufe0fDURANT\u2699\ufe0f\ud83d\udc1c|[from]lockedmove\n|-damage|p1a: \ud83d\udc1c\u2699\ufe0fDURANT\u2699\ufe0f\ud83d\udc1c|10\/100\n|move|p1a: \ud83d\udc1c\u2699\ufe0fDURANT\u2699\ufe0f\ud83d\udc1c|Thunder Wave|p2a: Dragonite\n|-status|p2a: Dragonite|par\n|\n|upkeep\n|turn|6\n|\n|t:|1700139488\n|move|p1a: \ud83d\udc1c\u2699\ufe0fDURANT\u2699\ufe0f\ud83d\udc1c|Iron Head|p2a: Dragonite\n|-damage|p2a: Dragonite|83\/100 par\n|cant|p2a: Dragonite|flinch\n|\n|-heal|p2a: Dragonite|90\/100 par|[from] item: Leftovers\n|upkeep\n|turn|7\n|\n|t:|1700139496\n|move|p1a: \ud83d\udc1c\u2699\ufe0fDURANT\u2699\ufe0f\ud83d\udc1c|Iron Head|p2a: Dragonite\n|-damage|p2a: Dragonite|56\/100 par\n|cant|p2a: Dragonite|par\n|\n|-heal|p2a: Dragonite|62\/100 par|[from] item: Leftovers\n|upkeep\n|turn|8\n|\n|t:|1700139504\n|move|p1a: \ud83d\udc1c\u2699\ufe0fDURANT\u2699\ufe0f\ud83d\udc1c|Iron Head|p2a: Dragonite\n|-damage|p2a: Dragonite|28\/100 par\n|cant|p2a: Dragonite|par\n|\n|-heal|p2a: Dragonite|34\/100 par|[from] item: Leftovers\n|upkeep\n|turn|9\n|\n|t:|1700139511\n|move|p1a: \ud83d\udc1c\u2699\ufe0fDURANT\u2699\ufe0f\ud83d\udc1c|Iron Head|p2a: Dragonite\n|-damage|p2a: Dragonite|0 fnt\n|faint|p2a: Dragonite\n|\n|upkeep\n|\n|t:|1700139517\n|switch|p2a: Incineroar|Incineroar, F|100\/100\n|-ability|p2a: Incineroar|Intimidate|boost\n|-unboost|p1a: \ud83d\udc1c\u2699\ufe0fDURANT\u2699\ufe0f\ud83d\udc1c|atk|1\n|turn|10\n|\n|t:|1700139524\n|switch|p1a: \ud83e\udda0CENTISKORCH\ud83d\udc1b\ud83e\udda0|Centiskorch, M, shiny|100\/100\n|move|p2a: Incineroar|Swords Dance|p2a: Incineroar\n|-boost|p2a: Incineroar|atk|2\n|\n|upkeep\n|turn|11\n|\n|t:|1700139532\n|-terastallize|p1a: \ud83e\udda0CENTISKORCH\ud83d\udc1b\ud83e\udda0|Bug\n|move|p1a: \ud83e\udda0CENTISKORCH\ud83d\udc1b\ud83e\udda0|Fire Lash|p2a: Incineroar\n|-resisted|p2a: Incineroar\n|-damage|p2a: Incineroar|78\/100\n|-unboost|p2a: Incineroar|def|1\n|move|p2a: Incineroar|Knock Off|p1a: \ud83e\udda0CENTISKORCH\ud83d\udc1b\ud83e\udda0\n|-damage|p1a: \ud83e\udda0CENTISKORCH\ud83d\udc1b\ud83e\udda0|0 fnt\n|-enditem|p1a: \ud83e\udda0CENTISKORCH\ud83d\udc1b\ud83e\udda0|Insect Plate|[from] move: Knock Off|[of] p2a: Incineroar\n|faint|p1a: \ud83e\udda0CENTISKORCH\ud83d\udc1b\ud83e\udda0\n|\n|upkeep\n|\n|t:|1700139549\n|switch|p1a: \ud83d\udc1c\u2699\ufe0fDURANT\u2699\ufe0f\ud83d\udc1c|Durant, M, shiny|10\/100\n|turn|12\n|\n|t:|1700139553\n|move|p1a: \ud83d\udc1c\u2699\ufe0fDURANT\u2699\ufe0f\ud83d\udc1c|First Impression|p2a: Incineroar\n|-damage|p2a: Incineroar|0 fnt\n|faint|p2a: Incineroar\n|\n|upkeep\n|\n|t:|1700139562\n|switch|p2a: Lucario|Lucario, M|100\/100\n|-activate|p2a: Lucario|move: Sticky Web\n|-unboost|p2a: Lucario|spe|1\n|turn|13\n|\n|t:|1700139567\n|move|p1a: \ud83d\udc1c\u2699\ufe0fDURANT\u2699\ufe0f\ud83d\udc1c|Thunder Wave|p2a: Lucario\n|-status|p2a: Lucario|par\n|move|p2a: Lucario|Swords Dance|p2a: Lucario\n|-boost|p2a: Lucario|atk|2\n|\n|upkeep\n|turn|14\n|\n|t:|1700139576\n|move|p2a: Lucario|Bullet Punch|p1a: \ud83d\udc1c\u2699\ufe0fDURANT\u2699\ufe0f\ud83d\udc1c\n|-resisted|p1a: \ud83d\udc1c\u2699\ufe0fDURANT\u2699\ufe0f\ud83d\udc1c\n|-damage|p1a: \ud83d\udc1c\u2699\ufe0fDURANT\u2699\ufe0f\ud83d\udc1c|0 fnt\n|faint|p1a: \ud83d\udc1c\u2699\ufe0fDURANT\u2699\ufe0f\ud83d\udc1c\n|\n|upkeep\n|\n|t:|1700139582\n|switch|p1a: \ud83d\udd78\u2699\ufe0fFORRETRESS\u2699\ufe0f\ud83d\udd78|Forretress, F, shiny|100\/100\n|turn|15\n|\n|t:|1700139591\n|move|p1a: \ud83d\udd78\u2699\ufe0fFORRETRESS\u2699\ufe0f\ud83d\udd78|Lunge|p2a: Lucario\n|-resisted|p2a: Lucario\n|-damage|p2a: Lucario|87\/100 par\n|-unboost|p2a: Lucario|atk|1\n|move|p2a: Lucario|Close Combat|p1a: \ud83d\udd78\u2699\ufe0fFORRETRESS\u2699\ufe0f\ud83d\udd78\n|-damage|p1a: \ud83d\udd78\u2699\ufe0fFORRETRESS\u2699\ufe0f\ud83d\udd78|40\/100\n|-unboost|p2a: Lucario|def|1\n|-unboost|p2a: Lucario|spd|1\n|\n|upkeep\n|turn|16\n|\n|t:|1700139603\n|move|p1a: \ud83d\udd78\u2699\ufe0fFORRETRESS\u2699\ufe0f\ud83d\udd78|Lunge|p2a: Lucario\n|-resisted|p2a: Lucario\n|-damage|p2a: Lucario|70\/100 par\n|-unboost|p2a: Lucario|atk|1\n|cant|p2a: Lucario|par\n|\n|upkeep\n|turn|17\n|\n|t:|1700139612\n|detailschange|p2a: Lucario|Lucario-Mega, M\n|-mega|p2a: Lucario|Lucario|Lucarionite\n|move|p2a: Lucario|Swords Dance|p2a: Lucario\n|-boost|p2a: Lucario|atk|2\n|move|p1a: \ud83d\udd78\u2699\ufe0fFORRETRESS\u2699\ufe0f\ud83d\udd78|Lunge|p2a: Lucario\n|-resisted|p2a: Lucario\n|-damage|p2a: Lucario|54\/100 par\n|-unboost|p2a: Lucario|atk|1\n|\n|upkeep\n|turn|18\n|\n|t:|1700139622\n|move|p2a: Lucario|Extreme Speed|p1a: \ud83d\udd78\u2699\ufe0fFORRETRESS\u2699\ufe0f\ud83d\udd78\n|-resisted|p1a: \ud83d\udd78\u2699\ufe0fFORRETRESS\u2699\ufe0f\ud83d\udd78\n|-damage|p1a: \ud83d\udd78\u2699\ufe0fFORRETRESS\u2699\ufe0f\ud83d\udd78|23\/100\n|move|p1a: \ud83d\udd78\u2699\ufe0fFORRETRESS\u2699\ufe0f\ud83d\udd78|Lunge|p2a: Lucario\n|-resisted|p2a: Lucario\n|-damage|p2a: Lucario|40\/100 par\n|-unboost|p2a: Lucario|atk|1\n|\n|upkeep\n|turn|19\n|\n|t:|1700139631\n|move|p2a: Lucario|Close Combat|p1a: \ud83d\udd78\u2699\ufe0fFORRETRESS\u2699\ufe0f\ud83d\udd78\n|-damage|p1a: \ud83d\udd78\u2699\ufe0fFORRETRESS\u2699\ufe0f\ud83d\udd78|0 fnt\n|-unboost|p2a: Lucario|def|1\n|-unboost|p2a: Lucario|spd|1\n|faint|p1a: \ud83d\udd78\u2699\ufe0fFORRETRESS\u2699\ufe0f\ud83d\udd78\n|\n|upkeep\n|\n|t:|1700139639\n|switch|p1a: \ud83d\udc1c\ud83d\udd78LOKIX\ud83d\udd78\ud83d\udc1c|Lokix, M|100\/100\n|turn|20\n|\n|t:|1700139647\n|move|p1a: \ud83d\udc1c\ud83d\udd78LOKIX\ud83d\udd78\ud83d\udc1c|First Impression|p2a: Lucario\n|-resisted|p2a: Lucario\n|-damage|p2a: Lucario|0 fnt\n|faint|p2a: Lucario\n|\n|upkeep\n|\n|t:|1700139651\n|switch|p2a: Swampert|Swampert, M|100\/100\n|-activate|p2a: Swampert|move: Sticky Web\n|-unboost|p2a: Swampert|spe|1\n|turn|21\n|\n|t:|1700139667\n|move|p1a: \ud83d\udc1c\ud83d\udd78LOKIX\ud83d\udd78\ud83d\udc1c|Lunge|p2a: Swampert\n|-damage|p2a: Swampert|58\/100\n|-unboost|p2a: Swampert|atk|1\n|move|p2a: Swampert|Toxic|p1a: \ud83d\udc1c\ud83d\udd78LOKIX\ud83d\udd78\ud83d\udc1c|[miss]\n|-miss|p2a: Swampert|p1a: \ud83d\udc1c\ud83d\udd78LOKIX\ud83d\udd78\ud83d\udc1c\n|\n|-heal|p2a: Swampert|64\/100|[from] item: Leftovers\n|upkeep\n|turn|22\n|\n|t:|1700139679\n|move|p1a: \ud83d\udc1c\ud83d\udd78LOKIX\ud83d\udd78\ud83d\udc1c|Lunge|p2a: Swampert\n|-damage|p2a: Swampert|19\/100\n|-unboost|p2a: Swampert|atk|1\n|move|p2a: Swampert|Toxic|p1a: \ud83d\udc1c\ud83d\udd78LOKIX\ud83d\udd78\ud83d\udc1c\n|-status|p1a: \ud83d\udc1c\ud83d\udd78LOKIX\ud83d\udd78\ud83d\udc1c|tox\n|\n|-heal|p2a: Swampert|25\/100|[from] item: Leftovers\n|-damage|p1a: \ud83d\udc1c\ud83d\udd78LOKIX\ud83d\udd78\ud83d\udc1c|95\/100 tox|[from] psn\n|upkeep\n|turn|23\n|\n|t:|1700139689\n|move|p1a: \ud83d\udc1c\ud83d\udd78LOKIX\ud83d\udd78\ud83d\udc1c|Lunge|p2a: Swampert\n|-damage|p2a: Swampert|0 fnt\n|faint|p2a: Swampert\n|\n|-damage|p1a: \ud83d\udc1c\ud83d\udd78LOKIX\ud83d\udd78\ud83d\udc1c|83\/100 tox|[from] psn\n|upkeep\n|\n|t:|1700139694\n|switch|p2a: Luxray|Luxray, F|100\/100\n|-activate|p2a: Luxray|move: Sticky Web\n|-unboost|p2a: Luxray|spe|1\n|turn|24\n|\n|t:|1700139703\n|switch|p1a: \ud83d\udd77\ud83d\udd78SPIDOPS\ud83d\udd78\ud83d\udd77|Spidops, M, shiny|100\/100\n|move|p2a: Luxray|Superpower|p1a: \ud83d\udd77\ud83d\udd78SPIDOPS\ud83d\udd78\ud83d\udd77\n|-resisted|p1a: \ud83d\udd77\ud83d\udd78SPIDOPS\ud83d\udd78\ud83d\udd77\n|-damage|p1a: \ud83d\udd77\ud83d\udd78SPIDOPS\ud83d\udd78\ud83d\udd77|77\/100\n|-unboost|p2a: Luxray|atk|1\n|-unboost|p2a: Luxray|def|1\n|\n|-status|p2a: Luxray|brn|[from] item: Flame Orb\n|upkeep\n|turn|25\n|\n|t:|1700139714\n|move|p1a: \ud83d\udd77\ud83d\udd78SPIDOPS\ud83d\udd78\ud83d\udd77|First Impression|p2a: Luxray\n|-damage|p2a: Luxray|13\/100 brn\n|move|p2a: Luxray|Facade|p1a: \ud83d\udd77\ud83d\udd78SPIDOPS\ud83d\udd78\ud83d\udd77\n|-damage|p1a: \ud83d\udd77\ud83d\udd78SPIDOPS\ud83d\udd78\ud83d\udd77|24\/100\n|\n|-damage|p2a: Luxray|7\/100 brn|[from] brn\n|upkeep\n|turn|26\n|\n|t:|1700139723\n|move|p2a: Luxray|Crunch|p1a: \ud83d\udd77\ud83d\udd78SPIDOPS\ud83d\udd78\ud83d\udd77\n|-damage|p1a: \ud83d\udd77\ud83d\udd78SPIDOPS\ud83d\udd78\ud83d\udd77|0 fnt\n|faint|p1a: \ud83d\udd77\ud83d\udd78SPIDOPS\ud83d\udd78\ud83d\udd77\n|\n|-damage|p2a: Luxray|1\/100 brn|[from] brn\n|upkeep\n|\n|t:|1700139732\n|switch|p1a: \ud83e\udeb0BEAUTIFLY\ud83e\udd8b|Beautifly, F, shiny|100\/100\n|turn|27\n|\n|t:|1700139738\n|move|p1a: \ud83e\udeb0BEAUTIFLY\ud83e\udd8b|Bug Buzz|p2a: Luxray\n|-damage|p2a: Luxray|0 fnt\n|faint|p2a: Luxray\n|\n|upkeep\n|\n|t:|1700139740\n|switch|p2a: Gustavo :D|Decidueye, F|100\/100\n|-activate|p2a: Gustavo :D|move: Sticky Web\n|-unboost|p2a: Gustavo :D|spe|1\n|turn|28\n|\n|t:|1700139749\n|-zpower|p1a: \ud83e\udeb0BEAUTIFLY\ud83e\udd8b\n|move|p1a: \ud83e\udeb0BEAUTIFLY\ud83e\udd8b|Savage Spin-Out|p2a: Gustavo :D|[zeffect]\n|-damage|p2a: Gustavo :D|55\/100\n|move|p2a: Gustavo :D|Poltergeist|p1a: \ud83e\udeb0BEAUTIFLY\ud83e\udd8b\n|-activate|p1a: \ud83e\udeb0BEAUTIFLY\ud83e\udd8b|move: Poltergeist|Buginium Z\n|-damage|p1a: \ud83e\udeb0BEAUTIFLY\ud83e\udd8b|0 fnt\n|faint|p1a: \ud83e\udeb0BEAUTIFLY\ud83e\udd8b\n|\n|upkeep\n|\n|t:|1700139761\n|switch|p1a: \ud83d\udc1c\ud83d\udd78LOKIX\ud83d\udd78\ud83d\udc1c|Lokix, M|83\/100 tox\n|turn|29\n|\n|t:|1700139768\n|move|p1a: \ud83d\udc1c\ud83d\udd78LOKIX\ud83d\udd78\ud83d\udc1c|First Impression|p2a: Gustavo :D\n|-damage|p2a: Gustavo :D|0 fnt\n|faint|p2a: Gustavo :D\n|\n|win|INSECT-M0DE\ufe0f\u2733\ufe0f\n|raw|INSECT-M0DE\ufe0f\u2733\ufe0f's rating: 1000 &rarr; <strong>1056<\/strong><br \/>(+56 for winning)\n|raw|LeticiaWasntTaken's rating: 1147 &rarr; <strong>1112<\/strong><br \/>(-35 for losing)\n|l|\u2606LeticiaWasntTaken\n|l|\u2606INSECT-M0DE\ufe0f\u2733\ufe0f\n|j|\u2606INSECT-M0DE\ufe0f\u2733\ufe0f\n|player|p1|INSECT-M0DE\ufe0f\u2733\ufe0f|viola\n","uploadtime":1700139800,"views":8,"p1id":"insectm0de","p2id":"leticiawasnttaken","formatid":"gen9nationaldexubers","rating":1056,"private":0,"password":""}