{"id":"gen9nationaldexubers-1997611479","p1":"faecetalattraction","p2":"JustMonika_CARR","format":"[Gen 9] National Dex Ubers","log":"|j|\u2606faecetalattraction\n|j|\u2606JustMonika_CARR\n|t:|1700832792\n|gametype|singles\n|player|p1|faecetalattraction|iono|1259\n|player|p2|JustMonika_CARR|rosa|1444\n|teamsize|p1|6\n|teamsize|p2|6\n|gen|9\n|tier|[Gen 9] National Dex Ubers\n|rated|\n|rule|HP Percentage Mod: HP is shown in percentages\n|rule|Endless Battle Clause: Forcing endless battles is banned\n|rule|OHKO Clause: OHKO moves are banned\n|rule|Evasion Moves Clause: Evasion moves are banned\n|rule|Evasion Items Clause: Evasion items are banned\n|rule|Species Clause: Limit one of each Pok\u00e9mon\n|rule|Sleep Clause Mod: Limit one foe put to sleep\n|rule|Mega Rayquaza Clause: You cannot mega evolve Rayquaza\n|clearpoke\n|poke|p1|Groudon|\n|poke|p1|Smeargle, M|\n|poke|p1|Zacian-*|\n|poke|p1|Arceus|\n|poke|p1|Kyogre|\n|poke|p1|Yveltal|\n|poke|p2|Blaziken, F|\n|poke|p2|Pheromosa|\n|poke|p2|Gothitelle, F|\n|poke|p2|Deoxys-Speed|\n|poke|p2|Arceus|\n|poke|p2|Durant, F|\n|teampreview\n|c|\u2606JustMonika_CARR|Glhf\n|c|\u2606faecetalattraction|u2\n|\n|t:|1700832815\n|start\n|switch|p1a: Groudon|Groudon|100\/100\n|switch|p2a: Deoxys|Deoxys-Speed, shiny|100\/100\n|-ability|p2a: Deoxys|Pressure\n|detailschange|p1a: Groudon|Groudon-Primal\n|-primal|p1a: Groudon|Red Orb\n|-weather|DesolateLand|[from] ability: Desolate Land|[of] p1a: Groudon\n|turn|1\n|\n|t:|1700832821\n|move|p2a: Deoxys|Reflect|p2a: Deoxys\n|-sidestart|p2: JustMonika_CARR|Reflect\n|move|p1a: Groudon|Heat Crash|p2a: Deoxys\n|-damage|p2a: Deoxys|32\/100\n|\n|-weather|DesolateLand|[upkeep]\n|upkeep\n|turn|2\n|\n|t:|1700832832\n|move|p2a: Deoxys|Stealth Rock|p1a: Groudon\n|-sidestart|p1: faecetalattraction|move: Stealth Rock\n|move|p1a: Groudon|Heat Crash|p2a: Deoxys\n|-damage|p2a: Deoxys|0 fnt\n|faint|p2a: Deoxys\n|\n|-weather|DesolateLand|[upkeep]\n|upkeep\n|\n|t:|1700832836\n|switch|p2a: Durant|Durant, F, shiny|100\/100\n|turn|3\n|\n|t:|1700832854\n|move|p2a: Durant|Entrainment|p1a: Groudon\n|-weather|none\n|-endability|p1a: Groudon|Desolate Land|[from] move: Entrainment\n|-ability|p1a: Groudon|Truant|[from] move: Entrainment\n|move|p1a: Groudon|Precipice Blades|p2a: Durant\n|-crit|p2a: Durant\n|-damage|p2a: Durant|0 fnt\n|faint|p2a: Durant\n|\n|upkeep\n|\n|t:|1700832864\n|switch|p2a: Gothitelle|Gothitelle, F, shiny|100\/100\n|turn|4\n|\n|t:|1700832870\n|cant|p1a: Groudon|ability: Truant\n|move|p2a: Gothitelle|Substitute|p2a: Gothitelle\n|-start|p2a: Gothitelle|Substitute\n|-damage|p2a: Gothitelle|75\/100\n|\n|upkeep\n|turn|5\n|\n|t:|1700832880\n|move|p1a: Groudon|Heat Crash|p2a: Gothitelle\n|-end|p2a: Gothitelle|Substitute\n|move|p2a: Gothitelle|Substitute|p2a: Gothitelle\n|-start|p2a: Gothitelle|Substitute\n|-damage|p2a: Gothitelle|50\/100\n|\n|upkeep\n|turn|6\n|\n|t:|1700832886\n|cant|p1a: Groudon|ability: Truant\n|move|p2a: Gothitelle|Dark Pulse|p1a: Groudon\n|-damage|p1a: Groudon|74\/100\n|\n|upkeep\n|turn|7\n|\n|t:|1700832889\n|move|p1a: Groudon|Heat Crash|p2a: Gothitelle\n|-end|p2a: Gothitelle|Substitute\n|move|p2a: Gothitelle|Substitute|p2a: Gothitelle\n|-start|p2a: Gothitelle|Substitute\n|-damage|p2a: Gothitelle|25\/100\n|-enditem|p2a: Gothitelle|Starf Berry|[eat]\n|-boost|p2a: Gothitelle|spe|2|[from] item: Starf Berry\n|\n|upkeep\n|turn|8\n|\n|t:|1700832896\n|move|p2a: Gothitelle|Recycle|p2a: Gothitelle\n|-item|p2a: Gothitelle|Starf Berry|[from] move: Recycle\n|-enditem|p2a: Gothitelle|Starf Berry|[eat]\n|-boost|p2a: Gothitelle|def|2|[from] item: Starf Berry\n|cant|p1a: Groudon|ability: Truant\n|\n|-sideend|p2: JustMonika_CARR|Reflect\n|upkeep\n|turn|9\n|c|\u2606JustMonika_CARR|Time for us to skip a few turns\n|\n|t:|1700832912\n|move|p2a: Gothitelle|Protect|p2a: Gothitelle\n|-singleturn|p2a: Gothitelle|Protect\n|move|p1a: Groudon|Heat Crash|p2a: Gothitelle\n|-activate|p2a: Gothitelle|move: Protect\n|\n|upkeep\n|turn|10\n|c|\u2606faecetalattraction|yup\n|\n|t:|1700832918\n|move|p2a: Gothitelle|Recycle|p2a: Gothitelle\n|-item|p2a: Gothitelle|Starf Berry|[from] move: Recycle\n|-enditem|p2a: Gothitelle|Starf Berry|[eat]\n|-boost|p2a: Gothitelle|spe|2|[from] item: Starf Berry\n|cant|p1a: Groudon|ability: Truant\n|\n|upkeep\n|turn|11\n|c|\u2606faecetalattraction|cool strat ngl\n|\n|t:|1700832928\n|move|p2a: Gothitelle|Protect|p2a: Gothitelle\n|-singleturn|p2a: Gothitelle|Protect\n|move|p1a: Groudon|Heat Crash|p2a: Gothitelle\n|-activate|p2a: Gothitelle|move: Protect\n|\n|upkeep\n|turn|12\n|c|\u2606JustMonika_CARR|Ikr\n|c|\u2606JustMonika_CARR|Came up with it myself\n|\n|t:|1700832958\n|move|p2a: Gothitelle|Recycle|p2a: Gothitelle\n|-item|p2a: Gothitelle|Starf Berry|[from] move: Recycle\n|-enditem|p2a: Gothitelle|Starf Berry|[eat]\n|-boost|p2a: Gothitelle|spe|2|[from] item: Starf Berry\n|cant|p1a: Groudon|ability: Truant\n|\n|upkeep\n|turn|13\n|c|\u2606faecetalattraction|why dark pulse tho?\n|\n|t:|1700832975\n|move|p2a: Gothitelle|Protect|p2a: Gothitelle\n|-singleturn|p2a: Gothitelle|Protect\n|move|p1a: Groudon|Heat Crash|p2a: Gothitelle\n|-activate|p2a: Gothitelle|move: Protect\n|\n|upkeep\n|turn|14\n|c|\u2606JustMonika_CARR|Because Stored Power is psychic\n|c|\u2606JustMonika_CARR|And it doesn't learn Power Trip\n|\n|t:|1700833022\n|move|p2a: Gothitelle|Recycle|p2a: Gothitelle\n|-item|p2a: Gothitelle|Starf Berry|[from] move: Recycle\n|-enditem|p2a: Gothitelle|Starf Berry|[eat]\n|-boost|p2a: Gothitelle|atk|2|[from] item: Starf Berry\n|cant|p1a: Groudon|ability: Truant\n|\n|upkeep\n|turn|15\n|c|\u2606faecetalattraction|if it gets baton pass and it was legal\n|c|\u2606faecetalattraction|that would go crazy\n|\n|t:|1700833050\n|move|p2a: Gothitelle|Protect|p2a: Gothitelle\n|-singleturn|p2a: Gothitelle|Protect\n|move|p1a: Groudon|Precipice Blades|p2a: Gothitelle\n|-activate|p2a: Gothitelle|move: Protect\n|\n|upkeep\n|turn|16\n|c|\u2606JustMonika_CARR|Also, the flinch chance is useful\n|c|\u2606JustMonika_CARR|But yeah Baton Pass would be crazy\n|\n|t:|1700833072\n|move|p2a: Gothitelle|Recycle|p2a: Gothitelle\n|-item|p2a: Gothitelle|Starf Berry|[from] move: Recycle\n|-enditem|p2a: Gothitelle|Starf Berry|[eat]\n|-boost|p2a: Gothitelle|spa|2|[from] item: Starf Berry\n|cant|p1a: Groudon|ability: Truant\n|\n|upkeep\n|turn|17\n|\n|t:|1700833082\n|move|p2a: Gothitelle|Protect|p2a: Gothitelle\n|-singleturn|p2a: Gothitelle|Protect\n|move|p1a: Groudon|Thunder Punch|p2a: Gothitelle\n|-activate|p2a: Gothitelle|move: Protect\n|\n|upkeep\n|turn|18\n|\n|t:|1700833088\n|move|p2a: Gothitelle|Recycle|p2a: Gothitelle\n|-item|p2a: Gothitelle|Starf Berry|[from] move: Recycle\n|-enditem|p2a: Gothitelle|Starf Berry|[eat]\n|-boost|p2a: Gothitelle|spa|2|[from] item: Starf Berry\n|cant|p1a: Groudon|ability: Truant\n|\n|upkeep\n|turn|19\n|\n|t:|1700833101\n|move|p2a: Gothitelle|Protect|p2a: Gothitelle\n|-singleturn|p2a: Gothitelle|Protect\n|move|p1a: Groudon|Thunder Punch|p2a: Gothitelle\n|-activate|p2a: Gothitelle|move: Protect\n|\n|upkeep\n|turn|20\n|\n|t:|1700833111\n|move|p2a: Gothitelle|Recycle|p2a: Gothitelle\n|-item|p2a: Gothitelle|Starf Berry|[from] move: Recycle\n|-enditem|p2a: Gothitelle|Starf Berry|[eat]\n|-boost|p2a: Gothitelle|def|2|[from] item: Starf Berry\n|cant|p1a: Groudon|ability: Truant\n|\n|upkeep\n|turn|21\n|\n|t:|1700833119\n|move|p2a: Gothitelle|Protect|p2a: Gothitelle\n|-singleturn|p2a: Gothitelle|Protect\n|move|p1a: Groudon|Thunder Punch|p2a: Gothitelle\n|-activate|p2a: Gothitelle|move: Protect\n|\n|upkeep\n|turn|22\n|\n|t:|1700833125\n|move|p2a: Gothitelle|Recycle|p2a: Gothitelle\n|-item|p2a: Gothitelle|Starf Berry|[from] move: Recycle\n|-enditem|p2a: Gothitelle|Starf Berry|[eat]\n|-boost|p2a: Gothitelle|atk|2|[from] item: Starf Berry\n|cant|p1a: Groudon|ability: Truant\n|\n|upkeep\n|turn|23\n|\n|t:|1700833132\n|move|p2a: Gothitelle|Protect|p2a: Gothitelle\n|-singleturn|p2a: Gothitelle|Protect\n|move|p1a: Groudon|Thunder Punch|p2a: Gothitelle\n|-activate|p2a: Gothitelle|move: Protect\n|\n|upkeep\n|turn|24\n|\n|t:|1700833139\n|move|p2a: Gothitelle|Recycle|p2a: Gothitelle\n|-item|p2a: Gothitelle|Starf Berry|[from] move: Recycle\n|-enditem|p2a: Gothitelle|Starf Berry|[eat]\n|-boost|p2a: Gothitelle|atk|2|[from] item: Starf Berry\n|cant|p1a: Groudon|ability: Truant\n|\n|upkeep\n|turn|25\n|\n|t:|1700833149\n|move|p2a: Gothitelle|Protect|p2a: Gothitelle\n|-singleturn|p2a: Gothitelle|Protect\n|move|p1a: Groudon|Thunder Punch|p2a: Gothitelle\n|-activate|p2a: Gothitelle|move: Protect\n|\n|upkeep\n|turn|26\n|\n|t:|1700833155\n|move|p2a: Gothitelle|Recycle|p2a: Gothitelle\n|-item|p2a: Gothitelle|Starf Berry|[from] move: Recycle\n|-enditem|p2a: Gothitelle|Starf Berry|[eat]\n|-boost|p2a: Gothitelle|spa|2|[from] item: Starf Berry\n|cant|p1a: Groudon|ability: Truant\n|\n|upkeep\n|turn|27\n|\n|t:|1700833165\n|move|p2a: Gothitelle|Protect|p2a: Gothitelle\n|-singleturn|p2a: Gothitelle|Protect\n|move|p1a: Groudon|Thunder Punch|p2a: Gothitelle\n|-activate|p2a: Gothitelle|move: Protect\n|\n|upkeep\n|turn|28\n|\n|t:|1700833172\n|move|p2a: Gothitelle|Recycle|p2a: Gothitelle\n|-item|p2a: Gothitelle|Starf Berry|[from] move: Recycle\n|-enditem|p2a: Gothitelle|Starf Berry|[eat]\n|-boost|p2a: Gothitelle|spd|2|[from] item: Starf Berry\n|cant|p1a: Groudon|ability: Truant\n|\n|upkeep\n|turn|29\n|\n|t:|1700833179\n|move|p2a: Gothitelle|Protect|p2a: Gothitelle\n|-singleturn|p2a: Gothitelle|Protect\n|move|p1a: Groudon|Thunder Punch|p2a: Gothitelle\n|-activate|p2a: Gothitelle|move: Protect\n|\n|upkeep\n|turn|30\n|\n|t:|1700833186\n|move|p2a: Gothitelle|Recycle|p2a: Gothitelle\n|-item|p2a: Gothitelle|Starf Berry|[from] move: Recycle\n|-enditem|p2a: Gothitelle|Starf Berry|[eat]\n|-boost|p2a: Gothitelle|spd|2|[from] item: Starf Berry\n|cant|p1a: Groudon|ability: Truant\n|\n|upkeep\n|turn|31\n|\n|t:|1700833195\n|move|p2a: Gothitelle|Protect|p2a: Gothitelle\n|-singleturn|p2a: Gothitelle|Protect\n|move|p1a: Groudon|Thunder Punch|p2a: Gothitelle\n|-activate|p2a: Gothitelle|move: Protect\n|\n|upkeep\n|turn|32\n|\n|t:|1700833202\n|move|p2a: Gothitelle|Recycle|p2a: Gothitelle\n|-item|p2a: Gothitelle|Starf Berry|[from] move: Recycle\n|-enditem|p2a: Gothitelle|Starf Berry|[eat]\n|-boost|p2a: Gothitelle|spd|2|[from] item: Starf Berry\n|cant|p1a: Groudon|ability: Truant\n|\n|upkeep\n|turn|33\n|\n|t:|1700833209\n|move|p2a: Gothitelle|Protect|p2a: Gothitelle\n|-singleturn|p2a: Gothitelle|Protect\n|move|p1a: Groudon|Thunder Punch|p2a: Gothitelle\n|-activate|p2a: Gothitelle|move: Protect\n|\n|upkeep\n|turn|34\n|\n|t:|1700833216\n|move|p2a: Gothitelle|Recycle|p2a: Gothitelle\n|-item|p2a: Gothitelle|Starf Berry|[from] move: Recycle\n|-enditem|p2a: Gothitelle|Starf Berry|[eat]\n|-boost|p2a: Gothitelle|def|2|[from] item: Starf Berry\n|cant|p1a: Groudon|ability: Truant\n|\n|upkeep\n|turn|35\n|\n|t:|1700833223\n|move|p2a: Gothitelle|Dark Pulse|p1a: Groudon\n|-damage|p1a: Groudon|0 fnt\n|faint|p1a: Groudon\n|\n|upkeep\n|\n|t:|1700833233\n|switch|p1a: my apologies|Zacian-Crowned|100\/100\n|-damage|p1a: my apologies|94\/100|[from] Stealth Rock\n|-ability|p1a: my apologies|Intrepid Sword|boost\n|-boost|p1a: my apologies|atk|1\n|turn|36\n|\n|t:|1700833238\n|move|p2a: Gothitelle|Dark Pulse|p1a: my apologies\n|-resisted|p1a: my apologies\n|-damage|p1a: my apologies|50\/100\n|move|p1a: my apologies|Substitute|p1a: my apologies\n|-start|p1a: my apologies|Substitute\n|-damage|p1a: my apologies|25\/100\n|\n|upkeep\n|turn|37\n|\n|t:|1700833250\n|move|p2a: Gothitelle|Dark Pulse|p1a: my apologies\n|-resisted|p1a: my apologies\n|-end|p1a: my apologies|Substitute\n|move|p1a: my apologies|Behemoth Blade|p2a: Gothitelle\n|-activate|p2a: Gothitelle|move: Substitute|[damage]\n|\n|upkeep\n|turn|38\n|\n|t:|1700833258\n|move|p2a: Gothitelle|Dark Pulse|p1a: my apologies\n|-resisted|p1a: my apologies\n|-damage|p1a: my apologies|0 fnt\n|faint|p1a: my apologies\n|\n|upkeep\n|\n|t:|1700833268\n|switch|p1a: Yveltal|Yveltal, shiny|100\/100\n|-damage|p1a: Yveltal|76\/100|[from] Stealth Rock\n|-ability|p1a: Yveltal|Dark Aura\n|turn|39\n|\n|t:|1700833273\n|-terastallize|p2a: Gothitelle|Dark\n|move|p1a: Yveltal|Sucker Punch|p2a: Gothitelle\n|-resisted|p2a: Gothitelle\n|-end|p2a: Gothitelle|Substitute\n|move|p2a: Gothitelle|Dark Pulse|p1a: Yveltal\n|-resisted|p1a: Yveltal\n|-damage|p1a: Yveltal|26\/100\n|\n|upkeep\n|turn|40\n|\n|t:|1700833285\n|move|p1a: Yveltal|Sucker Punch|p2a: Gothitelle\n|-resisted|p2a: Gothitelle\n|-damage|p2a: Gothitelle|20\/100\n|move|p2a: Gothitelle|Dark Pulse|p1a: Yveltal\n|-resisted|p1a: Yveltal\n|-damage|p1a: Yveltal|0 fnt\n|faint|p1a: Yveltal\n|\n|upkeep\n|\n|t:|1700833292\n|switch|p1a: 6 g0d|Arceus|100\/100\n|-damage|p1a: 6 g0d|88\/100|[from] Stealth Rock\n|turn|41\n|\n|t:|1700833298\n|-terastallize|p1a: 6 g0d|Normal\n|move|p1a: 6 g0d|Extreme Speed|p2a: Gothitelle\n|-damage|p2a: Gothitelle|3\/100\n|-damage|p1a: 6 g0d|78\/100|[from] item: Life Orb\n|move|p2a: Gothitelle|Dark Pulse|p1a: 6 g0d\n|-damage|p1a: 6 g0d|0 fnt\n|faint|p1a: 6 g0d\n|\n|upkeep\n|\n|t:|1700833309\n|switch|p1a: Kyogre|Kyogre|100\/100\n|-damage|p1a: Kyogre|88\/100|[from] Stealth Rock\n|detailschange|p1a: Kyogre|Kyogre-Primal\n|-primal|p1a: Kyogre|Blue Orb\n|-weather|PrimordialSea|[from] ability: Primordial Sea|[of] p1a: Kyogre\n|turn|42\n|\n|t:|1700833319\n|move|p2a: Gothitelle|Dark Pulse|p1a: Kyogre\n|-damage|p1a: Kyogre|3\/100\n|move|p1a: Kyogre|Scald|p2a: Gothitelle\n|-damage|p2a: Gothitelle|0 fnt\n|faint|p2a: Gothitelle\n|\n|-weather|PrimordialSea|[upkeep]\n|upkeep\n|\n|t:|1700833325\n|switch|p2a: Blaziken|Blaziken, F, shiny|100\/100\n|turn|43\n|c|\u2606faecetalattraction|ggs\n|\n|t:|1700833331\n|detailschange|p2a: Blaziken|Blaziken-Mega, F, shiny\n|-mega|p2a: Blaziken|Blaziken|Blazikenite\n|move|p2a: Blaziken|Protect|p2a: Blaziken\n|-singleturn|p2a: Blaziken|Protect\n|move|p1a: Kyogre|Scald|p2a: Blaziken\n|-activate|p2a: Blaziken|move: Protect\n|\n|-weather|PrimordialSea|[upkeep]\n|-ability|p2a: Blaziken|Speed Boost|boost\n|-boost|p2a: Blaziken|spe|1\n|upkeep\n|turn|44\n|\n|t:|1700833337\n|move|p2a: Blaziken|Blaze Kick||[still]\n|-fail|p2a: Blaziken|Blaze Kick|[from] Primordial Sea\n|move|p1a: Kyogre|Scald|p2a: Blaziken\n|-supereffective|p2a: Blaziken\n|-damage|p2a: Blaziken|0 fnt\n|faint|p2a: Blaziken\n|\n|-weather|PrimordialSea|[upkeep]\n|upkeep\n|c|\u2606JustMonika_CARR|Huh, misclick?\n|\n|t:|1700833357\n|switch|p2a: Pheromosa|Pheromosa, shiny|100\/100\n|turn|45\n|\n|t:|1700833362\n|move|p2a: Pheromosa|Rapid Spin|p1a: Kyogre\n|-damage|p1a: Kyogre|0 fnt\n|-boost|p2a: Pheromosa|spe|1\n|faint|p1a: Kyogre\n|-weather|none\n|-ability|p2a: Pheromosa|Beast Boost|boost\n|-boost|p2a: Pheromosa|spa|1\n|\n|upkeep\n|\n|t:|1700833366\n|switch|p1a: Smeargle|Smeargle, M, shiny|100\/100\n|-damage|p1a: Smeargle|88\/100|[from] Stealth Rock\n|turn|46\n|\n|t:|1700833373\n|move|p2a: Pheromosa|Bug Buzz|p1a: Smeargle\n|-damage|p1a: Smeargle|0 fnt\n|faint|p1a: Smeargle\n|\n|win|JustMonika_CARR\n|raw|faecetalattraction's rating: 1259 &rarr; <strong>1246<\/strong><br \/>(-13 for losing)\n|raw|JustMonika_CARR's rating: 1444 &rarr; <strong>1454<\/strong><br \/>(+10 for winning)\n|c|\u2606faecetalattraction|wp\n|c|\u2606JustMonika_CARR|Gg\n","uploadtime":1700833384,"views":2,"p1id":"faecetalattraction","p2id":"justmonikacarr","formatid":"gen9nationaldexubers","rating":1246,"private":0,"password":""}