{"id":"gen9nationaldexubers-1989135426","p1":"zMesa","p2":"David uwu35","format":"[Gen 9] National Dex Ubers","log":"|j|\u2606zMesa\n|j|\u2606David uwu35\n|t:|1699816024\n|gametype|singles\n|player|p1|zMesa|blue|\n|player|p2|David uwu35|shadowtriad|\n|teamsize|p1|6\n|teamsize|p2|6\n|gen|9\n|tier|[Gen 9] National Dex Ubers\n|rule|HP Percentage Mod: HP is shown in percentages\n|rule|Endless Battle Clause: Forcing endless battles is banned\n|rule|OHKO Clause: OHKO moves are banned\n|rule|Evasion Moves Clause: Evasion moves are banned\n|rule|Evasion Items Clause: Evasion items are banned\n|rule|Species Clause: Limit one of each Pok\u00e9mon\n|rule|Sleep Clause Mod: Limit one foe put to sleep\n|rule|Mega Rayquaza Clause: You cannot mega evolve Rayquaza\n|clearpoke\n|poke|p1|Galvantula, F|\n|poke|p1|Ogerpon-Hearthflame, F|\n|poke|p1|Baxcalibur, F|\n|poke|p1|Grimmsnarl, M|\n|poke|p1|Basculegion, M|\n|poke|p1|Lucario, M|\n|poke|p2|Gholdengo|\n|poke|p2|Dondozo, F|\n|poke|p2|Sableye, F|\n|poke|p2|Chien-Pao|\n|poke|p2|Ursaluna-Bloodmoon, M|\n|poke|p2|Munkidori, M|\n|teampreview\n|\n|t:|1699816044\n|start\n|switch|p1a: Galvantula|Galvantula, F|100\/100\n|switch|p2a: Sableye|Sableye, F|100\/100\n|turn|1\n|\n|t:|1699816052\n|move|p1a: Galvantula|Thunder|p2a: Sableye\n|-damage|p2a: Sableye|18\/100\n|move|p2a: Sableye|Knock Off|p1a: Galvantula\n|-damage|p1a: Galvantula|41\/100\n|-enditem|p1a: Galvantula|Focus Sash|[from] move: Knock Off|[of] p2a: Sableye\n|\n|upkeep\n|turn|2\n|\n|t:|1699816063\n|move|p2a: Sableye|Encore|p1a: Galvantula\n|-start|p1a: Galvantula|Encore\n|move|p1a: Galvantula|Thunder|p2a: Sableye\n|-damage|p2a: Sableye|0 fnt\n|faint|p2a: Sableye\n|\n|upkeep\n|\n|t:|1699816088\n|switch|p2a: Gholdengo|Gholdengo|100\/100\n|turn|3\n|\n|t:|1699816093\n|move|p1a: Galvantula|Thunder|p2a: Gholdengo\n|-damage|p2a: Gholdengo|52\/100\n|move|p2a: Gholdengo|Nasty Plot|p2a: Gholdengo\n|-boost|p2a: Gholdengo|spa|2\n|\n|-heal|p2a: Gholdengo|58\/100|[from] item: Leftovers\n|upkeep\n|turn|4\n|\n|t:|1699816108\n|move|p1a: Galvantula|Thunder|p2a: Gholdengo\n|-damage|p2a: Gholdengo|7\/100\n|move|p2a: Gholdengo|Shadow Ball|p1a: Galvantula\n|-damage|p1a: Galvantula|0 fnt\n|faint|p1a: Galvantula\n|\n|-heal|p2a: Gholdengo|13\/100|[from] item: Leftovers\n|upkeep\n|\n|t:|1699816142\n|switch|p1a: Ogerpon|Ogerpon-Hearthflame, F|100\/100\n|-ability|p1a: Ogerpon|Mold Breaker\n|turn|5\n|\n|t:|1699816159\n|-terastallize|p1a: Ogerpon|Fire\n|detailschange|p1a: Ogerpon|Ogerpon-Hearthflame-Tera, F, tera:Fire\n|-ability|p1a: Ogerpon|Embody Aspect (Hearthflame)|boost\n|-boost|p1a: Ogerpon|atk|1\n|move|p1a: Ogerpon|Knock Off|p2a: Gholdengo\n|-supereffective|p2a: Gholdengo\n|-damage|p2a: Gholdengo|0 fnt\n|-enditem|p2a: Gholdengo|Leftovers|[from] move: Knock Off|[of] p1a: Ogerpon\n|faint|p2a: Gholdengo\n|\n|upkeep\n|\n|t:|1699816178\n|switch|p2a: Dondozo|Dondozo, F|100\/100\n|turn|6\n|\n|t:|1699816218\n|move|p1a: Ogerpon|Trailblaze|p2a: Dondozo\n|-supereffective|p2a: Dondozo\n|-crit|p2a: Dondozo\n|-damage|p2a: Dondozo|55\/100\n|-boost|p1a: Ogerpon|spe|1\n|move|p2a: Dondozo|Curse|p2a: Dondozo\n|-unboost|p2a: Dondozo|spe|1\n|-boost|p2a: Dondozo|atk|1\n|-boost|p2a: Dondozo|def|1\n|\n|upkeep\n|turn|7\n|\n|t:|1699816261\n|move|p1a: Ogerpon|Swords Dance|p1a: Ogerpon\n|-boost|p1a: Ogerpon|atk|2\n|move|p2a: Dondozo|Wave Crash|p1a: Ogerpon\n|-supereffective|p1a: Ogerpon\n|-damage|p1a: Ogerpon|0 fnt\n|faint|p1a: Ogerpon\n|-damage|p2a: Dondozo|33\/100|[from] Recoil\n|-enditem|p2a: Dondozo|Sitrus Berry|[eat]\n|-heal|p2a: Dondozo|58\/100|[from] item: Sitrus Berry\n|\n|upkeep\n|\n|t:|1699816271\n|switch|p1a: Grimmsnarl|Grimmsnarl, M|100\/100\n|turn|8\n|\n|t:|1699816280\n|move|p1a: Grimmsnarl|Taunt|p2a: Dondozo\n|-start|p2a: Dondozo|move: Taunt\n|cant|p2a: Dondozo|move: Taunt|Curse\n|\n|upkeep\n|turn|9\n|\n|t:|1699816289\n|move|p1a: Grimmsnarl|Reflect|p1a: Grimmsnarl\n|-sidestart|p1: zMesa|Reflect\n|move|p2a: Dondozo|Liquidation|p1a: Grimmsnarl\n|-damage|p1a: Grimmsnarl|72\/100\n|\n|-heal|p1a: Grimmsnarl|78\/100|[from] item: Leftovers\n|upkeep\n|turn|10\n|\n|t:|1699816344\n|move|p1a: Grimmsnarl|Light Screen|p1a: Grimmsnarl\n|-sidestart|p1: zMesa|move: Light Screen\n|move|p2a: Dondozo|Liquidation|p1a: Grimmsnarl\n|-damage|p1a: Grimmsnarl|49\/100\n|-unboost|p1a: Grimmsnarl|def|1\n|\n|-heal|p1a: Grimmsnarl|55\/100|[from] item: Leftovers\n|-end|p2a: Dondozo|move: Taunt\n|upkeep\n|turn|11\n|\n|t:|1699816354\n|move|p1a: Grimmsnarl|Taunt|p2a: Dondozo\n|-start|p2a: Dondozo|move: Taunt\n|move|p2a: Dondozo|Liquidation|p1a: Grimmsnarl\n|-damage|p1a: Grimmsnarl|27\/100\n|-unboost|p1a: Grimmsnarl|def|1\n|\n|-heal|p1a: Grimmsnarl|33\/100|[from] item: Leftovers\n|upkeep\n|turn|12\n|\n|t:|1699816366\n|move|p1a: Grimmsnarl|Parting Shot|p2a: Dondozo\n|-unboost|p2a: Dondozo|atk|1\n|-unboost|p2a: Dondozo|spa|1\n|\n|t:|1699816370\n|switch|p1a: Baxcalibur|Baxcalibur, F|100\/100|[from] Parting Shot\n|move|p2a: Dondozo|Liquidation|p1a: Baxcalibur\n|-resisted|p1a: Baxcalibur\n|-damage|p1a: Baxcalibur|93\/100\n|\n|upkeep\n|turn|13\n|\n|t:|1699816402\n|switch|p2a: Ursaluna|Ursaluna-Bloodmoon, M|100\/100\n|move|p1a: Baxcalibur|Swords Dance|p1a: Baxcalibur\n|-boost|p1a: Baxcalibur|atk|2\n|\n|-sideend|p1: zMesa|Reflect\n|upkeep\n|turn|14\n|\n|t:|1699816415\n|-terastallize|p2a: Ursaluna|Fairy\n|move|p1a: Baxcalibur|Iron Head|p2a: Ursaluna\n|-supereffective|p2a: Ursaluna\n|-damage|p2a: Ursaluna|28\/100\n|cant|p2a: Ursaluna|flinch\n|\n|-heal|p2a: Ursaluna|34\/100|[from] item: Leftovers\n|-sideend|p1: zMesa|move: Light Screen\n|upkeep\n|turn|15\n|\n|t:|1699816433\n|switch|p2a: Dondozo|Dondozo, F|58\/100\n|move|p1a: Baxcalibur|Iron Head|p2a: Dondozo\n|-resisted|p2a: Dondozo\n|-damage|p2a: Dondozo|49\/100\n|\n|upkeep\n|turn|16\n|\n|t:|1699816442\n|move|p1a: Baxcalibur|Scale Shot|p2a: Dondozo\n|-damage|p2a: Dondozo|42\/100\n|-damage|p2a: Dondozo|34\/100\n|-damage|p2a: Dondozo|27\/100\n|-damage|p2a: Dondozo|19\/100\n|-damage|p2a: Dondozo|11\/100\n|-hitcount|p2a: Dondozo|5\n|-unboost|p1a: Baxcalibur|def|1\n|-boost|p1a: Baxcalibur|spe|1\n|move|p2a: Dondozo|Curse|p2a: Dondozo\n|-unboost|p2a: Dondozo|spe|1\n|-boost|p2a: Dondozo|atk|1\n|-boost|p2a: Dondozo|def|1\n|\n|upkeep\n|turn|17\n|\n|t:|1699816461\n|move|p1a: Baxcalibur|Scale Shot|p2a: Dondozo\n|-damage|p2a: Dondozo|6\/100\n|-damage|p2a: Dondozo|0 fnt\n|faint|p2a: Dondozo\n|-hitcount|p2: Dondozo|2\n|-unboost|p1a: Baxcalibur|def|1\n|-boost|p1a: Baxcalibur|spe|1\n|\n|upkeep\n|\n|t:|1699816471\n|switch|p2a: Chien-Pao|Chien-Pao|100\/100\n|-ability|p2a: Chien-Pao|Sword of Ruin\n|turn|18\n|\n|t:|1699816482\n|move|p2a: Chien-Pao|Sucker Punch|p1a: Baxcalibur\n|-damage|p1a: Baxcalibur|0 fnt\n|faint|p1a: Baxcalibur\n|\n|upkeep\n|\n|t:|1699816489\n|switch|p1a: Grimmsnarl|Grimmsnarl, M|33\/100\n|turn|19\n|\n|t:|1699816503\n|switch|p2a: Munkidori|Munkidori, M|100\/100\n|move|p1a: Grimmsnarl|Reflect|p1a: Grimmsnarl\n|-sidestart|p1: zMesa|Reflect\n|\n|-heal|p1a: Grimmsnarl|39\/100|[from] item: Leftovers\n|upkeep\n|turn|20\n|\n|t:|1699816511\n|move|p1a: Grimmsnarl|Taunt|p2a: Munkidori\n|-start|p2a: Munkidori|move: Taunt\n|cant|p2a: Munkidori|move: Taunt|Trick\n|\n|-heal|p1a: Grimmsnarl|45\/100|[from] item: Leftovers\n|upkeep\n|turn|21\n|\n|t:|1699816519\n|move|p1a: Grimmsnarl|Light Screen|p1a: Grimmsnarl\n|-sidestart|p1: zMesa|move: Light Screen\n|move|p2a: Munkidori|Sludge Bomb|p1a: Grimmsnarl\n|-supereffective|p1a: Grimmsnarl\n|-damage|p1a: Grimmsnarl|0 fnt\n|faint|p1a: Grimmsnarl\n|\n|upkeep\n|\n|t:|1699816526\n|switch|p1a: Lucario|Lucario, M|100\/100\n|turn|22\n|\n|t:|1699816531\n|switch|p2a: Ursaluna|Ursaluna-Bloodmoon, M, tera:Fairy|34\/100\n|detailschange|p1a: Lucario|Lucario-Mega, M\n|-mega|p1a: Lucario|Lucario|Lucarionite\n|move|p1a: Lucario|Swords Dance|p1a: Lucario\n|-boost|p1a: Lucario|atk|2\n|\n|-heal|p2a: Ursaluna|40\/100|[from] item: Leftovers\n|upkeep\n|turn|23\n|\n|t:|1699816542\n|move|p1a: Lucario|Bullet Punch|p2a: Ursaluna\n|-supereffective|p2a: Ursaluna\n|-damage|p2a: Ursaluna|0 fnt\n|faint|p2a: Ursaluna\n|\n|-sideend|p1: zMesa|Reflect\n|upkeep\n|\n|t:|1699816562\n|switch|p2a: Munkidori|Munkidori, M|100\/100\n|turn|24\n|\n|t:|1699816568\n|move|p1a: Lucario|Bullet Punch|p2a: Munkidori\n|-damage|p2a: Munkidori|21\/100\n|move|p2a: Munkidori|Psychic|p1a: Lucario\n|-damage|p1a: Lucario|44\/100\n|\n|upkeep\n|turn|25\n|\n|t:|1699816575\n|move|p1a: Lucario|Bullet Punch|p2a: Munkidori\n|-damage|p2a: Munkidori|0 fnt\n|faint|p2a: Munkidori\n|\n|-sideend|p1: zMesa|move: Light Screen\n|upkeep\n|\n|t:|1699816581\n|switch|p2a: Chien-Pao|Chien-Pao|100\/100\n|-ability|p2a: Chien-Pao|Sword of Ruin\n|turn|26\n|\n|t:|1699816586\n|move|p2a: Chien-Pao|Sucker Punch||[still]\n|-fail|p2a: Chien-Pao\n|move|p1a: Lucario|Swords Dance|p1a: Lucario\n|-boost|p1a: Lucario|atk|2\n|\n|upkeep\n|turn|27\n|\n|t:|1699816595\n|move|p2a: Chien-Pao|Sucker Punch||[still]\n|-fail|p2a: Chien-Pao\n|move|p1a: Lucario|Swords Dance|p1a: Lucario\n|-boost|p1a: Lucario|atk|2\n|\n|upkeep\n|turn|28\n|\n|t:|1699816605\n|move|p1a: Lucario|Bullet Punch|p2a: Chien-Pao\n|-supereffective|p2a: Chien-Pao\n|-enditem|p2a: Chien-Pao|Focus Sash\n|-damage|p2a: Chien-Pao|1\/100\n|move|p2a: Chien-Pao|Psychic Fangs|p1a: Lucario\n|-damage|p1a: Lucario|0 fnt\n|faint|p1a: Lucario\n|\n|upkeep\n|\n|t:|1699816618\n|switch|p1a: Basculegion|Basculegion, M|100\/100\n|turn|29\n|\n|t:|1699816646\n|move|p2a: Chien-Pao|Sucker Punch|p1a: Basculegion\n|-supereffective|p1a: Basculegion\n|-damage|p1a: Basculegion|0 fnt\n|faint|p1a: Basculegion\n|\n|win|David uwu35\n","uploadtime":1699816657,"views":5,"p1id":"zmesa","p2id":"daviduwu35","formatid":"gen9nationaldexubers","rating":0,"private":0,"password":""}