{"id":"gen9nationaldexubers-1978437291","p1":"ManuelvgDios","p2":"85792195wwww","format":"[Gen 9] National Dex Ubers","log":"|j|\u2606ManuelvgDios\n|j|\u260685792195wwww\n|t:|1698538847\n|gametype|singles\n|player|p1|ManuelvgDios|266|1580\n|player|p2|85792195wwww|lady|1789\n|teamsize|p1|6\n|teamsize|p2|6\n|gen|9\n|tier|[Gen 9] National Dex Ubers\n|rated|\n|rule|HP Percentage Mod: HP is shown in percentages\n|rule|Endless Battle Clause: Forcing endless battles is banned\n|rule|OHKO Clause: OHKO moves are banned\n|rule|Evasion Moves Clause: Evasion moves are banned\n|rule|Evasion Items Clause: Evasion items are banned\n|rule|Species Clause: Limit one of each Pok\u00e9mon\n|rule|Sleep Clause Mod: Limit one foe put to sleep\n|rule|Mega Rayquaza Clause: You cannot mega evolve Rayquaza\n|clearpoke\n|poke|p1|Ho-Oh|\n|poke|p1|Ferrothorn, F|\n|poke|p1|Gastrodon, F|\n|poke|p1|Palkia-Origin|\n|poke|p1|Chansey, F|\n|poke|p1|Xerneas-*|\n|poke|p2|Zacian-*|\n|poke|p2|Kyogre|\n|poke|p2|Xerneas-*|\n|poke|p2|Krookodile, F|\n|poke|p2|Groudon|\n|poke|p2|Arceus|\n|teampreview\n|\n|t:|1698538860\n|start\n|switch|p1a: Palkia|Palkia-Origin|100\/100\n|switch|p2a: Krookodile|Krookodile, F|100\/100\n|-ability|p1a: Palkia|Pressure\n|-ability|p2a: Krookodile|Intimidate|boost\n|-unboost|p1a: Palkia|atk|1\n|turn|1\n|\n|t:|1698538873\n|move|p1a: Palkia|Hydro Pump|p2a: Krookodile\n|-supereffective|p2a: Krookodile\n|-enditem|p2a: Krookodile|Focus Sash\n|-damage|p2a: Krookodile|1\/100\n|move|p2a: Krookodile|Bulldoze|p1a: Palkia\n|-damage|p1a: Palkia|72\/100\n|-unboost|p1a: Palkia|spe|1\n|\n|upkeep\n|turn|2\n|\n|t:|1698538893\n|move|p2a: Krookodile|Stealth Rock|p1a: Palkia\n|-sidestart|p1: ManuelvgDios|move: Stealth Rock\n|move|p1a: Palkia|Earth Power|p2a: Krookodile\n|-damage|p2a: Krookodile|0 fnt\n|faint|p2a: Krookodile\n|\n|upkeep\n|\n|t:|1698538900\n|switch|p2a: Arceus|Arceus|100\/100\n|turn|3\n|\n|t:|1698538905\n|switch|p1a: Ferrothorn|Ferrothorn, F|100\/100\n|-damage|p1a: Ferrothorn|94\/100|[from] Stealth Rock\n|move|p2a: Arceus|Swords Dance|p2a: Arceus\n|-boost|p2a: Arceus|atk|2\n|\n|-heal|p1a: Ferrothorn|100\/100|[from] item: Leftovers\n|upkeep\n|turn|4\n|\n|t:|1698538914\n|move|p2a: Arceus|Taunt|p1a: Ferrothorn\n|-start|p1a: Ferrothorn|move: Taunt\n|cant|p1a: Ferrothorn|move: Taunt|Leech Seed\n|\n|upkeep\n|turn|5\n|\n|t:|1698538926\n|move|p2a: Arceus|Earthquake|p1a: Ferrothorn\n|-damage|p1a: Ferrothorn|42\/100\n|-damage|p2a: Arceus|91\/100|[from] item: Life Orb\n|move|p1a: Ferrothorn|Gyro Ball|p2a: Arceus\n|-damage|p2a: Arceus|54\/100\n|\n|-heal|p1a: Ferrothorn|48\/100|[from] item: Leftovers\n|upkeep\n|turn|6\n|\n|t:|1698538936\n|switch|p1a: Ho-Oh|Ho-Oh, shiny|100\/100\n|move|p2a: Arceus|Earthquake|p1a: Ho-Oh\n|-immune|p1a: Ho-Oh\n|\n|upkeep\n|turn|7\n|\n|t:|1698538944\n|move|p2a: Arceus|Extreme Speed|p1a: Ho-Oh\n|-damage|p1a: Ho-Oh|29\/100\n|-damage|p2a: Arceus|45\/100|[from] item: Life Orb\n|move|p1a: Ho-Oh|Sacred Fire|p2a: Arceus\n|-damage|p2a: Arceus|12\/100\n|-status|p2a: Arceus|brn\n|\n|-damage|p2a: Arceus|5\/100 brn|[from] brn\n|upkeep\n|turn|8\n|\n|t:|1698538959\n|switch|p1a: Ferrothorn|Ferrothorn, F|48\/100\n|-damage|p1a: Ferrothorn|42\/100|[from] Stealth Rock\n|move|p2a: Arceus|Taunt|p1a: Ferrothorn\n|-start|p1a: Ferrothorn|move: Taunt\n|\n|-heal|p1a: Ferrothorn|48\/100|[from] item: Leftovers\n|-damage|p2a: Arceus|0 fnt|[from] brn\n|faint|p2a: Arceus\n|upkeep\n|\n|t:|1698538970\n|switch|p2a: Zacian|Zacian-Crowned|100\/100\n|-ability|p2a: Zacian|Intrepid Sword|boost\n|-boost|p2a: Zacian|atk|1\n|turn|9\n|\n|t:|1698538980\n|move|p2a: Zacian|Swords Dance|p2a: Zacian\n|-boost|p2a: Zacian|atk|2\n|move|p1a: Ferrothorn|Gyro Ball|p2a: Zacian\n|-damage|p2a: Zacian|52\/100\n|\n|-heal|p1a: Ferrothorn|54\/100|[from] item: Leftovers\n|upkeep\n|turn|10\n|\n|t:|1698538990\n|-terastallize|p2a: Zacian|Ground\n|move|p2a: Zacian|Tera Blast|p1a: Ferrothorn|[anim] Tera Blast Ground\n|-damage|p1a: Ferrothorn|0 fnt\n|faint|p1a: Ferrothorn\n|\n|upkeep\n|\n|t:|1698539009\n|switch|p1a: Xerneas|Xerneas|100\/100\n|-damage|p1a: Xerneas|88\/100|[from] Stealth Rock\n|-ability|p1a: Xerneas|Fairy Aura\n|turn|11\n|\n|t:|1698539016\n|move|p2a: Zacian|Behemoth Blade|p1a: Xerneas\n|-supereffective|p1a: Xerneas\n|-damage|p1a: Xerneas|0 fnt\n|faint|p1a: Xerneas\n|\n|upkeep\n|\n|t:|1698539020\n|switch|p1a: Ho-Oh|Ho-Oh, shiny|62\/100\n|turn|12\n|\n|t:|1698539024\n|move|p2a: Zacian|Wild Charge|p1a: Ho-Oh\n|-supereffective|p1a: Ho-Oh\n|-damage|p1a: Ho-Oh|0 fnt\n|faint|p1a: Ho-Oh\n|-damage|p2a: Zacian|33\/100|[from] Recoil\n|\n|upkeep\n|\n|t:|1698539029\n|switch|p1a: Gastrodon|Gastrodon, F, shiny|100\/100\n|-damage|p1a: Gastrodon|94\/100|[from] Stealth Rock\n|turn|13\n|\n|t:|1698539034\n|move|p1a: Gastrodon|Protect|p1a: Gastrodon\n|-singleturn|p1a: Gastrodon|Protect\n|move|p2a: Zacian|Tera Blast|p1a: Gastrodon|[anim] Tera Blast Ground\n|-activate|p1a: Gastrodon|move: Protect\n|\n|-heal|p1a: Gastrodon|100\/100|[from] item: Leftovers\n|upkeep\n|turn|14\n|j| Tianelfik\n|\n|t:|1698539042\n|move|p2a: Zacian|Tera Blast|p1a: Gastrodon|[anim] Tera Blast Ground\n|-damage|p1a: Gastrodon|0 fnt\n|faint|p1a: Gastrodon\n|\n|upkeep\n|\n|t:|1698539047\n|switch|p1a: Chansey|Chansey, F|100\/100\n|-damage|p1a: Chansey|88\/100|[from] Stealth Rock\n|turn|15\n|\n|t:|1698539053\n|move|p2a: Zacian|Behemoth Blade|p1a: Chansey\n|-damage|p1a: Chansey|0 fnt\n|faint|p1a: Chansey\n|\n|upkeep\n|l| Tianelfik\n|-message|ManuelvgDios forfeited.\n|\n|win|85792195wwww\n|raw|ManuelvgDios's rating: 1580 &rarr; <strong>1571<\/strong><br \/>(-9 for losing)\n|raw|85792195wwww's rating: 1789 &rarr; <strong>1798<\/strong><br \/>(+9 for winning)\n|l|\u2606ManuelvgDios\n","uploadtime":1698539064,"views":9,"p1id":"manuelvgdios","p2id":"85792195wwww","formatid":"gen9nationaldexubers","rating":1571,"private":0,"password":""}