{"id":"gen9nationaldexubers-1984975641","p1":"plug-up","p2":"Kurususilver11","format":"[Gen 9] National Dex Ubers","log":"|j|\u2606plug-up\n|j|\u2606Kurususilver11\n|t:|1699316654\n|gametype|singles\n|player|p1|plug-up|plasmagrunt-gen5bw|1083\n|player|p2|Kurususilver11|101|1107\n|teamsize|p1|6\n|teamsize|p2|6\n|gen|9\n|tier|[Gen 9] National Dex Ubers\n|rated|\n|rule|HP Percentage Mod: HP is shown in percentages\n|rule|Endless Battle Clause: Forcing endless battles is banned\n|rule|OHKO Clause: OHKO moves are banned\n|rule|Evasion Moves Clause: Evasion moves are banned\n|rule|Evasion Items Clause: Evasion items are banned\n|rule|Species Clause: Limit one of each Pok\u00e9mon\n|rule|Sleep Clause Mod: Limit one foe put to sleep\n|rule|Mega Rayquaza Clause: You cannot mega evolve Rayquaza\n|clearpoke\n|poke|p1|Shuckle, F|\n|poke|p1|Zacian-*|\n|poke|p1|Arceus|\n|poke|p1|Xerneas-*|\n|poke|p1|Spectrier|\n|poke|p1|Basculegion, M|\n|poke|p2|Marshadow|\n|poke|p2|Arceus|\n|poke|p2|Necrozma-Dusk-Mane|\n|poke|p2|Groudon|\n|poke|p2|Eternatus|\n|poke|p2|Yveltal|\n|teampreview\n|inactive|Battle timer is ON: inactive players will automatically lose when time's up. (requested by plug-up)\n|\n|t:|1699316666\n|start\n|switch|p1a: Shuckle|Shuckle, F|100\/100\n|switch|p2a: Groudon|Groudon|100\/100\n|detailschange|p2a: Groudon|Groudon-Primal\n|-primal|p2a: Groudon|Red Orb\n|-weather|DesolateLand|[from] ability: Desolate Land|[of] p2a: Groudon\n|turn|1\n|\n|t:|1699316676\n|move|p2a: Groudon|Spikes|p1a: Shuckle\n|-sidestart|p1: plug-up|Spikes\n|move|p1a: Shuckle|Sticky Web|p2a: Groudon\n|-sidestart|p2: Kurususilver11|move: Sticky Web\n|\n|-weather|DesolateLand|[upkeep]\n|upkeep\n|turn|2\n|\n|t:|1699316682\n|move|p2a: Groudon|Spikes|p1a: Shuckle\n|-sidestart|p1: plug-up|Spikes\n|move|p1a: Shuckle|Stealth Rock|p2a: Groudon\n|-sidestart|p2: Kurususilver11|move: Stealth Rock\n|\n|-weather|DesolateLand|[upkeep]\n|upkeep\n|turn|3\n|\n|t:|1699316694\n|move|p2a: Groudon|Spikes|p1a: Shuckle\n|-sidestart|p1: plug-up|Spikes\n|move|p1a: Shuckle|Final Gambit|p2a: Groudon\n|-damage|p2a: Groudon|40\/100\n|faint|p1a: Shuckle\n|\n|-weather|DesolateLand|[upkeep]\n|upkeep\n|c|\u2606Kurususilver11|sooo how ya doing today\n|inactive|plug-up has 120 seconds left.\n|c|\u2606plug-up|prety good hbu\n|\n|t:|1699316728\n|switch|p1a: Spectrier|Spectrier|100\/100\n|-damage|p1a: Spectrier|76\/100|[from] Spikes\n|turn|4\n|inactive|plug-up has 120 seconds left.\n|\n|t:|1699316750\n|move|p1a: Spectrier|Substitute|p1a: Spectrier\n|-start|p1a: Spectrier|Substitute\n|-damage|p1a: Spectrier|51\/100\n|move|p2a: Groudon|Thunder Wave||[still]\n|-fail|p2a: Groudon\n|\n|-weather|DesolateLand|[upkeep]\n|upkeep\n|turn|5\n|inactive|plug-up has 120 seconds left.\n|\n|t:|1699316761\n|move|p1a: Spectrier|Shadow Ball|p2a: Groudon\n|-damage|p2a: Groudon|0 fnt\n|faint|p2a: Groudon\n|-weather|none\n|-ability|p1a: Spectrier|Grim Neigh|boost\n|-boost|p1a: Spectrier|spa|1\n|\n|upkeep\n|c|\u2606Kurususilver11|good.\n|c|\u2606Kurususilver11|just got into this format today.\n|\n|t:|1699316776\n|switch|p2a: Yveltal|Yveltal|100\/100\n|-damage|p2a: Yveltal|76\/100|[from] Stealth Rock\n|-ability|p2a: Yveltal|Dark Aura\n|turn|6\n|c|\u2606plug-up|same\n|inactive|plug-up has 120 seconds left.\n|c|\u2606Kurususilver11|someone helped me make this team. I hope its a good one.\n|\n|t:|1699316803\n|move|p1a: Spectrier|Nasty Plot|p1a: Spectrier\n|-boost|p1a: Spectrier|spa|2\n|move|p2a: Yveltal|Knock Off|p1a: Spectrier\n|-supereffective|p1a: Spectrier\n|-end|p1a: Spectrier|Substitute\n|-damage|p2a: Yveltal|66\/100|[from] item: Life Orb\n|\n|upkeep\n|turn|7\n|c|\u2606plug-up|i just made a dum team\n|inactive|Kurususilver11 has 120 seconds left.\n|\n|t:|1699316831\n|-terastallize|p1a: Spectrier|Fairy\n|move|p1a: Spectrier|Tera Blast|p2a: Yveltal|[anim] Tera Blast Fairy\n|-supereffective|p2a: Yveltal\n|-damage|p2a: Yveltal|0 fnt\n|faint|p2a: Yveltal\n|-ability|p1a: Spectrier|Grim Neigh|boost\n|-boost|p1a: Spectrier|spa|1\n|\n|upkeep\n|\n|t:|1699316838\n|switch|p2a: Eternatus|Eternatus|100\/100\n|-activate|p2a: Eternatus|move: Sticky Web\n|-unboost|p2a: Eternatus|spe|1\n|-damage|p2a: Eternatus|88\/100|[from] Stealth Rock\n|-ability|p2a: Eternatus|Pressure\n|turn|8\n|inactive|Kurususilver11 has 120 seconds left.\n|\n|t:|1699316852\n|-terastallize|p2a: Eternatus|Fairy\n|move|p1a: Spectrier|Shadow Ball|p2a: Eternatus\n|-damage|p2a: Eternatus|0 fnt\n|faint|p2a: Eternatus\n|-ability|p1a: Spectrier|Grim Neigh|boost\n|-boost|p1a: Spectrier|spa|1\n|\n|upkeep\n|\n|t:|1699316859\n|switch|p2a: God|Arceus|100\/100\n|-activate|p2a: God|move: Sticky Web\n|-unboost|p2a: God|spe|1\n|-damage|p2a: God|88\/100|[from] Stealth Rock\n|turn|9\n|inactive|Kurususilver11 has 120 seconds left.\n|\n|t:|1699316865\n|move|p2a: God|Extreme Speed|p1a: Spectrier\n|-damage|p1a: Spectrier|0 fnt\n|faint|p1a: Spectrier\n|\n|upkeep\n|\n|t:|1699316882\n|switch|p1a: Zacian|Zacian-Crowned|100\/100\n|-damage|p1a: Zacian|76\/100|[from] Spikes\n|-ability|p1a: Zacian|Intrepid Sword|boost\n|-boost|p1a: Zacian|atk|1\n|turn|10\n|inactive|Kurususilver11 has 120 seconds left.\n|\n|t:|1699316898\n|move|p2a: God|Extreme Speed|p1a: Zacian\n|-resisted|p1a: Zacian\n|-damage|p1a: Zacian|51\/100\n|move|p1a: Zacian|Swords Dance|p1a: Zacian\n|-boost|p1a: Zacian|atk|2\n|\n|upkeep\n|turn|11\n|inactive|Kurususilver11 has 120 seconds left.\n|\n|t:|1699316911\n|move|p2a: God|Extreme Speed|p1a: Zacian\n|-resisted|p1a: Zacian\n|-damage|p1a: Zacian|26\/100\n|move|p1a: Zacian|Close Combat|p2a: God\n|-supereffective|p2a: God\n|-damage|p2a: God|0 fnt\n|-unboost|p1a: Zacian|def|1\n|-unboost|p1a: Zacian|spd|1\n|faint|p2a: God\n|\n|upkeep\n|inactive|Kurususilver11 has 120 seconds left.\n|\n|t:|1699316922\n|switch|p2a: Spectre|Marshadow|100\/100\n|-activate|p2a: Spectre|move: Sticky Web\n|-unboost|p2a: Spectre|spe|1\n|-damage|p2a: Spectre|94\/100|[from] Stealth Rock\n|turn|12\n|inactive|plug-up has 120 seconds left.\n|inactive|Kurususilver11 has 120 seconds left.\n|\n|t:|1699316933\n|move|p2a: Spectre|Shadow Sneak|p1a: Zacian\n|-damage|p1a: Zacian|0 fnt\n|faint|p1a: Zacian\n|-damage|p2a: Spectre|84\/100|[from] item: Life Orb\n|\n|upkeep\n|inactive|plug-up has 120 seconds left.\n|\n|t:|1699316958\n|switch|p1a: Arceus|Arceus|100\/100\n|-damage|p1a: Arceus|75\/100|[from] Spikes\n|turn|13\n|inactive|Kurususilver11 has 120 seconds left.\n|\n|t:|1699316973\n|move|p1a: Arceus|Shadow Claw|p2a: Spectre\n|-supereffective|p2a: Spectre\n|-damage|p2a: Spectre|24\/100\n|move|p2a: Spectre|Close Combat|p1a: Arceus\n|-supereffective|p1a: Arceus\n|-damage|p1a: Arceus|0 fnt\n|-unboost|p2a: Spectre|def|1\n|-unboost|p2a: Spectre|spd|1\n|faint|p1a: Arceus\n|-damage|p2a: Spectre|14\/100|[from] item: Life Orb\n|\n|upkeep\n|\n|t:|1699316984\n|switch|p1a: Xerneas|Xerneas|100\/100\n|-damage|p1a: Xerneas|76\/100|[from] Spikes\n|-ability|p1a: Xerneas|Fairy Aura\n|turn|14\n|\n|t:|1699316999\n|move|p2a: Spectre|Shadow Sneak|p1a: Xerneas\n|-damage|p1a: Xerneas|40\/100\n|-damage|p2a: Spectre|4\/100|[from] item: Life Orb\n|move|p1a: Xerneas|Moonblast|p2a: Spectre\n|-supereffective|p2a: Spectre\n|-damage|p2a: Spectre|0 fnt\n|faint|p2a: Spectre\n|\n|upkeep\n|\n|t:|1699317007\n|switch|p2a: Necrozma|Necrozma-Dusk-Mane, shiny|100\/100\n|-activate|p2a: Necrozma|move: Sticky Web\n|-unboost|p2a: Necrozma|spe|1\n|-damage|p2a: Necrozma|94\/100|[from] Stealth Rock\n|turn|15\n|\n|t:|1699317021\n|move|p1a: Xerneas|Substitute|p1a: Xerneas\n|-start|p1a: Xerneas|Substitute\n|-damage|p1a: Xerneas|15\/100\n|move|p2a: Necrozma|Sunsteel Strike|p1a: Xerneas\n|-supereffective|p1a: Xerneas\n|-end|p1a: Xerneas|Substitute\n|\n|upkeep\n|turn|16\n|\n|t:|1699317042\n|move|p1a: Xerneas|Thunder|p2a: Necrozma\n|-damage|p2a: Necrozma|58\/100\n|move|p2a: Necrozma|Sunsteel Strike|p1a: Xerneas\n|-supereffective|p1a: Xerneas\n|-damage|p1a: Xerneas|0 fnt\n|faint|p1a: Xerneas\n|\n|upkeep\n|\n|t:|1699317050\n|switch|p1a: Basculegion|Basculegion, M|100\/100\n|-damage|p1a: Basculegion|76\/100|[from] Spikes\n|turn|17\n|\n|t:|1699317068\n|detailschange|p2a: Necrozma|Necrozma-Ultra, shiny\n|-burst|p2a: Necrozma|Necrozma|Ultranecrozium Z\n|move|p1a: Basculegion|Last Respects|p2a: Necrozma\n|-supereffective|p2a: Necrozma\n|-damage|p2a: Necrozma|0 fnt\n|faint|p2a: Necrozma\n|\n|win|plug-up\n|raw|plug-up's rating: 1083 &rarr; <strong>1112<\/strong><br \/>(+29 for winning)\n|raw|Kurususilver11's rating: 1107 &rarr; <strong>1080<\/strong><br \/>(-27 for losing)\n|c|\u2606plug-up|gg\n|c|\u2606Kurususilver11|gg\n","uploadtime":1699317086,"views":21,"p1id":"plugup","p2id":"kurususilver11","formatid":"gen9nationaldexubers","rating":1080,"private":0,"password":""}