{"id":"gen9nationaldexubers-1994400590","p1":"Bu11seye","p2":"TheGriffinKing2O","format":"[Gen 9] National Dex Ubers","log":"|j|\u2606Bu11seye\n|j|\u2606TheGriffinKing2O\n|t:|1700439646\n|gametype|singles\n|player|p1|Bu11seye|hilbert|\n|player|p2|TheGriffinKing2O|n-masters3|\n|teamsize|p1|6\n|teamsize|p2|6\n|gen|9\n|tier|[Gen 9] National Dex Ubers\n|rule|HP Percentage Mod: HP is shown in percentages\n|rule|Endless Battle Clause: Forcing endless battles is banned\n|rule|OHKO Clause: OHKO moves are banned\n|rule|Evasion Moves Clause: Evasion moves are banned\n|rule|Evasion Items Clause: Evasion items are banned\n|rule|Species Clause: Limit one of each Pok\u00e9mon\n|rule|Sleep Clause Mod: Limit one foe put to sleep\n|rule|Mega Rayquaza Clause: You cannot mega evolve Rayquaza\n|clearpoke\n|poke|p1|Latios, M|\n|poke|p1|Darmanitan-Galar, F|\n|poke|p1|Comfey, F|\n|poke|p1|Meganium, F|\n|poke|p1|Galvantula, F|\n|poke|p1|Obstagoon, M|\n|poke|p2|Haxorus, M|\n|poke|p2|Vikavolt, M|\n|poke|p2|Gyarados, F|\n|poke|p2|Kingler, F|\n|poke|p2|Gliscor, M|\n|poke|p2|Mismagius, F|\n|teampreview\n|inactive|Battle timer is ON: inactive players will automatically lose when time's up. (requested by Bu11seye)\n|c|\u2606TheGriffinKing2O|Glhf\n|c|\u2606Bu11seye|u2\n|\n|t:|1700439667\n|start\n|switch|p1a: Galvantula|Galvantula, F, shiny|100\/100\n|switch|p2a: Gliscor|Gliscor, M|100\/100\n|turn|1\n|\n|t:|1700439679\n|move|p1a: Galvantula|Sticky Web|p2a: Gliscor\n|-sidestart|p2: TheGriffinKing2O|move: Sticky Web\n|move|p2a: Gliscor|Earthquake|p1a: Galvantula\n|-damage|p1a: Galvantula|15\/100\n|\n|-status|p2a: Gliscor|tox|[from] item: Toxic Orb\n|upkeep\n|turn|2\n|c|\u2606TheGriffinKing2O|This is just honestly like 6pm for me\n|\n|t:|1700439691\n|switch|p1a: Latios|Latios, M, shiny|100\/100\n|move|p2a: Gliscor|Defog|p1a: Latios\n|-unboost|p1a: Latios|evasion|1\n|-sideend|p2: TheGriffinKing2O|Sticky Web|[from] move: Defog|[of] p2a: Gliscor\n|\n|upkeep\n|turn|3\n|c|\u2606Bu11seye|its like 4 for me\n|c|\u2606TheGriffinKing2O|Am*\n|\n|t:|1700439704\n|detailschange|p1a: Latios|Latios-Mega, M, shiny\n|-mega|p1a: Latios|Latios|Latiosite\n|move|p1a: Latios|Ice Beam|p2a: Gliscor\n|-supereffective|p2a: Gliscor\n|-damage|p2a: Gliscor|0 fnt\n|faint|p2a: Gliscor\n|\n|upkeep\n|\n|t:|1700439709\n|switch|p2a: Vikavolt|Vikavolt, M|100\/100\n|turn|4\n|c|\u2606Bu11seye|oh damn sry\n|\n|t:|1700439719\n|move|p1a: Latios|Mystical Fire|p2a: Vikavolt\n|-supereffective|p2a: Vikavolt\n|-damage|p2a: Vikavolt|13\/100\n|-unboost|p2a: Vikavolt|spa|1\n|move|p2a: Vikavolt|Sticky Web|p1a: Latios\n|-sidestart|p1: Bu11seye|move: Sticky Web\n|\n|upkeep\n|turn|5\n|c|\u2606TheGriffinKing2O|Np\n|\n|t:|1700439728\n|move|p1a: Latios|Mystical Fire|p2a: Vikavolt\n|-supereffective|p2a: Vikavolt\n|-damage|p2a: Vikavolt|0 fnt\n|faint|p2a: Vikavolt\n|\n|upkeep\n|\n|t:|1700439733\n|switch|p2a: Gyarados|Gyarados, F|100\/100\n|-ability|p2a: Gyarados|Intimidate|boost\n|-unboost|p1a: Latios|atk|1\n|turn|6\n|\n|t:|1700439750\n|detailschange|p2a: Gyarados|Gyarados-Mega, F\n|-mega|p2a: Gyarados|Gyarados|Gyaradosite\n|-ability|p2a: Gyarados|Mold Breaker\n|move|p1a: Latios|Aura Sphere|p2a: Gyarados\n|-supereffective|p2a: Gyarados\n|-damage|p2a: Gyarados|39\/100\n|move|p2a: Gyarados|Dragon Dance|p2a: Gyarados\n|-boost|p2a: Gyarados|atk|1\n|-boost|p2a: Gyarados|spe|1\n|\n|upkeep\n|turn|7\n|\n|t:|1700439765\n|move|p2a: Gyarados|Ice Fang|p1a: Latios\n|-supereffective|p1a: Latios\n|-damage|p1a: Latios|6\/100\n|move|p1a: Latios|Aura Sphere|p2a: Gyarados\n|-supereffective|p2a: Gyarados\n|-damage|p2a: Gyarados|0 fnt\n|faint|p2a: Gyarados\n|\n|upkeep\n|c|\u2606TheGriffinKing2O|Oof\n|c|\u2606TheGriffinKing2O|Low roll\n|c|\u2606Bu11seye|unforch\n|\n|t:|1700439782\n|switch|p2a: Mismagius|Mismagius, F|100\/100\n|turn|8\n|c|\u2606Bu11seye|btw thanks for battling you probably couldve just taken the act win\n|\n|t:|1700439801\n|switch|p1a: Obstagoon|Obstagoon, M, shiny|100\/100\n|-activate|p1a: Obstagoon|move: Sticky Web\n|-unboost|p1a: Obstagoon|spe|1\n|move|p2a: Mismagius|Shadow Ball|p1a: Obstagoon\n|-immune|p1a: Obstagoon\n|\n|-status|p1a: Obstagoon|brn|[from] item: Flame Orb\n|upkeep\n|turn|9\n|c|\u2606TheGriffinKing2O|Nah the honesty should be there lol\n|\n|t:|1700439812\n|-terastallize|p1a: Obstagoon|Dark\n|move|p2a: Mismagius|Draining Kiss|p1a: Obstagoon\n|-supereffective|p1a: Obstagoon\n|-damage|p1a: Obstagoon|47\/100 brn\n|-damage|p2a: Mismagius|91\/100|[from] item: Life Orb\n|move|p1a: Obstagoon|Knock Off|p2a: Mismagius\n|-supereffective|p2a: Mismagius\n|-damage|p2a: Mismagius|0 fnt\n|-enditem|p2a: Mismagius|Life Orb|[from] move: Knock Off|[of] p1a: Obstagoon\n|faint|p2a: Mismagius\n|\n|-damage|p1a: Obstagoon|41\/100 brn|[from] brn\n|upkeep\n|\n|t:|1700439817\n|switch|p2a: Kingler|Kingler, F|100\/100\n|turn|10\n|c|\u2606Bu11seye|why did i tera lol\n|c|\u2606TheGriffinKing2O|Idk\n|c|\u2606Bu11seye|hopefully it wont matter\n|\n|t:|1700439831\n|move|p1a: Obstagoon|Facade|p2a: Kingler\n|-damage|p2a: Kingler|16\/100\n|move|p2a: Kingler|Crabhammer|p1a: Obstagoon\n|-damage|p1a: Obstagoon|0 fnt\n|faint|p1a: Obstagoon\n|\n|upkeep\n|\n|t:|1700439835\n|switch|p1a: Comfey|Comfey, F, shiny|100\/100\n|-activate|p1a: Comfey|move: Sticky Web\n|-unboost|p1a: Comfey|spe|1\n|turn|11\n|\n|t:|1700439840\n|move|p1a: Comfey|Giga Drain|p2a: Kingler\n|-supereffective|p2a: Kingler\n|-crit|p2a: Kingler\n|-damage|p2a: Kingler|0 fnt\n|faint|p2a: Kingler\n|-damage|p1a: Comfey|91\/100|[from] item: Life Orb\n|\n|upkeep\n|\n|t:|1700439843\n|switch|p2a: Haxorus|Haxorus, M|100\/100\n|-ability|p2a: Haxorus|Mold Breaker\n|turn|12\n|\n|t:|1700439846\n|-terastallize|p2a: Haxorus|Ground\n|move|p1a: Comfey|Draining Kiss|p2a: Haxorus\n|-damage|p2a: Haxorus|56\/100\n|-heal|p1a: Comfey|100\/100|[from] drain|[of] p2a: Haxorus\n|-damage|p1a: Comfey|91\/100|[from] item: Life Orb\n|move|p2a: Haxorus|Dragon Dance|p2a: Haxorus\n|-boost|p2a: Haxorus|atk|1\n|-boost|p2a: Haxorus|spe|1\n|\n|upkeep\n|turn|13\n|\n|t:|1700439851\n|move|p1a: Comfey|Giga Drain|p2a: Haxorus\n|-supereffective|p2a: Haxorus\n|-damage|p2a: Haxorus|0 fnt\n|-heal|p1a: Comfey|100\/100|[from] drain|[of] p2a: Haxorus\n|faint|p2a: Haxorus\n|-damage|p1a: Comfey|91\/100|[from] item: Life Orb\n|\n|win|Bu11seye\n|c|\u2606Bu11seye|ggs\n|c|\u2606TheGriffinKing2O|Ggs\n|l|\u2606TheGriffinKing2O\n","uploadtime":1700439861,"views":34,"p1id":"bu11seye","p2id":"thegriffinking2o","formatid":"gen9nationaldexubers","rating":0,"private":0,"password":""}