{"id":"gen9nationaldexubers-1990500394","p1":"85792195wwww","p2":"DavBluDino","format":"[Gen 9] National Dex Ubers","log":"|j|\u260685792195wwww\n|j|\u2606DavBluDino\n|t:|1699976540\n|gametype|singles\n|player|p1|85792195wwww|mira|1638\n|player|p2|DavBluDino|102|1618\n|teamsize|p1|6\n|teamsize|p2|6\n|gen|9\n|tier|[Gen 9] National Dex Ubers\n|rated|\n|rule|HP Percentage Mod: HP is shown in percentages\n|rule|Endless Battle Clause: Forcing endless battles is banned\n|rule|OHKO Clause: OHKO moves are banned\n|rule|Evasion Moves Clause: Evasion moves are banned\n|rule|Evasion Items Clause: Evasion items are banned\n|rule|Species Clause: Limit one of each Pok\u00e9mon\n|rule|Sleep Clause Mod: Limit one foe put to sleep\n|rule|Mega Rayquaza Clause: You cannot mega evolve Rayquaza\n|clearpoke\n|poke|p1|Zacian-*|\n|poke|p1|Arceus-Ground|\n|poke|p1|Deoxys-Speed|\n|poke|p1|Landorus, M|\n|poke|p1|Groudon|\n|poke|p1|Kyurem-Black|\n|poke|p2|Sableye, F|\n|poke|p2|Chansey, F|\n|poke|p2|Ferrothorn, M|\n|poke|p2|Toxapex, M|\n|poke|p2|Rotom-Wash|\n|poke|p2|Ditto|\n|teampreview\n|inactive|Battle timer is ON: inactive players will automatically lose when time's up. (requested by DavBluDino)\n|\n|t:|1699976550\n|start\n|switch|p1a: Groudon|Groudon|100\/100\n|switch|p2a: Ferrothorn|Ferrothorn, M|100\/100\n|detailschange|p1a: Groudon|Groudon-Primal\n|-primal|p1a: Groudon|Red Orb\n|-weather|DesolateLand|[from] ability: Desolate Land|[of] p1a: Groudon\n|turn|1\n|j| 1 em trach thu\n|\n|t:|1699976562\n|switch|p2a: Rotom|Rotom-Wash|100\/100\n|move|p1a: Groudon|Swords Dance|p1a: Groudon\n|-boost|p1a: Groudon|atk|2\n|\n|-weather|DesolateLand|[upkeep]\n|upkeep\n|turn|2\n|\n|t:|1699976569\n|move|p2a: Rotom|Toxic|p1a: Groudon\n|-status|p1a: Groudon|tox\n|move|p1a: Groudon|Heat Crash|p2a: Rotom\n|-resisted|p2a: Rotom\n|-damage|p2a: Rotom|2\/100\n|\n|-weather|DesolateLand|[upkeep]\n|-damage|p1a: Groudon|94\/100 tox|[from] psn\n|upkeep\n|turn|3\n|\n|t:|1699976579\n|switch|p2a: Toxapex|Toxapex, M|100\/100\n|-weather|none\n|switch|p1a: Deoxys|Deoxys-Speed|100\/100\n|-ability|p1a: Deoxys|Pressure\n|\n|upkeep\n|turn|4\n|\n|t:|1699976589\n|switch|p2a: Ferrothorn|Ferrothorn, M|100\/100\n|move|p1a: Deoxys|Stealth Rock|p2a: Ferrothorn\n|-sidestart|p2: DavBluDino|move: Stealth Rock\n|\n|upkeep\n|turn|5\n|\n|t:|1699976595\n|move|p1a: Deoxys|Spikes|p2a: Ferrothorn\n|-sidestart|p2: DavBluDino|Spikes\n|move|p2a: Ferrothorn|Leech Seed|p1a: Deoxys\n|-start|p1a: Deoxys|move: Leech Seed\n|\n|-damage|p1a: Deoxys|88\/100|[from] Leech Seed|[of] p2a: Ferrothorn\n|upkeep\n|turn|6\n|\n|t:|1699976603\n|move|p1a: Deoxys|Spikes|p2a: Ferrothorn\n|-sidestart|p2: DavBluDino|Spikes\n|move|p2a: Ferrothorn|Substitute|p2a: Ferrothorn\n|-start|p2a: Ferrothorn|Substitute\n|-damage|p2a: Ferrothorn|76\/100\n|\n|-heal|p2a: Ferrothorn|82\/100|[from] item: Leftovers\n|-damage|p1a: Deoxys|76\/100|[from] Leech Seed|[of] p2a: Ferrothorn\n|-heal|p2a: Ferrothorn|90\/100|[silent]\n|upkeep\n|turn|7\n|\n|t:|1699976613\n|move|p1a: Deoxys|Taunt|p2a: Ferrothorn\n|-start|p2a: Ferrothorn|move: Taunt\n|move|p2a: Ferrothorn|Knock Off|p1a: Deoxys\n|-supereffective|p1a: Deoxys\n|-damage|p1a: Deoxys|10\/100\n|-enditem|p1a: Deoxys|Focus Sash|[from] move: Knock Off|[of] p2a: Ferrothorn\n|\n|-heal|p2a: Ferrothorn|96\/100|[from] item: Leftovers\n|-damage|p1a: Deoxys|0 fnt|[from] Leech Seed|[of] p2a: Ferrothorn\n|-heal|p2a: Ferrothorn|100\/100|[silent]\n|faint|p1a: Deoxys\n|upkeep\n|\n|t:|1699976630\n|switch|p1a: Kyurem|Kyurem-Black|100\/100\n|-ability|p1a: Kyurem|Teravolt\n|turn|8\n|\n|t:|1699976636\n|switch|p2a: Sableye|Sableye, F|100\/100\n|-damage|p2a: Sableye|88\/100|[from] Stealth Rock\n|-damage|p2a: Sableye|72\/100|[from] Spikes\n|move|p1a: Kyurem|Substitute|p1a: Kyurem\n|-start|p1a: Kyurem|Substitute\n|-damage|p1a: Kyurem|75\/100\n|\n|upkeep\n|turn|9\n|\n|t:|1699976645\n|move|p2a: Sableye|Encore|p1a: Kyurem\n|-start|p1a: Kyurem|Encore\n|move|p1a: Kyurem|Substitute|p1a: Kyurem\n|-fail|p1a: Kyurem|move: Substitute\n|\n|upkeep\n|turn|10\n|\n|t:|1699976658\n|switch|p1a: Landorus|Landorus, M|100\/100\n|move|p2a: Sableye|Foul Play|p1a: Landorus\n|-damage|p1a: Landorus|65\/100\n|\n|upkeep\n|turn|11\n|\n|t:|1699976667\n|switch|p2a: Chansey|Chansey, F|100\/100\n|-damage|p2a: Chansey|88\/100|[from] Stealth Rock\n|-damage|p2a: Chansey|71\/100|[from] Spikes\n|move|p1a: Landorus|Nasty Plot|p1a: Landorus\n|-boost|p1a: Landorus|spa|2\n|\n|upkeep\n|turn|12\n|\n|t:|1699976679\n|move|p1a: Landorus|Earth Power|p2a: Chansey\n|-damage|p2a: Chansey|29\/100\n|move|p2a: Chansey|Stealth Rock|p1a: Landorus\n|-sidestart|p1: 85792195wwww|move: Stealth Rock\n|\n|upkeep\n|turn|13\n|\n|t:|1699976686\n|move|p1a: Landorus|Earth Power|p2a: Chansey\n|-damage|p2a: Chansey|0 fnt\n|faint|p2a: Chansey\n|\n|upkeep\n|\n|t:|1699976688\n|switch|p2a: Ditto|Ditto|100\/100\n|-damage|p2a: Ditto|88\/100|[from] Stealth Rock\n|-damage|p2a: Ditto|71\/100|[from] Spikes\n|-transform|p2a: Ditto|p1a: Landorus|[from] ability: Imposter\n|turn|14\n|\n|t:|1699976697\n|move|p2a: Ditto|Sludge Wave|p1a: Landorus\n|-resisted|p1a: Landorus\n|-damage|p1a: Landorus|13\/100\n|move|p1a: Landorus|Sludge Wave|p2a: Ditto\n|-resisted|p2a: Ditto\n|-damage|p2a: Ditto|0 fnt\n|faint|p2a: Ditto\n|\n|upkeep\n|\n|t:|1699976705\n|switch|p2a: Ferrothorn|Ferrothorn, M|100\/100\n|-damage|p2a: Ferrothorn|95\/100|[from] Stealth Rock\n|-damage|p2a: Ferrothorn|78\/100|[from] Spikes\n|turn|15\n|\n|t:|1699976711\n|move|p1a: Landorus|Earth Power|p2a: Ferrothorn\n|-damage|p2a: Ferrothorn|0 fnt\n|faint|p2a: Ferrothorn\n|\n|upkeep\n|-message|DavBluDino forfeited.\n|\n|win|85792195wwww\n|raw|85792195wwww's rating: 1638 &rarr; <strong>1657<\/strong><br \/>(+19 for winning)\n|raw|DavBluDino's rating: 1618 &rarr; <strong>1599<\/strong><br \/>(-19 for losing)\n|l|\u2606DavBluDino\n","uploadtime":1699976719,"views":7,"p1id":"85792195wwww","p2id":"davbludino","formatid":"gen9nationaldexubers","rating":1599,"private":0,"password":""}