{"id":"gen9nationaldexubers-2000252071","p1":"mantidfly","p2":"mewthelolfreak","format":"[Gen 9] National Dex Ubers","log":"|j|\u2606mantidfly\n|j|\u2606mewthelolfreak\n|t:|1701177754\n|gametype|singles\n|player|p1|mantidfly|rocketgrunt|1285\n|player|p2|mewthelolfreak|2|1211\n|teamsize|p1|6\n|teamsize|p2|6\n|gen|9\n|tier|[Gen 9] National Dex Ubers\n|rated|\n|rule|HP Percentage Mod: HP is shown in percentages\n|rule|Endless Battle Clause: Forcing endless battles is banned\n|rule|OHKO Clause: OHKO moves are banned\n|rule|Evasion Moves Clause: Evasion moves are banned\n|rule|Evasion Items Clause: Evasion items are banned\n|rule|Species Clause: Limit one of each Pok\u00e9mon\n|rule|Sleep Clause Mod: Limit one foe put to sleep\n|rule|Mega Rayquaza Clause: You cannot mega evolve Rayquaza\n|clearpoke\n|poke|p1|Salamence, F|\n|poke|p1|Chien-Pao|\n|poke|p1|Deoxys-Speed|\n|poke|p1|Iron Bundle|\n|poke|p1|Necrozma-Dusk-Mane|\n|poke|p1|Roaring Moon|\n|poke|p2|Greninja-*, M|\n|poke|p2|Garchomp, F|\n|poke|p2|Xerneas-*|\n|poke|p2|Lucario, F|\n|poke|p2|Venusaur, M|\n|poke|p2|Aegislash, M|\n|teampreview\n|inactive|Battle timer is ON: inactive players will automatically lose when time's up. (requested by mantidfly)\n|c|\u2606mantidfly|Glhf\n|\n|t:|1701177764\n|start\n|switch|p1a: Deoxys|Deoxys-Speed|100\/100\n|switch|p2a: Garchomp|Garchomp, F|100\/100\n|-ability|p1a: Deoxys|Pressure\n|turn|1\n|c|\u2606mewthelolfreak|Glhf\n|\n|t:|1701177773\n|move|p1a: Deoxys|Taunt|p2a: Garchomp\n|-start|p2a: Garchomp|move: Taunt\n|cant|p2a: Garchomp|move: Taunt|Swords Dance\n|\n|upkeep\n|turn|2\n|\n|t:|1701177779\n|move|p1a: Deoxys|Stealth Rock|p2a: Garchomp\n|-sidestart|p2: mewthelolfreak|move: Stealth Rock\n|move|p2a: Garchomp|Crunch|p1a: Deoxys\n|-supereffective|p1a: Deoxys\n|-damage|p1a: Deoxys|16\/100\n|-damage|p2a: Garchomp|91\/100|[from] item: Life Orb\n|\n|upkeep\n|turn|3\n|\n|t:|1701177786\n|move|p1a: Deoxys|Spikes|p2a: Garchomp\n|-sidestart|p2: mewthelolfreak|Spikes\n|move|p2a: Garchomp|Crunch|p1a: Deoxys\n|-supereffective|p1a: Deoxys\n|-damage|p1a: Deoxys|0 fnt\n|faint|p1a: Deoxys\n|-damage|p2a: Garchomp|81\/100|[from] item: Life Orb\n|\n|-end|p2a: Garchomp|move: Taunt\n|upkeep\n|\n|t:|1701177799\n|switch|p1a: Salamence|Salamence, F|100\/100\n|-ability|p1a: Salamence|Intimidate|boost\n|-unboost|p2a: Garchomp|atk|1\n|turn|4\n|\n|t:|1701177807\n|detailschange|p1a: Salamence|Salamence-Mega, F\n|-mega|p1a: Salamence|Salamence|Salamencite\n|move|p1a: Salamence|Dragon Rush|p2a: Garchomp|[miss]\n|-miss|p1a: Salamence|p2a: Garchomp\n|move|p2a: Garchomp|Crunch|p1a: Salamence\n|-damage|p1a: Salamence|80\/100\n|-damage|p2a: Garchomp|71\/100|[from] item: Life Orb\n|\n|upkeep\n|turn|5\n|\n|t:|1701177817\n|move|p1a: Salamence|Dragon Rush|p2a: Garchomp\n|-supereffective|p2a: Garchomp\n|-damage|p2a: Garchomp|0 fnt\n|-damage|p1a: Salamence|68\/100|[from] ability: Rough Skin|[of] p2a: Garchomp\n|faint|p2a: Garchomp\n|\n|upkeep\n|c|\u2606mantidfly|Huu\n|c|\u2606mantidfly|Huh\n|\n|t:|1701177827\n|switch|p2a: Greninja|Greninja, M|100\/100\n|-damage|p2a: Greninja|88\/100|[from] Stealth Rock\n|-damage|p2a: Greninja|76\/100|[from] Spikes\n|turn|6\n|\n|t:|1701177833\n|move|p2a: Greninja|Ice Beam|p1a: Salamence\n|-supereffective|p1a: Salamence\n|-damage|p1a: Salamence|0 fnt\n|faint|p1a: Salamence\n|-ability|p2a: Greninja|Battle Bond|boost\n|-boost|p2a: Greninja|atk|1\n|-boost|p2a: Greninja|spa|1\n|-boost|p2a: Greninja|spe|1\n|-activate|p2a: Greninja|ability: Battle Bond\n|\n|upkeep\n|\n|t:|1701177842\n|switch|p1a: Necrozma|Necrozma-Dusk-Mane|100\/100\n|turn|7\n|\n|t:|1701177853\n|move|p2a: Greninja|Ice Beam|p1a: Necrozma\n|-resisted|p1a: Necrozma\n|-damage|p1a: Necrozma|80\/100\n|move|p1a: Necrozma|Dragon Dance|p1a: Necrozma\n|-boost|p1a: Necrozma|atk|1\n|-boost|p1a: Necrozma|spe|1\n|\n|upkeep\n|turn|8\n|\n|t:|1701177865\n|move|p2a: Greninja|Ice Beam|p1a: Necrozma\n|-resisted|p1a: Necrozma\n|-crit|p1a: Necrozma\n|-damage|p1a: Necrozma|50\/100\n|-status|p1a: Necrozma|frz\n|-curestatus|p1a: Necrozma|frz|[msg]\n|move|p1a: Necrozma|Dragon Dance|p1a: Necrozma\n|-boost|p1a: Necrozma|atk|1\n|-boost|p1a: Necrozma|spe|1\n|\n|upkeep\n|turn|9\n|\n|t:|1701177880\n|detailschange|p1a: Necrozma|Necrozma-Ultra\n|-burst|p1a: Necrozma|Necrozma|Ultranecrozium Z\n|move|p2a: Greninja|Water Shuriken|p1a: Necrozma\n|-resisted|p1a: Necrozma\n|-damage|p1a: Necrozma|45\/100\n|-resisted|p1a: Necrozma\n|-damage|p1a: Necrozma|39\/100\n|-resisted|p1a: Necrozma\n|-damage|p1a: Necrozma|34\/100\n|-resisted|p1a: Necrozma\n|-damage|p1a: Necrozma|29\/100\n|-resisted|p1a: Necrozma\n|-damage|p1a: Necrozma|23\/100\n|-hitcount|p1a: Necrozma|5\n|move|p1a: Necrozma|Outrage|p2a: Greninja\n|-damage|p2a: Greninja|0 fnt\n|faint|p2a: Greninja\n|\n|upkeep\n|\n|t:|1701177897\n|switch|p2a: Xerneas|Xerneas|100\/100\n|-damage|p2a: Xerneas|88\/100|[from] Stealth Rock\n|-damage|p2a: Xerneas|76\/100|[from] Spikes\n|-ability|p2a: Xerneas|Fairy Aura\n|turn|10\n|\n|t:|1701177909\n|move|p1a: Necrozma|Outrage|p2a: Xerneas|[from]lockedmove\n|-immune|p2a: Xerneas\n|move|p2a: Xerneas|Geomancy||[still]\n|-prepare|p2a: Xerneas|Geomancy\n|-enditem|p2a: Xerneas|Power Herb\n|-anim|p2a: Xerneas|Geomancy|p2a: Xerneas\n|-boost|p2a: Xerneas|spa|2\n|-boost|p2a: Xerneas|spd|2\n|-boost|p2a: Xerneas|spe|2\n|\n|upkeep\n|turn|11\n|\n|t:|1701177918\n|move|p1a: Necrozma|Iron Head|p2a: Xerneas\n|-supereffective|p2a: Xerneas\n|-damage|p2a: Xerneas|0 fnt\n|faint|p2a: Xerneas\n|\n|upkeep\n|c|\u2606mantidfly|Kekw\n|\n|t:|1701177924\n|switch|p2a: Lucario|Lucario, F|100\/100\n|-damage|p2a: Lucario|98\/100|[from] Stealth Rock\n|-damage|p2a: Lucario|85\/100|[from] Spikes\n|turn|12\n|c|\u2606mantidfly|!data lucario\n|raw|<div class=\"message\"><ul class=\"utilichart\"><li class=\"result\"><span class=\"col numcol\">RU<\/span> <span class=\"col iconcol\"><psicon pokemon=\"lucario\"\/><\/span> <span class=\"col pokemonnamecol\" style=\"white-space:nowrap\"><a href=\"https:\/\/dex.pokemonshowdown.com\/pokemon\/lucario\" target=\"_blank\">Lucario<\/a><\/span> <span class=\"col typecol\"><img src=\"https:\/\/play.pokemonshowdown.com\/sprites\/types\/Fighting.png\" alt=\"Fighting\" height=\"14\" width=\"32\"><img src=\"https:\/\/play.pokemonshowdown.com\/sprites\/types\/Steel.png\" alt=\"Steel\" height=\"14\" width=\"32\"><\/span> <span style=\"float:left;min-height:26px\"><span class=\"col twoabilitycol\">Steadfast<br \/>Inner Focus<\/span><span class=\"col abilitycol\"><em>Justified<\/em><\/span><\/span><span style=\"float:left;min-height:26px\"><span class=\"col statcol\"><em>HP<\/em><br \/>70<\/span> <span class=\"col statcol\"><em>Atk<\/em><br \/>110<\/span> <span class=\"col statcol\"><em>Def<\/em><br \/>70<\/span> <span class=\"col statcol\"><em>SpA<\/em><br \/>115<\/span> <span class=\"col statcol\"><em>SpD<\/em><br \/>70<\/span> <span class=\"col statcol\"><em>Spe<\/em><br \/>90<\/span> <span class=\"col bstcol\"><em>BST<br \/>525<\/em><\/span> <\/span><\/li><li style=\"clear:both\"><\/li><\/ul><\/div>\n\n|\n|t:|1701177942\n|detailschange|p2a: Lucario|Lucario-Mega, F\n|-mega|p2a: Lucario|Lucario|Lucarionite\n|move|p2a: Lucario|Bullet Punch|p1a: Necrozma\n|-damage|p1a: Necrozma|0 fnt\n|faint|p1a: Necrozma\n|\n|upkeep\n|inactive|mantidfly has 120 seconds left.\n|\n|t:|1701177968\n|switch|p1a: Chien-Pao|Chien-Pao|100\/100\n|-ability|p1a: Chien-Pao|Sword of Ruin\n|turn|13\n|inactive|mantidfly has 120 seconds left.\n|\n|t:|1701177975\n|move|p1a: Chien-Pao|Sacred Sword|p2a: Lucario\n|-supereffective|p2a: Lucario\n|-damage|p2a: Lucario|0 fnt\n|faint|p2a: Lucario\n|\n|upkeep\n|\n|t:|1701177981\n|switch|p2a: Venusaur|Venusaur, M|100\/100\n|-damage|p2a: Venusaur|88\/100|[from] Stealth Rock\n|-damage|p2a: Venusaur|76\/100|[from] Spikes\n|turn|14\n|\n|t:|1701177988\n|switch|p1a: Roaring Moon|Roaring Moon|100\/100\n|-enditem|p1a: Roaring Moon|Booster Energy\n|-activate|p1a: Roaring Moon|ability: Protosynthesis|[fromitem]\n|-start|p1a: Roaring Moon|protosynthesisatk\n|move|p2a: Venusaur|Leech Seed|p1a: Roaring Moon\n|-start|p1a: Roaring Moon|move: Leech Seed\n|\n|-heal|p2a: Venusaur|82\/100|[from] item: Leftovers\n|-damage|p1a: Roaring Moon|88\/100|[from] Leech Seed|[of] p2a: Venusaur\n|-heal|p2a: Venusaur|94\/100|[silent]\n|upkeep\n|turn|15\n|\n|t:|1701178001\n|move|p1a: Roaring Moon|Throat Chop|p2a: Venusaur\n|-damage|p2a: Venusaur|47\/100\n|-start|p2a: Venusaur|Throat Chop|[silent]\n|move|p2a: Venusaur|Sleep Powder|p1a: Roaring Moon\n|-status|p1a: Roaring Moon|slp|[from] move: Sleep Powder\n|\n|-heal|p2a: Venusaur|54\/100|[from] item: Leftovers\n|-damage|p1a: Roaring Moon|76\/100 slp|[from] Leech Seed|[of] p2a: Venusaur\n|-heal|p2a: Venusaur|65\/100|[silent]\n|upkeep\n|turn|16\n|\n|t:|1701178011\n|-end|p1a: Roaring Moon|Protosynthesis|[silent]\n|switch|p1a: Iron Bundle|Iron Bundle|100\/100\n|-enditem|p1a: Iron Bundle|Booster Energy\n|-activate|p1a: Iron Bundle|ability: Quark Drive|[fromitem]\n|-start|p1a: Iron Bundle|quarkdrivespe\n|move|p2a: Venusaur|Substitute|p2a: Venusaur\n|-start|p2a: Venusaur|Substitute\n|-damage|p2a: Venusaur|40\/100\n|\n|-heal|p2a: Venusaur|46\/100|[from] item: Leftovers\n|-end|p2a: Venusaur|Throat Chop|[silent]\n|upkeep\n|turn|17\n|\n|t:|1701178021\n|move|p1a: Iron Bundle|U-turn|p2a: Venusaur\n|-activate|p2a: Venusaur|move: Substitute|[damage]\n|\n|t:|1701178024\n|-end|p1a: Iron Bundle|Quark Drive|[silent]\n|switch|p1a: Chien-Pao|Chien-Pao|100\/100|[from] U-turn\n|-ability|p1a: Chien-Pao|Sword of Ruin\n|move|p2a: Venusaur|Leech Seed|p1a: Chien-Pao\n|-start|p1a: Chien-Pao|move: Leech Seed\n|\n|-heal|p2a: Venusaur|52\/100|[from] item: Leftovers\n|-damage|p1a: Chien-Pao|88\/100|[from] Leech Seed|[of] p2a: Venusaur\n|-heal|p2a: Venusaur|63\/100|[silent]\n|upkeep\n|turn|18\n|\n|t:|1701178044\n|move|p2a: Venusaur|Protect|p2a: Venusaur\n|-singleturn|p2a: Venusaur|Protect\n|move|p1a: Chien-Pao|Icicle Crash|p2a: Venusaur\n|-activate|p2a: Venusaur|move: Protect\n|\n|-heal|p2a: Venusaur|69\/100|[from] item: Leftovers\n|-damage|p1a: Chien-Pao|76\/100|[from] Leech Seed|[of] p2a: Venusaur\n|-heal|p2a: Venusaur|79\/100|[silent]\n|upkeep\n|turn|19\n|\n|t:|1701178063\n|move|p1a: Chien-Pao|Icicle Crash|p2a: Venusaur\n|-supereffective|p2a: Venusaur\n|-end|p2a: Venusaur|Substitute\n|move|p2a: Venusaur|Substitute|p2a: Venusaur\n|-start|p2a: Venusaur|Substitute\n|-damage|p2a: Venusaur|54\/100\n|\n|-heal|p2a: Venusaur|60\/100|[from] item: Leftovers\n|-damage|p1a: Chien-Pao|64\/100|[from] Leech Seed|[of] p2a: Venusaur\n|-heal|p2a: Venusaur|70\/100|[silent]\n|upkeep\n|turn|20\n|\n|t:|1701178074\n|move|p2a: Venusaur|Protect|p2a: Venusaur\n|-singleturn|p2a: Venusaur|Protect\n|move|p1a: Chien-Pao|Icicle Crash|p2a: Venusaur\n|-activate|p2a: Venusaur|move: Protect\n|\n|-heal|p2a: Venusaur|76\/100|[from] item: Leftovers\n|-damage|p1a: Chien-Pao|51\/100|[from] Leech Seed|[of] p2a: Venusaur\n|-heal|p2a: Venusaur|86\/100|[silent]\n|upkeep\n|turn|21\n|\n|t:|1701178085\n|move|p1a: Chien-Pao|Icicle Crash|p2a: Venusaur\n|-supereffective|p2a: Venusaur\n|-end|p2a: Venusaur|Substitute\n|move|p2a: Venusaur|Substitute|p2a: Venusaur\n|-start|p2a: Venusaur|Substitute\n|-damage|p2a: Venusaur|61\/100\n|\n|-heal|p2a: Venusaur|67\/100|[from] item: Leftovers\n|-damage|p1a: Chien-Pao|39\/100|[from] Leech Seed|[of] p2a: Venusaur\n|-heal|p2a: Venusaur|77\/100|[silent]\n|upkeep\n|turn|22\n|\n|t:|1701178102\n|move|p2a: Venusaur|Protect|p2a: Venusaur\n|-singleturn|p2a: Venusaur|Protect\n|move|p1a: Chien-Pao|Icicle Crash|p2a: Venusaur\n|-activate|p2a: Venusaur|move: Protect\n|\n|-heal|p2a: Venusaur|83\/100|[from] item: Leftovers\n|-damage|p1a: Chien-Pao|27\/100|[from] Leech Seed|[of] p2a: Venusaur\n|-heal|p2a: Venusaur|94\/100|[silent]\n|upkeep\n|turn|23\n|\n|t:|1701178112\n|move|p1a: Chien-Pao|Icicle Crash|p2a: Venusaur|[miss]\n|-miss|p1a: Chien-Pao|p2a: Venusaur\n|move|p2a: Venusaur|Substitute|p2a: Venusaur\n|-fail|p2a: Venusaur|move: Substitute\n|\n|-heal|p2a: Venusaur|99\/100|[from] item: Leftovers\n|-damage|p1a: Chien-Pao|14\/100|[from] Leech Seed|[of] p2a: Venusaur\n|-heal|p2a: Venusaur|100\/100|[silent]\n|upkeep\n|turn|24\n|\n|t:|1701178121\n|move|p1a: Chien-Pao|Icicle Crash|p2a: Venusaur\n|-supereffective|p2a: Venusaur\n|-end|p2a: Venusaur|Substitute\n|move|p2a: Venusaur|Substitute|p2a: Venusaur\n|-start|p2a: Venusaur|Substitute\n|-damage|p2a: Venusaur|75\/100\n|\n|-heal|p2a: Venusaur|82\/100|[from] item: Leftovers\n|-damage|p1a: Chien-Pao|2\/100|[from] Leech Seed|[of] p2a: Venusaur\n|-heal|p2a: Venusaur|92\/100|[silent]\n|upkeep\n|turn|25\n|\n|t:|1701178132\n|switch|p1a: Roaring Moon|Roaring Moon|76\/100 slp\n|move|p2a: Venusaur|Protect||[still]\n|-fail|p2a: Venusaur\n|\n|-heal|p2a: Venusaur|98\/100|[from] item: Leftovers\n|upkeep\n|turn|26\n|\n|t:|1701178142\n|move|p2a: Venusaur|Leech Seed|p1a: Roaring Moon|[miss]\n|-miss|p2a: Venusaur|p1a: Roaring Moon\n|cant|p1a: Roaring Moon|slp\n|\n|-heal|p2a: Venusaur|100\/100|[from] item: Leftovers\n|upkeep\n|turn|27\n|\n|t:|1701178151\n|move|p2a: Venusaur|Leech Seed|p1a: Roaring Moon\n|-start|p1a: Roaring Moon|move: Leech Seed\n|cant|p1a: Roaring Moon|slp\n|\n|-damage|p1a: Roaring Moon|64\/100 slp|[from] Leech Seed|[of] p2a: Venusaur\n|upkeep\n|turn|28\n|\n|t:|1701178160\n|move|p2a: Venusaur|Protect|p2a: Venusaur\n|-singleturn|p2a: Venusaur|Protect\n|-curestatus|p1a: Roaring Moon|slp|[msg]\n|move|p1a: Roaring Moon|Throat Chop|p2a: Venusaur\n|-activate|p2a: Venusaur|move: Protect\n|\n|-damage|p1a: Roaring Moon|51\/100|[from] Leech Seed|[of] p2a: Venusaur\n|upkeep\n|turn|29\n|\n|t:|1701178172\n|move|p1a: Roaring Moon|Throat Chop|p2a: Venusaur\n|-end|p2a: Venusaur|Substitute\n|move|p2a: Venusaur|Substitute|p2a: Venusaur\n|-start|p2a: Venusaur|Substitute\n|-damage|p2a: Venusaur|75\/100\n|\n|-heal|p2a: Venusaur|82\/100|[from] item: Leftovers\n|-damage|p1a: Roaring Moon|39\/100|[from] Leech Seed|[of] p2a: Venusaur\n|-heal|p2a: Venusaur|93\/100|[silent]\n|upkeep\n|turn|30\n|\n|t:|1701178182\n|move|p2a: Venusaur|Protect|p2a: Venusaur\n|-singleturn|p2a: Venusaur|Protect\n|move|p1a: Roaring Moon|Dragon Tail|p2a: Venusaur\n|-activate|p2a: Venusaur|move: Protect\n|\n|-heal|p2a: Venusaur|99\/100|[from] item: Leftovers\n|-damage|p1a: Roaring Moon|27\/100|[from] Leech Seed|[of] p2a: Venusaur\n|-heal|p2a: Venusaur|100\/100|[silent]\n|upkeep\n|turn|31\n|\n|t:|1701178197\n|move|p2a: Venusaur|Sleep Powder|p1a: Roaring Moon|[miss]\n|-miss|p2a: Venusaur|p1a: Roaring Moon\n|move|p1a: Roaring Moon|Dragon Tail|p2a: Venusaur\n|-end|p2a: Venusaur|Substitute\n|\n|-damage|p1a: Roaring Moon|15\/100|[from] Leech Seed|[of] p2a: Venusaur\n|upkeep\n|turn|32\n|\n|t:|1701178210\n|move|p2a: Venusaur|Substitute|p2a: Venusaur\n|-start|p2a: Venusaur|Substitute\n|-damage|p2a: Venusaur|75\/100\n|move|p1a: Roaring Moon|Dragon Tail|p2a: Venusaur\n|-end|p2a: Venusaur|Substitute\n|\n|-heal|p2a: Venusaur|82\/100|[from] item: Leftovers\n|-damage|p1a: Roaring Moon|2\/100|[from] Leech Seed|[of] p2a: Venusaur\n|-heal|p2a: Venusaur|93\/100|[silent]\n|upkeep\n|turn|33\n|\n|t:|1701178222\n|move|p2a: Venusaur|Sleep Powder|p1a: Roaring Moon\n|-status|p1a: Roaring Moon|slp|[from] move: Sleep Powder\n|cant|p1a: Roaring Moon|slp\n|\n|-heal|p2a: Venusaur|99\/100|[from] item: Leftovers\n|-damage|p1a: Roaring Moon|0 fnt|[from] Leech Seed|[of] p2a: Venusaur\n|-heal|p2a: Venusaur|100\/100|[silent]\n|faint|p1a: Roaring Moon\n|-end|p1a: Roaring Moon|Protosynthesis|[silent]\n|upkeep\n|\n|t:|1701178231\n|switch|p1a: Iron Bundle|Iron Bundle|100\/100\n|turn|34\n|\n|t:|1701178243\n|move|p1a: Iron Bundle|Blizzard|p2a: Venusaur|[miss]\n|-miss|p1a: Iron Bundle|p2a: Venusaur\n|move|p2a: Venusaur|Leech Seed|p1a: Iron Bundle\n|-start|p1a: Iron Bundle|move: Leech Seed\n|\n|-damage|p1a: Iron Bundle|88\/100|[from] Leech Seed|[of] p2a: Venusaur\n|upkeep\n|turn|35\n|\n|t:|1701178251\n|move|p1a: Iron Bundle|Blizzard|p2a: Venusaur\n|-supereffective|p2a: Venusaur\n|-damage|p2a: Venusaur|0 fnt\n|faint|p2a: Venusaur\n|\n|upkeep\n|\n|t:|1701178256\n|switch|p2a: Aegislash|Aegislash, M|100\/100\n|-damage|p2a: Aegislash|94\/100|[from] Stealth Rock\n|-damage|p2a: Aegislash|82\/100|[from] Spikes\n|turn|36\n|\n|t:|1701178263\n|move|p1a: Iron Bundle|Blizzard|p2a: Aegislash\n|-resisted|p2a: Aegislash\n|-damage|p2a: Aegislash|59\/100\n|move|p2a: Aegislash|Swords Dance|p2a: Aegislash\n|-boost|p2a: Aegislash|atk|2\n|\n|-damage|p1a: Iron Bundle|76\/100|[from] Leech Seed|[of] p2a: Aegislash\n|-heal|p2a: Aegislash|68\/100|[silent]\n|upkeep\n|turn|37\n|\n|t:|1701178272\n|move|p1a: Iron Bundle|Hydro Pump|p2a: Aegislash\n|-damage|p2a: Aegislash|22\/100\n|move|p2a: Aegislash|Swords Dance|p2a: Aegislash\n|-boost|p2a: Aegislash|atk|2\n|\n|-damage|p1a: Iron Bundle|64\/100|[from] Leech Seed|[of] p2a: Aegislash\n|-heal|p2a: Aegislash|31\/100|[silent]\n|upkeep\n|turn|38\n|\n|t:|1701178282\n|-formechange|p2a: Aegislash|Aegislash-Blade||[from] ability: Stance Change\n|move|p2a: Aegislash|Shadow Sneak|p1a: Iron Bundle\n|-damage|p1a: Iron Bundle|0 fnt\n|faint|p1a: Iron Bundle\n|-end|p1a: Iron Bundle|Quark Drive|[silent]\n|\n|upkeep\n|\n|t:|1701178287\n|switch|p1a: Chien-Pao|Chien-Pao|2\/100\n|-ability|p1a: Chien-Pao|Sword of Ruin\n|turn|39\n|\n|t:|1701178292\n|-terastallize|p1a: Chien-Pao|Dark\n|-formechange|p2a: Aegislash|Aegislash||[from] ability: Stance Change\n|move|p2a: Aegislash|King's Shield|p2a: Aegislash\n|-singleturn|p2a: Aegislash|Protect\n|move|p1a: Chien-Pao|Sucker Punch||[still]\n|-fail|p1a: Chien-Pao\n|\n|upkeep\n|turn|40\n|\n|t:|1701178301\n|move|p2a: Aegislash|King's Shield||[still]\n|-fail|p2a: Aegislash\n|move|p1a: Chien-Pao|Sucker Punch||[still]\n|-fail|p1a: Chien-Pao\n|\n|upkeep\n|turn|41\n|\n|t:|1701178307\n|move|p2a: Aegislash|King's Shield|p2a: Aegislash\n|-singleturn|p2a: Aegislash|Protect\n|move|p1a: Chien-Pao|Sucker Punch||[still]\n|-fail|p1a: Chien-Pao\n|\n|upkeep\n|turn|42\n|\n|t:|1701178315\n|move|p1a: Chien-Pao|Sucker Punch|p2a: Aegislash\n|-supereffective|p2a: Aegislash\n|-damage|p2a: Aegislash|0 fnt\n|faint|p2a: Aegislash\n|\n|win|mantidfly\n|raw|mantidfly's rating: 1285 &rarr; <strong>1305<\/strong><br \/>(+20 for winning)\n|raw|mewthelolfreak's rating: 1211 &rarr; <strong>1191<\/strong><br \/>(-20 for losing)\n|c|\u2606mantidfly|Gg\n|l|\u2606mewthelolfreak\n","uploadtime":1701178319,"views":2,"p1id":"mantidfly","p2id":"mewthelolfreak","formatid":"gen9nationaldexubers","rating":1191,"private":0,"password":""}