{"id":"gen9nationaldexubers-1998484811","p1":"TheWafflwz","p2":"Xerab","format":"[Gen 9] National Dex Ubers","log":"|j|\u2606TheWafflwz\n|j|\u2606Xerab\n|t:|1700947594\n|gametype|singles\n|player|p1|TheWafflwz|mallow-masters|1095\n|player|p2|Xerab|unknown|1080\n|teamsize|p1|6\n|teamsize|p2|6\n|gen|9\n|tier|[Gen 9] National Dex Ubers\n|rated|\n|rule|HP Percentage Mod: HP is shown in percentages\n|rule|Endless Battle Clause: Forcing endless battles is banned\n|rule|OHKO Clause: OHKO moves are banned\n|rule|Evasion Moves Clause: Evasion moves are banned\n|rule|Evasion Items Clause: Evasion items are banned\n|rule|Species Clause: Limit one of each Pok\u00e9mon\n|rule|Sleep Clause Mod: Limit one foe put to sleep\n|rule|Mega Rayquaza Clause: You cannot mega evolve Rayquaza\n|clearpoke\n|poke|p1|Tinkaton, F|\n|poke|p1|Ogerpon-Hearthflame, F|\n|poke|p1|Smeargle, F|\n|poke|p1|Samurott-Hisui, F|\n|poke|p1|Dragapult, M|\n|poke|p1|Garchomp, M|\n|poke|p2|Orbeetle, M|\n|poke|p2|Electivire, M|\n|poke|p2|Metagross|\n|poke|p2|Empoleon, F|\n|poke|p2|Claydol|\n|poke|p2|Flygon, F|\n|teampreview\n|inactive|Battle timer is ON: inactive players will automatically lose when time's up. (requested by TheWafflwz)\n|\n|t:|1700947614\n|start\n|switch|p1a: Smeargle|Smeargle, F|100\/100\n|switch|p2a: Orbeetle|Orbeetle, M|100\/100\n|-item|p1a: Smeargle|Focus Sash|[from] ability: Frisk|[of] p2a: Orbeetle|[identify]\n|turn|1\n|\n|t:|1700947633\n|move|p2a: Orbeetle|Sticky Web|p1a: Smeargle\n|-sidestart|p1: TheWafflwz|move: Sticky Web\n|move|p1a: Smeargle|Spore|p2a: Orbeetle\n|-status|p2a: Orbeetle|slp|[from] move: Spore\n|\n|-ability|p1a: Smeargle|Moody|boost\n|-boost|p1a: Smeargle|spe|2\n|-unboost|p1a: Smeargle|atk|1\n|upkeep\n|turn|2\n|\n|t:|1700947644\n|move|p1a: Smeargle|Sticky Web|p2a: Orbeetle\n|-sidestart|p2: Xerab|move: Sticky Web\n|cant|p2a: Orbeetle|slp\n|\n|-ability|p1a: Smeargle|Moody|boost\n|-boost|p1a: Smeargle|def|2\n|-unboost|p1a: Smeargle|atk|1\n|upkeep\n|turn|3\n|\n|t:|1700947652\n|move|p1a: Smeargle|Toxic Spikes|p2a: Orbeetle\n|-sidestart|p2: Xerab|move: Toxic Spikes\n|-curestatus|p2a: Orbeetle|slp|[msg]\n|move|p2a: Orbeetle|Light Screen|p2a: Orbeetle\n|-sidestart|p2: Xerab|move: Light Screen\n|\n|-ability|p1a: Smeargle|Moody|boost\n|-boost|p1a: Smeargle|spd|2\n|-unboost|p1a: Smeargle|atk|1\n|upkeep\n|turn|4\n|\n|t:|1700947661\n|move|p1a: Smeargle|Toxic Spikes|p2a: Orbeetle\n|-sidestart|p2: Xerab|move: Toxic Spikes\n|move|p2a: Orbeetle|Reflect|p2a: Orbeetle\n|-sidestart|p2: Xerab|Reflect\n|\n|-ability|p1a: Smeargle|Moody|boost\n|-boost|p1a: Smeargle|atk|2\n|-unboost|p1a: Smeargle|spa|1\n|upkeep\n|turn|5\n|\n|t:|1700947669\n|move|p1a: Smeargle|Spore|p2a: Orbeetle\n|-status|p2a: Orbeetle|slp|[from] move: Spore\n|cant|p2a: Orbeetle|slp\n|\n|-ability|p1a: Smeargle|Moody|boost\n|-boost|p1a: Smeargle|def|2\n|-unboost|p1a: Smeargle|spd|1\n|upkeep\n|turn|6\n|\n|t:|1700947678\n|move|p1a: Smeargle|Spikes|p2a: Orbeetle\n|-sidestart|p2: Xerab|Spikes\n|cant|p2a: Orbeetle|slp\n|\n|-ability|p1a: Smeargle|Moody|boost\n|-boost|p1a: Smeargle|spe|2\n|-unboost|p1a: Smeargle|spa|1\n|upkeep\n|turn|7\n|\n|t:|1700947687\n|move|p1a: Smeargle|Spikes|p2a: Orbeetle\n|-sidestart|p2: Xerab|Spikes\n|-curestatus|p2a: Orbeetle|slp|[msg]\n|move|p2a: Orbeetle|U-turn|p1a: Smeargle\n|-crit|p1a: Smeargle\n|-damage|p1a: Smeargle|58\/100\n|\n|t:|1700947692\n|switch|p2a: Claydol|Claydol|100\/100|[from] U-turn\n|\n|-ability|p1a: Smeargle|Moody|boost\n|-boost|p1a: Smeargle|spe|2\n|-unboost|p1a: Smeargle|atk|1\n|upkeep\n|turn|8\n|\n|t:|1700947701\n|move|p1a: Smeargle|Spikes|p2a: Claydol\n|-sidestart|p2: Xerab|Spikes\n|move|p2a: Claydol|Rapid Spin|p1a: Smeargle\n|-damage|p1a: Smeargle|52\/100\n|-boost|p2a: Claydol|spe|1\n|-sideend|p2: Xerab|Spikes|[from] move: Rapid Spin|[of] p2a: Claydol\n|-sideend|p2: Xerab|Toxic Spikes|[from] move: Rapid Spin|[of] p2a: Claydol\n|-sideend|p2: Xerab|Sticky Web|[from] move: Rapid Spin|[of] p2a: Claydol\n|\n|-ability|p1a: Smeargle|Moody|boost\n|-boost|p1a: Smeargle|spa|2\n|-unboost|p1a: Smeargle|atk|1\n|upkeep\n|turn|9\n|\n|t:|1700947715\n|move|p1a: Smeargle|Spore|p2a: Claydol\n|-status|p2a: Claydol|slp|[from] move: Spore\n|cant|p2a: Claydol|slp\n|\n|-ability|p1a: Smeargle|Moody|boost\n|-boost|p1a: Smeargle|def|2\n|-unboost|p1a: Smeargle|spa|1\n|upkeep\n|turn|10\n|inactive|TheWafflwz has 120 seconds left.\n|\n|t:|1700947754\n|switch|p1a: Samurott|Samurott-Hisui, F|100\/100\n|-activate|p1a: Samurott|move: Sticky Web\n|-unboost|p1a: Samurott|spe|1\n|cant|p2a: Claydol|slp\n|\n|-sideend|p2: Xerab|move: Light Screen\n|upkeep\n|turn|11\n|\n|t:|1700947765\n|cant|p2a: Claydol|slp\n|move|p1a: Samurott|Knock Off|p2a: Claydol\n|-supereffective|p2a: Claydol\n|-enditem|p2a: Claydol|Colbur Berry|[eat]\n|-enditem|p2a: Claydol|Colbur Berry|[weaken]\n|-damage|p2a: Claydol|84\/100 slp\n|\n|-sideend|p2: Xerab|Reflect\n|upkeep\n|turn|12\n|inactive|TheWafflwz has 120 seconds left.\n|\n|t:|1700947782\n|-curestatus|p2a: Claydol|slp|[msg]\n|move|p2a: Claydol|Toxic|p1a: Samurott\n|-status|p1a: Samurott|tox\n|move|p1a: Samurott|Knock Off|p2a: Claydol\n|-supereffective|p2a: Claydol\n|-damage|p2a: Claydol|33\/100\n|\n|-damage|p1a: Samurott|94\/100 tox|[from] psn\n|upkeep\n|turn|13\n|\n|t:|1700947811\n|move|p2a: Claydol|Psychic|p1a: Samurott\n|-immune|p1a: Samurott\n|move|p1a: Samurott|Ceaseless Edge|p2a: Claydol\n|-supereffective|p2a: Claydol\n|-damage|p2a: Claydol|0 fnt\n|-sidestart|p2: Xerab|Spikes\n|faint|p2a: Claydol\n|\n|-damage|p1a: Samurott|82\/100 tox|[from] psn\n|upkeep\n|\n|t:|1700947820\n|switch|p2a: Electivire|Electivire, M|100\/100\n|-damage|p2a: Electivire|88\/100|[from] Spikes\n|turn|14\n|\n|t:|1700947834\n|move|p2a: Electivire|Volt Switch|p1a: Samurott\n|-supereffective|p1a: Samurott\n|-damage|p1a: Samurott|0 fnt\n|faint|p1a: Samurott\n|-damage|p2a: Electivire|78\/100|[from] item: Life Orb\n|inactive|Xerab has 120 seconds left.\n|\n|t:|1700947857\n|switch|p2a: Orbeetle|Orbeetle, M|100\/100|[from] Volt Switch\n|-damage|p2a: Orbeetle|88\/100|[from] Spikes\n|\n|upkeep\n|\n|t:|1700947868\n|switch|p1a: Garchomp|Garchomp, M|100\/100\n|-activate|p1a: Garchomp|move: Sticky Web\n|-unboost|p1a: Garchomp|spe|1\n|turn|15\n|\n|t:|1700947878\n|move|p2a: Orbeetle|Reflect|p2a: Orbeetle\n|-sidestart|p2: Xerab|Reflect\n|move|p1a: Garchomp|Outrage|p2a: Orbeetle\n|-damage|p2a: Orbeetle|59\/100\n|\n|upkeep\n|turn|16\n|\n|t:|1700947885\n|move|p2a: Orbeetle|Light Screen|p2a: Orbeetle\n|-sidestart|p2: Xerab|move: Light Screen\n|move|p1a: Garchomp|Outrage|p2a: Orbeetle|[from]lockedmove\n|-damage|p2a: Orbeetle|30\/100\n|-start|p1a: Garchomp|confusion|[fatigue]\n|\n|upkeep\n|turn|17\n|\n|t:|1700947892\n|move|p2a: Orbeetle|U-turn|p1a: Garchomp\n|-damage|p1a: Garchomp|90\/100\n|-damage|p2a: Orbeetle|18\/100|[from] ability: Rough Skin|[of] p1a: Garchomp\n|-damage|p2a: Orbeetle|1\/100|[from] item: Rocky Helmet|[of] p1a: Garchomp\n|\n|t:|1700947908\n|switch|p2a: Flygon|Flygon, F|100\/100|[from] U-turn\n|-activate|p1a: Garchomp|confusion\n|-damage|p1a: Garchomp|76\/100|[from] confusion\n|\n|upkeep\n|turn|18\n|\n|t:|1700947929\n|-terastallize|p2a: Flygon|Fairy\n|move|p2a: Flygon|Outrage|p1a: Garchomp\n|-supereffective|p1a: Garchomp\n|-damage|p1a: Garchomp|0 fnt\n|-damage|p2a: Flygon|88\/100|[from] ability: Rough Skin|[of] p1a: Garchomp\n|-damage|p2a: Flygon|72\/100|[from] item: Rocky Helmet|[of] p1a: Garchomp\n|faint|p1a: Garchomp\n|\n|upkeep\n|\n|t:|1700947940\n|switch|p1a: Dragapult|Dragapult, M|100\/100\n|-activate|p1a: Dragapult|move: Sticky Web\n|-unboost|p1a: Dragapult|spe|1\n|turn|19\n|inactive|TheWafflwz has 120 seconds left.\n|\n|t:|1700947962\n|move|p1a: Dragapult|Sucker Punch|p2a: Flygon\n|-resisted|p2a: Flygon\n|-damage|p2a: Flygon|64\/100\n|move|p2a: Flygon|Outrage|p1a: Dragapult|[from]lockedmove\n|-supereffective|p1a: Dragapult\n|-damage|p1a: Dragapult|0 fnt\n|-start|p2a: Flygon|Disable|Outrage|[from] ability: Cursed Body|[of] p1a: Dragapult\n|faint|p1a: Dragapult\n|-start|p2a: Flygon|confusion|[fatigue]\n|\n|upkeep\n|-message|TheWafflwz forfeited.\n|\n|win|Xerab\n|raw|TheWafflwz's rating: 1095 &rarr; <strong>1070<\/strong><br \/>(-25 for losing)\n|raw|Xerab's rating: 1080 &rarr; <strong>1109<\/strong><br \/>(+29 for winning)\n|l|\u2606TheWafflwz\n","uploadtime":1700947982,"views":1,"p1id":"thewafflwz","p2id":"xerab","formatid":"gen9nationaldexubers","rating":1070,"private":0,"password":""}