{"id":"gen9nationaldexubers-1996312010","p1":"i'madragontype","p2":"Vigsalad","format":"[Gen 9] National Dex Ubers","log":"|j|\u2606i'madragontype\n|j|\u2606Vigsalad\n|t:|1700670071\n|gametype|singles\n|player|p1|i'madragontype|iris|1035\n|player|p2|Vigsalad|ethan|1027\n|teamsize|p1|6\n|teamsize|p2|6\n|gen|9\n|tier|[Gen 9] National Dex Ubers\n|rated|\n|rule|HP Percentage Mod: HP is shown in percentages\n|rule|Endless Battle Clause: Forcing endless battles is banned\n|rule|OHKO Clause: OHKO moves are banned\n|rule|Evasion Moves Clause: Evasion moves are banned\n|rule|Evasion Items Clause: Evasion items are banned\n|rule|Species Clause: Limit one of each Pok\u00e9mon\n|rule|Sleep Clause Mod: Limit one foe put to sleep\n|rule|Mega Rayquaza Clause: You cannot mega evolve Rayquaza\n|clearpoke\n|poke|p1|Marshadow|\n|poke|p1|Melmetal|\n|poke|p1|Genesect|\n|poke|p1|Deoxys|\n|poke|p1|Shaymin-Sky|\n|poke|p1|Keldeo-Resolute|\n|poke|p2|Darkrai|\n|poke|p2|Giratina-Origin|\n|poke|p2|Kingambit, M|\n|poke|p2|Garchomp, F|\n|poke|p2|Chien-Pao|\n|poke|p2|Garganacl, M|\n|teampreview\n|\n|t:|1700670089\n|start\n|switch|p1a: iornfist|Melmetal|100\/100\n|switch|p2a: Darkrai|Darkrai|100\/100\n|turn|1\n|inactive|Battle timer is ON: inactive players will automatically lose when time's up. (requested by Vigsalad)\n|\n|t:|1700670097\n|move|p2a: Darkrai|Hypnosis|p1a: iornfist|[miss]\n|-miss|p2a: Darkrai|p1a: iornfist\n|move|p1a: iornfist|Double Iron Bash|p2a: Darkrai\n|-damage|p2a: Darkrai|38\/100\n|-damage|p2a: Darkrai|0 fnt\n|faint|p2a: Darkrai\n|-hitcount|p2: Darkrai|2\n|\n|upkeep\n|\n|t:|1700670120\n|switch|p2a: Garchomp|Garchomp, F|100\/100\n|turn|2\n|\n|t:|1700670129\n|move|p2a: Garchomp|Earthquake|p1a: iornfist\n|-supereffective|p1a: iornfist\n|-damage|p1a: iornfist|49\/100\n|move|p1a: iornfist|Double Iron Bash|p2a: Garchomp\n|-damage|p2a: Garchomp|57\/100\n|-damage|p1a: iornfist|37\/100|[from] ability: Rough Skin|[of] p2a: Garchomp\n|-damage|p2a: Garchomp|10\/100\n|-damage|p1a: iornfist|25\/100|[from] ability: Rough Skin|[of] p2a: Garchomp\n|-hitcount|p2a: Garchomp|2\n|\n|upkeep\n|turn|3\n|\n|t:|1700670143\n|move|p2a: Garchomp|Earthquake|p1a: iornfist\n|-supereffective|p1a: iornfist\n|-damage|p1a: iornfist|0 fnt\n|faint|p1a: iornfist\n|\n|upkeep\n|\n|t:|1700670151\n|switch|p1a: blaster|Genesect, shiny|100\/100\n|-ability|p1a: blaster|Download|boost\n|-boost|p1a: blaster|spa|1\n|turn|4\n|\n|t:|1700670170\n|move|p2a: Garchomp|Protect|p2a: Garchomp\n|-singleturn|p2a: Garchomp|Protect\n|move|p1a: blaster|Techno Blast|p2a: Garchomp\n|-activate|p2a: Garchomp|move: Protect\n|\n|upkeep\n|turn|5\n|\n|t:|1700670177\n|move|p2a: Garchomp|Earthquake|p1a: blaster\n|-damage|p1a: blaster|39\/100\n|move|p1a: blaster|Techno Blast|p2a: Garchomp\n|-damage|p2a: Garchomp|0 fnt\n|faint|p2a: Garchomp\n|-damage|p1a: blaster|29\/100|[from] item: Life Orb\n|\n|upkeep\n|\n|t:|1700670184\n|switch|p2a: Garganacl|Garganacl, M|100\/100\n|turn|6\n|\n|t:|1700670193\n|move|p1a: blaster|Techno Blast|p2a: Garganacl\n|-resisted|p2a: Garganacl\n|-damage|p2a: Garganacl|78\/100\n|-damage|p1a: blaster|19\/100|[from] item: Life Orb\n|move|p2a: Garganacl|Explosion|p1a: blaster\n|-resisted|p1a: blaster\n|-damage|p1a: blaster|0 fnt\n|faint|p2a: Garganacl\n|faint|p1a: blaster\n|\n|upkeep\n|\n|t:|1700670206\n|switch|p1a: SPACEDNA!!!|Deoxys|100\/100\n|switch|p2a: Giratina|Giratina-Origin|100\/100\n|-ability|p1a: SPACEDNA!!!|Pressure\n|turn|7\n|\n|t:|1700670220\n|move|p1a: SPACEDNA!!!|Poison Jab|p2a: Giratina\n|-resisted|p2a: Giratina\n|-damage|p2a: Giratina|91\/100\n|-damage|p1a: SPACEDNA!!!|91\/100|[from] item: Life Orb\n|move|p2a: Giratina|Calm Mind|p2a: Giratina\n|-boost|p2a: Giratina|spa|1\n|-boost|p2a: Giratina|spd|1\n|\n|upkeep\n|turn|8\n|\n|t:|1700670236\n|switch|p1a: marshmallow|Marshadow|100\/100\n|-terastallize|p2a: Giratina|Ghost\n|move|p2a: Giratina|Shadow Ball|p1a: marshmallow\n|-supereffective|p1a: marshmallow\n|-damage|p1a: marshmallow|0 fnt\n|faint|p1a: marshmallow\n|\n|upkeep\n|\n|t:|1700670244\n|switch|p1a: sword|Keldeo-Resolute|100\/100\n|turn|9\n|\n|t:|1700670257\n|move|p1a: sword|Secret Sword|p2a: Giratina\n|-immune|p2a: Giratina\n|move|p2a: Giratina|Shadow Ball|p1a: sword\n|-damage|p1a: sword|0 fnt\n|faint|p1a: sword\n|\n|upkeep\n|c|\u2606i'madragontype|DIIIIIIIIIIIIIIIIIIIIIIEEEEEEEEEEEEEEEEEEEEEEEEEEEEEEEEEEEEEEEEEEEEEEE\n|c|\u2606i'madragontype|DIE DIE DIE DIE DIE DIE DIE DIE\n|\n|t:|1700670282\n|switch|p1a: vally|Shaymin-Sky|100\/100\n|turn|10\n|\n|t:|1700670290\n|move|p1a: vally|Seed Flare|p2a: Giratina|[miss]\n|-miss|p1a: vally|p2a: Giratina\n|move|p2a: Giratina|Shadow Ball|p1a: vally\n|-damage|p1a: vally|0 fnt\n|faint|p1a: vally\n|\n|upkeep\n|\n|t:|1700670296\n|switch|p1a: SPACEDNA!!!|Deoxys|91\/100\n|-ability|p1a: SPACEDNA!!!|Pressure\n|turn|11\n|\n|t:|1700670309\n|move|p1a: SPACEDNA!!!|Water Pulse|p2a: Giratina\n|-damage|p2a: Giratina|77\/100\n|-damage|p1a: SPACEDNA!!!|81\/100|[from] item: Life Orb\n|move|p2a: Giratina|Shadow Ball|p1a: SPACEDNA!!!\n|-supereffective|p1a: SPACEDNA!!!\n|-damage|p1a: SPACEDNA!!!|0 fnt\n|faint|p1a: SPACEDNA!!!\n|\n|win|Vigsalad\n|raw|i&apos;madragontype's rating: 1035 &rarr; <strong>1019<\/strong><br \/>(-16 for losing)\n|raw|Vigsalad's rating: 1016 &rarr; <strong>1056<\/strong><br \/>(+40 for winning)\n","uploadtime":1700670280,"views":1,"p1id":"imadragontype","p2id":"vigsalad","formatid":"gen9nationaldexubers","rating":1019,"private":0,"password":""}