{"id":"gen9nationaldexubers-1982064403","p1":"SpareRib24","p2":"schiroj11","format":"[Gen 9] National Dex Ubers","log":"|j|\u2606SpareRib24\n|j|\u2606schiroj11\n|t:|1698964289\n|gametype|singles\n|player|p1|SpareRib24|2|\n|player|p2|schiroj11|265|\n|teamsize|p1|6\n|teamsize|p2|6\n|gen|9\n|tier|[Gen 9] National Dex Ubers\n|rule|HP Percentage Mod: HP is shown in percentages\n|rule|Endless Battle Clause: Forcing endless battles is banned\n|rule|OHKO Clause: OHKO moves are banned\n|rule|Evasion Moves Clause: Evasion moves are banned\n|rule|Evasion Items Clause: Evasion items are banned\n|rule|Species Clause: Limit one of each Pok\u00e9mon\n|rule|Sleep Clause Mod: Limit one foe put to sleep\n|rule|Mega Rayquaza Clause: You cannot mega evolve Rayquaza\n|clearpoke\n|poke|p1|Gardevoir, F|\n|poke|p1|Rotom-Wash|\n|poke|p1|Nihilego|\n|poke|p1|Nidoking, M|\n|poke|p1|Gliscor, M|\n|poke|p1|Inteleon, F|\n|poke|p2|Dragapult, M|\n|poke|p2|Scizor, F|\n|poke|p2|Iron Hands|\n|poke|p2|Skeledirge, F|\n|poke|p2|Mew|\n|poke|p2|Togekiss, F|\n|teampreview\n|j| quebecquagsires\n|j| mattlap31\n|c| quebecquagsires|rahhhh\n|\n|t:|1698964322\n|start\n|switch|p1a: Rotom|Rotom-Wash|100\/100\n|switch|p2a: Mew|Mew|100\/100\n|turn|1\n|\n|t:|1698964330\n|move|p2a: Mew|Energy Ball|p1a: Rotom\n|-supereffective|p1a: Rotom\n|-damage|p1a: Rotom|41\/100\n|-unboost|p1a: Rotom|spd|1\n|move|p1a: Rotom|Volt Switch|p2a: Mew\n|-damage|p2a: Mew|83\/100\n|\n|t:|1698964353\n|switch|p1a: Nidoking|Nidoking, M|100\/100|[from] Volt Switch\n|\n|-heal|p2a: Mew|89\/100|[from] item: Leftovers\n|upkeep\n|turn|2\n|\n|t:|1698964398\n|-terastallize|p2a: Mew|Water\n|move|p1a: Nidoking|Shadow Ball|p2a: Mew\n|-damage|p2a: Mew|70\/100\n|move|p2a: Mew|Scald|p1a: Nidoking\n|-supereffective|p1a: Nidoking\n|-damage|p1a: Nidoking|1\/100\n|\n|-heal|p2a: Mew|76\/100|[from] item: Leftovers\n|upkeep\n|turn|3\n|j| Joepells1608\n|c| quebecquagsires|HOLY!\n|\n|t:|1698964420\n|move|p1a: Nidoking|Shadow Ball|p2a: Mew\n|-damage|p2a: Mew|57\/100\n|move|p2a: Mew|Stealth Rock|p1a: Nidoking\n|-sidestart|p1: SpareRib24|move: Stealth Rock\n|\n|-heal|p2a: Mew|63\/100|[from] item: Leftovers\n|upkeep\n|turn|4\n|\n|t:|1698964432\n|move|p1a: Nidoking|Shadow Ball|p2a: Mew\n|-damage|p2a: Mew|44\/100\n|move|p2a: Mew|Roost|p2a: Mew\n|-heal|p2a: Mew|94\/100\n|\n|-heal|p2a: Mew|99\/100|[from] item: Leftovers\n|upkeep\n|turn|5\n|j| Matts Mommy\n|\n|t:|1698964442\n|move|p1a: Nidoking|Shadow Ball|p2a: Mew\n|-damage|p2a: Mew|79\/100\n|move|p2a: Mew|Scald|p1a: Nidoking\n|-supereffective|p1a: Nidoking\n|-damage|p1a: Nidoking|0 fnt\n|faint|p1a: Nidoking\n|\n|-heal|p2a: Mew|86\/100|[from] item: Leftovers\n|upkeep\n|c|\u2606schiroj11|Matts mommy is here\n|l| quebecquagsires\n|j| quebecquagsires\n|\n|t:|1698964498\n|switch|p1a: Nihilego|Nihilego|100\/100\n|-damage|p1a: Nihilego|88\/100|[from] Stealth Rock\n|turn|6\n|\n|t:|1698964533\n|-terastallize|p1a: Nihilego|Grass\n|move|p1a: Nihilego|Meteor Beam||[still]\n|-prepare|p1a: Nihilego|Meteor Beam\n|-boost|p1a: Nihilego|spa|1\n|-enditem|p1a: Nihilego|Power Herb\n|-anim|p1a: Nihilego|Meteor Beam|p2a: Mew\n|-damage|p2a: Mew|19\/100\n|move|p2a: Mew|Scald|p1a: Nihilego\n|-resisted|p1a: Nihilego\n|-damage|p1a: Nihilego|75\/100\n|\n|-heal|p2a: Mew|25\/100|[from] item: Leftovers\n|upkeep\n|turn|7\n|c| Joepells1608|OH MY\n|c|\u2606schiroj11|Ouch\n|\n|t:|1698964563\n|switch|p2a: Togekiss|Togekiss, F|100\/100\n|move|p1a: Nihilego|Sludge Wave|p2a: Togekiss\n|-supereffective|p2a: Togekiss\n|-damage|p2a: Togekiss|0 fnt\n|faint|p2a: Togekiss\n|-ability|p1a: Nihilego|Beast Boost|boost\n|-boost|p1a: Nihilego|spe|1\n|\n|upkeep\n|c| quebecquagsires|what a display\n|c| quebecquagsires|OHHHH\n|c|\u2606schiroj11|oh gosh\n|c| Joepells1608|OH MY OH MY\n|\n|t:|1698964585\n|switch|p2a: Dragapult|Dragapult, M|100\/100\n|turn|8\n|\n|t:|1698964588\n|move|p1a: Nihilego|Dazzling Gleam|p2a: Dragapult\n|-supereffective|p2a: Dragapult\n|-damage|p2a: Dragapult|1\/100\n|move|p2a: Dragapult|Flamethrower|p1a: Nihilego\n|-supereffective|p1a: Nihilego\n|-damage|p1a: Nihilego|14\/100\n|\n|upkeep\n|turn|9\n|\n|t:|1698964602\n|switch|p2a: Mew|Mew, tera:Water|25\/100\n|move|p1a: Nihilego|Dazzling Gleam|p2a: Mew\n|-damage|p2a: Mew|0 fnt\n|faint|p2a: Mew\n|-ability|p1a: Nihilego|Beast Boost|boost\n|-boost|p1a: Nihilego|spe|1\n|\n|upkeep\n|\n|t:|1698964608\n|switch|p2a: Iron Hands|Iron Hands|100\/100\n|turn|10\n|c| quebecquagsires|where is da psychic terrain\n|c| Matts Mommy|Kiss him on the lips\n|\n|t:|1698964717\n|move|p2a: Iron Hands|Fake Out|p1a: Nihilego\n|-damage|p1a: Nihilego|0 fnt\n|faint|p1a: Nihilego\n|\n|upkeep\n|\n|t:|1698964732\n|switch|p1a: Gliscor|Gliscor, M|100\/100\n|-damage|p1a: Gliscor|88\/100|[from] Stealth Rock\n|turn|11\n|c| Joepells1608|This is a masterpiece in the making I COULD SEE IT\n|l| quebecquagsires\n|\n|t:|1698964762\n|-end|p2a: Iron Hands|Quark Drive|[silent]\n|switch|p2a: Scizor|Scizor, F|100\/100\n|move|p1a: Gliscor|Swords Dance|p1a: Gliscor\n|-boost|p1a: Gliscor|atk|2\n|\n|-status|p1a: Gliscor|tox|[from] item: Toxic Orb\n|upkeep\n|turn|12\n|j| quebecquagsires\n|\n|t:|1698964808\n|switch|p2a: Skeledirge|Skeledirge, F|100\/100\n|move|p1a: Gliscor|Swords Dance|p1a: Gliscor\n|-boost|p1a: Gliscor|atk|2\n|\n|-heal|p1a: Gliscor|100\/100 tox|[from] ability: Poison Heal\n|upkeep\n|turn|13\n|\n|t:|1698964819\n|move|p1a: Gliscor|Earthquake|p2a: Skeledirge\n|-supereffective|p2a: Skeledirge\n|-damage|p2a: Skeledirge|59\/100\n|move|p2a: Skeledirge|Torch Song|p1a: Gliscor\n|-damage|p1a: Gliscor|76\/100 tox\n|-boost|p2a: Skeledirge|spa|1\n|\n|-heal|p1a: Gliscor|89\/100 tox|[from] ability: Poison Heal\n|upkeep\n|turn|14\n|c| Matts Mommy|Game\n|\n|t:|1698964835\n|move|p1a: Gliscor|Swords Dance|p1a: Gliscor\n|-boost|p1a: Gliscor|atk|2\n|move|p2a: Skeledirge|Slack Off|p2a: Skeledirge\n|-heal|p2a: Skeledirge|100\/100\n|\n|-heal|p1a: Gliscor|100\/100 tox|[from] ability: Poison Heal\n|upkeep\n|turn|15\n|\n|t:|1698964843\n|move|p1a: Gliscor|Earthquake|p2a: Skeledirge\n|-supereffective|p2a: Skeledirge\n|-damage|p2a: Skeledirge|63\/100\n|move|p2a: Skeledirge|Torch Song|p1a: Gliscor\n|-damage|p1a: Gliscor|65\/100 tox\n|-boost|p2a: Skeledirge|spa|1\n|\n|-heal|p1a: Gliscor|78\/100 tox|[from] ability: Poison Heal\n|upkeep\n|turn|16\n|c| quebecquagsires|dont sleep on the SKELEDIRGE!!!!\n|\n|t:|1698964858\n|move|p1a: Gliscor|Earthquake|p2a: Skeledirge\n|-supereffective|p2a: Skeledirge\n|-damage|p2a: Skeledirge|20\/100\n|move|p2a: Skeledirge|Slack Off|p2a: Skeledirge\n|-heal|p2a: Skeledirge|70\/100\n|\n|-heal|p1a: Gliscor|90\/100 tox|[from] ability: Poison Heal\n|upkeep\n|turn|17\n|\n|t:|1698964867\n|move|p1a: Gliscor|Earthquake|p2a: Skeledirge\n|-supereffective|p2a: Skeledirge\n|-damage|p2a: Skeledirge|32\/100\n|move|p2a: Skeledirge|Slack Off|p2a: Skeledirge\n|-heal|p2a: Skeledirge|82\/100\n|\n|-heal|p1a: Gliscor|100\/100 tox|[from] ability: Poison Heal\n|upkeep\n|turn|18\n|\n|t:|1698964878\n|move|p1a: Gliscor|Earthquake|p2a: Skeledirge\n|-supereffective|p2a: Skeledirge\n|-damage|p2a: Skeledirge|41\/100\n|move|p2a: Skeledirge|Torch Song|p1a: Gliscor\n|-damage|p1a: Gliscor|53\/100 tox\n|-boost|p2a: Skeledirge|spa|1\n|\n|-heal|p1a: Gliscor|66\/100 tox|[from] ability: Poison Heal\n|upkeep\n|turn|19\n|\n|t:|1698964888\n|move|p1a: Gliscor|Earthquake|p2a: Skeledirge\n|-supereffective|p2a: Skeledirge\n|-damage|p2a: Skeledirge|4\/100\n|move|p2a: Skeledirge|Slack Off|p2a: Skeledirge\n|-heal|p2a: Skeledirge|54\/100\n|\n|-heal|p1a: Gliscor|78\/100 tox|[from] ability: Poison Heal\n|upkeep\n|turn|20\n|\n|t:|1698964901\n|move|p1a: Gliscor|Earthquake|p2a: Skeledirge\n|-supereffective|p2a: Skeledirge\n|-damage|p2a: Skeledirge|12\/100\n|move|p2a: Skeledirge|Slack Off|p2a: Skeledirge\n|-heal|p2a: Skeledirge|62\/100\n|\n|-heal|p1a: Gliscor|91\/100 tox|[from] ability: Poison Heal\n|upkeep\n|turn|21\n|j| Salvatore14\n|\n|t:|1698964910\n|move|p1a: Gliscor|Earthquake|p2a: Skeledirge\n|-supereffective|p2a: Skeledirge\n|-damage|p2a: Skeledirge|26\/100\n|move|p2a: Skeledirge|Torch Song|p1a: Gliscor\n|-damage|p1a: Gliscor|23\/100 tox\n|-boost|p2a: Skeledirge|spa|1\n|\n|-heal|p1a: Gliscor|36\/100 tox|[from] ability: Poison Heal\n|upkeep\n|turn|22\n|\n|t:|1698964926\n|switch|p2a: Scizor|Scizor, F|100\/100\n|move|p1a: Gliscor|Earthquake|p2a: Scizor\n|-crit|p2a: Scizor\n|-damage|p2a: Scizor|0 fnt\n|faint|p2a: Scizor\n|\n|-heal|p1a: Gliscor|48\/100 tox|[from] ability: Poison Heal\n|upkeep\n|c| Joepells1608|OMGOMGOMGOMGOMGOMGOMGOMGOMGOMGOMG\n|\n|t:|1698964946\n|switch|p2a: Dragapult|Dragapult, M|1\/100\n|turn|23\n|\n|t:|1698964962\n|move|p2a: Dragapult|Shadow Ball|p1a: Gliscor\n|-damage|p1a: Gliscor|6\/100 tox\n|move|p1a: Gliscor|Roost|p1a: Gliscor\n|-heal|p1a: Gliscor|56\/100 tox\n|-singleturn|p1a: Gliscor|move: Roost\n|\n|-heal|p1a: Gliscor|69\/100 tox|[from] ability: Poison Heal\n|upkeep\n|turn|24\n|\n|t:|1698964972\n|move|p2a: Dragapult|Shadow Ball|p1a: Gliscor\n|-damage|p1a: Gliscor|26\/100 tox\n|move|p1a: Gliscor|Roost|p1a: Gliscor\n|-heal|p1a: Gliscor|76\/100 tox\n|-singleturn|p1a: Gliscor|move: Roost\n|\n|-heal|p1a: Gliscor|88\/100 tox|[from] ability: Poison Heal\n|upkeep\n|turn|25\n|\n|t:|1698964987\n|move|p2a: Dragapult|Shadow Ball|p1a: Gliscor\n|-damage|p1a: Gliscor|44\/100 tox\n|move|p1a: Gliscor|Roost|p1a: Gliscor\n|-heal|p1a: Gliscor|94\/100 tox\n|-singleturn|p1a: Gliscor|move: Roost\n|\n|-heal|p1a: Gliscor|100\/100 tox|[from] ability: Poison Heal\n|upkeep\n|turn|26\n|\n|t:|1698964997\n|move|p2a: Dragapult|Shadow Ball|p1a: Gliscor\n|-damage|p1a: Gliscor|58\/100 tox\n|move|p1a: Gliscor|Earthquake|p2a: Dragapult\n|-damage|p2a: Dragapult|0 fnt\n|faint|p2a: Dragapult\n|\n|-heal|p1a: Gliscor|70\/100 tox|[from] ability: Poison Heal\n|upkeep\n|\n|t:|1698965002\n|switch|p2a: Skeledirge|Skeledirge, F|26\/100\n|turn|27\n|l| Salvatore14\n|\n|t:|1698965010\n|move|p1a: Gliscor|Earthquake|p2a: Skeledirge\n|-supereffective|p2a: Skeledirge\n|-damage|p2a: Skeledirge|0 fnt\n|faint|p2a: Skeledirge\n|\n|-heal|p1a: Gliscor|83\/100 tox|[from] ability: Poison Heal\n|upkeep\n|\n|t:|1698965017\n|switch|p2a: Iron Hands|Iron Hands|100\/100\n|turn|28\n|\n|t:|1698965020\n|move|p2a: Iron Hands|Fake Out|p1a: Gliscor\n|-damage|p1a: Gliscor|70\/100 tox\n|cant|p1a: Gliscor|flinch\n|\n|-heal|p1a: Gliscor|83\/100 tox|[from] ability: Poison Heal\n|upkeep\n|turn|29\n|\n|t:|1698965027\n|move|p1a: Gliscor|Earthquake|p2a: Iron Hands\n|-supereffective|p2a: Iron Hands\n|-damage|p2a: Iron Hands|0 fnt\n|faint|p2a: Iron Hands\n|-end|p2a: Iron Hands|Quark Drive|[silent]\n|\n|win|SpareRib24\n|c|\u2606schiroj11|jeez bro\n|l|\u2606SpareRib24\n|l| Matts Mommy\n|j|\u2606SpareRib24\n|player|p1|SpareRib24|2\n","uploadtime":1698965037,"views":26,"p1id":"sparerib24","p2id":"schiroj11","formatid":"gen9nationaldexubers","rating":0,"private":0,"password":""}