{"id":"gen9nationaldexubers-1992490079","p1":"JDkot","p2":"jmmannar27","format":"[Gen 9] National Dex Ubers","log":"|j|\u2606JDkot\n|j|\u2606jmmannar27\n|t:|1700194160\n|gametype|singles\n|player|p1|JDkot|cynthia|\n|player|p2|jmmannar27|biker-gen4|\n|teamsize|p1|6\n|teamsize|p2|6\n|gen|9\n|tier|[Gen 9] National Dex Ubers\n|rule|HP Percentage Mod: HP is shown in percentages\n|rule|Endless Battle Clause: Forcing endless battles is banned\n|rule|OHKO Clause: OHKO moves are banned\n|rule|Evasion Moves Clause: Evasion moves are banned\n|rule|Evasion Items Clause: Evasion items are banned\n|rule|Species Clause: Limit one of each Pok\u00e9mon\n|rule|Sleep Clause Mod: Limit one foe put to sleep\n|rule|Mega Rayquaza Clause: You cannot mega evolve Rayquaza\n|clearpoke\n|poke|p1|Urshifu-*, M|\n|poke|p1|Grimmsnarl, M|\n|poke|p1|Rillaboom, F|\n|poke|p1|Dragapult, M|\n|poke|p1|Sneasler, F|\n|poke|p1|Ursaluna-Bloodmoon, M|\n|poke|p2|Pawmot, F|\n|poke|p2|Roaring Moon|\n|poke|p2|Ogerpon-Wellspring, F|\n|poke|p2|Garganacl, M|\n|poke|p2|Skeledirge, F|\n|poke|p2|Fezandipiti, M|\n|teampreview\n|\n|t:|1700194187\n|start\n|switch|p1a: Ursaluna|Ursaluna-Bloodmoon, M|100\/100\n|switch|p2a: Fezandipiti|Fezandipiti, M|100\/100\n|turn|1\n|\n|t:|1700194208\n|move|p2a: Fezandipiti|Moonblast|p1a: Ursaluna\n|-damage|p1a: Ursaluna|72\/100\n|-unboost|p1a: Ursaluna|spa|1\n|move|p1a: Ursaluna|Calm Mind|p1a: Ursaluna\n|-boost|p1a: Ursaluna|spa|1\n|-boost|p1a: Ursaluna|spd|1\n|\n|upkeep\n|turn|2\n|\n|t:|1700194223\n|move|p2a: Fezandipiti|Venoshock|p1a: Ursaluna\n|-resisted|p1a: Ursaluna\n|-damage|p1a: Ursaluna|66\/100\n|-status|p1a: Ursaluna|tox|[from] ability: Toxic Chain|[of] p2a: Fezandipiti\n|move|p1a: Ursaluna|Blood Moon|p2a: Fezandipiti\n|-damage|p2a: Fezandipiti|34\/100\n|\n|-heal|p2a: Fezandipiti|40\/100|[from] item: Leftovers\n|-damage|p1a: Ursaluna|60\/100 tox|[from] psn\n|upkeep\n|turn|3\n|\n|t:|1700194235\n|move|p2a: Fezandipiti|Roost|p2a: Fezandipiti\n|-heal|p2a: Fezandipiti|90\/100\n|-singleturn|p2a: Fezandipiti|move: Roost\n|move|p1a: Ursaluna|Moonlight|p1a: Ursaluna\n|-heal|p1a: Ursaluna|100\/100 tox\n|\n|-heal|p2a: Fezandipiti|96\/100|[from] item: Leftovers\n|-damage|p1a: Ursaluna|88\/100 tox|[from] psn\n|upkeep\n|turn|4\n|\n|t:|1700194243\n|move|p2a: Fezandipiti|Venoshock|p1a: Ursaluna\n|-resisted|p1a: Ursaluna\n|-damage|p1a: Ursaluna|75\/100 tox\n|move|p1a: Ursaluna|Calm Mind|p1a: Ursaluna\n|-boost|p1a: Ursaluna|spa|1\n|-boost|p1a: Ursaluna|spd|1\n|\n|-heal|p2a: Fezandipiti|100\/100|[from] item: Leftovers\n|-damage|p1a: Ursaluna|57\/100 tox|[from] psn\n|upkeep\n|turn|5\n|\n|t:|1700194258\n|move|p2a: Fezandipiti|Moonblast|p1a: Ursaluna\n|-damage|p1a: Ursaluna|43\/100 tox\n|move|p1a: Ursaluna|Earth Power|p2a: Fezandipiti\n|-supereffective|p2a: Fezandipiti\n|-damage|p2a: Fezandipiti|0 fnt\n|faint|p2a: Fezandipiti\n|\n|-damage|p1a: Ursaluna|18\/100 tox|[from] psn\n|upkeep\n|\n|t:|1700194268\n|switch|p2a: Pawmot|Pawmot, F, shiny|100\/100\n|turn|6\n|\n|t:|1700194311\n|move|p2a: Pawmot|Fake Out|p1a: Ursaluna\n|-damage|p1a: Ursaluna|9\/100 tox\n|cant|p1a: Ursaluna|flinch\n|\n|-damage|p1a: Ursaluna|0 fnt|[from] psn\n|faint|p1a: Ursaluna\n|upkeep\n|\n|t:|1700194321\n|switch|p1a: Eren Jaeger|Grimmsnarl, M, shiny|100\/100\n|turn|7\n|\n|t:|1700194333\n|move|p1a: Eren Jaeger|Reflect|p1a: Eren Jaeger\n|-sidestart|p1: JDkot|Reflect\n|move|p2a: Pawmot|Revival Blessing|p2a: Pawmot\n|-enditem|p2a: Pawmot|Leppa Berry|[eat]\n|-activate|p2a: Pawmot|item: Leppa Berry|Revival Blessing|[consumed]\n|\n|t:|1700194337\n|-heal|p2: Fezandipiti|50\/100|[from] move: Revival Blessing\n|\n|upkeep\n|turn|8\n|\n|t:|1700194348\n|move|p2a: Pawmot|Double Shock|p1a: Eren Jaeger\n|-damage|p1a: Eren Jaeger|69\/100\n|-start|p2a: Pawmot|typechange|???\/Fighting|[from] move: Double Shock\n|move|p1a: Eren Jaeger|Play Rough|p2a: Pawmot\n|-supereffective|p2a: Pawmot\n|-damage|p2a: Pawmot|0 fnt\n|faint|p2a: Pawmot\n|\n|upkeep\n|\n|t:|1700194360\n|switch|p2a: Fezandipiti|Fezandipiti, M|50\/100\n|turn|9\n|\n|t:|1700194367\n|move|p1a: Eren Jaeger|Parting Shot|p2a: Fezandipiti\n|-unboost|p2a: Fezandipiti|atk|1\n|-unboost|p2a: Fezandipiti|spa|1\n|\n|t:|1700194375\n|switch|p1a: Urshifu|Urshifu-Rapid-Strike, M|100\/100|[from] Parting Shot\n|move|p2a: Fezandipiti|Venoshock|p1a: Urshifu\n|-damage|p1a: Urshifu|83\/100\n|\n|-heal|p2a: Fezandipiti|57\/100|[from] item: Leftovers\n|upkeep\n|turn|10\n|\n|t:|1700194398\n|move|p1a: Urshifu|Close Combat|p2a: Fezandipiti\n|-resisted|p2a: Fezandipiti\n|-damage|p2a: Fezandipiti|39\/100\n|-unboost|p1a: Urshifu|def|1\n|-unboost|p1a: Urshifu|spd|1\n|move|p2a: Fezandipiti|Icy Wind|p1a: Urshifu\n|-resisted|p1a: Urshifu\n|-damage|p1a: Urshifu|76\/100\n|-unboost|p1a: Urshifu|spe|1\n|-status|p1a: Urshifu|tox|[from] ability: Toxic Chain|[of] p2a: Fezandipiti\n|\n|-heal|p2a: Fezandipiti|45\/100|[from] item: Leftovers\n|-damage|p1a: Urshifu|70\/100 tox|[from] psn\n|upkeep\n|turn|11\n|\n|t:|1700194413\n|switch|p1a: Dragapult|Dragapult, M, shiny|100\/100\n|move|p2a: Fezandipiti|Roost|p2a: Fezandipiti\n|-heal|p2a: Fezandipiti|95\/100\n|-singleturn|p2a: Fezandipiti|move: Roost\n|\n|-heal|p2a: Fezandipiti|100\/100|[from] item: Leftovers\n|upkeep\n|turn|12\n|\n|t:|1700194436\n|switch|p1a: Urshifu|Urshifu-Rapid-Strike, M|70\/100 tox\n|move|p2a: Fezandipiti|Icy Wind|p1a: Urshifu\n|-resisted|p1a: Urshifu\n|-damage|p1a: Urshifu|66\/100 tox\n|-unboost|p1a: Urshifu|spe|1\n|\n|-damage|p1a: Urshifu|59\/100 tox|[from] psn\n|upkeep\n|turn|13\n|\n|t:|1700194444\n|move|p2a: Fezandipiti|Moonblast|p1a: Urshifu\n|-supereffective|p1a: Urshifu\n|-damage|p1a: Urshifu|8\/100 tox\n|move|p1a: Urshifu|Surging Strikes|p2a: Fezandipiti\n|-crit|p2a: Fezandipiti\n|-damage|p2a: Fezandipiti|77\/100\n|-crit|p2a: Fezandipiti\n|-damage|p2a: Fezandipiti|55\/100\n|-crit|p2a: Fezandipiti\n|-damage|p2a: Fezandipiti|31\/100\n|-hitcount|p2a: Fezandipiti|3\n|\n|-heal|p2a: Fezandipiti|37\/100|[from] item: Leftovers\n|-damage|p1a: Urshifu|0 fnt|[from] psn\n|faint|p1a: Urshifu\n|upkeep\n|\n|t:|1700194465\n|switch|p1a: Eren Jaeger|Grimmsnarl, M, shiny|69\/100\n|turn|14\n|\n|t:|1700194472\n|move|p1a: Eren Jaeger|Light Screen|p1a: Eren Jaeger\n|-sidestart|p1: JDkot|move: Light Screen\n|move|p2a: Fezandipiti|Roost|p2a: Fezandipiti\n|-heal|p2a: Fezandipiti|87\/100\n|-singleturn|p2a: Fezandipiti|move: Roost\n|\n|-heal|p2a: Fezandipiti|93\/100|[from] item: Leftovers\n|-sideend|p1: JDkot|Reflect\n|upkeep\n|turn|15\n|\n|t:|1700194481\n|move|p1a: Eren Jaeger|Reflect|p1a: Eren Jaeger\n|-sidestart|p1: JDkot|Reflect\n|move|p2a: Fezandipiti|Venoshock|p1a: Eren Jaeger\n|-supereffective|p1a: Eren Jaeger\n|-damage|p1a: Eren Jaeger|59\/100\n|\n|-heal|p2a: Fezandipiti|99\/100|[from] item: Leftovers\n|upkeep\n|turn|16\n|\n|t:|1700194487\n|move|p1a: Eren Jaeger|Parting Shot|p2a: Fezandipiti\n|-unboost|p2a: Fezandipiti|atk|1\n|-unboost|p2a: Fezandipiti|spa|1\n|\n|t:|1700194491\n|switch|p1a: Rillaboom|Rillaboom, F, shiny|100\/100|[from] Parting Shot\n|-fieldstart|move: Grassy Terrain|[from] ability: Grassy Surge|[of] p1a: Rillaboom\n|move|p2a: Fezandipiti|Venoshock|p1a: Rillaboom\n|-supereffective|p1a: Rillaboom\n|-damage|p1a: Rillaboom|91\/100\n|\n|-heal|p2a: Fezandipiti|100\/100|[from] Grassy Terrain\n|-heal|p1a: Rillaboom|98\/100|[from] Grassy Terrain\n|-heal|p1a: Rillaboom|100\/100|[from] item: Leftovers\n|upkeep\n|turn|17\n|\n|t:|1700194505\n|move|p2a: Fezandipiti|Venoshock|p1a: Rillaboom\n|-supereffective|p1a: Rillaboom\n|-damage|p1a: Rillaboom|90\/100\n|-status|p1a: Rillaboom|tox|[from] ability: Toxic Chain|[of] p2a: Fezandipiti\n|move|p1a: Rillaboom|Swords Dance|p1a: Rillaboom\n|-boost|p1a: Rillaboom|atk|2\n|\n|-heal|p1a: Rillaboom|96\/100 tox|[from] Grassy Terrain\n|-heal|p1a: Rillaboom|100\/100 tox|[from] item: Leftovers\n|-damage|p1a: Rillaboom|94\/100 tox|[from] psn\n|upkeep\n|turn|18\n|\n|t:|1700194523\n|move|p1a: Rillaboom|Grassy Glide|p2a: Fezandipiti\n|-resisted|p2a: Fezandipiti\n|-damage|p2a: Fezandipiti|71\/100\n|move|p2a: Fezandipiti|Venoshock|p1a: Rillaboom\n|-supereffective|p1a: Rillaboom\n|-crit|p1a: Rillaboom\n|-damage|p1a: Rillaboom|0 fnt\n|faint|p1a: Rillaboom\n|\n|-heal|p2a: Fezandipiti|77\/100|[from] Grassy Terrain\n|-heal|p2a: Fezandipiti|83\/100|[from] item: Leftovers\n|upkeep\n|\n|t:|1700194533\n|switch|p1a: Sneasler|Sneasler, F|100\/100\n|-enditem|p1a: Sneasler|Grassy Seed\n|-boost|p1a: Sneasler|def|1|[from] item: Grassy Seed\n|turn|19\n|\n|t:|1700194551\n|move|p1a: Sneasler|Swords Dance|p1a: Sneasler\n|-boost|p1a: Sneasler|atk|2\n|move|p2a: Fezandipiti|Moonblast|p1a: Sneasler\n|-damage|p1a: Sneasler|92\/100\n|-unboost|p1a: Sneasler|spa|1\n|\n|-heal|p1a: Sneasler|98\/100|[from] Grassy Terrain\n|-heal|p2a: Fezandipiti|89\/100|[from] Grassy Terrain\n|-heal|p2a: Fezandipiti|95\/100|[from] item: Leftovers\n|upkeep\n|turn|20\n|\n|t:|1700194562\n|move|p1a: Sneasler|Acrobatics|p2a: Fezandipiti\n|-damage|p2a: Fezandipiti|32\/100\n|move|p2a: Fezandipiti|Icy Wind|p1a: Sneasler\n|-damage|p1a: Sneasler|95\/100\n|-unboost|p1a: Sneasler|spe|1\n|\n|-heal|p1a: Sneasler|100\/100|[from] Grassy Terrain\n|-heal|p2a: Fezandipiti|38\/100|[from] Grassy Terrain\n|-heal|p2a: Fezandipiti|44\/100|[from] item: Leftovers\n|-fieldend|move: Grassy Terrain\n|upkeep\n|turn|21\n|\n|t:|1700194574\n|move|p1a: Sneasler|Acrobatics|p2a: Fezandipiti\n|-crit|p2a: Fezandipiti\n|-damage|p2a: Fezandipiti|0 fnt\n|faint|p2a: Fezandipiti\n|\n|-sideend|p1: JDkot|move: Light Screen\n|upkeep\n|\n|t:|1700194597\n|switch|p2a: roar for me|Roaring Moon, shiny|100\/100\n|-enditem|p2a: roar for me|Booster Energy\n|-activate|p2a: roar for me|ability: Protosynthesis|[fromitem]\n|-start|p2a: roar for me|protosynthesisspe\n|turn|22\n|\n|t:|1700194608\n|-terastallize|p2a: roar for me|Flying\n|move|p2a: roar for me|Dragon Dance|p2a: roar for me\n|-boost|p2a: roar for me|atk|1\n|-boost|p2a: roar for me|spe|1\n|move|p1a: Sneasler|Dire Claw|p2a: roar for me\n|-damage|p2a: roar for me|0 fnt\n|faint|p2a: roar for me\n|-end|p2a: roar for me|Protosynthesis|[silent]\n|\n|-sideend|p1: JDkot|Reflect\n|upkeep\n|\n|t:|1700194620\n|switch|p2a: Skeledirge|Skeledirge, F|100\/100\n|turn|23\n|\n|t:|1700194629\n|move|p1a: Sneasler|Dire Claw|p2a: Skeledirge\n|-resisted|p2a: Skeledirge\n|-damage|p2a: Skeledirge|83\/100\n|move|p2a: Skeledirge|Will-O-Wisp|p1a: Sneasler\n|-status|p1a: Sneasler|brn\n|\n|-damage|p1a: Sneasler|95\/100 brn|[from] brn\n|upkeep\n|turn|24\n|\n|t:|1700194637\n|move|p1a: Sneasler|Dire Claw|p2a: Skeledirge\n|-resisted|p2a: Skeledirge\n|-damage|p2a: Skeledirge|74\/100\n|-status|p2a: Skeledirge|slp\n|cant|p2a: Skeledirge|slp\n|\n|-damage|p1a: Sneasler|89\/100 brn|[from] brn\n|upkeep\n|turn|25\n|\n|t:|1700194646\n|move|p1a: Sneasler|Acrobatics|p2a: Skeledirge\n|-damage|p2a: Skeledirge|60\/100 slp\n|cant|p2a: Skeledirge|slp\n|\n|-damage|p1a: Sneasler|83\/100 brn|[from] brn\n|upkeep\n|turn|26\n|\n|t:|1700194671\n|move|p1a: Sneasler|Acrobatics|p2a: Skeledirge\n|-damage|p2a: Skeledirge|43\/100 slp\n|-curestatus|p2a: Skeledirge|slp|[msg]\n|move|p2a: Skeledirge|Slack Off|p2a: Skeledirge\n|-heal|p2a: Skeledirge|93\/100\n|\n|-damage|p1a: Sneasler|77\/100 brn|[from] brn\n|upkeep\n|turn|27\n|j| mario123MAMAMIA\n|\n|t:|1700194683\n|move|p1a: Sneasler|Dire Claw|p2a: Skeledirge\n|-resisted|p2a: Skeledirge\n|-damage|p2a: Skeledirge|85\/100\n|-status|p2a: Skeledirge|slp\n|cant|p2a: Skeledirge|slp\n|\n|-damage|p1a: Sneasler|71\/100 brn|[from] brn\n|upkeep\n|turn|28\n|\n|t:|1700194694\n|switch|p1a: Dragapult|Dragapult, M, shiny|100\/100\n|-curestatus|p2a: Skeledirge|slp|[msg]\n|move|p2a: Skeledirge|Torch Song|p1a: Dragapult\n|-resisted|p1a: Dragapult\n|-damage|p1a: Dragapult|79\/100\n|-boost|p2a: Skeledirge|spa|1\n|\n|upkeep\n|turn|29\n|\n|t:|1700194720\n|move|p1a: Dragapult|Shadow Ball|p2a: Skeledirge\n|-supereffective|p2a: Skeledirge\n|-damage|p2a: Skeledirge|2\/100\n|move|p2a: Skeledirge|Will-O-Wisp|p1a: Dragapult\n|-status|p1a: Dragapult|brn\n|\n|-damage|p1a: Dragapult|73\/100 brn|[from] brn\n|upkeep\n|turn|30\n|\n|t:|1700194735\n|move|p1a: Dragapult|Shadow Ball|p2a: Skeledirge\n|-supereffective|p2a: Skeledirge\n|-damage|p2a: Skeledirge|0 fnt\n|faint|p2a: Skeledirge\n|\n|-damage|p1a: Dragapult|67\/100 brn|[from] brn\n|upkeep\n|\n|t:|1700194739\n|switch|p2a: Garganacl|Garganacl, M|100\/100\n|turn|31\n|\n|t:|1700194748\n|switch|p1a: Sneasler|Sneasler, F|71\/100 brn\n|move|p2a: Garganacl|Salt Cure|p1a: Sneasler\n|-resisted|p1a: Sneasler\n|-damage|p1a: Sneasler|58\/100 brn\n|-start|p1a: Sneasler|Salt Cure\n|\n|-damage|p1a: Sneasler|52\/100 brn|[from] brn\n|-damage|p1a: Sneasler|39\/100 brn|[from] Salt Cure\n|upkeep\n|turn|32\n|\n|t:|1700194786\n|move|p1a: Sneasler|Close Combat|p2a: Garganacl\n|-supereffective|p2a: Garganacl\n|-damage|p2a: Garganacl|63\/100\n|-unboost|p1a: Sneasler|def|1\n|-unboost|p1a: Sneasler|spd|1\n|move|p2a: Garganacl|Iron Defense|p2a: Garganacl\n|-boost|p2a: Garganacl|def|2\n|\n|-heal|p2a: Garganacl|69\/100|[from] item: Leftovers\n|-damage|p1a: Sneasler|33\/100 brn|[from] brn\n|-damage|p1a: Sneasler|21\/100 brn|[from] Salt Cure\n|upkeep\n|turn|33\n|\n|t:|1700194799\n|move|p1a: Sneasler|Dire Claw|p2a: Garganacl\n|-resisted|p2a: Garganacl\n|-damage|p2a: Garganacl|66\/100\n|move|p2a: Garganacl|Recover|p2a: Garganacl\n|-heal|p2a: Garganacl|100\/100\n|\n|-damage|p1a: Sneasler|15\/100 brn|[from] brn\n|-damage|p1a: Sneasler|3\/100 brn|[from] Salt Cure\n|upkeep\n|turn|34\n|\n|t:|1700194808\n|move|p1a: Sneasler|Dire Claw|p2a: Garganacl\n|-resisted|p2a: Garganacl\n|-damage|p2a: Garganacl|97\/100\n|move|p2a: Garganacl|Salt Cure|p1a: Sneasler\n|-resisted|p1a: Sneasler\n|-damage|p1a: Sneasler|0 fnt\n|faint|p1a: Sneasler\n|\n|-heal|p2a: Garganacl|100\/100|[from] item: Leftovers\n|upkeep\n|\n|t:|1700194817\n|switch|p1a: Dragapult|Dragapult, M, shiny|67\/100 brn\n|turn|35\n|\n|t:|1700194825\n|move|p1a: Dragapult|Shadow Ball|p2a: Garganacl\n|-damage|p2a: Garganacl|78\/100\n|move|p2a: Garganacl|Salt Cure|p1a: Dragapult\n|-damage|p1a: Dragapult|49\/100 brn\n|-start|p1a: Dragapult|Salt Cure\n|\n|-heal|p2a: Garganacl|84\/100|[from] item: Leftovers\n|-damage|p1a: Dragapult|43\/100 brn|[from] brn\n|-damage|p1a: Dragapult|31\/100 brn|[from] Salt Cure\n|upkeep\n|turn|36\n|\n|t:|1700194837\n|move|p1a: Dragapult|Shadow Ball|p2a: Garganacl\n|-damage|p2a: Garganacl|62\/100\n|-unboost|p2a: Garganacl|spd|1\n|move|p2a: Garganacl|Iron Defense|p2a: Garganacl\n|-boost|p2a: Garganacl|def|2\n|\n|-heal|p2a: Garganacl|68\/100|[from] item: Leftovers\n|-damage|p1a: Dragapult|25\/100 brn|[from] brn\n|-damage|p1a: Dragapult|12\/100 brn|[from] Salt Cure\n|upkeep\n|turn|37\n|c|\u2606JDkot|gg\n|-message|JDkot forfeited.\n|\n|win|jmmannar27\n|l|\u2606JDkot\n|c|\u2606jmmannar27|holy smokes my heart isracing\n","uploadtime":1700194956,"views":30,"p1id":"jdkot","p2id":"jmmannar27","formatid":"gen9nationaldexubers","rating":0,"private":0,"password":""}