{"id":"gen9nationaldexubers-1985728933","p1":"standardbandard23","p2":"SkechiArt","format":"[Gen 9] National Dex Ubers","log":"|j|\u2606standardbandard23\n|j|\u2606SkechiArt\n|t:|1699400013\n|gametype|singles\n|player|p1|standardbandard23|steven|\n|player|p2|SkechiArt|acetrainerf|\n|teamsize|p1|6\n|teamsize|p2|6\n|gen|9\n|tier|[Gen 9] National Dex Ubers\n|rule|HP Percentage Mod: HP is shown in percentages\n|rule|Endless Battle Clause: Forcing endless battles is banned\n|rule|OHKO Clause: OHKO moves are banned\n|rule|Evasion Moves Clause: Evasion moves are banned\n|rule|Evasion Items Clause: Evasion items are banned\n|rule|Species Clause: Limit one of each Pok\u00e9mon\n|rule|Sleep Clause Mod: Limit one foe put to sleep\n|rule|Mega Rayquaza Clause: You cannot mega evolve Rayquaza\n|clearpoke\n|poke|p1|Nihilego|\n|poke|p1|Xurkitree|\n|poke|p1|Buzzwole|\n|poke|p1|Blacephalon|\n|poke|p1|Stakataka|\n|poke|p1|Celesteela|\n|poke|p2|Melmetal|\n|poke|p2|Corviknight, M|\n|poke|p2|Ferrothorn, F|\n|poke|p2|Gholdengo|\n|poke|p2|Heatran, M|\n|poke|p2|Scizor, M|\n|teampreview\n|c|\u2606standardbandard23|current tera is flying nihilego but i hope i don't have to use it since i'm not locked in yet\n|c|\u2606standardbandard23|glhf\n|c|\u2606SkechiArt|gl\n|\n|t:|1699400063\n|start\n|switch|p1a: Trump's Dream|Stakataka|100\/100\n|switch|p2a: Void Termina|Melmetal|100\/100\n|turn|1\n|\n|t:|1699400074\n|switch|p1a: Its not a moon|Celesteela|100\/100\n|move|p2a: Void Termina|Superpower|p1a: Its not a moon\n|-damage|p1a: Its not a moon|69\/100\n|-unboost|p2a: Void Termina|atk|1\n|-unboost|p2a: Void Termina|def|1\n|\n|-heal|p1a: Its not a moon|75\/100|[from] item: Leftovers\n|upkeep\n|turn|2\n|\n|t:|1699400084\n|switch|p2a: Pyribbit|Heatran, M|100\/100\n|move|p1a: Its not a moon|Leech Seed|p2a: Pyribbit\n|-start|p2a: Pyribbit|move: Leech Seed\n|\n|-heal|p1a: Its not a moon|81\/100|[from] item: Leftovers\n|-damage|p2a: Pyribbit|88\/100|[from] Leech Seed|[of] p1a: Its not a moon\n|-heal|p1a: Its not a moon|91\/100|[silent]\n|upkeep\n|turn|3\n|\n|t:|1699400096\n|move|p1a: Its not a moon|Protect|p1a: Its not a moon\n|-singleturn|p1a: Its not a moon|Protect\n|move|p2a: Pyribbit|Eruption|p1a: Its not a moon\n|-activate|p1a: Its not a moon|move: Protect\n|\n|-heal|p1a: Its not a moon|97\/100|[from] item: Leftovers\n|-damage|p2a: Pyribbit|76\/100|[from] Leech Seed|[of] p1a: Its not a moon\n|-heal|p1a: Its not a moon|100\/100|[silent]\n|upkeep\n|turn|4\n|\n|t:|1699400129\n|switch|p1a: Trump's Dream|Stakataka|100\/100\n|move|p2a: Pyribbit|Eruption|p1a: Trump's Dream\n|-damage|p1a: Trump's Dream|57\/100\n|\n|-heal|p1a: Trump's Dream|63\/100|[from] item: Leftovers\n|-damage|p2a: Pyribbit|63\/100|[from] Leech Seed|[of] p1a: Trump's Dream\n|-heal|p1a: Trump's Dream|76\/100|[silent]\n|upkeep\n|turn|5\n|\n|t:|1699400139\n|switch|p2a: 02|Ferrothorn, F|100\/100\n|move|p1a: Trump's Dream|Protect||[still]\n|-fail|p1a: Trump's Dream\n|\n|-heal|p1a: Trump's Dream|82\/100|[from] item: Leftovers\n|upkeep\n|turn|6\n|\n|t:|1699400146\n|move|p2a: 02|Spikes|p1a: Trump's Dream\n|-sidestart|p1: standardbandard23|Spikes\n|move|p1a: Trump's Dream|Heat Crash|p2a: 02\n|-supereffective|p2a: 02\n|-damage|p2a: 02|21\/100\n|-damage|p1a: Trump's Dream|70\/100|[from] ability: Iron Barbs|[of] p2a: 02\n|\n|-heal|p2a: 02|27\/100|[from] item: Leftovers\n|-heal|p1a: Trump's Dream|76\/100|[from] item: Leftovers\n|upkeep\n|turn|7\n|\n|t:|1699400157\n|switch|p2a: Pyribbit|Heatran, M|63\/100\n|move|p1a: Trump's Dream|Body Press|p2a: Pyribbit\n|-supereffective|p2a: Pyribbit\n|-damage|p2a: Pyribbit|0 fnt\n|faint|p2a: Pyribbit\n|-ability|p1a: Trump's Dream|Beast Boost|boost\n|-boost|p1a: Trump's Dream|def|1\n|\n|-heal|p1a: Trump's Dream|82\/100|[from] item: Leftovers\n|upkeep\n|\n|t:|1699400171\n|switch|p2a: Void Termina|Melmetal|100\/100\n|turn|8\n|\n|t:|1699400189\n|move|p1a: Trump's Dream|Protect|p1a: Trump's Dream\n|-singleturn|p1a: Trump's Dream|Protect\n|move|p2a: Void Termina|Superpower|p1a: Trump's Dream\n|-activate|p1a: Trump's Dream|move: Protect\n|\n|-heal|p1a: Trump's Dream|88\/100|[from] item: Leftovers\n|upkeep\n|turn|9\n|\n|t:|1699400197\n|switch|p1a: Yes Rico...Kaboom|Blacephalon|100\/100\n|-damage|p1a: Yes Rico...Kaboom|88\/100|[from] Spikes\n|move|p2a: Void Termina|Earthquake|p1a: Yes Rico...Kaboom\n|-supereffective|p1a: Yes Rico...Kaboom\n|-damage|p1a: Yes Rico...Kaboom|0 fnt\n|faint|p1a: Yes Rico...Kaboom\n|\n|upkeep\n|\n|t:|1699400205\n|switch|p1a: Its not a moon|Celesteela|100\/100\n|turn|10\n|c|\u2606standardbandard23|that was dum of me to assume you were band\n|\n|t:|1699400215\n|switch|p2a: Magolor|Gholdengo|100\/100\n|move|p1a: Its not a moon|Flamethrower|p2a: Magolor\n|-supereffective|p2a: Magolor\n|-damage|p2a: Magolor|57\/100\n|\n|-heal|p2a: Magolor|63\/100|[from] item: Leftovers\n|upkeep\n|turn|11\n|\n|t:|1699400224\n|-terastallize|p2a: Magolor|Ghost\n|move|p2a: Magolor|Recover|p2a: Magolor\n|-heal|p2a: Magolor|100\/100\n|move|p1a: Its not a moon|Earthquake|p2a: Magolor\n|-damage|p2a: Magolor|77\/100\n|\n|-heal|p2a: Magolor|84\/100|[from] item: Leftovers\n|upkeep\n|turn|12\n|\n|t:|1699400279\n|move|p2a: Magolor|Nasty Plot|p2a: Magolor\n|-boost|p2a: Magolor|spa|2\n|move|p1a: Its not a moon|Flamethrower|p2a: Magolor\n|-damage|p2a: Magolor|62\/100\n|-status|p2a: Magolor|brn\n|\n|-heal|p2a: Magolor|68\/100 brn|[from] item: Leftovers\n|-damage|p2a: Magolor|62\/100 brn|[from] brn\n|upkeep\n|turn|13\n|c|\u2606standardbandard23|well frick\n|\n|t:|1699400289\n|move|p2a: Magolor|Recover|p2a: Magolor\n|-heal|p2a: Magolor|100\/100 brn\n|move|p1a: Its not a moon|Flamethrower|p2a: Magolor\n|-damage|p2a: Magolor|79\/100 brn\n|\n|-heal|p2a: Magolor|85\/100 brn|[from] item: Leftovers\n|-damage|p2a: Magolor|79\/100 brn|[from] brn\n|upkeep\n|turn|14\n|\n|t:|1699400297\n|move|p2a: Magolor|Nasty Plot|p2a: Magolor\n|-boost|p2a: Magolor|spa|2\n|move|p1a: Its not a moon|Flamethrower|p2a: Magolor\n|-damage|p2a: Magolor|58\/100 brn\n|\n|-heal|p2a: Magolor|64\/100 brn|[from] item: Leftovers\n|-damage|p2a: Magolor|58\/100 brn|[from] brn\n|upkeep\n|turn|15\n|\n|t:|1699400337\n|switch|p1a: Scotty|Nihilego|100\/100\n|-damage|p1a: Scotty|88\/100|[from] Spikes\n|move|p2a: Magolor|Recover|p2a: Magolor\n|-heal|p2a: Magolor|100\/100 brn\n|\n|-heal|p1a: Scotty|94\/100|[from] item: Leftovers\n|-damage|p2a: Magolor|94\/100 brn|[from] brn\n|upkeep\n|turn|16\n|\n|t:|1699400348\n|move|p1a: Scotty|Power Gem|p2a: Magolor\n|-damage|p2a: Magolor|60\/100 brn\n|move|p2a: Magolor|Make It Rain|p1a: Scotty\n|-supereffective|p1a: Scotty\n|-damage|p1a: Scotty|0 fnt\n|-unboost|p2a: Magolor|spa|1\n|faint|p1a: Scotty\n|\n|-heal|p2a: Magolor|66\/100 brn|[from] item: Leftovers\n|-damage|p2a: Magolor|60\/100 brn|[from] brn\n|upkeep\n|\n|t:|1699400361\n|switch|p1a: Kilua|Xurkitree|100\/100\n|-damage|p1a: Kilua|88\/100|[from] Spikes\n|turn|17\n|\n|t:|1699400368\n|move|p1a: Kilua|Thunderbolt|p2a: Magolor\n|-damage|p2a: Magolor|0 fnt\n|faint|p2a: Magolor\n|-ability|p1a: Kilua|Beast Boost|boost\n|-boost|p1a: Kilua|spa|1\n|\n|-heal|p1a: Kilua|94\/100|[from] item: Leftovers\n|upkeep\n|\n|t:|1699400375\n|switch|p2a: Void Termina|Melmetal|100\/100\n|turn|18\n|\n|t:|1699400387\n|move|p1a: Kilua|Volt Switch|p2a: Void Termina\n|-damage|p2a: Void Termina|54\/100\n|\n|t:|1699400402\n|switch|p1a: Its not a moon|Celesteela|100\/100|[from] Volt Switch\n|move|p2a: Void Termina|Earthquake|p1a: Its not a moon\n|-immune|p1a: Its not a moon\n|\n|upkeep\n|turn|19\n|\n|t:|1699400409\n|switch|p2a: 02|Ferrothorn, F|27\/100\n|move|p1a: Its not a moon|Flamethrower|p2a: 02\n|-supereffective|p2a: 02\n|-damage|p2a: 02|0 fnt\n|faint|p2a: 02\n|-ability|p1a: Its not a moon|Beast Boost|boost\n|-boost|p1a: Its not a moon|def|1\n|\n|upkeep\n|c|\u2606standardbandard23|no way you break this now\n|c|\u2606SkechiArt|i cant beat this thing tbh\n|\n|t:|1699400433\n|switch|p2a: Meta Knight|Scizor, M|100\/100\n|turn|20\n|\n|t:|1699400437\n|detailschange|p2a: Meta Knight|Scizor-Mega, M\n|-mega|p2a: Meta Knight|Scizor|Scizorite\n|move|p2a: Meta Knight|Swords Dance|p2a: Meta Knight\n|-boost|p2a: Meta Knight|atk|2\n|move|p1a: Its not a moon|Flamethrower|p2a: Meta Knight\n|-supereffective|p2a: Meta Knight\n|-damage|p2a: Meta Knight|17\/100\n|\n|upkeep\n|turn|21\n|\n|t:|1699400445\n|move|p2a: Meta Knight|Bullet Punch|p1a: Its not a moon\n|-resisted|p1a: Its not a moon\n|-damage|p1a: Its not a moon|84\/100\n|move|p1a: Its not a moon|Flamethrower|p2a: Meta Knight\n|-supereffective|p2a: Meta Knight\n|-damage|p2a: Meta Knight|0 fnt\n|faint|p2a: Meta Knight\n|-ability|p1a: Its not a moon|Beast Boost|boost\n|-boost|p1a: Its not a moon|def|1\n|\n|-heal|p1a: Its not a moon|90\/100|[from] item: Leftovers\n|upkeep\n|\n|t:|1699400448\n|switch|p2a: Void Termina|Melmetal|54\/100\n|turn|22\n|-message|SkechiArt forfeited.\n|\n|win|standardbandard23\n|c|\u2606SkechiArt|gg\n|l|\u2606SkechiArt\n","uploadtime":1699400462,"views":6,"p1id":"standardbandard23","p2id":"skechiart","formatid":"gen9nationaldexubers","rating":0,"private":0,"password":""}