{"id":"gen9nationaldexubers-1995628091","p1":"Are En Gee","p2":"Soyeon is a cutie","format":"[Gen 9] National Dex Ubers","log":"|j|\u2606Are En Gee\n|j|\u2606Soyeon is a cutie\n|t:|1700588835\n|gametype|singles\n|player|p1|Are En Gee|zinnia|1704\n|player|p2|Soyeon is a cutie|idol|1915\n|teamsize|p1|6\n|teamsize|p2|6\n|gen|9\n|tier|[Gen 9] National Dex Ubers\n|rated|\n|rule|HP Percentage Mod: HP is shown in percentages\n|rule|Endless Battle Clause: Forcing endless battles is banned\n|rule|OHKO Clause: OHKO moves are banned\n|rule|Evasion Moves Clause: Evasion moves are banned\n|rule|Evasion Items Clause: Evasion items are banned\n|rule|Species Clause: Limit one of each Pok\u00e9mon\n|rule|Sleep Clause Mod: Limit one foe put to sleep\n|rule|Mega Rayquaza Clause: You cannot mega evolve Rayquaza\n|clearpoke\n|poke|p1|Zygarde|\n|poke|p1|Arceus-Water|\n|poke|p1|Scizor, M|\n|poke|p1|Ferrothorn, F|\n|poke|p1|Ho-Oh|\n|poke|p1|Ditto|\n|poke|p2|Groudon|\n|poke|p2|Arceus-Water|\n|poke|p2|Ditto|\n|poke|p2|Necrozma-Dusk-Mane|\n|poke|p2|Magearna|\n|poke|p2|Yveltal|\n|teampreview\n|inactive|Battle timer is ON: inactive players will automatically lose when time's up. (requested by Soyeon is a cutie)\n|\n|t:|1700588850\n|start\n|switch|p1a: Zygarde|Zygarde|100\/100\n|switch|p2a: Groudon|Groudon|100\/100\n|detailschange|p2a: Groudon|Groudon-Primal\n|-primal|p2a: Groudon|Red Orb\n|-weather|DesolateLand|[from] ability: Desolate Land|[of] p2a: Groudon\n|turn|1\n|\n|t:|1700588865\n|-weather|none\n|switch|p2a: Arceus|Arceus-Water|100\/100\n|move|p1a: Zygarde|Thousand Waves|p2a: Arceus\n|-damage|p2a: Arceus|76\/100\n|-activate|p2a: Arceus|trapped\n|\n|upkeep\n|turn|2\n|\n|t:|1700588869\n|switch|p1a: Ferrothorn|Ferrothorn, F|100\/100\n|move|p2a: Arceus|Taunt|p1a: Ferrothorn\n|-start|p1a: Ferrothorn|move: Taunt\n|\n|upkeep\n|turn|3\n|\n|t:|1700588892\n|switch|p1a: Ditto|Ditto|100\/100\n|-transform|p1a: Ditto|p2a: Arceus|[from] ability: Imposter\n|move|p2a: Arceus|Toxic|p1a: Ditto\n|-status|p1a: Ditto|tox\n|\n|-damage|p1a: Ditto|94\/100 tox|[from] psn\n|upkeep\n|turn|4\n|\n|t:|1700588902\n|switch|p1a: Scizor|Scizor, M|100\/100\n|switch|p2a: Necrozma|Necrozma-Dusk-Mane|100\/100\n|\n|upkeep\n|turn|5\n|\n|t:|1700588908\n|detailschange|p1a: Scizor|Scizor-Mega, M\n|-mega|p1a: Scizor|Scizor|Scizorite\n|move|p2a: Necrozma|Stealth Rock|p1a: Scizor\n|-sidestart|p1: Are En Gee|move: Stealth Rock\n|move|p1a: Scizor|U-turn|p2a: Necrozma\n|-damage|p2a: Necrozma|72\/100\n|\n|t:|1700588916\n|switch|p1a: Ho-Oh|Ho-Oh|100\/100|[from] U-turn\n|\n|upkeep\n|turn|6\n|\n|t:|1700588926\n|switch|p2a: Arceus|Arceus-Water|76\/100\n|move|p1a: Ho-Oh|Toxic|p2a: Arceus\n|-status|p2a: Arceus|tox\n|\n|-damage|p2a: Arceus|70\/100 tox|[from] psn\n|upkeep\n|turn|7\n|\n|t:|1700588932\n|move|p2a: Arceus|Taunt|p1a: Ho-Oh\n|-start|p1a: Ho-Oh|move: Taunt\n|cant|p1a: Ho-Oh|move: Taunt|Defog\n|\n|-damage|p2a: Arceus|58\/100 tox|[from] psn\n|upkeep\n|turn|8\n|\n|t:|1700588936\n|move|p2a: Arceus|Recover|p2a: Arceus\n|-heal|p2a: Arceus|100\/100 tox\n|move|p1a: Ho-Oh|Sacred Fire|p2a: Arceus\n|-resisted|p2a: Arceus\n|-damage|p2a: Arceus|87\/100 tox\n|\n|-damage|p2a: Arceus|69\/100 tox|[from] psn\n|upkeep\n|turn|9\n|\n|t:|1700588943\n|switch|p2a: Groudon|Groudon-Primal|100\/100\n|-weather|DesolateLand|[from] ability: Desolate Land|[of] p2a: Groudon\n|switch|p1a: Zygarde|Zygarde|100\/100\n|-damage|p1a: Zygarde|94\/100|[from] Stealth Rock\n|\n|-weather|DesolateLand|[upkeep]\n|-heal|p1a: Zygarde|100\/100|[from] item: Leftovers\n|upkeep\n|turn|10\n|\n|t:|1700588950\n|-weather|none\n|switch|p2a: Yveltal|Yveltal, shiny|100\/100\n|-ability|p2a: Yveltal|Dark Aura\n|move|p1a: Zygarde|Scale Shot|p2a: Yveltal\n|-damage|p2a: Yveltal|95\/100\n|-damage|p2a: Yveltal|89\/100\n|-hitcount|p2a: Yveltal|2\n|-unboost|p1a: Zygarde|def|1\n|-boost|p1a: Zygarde|spe|1\n|\n|upkeep\n|turn|11\n|\n|t:|1700588956\n|move|p1a: Zygarde|Coil|p1a: Zygarde\n|-boost|p1a: Zygarde|atk|1\n|-boost|p1a: Zygarde|def|1\n|-boost|p1a: Zygarde|accuracy|1\n|move|p2a: Yveltal|Toxic|p1a: Zygarde\n|-status|p1a: Zygarde|tox\n|\n|-damage|p1a: Zygarde|94\/100 tox|[from] psn\n|upkeep\n|turn|12\n|\n|t:|1700588962\n|move|p1a: Zygarde|Scale Shot|p2a: Yveltal\n|-damage|p2a: Yveltal|79\/100\n|-damage|p2a: Yveltal|71\/100\n|-damage|p2a: Yveltal|63\/100\n|-hitcount|p2a: Yveltal|3\n|-unboost|p1a: Zygarde|def|1\n|-boost|p1a: Zygarde|spe|1\n|move|p2a: Yveltal|Foul Play|p1a: Zygarde\n|-damage|p1a: Zygarde|24\/100 tox\n|\n|-heal|p1a: Zygarde|30\/100 tox|[from] item: Leftovers\n|-damage|p1a: Zygarde|18\/100 tox|[from] psn\n|-activate|p1a: Zygarde|ability: Power Construct\n|detailschange|p1a: Zygarde|Zygarde-Complete\n|-heal|p1a: Zygarde|48\/100 tox|[silent]\n|upkeep\n|turn|13\n|\n|t:|1700588970\n|switch|p1a: Ho-Oh|Ho-Oh|100\/100\n|move|p2a: Yveltal|U-turn|p1a: Ho-Oh\n|-resisted|p1a: Ho-Oh\n|-damage|p1a: Ho-Oh|97\/100\n|\n|t:|1700588983\n|switch|p2a: Groudon|Groudon-Primal|100\/100|[from] U-turn\n|-weather|DesolateLand|[from] ability: Desolate Land|[of] p2a: Groudon\n|\n|-weather|DesolateLand|[upkeep]\n|upkeep\n|turn|14\n|\n|t:|1700588993\n|switch|p1a: Zygarde|Zygarde-Complete|48\/100 tox\n|-damage|p1a: Zygarde|42\/100 tox|[from] Stealth Rock\n|move|p2a: Groudon|Stone Edge|p1a: Zygarde\n|-resisted|p1a: Zygarde\n|-damage|p1a: Zygarde|33\/100 tox\n|\n|-weather|DesolateLand|[upkeep]\n|-heal|p1a: Zygarde|39\/100 tox|[from] item: Leftovers\n|-damage|p1a: Zygarde|33\/100 tox|[from] psn\n|upkeep\n|turn|15\n|\n|t:|1700589012\n|move|p2a: Groudon|Precipice Blades|p1a: Zygarde\n|-damage|p1a: Zygarde|0 fnt\n|faint|p1a: Zygarde\n|\n|-weather|DesolateLand|[upkeep]\n|upkeep\n|\n|t:|1700589022\n|switch|p1a: Ditto|Ditto|94\/100 tox\n|-damage|p1a: Ditto|82\/100 tox|[from] Stealth Rock\n|-transform|p1a: Ditto|p2a: Groudon|[from] ability: Imposter\n|turn|16\n|\n|t:|1700589037\n|switch|p2a: Arceus|Arceus-Water|69\/100 tox\n|move|p1a: Ditto|Precipice Blades|p2a: Arceus\n|-damage|p2a: Arceus|15\/100 tox\n|\n|-weather|DesolateLand|[upkeep]\n|-damage|p1a: Ditto|76\/100 tox|[from] psn\n|-damage|p2a: Arceus|9\/100 tox|[from] psn\n|upkeep\n|turn|17\n|\n|t:|1700589045\n|switch|p2a: Yveltal|Yveltal, shiny|63\/100\n|-ability|p2a: Yveltal|Dark Aura\n|move|p1a: Ditto|Precipice Blades|p2a: Yveltal\n|-immune|p2a: Yveltal\n|\n|-weather|DesolateLand|[upkeep]\n|-damage|p1a: Ditto|64\/100 tox|[from] psn\n|upkeep\n|turn|18\n|\n|t:|1700589052\n|-weather|none\n|switch|p1a: Scizor|Scizor-Mega, M|100\/100\n|-damage|p1a: Scizor|88\/100|[from] Stealth Rock\n|move|p2a: Yveltal|U-turn|p1a: Scizor\n|-resisted|p1a: Scizor\n|-damage|p1a: Scizor|82\/100\n|\n|t:|1700589057\n|switch|p2a: Magearna|Magearna|100\/100|[from] U-turn\n|\n|upkeep\n|turn|19\n|\n|t:|1700589061\n|move|p2a: Magearna|Heal Bell|p2a: Magearna\n|-activate|p2a: Magearna|move: Heal Bell\n|-curestatus|p2: Arceus|tox|[msg]\n|move|p1a: Scizor|U-turn|p2a: Magearna\n|-resisted|p2a: Magearna\n|-damage|p2a: Magearna|94\/100\n|\n|t:|1700589063\n|switch|p1a: Ferrothorn|Ferrothorn, F|100\/100|[from] U-turn\n|-damage|p1a: Ferrothorn|94\/100|[from] Stealth Rock\n|\n|-heal|p1a: Ferrothorn|100\/100|[from] item: Leftovers\n|upkeep\n|turn|20\n|\n|t:|1700589066\n|switch|p2a: Arceus|Arceus-Water|9\/100\n|move|p1a: Ferrothorn|Spikes|p2a: Arceus\n|-sidestart|p2: Soyeon is a cutie|Spikes\n|\n|upkeep\n|turn|21\n|\n|t:|1700589069\n|move|p2a: Arceus|Taunt|p1a: Ferrothorn\n|-start|p1a: Ferrothorn|move: Taunt\n|cant|p1a: Ferrothorn|move: Taunt|Toxic\n|\n|upkeep\n|turn|22\n|\n|t:|1700589076\n|switch|p1a: Arceus|Arceus-Water|100\/100\n|-damage|p1a: Arceus|88\/100|[from] Stealth Rock\n|move|p2a: Arceus|Recover|p2a: Arceus\n|-heal|p2a: Arceus|59\/100\n|\n|upkeep\n|turn|23\n|\n|t:|1700589085\n|move|p2a: Arceus|Taunt|p1a: Arceus\n|-start|p1a: Arceus|move: Taunt\n|move|p1a: Arceus|Whirlpool|p2a: Arceus|[miss]\n|-miss|p1a: Arceus|p2a: Arceus\n|\n|upkeep\n|turn|24\n|\n|t:|1700589092\n|switch|p1a: Ditto|Ditto|64\/100 tox\n|-damage|p1a: Ditto|52\/100 tox|[from] Stealth Rock\n|-transform|p1a: Ditto|p2a: Arceus|[from] ability: Imposter\n|move|p2a: Arceus|Recover|p2a: Arceus\n|-heal|p2a: Arceus|100\/100\n|\n|-damage|p1a: Ditto|46\/100 tox|[from] psn\n|upkeep\n|turn|25\n|\n|t:|1700589100\n|switch|p2a: Magearna|Magearna|94\/100\n|-damage|p2a: Magearna|82\/100|[from] Spikes\n|move|p1a: Ditto|Recover|p1a: Ditto\n|-heal|p1a: Ditto|96\/100 tox\n|\n|-damage|p1a: Ditto|84\/100 tox|[from] psn\n|upkeep\n|turn|26\n|\n|t:|1700589111\n|switch|p1a: Ferrothorn|Ferrothorn, F|100\/100\n|-damage|p1a: Ferrothorn|94\/100|[from] Stealth Rock\n|switch|p2a: Arceus|Arceus-Water|100\/100\n|-damage|p2a: Arceus|88\/100|[from] Spikes\n|\n|-heal|p1a: Ferrothorn|100\/100|[from] item: Leftovers\n|upkeep\n|turn|27\n|\n|t:|1700589128\n|move|p2a: Arceus|Taunt|p1a: Ferrothorn\n|-start|p1a: Ferrothorn|move: Taunt\n|move|p1a: Ferrothorn|Gyro Ball|p2a: Arceus\n|-resisted|p2a: Arceus\n|-damage|p2a: Arceus|73\/100\n|\n|upkeep\n|turn|28\n|\n|t:|1700589143\n|switch|p1a: Ho-Oh|Ho-Oh|100\/100\n|move|p2a: Arceus|Taunt|p1a: Ho-Oh\n|-start|p1a: Ho-Oh|move: Taunt\n|\n|upkeep\n|turn|29\n|\n|t:|1700589155\n|switch|p1a: Ditto|Ditto|84\/100 tox\n|-damage|p1a: Ditto|71\/100 tox|[from] Stealth Rock\n|-transform|p1a: Ditto|p2a: Arceus|[from] ability: Imposter\n|move|p2a: Arceus|Judgment|p1a: Ditto\n|-resisted|p1a: Ditto\n|-damage|p1a: Ditto|47\/100 tox\n|\n|-damage|p1a: Ditto|41\/100 tox|[from] psn\n|upkeep\n|turn|30\n|\n|t:|1700589164\n|switch|p2a: Yveltal|Yveltal, shiny|63\/100\n|-ability|p2a: Yveltal|Dark Aura\n|move|p1a: Ditto|Taunt|p2a: Yveltal\n|-start|p2a: Yveltal|move: Taunt\n|\n|-damage|p1a: Ditto|29\/100 tox|[from] psn\n|upkeep\n|turn|31\n|\n|t:|1700589174\n|switch|p1a: Scizor|Scizor-Mega, M|82\/100\n|-damage|p1a: Scizor|70\/100|[from] Stealth Rock\n|move|p2a: Yveltal|U-turn|p1a: Scizor\n|-resisted|p1a: Scizor\n|-damage|p1a: Scizor|64\/100\n|\n|t:|1700589184\n|switch|p2a: Groudon|Groudon-Primal|100\/100|[from] U-turn\n|-damage|p2a: Groudon|88\/100|[from] Spikes\n|-weather|DesolateLand|[from] ability: Desolate Land|[of] p2a: Groudon\n|\n|-weather|DesolateLand|[upkeep]\n|upkeep\n|turn|32\n|\n|t:|1700589192\n|move|p2a: Groudon|Precipice Blades|p1a: Scizor\n|-damage|p1a: Scizor|11\/100\n|move|p1a: Scizor|U-turn|p2a: Groudon\n|-resisted|p2a: Groudon\n|-damage|p2a: Groudon|76\/100\n|\n|t:|1700589210\n|switch|p1a: Ho-Oh|Ho-Oh|100\/100|[from] U-turn\n|\n|-weather|DesolateLand|[upkeep]\n|upkeep\n|turn|33\n|\n|t:|1700589214\n|-terastallize|p1a: Ho-Oh|Grass\n|move|p2a: Groudon|Stone Edge|p1a: Ho-Oh|[miss]\n|-miss|p2a: Groudon|p1a: Ho-Oh\n|move|p1a: Ho-Oh|Toxic|p2a: Groudon\n|-status|p2a: Groudon|tox\n|\n|-weather|DesolateLand|[upkeep]\n|-damage|p2a: Groudon|70\/100 tox|[from] psn\n|upkeep\n|turn|34\n|\n|t:|1700589223\n|-weather|none\n|switch|p2a: Yveltal|Yveltal, shiny|63\/100\n|-ability|p2a: Yveltal|Dark Aura\n|switch|p1a: Arceus|Arceus-Water|88\/100\n|-damage|p1a: Arceus|76\/100|[from] Stealth Rock\n|\n|upkeep\n|turn|35\n|\n|t:|1700589229\n|move|p1a: Arceus|Whirlpool|p2a: Yveltal\n|-damage|p2a: Yveltal|51\/100\n|-activate|p2a: Yveltal|move: Whirlpool|[of] p1a: Arceus\n|move|p2a: Yveltal|Toxic|p1a: Arceus\n|-status|p1a: Arceus|tox\n|\n|-damage|p1a: Arceus|70\/100 tox|[from] psn\n|-damage|p2a: Yveltal|38\/100|[from] move: Whirlpool|[partiallytrapped]\n|upkeep\n|turn|36\n|\n|t:|1700589236\n|move|p1a: Arceus|Refresh|p1a: Arceus\n|-curestatus|p1a: Arceus|tox|[msg]\n|move|p2a: Yveltal|Roost|p2a: Yveltal\n|-heal|p2a: Yveltal|88\/100\n|-singleturn|p2a: Yveltal|move: Roost\n|\n|-damage|p2a: Yveltal|76\/100|[from] move: Whirlpool|[partiallytrapped]\n|upkeep\n|turn|37\n|\n|t:|1700589245\n|move|p1a: Arceus|Recover|p1a: Arceus\n|-heal|p1a: Arceus|100\/100\n|move|p2a: Yveltal|U-turn|p1a: Arceus\n|-damage|p1a: Arceus|91\/100\n|\n|t:|1700589250\n|switch|p2a: Arceus|Arceus-Water|73\/100|[from] U-turn\n|-damage|p2a: Arceus|60\/100|[from] Spikes\n|\n|upkeep\n|turn|38\n|\n|t:|1700589256\n|move|p2a: Arceus|Toxic|p1a: Arceus\n|-status|p1a: Arceus|tox\n|move|p1a: Arceus|Whirlpool|p2a: Arceus\n|-resisted|p2a: Arceus\n|-damage|p2a: Arceus|55\/100\n|-activate|p2a: Arceus|move: Whirlpool|[of] p1a: Arceus\n|\n|-damage|p1a: Arceus|85\/100 tox|[from] psn\n|-damage|p2a: Arceus|43\/100|[from] move: Whirlpool|[partiallytrapped]\n|upkeep\n|turn|39\n|\n|t:|1700589265\n|move|p2a: Arceus|Taunt|p1a: Arceus\n|-start|p1a: Arceus|move: Taunt\n|move|p1a: Arceus|Whirlpool|p2a: Arceus\n|-resisted|p2a: Arceus\n|-damage|p2a: Arceus|37\/100\n|\n|-damage|p1a: Arceus|73\/100 tox|[from] psn\n|-damage|p2a: Arceus|24\/100|[from] move: Whirlpool|[partiallytrapped]\n|upkeep\n|turn|40\n|\n|t:|1700589275\n|switch|p1a: Ho-Oh|Ho-Oh, tera:Grass|100\/100\n|move|p2a: Arceus|Recover|p2a: Arceus\n|-heal|p2a: Arceus|74\/100\n|\n|-end|p2a: Arceus|Whirlpool|[partiallytrapped]|[silent]\n|upkeep\n|turn|41\n|\n|t:|1700589281\n|move|p2a: Arceus|Taunt|p1a: Ho-Oh\n|-start|p1a: Ho-Oh|move: Taunt\n|cant|p1a: Ho-Oh|move: Taunt|Whirlwind\n|\n|upkeep\n|turn|42\n|\n|t:|1700589290\n|switch|p1a: Ferrothorn|Ferrothorn, F|100\/100\n|-damage|p1a: Ferrothorn|94\/100|[from] Stealth Rock\n|move|p2a: Arceus|Toxic|p1a: Ferrothorn\n|-immune|p1a: Ferrothorn\n|\n|-heal|p1a: Ferrothorn|100\/100|[from] item: Leftovers\n|upkeep\n|turn|43\n|\n|t:|1700589299\n|move|p2a: Arceus|Taunt|p1a: Ferrothorn\n|-start|p1a: Ferrothorn|move: Taunt\n|cant|p1a: Ferrothorn|move: Taunt|Spikes\n|\n|upkeep\n|turn|44\n|\n|t:|1700589307\n|switch|p1a: Arceus|Arceus-Water|73\/100 tox\n|-damage|p1a: Arceus|60\/100 tox|[from] Stealth Rock\n|move|p2a: Arceus|Judgment|p1a: Arceus\n|-resisted|p1a: Arceus\n|-damage|p1a: Arceus|43\/100 tox\n|\n|-damage|p1a: Arceus|37\/100 tox|[from] psn\n|upkeep\n|turn|45\n|\n|t:|1700589310\n|move|p2a: Arceus|Taunt|p1a: Arceus\n|-start|p1a: Arceus|move: Taunt\n|cant|p1a: Arceus|move: Taunt|Recover\n|\n|-damage|p1a: Arceus|25\/100 tox|[from] psn\n|upkeep\n|turn|46\n|\n|t:|1700589313\n|switch|p1a: Ferrothorn|Ferrothorn, F|100\/100\n|-damage|p1a: Ferrothorn|94\/100|[from] Stealth Rock\n|move|p2a: Arceus|Judgment|p1a: Ferrothorn\n|-resisted|p1a: Ferrothorn\n|-damage|p1a: Ferrothorn|79\/100\n|\n|-heal|p1a: Ferrothorn|85\/100|[from] item: Leftovers\n|upkeep\n|turn|47\n|\n|t:|1700589321\n|move|p2a: Arceus|Taunt|p1a: Ferrothorn\n|-start|p1a: Ferrothorn|move: Taunt\n|cant|p1a: Ferrothorn|move: Taunt|Spikes\n|\n|-heal|p1a: Ferrothorn|91\/100|[from] item: Leftovers\n|upkeep\n|turn|48\n|\n|t:|1700589328\n|move|p2a: Arceus|Judgment|p1a: Ferrothorn\n|-resisted|p1a: Ferrothorn\n|-damage|p1a: Ferrothorn|77\/100\n|move|p1a: Ferrothorn|Gyro Ball|p2a: Arceus\n|-resisted|p2a: Arceus\n|-damage|p2a: Arceus|58\/100\n|\n|-heal|p1a: Ferrothorn|83\/100|[from] item: Leftovers\n|upkeep\n|turn|49\n|\n|t:|1700589334\n|move|p2a: Arceus|Recover|p2a: Arceus\n|-heal|p2a: Arceus|100\/100\n|move|p1a: Ferrothorn|Gyro Ball|p2a: Arceus\n|-resisted|p2a: Arceus\n|-damage|p2a: Arceus|85\/100\n|\n|-heal|p1a: Ferrothorn|89\/100|[from] item: Leftovers\n|-end|p1a: Ferrothorn|move: Taunt\n|upkeep\n|turn|50\n|\n|t:|1700589341\n|move|p2a: Arceus|Taunt|p1a: Ferrothorn\n|-start|p1a: Ferrothorn|move: Taunt\n|cant|p1a: Ferrothorn|move: Taunt|Leech Seed\n|\n|-heal|p1a: Ferrothorn|95\/100|[from] item: Leftovers\n|upkeep\n|turn|51\n|\n|t:|1700589346\n|move|p2a: Arceus|Judgment|p1a: Ferrothorn\n|-resisted|p1a: Ferrothorn\n|-damage|p1a: Ferrothorn|81\/100\n|move|p1a: Ferrothorn|Gyro Ball|p2a: Arceus\n|-resisted|p2a: Arceus\n|-damage|p2a: Arceus|69\/100\n|\n|-heal|p1a: Ferrothorn|87\/100|[from] item: Leftovers\n|upkeep\n|turn|52\n|\n|t:|1700589350\n|switch|p1a: Ho-Oh|Ho-Oh, tera:Grass|100\/100\n|move|p2a: Arceus|Judgment|p1a: Ho-Oh\n|-resisted|p1a: Ho-Oh\n|-damage|p1a: Ho-Oh|88\/100\n|\n|upkeep\n|turn|53\n|\n|t:|1700589357\n|switch|p1a: Ferrothorn|Ferrothorn, F|87\/100\n|-damage|p1a: Ferrothorn|81\/100|[from] Stealth Rock\n|move|p2a: Arceus|Taunt|p1a: Ferrothorn\n|-start|p1a: Ferrothorn|move: Taunt\n|\n|-heal|p1a: Ferrothorn|87\/100|[from] item: Leftovers\n|upkeep\n|turn|54\n|\n|t:|1700589365\n|move|p2a: Arceus|Toxic|p1a: Ferrothorn\n|-immune|p1a: Ferrothorn\n|move|p1a: Ferrothorn|Gyro Ball|p2a: Arceus\n|-resisted|p2a: Arceus\n|-damage|p2a: Arceus|52\/100\n|\n|-heal|p1a: Ferrothorn|93\/100|[from] item: Leftovers\n|upkeep\n|turn|55\n|\n|t:|1700589368\n|switch|p1a: Ho-Oh|Ho-Oh, tera:Grass|100\/100\n|move|p2a: Arceus|Toxic|p1a: Ho-Oh\n|-status|p1a: Ho-Oh|tox\n|\n|-damage|p1a: Ho-Oh|94\/100 tox|[from] psn\n|upkeep\n|turn|56\n|\n|t:|1700589378\n|move|p2a: Arceus|Taunt|p1a: Ho-Oh\n|-start|p1a: Ho-Oh|move: Taunt\n|cant|p1a: Ho-Oh|move: Taunt|Toxic\n|\n|-damage|p1a: Ho-Oh|82\/100 tox|[from] psn\n|upkeep\n|turn|57\n|\n|t:|1700589381\n|switch|p1a: Ferrothorn|Ferrothorn, F|93\/100\n|-damage|p1a: Ferrothorn|87\/100|[from] Stealth Rock\n|move|p2a: Arceus|Recover|p2a: Arceus\n|-heal|p2a: Arceus|100\/100\n|\n|-heal|p1a: Ferrothorn|93\/100|[from] item: Leftovers\n|upkeep\n|turn|58\n|\n|t:|1700589387\n|move|p2a: Arceus|Taunt|p1a: Ferrothorn\n|-start|p1a: Ferrothorn|move: Taunt\n|cant|p1a: Ferrothorn|move: Taunt|Toxic\n|\n|-heal|p1a: Ferrothorn|99\/100|[from] item: Leftovers\n|upkeep\n|turn|59\n|\n|t:|1700589397\n|switch|p1a: Ho-Oh|Ho-Oh, tera:Grass|100\/100 tox\n|move|p2a: Arceus|Judgment|p1a: Ho-Oh\n|-resisted|p1a: Ho-Oh\n|-damage|p1a: Ho-Oh|87\/100 tox\n|\n|-damage|p1a: Ho-Oh|81\/100 tox|[from] psn\n|upkeep\n|turn|60\n|\n|t:|1700589401\n|move|p2a: Arceus|Taunt|p1a: Ho-Oh\n|-start|p1a: Ho-Oh|move: Taunt\n|cant|p1a: Ho-Oh|move: Taunt|Toxic\n|\n|-damage|p1a: Ho-Oh|69\/100 tox|[from] psn\n|upkeep\n|turn|61\n|\n|t:|1700589406\n|switch|p1a: Ferrothorn|Ferrothorn, F|99\/100\n|-damage|p1a: Ferrothorn|93\/100|[from] Stealth Rock\n|move|p2a: Arceus|Taunt|p1a: Ferrothorn\n|-start|p1a: Ferrothorn|move: Taunt\n|\n|-heal|p1a: Ferrothorn|99\/100|[from] item: Leftovers\n|upkeep\n|turn|62\n|\n|t:|1700589412\n|switch|p2a: Magearna|Magearna|82\/100\n|-damage|p2a: Magearna|69\/100|[from] Spikes\n|switch|p1a: Ho-Oh|Ho-Oh, tera:Grass|100\/100 tox\n|\n|-damage|p1a: Ho-Oh|94\/100 tox|[from] psn\n|upkeep\n|turn|63\n|\n|t:|1700589422\n|move|p1a: Ho-Oh|Sacred Fire|p2a: Magearna\n|-supereffective|p2a: Magearna\n|-crit|p2a: Magearna\n|-damage|p2a: Magearna|0 fnt\n|faint|p2a: Magearna\n|\n|-damage|p1a: Ho-Oh|82\/100 tox|[from] psn\n|upkeep\n|\n|t:|1700589429\n|switch|p2a: Ditto|Ditto, shiny|100\/100\n|-damage|p2a: Ditto|88\/100|[from] Spikes\n|-transform|p2a: Ditto|p1a: Ho-Oh|[from] ability: Imposter\n|turn|64\n|\n|t:|1700589443\n|switch|p1a: Scizor|Scizor-Mega, M|11\/100\n|-damage|p1a: Scizor|0 fnt|[from] Stealth Rock\n|faint|p1a: Scizor\n|move|p2a: Ditto|Sacred Fire|p1: Scizor|[notarget]\n|-fail|p2a: Ditto\n|\n|upkeep\n|\n|t:|1700589454\n|switch|p1a: Arceus|Arceus-Water|25\/100 tox\n|-damage|p1a: Arceus|12\/100 tox|[from] Stealth Rock\n|turn|65\n|\n|t:|1700589458\n|move|p2a: Ditto|Sacred Fire|p1a: Arceus\n|-resisted|p1a: Arceus\n|-damage|p1a: Arceus|1\/100 tox\n|move|p1a: Arceus|Recover|p1a: Arceus\n|-heal|p1a: Arceus|51\/100 tox\n|\n|-damage|p1a: Arceus|45\/100 tox|[from] psn\n|upkeep\n|turn|66\n|\n|t:|1700589463\n|switch|p2a: Yveltal|Yveltal, shiny|76\/100\n|-ability|p2a: Yveltal|Dark Aura\n|move|p1a: Arceus|Refresh|p1a: Arceus\n|-curestatus|p1a: Arceus|tox|[msg]\n|\n|upkeep\n|turn|67\n|\n|t:|1700589470\n|move|p1a: Arceus|Recover|p1a: Arceus\n|-heal|p1a: Arceus|95\/100\n|move|p2a: Yveltal|Foul Play|p1a: Arceus\n|-damage|p1a: Arceus|74\/100\n|\n|upkeep\n|turn|68\n|\n|t:|1700589476\n|switch|p1a: Ho-Oh|Ho-Oh, tera:Grass|100\/100 tox\n|move|p2a: Yveltal|Toxic|p1a: Ho-Oh\n|-fail|p1a: Ho-Oh|tox\n|\n|-damage|p1a: Ho-Oh|94\/100 tox|[from] psn\n|upkeep\n|turn|69\n|\n|t:|1700589481\n|move|p2a: Yveltal|U-turn|p1a: Ho-Oh\n|-supereffective|p1a: Ho-Oh\n|-damage|p1a: Ho-Oh|67\/100 tox\n|\n|t:|1700589484\n|switch|p2a: Groudon|Groudon-Primal|70\/100 tox|[from] U-turn\n|-damage|p2a: Groudon|58\/100 tox|[from] Spikes\n|-weather|DesolateLand|[from] ability: Desolate Land|[of] p2a: Groudon\n|move|p1a: Ho-Oh|Toxic|p2a: Groudon\n|-fail|p2a: Groudon|tox\n|\n|-weather|DesolateLand|[upkeep]\n|-damage|p2a: Groudon|52\/100 tox|[from] psn\n|-damage|p1a: Ho-Oh|55\/100 tox|[from] psn\n|upkeep\n|turn|70\n|\n|t:|1700589490\n|switch|p1a: Arceus|Arceus-Water|74\/100\n|-damage|p1a: Arceus|62\/100|[from] Stealth Rock\n|move|p2a: Groudon|Heat Crash|p1a: Arceus\n|-resisted|p1a: Arceus\n|-damage|p1a: Arceus|41\/100\n|\n|-weather|DesolateLand|[upkeep]\n|-damage|p2a: Groudon|39\/100 tox|[from] psn\n|upkeep\n|turn|71\n|\n|t:|1700589495\n|move|p1a: Arceus|Recover|p1a: Arceus\n|-heal|p1a: Arceus|91\/100\n|move|p2a: Groudon|Precipice Blades|p1a: Arceus\n|-damage|p1a: Arceus|44\/100\n|\n|-weather|DesolateLand|[upkeep]\n|-damage|p2a: Groudon|21\/100 tox|[from] psn\n|upkeep\n|turn|72\n|\n|t:|1700589502\n|-weather|none\n|switch|p2a: Arceus|Arceus-Water|100\/100\n|-damage|p2a: Arceus|88\/100|[from] Spikes\n|move|p1a: Arceus|Recover|p1a: Arceus\n|-heal|p1a: Arceus|94\/100\n|\n|upkeep\n|turn|73\n|\n|t:|1700589508\n|switch|p1a: Ferrothorn|Ferrothorn, F|99\/100\n|-damage|p1a: Ferrothorn|93\/100|[from] Stealth Rock\n|move|p2a: Arceus|Toxic|p1a: Ferrothorn\n|-immune|p1a: Ferrothorn\n|\n|-heal|p1a: Ferrothorn|99\/100|[from] item: Leftovers\n|upkeep\n|turn|74\n|\n|t:|1700589515\n|move|p2a: Arceus|Taunt|p1a: Ferrothorn\n|-start|p1a: Ferrothorn|move: Taunt\n|cant|p1a: Ferrothorn|move: Taunt|Leech Seed\n|\n|-heal|p1a: Ferrothorn|100\/100|[from] item: Leftovers\n|upkeep\n|turn|75\n|\n|t:|1700589528\n|switch|p2a: Necrozma|Necrozma-Dusk-Mane|72\/100\n|-damage|p2a: Necrozma|59\/100|[from] Spikes\n|move|p1a: Ferrothorn|Gyro Ball|p2a: Necrozma\n|-resisted|p2a: Necrozma\n|-damage|p2a: Necrozma|40\/100\n|\n|upkeep\n|turn|76\n|\n|t:|1700589533\n|switch|p2a: Arceus|Arceus-Water|88\/100\n|-damage|p2a: Arceus|76\/100|[from] Spikes\n|switch|p1a: Ho-Oh|Ho-Oh, tera:Grass|89\/100 tox\n|\n|-damage|p1a: Ho-Oh|83\/100 tox|[from] psn\n|upkeep\n|turn|77\n|\n|t:|1700589546\n|move|p2a: Arceus|Taunt|p1a: Ho-Oh\n|-start|p1a: Ho-Oh|move: Taunt\n|cant|p1a: Ho-Oh|move: Taunt|Toxic\n|\n|-damage|p1a: Ho-Oh|71\/100 tox|[from] psn\n|upkeep\n|turn|78\n|\n|t:|1700589554\n|switch|p2a: Ditto|Ditto, shiny|100\/100\n|-damage|p2a: Ditto|88\/100|[from] Spikes\n|-transform|p2a: Ditto|p1a: Ho-Oh|[from] ability: Imposter\n|switch|p1a: Arceus|Arceus-Water|94\/100\n|-damage|p1a: Arceus|82\/100|[from] Stealth Rock\n|\n|upkeep\n|turn|79\n|\n|t:|1700589559\n|move|p2a: Ditto|Toxic|p1a: Arceus\n|-status|p1a: Arceus|tox\n|move|p1a: Arceus|Whirlpool|p2a: Ditto\n|-supereffective|p2a: Ditto\n|-damage|p2a: Ditto|63\/100\n|-activate|p2a: Ditto|move: Whirlpool|[of] p1a: Arceus\n|\n|-damage|p1a: Arceus|75\/100 tox|[from] psn\n|-damage|p2a: Ditto|51\/100|[from] move: Whirlpool|[partiallytrapped]\n|upkeep\n|turn|80\n|\n|t:|1700589575\n|move|p2a: Ditto|Toxic|p1a: Arceus|[miss]\n|-miss|p2a: Ditto|p1a: Arceus\n|move|p1a: Arceus|Perish Song|p1a: Arceus\n|-start|p1a: Arceus|perish3|[silent]\n|-start|p2a: Ditto|perish3|[silent]\n|-fieldactivate|move: Perish Song\n|\n|-damage|p1a: Arceus|63\/100 tox|[from] psn\n|-damage|p2a: Ditto|39\/100|[from] move: Whirlpool|[partiallytrapped]\n|-start|p2a: Ditto|perish3\n|-start|p1a: Arceus|perish3\n|upkeep\n|turn|81\n|\n|t:|1700589581\n|move|p2a: Ditto|Toxic|p1a: Arceus\n|-fail|p1a: Arceus|tox\n|move|p1a: Arceus|Recover|p1a: Arceus\n|-heal|p1a: Arceus|100\/100 tox\n|\n|-damage|p1a: Arceus|82\/100 tox|[from] psn\n|-damage|p2a: Ditto|26\/100|[from] move: Whirlpool|[partiallytrapped]\n|-start|p2a: Ditto|perish2\n|-start|p1a: Arceus|perish2\n|upkeep\n|turn|82\n|\n|t:|1700589584\n|move|p2a: Ditto|Toxic|p1a: Arceus|[miss]\n|-miss|p2a: Ditto|p1a: Arceus\n|move|p1a: Arceus|Refresh|p1a: Arceus\n|-curestatus|p1a: Arceus|tox|[msg]\n|\n|-damage|p2a: Ditto|14\/100|[from] move: Whirlpool|[partiallytrapped]\n|-start|p2a: Ditto|perish1\n|-start|p1a: Arceus|perish1\n|upkeep\n|turn|83\n|\n|t:|1700589589\n|switch|p1a: Ferrothorn|Ferrothorn, F|100\/100\n|-damage|p1a: Ferrothorn|94\/100|[from] Stealth Rock\n|move|p2a: Ditto|Toxic|p1a: Ferrothorn\n|-immune|p1a: Ferrothorn\n|\n|-heal|p1a: Ferrothorn|100\/100|[from] item: Leftovers\n|-end|p2a: Ditto|Whirlpool|[partiallytrapped]|[silent]\n|-start|p2a: Ditto|perish0\n|upkeep\n|faint|p2a: Ditto\n|\n|t:|1700589600\n|switch|p2a: Arceus|Arceus-Water|76\/100\n|-damage|p2a: Arceus|63\/100|[from] Spikes\n|turn|84\n|\n|t:|1700589608\n|move|p2a: Arceus|Taunt|p1a: Ferrothorn\n|-start|p1a: Ferrothorn|move: Taunt\n|cant|p1a: Ferrothorn|move: Taunt|Leech Seed\n|\n|upkeep\n|turn|85\n|\n|t:|1700589615\n|switch|p2a: Groudon|Groudon-Primal|21\/100 tox\n|-damage|p2a: Groudon|8\/100 tox|[from] Spikes\n|-weather|DesolateLand|[from] ability: Desolate Land|[of] p2a: Groudon\n|switch|p1a: Ho-Oh|Ho-Oh, tera:Grass|100\/100 tox\n|\n|-weather|DesolateLand|[upkeep]\n|-damage|p2a: Groudon|2\/100 tox|[from] psn\n|-damage|p1a: Ho-Oh|94\/100 tox|[from] psn\n|upkeep\n|turn|86\n|\n|t:|1700589620\n|switch|p1a: Arceus|Arceus-Water|82\/100\n|-damage|p1a: Arceus|70\/100|[from] Stealth Rock\n|move|p2a: Groudon|Precipice Blades|p1a: Arceus\n|-damage|p1a: Arceus|24\/100\n|\n|-weather|DesolateLand|[upkeep]\n|-damage|p2a: Groudon|0 fnt|[from] psn\n|faint|p2a: Groudon\n|-weather|none\n|upkeep\n|\n|t:|1700589623\n|switch|p2a: Necrozma|Necrozma-Dusk-Mane|40\/100\n|-damage|p2a: Necrozma|28\/100|[from] Spikes\n|turn|87\n|\n|t:|1700589627\n|detailschange|p2a: Necrozma|Necrozma-Ultra\n|-burst|p2a: Necrozma|Necrozma|Ultranecrozium Z\n|move|p2a: Necrozma|Photon Geyser|p1a: Arceus\n|-damage|p1a: Arceus|0 fnt\n|faint|p1a: Arceus\n|\n|upkeep\n|\n|t:|1700589637\n|switch|p1a: Ferrothorn|Ferrothorn, F|100\/100\n|-damage|p1a: Ferrothorn|94\/100|[from] Stealth Rock\n|turn|88\n|\n|t:|1700589650\n|move|p2a: Necrozma|Earth Power|p1a: Ferrothorn\n|-damage|p1a: Ferrothorn|71\/100\n|move|p1a: Ferrothorn|Toxic|p2a: Necrozma\n|-status|p2a: Necrozma|tox\n|\n|-heal|p1a: Ferrothorn|77\/100|[from] item: Leftovers\n|-damage|p2a: Necrozma|21\/100 tox|[from] psn\n|upkeep\n|turn|89\n|\n|t:|1700589655\n|-zpower|p2a: Necrozma\n|move|p2a: Necrozma|Light That Burns the Sky|p1a: Ferrothorn|[zeffect]\n|-resisted|p1a: Ferrothorn\n|-damage|p1a: Ferrothorn|41\/100\n|move|p1a: Ferrothorn|Leech Seed|p2a: Necrozma\n|-start|p2a: Necrozma|move: Leech Seed\n|\n|-heal|p1a: Ferrothorn|47\/100|[from] item: Leftovers\n|-damage|p2a: Necrozma|9\/100 tox|[from] Leech Seed|[of] p1a: Ferrothorn\n|-heal|p1a: Ferrothorn|59\/100|[silent]\n|-damage|p2a: Necrozma|0 fnt|[from] psn\n|faint|p2a: Necrozma\n|upkeep\n|\n|t:|1700589662\n|switch|p2a: Arceus|Arceus-Water|63\/100\n|-damage|p2a: Arceus|51\/100|[from] Spikes\n|turn|90\n|\n|t:|1700589665\n|move|p2a: Arceus|Taunt|p1a: Ferrothorn\n|-start|p1a: Ferrothorn|move: Taunt\n|cant|p1a: Ferrothorn|move: Taunt|Leech Seed\n|\n|-heal|p1a: Ferrothorn|65\/100|[from] item: Leftovers\n|upkeep\n|turn|91\n|\n|t:|1700589669\n|switch|p1a: Ho-Oh|Ho-Oh, tera:Grass|100\/100 tox\n|move|p2a: Arceus|Recover|p2a: Arceus\n|-heal|p2a: Arceus|100\/100\n|\n|-damage|p1a: Ho-Oh|94\/100 tox|[from] psn\n|upkeep\n|turn|92\n|\n|t:|1700589673\n|move|p2a: Arceus|Taunt|p1a: Ho-Oh\n|-start|p1a: Ho-Oh|move: Taunt\n|cant|p1a: Ho-Oh|move: Taunt|Toxic\n|\n|-damage|p1a: Ho-Oh|82\/100 tox|[from] psn\n|upkeep\n|turn|93\n|\n|t:|1700589679\n|switch|p1a: Ferrothorn|Ferrothorn, F|65\/100\n|-damage|p1a: Ferrothorn|59\/100|[from] Stealth Rock\n|move|p2a: Arceus|Judgment|p1a: Ferrothorn\n|-resisted|p1a: Ferrothorn\n|-damage|p1a: Ferrothorn|44\/100\n|\n|-heal|p1a: Ferrothorn|50\/100|[from] item: Leftovers\n|upkeep\n|turn|94\n|\n|t:|1700589686\n|move|p2a: Arceus|Taunt|p1a: Ferrothorn\n|-start|p1a: Ferrothorn|move: Taunt\n|cant|p1a: Ferrothorn|move: Taunt|Leech Seed\n|\n|-heal|p1a: Ferrothorn|56\/100|[from] item: Leftovers\n|upkeep\n|turn|95\n|\n|t:|1700589690\n|switch|p2a: Yveltal|Yveltal, shiny|76\/100\n|-ability|p2a: Yveltal|Dark Aura\n|switch|p1a: Ho-Oh|Ho-Oh, tera:Grass|100\/100 tox\n|\n|-damage|p1a: Ho-Oh|94\/100 tox|[from] psn\n|upkeep\n|turn|96\n|\n|t:|1700589696\n|move|p2a: Yveltal|Foul Play|p1a: Ho-Oh\n|-damage|p1a: Ho-Oh|60\/100 tox\n|move|p1a: Ho-Oh|Toxic|p2a: Yveltal\n|-status|p2a: Yveltal|tox\n|\n|-damage|p2a: Yveltal|70\/100 tox|[from] psn\n|-damage|p1a: Ho-Oh|48\/100 tox|[from] psn\n|upkeep\n|turn|97\n|\n|t:|1700589702\n|switch|p1a: Ferrothorn|Ferrothorn, F|56\/100\n|-damage|p1a: Ferrothorn|50\/100|[from] Stealth Rock\n|move|p2a: Yveltal|Foul Play|p1a: Ferrothorn\n|-damage|p1a: Ferrothorn|20\/100\n|-damage|p2a: Yveltal|57\/100 tox|[from] ability: Iron Barbs|[of] p1a: Ferrothorn\n|\n|-heal|p1a: Ferrothorn|26\/100|[from] item: Leftovers\n|-damage|p2a: Yveltal|45\/100 tox|[from] psn\n|upkeep\n|turn|98\n|\n|t:|1700589707\n|switch|p1a: Ho-Oh|Ho-Oh, tera:Grass|81\/100 tox\n|move|p2a: Yveltal|Foul Play|p1a: Ho-Oh\n|-damage|p1a: Ho-Oh|48\/100 tox\n|\n|-damage|p2a: Yveltal|26\/100 tox|[from] psn\n|-damage|p1a: Ho-Oh|42\/100 tox|[from] psn\n|upkeep\n|turn|99\n|\n|t:|1700589722\n|switch|p1a: Ferrothorn|Ferrothorn, F|26\/100\n|-damage|p1a: Ferrothorn|20\/100|[from] Stealth Rock\n|move|p2a: Yveltal|Roost|p2a: Yveltal\n|-heal|p2a: Yveltal|76\/100 tox\n|-singleturn|p2a: Yveltal|move: Roost\n|\n|-heal|p1a: Ferrothorn|26\/100|[from] item: Leftovers\n|-damage|p2a: Yveltal|52\/100 tox|[from] psn\n|upkeep\n|turn|100\n|\n|t:|1700589733\n|switch|p1a: Ho-Oh|Ho-Oh, tera:Grass|75\/100 tox\n|move|p2a: Yveltal|Foul Play|p1a: Ho-Oh\n|-damage|p1a: Ho-Oh|39\/100 tox\n|\n|-damage|p2a: Yveltal|21\/100 tox|[from] psn\n|-damage|p1a: Ho-Oh|33\/100 tox|[from] psn\n|upkeep\n|turn|101\n|\n|t:|1700589736\n|switch|p2a: Arceus|Arceus-Water|100\/100\n|-damage|p2a: Arceus|88\/100|[from] Spikes\n|switch|p1a: Ferrothorn|Ferrothorn, F|26\/100\n|-damage|p1a: Ferrothorn|20\/100|[from] Stealth Rock\n|\n|-heal|p1a: Ferrothorn|26\/100|[from] item: Leftovers\n|upkeep\n|turn|102\n|\n|t:|1700589749\n|move|p2a: Arceus|Taunt|p1a: Ferrothorn\n|-start|p1a: Ferrothorn|move: Taunt\n|cant|p1a: Ferrothorn|move: Taunt|Leech Seed\n|\n|-heal|p1a: Ferrothorn|33\/100|[from] item: Leftovers\n|upkeep\n|turn|103\n|inactive|Are En Gee has 120 seconds left.\n|\n|t:|1700589785\n|switch|p1a: Ho-Oh|Ho-Oh, tera:Grass|67\/100 tox\n|move|p2a: Arceus|Judgment|p1a: Ho-Oh\n|-resisted|p1a: Ho-Oh\n|-damage|p1a: Ho-Oh|52\/100 tox\n|\n|-damage|p1a: Ho-Oh|46\/100 tox|[from] psn\n|upkeep\n|turn|104\n|\n|t:|1700589800\n|switch|p1a: Ditto|Ditto|29\/100 tox\n|-damage|p1a: Ditto|16\/100 tox|[from] Stealth Rock\n|-transform|p1a: Ditto|p2a: Arceus|[from] ability: Imposter\n|move|p2a: Arceus|Taunt|p1a: Ditto\n|-start|p1a: Ditto|move: Taunt\n|\n|-damage|p1a: Ditto|10\/100 tox|[from] psn\n|upkeep\n|turn|105\n|\n|t:|1700589809\n|switch|p1a: Ho-Oh|Ho-Oh, tera:Grass|80\/100 tox\n|switch|p2a: Yveltal|Yveltal, shiny|21\/100 tox\n|-ability|p2a: Yveltal|Dark Aura\n|\n|-damage|p2a: Yveltal|15\/100 tox|[from] psn\n|-damage|p1a: Ho-Oh|74\/100 tox|[from] psn\n|upkeep\n|turn|106\n|\n|t:|1700589818\n|move|p2a: Yveltal|Roost|p2a: Yveltal\n|-heal|p2a: Yveltal|65\/100 tox\n|-singleturn|p2a: Yveltal|move: Roost\n|move|p1a: Ho-Oh|Defog|p2a: Yveltal\n|-unboost|p2a: Yveltal|evasion|1\n|-sideend|p2: Soyeon is a cutie|Spikes|[from] move: Defog|[of] p1a: Ho-Oh\n|-sideend|p1: Are En Gee|Stealth Rock|[from] move: Defog|[of] p1a: Ho-Oh\n|\n|-damage|p2a: Yveltal|53\/100 tox|[from] psn\n|-damage|p1a: Ho-Oh|61\/100 tox|[from] psn\n|upkeep\n|turn|107\n|\n|t:|1700589823\n|move|p2a: Yveltal|Foul Play|p1a: Ho-Oh\n|-damage|p1a: Ho-Oh|28\/100 tox\n|move|p1a: Ho-Oh|Sacred Fire|p2a: Yveltal\n|-damage|p2a: Yveltal|29\/100 tox\n|\n|-damage|p2a: Yveltal|10\/100 tox|[from] psn\n|-damage|p1a: Ho-Oh|10\/100 tox|[from] psn\n|upkeep\n|turn|108\n|\n|t:|1700589834\n|switch|p1a: Ferrothorn|Ferrothorn, F|33\/100\n|move|p2a: Yveltal|Foul Play|p1a: Ferrothorn\n|-damage|p1a: Ferrothorn|0 fnt\n|-damage|p2a: Yveltal|0 fnt|[from] ability: Iron Barbs|[of] p1a: Ferrothorn\n|faint|p1a: Ferrothorn\n|faint|p2a: Yveltal\n|\n|upkeep\n|inactive|Are En Gee has 90 seconds left.\n|\n|t:|1700589848\n|switch|p2a: Arceus|Arceus-Water|88\/100\n|switch|p1a: Ditto|Ditto|10\/100 tox\n|-transform|p1a: Ditto|p2a: Arceus|[from] ability: Imposter\n|turn|109\n|inactive|Are En Gee has 90 seconds left.\n|\n|t:|1700589854\n|move|p1a: Ditto|Recover|p1a: Ditto\n|-heal|p1a: Ditto|60\/100 tox\n|move|p2a: Arceus|Judgment|p1a: Ditto\n|-resisted|p1a: Ditto\n|-damage|p1a: Ditto|39\/100 tox\n|\n|-damage|p1a: Ditto|33\/100 tox|[from] psn\n|upkeep\n|turn|110\n|\n|t:|1700589859\n|move|p1a: Ditto|Recover|p1a: Ditto\n|-heal|p1a: Ditto|83\/100 tox\n|move|p2a: Arceus|Judgment|p1a: Ditto\n|-resisted|p1a: Ditto\n|-damage|p1a: Ditto|60\/100 tox\n|\n|-damage|p1a: Ditto|48\/100 tox|[from] psn\n|upkeep\n|turn|111\n|\n|t:|1700589864\n|move|p1a: Ditto|Recover|p1a: Ditto\n|-heal|p1a: Ditto|98\/100 tox\n|move|p2a: Arceus|Taunt|p1a: Ditto\n|-start|p1a: Ditto|move: Taunt\n|\n|-damage|p1a: Ditto|80\/100 tox|[from] psn\n|upkeep\n|turn|112\n|\n|t:|1700589868\n|switch|p1a: Ho-Oh|Ho-Oh, tera:Grass|43\/100 tox\n|move|p2a: Arceus|Taunt|p1a: Ho-Oh\n|-start|p1a: Ho-Oh|move: Taunt\n|\n|-damage|p1a: Ho-Oh|37\/100 tox|[from] psn\n|upkeep\n|turn|113\n|\n|t:|1700589873\n|switch|p1a: Ditto|Ditto|80\/100 tox\n|-transform|p1a: Ditto|p2a: Arceus|[from] ability: Imposter\n|move|p2a: Arceus|Judgment|p1a: Ditto\n|-resisted|p1a: Ditto\n|-damage|p1a: Ditto|56\/100 tox\n|\n|-damage|p1a: Ditto|50\/100 tox|[from] psn\n|upkeep\n|turn|114\n|\n|t:|1700589877\n|move|p1a: Ditto|Recover|p1a: Ditto\n|-heal|p1a: Ditto|99\/100 tox\n|move|p2a: Arceus|Taunt|p1a: Ditto\n|-start|p1a: Ditto|move: Taunt\n|\n|-damage|p1a: Ditto|88\/100 tox|[from] psn\n|upkeep\n|turn|115\n|\n|t:|1700589880\n|switch|p1a: Ho-Oh|Ho-Oh, tera:Grass|71\/100 tox\n|move|p2a: Arceus|Toxic|p1a: Ho-Oh\n|-fail|p1a: Ho-Oh|tox\n|\n|-damage|p1a: Ho-Oh|65\/100 tox|[from] psn\n|upkeep\n|turn|116\n|\n|t:|1700589883\n|switch|p1a: Ditto|Ditto|88\/100 tox\n|-transform|p1a: Ditto|p2a: Arceus|[from] ability: Imposter\n|move|p2a: Arceus|Toxic|p1a: Ditto\n|-fail|p1a: Ditto|tox\n|\n|-damage|p1a: Ditto|82\/100 tox|[from] psn\n|upkeep\n|turn|117\n|\n|t:|1700589886\n|move|p1a: Ditto|Recover|p1a: Ditto\n|-heal|p1a: Ditto|100\/100 tox\n|move|p2a: Arceus|Toxic|p1a: Ditto\n|-fail|p1a: Ditto|tox\n|\n|-damage|p1a: Ditto|88\/100 tox|[from] psn\n|upkeep\n|turn|118\n|\n|t:|1700589890\n|move|p1a: Ditto|Recover|p1a: Ditto\n|-heal|p1a: Ditto|100\/100 tox\n|move|p2a: Arceus|Toxic|p1a: Ditto\n|-fail|p1a: Ditto|tox\n|\n|-damage|p1a: Ditto|82\/100 tox|[from] psn\n|upkeep\n|turn|119\n|\n|t:|1700589893\n|move|p1a: Ditto|Recover|p1a: Ditto\n|-heal|p1a: Ditto|100\/100 tox\n|move|p2a: Arceus|Toxic|p1a: Ditto\n|-fail|p1a: Ditto|tox\n|\n|-damage|p1a: Ditto|76\/100 tox|[from] psn\n|upkeep\n|turn|120\n|-message|Soyeon is a cutie forfeited.\n|\n|win|Are En Gee\n|raw|Are En Gee's rating: 1704 &rarr; <strong>1735<\/strong><br \/>(+31 for winning)\n|raw|Soyeon is a cutie's rating: 1915 &rarr; <strong>1884<\/strong><br \/>(-31 for losing)\n|l|\u2606Soyeon is a cutie\n","uploadtime":1700589904,"views":13,"p1id":"areengee","p2id":"soyeonisacutie","formatid":"gen9nationaldexubers","rating":1735,"private":0,"password":""}