{"id":"gen9nationaldexubers-2000075585","p1":"Th3Soci3ty","p2":"dfgfgfg","format":"[Gen 9] National Dex Ubers","log":"|j|\u2606Th3Soci3ty\n|j|\u2606dfgfgfg\n|t:|1701150225\n|gametype|singles\n|player|p1|Th3Soci3ty|veteranf|1114\n|player|p2|dfgfgfg|169|1056\n|teamsize|p1|6\n|teamsize|p2|6\n|gen|9\n|tier|[Gen 9] National Dex Ubers\n|rated|\n|rule|HP Percentage Mod: HP is shown in percentages\n|rule|Endless Battle Clause: Forcing endless battles is banned\n|rule|OHKO Clause: OHKO moves are banned\n|rule|Evasion Moves Clause: Evasion moves are banned\n|rule|Evasion Items Clause: Evasion items are banned\n|rule|Species Clause: Limit one of each Pok\u00e9mon\n|rule|Sleep Clause Mod: Limit one foe put to sleep\n|rule|Mega Rayquaza Clause: You cannot mega evolve Rayquaza\n|clearpoke\n|poke|p1|Glimmora, F|\n|poke|p1|Sneasler, F|\n|poke|p1|Dusclops, F|\n|poke|p1|Garganacl, F|\n|poke|p1|Noivern, M|\n|poke|p1|Mamoswine, M|\n|poke|p2|Morpeko, M|\n|poke|p2|Yanmega, M|\n|poke|p2|Rotom-Wash|\n|poke|p2|Dragapult, M|\n|poke|p2|Cinderace, F|\n|poke|p2|Smeargle, F|\n|teampreview\n|\n|t:|1701150231\n|start\n|switch|p1a: Glimmora|Glimmora, F|100\/100\n|switch|p2a: Smeargle|Smeargle, F|100\/100\n|turn|1\n|\n|t:|1701150237\n|move|p2a: Smeargle|Sticky Web|p1a: Glimmora\n|-sidestart|p1: Th3Soci3ty|move: Sticky Web\n|move|p1a: Glimmora|Stealth Rock|p2a: Smeargle\n|-sidestart|p2: dfgfgfg|move: Stealth Rock\n|\n|-ability|p2a: Smeargle|Moody|boost\n|-boost|p2a: Smeargle|spa|2\n|-unboost|p2a: Smeargle|spd|1\n|upkeep\n|turn|2\n|\n|t:|1701150243\n|move|p2a: Smeargle|Stealth Rock|p1a: Glimmora\n|-sidestart|p1: Th3Soci3ty|move: Stealth Rock\n|move|p1a: Glimmora|Mortal Spin|p2a: Smeargle\n|-damage|p2a: Smeargle|88\/100\n|-status|p2a: Smeargle|psn\n|-sideend|p1: Th3Soci3ty|Stealth Rock|[from] move: Mortal Spin|[of] p1a: Glimmora\n|-sideend|p1: Th3Soci3ty|Sticky Web|[from] move: Mortal Spin|[of] p1a: Glimmora\n|\n|-damage|p2a: Smeargle|76\/100 psn|[from] psn\n|-ability|p2a: Smeargle|Moody|boost\n|-boost|p2a: Smeargle|spd|2\n|-unboost|p2a: Smeargle|def|1\n|upkeep\n|turn|3\n|\n|t:|1701150260\n|move|p2a: Smeargle|Will-O-Wisp|p1a: Glimmora\n|-status|p1a: Glimmora|brn\n|move|p1a: Glimmora|Mortal Spin|p2a: Smeargle\n|-damage|p2a: Smeargle|68\/100 psn\n|\n|-damage|p2a: Smeargle|55\/100 psn|[from] psn\n|-damage|p1a: Glimmora|94\/100 brn|[from] brn\n|-ability|p2a: Smeargle|Moody|boost\n|-boost|p2a: Smeargle|def|2\n|-unboost|p2a: Smeargle|atk|1\n|upkeep\n|turn|4\n|\n|t:|1701150272\n|move|p2a: Smeargle|Sticky Web|p1a: Glimmora\n|-sidestart|p1: Th3Soci3ty|move: Sticky Web\n|move|p1a: Glimmora|Earth Power|p2a: Smeargle\n|-damage|p2a: Smeargle|0 fnt\n|faint|p2a: Smeargle\n|\n|-damage|p1a: Glimmora|88\/100 brn|[from] brn\n|upkeep\n|\n|t:|1701150288\n|switch|p2a: Cinderace|Cinderace, F|100\/100\n|-damage|p2a: Cinderace|76\/100|[from] Stealth Rock\n|turn|5\n|\n|t:|1701150301\n|move|p2a: Cinderace|Pyro Ball|p1a: Glimmora\n|-resisted|p1a: Glimmora\n|-damage|p1a: Glimmora|37\/100 brn\n|-activate|p1a: Glimmora|ability: Toxic Debris\n|-sidestart|p2: dfgfgfg|move: Toxic Spikes\n|move|p1a: Glimmora|Earth Power|p2a: Cinderace\n|-supereffective|p2a: Cinderace\n|-damage|p2a: Cinderace|0 fnt\n|faint|p2a: Cinderace\n|\n|-damage|p1a: Glimmora|30\/100 brn|[from] brn\n|upkeep\n|\n|t:|1701150315\n|switch|p2a: Yanmega|Yanmega, M, shiny|100\/100\n|-damage|p2a: Yanmega|50\/100|[from] Stealth Rock\n|turn|6\n|\n|t:|1701150322\n|move|p2a: Yanmega|Bug Buzz|p1a: Glimmora\n|-resisted|p1a: Glimmora\n|-damage|p1a: Glimmora|0 fnt\n|faint|p1a: Glimmora\n|-damage|p2a: Yanmega|41\/100|[from] item: Life Orb\n|\n|-ability|p2a: Yanmega|Speed Boost|boost\n|-boost|p2a: Yanmega|spe|1\n|upkeep\n|\n|t:|1701150331\n|switch|p1a: Garganacl|Garganacl, F|100\/100\n|-activate|p1a: Garganacl|move: Sticky Web\n|-unboost|p1a: Garganacl|spe|1\n|turn|7\n|\n|t:|1701150342\n|-terastallize|p2a: Yanmega|Fairy\n|move|p2a: Yanmega|Tera Blast|p1a: Garganacl|[anim] Tera Blast Fairy\n|-damage|p1a: Garganacl|47\/100\n|-damage|p2a: Yanmega|31\/100|[from] item: Life Orb\n|move|p1a: Garganacl|Salt Cure|p2a: Yanmega\n|-damage|p2a: Yanmega|12\/100\n|-start|p2a: Yanmega|Salt Cure\n|\n|-heal|p1a: Garganacl|53\/100|[from] item: Leftovers\n|-damage|p2a: Yanmega|0 fnt|[from] Salt Cure\n|faint|p2a: Yanmega\n|upkeep\n|\n|t:|1701150356\n|switch|p2a: Dragapult|Dragapult, M|100\/100\n|-damage|p2a: Dragapult|88\/100|[from] Stealth Rock\n|-status|p2a: Dragapult|psn\n|turn|8\n|\n|t:|1701150366\n|move|p2a: Dragapult|Dragon Darts|p1a: Garganacl\n|-damage|p1a: Garganacl|31\/100\n|-anim|p2a: Dragapult|Dragon Darts|p1a: Garganacl\n|-damage|p1a: Garganacl|10\/100\n|move|p1a: Garganacl|Salt Cure|p2a: Dragapult\n|-damage|p2a: Dragapult|69\/100 psn\n|-start|p2a: Dragapult|Salt Cure\n|\n|-heal|p1a: Garganacl|16\/100|[from] item: Leftovers\n|-damage|p2a: Dragapult|57\/100 psn|[from] psn\n|-damage|p2a: Dragapult|45\/100 psn|[from] Salt Cure\n|upkeep\n|turn|9\n|\n|t:|1701150377\n|move|p2a: Dragapult|Dragon Darts|p1a: Garganacl\n|-damage|p1a: Garganacl|0 fnt\n|faint|p1a: Garganacl\n|\n|-damage|p2a: Dragapult|32\/100 psn|[from] psn\n|-damage|p2a: Dragapult|20\/100 psn|[from] Salt Cure\n|upkeep\n|\n|t:|1701150382\n|switch|p1a: Dusclops|Dusclops, F|100\/100\n|-activate|p1a: Dusclops|move: Sticky Web\n|-unboost|p1a: Dusclops|spe|1\n|-ability|p1a: Dusclops|Pressure\n|turn|10\n|\n|t:|1701150388\n|move|p1a: Dusclops|Shadow Sneak|p2a: Dragapult\n|-supereffective|p2a: Dragapult\n|-damage|p2a: Dragapult|0 fnt\n|faint|p2a: Dragapult\n|\n|upkeep\n|\n|t:|1701150393\n|switch|p2a: Morpeko|Morpeko, M|100\/100\n|-damage|p2a: Morpeko|88\/100|[from] Stealth Rock\n|-status|p2a: Morpeko|psn\n|turn|11\n|\n|t:|1701150399\n|move|p2a: Morpeko|Protect|p2a: Morpeko\n|-singleturn|p2a: Morpeko|Protect\n|move|p1a: Dusclops|Power-Up Punch|p2a: Morpeko\n|-activate|p2a: Morpeko|move: Protect\n|\n|-damage|p2a: Morpeko|76\/100 psn|[from] psn\n|-formechange|p2a: Morpeko|Morpeko-Hangry||[from] ability: Hunger Switch\n|upkeep\n|turn|12\n|\n|t:|1701150408\n|move|p2a: Morpeko|Aura Wheel|p1a: Dusclops\n|-supereffective|p1a: Dusclops\n|-damage|p1a: Dusclops|25\/100\n|-boost|p2a: Morpeko|spe|1\n|-damage|p2a: Morpeko|66\/100 psn|[from] item: Life Orb\n|move|p1a: Dusclops|Power-Up Punch|p2a: Morpeko\n|-supereffective|p2a: Morpeko\n|-damage|p2a: Morpeko|27\/100 psn\n|-boost|p1a: Dusclops|atk|1\n|\n|-damage|p2a: Morpeko|15\/100 psn|[from] psn\n|-formechange|p2a: Morpeko|Morpeko||[from] ability: Hunger Switch\n|upkeep\n|turn|13\n|\n|t:|1701150423\n|move|p1a: Dusclops|Shadow Sneak|p2a: Morpeko\n|-resisted|p2a: Morpeko\n|-damage|p2a: Morpeko|0 fnt\n|faint|p2a: Morpeko\n|\n|upkeep\n|-message|dfgfgfg forfeited.\n|\n|win|Th3Soci3ty\n|raw|Th3Soci3ty's rating: 1114 &rarr; <strong>1135<\/strong><br \/>(+21 for winning)\n|raw|dfgfgfg's rating: 1056 &rarr; <strong>1041<\/strong><br \/>(-15 for losing)\n|l|\u2606dfgfgfg\n","uploadtime":1701150432,"views":1,"p1id":"th3soci3ty","p2id":"dfgfgfg","formatid":"gen9nationaldexubers","rating":1041,"private":0,"password":""}