{"id":"gen9nationaldexubers-1998888780","p1":"AhiruChan","p2":"Salfy","format":"[Gen 9] National Dex Ubers","log":"|j|\u2606AhiruChan\n|j|\u2606Salfy\n|t:|1701009015\n|gametype|singles\n|player|p1|AhiruChan|waitress|\n|player|p2|Salfy|depotagent|\n|teamsize|p1|6\n|teamsize|p2|6\n|gen|9\n|tier|[Gen 9] National Dex Ubers\n|rule|HP Percentage Mod: HP is shown in percentages\n|rule|Endless Battle Clause: Forcing endless battles is banned\n|rule|OHKO Clause: OHKO moves are banned\n|rule|Evasion Moves Clause: Evasion moves are banned\n|rule|Evasion Items Clause: Evasion items are banned\n|rule|Species Clause: Limit one of each Pok\u00e9mon\n|rule|Sleep Clause Mod: Limit one foe put to sleep\n|rule|Mega Rayquaza Clause: You cannot mega evolve Rayquaza\n|clearpoke\n|poke|p1|Grimmsnarl, M|\n|poke|p1|Roaring Moon|\n|poke|p1|Greninja-*, M|\n|poke|p1|Meowscarada, M|\n|poke|p1|Moltres-Galar|\n|poke|p1|Sableye, F|\n|poke|p2|Banette, M|\n|poke|p2|Garchomp, M|\n|poke|p2|Hatterene, F|\n|poke|p2|Heatran, M|\n|poke|p2|Ferrothorn, M|\n|poke|p2|Iron Valiant|\n|teampreview\n|inactive|Battle timer is ON: inactive players will automatically lose when time's up. (requested by AhiruChan)\n|c|\u2606Salfy|glhf\n|c|\u2606AhiruChan|u2\n|\n|t:|1701009040\n|start\n|switch|p1a: Grimmsnarl|Grimmsnarl, M|100\/100\n|switch|p2a: Rex|Ferrothorn, M|100\/100\n|turn|1\n|j| Teded17669\n|l| Teded17669\n|inactive|AhiruChan has 270 seconds left.\n|\n|t:|1701009091\n|move|p1a: Grimmsnarl|Taunt|p2a: Rex\n|-start|p2a: Rex|move: Taunt\n|move|p2a: Rex|Knock Off|p1a: Grimmsnarl\n|-resisted|p1a: Grimmsnarl\n|-damage|p1a: Grimmsnarl|94\/100\n|-enditem|p1a: Grimmsnarl|Light Clay|[from] move: Knock Off|[of] p2a: Rex\n|\n|upkeep\n|turn|2\n|\n|t:|1701009109\n|move|p1a: Grimmsnarl|Reflect|p1a: Grimmsnarl\n|-sidestart|p1: AhiruChan|Reflect\n|move|p2a: Rex|Power Whip|p1a: Grimmsnarl\n|-damage|p1a: Grimmsnarl|71\/100\n|\n|upkeep\n|turn|3\n|\n|t:|1701009122\n|switch|p2a: Mercenary|Iron Valiant|100\/100\n|move|p1a: Grimmsnarl|Light Screen|p1a: Grimmsnarl\n|-sidestart|p1: AhiruChan|move: Light Screen\n|\n|upkeep\n|turn|4\n|\n|t:|1701009128\n|move|p1a: Grimmsnarl|Parting Shot|p2a: Mercenary\n|-unboost|p2a: Mercenary|atk|1\n|-unboost|p2a: Mercenary|spa|1\n|\n|t:|1701009136\n|switch|p1a: Moltres|Moltres-Galar|100\/100|[from] Parting Shot\n|move|p2a: Mercenary|Moonblast|p1a: Moltres\n|-supereffective|p1a: Moltres\n|-damage|p1a: Moltres|70\/100\n|-unboost|p1a: Moltres|spa|1\n|-enditem|p1a: Moltres|Weakness Policy\n|-boost|p1a: Moltres|atk|2|[from] item: Weakness Policy\n|-boost|p1a: Moltres|spa|2|[from] item: Weakness Policy\n|\n|upkeep\n|turn|5\n|inactive|AhiruChan has 270 seconds left.\n|\n|t:|1701009146\n|-terastallize|p1a: Moltres|Flying\n|move|p2a: Mercenary|Moonblast|p1a: Moltres\n|-crit|p1a: Moltres\n|-damage|p1a: Moltres|9\/100\n|-ability|p1a: Moltres|Berserk|boost\n|-boost|p1a: Moltres|spa|1\n|move|p1a: Moltres|Agility|p1a: Moltres\n|-boost|p1a: Moltres|spe|2\n|\n|upkeep\n|turn|6\n|\n|t:|1701009156\n|-end|p2a: Mercenary|Quark Drive|[silent]\n|switch|p2a: Void Fiend|Banette, M|100\/100\n|move|p1a: Moltres|Hurricane|p2a: Void Fiend\n|-damage|p2a: Void Fiend|0 fnt\n|faint|p2a: Void Fiend\n|\n|-sideend|p1: AhiruChan|Reflect\n|upkeep\n|\n|t:|1701009161\n|switch|p2a: Mithrix|Heatran, M|100\/100\n|turn|7\n|\n|t:|1701009167\n|move|p1a: Moltres|Fiery Wrath|p2a: Mithrix\n|-damage|p2a: Mithrix|50\/100\n|move|p2a: Mithrix|Flash Cannon|p1a: Moltres\n|-damage|p1a: Moltres|0 fnt\n|faint|p1a: Moltres\n|\n|-heal|p2a: Mithrix|56\/100|[from] item: Leftovers\n|-sideend|p1: AhiruChan|move: Light Screen\n|upkeep\n|c|\u2606AhiruChan|oof no flinch\n|\n|t:|1701009182\n|switch|p1a: Roaring Moon|Roaring Moon|100\/100\n|turn|8\n|\n|t:|1701009190\n|move|p1a: Roaring Moon|Dragon Dance|p1a: Roaring Moon\n|-boost|p1a: Roaring Moon|atk|1\n|-boost|p1a: Roaring Moon|spe|1\n|move|p2a: Mithrix|Stealth Rock|p1a: Roaring Moon\n|-sidestart|p1: AhiruChan|move: Stealth Rock\n|\n|-heal|p2a: Mithrix|62\/100|[from] item: Leftovers\n|upkeep\n|turn|9\n|\n|t:|1701009194\n|move|p1a: Roaring Moon|Earthquake|p2a: Mithrix\n|-supereffective|p2a: Mithrix\n|-damage|p2a: Mithrix|0 fnt\n|faint|p2a: Mithrix\n|-damage|p1a: Roaring Moon|91\/100|[from] item: Life Orb\n|\n|upkeep\n|\n|t:|1701009197\n|switch|p2a: Artificer|Hatterene, F|100\/100\n|turn|10\n|\n|t:|1701009201\n|move|p1a: Roaring Moon|Iron Head|p2a: Artificer\n|-supereffective|p2a: Artificer\n|-damage|p2a: Artificer|12\/100\n|-damage|p1a: Roaring Moon|81\/100|[from] item: Life Orb\n|move|p2a: Artificer|Draining Kiss|p1a: Roaring Moon\n|-supereffective|p1a: Roaring Moon\n|-damage|p1a: Roaring Moon|0 fnt\n|-heal|p2a: Artificer|80\/100|[from] drain|[of] p1a: Roaring Moon\n|faint|p1a: Roaring Moon\n|-end|p1a: Roaring Moon|Protosynthesis|[silent]\n|\n|-heal|p2a: Artificer|86\/100|[from] item: Leftovers\n|upkeep\n|\n|t:|1701009210\n|switch|p1a: Grimmsnarl|Grimmsnarl, M|71\/100\n|-damage|p1a: Grimmsnarl|59\/100|[from] Stealth Rock\n|turn|11\n|\n|t:|1701009214\n|move|p1a: Grimmsnarl|Light Screen|p1a: Grimmsnarl\n|-sidestart|p1: AhiruChan|move: Light Screen\n|move|p2a: Artificer|Draining Kiss|p1a: Grimmsnarl\n|-supereffective|p1a: Grimmsnarl\n|-damage|p1a: Grimmsnarl|41\/100\n|-heal|p2a: Artificer|100\/100|[from] drain|[of] p1a: Grimmsnarl\n|\n|upkeep\n|turn|12\n|\n|t:|1701009224\n|move|p1a: Grimmsnarl|Parting Shot|p2a: Artificer\n|move|p2a: Artificer|Parting Shot|p1a: Grimmsnarl|[from]ability: Magic Bounce\n|-unboost|p1a: Grimmsnarl|atk|1\n|-unboost|p1a: Grimmsnarl|spa|1\n|\n|t:|1701009233\n|switch|p2a: Mercenary|Iron Valiant|100\/100|[from] Parting Shot\n|\n|upkeep\n|turn|13\n|\n|t:|1701009240\n|move|p1a: Grimmsnarl|Reflect|p1a: Grimmsnarl\n|-sidestart|p1: AhiruChan|Reflect\n|move|p2a: Mercenary|Moonblast|p1a: Grimmsnarl\n|-supereffective|p1a: Grimmsnarl\n|-damage|p1a: Grimmsnarl|0 fnt\n|faint|p1a: Grimmsnarl\n|\n|upkeep\n|\n|t:|1701009249\n|switch|p1a: Greninja|Greninja, M|100\/100\n|-damage|p1a: Greninja|88\/100|[from] Stealth Rock\n|turn|14\n|\n|t:|1701009253\n|-end|p2a: Mercenary|Quark Drive|[silent]\n|switch|p2a: Rex|Ferrothorn, M|100\/100\n|-zpower|p1a: Greninja\n|move|p1a: Greninja|Hydro Vortex|p2a: Rex|[zeffect]\n|-resisted|p2a: Rex\n|-damage|p2a: Rex|73\/100\n|\n|-heal|p2a: Rex|79\/100|[from] item: Leftovers\n|upkeep\n|turn|15\n|\n|t:|1701009260\n|switch|p1a: Sableye|Sableye, F|100\/100\n|-damage|p1a: Sableye|88\/100|[from] Stealth Rock\n|move|p2a: Rex|Thunder Wave|p1a: Sableye\n|-status|p1a: Sableye|par\n|\n|-heal|p2a: Rex|86\/100|[from] item: Leftovers\n|-sideend|p1: AhiruChan|move: Light Screen\n|upkeep\n|turn|16\n|\n|t:|1701009265\n|detailschange|p1a: Sableye|Sableye-Mega, F\n|-mega|p1a: Sableye|Sableye|Sablenite\n|move|p2a: Rex|Leech Seed|p1a: Sableye\n|move|p1a: Sableye|Leech Seed|p2a: Rex|[from]ability: Magic Bounce\n|-immune|p2a: Rex\n|move|p1a: Sableye|Knock Off|p2a: Rex\n|-crit|p2a: Rex\n|-damage|p2a: Rex|58\/100\n|-damage|p1a: Sableye|76\/100 par|[from] ability: Iron Barbs|[of] p2a: Rex\n|-enditem|p2a: Rex|Leftovers|[from] move: Knock Off|[of] p1a: Sableye\n|\n|upkeep\n|turn|17\n|\n|t:|1701009275\n|switch|p1a: Meowscarada|Meowscarada, M|100\/100\n|-damage|p1a: Meowscarada|88\/100|[from] Stealth Rock\n|move|p2a: Rex|Power Whip|p1a: Meowscarada\n|-resisted|p1a: Meowscarada\n|-damage|p1a: Meowscarada|73\/100\n|\n|-sideend|p1: AhiruChan|Reflect\n|upkeep\n|turn|18\n|\n|t:|1701009280\n|switch|p1a: Sableye|Sableye-Mega, F|76\/100 par\n|-damage|p1a: Sableye|64\/100 par|[from] Stealth Rock\n|move|p2a: Rex|Knock Off|p1a: Sableye\n|-damage|p1a: Sableye|50\/100 par\n|\n|upkeep\n|turn|19\n|\n|t:|1701009284\n|move|p2a: Rex|Power Whip|p1a: Sableye\n|-damage|p1a: Sableye|10\/100 par\n|cant|p1a: Sableye|par\n|\n|upkeep\n|turn|20\n|\n|t:|1701009290\n|move|p2a: Rex|Power Whip|p1a: Sableye\n|-damage|p1a: Sableye|0 fnt\n|faint|p1a: Sableye\n|\n|upkeep\n|\n|t:|1701009294\n|switch|p1a: Meowscarada|Meowscarada, M|73\/100\n|-damage|p1a: Meowscarada|61\/100|[from] Stealth Rock\n|turn|21\n|\n|t:|1701009299\n|move|p1a: Meowscarada|Knock Off|p2a: Rex\n|-start|p1a: Meowscarada|typechange|Dark|[from] ability: Protean\n|-damage|p2a: Rex|35\/100\n|-damage|p1a: Meowscarada|49\/100|[from] ability: Iron Barbs|[of] p2a: Rex\n|move|p2a: Rex|Thunder Wave|p1a: Meowscarada\n|-status|p1a: Meowscarada|par\n|\n|upkeep\n|turn|22\n|\n|t:|1701009310\n|move|p1a: Meowscarada|Knock Off|p2a: Rex\n|-damage|p2a: Rex|16\/100\n|-damage|p1a: Meowscarada|36\/100 par|[from] ability: Iron Barbs|[of] p2a: Rex\n|move|p2a: Rex|Power Whip|p1a: Meowscarada\n|-crit|p1a: Meowscarada\n|-damage|p1a: Meowscarada|0 fnt\n|faint|p1a: Meowscarada\n|\n|upkeep\n|\n|t:|1701009314\n|switch|p1a: Greninja|Greninja, M|88\/100\n|-damage|p1a: Greninja|76\/100|[from] Stealth Rock\n|turn|23\n|\n|t:|1701009319\n|move|p1a: Greninja|Hydro Pump|p2a: Rex|[miss]\n|-miss|p1a: Greninja|p2a: Rex\n|move|p2a: Rex|Power Whip|p1a: Greninja\n|-supereffective|p1a: Greninja\n|-damage|p1a: Greninja|0 fnt\n|faint|p1a: Greninja\n|\n|win|Salfy\n|c|\u2606Salfy|gg\n|c|\u2606AhiruChan|\u0103efcawef\n|c|\u2606AhiruChan|gg wp\n","uploadtime":1701009324,"views":10,"p1id":"ahiruchan","p2id":"salfy","formatid":"gen9nationaldexubers","rating":0,"private":0,"password":""}