{"id":"gen9nationaldexubers-1986118228","p1":"Rhyfinn sr.","p2":"Jecnienc","format":"[Gen 9] National Dex Ubers","log":"|j|\u2606Rhyfinn sr.\n|j|\u203dJecnienc\n|t:|1699451928\n|gametype|singles\n|player|p1|Rhyfinn sr.|alder|1124\n|player|p2|Jecnienc|169|1170\n|teamsize|p1|6\n|teamsize|p2|6\n|gen|9\n|tier|[Gen 9] National Dex Ubers\n|rated|\n|rule|HP Percentage Mod: HP is shown in percentages\n|rule|Endless Battle Clause: Forcing endless battles is banned\n|rule|OHKO Clause: OHKO moves are banned\n|rule|Evasion Moves Clause: Evasion moves are banned\n|rule|Evasion Items Clause: Evasion items are banned\n|rule|Species Clause: Limit one of each Pok\u00e9mon\n|rule|Sleep Clause Mod: Limit one foe put to sleep\n|rule|Mega Rayquaza Clause: You cannot mega evolve Rayquaza\n|clearpoke\n|poke|p1|Groudon|\n|poke|p1|Ho-Oh|\n|poke|p1|Xerneas-*|\n|poke|p1|Marshadow|\n|poke|p1|Urshifu-*, F|\n|poke|p1|Necrozma-Dusk-Mane|\n|poke|p2|Hoopa-Unbound|\n|poke|p2|Zacian-*|\n|poke|p2|Tapu Fini|\n|poke|p2|Xerneas-*|\n|poke|p2|Zygarde|\n|poke|p2|Palkia|\n|teampreview\n|inactive|Battle timer is ON: inactive players will automatically lose when time's up. (requested by Rhyfinn sr.)\n|\n|t:|1699451941\n|start\n|switch|p1a: Groudon|Groudon|100\/100\n|switch|p2a: Tapu Fini|Tapu Fini|100\/100\n|-fieldstart|move: Misty Terrain|[from] ability: Misty Surge|[of] p2a: Tapu Fini\n|detailschange|p1a: Groudon|Groudon-Primal\n|-primal|p1a: Groudon|Red Orb\n|-weather|DesolateLand|[from] ability: Desolate Land|[of] p1a: Groudon\n|turn|1\n|\n|t:|1699451955\n|move|p1a: Groudon|Rock Polish|p1a: Groudon\n|-boost|p1a: Groudon|spe|2\n|-zpower|p2a: Tapu Fini\n|move|p2a: Tapu Fini|Guardian of Alola|p1a: Groudon|[zeffect]\n|-damage|p1a: Groudon|26\/100\n|\n|-weather|DesolateLand|[upkeep]\n|upkeep\n|turn|2\n|\n|t:|1699451971\n|move|p2a: Tapu Fini|Magic Coat|p2a: Tapu Fini\n|-singleturn|p2a: Tapu Fini|move: Magic Coat\n|move|p1a: Groudon|Solar Beam||[still]\n|-prepare|p1a: Groudon|Solar Beam\n|-anim|p1a: Groudon|Solar Beam|p2a: Tapu Fini\n|-supereffective|p2a: Tapu Fini\n|-damage|p2a: Tapu Fini|0 fnt\n|faint|p2a: Tapu Fini\n|\n|-weather|DesolateLand|[upkeep]\n|upkeep\n|\n|t:|1699451977\n|switch|p2a: Xerneas|Xerneas, shiny|100\/100\n|-ability|p2a: Xerneas|Fairy Aura\n|turn|3\n|\n|t:|1699451982\n|move|p1a: Groudon|Flamethrower|p2a: Xerneas\n|-damage|p2a: Xerneas|37\/100\n|move|p2a: Xerneas|Geomancy||[still]\n|-prepare|p2a: Xerneas|Geomancy\n|-enditem|p2a: Xerneas|Power Herb\n|-anim|p2a: Xerneas|Geomancy|p2a: Xerneas\n|-boost|p2a: Xerneas|spa|2\n|-boost|p2a: Xerneas|spd|2\n|-boost|p2a: Xerneas|spe|2\n|\n|-weather|DesolateLand|[upkeep]\n|upkeep\n|turn|4\n|\n|t:|1699451994\n|move|p1a: Groudon|Precipice Blades|p2a: Xerneas\n|-damage|p2a: Xerneas|0 fnt\n|faint|p2a: Xerneas\n|\n|-weather|DesolateLand|[upkeep]\n|upkeep\n|\n|t:|1699451997\n|switch|p2a: Zygarde|Zygarde, shiny|100\/100\n|turn|5\n|\n|t:|1699452003\n|move|p1a: Groudon|Precipice Blades|p2a: Zygarde\n|-damage|p2a: Zygarde|41\/100\n|move|p2a: Zygarde|Core Enforcer|p1a: Groudon\n|-damage|p1a: Groudon|9\/100\n|-endability|p1a: Groudon\n|-weather|none\n|\n|-fieldend|Misty Terrain\n|-activate|p2a: Zygarde|ability: Power Construct\n|detailschange|p2a: Zygarde|Zygarde-Complete, shiny\n|-heal|p2a: Zygarde|63\/100|[silent]\n|upkeep\n|turn|6\n|\n|t:|1699452021\n|switch|p2a: Palkia|Palkia|100\/100\n|-ability|p2a: Palkia|Pressure\n|move|p1a: Groudon|Precipice Blades|p2a: Palkia\n|-crit|p2a: Palkia\n|-damage|p2a: Palkia|29\/100\n|\n|-damage|p2a: Palkia|17\/100|[from] item: Black Sludge\n|upkeep\n|turn|7\n|c|\u2606Rhyfinn sr.|wut\n|inactive|Rhyfinn sr. has 120 seconds left.\n|c|\u2606Rhyfinn sr.|black sludge palkia bruh\n|\n|t:|1699452056\n|move|p1a: Groudon|Precipice Blades|p2a: Palkia\n|-damage|p2a: Palkia|0 fnt\n|faint|p2a: Palkia\n|\n|upkeep\n|\n|t:|1699452061\n|switch|p2a: Zacian|Zacian-Crowned, shiny|100\/100\n|-ability|p2a: Zacian|Intrepid Sword|boost\n|-boost|p2a: Zacian|atk|1\n|turn|8\n|\n|t:|1699452066\n|move|p1a: Groudon|Flamethrower|p2a: Zacian\n|-supereffective|p2a: Zacian\n|-damage|p2a: Zacian|0 fnt\n|faint|p2a: Zacian\n|\n|upkeep\n|\n|t:|1699452069\n|switch|p2a: Hoopa|Hoopa-Unbound|100\/100\n|turn|9\n|inactive|Jecnienc has 120 seconds left.\n|l|\u2606Rhyfinn sr.\n|inactive|Rhyfinn sr. disconnected and has a minute to reconnect!\n|player|p1|\n|\n|t:|1699452120\n|move|p1a: Groudon|Precipice Blades|p2a: Hoopa\n|-damage|p2a: Hoopa|0 fnt\n|faint|p2a: Hoopa\n|\n|upkeep\n|\n|t:|1699452123\n|switch|p2a: Zygarde|Zygarde-Complete, shiny|63\/100\n|turn|10\n|j|\u2606Rhyfinn sr.\n|inactive|Rhyfinn sr. reconnected and has 140 seconds left.\n|player|p1|Rhyfinn sr.|alder\n|\n|t:|1699452147\n|-terastallize|p2a: Zygarde|Dragon\n|move|p1a: Groudon|Precipice Blades|p2a: Zygarde|[miss]\n|-miss|p1a: Groudon|p2a: Zygarde\n|move|p2a: Zygarde|Core Enforcer|p1a: Groudon\n|-damage|p1a: Groudon|0 fnt\n|faint|p1a: Groudon\n|\n|upkeep\n|\n|t:|1699452160\n|switch|p1a: Xerneas|Xerneas|100\/100\n|-ability|p1a: Xerneas|Fairy Aura\n|turn|11\n|inactive|Jecnienc has 120 seconds left.\n|\n|t:|1699452171\n|move|p1a: Xerneas|Geomancy||[still]\n|-prepare|p1a: Xerneas|Geomancy\n|-enditem|p1a: Xerneas|Power Herb\n|-anim|p1a: Xerneas|Geomancy|p1a: Xerneas\n|-boost|p1a: Xerneas|spa|2\n|-boost|p1a: Xerneas|spd|2\n|-boost|p1a: Xerneas|spe|2\n|move|p2a: Zygarde|Draco Meteor|p1a: Xerneas\n|-immune|p1a: Xerneas\n|\n|upkeep\n|turn|12\n|c|\u2606Rhyfinn sr.|bruh\n|\n|t:|1699452188\n|move|p1a: Xerneas|Moonblast|p2a: Zygarde\n|-supereffective|p2a: Zygarde\n|-damage|p2a: Zygarde|0 fnt\n|faint|p2a: Zygarde\n|\n|win|Rhyfinn sr.\n|raw|Rhyfinn sr.'s rating: 1124 &rarr; <strong>1152<\/strong><br \/>(+28 for winning)\n|raw|Jecnienc's rating: 1170 &rarr; <strong>1142<\/strong><br \/>(-28 for losing)\n|l|\u203dJecnienc\n","uploadtime":1699452200,"views":4,"p1id":"rhyfinnsr","p2id":"jecnienc","formatid":"gen9nationaldexubers","rating":1142,"private":0,"password":""}