{"id":"gen9nationaldexubers-1989320203","p1":"Berryandon","p2":"Hachachino","format":"[Gen 9] National Dex Ubers","log":"|j|\u2606Berryandon\n|j|\u2606Hachachino\n|t:|1699835982\n|gametype|singles\n|player|p1|Berryandon|lady-gen4|\n|player|p2|Hachachino|ghetsis|\n|teamsize|p1|6\n|teamsize|p2|6\n|gen|9\n|tier|[Gen 9] National Dex Ubers\n|rule|HP Percentage Mod: HP is shown in percentages\n|rule|Endless Battle Clause: Forcing endless battles is banned\n|rule|OHKO Clause: OHKO moves are banned\n|rule|Evasion Moves Clause: Evasion moves are banned\n|rule|Evasion Items Clause: Evasion items are banned\n|rule|Species Clause: Limit one of each Pok\u00e9mon\n|rule|Sleep Clause Mod: Limit one foe put to sleep\n|rule|Mega Rayquaza Clause: You cannot mega evolve Rayquaza\n|clearpoke\n|poke|p1|Mewtwo|\n|poke|p1|Scizor, M|\n|poke|p1|Kyogre|\n|poke|p1|Skeledirge, M|\n|poke|p1|Ogerpon-Cornerstone, F|\n|poke|p1|Dracovish|\n|poke|p2|Flygon, F|\n|poke|p2|Spectrier|\n|poke|p2|Iron Hands|\n|poke|p2|Baxcalibur, M|\n|poke|p2|Landorus, M|\n|poke|p2|Zapdos-Galar|\n|teampreview\n|c|\u2606Hachachino|GLHF\n|c|\u2606Hachachino|Also your mewtwo looks naked for some reason\n|c|\u2606Berryandon|glhf\n|c|\u2606Berryandon|mewtwo is a lil self concious\n|c|\u2606Hachachino|I dunno what it is but I keep looking at em and they just look more naked then usual\n|j| PaperDrMario\n|\n|t:|1699836153\n|start\n|switch|p1a: Ponder This Orb|Kyogre|100\/100\n|switch|p2a: Iron Hands|Iron Hands|100\/100\n|-weather|RainDance|[from] ability: Drizzle|[of] p1a: Ponder This Orb\n|-enditem|p2a: Iron Hands|Booster Energy\n|-activate|p2a: Iron Hands|ability: Quark Drive|[fromitem]\n|-start|p2a: Iron Hands|quarkdriveatk\n|turn|1\n|j| HopeAddict\n|\n|t:|1699836211\n|switch|p1a: MaskWithASmile|Ogerpon-Cornerstone, F|100\/100\n|move|p2a: Iron Hands|Drain Punch|p1a: MaskWithASmile\n|-supereffective|p1a: MaskWithASmile\n|-ability|p1a: MaskWithASmile|Sturdy\n|-damage|p1a: MaskWithASmile|1\/100\n|\n|-weather|RainDance|[upkeep]\n|upkeep\n|turn|2\n|c|\u2606Hachachino|Not the sturdy\n|\n|t:|1699836238\n|switch|p1a: ShadowLizard$Gang|Skeledirge, M|100\/100\n|move|p2a: Iron Hands|Ice Punch|p1a: ShadowLizard$Gang\n|-resisted|p1a: ShadowLizard$Gang\n|-damage|p1a: ShadowLizard$Gang|89\/100\n|\n|-weather|RainDance|[upkeep]\n|-heal|p1a: ShadowLizard$Gang|95\/100|[from] item: Leftovers\n|upkeep\n|turn|3\n|\n|t:|1699836248\n|move|p1a: ShadowLizard$Gang|Will-O-Wisp|p2a: Iron Hands\n|-status|p2a: Iron Hands|brn\n|move|p2a: Iron Hands|Rock Slide|p1a: ShadowLizard$Gang\n|-supereffective|p1a: ShadowLizard$Gang\n|-damage|p1a: ShadowLizard$Gang|69\/100\n|\n|-weather|RainDance|[upkeep]\n|-heal|p1a: ShadowLizard$Gang|75\/100|[from] item: Leftovers\n|-damage|p2a: Iron Hands|94\/100 brn|[from] brn\n|upkeep\n|turn|4\n|\n|t:|1699836269\n|move|p1a: ShadowLizard$Gang|Torch Song|p2a: Iron Hands\n|-damage|p2a: Iron Hands|81\/100 brn\n|-boost|p1a: ShadowLizard$Gang|spa|1\n|move|p2a: Iron Hands|Rock Slide|p1a: ShadowLizard$Gang\n|-supereffective|p1a: ShadowLizard$Gang\n|-damage|p1a: ShadowLizard$Gang|53\/100\n|\n|-weather|RainDance|[upkeep]\n|-heal|p1a: ShadowLizard$Gang|59\/100|[from] item: Leftovers\n|-damage|p2a: Iron Hands|75\/100 brn|[from] brn\n|upkeep\n|turn|5\n|c|\u2606Hachachino|Uh oh\n|\n|t:|1699836288\n|move|p1a: ShadowLizard$Gang|Hex|p2a: Iron Hands\n|-damage|p2a: Iron Hands|5\/100 brn\n|move|p2a: Iron Hands|Thunder Punch|p1a: ShadowLizard$Gang\n|-damage|p1a: ShadowLizard$Gang|41\/100\n|\n|-weather|none\n|-heal|p1a: ShadowLizard$Gang|47\/100|[from] item: Leftovers\n|-damage|p2a: Iron Hands|0 fnt|[from] brn\n|faint|p2a: Iron Hands\n|-end|p2a: Iron Hands|Quark Drive|[silent]\n|upkeep\n|\n|t:|1699836299\n|switch|p2a: Spectrier|Spectrier|100\/100\n|turn|6\n|\n|t:|1699836314\n|switch|p1a: Illest Villain|Scizor, M|100\/100\n|move|p2a: Spectrier|Dark Pulse|p1a: Illest Villain\n|-damage|p1a: Illest Villain|65\/100\n|\n|upkeep\n|turn|7\n|\n|t:|1699836337\n|switch|p2a: Zapdos|Zapdos-Galar|100\/100\n|detailschange|p1a: Illest Villain|Scizor-Mega, M\n|-mega|p1a: Illest Villain|Scizor|Scizorite\n|move|p1a: Illest Villain|Bullet Punch|p2a: Zapdos\n|-damage|p2a: Zapdos|54\/100\n|\n|upkeep\n|turn|8\n|\n|t:|1699836372\n|switch|p1a: LF Goku|Mewtwo|100\/100\n|-ability|p1a: LF Goku|Pressure\n|move|p2a: Zapdos|Thunderous Kick|p1a: LF Goku\n|-resisted|p1a: LF Goku\n|-damage|p1a: LF Goku|75\/100\n|-unboost|p1a: LF Goku|def|1\n|\n|upkeep\n|turn|9\n|\n|t:|1699836391\n|switch|p2a: Flygon|Flygon, F|100\/100\n|move|p1a: LF Goku|Psychic|p2a: Flygon\n|-damage|p2a: Flygon|44\/100\n|\n|-heal|p2a: Flygon|50\/100|[from] item: Leftovers\n|upkeep\n|turn|10\n|\n|t:|1699836400\n|move|p1a: LF Goku|Psychic|p2a: Flygon\n|-damage|p2a: Flygon|0 fnt\n|faint|p2a: Flygon\n|\n|upkeep\n|\n|t:|1699836418\n|switch|p2a: Spectrier|Spectrier|100\/100\n|turn|11\n|\n|t:|1699836424\n|move|p2a: Spectrier|Dark Pulse|p1a: LF Goku\n|-supereffective|p1a: LF Goku\n|-damage|p1a: LF Goku|15\/100\n|move|p1a: LF Goku|Shadow Ball|p2a: Spectrier\n|-supereffective|p2a: Spectrier\n|-damage|p2a: Spectrier|30\/100\n|\n|upkeep\n|turn|12\n|j| AshenAraquanid\n|\n|t:|1699836446\n|switch|p1a: MaskWithASmile|Ogerpon-Cornerstone, F|1\/100\n|move|p2a: Spectrier|Dark Pulse|p1a: MaskWithASmile\n|-damage|p1a: MaskWithASmile|0 fnt\n|faint|p1a: MaskWithASmile\n|-ability|p2a: Spectrier|Grim Neigh|boost\n|-boost|p2a: Spectrier|spa|1\n|\n|upkeep\n|\n|t:|1699836454\n|switch|p1a: Illest Villain|Scizor-Mega, M|65\/100\n|turn|13\n|\n|t:|1699836458\n|switch|p2a: Zapdos|Zapdos-Galar|54\/100\n|move|p1a: Illest Villain|Bullet Punch|p2a: Zapdos\n|-damage|p2a: Zapdos|11\/100\n|\n|upkeep\n|turn|14\n|\n|t:|1699836464\n|move|p1a: Illest Villain|Bullet Punch|p2a: Zapdos\n|-damage|p2a: Zapdos|0 fnt\n|faint|p2a: Zapdos\n|\n|upkeep\n|\n|t:|1699836484\n|switch|p2a: Landorus|Landorus, M|100\/100\n|turn|15\n|\n|t:|1699836515\n|switch|p1a: Ponder This Orb|Kyogre|100\/100\n|-weather|RainDance|[from] ability: Drizzle|[of] p1a: Ponder This Orb\n|move|p2a: Landorus|Nasty Plot|p2a: Landorus\n|-boost|p2a: Landorus|spa|2\n|\n|-weather|RainDance|[upkeep]\n|upkeep\n|turn|16\n|\n|t:|1699836532\n|move|p1a: Ponder This Orb|Ice Beam|p2a: Landorus\n|-supereffective|p2a: Landorus\n|-damage|p2a: Landorus|0 fnt\n|faint|p2a: Landorus\n|\n|-weather|RainDance|[upkeep]\n|upkeep\n|\n|t:|1699836547\n|switch|p2a: Baxcalibur|Baxcalibur, M|100\/100\n|turn|17\n|\n|t:|1699836558\n|switch|p1a: Garbage Truck|Dracovish, shiny|100\/100\n|move|p2a: Baxcalibur|Dragon Dance|p2a: Baxcalibur\n|-boost|p2a: Baxcalibur|atk|1\n|-boost|p2a: Baxcalibur|spe|1\n|\n|-weather|RainDance|[upkeep]\n|upkeep\n|turn|18\n|\n|t:|1699836568\n|move|p2a: Baxcalibur|Icicle Spear|p1a: Garbage Truck\n|-damage|p1a: Garbage Truck|80\/100\n|-damage|p1a: Garbage Truck|57\/100\n|-damage|p1a: Garbage Truck|38\/100\n|-damage|p1a: Garbage Truck|15\/100\n|-damage|p1a: Garbage Truck|0 fnt\n|faint|p1a: Garbage Truck\n|-hitcount|p1: Garbage Truck|5\n|\n|-weather|RainDance|[upkeep]\n|upkeep\n|\n|t:|1699836591\n|switch|p1a: Ponder This Orb|Kyogre|100\/100\n|turn|19\n|\n|t:|1699836611\n|move|p1a: Ponder This Orb|Water Spout|p2a: Baxcalibur\n|-resisted|p2a: Baxcalibur\n|-damage|p2a: Baxcalibur|38\/100\n|move|p2a: Baxcalibur|Earthquake|p1a: Ponder This Orb\n|-damage|p1a: Ponder This Orb|30\/100\n|\n|-weather|none\n|upkeep\n|turn|20\n|\n|t:|1699836620\n|move|p1a: Ponder This Orb|Water Spout|p2a: Baxcalibur\n|-resisted|p2a: Baxcalibur\n|-damage|p2a: Baxcalibur|25\/100\n|move|p2a: Baxcalibur|Earthquake|p1a: Ponder This Orb\n|-damage|p1a: Ponder This Orb|0 fnt\n|faint|p1a: Ponder This Orb\n|\n|upkeep\n|\n|t:|1699836625\n|switch|p1a: Illest Villain|Scizor-Mega, M|65\/100\n|turn|21\n|\n|t:|1699836630\n|move|p1a: Illest Villain|Bullet Punch|p2a: Baxcalibur\n|-supereffective|p2a: Baxcalibur\n|-damage|p2a: Baxcalibur|0 fnt\n|faint|p2a: Baxcalibur\n|\n|upkeep\n|j| Tazz21\n|\n|t:|1699836635\n|switch|p2a: Spectrier|Spectrier|30\/100\n|turn|22\n|\n|t:|1699836643\n|move|p1a: Illest Villain|Bullet Punch|p2a: Spectrier\n|-damage|p2a: Spectrier|0 fnt\n|faint|p2a: Spectrier\n|\n|win|Berryandon\n|c|\u2606Hachachino|gg\n|c|\u2606Berryandon|gg my friend\n|l| HopeAddict\n","uploadtime":1699836659,"views":18,"p1id":"berryandon","p2id":"hachachino","formatid":"gen9nationaldexubers","rating":0,"private":0,"password":""}