{"id":"gen9nationaldexubers-1991581749","p1":"predator30","p2":"ninjamage13","format":"[Gen 9] National Dex Ubers","log":"|j|\u2606predator30\n|j|\u2606ninjamage13\n|t:|1700090734\n|gametype|singles\n|player|p1|predator30|cynthia|\n|player|p2|ninjamage13|pokemonranger-gen6xy|\n|teamsize|p1|6\n|teamsize|p2|6\n|gen|9\n|tier|[Gen 9] National Dex Ubers\n|rule|HP Percentage Mod: HP is shown in percentages\n|rule|Endless Battle Clause: Forcing endless battles is banned\n|rule|OHKO Clause: OHKO moves are banned\n|rule|Evasion Moves Clause: Evasion moves are banned\n|rule|Evasion Items Clause: Evasion items are banned\n|rule|Species Clause: Limit one of each Pok\u00e9mon\n|rule|Sleep Clause Mod: Limit one foe put to sleep\n|rule|Mega Rayquaza Clause: You cannot mega evolve Rayquaza\n|clearpoke\n|poke|p1|Kartana|\n|poke|p1|Scizor, F|\n|poke|p1|Heatran, M|\n|poke|p1|Celesteela|\n|poke|p1|Excadrill, F|\n|poke|p1|Ferrothorn, M|\n|poke|p2|Baxcalibur, M|\n|poke|p2|Victini|\n|poke|p2|Ursaluna-Bloodmoon, M|\n|poke|p2|Zapdos|\n|poke|p2|Alomomola, M|\n|poke|p2|Goodra-Hisui, M|\n|teampreview\n|c|\u2606predator30|wow\n|c|\u2606predator30|i got 0\/6 mons right\n|c|\u2606predator30|oof\n|\n|t:|1700090815\n|start\n|switch|p1a: Scizor|Scizor, F|100\/100\n|switch|p2a: CAPALA|Zapdos|100\/100\n|turn|1\n|\n|t:|1700090826\n|switch|p1a: Excadrill|Excadrill, F|100\/100\n|-ability|p1a: Excadrill|Mold Breaker\n|move|p2a: CAPALA|Volt Switch|p1a: Excadrill\n|-immune|p1a: Excadrill\n|\n|upkeep\n|turn|2\n|\n|t:|1700090839\n|switch|p1a: Heatran|Heatran, M|100\/100\n|move|p2a: CAPALA|Roost||[still]\n|-fail|p2a: CAPALA|heal\n|\n|upkeep\n|turn|3\n|j| Astro nation y\n|\n|t:|1700090842\n|move|p2a: CAPALA|Volt Switch|p1a: Heatran\n|-damage|p1a: Heatran|83\/100\n|\n|t:|1700090870\n|switch|p2a: BAX IN BLACK|Baxcalibur, M|100\/100|[from] Volt Switch\n|move|p1a: Heatran|Stealth Rock|p2a: BAX IN BLACK\n|-sidestart|p2: ninjamage13|move: Stealth Rock\n|\n|-heal|p1a: Heatran|89\/100|[from] item: Leftovers\n|upkeep\n|turn|4\n|\n|t:|1700090880\n|switch|p1a: Scizor|Scizor, F|100\/100\n|move|p2a: BAX IN BLACK|Dragon Dance|p2a: BAX IN BLACK\n|-boost|p2a: BAX IN BLACK|atk|1\n|-boost|p2a: BAX IN BLACK|spe|1\n|\n|upkeep\n|turn|5\n|\n|t:|1700090885\n|switch|p2a: I WISH I WAS A...|Alomomola, M|100\/100\n|detailschange|p1a: Scizor|Scizor-Mega, F\n|-mega|p1a: Scizor|Scizor|Scizorite\n|move|p1a: Scizor|Swords Dance|p1a: Scizor\n|-boost|p1a: Scizor|atk|2\n|\n|upkeep\n|turn|6\n|\n|t:|1700090890\n|move|p1a: Scizor|U-turn|p2a: I WISH I WAS A...\n|-damage|p2a: I WISH I WAS A...|63\/100\n|\n|t:|1700090894\n|switch|p1a: Ferrothorn|Ferrothorn, M|100\/100|[from] U-turn\n|move|p2a: I WISH I WAS A...|Scald|p1a: Ferrothorn\n|-resisted|p1a: Ferrothorn\n|-damage|p1a: Ferrothorn|95\/100\n|\n|-heal|p1a: Ferrothorn|100\/100|[from] item: Leftovers\n|upkeep\n|turn|7\n|\n|t:|1700090898\n|move|p2a: I WISH I WAS A...|Flip Turn|p1a: Ferrothorn\n|-resisted|p1a: Ferrothorn\n|-damage|p1a: Ferrothorn|95\/100\n|-damage|p2a: I WISH I WAS A...|51\/100|[from] ability: Iron Barbs|[of] p1a: Ferrothorn\n|\n|t:|1700090910\n|switch|p2a: CAPALA|Zapdos|100\/100|[from] Flip Turn\n|move|p1a: Ferrothorn|Power Whip|p2a: CAPALA\n|-resisted|p2a: CAPALA\n|-damage|p2a: CAPALA|84\/100\n|-status|p1a: Ferrothorn|par|[from] ability: Static|[of] p2a: CAPALA\n|\n|-heal|p1a: Ferrothorn|100\/100 par|[from] item: Leftovers\n|upkeep\n|turn|8\n|\n|t:|1700090913\n|switch|p1a: Heatran|Heatran, M|89\/100\n|move|p2a: CAPALA|Defog|p1a: Heatran\n|-unboost|p1a: Heatran|evasion|1\n|-sideend|p2: ninjamage13|Stealth Rock|[from] move: Defog|[of] p2a: CAPALA\n|\n|-heal|p1a: Heatran|95\/100|[from] item: Leftovers\n|upkeep\n|turn|9\n|\n|t:|1700090916\n|move|p2a: CAPALA|Volt Switch|p1a: Heatran\n|-damage|p1a: Heatran|75\/100\n|\n|t:|1700090921\n|switch|p2a: RAINY TAXI|Goodra-Hisui, M|100\/100|[from] Volt Switch\n|move|p1a: Heatran|Toxic|p2a: RAINY TAXI\n|-immune|p2a: RAINY TAXI\n|\n|-heal|p1a: Heatran|81\/100|[from] item: Leftovers\n|upkeep\n|turn|10\n|\n|t:|1700090932\n|switch|p2a: BAX IN BLACK|Baxcalibur, M|100\/100\n|move|p1a: Heatran|Stealth Rock|p2a: BAX IN BLACK\n|-sidestart|p2: ninjamage13|move: Stealth Rock\n|\n|-heal|p1a: Heatran|87\/100|[from] item: Leftovers\n|upkeep\n|turn|11\n|\n|t:|1700090943\n|switch|p1a: Scizor|Scizor-Mega, F|100\/100\n|move|p2a: BAX IN BLACK|Earthquake|p1a: Scizor\n|-damage|p1a: Scizor|75\/100\n|\n|upkeep\n|turn|12\n|\n|t:|1700090950\n|switch|p2a: CAPALA|Zapdos|84\/100\n|move|p1a: Scizor|U-turn|p2a: CAPALA\n|-resisted|p2a: CAPALA\n|-damage|p2a: CAPALA|67\/100\n|\n|t:|1700090957\n|switch|p1a: Kartana|Kartana|100\/100|[from] U-turn\n|\n|upkeep\n|turn|13\n|c|\u2606predator30|you know whats coming\n|\n|t:|1700090984\n|-zpower|p1a: Kartana\n|move|p1a: Kartana|Breakneck Blitz|p2a: CAPALA|[zeffect]\n|-damage|p2a: CAPALA|0 fnt\n|faint|p2a: CAPALA\n|-ability|p1a: Kartana|Beast Boost|boost\n|-boost|p1a: Kartana|atk|1\n|\n|upkeep\n|c|\u2606ninjamage13|f\n|c|\u2606ninjamage13|I always lose 50\/50s vs you lmao\n|c|\u2606predator30|LOL\n|c|\u2606predator30|dont feel bad\n|\n|t:|1700091006\n|switch|p2a: KILL THE MOONLIGHT|Ursaluna-Bloodmoon, M|100\/100\n|-damage|p2a: KILL THE MOONLIGHT|95\/100|[from] Stealth Rock\n|turn|14\n|c|\u2606predator30|i rarely lose 50\/50s\n|c|\u2606predator30|bruh\n|c|\u2606predator30|if this lives\n|c| Astro nation y|no way\n|c| Astro nation y|this lives\n|c|\u2606predator30|it has to get insta banned\n|c|\u2606predator30|LMAO\n|\n|t:|1700091018\n|move|p1a: Kartana|Leaf Blade|p2a: KILL THE MOONLIGHT\n|-supereffective|p2a: KILL THE MOONLIGHT\n|-damage|p2a: KILL THE MOONLIGHT|0 fnt\n|faint|p2a: KILL THE MOONLIGHT\n|-ability|p1a: Kartana|Beast Boost|boost\n|-boost|p1a: Kartana|atk|1\n|\n|upkeep\n|c|\u2606predator30|LOL\n|c| Astro nation y|LOL\n|c|\u2606ninjamage13|yeah\n|c|\u2606ninjamage13|I goobed myself here\n|\n|t:|1700091031\n|switch|p2a: HOT THOUGHTS|Victini|100\/100\n|turn|15\n|\n|t:|1700091044\n|switch|p1a: Heatran|Heatran, M|87\/100\n|move|p2a: HOT THOUGHTS|V-create|p1a: Heatran\n|-start|p1a: Heatran|ability: Flash Fire\n|\n|-heal|p1a: Heatran|93\/100|[from] item: Leftovers\n|upkeep\n|turn|16\n|\n|t:|1700091050\n|switch|p2a: RAINY TAXI|Goodra-Hisui, M|100\/100\n|-damage|p2a: RAINY TAXI|94\/100|[from] Stealth Rock\n|move|p1a: Heatran|Lava Plume|p2a: RAINY TAXI\n|-damage|p2a: RAINY TAXI|71\/100\n|\n|-heal|p1a: Heatran|99\/100|[from] item: Leftovers\n|upkeep\n|turn|17\n|\n|t:|1700091054\n|move|p1a: Heatran|Lava Plume|p2a: RAINY TAXI\n|-damage|p2a: RAINY TAXI|45\/100\n|-status|p2a: RAINY TAXI|brn\n|move|p2a: RAINY TAXI|Thunderbolt|p1a: Heatran\n|-damage|p1a: Heatran|81\/100\n|\n|-heal|p1a: Heatran|87\/100|[from] item: Leftovers\n|-damage|p2a: RAINY TAXI|39\/100 brn|[from] brn\n|upkeep\n|turn|18\n|\n|t:|1700091061\n|switch|p2a: I WISH I WAS A...|Alomomola, M|84\/100\n|move|p1a: Heatran|Earth Power|p2a: I WISH I WAS A...\n|-damage|p2a: I WISH I WAS A...|51\/100\n|-unboost|p2a: I WISH I WAS A...|spd|1\n|\n|-heal|p1a: Heatran|93\/100|[from] item: Leftovers\n|upkeep\n|turn|19\n|\n|t:|1700091064\n|move|p1a: Heatran|Lava Plume|p2a: I WISH I WAS A...\n|-resisted|p2a: I WISH I WAS A...\n|-damage|p2a: I WISH I WAS A...|3\/100\n|move|p2a: I WISH I WAS A...|Flip Turn|p1a: Heatran\n|-supereffective|p1a: Heatran\n|-damage|p1a: Heatran|65\/100\n|\n|t:|1700091067\n|switch|p2a: BAX IN BLACK|Baxcalibur, M|100\/100|[from] Flip Turn\n|-damage|p2a: BAX IN BLACK|76\/100|[from] Stealth Rock\n|\n|-heal|p1a: Heatran|71\/100|[from] item: Leftovers\n|upkeep\n|turn|20\n|c| Astro nation y|oh shit\n|\n|t:|1700091072\n|-end|p1a: Heatran|ability: Flash Fire|[silent]\n|switch|p1a: Scizor|Scizor-Mega, F|75\/100\n|move|p2a: BAX IN BLACK|Dragon Dance|p2a: BAX IN BLACK\n|-boost|p2a: BAX IN BLACK|atk|1\n|-boost|p2a: BAX IN BLACK|spe|1\n|\n|upkeep\n|turn|21\n|\n|t:|1700091075\n|move|p1a: Scizor|Bullet Punch|p2a: BAX IN BLACK\n|-supereffective|p2a: BAX IN BLACK\n|-damage|p2a: BAX IN BLACK|16\/100\n|move|p2a: BAX IN BLACK|Earthquake|p1a: Scizor\n|-damage|p1a: Scizor|36\/100\n|\n|upkeep\n|turn|22\n|\n|t:|1700091081\n|move|p1a: Scizor|Bullet Punch|p2a: BAX IN BLACK\n|-supereffective|p2a: BAX IN BLACK\n|-damage|p2a: BAX IN BLACK|0 fnt\n|faint|p2a: BAX IN BLACK\n|\n|upkeep\n|\n|t:|1700091083\n|switch|p2a: HOT THOUGHTS|Victini|100\/100\n|turn|23\n|c|\u2606predator30|watch\n|\n|t:|1700091092\n|switch|p1a: Excadrill|Excadrill, F|100\/100\n|-ability|p1a: Excadrill|Mold Breaker\n|move|p2a: HOT THOUGHTS|Bolt Strike|p1a: Excadrill\n|-immune|p1a: Excadrill\n|\n|upkeep\n|turn|24\n|c|\u2606ninjamage13|LOL\n|c|\u2606predator30|:3\n|\n|t:|1700091098\n|switch|p2a: RAINY TAXI|Goodra-Hisui, M|39\/100 brn\n|-damage|p2a: RAINY TAXI|33\/100 brn|[from] Stealth Rock\n|move|p1a: Excadrill|Earthquake|p2a: RAINY TAXI\n|-supereffective|p2a: RAINY TAXI\n|-damage|p2a: RAINY TAXI|0 fnt\n|faint|p2a: RAINY TAXI\n|\n|upkeep\n|c| Astro nation y|LOL\n|c|\u2606ninjamage13|yeah\n|c|\u2606ninjamage13|steel remains busted as shit\n|c|\u2606predator30|LMAO\n|c|\u2606ninjamage13|when in the hands of a good player\n|\n|t:|1700091119\n|switch|p2a: I WISH I WAS A...|Alomomola, M|36\/100\n|turn|25\n|\n|t:|1700091124\n|switch|p2a: HOT THOUGHTS|Victini|100\/100\n|move|p1a: Excadrill|Earthquake|p2a: HOT THOUGHTS\n|-supereffective|p2a: HOT THOUGHTS\n|-damage|p2a: HOT THOUGHTS|0 fnt\n|faint|p2a: HOT THOUGHTS\n|\n|upkeep\n|\n|t:|1700091126\n|switch|p2a: I WISH I WAS A...|Alomomola, M|69\/100\n|turn|26\n|\n|t:|1700091130\n|switch|p1a: Ferrothorn|Ferrothorn, M|100\/100 par\n|move|p2a: I WISH I WAS A...|Wish|p2a: I WISH I WAS A...\n|\n|upkeep\n|turn|27\n|\n|t:|1700091134\n|move|p2a: I WISH I WAS A...|Scald|p1a: Ferrothorn\n|-resisted|p1a: Ferrothorn\n|-damage|p1a: Ferrothorn|96\/100 par\n|move|p1a: Ferrothorn|Leech Seed|p2a: I WISH I WAS A...\n|-start|p2a: I WISH I WAS A...|move: Leech Seed\n|\n|-heal|p2a: I WISH I WAS A...|100\/100|[from] move: Wish|[wisher] I WISH I WAS A...\n|-heal|p1a: Ferrothorn|100\/100 par|[from] item: Leftovers\n|-damage|p2a: I WISH I WAS A...|88\/100|[from] Leech Seed|[of] p1a: Ferrothorn\n|upkeep\n|turn|28\n|\n|t:|1700091136\n|move|p2a: I WISH I WAS A...|Scald|p1a: Ferrothorn\n|-resisted|p1a: Ferrothorn\n|-damage|p1a: Ferrothorn|96\/100 par\n|move|p1a: Ferrothorn|Power Whip|p2a: I WISH I WAS A...\n|-supereffective|p2a: I WISH I WAS A...\n|-damage|p2a: I WISH I WAS A...|48\/100\n|\n|-heal|p1a: Ferrothorn|100\/100 par|[from] item: Leftovers\n|-damage|p2a: I WISH I WAS A...|36\/100|[from] Leech Seed|[of] p1a: Ferrothorn\n|upkeep\n|turn|29\n|\n|t:|1700091139\n|move|p2a: I WISH I WAS A...|Scald|p1a: Ferrothorn\n|-resisted|p1a: Ferrothorn\n|-damage|p1a: Ferrothorn|95\/100 par\n|move|p1a: Ferrothorn|Power Whip|p2a: I WISH I WAS A...\n|-supereffective|p2a: I WISH I WAS A...\n|-damage|p2a: I WISH I WAS A...|0 fnt\n|faint|p2a: I WISH I WAS A...\n|\n|win|predator30\n|c|\u2606predator30|gg\n|c|\u2606ninjamage13|gg\n","uploadtime":1700091144,"views":24,"p1id":"predator30","p2id":"ninjamage13","formatid":"gen9nationaldexubers","rating":0,"private":0,"password":""}