{"id":"gen9nationaldexubers-1995176318","p1":"sirudneipalatoe","p2":"diakonakapasok","format":"[Gen 9] National Dex Ubers","log":"|j|\u2606sirudneipalatoe\n|j|\u2606diakonakapasok\n|t:|1700531137\n|gametype|singles\n|player|p1|sirudneipalatoe|aaron|\n|player|p2|diakonakapasok|twins-gen4dp|\n|teamsize|p1|6\n|teamsize|p2|6\n|gen|9\n|tier|[Gen 9] National Dex Ubers\n|rule|HP Percentage Mod: HP is shown in percentages\n|rule|Endless Battle Clause: Forcing endless battles is banned\n|rule|OHKO Clause: OHKO moves are banned\n|rule|Evasion Moves Clause: Evasion moves are banned\n|rule|Evasion Items Clause: Evasion items are banned\n|rule|Species Clause: Limit one of each Pok\u00e9mon\n|rule|Sleep Clause Mod: Limit one foe put to sleep\n|rule|Mega Rayquaza Clause: You cannot mega evolve Rayquaza\n|clearpoke\n|poke|p1|Palafin, F|\n|poke|p1|Kyogre|\n|poke|p1|Greninja-*, M|\n|poke|p1|Scizor, F|\n|poke|p1|Azumarill, F|\n|poke|p1|Dracovish|\n|poke|p2|Ho-Oh|\n|poke|p2|Necrozma-Dusk-Mane|\n|poke|p2|Dondozo, M|\n|poke|p2|Sableye, M|\n|poke|p2|Blissey, F|\n|poke|p2|Arceus-Water|\n|teampreview\n|\n|t:|1700531165\n|start\n|switch|p1a: Hakot|Palafin, F|100\/100\n|switch|p2a: Daine|Sableye, M|100\/100\n|turn|1\n|\n|t:|1700531178\n|detailschange|p2a: Daine|Sableye-Mega, M\n|-mega|p2a: Daine|Sableye|Sablenite\n|move|p1a: Hakot|Flip Turn|p2a: Daine\n|-damage|p2a: Daine|84\/100\n|\n|t:|1700531184\n|detailschange|p1a: Hakot|Palafin-Hero, F\n|switch|p1a: hAkot|Kyogre|100\/100|[from] Flip Turn\n|-weather|RainDance|[from] ability: Drizzle|[of] p1a: hAkot\n|move|p2a: Daine|Knock Off|p1a: hAkot\n|-damage|p1a: hAkot|66\/100\n|-enditem|p1a: hAkot|Choice Scarf|[from] move: Knock Off|[of] p2a: Daine\n|\n|-weather|RainDance|[upkeep]\n|upkeep\n|turn|2\n|\n|t:|1700531196\n|move|p1a: hAkot|Water Spout|p2a: Daine\n|-damage|p2a: Daine|2\/100\n|move|p2a: Daine|Toxic|p1a: hAkot\n|-status|p1a: hAkot|tox\n|\n|-weather|RainDance|[upkeep]\n|-damage|p1a: hAkot|60\/100 tox|[from] psn\n|upkeep\n|turn|3\n|\n|t:|1700531205\n|move|p1a: hAkot|Thunder|p2a: Daine\n|-damage|p2a: Daine|0 fnt\n|faint|p2a: Daine\n|\n|-weather|RainDance|[upkeep]\n|-damage|p1a: hAkot|47\/100 tox|[from] psn\n|upkeep\n|\n|t:|1700531218\n|switch|p2a: Zeth|Blissey, F|100\/100\n|turn|4\n|\n|t:|1700531228\n|switch|p1a: HAKOT|Dracovish|100\/100\n|move|p2a: Zeth|Confide|p1a: HAKOT\n|-unboost|p1a: HAKOT|spa|1\n|\n|-weather|RainDance|[upkeep]\n|upkeep\n|turn|5\n|\n|t:|1700531238\n|move|p1a: HAKOT|Fishious Rend|p2a: Zeth\n|-damage|p2a: Zeth|0 fnt\n|faint|p2a: Zeth\n|\n|-weather|none\n|upkeep\n|\n|t:|1700531246\n|switch|p2a: Roniel|Ho-Oh|100\/100\n|turn|6\n|\n|t:|1700531260\n|-terastallize|p2a: Roniel|Grass\n|move|p1a: HAKOT|Fishious Rend|p2a: Roniel\n|-resisted|p2a: Roniel\n|-damage|p2a: Roniel|64\/100\n|move|p2a: Roniel|Sacred Fire|p1a: HAKOT\n|-resisted|p1a: HAKOT\n|-damage|p1a: HAKOT|91\/100\n|-status|p1a: HAKOT|brn\n|\n|-damage|p1a: HAKOT|84\/100 brn|[from] brn\n|upkeep\n|turn|7\n|\n|t:|1700531285\n|switch|p1a: haKot|Greninja, M|100\/100\n|move|p2a: Roniel|Roost|p2a: Roniel\n|-heal|p2a: Roniel|100\/100\n|\n|upkeep\n|turn|8\n|\n|t:|1700531293\n|switch|p2a: Vinz|Necrozma-Dusk-Mane|100\/100\n|move|p1a: haKot|Ice Beam|p2a: Vinz\n|-resisted|p2a: Vinz\n|-damage|p2a: Vinz|90\/100\n|-damage|p1a: haKot|91\/100|[from] item: Life Orb\n|\n|upkeep\n|turn|9\n|\n|t:|1700531315\n|move|p1a: haKot|Dark Pulse|p2a: Vinz\n|-supereffective|p2a: Vinz\n|-damage|p2a: Vinz|46\/100\n|-damage|p1a: haKot|81\/100|[from] item: Life Orb\n|-zpower|p2a: Vinz\n|move|p2a: Vinz|Searing Sunraze Smash|p1a: haKot|[zeffect]\n|-resisted|p1a: haKot\n|-crit|p1a: haKot\n|-damage|p1a: haKot|0 fnt\n|faint|p1a: haKot\n|\n|upkeep\n|\n|t:|1700531330\n|switch|p1a: hakoT|Azumarill, F|100\/100\n|turn|10\n|\n|t:|1700531345\n|switch|p2a: Kyle|Dondozo, M|100\/100\n|move|p1a: hakoT|Liquidation|p2a: Kyle\n|-resisted|p2a: Kyle\n|-damage|p2a: Kyle|89\/100\n|\n|upkeep\n|turn|11\n|\n|t:|1700531361\n|switch|p1a: Hakot|Palafin-Hero, F|100\/100\n|-activate|p1a: Hakot|ability: Zero to Hero\n|move|p2a: Kyle|Curse|p2a: Kyle\n|-unboost|p2a: Kyle|spe|1\n|-boost|p2a: Kyle|atk|1\n|-boost|p2a: Kyle|def|1\n|\n|upkeep\n|turn|12\n|\n|t:|1700531379\n|move|p1a: Hakot|Grass Knot|p2a: Kyle\n|-supereffective|p2a: Kyle\n|-damage|p2a: Kyle|34\/100\n|move|p2a: Kyle|Sleep Talk||[still]\n|-fail|p2a: Kyle\n|\n|upkeep\n|turn|13\n|\n|t:|1700531387\n|move|p1a: Hakot|Grass Knot|p2a: Kyle\n|-supereffective|p2a: Kyle\n|-damage|p2a: Kyle|0 fnt\n|faint|p2a: Kyle\n|\n|upkeep\n|\n|t:|1700531396\n|switch|p2a: Roniel|Ho-Oh, tera:Grass|100\/100\n|turn|14\n|\n|t:|1700531401\n|switch|p1a: hakOt|Scizor, F|100\/100\n|move|p2a: Roniel|Toxic|p1a: hakOt\n|-immune|p1a: hakOt\n|\n|upkeep\n|turn|15\n|\n|t:|1700531410\n|switch|p1a: hAkot|Kyogre|47\/100 tox\n|-weather|RainDance|[from] ability: Drizzle|[of] p1a: hAkot\n|move|p2a: Roniel|Sacred Fire|p1a: hAkot\n|-resisted|p1a: hAkot\n|-damage|p1a: hAkot|37\/100 tox\n|\n|-weather|RainDance|[upkeep]\n|-damage|p1a: hAkot|31\/100 tox|[from] psn\n|upkeep\n|turn|16\n|\n|t:|1700531422\n|switch|p1a: hakOt|Scizor, F|100\/100\n|move|p2a: Roniel|Whirlwind|p1a: hakOt\n|drag|p1a: HAKOT|Dracovish|84\/100 brn\n|\n|-weather|RainDance|[upkeep]\n|-damage|p1a: HAKOT|78\/100 brn|[from] brn\n|upkeep\n|turn|17\n|\n|t:|1700531432\n|switch|p1a: hakOt|Scizor, F|100\/100\n|move|p2a: Roniel|Toxic|p1a: hakOt\n|-immune|p1a: hakOt\n|\n|-weather|RainDance|[upkeep]\n|upkeep\n|turn|18\n|\n|t:|1700531440\n|move|p2a: Roniel|Roost||[still]\n|-fail|p2a: Roniel|heal\n|move|p1a: hakOt|Swords Dance|p1a: hakOt\n|-boost|p1a: hakOt|atk|2\n|\n|-weather|RainDance|[upkeep]\n|upkeep\n|turn|19\n|\n|t:|1700531447\n|detailschange|p1a: hakOt|Scizor-Mega, F\n|-mega|p1a: hakOt|Scizor|Scizorite\n|move|p1a: hakOt|Lunge|p2a: Roniel\n|-supereffective|p2a: Roniel\n|-damage|p2a: Roniel|0 fnt\n|faint|p2a: Roniel\n|\n|-weather|none\n|upkeep\n|\n|t:|1700531456\n|switch|p2a: Shann|Arceus-Water|100\/100\n|turn|20\n|\n|t:|1700531460\n|move|p2a: Shann|Calm Mind|p2a: Shann\n|-boost|p2a: Shann|spa|1\n|-boost|p2a: Shann|spd|1\n|move|p1a: hakOt|Swords Dance|p1a: hakOt\n|-boost|p1a: hakOt|atk|2\n|\n|upkeep\n|turn|21\n|\n|t:|1700531466\n|move|p2a: Shann|Calm Mind|p2a: Shann\n|-boost|p2a: Shann|spa|1\n|-boost|p2a: Shann|spd|1\n|move|p1a: hakOt|Swords Dance|p1a: hakOt\n|-boost|p1a: hakOt|atk|2\n|\n|upkeep\n|turn|22\n|\n|t:|1700531475\n|move|p2a: Shann|Calm Mind|p2a: Shann\n|-boost|p2a: Shann|spa|1\n|-boost|p2a: Shann|spd|1\n|move|p1a: hakOt|Lunge|p2a: Shann\n|-damage|p2a: Shann|0 fnt\n|faint|p2a: Shann\n|\n|upkeep\n|\n|t:|1700531482\n|switch|p2a: Vinz|Necrozma-Dusk-Mane|46\/100\n|turn|23\n|\n|t:|1700531487\n|move|p1a: hakOt|Bullet Punch|p2a: Vinz\n|-resisted|p2a: Vinz\n|-damage|p2a: Vinz|3\/100\n|move|p2a: Vinz|Morning Sun|p2a: Vinz\n|-heal|p2a: Vinz|53\/100\n|\n|upkeep\n|turn|24\n|\n|t:|1700531494\n|move|p2a: Vinz|Morning Sun|p2a: Vinz\n|-heal|p2a: Vinz|100\/100\n|move|p1a: hakOt|Lunge|p2a: Vinz\n|-damage|p2a: Vinz|0 fnt\n|faint|p2a: Vinz\n|\n|win|sirudneipalatoe\n","uploadtime":1700531531,"views":3,"p1id":"sirudneipalatoe","p2id":"diakonakapasok","formatid":"gen9nationaldexubers","rating":0,"private":0,"password":""}