{"id":"gen9nationaldexubers-1986465003","p1":"Noa ditto","p2":"Boabis","format":"[Gen 9] National Dex Ubers","log":"|j|\u2606Noa ditto\n|j|\u2606Boabis\n|t:|1699481803\n|gametype|singles\n|player|p1|Noa ditto|waiter-gen4|1057\n|player|p2|Boabis|rancher|1114\n|teamsize|p1|6\n|teamsize|p2|6\n|gen|9\n|tier|[Gen 9] National Dex Ubers\n|rated|\n|rule|HP Percentage Mod: HP is shown in percentages\n|rule|Endless Battle Clause: Forcing endless battles is banned\n|rule|OHKO Clause: OHKO moves are banned\n|rule|Evasion Moves Clause: Evasion moves are banned\n|rule|Evasion Items Clause: Evasion items are banned\n|rule|Species Clause: Limit one of each Pok\u00e9mon\n|rule|Sleep Clause Mod: Limit one foe put to sleep\n|rule|Mega Rayquaza Clause: You cannot mega evolve Rayquaza\n|clearpoke\n|poke|p1|Klefki, M|\n|poke|p1|Mimikyu, M|\n|poke|p1|Garganacl, M|\n|poke|p1|Slowking, M|\n|poke|p1|Iron Moth|\n|poke|p1|Regieleki|\n|poke|p2|Regieleki|\n|poke|p2|Kyurem-Black|\n|poke|p2|Marshadow|\n|poke|p2|Sableye, F|\n|poke|p2|Revavroom, F|\n|poke|p2|Cinderace, M|\n|teampreview\n|\n|t:|1699481806\n|start\n|switch|p1a: Klefki|Klefki, M|100\/100\n|switch|p2a: Regieleki|Regieleki|100\/100\n|turn|1\n|\n|t:|1699481814\n|move|p1a: Klefki|Light Screen|p1a: Klefki\n|-sidestart|p1: Noa ditto|move: Light Screen\n|move|p2a: Regieleki|Light Screen|p2a: Regieleki\n|-sidestart|p2: Boabis|move: Light Screen\n|\n|upkeep\n|turn|2\n|\n|t:|1699481819\n|move|p1a: Klefki|Reflect|p1a: Klefki\n|-sidestart|p1: Noa ditto|Reflect\n|move|p2a: Regieleki|Reflect|p2a: Regieleki\n|-sidestart|p2: Boabis|Reflect\n|\n|upkeep\n|turn|3\n|\n|t:|1699481850\n|switch|p2a: Revavroom|Revavroom, F|100\/100\n|move|p1a: Klefki|Spikes|p2a: Revavroom\n|-sidestart|p2: Boabis|Spikes\n|\n|upkeep\n|turn|4\n|\n|t:|1699481867\n|switch|p1a: Garganacl|Garganacl, M|100\/100\n|move|p2a: Revavroom|High Horsepower|p1a: Garganacl\n|-supereffective|p1a: Garganacl\n|-damage|p1a: Garganacl|81\/100\n|\n|-heal|p1a: Garganacl|87\/100|[from] item: Leftovers\n|upkeep\n|turn|5\n|\n|t:|1699481896\n|switch|p2a: Sableye|Sableye, F|100\/100\n|-damage|p2a: Sableye|88\/100|[from] Spikes\n|move|p1a: Garganacl|Avalanche|p2a: Sableye\n|-damage|p2a: Sableye|78\/100\n|\n|-heal|p1a: Garganacl|93\/100|[from] item: Leftovers\n|upkeep\n|turn|6\n|\n|t:|1699481914\n|move|p2a: Sableye|Will-O-Wisp|p1a: Garganacl|[miss]\n|-miss|p2a: Sableye|p1a: Garganacl\n|move|p1a: Garganacl|Earthquake|p2a: Sableye\n|-damage|p2a: Sableye|62\/100\n|\n|-heal|p1a: Garganacl|99\/100|[from] item: Leftovers\n|upkeep\n|turn|7\n|\n|t:|1699481928\n|move|p2a: Sableye|Will-O-Wisp|p1a: Garganacl\n|-immune|p1a: Garganacl|[from] ability: Purifying Salt\n|move|p1a: Garganacl|Recover|p1a: Garganacl\n|-heal|p1a: Garganacl|100\/100\n|\n|upkeep\n|turn|8\n|\n|t:|1699481940\n|move|p2a: Sableye|Knock Off|p1a: Garganacl\n|-damage|p1a: Garganacl|92\/100\n|-enditem|p1a: Garganacl|Leftovers|[from] move: Knock Off|[of] p2a: Sableye\n|move|p1a: Garganacl|Avalanche|p2a: Sableye\n|-damage|p2a: Sableye|42\/100\n|\n|-sideend|p2: Boabis|move: Light Screen\n|-sideend|p1: Noa ditto|move: Light Screen\n|upkeep\n|turn|9\n|\n|t:|1699481959\n|switch|p2a: Marshadow|Marshadow|100\/100\n|-damage|p2a: Marshadow|88\/100|[from] Spikes\n|move|p1a: Garganacl|Curse|p1a: Garganacl\n|-unboost|p1a: Garganacl|spe|1\n|-boost|p1a: Garganacl|atk|1\n|-boost|p1a: Garganacl|def|1\n|\n|-sideend|p1: Noa ditto|Reflect\n|-sideend|p2: Boabis|Reflect\n|upkeep\n|turn|10\n|\n|t:|1699481972\n|switch|p1a: Klefki|Klefki, M|100\/100\n|move|p2a: Marshadow|Spectral Thief|p1a: Klefki\n|-damage|p1a: Klefki|33\/100\n|-damage|p2a: Marshadow|78\/100|[from] item: Life Orb\n|\n|upkeep\n|turn|11\n|\n|t:|1699481988\n|move|p2a: Marshadow|Shadow Sneak|p1a: Klefki\n|-damage|p1a: Klefki|0 fnt\n|faint|p1a: Klefki\n|-damage|p2a: Marshadow|68\/100|[from] item: Life Orb\n|\n|upkeep\n|\n|t:|1699481994\n|switch|p1a: Mimikyu|Mimikyu, M, shiny|100\/100\n|turn|12\n|\n|t:|1699482007\n|-terastallize|p2a: Marshadow|Steel\n|move|p2a: Marshadow|Iron Head|p1a: Mimikyu\n|-activate|p1a: Mimikyu|ability: Disguise\n|-damage|p1a: Mimikyu|100\/100\n|detailschange|p1a: Mimikyu|Mimikyu-Busted, M, shiny\n|-damage|p1a: Mimikyu|88\/100|[from] pokemon: Mimikyu-Busted\n|-damage|p2a: Marshadow|58\/100|[from] item: Life Orb\n|cant|p1a: Mimikyu|flinch\n|\n|upkeep\n|turn|13\n|\n|t:|1699482022\n|move|p1a: Mimikyu|Shadow Sneak|p2a: Marshadow\n|-damage|p2a: Marshadow|30\/100\n|-damage|p1a: Mimikyu|79\/100|[from] item: Life Orb\n|move|p2a: Marshadow|Iron Head|p1a: Mimikyu\n|-supereffective|p1a: Mimikyu\n|-damage|p1a: Mimikyu|0 fnt\n|faint|p1a: Mimikyu\n|-damage|p2a: Marshadow|20\/100|[from] item: Life Orb\n|\n|upkeep\n|\n|t:|1699482033\n|switch|p1a: Regieleki|Regieleki|100\/100\n|turn|14\n|\n|t:|1699482038\n|move|p2a: Marshadow|Shadow Sneak|p1a: Regieleki\n|-damage|p1a: Regieleki|30\/100\n|-damage|p2a: Marshadow|10\/100|[from] item: Life Orb\n|move|p1a: Regieleki|Volt Switch|p2a: Marshadow\n|-damage|p2a: Marshadow|0 fnt\n|faint|p2a: Marshadow\n|\n|t:|1699482050\n|switch|p1a: Garganacl|Garganacl, M|92\/100|[from] Volt Switch\n|\n|upkeep\n|\n|t:|1699482057\n|switch|p2a: Regieleki|Regieleki|100\/100\n|-damage|p2a: Regieleki|88\/100|[from] Spikes\n|turn|15\n|\n|t:|1699482063\n|move|p2a: Regieleki|Reflect|p2a: Regieleki\n|-sidestart|p2: Boabis|Reflect\n|move|p1a: Garganacl|Earthquake|p2a: Regieleki\n|-supereffective|p2a: Regieleki\n|-damage|p2a: Regieleki|52\/100\n|\n|upkeep\n|turn|16\n|\n|t:|1699482071\n|move|p2a: Regieleki|Light Screen|p2a: Regieleki\n|-sidestart|p2: Boabis|move: Light Screen\n|move|p1a: Garganacl|Curse|p1a: Garganacl\n|-unboost|p1a: Garganacl|spe|1\n|-boost|p1a: Garganacl|atk|1\n|-boost|p1a: Garganacl|def|1\n|\n|upkeep\n|turn|17\n|\n|t:|1699482080\n|move|p2a: Regieleki|Rapid Spin|p1a: Garganacl\n|-resisted|p1a: Garganacl\n|-damage|p1a: Garganacl|90\/100\n|-boost|p2a: Regieleki|spe|1\n|-sideend|p2: Boabis|Spikes|[from] move: Rapid Spin|[of] p2a: Regieleki\n|move|p1a: Garganacl|Curse|p1a: Garganacl\n|-unboost|p1a: Garganacl|spe|1\n|-boost|p1a: Garganacl|atk|1\n|-boost|p1a: Garganacl|def|1\n|\n|upkeep\n|turn|18\n|\n|t:|1699482093\n|switch|p2a: Sableye|Sableye, F|42\/100\n|move|p1a: Garganacl|Earthquake|p2a: Sableye\n|-damage|p2a: Sableye|7\/100\n|\n|upkeep\n|turn|19\n|\n|t:|1699482104\n|move|p2a: Sableye|Recover|p2a: Sableye\n|-heal|p2a: Sableye|57\/100\n|move|p1a: Garganacl|Earthquake|p2a: Sableye\n|-damage|p2a: Sableye|25\/100\n|\n|upkeep\n|turn|20\n|\n|t:|1699482116\n|move|p2a: Sableye|Recover|p2a: Sableye\n|-heal|p2a: Sableye|75\/100\n|move|p1a: Garganacl|Earthquake|p2a: Sableye\n|-damage|p2a: Sableye|43\/100\n|\n|upkeep\n|turn|21\n|\n|t:|1699482165\n|detailschange|p2a: Sableye|Sableye-Mega, F\n|-mega|p2a: Sableye|Sableye|Sablenite\n|move|p2a: Sableye|Recover|p2a: Sableye\n|-heal|p2a: Sableye|93\/100\n|move|p1a: Garganacl|Curse|p1a: Garganacl\n|-unboost|p1a: Garganacl|spe|1\n|-boost|p1a: Garganacl|atk|1\n|-boost|p1a: Garganacl|def|1\n|\n|upkeep\n|turn|22\n|\n|t:|1699482182\n|move|p2a: Sableye|Knock Off|p1a: Garganacl\n|-damage|p1a: Garganacl|84\/100\n|move|p1a: Garganacl|Avalanche|p2a: Sableye\n|-damage|p2a: Sableye|61\/100\n|\n|-sideend|p2: Boabis|Reflect\n|upkeep\n|turn|23\n|\n|t:|1699482197\n|switch|p2a: Regieleki|Regieleki|52\/100\n|move|p1a: Garganacl|Earthquake|p2a: Regieleki\n|-supereffective|p2a: Regieleki\n|-damage|p2a: Regieleki|0 fnt\n|faint|p2a: Regieleki\n|\n|-sideend|p2: Boabis|move: Light Screen\n|upkeep\n|\n|t:|1699482206\n|switch|p2a: Cinderace|Cinderace, M|100\/100\n|turn|24\n|\n|t:|1699482215\n|move|p2a: Cinderace|High Jump Kick|p1a: Garganacl|[miss]\n|-start|p2a: Cinderace|typechange|Fighting|[from] ability: Libero\n|-miss|p2a: Cinderace|p1a: Garganacl\n|-damage|p2a: Cinderace|51\/100|[from] highjumpkick\n|move|p1a: Garganacl|Earthquake|p2a: Cinderace\n|-damage|p2a: Cinderace|0 fnt\n|faint|p2a: Cinderace\n|\n|upkeep\n|\n|t:|1699482239\n|switch|p2a: Kyurem|Kyurem-Black|100\/100\n|-ability|p2a: Kyurem|Teravolt\n|turn|25\n|\n|t:|1699482262\n|-terastallize|p1a: Garganacl|Steel\n|move|p2a: Kyurem|Icicle Spear|p1a: Garganacl\n|-resisted|p1a: Garganacl\n|-damage|p1a: Garganacl|81\/100\n|-resisted|p1a: Garganacl\n|-damage|p1a: Garganacl|78\/100\n|-hitcount|p1a: Garganacl|2\n|-damage|p2a: Kyurem|91\/100|[from] item: Life Orb\n|move|p1a: Garganacl|Avalanche|p2a: Kyurem\n|-damage|p2a: Kyurem|31\/100\n|\n|upkeep\n|turn|26\n|\n|t:|1699482280\n|move|p2a: Kyurem|Roost|p2a: Kyurem\n|-heal|p2a: Kyurem|81\/100\n|-singleturn|p2a: Kyurem|move: Roost\n|move|p1a: Garganacl|Avalanche|p2a: Kyurem\n|-damage|p2a: Kyurem|49\/100\n|\n|upkeep\n|turn|27\n|\n|t:|1699482287\n|move|p2a: Kyurem|Roost|p2a: Kyurem\n|-heal|p2a: Kyurem|99\/100\n|-singleturn|p2a: Kyurem|move: Roost\n|move|p1a: Garganacl|Recover|p1a: Garganacl\n|-heal|p1a: Garganacl|100\/100\n|\n|upkeep\n|turn|28\n|\n|t:|1699482297\n|switch|p1a: Iron Moth|Iron Moth|100\/100\n|move|p2a: Kyurem|Dragon Dance|p2a: Kyurem\n|-boost|p2a: Kyurem|atk|1\n|-boost|p2a: Kyurem|spe|1\n|\n|upkeep\n|turn|29\n|\n|t:|1699482306\n|move|p2a: Kyurem|Dragon Dance|p2a: Kyurem\n|-boost|p2a: Kyurem|atk|1\n|-boost|p2a: Kyurem|spe|1\n|move|p1a: Iron Moth|Sludge Wave|p2a: Kyurem\n|-damage|p2a: Kyurem|52\/100\n|\n|upkeep\n|turn|30\n|\n|t:|1699482318\n|move|p2a: Kyurem|Fusion Bolt|p1a: Iron Moth\n|-damage|p1a: Iron Moth|0 fnt\n|faint|p1a: Iron Moth\n|-end|p1a: Iron Moth|Quark Drive|[silent]\n|-damage|p2a: Kyurem|42\/100|[from] item: Life Orb\n|\n|upkeep\n|\n|t:|1699482326\n|switch|p1a: Regieleki|Regieleki|30\/100\n|turn|31\n|\n|t:|1699482331\n|move|p2a: Kyurem|Roost|p2a: Kyurem\n|-heal|p2a: Kyurem|92\/100\n|-singleturn|p2a: Kyurem|move: Roost\n|move|p1a: Regieleki|Thunderbolt|p2a: Kyurem\n|-resisted|p2a: Kyurem\n|-damage|p2a: Kyurem|57\/100\n|\n|upkeep\n|turn|32\n|\n|t:|1699482339\n|move|p2a: Kyurem|Icicle Spear|p1a: Regieleki\n|-damage|p1a: Regieleki|0 fnt\n|faint|p1a: Regieleki\n|-hitcount|p1: Regieleki|1\n|-damage|p2a: Kyurem|47\/100|[from] item: Life Orb\n|\n|upkeep\n|\n|t:|1699482346\n|switch|p1a: Garganacl|Garganacl, M, tera:Steel|100\/100\n|turn|33\n|\n|t:|1699482354\n|move|p2a: Kyurem|Roost|p2a: Kyurem\n|-heal|p2a: Kyurem|97\/100\n|-singleturn|p2a: Kyurem|move: Roost\n|move|p1a: Garganacl|Curse|p1a: Garganacl\n|-unboost|p1a: Garganacl|spe|1\n|-boost|p1a: Garganacl|atk|1\n|-boost|p1a: Garganacl|def|1\n|\n|upkeep\n|turn|34\n|\n|t:|1699482366\n|move|p2a: Kyurem|Fusion Bolt|p1a: Garganacl\n|-damage|p1a: Garganacl|55\/100\n|-damage|p2a: Kyurem|87\/100|[from] item: Life Orb\n|move|p1a: Garganacl|Curse|p1a: Garganacl\n|-unboost|p1a: Garganacl|spe|1\n|-boost|p1a: Garganacl|atk|1\n|-boost|p1a: Garganacl|def|1\n|\n|upkeep\n|turn|35\n|\n|t:|1699482376\n|move|p2a: Kyurem|Fusion Bolt|p1a: Garganacl\n|-damage|p1a: Garganacl|17\/100\n|-damage|p2a: Kyurem|77\/100|[from] item: Life Orb\n|move|p1a: Garganacl|Recover|p1a: Garganacl\n|-heal|p1a: Garganacl|67\/100\n|\n|upkeep\n|turn|36\n|\n|t:|1699482386\n|move|p2a: Kyurem|Fusion Bolt|p1a: Garganacl\n|-crit|p1a: Garganacl\n|-damage|p1a: Garganacl|0 fnt\n|faint|p1a: Garganacl\n|-damage|p2a: Kyurem|68\/100|[from] item: Life Orb\n|\n|upkeep\n|\n|t:|1699482393\n|switch|p1a: Slowking|Slowking, M|100\/100\n|turn|37\n|\n|t:|1699482397\n|move|p2a: Kyurem|Fusion Bolt|p1a: Slowking\n|-supereffective|p1a: Slowking\n|-damage|p1a: Slowking|0 fnt\n|faint|p1a: Slowking\n|-damage|p2a: Kyurem|58\/100|[from] item: Life Orb\n|\n|win|Boabis\n|raw|Noa ditto's rating: 1057 &rarr; <strong>1041<\/strong><br \/>(-16 for losing)\n|raw|Boabis's rating: 1114 &rarr; <strong>1135<\/strong><br \/>(+21 for winning)\n|l|\u2606Noa ditto\n","uploadtime":1699482411,"views":20,"p1id":"noaditto","p2id":"boabis","formatid":"gen9nationaldexubers","rating":1041,"private":0,"password":""}