{"id":"gen9nationaldexubers-1999180245","p1":"JjjjjjjjFd","p2":"Yodaman","format":"[Gen 9] National Dex Ubers","log":"|j|\u2606JjjjjjjjFd\n|j|\u2606Yodaman\n|t:|1701042153\n|gametype|singles\n|player|p1|JjjjjjjjFd|hilbert-wonderlauncher|1057\n|player|p2|Yodaman|lance|1027\n|teamsize|p1|6\n|teamsize|p2|6\n|gen|9\n|tier|[Gen 9] National Dex Ubers\n|rated|\n|rule|HP Percentage Mod: HP is shown in percentages\n|rule|Endless Battle Clause: Forcing endless battles is banned\n|rule|OHKO Clause: OHKO moves are banned\n|rule|Evasion Moves Clause: Evasion moves are banned\n|rule|Evasion Items Clause: Evasion items are banned\n|rule|Species Clause: Limit one of each Pok\u00e9mon\n|rule|Sleep Clause Mod: Limit one foe put to sleep\n|rule|Mega Rayquaza Clause: You cannot mega evolve Rayquaza\n|clearpoke\n|poke|p1|Zygarde-10%|\n|poke|p1|Flygon, M|\n|poke|p1|Dragapult, M|\n|poke|p1|Dragalge, M|\n|poke|p1|Kommo-o, M|\n|poke|p1|Garchomp, M|\n|poke|p2|Huntail, M|\n|poke|p2|Pelipper, F|\n|poke|p2|Enamorus, F|\n|poke|p2|Iron Treads|\n|poke|p2|Infernape, M|\n|poke|p2|Articuno-Galar|\n|teampreview\n|inactive|Battle timer is ON: inactive players will automatically lose when time's up. (requested by JjjjjjjjFd)\n|\n|t:|1701042172\n|start\n|switch|p1a: Flygon|Flygon, M|100\/100\n|switch|p2a: Infernape|Infernape, M|100\/100\n|turn|1\n|\n|t:|1701042184\n|move|p2a: Infernape|Swords Dance|p2a: Infernape\n|-boost|p2a: Infernape|atk|2\n|move|p1a: Flygon|Earthquake|p2a: Infernape\n|-supereffective|p2a: Infernape\n|-damage|p2a: Infernape|0 fnt\n|faint|p2a: Infernape\n|\n|upkeep\n|\n|t:|1701042191\n|switch|p2a: Pelipper|Pelipper, F|100\/100\n|-weather|RainDance|[from] ability: Drizzle|[of] p2a: Pelipper\n|turn|2\n|\n|t:|1701042196\n|move|p1a: Flygon|Thunder Punch|p2a: Pelipper\n|-supereffective|p2a: Pelipper\n|-crit|p2a: Pelipper\n|-damage|p2a: Pelipper|1\/100\n|move|p2a: Pelipper|U-turn|p1a: Flygon\n|-damage|p1a: Flygon|89\/100\n|\n|t:|1701042203\n|switch|p2a: Huntail|Huntail, M|100\/100|[from] U-turn\n|\n|-weather|RainDance|[upkeep]\n|-heal|p1a: Flygon|95\/100|[from] item: Leftovers\n|upkeep\n|turn|3\n|\n|t:|1701042217\n|move|p2a: Huntail|Waterfall|p1a: Flygon\n|-damage|p1a: Flygon|14\/100\n|cant|p1a: Flygon|flinch\n|\n|-weather|RainDance|[upkeep]\n|-heal|p1a: Flygon|20\/100|[from] item: Leftovers\n|upkeep\n|turn|4\n|\n|t:|1701042234\n|move|p2a: Huntail|Waterfall|p1a: Flygon\n|-damage|p1a: Flygon|0 fnt\n|faint|p1a: Flygon\n|\n|-weather|RainDance|[upkeep]\n|upkeep\n|\n|t:|1701042256\n|switch|p1a: Dragapult|Dragapult, M|100\/100\n|turn|5\n|\n|t:|1701042263\n|move|p1a: Dragapult|Dragon Pulse|p2a: Huntail\n|-damage|p2a: Huntail|34\/100\n|move|p2a: Huntail|Shell Smash|p2a: Huntail\n|-unboost|p2a: Huntail|def|1\n|-unboost|p2a: Huntail|spd|1\n|-boost|p2a: Huntail|atk|2\n|-boost|p2a: Huntail|spa|2\n|-boost|p2a: Huntail|spe|2\n|-enditem|p2a: Huntail|White Herb\n|-clearnegativeboost|p2a: Huntail|[silent]\n|\n|-weather|RainDance|[upkeep]\n|upkeep\n|turn|6\n|\n|t:|1701042278\n|move|p2a: Huntail|Waterfall|p1a: Dragapult\n|-resisted|p1a: Dragapult\n|-damage|p1a: Dragapult|27\/100\n|move|p1a: Dragapult|Dragon Pulse|p2a: Huntail\n|-damage|p2a: Huntail|0 fnt\n|faint|p2a: Huntail\n|\n|-weather|RainDance|[upkeep]\n|upkeep\n|\n|t:|1701042291\n|switch|p2a: Enamorus|Enamorus, F|100\/100\n|turn|7\n|\n|t:|1701042306\n|move|p1a: Dragapult|Surf|p2a: Enamorus\n|-damage|p2a: Enamorus|47\/100\n|move|p2a: Enamorus|Play Rough|p1a: Dragapult\n|-supereffective|p1a: Dragapult\n|-damage|p1a: Dragapult|0 fnt\n|faint|p1a: Dragapult\n|-damage|p2a: Enamorus|37\/100|[from] item: Life Orb\n|\n|-weather|RainDance|[upkeep]\n|upkeep\n|\n|t:|1701042315\n|switch|p1a: Kommo-o|Kommo-o, M|100\/100\n|turn|8\n|\n|t:|1701042320\n|move|p2a: Enamorus|Superpower|p1a: Kommo-o\n|-damage|p1a: Kommo-o|56\/100\n|-boost|p2a: Enamorus|atk|1\n|-boost|p2a: Enamorus|def|1\n|-damage|p2a: Enamorus|27\/100|[from] item: Life Orb\n|move|p1a: Kommo-o|Flash Cannon|p2a: Enamorus\n|-supereffective|p2a: Enamorus\n|-damage|p2a: Enamorus|0 fnt\n|faint|p2a: Enamorus\n|\n|-weather|RainDance|[upkeep]\n|upkeep\n|\n|t:|1701042335\n|switch|p2a: Articuno|Articuno-Galar|100\/100\n|turn|9\n|\n|t:|1701042345\n|move|p2a: Articuno|Freezing Glare|p1a: Kommo-o\n|-supereffective|p1a: Kommo-o\n|-damage|p1a: Kommo-o|0 fnt\n|faint|p1a: Kommo-o\n|\n|-weather|none\n|upkeep\n|\n|t:|1701042359\n|switch|p1a: Zygarde|Zygarde-10%|100\/100\n|turn|10\n|\n|t:|1701042365\n|move|p1a: Zygarde|Crunch|p2a: Articuno\n|-supereffective|p2a: Articuno\n|-damage|p2a: Articuno|39\/100\n|move|p2a: Articuno|Freezing Glare|p1a: Zygarde\n|-damage|p1a: Zygarde|9\/100\n|\n|-activate|p1a: Zygarde|ability: Power Construct\n|detailschange|p1a: Zygarde|Zygarde-Complete\n|-heal|p1a: Zygarde|61\/100|[silent]\n|upkeep\n|turn|11\n|\n|t:|1701042375\n|move|p2a: Articuno|Freezing Glare|p1a: Zygarde\n|-damage|p1a: Zygarde|21\/100\n|move|p1a: Zygarde|Crunch|p2a: Articuno\n|-supereffective|p2a: Articuno\n|-damage|p2a: Articuno|0 fnt\n|faint|p2a: Articuno\n|\n|upkeep\n|\n|t:|1701042384\n|switch|p2a: Iron Treads|Iron Treads|100\/100\n|-enditem|p2a: Iron Treads|Booster Energy\n|-activate|p2a: Iron Treads|ability: Quark Drive|[fromitem]\n|-start|p2a: Iron Treads|quarkdrivespe\n|turn|12\n|\n|t:|1701042391\n|move|p2a: Iron Treads|Iron Defense|p2a: Iron Treads\n|-boost|p2a: Iron Treads|def|2\n|move|p1a: Zygarde|Thousand Arrows|p2a: Iron Treads\n|-supereffective|p2a: Iron Treads\n|-damage|p2a: Iron Treads|72\/100\n|\n|upkeep\n|turn|13\n|\n|t:|1701042397\n|move|p2a: Iron Treads|Iron Defense|p2a: Iron Treads\n|-boost|p2a: Iron Treads|def|2\n|move|p1a: Zygarde|Thousand Arrows|p2a: Iron Treads\n|-supereffective|p2a: Iron Treads\n|-damage|p2a: Iron Treads|53\/100\n|\n|upkeep\n|turn|14\n|\n|t:|1701042403\n|move|p2a: Iron Treads|Iron Defense|p2a: Iron Treads\n|-boost|p2a: Iron Treads|def|2\n|move|p1a: Zygarde|Thousand Arrows|p2a: Iron Treads\n|-supereffective|p2a: Iron Treads\n|-damage|p2a: Iron Treads|38\/100\n|\n|upkeep\n|turn|15\n|\n|t:|1701042410\n|move|p2a: Iron Treads|Ice Spinner|p1a: Zygarde\n|-supereffective|p1a: Zygarde\n|-damage|p1a: Zygarde|0 fnt\n|faint|p1a: Zygarde\n|\n|upkeep\n|\n|t:|1701042415\n|switch|p1a: Dragalge|Dragalge, M|100\/100\n|turn|16\n|\n|t:|1701042424\n|move|p2a: Iron Treads|Body Press|p1a: Dragalge\n|-resisted|p1a: Dragalge\n|-damage|p1a: Dragalge|39\/100\n|move|p1a: Dragalge|Shadow Ball|p2a: Iron Treads\n|-damage|p2a: Iron Treads|4\/100\n|\n|-heal|p1a: Dragalge|45\/100|[from] item: Leftovers\n|upkeep\n|turn|17\n|\n|t:|1701042432\n|move|p2a: Iron Treads|Body Press|p1a: Dragalge\n|-resisted|p1a: Dragalge\n|-damage|p1a: Dragalge|0 fnt\n|faint|p1a: Dragalge\n|\n|upkeep\n|\n|t:|1701042440\n|switch|p1a: Garchomp|Garchomp, M|100\/100\n|turn|18\n|\n|t:|1701042446\n|detailschange|p1a: Garchomp|Garchomp-Mega, M\n|-mega|p1a: Garchomp|Garchomp|Garchompite\n|move|p2a: Iron Treads|Ice Spinner|p1a: Garchomp\n|-supereffective|p1a: Garchomp\n|-damage|p1a: Garchomp|41\/100\n|move|p1a: Garchomp|Earthquake|p2a: Iron Treads\n|-supereffective|p2a: Iron Treads\n|-damage|p2a: Iron Treads|0 fnt\n|faint|p2a: Iron Treads\n|-end|p2a: Iron Treads|Quark Drive|[silent]\n|\n|upkeep\n|\n|t:|1701042454\n|switch|p2a: Pelipper|Pelipper, F|1\/100\n|-weather|RainDance|[from] ability: Drizzle|[of] p2a: Pelipper\n|turn|19\n|\n|t:|1701042459\n|move|p1a: Garchomp|Dragon Claw|p2a: Pelipper\n|-damage|p2a: Pelipper|0 fnt\n|faint|p2a: Pelipper\n|\n|win|JjjjjjjjFd\n|raw|JjjjjjjjFd's rating: 1057 &rarr; <strong>1086<\/strong><br \/>(+29 for winning)\n|raw|Yodaman's rating: 1027 &rarr; <strong>1014<\/strong><br \/>(-13 for losing)\n","uploadtime":1701042469,"views":1,"p1id":"jjjjjjjjfd","p2id":"yodaman","formatid":"gen9nationaldexubers","rating":1014,"private":0,"password":""}