{"id":"gen9nationaldexubers-1991923163","p1":"AveCzi","p2":"JustMonika_CARR","format":"[Gen 9] National Dex Ubers","log":"|j|\u2606AveCzi\n|j|\u2606JustMonika_CARR\n|t:|1700138638\n|gametype|singles\n|player|p1|AveCzi|266|1342\n|player|p2|JustMonika_CARR|rosa|1501\n|teamsize|p1|6\n|teamsize|p2|6\n|gen|9\n|tier|[Gen 9] National Dex Ubers\n|rated|\n|rule|HP Percentage Mod: HP is shown in percentages\n|rule|Endless Battle Clause: Forcing endless battles is banned\n|rule|OHKO Clause: OHKO moves are banned\n|rule|Evasion Moves Clause: Evasion moves are banned\n|rule|Evasion Items Clause: Evasion items are banned\n|rule|Species Clause: Limit one of each Pok\u00e9mon\n|rule|Sleep Clause Mod: Limit one foe put to sleep\n|rule|Mega Rayquaza Clause: You cannot mega evolve Rayquaza\n|clearpoke\n|poke|p1|Necrozma-Dusk-Mane|\n|poke|p1|Zacian-*|\n|poke|p1|Deoxys-Attack|\n|poke|p1|Groudon|\n|poke|p1|Toxapex, M|\n|poke|p1|Shuckle, M|\n|poke|p2|Marshadow|\n|poke|p2|Lopunny, F|\n|poke|p2|Dialga|\n|poke|p2|Forretress, F|\n|poke|p2|Pheromosa|\n|poke|p2|Grimmsnarl, M|\n|teampreview\n|\n|t:|1700138657\n|start\n|switch|p1a: Groudon|Groudon|100\/100\n|switch|p2a: Forretress|Forretress, F, shiny|100\/100\n|detailschange|p1a: Groudon|Groudon-Primal\n|-primal|p1a: Groudon|Red Orb\n|-weather|DesolateLand|[from] ability: Desolate Land|[of] p1a: Groudon\n|turn|1\n|\n|t:|1700138665\n|move|p1a: Groudon|Heat Crash|p2a: Forretress\n|-supereffective|p2a: Forretress\n|-ability|p2a: Forretress|Sturdy\n|-damage|p2a: Forretress|1\/100\n|-enditem|p2a: Forretress|Red Card|[of] p1a: Groudon\n|-weather|none\n|drag|p1a: Zacian|Zacian-Crowned|100\/100\n|-ability|p1a: Zacian|Intrepid Sword|boost\n|-boost|p1a: Zacian|atk|1\n|move|p2a: Forretress|Toxic Spikes|p1a: Zacian\n|-sidestart|p1: AveCzi|move: Toxic Spikes\n|\n|upkeep\n|turn|2\n|\n|t:|1700138678\n|move|p1a: Zacian|Swords Dance|p1a: Zacian\n|-boost|p1a: Zacian|atk|2\n|move|p2a: Forretress|Stealth Rock|p1a: Zacian\n|-sidestart|p1: AveCzi|move: Stealth Rock\n|\n|upkeep\n|turn|3\n|\n|t:|1700138684\n|move|p1a: Zacian|Behemoth Blade|p2a: Forretress\n|-resisted|p2a: Forretress\n|-damage|p2a: Forretress|0 fnt\n|faint|p2a: Forretress\n|\n|upkeep\n|\n|t:|1700138692\n|switch|p2a: Marshadow|Marshadow|100\/100\n|turn|4\n|\n|t:|1700138701\n|move|p1a: Zacian|Behemoth Blade|p2a: Marshadow\n|-enditem|p2a: Marshadow|Focus Sash\n|-damage|p2a: Marshadow|1\/100\n|move|p2a: Marshadow|Spectral Thief||[still]\n|-clearpositiveboost|p1a: Zacian|p2a: Marshadow|move: Spectral Thief\n|-boost|p2a: Marshadow|atk|3\n|-anim|p2a: Marshadow|Spectral Thief|p1a: Zacian\n|-damage|p1a: Zacian|0 fnt\n|faint|p1a: Zacian\n|\n|upkeep\n|\n|t:|1700138706\n|switch|p1a: Deoxys|Deoxys-Attack|100\/100\n|-status|p1a: Deoxys|psn\n|-damage|p1a: Deoxys|88\/100 psn|[from] Stealth Rock\n|-ability|p1a: Deoxys|Pressure\n|turn|5\n|\n|t:|1700138721\n|move|p2a: Marshadow|Shadow Sneak|p1a: Deoxys\n|-supereffective|p1a: Deoxys\n|-damage|p1a: Deoxys|0 fnt\n|faint|p1a: Deoxys\n|\n|upkeep\n|\n|t:|1700138724\n|switch|p1a: Shuckle|Shuckle, M|100\/100\n|-status|p1a: Shuckle|psn\n|-damage|p1a: Shuckle|75\/100 psn|[from] Stealth Rock\n|turn|6\n|\n|t:|1700138730\n|move|p2a: Marshadow|Rock Tomb|p1a: Shuckle\n|-supereffective|p1a: Shuckle\n|-damage|p1a: Shuckle|0 fnt\n|faint|p1a: Shuckle\n|\n|upkeep\n|\n|t:|1700138735\n|switch|p1a: Toxapex|Toxapex, M|100\/100\n|-sideend|p1: AveCzi|move: Toxic Spikes|[of] p1a: Toxapex\n|-damage|p1a: Toxapex|88\/100|[from] Stealth Rock\n|turn|7\n|\n|t:|1700138740\n|move|p2a: Marshadow|Spectral Thief|p1a: Toxapex\n|-damage|p1a: Toxapex|14\/100\n|-enditem|p1a: Toxapex|Sitrus Berry|[eat]\n|-heal|p1a: Toxapex|39\/100|[from] item: Sitrus Berry\n|move|p1a: Toxapex|Scald|p2a: Marshadow\n|-damage|p2a: Marshadow|0 fnt\n|faint|p2a: Marshadow\n|\n|upkeep\n|\n|t:|1700138753\n|switch|p2a: Dialga|Dialga, shiny|100\/100\n|-ability|p2a: Dialga|Pressure\n|turn|8\n|\n|t:|1700138759\n|-terastallize|p2a: Dialga|Ground\n|move|p2a: Dialga|Earth Power|p1a: Toxapex\n|-supereffective|p1a: Toxapex\n|-damage|p1a: Toxapex|0 fnt\n|faint|p1a: Toxapex\n|\n|upkeep\n|\n|t:|1700138764\n|switch|p1a: Necrozma|Necrozma-Dusk-Mane|100\/100\n|-damage|p1a: Necrozma|95\/100|[from] Stealth Rock\n|turn|9\n|\n|t:|1700138769\n|detailschange|p1a: Necrozma|Necrozma-Ultra\n|-burst|p1a: Necrozma|Necrozma|Ultranecrozium Z\n|move|p2a: Dialga|Earth Power|p1a: Necrozma\n|-damage|p1a: Necrozma|35\/100\n|move|p1a: Necrozma|Dragon Dance|p1a: Necrozma\n|-boost|p1a: Necrozma|atk|1\n|-boost|p1a: Necrozma|spe|1\n|\n|upkeep\n|turn|10\n|\n|t:|1700138779\n|move|p1a: Necrozma|Earthquake|p2a: Dialga\n|-damage|p2a: Dialga|47\/100\n|move|p2a: Dialga|Earth Power|p1a: Necrozma\n|-crit|p1a: Necrozma\n|-damage|p1a: Necrozma|0 fnt\n|faint|p1a: Necrozma\n|\n|upkeep\n|\n|t:|1700138785\n|switch|p1a: Groudon|Groudon-Primal|100\/100\n|-damage|p1a: Groudon|88\/100|[from] Stealth Rock\n|-weather|DesolateLand|[from] ability: Desolate Land|[of] p1a: Groudon\n|turn|11\n|\n|t:|1700138791\n|move|p2a: Dialga|Earth Power|p1a: Groudon\n|-supereffective|p1a: Groudon\n|-damage|p1a: Groudon|0 fnt\n|faint|p1a: Groudon\n|-weather|none\n|\n|win|JustMonika_CARR\n|raw|AveCzi's rating: 1342 &rarr; <strong>1331<\/strong><br \/>(-11 for losing)\n|raw|JustMonika_CARR's rating: 1501 &rarr; <strong>1512<\/strong><br \/>(+11 for winning)\n|l|\u2606AveCzi\n","uploadtime":1700138800,"views":8,"p1id":"aveczi","p2id":"justmonikacarr","formatid":"gen9nationaldexubers","rating":1331,"private":0,"password":""}