{"id":"gen9nationaldexubers-1993173116","p1":"FrostBv","p2":"mangomosey","format":"[Gen 9] National Dex Ubers","log":"|j|\u2606FrostBv\n|j|\u2606mangomosey\n|t:|1700273710\n|gametype|singles\n|player|p1|FrostBv|giovanni|1216\n|player|p2|mangomosey|2|1214\n|teamsize|p1|6\n|teamsize|p2|6\n|gen|9\n|tier|[Gen 9] National Dex Ubers\n|rated|\n|rule|HP Percentage Mod: HP is shown in percentages\n|rule|Endless Battle Clause: Forcing endless battles is banned\n|rule|OHKO Clause: OHKO moves are banned\n|rule|Evasion Moves Clause: Evasion moves are banned\n|rule|Evasion Items Clause: Evasion items are banned\n|rule|Species Clause: Limit one of each Pok\u00e9mon\n|rule|Sleep Clause Mod: Limit one foe put to sleep\n|rule|Mega Rayquaza Clause: You cannot mega evolve Rayquaza\n|clearpoke\n|poke|p1|Deoxys-Defense|\n|poke|p1|Yveltal|\n|poke|p1|Groudon|\n|poke|p1|Dragapult, F|\n|poke|p1|Metagross|\n|poke|p1|Zygarde|\n|poke|p2|Naganadel|\n|poke|p2|Lucario, M|\n|poke|p2|Necrozma-Dusk-Mane|\n|poke|p2|Arceus-Water|\n|poke|p2|Groudon|\n|poke|p2|Flutter Mane|\n|teampreview\n|inactive|Battle timer is ON: inactive players will automatically lose when time's up. (requested by FrostBv)\n|\n|t:|1700273783\n|start\n|switch|p1a: Deoxys|Deoxys-Defense|100\/100\n|switch|p2a: Necrozma|Necrozma-Dusk-Mane|100\/100\n|-ability|p1a: Deoxys|Pressure\n|turn|1\n|inactive|mangomosey has 120 seconds left.\n|\n|t:|1700273832\n|move|p1a: Deoxys|Stealth Rock|p2a: Necrozma\n|-sidestart|p2: mangomosey|move: Stealth Rock\n|move|p2a: Necrozma|Stealth Rock|p1a: Deoxys\n|-sidestart|p1: FrostBv|move: Stealth Rock\n|\n|upkeep\n|turn|2\n|\n|t:|1700273851\n|switch|p1a: Yveltal|Yveltal|100\/100\n|-damage|p1a: Yveltal|76\/100|[from] Stealth Rock\n|-ability|p1a: Yveltal|Dark Aura\n|switch|p2a: Naganadel|Naganadel, shiny|100\/100\n|-damage|p2a: Naganadel|88\/100|[from] Stealth Rock\n|\n|upkeep\n|turn|3\n|\n|t:|1700273861\n|move|p2a: Naganadel|Nasty Plot|p2a: Naganadel\n|-boost|p2a: Naganadel|spa|2\n|move|p1a: Yveltal|Hidden Power|p2a: Naganadel\n|-supereffective|p2a: Naganadel\n|-damage|p2a: Naganadel|8\/100\n|\n|upkeep\n|turn|4\n|\n|t:|1700273867\n|-zpower|p2a: Naganadel\n|move|p2a: Naganadel|Acid Downpour|p1a: Yveltal|[zeffect]\n|-damage|p1a: Yveltal|0 fnt\n|faint|p1a: Yveltal\n|-ability|p2a: Naganadel|Beast Boost|boost\n|-boost|p2a: Naganadel|spe|1\n|\n|upkeep\n|\n|t:|1700273875\n|switch|p1a: Metagross|Metagross, shiny|100\/100\n|-damage|p1a: Metagross|95\/100|[from] Stealth Rock\n|turn|5\n|\n|t:|1700273885\n|switch|p2a: Arceus|Arceus-Water|100\/100\n|-damage|p2a: Arceus|88\/100|[from] Stealth Rock\n|detailschange|p1a: Metagross|Metagross-Mega, shiny\n|-mega|p1a: Metagross|Metagross|Metagrossite\n|move|p1a: Metagross|Bullet Punch|p2a: Arceus\n|-resisted|p2a: Arceus\n|-damage|p2a: Arceus|78\/100\n|\n|upkeep\n|turn|6\n|\n|t:|1700273895\n|switch|p1a: Deoxys|Deoxys-Defense|100\/100\n|-damage|p1a: Deoxys|88\/100|[from] Stealth Rock\n|-ability|p1a: Deoxys|Pressure\n|move|p2a: Arceus|Judgment|p1a: Deoxys\n|-damage|p1a: Deoxys|60\/100\n|\n|-heal|p1a: Deoxys|67\/100|[from] item: Leftovers\n|upkeep\n|turn|7\n|\n|t:|1700273915\n|move|p2a: Arceus|Judgment|p1a: Deoxys\n|-damage|p1a: Deoxys|39\/100\n|move|p1a: Deoxys|Toxic|p2a: Arceus\n|-status|p2a: Arceus|tox\n|\n|-heal|p1a: Deoxys|45\/100|[from] item: Leftovers\n|-damage|p2a: Arceus|72\/100 tox|[from] psn\n|upkeep\n|turn|8\n|\n|t:|1700273930\n|move|p2a: Arceus|Judgment|p1a: Deoxys\n|-damage|p1a: Deoxys|16\/100\n|move|p1a: Deoxys|Recover|p1a: Deoxys\n|-heal|p1a: Deoxys|66\/100\n|\n|-heal|p1a: Deoxys|73\/100|[from] item: Leftovers\n|-damage|p2a: Arceus|60\/100 tox|[from] psn\n|upkeep\n|turn|9\n|\n|t:|1700273937\n|move|p2a: Arceus|Thunder Wave|p1a: Deoxys\n|-status|p1a: Deoxys|par\n|move|p1a: Deoxys|Recover|p1a: Deoxys\n|-heal|p1a: Deoxys|100\/100 par\n|\n|-damage|p2a: Arceus|42\/100 tox|[from] psn\n|upkeep\n|turn|10\n|\n|t:|1700273946\n|move|p2a: Arceus|Defog|p1a: Deoxys\n|-unboost|p1a: Deoxys|evasion|1\n|-sideend|p1: FrostBv|Stealth Rock|[from] move: Defog|[of] p2a: Arceus\n|-sideend|p2: mangomosey|Stealth Rock|[from] move: Defog|[of] p2a: Arceus\n|move|p1a: Deoxys|Ice Beam|p2a: Arceus\n|-resisted|p2a: Arceus\n|-damage|p2a: Arceus|38\/100 tox\n|\n|-damage|p2a: Arceus|14\/100 tox|[from] psn\n|upkeep\n|turn|11\n|\n|t:|1700273955\n|switch|p2a: Naganadel|Naganadel, shiny|8\/100\n|move|p1a: Deoxys|Stealth Rock|p2a: Naganadel\n|-sidestart|p2: mangomosey|move: Stealth Rock\n|\n|upkeep\n|turn|12\n|\n|t:|1700273967\n|move|p2a: Naganadel|Draco Meteor|p1a: Deoxys\n|-damage|p1a: Deoxys|65\/100 par\n|-unboost|p2a: Naganadel|spa|2\n|move|p1a: Deoxys|Ice Beam|p2a: Naganadel\n|-supereffective|p2a: Naganadel\n|-damage|p2a: Naganadel|0 fnt\n|faint|p2a: Naganadel\n|\n|-heal|p1a: Deoxys|71\/100 par|[from] item: Leftovers\n|upkeep\n|\n|t:|1700273975\n|switch|p2a: Groudon|Groudon|100\/100\n|-damage|p2a: Groudon|94\/100|[from] Stealth Rock\n|detailschange|p2a: Groudon|Groudon-Primal\n|-primal|p2a: Groudon|Red Orb\n|-weather|DesolateLand|[from] ability: Desolate Land|[of] p2a: Groudon\n|turn|13\n|\n|t:|1700273985\n|move|p2a: Groudon|Precipice Blades|p1a: Deoxys\n|-damage|p1a: Deoxys|19\/100 par\n|move|p1a: Deoxys|Toxic|p2a: Groudon|[miss]\n|-miss|p1a: Deoxys|p2a: Groudon\n|\n|-weather|DesolateLand|[upkeep]\n|-heal|p1a: Deoxys|25\/100 par|[from] item: Leftovers\n|upkeep\n|turn|14\n|\n|t:|1700273992\n|move|p2a: Groudon|Precipice Blades|p1a: Deoxys\n|-damage|p1a: Deoxys|0 fnt\n|faint|p1a: Deoxys\n|\n|-weather|DesolateLand|[upkeep]\n|upkeep\n|\n|t:|1700274000\n|switch|p1a: Groudon|Groudon|100\/100\n|detailschange|p1a: Groudon|Groudon-Primal\n|-primal|p1a: Groudon|Red Orb\n|turn|15\n|\n|t:|1700274006\n|move|p1a: Groudon|Precipice Blades|p2a: Groudon\n|-supereffective|p2a: Groudon\n|-damage|p2a: Groudon|28\/100\n|move|p2a: Groudon|Precipice Blades|p1a: Groudon\n|-supereffective|p1a: Groudon\n|-damage|p1a: Groudon|2\/100\n|\n|-weather|DesolateLand|[upkeep]\n|upkeep\n|turn|16\n|\n|t:|1700274017\n|move|p1a: Groudon|Precipice Blades|p2a: Groudon\n|-supereffective|p2a: Groudon\n|-damage|p2a: Groudon|0 fnt\n|faint|p2a: Groudon\n|\n|-weather|DesolateLand|[upkeep]\n|upkeep\n|\n|t:|1700274024\n|switch|p2a: Arceus|Arceus-Water|14\/100 tox\n|-damage|p2a: Arceus|1\/100 tox|[from] Stealth Rock\n|turn|17\n|\n|t:|1700274029\n|-weather|none\n|switch|p1a: Metagross|Metagross-Mega, shiny|95\/100\n|move|p2a: Arceus|Defog|p1a: Metagross\n|-unboost|p1a: Metagross|evasion|1\n|-sideend|p2: mangomosey|Stealth Rock|[from] move: Defog|[of] p2a: Arceus\n|\n|-damage|p2a: Arceus|0 fnt|[from] psn\n|faint|p2a: Arceus\n|upkeep\n|inactive|mangomosey has 120 seconds left.\n|\n|t:|1700274060\n|switch|p2a: Lucario|Lucario, M|100\/100\n|turn|18\n|\n|t:|1700274066\n|detailschange|p2a: Lucario|Lucario-Mega, M\n|-mega|p2a: Lucario|Lucario|Lucarionite\n|move|p2a: Lucario|Swords Dance|p2a: Lucario\n|-boost|p2a: Lucario|atk|2\n|move|p1a: Metagross|Power-Up Punch|p2a: Lucario\n|-supereffective|p2a: Lucario\n|-damage|p2a: Lucario|49\/100\n|-boost|p1a: Metagross|atk|1\n|\n|upkeep\n|turn|19\n|\n|t:|1700274075\n|move|p2a: Lucario|Close Combat|p1a: Metagross\n|-damage|p1a: Metagross|0 fnt\n|-unboost|p2a: Lucario|def|1\n|-unboost|p2a: Lucario|spd|1\n|faint|p1a: Metagross\n|\n|upkeep\n|\n|t:|1700274083\n|switch|p1a: Dragapult|Dragapult, F|100\/100\n|turn|20\n|\n|t:|1700274086\n|move|p2a: Lucario|Bullet Punch|p1a: Dragapult\n|-damage|p1a: Dragapult|18\/100\n|move|p1a: Dragapult|Phantom Force||[still]\n|-prepare|p1a: Dragapult|Phantom Force\n|\n|upkeep\n|turn|21\n|inactiveoff|Battle timer is now OFF.\n|\n|t:|1700274101\n|switch|p2a: Necrozma|Necrozma-Dusk-Mane|100\/100\n|move|p1a: Dragapult|Phantom Force|p2a: Necrozma|[from]lockedmove\n|-supereffective|p2a: Necrozma\n|-damage|p2a: Necrozma|42\/100\n|\n|upkeep\n|turn|22\n|\n|t:|1700274107\n|move|p1a: Dragapult|Phantom Force||[still]\n|-prepare|p1a: Dragapult|Phantom Force\n|move|p2a: Necrozma|Future Sight|p1a: Dragapult\n|-start|p2a: Necrozma|move: Future Sight\n|\n|upkeep\n|turn|23\n|\n|t:|1700274114\n|move|p1a: Dragapult|Phantom Force|p2a: Necrozma|[from]lockedmove\n|-supereffective|p2a: Necrozma\n|-damage|p2a: Necrozma|0 fnt\n|faint|p2a: Necrozma\n|\n|upkeep\n|\n|t:|1700274125\n|switch|p2a: Flutter Mane|Flutter Mane|100\/100\n|-enditem|p2a: Flutter Mane|Booster Energy\n|-activate|p2a: Flutter Mane|ability: Protosynthesis|[fromitem]\n|-start|p2a: Flutter Mane|protosynthesisspe\n|turn|24\n|\n|t:|1700274133\n|move|p2a: Flutter Mane|Shadow Ball|p1a: Dragapult\n|-supereffective|p1a: Dragapult\n|-damage|p1a: Dragapult|0 fnt\n|faint|p1a: Dragapult\n|\n|-hint|Future Sight did not hit because the target is fainted.\n|upkeep\n|\n|t:|1700274140\n|switch|p1a: Groudon|Groudon-Primal|2\/100\n|-weather|DesolateLand|[from] ability: Desolate Land|[of] p1a: Groudon\n|turn|25\n|\n|t:|1700274145\n|move|p2a: Flutter Mane|Shadow Ball|p1a: Groudon\n|-damage|p1a: Groudon|0 fnt\n|faint|p1a: Groudon\n|-weather|none\n|\n|upkeep\n|\n|t:|1700274150\n|switch|p1a: Zygarde|Zygarde|100\/100\n|turn|26\n|\n|t:|1700274153\n|move|p2a: Flutter Mane|Moonblast|p1a: Zygarde\n|-supereffective|p1a: Zygarde\n|-damage|p1a: Zygarde|1\/100\n|-unboost|p1a: Zygarde|spa|1\n|-enditem|p1a: Zygarde|Figy Berry|[eat]\n|-heal|p1a: Zygarde|34\/100|[from] item: Figy Berry\n|move|p1a: Zygarde|Glare|p2a: Flutter Mane\n|-status|p2a: Flutter Mane|par\n|\n|-activate|p1a: Zygarde|ability: Power Construct\n|detailschange|p1a: Zygarde|Zygarde-Complete\n|-heal|p1a: Zygarde|59\/100|[silent]\n|upkeep\n|turn|27\n|\n|t:|1700274165\n|-terastallize|p1a: Zygarde|Ice\n|cant|p2a: Flutter Mane|par\n|move|p1a: Zygarde|Dragon Dance|p1a: Zygarde\n|-boost|p1a: Zygarde|atk|1\n|-boost|p1a: Zygarde|spe|1\n|\n|upkeep\n|turn|28\n|\n|t:|1700274172\n|move|p1a: Zygarde|Dragon Dance|p1a: Zygarde\n|-boost|p1a: Zygarde|atk|1\n|-boost|p1a: Zygarde|spe|1\n|cant|p2a: Flutter Mane|par\n|\n|upkeep\n|turn|29\n|\n|t:|1700274177\n|move|p1a: Zygarde|Thousand Arrows|p2a: Flutter Mane\n|-damage|p2a: Flutter Mane|0 fnt\n|faint|p2a: Flutter Mane\n|-end|p2a: Flutter Mane|Protosynthesis|[silent]\n|\n|upkeep\n|c|\u2606mangomosey|dawg\n|\n|t:|1700274180\n|switch|p2a: Lucario|Lucario-Mega, M|49\/100\n|turn|30\n|\n|t:|1700274182\n|move|p2a: Lucario|Bullet Punch|p1a: Zygarde\n|-supereffective|p1a: Zygarde\n|-damage|p1a: Zygarde|27\/100\n|move|p1a: Zygarde|Thousand Arrows|p2a: Lucario\n|-supereffective|p2a: Lucario\n|-damage|p2a: Lucario|0 fnt\n|faint|p2a: Lucario\n|\n|win|FrostBv\n|raw|FrostBv's rating: 1216 &rarr; <strong>1241<\/strong><br \/>(+25 for winning)\n|raw|mangomosey's rating: 1214 &rarr; <strong>1189<\/strong><br \/>(-25 for losing)\n|c|\u2606FrostBv|bang\n|l|\u2606mangomosey\n","uploadtime":1700274194,"views":23,"p1id":"frostbv","p2id":"mangomosey","formatid":"gen9nationaldexubers","rating":1189,"private":0,"password":""}