{"id":"gen9nationaldexubers-1987199804","p1":"DracoAxel","p2":"Gatita golosa 123","format":"[Gen 9] National Dex Ubers","log":"|j|\u2606DracoAxel\n|j|\u2606Gatita golosa 123\n|t:|1699564606\n|gametype|singles\n|player|p1|DracoAxel|nate|\n|player|p2|Gatita golosa 123|pokekid|\n|teamsize|p1|6\n|teamsize|p2|6\n|gen|9\n|tier|[Gen 9] National Dex Ubers\n|rule|HP Percentage Mod: HP is shown in percentages\n|rule|Endless Battle Clause: Forcing endless battles is banned\n|rule|OHKO Clause: OHKO moves are banned\n|rule|Evasion Moves Clause: Evasion moves are banned\n|rule|Evasion Items Clause: Evasion items are banned\n|rule|Species Clause: Limit one of each Pok\u00e9mon\n|rule|Sleep Clause Mod: Limit one foe put to sleep\n|rule|Mega Rayquaza Clause: You cannot mega evolve Rayquaza\n|clearpoke\n|poke|p1|Sneasler, F|\n|poke|p1|Cinderace, F|\n|poke|p1|Lopunny, M|\n|poke|p1|Garchomp, M|\n|poke|p1|Meowscarada, F|\n|poke|p1|Palafin, M|\n|poke|p2|Blastoise, F|\n|poke|p2|Palafin, F|\n|poke|p2|Goodra-Hisui, M|\n|poke|p2|Dracovish|\n|poke|p2|Araquanid, F|\n|poke|p2|Basculegion, M|\n|teampreview\n|\n|t:|1699564613\n|start\n|switch|p1a: Lopunny|Lopunny, M|100\/100\n|switch|p2a: Pomposo|Araquanid, F|100\/100\n|turn|1\n|c|\u2606Gatita golosa 123|Suerte pa\n|\n|t:|1699564625\n|detailschange|p1a: Lopunny|Lopunny-Mega, M\n|-mega|p1a: Lopunny|Lopunny|Lopunnite\n|move|p1a: Lopunny|Fake Out|p2a: Pomposo\n|-damage|p2a: Pomposo|78\/100\n|move|p2a: Pomposo|Iron Defense|p2a: Pomposo\n|-boost|p2a: Pomposo|def|2\n|\n|upkeep\n|turn|2\n|l|\u2606DracoAxel\n|player|p1|\n|c|\u2606Gatita golosa 123|Que fue?\n|j|\u2606DracoAxel\n|player|p1|DracoAxel|nate\n|\n|t:|1699564721\n|move|p1a: Lopunny|Power-Up Punch|p2a: Pomposo\n|-resisted|p2a: Pomposo\n|-damage|p2a: Pomposo|73\/100\n|-boost|p1a: Lopunny|atk|1\n|move|p2a: Pomposo|Sticky Web|p1a: Lopunny\n|-sidestart|p1: DracoAxel|move: Sticky Web\n|\n|upkeep\n|turn|3\n|\n|t:|1699564726\n|move|p1a: Lopunny|Power-Up Punch|p2a: Pomposo\n|-resisted|p2a: Pomposo\n|-damage|p2a: Pomposo|64\/100\n|-boost|p1a: Lopunny|atk|1\n|move|p2a: Pomposo|Liquidation|p1a: Lopunny\n|-damage|p1a: Lopunny|24\/100\n|\n|upkeep\n|turn|4\n|\n|t:|1699564729\n|move|p1a: Lopunny|Return|p2a: Pomposo\n|-damage|p2a: Pomposo|10\/100\n|move|p2a: Pomposo|Liquidation|p1a: Lopunny\n|-damage|p1a: Lopunny|0 fnt\n|faint|p1a: Lopunny\n|\n|upkeep\n|\n|t:|1699564736\n|switch|p1a: Palafin|Palafin, M|100\/100\n|-activate|p1a: Palafin|move: Sticky Web\n|-unboost|p1a: Palafin|spe|1\n|turn|5\n|\n|t:|1699564742\n|detailschange|p1a: Palafin|Palafin-Hero, M\n|switch|p1a: Sneasler|Sneasler, F|100\/100\n|-activate|p1a: Sneasler|move: Sticky Web\n|-unboost|p1a: Sneasler|spe|1\n|move|p2a: Pomposo|Leech Life|p1a: Sneasler\n|-resisted|p1a: Sneasler\n|-damage|p1a: Sneasler|90\/100\n|-heal|p2a: Pomposo|16\/100|[from] drain|[of] p1a: Sneasler\n|\n|upkeep\n|turn|6\n|\n|t:|1699564750\n|move|p1a: Sneasler|Fake Out|p2a: Pomposo\n|-enditem|p1a: Sneasler|Normal Gem|[from] gem\n|-damage|p2a: Pomposo|6\/100\n|move|p2a: Pomposo|Liquidation|p1a: Sneasler\n|-crit|p1a: Sneasler\n|-damage|p1a: Sneasler|0 fnt\n|faint|p1a: Sneasler\n|\n|upkeep\n|\n|t:|1699564763\n|switch|p1a: Garchomp|Garchomp, M|100\/100\n|-activate|p1a: Garchomp|move: Sticky Web\n|-unboost|p1a: Garchomp|spe|1\n|turn|7\n|\n|t:|1699564772\n|-terastallize|p1a: Garchomp|Dragon\n|move|p1a: Garchomp|Outrage|p2a: Pomposo\n|-crit|p2a: Pomposo\n|-damage|p2a: Pomposo|0 fnt\n|faint|p2a: Pomposo\n|\n|upkeep\n|\n|t:|1699564791\n|switch|p2a: Goodra|Goodra-Hisui, M|100\/100\n|turn|8\n|\n|t:|1699564797\n|move|p1a: Garchomp|Outrage|p2a: Goodra|[from]lockedmove\n|-damage|p2a: Goodra|20\/100\n|move|p2a: Goodra|Flash Cannon|p1a: Garchomp\n|-damage|p1a: Garchomp|66\/100\n|\n|upkeep\n|turn|9\n|\n|t:|1699564806\n|move|p1a: Garchomp|Outrage|p2a: Goodra|[from]lockedmove\n|-damage|p2a: Goodra|0 fnt\n|faint|p2a: Goodra\n|-start|p1a: Garchomp|confusion|[fatigue]\n|\n|upkeep\n|\n|t:|1699564811\n|switch|p2a: Copito de nieve|Dracovish|100\/100\n|turn|10\n|\n|t:|1699564821\n|switch|p1a: Meowscarada|Meowscarada, F|100\/100\n|-activate|p1a: Meowscarada|move: Sticky Web\n|-unboost|p1a: Meowscarada|spe|1\n|-zpower|p2a: Copito de nieve\n|move|p2a: Copito de nieve|Z-Rain Dance|p2a: Copito de nieve|[anim]Rain Dance\n|-boost|p2a: Copito de nieve|spe|1|[zeffect]\n|-weather|RainDance\n|\n|-weather|RainDance|[upkeep]\n|upkeep\n|turn|11\n|l|\u2606DracoAxel\n|player|p1|\n|j|\u2606DracoAxel\n|player|p1|DracoAxel|nate\n|\n|t:|1699564870\n|move|p2a: Copito de nieve|Fishious Rend|p1a: Meowscarada\n|-resisted|p1a: Meowscarada\n|-damage|p1a: Meowscarada|0 fnt\n|faint|p1a: Meowscarada\n|\n|-weather|RainDance|[upkeep]\n|upkeep\n|\n|t:|1699564882\n|switch|p1a: Cinderace|Cinderace, F|100\/100\n|-activate|p1a: Cinderace|move: Sticky Web\n|-unboost|p1a: Cinderace|spe|1\n|turn|12\n|c|\u2606Gatita golosa 123|El Pitbull de 80 kilos llamado copito de nieve:\n|l|\u2606DracoAxel\n|player|p1|\n|j|\u2606DracoAxel\n|player|p1|DracoAxel|nate\n|\n|t:|1699564961\n|move|p2a: Copito de nieve|Fishious Rend|p1a: Cinderace\n|-supereffective|p1a: Cinderace\n|-damage|p1a: Cinderace|0 fnt\n|faint|p1a: Cinderace\n|\n|-weather|RainDance|[upkeep]\n|upkeep\n|\n|t:|1699564963\n|switch|p1a: Garchomp|Garchomp, M, tera:Dragon|66\/100\n|-activate|p1a: Garchomp|move: Sticky Web\n|-unboost|p1a: Garchomp|spe|1\n|turn|13\n|\n|t:|1699564973\n|move|p2a: Copito de nieve|Fishious Rend|p1a: Garchomp\n|-resisted|p1a: Garchomp\n|-damage|p1a: Garchomp|0 fnt\n|-damage|p2a: Copito de nieve|88\/100|[from] ability: Rough Skin|[of] p1a: Garchomp\n|faint|p1a: Garchomp\n|\n|-weather|RainDance|[upkeep]\n|upkeep\n|\n|t:|1699564977\n|switch|p1a: Palafin|Palafin-Hero, M|100\/100\n|-activate|p1a: Palafin|move: Sticky Web\n|-unboost|p1a: Palafin|spe|1\n|-activate|p1a: Palafin|ability: Zero to Hero\n|turn|14\n|l|\u2606DracoAxel\n|player|p1|\n|j|\u2606DracoAxel\n|player|p1|DracoAxel|nate\n|\n|t:|1699565025\n|move|p2a: Copito de nieve|Fishious Rend|p1a: Palafin\n|-resisted|p1a: Palafin\n|-damage|p1a: Palafin|30\/100\n|move|p1a: Palafin|Wave Crash|p2a: Copito de nieve\n|-resisted|p2a: Copito de nieve\n|-damage|p2a: Copito de nieve|45\/100\n|-damage|p1a: Palafin|16\/100|[from] Recoil\n|\n|-weather|none\n|upkeep\n|turn|15\n|\n|t:|1699565033\n|move|p2a: Copito de nieve|Fishious Rend|p1a: Palafin\n|-resisted|p1a: Palafin\n|-damage|p1a: Palafin|0 fnt\n|faint|p1a: Palafin\n|\n|win|Gatita golosa 123\n|l|\u2606DracoAxel\n|c|\u2606Gatita golosa 123|Gg\n","uploadtime":1699565045,"views":6,"p1id":"dracoaxel","p2id":"gatitagolosa123","formatid":"gen9nationaldexubers","rating":0,"private":0,"password":""}