{"id":"gen9nationaldexubers-1993191444","p1":"if canot","p2":"whskeey","format":"[Gen 9] National Dex Ubers","log":"|j|\u2606if canot\n|j|\u2606whskeey\n|t:|1700276032\n|gametype|singles\n|player|p1|if canot|misty-masters|1543\n|player|p2|whskeey|bugcatcher-gen4dp|1500\n|teamsize|p1|6\n|teamsize|p2|6\n|gen|9\n|tier|[Gen 9] National Dex Ubers\n|rated|\n|rule|HP Percentage Mod: HP is shown in percentages\n|rule|Endless Battle Clause: Forcing endless battles is banned\n|rule|OHKO Clause: OHKO moves are banned\n|rule|Evasion Moves Clause: Evasion moves are banned\n|rule|Evasion Items Clause: Evasion items are banned\n|rule|Species Clause: Limit one of each Pok\u00e9mon\n|rule|Sleep Clause Mod: Limit one foe put to sleep\n|rule|Mega Rayquaza Clause: You cannot mega evolve Rayquaza\n|clearpoke\n|poke|p1|Hatterene, F|\n|poke|p1|Porygon2|\n|poke|p1|Cresselia, F|\n|poke|p1|Arceus-Poison|\n|poke|p1|Melmetal|\n|poke|p1|Kyogre|\n|poke|p2|Groudon|\n|poke|p2|Ho-Oh|\n|poke|p2|Kyogre|\n|poke|p2|Necrozma-Dusk-Mane|\n|poke|p2|Arceus-Ground|\n|poke|p2|Xerneas-*|\n|teampreview\n|inactive|Battle timer is ON: inactive players will automatically lose when time's up. (requested by if canot)\n|\n|t:|1700276043\n|start\n|switch|p1a: 3D\u9f99Il\u578b\u8089\u5230\u6b7b\uff0c\u62cd\u843d\u9664\u5916|Porygon2|100\/100\n|switch|p2a: Necrozma|Necrozma-Dusk-Mane|100\/100\n|-ability|p1a: 3D\u9f99Il\u578b\u8089\u5230\u6b7b\uff0c\u62cd\u843d\u9664\u5916|Download|boost\n|-boost|p1a: 3D\u9f99Il\u578b\u8089\u5230\u6b7b\uff0c\u62cd\u843d\u9664\u5916|spa|1\n|turn|1\n|\n|t:|1700276062\n|move|p2a: Necrozma|Dragon Dance|p2a: Necrozma\n|-boost|p2a: Necrozma|atk|1\n|-boost|p2a: Necrozma|spe|1\n|move|p1a: 3D\u9f99Il\u578b\u8089\u5230\u6b7b\uff0c\u62cd\u843d\u9664\u5916|Foul Play|p2a: Necrozma\n|-supereffective|p2a: Necrozma\n|-damage|p2a: Necrozma|27\/100\n|\n|upkeep\n|turn|2\n|\n|t:|1700276082\n|detailschange|p2a: Necrozma|Necrozma-Ultra\n|-burst|p2a: Necrozma|Necrozma|Ultranecrozium Z\n|move|p2a: Necrozma|Photon Geyser|p1a: 3D\u9f99Il\u578b\u8089\u5230\u6b7b\uff0c\u62cd\u843d\u9664\u5916\n|-damage|p1a: 3D\u9f99Il\u578b\u8089\u5230\u6b7b\uff0c\u62cd\u843d\u9664\u5916|47\/100\n|move|p1a: 3D\u9f99Il\u578b\u8089\u5230\u6b7b\uff0c\u62cd\u843d\u9664\u5916|Trick Room|p1a: 3D\u9f99Il\u578b\u8089\u5230\u6b7b\uff0c\u62cd\u843d\u9664\u5916\n|-fieldstart|move: Trick Room|[of] p1a: 3D\u9f99Il\u578b\u8089\u5230\u6b7b\uff0c\u62cd\u843d\u9664\u5916\n|\n|upkeep\n|turn|3\n|\n|t:|1700276095\n|switch|p2a: Ho-Oh|Ho-Oh|100\/100\n|move|p1a: 3D\u9f99Il\u578b\u8089\u5230\u6b7b\uff0c\u62cd\u843d\u9664\u5916|Foul Play|p2a: Ho-Oh\n|-damage|p2a: Ho-Oh|75\/100\n|\n|upkeep\n|turn|4\n|\n|t:|1700276101\n|move|p2a: Ho-Oh|Toxic|p1a: 3D\u9f99Il\u578b\u8089\u5230\u6b7b\uff0c\u62cd\u843d\u9664\u5916|[miss]\n|-miss|p2a: Ho-Oh|p1a: 3D\u9f99Il\u578b\u8089\u5230\u6b7b\uff0c\u62cd\u843d\u9664\u5916\n|move|p1a: 3D\u9f99Il\u578b\u8089\u5230\u6b7b\uff0c\u62cd\u843d\u9664\u5916|Teleport|p1a: 3D\u9f99Il\u578b\u8089\u5230\u6b7b\uff0c\u62cd\u843d\u9664\u5916\n|\n|t:|1700276103\n|switch|p1a: \u4f60\u662f\uff1fl|Kyogre|100\/100|[from] Teleport\n|detailschange|p1a: \u4f60\u662f\uff1fl|Kyogre-Primal\n|-primal|p1a: \u4f60\u662f\uff1fl|Blue Orb\n|-weather|PrimordialSea|[from] ability: Primordial Sea|[of] p1a: \u4f60\u662f\uff1fl\n|\n|-weather|PrimordialSea|[upkeep]\n|upkeep\n|turn|5\n|\n|t:|1700276108\n|switch|p2a: Groudon|Groudon|100\/100\n|detailschange|p2a: Groudon|Groudon-Primal\n|-primal|p2a: Groudon|Red Orb\n|-weather|DesolateLand|[from] ability: Desolate Land|[of] p2a: Groudon\n|move|p1a: \u4f60\u662f\uff1fl|Ice Beam|p2a: Groudon\n|-damage|p2a: Groudon|61\/100\n|\n|-weather|DesolateLand|[upkeep]\n|upkeep\n|turn|6\n|\n|t:|1700276120\n|move|p1a: \u4f60\u662f\uff1fl|Ice Beam|p2a: Groudon\n|-damage|p2a: Groudon|19\/100\n|move|p2a: Groudon|Precipice Blades|p1a: \u4f60\u662f\uff1fl|[miss]\n|-miss|p2a: Groudon|p1a: \u4f60\u662f\uff1fl\n|\n|-weather|DesolateLand|[upkeep]\n|-fieldend|move: Trick Room\n|upkeep\n|turn|7\n|\n|t:|1700276139\n|-weather|none\n|switch|p2a: Ho-Oh|Ho-Oh|100\/100\n|move|p1a: \u4f60\u662f\uff1fl|Ice Beam|p2a: Ho-Oh\n|-damage|p2a: Ho-Oh|83\/100\n|\n|upkeep\n|turn|8\n|\n|t:|1700276148\n|-terastallize|p2a: Ho-Oh|Water\n|move|p2a: Ho-Oh|Toxic|p1a: \u4f60\u662f\uff1fl\n|-status|p1a: \u4f60\u662f\uff1fl|tox\n|move|p1a: \u4f60\u662f\uff1fl|Water Spout|p2a: Ho-Oh\n|-resisted|p2a: Ho-Oh\n|-damage|p2a: Ho-Oh|58\/100\n|\n|-damage|p1a: \u4f60\u662f\uff1fl|94\/100 tox|[from] psn\n|upkeep\n|turn|9\n|\n|t:|1700276162\n|switch|p2a: Arceus|Arceus-Ground|100\/100\n|move|p1a: \u4f60\u662f\uff1fl|Thunder|p2a: Arceus\n|-immune|p2a: Arceus\n|\n|-damage|p1a: \u4f60\u662f\uff1fl|82\/100 tox|[from] psn\n|upkeep\n|turn|10\n|\n|t:|1700276178\n|move|p2a: Arceus|Earthquake|p1a: \u4f60\u662f\uff1fl\n|-damage|p1a: \u4f60\u662f\uff1fl|21\/100 tox\n|move|p1a: \u4f60\u662f\uff1fl|Water Spout|p2a: Arceus\n|-supereffective|p2a: Arceus\n|-damage|p2a: Arceus|69\/100\n|\n|-damage|p1a: \u4f60\u662f\uff1fl|2\/100 tox|[from] psn\n|upkeep\n|turn|11\n|\n|t:|1700276189\n|switch|p1a: \u5c0f\u8001\u5a46\uff0c\u771f\u7684\u8089|Cresselia, F|100\/100\n|move|p2a: Arceus|Extreme Speed|p1a: \u5c0f\u8001\u5a46\uff0c\u771f\u7684\u8089\n|-crit|p1a: \u5c0f\u8001\u5a46\uff0c\u771f\u7684\u8089\n|-damage|p1a: \u5c0f\u8001\u5a46\uff0c\u771f\u7684\u8089|76\/100\n|\n|upkeep\n|turn|12\n|\n|t:|1700276197\n|move|p2a: Arceus|Swords Dance|p2a: Arceus\n|-boost|p2a: Arceus|atk|2\n|move|p1a: \u5c0f\u8001\u5a46\uff0c\u771f\u7684\u8089|Toxic|p2a: Arceus\n|-status|p2a: Arceus|tox\n|\n|-damage|p2a: Arceus|62\/100 tox|[from] psn\n|upkeep\n|turn|13\n|\n|t:|1700276205\n|move|p2a: Arceus|Extreme Speed|p1a: \u5c0f\u8001\u5a46\uff0c\u771f\u7684\u8089\n|-damage|p1a: \u5c0f\u8001\u5a46\uff0c\u771f\u7684\u8089|46\/100\n|move|p1a: \u5c0f\u8001\u5a46\uff0c\u771f\u7684\u8089|Moonlight|p1a: \u5c0f\u8001\u5a46\uff0c\u771f\u7684\u8089\n|-heal|p1a: \u5c0f\u8001\u5a46\uff0c\u771f\u7684\u8089|96\/100\n|\n|-damage|p2a: Arceus|50\/100 tox|[from] psn\n|upkeep\n|turn|14\n|\n|t:|1700276214\n|switch|p2a: Ho-Oh|Ho-Oh, tera:Water|92\/100\n|move|p1a: \u5c0f\u8001\u5a46\uff0c\u771f\u7684\u8089|Moonlight|p1a: \u5c0f\u8001\u5a46\uff0c\u771f\u7684\u8089\n|-heal|p1a: \u5c0f\u8001\u5a46\uff0c\u771f\u7684\u8089|100\/100\n|\n|upkeep\n|turn|15\n|\n|t:|1700276221\n|switch|p1a: \u9b54\u5973\u5e3d\u5b50\uff0c\u53ea\u4f1a\u9001\u6b7b|Hatterene, F|100\/100\n|move|p2a: Ho-Oh|Sacred Fire|p1a: \u9b54\u5973\u5e3d\u5b50\uff0c\u53ea\u4f1a\u9001\u6b7b\n|-damage|p1a: \u9b54\u5973\u5e3d\u5b50\uff0c\u53ea\u4f1a\u9001\u6b7b|53\/100\n|-status|p1a: \u9b54\u5973\u5e3d\u5b50\uff0c\u53ea\u4f1a\u9001\u6b7b|brn\n|\n|-damage|p1a: \u9b54\u5973\u5e3d\u5b50\uff0c\u53ea\u4f1a\u9001\u6b7b|47\/100 brn|[from] brn\n|upkeep\n|turn|16\n|\n|t:|1700276229\n|move|p2a: Ho-Oh|Sacred Fire|p1a: \u9b54\u5973\u5e3d\u5b50\uff0c\u53ea\u4f1a\u9001\u6b7b\n|-damage|p1a: \u9b54\u5973\u5e3d\u5b50\uff0c\u53ea\u4f1a\u9001\u6b7b|2\/100 brn\n|move|p1a: \u9b54\u5973\u5e3d\u5b50\uff0c\u53ea\u4f1a\u9001\u6b7b|Trick Room|p1a: \u9b54\u5973\u5e3d\u5b50\uff0c\u53ea\u4f1a\u9001\u6b7b\n|-fieldstart|move: Trick Room|[of] p1a: \u9b54\u5973\u5e3d\u5b50\uff0c\u53ea\u4f1a\u9001\u6b7b\n|\n|-damage|p1a: \u9b54\u5973\u5e3d\u5b50\uff0c\u53ea\u4f1a\u9001\u6b7b|0 fnt|[from] brn\n|faint|p1a: \u9b54\u5973\u5e3d\u5b50\uff0c\u53ea\u4f1a\u9001\u6b7b\n|upkeep\n|\n|t:|1700276234\n|switch|p1a: \u5854\u7237\u7684\u7269\u653b\u5df2\u7ecf\u6765\u5230\u4e8613000\u70b9|Melmetal|100\/100\n|turn|17\n|\n|t:|1700276248\n|-terastallize|p1a: \u5854\u7237\u7684\u7269\u653b\u5df2\u7ecf\u6765\u5230\u4e8613000\u70b9|Steel\n|move|p1a: \u5854\u7237\u7684\u7269\u653b\u5df2\u7ecf\u6765\u5230\u4e8613000\u70b9|Double Iron Bash|p2a: Ho-Oh\n|-resisted|p2a: Ho-Oh\n|-damage|p2a: Ho-Oh|51\/100\n|-resisted|p2a: Ho-Oh\n|-damage|p2a: Ho-Oh|11\/100\n|-hitcount|p2a: Ho-Oh|2\n|cant|p2a: Ho-Oh|flinch\n|\n|upkeep\n|turn|18\n|c|\u2606whskeey|\u8279\n|\n|t:|1700276273\n|switch|p2a: Necrozma|Necrozma-Ultra|27\/100\n|move|p1a: \u5854\u7237\u7684\u7269\u653b\u5df2\u7ecf\u6765\u5230\u4e8613000\u70b9|Double Iron Bash|p2a: Necrozma\n|-damage|p2a: Necrozma|0 fnt\n|faint|p2a: Necrozma\n|-hitcount|p2: Necrozma|1\n|\n|upkeep\n|\n|t:|1700276287\n|switch|p2a: Kyogre|Kyogre|100\/100\n|detailschange|p2a: Kyogre|Kyogre-Primal\n|-primal|p2a: Kyogre|Blue Orb\n|-weather|PrimordialSea|[from] ability: Primordial Sea|[of] p2a: Kyogre\n|turn|19\n|\n|t:|1700276294\n|move|p1a: \u5854\u7237\u7684\u7269\u653b\u5df2\u7ecf\u6765\u5230\u4e8613000\u70b9|Double Iron Bash|p2a: Kyogre\n|-resisted|p2a: Kyogre\n|-damage|p2a: Kyogre|54\/100\n|-resisted|p2a: Kyogre\n|-damage|p2a: Kyogre|10\/100\n|-hitcount|p2a: Kyogre|2\n|cant|p2a: Kyogre|flinch\n|\n|-weather|PrimordialSea|[upkeep]\n|upkeep\n|turn|20\n|\n|t:|1700276305\n|move|p1a: \u5854\u7237\u7684\u7269\u653b\u5df2\u7ecf\u6765\u5230\u4e8613000\u70b9|Double Iron Bash|p2a: Kyogre\n|-resisted|p2a: Kyogre\n|-damage|p2a: Kyogre|0 fnt\n|faint|p2a: Kyogre\n|-weather|none\n|-hitcount|p2: Kyogre|1\n|\n|-fieldend|move: Trick Room\n|upkeep\n|\n|t:|1700276309\n|switch|p2a: Groudon|Groudon-Primal|19\/100\n|-weather|DesolateLand|[from] ability: Desolate Land|[of] p2a: Groudon\n|turn|21\n|\n|t:|1700276321\n|move|p2a: Groudon|Heat Crash|p1a: \u5854\u7237\u7684\u7269\u653b\u5df2\u7ecf\u6765\u5230\u4e8613000\u70b9\n|-supereffective|p1a: \u5854\u7237\u7684\u7269\u653b\u5df2\u7ecf\u6765\u5230\u4e8613000\u70b9\n|-damage|p1a: \u5854\u7237\u7684\u7269\u653b\u5df2\u7ecf\u6765\u5230\u4e8613000\u70b9|47\/100\n|move|p1a: \u5854\u7237\u7684\u7269\u653b\u5df2\u7ecf\u6765\u5230\u4e8613000\u70b9|Double Iron Bash|p2a: Groudon\n|-resisted|p2a: Groudon\n|-damage|p2a: Groudon|0 fnt\n|faint|p2a: Groudon\n|-weather|none\n|-hitcount|p2: Groudon|1\n|\n|upkeep\n|\n|t:|1700276334\n|switch|p2a: Arceus|Arceus-Ground|50\/100 tox\n|turn|22\n|\n|t:|1700276338\n|switch|p1a: \u5c0f\u8001\u5a46\uff0c\u771f\u7684\u8089|Cresselia, F|100\/100\n|move|p2a: Arceus|Recover|p2a: Arceus\n|-heal|p2a: Arceus|100\/100 tox\n|\n|-damage|p2a: Arceus|94\/100 tox|[from] psn\n|upkeep\n|turn|23\n|\n|t:|1700276347\n|switch|p2a: Ho-Oh|Ho-Oh, tera:Water|44\/100\n|move|p1a: \u5c0f\u8001\u5a46\uff0c\u771f\u7684\u8089|Trick Room|p1a: \u5c0f\u8001\u5a46\uff0c\u771f\u7684\u8089\n|-fieldstart|move: Trick Room|[of] p1a: \u5c0f\u8001\u5a46\uff0c\u771f\u7684\u8089\n|\n|upkeep\n|turn|24\n|\n|t:|1700276354\n|switch|p1a: \u7f8a\u9a7c\u592a\u5e05\u4e86|Arceus-Poison|100\/100\n|move|p2a: Ho-Oh|Recover|p2a: Ho-Oh\n|-heal|p2a: Ho-Oh|94\/100\n|\n|upkeep\n|turn|25\n|\n|t:|1700276361\n|move|p2a: Ho-Oh|Sacred Fire|p1a: \u7f8a\u9a7c\u592a\u5e05\u4e86\n|-damage|p1a: \u7f8a\u9a7c\u592a\u5e05\u4e86|79\/100\n|move|p1a: \u7f8a\u9a7c\u592a\u5e05\u4e86|Judgment|p2a: Ho-Oh\n|-damage|p2a: Ho-Oh|74\/100\n|\n|upkeep\n|turn|26\n|\n|t:|1700276370\n|move|p2a: Ho-Oh|Sacred Fire|p1a: \u7f8a\u9a7c\u592a\u5e05\u4e86\n|-damage|p1a: \u7f8a\u9a7c\u592a\u5e05\u4e86|56\/100\n|-status|p1a: \u7f8a\u9a7c\u592a\u5e05\u4e86|brn\n|move|p1a: \u7f8a\u9a7c\u592a\u5e05\u4e86|Healing Wish|p1a: \u7f8a\u9a7c\u592a\u5e05\u4e86\n|faint|p1a: \u7f8a\u9a7c\u592a\u5e05\u4e86\n|\n|upkeep\n|\n|t:|1700276375\n|switch|p1a: \u5854\u7237\u7684\u7269\u653b\u5df2\u7ecf\u6765\u5230\u4e8613000\u70b9|Melmetal, tera:Steel|47\/100\n|-heal|p1a: \u5854\u7237\u7684\u7269\u653b\u5df2\u7ecf\u6765\u5230\u4e8613000\u70b9|100\/100|[from] move: Healing Wish\n|turn|27\n|\n|t:|1700276389\n|switch|p2a: Xerneas|Xerneas|100\/100\n|-ability|p2a: Xerneas|Fairy Aura\n|move|p1a: \u5854\u7237\u7684\u7269\u653b\u5df2\u7ecf\u6765\u5230\u4e8613000\u70b9|Double Iron Bash|p2a: Xerneas\n|-supereffective|p2a: Xerneas\n|-damage|p2a: Xerneas|0 fnt\n|faint|p2a: Xerneas\n|-hitcount|p2: Xerneas|1\n|\n|-fieldend|move: Trick Room\n|upkeep\n|\n|t:|1700276393\n|switch|p2a: Arceus|Arceus-Ground|94\/100 tox\n|turn|28\n|\n|t:|1700276401\n|move|p2a: Arceus|Swords Dance|p2a: Arceus\n|-boost|p2a: Arceus|atk|2\n|move|p1a: \u5854\u7237\u7684\u7269\u653b\u5df2\u7ecf\u6765\u5230\u4e8613000\u70b9|Double Iron Bash|p2a: Arceus\n|-damage|p2a: Arceus|31\/100 tox\n|-damage|p2a: Arceus|0 fnt\n|faint|p2a: Arceus\n|-hitcount|p2: Arceus|2\n|\n|upkeep\n|\n|t:|1700276406\n|switch|p2a: Ho-Oh|Ho-Oh, tera:Water|100\/100\n|turn|29\n|-message|whskeey forfeited.\n|\n|win|if canot\n|raw|if canot's rating: 1543 &rarr; <strong>1561<\/strong><br \/>(+18 for winning)\n|raw|whskeey's rating: 1500 &rarr; <strong>1482<\/strong><br \/>(-18 for losing)\n|l|\u2606whskeey\n","uploadtime":1700276428,"views":8,"p1id":"ifcanot","p2id":"whskeey","formatid":"gen9nationaldexubers","rating":1482,"private":0,"password":""}