{"id":"gen9nationaldexubers-2000113986","p1":"XX_1nfinity_XX","p2":"Chaitanya15","format":"[Gen 9] National Dex Ubers","log":"|j|\u2606XX_1nfinity_XX\n|j|\u2606Chaitanya15\n|t:|1701157343\n|gametype|singles\n|player|p1|XX_1nfinity_XX|steven|1481\n|player|p2|Chaitanya15|101|1465\n|teamsize|p1|6\n|teamsize|p2|6\n|gen|9\n|tier|[Gen 9] National Dex Ubers\n|rated|\n|rule|HP Percentage Mod: HP is shown in percentages\n|rule|Endless Battle Clause: Forcing endless battles is banned\n|rule|OHKO Clause: OHKO moves are banned\n|rule|Evasion Moves Clause: Evasion moves are banned\n|rule|Evasion Items Clause: Evasion items are banned\n|rule|Species Clause: Limit one of each Pok\u00e9mon\n|rule|Sleep Clause Mod: Limit one foe put to sleep\n|rule|Mega Rayquaza Clause: You cannot mega evolve Rayquaza\n|clearpoke\n|poke|p1|Yveltal|\n|poke|p1|Necrozma-Dusk-Mane|\n|poke|p1|Eternatus|\n|poke|p1|Arceus|\n|poke|p1|Blastoise, F|\n|poke|p1|Zygarde|\n|poke|p2|Kingambit, F|\n|poke|p2|Basculegion, M|\n|poke|p2|Kyogre|\n|poke|p2|Flutter Mane|\n|poke|p2|Deoxys-Speed|\n|poke|p2|Groudon|\n|teampreview\n|inactive|Battle timer is ON: inactive players will automatically lose when time's up. (requested by XX_1nfinity_XX)\n|inactive|XX_1nfinity_XX has 120 seconds left.\n|j| 1 em trach thu\n|\n|t:|1701157387\n|start\n|switch|p1a: Arceus|Arceus|100\/100\n|switch|p2a: Flutter Mane|Flutter Mane|100\/100\n|-enditem|p2a: Flutter Mane|Booster Energy\n|-activate|p2a: Flutter Mane|ability: Protosynthesis|[fromitem]\n|-start|p2a: Flutter Mane|protosynthesisspe\n|turn|1\n|\n|t:|1701157396\n|move|p2a: Flutter Mane|Moonblast|p1a: Arceus\n|-damage|p1a: Arceus|63\/100\n|-unboost|p1a: Arceus|spa|1\n|move|p1a: Arceus|Earthquake|p2a: Flutter Mane\n|-damage|p2a: Flutter Mane|22\/100\n|\n|-heal|p1a: Arceus|69\/100|[from] item: Leftovers\n|upkeep\n|turn|2\n|\n|t:|1701157406\n|move|p2a: Flutter Mane|Moonblast|p1a: Arceus\n|-damage|p1a: Arceus|33\/100\n|move|p1a: Arceus|Recover|p1a: Arceus\n|-heal|p1a: Arceus|83\/100\n|\n|-heal|p1a: Arceus|89\/100|[from] item: Leftovers\n|upkeep\n|turn|3\n|\n|t:|1701157415\n|move|p2a: Flutter Mane|Moonblast|p1a: Arceus\n|-damage|p1a: Arceus|46\/100\n|move|p1a: Arceus|Dragon Dance|p1a: Arceus\n|-boost|p1a: Arceus|atk|1\n|-boost|p1a: Arceus|spe|1\n|\n|-heal|p1a: Arceus|52\/100|[from] item: Leftovers\n|upkeep\n|turn|4\n|\n|t:|1701157428\n|-terastallize|p2a: Flutter Mane|Fairy\n|move|p2a: Flutter Mane|Moonblast|p1a: Arceus\n|-damage|p1a: Arceus|0 fnt\n|faint|p1a: Arceus\n|\n|upkeep\n|\n|t:|1701157440\n|switch|p1a: Yveltal|Yveltal|100\/100\n|-ability|p1a: Yveltal|Dark Aura\n|turn|5\n|\n|t:|1701157446\n|-end|p2a: Flutter Mane|Protosynthesis|[silent]\n|switch|p2a: Groudon|Groudon|100\/100\n|detailschange|p2a: Groudon|Groudon-Primal\n|-primal|p2a: Groudon|Red Orb\n|-weather|DesolateLand|[from] ability: Desolate Land|[of] p2a: Groudon\n|move|p1a: Yveltal|Sucker Punch||[still]\n|-fail|p1a: Yveltal\n|\n|-weather|DesolateLand|[upkeep]\n|upkeep\n|turn|6\n|\n|t:|1701157455\n|move|p1a: Yveltal|Oblivion Wing|p2a: Groudon\n|-damage|p2a: Groudon|61\/100\n|move|p2a: Groudon|Heat Crash|p1a: Yveltal\n|-damage|p1a: Yveltal|0 fnt\n|faint|p1a: Yveltal\n|\n|-weather|DesolateLand|[upkeep]\n|upkeep\n|\n|t:|1701157463\n|switch|p1a: Zygarde|Zygarde|100\/100\n|turn|7\n|\n|t:|1701157469\n|move|p2a: Groudon|Precipice Blades|p1a: Zygarde|[miss]\n|-miss|p2a: Groudon|p1a: Zygarde\n|move|p1a: Zygarde|Thousand Arrows|p2a: Groudon\n|-supereffective|p2a: Groudon\n|-damage|p2a: Groudon|18\/100\n|\n|-weather|DesolateLand|[upkeep]\n|upkeep\n|turn|8\n|\n|t:|1701157477\n|move|p2a: Groudon|Precipice Blades|p1a: Zygarde\n|-damage|p1a: Zygarde|44\/100\n|move|p1a: Zygarde|Coil|p1a: Zygarde\n|-boost|p1a: Zygarde|atk|1\n|-boost|p1a: Zygarde|def|1\n|-boost|p1a: Zygarde|accuracy|1\n|\n|-weather|DesolateLand|[upkeep]\n|-heal|p1a: Zygarde|50\/100|[from] item: Leftovers\n|-activate|p1a: Zygarde|ability: Power Construct\n|detailschange|p1a: Zygarde|Zygarde-Complete\n|-heal|p1a: Zygarde|67\/100|[silent]\n|upkeep\n|turn|9\n|\n|t:|1701157490\n|move|p2a: Groudon|Heat Crash|p1a: Zygarde\n|-resisted|p1a: Zygarde\n|-damage|p1a: Zygarde|61\/100\n|move|p1a: Zygarde|Coil|p1a: Zygarde\n|-boost|p1a: Zygarde|atk|1\n|-boost|p1a: Zygarde|def|1\n|-boost|p1a: Zygarde|accuracy|1\n|\n|-weather|DesolateLand|[upkeep]\n|-heal|p1a: Zygarde|67\/100|[from] item: Leftovers\n|upkeep\n|turn|10\n|\n|t:|1701157502\n|move|p2a: Groudon|Precipice Blades|p1a: Zygarde\n|-damage|p1a: Zygarde|49\/100\n|move|p1a: Zygarde|Thousand Arrows|p2a: Groudon\n|-supereffective|p2a: Groudon\n|-damage|p2a: Groudon|0 fnt\n|faint|p2a: Groudon\n|-weather|none\n|\n|-heal|p1a: Zygarde|55\/100|[from] item: Leftovers\n|upkeep\n|\n|t:|1701157513\n|switch|p2a: Flutter Mane|Flutter Mane, tera:Fairy|22\/100\n|turn|11\n|\n|t:|1701157527\n|-terastallize|p1a: Zygarde|Water\n|move|p2a: Flutter Mane|Moonblast|p1a: Zygarde\n|-damage|p1a: Zygarde|25\/100\n|move|p1a: Zygarde|Rest|p1a: Zygarde\n|-status|p1a: Zygarde|slp|[from] move: Rest\n|-heal|p1a: Zygarde|100\/100 slp|[silent]\n|\n|upkeep\n|turn|12\n|\n|t:|1701157537\n|-end|p2a: Flutter Mane|Protosynthesis|[silent]\n|switch|p2a: Kyogre|Kyogre|100\/100\n|-weather|RainDance|[from] ability: Drizzle|[of] p2a: Kyogre\n|cant|p1a: Zygarde|slp\n|move|p1a: Zygarde|Sleep Talk|p1a: Zygarde\n|move|p1a: Zygarde|Thousand Arrows|p2a: Kyogre|[from]move: Sleep Talk\n|-damage|p2a: Kyogre|27\/100\n|\n|-weather|RainDance|[upkeep]\n|upkeep\n|turn|13\n|\n|t:|1701157550\n|move|p2a: Kyogre|Thunder|p1a: Zygarde\n|-supereffective|p1a: Zygarde\n|-damage|p1a: Zygarde|61\/100 slp\n|cant|p1a: Zygarde|slp\n|move|p1a: Zygarde|Sleep Talk|p1a: Zygarde\n|move|p1a: Zygarde|Coil|p1a: Zygarde|[from]move: Sleep Talk\n|-boost|p1a: Zygarde|atk|1\n|-boost|p1a: Zygarde|def|1\n|-boost|p1a: Zygarde|accuracy|1\n|\n|-weather|RainDance|[upkeep]\n|-heal|p1a: Zygarde|67\/100 slp|[from] item: Leftovers\n|upkeep\n|turn|14\n|\n|t:|1701157563\n|move|p2a: Kyogre|Thunder|p1a: Zygarde\n|-supereffective|p1a: Zygarde\n|-damage|p1a: Zygarde|27\/100 slp\n|-curestatus|p1a: Zygarde|slp|[msg]\n|move|p1a: Zygarde|Rest|p1a: Zygarde\n|-status|p1a: Zygarde|slp|[from] move: Rest\n|-heal|p1a: Zygarde|100\/100 slp|[silent]\n|\n|-weather|RainDance|[upkeep]\n|upkeep\n|turn|15\n|\n|t:|1701157574\n|move|p2a: Kyogre|Thunder|p1a: Zygarde\n|-supereffective|p1a: Zygarde\n|-damage|p1a: Zygarde|60\/100 slp\n|cant|p1a: Zygarde|slp\n|move|p1a: Zygarde|Sleep Talk|p1a: Zygarde\n|move|p1a: Zygarde|Rest||[from]move: Sleep Talk|[still]\n|-fail|p1a: Zygarde\n|\n|-weather|RainDance|[upkeep]\n|-heal|p1a: Zygarde|66\/100 slp|[from] item: Leftovers\n|upkeep\n|turn|16\n|\n|t:|1701157585\n|move|p2a: Kyogre|Thunder|p1a: Zygarde\n|-supereffective|p1a: Zygarde\n|-damage|p1a: Zygarde|29\/100 slp\n|cant|p1a: Zygarde|slp\n|move|p1a: Zygarde|Sleep Talk|p1a: Zygarde\n|move|p1a: Zygarde|Rest||[from]move: Sleep Talk|[still]\n|-fail|p1a: Zygarde\n|\n|-weather|none\n|-heal|p1a: Zygarde|36\/100 slp|[from] item: Leftovers\n|upkeep\n|turn|17\n|\n|t:|1701157598\n|move|p2a: Kyogre|Thunder|p1a: Zygarde|[miss]\n|-miss|p2a: Kyogre|p1a: Zygarde\n|-curestatus|p1a: Zygarde|slp|[msg]\n|move|p1a: Zygarde|Rest|p1a: Zygarde\n|-status|p1a: Zygarde|slp|[from] move: Rest\n|-heal|p1a: Zygarde|100\/100 slp|[silent]\n|\n|upkeep\n|turn|18\n|\n|t:|1701157607\n|switch|p2a: Deoxys|Deoxys-Speed|100\/100\n|-ability|p2a: Deoxys|Pressure\n|cant|p1a: Zygarde|slp\n|move|p1a: Zygarde|Sleep Talk|p1a: Zygarde\n|move|p1a: Zygarde|Rest||[from]move: Sleep Talk|[still]\n|-fail|p1a: Zygarde\n|\n|upkeep\n|turn|19\n|\n|t:|1701157620\n|move|p2a: Deoxys|Psychic|p1a: Zygarde\n|-damage|p1a: Zygarde|87\/100 slp\n|cant|p1a: Zygarde|slp\n|move|p1a: Zygarde|Sleep Talk|p1a: Zygarde\n|move|p1a: Zygarde|Rest||[from]move: Sleep Talk|[still]\n|-fail|p1a: Zygarde\n|\n|-heal|p1a: Zygarde|93\/100 slp|[from] item: Leftovers\n|upkeep\n|turn|20\n|\n|t:|1701157633\n|move|p2a: Deoxys|Psychic|p1a: Zygarde\n|-damage|p1a: Zygarde|80\/100 slp\n|-curestatus|p1a: Zygarde|slp|[msg]\n|move|p1a: Zygarde|Coil|p1a: Zygarde\n|-boost|p1a: Zygarde|atk|1\n|-boost|p1a: Zygarde|def|1\n|-boost|p1a: Zygarde|accuracy|1\n|\n|-heal|p1a: Zygarde|87\/100|[from] item: Leftovers\n|upkeep\n|turn|21\n|\n|t:|1701157644\n|move|p2a: Deoxys|Stealth Rock|p1a: Zygarde\n|-sidestart|p1: XX_1nfinity_XX|move: Stealth Rock\n|move|p1a: Zygarde|Thousand Arrows|p2a: Deoxys\n|-enditem|p2a: Deoxys|Focus Sash\n|-damage|p2a: Deoxys|1\/100\n|\n|-heal|p1a: Zygarde|93\/100|[from] item: Leftovers\n|upkeep\n|turn|22\n|l| 1 em trach thu\n|\n|t:|1701157654\n|move|p2a: Deoxys|Psychic|p1a: Zygarde\n|-damage|p1a: Zygarde|81\/100\n|-unboost|p1a: Zygarde|spd|1\n|move|p1a: Zygarde|Thousand Arrows|p2a: Deoxys\n|-damage|p2a: Deoxys|0 fnt\n|faint|p2a: Deoxys\n|\n|-heal|p1a: Zygarde|87\/100|[from] item: Leftovers\n|upkeep\n|\n|t:|1701157670\n|switch|p2a: Flutter Mane|Flutter Mane, tera:Fairy|22\/100\n|turn|23\n|\n|t:|1701157680\n|move|p2a: Flutter Mane|Moonblast|p1a: Zygarde\n|-damage|p1a: Zygarde|40\/100\n|-unboost|p1a: Zygarde|spa|1\n|move|p1a: Zygarde|Thousand Arrows|p2a: Flutter Mane\n|-damage|p2a: Flutter Mane|0 fnt\n|faint|p2a: Flutter Mane\n|-end|p2a: Flutter Mane|Protosynthesis|[silent]\n|\n|-heal|p1a: Zygarde|46\/100|[from] item: Leftovers\n|upkeep\n|\n|t:|1701157691\n|switch|p2a: Kyogre|Kyogre|27\/100\n|-weather|RainDance|[from] ability: Drizzle|[of] p2a: Kyogre\n|turn|24\n|\n|t:|1701157702\n|move|p2a: Kyogre|Thunder|p1a: Zygarde\n|-supereffective|p1a: Zygarde\n|-damage|p1a: Zygarde|0 fnt\n|faint|p1a: Zygarde\n|\n|-weather|RainDance|[upkeep]\n|upkeep\n|\n|t:|1701157704\n|switch|p1a: Eternatus|Eternatus|100\/100\n|-damage|p1a: Eternatus|88\/100|[from] Stealth Rock\n|-ability|p1a: Eternatus|Pressure\n|turn|25\n|\n|t:|1701157714\n|switch|p2a: Kingambit|Kingambit, F|100\/100\n|-activate|p2a: Kingambit|ability: Supreme Overlord\n|-start|p2a: Kingambit|fallen3|[silent]\n|move|p1a: Eternatus|Cosmic Power|p1a: Eternatus\n|-boost|p1a: Eternatus|def|1\n|-boost|p1a: Eternatus|spd|1\n|\n|-weather|RainDance|[upkeep]\n|-heal|p1a: Eternatus|94\/100|[from] item: Leftovers\n|upkeep\n|turn|26\n|\n|t:|1701157726\n|move|p1a: Eternatus|Cosmic Power|p1a: Eternatus\n|-boost|p1a: Eternatus|def|1\n|-boost|p1a: Eternatus|spd|1\n|move|p2a: Kingambit|Kowtow Cleave|p1a: Eternatus\n|-damage|p1a: Eternatus|65\/100\n|-damage|p2a: Kingambit|91\/100|[from] item: Life Orb\n|\n|-weather|RainDance|[upkeep]\n|-heal|p1a: Eternatus|71\/100|[from] item: Leftovers\n|upkeep\n|turn|27\n|\n|t:|1701157737\n|move|p1a: Eternatus|Cosmic Power|p1a: Eternatus\n|-boost|p1a: Eternatus|def|1\n|-boost|p1a: Eternatus|spd|1\n|move|p2a: Kingambit|Kowtow Cleave|p1a: Eternatus\n|-damage|p1a: Eternatus|48\/100\n|-damage|p2a: Kingambit|81\/100|[from] item: Life Orb\n|\n|-weather|RainDance|[upkeep]\n|-heal|p1a: Eternatus|55\/100|[from] item: Leftovers\n|upkeep\n|turn|28\n|\n|t:|1701157748\n|move|p1a: Eternatus|Recover|p1a: Eternatus\n|-heal|p1a: Eternatus|100\/100\n|move|p2a: Kingambit|Kowtow Cleave|p1a: Eternatus\n|-damage|p1a: Eternatus|76\/100\n|-damage|p2a: Kingambit|71\/100|[from] item: Life Orb\n|\n|-weather|none\n|-heal|p1a: Eternatus|82\/100|[from] item: Leftovers\n|upkeep\n|turn|29\n|\n|t:|1701157757\n|move|p1a: Eternatus|Flamethrower|p2a: Kingambit\n|-supereffective|p2a: Kingambit\n|-damage|p2a: Kingambit|12\/100\n|move|p2a: Kingambit|Swords Dance|p2a: Kingambit\n|-boost|p2a: Kingambit|atk|2\n|\n|-heal|p1a: Eternatus|89\/100|[from] item: Leftovers\n|upkeep\n|turn|30\n|\n|t:|1701157787\n|move|p2a: Kingambit|Sucker Punch|p1a: Eternatus\n|-damage|p1a: Eternatus|48\/100\n|-damage|p2a: Kingambit|2\/100|[from] item: Life Orb\n|move|p1a: Eternatus|Flamethrower|p2a: Kingambit\n|-supereffective|p2a: Kingambit\n|-damage|p2a: Kingambit|0 fnt\n|faint|p2a: Kingambit\n|-end|p2a: Kingambit|fallen3|[silent]\n|\n|-heal|p1a: Eternatus|54\/100|[from] item: Leftovers\n|upkeep\n|\n|t:|1701157798\n|switch|p2a: Kyogre|Kyogre|27\/100\n|-weather|RainDance|[from] ability: Drizzle|[of] p2a: Kyogre\n|turn|31\n|\n|t:|1701157813\n|move|p2a: Kyogre|Hidden Power|p1a: Eternatus\n|-supereffective|p1a: Eternatus\n|-damage|p1a: Eternatus|41\/100\n|move|p1a: Eternatus|Recover|p1a: Eternatus\n|-heal|p1a: Eternatus|91\/100\n|\n|-weather|RainDance|[upkeep]\n|-heal|p1a: Eternatus|97\/100|[from] item: Leftovers\n|upkeep\n|turn|32\n|\n|t:|1701157822\n|switch|p2a: Basculegion|Basculegion, M|100\/100\n|move|p1a: Eternatus|Cosmic Power|p1a: Eternatus\n|-boost|p1a: Eternatus|def|1\n|-boost|p1a: Eternatus|spd|1\n|\n|-weather|RainDance|[upkeep]\n|-heal|p1a: Eternatus|100\/100|[from] item: Leftovers\n|upkeep\n|turn|33\n|inactive|XX_1nfinity_XX has 120 seconds left.\n|inactive|XX_1nfinity_XX has 90 seconds left.\n|\n|t:|1701157883\n|move|p2a: Basculegion|Last Respects|p1a: Eternatus\n|-damage|p1a: Eternatus|56\/100\n|move|p1a: Eternatus|Toxic|p2a: Basculegion\n|-status|p2a: Basculegion|tox\n|\n|-weather|RainDance|[upkeep]\n|-heal|p1a: Eternatus|63\/100|[from] item: Leftovers\n|-damage|p2a: Basculegion|94\/100 tox|[from] psn\n|upkeep\n|turn|34\n|\n|t:|1701157893\n|move|p2a: Basculegion|Last Respects|p1a: Eternatus\n|-damage|p1a: Eternatus|14\/100\n|move|p1a: Eternatus|Recover|p1a: Eternatus\n|-heal|p1a: Eternatus|64\/100\n|\n|-weather|RainDance|[upkeep]\n|-heal|p1a: Eternatus|70\/100|[from] item: Leftovers\n|-damage|p2a: Basculegion|82\/100 tox|[from] psn\n|upkeep\n|turn|35\n|\n|t:|1701157904\n|move|p2a: Basculegion|Last Respects|p1a: Eternatus\n|-crit|p1a: Eternatus\n|-damage|p1a: Eternatus|0 fnt\n|faint|p1a: Eternatus\n|\n|-weather|none\n|-damage|p2a: Basculegion|64\/100 tox|[from] psn\n|upkeep\n|\n|t:|1701157922\n|switch|p1a: Blastoise|Blastoise, F|100\/100\n|-damage|p1a: Blastoise|88\/100|[from] Stealth Rock\n|turn|36\n|\n|t:|1701157927\n|switch|p2a: Kyogre|Kyogre|27\/100\n|-weather|RainDance|[from] ability: Drizzle|[of] p2a: Kyogre\n|detailschange|p1a: Blastoise|Blastoise-Mega, F\n|-mega|p1a: Blastoise|Blastoise|Blastoisinite\n|move|p1a: Blastoise|Shell Smash|p1a: Blastoise\n|-unboost|p1a: Blastoise|def|1\n|-unboost|p1a: Blastoise|spd|1\n|-boost|p1a: Blastoise|atk|2\n|-boost|p1a: Blastoise|spa|2\n|-boost|p1a: Blastoise|spe|2\n|\n|-weather|RainDance|[upkeep]\n|upkeep\n|turn|37\n|\n|t:|1701157939\n|move|p1a: Blastoise|Dark Pulse|p2a: Kyogre\n|-damage|p2a: Kyogre|0 fnt\n|faint|p2a: Kyogre\n|\n|-weather|RainDance|[upkeep]\n|upkeep\n|\n|t:|1701157946\n|switch|p2a: Basculegion|Basculegion, M|64\/100 tox\n|turn|38\n|\n|t:|1701157951\n|move|p2a: Basculegion|Last Respects|p1a: Blastoise\n|-damage|p1a: Blastoise|0 fnt\n|faint|p1a: Blastoise\n|\n|-weather|RainDance|[upkeep]\n|-damage|p2a: Basculegion|58\/100 tox|[from] psn\n|upkeep\n|\n|t:|1701157954\n|switch|p1a: Necrozma|Necrozma-Dusk-Mane|100\/100\n|-damage|p1a: Necrozma|95\/100|[from] Stealth Rock\n|turn|39\n|\n|t:|1701157961\n|move|p2a: Basculegion|Last Respects|p1a: Necrozma\n|-supereffective|p1a: Necrozma\n|-crit|p1a: Necrozma\n|-damage|p1a: Necrozma|0 fnt\n|faint|p1a: Necrozma\n|\n|win|Chaitanya15\n|raw|XX_1nfinity_XX's rating: 1481 &rarr; <strong>1460<\/strong><br \/>(-21 for losing)\n|raw|Chaitanya15's rating: 1465 &rarr; <strong>1486<\/strong><br \/>(+21 for winning)\n|l|\u2606XX_1nfinity_XX\n|c|\u2606Chaitanya15|Gg\n","uploadtime":1701157972,"views":10,"p1id":"xx1nfinityxx","p2id":"chaitanya15","formatid":"gen9nationaldexubers","rating":1460,"private":0,"password":""}