{"id":"gen9nationaldexubers-1981757155","p1":"weebsimpsiaze","p2":"Cilantora","format":"[Gen 9] National Dex Ubers","log":"|j|\u203dweebsimpsiaze\n|j|\u2606Cilantora\n|t:|1698939321\n|gametype|singles\n|player|p1|weebsimpsiaze|cynthia-gen4|1070\n|player|p2|Cilantora|veteran|1141\n|teamsize|p1|6\n|teamsize|p2|6\n|gen|9\n|tier|[Gen 9] National Dex Ubers\n|rated|\n|rule|HP Percentage Mod: HP is shown in percentages\n|rule|Endless Battle Clause: Forcing endless battles is banned\n|rule|OHKO Clause: OHKO moves are banned\n|rule|Evasion Moves Clause: Evasion moves are banned\n|rule|Evasion Items Clause: Evasion items are banned\n|rule|Species Clause: Limit one of each Pok\u00e9mon\n|rule|Sleep Clause Mod: Limit one foe put to sleep\n|rule|Mega Rayquaza Clause: You cannot mega evolve Rayquaza\n|clearpoke\n|poke|p1|Darmanitan-Galar, F|\n|poke|p1|Rapidash-Galar, F|\n|poke|p1|Tapu Lele|\n|poke|p1|Cursola, M|\n|poke|p1|Houndoom, F|\n|poke|p1|Zygarde-10%|\n|poke|p2|Cyclizar, M|\n|poke|p2|Breloom, F|\n|poke|p2|Froslass, F|\n|poke|p2|Annihilape, F|\n|poke|p2|Iron Treads|\n|poke|p2|Kingambit, M|\n|teampreview\n|\n|t:|1698939337\n|start\n|switch|p1a: Tapu Lele|Tapu Lele|100\/100\n|switch|p2a: Cyclizar|Cyclizar, M|100\/100\n|-fieldstart|move: Psychic Terrain|[from] ability: Psychic Surge|[of] p1a: Tapu Lele\n|turn|1\n|\n|t:|1698939388\n|move|p2a: Cyclizar|Shed Tail|p2a: Cyclizar\n|-start|p2a: Cyclizar|Substitute|[from] move: Shed Tail\n|-damage|p2a: Cyclizar|50\/100\n|\n|t:|1698939407\n|switch|p2a: Iron Treads|Iron Treads|100\/100|[from] Shed Tail\n|move|p1a: Tapu Lele|Calm Mind|p1a: Tapu Lele\n|-boost|p1a: Tapu Lele|spa|1\n|-boost|p1a: Tapu Lele|spd|1\n|\n|upkeep\n|turn|2\n|\n|t:|1698939421\n|move|p1a: Tapu Lele|Extrasensory|p2a: Iron Treads\n|-resisted|p2a: Iron Treads\n|-end|p2a: Iron Treads|Substitute\n|move|p2a: Iron Treads|Knock Off|p1a: Tapu Lele\n|-damage|p1a: Tapu Lele|74\/100\n|\n|upkeep\n|turn|3\n|\n|t:|1698939438\n|move|p1a: Tapu Lele|Extrasensory|p2a: Iron Treads\n|-resisted|p2a: Iron Treads\n|-damage|p2a: Iron Treads|67\/100\n|move|p2a: Iron Treads|Earthquake|p1a: Tapu Lele\n|-damage|p1a: Tapu Lele|11\/100\n|\n|upkeep\n|turn|4\n|\n|t:|1698939446\n|move|p1a: Tapu Lele|Extrasensory|p2a: Iron Treads\n|-resisted|p2a: Iron Treads\n|-damage|p2a: Iron Treads|36\/100\n|move|p2a: Iron Treads|Earthquake|p1a: Tapu Lele\n|-damage|p1a: Tapu Lele|0 fnt\n|faint|p1a: Tapu Lele\n|\n|upkeep\n|\n|t:|1698939461\n|switch|p1a: Rapidash|Rapidash-Galar, F|100\/100\n|-enditem|p1a: Rapidash|Psychic Seed\n|-boost|p1a: Rapidash|spd|1|[from] item: Psychic Seed\n|turn|5\n|\n|t:|1698939475\n|-terastallize|p1a: Rapidash|Psychic\n|move|p1a: Rapidash|Calm Mind|p1a: Rapidash\n|-boost|p1a: Rapidash|spa|1\n|-boost|p1a: Rapidash|spd|1\n|move|p2a: Iron Treads|Earthquake|p1a: Rapidash\n|-damage|p1a: Rapidash|32\/100\n|\n|-fieldend|move: Psychic Terrain\n|upkeep\n|turn|6\n|\n|t:|1698939492\n|move|p1a: Rapidash|Expanding Force|p2a: Iron Treads\n|-resisted|p2a: Iron Treads\n|-damage|p2a: Iron Treads|13\/100\n|move|p2a: Iron Treads|Earthquake|p1a: Rapidash\n|-damage|p1a: Rapidash|0 fnt\n|faint|p1a: Rapidash\n|\n|upkeep\n|\n|t:|1698939503\n|switch|p1a: Zygarde|Zygarde-10%|100\/100\n|turn|7\n|\n|t:|1698939524\n|move|p1a: Zygarde|Dragon Dance|p1a: Zygarde\n|-boost|p1a: Zygarde|atk|1\n|-boost|p1a: Zygarde|spe|1\n|move|p2a: Iron Treads|Knock Off|p1a: Zygarde\n|-damage|p1a: Zygarde|50\/100\n|-enditem|p1a: Zygarde|Focus Sash|[from] move: Knock Off|[of] p2a: Iron Treads\n|\n|-activate|p1a: Zygarde|ability: Power Construct\n|detailschange|p1a: Zygarde|Zygarde-Complete\n|-heal|p1a: Zygarde|79\/100|[silent]\n|upkeep\n|turn|8\n|\n|t:|1698939536\n|move|p1a: Zygarde|Extreme Speed|p2a: Iron Treads\n|-resisted|p2a: Iron Treads\n|-damage|p2a: Iron Treads|0 fnt\n|faint|p2a: Iron Treads\n|-end|p2a: Iron Treads|Quark Drive|[silent]\n|\n|upkeep\n|\n|t:|1698939547\n|switch|p2a: Cyclizar|Cyclizar, M|84\/100\n|turn|9\n|\n|t:|1698939550\n|move|p2a: Cyclizar|Shed Tail|p2a: Cyclizar\n|-start|p2a: Cyclizar|Substitute|[from] move: Shed Tail\n|-damage|p2a: Cyclizar|34\/100\n|\n|t:|1698939554\n|switch|p2a: Annihilape|Annihilape, F|100\/100|[from] Shed Tail\n|move|p1a: Zygarde|Core Enforcer|p2a: Annihilape\n|-end|p2a: Annihilape|Substitute\n|\n|upkeep\n|turn|10\n|\n|t:|1698939596\n|move|p1a: Zygarde|Thousand Arrows|p2a: Annihilape\n|-damage|p2a: Annihilape|37\/100\n|move|p2a: Annihilape|Bulk Up|p2a: Annihilape\n|-boost|p2a: Annihilape|atk|1\n|-boost|p2a: Annihilape|def|1\n|\n|-heal|p2a: Annihilape|43\/100|[from] item: Leftovers\n|upkeep\n|turn|11\n|\n|t:|1698939607\n|move|p1a: Zygarde|Thousand Arrows|p2a: Annihilape\n|-crit|p2a: Annihilape\n|-damage|p2a: Annihilape|0 fnt\n|faint|p2a: Annihilape\n|\n|upkeep\n|\n|t:|1698939620\n|switch|p2a: Cyclizar|Cyclizar, M|67\/100\n|turn|12\n|\n|t:|1698939626\n|-terastallize|p2a: Cyclizar|Fairy\n|move|p2a: Cyclizar|Draco Meteor|p1a: Zygarde\n|-supereffective|p1a: Zygarde\n|-damage|p1a: Zygarde|33\/100\n|-unboost|p2a: Cyclizar|spa|2\n|move|p1a: Zygarde|Core Enforcer|p2a: Cyclizar\n|-immune|p2a: Cyclizar\n|\n|upkeep\n|turn|13\n|\n|t:|1698939640\n|move|p2a: Cyclizar|Draco Meteor|p1a: Zygarde\n|-supereffective|p1a: Zygarde\n|-damage|p1a: Zygarde|8\/100\n|-unboost|p2a: Cyclizar|spa|2\n|move|p1a: Zygarde|Thousand Arrows|p2a: Cyclizar\n|-damage|p2a: Cyclizar|0 fnt\n|faint|p2a: Cyclizar\n|\n|upkeep\n|\n|t:|1698939647\n|switch|p2a: Breloom|Breloom, F|100\/100\n|turn|14\n|\n|t:|1698939652\n|move|p2a: Breloom|Mach Punch|p1a: Zygarde\n|-damage|p1a: Zygarde|0 fnt\n|faint|p1a: Zygarde\n|\n|upkeep\n|\n|t:|1698939659\n|switch|p1a: Houndoom|Houndoom, F|100\/100\n|-ability|p1a: Houndoom|Unnerve\n|turn|15\n|\n|t:|1698939666\n|move|p2a: Breloom|Mach Punch|p1a: Houndoom\n|-supereffective|p1a: Houndoom\n|-damage|p1a: Houndoom|0 fnt\n|faint|p1a: Houndoom\n|\n|upkeep\n|\n|t:|1698939672\n|switch|p1a: Cursola|Cursola, M|100\/100\n|turn|16\n|\n|t:|1698939677\n|move|p2a: Breloom|Spore|p1a: Cursola\n|-status|p1a: Cursola|slp|[from] move: Spore\n|cant|p1a: Cursola|slp\n|\n|upkeep\n|turn|17\n|\n|t:|1698939687\n|move|p2a: Breloom|Swords Dance|p2a: Breloom\n|-boost|p2a: Breloom|atk|2\n|cant|p1a: Cursola|slp\n|\n|upkeep\n|turn|18\n|\n|t:|1698939692\n|move|p2a: Breloom|Bullet Seed|p1a: Cursola\n|-damage|p1a: Cursola|0 fnt\n|faint|p1a: Cursola\n|-hitcount|p1: Cursola|1\n|\n|upkeep\n|\n|t:|1698939697\n|switch|p1a: Darmanitan|Darmanitan-Galar, F|100\/100\n|turn|19\n|c|\u2606Cilantora|did not expect a oneshot-\n|\n|t:|1698939702\n|move|p2a: Breloom|Mach Punch|p1a: Darmanitan\n|-supereffective|p1a: Darmanitan\n|-crit|p1a: Darmanitan\n|-damage|p1a: Darmanitan|0 fnt\n|faint|p1a: Darmanitan\n|\n|win|Cilantora\n|raw|weebsimpsiaze's rating: 1070 &rarr; <strong>1054<\/strong><br \/>(-16 for losing)\n|raw|Cilantora's rating: 1141 &rarr; <strong>1161<\/strong><br \/>(+20 for winning)\n|l|\u203dweebsimpsiaze\n","uploadtime":1698939712,"views":8,"p1id":"weebsimpsiaze","p2id":"cilantora","formatid":"gen9nationaldexubers","rating":1054,"private":0,"password":""}