{"id":"gen9nationaldexubers-1999894508","p1":"Marioipod","p2":"andrew_maiden","format":"[Gen 9] National Dex Ubers","log":"|j|\u203dMarioipod\n|j|\u2606andrew_maiden\n|t:|1701127277\n|gametype|singles\n|player|p1|Marioipod|may-gen3rs|1113\n|player|p2|andrew_maiden|ash|1130\n|teamsize|p1|6\n|teamsize|p2|6\n|gen|9\n|tier|[Gen 9] National Dex Ubers\n|rated|\n|rule|HP Percentage Mod: HP is shown in percentages\n|rule|Endless Battle Clause: Forcing endless battles is banned\n|rule|OHKO Clause: OHKO moves are banned\n|rule|Evasion Moves Clause: Evasion moves are banned\n|rule|Evasion Items Clause: Evasion items are banned\n|rule|Species Clause: Limit one of each Pok\u00e9mon\n|rule|Sleep Clause Mod: Limit one foe put to sleep\n|rule|Mega Rayquaza Clause: You cannot mega evolve Rayquaza\n|clearpoke\n|poke|p1|Roaring Moon|\n|poke|p1|Zygarde|\n|poke|p1|Metagross|\n|poke|p1|Kyogre|\n|poke|p1|Giratina-Origin|\n|poke|p1|Kyurem-Black|\n|poke|p2|Dracovish|\n|poke|p2|Gengar, M|\n|poke|p2|Lucario, F|\n|poke|p2|Dragonite, F|\n|poke|p2|Sirfetch\u2019d, F|\n|poke|p2|Pikachu, M|\n|teampreview\n|inactive|Battle timer is ON: inactive players will automatically lose when time's up. (requested by andrew_maiden)\n|\n|t:|1701127288\n|start\n|switch|p1a: Kyogre|Kyogre|100\/100\n|switch|p2a: Lucario|Lucario, F|100\/100\n|detailschange|p1a: Kyogre|Kyogre-Primal\n|-primal|p1a: Kyogre|Blue Orb\n|-weather|PrimordialSea|[from] ability: Primordial Sea|[of] p1a: Kyogre\n|turn|1\n|\n|t:|1701127292\n|detailschange|p2a: Lucario|Lucario-Mega, F\n|-mega|p2a: Lucario|Lucario|Lucarionite\n|move|p2a: Lucario|Meteor Mash|p1a: Kyogre\n|-resisted|p1a: Kyogre\n|-damage|p1a: Kyogre|64\/100\n|move|p1a: Kyogre|Water Spout|p2a: Lucario\n|-damage|p2a: Lucario|0 fnt\n|faint|p2a: Lucario\n|\n|-weather|PrimordialSea|[upkeep]\n|upkeep\n|\n|t:|1701127298\n|switch|p2a: Dracovish|Dracovish|100\/100\n|turn|2\n|\n|t:|1701127306\n|move|p2a: Dracovish|Fishious Rend|p1a: Kyogre\n|-resisted|p1a: Kyogre\n|-damage|p1a: Kyogre|0 fnt\n|faint|p1a: Kyogre\n|-weather|none\n|\n|upkeep\n|\n|t:|1701127309\n|switch|p1a: Roaring Moon|Roaring Moon, shiny|100\/100\n|-enditem|p1a: Roaring Moon|Booster Energy\n|-activate|p1a: Roaring Moon|ability: Protosynthesis|[fromitem]\n|-start|p1a: Roaring Moon|protosynthesisspe\n|turn|3\n|\n|t:|1701127317\n|move|p1a: Roaring Moon|Dragon Dance|p1a: Roaring Moon\n|-boost|p1a: Roaring Moon|atk|1\n|-boost|p1a: Roaring Moon|spe|1\n|move|p2a: Dracovish|Fishious Rend|p1a: Roaring Moon\n|-resisted|p1a: Roaring Moon\n|-damage|p1a: Roaring Moon|70\/100\n|\n|upkeep\n|turn|4\n|\n|t:|1701127322\n|move|p1a: Roaring Moon|Dragon Claw|p2a: Dracovish\n|-supereffective|p2a: Dracovish\n|-damage|p2a: Dracovish|0 fnt\n|faint|p2a: Dracovish\n|\n|upkeep\n|\n|t:|1701127327\n|switch|p2a: Pikachu|Pikachu, M|100\/100\n|turn|5\n|\n|t:|1701127330\n|move|p1a: Roaring Moon|Knock Off|p2a: Pikachu\n|-damage|p2a: Pikachu|0 fnt\n|faint|p2a: Pikachu\n|\n|upkeep\n|\n|t:|1701127337\n|switch|p2a: Sirfetch\u2019d|Sirfetch\u2019d, F, shiny|100\/100\n|turn|6\n|\n|t:|1701127341\n|move|p1a: Roaring Moon|Acrobatics|p2a: Sirfetch\u2019d\n|-supereffective|p2a: Sirfetch\u2019d\n|-damage|p2a: Sirfetch\u2019d|0 fnt\n|faint|p2a: Sirfetch\u2019d\n|\n|upkeep\n|-message|andrew_maiden forfeited.\n|\n|win|Marioipod\n|raw|Marioipod's rating: 1113 &rarr; <strong>1139<\/strong><br \/>(+26 for winning)\n|raw|andrew_maiden's rating: 1130 &rarr; <strong>1104<\/strong><br \/>(-26 for losing)\n|l|\u2606andrew_maiden\n","uploadtime":1701127347,"views":1,"p1id":"marioipod","p2id":"andrewmaiden","formatid":"gen9nationaldexubers","rating":1104,"private":0,"password":""}