{"id":"gen9nationaldexubers-1996413147","p1":"Victor hg 999","p2":"MachoSundew2969","format":"[Gen 9] National Dex Ubers","log":"|j|\u2606Victor hg 999\n|j|\u2606MachoSundew2969\n|t:|1700679616\n|gametype|singles\n|player|p1|Victor hg 999|lucas|1040\n|player|p2|MachoSundew2969|crasherwake|1137\n|teamsize|p1|6\n|teamsize|p2|6\n|gen|9\n|tier|[Gen 9] National Dex Ubers\n|rated|\n|rule|HP Percentage Mod: HP is shown in percentages\n|rule|Endless Battle Clause: Forcing endless battles is banned\n|rule|OHKO Clause: OHKO moves are banned\n|rule|Evasion Moves Clause: Evasion moves are banned\n|rule|Evasion Items Clause: Evasion items are banned\n|rule|Species Clause: Limit one of each Pok\u00e9mon\n|rule|Sleep Clause Mod: Limit one foe put to sleep\n|rule|Mega Rayquaza Clause: You cannot mega evolve Rayquaza\n|clearpoke\n|poke|p1|Ferrothorn, M|\n|poke|p1|Giratina|\n|poke|p1|Glimmora, M|\n|poke|p1|Lugia|\n|poke|p1|Magnemite, L1|\n|poke|p1|Annihilape, F|\n|poke|p2|Clefable, F|\n|poke|p2|Golurk|\n|poke|p2|Hariyama, F|\n|poke|p2|Gardevoir, M|\n|poke|p2|Serperior, M|\n|poke|p2|Pheromosa|\n|teampreview\n|inactive|Battle timer is ON: inactive players will automatically lose when time's up. (requested by Victor hg 999)\n|\n|t:|1700679628\n|start\n|switch|p1a: Glimmora|Glimmora, M|100\/100\n|switch|p2a: Pheromosa|Pheromosa, shiny|100\/100\n|-item|p1a: Glimmora|Air Balloon\n|turn|1\n|\n|t:|1700679639\n|move|p2a: Pheromosa|Drill Run|p1a: Glimmora\n|-immune|p1a: Glimmora\n|move|p1a: Glimmora|Toxic Spikes|p2a: Pheromosa\n|-sidestart|p2: MachoSundew2969|move: Toxic Spikes\n|\n|upkeep\n|turn|2\n|\n|t:|1700679649\n|move|p2a: Pheromosa|Triple Axel|p1a: Glimmora\n|-damage|p1a: Glimmora|93\/100\n|-activate|p1a: Glimmora|ability: Toxic Debris\n|-sidestart|p2: MachoSundew2969|move: Toxic Spikes\n|-enditem|p1a: Glimmora|Air Balloon\n|-crit|p1a: Glimmora\n|-damage|p1a: Glimmora|70\/100\n|-damage|p1a: Glimmora|45\/100\n|-hitcount|p1a: Glimmora|3\n|move|p1a: Glimmora|Stealth Rock|p2a: Pheromosa\n|-sidestart|p2: MachoSundew2969|move: Stealth Rock\n|\n|upkeep\n|turn|3\n|\n|t:|1700679667\n|move|p2a: Pheromosa|Drill Run|p1a: Glimmora\n|-supereffective|p1a: Glimmora\n|-damage|p1a: Glimmora|0 fnt\n|faint|p1a: Glimmora\n|-ability|p2a: Pheromosa|Beast Boost|boost\n|-boost|p2a: Pheromosa|atk|1\n|\n|upkeep\n|\n|t:|1700679675\n|switch|p1a: Lugia|Lugia|100\/100\n|turn|4\n|\n|t:|1700679686\n|move|p2a: Pheromosa|Triple Axel|p1a: Lugia\n|-supereffective|p1a: Lugia\n|-damage|p1a: Lugia|94\/100\n|-supereffective|p1a: Lugia\n|-damage|p1a: Lugia|70\/100\n|-supereffective|p1a: Lugia\n|-damage|p1a: Lugia|34\/100\n|-hitcount|p1a: Lugia|3\n|move|p1a: Lugia|Aeroblast|p2a: Pheromosa\n|-supereffective|p2a: Pheromosa\n|-damage|p2a: Pheromosa|0 fnt\n|faint|p2a: Pheromosa\n|\n|-heal|p1a: Lugia|41\/100|[from] item: Leftovers\n|upkeep\n|\n|t:|1700679706\n|switch|p2a: PrincessBubblegum|Clefable, F, shiny|100\/100\n|-status|p2a: PrincessBubblegum|tox\n|-damage|p2a: PrincessBubblegum|88\/100 tox|[from] Stealth Rock\n|turn|5\n|\n|t:|1700679712\n|move|p1a: Lugia|Recover|p1a: Lugia\n|-heal|p1a: Lugia|91\/100\n|move|p2a: PrincessBubblegum|Thunderbolt|p1a: Lugia\n|-supereffective|p1a: Lugia\n|-damage|p1a: Lugia|67\/100\n|-status|p1a: Lugia|par\n|\n|-heal|p2a: PrincessBubblegum|94\/100 tox|[from] item: Leftovers\n|-heal|p1a: Lugia|73\/100 par|[from] item: Leftovers\n|-damage|p2a: PrincessBubblegum|88\/100 tox|[from] psn\n|upkeep\n|turn|6\n|\n|t:|1700679724\n|move|p2a: PrincessBubblegum|Thunderbolt|p1a: Lugia\n|-supereffective|p1a: Lugia\n|-damage|p1a: Lugia|50\/100 par\n|move|p1a: Lugia|Calm Mind|p1a: Lugia\n|-boost|p1a: Lugia|spa|1\n|-boost|p1a: Lugia|spd|1\n|\n|-heal|p2a: PrincessBubblegum|94\/100 tox|[from] item: Leftovers\n|-heal|p1a: Lugia|57\/100 par|[from] item: Leftovers\n|-damage|p2a: PrincessBubblegum|82\/100 tox|[from] psn\n|upkeep\n|turn|7\n|\n|t:|1700679740\n|move|p2a: PrincessBubblegum|Calm Mind|p2a: PrincessBubblegum\n|-boost|p2a: PrincessBubblegum|spa|1\n|-boost|p2a: PrincessBubblegum|spd|1\n|cant|p1a: Lugia|par\n|\n|-heal|p2a: PrincessBubblegum|88\/100 tox|[from] item: Leftovers\n|-heal|p1a: Lugia|63\/100 par|[from] item: Leftovers\n|-damage|p2a: PrincessBubblegum|70\/100 tox|[from] psn\n|upkeep\n|turn|8\n|\n|t:|1700679749\n|move|p2a: PrincessBubblegum|Calm Mind|p2a: PrincessBubblegum\n|-boost|p2a: PrincessBubblegum|spa|1\n|-boost|p2a: PrincessBubblegum|spd|1\n|cant|p1a: Lugia|par\n|\n|-heal|p2a: PrincessBubblegum|76\/100 tox|[from] item: Leftovers\n|-heal|p1a: Lugia|69\/100 par|[from] item: Leftovers\n|-damage|p2a: PrincessBubblegum|52\/100 tox|[from] psn\n|upkeep\n|turn|9\n|\n|t:|1700679758\n|move|p2a: PrincessBubblegum|Stored Power|p1a: Lugia\n|-resisted|p1a: Lugia\n|-damage|p1a: Lugia|57\/100 par\n|move|p1a: Lugia|Calm Mind|p1a: Lugia\n|-boost|p1a: Lugia|spa|1\n|-boost|p1a: Lugia|spd|1\n|\n|-heal|p2a: PrincessBubblegum|58\/100 tox|[from] item: Leftovers\n|-heal|p1a: Lugia|63\/100 par|[from] item: Leftovers\n|-damage|p2a: PrincessBubblegum|27\/100 tox|[from] psn\n|upkeep\n|turn|10\n|\n|t:|1700679768\n|move|p2a: PrincessBubblegum|Thunderbolt|p1a: Lugia\n|-supereffective|p1a: Lugia\n|-damage|p1a: Lugia|16\/100 par\n|move|p1a: Lugia|Ice Beam|p2a: PrincessBubblegum\n|-damage|p2a: PrincessBubblegum|18\/100 tox\n|\n|-heal|p2a: PrincessBubblegum|24\/100 tox|[from] item: Leftovers\n|-heal|p1a: Lugia|22\/100 par|[from] item: Leftovers\n|-damage|p2a: PrincessBubblegum|0 fnt|[from] psn\n|faint|p2a: PrincessBubblegum\n|upkeep\n|\n|t:|1700679780\n|switch|p2a: Serperior|Serperior, M, shiny|100\/100\n|-status|p2a: Serperior|tox\n|-damage|p2a: Serperior|88\/100 tox|[from] Stealth Rock\n|turn|11\n|\n|t:|1700679787\n|-terastallize|p2a: Serperior|Grass\n|move|p2a: Serperior|Leaf Storm|p1a: Lugia\n|-resisted|p1a: Lugia\n|-damage|p1a: Lugia|13\/100 par\n|-boost|p2a: Serperior|spa|2\n|move|p1a: Lugia|Ice Beam|p2a: Serperior\n|-supereffective|p2a: Serperior\n|-damage|p2a: Serperior|1\/100 tox\n|\n|-heal|p1a: Lugia|19\/100 par|[from] item: Leftovers\n|-damage|p2a: Serperior|0 fnt|[from] psn\n|faint|p2a: Serperior\n|upkeep\n|\n|t:|1700679799\n|switch|p2a: Gardevoir|Gardevoir, M, shiny|100\/100\n|-status|p2a: Gardevoir|tox\n|-damage|p2a: Gardevoir|88\/100 tox|[from] Stealth Rock\n|turn|12\n|\n|t:|1700679809\n|move|p2a: Gardevoir|Moonblast|p1a: Lugia\n|-damage|p1a: Lugia|0 fnt\n|faint|p1a: Lugia\n|\n|-damage|p2a: Gardevoir|82\/100 tox|[from] psn\n|upkeep\n|\n|t:|1700679820\n|switch|p1a: Ferrothorn|Ferrothorn, M, shiny|100\/100\n|turn|13\n|\n|t:|1700679825\n|switch|p2a: William|Hariyama, F, shiny|100\/100\n|-status|p2a: William|tox\n|-damage|p2a: William|94\/100 tox|[from] Stealth Rock\n|move|p1a: Ferrothorn|Leech Seed|p2a: William\n|-start|p2a: William|move: Leech Seed\n|\n|-damage|p2a: William|82\/100 tox|[from] Leech Seed|[of] p1a: Ferrothorn\n|-damage|p2a: William|76\/100 tox|[from] psn\n|upkeep\n|turn|14\n|\n|t:|1700679841\n|move|p1a: Ferrothorn|Protect|p1a: Ferrothorn\n|-singleturn|p1a: Ferrothorn|Protect\n|move|p2a: William|Fire Punch|p1a: Ferrothorn\n|-activate|p1a: Ferrothorn|move: Protect\n|\n|-damage|p2a: William|64\/100 tox|[from] Leech Seed|[of] p1a: Ferrothorn\n|-damage|p2a: William|51\/100 tox|[from] psn\n|upkeep\n|turn|15\n|\n|t:|1700679853\n|-terastallize|p1a: Ferrothorn|Water\n|move|p2a: William|Fire Punch|p1a: Ferrothorn\n|-resisted|p1a: Ferrothorn\n|-damage|p1a: Ferrothorn|89\/100\n|-damage|p2a: William|39\/100 tox|[from] ability: Iron Barbs|[of] p1a: Ferrothorn\n|-damage|p2a: William|22\/100 tox|[from] item: Rocky Helmet|[of] p1a: Ferrothorn\n|move|p1a: Ferrothorn|Body Press|p2a: William\n|-damage|p2a: William|0 fnt\n|faint|p2a: William\n|\n|upkeep\n|\n|t:|1700679866\n|switch|p2a: Gardevoir|Gardevoir, M, shiny|82\/100 tox\n|-damage|p2a: Gardevoir|70\/100 tox|[from] Stealth Rock\n|turn|16\n|\n|t:|1700679872\n|move|p2a: Gardevoir|Moonblast|p1a: Ferrothorn\n|-damage|p1a: Ferrothorn|26\/100\n|-unboost|p1a: Ferrothorn|spa|1\n|move|p1a: Ferrothorn|Leech Seed|p2a: Gardevoir\n|-start|p2a: Gardevoir|move: Leech Seed\n|\n|-damage|p2a: Gardevoir|58\/100 tox|[from] Leech Seed|[of] p1a: Ferrothorn\n|-heal|p1a: Ferrothorn|36\/100|[silent]\n|-damage|p2a: Gardevoir|51\/100 tox|[from] psn\n|upkeep\n|turn|17\n|\n|t:|1700679882\n|move|p1a: Ferrothorn|Protect|p1a: Ferrothorn\n|-singleturn|p1a: Ferrothorn|Protect\n|move|p2a: Gardevoir|Moonblast|p1a: Ferrothorn\n|-activate|p1a: Ferrothorn|move: Protect\n|\n|-damage|p2a: Gardevoir|39\/100 tox|[from] Leech Seed|[of] p1a: Ferrothorn\n|-heal|p1a: Ferrothorn|45\/100|[silent]\n|-damage|p2a: Gardevoir|27\/100 tox|[from] psn\n|upkeep\n|turn|18\n|\n|t:|1700679894\n|move|p2a: Gardevoir|Moonblast|p1a: Ferrothorn\n|-damage|p1a: Ferrothorn|0 fnt\n|faint|p1a: Ferrothorn\n|\n|-damage|p2a: Gardevoir|8\/100 tox|[from] psn\n|upkeep\n|\n|t:|1700679904\n|switch|p1a: Giratina|Giratina|100\/100\n|-ability|p1a: Giratina|Pressure\n|turn|19\n|\n|t:|1700679917\n|move|p1a: Giratina|Protect|p1a: Giratina\n|-singleturn|p1a: Giratina|Protect\n|move|p2a: Gardevoir|Moonblast|p1a: Giratina\n|-activate|p1a: Giratina|move: Protect\n|\n|-damage|p2a: Gardevoir|0 fnt|[from] Leech Seed|[of] p1a: Giratina\n|faint|p2a: Gardevoir\n|upkeep\n|\n|t:|1700679924\n|switch|p2a: Gerald|Golurk, shiny|100\/100\n|-status|p2a: Gerald|tox\n|-damage|p2a: Gerald|94\/100 tox|[from] Stealth Rock\n|turn|20\n|\n|t:|1700679934\n|move|p1a: Giratina|Dragon Claw|p2a: Gerald\n|-crit|p2a: Gerald\n|-damage|p2a: Gerald|49\/100 tox\n|move|p2a: Gerald|Ice Punch|p1a: Giratina\n|-supereffective|p1a: Giratina\n|-damage|p1a: Giratina|57\/100\n|\n|-heal|p1a: Giratina|63\/100|[from] item: Leftovers\n|-damage|p2a: Gerald|43\/100 tox|[from] psn\n|upkeep\n|turn|21\n|\n|t:|1700679945\n|move|p1a: Giratina|Protect|p1a: Giratina\n|-singleturn|p1a: Giratina|Protect\n|move|p2a: Gerald|Ice Punch|p1a: Giratina\n|-activate|p1a: Giratina|move: Protect\n|\n|-heal|p1a: Giratina|69\/100|[from] item: Leftovers\n|-damage|p2a: Gerald|31\/100 tox|[from] psn\n|upkeep\n|turn|22\n|\n|t:|1700679955\n|move|p1a: Giratina|Dragon Claw|p2a: Gerald\n|-damage|p2a: Gerald|0 fnt\n|faint|p2a: Gerald\n|\n|win|Victor hg 999\n|raw|Victor hg 999's rating: 1040 &rarr; <strong>1083<\/strong><br \/>(+43 for winning)\n|raw|MachoSundew2969's rating: 1137 &rarr; <strong>1105<\/strong><br \/>(-32 for losing)\n|l|\u2606MachoSundew2969\n","uploadtime":1700679962,"views":5,"p1id":"victorhg999","p2id":"machosundew2969","formatid":"gen9nationaldexubers","rating":1083,"private":0,"password":""}