{"id":"gen9nationaldexubers-1979179058","p1":"Gimble18","p2":"Old McBruh","format":"[Gen 9] National Dex Ubers","log":"|j|\u2606Gimble18\n|j|\u203dOld McBruh\n|t:|1698645111\n|gametype|singles\n|player|p1|Gimble18|idol|1409\n|player|p2|Old McBruh|colress|1383\n|teamsize|p1|6\n|teamsize|p2|6\n|gen|9\n|tier|[Gen 9] National Dex Ubers\n|rated|\n|rule|HP Percentage Mod: HP is shown in percentages\n|rule|Endless Battle Clause: Forcing endless battles is banned\n|rule|OHKO Clause: OHKO moves are banned\n|rule|Evasion Moves Clause: Evasion moves are banned\n|rule|Evasion Items Clause: Evasion items are banned\n|rule|Species Clause: Limit one of each Pok\u00e9mon\n|rule|Sleep Clause Mod: Limit one foe put to sleep\n|rule|Mega Rayquaza Clause: You cannot mega evolve Rayquaza\n|clearpoke\n|poke|p1|Arceus-Ground|\n|poke|p1|Necrozma-Dusk-Mane|\n|poke|p1|Groudon|\n|poke|p1|Ho-Oh|\n|poke|p1|Eternatus|\n|poke|p1|Zacian-*|\n|poke|p2|Whimsicott, M|\n|poke|p2|Durant, M|\n|poke|p2|Gothitelle, F|\n|poke|p2|Groudon|\n|poke|p2|Kyurem-Black|\n|poke|p2|Necrozma-Dusk-Mane|\n|teampreview\n|inactive|Battle timer is ON: inactive players will automatically lose when time's up. (requested by Gimble18)\n|\n|t:|1698645122\n|start\n|switch|p1a: Arceus|Arceus-Ground|100\/100\n|switch|p2a: Whimsicott|Whimsicott, M|100\/100\n|turn|1\n|\n|t:|1698645137\n|move|p2a: Whimsicott|Taunt|p1a: Arceus\n|-start|p1a: Arceus|move: Taunt\n|move|p1a: Arceus|Earthquake|p2a: Whimsicott\n|-resisted|p2a: Whimsicott\n|-damage|p2a: Whimsicott|58\/100\n|\n|upkeep\n|turn|2\n|\n|t:|1698645149\n|move|p2a: Whimsicott|Moonblast|p1a: Arceus\n|-damage|p1a: Arceus|73\/100\n|-zpower|p1a: Arceus\n|move|p1a: Arceus|Tectonic Rage|p2a: Whimsicott|[zeffect]\n|-resisted|p2a: Whimsicott\n|-damage|p2a: Whimsicott|0 fnt\n|faint|p2a: Whimsicott\n|\n|upkeep\n|\n|t:|1698645158\n|switch|p2a: Kyurem|Kyurem-Black|100\/100\n|-ability|p2a: Kyurem|Teravolt\n|turn|3\n|\n|t:|1698645162\n|move|p2a: Kyurem|Dragon Dance|p2a: Kyurem\n|-boost|p2a: Kyurem|atk|1\n|-boost|p2a: Kyurem|spe|1\n|move|p1a: Arceus|Stone Edge|p2a: Kyurem\n|-supereffective|p2a: Kyurem\n|-damage|p2a: Kyurem|39\/100\n|\n|-end|p1a: Arceus|move: Taunt\n|upkeep\n|turn|4\n|\n|t:|1698645171\n|move|p2a: Kyurem|Icicle Spear|p1a: Arceus\n|-supereffective|p1a: Arceus\n|-damage|p1a: Arceus|39\/100\n|-supereffective|p1a: Arceus\n|-damage|p1a: Arceus|4\/100\n|-supereffective|p1a: Arceus\n|-damage|p1a: Arceus|0 fnt\n|faint|p1a: Arceus\n|-hitcount|p1: Arceus|3\n|\n|upkeep\n|\n|t:|1698645179\n|switch|p1a: Necrozma|Necrozma-Dusk-Mane|100\/100\n|turn|5\n|\n|t:|1698645188\n|-terastallize|p2a: Kyurem|Electric\n|move|p2a: Kyurem|Dragon Dance|p2a: Kyurem\n|-boost|p2a: Kyurem|atk|1\n|-boost|p2a: Kyurem|spe|1\n|move|p1a: Necrozma|Earthquake|p2a: Kyurem\n|-supereffective|p2a: Kyurem\n|-damage|p2a: Kyurem|0 fnt\n|faint|p2a: Kyurem\n|\n|upkeep\n|\n|t:|1698645196\n|switch|p2a: Durant|Durant, M|100\/100\n|turn|6\n|\n|t:|1698645201\n|move|p2a: Durant|Entrainment|p1a: Necrozma\n|-endability|p1a: Necrozma|Prism Armor|[from] move: Entrainment\n|-ability|p1a: Necrozma|Truant|[from] move: Entrainment\n|move|p1a: Necrozma|Earthquake|p2a: Durant\n|-damage|p2a: Durant|60\/100\n|-enditem|p2a: Durant|Eject Button\n|\n|t:|1698645204\n|switch|p2a: Gothitelle|Gothitelle, F|100\/100\n|\n|upkeep\n|turn|7\n|\n|t:|1698645214\n|cant|p1a: Necrozma|ability: Truant\n|move|p2a: Gothitelle|Cosmic Power|p2a: Gothitelle\n|-boost|p2a: Gothitelle|def|1\n|-boost|p2a: Gothitelle|spd|1\n|\n|upkeep\n|turn|8\n|\n|t:|1698645221\n|move|p2a: Gothitelle|Protect|p2a: Gothitelle\n|-singleturn|p2a: Gothitelle|Protect\n|move|p1a: Necrozma|Toxic|p2a: Gothitelle\n|-activate|p2a: Gothitelle|move: Protect\n|\n|upkeep\n|turn|9\n|\n|t:|1698645227\n|cant|p1a: Necrozma|ability: Truant\n|move|p2a: Gothitelle|Cosmic Power|p2a: Gothitelle\n|-boost|p2a: Gothitelle|def|1\n|-boost|p2a: Gothitelle|spd|1\n|\n|upkeep\n|turn|10\n|\n|t:|1698645233\n|move|p2a: Gothitelle|Protect|p2a: Gothitelle\n|-singleturn|p2a: Gothitelle|Protect\n|move|p1a: Necrozma|Earthquake|p2a: Gothitelle\n|-activate|p2a: Gothitelle|move: Protect\n|\n|upkeep\n|turn|11\n|\n|t:|1698645240\n|cant|p1a: Necrozma|ability: Truant\n|move|p2a: Gothitelle|Cosmic Power|p2a: Gothitelle\n|-boost|p2a: Gothitelle|def|1\n|-boost|p2a: Gothitelle|spd|1\n|\n|upkeep\n|turn|12\n|\n|t:|1698645248\n|move|p2a: Gothitelle|Protect|p2a: Gothitelle\n|-singleturn|p2a: Gothitelle|Protect\n|move|p1a: Necrozma|Toxic|p2a: Gothitelle\n|-activate|p2a: Gothitelle|move: Protect\n|\n|upkeep\n|turn|13\n|\n|t:|1698645254\n|cant|p1a: Necrozma|ability: Truant\n|move|p2a: Gothitelle|Cosmic Power|p2a: Gothitelle\n|-boost|p2a: Gothitelle|def|1\n|-boost|p2a: Gothitelle|spd|1\n|\n|upkeep\n|turn|14\n|\n|t:|1698645261\n|move|p2a: Gothitelle|Protect|p2a: Gothitelle\n|-singleturn|p2a: Gothitelle|Protect\n|move|p1a: Necrozma|Toxic|p2a: Gothitelle\n|-activate|p2a: Gothitelle|move: Protect\n|\n|upkeep\n|turn|15\n|\n|t:|1698645267\n|cant|p1a: Necrozma|ability: Truant\n|move|p2a: Gothitelle|Cosmic Power|p2a: Gothitelle\n|-boost|p2a: Gothitelle|def|1\n|-boost|p2a: Gothitelle|spd|1\n|\n|upkeep\n|turn|16\n|\n|t:|1698645273\n|move|p2a: Gothitelle|Protect|p2a: Gothitelle\n|-singleturn|p2a: Gothitelle|Protect\n|move|p1a: Necrozma|Toxic|p2a: Gothitelle\n|-activate|p2a: Gothitelle|move: Protect\n|\n|upkeep\n|turn|17\n|\n|t:|1698645279\n|cant|p1a: Necrozma|ability: Truant\n|move|p2a: Gothitelle|Cosmic Power|p2a: Gothitelle\n|-boost|p2a: Gothitelle|def|1\n|-boost|p2a: Gothitelle|spd|1\n|\n|upkeep\n|turn|18\n|\n|t:|1698645286\n|move|p2a: Gothitelle|Protect|p2a: Gothitelle\n|-singleturn|p2a: Gothitelle|Protect\n|move|p1a: Necrozma|Toxic|p2a: Gothitelle\n|-activate|p2a: Gothitelle|move: Protect\n|\n|upkeep\n|turn|19\n|\n|t:|1698645293\n|cant|p1a: Necrozma|ability: Truant\n|move|p2a: Gothitelle|Charge Beam|p1a: Necrozma\n|-damage|p1a: Necrozma|90\/100\n|-boost|p2a: Gothitelle|spa|1\n|\n|-heal|p1a: Necrozma|96\/100|[from] item: Leftovers\n|upkeep\n|turn|20\n|\n|t:|1698645301\n|move|p2a: Gothitelle|Protect|p2a: Gothitelle\n|-singleturn|p2a: Gothitelle|Protect\n|move|p1a: Necrozma|Toxic|p2a: Gothitelle\n|-activate|p2a: Gothitelle|move: Protect\n|\n|-heal|p1a: Necrozma|100\/100|[from] item: Leftovers\n|upkeep\n|turn|21\n|c|\u2606Gimble18|This shot should be banned\n|c|\u2606Gimble18|Once ur at +2 SPa start attacking or I forfeit\n|inactive|Gimble18 has 120 seconds left.\n|\n|t:|1698645332\n|cant|p1a: Necrozma|ability: Truant\n|move|p2a: Gothitelle|Charge Beam|p1a: Necrozma\n|-damage|p1a: Necrozma|85\/100\n|-boost|p2a: Gothitelle|spa|1\n|\n|-heal|p1a: Necrozma|91\/100|[from] item: Leftovers\n|upkeep\n|turn|22\n|\n|t:|1698645341\n|move|p2a: Gothitelle|Protect|p2a: Gothitelle\n|-singleturn|p2a: Gothitelle|Protect\n|move|p1a: Necrozma|Sunsteel Strike|p2a: Gothitelle\n|-activate|p2a: Gothitelle|move: Protect\n|\n|-heal|p1a: Necrozma|97\/100|[from] item: Leftovers\n|upkeep\n|turn|23\n|c|\u2606Gimble18|Ok no victory for u\n|-message|Gimble18 forfeited.\n|\n|win|Old McBruh\n|raw|Gimble18's rating: 1409 &rarr; <strong>1388<\/strong><br \/>(-21 for losing)\n|raw|Old McBruh's rating: 1383 &rarr; <strong>1404<\/strong><br \/>(+21 for winning)\n|l|\u2606Gimble18\n","uploadtime":1698645364,"views":14,"p1id":"gimble18","p2id":"oldmcbruh","formatid":"gen9nationaldexubers","rating":1388,"private":0,"password":""}