{"id":"gen9nationaldexubers-1999058324","p1":"guupy42","p2":"Player 723456","format":"[Gen 9] National Dex Ubers","log":"|j|\u2606guupy42\n|j|\u2606Player 723456\n|t:|1701028674\n|gametype|singles\n|player|p1|guupy42|fisherman-gen4|1030\n|player|p2|Player 723456|lucas|1101\n|teamsize|p1|6\n|teamsize|p2|6\n|gen|9\n|tier|[Gen 9] National Dex Ubers\n|rated|\n|rule|HP Percentage Mod: HP is shown in percentages\n|rule|Endless Battle Clause: Forcing endless battles is banned\n|rule|OHKO Clause: OHKO moves are banned\n|rule|Evasion Moves Clause: Evasion moves are banned\n|rule|Evasion Items Clause: Evasion items are banned\n|rule|Species Clause: Limit one of each Pok\u00e9mon\n|rule|Sleep Clause Mod: Limit one foe put to sleep\n|rule|Mega Rayquaza Clause: You cannot mega evolve Rayquaza\n|clearpoke\n|poke|p1|Gyarados, M|\n|poke|p1|Clawitzer, F|\n|poke|p1|Talonflame, M|\n|poke|p1|Trevenant, M|\n|poke|p1|Pelipper, M|\n|poke|p1|Chandelure, M|\n|poke|p2|Dracovish|\n|poke|p2|Kingambit, F|\n|poke|p2|Iron Bundle|\n|poke|p2|Zacian-*|\n|poke|p2|Houndstone, M|\n|poke|p2|Incineroar, F|\n|teampreview\n|\n|t:|1701028697\n|start\n|switch|p1a: Candle|Chandelure, M|100\/100\n|switch|p2a: Iron Bundle|Iron Bundle|100\/100\n|-enditem|p2a: Iron Bundle|Booster Energy\n|-activate|p2a: Iron Bundle|ability: Quark Drive|[fromitem]\n|-start|p2a: Iron Bundle|quarkdrivespe\n|turn|1\n|\n|t:|1701028711\n|move|p2a: Iron Bundle|Hydro Pump|p1a: Candle\n|-supereffective|p1a: Candle\n|-damage|p1a: Candle|0 fnt\n|faint|p1a: Candle\n|\n|upkeep\n|\n|t:|1701028715\n|switch|p1a: Sherman|Clawitzer, F|100\/100\n|turn|2\n|\n|t:|1701028722\n|-terastallize|p1a: Sherman|Steel\n|move|p2a: Iron Bundle|Freeze-Dry|p1a: Sherman\n|-resisted|p1a: Sherman\n|-damage|p1a: Sherman|80\/100\n|move|p1a: Sherman|Crabhammer|p2a: Iron Bundle\n|-resisted|p2a: Iron Bundle\n|-damage|p2a: Iron Bundle|82\/100\n|\n|upkeep\n|turn|3\n|\n|t:|1701028730\n|move|p1a: Sherman|Aqua Jet|p2a: Iron Bundle\n|-resisted|p2a: Iron Bundle\n|-damage|p2a: Iron Bundle|74\/100\n|move|p2a: Iron Bundle|Hydro Pump|p1a: Sherman\n|-damage|p1a: Sherman|16\/100\n|\n|upkeep\n|turn|4\n|\n|t:|1701028738\n|switch|p1a: Eclipse|Trevenant, M|100\/100\n|move|p2a: Iron Bundle|Hydro Pump|p1a: Eclipse\n|-resisted|p1a: Eclipse\n|-damage|p1a: Eclipse|69\/100\n|\n|upkeep\n|turn|5\n|\n|t:|1701028747\n|move|p2a: Iron Bundle|Freeze-Dry|p1a: Eclipse\n|-supereffective|p1a: Eclipse\n|-damage|p1a: Eclipse|0 fnt\n|faint|p1a: Eclipse\n|\n|upkeep\n|\n|t:|1701028752\n|switch|p1a: Sherman|Clawitzer, F, tera:Steel|16\/100\n|turn|6\n|\n|t:|1701028756\n|move|p2a: Iron Bundle|Hydro Pump|p1a: Sherman\n|-damage|p1a: Sherman|0 fnt\n|faint|p1a: Sherman\n|\n|upkeep\n|\n|t:|1701028761\n|switch|p1a: Sunrise|Gyarados, M|100\/100\n|-ability|p1a: Sunrise|Intimidate|boost\n|-unboost|p2a: Iron Bundle|atk|1\n|turn|7\n|\n|t:|1701028772\n|detailschange|p1a: Sunrise|Gyarados-Mega, M\n|-mega|p1a: Sunrise|Gyarados|Gyaradosite\n|-ability|p1a: Sunrise|Mold Breaker\n|move|p2a: Iron Bundle|Freeze-Dry|p1a: Sunrise\n|-supereffective|p1a: Sunrise\n|-damage|p1a: Sunrise|38\/100\n|move|p1a: Sunrise|Hurricane|p2a: Iron Bundle\n|-damage|p2a: Iron Bundle|32\/100\n|-start|p2a: Iron Bundle|confusion\n|\n|upkeep\n|turn|8\n|\n|t:|1701028782\n|-activate|p2a: Iron Bundle|confusion\n|move|p2a: Iron Bundle|Freeze-Dry|p1a: Sunrise\n|-supereffective|p1a: Sunrise\n|-damage|p1a: Sunrise|0 fnt\n|faint|p1a: Sunrise\n|\n|upkeep\n|\n|t:|1701028787\n|switch|p1a: Moonlight|Pelipper, M|100\/100\n|-weather|RainDance|[from] ability: Drizzle|[of] p1a: Moonlight\n|turn|9\n|\n|t:|1701028796\n|-activate|p2a: Iron Bundle|confusion\n|move|p2a: Iron Bundle|Freeze-Dry|p1a: Moonlight\n|-supereffective|p1a: Moonlight\n|-damage|p1a: Moonlight|0 fnt\n|faint|p1a: Moonlight\n|\n|-weather|RainDance|[upkeep]\n|upkeep\n|\n|t:|1701028804\n|switch|p1a: Fawkes|Talonflame, M|100\/100\n|turn|10\n|\n|t:|1701028815\n|move|p1a: Fawkes|Air Slash|p2a: Iron Bundle\n|-damage|p2a: Iron Bundle|0 fnt\n|faint|p2a: Iron Bundle\n|-end|p2a: Iron Bundle|Quark Drive|[silent]\n|\n|-weather|RainDance|[upkeep]\n|upkeep\n|\n|t:|1701028826\n|switch|p2a: Dracovish|Dracovish|100\/100\n|turn|11\n|\n|t:|1701028832\n|move|p1a: Fawkes|Air Slash|p2a: Dracovish\n|-damage|p2a: Dracovish|67\/100\n|cant|p2a: Dracovish|flinch\n|\n|-weather|RainDance|[upkeep]\n|upkeep\n|turn|12\n|\n|t:|1701028838\n|move|p1a: Fawkes|Air Slash|p2a: Dracovish\n|-damage|p2a: Dracovish|36\/100\n|move|p2a: Dracovish|Fishious Rend|p1a: Fawkes\n|-supereffective|p1a: Fawkes\n|-damage|p1a: Fawkes|0 fnt\n|faint|p1a: Fawkes\n|\n|win|Player 723456\n|raw|guupy42's rating: 1030 &rarr; <strong>1018<\/strong><br \/>(-12 for losing)\n|raw|Player 723456's rating: 1101 &rarr; <strong>1121<\/strong><br \/>(+20 for winning)\n|l|\u2606guupy42\n","uploadtime":1701028852,"views":12,"p1id":"guupy42","p2id":"player723456","formatid":"gen9nationaldexubers","rating":1018,"private":0,"password":""}