{"id":"gen9nationaldexubers-1987363639","p1":"itzsamurottlel","p2":"85792195wwww","format":"[Gen 9] National Dex Ubers","log":"|j|\u2606itzsamurottlel\n|j|\u260685792195wwww\n|t:|1699582053\n|gametype|singles\n|player|p1|itzsamurottlel|n|1223\n|player|p2|85792195wwww|mira|1439\n|teamsize|p1|6\n|teamsize|p2|6\n|gen|9\n|tier|[Gen 9] National Dex Ubers\n|rated|\n|rule|HP Percentage Mod: HP is shown in percentages\n|rule|Endless Battle Clause: Forcing endless battles is banned\n|rule|OHKO Clause: OHKO moves are banned\n|rule|Evasion Moves Clause: Evasion moves are banned\n|rule|Evasion Items Clause: Evasion items are banned\n|rule|Species Clause: Limit one of each Pok\u00e9mon\n|rule|Sleep Clause Mod: Limit one foe put to sleep\n|rule|Mega Rayquaza Clause: You cannot mega evolve Rayquaza\n|clearpoke\n|poke|p1|Zygarde|\n|poke|p1|Espathra, M|\n|poke|p1|Lucario, F|\n|poke|p1|Ho-Oh|\n|poke|p1|Samurott-Hisui, M|\n|poke|p1|Rillaboom, M|\n|poke|p2|Kyurem-Black|\n|poke|p2|Samurott-Hisui, F|\n|poke|p2|Gholdengo|\n|poke|p2|Groudon|\n|poke|p2|Arceus-Ground|\n|poke|p2|Ribombee, M|\n|teampreview\n|\n|t:|1699582059\n|start\n|switch|p1a: Espathra|Espathra, M|100\/100\n|switch|p2a: Ribombee|Ribombee, M|100\/100\n|turn|1\n|\n|t:|1699582069\n|move|p2a: Ribombee|Switcheroo|p1a: Espathra\n|-activate|p2a: Ribombee|move: Trick|[of] p1a: Espathra\n|-item|p1a: Espathra|Focus Sash|[from] move: Switcheroo\n|-item|p2a: Ribombee|Focus Sash|[from] move: Switcheroo\n|move|p1a: Espathra|Calm Mind|p1a: Espathra\n|-boost|p1a: Espathra|spa|1\n|-boost|p1a: Espathra|spd|1\n|\n|-ability|p1a: Espathra|Speed Boost|boost\n|-boost|p1a: Espathra|spe|1\n|upkeep\n|turn|2\n|\n|t:|1699582080\n|move|p1a: Espathra|Calm Mind|p1a: Espathra\n|-boost|p1a: Espathra|spa|1\n|-boost|p1a: Espathra|spd|1\n|move|p2a: Ribombee|Sticky Web|p1a: Espathra\n|-sidestart|p1: itzsamurottlel|move: Sticky Web\n|\n|-ability|p1a: Espathra|Speed Boost|boost\n|-boost|p1a: Espathra|spe|1\n|upkeep\n|turn|3\n|\n|t:|1699582090\n|switch|p2a: Gholdengo|Gholdengo|100\/100\n|-item|p2a: Gholdengo|Air Balloon\n|move|p1a: Espathra|Calm Mind|p1a: Espathra\n|-boost|p1a: Espathra|spa|1\n|-boost|p1a: Espathra|spd|1\n|\n|-ability|p1a: Espathra|Speed Boost|boost\n|-boost|p1a: Espathra|spe|1\n|upkeep\n|turn|4\n|\n|t:|1699582100\n|move|p1a: Espathra|Stored Power|p2a: Gholdengo\n|-resisted|p2a: Gholdengo\n|-damage|p2a: Gholdengo|0 fnt\n|-enditem|p2a: Gholdengo|Air Balloon\n|faint|p2a: Gholdengo\n|\n|-ability|p1a: Espathra|Speed Boost|boost\n|-boost|p1a: Espathra|spe|1\n|upkeep\n|\n|t:|1699582113\n|switch|p2a: Samurott|Samurott-Hisui, F|100\/100\n|turn|5\n|\n|t:|1699582119\n|move|p1a: Espathra|Dazzling Gleam|p2a: Samurott\n|-supereffective|p2a: Samurott\n|-enditem|p2a: Samurott|Focus Sash\n|-damage|p2a: Samurott|1\/100\n|move|p2a: Samurott|Ceaseless Edge|p1a: Espathra\n|-supereffective|p1a: Espathra\n|-enditem|p1a: Espathra|Focus Sash\n|-damage|p1a: Espathra|1\/100\n|-sidestart|p1: itzsamurottlel|Spikes\n|\n|-ability|p1a: Espathra|Speed Boost|boost\n|-boost|p1a: Espathra|spe|1\n|upkeep\n|turn|6\n|\n|t:|1699582132\n|move|p1a: Espathra|Dazzling Gleam|p2a: Samurott\n|-supereffective|p2a: Samurott\n|-damage|p2a: Samurott|0 fnt\n|faint|p2a: Samurott\n|\n|-ability|p1a: Espathra|Speed Boost|boost\n|-boost|p1a: Espathra|spe|1\n|upkeep\n|\n|t:|1699582140\n|switch|p2a: Ribombee|Ribombee, M|100\/100\n|turn|7\n|\n|t:|1699582144\n|move|p1a: Espathra|Stored Power|p2a: Ribombee\n|-enditem|p2a: Ribombee|Focus Sash\n|-damage|p2a: Ribombee|1\/100\n|move|p2a: Ribombee|Moonblast|p1a: Espathra\n|-damage|p1a: Espathra|0 fnt\n|faint|p1a: Espathra\n|\n|upkeep\n|\n|t:|1699582152\n|switch|p1a: Ho-Oh|Ho-Oh|100\/100\n|turn|8\n|\n|t:|1699582156\n|move|p2a: Ribombee|Switcheroo|p1a: Ho-Oh\n|-activate|p2a: Ribombee|move: Trick|[of] p1a: Ho-Oh\n|-enditem|p1a: Ho-Oh|Heavy-Duty Boots|[silent]|[from] move: Switcheroo\n|-item|p2a: Ribombee|Heavy-Duty Boots|[from] move: Switcheroo\n|move|p1a: Ho-Oh|Defog|p2a: Ribombee\n|-unboost|p2a: Ribombee|evasion|1\n|-sideend|p1: itzsamurottlel|Spikes|[from] move: Defog|[of] p1a: Ho-Oh\n|-sideend|p1: itzsamurottlel|Sticky Web|[from] move: Defog|[of] p1a: Ho-Oh\n|\n|upkeep\n|turn|9\n|\n|t:|1699582164\n|move|p2a: Ribombee|Sticky Web|p1a: Ho-Oh\n|-sidestart|p1: itzsamurottlel|move: Sticky Web\n|move|p1a: Ho-Oh|Sacred Fire|p2a: Ribombee\n|-supereffective|p2a: Ribombee\n|-damage|p2a: Ribombee|0 fnt\n|faint|p2a: Ribombee\n|\n|upkeep\n|\n|t:|1699582177\n|switch|p2a: Arceus|Arceus-Ground|100\/100\n|turn|10\n|\n|t:|1699582181\n|move|p2a: Arceus|Taunt|p1a: Ho-Oh\n|-start|p1a: Ho-Oh|move: Taunt\n|cant|p1a: Ho-Oh|move: Taunt|Defog\n|\n|upkeep\n|turn|11\n|\n|t:|1699582187\n|move|p2a: Arceus|Stone Edge|p1a: Ho-Oh\n|-supereffective|p1a: Ho-Oh\n|-damage|p1a: Ho-Oh|0 fnt\n|faint|p1a: Ho-Oh\n|\n|upkeep\n|\n|t:|1699582195\n|switch|p1a: Samurott|Samurott-Hisui, M|100\/100\n|-activate|p1a: Samurott|move: Sticky Web\n|-unboost|p1a: Samurott|spe|1\n|turn|12\n|\n|t:|1699582206\n|move|p2a: Arceus|Earthquake|p1a: Samurott\n|-damage|p1a: Samurott|31\/100\n|move|p1a: Samurott|Ceaseless Edge|p2a: Arceus\n|-damage|p2a: Arceus|66\/100\n|-sidestart|p2: 85792195wwww|Spikes\n|\n|upkeep\n|turn|13\n|\n|t:|1699582214\n|move|p2a: Arceus|Earthquake|p1a: Samurott\n|-damage|p1a: Samurott|0 fnt\n|faint|p1a: Samurott\n|\n|upkeep\n|\n|t:|1699582218\n|switch|p1a: Rillaboom|Rillaboom, M|100\/100\n|-activate|p1a: Rillaboom|move: Sticky Web\n|-unboost|p1a: Rillaboom|spe|1\n|-fieldstart|move: Grassy Terrain|[from] ability: Grassy Surge|[of] p1a: Rillaboom\n|-enditem|p1a: Rillaboom|Grassy Seed\n|-boost|p1a: Rillaboom|def|1|[from] item: Grassy Seed\n|turn|14\n|\n|t:|1699582225\n|-terastallize|p1a: Rillaboom|Grass\n|move|p1a: Rillaboom|Grassy Glide|p2a: Arceus\n|-supereffective|p2a: Arceus\n|-damage|p2a: Arceus|0 fnt\n|faint|p2a: Arceus\n|\n|upkeep\n|\n|t:|1699582235\n|switch|p2a: Kyurem|Kyurem-Black|100\/100\n|-damage|p2a: Kyurem|88\/100|[from] Spikes\n|-ability|p2a: Kyurem|Teravolt\n|turn|15\n|\n|t:|1699582241\n|move|p2a: Kyurem|Icicle Spear|p1a: Rillaboom\n|-supereffective|p1a: Rillaboom\n|-damage|p1a: Rillaboom|75\/100\n|-supereffective|p1a: Rillaboom\n|-damage|p1a: Rillaboom|50\/100\n|-supereffective|p1a: Rillaboom\n|-damage|p1a: Rillaboom|21\/100\n|-supereffective|p1a: Rillaboom\n|-damage|p1a: Rillaboom|0 fnt\n|faint|p1a: Rillaboom\n|-hitcount|p1: Rillaboom|4\n|\n|-heal|p2a: Kyurem|94\/100|[from] Grassy Terrain\n|upkeep\n|\n|t:|1699582244\n|switch|p1a: Lucario|Lucario, F|100\/100\n|-activate|p1a: Lucario|move: Sticky Web\n|-unboost|p1a: Lucario|spe|1\n|turn|16\n|\n|t:|1699582258\n|switch|p2a: Groudon|Groudon|100\/100\n|-damage|p2a: Groudon|88\/100|[from] Spikes\n|detailschange|p2a: Groudon|Groudon-Primal\n|-primal|p2a: Groudon|Red Orb\n|-weather|DesolateLand|[from] ability: Desolate Land|[of] p2a: Groudon\n|detailschange|p1a: Lucario|Lucario-Mega, F\n|-mega|p1a: Lucario|Lucario|Lucarionite\n|move|p1a: Lucario|Drain Punch|p2a: Groudon\n|-damage|p2a: Groudon|51\/100\n|\n|-weather|DesolateLand|[upkeep]\n|-heal|p2a: Groudon|57\/100|[from] Grassy Terrain\n|upkeep\n|turn|17\n|\n|t:|1699582272\n|move|p2a: Groudon|Earth Power|p1a: Lucario\n|-supereffective|p1a: Lucario\n|-damage|p1a: Lucario|0 fnt\n|faint|p1a: Lucario\n|\n|-weather|DesolateLand|[upkeep]\n|-heal|p2a: Groudon|63\/100|[from] Grassy Terrain\n|upkeep\n|\n|t:|1699582283\n|switch|p1a: Zygarde|Zygarde|100\/100\n|-activate|p1a: Zygarde|move: Sticky Web\n|-unboost|p1a: Zygarde|spe|1\n|turn|18\n|\n|t:|1699582289\n|-weather|none\n|switch|p2a: Kyurem|Kyurem-Black|94\/100\n|-damage|p2a: Kyurem|82\/100|[from] Spikes\n|-ability|p2a: Kyurem|Teravolt\n|move|p1a: Zygarde|Thousand Arrows|p2a: Kyurem\n|-damage|p2a: Kyurem|47\/100\n|\n|-heal|p2a: Kyurem|53\/100|[from] Grassy Terrain\n|-fieldend|move: Grassy Terrain\n|upkeep\n|turn|19\n|\n|t:|1699582301\n|move|p1a: Zygarde|Extreme Speed|p2a: Kyurem\n|-damage|p2a: Kyurem|32\/100\n|move|p2a: Kyurem|Icicle Spear|p1a: Zygarde\n|-supereffective|p1a: Zygarde\n|-enditem|p1a: Zygarde|Yache Berry|[eat]\n|-enditem|p1a: Zygarde|Yache Berry|[weaken]\n|-damage|p1a: Zygarde|77\/100\n|-supereffective|p1a: Zygarde\n|-damage|p1a: Zygarde|30\/100\n|-supereffective|p1a: Zygarde\n|-damage|p1a: Zygarde|0 fnt\n|faint|p1a: Zygarde\n|-hitcount|p1: Zygarde|3\n|\n|win|85792195wwww\n|raw|itzsamurottlel's rating: 1223 &rarr; <strong>1212<\/strong><br \/>(-11 for losing)\n|raw|85792195wwww's rating: 1439 &rarr; <strong>1448<\/strong><br \/>(+9 for winning)\n|l|\u2606itzsamurottlel\n|l|\u260685792195wwww\n","uploadtime":1699582315,"views":5,"p1id":"itzsamurottlel","p2id":"85792195wwww","formatid":"gen9nationaldexubers","rating":1212,"private":0,"password":""}