{"id":"gen9nationaldexubers-1988291062","p1":"AGisgood\u82cd\u54cd\u4fa0","p2":"lese256","format":"[Gen 9] National Dex Ubers","log":"|j|\u2606AGisgood\u82cd\u54cd\u4fa0\n|j|\u2606lese256\n|t:|1699702790\n|gametype|singles\n|player|p1|AGisgood\u82cd\u54cd\u4fa0|cowgirl|\n|player|p2|lese256|policeman-gen4|\n|teamsize|p1|6\n|teamsize|p2|6\n|gen|9\n|tier|[Gen 9] National Dex Ubers\n|rule|HP Percentage Mod: HP is shown in percentages\n|rule|Endless Battle Clause: Forcing endless battles is banned\n|rule|OHKO Clause: OHKO moves are banned\n|rule|Evasion Moves Clause: Evasion moves are banned\n|rule|Evasion Items Clause: Evasion items are banned\n|rule|Species Clause: Limit one of each Pok\u00e9mon\n|rule|Sleep Clause Mod: Limit one foe put to sleep\n|rule|Mega Rayquaza Clause: You cannot mega evolve Rayquaza\n|clearpoke\n|poke|p1|Toxapex, F|\n|poke|p1|Zapdos|\n|poke|p1|Gholdengo|\n|poke|p1|Slowking-Galar, M|\n|poke|p1|Marshadow|\n|poke|p1|Kingambit, M|\n|poke|p2|Melmetal|\n|poke|p2|Chien-Pao|\n|poke|p2|Ursaluna-Bloodmoon, M|\n|poke|p2|Cresselia, F|\n|poke|p2|Great Tusk|\n|poke|p2|Hatterene, F|\n|teampreview\n|inactive|Battle timer is ON: inactive players will automatically lose when time's up. (requested by AGisgood\u82cd\u54cd\u4fa0)\n|inactive|lese256 also wants the timer to be on.\n|\n|t:|1699702817\n|start\n|switch|p1a: Slowking|Slowking-Galar, M|100\/100\n|switch|p2a: Great Tusk|Great Tusk|100\/100\n|turn|1\n|\n|t:|1699702827\n|switch|p1a: Zapdos|Zapdos|100\/100\n|move|p2a: Great Tusk|Stealth Rock|p1a: Zapdos\n|-sidestart|p1: AGisgood\u82cd\u54cd\u4fa0|move: Stealth Rock\n|\n|upkeep\n|turn|2\n|\n|t:|1699702846\n|move|p1a: Zapdos|Defog|p2a: Great Tusk\n|-unboost|p2a: Great Tusk|evasion|1\n|-sideend|p1: AGisgood\u82cd\u54cd\u4fa0|Stealth Rock|[from] move: Defog|[of] p1a: Zapdos\n|move|p2a: Great Tusk|Ice Spinner|p1a: Zapdos\n|-supereffective|p1a: Zapdos\n|-damage|p1a: Zapdos|46\/100\n|\n|upkeep\n|turn|3\n|\n|t:|1699702851\n|move|p1a: Zapdos|Hurricane|p2a: Great Tusk\n|-supereffective|p2a: Great Tusk\n|-enditem|p2a: Great Tusk|Focus Sash\n|-damage|p2a: Great Tusk|1\/100\n|move|p2a: Great Tusk|Stealth Rock|p1a: Zapdos\n|-sidestart|p1: AGisgood\u82cd\u54cd\u4fa0|move: Stealth Rock\n|\n|upkeep\n|turn|4\n|\n|t:|1699702867\n|move|p1a: Zapdos|Hurricane|p2a: Great Tusk\n|-supereffective|p2a: Great Tusk\n|-damage|p2a: Great Tusk|0 fnt\n|faint|p2a: Great Tusk\n|-end|p2a: Great Tusk|Protosynthesis|[silent]\n|\n|upkeep\n|\n|t:|1699702869\n|switch|p2a: Chien-Pao|Chien-Pao|100\/100\n|-ability|p2a: Chien-Pao|Sword of Ruin\n|turn|5\n|\n|t:|1699702874\n|switch|p1a: Toxapex|Toxapex, F|100\/100\n|move|p2a: Chien-Pao|Icicle Crash|p1a: Toxapex\n|-resisted|p1a: Toxapex\n|-damage|p1a: Toxapex|77\/100\n|-damage|p2a: Chien-Pao|91\/100|[from] item: Life Orb\n|\n|upkeep\n|turn|6\n|\n|t:|1699702878\n|switch|p2a: Ursaluna|Ursaluna-Bloodmoon, M|100\/100\n|move|p1a: Toxapex|Scald|p2a: Ursaluna\n|-supereffective|p2a: Ursaluna\n|-damage|p2a: Ursaluna|61\/100\n|\n|upkeep\n|turn|7\n|\n|t:|1699702889\n|switch|p1a: Gholdengo|Gholdengo|100\/100\n|-damage|p1a: Gholdengo|94\/100|[from] Stealth Rock\n|-item|p1a: Gholdengo|Air Balloon\n|move|p2a: Ursaluna|Blood Moon|p1a: Gholdengo\n|-resisted|p1a: Gholdengo\n|-damage|p1a: Gholdengo|52\/100\n|-enditem|p1a: Gholdengo|Air Balloon\n|\n|upkeep\n|turn|8\n|\n|t:|1699702913\n|-terastallize|p1a: Gholdengo|Flying\n|move|p1a: Gholdengo|Make It Rain|p2a: Ursaluna\n|-damage|p2a: Ursaluna|7\/100\n|-unboost|p1a: Gholdengo|spa|1\n|move|p2a: Ursaluna|Earth Power|p1a: Gholdengo\n|-immune|p1a: Gholdengo\n|\n|upkeep\n|turn|9\n|inactive|AGisgood\u82cd\u54cd\u4fa0 has 270 seconds left.\n|\n|t:|1699702953\n|switch|p2a: Cresselia|Cresselia, F|100\/100\n|move|p1a: Gholdengo|Make It Rain|p2a: Cresselia\n|-damage|p2a: Cresselia|77\/100\n|-unboost|p1a: Gholdengo|spa|1\n|\n|upkeep\n|turn|10\n|\n|t:|1699702959\n|move|p1a: Gholdengo|Recover|p1a: Gholdengo\n|-heal|p1a: Gholdengo|100\/100\n|move|p2a: Cresselia|Trick Room|p2a: Cresselia\n|-fieldstart|move: Trick Room|[of] p2a: Cresselia\n|\n|upkeep\n|turn|11\n|inactive|AGisgood\u82cd\u54cd\u4fa0 has 270 seconds left.\n|\n|t:|1699702968\n|move|p2a: Cresselia|Lunar Dance|p2a: Cresselia\n|faint|p2a: Cresselia\n|move|p1a: Gholdengo|Nasty Plot|p1a: Gholdengo\n|-boost|p1a: Gholdengo|spa|2\n|\n|upkeep\n|\n|t:|1699702976\n|switch|p2a: Ursaluna|Ursaluna-Bloodmoon, M|7\/100\n|-heal|p2a: Ursaluna|100\/100|[from] move: Lunar Dance\n|turn|12\n|\n|t:|1699702984\n|switch|p1a: Zapdos|Zapdos|46\/100\n|-zpower|p2a: Ursaluna\n|move|p2a: Ursaluna|Breakneck Blitz|p1a: Zapdos|[zeffect]\n|-damage|p1a: Zapdos|0 fnt\n|faint|p1a: Zapdos\n|\n|upkeep\n|c|\u2606AGisgood\u82cd\u54cd\u4fa0|\u597d\u597d\u597d\n|\n|t:|1699702995\n|switch|p1a: Slowking|Slowking-Galar, M|100\/100\n|turn|13\n|\n|t:|1699703001\n|switch|p1a: Gholdengo|Gholdengo, tera:Flying|100\/100\n|-damage|p1a: Gholdengo|76\/100|[from] Stealth Rock\n|move|p2a: Ursaluna|Blood Moon|p1a: Gholdengo\n|-damage|p1a: Gholdengo|0 fnt\n|faint|p1a: Gholdengo\n|\n|upkeep\n|inactive|AGisgood\u82cd\u54cd\u4fa0 has 270 seconds left.\n|\n|t:|1699703039\n|switch|p1a: Kingambit|Kingambit, M|100\/100\n|-damage|p1a: Kingambit|94\/100|[from] Stealth Rock\n|-activate|p1a: Kingambit|ability: Supreme Overlord\n|-start|p1a: Kingambit|fallen2|[silent]\n|turn|14\n|\n|t:|1699703046\n|move|p1a: Kingambit|Sucker Punch|p2a: Ursaluna\n|-damage|p2a: Ursaluna|68\/100\n|move|p2a: Ursaluna|Earth Power|p1a: Kingambit\n|-supereffective|p1a: Kingambit\n|-damage|p1a: Kingambit|0 fnt\n|faint|p1a: Kingambit\n|-end|p1a: Kingambit|fallen2|[silent]\n|\n|-fieldend|move: Trick Room\n|upkeep\n|\n|t:|1699703071\n|switch|p1a: Marshadow|Marshadow|100\/100\n|-damage|p1a: Marshadow|94\/100|[from] Stealth Rock\n|turn|15\n|\n|t:|1699703077\n|move|p1a: Marshadow|Close Combat|p2a: Ursaluna\n|-supereffective|p2a: Ursaluna\n|-damage|p2a: Ursaluna|0 fnt\n|-unboost|p1a: Marshadow|def|1\n|-unboost|p1a: Marshadow|spd|1\n|faint|p2a: Ursaluna\n|\n|upkeep\n|\n|t:|1699703086\n|switch|p2a: Hatterene|Hatterene, F|100\/100\n|turn|16\n|\n|t:|1699703094\n|switch|p1a: Slowking|Slowking-Galar, M|100\/100\n|move|p2a: Hatterene|Psychic|p1a: Slowking\n|-damage|p1a: Slowking|70\/100\n|\n|upkeep\n|turn|17\n|\n|t:|1699703100\n|switch|p2a: Chien-Pao|Chien-Pao|91\/100\n|-ability|p2a: Chien-Pao|Sword of Ruin\n|move|p1a: Slowking|Chilly Reception|p1a: Slowking\n|-weather|Snow\n|\n|t:|1699703104\n|switch|p1a: Toxapex|Toxapex, F|100\/100|[from] Chilly Reception\n|\n|-weather|Snow|[upkeep]\n|upkeep\n|turn|18\n|\n|t:|1699703108\n|switch|p2a: Melmetal|Melmetal|100\/100\n|move|p1a: Toxapex|Scald|p2a: Melmetal\n|-damage|p2a: Melmetal|83\/100\n|\n|-weather|Snow|[upkeep]\n|upkeep\n|turn|19\n|\n|t:|1699703119\n|switch|p1a: Slowking|Slowking-Galar, M|100\/100\n|move|p2a: Melmetal|Earthquake|p1a: Slowking\n|-supereffective|p1a: Slowking\n|-damage|p1a: Slowking|0 fnt\n|faint|p1a: Slowking\n|\n|-weather|Snow|[upkeep]\n|upkeep\n|\n|t:|1699703122\n|switch|p1a: Marshadow|Marshadow|94\/100\n|-damage|p1a: Marshadow|88\/100|[from] Stealth Rock\n|turn|20\n|\n|t:|1699703126\n|move|p1a: Marshadow|Close Combat|p2a: Melmetal\n|-supereffective|p2a: Melmetal\n|-damage|p2a: Melmetal|0 fnt\n|-unboost|p1a: Marshadow|def|1\n|-unboost|p1a: Marshadow|spd|1\n|faint|p2a: Melmetal\n|\n|-weather|Snow|[upkeep]\n|upkeep\n|\n|t:|1699703129\n|switch|p2a: Hatterene|Hatterene, F|100\/100\n|turn|21\n|\n|t:|1699703132\n|switch|p1a: Toxapex|Toxapex, F|100\/100\n|move|p2a: Hatterene|Psychic|p1a: Toxapex\n|-supereffective|p1a: Toxapex\n|-damage|p1a: Toxapex|7\/100\n|\n|-weather|none\n|upkeep\n|turn|22\n|\n|t:|1699703138\n|move|p1a: Toxapex|Scald|p2a: Hatterene\n|-crit|p2a: Hatterene\n|-damage|p2a: Hatterene|73\/100\n|move|p2a: Hatterene|Psychic|p1a: Toxapex\n|-supereffective|p1a: Toxapex\n|-damage|p1a: Toxapex|0 fnt\n|faint|p1a: Toxapex\n|\n|upkeep\n|\n|t:|1699703140\n|switch|p1a: Marshadow|Marshadow|88\/100\n|-damage|p1a: Marshadow|82\/100|[from] Stealth Rock\n|turn|23\n|\n|t:|1699703144\n|-terastallize|p2a: Hatterene|Fire\n|move|p1a: Marshadow|Poltergeist|p2a: Hatterene\n|-activate|p2a: Hatterene|move: Poltergeist|Focus Sash\n|-damage|p2a: Hatterene|0 fnt\n|faint|p2a: Hatterene\n|\n|upkeep\n|\n|t:|1699703147\n|switch|p2a: Chien-Pao|Chien-Pao|91\/100\n|-ability|p2a: Chien-Pao|Sword of Ruin\n|turn|24\n|c|\u2606AGisgood\u82cd\u54cd\u4fa0|gg\n|c|\u2606AGisgood\u82cd\u54cd\u4fa0|\u54ac\u788e\u6b7b\u4e86\n|l|\u2606lese256\n|inactive|lese256 disconnected and has 300 seconds to reconnect!\n|player|p2|\n|j|\u2606lese256\n|inactive|lese256 reconnected and has 285 seconds left.\n|player|p2|lese256|policeman-gen4\n|\n|t:|1699703186\n|move|p2a: Chien-Pao|Icicle Crash|p1a: Marshadow\n|-damage|p1a: Marshadow|0 fnt\n|faint|p1a: Marshadow\n|-damage|p2a: Chien-Pao|81\/100|[from] item: Life Orb\n|\n|win|lese256\n","uploadtime":1699703192,"views":5,"p1id":"agisgood","p2id":"lese256","formatid":"gen9nationaldexubers","rating":0,"private":0,"password":""}