{"id":"gen9nationaldexubers-1983426431","p1":"bobmcforman","p2":"medi34","format":"[Gen 9] National Dex Ubers","log":"|j|\u2606bobmcforman\n|j|\u2606medi34\n|t:|1699128914\n|gametype|singles\n|player|p1|bobmcforman|266|\n|player|p2|medi34|265|\n|teamsize|p1|6\n|teamsize|p2|6\n|gen|9\n|tier|[Gen 9] National Dex Ubers\n|rule|HP Percentage Mod: HP is shown in percentages\n|rule|Endless Battle Clause: Forcing endless battles is banned\n|rule|OHKO Clause: OHKO moves are banned\n|rule|Evasion Moves Clause: Evasion moves are banned\n|rule|Evasion Items Clause: Evasion items are banned\n|rule|Species Clause: Limit one of each Pok\u00e9mon\n|rule|Sleep Clause Mod: Limit one foe put to sleep\n|rule|Mega Rayquaza Clause: You cannot mega evolve Rayquaza\n|clearpoke\n|poke|p1|Annihilape, F|\n|poke|p1|Gholdengo|\n|poke|p1|Dondozo, M|\n|poke|p1|Ting-Lu|\n|poke|p1|Iron Moth|\n|poke|p1|Guzzlord|\n|poke|p2|Meowscarada, M|\n|poke|p2|Skeledirge, M|\n|poke|p2|Corviknight, M|\n|poke|p2|Baxcalibur, M|\n|poke|p2|Florges-Yellow, F|\n|poke|p2|Groudon|\n|teampreview\n|j| cincinnaticynda\n|j| chikinwang\n|j| BoyzArbokInTown03\n|c|\u2606medi34|glhf\n|c| BoyzArbokInTown03|Have fun guys!\n|c|\u2606medi34|*does a dance\n|\n|t:|1699128980\n|start\n|switch|p1a: Tohnathan|Ting-Lu|100\/100\n|switch|p2a: meow|Meowscarada, M, shiny|100\/100\n|-ability|p1a: Tohnathan|Vessel of Ruin\n|turn|1\n|\n|t:|1699129003\n|move|p2a: meow|U-turn|p1a: Tohnathan\n|-start|p2a: meow|typechange|Bug|[from] ability: Protean\n|-supereffective|p1a: Tohnathan\n|-damage|p1a: Tohnathan|48\/100\n|-enditem|p1a: Tohnathan|Red Card|[of] p2a: meow\n|drag|p2a: cake pop|Florges-Yellow, F, shiny|100\/100\n|move|p1a: Tohnathan|Stealth Rock|p2a: cake pop\n|-sidestart|p2: medi34|move: Stealth Rock\n|\n|upkeep\n|turn|2\n|j| lelza\n|\n|t:|1699129062\n|move|p2a: cake pop|Protect|p2a: cake pop\n|-singleturn|p2a: cake pop|Protect\n|move|p1a: Tohnathan|Ruination|p2a: cake pop\n|-activate|p2a: cake pop|move: Protect\n|\n|upkeep\n|turn|3\n|\n|t:|1699129107\n|switch|p2a: meow|Meowscarada, M, shiny|100\/100\n|-damage|p2a: meow|88\/100|[from] Stealth Rock\n|move|p1a: Tohnathan|Ruination|p2a: meow\n|-damage|p2a: meow|45\/100\n|\n|upkeep\n|turn|4\n|\n|t:|1699129133\n|move|p2a: meow|U-turn|p1a: Tohnathan\n|-start|p2a: meow|typechange|Bug|[from] ability: Protean\n|-supereffective|p1a: Tohnathan\n|-damage|p1a: Tohnathan|0 fnt\n|faint|p1a: Tohnathan\n|\n|t:|1699129159\n|switch|p2a: dino nugget|Groudon, shiny|100\/100|[from] U-turn\n|-damage|p2a: dino nugget|94\/100|[from] Stealth Rock\n|-weather|SunnyDay|[from] ability: Drought|[of] p2a: dino nugget\n|\n|-weather|SunnyDay|[upkeep]\n|-heal|p2a: dino nugget|100\/100|[from] item: Leftovers\n|upkeep\n|\n|t:|1699129183\n|switch|p1a: Mohnathan|Iron Moth|100\/100\n|-enditem|p1a: Mohnathan|Booster Energy\n|-activate|p1a: Mohnathan|ability: Quark Drive|[fromitem]\n|-start|p1a: Mohnathan|quarkdrivespe\n|turn|5\n|\n|t:|1699129252\n|move|p1a: Mohnathan|Energy Ball|p2a: dino nugget\n|-supereffective|p2a: dino nugget\n|-damage|p2a: dino nugget|41\/100\n|move|p2a: dino nugget|Earthquake|p1a: Mohnathan\n|-supereffective|p1a: Mohnathan\n|-damage|p1a: Mohnathan|0 fnt\n|faint|p1a: Mohnathan\n|-end|p1a: Mohnathan|Quark Drive|[silent]\n|\n|-weather|SunnyDay|[upkeep]\n|-heal|p2a: dino nugget|47\/100|[from] item: Leftovers\n|upkeep\n|\n|t:|1699129275\n|switch|p1a: Dohnathan|Dondozo, M|100\/100\n|turn|6\n|\n|t:|1699129303\n|move|p2a: dino nugget|Protect|p2a: dino nugget\n|-singleturn|p2a: dino nugget|Protect\n|move|p1a: Dohnathan|Liquidation|p2a: dino nugget\n|-activate|p2a: dino nugget|move: Protect\n|\n|-weather|SunnyDay|[upkeep]\n|-heal|p2a: dino nugget|53\/100|[from] item: Leftovers\n|upkeep\n|turn|7\n|\n|t:|1699129315\n|move|p2a: dino nugget|Solar Beam||[still]\n|-prepare|p2a: dino nugget|Solar Beam\n|-anim|p2a: dino nugget|Solar Beam|p1a: Dohnathan\n|-supereffective|p1a: Dohnathan\n|-damage|p1a: Dohnathan|50\/100\n|move|p1a: Dohnathan|Liquidation|p2a: dino nugget\n|-supereffective|p2a: dino nugget\n|-damage|p2a: dino nugget|39\/100\n|\n|-weather|SunnyDay|[upkeep]\n|-heal|p2a: dino nugget|45\/100|[from] item: Leftovers\n|upkeep\n|turn|8\n|\n|t:|1699129330\n|switch|p1a: Guzzy|Guzzlord, shiny|100\/100\n|move|p2a: dino nugget|Solar Beam||[still]\n|-prepare|p2a: dino nugget|Solar Beam\n|-anim|p2a: dino nugget|Solar Beam|p1a: Guzzy\n|-resisted|p1a: Guzzy\n|-damage|p1a: Guzzy|88\/100\n|\n|-weather|none\n|-heal|p2a: dino nugget|51\/100|[from] item: Leftovers\n|upkeep\n|turn|9\n|c|\u2606medi34|he quite literally ate that\n|\n|t:|1699129343\n|switch|p2a: cake pop|Florges-Yellow, F, shiny|100\/100\n|-damage|p2a: cake pop|88\/100|[from] Stealth Rock\n|move|p1a: Guzzy|Draco Meteor|p2a: cake pop\n|-immune|p2a: cake pop\n|\n|upkeep\n|turn|10\n|\n|t:|1699129389\n|switch|p2a: Great Value Skarm|Corviknight, M, shiny|100\/100\n|-damage|p2a: Great Value Skarm|88\/100|[from] Stealth Rock\n|switch|p1a: Gohnathan|Gholdengo|100\/100\n|\n|upkeep\n|turn|11\n|\n|t:|1699129422\n|move|p1a: Gohnathan|Shadow Ball|p2a: Great Value Skarm\n|-damage|p2a: Great Value Skarm|58\/100\n|move|p2a: Great Value Skarm|Defog|p1a: Gohnathan\n|-immune|p1a: Gohnathan|[from] ability: Good as Gold\n|\n|upkeep\n|turn|12\n|c|\u2606medi34|I thought i could still clear my side lol\n|\n|t:|1699129471\n|move|p1a: Gohnathan|Shadow Ball|p2a: Great Value Skarm\n|-damage|p2a: Great Value Skarm|31\/100\n|move|p2a: Great Value Skarm|U-turn|p1a: Gohnathan\n|-resisted|p1a: Gohnathan\n|-damage|p1a: Gohnathan|96\/100\n|\n|t:|1699129501\n|switch|p2a: meow|Meowscarada, M, shiny|45\/100|[from] U-turn\n|-damage|p2a: meow|32\/100|[from] Stealth Rock\n|\n|upkeep\n|turn|13\n|l| chikinwang\n|\n|t:|1699129563\n|move|p2a: meow|Knock Off|p1a: Gohnathan\n|-start|p2a: meow|typechange|Dark|[from] ability: Protean\n|-supereffective|p1a: Gohnathan\n|-damage|p1a: Gohnathan|0 fnt\n|-enditem|p1a: Gohnathan|Heavy-Duty Boots|[from] move: Knock Off|[of] p2a: meow\n|faint|p1a: Gohnathan\n|\n|upkeep\n|j| chikinwang\n|\n|t:|1699129615\n|switch|p1a: Johnathan|Annihilape, F|100\/100\n|turn|14\n|\n|t:|1699129680\n|move|p2a: meow|Knock Off|p1a: Johnathan\n|-damage|p1a: Johnathan|32\/100\n|-enditem|p1a: Johnathan|Leftovers|[from] move: Knock Off|[of] p2a: meow\n|move|p1a: Johnathan|Drain Punch|p2a: meow\n|-supereffective|p2a: meow\n|-crit|p2a: meow\n|-damage|p2a: meow|0 fnt\n|-heal|p1a: Johnathan|43\/100|[from] drain|[of] p2a: meow\n|faint|p2a: meow\n|\n|upkeep\n|\n|t:|1699129693\n|switch|p2a: Arthur|Baxcalibur, M, shiny|100\/100\n|-damage|p2a: Arthur|76\/100|[from] Stealth Rock\n|turn|15\n|\n|t:|1699129713\n|-terastallize|p2a: Arthur|Fairy\n|move|p2a: Arthur|Glaive Rush|p1a: Johnathan\n|-damage|p1a: Johnathan|0 fnt\n|-singlemove|p2a: Arthur|Glaive Rush|[silent]\n|faint|p1a: Johnathan\n|\n|upkeep\n|\n|t:|1699129722\n|switch|p1a: Dohnathan|Dondozo, M|50\/100\n|turn|16\n|\n|t:|1699129774\n|switch|p2a: Great Value Skarm|Corviknight, M, shiny|31\/100\n|-damage|p2a: Great Value Skarm|19\/100|[from] Stealth Rock\n|move|p1a: Dohnathan|Body Press|p2a: Great Value Skarm\n|-damage|p2a: Great Value Skarm|0 fnt\n|-damage|p1a: Dohnathan|33\/100|[from] item: Rocky Helmet|[of] p2a: Great Value Skarm\n|faint|p2a: Great Value Skarm\n|\n|upkeep\n|c| chikinwang|Arthurzilla\n|\n|t:|1699129784\n|switch|p2a: dino nugget|Groudon, shiny|51\/100\n|-damage|p2a: dino nugget|45\/100|[from] Stealth Rock\n|-weather|SunnyDay|[from] ability: Drought|[of] p2a: dino nugget\n|turn|17\n|c|\u2606medi34|artur\n|\n|t:|1699129804\n|move|p2a: dino nugget|Solar Beam||[still]\n|-prepare|p2a: dino nugget|Solar Beam\n|-anim|p2a: dino nugget|Solar Beam|p1a: Dohnathan\n|-supereffective|p1a: Dohnathan\n|-damage|p1a: Dohnathan|0 fnt\n|faint|p1a: Dohnathan\n|\n|-weather|SunnyDay|[upkeep]\n|-heal|p2a: dino nugget|51\/100|[from] item: Leftovers\n|upkeep\n|\n|t:|1699129813\n|switch|p1a: Guzzy|Guzzlord, shiny|88\/100\n|turn|18\n|\n|t:|1699129820\n|move|p2a: dino nugget|Protect|p2a: dino nugget\n|-singleturn|p2a: dino nugget|Protect\n|move|p1a: Guzzy|Dark Pulse|p2a: dino nugget\n|-activate|p2a: dino nugget|move: Protect\n|\n|-weather|SunnyDay|[upkeep]\n|-heal|p2a: dino nugget|58\/100|[from] item: Leftovers\n|upkeep\n|turn|19\n|\n|t:|1699129829\n|move|p2a: dino nugget|Earthquake|p1a: Guzzy\n|-damage|p1a: Guzzy|49\/100\n|move|p1a: Guzzy|Dark Pulse|p2a: dino nugget\n|-damage|p2a: dino nugget|5\/100\n|\n|-weather|SunnyDay|[upkeep]\n|-heal|p2a: dino nugget|12\/100|[from] item: Leftovers\n|upkeep\n|turn|20\n|\n|t:|1699129837\n|move|p2a: dino nugget|Earthquake|p1a: Guzzy\n|-damage|p1a: Guzzy|8\/100\n|move|p1a: Guzzy|Dark Pulse|p2a: dino nugget\n|-damage|p2a: dino nugget|0 fnt\n|faint|p2a: dino nugget\n|-ability|p1a: Guzzy|Beast Boost|boost\n|-boost|p1a: Guzzy|spa|1\n|\n|-weather|SunnyDay|[upkeep]\n|upkeep\n|\n|t:|1699129844\n|switch|p2a: Arthur|Baxcalibur, M, shiny, tera:Fairy|76\/100\n|-damage|p2a: Arthur|63\/100|[from] Stealth Rock\n|turn|21\n|\n|t:|1699129852\n|move|p2a: Arthur|Earthquake|p1a: Guzzy\n|-crit|p1a: Guzzy\n|-damage|p1a: Guzzy|0 fnt\n|faint|p1a: Guzzy\n|\n|win|medi34\n|c|\u2606medi34|ggs\n","uploadtime":1699129858,"views":6,"p1id":"bobmcforman","p2id":"medi34","formatid":"gen9nationaldexubers","rating":0,"private":0,"password":""}