{"id":"gen9nationaldexubers-1982722448","p1":"Jujiro Hanma","p2":"linkthecat01","format":"[Gen 9] National Dex Ubers","log":"|j|\u2606Jujiro Hanma\n|j|\u2606linkthecat01\n|t:|1699038871\n|gametype|singles\n|player|p1|Jujiro Hanma|265|1239\n|player|p2|linkthecat01|medium|1195\n|teamsize|p1|6\n|teamsize|p2|6\n|gen|9\n|tier|[Gen 9] National Dex Ubers\n|rated|\n|rule|HP Percentage Mod: HP is shown in percentages\n|rule|Endless Battle Clause: Forcing endless battles is banned\n|rule|OHKO Clause: OHKO moves are banned\n|rule|Evasion Moves Clause: Evasion moves are banned\n|rule|Evasion Items Clause: Evasion items are banned\n|rule|Species Clause: Limit one of each Pok\u00e9mon\n|rule|Sleep Clause Mod: Limit one foe put to sleep\n|rule|Mega Rayquaza Clause: You cannot mega evolve Rayquaza\n|clearpoke\n|poke|p1|Pinsir, M|\n|poke|p1|Pheromosa|\n|poke|p1|Genesect|\n|poke|p1|Volbeat, M|\n|poke|p1|Shuckle, M|\n|poke|p1|Slither Wing|\n|poke|p2|Smeargle, M|\n|poke|p2|Melmetal|\n|poke|p2|Kangaskhan, F|\n|poke|p2|Deoxys-Defense|\n|poke|p2|Marshadow|\n|poke|p2|Regieleki|\n|teampreview\n|inactive|Battle timer is ON: inactive players will automatically lose when time's up. (requested by linkthecat01)\n|c|\u2606linkthecat01|bugs\n|c|\u2606Jujiro Hanma|creepy crawlies\n|c|\u2606linkthecat01|yep\n|c|\u2606linkthecat01|I am scared\n|inactive|Jujiro Hanma has 120 seconds left.\n|c|\u2606Jujiro Hanma|lol\n|\n|t:|1699038906\n|start\n|switch|p1a: Volbeat|Volbeat, M|100\/100\n|switch|p2a: CTRL+ALT+DEL|Smeargle, M|100\/100\n|turn|1\n|\n|t:|1699038911\n|move|p1a: Volbeat|Trick|p2a: CTRL+ALT+DEL\n|-activate|p1a: Volbeat|move: Trick|[of] p2a: CTRL+ALT+DEL\n|-item|p2a: CTRL+ALT+DEL|Choice Scarf|[from] move: Trick\n|-item|p1a: Volbeat|Quick Claw|[from] move: Trick\n|move|p2a: CTRL+ALT+DEL|Spore|p1a: Volbeat\n|-status|p1a: Volbeat|slp|[from] move: Spore\n|\n|-ability|p2a: CTRL+ALT+DEL|Moody|boost\n|-boost|p2a: CTRL+ALT+DEL|atk|2\n|-unboost|p2a: CTRL+ALT+DEL|def|1\n|upkeep\n|turn|2\n|\n|t:|1699038927\n|switch|p2a: Punch|Melmetal|100\/100\n|switch|p1a: Shuckle|Shuckle, M, shiny|100\/100\n|\n|upkeep\n|turn|3\n|\n|t:|1699038931\n|move|p2a: Punch|Double Iron Bash|p1a: Shuckle\n|-supereffective|p1a: Shuckle\n|-damage|p1a: Shuckle|31\/100\n|-supereffective|p1a: Shuckle\n|-damage|p1a: Shuckle|0 fnt\n|faint|p1a: Shuckle\n|-hitcount|p1: Shuckle|2\n|\n|upkeep\n|c|\u2606Jujiro Hanma|dayum\n|c|\u2606linkthecat01|punch\n|\n|t:|1699038940\n|switch|p1a: Genesect|Genesect, shiny|100\/100\n|-ability|p1a: Genesect|Download|boost\n|-boost|p1a: Genesect|spa|1\n|turn|4\n|\n|t:|1699038950\n|-terastallize|p1a: Genesect|Fire\n|move|p1a: Genesect|Flamethrower|p2a: Punch\n|-supereffective|p2a: Punch\n|-damage|p2a: Punch|0 fnt\n|faint|p2a: Punch\n|\n|upkeep\n|\n|t:|1699038959\n|switch|p2a: IGUESS|Regieleki|100\/100\n|turn|5\n|\n|t:|1699038965\n|move|p2a: IGUESS|Thunderbolt|p1a: Genesect\n|-damage|p1a: Genesect|20\/100\n|move|p1a: Genesect|Flamethrower|p2a: IGUESS\n|-damage|p2a: IGUESS|0 fnt\n|faint|p2a: IGUESS\n|\n|upkeep\n|\n|t:|1699038972\n|switch|p2a: MorePUNCHY|Marshadow|100\/100\n|turn|6\n|\n|t:|1699038980\n|switch|p1a: Slither Wing|Slither Wing|100\/100\n|move|p2a: MorePUNCHY|Drain Punch|p1a: Slither Wing\n|-resisted|p1a: Slither Wing\n|-damage|p1a: Slither Wing|73\/100\n|\n|upkeep\n|turn|7\n|\n|t:|1699038988\n|-end|p1a: Slither Wing|Protosynthesis|[silent]\n|switch|p1a: Pinsir|Pinsir, M, shiny|100\/100\n|move|p2a: MorePUNCHY|Drain Punch|p1a: Pinsir\n|-resisted|p1a: Pinsir\n|-damage|p1a: Pinsir|76\/100\n|\n|upkeep\n|turn|8\n|\n|t:|1699038992\n|detailschange|p1a: Pinsir|Pinsir-Mega, M, shiny\n|-mega|p1a: Pinsir|Pinsir|Pinsirite\n|move|p2a: MorePUNCHY|Drain Punch|p1a: Pinsir\n|-resisted|p1a: Pinsir\n|-damage|p1a: Pinsir|66\/100\n|move|p1a: Pinsir|Swords Dance|p1a: Pinsir\n|-boost|p1a: Pinsir|atk|2\n|\n|upkeep\n|turn|9\n|\n|t:|1699038996\n|move|p1a: Pinsir|Quick Attack|p2a: MorePUNCHY\n|-supereffective|p2a: MorePUNCHY\n|-damage|p2a: MorePUNCHY|0 fnt\n|faint|p2a: MorePUNCHY\n|\n|upkeep\n|\n|t:|1699038999\n|switch|p2a: CTRL+ALT+DEL|Smeargle, M|100\/100\n|turn|10\n|-message|linkthecat01 forfeited.\n|\n|win|Jujiro Hanma\n|raw|Jujiro Hanma's rating: 1239 &rarr; <strong>1261<\/strong><br \/>(+22 for winning)\n|raw|linkthecat01's rating: 1195 &rarr; <strong>1173<\/strong><br \/>(-22 for losing)\n|l|\u2606linkthecat01\n","uploadtime":1699039012,"views":6,"p1id":"jujirohanma","p2id":"linkthecat01","formatid":"gen9nationaldexubers","rating":1173,"private":0,"password":""}