{"id":"gen9nationaldexubers-1988168019","p1":"PhobosYeah","p2":"AttackOnGargaNaCl","format":"[Gen 9] National Dex Ubers","log":"|j|\u2606PhobosYeah\n|j|\u2606AttackOnGargaNaCl\n|t:|1699678584\n|gametype|singles\n|player|p1|PhobosYeah|roughneck|1370\n|player|p2|AttackOnGargaNaCl|169|1524\n|teamsize|p1|6\n|teamsize|p2|6\n|gen|9\n|tier|[Gen 9] National Dex Ubers\n|rated|\n|rule|HP Percentage Mod: HP is shown in percentages\n|rule|Endless Battle Clause: Forcing endless battles is banned\n|rule|OHKO Clause: OHKO moves are banned\n|rule|Evasion Moves Clause: Evasion moves are banned\n|rule|Evasion Items Clause: Evasion items are banned\n|rule|Species Clause: Limit one of each Pok\u00e9mon\n|rule|Sleep Clause Mod: Limit one foe put to sleep\n|rule|Mega Rayquaza Clause: You cannot mega evolve Rayquaza\n|clearpoke\n|poke|p1|Ditto|\n|poke|p1|Smeargle, F|\n|poke|p1|Kangaskhan, F|\n|poke|p1|Zoroark-Hisui, F|\n|poke|p1|Ursaluna-Bloodmoon, M|\n|poke|p1|Arceus|\n|poke|p2|Zygarde|\n|poke|p2|Ho-Oh|\n|poke|p2|Zacian-*|\n|poke|p2|Xerneas-*|\n|poke|p2|Yveltal|\n|poke|p2|Arceus|\n|teampreview\n|inactive|Battle timer is ON: inactive players will automatically lose when time's up. (requested by AttackOnGargaNaCl)\n|c|\u2606PhobosYeah|GLHF\n|\n|t:|1699678595\n|start\n|switch|p1a: Smeargle|Smeargle, F|100\/100\n|switch|p2a: Yveltal|Yveltal|100\/100\n|-ability|p2a: Yveltal|Dark Aura\n|turn|1\n|\n|t:|1699678620\n|move|p2a: Yveltal|Dark Pulse|p1a: Smeargle\n|-enditem|p1a: Smeargle|Focus Sash\n|-damage|p1a: Smeargle|1\/100\n|-damage|p2a: Yveltal|91\/100|[from] item: Life Orb\n|move|p1a: Smeargle|Seismic Toss|p2a: Yveltal\n|-damage|p2a: Yveltal|65\/100\n|\n|-ability|p1a: Smeargle|Moody|boost\n|-boost|p1a: Smeargle|spd|2\n|-unboost|p1a: Smeargle|spa|1\n|upkeep\n|turn|2\n|\n|t:|1699678634\n|move|p2a: Yveltal|Taunt|p1a: Smeargle\n|-start|p1a: Smeargle|move: Taunt\n|cant|p1a: Smeargle|move: Taunt|Spore\n|\n|-ability|p1a: Smeargle|Moody|boost\n|-boost|p1a: Smeargle|spe|2\n|-unboost|p1a: Smeargle|def|1\n|upkeep\n|turn|3\n|\n|t:|1699678643\n|move|p1a: Smeargle|Seismic Toss|p2a: Yveltal\n|-damage|p2a: Yveltal|40\/100\n|move|p2a: Yveltal|Dark Pulse|p1a: Smeargle\n|-damage|p1a: Smeargle|0 fnt\n|faint|p1a: Smeargle\n|-damage|p2a: Yveltal|30\/100|[from] item: Life Orb\n|\n|upkeep\n|\n|t:|1699678664\n|switch|p1a: Kangaskhan|Kangaskhan, F, shiny|100\/100\n|turn|4\n|\n|t:|1699678671\n|detailschange|p1a: Kangaskhan|Kangaskhan-Mega, F, shiny\n|-mega|p1a: Kangaskhan|Kangaskhan|Kangaskhanite\n|move|p1a: Kangaskhan|Fake Out|p2a: Yveltal\n|-damage|p2a: Yveltal|9\/100\n|-damage|p2a: Yveltal|4\/100\n|-hitcount|p2a: Yveltal|2\n|cant|p2a: Yveltal|flinch\n|\n|upkeep\n|turn|5\n|\n|t:|1699678680\n|move|p2a: Yveltal|Sucker Punch|p1a: Kangaskhan\n|-damage|p1a: Kangaskhan|50\/100\n|-damage|p2a: Yveltal|0 fnt|[from] item: Life Orb\n|faint|p2a: Yveltal\n|move|p1a: Kangaskhan|Seismic Toss|p2: Yveltal|[notarget]\n|-fail|p1a: Kangaskhan\n|\n|upkeep\n|\n|t:|1699678687\n|switch|p2a: Ho-Oh|Ho-Oh|100\/100\n|turn|6\n|\n|t:|1699678690\n|move|p1a: Kangaskhan|Seismic Toss|p2a: Ho-Oh\n|-damage|p2a: Ho-Oh|76\/100\n|-damage|p2a: Ho-Oh|52\/100\n|-hitcount|p2a: Ho-Oh|2\n|move|p2a: Ho-Oh|Sacred Fire|p1a: Kangaskhan\n|-damage|p1a: Kangaskhan|6\/100\n|-status|p1a: Kangaskhan|brn\n|\n|-damage|p1a: Kangaskhan|0 fnt|[from] brn\n|faint|p1a: Kangaskhan\n|upkeep\n|\n|t:|1699678707\n|switch|p1a: Ursaluna|Ursaluna-Bloodmoon, M|100\/100\n|turn|7\n|\n|t:|1699678710\n|move|p2a: Ho-Oh|Toxic|p1a: Ursaluna|[miss]\n|-miss|p2a: Ho-Oh|p1a: Ursaluna\n|move|p1a: Ursaluna|Earth Power|p2a: Ho-Oh\n|-immune|p2a: Ho-Oh\n|\n|upkeep\n|turn|8\n|\n|t:|1699678719\n|move|p2a: Ho-Oh|Sacred Fire|p1a: Ursaluna\n|-damage|p1a: Ursaluna|68\/100\n|-status|p1a: Ursaluna|brn\n|move|p1a: Ursaluna|Blood Moon|p2a: Ho-Oh\n|-crit|p2a: Ho-Oh\n|-damage|p2a: Ho-Oh|0 fnt\n|faint|p2a: Ho-Oh\n|\n|-heal|p1a: Ursaluna|74\/100 brn|[from] item: Leftovers\n|-damage|p1a: Ursaluna|68\/100 brn|[from] brn\n|upkeep\n|\n|t:|1699678738\n|switch|p2a: Arceus|Arceus|100\/100\n|turn|9\n|\n|t:|1699678744\n|move|p2a: Arceus|Extreme Speed|p1a: Ursaluna\n|-damage|p1a: Ursaluna|27\/100 brn\n|move|p1a: Ursaluna|Earth Power|p2a: Arceus\n|-damage|p2a: Arceus|65\/100\n|\n|-heal|p1a: Ursaluna|33\/100 brn|[from] item: Leftovers\n|-damage|p1a: Ursaluna|27\/100 brn|[from] brn\n|upkeep\n|turn|10\n|\n|t:|1699678753\n|move|p2a: Arceus|Recover|p2a: Arceus\n|-heal|p2a: Arceus|100\/100\n|move|p1a: Ursaluna|Blood Moon|p2a: Arceus\n|-damage|p2a: Arceus|41\/100\n|\n|-heal|p1a: Ursaluna|33\/100 brn|[from] item: Leftovers\n|-damage|p1a: Ursaluna|27\/100 brn|[from] brn\n|upkeep\n|turn|11\n|\n|t:|1699678761\n|move|p2a: Arceus|Recover|p2a: Arceus\n|-heal|p2a: Arceus|91\/100\n|move|p1a: Ursaluna|Earth Power|p2a: Arceus\n|-damage|p2a: Arceus|57\/100\n|\n|-heal|p1a: Ursaluna|33\/100 brn|[from] item: Leftovers\n|-damage|p1a: Ursaluna|27\/100 brn|[from] brn\n|upkeep\n|turn|12\n|\n|t:|1699678770\n|move|p2a: Arceus|Extreme Speed|p1a: Ursaluna\n|-damage|p1a: Ursaluna|0 fnt\n|faint|p1a: Ursaluna\n|\n|upkeep\n|\n|t:|1699678776\n|switch|p1a: Arceus|Arceus|100\/100\n|turn|13\n|\n|t:|1699678798\n|-terastallize|p1a: Arceus|Normal\n|move|p1a: Arceus|Extreme Speed|p2a: Arceus\n|-damage|p2a: Arceus|6\/100\n|move|p2a: Arceus|Swords Dance|p2a: Arceus\n|-boost|p2a: Arceus|atk|2\n|\n|upkeep\n|turn|14\n|\n|t:|1699678806\n|-terastallize|p2a: Arceus|Ghost\n|move|p1a: Arceus|Extreme Speed|p2a: Arceus\n|-immune|p2a: Arceus\n|move|p2a: Arceus|Extreme Speed|p1a: Arceus\n|-damage|p1a: Arceus|21\/100\n|\n|upkeep\n|turn|15\n|\n|t:|1699678816\n|switch|p1a: Arceus|Arceus|100\/100\n|move|p2a: Arceus|Recover|p2a: Arceus\n|-heal|p2a: Arceus|56\/100\n|\n|upkeep\n|turn|16\n|j| Potatoot\n|\n|t:|1699678825\n|switch|p2a: Zacian|Zacian-Crowned|100\/100\n|-ability|p2a: Zacian|Intrepid Sword|boost\n|-boost|p2a: Zacian|atk|1\n|move|p1a: Arceus|Shadow Ball|p2a: Zacian\n|-damage|p2a: Zacian|48\/100\n|\n|upkeep\n|turn|17\n|\n|t:|1699678836\n|switch|p1a: Ditto|Ditto, shiny|100\/100\n|-transform|p1a: Ditto|p2a: Zacian|[from] ability: Imposter\n|-ability|p1a: Ditto|Intrepid Sword|boost\n|-boost|p1a: Ditto|atk|1\n|move|p2a: Zacian|Behemoth Blade|p1a: Ditto\n|-damage|p1a: Ditto|8\/100\n|\n|upkeep\n|turn|18\n|\n|t:|1699678848\n|move|p1a: Ditto|Behemoth Blade|p2a: Zacian\n|-damage|p2a: Zacian|0 fnt\n|faint|p2a: Zacian\n|\n|upkeep\n|\n|t:|1699678849\n|switch|p2a: Arceus|Arceus, tera:Ghost|56\/100\n|turn|19\n|\n|t:|1699678854\n|move|p2a: Arceus|Extreme Speed|p1a: Ditto\n|-resisted|p1a: Ditto\n|-damage|p1a: Ditto|0 fnt\n|faint|p1a: Ditto\n|\n|upkeep\n|\n|t:|1699678860\n|switch|p1a: Arceus|Arceus|100\/100\n|turn|20\n|\n|t:|1699678873\n|move|p2a: Arceus|Extreme Speed|p1a: Arceus\n|-immune|p1a: Arceus\n|move|p1a: Arceus|Shadow Ball|p2a: Arceus\n|-supereffective|p2a: Arceus\n|-damage|p2a: Arceus|0 fnt\n|faint|p2a: Arceus\n|\n|upkeep\n|\n|t:|1699678875\n|switch|p2a: Zygarde|Zygarde|100\/100\n|turn|21\n|\n|t:|1699678884\n|move|p1a: Arceus|Shadow Ball|p2a: Zygarde\n|-damage|p2a: Zygarde|45\/100\n|move|p2a: Zygarde|Dragon Dance|p2a: Zygarde\n|-boost|p2a: Zygarde|atk|1\n|-boost|p2a: Zygarde|spe|1\n|\n|-heal|p2a: Zygarde|51\/100|[from] item: Leftovers\n|upkeep\n|turn|22\n|\n|t:|1699678894\n|move|p1a: Arceus|Shadow Ball|p2a: Zygarde\n|-damage|p2a: Zygarde|0 fnt\n|faint|p2a: Zygarde\n|\n|upkeep\n|\n|t:|1699678896\n|switch|p2a: Xerneas|Xerneas|100\/100\n|-ability|p2a: Xerneas|Fairy Aura\n|turn|23\n|\n|t:|1699678901\n|move|p1a: Arceus|Shadow Ball|p2a: Xerneas\n|-damage|p2a: Xerneas|45\/100\n|move|p2a: Xerneas|Geomancy||[still]\n|-prepare|p2a: Xerneas|Geomancy\n|-enditem|p2a: Xerneas|Power Herb\n|-anim|p2a: Xerneas|Geomancy|p2a: Xerneas\n|-boost|p2a: Xerneas|spa|2\n|-boost|p2a: Xerneas|spd|2\n|-boost|p2a: Xerneas|spe|2\n|\n|upkeep\n|turn|24\n|\n|t:|1699678909\n|move|p2a: Xerneas|Substitute|p2a: Xerneas\n|-start|p2a: Xerneas|Substitute\n|-damage|p2a: Xerneas|20\/100\n|move|p1a: Arceus|Shadow Ball|p2a: Xerneas\n|-end|p2a: Xerneas|Substitute\n|\n|upkeep\n|turn|25\n|\n|t:|1699678915\n|move|p2a: Xerneas|Moonblast|p1a: Arceus\n|-damage|p1a: Arceus|0 fnt\n|replace|p1a: Zoroark|Zoroark-Hisui, F\n|-end|p1a: Zoroark|Illusion\n|faint|p1a: Zoroark\n|\n|upkeep\n|\n|t:|1699678921\n|switch|p1a: Arceus|Arceus, tera:Normal|21\/100\n|turn|26\n|\n|t:|1699678925\n|move|p1a: Arceus|Extreme Speed|p2a: Xerneas\n|-damage|p2a: Xerneas|0 fnt\n|faint|p2a: Xerneas\n|\n|win|PhobosYeah\n|raw|PhobosYeah's rating: 1370 &rarr; <strong>1398<\/strong><br \/>(+28 for winning)\n|raw|AttackOnGargaNaCl's rating: 1524 &rarr; <strong>1496<\/strong><br \/>(-28 for losing)\n|l|\u2606AttackOnGargaNaCl\n|c|\u2606PhobosYeah|GG\n|l| Potatoot\n","uploadtime":1699678936,"views":22,"p1id":"phobosyeah","p2id":"attackongarganacl","formatid":"gen9nationaldexubers","rating":1398,"private":0,"password":""}