{"id":"gen9nationaldexubers-1994163378","p1":"Ezael_Stormblood","p2":"Ooniex","format":"[Gen 9] National Dex Ubers","log":"|j|\u2606Ezael_Stormblood\n|j|\u2606Ooniex\n|t:|1700414212\n|gametype|singles\n|player|p1|Ezael_Stormblood|hiker-gen4|1161\n|player|p2|Ooniex|elesa|1110\n|teamsize|p1|6\n|teamsize|p2|6\n|gen|9\n|tier|[Gen 9] National Dex Ubers\n|rated|\n|rule|HP Percentage Mod: HP is shown in percentages\n|rule|Endless Battle Clause: Forcing endless battles is banned\n|rule|OHKO Clause: OHKO moves are banned\n|rule|Evasion Moves Clause: Evasion moves are banned\n|rule|Evasion Items Clause: Evasion items are banned\n|rule|Species Clause: Limit one of each Pok\u00e9mon\n|rule|Sleep Clause Mod: Limit one foe put to sleep\n|rule|Mega Rayquaza Clause: You cannot mega evolve Rayquaza\n|clearpoke\n|poke|p1|Mewtwo|\n|poke|p1|Groudon|\n|poke|p1|Arceus-Dragon|\n|poke|p1|Reshiram|\n|poke|p1|Spectrier|\n|poke|p1|Necrozma-Dusk-Mane|\n|poke|p2|Lopunny, M|\n|poke|p2|Primarina, M|\n|poke|p2|Tsareena, F|\n|poke|p2|Magearna|\n|poke|p2|Indeedee, M|\n|poke|p2|Oricorio, F|\n|teampreview\n|\n|t:|1700414262\n|start\n|switch|p1a: Mewtwo|Mewtwo|100\/100\n|switch|p2a: Ferenna|Oricorio, F, shiny|100\/100\n|-ability|p1a: Mewtwo|Pressure\n|turn|1\n|\n|t:|1700414271\n|detailschange|p1a: Mewtwo|Mewtwo-Mega-Y\n|-mega|p1a: Mewtwo|Mewtwo|Mewtwonite Y\n|move|p1a: Mewtwo|Future Sight|p2a: Ferenna\n|-start|p1a: Mewtwo|move: Future Sight\n|move|p2a: Ferenna|Quiver Dance|p2a: Ferenna\n|-boost|p2a: Ferenna|spa|1\n|-boost|p2a: Ferenna|spd|1\n|-boost|p2a: Ferenna|spe|1\n|\n|upkeep\n|turn|2\n|\n|t:|1700414279\n|move|p2a: Ferenna|Tailwind|p2a: Ferenna\n|-sidestart|p2: Ooniex|move: Tailwind\n|move|p1a: Mewtwo|Toxic|p2a: Ferenna\n|-status|p2a: Ferenna|tox\n|\n|-damage|p2a: Ferenna|94\/100 tox|[from] psn\n|upkeep\n|turn|3\n|\n|t:|1700414286\n|move|p1a: Mewtwo|Protect|p1a: Mewtwo\n|-singleturn|p1a: Mewtwo|Protect\n|move|p2a: Ferenna|Revelation Dance|p1a: Mewtwo\n|-activate|p1a: Mewtwo|move: Protect\n|\n|-end|p2a: Ferenna|move: Future Sight\n|-damage|p2a: Ferenna|11\/100 tox\n|-damage|p2a: Ferenna|0 fnt|[from] psn\n|faint|p2a: Ferenna\n|upkeep\n|\n|t:|1700414301\n|switch|p2a: Ballora|Magearna|100\/100\n|turn|4\n|\n|t:|1700414308\n|move|p1a: Mewtwo|Future Sight|p2a: Ballora\n|-start|p1a: Mewtwo|move: Future Sight\n|move|p2a: Ballora|Trick Room|p2a: Ballora\n|-fieldstart|move: Trick Room|[of] p2a: Ballora\n|\n|upkeep\n|turn|5\n|\n|t:|1700414314\n|move|p1a: Mewtwo|Magic Coat|p1a: Mewtwo\n|-singleturn|p1a: Mewtwo|move: Magic Coat\n|move|p2a: Ballora|Calm Mind|p2a: Ballora\n|-boost|p2a: Ballora|spa|1\n|-boost|p2a: Ballora|spd|1\n|\n|-sideend|p2: Ooniex|move: Tailwind\n|upkeep\n|turn|6\n|\n|t:|1700414322\n|move|p1a: Mewtwo|Protect|p1a: Mewtwo\n|-singleturn|p1a: Mewtwo|Protect\n|move|p2a: Ballora|Calm Mind|p2a: Ballora\n|-boost|p2a: Ballora|spa|1\n|-boost|p2a: Ballora|spd|1\n|\n|-end|p2a: Ballora|move: Future Sight\n|-resisted|p2a: Ballora\n|-damage|p2a: Ballora|83\/100\n|upkeep\n|turn|7\n|\n|t:|1700414344\n|switch|p1a: Groudon|Groudon|100\/100\n|detailschange|p1a: Groudon|Groudon-Primal\n|-primal|p1a: Groudon|Red Orb\n|-weather|DesolateLand|[from] ability: Desolate Land|[of] p1a: Groudon\n|-zpower|p2a: Ballora\n|move|p2a: Ballora|Corkscrew Crash|p1a: Groudon|[zeffect]\n|-resisted|p1a: Groudon\n|-damage|p1a: Groudon|6\/100\n|\n|-weather|DesolateLand|[upkeep]\n|upkeep\n|turn|8\n|\n|t:|1700414354\n|move|p2a: Ballora|Flash Cannon|p1a: Groudon\n|-resisted|p1a: Groudon\n|-damage|p1a: Groudon|0 fnt\n|faint|p1a: Groudon\n|-ability|p2a: Ballora|Soul-Heart|boost\n|-boost|p2a: Ballora|spa|1\n|-weather|none\n|\n|-fieldend|move: Trick Room\n|upkeep\n|\n|t:|1700414364\n|switch|p1a: Necrozma|Necrozma-Dusk-Mane|100\/100\n|turn|9\n|\n|t:|1700414372\n|move|p1a: Necrozma|Earthquake|p2a: Ballora\n|-supereffective|p2a: Ballora\n|-damage|p2a: Ballora|17\/100\n|move|p2a: Ballora|Trick Room|p2a: Ballora\n|-fieldstart|move: Trick Room|[of] p2a: Ballora\n|\n|upkeep\n|turn|10\n|\n|t:|1700414381\n|move|p2a: Ballora|Fleur Cannon|p1a: Necrozma\n|-resisted|p1a: Necrozma\n|-damage|p1a: Necrozma|8\/100\n|-unboost|p2a: Ballora|spa|2\n|move|p1a: Necrozma|Earthquake|p2a: Ballora\n|-supereffective|p2a: Ballora\n|-damage|p2a: Ballora|0 fnt\n|faint|p2a: Ballora\n|\n|upkeep\n|\n|t:|1700414388\n|switch|p2a: Couture|Tsareena, F, shiny|100\/100\n|turn|11\n|\n|t:|1700414401\n|move|p2a: Couture|Triple Axel|p1a: Necrozma\n|-resisted|p1a: Necrozma\n|-damage|p1a: Necrozma|5\/100\n|-resisted|p1a: Necrozma\n|-damage|p1a: Necrozma|0 fnt\n|faint|p1a: Necrozma\n|-hitcount|p1: Necrozma|2\n|\n|upkeep\n|\n|t:|1700414407\n|switch|p1a: Reshiram|Reshiram|100\/100\n|-ability|p1a: Reshiram|Turboblaze\n|turn|12\n|\n|t:|1700414414\n|move|p1a: Reshiram|Blue Flare|p2a: Couture\n|-supereffective|p2a: Couture\n|-damage|p2a: Couture|0 fnt\n|faint|p2a: Couture\n|\n|upkeep\n|\n|t:|1700414418\n|switch|p2a: Lola|Lopunny, M, shiny|100\/100\n|turn|13\n|\n|t:|1700414427\n|detailschange|p2a: Lola|Lopunny-Mega, M, shiny\n|-mega|p2a: Lola|Lopunny|Lopunnite\n|move|p2a: Lola|Fake Out|p1a: Reshiram\n|-damage|p1a: Reshiram|82\/100\n|cant|p1a: Reshiram|flinch\n|\n|-fieldend|move: Trick Room\n|upkeep\n|turn|14\n|\n|t:|1700414437\n|switch|p1a: Mewtwo|Mewtwo-Mega-Y|100\/100\n|move|p2a: Lola|Play Rough|p1a: Mewtwo\n|-damage|p1a: Mewtwo|57\/100\n|\n|upkeep\n|turn|15\n|\n|t:|1700414447\n|move|p1a: Mewtwo|Future Sight|p2a: Lola\n|-start|p1a: Mewtwo|move: Future Sight\n|move|p2a: Lola|Play Rough|p1a: Mewtwo|[miss]\n|-miss|p2a: Lola|p1a: Mewtwo\n|\n|upkeep\n|turn|16\n|\n|t:|1700414458\n|move|p1a: Mewtwo|Protect|p1a: Mewtwo\n|-singleturn|p1a: Mewtwo|Protect\n|move|p2a: Lola|Acrobatics|p1a: Mewtwo\n|-activate|p1a: Mewtwo|move: Protect\n|\n|upkeep\n|turn|17\n|\n|t:|1700414464\n|switch|p2a: Furina|Primarina, M|100\/100\n|move|p1a: Mewtwo|Toxic|p2a: Furina\n|-status|p2a: Furina|tox\n|\n|-end|p2a: Furina|move: Future Sight\n|-damage|p2a: Furina|24\/100 tox\n|-damage|p2a: Furina|18\/100 tox|[from] psn\n|upkeep\n|turn|18\n|\n|t:|1700414479\n|switch|p1a: Spectrier|Spectrier|100\/100\n|move|p2a: Furina|Perish Song|p2a: Furina\n|-start|p1a: Spectrier|perish3|[silent]\n|-start|p2a: Furina|perish3|[silent]\n|-fieldactivate|move: Perish Song\n|-enditem|p2a: Furina|Throat Spray\n|-boost|p2a: Furina|spa|1|[from] item: Throat Spray\n|\n|-damage|p2a: Furina|6\/100 tox|[from] psn\n|-start|p1a: Spectrier|perish3\n|-start|p2a: Furina|perish3\n|upkeep\n|turn|19\n|\n|t:|1700414491\n|switch|p1a: Mewtwo|Mewtwo-Mega-Y|57\/100\n|move|p2a: Furina|Draining Kiss|p1a: Mewtwo\n|-damage|p1a: Mewtwo|21\/100\n|-heal|p2a: Furina|36\/100 tox|[from] drain|[of] p1a: Mewtwo\n|\n|-damage|p2a: Furina|18\/100 tox|[from] psn\n|-start|p2a: Furina|perish2\n|upkeep\n|turn|20\n|\n|t:|1700414501\n|move|p1a: Mewtwo|Future Sight|p2a: Furina\n|-start|p1a: Mewtwo|move: Future Sight\n|move|p2a: Furina|Draining Kiss|p1a: Mewtwo\n|-damage|p1a: Mewtwo|0 fnt\n|-heal|p2a: Furina|33\/100 tox|[from] drain|[of] p1a: Mewtwo\n|faint|p1a: Mewtwo\n|\n|-damage|p2a: Furina|9\/100 tox|[from] psn\n|-start|p2a: Furina|perish1\n|upkeep\n|\n|t:|1700414508\n|switch|p1a: Spectrier|Spectrier|100\/100\n|turn|21\n|\n|t:|1700414515\n|move|p1a: Spectrier|Nasty Plot|p1a: Spectrier\n|-boost|p1a: Spectrier|spa|2\n|move|p2a: Furina|Moonblast|p1a: Spectrier\n|-damage|p1a: Spectrier|8\/100\n|\n|-damage|p2a: Furina|0 fnt|[from] psn\n|faint|p2a: Furina\n|upkeep\n|\n|t:|1700414518\n|switch|p2a: Lola|Lopunny-Mega, M, shiny|100\/100\n|turn|22\n|\n|t:|1700414528\n|move|p2a: Lola|Fake Out|p1a: Spectrier\n|-damage|p1a: Spectrier|0 fnt\n|faint|p1a: Spectrier\n|\n|-end|p2a: Lola|move: Future Sight\n|-supereffective|p2a: Lola\n|-damage|p2a: Lola|0 fnt\n|faint|p2a: Lola\n|upkeep\n|\n|t:|1700414538\n|switch|p1a: Arceus|Arceus-Dragon|100\/100\n|switch|p2a: Indeedee|Indeedee, M|100\/100\n|-fieldstart|move: Psychic Terrain|[from] ability: Psychic Surge|[of] p2a: Indeedee\n|turn|23\n|\n|t:|1700414549\n|-terastallize|p2a: Indeedee|Psychic\n|-terastallize|p1a: Arceus|Dragon\n|move|p2a: Indeedee|Expanding Force|p1a: Arceus\n|-crit|p1a: Arceus\n|-damage|p1a: Arceus|0 fnt\n|faint|p1a: Arceus\n|\n|upkeep\n|c|\u2606Ezael_Stormblood|ggs\n|\n|t:|1700414557\n|switch|p1a: Reshiram|Reshiram|82\/100\n|-ability|p1a: Reshiram|Turboblaze\n|turn|24\n|\n|t:|1700414562\n|move|p2a: Indeedee|Expanding Force|p1a: Reshiram\n|-damage|p1a: Reshiram|6\/100\n|move|p1a: Reshiram|Draco Meteor|p2a: Indeedee\n|-damage|p2a: Indeedee|0 fnt\n|-unboost|p1a: Reshiram|spa|2\n|faint|p2a: Indeedee\n|\n|win|Ezael_Stormblood\n|raw|Ezael_Stormblood's rating: 1161 &rarr; <strong>1182<\/strong><br \/>(+21 for winning)\n|raw|Ooniex's rating: 1110 &rarr; <strong>1089<\/strong><br \/>(-21 for losing)\n|c|\u2606Ezael_Stormblood|WAIT\n|c|\u2606Ezael_Stormblood|WHAT\n|c|\u2606Ooniex|Oh wow gg\n|c|\u2606Ooniex|LOLL\n|c|\u2606Ezael_Stormblood|GGS\n|c|\u2606Ooniex|GG\n|c|\u2606Ezael_Stormblood|reshiram moment\n|c|\u2606Ooniex|Ong\n|l|\u2606Ooniex\n","uploadtime":1700414600,"views":12,"p1id":"ezaelstormblood","p2id":"ooniex","formatid":"gen9nationaldexubers","rating":1089,"private":0,"password":""}