{"id":"gen9nationaldexubers-1991325978","p1":"Fapa's Nub","p2":"700club","format":"[Gen 9] National Dex Ubers","log":"|j|\u2606Fapa's Nub\n|j|\u2606700club\n|t:|1700067791\n|gametype|singles\n|player|p1|Fapa's Nub|169|1416\n|player|p2|700club|shadowtriad|1338\n|teamsize|p1|6\n|teamsize|p2|6\n|gen|9\n|tier|[Gen 9] National Dex Ubers\n|rated|\n|rule|HP Percentage Mod: HP is shown in percentages\n|rule|Endless Battle Clause: Forcing endless battles is banned\n|rule|OHKO Clause: OHKO moves are banned\n|rule|Evasion Moves Clause: Evasion moves are banned\n|rule|Evasion Items Clause: Evasion items are banned\n|rule|Species Clause: Limit one of each Pok\u00e9mon\n|rule|Sleep Clause Mod: Limit one foe put to sleep\n|rule|Mega Rayquaza Clause: You cannot mega evolve Rayquaza\n|clearpoke\n|poke|p1|Deoxys-Attack|\n|poke|p1|Lopunny, M|\n|poke|p1|Groudon|\n|poke|p1|Ho-Oh|\n|poke|p1|Yveltal|\n|poke|p1|Lunala|\n|poke|p2|Ogerpon-Hearthflame, F|\n|poke|p2|Ditto|\n|poke|p2|Deoxys-Speed|\n|poke|p2|Mewtwo|\n|poke|p2|Necrozma-Dusk-Mane|\n|poke|p2|Meowscarada, M|\n|teampreview\n|c|\u2606700club|hi\n|inactive|Battle timer is ON: inactive players will automatically lose when time's up. (requested by Fapa's Nub)\n|c|\u2606Fapa's Nub|heya\n|inactive|700club has 120 seconds left.\n|\n|t:|1700067836\n|start\n|switch|p1a: Yveltal|Yveltal|100\/100\n|switch|p2a: Mewtwo|Mewtwo|100\/100\n|-ability|p2a: Mewtwo|Unnerve\n|-ability|p1a: Yveltal|Dark Aura\n|turn|1\n|\n|t:|1700067845\n|detailschange|p2a: Mewtwo|Mewtwo-Mega-Y\n|-mega|p2a: Mewtwo|Mewtwo|Mewtwonite Y\n|move|p2a: Mewtwo|Ice Beam|p1a: Yveltal\n|-supereffective|p1a: Yveltal\n|-damage|p1a: Yveltal|30\/100\n|-status|p1a: Yveltal|frz\n|cant|p1a: Yveltal|frz\n|\n|upkeep\n|turn|2\n|c|\u2606Fapa's Nub|hmm\n|\n|t:|1700067857\n|move|p2a: Mewtwo|Nasty Plot|p2a: Mewtwo\n|-boost|p2a: Mewtwo|spa|2\n|cant|p1a: Yveltal|frz\n|\n|upkeep\n|turn|3\n|\n|t:|1700067863\n|move|p2a: Mewtwo|Ice Beam|p1a: Yveltal\n|-supereffective|p1a: Yveltal\n|-damage|p1a: Yveltal|0 fnt\n|faint|p1a: Yveltal\n|\n|upkeep\n|\n|t:|1700067866\n|switch|p1a: Lunala|Lunala|100\/100\n|turn|4\n|\n|t:|1700067876\n|move|p2a: Mewtwo|Ice Beam|p1a: Lunala\n|-damage|p1a: Lunala|69\/100\n|-zpower|p1a: Lunala\n|move|p1a: Lunala|Menacing Moonraze Maelstrom|p2a: Mewtwo|[zeffect]\n|-supereffective|p2a: Mewtwo\n|-damage|p2a: Mewtwo|0 fnt\n|faint|p2a: Mewtwo\n|\n|upkeep\n|\n|t:|1700067888\n|switch|p2a: Meowscarada|Meowscarada, M|100\/100\n|turn|5\n|\n|t:|1700067896\n|switch|p1a: Ho-Oh|Ho-Oh|100\/100\n|move|p2a: Meowscarada|Knock Off|p1a: Ho-Oh\n|-damage|p1a: Ho-Oh|73\/100\n|-enditem|p1a: Ho-Oh|Heavy-Duty Boots|[from] move: Knock Off|[of] p2a: Meowscarada\n|\n|upkeep\n|turn|6\n|\n|t:|1700067912\n|move|p2a: Meowscarada|Thunder Punch|p1a: Ho-Oh\n|-supereffective|p1a: Ho-Oh\n|-damage|p1a: Ho-Oh|44\/100\n|move|p1a: Ho-Oh|Toxic|p2a: Meowscarada\n|-status|p2a: Meowscarada|tox\n|\n|-damage|p2a: Meowscarada|94\/100 tox|[from] psn\n|upkeep\n|turn|7\n|\n|t:|1700067925\n|switch|p2a: Necrozma|Necrozma-Dusk-Mane|100\/100\n|switch|p1a: Groudon|Groudon|100\/100\n|detailschange|p1a: Groudon|Groudon-Primal\n|-primal|p1a: Groudon|Red Orb\n|-weather|DesolateLand|[from] ability: Desolate Land|[of] p1a: Groudon\n|\n|-weather|DesolateLand|[upkeep]\n|upkeep\n|turn|8\n|\n|t:|1700067944\n|detailschange|p2a: Necrozma|Necrozma-Ultra\n|-burst|p2a: Necrozma|Necrozma|Ultranecrozium Z\n|move|p2a: Necrozma|Dragon Dance|p2a: Necrozma\n|-boost|p2a: Necrozma|atk|1\n|-boost|p2a: Necrozma|spe|1\n|move|p1a: Groudon|Stealth Rock|p2a: Necrozma\n|-sidestart|p2: 700club|move: Stealth Rock\n|\n|-weather|DesolateLand|[upkeep]\n|upkeep\n|turn|9\n|\n|t:|1700067953\n|move|p2a: Necrozma|Earthquake|p1a: Groudon\n|-supereffective|p1a: Groudon\n|-damage|p1a: Groudon|5\/100\n|move|p1a: Groudon|Rock Tomb|p2a: Necrozma\n|-damage|p2a: Necrozma|75\/100\n|-unboost|p2a: Necrozma|spe|1\n|\n|-weather|DesolateLand|[upkeep]\n|upkeep\n|turn|10\n|\n|t:|1700067976\n|-weather|none\n|switch|p1a: Ho-Oh|Ho-Oh|77\/100\n|move|p2a: Necrozma|Photon Geyser|p1a: Ho-Oh\n|-damage|p1a: Ho-Oh|7\/100\n|\n|upkeep\n|turn|11\n|\n|t:|1700067984\n|move|p2a: Necrozma|Photon Geyser|p1a: Ho-Oh\n|-damage|p1a: Ho-Oh|0 fnt\n|faint|p1a: Ho-Oh\n|\n|upkeep\n|\n|t:|1700067989\n|switch|p1a: Deoxys|Deoxys-Attack|100\/100\n|-ability|p1a: Deoxys|Pressure\n|turn|12\n|\n|t:|1700068003\n|move|p1a: Deoxys|Shadow Ball|p2a: Necrozma\n|-supereffective|p2a: Necrozma\n|-damage|p2a: Necrozma|0 fnt\n|faint|p2a: Necrozma\n|-damage|p1a: Deoxys|91\/100|[from] item: Life Orb\n|\n|upkeep\n|\n|t:|1700068022\n|switch|p2a: Ditto|Ditto|100\/100\n|-damage|p2a: Ditto|88\/100|[from] Stealth Rock\n|-transform|p2a: Ditto|p1a: Deoxys|[from] ability: Imposter\n|-ability|p2a: Ditto|Pressure\n|turn|13\n|inactive|700club has 120 seconds left.\n|\n|t:|1700068037\n|switch|p1a: Groudon|Groudon-Primal|5\/100\n|-weather|DesolateLand|[from] ability: Desolate Land|[of] p1a: Groudon\n|move|p2a: Ditto|Psycho Boost|p1a: Groudon\n|-damage|p1a: Groudon|0 fnt\n|-unboost|p2a: Ditto|spa|2\n|faint|p1a: Groudon\n|-weather|none\n|\n|upkeep\n|\n|t:|1700068054\n|switch|p1a: Lunala|Lunala|69\/100\n|turn|14\n|\n|t:|1700068068\n|switch|p2a: Meowscarada|Meowscarada, M|94\/100 tox\n|move|p1a: Lunala|Moonblast|p2a: Meowscarada\n|-supereffective|p2a: Meowscarada\n|-damage|p2a: Meowscarada|0 fnt\n|faint|p2a: Meowscarada\n|\n|upkeep\n|inactive|700club has 120 seconds left.\n|\n|t:|1700068087\n|switch|p2a: Deoxys|Deoxys-Speed|100\/100\n|-damage|p2a: Deoxys|88\/100|[from] Stealth Rock\n|-ability|p2a: Deoxys|Pressure\n|turn|15\n|inactive|700club has 120 seconds left.\n|\n|t:|1700068094\n|move|p2a: Deoxys|Light Screen|p2a: Deoxys\n|-sidestart|p2: 700club|move: Light Screen\n|move|p1a: Lunala|Moonlight|p1a: Lunala\n|-heal|p1a: Lunala|100\/100\n|\n|upkeep\n|turn|16\n|\n|t:|1700068100\n|move|p2a: Deoxys|Taunt|p1a: Lunala\n|-start|p1a: Lunala|move: Taunt\n|cant|p1a: Lunala|move: Taunt|Calm Mind\n|\n|upkeep\n|turn|17\n|\n|t:|1700068107\n|move|p2a: Deoxys|Stealth Rock|p1a: Lunala\n|-sidestart|p1: Fapa's Nub|move: Stealth Rock\n|move|p1a: Lunala|Moonblast|p2a: Deoxys\n|-damage|p2a: Deoxys|67\/100\n|\n|upkeep\n|turn|18\n|\n|t:|1700068114\n|move|p2a: Deoxys|Reflect|p2a: Deoxys\n|-sidestart|p2: 700club|Reflect\n|move|p1a: Lunala|Moonblast|p2a: Deoxys\n|-damage|p2a: Deoxys|46\/100\n|\n|-end|p1a: Lunala|move: Taunt\n|upkeep\n|turn|19\n|\n|t:|1700068120\n|move|p2a: Deoxys|Taunt|p1a: Lunala\n|-start|p1a: Lunala|move: Taunt\n|move|p1a: Lunala|Moongeist Beam|p2a: Deoxys\n|-supereffective|p2a: Deoxys\n|-damage|p2a: Deoxys|0 fnt\n|faint|p2a: Deoxys\n|\n|-sideend|p2: 700club|move: Light Screen\n|upkeep\n|\n|t:|1700068131\n|switch|p2a: Ogerpon|Ogerpon-Hearthflame, F|100\/100\n|-damage|p2a: Ogerpon|76\/100|[from] Stealth Rock\n|-ability|p2a: Ogerpon|Mold Breaker\n|turn|20\n|\n|t:|1700068145\n|-terastallize|p2a: Ogerpon|Fire\n|detailschange|p2a: Ogerpon|Ogerpon-Hearthflame-Tera, F, tera:Fire\n|-ability|p2a: Ogerpon|Embody Aspect (Hearthflame)|boost\n|-boost|p2a: Ogerpon|atk|1\n|move|p2a: Ogerpon|Ivy Cudgel|p1a: Lunala|[anim] Ivy Cudgel Fire\n|-damage|p1a: Lunala|55\/100\n|move|p1a: Lunala|Moongeist Beam|p2a: Ogerpon\n|-damage|p2a: Ogerpon|23\/100\n|\n|upkeep\n|turn|21\n|\n|t:|1700068156\n|move|p2a: Ogerpon|Ivy Cudgel|p1a: Lunala|[anim] Ivy Cudgel Fire\n|-damage|p1a: Lunala|0 fnt\n|faint|p1a: Lunala\n|\n|upkeep\n|\n|t:|1700068166\n|switch|p1a: Deoxys|Deoxys-Attack|91\/100\n|-damage|p1a: Deoxys|79\/100|[from] Stealth Rock\n|-ability|p1a: Deoxys|Pressure\n|turn|22\n|\n|t:|1700068175\n|move|p1a: Deoxys|Shadow Ball|p2a: Ogerpon\n|-damage|p2a: Ogerpon|0 fnt\n|faint|p2a: Ogerpon\n|-damage|p1a: Deoxys|69\/100|[from] item: Life Orb\n|\n|-sideend|p2: 700club|Reflect\n|upkeep\n|\n|t:|1700068181\n|switch|p2a: Ditto|Ditto|88\/100\n|-damage|p2a: Ditto|76\/100|[from] Stealth Rock\n|-transform|p2a: Ditto|p1a: Deoxys|[from] ability: Imposter\n|-ability|p2a: Ditto|Pressure\n|turn|23\n|c|\u2606Fapa's Nub|gg\n|c|\u2606700club|gg\n|\n|t:|1700068209\n|move|p2a: Ditto|Psycho Boost|p1a: Deoxys|[miss]\n|-miss|p2a: Ditto|p1a: Deoxys\n|move|p1a: Deoxys|Psycho Boost|p2a: Ditto\n|-resisted|p2a: Ditto\n|-damage|p2a: Ditto|0 fnt\n|-unboost|p1a: Deoxys|spa|2\n|faint|p2a: Ditto\n|-damage|p1a: Deoxys|59\/100|[from] item: Life Orb\n|\n|win|Fapa's Nub\n|raw|Fapa&apos;s Nub's rating: 1416 &rarr; <strong>1432<\/strong><br \/>(+16 for winning)\n|raw|700club's rating: 1338 &rarr; <strong>1322<\/strong><br \/>(-16 for losing)\n","uploadtime":1700068220,"views":10,"p1id":"fapasnub","p2id":"700club","formatid":"gen9nationaldexubers","rating":1322,"private":0,"password":""}