{"id":"gen9nationaldexubers-1982834720","p1":"dagenjing","p2":"MMQZA2","format":"[Gen 9] National Dex Ubers","log":"|j|\u2606dagenjing\n|j|\u2606MMQZA2\n|t:|1699049530\n|gametype|singles\n|player|p1|dagenjing|roxanne|1371\n|player|p2|MMQZA2|1|1297\n|teamsize|p1|6\n|teamsize|p2|6\n|gen|9\n|tier|[Gen 9] National Dex Ubers\n|rated|\n|rule|HP Percentage Mod: HP is shown in percentages\n|rule|Endless Battle Clause: Forcing endless battles is banned\n|rule|OHKO Clause: OHKO moves are banned\n|rule|Evasion Moves Clause: Evasion moves are banned\n|rule|Evasion Items Clause: Evasion items are banned\n|rule|Species Clause: Limit one of each Pok\u00e9mon\n|rule|Sleep Clause Mod: Limit one foe put to sleep\n|rule|Mega Rayquaza Clause: You cannot mega evolve Rayquaza\n|clearpoke\n|poke|p1|Rabsca, M|\n|poke|p1|Victini|\n|poke|p1|Cinderace, F|\n|poke|p1|Pawmot, M|\n|poke|p1|Banette, F|\n|poke|p1|Iron Valiant|\n|poke|p2|Calyrex-Ice|\n|poke|p2|Slowbro, F|\n|poke|p2|Kyogre|\n|poke|p2|Zapdos|\n|poke|p2|Scizor, F|\n|poke|p2|Garchomp, M|\n|teampreview\n|inactive|Battle timer is ON: inactive players will automatically lose when time's up. (requested by dagenjing)\n|\n|t:|1699049547\n|start\n|switch|p1a: Iron Valiant|Iron Valiant|100\/100\n|switch|p2a: Garchomp|Garchomp, M|100\/100\n|turn|1\n|\n|t:|1699049555\n|switch|p2a: Scizor|Scizor, F|100\/100\n|move|p1a: Iron Valiant|Moonblast|p2a: Scizor\n|-resisted|p2a: Scizor\n|-damage|p2a: Scizor|81\/100\n|\n|upkeep\n|turn|2\n|\n|t:|1699049569\n|detailschange|p2a: Scizor|Scizor-Mega, F\n|-mega|p2a: Scizor|Scizor|Scizorite\n|move|p1a: Iron Valiant|Destiny Bond|p1a: Iron Valiant\n|-singlemove|p1a: Iron Valiant|Destiny Bond\n|move|p2a: Scizor|U-turn|p1a: Iron Valiant\n|-resisted|p1a: Iron Valiant\n|-damage|p1a: Iron Valiant|86\/100\n|inactive|MMQZA2 has 120 seconds left.\n|\n|t:|1699049600\n|switch|p2a: Calyrex|Calyrex-Ice|100\/100|[from] U-turn\n|-ability|p2a: Calyrex|As One\n|-ability|p2a: Calyrex|Unnerve\n|\n|upkeep\n|turn|3\n|\n|t:|1699049608\n|move|p1a: Iron Valiant|Close Combat|p2a: Calyrex\n|-damage|p2a: Calyrex|68\/100\n|-unboost|p1a: Iron Valiant|def|1\n|-unboost|p1a: Iron Valiant|spd|1\n|move|p2a: Calyrex|Glacial Lance|p1a: Iron Valiant\n|-damage|p1a: Iron Valiant|0 fnt\n|faint|p1a: Iron Valiant\n|-end|p1a: Iron Valiant|Quark Drive|[silent]\n|-ability|p2a: Calyrex|Chilling Neigh|boost\n|-boost|p2a: Calyrex|atk|1\n|\n|upkeep\n|\n|t:|1699049616\n|switch|p1a: Banette|Banette, F|100\/100\n|-item|p2a: Calyrex|Assault Vest|[from] ability: Frisk|[of] p1a: Banette|[identify]\n|turn|4\n|\n|t:|1699049627\n|switch|p2a: Garchomp|Garchomp, M|100\/100\n|detailschange|p1a: Banette|Banette-Mega, F\n|-mega|p1a: Banette|Banette|Banettite\n|move|p1a: Banette|Poltergeist|p2a: Garchomp\n|-activate|p2a: Garchomp|move: Poltergeist|Dragonium Z\n|-crit|p2a: Garchomp\n|-damage|p2a: Garchomp|0 fnt\n|faint|p2a: Garchomp\n|\n|upkeep\n|inactive|MMQZA2 has 120 seconds left.\n|\n|t:|1699049657\n|switch|p2a: Zapdos|Zapdos|100\/100\n|-ability|p2a: Zapdos|Pressure\n|turn|5\n|\n|t:|1699049663\n|move|p2a: Zapdos|Hurricane|p1a: Banette\n|-damage|p1a: Banette|45\/100\n|-start|p1a: Banette|confusion\n|-activate|p1a: Banette|confusion\n|-damage|p1a: Banette|23\/100|[from] confusion\n|\n|upkeep\n|turn|6\n|\n|t:|1699049674\n|-activate|p1a: Banette|confusion\n|-damage|p1a: Banette|0 fnt|[from] confusion\n|faint|p1a: Banette\n|move|p2a: Zapdos|Volt Switch|p1: Banette|[notarget]\n|-fail|p2a: Zapdos\n|\n|upkeep\n|\n|t:|1699049682\n|switch|p1a: Pawmot|Pawmot, M|100\/100\n|turn|7\n|inactive|MMQZA2 has 120 seconds left.\n|\n|t:|1699049694\n|move|p1a: Pawmot|Revival Blessing|p1a: Pawmot\n|\n|t:|1699049697\n|-heal|p1: Banette|50\/100|[from] move: Revival Blessing\n|move|p2a: Zapdos|Hurricane|p1a: Pawmot\n|-damage|p1a: Pawmot|10\/100\n|\n|upkeep\n|turn|8\n|\n|t:|1699049704\n|move|p1a: Pawmot|Double Shock|p2a: Zapdos\n|-damage|p2a: Zapdos|62\/100\n|-start|p1a: Pawmot|typechange|???\/Fighting|[from] move: Double Shock\n|move|p2a: Zapdos|Volt Switch|p1a: Pawmot\n|-heal|p1a: Pawmot|35\/100|[from] ability: Volt Absorb|[of] p2a: Zapdos\n|\n|upkeep\n|turn|9\n|\n|t:|1699049710\n|move|p1a: Pawmot|Close Combat|p2a: Zapdos\n|-resisted|p2a: Zapdos\n|-damage|p2a: Zapdos|41\/100\n|-unboost|p1a: Pawmot|def|1\n|-unboost|p1a: Pawmot|spd|1\n|move|p2a: Zapdos|Roost|p2a: Zapdos\n|-heal|p2a: Zapdos|91\/100\n|-singleturn|p2a: Zapdos|move: Roost\n|\n|upkeep\n|turn|10\n|\n|t:|1699049716\n|move|p1a: Pawmot|Close Combat|p2a: Zapdos\n|-resisted|p2a: Zapdos\n|-damage|p2a: Zapdos|70\/100\n|-unboost|p1a: Pawmot|def|1\n|-unboost|p1a: Pawmot|spd|1\n|move|p2a: Zapdos|Hurricane|p1a: Pawmot\n|-supereffective|p1a: Pawmot\n|-damage|p1a: Pawmot|0 fnt\n|faint|p1a: Pawmot\n|\n|upkeep\n|\n|t:|1699049728\n|switch|p1a: Banette|Banette-Mega, F|50\/100\n|turn|11\n|\n|t:|1699049743\n|move|p1a: Banette|Destiny Bond|p1a: Banette\n|-singlemove|p1a: Banette|Destiny Bond\n|move|p2a: Zapdos|Roost|p2a: Zapdos\n|-heal|p2a: Zapdos|100\/100\n|-singleturn|p2a: Zapdos|move: Roost\n|\n|upkeep\n|turn|12\n|inactive|MMQZA2 has 120 seconds left.\n|l|\u2606MMQZA2\n|inactive|MMQZA2 disconnected and has a minute to reconnect!\n|player|p2|\n|j|\u2606MMQZA2\n|inactive|MMQZA2 reconnected and has 115 seconds left.\n|player|p2|MMQZA2|1\n|\n|t:|1699049794\n|move|p1a: Banette|Encore|p2a: Zapdos\n|-start|p2a: Zapdos|Encore\n|move|p2a: Zapdos|Roost||[still]\n|-fail|p2a: Zapdos|heal\n|\n|upkeep\n|turn|13\n|\n|t:|1699049799\n|switch|p2a: Scizor|Scizor-Mega, F|81\/100\n|move|p1a: Banette|Poltergeist|p2a: Scizor\n|-activate|p2a: Scizor|move: Poltergeist|Scizorite\n|-damage|p2a: Scizor|25\/100\n|\n|upkeep\n|turn|14\n|\n|t:|1699049806\n|move|p2a: Scizor|Bullet Punch|p1a: Banette\n|-crit|p1a: Banette\n|-damage|p1a: Banette|0 fnt\n|faint|p1a: Banette\n|\n|upkeep\n|\n|t:|1699049817\n|switch|p1a: Cinderace|Cinderace, F|100\/100\n|turn|15\n|\n|t:|1699049822\n|switch|p2a: Slowbro|Slowbro, F|100\/100\n|move|p1a: Cinderace|U-turn|p2a: Slowbro\n|-start|p1a: Cinderace|typechange|Bug|[from] ability: Libero\n|-supereffective|p2a: Slowbro\n|-damage|p2a: Slowbro|62\/100\n|-damage|p1a: Cinderace|84\/100|[from] item: Rocky Helmet|[of] p2a: Slowbro\n|\n|t:|1699049827\n|switch|p1a: Rabsca|Rabsca, M|100\/100|[from] U-turn\n|\n|upkeep\n|turn|16\n|inactive|MMQZA2 has 120 seconds left.\n|\n|t:|1699049854\n|move|p1a: Rabsca|Revival Blessing|p1a: Rabsca\n|\n|t:|1699049856\n|-heal|p1: Banette|50\/100|[from] move: Revival Blessing\n|move|p2a: Slowbro|Scald|p1a: Rabsca\n|-damage|p1a: Rabsca|81\/100\n|\n|upkeep\n|turn|17\n|inactive|MMQZA2 has 120 seconds left.\n|\n|t:|1699049869\n|switch|p2a: Zapdos|Zapdos|100\/100\n|-ability|p2a: Zapdos|Pressure\n|move|p1a: Rabsca|Rest|p1a: Rabsca\n|-status|p1a: Rabsca|slp|[from] move: Rest\n|-heal|p1a: Rabsca|100\/100 slp|[silent]\n|\n|upkeep\n|turn|18\n|\n|t:|1699049873\n|move|p2a: Zapdos|Hurricane|p1a: Rabsca\n|-supereffective|p1a: Rabsca\n|-damage|p1a: Rabsca|37\/100 slp\n|cant|p1a: Rabsca|slp\n|move|p1a: Rabsca|Sleep Talk|p1a: Rabsca\n|move|p1a: Rabsca|Rest||[from]move: Sleep Talk|[still]\n|-fail|p1a: Rabsca\n|\n|upkeep\n|turn|19\n|\n|t:|1699049881\n|move|p2a: Zapdos|Volt Switch|p1a: Rabsca\n|-damage|p1a: Rabsca|18\/100 slp\n|\n|t:|1699049888\n|switch|p2a: Scizor|Scizor-Mega, F|25\/100|[from] Volt Switch\n|cant|p1a: Rabsca|slp\n|move|p1a: Rabsca|Sleep Talk|p1a: Rabsca\n|move|p1a: Rabsca|Bug Buzz|p2a: Scizor|[from]move: Sleep Talk\n|-resisted|p2a: Scizor\n|-damage|p2a: Scizor|13\/100\n|\n|upkeep\n|turn|20\n|\n|t:|1699049894\n|move|p2a: Scizor|Roost|p2a: Scizor\n|-heal|p2a: Scizor|63\/100\n|-singleturn|p2a: Scizor|move: Roost\n|-curestatus|p1a: Rabsca|slp|[msg]\n|move|p1a: Rabsca|Rest|p1a: Rabsca\n|-status|p1a: Rabsca|slp|[from] move: Rest\n|-heal|p1a: Rabsca|100\/100 slp|[silent]\n|\n|upkeep\n|turn|21\n|\n|t:|1699049901\n|move|p2a: Scizor|Knock Off|p1a: Rabsca\n|-supereffective|p1a: Rabsca\n|-damage|p1a: Rabsca|35\/100 slp\n|-enditem|p1a: Rabsca|Mental Herb|[from] move: Knock Off|[of] p2a: Scizor\n|cant|p1a: Rabsca|slp\n|move|p1a: Rabsca|Sleep Talk|p1a: Rabsca\n|move|p1a: Rabsca|Revival Blessing|p1a: Rabsca|[from]move: Sleep Talk\n|\n|t:|1699049906\n|-heal|p1: Iron Valiant|50\/100|[from] move: Revival Blessing\n|\n|upkeep\n|turn|22\n|\n|t:|1699049911\n|move|p2a: Scizor|Roost|p2a: Scizor\n|-heal|p2a: Scizor|100\/100\n|-singleturn|p2a: Scizor|move: Roost\n|cant|p1a: Rabsca|slp\n|move|p1a: Rabsca|Sleep Talk|p1a: Rabsca\n|move|p1a: Rabsca|Revival Blessing|p1a: Rabsca|[from]move: Sleep Talk\n|\n|t:|1699049918\n|-heal|p1: Pawmot|50\/100|[from] move: Revival Blessing\n|\n|upkeep\n|turn|23\n|\n|t:|1699049923\n|move|p2a: Scizor|Knock Off|p1a: Rabsca\n|-supereffective|p1a: Rabsca\n|-damage|p1a: Rabsca|0 fnt\n|faint|p1a: Rabsca\n|\n|upkeep\n|\n|t:|1699049928\n|switch|p1a: Cinderace|Cinderace, F|84\/100\n|turn|24\n|\n|t:|1699049934\n|move|p1a: Cinderace|Pyro Ball|p2a: Scizor\n|-supereffective|p2a: Scizor\n|-damage|p2a: Scizor|0 fnt\n|faint|p2a: Scizor\n|\n|upkeep\n|\n|t:|1699049937\n|switch|p2a: Kyogre|Kyogre|100\/100\n|detailschange|p2a: Kyogre|Kyogre-Primal\n|-primal|p2a: Kyogre|Blue Orb\n|-weather|PrimordialSea|[from] ability: Primordial Sea|[of] p2a: Kyogre\n|turn|25\n|\n|t:|1699049957\n|move|p1a: Cinderace|Sucker Punch|p2a: Kyogre\n|-start|p1a: Cinderace|typechange|Dark|[from] ability: Libero\n|-damage|p2a: Kyogre|63\/100\n|move|p2a: Kyogre|Water Spout|p1a: Cinderace\n|-damage|p1a: Cinderace|0 fnt\n|faint|p1a: Cinderace\n|\n|-weather|PrimordialSea|[upkeep]\n|upkeep\n|\n|t:|1699049963\n|switch|p1a: Pawmot|Pawmot, M|50\/100\n|turn|26\n|\n|t:|1699049967\n|-weather|none\n|switch|p2a: Zapdos|Zapdos|100\/100\n|-ability|p2a: Zapdos|Pressure\n|move|p1a: Pawmot|Double Shock|p2a: Zapdos\n|-damage|p2a: Zapdos|60\/100\n|-start|p1a: Pawmot|typechange|???\/Fighting|[from] move: Double Shock\n|\n|upkeep\n|turn|27\n|\n|t:|1699049976\n|switch|p1a: Iron Valiant|Iron Valiant|50\/100\n|move|p2a: Zapdos|Roost|p2a: Zapdos\n|-heal|p2a: Zapdos|100\/100\n|-singleturn|p2a: Zapdos|move: Roost\n|\n|upkeep\n|turn|28\n|\n|t:|1699049984\n|move|p1a: Iron Valiant|Destiny Bond|p1a: Iron Valiant\n|-singlemove|p1a: Iron Valiant|Destiny Bond\n|move|p2a: Zapdos|Hurricane|p1a: Iron Valiant\n|-supereffective|p1a: Iron Valiant\n|-damage|p1a: Iron Valiant|0 fnt\n|faint|p1a: Iron Valiant\n|-activate|p1a: Iron Valiant|move: Destiny Bond\n|-end|p1a: Iron Valiant|Quark Drive|[silent]\n|faint|p2a: Zapdos\n|\n|upkeep\n|\n|t:|1699050000\n|switch|p1a: Banette|Banette-Mega, F|50\/100\n|switch|p2a: Slowbro|Slowbro, F|96\/100\n|turn|29\n|\n|t:|1699050010\n|-terastallize|p2a: Slowbro|Fairy\n|move|p1a: Banette|Poltergeist|p2a: Slowbro\n|-activate|p2a: Slowbro|move: Poltergeist|Rocky Helmet\n|-damage|p2a: Slowbro|54\/100\n|move|p2a: Slowbro|Scald|p1a: Banette\n|-damage|p1a: Banette|20\/100\n|-status|p1a: Banette|brn\n|\n|-damage|p1a: Banette|13\/100 brn|[from] brn\n|upkeep\n|turn|30\n|\n|t:|1699050017\n|move|p1a: Banette|Destiny Bond|p1a: Banette\n|-singlemove|p1a: Banette|Destiny Bond\n|move|p2a: Slowbro|Slack Off|p2a: Slowbro\n|-heal|p2a: Slowbro|100\/100\n|\n|-damage|p1a: Banette|7\/100 brn|[from] brn\n|upkeep\n|turn|31\n|\n|t:|1699050027\n|move|p1a: Banette|Encore|p2a: Slowbro\n|-start|p2a: Slowbro|Encore\n|move|p2a: Slowbro|Slack Off||[still]\n|-fail|p2a: Slowbro|heal\n|\n|-damage|p1a: Banette|1\/100 brn|[from] brn\n|upkeep\n|turn|32\n|\n|t:|1699050032\n|move|p1a: Banette|Poltergeist|p2a: Slowbro\n|-activate|p2a: Slowbro|move: Poltergeist|Rocky Helmet\n|-damage|p2a: Slowbro|77\/100\n|move|p2a: Slowbro|Slack Off|p2a: Slowbro\n|-heal|p2a: Slowbro|100\/100\n|\n|-damage|p1a: Banette|0 fnt|[from] brn\n|faint|p1a: Banette\n|upkeep\n|\n|t:|1699050038\n|switch|p1a: Pawmot|Pawmot, M|50\/100\n|turn|33\n|\n|t:|1699050041\n|move|p1a: Pawmot|Nuzzle|p2a: Slowbro\n|-crit|p2a: Slowbro\n|-damage|p2a: Slowbro|92\/100\n|-status|p2a: Slowbro|par\n|-damage|p1a: Pawmot|34\/100|[from] item: Rocky Helmet|[of] p2a: Slowbro\n|move|p2a: Slowbro|Slack Off|p2a: Slowbro\n|-heal|p2a: Slowbro|100\/100 par\n|\n|-end|p2a: Slowbro|Encore\n|upkeep\n|turn|34\n|\n|t:|1699050049\n|move|p1a: Pawmot|Double Shock|p2a: Slowbro\n|-damage|p2a: Slowbro|64\/100 par\n|-start|p1a: Pawmot|typechange|???\/Fighting|[from] move: Double Shock\n|-damage|p1a: Pawmot|18\/100|[from] item: Rocky Helmet|[of] p2a: Slowbro\n|move|p2a: Slowbro|Trick Room|p2a: Slowbro\n|-fieldstart|move: Trick Room|[of] p2a: Slowbro\n|\n|upkeep\n|turn|35\n|\n|t:|1699050053\n|move|p1a: Pawmot|Close Combat|p2a: Slowbro\n|-resisted|p2a: Slowbro\n|-crit|p2a: Slowbro\n|-damage|p2a: Slowbro|38\/100 par\n|-unboost|p1a: Pawmot|def|1\n|-unboost|p1a: Pawmot|spd|1\n|-damage|p1a: Pawmot|1\/100|[from] item: Rocky Helmet|[of] p2a: Slowbro\n|move|p2a: Slowbro|Teleport|p2a: Slowbro\n|\n|t:|1699050062\n|switch|p2a: Calyrex|Calyrex-Ice|68\/100|[from] Teleport\n|-ability|p2a: Calyrex|As One\n|-ability|p2a: Calyrex|Unnerve\n|\n|upkeep\n|turn|36\n|\n|t:|1699050065\n|move|p2a: Calyrex|Glacial Lance|p1a: Pawmot\n|-damage|p1a: Pawmot|0 fnt\n|faint|p1a: Pawmot\n|-ability|p2a: Calyrex|Chilling Neigh|boost\n|-boost|p2a: Calyrex|atk|1\n|\n|upkeep\n|\n|t:|1699050067\n|switch|p1a: Victini|Victini|100\/100\n|turn|37\n|\n|t:|1699050075\n|move|p2a: Calyrex|Crunch|p1a: Victini\n|-supereffective|p1a: Victini\n|-damage|p1a: Victini|7\/100\n|-unboost|p1a: Victini|def|1\n|move|p1a: Victini|Trick|p2a: Calyrex\n|-activate|p1a: Victini|move: Trick|[of] p2a: Calyrex\n|-item|p2a: Calyrex|Choice Scarf|[from] move: Trick\n|-item|p1a: Victini|Assault Vest|[from] move: Trick\n|\n|upkeep\n|turn|38\n|\n|t:|1699050079\n|move|p2a: Calyrex|Crunch|p1a: Victini\n|-supereffective|p1a: Victini\n|-damage|p1a: Victini|0 fnt\n|faint|p1a: Victini\n|\n|win|MMQZA2\n|raw|dagenjing's rating: 1371 &rarr; <strong>1347<\/strong><br \/>(-24 for losing)\n|raw|MMQZA2's rating: 1297 &rarr; <strong>1327<\/strong><br \/>(+30 for winning)\n|l|\u2606dagenjing\n","uploadtime":1699050087,"views":5,"p1id":"dagenjing","p2id":"mmqza2","formatid":"gen9nationaldexubers","rating":1327,"private":0,"password":""}