{"id":"gen9nationaldexubers-1979910706","p1":"Senseitoad71","p2":"CringeWeirdo02","format":"[Gen 9] National Dex Ubers","log":"|j|\u2606Senseitoad71\n|j|\u2606CringeWeirdo02\n|t:|1698727989\n|gametype|singles\n|player|p1|Senseitoad71|lusamine-nihilego|\n|player|p2|CringeWeirdo02|larry|\n|teamsize|p1|6\n|teamsize|p2|6\n|gen|9\n|tier|[Gen 9] National Dex Ubers\n|rule|HP Percentage Mod: HP is shown in percentages\n|rule|Endless Battle Clause: Forcing endless battles is banned\n|rule|OHKO Clause: OHKO moves are banned\n|rule|Evasion Moves Clause: Evasion moves are banned\n|rule|Evasion Items Clause: Evasion items are banned\n|rule|Species Clause: Limit one of each Pok\u00e9mon\n|rule|Sleep Clause Mod: Limit one foe put to sleep\n|rule|Mega Rayquaza Clause: You cannot mega evolve Rayquaza\n|clearpoke\n|poke|p1|Mawile, M|\n|poke|p1|Dragapult, M|\n|poke|p1|Ferrothorn, F|\n|poke|p1|Hippowdon, F|\n|poke|p1|Excadrill, F|\n|poke|p1|Quagsire, M|\n|poke|p2|Grimmsnarl, M|\n|poke|p2|Volcarona, M|\n|poke|p2|Baxcalibur, M|\n|poke|p2|Slowking-Galar, M|\n|poke|p2|Doublade, M|\n|poke|p2|Sharpedo, M|\n|teampreview\n|j| jayklod\n|\n|t:|1698728018\n|start\n|switch|p1a: Hippowdon|Hippowdon, F|100\/100\n|switch|p2a: Pinhead Larry|Slowking-Galar, M, shiny|100\/100\n|-weather|Sandstorm|[from] ability: Sand Stream|[of] p1a: Hippowdon\n|-item|p2a: Pinhead Larry|Air Balloon\n|turn|1\n|\n|t:|1698728028\n|switch|p1a: Ferrothorn|Ferrothorn, F|100\/100\n|move|p2a: Pinhead Larry|Chilly Reception|p2a: Pinhead Larry\n|-weather|Snow\n|\n|t:|1698728037\n|switch|p2a: Dorito Moth|Volcarona, M, shiny|100\/100|[from] Chilly Reception\n|\n|-weather|Snow|[upkeep]\n|upkeep\n|turn|2\n|\n|t:|1698728063\n|switch|p1a: Hippowdon|Hippowdon, F|100\/100\n|-weather|Sandstorm|[from] ability: Sand Stream|[of] p1a: Hippowdon\n|move|p2a: Dorito Moth|Substitute|p2a: Dorito Moth\n|-start|p2a: Dorito Moth|Substitute\n|-damage|p2a: Dorito Moth|76\/100\n|\n|-weather|Sandstorm|[upkeep]\n|-damage|p2a: Dorito Moth|69\/100|[from] Sandstorm\n|upkeep\n|turn|3\n|\n|t:|1698728090\n|move|p2a: Dorito Moth|Giga Drain|p1a: Hippowdon\n|-supereffective|p1a: Hippowdon\n|-damage|p1a: Hippowdon|35\/100\n|-heal|p2a: Dorito Moth|100\/100|[from] drain|[of] p1a: Hippowdon\n|move|p1a: Hippowdon|Whirlwind|p2a: Dorito Moth\n|drag|p2a: Fresh from the Ass|Doublade, M, shiny|100\/100\n|\n|-weather|Sandstorm|[upkeep]\n|upkeep\n|turn|4\n|\n|t:|1698728123\n|switch|p1a: Ferrothorn|Ferrothorn, F|100\/100\n|switch|p2a: Pinhead Larry|Slowking-Galar, M, shiny|100\/100\n|-item|p2a: Pinhead Larry|Air Balloon\n|\n|-weather|Sandstorm|[upkeep]\n|-damage|p2a: Pinhead Larry|94\/100|[from] Sandstorm\n|upkeep\n|turn|5\n|\n|t:|1698728131\n|move|p2a: Pinhead Larry|Flamethrower|p1a: Ferrothorn\n|-supereffective|p1a: Ferrothorn\n|-damage|p1a: Ferrothorn|0 fnt\n|faint|p1a: Ferrothorn\n|\n|-weather|Sandstorm|[upkeep]\n|-damage|p2a: Pinhead Larry|88\/100|[from] Sandstorm\n|upkeep\n|\n|t:|1698728229\n|switch|p1a: Dragapult|Dragapult, M|100\/100\n|turn|6\n|\n|t:|1698728235\n|switch|p2a: El Goblino|Grimmsnarl, M|100\/100\n|move|p1a: Dragapult|U-turn|p2a: El Goblino\n|-damage|p2a: El Goblino|71\/100\n|-damage|p1a: Dragapult|91\/100|[from] item: Life Orb\n|\n|t:|1698728242\n|switch|p1a: Excadrill|Excadrill, F|100\/100|[from] U-turn\n|\n|-weather|Sandstorm|[upkeep]\n|-damage|p2a: El Goblino|65\/100|[from] Sandstorm\n|upkeep\n|turn|7\n|\n|t:|1698728250\n|move|p2a: El Goblino|Parting Shot|p1a: Excadrill\n|-unboost|p1a: Excadrill|atk|1\n|-unboost|p1a: Excadrill|spa|1\n|\n|t:|1698728255\n|switch|p2a: Fresh from the Ass|Doublade, M, shiny|100\/100|[from] Parting Shot\n|move|p1a: Excadrill|Swords Dance|p1a: Excadrill\n|-boost|p1a: Excadrill|atk|2\n|\n|-weather|Sandstorm|[upkeep]\n|upkeep\n|turn|8\n|\n|t:|1698728263\n|switch|p2a: Pinhead Larry|Slowking-Galar, M, shiny|100\/100\n|-item|p2a: Pinhead Larry|Air Balloon\n|move|p1a: Excadrill|Earthquake|p2a: Pinhead Larry\n|-immune|p2a: Pinhead Larry\n|\n|-weather|Sandstorm|[upkeep]\n|-damage|p2a: Pinhead Larry|94\/100|[from] Sandstorm\n|upkeep\n|turn|9\n|\n|t:|1698728272\n|move|p1a: Excadrill|Iron Head|p2a: Pinhead Larry\n|-crit|p2a: Pinhead Larry\n|-damage|p2a: Pinhead Larry|0 fnt\n|-enditem|p2a: Pinhead Larry|Air Balloon\n|faint|p2a: Pinhead Larry\n|-damage|p1a: Excadrill|91\/100|[from] item: Life Orb\n|\n|-weather|none\n|upkeep\n|\n|t:|1698728303\n|switch|p2a: Dorito Moth|Volcarona, M, shiny|100\/100\n|turn|10\n|\n|t:|1698728330\n|move|p1a: Excadrill|Earthquake|p2a: Dorito Moth\n|-damage|p2a: Dorito Moth|0 fnt\n|faint|p2a: Dorito Moth\n|-damage|p1a: Excadrill|81\/100|[from] item: Life Orb\n|\n|upkeep\n|\n|t:|1698728336\n|switch|p2a: El Goblino|Grimmsnarl, M|65\/100\n|turn|11\n|\n|t:|1698728347\n|move|p2a: El Goblino|Reflect|p2a: El Goblino\n|-sidestart|p2: CringeWeirdo02|Reflect\n|move|p1a: Excadrill|Swords Dance|p1a: Excadrill\n|-boost|p1a: Excadrill|atk|2\n|\n|upkeep\n|turn|12\n|\n|t:|1698728354\n|move|p2a: El Goblino|Taunt|p1a: Excadrill\n|-start|p1a: Excadrill|move: Taunt\n|move|p1a: Excadrill|Iron Head|p2a: El Goblino\n|-supereffective|p2a: El Goblino\n|-crit|p2a: El Goblino\n|-damage|p2a: El Goblino|0 fnt\n|faint|p2a: El Goblino\n|-damage|p1a: Excadrill|71\/100|[from] item: Life Orb\n|\n|upkeep\n|\n|t:|1698728361\n|switch|p2a: BreastCancerShork|Sharpedo, M, shiny|100\/100\n|turn|13\n|\n|t:|1698728367\n|move|p2a: BreastCancerShork|Aqua Jet|p1a: Excadrill\n|-supereffective|p1a: Excadrill\n|-damage|p1a: Excadrill|6\/100\n|move|p1a: Excadrill|Earthquake|p2a: BreastCancerShork\n|-damage|p2a: BreastCancerShork|0 fnt\n|faint|p2a: BreastCancerShork\n|-damage|p1a: Excadrill|0 fnt|[from] item: Life Orb\n|faint|p1a: Excadrill\n|\n|upkeep\n|\n|t:|1698728378\n|switch|p1a: Hippowdon|Hippowdon, F|35\/100\n|switch|p2a: The Boner Frozer|Baxcalibur, M, shiny|100\/100\n|-weather|Sandstorm|[from] ability: Sand Stream|[of] p1a: Hippowdon\n|turn|14\n|\n|t:|1698728384\n|move|p2a: The Boner Frozer|Swords Dance|p2a: The Boner Frozer\n|-boost|p2a: The Boner Frozer|atk|2\n|move|p1a: Hippowdon|Whirlwind|p2a: The Boner Frozer\n|drag|p2a: Fresh from the Ass|Doublade, M, shiny|100\/100\n|\n|-weather|Sandstorm|[upkeep]\n|upkeep\n|turn|15\n|\n|t:|1698728390\n|move|p1a: Hippowdon|Slack Off|p1a: Hippowdon\n|-heal|p1a: Hippowdon|85\/100\n|move|p2a: Fresh from the Ass|Swords Dance|p2a: Fresh from the Ass\n|-boost|p2a: Fresh from the Ass|atk|2\n|\n|-weather|Sandstorm|[upkeep]\n|upkeep\n|turn|16\n|\n|t:|1698728397\n|move|p2a: Fresh from the Ass|Iron Head|p1a: Hippowdon\n|-damage|p1a: Hippowdon|43\/100\n|cant|p1a: Hippowdon|flinch\n|\n|-weather|Sandstorm|[upkeep]\n|upkeep\n|turn|17\n|\n|t:|1698728402\n|move|p1a: Hippowdon|Slack Off|p1a: Hippowdon\n|-heal|p1a: Hippowdon|93\/100\n|move|p2a: Fresh from the Ass|Iron Head|p1a: Hippowdon\n|-damage|p1a: Hippowdon|53\/100\n|\n|-weather|Sandstorm|[upkeep]\n|upkeep\n|turn|18\n|\n|t:|1698728409\n|move|p2a: Fresh from the Ass|Iron Head|p1a: Hippowdon\n|-damage|p1a: Hippowdon|7\/100\n|move|p1a: Hippowdon|Whirlwind|p2a: Fresh from the Ass\n|drag|p2a: The Boner Frozer|Baxcalibur, M, shiny|100\/100\n|\n|-weather|Sandstorm|[upkeep]\n|-damage|p2a: The Boner Frozer|94\/100|[from] Sandstorm\n|-sideend|p2: CringeWeirdo02|Reflect\n|upkeep\n|turn|19\n|\n|t:|1698728416\n|move|p2a: The Boner Frozer|Swords Dance|p2a: The Boner Frozer\n|-boost|p2a: The Boner Frozer|atk|2\n|move|p1a: Hippowdon|Whirlwind|p2a: The Boner Frozer\n|drag|p2a: Fresh from the Ass|Doublade, M, shiny|100\/100\n|\n|-weather|Sandstorm|[upkeep]\n|upkeep\n|turn|20\n|\n|t:|1698728422\n|move|p2a: Fresh from the Ass|Shadow Sneak|p1a: Hippowdon\n|-damage|p1a: Hippowdon|0 fnt\n|faint|p1a: Hippowdon\n|\n|-weather|Sandstorm|[upkeep]\n|upkeep\n|\n|t:|1698728433\n|switch|p1a: Mawile|Mawile, M|100\/100\n|-ability|p1a: Mawile|Intimidate|boost\n|-unboost|p2a: Fresh from the Ass|atk|1\n|turn|21\n|\n|t:|1698728442\n|detailschange|p1a: Mawile|Mawile-Mega, M\n|-mega|p1a: Mawile|Mawile|Mawilite\n|move|p1a: Mawile|Knock Off|p2a: Fresh from the Ass\n|-supereffective|p2a: Fresh from the Ass\n|-damage|p2a: Fresh from the Ass|35\/100\n|-enditem|p2a: Fresh from the Ass|Eviolite|[from] move: Knock Off|[of] p1a: Mawile\n|move|p2a: Fresh from the Ass|Swords Dance|p2a: Fresh from the Ass\n|-boost|p2a: Fresh from the Ass|atk|2\n|\n|-weather|none\n|upkeep\n|turn|22\n|\n|t:|1698728454\n|move|p1a: Mawile|Sucker Punch|p2a: Fresh from the Ass\n|-supereffective|p2a: Fresh from the Ass\n|-damage|p2a: Fresh from the Ass|0 fnt\n|faint|p2a: Fresh from the Ass\n|\n|upkeep\n|\n|t:|1698728459\n|switch|p2a: The Boner Frozer|Baxcalibur, M, shiny|94\/100\n|turn|23\n|\n|t:|1698728467\n|move|p2a: The Boner Frozer|Earthquake|p1a: Mawile\n|-supereffective|p1a: Mawile\n|-damage|p1a: Mawile|25\/100\n|move|p1a: Mawile|Iron Head|p2a: The Boner Frozer\n|-supereffective|p2a: The Boner Frozer\n|-damage|p2a: The Boner Frozer|0 fnt\n|faint|p2a: The Boner Frozer\n|\n|win|Senseitoad71\n|l|\u2606CringeWeirdo02\n|l| jayklod\n","uploadtime":1698729048,"views":6,"p1id":"senseitoad71","p2id":"cringeweirdo02","formatid":"gen9nationaldexubers","rating":0,"private":0,"password":""}