{"id":"gen9nationaldexubers-1984427759","p1":"85792195wwww","p2":"nduts732","format":"[Gen 9] National Dex Ubers","log":"|j|\u203d85792195wwww\n|j|\u2606nduts732\n|t:|1699261858\n|gametype|singles\n|player|p1|85792195wwww|mira|1807\n|player|p2|nduts732|101|1767\n|teamsize|p1|6\n|teamsize|p2|6\n|gen|9\n|tier|[Gen 9] National Dex Ubers\n|rated|\n|rule|HP Percentage Mod: HP is shown in percentages\n|rule|Endless Battle Clause: Forcing endless battles is banned\n|rule|OHKO Clause: OHKO moves are banned\n|rule|Evasion Moves Clause: Evasion moves are banned\n|rule|Evasion Items Clause: Evasion items are banned\n|rule|Species Clause: Limit one of each Pok\u00e9mon\n|rule|Sleep Clause Mod: Limit one foe put to sleep\n|rule|Mega Rayquaza Clause: You cannot mega evolve Rayquaza\n|clearpoke\n|poke|p1|Arceus|\n|poke|p1|Xerneas-*|\n|poke|p1|Groudon|\n|poke|p1|Zacian-*|\n|poke|p1|Samurott-Hisui, M|\n|poke|p1|Rayquaza|\n|poke|p2|Zacian-*|\n|poke|p2|Eternatus|\n|poke|p2|Ditto|\n|poke|p2|Landorus, M|\n|poke|p2|Smeargle, F|\n|poke|p2|Mewtwo|\n|teampreview\n|\n|t:|1699261883\n|start\n|switch|p1a: Rayquaza|Rayquaza|100\/100\n|switch|p2a: Smeargle|Smeargle, F|100\/100\n|-ability|p1a: Rayquaza|Air Lock\n|turn|1\n|\n|t:|1699261891\n|move|p1a: Rayquaza|Scale Shot|p2a: Smeargle\n|-damage|p2a: Smeargle|56\/100\n|-damage|p2a: Smeargle|8\/100\n|-damage|p2a: Smeargle|0 fnt\n|faint|p2a: Smeargle\n|-hitcount|p2: Smeargle|3\n|-unboost|p1a: Rayquaza|def|1\n|-boost|p1a: Rayquaza|spe|1\n|\n|upkeep\n|\n|t:|1699261905\n|switch|p2a: Ditto|Ditto|100\/100\n|-transform|p2a: Ditto|p1a: Rayquaza|[from] ability: Imposter\n|turn|2\n|\n|t:|1699261914\n|switch|p1a: Zacian|Zacian-Crowned|100\/100\n|-ability|p1a: Zacian|Intrepid Sword|boost\n|-boost|p1a: Zacian|atk|1\n|move|p2a: Ditto|Dragon Ascent|p1a: Zacian\n|-resisted|p1a: Zacian\n|-damage|p1a: Zacian|63\/100\n|-unboost|p2a: Ditto|def|1\n|-unboost|p2a: Ditto|spd|1\n|\n|upkeep\n|turn|3\n|\n|t:|1699261946\n|switch|p2a: Zacian|Zacian-Crowned|100\/100\n|-ability|p2a: Zacian|Intrepid Sword|boost\n|-boost|p2a: Zacian|atk|1\n|move|p1a: Zacian|Behemoth Blade|p2a: Zacian\n|-damage|p2a: Zacian|24\/100\n|\n|upkeep\n|turn|4\n|\n|t:|1699261955\n|move|p2a: Zacian|Behemoth Blade|p1a: Zacian\n|-damage|p1a: Zacian|0 fnt\n|faint|p1a: Zacian\n|\n|upkeep\n|\n|t:|1699261964\n|switch|p1a: Samurott|Samurott-Hisui, M|100\/100\n|turn|5\n|inactive|Battle timer is ON: inactive players will automatically lose when time's up. (requested by nduts732)\n|\n|t:|1699261973\n|move|p2a: Zacian|Close Combat|p1a: Samurott\n|-supereffective|p1a: Samurott\n|-enditem|p1a: Samurott|Focus Sash\n|-damage|p1a: Samurott|1\/100\n|-unboost|p2a: Zacian|def|1\n|-unboost|p2a: Zacian|spd|1\n|move|p1a: Samurott|Ceaseless Edge|p2a: Zacian\n|-resisted|p2a: Zacian\n|-damage|p2a: Zacian|0 fnt\n|-sidestart|p2: nduts732|Spikes\n|faint|p2a: Zacian\n|\n|upkeep\n|\n|t:|1699261991\n|switch|p2a: Eternatus|Eternatus|100\/100\n|-damage|p2a: Eternatus|88\/100|[from] Spikes\n|-ability|p2a: Eternatus|Pressure\n|turn|6\n|\n|t:|1699261998\n|move|p2a: Eternatus|Meteor Beam||[still]\n|-prepare|p2a: Eternatus|Meteor Beam\n|-boost|p2a: Eternatus|spa|1\n|-enditem|p2a: Eternatus|Power Herb\n|-anim|p2a: Eternatus|Meteor Beam|p1a: Samurott\n|-damage|p1a: Samurott|0 fnt\n|faint|p1a: Samurott\n|\n|upkeep\n|\n|t:|1699262013\n|switch|p1a: Rayquaza|Rayquaza|100\/100\n|-ability|p1a: Rayquaza|Air Lock\n|turn|7\n|\n|t:|1699262024\n|-terastallize|p2a: Eternatus|Fire\n|move|p1a: Rayquaza|Extreme Speed|p2a: Eternatus\n|-damage|p2a: Eternatus|49\/100\n|move|p2a: Eternatus|Dynamax Cannon|p1a: Rayquaza\n|-supereffective|p1a: Rayquaza\n|-damage|p1a: Rayquaza|0 fnt\n|faint|p1a: Rayquaza\n|\n|upkeep\n|\n|t:|1699262035\n|switch|p1a: Arceus|Arceus|100\/100\n|turn|8\n|\n|t:|1699262039\n|move|p1a: Arceus|Extreme Speed|p2a: Eternatus\n|-damage|p2a: Eternatus|0 fnt\n|faint|p2a: Eternatus\n|-damage|p1a: Arceus|91\/100|[from] item: Life Orb\n|\n|upkeep\n|\n|t:|1699262051\n|switch|p2a: Mewtwo|Mewtwo|100\/100\n|-damage|p2a: Mewtwo|88\/100|[from] Spikes\n|-ability|p2a: Mewtwo|Pressure\n|turn|9\n|\n|t:|1699262059\n|switch|p1a: Xerneas|Xerneas|100\/100\n|-ability|p1a: Xerneas|Fairy Aura\n|detailschange|p2a: Mewtwo|Mewtwo-Mega-Y\n|-mega|p2a: Mewtwo|Mewtwo|Mewtwonite Y\n|move|p2a: Mewtwo|Psystrike|p1a: Xerneas\n|-damage|p1a: Xerneas|48\/100\n|\n|upkeep\n|turn|10\n|\n|t:|1699262074\n|move|p2a: Mewtwo|Psystrike|p1a: Xerneas\n|-damage|p1a: Xerneas|0 fnt\n|faint|p1a: Xerneas\n|\n|upkeep\n|\n|t:|1699262079\n|switch|p1a: Arceus|Arceus|91\/100\n|turn|11\n|\n|t:|1699262083\n|-terastallize|p1a: Arceus|Normal\n|move|p1a: Arceus|Extreme Speed|p2a: Mewtwo\n|-damage|p2a: Mewtwo|0 fnt\n|faint|p2a: Mewtwo\n|-damage|p1a: Arceus|81\/100|[from] item: Life Orb\n|\n|upkeep\n|inactive|nduts732 has 120 seconds left.\n|\n|t:|1699262121\n|switch|p2a: Landorus|Landorus, M|100\/100\n|turn|12\n|\n|t:|1699262125\n|move|p1a: Arceus|Extreme Speed|p2a: Landorus\n|-damage|p2a: Landorus|18\/100\n|-damage|p1a: Arceus|71\/100|[from] item: Life Orb\n|move|p2a: Landorus|Earth Power|p1a: Arceus\n|-damage|p1a: Arceus|16\/100\n|\n|upkeep\n|turn|13\n|\n|t:|1699262137\n|switch|p2a: Ditto|Ditto|100\/100\n|-damage|p2a: Ditto|88\/100|[from] Spikes\n|-transform|p2a: Ditto|p1a: Arceus|[from] ability: Imposter\n|move|p1a: Arceus|Extreme Speed|p2a: Ditto\n|-damage|p2a: Ditto|15\/100\n|-damage|p1a: Arceus|6\/100|[from] item: Life Orb\n|\n|upkeep\n|turn|14\n|inactive|nduts732 has 120 seconds left.\n|\n|t:|1699262171\n|switch|p1a: Groudon|Groudon|100\/100\n|detailschange|p1a: Groudon|Groudon-Primal\n|-primal|p1a: Groudon|Red Orb\n|-weather|DesolateLand|[from] ability: Desolate Land|[of] p1a: Groudon\n|move|p2a: Ditto|Earthquake|p1a: Groudon\n|-supereffective|p1a: Groudon\n|-damage|p1a: Groudon|56\/100\n|\n|-weather|DesolateLand|[upkeep]\n|upkeep\n|turn|15\n|inactive|nduts732 has 90 seconds left.\n|\n|t:|1699262221\n|switch|p2a: Landorus|Landorus, M|18\/100\n|move|p1a: Groudon|Heat Crash|p2a: Landorus\n|-damage|p2a: Landorus|0 fnt\n|faint|p2a: Landorus\n|\n|-weather|DesolateLand|[upkeep]\n|upkeep\n|\n|t:|1699262227\n|switch|p2a: Ditto|Ditto|15\/100\n|-damage|p2a: Ditto|3\/100|[from] Spikes\n|-transform|p2a: Ditto|p1a: Groudon|[from] ability: Imposter\n|turn|16\n|\n|t:|1699262234\n|move|p2a: Ditto|Precipice Blades|p1a: Groudon|[miss]\n|-miss|p2a: Ditto|p1a: Groudon\n|move|p1a: Groudon|Heat Crash|p2a: Ditto\n|-resisted|p2a: Ditto\n|-damage|p2a: Ditto|0 fnt\n|faint|p2a: Ditto\n|\n|win|85792195wwww\n|raw|85792195wwww's rating: 1807 &rarr; <strong>1825<\/strong><br \/>(+18 for winning)\n|raw|nduts732's rating: 1767 &rarr; <strong>1749<\/strong><br \/>(-18 for losing)\n|l|\u2606nduts732\n","uploadtime":1699262264,"views":7,"p1id":"85792195wwww","p2id":"nduts732","formatid":"gen9nationaldexubers","rating":1749,"private":0,"password":""}