{"id":"gen9nationaldexubers-1978146306","p1":"Fiaro's","p2":"Pwkejejieiw","format":"[Gen 9] National Dex Ubers","log":"|j|\u2606Fiaro's\n|j|\u2606Pwkejejieiw\n|t:|1698505022\n|gametype|singles\n|player|p1|Fiaro's|lucas|1534\n|player|p2|Pwkejejieiw|1|1541\n|teamsize|p1|6\n|teamsize|p2|6\n|gen|9\n|tier|[Gen 9] National Dex Ubers\n|rated|\n|rule|HP Percentage Mod: HP is shown in percentages\n|rule|Endless Battle Clause: Forcing endless battles is banned\n|rule|OHKO Clause: OHKO moves are banned\n|rule|Evasion Moves Clause: Evasion moves are banned\n|rule|Evasion Items Clause: Evasion items are banned\n|rule|Species Clause: Limit one of each Pok\u00e9mon\n|rule|Sleep Clause Mod: Limit one foe put to sleep\n|rule|Mega Rayquaza Clause: You cannot mega evolve Rayquaza\n|clearpoke\n|poke|p1|Groudon|\n|poke|p1|Scizor, F|\n|poke|p1|Deoxys-Attack|\n|poke|p1|Necrozma-Dusk-Mane|\n|poke|p1|Ho-Oh|\n|poke|p1|Xerneas-*|\n|poke|p2|Groudon|\n|poke|p2|Arceus-Electric|\n|poke|p2|Giratina-Origin|\n|poke|p2|Yveltal|\n|poke|p2|Glimmora, F|\n|poke|p2|Necrozma-Dusk-Mane|\n|teampreview\n|inactive|Battle timer is ON: inactive players will automatically lose when time's up. (requested by Fiaro's)\n|c|\u2606Pwkejejieiw|who u sending out first\n|c|\u2606Pwkejejieiw|im gonna send out groudon\n|inactive|Pwkejejieiw has 120 seconds left.\n|\n|t:|1698505063\n|start\n|switch|p1a: Deoxys|Deoxys-Attack|100\/100\n|switch|p2a: Groudon|Groudon|100\/100\n|-ability|p1a: Deoxys|Pressure\n|detailschange|p2a: Groudon|Groudon-Primal\n|-primal|p2a: Groudon|Red Orb\n|-weather|DesolateLand|[from] ability: Desolate Land|[of] p2a: Groudon\n|turn|1\n|\n|t:|1698505072\n|move|p1a: Deoxys|Stealth Rock|p2a: Groudon\n|-sidestart|p2: Pwkejejieiw|move: Stealth Rock\n|move|p2a: Groudon|Heat Crash|p1a: Deoxys\n|-enditem|p1a: Deoxys|Focus Sash\n|-damage|p1a: Deoxys|1\/100\n|\n|-weather|DesolateLand|[upkeep]\n|upkeep\n|turn|2\n|\n|t:|1698505078\n|move|p1a: Deoxys|Psycho Boost|p2a: Groudon\n|-damage|p2a: Groudon|9\/100\n|-unboost|p1a: Deoxys|spa|2\n|move|p2a: Groudon|Heat Crash|p1a: Deoxys\n|-damage|p1a: Deoxys|0 fnt\n|faint|p1a: Deoxys\n|\n|-weather|DesolateLand|[upkeep]\n|upkeep\n|\n|t:|1698505089\n|switch|p1a: Groudon|Groudon|100\/100\n|detailschange|p1a: Groudon|Groudon-Primal\n|-primal|p1a: Groudon|Red Orb\n|turn|3\n|\n|t:|1698505102\n|move|p1a: Groudon|Precipice Blades|p2a: Groudon\n|-supereffective|p2a: Groudon\n|-damage|p2a: Groudon|0 fnt\n|faint|p2a: Groudon\n|\n|-weather|DesolateLand|[upkeep]\n|upkeep\n|\n|t:|1698505106\n|switch|p2a: Glimmora|Glimmora, F|100\/100\n|-damage|p2a: Glimmora|88\/100|[from] Stealth Rock\n|turn|4\n|\n|t:|1698505115\n|move|p2a: Glimmora|Mortal Spin|p1a: Groudon\n|-resisted|p1a: Groudon\n|-damage|p1a: Groudon|98\/100\n|-status|p1a: Groudon|psn\n|-sideend|p2: Pwkejejieiw|Stealth Rock|[from] move: Mortal Spin|[of] p2a: Glimmora\n|move|p1a: Groudon|Rock Polish|p1a: Groudon\n|-boost|p1a: Groudon|spe|2\n|\n|-weather|DesolateLand|[upkeep]\n|-damage|p1a: Groudon|86\/100 psn|[from] psn\n|upkeep\n|turn|5\n|\n|t:|1698505123\n|move|p1a: Groudon|Precipice Blades|p2a: Glimmora\n|-supereffective|p2a: Glimmora\n|-damage|p2a: Glimmora|0 fnt\n|-activate|p2a: Glimmora|ability: Toxic Debris\n|-sidestart|p1: Fiaro's|move: Toxic Spikes\n|faint|p2a: Glimmora\n|\n|-weather|DesolateLand|[upkeep]\n|-damage|p1a: Groudon|74\/100 psn|[from] psn\n|upkeep\n|\n|t:|1698505134\n|switch|p2a: Yveltal|Yveltal, shiny|100\/100\n|-ability|p2a: Yveltal|Dark Aura\n|turn|6\n|\n|t:|1698505138\n|move|p1a: Groudon|Stone Edge|p2a: Yveltal\n|-supereffective|p2a: Yveltal\n|-damage|p2a: Yveltal|17\/100\n|move|p2a: Yveltal|Oblivion Wing|p1a: Groudon\n|-damage|p1a: Groudon|21\/100 psn\n|-heal|p2a: Yveltal|47\/100|[from] drain|[of] p1a: Groudon\n|\n|-weather|DesolateLand|[upkeep]\n|-damage|p1a: Groudon|9\/100 psn|[from] psn\n|upkeep\n|turn|7\n|\n|t:|1698505151\n|switch|p2a: Necrozma|Necrozma-Dusk-Mane|100\/100\n|move|p1a: Groudon|Precipice Blades|p2a: Necrozma\n|-supereffective|p2a: Necrozma\n|-damage|p2a: Necrozma|0 fnt\n|faint|p2a: Necrozma\n|\n|-weather|DesolateLand|[upkeep]\n|-damage|p1a: Groudon|0 fnt|[from] psn\n|faint|p1a: Groudon\n|-weather|none\n|upkeep\n|c|\u2606Pwkejejieiw|mf\n|c|\u2606Fiaro's|Gotta predict the predictor\n|\n|t:|1698505168\n|switch|p1a: Ho-Oh|Ho-Oh|100\/100\n|switch|p2a: Giratina|Giratina-Origin, shiny|100\/100\n|turn|8\n|c|\u2606Pwkejejieiw|i have met my match\n|\n|t:|1698505175\n|move|p2a: Giratina|Poltergeist|p1a: Ho-Oh\n|-activate|p1a: Ho-Oh|move: Poltergeist|Heavy-Duty Boots\n|-damage|p1a: Ho-Oh|33\/100\n|move|p1a: Ho-Oh|Toxic|p2a: Giratina\n|-status|p2a: Giratina|tox\n|\n|-damage|p2a: Giratina|94\/100 tox|[from] psn\n|upkeep\n|turn|9\n|\n|t:|1698505188\n|move|p2a: Giratina|Poltergeist|p1a: Ho-Oh\n|-activate|p1a: Ho-Oh|move: Poltergeist|Heavy-Duty Boots\n|-damage|p1a: Ho-Oh|0 fnt\n|faint|p1a: Ho-Oh\n|\n|-damage|p2a: Giratina|82\/100 tox|[from] psn\n|upkeep\n|\n|t:|1698505189\n|switch|p1a: Scizor|Scizor, F|100\/100\n|turn|10\n|\n|t:|1698505196\n|detailschange|p1a: Scizor|Scizor-Mega, F\n|-mega|p1a: Scizor|Scizor|Scizorite\n|move|p1a: Scizor|Knock Off|p2a: Giratina\n|-supereffective|p2a: Giratina\n|-damage|p2a: Giratina|49\/100 tox\n|move|p2a: Giratina|Dragon Tail|p1a: Scizor|[miss]\n|-miss|p2a: Giratina|p1a: Scizor\n|\n|-damage|p2a: Giratina|30\/100 tox|[from] psn\n|upkeep\n|turn|11\n|c|\u2606Pwkejejieiw|bro this game is the biggest fucking hater\n|\n|t:|1698505212\n|move|p2a: Giratina|Draco Meteor|p1a: Scizor\n|-resisted|p1a: Scizor\n|-damage|p1a: Scizor|68\/100\n|-unboost|p2a: Giratina|spa|2\n|move|p1a: Scizor|Knock Off|p2a: Giratina\n|-supereffective|p2a: Giratina\n|-damage|p2a: Giratina|0 fnt\n|faint|p2a: Giratina\n|\n|upkeep\n|c|\u2606Fiaro's|Lmao\n|\n|t:|1698505222\n|switch|p2a: Yveltal|Yveltal, shiny|47\/100\n|-ability|p2a: Yveltal|Dark Aura\n|turn|12\n|\n|t:|1698505227\n|move|p2a: Yveltal|Foul Play|p1a: Scizor\n|-damage|p1a: Scizor|3\/100\n|move|p1a: Scizor|Swords Dance|p1a: Scizor\n|-boost|p1a: Scizor|atk|2\n|\n|upkeep\n|turn|13\n|\n|t:|1698505237\n|-terastallize|p2a: Yveltal|Steel\n|move|p1a: Scizor|Bullet Punch|p2a: Yveltal\n|-resisted|p2a: Yveltal\n|-damage|p2a: Yveltal|16\/100\n|move|p2a: Yveltal|Oblivion Wing|p1a: Scizor\n|-damage|p1a: Scizor|0 fnt\n|-heal|p2a: Yveltal|18\/100|[from] drain|[of] p1a: Scizor\n|faint|p1a: Scizor\n|\n|upkeep\n|\n|t:|1698505249\n|switch|p1a: Xerneas|Xerneas|100\/100\n|-status|p1a: Xerneas|psn\n|-ability|p1a: Xerneas|Fairy Aura\n|turn|14\n|c|\u2606Pwkejejieiw|shit\n|\n|t:|1698505257\n|move|p1a: Xerneas|Geomancy||[still]\n|-prepare|p1a: Xerneas|Geomancy\n|-enditem|p1a: Xerneas|Power Herb\n|-anim|p1a: Xerneas|Geomancy|p1a: Xerneas\n|-boost|p1a: Xerneas|spa|2\n|-boost|p1a: Xerneas|spd|2\n|-boost|p1a: Xerneas|spe|2\n|move|p2a: Yveltal|Foul Play|p1a: Xerneas\n|-resisted|p1a: Xerneas\n|-damage|p1a: Xerneas|84\/100 psn\n|\n|-damage|p1a: Xerneas|72\/100 psn|[from] psn\n|upkeep\n|turn|15\n|\n|t:|1698505267\n|move|p2a: Yveltal|Sucker Punch|p1a: Xerneas\n|-resisted|p1a: Xerneas\n|-damage|p1a: Xerneas|57\/100 psn\n|move|p1a: Xerneas|Moonblast|p2a: Yveltal\n|-resisted|p2a: Yveltal\n|-damage|p2a: Yveltal|0 fnt\n|faint|p2a: Yveltal\n|\n|-damage|p1a: Xerneas|44\/100 psn|[from] psn\n|upkeep\n|\n|t:|1698505275\n|switch|p2a: Arceus|Arceus-Electric|100\/100\n|turn|16\n|c|\u2606Fiaro's|You still got a chance\n|c|\u2606Pwkejejieiw|\ud83e\udd85\ud83e\udd85\n|\n|t:|1698505287\n|-terastallize|p1a: Xerneas|Fairy\n|move|p1a: Xerneas|Moonblast|p2a: Arceus\n|-damage|p2a: Arceus|0 fnt\n|faint|p2a: Arceus\n|\n|win|Fiaro's\n|raw|Fiaro&apos;s's rating: 1534 &rarr; <strong>1554<\/strong><br \/>(+20 for winning)\n|raw|Pwkejejieiw's rating: 1541 &rarr; <strong>1521<\/strong><br \/>(-20 for losing)\n","uploadtime":1698505211,"views":5,"p1id":"fiaros","p2id":"pwkejejieiw","formatid":"gen9nationaldexubers","rating":1521,"private":0,"password":""}