{"id":"gen9nationaldexubers-1977877195","p1":"venga29","p2":"matatias","format":"[Gen 9] National Dex Ubers","log":"|j|\u2606venga29\n|j|\u2606matatias\n|t:|1698460675\n|gametype|singles\n|player|p1|venga29|lance|\n|player|p2|matatias|266|\n|teamsize|p1|6\n|teamsize|p2|6\n|gen|9\n|tier|[Gen 9] National Dex Ubers\n|rule|HP Percentage Mod: HP is shown in percentages\n|rule|Endless Battle Clause: Forcing endless battles is banned\n|rule|OHKO Clause: OHKO moves are banned\n|rule|Evasion Moves Clause: Evasion moves are banned\n|rule|Evasion Items Clause: Evasion items are banned\n|rule|Species Clause: Limit one of each Pok\u00e9mon\n|rule|Sleep Clause Mod: Limit one foe put to sleep\n|rule|Mega Rayquaza Clause: You cannot mega evolve Rayquaza\n|clearpoke\n|poke|p1|Blaziken, M|\n|poke|p1|Skeledirge, M|\n|poke|p1|Kingambit, M|\n|poke|p1|Tinkaton, F|\n|poke|p1|Skarmory, M|\n|poke|p1|Incineroar, F|\n|poke|p2|Alakazam, F|\n|poke|p2|Roaring Moon|\n|poke|p2|Incineroar, F|\n|poke|p2|Kingambit, F|\n|poke|p2|Greninja-*, M|\n|poke|p2|Tyranitar, F|\n|teampreview\n|\n|t:|1698460689\n|start\n|switch|p1a: Rompepelotas|Skarmory, M|100\/100\n|switch|p2a: Incineroar|Incineroar, F|100\/100\n|-ability|p2a: Incineroar|Intimidate|boost\n|-unboost|p1a: Rompepelotas|atk|1\n|turn|1\n|\n|t:|1698460701\n|move|p2a: Incineroar|Fire Blast|p1a: Rompepelotas\n|-supereffective|p1a: Rompepelotas\n|-ability|p1a: Rompepelotas|Sturdy\n|-damage|p1a: Rompepelotas|1\/100\n|-enditem|p1a: Rompepelotas|Salac Berry|[eat]\n|-boost|p1a: Rompepelotas|spe|1|[from] item: Salac Berry\n|move|p1a: Rompepelotas|Spikes|p2a: Incineroar\n|-sidestart|p2: matatias|Spikes\n|\n|upkeep\n|turn|2\n|\n|t:|1698460715\n|switch|p1a: Gatitorunrun|Incineroar, F|100\/100\n|-ability|p1a: Gatitorunrun|Intimidate|boost\n|-unboost|p2a: Incineroar|atk|1\n|move|p2a: Incineroar|Fire Blast|p1a: Gatitorunrun\n|-resisted|p1a: Gatitorunrun\n|-damage|p1a: Gatitorunrun|75\/100\n|\n|upkeep\n|turn|3\n|\n|t:|1698460729\n|switch|p2a: Greninja|Greninja, M|100\/100\n|-damage|p2a: Greninja|88\/100|[from] Spikes\n|move|p1a: Gatitorunrun|Fake Out|p2a: Greninja\n|-damage|p2a: Greninja|69\/100\n|\n|upkeep\n|turn|4\n|\n|t:|1698460737\n|move|p2a: Greninja|Hydro Pump|p1a: Gatitorunrun|[miss]\n|-start|p2a: Greninja|typechange|Water|[from] ability: Protean\n|-miss|p2a: Greninja|p1a: Gatitorunrun\n|move|p1a: Gatitorunrun|Earthquake|p2a: Greninja\n|-damage|p2a: Greninja|23\/100\n|\n|upkeep\n|turn|5\n|\n|t:|1698460748\n|move|p2a: Greninja|Hydro Pump|p1a: Gatitorunrun\n|-supereffective|p1a: Gatitorunrun\n|-damage|p1a: Gatitorunrun|5\/100\n|move|p1a: Gatitorunrun|Darkest Lariat|p2a: Greninja\n|-damage|p2a: Greninja|0 fnt\n|faint|p2a: Greninja\n|\n|upkeep\n|\n|t:|1698460759\n|switch|p2a: Alakazam|Alakazam, F|100\/100\n|-damage|p2a: Alakazam|88\/100|[from] Spikes\n|turn|6\n|\n|t:|1698460765\n|move|p2a: Alakazam|Double-Edge|p1a: Gatitorunrun\n|-damage|p1a: Gatitorunrun|0 fnt\n|faint|p1a: Gatitorunrun\n|-damage|p2a: Alakazam|86\/100|[from] Recoil\n|\n|upkeep\n|\n|t:|1698460771\n|switch|p1a: Rompepelotas|Skarmory, M|1\/100\n|turn|7\n|\n|t:|1698460779\n|detailschange|p2a: Alakazam|Alakazam-Mega, F\n|-mega|p2a: Alakazam|Alakazam|Alakazite\n|-ability|p2a: Alakazam|Sturdy|[from] ability: Trace|[of] p1a: Rompepelotas\n|move|p2a: Alakazam|Double-Edge|p1a: Rompepelotas\n|-resisted|p1a: Rompepelotas\n|-damage|p1a: Rompepelotas|0 fnt\n|faint|p1a: Rompepelotas\n|-damage|p2a: Alakazam|86\/100|[from] Recoil\n|\n|upkeep\n|\n|t:|1698460789\n|switch|p1a: Elchambeador|Tinkaton, F|100\/100\n|-ability|p1a: Elchambeador|Mold Breaker\n|turn|8\n|\n|t:|1698460809\n|-singleturn|p2a: Alakazam|move: Focus Punch\n|move|p1a: Elchambeador|Gigaton Hammer|p2a: Alakazam\n|-damage|p2a: Alakazam|0 fnt\n|faint|p2a: Alakazam\n|\n|upkeep\n|\n|t:|1698460818\n|switch|p2a: Incineroar|Incineroar, F|100\/100\n|-damage|p2a: Incineroar|88\/100|[from] Spikes\n|-ability|p2a: Incineroar|Intimidate|boost\n|-unboost|p1a: Elchambeador|atk|1\n|turn|9\n|j| Luski1987\n|\n|t:|1698460825\n|move|p1a: Elchambeador|Knock Off|p2a: Incineroar\n|-resisted|p2a: Incineroar\n|-damage|p2a: Incineroar|80\/100\n|-enditem|p2a: Incineroar|Choice Specs|[from] move: Knock Off|[of] p1a: Elchambeador\n|move|p2a: Incineroar|Fire Blast|p1a: Elchambeador\n|-supereffective|p1a: Elchambeador\n|-damage|p1a: Elchambeador|49\/100\n|\n|upkeep\n|turn|10\n|\n|t:|1698460834\n|move|p1a: Elchambeador|Gigaton Hammer|p2a: Incineroar\n|-resisted|p2a: Incineroar\n|-damage|p2a: Incineroar|59\/100\n|move|p2a: Incineroar|Fire Blast|p1a: Elchambeador\n|-supereffective|p1a: Elchambeador\n|-damage|p1a: Elchambeador|0 fnt\n|faint|p1a: Elchambeador\n|\n|upkeep\n|\n|t:|1698460844\n|switch|p1a: Pajarito|Blaziken, M|100\/100\n|turn|11\n|\n|t:|1698460848\n|detailschange|p1a: Pajarito|Blaziken-Mega, M\n|-mega|p1a: Pajarito|Blaziken|Blazikenite\n|move|p1a: Pajarito|Earthquake|p2a: Incineroar\n|-supereffective|p2a: Incineroar\n|-damage|p2a: Incineroar|0 fnt\n|faint|p2a: Incineroar\n|\n|-ability|p1a: Pajarito|Speed Boost|boost\n|-boost|p1a: Pajarito|spe|1\n|upkeep\n|\n|t:|1698460858\n|switch|p2a: Roaring Moon|Roaring Moon|100\/100\n|-damage|p2a: Roaring Moon|88\/100|[from] Spikes\n|turn|12\n|\n|t:|1698460865\n|move|p2a: Roaring Moon|Draco Meteor|p1a: Pajarito\n|-damage|p1a: Pajarito|40\/100\n|-unboost|p2a: Roaring Moon|spa|2\n|move|p1a: Pajarito|Earthquake|p2a: Roaring Moon\n|-damage|p2a: Roaring Moon|33\/100\n|\n|-ability|p1a: Pajarito|Speed Boost|boost\n|-boost|p1a: Pajarito|spe|1\n|upkeep\n|turn|13\n|\n|t:|1698460875\n|move|p1a: Pajarito|Earthquake|p2a: Roaring Moon\n|-damage|p2a: Roaring Moon|0 fnt\n|faint|p2a: Roaring Moon\n|-end|p2a: Roaring Moon|Protosynthesis|[silent]\n|\n|-ability|p1a: Pajarito|Speed Boost|boost\n|-boost|p1a: Pajarito|spe|1\n|upkeep\n|\n|t:|1698460882\n|switch|p2a: Tyranitar|Tyranitar, F|100\/100\n|-damage|p2a: Tyranitar|88\/100|[from] Spikes\n|-weather|Sandstorm|[from] ability: Sand Stream|[of] p2a: Tyranitar\n|turn|14\n|\n|t:|1698460890\n|move|p1a: Pajarito|Power-Up Punch|p2a: Tyranitar\n|-supereffective|p2a: Tyranitar\n|-damage|p2a: Tyranitar|0 fnt\n|-boost|p1a: Pajarito|atk|1\n|faint|p2a: Tyranitar\n|\n|-weather|Sandstorm|[upkeep]\n|-damage|p1a: Pajarito|34\/100|[from] Sandstorm\n|-ability|p1a: Pajarito|Speed Boost|boost\n|-boost|p1a: Pajarito|spe|1\n|upkeep\n|\n|t:|1698460900\n|switch|p2a: Kingambit|Kingambit, F|100\/100\n|-damage|p2a: Kingambit|88\/100|[from] Spikes\n|-activate|p2a: Kingambit|ability: Supreme Overlord\n|-start|p2a: Kingambit|fallen5|[silent]\n|turn|15\n|\n|t:|1698460915\n|move|p1a: Pajarito|Earthquake|p2a: Kingambit\n|-supereffective|p2a: Kingambit\n|-damage|p2a: Kingambit|6\/100\n|move|p2a: Kingambit|Swords Dance|p2a: Kingambit\n|-boost|p2a: Kingambit|atk|2\n|\n|-weather|Sandstorm|[upkeep]\n|-damage|p1a: Pajarito|28\/100|[from] Sandstorm\n|-ability|p1a: Pajarito|Speed Boost|boost\n|-boost|p1a: Pajarito|spe|1\n|upkeep\n|turn|16\n|\n|t:|1698460926\n|-terastallize|p2a: Kingambit|Dark\n|move|p2a: Kingambit|Sucker Punch|p1a: Pajarito\n|-resisted|p1a: Pajarito\n|-damage|p1a: Pajarito|0 fnt\n|faint|p1a: Pajarito\n|\n|-weather|Sandstorm|[upkeep]\n|-damage|p2a: Kingambit|0 fnt|[from] Sandstorm\n|faint|p2a: Kingambit\n|-end|p2a: Kingambit|fallen5|[silent]\n|\n|win|venga29\n|upkeep\n|l|\u2606venga29\n|l| Luski1987\n|j|\u2606venga29\n|player|p1|venga29|lance\n","uploadtime":1698460976,"views":18,"p1id":"venga29","p2id":"matatias","formatid":"gen9nationaldexubers","rating":0,"private":0,"password":""}