{"id":"gen9nationaldexubers-1992491461","p1":"Quizzle_tip","p2":"bigbingle","format":"[Gen 9] National Dex Ubers","log":"|j|\u2606Quizzle_tip\n|j|\u2606bigbingle\n|t:|1700194346\n|gametype|singles\n|player|p1|Quizzle_tip|n|\n|player|p2|bigbingle|harlequin|\n|teamsize|p1|6\n|teamsize|p2|6\n|gen|9\n|tier|[Gen 9] National Dex Ubers\n|rule|HP Percentage Mod: HP is shown in percentages\n|rule|Endless Battle Clause: Forcing endless battles is banned\n|rule|OHKO Clause: OHKO moves are banned\n|rule|Evasion Moves Clause: Evasion moves are banned\n|rule|Evasion Items Clause: Evasion items are banned\n|rule|Species Clause: Limit one of each Pok\u00e9mon\n|rule|Sleep Clause Mod: Limit one foe put to sleep\n|rule|Mega Rayquaza Clause: You cannot mega evolve Rayquaza\n|clearpoke\n|poke|p1|Dragapult, F|\n|poke|p1|Scolipede, F|\n|poke|p1|Krookodile, M|\n|poke|p1|Raichu-Alola, F|\n|poke|p1|Latios, M|\n|poke|p1|Braviary, M|\n|poke|p2|Dragonite, M|\n|poke|p2|Necrozma-Dusk-Mane|\n|poke|p2|Absol, F|\n|poke|p2|Banette, F|\n|poke|p2|Naganadel|\n|poke|p2|Aegislash, M|\n|teampreview\n|\n|t:|1700194453\n|start\n|switch|p1a: Raichu|Raichu-Alola, F|100\/100\n|switch|p2a: Banette|Banette, F|100\/100\n|turn|1\n|\n|t:|1700194475\n|detailschange|p2a: Banette|Banette-Mega, F\n|-mega|p2a: Banette|Banette|Banettite\n|move|p1a: Raichu|Volt Switch|p2a: Banette\n|-damage|p2a: Banette|45\/100\n|\n|t:|1700194482\n|switch|p1a: Scolipede|Scolipede, F|100\/100|[from] Volt Switch\n|move|p2a: Banette|Shadow Claw|p1a: Scolipede\n|-damage|p1a: Scolipede|29\/100\n|\n|-heal|p1a: Scolipede|35\/100|[from] item: Black Sludge\n|upkeep\n|turn|2\n|\n|t:|1700194505\n|move|p1a: Scolipede|Protect|p1a: Scolipede\n|-singleturn|p1a: Scolipede|Protect\n|move|p2a: Banette|Shadow Claw|p1a: Scolipede\n|-activate|p1a: Scolipede|move: Protect\n|\n|-heal|p1a: Scolipede|41\/100|[from] item: Black Sludge\n|-ability|p1a: Scolipede|Speed Boost|boost\n|-boost|p1a: Scolipede|spe|1\n|upkeep\n|turn|3\n|\n|t:|1700194518\n|move|p2a: Banette|Destiny Bond|p2a: Banette\n|-singlemove|p2a: Banette|Destiny Bond\n|move|p1a: Scolipede|Swords Dance|p1a: Scolipede\n|-boost|p1a: Scolipede|atk|2\n|\n|-heal|p1a: Scolipede|47\/100|[from] item: Black Sludge\n|-ability|p1a: Scolipede|Speed Boost|boost\n|-boost|p1a: Scolipede|spe|1\n|upkeep\n|turn|4\n|\n|t:|1700194530\n|move|p1a: Scolipede|Protect|p1a: Scolipede\n|-singleturn|p1a: Scolipede|Protect\n|move|p2a: Banette|Shadow Claw|p1a: Scolipede\n|-activate|p1a: Scolipede|move: Protect\n|\n|-heal|p1a: Scolipede|53\/100|[from] item: Black Sludge\n|-ability|p1a: Scolipede|Speed Boost|boost\n|-boost|p1a: Scolipede|spe|1\n|upkeep\n|turn|5\n|\n|t:|1700194539\n|move|p1a: Scolipede|Protect||[still]\n|-fail|p1a: Scolipede\n|move|p2a: Banette|Shadow Claw|p1a: Scolipede\n|-crit|p1a: Scolipede\n|-damage|p1a: Scolipede|0 fnt\n|faint|p1a: Scolipede\n|\n|upkeep\n|\n|t:|1700194547\n|switch|p1a: Dragapult|Dragapult, F|100\/100\n|turn|6\n|\n|t:|1700194553\n|move|p1a: Dragapult|Phantom Force||[still]\n|-prepare|p1a: Dragapult|Phantom Force\n|move|p2a: Banette|Shadow Claw|p1a: Dragapult|[miss]\n|-miss|p2a: Banette|p1a: Dragapult\n|\n|upkeep\n|turn|7\n|\n|t:|1700194571\n|move|p2a: Banette|Destiny Bond|p2a: Banette\n|-singlemove|p2a: Banette|Destiny Bond\n|move|p1a: Dragapult|Phantom Force|p2a: Banette|[from]lockedmove\n|-supereffective|p2a: Banette\n|-damage|p2a: Banette|0 fnt\n|faint|p2a: Banette\n|-activate|p2a: Banette|move: Destiny Bond\n|faint|p1a: Dragapult\n|\n|upkeep\n|\n|t:|1700194620\n|switch|p1a: Latios|Latios, M|100\/100\n|switch|p2a: Dragonite|Dragonite, M|100\/100\n|turn|8\n|\n|t:|1700194639\n|detailschange|p1a: Latios|Latios-Mega, M\n|-mega|p1a: Latios|Latios|Latiosite\n|move|p1a: Latios|Thunder Wave|p2a: Dragonite\n|-status|p2a: Dragonite|par\n|move|p2a: Dragonite|Dragon Dance|p2a: Dragonite\n|-boost|p2a: Dragonite|atk|1\n|-boost|p2a: Dragonite|spe|1\n|\n|upkeep\n|turn|9\n|\n|t:|1700194667\n|switch|p1a: Braviary|Braviary, M|100\/100\n|move|p2a: Dragonite|Dragon Dance|p2a: Dragonite\n|-boost|p2a: Dragonite|atk|1\n|-boost|p2a: Dragonite|spe|1\n|\n|upkeep\n|turn|10\n|\n|t:|1700194678\n|cant|p2a: Dragonite|par\n|move|p1a: Braviary|Defog|p2a: Dragonite\n|-unboost|p2a: Dragonite|evasion|1\n|\n|upkeep\n|turn|11\n|\n|t:|1700194686\n|move|p2a: Dragonite|Extreme Speed|p1a: Braviary\n|-damage|p1a: Braviary|24\/100\n|move|p1a: Braviary|Brave Bird|p2a: Dragonite\n|-damage|p2a: Dragonite|68\/100 par\n|-damage|p1a: Braviary|14\/100|[from] Recoil\n|\n|upkeep\n|turn|12\n|\n|t:|1700194696\n|move|p2a: Dragonite|Extreme Speed|p1a: Braviary\n|-damage|p1a: Braviary|0 fnt\n|faint|p1a: Braviary\n|\n|upkeep\n|\n|t:|1700194702\n|switch|p1a: Raichu|Raichu-Alola, F|100\/100\n|turn|13\n|\n|t:|1700194707\n|move|p1a: Raichu|Fake Out|p2a: Dragonite\n|-damage|p2a: Dragonite|59\/100 par\n|cant|p2a: Dragonite|flinch\n|\n|upkeep\n|turn|14\n|\n|t:|1700194715\n|switch|p1a: Krookodile|Krookodile, M|100\/100\n|-ability|p1a: Krookodile|Intimidate|boost\n|-unboost|p2a: Dragonite|atk|1\n|move|p2a: Dragonite|Extreme Speed|p1a: Krookodile\n|-damage|p1a: Krookodile|42\/100\n|\n|upkeep\n|turn|15\n|\n|t:|1700194724\n|move|p2a: Dragonite|Extreme Speed|p1a: Krookodile\n|-damage|p1a: Krookodile|0 fnt\n|faint|p1a: Krookodile\n|\n|upkeep\n|\n|t:|1700194730\n|switch|p1a: Raichu|Raichu-Alola, F|100\/100\n|turn|16\n|\n|t:|1700194732\n|cant|p2a: Dragonite|par\n|move|p1a: Raichu|Volt Switch|p2a: Dragonite\n|-damage|p2a: Dragonite|16\/100 par\n|\n|t:|1700194737\n|switch|p1a: Latios|Latios-Mega, M|100\/100|[from] Volt Switch\n|\n|upkeep\n|turn|17\n|\n|t:|1700194749\n|move|p2a: Dragonite|Extreme Speed|p1a: Latios\n|-damage|p1a: Latios|46\/100\n|move|p1a: Latios|Psychic|p2a: Dragonite\n|-crit|p2a: Dragonite\n|-damage|p2a: Dragonite|0 fnt\n|faint|p2a: Dragonite\n|\n|upkeep\n|\n|t:|1700194764\n|switch|p2a: Aegislash|Aegislash, M|100\/100\n|turn|18\n|\n|t:|1700194769\n|move|p1a: Latios|Thunder Wave|p2a: Aegislash\n|-status|p2a: Aegislash|par\n|move|p2a: Aegislash|Swords Dance|p2a: Aegislash\n|-boost|p2a: Aegislash|atk|2\n|\n|upkeep\n|turn|19\n|\n|t:|1700194786\n|cant|p2a: Aegislash|par\n|move|p1a: Latios|Calm Mind|p1a: Latios\n|-boost|p1a: Latios|spa|1\n|-boost|p1a: Latios|spd|1\n|\n|upkeep\n|turn|20\n|\n|t:|1700194791\n|-formechange|p2a: Aegislash|Aegislash-Blade||[from] ability: Stance Change\n|move|p2a: Aegislash|Shadow Sneak|p1a: Latios\n|-supereffective|p1a: Latios\n|-damage|p1a: Latios|0 fnt\n|faint|p1a: Latios\n|\n|upkeep\n|\n|t:|1700194796\n|switch|p1a: Raichu|Raichu-Alola, F|100\/100\n|turn|21\n|\n|t:|1700194801\n|move|p2a: Aegislash|Shadow Sneak|p1a: Raichu\n|-supereffective|p1a: Raichu\n|-damage|p1a: Raichu|0 fnt\n|faint|p1a: Raichu\n|\n|win|bigbingle\n|l|\u2606Quizzle_tip\n","uploadtime":1700194830,"views":26,"p1id":"quizzletip","p2id":"bigbingle","formatid":"gen9nationaldexubers","rating":0,"private":0,"password":""}