{"id":"gen9nationaldexubers-1995222568","p1":"quitemarrow","p2":"Jagkgkvzj","format":"[Gen 9] National Dex Ubers","log":"|j|\u2606quitemarrow\n|j|\u2606Jagkgkvzj\n|t:|1700536484\n|gametype|singles\n|player|p1|quitemarrow|flint|1053\n|player|p2|Jagkgkvzj|hilbert|1000\n|teamsize|p1|6\n|teamsize|p2|6\n|gen|9\n|tier|[Gen 9] National Dex Ubers\n|rated|\n|rule|HP Percentage Mod: HP is shown in percentages\n|rule|Endless Battle Clause: Forcing endless battles is banned\n|rule|OHKO Clause: OHKO moves are banned\n|rule|Evasion Moves Clause: Evasion moves are banned\n|rule|Evasion Items Clause: Evasion items are banned\n|rule|Species Clause: Limit one of each Pok\u00e9mon\n|rule|Sleep Clause Mod: Limit one foe put to sleep\n|rule|Mega Rayquaza Clause: You cannot mega evolve Rayquaza\n|clearpoke\n|poke|p1|Typhlosion, M|\n|poke|p1|Camerupt, F|\n|poke|p1|Chandelure, F|\n|poke|p1|Coalossal, F|\n|poke|p1|Blaziken, M|\n|poke|p1|Volcarona, F|\n|poke|p2|Steelix, M|\n|poke|p2|Giratina-Origin|\n|poke|p2|Garchomp, M|\n|poke|p2|Cinderace, F|\n|poke|p2|Swampert, M|\n|poke|p2|Regieleki|\n|teampreview\n|inactive|Battle timer is ON: inactive players will automatically lose when time's up. (requested by quitemarrow)\n|\n|t:|1700536511\n|start\n|switch|p1a: Camerupt|Camerupt, F|100\/100\n|switch|p2a: Steelix|Steelix, M|100\/100\n|turn|1\n|\n|t:|1700536518\n|detailschange|p1a: Camerupt|Camerupt-Mega, F\n|-mega|p1a: Camerupt|Camerupt|Cameruptite\n|move|p1a: Camerupt|Flamethrower|p2a: Steelix\n|-supereffective|p2a: Steelix\n|-ability|p2a: Steelix|Sturdy\n|-damage|p2a: Steelix|1\/100\n|move|p2a: Steelix|Stealth Rock|p1a: Camerupt\n|-sidestart|p1: quitemarrow|move: Stealth Rock\n|\n|upkeep\n|turn|2\n|\n|t:|1700536524\n|move|p1a: Camerupt|Flamethrower|p2a: Steelix\n|-supereffective|p2a: Steelix\n|-damage|p2a: Steelix|0 fnt\n|faint|p2a: Steelix\n|\n|upkeep\n|\n|t:|1700536533\n|switch|p2a: Swampert|Swampert, M|100\/100\n|turn|3\n|\n|t:|1700536538\n|detailschange|p2a: Swampert|Swampert-Mega, M\n|-mega|p2a: Swampert|Swampert|Swampertite\n|move|p2a: Swampert|Earthquake|p1a: Camerupt\n|-supereffective|p1a: Camerupt\n|-damage|p1a: Camerupt|0 fnt\n|faint|p1a: Camerupt\n|\n|upkeep\n|\n|t:|1700536543\n|switch|p1a: Coalossal|Coalossal, F|100\/100\n|-damage|p1a: Coalossal|75\/100|[from] Stealth Rock\n|turn|4\n|\n|t:|1700536548\n|move|p2a: Swampert|Earthquake|p1a: Coalossal\n|-supereffective|p1a: Coalossal\n|-damage|p1a: Coalossal|0 fnt\n|faint|p1a: Coalossal\n|\n|upkeep\n|\n|t:|1700536551\n|switch|p1a: Chandelure|Chandelure, F, shiny|100\/100\n|-damage|p1a: Chandelure|76\/100|[from] Stealth Rock\n|turn|5\n|\n|t:|1700536557\n|move|p1a: Chandelure|Energy Ball|p2a: Swampert\n|-supereffective|p2a: Swampert\n|-damage|p2a: Swampert|0 fnt\n|faint|p2a: Swampert\n|\n|-heal|p1a: Chandelure|82\/100|[from] item: Leftovers\n|upkeep\n|\n|t:|1700536561\n|switch|p2a: Garchomp|Garchomp, M|100\/100\n|turn|6\n|\n|t:|1700536565\n|move|p2a: Garchomp|Earthquake|p1a: Chandelure\n|-supereffective|p1a: Chandelure\n|-damage|p1a: Chandelure|0 fnt\n|faint|p1a: Chandelure\n|\n|upkeep\n|\n|t:|1700536568\n|switch|p1a: Blaziken|Blaziken, M|100\/100\n|-damage|p1a: Blaziken|88\/100|[from] Stealth Rock\n|turn|7\n|\n|t:|1700536572\n|move|p2a: Garchomp|Scale Shot|p1a: Blaziken\n|-damage|p1a: Blaziken|65\/100\n|-damage|p1a: Blaziken|42\/100\n|-damage|p1a: Blaziken|19\/100\n|-damage|p1a: Blaziken|0 fnt\n|faint|p1a: Blaziken\n|-hitcount|p1: Blaziken|4\n|-unboost|p2a: Garchomp|def|1\n|-boost|p2a: Garchomp|spe|1\n|\n|upkeep\n|\n|t:|1700536574\n|switch|p1a: Volcarona|Volcarona, F|100\/100\n|-damage|p1a: Volcarona|51\/100|[from] Stealth Rock\n|turn|8\n|\n|t:|1700536579\n|move|p2a: Garchomp|Earthquake|p1a: Volcarona\n|-damage|p1a: Volcarona|0 fnt\n|faint|p1a: Volcarona\n|\n|upkeep\n|\n|t:|1700536581\n|switch|p1a: Typhlosion|Typhlosion, M|100\/100\n|-damage|p1a: Typhlosion|76\/100|[from] Stealth Rock\n|turn|9\n|\n|t:|1700536586\n|move|p2a: Garchomp|Earthquake|p1a: Typhlosion\n|-supereffective|p1a: Typhlosion\n|-damage|p1a: Typhlosion|0 fnt\n|faint|p1a: Typhlosion\n|\n|win|Jagkgkvzj\n|raw|quitemarrow's rating: 1053 &rarr; <strong>1032<\/strong><br \/>(-21 for losing)\n|raw|Jagkgkvzj's rating: 1000 &rarr; <strong>1046<\/strong><br \/>(+46 for winning)\n","uploadtime":1700536589,"views":1,"p1id":"quitemarrow","p2id":"jagkgkvzj","formatid":"gen9nationaldexubers","rating":1032,"private":0,"password":""}