{"id":"gen9nationaldexubers-1985227249","p1":"siummmette","p2":"Obito 2001","format":"[Gen 9] National Dex Ubers","log":"|j|\u2606siummmette\n|j|\u2606Obito 2001\n|t:|1699351945\n|gametype|singles\n|player|p1|siummmette|colress|1606\n|player|p2|Obito 2001|blue-gen3two|1900\n|teamsize|p1|6\n|teamsize|p2|6\n|gen|9\n|tier|[Gen 9] National Dex Ubers\n|rated|\n|rule|HP Percentage Mod: HP is shown in percentages\n|rule|Endless Battle Clause: Forcing endless battles is banned\n|rule|OHKO Clause: OHKO moves are banned\n|rule|Evasion Moves Clause: Evasion moves are banned\n|rule|Evasion Items Clause: Evasion items are banned\n|rule|Species Clause: Limit one of each Pok\u00e9mon\n|rule|Sleep Clause Mod: Limit one foe put to sleep\n|rule|Mega Rayquaza Clause: You cannot mega evolve Rayquaza\n|clearpoke\n|poke|p1|Deoxys-Speed|\n|poke|p1|Xerneas-*|\n|poke|p1|Blaziken, F|\n|poke|p1|Necrozma-Dusk-Mane|\n|poke|p1|Arceus|\n|poke|p1|Kyogre|\n|poke|p2|Arceus-Dark|\n|poke|p2|Dondozo, M|\n|poke|p2|Magearna|\n|poke|p2|Ditto|\n|poke|p2|Zygarde|\n|poke|p2|Necrozma-Dusk-Mane|\n|teampreview\n|inactive|Battle timer is ON: inactive players will automatically lose when time's up. (requested by siummmette)\n|inactive|Obito 2001 also wants the timer to be on.\n|\n|t:|1699351951\n|start\n|switch|p1a: Deoxys|Deoxys-Speed|100\/100\n|switch|p2a: Arceus|Arceus-Dark|100\/100\n|-ability|p1a: Deoxys|Pressure\n|turn|1\n|\n|t:|1699351957\n|move|p1a: Deoxys|Spikes|p2a: Arceus\n|-sidestart|p2: Obito 2001|Spikes\n|move|p2a: Arceus|Taunt|p1a: Deoxys\n|-start|p1a: Deoxys|move: Taunt\n|\n|upkeep\n|turn|2\n|\n|t:|1699351966\n|switch|p1a: Kyogre|Kyogre|100\/100\n|detailschange|p1a: Kyogre|Kyogre-Primal\n|-primal|p1a: Kyogre|Blue Orb\n|-weather|PrimordialSea|[from] ability: Primordial Sea|[of] p1a: Kyogre\n|move|p2a: Arceus|Foul Play|p1a: Kyogre\n|-damage|p1a: Kyogre|58\/100\n|\n|-weather|PrimordialSea|[upkeep]\n|upkeep\n|turn|3\n|\n|t:|1699351978\n|move|p2a: Arceus|Foul Play|p1a: Kyogre\n|-damage|p1a: Kyogre|14\/100\n|move|p1a: Kyogre|Origin Pulse|p2a: Arceus\n|-damage|p2a: Arceus|16\/100\n|\n|-weather|PrimordialSea|[upkeep]\n|upkeep\n|turn|4\n|\n|t:|1699351988\n|move|p2a: Arceus|Foul Play|p1a: Kyogre\n|-damage|p1a: Kyogre|0 fnt\n|faint|p1a: Kyogre\n|-weather|none\n|\n|upkeep\n|\n|t:|1699351994\n|switch|p1a: Deoxys|Deoxys-Speed|100\/100\n|-ability|p1a: Deoxys|Pressure\n|turn|5\n|\n|t:|1699351997\n|move|p1a: Deoxys|Taunt|p2a: Arceus\n|-start|p2a: Arceus|move: Taunt\n|cant|p2a: Arceus|move: Taunt|Recover\n|\n|upkeep\n|turn|6\n|\n|t:|1699352005\n|move|p1a: Deoxys|Stealth Rock|p2a: Arceus\n|-sidestart|p2: Obito 2001|move: Stealth Rock\n|move|p2a: Arceus|Foul Play|p1a: Deoxys\n|-supereffective|p1a: Deoxys\n|-damage|p1a: Deoxys|25\/100\n|\n|upkeep\n|turn|7\n|\n|t:|1699352010\n|move|p1a: Deoxys|Spikes|p2a: Arceus\n|-sidestart|p2: Obito 2001|Spikes\n|move|p2a: Arceus|Foul Play|p1a: Deoxys\n|-supereffective|p1a: Deoxys\n|-damage|p1a: Deoxys|0 fnt\n|faint|p1a: Deoxys\n|\n|-end|p2a: Arceus|move: Taunt\n|upkeep\n|\n|t:|1699352016\n|switch|p1a: Xerneas|Xerneas|100\/100\n|-ability|p1a: Xerneas|Fairy Aura\n|turn|8\n|\n|t:|1699352021\n|move|p2a: Arceus|Toxic|p1a: Xerneas\n|-status|p1a: Xerneas|tox\n|move|p1a: Xerneas|Substitute|p1a: Xerneas\n|-start|p1a: Xerneas|Substitute\n|-damage|p1a: Xerneas|76\/100 tox\n|\n|-damage|p1a: Xerneas|70\/100 tox|[from] psn\n|upkeep\n|turn|9\n|\n|t:|1699352026\n|move|p2a: Arceus|Recover|p2a: Arceus\n|-heal|p2a: Arceus|66\/100\n|move|p1a: Xerneas|Moonblast|p2a: Arceus\n|-supereffective|p2a: Arceus\n|-damage|p2a: Arceus|0 fnt\n|faint|p2a: Arceus\n|\n|-damage|p1a: Xerneas|57\/100 tox|[from] psn\n|upkeep\n|\n|t:|1699352032\n|switch|p2a: Necrozma|Necrozma-Dusk-Mane|100\/100\n|-damage|p2a: Necrozma|84\/100|[from] Spikes\n|-damage|p2a: Necrozma|78\/100|[from] Stealth Rock\n|turn|10\n|\n|t:|1699352035\n|move|p1a: Xerneas|Thunderbolt|p2a: Necrozma\n|-damage|p2a: Necrozma|50\/100\n|move|p2a: Necrozma|Stealth Rock|p1a: Xerneas\n|-sidestart|p1: siummmette|move: Stealth Rock\n|\n|-damage|p1a: Xerneas|39\/100 tox|[from] psn\n|upkeep\n|turn|11\n|\n|t:|1699352044\n|move|p1a: Xerneas|Thunderbolt|p2a: Necrozma\n|-damage|p2a: Necrozma|22\/100\n|move|p2a: Necrozma|Photon Geyser|p1a: Xerneas\n|-end|p1a: Xerneas|Substitute\n|\n|-damage|p1a: Xerneas|15\/100 tox|[from] psn\n|upkeep\n|turn|12\n|\n|t:|1699352049\n|detailschange|p2a: Necrozma|Necrozma-Ultra\n|-burst|p2a: Necrozma|Necrozma|Ultranecrozium Z\n|move|p2a: Necrozma|Photon Geyser|p1a: Xerneas\n|-crit|p1a: Xerneas\n|-damage|p1a: Xerneas|0 fnt\n|faint|p1a: Xerneas\n|\n|upkeep\n|\n|t:|1699352054\n|switch|p1a: Arceus|Arceus|100\/100\n|-damage|p1a: Arceus|88\/100|[from] Stealth Rock\n|turn|13\n|\n|t:|1699352059\n|-zpower|p2a: Necrozma\n|move|p2a: Necrozma|Light That Burns the Sky|p1a: Arceus|[zeffect]\n|-damage|p1a: Arceus|0 fnt\n|faint|p1a: Arceus\n|\n|upkeep\n|\n|t:|1699352068\n|switch|p1a: Necrozma|Necrozma-Dusk-Mane|100\/100\n|-damage|p1a: Necrozma|94\/100|[from] Stealth Rock\n|turn|14\n|\n|t:|1699352070\n|move|p2a: Necrozma|Earth Power|p1a: Necrozma\n|-supereffective|p1a: Necrozma\n|-damage|p1a: Necrozma|41\/100\n|-enditem|p1a: Necrozma|Weakness Policy\n|-boost|p1a: Necrozma|atk|2|[from] item: Weakness Policy\n|-boost|p1a: Necrozma|spa|2|[from] item: Weakness Policy\n|move|p1a: Necrozma|Trick Room|p1a: Necrozma\n|-fieldstart|move: Trick Room|[of] p1a: Necrozma\n|\n|upkeep\n|turn|15\n|\n|t:|1699352081\n|move|p1a: Necrozma|Sunsteel Strike|p2a: Necrozma\n|-crit|p2a: Necrozma\n|-damage|p2a: Necrozma|0 fnt\n|faint|p2a: Necrozma\n|\n|upkeep\n|\n|t:|1699352084\n|switch|p2a: Ditto|Ditto, shiny|100\/100\n|-damage|p2a: Ditto|84\/100|[from] Spikes\n|-damage|p2a: Ditto|71\/100|[from] Stealth Rock\n|-transform|p2a: Ditto|p1a: Necrozma|[from] ability: Imposter\n|turn|16\n|\n|t:|1699352094\n|switch|p2a: Dondozo|Dondozo, M|100\/100\n|-damage|p2a: Dondozo|84\/100|[from] Spikes\n|-damage|p2a: Dondozo|71\/100|[from] Stealth Rock\n|move|p1a: Necrozma|Earthquake|p2a: Dondozo\n|-damage|p2a: Dondozo|53\/100\n|\n|-heal|p2a: Dondozo|59\/100|[from] item: Leftovers\n|upkeep\n|turn|17\n|\n|t:|1699352101\n|move|p2a: Dondozo|Body Press|p1a: Necrozma\n|-damage|p1a: Necrozma|20\/100\n|move|p1a: Necrozma|Photon Geyser|p2a: Dondozo\n|-damage|p2a: Dondozo|4\/100\n|\n|-heal|p2a: Dondozo|10\/100|[from] item: Leftovers\n|upkeep\n|turn|18\n|\n|t:|1699352111\n|move|p2a: Dondozo|Body Press|p1a: Necrozma\n|-damage|p1a: Necrozma|0 fnt\n|faint|p1a: Necrozma\n|\n|-heal|p2a: Dondozo|16\/100|[from] item: Leftovers\n|-fieldend|move: Trick Room\n|upkeep\n|\n|t:|1699352118\n|switch|p1a: Blaziken|Blaziken, F|100\/100\n|-damage|p1a: Blaziken|88\/100|[from] Stealth Rock\n|turn|19\n|\n|t:|1699352120\n|move|p1a: Blaziken|Knock Off|p2a: Dondozo\n|-damage|p2a: Dondozo|1\/100\n|-enditem|p2a: Dondozo|Leftovers|[from] move: Knock Off|[of] p1a: Blaziken\n|move|p2a: Dondozo|Liquidation|p1a: Blaziken\n|-supereffective|p1a: Blaziken\n|-damage|p1a: Blaziken|5\/100\n|\n|-ability|p1a: Blaziken|Speed Boost|boost\n|-boost|p1a: Blaziken|spe|1\n|upkeep\n|turn|20\n|\n|t:|1699352130\n|move|p1a: Blaziken|Knock Off|p2a: Dondozo\n|-damage|p2a: Dondozo|0 fnt\n|faint|p2a: Dondozo\n|\n|-ability|p1a: Blaziken|Speed Boost|boost\n|-boost|p1a: Blaziken|spe|1\n|upkeep\n|\n|t:|1699352137\n|switch|p2a: Ditto|Ditto, shiny|71\/100\n|-damage|p2a: Ditto|55\/100|[from] Spikes\n|-damage|p2a: Ditto|42\/100|[from] Stealth Rock\n|-transform|p2a: Ditto|p1a: Blaziken|[from] ability: Imposter\n|turn|21\n|\n|t:|1699352152\n|detailschange|p1a: Blaziken|Blaziken-Mega, F\n|-mega|p1a: Blaziken|Blaziken|Blazikenite\n|move|p2a: Ditto|Flare Blitz|p1a: Blaziken\n|-resisted|p1a: Blaziken\n|-damage|p1a: Blaziken|0 fnt\n|faint|p1a: Blaziken\n|-damage|p2a: Ditto|41\/100|[from] Recoil\n|\n|win|Obito 2001\n|raw|siummmette's rating: 1606 &rarr; <strong>1600<\/strong><br \/>(-6 for losing)\n|raw|Obito 2001's rating: 1900 &rarr; <strong>1906<\/strong><br \/>(+6 for winning)\n|l|\u2606siummmette\n|l|\u2606Obito 2001\n","uploadtime":1699352183,"views":15,"p1id":"siummmette","p2id":"obito2001","formatid":"gen9nationaldexubers","rating":1600,"private":0,"password":""}