{"id":"gen9nationaldexubers-1979352100","p1":"Tarizzler","p2":"EvilQueen438","format":"[Gen 9] National Dex Ubers","log":"|j|\u2606Tarizzler\n|j|\u2606EvilQueen438\n|t:|1698674283\n|gametype|singles\n|player|p1|Tarizzler|cheren|1194\n|player|p2|EvilQueen438|silver|1091\n|teamsize|p1|6\n|teamsize|p2|6\n|gen|9\n|tier|[Gen 9] National Dex Ubers\n|rated|\n|rule|HP Percentage Mod: HP is shown in percentages\n|rule|Endless Battle Clause: Forcing endless battles is banned\n|rule|OHKO Clause: OHKO moves are banned\n|rule|Evasion Moves Clause: Evasion moves are banned\n|rule|Evasion Items Clause: Evasion items are banned\n|rule|Species Clause: Limit one of each Pok\u00e9mon\n|rule|Sleep Clause Mod: Limit one foe put to sleep\n|rule|Mega Rayquaza Clause: You cannot mega evolve Rayquaza\n|clearpoke\n|poke|p1|Tyrantrum, M|\n|poke|p1|Armarouge, F|\n|poke|p1|Glalie, F|\n|poke|p1|Urshifu-*, M|\n|poke|p1|Kartana|\n|poke|p1|Thundurus, M|\n|poke|p2|Maushold-Four|\n|poke|p2|Mimikyu, F|\n|poke|p2|Dachsbun, M|\n|poke|p2|Landorus, M|\n|poke|p2|Tyranitar, F|\n|poke|p2|Tropius, M|\n|teampreview\n|c|\u2606EvilQueen438|gl\n|inactive|Battle timer is ON: inactive players will automatically lose when time's up. (requested by Tarizzler)\n|\n|t:|1698674297\n|start\n|switch|p1a: Thundurus|Thundurus, M|100\/100\n|switch|p2a: Mau|Maushold-Four|100\/100\n|turn|1\n|\n|t:|1698674305\n|move|p1a: Thundurus|Thunder Wave|p2a: Mau\n|-status|p2a: Mau|par\n|move|p2a: Mau|Population Bomb|p1a: Thundurus\n|-damage|p1a: Thundurus|88\/100\n|-damage|p1a: Thundurus|74\/100\n|-hitcount|p1a: Thundurus|2\n|\n|upkeep\n|turn|2\n|-activate|p1a: Thundurus|item: Quick Claw\n|\n|t:|1698674316\n|move|p1a: Thundurus|Nasty Plot|p1a: Thundurus\n|-boost|p1a: Thundurus|spa|2\n|cant|p2a: Mau|par\n|\n|upkeep\n|turn|3\n|\n|t:|1698674322\n|move|p1a: Thundurus|Nasty Plot|p1a: Thundurus\n|-boost|p1a: Thundurus|spa|2\n|move|p2a: Mau|Population Bomb|p1a: Thundurus\n|-damage|p1a: Thundurus|60\/100\n|-damage|p1a: Thundurus|48\/100\n|-hitcount|p1a: Thundurus|2\n|\n|upkeep\n|turn|4\n|\n|t:|1698674330\n|move|p1a: Thundurus|Thunder|p2a: Mau|[miss]\n|-miss|p1a: Thundurus|p2a: Mau\n|move|p2a: Mau|Crunch|p1a: Thundurus\n|-damage|p1a: Thundurus|24\/100\n|\n|upkeep\n|turn|5\n|\n|t:|1698674336\n|move|p2a: Mau|Protect|p2a: Mau\n|-singleturn|p2a: Mau|Protect\n|move|p1a: Thundurus|Thunder|p2a: Mau\n|-activate|p2a: Mau|move: Protect\n|\n|upkeep\n|turn|6\n|\n|t:|1698674341\n|move|p1a: Thundurus|Thunder|p2a: Mau\n|-damage|p2a: Mau|0 fnt\n|faint|p2a: Mau\n|\n|upkeep\n|\n|t:|1698674350\n|switch|p2a: Landorus|Landorus, M|100\/100\n|turn|7\n|\n|t:|1698674365\n|move|p1a: Thundurus|Protect|p1a: Thundurus\n|-singleturn|p1a: Thundurus|Protect\n|move|p2a: Landorus|Earth Power|p1a: Thundurus\n|-activate|p1a: Thundurus|move: Protect\n|\n|upkeep\n|turn|8\n|\n|t:|1698674380\n|move|p1a: Thundurus|Thunder Wave|p2a: Landorus\n|-immune|p2a: Landorus\n|move|p2a: Landorus|Earth Power|p1a: Thundurus\n|-immune|p1a: Thundurus\n|\n|upkeep\n|turn|9\n|\n|t:|1698674387\n|move|p2a: Landorus|Knock Off|p1a: Thundurus\n|-damage|p1a: Thundurus|0 fnt\n|-enditem|p1a: Thundurus|Quick Claw|[from] move: Knock Off|[of] p2a: Landorus\n|faint|p1a: Thundurus\n|\n|upkeep\n|\n|t:|1698674395\n|switch|p1a: Glalie|Glalie, F|100\/100\n|turn|10\n|\n|t:|1698674422\n|switch|p2a: Tyranitar|Tyranitar, F|100\/100\n|-weather|Sandstorm|[from] ability: Sand Stream|[of] p2a: Tyranitar\n|detailschange|p1a: Glalie|Glalie-Mega, F\n|-mega|p1a: Glalie|Glalie|Glalitite\n|move|p1a: Glalie|Facade|p2a: Tyranitar\n|-damage|p2a: Tyranitar|67\/100\n|\n|-weather|Sandstorm|[upkeep]\n|-damage|p1a: Glalie|95\/100|[from] Sandstorm\n|-heal|p2a: Tyranitar|73\/100|[from] item: Leftovers\n|upkeep\n|turn|11\n|inactive|EvilQueen438 has 120 seconds left.\n|inactive|Tarizzler has 120 seconds left.\n|\n|t:|1698674447\n|move|p1a: Glalie|Earthquake|p2a: Tyranitar\n|-supereffective|p2a: Tyranitar\n|-crit|p2a: Tyranitar\n|-damage|p2a: Tyranitar|0 fnt\n|faint|p2a: Tyranitar\n|\n|-weather|Sandstorm|[upkeep]\n|-damage|p1a: Glalie|89\/100|[from] Sandstorm\n|upkeep\n|\n|t:|1698674456\n|switch|p2a: Mim|Mimikyu, F|100\/100\n|turn|12\n|inactive|Tarizzler has 120 seconds left.\n|\n|t:|1698674467\n|move|p1a: Glalie|Ice Shard|p2a: Mim\n|-activate|p2a: Mim|ability: Disguise\n|-damage|p2a: Mim|100\/100\n|detailschange|p2a: Mim|Mimikyu-Busted, F\n|-damage|p2a: Mim|88\/100|[from] pokemon: Mimikyu-Busted\n|-zpower|p2a: Mim\n|move|p2a: Mim|Z-Splash|p2a: Mim|[anim]Splash\n|-boost|p2a: Mim|atk|3|[zeffect]\n|-nothing\n|\n|-weather|Sandstorm|[upkeep]\n|-damage|p2a: Mim|82\/100|[from] Sandstorm\n|-damage|p1a: Glalie|83\/100|[from] Sandstorm\n|upkeep\n|turn|13\n|inactive|Tarizzler has 120 seconds left.\n|\n|t:|1698674479\n|move|p2a: Mim|Play Rough|p1a: Glalie\n|-damage|p1a: Glalie|0 fnt\n|faint|p1a: Glalie\n|\n|-weather|Sandstorm|[upkeep]\n|-damage|p2a: Mim|76\/100|[from] Sandstorm\n|upkeep\n|inactive|Tarizzler has 120 seconds left.\n|\n|t:|1698674485\n|switch|p1a: Armarouge|Armarouge, F|100\/100\n|turn|14\n|\n|t:|1698674491\n|move|p2a: Mim|Shadow Sneak|p1a: Armarouge\n|-supereffective|p1a: Armarouge\n|-damage|p1a: Armarouge|20\/100\n|-ability|p1a: Armarouge|Weak Armor|boost\n|-unboost|p1a: Armarouge|def|1\n|-boost|p1a: Armarouge|spe|2\n|move|p1a: Armarouge|Armor Cannon|p2a: Mim\n|-damage|p2a: Mim|0 fnt\n|-unboost|p1a: Armarouge|def|1\n|-unboost|p1a: Armarouge|spd|1\n|faint|p2a: Mim\n|\n|-weather|none\n|upkeep\n|\n|t:|1698674502\n|switch|p2a: Dach|Dachsbun, M|100\/100\n|turn|15\n|\n|t:|1698674510\n|move|p1a: Armarouge|Psychic|p2a: Dach\n|-damage|p2a: Dach|13\/100\n|move|p2a: Dach|Crunch|p1a: Armarouge\n|-supereffective|p1a: Armarouge\n|-damage|p1a: Armarouge|0 fnt\n|faint|p1a: Armarouge\n|\n|-heal|p2a: Dach|19\/100|[from] item: Leftovers\n|upkeep\n|\n|t:|1698674518\n|switch|p1a: Kartana|Kartana|100\/100\n|turn|16\n|\n|t:|1698674521\n|move|p1a: Kartana|Smart Strike|p2a: Dach\n|-supereffective|p2a: Dach\n|-damage|p2a: Dach|0 fnt\n|faint|p2a: Dach\n|-ability|p1a: Kartana|Beast Boost|boost\n|-boost|p1a: Kartana|atk|1\n|\n|upkeep\n|\n|t:|1698674531\n|switch|p2a: Trop|Tropius, M|100\/100\n|turn|17\n|\n|t:|1698674536\n|move|p1a: Kartana|Swords Dance|p1a: Kartana\n|-boost|p1a: Kartana|atk|2\n|move|p2a: Trop|Substitute|p2a: Trop\n|-start|p2a: Trop|Substitute\n|-damage|p2a: Trop|75\/100\n|\n|upkeep\n|turn|18\n|c|\u2606EvilQueen438|dududu\n|\n|t:|1698674543\n|move|p1a: Kartana|Smart Strike|p2a: Trop\n|-end|p2a: Trop|Substitute\n|move|p2a: Trop|Leech Seed|p1a: Kartana\n|-immune|p1a: Kartana\n|\n|upkeep\n|turn|19\n|\n|t:|1698674549\n|move|p2a: Trop|Protect|p2a: Trop\n|-singleturn|p2a: Trop|Protect\n|move|p1a: Kartana|Smart Strike|p2a: Trop\n|-activate|p2a: Trop|move: Protect\n|\n|upkeep\n|turn|20\n|\n|t:|1698674555\n|move|p1a: Kartana|Smart Strike|p2a: Trop\n|-damage|p2a: Trop|0 fnt\n|faint|p2a: Trop\n|-ability|p1a: Kartana|Beast Boost|boost\n|-boost|p1a: Kartana|atk|1\n|\n|upkeep\n|\n|t:|1698674561\n|switch|p2a: Landorus|Landorus, M|100\/100\n|turn|21\n|\n|t:|1698674564\n|move|p1a: Kartana|Leaf Blade|p2a: Landorus\n|-damage|p2a: Landorus|0 fnt\n|faint|p2a: Landorus\n|\n|win|Tarizzler\n|raw|Tarizzler's rating: 1194 &rarr; <strong>1212<\/strong><br \/>(+18 for winning)\n|raw|EvilQueen438's rating: 1091 &rarr; <strong>1074<\/strong><br \/>(-17 for losing)\n|l|\u2606EvilQueen438\n","uploadtime":1698674571,"views":11,"p1id":"tarizzler","p2id":"evilqueen438","formatid":"gen9nationaldexubers","rating":1074,"private":0,"password":""}