{"id":"gen9nationaldexubers-1995637640","p1":"Rodan123","p2":"spitezone \u269d\u5f61","format":"[Gen 9] National Dex Ubers","log":"|j|\u2606Rodan123\n|j|\u2606spitezone \u269d\u5f61\n|t:|1700589677\n|gametype|singles\n|player|p1|Rodan123|fisherman-gen4|1125\n|player|p2|spitezone \u269d\u5f61|psychic-gen2|1137\n|teamsize|p1|6\n|teamsize|p2|6\n|gen|9\n|tier|[Gen 9] National Dex Ubers\n|rated|\n|rule|HP Percentage Mod: HP is shown in percentages\n|rule|Endless Battle Clause: Forcing endless battles is banned\n|rule|OHKO Clause: OHKO moves are banned\n|rule|Evasion Moves Clause: Evasion moves are banned\n|rule|Evasion Items Clause: Evasion items are banned\n|rule|Species Clause: Limit one of each Pok\u00e9mon\n|rule|Sleep Clause Mod: Limit one foe put to sleep\n|rule|Mega Rayquaza Clause: You cannot mega evolve Rayquaza\n|clearpoke\n|poke|p1|Deoxys-Attack|\n|poke|p1|Kyogre|\n|poke|p1|Crobat, M|\n|poke|p1|Lunala|\n|poke|p1|Salazzle, F|\n|poke|p1|Charizard, F|\n|poke|p2|Chansey, F|\n|poke|p2|Dondozo, F|\n|poke|p2|Ho-Oh|\n|poke|p2|Alomomola, M|\n|poke|p2|Dusclops, M|\n|poke|p2|Bisharp, M|\n|teampreview\n|inactive|Battle timer is ON: inactive players will automatically lose when time's up. (requested by spitezone \u269d\u5f61)\n|\n|t:|1700589683\n|start\n|switch|p1a: Salazzle|Salazzle, F|100\/100\n|switch|p2a: Hot Head Bop|Ho-Oh|100\/100\n|turn|1\n|\n|t:|1700589696\n|switch|p2a: that aint falco|Dusclops, M|100\/100\n|-ability|p2a: that aint falco|Pressure\n|move|p1a: Salazzle|Toxic|p2a: that aint falco\n|-status|p2a: that aint falco|tox\n|\n|-damage|p2a: that aint falco|95\/100 tox|[from] psn\n|upkeep\n|turn|2\n|\n|t:|1700589700\n|move|p1a: Salazzle|Fire Blast|p2a: that aint falco\n|-damage|p2a: that aint falco|67\/100 tox\n|move|p2a: that aint falco|Mean Look|p1a: Salazzle\n|-activate|p1a: Salazzle|trapped\n|\n|-damage|p2a: that aint falco|55\/100 tox|[from] psn\n|upkeep\n|turn|3\n|\n|t:|1700589710\n|move|p1a: Salazzle|Fire Blast|p2a: that aint falco|[miss]\n|-miss|p1a: Salazzle|p2a: that aint falco\n|move|p2a: that aint falco|Spite|p1a: Salazzle\n|-activate|p1a: Salazzle|move: Spite|Fire Blast|4\n|\n|-damage|p2a: that aint falco|37\/100 tox|[from] psn\n|upkeep\n|turn|4\n|\n|t:|1700589722\n|move|p1a: Salazzle|Sludge Wave|p2a: that aint falco\n|-resisted|p2a: that aint falco\n|-damage|p2a: that aint falco|25\/100 tox\n|move|p2a: that aint falco|Rest|p2a: that aint falco\n|-status|p2a: that aint falco|slp|[from] move: Rest\n|-heal|p2a: that aint falco|100\/100 slp|[silent]\n|\n|upkeep\n|turn|5\n|\n|t:|1700589734\n|move|p1a: Salazzle|Dragon Pulse|p2a: that aint falco\n|-crit|p2a: that aint falco\n|-damage|p2a: that aint falco|78\/100 slp\n|cant|p2a: that aint falco|slp\n|\n|upkeep\n|turn|6\n|\n|t:|1700589736\n|move|p1a: Salazzle|Sludge Wave|p2a: that aint falco\n|-resisted|p2a: that aint falco\n|-damage|p2a: that aint falco|67\/100 slp\n|cant|p2a: that aint falco|slp\n|\n|upkeep\n|turn|7\n|\n|t:|1700589740\n|move|p1a: Salazzle|Toxic||[still]\n|-fail|p1a: Salazzle\n|-curestatus|p2a: that aint falco|slp|[msg]\n|move|p2a: that aint falco|Spite|p1a: Salazzle\n|-activate|p1a: Salazzle|move: Spite|Toxic|4\n|\n|upkeep\n|turn|8\n|\n|t:|1700589743\n|move|p1a: Salazzle|Toxic|p2a: that aint falco\n|-status|p2a: that aint falco|tox\n|move|p2a: that aint falco|Spite|p1a: Salazzle\n|-activate|p1a: Salazzle|move: Spite|Toxic|4\n|\n|-damage|p2a: that aint falco|61\/100 tox|[from] psn\n|upkeep\n|turn|9\n|\n|t:|1700589752\n|move|p1a: Salazzle|Dragon Pulse|p2a: that aint falco\n|-damage|p2a: that aint falco|47\/100 tox\n|move|p2a: that aint falco|Rest|p2a: that aint falco\n|-status|p2a: that aint falco|slp|[from] move: Rest\n|-heal|p2a: that aint falco|100\/100 slp|[silent]\n|\n|upkeep\n|turn|10\n|\n|t:|1700589763\n|move|p1a: Salazzle|Sludge Wave|p2a: that aint falco\n|-resisted|p2a: that aint falco\n|-damage|p2a: that aint falco|88\/100 slp\n|cant|p2a: that aint falco|slp\n|\n|upkeep\n|turn|11\n|\n|t:|1700589770\n|move|p1a: Salazzle|Sludge Wave|p2a: that aint falco\n|-resisted|p2a: that aint falco\n|-damage|p2a: that aint falco|75\/100 slp\n|cant|p2a: that aint falco|slp\n|\n|upkeep\n|turn|12\n|\n|t:|1700589777\n|move|p1a: Salazzle|Sludge Wave|p2a: that aint falco\n|-resisted|p2a: that aint falco\n|-damage|p2a: that aint falco|63\/100 slp\n|-curestatus|p2a: that aint falco|slp|[msg]\n|move|p2a: that aint falco|Haze|p2a: that aint falco\n|-clearallboost\n|\n|upkeep\n|turn|13\n|\n|t:|1700589788\n|move|p1a: Salazzle|Toxic|p2a: that aint falco\n|-status|p2a: that aint falco|tox\n|move|p2a: that aint falco|Rest|p2a: that aint falco\n|-status|p2a: that aint falco|slp|[from] move: Rest\n|-heal|p2a: that aint falco|100\/100 slp|[silent]\n|\n|upkeep\n|turn|14\n|\n|t:|1700589794\n|move|p1a: Salazzle|Dragon Pulse|p2a: that aint falco\n|-damage|p2a: that aint falco|87\/100 slp\n|cant|p2a: that aint falco|slp\n|\n|upkeep\n|turn|15\n|\n|t:|1700589798\n|move|p1a: Salazzle|Sludge Wave|p2a: that aint falco\n|-resisted|p2a: that aint falco\n|-damage|p2a: that aint falco|75\/100 slp\n|cant|p2a: that aint falco|slp\n|\n|upkeep\n|turn|16\n|\n|t:|1700589801\n|move|p1a: Salazzle|Sludge Wave|p2a: that aint falco\n|-resisted|p2a: that aint falco\n|-damage|p2a: that aint falco|64\/100 slp\n|-curestatus|p2a: that aint falco|slp|[msg]\n|move|p2a: that aint falco|Spite|p1a: Salazzle\n|-activate|p1a: Salazzle|move: Spite|Sludge Wave|2\n|\n|upkeep\n|turn|17\n|\n|t:|1700589804\n|move|p1a: Salazzle|Dragon Pulse|p2a: that aint falco\n|-damage|p2a: that aint falco|49\/100\n|move|p2a: that aint falco|Spite|p1a: Salazzle\n|-activate|p1a: Salazzle|move: Spite|Dragon Pulse|4\n|\n|upkeep\n|turn|18\n|\n|t:|1700589809\n|move|p1a: Salazzle|Dragon Pulse|p2a: that aint falco\n|-damage|p2a: that aint falco|35\/100\n|move|p2a: that aint falco|Rest|p2a: that aint falco\n|-status|p2a: that aint falco|slp|[from] move: Rest\n|-heal|p2a: that aint falco|100\/100 slp|[silent]\n|\n|upkeep\n|turn|19\n|\n|t:|1700589814\n|switch|p2a: Floating Trees|Chansey, F|100\/100\n|move|p1a: Salazzle|Dragon Pulse|p2a: Floating Trees\n|-damage|p2a: Floating Trees|93\/100\n|\n|upkeep\n|turn|20\n|\n|t:|1700589819\n|move|p1a: Salazzle|Dragon Pulse|p2a: Floating Trees\n|-damage|p2a: Floating Trees|84\/100\n|move|p2a: Floating Trees|Heal Bell|p2a: Floating Trees\n|-activate|p2a: Floating Trees|move: Heal Bell\n|-curestatus|p2: that aint falco|slp|[msg]\n|\n|upkeep\n|turn|21\n|\n|t:|1700589826\n|-activate|p1a: Salazzle|move: Struggle\n|move|p1a: Salazzle|Struggle|p2a: Floating Trees\n|-damage|p2a: Floating Trees|80\/100\n|-damage|p1a: Salazzle|75\/100|[from] recoil\n|move|p2a: Floating Trees|Seismic Toss|p1a: Salazzle\n|-damage|p1a: Salazzle|39\/100\n|\n|upkeep\n|turn|22\n|\n|t:|1700589831\n|-activate|p1a: Salazzle|move: Struggle\n|move|p1a: Salazzle|Struggle|p2a: Floating Trees\n|-damage|p2a: Floating Trees|77\/100\n|-damage|p1a: Salazzle|14\/100|[from] recoil\n|move|p2a: Floating Trees|Wish|p2a: Floating Trees\n|\n|upkeep\n|turn|23\n|\n|t:|1700589838\n|-activate|p1a: Salazzle|move: Struggle\n|move|p1a: Salazzle|Struggle|p2a: Floating Trees\n|-damage|p2a: Floating Trees|73\/100\n|-damage|p1a: Salazzle|0 fnt|[from] recoil\n|faint|p1a: Salazzle\n|move|p2a: Floating Trees|Seismic Toss|p1: Salazzle|[notarget]\n|-fail|p2a: Floating Trees\n|\n|-heal|p2a: Floating Trees|100\/100|[from] move: Wish|[wisher] Floating Trees\n|upkeep\n|\n|t:|1700589849\n|switch|p1a: Crobat|Crobat, M|100\/100\n|turn|24\n|\n|t:|1700589856\n|switch|p2a: damn son|Bisharp, M, shiny|100\/100\n|-ability|p2a: damn son|Pressure\n|move|p1a: Crobat|Poison Fang|p2a: damn son\n|-immune|p2a: damn son\n|\n|upkeep\n|turn|25\n|\n|t:|1700589863\n|move|p1a: Crobat|Super Fang|p2a: damn son\n|-damage|p2a: damn son|50\/100\n|move|p2a: damn son|Mean Look|p1a: Crobat\n|-activate|p1a: Crobat|trapped\n|\n|upkeep\n|turn|26\n|\n|t:|1700589872\n|move|p1a: Crobat|Defog|p2a: damn son\n|-unboost|p2a: damn son|evasion|1\n|move|p2a: damn son|Iron Defense|p2a: damn son\n|-boost|p2a: damn son|def|2\n|\n|upkeep\n|turn|27\n|\n|t:|1700589875\n|move|p1a: Crobat|Super Fang|p2a: damn son\n|-damage|p2a: damn son|26\/100\n|move|p2a: damn son|Iron Defense|p2a: damn son\n|-boost|p2a: damn son|def|2\n|\n|upkeep\n|turn|28\n|\n|t:|1700589878\n|move|p1a: Crobat|Tailwind|p1a: Crobat\n|-sidestart|p1: Rodan123|move: Tailwind\n|move|p2a: damn son|Iron Defense|p2a: damn son\n|-boost|p2a: damn son|def|2\n|\n|upkeep\n|turn|29\n|\n|t:|1700589883\n|move|p1a: Crobat|Super Fang|p2a: damn son\n|-damage|p2a: damn son|13\/100\n|move|p2a: damn son|Spite|p1a: Crobat\n|-activate|p1a: Crobat|move: Spite|Super Fang|4\n|\n|upkeep\n|turn|30\n|\n|t:|1700589888\n|move|p1a: Crobat|Defog|p2a: damn son\n|-unboost|p2a: damn son|evasion|1\n|move|p2a: damn son|Spite|p1a: Crobat\n|-activate|p1a: Crobat|move: Spite|Defog|4\n|\n|upkeep\n|turn|31\n|\n|t:|1700589893\n|move|p1a: Crobat|Defog|p2a: damn son\n|-unboost|p2a: damn son|evasion|1\n|move|p2a: damn son|Spite|p1a: Crobat\n|-activate|p1a: Crobat|move: Spite|Defog|4\n|\n|-sideend|p1: Rodan123|move: Tailwind\n|upkeep\n|turn|32\n|\n|t:|1700589896\n|move|p1a: Crobat|Tailwind|p1a: Crobat\n|-sidestart|p1: Rodan123|move: Tailwind\n|move|p2a: damn son|Spite|p1a: Crobat\n|-activate|p1a: Crobat|move: Spite|Tailwind|4\n|\n|upkeep\n|turn|33\n|\n|t:|1700589904\n|move|p1a: Crobat|Super Fang|p2a: damn son\n|-damage|p2a: damn son|7\/100\n|move|p2a: damn son|Spite|p1a: Crobat\n|-activate|p1a: Crobat|move: Spite|Super Fang|4\n|\n|upkeep\n|turn|34\n|\n|t:|1700589910\n|move|p1a: Crobat|Defog|p2a: damn son\n|-unboost|p2a: damn son|evasion|1\n|move|p2a: damn son|Rest|p2a: damn son\n|-status|p2a: damn son|slp|[from] move: Rest\n|-heal|p2a: damn son|100\/100 slp|[silent]\n|\n|upkeep\n|turn|35\n|\n|t:|1700589915\n|move|p1a: Crobat|Tailwind||[still]\n|-fail|p1a: Crobat\n|cant|p2a: damn son|slp\n|\n|-sideend|p1: Rodan123|move: Tailwind\n|upkeep\n|turn|36\n|\n|t:|1700589919\n|move|p1a: Crobat|Tailwind|p1a: Crobat\n|-sidestart|p1: Rodan123|move: Tailwind\n|cant|p2a: damn son|slp\n|\n|upkeep\n|turn|37\n|\n|t:|1700589926\n|move|p1a: Crobat|Defog|p2a: damn son\n|-unboost|p2a: damn son|evasion|1\n|-curestatus|p2a: damn son|slp|[msg]\n|move|p2a: damn son|Iron Defense|p2a: damn son\n|-boost|p2a: damn son|def|0\n|\n|upkeep\n|turn|38\n|\n|t:|1700589933\n|move|p1a: Crobat|Defog|p2a: damn son\n|-unboost|p2a: damn son|evasion|1\n|move|p2a: damn son|Spite|p1a: Crobat\n|-activate|p1a: Crobat|move: Spite|Defog|4\n|\n|upkeep\n|turn|39\n|\n|t:|1700589940\n|move|p1a: Crobat|Tailwind||[still]\n|-fail|p1a: Crobat\n|move|p2a: damn son|Spite|p1a: Crobat\n|-activate|p1a: Crobat|move: Spite|Tailwind|4\n|\n|-sideend|p1: Rodan123|move: Tailwind\n|upkeep\n|turn|40\n|\n|t:|1700589942\n|move|p1a: Crobat|Tailwind|p1a: Crobat\n|-sidestart|p1: Rodan123|move: Tailwind\n|move|p2a: damn son|Spite|p1a: Crobat\n|-activate|p1a: Crobat|move: Spite|Tailwind|4\n|\n|upkeep\n|turn|41\n|\n|t:|1700589945\n|move|p1a: Crobat|Poison Fang|p2a: damn son\n|-immune|p2a: damn son\n|move|p2a: damn son|Spite|p1a: Crobat\n|-activate|p1a: Crobat|move: Spite|Poison Fang|4\n|\n|upkeep\n|turn|42\n|\n|t:|1700589948\n|move|p1a: Crobat|Poison Fang|p2a: damn son\n|-immune|p2a: damn son\n|move|p2a: damn son|Iron Defense|p2a: damn son\n|-boost|p2a: damn son|def|0\n|\n|upkeep\n|turn|43\n|\n|t:|1700589950\n|move|p1a: Crobat|Poison Fang|p2a: damn son\n|-immune|p2a: damn son\n|move|p2a: damn son|Iron Defense|p2a: damn son\n|-boost|p2a: damn son|def|0\n|\n|-sideend|p1: Rodan123|move: Tailwind\n|upkeep\n|turn|44\n|\n|t:|1700589955\n|move|p1a: Crobat|Poison Fang|p2a: damn son\n|-immune|p2a: damn son\n|move|p2a: damn son|Iron Defense|p2a: damn son\n|-boost|p2a: damn son|def|0\n|\n|upkeep\n|turn|45\n|\n|t:|1700589958\n|move|p1a: Crobat|Poison Fang|p2a: damn son\n|-immune|p2a: damn son\n|move|p2a: damn son|Iron Defense|p2a: damn son\n|-boost|p2a: damn son|def|0\n|\n|upkeep\n|turn|46\n|\n|t:|1700589961\n|move|p1a: Crobat|Poison Fang|p2a: damn son\n|-immune|p2a: damn son\n|move|p2a: damn son|Iron Defense|p2a: damn son\n|-boost|p2a: damn son|def|0\n|\n|upkeep\n|turn|47\n|\n|t:|1700589964\n|move|p1a: Crobat|Poison Fang|p2a: damn son\n|-immune|p2a: damn son\n|move|p2a: damn son|Iron Defense|p2a: damn son\n|-boost|p2a: damn son|def|0\n|\n|upkeep\n|turn|48\n|\n|t:|1700589968\n|move|p1a: Crobat|Poison Fang|p2a: damn son\n|-immune|p2a: damn son\n|move|p2a: damn son|Iron Defense|p2a: damn son\n|-boost|p2a: damn son|def|0\n|\n|upkeep\n|turn|49\n|\n|t:|1700589972\n|move|p1a: Crobat|Poison Fang|p2a: damn son\n|-immune|p2a: damn son\n|move|p2a: damn son|Iron Defense|p2a: damn son\n|-boost|p2a: damn son|def|0\n|\n|upkeep\n|turn|50\n|\n|t:|1700589977\n|move|p1a: Crobat|Tailwind|p1a: Crobat\n|-sidestart|p1: Rodan123|move: Tailwind\n|move|p2a: damn son|Spite|p1a: Crobat\n|-activate|p1a: Crobat|move: Spite|Tailwind|4\n|\n|upkeep\n|turn|51\n|\n|t:|1700589980\n|move|p1a: Crobat|Tailwind||[still]\n|-fail|p1a: Crobat\n|move|p2a: damn son|Iron Defense|p2a: damn son\n|-boost|p2a: damn son|def|0\n|\n|upkeep\n|turn|52\n|\n|t:|1700589983\n|-activate|p1a: Crobat|move: Struggle\n|move|p1a: Crobat|Struggle|p2a: damn son\n|-damage|p2a: damn son|98\/100\n|-damage|p1a: Crobat|75\/100|[from] recoil\n|move|p2a: damn son|Iron Defense|p2a: damn son\n|-boost|p2a: damn son|def|0\n|\n|upkeep\n|turn|53\n|\n|t:|1700589986\n|-activate|p1a: Crobat|move: Struggle\n|move|p1a: Crobat|Struggle|p2a: damn son\n|-damage|p2a: damn son|95\/100\n|-damage|p1a: Crobat|50\/100|[from] recoil\n|move|p2a: damn son|Iron Defense|p2a: damn son\n|-boost|p2a: damn son|def|0\n|\n|-sideend|p1: Rodan123|move: Tailwind\n|upkeep\n|turn|54\n|\n|t:|1700589990\n|-activate|p1a: Crobat|move: Struggle\n|move|p1a: Crobat|Struggle|p2a: damn son\n|-damage|p2a: damn son|93\/100\n|-damage|p1a: Crobat|25\/100|[from] recoil\n|move|p2a: damn son|Iron Defense|p2a: damn son\n|-boost|p2a: damn son|def|0\n|\n|upkeep\n|turn|55\n|\n|t:|1700589996\n|switch|p2a: Big Momo|Alomomola, M, shiny|100\/100\n|-activate|p1a: Crobat|move: Struggle\n|move|p1a: Crobat|Struggle|p2a: Big Momo\n|-damage|p2a: Big Momo|94\/100\n|-damage|p1a: Crobat|0 fnt|[from] recoil\n|faint|p1a: Crobat\n|\n|upkeep\n|\n|t:|1700590006\n|switch|p1a: Deoxys|Deoxys-Attack|100\/100\n|-ability|p1a: Deoxys|Pressure\n|turn|56\n|\n|t:|1700590008\n|move|p2a: Big Momo|Protect|p2a: Big Momo\n|-singleturn|p2a: Big Momo|Protect\n|move|p1a: Deoxys|Thunderbolt|p2a: Big Momo\n|-activate|p2a: Big Momo|move: Protect\n|\n|upkeep\n|turn|57\n|\n|t:|1700590013\n|switch|p2a: that aint falco|Dusclops, M|100\/100\n|-ability|p2a: that aint falco|Pressure\n|move|p1a: Deoxys|Thunderbolt|p2a: that aint falco\n|-damage|p2a: that aint falco|73\/100\n|-damage|p1a: Deoxys|91\/100|[from] item: Life Orb\n|\n|upkeep\n|turn|58\n|\n|t:|1700590019\n|switch|p2a: Floating Trees|Chansey, F|100\/100\n|-terastallize|p1a: Deoxys|Psychic\n|move|p1a: Deoxys|Psycho Boost|p2a: Floating Trees\n|-damage|p2a: Floating Trees|53\/100\n|-unboost|p1a: Deoxys|spa|2\n|-damage|p1a: Deoxys|81\/100|[from] item: Life Orb\n|\n|upkeep\n|turn|59\n|\n|t:|1700590026\n|switch|p1a: Kyogre|Kyogre|100\/100\n|detailschange|p1a: Kyogre|Kyogre-Primal\n|-primal|p1a: Kyogre|Blue Orb\n|-weather|PrimordialSea|[from] ability: Primordial Sea|[of] p1a: Kyogre\n|move|p2a: Floating Trees|Soft-Boiled|p2a: Floating Trees\n|-heal|p2a: Floating Trees|100\/100\n|\n|-weather|PrimordialSea|[upkeep]\n|upkeep\n|turn|60\n|\n|t:|1700590031\n|move|p1a: Kyogre|Toxic|p2a: Floating Trees\n|-status|p2a: Floating Trees|tox\n|move|p2a: Floating Trees|Seismic Toss|p1a: Kyogre\n|-damage|p1a: Kyogre|71\/100\n|\n|-weather|PrimordialSea|[upkeep]\n|-damage|p2a: Floating Trees|94\/100 tox|[from] psn\n|upkeep\n|turn|61\n|\n|t:|1700590039\n|-weather|none\n|switch|p1a: Lunala|Lunala|100\/100\n|move|p2a: Floating Trees|Heal Bell|p2a: Floating Trees\n|-activate|p2a: Floating Trees|move: Heal Bell\n|-curestatus|p2a: Floating Trees|tox|[msg]\n|\n|upkeep\n|turn|62\n|\n|t:|1700590044\n|switch|p2a: Hot Head Bop|Ho-Oh|100\/100\n|move|p1a: Lunala|Psychic|p2a: Hot Head Bop\n|-damage|p2a: Hot Head Bop|78\/100\n|\n|upkeep\n|turn|63\n|\n|t:|1700590048\n|-zpower|p1a: Lunala\n|move|p1a: Lunala|Menacing Moonraze Maelstrom|p2a: Hot Head Bop|[zeffect]\n|-damage|p2a: Hot Head Bop|28\/100\n|move|p2a: Hot Head Bop|Toxic|p1a: Lunala\n|-status|p1a: Lunala|tox\n|\n|-damage|p1a: Lunala|94\/100 tox|[from] psn\n|upkeep\n|turn|64\n|\n|t:|1700590051\n|switch|p2a: Floating Trees|Chansey, F|94\/100\n|move|p1a: Lunala|Moongeist Beam|p2a: Floating Trees\n|-immune|p2a: Floating Trees\n|\n|-damage|p1a: Lunala|82\/100 tox|[from] psn\n|upkeep\n|turn|65\n|\n|t:|1700590055\n|switch|p2a: Hot Head Bop|Ho-Oh|61\/100\n|move|p1a: Lunala|Moonlight|p1a: Lunala\n|-heal|p1a: Lunala|100\/100 tox\n|\n|-damage|p1a: Lunala|82\/100 tox|[from] psn\n|upkeep\n|turn|66\n|\n|t:|1700590061\n|switch|p1a: Kyogre|Kyogre-Primal|71\/100\n|-weather|PrimordialSea|[from] ability: Primordial Sea|[of] p1a: Kyogre\n|move|p2a: Hot Head Bop|Sacred Fire||[still]\n|-fail|p2a: Hot Head Bop|Sacred Fire|[from] Primordial Sea\n|\n|-weather|PrimordialSea|[upkeep]\n|upkeep\n|turn|67\n|\n|t:|1700590067\n|-terastallize|p2a: Hot Head Bop|Poison\n|move|p2a: Hot Head Bop|Toxic|p1a: Kyogre\n|-status|p1a: Kyogre|tox\n|move|p1a: Kyogre|Origin Pulse|p2a: Hot Head Bop\n|-damage|p2a: Hot Head Bop|11\/100\n|\n|-weather|PrimordialSea|[upkeep]\n|-damage|p1a: Kyogre|65\/100 tox|[from] psn\n|upkeep\n|turn|68\n|\n|t:|1700590071\n|switch|p2a: Floating Trees|Chansey, F|94\/100\n|move|p1a: Kyogre|Thunder|p2a: Floating Trees\n|-damage|p2a: Floating Trees|78\/100\n|\n|-weather|PrimordialSea|[upkeep]\n|-damage|p1a: Kyogre|53\/100 tox|[from] psn\n|upkeep\n|turn|69\n|\n|t:|1700590075\n|move|p1a: Kyogre|Toxic|p2a: Floating Trees\n|-status|p2a: Floating Trees|tox\n|move|p2a: Floating Trees|Seismic Toss|p1a: Kyogre\n|-damage|p1a: Kyogre|23\/100 tox\n|\n|-weather|PrimordialSea|[upkeep]\n|-damage|p1a: Kyogre|5\/100 tox|[from] psn\n|-damage|p2a: Floating Trees|72\/100 tox|[from] psn\n|upkeep\n|turn|70\n|\n|t:|1700590081\n|-curestatus|p2a: Floating Trees|tox|[from] ability: Natural Cure\n|switch|p2a: Hot Head Bop|Ho-Oh, tera:Poison|45\/100\n|move|p1a: Kyogre|Origin Pulse|p2a: Hot Head Bop|[miss]\n|-miss|p1a: Kyogre|p2a: Hot Head Bop\n|\n|-weather|PrimordialSea|[upkeep]\n|-damage|p1a: Kyogre|0 fnt|[from] psn\n|faint|p1a: Kyogre\n|-weather|none\n|upkeep\n|\n|t:|1700590087\n|switch|p1a: Deoxys|Deoxys-Attack, tera:Psychic|81\/100\n|-ability|p1a: Deoxys|Pressure\n|turn|71\n|\n|t:|1700590092\n|switch|p2a: damn son|Bisharp, M, shiny|93\/100\n|-ability|p2a: damn son|Pressure\n|move|p1a: Deoxys|Psycho Boost|p2a: damn son\n|-immune|p2a: damn son\n|\n|upkeep\n|turn|72\n|-message|Rodan123 forfeited.\n|\n|win|spitezone \u269d\u5f61\n|raw|Rodan123's rating: 1125 &rarr; <strong>1101<\/strong><br \/>(-24 for losing)\n|raw|spitezone \u269d\u5f61's rating: 1137 &rarr; <strong>1161<\/strong><br \/>(+24 for winning)\n|l|\u2606Rodan123\n","uploadtime":1700590101,"views":15,"p1id":"rodan123","p2id":"spitezone","formatid":"gen9nationaldexubers","rating":1101,"private":0,"password":""}