{"id":"gen9nationaldexubers-1991230552","p1":"HiKaLiuuu","p2":"Regimidas","format":"[Gen 9] National Dex Ubers","log":"|j|\u2606HiKaLiuuu\n|j|\u2606Regimidas\n|t:|1700059444\n|gametype|singles\n|player|p1|HiKaLiuuu|cynthia-gen4|1172\n|player|p2|Regimidas|blue|1246\n|teamsize|p1|6\n|teamsize|p2|6\n|gen|9\n|tier|[Gen 9] National Dex Ubers\n|rated|\n|rule|HP Percentage Mod: HP is shown in percentages\n|rule|Endless Battle Clause: Forcing endless battles is banned\n|rule|OHKO Clause: OHKO moves are banned\n|rule|Evasion Moves Clause: Evasion moves are banned\n|rule|Evasion Items Clause: Evasion items are banned\n|rule|Species Clause: Limit one of each Pok\u00e9mon\n|rule|Sleep Clause Mod: Limit one foe put to sleep\n|rule|Mega Rayquaza Clause: You cannot mega evolve Rayquaza\n|clearpoke\n|poke|p1|Blaziken, M|\n|poke|p1|Ferrothorn, M|\n|poke|p1|Magearna|\n|poke|p1|Yveltal|\n|poke|p1|Arceus-Ground|\n|poke|p1|Lugia|\n|poke|p2|Ho-Oh|\n|poke|p2|Zygarde|\n|poke|p2|Marshadow|\n|poke|p2|Groudon|\n|poke|p2|Arceus-Dark|\n|poke|p2|Kyogre|\n|teampreview\n|inactive|Battle timer is ON: inactive players will automatically lose when time's up. (requested by HiKaLiuuu)\n|inactive|Regimidas also wants the timer to be on.\n|\n|t:|1700059455\n|start\n|switch|p1a: Arceus|Arceus-Ground|100\/100\n|switch|p2a: Birdspam|Ho-Oh|100\/100\n|turn|1\n|\n|t:|1700059474\n|move|p1a: Arceus|Stealth Rock|p2a: Birdspam\n|-sidestart|p2: Regimidas|move: Stealth Rock\n|move|p2a: Birdspam|Toxic|p1a: Arceus\n|-status|p1a: Arceus|tox\n|\n|-damage|p1a: Arceus|94\/100 tox|[from] psn\n|upkeep\n|turn|2\n|\n|t:|1700059495\n|switch|p1a: Lugia|Lugia|100\/100\n|move|p2a: Birdspam|Defog|p1a: Lugia\n|-unboost|p1a: Lugia|evasion|1\n|-sideend|p2: Regimidas|Stealth Rock|[from] move: Defog|[of] p2a: Birdspam\n|\n|upkeep\n|turn|3\n|\n|t:|1700059505\n|move|p1a: Lugia|Toxic|p2a: Birdspam\n|-status|p2a: Birdspam|tox\n|move|p2a: Birdspam|Toxic|p1a: Lugia\n|-status|p1a: Lugia|tox\n|\n|-damage|p1a: Lugia|94\/100 tox|[from] psn\n|-damage|p2a: Birdspam|94\/100 tox|[from] psn\n|upkeep\n|turn|4\n|\n|t:|1700059520\n|switch|p2a: BKC|Arceus-Dark|100\/100\n|move|p1a: Lugia|Roost|p1a: Lugia\n|-heal|p1a: Lugia|100\/100 tox\n|-singleturn|p1a: Lugia|move: Roost\n|\n|-damage|p1a: Lugia|88\/100 tox|[from] psn\n|upkeep\n|turn|5\n|inactive|HiKaLiuuu has 120 seconds left.\n|\n|t:|1700059542\n|switch|p1a: Blaziken|Blaziken, M|100\/100\n|move|p2a: BKC|Taunt|p1a: Blaziken\n|-start|p1a: Blaziken|move: Taunt\n|\n|upkeep\n|turn|6\n|inactive|HiKaLiuuu has 120 seconds left.\n|\n|t:|1700059556\n|switch|p2a: Kid named Eruption|Groudon|100\/100\n|detailschange|p2a: Kid named Eruption|Groudon-Primal\n|-primal|p2a: Kid named Eruption|Red Orb\n|-weather|DesolateLand|[from] ability: Desolate Land|[of] p2a: Kid named Eruption\n|detailschange|p1a: Blaziken|Blaziken-Mega, M\n|-mega|p1a: Blaziken|Blaziken|Blazikenite\n|move|p1a: Blaziken|High Jump Kick|p2a: Kid named Eruption\n|-damage|p2a: Kid named Eruption|46\/100\n|\n|-weather|DesolateLand|[upkeep]\n|-ability|p1a: Blaziken|Speed Boost|boost\n|-boost|p1a: Blaziken|spe|1\n|upkeep\n|turn|7\n|inactive|HiKaLiuuu has 120 seconds left.\n|\n|t:|1700059568\n|-weather|none\n|switch|p2a: Mar(sash)adow|Marshadow|100\/100\n|move|p1a: Blaziken|High Jump Kick|p2a: Mar(sash)adow\n|-immune|p2a: Mar(sash)adow\n|-damage|p1a: Blaziken|50\/100|[from] highjumpkick\n|\n|-end|p1a: Blaziken|move: Taunt\n|-ability|p1a: Blaziken|Speed Boost|boost\n|-boost|p1a: Blaziken|spe|1\n|upkeep\n|turn|8\n|inactive|HiKaLiuuu has 120 seconds left.\n|\n|t:|1700059590\n|move|p2a: Mar(sash)adow|Shadow Sneak|p1a: Blaziken\n|-damage|p1a: Blaziken|0 fnt\n|faint|p1a: Blaziken\n|\n|upkeep\n|\n|t:|1700059609\n|switch|p1a: Ferrothorn|Ferrothorn, M|100\/100\n|turn|9\n|inactive|HiKaLiuuu has 90 seconds left.\n|\n|t:|1700059634\n|switch|p2a: Birdspam|Ho-Oh|100\/100 tox\n|move|p1a: Ferrothorn|Leech Seed|p2a: Birdspam\n|-start|p2a: Birdspam|move: Leech Seed\n|\n|-damage|p2a: Birdspam|88\/100 tox|[from] Leech Seed|[of] p1a: Ferrothorn\n|-damage|p2a: Birdspam|82\/100 tox|[from] psn\n|upkeep\n|turn|10\n|inactive|HiKaLiuuu has 90 seconds left.\n|\n|t:|1700059642\n|switch|p2a: Kid named Eruption|Groudon-Primal|46\/100\n|-weather|DesolateLand|[from] ability: Desolate Land|[of] p2a: Kid named Eruption\n|move|p1a: Ferrothorn|Protect||[still]\n|-fail|p1a: Ferrothorn\n|\n|-weather|DesolateLand|[upkeep]\n|upkeep\n|turn|11\n|\n|t:|1700059652\n|switch|p1a: Lugia|Lugia|88\/100 tox\n|move|p2a: Kid named Eruption|Heat Crash|p1a: Lugia\n|-damage|p1a: Lugia|35\/100 tox\n|\n|-weather|DesolateLand|[upkeep]\n|-damage|p1a: Lugia|28\/100 tox|[from] psn\n|upkeep\n|turn|12\n|\n|t:|1700059662\n|move|p1a: Lugia|Toxic|p2a: Kid named Eruption\n|-status|p2a: Kid named Eruption|tox\n|move|p2a: Kid named Eruption|Heat Crash|p1a: Lugia\n|-damage|p1a: Lugia|0 fnt\n|faint|p1a: Lugia\n|\n|-weather|DesolateLand|[upkeep]\n|-damage|p2a: Kid named Eruption|40\/100 tox|[from] psn\n|upkeep\n|\n|t:|1700059670\n|switch|p1a: Arceus|Arceus-Ground|94\/100 tox\n|turn|13\n|\n|t:|1700059675\n|-weather|none\n|switch|p2a: Birdspam|Ho-Oh|100\/100 tox\n|move|p1a: Arceus|Judgment|p2a: Birdspam\n|-immune|p2a: Birdspam\n|\n|-damage|p1a: Arceus|88\/100 tox|[from] psn\n|-damage|p2a: Birdspam|94\/100 tox|[from] psn\n|upkeep\n|turn|14\n|\n|t:|1700059683\n|move|p1a: Arceus|Ice Beam|p2a: Birdspam\n|-damage|p2a: Birdspam|79\/100 tox\n|move|p2a: Birdspam|Sacred Fire|p1a: Arceus\n|-crit|p1a: Arceus\n|-damage|p1a: Arceus|38\/100 tox\n|\n|-damage|p1a: Arceus|26\/100 tox|[from] psn\n|-damage|p2a: Birdspam|67\/100 tox|[from] psn\n|upkeep\n|turn|15\n|\n|t:|1700059697\n|switch|p2a: Goldfish Crackers|Kyogre|100\/100\n|detailschange|p2a: Goldfish Crackers|Kyogre-Primal\n|-primal|p2a: Goldfish Crackers|Blue Orb\n|-weather|PrimordialSea|[from] ability: Primordial Sea|[of] p2a: Goldfish Crackers\n|move|p1a: Arceus|Recover|p1a: Arceus\n|-heal|p1a: Arceus|76\/100 tox\n|\n|-weather|PrimordialSea|[upkeep]\n|-damage|p1a: Arceus|58\/100 tox|[from] psn\n|upkeep\n|turn|16\n|\n|t:|1700059720\n|-weather|none\n|switch|p2a: Birdspam|Ho-Oh|100\/100 tox\n|-terastallize|p1a: Arceus|Water\n|move|p1a: Arceus|Recover|p1a: Arceus\n|-heal|p1a: Arceus|100\/100 tox\n|\n|-damage|p1a: Arceus|76\/100 tox|[from] psn\n|-damage|p2a: Birdspam|94\/100 tox|[from] psn\n|upkeep\n|turn|17\n|\n|t:|1700059737\n|switch|p2a: Goldfish Crackers|Kyogre-Primal|100\/100\n|-weather|PrimordialSea|[from] ability: Primordial Sea|[of] p2a: Goldfish Crackers\n|move|p1a: Arceus|Stealth Rock|p2a: Goldfish Crackers\n|-sidestart|p2: Regimidas|move: Stealth Rock\n|\n|-weather|PrimordialSea|[upkeep]\n|-damage|p1a: Arceus|46\/100 tox|[from] psn\n|upkeep\n|turn|18\n|\n|t:|1700059748\n|move|p1a: Arceus|Recover|p1a: Arceus\n|-heal|p1a: Arceus|96\/100 tox\n|move|p2a: Goldfish Crackers|Calm Mind|p2a: Goldfish Crackers\n|-boost|p2a: Goldfish Crackers|spa|1\n|-boost|p2a: Goldfish Crackers|spd|1\n|\n|-weather|PrimordialSea|[upkeep]\n|-damage|p1a: Arceus|60\/100 tox|[from] psn\n|upkeep\n|turn|19\n|\n|t:|1700059758\n|move|p1a: Arceus|Judgment|p2a: Goldfish Crackers\n|-damage|p2a: Goldfish Crackers|79\/100\n|move|p2a: Goldfish Crackers|Calm Mind|p2a: Goldfish Crackers\n|-boost|p2a: Goldfish Crackers|spa|1\n|-boost|p2a: Goldfish Crackers|spd|1\n|\n|-weather|PrimordialSea|[upkeep]\n|-damage|p1a: Arceus|18\/100 tox|[from] psn\n|upkeep\n|turn|20\n|\n|t:|1700059764\n|switch|p1a: Ferrothorn|Ferrothorn, M|100\/100\n|move|p2a: Goldfish Crackers|Calm Mind|p2a: Goldfish Crackers\n|-boost|p2a: Goldfish Crackers|spa|1\n|-boost|p2a: Goldfish Crackers|spd|1\n|\n|-weather|PrimordialSea|[upkeep]\n|upkeep\n|turn|21\n|\n|t:|1700059774\n|move|p2a: Goldfish Crackers|Ice Beam|p1a: Ferrothorn\n|-damage|p1a: Ferrothorn|37\/100\n|-status|p1a: Ferrothorn|frz\n|cant|p1a: Ferrothorn|frz\n|\n|-weather|PrimordialSea|[upkeep]\n|-heal|p1a: Ferrothorn|43\/100 frz|[from] item: Leftovers\n|upkeep\n|turn|22\n|\n|t:|1700059784\n|move|p2a: Goldfish Crackers|Ice Beam|p1a: Ferrothorn\n|-damage|p1a: Ferrothorn|0 fnt\n|faint|p1a: Ferrothorn\n|\n|-weather|PrimordialSea|[upkeep]\n|upkeep\n|\n|t:|1700059789\n|switch|p1a: Magearna|Magearna|100\/100\n|turn|23\n|inactive|HiKaLiuuu has 120 seconds left.\n|\n|t:|1700059795\n|move|p2a: Goldfish Crackers|Thunder|p1a: Magearna\n|-damage|p1a: Magearna|0 fnt\n|faint|p1a: Magearna\n|\n|-weather|PrimordialSea|[upkeep]\n|upkeep\n|\n|t:|1700059798\n|switch|p1a: Yveltal|Yveltal|100\/100\n|-ability|p1a: Yveltal|Dark Aura\n|turn|24\n|-message|HiKaLiuuu forfeited.\n|\n|win|Regimidas\n|raw|HiKaLiuuu's rating: 1172 &rarr; <strong>1152<\/strong><br \/>(-20 for losing)\n|raw|Regimidas's rating: 1246 &rarr; <strong>1266<\/strong><br \/>(+20 for winning)\n|l|\u2606HiKaLiuuu\n","uploadtime":1700059807,"views":14,"p1id":"hikaliuuu","p2id":"regimidas","formatid":"gen9nationaldexubers","rating":1152,"private":0,"password":""}