{"id":"gen9nationaldexubers-1983574475","p1":"Slyguy46","p2":"ShinyMisty","format":"[Gen 9] National Dex Ubers","log":"|j|\u2606Slyguy46\n|j|\u2606ShinyMisty\n|t:|1699145018\n|gametype|singles\n|player|p1|Slyguy46|ethan|\n|player|p2|ShinyMisty|kris-masters|\n|teamsize|p1|6\n|teamsize|p2|6\n|gen|9\n|tier|[Gen 9] National Dex Ubers\n|rule|HP Percentage Mod: HP is shown in percentages\n|rule|Endless Battle Clause: Forcing endless battles is banned\n|rule|OHKO Clause: OHKO moves are banned\n|rule|Evasion Moves Clause: Evasion moves are banned\n|rule|Evasion Items Clause: Evasion items are banned\n|rule|Species Clause: Limit one of each Pok\u00e9mon\n|rule|Sleep Clause Mod: Limit one foe put to sleep\n|rule|Mega Rayquaza Clause: You cannot mega evolve Rayquaza\n|clearpoke\n|poke|p1|Rotom-Heat|\n|poke|p1|Lycanroc-Dusk, F|\n|poke|p1|Latias, F|\n|poke|p1|Roserade, M|\n|poke|p1|Reuniclus, M|\n|poke|p1|Crawdaunt, F|\n|poke|p2|Crawdaunt, M|\n|poke|p2|Gholdengo|\n|poke|p2|Electrode|\n|poke|p2|Breloom, M|\n|poke|p2|Latias, F|\n|poke|p2|Klefki, F|\n|teampreview\n|j| Completeanimefan\n|c|\u2606Slyguy46|gl hf\n|j| HarmTurtle\n|c|\u2606ShinyMisty|yes, Good luck. Have fun. <3\n|c| Completeanimefan|Round two: FIGHT!\n|\n|t:|1699145080\n|start\n|switch|p1a: Reuniclus|Reuniclus, M|100\/100\n|switch|p2a: Boss Klefki|Klefki, F, shiny|100\/100\n|turn|1\n|\n|t:|1699145093\n|move|p2a: Boss Klefki|Light Screen|p2a: Boss Klefki\n|-sidestart|p2: ShinyMisty|move: Light Screen\n|move|p1a: Reuniclus|Knock Off|p2a: Boss Klefki\n|-resisted|p2a: Boss Klefki\n|-damage|p2a: Boss Klefki|94\/100\n|-enditem|p2a: Boss Klefki|Light Clay|[from] move: Knock Off|[of] p1a: Reuniclus\n|\n|upkeep\n|turn|2\n|\n|t:|1699145134\n|switch|p1a: Lycanroc|Lycanroc-Dusk, F|100\/100\n|move|p2a: Boss Klefki|Spikes|p1a: Lycanroc\n|-sidestart|p1: Slyguy46|Spikes\n|\n|upkeep\n|turn|3\n|\n|t:|1699145157\n|switch|p2a: Portabellas|Breloom, M, shiny|100\/100\n|move|p1a: Lycanroc|Crunch|p2a: Portabellas\n|-resisted|p2a: Portabellas\n|-damage|p2a: Portabellas|60\/100\n|-unboost|p2a: Portabellas|def|1\n|\n|upkeep\n|turn|4\n|\n|t:|1699145191\n|switch|p1a: Roserade|Roserade, M, shiny|100\/100\n|-damage|p1a: Roserade|88\/100|[from] Spikes\n|move|p2a: Portabellas|Mach Punch|p1a: Roserade\n|-resisted|p1a: Roserade\n|-damage|p1a: Roserade|59\/100\n|\n|upkeep\n|turn|5\n|\n|t:|1699145236\n|switch|p2a: Mondo Cool|Gholdengo|100\/100\n|move|p1a: Roserade|Pin Missile|p2a: Mondo Cool\n|-resisted|p2a: Mondo Cool\n|-damage|p2a: Mondo Cool|98\/100\n|-resisted|p2a: Mondo Cool\n|-damage|p2a: Mondo Cool|95\/100\n|-resisted|p2a: Mondo Cool\n|-crit|p2a: Mondo Cool\n|-damage|p2a: Mondo Cool|91\/100\n|-resisted|p2a: Mondo Cool\n|-damage|p2a: Mondo Cool|89\/100\n|-resisted|p2a: Mondo Cool\n|-damage|p2a: Mondo Cool|86\/100\n|-hitcount|p2a: Mondo Cool|5\n|\n|upkeep\n|turn|6\n|\n|t:|1699145260\n|switch|p1a: Reuniclus|Reuniclus, M|100\/100\n|-damage|p1a: Reuniclus|88\/100|[from] Spikes\n|move|p2a: Mondo Cool|Nasty Plot|p2a: Mondo Cool\n|-boost|p2a: Mondo Cool|spa|2\n|\n|upkeep\n|turn|7\n|\n|t:|1699145283\n|move|p2a: Mondo Cool|Shadow Ball|p1a: Reuniclus\n|-supereffective|p1a: Reuniclus\n|-damage|p1a: Reuniclus|0 fnt\n|faint|p1a: Reuniclus\n|\n|upkeep\n|\n|t:|1699145317\n|switch|p1a: Lycanroc|Lycanroc-Dusk, F|100\/100\n|-damage|p1a: Lycanroc|88\/100|[from] Spikes\n|turn|8\n|\n|t:|1699145379\n|switch|p2a: GameSphere|Electrode|100\/100\n|-item|p2a: GameSphere|Air Balloon\n|move|p1a: Lycanroc|Crunch|p2a: GameSphere\n|-damage|p2a: GameSphere|24\/100\n|-enditem|p2a: GameSphere|Air Balloon\n|\n|-sideend|p2: ShinyMisty|move: Light Screen\n|upkeep\n|turn|9\n|\n|t:|1699145397\n|switch|p1a: Latias|Latias, F|100\/100\n|move|p2a: GameSphere|Thunder Wave|p1a: Latias\n|-status|p1a: Latias|par\n|\n|upkeep\n|turn|10\n|\n|t:|1699145421\n|move|p2a: GameSphere|Taunt|p1a: Latias\n|-start|p1a: Latias|move: Taunt\n|move|p1a: Latias|Psyshock|p2a: GameSphere\n|-damage|p2a: GameSphere|0 fnt\n|faint|p2a: GameSphere\n|\n|upkeep\n|\n|t:|1699145462\n|switch|p2a: Boss Klefki|Klefki, F, shiny|94\/100\n|turn|11\n|\n|t:|1699145480\n|switch|p1a: Rotom|Rotom-Heat, shiny|100\/100\n|move|p2a: Boss Klefki|Light Screen|p2a: Boss Klefki\n|-sidestart|p2: ShinyMisty|move: Light Screen\n|\n|upkeep\n|turn|12\n|\n|t:|1699145516\n|switch|p2a: Portabellas|Breloom, M, shiny|60\/100\n|move|p1a: Rotom|Defog|p2a: Portabellas\n|-unboost|p2a: Portabellas|evasion|1\n|-sideend|p2: ShinyMisty|move: Light Screen\n|-sideend|p1: Slyguy46|Spikes|[from] move: Defog|[of] p1a: Rotom\n|\n|upkeep\n|turn|13\n|l|\u2606ShinyMisty\n|player|p2|\n|j|\u2606ShinyMisty\n|player|p2|ShinyMisty|kris-masters\n|c|\u2606ShinyMisty|Sorry ;w;\n|c| HarmTurtle|np!\n|\n|t:|1699145591\n|-terastallize|p2a: Portabellas|Rock\n|move|p1a: Rotom|Overheat|p2a: Portabellas\n|-resisted|p2a: Portabellas\n|-damage|p2a: Portabellas|17\/100\n|-unboost|p1a: Rotom|spa|2\n|move|p2a: Portabellas|Rock Tomb|p1a: Rotom\n|-supereffective|p1a: Rotom\n|-damage|p1a: Rotom|12\/100\n|-unboost|p1a: Rotom|spe|1\n|\n|upkeep\n|turn|14\n|\n|t:|1699145655\n|move|p2a: Portabellas|Rock Tomb|p1a: Rotom\n|-supereffective|p1a: Rotom\n|-damage|p1a: Rotom|0 fnt\n|faint|p1a: Rotom\n|\n|upkeep\n|\n|t:|1699145692\n|switch|p1a: Roserade|Roserade, M, shiny|59\/100\n|turn|15\n|\n|t:|1699145702\n|switch|p2a: Mondo Cool|Gholdengo|86\/100\n|move|p1a: Roserade|Bullet Seed|p2a: Mondo Cool\n|-resisted|p2a: Mondo Cool\n|-damage|p2a: Mondo Cool|79\/100\n|-resisted|p2a: Mondo Cool\n|-damage|p2a: Mondo Cool|71\/100\n|-resisted|p2a: Mondo Cool\n|-damage|p2a: Mondo Cool|63\/100\n|-resisted|p2a: Mondo Cool\n|-damage|p2a: Mondo Cool|54\/100\n|-hitcount|p2a: Mondo Cool|4\n|\n|upkeep\n|turn|16\n|\n|t:|1699145726\n|move|p2a: Mondo Cool|Nasty Plot|p2a: Mondo Cool\n|-boost|p2a: Mondo Cool|spa|2\n|move|p1a: Roserade|Bullet Seed|p2a: Mondo Cool\n|-resisted|p2a: Mondo Cool\n|-damage|p2a: Mondo Cool|45\/100\n|-resisted|p2a: Mondo Cool\n|-damage|p2a: Mondo Cool|38\/100\n|-resisted|p2a: Mondo Cool\n|-damage|p2a: Mondo Cool|30\/100\n|-resisted|p2a: Mondo Cool\n|-damage|p2a: Mondo Cool|21\/100\n|-resisted|p2a: Mondo Cool\n|-damage|p2a: Mondo Cool|13\/100\n|-hitcount|p2a: Mondo Cool|5\n|\n|upkeep\n|turn|17\n|\n|t:|1699145740\n|move|p2a: Mondo Cool|Shadow Ball|p1a: Roserade\n|-damage|p1a: Roserade|0 fnt\n|faint|p1a: Roserade\n|\n|upkeep\n|\n|t:|1699145742\n|switch|p1a: Crawdaunt|Crawdaunt, F|100\/100\n|turn|18\n|\n|t:|1699145775\n|move|p1a: Crawdaunt|Aqua Jet|p2a: Mondo Cool\n|-damage|p2a: Mondo Cool|0 fnt\n|faint|p2a: Mondo Cool\n|\n|upkeep\n|\n|t:|1699145782\n|switch|p2a: Quetzal|Latias, F, shiny|100\/100\n|turn|19\n|\n|t:|1699145797\n|switch|p1a: Latias|Latias, F|100\/100 par\n|move|p2a: Quetzal|Healing Wish|p2a: Quetzal\n|faint|p2a: Quetzal\n|\n|upkeep\n|\n|t:|1699145802\n|switch|p2a: Portabellas|Breloom, M, shiny, tera:Rock|17\/100\n|-heal|p2a: Portabellas|100\/100|[from] move: Healing Wish\n|turn|20\n|\n|t:|1699145824\n|move|p2a: Portabellas|Rock Tomb|p1a: Latias\n|-damage|p1a: Latias|42\/100 par\n|-unboost|p1a: Latias|spe|1\n|move|p1a: Latias|Trick|p2a: Portabellas\n|-activate|p1a: Latias|move: Trick|[of] p2a: Portabellas\n|-item|p2a: Portabellas|Choice Scarf|[from] move: Trick\n|-item|p1a: Latias|Loaded Dice|[from] move: Trick\n|\n|upkeep\n|turn|21\n|\n|t:|1699145841\n|move|p2a: Portabellas|Rock Tomb|p1a: Latias\n|-damage|p1a: Latias|0 fnt\n|faint|p1a: Latias\n|\n|upkeep\n|\n|t:|1699145848\n|switch|p1a: Lycanroc|Lycanroc-Dusk, F|88\/100\n|turn|22\n|\n|t:|1699145870\n|switch|p2a: Boss Klefki|Klefki, F, shiny|94\/100\n|-terastallize|p1a: Lycanroc|Grass\n|move|p1a: Lycanroc|Close Combat|p2a: Boss Klefki\n|-damage|p2a: Boss Klefki|35\/100\n|-unboost|p1a: Lycanroc|def|1\n|-unboost|p1a: Lycanroc|spd|1\n|\n|upkeep\n|turn|23\n|\n|t:|1699145884\n|move|p2a: Boss Klefki|Reflect|p2a: Boss Klefki\n|-sidestart|p2: ShinyMisty|Reflect\n|move|p1a: Lycanroc|Close Combat|p2a: Boss Klefki\n|-damage|p2a: Boss Klefki|5\/100\n|-unboost|p1a: Lycanroc|def|1\n|-unboost|p1a: Lycanroc|spd|1\n|\n|upkeep\n|turn|24\n|\n|t:|1699145902\n|move|p2a: Boss Klefki|Spikes|p1a: Lycanroc\n|-sidestart|p1: Slyguy46|Spikes\n|move|p1a: Lycanroc|Close Combat|p2a: Boss Klefki\n|-damage|p2a: Boss Klefki|0 fnt\n|-unboost|p1a: Lycanroc|def|1\n|-unboost|p1a: Lycanroc|spd|1\n|faint|p2a: Boss Klefki\n|\n|upkeep\n|\n|t:|1699145917\n|switch|p2a: Portabellas|Breloom, M, shiny, tera:Rock|100\/100\n|turn|25\n|\n|t:|1699145926\n|switch|p1a: Crawdaunt|Crawdaunt, F|100\/100\n|-damage|p1a: Crawdaunt|88\/100|[from] Spikes\n|move|p2a: Portabellas|Mach Punch|p1a: Crawdaunt\n|-supereffective|p1a: Crawdaunt\n|-damage|p1a: Crawdaunt|3\/100\n|\n|upkeep\n|turn|26\n|\n|t:|1699145951\n|switch|p2a: YUM!|Crawdaunt, M|100\/100\n|move|p1a: Crawdaunt|Aqua Jet|p2a: YUM!\n|-resisted|p2a: YUM!\n|-damage|p2a: YUM!|85\/100\n|\n|upkeep\n|turn|27\n|\n|t:|1699145962\n|move|p1a: Crawdaunt|Aqua Jet|p2a: YUM!\n|-resisted|p2a: YUM!\n|-damage|p2a: YUM!|70\/100\n|move|p2a: YUM!|Dragon Dance|p2a: YUM!\n|-boost|p2a: YUM!|atk|1\n|-boost|p2a: YUM!|spe|1\n|\n|-sideend|p2: ShinyMisty|Reflect\n|upkeep\n|turn|28\n|\n|t:|1699145979\n|move|p2a: YUM!|Aqua Jet|p1a: Crawdaunt\n|-resisted|p1a: Crawdaunt\n|-damage|p1a: Crawdaunt|0 fnt\n|faint|p1a: Crawdaunt\n|\n|upkeep\n|\n|t:|1699145982\n|switch|p1a: Lycanroc|Lycanroc-Dusk, F, tera:Grass|88\/100\n|-damage|p1a: Lycanroc|76\/100|[from] Spikes\n|turn|29\n|\n|t:|1699145995\n|move|p1a: Lycanroc|Close Combat|p2a: YUM!\n|-supereffective|p2a: YUM!\n|-damage|p2a: YUM!|0 fnt\n|-unboost|p1a: Lycanroc|def|1\n|-unboost|p1a: Lycanroc|spd|1\n|faint|p2a: YUM!\n|\n|upkeep\n|\n|t:|1699146001\n|switch|p2a: Portabellas|Breloom, M, shiny, tera:Rock|100\/100\n|turn|30\n|\n|t:|1699146006\n|move|p2a: Portabellas|Mach Punch|p1a: Lycanroc\n|-damage|p1a: Lycanroc|0 fnt\n|faint|p1a: Lycanroc\n|\n|win|ShinyMisty\n|c|\u2606ShinyMisty|That was close!\n|c|\u2606Slyguy46|yep\n|c|\u2606Slyguy46|gg\n|l|\u2606Slyguy46\n|l| Completeanimefan\n","uploadtime":1699146171,"views":10,"p1id":"slyguy46","p2id":"shinymisty","formatid":"gen9nationaldexubers","rating":0,"private":0,"password":""}