{"id":"gen9nationaldexubers-1996696368","p1":"danish13","p2":"vegdog","format":"[Gen 9] National Dex Ubers","log":"|j|\u2606danish13\n|j|\u2606vegdog\n|t:|1700710954\n|gametype|singles\n|player|p1|danish13|lance|1597\n|player|p2|vegdog|265|1620\n|teamsize|p1|6\n|teamsize|p2|6\n|gen|9\n|tier|[Gen 9] National Dex Ubers\n|rated|\n|rule|HP Percentage Mod: HP is shown in percentages\n|rule|Endless Battle Clause: Forcing endless battles is banned\n|rule|OHKO Clause: OHKO moves are banned\n|rule|Evasion Moves Clause: Evasion moves are banned\n|rule|Evasion Items Clause: Evasion items are banned\n|rule|Species Clause: Limit one of each Pok\u00e9mon\n|rule|Sleep Clause Mod: Limit one foe put to sleep\n|rule|Mega Rayquaza Clause: You cannot mega evolve Rayquaza\n|clearpoke\n|poke|p1|Salamence, M|\n|poke|p1|Yveltal|\n|poke|p1|Arceus|\n|poke|p1|Rayquaza|\n|poke|p1|Zygarde|\n|poke|p1|Giratina|\n|poke|p2|Giratina|\n|poke|p2|Dondozo, M|\n|poke|p2|Chansey, F|\n|poke|p2|Tyranitar, M|\n|poke|p2|Ho-Oh|\n|poke|p2|Mewtwo|\n|teampreview\n|inactive|Battle timer is ON: inactive players will automatically lose when time's up. (requested by danish13)\n|\n|t:|1700710974\n|start\n|switch|p1a: Rayquaza|Rayquaza|100\/100\n|switch|p2a: Erebus|Tyranitar, M, shiny|100\/100\n|-ability|p1a: Rayquaza|Air Lock\n|-weather|Sandstorm|[from] ability: Sand Stream|[of] p2a: Erebus\n|turn|1\n|\n|t:|1700710982\n|switch|p2a: Triton|Dondozo, M, shiny|100\/100\n|move|p1a: Rayquaza|Surf|p2a: Triton\n|-resisted|p2a: Triton\n|-damage|p2a: Triton|77\/100\n|-damage|p1a: Rayquaza|91\/100|[from] item: Life Orb\n|\n|-weather|Sandstorm|[upkeep]\n|-heal|p2a: Triton|83\/100|[from] item: Leftovers\n|upkeep\n|turn|2\n|\n|t:|1700710995\n|switch|p1a: Giratina|Giratina|100\/100\n|-ability|p1a: Giratina|Pressure\n|move|p2a: Triton|Avalanche|p1a: Giratina\n|-supereffective|p1a: Giratina\n|-damage|p1a: Giratina|83\/100\n|\n|-weather|Sandstorm|[upkeep]\n|-damage|p1a: Giratina|77\/100|[from] Sandstorm\n|-damage|p2a: Triton|77\/100|[from] Sandstorm\n|-heal|p2a: Triton|83\/100|[from] item: Leftovers\n|upkeep\n|turn|3\n|\n|t:|1700711013\n|switch|p2a: Erebus|Tyranitar, M, shiny|100\/100\n|move|p1a: Giratina|Calm Mind|p1a: Giratina\n|-boost|p1a: Giratina|spa|1\n|-boost|p1a: Giratina|spd|1\n|\n|-weather|Sandstorm|[upkeep]\n|-damage|p1a: Giratina|71\/100|[from] Sandstorm\n|upkeep\n|turn|4\n|\n|t:|1700711022\n|detailschange|p2a: Erebus|Tyranitar-Mega, M, shiny\n|-mega|p2a: Erebus|Tyranitar|Tyranitarite\n|move|p1a: Giratina|Calm Mind|p1a: Giratina\n|-boost|p1a: Giratina|spa|1\n|-boost|p1a: Giratina|spd|1\n|move|p2a: Erebus|Knock Off|p1a: Giratina\n|-supereffective|p1a: Giratina\n|-damage|p1a: Giratina|34\/100\n|\n|-weather|Sandstorm|[upkeep]\n|-damage|p1a: Giratina|28\/100|[from] Sandstorm\n|upkeep\n|turn|5\n|l|\u2606vegdog\n|inactive|vegdog disconnected and has a minute to reconnect!\n|player|p2|\n|j|\u2606vegdog\n|inactive|vegdog reconnected and has 125 seconds left.\n|player|p2|vegdog|265\n|inactive|vegdog has 120 seconds left.\n|\n|t:|1700711053\n|move|p1a: Giratina|Draco Meteor|p2a: Erebus\n|-damage|p2a: Erebus|57\/100\n|-unboost|p1a: Giratina|spa|2\n|move|p2a: Erebus|Toxic|p1a: Giratina\n|-status|p1a: Giratina|tox\n|\n|-weather|none\n|-damage|p1a: Giratina|21\/100 tox|[from] psn\n|upkeep\n|turn|6\n|\n|t:|1700711062\n|switch|p1a: Zygarde|Zygarde|100\/100\n|switch|p2a: Epione|Chansey, F, shiny|100\/100\n|\n|upkeep\n|turn|7\n|\n|t:|1700711069\n|switch|p2a: Triton|Dondozo, M, shiny|83\/100\n|move|p1a: Zygarde|Coil|p1a: Zygarde\n|-boost|p1a: Zygarde|atk|1\n|-boost|p1a: Zygarde|def|1\n|-boost|p1a: Zygarde|accuracy|1\n|\n|-heal|p2a: Triton|89\/100|[from] item: Leftovers\n|upkeep\n|turn|8\n|\n|t:|1700711078\n|switch|p1a: Yveltal|Yveltal|100\/100\n|-ability|p1a: Yveltal|Dark Aura\n|move|p2a: Triton|Curse|p2a: Triton\n|-unboost|p2a: Triton|spe|1\n|-boost|p2a: Triton|atk|1\n|-boost|p2a: Triton|def|1\n|\n|-heal|p2a: Triton|95\/100|[from] item: Leftovers\n|upkeep\n|turn|9\n|\n|t:|1700711087\n|switch|p2a: Erebus|Tyranitar-Mega, M, shiny|57\/100\n|-weather|Sandstorm|[from] ability: Sand Stream|[of] p2a: Erebus\n|move|p1a: Yveltal|Oblivion Wing|p2a: Erebus\n|-resisted|p2a: Erebus\n|-damage|p2a: Erebus|51\/100\n|\n|-weather|Sandstorm|[upkeep]\n|-damage|p1a: Yveltal|94\/100|[from] Sandstorm\n|upkeep\n|turn|10\n|\n|t:|1700711098\n|switch|p1a: Zygarde|Zygarde|100\/100\n|move|p2a: Erebus|Stealth Rock|p1a: Zygarde\n|-sidestart|p1: danish13|move: Stealth Rock\n|\n|-weather|Sandstorm|[upkeep]\n|upkeep\n|turn|11\n|\n|t:|1700711104\n|switch|p1a: Yveltal|Yveltal|94\/100\n|-damage|p1a: Yveltal|69\/100|[from] Stealth Rock\n|-ability|p1a: Yveltal|Dark Aura\n|switch|p2a: Triton|Dondozo, M, shiny|95\/100\n|\n|-weather|Sandstorm|[upkeep]\n|-damage|p1a: Yveltal|63\/100|[from] Sandstorm\n|-damage|p2a: Triton|89\/100|[from] Sandstorm\n|-heal|p2a: Triton|95\/100|[from] item: Leftovers\n|upkeep\n|turn|12\n|\n|t:|1700711115\n|switch|p2a: Erebus|Tyranitar-Mega, M, shiny|51\/100\n|move|p1a: Yveltal|Knock Off|p2a: Erebus\n|-resisted|p2a: Erebus\n|-damage|p2a: Erebus|40\/100\n|\n|-weather|Sandstorm|[upkeep]\n|-damage|p1a: Yveltal|57\/100|[from] Sandstorm\n|upkeep\n|turn|13\n|\n|t:|1700711127\n|move|p1a: Yveltal|Foul Play|p2a: Erebus\n|-resisted|p2a: Erebus\n|-damage|p2a: Erebus|22\/100\n|move|p2a: Erebus|Toxic|p1a: Yveltal\n|-status|p1a: Yveltal|tox\n|\n|-weather|none\n|-damage|p1a: Yveltal|51\/100 tox|[from] psn\n|upkeep\n|turn|14\n|\n|t:|1700711135\n|switch|p1a: Arceus|Arceus|100\/100\n|-damage|p1a: Arceus|88\/100|[from] Stealth Rock\n|move|p2a: Erebus|Rest|p2a: Erebus\n|-status|p2a: Erebus|slp|[from] move: Rest\n|-heal|p2a: Erebus|100\/100 slp|[silent]\n|\n|upkeep\n|turn|15\n|\n|t:|1700711143\n|switch|p2a: Triton|Dondozo, M, shiny|95\/100\n|move|p1a: Arceus|Dragon Dance|p1a: Arceus\n|-boost|p1a: Arceus|atk|1\n|-boost|p1a: Arceus|spe|1\n|\n|-heal|p2a: Triton|100\/100|[from] item: Leftovers\n|upkeep\n|turn|16\n|\n|t:|1700711151\n|move|p1a: Arceus|Earthquake|p2a: Triton\n|-damage|p2a: Triton|82\/100\n|move|p2a: Triton|Curse|p2a: Triton\n|-unboost|p2a: Triton|spe|1\n|-boost|p2a: Triton|atk|1\n|-boost|p2a: Triton|def|1\n|\n|-heal|p2a: Triton|88\/100|[from] item: Leftovers\n|upkeep\n|turn|17\n|-message|danish13 forfeited.\n|\n|win|vegdog\n|raw|danish13's rating: 1597 &rarr; <strong>1578<\/strong><br \/>(-19 for losing)\n|raw|vegdog's rating: 1620 &rarr; <strong>1639<\/strong><br \/>(+19 for winning)\n|l|\u2606danish13\n|l|\u2606vegdog\n","uploadtime":1700711199,"views":2,"p1id":"danish13","p2id":"vegdog","formatid":"gen9nationaldexubers","rating":1578,"private":0,"password":""}