{"id":"gen9nationaldexubers-1996564074","p1":"Wikit","p2":"SuzumiSou","format":"[Gen 9] National Dex Ubers","log":"|j|\u2606Wikit\n|j|\u2606SuzumiSou\n|t:|1700694790\n|gametype|singles\n|player|p1|Wikit|170|\n|player|p2|SuzumiSou|winona|\n|teamsize|p1|6\n|teamsize|p2|6\n|gen|9\n|tier|[Gen 9] National Dex Ubers\n|rule|HP Percentage Mod: HP is shown in percentages\n|rule|Endless Battle Clause: Forcing endless battles is banned\n|rule|OHKO Clause: OHKO moves are banned\n|rule|Evasion Moves Clause: Evasion moves are banned\n|rule|Evasion Items Clause: Evasion items are banned\n|rule|Species Clause: Limit one of each Pok\u00e9mon\n|rule|Sleep Clause Mod: Limit one foe put to sleep\n|rule|Mega Rayquaza Clause: You cannot mega evolve Rayquaza\n|clearpoke\n|poke|p1|Iron Valiant|\n|poke|p1|Tapu Koko|\n|poke|p1|Gholdengo|\n|poke|p1|Dracovish|\n|poke|p1|Iron Treads|\n|poke|p1|Lopunny, F|\n|poke|p2|Gallade, M|\n|poke|p2|Zamazenta-*|\n|poke|p2|Blacephalon|\n|poke|p2|Gliscor, F|\n|poke|p2|Amoonguss, M|\n|poke|p2|Cresselia, F|\n|teampreview\n|j| crossedmoon\n|j| bomby23\n|\n|t:|1700694834\n|start\n|switch|p1a: Jeffrey|Gholdengo|100\/100\n|switch|p2a: Cresselia|Cresselia, F|100\/100\n|turn|1\n|\n|t:|1700694880\n|switch|p2a: Gliscor|Gliscor, F|100\/100\n|move|p1a: Jeffrey|Thunder Wave|p2a: Gliscor\n|-immune|p2a: Gliscor\n|\n|-status|p2a: Gliscor|tox|[from] item: Toxic Orb\n|upkeep\n|turn|2\n|\n|t:|1700694892\n|switch|p1a: The Principal|Dracovish, shiny|100\/100\n|move|p2a: Gliscor|Spikes|p1a: The Principal\n|-sidestart|p1: Wikit|Spikes\n|\n|upkeep\n|turn|3\n|\n|t:|1700694900\n|move|p2a: Gliscor|Protect|p2a: Gliscor\n|-singleturn|p2a: Gliscor|Protect\n|move|p1a: The Principal|Fishious Rend|p2a: Gliscor\n|-activate|p2a: Gliscor|move: Protect\n|\n|upkeep\n|turn|4\n|\n|t:|1700694925\n|move|p2a: Gliscor|Earthquake|p1a: The Principal\n|-damage|p1a: The Principal|67\/100\n|move|p1a: The Principal|Fishious Rend|p2a: Gliscor\n|-supereffective|p2a: Gliscor\n|-damage|p2a: Gliscor|2\/100 tox\n|\n|-heal|p2a: Gliscor|14\/100 tox|[from] ability: Poison Heal\n|upkeep\n|turn|5\n|inactive|Battle timer is ON: inactive players will automatically lose when time's up. (requested by SuzumiSou)\n|\n|t:|1700695035\n|switch|p1a: Ari|Lopunny, F, shiny|100\/100\n|-damage|p1a: Ari|88\/100|[from] Spikes\n|move|p2a: Gliscor|Earthquake|p1a: Ari\n|-damage|p1a: Ari|39\/100\n|\n|-heal|p2a: Gliscor|26\/100 tox|[from] ability: Poison Heal\n|upkeep\n|turn|6\n|\n|t:|1700695054\n|detailschange|p1a: Ari|Lopunny-Mega, F, shiny\n|-mega|p1a: Ari|Lopunny|Lopunnite\n|move|p1a: Ari|Frustration|p2a: Gliscor\n|-crit|p2a: Gliscor\n|-damage|p2a: Gliscor|0 fnt\n|faint|p2a: Gliscor\n|\n|upkeep\n|\n|t:|1700695070\n|switch|p2a: Zamazenta|Zamazenta-Crowned|100\/100\n|-ability|p2a: Zamazenta|Dauntless Shield|boost\n|-boost|p2a: Zamazenta|def|1\n|turn|7\n|\n|t:|1700695076\n|move|p1a: Ari|U-turn|p2a: Zamazenta\n|-resisted|p2a: Zamazenta\n|-damage|p2a: Zamazenta|98\/100\n|\n|t:|1700695079\n|switch|p1a: Jeffrey|Gholdengo|100\/100|[from] U-turn\n|-damage|p1a: Jeffrey|88\/100|[from] Spikes\n|move|p2a: Zamazenta|Iron Defense|p2a: Zamazenta\n|-boost|p2a: Zamazenta|def|2\n|\n|upkeep\n|turn|8\n|\n|t:|1700695099\n|move|p2a: Zamazenta|Crunch|p1a: Jeffrey\n|-supereffective|p1a: Jeffrey\n|-damage|p1a: Jeffrey|54\/100\n|move|p1a: Jeffrey|Thunder Wave|p2a: Zamazenta\n|-status|p2a: Zamazenta|par\n|\n|upkeep\n|turn|9\n|\n|t:|1700695113\n|-zpower|p1a: Jeffrey\n|move|p1a: Jeffrey|All-Out Pummeling|p2a: Zamazenta|[zeffect]\n|-supereffective|p2a: Zamazenta\n|-damage|p2a: Zamazenta|16\/100 par\n|move|p2a: Zamazenta|Iron Defense|p2a: Zamazenta\n|-boost|p2a: Zamazenta|def|2\n|\n|upkeep\n|turn|10\n|inactive|SuzumiSou has 270 seconds left.\n|\n|t:|1700695144\n|move|p1a: Jeffrey|Recover|p1a: Jeffrey\n|-heal|p1a: Jeffrey|100\/100\n|move|p2a: Zamazenta|Crunch|p1a: Jeffrey\n|-supereffective|p1a: Jeffrey\n|-damage|p1a: Jeffrey|69\/100\n|\n|upkeep\n|turn|11\n|\n|t:|1700695149\n|move|p1a: Jeffrey|Shadow Ball|p2a: Zamazenta\n|-damage|p2a: Zamazenta|0 fnt\n|faint|p2a: Zamazenta\n|\n|upkeep\n|\n|t:|1700695159\n|switch|p2a: Gallade|Gallade, M|100\/100\n|turn|12\n|inactive|Wikit has 270 seconds left.\n|\n|t:|1700695190\n|detailschange|p2a: Gallade|Gallade-Mega, M\n|-mega|p2a: Gallade|Gallade|Galladite\n|move|p2a: Gallade|Earthquake|p1a: Jeffrey\n|-supereffective|p1a: Jeffrey\n|-damage|p1a: Jeffrey|7\/100\n|move|p1a: Jeffrey|Thunder Wave|p2a: Gallade\n|-status|p2a: Gallade|par\n|\n|upkeep\n|turn|13\n|inactive|Wikit has 270 seconds left.\n|\n|t:|1700695202\n|move|p1a: Jeffrey|Shadow Ball|p2a: Gallade\n|-supereffective|p2a: Gallade\n|-damage|p2a: Gallade|20\/100 par\n|move|p2a: Gallade|Earthquake|p1a: Jeffrey\n|-supereffective|p1a: Jeffrey\n|-damage|p1a: Jeffrey|0 fnt\n|faint|p1a: Jeffrey\n|\n|upkeep\n|inactive|Wikit has 270 seconds left.\n|\n|t:|1700695222\n|switch|p1a: Kylar|Iron Treads|100\/100\n|-damage|p1a: Kylar|88\/100|[from] Spikes\n|turn|14\n|\n|t:|1700695248\n|move|p1a: Kylar|Knock Off|p2a: Gallade\n|-damage|p2a: Gallade|0 fnt\n|faint|p2a: Gallade\n|\n|upkeep\n|inactive|SuzumiSou has 270 seconds left.\n|\n|t:|1700695307\n|switch|p2a: Blacephalon|Blacephalon|100\/100\n|turn|15\n|inactive|Wikit has 240 seconds left.\n|\n|t:|1700695335\n|move|p2a: Blacephalon|Flamethrower|p1a: Kylar\n|-supereffective|p1a: Kylar\n|-damage|p1a: Kylar|35\/100\n|move|p1a: Kylar|Earthquake|p2a: Blacephalon\n|-supereffective|p2a: Blacephalon\n|-damage|p2a: Blacephalon|0 fnt\n|faint|p2a: Blacephalon\n|\n|upkeep\n|inactive|SuzumiSou has 240 seconds left.\n|inactive|SuzumiSou has 210 seconds left.\n|\n|t:|1700695387\n|switch|p2a: Amoonguss|Amoonguss, M|100\/100\n|turn|16\n|inactive|SuzumiSou has 210 seconds left.\n|\n|t:|1700695400\n|move|p1a: Kylar|Rapid Spin|p2a: Amoonguss\n|-damage|p2a: Amoonguss|92\/100\n|-boost|p1a: Kylar|spe|1\n|-damage|p1a: Kylar|18\/100|[from] item: Rocky Helmet|[of] p2a: Amoonguss\n|-sideend|p1: Wikit|Spikes|[from] move: Rapid Spin|[of] p1a: Kylar\n|move|p2a: Amoonguss|Giga Drain|p1a: Kylar\n|-damage|p1a: Kylar|6\/100\n|-heal|p2a: Amoonguss|97\/100|[from] drain|[of] p1a: Kylar\n|\n|upkeep\n|turn|17\n|inactive|SuzumiSou has 210 seconds left.\n|\n|t:|1700695408\n|move|p1a: Kylar|Knock Off|p2a: Amoonguss\n|-damage|p2a: Amoonguss|80\/100\n|-damage|p1a: Kylar|0 fnt|[from] item: Rocky Helmet|[of] p2a: Amoonguss\n|faint|p1a: Kylar\n|-end|p1a: Kylar|Quark Drive|[silent]\n|move|p2a: Amoonguss|Giga Drain|p1: Kylar|[notarget]\n|-fail|p2a: Amoonguss\n|\n|upkeep\n|inactive|Wikit has 240 seconds left.\n|\n|t:|1700695429\n|switch|p1a: The Principal|Dracovish, shiny|67\/100\n|turn|18\n|inactive|Wikit has 240 seconds left.\n|\n|t:|1700695441\n|move|p1a: The Principal|Fishious Rend|p2a: Amoonguss\n|-resisted|p2a: Amoonguss\n|-damage|p2a: Amoonguss|22\/100\n|-damage|p1a: The Principal|50\/100|[from] item: Rocky Helmet|[of] p2a: Amoonguss\n|move|p2a: Amoonguss|Giga Drain|p1a: The Principal\n|-damage|p1a: The Principal|23\/100\n|-heal|p2a: Amoonguss|33\/100|[from] drain|[of] p1a: The Principal\n|\n|upkeep\n|turn|19\n|\n|t:|1700695447\n|move|p1a: The Principal|Fishious Rend|p2a: Amoonguss\n|-resisted|p2a: Amoonguss\n|-damage|p2a: Amoonguss|0 fnt\n|-damage|p1a: The Principal|7\/100|[from] item: Rocky Helmet|[of] p2a: Amoonguss\n|faint|p2a: Amoonguss\n|\n|upkeep\n|\n|t:|1700695449\n|switch|p2a: Cresselia|Cresselia, F|100\/100\n|turn|20\n|inactive|SuzumiSou has 210 seconds left.\n|\n|t:|1700695490\n|move|p1a: The Principal|Fishious Rend|p2a: Cresselia\n|-damage|p2a: Cresselia|9\/100\n|move|p2a: Cresselia|Stored Power|p1a: The Principal\n|-crit|p1a: The Principal\n|-damage|p1a: The Principal|0 fnt\n|faint|p1a: The Principal\n|\n|-heal|p2a: Cresselia|15\/100|[from] item: Leftovers\n|upkeep\n|\n|t:|1700695500\n|switch|p1a: Jecka|Iron Valiant|100\/100\n|turn|21\n|\n|t:|1700695505\n|move|p1a: Jecka|Knock Off|p2a: Cresselia\n|-supereffective|p2a: Cresselia\n|-damage|p2a: Cresselia|0 fnt\n|-enditem|p2a: Cresselia|Leftovers|[from] move: Knock Off|[of] p1a: Jecka\n|faint|p2a: Cresselia\n|\n|win|Wikit\n","uploadtime":1700695516,"views":23,"p1id":"wikit","p2id":"suzumisou","formatid":"gen9nationaldexubers","rating":0,"private":0,"password":""}