{"id":"gen9nationaldexubers-1979062547","p1":"Thatweirdkid777","p2":"DGZinn","format":"[Gen 9] National Dex Ubers","log":"|j|\u2606Thatweirdkid777\n|j|\u2606DGZinn\n|t:|1698627380\n|gametype|singles\n|player|p1|Thatweirdkid777|burglar|1314\n|player|p2|DGZinn|shadowtriad|1265\n|teamsize|p1|6\n|teamsize|p2|6\n|gen|9\n|tier|[Gen 9] National Dex Ubers\n|rated|\n|rule|HP Percentage Mod: HP is shown in percentages\n|rule|Endless Battle Clause: Forcing endless battles is banned\n|rule|OHKO Clause: OHKO moves are banned\n|rule|Evasion Moves Clause: Evasion moves are banned\n|rule|Evasion Items Clause: Evasion items are banned\n|rule|Species Clause: Limit one of each Pok\u00e9mon\n|rule|Sleep Clause Mod: Limit one foe put to sleep\n|rule|Mega Rayquaza Clause: You cannot mega evolve Rayquaza\n|clearpoke\n|poke|p1|Shuckle, M|\n|poke|p1|Urshifu-*, M|\n|poke|p1|Mewtwo|\n|poke|p1|Zygarde|\n|poke|p1|Kyogre|\n|poke|p1|Regieleki|\n|poke|p2|Pelipper, M|\n|poke|p2|Palafin, F|\n|poke|p2|Ferrothorn, M|\n|poke|p2|Darmanitan-Galar, M|\n|poke|p2|Toxapex, F|\n|poke|p2|Bisharp, M|\n|teampreview\n|\n|t:|1698627387\n|start\n|switch|p1a: Shuckle|Shuckle, M, shiny|100\/100\n|switch|p2a: Pelipper|Pelipper, M|100\/100\n|-weather|RainDance|[from] ability: Drizzle|[of] p2a: Pelipper\n|turn|1\n|\n|t:|1698627393\n|move|p2a: Pelipper|Scald|p1a: Shuckle\n|-supereffective|p1a: Shuckle\n|-damage|p1a: Shuckle|46\/100\n|move|p1a: Shuckle|Encore|p2a: Pelipper\n|-start|p2a: Pelipper|Encore\n|\n|-weather|RainDance|[upkeep]\n|upkeep\n|turn|2\n|\n|t:|1698627399\n|switch|p2a: Palafin|Palafin, F|100\/100\n|move|p1a: Shuckle|Sticky Web|p2a: Palafin\n|-sidestart|p2: DGZinn|move: Sticky Web\n|\n|-weather|RainDance|[upkeep]\n|upkeep\n|turn|3\n|\n|t:|1698627404\n|move|p2a: Palafin|Flip Turn|p1a: Shuckle\n|-supereffective|p1a: Shuckle\n|-damage|p1a: Shuckle|0 fnt\n|faint|p1a: Shuckle\n|\n|t:|1698627406\n|detailschange|p2a: Palafin|Palafin-Hero, F\n|switch|p2a: Pelipper|Pelipper, M|100\/100|[from] Flip Turn\n|\n|-weather|RainDance|[upkeep]\n|upkeep\n|\n|t:|1698627411\n|switch|p1a: Regieleki|Regieleki|100\/100\n|turn|4\n|\n|t:|1698627414\n|-terastallize|p2a: Pelipper|Ground\n|move|p1a: Regieleki|Light Screen|p1a: Regieleki\n|-sidestart|p1: Thatweirdkid777|move: Light Screen\n|move|p2a: Pelipper|Defog|p1a: Regieleki\n|-unboost|p1a: Regieleki|evasion|1\n|-sideend|p1: Thatweirdkid777|move: Light Screen\n|-sideend|p2: DGZinn|Sticky Web|[from] move: Defog|[of] p2a: Pelipper\n|\n|-weather|RainDance|[upkeep]\n|upkeep\n|turn|5\n|\n|t:|1698627421\n|move|p1a: Regieleki|Light Screen|p1a: Regieleki\n|-sidestart|p1: Thatweirdkid777|move: Light Screen\n|move|p2a: Pelipper|U-turn|p1a: Regieleki\n|-damage|p1a: Regieleki|88\/100\n|\n|t:|1698627423\n|switch|p2a: Palafin|Palafin-Hero, F|100\/100|[from] U-turn\n|-activate|p2a: Palafin|ability: Zero to Hero\n|\n|-weather|RainDance|[upkeep]\n|upkeep\n|turn|6\n|\n|t:|1698627429\n|move|p2a: Palafin|Jet Punch|p1a: Regieleki\n|-damage|p1a: Regieleki|0 fnt\n|faint|p1a: Regieleki\n|\n|-weather|RainDance|[upkeep]\n|upkeep\n|\n|t:|1698627437\n|switch|p1a: Kyogre|Kyogre|100\/100\n|detailschange|p1a: Kyogre|Kyogre-Primal\n|-primal|p1a: Kyogre|Blue Orb\n|-weather|PrimordialSea|[from] ability: Primordial Sea|[of] p1a: Kyogre\n|turn|7\n|\n|t:|1698627441\n|switch|p2a: Ferrothorn|Ferrothorn, M|100\/100\n|move|p1a: Kyogre|Scald|p2a: Ferrothorn\n|-resisted|p2a: Ferrothorn\n|-damage|p2a: Ferrothorn|73\/100\n|\n|-weather|PrimordialSea|[upkeep]\n|-heal|p2a: Ferrothorn|79\/100|[from] item: Leftovers\n|upkeep\n|turn|8\n|\n|t:|1698627449\n|move|p1a: Kyogre|Calm Mind|p1a: Kyogre\n|-boost|p1a: Kyogre|spa|1\n|-boost|p1a: Kyogre|spd|1\n|move|p2a: Ferrothorn|Leech Seed|p1a: Kyogre\n|-start|p1a: Kyogre|move: Leech Seed\n|\n|-weather|PrimordialSea|[upkeep]\n|-heal|p2a: Ferrothorn|86\/100|[from] item: Leftovers\n|-damage|p1a: Kyogre|88\/100|[from] Leech Seed|[of] p2a: Ferrothorn\n|-heal|p2a: Ferrothorn|99\/100|[silent]\n|upkeep\n|turn|9\n|\n|t:|1698627456\n|move|p1a: Kyogre|Calm Mind|p1a: Kyogre\n|-boost|p1a: Kyogre|spa|1\n|-boost|p1a: Kyogre|spd|1\n|move|p2a: Ferrothorn|Stealth Rock|p1a: Kyogre\n|-sidestart|p1: Thatweirdkid777|move: Stealth Rock\n|\n|-weather|PrimordialSea|[upkeep]\n|-heal|p2a: Ferrothorn|100\/100|[from] item: Leftovers\n|-damage|p1a: Kyogre|76\/100|[from] Leech Seed|[of] p2a: Ferrothorn\n|upkeep\n|turn|10\n|\n|t:|1698627463\n|move|p1a: Kyogre|Ice Beam|p2a: Ferrothorn\n|-damage|p2a: Ferrothorn|50\/100\n|move|p2a: Ferrothorn|Power Whip|p1a: Kyogre\n|-supereffective|p1a: Kyogre\n|-damage|p1a: Kyogre|28\/100\n|\n|-weather|PrimordialSea|[upkeep]\n|-heal|p2a: Ferrothorn|57\/100|[from] item: Leftovers\n|-damage|p1a: Kyogre|16\/100|[from] Leech Seed|[of] p2a: Ferrothorn\n|-heal|p2a: Ferrothorn|71\/100|[silent]\n|upkeep\n|turn|11\n|\n|t:|1698627472\n|move|p2a: Ferrothorn|Protect|p2a: Ferrothorn\n|-singleturn|p2a: Ferrothorn|Protect\n|move|p1a: Kyogre|Ice Beam|p2a: Ferrothorn\n|-activate|p2a: Ferrothorn|move: Protect\n|\n|-weather|PrimordialSea|[upkeep]\n|-heal|p2a: Ferrothorn|77\/100|[from] item: Leftovers\n|-damage|p1a: Kyogre|3\/100|[from] Leech Seed|[of] p2a: Ferrothorn\n|-heal|p2a: Ferrothorn|91\/100|[silent]\n|upkeep\n|turn|12\n|\n|t:|1698627482\n|switch|p2a: Toxapex|Toxapex, F|100\/100\n|move|p1a: Kyogre|Rest|p1a: Kyogre\n|-status|p1a: Kyogre|slp|[from] move: Rest\n|-heal|p1a: Kyogre|100\/100 slp|[silent]\n|\n|-weather|PrimordialSea|[upkeep]\n|-damage|p1a: Kyogre|88\/100 slp|[from] Leech Seed|[of] p2a: Toxapex\n|-sideend|p1: Thatweirdkid777|move: Light Screen\n|upkeep\n|turn|13\n|\n|t:|1698627491\n|cant|p1a: Kyogre|slp\n|move|p2a: Toxapex|Haze|p2a: Toxapex\n|-clearallboost\n|\n|-weather|PrimordialSea|[upkeep]\n|-damage|p1a: Kyogre|76\/100 slp|[from] Leech Seed|[of] p2a: Toxapex\n|upkeep\n|turn|14\n|\n|t:|1698627503\n|-weather|none\n|switch|p1a: Mewtwo|Mewtwo|100\/100\n|-damage|p1a: Mewtwo|88\/100|[from] Stealth Rock\n|-ability|p1a: Mewtwo|Pressure\n|move|p2a: Toxapex|Scald|p1a: Mewtwo\n|-damage|p1a: Mewtwo|69\/100\n|\n|upkeep\n|turn|15\n|\n|t:|1698627513\n|switch|p2a: Bisharp|Bisharp, M|100\/100\n|detailschange|p1a: Mewtwo|Mewtwo-Mega-Y\n|-mega|p1a: Mewtwo|Mewtwo|Mewtwonite Y\n|move|p1a: Mewtwo|Nasty Plot|p1a: Mewtwo\n|-boost|p1a: Mewtwo|spa|2\n|\n|upkeep\n|turn|16\n|\n|t:|1698627520\n|move|p2a: Bisharp|Sucker Punch|p1a: Mewtwo\n|-supereffective|p1a: Mewtwo\n|-damage|p1a: Mewtwo|0 fnt\n|faint|p1a: Mewtwo\n|-damage|p2a: Bisharp|91\/100|[from] item: Life Orb\n|\n|upkeep\n|\n|t:|1698627528\n|switch|p1a: Urshifu|Urshifu, M|100\/100\n|-damage|p1a: Urshifu|94\/100|[from] Stealth Rock\n|turn|17\n|\n|t:|1698627538\n|switch|p2a: Pelipper|Pelipper, M, tera:Ground|100\/100\n|-weather|RainDance|[from] ability: Drizzle|[of] p2a: Pelipper\n|move|p1a: Urshifu|Close Combat|p2a: Pelipper\n|-damage|p2a: Pelipper|50\/100\n|-unboost|p1a: Urshifu|def|1\n|-unboost|p1a: Urshifu|spd|1\n|\n|-weather|RainDance|[upkeep]\n|upkeep\n|turn|18\n|\n|t:|1698627548\n|move|p1a: Urshifu|Wicked Blow|p2a: Pelipper\n|-crit|p2a: Pelipper\n|-damage|p2a: Pelipper|0 fnt\n|faint|p2a: Pelipper\n|\n|-weather|RainDance|[upkeep]\n|upkeep\n|\n|t:|1698627550\n|switch|p2a: Palafin|Palafin-Hero, F|100\/100\n|turn|19\n|\n|t:|1698627556\n|move|p1a: Urshifu|Sucker Punch|p2a: Palafin\n|-damage|p2a: Palafin|53\/100\n|move|p2a: Palafin|Jet Punch|p1a: Urshifu\n|-damage|p1a: Urshifu|0 fnt\n|faint|p1a: Urshifu\n|\n|-weather|RainDance|[upkeep]\n|upkeep\n|-message|Thatweirdkid777 forfeited.\n|\n|win|DGZinn\n|raw|Thatweirdkid777's rating: 1314 &rarr; <strong>1291<\/strong><br \/>(-23 for losing)\n|raw|DGZinn's rating: 1265 &rarr; <strong>1294<\/strong><br \/>(+29 for winning)\n|l|\u2606Thatweirdkid777\n","uploadtime":1698627571,"views":18,"p1id":"thatweirdkid777","p2id":"dgzinn","formatid":"gen9nationaldexubers","rating":1291,"private":0,"password":""}