{"id":"gen9nationaldexubers-1993562240","p1":"hello34","p2":"time tematico","format":"[Gen 9] National Dex Ubers","log":"|j|\u2606hello34\n|j|\u2606time tematico\n|t:|1700332021\n|gametype|singles\n|player|p1|hello34|marshal|1102\n|player|p2|time tematico|265|1153\n|teamsize|p1|6\n|teamsize|p2|6\n|gen|9\n|tier|[Gen 9] National Dex Ubers\n|rated|\n|rule|HP Percentage Mod: HP is shown in percentages\n|rule|Endless Battle Clause: Forcing endless battles is banned\n|rule|OHKO Clause: OHKO moves are banned\n|rule|Evasion Moves Clause: Evasion moves are banned\n|rule|Evasion Items Clause: Evasion items are banned\n|rule|Species Clause: Limit one of each Pok\u00e9mon\n|rule|Sleep Clause Mod: Limit one foe put to sleep\n|rule|Mega Rayquaza Clause: You cannot mega evolve Rayquaza\n|clearpoke\n|poke|p1|Lopunny, F|\n|poke|p1|Audino, M|\n|poke|p1|Doublade, F|\n|poke|p1|Venusaur, M|\n|poke|p1|Braviary, M|\n|poke|p1|Boltund, F|\n|poke|p2|Scizor, M|\n|poke|p2|Groudon|\n|poke|p2|Cradily, F|\n|poke|p2|Zoroark-Hisui, M|\n|poke|p2|Cloyster, M|\n|poke|p2|Rayquaza|\n|teampreview\n|inactive|Battle timer is ON: inactive players will automatically lose when time's up. (requested by hello34)\n|\n|t:|1700332040\n|start\n|switch|p1a: Boltund|Boltund, F|100\/100\n|switch|p2a: Scizor|Scizor, M|100\/100\n|turn|1\n|\n|t:|1700332053\n|-terastallize|p1a: Boltund|Electric\n|move|p1a: Boltund|Fire Fang|p2a: Scizor|[miss]\n|-miss|p1a: Boltund|p2a: Scizor\n|move|p2a: Scizor|Nasty Plot|p2a: Scizor\n|-boost|p2a: Scizor|spa|2\n|\n|upkeep\n|turn|2\n|\n|t:|1700332065\n|move|p1a: Boltund|Crunch|p2a: Scizor\n|-supereffective|p2a: Scizor\n|-damage|p2a: Scizor|0 fnt\n|replace|p2a: Zoroark|Zoroark-Hisui, M\n|-end|p2a: Zoroark|Illusion\n|faint|p2a: Zoroark\n|-damage|p1a: Boltund|91\/100|[from] item: Life Orb\n|\n|upkeep\n|\n|t:|1700332080\n|switch|p2a: Groudon|Groudon|100\/100\n|detailschange|p2a: Groudon|Groudon-Primal\n|-primal|p2a: Groudon|Red Orb\n|-weather|DesolateLand|[from] ability: Desolate Land|[of] p2a: Groudon\n|turn|3\n|\n|t:|1700332093\n|move|p1a: Boltund|Psychic Fangs|p2a: Groudon\n|-crit|p2a: Groudon\n|-damage|p2a: Groudon|62\/100\n|-damage|p1a: Boltund|81\/100|[from] item: Life Orb\n|move|p2a: Groudon|Rock Polish|p2a: Groudon\n|-boost|p2a: Groudon|spe|2\n|\n|-weather|DesolateLand|[upkeep]\n|upkeep\n|turn|4\n|\n|t:|1700332106\n|move|p2a: Groudon|Swords Dance|p2a: Groudon\n|-boost|p2a: Groudon|atk|2\n|move|p1a: Boltund|Psychic Fangs|p2a: Groudon\n|-damage|p2a: Groudon|36\/100\n|-damage|p1a: Boltund|71\/100|[from] item: Life Orb\n|\n|-weather|DesolateLand|[upkeep]\n|upkeep\n|turn|5\n|\n|t:|1700332117\n|move|p2a: Groudon|Earthquake|p1a: Boltund\n|-supereffective|p1a: Boltund\n|-damage|p1a: Boltund|0 fnt\n|faint|p1a: Boltund\n|\n|-weather|DesolateLand|[upkeep]\n|upkeep\n|\n|t:|1700332129\n|switch|p1a: Doublade|Doublade, F|100\/100\n|turn|6\n|\n|t:|1700332146\n|move|p2a: Groudon|Earthquake|p1a: Doublade\n|-supereffective|p1a: Doublade\n|-damage|p1a: Doublade|0 fnt\n|faint|p1a: Doublade\n|\n|-weather|DesolateLand|[upkeep]\n|upkeep\n|\n|t:|1700332151\n|switch|p1a: Braviary|Braviary, M|100\/100\n|turn|7\n|\n|t:|1700332158\n|move|p2a: Groudon|Heat Crash|p1a: Braviary\n|-damage|p1a: Braviary|0 fnt\n|faint|p1a: Braviary\n|\n|-weather|DesolateLand|[upkeep]\n|upkeep\n|\n|t:|1700332165\n|switch|p1a: Lopunny|Lopunny, F|100\/100\n|turn|8\n|\n|t:|1700332172\n|detailschange|p1a: Lopunny|Lopunny-Mega, F\n|-mega|p1a: Lopunny|Lopunny|Lopunnite\n|move|p1a: Lopunny|Fake Out|p2a: Groudon\n|-damage|p2a: Groudon|23\/100\n|cant|p2a: Groudon|flinch\n|\n|-weather|DesolateLand|[upkeep]\n|upkeep\n|turn|9\n|\n|t:|1700332181\n|switch|p1a: Audino|Audino, M|100\/100\n|move|p2a: Groudon|Earthquake|p1a: Audino\n|-damage|p1a: Audino|0 fnt\n|faint|p1a: Audino\n|\n|-weather|DesolateLand|[upkeep]\n|upkeep\n|\n|t:|1700332188\n|switch|p1a: Lopunny|Lopunny-Mega, F|100\/100\n|turn|10\n|\n|t:|1700332204\n|move|p1a: Lopunny|Fake Out|p2a: Groudon\n|-damage|p2a: Groudon|10\/100\n|cant|p2a: Groudon|flinch\n|\n|-weather|DesolateLand|[upkeep]\n|upkeep\n|turn|11\n|\n|t:|1700332212\n|switch|p1a: Venusaur|Venusaur, M|100\/100\n|move|p2a: Groudon|Heat Crash|p1a: Venusaur\n|-supereffective|p1a: Venusaur\n|-damage|p1a: Venusaur|0 fnt\n|faint|p1a: Venusaur\n|\n|-weather|DesolateLand|[upkeep]\n|upkeep\n|\n|t:|1700332220\n|switch|p1a: Lopunny|Lopunny-Mega, F|100\/100\n|turn|12\n|\n|t:|1700332225\n|move|p1a: Lopunny|Fake Out|p2a: Groudon\n|-damage|p2a: Groudon|0 fnt\n|faint|p2a: Groudon\n|-weather|none\n|\n|upkeep\n|\n|t:|1700332235\n|switch|p2a: Scizor|Scizor, M|100\/100\n|turn|13\n|\n|t:|1700332243\n|detailschange|p2a: Scizor|Scizor-Mega, M\n|-mega|p2a: Scizor|Scizor|Scizorite\n|move|p1a: Lopunny|High Jump Kick|p2a: Scizor\n|-damage|p2a: Scizor|44\/100\n|move|p2a: Scizor|Swords Dance|p2a: Scizor\n|-boost|p2a: Scizor|atk|2\n|\n|upkeep\n|turn|14\n|\n|t:|1700332255\n|move|p2a: Scizor|Bullet Punch|p1a: Lopunny\n|-crit|p1a: Lopunny\n|-damage|p1a: Lopunny|0 fnt\n|faint|p1a: Lopunny\n|\n|win|time tematico\n|raw|hello34's rating: 1102 &rarr; <strong>1081<\/strong><br \/>(-21 for losing)\n|raw|time tematico's rating: 1153 &rarr; <strong>1174<\/strong><br \/>(+21 for winning)\n|l|\u2606hello34\n","uploadtime":1700332271,"views":7,"p1id":"hello34","p2id":"timetematico","formatid":"gen9nationaldexubers","rating":1081,"private":0,"password":""}