{"id":"gen9nationaldexubers-1978849927","p1":"JustinRuggs","p2":"MarshadowBoy222","format":"[Gen 9] National Dex Ubers","log":"|j|\u2606JustinRuggs\n|j|\u2606MarshadowBoy222\n|t:|1698602514\n|gametype|singles\n|player|p1|JustinRuggs|gambler|1152\n|player|p2|MarshadowBoy222|hilbert|1083\n|teamsize|p1|6\n|teamsize|p2|6\n|gen|9\n|tier|[Gen 9] National Dex Ubers\n|rated|\n|rule|HP Percentage Mod: HP is shown in percentages\n|rule|Endless Battle Clause: Forcing endless battles is banned\n|rule|OHKO Clause: OHKO moves are banned\n|rule|Evasion Moves Clause: Evasion moves are banned\n|rule|Evasion Items Clause: Evasion items are banned\n|rule|Species Clause: Limit one of each Pok\u00e9mon\n|rule|Sleep Clause Mod: Limit one foe put to sleep\n|rule|Mega Rayquaza Clause: You cannot mega evolve Rayquaza\n|clearpoke\n|poke|p1|Dragonite, F|\n|poke|p1|Raichu, F|\n|poke|p1|Galvantula, F|\n|poke|p1|Pheromosa|\n|poke|p1|Bisharp, M|\n|poke|p1|Gabite, F|\n|poke|p2|Marshadow|\n|poke|p2|Umbreon, F|\n|poke|p2|Pyukumuku, F|\n|poke|p2|Salamence, M|\n|poke|p2|Pawmot, M|\n|poke|p2|Clodsire, F|\n|teampreview\n|\n|t:|1698602521\n|start\n|switch|p1a: Raichu|Raichu, F|100\/100\n|switch|p2a: Pawmot|Pawmot, M|100\/100\n|turn|1\n|inactive|Battle timer is ON: inactive players will automatically lose when time's up. (requested by MarshadowBoy222)\n|\n|t:|1698602528\n|move|p2a: Pawmot|Ice Punch|p1a: Raichu\n|-damage|p1a: Raichu|47\/100\n|move|p1a: Raichu|Volt Switch|p2a: Pawmot\n|-resisted|p2a: Pawmot\n|-damage|p2a: Pawmot|82\/100\n|\n|t:|1698602532\n|switch|p1a: Gabite|Gabite, F|100\/100|[from] Volt Switch\n|\n|-heal|p2a: Pawmot|88\/100|[from] item: Leftovers\n|upkeep\n|turn|2\n|\n|t:|1698602536\n|move|p2a: Pawmot|Ice Punch|p1a: Gabite\n|-supereffective|p1a: Gabite\n|-enditem|p1a: Gabite|Focus Sash\n|-damage|p1a: Gabite|1\/100\n|-damage|p2a: Pawmot|75\/100|[from] ability: Rough Skin|[of] p1a: Gabite\n|move|p1a: Gabite|Earthquake|p2a: Pawmot\n|-supereffective|p2a: Pawmot\n|-damage|p2a: Pawmot|0 fnt\n|faint|p2a: Pawmot\n|\n|upkeep\n|\n|t:|1698602545\n|switch|p2a: Marshy|Marshadow|100\/100\n|turn|3\n|\n|t:|1698602547\n|move|p2a: Marshy|Shadow Sneak|p1a: Gabite\n|-damage|p1a: Gabite|0 fnt\n|-damage|p2a: Marshy|88\/100|[from] ability: Rough Skin|[of] p1a: Gabite\n|faint|p1a: Gabite\n|\n|upkeep\n|\n|t:|1698602551\n|switch|p1a: Bisharp|Bisharp, M|100\/100\n|turn|4\n|\n|t:|1698602556\n|move|p1a: Bisharp|Sucker Punch||[still]\n|-fail|p1a: Bisharp\n|move|p2a: Marshy|Bulk Up|p2a: Marshy\n|-boost|p2a: Marshy|atk|1\n|-boost|p2a: Marshy|def|1\n|\n|upkeep\n|turn|5\n|\n|t:|1698602563\n|move|p2a: Marshy|Bulk Up|p2a: Marshy\n|-boost|p2a: Marshy|atk|1\n|-boost|p2a: Marshy|def|1\n|move|p1a: Bisharp|Pursuit|p2a: Marshy\n|-damage|p2a: Marshy|75\/100\n|\n|upkeep\n|turn|6\n|\n|t:|1698602570\n|move|p2a: Marshy|Bulk Up|p2a: Marshy\n|-boost|p2a: Marshy|atk|1\n|-boost|p2a: Marshy|def|1\n|move|p1a: Bisharp|Poison Jab|p2a: Marshy\n|-resisted|p2a: Marshy\n|-damage|p2a: Marshy|68\/100\n|-status|p2a: Marshy|psn\n|\n|-damage|p2a: Marshy|55\/100 psn|[from] psn\n|upkeep\n|turn|7\n|\n|t:|1698602579\n|switch|p1a: Raichu|Raichu, F|47\/100\n|move|p2a: Marshy|Drain Punch|p1a: Raichu\n|-damage|p1a: Raichu|0 fnt\n|-heal|p2a: Marshy|79\/100 psn|[from] drain|[of] p1a: Raichu\n|faint|p1a: Raichu\n|\n|-damage|p2a: Marshy|67\/100 psn|[from] psn\n|upkeep\n|\n|t:|1698602593\n|switch|p1a: Galvantula|Galvantula, F|100\/100\n|turn|8\n|\n|t:|1698602598\n|move|p2a: Marshy|Drain Punch|p1a: Galvantula\n|-resisted|p1a: Galvantula\n|-damage|p1a: Galvantula|13\/100\n|-heal|p2a: Marshy|100\/100 psn|[from] drain|[of] p1a: Galvantula\n|move|p1a: Galvantula|Giga Drain|p2a: Marshy\n|-damage|p2a: Marshy|76\/100 psn\n|-heal|p1a: Galvantula|27\/100|[from] drain|[of] p2a: Marshy\n|\n|-damage|p2a: Marshy|63\/100 psn|[from] psn\n|upkeep\n|turn|9\n|\n|t:|1698602607\n|move|p2a: Marshy|Shadow Sneak|p1a: Galvantula\n|-damage|p1a: Galvantula|0 fnt\n|faint|p1a: Galvantula\n|\n|-damage|p2a: Marshy|51\/100 psn|[from] psn\n|upkeep\n|\n|t:|1698602610\n|switch|p1a: Bisharp|Bisharp, M|100\/100\n|turn|10\n|\n|t:|1698602614\n|move|p1a: Bisharp|Sucker Punch||[still]\n|-fail|p1a: Bisharp\n|move|p2a: Marshy|Bulk Up|p2a: Marshy\n|-boost|p2a: Marshy|atk|1\n|-boost|p2a: Marshy|def|1\n|\n|-damage|p2a: Marshy|38\/100 psn|[from] psn\n|upkeep\n|turn|11\n|\n|t:|1698602622\n|move|p2a: Marshy|Drain Punch|p1a: Bisharp\n|-supereffective|p1a: Bisharp\n|-damage|p1a: Bisharp|0 fnt\n|-heal|p2a: Marshy|90\/100 psn|[from] drain|[of] p1a: Bisharp\n|faint|p1a: Bisharp\n|\n|-damage|p2a: Marshy|78\/100 psn|[from] psn\n|upkeep\n|\n|t:|1698602625\n|switch|p1a: Pheromosa|Pheromosa|100\/100\n|turn|12\n|c|\u2606MarshadowBoy222|gg\n|\n|t:|1698602631\n|move|p1a: Pheromosa|Ice Beam|p2a: Marshy\n|-damage|p2a: Marshy|36\/100 psn\n|-damage|p1a: Pheromosa|91\/100|[from] item: Life Orb\n|-zpower|p2a: Marshy\n|move|p2a: Marshy|Soul-Stealing 7-Star Strike|p1a: Pheromosa|[zeffect]\n|-damage|p1a: Pheromosa|0 fnt\n|faint|p1a: Pheromosa\n|\n|-damage|p2a: Marshy|23\/100 psn|[from] psn\n|upkeep\n|\n|t:|1698602638\n|switch|p1a: Dragonite|Dragonite, F|100\/100\n|turn|13\n|\n|t:|1698602649\n|-terastallize|p1a: Dragonite|Dragon\n|move|p2a: Marshy|Drain Punch|p1a: Dragonite\n|-damage|p1a: Dragonite|40\/100\n|-heal|p2a: Marshy|54\/100 psn|[from] drain|[of] p1a: Dragonite\n|move|p1a: Dragonite|Fire Punch|p2a: Marshy\n|-damage|p2a: Marshy|42\/100 psn\n|\n|-heal|p1a: Dragonite|46\/100|[from] item: Leftovers\n|-damage|p2a: Marshy|29\/100 psn|[from] psn\n|upkeep\n|turn|14\n|\n|t:|1698602656\n|move|p2a: Marshy|Drain Punch|p1a: Dragonite\n|-damage|p1a: Dragonite|0 fnt\n|-heal|p2a: Marshy|53\/100 psn|[from] drain|[of] p1a: Dragonite\n|faint|p1a: Dragonite\n|\n|win|MarshadowBoy222\n|raw|JustinRuggs's rating: 1152 &rarr; <strong>1122<\/strong><br \/>(-30 for losing)\n|raw|MarshadowBoy222's rating: 1083 &rarr; <strong>1116<\/strong><br \/>(+33 for winning)\n","uploadtime":1698602662,"views":8,"p1id":"justinruggs","p2id":"marshadowboy222","formatid":"gen9nationaldexubers","rating":1116,"private":0,"password":""}