{"id":"gen9nationaldexubers-1988113054","p1":"hgfbbbvg","p2":"R0n-McD0n","format":"[Gen 9] National Dex Ubers","log":"|j|\u2606hgfbbbvg\n|j|\u2606R0n-McD0n\n|t:|1699671129\n|gametype|singles\n|player|p1|hgfbbbvg|101|1111\n|player|p2|R0n-McD0n|will|1166\n|teamsize|p1|6\n|teamsize|p2|6\n|gen|9\n|tier|[Gen 9] National Dex Ubers\n|rated|\n|rule|HP Percentage Mod: HP is shown in percentages\n|rule|Endless Battle Clause: Forcing endless battles is banned\n|rule|OHKO Clause: OHKO moves are banned\n|rule|Evasion Moves Clause: Evasion moves are banned\n|rule|Evasion Items Clause: Evasion items are banned\n|rule|Species Clause: Limit one of each Pok\u00e9mon\n|rule|Sleep Clause Mod: Limit one foe put to sleep\n|rule|Mega Rayquaza Clause: You cannot mega evolve Rayquaza\n|clearpoke\n|poke|p1|Xerneas-*|\n|poke|p1|Zygarde|\n|poke|p1|Chansey, F|\n|poke|p1|Ferrothorn, F|\n|poke|p1|Ho-Oh|\n|poke|p1|Necrozma-Dusk-Mane|\n|poke|p2|Giratina-Origin|\n|poke|p2|Dialga-Origin|\n|poke|p2|Palkia-Origin|\n|poke|p2|Eternatus|\n|poke|p2|Necrozma-Dusk-Mane|\n|poke|p2|Kyurem-White|\n|teampreview\n|\n|t:|1699671135\n|start\n|switch|p1a: Necrozma|Necrozma-Dusk-Mane|100\/100\n|switch|p2a: Time warp|Dialga-Origin, shiny|100\/100\n|-ability|p2a: Time warp|Pressure\n|turn|1\n|inactive|Battle timer is ON: inactive players will automatically lose when time's up. (requested by hgfbbbvg)\n|\n|t:|1699671144\n|move|p2a: Time warp|Stealth Rock|p1a: Necrozma\n|-sidestart|p1: hgfbbbvg|move: Stealth Rock\n|move|p1a: Necrozma|Trick Room|p1a: Necrozma\n|-fieldstart|move: Trick Room|[of] p1a: Necrozma\n|\n|upkeep\n|turn|2\n|\n|t:|1699671152\n|move|p1a: Necrozma|Swords Dance|p1a: Necrozma\n|-boost|p1a: Necrozma|atk|2\n|move|p2a: Time warp|Dragon Tail|p1a: Necrozma\n|-resisted|p1a: Necrozma\n|-damage|p1a: Necrozma|92\/100\n|drag|p1a: Zygarde|Zygarde, shiny|100\/100\n|-damage|p1a: Zygarde|94\/100|[from] Stealth Rock\n|\n|-heal|p1a: Zygarde|100\/100|[from] item: Leftovers\n|upkeep\n|turn|3\n|\n|t:|1699671163\n|move|p1a: Zygarde|Glare|p2a: Time warp\n|-status|p2a: Time warp|par\n|move|p2a: Time warp|Draco Meteor|p1a: Zygarde\n|-supereffective|p1a: Zygarde\n|-damage|p1a: Zygarde|0 fnt\n|-unboost|p2a: Time warp|spa|2\n|faint|p1a: Zygarde\n|\n|upkeep\n|\n|t:|1699671173\n|switch|p1a: Ho-Oh|Ho-Oh, shiny|100\/100\n|turn|4\n|\n|t:|1699671177\n|move|p1a: Ho-Oh|Defog|p2a: Time warp\n|-unboost|p2a: Time warp|evasion|1\n|-sideend|p1: hgfbbbvg|Stealth Rock|[from] move: Defog|[of] p1a: Ho-Oh\n|move|p2a: Time warp|Dragon Tail|p1a: Ho-Oh|[miss]\n|-miss|p2a: Time warp|p1a: Ho-Oh\n|\n|upkeep\n|turn|5\n|\n|t:|1699671187\n|move|p2a: Time warp|Dragon Tail|p1a: Ho-Oh\n|-damage|p1a: Ho-Oh|86\/100\n|drag|p1a: Xerneas|Xerneas, shiny|100\/100\n|-ability|p1a: Xerneas|Fairy Aura\n|\n|-fieldend|move: Trick Room\n|upkeep\n|turn|6\n|\n|t:|1699671196\n|move|p1a: Xerneas|Moonblast|p2a: Time warp\n|-damage|p2a: Time warp|47\/100 par\n|-unboost|p2a: Time warp|spa|1\n|move|p2a: Time warp|Steel Beam|p1a: Xerneas\n|-supereffective|p1a: Xerneas\n|-damage|p1a: Xerneas|47\/100\n|-damage|p2a: Time warp|0 fnt|[from] steelbeam\n|faint|p2a: Time warp\n|\n|upkeep\n|\n|t:|1699671205\n|switch|p2a: telapoter|Palkia-Origin, shiny|100\/100\n|-ability|p2a: telapoter|Pressure\n|turn|7\n|\n|t:|1699671210\n|switch|p1a: Chansey|Chansey, F, shiny|100\/100\n|move|p2a: telapoter|Hydro Pump|p1a: Chansey\n|-damage|p1a: Chansey|76\/100\n|\n|upkeep\n|turn|8\n|\n|t:|1699671216\n|move|p2a: telapoter|Draco Meteor|p1a: Chansey\n|-damage|p1a: Chansey|49\/100\n|-unboost|p2a: telapoter|spa|2\n|move|p1a: Chansey|Thunder Wave|p2a: telapoter\n|-status|p2a: telapoter|par\n|\n|upkeep\n|turn|9\n|\n|t:|1699671225\n|move|p2a: telapoter|Draco Meteor|p1a: Chansey\n|-damage|p1a: Chansey|34\/100\n|-unboost|p2a: telapoter|spa|2\n|move|p1a: Chansey|Wish|p1a: Chansey\n|\n|upkeep\n|turn|10\n|\n|t:|1699671236\n|move|p2a: telapoter|Draco Meteor|p1a: Chansey\n|-damage|p1a: Chansey|24\/100\n|-unboost|p2a: telapoter|spa|2\n|move|p1a: Chansey|Seismic Toss|p2a: telapoter\n|-damage|p2a: telapoter|69\/100 par\n|\n|-heal|p1a: Chansey|74\/100|[from] move: Wish|[wisher] Chansey\n|upkeep\n|turn|11\n|\n|t:|1699671245\n|move|p2a: telapoter|Fire Blast|p1a: Chansey|[miss]\n|-miss|p2a: telapoter|p1a: Chansey\n|move|p1a: Chansey|Wish|p1a: Chansey\n|\n|upkeep\n|turn|12\n|\n|t:|1699671251\n|switch|p1a: Xerneas|Xerneas, shiny|47\/100\n|-ability|p1a: Xerneas|Fairy Aura\n|move|p2a: telapoter|Fire Blast|p1a: Xerneas\n|-damage|p1a: Xerneas|38\/100\n|\n|-heal|p1a: Xerneas|100\/100|[from] move: Wish|[wisher] Chansey\n|upkeep\n|turn|13\n|\n|t:|1699671262\n|move|p1a: Xerneas|Moonblast|p2a: telapoter\n|-supereffective|p2a: telapoter\n|-damage|p2a: telapoter|0 fnt\n|faint|p2a: telapoter\n|\n|upkeep\n|\n|t:|1699671266\n|switch|p2a: snake boi|Giratina-Origin, shiny|100\/100\n|turn|14\n|\n|t:|1699671278\n|switch|p1a: Ferrothorn|Ferrothorn, F, shiny|100\/100\n|move|p2a: snake boi|Shadow Force||[still]\n|-prepare|p2a: snake boi|Shadow Force\n|\n|upkeep\n|turn|15\n|\n|t:|1699671283\n|move|p2a: snake boi|Shadow Force|p1a: Ferrothorn|[from]lockedmove\n|-damage|p1a: Ferrothorn|46\/100\n|-damage|p2a: snake boi|88\/100|[from] ability: Iron Barbs|[of] p1a: Ferrothorn\n|move|p1a: Ferrothorn|Thunder Wave|p2a: snake boi\n|-status|p2a: snake boi|par\n|\n|-heal|p1a: Ferrothorn|52\/100|[from] item: Leftovers\n|upkeep\n|turn|16\n|\n|t:|1699671298\n|move|p2a: snake boi|Shadow Force||[still]\n|-prepare|p2a: snake boi|Shadow Force\n|move|p1a: Ferrothorn|Leech Seed|p2a: snake boi|[miss]\n|-miss|p1a: Ferrothorn|p2a: snake boi\n|\n|-heal|p1a: Ferrothorn|58\/100|[from] item: Leftovers\n|upkeep\n|turn|17\n|\n|t:|1699671305\n|switch|p1a: Chansey|Chansey, F, shiny|74\/100\n|move|p2a: snake boi|Shadow Force|p1a: Chansey|[from]lockedmove\n|-immune|p1a: Chansey\n|\n|upkeep\n|turn|18\n|\n|t:|1699671311\n|move|p1a: Chansey|Wish|p1a: Chansey\n|move|p2a: snake boi|Outrage|p1a: Chansey\n|-damage|p1a: Chansey|26\/100\n|\n|upkeep\n|turn|19\n|\n|t:|1699671320\n|move|p1a: Chansey|Protect|p1a: Chansey\n|-singleturn|p1a: Chansey|Protect\n|move|p2a: snake boi|Outrage|p1a: Chansey|[from]lockedmove\n|-activate|p1a: Chansey|move: Protect\n|\n|-heal|p1a: Chansey|76\/100|[from] move: Wish|[wisher] Chansey\n|upkeep\n|turn|20\n|\n|t:|1699671330\n|switch|p1a: Xerneas|Xerneas, shiny|100\/100\n|-ability|p1a: Xerneas|Fairy Aura\n|move|p2a: snake boi|Dragon Tail|p1a: Xerneas\n|-immune|p1a: Xerneas\n|\n|upkeep\n|turn|21\n|\n|t:|1699671337\n|move|p2a: snake boi|Shadow Sneak|p1a: Xerneas\n|-damage|p1a: Xerneas|81\/100\n|move|p1a: Xerneas|Moonblast|p2a: snake boi\n|-supereffective|p2a: snake boi\n|-damage|p2a: snake boi|0 fnt\n|faint|p2a: snake boi\n|\n|upkeep\n|\n|t:|1699671344\n|switch|p2a: White Privelage|Kyurem-White, shiny|100\/100\n|-ability|p2a: White Privelage|Turboblaze\n|turn|22\n|\n|t:|1699671363\n|switch|p1a: Ho-Oh|Ho-Oh, shiny|100\/100\n|move|p2a: White Privelage|Fusion Flare|p1a: Ho-Oh\n|-resisted|p1a: Ho-Oh\n|-damage|p1a: Ho-Oh|85\/100\n|\n|upkeep\n|turn|23\n|\n|t:|1699671369\n|switch|p2a: poison go brrrr|Eternatus, shiny|100\/100\n|-ability|p2a: poison go brrrr|Pressure\n|move|p1a: Ho-Oh|Sacred Fire|p2a: poison go brrrr\n|-resisted|p2a: poison go brrrr\n|-damage|p2a: poison go brrrr|84\/100\n|-status|p2a: poison go brrrr|brn\n|\n|-damage|p2a: poison go brrrr|78\/100 brn|[from] brn\n|upkeep\n|turn|24\n|\n|t:|1699671381\n|switch|p1a: Chansey|Chansey, F, shiny|76\/100\n|move|p2a: poison go brrrr|Toxic|p1a: Chansey\n|-status|p1a: Chansey|tox\n|\n|-damage|p1a: Chansey|70\/100 tox|[from] psn\n|-damage|p2a: poison go brrrr|72\/100 brn|[from] brn\n|upkeep\n|turn|25\n|\n|t:|1699671390\n|-curestatus|p1a: Chansey|tox|[from] ability: Natural Cure\n|switch|p1a: Ferrothorn|Ferrothorn, F, shiny|58\/100\n|move|p2a: poison go brrrr|Dynamax Cannon|p1a: Ferrothorn\n|-resisted|p1a: Ferrothorn\n|-damage|p1a: Ferrothorn|42\/100\n|\n|-heal|p1a: Ferrothorn|48\/100|[from] item: Leftovers\n|-damage|p2a: poison go brrrr|66\/100 brn|[from] brn\n|upkeep\n|turn|26\n|\n|t:|1699671400\n|move|p1a: Ferrothorn|Protect|p1a: Ferrothorn\n|-singleturn|p1a: Ferrothorn|Protect\n|move|p2a: poison go brrrr|Flamethrower|p1a: Ferrothorn\n|-activate|p1a: Ferrothorn|move: Protect\n|\n|-heal|p1a: Ferrothorn|54\/100|[from] item: Leftovers\n|-damage|p2a: poison go brrrr|60\/100 brn|[from] brn\n|upkeep\n|turn|27\n|\n|t:|1699671409\n|switch|p1a: Chansey|Chansey, F, shiny|70\/100\n|move|p2a: poison go brrrr|Flamethrower|p1a: Chansey\n|-damage|p1a: Chansey|62\/100\n|\n|-damage|p2a: poison go brrrr|54\/100 brn|[from] brn\n|upkeep\n|turn|28\n|\n|t:|1699671417\n|move|p2a: poison go brrrr|Recover|p2a: poison go brrrr\n|-heal|p2a: poison go brrrr|100\/100 brn\n|move|p1a: Chansey|Wish|p1a: Chansey\n|\n|-damage|p2a: poison go brrrr|94\/100 brn|[from] brn\n|upkeep\n|turn|29\n|\n|t:|1699671424\n|move|p2a: poison go brrrr|Dynamax Cannon|p1a: Chansey\n|-damage|p1a: Chansey|48\/100\n|move|p1a: Chansey|Seismic Toss|p2a: poison go brrrr\n|-damage|p2a: poison go brrrr|73\/100 brn\n|\n|-heal|p1a: Chansey|98\/100|[from] move: Wish|[wisher] Chansey\n|-damage|p2a: poison go brrrr|67\/100 brn|[from] brn\n|upkeep\n|turn|30\n|\n|t:|1699671434\n|move|p2a: poison go brrrr|Toxic|p1a: Chansey\n|-status|p1a: Chansey|tox\n|move|p1a: Chansey|Wish|p1a: Chansey\n|\n|-damage|p1a: Chansey|92\/100 tox|[from] psn\n|-damage|p2a: poison go brrrr|61\/100 brn|[from] brn\n|upkeep\n|turn|31\n|\n|t:|1699671441\n|-curestatus|p1a: Chansey|tox|[from] ability: Natural Cure\n|switch|p1a: Ferrothorn|Ferrothorn, F, shiny|54\/100\n|move|p2a: poison go brrrr|Recover|p2a: poison go brrrr\n|-heal|p2a: poison go brrrr|100\/100 brn\n|\n|-heal|p1a: Ferrothorn|100\/100|[from] move: Wish|[wisher] Chansey\n|-damage|p2a: poison go brrrr|94\/100 brn|[from] brn\n|upkeep\n|turn|32\n|\n|t:|1699671455\n|move|p2a: poison go brrrr|Toxic|p1a: Ferrothorn\n|-immune|p1a: Ferrothorn\n|move|p1a: Ferrothorn|Knock Off|p2a: poison go brrrr\n|-damage|p2a: poison go brrrr|77\/100 brn\n|-enditem|p2a: poison go brrrr|Heavy-Duty Boots|[from] move: Knock Off|[of] p1a: Ferrothorn\n|\n|-damage|p2a: poison go brrrr|71\/100 brn|[from] brn\n|upkeep\n|turn|33\n|\n|t:|1699671464\n|move|p2a: poison go brrrr|Flamethrower|p1a: Ferrothorn\n|-supereffective|p1a: Ferrothorn\n|-damage|p1a: Ferrothorn|14\/100\n|move|p1a: Ferrothorn|Leech Seed|p2a: poison go brrrr\n|-start|p2a: poison go brrrr|move: Leech Seed\n|\n|-heal|p1a: Ferrothorn|20\/100|[from] item: Leftovers\n|-damage|p2a: poison go brrrr|59\/100 brn|[from] Leech Seed|[of] p1a: Ferrothorn\n|-heal|p1a: Ferrothorn|37\/100|[silent]\n|-damage|p2a: poison go brrrr|52\/100 brn|[from] brn\n|upkeep\n|turn|34\n|\n|t:|1699671474\n|move|p1a: Ferrothorn|Protect|p1a: Ferrothorn\n|-singleturn|p1a: Ferrothorn|Protect\n|move|p2a: poison go brrrr|Flamethrower|p1a: Ferrothorn\n|-activate|p1a: Ferrothorn|move: Protect\n|\n|-heal|p1a: Ferrothorn|43\/100|[from] item: Leftovers\n|-damage|p2a: poison go brrrr|40\/100 brn|[from] Leech Seed|[of] p1a: Ferrothorn\n|-heal|p1a: Ferrothorn|59\/100|[silent]\n|-damage|p2a: poison go brrrr|34\/100 brn|[from] brn\n|upkeep\n|turn|35\n|\n|t:|1699671484\n|switch|p1a: Chansey|Chansey, F, shiny|92\/100\n|move|p2a: poison go brrrr|Recover|p2a: poison go brrrr\n|-heal|p2a: poison go brrrr|84\/100 brn\n|\n|-damage|p2a: poison go brrrr|72\/100 brn|[from] Leech Seed|[of] p1a: Chansey\n|-heal|p1a: Chansey|99\/100|[silent]\n|-damage|p2a: poison go brrrr|66\/100 brn|[from] brn\n|upkeep\n|turn|36\n|\n|t:|1699671494\n|switch|p2a: White Privelage|Kyurem-White, shiny|100\/100\n|-ability|p2a: White Privelage|Turboblaze\n|move|p1a: Chansey|Wish|p1a: Chansey\n|\n|upkeep\n|turn|37\n|\n|t:|1699671507\n|switch|p1a: Xerneas|Xerneas, shiny|81\/100\n|-ability|p1a: Xerneas|Fairy Aura\n|move|p2a: White Privelage|Ice Beam|p1a: Xerneas\n|-damage|p1a: Xerneas|11\/100\n|\n|-heal|p1a: Xerneas|97\/100|[from] move: Wish|[wisher] Chansey\n|upkeep\n|turn|38\n|\n|t:|1699671517\n|move|p2a: White Privelage|Ice Beam|p1a: Xerneas\n|-damage|p1a: Xerneas|24\/100\n|move|p1a: Xerneas|Geomancy||[still]\n|-prepare|p1a: Xerneas|Geomancy\n|-enditem|p1a: Xerneas|Power Herb\n|-anim|p1a: Xerneas|Geomancy|p1a: Xerneas\n|-boost|p1a: Xerneas|spa|2\n|-boost|p1a: Xerneas|spd|2\n|-boost|p1a: Xerneas|spe|2\n|\n|upkeep\n|turn|39\n|\n|t:|1699671525\n|move|p1a: Xerneas|Moonblast|p2a: White Privelage\n|-supereffective|p2a: White Privelage\n|-damage|p2a: White Privelage|0 fnt\n|faint|p2a: White Privelage\n|\n|upkeep\n|\n|t:|1699671531\n|switch|p2a: LIght|Necrozma-Dusk-Mane, shiny|100\/100\n|turn|40\n|\n|t:|1699671539\n|detailschange|p2a: LIght|Necrozma-Ultra, shiny\n|-burst|p2a: LIght|Necrozma|Ultranecrozium Z\n|move|p1a: Xerneas|Thunder Wave|p2a: LIght\n|-status|p2a: LIght|par\n|move|p2a: LIght|Photon Geyser|p1a: Xerneas\n|-damage|p1a: Xerneas|0 fnt\n|faint|p1a: Xerneas\n|\n|upkeep\n|\n|t:|1699671556\n|switch|p1a: Ferrothorn|Ferrothorn, F, shiny|59\/100\n|turn|41\n|\n|t:|1699671562\n|move|p1a: Ferrothorn|Protect|p1a: Ferrothorn\n|-singleturn|p1a: Ferrothorn|Protect\n|move|p2a: LIght|Earthquake|p1a: Ferrothorn\n|-activate|p1a: Ferrothorn|move: Protect\n|\n|-heal|p1a: Ferrothorn|65\/100|[from] item: Leftovers\n|upkeep\n|turn|42\n|\n|t:|1699671570\n|cant|p2a: LIght|par\n|move|p1a: Ferrothorn|Leech Seed|p2a: LIght\n|-start|p2a: LIght|move: Leech Seed\n|\n|-heal|p1a: Ferrothorn|72\/100|[from] item: Leftovers\n|-damage|p2a: LIght|88\/100 par|[from] Leech Seed|[of] p1a: Ferrothorn\n|-heal|p1a: Ferrothorn|83\/100|[silent]\n|upkeep\n|turn|43\n|\n|t:|1699671578\n|switch|p1a: Ho-Oh|Ho-Oh, shiny|100\/100\n|move|p2a: LIght|Earthquake|p1a: Ho-Oh\n|-immune|p1a: Ho-Oh\n|\n|-damage|p2a: LIght|76\/100 par|[from] Leech Seed|[of] p1a: Ho-Oh\n|upkeep\n|turn|44\n|\n|t:|1699671586\n|move|p1a: Ho-Oh|Brave Bird|p2a: LIght\n|-damage|p2a: LIght|23\/100 par\n|-damage|p1a: Ho-Oh|86\/100|[from] Recoil\n|move|p2a: LIght|Stone Edge|p1a: Ho-Oh\n|-supereffective|p1a: Ho-Oh\n|-damage|p1a: Ho-Oh|0 fnt\n|faint|p1a: Ho-Oh\n|\n|upkeep\n|\n|t:|1699671600\n|switch|p1a: Necrozma|Necrozma-Dusk-Mane|92\/100\n|turn|45\n|\n|t:|1699671604\n|cant|p2a: LIght|par\n|move|p1a: Necrozma|Trick Room|p1a: Necrozma\n|-fieldstart|move: Trick Room|[of] p1a: Necrozma\n|\n|-heal|p1a: Necrozma|98\/100|[from] item: Leftovers\n|-damage|p2a: LIght|11\/100 par|[from] Leech Seed|[of] p1a: Necrozma\n|-heal|p1a: Necrozma|100\/100|[silent]\n|upkeep\n|turn|46\n|\n|t:|1699671612\n|switch|p2a: poison go brrrr|Eternatus, shiny|66\/100 brn\n|-ability|p2a: poison go brrrr|Pressure\n|move|p1a: Necrozma|Iron Head|p2a: poison go brrrr\n|-damage|p2a: poison go brrrr|25\/100 brn\n|\n|-damage|p2a: poison go brrrr|18\/100 brn|[from] brn\n|upkeep\n|turn|47\n|\n|t:|1699671622\n|move|p1a: Necrozma|Iron Head|p2a: poison go brrrr\n|-damage|p2a: poison go brrrr|0 fnt\n|faint|p2a: poison go brrrr\n|\n|upkeep\n|\n|t:|1699671626\n|switch|p2a: LIght|Necrozma-Ultra, shiny|11\/100 par\n|turn|48\n|\n|t:|1699671630\n|move|p1a: Necrozma|Iron Head|p2a: LIght\n|-damage|p2a: LIght|0 fnt\n|faint|p2a: LIght\n|\n|win|hgfbbbvg\n|raw|hgfbbbvg's rating: 1111 &rarr; <strong>1140<\/strong><br \/>(+29 for winning)\n|raw|R0n-McD0n's rating: 1166 &rarr; <strong>1137<\/strong><br \/>(-29 for losing)\n|c|\u2606R0n-McD0n|gg wp\n|l|\u2606R0n-McD0n\n","uploadtime":1699671646,"views":5,"p1id":"hgfbbbvg","p2id":"r0nmcd0n","formatid":"gen9nationaldexubers","rating":1137,"private":0,"password":""}