{"id":"gen9nationaldexubers-2000497523","p1":"Szymszym134","p2":"Bartek15615v2","format":"[Gen 9] National Dex Ubers","log":"|j|\u2606Szymszym134\n|j|\u2606Bartek15615v2\n|t:|1701199794\n|gametype|singles\n|player|p1|Szymszym134|elesa|1607\n|player|p2|Bartek15615v2|cynthia|1576\n|teamsize|p1|6\n|teamsize|p2|6\n|gen|9\n|tier|[Gen 9] National Dex Ubers\n|rated|\n|rule|HP Percentage Mod: HP is shown in percentages\n|rule|Endless Battle Clause: Forcing endless battles is banned\n|rule|OHKO Clause: OHKO moves are banned\n|rule|Evasion Moves Clause: Evasion moves are banned\n|rule|Evasion Items Clause: Evasion items are banned\n|rule|Species Clause: Limit one of each Pok\u00e9mon\n|rule|Sleep Clause Mod: Limit one foe put to sleep\n|rule|Mega Rayquaza Clause: You cannot mega evolve Rayquaza\n|clearpoke\n|poke|p1|Magearna|\n|poke|p1|Arceus-Ground|\n|poke|p1|Yveltal|\n|poke|p1|Ditto|\n|poke|p1|Garganacl, F|\n|poke|p1|Zygarde|\n|poke|p2|Arceus-Dark|\n|poke|p2|Zygarde|\n|poke|p2|Dondozo, F|\n|poke|p2|Chansey, F|\n|poke|p2|Ho-Oh|\n|poke|p2|Eternatus|\n|teampreview\n|inactive|Battle timer is ON: inactive players will automatically lose when time's up. (requested by Szymszym134)\n|c|\u2606Bartek15615v2|noway\n|c|\u2606Szymszym134|Y\n|c|\u2606Bartek15615v2|sale stall\n|\n|t:|1701199814\n|start\n|switch|p1a: Arceus|Arceus-Ground|100\/100\n|switch|p2a: Arceus|Arceus-Dark|100\/100\n|turn|1\n|\n|t:|1701199819\n|move|p1a: Arceus|Taunt|p2a: Arceus\n|-start|p2a: Arceus|move: Taunt\n|cant|p2a: Arceus|move: Taunt|Taunt\n|\n|upkeep\n|turn|2\n|\n|t:|1701199824\n|switch|p2a: Chansey|Chansey, F|100\/100\n|move|p1a: Arceus|Judgment|p2a: Chansey\n|-damage|p2a: Chansey|87\/100\n|\n|upkeep\n|turn|3\n|\n|t:|1701199833\n|switch|p1a: Garganacl|Garganacl, F|100\/100\n|move|p2a: Chansey|Teleport|p2a: Chansey\n|\n|t:|1701199838\n|switch|p2a: Zygarde|Zygarde|100\/100|[from] Teleport\n|\n|upkeep\n|turn|4\n|\n|t:|1701199846\n|switch|p1a: Zygarde|Zygarde|100\/100\n|move|p2a: Zygarde|Thousand Arrows|p1a: Zygarde\n|-damage|p1a: Zygarde|78\/100\n|\n|-heal|p1a: Zygarde|85\/100|[from] item: Leftovers\n|upkeep\n|turn|5\n|\n|t:|1701199854\n|switch|p2a: Arceus|Arceus-Dark|100\/100\n|move|p1a: Zygarde|Coil|p1a: Zygarde\n|-boost|p1a: Zygarde|atk|1\n|-boost|p1a: Zygarde|def|1\n|-boost|p1a: Zygarde|accuracy|1\n|\n|-heal|p1a: Zygarde|91\/100|[from] item: Leftovers\n|upkeep\n|turn|6\n|\n|t:|1701199863\n|switch|p1a: Magearna|Magearna|100\/100\n|move|p2a: Arceus|Foul Play|p1a: Magearna\n|-resisted|p1a: Magearna\n|-damage|p1a: Magearna|90\/100\n|\n|-heal|p1a: Magearna|96\/100|[from] item: Leftovers\n|upkeep\n|turn|7\n|\n|t:|1701199872\n|switch|p2a: Ho-Oh|Ho-Oh|100\/100\n|move|p1a: Magearna|Fleur Cannon|p2a: Ho-Oh\n|-resisted|p2a: Ho-Oh\n|-damage|p2a: Ho-Oh|89\/100\n|-unboost|p1a: Magearna|spa|2\n|\n|-heal|p1a: Magearna|100\/100|[from] item: Leftovers\n|upkeep\n|turn|8\n|\n|t:|1701199885\n|switch|p1a: Garganacl|Garganacl, F|100\/100\n|move|p2a: Ho-Oh|Sacred Fire|p1a: Garganacl\n|-resisted|p1a: Garganacl\n|-damage|p1a: Garganacl|90\/100\n|\n|-heal|p1a: Garganacl|96\/100|[from] item: Leftovers\n|upkeep\n|turn|9\n|\n|t:|1701199894\n|switch|p2a: Zygarde|Zygarde|100\/100\n|move|p1a: Garganacl|Salt Cure|p2a: Zygarde\n|-resisted|p2a: Zygarde\n|-damage|p2a: Zygarde|97\/100\n|-start|p2a: Zygarde|Salt Cure\n|\n|-heal|p2a: Zygarde|100\/100|[from] item: Leftovers\n|-heal|p1a: Garganacl|100\/100|[from] item: Leftovers\n|-damage|p2a: Zygarde|88\/100|[from] Salt Cure\n|upkeep\n|turn|10\n|\n|t:|1701199907\n|switch|p1a: Zygarde|Zygarde|91\/100\n|move|p2a: Zygarde|Glare|p1a: Zygarde\n|-status|p1a: Zygarde|par\n|\n|-heal|p2a: Zygarde|94\/100|[from] item: Leftovers\n|-heal|p1a: Zygarde|97\/100 par|[from] item: Leftovers\n|-damage|p2a: Zygarde|82\/100|[from] Salt Cure\n|upkeep\n|turn|11\n|\n|t:|1701199917\n|switch|p2a: Arceus|Arceus-Dark|100\/100\n|move|p1a: Zygarde|Coil|p1a: Zygarde\n|-boost|p1a: Zygarde|atk|1\n|-boost|p1a: Zygarde|def|1\n|-boost|p1a: Zygarde|accuracy|1\n|\n|-heal|p1a: Zygarde|100\/100 par|[from] item: Leftovers\n|upkeep\n|turn|12\n|\n|t:|1701199928\n|switch|p2a: Ho-Oh|Ho-Oh|100\/100\n|move|p1a: Zygarde|Coil|p1a: Zygarde\n|-boost|p1a: Zygarde|atk|1\n|-boost|p1a: Zygarde|def|1\n|-boost|p1a: Zygarde|accuracy|1\n|\n|upkeep\n|turn|13\n|\n|t:|1701199937\n|switch|p2a: Arceus|Arceus-Dark|100\/100\n|move|p1a: Zygarde|Thousand Arrows|p2a: Arceus\n|-damage|p2a: Arceus|66\/100\n|\n|upkeep\n|turn|14\n|\n|t:|1701199951\n|move|p2a: Arceus|Foul Play|p1a: Zygarde\n|-damage|p1a: Zygarde|73\/100 par\n|cant|p1a: Zygarde|par\n|\n|-heal|p1a: Zygarde|80\/100 par|[from] item: Leftovers\n|upkeep\n|turn|15\n|\n|t:|1701199957\n|move|p2a: Arceus|Recover|p2a: Arceus\n|-heal|p2a: Arceus|100\/100\n|move|p1a: Zygarde|Coil|p1a: Zygarde\n|-boost|p1a: Zygarde|atk|1\n|-boost|p1a: Zygarde|def|1\n|-boost|p1a: Zygarde|accuracy|1\n|\n|-heal|p1a: Zygarde|86\/100 par|[from] item: Leftovers\n|upkeep\n|turn|16\n|\n|t:|1701199966\n|move|p2a: Arceus|Taunt|p1a: Zygarde\n|-start|p1a: Zygarde|move: Taunt\n|move|p1a: Zygarde|Thousand Arrows|p2a: Arceus\n|-damage|p2a: Arceus|63\/100\n|\n|-heal|p1a: Zygarde|92\/100 par|[from] item: Leftovers\n|upkeep\n|turn|17\n|\n|t:|1701199974\n|move|p2a: Arceus|Foul Play|p1a: Zygarde\n|-damage|p1a: Zygarde|65\/100 par\n|cant|p1a: Zygarde|par\n|\n|-heal|p1a: Zygarde|71\/100 par|[from] item: Leftovers\n|upkeep\n|turn|18\n|\n|t:|1701199980\n|move|p2a: Arceus|Foul Play|p1a: Zygarde\n|-damage|p1a: Zygarde|46\/100 par\n|move|p1a: Zygarde|Dragon Tail|p2a: Arceus\n|-damage|p2a: Arceus|36\/100\n|drag|p2a: Chansey|Chansey, F|87\/100\n|\n|-heal|p1a: Zygarde|53\/100 par|[from] item: Leftovers\n|-end|p1a: Zygarde|move: Taunt\n|upkeep\n|turn|19\n|\n|t:|1701199993\n|switch|p2a: Dondozo|Dondozo, F|100\/100\n|move|p1a: Zygarde|Coil|p1a: Zygarde\n|-boost|p1a: Zygarde|atk|1\n|-boost|p1a: Zygarde|def|1\n|-boost|p1a: Zygarde|accuracy|1\n|\n|-heal|p1a: Zygarde|59\/100 par|[from] item: Leftovers\n|upkeep\n|turn|20\n|\n|t:|1701200004\n|move|p2a: Dondozo|Curse|p2a: Dondozo\n|-unboost|p2a: Dondozo|spe|1\n|-boost|p2a: Dondozo|atk|1\n|-boost|p2a: Dondozo|def|1\n|cant|p1a: Zygarde|par\n|\n|-heal|p1a: Zygarde|65\/100 par|[from] item: Leftovers\n|upkeep\n|turn|21\n|\n|t:|1701200011\n|move|p2a: Dondozo|Curse|p2a: Dondozo\n|-unboost|p2a: Dondozo|spe|1\n|-boost|p2a: Dondozo|atk|1\n|-boost|p2a: Dondozo|def|1\n|move|p1a: Zygarde|Dragon Tail|p2a: Dondozo\n|-crit|p2a: Dondozo\n|-damage|p2a: Dondozo|87\/100\n|drag|p2a: Eternatus|Eternatus|100\/100\n|-ability|p2a: Eternatus|Pressure\n|\n|-heal|p1a: Zygarde|71\/100 par|[from] item: Leftovers\n|upkeep\n|turn|22\n|\n|t:|1701200026\n|-terastallize|p1a: Zygarde|Fairy\n|move|p2a: Eternatus|Flamethrower|p1a: Zygarde\n|-damage|p1a: Zygarde|55\/100 par\n|cant|p1a: Zygarde|par\n|\n|-heal|p1a: Zygarde|61\/100 par|[from] item: Leftovers\n|upkeep\n|turn|23\n|\n|t:|1701200047\n|switch|p2a: Dondozo|Dondozo, F|87\/100\n|move|p1a: Zygarde|Thousand Arrows|p2a: Dondozo\n|-damage|p2a: Dondozo|73\/100\n|\n|-heal|p1a: Zygarde|67\/100 par|[from] item: Leftovers\n|-heal|p2a: Dondozo|79\/100|[from] item: Leftovers\n|upkeep\n|turn|24\n|c|\u2606Szymszym134|Unlucky\n|inactive|Bartek15615v2 has 120 seconds left.\n|\n|t:|1701200070\n|move|p1a: Zygarde|Coil|p1a: Zygarde\n|-boost|p1a: Zygarde|atk|1\n|-boost|p1a: Zygarde|def|1\n|-boost|p1a: Zygarde|accuracy|1\n|move|p2a: Dondozo|Liquidation|p1a: Zygarde\n|-damage|p1a: Zygarde|45\/100 par\n|-unboost|p1a: Zygarde|def|1\n|\n|-heal|p1a: Zygarde|52\/100 par|[from] item: Leftovers\n|-heal|p2a: Dondozo|85\/100|[from] item: Leftovers\n|upkeep\n|turn|25\n|inactive|Bartek15615v2 has 120 seconds left.\n|\n|t:|1701200080\n|move|p2a: Dondozo|Liquidation|p1a: Zygarde\n|-damage|p1a: Zygarde|31\/100 par\n|move|p1a: Zygarde|Dragon Tail|p2a: Dondozo\n|-damage|p2a: Dondozo|76\/100\n|drag|p2a: Ho-Oh|Ho-Oh|100\/100\n|\n|-heal|p1a: Zygarde|38\/100 par|[from] item: Leftovers\n|-activate|p1a: Zygarde|ability: Power Construct\n|detailschange|p1a: Zygarde|Zygarde-Complete, tera:Fairy\n|-heal|p1a: Zygarde|59\/100 par|[silent]\n|upkeep\n|turn|26\n|inactive|Bartek15615v2 has 120 seconds left.\n|\n|t:|1701200093\n|switch|p2a: Dondozo|Dondozo, F|76\/100\n|cant|p1a: Zygarde|par\n|\n|-heal|p2a: Dondozo|82\/100|[from] item: Leftovers\n|-heal|p1a: Zygarde|65\/100 par|[from] item: Leftovers\n|upkeep\n|turn|27\n|inactive|Bartek15615v2 has 120 seconds left.\n|\n|t:|1701200103\n|move|p2a: Dondozo|Liquidation|p1a: Zygarde\n|-damage|p1a: Zygarde|52\/100 par\n|cant|p1a: Zygarde|par\n|\n|-heal|p2a: Dondozo|88\/100|[from] item: Leftovers\n|-heal|p1a: Zygarde|58\/100 par|[from] item: Leftovers\n|upkeep\n|turn|28\n|\n|t:|1701200111\n|move|p2a: Dondozo|Liquidation|p1a: Zygarde\n|-damage|p1a: Zygarde|44\/100 par\n|move|p1a: Zygarde|Dragon Tail|p2a: Dondozo\n|-damage|p2a: Dondozo|79\/100\n|drag|p2a: Zygarde|Zygarde|82\/100\n|\n|-heal|p2a: Zygarde|88\/100|[from] item: Leftovers\n|-heal|p1a: Zygarde|50\/100 par|[from] item: Leftovers\n|upkeep\n|turn|29\n|\n|t:|1701200120\n|switch|p2a: Dondozo|Dondozo, F|79\/100\n|move|p1a: Zygarde|Dragon Tail|p2a: Dondozo\n|-damage|p2a: Dondozo|70\/100\n|drag|p2a: Eternatus|Eternatus|100\/100\n|-ability|p2a: Eternatus|Pressure\n|\n|-heal|p1a: Zygarde|56\/100 par|[from] item: Leftovers\n|upkeep\n|turn|30\n|\n|t:|1701200131\n|switch|p2a: Dondozo|Dondozo, F|70\/100\n|move|p1a: Zygarde|Thousand Arrows|p2a: Dondozo\n|-damage|p2a: Dondozo|55\/100\n|\n|-heal|p2a: Dondozo|61\/100|[from] item: Leftovers\n|-heal|p1a: Zygarde|62\/100 par|[from] item: Leftovers\n|upkeep\n|turn|31\n|\n|t:|1701200139\n|switch|p1a: Garganacl|Garganacl, F|100\/100\n|move|p2a: Dondozo|Liquidation|p1a: Garganacl\n|-supereffective|p1a: Garganacl\n|-damage|p1a: Garganacl|67\/100\n|\n|-heal|p1a: Garganacl|74\/100|[from] item: Leftovers\n|-heal|p2a: Dondozo|67\/100|[from] item: Leftovers\n|upkeep\n|turn|32\n|\n|t:|1701200161\n|switch|p2a: Zygarde|Zygarde|88\/100\n|move|p1a: Garganacl|Salt Cure|p2a: Zygarde\n|-resisted|p2a: Zygarde\n|-damage|p2a: Zygarde|85\/100\n|-start|p2a: Zygarde|Salt Cure\n|\n|-heal|p2a: Zygarde|91\/100|[from] item: Leftovers\n|-heal|p1a: Garganacl|80\/100|[from] item: Leftovers\n|-damage|p2a: Zygarde|78\/100|[from] Salt Cure\n|upkeep\n|turn|33\n|\n|t:|1701200173\n|switch|p1a: Zygarde|Zygarde-Complete, tera:Fairy|62\/100 par\n|move|p2a: Zygarde|Thousand Arrows|p1a: Zygarde\n|-damage|p1a: Zygarde|48\/100 par\n|\n|-heal|p2a: Zygarde|85\/100|[from] item: Leftovers\n|-heal|p1a: Zygarde|54\/100 par|[from] item: Leftovers\n|-damage|p2a: Zygarde|72\/100|[from] Salt Cure\n|upkeep\n|turn|34\n|\n|t:|1701200185\n|move|p2a: Zygarde|Coil|p2a: Zygarde\n|-boost|p2a: Zygarde|atk|1\n|-boost|p2a: Zygarde|def|1\n|-boost|p2a: Zygarde|accuracy|1\n|move|p1a: Zygarde|Rest|p1a: Zygarde\n|-status|p1a: Zygarde|slp|[from] move: Rest\n|-heal|p1a: Zygarde|100\/100 slp|[silent]\n|\n|-heal|p2a: Zygarde|78\/100|[from] item: Leftovers\n|-damage|p2a: Zygarde|66\/100|[from] Salt Cure\n|upkeep\n|turn|35\n|\n|t:|1701200195\n|switch|p2a: Arceus|Arceus-Dark|36\/100\n|cant|p1a: Zygarde|slp\n|\n|upkeep\n|turn|36\n|\n|t:|1701200201\n|switch|p1a: Garganacl|Garganacl, F|80\/100\n|move|p2a: Arceus|Recover|p2a: Arceus\n|-heal|p2a: Arceus|86\/100\n|\n|-heal|p1a: Garganacl|86\/100|[from] item: Leftovers\n|upkeep\n|turn|37\n|\n|t:|1701200210\n|move|p2a: Arceus|Taunt|p1a: Garganacl\n|-start|p1a: Garganacl|move: Taunt\n|move|p1a: Garganacl|Salt Cure|p2a: Arceus\n|-damage|p2a: Arceus|78\/100\n|-start|p2a: Arceus|Salt Cure\n|\n|-heal|p1a: Garganacl|92\/100|[from] item: Leftovers\n|-damage|p2a: Arceus|66\/100|[from] Salt Cure\n|upkeep\n|turn|38\n|\n|t:|1701200218\n|move|p2a: Arceus|Toxic|p1a: Garganacl\n|-immune|p1a: Garganacl|[from] ability: Purifying Salt\n|move|p1a: Garganacl|Salt Cure|p2a: Arceus\n|-damage|p2a: Arceus|59\/100\n|\n|-heal|p1a: Garganacl|98\/100|[from] item: Leftovers\n|-damage|p2a: Arceus|46\/100|[from] Salt Cure\n|upkeep\n|turn|39\n|\n|t:|1701200228\n|switch|p1a: Zygarde|Zygarde-Complete, tera:Fairy|100\/100 slp\n|move|p2a: Arceus|Recover|p2a: Arceus\n|-heal|p2a: Arceus|96\/100\n|\n|-damage|p2a: Arceus|84\/100|[from] Salt Cure\n|upkeep\n|turn|40\n|c|\u2606Bartek15615v2|ZAPOMNAILEM\n|\n|t:|1701200239\n|move|p2a: Arceus|Foul Play|p1a: Zygarde\n|-resisted|p1a: Zygarde\n|-damage|p1a: Zygarde|91\/100 slp\n|cant|p1a: Zygarde|slp\n|\n|-heal|p1a: Zygarde|97\/100 slp|[from] item: Leftovers\n|-damage|p2a: Arceus|72\/100|[from] Salt Cure\n|upkeep\n|turn|41\n|\n|t:|1701200251\n|move|p2a: Arceus|Recover|p2a: Arceus\n|-heal|p2a: Arceus|100\/100\n|-curestatus|p1a: Zygarde|slp|[msg]\n|move|p1a: Zygarde|Coil|p1a: Zygarde\n|-boost|p1a: Zygarde|atk|1\n|-boost|p1a: Zygarde|def|1\n|-boost|p1a: Zygarde|accuracy|1\n|\n|-heal|p1a: Zygarde|100\/100|[from] item: Leftovers\n|-damage|p2a: Arceus|88\/100|[from] Salt Cure\n|upkeep\n|turn|42\n|\n|t:|1701200261\n|move|p2a: Arceus|Taunt|p1a: Zygarde\n|-start|p1a: Zygarde|move: Taunt\n|cant|p1a: Zygarde|move: Taunt|Coil\n|\n|-damage|p2a: Arceus|76\/100|[from] Salt Cure\n|upkeep\n|turn|43\n|\n|t:|1701200267\n|move|p2a: Arceus|Foul Play|p1a: Zygarde\n|-resisted|p1a: Zygarde\n|-damage|p1a: Zygarde|92\/100\n|move|p1a: Zygarde|Thousand Arrows|p2a: Arceus\n|-damage|p2a: Arceus|50\/100\n|\n|-heal|p1a: Zygarde|98\/100|[from] item: Leftovers\n|-damage|p2a: Arceus|38\/100|[from] Salt Cure\n|upkeep\n|turn|44\n|\n|t:|1701200276\n|move|p2a: Arceus|Recover|p2a: Arceus\n|-heal|p2a: Arceus|88\/100\n|move|p1a: Zygarde|Thousand Arrows|p2a: Arceus\n|-damage|p2a: Arceus|64\/100\n|\n|-heal|p1a: Zygarde|100\/100|[from] item: Leftovers\n|-damage|p2a: Arceus|51\/100|[from] Salt Cure\n|-end|p1a: Zygarde|move: Taunt\n|upkeep\n|turn|45\n|\n|t:|1701200286\n|switch|p2a: Dondozo|Dondozo, F|67\/100\n|move|p1a: Zygarde|Dragon Tail|p2a: Dondozo\n|-damage|p2a: Dondozo|59\/100\n|drag|p2a: Zygarde|Zygarde|66\/100\n|\n|-heal|p2a: Zygarde|72\/100|[from] item: Leftovers\n|upkeep\n|turn|46\n|\n|t:|1701200299\n|move|p2a: Zygarde|Coil|p2a: Zygarde\n|-boost|p2a: Zygarde|atk|1\n|-boost|p2a: Zygarde|def|1\n|-boost|p2a: Zygarde|accuracy|1\n|move|p1a: Zygarde|Coil|p1a: Zygarde\n|-boost|p1a: Zygarde|atk|1\n|-boost|p1a: Zygarde|def|1\n|-boost|p1a: Zygarde|accuracy|1\n|\n|-heal|p2a: Zygarde|78\/100|[from] item: Leftovers\n|upkeep\n|turn|47\n|\n|t:|1701200311\n|-terastallize|p2a: Zygarde|Fairy\n|move|p2a: Zygarde|Coil|p2a: Zygarde\n|-boost|p2a: Zygarde|atk|1\n|-boost|p2a: Zygarde|def|1\n|-boost|p2a: Zygarde|accuracy|1\n|move|p1a: Zygarde|Dragon Tail|p2a: Zygarde\n|-immune|p2a: Zygarde\n|\n|-heal|p2a: Zygarde|85\/100|[from] item: Leftovers\n|upkeep\n|turn|48\n|\n|t:|1701200320\n|move|p2a: Zygarde|Coil|p2a: Zygarde\n|-boost|p2a: Zygarde|atk|1\n|-boost|p2a: Zygarde|def|1\n|-boost|p2a: Zygarde|accuracy|1\n|move|p1a: Zygarde|Coil|p1a: Zygarde\n|-boost|p1a: Zygarde|atk|1\n|-boost|p1a: Zygarde|def|1\n|-boost|p1a: Zygarde|accuracy|1\n|\n|-heal|p2a: Zygarde|91\/100|[from] item: Leftovers\n|upkeep\n|turn|49\n|\n|t:|1701200329\n|move|p2a: Zygarde|Coil|p2a: Zygarde\n|-boost|p2a: Zygarde|atk|1\n|-boost|p2a: Zygarde|def|1\n|-boost|p2a: Zygarde|accuracy|1\n|move|p1a: Zygarde|Coil|p1a: Zygarde\n|-boost|p1a: Zygarde|atk|1\n|-boost|p1a: Zygarde|def|1\n|-boost|p1a: Zygarde|accuracy|1\n|\n|-heal|p2a: Zygarde|97\/100|[from] item: Leftovers\n|upkeep\n|turn|50\n|\n|t:|1701200340\n|move|p2a: Zygarde|Coil|p2a: Zygarde\n|-boost|p2a: Zygarde|atk|1\n|-boost|p2a: Zygarde|def|1\n|-boost|p2a: Zygarde|accuracy|1\n|move|p1a: Zygarde|Rest|p1a: Zygarde\n|-fail|p1a: Zygarde|heal\n|\n|-heal|p2a: Zygarde|100\/100|[from] item: Leftovers\n|upkeep\n|turn|51\n|\n|t:|1701200351\n|move|p2a: Zygarde|Coil|p2a: Zygarde\n|-boost|p2a: Zygarde|atk|1\n|-boost|p2a: Zygarde|def|1\n|-boost|p2a: Zygarde|accuracy|1\n|move|p1a: Zygarde|Coil|p1a: Zygarde\n|-boost|p1a: Zygarde|atk|1\n|-boost|p1a: Zygarde|def|1\n|-boost|p1a: Zygarde|accuracy|1\n|\n|upkeep\n|turn|52\n|\n|t:|1701200358\n|move|p2a: Zygarde|Coil|p2a: Zygarde\n|-boost|p2a: Zygarde|atk|0\n|-boost|p2a: Zygarde|def|0\n|-boost|p2a: Zygarde|accuracy|0\n|move|p1a: Zygarde|Coil|p1a: Zygarde\n|-boost|p1a: Zygarde|atk|1\n|-boost|p1a: Zygarde|def|1\n|-boost|p1a: Zygarde|accuracy|1\n|\n|upkeep\n|turn|53\n|\n|t:|1701200364\n|move|p2a: Zygarde|Coil|p2a: Zygarde\n|-boost|p2a: Zygarde|atk|0\n|-boost|p2a: Zygarde|def|0\n|-boost|p2a: Zygarde|accuracy|0\n|move|p1a: Zygarde|Thousand Arrows|p2a: Zygarde\n|-damage|p2a: Zygarde|85\/100\n|\n|-heal|p2a: Zygarde|91\/100|[from] item: Leftovers\n|upkeep\n|turn|54\n|\n|t:|1701200372\n|move|p2a: Zygarde|Thousand Arrows|p1a: Zygarde\n|-damage|p1a: Zygarde|86\/100\n|move|p1a: Zygarde|Coil|p1a: Zygarde\n|-boost|p1a: Zygarde|atk|0\n|-boost|p1a: Zygarde|def|0\n|-boost|p1a: Zygarde|accuracy|0\n|\n|-heal|p2a: Zygarde|97\/100|[from] item: Leftovers\n|-heal|p1a: Zygarde|92\/100|[from] item: Leftovers\n|upkeep\n|turn|55\n|\n|t:|1701200381\n|move|p2a: Zygarde|Coil|p2a: Zygarde\n|-boost|p2a: Zygarde|atk|0\n|-boost|p2a: Zygarde|def|0\n|-boost|p2a: Zygarde|accuracy|0\n|move|p1a: Zygarde|Rest|p1a: Zygarde\n|-status|p1a: Zygarde|slp|[from] move: Rest\n|-heal|p1a: Zygarde|100\/100 slp|[silent]\n|\n|-heal|p2a: Zygarde|100\/100|[from] item: Leftovers\n|upkeep\n|turn|56\n|\n|t:|1701200393\n|move|p2a: Zygarde|Coil|p2a: Zygarde\n|-boost|p2a: Zygarde|atk|0\n|-boost|p2a: Zygarde|def|0\n|-boost|p2a: Zygarde|accuracy|0\n|cant|p1a: Zygarde|slp\n|\n|upkeep\n|turn|57\n|\n|t:|1701200401\n|move|p2a: Zygarde|Coil|p2a: Zygarde\n|-boost|p2a: Zygarde|atk|0\n|-boost|p2a: Zygarde|def|0\n|-boost|p2a: Zygarde|accuracy|0\n|cant|p1a: Zygarde|slp\n|\n|upkeep\n|turn|58\n|\n|t:|1701200407\n|move|p2a: Zygarde|Coil|p2a: Zygarde\n|-boost|p2a: Zygarde|atk|0\n|-boost|p2a: Zygarde|def|0\n|-boost|p2a: Zygarde|accuracy|0\n|-curestatus|p1a: Zygarde|slp|[msg]\n|move|p1a: Zygarde|Coil|p1a: Zygarde\n|-boost|p1a: Zygarde|atk|0\n|-boost|p1a: Zygarde|def|0\n|-boost|p1a: Zygarde|accuracy|0\n|\n|upkeep\n|turn|59\n|\n|t:|1701200415\n|move|p2a: Zygarde|Coil|p2a: Zygarde\n|-boost|p2a: Zygarde|atk|0\n|-boost|p2a: Zygarde|def|0\n|-boost|p2a: Zygarde|accuracy|0\n|move|p1a: Zygarde|Coil|p1a: Zygarde\n|-boost|p1a: Zygarde|atk|0\n|-boost|p1a: Zygarde|def|0\n|-boost|p1a: Zygarde|accuracy|0\n|\n|upkeep\n|turn|60\n|\n|t:|1701200422\n|move|p2a: Zygarde|Coil|p2a: Zygarde\n|-boost|p2a: Zygarde|atk|0\n|-boost|p2a: Zygarde|def|0\n|-boost|p2a: Zygarde|accuracy|0\n|move|p1a: Zygarde|Thousand Arrows|p2a: Zygarde\n|-damage|p2a: Zygarde|83\/100\n|\n|-heal|p2a: Zygarde|89\/100|[from] item: Leftovers\n|upkeep\n|turn|61\n|\n|t:|1701200431\n|move|p2a: Zygarde|Rest|p2a: Zygarde\n|-status|p2a: Zygarde|slp|[from] move: Rest\n|-heal|p2a: Zygarde|100\/100 slp|[silent]\n|move|p1a: Zygarde|Coil|p1a: Zygarde\n|-boost|p1a: Zygarde|atk|0\n|-boost|p1a: Zygarde|def|0\n|-boost|p1a: Zygarde|accuracy|0\n|\n|upkeep\n|turn|62\n|\n|t:|1701200440\n|switch|p1a: Magearna|Magearna|100\/100\n|cant|p2a: Zygarde|slp\n|\n|upkeep\n|turn|63\n|\n|t:|1701200446\n|cant|p2a: Zygarde|slp\n|move|p1a: Magearna|Heart Swap|p2a: Zygarde\n|-swapboost|p1a: Magearna|p2a: Zygarde|[from] move: Heart Swap\n|\n|upkeep\n|turn|64\n|\n|t:|1701200460\n|switch|p2a: Ho-Oh|Ho-Oh|100\/100\n|move|p1a: Magearna|Fleur Cannon|p2a: Ho-Oh\n|-resisted|p2a: Ho-Oh\n|-damage|p2a: Ho-Oh|89\/100\n|-unboost|p1a: Magearna|spa|2\n|\n|upkeep\n|turn|65\n|\n|t:|1701200469\n|switch|p1a: Garganacl|Garganacl, F|98\/100\n|move|p2a: Ho-Oh|Whirlwind|p1a: Garganacl\n|drag|p1a: Yveltal|Yveltal|100\/100\n|-ability|p1a: Yveltal|Dark Aura\n|\n|upkeep\n|turn|66\n|\n|t:|1701200476\n|switch|p1a: Garganacl|Garganacl, F|98\/100\n|move|p2a: Ho-Oh|Sacred Fire|p1a: Garganacl\n|-resisted|p1a: Garganacl\n|-damage|p1a: Garganacl|87\/100\n|\n|-heal|p1a: Garganacl|94\/100|[from] item: Leftovers\n|upkeep\n|turn|67\n|\n|t:|1701200484\n|switch|p2a: Zygarde|Zygarde, tera:Fairy|100\/100 slp\n|move|p1a: Garganacl|Stealth Rock|p2a: Zygarde\n|-sidestart|p2: Bartek15615v2|move: Stealth Rock\n|\n|-heal|p1a: Garganacl|99\/100|[from] item: Leftovers\n|upkeep\n|turn|68\n|\n|t:|1701200494\n|switch|p1a: Arceus|Arceus-Ground|100\/100\n|-curestatus|p2a: Zygarde|slp|[msg]\n|move|p2a: Zygarde|Thousand Arrows|p1a: Arceus\n|-damage|p1a: Arceus|81\/100\n|\n|upkeep\n|turn|69\n|\n|t:|1701200504\n|switch|p2a: Ho-Oh|Ho-Oh|100\/100\n|move|p1a: Arceus|Taunt|p2a: Ho-Oh\n|-start|p2a: Ho-Oh|move: Taunt\n|\n|upkeep\n|turn|70\n|\n|t:|1701200510\n|move|p1a: Arceus|Toxic|p2a: Ho-Oh|[miss]\n|-miss|p1a: Arceus|p2a: Ho-Oh\n|move|p2a: Ho-Oh|Sacred Fire|p1a: Arceus\n|-damage|p1a: Arceus|50\/100\n|\n|upkeep\n|turn|71\n|\n|t:|1701200516\n|move|p1a: Arceus|Toxic|p2a: Ho-Oh\n|-status|p2a: Ho-Oh|tox\n|move|p2a: Ho-Oh|Sacred Fire|p1a: Arceus\n|-damage|p1a: Arceus|21\/100\n|-status|p1a: Arceus|brn\n|\n|-damage|p2a: Ho-Oh|94\/100 tox|[from] psn\n|-damage|p1a: Arceus|15\/100 brn|[from] brn\n|-end|p2a: Ho-Oh|move: Taunt\n|upkeep\n|turn|72\n|\n|t:|1701200527\n|move|p1a: Arceus|Recover|p1a: Arceus\n|-heal|p1a: Arceus|65\/100 brn\n|move|p2a: Ho-Oh|Defog|p1a: Arceus\n|-unboost|p1a: Arceus|evasion|1\n|-sideend|p2: Bartek15615v2|Stealth Rock|[from] move: Defog|[of] p2a: Ho-Oh\n|\n|-damage|p2a: Ho-Oh|82\/100 tox|[from] psn\n|-damage|p1a: Arceus|59\/100 brn|[from] brn\n|upkeep\n|turn|73\n|\n|t:|1701200544\n|switch|p2a: Chansey|Chansey, F|87\/100\n|move|p1a: Arceus|Judgment|p2a: Chansey\n|-damage|p2a: Chansey|74\/100\n|\n|-damage|p1a: Arceus|53\/100 brn|[from] brn\n|upkeep\n|turn|74\n|\n|t:|1701200559\n|switch|p1a: Ditto|Ditto|100\/100\n|-transform|p1a: Ditto|p2a: Chansey|[from] ability: Imposter\n|move|p2a: Chansey|Teleport|p2a: Chansey\n|\n|t:|1701200569\n|switch|p2a: Eternatus|Eternatus|100\/100|[from] Teleport\n|-ability|p2a: Eternatus|Pressure\n|\n|upkeep\n|turn|75\n|\n|t:|1701200575\n|move|p2a: Eternatus|Toxic|p1a: Ditto\n|-status|p1a: Ditto|tox\n|move|p1a: Ditto|Confide|p2a: Eternatus\n|-unboost|p2a: Eternatus|spa|1\n|\n|-damage|p1a: Ditto|94\/100 tox|[from] psn\n|upkeep\n|turn|76\n|\n|t:|1701200582\n|move|p2a: Eternatus|Dynamax Cannon|p1a: Ditto\n|-damage|p1a: Ditto|65\/100 tox\n|move|p1a: Ditto|Confide|p2a: Eternatus\n|-unboost|p2a: Eternatus|spa|1\n|\n|-damage|p1a: Ditto|53\/100 tox|[from] psn\n|upkeep\n|turn|77\n|\n|t:|1701200590\n|switch|p2a: Dondozo|Dondozo, F|59\/100\n|-curestatus|p1a: Ditto|tox|[from] ability: Natural Cure\n|switch|p1a: Zygarde|Zygarde-Complete, tera:Fairy|100\/100\n|\n|-heal|p2a: Dondozo|65\/100|[from] item: Leftovers\n|upkeep\n|turn|78\n|\n|t:|1701200600\n|switch|p1a: Garganacl|Garganacl, F|99\/100\n|switch|p2a: Zygarde|Zygarde, tera:Fairy|100\/100\n|\n|-heal|p1a: Garganacl|100\/100|[from] item: Leftovers\n|upkeep\n|turn|79\n|\n|t:|1701200608\n|move|p2a: Zygarde|Thousand Arrows|p1a: Garganacl\n|-supereffective|p1a: Garganacl\n|-damage|p1a: Garganacl|66\/100\n|move|p1a: Garganacl|Stealth Rock|p2a: Zygarde\n|-sidestart|p2: Bartek15615v2|move: Stealth Rock\n|\n|-heal|p1a: Garganacl|72\/100|[from] item: Leftovers\n|upkeep\n|turn|80\n|\n|t:|1701200616\n|switch|p1a: Arceus|Arceus-Ground|53\/100 brn\n|move|p2a: Zygarde|Coil|p2a: Zygarde\n|-boost|p2a: Zygarde|atk|1\n|-boost|p2a: Zygarde|def|1\n|-boost|p2a: Zygarde|accuracy|1\n|\n|-damage|p1a: Arceus|47\/100 brn|[from] brn\n|upkeep\n|turn|81\n|\n|t:|1701200627\n|move|p1a: Arceus|Recover|p1a: Arceus\n|-heal|p1a: Arceus|97\/100 brn\n|move|p2a: Zygarde|Thousand Arrows|p1a: Arceus\n|-damage|p1a: Arceus|66\/100 brn\n|\n|-damage|p1a: Arceus|60\/100 brn|[from] brn\n|upkeep\n|turn|82\n|\n|t:|1701200635\n|move|p1a: Arceus|Toxic|p2a: Zygarde\n|-status|p2a: Zygarde|tox\n|move|p2a: Zygarde|Coil|p2a: Zygarde\n|-boost|p2a: Zygarde|atk|1\n|-boost|p2a: Zygarde|def|1\n|-boost|p2a: Zygarde|accuracy|1\n|\n|-damage|p2a: Zygarde|94\/100 tox|[from] psn\n|-damage|p1a: Arceus|54\/100 brn|[from] brn\n|upkeep\n|turn|83\n|\n|t:|1701200644\n|move|p1a: Arceus|Taunt|p2a: Zygarde\n|-start|p2a: Zygarde|move: Taunt\n|move|p2a: Zygarde|Thousand Arrows|p1a: Arceus\n|-damage|p1a: Arceus|16\/100 brn\n|\n|-heal|p2a: Zygarde|100\/100 tox|[from] item: Leftovers\n|-damage|p2a: Zygarde|88\/100 tox|[from] psn\n|-damage|p1a: Arceus|10\/100 brn|[from] brn\n|upkeep\n|turn|84\n|\n|t:|1701200656\n|move|p1a: Arceus|Recover|p1a: Arceus\n|-heal|p1a: Arceus|60\/100 brn\n|move|p2a: Zygarde|Thousand Arrows|p1a: Arceus\n|-damage|p1a: Arceus|16\/100 brn\n|\n|-heal|p2a: Zygarde|94\/100 tox|[from] item: Leftovers\n|-damage|p2a: Zygarde|76\/100 tox|[from] psn\n|-damage|p1a: Arceus|10\/100 brn|[from] brn\n|upkeep\n|turn|85\n|\n|t:|1701200671\n|switch|p2a: Eternatus|Eternatus|100\/100\n|-ability|p2a: Eternatus|Pressure\n|move|p1a: Arceus|Recover|p1a: Arceus\n|-heal|p1a: Arceus|60\/100 brn\n|\n|-damage|p1a: Arceus|54\/100 brn|[from] brn\n|upkeep\n|turn|86\n|\n|t:|1701200684\n|switch|p1a: Magearna|Magearna|100\/100\n|move|p2a: Eternatus|Dynamax Cannon|p1a: Magearna\n|-immune|p1a: Magearna\n|\n|upkeep\n|turn|87\n|\n|t:|1701200697\n|move|p2a: Eternatus|Flamethrower|p1a: Magearna\n|-supereffective|p1a: Magearna\n|-damage|p1a: Magearna|64\/100\n|move|p1a: Magearna|Pain Split|p2a: Eternatus\n|-sethp|p2a: Eternatus|77\/100|[from] move: Pain Split|[silent]\n|-sethp|p1a: Magearna|93\/100|[from] move: Pain Split\n|\n|-heal|p1a: Magearna|99\/100|[from] item: Leftovers\n|upkeep\n|turn|88\n|\n|t:|1701200706\n|switch|p2a: Ho-Oh|Ho-Oh|100\/100 tox\n|move|p1a: Magearna|Fleur Cannon|p2a: Ho-Oh\n|-resisted|p2a: Ho-Oh\n|-damage|p2a: Ho-Oh|88\/100 tox\n|-unboost|p1a: Magearna|spa|2\n|\n|-heal|p1a: Magearna|100\/100|[from] item: Leftovers\n|-damage|p2a: Ho-Oh|82\/100 tox|[from] psn\n|upkeep\n|turn|89\n|\n|t:|1701200716\n|switch|p1a: Garganacl|Garganacl, F|72\/100\n|move|p2a: Ho-Oh|Defog|p1a: Garganacl\n|-unboost|p1a: Garganacl|evasion|1\n|-sideend|p2: Bartek15615v2|Stealth Rock|[from] move: Defog|[of] p2a: Ho-Oh\n|\n|-heal|p1a: Garganacl|78\/100|[from] item: Leftovers\n|-damage|p2a: Ho-Oh|69\/100 tox|[from] psn\n|upkeep\n|turn|90\n|\n|t:|1701200731\n|move|p2a: Ho-Oh|Defog|p1a: Garganacl\n|-unboost|p1a: Garganacl|evasion|1\n|move|p1a: Garganacl|Stealth Rock|p2a: Ho-Oh\n|-sidestart|p2: Bartek15615v2|move: Stealth Rock\n|\n|-heal|p1a: Garganacl|84\/100|[from] item: Leftovers\n|-damage|p2a: Ho-Oh|50\/100 tox|[from] psn\n|upkeep\n|turn|91\n|\n|t:|1701200739\n|switch|p2a: Dondozo|Dondozo, F|65\/100\n|-damage|p2a: Dondozo|52\/100|[from] Stealth Rock\n|move|p1a: Garganacl|Salt Cure|p2a: Dondozo\n|-damage|p2a: Dondozo|46\/100\n|-start|p2a: Dondozo|Salt Cure\n|\n|-heal|p2a: Dondozo|52\/100|[from] item: Leftovers\n|-heal|p1a: Garganacl|91\/100|[from] item: Leftovers\n|-damage|p2a: Dondozo|27\/100|[from] Salt Cure\n|upkeep\n|turn|92\n|\n|t:|1701200754\n|switch|p1a: Zygarde|Zygarde-Complete, tera:Fairy|100\/100\n|move|p2a: Dondozo|Rest|p2a: Dondozo\n|-status|p2a: Dondozo|slp|[from] move: Rest\n|-heal|p2a: Dondozo|100\/100 slp|[silent]\n|\n|-damage|p2a: Dondozo|75\/100 slp|[from] Salt Cure\n|upkeep\n|turn|93\n|\n|t:|1701200767\n|switch|p1a: Arceus|Arceus-Ground|54\/100 brn\n|switch|p2a: Arceus|Arceus-Dark|51\/100\n|-damage|p2a: Arceus|39\/100|[from] Stealth Rock\n|\n|-damage|p1a: Arceus|48\/100 brn|[from] brn\n|upkeep\n|turn|94\n|\n|t:|1701200775\n|move|p1a: Arceus|Toxic|p2a: Arceus\n|-status|p2a: Arceus|tox\n|move|p2a: Arceus|Taunt|p1a: Arceus\n|-start|p1a: Arceus|move: Taunt\n|\n|-damage|p2a: Arceus|33\/100 tox|[from] psn\n|-damage|p1a: Arceus|42\/100 brn|[from] brn\n|upkeep\n|turn|95\n|\n|t:|1701200783\n|switch|p1a: Garganacl|Garganacl, F|91\/100\n|move|p2a: Arceus|Recover|p2a: Arceus\n|-heal|p2a: Arceus|83\/100 tox\n|\n|-heal|p1a: Garganacl|97\/100|[from] item: Leftovers\n|-damage|p2a: Arceus|71\/100 tox|[from] psn\n|upkeep\n|turn|96\n|\n|t:|1701200793\n|switch|p2a: Dondozo|Dondozo, F|75\/100 slp\n|-damage|p2a: Dondozo|63\/100 slp|[from] Stealth Rock\n|move|p1a: Garganacl|Salt Cure|p2a: Dondozo\n|-crit|p2a: Dondozo\n|-damage|p2a: Dondozo|53\/100 slp\n|-start|p2a: Dondozo|Salt Cure\n|\n|-heal|p1a: Garganacl|100\/100|[from] item: Leftovers\n|-heal|p2a: Dondozo|60\/100 slp|[from] item: Leftovers\n|-damage|p2a: Dondozo|35\/100 slp|[from] Salt Cure\n|upkeep\n|turn|97\n|\n|t:|1701200806\n|switch|p2a: Eternatus|Eternatus|77\/100\n|-ability|p2a: Eternatus|Pressure\n|switch|p1a: Magearna|Magearna|100\/100\n|\n|upkeep\n|turn|98\n|\n|t:|1701200813\n|switch|p2a: Ho-Oh|Ho-Oh|83\/100 tox\n|move|p1a: Magearna|Heart Swap|p2a: Ho-Oh\n|-swapboost|p1a: Magearna|p2a: Ho-Oh|[from] move: Heart Swap\n|\n|-damage|p2a: Ho-Oh|77\/100 tox|[from] psn\n|upkeep\n|turn|99\n|\n|t:|1701200822\n|move|p2a: Ho-Oh|Defog|p1a: Magearna\n|-unboost|p1a: Magearna|evasion|1\n|-sideend|p2: Bartek15615v2|Stealth Rock|[from] move: Defog|[of] p2a: Ho-Oh\n|move|p1a: Magearna|Heal Bell|p1a: Magearna\n|-activate|p1a: Magearna|move: Heal Bell\n|-curestatus|p1: Arceus|brn|[msg]\n|\n|-damage|p2a: Ho-Oh|65\/100 tox|[from] psn\n|upkeep\n|turn|100\n|\n|t:|1701200842\n|switch|p2a: Chansey|Chansey, F|74\/100\n|switch|p1a: Garganacl|Garganacl, F|100\/100\n|\n|upkeep\n|turn|101\n|\n|t:|1701200849\n|move|p1a: Garganacl|Stealth Rock|p2a: Chansey\n|-sidestart|p2: Bartek15615v2|move: Stealth Rock\n|move|p2a: Chansey|Teleport|p2a: Chansey\n|\n|t:|1701200855\n|switch|p2a: Eternatus|Eternatus|77\/100|[from] Teleport\n|-ability|p2a: Eternatus|Pressure\n|\n|upkeep\n|turn|102\n|\n|t:|1701200865\n|move|p1a: Garganacl|Protect|p1a: Garganacl\n|-singleturn|p1a: Garganacl|Protect\n|move|p2a: Eternatus|Flamethrower|p1a: Garganacl\n|-activate|p1a: Garganacl|move: Protect\n|\n|upkeep\n|turn|103\n|\n|t:|1701200874\n|switch|p1a: Zygarde|Zygarde-Complete, tera:Fairy|100\/100\n|move|p2a: Eternatus|Dynamax Cannon|p1a: Zygarde\n|-immune|p1a: Zygarde\n|\n|upkeep\n|turn|104\n|\n|t:|1701200883\n|switch|p1a: Magearna|Magearna|100\/100\n|move|p2a: Eternatus|Toxic|p1a: Magearna\n|-immune|p1a: Magearna\n|\n|upkeep\n|turn|105\n|\n|t:|1701200895\n|move|p2a: Eternatus|Flamethrower|p1a: Magearna\n|-supereffective|p1a: Magearna\n|-damage|p1a: Magearna|63\/100\n|move|p1a: Magearna|Heart Swap|p2a: Eternatus\n|-swapboost|p1a: Magearna|p2a: Eternatus|[from] move: Heart Swap\n|\n|-heal|p1a: Magearna|69\/100|[from] item: Leftovers\n|upkeep\n|turn|106\n|\n|t:|1701200903\n|move|p2a: Eternatus|Flamethrower|p1a: Magearna\n|-supereffective|p1a: Magearna\n|-damage|p1a: Magearna|30\/100\n|move|p1a: Magearna|Fleur Cannon|p2a: Eternatus\n|-damage|p2a: Eternatus|39\/100\n|-unboost|p1a: Magearna|spa|2\n|\n|-heal|p1a: Magearna|36\/100|[from] item: Leftovers\n|upkeep\n|turn|107\n|\n|t:|1701200914\n|switch|p1a: Zygarde|Zygarde-Complete, tera:Fairy|100\/100\n|move|p2a: Eternatus|Flamethrower|p1a: Zygarde\n|-damage|p1a: Zygarde|89\/100\n|\n|-heal|p1a: Zygarde|96\/100|[from] item: Leftovers\n|upkeep\n|turn|108\n|\n|t:|1701200924\n|move|p2a: Eternatus|Recover|p2a: Eternatus\n|-heal|p2a: Eternatus|89\/100\n|move|p1a: Zygarde|Dragon Tail|p2a: Eternatus\n|-supereffective|p2a: Eternatus\n|-damage|p2a: Eternatus|54\/100\n|drag|p2a: Zygarde|Zygarde, tera:Fairy|76\/100 tox\n|-damage|p2a: Zygarde|63\/100 tox|[from] Stealth Rock\n|\n|-heal|p2a: Zygarde|70\/100 tox|[from] item: Leftovers\n|-heal|p1a: Zygarde|100\/100|[from] item: Leftovers\n|-damage|p2a: Zygarde|63\/100 tox|[from] psn\n|upkeep\n|turn|109\n|inactive|Bartek15615v2 has 120 seconds left.\n|\n|t:|1701200941\n|switch|p1a: Arceus|Arceus-Ground|42\/100\n|move|p2a: Zygarde|Coil|p2a: Zygarde\n|-boost|p2a: Zygarde|atk|1\n|-boost|p2a: Zygarde|def|1\n|-boost|p2a: Zygarde|accuracy|1\n|\n|-heal|p2a: Zygarde|70\/100 tox|[from] item: Leftovers\n|-damage|p2a: Zygarde|57\/100 tox|[from] psn\n|upkeep\n|turn|110\n|\n|t:|1701200953\n|move|p1a: Arceus|Recover|p1a: Arceus\n|-heal|p1a: Arceus|92\/100\n|move|p2a: Zygarde|Thousand Arrows|p1a: Arceus\n|-damage|p1a: Arceus|62\/100\n|\n|-heal|p2a: Zygarde|63\/100 tox|[from] item: Leftovers\n|-damage|p2a: Zygarde|45\/100 tox|[from] psn\n|-activate|p2a: Zygarde|ability: Power Construct\n|detailschange|p2a: Zygarde|Zygarde-Complete, tera:Fairy\n|-heal|p2a: Zygarde|64\/100 tox|[silent]\n|upkeep\n|turn|111\n|\n|t:|1701200964\n|switch|p2a: Chansey|Chansey, F|74\/100\n|-damage|p2a: Chansey|61\/100|[from] Stealth Rock\n|move|p1a: Arceus|Taunt|p2a: Chansey\n|-start|p2a: Chansey|move: Taunt\n|\n|upkeep\n|turn|112\n|\n|t:|1701200972\n|switch|p2a: Ho-Oh|Ho-Oh|98\/100 tox\n|move|p1a: Arceus|Toxic|p2a: Ho-Oh|[miss]\n|-miss|p1a: Arceus|p2a: Ho-Oh\n|\n|-damage|p2a: Ho-Oh|92\/100 tox|[from] psn\n|upkeep\n|turn|113\n|\n|t:|1701200980\n|switch|p1a: Garganacl|Garganacl, F|100\/100\n|move|p2a: Ho-Oh|Defog|p1a: Garganacl\n|-unboost|p1a: Garganacl|evasion|1\n|-sideend|p2: Bartek15615v2|Stealth Rock|[from] move: Defog|[of] p2a: Ho-Oh\n|\n|-damage|p2a: Ho-Oh|79\/100 tox|[from] psn\n|upkeep\n|turn|114\n|\n|t:|1701200987\n|switch|p2a: Dondozo|Dondozo, F|35\/100 slp\n|move|p1a: Garganacl|Salt Cure|p2a: Dondozo\n|-damage|p2a: Dondozo|29\/100 slp\n|-start|p2a: Dondozo|Salt Cure\n|\n|-heal|p2a: Dondozo|35\/100 slp|[from] item: Leftovers\n|-damage|p2a: Dondozo|10\/100 slp|[from] Salt Cure\n|upkeep\n|turn|115\n|\n|t:|1701200996\n|cant|p2a: Dondozo|slp\n|move|p1a: Garganacl|Stealth Rock|p2a: Dondozo\n|-sidestart|p2: Bartek15615v2|move: Stealth Rock\n|\n|-heal|p2a: Dondozo|16\/100 slp|[from] item: Leftovers\n|-damage|p2a: Dondozo|0 fnt|[from] Salt Cure\n|faint|p2a: Dondozo\n|upkeep\n|\n|t:|1701201004\n|switch|p2a: Eternatus|Eternatus|54\/100\n|-ability|p2a: Eternatus|Pressure\n|turn|116\n|\n|t:|1701201010\n|move|p2a: Eternatus|Flamethrower|p1a: Garganacl\n|-resisted|p1a: Garganacl\n|-damage|p1a: Garganacl|89\/100\n|move|p1a: Garganacl|Salt Cure|p2a: Eternatus\n|-damage|p2a: Eternatus|43\/100\n|-start|p2a: Eternatus|Salt Cure\n|\n|-heal|p1a: Garganacl|95\/100|[from] item: Leftovers\n|-damage|p2a: Eternatus|31\/100|[from] Salt Cure\n|upkeep\n|turn|117\n|\n|t:|1701201022\n|switch|p1a: Arceus|Arceus-Ground|62\/100\n|move|p2a: Eternatus|Recover|p2a: Eternatus\n|-heal|p2a: Eternatus|81\/100\n|\n|-damage|p2a: Eternatus|68\/100|[from] Salt Cure\n|upkeep\n|turn|118\n|\n|t:|1701201029\n|move|p2a: Eternatus|Toxic|p1a: Arceus\n|-status|p1a: Arceus|tox\n|move|p1a: Arceus|Taunt|p2a: Eternatus\n|-start|p2a: Eternatus|move: Taunt\n|\n|-damage|p1a: Arceus|56\/100 tox|[from] psn\n|-damage|p2a: Eternatus|56\/100|[from] Salt Cure\n|upkeep\n|turn|119\n|\n|t:|1701201037\n|switch|p1a: Garganacl|Garganacl, F|95\/100\n|move|p2a: Eternatus|Flamethrower|p1a: Garganacl\n|-resisted|p1a: Garganacl\n|-damage|p1a: Garganacl|82\/100\n|\n|-heal|p1a: Garganacl|88\/100|[from] item: Leftovers\n|-damage|p2a: Eternatus|43\/100|[from] Salt Cure\n|upkeep\n|turn|120\n|\n|t:|1701201048\n|switch|p2a: Zygarde|Zygarde-Complete, tera:Fairy|64\/100 tox\n|-damage|p2a: Zygarde|51\/100 tox|[from] Stealth Rock\n|switch|p1a: Magearna|Magearna|36\/100\n|\n|-heal|p2a: Zygarde|57\/100 tox|[from] item: Leftovers\n|-heal|p1a: Magearna|42\/100|[from] item: Leftovers\n|-damage|p2a: Zygarde|51\/100 tox|[from] psn\n|upkeep\n|turn|121\n|\n|t:|1701201058\n|switch|p1a: Zygarde|Zygarde-Complete, tera:Fairy|100\/100\n|move|p2a: Zygarde|Rest|p2a: Zygarde\n|-status|p2a: Zygarde|slp|[from] move: Rest\n|-heal|p2a: Zygarde|100\/100 slp|[silent]\n|\n|upkeep\n|turn|122\n|\n|t:|1701201064\n|move|p1a: Zygarde|Coil|p1a: Zygarde\n|-boost|p1a: Zygarde|atk|1\n|-boost|p1a: Zygarde|def|1\n|-boost|p1a: Zygarde|accuracy|1\n|cant|p2a: Zygarde|slp\n|\n|upkeep\n|turn|123\n|\n|t:|1701201070\n|move|p1a: Zygarde|Coil|p1a: Zygarde\n|-boost|p1a: Zygarde|atk|1\n|-boost|p1a: Zygarde|def|1\n|-boost|p1a: Zygarde|accuracy|1\n|cant|p2a: Zygarde|slp\n|\n|upkeep\n|turn|124\n|\n|t:|1701201076\n|move|p1a: Zygarde|Coil|p1a: Zygarde\n|-boost|p1a: Zygarde|atk|1\n|-boost|p1a: Zygarde|def|1\n|-boost|p1a: Zygarde|accuracy|1\n|-curestatus|p2a: Zygarde|slp|[msg]\n|move|p2a: Zygarde|Coil|p2a: Zygarde\n|-boost|p2a: Zygarde|atk|1\n|-boost|p2a: Zygarde|def|1\n|-boost|p2a: Zygarde|accuracy|1\n|\n|upkeep\n|turn|125\n|\n|t:|1701201096\n|move|p2a: Zygarde|Coil|p2a: Zygarde\n|-boost|p2a: Zygarde|atk|1\n|-boost|p2a: Zygarde|def|1\n|-boost|p2a: Zygarde|accuracy|1\n|move|p1a: Zygarde|Thousand Arrows|p2a: Zygarde\n|-damage|p2a: Zygarde|88\/100\n|\n|-heal|p2a: Zygarde|94\/100|[from] item: Leftovers\n|upkeep\n|turn|126\n|\n|t:|1701201104\n|move|p1a: Zygarde|Coil|p1a: Zygarde\n|-boost|p1a: Zygarde|atk|1\n|-boost|p1a: Zygarde|def|1\n|-boost|p1a: Zygarde|accuracy|1\n|move|p2a: Zygarde|Thousand Arrows|p1a: Zygarde\n|-damage|p1a: Zygarde|91\/100\n|\n|-heal|p1a: Zygarde|97\/100|[from] item: Leftovers\n|-heal|p2a: Zygarde|100\/100|[from] item: Leftovers\n|upkeep\n|turn|127\n|\n|t:|1701201113\n|move|p2a: Zygarde|Coil|p2a: Zygarde\n|-boost|p2a: Zygarde|atk|1\n|-boost|p2a: Zygarde|def|1\n|-boost|p2a: Zygarde|accuracy|1\n|move|p1a: Zygarde|Coil|p1a: Zygarde\n|-boost|p1a: Zygarde|atk|1\n|-boost|p1a: Zygarde|def|1\n|-boost|p1a: Zygarde|accuracy|1\n|\n|-heal|p1a: Zygarde|100\/100|[from] item: Leftovers\n|upkeep\n|turn|128\n|inactive|Bartek15615v2 has 90 seconds left.\n|\n|t:|1701201124\n|move|p1a: Zygarde|Coil|p1a: Zygarde\n|-boost|p1a: Zygarde|atk|1\n|-boost|p1a: Zygarde|def|1\n|-boost|p1a: Zygarde|accuracy|1\n|move|p2a: Zygarde|Coil|p2a: Zygarde\n|-boost|p2a: Zygarde|atk|1\n|-boost|p2a: Zygarde|def|1\n|-boost|p2a: Zygarde|accuracy|1\n|\n|upkeep\n|turn|129\n|inactive|Bartek15615v2 has 90 seconds left.\n|\n|t:|1701201131\n|move|p2a: Zygarde|Coil|p2a: Zygarde\n|-boost|p2a: Zygarde|atk|1\n|-boost|p2a: Zygarde|def|1\n|-boost|p2a: Zygarde|accuracy|1\n|move|p1a: Zygarde|Thousand Arrows|p2a: Zygarde\n|-damage|p2a: Zygarde|88\/100\n|\n|-heal|p2a: Zygarde|94\/100|[from] item: Leftovers\n|upkeep\n|turn|130\n|inactive|Bartek15615v2 has 90 seconds left.\n|\n|t:|1701201139\n|move|p2a: Zygarde|Coil|p2a: Zygarde\n|-boost|p2a: Zygarde|atk|1\n|-boost|p2a: Zygarde|def|1\n|-boost|p2a: Zygarde|accuracy|1\n|move|p1a: Zygarde|Thousand Arrows|p2a: Zygarde\n|-damage|p2a: Zygarde|84\/100\n|\n|-heal|p2a: Zygarde|90\/100|[from] item: Leftovers\n|upkeep\n|turn|131\n|inactive|Bartek15615v2 has 90 seconds left.\n|\n|t:|1701201147\n|move|p2a: Zygarde|Thousand Arrows|p1a: Zygarde\n|-damage|p1a: Zygarde|87\/100\n|move|p1a: Zygarde|Dragon Tail|p2a: Zygarde\n|-immune|p2a: Zygarde\n|\n|-heal|p2a: Zygarde|96\/100|[from] item: Leftovers\n|-heal|p1a: Zygarde|93\/100|[from] item: Leftovers\n|upkeep\n|turn|132\n|inactive|Bartek15615v2 has 90 seconds left.\n|\n|t:|1701201156\n|move|p1a: Zygarde|Rest|p1a: Zygarde\n|-status|p1a: Zygarde|slp|[from] move: Rest\n|-heal|p1a: Zygarde|100\/100 slp|[silent]\n|move|p2a: Zygarde|Coil|p2a: Zygarde\n|-boost|p2a: Zygarde|atk|0\n|-boost|p2a: Zygarde|def|0\n|-boost|p2a: Zygarde|accuracy|0\n|\n|-heal|p2a: Zygarde|100\/100|[from] item: Leftovers\n|upkeep\n|turn|133\n|inactive|Bartek15615v2 has 90 seconds left.\n|\n|t:|1701201166\n|cant|p1a: Zygarde|slp\n|move|p2a: Zygarde|Coil|p2a: Zygarde\n|-boost|p2a: Zygarde|atk|0\n|-boost|p2a: Zygarde|def|0\n|-boost|p2a: Zygarde|accuracy|0\n|\n|upkeep\n|turn|134\n|inactive|Bartek15615v2 has 90 seconds left.\n|\n|t:|1701201173\n|cant|p1a: Zygarde|slp\n|move|p2a: Zygarde|Rest|p2a: Zygarde\n|-fail|p2a: Zygarde|heal\n|\n|upkeep\n|turn|135\n|\n|t:|1701201180\n|-curestatus|p1a: Zygarde|slp|[msg]\n|move|p1a: Zygarde|Coil|p1a: Zygarde\n|-boost|p1a: Zygarde|atk|0\n|-boost|p1a: Zygarde|def|0\n|-boost|p1a: Zygarde|accuracy|0\n|move|p2a: Zygarde|Rest|p2a: Zygarde\n|-fail|p2a: Zygarde|heal\n|\n|upkeep\n|turn|136\n|\n|t:|1701201188\n|move|p1a: Zygarde|Coil|p1a: Zygarde\n|-boost|p1a: Zygarde|atk|0\n|-boost|p1a: Zygarde|def|0\n|-boost|p1a: Zygarde|accuracy|0\n|move|p2a: Zygarde|Coil|p2a: Zygarde\n|-boost|p2a: Zygarde|atk|0\n|-boost|p2a: Zygarde|def|0\n|-boost|p2a: Zygarde|accuracy|0\n|\n|upkeep\n|turn|137\n|\n|t:|1701201196\n|move|p2a: Zygarde|Thousand Arrows|p1a: Zygarde\n|-damage|p1a: Zygarde|86\/100\n|move|p1a: Zygarde|Thousand Arrows|p2a: Zygarde\n|-damage|p2a: Zygarde|91\/100\n|\n|-heal|p1a: Zygarde|92\/100|[from] item: Leftovers\n|-heal|p2a: Zygarde|97\/100|[from] item: Leftovers\n|upkeep\n|turn|138\n|inactive|Bartek15615v2 has 90 seconds left.\n|\n|t:|1701201208\n|move|p1a: Zygarde|Rest|p1a: Zygarde\n|-status|p1a: Zygarde|slp|[from] move: Rest\n|-heal|p1a: Zygarde|100\/100 slp|[silent]\n|move|p2a: Zygarde|Rest|p2a: Zygarde\n|-status|p2a: Zygarde|slp|[from] move: Rest\n|-heal|p2a: Zygarde|100\/100 slp|[silent]\n|\n|upkeep\n|turn|139\n|inactive|Bartek15615v2 has 90 seconds left.\n|\n|t:|1701201216\n|switch|p1a: Magearna|Magearna|42\/100\n|cant|p2a: Zygarde|slp\n|\n|-heal|p1a: Magearna|48\/100|[from] item: Leftovers\n|upkeep\n|turn|140\n|inactive|Bartek15615v2 has 90 seconds left.\n|\n|t:|1701201234\n|switch|p2a: Chansey|Chansey, F|61\/100\n|-damage|p2a: Chansey|49\/100|[from] Stealth Rock\n|move|p1a: Magearna|Pain Split|p2a: Chansey\n|-sethp|p2a: Chansey|38\/100|[from] move: Pain Split|[silent]\n|-sethp|p1a: Magearna|67\/100|[from] move: Pain Split\n|\n|-heal|p1a: Magearna|73\/100|[from] item: Leftovers\n|upkeep\n|turn|141\n|\n|t:|1701201244\n|move|p1a: Magearna|Heal Bell|p1a: Magearna\n|-activate|p1a: Magearna|move: Heal Bell\n|-curestatus|p1: Arceus|tox|[msg]\n|-curestatus|p1: Zygarde|slp|[msg]\n|move|p2a: Chansey|Soft-Boiled|p2a: Chansey\n|-heal|p2a: Chansey|88\/100\n|\n|-heal|p1a: Magearna|79\/100|[from] item: Leftovers\n|upkeep\n|turn|142\n|inactive|Bartek15615v2 has 60 seconds left.\n|\n|t:|1701201284\n|move|p1a: Magearna|Pain Split|p2a: Chansey\n|-sethp|p2a: Chansey|66\/100|[from] move: Pain Split|[silent]\n|-sethp|p1a: Magearna|100\/100|[from] move: Pain Split\n|move|p2a: Chansey|Teleport|p2a: Chansey\n|\n|t:|1701201291\n|switch|p2a: Ho-Oh|Ho-Oh|100\/100 tox|[from] Teleport\n|\n|-damage|p2a: Ho-Oh|94\/100 tox|[from] psn\n|upkeep\n|turn|143\n|\n|t:|1701201297\n|switch|p1a: Garganacl|Garganacl, F|88\/100\n|move|p2a: Ho-Oh|Defog|p1a: Garganacl\n|-unboost|p1a: Garganacl|evasion|1\n|-sideend|p2: Bartek15615v2|Stealth Rock|[from] move: Defog|[of] p2a: Ho-Oh\n|\n|-heal|p1a: Garganacl|95\/100|[from] item: Leftovers\n|-damage|p2a: Ho-Oh|82\/100 tox|[from] psn\n|upkeep\n|turn|144\n|\n|t:|1701201309\n|switch|p2a: Zygarde|Zygarde-Complete, tera:Fairy|100\/100 slp\n|move|p1a: Garganacl|Stealth Rock|p2a: Zygarde\n|-sidestart|p2: Bartek15615v2|move: Stealth Rock\n|\n|-heal|p1a: Garganacl|100\/100|[from] item: Leftovers\n|upkeep\n|turn|145\n|\n|t:|1701201315\n|switch|p1a: Arceus|Arceus-Ground|56\/100\n|cant|p2a: Zygarde|slp\n|\n|upkeep\n|turn|146\n|\n|t:|1701201322\n|switch|p2a: Ho-Oh|Ho-Oh|100\/100 tox\n|move|p1a: Arceus|Taunt|p2a: Ho-Oh\n|-start|p2a: Ho-Oh|move: Taunt\n|\n|-damage|p2a: Ho-Oh|94\/100 tox|[from] psn\n|upkeep\n|turn|147\n|\n|t:|1701201331\n|switch|p2a: Chansey|Chansey, F|66\/100\n|-damage|p2a: Chansey|54\/100|[from] Stealth Rock\n|move|p1a: Arceus|Judgment|p2a: Chansey\n|-damage|p2a: Chansey|40\/100\n|\n|upkeep\n|turn|148\n|\n|t:|1701201339\n|move|p1a: Arceus|Taunt|p2a: Chansey\n|-start|p2a: Chansey|move: Taunt\n|cant|p2a: Chansey|move: Taunt|Soft-Boiled\n|\n|upkeep\n|turn|149\n|\n|t:|1701201350\n|switch|p2a: Ho-Oh|Ho-Oh|100\/100 tox\n|move|p1a: Arceus|Taunt|p2a: Ho-Oh\n|-start|p2a: Ho-Oh|move: Taunt\n|\n|-damage|p2a: Ho-Oh|94\/100 tox|[from] psn\n|upkeep\n|turn|150\n|\n|t:|1701201357\n|switch|p1a: Garganacl|Garganacl, F|100\/100\n|move|p2a: Ho-Oh|Sacred Fire|p1a: Garganacl\n|-resisted|p1a: Garganacl\n|-damage|p1a: Garganacl|89\/100\n|\n|-heal|p1a: Garganacl|96\/100|[from] item: Leftovers\n|-damage|p2a: Ho-Oh|82\/100 tox|[from] psn\n|upkeep\n|turn|151\n|inactive|Bartek15615v2 has 30 seconds left.\n|inactive|Bartek15615v2 has 20 seconds left.\n|c|\u2606Bartek15615v2|dobra nie chce mi sie stallowac na jakims laderze o max 20 punktow elo!\n|inactive|Bartek15615v2 has 15 seconds left.\n|\n|t:|1701201384\n|move|p2a: Ho-Oh|Sacred Fire|p1a: Garganacl\n|-resisted|p1a: Garganacl\n|-damage|p1a: Garganacl|84\/100\n|move|p1a: Garganacl|Salt Cure|p2a: Ho-Oh\n|-supereffective|p2a: Ho-Oh\n|-damage|p2a: Ho-Oh|36\/100 tox\n|-start|p2a: Ho-Oh|Salt Cure\n|\n|-heal|p1a: Garganacl|90\/100|[from] item: Leftovers\n|-damage|p2a: Ho-Oh|17\/100 tox|[from] psn\n|-damage|p2a: Ho-Oh|4\/100 tox|[from] Salt Cure\n|-end|p2a: Ho-Oh|move: Taunt\n|upkeep\n|turn|152\n|inactive|Bartek15615v2 has 20 seconds left this turn.\n|c|\u2606Szymszym134|elo\n|inactive|Bartek15615v2 has 15 seconds left.\n|-message|Bartek15615v2 forfeited.\n|\n|win|Szymszym134\n|inactive|Bartek15615v2 has 20 seconds left this turn.\n|raw|Szymszym134's rating: 1607 &rarr; <strong>1625<\/strong><br \/>(+18 for winning)\n|raw|Bartek15615v2's rating: 1576 &rarr; <strong>1558<\/strong><br \/>(-18 for losing)\n","uploadtime":1701201414,"views":11,"p1id":"szymszym134","p2id":"bartek15615v2","formatid":"gen9nationaldexubers","rating":1558,"private":0,"password":""}