{"id":"gen9nationaldexubers-1987038331","p1":"wo-chienator","p2":"Neon34555","format":"[Gen 9] National Dex Ubers","log":"|j|\u2606wo-chienator\n|j|\u2606Neon34555\n|t:|1699551046\n|gametype|singles\n|player|p1|wo-chienator|kieran|1062\n|player|p2|Neon34555|atticus|1091\n|teamsize|p1|6\n|teamsize|p2|6\n|gen|9\n|tier|[Gen 9] National Dex Ubers\n|rated|\n|rule|HP Percentage Mod: HP is shown in percentages\n|rule|Endless Battle Clause: Forcing endless battles is banned\n|rule|OHKO Clause: OHKO moves are banned\n|rule|Evasion Moves Clause: Evasion moves are banned\n|rule|Evasion Items Clause: Evasion items are banned\n|rule|Species Clause: Limit one of each Pok\u00e9mon\n|rule|Sleep Clause Mod: Limit one foe put to sleep\n|rule|Mega Rayquaza Clause: You cannot mega evolve Rayquaza\n|clearpoke\n|poke|p1|Ivysaur, F|\n|poke|p1|Okidogi, M|\n|poke|p1|Regirock|\n|poke|p1|Mewtwo|\n|poke|p1|Tranquill, F|\n|poke|p1|Bisharp, F|\n|poke|p2|Hippowdon, F|\n|poke|p2|Krookodile, F|\n|poke|p2|Donphan, F|\n|poke|p2|Groudon|\n|poke|p2|Mudsdale, M|\n|poke|p2|Clodsire, F|\n|teampreview\n|inactive|Battle timer is ON: inactive players will automatically lose when time's up. (requested by wo-chienator)\n|c|\u2606Neon34555|*move beach get out the way starts playing*\n|\n|t:|1699551061\n|start\n|switch|p1a: Bisharp|Bisharp, F, shiny|100\/100\n|switch|p2a: Clodsire|Clodsire, F|100\/100\n|-ability|p1a: Bisharp|Pressure\n|turn|1\n|\n|t:|1699551072\n|move|p1a: Bisharp|Mean Look|p2a: Clodsire\n|-activate|p2a: Clodsire|trapped\n|move|p2a: Clodsire|Stealth Rock|p1a: Bisharp\n|-sidestart|p1: wo-chienator|move: Stealth Rock\n|\n|upkeep\n|turn|2\n|\n|t:|1699551076\n|move|p1a: Bisharp|Spite|p2a: Clodsire\n|-activate|p2a: Clodsire|move: Spite|Stealth Rock|4\n|move|p2a: Clodsire|Toxic Spikes|p1a: Bisharp\n|-sidestart|p1: wo-chienator|move: Toxic Spikes\n|\n|upkeep\n|turn|3\n|\n|t:|1699551080\n|move|p1a: Bisharp|Spite|p2a: Clodsire\n|-activate|p2a: Clodsire|move: Spite|Toxic Spikes|4\n|move|p2a: Clodsire|Toxic Spikes|p1a: Bisharp\n|-sidestart|p1: wo-chienator|move: Toxic Spikes\n|\n|upkeep\n|turn|4\n|\n|t:|1699551082\n|move|p1a: Bisharp|Spite|p2a: Clodsire\n|-activate|p2a: Clodsire|move: Spite|Toxic Spikes|4\n|move|p2a: Clodsire|Spikes|p1a: Bisharp\n|-sidestart|p1: wo-chienator|Spikes\n|\n|upkeep\n|turn|5\n|\n|t:|1699551084\n|move|p1a: Bisharp|Spite|p2a: Clodsire\n|-activate|p2a: Clodsire|move: Spite|Spikes|4\n|move|p2a: Clodsire|Spikes|p1a: Bisharp\n|-sidestart|p1: wo-chienator|Spikes\n|\n|upkeep\n|turn|6\n|\n|t:|1699551087\n|move|p1a: Bisharp|Spite|p2a: Clodsire\n|-activate|p2a: Clodsire|move: Spite|Spikes|4\n|move|p2a: Clodsire|Spikes|p1a: Bisharp\n|-sidestart|p1: wo-chienator|Spikes\n|\n|upkeep\n|turn|7\n|\n|t:|1699551093\n|move|p1a: Bisharp|Spite|p2a: Clodsire\n|-activate|p2a: Clodsire|move: Spite|Spikes|4\n|move|p2a: Clodsire|Spikes||[still]\n|-fail|p2a: Clodsire\n|\n|upkeep\n|turn|8\n|\n|t:|1699551097\n|move|p1a: Bisharp|Spite|p2a: Clodsire\n|-activate|p2a: Clodsire|move: Spite|Spikes|4\n|move|p2a: Clodsire|Spikes||[still]\n|-fail|p2a: Clodsire\n|\n|upkeep\n|turn|9\n|\n|t:|1699551102\n|move|p1a: Bisharp|Iron Defense|p1a: Bisharp\n|-boost|p1a: Bisharp|def|2\n|move|p2a: Clodsire|Stealth Rock||[still]\n|-fail|p2a: Clodsire\n|\n|upkeep\n|turn|10\n|\n|t:|1699551107\n|move|p1a: Bisharp|Iron Defense|p1a: Bisharp\n|-boost|p1a: Bisharp|def|2\n|move|p2a: Clodsire|Toxic Spikes||[still]\n|-fail|p2a: Clodsire\n|\n|upkeep\n|turn|11\n|\n|t:|1699551110\n|move|p1a: Bisharp|Iron Defense|p1a: Bisharp\n|-boost|p1a: Bisharp|def|2\n|move|p2a: Clodsire|Recover||[still]\n|-fail|p2a: Clodsire|heal\n|\n|upkeep\n|turn|12\n|\n|t:|1699551113\n|move|p1a: Bisharp|Spite|p2a: Clodsire\n|-activate|p2a: Clodsire|move: Spite|Recover|4\n|move|p2a: Clodsire|Spikes||[still]\n|-fail|p2a: Clodsire\n|\n|upkeep\n|turn|13\n|\n|t:|1699551118\n|move|p1a: Bisharp|Spite|p2a: Clodsire\n|-activate|p2a: Clodsire|move: Spite|Spikes|4\n|move|p2a: Clodsire|Stealth Rock||[still]\n|-fail|p2a: Clodsire\n|\n|upkeep\n|turn|14\n|\n|t:|1699551122\n|move|p1a: Bisharp|Spite|p2a: Clodsire\n|-activate|p2a: Clodsire|move: Spite|Stealth Rock|4\n|move|p2a: Clodsire|Stealth Rock||[still]\n|-fail|p2a: Clodsire\n|\n|upkeep\n|turn|15\n|\n|t:|1699551126\n|move|p1a: Bisharp|Spite|p2a: Clodsire\n|-activate|p2a: Clodsire|move: Spite|Stealth Rock|4\n|move|p2a: Clodsire|Stealth Rock||[still]\n|-fail|p2a: Clodsire\n|\n|upkeep\n|turn|16\n|\n|t:|1699551128\n|move|p1a: Bisharp|Spite|p2a: Clodsire\n|-activate|p2a: Clodsire|move: Spite|Stealth Rock|4\n|move|p2a: Clodsire|Stealth Rock||[still]\n|-fail|p2a: Clodsire\n|\n|upkeep\n|turn|17\n|\n|t:|1699551133\n|move|p1a: Bisharp|Spite|p2a: Clodsire\n|-activate|p2a: Clodsire|move: Spite|Stealth Rock|4\n|cant|p2a: Clodsire|nopp|Stealth Rock\n|\n|upkeep\n|turn|18\n|\n|t:|1699551138\n|move|p1a: Bisharp|Iron Defense|p1a: Bisharp\n|-boost|p1a: Bisharp|def|0\n|move|p2a: Clodsire|Toxic Spikes||[still]\n|-fail|p2a: Clodsire\n|\n|upkeep\n|turn|19\n|\n|t:|1699551142\n|move|p1a: Bisharp|Spite|p2a: Clodsire\n|-activate|p2a: Clodsire|move: Spite|Toxic Spikes|4\n|move|p2a: Clodsire|Toxic Spikes||[still]\n|-fail|p2a: Clodsire\n|\n|upkeep\n|turn|20\n|\n|t:|1699551144\n|move|p1a: Bisharp|Spite|p2a: Clodsire\n|-activate|p2a: Clodsire|move: Spite|Toxic Spikes|4\n|move|p2a: Clodsire|Toxic Spikes||[still]\n|-fail|p2a: Clodsire\n|\n|upkeep\n|turn|21\n|\n|t:|1699551147\n|move|p1a: Bisharp|Spite|p2a: Clodsire\n|-activate|p2a: Clodsire|move: Spite|Toxic Spikes|4\n|cant|p2a: Clodsire|nopp|Toxic Spikes\n|\n|upkeep\n|turn|22\n|\n|t:|1699551151\n|switch|p1a: chansey?|Tranquill, F, shiny|100\/100\n|-damage|p1a: chansey?|76\/100|[from] Stealth Rock\n|move|p2a: Clodsire|Recover||[still]\n|-fail|p2a: Clodsire|heal\n|\n|upkeep\n|turn|23\n|\n|t:|1699551159\n|switch|p2a: Groudon|Groudon|100\/100\n|detailschange|p2a: Groudon|Groudon-Primal\n|-primal|p2a: Groudon|Red Orb\n|-weather|DesolateLand|[from] ability: Desolate Land|[of] p2a: Groudon\n|move|p1a: chansey?|Defog|p2a: Groudon\n|-unboost|p2a: Groudon|evasion|1\n|-sideend|p1: wo-chienator|Spikes|[from] move: Defog|[of] p1a: chansey?\n|-sideend|p1: wo-chienator|Toxic Spikes|[from] move: Defog|[of] p1a: chansey?\n|-sideend|p1: wo-chienator|Stealth Rock|[from] move: Defog|[of] p1a: chansey?\n|\n|-weather|DesolateLand|[upkeep]\n|upkeep\n|turn|24\n|\n|t:|1699551168\n|move|p2a: Groudon|Thunder Punch|p1a: chansey?\n|-supereffective|p1a: chansey?\n|-damage|p1a: chansey?|35\/100\n|move|p1a: chansey?|Toxic|p2a: Groudon\n|-status|p2a: Groudon|tox\n|\n|-weather|DesolateLand|[upkeep]\n|-damage|p2a: Groudon|94\/100 tox|[from] psn\n|upkeep\n|turn|25\n|\n|t:|1699551174\n|switch|p1a: shut up pika|Ivysaur, F|100\/100\n|move|p2a: Groudon|Thunder Punch|p1a: shut up pika\n|-resisted|p1a: shut up pika\n|-damage|p1a: shut up pika|86\/100\n|\n|-weather|DesolateLand|[upkeep]\n|-damage|p2a: Groudon|82\/100 tox|[from] psn\n|upkeep\n|turn|26\n|\n|t:|1699551180\n|move|p1a: shut up pika|Protect|p1a: shut up pika\n|-singleturn|p1a: shut up pika|Protect\n|move|p2a: Groudon|Earthquake|p1a: shut up pika\n|-activate|p1a: shut up pika|move: Protect\n|\n|-weather|DesolateLand|[upkeep]\n|-damage|p2a: Groudon|63\/100 tox|[from] psn\n|upkeep\n|turn|27\n|\n|t:|1699551184\n|move|p2a: Groudon|Earthquake|p1a: shut up pika\n|-damage|p1a: shut up pika|21\/100\n|move|p1a: shut up pika|Leech Seed|p2a: Groudon\n|-start|p2a: Groudon|move: Leech Seed\n|\n|-weather|DesolateLand|[upkeep]\n|-damage|p2a: Groudon|51\/100 tox|[from] Leech Seed|[of] p1a: shut up pika\n|-heal|p1a: shut up pika|37\/100|[silent]\n|-damage|p2a: Groudon|26\/100 tox|[from] psn\n|upkeep\n|turn|28\n|\n|t:|1699551189\n|move|p1a: shut up pika|Protect|p1a: shut up pika\n|-singleturn|p1a: shut up pika|Protect\n|move|p2a: Groudon|Earthquake|p1a: shut up pika\n|-activate|p1a: shut up pika|move: Protect\n|\n|-weather|DesolateLand|[upkeep]\n|-damage|p2a: Groudon|14\/100 tox|[from] Leech Seed|[of] p1a: shut up pika\n|-heal|p1a: shut up pika|52\/100|[silent]\n|-damage|p2a: Groudon|0 fnt|[from] psn\n|faint|p2a: Groudon\n|-weather|none\n|upkeep\n|\n|t:|1699551194\n|switch|p2a: Krookodile|Krookodile, F, shiny|100\/100\n|turn|29\n|\n|t:|1699551198\n|-terastallize|p1a: shut up pika|Grass\n|move|p2a: Krookodile|Fire Fang|p1a: shut up pika\n|-supereffective|p1a: shut up pika\n|-damage|p1a: shut up pika|4\/100\n|move|p1a: shut up pika|Leech Seed|p2a: Krookodile|[miss]\n|-miss|p1a: shut up pika|p2a: Krookodile\n|\n|upkeep\n|turn|30\n|\n|t:|1699551204\n|move|p1a: shut up pika|Protect|p1a: shut up pika\n|-singleturn|p1a: shut up pika|Protect\n|move|p2a: Krookodile|Fire Fang|p1a: shut up pika\n|-activate|p1a: shut up pika|move: Protect\n|\n|upkeep\n|turn|31\n|\n|t:|1699551210\n|switch|p1a: mike tyson|Regirock, shiny|100\/100\n|move|p2a: Krookodile|Fire Fang|p1a: mike tyson\n|-resisted|p1a: mike tyson\n|-damage|p1a: mike tyson|94\/100\n|\n|upkeep\n|turn|32\n|\n|t:|1699551218\n|switch|p2a: Hippowdon|Hippowdon, F|100\/100\n|-weather|Sandstorm|[from] ability: Sand Stream|[of] p2a: Hippowdon\n|move|p1a: mike tyson|Earthquake|p2a: Hippowdon\n|-damage|p2a: Hippowdon|80\/100\n|\n|-weather|Sandstorm|[upkeep]\n|-heal|p2a: Hippowdon|86\/100|[from] item: Leftovers\n|upkeep\n|turn|33\n|\n|t:|1699551225\n|switch|p1a: chansey?|Tranquill, F, shiny|35\/100\n|move|p2a: Hippowdon|Earthquake|p1a: chansey?\n|-immune|p1a: chansey?\n|\n|-weather|Sandstorm|[upkeep]\n|-damage|p1a: chansey?|29\/100|[from] Sandstorm\n|-heal|p2a: Hippowdon|92\/100|[from] item: Leftovers\n|upkeep\n|turn|34\n|\n|t:|1699551229\n|move|p1a: chansey?|Roost|p1a: chansey?\n|-heal|p1a: chansey?|79\/100\n|-singleturn|p1a: chansey?|move: Roost\n|move|p2a: Hippowdon|Stone Edge|p1a: chansey?\n|-damage|p1a: chansey?|63\/100\n|\n|-weather|Sandstorm|[upkeep]\n|-damage|p1a: chansey?|57\/100|[from] Sandstorm\n|-heal|p2a: Hippowdon|98\/100|[from] item: Leftovers\n|upkeep\n|turn|35\n|\n|t:|1699551233\n|move|p1a: chansey?|Roost|p1a: chansey?\n|-heal|p1a: chansey?|100\/100\n|-singleturn|p1a: chansey?|move: Roost\n|move|p2a: Hippowdon|Yawn|p1a: chansey?\n|-start|p1a: chansey?|move: Yawn|[of] p2a: Hippowdon\n|\n|-weather|Sandstorm|[upkeep]\n|-damage|p1a: chansey?|94\/100|[from] Sandstorm\n|-heal|p2a: Hippowdon|100\/100|[from] item: Leftovers\n|upkeep\n|turn|36\n|\n|t:|1699551237\n|switch|p1a: shut up pika|Ivysaur, F, tera:Grass|4\/100\n|move|p2a: Hippowdon|Stone Edge|p1a: shut up pika\n|-damage|p1a: shut up pika|0 fnt\n|faint|p1a: shut up pika\n|\n|-weather|none\n|upkeep\n|\n|t:|1699551239\n|switch|p1a: chansey?|Tranquill, F, shiny|94\/100\n|turn|37\n|\n|t:|1699551246\n|move|p1a: chansey?|Toxic|p2a: Hippowdon\n|-status|p2a: Hippowdon|tox\n|move|p2a: Hippowdon|Yawn|p1a: chansey?\n|-start|p1a: chansey?|move: Yawn|[of] p2a: Hippowdon\n|\n|-damage|p2a: Hippowdon|94\/100 tox|[from] psn\n|upkeep\n|turn|38\n|\n|t:|1699551255\n|switch|p1a: Bisharp|Bisharp, F, shiny|100\/100\n|-ability|p1a: Bisharp|Pressure\n|move|p2a: Hippowdon|Earthquake|p1a: Bisharp\n|-supereffective|p1a: Bisharp\n|-damage|p1a: Bisharp|52\/100\n|\n|-heal|p2a: Hippowdon|100\/100 tox|[from] item: Leftovers\n|-damage|p2a: Hippowdon|88\/100 tox|[from] psn\n|upkeep\n|turn|39\n|\n|t:|1699551262\n|move|p1a: Bisharp|Iron Defense|p1a: Bisharp\n|-boost|p1a: Bisharp|def|2\n|move|p2a: Hippowdon|Earthquake|p1a: Bisharp\n|-supereffective|p1a: Bisharp\n|-damage|p1a: Bisharp|27\/100\n|\n|-heal|p2a: Hippowdon|94\/100 tox|[from] item: Leftovers\n|-damage|p2a: Hippowdon|76\/100 tox|[from] psn\n|upkeep\n|turn|40\n|\n|t:|1699551265\n|move|p1a: Bisharp|Iron Defense|p1a: Bisharp\n|-boost|p1a: Bisharp|def|2\n|move|p2a: Hippowdon|Earthquake|p1a: Bisharp\n|-supereffective|p1a: Bisharp\n|-damage|p1a: Bisharp|8\/100\n|\n|-heal|p2a: Hippowdon|82\/100 tox|[from] item: Leftovers\n|-damage|p2a: Hippowdon|57\/100 tox|[from] psn\n|upkeep\n|turn|41\n|\n|t:|1699551268\n|move|p1a: Bisharp|Rest|p1a: Bisharp\n|-status|p1a: Bisharp|slp|[from] move: Rest\n|-heal|p1a: Bisharp|100\/100 slp|[silent]\n|move|p2a: Hippowdon|Earthquake|p1a: Bisharp\n|-supereffective|p1a: Bisharp\n|-damage|p1a: Bisharp|84\/100 slp\n|\n|-heal|p2a: Hippowdon|63\/100 tox|[from] item: Leftovers\n|-damage|p2a: Hippowdon|32\/100 tox|[from] psn\n|upkeep\n|turn|42\n|-message|Neon34555 forfeited.\n|\n|win|wo-chienator\n|raw|wo-chienator's rating: 1062 &rarr; <strong>1095<\/strong><br \/>(+33 for winning)\n|raw|Neon34555's rating: 1091 &rarr; <strong>1065<\/strong><br \/>(-26 for losing)\n|l|\u2606Neon34555\n","uploadtime":1699551276,"views":5,"p1id":"wochienator","p2id":"neon34555","formatid":"gen9nationaldexubers","rating":1065,"private":0,"password":""}