{"id":"gen9nationaldexubers-1987231318","p1":"Gible.Fights","p2":"cinderace 88","format":"[Gen 9] National Dex Ubers","log":"|j|\u2606Gible.Fights\n|j|\u2606cinderace 88\n|t:|1699567569\n|gametype|singles\n|player|p1|Gible.Fights|cynthia|1162\n|player|p2|cinderace 88|hop-masters|1044\n|teamsize|p1|6\n|teamsize|p2|6\n|gen|9\n|tier|[Gen 9] National Dex Ubers\n|rated|\n|rule|HP Percentage Mod: HP is shown in percentages\n|rule|Endless Battle Clause: Forcing endless battles is banned\n|rule|OHKO Clause: OHKO moves are banned\n|rule|Evasion Moves Clause: Evasion moves are banned\n|rule|Evasion Items Clause: Evasion items are banned\n|rule|Species Clause: Limit one of each Pok\u00e9mon\n|rule|Sleep Clause Mod: Limit one foe put to sleep\n|rule|Mega Rayquaza Clause: You cannot mega evolve Rayquaza\n|clearpoke\n|poke|p1|Regirock|\n|poke|p1|Regice|\n|poke|p1|Registeel|\n|poke|p1|Regidrago|\n|poke|p1|Regieleki|\n|poke|p1|Regigigas|\n|poke|p2|Wigglytuff, F|\n|poke|p2|Comfey, F|\n|poke|p2|Clefable, F|\n|poke|p2|Sylveon, F|\n|poke|p2|Ribombee, F|\n|poke|p2|Xerneas-*|\n|teampreview\n|inactive|Battle timer is ON: inactive players will automatically lose when time's up. (requested by cinderace 88)\n|\n|t:|1699567576\n|start\n|switch|p1a: Registeel|Registeel|100\/100\n|switch|p2a: Ribombee|Ribombee, F, shiny|100\/100\n|turn|1\n|c|\u2606cinderace 88|Lmao regis team\n|\n|t:|1699567593\n|move|p2a: Ribombee|Stun Spore|p1a: Registeel\n|-status|p1a: Registeel|par\n|move|p1a: Registeel|Toxic|p2a: Ribombee|[miss]\n|-miss|p1a: Registeel|p2a: Ribombee\n|\n|upkeep\n|turn|2\n|\n|t:|1699567600\n|move|p2a: Ribombee|Sticky Web|p1a: Registeel\n|-sidestart|p1: Gible.Fights|move: Sticky Web\n|move|p1a: Registeel|Toxic|p2a: Ribombee\n|-status|p2a: Ribombee|tox\n|\n|-damage|p2a: Ribombee|94\/100 tox|[from] psn\n|upkeep\n|turn|3\n|\n|t:|1699567608\n|switch|p2a: Wigglytuff|Wigglytuff, F|100\/100\n|-item|p1a: Registeel|Leftovers|[from] ability: Frisk|[of] p2a: Wigglytuff|[identify]\n|move|p1a: Registeel|Iron Defense|p1a: Registeel\n|-boost|p1a: Registeel|def|2\n|\n|upkeep\n|turn|4\n|\n|t:|1699567616\n|move|p2a: Wigglytuff|Taunt|p1a: Registeel\n|-start|p1a: Registeel|move: Taunt\n|cant|p1a: Registeel|move: Taunt|Toxic\n|\n|upkeep\n|turn|5\n|\n|t:|1699567624\n|move|p2a: Wigglytuff|Knock Off|p1a: Registeel\n|-damage|p1a: Registeel|92\/100 par\n|-enditem|p1a: Registeel|Leftovers|[from] move: Knock Off|[of] p2a: Wigglytuff\n|move|p1a: Registeel|Body Press|p2a: Wigglytuff\n|-damage|p2a: Wigglytuff|5\/100\n|-damage|p1a: Registeel|76\/100 par|[from] item: Rocky Helmet|[of] p2a: Wigglytuff\n|\n|upkeep\n|turn|6\n|\n|t:|1699567632\n|move|p2a: Wigglytuff|Drain Punch|p1a: Registeel\n|-supereffective|p1a: Registeel\n|-damage|p1a: Registeel|64\/100 par\n|-heal|p2a: Wigglytuff|8\/100|[from] drain|[of] p1a: Registeel\n|move|p1a: Registeel|Body Press|p2a: Wigglytuff\n|-damage|p2a: Wigglytuff|0 fnt\n|-damage|p1a: Registeel|48\/100 par|[from] item: Rocky Helmet|[of] p2a: Wigglytuff\n|faint|p2a: Wigglytuff\n|\n|-end|p1a: Registeel|move: Taunt\n|upkeep\n|\n|t:|1699567651\n|switch|p2a: Sylveon|Sylveon, F|100\/100\n|turn|7\n|\n|t:|1699567656\n|switch|p1a: Regieleki|Regieleki|100\/100\n|-activate|p1a: Regieleki|move: Sticky Web\n|-unboost|p1a: Regieleki|spe|1\n|move|p2a: Sylveon|Hyper Voice|p1a: Regieleki\n|-damage|p1a: Regieleki|37\/100\n|-enditem|p2a: Sylveon|Throat Spray\n|-boost|p2a: Sylveon|spa|1|[from] item: Throat Spray\n|\n|upkeep\n|turn|8\n|\n|t:|1699567666\n|move|p1a: Regieleki|Rapid Spin|p2a: Sylveon\n|-damage|p2a: Sylveon|87\/100\n|-boost|p1a: Regieleki|spe|1\n|-sideend|p1: Gible.Fights|Sticky Web|[from] move: Rapid Spin|[of] p1a: Regieleki\n|move|p2a: Sylveon|Hyper Voice|p1a: Regieleki\n|-damage|p1a: Regieleki|0 fnt\n|faint|p1a: Regieleki\n|\n|upkeep\n|\n|t:|1699567678\n|switch|p1a: Registeel|Registeel|48\/100 par\n|turn|9\n|\n|t:|1699567685\n|move|p2a: Sylveon|Shadow Ball|p1a: Registeel\n|-damage|p1a: Registeel|22\/100 par\n|move|p1a: Registeel|Toxic|p2a: Sylveon\n|-status|p2a: Sylveon|tox\n|\n|-damage|p2a: Sylveon|81\/100 tox|[from] psn\n|upkeep\n|turn|10\n|\n|t:|1699567694\n|cant|p1a: Registeel|par\n|move|p2a: Sylveon|Shadow Ball|p1a: Registeel\n|-damage|p1a: Registeel|0 fnt\n|faint|p1a: Registeel\n|\n|-damage|p2a: Sylveon|69\/100 tox|[from] psn\n|upkeep\n|\n|t:|1699567708\n|switch|p1a: Regirock|Regirock|100\/100\n|turn|11\n|\n|t:|1699567715\n|switch|p1a: Regice|Regice|100\/100\n|move|p2a: Sylveon|Moonblast|p1a: Regice\n|-damage|p1a: Regice|52\/100\n|\n|-damage|p2a: Sylveon|51\/100 tox|[from] psn\n|upkeep\n|turn|12\n|\n|t:|1699567726\n|move|p2a: Sylveon|Moonblast|p1a: Regice\n|-damage|p1a: Regice|10\/100\n|move|p1a: Regice|Thunderbolt|p2a: Sylveon\n|-damage|p2a: Sylveon|31\/100 tox\n|\n|-damage|p2a: Sylveon|6\/100 tox|[from] psn\n|upkeep\n|turn|13\n|\n|t:|1699567736\n|move|p2a: Sylveon|Moonblast|p1a: Regice\n|-damage|p1a: Regice|0 fnt\n|faint|p1a: Regice\n|\n|-damage|p2a: Sylveon|0 fnt|[from] psn\n|faint|p2a: Sylveon\n|upkeep\n|\n|t:|1699567745\n|switch|p2a: Ribombee|Ribombee, F, shiny|94\/100 tox\n|switch|p1a: Regirock|Regirock|100\/100\n|turn|14\n|\n|t:|1699567752\n|move|p2a: Ribombee|Sticky Web|p1a: Regirock\n|-sidestart|p1: Gible.Fights|move: Sticky Web\n|move|p1a: Regirock|Rock Blast|p2a: Ribombee\n|-supereffective|p2a: Ribombee\n|-damage|p2a: Ribombee|43\/100 tox\n|-supereffective|p2a: Ribombee\n|-damage|p2a: Ribombee|0 fnt\n|faint|p2a: Ribombee\n|-hitcount|p2: Ribombee|2\n|\n|upkeep\n|\n|t:|1699567759\n|switch|p2a: Comfey|Comfey, F|100\/100\n|turn|15\n|\n|t:|1699567769\n|move|p2a: Comfey|Calm Mind|p2a: Comfey\n|-boost|p2a: Comfey|spa|1\n|-boost|p2a: Comfey|spd|1\n|move|p1a: Regirock|Rock Blast|p2a: Comfey\n|-damage|p2a: Comfey|83\/100\n|-damage|p2a: Comfey|63\/100\n|-hitcount|p2a: Comfey|2\n|\n|-heal|p2a: Comfey|70\/100|[from] item: Leftovers\n|upkeep\n|turn|16\n|\n|t:|1699567780\n|move|p2a: Comfey|Calm Mind|p2a: Comfey\n|-boost|p2a: Comfey|spa|1\n|-boost|p2a: Comfey|spd|1\n|move|p1a: Regirock|Rock Blast|p2a: Comfey\n|-damage|p2a: Comfey|51\/100\n|-damage|p2a: Comfey|34\/100\n|-damage|p2a: Comfey|14\/100\n|-hitcount|p2a: Comfey|3\n|\n|-heal|p2a: Comfey|20\/100|[from] item: Leftovers\n|upkeep\n|turn|17\n|\n|t:|1699567791\n|move|p2a: Comfey|Giga Drain|p1a: Regirock\n|-supereffective|p1a: Regirock\n|-damage|p1a: Regirock|31\/100\n|-heal|p2a: Comfey|63\/100|[from] drain|[of] p1a: Regirock\n|move|p1a: Regirock|Rock Blast|p2a: Comfey\n|-damage|p2a: Comfey|45\/100\n|-damage|p2a: Comfey|26\/100\n|-hitcount|p2a: Comfey|2\n|\n|-heal|p2a: Comfey|32\/100|[from] item: Leftovers\n|-heal|p1a: Regirock|37\/100|[from] item: Leftovers\n|upkeep\n|turn|18\n|\n|t:|1699567807\n|switch|p1a: Regidrago|Regidrago|100\/100\n|-activate|p1a: Regidrago|move: Sticky Web\n|-unboost|p1a: Regidrago|spe|1\n|move|p2a: Comfey|Giga Drain|p1a: Regidrago\n|-resisted|p1a: Regidrago\n|-damage|p1a: Regidrago|77\/100\n|-heal|p2a: Comfey|58\/100|[from] drain|[of] p1a: Regidrago\n|\n|-heal|p2a: Comfey|64\/100|[from] item: Leftovers\n|upkeep\n|turn|19\n|\n|t:|1699567820\n|-terastallize|p1a: Regidrago|Fire\n|move|p2a: Comfey|Giga Drain|p1a: Regidrago\n|-resisted|p1a: Regidrago\n|-damage|p1a: Regidrago|55\/100\n|-heal|p2a: Comfey|90\/100|[from] drain|[of] p1a: Regidrago\n|move|p1a: Regidrago|Tera Blast|p2a: Comfey|[anim] Tera Blast Fire\n|-crit|p2a: Comfey\n|-damage|p2a: Comfey|31\/100\n|\n|-heal|p2a: Comfey|37\/100|[from] item: Leftovers\n|upkeep\n|turn|20\n|\n|t:|1699567834\n|move|p2a: Comfey|Tailwind|p2a: Comfey\n|-sidestart|p2: cinderace 88|move: Tailwind\n|move|p1a: Regidrago|Tera Blast|p2a: Comfey|[anim] Tera Blast Fire\n|-damage|p2a: Comfey|18\/100\n|\n|-heal|p2a: Comfey|24\/100|[from] item: Leftovers\n|upkeep\n|turn|21\n|\n|t:|1699567843\n|move|p2a: Comfey|Dazzling Gleam|p1a: Regidrago\n|-resisted|p1a: Regidrago\n|-damage|p1a: Regidrago|15\/100\n|move|p1a: Regidrago|Tera Blast|p2a: Comfey|[anim] Tera Blast Fire\n|-damage|p2a: Comfey|6\/100\n|\n|-heal|p2a: Comfey|12\/100|[from] item: Leftovers\n|upkeep\n|turn|22\n|\n|t:|1699567851\n|move|p2a: Comfey|Giga Drain|p1a: Regidrago\n|-resisted|p1a: Regidrago\n|-damage|p1a: Regidrago|0 fnt\n|-heal|p2a: Comfey|28\/100|[from] drain|[of] p1a: Regidrago\n|faint|p1a: Regidrago\n|\n|-heal|p2a: Comfey|35\/100|[from] item: Leftovers\n|upkeep\n|\n|t:|1699567859\n|switch|p1a: Regigigas|Regigigas|100\/100\n|-activate|p1a: Regigigas|move: Sticky Web\n|-unboost|p1a: Regigigas|spe|1\n|-start|p1a: Regigigas|ability: Slow Start\n|turn|23\n|\n|t:|1699567865\n|move|p1a: Regigigas|Protect|p1a: Regigigas\n|-singleturn|p1a: Regigigas|Protect\n|move|p2a: Comfey|Giga Drain|p1a: Regigigas\n|-activate|p1a: Regigigas|move: Protect\n|\n|-heal|p2a: Comfey|41\/100|[from] item: Leftovers\n|-sideend|p2: cinderace 88|move: Tailwind\n|upkeep\n|turn|24\n|\n|t:|1699567873\n|move|p2a: Comfey|Giga Drain|p1a: Regigigas\n|-damage|p1a: Regigigas|70\/100\n|-heal|p2a: Comfey|63\/100|[from] drain|[of] p1a: Regigigas\n|move|p1a: Regigigas|Ice Punch|p2a: Comfey\n|-damage|p2a: Comfey|42\/100\n|\n|-heal|p2a: Comfey|49\/100|[from] item: Leftovers\n|-heal|p1a: Regigigas|76\/100|[from] item: Leftovers\n|upkeep\n|turn|25\n|\n|t:|1699567884\n|move|p1a: Regigigas|Protect|p1a: Regigigas\n|-singleturn|p1a: Regigigas|Protect\n|move|p2a: Comfey|Calm Mind|p2a: Comfey\n|-boost|p2a: Comfey|spa|1\n|-boost|p2a: Comfey|spd|1\n|\n|-heal|p2a: Comfey|55\/100|[from] item: Leftovers\n|-heal|p1a: Regigigas|83\/100|[from] item: Leftovers\n|upkeep\n|turn|26\n|\n|t:|1699567893\n|move|p2a: Comfey|Giga Drain|p1a: Regigigas\n|-damage|p1a: Regigigas|49\/100\n|-heal|p2a: Comfey|80\/100|[from] drain|[of] p1a: Regigigas\n|move|p1a: Regigigas|Power-Up Punch|p2a: Comfey\n|-resisted|p2a: Comfey\n|-damage|p2a: Comfey|75\/100\n|-boost|p1a: Regigigas|atk|1\n|\n|-heal|p2a: Comfey|81\/100|[from] item: Leftovers\n|-heal|p1a: Regigigas|55\/100|[from] item: Leftovers\n|upkeep\n|turn|27\n|\n|t:|1699567905\n|move|p2a: Comfey|Giga Drain|p1a: Regigigas\n|-damage|p1a: Regigigas|15\/100\n|-heal|p2a: Comfey|100\/100|[from] drain|[of] p1a: Regigigas\n|move|p1a: Regigigas|Ice Punch|p2a: Comfey\n|-damage|p2a: Comfey|70\/100\n|\n|-heal|p2a: Comfey|76\/100|[from] item: Leftovers\n|-heal|p1a: Regigigas|21\/100|[from] item: Leftovers\n|-end|p1a: Regigigas|Slow Start\n|upkeep\n|turn|28\n|\n|t:|1699567918\n|move|p1a: Regigigas|Protect|p1a: Regigigas\n|-singleturn|p1a: Regigigas|Protect\n|move|p2a: Comfey|Giga Drain|p1a: Regigigas\n|-activate|p1a: Regigigas|move: Protect\n|\n|-heal|p2a: Comfey|82\/100|[from] item: Leftovers\n|-heal|p1a: Regigigas|28\/100|[from] item: Leftovers\n|upkeep\n|turn|29\n|\n|t:|1699567927\n|move|p2a: Comfey|Giga Drain|p1a: Regigigas\n|-damage|p1a: Regigigas|0 fnt\n|-heal|p2a: Comfey|100\/100|[from] drain|[of] p1a: Regigigas\n|faint|p1a: Regigigas\n|-end|p1a: Regigigas|Slow Start|[silent]\n|\n|upkeep\n|-message|Gible.Fights forfeited.\n|\n|win|cinderace 88\n|raw|Gible.Fights's rating: 1162 &rarr; <strong>1129<\/strong><br \/>(-33 for losing)\n|raw|cinderace 88's rating: 1044 &rarr; <strong>1088<\/strong><br \/>(+44 for winning)\n|l|\u2606Gible.Fights\n","uploadtime":1699567939,"views":4,"p1id":"giblefights","p2id":"cinderace88","formatid":"gen9nationaldexubers","rating":1088,"private":0,"password":""}