{"id":"gen9nationaldexubers-1994286114","p1":"EmotionalSpprtNuke","p2":"700club","format":"[Gen 9] National Dex Ubers","log":"|j|\u2606EmotionalSpprtNuke\n|j|\u2606700club\n|t:|1700427143\n|gametype|singles\n|player|p1|EmotionalSpprtNuke|lusamine-nihilego|1204\n|player|p2|700club|shadowtriad|1344\n|teamsize|p1|6\n|teamsize|p2|6\n|gen|9\n|tier|[Gen 9] National Dex Ubers\n|rated|\n|rule|HP Percentage Mod: HP is shown in percentages\n|rule|Endless Battle Clause: Forcing endless battles is banned\n|rule|OHKO Clause: OHKO moves are banned\n|rule|Evasion Moves Clause: Evasion moves are banned\n|rule|Evasion Items Clause: Evasion items are banned\n|rule|Species Clause: Limit one of each Pok\u00e9mon\n|rule|Sleep Clause Mod: Limit one foe put to sleep\n|rule|Mega Rayquaza Clause: You cannot mega evolve Rayquaza\n|clearpoke\n|poke|p1|Dracovish|\n|poke|p1|Kyogre|\n|poke|p1|Metagross|\n|poke|p1|Marshadow|\n|poke|p1|Urshifu-*, M|\n|poke|p1|Necrozma-Dusk-Mane|\n|poke|p2|Ogerpon-Hearthflame, F|\n|poke|p2|Ditto|\n|poke|p2|Deoxys-Speed|\n|poke|p2|Mewtwo|\n|poke|p2|Necrozma-Dusk-Mane|\n|poke|p2|Genesect|\n|teampreview\n|c|\u2606700club|hi\n|\n|t:|1700427152\n|start\n|switch|p1a: Metagross|Metagross|100\/100\n|switch|p2a: Deoxys|Deoxys-Speed|100\/100\n|-ability|p2a: Deoxys|Pressure\n|turn|1\n|c|\u2606EmotionalSpprtNuke|Sup\n|\n|t:|1700427162\n|detailschange|p1a: Metagross|Metagross-Mega\n|-mega|p1a: Metagross|Metagross|Metagrossite\n|move|p2a: Deoxys|Stealth Rock|p1a: Metagross\n|-sidestart|p1: EmotionalSpprtNuke|move: Stealth Rock\n|move|p1a: Metagross|Meteor Mash|p2a: Deoxys\n|-damage|p2a: Deoxys|20\/100\n|\n|upkeep\n|turn|2\n|\n|t:|1700427176\n|move|p1a: Metagross|Bullet Punch|p2a: Deoxys\n|-damage|p2a: Deoxys|0 fnt\n|faint|p2a: Deoxys\n|\n|upkeep\n|\n|t:|1700427184\n|switch|p2a: Ogerpon|Ogerpon-Hearthflame, F|100\/100\n|-ability|p2a: Ogerpon|Mold Breaker\n|turn|3\n|\n|t:|1700427196\n|move|p1a: Metagross|Ice Punch|p2a: Ogerpon\n|-damage|p2a: Ogerpon|62\/100\n|move|p2a: Ogerpon|Substitute|p2a: Ogerpon\n|-start|p2a: Ogerpon|Substitute\n|-damage|p2a: Ogerpon|37\/100\n|\n|upkeep\n|turn|4\n|\n|t:|1700427207\n|-terastallize|p2a: Ogerpon|Fire\n|detailschange|p2a: Ogerpon|Ogerpon-Hearthflame-Tera, F, tera:Fire\n|-ability|p2a: Ogerpon|Embody Aspect (Hearthflame)|boost\n|-boost|p2a: Ogerpon|atk|1\n|move|p2a: Ogerpon|Ivy Cudgel|p1a: Metagross|[anim] Ivy Cudgel Fire\n|-supereffective|p1a: Metagross\n|-damage|p1a: Metagross|0 fnt\n|faint|p1a: Metagross\n|\n|upkeep\n|\n|t:|1700427219\n|switch|p1a: Urshifu|Urshifu, M|100\/100\n|-damage|p1a: Urshifu|94\/100|[from] Stealth Rock\n|turn|5\n|\n|t:|1700427231\n|move|p2a: Ogerpon|Ivy Cudgel|p1a: Urshifu|[anim] Ivy Cudgel Fire\n|-damage|p1a: Urshifu|4\/100\n|move|p1a: Urshifu|Wicked Blow|p2a: Ogerpon\n|-crit|p2a: Ogerpon\n|-end|p2a: Ogerpon|Substitute\n|\n|upkeep\n|turn|6\n|\n|t:|1700427241\n|move|p2a: Ogerpon|Ivy Cudgel|p1a: Urshifu|[anim] Ivy Cudgel Fire\n|-damage|p1a: Urshifu|0 fnt\n|faint|p1a: Urshifu\n|\n|upkeep\n|\n|t:|1700427250\n|switch|p1a: Marshadow|Marshadow|100\/100\n|-damage|p1a: Marshadow|94\/100|[from] Stealth Rock\n|turn|7\n|\n|t:|1700427291\n|switch|p2a: Ditto|Ditto|100\/100\n|-transform|p2a: Ditto|p1a: Marshadow|[from] ability: Imposter\n|move|p1a: Marshadow|Spectral Thief|p2a: Ditto\n|-supereffective|p2a: Ditto\n|-damage|p2a: Ditto|0 fnt\n|faint|p2a: Ditto\n|\n|upkeep\n|\n|t:|1700427312\n|switch|p2a: Mewtwo|Mewtwo|100\/100\n|-ability|p2a: Mewtwo|Unnerve\n|turn|8\n|\n|t:|1700427335\n|detailschange|p2a: Mewtwo|Mewtwo-Mega-Y\n|-mega|p2a: Mewtwo|Mewtwo|Mewtwonite Y\n|move|p1a: Marshadow|Shadow Sneak|p2a: Mewtwo\n|-supereffective|p2a: Mewtwo\n|-damage|p2a: Mewtwo|27\/100\n|move|p2a: Mewtwo|Psystrike|p1a: Marshadow\n|-supereffective|p1a: Marshadow\n|-damage|p1a: Marshadow|0 fnt\n|faint|p1a: Marshadow\n|\n|upkeep\n|\n|t:|1700427344\n|switch|p1a: Kyogre|Kyogre|100\/100\n|-damage|p1a: Kyogre|88\/100|[from] Stealth Rock\n|detailschange|p1a: Kyogre|Kyogre-Primal\n|-primal|p1a: Kyogre|Blue Orb\n|-weather|PrimordialSea|[from] ability: Primordial Sea|[of] p1a: Kyogre\n|turn|9\n|\n|t:|1700427350\n|move|p2a: Mewtwo|Psystrike|p1a: Kyogre\n|-damage|p1a: Kyogre|24\/100\n|move|p1a: Kyogre|Thunder|p2a: Mewtwo\n|-damage|p2a: Mewtwo|0 fnt\n|faint|p2a: Mewtwo\n|\n|-weather|PrimordialSea|[upkeep]\n|upkeep\n|\n|t:|1700427370\n|switch|p2a: Ogerpon|Ogerpon-Hearthflame-Tera, F, tera:Fire|37\/100\n|-ability|p2a: Ogerpon|Embody Aspect (Hearthflame)|boost\n|-boost|p2a: Ogerpon|atk|1\n|turn|10\n|\n|t:|1700427377\n|move|p2a: Ogerpon|Horn Leech|p1a: Kyogre\n|-supereffective|p1a: Kyogre\n|-damage|p1a: Kyogre|0 fnt\n|-heal|p2a: Ogerpon|51\/100|[from] drain|[of] p1a: Kyogre\n|faint|p1a: Kyogre\n|-weather|none\n|\n|upkeep\n|\n|t:|1700427385\n|switch|p1a: Necrozma|Necrozma-Dusk-Mane|100\/100\n|-damage|p1a: Necrozma|95\/100|[from] Stealth Rock\n|turn|11\n|\n|t:|1700427404\n|detailschange|p1a: Necrozma|Necrozma-Ultra\n|-burst|p1a: Necrozma|Necrozma|Ultranecrozium Z\n|move|p1a: Necrozma|Dragon Dance|p1a: Necrozma\n|-boost|p1a: Necrozma|atk|1\n|-boost|p1a: Necrozma|spe|1\n|move|p2a: Ogerpon|Ivy Cudgel|p1a: Necrozma|[anim] Ivy Cudgel Fire\n|-resisted|p1a: Necrozma\n|-crit|p1a: Necrozma\n|-damage|p1a: Necrozma|21\/100\n|\n|upkeep\n|turn|12\n|\n|t:|1700427414\n|move|p1a: Necrozma|Photon Geyser|p2a: Ogerpon\n|-damage|p2a: Ogerpon|0 fnt\n|faint|p2a: Ogerpon\n|\n|upkeep\n|\n|t:|1700427421\n|switch|p2a: Necrozma|Necrozma-Dusk-Mane|100\/100\n|turn|13\n|\n|t:|1700427437\n|-zpower|p1a: Necrozma\n|move|p1a: Necrozma|Light That Burns the Sky|p2a: Necrozma|[zeffect]\n|-resisted|p2a: Necrozma\n|-damage|p2a: Necrozma|58\/100\n|move|p2a: Necrozma|Earthquake|p1a: Necrozma\n|-damage|p1a: Necrozma|0 fnt\n|faint|p1a: Necrozma\n|\n|upkeep\n|\n|t:|1700427445\n|switch|p1a: Dracovish|Dracovish|100\/100\n|-damage|p1a: Dracovish|88\/100|[from] Stealth Rock\n|turn|14\n|\n|t:|1700427485\n|move|p1a: Dracovish|Fishious Rend|p2a: Necrozma\n|-damage|p2a: Necrozma|0 fnt\n|faint|p2a: Necrozma\n|\n|upkeep\n|\n|t:|1700427490\n|switch|p2a: Genesect|Genesect|100\/100\n|-ability|p2a: Genesect|Download|boost\n|-boost|p2a: Genesect|spa|1\n|turn|15\n|\n|t:|1700427500\n|-terastallize|p1a: Dracovish|Water\n|move|p2a: Genesect|U-turn|p1a: Dracovish\n|-damage|p1a: Dracovish|50\/100\n|move|p1a: Dracovish|Fishious Rend|p2a: Genesect\n|-damage|p2a: Genesect|0 fnt\n|faint|p2a: Genesect\n|\n|win|EmotionalSpprtNuke\n|raw|EmotionalSpprtNuke's rating: 1204 &rarr; <strong>1239<\/strong><br \/>(+35 for winning)\n|raw|700club's rating: 1344 &rarr; <strong>1316<\/strong><br \/>(-28 for losing)\n|c|\u2606700club|gg\n|c|\u2606EmotionalSpprtNuke|gg\n","uploadtime":1700427512,"views":5,"p1id":"emotionalspprtnuke","p2id":"700club","formatid":"gen9nationaldexubers","rating":1239,"private":0,"password":""}