{"id":"gen9nationaldexubers-1993749515","p1":"Seujunilson","p2":"ThtBrklynGuy","format":"[Gen 9] National Dex Ubers","log":"|j|\u2606Seujunilson\n|j|\u2606ThtBrklynGuy\n|t:|1700352712\n|gametype|singles\n|player|p1|Seujunilson|unknown|1143\n|player|p2|ThtBrklynGuy|shadowtriad|1228\n|teamsize|p1|6\n|teamsize|p2|6\n|gen|9\n|tier|[Gen 9] National Dex Ubers\n|rated|\n|rule|HP Percentage Mod: HP is shown in percentages\n|rule|Endless Battle Clause: Forcing endless battles is banned\n|rule|OHKO Clause: OHKO moves are banned\n|rule|Evasion Moves Clause: Evasion moves are banned\n|rule|Evasion Items Clause: Evasion items are banned\n|rule|Species Clause: Limit one of each Pok\u00e9mon\n|rule|Sleep Clause Mod: Limit one foe put to sleep\n|rule|Mega Rayquaza Clause: You cannot mega evolve Rayquaza\n|clearpoke\n|poke|p1|Tapu Koko|\n|poke|p1|Chandelure, M|\n|poke|p1|Milotic, F|\n|poke|p1|Audino, M|\n|poke|p1|Rillaboom, F|\n|poke|p1|Zacian-*|\n|poke|p2|Ninetales-Alola, F|\n|poke|p2|Umbreon, F|\n|poke|p2|Serperior, M|\n|poke|p2|Dragapult, F|\n|poke|p2|Kyogre|\n|poke|p2|Regieleki|\n|teampreview\n|inactive|Battle timer is ON: inactive players will automatically lose when time's up. (requested by Seujunilson)\n|\n|t:|1700352727\n|start\n|switch|p1a: Zacian|Zacian-Crowned|100\/100\n|switch|p2a: Ninetales|Ninetales-Alola, F, shiny|100\/100\n|-ability|p1a: Zacian|Intrepid Sword|boost\n|-boost|p1a: Zacian|atk|1\n|-weather|Snow|[from] ability: Snow Warning|[of] p2a: Ninetales\n|turn|1\n|\n|t:|1700352738\n|move|p1a: Zacian|Behemoth Blade|p2a: Ninetales\n|-supereffective|p2a: Ninetales\n|-damage|p2a: Ninetales|0 fnt\n|faint|p2a: Ninetales\n|\n|-weather|Snow|[upkeep]\n|upkeep\n|\n|t:|1700352746\n|switch|p2a: Umbreon|Umbreon, F, shiny|100\/100\n|turn|2\n|\n|t:|1700352750\n|move|p1a: Zacian|Sacred Sword|p2a: Umbreon\n|-supereffective|p2a: Umbreon\n|-damage|p2a: Umbreon|33\/100\n|move|p2a: Umbreon|Foul Play|p1a: Zacian\n|-resisted|p1a: Zacian\n|-damage|p1a: Zacian|71\/100\n|\n|-weather|Snow|[upkeep]\n|-heal|p2a: Umbreon|39\/100|[from] item: Leftovers\n|upkeep\n|turn|3\n|\n|t:|1700352761\n|move|p1a: Zacian|Sacred Sword|p2a: Umbreon\n|-supereffective|p2a: Umbreon\n|-damage|p2a: Umbreon|0 fnt\n|faint|p2a: Umbreon\n|\n|-weather|Snow|[upkeep]\n|upkeep\n|\n|t:|1700352768\n|switch|p2a: Serperior|Serperior, M|100\/100\n|turn|4\n|\n|t:|1700352775\n|move|p1a: Zacian|Sacred Sword|p2a: Serperior\n|-damage|p2a: Serperior|38\/100\n|move|p2a: Serperior|Glare|p1a: Zacian\n|-status|p1a: Zacian|par\n|\n|-weather|Snow|[upkeep]\n|upkeep\n|turn|5\n|\n|t:|1700352784\n|move|p2a: Serperior|Synthesis|p2a: Serperior\n|-heal|p2a: Serperior|63\/100\n|move|p1a: Zacian|Sacred Sword|p2a: Serperior\n|-damage|p2a: Serperior|6\/100\n|\n|-weather|none\n|upkeep\n|turn|6\n|\n|t:|1700352793\n|move|p2a: Serperior|Synthesis|p2a: Serperior\n|-heal|p2a: Serperior|56\/100\n|move|p1a: Zacian|Sacred Sword|p2a: Serperior\n|-damage|p2a: Serperior|0 fnt\n|faint|p2a: Serperior\n|\n|upkeep\n|\n|t:|1700352801\n|switch|p2a: Kyogre|Kyogre|100\/100\n|-weather|RainDance|[from] ability: Drizzle|[of] p2a: Kyogre\n|turn|7\n|\n|t:|1700352806\n|move|p2a: Kyogre|Water Spout|p1a: Zacian\n|-damage|p1a: Zacian|0 fnt\n|faint|p1a: Zacian\n|\n|-weather|RainDance|[upkeep]\n|upkeep\n|\n|t:|1700352814\n|switch|p1a: Tapu Koko|Tapu Koko|100\/100\n|turn|8\n|\n|t:|1700352821\n|switch|p2a: Dragapult|Dragapult, F|100\/100\n|move|p1a: Tapu Koko|Thunder|p2a: Dragapult\n|-resisted|p2a: Dragapult\n|-damage|p2a: Dragapult|74\/100\n|-status|p2a: Dragapult|par\n|\n|-weather|RainDance|[upkeep]\n|upkeep\n|turn|9\n|\n|t:|1700352833\n|switch|p1a: Milotic|Milotic, F|100\/100\n|cant|p2a: Dragapult|par\n|\n|-weather|RainDance|[upkeep]\n|upkeep\n|turn|10\n|\n|t:|1700352842\n|move|p1a: Milotic|Ice Beam|p2a: Dragapult\n|-supereffective|p2a: Dragapult\n|-damage|p2a: Dragapult|5\/100 par\n|move|p2a: Dragapult|Thunder Wave|p1a: Milotic\n|-status|p1a: Milotic|par\n|\n|-weather|RainDance|[upkeep]\n|upkeep\n|turn|11\n|\n|t:|1700352854\n|cant|p2a: Dragapult|par\n|cant|p1a: Milotic|par\n|\n|-weather|none\n|upkeep\n|turn|12\n|\n|t:|1700352861\n|move|p2a: Dragapult|Hex|p1a: Milotic\n|-damage|p1a: Milotic|66\/100 par\n|move|p1a: Milotic|Ice Beam|p2a: Dragapult\n|-supereffective|p2a: Dragapult\n|-damage|p2a: Dragapult|0 fnt\n|faint|p2a: Dragapult\n|\n|-heal|p1a: Milotic|72\/100 par|[from] item: Leftovers\n|upkeep\n|\n|t:|1700352872\n|switch|p2a: Kyogre|Kyogre|100\/100\n|-weather|RainDance|[from] ability: Drizzle|[of] p2a: Kyogre\n|turn|13\n|\n|t:|1700352880\n|switch|p1a: Audino|Audino, M|100\/100\n|move|p2a: Kyogre|Thunder|p1a: Audino\n|-damage|p1a: Audino|69\/100\n|\n|-weather|RainDance|[upkeep]\n|upkeep\n|turn|14\n|\n|t:|1700352897\n|detailschange|p1a: Audino|Audino-Mega, M\n|-mega|p1a: Audino|Audino|Audinite\n|move|p2a: Kyogre|Water Spout|p1a: Audino\n|-damage|p1a: Audino|0 fnt\n|faint|p1a: Audino\n|\n|-weather|RainDance|[upkeep]\n|upkeep\n|\n|t:|1700352906\n|switch|p1a: Tapu Koko|Tapu Koko|100\/100\n|turn|15\n|\n|t:|1700352912\n|move|p2a: Kyogre|Protect|p2a: Kyogre\n|-singleturn|p2a: Kyogre|Protect\n|move|p1a: Tapu Koko|Thunder|p2a: Kyogre\n|-activate|p2a: Kyogre|move: Protect\n|\n|-weather|RainDance|[upkeep]\n|upkeep\n|turn|16\n|\n|t:|1700352921\n|move|p1a: Tapu Koko|Thunder|p2a: Kyogre\n|-supereffective|p2a: Kyogre\n|-damage|p2a: Kyogre|30\/100\n|move|p2a: Kyogre|Water Spout|p1a: Tapu Koko\n|-damage|p1a: Tapu Koko|25\/100\n|\n|-weather|RainDance|[upkeep]\n|upkeep\n|turn|17\n|\n|t:|1700352932\n|move|p2a: Kyogre|Protect|p2a: Kyogre\n|-singleturn|p2a: Kyogre|Protect\n|move|p1a: Tapu Koko|Thunder|p2a: Kyogre\n|-activate|p2a: Kyogre|move: Protect\n|\n|-weather|none\n|upkeep\n|turn|18\n|\n|t:|1700352940\n|move|p1a: Tapu Koko|Thunderbolt|p2a: Kyogre\n|-supereffective|p2a: Kyogre\n|-damage|p2a: Kyogre|0 fnt\n|faint|p2a: Kyogre\n|\n|upkeep\n|\n|t:|1700352945\n|switch|p2a: Regieleki|Regieleki, shiny|100\/100\n|turn|19\n|\n|t:|1700352960\n|move|p2a: Regieleki|Tera Blast|p1a: Tapu Koko\n|-damage|p1a: Tapu Koko|0 fnt\n|faint|p1a: Tapu Koko\n|\n|upkeep\n|\n|t:|1700352966\n|switch|p1a: Chandelure|Chandelure, M|100\/100\n|turn|20\n|\n|t:|1700352971\n|-terastallize|p2a: Regieleki|Water\n|-terastallize|p1a: Chandelure|Ghost\n|move|p2a: Regieleki|Tera Blast|p1a: Chandelure|[anim] Tera Blast Water\n|-damage|p1a: Chandelure|43\/100\n|move|p1a: Chandelure|Calm Mind|p1a: Chandelure\n|-boost|p1a: Chandelure|spa|1\n|-boost|p1a: Chandelure|spd|1\n|\n|-heal|p1a: Chandelure|49\/100|[from] item: Leftovers\n|upkeep\n|turn|21\n|\n|t:|1700352986\n|move|p2a: Regieleki|Thunderbolt|p1a: Chandelure\n|-damage|p1a: Chandelure|0 fnt\n|faint|p1a: Chandelure\n|\n|upkeep\n|\n|t:|1700352992\n|switch|p1a: Rillaboom|Rillaboom, F|100\/100\n|-fieldstart|move: Grassy Terrain|[from] ability: Grassy Surge|[of] p1a: Rillaboom\n|turn|22\n|\n|t:|1700352998\n|move|p2a: Regieleki|Protect|p2a: Regieleki\n|-singleturn|p2a: Regieleki|Protect\n|move|p1a: Rillaboom|Wood Hammer|p2a: Regieleki\n|-activate|p2a: Regieleki|move: Protect\n|\n|upkeep\n|turn|23\n|\n|t:|1700353006\n|move|p2a: Regieleki|Thunderbolt|p1a: Rillaboom\n|-resisted|p1a: Rillaboom\n|-damage|p1a: Rillaboom|64\/100\n|move|p1a: Rillaboom|Bulk Up|p1a: Rillaboom\n|-boost|p1a: Rillaboom|atk|1\n|-boost|p1a: Rillaboom|def|1\n|\n|-heal|p1a: Rillaboom|70\/100|[from] Grassy Terrain\n|-heal|p1a: Rillaboom|76\/100|[from] item: Leftovers\n|upkeep\n|turn|24\n|\n|t:|1700353017\n|move|p2a: Regieleki|Thunderbolt|p1a: Rillaboom\n|-resisted|p1a: Rillaboom\n|-damage|p1a: Rillaboom|41\/100\n|move|p1a: Rillaboom|Wood Hammer|p2a: Regieleki\n|-supereffective|p2a: Regieleki\n|-enditem|p2a: Regieleki|Focus Sash\n|-damage|p2a: Regieleki|1\/100\n|-damage|p1a: Rillaboom|12\/100|[from] Recoil\n|\n|-heal|p2a: Regieleki|7\/100|[from] Grassy Terrain\n|-heal|p1a: Rillaboom|18\/100|[from] Grassy Terrain\n|-heal|p1a: Rillaboom|25\/100|[from] item: Leftovers\n|upkeep\n|turn|25\n|\n|t:|1700353036\n|move|p2a: Regieleki|Thunderbolt|p1a: Rillaboom\n|-resisted|p1a: Rillaboom\n|-damage|p1a: Rillaboom|0 fnt\n|faint|p1a: Rillaboom\n|\n|-heal|p2a: Regieleki|13\/100|[from] Grassy Terrain\n|upkeep\n|\n|t:|1700353043\n|switch|p1a: Milotic|Milotic, F|72\/100 par\n|turn|26\n|\n|t:|1700353050\n|move|p2a: Regieleki|Thunderbolt|p1a: Milotic\n|-supereffective|p1a: Milotic\n|-damage|p1a: Milotic|0 fnt\n|faint|p1a: Milotic\n|\n|win|ThtBrklynGuy\n|raw|Seujunilson's rating: 1143 &rarr; <strong>1124<\/strong><br \/>(-19 for losing)\n|raw|ThtBrklynGuy's rating: 1228 &rarr; <strong>1247<\/strong><br \/>(+19 for winning)\n|l|\u2606Seujunilson\n","uploadtime":1700353074,"views":16,"p1id":"seujunilson","p2id":"thtbrklynguy","formatid":"gen9nationaldexubers","rating":1124,"private":0,"password":""}