{"id":"gen9nationaldexubers-1998700765","p1":"Just B3A$T","p2":"Aroma Nobody","format":"[Gen 9] National Dex Ubers","log":"|j|\u2606Just B3A$T\n|j|\u2606Aroma Nobody\n|t:|1700974530\n|gametype|singles\n|player|p1|Just B3A$T|noland|\n|player|p2|Aroma Nobody|turo-ai|\n|teamsize|p1|6\n|teamsize|p2|6\n|gen|9\n|tier|[Gen 9] National Dex Ubers\n|rule|HP Percentage Mod: HP is shown in percentages\n|rule|Endless Battle Clause: Forcing endless battles is banned\n|rule|OHKO Clause: OHKO moves are banned\n|rule|Evasion Moves Clause: Evasion moves are banned\n|rule|Evasion Items Clause: Evasion items are banned\n|rule|Species Clause: Limit one of each Pok\u00e9mon\n|rule|Sleep Clause Mod: Limit one foe put to sleep\n|rule|Mega Rayquaza Clause: You cannot mega evolve Rayquaza\n|clearpoke\n|poke|p1|Lopunny, F|\n|poke|p1|Ogerpon-Wellspring, F|\n|poke|p1|Dragapult, M|\n|poke|p1|Regieleki|\n|poke|p1|Runerigus, M|\n|poke|p1|Heatran, M|\n|poke|p2|Deoxys-Speed|\n|poke|p2|Tapu Lele|\n|poke|p2|Sneasler, M|\n|poke|p2|Gardevoir, F|\n|poke|p2|Slowbro, M|\n|poke|p2|Victini|\n|teampreview\n|inactive|Battle timer is ON: inactive players will automatically lose when time's up. (requested by Just B3A$T)\n|c|\u2606Aroma Nobody|glhf\n|c|\u2606Just B3A$T|u2\n|inactive|Just B3A$T has 270 seconds left.\n|\n|t:|1700974574\n|start\n|switch|p1a: ripped power cord|Regieleki|100\/100\n|switch|p2a: Deoxys|Deoxys-Speed|100\/100\n|-ability|p2a: Deoxys|Pressure\n|turn|1\n|\n|t:|1700974582\n|move|p1a: ripped power cord|Volt Switch|p2a: Deoxys\n|-damage|p2a: Deoxys|54\/100\n|\n|t:|1700974590\n|switch|p1a: Apophis|Runerigus, M, shiny|100\/100|[from] Volt Switch\n|move|p2a: Deoxys|Stealth Rock|p1a: Apophis\n|-sidestart|p1: Just B3A$T|move: Stealth Rock\n|\n|upkeep\n|turn|2\n|\n|t:|1700974601\n|move|p2a: Deoxys|Taunt|p1a: Apophis\n|-start|p1a: Apophis|move: Taunt\n|cant|p1a: Apophis|move: Taunt|Stealth Rock\n|\n|upkeep\n|turn|3\n|\n|t:|1700974605\n|move|p2a: Deoxys|Spikes|p1a: Apophis\n|-sidestart|p1: Just B3A$T|Spikes\n|move|p1a: Apophis|Earthquake|p2a: Deoxys\n|-damage|p2a: Deoxys|11\/100\n|\n|upkeep\n|turn|4\n|\n|t:|1700974609\n|switch|p1a: ripped power cord|Regieleki|100\/100\n|move|p2a: Deoxys|Spikes|p1a: ripped power cord\n|-sidestart|p1: Just B3A$T|Spikes\n|\n|upkeep\n|turn|5\n|\n|t:|1700974622\n|switch|p2a: Tapu Lele|Tapu Lele|100\/100\n|-fieldstart|move: Psychic Terrain|[from] ability: Psychic Surge|[of] p2a: Tapu Lele\n|move|p1a: ripped power cord|Rapid Spin|p2a: Tapu Lele\n|-damage|p2a: Tapu Lele|84\/100\n|-boost|p1a: ripped power cord|spe|1\n|-sideend|p1: Just B3A$T|Spikes|[from] move: Rapid Spin|[of] p1a: ripped power cord\n|-sideend|p1: Just B3A$T|Stealth Rock|[from] move: Rapid Spin|[of] p1a: ripped power cord\n|\n|upkeep\n|turn|6\n|\n|t:|1700974630\n|move|p1a: ripped power cord|Thunder Wave|p2a: Tapu Lele\n|-status|p2a: Tapu Lele|par\n|move|p2a: Tapu Lele|Future Sight|p1a: ripped power cord\n|-start|p2a: Tapu Lele|move: Future Sight\n|\n|upkeep\n|turn|7\n|\n|t:|1700974643\n|switch|p2a: Deoxys|Deoxys-Speed|11\/100\n|-ability|p2a: Deoxys|Pressure\n|move|p1a: ripped power cord|Volt Switch|p2a: Deoxys\n|-crit|p2a: Deoxys\n|-damage|p2a: Deoxys|0 fnt\n|faint|p2a: Deoxys\n|\n|t:|1700974645\n|switch|p1a: Apophis|Runerigus, M, shiny|100\/100|[from] Volt Switch\n|\n|upkeep\n|inactive|Aroma Nobody has 270 seconds left.\n|inactive|Aroma Nobody has 240 seconds left.\n|\n|t:|1700974723\n|switch|p2a: Gardevoir|Gardevoir, F|100\/100\n|-ability|p2a: Gardevoir|Wandering Spirit|[from] ability: Trace|[of] p1a: Apophis\n|turn|8\n|inactive|Just B3A$T has 270 seconds left.\n|\n|t:|1700974761\n|detailschange|p2a: Gardevoir|Gardevoir-Mega, F\n|-mega|p2a: Gardevoir|Gardevoir|Gardevoirite\n|move|p2a: Gardevoir|Hyper Voice|p1a: Apophis\n|-damage|p1a: Apophis|30\/100\n|move|p1a: Apophis|Stealth Rock|p2a: Gardevoir\n|-sidestart|p2: Aroma Nobody|move: Stealth Rock\n|\n|-end|p1a: Apophis|move: Future Sight\n|-damage|p1a: Apophis|0 fnt\n|faint|p1a: Apophis\n|upkeep\n|c|\u2606Just B3A$T|oh damb\n|c|\u2606Just B3A$T|*damn\n|inactive|Just B3A$T has 240 seconds left.\n|\n|t:|1700974795\n|switch|p1a: It's Oger For You!|Ogerpon-Wellspring, F|100\/100\n|turn|9\n|inactive|Aroma Nobody has 240 seconds left.\n|inactive|Just B3A$T has 240 seconds left.\n|inactive|Aroma Nobody has 210 seconds left.\n|\n|t:|1700974851\n|-terastallize|p1a: It's Oger For You!|Water\n|detailschange|p1a: It's Oger For You!|Ogerpon-Wellspring-Tera, F, tera:Water\n|-ability|p1a: It's Oger For You!|Embody Aspect (Wellspring)|boost\n|-boost|p1a: It's Oger For You!|spd|1\n|move|p1a: It's Oger For You!|Trailblaze|p2a: Gardevoir\n|-damage|p2a: Gardevoir|50\/100\n|-boost|p1a: It's Oger For You!|spe|1\n|move|p2a: Gardevoir|Psychic|p1a: It's Oger For You!\n|-damage|p1a: It's Oger For You!|40\/100\n|\n|-fieldend|move: Psychic Terrain\n|upkeep\n|turn|10\n|\n|t:|1700974865\n|move|p1a: It's Oger For You!|Ivy Cudgel|p2a: Gardevoir|[anim] Ivy Cudgel Water\n|-damage|p2a: Gardevoir|0 fnt\n|faint|p2a: Gardevoir\n|\n|upkeep\n|\n|t:|1700974867\n|switch|p2a: Tapu Lele|Tapu Lele|84\/100 par\n|-damage|p2a: Tapu Lele|71\/100 par|[from] Stealth Rock\n|-fieldstart|move: Psychic Terrain|[from] ability: Psychic Surge|[of] p2a: Tapu Lele\n|turn|11\n|\n|t:|1700974884\n|move|p1a: It's Oger For You!|Ivy Cudgel|p2a: Tapu Lele|[anim] Ivy Cudgel Water\n|-damage|p2a: Tapu Lele|0 fnt\n|faint|p2a: Tapu Lele\n|\n|upkeep\n|\n|t:|1700974889\n|switch|p2a: Sneasler|Sneasler, M|100\/100\n|-damage|p2a: Sneasler|95\/100|[from] Stealth Rock\n|-enditem|p2a: Sneasler|Psychic Seed\n|-boost|p2a: Sneasler|spd|1|[from] item: Psychic Seed\n|turn|12\n|inactive|Just B3A$T has 240 seconds left.\n|\n|t:|1700974922\n|move|p2a: Sneasler|Dire Claw|p1a: It's Oger For You!\n|-damage|p1a: It's Oger For You!|0 fnt\n|faint|p1a: It's Oger For You!\n|\n|upkeep\n|\n|t:|1700974947\n|switch|p1a: ripped power cord|Regieleki|100\/100\n|turn|13\n|inactive|Aroma Nobody has 210 seconds left.\n|\n|t:|1700974959\n|switch|p1a: Steampunk|Heatran, M|100\/100\n|-item|p1a: Steampunk|Air Balloon\n|move|p2a: Sneasler|Close Combat|p1a: Steampunk\n|-supereffective|p1a: Steampunk\n|-damage|p1a: Steampunk|0 fnt\n|-unboost|p2a: Sneasler|def|1\n|-unboost|p2a: Sneasler|spd|1\n|-enditem|p1a: Steampunk|Air Balloon\n|faint|p1a: Steampunk\n|\n|upkeep\n|\n|t:|1700974965\n|switch|p1a: child exploiter|Dragapult, M, shiny|100\/100\n|turn|14\n|inactive|Aroma Nobody has 210 seconds left.\n|\n|t:|1700974998\n|-terastallize|p2a: Sneasler|Flying\n|move|p2a: Sneasler|Acrobatics|p1a: child exploiter\n|-damage|p1a: child exploiter|10\/100\n|move|p1a: child exploiter|Draco Meteor|p2a: Sneasler\n|-damage|p2a: Sneasler|0 fnt\n|-unboost|p1a: child exploiter|spa|2\n|faint|p2a: Sneasler\n|\n|upkeep\n|c|\u2606Just B3A$T|yay\n|inactive|Aroma Nobody has 180 seconds left.\n|\n|t:|1700975028\n|switch|p2a: Slowbro|Slowbro, M|100\/100\n|turn|15\n|inactive|Aroma Nobody has 180 seconds left.\n|\n|t:|1700975035\n|switch|p1a: ripped power cord|Regieleki|100\/100\n|move|p2a: Slowbro|Future Sight|p1a: ripped power cord\n|-start|p2a: Slowbro|move: Future Sight\n|\n|-fieldend|move: Psychic Terrain\n|upkeep\n|turn|16\n|\n|t:|1700975039\n|move|p1a: ripped power cord|Thunderbolt|p2a: Slowbro\n|-supereffective|p2a: Slowbro\n|-damage|p2a: Slowbro|1\/100\n|-status|p2a: Slowbro|par\n|move|p2a: Slowbro|Teleport|p2a: Slowbro\n|c|\u2606Just B3A$T|man\n|c|\u2606Just B3A$T|what\n|inactive|Aroma Nobody has 180 seconds left.\n|\n|t:|1700975057\n|switch|p2a: Victini|Victini|100\/100|[from] Teleport\n|-damage|p2a: Victini|76\/100|[from] Stealth Rock\n|\n|upkeep\n|turn|17\n|\n|t:|1700975062\n|move|p1a: ripped power cord|Thunderbolt|p2a: Victini\n|-damage|p2a: Victini|25\/100\n|-zpower|p2a: Victini\n|move|p2a: Victini|Z-Celebrate|p2a: Victini|[anim]Celebrate\n|-boost|p2a: Victini|atk|1|[zeffect]\n|-boost|p2a: Victini|def|1|[zeffect]\n|-boost|p2a: Victini|spa|1|[zeffect]\n|-boost|p2a: Victini|spd|1|[zeffect]\n|-boost|p2a: Victini|spe|1|[zeffect]\n|-activate|p2a: Victini|move: Celebrate\n|\n|-end|p1a: ripped power cord|move: Future Sight\n|-damage|p1a: ripped power cord|23\/100\n|upkeep\n|turn|18\n|\n|t:|1700975070\n|move|p1a: ripped power cord|Thunder Wave|p2a: Victini\n|-status|p2a: Victini|par\n|move|p2a: Victini|Flamethrower|p1a: ripped power cord\n|-damage|p1a: ripped power cord|0 fnt\n|faint|p1a: ripped power cord\n|\n|upkeep\n|\n|t:|1700975078\n|switch|p1a: Furry|Lopunny, F, shiny|100\/100\n|turn|19\n|c|\u2606Aroma Nobody|gg\n|\n|t:|1700975081\n|detailschange|p1a: Furry|Lopunny-Mega, F, shiny\n|-mega|p1a: Furry|Lopunny|Lopunnite\n|move|p1a: Furry|Return|p2a: Victini\n|-damage|p2a: Victini|0 fnt\n|faint|p2a: Victini\n|\n|upkeep\n|\n|t:|1700975085\n|switch|p2a: Slowbro|Slowbro, M|34\/100 par\n|turn|20\n|c|\u2606Just B3A$T|gg\n|\n|t:|1700975088\n|move|p1a: Furry|Return|p2a: Slowbro\n|-damage|p2a: Slowbro|4\/100 par\n|cant|p2a: Slowbro|par\n|\n|upkeep\n|turn|21\n|c|\u2606Aroma Nobody|if I swords danced on that switch I won, but why switch there?\n|\n|t:|1700975106\n|move|p1a: Furry|Return|p2a: Slowbro\n|-damage|p2a: Slowbro|0 fnt\n|faint|p2a: Slowbro\n|\n|win|Just B3A$T\n","uploadtime":1700975114,"views":8,"p1id":"justb3at","p2id":"aromanobody","formatid":"gen9nationaldexubers","rating":0,"private":0,"password":""}