{"id":"gen9nationaldexubers-1991745938","p1":"jgga7","p2":"ShriveledMonkey","format":"[Gen 9] National Dex Ubers","log":"|j|\u2606jgga7\n|j|\u2606ShriveledMonkey\n|t:|1700110217\n|gametype|singles\n|player|p1|jgga7|170|1221\n|player|p2|ShriveledMonkey|265|1112\n|teamsize|p1|6\n|teamsize|p2|6\n|gen|9\n|tier|[Gen 9] National Dex Ubers\n|rated|\n|rule|HP Percentage Mod: HP is shown in percentages\n|rule|Endless Battle Clause: Forcing endless battles is banned\n|rule|OHKO Clause: OHKO moves are banned\n|rule|Evasion Moves Clause: Evasion moves are banned\n|rule|Evasion Items Clause: Evasion items are banned\n|rule|Species Clause: Limit one of each Pok\u00e9mon\n|rule|Sleep Clause Mod: Limit one foe put to sleep\n|rule|Mega Rayquaza Clause: You cannot mega evolve Rayquaza\n|clearpoke\n|poke|p1|Charizard, M|\n|poke|p1|Raichu-Alola, F|\n|poke|p1|Greninja-*, M|\n|poke|p1|Gliscor, F|\n|poke|p1|Annihilape, M|\n|poke|p1|Melmetal|\n|poke|p2|Slowbro, F|\n|poke|p2|Dodrio, M|\n|poke|p2|Maractus, M|\n|poke|p2|Kingambit, M|\n|poke|p2|Electivire, F|\n|poke|p2|Noivern, M|\n|teampreview\n|\n|t:|1700110237\n|start\n|switch|p1a: Annihilape|Annihilape, M|100\/100\n|switch|p2a: Noivern|Noivern, M|100\/100\n|turn|1\n|\n|t:|1700110248\n|move|p2a: Noivern|Hurricane|p1a: Annihilape\n|-supereffective|p1a: Annihilape\n|-damage|p1a: Annihilape|40\/100\n|move|p1a: Annihilape|Rage Fist|p2a: Noivern\n|-damage|p2a: Noivern|53\/100\n|\n|-heal|p1a: Annihilape|46\/100|[from] item: Leftovers\n|upkeep\n|turn|2\n|\n|t:|1700110257\n|move|p2a: Noivern|Hurricane|p1a: Annihilape\n|-supereffective|p1a: Annihilape\n|-damage|p1a: Annihilape|0 fnt\n|faint|p1a: Annihilape\n|\n|upkeep\n|j| giantwimp\n|\n|t:|1700110263\n|switch|p1a: Melmetal|Melmetal|100\/100\n|turn|3\n|\n|t:|1700110270\n|move|p2a: Noivern|Focus Blast|p1a: Melmetal\n|-supereffective|p1a: Melmetal\n|-damage|p1a: Melmetal|30\/100\n|move|p1a: Melmetal|Double Iron Bash|p2a: Noivern\n|-damage|p2a: Noivern|0 fnt\n|faint|p2a: Noivern\n|-hitcount|p2: Noivern|1\n|\n|upkeep\n|l| giantwimp\n|\n|t:|1700110278\n|switch|p2a: Dodrio|Dodrio, M|100\/100\n|turn|4\n|\n|t:|1700110281\n|move|p2a: Dodrio|Jump Kick|p1a: Melmetal\n|-supereffective|p1a: Melmetal\n|-damage|p1a: Melmetal|0 fnt\n|faint|p1a: Melmetal\n|\n|upkeep\n|\n|t:|1700110286\n|switch|p1a: Raichu|Raichu-Alola, F|100\/100\n|turn|5\n|\n|t:|1700110292\n|switch|p2a: Maractus|Maractus, M|100\/100\n|-terastallize|p1a: Raichu|Electric\n|move|p1a: Raichu|Thunderbolt|p2a: Maractus\n|-resisted|p2a: Maractus\n|-crit|p2a: Maractus\n|-damage|p2a: Maractus|55\/100\n|-damage|p1a: Raichu|91\/100|[from] item: Life Orb\n|\n|upkeep\n|turn|6\n|\n|t:|1700110304\n|move|p1a: Raichu|Psychic|p2a: Maractus\n|-damage|p2a: Maractus|4\/100\n|-damage|p1a: Raichu|81\/100|[from] item: Life Orb\n|move|p2a: Maractus|Knock Off|p1a: Raichu\n|-damage|p1a: Raichu|43\/100\n|-enditem|p1a: Raichu|Life Orb|[from] move: Knock Off|[of] p2a: Maractus\n|\n|upkeep\n|turn|7\n|\n|t:|1700110314\n|-terastallize|p2a: Maractus|Dark\n|move|p1a: Raichu|Psychic|p2a: Maractus\n|-immune|p2a: Maractus\n|move|p2a: Maractus|Giga Drain|p1a: Raichu\n|-damage|p1a: Raichu|1\/100\n|-heal|p2a: Maractus|19\/100|[from] drain|[of] p1a: Raichu\n|\n|upkeep\n|turn|8\n|\n|t:|1700110324\n|move|p1a: Raichu|Thunderbolt|p2a: Maractus\n|-damage|p2a: Maractus|0 fnt\n|faint|p2a: Maractus\n|\n|upkeep\n|\n|t:|1700110334\n|switch|p2a: Dodrio|Dodrio, M|100\/100\n|turn|9\n|\n|t:|1700110337\n|move|p2a: Dodrio|Pursuit|p1a: Raichu\n|-damage|p1a: Raichu|0 fnt\n|faint|p1a: Raichu\n|\n|upkeep\n|\n|t:|1700110344\n|switch|p1a: Greninja|Greninja, M|100\/100\n|turn|10\n|\n|t:|1700110352\n|move|p2a: Dodrio|Pursuit|p1a: Greninja\n|-resisted|p1a: Greninja\n|-damage|p1a: Greninja|89\/100\n|move|p1a: Greninja|Ice Beam|p2a: Dodrio\n|-supereffective|p2a: Dodrio\n|-damage|p2a: Dodrio|0 fnt\n|faint|p2a: Dodrio\n|-ability|p1a: Greninja|Battle Bond|boost\n|-boost|p1a: Greninja|atk|1\n|-boost|p1a: Greninja|spa|1\n|-boost|p1a: Greninja|spe|1\n|-activate|p1a: Greninja|ability: Battle Bond\n|-damage|p1a: Greninja|79\/100|[from] item: Life Orb\n|\n|upkeep\n|\n|t:|1700110366\n|switch|p2a: Slowbro|Slowbro, F|100\/100\n|turn|11\n|\n|t:|1700110370\n|move|p1a: Greninja|Dark Pulse|p2a: Slowbro\n|-supereffective|p2a: Slowbro\n|-damage|p2a: Slowbro|0 fnt\n|faint|p2a: Slowbro\n|-damage|p1a: Greninja|70\/100|[from] item: Life Orb\n|\n|upkeep\n|\n|t:|1700110376\n|switch|p2a: Electivire|Electivire, F|100\/100\n|turn|12\n|\n|t:|1700110382\n|move|p1a: Greninja|Dark Pulse|p2a: Electivire\n|-damage|p2a: Electivire|2\/100\n|-damage|p1a: Greninja|60\/100|[from] item: Life Orb\n|move|p2a: Electivire|Thunderbolt|p1a: Greninja\n|-supereffective|p1a: Greninja\n|-damage|p1a: Greninja|0 fnt\n|faint|p1a: Greninja\n|-damage|p2a: Electivire|0 fnt|[from] item: Life Orb\n|faint|p2a: Electivire\n|\n|upkeep\n|\n|t:|1700110393\n|switch|p1a: Gliscor|Gliscor, F|100\/100\n|switch|p2a: Kingambit|Kingambit, M|100\/100\n|-activate|p2a: Kingambit|ability: Supreme Overlord\n|-start|p2a: Kingambit|fallen5|[silent]\n|-item|p2a: Kingambit|Air Balloon\n|turn|13\n|\n|t:|1700110402\n|move|p1a: Gliscor|Facade|p2a: Kingambit\n|-resisted|p2a: Kingambit\n|-damage|p2a: Kingambit|94\/100\n|-enditem|p2a: Kingambit|Air Balloon\n|move|p2a: Kingambit|Swords Dance|p2a: Kingambit\n|-boost|p2a: Kingambit|atk|2\n|\n|-status|p1a: Gliscor|tox|[from] item: Toxic Orb\n|upkeep\n|turn|14\n|\n|t:|1700110413\n|move|p1a: Gliscor|Swords Dance|p1a: Gliscor\n|-boost|p1a: Gliscor|atk|2\n|move|p2a: Kingambit|Kowtow Cleave|p1a: Gliscor\n|-damage|p1a: Gliscor|0 fnt\n|faint|p1a: Gliscor\n|\n|upkeep\n|\n|t:|1700110420\n|switch|p1a: Charizard|Charizard, M|100\/100\n|turn|15\n|\n|t:|1700110424\n|detailschange|p1a: Charizard|Charizard-Mega-Y, M\n|-mega|p1a: Charizard|Charizard|Charizardite Y\n|-weather|SunnyDay|[from] ability: Drought|[of] p1a: Charizard\n|move|p2a: Kingambit|Sucker Punch|p1a: Charizard\n|-damage|p1a: Charizard|0 fnt\n|faint|p1a: Charizard\n|\n|win|ShriveledMonkey\n|raw|jgga7's rating: 1221 &rarr; <strong>1188<\/strong><br \/>(-33 for losing)\n|raw|ShriveledMonkey's rating: 1112 &rarr; <strong>1145<\/strong><br \/>(+33 for winning)\n","uploadtime":1700110432,"views":9,"p1id":"jgga7","p2id":"shriveledmonkey","formatid":"gen9nationaldexubers","rating":1145,"private":0,"password":""}