{"id":"gen9nationaldexubers-1985179799","p1":"Auto Memory Doll","p2":"delete later420","format":"[Gen 9] National Dex Ubers","log":"|j|\u2606Auto Memory Doll\n|j|\u2606delete later420\n|t:|1699344138\n|gametype|singles\n|player|p1|Auto Memory Doll|acerola|1408\n|player|p2|delete later420|102|1441\n|teamsize|p1|6\n|teamsize|p2|6\n|gen|9\n|tier|[Gen 9] National Dex Ubers\n|rated|\n|rule|HP Percentage Mod: HP is shown in percentages\n|rule|Endless Battle Clause: Forcing endless battles is banned\n|rule|OHKO Clause: OHKO moves are banned\n|rule|Evasion Moves Clause: Evasion moves are banned\n|rule|Evasion Items Clause: Evasion items are banned\n|rule|Species Clause: Limit one of each Pok\u00e9mon\n|rule|Sleep Clause Mod: Limit one foe put to sleep\n|rule|Mega Rayquaza Clause: You cannot mega evolve Rayquaza\n|clearpoke\n|poke|p1|Zygarde|\n|poke|p1|Magearna|\n|poke|p1|Ditto|\n|poke|p1|Rayquaza|\n|poke|p1|Arceus-Water|\n|poke|p1|Necrozma-Dusk-Mane|\n|poke|p2|Zacian-*|\n|poke|p2|Kyogre|\n|poke|p2|Cloyster, M|\n|poke|p2|Smeargle, F|\n|poke|p2|Stakataka|\n|poke|p2|Galvantula, M|\n|teampreview\n|\n|t:|1699344142\n|start\n|switch|p1a: i'm in ur walls|Ditto|100\/100\n|switch|p2a: Galvantula|Galvantula, M|100\/100\n|-transform|p1a: i'm in ur walls|p2a: Galvantula|[from] ability: Imposter\n|turn|1\n|inactive|Battle timer is ON: inactive players will automatically lose when time's up. (requested by Auto Memory Doll)\n|inactive|delete later420 also wants the timer to be on.\n|c|\u2606Auto Memory Doll|webs twave vswitch disable\n|\n|t:|1699344156\n|move|p1a: i'm in ur walls|Sticky Web|p2a: Galvantula\n|-sidestart|p2: delete later420|move: Sticky Web\n|move|p2a: Galvantula|Sticky Web|p1a: i'm in ur walls\n|-sidestart|p1: Auto Memory Doll|move: Sticky Web\n|\n|upkeep\n|turn|2\n|c|\u2606delete later420|yuh\n|c|\u2606Auto Memory Doll|yuh\n|\n|t:|1699344170\n|switch|p1a: Ana|Zygarde|100\/100\n|-activate|p1a: Ana|move: Sticky Web\n|-unboost|p1a: Ana|spe|1\n|switch|p2a: Kyogre|Kyogre|100\/100\n|-activate|p2a: Kyogre|move: Sticky Web\n|-unboost|p2a: Kyogre|spe|1\n|detailschange|p2a: Kyogre|Kyogre-Primal\n|-primal|p2a: Kyogre|Blue Orb\n|-weather|PrimordialSea|[from] ability: Primordial Sea|[of] p2a: Kyogre\n|\n|-weather|PrimordialSea|[upkeep]\n|upkeep\n|turn|3\n|\n|t:|1699344194\n|switch|p1a: Arceus|Arceus-Water|100\/100\n|-activate|p1a: Arceus|move: Sticky Web\n|-unboost|p1a: Arceus|spe|1\n|move|p2a: Kyogre|Ice Beam|p1a: Arceus\n|-resisted|p1a: Arceus\n|-damage|p1a: Arceus|88\/100\n|-status|p1a: Arceus|frz\n|\n|-weather|PrimordialSea|[upkeep]\n|upkeep\n|turn|4\n|c|\u2606Auto Memory Doll|wild shit\n|c|\u2606delete later420|damn\n|\n|t:|1699344207\n|switch|p1a: Dragon Deez Nuts|Rayquaza|100\/100\n|-ability|p1a: Dragon Deez Nuts|Air Lock\n|-weather|none\n|switch|p2a: Stakataka|Stakataka|100\/100\n|-activate|p2a: Stakataka|move: Sticky Web\n|-unboost|p2a: Stakataka|spe|1\n|\n|upkeep\n|turn|5\n|\n|t:|1699344223\n|move|p1a: Dragon Deez Nuts|Earthquake|p2a: Stakataka\n|-supereffective|p2a: Stakataka\n|-damage|p2a: Stakataka|29\/100\n|move|p2a: Stakataka|Gyro Ball|p1a: Dragon Deez Nuts\n|-damage|p1a: Dragon Deez Nuts|30\/100\n|\n|-heal|p2a: Stakataka|35\/100|[from] item: Leftovers\n|upkeep\n|turn|6\n|\n|t:|1699344235\n|-terastallize|p2a: Stakataka|Fighting\n|move|p1a: Dragon Deez Nuts|Earthquake|p2a: Stakataka\n|-damage|p2a: Stakataka|19\/100\n|move|p2a: Stakataka|Trick Room|p2a: Stakataka\n|-fieldstart|move: Trick Room|[of] p2a: Stakataka\n|\n|-heal|p2a: Stakataka|25\/100|[from] item: Leftovers\n|upkeep\n|turn|7\n|\n|t:|1699344248\n|move|p1a: Dragon Deez Nuts|Extreme Speed|p2a: Stakataka\n|-damage|p2a: Stakataka|10\/100\n|move|p2a: Stakataka|Gyro Ball|p1a: Dragon Deez Nuts\n|-damage|p1a: Dragon Deez Nuts|0 fnt\n|faint|p1a: Dragon Deez Nuts\n|-ability|p2a: Stakataka|Beast Boost|boost\n|-boost|p2a: Stakataka|def|1\n|\n|-heal|p2a: Stakataka|16\/100|[from] item: Leftovers\n|upkeep\n|c|\u2606Auto Memory Doll|what\n|c|\u2606Auto Memory Doll|why trick room and webs\n|inactive|Auto Memory Doll has 120 seconds left.\n|c|\u2606Auto Memory Doll|isn't that kinda counterintuitive\n|\n|t:|1699344289\n|switch|p1a: Arceus|Arceus-Water|88\/100 frz\n|-activate|p1a: Arceus|move: Sticky Web\n|-unboost|p1a: Arceus|spe|1\n|turn|8\n|c|\u2606delete later420|only really use trick room for stakataka\n|\n|t:|1699344300\n|move|p2a: Stakataka|Body Press|p1a: Arceus\n|-damage|p1a: Arceus|25\/100 frz\n|cant|p1a: Arceus|frz\n|\n|-heal|p2a: Stakataka|23\/100|[from] item: Leftovers\n|upkeep\n|turn|9\n|\n|t:|1699344306\n|move|p2a: Stakataka|Body Press|p1a: Arceus\n|-damage|p1a: Arceus|0 fnt\n|faint|p1a: Arceus\n|-ability|p2a: Stakataka|Beast Boost|boost\n|-boost|p2a: Stakataka|def|1\n|\n|-heal|p2a: Stakataka|29\/100|[from] item: Leftovers\n|upkeep\n|\n|t:|1699344312\n|switch|p1a: Jack|Necrozma-Dusk-Mane|100\/100\n|-activate|p1a: Jack|move: Sticky Web\n|-unboost|p1a: Jack|spe|1\n|turn|10\n|\n|t:|1699344319\n|detailschange|p1a: Jack|Necrozma-Ultra\n|-burst|p1a: Jack|Necrozma|Ultranecrozium Z\n|move|p2a: Stakataka|Body Press|p1a: Jack\n|-resisted|p1a: Jack\n|-damage|p1a: Jack|35\/100\n|move|p1a: Jack|Photon Geyser|p2a: Stakataka\n|-supereffective|p2a: Stakataka\n|-damage|p2a: Stakataka|0 fnt\n|faint|p2a: Stakataka\n|\n|-fieldend|move: Trick Room\n|upkeep\n|\n|t:|1699344334\n|switch|p2a: Zacian|Zacian-Crowned|100\/100\n|-activate|p2a: Zacian|move: Sticky Web\n|-unboost|p2a: Zacian|spe|1\n|-ability|p2a: Zacian|Intrepid Sword|boost\n|-boost|p2a: Zacian|atk|1\n|turn|11\n|\n|t:|1699344360\n|move|p2a: Zacian|Play Rough|p1a: Jack\n|-supereffective|p1a: Jack\n|-damage|p1a: Jack|0 fnt\n|faint|p1a: Jack\n|\n|upkeep\n|\n|t:|1699344363\n|switch|p1a: i'm in ur walls|Ditto|100\/100\n|-activate|p1a: i'm in ur walls|move: Sticky Web\n|-unboost|p1a: i'm in ur walls|spe|1\n|-transform|p1a: i'm in ur walls|p2a: Zacian|[from] ability: Imposter\n|-ability|p1a: i'm in ur walls|Intrepid Sword|boost\n|-boost|p1a: i'm in ur walls|atk|1\n|turn|12\n|\n|t:|1699344370\n|move|p1a: i'm in ur walls|Behemoth Blade|p2a: Zacian\n|-damage|p2a: Zacian|0 fnt\n|faint|p2a: Zacian\n|\n|upkeep\n|\n|t:|1699344376\n|switch|p2a: Galvantula|Galvantula, M|100\/100\n|-activate|p2a: Galvantula|move: Sticky Web\n|-unboost|p2a: Galvantula|spe|1\n|turn|13\n|\n|t:|1699344382\n|switch|p1a: Ana|Zygarde|100\/100\n|-activate|p1a: Ana|move: Sticky Web\n|-unboost|p1a: Ana|spe|1\n|move|p2a: Galvantula|Thunder Wave|p1a: Ana\n|-immune|p1a: Ana\n|\n|upkeep\n|turn|14\n|\n|t:|1699344389\n|switch|p2a: Kyogre|Kyogre-Primal|100\/100\n|-activate|p2a: Kyogre|move: Sticky Web\n|-unboost|p2a: Kyogre|spe|1\n|-weather|PrimordialSea|[from] ability: Primordial Sea|[of] p2a: Kyogre\n|move|p1a: Ana|Substitute|p1a: Ana\n|-start|p1a: Ana|Substitute\n|-damage|p1a: Ana|76\/100\n|\n|-weather|PrimordialSea|[upkeep]\n|-heal|p1a: Ana|82\/100|[from] item: Leftovers\n|upkeep\n|turn|15\n|\n|t:|1699344404\n|move|p1a: Ana|Thousand Arrows|p2a: Kyogre\n|-damage|p2a: Kyogre|58\/100\n|move|p2a: Kyogre|Ice Beam|p1a: Ana\n|-supereffective|p1a: Ana\n|-end|p1a: Ana|Substitute\n|\n|-weather|PrimordialSea|[upkeep]\n|-heal|p1a: Ana|88\/100|[from] item: Leftovers\n|upkeep\n|turn|16\n|\n|t:|1699344420\n|-terastallize|p1a: Ana|Normal\n|move|p1a: Ana|Dragon Dance|p1a: Ana\n|-boost|p1a: Ana|atk|1\n|-boost|p1a: Ana|spe|1\n|move|p2a: Kyogre|Ice Beam|p1a: Ana\n|-damage|p1a: Ana|42\/100\n|\n|-weather|PrimordialSea|[upkeep]\n|-heal|p1a: Ana|48\/100|[from] item: Leftovers\n|-activate|p1a: Ana|ability: Power Construct\n|detailschange|p1a: Ana|Zygarde-Complete, tera:Normal\n|-heal|p1a: Ana|68\/100|[silent]\n|upkeep\n|turn|17\n|\n|t:|1699344431\n|move|p1a: Ana|Thousand Arrows|p2a: Kyogre\n|-damage|p2a: Kyogre|1\/100\n|move|p2a: Kyogre|Surf|p1a: Ana\n|-damage|p1a: Ana|5\/100\n|\n|-weather|PrimordialSea|[upkeep]\n|-heal|p1a: Ana|11\/100|[from] item: Leftovers\n|upkeep\n|turn|18\n|\n|t:|1699344439\n|move|p1a: Ana|Thousand Arrows|p2a: Kyogre\n|-damage|p2a: Kyogre|0 fnt\n|faint|p2a: Kyogre\n|-weather|none\n|\n|-heal|p1a: Ana|17\/100|[from] item: Leftovers\n|upkeep\n|\n|t:|1699344447\n|switch|p2a: Cloyster|Cloyster, M|100\/100\n|-activate|p2a: Cloyster|move: Sticky Web\n|-unboost|p2a: Cloyster|spe|1\n|turn|19\n|\n|t:|1699344464\n|move|p1a: Ana|Extreme Speed|p2a: Cloyster\n|-damage|p2a: Cloyster|57\/100\n|move|p2a: Cloyster|Icicle Spear|p1a: Ana\n|-damage|p1a: Ana|11\/100\n|-damage|p1a: Ana|5\/100\n|-damage|p1a: Ana|0 fnt\n|faint|p1a: Ana\n|-hitcount|p1: Ana|3\n|\n|upkeep\n|\n|t:|1699344473\n|switch|p1a: Violet Evergarden|Magearna|100\/100\n|-activate|p1a: Violet Evergarden|move: Sticky Web\n|-unboost|p1a: Violet Evergarden|spe|1\n|turn|20\n|\n|t:|1699344491\n|move|p2a: Cloyster|Icicle Spear|p1a: Violet Evergarden\n|-resisted|p1a: Violet Evergarden\n|-damage|p1a: Violet Evergarden|96\/100\n|-resisted|p1a: Violet Evergarden\n|-damage|p1a: Violet Evergarden|92\/100\n|-resisted|p1a: Violet Evergarden\n|-damage|p1a: Violet Evergarden|87\/100\n|-resisted|p1a: Violet Evergarden\n|-damage|p1a: Violet Evergarden|82\/100\n|-resisted|p1a: Violet Evergarden\n|-damage|p1a: Violet Evergarden|77\/100\n|-hitcount|p1a: Violet Evergarden|5\n|move|p1a: Violet Evergarden|Fleur Cannon|p2a: Cloyster\n|-damage|p2a: Cloyster|0 fnt\n|-unboost|p1a: Violet Evergarden|spa|2\n|faint|p2a: Cloyster\n|-ability|p1a: Violet Evergarden|Soul-Heart|boost\n|-boost|p1a: Violet Evergarden|spa|1\n|\n|upkeep\n|\n|t:|1699344505\n|switch|p2a: Smeargle|Smeargle, F|100\/100\n|-activate|p2a: Smeargle|move: Sticky Web\n|-unboost|p2a: Smeargle|spe|1\n|turn|21\n|inactive|delete later420 has 120 seconds left.\n|\n|t:|1699344543\n|switch|p1a: i'm in ur walls|Ditto|100\/100\n|-activate|p1a: i'm in ur walls|move: Sticky Web\n|-unboost|p1a: i'm in ur walls|spe|1\n|-transform|p1a: i'm in ur walls|p2a: Smeargle|[from] ability: Imposter\n|move|p2a: Smeargle|Spore|p1a: i'm in ur walls\n|-status|p1a: i'm in ur walls|slp|[from] move: Spore\n|\n|upkeep\n|turn|22\n|\n|t:|1699344553\n|switch|p1a: Violet Evergarden|Magearna|77\/100\n|-activate|p1a: Violet Evergarden|move: Sticky Web\n|-unboost|p1a: Violet Evergarden|spe|1\n|move|p2a: Smeargle|Revival Blessing|p2a: Smeargle\n|\n|t:|1699344563\n|-heal|p2: Kyogre|50\/100|[from] move: Revival Blessing\n|\n|upkeep\n|turn|23\n|\n|t:|1699344572\n|move|p2a: Smeargle|Perish Song|p2a: Smeargle\n|-start|p1a: Violet Evergarden|perish3|[silent]\n|-start|p2a: Smeargle|perish3|[silent]\n|-fieldactivate|move: Perish Song\n|move|p1a: Violet Evergarden|Fleur Cannon|p2a: Smeargle\n|-enditem|p2a: Smeargle|Focus Sash\n|-damage|p2a: Smeargle|1\/100\n|-unboost|p1a: Violet Evergarden|spa|2\n|\n|-start|p2a: Smeargle|perish3\n|-start|p1a: Violet Evergarden|perish3\n|upkeep\n|turn|24\n|inactive|delete later420 has 120 seconds left.\n|\n|t:|1699344597\n|switch|p2a: Galvantula|Galvantula, M|100\/100\n|-activate|p2a: Galvantula|move: Sticky Web\n|-unboost|p2a: Galvantula|spe|1\n|switch|p1a: i'm in ur walls|Ditto|100\/100 slp\n|-activate|p1a: i'm in ur walls|move: Sticky Web\n|-unboost|p1a: i'm in ur walls|spe|1\n|-transform|p1a: i'm in ur walls|p2a: Galvantula|[from] ability: Imposter\n|\n|upkeep\n|turn|25\n|inactive|delete later420 has 120 seconds left.\n|\n|t:|1699344609\n|cant|p1a: i'm in ur walls|slp\n|move|p2a: Galvantula|Volt Switch|p1a: i'm in ur walls\n|-resisted|p1a: i'm in ur walls\n|-damage|p1a: i'm in ur walls|79\/100 slp\n|\n|t:|1699344614\n|switch|p2a: Kyogre|Kyogre-Primal|50\/100|[from] Volt Switch\n|-activate|p2a: Kyogre|move: Sticky Web\n|-unboost|p2a: Kyogre|spe|1\n|-weather|PrimordialSea|[from] ability: Primordial Sea|[of] p2a: Kyogre\n|\n|-weather|PrimordialSea|[upkeep]\n|upkeep\n|turn|26\n|c|\u2606Auto Memory Doll|wake up\n|\n|t:|1699344621\n|cant|p1a: i'm in ur walls|slp\n|move|p2a: Kyogre|Surf|p1a: i'm in ur walls\n|-damage|p1a: i'm in ur walls|0 fnt\n|faint|p1a: i'm in ur walls\n|\n|-weather|PrimordialSea|[upkeep]\n|upkeep\n|c|\u2606Auto Memory Doll|wake up\n|c|\u2606Auto Memory Doll|aight\n|\n|t:|1699344630\n|switch|p1a: Violet Evergarden|Magearna|77\/100\n|-activate|p1a: Violet Evergarden|move: Sticky Web\n|-unboost|p1a: Violet Evergarden|spe|1\n|turn|27\n|c|\u2606Auto Memory Doll|wait i threw that\n|c|\u2606delete later420|how\n|c|\u2606Auto Memory Doll|should've just sacked the mag\n|c|\u2606Auto Memory Doll|oh but gal is sashed\n|c|\u2606Auto Memory Doll|nah i lost anyways\n|c|\u2606Auto Memory Doll|gg\n|inactive|Auto Memory Doll has 120 seconds left.\n|c|\u2606delete later420|gg den\n|\n|t:|1699344669\n|move|p2a: Kyogre|Surf|p1a: Violet Evergarden\n|-damage|p1a: Violet Evergarden|17\/100\n|move|p1a: Violet Evergarden|Fleur Cannon|p2a: Kyogre\n|-damage|p2a: Kyogre|17\/100\n|-unboost|p1a: Violet Evergarden|spa|2\n|\n|-weather|PrimordialSea|[upkeep]\n|upkeep\n|turn|28\n|inactive|Auto Memory Doll has 120 seconds left.\n|\n|t:|1699344680\n|move|p2a: Kyogre|Surf|p1a: Violet Evergarden\n|-damage|p1a: Violet Evergarden|0 fnt\n|faint|p1a: Violet Evergarden\n|\n|win|delete later420\n|raw|Auto Memory Doll's rating: 1408 &rarr; <strong>1390<\/strong><br \/>(-18 for losing)\n|raw|delete later420's rating: 1441 &rarr; <strong>1459<\/strong><br \/>(+18 for winning)\n|l|\u2606delete later420\n|l|\u2606Auto Memory Doll\n|j|\u2606delete later420\n|player|p2|delete later420|102\n","uploadtime":1699344733,"views":5,"p1id":"automemorydoll","p2id":"deletelater420","formatid":"gen9nationaldexubers","rating":1390,"private":0,"password":""}