{"id":"gen9nationaldexubers-1984463683","p1":"faradey","p2":"C0ld as Ice","format":"[Gen 9] National Dex Ubers","log":"|j|\u2606faradey\n|j|\u2606C0ld as Ice\n|t:|1699267871\n|gametype|singles\n|player|p1|faradey|101|1655\n|player|p2|C0ld as Ice|schoolkid-gen4dp|1764\n|teamsize|p1|6\n|teamsize|p2|6\n|gen|9\n|tier|[Gen 9] National Dex Ubers\n|rated|\n|rule|HP Percentage Mod: HP is shown in percentages\n|rule|Endless Battle Clause: Forcing endless battles is banned\n|rule|OHKO Clause: OHKO moves are banned\n|rule|Evasion Moves Clause: Evasion moves are banned\n|rule|Evasion Items Clause: Evasion items are banned\n|rule|Species Clause: Limit one of each Pok\u00e9mon\n|rule|Sleep Clause Mod: Limit one foe put to sleep\n|rule|Mega Rayquaza Clause: You cannot mega evolve Rayquaza\n|clearpoke\n|poke|p1|Groudon|\n|poke|p1|Landorus-Therian, M|\n|poke|p1|Marshadow|\n|poke|p1|Chansey, F|\n|poke|p1|Mewtwo|\n|poke|p1|Yveltal|\n|poke|p2|Arceus-Water|\n|poke|p2|Necrozma-Dusk-Mane|\n|poke|p2|Zygarde|\n|poke|p2|Groudon, L99|\n|poke|p2|Marshadow|\n|poke|p2|Yveltal|\n|teampreview\n|inactive|Battle timer is ON: inactive players will automatically lose when time's up. (requested by C0ld as Ice)\n|\n|t:|1699267895\n|start\n|switch|p1a: Landorus|Landorus-Therian, M|100\/100\n|switch|p2a: Arceus|Arceus-Water, shiny|100\/100\n|-ability|p1a: Landorus|Intimidate|boost\n|-unboost|p2a: Arceus|atk|1\n|turn|1\n|\n|t:|1699267900\n|move|p2a: Arceus|Toxic|p1a: Landorus\n|-status|p1a: Landorus|tox\n|move|p1a: Landorus|U-turn|p2a: Arceus\n|-damage|p2a: Arceus|87\/100\n|\n|t:|1699267907\n|switch|p1a: Mewtwo|Mewtwo|100\/100|[from] U-turn\n|-ability|p1a: Mewtwo|Unnerve\n|\n|upkeep\n|turn|2\n|\n|t:|1699267933\n|switch|p2a: Yveltal|Yveltal, shiny|100\/100\n|-ability|p2a: Yveltal|Dark Aura\n|detailschange|p1a: Mewtwo|Mewtwo-Mega-Y\n|-mega|p1a: Mewtwo|Mewtwo|Mewtwonite Y\n|move|p1a: Mewtwo|Substitute|p1a: Mewtwo\n|-start|p1a: Mewtwo|Substitute\n|-damage|p1a: Mewtwo|76\/100\n|\n|upkeep\n|turn|3\n|\n|t:|1699267937\n|move|p1a: Mewtwo|Ice Beam|p2a: Yveltal\n|-supereffective|p2a: Yveltal\n|-damage|p2a: Yveltal|44\/100\n|move|p2a: Yveltal|U-turn|p1a: Mewtwo\n|-supereffective|p1a: Mewtwo\n|-end|p1a: Mewtwo|Substitute\n|\n|t:|1699267939\n|switch|p2a: Marshadow|Marshadow|100\/100|[from] U-turn\n|\n|upkeep\n|turn|4\n|\n|t:|1699267944\n|-activate|p1a: Mewtwo|move: Pursuit\n|move|p2a: Marshadow|Pursuit|p1a: Mewtwo|[from]Pursuit\n|-supereffective|p1a: Mewtwo\n|-damage|p1a: Mewtwo|0 fnt\n|faint|p1a: Mewtwo\n|-hint|A Pokemon can't switch between when it runs out of HP and when it faints\n|\n|upkeep\n|\n|t:|1699267954\n|switch|p1a: Yveltal|Yveltal|100\/100\n|-ability|p1a: Yveltal|Dark Aura\n|turn|5\n|\n|t:|1699267958\n|switch|p2a: Arceus|Arceus-Water, shiny|87\/100\n|-terastallize|p1a: Yveltal|Dark\n|move|p1a: Yveltal|Knock Off|p2a: Arceus\n|-damage|p2a: Arceus|47\/100\n|-damage|p1a: Yveltal|91\/100|[from] item: Life Orb\n|\n|upkeep\n|turn|6\n|\n|t:|1699267965\n|move|p2a: Arceus|Recover|p2a: Arceus\n|-heal|p2a: Arceus|98\/100\n|move|p1a: Yveltal|Dark Pulse|p2a: Arceus\n|-damage|p2a: Arceus|28\/100\n|-damage|p1a: Yveltal|81\/100|[from] item: Life Orb\n|\n|upkeep\n|turn|7\n|\n|t:|1699267983\n|move|p2a: Arceus|Judgment|p1a: Yveltal\n|-damage|p1a: Yveltal|41\/100\n|move|p1a: Yveltal|Oblivion Wing|p2a: Arceus\n|-damage|p2a: Arceus|0 fnt\n|-heal|p1a: Yveltal|63\/100|[from] drain|[of] p2a: Arceus\n|faint|p2a: Arceus\n|-damage|p1a: Yveltal|53\/100|[from] item: Life Orb\n|\n|upkeep\n|\n|t:|1699267987\n|switch|p2a: Marshadow|Marshadow|100\/100\n|turn|8\n|\n|t:|1699267994\n|switch|p1a: Landorus|Landorus-Therian, M|100\/100 tox\n|-ability|p1a: Landorus|Intimidate|boost\n|-unboost|p2a: Marshadow|atk|1\n|move|p2a: Marshadow|Close Combat|p1a: Landorus\n|-resisted|p1a: Landorus\n|-damage|p1a: Landorus|81\/100 tox\n|-unboost|p2a: Marshadow|def|1\n|-unboost|p2a: Marshadow|spd|1\n|\n|-heal|p1a: Landorus|87\/100 tox|[from] item: Leftovers\n|-damage|p1a: Landorus|81\/100 tox|[from] psn\n|upkeep\n|turn|9\n|\n|t:|1699268011\n|switch|p2a: Yveltal|Yveltal, shiny|44\/100\n|-ability|p2a: Yveltal|Dark Aura\n|move|p1a: Landorus|U-turn|p2a: Yveltal\n|-damage|p2a: Yveltal|30\/100\n|\n|t:|1699268017\n|switch|p1a: Yveltal|Yveltal, tera:Dark|53\/100|[from] U-turn\n|-ability|p1a: Yveltal|Dark Aura\n|\n|upkeep\n|turn|10\n|\n|t:|1699268025\n|move|p1a: Yveltal|Oblivion Wing|p2a: Yveltal\n|-damage|p2a: Yveltal|0 fnt\n|-heal|p1a: Yveltal|78\/100|[from] drain|[of] p2a: Yveltal\n|faint|p2a: Yveltal\n|-damage|p1a: Yveltal|68\/100|[from] item: Life Orb\n|\n|upkeep\n|\n|t:|1699268030\n|switch|p2a: Necrozma|Necrozma-Dusk-Mane, shiny|100\/100\n|turn|11\n|\n|t:|1699268035\n|move|p1a: Yveltal|Dark Pulse|p2a: Necrozma\n|-supereffective|p2a: Necrozma\n|-damage|p2a: Necrozma|3\/100\n|-damage|p1a: Yveltal|58\/100|[from] item: Life Orb\n|cant|p2a: Necrozma|flinch\n|\n|upkeep\n|turn|12\n|\n|t:|1699268041\n|move|p1a: Yveltal|Oblivion Wing|p2a: Necrozma\n|-resisted|p2a: Necrozma\n|-damage|p2a: Necrozma|0 fnt\n|-heal|p1a: Yveltal|60\/100|[from] drain|[of] p2a: Necrozma\n|faint|p2a: Necrozma\n|-damage|p1a: Yveltal|50\/100|[from] item: Life Orb\n|\n|upkeep\n|\n|t:|1699268043\n|switch|p2a: Marshadow|Marshadow|100\/100\n|turn|13\n|\n|t:|1699268054\n|switch|p1a: Groudon|Groudon|100\/100\n|detailschange|p1a: Groudon|Groudon-Primal\n|-primal|p1a: Groudon|Red Orb\n|-weather|DesolateLand|[from] ability: Desolate Land|[of] p1a: Groudon\n|-terastallize|p2a: Marshadow|Ghost\n|move|p2a: Marshadow|Poltergeist|p1a: Groudon\n|-activate|p1a: Groudon|move: Poltergeist|Red Orb\n|-damage|p1a: Groudon|30\/100\n|\n|-weather|DesolateLand|[upkeep]\n|upkeep\n|turn|14\n|\n|t:|1699268067\n|move|p2a: Marshadow|Poltergeist|p1a: Groudon\n|-activate|p1a: Groudon|move: Poltergeist|Red Orb\n|-damage|p1a: Groudon|0 fnt\n|faint|p1a: Groudon\n|-weather|none\n|\n|upkeep\n|\n|t:|1699268069\n|switch|p1a: Landorus|Landorus-Therian, M|81\/100 tox\n|-ability|p1a: Landorus|Intimidate|boost\n|-unboost|p2a: Marshadow|atk|1\n|turn|15\n|\n|t:|1699268078\n|move|p2a: Marshadow|Poltergeist|p1a: Landorus\n|-activate|p1a: Landorus|move: Poltergeist|Leftovers\n|-damage|p1a: Landorus|27\/100 tox\n|move|p1a: Landorus|U-turn|p2a: Marshadow\n|-resisted|p2a: Marshadow\n|-damage|p2a: Marshadow|86\/100\n|\n|t:|1699268084\n|switch|p1a: Marshadow|Marshadow|100\/100|[from] U-turn\n|\n|upkeep\n|turn|16\n|\n|t:|1699268090\n|switch|p2a: Zygarde|Zygarde|100\/100\n|move|p1a: Marshadow|Shadow Sneak|p2a: Zygarde\n|-damage|p2a: Zygarde|83\/100\n|\n|-heal|p2a: Zygarde|89\/100|[from] item: Leftovers\n|upkeep\n|turn|17\n|\n|t:|1699268095\n|switch|p1a: Yveltal|Yveltal, tera:Dark|50\/100\n|-ability|p1a: Yveltal|Dark Aura\n|move|p2a: Zygarde|Glare|p1a: Yveltal\n|-status|p1a: Yveltal|par\n|\n|-heal|p2a: Zygarde|95\/100|[from] item: Leftovers\n|upkeep\n|turn|18\n|\n|t:|1699268112\n|switch|p2a: Groudon|Groudon, L99, shiny|100\/100\n|detailschange|p2a: Groudon|Groudon-Primal, L99, shiny\n|-primal|p2a: Groudon|Red Orb\n|-weather|DesolateLand|[from] ability: Desolate Land|[of] p2a: Groudon\n|move|p1a: Yveltal|Oblivion Wing|p2a: Groudon\n|-damage|p2a: Groudon|58\/100\n|-heal|p1a: Yveltal|82\/100 par|[from] drain|[of] p2a: Groudon\n|-damage|p1a: Yveltal|72\/100 par|[from] item: Life Orb\n|\n|-weather|DesolateLand|[upkeep]\n|upkeep\n|turn|19\n|\n|t:|1699268122\n|switch|p1a: Landorus|Landorus-Therian, M|27\/100 tox\n|-ability|p1a: Landorus|Intimidate|boost\n|-unboost|p2a: Groudon|atk|1\n|move|p2a: Groudon|Overheat|p1a: Landorus\n|-damage|p1a: Landorus|0 fnt\n|-unboost|p2a: Groudon|spa|2\n|faint|p1a: Landorus\n|\n|-weather|DesolateLand|[upkeep]\n|upkeep\n|\n|t:|1699268128\n|switch|p1a: Chansey|Chansey, F|100\/100\n|turn|20\n|\n|t:|1699268135\n|move|p2a: Groudon|Stealth Rock|p1a: Chansey\n|-sidestart|p1: faradey|move: Stealth Rock\n|move|p1a: Chansey|Heal Bell|p1a: Chansey\n|-activate|p1a: Chansey|move: Heal Bell\n|-curestatus|p1: Yveltal|par|[msg]\n|\n|-weather|DesolateLand|[upkeep]\n|upkeep\n|turn|21\n|j| jun\u5e73\u5b89xianshen\n|\n|t:|1699268141\n|move|p2a: Groudon|Precipice Blades|p1a: Chansey\n|-damage|p1a: Chansey|67\/100\n|move|p1a: Chansey|Toxic|p2a: Groudon\n|-status|p2a: Groudon|tox\n|\n|-weather|DesolateLand|[upkeep]\n|-damage|p2a: Groudon|52\/100 tox|[from] psn\n|upkeep\n|turn|22\n|\n|t:|1699268149\n|-weather|none\n|switch|p2a: Marshadow|Marshadow, tera:Ghost|86\/100\n|move|p1a: Chansey|Soft-Boiled|p1a: Chansey\n|-heal|p1a: Chansey|100\/100\n|\n|upkeep\n|turn|23\n|\n|t:|1699268158\n|move|p2a: Marshadow|Close Combat|p1a: Chansey\n|-supereffective|p1a: Chansey\n|-damage|p1a: Chansey|0 fnt\n|-unboost|p2a: Marshadow|def|1\n|-unboost|p2a: Marshadow|spd|1\n|faint|p1a: Chansey\n|\n|upkeep\n|\n|t:|1699268168\n|switch|p1a: Marshadow|Marshadow|100\/100\n|-damage|p1a: Marshadow|94\/100|[from] Stealth Rock\n|turn|24\n|\n|t:|1699268176\n|switch|p2a: Zygarde|Zygarde|95\/100\n|switch|p1a: Yveltal|Yveltal, tera:Dark|72\/100\n|-damage|p1a: Yveltal|60\/100|[from] Stealth Rock\n|-ability|p1a: Yveltal|Dark Aura\n|\n|-heal|p2a: Zygarde|100\/100|[from] item: Leftovers\n|upkeep\n|turn|25\n|\n|t:|1699268179\n|move|p1a: Yveltal|Dark Pulse|p2a: Zygarde\n|-crit|p2a: Zygarde\n|-damage|p2a: Zygarde|0 fnt\n|faint|p2a: Zygarde\n|-damage|p1a: Yveltal|50\/100|[from] item: Life Orb\n|\n|upkeep\n|\n|t:|1699268182\n|switch|p2a: Marshadow|Marshadow, tera:Ghost|86\/100\n|turn|26\n|\n|t:|1699268204\n|switch|p1a: Marshadow|Marshadow|94\/100\n|-damage|p1a: Marshadow|88\/100|[from] Stealth Rock\n|move|p2a: Marshadow|Poltergeist|p1a: Marshadow\n|-activate|p1a: Marshadow|move: Poltergeist|Focus Sash\n|-supereffective|p1a: Marshadow\n|-damage|p1a: Marshadow|0 fnt\n|faint|p1a: Marshadow\n|\n|upkeep\n|\n|t:|1699268211\n|switch|p1a: Yveltal|Yveltal, tera:Dark|50\/100\n|-damage|p1a: Yveltal|37\/100|[from] Stealth Rock\n|-ability|p1a: Yveltal|Dark Aura\n|turn|27\n|\n|t:|1699268222\n|switch|p2a: Groudon|Groudon-Primal, L99, shiny|52\/100 tox\n|-weather|DesolateLand|[from] ability: Desolate Land|[of] p2a: Groudon\n|move|p1a: Yveltal|Oblivion Wing|p2a: Groudon\n|-damage|p2a: Groudon|7\/100 tox\n|-heal|p1a: Yveltal|72\/100|[from] drain|[of] p2a: Groudon\n|-damage|p1a: Yveltal|62\/100|[from] item: Life Orb\n|\n|-weather|DesolateLand|[upkeep]\n|-damage|p2a: Groudon|0 fnt|[from] psn\n|faint|p2a: Groudon\n|-weather|none\n|upkeep\n|\n|t:|1699268223\n|switch|p2a: Marshadow|Marshadow, tera:Ghost|86\/100\n|turn|28\n|\n|t:|1699268231\n|move|p2a: Marshadow|Close Combat|p1a: Yveltal\n|-supereffective|p1a: Yveltal\n|-damage|p1a: Yveltal|0 fnt\n|-unboost|p2a: Marshadow|def|1\n|-unboost|p2a: Marshadow|spd|1\n|faint|p1a: Yveltal\n|\n|win|C0ld as Ice\n|raw|faradey's rating: 1655 &rarr; <strong>1641<\/strong><br \/>(-14 for losing)\n|raw|C0ld as Ice's rating: 1764 &rarr; <strong>1778<\/strong><br \/>(+14 for winning)\n|l| jun\u5e73\u5b89xianshen\n","uploadtime":1699268296,"views":5,"p1id":"faradey","p2id":"c0ldasice","formatid":"gen9nationaldexubers","rating":1641,"private":0,"password":""}