{"id":"gen9nationaldexubers-1994764376","p1":"Le_Fiishe","p2":"Levelup_yaman","format":"[Gen 9] National Dex Ubers","log":"|j|\u2606Le_Fiishe\n|j|\u2606Levelup_yaman\n|t:|1700490456\n|gametype|singles\n|player|p1|Le_Fiishe|hilbert|1055\n|player|p2|Levelup_yaman|picnicker|1085\n|teamsize|p1|6\n|teamsize|p2|6\n|gen|9\n|tier|[Gen 9] National Dex Ubers\n|rated|\n|rule|HP Percentage Mod: HP is shown in percentages\n|rule|Endless Battle Clause: Forcing endless battles is banned\n|rule|OHKO Clause: OHKO moves are banned\n|rule|Evasion Moves Clause: Evasion moves are banned\n|rule|Evasion Items Clause: Evasion items are banned\n|rule|Species Clause: Limit one of each Pok\u00e9mon\n|rule|Sleep Clause Mod: Limit one foe put to sleep\n|rule|Mega Rayquaza Clause: You cannot mega evolve Rayquaza\n|clearpoke\n|poke|p1|Eternatus|\n|poke|p1|Lurantis, F|\n|poke|p1|Centiskorch, M|\n|poke|p1|Marshadow|\n|poke|p1|Ribombee, F|\n|poke|p1|Bisharp, M|\n|poke|p2|Kingambit, F|\n|poke|p2|Corviknight, F|\n|poke|p2|Revavroom, F|\n|poke|p2|Aegislash, F|\n|poke|p2|Bronzong|\n|poke|p2|Empoleon, M|\n|teampreview\n|inactive|Battle timer is ON: inactive players will automatically lose when time's up. (requested by Levelup_yaman)\n|\n|t:|1700490470\n|start\n|switch|p1a: Ribombee|Ribombee, F, shiny|100\/100\n|switch|p2a: Aegislash|Aegislash, F|100\/100\n|turn|1\n|\n|t:|1700490479\n|move|p1a: Ribombee|Switcheroo|p2a: Aegislash\n|-activate|p1a: Ribombee|move: Trick|[of] p2a: Aegislash\n|-item|p2a: Aegislash|Choice Scarf|[from] move: Switcheroo\n|-item|p1a: Ribombee|Leftovers|[from] move: Switcheroo\n|move|p2a: Aegislash|Swords Dance|p2a: Aegislash\n|-boost|p2a: Aegislash|atk|2\n|\n|upkeep\n|turn|2\n|\n|t:|1700490485\n|switch|p2a: Revavroom|Revavroom, F|100\/100\n|move|p1a: Ribombee|Sticky Web|p2a: Revavroom\n|-sidestart|p2: Levelup_yaman|move: Sticky Web\n|\n|upkeep\n|turn|3\n|\n|t:|1700490493\n|move|p1a: Ribombee|U-turn|p2a: Revavroom\n|-resisted|p2a: Revavroom\n|-damage|p2a: Revavroom|96\/100\n|\n|t:|1700490504\n|switch|p1a: Eternatus|Eternatus|100\/100|[from] U-turn\n|-ability|p1a: Eternatus|Pressure\n|move|p2a: Revavroom|Gunk Shot|p1a: Eternatus\n|-resisted|p1a: Eternatus\n|-damage|p1a: Eternatus|77\/100\n|\n|upkeep\n|turn|4\n|\n|t:|1700490533\n|move|p1a: Eternatus|Flamethrower|p2a: Revavroom\n|-supereffective|p2a: Revavroom\n|-damage|p2a: Revavroom|6\/100\n|move|p2a: Revavroom|High Horsepower|p1a: Eternatus\n|-supereffective|p1a: Eternatus\n|-damage|p1a: Eternatus|24\/100\n|\n|upkeep\n|turn|5\n|\n|t:|1700490542\n|move|p1a: Eternatus|Dynamax Cannon|p2a: Revavroom\n|-resisted|p2a: Revavroom\n|-damage|p2a: Revavroom|0 fnt\n|faint|p2a: Revavroom\n|\n|upkeep\n|\n|t:|1700490545\n|switch|p2a: Kingambit|Kingambit, F|100\/100\n|-activate|p2a: Kingambit|move: Sticky Web\n|-unboost|p2a: Kingambit|spe|1\n|-activate|p2a: Kingambit|ability: Supreme Overlord\n|-start|p2a: Kingambit|fallen1|[silent]\n|turn|6\n|\n|t:|1700490556\n|move|p2a: Kingambit|Sucker Punch|p1a: Eternatus\n|-damage|p1a: Eternatus|0 fnt\n|faint|p1a: Eternatus\n|-damage|p2a: Kingambit|91\/100|[from] item: Life Orb\n|\n|upkeep\n|\n|t:|1700490561\n|switch|p1a: Lurantis|Lurantis, F|100\/100\n|turn|7\n|\n|t:|1700490565\n|-end|p2a: Kingambit|fallen1|[silent]\n|switch|p2a: Aegislash|Aegislash, F|100\/100\n|-activate|p2a: Aegislash|move: Sticky Web\n|-unboost|p2a: Aegislash|spe|1\n|move|p1a: Lurantis|Ingrain|p1a: Lurantis\n|-start|p1a: Lurantis|move: Ingrain\n|\n|upkeep\n|turn|8\n|\n|t:|1700490574\n|-terastallize|p1a: Lurantis|Dark\n|-formechange|p2a: Aegislash|Aegislash-Blade||[from] ability: Stance Change\n|move|p2a: Aegislash|Sacred Sword|p1a: Lurantis\n|-supereffective|p1a: Lurantis\n|-damage|p1a: Lurantis|15\/100\n|move|p1a: Lurantis|Leaf Storm|p2a: Aegislash\n|-resisted|p2a: Aegislash\n|-damage|p2a: Aegislash|52\/100\n|-boost|p1a: Lurantis|spa|2\n|\n|-heal|p1a: Lurantis|21\/100|[from] Ingrain\n|upkeep\n|turn|9\n|\n|t:|1700490585\n|move|p2a: Aegislash|Sacred Sword|p1a: Lurantis\n|-supereffective|p1a: Lurantis\n|-damage|p1a: Lurantis|0 fnt\n|faint|p1a: Lurantis\n|\n|upkeep\n|\n|t:|1700490594\n|switch|p1a: Marshadow|Marshadow|100\/100\n|turn|10\n|\n|t:|1700490600\n|switch|p2a: Corviknight|Corviknight, F|100\/100\n|move|p1a: Marshadow|Bulk Up|p1a: Marshadow\n|-boost|p1a: Marshadow|atk|1\n|-boost|p1a: Marshadow|def|1\n|\n|upkeep\n|turn|11\n|\n|t:|1700490617\n|move|p1a: Marshadow|Bulk Up|p1a: Marshadow\n|-boost|p1a: Marshadow|atk|1\n|-boost|p1a: Marshadow|def|1\n|move|p2a: Corviknight|Brave Bird|p1a: Marshadow\n|-supereffective|p1a: Marshadow\n|-damage|p1a: Marshadow|46\/100\n|-damage|p2a: Corviknight|83\/100|[from] Recoil\n|\n|upkeep\n|turn|12\n|\n|t:|1700490629\n|move|p1a: Marshadow|Shadow Sneak|p2a: Corviknight\n|-damage|p2a: Corviknight|31\/100\n|move|p2a: Corviknight|Brave Bird|p1a: Marshadow\n|-supereffective|p1a: Marshadow\n|-damage|p1a: Marshadow|0 fnt\n|faint|p1a: Marshadow\n|-damage|p2a: Corviknight|17\/100|[from] Recoil\n|\n|upkeep\n|\n|t:|1700490636\n|switch|p1a: Centiskorch|Centiskorch, M, shiny|100\/100\n|turn|13\n|\n|t:|1700490640\n|move|p2a: Corviknight|Brave Bird|p1a: Centiskorch\n|-supereffective|p1a: Centiskorch\n|-damage|p1a: Centiskorch|0 fnt\n|faint|p1a: Centiskorch\n|-damage|p2a: Corviknight|0 fnt|[from] Recoil\n|faint|p2a: Corviknight\n|\n|upkeep\n|-message|Le_Fiishe forfeited.\n|\n|win|Levelup_yaman\n|raw|Le_Fiishe's rating: 1055 &rarr; <strong>1038<\/strong><br \/>(-17 for losing)\n|raw|Levelup_yaman's rating: 1085 &rarr; <strong>1110<\/strong><br \/>(+25 for winning)\n|l|\u2606Le_Fiishe\n","uploadtime":1700490653,"views":1,"p1id":"lefiishe","p2id":"levelupyaman","formatid":"gen9nationaldexubers","rating":1038,"private":0,"password":""}