{"id":"gen9nationaldexubers-1978303868","p1":"BillyBobJr.The3rd","p2":"Pikafan16543","format":"[Gen 9] National Dex Ubers","log":"|j|\u2606BillyBobJr.The3rd\n|j|\u2606Pikafan16543\n|t:|1698522938\n|gametype|singles\n|player|p1|BillyBobJr.The3rd|2|\n|player|p2|Pikafan16543|hilbert-wonderlauncher|\n|teamsize|p1|6\n|teamsize|p2|6\n|gen|9\n|tier|[Gen 9] National Dex Ubers\n|rule|HP Percentage Mod: HP is shown in percentages\n|rule|Endless Battle Clause: Forcing endless battles is banned\n|rule|OHKO Clause: OHKO moves are banned\n|rule|Evasion Moves Clause: Evasion moves are banned\n|rule|Evasion Items Clause: Evasion items are banned\n|rule|Species Clause: Limit one of each Pok\u00e9mon\n|rule|Sleep Clause Mod: Limit one foe put to sleep\n|rule|Mega Rayquaza Clause: You cannot mega evolve Rayquaza\n|clearpoke\n|poke|p1|Walking Wake|\n|poke|p1|Swampert, M|\n|poke|p1|Vulpix, F|\n|poke|p1|Palossand, F|\n|poke|p1|Aerodactyl, M|\n|poke|p1|Cyclizar, M|\n|poke|p2|Rotom-Wash|\n|poke|p2|Tyranitar, M|\n|poke|p2|Meowscarada, M|\n|poke|p2|Lucario, M|\n|poke|p2|Pawmot, M|\n|poke|p2|Ampharos, M|\n|teampreview\n|c|\u2606BillyBobJr.The3rd|glhf\n|j| ShiftySwamps1\n|c|\u2606Pikafan16543|glgl\n|\n|t:|1698522968\n|start\n|switch|p1a: Palossand|Palossand, F|100\/100\n|switch|p2a: Meowscarada|Meowscarada, M|100\/100\n|turn|1\n|\n|t:|1698522979\n|move|p2a: Meowscarada|Flower Trick|p1a: Palossand\n|-supereffective|p1a: Palossand\n|-crit|p1a: Palossand\n|-damage|p1a: Palossand|18\/100\n|-damage|p2a: Meowscarada|91\/100|[from] item: Life Orb\n|move|p1a: Palossand|Sunny Day|p1a: Palossand\n|-weather|SunnyDay\n|\n|-weather|SunnyDay|[upkeep]\n|-heal|p1a: Palossand|25\/100|[from] item: Leftovers\n|upkeep\n|turn|2\n|\n|t:|1698522990\n|move|p2a: Meowscarada|Knock Off|p1a: Palossand\n|-supereffective|p1a: Palossand\n|-damage|p1a: Palossand|0 fnt\n|-enditem|p1a: Palossand|Leftovers|[from] move: Knock Off|[of] p2a: Meowscarada\n|faint|p1a: Palossand\n|-damage|p2a: Meowscarada|81\/100|[from] item: Life Orb\n|\n|-weather|SunnyDay|[upkeep]\n|upkeep\n|\n|t:|1698523007\n|switch|p1a: Aerodactyl|Aerodactyl, M|100\/100\n|-ability|p1a: Aerodactyl|Unnerve\n|turn|3\n|j| Snowflakss\n|c| Snowflakss|ayaya\n|\n|t:|1698523018\n|switch|p2a: Ampharos|Ampharos, M|100\/100\n|switch|p1a: Walking Wake|Walking Wake|100\/100\n|-activate|p1a: Walking Wake|ability: Protosynthesis\n|-start|p1a: Walking Wake|protosynthesisspe\n|\n|-weather|SunnyDay|[upkeep]\n|upkeep\n|turn|4\n|c|\u2606Pikafan16543|ayaya\n|\n|t:|1698523028\n|move|p1a: Walking Wake|Dragon Pulse|p2a: Ampharos\n|-damage|p2a: Ampharos|54\/100\n|move|p2a: Ampharos|Dragon Pulse|p1a: Walking Wake\n|-supereffective|p1a: Walking Wake\n|-damage|p1a: Walking Wake|51\/100\n|\n|-weather|SunnyDay|[upkeep]\n|upkeep\n|turn|5\n|c| Snowflakss|AMPI\n|\n|t:|1698523038\n|move|p1a: Walking Wake|Dragon Pulse|p2a: Ampharos\n|-damage|p2a: Ampharos|9\/100\n|move|p2a: Ampharos|Dragon Pulse|p1a: Walking Wake\n|-supereffective|p1a: Walking Wake\n|-damage|p1a: Walking Wake|3\/100\n|\n|-weather|none\n|-end|p1a: Walking Wake|Protosynthesis\n|upkeep\n|turn|6\n|\n|t:|1698523059\n|move|p1a: Walking Wake|Dragon Pulse|p2a: Ampharos\n|-crit|p2a: Ampharos\n|-damage|p2a: Ampharos|0 fnt\n|faint|p2a: Ampharos\n|\n|upkeep\n|\n|t:|1698523064\n|switch|p2a: Meowscarada|Meowscarada, M|81\/100\n|turn|7\n|\n|t:|1698523067\n|-end|p1a: Walking Wake|Protosynthesis|[silent]\n|switch|p1a: Vulpix|Vulpix, F|100\/100\n|-weather|SunnyDay|[from] ability: Drought|[of] p1a: Vulpix\n|move|p2a: Meowscarada|Flower Trick|p1a: Vulpix\n|-resisted|p1a: Vulpix\n|-crit|p1a: Vulpix\n|-damage|p1a: Vulpix|8\/100\n|-damage|p2a: Meowscarada|71\/100|[from] item: Life Orb\n|\n|-weather|SunnyDay|[upkeep]\n|upkeep\n|turn|8\n|\n|t:|1698523079\n|move|p2a: Meowscarada|Flower Trick|p1a: Vulpix\n|-resisted|p1a: Vulpix\n|-crit|p1a: Vulpix\n|-damage|p1a: Vulpix|0 fnt\n|faint|p1a: Vulpix\n|-damage|p2a: Meowscarada|61\/100|[from] item: Life Orb\n|\n|-weather|SunnyDay|[upkeep]\n|upkeep\n|\n|t:|1698523084\n|switch|p1a: Walking Wake|Walking Wake|3\/100\n|-activate|p1a: Walking Wake|ability: Protosynthesis\n|-start|p1a: Walking Wake|protosynthesisspe\n|turn|9\n|\n|t:|1698523089\n|move|p1a: Walking Wake|Hydro Steam|p2a: Meowscarada\n|-resisted|p2a: Meowscarada\n|-damage|p2a: Meowscarada|0 fnt\n|faint|p2a: Meowscarada\n|\n|-weather|SunnyDay|[upkeep]\n|upkeep\n|\n|t:|1698523101\n|switch|p2a: Pawmot|Pawmot, M|100\/100\n|turn|10\n|\n|t:|1698523104\n|move|p2a: Pawmot|Fake Out|p1a: Walking Wake\n|-damage|p1a: Walking Wake|0 fnt\n|faint|p1a: Walking Wake\n|-end|p1a: Walking Wake|Protosynthesis|[silent]\n|\n|-weather|SunnyDay|[upkeep]\n|upkeep\n|\n|t:|1698523111\n|switch|p1a: Aerodactyl|Aerodactyl, M|100\/100\n|-ability|p1a: Aerodactyl|Unnerve\n|turn|11\n|\n|t:|1698523127\n|switch|p2a: Rotom|Rotom-Wash|100\/100\n|detailschange|p1a: Aerodactyl|Aerodactyl-Mega, M\n|-mega|p1a: Aerodactyl|Aerodactyl|Aerodactylite\n|move|p1a: Aerodactyl|Smack Down|p2a: Rotom\n|-damage|p2a: Rotom|61\/100\n|-start|p2a: Rotom|Smack Down\n|\n|-weather|SunnyDay|[upkeep]\n|upkeep\n|turn|12\n|\n|t:|1698523136\n|move|p1a: Aerodactyl|Earthquake|p2a: Rotom\n|-supereffective|p2a: Rotom\n|-damage|p2a: Rotom|0 fnt\n|faint|p2a: Rotom\n|\n|-weather|SunnyDay|[upkeep]\n|upkeep\n|c| ShiftySwamps1|Oh shit\n|c|\u2606BillyBobJr.The3rd|LETSGO it worked\n|c| ShiftySwamps1|That's fire\n|\n|t:|1698523145\n|switch|p2a: Tyranitar|Tyranitar, M|100\/100\n|-ability|p2a: Tyranitar|Unnerve\n|turn|13\n|c| Snowflakss|no wayyyyy\n|\n|t:|1698523150\n|move|p1a: Aerodactyl|Aqua Tail|p2a: Tyranitar\n|-supereffective|p2a: Tyranitar\n|-damage|p2a: Tyranitar|59\/100\n|-damage|p1a: Aerodactyl|84\/100|[from] item: Rocky Helmet|[of] p2a: Tyranitar\n|move|p2a: Tyranitar|Rock Slide|p1a: Aerodactyl\n|-supereffective|p1a: Aerodactyl\n|-damage|p1a: Aerodactyl|0 fnt\n|faint|p1a: Aerodactyl\n|\n|-weather|SunnyDay|[upkeep]\n|upkeep\n|c|\u2606BillyBobJr.The3rd|wow that did far less than i thought it would\n|c| ShiftySwamps1|Aaaaaand it's dead\n|\n|t:|1698523174\n|switch|p1a: Cyclizar|Cyclizar, M|100\/100\n|turn|14\n|c| Snowflakss|mhmmm\n|\n|t:|1698523180\n|move|p1a: Cyclizar|Knock Off|p2a: Tyranitar\n|-resisted|p2a: Tyranitar\n|-crit|p2a: Tyranitar\n|-damage|p2a: Tyranitar|46\/100\n|-damage|p1a: Cyclizar|84\/100|[from] item: Rocky Helmet|[of] p2a: Tyranitar\n|-enditem|p2a: Tyranitar|Rocky Helmet|[from] move: Knock Off|[of] p1a: Cyclizar\n|move|p2a: Tyranitar|Avalanche|p1a: Cyclizar\n|-supereffective|p1a: Cyclizar\n|-damage|p1a: Cyclizar|0 fnt\n|faint|p1a: Cyclizar\n|\n|-weather|none\n|upkeep\n|\n|t:|1698523183\n|switch|p1a: Swampert|Swampert, M|100\/100\n|turn|15\n|\n|t:|1698523199\n|move|p2a: Tyranitar|Crunch|p1a: Swampert\n|-damage|p1a: Swampert|65\/100\n|move|p1a: Swampert|Earthquake|p2a: Tyranitar\n|-supereffective|p2a: Tyranitar\n|-damage|p2a: Tyranitar|0 fnt\n|faint|p2a: Tyranitar\n|\n|upkeep\n|c| ShiftySwamps1|Wait wtf is ttar not sand\n|\n|t:|1698523208\n|switch|p2a: Lucario|Lucario, M|100\/100\n|turn|16\n|\n|t:|1698523215\n|move|p2a: Lucario|Close Combat|p1a: Swampert\n|-damage|p1a: Swampert|26\/100\n|-unboost|p2a: Lucario|def|1\n|-unboost|p2a: Lucario|spd|1\n|-enditem|p2a: Lucario|White Herb\n|-clearnegativeboost|p2a: Lucario|[silent]\n|move|p1a: Swampert|Earthquake|p2a: Lucario\n|-supereffective|p2a: Lucario\n|-damage|p2a: Lucario|0 fnt\n|faint|p2a: Lucario\n|\n|upkeep\n|\n|t:|1698523224\n|switch|p2a: Pawmot|Pawmot, M|100\/100\n|turn|17\n|\n|t:|1698523228\n|move|p2a: Pawmot|Brick Break|p1a: Swampert\n|-damage|p1a: Swampert|0 fnt\n|faint|p1a: Swampert\n|\n|win|Pikafan16543\n|c|\u2606BillyBobJr.The3rd|ggs\n|c|\u2606Pikafan16543|ggs\n|l| ShiftySwamps1\n|c|\u2606BillyBobJr.The3rd|damn that was so close\n|c|\u2606Pikafan16543|true\n","uploadtime":1698523239,"views":22,"p1id":"billybobjrthe3rd","p2id":"pikafan16543","formatid":"gen9nationaldexubers","rating":0,"private":0,"password":""}