{"id":"gen9nationaldexubers-1980741558","p1":"iafk141","p2":"Chaitanya15","format":"[Gen 9] National Dex Ubers","log":"|j|\u2606iafk141\n|j|\u2606Chaitanya15\n|t:|1698823668\n|gametype|singles\n|player|p1|iafk141|265|1207\n|player|p2|Chaitanya15|170|1336\n|teamsize|p1|6\n|teamsize|p2|6\n|gen|9\n|tier|[Gen 9] National Dex Ubers\n|rated|\n|rule|HP Percentage Mod: HP is shown in percentages\n|rule|Endless Battle Clause: Forcing endless battles is banned\n|rule|OHKO Clause: OHKO moves are banned\n|rule|Evasion Moves Clause: Evasion moves are banned\n|rule|Evasion Items Clause: Evasion items are banned\n|rule|Species Clause: Limit one of each Pok\u00e9mon\n|rule|Sleep Clause Mod: Limit one foe put to sleep\n|rule|Mega Rayquaza Clause: You cannot mega evolve Rayquaza\n|clearpoke\n|poke|p1|Tapu Lele|\n|poke|p1|Alakazam, F|\n|poke|p1|Glimmora, M|\n|poke|p1|Munkidori, M|\n|poke|p1|Aggron, M|\n|poke|p1|Avalugg-Hisui, M|\n|poke|p2|Kingambit, M|\n|poke|p2|Basculegion, M|\n|poke|p2|Pikachu, F|\n|poke|p2|Kyogre|\n|poke|p2|Flutter Mane|\n|poke|p2|Deoxys-Speed|\n|teampreview\n|inactive|Battle timer is ON: inactive players will automatically lose when time's up. (requested by iafk141)\n|\n|t:|1698823680\n|start\n|switch|p1a: Glimmora|Glimmora, M|100\/100\n|switch|p2a: Deoxys|Deoxys-Speed|100\/100\n|-ability|p2a: Deoxys|Pressure\n|turn|1\n|inactive|Chaitanya15 also wants the timer to be on.\n|\n|t:|1698823704\n|move|p2a: Deoxys|Stealth Rock|p1a: Glimmora\n|-sidestart|p1: iafk141|move: Stealth Rock\n|move|p1a: Glimmora|Stealth Rock|p2a: Deoxys\n|-sidestart|p2: Chaitanya15|move: Stealth Rock\n|\n|upkeep\n|turn|2\n|\n|t:|1698823709\n|move|p2a: Deoxys|Psychic|p1a: Glimmora\n|-supereffective|p1a: Glimmora\n|-damage|p1a: Glimmora|22\/100\n|move|p1a: Glimmora|Mortal Spin|p2a: Deoxys\n|-damage|p2a: Deoxys|92\/100\n|-status|p2a: Deoxys|psn\n|-sideend|p1: iafk141|Stealth Rock|[from] move: Mortal Spin|[of] p1a: Glimmora\n|\n|-damage|p2a: Deoxys|79\/100 psn|[from] psn\n|upkeep\n|turn|3\n|\n|t:|1698823720\n|switch|p1a: Tapu Lele|Tapu Lele|100\/100\n|-fieldstart|move: Psychic Terrain|[from] ability: Psychic Surge|[of] p1a: Tapu Lele\n|move|p2a: Deoxys|Psychic|p1a: Tapu Lele\n|-resisted|p1a: Tapu Lele\n|-damage|p1a: Tapu Lele|78\/100\n|\n|-damage|p2a: Deoxys|67\/100 psn|[from] psn\n|upkeep\n|turn|4\n|\n|t:|1698823738\n|move|p2a: Deoxys|Psychic|p1a: Tapu Lele\n|-resisted|p1a: Tapu Lele\n|-damage|p1a: Tapu Lele|57\/100\n|-unboost|p1a: Tapu Lele|spd|1\n|move|p1a: Tapu Lele|Psychic|p2a: Deoxys\n|-resisted|p2a: Deoxys\n|-damage|p2a: Deoxys|31\/100 psn\n|\n|-damage|p2a: Deoxys|18\/100 psn|[from] psn\n|upkeep\n|turn|5\n|\n|t:|1698823749\n|move|p2a: Deoxys|Psychic|p1a: Tapu Lele\n|-resisted|p1a: Tapu Lele\n|-damage|p1a: Tapu Lele|24\/100\n|move|p1a: Tapu Lele|Psychic|p2a: Deoxys\n|-resisted|p2a: Deoxys\n|-damage|p2a: Deoxys|0 fnt\n|faint|p2a: Deoxys\n|\n|upkeep\n|\n|t:|1698823759\n|switch|p2a: Pikachu|Pikachu, F|100\/100\n|-damage|p2a: Pikachu|88\/100|[from] Stealth Rock\n|turn|6\n|\n|t:|1698823764\n|move|p2a: Pikachu|Fake Out|p1a: Tapu Lele\n|-activate|p1a: Tapu Lele|move: Psychic Terrain\n|move|p1a: Tapu Lele|Psychic|p2a: Pikachu\n|-damage|p2a: Pikachu|0 fnt\n|faint|p2a: Pikachu\n|\n|upkeep\n|\n|t:|1698823772\n|switch|p2a: Flutter Mane|Flutter Mane|100\/100\n|-damage|p2a: Flutter Mane|88\/100|[from] Stealth Rock\n|-enditem|p2a: Flutter Mane|Booster Energy\n|-activate|p2a: Flutter Mane|ability: Protosynthesis|[fromitem]\n|-start|p2a: Flutter Mane|protosynthesisspe\n|turn|7\n|\n|t:|1698823779\n|move|p2a: Flutter Mane|Shadow Ball|p1a: Tapu Lele\n|-supereffective|p1a: Tapu Lele\n|-damage|p1a: Tapu Lele|0 fnt\n|faint|p1a: Tapu Lele\n|\n|-fieldend|move: Psychic Terrain\n|upkeep\n|\n|t:|1698823798\n|switch|p1a: Aggron|Aggron, M|100\/100\n|turn|8\n|\n|t:|1698823804\n|move|p2a: Flutter Mane|Mystical Fire|p1a: Aggron\n|-damage|p1a: Aggron|53\/100\n|-unboost|p1a: Aggron|spa|1\n|move|p1a: Aggron|Metal Burst|p2a: Flutter Mane\n|-damage|p2a: Flutter Mane|8\/100\n|\n|upkeep\n|turn|9\n|\n|t:|1698823821\n|-terastallize|p2a: Flutter Mane|Ghost\n|move|p2a: Flutter Mane|Shadow Ball|p1a: Aggron\n|-damage|p1a: Aggron|0 fnt\n|faint|p1a: Aggron\n|\n|upkeep\n|inactive|iafk141 has 120 seconds left.\n|\n|t:|1698823862\n|switch|p1a: Avalugg|Avalugg-Hisui, M|100\/100\n|turn|10\n|\n|t:|1698823868\n|move|p2a: Flutter Mane|Shadow Ball|p1a: Avalugg\n|-ability|p1a: Avalugg|Sturdy\n|-damage|p1a: Avalugg|1\/100\n|move|p1a: Avalugg|Rock Slide|p2a: Flutter Mane\n|-damage|p2a: Flutter Mane|0 fnt\n|faint|p2a: Flutter Mane\n|-end|p2a: Flutter Mane|Protosynthesis|[silent]\n|\n|-heal|p1a: Avalugg|7\/100|[from] item: Leftovers\n|upkeep\n|\n|t:|1698823881\n|switch|p2a: Kyogre|Kyogre|100\/100\n|-damage|p2a: Kyogre|88\/100|[from] Stealth Rock\n|-weather|RainDance|[from] ability: Drizzle|[of] p2a: Kyogre\n|turn|11\n|\n|t:|1698823887\n|move|p2a: Kyogre|Water Spout|p1a: Avalugg\n|-supereffective|p1a: Avalugg\n|-damage|p1a: Avalugg|0 fnt\n|faint|p1a: Avalugg\n|\n|-weather|RainDance|[upkeep]\n|upkeep\n|\n|t:|1698823892\n|switch|p1a: Munkidori|Munkidori, M|100\/100\n|turn|12\n|\n|t:|1698823899\n|move|p1a: Munkidori|Sludge Wave|p2a: Kyogre\n|-damage|p2a: Kyogre|54\/100\n|-status|p2a: Kyogre|tox|[from] ability: Toxic Chain|[of] p1a: Munkidori\n|move|p2a: Kyogre|Water Spout|p1a: Munkidori\n|-damage|p1a: Munkidori|26\/100\n|\n|-weather|RainDance|[upkeep]\n|-damage|p2a: Kyogre|47\/100 tox|[from] psn\n|upkeep\n|turn|13\n|\n|t:|1698823910\n|move|p1a: Munkidori|Sludge Wave|p2a: Kyogre\n|-damage|p2a: Kyogre|7\/100 tox\n|move|p2a: Kyogre|Water Spout|p1a: Munkidori\n|-damage|p1a: Munkidori|17\/100\n|\n|-weather|RainDance|[upkeep]\n|-damage|p2a: Kyogre|0 fnt|[from] psn\n|faint|p2a: Kyogre\n|upkeep\n|\n|t:|1698823919\n|switch|p2a: Basculegion|Basculegion, M|100\/100\n|-damage|p2a: Basculegion|88\/100|[from] Stealth Rock\n|turn|14\n|\n|t:|1698823926\n|switch|p1a: Glimmora|Glimmora, M|22\/100\n|move|p2a: Basculegion|Last Respects|p1a: Glimmora\n|-damage|p1a: Glimmora|0 fnt\n|-activate|p1a: Glimmora|ability: Toxic Debris\n|-sidestart|p2: Chaitanya15|move: Toxic Spikes\n|faint|p1a: Glimmora\n|\n|-weather|RainDance|[upkeep]\n|upkeep\n|\n|t:|1698823941\n|switch|p1a: Munkidori|Munkidori, M|17\/100\n|turn|15\n|\n|t:|1698823948\n|move|p1a: Munkidori|Psychic|p2a: Basculegion\n|-damage|p2a: Basculegion|38\/100\n|move|p2a: Basculegion|Last Respects|p1a: Munkidori\n|-supereffective|p1a: Munkidori\n|-damage|p1a: Munkidori|0 fnt\n|faint|p1a: Munkidori\n|\n|-weather|none\n|upkeep\n|\n|t:|1698823953\n|switch|p1a: Alakazam|Alakazam, F|100\/100\n|turn|16\n|\n|t:|1698823960\n|detailschange|p1a: Alakazam|Alakazam-Mega, F\n|-mega|p1a: Alakazam|Alakazam|Alakazite\n|-ability|p1a: Alakazam|Swift Swim|[from] ability: Trace|[of] p2a: Basculegion\n|move|p1a: Alakazam|Shadow Ball|p2a: Basculegion\n|-supereffective|p2a: Basculegion\n|-damage|p2a: Basculegion|0 fnt\n|faint|p2a: Basculegion\n|\n|upkeep\n|\n|t:|1698823970\n|switch|p2a: Kingambit|Kingambit, M|100\/100\n|-damage|p2a: Kingambit|94\/100|[from] Stealth Rock\n|-activate|p2a: Kingambit|ability: Supreme Overlord\n|-start|p2a: Kingambit|fallen5|[silent]\n|turn|17\n|\n|t:|1698823978\n|move|p2a: Kingambit|Sucker Punch|p1a: Alakazam\n|-supereffective|p1a: Alakazam\n|-damage|p1a: Alakazam|0 fnt\n|faint|p1a: Alakazam\n|-damage|p2a: Kingambit|84\/100|[from] item: Life Orb\n|\n|win|Chaitanya15\n|raw|iafk141's rating: 1207 &rarr; <strong>1191<\/strong><br \/>(-16 for losing)\n|raw|Chaitanya15's rating: 1336 &rarr; <strong>1349<\/strong><br \/>(+13 for winning)\n|l|\u2606iafk141\n|c|\u2606Chaitanya15|Gg\n","uploadtime":1698823990,"views":7,"p1id":"iafk141","p2id":"chaitanya15","formatid":"gen9nationaldexubers","rating":1191,"private":0,"password":""}