{"id":"gen9nationaldexubers-1991333237","p1":"squawkazone \u269d\u5f61","p2":"tothemaxmichael","format":"[Gen 9] National Dex Ubers","log":"|j|\u2606squawkazone \u269d\u5f61\n|j|\u2606tothemaxmichael\n|t:|1700068410\n|gametype|singles\n|player|p1|squawkazone \u269d\u5f61|psychic-gen2|1106\n|player|p2|tothemaxmichael|1|1160\n|teamsize|p1|6\n|teamsize|p2|6\n|gen|9\n|tier|[Gen 9] National Dex Ubers\n|rated|\n|rule|HP Percentage Mod: HP is shown in percentages\n|rule|Endless Battle Clause: Forcing endless battles is banned\n|rule|OHKO Clause: OHKO moves are banned\n|rule|Evasion Moves Clause: Evasion moves are banned\n|rule|Evasion Items Clause: Evasion items are banned\n|rule|Species Clause: Limit one of each Pok\u00e9mon\n|rule|Sleep Clause Mod: Limit one foe put to sleep\n|rule|Mega Rayquaza Clause: You cannot mega evolve Rayquaza\n|clearpoke\n|poke|p1|Ledyba, F|\n|poke|p1|Diggersby, M|\n|poke|p1|Bisharp, F|\n|poke|p1|Giratina-Origin|\n|poke|p1|Druddigon, M|\n|poke|p1|Salamence, F|\n|poke|p2|Vileplume, M|\n|poke|p2|Torkoal, M|\n|poke|p2|Ninetales, F|\n|poke|p2|Sceptile, F|\n|poke|p2|Whimsicott, M|\n|poke|p2|Walking Wake|\n|teampreview\n|inactive|Battle timer is ON: inactive players will automatically lose when time's up. (requested by squawkazone \u269d\u5f61)\n|\n|t:|1700068415\n|start\n|switch|p1a: super hornio bros|Bisharp, F, shiny|100\/100\n|switch|p2a: Whimsicott|Whimsicott, M|100\/100\n|-ability|p1a: super hornio bros|Pressure\n|turn|1\n|\n|t:|1700068433\n|move|p2a: Whimsicott|Tailwind|p2a: Whimsicott\n|-sidestart|p2: tothemaxmichael|move: Tailwind\n|move|p1a: super hornio bros|Mean Look|p2a: Whimsicott\n|-activate|p2a: Whimsicott|trapped\n|\n|upkeep\n|turn|2\n|\n|t:|1700068439\n|move|p2a: Whimsicott|Leech Seed|p1a: super hornio bros\n|-hint|Since gen 7, Dark is immune to Prankster moves.\n|-immune|p1a: super hornio bros\n|move|p1a: super hornio bros|Iron Defense|p1a: super hornio bros\n|-boost|p1a: super hornio bros|def|2\n|\n|upkeep\n|turn|3\n|\n|t:|1700068445\n|move|p2a: Whimsicott|Light Screen|p2a: Whimsicott\n|-sidestart|p2: tothemaxmichael|move: Light Screen\n|move|p1a: super hornio bros|Iron Defense|p1a: super hornio bros\n|-boost|p1a: super hornio bros|def|2\n|\n|upkeep\n|turn|4\n|\n|t:|1700068455\n|move|p2a: Whimsicott|Leech Seed|p1a: super hornio bros\n|-hint|Since gen 7, Dark is immune to Prankster moves.\n|-immune|p1a: super hornio bros\n|move|p1a: super hornio bros|Iron Defense|p1a: super hornio bros\n|-boost|p1a: super hornio bros|def|2\n|\n|-sideend|p2: tothemaxmichael|move: Tailwind\n|upkeep\n|turn|5\n|\n|t:|1700068465\n|move|p2a: Whimsicott|Tailwind|p2a: Whimsicott\n|-sidestart|p2: tothemaxmichael|move: Tailwind\n|move|p1a: super hornio bros|Spite|p2a: Whimsicott\n|-activate|p2a: Whimsicott|move: Spite|Tailwind|4\n|\n|upkeep\n|turn|6\n|\n|t:|1700068494\n|move|p2a: Whimsicott|Light Screen||[still]\n|-fail|p2a: Whimsicott\n|move|p1a: super hornio bros|Spite|p2a: Whimsicott\n|-activate|p2a: Whimsicott|move: Spite|Light Screen|4\n|\n|upkeep\n|turn|7\n|\n|t:|1700068500\n|move|p2a: Whimsicott|Light Screen||[still]\n|-fail|p2a: Whimsicott\n|move|p1a: super hornio bros|Spite|p2a: Whimsicott\n|-activate|p2a: Whimsicott|move: Spite|Light Screen|4\n|\n|upkeep\n|turn|8\n|\n|t:|1700068507\n|move|p2a: Whimsicott|Light Screen||[still]\n|-fail|p2a: Whimsicott\n|move|p1a: super hornio bros|Spite|p2a: Whimsicott\n|-activate|p2a: Whimsicott|move: Spite|Light Screen|4\n|\n|-sideend|p2: tothemaxmichael|move: Tailwind\n|upkeep\n|turn|9\n|\n|t:|1700068517\n|move|p2a: Whimsicott|Light Screen||[still]\n|-fail|p2a: Whimsicott\n|move|p1a: super hornio bros|Iron Defense|p1a: super hornio bros\n|-boost|p1a: super hornio bros|def|0\n|\n|upkeep\n|turn|10\n|\n|t:|1700068535\n|move|p2a: Whimsicott|Defog|p1a: super hornio bros\n|-hint|Since gen 7, Dark is immune to Prankster moves.\n|-immune|p1a: super hornio bros\n|move|p1a: super hornio bros|Iron Defense|p1a: super hornio bros\n|-boost|p1a: super hornio bros|def|0\n|\n|-sideend|p2: tothemaxmichael|move: Light Screen\n|upkeep\n|turn|11\n|c|\u2606tothemaxmichael|....\n|c|\u2606squawkazone \u269d\u5f61|:3\n|c|\u2606tothemaxmichael|this is so fun!!!!!\n|c|\u2606squawkazone \u269d\u5f61|:3\n|\n|t:|1700068550\n|move|p2a: Whimsicott|Light Screen|p2a: Whimsicott\n|-sidestart|p2: tothemaxmichael|move: Light Screen\n|move|p1a: super hornio bros|Spite|p2a: Whimsicott\n|-activate|p2a: Whimsicott|move: Spite|Light Screen|4\n|\n|upkeep\n|turn|12\n|\n|t:|1700068556\n|move|p2a: Whimsicott|Light Screen||[still]\n|-fail|p2a: Whimsicott\n|move|p1a: super hornio bros|Spite|p2a: Whimsicott\n|-activate|p2a: Whimsicott|move: Spite|Light Screen|4\n|\n|upkeep\n|turn|13\n|\n|t:|1700068562\n|move|p2a: Whimsicott|Defog|p1a: super hornio bros\n|-hint|Since gen 7, Dark is immune to Prankster moves.\n|-immune|p1a: super hornio bros\n|move|p1a: super hornio bros|Spite|p2a: Whimsicott\n|-activate|p2a: Whimsicott|move: Spite|Defog|4\n|\n|upkeep\n|turn|14\n|inactive|tothemaxmichael has 120 seconds left.\n|c|\u2606tothemaxmichael|being immune to prankster is interesting I didnt know that in gen 7\n|\n|t:|1700068606\n|move|p2a: Whimsicott|Light Screen||[still]\n|-fail|p2a: Whimsicott\n|move|p1a: super hornio bros|Iron Defense|p1a: super hornio bros\n|-boost|p1a: super hornio bros|def|0\n|\n|upkeep\n|turn|15\n|\n|t:|1700068613\n|move|p2a: Whimsicott|Tailwind|p2a: Whimsicott\n|-sidestart|p2: tothemaxmichael|move: Tailwind\n|move|p1a: super hornio bros|Iron Defense|p1a: super hornio bros\n|-boost|p1a: super hornio bros|def|0\n|\n|upkeep\n|turn|16\n|inactive|tothemaxmichael has 120 seconds left.\n|\n|t:|1700068621\n|move|p2a: Whimsicott|Light Screen||[still]\n|-fail|p2a: Whimsicott\n|move|p1a: super hornio bros|Iron Defense|p1a: super hornio bros\n|-boost|p1a: super hornio bros|def|0\n|\n|upkeep\n|turn|17\n|\n|t:|1700068630\n|move|p2a: Whimsicott|Light Screen||[still]\n|-fail|p2a: Whimsicott\n|move|p1a: super hornio bros|Spite|p2a: Whimsicott\n|-activate|p2a: Whimsicott|move: Spite|Light Screen|4\n|\n|upkeep\n|turn|18\n|\n|t:|1700068642\n|move|p2a: Whimsicott|Defog|p1a: super hornio bros\n|-hint|Since gen 7, Dark is immune to Prankster moves.\n|-immune|p1a: super hornio bros\n|move|p1a: super hornio bros|Spite|p2a: Whimsicott\n|-activate|p2a: Whimsicott|move: Spite|Defog|4\n|\n|-sideend|p2: tothemaxmichael|move: Light Screen\n|-sideend|p2: tothemaxmichael|move: Tailwind\n|upkeep\n|turn|19\n|\n|t:|1700068648\n|move|p2a: Whimsicott|Light Screen|p2a: Whimsicott\n|-sidestart|p2: tothemaxmichael|move: Light Screen\n|move|p1a: super hornio bros|Iron Defense|p1a: super hornio bros\n|-boost|p1a: super hornio bros|def|0\n|\n|upkeep\n|turn|20\n|\n|t:|1700068653\n|move|p2a: Whimsicott|Tailwind|p2a: Whimsicott\n|-sidestart|p2: tothemaxmichael|move: Tailwind\n|move|p1a: super hornio bros|Iron Defense|p1a: super hornio bros\n|-boost|p1a: super hornio bros|def|0\n|\n|upkeep\n|turn|21\n|c|\u2606tothemaxmichael|release me!!!\n|c|\u2606squawkazone \u269d\u5f61|magic word?\n|\n|t:|1700068667\n|move|p2a: Whimsicott|Leech Seed|p1a: super hornio bros\n|-hint|Since gen 7, Dark is immune to Prankster moves.\n|-immune|p1a: super hornio bros\n|move|p1a: super hornio bros|Iron Defense|p1a: super hornio bros\n|-boost|p1a: super hornio bros|def|0\n|\n|upkeep\n|turn|22\n|\n|t:|1700068673\n|move|p2a: Whimsicott|Leech Seed|p1a: super hornio bros\n|-hint|Since gen 7, Dark is immune to Prankster moves.\n|-immune|p1a: super hornio bros\n|move|p1a: super hornio bros|Spite|p2a: Whimsicott\n|-activate|p2a: Whimsicott|move: Spite|Leech Seed|4\n|\n|upkeep\n|turn|23\n|\n|t:|1700068679\n|move|p2a: Whimsicott|Light Screen||[still]\n|-fail|p2a: Whimsicott\n|move|p1a: super hornio bros|Iron Defense|p1a: super hornio bros\n|-boost|p1a: super hornio bros|def|0\n|\n|-sideend|p2: tothemaxmichael|move: Tailwind\n|upkeep\n|turn|24\n|\n|t:|1700068685\n|move|p2a: Whimsicott|Tailwind|p2a: Whimsicott\n|-sidestart|p2: tothemaxmichael|move: Tailwind\n|move|p1a: super hornio bros|Iron Defense|p1a: super hornio bros\n|-boost|p1a: super hornio bros|def|0\n|\n|upkeep\n|turn|25\n|\n|t:|1700068696\n|move|p2a: Whimsicott|Defog|p1a: super hornio bros\n|-hint|Since gen 7, Dark is immune to Prankster moves.\n|-immune|p1a: super hornio bros\n|move|p1a: super hornio bros|Iron Defense|p1a: super hornio bros\n|-boost|p1a: super hornio bros|def|0\n|\n|upkeep\n|turn|26\n|\n|t:|1700068702\n|move|p2a: Whimsicott|Defog|p1a: super hornio bros\n|-hint|Since gen 7, Dark is immune to Prankster moves.\n|-immune|p1a: super hornio bros\n|move|p1a: super hornio bros|Iron Defense|p1a: super hornio bros\n|-boost|p1a: super hornio bros|def|0\n|\n|-sideend|p2: tothemaxmichael|move: Light Screen\n|upkeep\n|turn|27\n|\n|t:|1700068709\n|move|p2a: Whimsicott|Light Screen|p2a: Whimsicott\n|-sidestart|p2: tothemaxmichael|move: Light Screen\n|move|p1a: super hornio bros|Iron Defense|p1a: super hornio bros\n|-boost|p1a: super hornio bros|def|0\n|\n|-sideend|p2: tothemaxmichael|move: Tailwind\n|upkeep\n|turn|28\n|\n|t:|1700068714\n|move|p2a: Whimsicott|Tailwind|p2a: Whimsicott\n|-sidestart|p2: tothemaxmichael|move: Tailwind\n|move|p1a: super hornio bros|Iron Defense|p1a: super hornio bros\n|-boost|p1a: super hornio bros|def|0\n|\n|upkeep\n|turn|29\n|\n|t:|1700068722\n|move|p2a: Whimsicott|Tailwind||[still]\n|-fail|p2a: Whimsicott\n|move|p1a: super hornio bros|Iron Defense|p1a: super hornio bros\n|-boost|p1a: super hornio bros|def|0\n|\n|upkeep\n|turn|30\n|\n|t:|1700068726\n|move|p2a: Whimsicott|Tailwind||[still]\n|-fail|p2a: Whimsicott\n|move|p1a: super hornio bros|Iron Defense|p1a: super hornio bros\n|-boost|p1a: super hornio bros|def|0\n|\n|upkeep\n|turn|31\n|\n|t:|1700068734\n|move|p2a: Whimsicott|Tailwind||[still]\n|-fail|p2a: Whimsicott\n|move|p1a: super hornio bros|Iron Defense|p1a: super hornio bros\n|-boost|p1a: super hornio bros|def|0\n|\n|-sideend|p2: tothemaxmichael|move: Tailwind\n|upkeep\n|turn|32\n|\n|t:|1700068746\n|move|p2a: Whimsicott|Leech Seed|p1a: super hornio bros\n|-hint|Since gen 7, Dark is immune to Prankster moves.\n|-immune|p1a: super hornio bros\n|move|p1a: super hornio bros|Iron Defense|p1a: super hornio bros\n|-boost|p1a: super hornio bros|def|0\n|\n|upkeep\n|turn|33\n|\n|t:|1700068756\n|move|p2a: Whimsicott|Leech Seed|p1a: super hornio bros\n|-hint|Since gen 7, Dark is immune to Prankster moves.\n|-immune|p1a: super hornio bros\n|move|p1a: super hornio bros|Iron Defense|p1a: super hornio bros\n|-boost|p1a: super hornio bros|def|0\n|\n|upkeep\n|turn|34\n|\n|t:|1700068775\n|move|p2a: Whimsicott|Tailwind|p2a: Whimsicott\n|-sidestart|p2: tothemaxmichael|move: Tailwind\n|move|p1a: super hornio bros|Iron Defense|p1a: super hornio bros\n|-boost|p1a: super hornio bros|def|0\n|\n|-sideend|p2: tothemaxmichael|move: Light Screen\n|upkeep\n|turn|35\n|\n|t:|1700068780\n|move|p2a: Whimsicott|Light Screen|p2a: Whimsicott\n|-sidestart|p2: tothemaxmichael|move: Light Screen\n|move|p1a: super hornio bros|Spite|p2a: Whimsicott\n|-activate|p2a: Whimsicott|move: Spite|Light Screen|4\n|\n|upkeep\n|turn|36\n|\n|t:|1700068787\n|move|p2a: Whimsicott|Defog|p1a: super hornio bros\n|-hint|Since gen 7, Dark is immune to Prankster moves.\n|-immune|p1a: super hornio bros\n|move|p1a: super hornio bros|Spite|p2a: Whimsicott\n|-activate|p2a: Whimsicott|move: Spite|Defog|4\n|\n|upkeep\n|turn|37\n|\n|t:|1700068796\n|move|p2a: Whimsicott|Light Screen||[still]\n|-fail|p2a: Whimsicott\n|move|p1a: super hornio bros|Spite|p2a: Whimsicott\n|-activate|p2a: Whimsicott|move: Spite|Light Screen|4\n|\n|-sideend|p2: tothemaxmichael|move: Tailwind\n|upkeep\n|turn|38\n|\n|t:|1700068803\n|move|p2a: Whimsicott|Light Screen||[still]\n|-fail|p2a: Whimsicott\n|move|p1a: super hornio bros|Spite||[still]\n|-fail|p1a: super hornio bros\n|\n|upkeep\n|turn|39\n|\n|t:|1700068811\n|move|p2a: Whimsicott|Tailwind|p2a: Whimsicott\n|-sidestart|p2: tothemaxmichael|move: Tailwind\n|move|p1a: super hornio bros|Spite|p2a: Whimsicott\n|-activate|p2a: Whimsicott|move: Spite|Tailwind|4\n|\n|upkeep\n|turn|40\n|\n|t:|1700068816\n|move|p2a: Whimsicott|Tailwind||[still]\n|-fail|p2a: Whimsicott\n|move|p1a: super hornio bros|Spite|p2a: Whimsicott\n|-activate|p2a: Whimsicott|move: Spite|Tailwind|4\n|\n|upkeep\n|turn|41\n|\n|t:|1700068826\n|switch|p1a: Salamence|Salamence, F, shiny|100\/100\n|-ability|p1a: Salamence|Intimidate|boost\n|-unboost|p2a: Whimsicott|atk|1\n|-activate|p2a: Whimsicott|move: Struggle\n|move|p2a: Whimsicott|Struggle|p1a: Salamence\n|-damage|p1a: Salamence|94\/100\n|-damage|p2a: Whimsicott|75\/100|[from] recoil\n|\n|upkeep\n|turn|42\n|\n|t:|1700068840\n|detailschange|p1a: Salamence|Salamence-Mega, F, shiny\n|-mega|p1a: Salamence|Salamence|Salamencite\n|-activate|p2a: Whimsicott|move: Struggle\n|move|p2a: Whimsicott|Struggle|p1a: Salamence\n|-damage|p1a: Salamence|91\/100\n|-damage|p2a: Whimsicott|50\/100|[from] recoil\n|move|p1a: Salamence|Dragon Dance|p1a: Salamence\n|-boost|p1a: Salamence|atk|1\n|-boost|p1a: Salamence|spe|1\n|\n|-sideend|p2: tothemaxmichael|move: Light Screen\n|-sideend|p2: tothemaxmichael|move: Tailwind\n|upkeep\n|turn|43\n|\n|t:|1700068850\n|move|p1a: Salamence|Dragon Dance|p1a: Salamence\n|-boost|p1a: Salamence|atk|1\n|-boost|p1a: Salamence|spe|1\n|-activate|p2a: Whimsicott|move: Struggle\n|move|p2a: Whimsicott|Struggle|p1a: Salamence\n|-damage|p1a: Salamence|87\/100\n|-damage|p2a: Whimsicott|25\/100|[from] recoil\n|\n|upkeep\n|turn|44\n|\n|t:|1700068858\n|switch|p2a: Torkoal|Torkoal, M|100\/100\n|-weather|SunnyDay|[from] ability: Drought|[of] p2a: Torkoal\n|move|p1a: Salamence|Dragon Dance|p1a: Salamence\n|-boost|p1a: Salamence|atk|1\n|-boost|p1a: Salamence|spe|1\n|\n|-weather|SunnyDay|[upkeep]\n|upkeep\n|turn|45\n|\n|t:|1700068869\n|move|p1a: Salamence|Earthquake|p2a: Torkoal\n|-supereffective|p2a: Torkoal\n|-damage|p2a: Torkoal|0 fnt\n|faint|p2a: Torkoal\n|\n|-weather|SunnyDay|[upkeep]\n|upkeep\n|\n|t:|1700068880\n|switch|p2a: Vileplume|Vileplume, M|100\/100\n|turn|46\n|\n|t:|1700068883\n|move|p1a: Salamence|Facade|p2a: Vileplume\n|-supereffective|p2a: Vileplume\n|-damage|p2a: Vileplume|0 fnt\n|faint|p2a: Vileplume\n|\n|-weather|SunnyDay|[upkeep]\n|upkeep\n|\n|t:|1700068889\n|switch|p2a: Ninetales|Ninetales, F|100\/100\n|turn|47\n|\n|t:|1700068894\n|move|p1a: Salamence|Facade|p2a: Ninetales\n|-damage|p2a: Ninetales|0 fnt\n|faint|p2a: Ninetales\n|\n|-weather|SunnyDay|[upkeep]\n|upkeep\n|\n|t:|1700068898\n|switch|p2a: Whimsicott|Whimsicott, M|25\/100\n|turn|48\n|\n|t:|1700068907\n|move|p1a: Salamence|Earthquake|p2a: Whimsicott\n|-resisted|p2a: Whimsicott\n|-damage|p2a: Whimsicott|0 fnt\n|faint|p2a: Whimsicott\n|\n|-weather|SunnyDay|[upkeep]\n|upkeep\n|\n|t:|1700068916\n|switch|p2a: Sceptile|Sceptile, F|100\/100\n|turn|49\n|\n|t:|1700068920\n|detailschange|p2a: Sceptile|Sceptile-Mega, F\n|-mega|p2a: Sceptile|Sceptile|Sceptilite\n|move|p1a: Salamence|Facade|p2a: Sceptile\n|-supereffective|p2a: Sceptile\n|-damage|p2a: Sceptile|0 fnt\n|faint|p2a: Sceptile\n|\n|-weather|SunnyDay|[upkeep]\n|upkeep\n|\n|t:|1700068926\n|switch|p2a: Walking Wake|Walking Wake|100\/100\n|-activate|p2a: Walking Wake|ability: Protosynthesis\n|-start|p2a: Walking Wake|protosynthesisspa\n|turn|50\n|\n|t:|1700068931\n|move|p2a: Walking Wake|Aqua Jet|p1a: Salamence\n|-resisted|p1a: Salamence\n|-damage|p1a: Salamence|84\/100\n|move|p1a: Salamence|Facade|p2a: Walking Wake\n|-damage|p2a: Walking Wake|0 fnt\n|faint|p2a: Walking Wake\n|-end|p2a: Walking Wake|Protosynthesis|[silent]\n|\n|win|squawkazone \u269d\u5f61\n|raw|squawkazone \u269d\u5f61's rating: 1106 &rarr; <strong>1135<\/strong><br \/>(+29 for winning)\n|raw|tothemaxmichael's rating: 1160 &rarr; <strong>1131<\/strong><br \/>(-29 for losing)\n|c|\u2606squawkazone \u269d\u5f61|gee gee\n|c|\u2606tothemaxmichael|gg!!\n","uploadtime":1700068944,"views":8,"p1id":"squawkazone","p2id":"tothemaxmichael","formatid":"gen9nationaldexubers","rating":1131,"private":0,"password":""}