{"id":"gen9nationaldexubers-1996888400","p1":"SyntaxError614","p2":"ankoromoti125","format":"[Gen 9] National Dex Ubers","log":"|j|\u2606SyntaxError614\n|j|\u2606ankoromoti125\n|t:|1700740658\n|gametype|singles\n|player|p1|SyntaxError614|proton|1171\n|player|p2|ankoromoti125|lyra|1059\n|teamsize|p1|6\n|teamsize|p2|6\n|gen|9\n|tier|[Gen 9] National Dex Ubers\n|rated|\n|rule|HP Percentage Mod: HP is shown in percentages\n|rule|Endless Battle Clause: Forcing endless battles is banned\n|rule|OHKO Clause: OHKO moves are banned\n|rule|Evasion Moves Clause: Evasion moves are banned\n|rule|Evasion Items Clause: Evasion items are banned\n|rule|Species Clause: Limit one of each Pok\u00e9mon\n|rule|Sleep Clause Mod: Limit one foe put to sleep\n|rule|Mega Rayquaza Clause: You cannot mega evolve Rayquaza\n|clearpoke\n|poke|p1|Deoxys-Speed|\n|poke|p1|Blastoise, M|\n|poke|p1|Ferrothorn, F|\n|poke|p1|Greninja-*, F|\n|poke|p1|Darmanitan-Galar, M|\n|poke|p1|Kingambit, F|\n|poke|p2|Sharpedo, M|\n|poke|p2|Aron, L1, F|\n|poke|p2|Tyranitar, F|\n|poke|p2|Togedemaru, L1, M|\n|poke|p2|Torchic, F|\n|poke|p2|Taillow, L1, M|\n|teampreview\n|inactive|Battle timer is ON: inactive players will automatically lose when time's up. (requested by ankoromoti125)\n|c|\u2606SyntaxError614|FEAR\n|\n|t:|1700740683\n|start\n|switch|p1a: Deoxys|Deoxys-Speed|100\/100\n|switch|p2a: Taillow|Taillow, L1, M, shiny|100\/100\n|-ability|p1a: Deoxys|Pressure\n|turn|1\n|c|\u2606SyntaxError614|shver me timber\n|\n|t:|1700740695\n|move|p1a: Deoxys|Taunt|p2a: Taillow\n|-start|p2a: Taillow|move: Taunt\n|move|p2a: Taillow|Endeavor|p1a: Deoxys\n|-damage|p1a: Deoxys|4\/100\n|\n|upkeep\n|turn|2\n|\n|t:|1700740704\n|switch|p1a: Kingambit|Kingambit, F|100\/100\n|move|p2a: Taillow|Quick Attack|p1a: Kingambit\n|-resisted|p1a: Kingambit\n|-damage|p1a: Kingambit|99\/100\n|\n|upkeep\n|turn|3\n|\n|t:|1700740713\n|move|p1a: Kingambit|Sucker Punch|p2a: Taillow\n|-enditem|p2a: Taillow|Focus Sash\n|-damage|p2a: Taillow|10\/100\n|move|p2a: Taillow|Endeavor|p1a: Kingambit\n|-damage|p1a: Kingambit|1\/100\n|\n|-end|p2a: Taillow|move: Taunt\n|upkeep\n|turn|4\n|\n|t:|1700740724\n|move|p1a: Kingambit|Sucker Punch|p2a: Taillow\n|-damage|p2a: Taillow|0 fnt\n|faint|p2a: Taillow\n|\n|upkeep\n|\n|t:|1700740741\n|switch|p2a: Tyranitar|Tyranitar, F|100\/100\n|-weather|Sandstorm|[from] ability: Sand Stream|[of] p2a: Tyranitar\n|turn|5\n|\n|t:|1700740746\n|move|p2a: Tyranitar|Stealth Rock|p1a: Kingambit\n|-sidestart|p1: SyntaxError614|move: Stealth Rock\n|move|p1a: Kingambit|Iron Head|p2a: Tyranitar\n|-supereffective|p2a: Tyranitar\n|-damage|p2a: Tyranitar|5\/100\n|-enditem|p2a: Tyranitar|Eject Button\n|\n|t:|1700740753\n|switch|p2a: Aron|Aron, L1, F, shiny|100\/100\n|\n|-weather|Sandstorm|[upkeep]\n|upkeep\n|turn|6\n|\n|t:|1700740760\n|move|p1a: Kingambit|Sucker Punch||[still]\n|-fail|p1a: Kingambit\n|move|p2a: Aron|Toxic|p1a: Kingambit\n|-immune|p1a: Kingambit\n|\n|-weather|Sandstorm|[upkeep]\n|upkeep\n|turn|7\n|\n|t:|1700740773\n|move|p1a: Kingambit|Sucker Punch|p2a: Aron\n|-ability|p2a: Aron|Sturdy\n|-damage|p2a: Aron|9\/100\n|move|p2a: Aron|Metal Burst|p1a: Kingambit\n|-damage|p1a: Kingambit|0 fnt\n|faint|p1a: Kingambit\n|-end|p1a: Kingambit|fallenundefined|[silent]\n|-heal|p2a: Aron|17\/100|[from] item: Shell Bell|[of] p1: Kingambit\n|\n|-weather|Sandstorm|[upkeep]\n|upkeep\n|\n|t:|1700740800\n|switch|p1a: Greninja|Greninja, F|100\/100\n|-damage|p1a: Greninja|88\/100|[from] Stealth Rock\n|turn|8\n|\n|t:|1700740806\n|move|p1a: Greninja|U-turn|p2a: Aron\n|-start|p1a: Greninja|typechange|Bug|[from] ability: Protean\n|-resisted|p2a: Aron\n|-damage|p2a: Aron|0 fnt\n|faint|p2a: Aron\n|\n|t:|1700740811\n|switch|p1a: Ferrothorn|Ferrothorn, F|100\/100|[from] U-turn\n|-damage|p1a: Ferrothorn|94\/100|[from] Stealth Rock\n|\n|-weather|Sandstorm|[upkeep]\n|-heal|p1a: Ferrothorn|100\/100|[from] item: Leftovers\n|upkeep\n|\n|t:|1700740821\n|switch|p2a: Togedemaru|Togedemaru, L1, M, shiny|100\/100\n|turn|9\n|\n|t:|1700740829\n|move|p2a: Togedemaru|Spiky Shield|p2a: Togedemaru\n|-singleturn|p2a: Togedemaru|move: Protect\n|move|p1a: Ferrothorn|Leech Seed|p2a: Togedemaru\n|-activate|p2a: Togedemaru|move: Protect\n|\n|-weather|none\n|upkeep\n|turn|10\n|\n|t:|1700740852\n|move|p1a: Ferrothorn|Substitute|p1a: Ferrothorn\n|-start|p1a: Ferrothorn|Substitute\n|-damage|p1a: Ferrothorn|76\/100\n|move|p2a: Togedemaru|Endeavor|p1a: Ferrothorn\n|-end|p1a: Ferrothorn|Substitute\n|\n|-heal|p1a: Ferrothorn|82\/100|[from] item: Leftovers\n|upkeep\n|turn|11\n|\n|t:|1700740869\n|move|p1a: Ferrothorn|Leech Seed|p2a: Togedemaru\n|-start|p2a: Togedemaru|move: Leech Seed\n|move|p2a: Togedemaru|Endeavor|p1a: Ferrothorn\n|-damage|p1a: Ferrothorn|5\/100\n|-damage|p2a: Togedemaru|92\/100|[from] ability: Iron Barbs|[of] p1a: Ferrothorn\n|-heal|p2a: Togedemaru|100\/100|[from] item: Shell Bell|[of] p1a: Ferrothorn\n|\n|-heal|p1a: Ferrothorn|11\/100|[from] item: Leftovers\n|-damage|p2a: Togedemaru|92\/100|[from] Leech Seed|[of] p1a: Ferrothorn\n|-heal|p1a: Ferrothorn|11\/100|[silent]\n|upkeep\n|turn|12\n|\n|t:|1700740883\n|switch|p1a: Deoxys|Deoxys-Speed|4\/100\n|-damage|p1a: Deoxys|0 fnt|[from] Stealth Rock\n|faint|p1a: Deoxys\n|move|p2a: Togedemaru|Encore|p1: Deoxys|[notarget]\n|-fail|p2a: Togedemaru\n|\n|upkeep\n|\n|t:|1700740887\n|switch|p1a: Blastoise|Blastoise, M|100\/100\n|-damage|p1a: Blastoise|88\/100|[from] Stealth Rock\n|turn|13\n|\n|t:|1700740895\n|move|p1a: Blastoise|Aura Sphere|p2a: Togedemaru\n|-supereffective|p2a: Togedemaru\n|-damage|p2a: Togedemaru|0 fnt\n|faint|p2a: Togedemaru\n|\n|upkeep\n|\n|t:|1700740903\n|switch|p2a: Tyranitar|Tyranitar, F|5\/100\n|-weather|Sandstorm|[from] ability: Sand Stream|[of] p2a: Tyranitar\n|turn|14\n|\n|t:|1700740913\n|move|p1a: Blastoise|Shell Smash|p1a: Blastoise\n|-unboost|p1a: Blastoise|def|1\n|-unboost|p1a: Blastoise|spd|1\n|-boost|p1a: Blastoise|atk|2\n|-boost|p1a: Blastoise|spa|2\n|-boost|p1a: Blastoise|spe|2\n|move|p2a: Tyranitar|Dragon Tail|p1a: Blastoise|[miss]\n|-miss|p2a: Tyranitar|p1a: Blastoise\n|\n|-weather|Sandstorm|[upkeep]\n|-damage|p1a: Blastoise|82\/100|[from] Sandstorm\n|upkeep\n|turn|15\n|\n|t:|1700740925\n|move|p1a: Blastoise|Aura Sphere|p2a: Tyranitar\n|-supereffective|p2a: Tyranitar\n|-damage|p2a: Tyranitar|0 fnt\n|faint|p2a: Tyranitar\n|\n|-weather|Sandstorm|[upkeep]\n|-damage|p1a: Blastoise|76\/100|[from] Sandstorm\n|upkeep\n|\n|t:|1700740938\n|switch|p2a: Sharpedo|Sharpedo, M, shiny|100\/100\n|turn|16\n|\n|t:|1700740942\n|detailschange|p1a: Blastoise|Blastoise-Mega, M\n|-mega|p1a: Blastoise|Blastoise|Blastoisinite\n|move|p1a: Blastoise|Aura Sphere|p2a: Sharpedo\n|-supereffective|p2a: Sharpedo\n|-enditem|p2a: Sharpedo|Focus Sash\n|-damage|p2a: Sharpedo|1\/100\n|move|p2a: Sharpedo|Destiny Bond|p2a: Sharpedo\n|-singlemove|p2a: Sharpedo|Destiny Bond\n|\n|-weather|Sandstorm|[upkeep]\n|-damage|p1a: Blastoise|70\/100|[from] Sandstorm\n|-damage|p2a: Sharpedo|0 fnt|[from] Sandstorm\n|faint|p2a: Sharpedo\n|upkeep\n|\n|t:|1700740955\n|switch|p2a: Torchic|Torchic, F, shiny|100\/100\n|turn|17\n|-message|ankoromoti125 forfeited.\n|\n|win|SyntaxError614\n|raw|SyntaxError614's rating: 1171 &rarr; <strong>1188<\/strong><br \/>(+17 for winning)\n|raw|ankoromoti125's rating: 1059 &rarr; <strong>1046<\/strong><br \/>(-13 for losing)\n|l|\u2606ankoromoti125\n","uploadtime":1700740966,"views":2,"p1id":"syntaxerror614","p2id":"ankoromoti125","formatid":"gen9nationaldexubers","rating":1046,"private":0,"password":""}