{"id":"gen9nationaldexubers-1988233336","p1":"djkslaf","p2":"0huhuhu","format":"[Gen 9] National Dex Ubers","log":"|j|\u2606djkslaf\n|j|\u26060huhuhu\n|t:|1699690697\n|gametype|singles\n|player|p1|djkslaf|lyra|1327\n|player|p2|0huhuhu|102|1238\n|teamsize|p1|6\n|teamsize|p2|6\n|gen|9\n|tier|[Gen 9] National Dex Ubers\n|rated|\n|rule|HP Percentage Mod: HP is shown in percentages\n|rule|Endless Battle Clause: Forcing endless battles is banned\n|rule|OHKO Clause: OHKO moves are banned\n|rule|Evasion Moves Clause: Evasion moves are banned\n|rule|Evasion Items Clause: Evasion items are banned\n|rule|Species Clause: Limit one of each Pok\u00e9mon\n|rule|Sleep Clause Mod: Limit one foe put to sleep\n|rule|Mega Rayquaza Clause: You cannot mega evolve Rayquaza\n|clearpoke\n|poke|p1|Necrozma-Dusk-Mane|\n|poke|p1|Groudon|\n|poke|p1|Ditto|\n|poke|p1|Yveltal|\n|poke|p1|Arceus-Ground|\n|poke|p1|Ho-Oh|\n|poke|p2|Groudon|\n|poke|p2|Arceus|\n|poke|p2|Yveltal|\n|poke|p2|Kingambit, F|\n|poke|p2|Giratina|\n|poke|p2|Zygarde|\n|teampreview\n|inactive|Battle timer is ON: inactive players will automatically lose when time's up. (requested by 0huhuhu)\n|\n|t:|1699690707\n|start\n|switch|p1a: Devicenotready|Groudon|100\/100\n|switch|p2a: Groudon|Groudon|100\/100\n|detailschange|p1a: Devicenotready|Groudon-Primal\n|-primal|p1a: Devicenotready|Red Orb\n|-weather|DesolateLand|[from] ability: Desolate Land|[of] p1a: Devicenotready\n|detailschange|p2a: Groudon|Groudon-Primal\n|-primal|p2a: Groudon|Red Orb\n|turn|1\n|\n|t:|1699690722\n|switch|p1a: Outofmemory|Ho-Oh|100\/100\n|-weather|none\n|switch|p2a: Zygarde|Zygarde|100\/100\n|\n|upkeep\n|turn|2\n|\n|t:|1699690733\n|move|p2a: Zygarde|Substitute|p2a: Zygarde\n|-start|p2a: Zygarde|Substitute\n|-damage|p2a: Zygarde|75\/100\n|move|p1a: Outofmemory|Toxic||[still]\n|-fail|p1a: Outofmemory\n|\n|-heal|p2a: Zygarde|82\/100|[from] item: Leftovers\n|upkeep\n|turn|3\n|\n|t:|1699690745\n|move|p2a: Zygarde|Glare|p1a: Outofmemory\n|-status|p1a: Outofmemory|par\n|move|p1a: Outofmemory|Whirlwind|p2a: Zygarde\n|drag|p2a: Kingambit|Kingambit, F|100\/100\n|\n|upkeep\n|turn|4\n|\n|t:|1699690770\n|-end|p2a: Kingambit|fallenundefined|[silent]\n|switch|p2a: Groudon|Groudon-Primal|100\/100\n|-weather|DesolateLand|[from] ability: Desolate Land|[of] p2a: Groudon\n|switch|p1a: LowDiskSpace|Arceus-Ground|100\/100\n|\n|-weather|DesolateLand|[upkeep]\n|upkeep\n|turn|5\n|\n|t:|1699690782\n|-weather|none\n|switch|p2a: Giratina|Giratina|100\/100\n|-ability|p2a: Giratina|Pressure\n|move|p1a: LowDiskSpace|Judgment|p2a: Giratina\n|-damage|p2a: Giratina|78\/100\n|\n|-heal|p2a: Giratina|84\/100|[from] item: Leftovers\n|upkeep\n|turn|6\n|inactive|djkslaf has 120 seconds left.\n|\n|t:|1699690803\n|switch|p1a: Filenotfound|Yveltal|100\/100\n|-ability|p1a: Filenotfound|Dark Aura\n|move|p2a: Giratina|Toxic|p1a: Filenotfound\n|-status|p1a: Filenotfound|tox\n|\n|-heal|p2a: Giratina|90\/100|[from] item: Leftovers\n|-damage|p1a: Filenotfound|94\/100 tox|[from] psn\n|upkeep\n|turn|7\n|inactive|djkslaf has 120 seconds left.\n|\n|t:|1699690823\n|move|p2a: Giratina|Protect|p2a: Giratina\n|-singleturn|p2a: Giratina|Protect\n|move|p1a: Filenotfound|Sucker Punch||[still]\n|-fail|p1a: Filenotfound\n|\n|-heal|p2a: Giratina|96\/100|[from] item: Leftovers\n|-damage|p1a: Filenotfound|82\/100 tox|[from] psn\n|upkeep\n|turn|8\n|\n|t:|1699690848\n|switch|p2a: Arceus|Arceus|100\/100\n|move|p1a: Filenotfound|Dark Pulse|p2a: Arceus\n|-damage|p2a: Arceus|70\/100\n|\n|-heal|p2a: Arceus|76\/100|[from] item: Leftovers\n|-damage|p1a: Filenotfound|64\/100 tox|[from] psn\n|upkeep\n|turn|9\n|\n|t:|1699690864\n|switch|p2a: Kingambit|Kingambit, F|100\/100\n|switch|p1a: DiskBootFailure|Ditto|100\/100\n|-transform|p1a: DiskBootFailure|p2a: Kingambit|[from] ability: Imposter\n|\n|upkeep\n|turn|10\n|\n|t:|1699690884\n|-terastallize|p2a: Kingambit|Dark\n|move|p1a: DiskBootFailure|Low Kick|p2a: Kingambit\n|-supereffective|p2a: Kingambit\n|-damage|p2a: Kingambit|48\/100\n|move|p2a: Kingambit|Low Kick|p1a: DiskBootFailure\n|-supereffective|p1a: DiskBootFailure\n|-damage|p1a: DiskBootFailure|0 fnt\n|faint|p1a: DiskBootFailure\n|-end|p1a: DiskBootFailure|fallenundefined|[silent]\n|\n|upkeep\n|\n|t:|1699690900\n|switch|p1a: Devicenotready|Groudon-Primal|100\/100\n|-weather|DesolateLand|[from] ability: Desolate Land|[of] p1a: Devicenotready\n|turn|11\n|\n|t:|1699690908\n|-end|p2a: Kingambit|fallenundefined|[silent]\n|switch|p2a: Zygarde|Zygarde|82\/100\n|move|p1a: Devicenotready|Stealth Rock|p2a: Zygarde\n|-sidestart|p2: 0huhuhu|move: Stealth Rock\n|\n|-weather|DesolateLand|[upkeep]\n|-heal|p2a: Zygarde|88\/100|[from] item: Leftovers\n|upkeep\n|turn|12\n|\n|t:|1699690923\n|-weather|none\n|switch|p1a: LowDiskSpace|Arceus-Ground|100\/100\n|move|p2a: Zygarde|Glare|p1a: LowDiskSpace\n|-status|p1a: LowDiskSpace|par\n|\n|-heal|p2a: Zygarde|94\/100|[from] item: Leftovers\n|upkeep\n|turn|13\n|\n|t:|1699690934\n|move|p2a: Zygarde|Substitute|p2a: Zygarde\n|-start|p2a: Zygarde|Substitute\n|-damage|p2a: Zygarde|69\/100\n|move|p1a: LowDiskSpace|Dragon Dance|p1a: LowDiskSpace\n|-boost|p1a: LowDiskSpace|atk|1\n|-boost|p1a: LowDiskSpace|spe|1\n|\n|-heal|p2a: Zygarde|75\/100|[from] item: Leftovers\n|upkeep\n|turn|14\n|\n|t:|1699690944\n|move|p2a: Zygarde|Coil|p2a: Zygarde\n|-boost|p2a: Zygarde|atk|1\n|-boost|p2a: Zygarde|def|1\n|-boost|p2a: Zygarde|accuracy|1\n|move|p1a: LowDiskSpace|Dragon Dance|p1a: LowDiskSpace\n|-boost|p1a: LowDiskSpace|atk|1\n|-boost|p1a: LowDiskSpace|spe|1\n|\n|-heal|p2a: Zygarde|81\/100|[from] item: Leftovers\n|upkeep\n|turn|15\n|\n|t:|1699690954\n|move|p2a: Zygarde|Coil|p2a: Zygarde\n|-boost|p2a: Zygarde|atk|1\n|-boost|p2a: Zygarde|def|1\n|-boost|p2a: Zygarde|accuracy|1\n|move|p1a: LowDiskSpace|Judgment|p2a: Zygarde\n|-end|p2a: Zygarde|Substitute\n|\n|-heal|p2a: Zygarde|88\/100|[from] item: Leftovers\n|upkeep\n|turn|16\n|\n|t:|1699690966\n|move|p2a: Zygarde|Coil|p2a: Zygarde\n|-boost|p2a: Zygarde|atk|1\n|-boost|p2a: Zygarde|def|1\n|-boost|p2a: Zygarde|accuracy|1\n|move|p1a: LowDiskSpace|Judgment|p2a: Zygarde\n|-damage|p2a: Zygarde|48\/100\n|\n|-heal|p2a: Zygarde|54\/100|[from] item: Leftovers\n|upkeep\n|turn|17\n|\n|t:|1699690977\n|move|p2a: Zygarde|Coil|p2a: Zygarde\n|-boost|p2a: Zygarde|atk|1\n|-boost|p2a: Zygarde|def|1\n|-boost|p2a: Zygarde|accuracy|1\n|cant|p1a: LowDiskSpace|par\n|\n|-heal|p2a: Zygarde|60\/100|[from] item: Leftovers\n|upkeep\n|turn|18\n|\n|t:|1699690987\n|move|p2a: Zygarde|Coil|p2a: Zygarde\n|-boost|p2a: Zygarde|atk|1\n|-boost|p2a: Zygarde|def|1\n|-boost|p2a: Zygarde|accuracy|1\n|move|p1a: LowDiskSpace|Judgment|p2a: Zygarde\n|-damage|p2a: Zygarde|17\/100\n|\n|-heal|p2a: Zygarde|24\/100|[from] item: Leftovers\n|-activate|p2a: Zygarde|ability: Power Construct\n|detailschange|p2a: Zygarde|Zygarde-Complete\n|-heal|p2a: Zygarde|50\/100|[silent]\n|upkeep\n|turn|19\n|\n|t:|1699691010\n|cant|p1a: LowDiskSpace|par\n|move|p2a: Zygarde|Thousand Arrows|p1a: LowDiskSpace\n|-damage|p1a: LowDiskSpace|39\/100 par\n|\n|-heal|p2a: Zygarde|56\/100|[from] item: Leftovers\n|upkeep\n|turn|20\n|\n|t:|1699691019\n|move|p1a: LowDiskSpace|Judgment|p2a: Zygarde\n|-damage|p2a: Zygarde|30\/100\n|move|p2a: Zygarde|Substitute|p2a: Zygarde\n|-start|p2a: Zygarde|Substitute\n|-damage|p2a: Zygarde|5\/100\n|\n|-heal|p2a: Zygarde|12\/100|[from] item: Leftovers\n|upkeep\n|turn|21\n|\n|t:|1699691030\n|cant|p1a: LowDiskSpace|par\n|move|p2a: Zygarde|Thousand Arrows|p1a: LowDiskSpace\n|-damage|p1a: LowDiskSpace|0 fnt\n|faint|p1a: LowDiskSpace\n|\n|-heal|p2a: Zygarde|18\/100|[from] item: Leftovers\n|upkeep\n|\n|t:|1699691045\n|switch|p1a: Filenotfound|Yveltal|64\/100 tox\n|-ability|p1a: Filenotfound|Dark Aura\n|turn|22\n|\n|t:|1699691058\n|move|p2a: Zygarde|Thousand Arrows|p1a: Filenotfound\n|-damage|p1a: Filenotfound|7\/100 tox\n|-start|p1a: Filenotfound|Smack Down\n|move|p1a: Filenotfound|Oblivion Wing|p2a: Zygarde\n|-activate|p2a: Zygarde|move: Substitute|[damage]\n|-heal|p1a: Filenotfound|25\/100 tox|[from] drain|[of] p2a: Zygarde\n|\n|-heal|p2a: Zygarde|24\/100|[from] item: Leftovers\n|-damage|p1a: Filenotfound|19\/100 tox|[from] psn\n|upkeep\n|turn|23\n|inactive|djkslaf has 90 seconds left.\n|\n|t:|1699691074\n|move|p1a: Filenotfound|Sucker Punch|p2a: Zygarde\n|-activate|p2a: Zygarde|move: Substitute|[damage]\n|move|p2a: Zygarde|Thousand Arrows|p1a: Filenotfound\n|-crit|p1a: Filenotfound\n|-damage|p1a: Filenotfound|0 fnt\n|faint|p1a: Filenotfound\n|\n|-heal|p2a: Zygarde|30\/100|[from] item: Leftovers\n|upkeep\n|inactive|djkslaf has 90 seconds left.\n|\n|t:|1699691090\n|switch|p1a: Accessdenied|Necrozma-Dusk-Mane|100\/100\n|turn|24\n|\n|t:|1699691098\n|move|p2a: Zygarde|Thousand Arrows|p1a: Accessdenied\n|-supereffective|p1a: Accessdenied\n|-damage|p1a: Accessdenied|14\/100\n|move|p1a: Accessdenied|Dragon Dance|p1a: Accessdenied\n|-boost|p1a: Accessdenied|atk|1\n|-boost|p1a: Accessdenied|spe|1\n|\n|-heal|p2a: Zygarde|36\/100|[from] item: Leftovers\n|upkeep\n|turn|25\n|inactive|djkslaf has 90 seconds left.\n|\n|t:|1699691118\n|move|p2a: Zygarde|Thousand Arrows|p1a: Accessdenied\n|-supereffective|p1a: Accessdenied\n|-damage|p1a: Accessdenied|0 fnt\n|faint|p1a: Accessdenied\n|\n|-heal|p2a: Zygarde|42\/100|[from] item: Leftovers\n|upkeep\n|\n|t:|1699691128\n|switch|p1a: Devicenotready|Groudon-Primal|100\/100\n|-weather|DesolateLand|[from] ability: Desolate Land|[of] p1a: Devicenotready\n|turn|26\n|\n|t:|1699691136\n|move|p2a: Zygarde|Thousand Arrows|p1a: Devicenotready\n|-supereffective|p1a: Devicenotready\n|-damage|p1a: Devicenotready|0 fnt\n|faint|p1a: Devicenotready\n|-weather|none\n|\n|-heal|p2a: Zygarde|48\/100|[from] item: Leftovers\n|upkeep\n|\n|t:|1699691143\n|switch|p1a: Outofmemory|Ho-Oh|100\/100 par\n|turn|27\n|\n|t:|1699691148\n|move|p2a: Zygarde|Thousand Arrows|p1a: Outofmemory\n|-damage|p1a: Outofmemory|14\/100 par\n|-start|p1a: Outofmemory|Smack Down\n|move|p1a: Outofmemory|Whirlwind|p2a: Zygarde\n|drag|p2a: Yveltal|Yveltal|100\/100\n|-damage|p2a: Yveltal|76\/100|[from] Stealth Rock\n|-ability|p2a: Yveltal|Dark Aura\n|\n|upkeep\n|turn|28\n|\n|t:|1699691162\n|move|p2a: Yveltal|Dark Pulse|p1a: Outofmemory\n|-damage|p1a: Outofmemory|0 fnt\n|faint|p1a: Outofmemory\n|\n|win|0huhuhu\n|raw|djkslaf's rating: 1327 &rarr; <strong>1302<\/strong><br \/>(-25 for losing)\n|raw|0huhuhu's rating: 1238 &rarr; <strong>1269<\/strong><br \/>(+31 for winning)\n|l|\u2606djkslaf\n","uploadtime":1699691174,"views":7,"p1id":"djkslaf","p2id":"0huhuhu","formatid":"gen9nationaldexubers","rating":1269,"private":0,"password":""}