{"id":"gen9nationaldexubers-1988620199","p1":"Dan07B","p2":"Mykewea","format":"[Gen 9] National Dex Ubers","log":"|j|\u2606Dan07B\n|j|\u2606Mykewea\n|t:|1699742787\n|gametype|singles\n|player|p1|Dan07B|pokemonranger-gen4|\n|player|p2|Mykewea|benga|\n|teamsize|p1|6\n|teamsize|p2|6\n|gen|9\n|tier|[Gen 9] National Dex Ubers\n|rule|HP Percentage Mod: HP is shown in percentages\n|rule|Endless Battle Clause: Forcing endless battles is banned\n|rule|OHKO Clause: OHKO moves are banned\n|rule|Evasion Moves Clause: Evasion moves are banned\n|rule|Evasion Items Clause: Evasion items are banned\n|rule|Species Clause: Limit one of each Pok\u00e9mon\n|rule|Sleep Clause Mod: Limit one foe put to sleep\n|rule|Mega Rayquaza Clause: You cannot mega evolve Rayquaza\n|clearpoke\n|poke|p1|Goodra-Hisui, F|\n|poke|p1|Gardevoir, F|\n|poke|p1|Dracovish|\n|poke|p1|Metagross|\n|poke|p1|Sirfetch\u2019d, F|\n|poke|p1|Comfey, F|\n|poke|p2|Dracovish|\n|poke|p2|Gigalith, F|\n|poke|p2|Dragapult, M|\n|poke|p2|Dragonite, F|\n|poke|p2|Salamence, M|\n|poke|p2|Baxcalibur, F|\n|teampreview\n|inactive|Battle timer is ON: inactive players will automatically lose when time's up. (requested by Mykewea)\n|\n|t:|1699742799\n|start\n|switch|p1a: Lion El'jonhson|Sirfetch\u2019d, F, shiny|100\/100\n|switch|p2a: Dragapult|Dragapult, M|100\/100\n|turn|1\n|j| Ds_Moon\n|\n|t:|1699742807\n|move|p2a: Dragapult|Reflect|p2a: Dragapult\n|-sidestart|p2: Mykewea|Reflect\n|move|p1a: Lion El'jonhson|Throat Chop|p2a: Dragapult\n|-supereffective|p2a: Dragapult\n|-damage|p2a: Dragapult|42\/100\n|-start|p2a: Dragapult|Throat Chop|[silent]\n|\n|upkeep\n|turn|2\n|\n|t:|1699742817\n|move|p2a: Dragapult|Dragon Darts|p1a: Lion El'jonhson\n|-damage|p1a: Lion El'jonhson|73\/100\n|-anim|p2a: Dragapult|Dragon Darts|p1a: Lion El'jonhson\n|-damage|p1a: Lion El'jonhson|44\/100\n|move|p1a: Lion El'jonhson|Throat Chop|p2a: Dragapult\n|-supereffective|p2a: Dragapult\n|-damage|p2a: Dragapult|0 fnt\n|faint|p2a: Dragapult\n|\n|upkeep\n|\n|t:|1699742827\n|switch|p2a: Gigalith|Gigalith, F, shiny|100\/100\n|-weather|Sandstorm|[from] ability: Sand Stream|[of] p2a: Gigalith\n|turn|3\n|\n|t:|1699742845\n|-terastallize|p2a: Gigalith|Dragon\n|move|p1a: Lion El'jonhson|Throat Chop|p2a: Gigalith\n|-damage|p2a: Gigalith|84\/100\n|-start|p2a: Gigalith|Throat Chop|[silent]\n|move|p2a: Gigalith|Stealth Rock|p1a: Lion El'jonhson\n|-sidestart|p1: Dan07B|move: Stealth Rock\n|\n|-weather|Sandstorm|[upkeep]\n|-damage|p1a: Lion El'jonhson|38\/100|[from] Sandstorm\n|-damage|p2a: Gigalith|78\/100|[from] Sandstorm\n|upkeep\n|turn|4\n|\n|t:|1699742864\n|switch|p1a: Jade|Goodra-Hisui, F, shiny|100\/100\n|-damage|p1a: Jade|94\/100|[from] Stealth Rock\n|move|p2a: Gigalith|Rock Blast|p1a: Jade\n|-resisted|p1a: Jade\n|-damage|p1a: Jade|89\/100\n|-resisted|p1a: Jade\n|-damage|p1a: Jade|82\/100\n|-resisted|p1a: Jade\n|-damage|p1a: Jade|76\/100\n|-hitcount|p1a: Jade|3\n|\n|-weather|Sandstorm|[upkeep]\n|-damage|p2a: Gigalith|72\/100|[from] Sandstorm\n|-end|p2a: Gigalith|Throat Chop|[silent]\n|upkeep\n|turn|5\n|\n|t:|1699742870\n|-terastallize|p1a: Jade|Fairy\n|move|p1a: Jade|Tera Blast|p2a: Gigalith|[anim] Tera Blast Fairy\n|-supereffective|p2a: Gigalith\n|-damage|p2a: Gigalith|0 fnt\n|faint|p2a: Gigalith\n|\n|-weather|Sandstorm|[upkeep]\n|-damage|p1a: Jade|70\/100|[from] Sandstorm\n|upkeep\n|\n|t:|1699742880\n|switch|p2a: Dracovish|Dracovish|100\/100\n|turn|6\n|\n|t:|1699742885\n|move|p2a: Dracovish|Fishious Rend|p1a: Jade\n|-damage|p1a: Jade|0 fnt\n|faint|p1a: Jade\n|\n|-weather|Sandstorm|[upkeep]\n|-damage|p2a: Dracovish|94\/100|[from] Sandstorm\n|upkeep\n|\n|t:|1699742889\n|switch|p1a: Lion El'jonhson|Sirfetch\u2019d, F, shiny|38\/100\n|-damage|p1a: Lion El'jonhson|32\/100|[from] Stealth Rock\n|turn|7\n|\n|t:|1699742895\n|move|p2a: Dracovish|Fishious Rend|p1a: Lion El'jonhson\n|-damage|p1a: Lion El'jonhson|0 fnt\n|faint|p1a: Lion El'jonhson\n|\n|-weather|Sandstorm|[upkeep]\n|-damage|p2a: Dracovish|88\/100|[from] Sandstorm\n|upkeep\n|\n|t:|1699742904\n|switch|p1a: Perturabo|Metagross, shiny|100\/100\n|-damage|p1a: Perturabo|95\/100|[from] Stealth Rock\n|turn|8\n|\n|t:|1699742907\n|move|p1a: Perturabo|Bullet Punch|p2a: Dracovish\n|-resisted|p2a: Dracovish\n|-damage|p2a: Dracovish|82\/100\n|move|p2a: Dracovish|Fishious Rend|p1a: Perturabo\n|-damage|p1a: Perturabo|45\/100\n|\n|-weather|Sandstorm|[upkeep]\n|-damage|p2a: Dracovish|76\/100|[from] Sandstorm\n|-sideend|p2: Mykewea|Reflect\n|upkeep\n|turn|9\n|\n|t:|1699742914\n|move|p1a: Perturabo|Bullet Punch|p2a: Dracovish\n|-resisted|p2a: Dracovish\n|-damage|p2a: Dracovish|64\/100\n|move|p2a: Dracovish|Fishious Rend|p1a: Perturabo\n|-damage|p1a: Perturabo|0 fnt\n|faint|p1a: Perturabo\n|\n|-weather|Sandstorm|[upkeep]\n|-damage|p2a: Dracovish|58\/100|[from] Sandstorm\n|upkeep\n|\n|t:|1699742922\n|switch|p1a: Konrad Curze|Dracovish, shiny|100\/100\n|-damage|p1a: Konrad Curze|88\/100|[from] Stealth Rock\n|turn|10\n|\n|t:|1699742929\n|switch|p2a: Dragonite|Dragonite, F|100\/100\n|move|p1a: Konrad Curze|Outrage|p2a: Dragonite\n|-supereffective|p2a: Dragonite\n|-damage|p2a: Dragonite|40\/100\n|\n|-weather|none\n|upkeep\n|turn|11\n|\n|t:|1699742933\n|move|p2a: Dragonite|Extreme Speed|p1a: Konrad Curze\n|-damage|p1a: Konrad Curze|57\/100\n|-damage|p2a: Dragonite|30\/100|[from] item: Life Orb\n|move|p1a: Konrad Curze|Outrage|p2a: Dragonite|[from]lockedmove\n|-supereffective|p2a: Dragonite\n|-damage|p2a: Dragonite|0 fnt\n|faint|p2a: Dragonite\n|-start|p1a: Konrad Curze|confusion|[fatigue]\n|\n|upkeep\n|\n|t:|1699742938\n|switch|p2a: Salamence|Salamence, M|100\/100\n|-ability|p2a: Salamence|Intimidate|boost\n|-unboost|p1a: Konrad Curze|atk|1\n|turn|12\n|\n|t:|1699742944\n|switch|p1a: Zacian's wife|Comfey, F, shiny|100\/100\n|-damage|p1a: Zacian's wife|88\/100|[from] Stealth Rock\n|detailschange|p2a: Salamence|Salamence-Mega, M\n|-mega|p2a: Salamence|Salamence|Salamencite\n|move|p2a: Salamence|Hyper Voice|p1a: Zacian's wife\n|-damage|p1a: Zacian's wife|33\/100\n|\n|upkeep\n|turn|13\n|\n|t:|1699742949\n|move|p1a: Zacian's wife|Draining Kiss|p2a: Salamence\n|-supereffective|p2a: Salamence\n|-damage|p2a: Salamence|70\/100\n|-heal|p1a: Zacian's wife|58\/100|[from] drain|[of] p2a: Salamence\n|move|p2a: Salamence|Hyper Voice|p1a: Zacian's wife\n|-damage|p1a: Zacian's wife|5\/100\n|-enditem|p1a: Zacian's wife|Aguav Berry|[eat]\n|-heal|p1a: Zacian's wife|38\/100|[from] item: Aguav Berry\n|\n|upkeep\n|turn|14\n|\n|t:|1699742962\n|move|p1a: Zacian's wife|Draining Kiss|p2a: Salamence\n|-supereffective|p2a: Salamence\n|-damage|p2a: Salamence|36\/100\n|-heal|p1a: Zacian's wife|66\/100|[from] drain|[of] p2a: Salamence\n|move|p2a: Salamence|Hyper Voice|p1a: Zacian's wife\n|-damage|p1a: Zacian's wife|13\/100\n|\n|upkeep\n|turn|15\n|\n|t:|1699742969\n|move|p1a: Zacian's wife|Draining Kiss|p2a: Salamence\n|-supereffective|p2a: Salamence\n|-damage|p2a: Salamence|0 fnt\n|-heal|p1a: Zacian's wife|42\/100|[from] drain|[of] p2a: Salamence\n|faint|p2a: Salamence\n|\n|upkeep\n|\n|t:|1699742977\n|switch|p2a: Dracovish|Dracovish|58\/100\n|turn|16\n|\n|t:|1699742980\n|move|p1a: Zacian's wife|Draining Kiss|p2a: Dracovish\n|-supereffective|p2a: Dracovish\n|-damage|p2a: Dracovish|22\/100\n|-heal|p1a: Zacian's wife|71\/100|[from] drain|[of] p2a: Dracovish\n|move|p2a: Dracovish|Fishious Rend|p1a: Zacian's wife\n|-damage|p1a: Zacian's wife|4\/100\n|\n|upkeep\n|turn|17\n|\n|t:|1699742984\n|move|p1a: Zacian's wife|Draining Kiss|p2a: Dracovish\n|-supereffective|p2a: Dracovish\n|-damage|p2a: Dracovish|0 fnt\n|-heal|p1a: Zacian's wife|22\/100|[from] drain|[of] p2a: Dracovish\n|faint|p2a: Dracovish\n|\n|upkeep\n|\n|t:|1699742986\n|switch|p2a: Baxcalibur|Baxcalibur, F|100\/100\n|turn|18\n|\n|t:|1699742992\n|move|p1a: Zacian's wife|Draining Kiss|p2a: Baxcalibur\n|-supereffective|p2a: Baxcalibur\n|-damage|p2a: Baxcalibur|69\/100\n|-heal|p1a: Zacian's wife|50\/100|[from] drain|[of] p2a: Baxcalibur\n|move|p2a: Baxcalibur|Dragon Dance|p2a: Baxcalibur\n|-boost|p2a: Baxcalibur|atk|1\n|-boost|p2a: Baxcalibur|spe|1\n|\n|-heal|p2a: Baxcalibur|75\/100|[from] item: Leftovers\n|upkeep\n|turn|19\n|\n|t:|1699742996\n|move|p2a: Baxcalibur|Dragon Dance|p2a: Baxcalibur\n|-boost|p2a: Baxcalibur|atk|1\n|-boost|p2a: Baxcalibur|spe|1\n|move|p1a: Zacian's wife|Flower Shield||[still]\n|-fail|p1a: Zacian's wife\n|\n|-heal|p2a: Baxcalibur|82\/100|[from] item: Leftovers\n|upkeep\n|turn|20\n|\n|t:|1699743003\n|move|p1a: Zacian's wife|Draining Kiss|p2a: Baxcalibur\n|-supereffective|p2a: Baxcalibur\n|-damage|p2a: Baxcalibur|50\/100\n|-heal|p1a: Zacian's wife|79\/100|[from] drain|[of] p2a: Baxcalibur\n|move|p2a: Baxcalibur|Icicle Spear|p1a: Zacian's wife\n|-damage|p1a: Zacian's wife|40\/100\n|-damage|p1a: Zacian's wife|1\/100\n|-hitcount|p1a: Zacian's wife|2\n|\n|-heal|p2a: Baxcalibur|57\/100|[from] item: Leftovers\n|upkeep\n|turn|21\n|\n|t:|1699743013\n|move|p1a: Zacian's wife|Draining Kiss|p2a: Baxcalibur\n|-supereffective|p2a: Baxcalibur\n|-damage|p2a: Baxcalibur|26\/100\n|-heal|p1a: Zacian's wife|30\/100|[from] drain|[of] p2a: Baxcalibur\n|move|p2a: Baxcalibur|Ice Shard|p1a: Zacian's wife\n|-damage|p1a: Zacian's wife|0 fnt\n|faint|p1a: Zacian's wife\n|\n|-heal|p2a: Baxcalibur|32\/100|[from] item: Leftovers\n|upkeep\n|\n|t:|1699743015\n|switch|p1a: Konrad Curze|Dracovish, shiny|57\/100\n|-damage|p1a: Konrad Curze|45\/100|[from] Stealth Rock\n|turn|22\n|\n|t:|1699743021\n|move|p2a: Baxcalibur|Icicle Spear|p1a: Konrad Curze\n|-damage|p1a: Konrad Curze|11\/100\n|-damage|p1a: Konrad Curze|0 fnt\n|faint|p1a: Konrad Curze\n|-hitcount|p1: Konrad Curze|2\n|\n|-heal|p2a: Baxcalibur|38\/100|[from] item: Leftovers\n|upkeep\n|\n|t:|1699743022\n|switch|p1a: Gardevoir|Gardevoir, F, shiny|100\/100\n|-damage|p1a: Gardevoir|88\/100|[from] Stealth Rock\n|-ability|p1a: Gardevoir|Thermal Exchange|[from] ability: Trace|[of] p2a: Baxcalibur\n|turn|23\n|\n|t:|1699743028\n|detailschange|p1a: Gardevoir|Gardevoir-Mega, F, shiny\n|-mega|p1a: Gardevoir|Gardevoir|Gardevoirite\n|move|p2a: Baxcalibur|Icicle Spear|p1a: Gardevoir\n|-damage|p1a: Gardevoir|44\/100\n|-damage|p1a: Gardevoir|0 fnt\n|faint|p1a: Gardevoir\n|-hitcount|p1: Gardevoir|2\n|\n|win|Mykewea\n|c|\u2606Dan07B|Gg\n|l|\u2606Dan07B\n","uploadtime":1699743038,"views":9,"p1id":"dan07b","p2id":"mykewea","formatid":"gen9nationaldexubers","rating":0,"private":0,"password":""}