{"id":"gen9nationaldexubers-1993561274","p1":"pokegirl457","p2":"ImGoodATM","format":"[Gen 9] National Dex Ubers","log":"|j|\u2606pokegirl457\n|j|\u2606ImGoodATM\n|t:|1700331919\n|gametype|singles\n|player|p1|pokegirl457|iris-gen5bw2|1113\n|player|p2|ImGoodATM|will|1179\n|teamsize|p1|6\n|teamsize|p2|6\n|gen|9\n|tier|[Gen 9] National Dex Ubers\n|rated|\n|rule|HP Percentage Mod: HP is shown in percentages\n|rule|Endless Battle Clause: Forcing endless battles is banned\n|rule|OHKO Clause: OHKO moves are banned\n|rule|Evasion Moves Clause: Evasion moves are banned\n|rule|Evasion Items Clause: Evasion items are banned\n|rule|Species Clause: Limit one of each Pok\u00e9mon\n|rule|Sleep Clause Mod: Limit one foe put to sleep\n|rule|Mega Rayquaza Clause: You cannot mega evolve Rayquaza\n|clearpoke\n|poke|p1|Necrozma-Dusk-Mane|\n|poke|p1|Dracovish|\n|poke|p1|Groudon|\n|poke|p1|Xerneas-*|\n|poke|p1|Zacian-*|\n|poke|p1|Giratina-Origin|\n|poke|p2|Naganadel|\n|poke|p2|Sneasler, M|\n|poke|p2|Drapion, F|\n|poke|p2|Beedrill, M|\n|poke|p2|Crobat, F|\n|poke|p2|Slowking-Galar, M|\n|teampreview\n|inactive|Battle timer is ON: inactive players will automatically lose when time's up. (requested by ImGoodATM)\n|inactive|pokegirl457 also wants the timer to be on.\n|c|\u2606pokegirl457|Mono poison?\n|inactive|ImGoodATM has 120 seconds left.\n|c|\u2606ImGoodATM|Yeah, idk man I got bored okay?\n|\n|t:|1700331954\n|start\n|switch|p1a: Necrozma|Necrozma-Dusk-Mane, shiny|100\/100\n|switch|p2a: Naganadel|Naganadel|100\/100\n|turn|1\n|\n|t:|1700331969\n|switch|p1a: Zacian|Zacian-Crowned, shiny|100\/100\n|-ability|p1a: Zacian|Intrepid Sword|boost\n|-boost|p1a: Zacian|atk|1\n|move|p2a: Naganadel|Flamethrower|p1a: Zacian\n|-supereffective|p1a: Zacian\n|-damage|p1a: Zacian|30\/100\n|\n|upkeep\n|turn|2\n|\n|t:|1700331976\n|-terastallize|p2a: Naganadel|Fire\n|move|p1a: Zacian|Moonblast|p2a: Naganadel\n|-resisted|p2a: Naganadel\n|-damage|p2a: Naganadel|80\/100\n|move|p2a: Naganadel|Flamethrower|p1a: Zacian\n|-supereffective|p1a: Zacian\n|-damage|p1a: Zacian|0 fnt\n|faint|p1a: Zacian\n|-ability|p2a: Naganadel|Beast Boost|boost\n|-boost|p2a: Naganadel|spe|1\n|\n|upkeep\n|\n|t:|1700331980\n|switch|p1a: Dracovish|Dracovish|100\/100\n|turn|3\n|\n|t:|1700331985\n|-terastallize|p1a: Dracovish|Water\n|move|p2a: Naganadel|Dragon Pulse|p1a: Dracovish\n|-damage|p1a: Dracovish|51\/100\n|move|p1a: Dracovish|Fishious Rend|p2a: Naganadel\n|-supereffective|p2a: Naganadel\n|-damage|p2a: Naganadel|0 fnt\n|faint|p2a: Naganadel\n|\n|upkeep\n|\n|t:|1700331989\n|switch|p2a: Sneasler|Sneasler, M, shiny|100\/100\n|turn|4\n|\n|t:|1700331996\n|switch|p1a: Necrozma|Necrozma-Dusk-Mane, shiny|100\/100\n|move|p2a: Sneasler|Fake Out|p1a: Necrozma\n|-enditem|p2a: Sneasler|Normal Gem|[from] gem\n|-resisted|p1a: Necrozma\n|-damage|p1a: Necrozma|92\/100\n|\n|upkeep\n|turn|5\n|\n|t:|1700332004\n|move|p2a: Sneasler|Swords Dance|p2a: Sneasler\n|-boost|p2a: Sneasler|atk|2\n|move|p1a: Necrozma|Swords Dance|p1a: Necrozma\n|-boost|p1a: Necrozma|atk|2\n|\n|upkeep\n|turn|6\n|\n|t:|1700332011\n|detailschange|p1a: Necrozma|Necrozma-Ultra, shiny\n|-burst|p1a: Necrozma|Necrozma|Ultranecrozium Z\n|move|p2a: Sneasler|Brick Break|p1a: Necrozma\n|-resisted|p1a: Necrozma\n|-crit|p1a: Necrozma\n|-damage|p1a: Necrozma|22\/100\n|move|p1a: Necrozma|Photon Geyser|p2a: Sneasler\n|-supereffective|p2a: Sneasler\n|-damage|p2a: Sneasler|0 fnt\n|faint|p2a: Sneasler\n|\n|upkeep\n|\n|t:|1700332019\n|switch|p2a: Crobat|Crobat, F|100\/100\n|turn|7\n|c|\u2606pokegirl457|Well u are in for a rude awakening\n|\n|t:|1700332029\n|move|p2a: Crobat|Brave Bird|p1a: Necrozma\n|-damage|p1a: Necrozma|0 fnt\n|faint|p1a: Necrozma\n|-damage|p2a: Crobat|93\/100|[from] Recoil\n|\n|upkeep\n|\n|t:|1700332051\n|switch|p1a: Giratina|Giratina-Origin, shiny|100\/100\n|turn|8\n|c|\u2606ImGoodATM|I mean rn I\u2019m doing well for having no legends against a full legend team tbf\n|inactive|pokegirl457 has 120 seconds left.\n|\n|t:|1700332076\n|move|p2a: Crobat|Cross Poison|p1a: Giratina\n|-resisted|p1a: Giratina\n|-crit|p1a: Giratina\n|-damage|p1a: Giratina|85\/100\n|-status|p1a: Giratina|psn\n|move|p1a: Giratina|Poltergeist|p2a: Crobat\n|-activate|p2a: Crobat|move: Poltergeist|Expert Belt\n|-damage|p2a: Crobat|16\/100\n|\n|-damage|p1a: Giratina|72\/100 psn|[from] psn\n|upkeep\n|turn|9\n|\n|t:|1700332086\n|move|p2a: Crobat|Brave Bird|p1a: Giratina\n|-damage|p1a: Giratina|41\/100 psn\n|-damage|p2a: Crobat|0 fnt|[from] Recoil\n|faint|p2a: Crobat\n|move|p1a: Giratina|Poltergeist|p2: Crobat|[notarget]\n|-fail|p1a: Giratina\n|\n|-damage|p1a: Giratina|29\/100 psn|[from] psn\n|upkeep\n|\n|t:|1700332091\n|switch|p2a: Drapion|Drapion, F, shiny|100\/100\n|turn|10\n|\n|t:|1700332098\n|move|p2a: Drapion|Night Slash|p1a: Giratina\n|-supereffective|p1a: Giratina\n|-damage|p1a: Giratina|0 fnt\n|faint|p1a: Giratina\n|\n|upkeep\n|\n|t:|1700332103\n|switch|p1a: Xerneas|Xerneas|100\/100\n|-ability|p1a: Xerneas|Fairy Aura\n|turn|11\n|\n|t:|1700332107\n|move|p2a: Drapion|Cross Poison|p1a: Xerneas\n|-supereffective|p1a: Xerneas\n|-crit|p1a: Xerneas\n|-damage|p1a: Xerneas|0 fnt\n|faint|p1a: Xerneas\n|\n|upkeep\n|\n|t:|1700332118\n|switch|p1a: Groudon|Groudon, shiny|100\/100\n|detailschange|p1a: Groudon|Groudon-Primal, shiny\n|-primal|p1a: Groudon|Red Orb\n|-weather|DesolateLand|[from] ability: Desolate Land|[of] p1a: Groudon\n|turn|12\n|\n|t:|1700332123\n|move|p2a: Drapion|Night Slash|p1a: Groudon\n|-damage|p1a: Groudon|81\/100\n|move|p1a: Groudon|Earthquake|p2a: Drapion\n|-supereffective|p2a: Drapion\n|-damage|p2a: Drapion|0 fnt\n|faint|p2a: Drapion\n|\n|-weather|DesolateLand|[upkeep]\n|upkeep\n|\n|t:|1700332126\n|switch|p2a: Slowking|Slowking-Galar, M|100\/100\n|turn|13\n|\n|t:|1700332129\n|move|p1a: Groudon|Earthquake|p2a: Slowking\n|-supereffective|p2a: Slowking\n|-crit|p2a: Slowking\n|-damage|p2a: Slowking|0 fnt\n|faint|p2a: Slowking\n|\n|-weather|DesolateLand|[upkeep]\n|upkeep\n|\n|t:|1700332131\n|switch|p2a: Beedrill|Beedrill, M, shiny|100\/100\n|turn|14\n|\n|t:|1700332137\n|detailschange|p2a: Beedrill|Beedrill-Mega, M, shiny\n|-mega|p2a: Beedrill|Beedrill|Beedrillite\n|move|p2a: Beedrill|Drill Run|p1a: Groudon\n|-supereffective|p1a: Groudon\n|-damage|p1a: Groudon|38\/100\n|move|p1a: Groudon|Earthquake|p2a: Beedrill\n|-damage|p2a: Beedrill|0 fnt\n|faint|p2a: Beedrill\n|\n|win|pokegirl457\n|raw|pokegirl457's rating: 1113 &rarr; <strong>1143<\/strong><br \/>(+30 for winning)\n|raw|ImGoodATM's rating: 1179 &rarr; <strong>1149<\/strong><br \/>(-30 for losing)\n|c|\u2606ImGoodATM|Again, surprisingly well\n","uploadtime":1700332153,"views":6,"p1id":"pokegirl457","p2id":"imgoodatm","formatid":"gen9nationaldexubers","rating":1143,"private":0,"password":""}