{"id":"gen9nationaldexubers-1988681672","p1":"hanagakiUBD","p2":"DracoAxel","format":"[Gen 9] National Dex Ubers","log":"|j|\u2606hanagakiUBD\n|j|\u2606DracoAxel\n|t:|1699749996\n|gametype|singles\n|player|p1|hanagakiUBD|iris-gen5bw2|\n|player|p2|DracoAxel|nate|\n|teamsize|p1|6\n|teamsize|p2|6\n|gen|9\n|tier|[Gen 9] National Dex Ubers\n|rule|HP Percentage Mod: HP is shown in percentages\n|rule|Endless Battle Clause: Forcing endless battles is banned\n|rule|OHKO Clause: OHKO moves are banned\n|rule|Evasion Moves Clause: Evasion moves are banned\n|rule|Evasion Items Clause: Evasion items are banned\n|rule|Species Clause: Limit one of each Pok\u00e9mon\n|rule|Sleep Clause Mod: Limit one foe put to sleep\n|rule|Mega Rayquaza Clause: You cannot mega evolve Rayquaza\n|clearpoke\n|poke|p1|Marshadow|\n|poke|p1|Urshifu-*, F|\n|poke|p1|Zamazenta-*|\n|poke|p1|Sneasler, F|\n|poke|p1|Pheromosa|\n|poke|p1|Lopunny, F|\n|poke|p2|Volcanion|\n|poke|p2|Blaziken, F|\n|poke|p2|Blacephalon|\n|poke|p2|Charizard, M|\n|poke|p2|Groudon|\n|poke|p2|Ogerpon-Hearthflame, F|\n|teampreview\n|inactive|Battle timer is ON: inactive players will automatically lose when time's up. (requested by hanagakiUBD)\n|\n|t:|1699750020\n|start\n|switch|p1a: Marshadow|Marshadow|100\/100\n|switch|p2a: Blacephalon|Blacephalon|100\/100\n|turn|1\n|\n|t:|1699750033\n|switch|p2a: Volcanion|Volcanion|100\/100\n|move|p1a: Marshadow|Stone Edge|p2a: Volcanion\n|-supereffective|p2a: Volcanion\n|-damage|p2a: Volcanion|53\/100\n|\n|upkeep\n|turn|2\n|\n|t:|1699750041\n|move|p1a: Marshadow|Bulk Up|p1a: Marshadow\n|-boost|p1a: Marshadow|atk|1\n|-boost|p1a: Marshadow|def|1\n|move|p2a: Volcanion|Steam Eruption|p1a: Marshadow\n|-crit|p1a: Marshadow\n|-damage|p1a: Marshadow|25\/100\n|-status|p1a: Marshadow|brn\n|\n|-damage|p1a: Marshadow|19\/100 brn|[from] brn\n|upkeep\n|turn|3\n|\n|t:|1699750047\n|move|p1a: Marshadow|Stone Edge|p2a: Volcanion\n|-supereffective|p2a: Volcanion\n|-damage|p2a: Volcanion|22\/100\n|move|p2a: Volcanion|Steam Eruption|p1a: Marshadow\n|-damage|p1a: Marshadow|0 fnt\n|faint|p1a: Marshadow\n|\n|upkeep\n|\n|t:|1699750062\n|switch|p1a: Pheromosa|Pheromosa, shiny|100\/100\n|turn|4\n|\n|t:|1699750066\n|move|p1a: Pheromosa|Drill Run|p2a: Volcanion\n|-supereffective|p2a: Volcanion\n|-damage|p2a: Volcanion|0 fnt\n|faint|p2a: Volcanion\n|-ability|p1a: Pheromosa|Beast Boost|boost\n|-boost|p1a: Pheromosa|spe|1\n|-damage|p1a: Pheromosa|91\/100|[from] item: Life Orb\n|\n|upkeep\n|\n|t:|1699750081\n|switch|p2a: Charizard|Charizard, M|100\/100\n|turn|5\n|\n|t:|1699750092\n|detailschange|p2a: Charizard|Charizard-Mega-X, M\n|-mega|p2a: Charizard|Charizard|Charizardite X\n|move|p1a: Pheromosa|Hidden Power|p2a: Charizard\n|-supereffective|p2a: Charizard\n|-damage|p2a: Charizard|37\/100\n|-damage|p1a: Pheromosa|81\/100|[from] item: Life Orb\n|move|p2a: Charizard|Blaze Kick|p1a: Pheromosa\n|-supereffective|p1a: Pheromosa\n|-damage|p1a: Pheromosa|0 fnt\n|faint|p1a: Pheromosa\n|\n|upkeep\n|\n|t:|1699750104\n|switch|p1a: Zamazenta|Zamazenta|100\/100\n|-ability|p1a: Zamazenta|Dauntless Shield|boost\n|-boost|p1a: Zamazenta|def|1\n|turn|6\n|\n|t:|1699750109\n|move|p1a: Zamazenta|Stone Edge|p2a: Charizard\n|-supereffective|p2a: Charizard\n|-damage|p2a: Charizard|0 fnt\n|faint|p2a: Charizard\n|\n|upkeep\n|\n|t:|1699750118\n|switch|p2a: Blaziken|Blaziken, F|100\/100\n|turn|7\n|\n|t:|1699750123\n|move|p2a: Blaziken|Protect|p2a: Blaziken\n|-singleturn|p2a: Blaziken|Protect\n|move|p1a: Zamazenta|Stone Edge|p2a: Blaziken\n|-activate|p2a: Blaziken|move: Protect\n|\n|-ability|p2a: Blaziken|Speed Boost|boost\n|-boost|p2a: Blaziken|spe|1\n|upkeep\n|turn|8\n|\n|t:|1699750134\n|-terastallize|p1a: Zamazenta|Fighting\n|move|p2a: Blaziken|Fire Punch|p1a: Zamazenta\n|-damage|p1a: Zamazenta|70\/100\n|-damage|p2a: Blaziken|91\/100|[from] item: Life Orb\n|move|p1a: Zamazenta|Close Combat|p2a: Blaziken\n|-damage|p2a: Blaziken|0 fnt\n|-unboost|p1a: Zamazenta|def|1\n|-unboost|p1a: Zamazenta|spd|1\n|faint|p2a: Blaziken\n|\n|upkeep\n|\n|t:|1699750142\n|switch|p2a: Groudon|Groudon|100\/100\n|detailschange|p2a: Groudon|Groudon-Primal\n|-primal|p2a: Groudon|Red Orb\n|-weather|DesolateLand|[from] ability: Desolate Land|[of] p2a: Groudon\n|turn|9\n|\n|t:|1699750152\n|move|p1a: Zamazenta|Close Combat|p2a: Groudon\n|-damage|p2a: Groudon|52\/100\n|-unboost|p1a: Zamazenta|def|1\n|-unboost|p1a: Zamazenta|spd|1\n|move|p2a: Groudon|Rock Polish|p2a: Groudon\n|-boost|p2a: Groudon|spe|2\n|\n|-weather|DesolateLand|[upkeep]\n|upkeep\n|turn|10\n|\n|t:|1699750158\n|move|p2a: Groudon|Heat Crash|p1a: Zamazenta\n|-damage|p1a: Zamazenta|0 fnt\n|faint|p1a: Zamazenta\n|\n|-weather|DesolateLand|[upkeep]\n|upkeep\n|\n|t:|1699750166\n|switch|p1a: Sneasler|Sneasler, F|100\/100\n|turn|11\n|\n|t:|1699750169\n|-weather|none\n|switch|p2a: Blacephalon|Blacephalon|100\/100\n|move|p1a: Sneasler|Fake Out|p2a: Blacephalon\n|-immune|p2a: Blacephalon\n|\n|upkeep\n|turn|12\n|\n|t:|1699750174\n|move|p2a: Blacephalon|Will-O-Wisp|p1a: Sneasler|[miss]\n|-miss|p2a: Blacephalon|p1a: Sneasler\n|move|p1a: Sneasler|Rock Slide|p2a: Blacephalon|[miss]\n|-miss|p1a: Sneasler|p2a: Blacephalon\n|\n|upkeep\n|turn|13\n|\n|t:|1699750187\n|switch|p1a: Lopunny|Lopunny, F|100\/100\n|move|p2a: Blacephalon|Will-O-Wisp|p1a: Lopunny\n|-status|p1a: Lopunny|brn\n|\n|-damage|p1a: Lopunny|94\/100 brn|[from] brn\n|upkeep\n|turn|14\n|\n|t:|1699750195\n|detailschange|p1a: Lopunny|Lopunny-Mega, F\n|-mega|p1a: Lopunny|Lopunny|Lopunnite\n|move|p1a: Lopunny|Fake Out|p2a: Blacephalon\n|-damage|p2a: Blacephalon|77\/100\n|cant|p2a: Blacephalon|flinch\n|\n|-damage|p1a: Lopunny|88\/100 brn|[from] brn\n|upkeep\n|turn|15\n|\n|t:|1699750199\n|move|p1a: Lopunny|Close Combat|p2a: Blacephalon\n|-damage|p2a: Blacephalon|8\/100\n|-unboost|p1a: Lopunny|def|1\n|-unboost|p1a: Lopunny|spd|1\n|move|p2a: Blacephalon|Psychic|p1a: Lopunny\n|-supereffective|p1a: Lopunny\n|-damage|p1a: Lopunny|0 fnt\n|faint|p1a: Lopunny\n|-ability|p2a: Blacephalon|Beast Boost|boost\n|-boost|p2a: Blacephalon|spa|1\n|\n|upkeep\n|\n|t:|1699750209\n|switch|p1a: Urshifu|Urshifu, F|100\/100\n|turn|16\n|\n|t:|1699750218\n|switch|p2a: Groudon|Groudon-Primal|52\/100\n|-weather|DesolateLand|[from] ability: Desolate Land|[of] p2a: Groudon\n|move|p1a: Urshifu|Close Combat|p2a: Groudon\n|-crit|p2a: Groudon\n|-damage|p2a: Groudon|0 fnt\n|-unboost|p1a: Urshifu|def|1\n|-unboost|p1a: Urshifu|spd|1\n|faint|p2a: Groudon\n|-weather|none\n|\n|upkeep\n|\n|t:|1699750226\n|switch|p2a: Blacephalon|Blacephalon|8\/100\n|turn|17\n|\n|t:|1699750235\n|switch|p1a: Sneasler|Sneasler, F|100\/100\n|move|p2a: Blacephalon|Psychic|p1a: Sneasler\n|-supereffective|p1a: Sneasler\n|-damage|p1a: Sneasler|0 fnt\n|faint|p1a: Sneasler\n|-ability|p2a: Blacephalon|Beast Boost|boost\n|-boost|p2a: Blacephalon|spa|1\n|\n|upkeep\n|\n|t:|1699750238\n|switch|p1a: Urshifu|Urshifu, F|100\/100\n|turn|18\n|\n|t:|1699750245\n|move|p1a: Urshifu|Rock Slide|p2a: Blacephalon|[miss]\n|-miss|p1a: Urshifu|p2a: Blacephalon\n|move|p2a: Blacephalon|Psychic|p1a: Urshifu\n|-immune|p1a: Urshifu\n|\n|upkeep\n|turn|19\n|\n|t:|1699750248\n|move|p1a: Urshifu|Rock Slide|p2a: Blacephalon\n|-supereffective|p2a: Blacephalon\n|-damage|p2a: Blacephalon|0 fnt\n|faint|p2a: Blacephalon\n|\n|upkeep\n|\n|t:|1699750251\n|switch|p2a: Ogerpon|Ogerpon-Hearthflame, F|100\/100\n|-ability|p2a: Ogerpon|Mold Breaker\n|turn|20\n|\n|t:|1699750256\n|move|p1a: Urshifu|Rock Slide|p2a: Ogerpon\n|-supereffective|p2a: Ogerpon\n|-damage|p2a: Ogerpon|27\/100\n|move|p2a: Ogerpon|Play Rough|p1a: Urshifu\n|-supereffective|p1a: Urshifu\n|-damage|p1a: Urshifu|0 fnt\n|faint|p1a: Urshifu\n|\n|win|DracoAxel\n","uploadtime":1699750261,"views":18,"p1id":"hanagakiubd","p2id":"dracoaxel","formatid":"gen9nationaldexubers","rating":0,"private":0,"password":""}