{"id":"gen9nationaldexubers-1998957039","p1":"Akihiro Nira","p2":"hohink","format":"[Gen 9] National Dex Ubers","log":"|j|\u2606Akihiro Nira\n|j|\u2606hohink\n|t:|1701017625\n|gametype|singles\n|player|p1|Akihiro Nira|cynthia-masters|\n|player|p2|hohink|sada-ai|\n|teamsize|p1|6\n|teamsize|p2|6\n|gen|9\n|tier|[Gen 9] National Dex Ubers\n|rule|HP Percentage Mod: HP is shown in percentages\n|rule|Endless Battle Clause: Forcing endless battles is banned\n|rule|OHKO Clause: OHKO moves are banned\n|rule|Evasion Moves Clause: Evasion moves are banned\n|rule|Evasion Items Clause: Evasion items are banned\n|rule|Species Clause: Limit one of each Pok\u00e9mon\n|rule|Sleep Clause Mod: Limit one foe put to sleep\n|rule|Mega Rayquaza Clause: You cannot mega evolve Rayquaza\n|clearpoke\n|poke|p1|Necrozma-Dusk-Mane|\n|poke|p1|Dialga-Origin|\n|poke|p1|Regieleki|\n|poke|p1|Zygarde|\n|poke|p1|Aerodactyl, M|\n|poke|p1|Magearna|\n|poke|p2|Metagross|\n|poke|p2|Darkrai|\n|poke|p2|Zamazenta-*|\n|poke|p2|Zoroark-Hisui, F|\n|poke|p2|Enamorus, F|\n|poke|p2|Palkia-Origin|\n|teampreview\n|c|\u2606Akihiro Nira|Se eu levar outro Hypnosis\n|c|\u2606Akihiro Nira|Eu fico maluco\n|\n|t:|1701017650\n|start\n|switch|p1a: Regieleki|Regieleki|100\/100\n|switch|p2a: Zamazenta|Zamazenta-Crowned|100\/100\n|-ability|p2a: Zamazenta|Dauntless Shield|boost\n|-boost|p2a: Zamazenta|def|1\n|turn|1\n|\n|t:|1701017658\n|move|p1a: Regieleki|Reflect|p1a: Regieleki\n|-sidestart|p1: Akihiro Nira|Reflect\n|move|p2a: Zamazenta|Play Rough|p1a: Regieleki\n|-damage|p1a: Regieleki|78\/100\n|\n|upkeep\n|turn|2\n|\n|t:|1701017663\n|move|p1a: Regieleki|Light Screen|p1a: Regieleki\n|-sidestart|p1: Akihiro Nira|move: Light Screen\n|move|p2a: Zamazenta|Play Rough|p1a: Regieleki\n|-damage|p1a: Regieleki|56\/100\n|\n|upkeep\n|turn|3\n|\n|t:|1701017669\n|move|p1a: Regieleki|Volt Switch|p2a: Zamazenta\n|-damage|p2a: Zamazenta|77\/100\n|\n|t:|1701017672\n|switch|p1a: Necrozma|Necrozma-Dusk-Mane|100\/100|[from] Volt Switch\n|move|p2a: Zamazenta|Play Rough|p1a: Necrozma\n|-resisted|p1a: Necrozma\n|-damage|p1a: Necrozma|95\/100\n|\n|upkeep\n|turn|4\n|\n|t:|1701017680\n|move|p2a: Zamazenta|Wild Charge|p1a: Necrozma\n|-damage|p1a: Necrozma|83\/100\n|-damage|p2a: Zamazenta|74\/100|[from] Recoil\n|move|p1a: Necrozma|Dragon Dance|p1a: Necrozma\n|-boost|p1a: Necrozma|atk|1\n|-boost|p1a: Necrozma|spe|1\n|\n|upkeep\n|turn|5\n|\n|t:|1701017687\n|switch|p2a: Enamorus|Enamorus, F|100\/100\n|move|p1a: Necrozma|Dragon Dance|p1a: Necrozma\n|-boost|p1a: Necrozma|atk|1\n|-boost|p1a: Necrozma|spe|1\n|\n|upkeep\n|turn|6\n|\n|t:|1701017698\n|move|p1a: Necrozma|Dragon Dance|p1a: Necrozma\n|-boost|p1a: Necrozma|atk|1\n|-boost|p1a: Necrozma|spe|1\n|move|p2a: Enamorus|Moonblast|p1a: Necrozma\n|-resisted|p1a: Necrozma\n|-damage|p1a: Necrozma|72\/100\n|\n|upkeep\n|turn|7\n|\n|t:|1701017705\n|move|p1a: Necrozma|Dragon Dance|p1a: Necrozma\n|-boost|p1a: Necrozma|atk|1\n|-boost|p1a: Necrozma|spe|1\n|move|p2a: Enamorus|Moonblast|p1a: Necrozma\n|-resisted|p1a: Necrozma\n|-damage|p1a: Necrozma|59\/100\n|-unboost|p1a: Necrozma|spa|1\n|\n|upkeep\n|turn|8\n|\n|t:|1701017712\n|detailschange|p1a: Necrozma|Necrozma-Ultra\n|-burst|p1a: Necrozma|Necrozma|Ultranecrozium Z\n|move|p1a: Necrozma|Photon Geyser|p2a: Enamorus\n|-damage|p2a: Enamorus|0 fnt\n|faint|p2a: Enamorus\n|\n|-sideend|p1: Akihiro Nira|Reflect\n|upkeep\n|c|\u2606hohink|vai parar de buffar n?\n|c|\u2606Akihiro Nira|Vai parar de acertar Hypnosis n?\n|\n|t:|1701017738\n|switch|p2a: Darkrai|Darkrai|100\/100\n|turn|9\n|\n|t:|1701017743\n|move|p1a: Necrozma|Earthquake|p2a: Darkrai\n|-damage|p2a: Darkrai|0 fnt\n|replace|p2a: Zoroark|Zoroark-Hisui, F\n|-end|p2a: Zoroark|Illusion\n|faint|p2a: Zoroark\n|\n|-sideend|p1: Akihiro Nira|move: Light Screen\n|upkeep\n|\n|t:|1701017748\n|switch|p2a: Metagross|Metagross|100\/100\n|turn|10\n|\n|t:|1701017753\n|detailschange|p2a: Metagross|Metagross-Mega\n|-mega|p2a: Metagross|Metagross|Metagrossite\n|move|p2a: Metagross|Bullet Punch|p1a: Necrozma\n|-damage|p1a: Necrozma|29\/100\n|move|p1a: Necrozma|Earthquake|p2a: Metagross\n|-supereffective|p2a: Metagross\n|-damage|p2a: Metagross|0 fnt\n|faint|p2a: Metagross\n|\n|upkeep\n|c|\u2606hohink|deixei, confia\n|\n|t:|1701017775\n|switch|p2a: Zamazenta|Zamazenta-Crowned|74\/100\n|turn|11\n|\n|t:|1701017780\n|move|p1a: Necrozma|Earthquake|p2a: Zamazenta\n|-supereffective|p2a: Zamazenta\n|-damage|p2a: Zamazenta|0 fnt\n|faint|p2a: Zamazenta\n|\n|upkeep\n|\n|t:|1701017782\n|switch|p2a: Palkia|Palkia-Origin|100\/100\n|-ability|p2a: Palkia|Pressure\n|turn|12\n|\n|t:|1701017786\n|-zpower|p1a: Necrozma\n|move|p1a: Necrozma|Light That Burns the Sky|p2a: Palkia|[zeffect]\n|-damage|p2a: Palkia|0 fnt\n|faint|p2a: Palkia\n|\n|upkeep\n|\n|t:|1701017791\n|switch|p2a: Darkrai|Darkrai|100\/100\n|turn|13\n|c|\u2606Akihiro Nira|Boom\n|\n|t:|1701017795\n|move|p1a: Necrozma|Earthquake|p2a: Darkrai\n|-damage|p2a: Darkrai|0 fnt\n|faint|p2a: Darkrai\n|\n|win|Akihiro Nira\n|l|\u2606hohink\n","uploadtime":1701017804,"views":1,"p1id":"akihironira","p2id":"hohink","formatid":"gen9nationaldexubers","rating":0,"private":0,"password":""}