{"id":"gen9nationaldexubers-1997782241","p1":"Serise","p2":"UUbers Vesp","format":"[Gen 9] National Dex Ubers","log":"|j|\u2606Serise\n|j|\u2606UUbers Vesp\n|t:|1700852090\n|gametype|singles\n|player|p1|Serise|courtney|\n|player|p2|UUbers Vesp|juggler|\n|teamsize|p1|6\n|teamsize|p2|6\n|gen|9\n|tier|[Gen 9] National Dex Ubers\n|rule|HP Percentage Mod: HP is shown in percentages\n|rule|Endless Battle Clause: Forcing endless battles is banned\n|rule|OHKO Clause: OHKO moves are banned\n|rule|Evasion Moves Clause: Evasion moves are banned\n|rule|Evasion Items Clause: Evasion items are banned\n|rule|Species Clause: Limit one of each Pok\u00e9mon\n|rule|Sleep Clause Mod: Limit one foe put to sleep\n|rule|Mega Rayquaza Clause: You cannot mega evolve Rayquaza\n|clearpoke\n|poke|p1|Mawile, F|\n|poke|p1|Rotom-Wash|\n|poke|p1|Meowscarada, F|\n|poke|p1|Ferrothorn, F|\n|poke|p1|Sneasler, M|\n|poke|p1|Kyurem|\n|poke|p2|Victini|\n|poke|p2|Medicham, F|\n|poke|p2|Tapu Lele|\n|poke|p2|Slowking-Galar, F|\n|poke|p2|Scream Tail|\n|poke|p2|Latias, F|\n|teampreview\n|inactive|Battle timer is ON: inactive players will automatically lose when time's up. (requested by Serise)\n|c|\u2606Serise|glhf\n|inactiveoff|Battle timer is now OFF.\n|c|\u2606Serise|ok yeah you brought it lol\n|\n|t:|1700852107\n|start\n|switch|p1a: Jambo|Meowscarada, F|100\/100\n|switch|p2a: Fuckin Pasta idfk|Medicham, F|100\/100\n|turn|1\n|\n|t:|1700852119\n|switch|p2a: Angel Hair|Scream Tail|100\/100\n|move|p1a: Jambo|U-turn|p2a: Angel Hair\n|-start|p1a: Jambo|typechange|Bug|[from] ability: Protean\n|-damage|p2a: Angel Hair|74\/100\n|\n|t:|1700852132\n|switch|p1a: Gambler|Sneasler, M|100\/100|[from] U-turn\n|\n|-heal|p2a: Angel Hair|80\/100|[from] item: Leftovers\n|upkeep\n|turn|2\n|c|\u2606UUbers Vesp|>banded meowscarda\n|c|\u2606UUbers Vesp|>26.5\n|c|\u2606Serise|yw for the Meow counter\n|c|\u2606Serise|I discovered it at the end of my Psychic GL time\n|\n|t:|1700852160\n|move|p2a: Angel Hair|Protect|p2a: Angel Hair\n|-singleturn|p2a: Angel Hair|Protect\n|move|p1a: Gambler|Switcheroo|p2a: Angel Hair\n|-activate|p2a: Angel Hair|move: Protect\n|\n|-heal|p2a: Angel Hair|86\/100|[from] item: Leftovers\n|upkeep\n|turn|3\n|\n|t:|1700852166\n|switch|p1a: Futakuchi-Onna|Mawile, F, shiny|100\/100\n|-ability|p1a: Futakuchi-Onna|Intimidate|boost\n|-unboost|p2a: Angel Hair|atk|1\n|-end|p2a: Angel Hair|Protosynthesis|[silent]\n|switch|p2a: Shells|Tapu Lele|100\/100\n|-fieldstart|move: Psychic Terrain|[from] ability: Psychic Surge|[of] p2a: Shells\n|\n|upkeep\n|turn|4\n|\n|t:|1700852183\n|detailschange|p1a: Futakuchi-Onna|Mawile-Mega, F, shiny\n|-mega|p1a: Futakuchi-Onna|Mawile|Mawilite\n|-zpower|p2a: Shells\n|move|p2a: Shells|All-Out Pummeling|p1a: Futakuchi-Onna|[zeffect]\n|-damage|p1a: Futakuchi-Onna|17\/100\n|move|p1a: Futakuchi-Onna|Play Rough|p2a: Shells\n|-damage|p2a: Shells|0 fnt\n|faint|p2a: Shells\n|\n|upkeep\n|\n|t:|1700852188\n|switch|p2a: Fuckin Pasta idfk|Medicham, F|100\/100\n|turn|5\n|c|\u2606Serise|wait\n|c|\u2606Serise|you don't have fake out\n|j| Big Chungus irl\n|j| k7eenex\n|c|\u2606Serise|crazy\n|\n|t:|1700852222\n|switch|p1a: Gambler|Sneasler, M|100\/100\n|detailschange|p2a: Fuckin Pasta idfk|Medicham-Mega, F\n|-mega|p2a: Fuckin Pasta idfk|Medicham|Medichamite\n|move|p2a: Fuckin Pasta idfk|Psycho Cut|p1a: Gambler\n|-supereffective|p1a: Gambler\n|-crit|p1a: Gambler\n|-damage|p1a: Gambler|0 fnt\n|faint|p1a: Gambler\n|\n|upkeep\n|c|\u2606UUbers Vesp|Yeah babyyy\n|c|\u2606Serise|Well\n|c|\u2606UUbers Vesp|U love to see it\n|c|\u2606Serise|In my mind I didn't think you had a reason to not click CC\n|c|\u2606Serise|lol\n|c|\u2606Serise|That backfired\n|c|\u2606UUbers Vesp|In my mind i didnt care at all\n|\n|t:|1700852261\n|switch|p1a: Jambo|Meowscarada, F|100\/100\n|turn|6\n|\n|t:|1700852268\n|switch|p2a: Angel Hair|Scream Tail|86\/100\n|move|p1a: Jambo|Flower Trick|p2a: Angel Hair\n|-start|p1a: Jambo|typechange|Grass|[from] ability: Protean\n|-crit|p2a: Angel Hair\n|-damage|p2a: Angel Hair|42\/100\n|\n|-heal|p2a: Angel Hair|48\/100|[from] item: Leftovers\n|upkeep\n|turn|7\n|\n|t:|1700852276\n|switch|p1a: Nut|Ferrothorn, F, shiny|100\/100\n|move|p2a: Angel Hair|Wish|p2a: Angel Hair\n|\n|-heal|p2a: Angel Hair|54\/100|[from] item: Leftovers\n|-fieldend|move: Psychic Terrain\n|upkeep\n|turn|8\n|c|\u2606Serise|crit mattered\n|\n|t:|1700852284\n|-end|p2a: Angel Hair|Protosynthesis|[silent]\n|switch|p2a: Fuckin Pasta idfk|Medicham-Mega, F|100\/100\n|move|p1a: Nut|Spikes|p2a: Fuckin Pasta idfk\n|-sidestart|p2: UUbers Vesp|Spikes\n|\n|upkeep\n|turn|9\n|c| k7eenex|;0\n|c|\u2606UUbers Vesp|Im so unlucky\n|c| k7eenex|this will hurt\n|\n|t:|1700852302\n|move|p2a: Fuckin Pasta idfk|Close Combat|p1a: Nut\n|-supereffective|p1a: Nut\n|-damage|p1a: Nut|0 fnt\n|-unboost|p2a: Fuckin Pasta idfk|def|1\n|-unboost|p2a: Fuckin Pasta idfk|spd|1\n|-damage|p2a: Fuckin Pasta idfk|88\/100|[from] ability: Iron Barbs|[of] p1a: Nut\n|faint|p1a: Nut\n|\n|upkeep\n|c|\u2606UUbers Vesp|Meow always crits me\n|\n|t:|1700852305\n|switch|p1a: Jambo|Meowscarada, F|100\/100\n|turn|10\n|\n|t:|1700852313\n|switch|p2a: Cavatappi|Slowking-Galar, F|100\/100\n|-damage|p2a: Cavatappi|88\/100|[from] Spikes\n|move|p1a: Jambo|Knock Off|p2a: Cavatappi\n|-start|p1a: Jambo|typechange|Dark|[from] ability: Protean\n|-supereffective|p2a: Cavatappi\n|-damage|p2a: Cavatappi|0 fnt\n|-enditem|p2a: Cavatappi|Assault Vest|[from] move: Knock Off|[of] p1a: Jambo\n|faint|p2a: Cavatappi\n|\n|upkeep\n|\n|t:|1700852322\n|switch|p2a: Rigatini|Victini|100\/100\n|-damage|p2a: Rigatini|88\/100|[from] Spikes\n|turn|11\n|c|\u2606UUbers Vesp|I brought 2 z again\n|c|\u2606UUbers Vesp|...\n|c| k7eenex|nooooooo\n|c|\u2606Serise|Nice bluff\n|\n|t:|1700852363\n|switch|p1a: Kintoki Douji|Rotom-Wash, shiny|100\/100\n|move|p2a: Rigatini|Focus Blast|p1a: Kintoki Douji\n|-damage|p1a: Kintoki Douji|61\/100\n|\n|-heal|p1a: Kintoki Douji|67\/100|[from] item: Leftovers\n|upkeep\n|turn|12\n|c|\u2606Serise|omg\n|c|\u2606UUbers Vesp|What bluff lol\n|c|\u2606Serise|LMAO\n|\n|t:|1700852385\n|move|p2a: Rigatini|Focus Blast|p1a: Kintoki Douji\n|-damage|p1a: Kintoki Douji|32\/100\n|move|p1a: Kintoki Douji|Hydro Pump|p2a: Rigatini\n|-supereffective|p2a: Rigatini\n|-damage|p2a: Rigatini|5\/100\n|\n|-heal|p1a: Kintoki Douji|38\/100|[from] item: Leftovers\n|upkeep\n|turn|13\n|c|\u2606UUbers Vesp|I always do this broooo\n|\n|t:|1700852391\n|move|p2a: Rigatini|Focus Blast|p1a: Kintoki Douji\n|-damage|p1a: Kintoki Douji|2\/100\n|-unboost|p1a: Kintoki Douji|spd|1\n|move|p1a: Kintoki Douji|Volt Switch|p2a: Rigatini\n|-damage|p2a: Rigatini|0 fnt\n|faint|p2a: Rigatini\n|\n|t:|1700852400\n|switch|p1a: Futakuchi-Onna|Mawile-Mega, F, shiny|17\/100|[from] Volt Switch\n|\n|upkeep\n|\n|t:|1700852404\n|switch|p2a: Fuckin Pasta idfk|Medicham-Mega, F|88\/100\n|-damage|p2a: Fuckin Pasta idfk|76\/100|[from] Spikes\n|turn|14\n|\n|t:|1700852428\n|move|p2a: Fuckin Pasta idfk|Bullet Punch|p1a: Futakuchi-Onna\n|-damage|p1a: Futakuchi-Onna|0 fnt\n|faint|p1a: Futakuchi-Onna\n|\n|upkeep\n|\n|t:|1700852433\n|switch|p1a: Jambo|Meowscarada, F|100\/100\n|turn|15\n|\n|t:|1700852454\n|switch|p2a: Campanelle|Latias, F, shiny|100\/100\n|move|p1a: Jambo|Play Rough|p2a: Campanelle\n|-start|p1a: Jambo|typechange|Fairy|[from] ability: Protean\n|-supereffective|p2a: Campanelle\n|-damage|p2a: Campanelle|0 fnt\n|faint|p2a: Campanelle\n|\n|upkeep\n|\n|t:|1700852458\n|switch|p2a: Angel Hair|Scream Tail|54\/100\n|-damage|p2a: Angel Hair|42\/100|[from] Spikes\n|turn|16\n|\n|t:|1700852470\n|switch|p1a: Husk|Kyurem|100\/100\n|-ability|p1a: Husk|Pressure\n|move|p2a: Angel Hair|Wish|p2a: Angel Hair\n|\n|-heal|p2a: Angel Hair|48\/100|[from] item: Leftovers\n|upkeep\n|turn|17\n|c|\u2606UUbers Vesp|I keep doing this man\n|c|\u2606UUbers Vesp|Im fuckin stupid\n|c|\u2606UUbers Vesp|Every time i bring z tini\n|c|\u2606UUbers Vesp|It beats your whole team too\n|c|\u2606UUbers Vesp|Lmaooo\n|\n|t:|1700852496\n|move|p2a: Angel Hair|Protect|p2a: Angel Hair\n|-singleturn|p2a: Angel Hair|Protect\n|move|p1a: Husk|Freeze-Dry|p2a: Angel Hair\n|-activate|p2a: Angel Hair|move: Protect\n|\n|-heal|p2a: Angel Hair|98\/100|[from] move: Wish|[wisher] Angel Hair\n|-heal|p2a: Angel Hair|100\/100|[from] item: Leftovers\n|upkeep\n|turn|18\n|\n|t:|1700852500\n|move|p1a: Husk|Freeze-Dry|p2a: Angel Hair\n|-damage|p2a: Angel Hair|65\/100\n|move|p2a: Angel Hair|Dazzling Gleam|p1a: Husk\n|-supereffective|p1a: Husk\n|-damage|p1a: Husk|62\/100\n|\n|-heal|p2a: Angel Hair|71\/100|[from] item: Leftovers\n|upkeep\n|turn|19\n|c|\u2606Serise|Yeah letting Sneasler go didn't help either lol\n|\n|t:|1700852508\n|move|p1a: Husk|Freeze-Dry|p2a: Angel Hair\n|-damage|p2a: Angel Hair|32\/100\n|move|p2a: Angel Hair|Wish|p2a: Angel Hair\n|\n|-heal|p2a: Angel Hair|38\/100|[from] item: Leftovers\n|upkeep\n|turn|20\n|\n|t:|1700852520\n|move|p2a: Angel Hair|Protect|p2a: Angel Hair\n|-singleturn|p2a: Angel Hair|Protect\n|move|p1a: Husk|Freeze-Dry|p2a: Angel Hair\n|-activate|p2a: Angel Hair|move: Protect\n|\n|-heal|p2a: Angel Hair|88\/100|[from] move: Wish|[wisher] Angel Hair\n|-heal|p2a: Angel Hair|94\/100|[from] item: Leftovers\n|upkeep\n|turn|21\n|\n|t:|1700852525\n|move|p1a: Husk|Freeze-Dry|p2a: Angel Hair\n|-damage|p2a: Angel Hair|58\/100\n|move|p2a: Angel Hair|Wish|p2a: Angel Hair\n|\n|-heal|p2a: Angel Hair|64\/100|[from] item: Leftovers\n|upkeep\n|turn|22\n|\n|t:|1700852529\n|move|p1a: Husk|Freeze-Dry|p2a: Angel Hair\n|-damage|p2a: Angel Hair|28\/100\n|-status|p2a: Angel Hair|frz\n|cant|p2a: Angel Hair|frz\n|\n|-heal|p2a: Angel Hair|78\/100 frz|[from] move: Wish|[wisher] Angel Hair\n|-heal|p2a: Angel Hair|84\/100 frz|[from] item: Leftovers\n|upkeep\n|turn|23\n|\n|t:|1700852537\n|move|p1a: Husk|Freeze-Dry|p2a: Angel Hair\n|-damage|p2a: Angel Hair|46\/100 frz\n|-curestatus|p2a: Angel Hair|frz|[msg]\n|move|p2a: Angel Hair|Wish|p2a: Angel Hair\n|\n|-heal|p2a: Angel Hair|52\/100|[from] item: Leftovers\n|upkeep\n|turn|24\n|c| k7eenex|i saw that coming\n|c|\u2606Serise|noooo\n|\n|t:|1700852543\n|move|p1a: Husk|Freeze-Dry|p2a: Angel Hair\n|-damage|p2a: Angel Hair|14\/100\n|move|p2a: Angel Hair|Dazzling Gleam|p1a: Husk\n|-supereffective|p1a: Husk\n|-damage|p1a: Husk|23\/100\n|\n|-heal|p2a: Angel Hair|64\/100|[from] move: Wish|[wisher] Angel Hair\n|-heal|p2a: Angel Hair|71\/100|[from] item: Leftovers\n|upkeep\n|turn|25\n|c| k7eenex|oh theres a chance\n|\n|t:|1700852548\n|move|p1a: Husk|Freeze-Dry|p2a: Angel Hair\n|-crit|p2a: Angel Hair\n|-damage|p2a: Angel Hair|10\/100\n|move|p2a: Angel Hair|Wish|p2a: Angel Hair\n|\n|-heal|p2a: Angel Hair|17\/100|[from] item: Leftovers\n|upkeep\n|turn|26\n|\n|t:|1700852555\n|move|p2a: Angel Hair|Protect|p2a: Angel Hair\n|-singleturn|p2a: Angel Hair|Protect\n|move|p1a: Husk|Freeze-Dry|p2a: Angel Hair\n|-activate|p2a: Angel Hair|move: Protect\n|\n|-heal|p2a: Angel Hair|67\/100|[from] move: Wish|[wisher] Angel Hair\n|-heal|p2a: Angel Hair|73\/100|[from] item: Leftovers\n|upkeep\n|turn|27\n|\n|t:|1700852560\n|move|p1a: Husk|Freeze-Dry|p2a: Angel Hair\n|-damage|p2a: Angel Hair|35\/100\n|move|p2a: Angel Hair|Wish|p2a: Angel Hair\n|\n|-heal|p2a: Angel Hair|42\/100|[from] item: Leftovers\n|upkeep\n|turn|28\n|\n|t:|1700852564\n|move|p1a: Husk|Freeze-Dry|p2a: Angel Hair\n|-damage|p2a: Angel Hair|4\/100\n|move|p2a: Angel Hair|Dazzling Gleam|p1a: Husk\n|-supereffective|p1a: Husk\n|-damage|p1a: Husk|0 fnt\n|faint|p1a: Husk\n|\n|-heal|p2a: Angel Hair|54\/100|[from] move: Wish|[wisher] Angel Hair\n|-heal|p2a: Angel Hair|60\/100|[from] item: Leftovers\n|upkeep\n|\n|t:|1700852571\n|switch|p1a: Jambo|Meowscarada, F|100\/100\n|turn|29\n|\n|t:|1700852577\n|move|p1a: Jambo|Knock Off|p2a: Angel Hair\n|-start|p1a: Jambo|typechange|Dark|[from] ability: Protean\n|-crit|p2a: Angel Hair\n|-damage|p2a: Angel Hair|2\/100\n|-enditem|p2a: Angel Hair|Leftovers|[from] move: Knock Off|[of] p1a: Jambo\n|move|p2a: Angel Hair|Wish|p2a: Angel Hair\n|\n|upkeep\n|turn|30\n|c|\u2606UUbers Vesp|Lmaooo\n|\n|t:|1700852591\n|move|p2a: Angel Hair|Protect|p2a: Angel Hair\n|-singleturn|p2a: Angel Hair|Protect\n|move|p1a: Jambo|Knock Off|p2a: Angel Hair\n|-activate|p2a: Angel Hair|move: Protect\n|\n|-heal|p2a: Angel Hair|52\/100|[from] move: Wish|[wisher] Angel Hair\n|upkeep\n|turn|31\n|\n|t:|1700852598\n|move|p1a: Jambo|Knock Off|p2a: Angel Hair\n|-damage|p2a: Angel Hair|25\/100\n|move|p2a: Angel Hair|Wish|p2a: Angel Hair\n|\n|upkeep\n|turn|32\n|\n|t:|1700852602\n|switch|p1a: Kintoki Douji|Rotom-Wash, shiny|2\/100\n|move|p2a: Angel Hair|Protect||[still]\n|-fail|p2a: Angel Hair\n|\n|-heal|p2a: Angel Hair|75\/100|[from] move: Wish|[wisher] Angel Hair\n|-heal|p1a: Kintoki Douji|8\/100|[from] item: Leftovers\n|upkeep\n|turn|33\n|\n|t:|1700852609\n|-end|p2a: Angel Hair|Protosynthesis|[silent]\n|switch|p2a: Fuckin Pasta idfk|Medicham-Mega, F|76\/100\n|-damage|p2a: Fuckin Pasta idfk|64\/100|[from] Spikes\n|move|p1a: Kintoki Douji|Will-O-Wisp|p2a: Fuckin Pasta idfk\n|-status|p2a: Fuckin Pasta idfk|brn\n|\n|-heal|p1a: Kintoki Douji|14\/100|[from] item: Leftovers\n|-damage|p2a: Fuckin Pasta idfk|58\/100 brn|[from] brn\n|upkeep\n|turn|34\n|c|\u2606Serise|???\n|c| k7eenex|y\n|c|\u2606UUbers Vesp|I dont want burn\n|c|\u2606Serise|YOU WERE FASTER\n|c|\u2606UUbers Vesp|I dont care bro\n|c|\u2606UUbers Vesp|Tf am i using mmedi for\n|c| k7eenex|yyyyyyyy\n|c| k7eenex|idk\n|c|\u2606Serise|VESPY NOOO\n|c|\u2606UUbers Vesp|This mon is useless dog\n|c|\u2606UUbers Vesp|Theres no use\n|\n|t:|1700852648\n|move|p2a: Fuckin Pasta idfk|Close Combat|p1a: Kintoki Douji\n|-damage|p1a: Kintoki Douji|0 fnt\n|-unboost|p2a: Fuckin Pasta idfk|def|1\n|-unboost|p2a: Fuckin Pasta idfk|spd|1\n|faint|p1a: Kintoki Douji\n|\n|-damage|p2a: Fuckin Pasta idfk|51\/100 brn|[from] brn\n|upkeep\n|\n|t:|1700852651\n|switch|p1a: Jambo|Meowscarada, F|100\/100\n|turn|35\n|\n|t:|1700852654\n|move|p2a: Fuckin Pasta idfk|Bullet Punch|p1a: Jambo\n|-damage|p1a: Jambo|83\/100\n|move|p1a: Jambo|Flower Trick|p2a: Fuckin Pasta idfk\n|-start|p1a: Jambo|typechange|Grass|[from] ability: Protean\n|-crit|p2a: Fuckin Pasta idfk\n|-damage|p2a: Fuckin Pasta idfk|0 fnt\n|faint|p2a: Fuckin Pasta idfk\n|\n|upkeep\n|\n|t:|1700852656\n|switch|p2a: Angel Hair|Scream Tail|75\/100\n|-damage|p2a: Angel Hair|63\/100|[from] Spikes\n|turn|36\n|\n|t:|1700852661\n|move|p1a: Jambo|Flower Trick|p2a: Angel Hair\n|-crit|p2a: Angel Hair\n|-damage|p2a: Angel Hair|23\/100\n|move|p2a: Angel Hair|Wish|p2a: Angel Hair\n|\n|upkeep\n|turn|37\n|c|\u2606UUbers Vesp|U should ff\n|c|\u2606UUbers Vesp|Ima pp stall u\n|c|\u2606Serise|You see it too don't you.\n|\n|t:|1700852679\n|move|p2a: Angel Hair|Protect|p2a: Angel Hair\n|-singleturn|p2a: Angel Hair|Protect\n|move|p1a: Jambo|Flower Trick|p2a: Angel Hair\n|-activate|p2a: Angel Hair|move: Protect\n|\n|-heal|p2a: Angel Hair|73\/100|[from] move: Wish|[wisher] Angel Hair\n|upkeep\n|turn|38\n|c| k7eenex|hes gonna super crit u\n|\n|t:|1700852686\n|move|p1a: Jambo|Flower Trick|p2a: Angel Hair\n|-crit|p2a: Angel Hair\n|-damage|p2a: Angel Hair|33\/100\n|move|p2a: Angel Hair|Wish|p2a: Angel Hair\n|\n|upkeep\n|turn|39\n|\n|t:|1700852691\n|move|p2a: Angel Hair|Protect|p2a: Angel Hair\n|-singleturn|p2a: Angel Hair|Protect\n|move|p1a: Jambo|Flower Trick|p2a: Angel Hair\n|-activate|p2a: Angel Hair|move: Protect\n|\n|-heal|p2a: Angel Hair|83\/100|[from] move: Wish|[wisher] Angel Hair\n|upkeep\n|turn|40\n|c|\u2606UUbers Vesp|STOP FISHING FOR A CRIT PML\n|c|\u2606Serise|no\n|\n|t:|1700852715\n|move|p1a: Jambo|Flower Trick|p2a: Angel Hair\n|-crit|p2a: Angel Hair\n|-damage|p2a: Angel Hair|39\/100\n|move|p2a: Angel Hair|Wish|p2a: Angel Hair\n|\n|upkeep\n|turn|41\n|\n|t:|1700852728\n|move|p2a: Angel Hair|Protect|p2a: Angel Hair\n|-singleturn|p2a: Angel Hair|Protect\n|move|p1a: Jambo|Flower Trick|p2a: Angel Hair\n|-activate|p2a: Angel Hair|move: Protect\n|\n|-heal|p2a: Angel Hair|89\/100|[from] move: Wish|[wisher] Angel Hair\n|upkeep\n|turn|42\n|\n|t:|1700852732\n|move|p1a: Jambo|Flower Trick|p2a: Angel Hair\n|-crit|p2a: Angel Hair\n|-damage|p2a: Angel Hair|47\/100\n|move|p2a: Angel Hair|Wish|p2a: Angel Hair\n|\n|upkeep\n|turn|43\n|\n|t:|1700852737\n|move|p2a: Angel Hair|Protect|p2a: Angel Hair\n|-singleturn|p2a: Angel Hair|Protect\n|move|p1a: Jambo|Flower Trick|p2a: Angel Hair\n|-activate|p2a: Angel Hair|move: Protect\n|\n|-heal|p2a: Angel Hair|97\/100|[from] move: Wish|[wisher] Angel Hair\n|upkeep\n|turn|44\n|\n|t:|1700852748\n|move|p1a: Jambo|Flower Trick|p2a: Angel Hair\n|-crit|p2a: Angel Hair\n|-damage|p2a: Angel Hair|54\/100\n|move|p2a: Angel Hair|Wish|p2a: Angel Hair\n|\n|upkeep\n|turn|45\n|\n|t:|1700852756\n|move|p2a: Angel Hair|Protect|p2a: Angel Hair\n|-singleturn|p2a: Angel Hair|Protect\n|move|p1a: Jambo|Flower Trick|p2a: Angel Hair\n|-activate|p2a: Angel Hair|move: Protect\n|\n|-heal|p2a: Angel Hair|100\/100|[from] move: Wish|[wisher] Angel Hair\n|upkeep\n|turn|46\n|\n|t:|1700852760\n|move|p1a: Jambo|Flower Trick|p2a: Angel Hair\n|-crit|p2a: Angel Hair\n|-damage|p2a: Angel Hair|60\/100\n|move|p2a: Angel Hair|Wish|p2a: Angel Hair\n|\n|upkeep\n|turn|47\n|\n|t:|1700852764\n|move|p2a: Angel Hair|Protect|p2a: Angel Hair\n|-singleturn|p2a: Angel Hair|Protect\n|move|p1a: Jambo|Flower Trick|p2a: Angel Hair\n|-activate|p2a: Angel Hair|move: Protect\n|\n|-heal|p2a: Angel Hair|100\/100|[from] move: Wish|[wisher] Angel Hair\n|upkeep\n|turn|48\n|c|\u2606UUbers Vesp|Im sorey serise\n|c|\u2606UUbers Vesp|I actuallt feel bad\n|c|\u2606UUbers Vesp|I didnt wanna win like this\n|c|\u2606Serise|It's ok\n|\n|t:|1700852781\n|move|p1a: Jambo|Flower Trick|p2a: Angel Hair\n|-crit|p2a: Angel Hair\n|-damage|p2a: Angel Hair|60\/100\n|move|p2a: Angel Hair|Wish|p2a: Angel Hair\n|\n|upkeep\n|turn|49\n|c|\u2606Serise|keep going\n|\n|t:|1700852786\n|move|p2a: Angel Hair|Protect|p2a: Angel Hair\n|-singleturn|p2a: Angel Hair|Protect\n|move|p1a: Jambo|Flower Trick|p2a: Angel Hair\n|-activate|p2a: Angel Hair|move: Protect\n|\n|-heal|p2a: Angel Hair|100\/100|[from] move: Wish|[wisher] Angel Hair\n|upkeep\n|turn|50\n|\n|t:|1700852790\n|-activate|p1a: Jambo|move: Struggle\n|move|p1a: Jambo|Struggle|p2a: Angel Hair\n|-damage|p2a: Angel Hair|88\/100\n|-damage|p1a: Jambo|58\/100|[from] recoil\n|move|p2a: Angel Hair|Dazzling Gleam|p1a: Jambo\n|-damage|p1a: Jambo|26\/100\n|\n|upkeep\n|turn|51\n|c| k7eenex|struggle crit 1hko inc\n|\n|t:|1700852793\n|-activate|p1a: Jambo|move: Struggle\n|move|p1a: Jambo|Struggle|p2a: Angel Hair\n|-damage|p2a: Angel Hair|76\/100\n|-damage|p1a: Jambo|1\/100|[from] recoil\n|move|p2a: Angel Hair|Dazzling Gleam|p1a: Jambo\n|-damage|p1a: Jambo|0 fnt\n|faint|p1a: Jambo\n|\n|win|UUbers Vesp\n|c|\u2606Serise|LOL THAT DOES NOTHING\n|c|\u2606Serise|gg\n|c|\u2606UUbers Vesp|GG\n|l|\u2606Serise\n","uploadtime":1700852806,"views":29,"p1id":"serise","p2id":"uubersvesp","formatid":"gen9nationaldexubers","rating":0,"private":0,"password":""}