{"id":"gen9nationaldexubers-1993684734","p1":"TTeTyLLloK","p2":"UnderAlias_","format":"[Gen 9] National Dex Ubers","log":"|j|\u2606TTeTyLLloK\n|j|\u2606UnderAlias_\n|t:|1700345326\n|gametype|singles\n|player|p1|TTeTyLLloK|bruno|1490\n|player|p2|UnderAlias_|266|1517\n|teamsize|p1|6\n|teamsize|p2|6\n|gen|9\n|tier|[Gen 9] National Dex Ubers\n|rated|\n|rule|HP Percentage Mod: HP is shown in percentages\n|rule|Endless Battle Clause: Forcing endless battles is banned\n|rule|OHKO Clause: OHKO moves are banned\n|rule|Evasion Moves Clause: Evasion moves are banned\n|rule|Evasion Items Clause: Evasion items are banned\n|rule|Species Clause: Limit one of each Pok\u00e9mon\n|rule|Sleep Clause Mod: Limit one foe put to sleep\n|rule|Mega Rayquaza Clause: You cannot mega evolve Rayquaza\n|clearpoke\n|poke|p1|Chesnaught, F|\n|poke|p1|Dugtrio, M|\n|poke|p1|Deoxys-Speed|\n|poke|p1|Slaking, M|\n|poke|p1|Mewtwo|\n|poke|p1|Ribombee, F|\n|poke|p2|Marshadow|\n|poke|p2|Xerneas-*|\n|poke|p2|Zygarde|\n|poke|p2|Blaziken, M|\n|poke|p2|Blastoise, M|\n|poke|p2|Kyogre|\n|teampreview\n|inactive|Battle timer is ON: inactive players will automatically lose when time's up. (requested by TTeTyLLloK)\n|\n|t:|1700345332\n|start\n|switch|p1a: Deoxys|Deoxys-Speed|100\/100\n|switch|p2a: Kyogre|Kyogre|100\/100\n|-ability|p1a: Deoxys|Pressure\n|-weather|RainDance|[from] ability: Drizzle|[of] p2a: Kyogre\n|turn|1\n|\n|t:|1700345341\n|switch|p2a: Blastoise|Blastoise, M|100\/100\n|move|p1a: Deoxys|Stealth Rock|p2a: Blastoise\n|-sidestart|p2: UnderAlias_|move: Stealth Rock\n|\n|-weather|RainDance|[upkeep]\n|upkeep\n|turn|2\n|\n|t:|1700345347\n|detailschange|p2a: Blastoise|Blastoise-Mega, M\n|-mega|p2a: Blastoise|Blastoise|Blastoisinite\n|move|p1a: Deoxys|Taunt|p2a: Blastoise\n|-start|p2a: Blastoise|move: Taunt\n|move|p2a: Blastoise|Rapid Spin|p1a: Deoxys\n|-damage|p1a: Deoxys|88\/100\n|-boost|p2a: Blastoise|spe|1\n|-damage|p2a: Blastoise|84\/100|[from] item: Rocky Helmet|[of] p1a: Deoxys\n|-sideend|p2: UnderAlias_|Stealth Rock|[from] move: Rapid Spin|[of] p2a: Blastoise\n|\n|-weather|RainDance|[upkeep]\n|upkeep\n|turn|3\n|\n|t:|1700345360\n|move|p1a: Deoxys|Stealth Rock|p2a: Blastoise\n|-sidestart|p2: UnderAlias_|move: Stealth Rock\n|move|p2a: Blastoise|Dark Pulse|p1a: Deoxys\n|-supereffective|p1a: Deoxys\n|-crit|p1a: Deoxys\n|-damage|p1a: Deoxys|0 fnt\n|faint|p1a: Deoxys\n|\n|-weather|RainDance|[upkeep]\n|upkeep\n|\n|t:|1700345375\n|switch|p1a: Slaking|Slaking, M|100\/100\n|turn|4\n|\n|t:|1700345379\n|move|p2a: Blastoise|Rapid Spin|p1a: Slaking\n|-crit|p1a: Slaking\n|-damage|p1a: Slaking|88\/100\n|-boost|p2a: Blastoise|spe|1\n|-sideend|p2: UnderAlias_|Stealth Rock|[from] move: Rapid Spin|[of] p2a: Blastoise\n|move|p1a: Slaking|Double-Edge|p2a: Blastoise\n|-damage|p2a: Blastoise|0 fnt\n|faint|p2a: Blastoise\n|-damage|p1a: Slaking|70\/100|[from] Recoil\n|\n|-weather|RainDance|[upkeep]\n|upkeep\n|\n|t:|1700345393\n|switch|p2a: Xerneas|Xerneas|100\/100\n|-ability|p2a: Xerneas|Fairy Aura\n|turn|5\n|\n|t:|1700345398\n|switch|p1a: Dugtrio|Dugtrio, M|100\/100\n|-zpower|p2a: Xerneas\n|move|p2a: Xerneas|Z-Geomancy||[anim]Geomancy|[still]\n|-boost|p2a: Xerneas|atk|1|[zeffect]\n|-boost|p2a: Xerneas|def|1|[zeffect]\n|-boost|p2a: Xerneas|spa|1|[zeffect]\n|-boost|p2a: Xerneas|spd|1|[zeffect]\n|-boost|p2a: Xerneas|spe|1|[zeffect]\n|-prepare|p2a: Xerneas|Geomancy\n|\n|-weather|none\n|upkeep\n|turn|6\n|\n|t:|1700345407\n|move|p2a: Xerneas|Geomancy|p2a: Xerneas|[from]lockedmove\n|-boost|p2a: Xerneas|spa|2\n|-boost|p2a: Xerneas|spd|2\n|-boost|p2a: Xerneas|spe|2\n|move|p1a: Dugtrio|Earthquake|p2a: Xerneas\n|-damage|p2a: Xerneas|77\/100\n|\n|upkeep\n|turn|7\n|\n|t:|1700345418\n|move|p2a: Xerneas|Draining Kiss|p1a: Dugtrio\n|-enditem|p1a: Dugtrio|Focus Sash\n|-damage|p1a: Dugtrio|1\/100\n|-heal|p2a: Xerneas|100\/100|[from] drain|[of] p1a: Dugtrio\n|move|p1a: Dugtrio|Memento|p2a: Xerneas\n|-unboost|p2a: Xerneas|atk|2\n|-unboost|p2a: Xerneas|spa|2\n|faint|p1a: Dugtrio\n|\n|upkeep\n|\n|t:|1700345424\n|switch|p1a: Ribombee|Ribombee, F|100\/100\n|turn|8\n|\n|t:|1700345429\n|move|p2a: Xerneas|Draining Kiss|p1a: Ribombee\n|-damage|p1a: Ribombee|4\/100\n|move|p1a: Ribombee|Stun Spore|p2a: Xerneas\n|-status|p2a: Xerneas|par\n|\n|upkeep\n|turn|9\n|\n|t:|1700345435\n|move|p1a: Ribombee|Sticky Web|p2a: Xerneas\n|-sidestart|p2: UnderAlias_|move: Sticky Web\n|cant|p2a: Xerneas|par\n|\n|upkeep\n|turn|10\n|\n|t:|1700345439\n|move|p1a: Ribombee|Moonblast|p2a: Xerneas\n|-damage|p2a: Xerneas|84\/100 par\n|move|p2a: Xerneas|Draining Kiss|p1a: Ribombee\n|-damage|p1a: Ribombee|0 fnt\n|-heal|p2a: Xerneas|85\/100 par|[from] drain|[of] p1a: Ribombee\n|faint|p1a: Ribombee\n|\n|upkeep\n|\n|t:|1700345445\n|switch|p1a: Slaking|Slaking, M|70\/100\n|turn|11\n|\n|t:|1700345451\n|move|p1a: Slaking|Giga Impact|p2a: Xerneas\n|-damage|p2a: Xerneas|5\/100 par\n|-mustrecharge|p1a: Slaking\n|move|p2a: Xerneas|Moonblast|p1a: Slaking\n|-damage|p1a: Slaking|0 fnt\n|faint|p1a: Slaking\n|\n|upkeep\n|\n|t:|1700345455\n|switch|p1a: Mewtwo|Mewtwo|100\/100\n|-ability|p1a: Mewtwo|Unnerve\n|turn|12\n|\n|t:|1700345461\n|move|p1a: Mewtwo|Flamethrower|p2a: Xerneas\n|-damage|p2a: Xerneas|0 fnt\n|faint|p2a: Xerneas\n|\n|upkeep\n|\n|t:|1700345474\n|switch|p2a: Zygarde|Zygarde|100\/100\n|-activate|p2a: Zygarde|move: Sticky Web\n|-unboost|p2a: Zygarde|spe|1\n|turn|13\n|\n|t:|1700345479\n|detailschange|p1a: Mewtwo|Mewtwo-Mega-Y\n|-mega|p1a: Mewtwo|Mewtwo|Mewtwonite Y\n|-terastallize|p2a: Zygarde|Normal\n|move|p1a: Mewtwo|Psystrike|p2a: Zygarde\n|-damage|p2a: Zygarde|47\/100\n|move|p2a: Zygarde|Coil|p2a: Zygarde\n|-boost|p2a: Zygarde|atk|1\n|-boost|p2a: Zygarde|def|1\n|-boost|p2a: Zygarde|accuracy|1\n|\n|-heal|p2a: Zygarde|53\/100|[from] item: Leftovers\n|upkeep\n|turn|14\n|\n|t:|1700345490\n|move|p2a: Zygarde|Extreme Speed|p1a: Mewtwo\n|-damage|p1a: Mewtwo|26\/100\n|move|p1a: Mewtwo|Nasty Plot|p1a: Mewtwo\n|-boost|p1a: Mewtwo|spa|2\n|\n|-heal|p2a: Zygarde|59\/100|[from] item: Leftovers\n|upkeep\n|turn|15\n|\n|t:|1700345498\n|move|p2a: Zygarde|Extreme Speed|p1a: Mewtwo\n|-damage|p1a: Mewtwo|0 fnt\n|faint|p1a: Mewtwo\n|\n|-heal|p2a: Zygarde|65\/100|[from] item: Leftovers\n|upkeep\n|\n|t:|1700345500\n|switch|p1a: Chesnaught|Chesnaught, F|100\/100\n|turn|16\n|\n|t:|1700345505\n|move|p2a: Zygarde|Extreme Speed|p1a: Chesnaught\n|-damage|p1a: Chesnaught|45\/100\n|-enditem|p1a: Chesnaught|Sitrus Berry|[eat]\n|-heal|p1a: Chesnaught|70\/100|[from] item: Sitrus Berry\n|move|p1a: Chesnaught|Belly Drum|p1a: Chesnaught\n|-damage|p1a: Chesnaught|20\/100\n|-setboost|p1a: Chesnaught|atk|6|[from] move: Belly Drum\n|\n|-heal|p2a: Zygarde|71\/100|[from] item: Leftovers\n|upkeep\n|turn|17\n|\n|t:|1700345516\n|move|p2a: Zygarde|Extreme Speed|p1a: Chesnaught\n|-damage|p1a: Chesnaught|0 fnt\n|faint|p1a: Chesnaught\n|\n|win|UnderAlias_\n|raw|TTeTyLLloK's rating: 1490 &rarr; <strong>1472<\/strong><br \/>(-18 for losing)\n|raw|UnderAlias_'s rating: 1517 &rarr; <strong>1535<\/strong><br \/>(+18 for winning)\n","uploadtime":1700345520,"views":9,"p1id":"ttetylllok","p2id":"underalias","formatid":"gen9nationaldexubers","rating":1472,"private":0,"password":""}