{"id":"gen9nationaldexubers-1995905676","p1":"GEL_Streak","p2":"Rhyfinn1.1.1","format":"[Gen 9] National Dex Ubers","log":"|j|\u2606GEL_Streak\n|j|\u2606Rhyfinn1.1.1\n|t:|1700615867\n|gametype|singles\n|player|p1|GEL_Streak|alain|1216\n|player|p2|Rhyfinn1.1.1|ninjaboy|1275\n|teamsize|p1|6\n|teamsize|p2|6\n|gen|9\n|tier|[Gen 9] National Dex Ubers\n|rated|\n|rule|HP Percentage Mod: HP is shown in percentages\n|rule|Endless Battle Clause: Forcing endless battles is banned\n|rule|OHKO Clause: OHKO moves are banned\n|rule|Evasion Moves Clause: Evasion moves are banned\n|rule|Evasion Items Clause: Evasion items are banned\n|rule|Species Clause: Limit one of each Pok\u00e9mon\n|rule|Sleep Clause Mod: Limit one foe put to sleep\n|rule|Mega Rayquaza Clause: You cannot mega evolve Rayquaza\n|clearpoke\n|poke|p1|Charizard, M|\n|poke|p1|Haxorus, M|\n|poke|p1|Greninja-*, M|\n|poke|p1|Ceruledge, M|\n|poke|p1|Lucario, M|\n|poke|p1|Gliscor, M|\n|poke|p2|Xerneas-*|\n|poke|p2|Marshadow|\n|poke|p2|Groudon|\n|poke|p2|Deoxys-Speed|\n|poke|p2|Necrozma-Dusk-Mane|\n|poke|p2|Pheromosa|\n|teampreview\n|inactive|Battle timer is ON: inactive players will automatically lose when time's up. (requested by Rhyfinn1.1.1)\n|\n|t:|1700615873\n|start\n|switch|p1a: Gliscor|Gliscor, M|100\/100\n|switch|p2a: Deoxys|Deoxys-Speed, shiny|100\/100\n|-ability|p2a: Deoxys|Pressure\n|turn|1\n|\n|t:|1700615882\n|move|p2a: Deoxys|Magic Coat|p2a: Deoxys\n|-singleturn|p2a: Deoxys|move: Magic Coat\n|move|p1a: Gliscor|Dual Wingbeat|p2a: Deoxys\n|-damage|p2a: Deoxys|81\/100\n|-damage|p2a: Deoxys|61\/100\n|-hitcount|p2a: Deoxys|2\n|\n|-status|p1a: Gliscor|tox|[from] item: Toxic Orb\n|upkeep\n|turn|2\n|\n|t:|1700615891\n|move|p2a: Deoxys|Stealth Rock|p1a: Gliscor\n|-sidestart|p1: GEL_Streak|move: Stealth Rock\n|move|p1a: Gliscor|Earthquake|p2a: Deoxys\n|-damage|p2a: Deoxys|6\/100\n|\n|upkeep\n|turn|3\n|\n|t:|1700615896\n|move|p2a: Deoxys|Spikes|p1a: Gliscor\n|-sidestart|p1: GEL_Streak|Spikes\n|move|p1a: Gliscor|Earthquake|p2a: Deoxys\n|-damage|p2a: Deoxys|0 fnt\n|faint|p2a: Deoxys\n|\n|upkeep\n|\n|t:|1700615904\n|switch|p2a: Pheromosa|Pheromosa, shiny|100\/100\n|turn|4\n|\n|t:|1700615909\n|move|p2a: Pheromosa|Ice Beam|p1a: Gliscor\n|-supereffective|p1a: Gliscor\n|-damage|p1a: Gliscor|0 fnt\n|faint|p1a: Gliscor\n|-ability|p2a: Pheromosa|Beast Boost|boost\n|-boost|p2a: Pheromosa|spe|1\n|-damage|p2a: Pheromosa|91\/100|[from] item: Life Orb\n|\n|upkeep\n|\n|t:|1700615917\n|switch|p1a: Ceruledge|Ceruledge, M|100\/100\n|-damage|p1a: Ceruledge|76\/100|[from] Stealth Rock\n|-damage|p1a: Ceruledge|63\/100|[from] Spikes\n|turn|5\n|\n|t:|1700615923\n|switch|p2a: Groudon|Groudon, shiny|100\/100\n|detailschange|p2a: Groudon|Groudon-Primal, shiny\n|-primal|p2a: Groudon|Red Orb\n|-weather|DesolateLand|[from] ability: Desolate Land|[of] p2a: Groudon\n|move|p1a: Ceruledge|Bitter Blade|p2a: Groudon\n|-resisted|p2a: Groudon\n|-damage|p2a: Groudon|78\/100\n|-heal|p1a: Ceruledge|77\/100|[from] drain|[of] p2a: Groudon\n|\n|-weather|DesolateLand|[upkeep]\n|upkeep\n|turn|6\n|\n|t:|1700615934\n|move|p1a: Ceruledge|Destiny Bond|p1a: Ceruledge\n|-singlemove|p1a: Ceruledge|Destiny Bond\n|move|p2a: Groudon|Earth Power|p1a: Ceruledge\n|-supereffective|p1a: Ceruledge\n|-damage|p1a: Ceruledge|0 fnt\n|faint|p1a: Ceruledge\n|-activate|p1a: Ceruledge|move: Destiny Bond\n|faint|p2a: Groudon\n|-weather|none\n|\n|upkeep\n|\n|t:|1700615946\n|switch|p1a: Greninja|Greninja, M|100\/100\n|switch|p2a: Xerneas|Xerneas|100\/100\n|-damage|p1a: Greninja|88\/100|[from] Stealth Rock\n|-damage|p1a: Greninja|76\/100|[from] Spikes\n|-ability|p2a: Xerneas|Fairy Aura\n|turn|7\n|\n|t:|1700615958\n|move|p1a: Greninja|Surf|p2a: Xerneas\n|-start|p1a: Greninja|typechange|Water|[from] ability: Protean\n|-damage|p2a: Xerneas|58\/100\n|-damage|p1a: Greninja|66\/100|[from] item: Life Orb\n|move|p2a: Xerneas|Geomancy||[still]\n|-prepare|p2a: Xerneas|Geomancy\n|-enditem|p2a: Xerneas|Power Herb\n|-anim|p2a: Xerneas|Geomancy|p2a: Xerneas\n|-boost|p2a: Xerneas|spa|2\n|-boost|p2a: Xerneas|spd|2\n|-boost|p2a: Xerneas|spe|2\n|\n|upkeep\n|turn|8\n|\n|t:|1700615970\n|move|p2a: Xerneas|Moonblast|p1a: Greninja\n|-damage|p1a: Greninja|0 fnt\n|faint|p1a: Greninja\n|\n|upkeep\n|\n|t:|1700615980\n|switch|p1a: Lucario|Lucario, M|100\/100\n|-damage|p1a: Lucario|98\/100|[from] Stealth Rock\n|-damage|p1a: Lucario|85\/100|[from] Spikes\n|turn|9\n|\n|t:|1700615988\n|-terastallize|p2a: Xerneas|Fire\n|move|p1a: Lucario|Extreme Speed|p2a: Xerneas\n|-damage|p2a: Xerneas|36\/100\n|move|p2a: Xerneas|Hidden Power|p1a: Lucario\n|-supereffective|p1a: Lucario\n|-damage|p1a: Lucario|0 fnt\n|faint|p1a: Lucario\n|\n|upkeep\n|\n|t:|1700615998\n|switch|p1a: Haxorus|Haxorus, M, shiny|100\/100\n|-damage|p1a: Haxorus|88\/100|[from] Stealth Rock\n|-damage|p1a: Haxorus|76\/100|[from] Spikes\n|-ability|p1a: Haxorus|Mold Breaker\n|turn|10\n|\n|t:|1700616006\n|-terastallize|p1a: Haxorus|Steel\n|move|p2a: Xerneas|Moonblast|p1a: Haxorus\n|-resisted|p1a: Haxorus\n|-damage|p1a: Haxorus|0 fnt\n|faint|p1a: Haxorus\n|\n|upkeep\n|\n|t:|1700616013\n|switch|p1a: Charizard|Charizard, M|100\/100\n|-damage|p1a: Charizard|51\/100|[from] Stealth Rock\n|turn|11\n|\n|t:|1700616020\n|detailschange|p1a: Charizard|Charizard-Mega-X, M\n|-mega|p1a: Charizard|Charizard|Charizardite X\n|move|p2a: Xerneas|Moonblast|p1a: Charizard\n|-damage|p1a: Charizard|0 fnt\n|faint|p1a: Charizard\n|\n|win|Rhyfinn1.1.1\n|raw|GEL_Streak's rating: 1216 &rarr; <strong>1195<\/strong><br \/>(-21 for losing)\n|raw|Rhyfinn1.1.1's rating: 1275 &rarr; <strong>1296<\/strong><br \/>(+21 for winning)\n|l|\u2606GEL_Streak\n","uploadtime":1700616024,"views":0,"p1id":"gelstreak","p2id":"rhyfinn111","formatid":"gen9nationaldexubers","rating":1195,"private":0,"password":""}