{"id":"gen9nationaldexubers-1992173616","p1":"Mod3rnCrusad3r","p2":"DogBogJog","format":"[Gen 9] National Dex Ubers","log":"|j|\u203dMod3rnCrusad3r\n|j|\u2606DogBogJog\n|t:|1700161103\n|gametype|singles\n|player|p1|Mod3rnCrusad3r|169|1051\n|player|p2|DogBogJog|swimmerf-gen4|1008\n|teamsize|p1|6\n|teamsize|p2|6\n|gen|9\n|tier|[Gen 9] National Dex Ubers\n|rated|\n|rule|HP Percentage Mod: HP is shown in percentages\n|rule|Endless Battle Clause: Forcing endless battles is banned\n|rule|OHKO Clause: OHKO moves are banned\n|rule|Evasion Moves Clause: Evasion moves are banned\n|rule|Evasion Items Clause: Evasion items are banned\n|rule|Species Clause: Limit one of each Pok\u00e9mon\n|rule|Sleep Clause Mod: Limit one foe put to sleep\n|rule|Mega Rayquaza Clause: You cannot mega evolve Rayquaza\n|clearpoke\n|poke|p1|Venomoth, M|\n|poke|p1|Donphan, M|\n|poke|p1|Blaziken, M|\n|poke|p1|Blissey, F|\n|poke|p1|Gastrodon-East, M|\n|poke|p1|Dragapult, F|\n|poke|p2|Klefki, M|\n|poke|p2|Cyclizar, M|\n|poke|p2|Stakataka|\n|poke|p2|Tyranitar, M|\n|poke|p2|Forretress, M|\n|poke|p2|Galvantula, M|\n|teampreview\n|\n|t:|1700161130\n|start\n|switch|p1a: Blaziken|Blaziken, M|100\/100\n|switch|p2a: Klefki|Klefki, M, shiny|100\/100\n|turn|1\n|\n|t:|1700161139\n|move|p2a: Klefki|Thunder Wave|p1a: Blaziken\n|-status|p1a: Blaziken|par\n|move|p1a: Blaziken|Hone Claws|p1a: Blaziken\n|-boost|p1a: Blaziken|atk|1\n|-boost|p1a: Blaziken|accuracy|1\n|\n|-ability|p1a: Blaziken|Speed Boost|boost\n|-boost|p1a: Blaziken|spe|1\n|upkeep\n|turn|2\n|\n|t:|1700161149\n|move|p2a: Klefki|Spikes|p1a: Blaziken\n|-sidestart|p1: Mod3rnCrusad3r|Spikes\n|move|p1a: Blaziken|Bulk Up|p1a: Blaziken\n|-boost|p1a: Blaziken|atk|1\n|-boost|p1a: Blaziken|def|1\n|\n|-ability|p1a: Blaziken|Speed Boost|boost\n|-boost|p1a: Blaziken|spe|1\n|upkeep\n|turn|3\n|\n|t:|1700161159\n|move|p2a: Klefki|Spikes|p1a: Blaziken\n|-sidestart|p1: Mod3rnCrusad3r|Spikes\n|cant|p1a: Blaziken|par\n|\n|-ability|p1a: Blaziken|Speed Boost|boost\n|-boost|p1a: Blaziken|spe|1\n|upkeep\n|turn|4\n|\n|t:|1700161169\n|move|p2a: Klefki|Spikes|p1a: Blaziken\n|-sidestart|p1: Mod3rnCrusad3r|Spikes\n|move|p1a: Blaziken|High Jump Kick|p2a: Klefki\n|-enditem|p2a: Klefki|Focus Sash\n|-damage|p2a: Klefki|1\/100\n|\n|-ability|p1a: Blaziken|Speed Boost|boost\n|-boost|p1a: Blaziken|spe|1\n|upkeep\n|turn|5\n|\n|t:|1700161179\n|move|p2a: Klefki|Toxic||[still]\n|-fail|p2a: Klefki\n|cant|p1a: Blaziken|par\n|\n|-ability|p1a: Blaziken|Speed Boost|boost\n|-boost|p1a: Blaziken|spe|1\n|upkeep\n|turn|6\n|\n|t:|1700161188\n|move|p2a: Klefki|Reflect|p2a: Klefki\n|-sidestart|p2: DogBogJog|Reflect\n|move|p1a: Blaziken|High Jump Kick|p2a: Klefki\n|-damage|p2a: Klefki|0 fnt\n|faint|p2a: Klefki\n|\n|-ability|p1a: Blaziken|Speed Boost|boost\n|-boost|p1a: Blaziken|spe|1\n|upkeep\n|\n|t:|1700161204\n|switch|p2a: Galvantula|Galvantula, M|100\/100\n|turn|7\n|\n|t:|1700161211\n|cant|p1a: Blaziken|par\n|move|p2a: Galvantula|Sticky Web|p1a: Blaziken\n|-sidestart|p1: Mod3rnCrusad3r|move: Sticky Web\n|\n|upkeep\n|turn|8\n|\n|t:|1700161220\n|move|p1a: Blaziken|High Jump Kick|p2a: Galvantula\n|-resisted|p2a: Galvantula\n|-damage|p2a: Galvantula|45\/100\n|move|p2a: Galvantula|Magnet Rise|p2a: Galvantula\n|-start|p2a: Galvantula|Magnet Rise\n|\n|upkeep\n|turn|9\n|\n|t:|1700161228\n|move|p1a: Blaziken|High Jump Kick|p2a: Galvantula\n|-resisted|p2a: Galvantula\n|-damage|p2a: Galvantula|0 fnt\n|faint|p2a: Galvantula\n|\n|upkeep\n|\n|t:|1700161235\n|switch|p2a: Stakataka|Stakataka|100\/100\n|-item|p2a: Stakataka|Air Balloon\n|turn|10\n|\n|t:|1700161242\n|move|p1a: Blaziken|High Jump Kick|p2a: Stakataka\n|-supereffective|p2a: Stakataka\n|-damage|p2a: Stakataka|0 fnt\n|-enditem|p2a: Stakataka|Air Balloon\n|faint|p2a: Stakataka\n|\n|-sideend|p2: DogBogJog|Reflect\n|upkeep\n|\n|t:|1700161250\n|switch|p2a: Tyranitar|Tyranitar, M|100\/100\n|-ability|p2a: Tyranitar|Unnerve\n|turn|11\n|\n|t:|1700161256\n|move|p1a: Blaziken|High Jump Kick|p2a: Tyranitar\n|-supereffective|p2a: Tyranitar\n|-damage|p2a: Tyranitar|0 fnt\n|faint|p2a: Tyranitar\n|\n|upkeep\n|\n|t:|1700161263\n|switch|p2a: Forretress|Forretress, M|100\/100\n|turn|12\n|\n|t:|1700161270\n|move|p1a: Blaziken|High Jump Kick|p2a: Forretress\n|-damage|p2a: Forretress|25\/100\n|move|p2a: Forretress|Toxic Spikes|p1a: Blaziken\n|-sidestart|p1: Mod3rnCrusad3r|move: Toxic Spikes\n|\n|-heal|p2a: Forretress|31\/100|[from] item: Leftovers\n|upkeep\n|turn|13\n|\n|t:|1700161282\n|move|p1a: Blaziken|High Jump Kick|p2a: Forretress\n|-damage|p2a: Forretress|0 fnt\n|faint|p2a: Forretress\n|\n|upkeep\n|\n|t:|1700161287\n|switch|p2a: Cyclizar|Cyclizar, M|100\/100\n|turn|14\n|\n|t:|1700161293\n|move|p1a: Blaziken|High Jump Kick|p2a: Cyclizar\n|-supereffective|p2a: Cyclizar\n|-enditem|p2a: Cyclizar|Focus Sash\n|-damage|p2a: Cyclizar|1\/100\n|move|p2a: Cyclizar|Dragon Tail|p1a: Blaziken\n|-crit|p1a: Blaziken\n|-damage|p1a: Blaziken|45\/100 par\n|drag|p1a: Dragapult|Dragapult, F|100\/100\n|-damage|p1a: Dragapult|76\/100|[from] Spikes\n|-activate|p1a: Dragapult|move: Sticky Web\n|-unboost|p1a: Dragapult|spe|1\n|-status|p1a: Dragapult|psn\n|\n|-damage|p1a: Dragapult|63\/100 psn|[from] psn\n|upkeep\n|turn|15\n|\n|t:|1700161311\n|move|p1a: Dragapult|Thunderbolt|p2a: Cyclizar\n|-resisted|p2a: Cyclizar\n|-damage|p2a: Cyclizar|0 fnt\n|faint|p2a: Cyclizar\n|\n|win|Mod3rnCrusad3r\n|raw|Mod3rnCrusad3r's rating: 1051 &rarr; <strong>1079<\/strong><br \/>(+28 for winning)\n|raw|DogBogJog's rating: 1008 &rarr; <strong>1000<\/strong><br \/>(-8 for losing)\n|l|\u2606DogBogJog\n","uploadtime":1700161318,"views":19,"p1id":"mod3rncrusad3r","p2id":"dogbogjog","formatid":"gen9nationaldexubers","rating":1000,"private":0,"password":""}