{"id":"gen9nationaldexubers-1999472170","p1":"Soyeon is a cutie","p2":"09-10a","format":"[Gen 9] National Dex Ubers","log":"|j|\u2606Soyeon is a cutie\n|j|\u260609-10a\n|t:|1701085736\n|gametype|singles\n|player|p1|Soyeon is a cutie|idol|1682\n|player|p2|09-10a|265|1729\n|teamsize|p1|6\n|teamsize|p2|6\n|gen|9\n|tier|[Gen 9] National Dex Ubers\n|rated|\n|rule|HP Percentage Mod: HP is shown in percentages\n|rule|Endless Battle Clause: Forcing endless battles is banned\n|rule|OHKO Clause: OHKO moves are banned\n|rule|Evasion Moves Clause: Evasion moves are banned\n|rule|Evasion Items Clause: Evasion items are banned\n|rule|Species Clause: Limit one of each Pok\u00e9mon\n|rule|Sleep Clause Mod: Limit one foe put to sleep\n|rule|Mega Rayquaza Clause: You cannot mega evolve Rayquaza\n|clearpoke\n|poke|p1|Eternatus|\n|poke|p1|Ditto|\n|poke|p1|Ho-Oh|\n|poke|p1|Groudon|\n|poke|p1|Arceus-Water|\n|poke|p1|Yveltal|\n|poke|p2|Scolipede, M|\n|poke|p2|Marshadow|\n|poke|p2|Arceus|\n|poke|p2|Necrozma-Dusk-Mane|\n|poke|p2|Zygarde|\n|poke|p2|Kyogre|\n|teampreview\n|inactive|Battle timer is ON: inactive players will automatically lose when time's up. (requested by 09-10a)\n|inactive|Soyeon is a cutie also wants the timer to be on.\n|j| 1 em trach thu\n|\n|t:|1701085757\n|start\n|switch|p1a: Arceus|Arceus-Water|100\/100\n|switch|p2a: Scolipede|Scolipede, M, shiny|100\/100\n|turn|1\n|\n|t:|1701085769\n|move|p1a: Arceus|Taunt|p2a: Scolipede\n|-start|p2a: Scolipede|move: Taunt\n|move|p2a: Scolipede|Rock Tomb|p1a: Arceus\n|-damage|p1a: Arceus|89\/100\n|-unboost|p1a: Arceus|spe|1\n|\n|-ability|p2a: Scolipede|Speed Boost|boost\n|-boost|p2a: Scolipede|spe|1\n|upkeep\n|turn|2\n|\n|t:|1701085775\n|switch|p2a: Kyogre|Kyogre, shiny|100\/100\n|detailschange|p2a: Kyogre|Kyogre-Primal, shiny\n|-primal|p2a: Kyogre|Blue Orb\n|-weather|PrimordialSea|[from] ability: Primordial Sea|[of] p2a: Kyogre\n|move|p1a: Arceus|Judgment|p2a: Kyogre\n|-resisted|p2a: Kyogre\n|-damage|p2a: Kyogre|75\/100\n|\n|-weather|PrimordialSea|[upkeep]\n|upkeep\n|turn|3\n|\n|t:|1701085782\n|-weather|none\n|switch|p2a: Scolipede|Scolipede, M, shiny|100\/100\n|move|p1a: Arceus|Judgment|p2a: Scolipede\n|-damage|p2a: Scolipede|4\/100\n|\n|upkeep\n|turn|4\n|\n|t:|1701085793\n|move|p2a: Scolipede|Endeavor|p1a: Arceus\n|-damage|p1a: Arceus|2\/100\n|move|p1a: Arceus|Judgment|p2a: Scolipede\n|-damage|p2a: Scolipede|0 fnt\n|faint|p2a: Scolipede\n|\n|upkeep\n|\n|t:|1701085802\n|switch|p2a: Arceus|Arceus|100\/100\n|turn|5\n|\n|t:|1701085811\n|switch|p1a: Yveltal|Yveltal, shiny|100\/100\n|-ability|p1a: Yveltal|Dark Aura\n|move|p2a: Arceus|Extreme Speed|p1a: Yveltal\n|-damage|p1a: Yveltal|75\/100\n|\n|upkeep\n|turn|6\n|\n|t:|1701085826\n|move|p2a: Arceus|Dragon Dance|p2a: Arceus\n|-boost|p2a: Arceus|atk|1\n|-boost|p2a: Arceus|spe|1\n|move|p1a: Yveltal|Roost|p1a: Yveltal\n|-heal|p1a: Yveltal|100\/100\n|-singleturn|p1a: Yveltal|move: Roost\n|\n|upkeep\n|turn|7\n|\n|t:|1701085829\n|switch|p1a: Arceus|Arceus-Water|2\/100\n|-zpower|p2a: Arceus\n|move|p2a: Arceus|Breakneck Blitz|p1a: Arceus|[zeffect]\n|-damage|p1a: Arceus|0 fnt\n|faint|p1a: Arceus\n|\n|upkeep\n|\n|t:|1701085836\n|switch|p1a: Yveltal|Yveltal, shiny|100\/100\n|-ability|p1a: Yveltal|Dark Aura\n|turn|8\n|\n|t:|1701085838\n|move|p2a: Arceus|Extreme Speed|p1a: Yveltal\n|-damage|p1a: Yveltal|62\/100\n|move|p1a: Yveltal|Foul Play|p2a: Arceus\n|-damage|p2a: Arceus|30\/100\n|\n|upkeep\n|turn|9\n|\n|t:|1701085844\n|move|p2a: Arceus|Giga Impact|p1a: Yveltal\n|-damage|p1a: Yveltal|0 fnt\n|-mustrecharge|p2a: Arceus\n|faint|p1a: Yveltal\n|\n|upkeep\n|\n|t:|1701085853\n|switch|p1a: Ho-Oh|Ho-Oh|100\/100\n|turn|10\n|\n|t:|1701085857\n|cant|p2a: Arceus|recharge\n|move|p1a: Ho-Oh|Brave Bird|p2a: Arceus\n|-damage|p2a: Arceus|0 fnt\n|faint|p2a: Arceus\n|-damage|p1a: Ho-Oh|89\/100|[from] Recoil\n|\n|upkeep\n|\n|t:|1701085872\n|switch|p2a: Zygarde|Zygarde|100\/100\n|turn|11\n|\n|t:|1701085880\n|move|p1a: Ho-Oh|Brave Bird|p2a: Zygarde\n|-damage|p2a: Zygarde|34\/100\n|-damage|p1a: Ho-Oh|67\/100|[from] Recoil\n|move|p2a: Zygarde|Substitute|p2a: Zygarde\n|-start|p2a: Zygarde|Substitute\n|-damage|p2a: Zygarde|9\/100\n|\n|-heal|p2a: Zygarde|15\/100|[from] item: Leftovers\n|-activate|p2a: Zygarde|ability: Power Construct\n|detailschange|p2a: Zygarde|Zygarde-Complete\n|-heal|p2a: Zygarde|47\/100|[silent]\n|upkeep\n|turn|12\n|\n|t:|1701085907\n|move|p1a: Ho-Oh|Brave Bird|p2a: Zygarde\n|-end|p2a: Zygarde|Substitute\n|-damage|p1a: Ho-Oh|59\/100|[from] Recoil|[of] p2a: Zygarde\n|move|p2a: Zygarde|Dragon Tail|p1a: Ho-Oh\n|-damage|p1a: Ho-Oh|32\/100\n|drag|p1a: Eternatus|Eternatus|100\/100\n|-ability|p1a: Eternatus|Pressure\n|\n|-heal|p2a: Zygarde|53\/100|[from] item: Leftovers\n|upkeep\n|turn|13\n|\n|t:|1701085922\n|switch|p1a: Ho-Oh|Ho-Oh|65\/100\n|switch|p2a: Necrozma|Necrozma-Dusk-Mane, shiny|100\/100\n|\n|upkeep\n|turn|14\n|\n|t:|1701085938\n|switch|p1a: Groudon|Groudon|100\/100\n|detailschange|p1a: Groudon|Groudon-Primal\n|-primal|p1a: Groudon|Red Orb\n|-weather|DesolateLand|[from] ability: Desolate Land|[of] p1a: Groudon\n|detailschange|p2a: Necrozma|Necrozma-Ultra, shiny\n|-burst|p2a: Necrozma|Necrozma|Ultranecrozium Z\n|move|p2a: Necrozma|Stone Edge|p1a: Groudon\n|-damage|p1a: Groudon|74\/100\n|\n|-weather|DesolateLand|[upkeep]\n|upkeep\n|turn|15\n|\n|t:|1701085942\n|-weather|none\n|switch|p1a: Ho-Oh|Ho-Oh|99\/100\n|move|p2a: Necrozma|Earthquake|p1a: Ho-Oh\n|-immune|p1a: Ho-Oh\n|\n|upkeep\n|turn|16\n|\n|t:|1701085953\n|-terastallize|p1a: Ho-Oh|Ground\n|move|p2a: Necrozma|Photon Geyser|p1a: Ho-Oh\n|-damage|p1a: Ho-Oh|26\/100\n|move|p1a: Ho-Oh|Earthquake|p2a: Necrozma\n|-damage|p2a: Necrozma|22\/100\n|\n|upkeep\n|turn|17\n|\n|t:|1701085961\n|switch|p1a: Ditto|Ditto, shiny|100\/100\n|-transform|p1a: Ditto|p2a: Necrozma|[from] ability: Imposter\n|move|p2a: Necrozma|Earthquake|p1a: Ditto\n|-damage|p1a: Ditto|47\/100\n|\n|upkeep\n|turn|18\n|\n|t:|1701085964\n|move|p1a: Ditto|Photon Geyser|p2a: Necrozma\n|-resisted|p2a: Necrozma\n|-damage|p2a: Necrozma|0 fnt\n|faint|p2a: Necrozma\n|\n|upkeep\n|\n|t:|1701085966\n|switch|p2a: Marshadow|Marshadow|100\/100\n|turn|19\n|\n|t:|1701085976\n|switch|p1a: Eternatus|Eternatus|100\/100\n|-ability|p1a: Eternatus|Pressure\n|move|p2a: Marshadow|Shadow Sneak|p1a: Eternatus\n|-damage|p1a: Eternatus|72\/100\n|-damage|p2a: Marshadow|91\/100|[from] item: Life Orb\n|\n|-heal|p1a: Eternatus|78\/100|[from] item: Leftovers\n|upkeep\n|turn|20\n|\n|t:|1701085992\n|move|p1a: Eternatus|Toxic Spikes|p2a: Marshadow\n|-sidestart|p2: 09-10a|move: Toxic Spikes\n|move|p2a: Marshadow|Poltergeist|p1a: Eternatus\n|-activate|p1a: Eternatus|move: Poltergeist|Leftovers\n|-damage|p1a: Eternatus|28\/100\n|-damage|p2a: Marshadow|81\/100|[from] item: Life Orb\n|\n|-heal|p1a: Eternatus|34\/100|[from] item: Leftovers\n|upkeep\n|turn|21\n|\n|t:|1701086002\n|-terastallize|p2a: Marshadow|Ghost\n|move|p2a: Marshadow|Shadow Sneak|p1a: Eternatus\n|-damage|p1a: Eternatus|0 fnt\n|faint|p1a: Eternatus\n|-damage|p2a: Marshadow|71\/100|[from] item: Life Orb\n|\n|upkeep\n|\n|t:|1701086012\n|switch|p1a: Ditto|Ditto, shiny|47\/100\n|-transform|p1a: Ditto|p2a: Marshadow|[from] ability: Imposter\n|-start|p1a: Ditto|typechange|Fighting\/Ghost|[silent]\n|turn|22\n|\n|t:|1701086016\n|switch|p2a: Kyogre|Kyogre-Primal, shiny|75\/100\n|-status|p2a: Kyogre|psn\n|-weather|PrimordialSea|[from] ability: Primordial Sea|[of] p2a: Kyogre\n|move|p1a: Ditto|Shadow Sneak|p2a: Kyogre\n|-damage|p2a: Kyogre|44\/100 psn\n|\n|-weather|PrimordialSea|[upkeep]\n|-damage|p2a: Kyogre|31\/100 psn|[from] psn\n|upkeep\n|turn|23\n|\n|t:|1701086022\n|switch|p1a: Groudon|Groudon-Primal|74\/100\n|-weather|DesolateLand|[from] ability: Desolate Land|[of] p1a: Groudon\n|move|p2a: Kyogre|Ice Beam|p1a: Groudon\n|-damage|p1a: Groudon|51\/100\n|\n|-weather|DesolateLand|[upkeep]\n|-damage|p2a: Kyogre|19\/100 psn|[from] psn\n|upkeep\n|turn|24\n|\n|t:|1701086028\n|move|p1a: Groudon|Stealth Rock|p2a: Kyogre\n|-sidestart|p2: 09-10a|move: Stealth Rock\n|move|p2a: Kyogre|Ice Beam|p1a: Groudon\n|-damage|p1a: Groudon|28\/100\n|\n|-weather|DesolateLand|[upkeep]\n|-damage|p2a: Kyogre|7\/100 psn|[from] psn\n|upkeep\n|turn|25\n|\n|t:|1701086033\n|move|p2a: Kyogre|Ice Beam|p1a: Groudon\n|-damage|p1a: Groudon|7\/100\n|move|p1a: Groudon|Precipice Blades|p2a: Kyogre\n|-damage|p2a: Kyogre|0 fnt\n|faint|p2a: Kyogre\n|\n|-weather|DesolateLand|[upkeep]\n|upkeep\n|\n|t:|1701086041\n|switch|p2a: Marshadow|Marshadow, tera:Ghost|71\/100\n|-status|p2a: Marshadow|psn\n|-damage|p2a: Marshadow|58\/100 psn|[from] Stealth Rock\n|turn|26\n|inactive|Soyeon is a cutie has 120 seconds left.\n|\n|t:|1701086079\n|move|p2a: Marshadow|Shadow Sneak|p1a: Groudon\n|-crit|p1a: Groudon\n|-damage|p1a: Groudon|0 fnt\n|faint|p1a: Groudon\n|-weather|none\n|-damage|p2a: Marshadow|48\/100 psn|[from] item: Life Orb\n|\n|-damage|p2a: Marshadow|36\/100 psn|[from] psn\n|upkeep\n|\n|t:|1701086094\n|switch|p1a: Ditto|Ditto, shiny|47\/100\n|-transform|p1a: Ditto|p2a: Marshadow|[from] ability: Imposter\n|turn|27\n|\n|t:|1701086106\n|move|p1a: Ditto|Shadow Sneak|p2a: Marshadow\n|-supereffective|p2a: Marshadow\n|-damage|p2a: Marshadow|0 fnt\n|faint|p2a: Marshadow\n|\n|upkeep\n|\n|t:|1701086108\n|switch|p2a: Zygarde|Zygarde-Complete|53\/100\n|-status|p2a: Zygarde|psn\n|-damage|p2a: Zygarde|47\/100 psn|[from] Stealth Rock\n|turn|28\n|\n|t:|1701086116\n|switch|p1a: Ho-Oh|Ho-Oh, tera:Ground|59\/100\n|move|p2a: Zygarde|Dragon Dance|p2a: Zygarde\n|-boost|p2a: Zygarde|atk|1\n|-boost|p2a: Zygarde|spe|1\n|\n|-heal|p2a: Zygarde|53\/100 psn|[from] item: Leftovers\n|-damage|p2a: Zygarde|41\/100 psn|[from] psn\n|upkeep\n|turn|29\n|\n|t:|1701086130\n|switch|p1a: Ditto|Ditto, shiny|47\/100\n|-transform|p1a: Ditto|p2a: Zygarde|[from] ability: Imposter\n|move|p2a: Zygarde|Thousand Arrows|p1a: Ditto\n|-damage|p1a: Ditto|0 fnt\n|faint|p1a: Ditto\n|\n|-heal|p2a: Zygarde|47\/100 psn|[from] item: Leftovers\n|-damage|p2a: Zygarde|35\/100 psn|[from] psn\n|upkeep\n|\n|t:|1701086133\n|switch|p1a: Ho-Oh|Ho-Oh, tera:Ground|92\/100\n|turn|30\n|\n|t:|1701086136\n|move|p2a: Zygarde|Thousand Arrows|p1a: Ho-Oh\n|-damage|p1a: Ho-Oh|34\/100\n|move|p1a: Ho-Oh|Earthquake|p2a: Zygarde\n|-damage|p2a: Zygarde|0 fnt\n|faint|p2a: Zygarde\n|\n|win|Soyeon is a cutie\n|raw|Soyeon is a cutie's rating: 1682 &rarr; <strong>1705<\/strong><br \/>(+23 for winning)\n|raw|09-10a's rating: 1739 &rarr; <strong>1716<\/strong><br \/>(-23 for losing)\n|l|\u260609-10a\n","uploadtime":1701086150,"views":1,"p1id":"soyeonisacutie","p2id":"0910a","formatid":"gen9nationaldexubers","rating":1705,"private":0,"password":""}