{"id":"gen9nationaldexubers-1977850380","p1":"Neonecrozma504","p2":"Zzalen","format":"[Gen 9] National Dex Ubers","log":"|j|\u2606Neonecrozma504\n|j|\u2606Zzalen\n|t:|1698457320\n|gametype|singles\n|player|p1|Neonecrozma504|colress|\n|player|p2|Zzalen|ghetsis|\n|teamsize|p1|6\n|teamsize|p2|6\n|gen|9\n|tier|[Gen 9] National Dex Ubers\n|rule|HP Percentage Mod: HP is shown in percentages\n|rule|Endless Battle Clause: Forcing endless battles is banned\n|rule|OHKO Clause: OHKO moves are banned\n|rule|Evasion Moves Clause: Evasion moves are banned\n|rule|Evasion Items Clause: Evasion items are banned\n|rule|Species Clause: Limit one of each Pok\u00e9mon\n|rule|Sleep Clause Mod: Limit one foe put to sleep\n|rule|Mega Rayquaza Clause: You cannot mega evolve Rayquaza\n|clearpoke\n|poke|p1|Klefki, F|\n|poke|p1|Scizor, F|\n|poke|p1|Sableye, M|\n|poke|p1|Galvantula, F|\n|poke|p1|Necrozma-Dawn-Wings|\n|poke|p1|Giratina-Origin|\n|poke|p2|Giratina|\n|poke|p2|Annihilape, F|\n|poke|p2|Mimikyu, F|\n|poke|p2|Mandibuzz, F|\n|poke|p2|Hydreigon, M|\n|poke|p2|Scizor, F|\n|teampreview\n|j| LUWITE\n|j| Koopstrooper\n|c| LUWITE|Beat him\n|c| LUWITE|Its zz\n|c| LUWITE|Just sweep\n|\n|t:|1698457392\n|start\n|switch|p1a: I will hurt yoj|Klefki, F, shiny|100\/100\n|switch|p2a: Hydreigon|Hydreigon, M, shiny|100\/100\n|turn|1\n|\n|t:|1698457401\n|move|p1a: I will hurt yoj|Light Screen|p1a: I will hurt yoj\n|-sidestart|p1: Neonecrozma504|move: Light Screen\n|move|p2a: Hydreigon|U-turn|p1a: I will hurt yoj\n|-resisted|p1a: I will hurt yoj\n|-damage|p1a: I will hurt yoj|98\/100\n|\n|t:|1698457408\n|switch|p2a: Mandibuzz|Mandibuzz, F, shiny|100\/100|[from] U-turn\n|\n|upkeep\n|turn|2\n|\n|t:|1698457416\n|switch|p1a: yeah.|Galvantula, F|100\/100\n|move|p2a: Mandibuzz|Defog|p1a: yeah.\n|-unboost|p1a: yeah.|evasion|1\n|-sideend|p1: Neonecrozma504|move: Light Screen\n|\n|upkeep\n|turn|3\n|c| LUWITE|~~Or I just click focus miss~~\n|\n|t:|1698457433\n|switch|p2a: Giratina|Giratina, shiny|100\/100\n|-ability|p2a: Giratina|Pressure\n|move|p1a: yeah.|Thunder|p2a: Giratina\n|-resisted|p2a: Giratina\n|-damage|p2a: Giratina|85\/100\n|\n|upkeep\n|turn|4\n|c| LUWITE|Such a coward\n|c| LUWITE|And ape\n|\n|t:|1698457487\n|move|p1a: yeah.|Volt Switch|p2a: Giratina\n|-resisted|p2a: Giratina\n|-damage|p2a: Giratina|75\/100\n|\n|t:|1698457493\n|switch|p1a: heheheha|Sableye, M|100\/100|[from] Volt Switch\n|move|p2a: Giratina|Calm Mind|p2a: Giratina\n|-boost|p2a: Giratina|spa|1\n|-boost|p2a: Giratina|spd|1\n|\n|upkeep\n|turn|5\n|\n|t:|1698457574\n|move|p1a: heheheha|Taunt|p2a: Giratina\n|-start|p2a: Giratina|move: Taunt\n|move|p2a: Giratina|Shadow Ball|p1a: heheheha\n|-damage|p1a: heheheha|43\/100\n|-unboost|p1a: heheheha|spd|1\n|\n|-heal|p1a: heheheha|50\/100|[from] item: Leftovers\n|upkeep\n|turn|6\n|\n|t:|1698457589\n|switch|p1a: I will hurt yoj|Klefki, F, shiny|98\/100\n|move|p2a: Giratina|Shadow Ball|p1a: I will hurt yoj\n|-damage|p1a: I will hurt yoj|36\/100\n|\n|upkeep\n|turn|7\n|\n|t:|1698457603\n|move|p1a: I will hurt yoj|Light Screen|p1a: I will hurt yoj\n|-sidestart|p1: Neonecrozma504|move: Light Screen\n|move|p2a: Giratina|Shadow Ball|p1a: I will hurt yoj\n|-damage|p1a: I will hurt yoj|6\/100\n|\n|-end|p2a: Giratina|move: Taunt\n|upkeep\n|turn|8\n|\n|t:|1698457609\n|switch|p2a: Mandibuzz|Mandibuzz, F, shiny|100\/100\n|move|p1a: I will hurt yoj|Thunder Wave|p2a: Mandibuzz\n|-hint|Since gen 7, Dark is immune to Prankster moves.\n|-immune|p2a: Mandibuzz\n|\n|upkeep\n|turn|9\n|\n|t:|1698457624\n|switch|p1a: yeah.|Galvantula, F|100\/100\n|move|p2a: Mandibuzz|Defog|p1a: yeah.\n|-unboost|p1a: yeah.|evasion|1\n|-sideend|p1: Neonecrozma504|move: Light Screen\n|\n|upkeep\n|turn|10\n|c| LUWITE|lol\n|\n|t:|1698457635\n|switch|p2a: Giratina|Giratina, shiny|75\/100\n|-ability|p2a: Giratina|Pressure\n|move|p1a: yeah.|Thunder|p2a: Giratina\n|-resisted|p2a: Giratina\n|-damage|p2a: Giratina|59\/100\n|\n|upkeep\n|turn|11\n|\n|t:|1698457651\n|move|p1a: yeah.|Thunder|p2a: Giratina\n|-resisted|p2a: Giratina\n|-damage|p2a: Giratina|43\/100\n|move|p2a: Giratina|Calm Mind|p2a: Giratina\n|-boost|p2a: Giratina|spa|1\n|-boost|p2a: Giratina|spd|1\n|\n|upkeep\n|turn|12\n|\n|t:|1698457657\n|move|p1a: yeah.|Thunder|p2a: Giratina\n|-resisted|p2a: Giratina\n|-damage|p2a: Giratina|34\/100\n|-status|p2a: Giratina|par\n|move|p2a: Giratina|Shadow Ball|p1a: yeah.\n|-damage|p1a: yeah.|1\/100\n|\n|upkeep\n|turn|13\n|j| OneRandomMawile\n|c| LUWITE|oh no I have to fight beastly's beedrill next\n|\n|t:|1698457669\n|move|p1a: yeah.|Sticky Web|p2a: Giratina\n|-sidestart|p2: Zzalen|move: Sticky Web\n|move|p2a: Giratina|Shadow Ball|p1a: yeah.\n|-damage|p1a: yeah.|0 fnt\n|faint|p1a: yeah.\n|\n|upkeep\n|\n|t:|1698457681\n|switch|p1a: Meow.|Scizor, F|100\/100\n|turn|14\n|\n|t:|1698457703\n|detailschange|p1a: Meow.|Scizor-Mega, F\n|-mega|p1a: Meow.|Scizor|Scizorite\n|move|p1a: Meow.|Knock Off|p2a: Giratina\n|-supereffective|p2a: Giratina\n|-enditem|p2a: Giratina|Colbur Berry|[eat]\n|-enditem|p2a: Giratina|Colbur Berry|[weaken]\n|-damage|p2a: Giratina|5\/100 par\n|move|p2a: Giratina|Shadow Ball|p1a: Meow.\n|-damage|p1a: Meow.|49\/100\n|\n|upkeep\n|turn|15\n|\n|t:|1698457716\n|move|p1a: Meow.|Bullet Punch|p2a: Giratina\n|-damage|p2a: Giratina|0 fnt\n|faint|p2a: Giratina\n|\n|upkeep\n|\n|t:|1698457723\n|switch|p2a: Annihilape|Annihilape, F, shiny|100\/100\n|-activate|p2a: Annihilape|move: Sticky Web\n|-unboost|p2a: Annihilape|spe|1\n|-ability|p2a: Annihilape|Defiant|boost\n|-boost|p2a: Annihilape|atk|2\n|turn|16\n|c| LUWITE|defiant moment\n|c| OneRandomMawile|Annihilape Escape\n|c| LUWITE|wait I couldve done that vs someone hmmm\n|\n|t:|1698457751\n|move|p1a: Meow.|Bug Bite|p2a: Annihilape\n|-resisted|p2a: Annihilape\n|-damage|p2a: Annihilape|86\/100\n|-enditem|p2a: Annihilape|Kasib Berry|[from] stealeat|[move] Bug Bite|[of] p1a: Meow.\n|move|p2a: Annihilape|Rage Fist|p1a: Meow.\n|-damage|p1a: Meow.|0 fnt\n|faint|p1a: Meow.\n|\n|upkeep\n|c| LUWITE|kasib best berry\n|\n|t:|1698457761\n|switch|p1a: I will hurt yoj|Klefki, F, shiny|6\/100\n|turn|17\n|c| OneRandomMawile|LMFAO\n|c| LUWITE|ghost?\n|\n|t:|1698457826\n|switch|p2a: Mandibuzz|Mandibuzz, F, shiny|100\/100\n|move|p1a: I will hurt yoj|Reflect|p1a: I will hurt yoj\n|-sidestart|p1: Neonecrozma504|Reflect\n|\n|upkeep\n|turn|18\n|c| LUWITE|neo did the right move\n|c| OneRandomMawile|I wonder how poltergeist interacts with kasib berry\n|c| LUWITE|its like knock off weakness prob\n|\n|t:|1698457851\n|move|p2a: Mandibuzz|Foul Play|p1a: I will hurt yoj\n|-resisted|p1a: I will hurt yoj\n|-damage|p1a: I will hurt yoj|3\/100\n|move|p1a: I will hurt yoj|Foul Play|p2a: Mandibuzz\n|-resisted|p2a: Mandibuzz\n|-damage|p2a: Mandibuzz|97\/100\n|-damage|p1a: I will hurt yoj|0 fnt|[from] item: Rocky Helmet|[of] p2a: Mandibuzz\n|faint|p1a: I will hurt yoj\n|\n|upkeep\n|c| OneRandomMawile|Probably\n|c| LUWITE|the 3%s\n|\n|t:|1698457869\n|switch|p1a: omg is me|Necrozma-Dawn-Wings|100\/100\n|turn|19\n|\n|t:|1698457875\n|move|p1a: omg is me|Autotomize|p1a: omg is me\n|-boost|p1a: omg is me|spe|2\n|-start|p1a: omg is me|Autotomize\n|move|p2a: Mandibuzz|Toxic|p1a: omg is me|[miss]\n|-miss|p2a: Mandibuzz|p1a: omg is me\n|\n|upkeep\n|turn|20\n|\n|t:|1698457883\n|move|p1a: omg is me|Signal Beam|p2a: Mandibuzz\n|-damage|p2a: Mandibuzz|74\/100\n|-start|p2a: Mandibuzz|confusion\n|-activate|p2a: Mandibuzz|confusion\n|move|p2a: Mandibuzz|Toxic|p1a: omg is me\n|-status|p1a: omg is me|tox\n|\n|-damage|p1a: omg is me|94\/100 tox|[from] psn\n|upkeep\n|turn|21\n|\n|t:|1698457890\n|move|p1a: omg is me|Signal Beam|p2a: Mandibuzz\n|-damage|p2a: Mandibuzz|50\/100\n|-activate|p2a: Mandibuzz|confusion\n|-damage|p2a: Mandibuzz|47\/100|[from] confusion\n|\n|-damage|p1a: omg is me|82\/100 tox|[from] psn\n|upkeep\n|turn|22\n|\n|t:|1698457901\n|switch|p2a: Scizor|Scizor, F, shiny|100\/100\n|-activate|p2a: Scizor|move: Sticky Web\n|-unboost|p2a: Scizor|spe|1\n|move|p1a: omg is me|Signal Beam|p2a: Scizor\n|-resisted|p2a: Scizor\n|-crit|p2a: Scizor\n|-damage|p2a: Scizor|83\/100\n|\n|-damage|p1a: omg is me|64\/100 tox|[from] psn\n|upkeep\n|turn|23\n|c| LUWITE|double crit into drop trust\n|\n|t:|1698457907\n|switch|p2a: Mandibuzz|Mandibuzz, F, shiny|47\/100\n|move|p1a: omg is me|Moongeist Beam|p2a: Mandibuzz\n|-resisted|p2a: Mandibuzz\n|-damage|p2a: Mandibuzz|23\/100\n|\n|-damage|p1a: omg is me|40\/100 tox|[from] psn\n|upkeep\n|turn|24\n|\n|t:|1698457919\n|move|p1a: omg is me|Signal Beam|p2a: Mandibuzz\n|-damage|p2a: Mandibuzz|0 fnt\n|faint|p2a: Mandibuzz\n|\n|-damage|p1a: omg is me|10\/100 tox|[from] psn\n|-sideend|p1: Neonecrozma504|Reflect\n|upkeep\n|c| LUWITE|I wonder what mon is free rn\n|c| OneRandomMawile|Koops make sure to update bracket\n|\n|t:|1698457967\n|switch|p2a: Mimikyu|Mimikyu, F, shiny|100\/100\n|-activate|p2a: Mimikyu|move: Sticky Web\n|-unboost|p2a: Mimikyu|spe|1\n|turn|25\n|\n|t:|1698457973\n|move|p2a: Mimikyu|Shadow Sneak|p1a: omg is me\n|-supereffective|p1a: omg is me\n|-damage|p1a: omg is me|0 fnt\n|faint|p1a: omg is me\n|-damage|p2a: Mimikyu|91\/100|[from] item: Life Orb\n|\n|upkeep\n|\n|t:|1698457978\n|switch|p1a: heheheha|Sableye, M|50\/100\n|turn|26\n|c| LUWITE|no sd?\n|\n|t:|1698457994\n|switch|p2a: Hydreigon|Hydreigon, M, shiny|100\/100\n|move|p1a: heheheha|Will-O-Wisp|p2a: Hydreigon\n|-hint|Since gen 7, Dark is immune to Prankster moves.\n|-immune|p2a: Hydreigon\n|\n|-heal|p1a: heheheha|56\/100|[from] item: Leftovers\n|upkeep\n|turn|27\n|c| LUWITE|zzalen wouldve forgor trust\n|\n|t:|1698458004\n|switch|p1a: hey vsauce|Giratina-Origin, shiny|100\/100\n|move|p2a: Hydreigon|Dark Pulse|p1a: hey vsauce\n|-supereffective|p1a: hey vsauce\n|-damage|p1a: hey vsauce|42\/100\n|\n|upkeep\n|turn|28\n|\n|t:|1698458018\n|move|p2a: Hydreigon|Dark Pulse|p1a: hey vsauce\n|-supereffective|p1a: hey vsauce\n|-damage|p1a: hey vsauce|0 fnt\n|faint|p1a: hey vsauce\n|\n|upkeep\n|\n|t:|1698458021\n|switch|p1a: heheheha|Sableye, M|56\/100\n|turn|29\n|c| LUWITE|oh right its scarf\n|\n|t:|1698458024\n|move|p2a: Hydreigon|Dark Pulse|p1a: heheheha\n|-damage|p1a: heheheha|11\/100\n|move|p1a: heheheha|Knock Off|p2a: Hydreigon\n|-resisted|p2a: Hydreigon\n|-damage|p2a: Hydreigon|87\/100\n|-enditem|p2a: Hydreigon|Choice Scarf|[from] move: Knock Off|[of] p1a: heheheha\n|\n|-heal|p1a: heheheha|17\/100|[from] item: Leftovers\n|upkeep\n|turn|30\n|\n|t:|1698458035\n|move|p2a: Hydreigon|Dark Pulse|p1a: heheheha\n|-damage|p1a: heheheha|0 fnt\n|faint|p1a: heheheha\n|\n|win|Zzalen\n|l|\u2606Neonecrozma504\n|l| OneRandomMawile\n|l| Koopstrooper\n","uploadtime":1698458089,"views":12,"p1id":"neonecrozma504","p2id":"zzalen","formatid":"gen9nationaldexubers","rating":0,"private":0,"password":""}