{"id":"gen9nationaldexubers-1978925493","p1":"Guj Genera","p2":"Pex hater","format":"[Gen 9] National Dex Ubers","log":"|j|\u2606Guj Genera\n|j|\u2606Pex hater\n|t:|1698610949\n|gametype|singles\n|player|p1|Guj Genera|red|\n|player|p2|Pex hater|cheryl|\n|teamsize|p1|6\n|teamsize|p2|6\n|gen|9\n|tier|[Gen 9] National Dex Ubers\n|rule|HP Percentage Mod: HP is shown in percentages\n|rule|Endless Battle Clause: Forcing endless battles is banned\n|rule|OHKO Clause: OHKO moves are banned\n|rule|Evasion Moves Clause: Evasion moves are banned\n|rule|Evasion Items Clause: Evasion items are banned\n|rule|Species Clause: Limit one of each Pok\u00e9mon\n|rule|Sleep Clause Mod: Limit one foe put to sleep\n|rule|Mega Rayquaza Clause: You cannot mega evolve Rayquaza\n|clearpoke\n|poke|p1|Zeraora|\n|poke|p1|Inteleon, M|\n|poke|p1|Diancie|\n|poke|p1|Kommo-o, M|\n|poke|p1|Kartana|\n|poke|p1|Landorus-Therian, M|\n|poke|p2|Sneasler, M|\n|poke|p2|Venusaur, M|\n|poke|p2|Weezing-Galar, F|\n|poke|p2|Toxapex, M|\n|poke|p2|Slowking-Galar, F|\n|poke|p2|Overqwil, F|\n|teampreview\n|inactive|Battle timer is ON: inactive players will automatically lose when time's up. (requested by Guj Genera)\n|\n|t:|1698610965\n|start\n|switch|p1a: Diancie|Diancie, shiny|100\/100\n|switch|p2a: On the menu|Venusaur, M|100\/100\n|turn|1\n|c|\u2606Guj Genera|I choose violence\n|\n|t:|1698610971\n|detailschange|p1a: Diancie|Diancie-Mega, shiny\n|-mega|p1a: Diancie|Diancie|Diancite\n|detailschange|p2a: On the menu|Venusaur-Mega, M\n|-mega|p2a: On the menu|Venusaur|Venusaurite\n|move|p1a: Diancie|Stealth Rock|p2a: On the menu\n|-sidestart|p2: Pex hater|move: Stealth Rock\n|move|p2a: On the menu|Giga Drain|p1a: Diancie\n|-supereffective|p1a: Diancie\n|-damage|p1a: Diancie|21\/100\n|\n|upkeep\n|turn|2\n|c|\u2606Pex hater|violence is a good answer\n|\n|t:|1698610980\n|move|p1a: Diancie|Diamond Storm|p2a: On the menu\n|-damage|p2a: On the menu|68\/100\n|move|p2a: On the menu|Giga Drain|p1a: Diancie\n|-supereffective|p1a: Diancie\n|-damage|p1a: Diancie|0 fnt\n|-heal|p2a: On the menu|75\/100|[from] drain|[of] p1a: Diancie\n|faint|p1a: Diancie\n|\n|upkeep\n|\n|t:|1698610985\n|switch|p1a: Kartana|Kartana, shiny|100\/100\n|turn|3\n|\n|t:|1698610987\n|switch|p2a: Overqwil|Overqwil, F|100\/100\n|-damage|p2a: Overqwil|88\/100|[from] Stealth Rock\n|-ability|p2a: Overqwil|Intimidate|boost\n|-unboost|p1a: Kartana|atk|1\n|move|p1a: Kartana|Psycho Cut|p2a: Overqwil\n|-immune|p2a: Overqwil\n|\n|-heal|p2a: Overqwil|94\/100|[from] item: Black Sludge\n|upkeep\n|turn|4\n|\n|t:|1698610994\n|switch|p1a: Landorus|Landorus-Therian, M, shiny|100\/100\n|-ability|p1a: Landorus|Intimidate|boost\n|-unboost|p2a: Overqwil|atk|1\n|switch|p2a: Indubitably|Weezing-Galar, F|100\/100\n|-damage|p2a: Indubitably|88\/100|[from] Stealth Rock\n|\n|-heal|p2a: Indubitably|94\/100|[from] item: Black Sludge\n|upkeep\n|turn|5\n|\n|t:|1698611003\n|move|p1a: Landorus|U-turn|p2a: Indubitably\n|-resisted|p2a: Indubitably\n|-damage|p2a: Indubitably|91\/100\n|\n|t:|1698611006\n|switch|p1a: Inteleon|Inteleon, M, shiny|100\/100|[from] U-turn\n|move|p2a: Indubitably|Defog|p1a: Inteleon\n|-unboost|p1a: Inteleon|evasion|1\n|-sideend|p2: Pex hater|Stealth Rock|[from] move: Defog|[of] p2a: Indubitably\n|\n|-heal|p2a: Indubitably|97\/100|[from] item: Black Sludge\n|upkeep\n|turn|6\n|\n|t:|1698611016\n|switch|p2a: oo ee oo ah ah|Slowking-Galar, F|100\/100\n|move|p1a: Inteleon|Ice Beam|p2a: oo ee oo ah ah\n|-damage|p2a: oo ee oo ah ah|73\/100\n|-status|p2a: oo ee oo ah ah|frz\n|\n|upkeep\n|turn|7\n|\n|t:|1698611021\n|switch|p1a: Zeraora|Zeraora, shiny|100\/100\n|cant|p2a: oo ee oo ah ah|frz\n|\n|upkeep\n|turn|8\n|\n|t:|1698611032\n|switch|p2a: On the menu|Venusaur-Mega, M|75\/100\n|move|p1a: Zeraora|Plasma Fists|p2a: On the menu\n|-resisted|p2a: On the menu\n|-crit|p2a: On the menu\n|-damage|p2a: On the menu|53\/100\n|-fieldactivate|move: Ion Deluge\n|-hint|Normal-type moves become Electric-type after using Plasma Fists.\n|\n|upkeep\n|turn|9\n|\n|t:|1698611036\n|move|p1a: Zeraora|Close Combat|p2a: On the menu\n|-resisted|p2a: On the menu\n|-damage|p2a: On the menu|43\/100\n|-unboost|p1a: Zeraora|def|1\n|-unboost|p1a: Zeraora|spd|1\n|move|p2a: On the menu|Synthesis|p2a: On the menu\n|-heal|p2a: On the menu|93\/100\n|\n|upkeep\n|turn|10\n|\n|t:|1698611042\n|move|p1a: Zeraora|Plasma Fists|p2a: On the menu\n|-resisted|p2a: On the menu\n|-damage|p2a: On the menu|78\/100\n|-fieldactivate|move: Ion Deluge\n|-hint|Normal-type moves become Electric-type after using Plasma Fists.\n|move|p2a: On the menu|Hidden Power|p1a: Zeraora\n|-damage|p1a: Zeraora|67\/100\n|\n|upkeep\n|turn|11\n|\n|t:|1698611050\n|switch|p1a: Kommo-o|Kommo-o, M, shiny|100\/100\n|move|p2a: On the menu|Hidden Power|p1a: Kommo-o\n|-resisted|p1a: Kommo-o\n|-damage|p1a: Kommo-o|91\/100\n|\n|upkeep\n|turn|12\n|\n|t:|1698611056\n|switch|p2a: Indubitably|Weezing-Galar, F|97\/100\n|-zpower|p1a: Kommo-o\n|move|p1a: Kommo-o|Clangorous Soulblaze|p2a: Indubitably|[zeffect]\n|-immune|p2a: Indubitably\n|\n|-heal|p2a: Indubitably|100\/100|[from] item: Black Sludge\n|upkeep\n|turn|13\n|\n|t:|1698611061\n|move|p1a: Kommo-o|Earthquake|p2a: Indubitably\n|-immune|p2a: Indubitably|[from] ability: Levitate\n|move|p2a: Indubitably|Will-O-Wisp|p1a: Kommo-o\n|-status|p1a: Kommo-o|brn\n|\n|-damage|p1a: Kommo-o|85\/100 brn|[from] brn\n|upkeep\n|turn|14\n|\n|t:|1698611066\n|move|p1a: Kommo-o|Close Combat|p2a: Indubitably\n|-resisted|p2a: Indubitably\n|-damage|p2a: Indubitably|96\/100\n|-unboost|p1a: Kommo-o|def|1\n|-unboost|p1a: Kommo-o|spd|1\n|move|p2a: Indubitably|Strange Steam|p1a: Kommo-o\n|-supereffective|p1a: Kommo-o\n|-damage|p1a: Kommo-o|0 fnt\n|faint|p1a: Kommo-o\n|\n|-heal|p2a: Indubitably|100\/100|[from] item: Black Sludge\n|upkeep\n|\n|t:|1698611069\n|switch|p1a: Inteleon|Inteleon, M, shiny|100\/100\n|turn|15\n|\n|t:|1698611072\n|switch|p2a: oo ee oo ah ah|Slowking-Galar, F|100\/100 frz\n|move|p1a: Inteleon|Ice Beam|p2a: oo ee oo ah ah\n|-damage|p2a: oo ee oo ah ah|70\/100 frz\n|\n|upkeep\n|turn|16\n|\n|t:|1698611075\n|switch|p1a: Kartana|Kartana, shiny|100\/100\n|switch|p2a: the faithless|Toxapex, M|100\/100\n|\n|upkeep\n|turn|17\n|\n|t:|1698611081\n|switch|p2a: Overqwil|Overqwil, F|94\/100\n|-ability|p2a: Overqwil|Intimidate|boost\n|-unboost|p1a: Kartana|atk|1\n|move|p1a: Kartana|Psycho Cut|p2a: Overqwil\n|-immune|p2a: Overqwil\n|\n|-heal|p2a: Overqwil|100\/100|[from] item: Black Sludge\n|upkeep\n|turn|18\n|\n|t:|1698611085\n|switch|p1a: Landorus|Landorus-Therian, M, shiny|100\/100\n|-ability|p1a: Landorus|Intimidate|boost\n|-unboost|p2a: Overqwil|atk|1\n|move|p2a: Overqwil|Spikes|p1a: Landorus\n|-sidestart|p1: Guj Genera|Spikes\n|\n|upkeep\n|turn|19\n|\n|t:|1698611089\n|switch|p2a: Indubitably|Weezing-Galar, F|100\/100\n|move|p1a: Landorus|Stealth Rock|p2a: Indubitably\n|-sidestart|p2: Pex hater|move: Stealth Rock\n|\n|upkeep\n|turn|20\n|\n|t:|1698611093\n|move|p1a: Landorus|U-turn|p2a: Indubitably\n|-resisted|p2a: Indubitably\n|-damage|p2a: Indubitably|97\/100\n|\n|t:|1698611097\n|switch|p1a: Kartana|Kartana, shiny|100\/100|[from] U-turn\n|-damage|p1a: Kartana|88\/100|[from] Spikes\n|move|p2a: Indubitably|Will-O-Wisp|p1a: Kartana\n|-status|p1a: Kartana|brn\n|\n|-heal|p2a: Indubitably|100\/100|[from] item: Black Sludge\n|-damage|p1a: Kartana|82\/100 brn|[from] brn\n|upkeep\n|turn|21\n|\n|t:|1698611102\n|move|p1a: Kartana|Sacred Sword|p2a: Indubitably\n|-resisted|p2a: Indubitably\n|-damage|p2a: Indubitably|97\/100\n|move|p2a: Indubitably|Defog|p1a: Kartana\n|-unboost|p1a: Kartana|evasion|1\n|-sideend|p1: Guj Genera|Spikes|[from] move: Defog|[of] p2a: Indubitably\n|-sideend|p2: Pex hater|Stealth Rock|[from] move: Defog|[of] p2a: Indubitably\n|\n|-heal|p2a: Indubitably|100\/100|[from] item: Black Sludge\n|-damage|p1a: Kartana|76\/100 brn|[from] brn\n|upkeep\n|turn|22\n|\n|t:|1698611109\n|switch|p1a: Landorus|Landorus-Therian, M, shiny|100\/100\n|-ability|p1a: Landorus|Intimidate|boost\n|-unboost|p2a: Indubitably|atk|1\n|move|p2a: Indubitably|Will-O-Wisp|p1a: Landorus\n|-status|p1a: Landorus|brn\n|\n|-damage|p1a: Landorus|94\/100 brn|[from] brn\n|upkeep\n|turn|23\n|\n|t:|1698611118\n|move|p1a: Landorus|U-turn|p2a: Indubitably\n|-resisted|p2a: Indubitably\n|-damage|p2a: Indubitably|99\/100\n|\n|t:|1698611126\n|switch|p1a: Kartana|Kartana, shiny|76\/100 brn|[from] U-turn\n|move|p2a: Indubitably|Strange Steam|p1a: Kartana\n|-resisted|p1a: Kartana\n|-damage|p1a: Kartana|32\/100 brn\n|\n|-heal|p2a: Indubitably|100\/100|[from] item: Black Sludge\n|-damage|p1a: Kartana|26\/100 brn|[from] brn\n|upkeep\n|turn|24\n|\n|t:|1698611130\n|switch|p2a: Overqwil|Overqwil, F|100\/100\n|-ability|p2a: Overqwil|Intimidate|boost\n|-unboost|p1a: Kartana|atk|1\n|move|p1a: Kartana|Psycho Cut|p2a: Overqwil\n|-immune|p2a: Overqwil\n|\n|-damage|p1a: Kartana|19\/100 brn|[from] brn\n|upkeep\n|turn|25\n|\n|t:|1698611135\n|move|p1a: Kartana|Psycho Cut|p2a: Overqwil\n|-immune|p2a: Overqwil\n|move|p2a: Overqwil|Barb Barrage|p1a: Kartana\n|-immune|p1a: Kartana\n|\n|-damage|p1a: Kartana|13\/100 brn|[from] brn\n|upkeep\n|turn|26\n|\n|t:|1698611138\n|move|p1a: Kartana|Psycho Cut|p2a: Overqwil\n|-immune|p2a: Overqwil\n|move|p2a: Overqwil|Spikes|p1a: Kartana\n|-sidestart|p1: Guj Genera|Spikes\n|\n|-damage|p1a: Kartana|7\/100 brn|[from] brn\n|upkeep\n|turn|27\n|c|\u2606Guj Genera|Not trying now\n|\n|t:|1698611155\n|switch|p1a: Landorus|Landorus-Therian, M, shiny|94\/100 brn\n|-ability|p1a: Landorus|Intimidate|boost\n|-unboost|p2a: Overqwil|atk|1\n|move|p2a: Overqwil|Spikes|p1a: Landorus\n|-sidestart|p1: Guj Genera|Spikes\n|\n|-damage|p1a: Landorus|88\/100 brn|[from] brn\n|upkeep\n|turn|28\n|\n|t:|1698611171\n|switch|p2a: On the menu|Venusaur-Mega, M|78\/100\n|move|p1a: Landorus|U-turn|p2a: On the menu\n|-damage|p2a: On the menu|71\/100\n|\n|t:|1698611179\n|switch|p1a: Inteleon|Inteleon, M, shiny|100\/100|[from] U-turn\n|-damage|p1a: Inteleon|84\/100|[from] Spikes\n|\n|upkeep\n|turn|29\n|\n|t:|1698611182\n|move|p1a: Inteleon|Ice Beam|p2a: On the menu\n|-supereffective|p2a: On the menu\n|-damage|p2a: On the menu|37\/100\n|-status|p2a: On the menu|frz\n|cant|p2a: On the menu|frz\n|\n|upkeep\n|turn|30\n|\n|t:|1698611189\n|switch|p2a: the faithless|Toxapex, M|100\/100\n|move|p1a: Inteleon|Ice Beam|p2a: the faithless\n|-resisted|p2a: the faithless\n|-damage|p2a: the faithless|80\/100\n|\n|upkeep\n|turn|31\n|\n|t:|1698611193\n|switch|p1a: Landorus|Landorus-Therian, M, shiny|88\/100 brn\n|-ability|p1a: Landorus|Intimidate|boost\n|-unboost|p2a: the faithless|atk|1\n|move|p2a: the faithless|Toxic Spikes|p1a: Landorus\n|-sidestart|p1: Guj Genera|move: Toxic Spikes\n|\n|-damage|p1a: Landorus|82\/100 brn|[from] brn\n|upkeep\n|turn|32\n|\n|t:|1698611198\n|switch|p2a: Indubitably|Weezing-Galar, F|100\/100\n|move|p1a: Landorus|Stealth Rock|p2a: Indubitably\n|-sidestart|p2: Pex hater|move: Stealth Rock\n|\n|-damage|p1a: Landorus|76\/100 brn|[from] brn\n|upkeep\n|turn|33\n|\n|t:|1698611203\n|move|p1a: Landorus|U-turn|p2a: Indubitably\n|-resisted|p2a: Indubitably\n|-damage|p2a: Indubitably|99\/100\n|\n|t:|1698611206\n|switch|p1a: Kartana|Kartana, shiny|7\/100 brn|[from] U-turn\n|-damage|p1a: Kartana|0 fnt|[from] Spikes\n|faint|p1a: Kartana\n|move|p2a: Indubitably|Strange Steam|p1: Kartana|[notarget]\n|-fail|p2a: Indubitably\n|\n|-heal|p2a: Indubitably|100\/100|[from] item: Black Sludge\n|upkeep\n|\n|t:|1698611209\n|switch|p1a: Landorus|Landorus-Therian, M, shiny|76\/100 brn\n|-ability|p1a: Landorus|Intimidate|boost\n|-unboost|p2a: Indubitably|atk|1\n|turn|34\n|\n|t:|1698611213\n|move|p1a: Landorus|U-turn|p2a: Indubitably\n|-resisted|p2a: Indubitably\n|-damage|p2a: Indubitably|99\/100\n|\n|t:|1698611216\n|switch|p1a: Inteleon|Inteleon, M, shiny|84\/100|[from] U-turn\n|-damage|p1a: Inteleon|68\/100|[from] Spikes\n|-status|p1a: Inteleon|psn\n|move|p2a: Indubitably|Strange Steam|p1a: Inteleon|[miss]\n|-miss|p2a: Indubitably|p1a: Inteleon\n|\n|-heal|p2a: Indubitably|100\/100|[from] item: Black Sludge\n|-damage|p1a: Inteleon|55\/100 psn|[from] psn\n|upkeep\n|turn|35\n|\n|t:|1698611222\n|switch|p2a: oo ee oo ah ah|Slowking-Galar, F|100\/100 frz\n|move|p1a: Inteleon|Snipe Shot|p2a: oo ee oo ah ah\n|-damage|p2a: oo ee oo ah ah|62\/100 frz\n|\n|-damage|p1a: Inteleon|43\/100 psn|[from] psn\n|upkeep\n|turn|36\n|\n|t:|1698611225\n|switch|p2a: the faithless|Toxapex, M|100\/100\n|move|p1a: Inteleon|Snipe Shot|p2a: the faithless\n|-resisted|p2a: the faithless\n|-damage|p2a: the faithless|75\/100\n|\n|-damage|p1a: Inteleon|30\/100 psn|[from] psn\n|upkeep\n|turn|37\n|\n|t:|1698611230\n|move|p1a: Inteleon|Snipe Shot|p2a: the faithless\n|-resisted|p2a: the faithless\n|-damage|p2a: the faithless|52\/100\n|move|p2a: the faithless|Recover|p2a: the faithless\n|-heal|p2a: the faithless|100\/100\n|\n|-damage|p1a: Inteleon|18\/100 psn|[from] psn\n|upkeep\n|turn|38\n|\n|t:|1698611233\n|move|p1a: Inteleon|Snipe Shot|p2a: the faithless\n|-resisted|p2a: the faithless\n|-crit|p2a: the faithless\n|-damage|p2a: the faithless|48\/100\n|move|p2a: the faithless|Toxic Spikes|p1a: Inteleon\n|-sidestart|p1: Guj Genera|move: Toxic Spikes\n|\n|-damage|p1a: Inteleon|5\/100 psn|[from] psn\n|upkeep\n|turn|39\n|\n|t:|1698611240\n|switch|p2a: oo ee oo ah ah|Slowking-Galar, F|95\/100 frz\n|move|p1a: Inteleon|Snipe Shot|p2a: oo ee oo ah ah\n|-crit|p2a: oo ee oo ah ah\n|-damage|p2a: oo ee oo ah ah|15\/100 frz\n|\n|-damage|p1a: Inteleon|0 fnt|[from] psn\n|faint|p1a: Inteleon\n|upkeep\n|\n|t:|1698611243\n|switch|p1a: Zeraora|Zeraora, shiny|67\/100\n|-damage|p1a: Zeraora|50\/100|[from] Spikes\n|-status|p1a: Zeraora|tox\n|turn|40\n|\n|t:|1698611246\n|switch|p2a: Indubitably|Weezing-Galar, F|100\/100\n|-damage|p2a: Indubitably|88\/100|[from] Stealth Rock\n|move|p1a: Zeraora|Plasma Fists|p2a: Indubitably\n|-damage|p2a: Indubitably|59\/100\n|-fieldactivate|move: Ion Deluge\n|-hint|Normal-type moves become Electric-type after using Plasma Fists.\n|\n|-heal|p2a: Indubitably|65\/100|[from] item: Black Sludge\n|-damage|p1a: Zeraora|44\/100 tox|[from] psn\n|upkeep\n|turn|41\n|l|\u2606Guj Genera\n|inactive|Guj Genera disconnected and has 300 seconds to reconnect!\n|player|p1|\n|c|\u2606Pex hater|gg?\n|j|\u2606Guj Genera\n|inactive|Guj Genera reconnected and has 295 seconds left.\n|player|p1|Guj Genera|red\n|\n|t:|1698611279\n|move|p1a: Zeraora|Plasma Fists|p2a: Indubitably\n|-damage|p2a: Indubitably|33\/100\n|-fieldactivate|move: Ion Deluge\n|-hint|Normal-type moves become Electric-type after using Plasma Fists.\n|move|p2a: Indubitably|Strange Steam|p1a: Zeraora\n|-damage|p1a: Zeraora|12\/100 tox\n|\n|-heal|p2a: Indubitably|39\/100|[from] item: Black Sludge\n|-damage|p1a: Zeraora|0 fnt|[from] psn\n|faint|p1a: Zeraora\n|upkeep\n|\n|t:|1698611281\n|switch|p1a: Landorus|Landorus-Therian, M, shiny|76\/100 brn\n|-ability|p1a: Landorus|Intimidate|boost\n|-unboost|p2a: Indubitably|atk|1\n|turn|42\n|\n|t:|1698611283\n|move|p1a: Landorus|U-turn|p2a: Indubitably\n|-resisted|p2a: Indubitably\n|-damage|p2a: Indubitably|37\/100\n|move|p2a: Indubitably|Pain Split|p1a: Landorus\n|-sethp|p1a: Landorus|55\/100 brn|[from] move: Pain Split|[silent]\n|-sethp|p2a: Indubitably|62\/100|[from] move: Pain Split\n|\n|-heal|p2a: Indubitably|68\/100|[from] item: Black Sludge\n|-damage|p1a: Landorus|49\/100 brn|[from] brn\n|upkeep\n|turn|43\n|\n|t:|1698611286\n|move|p1a: Landorus|U-turn|p2a: Indubitably\n|-resisted|p2a: Indubitably\n|-damage|p2a: Indubitably|67\/100\n|move|p2a: Indubitably|Strange Steam|p1a: Landorus\n|-damage|p1a: Landorus|21\/100 brn\n|\n|-heal|p2a: Indubitably|73\/100|[from] item: Black Sludge\n|-damage|p1a: Landorus|15\/100 brn|[from] brn\n|upkeep\n|turn|44\n|\n|t:|1698611288\n|move|p1a: Landorus|U-turn|p2a: Indubitably\n|-resisted|p2a: Indubitably\n|-damage|p2a: Indubitably|71\/100\n|move|p2a: Indubitably|Strange Steam|p1a: Landorus\n|-damage|p1a: Landorus|0 fnt\n|faint|p1a: Landorus\n|\n|win|Pex hater\n","uploadtime":1698611296,"views":33,"p1id":"gujgenera","p2id":"pexhater","formatid":"gen9nationaldexubers","rating":0,"private":0,"password":""}