{"id":"gen9nationaldexubers-1994271366","p1":"Kaden.woodard","p2":"John-Halsey","format":"[Gen 9] National Dex Ubers","log":"|j|\u2606Kaden.woodard\n|j|\u2606John-Halsey\n|t:|1700425635\n|gametype|singles\n|player|p1|Kaden.woodard|101|1126\n|player|p2|John-Halsey|veteran|1173\n|teamsize|p1|6\n|teamsize|p2|6\n|gen|9\n|tier|[Gen 9] National Dex Ubers\n|rated|\n|rule|HP Percentage Mod: HP is shown in percentages\n|rule|Endless Battle Clause: Forcing endless battles is banned\n|rule|OHKO Clause: OHKO moves are banned\n|rule|Evasion Moves Clause: Evasion moves are banned\n|rule|Evasion Items Clause: Evasion items are banned\n|rule|Species Clause: Limit one of each Pok\u00e9mon\n|rule|Sleep Clause Mod: Limit one foe put to sleep\n|rule|Mega Rayquaza Clause: You cannot mega evolve Rayquaza\n|clearpoke\n|poke|p1|Arceus-Dark|\n|poke|p1|Mewtwo|\n|poke|p1|Pheromosa|\n|poke|p1|Ogerpon-Hearthflame, F|\n|poke|p1|Eternatus|\n|poke|p1|Zacian-*|\n|poke|p2|Ho-Oh|\n|poke|p2|Torkoal, F|\n|poke|p2|Chansey, F|\n|poke|p2|Great Tusk|\n|poke|p2|Weezing-Galar, M|\n|poke|p2|Zoroark-Hisui, M|\n|teampreview\n|\n|t:|1700425656\n|start\n|switch|p1a: Mewtwo|Mewtwo|100\/100\n|switch|p2a: Torkoal|Torkoal, F|100\/100\n|-ability|p1a: Mewtwo|Pressure\n|turn|1\n|\n|t:|1700425668\n|detailschange|p1a: Mewtwo|Mewtwo-Mega-Y\n|-mega|p1a: Mewtwo|Mewtwo|Mewtwonite Y\n|move|p1a: Mewtwo|Earthquake|p2a: Torkoal\n|-damage|p2a: Torkoal|37\/100\n|replace|p2a: Zoroark|Zoroark-Hisui, M\n|-end|p2a: Zoroark|Illusion\n|move|p2a: Zoroark|Shadow Ball|p1a: Mewtwo\n|-supereffective|p1a: Mewtwo\n|-damage|p1a: Mewtwo|8\/100\n|-unboost|p1a: Mewtwo|spd|1\n|-damage|p2a: Zoroark|27\/100|[from] item: Life Orb\n|\n|upkeep\n|turn|2\n|\n|t:|1700425696\n|switch|p2a: Weezing|Weezing-Galar, M|100\/100\n|move|p1a: Mewtwo|Earthquake|p2a: Weezing\n|-immune|p2a: Weezing|[from] ability: Levitate\n|\n|upkeep\n|turn|3\n|\n|t:|1700425714\n|switch|p1a: Zacian|Zacian-Crowned, shiny|100\/100\n|-ability|p1a: Zacian|Intrepid Sword|boost\n|-boost|p1a: Zacian|atk|1\n|switch|p2a: Torkoal|Torkoal, F|100\/100\n|-weather|SunnyDay|[from] ability: Drought|[of] p2a: Torkoal\n|\n|-weather|SunnyDay|[upkeep]\n|upkeep\n|turn|4\n|\n|t:|1700425728\n|switch|p1a: Ogerpon|Ogerpon-Hearthflame, F|100\/100\n|-ability|p1a: Ogerpon|Mold Breaker\n|move|p2a: Torkoal|Eruption|p1a: Ogerpon\n|-damage|p1a: Ogerpon|18\/100\n|\n|-weather|SunnyDay|[upkeep]\n|upkeep\n|turn|5\n|\n|t:|1700425745\n|switch|p2a: Ho-Oh|Ho-Oh|100\/100\n|move|p1a: Ogerpon|U-turn|p2a: Ho-Oh\n|-resisted|p2a: Ho-Oh\n|-damage|p2a: Ho-Oh|93\/100\n|\n|t:|1700425753\n|switch|p1a: Arceus|Arceus-Dark|100\/100|[from] U-turn\n|\n|-weather|SunnyDay|[upkeep]\n|upkeep\n|turn|6\n|\n|t:|1700425764\n|move|p2a: Ho-Oh|Sacred Fire|p1a: Arceus|[miss]\n|-miss|p2a: Ho-Oh|p1a: Arceus\n|move|p1a: Arceus|Draco Meteor|p2a: Ho-Oh\n|-damage|p2a: Ho-Oh|71\/100\n|-unboost|p1a: Arceus|spa|2\n|\n|-weather|SunnyDay|[upkeep]\n|upkeep\n|turn|7\n|\n|t:|1700425789\n|-terastallize|p1a: Arceus|Dark\n|move|p2a: Ho-Oh|Sacred Fire|p1a: Arceus\n|-damage|p1a: Arceus|40\/100\n|-damage|p2a: Ho-Oh|61\/100|[from] item: Life Orb\n|move|p1a: Arceus|Dark Pulse|p2a: Ho-Oh\n|-damage|p2a: Ho-Oh|45\/100\n|\n|-weather|SunnyDay|[upkeep]\n|upkeep\n|turn|8\n|\n|t:|1700425802\n|move|p2a: Ho-Oh|Roost|p2a: Ho-Oh\n|-heal|p2a: Ho-Oh|95\/100\n|-singleturn|p2a: Ho-Oh|move: Roost\n|move|p1a: Arceus|Dark Pulse|p2a: Ho-Oh\n|-damage|p2a: Ho-Oh|77\/100\n|\n|-weather|SunnyDay|[upkeep]\n|upkeep\n|turn|9\n|\n|t:|1700425812\n|move|p2a: Ho-Oh|Sacred Fire|p1a: Arceus\n|-damage|p1a: Arceus|0 fnt\n|faint|p1a: Arceus\n|-damage|p2a: Ho-Oh|67\/100|[from] item: Life Orb\n|\n|-weather|SunnyDay|[upkeep]\n|upkeep\n|\n|t:|1700425820\n|switch|p1a: Pheromosa|Pheromosa|100\/100\n|turn|10\n|\n|t:|1700425827\n|move|p1a: Pheromosa|Ice Beam|p2a: Ho-Oh\n|-crit|p2a: Ho-Oh\n|-damage|p2a: Ho-Oh|42\/100\n|move|p2a: Ho-Oh|Brave Bird|p1a: Pheromosa\n|-supereffective|p1a: Pheromosa\n|-enditem|p1a: Pheromosa|Focus Sash\n|-damage|p1a: Pheromosa|1\/100\n|-damage|p2a: Ho-Oh|15\/100|[from] Recoil\n|-damage|p2a: Ho-Oh|5\/100|[from] item: Life Orb\n|\n|-weather|none\n|upkeep\n|turn|11\n|\n|t:|1700425839\n|switch|p2a: Torkoal|Torkoal, F|100\/100\n|-weather|SunnyDay|[from] ability: Drought|[of] p2a: Torkoal\n|move|p1a: Pheromosa|Ice Beam|p2a: Torkoal\n|-resisted|p2a: Torkoal\n|-damage|p2a: Torkoal|86\/100\n|\n|-weather|SunnyDay|[upkeep]\n|upkeep\n|turn|12\n|\n|t:|1700425852\n|switch|p1a: Eternatus|Eternatus|100\/100\n|-ability|p1a: Eternatus|Pressure\n|move|p2a: Torkoal|Eruption|p1a: Eternatus\n|-resisted|p1a: Eternatus\n|-damage|p1a: Eternatus|77\/100\n|\n|-weather|SunnyDay|[upkeep]\n|upkeep\n|turn|13\n|\n|t:|1700425862\n|move|p1a: Eternatus|Dynamax Cannon|p2a: Torkoal\n|-damage|p2a: Torkoal|18\/100\n|move|p2a: Torkoal|Yawn|p1a: Eternatus\n|-start|p1a: Eternatus|move: Yawn|[of] p2a: Torkoal\n|\n|-weather|SunnyDay|[upkeep]\n|upkeep\n|turn|14\n|\n|t:|1700425870\n|switch|p2a: Chansey|Chansey, F|100\/100\n|move|p1a: Eternatus|Dynamax Cannon|p2a: Chansey\n|-damage|p2a: Chansey|86\/100\n|\n|-weather|SunnyDay|[upkeep]\n|-end|p1a: Eternatus|move: Yawn|[silent]\n|-status|p1a: Eternatus|slp\n|upkeep\n|turn|15\n|\n|t:|1700425882\n|switch|p1a: Pheromosa|Pheromosa|1\/100\n|switch|p2a: Great Tusk|Great Tusk|100\/100\n|-activate|p2a: Great Tusk|ability: Protosynthesis\n|-start|p2a: Great Tusk|protosynthesisatk\n|\n|-weather|SunnyDay|[upkeep]\n|upkeep\n|turn|16\n|\n|t:|1700425899\n|-terastallize|p2a: Great Tusk|Ground\n|move|p2a: Great Tusk|Headlong Rush|p1a: Pheromosa\n|-resisted|p1a: Pheromosa\n|-damage|p1a: Pheromosa|0 fnt\n|-unboost|p2a: Great Tusk|def|1\n|-unboost|p2a: Great Tusk|spd|1\n|faint|p1a: Pheromosa\n|\n|-weather|SunnyDay|[upkeep]\n|upkeep\n|\n|t:|1700425929\n|switch|p1a: Zacian|Zacian-Crowned, shiny|100\/100\n|turn|17\n|\n|t:|1700425934\n|move|p2a: Great Tusk|Headlong Rush|p1a: Zacian\n|-supereffective|p1a: Zacian\n|-damage|p1a: Zacian|0 fnt\n|-unboost|p2a: Great Tusk|def|1\n|-unboost|p2a: Great Tusk|spd|1\n|faint|p1a: Zacian\n|\n|-weather|SunnyDay|[upkeep]\n|upkeep\n|\n|t:|1700425945\n|switch|p1a: Mewtwo|Mewtwo-Mega-Y|8\/100\n|turn|18\n|\n|t:|1700425950\n|move|p2a: Great Tusk|Headlong Rush|p1a: Mewtwo\n|-crit|p1a: Mewtwo\n|-damage|p1a: Mewtwo|0 fnt\n|-unboost|p2a: Great Tusk|def|1\n|-unboost|p2a: Great Tusk|spd|1\n|faint|p1a: Mewtwo\n|\n|-weather|none\n|-end|p2a: Great Tusk|Protosynthesis\n|upkeep\n|\n|t:|1700425959\n|switch|p1a: Eternatus|Eternatus|77\/100 slp\n|-ability|p1a: Eternatus|Pressure\n|turn|19\n|\n|t:|1700425964\n|move|p2a: Great Tusk|Headlong Rush|p1a: Eternatus\n|-supereffective|p1a: Eternatus\n|-damage|p1a: Eternatus|0 fnt\n|-unboost|p2a: Great Tusk|def|1\n|-unboost|p2a: Great Tusk|spd|1\n|faint|p1a: Eternatus\n|\n|upkeep\n|\n|t:|1700425971\n|switch|p1a: Ogerpon|Ogerpon-Hearthflame, F|18\/100\n|-ability|p1a: Ogerpon|Mold Breaker\n|turn|20\n|c|\u2606John-Halsey|gg\n|\n|t:|1700425978\n|move|p1a: Ogerpon|Quick Attack|p2a: Great Tusk\n|-damage|p2a: Great Tusk|64\/100\n|move|p2a: Great Tusk|Headlong Rush|p1a: Ogerpon\n|-damage|p1a: Ogerpon|0 fnt\n|-unboost|p2a: Great Tusk|def|1\n|-unboost|p2a: Great Tusk|spd|1\n|faint|p1a: Ogerpon\n|\n|win|John-Halsey\n|raw|Kaden.woodard's rating: 1126 &rarr; <strong>1104<\/strong><br \/>(-22 for losing)\n|raw|John-Halsey's rating: 1173 &rarr; <strong>1195<\/strong><br \/>(+22 for winning)\n|l|\u2606Kaden.woodard\n","uploadtime":1700426049,"views":10,"p1id":"kadenwoodard","p2id":"johnhalsey","formatid":"gen9nationaldexubers","rating":1104,"private":0,"password":""}