{"id":"gen9nationaldexubers-1997225299","p1":"damsion","p2":"jgjvg","format":"[Gen 9] National Dex Ubers","log":"|j|\u2606damsion\n|j|\u2606jgjvg\n|t:|1700777565\n|gametype|singles\n|player|p1|damsion|1|1073\n|player|p2|jgjvg|veteran|1045\n|teamsize|p1|6\n|teamsize|p2|6\n|gen|9\n|tier|[Gen 9] National Dex Ubers\n|rated|\n|rule|HP Percentage Mod: HP is shown in percentages\n|rule|Endless Battle Clause: Forcing endless battles is banned\n|rule|OHKO Clause: OHKO moves are banned\n|rule|Evasion Moves Clause: Evasion moves are banned\n|rule|Evasion Items Clause: Evasion items are banned\n|rule|Species Clause: Limit one of each Pok\u00e9mon\n|rule|Sleep Clause Mod: Limit one foe put to sleep\n|rule|Mega Rayquaza Clause: You cannot mega evolve Rayquaza\n|clearpoke\n|poke|p1|Groudon|\n|poke|p1|Sableye, F|\n|poke|p1|Mr. Mime, M|\n|poke|p1|Zekrom|\n|poke|p1|Charizard, M|\n|poke|p1|Vanilluxe, F|\n|poke|p2|Tirtouga, L1, F|\n|poke|p2|Dugtrio, M|\n|poke|p2|Riolu, F|\n|poke|p2|Salazzle, F|\n|poke|p2|Pineco, L1, F|\n|poke|p2|Durant, F|\n|teampreview\n|inactive|Battle timer is ON: inactive players will automatically lose when time's up. (requested by jgjvg)\n|\n|t:|1700777587\n|start\n|switch|p1a: Mr. Mime|Mr. Mime, M|100\/100\n|switch|p2a: Durant|Durant, F|100\/100\n|turn|1\n|\n|t:|1700777600\n|move|p1a: Mr. Mime|Fake Out|p2a: Durant\n|-resisted|p2a: Durant\n|-damage|p2a: Durant|96\/100\n|-enditem|p2a: Durant|Eject Button\n|\n|t:|1700777605\n|switch|p2a: Pineco|Pineco, L1, F|100\/100\n|\n|upkeep\n|turn|2\n|\n|t:|1700777615\n|move|p1a: Mr. Mime|Reflect|p1a: Mr. Mime\n|-sidestart|p1: damsion|Reflect\n|move|p2a: Pineco|Toxic Spikes|p1a: Mr. Mime\n|-sidestart|p1: damsion|move: Toxic Spikes\n|\n|upkeep\n|turn|3\n|\n|t:|1700777618\n|move|p1a: Mr. Mime|Light Screen|p1a: Mr. Mime\n|-sidestart|p1: damsion|move: Light Screen\n|move|p2a: Pineco|Toxic Spikes|p1a: Mr. Mime\n|-sidestart|p1: damsion|move: Toxic Spikes\n|\n|upkeep\n|turn|4\n|\n|t:|1700777622\n|move|p1a: Mr. Mime|Mud-Slap|p2a: Pineco\n|-resisted|p2a: Pineco\n|-ability|p2a: Pineco|Sturdy\n|-damage|p2a: Pineco|9\/100\n|-unboost|p2a: Pineco|accuracy|1\n|-enditem|p2a: Pineco|Berry Juice\n|-heal|p2a: Pineco|100\/100|[from] item: Berry Juice\n|move|p2a: Pineco|Toxic|p1a: Mr. Mime\n|-status|p1a: Mr. Mime|tox\n|\n|-damage|p1a: Mr. Mime|94\/100 tox|[from] psn\n|upkeep\n|turn|5\n|\n|t:|1700777639\n|switch|p1a: Groudon|Groudon|100\/100\n|-status|p1a: Groudon|tox\n|detailschange|p1a: Groudon|Groudon-Primal\n|-primal|p1a: Groudon|Red Orb\n|-weather|DesolateLand|[from] ability: Desolate Land|[of] p1a: Groudon\n|move|p2a: Pineco|Explosion|p1a: Groudon\n|-damage|p1a: Groudon|99\/100 tox\n|faint|p2a: Pineco\n|\n|-weather|DesolateLand|[upkeep]\n|-damage|p1a: Groudon|94\/100 tox|[from] psn\n|upkeep\n|\n|t:|1700777648\n|switch|p2a: Durant|Durant, F|96\/100\n|turn|6\n|\n|t:|1700777653\n|move|p2a: Durant|Entrainment|p1a: Groudon\n|-weather|none\n|-endability|p1a: Groudon|Desolate Land|[from] move: Entrainment\n|-ability|p1a: Groudon|Truant|[from] move: Entrainment\n|move|p1a: Groudon|Flamethrower|p2a: Durant\n|-supereffective|p2a: Durant\n|-damage|p2a: Durant|0 fnt\n|faint|p2a: Durant\n|\n|-damage|p1a: Groudon|82\/100 tox|[from] psn\n|-sideend|p1: damsion|Reflect\n|upkeep\n|\n|t:|1700777660\n|switch|p2a: Dugtrio|Dugtrio, M|100\/100\n|turn|7\n|\n|t:|1700777665\n|move|p2a: Dugtrio|Hone Claws|p2a: Dugtrio\n|-boost|p2a: Dugtrio|atk|1\n|-boost|p2a: Dugtrio|accuracy|1\n|cant|p1a: Groudon|ability: Truant\n|\n|-damage|p1a: Groudon|63\/100 tox|[from] psn\n|-sideend|p1: damsion|move: Light Screen\n|upkeep\n|turn|8\n|\n|t:|1700777672\n|move|p2a: Dugtrio|Protect|p2a: Dugtrio\n|-singleturn|p2a: Dugtrio|Protect\n|move|p1a: Groudon|Solar Beam||[still]\n|-prepare|p1a: Groudon|Solar Beam\n|\n|-damage|p1a: Groudon|38\/100 tox|[from] psn\n|upkeep\n|turn|9\n|\n|t:|1700777685\n|move|p2a: Dugtrio|Hone Claws|p2a: Dugtrio\n|-boost|p2a: Dugtrio|atk|1\n|-boost|p2a: Dugtrio|accuracy|1\n|cant|p1a: Groudon|ability: Truant\n|\n|-damage|p1a: Groudon|7\/100 tox|[from] psn\n|upkeep\n|turn|10\n|\n|t:|1700777696\n|move|p2a: Dugtrio|Protect|p2a: Dugtrio\n|-singleturn|p2a: Dugtrio|Protect\n|move|p1a: Groudon|Precipice Blades|p2a: Dugtrio\n|-activate|p2a: Dugtrio|move: Protect\n|\n|-damage|p1a: Groudon|0 fnt|[from] psn\n|faint|p1a: Groudon\n|upkeep\n|\n|t:|1700777708\n|switch|p1a: Vanilluxe|Vanilluxe, F|100\/100\n|-status|p1a: Vanilluxe|tox\n|-weather|Snow|[from] ability: Snow Warning|[of] p1a: Vanilluxe\n|turn|11\n|\n|t:|1700777721\n|move|p2a: Dugtrio|Rock Slide|p1a: Vanilluxe\n|-supereffective|p1a: Vanilluxe\n|-damage|p1a: Vanilluxe|8\/100 tox\n|-damage|p2a: Dugtrio|91\/100|[from] item: Life Orb\n|move|p1a: Vanilluxe|Substitute|p1a: Vanilluxe\n|-fail|p1a: Vanilluxe|move: Substitute|[weak]\n|\n|-weather|Snow|[upkeep]\n|-damage|p1a: Vanilluxe|1\/100 tox|[from] psn\n|upkeep\n|turn|12\n|\n|t:|1700777731\n|move|p2a: Dugtrio|Protect|p2a: Dugtrio\n|-singleturn|p2a: Dugtrio|Protect\n|move|p1a: Vanilluxe|Blizzard|p2a: Dugtrio\n|-activate|p2a: Dugtrio|move: Protect\n|\n|-weather|Snow|[upkeep]\n|-damage|p1a: Vanilluxe|0 fnt|[from] psn\n|faint|p1a: Vanilluxe\n|upkeep\n|\n|t:|1700777739\n|switch|p1a: Charizard|Charizard, M|100\/100\n|turn|13\n|\n|t:|1700777745\n|detailschange|p1a: Charizard|Charizard-Mega-X, M\n|-mega|p1a: Charizard|Charizard|Charizardite X\n|move|p2a: Dugtrio|Rock Slide|p1a: Charizard\n|-supereffective|p1a: Charizard\n|-damage|p1a: Charizard|0 fnt\n|faint|p1a: Charizard\n|-damage|p2a: Dugtrio|81\/100|[from] item: Life Orb\n|\n|-weather|Snow|[upkeep]\n|upkeep\n|-message|damsion forfeited.\n|\n|win|jgjvg\n|raw|damsion's rating: 1073 &rarr; <strong>1050<\/strong><br \/>(-23 for losing)\n|raw|jgjvg's rating: 1045 &rarr; <strong>1081<\/strong><br \/>(+36 for winning)\n|l|\u2606damsion\n","uploadtime":1700777760,"views":3,"p1id":"damsion","p2id":"jgjvg","formatid":"gen9nationaldexubers","rating":1050,"private":0,"password":""}