{"id":"gen9nationaldexubers-1995086206","p1":"AutumnCookie","p2":"parkle","format":"[Gen 9] National Dex Ubers","log":"|j|\u2606AutumnCookie\n|j|\u2606parkle\n|t:|1700521008\n|gametype|singles\n|player|p1|AutumnCookie|yellow|\n|player|p2|parkle|barry|\n|teamsize|p1|6\n|teamsize|p2|6\n|gen|9\n|tier|[Gen 9] National Dex Ubers\n|rule|HP Percentage Mod: HP is shown in percentages\n|rule|Endless Battle Clause: Forcing endless battles is banned\n|rule|OHKO Clause: OHKO moves are banned\n|rule|Evasion Moves Clause: Evasion moves are banned\n|rule|Evasion Items Clause: Evasion items are banned\n|rule|Species Clause: Limit one of each Pok\u00e9mon\n|rule|Sleep Clause Mod: Limit one foe put to sleep\n|rule|Mega Rayquaza Clause: You cannot mega evolve Rayquaza\n|clearpoke\n|poke|p1|Raticate, M|\n|poke|p1|Dodrio, M|\n|poke|p1|Golem, M|\n|poke|p1|Omastar, M|\n|poke|p1|Butterfree, M|\n|poke|p1|Pikachu, F|\n|poke|p2|Venusaur, M|\n|poke|p2|Sliggoo, F|\n|poke|p2|Stoutland, F|\n|poke|p2|Dwebble, M|\n|poke|p2|Centiskorch, M|\n|poke|p2|Zweilous, F|\n|teampreview\n|c|\u2606parkle|it wasnt even an ubers issue it was just a me issue\n|c|\u2606AutumnCookie|LMAO\n|\n|t:|1700521051\n|start\n|switch|p1a: Pikachu|Pikachu, F|100\/100\n|switch|p2a: Dwebble|Dwebble, M|100\/100\n|turn|1\n|\n|t:|1700521065\n|move|p1a: Pikachu|Volt Switch|p2a: Dwebble\n|-enditem|p2a: Dwebble|Focus Sash\n|-damage|p2a: Dwebble|1\/100\n|\n|t:|1700521073\n|switch|p1a: Omastar|Omastar, M|100\/100|[from] Volt Switch\n|move|p2a: Dwebble|Stealth Rock|p1a: Omastar\n|-sidestart|p1: AutumnCookie|move: Stealth Rock\n|\n|upkeep\n|turn|2\n|\n|t:|1700521093\n|move|p1a: Omastar|Ancient Power|p2a: Dwebble\n|-supereffective|p2a: Dwebble\n|-damage|p2a: Dwebble|0 fnt\n|faint|p2a: Dwebble\n|\n|upkeep\n|c|\u2606AutumnCookie|No silly ancient power buff...\n|c|\u2606parkle|ancient power for 0.3% health.....\n|\n|t:|1700521138\n|switch|p2a: Venusaur|Venusaur, M|100\/100\n|turn|3\n|c|\u2606AutumnCookie|Used it to gamble for the boost...\n|\n|t:|1700521147\n|move|p2a: Venusaur|Leech Seed|p1a: Omastar\n|-start|p1a: Omastar|move: Leech Seed\n|move|p1a: Omastar|Ice Beam|p2a: Venusaur\n|-supereffective|p2a: Venusaur\n|-damage|p2a: Venusaur|30\/100\n|\n|-damage|p1a: Omastar|88\/100|[from] Leech Seed|[of] p2a: Venusaur\n|-heal|p2a: Venusaur|42\/100|[silent]\n|upkeep\n|turn|4\n|\n|t:|1700521162\n|detailschange|p2a: Venusaur|Venusaur-Mega, M\n|-mega|p2a: Venusaur|Venusaur|Venusaurite\n|move|p2a: Venusaur|Earthquake|p1a: Omastar\n|-supereffective|p1a: Omastar\n|-damage|p1a: Omastar|32\/100\n|-ability|p1a: Omastar|Weak Armor|boost\n|-unboost|p1a: Omastar|def|1\n|-boost|p1a: Omastar|spe|2\n|-enditem|p1a: Omastar|White Herb\n|-clearnegativeboost|p1a: Omastar|[silent]\n|move|p1a: Omastar|Ice Beam|p2a: Venusaur\n|-supereffective|p2a: Venusaur\n|-damage|p2a: Venusaur|11\/100\n|\n|-damage|p1a: Omastar|19\/100|[from] Leech Seed|[of] p2a: Venusaur\n|-heal|p2a: Venusaur|23\/100|[silent]\n|upkeep\n|turn|5\n|c|\u2606parkle|oh that white herb is awful\n|c|\u2606parkle|i think youd die over his team\n|c|\u2606AutumnCookie|Blame Kars for everything awful about this team\n|c|\u2606parkle|I WILL\n|c|\u2606parkle|this team is not built at all\n|c|\u2606AutumnCookie|SAD\n|\n|t:|1700521229\n|move|p1a: Omastar|Ice Beam|p2a: Venusaur\n|-supereffective|p2a: Venusaur\n|-damage|p2a: Venusaur|0 fnt\n|faint|p2a: Venusaur\n|\n|upkeep\n|c|\u2606AutumnCookie|Fast fuckin thing...\n|\n|t:|1700521268\n|switch|p2a: Stoutland|Stoutland, F|100\/100\n|turn|6\n|\n|t:|1700521275\n|move|p2a: Stoutland|Baby-Doll Eyes|p1a: Omastar\n|-unboost|p1a: Omastar|atk|1\n|move|p1a: Omastar|Ancient Power|p2a: Stoutland\n|-damage|p2a: Stoutland|69\/100\n|\n|-damage|p1a: Omastar|7\/100|[from] Leech Seed|[of] p2a: Stoutland\n|-heal|p2a: Stoutland|79\/100|[silent]\n|upkeep\n|turn|7\n|c|\u2606AutumnCookie|That doesn't do shit this is a special attacker...\n|\n|t:|1700521299\n|move|p2a: Stoutland|Baby-Doll Eyes|p1a: Omastar\n|-unboost|p1a: Omastar|atk|1\n|move|p1a: Omastar|Scald|p2a: Stoutland\n|-damage|p2a: Stoutland|38\/100\n|\n|-damage|p1a: Omastar|0 fnt|[from] Leech Seed|[of] p2a: Stoutland\n|-heal|p2a: Stoutland|43\/100|[silent]\n|faint|p1a: Omastar\n|upkeep\n|c|\u2606parkle|autumn i love you but how do you expect me to know these things\n|\n|t:|1700521318\n|switch|p1a: Golem|Golem, M|100\/100\n|-damage|p1a: Golem|94\/100|[from] Stealth Rock\n|turn|8\n|c|\u2606AutumnCookie|FAIR\n|c|\u2606AutumnCookie|Half is physical half is special\n|c|\u2606AutumnCookie|Omastar, Pikachu, and Butterfree are special\n|c|\u2606AutumnCookie|For future reference\n|\n|t:|1700521384\n|move|p2a: Stoutland|Crunch|p1a: Golem\n|-damage|p1a: Golem|72\/100\n|move|p1a: Golem|Hammer Arm|p2a: Stoutland|[miss]\n|-miss|p1a: Golem|p2a: Stoutland\n|\n|upkeep\n|turn|9\n|c|\u2606parkle|okay\n|c|\u2606parkle|thank u\n|l|\u2606AutumnCookie\n|player|p1|\n|j|\u2606AutumnCookie\n|player|p1|AutumnCookie|yellow\n|n|\u2606AutumnCookie|autumncookie\n|\n|t:|1700521416\n|move|p2a: Stoutland|Baby-Doll Eyes|p1a: Golem\n|-unboost|p1a: Golem|atk|1\n|move|p1a: Golem|Hammer Arm|p2a: Stoutland\n|-supereffective|p2a: Stoutland\n|-damage|p2a: Stoutland|0 fnt\n|-unboost|p1a: Golem|spe|1\n|faint|p2a: Stoutland\n|\n|upkeep\n|\n|t:|1700521434\n|switch|p2a: Sliggoo|Sliggoo, F|100\/100\n|turn|10\n|\n|t:|1700521451\n|move|p2a: Sliggoo|Water Pulse|p1a: Golem\n|-supereffective|p1a: Golem\n|-damage|p1a: Golem|6\/100\n|-start|p1a: Golem|confusion\n|-activate|p1a: Golem|confusion\n|move|p1a: Golem|Hammer Arm|p2a: Sliggoo|[miss]\n|-miss|p1a: Golem|p2a: Sliggoo\n|\n|upkeep\n|turn|11\n|c|\u2606parkle|THE CONFUSE\n|c|\u2606AutumnCookie|90% accurate move btw .\n|\n|t:|1700521534\n|move|p2a: Sliggoo|Dragon Breath|p1a: Golem\n|-damage|p1a: Golem|0 fnt\n|faint|p1a: Golem\n|\n|upkeep\n|\n|t:|1700521547\n|switch|p1a: Pikachu|Pikachu, F|100\/100\n|-damage|p1a: Pikachu|88\/100|[from] Stealth Rock\n|turn|12\n|\n|t:|1700521593\n|move|p1a: Pikachu|Fake Out|p2a: Sliggoo\n|-damage|p2a: Sliggoo|83\/100\n|cant|p2a: Sliggoo|flinch\n|\n|-heal|p2a: Sliggoo|89\/100|[from] item: Leftovers\n|upkeep\n|turn|13\n|c|\u2606parkle|you fucking love pikachu with fake out\n|\n|t:|1700521607\n|move|p1a: Pikachu|Discharge|p2a: Sliggoo\n|-resisted|p2a: Sliggoo\n|-damage|p2a: Sliggoo|65\/100\n|move|p2a: Sliggoo|Absorb|p1a: Pikachu\n|-damage|p1a: Pikachu|70\/100\n|-heal|p2a: Sliggoo|70\/100|[from] drain|[of] p1a: Pikachu\n|\n|-heal|p2a: Sliggoo|76\/100|[from] item: Leftovers\n|upkeep\n|turn|14\n|c|\u2606parkle|wow absorb sucks\n|\n|t:|1700521623\n|move|p1a: Pikachu|Discharge|p2a: Sliggoo\n|-resisted|p2a: Sliggoo\n|-damage|p2a: Sliggoo|56\/100\n|move|p2a: Sliggoo|Water Pulse|p1a: Pikachu\n|-damage|p1a: Pikachu|22\/100\n|\n|-heal|p2a: Sliggoo|62\/100|[from] item: Leftovers\n|upkeep\n|turn|15\n|c|\u2606AutumnCookie|Yeah it does\n|c|\u2606AutumnCookie|STILL NO PARALYSIS THAT'S WHAT I'M TRYING FOR HERE\n|\n|t:|1700521652\n|move|p1a: Pikachu|Discharge|p2a: Sliggoo\n|-resisted|p2a: Sliggoo\n|-damage|p2a: Sliggoo|40\/100\n|move|p2a: Sliggoo|Dragon Pulse|p1a: Pikachu\n|-damage|p1a: Pikachu|0 fnt\n|faint|p1a: Pikachu\n|\n|-heal|p2a: Sliggoo|47\/100|[from] item: Leftovers\n|upkeep\n|c|\u2606parkle|not allowed <3\n|\n|t:|1700521663\n|switch|p1a: Dodrio|Dodrio, M|100\/100\n|-damage|p1a: Dodrio|76\/100|[from] Stealth Rock\n|turn|16\n|\n|t:|1700521679\n|move|p1a: Dodrio|Return|p2a: Sliggoo\n|-damage|p2a: Sliggoo|0 fnt\n|faint|p2a: Sliggoo\n|\n|upkeep\n|c|\u2606AutumnCookie|This is a fuckin awful bird\n|c|\u2606parkle|I know\n|c|\u2606parkle|Cassini Warned Me\n|c|\u2606AutumnCookie|LOL\n|c|\u2606AutumnCookie|It's fast as fuck and has 492 attack\n|c|\u2606AutumnCookie|478\n|\n|t:|1700521821\n|switch|p2a: Zweilous|Zweilous, F|100\/100\n|turn|17\n|c|\u2606parkle|I Know\n|c|\u2606AutumnCookie|Where'd I get 492\n|c|\u2606parkle|Cassini Warned Me .\n|c|\u2606parkle|why did i give this thing hustle\n|\n|t:|1700521857\n|move|p1a: Dodrio|Return|p2a: Zweilous\n|-damage|p2a: Zweilous|14\/100\n|-enditem|p2a: Zweilous|Aguav Berry|[eat]\n|-heal|p2a: Zweilous|47\/100|[from] item: Aguav Berry\n|move|p2a: Zweilous|Crunch|p1a: Dodrio\n|-damage|p1a: Dodrio|0 fnt\n|faint|p1a: Dodrio\n|\n|upkeep\n|c|\u2606AutumnCookie|OH OKAY\n|\n|t:|1700521871\n|switch|p1a: Butterfree|Butterfree, M|100\/100\n|-damage|p1a: Butterfree|51\/100|[from] Stealth Rock\n|turn|18\n|c|\u2606AutumnCookie|Ouchie rocks\n|c|\u2606parkle|ouchies\n|\n|t:|1700521935\n|move|p1a: Butterfree|Signal Beam|p2a: Zweilous\n|-supereffective|p2a: Zweilous\n|-crit|p2a: Zweilous\n|-damage|p2a: Zweilous|0 fnt\n|faint|p2a: Zweilous\n|\n|upkeep\n|\n|t:|1700521941\n|switch|p2a: Centiskorch|Centiskorch, M|100\/100\n|turn|19\n|\n|t:|1700521993\n|move|p1a: Butterfree|Giga Drain|p2a: Centiskorch\n|-resisted|p2a: Centiskorch\n|-damage|p2a: Centiskorch|91\/100\n|-heal|p1a: Butterfree|58\/100|[from] drain|[of] p2a: Centiskorch\n|move|p2a: Centiskorch|Fire Lash|p1a: Butterfree\n|-supereffective|p1a: Butterfree\n|-damage|p1a: Butterfree|0 fnt\n|faint|p1a: Butterfree\n|\n|upkeep\n|\n|t:|1700522011\n|switch|p1a: Raticate|Raticate, M|100\/100\n|-damage|p1a: Raticate|88\/100|[from] Stealth Rock\n|turn|20\n|\n|t:|1700522029\n|move|p1a: Raticate|Crunch|p2a: Centiskorch\n|-damage|p2a: Centiskorch|66\/100\n|move|p2a: Centiskorch|Power Whip|p1a: Raticate\n|-damage|p1a: Raticate|0 fnt\n|faint|p1a: Raticate\n|\n|win|parkle\n|c|\u2606parkle|HOOOLY SHIT\n|c|\u2606parkle|I AM SHOCKED .\n|c|\u2606AutumnCookie|HOLY SHIT\n|c|\u2606AutumnCookie|ME TOO\n|c|\u2606parkle|I AM SO SHOCKDE\n|c|\u2606AutumnCookie|I thought that Giga Drain would do more but Tinted Lens did not help\n|c|\u2606AutumnCookie|Forgot this was a 4x resistance\n|c|\u2606AutumnCookie|Not a regular one\n","uploadtime":1700522089,"views":10,"p1id":"autumncookie","p2id":"parkle","formatid":"gen9nationaldexubers","rating":0,"private":0,"password":""}