{"id":"gen9nationaldexubers-1994643455","p1":"Y.V_Mad1","p2":"ANGRY BALL","format":"[Gen 9] National Dex Ubers","log":"|j|\u2606Y.V_Mad1\n|j|\u203dANGRY BALL\n|t:|1700474419\n|gametype|singles\n|player|p1|Y.V_Mad1|nanu|1181\n|player|p2|ANGRY BALL|caitlin|1379\n|teamsize|p1|6\n|teamsize|p2|6\n|gen|9\n|tier|[Gen 9] National Dex Ubers\n|rated|\n|rule|HP Percentage Mod: HP is shown in percentages\n|rule|Endless Battle Clause: Forcing endless battles is banned\n|rule|OHKO Clause: OHKO moves are banned\n|rule|Evasion Moves Clause: Evasion moves are banned\n|rule|Evasion Items Clause: Evasion items are banned\n|rule|Species Clause: Limit one of each Pok\u00e9mon\n|rule|Sleep Clause Mod: Limit one foe put to sleep\n|rule|Mega Rayquaza Clause: You cannot mega evolve Rayquaza\n|clearpoke\n|poke|p1|Zeraora|\n|poke|p1|Greninja-*, M|\n|poke|p1|Urshifu-*, M|\n|poke|p1|Victini|\n|poke|p1|Regieleki|\n|poke|p1|Darkrai|\n|poke|p2|Kyurem-Black|\n|poke|p2|Groudon|\n|poke|p2|Arceus-Dark|\n|poke|p2|Clodsire, F|\n|poke|p2|Flutter Mane|\n|poke|p2|Rayquaza|\n|teampreview\n|inactive|Battle timer is ON: inactive players will automatically lose when time's up. (requested by ANGRY BALL)\n|inactive|Y.V_Mad1 also wants the timer to be on.\n|\n|t:|1700474428\n|start\n|switch|p1a: Geb|Greninja, M|100\/100\n|switch|p2a: Groudon|Groudon, shiny|100\/100\n|detailschange|p2a: Groudon|Groudon-Primal, shiny\n|-primal|p2a: Groudon|Red Orb\n|-weather|DesolateLand|[from] ability: Desolate Land|[of] p2a: Groudon\n|turn|1\n|\n|t:|1700474438\n|move|p1a: Geb|Dark Pulse|p2a: Groudon\n|-damage|p2a: Groudon|61\/100\n|cant|p2a: Groudon|flinch\n|\n|-weather|DesolateLand|[upkeep]\n|upkeep\n|turn|2\n|\n|t:|1700474442\n|move|p1a: Geb|Dark Pulse|p2a: Groudon\n|-damage|p2a: Groudon|20\/100\n|move|p2a: Groudon|Earthquake|p1a: Geb\n|-damage|p1a: Geb|0 fnt\n|faint|p1a: Geb\n|\n|-weather|DesolateLand|[upkeep]\n|upkeep\n|\n|t:|1700474449\n|switch|p1a: Thundercat|Zeraora|100\/100\n|turn|3\n|\n|t:|1700474453\n|move|p1a: Thundercat|Play Rough|p2a: Groudon\n|-resisted|p2a: Groudon\n|-damage|p2a: Groudon|11\/100\n|-unboost|p2a: Groudon|atk|1\n|move|p2a: Groudon|Earthquake|p1a: Thundercat\n|-supereffective|p1a: Thundercat\n|-damage|p1a: Thundercat|0 fnt\n|faint|p1a: Thundercat\n|\n|-weather|DesolateLand|[upkeep]\n|upkeep\n|\n|t:|1700474461\n|switch|p1a: Star Platinum|Urshifu-Rapid-Strike, M|100\/100\n|turn|4\n|\n|t:|1700474469\n|move|p1a: Star Platinum|Close Combat|p2a: Groudon\n|-damage|p2a: Groudon|0 fnt\n|-unboost|p1a: Star Platinum|def|1\n|-unboost|p1a: Star Platinum|spd|1\n|-enditem|p1a: Star Platinum|White Herb\n|-clearnegativeboost|p1a: Star Platinum|[silent]\n|faint|p2a: Groudon\n|-weather|none\n|\n|upkeep\n|\n|t:|1700474481\n|switch|p2a: Rayquaza|Rayquaza|100\/100\n|-ability|p2a: Rayquaza|Air Lock\n|turn|5\n|\n|t:|1700474487\n|-terastallize|p1a: Star Platinum|Ice\n|move|p1a: Star Platinum|Ice Spinner|p2a: Rayquaza\n|-supereffective|p2a: Rayquaza\n|-damage|p2a: Rayquaza|0 fnt\n|faint|p2a: Rayquaza\n|\n|upkeep\n|\n|t:|1700474491\n|switch|p2a: Arceus|Arceus-Dark|100\/100\n|turn|6\n|\n|t:|1700474494\n|move|p2a: Arceus|Foul Play|p1a: Star Platinum\n|-damage|p1a: Star Platinum|42\/100\n|move|p1a: Star Platinum|Close Combat|p2a: Arceus\n|-supereffective|p2a: Arceus\n|-damage|p2a: Arceus|18\/100\n|-unboost|p1a: Star Platinum|def|1\n|-unboost|p1a: Star Platinum|spd|1\n|\n|upkeep\n|turn|7\n|\n|t:|1700474502\n|move|p2a: Arceus|Foul Play|p1a: Star Platinum\n|-damage|p1a: Star Platinum|0 fnt\n|faint|p1a: Star Platinum\n|\n|upkeep\n|\n|t:|1700474505\n|switch|p1a: D4C: Love Train|Victini|100\/100\n|turn|8\n|\n|t:|1700474512\n|move|p2a: Arceus|Recover|p2a: Arceus\n|-heal|p2a: Arceus|68\/100\n|move|p1a: D4C: Love Train|Bolt Strike|p2a: Arceus\n|-damage|p2a: Arceus|44\/100\n|\n|upkeep\n|turn|9\n|\n|t:|1700474517\n|move|p2a: Arceus|Recover|p2a: Arceus\n|-heal|p2a: Arceus|94\/100\n|move|p1a: D4C: Love Train|Blaze Kick|p2a: Arceus\n|-damage|p2a: Arceus|69\/100\n|\n|upkeep\n|turn|10\n|\n|t:|1700474527\n|move|p2a: Arceus|Foul Play|p1a: D4C: Love Train\n|-supereffective|p1a: D4C: Love Train\n|-enditem|p1a: D4C: Love Train|Focus Sash\n|-damage|p1a: D4C: Love Train|1\/100\n|move|p1a: D4C: Love Train|Bolt Strike|p2a: Arceus\n|-damage|p2a: Arceus|45\/100\n|\n|upkeep\n|turn|11\n|\n|t:|1700474535\n|move|p2a: Arceus|Extreme Speed|p1a: D4C: Love Train\n|-damage|p1a: D4C: Love Train|0 fnt\n|faint|p1a: D4C: Love Train\n|\n|upkeep\n|\n|t:|1700474537\n|switch|p1a: WHAT IT ISSSS|Regieleki, shiny|100\/100\n|turn|12\n|\n|t:|1700474543\n|switch|p2a: Clodsire|Clodsire, F|100\/100\n|move|p1a: WHAT IT ISSSS|Rain Dance|p1a: WHAT IT ISSSS\n|-weather|RainDance\n|\n|-weather|RainDance|[upkeep]\n|upkeep\n|turn|13\n|\n|t:|1700474548\n|switch|p1a: Ballerina Legs|Darkrai|100\/100\n|move|p2a: Clodsire|Toxic|p1a: Ballerina Legs\n|-status|p1a: Ballerina Legs|tox\n|\n|-weather|RainDance|[upkeep]\n|-damage|p1a: Ballerina Legs|94\/100 tox|[from] psn\n|upkeep\n|turn|14\n|\n|t:|1700474553\n|move|p1a: Ballerina Legs|Hypnosis|p2a: Clodsire\n|-status|p2a: Clodsire|slp|[from] move: Hypnosis\n|cant|p2a: Clodsire|slp\n|\n|-weather|RainDance|[upkeep]\n|-damage|p1a: Ballerina Legs|82\/100 tox|[from] psn\n|-damage|p2a: Clodsire|88\/100 slp|[from] ability: Bad Dreams|[of] p1a: Ballerina Legs\n|upkeep\n|turn|15\n|\n|t:|1700474557\n|switch|p2a: Arceus|Arceus-Dark|45\/100\n|move|p1a: Ballerina Legs|Nasty Plot|p1a: Ballerina Legs\n|-boost|p1a: Ballerina Legs|spa|2\n|\n|-weather|RainDance|[upkeep]\n|-damage|p1a: Ballerina Legs|64\/100 tox|[from] psn\n|upkeep\n|turn|16\n|\n|t:|1700474560\n|move|p2a: Arceus|Extreme Speed|p1a: Ballerina Legs\n|-damage|p1a: Ballerina Legs|33\/100 tox\n|move|p1a: Ballerina Legs|Spacial Rend|p2a: Arceus|[miss]\n|-miss|p1a: Ballerina Legs|p2a: Arceus\n|\n|-weather|none\n|-damage|p1a: Ballerina Legs|9\/100 tox|[from] psn\n|upkeep\n|turn|17\n|\n|t:|1700474567\n|move|p2a: Arceus|Extreme Speed|p1a: Ballerina Legs\n|-damage|p1a: Ballerina Legs|0 fnt\n|faint|p1a: Ballerina Legs\n|\n|upkeep\n|\n|t:|1700474569\n|switch|p1a: WHAT IT ISSSS|Regieleki, shiny|100\/100\n|turn|18\n|\n|t:|1700474572\n|move|p1a: WHAT IT ISSSS|Tera Blast|p2a: Arceus\n|-damage|p2a: Arceus|31\/100\n|move|p2a: Arceus|Foul Play|p1a: WHAT IT ISSSS\n|-damage|p1a: WHAT IT ISSSS|53\/100\n|\n|upkeep\n|turn|19\n|\n|t:|1700474578\n|move|p1a: WHAT IT ISSSS|Thunder|p2a: Arceus\n|-damage|p2a: Arceus|0 fnt\n|faint|p2a: Arceus\n|\n|upkeep\n|\n|t:|1700474581\n|switch|p2a: Clodsire|Clodsire, F|88\/100 slp\n|turn|20\n|\n|t:|1700474584\n|move|p1a: WHAT IT ISSSS|Tera Blast|p2a: Clodsire\n|-damage|p2a: Clodsire|74\/100 slp\n|cant|p2a: Clodsire|slp\n|\n|-heal|p2a: Clodsire|81\/100 slp|[from] item: Leftovers\n|upkeep\n|turn|21\n|\n|t:|1700474587\n|move|p1a: WHAT IT ISSSS|Tera Blast|p2a: Clodsire\n|-damage|p2a: Clodsire|69\/100 slp\n|cant|p2a: Clodsire|slp\n|\n|-heal|p2a: Clodsire|75\/100 slp|[from] item: Leftovers\n|upkeep\n|turn|22\n|\n|t:|1700474592\n|move|p1a: WHAT IT ISSSS|Tera Blast|p2a: Clodsire\n|-damage|p2a: Clodsire|62\/100 slp\n|-curestatus|p2a: Clodsire|slp|[msg]\n|move|p2a: Clodsire|Earthquake|p1a: WHAT IT ISSSS\n|-supereffective|p1a: WHAT IT ISSSS\n|-damage|p1a: WHAT IT ISSSS|0 fnt\n|faint|p1a: WHAT IT ISSSS\n|\n|win|ANGRY BALL\n|raw|Y.V_Mad1's rating: 1181 &rarr; <strong>1169<\/strong><br \/>(-12 for losing)\n|raw|ANGRY BALL's rating: 1379 &rarr; <strong>1389<\/strong><br \/>(+10 for winning)\n|l|\u2606Y.V_Mad1\n","uploadtime":1700474597,"views":9,"p1id":"yvmad1","p2id":"angryball","formatid":"gen9nationaldexubers","rating":1169,"private":0,"password":""}