{"id":"gen9nationaldexubers-1989389973","p1":"McAisle","p2":"DocGoose","format":"[Gen 9] National Dex Ubers","log":"|j|\u2606McAisle\n|j|\u2606DocGoose\n|t:|1699844138\n|gametype|singles\n|player|p1|McAisle|265|\n|player|p2|DocGoose|palmer|\n|teamsize|p1|6\n|teamsize|p2|6\n|gen|9\n|tier|[Gen 9] National Dex Ubers\n|rule|HP Percentage Mod: HP is shown in percentages\n|rule|Endless Battle Clause: Forcing endless battles is banned\n|rule|OHKO Clause: OHKO moves are banned\n|rule|Evasion Moves Clause: Evasion moves are banned\n|rule|Evasion Items Clause: Evasion items are banned\n|rule|Species Clause: Limit one of each Pok\u00e9mon\n|rule|Sleep Clause Mod: Limit one foe put to sleep\n|rule|Mega Rayquaza Clause: You cannot mega evolve Rayquaza\n|clearpoke\n|poke|p1|Lopunny, F|\n|poke|p1|Heatran, M|\n|poke|p1|Excadrill, M|\n|poke|p1|Gabite, F|\n|poke|p1|Dracozolt|\n|poke|p1|Hippowdon, F|\n|poke|p2|Ninetales-Alola, F|\n|poke|p2|Baxcalibur, M|\n|poke|p2|Sableye, M|\n|poke|p2|Arboliva, F|\n|poke|p2|Sneasler, M|\n|poke|p2|Gligar, M|\n|teampreview\n|\n|t:|1699844162\n|start\n|switch|p1a: Heatran|Heatran, M|100\/100\n|switch|p2a: Sableye|Sableye, M|100\/100\n|turn|1\n|\n|t:|1699844173\n|detailschange|p2a: Sableye|Sableye-Mega, M\n|-mega|p2a: Sableye|Sableye|Sablenite\n|move|p1a: Heatran|Taunt|p2a: Sableye\n|move|p2a: Sableye|Taunt|p1a: Heatran|[from]ability: Magic Bounce\n|-start|p1a: Heatran|move: Taunt\n|move|p2a: Sableye|Knock Off|p1a: Heatran\n|-damage|p1a: Heatran|74\/100\n|-enditem|p1a: Heatran|Leftovers|[from] move: Knock Off|[of] p2a: Sableye\n|\n|upkeep\n|turn|2\n|\n|t:|1699844183\n|move|p2a: Sableye|Protect|p2a: Sableye\n|-singleturn|p2a: Sableye|Protect\n|move|p1a: Heatran|Magma Storm|p2a: Sableye\n|-activate|p2a: Sableye|move: Protect\n|\n|upkeep\n|turn|3\n|\n|t:|1699844189\n|move|p1a: Heatran|Magma Storm|p2a: Sableye\n|-damage|p2a: Sableye|68\/100\n|-activate|p2a: Sableye|move: Magma Storm|[of] p1a: Heatran\n|move|p2a: Sableye|Knock Off|p1a: Heatran\n|-damage|p1a: Heatran|57\/100\n|\n|-damage|p2a: Sableye|56\/100|[from] move: Magma Storm|[partiallytrapped]\n|upkeep\n|turn|4\n|\n|t:|1699844201\n|switch|p2a: Gligar|Gligar, M|100\/100\n|move|p1a: Heatran|Magma Storm|p2a: Gligar\n|-damage|p2a: Gligar|56\/100\n|-activate|p2a: Gligar|move: Magma Storm|[of] p1a: Heatran\n|\n|-damage|p2a: Gligar|44\/100|[from] move: Magma Storm|[partiallytrapped]\n|-end|p1a: Heatran|move: Taunt\n|upkeep\n|turn|5\n|\n|t:|1699844230\n|move|p2a: Gligar|Earthquake|p1a: Heatran\n|-supereffective|p1a: Heatran\n|-damage|p1a: Heatran|0 fnt\n|faint|p1a: Heatran\n|\n|-end|p2a: Gligar|Magma Storm|[partiallytrapped]|[silent]\n|upkeep\n|\n|t:|1699844243\n|switch|p1a: Gabite|Gabite, F|100\/100\n|turn|6\n|\n|t:|1699844256\n|move|p1a: Gabite|Substitute|p1a: Gabite\n|-start|p1a: Gabite|Substitute\n|-damage|p1a: Gabite|76\/100\n|move|p2a: Gligar|Toxic||[still]\n|-fail|p2a: Gligar\n|\n|upkeep\n|turn|7\n|\n|t:|1699844263\n|move|p1a: Gabite|Swords Dance|p1a: Gabite\n|-boost|p1a: Gabite|atk|2\n|move|p2a: Gligar|Knock Off|p1a: Gabite\n|-activate|p1a: Gabite|move: Substitute|[damage]\n|\n|upkeep\n|turn|8\n|\n|t:|1699844270\n|move|p1a: Gabite|Swords Dance|p1a: Gabite\n|-boost|p1a: Gabite|atk|2\n|move|p2a: Gligar|Spikes|p1a: Gabite\n|-sidestart|p1: McAisle|Spikes\n|\n|upkeep\n|turn|9\n|\n|t:|1699844275\n|move|p1a: Gabite|Outrage|p2a: Gligar\n|-damage|p2a: Gligar|0 fnt\n|faint|p2a: Gligar\n|\n|upkeep\n|\n|t:|1699844286\n|switch|p2a: Ninetales|Ninetales-Alola, F, shiny|100\/100\n|-weather|Snow|[from] ability: Snow Warning|[of] p2a: Ninetales\n|turn|10\n|\n|t:|1699844328\n|move|p2a: Ninetales|Encore|p1a: Gabite\n|-start|p1a: Gabite|Encore\n|move|p1a: Gabite|Outrage|p2a: Ninetales|[from]lockedmove\n|-immune|p2a: Ninetales\n|\n|-weather|Snow|[upkeep]\n|upkeep\n|turn|11\n|\n|t:|1699844336\n|switch|p1a: Hippowdon|Hippowdon, F|100\/100\n|-damage|p1a: Hippowdon|88\/100|[from] Spikes\n|-weather|Sandstorm|[from] ability: Sand Stream|[of] p1a: Hippowdon\n|move|p2a: Ninetales|Aurora Veil||[still]\n|-fail|p2a: Ninetales\n|\n|-weather|Sandstorm|[upkeep]\n|-damage|p2a: Ninetales|94\/100|[from] Sandstorm\n|upkeep\n|turn|12\n|\n|t:|1699844361\n|switch|p2a: Arboliva|Arboliva, F|100\/100\n|switch|p1a: Excadrill|Excadrill, M|100\/100\n|-damage|p1a: Excadrill|88\/100|[from] Spikes\n|\n|-weather|Sandstorm|[upkeep]\n|-damage|p2a: Arboliva|94\/100|[from] Sandstorm\n|upkeep\n|turn|13\n|\n|t:|1699844401\n|move|p1a: Excadrill|Rapid Spin|p2a: Arboliva\n|-crit|p2a: Arboliva\n|-damage|p2a: Arboliva|64\/100\n|-boost|p1a: Excadrill|spe|1\n|-fieldstart|move: Grassy Terrain|[from] ability: Seed Sower|[of] p2a: Arboliva\n|-sideend|p1: McAisle|Spikes|[from] move: Rapid Spin|[of] p1a: Excadrill\n|move|p2a: Arboliva|Earth Power|p1a: Excadrill\n|-supereffective|p1a: Excadrill\n|-damage|p1a: Excadrill|0 fnt\n|faint|p1a: Excadrill\n|\n|-weather|Sandstorm|[upkeep]\n|-damage|p2a: Arboliva|58\/100|[from] Sandstorm\n|-heal|p2a: Arboliva|64\/100|[from] Grassy Terrain\n|upkeep\n|\n|t:|1699844413\n|switch|p1a: Dracozolt|Dracozolt|100\/100\n|turn|14\n|\n|t:|1699844421\n|move|p1a: Dracozolt|Bolt Beak|p2a: Arboliva\n|-resisted|p2a: Arboliva\n|-damage|p2a: Arboliva|4\/100\n|move|p2a: Arboliva|Earth Power|p1a: Dracozolt\n|-supereffective|p1a: Dracozolt\n|-damage|p1a: Dracozolt|12\/100\n|-unboost|p1a: Dracozolt|spd|1\n|\n|-weather|Sandstorm|[upkeep]\n|-damage|p2a: Arboliva|0 fnt|[from] Sandstorm\n|faint|p2a: Arboliva\n|-heal|p1a: Dracozolt|18\/100|[from] Grassy Terrain\n|upkeep\n|\n|t:|1699844435\n|switch|p2a: Sneasler|Sneasler, M|100\/100\n|-enditem|p2a: Sneasler|Grassy Seed\n|-boost|p2a: Sneasler|def|1|[from] item: Grassy Seed\n|turn|15\n|\n|t:|1699844450\n|move|p2a: Sneasler|Dire Claw|p1a: Dracozolt\n|-damage|p1a: Dracozolt|0 fnt\n|faint|p1a: Dracozolt\n|\n|-weather|Sandstorm|[upkeep]\n|-damage|p2a: Sneasler|95\/100|[from] Sandstorm\n|-heal|p2a: Sneasler|100\/100|[from] Grassy Terrain\n|upkeep\n|\n|t:|1699844473\n|switch|p1a: Lopunny|Lopunny, F|100\/100\n|turn|16\n|\n|t:|1699844479\n|detailschange|p1a: Lopunny|Lopunny-Mega, F\n|-mega|p1a: Lopunny|Lopunny|Lopunnite\n|-terastallize|p2a: Sneasler|Flying\n|move|p1a: Lopunny|Fake Out|p2a: Sneasler\n|-damage|p2a: Sneasler|77\/100\n|cant|p2a: Sneasler|flinch\n|\n|-weather|Sandstorm|[upkeep]\n|-damage|p2a: Sneasler|71\/100|[from] Sandstorm\n|-damage|p1a: Lopunny|95\/100|[from] Sandstorm\n|-heal|p1a: Lopunny|100\/100|[from] Grassy Terrain\n|upkeep\n|turn|17\n|\n|t:|1699844495\n|move|p2a: Sneasler|Acrobatics|p1a: Lopunny\n|-supereffective|p1a: Lopunny\n|-damage|p1a: Lopunny|0 fnt\n|faint|p1a: Lopunny\n|\n|-weather|Sandstorm|[upkeep]\n|-damage|p2a: Sneasler|65\/100|[from] Sandstorm\n|-fieldend|move: Grassy Terrain\n|upkeep\n|\n|t:|1699844505\n|switch|p1a: Gabite|Gabite, F|76\/100\n|turn|18\n|\n|t:|1699844522\n|-terastallize|p1a: Gabite|Water\n|move|p2a: Sneasler|Acrobatics|p1a: Gabite\n|-damage|p1a: Gabite|0 fnt\n|-damage|p2a: Sneasler|53\/100|[from] ability: Rough Skin|[of] p1a: Gabite\n|faint|p1a: Gabite\n|\n|-weather|none\n|upkeep\n|\n|t:|1699844530\n|switch|p1a: Hippowdon|Hippowdon, F|88\/100\n|-weather|Sandstorm|[from] ability: Sand Stream|[of] p1a: Hippowdon\n|turn|19\n|\n|t:|1699844544\n|move|p2a: Sneasler|Acrobatics|p1a: Hippowdon\n|-damage|p1a: Hippowdon|47\/100\n|move|p1a: Hippowdon|Toxic|p2a: Sneasler\n|-status|p2a: Sneasler|tox\n|\n|-weather|Sandstorm|[upkeep]\n|-damage|p2a: Sneasler|47\/100 tox|[from] Sandstorm\n|-damage|p2a: Sneasler|41\/100 tox|[from] psn\n|upkeep\n|turn|20\n|\n|t:|1699844559\n|move|p2a: Sneasler|Acrobatics|p1a: Hippowdon\n|-damage|p1a: Hippowdon|2\/100\n|move|p1a: Hippowdon|Slack Off|p1a: Hippowdon\n|-heal|p1a: Hippowdon|52\/100\n|\n|-weather|Sandstorm|[upkeep]\n|-damage|p2a: Sneasler|35\/100 tox|[from] Sandstorm\n|-damage|p2a: Sneasler|23\/100 tox|[from] psn\n|upkeep\n|turn|21\n|\n|t:|1699844573\n|move|p2a: Sneasler|Acrobatics|p1a: Hippowdon\n|-damage|p1a: Hippowdon|10\/100\n|move|p1a: Hippowdon|Slack Off|p1a: Hippowdon\n|-heal|p1a: Hippowdon|60\/100\n|\n|-weather|Sandstorm|[upkeep]\n|-damage|p2a: Sneasler|17\/100 tox|[from] Sandstorm\n|-damage|p2a: Sneasler|0 fnt|[from] psn\n|faint|p2a: Sneasler\n|upkeep\n|\n|t:|1699844582\n|switch|p2a: Baxcalibur|Baxcalibur, M|100\/100\n|turn|22\n|\n|t:|1699844591\n|switch|p2a: Ninetales|Ninetales-Alola, F, shiny|94\/100\n|-weather|Snow|[from] ability: Snow Warning|[of] p2a: Ninetales\n|move|p1a: Hippowdon|Toxic|p2a: Ninetales|[miss]\n|-miss|p1a: Hippowdon|p2a: Ninetales\n|\n|-weather|Snow|[upkeep]\n|upkeep\n|turn|23\n|\n|t:|1699844599\n|move|p2a: Ninetales|Aurora Veil|p2a: Ninetales\n|-sidestart|p2: DocGoose|move: Aurora Veil\n|move|p1a: Hippowdon|Toxic|p2a: Ninetales\n|-status|p2a: Ninetales|tox\n|\n|-weather|Snow|[upkeep]\n|-damage|p2a: Ninetales|88\/100 tox|[from] psn\n|upkeep\n|turn|24\n|\n|t:|1699844608\n|switch|p2a: Baxcalibur|Baxcalibur, M|100\/100\n|move|p1a: Hippowdon|Stealth Rock|p2a: Baxcalibur\n|-sidestart|p2: DocGoose|move: Stealth Rock\n|\n|-weather|Snow|[upkeep]\n|upkeep\n|turn|25\n|\n|t:|1699844617\n|move|p2a: Baxcalibur|Dragon Dance|p2a: Baxcalibur\n|-boost|p2a: Baxcalibur|atk|1\n|-boost|p2a: Baxcalibur|spe|1\n|move|p1a: Hippowdon|Toxic|p2a: Baxcalibur\n|-status|p2a: Baxcalibur|tox\n|\n|-weather|Snow|[upkeep]\n|-damage|p2a: Baxcalibur|94\/100 tox|[from] psn\n|upkeep\n|turn|26\n|\n|t:|1699844624\n|move|p2a: Baxcalibur|Icicle Spear|p1a: Hippowdon\n|-supereffective|p1a: Hippowdon\n|-crit|p1a: Hippowdon\n|-damage|p1a: Hippowdon|12\/100\n|-supereffective|p1a: Hippowdon\n|-damage|p1a: Hippowdon|0 fnt\n|faint|p1a: Hippowdon\n|-hitcount|p1: Hippowdon|2\n|\n|win|DocGoose\n","uploadtime":1699844645,"views":7,"p1id":"mcaisle","p2id":"docgoose","formatid":"gen9nationaldexubers","rating":0,"private":0,"password":""}