{"id":"gen9nationaldexubers-2000618768","p1":"killgaldo","p2":"0014x","format":"[Gen 9] National Dex Ubers","log":"|j|\u2606killgaldo\n|j|\u26060014x\n|t:|1701211131\n|gametype|singles\n|player|p1|killgaldo|lance|1332\n|player|p2|0014x|fantina|1476\n|teamsize|p1|6\n|teamsize|p2|6\n|gen|9\n|tier|[Gen 9] National Dex Ubers\n|rated|\n|rule|HP Percentage Mod: HP is shown in percentages\n|rule|Endless Battle Clause: Forcing endless battles is banned\n|rule|OHKO Clause: OHKO moves are banned\n|rule|Evasion Moves Clause: Evasion moves are banned\n|rule|Evasion Items Clause: Evasion items are banned\n|rule|Species Clause: Limit one of each Pok\u00e9mon\n|rule|Sleep Clause Mod: Limit one foe put to sleep\n|rule|Mega Rayquaza Clause: You cannot mega evolve Rayquaza\n|clearpoke\n|poke|p1|Ribombee, M|\n|poke|p1|Xerneas-*|\n|poke|p1|Skeledirge, F|\n|poke|p1|Charizard, M|\n|poke|p1|Zamazenta-*|\n|poke|p1|Xurkitree|\n|poke|p2|Smeargle, F|\n|poke|p2|Togedemaru, L1, F|\n|poke|p2|Xerneas-*|\n|poke|p2|Mewtwo|\n|poke|p2|Groudon|\n|poke|p2|Arceus|\n|teampreview\n|\n|t:|1701211158\n|start\n|switch|p1a: Xurkitree|Xurkitree|100\/100\n|switch|p2a: Planet Caravan|Smeargle, F|100\/100\n|turn|1\n|\n|t:|1701211176\n|-terastallize|p1a: Xurkitree|Grass\n|move|p1a: Xurkitree|Tail Glow|p1a: Xurkitree\n|-boost|p1a: Xurkitree|spa|3\n|move|p2a: Planet Caravan|Spore|p1a: Xurkitree\n|-immune|p1a: Xurkitree\n|\n|upkeep\n|turn|2\n|\n|t:|1701211207\n|move|p1a: Xurkitree|Hypnosis|p2a: Planet Caravan|[miss]\n|-miss|p1a: Xurkitree|p2a: Planet Caravan\n|-enditem|p1a: Xurkitree|Blunder Policy\n|-boost|p1a: Xurkitree|spe|2\n|move|p2a: Planet Caravan|Sticky Web|p1a: Xurkitree\n|-sidestart|p1: killgaldo|move: Sticky Web\n|\n|upkeep\n|turn|3\n|\n|t:|1701211216\n|move|p1a: Xurkitree|Thunderbolt|p2a: Planet Caravan\n|-enditem|p2a: Planet Caravan|Focus Sash\n|-damage|p2a: Planet Caravan|1\/100\n|move|p2a: Planet Caravan|Stealth Rock|p1a: Xurkitree\n|-sidestart|p1: killgaldo|move: Stealth Rock\n|\n|upkeep\n|turn|4\n|\n|t:|1701211221\n|move|p1a: Xurkitree|Energy Ball|p2a: Planet Caravan\n|-damage|p2a: Planet Caravan|0 fnt\n|faint|p2a: Planet Caravan\n|-ability|p1a: Xurkitree|Beast Boost|boost\n|-boost|p1a: Xurkitree|spa|1\n|\n|upkeep\n|c|\u26060014x|What a beautifil set.\n|c|\u26060014x|Really made me tearful from joy\n|\n|t:|1701211249\n|switch|p2a: Stevie|Togedemaru, L1, F|100\/100\n|turn|5\n|\n|t:|1701211259\n|move|p1a: Xurkitree|Hypnosis|p2a: Stevie\n|-status|p2a: Stevie|slp|[from] move: Hypnosis\n|cant|p2a: Stevie|slp\n|\n|upkeep\n|turn|6\n|\n|t:|1701211285\n|switch|p2a: Stone Cold Crazy|Groudon, shiny|100\/100\n|detailschange|p2a: Stone Cold Crazy|Groudon-Primal, shiny\n|-primal|p2a: Stone Cold Crazy|Red Orb\n|-weather|DesolateLand|[from] ability: Desolate Land|[of] p2a: Stone Cold Crazy\n|move|p1a: Xurkitree|Energy Ball|p2a: Stone Cold Crazy\n|-damage|p2a: Stone Cold Crazy|0 fnt\n|faint|p2a: Stone Cold Crazy\n|-weather|none\n|-ability|p1a: Xurkitree|Beast Boost|boost\n|-boost|p1a: Xurkitree|spa|1\n|\n|upkeep\n|\n|t:|1701211289\n|switch|p2a: Made in Heaven|Arceus|100\/100\n|turn|7\n|\n|t:|1701211297\n|move|p2a: Made in Heaven|Extreme Speed|p1a: Xurkitree\n|-damage|p1a: Xurkitree|27\/100\n|-damage|p2a: Made in Heaven|91\/100|[from] item: Life Orb\n|move|p1a: Xurkitree|Energy Ball|p2a: Made in Heaven\n|-damage|p2a: Made in Heaven|0 fnt\n|faint|p2a: Made in Heaven\n|-ability|p1a: Xurkitree|Beast Boost|boost\n|-boost|p1a: Xurkitree|spa|1\n|\n|upkeep\n|\n|t:|1701211303\n|switch|p2a: Song Of Redemption|Xerneas|100\/100\n|-ability|p2a: Song Of Redemption|Fairy Aura\n|turn|8\n|\n|t:|1701211307\n|move|p1a: Xurkitree|Energy Ball|p2a: Song Of Redemption\n|-damage|p2a: Song Of Redemption|0 fnt\n|faint|p2a: Song Of Redemption\n|\n|upkeep\n|\n|t:|1701211310\n|switch|p2a: Psycho Holiday|Mewtwo|100\/100\n|-ability|p2a: Psycho Holiday|Pressure\n|turn|9\n|\n|t:|1701211314\n|move|p1a: Xurkitree|Energy Ball|p2a: Psycho Holiday\n|-damage|p2a: Psycho Holiday|0 fnt\n|faint|p2a: Psycho Holiday\n|\n|upkeep\n|\n|t:|1701211319\n|switch|p2a: Stevie|Togedemaru, L1, F|100\/100 slp\n|turn|10\n|\n|t:|1701211323\n|move|p1a: Xurkitree|Energy Ball|p2a: Stevie\n|-resisted|p2a: Stevie\n|-ability|p2a: Stevie|Sturdy\n|-damage|p2a: Stevie|9\/100 slp\n|-unboost|p2a: Stevie|spd|1\n|cant|p2a: Stevie|slp\n|\n|upkeep\n|turn|11\n|-message|0014x forfeited.\n|\n|win|killgaldo\n|raw|killgaldo's rating: 1332 &rarr; <strong>1360<\/strong><br \/>(+28 for winning)\n|raw|0014x's rating: 1476 &rarr; <strong>1448<\/strong><br \/>(-28 for losing)\n|l|\u26060014x\n","uploadtime":1701211328,"views":12,"p1id":"killgaldo","p2id":"0014x","formatid":"gen9nationaldexubers","rating":1360,"private":0,"password":""}