{"id":"gen9nationaldexubers-1985859547","p1":"FoxasBat","p2":"w0909","format":"[Gen 9] National Dex Ubers","log":"|j|\u2606FoxasBat\n|j|\u2606w0909\n|t:|1699414185\n|gametype|singles\n|player|p1|FoxasBat|1|\n|player|p2|w0909|klara|\n|teamsize|p1|6\n|teamsize|p2|6\n|gen|9\n|tier|[Gen 9] National Dex Ubers\n|rule|HP Percentage Mod: HP is shown in percentages\n|rule|Endless Battle Clause: Forcing endless battles is banned\n|rule|OHKO Clause: OHKO moves are banned\n|rule|Evasion Moves Clause: Evasion moves are banned\n|rule|Evasion Items Clause: Evasion items are banned\n|rule|Species Clause: Limit one of each Pok\u00e9mon\n|rule|Sleep Clause Mod: Limit one foe put to sleep\n|rule|Mega Rayquaza Clause: You cannot mega evolve Rayquaza\n|clearpoke\n|poke|p1|Clodsire, M|\n|poke|p1|Roaring Moon|\n|poke|p1|Armarouge, F|\n|poke|p1|Decidueye, M|\n|poke|p1|Sliggoo-Hisui, M|\n|poke|p1|Dunsparce, F|\n|poke|p2|Corviknight, M|\n|poke|p2|Regidrago|\n|poke|p2|Sylveon, M|\n|poke|p2|Medicham, F|\n|poke|p2|Avalugg-Hisui, M|\n|poke|p2|Arctibax, F|\n|teampreview\n|\n|t:|1699414199\n|start\n|switch|p1a: Clodsire|Clodsire, M|100\/100\n|switch|p2a: Regidrago|Regidrago|100\/100\n|turn|1\n|\n|t:|1699414211\n|-terastallize|p2a: Regidrago|Steel\n|move|p2a: Regidrago|Earth Power|p1a: Clodsire\n|-supereffective|p1a: Clodsire\n|-damage|p1a: Clodsire|54\/100\n|move|p1a: Clodsire|Stealth Rock|p2a: Regidrago\n|-sidestart|p2: w0909|move: Stealth Rock\n|\n|-heal|p1a: Clodsire|61\/100|[from] item: Leftovers\n|upkeep\n|turn|2\n|\n|t:|1699414231\n|move|p2a: Regidrago|Earth Power|p1a: Clodsire\n|-supereffective|p1a: Clodsire\n|-damage|p1a: Clodsire|11\/100\n|move|p1a: Clodsire|Recover|p1a: Clodsire\n|-heal|p1a: Clodsire|61\/100\n|\n|-heal|p1a: Clodsire|67\/100|[from] item: Leftovers\n|upkeep\n|turn|3\n|c|\u2606w0909|hmmmm\n|\n|t:|1699414241\n|switch|p2a: Avalugg|Avalugg-Hisui, M|100\/100\n|move|p1a: Clodsire|Earthquake|p2a: Avalugg\n|-supereffective|p2a: Avalugg\n|-damage|p2a: Avalugg|74\/100\n|\n|-heal|p1a: Clodsire|74\/100|[from] item: Leftovers\n|upkeep\n|turn|4\n|\n|t:|1699414258\n|switch|p1a: Dunsparce|Dunsparce, F|100\/100\n|move|p2a: Avalugg|Mountain Gale|p1a: Dunsparce\n|-damage|p1a: Dunsparce|34\/100\n|\n|-heal|p1a: Dunsparce|40\/100|[from] item: Leftovers\n|upkeep\n|turn|5\n|\n|t:|1699414267\n|move|p1a: Dunsparce|Earth Power|p2a: Avalugg\n|-supereffective|p2a: Avalugg\n|-damage|p2a: Avalugg|20\/100\n|move|p2a: Avalugg|Earthquake|p1a: Dunsparce\n|-damage|p1a: Dunsparce|0 fnt\n|faint|p1a: Dunsparce\n|\n|upkeep\n|\n|t:|1699414286\n|switch|p1a: Decidueye|Decidueye, M|100\/100\n|turn|6\n|\n|t:|1699414294\n|move|p1a: Decidueye|Spirit Shackle|p2a: Avalugg\n|-damage|p2a: Avalugg|7\/100\n|-activate|p2a: Avalugg|trapped\n|move|p2a: Avalugg|Recover|p2a: Avalugg\n|-heal|p2a: Avalugg|57\/100\n|\n|upkeep\n|turn|7\n|c|\u2606w0909|YYESSSS\n|\n|t:|1699414300\n|move|p1a: Decidueye|Knock Off|p2a: Avalugg\n|-damage|p2a: Avalugg|45\/100\n|-enditem|p2a: Avalugg|Heavy-Duty Boots|[from] move: Knock Off|[of] p1a: Decidueye\n|move|p2a: Avalugg|Recover|p2a: Avalugg\n|-heal|p2a: Avalugg|95\/100\n|\n|upkeep\n|turn|8\n|\n|t:|1699414314\n|move|p1a: Decidueye|U-turn|p2a: Avalugg\n|-damage|p2a: Avalugg|87\/100\n|\n|t:|1699414318\n|switch|p1a: Sliggoo|Sliggoo-Hisui, M|100\/100|[from] U-turn\n|move|p2a: Avalugg|Mountain Gale|p1a: Sliggoo\n|-damage|p1a: Sliggoo|50\/100\n|\n|upkeep\n|turn|9\n|\n|t:|1699414336\n|move|p1a: Sliggoo|Flash Cannon|p2a: Avalugg\n|-supereffective|p2a: Avalugg\n|-damage|p2a: Avalugg|0 fnt\n|faint|p2a: Avalugg\n|\n|upkeep\n|c|\u2606FoxasBat|oh\n|c|\u2606w0909|ppffffff\n|\n|t:|1699414347\n|switch|p2a: Regidrago|Regidrago, tera:Steel|100\/100\n|-damage|p2a: Regidrago|94\/100|[from] Stealth Rock\n|turn|10\n|\n|t:|1699414356\n|move|p2a: Regidrago|Dragon Energy|p1a: Sliggoo\n|-damage|p1a: Sliggoo|0 fnt\n|faint|p1a: Sliggoo\n|\n|upkeep\n|\n|t:|1699414362\n|switch|p1a: Roaring Moon|Roaring Moon|100\/100\n|-enditem|p1a: Roaring Moon|Booster Energy\n|-activate|p1a: Roaring Moon|ability: Protosynthesis|[fromitem]\n|-start|p1a: Roaring Moon|protosynthesisatk\n|turn|11\n|\n|t:|1699414367\n|switch|p2a: Corviknight|Corviknight, M|100\/100\n|-damage|p2a: Corviknight|88\/100|[from] Stealth Rock\n|move|p1a: Roaring Moon|Earthquake|p2a: Corviknight\n|-immune|p2a: Corviknight\n|\n|upkeep\n|turn|12\n|c|\u2606FoxasBat|oop\n|\n|t:|1699414383\n|-end|p1a: Roaring Moon|Protosynthesis|[silent]\n|switch|p1a: Armarouge|Armarouge, F|100\/100\n|move|p2a: Corviknight|Brave Bird|p1a: Armarouge\n|-damage|p1a: Armarouge|61\/100\n|-ability|p1a: Armarouge|Weak Armor|boost\n|-unboost|p1a: Armarouge|def|1\n|-boost|p1a: Armarouge|spe|2\n|-damage|p2a: Corviknight|78\/100|[from] Recoil\n|\n|upkeep\n|turn|13\n|c|\u2606w0909|uhhh\n|c|\u2606w0909|we can talk about this\n|\n|t:|1699414399\n|move|p1a: Armarouge|Calm Mind|p1a: Armarouge\n|-boost|p1a: Armarouge|spa|1\n|-boost|p1a: Armarouge|spd|1\n|move|p2a: Corviknight|Brave Bird|p1a: Armarouge\n|-damage|p1a: Armarouge|5\/100\n|-ability|p1a: Armarouge|Weak Armor|boost\n|-unboost|p1a: Armarouge|def|1\n|-boost|p1a: Armarouge|spe|2\n|-damage|p2a: Corviknight|64\/100|[from] Recoil\n|\n|upkeep\n|turn|14\n|c|\u2606w0909|AAAAAAAAAAAAAAAAAAAAAA\n|\n|t:|1699414411\n|move|p1a: Armarouge|Stored Power|p2a: Corviknight\n|-resisted|p2a: Corviknight\n|-damage|p2a: Corviknight|10\/100\n|move|p2a: Corviknight|Brave Bird|p1a: Armarouge\n|-damage|p1a: Armarouge|0 fnt\n|faint|p1a: Armarouge\n|-damage|p2a: Corviknight|9\/100|[from] Recoil\n|\n|upkeep\n|c|\u2606w0909|OOOOOOOOOOOOO\n|c|\u2606FoxasBat|wowwwww\n|\n|t:|1699414424\n|switch|p1a: Decidueye|Decidueye, M|100\/100\n|turn|15\n|\n|t:|1699414431\n|move|p2a: Corviknight|Roost|p2a: Corviknight\n|-heal|p2a: Corviknight|59\/100\n|-singleturn|p2a: Corviknight|move: Roost\n|move|p1a: Decidueye|Spirit Shackle|p2a: Corviknight\n|-damage|p2a: Corviknight|41\/100\n|-activate|p2a: Corviknight|trapped\n|\n|upkeep\n|turn|16\n|c|\u2606w0909|GOOOOOO\n|\n|t:|1699414442\n|move|p2a: Corviknight|Roost|p2a: Corviknight\n|-heal|p2a: Corviknight|91\/100\n|-singleturn|p2a: Corviknight|move: Roost\n|move|p1a: Decidueye|Knock Off|p2a: Corviknight\n|-damage|p2a: Corviknight|75\/100\n|-damage|p1a: Decidueye|84\/100|[from] item: Rocky Helmet|[of] p2a: Corviknight\n|-enditem|p2a: Corviknight|Rocky Helmet|[from] move: Knock Off|[of] p1a: Decidueye\n|\n|upkeep\n|turn|17\n|\n|t:|1699414454\n|switch|p1a: Roaring Moon|Roaring Moon|100\/100\n|move|p2a: Corviknight|Brave Bird|p1a: Roaring Moon\n|-damage|p1a: Roaring Moon|56\/100\n|-damage|p2a: Corviknight|62\/100|[from] Recoil\n|\n|upkeep\n|turn|18\n|\n|t:|1699414462\n|-terastallize|p1a: Roaring Moon|Flying\n|move|p1a: Roaring Moon|Acrobatics|p2a: Corviknight\n|-resisted|p2a: Corviknight\n|-damage|p2a: Corviknight|41\/100\n|move|p2a: Corviknight|Roost|p2a: Corviknight\n|-heal|p2a: Corviknight|91\/100\n|-singleturn|p2a: Corviknight|move: Roost\n|\n|upkeep\n|turn|19\n|\n|t:|1699414477\n|-end|p1a: Roaring Moon|Protosynthesis|[silent]\n|switch|p1a: Clodsire|Clodsire, M|74\/100\n|move|p2a: Corviknight|Brave Bird|p1a: Clodsire\n|-damage|p1a: Clodsire|35\/100\n|-damage|p2a: Corviknight|76\/100|[from] Recoil\n|\n|-heal|p1a: Clodsire|41\/100|[from] item: Leftovers\n|upkeep\n|turn|20\n|\n|t:|1699414485\n|move|p2a: Corviknight|Brave Bird|p1a: Clodsire\n|-damage|p1a: Clodsire|0 fnt\n|faint|p1a: Clodsire\n|-damage|p2a: Corviknight|61\/100|[from] Recoil\n|\n|upkeep\n|\n|t:|1699414489\n|switch|p1a: Decidueye|Decidueye, M|84\/100\n|turn|21\n|c|\u2606w0909|RAAAAAAAAA\n|\n|t:|1699414494\n|move|p2a: Corviknight|Roost|p2a: Corviknight\n|-heal|p2a: Corviknight|100\/100\n|-singleturn|p2a: Corviknight|move: Roost\n|move|p1a: Decidueye|Spirit Shackle|p2a: Corviknight\n|-damage|p2a: Corviknight|83\/100\n|-activate|p2a: Corviknight|trapped\n|\n|upkeep\n|turn|22\n|\n|t:|1699414498\n|move|p2a: Corviknight|Brave Bird|p1a: Decidueye\n|-supereffective|p1a: Decidueye\n|-damage|p1a: Decidueye|22\/100\n|-damage|p2a: Corviknight|65\/100|[from] Recoil\n|move|p1a: Decidueye|Knock Off|p2a: Corviknight\n|-damage|p2a: Corviknight|55\/100\n|\n|upkeep\n|turn|23\n|\n|t:|1699414509\n|move|p2a: Corviknight|Roost|p2a: Corviknight\n|-heal|p2a: Corviknight|100\/100\n|-singleturn|p2a: Corviknight|move: Roost\n|move|p1a: Decidueye|U-turn|p2a: Corviknight\n|-resisted|p2a: Corviknight\n|-damage|p2a: Corviknight|96\/100\n|\n|t:|1699414515\n|switch|p1a: Roaring Moon|Roaring Moon, tera:Flying|56\/100|[from] U-turn\n|\n|upkeep\n|turn|24\n|\n|t:|1699414525\n|move|p1a: Roaring Moon|Acrobatics|p2a: Corviknight\n|-resisted|p2a: Corviknight\n|-damage|p2a: Corviknight|76\/100\n|move|p2a: Corviknight|Brave Bird|p1a: Roaring Moon\n|-damage|p1a: Roaring Moon|6\/100\n|-damage|p2a: Corviknight|62\/100|[from] Recoil\n|\n|upkeep\n|turn|25\n|\n|t:|1699414536\n|move|p1a: Roaring Moon|Acrobatics|p2a: Corviknight\n|-resisted|p2a: Corviknight\n|-damage|p2a: Corviknight|41\/100\n|move|p2a: Corviknight|U-turn|p1a: Roaring Moon\n|-resisted|p1a: Roaring Moon\n|-damage|p1a: Roaring Moon|0 fnt\n|faint|p1a: Roaring Moon\n|-end|p1a: Roaring Moon|Protosynthesis|[silent]\n|\n|t:|1699414542\n|switch|p2a: Arctibax|Arctibax, F|100\/100|[from] U-turn\n|-damage|p2a: Arctibax|76\/100|[from] Stealth Rock\n|\n|upkeep\n|c|\u2606FoxasBat|wow\n|\n|t:|1699414546\n|switch|p1a: Decidueye|Decidueye, M|22\/100\n|turn|26\n|c|\u2606w0909|OU mon moment\n|c|\u2606w0909|gyat dahmn\n|\n|t:|1699414556\n|move|p2a: Arctibax|Icicle Crash|p1a: Decidueye\n|-supereffective|p1a: Decidueye\n|-damage|p1a: Decidueye|0 fnt\n|faint|p1a: Decidueye\n|\n|win|w0909\n|c|\u2606w0909|ggs\n|c|\u2606FoxasBat|that corvinight is horrifying\n|l|\u2606FoxasBat\n","uploadtime":1699414569,"views":5,"p1id":"foxasbat","p2id":"w0909","formatid":"gen9nationaldexubers","rating":0,"private":0,"password":""}