{"id":"gen9nationaldexubers-1993057475","p1":"Kdisue","p2":"Tyborg.42069","format":"[Gen 9] National Dex Ubers","log":"|j|\u2606Kdisue\n|j|\u2606Tyborg.42069\n|t:|1700260011\n|gametype|singles\n|player|p1|Kdisue|265|1129\n|player|p2|Tyborg.42069|benga|1070\n|teamsize|p1|6\n|teamsize|p2|6\n|gen|9\n|tier|[Gen 9] National Dex Ubers\n|rated|\n|rule|HP Percentage Mod: HP is shown in percentages\n|rule|Endless Battle Clause: Forcing endless battles is banned\n|rule|OHKO Clause: OHKO moves are banned\n|rule|Evasion Moves Clause: Evasion moves are banned\n|rule|Evasion Items Clause: Evasion items are banned\n|rule|Species Clause: Limit one of each Pok\u00e9mon\n|rule|Sleep Clause Mod: Limit one foe put to sleep\n|rule|Mega Rayquaza Clause: You cannot mega evolve Rayquaza\n|clearpoke\n|poke|p1|Deoxys-Defense|\n|poke|p1|Chansey, F|\n|poke|p1|Ferrothorn, F|\n|poke|p1|Rotom-Wash|\n|poke|p1|Ho-Oh|\n|poke|p1|Lugia|\n|poke|p2|Cinderace, F|\n|poke|p2|Walking Wake|\n|poke|p2|Blaziken, F|\n|poke|p2|Ogerpon-Hearthflame, F|\n|poke|p2|Groudon|\n|poke|p2|Lilligant-Hisui, F|\n|teampreview\n|inactive|Battle timer is ON: inactive players will automatically lose when time's up. (requested by Kdisue)\n|\n|t:|1700260068\n|start\n|switch|p1a: Sexy Red|Deoxys-Defense|100\/100\n|switch|p2a: water is scary|Groudon|100\/100\n|-ability|p1a: Sexy Red|Pressure\n|-weather|SunnyDay|[from] ability: Drought|[of] p2a: water is scary\n|turn|1\n|\n|t:|1700260080\n|move|p1a: Sexy Red|Stealth Rock|p2a: water is scary\n|-sidestart|p2: Tyborg.42069|move: Stealth Rock\n|move|p2a: water is scary|Stealth Rock|p1a: Sexy Red\n|-sidestart|p1: Kdisue|move: Stealth Rock\n|\n|-weather|SunnyDay|[upkeep]\n|upkeep\n|turn|2\n|\n|t:|1700260092\n|switch|p2a: the GOAT|Ogerpon-Hearthflame, F|100\/100\n|-damage|p2a: the GOAT|76\/100|[from] Stealth Rock\n|-ability|p2a: the GOAT|Mold Breaker\n|move|p1a: Sexy Red|Nasty Plot|p1a: Sexy Red\n|-boost|p1a: Sexy Red|spa|2\n|\n|-weather|SunnyDay|[upkeep]\n|upkeep\n|turn|3\n|\n|t:|1700260103\n|-terastallize|p2a: the GOAT|Fire\n|detailschange|p2a: the GOAT|Ogerpon-Hearthflame-Tera, F, tera:Fire\n|-ability|p2a: the GOAT|Embody Aspect (Hearthflame)|boost\n|-boost|p2a: the GOAT|atk|1\n|move|p2a: the GOAT|Swords Dance|p2a: the GOAT\n|-boost|p2a: the GOAT|atk|2\n|move|p1a: Sexy Red|Psycho Boost|p2a: the GOAT\n|-damage|p2a: the GOAT|0 fnt\n|-unboost|p1a: Sexy Red|spa|2\n|faint|p2a: the GOAT\n|-damage|p1a: Sexy Red|91\/100|[from] item: Life Orb\n|\n|-weather|SunnyDay|[upkeep]\n|upkeep\n|\n|t:|1700260112\n|switch|p2a: Furry bait|Cinderace, F|100\/100\n|-damage|p2a: Furry bait|76\/100|[from] Stealth Rock\n|turn|4\n|\n|t:|1700260124\n|move|p2a: Furry bait|Swords Dance|p2a: Furry bait\n|-boost|p2a: Furry bait|atk|2\n|move|p1a: Sexy Red|Psycho Boost|p2a: Furry bait\n|-damage|p2a: Furry bait|0 fnt\n|-unboost|p1a: Sexy Red|spa|2\n|faint|p2a: Furry bait\n|-damage|p1a: Sexy Red|81\/100|[from] item: Life Orb\n|\n|-weather|SunnyDay|[upkeep]\n|upkeep\n|\n|t:|1700260133\n|switch|p2a: i lost weight|Lilligant-Hisui, F, shiny|100\/100\n|-damage|p2a: i lost weight|94\/100|[from] Stealth Rock\n|turn|5\n|\n|t:|1700260138\n|move|p2a: i lost weight|Sleep Powder|p1a: Sexy Red\n|-status|p1a: Sexy Red|slp|[from] move: Sleep Powder\n|cant|p1a: Sexy Red|slp\n|\n|-weather|SunnyDay|[upkeep]\n|upkeep\n|turn|6\n|\n|t:|1700260145\n|move|p2a: i lost weight|Victory Dance|p2a: i lost weight\n|-boost|p2a: i lost weight|atk|1\n|-boost|p2a: i lost weight|def|1\n|-boost|p2a: i lost weight|spe|1\n|-curestatus|p1a: Sexy Red|slp|[msg]\n|move|p1a: Sexy Red|Psycho Boost|p2a: i lost weight\n|-supereffective|p2a: i lost weight\n|-damage|p2a: i lost weight|0 fnt\n|-unboost|p1a: Sexy Red|spa|2\n|faint|p2a: i lost weight\n|-damage|p1a: Sexy Red|71\/100|[from] item: Life Orb\n|\n|-weather|SunnyDay|[upkeep]\n|upkeep\n|\n|t:|1700260154\n|switch|p2a: water is scary|Groudon|100\/100\n|-damage|p2a: water is scary|94\/100|[from] Stealth Rock\n|turn|7\n|\n|t:|1700260164\n|switch|p1a: Washington|Rotom-Wash|100\/100\n|-damage|p1a: Washington|88\/100|[from] Stealth Rock\n|move|p2a: water is scary|Precipice Blades|p1a: Washington\n|-immune|p1a: Washington|[from] ability: Levitate\n|\n|-weather|SunnyDay|[upkeep]\n|upkeep\n|turn|8\n|\n|t:|1700260174\n|move|p1a: Washington|Trick|p2a: water is scary\n|-activate|p1a: Washington|move: Trick|[of] p2a: water is scary\n|-item|p2a: water is scary|Choice Specs|[from] move: Trick\n|-item|p1a: Washington|Heat Rock|[from] move: Trick\n|move|p2a: water is scary|Stone Edge|p1a: Washington|[miss]\n|-miss|p2a: water is scary|p1a: Washington\n|\n|-weather|none\n|upkeep\n|turn|9\n|-message|Tyborg.42069 forfeited.\n|\n|win|Kdisue\n|raw|Kdisue's rating: 1129 &rarr; <strong>1150<\/strong><br \/>(+21 for winning)\n|raw|Tyborg.42069's rating: 1070 &rarr; <strong>1053<\/strong><br \/>(-17 for losing)\n|l|\u2606Tyborg.42069\n","uploadtime":1700260186,"views":8,"p1id":"kdisue","p2id":"tyborg42069","formatid":"gen9nationaldexubers","rating":1053,"private":0,"password":""}