{"id":"gen9nationaldexubers-1979563009","p1":"glennucus","p2":"Berad773","format":"[Gen 9] National Dex Ubers","log":"|j|\u2606glennucus\n|j|\u2606Berad773\n|t:|1698692555\n|gametype|singles\n|player|p1|glennucus|266|\n|player|p2|Berad773|170|\n|teamsize|p1|6\n|teamsize|p2|6\n|gen|9\n|tier|[Gen 9] National Dex Ubers\n|rule|HP Percentage Mod: HP is shown in percentages\n|rule|Endless Battle Clause: Forcing endless battles is banned\n|rule|OHKO Clause: OHKO moves are banned\n|rule|Evasion Moves Clause: Evasion moves are banned\n|rule|Evasion Items Clause: Evasion items are banned\n|rule|Species Clause: Limit one of each Pok\u00e9mon\n|rule|Sleep Clause Mod: Limit one foe put to sleep\n|rule|Mega Rayquaza Clause: You cannot mega evolve Rayquaza\n|clearpoke\n|poke|p1|Lugia|\n|poke|p1|Arceus-Fighting|\n|poke|p1|Mewtwo|\n|poke|p1|Naganadel|\n|poke|p1|Darkrai|\n|poke|p1|Solgaleo|\n|poke|p2|Kyogre|\n|poke|p2|Walking Wake|\n|poke|p2|Palkia|\n|poke|p2|Regieleki|\n|poke|p2|Chien-Pao|\n|poke|p2|Arceus-Steel|\n|teampreview\n|\n|t:|1698692574\n|start\n|switch|p1a: Darkrai|Darkrai|100\/100\n|switch|p2a: Kyogre|Kyogre|100\/100\n|-weather|RainDance|[from] ability: Drizzle|[of] p2a: Kyogre\n|turn|1\n|\n|t:|1698692585\n|move|p1a: Darkrai|Thunder Wave|p2a: Kyogre\n|-status|p2a: Kyogre|par\n|move|p2a: Kyogre|Calm Mind|p2a: Kyogre\n|-boost|p2a: Kyogre|spa|1\n|-boost|p2a: Kyogre|spd|1\n|\n|-weather|RainDance|[upkeep]\n|upkeep\n|turn|2\n|\n|t:|1698692597\n|move|p1a: Darkrai|Calm Mind|p1a: Darkrai\n|-boost|p1a: Darkrai|spa|1\n|-boost|p1a: Darkrai|spd|1\n|move|p2a: Kyogre|Calm Mind|p2a: Kyogre\n|-boost|p2a: Kyogre|spa|1\n|-boost|p2a: Kyogre|spd|1\n|\n|-weather|RainDance|[upkeep]\n|upkeep\n|turn|3\n|\n|t:|1698692608\n|move|p1a: Darkrai|Dark Pulse|p2a: Kyogre\n|-damage|p2a: Kyogre|75\/100 par\n|-damage|p1a: Darkrai|91\/100|[from] item: Life Orb\n|move|p2a: Kyogre|Origin Pulse|p1a: Darkrai\n|-damage|p1a: Darkrai|0 fnt\n|faint|p1a: Darkrai\n|\n|-weather|RainDance|[upkeep]\n|-heal|p2a: Kyogre|82\/100 par|[from] item: Leftovers\n|upkeep\n|\n|t:|1698692621\n|switch|p1a: Naganadel|Naganadel|100\/100\n|turn|4\n|\n|t:|1698692628\n|move|p1a: Naganadel|Draco Meteor|p2a: Kyogre\n|-damage|p2a: Kyogre|47\/100 par\n|-unboost|p1a: Naganadel|spa|2\n|move|p2a: Kyogre|Ice Beam|p1a: Naganadel\n|-supereffective|p1a: Naganadel\n|-damage|p1a: Naganadel|0 fnt\n|faint|p1a: Naganadel\n|\n|-weather|RainDance|[upkeep]\n|-heal|p2a: Kyogre|53\/100 par|[from] item: Leftovers\n|upkeep\n|\n|t:|1698692638\n|switch|p1a: Mewtwo|Mewtwo|100\/100\n|-ability|p1a: Mewtwo|Pressure\n|turn|5\n|\n|t:|1698692648\n|detailschange|p1a: Mewtwo|Mewtwo-Mega-X\n|-mega|p1a: Mewtwo|Mewtwo|Mewtwonite X\n|move|p1a: Mewtwo|Knock Off|p2a: Kyogre\n|-damage|p2a: Kyogre|13\/100 par\n|-enditem|p2a: Kyogre|Leftovers|[from] move: Knock Off|[of] p1a: Mewtwo\n|move|p2a: Kyogre|Origin Pulse|p1a: Mewtwo\n|-damage|p1a: Mewtwo|0 fnt\n|faint|p1a: Mewtwo\n|\n|-weather|none\n|upkeep\n|\n|t:|1698692657\n|switch|p1a: Lugia|Lugia|100\/100\n|turn|6\n|\n|t:|1698692665\n|move|p1a: Lugia|Aeroblast|p2a: Kyogre|[miss]\n|-miss|p1a: Lugia|p2a: Kyogre\n|move|p2a: Kyogre|Ice Beam|p1a: Lugia\n|-supereffective|p1a: Lugia\n|-damage|p1a: Lugia|57\/100\n|\n|-heal|p1a: Lugia|63\/100|[from] item: Leftovers\n|upkeep\n|turn|7\n|\n|t:|1698692674\n|move|p1a: Lugia|Aeroblast|p2a: Kyogre\n|-damage|p2a: Kyogre|3\/100 par\n|move|p2a: Kyogre|Ice Beam|p1a: Lugia\n|-supereffective|p1a: Lugia\n|-damage|p1a: Lugia|0 fnt\n|faint|p1a: Lugia\n|\n|upkeep\n|\n|t:|1698692688\n|switch|p1a: Arceus|Arceus-Fighting|100\/100\n|turn|8\n|\n|t:|1698692694\n|move|p1a: Arceus|Dragon Dance|p1a: Arceus\n|-boost|p1a: Arceus|atk|1\n|-boost|p1a: Arceus|spe|1\n|move|p2a: Kyogre|Origin Pulse|p1a: Arceus\n|-damage|p1a: Arceus|0 fnt\n|faint|p1a: Arceus\n|\n|upkeep\n|\n|t:|1698692702\n|switch|p1a: Solgaleo|Solgaleo|100\/100\n|turn|9\n|\n|t:|1698692709\n|move|p1a: Solgaleo|Psychic Fangs|p2a: Kyogre\n|-damage|p2a: Kyogre|0 fnt\n|faint|p2a: Kyogre\n|\n|upkeep\n|\n|t:|1698692716\n|switch|p2a: Arceus|Arceus-Steel|100\/100\n|turn|10\n|\n|t:|1698692730\n|move|p2a: Arceus|Agility|p2a: Arceus\n|-boost|p2a: Arceus|spe|2\n|move|p1a: Solgaleo|Flare Blitz|p2a: Arceus\n|-supereffective|p2a: Arceus\n|-damage|p2a: Arceus|32\/100\n|-damage|p1a: Solgaleo|80\/100|[from] Recoil\n|\n|upkeep\n|turn|11\n|\n|t:|1698692741\n|move|p2a: Arceus|Judgment|p1a: Solgaleo\n|-resisted|p1a: Solgaleo\n|-damage|p1a: Solgaleo|52\/100\n|move|p1a: Solgaleo|Flare Blitz|p2a: Arceus\n|-supereffective|p2a: Arceus\n|-crit|p2a: Arceus\n|-damage|p2a: Arceus|0 fnt\n|faint|p2a: Arceus\n|-damage|p1a: Solgaleo|42\/100|[from] Recoil\n|\n|upkeep\n|\n|t:|1698692751\n|switch|p2a: Regieleki|Regieleki|100\/100\n|turn|12\n|\n|t:|1698692759\n|move|p2a: Regieleki|Volt Switch|p1a: Solgaleo\n|-damage|p1a: Solgaleo|0 fnt\n|faint|p1a: Solgaleo\n|\n|win|Berad773\n|c|\u2606glennucus|GG\n|c|\u2606Berad773|Gg\n|l|\u2606glennucus\n","uploadtime":1698692798,"views":7,"p1id":"glennucus","p2id":"berad773","formatid":"gen9nationaldexubers","rating":0,"private":0,"password":""}