{"id":"gen9nationaldexubers-1992320079","p1":"Harmony6","p2":"Pex Hater","format":"[Gen 9] National Dex Ubers","log":"|j|\u2606Harmony6\n|j|\u2606Pex Hater\n|t:|1700174337\n|gametype|singles\n|player|p1|Harmony6|lady-gen4|\n|player|p2|Pex Hater|cheryl|\n|teamsize|p1|6\n|teamsize|p2|6\n|gen|9\n|tier|[Gen 9] National Dex Ubers\n|rule|HP Percentage Mod: HP is shown in percentages\n|rule|Endless Battle Clause: Forcing endless battles is banned\n|rule|OHKO Clause: OHKO moves are banned\n|rule|Evasion Moves Clause: Evasion moves are banned\n|rule|Evasion Items Clause: Evasion items are banned\n|rule|Species Clause: Limit one of each Pok\u00e9mon\n|rule|Sleep Clause Mod: Limit one foe put to sleep\n|rule|Mega Rayquaza Clause: You cannot mega evolve Rayquaza\n|clearpoke\n|poke|p1|Gastrodon, M|\n|poke|p1|Ferrothorn, M|\n|poke|p1|Skeledirge, F|\n|poke|p1|Meowscarada, M|\n|poke|p1|Muk-Alola, F|\n|poke|p1|Hatterene, F|\n|poke|p2|Nidoking, M|\n|poke|p2|Slowking-Galar, F|\n|poke|p2|Venusaur, M|\n|poke|p2|Toxapex, M|\n|poke|p2|Clodsire, F|\n|poke|p2|Glimmora, F|\n|teampreview\n|c|\u2606Pex Hater|no mlop?\n|c|\u2606Pex Hater|or zap\n|c|\u2606Pex Hater|interesting\n|\n|t:|1700174360\n|start\n|switch|p1a: Meowscarada|Meowscarada, M|100\/100\n|switch|p2a: My Form Empties|Nidoking, M|100\/100\n|turn|1\n|\n|t:|1700174403\n|switch|p2a: Fluid Sac|Toxapex, M|100\/100\n|move|p1a: Meowscarada|U-turn|p2a: Fluid Sac\n|-start|p1a: Meowscarada|typechange|Bug|[from] ability: Protean\n|-resisted|p2a: Fluid Sac\n|-damage|p2a: Fluid Sac|86\/100\n|\n|t:|1700174423\n|switch|p1a: Hatterene|Hatterene, F|100\/100|[from] U-turn\n|\n|upkeep\n|turn|2\n|\n|t:|1700174438\n|switch|p2a: Impending Day|Slowking-Galar, F|100\/100\n|move|p1a: Hatterene|Psychic|p2a: Impending Day\n|-damage|p2a: Impending Day|76\/100\n|\n|upkeep\n|turn|3\n|\n|t:|1700174450\n|switch|p1a: Skeledirge|Skeledirge, F|100\/100\n|move|p2a: Impending Day|Chilly Reception|p2a: Impending Day\n|-weather|Snow\n|\n|t:|1700174453\n|switch|p2a: My Form Empties|Nidoking, M|100\/100|[from] Chilly Reception\n|\n|-weather|Snow|[upkeep]\n|upkeep\n|turn|4\n|\n|t:|1700174476\n|move|p2a: My Form Empties|Earth Power|p1a: Skeledirge\n|-supereffective|p1a: Skeledirge\n|-damage|p1a: Skeledirge|0 fnt\n|faint|p1a: Skeledirge\n|\n|-weather|Snow|[upkeep]\n|upkeep\n|c|\u2606Harmony6|Oof\n|\n|t:|1700174493\n|switch|p1a: Muk|Muk-Alola, F|100\/100\n|turn|5\n|c|\u2606Pex Hater|can't afford to click sub on a sound move\n|\n|t:|1700174512\n|move|p2a: My Form Empties|Substitute|p2a: My Form Empties\n|-start|p2a: My Form Empties|Substitute\n|-damage|p2a: My Form Empties|76\/100\n|move|p1a: Muk|Knock Off|p2a: My Form Empties\n|-end|p2a: My Form Empties|Substitute\n|\n|-weather|Snow|[upkeep]\n|upkeep\n|turn|6\n|\n|t:|1700174521\n|switch|p2a: Ebony Stem|Venusaur, M|100\/100\n|move|p1a: Muk|Knock Off|p2a: Ebony Stem\n|-damage|p2a: Ebony Stem|81\/100\n|\n|-weather|Snow|[upkeep]\n|upkeep\n|turn|7\n|\n|t:|1700174529\n|switch|p2a: Fluid Sac|Toxapex, M|100\/100\n|move|p1a: Muk|Fire Punch|p2a: Fluid Sac\n|-resisted|p2a: Fluid Sac\n|-damage|p2a: Fluid Sac|95\/100\n|\n|-weather|none\n|upkeep\n|turn|8\n|\n|t:|1700174536\n|switch|p1a: Hatterene|Hatterene, F|100\/100\n|move|p2a: Fluid Sac|Scald|p1a: Hatterene\n|-damage|p1a: Hatterene|83\/100\n|\n|-heal|p1a: Hatterene|89\/100|[from] item: Leftovers\n|upkeep\n|turn|9\n|\n|t:|1700174542\n|switch|p2a: Impending Day|Slowking-Galar, F|100\/100\n|move|p1a: Hatterene|Calm Mind|p1a: Hatterene\n|-boost|p1a: Hatterene|spa|1\n|-boost|p1a: Hatterene|spd|1\n|\n|-heal|p1a: Hatterene|95\/100|[from] item: Leftovers\n|upkeep\n|turn|10\n|\n|t:|1700174546\n|move|p1a: Hatterene|Psychic|p2a: Impending Day\n|-damage|p2a: Impending Day|67\/100\n|move|p2a: Impending Day|Chilly Reception|p2a: Impending Day\n|-weather|Snow\n|\n|t:|1700174554\n|switch|p2a: Pursuance|Clodsire, F|100\/100|[from] Chilly Reception\n|\n|-weather|Snow|[upkeep]\n|-heal|p1a: Hatterene|100\/100|[from] item: Leftovers\n|upkeep\n|turn|11\n|\n|t:|1700174564\n|move|p1a: Hatterene|Calm Mind|p1a: Hatterene\n|-boost|p1a: Hatterene|spa|1\n|-boost|p1a: Hatterene|spd|1\n|move|p2a: Pursuance|Earthquake|p1a: Hatterene\n|-damage|p1a: Hatterene|80\/100\n|\n|-weather|Snow|[upkeep]\n|-heal|p1a: Hatterene|86\/100|[from] item: Leftovers\n|upkeep\n|turn|12\n|\n|t:|1700174570\n|move|p1a: Hatterene|Calm Mind|p1a: Hatterene\n|-boost|p1a: Hatterene|spa|1\n|-boost|p1a: Hatterene|spd|1\n|move|p2a: Pursuance|Earthquake|p1a: Hatterene\n|-damage|p1a: Hatterene|65\/100\n|\n|-weather|Snow|[upkeep]\n|-heal|p1a: Hatterene|71\/100|[from] item: Leftovers\n|upkeep\n|turn|13\n|\n|t:|1700174574\n|move|p1a: Hatterene|Psychic|p2a: Pursuance\n|-supereffective|p2a: Pursuance\n|-damage|p2a: Pursuance|59\/100\n|move|p2a: Pursuance|Earthquake|p1a: Hatterene\n|-damage|p1a: Hatterene|50\/100\n|\n|-weather|Snow|[upkeep]\n|-heal|p1a: Hatterene|56\/100|[from] item: Leftovers\n|-heal|p2a: Pursuance|65\/100|[from] item: Black Sludge\n|upkeep\n|turn|14\n|\n|t:|1700174580\n|move|p1a: Hatterene|Draining Kiss|p2a: Pursuance\n|-resisted|p2a: Pursuance\n|-damage|p2a: Pursuance|58\/100\n|-heal|p1a: Hatterene|63\/100|[from] drain|[of] p2a: Pursuance\n|move|p2a: Pursuance|Recover|p2a: Pursuance\n|-heal|p2a: Pursuance|100\/100\n|\n|-weather|none\n|-heal|p1a: Hatterene|69\/100|[from] item: Leftovers\n|upkeep\n|turn|15\n|\n|t:|1700174585\n|move|p1a: Hatterene|Psychic|p2a: Pursuance\n|-supereffective|p2a: Pursuance\n|-damage|p2a: Pursuance|55\/100\n|move|p2a: Pursuance|Earthquake|p1a: Hatterene\n|-damage|p1a: Hatterene|48\/100\n|\n|-heal|p1a: Hatterene|53\/100|[from] item: Leftovers\n|-heal|p2a: Pursuance|61\/100|[from] item: Black Sludge\n|upkeep\n|turn|16\n|\n|t:|1700174609\n|move|p1a: Hatterene|Psychic|p2a: Pursuance\n|-supereffective|p2a: Pursuance\n|-damage|p2a: Pursuance|20\/100\n|move|p2a: Pursuance|Recover|p2a: Pursuance\n|-heal|p2a: Pursuance|70\/100\n|\n|-heal|p1a: Hatterene|59\/100|[from] item: Leftovers\n|-heal|p2a: Pursuance|76\/100|[from] item: Black Sludge\n|upkeep\n|turn|17\n|\n|t:|1700174617\n|move|p1a: Hatterene|Psychic|p2a: Pursuance\n|-supereffective|p2a: Pursuance\n|-damage|p2a: Pursuance|35\/100\n|move|p2a: Pursuance|Recover|p2a: Pursuance\n|-heal|p2a: Pursuance|85\/100\n|\n|-heal|p1a: Hatterene|65\/100|[from] item: Leftovers\n|-heal|p2a: Pursuance|91\/100|[from] item: Black Sludge\n|upkeep\n|turn|18\n|\n|t:|1700174619\n|move|p1a: Hatterene|Psychic|p2a: Pursuance\n|-supereffective|p2a: Pursuance\n|-damage|p2a: Pursuance|47\/100\n|move|p2a: Pursuance|Earthquake|p1a: Hatterene\n|-damage|p1a: Hatterene|44\/100\n|\n|-heal|p1a: Hatterene|50\/100|[from] item: Leftovers\n|-heal|p2a: Pursuance|53\/100|[from] item: Black Sludge\n|upkeep\n|turn|19\n|\n|t:|1700174624\n|move|p1a: Hatterene|Psychic|p2a: Pursuance\n|-supereffective|p2a: Pursuance\n|-damage|p2a: Pursuance|13\/100\n|move|p2a: Pursuance|Earthquake|p1a: Hatterene\n|-damage|p1a: Hatterene|30\/100\n|\n|-heal|p1a: Hatterene|36\/100|[from] item: Leftovers\n|-heal|p2a: Pursuance|19\/100|[from] item: Black Sludge\n|upkeep\n|turn|20\n|\n|t:|1700174630\n|move|p1a: Hatterene|Psychic|p2a: Pursuance\n|-supereffective|p2a: Pursuance\n|-damage|p2a: Pursuance|0 fnt\n|faint|p2a: Pursuance\n|\n|-heal|p1a: Hatterene|42\/100|[from] item: Leftovers\n|upkeep\n|\n|t:|1700174633\n|switch|p2a: My Form Empties|Nidoking, M|76\/100\n|turn|21\n|\n|t:|1700174637\n|switch|p1a: Muk|Muk-Alola, F|100\/100\n|move|p2a: My Form Empties|Sludge Wave|p1a: Muk\n|-resisted|p1a: Muk\n|-damage|p1a: Muk|89\/100\n|\n|upkeep\n|turn|22\n|\n|t:|1700174640\n|move|p2a: My Form Empties|Substitute|p2a: My Form Empties\n|-start|p2a: My Form Empties|Substitute\n|-damage|p2a: My Form Empties|51\/100\n|move|p1a: Muk|Knock Off|p2a: My Form Empties\n|-end|p2a: My Form Empties|Substitute\n|\n|upkeep\n|turn|23\n|\n|t:|1700174646\n|move|p2a: My Form Empties|Substitute|p2a: My Form Empties\n|-start|p2a: My Form Empties|Substitute\n|-damage|p2a: My Form Empties|26\/100\n|move|p1a: Muk|Pursuit|p2a: My Form Empties\n|-activate|p2a: My Form Empties|move: Substitute|[damage]\n|\n|upkeep\n|turn|24\n|\n|t:|1700174648\n|move|p2a: My Form Empties|Earth Power|p1a: Muk\n|-supereffective|p1a: Muk\n|-damage|p1a: Muk|46\/100\n|move|p1a: Muk|Knock Off|p2a: My Form Empties\n|-end|p2a: My Form Empties|Substitute\n|\n|upkeep\n|turn|25\n|\n|t:|1700174653\n|switch|p1a: Meowscarada|Meowscarada, M|100\/100\n|move|p2a: My Form Empties|Earth Power|p1a: Meowscarada\n|-resisted|p1a: Meowscarada\n|-damage|p1a: Meowscarada|51\/100\n|\n|upkeep\n|turn|26\n|\n|t:|1700174668\n|switch|p2a: Fluid Sac|Toxapex, M|100\/100\n|move|p1a: Meowscarada|Knock Off|p2a: Fluid Sac\n|-start|p1a: Meowscarada|typechange|Dark|[from] ability: Protean\n|-damage|p2a: Fluid Sac|73\/100\n|\n|upkeep\n|turn|27\n|\n|t:|1700174678\n|switch|p1a: Gastrodon|Gastrodon, M|100\/100\n|switch|p2a: Rose Sign|Glimmora, F|100\/100\n|\n|upkeep\n|turn|28\n|\n|t:|1700174691\n|move|p2a: Rose Sign|Mortal Spin|p1a: Gastrodon\n|-resisted|p1a: Gastrodon\n|-crit|p1a: Gastrodon\n|-damage|p1a: Gastrodon|95\/100\n|-status|p1a: Gastrodon|psn\n|move|p1a: Gastrodon|Scald|p2a: Rose Sign\n|-supereffective|p2a: Rose Sign\n|-damage|p2a: Rose Sign|26\/100\n|\n|-heal|p1a: Gastrodon|100\/100 psn|[from] item: Leftovers\n|-damage|p1a: Gastrodon|88\/100 psn|[from] psn\n|upkeep\n|turn|29\n|\n|t:|1700174697\n|move|p2a: Rose Sign|Stealth Rock|p1a: Gastrodon\n|-sidestart|p1: Harmony6|move: Stealth Rock\n|move|p1a: Gastrodon|Spikes|p2a: Rose Sign\n|-sidestart|p2: Pex Hater|Spikes\n|\n|-heal|p1a: Gastrodon|94\/100 psn|[from] item: Leftovers\n|-damage|p1a: Gastrodon|82\/100 psn|[from] psn\n|upkeep\n|turn|30\n|\n|t:|1700174702\n|move|p2a: Rose Sign|Mortal Spin|p1a: Gastrodon\n|-resisted|p1a: Gastrodon\n|-damage|p1a: Gastrodon|78\/100 psn\n|-sideend|p2: Pex Hater|Spikes|[from] move: Mortal Spin|[of] p2a: Rose Sign\n|move|p1a: Gastrodon|Scald|p2a: Rose Sign\n|-supereffective|p2a: Rose Sign\n|-damage|p2a: Rose Sign|0 fnt\n|faint|p2a: Rose Sign\n|\n|-heal|p1a: Gastrodon|84\/100 psn|[from] item: Leftovers\n|-damage|p1a: Gastrodon|72\/100 psn|[from] psn\n|upkeep\n|\n|t:|1700174706\n|switch|p2a: Ebony Stem|Venusaur, M|81\/100\n|turn|31\n|l|\u2606Harmony6\n|player|p1|\n|j|\u2606Harmony6\n|player|p1|Harmony6|lady-gen4\n|\n|t:|1700174725\n|switch|p1a: Ferrothorn|Ferrothorn, M|100\/100\n|-damage|p1a: Ferrothorn|95\/100|[from] Stealth Rock\n|detailschange|p2a: Ebony Stem|Venusaur-Mega, M\n|-mega|p2a: Ebony Stem|Venusaur|Venusaurite\n|move|p2a: Ebony Stem|Giga Drain|p1a: Ferrothorn\n|-resisted|p1a: Ferrothorn\n|-damage|p1a: Ferrothorn|90\/100\n|-heal|p2a: Ebony Stem|84\/100|[from] drain|[of] p1a: Ferrothorn\n|\n|-heal|p1a: Ferrothorn|96\/100|[from] item: Leftovers\n|upkeep\n|turn|32\n|\n|t:|1700174731\n|switch|p2a: Impending Day|Slowking-Galar, F|100\/100\n|move|p1a: Ferrothorn|Stealth Rock|p2a: Impending Day\n|-sidestart|p2: Pex Hater|move: Stealth Rock\n|\n|-heal|p1a: Ferrothorn|100\/100|[from] item: Leftovers\n|upkeep\n|turn|33\n|\n|t:|1700174734\n|move|p2a: Impending Day|Future Sight|p1a: Ferrothorn\n|-start|p2a: Impending Day|move: Future Sight\n|move|p1a: Ferrothorn|Knock Off|p2a: Impending Day\n|-supereffective|p2a: Impending Day\n|-damage|p2a: Impending Day|60\/100\n|-enditem|p2a: Impending Day|Heavy-Duty Boots|[from] move: Knock Off|[of] p1a: Ferrothorn\n|\n|upkeep\n|turn|34\n|\n|t:|1700174765\n|switch|p1a: Hatterene|Hatterene, F|42\/100\n|-damage|p1a: Hatterene|30\/100|[from] Stealth Rock\n|move|p2a: Impending Day|Chilly Reception|p2a: Impending Day\n|-weather|Snow\n|l|\u2606Harmony6\n|player|p1|\n|\n|t:|1700174778\n|switch|p2a: My Form Empties|Nidoking, M|26\/100|[from] Chilly Reception\n|-damage|p2a: My Form Empties|20\/100|[from] Stealth Rock\n|\n|-weather|Snow|[upkeep]\n|-heal|p1a: Hatterene|36\/100|[from] item: Leftovers\n|upkeep\n|turn|35\n|j|\u2606Harmony6\n|player|p1|Harmony6|lady-gen4\n|\n|t:|1700174790\n|switch|p1a: Ferrothorn|Ferrothorn, M|100\/100\n|-damage|p1a: Ferrothorn|95\/100|[from] Stealth Rock\n|move|p2a: My Form Empties|Earth Power|p1a: Ferrothorn\n|-damage|p1a: Ferrothorn|55\/100\n|\n|-weather|Snow|[upkeep]\n|-end|p1a: Ferrothorn|move: Future Sight\n|-resisted|p1a: Ferrothorn\n|-damage|p1a: Ferrothorn|41\/100\n|-heal|p1a: Ferrothorn|47\/100|[from] item: Leftovers\n|upkeep\n|turn|36\n|\n|t:|1700174801\n|move|p2a: My Form Empties|Flamethrower|p1a: Ferrothorn\n|-supereffective|p1a: Ferrothorn\n|-damage|p1a: Ferrothorn|0 fnt\n|faint|p1a: Ferrothorn\n|\n|-weather|Snow|[upkeep]\n|upkeep\n|\n|t:|1700174807\n|switch|p1a: Meowscarada|Meowscarada, M|51\/100\n|-damage|p1a: Meowscarada|39\/100|[from] Stealth Rock\n|turn|37\n|\n|t:|1700174811\n|switch|p2a: Fluid Sac|Toxapex, M|100\/100\n|-damage|p2a: Fluid Sac|88\/100|[from] Stealth Rock\n|move|p1a: Meowscarada|U-turn|p2a: Fluid Sac\n|-start|p1a: Meowscarada|typechange|Bug|[from] ability: Protean\n|-resisted|p2a: Fluid Sac\n|-crit|p2a: Fluid Sac\n|-damage|p2a: Fluid Sac|67\/100\n|\n|t:|1700174818\n|switch|p1a: Hatterene|Hatterene, F|36\/100|[from] U-turn\n|-damage|p1a: Hatterene|24\/100|[from] Stealth Rock\n|\n|-weather|Snow|[upkeep]\n|-heal|p1a: Hatterene|30\/100|[from] item: Leftovers\n|upkeep\n|turn|38\n|\n|t:|1700174820\n|switch|p2a: Impending Day|Slowking-Galar, F|93\/100\n|-damage|p2a: Impending Day|81\/100|[from] Stealth Rock\n|move|p1a: Hatterene|Psychic|p2a: Impending Day\n|-damage|p2a: Impending Day|58\/100\n|-unboost|p2a: Impending Day|spd|1\n|\n|-weather|none\n|-heal|p1a: Hatterene|36\/100|[from] item: Leftovers\n|upkeep\n|turn|39\n|\n|t:|1700174826\n|move|p1a: Hatterene|Psychic|p2a: Impending Day\n|-damage|p2a: Impending Day|25\/100\n|move|p2a: Impending Day|Chilly Reception|p2a: Impending Day\n|-weather|Snow\n|\n|t:|1700174828\n|switch|p2a: My Form Empties|Nidoking, M|20\/100|[from] Chilly Reception\n|-damage|p2a: My Form Empties|14\/100|[from] Stealth Rock\n|\n|-weather|Snow|[upkeep]\n|-heal|p1a: Hatterene|42\/100|[from] item: Leftovers\n|upkeep\n|turn|40\n|\n|t:|1700174839\n|switch|p1a: Muk|Muk-Alola, F|46\/100\n|-damage|p1a: Muk|33\/100|[from] Stealth Rock\n|move|p2a: My Form Empties|Earth Power|p1a: Muk\n|-supereffective|p1a: Muk\n|-damage|p1a: Muk|0 fnt\n|faint|p1a: Muk\n|\n|-weather|Snow|[upkeep]\n|upkeep\n|\n|t:|1700174845\n|switch|p1a: Gastrodon|Gastrodon, M|72\/100 psn\n|-damage|p1a: Gastrodon|66\/100 psn|[from] Stealth Rock\n|turn|41\n|\n|t:|1700174850\n|switch|p2a: Ebony Stem|Venusaur-Mega, M|84\/100\n|-damage|p2a: Ebony Stem|71\/100|[from] Stealth Rock\n|move|p1a: Gastrodon|Scald|p2a: Ebony Stem\n|-resisted|p2a: Ebony Stem\n|-damage|p2a: Ebony Stem|62\/100\n|-status|p2a: Ebony Stem|brn\n|\n|-weather|Snow|[upkeep]\n|-heal|p1a: Gastrodon|72\/100 psn|[from] item: Leftovers\n|-damage|p1a: Gastrodon|59\/100 psn|[from] psn\n|-damage|p2a: Ebony Stem|56\/100 brn|[from] brn\n|upkeep\n|turn|42\n|\n|t:|1700174858\n|switch|p1a: Hatterene|Hatterene, F|42\/100\n|-damage|p1a: Hatterene|29\/100|[from] Stealth Rock\n|move|p2a: Ebony Stem|Giga Drain|p1a: Hatterene\n|-crit|p1a: Hatterene\n|-damage|p1a: Hatterene|0 fnt\n|-heal|p2a: Ebony Stem|68\/100 brn|[from] drain|[of] p1a: Hatterene\n|faint|p1a: Hatterene\n|\n|-weather|Snow|[upkeep]\n|-damage|p2a: Ebony Stem|62\/100 brn|[from] brn\n|upkeep\n|\n|t:|1700174864\n|switch|p1a: Meowscarada|Meowscarada, M|39\/100\n|-damage|p1a: Meowscarada|27\/100|[from] Stealth Rock\n|turn|43\n|\n|t:|1700174867\n|move|p1a: Meowscarada|U-turn|p2a: Ebony Stem\n|-start|p1a: Meowscarada|typechange|Bug|[from] ability: Protean\n|-crit|p2a: Ebony Stem\n|-damage|p2a: Ebony Stem|13\/100 brn\n|\n|t:|1700174869\n|switch|p1a: Gastrodon|Gastrodon, M|59\/100 psn|[from] U-turn\n|-damage|p1a: Gastrodon|53\/100 psn|[from] Stealth Rock\n|move|p2a: Ebony Stem|Sludge Bomb|p1a: Gastrodon\n|-resisted|p1a: Gastrodon\n|-damage|p1a: Gastrodon|42\/100 psn\n|\n|-weather|none\n|-heal|p1a: Gastrodon|48\/100 psn|[from] item: Leftovers\n|-damage|p1a: Gastrodon|35\/100 psn|[from] psn\n|-damage|p2a: Ebony Stem|7\/100 brn|[from] brn\n|upkeep\n|turn|44\n|\n|t:|1700174874\n|move|p2a: Ebony Stem|Synthesis|p2a: Ebony Stem\n|-heal|p2a: Ebony Stem|56\/100 brn\n|move|p1a: Gastrodon|Scald|p2a: Ebony Stem\n|-resisted|p2a: Ebony Stem\n|-damage|p2a: Ebony Stem|47\/100 brn\n|\n|-heal|p1a: Gastrodon|41\/100 psn|[from] item: Leftovers\n|-damage|p1a: Gastrodon|29\/100 psn|[from] psn\n|-damage|p2a: Ebony Stem|40\/100 brn|[from] brn\n|upkeep\n|turn|45\n|\n|t:|1700174884\n|move|p2a: Ebony Stem|Synthesis|p2a: Ebony Stem\n|-heal|p2a: Ebony Stem|90\/100 brn\n|move|p1a: Gastrodon|Spikes|p2a: Ebony Stem\n|-sidestart|p2: Pex Hater|Spikes\n|\n|-heal|p1a: Gastrodon|35\/100 psn|[from] item: Leftovers\n|-damage|p1a: Gastrodon|23\/100 psn|[from] psn\n|-damage|p2a: Ebony Stem|84\/100 brn|[from] brn\n|upkeep\n|turn|46\n|\n|t:|1700174889\n|move|p2a: Ebony Stem|Giga Drain|p1a: Gastrodon\n|-supereffective|p1a: Gastrodon\n|-damage|p1a: Gastrodon|0 fnt\n|-heal|p2a: Ebony Stem|97\/100 brn|[from] drain|[of] p1a: Gastrodon\n|faint|p1a: Gastrodon\n|\n|-damage|p2a: Ebony Stem|91\/100 brn|[from] brn\n|upkeep\n|\n|t:|1700174891\n|switch|p1a: Meowscarada|Meowscarada, M|27\/100\n|-damage|p1a: Meowscarada|14\/100|[from] Stealth Rock\n|turn|47\n|\n|t:|1700174893\n|move|p1a: Meowscarada|Knock Off|p2a: Ebony Stem\n|-start|p1a: Meowscarada|typechange|Dark|[from] ability: Protean\n|-damage|p2a: Ebony Stem|62\/100 brn\n|move|p2a: Ebony Stem|Sludge Bomb|p1a: Meowscarada\n|-damage|p1a: Meowscarada|0 fnt\n|faint|p1a: Meowscarada\n|\n|win|Pex Hater\n|c|\u2606Pex Hater|gg\n|c|\u2606Harmony6|Ggs\n","uploadtime":1700174900,"views":34,"p1id":"harmony6","p2id":"pexhater","formatid":"gen9nationaldexubers","rating":0,"private":0,"password":""}