{"id":"gen9nationaldexubers-1979046470","p1":"JoseffLocalBosnian","p2":"BTT2023","format":"[Gen 9] National Dex Ubers","log":"|j|\u2606JoseffLocalBosnian\n|j|\u2606BTT2023\n|t:|1698625337\n|gametype|singles\n|player|p1|JoseffLocalBosnian|pokemonranger-gen4|1035\n|player|p2|BTT2023|red|1126\n|teamsize|p1|6\n|teamsize|p2|6\n|gen|9\n|tier|[Gen 9] National Dex Ubers\n|rated|\n|rule|HP Percentage Mod: HP is shown in percentages\n|rule|Endless Battle Clause: Forcing endless battles is banned\n|rule|OHKO Clause: OHKO moves are banned\n|rule|Evasion Moves Clause: Evasion moves are banned\n|rule|Evasion Items Clause: Evasion items are banned\n|rule|Species Clause: Limit one of each Pok\u00e9mon\n|rule|Sleep Clause Mod: Limit one foe put to sleep\n|rule|Mega Rayquaza Clause: You cannot mega evolve Rayquaza\n|clearpoke\n|poke|p1|Lycanroc-Dusk, M|\n|poke|p1|Ceruledge, F|\n|poke|p1|Lucario, F|\n|poke|p1|Corviknight, M|\n|poke|p1|Zeraora|\n|poke|p1|Malamar, F|\n|poke|p2|Groudon|\n|poke|p2|Kyogre|\n|poke|p2|Rayquaza|\n|poke|p2|Yveltal|\n|poke|p2|Xerneas-*|\n|poke|p2|Zygarde|\n|teampreview\n|c|\u2606JoseffLocalBosnian|was there not enough room for a single non legendary on your team\n|\n|t:|1698625357\n|start\n|switch|p1a: Lycanroc|Lycanroc-Dusk, M|100\/100\n|switch|p2a: Zygarde|Zygarde|100\/100\n|turn|1\n|c|\u2606BTT2023|I guess not\n|c|\u2606JoseffLocalBosnian|damn\n|c|\u2606BTT2023|These are XY and ORAS Legends\n|\n|t:|1698625378\n|-zpower|p1a: Lycanroc\n|move|p1a: Lycanroc|Splintered Stormshards|p2a: Zygarde|[zeffect]\n|-resisted|p2a: Zygarde\n|-damage|p2a: Zygarde|61\/100\n|move|p2a: Zygarde|Dragon Dance|p2a: Zygarde\n|-boost|p2a: Zygarde|atk|1\n|-boost|p2a: Zygarde|spe|1\n|\n|upkeep\n|turn|2\n|c|\u2606JoseffLocalBosnian|tahts fair\n|\n|t:|1698625392\n|switch|p1a: Corviknight|Corviknight, M|100\/100\n|move|p2a: Zygarde|Earthquake|p1a: Corviknight\n|-immune|p1a: Corviknight\n|\n|upkeep\n|turn|3\n|\n|t:|1698625402\n|switch|p2a: Yveltal|Yveltal|100\/100\n|-ability|p2a: Yveltal|Dark Aura\n|move|p1a: Corviknight|Body Slam|p2a: Yveltal\n|-damage|p2a: Yveltal|78\/100\n|\n|upkeep\n|turn|4\n|\n|t:|1698625409\n|move|p2a: Yveltal|Heat Wave|p1a: Corviknight\n|-supereffective|p1a: Corviknight\n|-damage|p1a: Corviknight|20\/100\n|-damage|p2a: Yveltal|68\/100|[from] item: Life Orb\n|move|p1a: Corviknight|Body Slam|p2a: Yveltal\n|-damage|p2a: Yveltal|46\/100\n|\n|upkeep\n|turn|5\n|\n|t:|1698625426\n|switch|p1a: Lycanroc|Lycanroc-Dusk, M|100\/100\n|move|p2a: Yveltal|Dark Pulse|p1a: Lycanroc\n|-damage|p1a: Lycanroc|0 fnt\n|faint|p1a: Lycanroc\n|-damage|p2a: Yveltal|36\/100|[from] item: Life Orb\n|\n|upkeep\n|c|\u2606BTT2023|Yep\n|c|\u2606BTT2023|DAMN, 1 SHOT\n|c|\u2606JoseffLocalBosnian|cant i say i was expecting that ohko\n|\n|t:|1698625441\n|switch|p1a: Ceruledge|Ceruledge, F|100\/100\n|turn|6\n|c|\u2606BTT2023|Me neither\n|\n|t:|1698625454\n|move|p2a: Yveltal|Dark Pulse|p1a: Ceruledge\n|-supereffective|p1a: Ceruledge\n|-crit|p1a: Ceruledge\n|-damage|p1a: Ceruledge|0 fnt\n|faint|p1a: Ceruledge\n|-damage|p2a: Yveltal|26\/100|[from] item: Life Orb\n|\n|upkeep\n|c|\u2606BTT2023|ANOTHER 1\n|c|\u2606JoseffLocalBosnian|wait\n|c|\u2606JoseffLocalBosnian|why am i stupid\n|c|\u2606JoseffLocalBosnian|i forgot yveltal was a flying type\n|\n|t:|1698625471\n|switch|p1a: Zeraora|Zeraora|100\/100\n|turn|7\n|c|\u2606BTT2023|My ability is Dark Aura\n|\n|t:|1698625479\n|switch|p2a: Groudon|Groudon|100\/100\n|detailschange|p2a: Groudon|Groudon-Primal\n|-primal|p2a: Groudon|Red Orb\n|-weather|DesolateLand|[from] ability: Desolate Land|[of] p2a: Groudon\n|move|p1a: Zeraora|Plasma Fists|p2a: Groudon\n|-immune|p2a: Groudon\n|\n|-weather|DesolateLand|[upkeep]\n|upkeep\n|turn|8\n|c|\u2606BTT2023|NOT TODAY\n|\n|t:|1698625492\n|switch|p1a: Corviknight|Corviknight, M|20\/100\n|move|p2a: Groudon|Eruption|p1a: Corviknight\n|-supereffective|p1a: Corviknight\n|-damage|p1a: Corviknight|0 fnt\n|faint|p1a: Corviknight\n|\n|-weather|DesolateLand|[upkeep]\n|upkeep\n|\n|t:|1698625500\n|switch|p1a: Malamar|Malamar, F|100\/100\n|turn|9\n|\n|t:|1698625511\n|move|p2a: Groudon|Eruption|p1a: Malamar\n|-damage|p1a: Malamar|0 fnt\n|faint|p1a: Malamar\n|\n|-weather|DesolateLand|[upkeep]\n|upkeep\n|\n|t:|1698625516\n|switch|p1a: Lucario|Lucario, F|100\/100\n|turn|10\n|c|\u2606BTT2023|1 SHOT\n|c|\u2606JoseffLocalBosnian|thats wraps\n|\n|t:|1698625522\n|detailschange|p1a: Lucario|Lucario-Mega, F\n|-mega|p1a: Lucario|Lucario|Lucarionite\n|move|p1a: Lucario|Close Combat|p2a: Groudon\n|-damage|p2a: Groudon|45\/100\n|-unboost|p1a: Lucario|def|1\n|-unboost|p1a: Lucario|spd|1\n|move|p2a: Groudon|Eruption|p1a: Lucario\n|-supereffective|p1a: Lucario\n|-damage|p1a: Lucario|0 fnt\n|faint|p1a: Lucario\n|\n|-weather|DesolateLand|[upkeep]\n|upkeep\n|\n|t:|1698625531\n|switch|p1a: Zeraora|Zeraora|100\/100\n|turn|11\n|c|\u2606JoseffLocalBosnian|gg\n|\n|t:|1698625538\n|-terastallize|p1a: Zeraora|Electric\n|move|p1a: Zeraora|Close Combat|p2a: Groudon\n|-damage|p2a: Groudon|17\/100\n|-unboost|p1a: Zeraora|def|1\n|-unboost|p1a: Zeraora|spd|1\n|move|p2a: Groudon|Solar Beam||[still]\n|-prepare|p2a: Groudon|Solar Beam\n|-anim|p2a: Groudon|Solar Beam|p1a: Zeraora\n|-damage|p1a: Zeraora|18\/100\n|\n|-weather|DesolateLand|[upkeep]\n|upkeep\n|turn|12\n|c|\u2606BTT2023|GG :)\n|\n|t:|1698625549\n|move|p1a: Zeraora|Close Combat|p2a: Groudon\n|-damage|p2a: Groudon|0 fnt\n|-unboost|p1a: Zeraora|def|1\n|-unboost|p1a: Zeraora|spd|1\n|faint|p2a: Groudon\n|-weather|none\n|\n|upkeep\n|\n|t:|1698625557\n|switch|p2a: Rayquaza|Rayquaza|100\/100\n|-ability|p2a: Rayquaza|Air Lock\n|turn|13\n|\n|t:|1698625562\n|move|p2a: Rayquaza|Extreme Speed|p1a: Zeraora\n|-damage|p1a: Zeraora|0 fnt\n|faint|p1a: Zeraora\n|\n|win|BTT2023\n|raw|JoseffLocalBosnian's rating: 1035 &rarr; <strong>1024<\/strong><br \/>(-11 for losing)\n|raw|BTT2023's rating: 1126 &rarr; <strong>1145<\/strong><br \/>(+19 for winning)\n","uploadtime":1698625568,"views":15,"p1id":"josefflocalbosnian","p2id":"btt2023","formatid":"gen9nationaldexubers","rating":1024,"private":0,"password":""}