{"id":"gen9nationaldexubers-1990398331","p1":"I am te Floogal","p2":"85792195wwww","format":"[Gen 9] National Dex Ubers","log":"|j|\u2606I am te Floogal\n|j|\u260685792195wwww\n|t:|1699966798\n|gametype|singles\n|player|p1|I am te Floogal|brycenman|1570\n|player|p2|85792195wwww|mira|1529\n|teamsize|p1|6\n|teamsize|p2|6\n|gen|9\n|tier|[Gen 9] National Dex Ubers\n|rated|\n|rule|HP Percentage Mod: HP is shown in percentages\n|rule|Endless Battle Clause: Forcing endless battles is banned\n|rule|OHKO Clause: OHKO moves are banned\n|rule|Evasion Moves Clause: Evasion moves are banned\n|rule|Evasion Items Clause: Evasion items are banned\n|rule|Species Clause: Limit one of each Pok\u00e9mon\n|rule|Sleep Clause Mod: Limit one foe put to sleep\n|rule|Mega Rayquaza Clause: You cannot mega evolve Rayquaza\n|clearpoke\n|poke|p1|Kyogre|\n|poke|p1|Xerneas-*|\n|poke|p1|Yveltal|\n|poke|p1|Arceus|\n|poke|p1|Marshadow|\n|poke|p1|Necrozma-Dusk-Mane|\n|poke|p2|Xerneas-*|\n|poke|p2|Arceus-Rock|\n|poke|p2|Deoxys-Speed|\n|poke|p2|Ogerpon-Hearthflame, F|\n|poke|p2|Groudon|\n|poke|p2|Rayquaza|\n|teampreview\n|inactive|Battle timer is ON: inactive players will automatically lose when time's up. (requested by I am te Floogal)\n|inactive|I am te Floogal has 120 seconds left.\n|\n|t:|1699966835\n|start\n|switch|p1a: Yveltal|Yveltal|100\/100\n|switch|p2a: Xerneas|Xerneas|100\/100\n|-ability|p1a: Yveltal|Dark Aura\n|-ability|p2a: Xerneas|Fairy Aura\n|turn|1\n|\n|t:|1699966844\n|move|p1a: Yveltal|Taunt|p2a: Xerneas\n|-start|p2a: Xerneas|move: Taunt\n|move|p2a: Xerneas|Moonblast|p1a: Yveltal\n|-supereffective|p1a: Yveltal\n|-damage|p1a: Yveltal|0 fnt\n|faint|p1a: Yveltal\n|\n|upkeep\n|\n|t:|1699966849\n|switch|p1a: Necrozma|Necrozma-Dusk-Mane|100\/100\n|turn|2\n|\n|t:|1699966856\n|switch|p2a: Deoxys|Deoxys-Speed|100\/100\n|-ability|p2a: Deoxys|Pressure\n|move|p1a: Necrozma|Dragon Dance|p1a: Necrozma\n|-boost|p1a: Necrozma|atk|1\n|-boost|p1a: Necrozma|spe|1\n|\n|upkeep\n|turn|3\n|\n|t:|1699966864\n|move|p2a: Deoxys|Fling|p1a: Necrozma\n|-supereffective|p1a: Necrozma\n|-crit|p1a: Necrozma\n|-damage|p1a: Necrozma|90\/100\n|-status|p1a: Necrozma|par\n|-enditem|p2a: Deoxys|Light Ball|[from] move: Fling\n|move|p1a: Necrozma|Dragon Dance|p1a: Necrozma\n|-boost|p1a: Necrozma|atk|1\n|-boost|p1a: Necrozma|spe|1\n|\n|upkeep\n|turn|4\n|\n|t:|1699966875\n|move|p2a: Deoxys|Spikes|p1a: Necrozma\n|-sidestart|p1: I am te Floogal|Spikes\n|move|p1a: Necrozma|Dragon Dance|p1a: Necrozma\n|-boost|p1a: Necrozma|atk|1\n|-boost|p1a: Necrozma|spe|1\n|\n|upkeep\n|turn|5\n|\n|t:|1699966881\n|move|p2a: Deoxys|Taunt|p1a: Necrozma\n|-start|p1a: Necrozma|move: Taunt\n|move|p1a: Necrozma|Sunsteel Strike|p2a: Deoxys\n|-damage|p2a: Deoxys|0 fnt\n|faint|p2a: Deoxys\n|\n|upkeep\n|\n|t:|1699966896\n|switch|p2a: Ogerpon|Ogerpon-Hearthflame, F|100\/100\n|-ability|p2a: Ogerpon|Mold Breaker\n|turn|6\n|\n|t:|1699966904\n|detailschange|p1a: Necrozma|Necrozma-Ultra\n|-burst|p1a: Necrozma|Necrozma|Ultranecrozium Z\n|move|p1a: Necrozma|Photon Geyser|p2a: Ogerpon\n|-damage|p2a: Ogerpon|0 fnt\n|faint|p2a: Ogerpon\n|\n|upkeep\n|\n|t:|1699966917\n|switch|p2a: Xerneas|Xerneas|100\/100\n|-ability|p2a: Xerneas|Fairy Aura\n|turn|7\n|\n|t:|1699966922\n|switch|p2a: Arceus|Arceus-Rock|100\/100\n|-zpower|p1a: Necrozma\n|move|p1a: Necrozma|Light That Burns the Sky|p2a: Arceus|[zeffect]\n|-damage|p2a: Arceus|0 fnt\n|faint|p2a: Arceus\n|\n|-end|p1a: Necrozma|move: Taunt\n|upkeep\n|\n|t:|1699966934\n|switch|p2a: Xerneas|Xerneas|100\/100\n|-ability|p2a: Xerneas|Fairy Aura\n|turn|8\n|\n|t:|1699966939\n|cant|p1a: Necrozma|par\n|move|p2a: Xerneas|Geomancy||[still]\n|-prepare|p2a: Xerneas|Geomancy\n|-enditem|p2a: Xerneas|Power Herb\n|-anim|p2a: Xerneas|Geomancy|p2a: Xerneas\n|-boost|p2a: Xerneas|spa|2\n|-boost|p2a: Xerneas|spd|2\n|-boost|p2a: Xerneas|spe|2\n|\n|upkeep\n|turn|9\n|\n|t:|1699966947\n|move|p2a: Xerneas|Moonblast|p1a: Necrozma\n|-supereffective|p1a: Necrozma\n|-damage|p1a: Necrozma|0 fnt\n|faint|p1a: Necrozma\n|\n|upkeep\n|inactive|I am te Floogal has 120 seconds left.\n|\n|t:|1699966981\n|switch|p1a: Arceus|Arceus|100\/100\n|-damage|p1a: Arceus|88\/100|[from] Spikes\n|turn|10\n|inactive|I am te Floogal has 120 seconds left.\n|inactive|I am te Floogal has 90 seconds left.\n|\n|t:|1699967023\n|-terastallize|p2a: Xerneas|Fairy\n|-terastallize|p1a: Arceus|Normal\n|move|p1a: Arceus|Extreme Speed|p2a: Xerneas\n|-damage|p2a: Xerneas|61\/100\n|move|p2a: Xerneas|Moonblast|p1a: Arceus\n|-damage|p1a: Arceus|0 fnt\n|faint|p1a: Arceus\n|\n|upkeep\n|inactive|I am te Floogal has 90 seconds left.\n|\n|t:|1699967046\n|switch|p1a: Marshadow|Marshadow|100\/100\n|-damage|p1a: Marshadow|88\/100|[from] Spikes\n|turn|11\n|\n|t:|1699967051\n|move|p1a: Marshadow|Shadow Sneak|p2a: Xerneas\n|-damage|p2a: Xerneas|38\/100\n|move|p2a: Xerneas|Draining Kiss|p1a: Marshadow\n|-supereffective|p1a: Marshadow\n|-damage|p1a: Marshadow|0 fnt\n|-heal|p2a: Xerneas|89\/100|[from] drain|[of] p1a: Marshadow\n|faint|p1a: Marshadow\n|\n|upkeep\n|-message|I am te Floogal forfeited.\n|\n|win|85792195wwww\n|raw|I am te Floogal's rating: 1570 &rarr; <strong>1548<\/strong><br \/>(-22 for losing)\n|raw|85792195wwww's rating: 1529 &rarr; <strong>1551<\/strong><br \/>(+22 for winning)\n|l|\u2606I am te Floogal\n","uploadtime":1699967063,"views":10,"p1id":"iamtefloogal","p2id":"85792195wwww","formatid":"gen9nationaldexubers","rating":1548,"private":0,"password":""}