{"id":"gen9nationaldexubers-1998782635","p1":"ttecg","p2":"qazserfvgyujnko","format":"[Gen 9] National Dex Ubers","log":"|j|\u2606ttecg\n|j|\u2606qazserfvgyujnko\n|t:|1700989831\n|gametype|singles\n|player|p1|ttecg|266|1000\n|player|p2|qazserfvgyujnko|janine|1069\n|teamsize|p1|6\n|teamsize|p2|6\n|gen|9\n|tier|[Gen 9] National Dex Ubers\n|rated|\n|rule|HP Percentage Mod: HP is shown in percentages\n|rule|Endless Battle Clause: Forcing endless battles is banned\n|rule|OHKO Clause: OHKO moves are banned\n|rule|Evasion Moves Clause: Evasion moves are banned\n|rule|Evasion Items Clause: Evasion items are banned\n|rule|Species Clause: Limit one of each Pok\u00e9mon\n|rule|Sleep Clause Mod: Limit one foe put to sleep\n|rule|Mega Rayquaza Clause: You cannot mega evolve Rayquaza\n|clearpoke\n|poke|p1|Pidgeot, F|\n|poke|p1|Ditto|\n|poke|p1|Snorlax, M|\n|poke|p1|Zoroark-Hisui, M|\n|poke|p1|Heliolisk, F|\n|poke|p1|Bouffalant, M|\n|poke|p2|Baxcalibur, F|\n|poke|p2|Ogerpon-Hearthflame, F|\n|poke|p2|Ferrothorn, M|\n|poke|p2|Toxapex, M|\n|poke|p2|Lucario, M|\n|poke|p2|Ninetales-Alola, F|\n|teampreview\n|\n|t:|1700989844\n|start\n|switch|p1a: Heliolisk|Heliolisk, F, shiny|100\/100\n|switch|p2a: Baxcalibur|Baxcalibur, F|100\/100\n|turn|1\n|\n|t:|1700989854\n|move|p2a: Baxcalibur|Dragon Dance|p2a: Baxcalibur\n|-boost|p2a: Baxcalibur|atk|1\n|-boost|p2a: Baxcalibur|spe|1\n|move|p1a: Heliolisk|Brick Break|p2a: Baxcalibur\n|-supereffective|p2a: Baxcalibur\n|-damage|p2a: Baxcalibur|64\/100\n|\n|upkeep\n|turn|2\n|\n|t:|1700989865\n|move|p2a: Baxcalibur|Icicle Spear|p1a: Heliolisk\n|-damage|p1a: Heliolisk|68\/100\n|replace|p1a: Zoroark|Zoroark-Hisui, M, shiny\n|-end|p1a: Zoroark|Illusion\n|-damage|p1a: Zoroark|36\/100\n|-damage|p1a: Zoroark|4\/100\n|-damage|p1a: Zoroark|0 fnt\n|faint|p1a: Zoroark\n|-hitcount|p1: Zoroark|4\n|\n|upkeep\n|\n|t:|1700989877\n|switch|p1a: Bouffalant|Bouffalant, M, shiny|100\/100\n|turn|3\n|\n|t:|1700989889\n|move|p2a: Baxcalibur|Icicle Spear|p1a: Bouffalant\n|-damage|p1a: Bouffalant|77\/100\n|-damage|p1a: Bouffalant|55\/100\n|-damage|p1a: Bouffalant|33\/100\n|-damage|p1a: Bouffalant|11\/100\n|-hitcount|p1a: Bouffalant|4\n|move|p1a: Bouffalant|Outrage|p2a: Baxcalibur\n|-supereffective|p2a: Baxcalibur\n|-damage|p2a: Baxcalibur|0 fnt\n|faint|p2a: Baxcalibur\n|\n|upkeep\n|inactive|Battle timer is ON: inactive players will automatically lose when time's up. (requested by ttecg)\n|\n|t:|1700989941\n|switch|p2a: Lucario|Lucario, M|100\/100\n|turn|4\n|\n|t:|1700989951\n|detailschange|p2a: Lucario|Lucario-Mega, M\n|-mega|p2a: Lucario|Lucario|Lucarionite\n|move|p2a: Lucario|Vacuum Wave|p1a: Bouffalant\n|-supereffective|p1a: Bouffalant\n|-damage|p1a: Bouffalant|0 fnt\n|faint|p1a: Bouffalant\n|\n|upkeep\n|\n|t:|1700989961\n|switch|p1a: Ditto|Ditto, shiny|100\/100\n|-transform|p1a: Ditto|p2a: Lucario|[from] ability: Imposter\n|turn|5\n|\n|t:|1700989972\n|-terastallize|p1a: Ditto|Ghost\n|move|p2a: Lucario|Vacuum Wave|p1a: Ditto\n|-immune|p1a: Ditto\n|move|p1a: Ditto|Vacuum Wave|p2a: Lucario\n|-supereffective|p2a: Lucario\n|-damage|p2a: Lucario|34\/100\n|\n|upkeep\n|turn|6\n|\n|t:|1700989986\n|switch|p2a: Toxapex|Toxapex, M|100\/100\n|move|p1a: Ditto|Vacuum Wave|p2a: Toxapex\n|-resisted|p2a: Toxapex\n|-damage|p2a: Toxapex|93\/100\n|\n|-heal|p2a: Toxapex|99\/100|[from] item: Black Sludge\n|upkeep\n|turn|7\n|\n|t:|1700990009\n|move|p1a: Ditto|Flash Cannon|p2a: Toxapex\n|-resisted|p2a: Toxapex\n|-damage|p2a: Toxapex|83\/100\n|move|p2a: Toxapex|Toxic|p1a: Ditto\n|-status|p1a: Ditto|tox\n|\n|-heal|p2a: Toxapex|90\/100|[from] item: Black Sludge\n|-damage|p1a: Ditto|94\/100 tox|[from] psn\n|upkeep\n|turn|8\n|\n|t:|1700990019\n|move|p2a: Toxapex|Baneful Bunker|p2a: Toxapex\n|-singleturn|p2a: Toxapex|move: Protect\n|move|p1a: Ditto|Shadow Ball|p2a: Toxapex\n|-activate|p2a: Toxapex|move: Protect\n|\n|-heal|p1a: Ditto|100\/100 tox|[from] item: Leftovers\n|-heal|p2a: Toxapex|96\/100|[from] item: Black Sludge\n|-damage|p1a: Ditto|88\/100 tox|[from] psn\n|upkeep\n|turn|9\n|-message|ttecg forfeited.\n|\n|win|qazserfvgyujnko\n|raw|ttecg's rating: 1000 &rarr; <strong>1000<\/strong><br \/>(+0 for losing)\n|raw|qazserfvgyujnko's rating: 1069 &rarr; <strong>1093<\/strong><br \/>(+24 for winning)\n|l|\u2606ttecg\n","uploadtime":1700990042,"views":1,"p1id":"ttecg","p2id":"qazserfvgyujnko","formatid":"gen9nationaldexubers","rating":1000,"private":0,"password":""}