{"id":"gen9nationaldexubers-1982853303","p1":"Epichicken","p2":"0Fiamma0","format":"[Gen 9] National Dex Ubers","log":"|j|\u2606Epichicken\n|j|\u26060Fiamma0\n|t:|1699051451\n|gametype|singles\n|player|p1|Epichicken|hilbert-wonderlauncher|1253\n|player|p2|0Fiamma0|lucas|1241\n|teamsize|p1|6\n|teamsize|p2|6\n|gen|9\n|tier|[Gen 9] National Dex Ubers\n|rated|\n|rule|HP Percentage Mod: HP is shown in percentages\n|rule|Endless Battle Clause: Forcing endless battles is banned\n|rule|OHKO Clause: OHKO moves are banned\n|rule|Evasion Moves Clause: Evasion moves are banned\n|rule|Evasion Items Clause: Evasion items are banned\n|rule|Species Clause: Limit one of each Pok\u00e9mon\n|rule|Sleep Clause Mod: Limit one foe put to sleep\n|rule|Mega Rayquaza Clause: You cannot mega evolve Rayquaza\n|clearpoke\n|poke|p1|Escavalier, M|\n|poke|p1|Genesect-Douse|\n|poke|p1|Scizor, M|\n|poke|p1|Durant, M|\n|poke|p1|Salamence, F|\n|poke|p1|Darkrai|\n|poke|p2|Umbreon, M|\n|poke|p2|Staraptor, F|\n|poke|p2|Skeledirge, M|\n|poke|p2|Espathra, F|\n|poke|p2|Lucario, M|\n|poke|p2|Rotom-Wash|\n|teampreview\n|\n|t:|1699051463\n|start\n|switch|p1a: Durant|Durant, M|100\/100\n|switch|p2a: Staraptor|Staraptor, F|100\/100\n|turn|1\n|\n|t:|1699051490\n|move|p1a: Durant|First Impression|p2a: Staraptor|[miss]\n|-miss|p1a: Durant|p2a: Staraptor\n|move|p2a: Staraptor|U-turn|p1a: Durant\n|-resisted|p1a: Durant\n|-damage|p1a: Durant|87\/100\n|\n|t:|1699051502\n|switch|p2a: Skeledirge|Skeledirge, M|100\/100|[from] U-turn\n|\n|upkeep\n|turn|2\n|\n|t:|1699051517\n|move|p1a: Durant|Crunch|p2a: Skeledirge\n|-supereffective|p2a: Skeledirge\n|-damage|p2a: Skeledirge|42\/100\n|-damage|p1a: Durant|77\/100|[from] item: Life Orb\n|move|p2a: Skeledirge|Torch Song|p1a: Durant\n|-supereffective|p1a: Durant\n|-damage|p1a: Durant|0 fnt\n|-boost|p2a: Skeledirge|spa|1\n|faint|p1a: Durant\n|\n|upkeep\n|\n|t:|1699051526\n|switch|p1a: Genesect|Genesect-Douse|100\/100\n|-ability|p1a: Genesect|Download|boost\n|-boost|p1a: Genesect|spa|1\n|turn|3\n|\n|t:|1699051531\n|switch|p2a: Umbreon|Umbreon, M|100\/100\n|move|p1a: Genesect|Dark Pulse|p2a: Umbreon\n|-resisted|p2a: Umbreon\n|-damage|p2a: Umbreon|90\/100\n|\n|-heal|p2a: Umbreon|96\/100|[from] item: Leftovers\n|upkeep\n|turn|4\n|\n|t:|1699051541\n|switch|p1a: Escavalier|Escavalier, M|100\/100\n|move|p2a: Umbreon|Wish|p2a: Umbreon\n|\n|-heal|p2a: Umbreon|100\/100|[from] item: Leftovers\n|upkeep\n|turn|5\n|\n|t:|1699051548\n|switch|p2a: Skeledirge|Skeledirge, M|42\/100\n|move|p1a: Escavalier|Knock Off|p2a: Skeledirge\n|-supereffective|p2a: Skeledirge\n|-damage|p2a: Skeledirge|0 fnt\n|-enditem|p2a: Skeledirge|Heavy-Duty Boots|[from] move: Knock Off|[of] p1a: Escavalier\n|faint|p2a: Skeledirge\n|\n|upkeep\n|\n|t:|1699051570\n|switch|p2a: Umbreon|Umbreon, M|100\/100\n|turn|6\n|\n|t:|1699051575\n|move|p2a: Umbreon|Protect|p2a: Umbreon\n|-singleturn|p2a: Umbreon|Protect\n|move|p1a: Escavalier|Knock Off|p2a: Umbreon\n|-activate|p2a: Umbreon|move: Protect\n|\n|upkeep\n|turn|7\n|\n|t:|1699051582\n|move|p2a: Umbreon|Foul Play|p1a: Escavalier\n|-damage|p1a: Escavalier|50\/100\n|move|p1a: Escavalier|Knock Off|p2a: Umbreon\n|-resisted|p2a: Umbreon\n|-damage|p2a: Umbreon|86\/100\n|-enditem|p2a: Umbreon|Leftovers|[from] move: Knock Off|[of] p1a: Escavalier\n|\n|upkeep\n|turn|8\n|\n|t:|1699051591\n|switch|p1a: Scizor|Scizor, M|100\/100\n|move|p2a: Umbreon|Foul Play|p1a: Scizor\n|-damage|p1a: Scizor|40\/100\n|\n|upkeep\n|turn|9\n|\n|t:|1699051598\n|detailschange|p1a: Scizor|Scizor-Mega, M\n|-mega|p1a: Scizor|Scizor|Scizorite\n|move|p1a: Scizor|Bug Bite|p2a: Umbreon\n|-supereffective|p2a: Umbreon\n|-damage|p2a: Umbreon|0 fnt\n|faint|p2a: Umbreon\n|\n|upkeep\n|\n|t:|1699051604\n|switch|p2a: Lucario|Lucario, M|100\/100\n|turn|10\n|\n|t:|1699051615\n|detailschange|p2a: Lucario|Lucario-Mega, M\n|-mega|p2a: Lucario|Lucario|Lucarionite\n|move|p1a: Scizor|Bullet Punch|p2a: Lucario\n|-resisted|p2a: Lucario\n|-damage|p2a: Lucario|73\/100\n|move|p2a: Lucario|Swords Dance|p2a: Lucario\n|-boost|p2a: Lucario|atk|2\n|\n|upkeep\n|turn|11\n|\n|t:|1699051625\n|move|p2a: Lucario|Close Combat|p1a: Scizor\n|-damage|p1a: Scizor|0 fnt\n|-unboost|p2a: Lucario|def|1\n|-unboost|p2a: Lucario|spd|1\n|faint|p1a: Scizor\n|\n|upkeep\n|\n|t:|1699051628\n|switch|p1a: Salamence|Salamence, F|100\/100\n|-ability|p1a: Salamence|Intimidate|boost\n|-unboost|p2a: Lucario|atk|1\n|turn|12\n|\n|t:|1699051632\n|move|p2a: Lucario|Ice Punch|p1a: Salamence\n|-supereffective|p1a: Salamence\n|-damage|p1a: Salamence|0 fnt\n|faint|p1a: Salamence\n|\n|upkeep\n|c|\u2606Epichicken|0-0\n|\n|t:|1699051641\n|switch|p1a: Dragon.exe|Darkrai|100\/100\n|turn|13\n|\n|t:|1699051647\n|-terastallize|p1a: Dragon.exe|Dragon\n|move|p2a: Lucario|Bullet Punch|p1a: Dragon.exe\n|-damage|p1a: Dragon.exe|44\/100\n|move|p1a: Dragon.exe|Spacial Rend|p2a: Lucario\n|-resisted|p2a: Lucario\n|-damage|p2a: Lucario|0 fnt\n|faint|p2a: Lucario\n|\n|upkeep\n|\n|t:|1699051657\n|switch|p2a: Staraptor|Staraptor, F|100\/100\n|turn|14\n|\n|t:|1699051662\n|move|p2a: Staraptor|Brave Bird|p1a: Dragon.exe\n|-damage|p1a: Dragon.exe|0 fnt\n|faint|p1a: Dragon.exe\n|-damage|p2a: Staraptor|88\/100|[from] Recoil\n|\n|upkeep\n|\n|t:|1699051666\n|switch|p1a: Escavalier|Escavalier, M|50\/100\n|turn|15\n|\n|t:|1699051670\n|move|p2a: Staraptor|Brave Bird|p1a: Escavalier\n|-damage|p1a: Escavalier|0 fnt\n|faint|p1a: Escavalier\n|-damage|p2a: Staraptor|72\/100|[from] Recoil\n|\n|upkeep\n|\n|t:|1699051673\n|switch|p1a: Genesect|Genesect-Douse|100\/100\n|-ability|p1a: Genesect|Download|boost\n|-boost|p1a: Genesect|spa|1\n|turn|16\n|\n|t:|1699051677\n|move|p2a: Staraptor|Brave Bird|p1a: Genesect\n|-damage|p1a: Genesect|14\/100\n|-damage|p2a: Staraptor|46\/100|[from] Recoil\n|move|p1a: Genesect|Ice Beam|p2a: Staraptor\n|-supereffective|p2a: Staraptor\n|-damage|p2a: Staraptor|0 fnt\n|faint|p2a: Staraptor\n|\n|upkeep\n|\n|t:|1699051684\n|switch|p2a: Espathra|Espathra, F|100\/100\n|turn|17\n|\n|t:|1699051689\n|move|p2a: Espathra|Lumina Crash|p1a: Genesect\n|-resisted|p1a: Genesect\n|-damage|p1a: Genesect|0 fnt\n|faint|p1a: Genesect\n|\n|win|0Fiamma0\n|raw|Epichicken's rating: 1253 &rarr; <strong>1227<\/strong><br \/>(-26 for losing)\n|raw|0Fiamma0's rating: 1241 &rarr; <strong>1267<\/strong><br \/>(+26 for winning)\n|c|\u2606Epichicken|gg\n","uploadtime":1699051696,"views":8,"p1id":"epichicken","p2id":"0fiamma0","formatid":"gen9nationaldexubers","rating":1227,"private":0,"password":""}