{"id":"gen9nationaldexubers-1998779659","p1":"garyb13","p2":"ndou\u6389\u5206\u84dd\u67d0\u4fa0996","format":"[Gen 9] National Dex Ubers","log":"|j|\u2606garyb13\n|j|\u2606ndou\u6389\u5206\u84dd\u67d0\u4fa0996\n|t:|1700989194\n|gametype|singles\n|player|p1|garyb13|n|1222\n|player|p2|ndou\u6389\u5206\u84dd\u67d0\u4fa0996|hilbert|1372\n|teamsize|p1|6\n|teamsize|p2|6\n|gen|9\n|tier|[Gen 9] National Dex Ubers\n|rated|\n|rule|HP Percentage Mod: HP is shown in percentages\n|rule|Endless Battle Clause: Forcing endless battles is banned\n|rule|OHKO Clause: OHKO moves are banned\n|rule|Evasion Moves Clause: Evasion moves are banned\n|rule|Evasion Items Clause: Evasion items are banned\n|rule|Species Clause: Limit one of each Pok\u00e9mon\n|rule|Sleep Clause Mod: Limit one foe put to sleep\n|rule|Mega Rayquaza Clause: You cannot mega evolve Rayquaza\n|clearpoke\n|poke|p1|Ogerpon-Hearthflame, F|\n|poke|p1|Kyogre|\n|poke|p1|Kyurem-Black|\n|poke|p1|Groudon|\n|poke|p1|Xerneas-*|\n|poke|p1|Necrozma-Dusk-Mane|\n|poke|p2|Dondozo, M|\n|poke|p2|Clodsire, M|\n|poke|p2|Skeledirge, F|\n|poke|p2|Chansey, F|\n|poke|p2|Yveltal|\n|poke|p2|Ho-Oh|\n|teampreview\n|\n|t:|1700989205\n|start\n|switch|p1a: after nnn|Kyurem-Black|100\/100\n|switch|p2a: \u53ef\u7231\u634f|Ho-Oh|100\/100\n|-ability|p1a: after nnn|Teravolt\n|turn|1\n|c|\u2606ndou\u6389\u5206\u84dd\u67d0\u4fa0996|\u96be\u868c\n|\n|t:|1700989213\n|move|p1a: after nnn|Dragon Dance|p1a: after nnn\n|-boost|p1a: after nnn|atk|1\n|-boost|p1a: after nnn|spe|1\n|move|p2a: \u53ef\u7231\u634f|Will-O-Wisp|p1a: after nnn|[miss]\n|-miss|p2a: \u53ef\u7231\u634f|p1a: after nnn\n|\n|upkeep\n|turn|2\n|\n|t:|1700989219\n|move|p1a: after nnn|Icicle Spear|p2a: \u53ef\u7231\u634f\n|-damage|p2a: \u53ef\u7231\u634f|86\/100\n|-damage|p2a: \u53ef\u7231\u634f|72\/100\n|-damage|p2a: \u53ef\u7231\u634f|57\/100\n|-damage|p2a: \u53ef\u7231\u634f|41\/100\n|-hitcount|p2a: \u53ef\u7231\u634f|4\n|move|p2a: \u53ef\u7231\u634f|Will-O-Wisp|p1a: after nnn\n|-status|p1a: after nnn|brn\n|\n|-damage|p1a: after nnn|94\/100 brn|[from] brn\n|upkeep\n|turn|3\n|\n|t:|1700989230\n|move|p1a: after nnn|Dragon Dance|p1a: after nnn\n|-boost|p1a: after nnn|atk|1\n|-boost|p1a: after nnn|spe|1\n|move|p2a: \u53ef\u7231\u634f|Roost|p2a: \u53ef\u7231\u634f\n|-heal|p2a: \u53ef\u7231\u634f|91\/100\n|-singleturn|p2a: \u53ef\u7231\u634f|move: Roost\n|\n|-damage|p1a: after nnn|88\/100 brn|[from] brn\n|upkeep\n|turn|4\n|\n|t:|1700989238\n|switch|p2a: \u4e11\u9738\u4e0d\u6b7b|Dondozo, M|100\/100\n|move|p1a: after nnn|Dragon Dance|p1a: after nnn\n|-boost|p1a: after nnn|atk|1\n|-boost|p1a: after nnn|spe|1\n|\n|-damage|p1a: after nnn|82\/100 brn|[from] brn\n|upkeep\n|turn|5\n|\n|t:|1700989246\n|move|p1a: after nnn|Dragon Dance|p1a: after nnn\n|-boost|p1a: after nnn|atk|1\n|-boost|p1a: after nnn|spe|1\n|move|p2a: \u4e11\u9738\u4e0d\u6b7b|Liquidation|p1a: after nnn\n|-resisted|p1a: after nnn\n|-damage|p1a: after nnn|67\/100 brn\n|\n|-damage|p1a: after nnn|61\/100 brn|[from] brn\n|upkeep\n|turn|6\n|\n|t:|1700989254\n|move|p1a: after nnn|Dragon Dance|p1a: after nnn\n|-boost|p1a: after nnn|atk|1\n|-boost|p1a: after nnn|spe|1\n|move|p2a: \u4e11\u9738\u4e0d\u6b7b|Curse|p2a: \u4e11\u9738\u4e0d\u6b7b\n|-unboost|p2a: \u4e11\u9738\u4e0d\u6b7b|spe|1\n|-boost|p2a: \u4e11\u9738\u4e0d\u6b7b|atk|1\n|-boost|p2a: \u4e11\u9738\u4e0d\u6b7b|def|1\n|\n|-damage|p1a: after nnn|55\/100 brn|[from] brn\n|upkeep\n|turn|7\n|\n|t:|1700989263\n|move|p1a: after nnn|Fusion Bolt|p2a: \u4e11\u9738\u4e0d\u6b7b\n|-supereffective|p2a: \u4e11\u9738\u4e0d\u6b7b\n|-damage|p2a: \u4e11\u9738\u4e0d\u6b7b|87\/100\n|move|p2a: \u4e11\u9738\u4e0d\u6b7b|Liquidation|p1a: after nnn\n|-resisted|p1a: after nnn\n|-damage|p1a: after nnn|34\/100 brn\n|\n|-damage|p1a: after nnn|28\/100 brn|[from] brn\n|upkeep\n|turn|8\n|c|\u2606garyb13|bruh\n|\n|t:|1700989272\n|move|p1a: after nnn|Fusion Bolt|p2a: \u4e11\u9738\u4e0d\u6b7b\n|-supereffective|p2a: \u4e11\u9738\u4e0d\u6b7b\n|-damage|p2a: \u4e11\u9738\u4e0d\u6b7b|73\/100\n|move|p2a: \u4e11\u9738\u4e0d\u6b7b|Liquidation|p1a: after nnn\n|-resisted|p1a: after nnn\n|-damage|p1a: after nnn|8\/100 brn\n|\n|-damage|p1a: after nnn|2\/100 brn|[from] brn\n|upkeep\n|turn|9\n|\n|t:|1700989281\n|switch|p2a: \u7259?|Clodsire, M|100\/100\n|move|p1a: after nnn|Fusion Bolt|p2a: \u7259?\n|-immune|p2a: \u7259?\n|\n|-damage|p1a: after nnn|0 fnt|[from] brn\n|faint|p1a: after nnn\n|upkeep\n|\n|t:|1700989298\n|switch|p1a: shamu|Kyogre|100\/100\n|detailschange|p1a: shamu|Kyogre-Primal\n|-primal|p1a: shamu|Blue Orb\n|-weather|PrimordialSea|[from] ability: Primordial Sea|[of] p1a: shamu\n|turn|10\n|\n|t:|1700989313\n|switch|p2a: \u5c0f\u86cb|Chansey, F|100\/100\n|move|p1a: shamu|Origin Pulse|p2a: \u5c0f\u86cb\n|-damage|p2a: \u5c0f\u86cb|68\/100\n|\n|-weather|PrimordialSea|[upkeep]\n|upkeep\n|turn|11\n|\n|t:|1700989326\n|move|p1a: shamu|Aqua Ring|p1a: shamu\n|-start|p1a: shamu|Aqua Ring\n|move|p2a: \u5c0f\u86cb|Toxic|p1a: shamu\n|-status|p1a: shamu|tox\n|\n|-weather|PrimordialSea|[upkeep]\n|-damage|p1a: shamu|94\/100 tox|[from] psn\n|upkeep\n|turn|12\n|\n|t:|1700989334\n|move|p1a: shamu|Origin Pulse|p2a: \u5c0f\u86cb|[miss]\n|-miss|p1a: shamu|p2a: \u5c0f\u86cb\n|move|p2a: \u5c0f\u86cb|Soft-Boiled|p2a: \u5c0f\u86cb\n|-heal|p2a: \u5c0f\u86cb|100\/100\n|\n|-weather|PrimordialSea|[upkeep]\n|-heal|p1a: shamu|100\/100 tox|[from] Aqua Ring\n|-damage|p1a: shamu|88\/100 tox|[from] psn\n|upkeep\n|turn|13\n|\n|t:|1700989342\n|-weather|none\n|switch|p1a: pleasant reaper|Xerneas|100\/100\n|-ability|p1a: pleasant reaper|Fairy Aura\n|move|p2a: \u5c0f\u86cb|Seismic Toss|p1a: pleasant reaper\n|-damage|p1a: pleasant reaper|75\/100\n|\n|upkeep\n|turn|14\n|\n|t:|1700989350\n|move|p1a: pleasant reaper|Aromatherapy|p1a: pleasant reaper\n|-activate|p1a: pleasant reaper|move: Aromatherapy\n|-curestatus|p1: shamu|tox|[msg]\n|move|p2a: \u5c0f\u86cb|Toxic|p1a: pleasant reaper\n|-status|p1a: pleasant reaper|tox\n|\n|-damage|p1a: pleasant reaper|69\/100 tox|[from] psn\n|upkeep\n|turn|15\n|\n|t:|1700989358\n|move|p1a: pleasant reaper|Aromatherapy|p1a: pleasant reaper\n|-activate|p1a: pleasant reaper|move: Aromatherapy\n|-curestatus|p1a: pleasant reaper|tox|[msg]\n|move|p2a: \u5c0f\u86cb|Seismic Toss|p1a: pleasant reaper\n|-damage|p1a: pleasant reaper|44\/100\n|\n|upkeep\n|turn|16\n|\n|t:|1700989365\n|switch|p1a: Necrozma|Necrozma-Dusk-Mane|100\/100\n|move|p2a: \u5c0f\u86cb|Seismic Toss|p1a: Necrozma\n|-damage|p1a: Necrozma|71\/100\n|\n|upkeep\n|turn|17\n|\n|t:|1700989375\n|switch|p2a: \u53ef\u7231\u634f|Ho-Oh|100\/100\n|move|p1a: Necrozma|Dragon Dance|p1a: Necrozma\n|-boost|p1a: Necrozma|atk|1\n|-boost|p1a: Necrozma|spe|1\n|\n|upkeep\n|turn|18\n|\n|t:|1700989383\n|detailschange|p1a: Necrozma|Necrozma-Ultra\n|-burst|p1a: Necrozma|Necrozma|Ultranecrozium Z\n|move|p1a: Necrozma|Dragon Dance|p1a: Necrozma\n|-boost|p1a: Necrozma|atk|1\n|-boost|p1a: Necrozma|spe|1\n|move|p2a: \u53ef\u7231\u634f|Will-O-Wisp|p1a: Necrozma\n|-status|p1a: Necrozma|brn\n|\n|-damage|p1a: Necrozma|64\/100 brn|[from] brn\n|upkeep\n|turn|19\n|\n|t:|1700989399\n|switch|p2a: \u4e11\u9738\u4e0d\u6b7b|Dondozo, M|73\/100\n|move|p1a: Necrozma|Photon Geyser|p2a: \u4e11\u9738\u4e0d\u6b7b\n|-damage|p2a: \u4e11\u9738\u4e0d\u6b7b|58\/100\n|\n|-damage|p1a: Necrozma|58\/100 brn|[from] brn\n|upkeep\n|turn|20\n|\n|t:|1700989408\n|switch|p1a: pleasant reaper|Xerneas|44\/100\n|-ability|p1a: pleasant reaper|Fairy Aura\n|move|p2a: \u4e11\u9738\u4e0d\u6b7b|Rest|p2a: \u4e11\u9738\u4e0d\u6b7b\n|-status|p2a: \u4e11\u9738\u4e0d\u6b7b|slp|[from] move: Rest\n|-heal|p2a: \u4e11\u9738\u4e0d\u6b7b|100\/100 slp|[silent]\n|\n|upkeep\n|turn|21\n|\n|t:|1700989418\n|switch|p2a: \u7259?|Clodsire, M|100\/100\n|move|p1a: pleasant reaper|Geomancy||[still]\n|-prepare|p1a: pleasant reaper|Geomancy\n|-enditem|p1a: pleasant reaper|Power Herb\n|-anim|p1a: pleasant reaper|Geomancy|p1a: pleasant reaper\n|-boost|p1a: pleasant reaper|spa|2\n|-boost|p1a: pleasant reaper|spd|2\n|-boost|p1a: pleasant reaper|spe|2\n|\n|upkeep\n|turn|22\n|\n|t:|1700989428\n|move|p1a: pleasant reaper|Psyshock|p2a: \u7259?\n|-supereffective|p2a: \u7259?\n|-damage|p2a: \u7259?|41\/100\n|move|p2a: \u7259?|Earthquake|p1a: pleasant reaper\n|-damage|p1a: pleasant reaper|20\/100\n|\n|-heal|p2a: \u7259?|47\/100|[from] item: Leftovers\n|upkeep\n|turn|23\n|\n|t:|1700989435\n|-terastallize|p2a: \u7259?|Dark\n|move|p1a: pleasant reaper|Psyshock|p2a: \u7259?\n|-immune|p2a: \u7259?\n|move|p2a: \u7259?|Earthquake|p1a: pleasant reaper\n|-damage|p1a: pleasant reaper|0 fnt\n|faint|p1a: pleasant reaper\n|\n|-heal|p2a: \u7259?|54\/100|[from] item: Leftovers\n|upkeep\n|\n|t:|1700989450\n|switch|p1a: shamu|Kyogre-Primal|88\/100\n|-weather|PrimordialSea|[from] ability: Primordial Sea|[of] p1a: shamu\n|turn|24\n|\n|t:|1700989457\n|move|p1a: shamu|Blizzard|p2a: \u7259?\n|-damage|p2a: \u7259?|29\/100\n|move|p2a: \u7259?|Recover|p2a: \u7259?\n|-heal|p2a: \u7259?|79\/100\n|\n|-weather|PrimordialSea|[upkeep]\n|-heal|p2a: \u7259?|85\/100|[from] item: Leftovers\n|upkeep\n|turn|25\n|\n|t:|1700989464\n|move|p1a: shamu|Origin Pulse|p2a: \u7259?\n|-damage|p2a: \u7259?|31\/100\n|move|p2a: \u7259?|Amnesia|p2a: \u7259?\n|-boost|p2a: \u7259?|spd|2\n|\n|-weather|PrimordialSea|[upkeep]\n|-heal|p2a: \u7259?|37\/100|[from] item: Leftovers\n|upkeep\n|turn|26\n|\n|t:|1700989470\n|move|p1a: shamu|Origin Pulse|p2a: \u7259?\n|-damage|p2a: \u7259?|9\/100\n|move|p2a: \u7259?|Recover|p2a: \u7259?\n|-heal|p2a: \u7259?|59\/100\n|\n|-weather|PrimordialSea|[upkeep]\n|-heal|p2a: \u7259?|65\/100|[from] item: Leftovers\n|upkeep\n|turn|27\n|\n|t:|1700989481\n|-weather|none\n|switch|p1a: rawr XD|Groudon|100\/100\n|detailschange|p1a: rawr XD|Groudon-Primal\n|-primal|p1a: rawr XD|Red Orb\n|-weather|DesolateLand|[from] ability: Desolate Land|[of] p1a: rawr XD\n|move|p2a: \u7259?|Toxic|p1a: rawr XD\n|-status|p1a: rawr XD|tox\n|\n|-weather|DesolateLand|[upkeep]\n|-heal|p2a: \u7259?|71\/100|[from] item: Leftovers\n|-damage|p1a: rawr XD|94\/100 tox|[from] psn\n|upkeep\n|turn|28\n|\n|t:|1700989503\n|switch|p2a: \u53ef\u7231\u634f|Ho-Oh|100\/100\n|move|p1a: rawr XD|Bulk Up|p1a: rawr XD\n|-boost|p1a: rawr XD|atk|1\n|-boost|p1a: rawr XD|def|1\n|\n|-weather|DesolateLand|[upkeep]\n|-damage|p1a: rawr XD|82\/100 tox|[from] psn\n|upkeep\n|turn|29\n|\n|t:|1700989510\n|move|p1a: rawr XD|Bulk Up|p1a: rawr XD\n|-boost|p1a: rawr XD|atk|1\n|-boost|p1a: rawr XD|def|1\n|move|p2a: \u53ef\u7231\u634f|Sacred Fire|p1a: rawr XD\n|-resisted|p1a: rawr XD\n|-damage|p1a: rawr XD|71\/100 tox\n|\n|-weather|DesolateLand|[upkeep]\n|-damage|p1a: rawr XD|53\/100 tox|[from] psn\n|upkeep\n|turn|30\n|\n|t:|1700989523\n|move|p1a: rawr XD|Heat Crash|p2a: \u53ef\u7231\u634f\n|-resisted|p2a: \u53ef\u7231\u634f\n|-damage|p2a: \u53ef\u7231\u634f|24\/100\n|move|p2a: \u53ef\u7231\u634f|Sacred Fire|p1a: rawr XD\n|-resisted|p1a: rawr XD\n|-damage|p1a: rawr XD|41\/100 tox\n|\n|-weather|DesolateLand|[upkeep]\n|-damage|p1a: rawr XD|16\/100 tox|[from] psn\n|upkeep\n|turn|31\n|\n|t:|1700989531\n|switch|p2a: \u4e11\u9738\u4e0d\u6b7b|Dondozo, M|100\/100 slp\n|move|p1a: rawr XD|Heat Crash|p2a: \u4e11\u9738\u4e0d\u6b7b\n|-resisted|p2a: \u4e11\u9738\u4e0d\u6b7b\n|-damage|p2a: \u4e11\u9738\u4e0d\u6b7b|77\/100 slp\n|\n|-weather|DesolateLand|[upkeep]\n|-damage|p1a: rawr XD|0 fnt|[from] psn\n|faint|p1a: rawr XD\n|-weather|none\n|upkeep\n|-message|garyb13 forfeited.\n|\n|win|ndou\u6389\u5206\u84dd\u67d0\u4fa0996\n|raw|garyb13's rating: 1222 &rarr; <strong>1207<\/strong><br \/>(-15 for losing)\n|raw|ndou\u6389\u5206\u84dd\u67d0\u4fa0996's rating: 1372 &rarr; <strong>1384<\/strong><br \/>(+12 for winning)\n|l|\u2606garyb13\n","uploadtime":1700989540,"views":6,"p1id":"garyb13","p2id":"ndou996","formatid":"gen9nationaldexubers","rating":1207,"private":0,"password":""}