{"id":"gen9nationaldexubers-1988604370","p1":"DelDot","p2":"Liveraichult","format":"[Gen 9] National Dex Ubers","log":"|j|\u2606DelDot\n|j|\u2606Liveraichult\n|t:|1699741016\n|gametype|singles\n|player|p1|DelDot|janitor|1085\n|player|p2|Liveraichult|1|1026\n|teamsize|p1|6\n|teamsize|p2|6\n|gen|9\n|tier|[Gen 9] National Dex Ubers\n|rated|\n|rule|HP Percentage Mod: HP is shown in percentages\n|rule|Endless Battle Clause: Forcing endless battles is banned\n|rule|OHKO Clause: OHKO moves are banned\n|rule|Evasion Moves Clause: Evasion moves are banned\n|rule|Evasion Items Clause: Evasion items are banned\n|rule|Species Clause: Limit one of each Pok\u00e9mon\n|rule|Sleep Clause Mod: Limit one foe put to sleep\n|rule|Mega Rayquaza Clause: You cannot mega evolve Rayquaza\n|clearpoke\n|poke|p1|Cinderace, M|\n|poke|p1|Cyclizar, M|\n|poke|p1|Garganacl, F|\n|poke|p1|Fezandipiti, M|\n|poke|p1|Cinccino, F|\n|poke|p1|Scovillain, F|\n|poke|p2|Sceptile, M|\n|poke|p2|Poliwrath, F|\n|poke|p2|Yveltal|\n|poke|p2|Gardevoir, F|\n|poke|p2|Flygon, F|\n|poke|p2|Dracovish|\n|teampreview\n|j| Ds_Moon\n|\n|t:|1699741036\n|start\n|switch|p1a: Fezandipiti|Fezandipiti, M|100\/100\n|switch|p2a: Yveltal|Yveltal|100\/100\n|-ability|p2a: Yveltal|Dark Aura\n|turn|1\n|inactive|Battle timer is ON: inactive players will automatically lose when time's up. (requested by Liveraichult)\n|\n|t:|1699741062\n|move|p2a: Yveltal|Foul Play|p1a: Fezandipiti\n|-resisted|p1a: Fezandipiti\n|-damage|p1a: Fezandipiti|71\/100\n|move|p1a: Fezandipiti|Play Rough|p2a: Yveltal\n|-supereffective|p2a: Yveltal\n|-damage|p2a: Yveltal|30\/100\n|-status|p2a: Yveltal|tox|[from] ability: Toxic Chain|[of] p1a: Fezandipiti\n|\n|-heal|p1a: Fezandipiti|77\/100|[from] item: Black Sludge\n|-damage|p2a: Yveltal|24\/100 tox|[from] psn\n|upkeep\n|turn|2\n|\n|t:|1699741080\n|-terastallize|p2a: Yveltal|Electric\n|move|p2a: Yveltal|Foul Play|p1a: Fezandipiti\n|-resisted|p1a: Fezandipiti\n|-damage|p1a: Fezandipiti|45\/100\n|move|p1a: Fezandipiti|Play Rough|p2a: Yveltal\n|-damage|p2a: Yveltal|0 fnt\n|faint|p2a: Yveltal\n|\n|-heal|p1a: Fezandipiti|51\/100|[from] item: Black Sludge\n|upkeep\n|\n|t:|1699741094\n|switch|p2a: Flygon|Flygon, F, shiny|100\/100\n|turn|3\n|\n|t:|1699741104\n|move|p2a: Flygon|Earthquake|p1a: Fezandipiti\n|-supereffective|p1a: Fezandipiti\n|-damage|p1a: Fezandipiti|0 fnt\n|faint|p1a: Fezandipiti\n|\n|upkeep\n|\n|t:|1699741111\n|switch|p1a: Cyclizar|Cyclizar, M|100\/100\n|turn|4\n|\n|t:|1699741114\n|move|p2a: Flygon|Earthquake|p1a: Cyclizar\n|-damage|p1a: Cyclizar|37\/100\n|move|p1a: Cyclizar|Dragon Claw|p2a: Flygon\n|-supereffective|p2a: Flygon\n|-damage|p2a: Flygon|33\/100\n|\n|-heal|p1a: Cyclizar|43\/100|[from] item: Leftovers\n|upkeep\n|turn|5\n|\n|t:|1699741125\n|move|p2a: Flygon|Earthquake|p1a: Cyclizar\n|-damage|p1a: Cyclizar|0 fnt\n|faint|p1a: Cyclizar\n|\n|upkeep\n|\n|t:|1699741131\n|switch|p1a: Coffee|Cinderace, M, shiny|100\/100\n|turn|6\n|\n|t:|1699741138\n|move|p1a: Coffee|Sucker Punch|p2a: Flygon\n|-start|p1a: Coffee|typechange|Dark|[from] ability: Libero\n|-damage|p2a: Flygon|0 fnt\n|faint|p2a: Flygon\n|\n|upkeep\n|\n|t:|1699741153\n|switch|p2a: Poliwrath|Poliwrath, F|100\/100\n|turn|7\n|\n|t:|1699741164\n|move|p1a: Coffee|U-turn|p2a: Poliwrath\n|-resisted|p2a: Poliwrath\n|-damage|p2a: Poliwrath|93\/100\n|\n|t:|1699741169\n|switch|p1a: Scovillain|Scovillain, F|100\/100|[from] U-turn\n|move|p2a: Poliwrath|Focus Blast|p1a: Scovillain\n|-damage|p1a: Scovillain|46\/100\n|\n|-heal|p2a: Poliwrath|99\/100|[from] item: Leftovers\n|upkeep\n|turn|8\n|\n|t:|1699741179\n|move|p1a: Scovillain|Energy Ball|p2a: Poliwrath\n|-supereffective|p2a: Poliwrath\n|-damage|p2a: Poliwrath|11\/100\n|move|p2a: Poliwrath|Focus Blast|p1a: Scovillain\n|-damage|p1a: Scovillain|0 fnt\n|faint|p1a: Scovillain\n|\n|-heal|p2a: Poliwrath|17\/100|[from] item: Leftovers\n|upkeep\n|\n|t:|1699741187\n|switch|p1a: Coffee|Cinderace, M, shiny|100\/100\n|turn|9\n|\n|t:|1699741201\n|move|p1a: Coffee|Sucker Punch||[still]\n|-fail|p1a: Coffee\n|move|p2a: Poliwrath|Toxic|p1a: Coffee\n|-status|p1a: Coffee|tox\n|\n|-heal|p2a: Poliwrath|23\/100|[from] item: Leftovers\n|-damage|p1a: Coffee|95\/100 tox|[from] psn\n|upkeep\n|turn|10\n|\n|t:|1699741216\n|move|p2a: Poliwrath|Vacuum Wave|p1a: Coffee\n|-damage|p1a: Coffee|80\/100 tox\n|move|p1a: Coffee|High Jump Kick|p2a: Poliwrath\n|-start|p1a: Coffee|typechange|Fighting|[from] ability: Libero\n|-damage|p2a: Poliwrath|0 fnt\n|faint|p2a: Poliwrath\n|\n|-damage|p1a: Coffee|68\/100 tox|[from] psn\n|upkeep\n|\n|t:|1699741233\n|switch|p2a: Sceptile|Sceptile, M|100\/100\n|turn|11\n|\n|t:|1699741245\n|detailschange|p2a: Sceptile|Sceptile-Mega, M\n|-mega|p2a: Sceptile|Sceptile|Sceptilite\n|-terastallize|p1a: Coffee|Fire\n|move|p2a: Sceptile|Leaf Storm|p1a: Coffee|[miss]\n|-miss|p2a: Sceptile|p1a: Coffee\n|move|p1a: Coffee|Pyro Ball|p2a: Sceptile\n|-damage|p2a: Sceptile|34\/100\n|\n|-damage|p1a: Coffee|50\/100 tox|[from] psn\n|upkeep\n|turn|12\n|inactive|Liveraichult has 120 seconds left.\n|\n|t:|1699741268\n|move|p2a: Sceptile|Protect|p2a: Sceptile\n|-singleturn|p2a: Sceptile|Protect\n|move|p1a: Coffee|Sucker Punch||[still]\n|-fail|p1a: Coffee\n|\n|-damage|p1a: Coffee|26\/100 tox|[from] psn\n|upkeep\n|turn|13\n|\n|t:|1699741277\n|move|p1a: Coffee|Sucker Punch|p2a: Sceptile\n|-damage|p2a: Sceptile|3\/100\n|move|p2a: Sceptile|Dragon Pulse|p1a: Coffee\n|-damage|p1a: Coffee|0 fnt\n|faint|p1a: Coffee\n|\n|upkeep\n|\n|t:|1699741286\n|switch|p1a: Cinccino|Cinccino, F|100\/100\n|turn|14\n|c|\u2606DelDot|i dont think i win this, if i dont gg\n|\n|t:|1699741304\n|move|p2a: Sceptile|Protect|p2a: Sceptile\n|-singleturn|p2a: Sceptile|Protect\n|move|p1a: Cinccino|Tail Slap|p2a: Sceptile\n|-activate|p2a: Sceptile|move: Protect\n|\n|upkeep\n|turn|15\n|\n|t:|1699741312\n|move|p2a: Sceptile|Leaf Storm|p1a: Cinccino\n|-damage|p1a: Cinccino|0 fnt\n|-unboost|p2a: Sceptile|spa|2\n|faint|p1a: Cinccino\n|\n|upkeep\n|\n|t:|1699741317\n|switch|p1a: Garganacl|Garganacl, F|100\/100\n|turn|16\n|\n|t:|1699741327\n|move|p2a: Sceptile|Protect|p2a: Sceptile\n|-singleturn|p2a: Sceptile|Protect\n|move|p1a: Garganacl|Body Press|p2a: Sceptile\n|-activate|p2a: Sceptile|move: Protect\n|\n|upkeep\n|turn|17\n|c|\u2606Liveraichult|ye gg, u fought good\n|\n|t:|1699741344\n|move|p2a: Sceptile|Leaf Storm|p1a: Garganacl\n|-supereffective|p1a: Garganacl\n|-damage|p1a: Garganacl|60\/100\n|-unboost|p2a: Sceptile|spa|2\n|move|p1a: Garganacl|Salt Cure|p2a: Sceptile\n|-damage|p2a: Sceptile|0 fnt\n|faint|p2a: Sceptile\n|\n|upkeep\n|\n|t:|1699741355\n|switch|p2a: Dracovish|Dracovish, shiny|100\/100\n|turn|18\n|\n|t:|1699741363\n|move|p2a: Dracovish|Liquidation|p1a: Garganacl\n|-supereffective|p1a: Garganacl\n|-damage|p1a: Garganacl|9\/100\n|-damage|p2a: Dracovish|84\/100|[from] item: Rocky Helmet|[of] p1a: Garganacl\n|move|p1a: Garganacl|Recover|p1a: Garganacl\n|-heal|p1a: Garganacl|59\/100\n|\n|upkeep\n|turn|19\n|\n|t:|1699741376\n|move|p2a: Dracovish|Liquidation|p1a: Garganacl\n|-supereffective|p1a: Garganacl\n|-damage|p1a: Garganacl|11\/100\n|-damage|p2a: Dracovish|68\/100|[from] item: Rocky Helmet|[of] p1a: Garganacl\n|move|p1a: Garganacl|Recover|p1a: Garganacl\n|-heal|p1a: Garganacl|61\/100\n|\n|upkeep\n|turn|20\n|\n|t:|1699741386\n|move|p2a: Dracovish|Liquidation|p1a: Garganacl\n|-supereffective|p1a: Garganacl\n|-damage|p1a: Garganacl|14\/100\n|-damage|p2a: Dracovish|51\/100|[from] item: Rocky Helmet|[of] p1a: Garganacl\n|move|p1a: Garganacl|Recover|p1a: Garganacl\n|-heal|p1a: Garganacl|64\/100\n|\n|upkeep\n|turn|21\n|c|\u2606Liveraichult|recover spam?\n|c|\u2606Liveraichult|not bad strat\n|\n|t:|1699741402\n|move|p2a: Dracovish|Liquidation|p1a: Garganacl\n|-supereffective|p1a: Garganacl\n|-damage|p1a: Garganacl|10\/100\n|-damage|p2a: Dracovish|35\/100|[from] item: Rocky Helmet|[of] p1a: Garganacl\n|move|p1a: Garganacl|Recover|p1a: Garganacl\n|-heal|p1a: Garganacl|60\/100\n|\n|upkeep\n|turn|22\n|c|\u2606Liveraichult|all i need is 1 single crit\n|\n|t:|1699741415\n|move|p2a: Dracovish|Liquidation|p1a: Garganacl\n|-supereffective|p1a: Garganacl\n|-damage|p1a: Garganacl|7\/100\n|-damage|p2a: Dracovish|18\/100|[from] item: Rocky Helmet|[of] p1a: Garganacl\n|move|p1a: Garganacl|Recover|p1a: Garganacl\n|-heal|p1a: Garganacl|57\/100\n|\n|upkeep\n|turn|23\n|\n|t:|1699741423\n|move|p2a: Dracovish|Liquidation|p1a: Garganacl\n|-supereffective|p1a: Garganacl\n|-damage|p1a: Garganacl|6\/100\n|-damage|p2a: Dracovish|2\/100|[from] item: Rocky Helmet|[of] p1a: Garganacl\n|move|p1a: Garganacl|Recover|p1a: Garganacl\n|-heal|p1a: Garganacl|56\/100\n|\n|upkeep\n|turn|24\n|c|\u2606DelDot|beggign rn\n|\n|t:|1699741436\n|move|p2a: Dracovish|Liquidation|p1a: Garganacl\n|-supereffective|p1a: Garganacl\n|-damage|p1a: Garganacl|3\/100\n|-damage|p2a: Dracovish|0 fnt|[from] item: Rocky Helmet|[of] p1a: Garganacl\n|faint|p2a: Dracovish\n|move|p1a: Garganacl|Recover|p1a: Garganacl\n|-heal|p1a: Garganacl|53\/100\n|\n|upkeep\n|c|\u2606Liveraichult|WHERES THE CRIT\n|c|\u2606Liveraichult|dangit\n|\n|t:|1699741447\n|switch|p2a: Gardevoir|Gardevoir, F|100\/100\n|turn|25\n|c|\u2606DelDot|AINT NO WAY\n|c|\u2606Liveraichult|i dare u too pull out heavy slam\n|\n|t:|1699741463\n|move|p2a: Gardevoir|Destiny Bond|p2a: Gardevoir\n|-singlemove|p2a: Gardevoir|Destiny Bond\n|move|p1a: Garganacl|Salt Cure|p2a: Gardevoir\n|-damage|p2a: Gardevoir|76\/100\n|-start|p2a: Gardevoir|Salt Cure\n|\n|-damage|p2a: Gardevoir|63\/100|[from] Salt Cure\n|upkeep\n|turn|26\n|\n|t:|1699741477\n|move|p2a: Gardevoir|Disable|p1a: Garganacl\n|-start|p1a: Garganacl|Disable|Salt Cure\n|move|p1a: Garganacl|Recover|p1a: Garganacl\n|-heal|p1a: Garganacl|100\/100\n|\n|-damage|p2a: Gardevoir|51\/100|[from] Salt Cure\n|upkeep\n|turn|27\n|\n|t:|1699741484\n|move|p2a: Gardevoir|Disable||[still]\n|-fail|p2a: Gardevoir\n|move|p1a: Garganacl|Iron Defense|p1a: Garganacl\n|-boost|p1a: Garganacl|def|2\n|\n|-damage|p2a: Gardevoir|39\/100|[from] Salt Cure\n|upkeep\n|turn|28\n|\n|t:|1699741499\n|move|p2a: Gardevoir|Destiny Bond|p2a: Gardevoir\n|-singlemove|p2a: Gardevoir|Destiny Bond\n|move|p1a: Garganacl|Iron Defense|p1a: Garganacl\n|-boost|p1a: Garganacl|def|2\n|\n|-damage|p2a: Gardevoir|26\/100|[from] Salt Cure\n|upkeep\n|turn|29\n|c|\u2606DelDot|do you not have any attacks?\n|\n|t:|1699741517\n|move|p2a: Gardevoir|Draining Kiss|p1a: Garganacl\n|-damage|p1a: Garganacl|85\/100\n|-heal|p2a: Gardevoir|43\/100|[from] drain|[of] p1a: Garganacl\n|-damage|p2a: Gardevoir|27\/100|[from] item: Rocky Helmet|[of] p1a: Garganacl\n|move|p1a: Garganacl|Iron Defense|p1a: Garganacl\n|-boost|p1a: Garganacl|def|2\n|\n|-damage|p2a: Gardevoir|15\/100|[from] Salt Cure\n|-end|p1a: Garganacl|Disable\n|upkeep\n|turn|30\n|c|\u2606Liveraichult|theres no shot\ud83d\ude05\n|\n|t:|1699741530\n|move|p2a: Gardevoir|Destiny Bond|p2a: Gardevoir\n|-singlemove|p2a: Gardevoir|Destiny Bond\n|move|p1a: Garganacl|Iron Defense|p1a: Garganacl\n|-boost|p1a: Garganacl|def|0\n|\n|-damage|p2a: Gardevoir|2\/100|[from] Salt Cure\n|upkeep\n|turn|31\n|c|\u2606DelDot|NO WAY LMAO\n|c|\u2606Liveraichult|wow......gg\n|c|\u2606DelDot|IM SO SORRY IM STALLING FOR THIS WIN\n|c|\u2606DelDot|gg dude\n|\n|t:|1699741555\n|move|p2a: Gardevoir|Draining Kiss|p1a: Garganacl\n|-damage|p1a: Garganacl|69\/100\n|-heal|p2a: Gardevoir|20\/100|[from] drain|[of] p1a: Garganacl\n|-damage|p2a: Gardevoir|3\/100|[from] item: Rocky Helmet|[of] p1a: Garganacl\n|move|p1a: Garganacl|Iron Defense|p1a: Garganacl\n|-boost|p1a: Garganacl|def|0\n|\n|-damage|p2a: Gardevoir|0 fnt|[from] Salt Cure\n|faint|p2a: Gardevoir\n|\n|win|DelDot\n|upkeep\n|raw|DelDot's rating: 1085 &rarr; <strong>1108<\/strong><br \/>(+23 for winning)\n|raw|Liveraichult's rating: 1026 &rarr; <strong>1014<\/strong><br \/>(-12 for losing)\n|c|\u2606Liveraichult|no prob\n|c|\u2606Liveraichult|u earned\n|c|\u2606Liveraichult|gg\n|l| Ds_Moon\n|c|\u2606DelDot|gg bro great battle\n","uploadtime":1699741576,"views":14,"p1id":"deldot","p2id":"liveraichult","formatid":"gen9nationaldexubers","rating":1014,"private":0,"password":""}