{"id":"gen9nationaldexubers-1987984155","p1":"aquiles meo","p2":"AmzMac10","format":"[Gen 9] National Dex Ubers","log":"|j|\u2606aquiles meo\n|j|\u2606AmzMac10\n|t:|1699655929\n|gametype|singles\n|player|p1|aquiles meo|ethan|1147\n|player|p2|AmzMac10|fisherman-gen4|1101\n|teamsize|p1|6\n|teamsize|p2|6\n|gen|9\n|tier|[Gen 9] National Dex Ubers\n|rated|\n|rule|HP Percentage Mod: HP is shown in percentages\n|rule|Endless Battle Clause: Forcing endless battles is banned\n|rule|OHKO Clause: OHKO moves are banned\n|rule|Evasion Moves Clause: Evasion moves are banned\n|rule|Evasion Items Clause: Evasion items are banned\n|rule|Species Clause: Limit one of each Pok\u00e9mon\n|rule|Sleep Clause Mod: Limit one foe put to sleep\n|rule|Mega Rayquaza Clause: You cannot mega evolve Rayquaza\n|clearpoke\n|poke|p1|Jirachi|\n|poke|p1|Ho-Oh|\n|poke|p1|Rayquaza|\n|poke|p1|Pidgeot, M|\n|poke|p1|Lucario, M|\n|poke|p1|Luxray, M|\n|poke|p2|Beedrill, F|\n|poke|p2|Chansey, F|\n|poke|p2|Rotom-Wash|\n|poke|p2|Umbreon, F|\n|poke|p2|Shaymin-Sky|\n|poke|p2|Garganacl, M|\n|teampreview\n|\n|t:|1699655934\n|start\n|switch|p1a: Jirachi|Jirachi|100\/100\n|switch|p2a: Beedrill|Beedrill, F|100\/100\n|turn|1\n|\n|t:|1699655940\n|detailschange|p2a: Beedrill|Beedrill-Mega, F\n|-mega|p2a: Beedrill|Beedrill|Beedrillite\n|move|p2a: Beedrill|U-turn|p1a: Jirachi\n|-damage|p1a: Jirachi|52\/100\n|\n|t:|1699655946\n|switch|p2a: Umbreon|Umbreon, F|100\/100|[from] U-turn\n|move|p1a: Jirachi|Iron Head|p2a: Umbreon\n|-damage|p2a: Umbreon|77\/100\n|\n|-heal|p2a: Umbreon|83\/100|[from] item: Leftovers\n|upkeep\n|turn|2\n|\n|t:|1699655970\n|move|p1a: Jirachi|Iron Head|p2a: Umbreon\n|-damage|p2a: Umbreon|54\/100\n|move|p2a: Umbreon|Wish|p2a: Umbreon\n|\n|-heal|p2a: Umbreon|60\/100|[from] item: Leftovers\n|upkeep\n|turn|3\n|\n|t:|1699655977\n|move|p1a: Jirachi|Iron Head|p2a: Umbreon\n|-damage|p2a: Umbreon|27\/100\n|move|p2a: Umbreon|Foul Play|p1a: Jirachi\n|-supereffective|p1a: Jirachi\n|-damage|p1a: Jirachi|0 fnt\n|faint|p1a: Jirachi\n|\n|-heal|p2a: Umbreon|77\/100|[from] move: Wish|[wisher] Umbreon\n|-heal|p2a: Umbreon|83\/100|[from] item: Leftovers\n|upkeep\n|\n|t:|1699655994\n|switch|p1a: Ho-Oh|Ho-Oh|100\/100\n|turn|4\n|\n|t:|1699656032\n|move|p1a: Ho-Oh|Ancient Power|p2a: Umbreon\n|-damage|p2a: Umbreon|74\/100\n|move|p2a: Umbreon|Wish|p2a: Umbreon\n|\n|-heal|p2a: Umbreon|80\/100|[from] item: Leftovers\n|upkeep\n|turn|5\n|\n|t:|1699656047\n|switch|p2a: Rotom|Rotom-Wash|100\/100\n|move|p1a: Ho-Oh|Ancient Power|p2a: Rotom\n|-damage|p2a: Rotom|82\/100\n|\n|-heal|p2a: Rotom|100\/100|[from] move: Wish|[wisher] Umbreon\n|upkeep\n|turn|6\n|\n|t:|1699656065\n|switch|p1a: Rayquaza|Rayquaza|100\/100\n|-ability|p1a: Rayquaza|Air Lock\n|move|p2a: Rotom|Volt Switch|p1a: Rayquaza\n|-damage|p1a: Rayquaza|73\/100\n|\n|t:|1699656072\n|switch|p2a: Shaymin|Shaymin-Sky|100\/100|[from] Volt Switch\n|\n|upkeep\n|turn|7\n|\n|t:|1699656093\n|-terastallize|p1a: Rayquaza|Flying\n|move|p2a: Shaymin|Hidden Power|p1a: Rayquaza\n|-supereffective|p1a: Rayquaza\n|-damage|p1a: Rayquaza|35\/100\n|move|p1a: Rayquaza|Dragon Dance|p1a: Rayquaza\n|-boost|p1a: Rayquaza|atk|1\n|-boost|p1a: Rayquaza|spe|1\n|\n|upkeep\n|turn|8\n|\n|t:|1699656140\n|move|p1a: Rayquaza|Dragon Ascent|p2a: Shaymin\n|-supereffective|p2a: Shaymin\n|-damage|p2a: Shaymin|0 fnt\n|-unboost|p1a: Rayquaza|def|1\n|-unboost|p1a: Rayquaza|spd|1\n|faint|p2a: Shaymin\n|\n|upkeep\n|inactive|Battle timer is ON: inactive players will automatically lose when time's up. (requested by aquiles meo)\n|\n|t:|1699656144\n|switch|p2a: Umbreon|Umbreon, F|80\/100\n|turn|9\n|\n|t:|1699656156\n|move|p1a: Rayquaza|Dragon Ascent|p2a: Umbreon\n|-damage|p2a: Umbreon|0 fnt\n|-unboost|p1a: Rayquaza|def|1\n|-unboost|p1a: Rayquaza|spd|1\n|faint|p2a: Umbreon\n|\n|upkeep\n|inactive|AmzMac10 has 120 seconds left.\n|inactive|AmzMac10 has 90 seconds left.\n|\n|t:|1699656242\n|switch|p2a: Rotom|Rotom-Wash|100\/100\n|turn|10\n|inactive|aquiles meo has 120 seconds left.\n|\n|t:|1699656283\n|switch|p1a: Luxray|Luxray, M, shiny|100\/100\n|move|p2a: Rotom|Volt Switch|p1a: Luxray\n|-resisted|p1a: Luxray\n|-damage|p1a: Luxray|85\/100\n|\n|t:|1699656299\n|switch|p2a: Beedrill|Beedrill-Mega, F|100\/100|[from] Volt Switch\n|\n|upkeep\n|turn|11\n|inactive|aquiles meo has 120 seconds left.\n|\n|t:|1699656319\n|move|p2a: Beedrill|Drill Run|p1a: Luxray\n|-supereffective|p1a: Luxray\n|-damage|p1a: Luxray|17\/100\n|move|p1a: Luxray|Psychic Fangs|p2a: Beedrill\n|-supereffective|p2a: Beedrill\n|-damage|p2a: Beedrill|0 fnt\n|faint|p2a: Beedrill\n|\n|upkeep\n|inactive|AmzMac10 has 60 seconds left.\n|\n|t:|1699656350\n|switch|p2a: Garganacl|Garganacl, M|100\/100\n|turn|12\n|-message|AmzMac10 forfeited.\n|\n|win|aquiles meo\n|raw|aquiles meo's rating: 1147 &rarr; <strong>1169<\/strong><br \/>(+22 for winning)\n|raw|AmzMac10's rating: 1101 &rarr; <strong>1079<\/strong><br \/>(-22 for losing)\n|l|\u2606AmzMac10\n","uploadtime":1699656364,"views":6,"p1id":"aquilesmeo","p2id":"amzmac10","formatid":"gen9nationaldexubers","rating":1079,"private":0,"password":""}