{"id":"gen9nationaldexubers-1993883948","p1":"Sing & Play","p2":"mas asido","format":"[Gen 9] National Dex Ubers","log":"|j|\u2606Sing & Play\n|j|\u2606mas asido\n|t:|1700369812\n|gametype|singles\n|player|p1|Sing & Play|veteranf|1056\n|player|p2|mas asido|cynthia-gen4|1183\n|teamsize|p1|6\n|teamsize|p2|6\n|gen|9\n|tier|[Gen 9] National Dex Ubers\n|rated|\n|rule|HP Percentage Mod: HP is shown in percentages\n|rule|Endless Battle Clause: Forcing endless battles is banned\n|rule|OHKO Clause: OHKO moves are banned\n|rule|Evasion Moves Clause: Evasion moves are banned\n|rule|Evasion Items Clause: Evasion items are banned\n|rule|Species Clause: Limit one of each Pok\u00e9mon\n|rule|Sleep Clause Mod: Limit one foe put to sleep\n|rule|Mega Rayquaza Clause: You cannot mega evolve Rayquaza\n|clearpoke\n|poke|p1|Hawlucha, F|\n|poke|p1|Clefable, M|\n|poke|p1|Amoonguss, M|\n|poke|p1|Melmetal|\n|poke|p1|Chandelure, F|\n|poke|p1|Unfezant, F|\n|poke|p2|Incineroar, M|\n|poke|p2|Groudon|\n|poke|p2|Blaziken, M|\n|poke|p2|Charizard, M|\n|poke|p2|Chi-Yu|\n|poke|p2|Cinderace, F|\n|teampreview\n|inactive|Battle timer is ON: inactive players will automatically lose when time's up. (requested by Sing & Play)\n|\n|t:|1700369845\n|start\n|switch|p1a: Clefable|Clefable, M|100\/100\n|switch|p2a: Charizard|Charizard, M, shiny|100\/100\n|turn|1\n|\n|t:|1700369854\n|detailschange|p2a: Charizard|Charizard-Mega-Y, M, shiny\n|-mega|p2a: Charizard|Charizard|Charizardite Y\n|-weather|SunnyDay|[from] ability: Drought|[of] p2a: Charizard\n|move|p2a: Charizard|Heat Wave|p1a: Clefable|[miss]\n|-miss|p2a: Charizard|p1a: Clefable\n|move|p1a: Clefable|Stealth Rock|p2a: Charizard\n|-sidestart|p2: mas asido|move: Stealth Rock\n|\n|-weather|SunnyDay|[upkeep]\n|upkeep\n|turn|2\n|\n|t:|1700369867\n|switch|p2a: Cinderace|Cinderace, F|100\/100\n|move|p1a: Clefable|Thunder Wave|p2a: Cinderace\n|-status|p2a: Cinderace|par\n|\n|-weather|SunnyDay|[upkeep]\n|upkeep\n|turn|3\n|\n|t:|1700369880\n|move|p2a: Cinderace|Court Change|p2a: Cinderace\n|-start|p2a: Cinderace|typechange|Normal|[from] ability: Libero\n|-swapsideconditions\n|-activate|p2a: Cinderace|move: Court Change\n|move|p1a: Clefable|Moonblast|p2a: Cinderace\n|-damage|p2a: Cinderace|55\/100 par\n|\n|-weather|SunnyDay|[upkeep]\n|upkeep\n|turn|4\n|\n|t:|1700369895\n|cant|p2a: Cinderace|par\n|move|p1a: Clefable|Stealth Rock|p2a: Cinderace\n|-sidestart|p2: mas asido|move: Stealth Rock\n|\n|-weather|SunnyDay|[upkeep]\n|upkeep\n|turn|5\n|\n|t:|1700369901\n|move|p2a: Cinderace|Pyro Ball|p1a: Clefable\n|-crit|p1a: Clefable\n|-damage|p1a: Clefable|0 fnt\n|faint|p1a: Clefable\n|\n|-weather|none\n|upkeep\n|\n|t:|1700369923\n|switch|p1a: Chandelure|Chandelure, F|100\/100\n|turn|6\n|\n|t:|1700369937\n|move|p1a: Chandelure|Substitute|p1a: Chandelure\n|-start|p1a: Chandelure|Substitute\n|-damage|p1a: Chandelure|76\/100\n|cant|p2a: Cinderace|par\n|\n|upkeep\n|turn|7\n|\n|t:|1700369949\n|move|p1a: Chandelure|Calm Mind|p1a: Chandelure\n|-boost|p1a: Chandelure|spa|1\n|-boost|p1a: Chandelure|spd|1\n|cant|p2a: Cinderace|par\n|\n|upkeep\n|turn|8\n|\n|t:|1700369958\n|move|p1a: Chandelure|Flamethrower|p2a: Cinderace\n|-damage|p2a: Cinderace|0 fnt\n|faint|p2a: Cinderace\n|\n|upkeep\n|\n|t:|1700369978\n|switch|p2a: Chi-Yu|Chi-Yu|100\/100\n|-ability|p2a: Chi-Yu|Beads of Ruin\n|turn|9\n|\n|t:|1700369994\n|move|p2a: Chi-Yu|Substitute|p2a: Chi-Yu\n|-start|p2a: Chi-Yu|Substitute\n|-damage|p2a: Chi-Yu|75\/100\n|move|p1a: Chandelure|Flamethrower|p2a: Chi-Yu\n|-resisted|p2a: Chi-Yu\n|-damage|p2a: Chi-Yu|33\/100\n|\n|upkeep\n|turn|10\n|\n|t:|1700370005\n|move|p2a: Chi-Yu|Dark Pulse|p1a: Chandelure\n|-supereffective|p1a: Chandelure\n|-end|p1a: Chandelure|Substitute\n|move|p1a: Chandelure|Flamethrower|p2a: Chi-Yu\n|-resisted|p2a: Chi-Yu\n|-damage|p2a: Chi-Yu|0 fnt\n|faint|p2a: Chi-Yu\n|\n|upkeep\n|\n|t:|1700370020\n|switch|p2a: Blaziken|Blaziken, M|100\/100\n|-damage|p2a: Blaziken|88\/100|[from] Stealth Rock\n|turn|11\n|inactive|Sing & Play has 120 seconds left.\n|\n|t:|1700370055\n|move|p1a: Chandelure|Flamethrower|p2a: Blaziken\n|-resisted|p2a: Blaziken\n|-damage|p2a: Blaziken|32\/100\n|move|p2a: Blaziken|Swords Dance|p2a: Blaziken\n|-boost|p2a: Blaziken|atk|2\n|\n|-ability|p2a: Blaziken|Speed Boost|boost\n|-boost|p2a: Blaziken|spe|1\n|upkeep\n|turn|12\n|inactive|Sing & Play has 120 seconds left.\n|\n|t:|1700370079\n|move|p2a: Blaziken|Blaze Kick|p1a: Chandelure\n|-resisted|p1a: Chandelure\n|-damage|p1a: Chandelure|6\/100\n|move|p1a: Chandelure|Flamethrower|p2a: Blaziken\n|-resisted|p2a: Blaziken\n|-damage|p2a: Blaziken|0 fnt\n|faint|p2a: Blaziken\n|\n|upkeep\n|inactive|mas asido has 120 seconds left.\n|\n|t:|1700370098\n|switch|p2a: Charizard|Charizard-Mega-Y, M, shiny|100\/100\n|-damage|p2a: Charizard|51\/100|[from] Stealth Rock\n|-weather|SunnyDay|[from] ability: Drought|[of] p2a: Charizard\n|turn|13\n|\n|t:|1700370109\n|move|p2a: Charizard|Ancient Power|p1a: Chandelure\n|-supereffective|p1a: Chandelure\n|-damage|p1a: Chandelure|0 fnt\n|faint|p1a: Chandelure\n|\n|-weather|SunnyDay|[upkeep]\n|upkeep\n|inactive|Sing & Play has 120 seconds left.\n|\n|t:|1700370138\n|switch|p1a: Melmetal|Melmetal|100\/100\n|-damage|p1a: Melmetal|94\/100|[from] Stealth Rock\n|turn|14\n|\n|t:|1700370147\n|-terastallize|p1a: Melmetal|Electric\n|move|p2a: Charizard|Heat Wave|p1a: Melmetal\n|-damage|p1a: Melmetal|24\/100\n|move|p1a: Melmetal|Thunder Punch|p2a: Charizard\n|-supereffective|p2a: Charizard\n|-damage|p2a: Charizard|0 fnt\n|faint|p2a: Charizard\n|\n|-weather|SunnyDay|[upkeep]\n|upkeep\n|\n|t:|1700370161\n|switch|p2a: Groudon|Groudon, shiny|100\/100\n|-damage|p2a: Groudon|94\/100|[from] Stealth Rock\n|detailschange|p2a: Groudon|Groudon-Primal, shiny\n|-primal|p2a: Groudon|Red Orb\n|-weather|DesolateLand|[from] ability: Desolate Land|[of] p2a: Groudon\n|turn|15\n|inactive|Sing & Play has 120 seconds left.\n|\n|t:|1700370177\n|move|p2a: Groudon|Heat Crash|p1a: Melmetal\n|-damage|p1a: Melmetal|0 fnt\n|faint|p1a: Melmetal\n|\n|-weather|DesolateLand|[upkeep]\n|upkeep\n|inactive|Sing & Play has 90 seconds left.\n|\n|t:|1700370227\n|switch|p1a: Hawlucha|Hawlucha, F|100\/100\n|-damage|p1a: Hawlucha|88\/100|[from] Stealth Rock\n|turn|16\n|\n|t:|1700370257\n|move|p1a: Hawlucha|Flying Press|p2a: Groudon\n|-damage|p2a: Groudon|71\/100\n|move|p2a: Groudon|Heat Crash|p1a: Hawlucha\n|-damage|p1a: Hawlucha|0 fnt\n|faint|p1a: Hawlucha\n|\n|-weather|DesolateLand|[upkeep]\n|upkeep\n|\n|t:|1700370271\n|switch|p1a: Amoonguss|Amoonguss, M|100\/100\n|-damage|p1a: Amoonguss|88\/100|[from] Stealth Rock\n|turn|17\n|inactive|mas asido has 120 seconds left.\n|\n|t:|1700370293\n|move|p2a: Groudon|Heat Crash|p1a: Amoonguss\n|-supereffective|p1a: Amoonguss\n|-damage|p1a: Amoonguss|0 fnt\n|-status|p2a: Groudon|par|[from] ability: Effect Spore|[of] p1a: Amoonguss\n|faint|p1a: Amoonguss\n|\n|-weather|DesolateLand|[upkeep]\n|upkeep\n|\n|t:|1700370299\n|switch|p1a: Unfezant|Unfezant, F|100\/100\n|-damage|p1a: Unfezant|76\/100|[from] Stealth Rock\n|turn|18\n|\n|t:|1700370312\n|move|p1a: Unfezant|Brave Bird|p2a: Groudon\n|-damage|p2a: Groudon|36\/100 par\n|-damage|p1a: Unfezant|62\/100|[from] Recoil\n|cant|p2a: Groudon|par\n|\n|-weather|DesolateLand|[upkeep]\n|upkeep\n|turn|19\n|\n|t:|1700370330\n|move|p1a: Unfezant|Brave Bird|p2a: Groudon\n|-damage|p2a: Groudon|0 fnt\n|faint|p2a: Groudon\n|-weather|none\n|-damage|p1a: Unfezant|49\/100|[from] Recoil\n|\n|upkeep\n|\n|t:|1700370337\n|switch|p2a: Incineroar|Incineroar, M|100\/100\n|-damage|p2a: Incineroar|76\/100|[from] Stealth Rock\n|-ability|p2a: Incineroar|Intimidate|boost\n|-unboost|p1a: Unfezant|atk|1\n|turn|20\n|\n|t:|1700370344\n|move|p2a: Incineroar|Fake Out|p1a: Unfezant\n|-damage|p1a: Unfezant|34\/100\n|cant|p1a: Unfezant|flinch\n|\n|upkeep\n|turn|21\n|\n|t:|1700370350\n|move|p1a: Unfezant|Brave Bird|p2a: Incineroar\n|-crit|p2a: Incineroar\n|-damage|p2a: Incineroar|0 fnt\n|faint|p2a: Incineroar\n|-damage|p1a: Unfezant|1\/100|[from] Recoil\n|\n|win|Sing & Play\n|raw|Sing &amp; Play's rating: 1056 &rarr; <strong>1099<\/strong><br \/>(+43 for winning)\n|raw|mas asido's rating: 1183 &rarr; <strong>1149<\/strong><br \/>(-34 for losing)\n|l|\u2606mas asido\n","uploadtime":1700370357,"views":8,"p1id":"singplay","p2id":"masasido","formatid":"gen9nationaldexubers","rating":1099,"private":0,"password":""}