{"id":"gen9nationaldexubers-1990646696","p1":"Gible.Fights","p2":"flatzissmurfed \u269d\u5f61","format":"[Gen 9] National Dex Ubers","log":"|j|\u2606Gible.Fights\n|j|\u2606flatzissmurfed \u269d\u5f61\n|t:|1699988455\n|gametype|singles\n|player|p1|Gible.Fights|cynthia|1156\n|player|p2|flatzissmurfed \u269d\u5f61|bugcatcher-gen1rb|1237\n|teamsize|p1|6\n|teamsize|p2|6\n|gen|9\n|tier|[Gen 9] National Dex Ubers\n|rated|\n|rule|HP Percentage Mod: HP is shown in percentages\n|rule|Endless Battle Clause: Forcing endless battles is banned\n|rule|OHKO Clause: OHKO moves are banned\n|rule|Evasion Moves Clause: Evasion moves are banned\n|rule|Evasion Items Clause: Evasion items are banned\n|rule|Species Clause: Limit one of each Pok\u00e9mon\n|rule|Sleep Clause Mod: Limit one foe put to sleep\n|rule|Mega Rayquaza Clause: You cannot mega evolve Rayquaza\n|clearpoke\n|poke|p1|Garchomp, M|\n|poke|p1|Eternatus|\n|poke|p1|Glimmora, F|\n|poke|p1|Aegislash, M|\n|poke|p1|Arceus-Ghost|\n|poke|p1|Regigigas|\n|poke|p2|Electrode-Hisui|\n|poke|p2|Blissey, F|\n|poke|p2|Kyogre|\n|poke|p2|Swoobat, F|\n|poke|p2|Ho-Oh|\n|poke|p2|Zacian-*|\n|teampreview\n|inactive|Battle timer is ON: inactive players will automatically lose when time's up. (requested by flatzissmurfed \u269d\u5f61)\n|\n|t:|1699988471\n|start\n|switch|p1a: J\u00f6rmungandr|Eternatus|100\/100\n|switch|p2a: formula star|Kyogre|100\/100\n|-ability|p1a: J\u00f6rmungandr|Pressure\n|detailschange|p2a: formula star|Kyogre-Primal\n|-primal|p2a: formula star|Blue Orb\n|-weather|PrimordialSea|[from] ability: Primordial Sea|[of] p2a: formula star\n|turn|1\n|\n|t:|1699988483\n|move|p1a: J\u00f6rmungandr|Toxic Spikes|p2a: formula star\n|-sidestart|p2: flatzissmurfed \u269d\u5f61|move: Toxic Spikes\n|move|p2a: formula star|Defense Curl|p2a: formula star\n|-boost|p2a: formula star|def|1\n|\n|-weather|PrimordialSea|[upkeep]\n|upkeep\n|turn|2\n|\n|t:|1699988491\n|move|p1a: J\u00f6rmungandr|Toxic Spikes|p2a: formula star\n|-sidestart|p2: flatzissmurfed \u269d\u5f61|move: Toxic Spikes\n|move|p2a: formula star|Defense Curl|p2a: formula star\n|-boost|p2a: formula star|def|1\n|\n|-weather|PrimordialSea|[upkeep]\n|upkeep\n|turn|3\n|\n|t:|1699988497\n|move|p1a: J\u00f6rmungandr|Dynamax Cannon|p2a: formula star\n|-damage|p2a: formula star|78\/100\n|move|p2a: formula star|Ice Beam|p1a: J\u00f6rmungandr\n|-supereffective|p1a: J\u00f6rmungandr\n|-damage|p1a: J\u00f6rmungandr|53\/100\n|\n|-weather|PrimordialSea|[upkeep]\n|-heal|p1a: J\u00f6rmungandr|60\/100|[from] item: Leftovers\n|upkeep\n|turn|4\n|\n|t:|1699988505\n|move|p1a: J\u00f6rmungandr|Dynamax Cannon|p2a: formula star\n|-damage|p2a: formula star|57\/100\n|move|p2a: formula star|Ice Beam|p1a: J\u00f6rmungandr\n|-supereffective|p1a: J\u00f6rmungandr\n|-damage|p1a: J\u00f6rmungandr|14\/100\n|\n|-weather|PrimordialSea|[upkeep]\n|-heal|p1a: J\u00f6rmungandr|20\/100|[from] item: Leftovers\n|upkeep\n|turn|5\n|\n|t:|1699988514\n|move|p1a: J\u00f6rmungandr|Recover|p1a: J\u00f6rmungandr\n|-heal|p1a: J\u00f6rmungandr|70\/100\n|move|p2a: formula star|Defense Curl|p2a: formula star\n|-boost|p2a: formula star|def|1\n|\n|-weather|PrimordialSea|[upkeep]\n|-heal|p1a: J\u00f6rmungandr|76\/100|[from] item: Leftovers\n|upkeep\n|turn|6\n|\n|t:|1699988522\n|move|p1a: J\u00f6rmungandr|Dynamax Cannon|p2a: formula star\n|-damage|p2a: formula star|37\/100\n|move|p2a: formula star|Defense Curl|p2a: formula star\n|-boost|p2a: formula star|def|1\n|\n|-weather|PrimordialSea|[upkeep]\n|-heal|p1a: J\u00f6rmungandr|82\/100|[from] item: Leftovers\n|upkeep\n|turn|7\n|\n|t:|1699988530\n|move|p1a: J\u00f6rmungandr|Dynamax Cannon|p2a: formula star\n|-damage|p2a: formula star|18\/100\n|move|p2a: formula star|Rest|p2a: formula star\n|-status|p2a: formula star|slp|[from] move: Rest\n|-heal|p2a: formula star|100\/100 slp|[silent]\n|\n|-weather|PrimordialSea|[upkeep]\n|-heal|p1a: J\u00f6rmungandr|88\/100|[from] item: Leftovers\n|upkeep\n|turn|8\n|\n|t:|1699988550\n|switch|p1a: Silly flower|Glimmora, F|100\/100\n|cant|p2a: formula star|slp\n|\n|-weather|PrimordialSea|[upkeep]\n|upkeep\n|turn|9\n|\n|t:|1699988562\n|move|p1a: Silly flower|Dazzling Gleam|p2a: formula star\n|-damage|p2a: formula star|89\/100 slp\n|cant|p2a: formula star|slp\n|\n|-weather|PrimordialSea|[upkeep]\n|upkeep\n|turn|10\n|\n|t:|1699988570\n|move|p1a: Silly flower|Mortal Spin|p2a: formula star\n|-damage|p2a: formula star|87\/100 slp\n|-curestatus|p2a: formula star|slp|[msg]\n|move|p2a: formula star|Defense Curl|p2a: formula star\n|-boost|p2a: formula star|def|1\n|\n|-weather|PrimordialSea|[upkeep]\n|upkeep\n|turn|11\n|\n|t:|1699988579\n|move|p1a: Silly flower|Mortal Spin|p2a: formula star\n|-damage|p2a: formula star|85\/100\n|-status|p2a: formula star|psn\n|move|p2a: formula star|Defense Curl|p2a: formula star\n|-boost|p2a: formula star|def|1\n|\n|-weather|PrimordialSea|[upkeep]\n|-damage|p2a: formula star|73\/100 psn|[from] psn\n|upkeep\n|turn|12\n|\n|t:|1699988600\n|move|p1a: Silly flower|Flash Cannon|p2a: formula star\n|-resisted|p2a: formula star\n|-damage|p2a: formula star|66\/100 psn\n|move|p2a: formula star|Scald|p1a: Silly flower\n|-supereffective|p1a: Silly flower\n|-enditem|p1a: Silly flower|Focus Sash\n|-damage|p1a: Silly flower|1\/100\n|\n|-weather|PrimordialSea|[upkeep]\n|-damage|p2a: formula star|54\/100 psn|[from] psn\n|upkeep\n|turn|13\n|\n|t:|1699988617\n|move|p1a: Silly flower|Dazzling Gleam|p2a: formula star\n|-damage|p2a: formula star|43\/100 psn\n|move|p2a: formula star|Rest|p2a: formula star\n|-status|p2a: formula star|slp|[from] move: Rest\n|-heal|p2a: formula star|100\/100 slp|[silent]\n|\n|-weather|PrimordialSea|[upkeep]\n|upkeep\n|turn|14\n|\n|t:|1699988628\n|switch|p1a: Excalibur|Aegislash, M, shiny|100\/100\n|cant|p2a: formula star|slp\n|\n|-weather|PrimordialSea|[upkeep]\n|upkeep\n|turn|15\n|\n|t:|1699988634\n|cant|p2a: formula star|slp\n|move|p1a: Excalibur|Swords Dance|p1a: Excalibur\n|-boost|p1a: Excalibur|atk|2\n|\n|-weather|PrimordialSea|[upkeep]\n|upkeep\n|turn|16\n|\n|t:|1699988640\n|-curestatus|p2a: formula star|slp|[msg]\n|move|p2a: formula star|Scald|p1a: Excalibur\n|-damage|p1a: Excalibur|45\/100\n|move|p1a: Excalibur|Swords Dance|p1a: Excalibur\n|-boost|p1a: Excalibur|atk|2\n|\n|-weather|PrimordialSea|[upkeep]\n|-heal|p1a: Excalibur|51\/100|[from] item: Leftovers\n|upkeep\n|turn|17\n|\n|t:|1699988650\n|move|p1a: Excalibur|King's Shield|p1a: Excalibur\n|-singleturn|p1a: Excalibur|Protect\n|move|p2a: formula star|Scald|p1a: Excalibur\n|-activate|p1a: Excalibur|move: Protect\n|\n|-weather|PrimordialSea|[upkeep]\n|-heal|p1a: Excalibur|57\/100|[from] item: Leftovers\n|upkeep\n|turn|18\n|\n|t:|1699988663\n|move|p2a: formula star|Scald|p1a: Excalibur\n|-damage|p1a: Excalibur|0 fnt\n|faint|p1a: Excalibur\n|\n|-weather|PrimordialSea|[upkeep]\n|upkeep\n|c|\u2606flatzissmurfed \u269d\u5f61|mb\n|-message|Gible.Fights forfeited.\n|\n|win|flatzissmurfed \u269d\u5f61\n|raw|Gible.Fights's rating: 1156 &rarr; <strong>1137<\/strong><br \/>(-19 for losing)\n|raw|flatzissmurfed \u269d\u5f61's rating: 1237 &rarr; <strong>1256<\/strong><br \/>(+19 for winning)\n|l|\u2606Gible.Fights\n","uploadtime":1699988675,"views":8,"p1id":"giblefights","p2id":"flatzissmurfed","formatid":"gen9nationaldexubers","rating":1137,"private":0,"password":""}