{"id":"gen9nationaldexubers-1986061040","p1":"BurritoSave","p2":"1 em trach thu","format":"[Gen 9] National Dex Ubers","log":"|j|\u2606BurritoSave\n|j|\u26061 em trach thu\n|t:|1699445453\n|gametype|singles\n|player|p1|BurritoSave|265|1496\n|player|p2|1 em trach thu|1|1542\n|teamsize|p1|6\n|teamsize|p2|6\n|gen|9\n|tier|[Gen 9] National Dex Ubers\n|rated|\n|rule|HP Percentage Mod: HP is shown in percentages\n|rule|Endless Battle Clause: Forcing endless battles is banned\n|rule|OHKO Clause: OHKO moves are banned\n|rule|Evasion Moves Clause: Evasion moves are banned\n|rule|Evasion Items Clause: Evasion items are banned\n|rule|Species Clause: Limit one of each Pok\u00e9mon\n|rule|Sleep Clause Mod: Limit one foe put to sleep\n|rule|Mega Rayquaza Clause: You cannot mega evolve Rayquaza\n|clearpoke\n|poke|p1|Mew|\n|poke|p1|Ditto|\n|poke|p1|Kyurem-Black|\n|poke|p1|Klefki, M|\n|poke|p1|Orthworm, F|\n|poke|p1|Mewtwo|\n|poke|p2|Kyogre|\n|poke|p2|Groudon|\n|poke|p2|Zacian-*|\n|poke|p2|Arceus|\n|poke|p2|Rayquaza|\n|poke|p2|Banette, M|\n|teampreview\n|inactive|Battle timer is ON: inactive players will automatically lose when time's up. (requested by 1 em trach thu)\n|\n|t:|1699445474\n|start\n|switch|p1a: Klefki|Klefki, M|100\/100\n|switch|p2a: Zacian|Zacian-Crowned|100\/100\n|-ability|p2a: Zacian|Intrepid Sword|boost\n|-boost|p2a: Zacian|atk|1\n|turn|1\n|\n|t:|1699445497\n|-terastallize|p2a: Zacian|Ground\n|move|p1a: Klefki|Switcheroo||[still]\n|-fail|p1a: Klefki\n|move|p2a: Zacian|Tera Blast|p1a: Klefki|[anim] Tera Blast Ground\n|-supereffective|p1a: Klefki\n|-damage|p1a: Klefki|0 fnt\n|faint|p1a: Klefki\n|\n|upkeep\n|\n|t:|1699445504\n|switch|p1a: Ditto|Ditto|100\/100\n|-transform|p1a: Ditto|p2a: Zacian|[from] ability: Imposter\n|-ability|p1a: Ditto|Intrepid Sword|boost\n|-boost|p1a: Ditto|atk|1\n|-start|p1a: Ditto|typechange|Fairy\/Steel|[silent]\n|turn|2\n|\n|t:|1699445511\n|move|p1a: Ditto|Play Rough|p2a: Zacian\n|-damage|p2a: Zacian|0 fnt\n|faint|p2a: Zacian\n|\n|upkeep\n|\n|t:|1699445517\n|switch|p2a: Groudon|Groudon|100\/100\n|detailschange|p2a: Groudon|Groudon-Primal\n|-primal|p2a: Groudon|Red Orb\n|-weather|DesolateLand|[from] ability: Desolate Land|[of] p2a: Groudon\n|turn|3\n|\n|t:|1699445536\n|-weather|none\n|switch|p2a: Kyogre|Kyogre|100\/100\n|detailschange|p2a: Kyogre|Kyogre-Primal\n|-primal|p2a: Kyogre|Blue Orb\n|-weather|PrimordialSea|[from] ability: Primordial Sea|[of] p2a: Kyogre\n|-terastallize|p1a: Ditto|Normal\n|move|p1a: Ditto|Play Rough|p2a: Kyogre\n|-damage|p2a: Kyogre|0 fnt\n|faint|p2a: Kyogre\n|-weather|none\n|\n|upkeep\n|inactive|1 em trach thu has 120 seconds left.\n|\n|t:|1699445557\n|switch|p2a: Groudon|Groudon-Primal|100\/100\n|-weather|DesolateLand|[from] ability: Desolate Land|[of] p2a: Groudon\n|turn|4\n|\n|t:|1699445563\n|move|p1a: Ditto|Play Rough|p2a: Groudon\n|-resisted|p2a: Groudon\n|-damage|p2a: Groudon|72\/100\n|move|p2a: Groudon|Earth Power|p1a: Ditto\n|-damage|p1a: Ditto|39\/100\n|\n|-weather|DesolateLand|[upkeep]\n|upkeep\n|turn|5\n|inactive|1 em trach thu has 120 seconds left.\n|\n|t:|1699445580\n|switch|p1a: Orthworm|Orthworm, F|100\/100\n|-weather|none\n|switch|p2a: Banette|Banette, M|100\/100\n|-item|p1a: Orthworm|Sitrus Berry|[from] ability: Frisk|[of] p2a: Banette|[identify]\n|\n|upkeep\n|turn|6\n|\n|t:|1699445588\n|detailschange|p2a: Banette|Banette-Mega, M\n|-mega|p2a: Banette|Banette|Banettite\n|move|p2a: Banette|Taunt|p1a: Orthworm\n|-start|p1a: Orthworm|move: Taunt\n|cant|p1a: Orthworm|move: Taunt|Shed Tail\n|\n|upkeep\n|turn|7\n|\n|t:|1699445596\n|move|p2a: Banette|Knock Off|p1a: Orthworm\n|-crit|p1a: Orthworm\n|-damage|p1a: Orthworm|59\/100\n|-enditem|p1a: Orthworm|Sitrus Berry|[from] move: Knock Off|[of] p2a: Banette\n|move|p1a: Orthworm|Iron Head|p2a: Banette\n|-damage|p2a: Banette|62\/100\n|\n|upkeep\n|turn|8\n|\n|t:|1699445604\n|switch|p1a: Kyurem|Kyurem-Black|100\/100\n|-ability|p1a: Kyurem|Teravolt\n|move|p2a: Banette|Knock Off|p1a: Kyurem\n|-damage|p1a: Kyurem|63\/100\n|-enditem|p1a: Kyurem|Loaded Dice|[from] move: Knock Off|[of] p2a: Banette\n|\n|upkeep\n|turn|9\n|\n|t:|1699445624\n|move|p2a: Banette|Destiny Bond|p2a: Banette\n|-singlemove|p2a: Banette|Destiny Bond\n|move|p1a: Kyurem|Scale Shot|p2a: Banette|[miss]\n|-miss|p1a: Kyurem|p2a: Banette\n|\n|upkeep\n|turn|10\n|\n|t:|1699445634\n|move|p1a: Kyurem|Icicle Spear|p2a: Banette\n|-damage|p2a: Banette|35\/100\n|-damage|p2a: Banette|4\/100\n|-hitcount|p2a: Banette|2\n|move|p2a: Banette|Knock Off|p1a: Kyurem\n|-damage|p1a: Kyurem|38\/100\n|\n|upkeep\n|turn|11\n|\n|t:|1699445643\n|switch|p1a: Orthworm|Orthworm, F|59\/100\n|move|p2a: Banette|Destiny Bond|p2a: Banette\n|-singlemove|p2a: Banette|Destiny Bond\n|\n|upkeep\n|turn|12\n|\n|t:|1699445656\n|move|p2a: Banette|Knock Off|p1a: Orthworm\n|-damage|p1a: Orthworm|42\/100\n|move|p1a: Orthworm|Shed Tail|p1a: Orthworm\n|-fail|p1a: Orthworm|move: Shed Tail|[weak]\n|\n|upkeep\n|turn|13\n|\n|t:|1699445663\n|switch|p2a: Groudon|Groudon-Primal|72\/100\n|-weather|DesolateLand|[from] ability: Desolate Land|[of] p2a: Groudon\n|move|p1a: Orthworm|Stealth Rock|p2a: Groudon\n|-sidestart|p2: 1 em trach thu|move: Stealth Rock\n|\n|-weather|DesolateLand|[upkeep]\n|upkeep\n|turn|14\n|\n|t:|1699445679\n|move|p2a: Groudon|Ancient Power|p1a: Orthworm\n|-resisted|p1a: Orthworm\n|-damage|p1a: Orthworm|26\/100\n|move|p1a: Orthworm|Body Press|p2a: Groudon\n|-damage|p2a: Groudon|54\/100\n|\n|-weather|DesolateLand|[upkeep]\n|upkeep\n|turn|15\n|\n|t:|1699445689\n|move|p2a: Groudon|Solar Beam||[still]\n|-prepare|p2a: Groudon|Solar Beam\n|-anim|p2a: Groudon|Solar Beam|p1a: Orthworm\n|-resisted|p1a: Orthworm\n|-damage|p1a: Orthworm|0 fnt\n|faint|p1a: Orthworm\n|\n|-weather|DesolateLand|[upkeep]\n|upkeep\n|\n|t:|1699445694\n|switch|p1a: Ditto|Ditto, tera:Normal|39\/100\n|-transform|p1a: Ditto|p2a: Groudon|[from] ability: Imposter\n|turn|16\n|\n|t:|1699445713\n|move|p1a: Ditto|Solar Beam||[still]\n|-prepare|p1a: Ditto|Solar Beam\n|-anim|p1a: Ditto|Solar Beam|p2a: Groudon\n|-damage|p2a: Groudon|0 fnt\n|faint|p2a: Groudon\n|\n|-weather|DesolateLand|[upkeep]\n|upkeep\n|\n|t:|1699445720\n|switch|p2a: Rayquaza|Rayquaza|100\/100\n|-damage|p2a: Rayquaza|76\/100|[from] Stealth Rock\n|-ability|p2a: Rayquaza|Air Lock\n|turn|17\n|\n|t:|1699445729\n|-weather|none\n|switch|p1a: Kyurem|Kyurem-Black|38\/100\n|-ability|p1a: Kyurem|Teravolt\n|move|p2a: Rayquaza|Surf|p1a: Kyurem\n|-resisted|p1a: Kyurem\n|-damage|p1a: Kyurem|23\/100\n|\n|upkeep\n|turn|18\n|\n|t:|1699445738\n|move|p2a: Rayquaza|Extreme Speed|p1a: Kyurem\n|-damage|p1a: Kyurem|0 fnt\n|faint|p1a: Kyurem\n|\n|upkeep\n|\n|t:|1699445744\n|switch|p1a: Mew|Mew|100\/100\n|turn|19\n|\n|t:|1699445764\n|move|p2a: Rayquaza|Draco Meteor|p1a: Mew\n|-damage|p1a: Mew|54\/100\n|-unboost|p2a: Rayquaza|spa|2\n|move|p1a: Mew|Imprison|p1a: Mew\n|-start|p1a: Mew|move: Imprison\n|\n|upkeep\n|turn|20\n|\n|t:|1699445772\n|move|p2a: Rayquaza|V-create|p1a: Mew\n|-damage|p1a: Mew|8\/100\n|-unboost|p2a: Rayquaza|spe|1\n|-unboost|p2a: Rayquaza|def|1\n|-unboost|p2a: Rayquaza|spd|1\n|move|p1a: Mew|Roost|p1a: Mew\n|-heal|p1a: Mew|58\/100\n|-singleturn|p1a: Mew|move: Roost\n|\n|upkeep\n|turn|21\n|\n|t:|1699445783\n|move|p1a: Mew|Roost|p1a: Mew\n|-heal|p1a: Mew|100\/100\n|-singleturn|p1a: Mew|move: Roost\n|move|p2a: Rayquaza|V-create|p1a: Mew\n|-damage|p1a: Mew|57\/100\n|-unboost|p2a: Rayquaza|spe|1\n|-unboost|p2a: Rayquaza|def|1\n|-unboost|p2a: Rayquaza|spd|1\n|\n|upkeep\n|turn|22\n|\n|t:|1699445792\n|move|p1a: Mew|Roost|p1a: Mew\n|-heal|p1a: Mew|100\/100\n|-singleturn|p1a: Mew|move: Roost\n|move|p2a: Rayquaza|V-create|p1a: Mew\n|-damage|p1a: Mew|57\/100\n|-unboost|p2a: Rayquaza|spe|1\n|-unboost|p2a: Rayquaza|def|1\n|-unboost|p2a: Rayquaza|spd|1\n|\n|upkeep\n|turn|23\n|\n|t:|1699445803\n|move|p1a: Mew|Roost|p1a: Mew\n|-heal|p1a: Mew|100\/100\n|-singleturn|p1a: Mew|move: Roost\n|move|p2a: Rayquaza|V-create|p1a: Mew\n|-damage|p1a: Mew|53\/100\n|-unboost|p2a: Rayquaza|spe|1\n|-unboost|p2a: Rayquaza|def|1\n|-unboost|p2a: Rayquaza|spd|1\n|\n|upkeep\n|turn|24\n|\n|t:|1699445811\n|move|p1a: Mew|Transform|p2a: Rayquaza\n|-transform|p1a: Mew|p2a: Rayquaza\n|cant|p2a: Rayquaza|move: Imprison|V-create\n|\n|upkeep\n|turn|25\n|\n|t:|1699445819\n|move|p1a: Mew|Draco Meteor|p2a: Rayquaza\n|-supereffective|p2a: Rayquaza\n|-damage|p2a: Rayquaza|0 fnt\n|-unboost|p1a: Mew|spa|2\n|faint|p2a: Rayquaza\n|\n|upkeep\n|\n|t:|1699445826\n|switch|p2a: Arceus|Arceus|100\/100\n|-damage|p2a: Arceus|88\/100|[from] Stealth Rock\n|turn|26\n|\n|t:|1699445840\n|switch|p1a: Mewtwo|Mewtwo|100\/100\n|-ability|p1a: Mewtwo|Unnerve\n|move|p2a: Arceus|Toxic|p1a: Mewtwo\n|-status|p1a: Mewtwo|tox\n|\n|-heal|p2a: Arceus|94\/100|[from] item: Leftovers\n|-damage|p1a: Mewtwo|94\/100 tox|[from] psn\n|upkeep\n|turn|27\n|\n|t:|1699445856\n|detailschange|p1a: Mewtwo|Mewtwo-Mega-Y\n|-mega|p1a: Mewtwo|Mewtwo|Mewtwonite Y\n|move|p2a: Arceus|Extreme Speed|p1a: Mewtwo\n|-damage|p1a: Mewtwo|58\/100 tox\n|move|p1a: Mewtwo|Aura Sphere|p2a: Arceus\n|-supereffective|p2a: Arceus\n|-damage|p2a: Arceus|40\/100\n|\n|-heal|p2a: Arceus|46\/100|[from] item: Leftovers\n|-damage|p1a: Mewtwo|45\/100 tox|[from] psn\n|upkeep\n|turn|28\n|\n|t:|1699445868\n|switch|p2a: Banette|Banette-Mega, M|4\/100\n|-damage|p2a: Banette|0 fnt|[from] Stealth Rock\n|faint|p2a: Banette\n|move|p1a: Mewtwo|Psystrike|p2: Banette|[notarget]\n|-fail|p1a: Mewtwo\n|\n|-damage|p1a: Mewtwo|27\/100 tox|[from] psn\n|upkeep\n|\n|t:|1699445877\n|switch|p2a: Arceus|Arceus|46\/100\n|-damage|p2a: Arceus|33\/100|[from] Stealth Rock\n|turn|29\n|\n|t:|1699445883\n|move|p2a: Arceus|Extreme Speed|p1a: Mewtwo\n|-damage|p1a: Mewtwo|0 fnt\n|faint|p1a: Mewtwo\n|\n|-heal|p2a: Arceus|39\/100|[from] item: Leftovers\n|upkeep\n|\n|t:|1699445885\n|switch|p1a: Mew|Mew|53\/100\n|turn|30\n|\n|t:|1699445893\n|move|p2a: Arceus|Toxic|p1a: Mew\n|-status|p1a: Mew|tox\n|-activate|p1a: Mew|ability: Synchronize\n|-status|p2a: Arceus|tox\n|-zpower|p1a: Mew\n|move|p1a: Mew|Z-Transform|p2a: Arceus|[anim]Transform\n|-heal|p1a: Mew|100\/100 tox|[zeffect]\n|-transform|p1a: Mew|p2a: Arceus\n|\n|-heal|p2a: Arceus|45\/100 tox|[from] item: Leftovers\n|-damage|p1a: Mew|94\/100 tox|[from] psn\n|-damage|p2a: Arceus|39\/100 tox|[from] psn\n|upkeep\n|turn|31\n|\n|t:|1699445909\n|move|p1a: Mew|Extreme Speed|p2a: Arceus\n|-damage|p2a: Arceus|19\/100 tox\n|move|p2a: Arceus|Extreme Speed|p1a: Mew\n|-damage|p1a: Mew|76\/100 tox\n|\n|-heal|p2a: Arceus|25\/100 tox|[from] item: Leftovers\n|-damage|p1a: Mew|64\/100 tox|[from] psn\n|-damage|p2a: Arceus|13\/100 tox|[from] psn\n|upkeep\n|turn|32\n|\n|t:|1699445920\n|move|p2a: Arceus|Extreme Speed|p1a: Mew\n|-damage|p1a: Mew|45\/100 tox\n|move|p1a: Mew|Defog|p2a: Arceus\n|-unboost|p2a: Arceus|evasion|1\n|-sideend|p2: 1 em trach thu|Stealth Rock|[from] move: Defog|[of] p1a: Mew\n|\n|-heal|p2a: Arceus|19\/100 tox|[from] item: Leftovers\n|-damage|p1a: Mew|27\/100 tox|[from] psn\n|-damage|p2a: Arceus|0 fnt|[from] psn\n|faint|p2a: Arceus\n|\n|win|BurritoSave\n|upkeep\n|raw|BurritoSave's rating: 1496 &rarr; <strong>1519<\/strong><br \/>(+23 for winning)\n|raw|1 em trach thu's rating: 1542 &rarr; <strong>1519<\/strong><br \/>(-23 for losing)\n|l|\u2606BurritoSave\n|l|\u26061 em trach thu\n","uploadtime":1699445926,"views":5,"p1id":"burritosave","p2id":"1emtrachthu","formatid":"gen9nationaldexubers","rating":1519,"private":0,"password":""}