{"id":"gen9nationaldexubers-1979140054","p1":"Kanye Buggin","p2":"fredbead1987","format":"[Gen 9] National Dex Ubers","log":"|j|\u2606Kanye Buggin\n|j|\u2606fredbead1987\n|t:|1698637785\n|gametype|singles\n|player|p1|Kanye Buggin|koga|1052\n|player|p2|fredbead1987|li|1128\n|teamsize|p1|6\n|teamsize|p2|6\n|gen|9\n|tier|[Gen 9] National Dex Ubers\n|rated|\n|rule|HP Percentage Mod: HP is shown in percentages\n|rule|Endless Battle Clause: Forcing endless battles is banned\n|rule|OHKO Clause: OHKO moves are banned\n|rule|Evasion Moves Clause: Evasion moves are banned\n|rule|Evasion Items Clause: Evasion items are banned\n|rule|Species Clause: Limit one of each Pok\u00e9mon\n|rule|Sleep Clause Mod: Limit one foe put to sleep\n|rule|Mega Rayquaza Clause: You cannot mega evolve Rayquaza\n|clearpoke\n|poke|p1|Keldeo-Resolute|\n|poke|p1|Minior-Yellow|\n|poke|p1|Diancie|\n|poke|p1|Darmanitan-Galar, M|\n|poke|p1|Suicune|\n|poke|p1|Celesteela|\n|poke|p2|Calyrex-Ice|\n|poke|p2|Zacian-*|\n|poke|p2|Ogerpon-Hearthflame, F|\n|poke|p2|Ambipom, M|\n|poke|p2|Meowscarada, F|\n|poke|p2|Dragapult, M|\n|teampreview\n|c|\u2606fredbead1987|Nice team :)\n|\n|t:|1698637799\n|start\n|switch|p1a: Celesteela|Celesteela|100\/100\n|switch|p2a: Ambipom|Ambipom, M, shiny|100\/100\n|turn|1\n|\n|t:|1698637806\n|move|p2a: Ambipom|Fake Out|p1a: Celesteela\n|-resisted|p1a: Celesteela\n|-damage|p1a: Celesteela|88\/100\n|cant|p1a: Celesteela|flinch\n|\n|upkeep\n|turn|2\n|\n|t:|1698637812\n|move|p2a: Ambipom|Double Hit|p1a: Celesteela\n|-resisted|p1a: Celesteela\n|-damage|p1a: Celesteela|79\/100\n|-resisted|p1a: Celesteela\n|-damage|p1a: Celesteela|71\/100\n|-hitcount|p1a: Celesteela|2\n|move|p1a: Celesteela|Autotomize|p1a: Celesteela\n|-boost|p1a: Celesteela|spe|2\n|-start|p1a: Celesteela|Autotomize\n|\n|upkeep\n|turn|3\n|\n|t:|1698637825\n|move|p2a: Ambipom|Knock Off|p1a: Celesteela\n|-damage|p1a: Celesteela|45\/100\n|-enditem|p1a: Celesteela|Weakness Policy|[from] move: Knock Off|[of] p2a: Ambipom\n|move|p1a: Celesteela|Air Slash|p2a: Ambipom\n|-damage|p2a: Ambipom|43\/100\n|\n|-heal|p2a: Ambipom|49\/100|[from] item: Leftovers\n|upkeep\n|turn|4\n|\n|t:|1698637834\n|move|p2a: Ambipom|Double Hit|p1a: Celesteela\n|-resisted|p1a: Celesteela\n|-damage|p1a: Celesteela|35\/100\n|-resisted|p1a: Celesteela\n|-damage|p1a: Celesteela|25\/100\n|-hitcount|p1a: Celesteela|2\n|move|p1a: Celesteela|Air Slash|p2a: Ambipom\n|-damage|p2a: Ambipom|0 fnt\n|faint|p2a: Ambipom\n|-ability|p1a: Celesteela|Beast Boost|boost\n|-boost|p1a: Celesteela|spa|1\n|\n|upkeep\n|\n|t:|1698637852\n|switch|p2a: Zacian|Zacian-Crowned, shiny|100\/100\n|-ability|p2a: Zacian|Intrepid Sword|boost\n|-boost|p2a: Zacian|atk|1\n|turn|5\n|\n|t:|1698637856\n|move|p2a: Zacian|Close Combat|p1a: Celesteela\n|-damage|p1a: Celesteela|0 fnt\n|-unboost|p2a: Zacian|def|1\n|-unboost|p2a: Zacian|spd|1\n|faint|p1a: Celesteela\n|\n|upkeep\n|\n|t:|1698637869\n|switch|p1a: Darmanitan|Darmanitan-Galar, M|100\/100\n|turn|6\n|\n|t:|1698637874\n|move|p1a: Darmanitan|Flare Blitz|p2a: Zacian\n|-supereffective|p2a: Zacian\n|-damage|p2a: Zacian|0 fnt\n|faint|p2a: Zacian\n|-damage|p1a: Darmanitan|70\/100|[from] Recoil\n|\n|upkeep\n|\n|t:|1698637881\n|switch|p2a: Dragapult|Dragapult, M, shiny|100\/100\n|turn|7\n|\n|t:|1698637886\n|switch|p1a: Diancie|Diancie|100\/100\n|move|p2a: Dragapult|Thunder|p1a: Diancie\n|-damage|p1a: Diancie|78\/100\n|-status|p1a: Diancie|par\n|\n|upkeep\n|turn|8\n|\n|t:|1698637894\n|detailschange|p1a: Diancie|Diancie-Mega\n|-mega|p1a: Diancie|Diancie|Diancite\n|move|p2a: Dragapult|Thunder|p1a: Diancie\n|-damage|p1a: Diancie|46\/100 par\n|move|p1a: Diancie|Moonblast|p2a: Dragapult\n|-supereffective|p2a: Dragapult\n|-crit|p2a: Dragapult\n|-damage|p2a: Dragapult|0 fnt\n|faint|p2a: Dragapult\n|\n|upkeep\n|\n|t:|1698637905\n|switch|p2a: Meowscarada|Meowscarada, F, shiny|100\/100\n|turn|9\n|\n|t:|1698637910\n|move|p2a: Meowscarada|Flower Trick|p1a: Diancie\n|-start|p2a: Meowscarada|typechange|Grass|[from] ability: Protean\n|-supereffective|p1a: Diancie\n|-crit|p1a: Diancie\n|-damage|p1a: Diancie|0 fnt\n|faint|p1a: Diancie\n|\n|upkeep\n|\n|t:|1698637916\n|switch|p1a: Minior|Minior-Yellow|100\/100\n|-formechange|p1a: Minior|Minior-Meteor||[from] ability: Shields Down\n|turn|10\n|\n|t:|1698637924\n|move|p2a: Meowscarada|Flower Trick|p1a: Minior\n|-crit|p1a: Minior\n|-damage|p1a: Minior|27\/100\n|move|p1a: Minior|Shell Smash|p1a: Minior\n|-unboost|p1a: Minior|def|1\n|-unboost|p1a: Minior|spd|1\n|-boost|p1a: Minior|atk|2\n|-boost|p1a: Minior|spa|2\n|-boost|p1a: Minior|spe|2\n|-enditem|p1a: Minior|White Herb\n|-clearnegativeboost|p1a: Minior|[silent]\n|\n|-formechange|p1a: Minior|Minior-Yellow||[from] ability: Shields Down\n|upkeep\n|turn|11\n|\n|t:|1698637937\n|move|p1a: Minior|Acrobatics|p2a: Meowscarada\n|-supereffective|p2a: Meowscarada\n|-enditem|p2a: Meowscarada|Focus Sash\n|-damage|p2a: Meowscarada|1\/100\n|move|p2a: Meowscarada|Flower Trick|p1a: Minior\n|-crit|p1a: Minior\n|-damage|p1a: Minior|0 fnt\n|faint|p1a: Minior\n|\n|upkeep\n|\n|t:|1698637941\n|switch|p1a: Darmanitan|Darmanitan-Galar, M|70\/100\n|turn|12\n|\n|t:|1698637950\n|move|p2a: Meowscarada|Sucker Punch|p1a: Darmanitan\n|-damage|p1a: Darmanitan|36\/100\n|move|p1a: Darmanitan|U-turn|p2a: Meowscarada\n|-supereffective|p2a: Meowscarada\n|-damage|p2a: Meowscarada|0 fnt\n|faint|p2a: Meowscarada\n|\n|t:|1698637956\n|switch|p1a: Keldeo|Keldeo-Resolute|100\/100|[from] U-turn\n|\n|upkeep\n|\n|t:|1698637965\n|switch|p2a: Calyrex|Calyrex-Ice|100\/100\n|-ability|p2a: Calyrex|As One\n|-ability|p2a: Calyrex|Unnerve\n|turn|13\n|\n|t:|1698637974\n|move|p1a: Keldeo|Substitute|p1a: Keldeo\n|-start|p1a: Keldeo|Substitute\n|-damage|p1a: Keldeo|76\/100\n|move|p2a: Calyrex|Glacial Lance|p1a: Keldeo\n|-resisted|p1a: Keldeo\n|-end|p1a: Keldeo|Substitute\n|\n|-heal|p1a: Keldeo|82\/100|[from] item: Leftovers\n|upkeep\n|turn|14\n|\n|t:|1698637983\n|move|p1a: Keldeo|Secret Sword|p2a: Calyrex\n|-damage|p2a: Calyrex|67\/100\n|move|p2a: Calyrex|Glacial Lance|p1a: Keldeo\n|-resisted|p1a: Keldeo\n|-damage|p1a: Keldeo|41\/100\n|\n|-heal|p1a: Keldeo|48\/100|[from] item: Leftovers\n|upkeep\n|turn|15\n|\n|t:|1698637992\n|move|p1a: Keldeo|Calm Mind|p1a: Keldeo\n|-boost|p1a: Keldeo|spa|1\n|-boost|p1a: Keldeo|spd|1\n|move|p2a: Calyrex|Glacial Lance|p1a: Keldeo\n|-resisted|p1a: Keldeo\n|-damage|p1a: Keldeo|8\/100\n|\n|-heal|p1a: Keldeo|14\/100|[from] item: Leftovers\n|upkeep\n|turn|16\n|\n|t:|1698638001\n|move|p1a: Keldeo|Secret Sword|p2a: Calyrex\n|-damage|p2a: Calyrex|18\/100\n|move|p2a: Calyrex|Glacial Lance|p1a: Keldeo\n|-resisted|p1a: Keldeo\n|-damage|p1a: Keldeo|0 fnt\n|faint|p1a: Keldeo\n|-ability|p2a: Calyrex|Chilling Neigh|boost\n|-boost|p2a: Calyrex|atk|1\n|\n|upkeep\n|\n|t:|1698638005\n|switch|p1a: Darmanitan|Darmanitan-Galar, M|36\/100\n|turn|17\n|\n|t:|1698638014\n|move|p1a: Darmanitan|Flare Blitz|p2a: Calyrex\n|-supereffective|p2a: Calyrex\n|-damage|p2a: Calyrex|0 fnt\n|faint|p2a: Calyrex\n|-damage|p1a: Darmanitan|30\/100|[from] Recoil\n|\n|upkeep\n|\n|t:|1698638021\n|switch|p2a: Ogerpon|Ogerpon-Hearthflame, F|100\/100\n|-ability|p2a: Ogerpon|Mold Breaker\n|turn|18\n|\n|t:|1698638027\n|-terastallize|p1a: Darmanitan|Fire\n|move|p1a: Darmanitan|Flare Blitz|p2a: Ogerpon\n|-crit|p2a: Ogerpon\n|-damage|p2a: Ogerpon|0 fnt\n|faint|p2a: Ogerpon\n|-damage|p1a: Darmanitan|2\/100|[from] Recoil\n|\n|win|Kanye Buggin\n|raw|Kanye Buggin's rating: 1052 &rarr; <strong>1091<\/strong><br \/>(+39 for winning)\n|raw|fredbead1987's rating: 1128 &rarr; <strong>1098<\/strong><br \/>(-30 for losing)\n|l|\u2606fredbead1987\n","uploadtime":1698638045,"views":10,"p1id":"kanyebuggin","p2id":"fredbead1987","formatid":"gen9nationaldexubers","rating":1091,"private":0,"password":""}