{"id":"gen9nationaldexubers-1978928310","p1":"Salfy","p2":"Snapteryx","format":"[Gen 9] National Dex Ubers","log":"|j|\u2606Salfy\n|j|\u2606Snapteryx\n|t:|1698611267\n|gametype|singles\n|player|p1|Salfy|depotagent|\n|player|p2|Snapteryx|allister|\n|teamsize|p1|6\n|teamsize|p2|6\n|gen|9\n|tier|[Gen 9] National Dex Ubers\n|rule|HP Percentage Mod: HP is shown in percentages\n|rule|Endless Battle Clause: Forcing endless battles is banned\n|rule|OHKO Clause: OHKO moves are banned\n|rule|Evasion Moves Clause: Evasion moves are banned\n|rule|Evasion Items Clause: Evasion items are banned\n|rule|Species Clause: Limit one of each Pok\u00e9mon\n|rule|Sleep Clause Mod: Limit one foe put to sleep\n|rule|Mega Rayquaza Clause: You cannot mega evolve Rayquaza\n|clearpoke\n|poke|p1|Darmanitan-Galar, F|\n|poke|p1|Ninetales-Alola, M|\n|poke|p1|Baxcalibur, M|\n|poke|p1|Avalugg, M|\n|poke|p1|Kyurem|\n|poke|p1|Arctozolt|\n|poke|p2|Gliscor, F|\n|poke|p2|Corviknight, F|\n|poke|p2|Mantine, F|\n|poke|p2|Landorus, M|\n|poke|p2|Charizard, M|\n|poke|p2|Zapdos-Galar|\n|teampreview\n|c|\u2606Salfy|glhf\n|c|\u2606Snapteryx|Gl\n|\n|t:|1698611290\n|start\n|switch|p1a: Pools Open|Darmanitan-Galar, F|100\/100\n|switch|p2a: Charizard|Charizard, M|100\/100\n|turn|1\n|\n|t:|1698611296\n|switch|p2a: Snippy Boi|Gliscor, F, shiny|100\/100\n|move|p1a: Pools Open|Icicle Crash|p2a: Snippy Boi\n|-supereffective|p2a: Snippy Boi\n|-damage|p2a: Snippy Boi|0 fnt\n|faint|p2a: Snippy Boi\n|\n|upkeep\n|\n|t:|1698611313\n|switch|p2a: Charizard|Charizard, M|100\/100\n|turn|2\n|\n|t:|1698611332\n|detailschange|p2a: Charizard|Charizard-Mega-Y, M\n|-mega|p2a: Charizard|Charizard|Charizardite Y\n|-weather|SunnyDay|[from] ability: Drought|[of] p2a: Charizard\n|move|p1a: Pools Open|Icicle Crash|p2a: Charizard|[miss]\n|-miss|p1a: Pools Open|p2a: Charizard\n|move|p2a: Charizard|Flamethrower|p1a: Pools Open\n|-supereffective|p1a: Pools Open\n|-crit|p1a: Pools Open\n|-damage|p1a: Pools Open|0 fnt\n|faint|p1a: Pools Open\n|\n|-weather|SunnyDay|[upkeep]\n|upkeep\n|c|\u2606Snapteryx|I was gonna bank on the 50\/50 range\n|\n|t:|1698611345\n|switch|p1a: Cold Dog|Ninetales-Alola, M|100\/100\n|-weather|Snow|[from] ability: Snow Warning|[of] p1a: Cold Dog\n|turn|3\n|c|\u2606Snapteryx|Was not expecting a miss\n|\n|t:|1698611354\n|switch|p2a: Delta Airlines|Corviknight, F, shiny|100\/100\n|-ability|p2a: Delta Airlines|Pressure\n|move|p1a: Cold Dog|Aurora Veil|p1a: Cold Dog\n|-sidestart|p1: Salfy|move: Aurora Veil\n|\n|-weather|Snow|[upkeep]\n|upkeep\n|turn|4\n|\n|t:|1698611392\n|switch|p1a: Bubbles|Arctozolt|100\/100\n|move|p2a: Delta Airlines|U-turn|p1a: Bubbles\n|-damage|p1a: Bubbles|94\/100\n|\n|t:|1698611406\n|switch|p2a: Charizard|Charizard-Mega-Y, M|100\/100|[from] U-turn\n|-weather|SunnyDay|[from] ability: Drought|[of] p2a: Charizard\n|\n|-weather|SunnyDay|[upkeep]\n|upkeep\n|turn|5\n|\n|t:|1698611422\n|switch|p2a: L*ndorus|Landorus, M|100\/100\n|move|p1a: Bubbles|Thunder Wave|p2a: L*ndorus\n|-immune|p2a: L*ndorus\n|\n|-weather|SunnyDay|[upkeep]\n|upkeep\n|turn|6\n|\n|t:|1698611473\n|move|p2a: L*ndorus|Earth Power|p1a: Bubbles\n|-supereffective|p1a: Bubbles\n|-damage|p1a: Bubbles|0 fnt\n|faint|p1a: Bubbles\n|\n|-weather|SunnyDay|[upkeep]\n|upkeep\n|\n|t:|1698611477\n|switch|p1a: Chilla|Baxcalibur, M|100\/100\n|turn|7\n|\n|t:|1698611484\n|move|p2a: L*ndorus|Focus Blast|p1a: Chilla\n|-supereffective|p1a: Chilla\n|-damage|p1a: Chilla|31\/100\n|move|p1a: Chilla|Dragon Dance|p1a: Chilla\n|-boost|p1a: Chilla|atk|1\n|-boost|p1a: Chilla|spe|1\n|\n|-weather|SunnyDay|[upkeep]\n|upkeep\n|turn|8\n|\n|t:|1698611508\n|move|p1a: Chilla|Icicle Spear|p2a: L*ndorus\n|-supereffective|p2a: L*ndorus\n|-damage|p2a: L*ndorus|0 fnt\n|faint|p2a: L*ndorus\n|-hitcount|p2: L*ndorus|1\n|\n|-weather|none\n|upkeep\n|c|\u2606Salfy|I'm still tera steel bax\n|\n|t:|1698611512\n|switch|p2a: Alula|Mantine, F, shiny|100\/100\n|turn|9\n|\n|t:|1698611523\n|move|p1a: Chilla|Glaive Rush|p2a: Alula\n|-damage|p2a: Alula|0 fnt\n|-singlemove|p1a: Chilla|Glaive Rush|[silent]\n|faint|p2a: Alula\n|\n|upkeep\n|\n|t:|1698611528\n|switch|p2a: Delta Airlines|Corviknight, F, shiny|100\/100\n|-ability|p2a: Delta Airlines|Pressure\n|turn|10\n|\n|t:|1698611543\n|-terastallize|p1a: Chilla|Steel\n|move|p1a: Chilla|Dragon Dance|p1a: Chilla\n|-boost|p1a: Chilla|atk|1\n|-boost|p1a: Chilla|spe|1\n|move|p2a: Delta Airlines|Brave Bird|p1a: Chilla\n|-resisted|p1a: Chilla\n|-damage|p1a: Chilla|23\/100\n|-damage|p2a: Delta Airlines|98\/100|[from] Recoil\n|\n|-heal|p2a: Delta Airlines|100\/100|[from] item: Leftovers\n|-sideend|p1: Salfy|move: Aurora Veil\n|upkeep\n|turn|11\n|\n|t:|1698611555\n|-terastallize|p2a: Delta Airlines|Steel\n|move|p1a: Chilla|Icicle Spear|p2a: Delta Airlines\n|-resisted|p2a: Delta Airlines\n|-damage|p2a: Delta Airlines|90\/100\n|-resisted|p2a: Delta Airlines\n|-damage|p2a: Delta Airlines|79\/100\n|-resisted|p2a: Delta Airlines\n|-damage|p2a: Delta Airlines|68\/100\n|-resisted|p2a: Delta Airlines\n|-damage|p2a: Delta Airlines|58\/100\n|-resisted|p2a: Delta Airlines\n|-crit|p2a: Delta Airlines\n|-damage|p2a: Delta Airlines|41\/100\n|-hitcount|p2a: Delta Airlines|5\n|move|p2a: Delta Airlines|Brave Bird|p1a: Chilla\n|-resisted|p1a: Chilla\n|-damage|p1a: Chilla|3\/100\n|-damage|p2a: Delta Airlines|35\/100|[from] Recoil\n|\n|-heal|p2a: Delta Airlines|41\/100|[from] item: Leftovers\n|upkeep\n|turn|12\n|c|\u2606Snapteryx|Rip lmao\n|\n|t:|1698611600\n|move|p1a: Chilla|Icicle Spear|p2a: Delta Airlines\n|-resisted|p2a: Delta Airlines\n|-damage|p2a: Delta Airlines|31\/100\n|-resisted|p2a: Delta Airlines\n|-damage|p2a: Delta Airlines|20\/100\n|-resisted|p2a: Delta Airlines\n|-damage|p2a: Delta Airlines|9\/100\n|-resisted|p2a: Delta Airlines\n|-damage|p2a: Delta Airlines|0 fnt\n|faint|p2a: Delta Airlines\n|-hitcount|p2: Delta Airlines|4\n|\n|upkeep\n|c|\u2606Salfy|gameing\n|\n|t:|1698611608\n|switch|p2a: Charizard|Charizard-Mega-Y, M|100\/100\n|-weather|SunnyDay|[from] ability: Drought|[of] p2a: Charizard\n|turn|13\n|c|\u2606Snapteryx|Gg\n|\n|t:|1698611629\n|move|p1a: Chilla|Icicle Spear|p2a: Charizard\n|-damage|p2a: Charizard|60\/100\n|-damage|p2a: Charizard|17\/100\n|-damage|p2a: Charizard|0 fnt\n|faint|p2a: Charizard\n|-hitcount|p2: Charizard|3\n|\n|-weather|SunnyDay|[upkeep]\n|upkeep\n|c|\u2606Salfy|gg wp\n|\n|t:|1698611633\n|switch|p2a: Calamus|Zapdos-Galar|100\/100\n|turn|14\n|\n|t:|1698611635\n|move|p1a: Chilla|Glaive Rush|p2a: Calamus\n|-damage|p2a: Calamus|0 fnt\n|-singlemove|p1a: Chilla|Glaive Rush|[silent]\n|faint|p2a: Calamus\n|\n|win|Salfy\n","uploadtime":1698611638,"views":13,"p1id":"salfy","p2id":"snapteryx","formatid":"gen9nationaldexubers","rating":0,"private":0,"password":""}