{"id":"gen9nationaldexubers-1989723852","p1":"JimmyJohto","p2":"SylverOmega","format":"[Gen 9] National Dex Ubers","log":"|j|\u2606JimmyJohto\n|j|\u2606SylverOmega\n|t:|1699890246\n|gametype|singles\n|player|p1|JimmyJohto|170|\n|player|p2|SylverOmega|palmer|\n|teamsize|p1|6\n|teamsize|p2|6\n|gen|9\n|tier|[Gen 9] National Dex Ubers\n|rule|HP Percentage Mod: HP is shown in percentages\n|rule|Endless Battle Clause: Forcing endless battles is banned\n|rule|OHKO Clause: OHKO moves are banned\n|rule|Evasion Moves Clause: Evasion moves are banned\n|rule|Evasion Items Clause: Evasion items are banned\n|rule|Species Clause: Limit one of each Pok\u00e9mon\n|rule|Sleep Clause Mod: Limit one foe put to sleep\n|rule|Mega Rayquaza Clause: You cannot mega evolve Rayquaza\n|clearpoke\n|poke|p1|Greninja-*, M|\n|poke|p1|Dragonite, F|\n|poke|p1|Ninetales-Alola, F|\n|poke|p1|Hatterene, F|\n|poke|p1|Blaziken, M|\n|poke|p1|Corviknight, F|\n|poke|p2|Cinderace, M|\n|poke|p2|Greninja-*, M|\n|poke|p2|Corviknight, F|\n|poke|p2|Rillaboom, F|\n|poke|p2|Dragonite, F|\n|poke|p2|Zoroark-Hisui, M|\n|teampreview\n|inactive|Battle timer is ON: inactive players will automatically lose when time's up. (requested by SylverOmega)\n|c|\u2606SylverOmega|Dhf\n|c|\u2606JimmyJohto|gl\n|\n|t:|1699890266\n|start\n|switch|p1a: Blaziken|Blaziken, M|100\/100\n|switch|p2a: Dragonite|Dragonite, F|100\/100\n|turn|1\n|\n|t:|1699890281\n|move|p2a: Dragonite|Nasty Plot|p2a: Dragonite\n|-boost|p2a: Dragonite|spa|2\n|move|p1a: Blaziken|Flare Blitz|p2a: Dragonite\n|-enditem|p2a: Dragonite|Focus Sash\n|-damage|p2a: Dragonite|1\/100\n|replace|p2a: Zoroark|Zoroark-Hisui, M\n|-end|p2a: Zoroark|Illusion\n|-damage|p1a: Blaziken|73\/100|[from] Recoil\n|\n|-ability|p1a: Blaziken|Speed Boost|boost\n|-boost|p1a: Blaziken|spe|1\n|upkeep\n|turn|2\n|c|\u2606SylverOmega|Mierda\n|\n|t:|1699890302\n|switch|p2a: Dragonite|Dragonite, F|100\/100\n|move|p1a: Blaziken|Swords Dance|p1a: Blaziken\n|-boost|p1a: Blaziken|atk|2\n|\n|-ability|p1a: Blaziken|Speed Boost|boost\n|-boost|p1a: Blaziken|spe|1\n|upkeep\n|turn|3\n|\n|t:|1699890312\n|-zpower|p1a: Blaziken\n|move|p1a: Blaziken|Inferno Overdrive|p2a: Dragonite|[zeffect]\n|-resisted|p2a: Dragonite\n|-damage|p2a: Dragonite|54\/100\n|move|p2a: Dragonite|Earthquake|p1a: Blaziken\n|-supereffective|p1a: Blaziken\n|-damage|p1a: Blaziken|0 fnt\n|faint|p1a: Blaziken\n|\n|-heal|p2a: Dragonite|60\/100|[from] item: Leftovers\n|upkeep\n|\n|t:|1699890324\n|switch|p1a: Greninja|Greninja, M|100\/100\n|turn|4\n|\n|t:|1699890331\n|-terastallize|p2a: Dragonite|Normal\n|move|p1a: Greninja|Ice Beam|p2a: Dragonite\n|-damage|p2a: Dragonite|38\/100\n|move|p2a: Dragonite|Dragon Dance|p2a: Dragonite\n|-boost|p2a: Dragonite|atk|1\n|-boost|p2a: Dragonite|spe|1\n|\n|-heal|p2a: Dragonite|44\/100|[from] item: Leftovers\n|upkeep\n|turn|5\n|\n|t:|1699890342\n|move|p1a: Greninja|Dark Pulse|p2a: Dragonite\n|-damage|p2a: Dragonite|11\/100\n|cant|p2a: Dragonite|flinch\n|\n|-heal|p2a: Dragonite|17\/100|[from] item: Leftovers\n|upkeep\n|turn|6\n|\n|t:|1699890366\n|move|p1a: Greninja|Dark Pulse|p2a: Dragonite\n|-damage|p2a: Dragonite|0 fnt\n|faint|p2a: Dragonite\n|-ability|p1a: Greninja|Battle Bond|boost\n|-boost|p1a: Greninja|atk|1\n|-boost|p1a: Greninja|spa|1\n|-boost|p1a: Greninja|spe|1\n|-activate|p1a: Greninja|ability: Battle Bond\n|\n|upkeep\n|\n|t:|1699890375\n|switch|p2a: Rillaboom|Rillaboom, F|100\/100\n|-fieldstart|move: Grassy Terrain|[from] ability: Grassy Surge|[of] p2a: Rillaboom\n|turn|7\n|\n|t:|1699890382\n|move|p2a: Rillaboom|Grassy Glide|p1a: Greninja\n|-supereffective|p1a: Greninja\n|-enditem|p1a: Greninja|Focus Sash\n|-damage|p1a: Greninja|1\/100\n|move|p1a: Greninja|Ice Beam|p2a: Rillaboom\n|-supereffective|p2a: Rillaboom\n|-damage|p2a: Rillaboom|9\/100\n|\n|-heal|p1a: Greninja|7\/100|[from] Grassy Terrain\n|-heal|p2a: Rillaboom|15\/100|[from] Grassy Terrain\n|upkeep\n|turn|8\n|\n|t:|1699890398\n|switch|p1a: Corviknight|Corviknight, F|100\/100\n|-ability|p1a: Corviknight|Pressure\n|move|p2a: Rillaboom|Grassy Glide|p1a: Corviknight\n|-resisted|p1a: Corviknight\n|-damage|p1a: Corviknight|94\/100\n|-damage|p2a: Rillaboom|0 fnt|[from] item: Rocky Helmet|[of] p1a: Corviknight\n|faint|p2a: Rillaboom\n|\n|upkeep\n|inactive|SylverOmega has 270 seconds left.\n|\n|t:|1699890414\n|switch|p2a: Alex Zabel|Cinderace, M, shiny|100\/100\n|turn|9\n|\n|t:|1699890421\n|-terastallize|p1a: Corviknight|Dragon\n|move|p2a: Alex Zabel|Pyro Ball|p1a: Corviknight\n|-resisted|p1a: Corviknight\n|-damage|p1a: Corviknight|74\/100\n|move|p1a: Corviknight|Brave Bird|p2a: Alex Zabel\n|-damage|p2a: Alex Zabel|50\/100\n|-damage|p1a: Corviknight|62\/100|[from] Recoil\n|\n|-heal|p2a: Alex Zabel|56\/100|[from] Grassy Terrain\n|-heal|p1a: Corviknight|68\/100|[from] Grassy Terrain\n|upkeep\n|turn|10\n|\n|t:|1699890436\n|move|p2a: Alex Zabel|High Jump Kick|p1a: Corviknight\n|-start|p2a: Alex Zabel|typechange|Fighting|[from] ability: Libero\n|-damage|p1a: Corviknight|27\/100\n|-damage|p2a: Alex Zabel|39\/100|[from] item: Rocky Helmet|[of] p1a: Corviknight\n|move|p1a: Corviknight|Brave Bird|p2a: Alex Zabel\n|-supereffective|p2a: Alex Zabel\n|-damage|p2a: Alex Zabel|0 fnt\n|faint|p2a: Alex Zabel\n|-damage|p1a: Corviknight|18\/100|[from] Recoil\n|\n|-heal|p1a: Corviknight|24\/100|[from] Grassy Terrain\n|upkeep\n|inactive|SylverOmega has 270 seconds left.\n|\n|t:|1699890451\n|switch|p2a: Narutito|Greninja, M|100\/100\n|turn|11\n|\n|t:|1699890458\n|switch|p1a: Hatterene|Hatterene, F|100\/100\n|move|p2a: Narutito|Ice Beam|p1a: Hatterene\n|-damage|p1a: Hatterene|79\/100\n|-enditem|p1a: Hatterene|Eject Button\n|\n|t:|1699890466\n|switch|p1a: Ninetales|Ninetales-Alola, F|100\/100\n|-weather|Snow|[from] ability: Snow Warning|[of] p1a: Ninetales\n|\n|-weather|Snow|[upkeep]\n|-fieldend|move: Grassy Terrain\n|upkeep\n|turn|12\n|\n|t:|1699890476\n|move|p2a: Narutito|Scald|p1a: Ninetales\n|-damage|p1a: Ninetales|62\/100\n|move|p1a: Ninetales|Aurora Veil|p1a: Ninetales\n|-sidestart|p1: JimmyJohto|move: Aurora Veil\n|\n|-weather|Snow|[upkeep]\n|upkeep\n|turn|13\n|\n|t:|1699890486\n|move|p2a: Narutito|Scald|p1a: Ninetales\n|-damage|p1a: Ninetales|40\/100\n|move|p1a: Ninetales|Blizzard|p2a: Narutito\n|-resisted|p2a: Narutito\n|-damage|p2a: Narutito|68\/100\n|\n|-weather|Snow|[upkeep]\n|upkeep\n|turn|14\n|\n|t:|1699890498\n|switch|p1a: Hatterene|Hatterene, F|79\/100\n|move|p2a: Narutito|Scald|p1a: Hatterene\n|-damage|p1a: Hatterene|65\/100\n|-status|p1a: Hatterene|brn\n|\n|-weather|Snow|[upkeep]\n|-damage|p1a: Hatterene|59\/100 brn|[from] brn\n|upkeep\n|turn|15\n|\n|t:|1699890510\n|switch|p2a: Caballera|Corviknight, F, shiny|100\/100\n|move|p1a: Hatterene|Nuzzle|p2a: Caballera\n|-supereffective|p2a: Caballera\n|-damage|p2a: Caballera|97\/100\n|-status|p2a: Caballera|par\n|-damage|p1a: Hatterene|43\/100 brn|[from] item: Rocky Helmet|[of] p2a: Caballera\n|\n|-weather|none\n|-damage|p1a: Hatterene|37\/100 brn|[from] brn\n|upkeep\n|turn|16\n|\n|t:|1699890531\n|move|p1a: Hatterene|Healing Wish|p1a: Hatterene\n|faint|p1a: Hatterene\n|move|p2a: Caballera|Bulk Up|p2a: Caballera\n|-boost|p2a: Caballera|atk|1\n|-boost|p2a: Caballera|def|1\n|\n|upkeep\n|\n|t:|1699890536\n|switch|p1a: Greninja|Greninja, M|7\/100\n|-heal|p1a: Greninja|100\/100|[from] move: Healing Wish\n|turn|17\n|\n|t:|1699890542\n|move|p1a: Greninja|Dark Pulse|p2a: Caballera\n|-damage|p2a: Caballera|72\/100 par\n|move|p2a: Caballera|Body Press|p1a: Greninja\n|-supereffective|p1a: Greninja\n|-damage|p1a: Greninja|55\/100\n|\n|upkeep\n|turn|18\n|\n|t:|1699890552\n|move|p1a: Greninja|Dark Pulse|p2a: Caballera\n|-damage|p2a: Caballera|47\/100 par\n|move|p2a: Caballera|Roost|p2a: Caballera\n|-heal|p2a: Caballera|97\/100 par\n|-singleturn|p2a: Caballera|move: Roost\n|\n|upkeep\n|turn|19\n|\n|t:|1699890560\n|move|p1a: Greninja|Dark Pulse|p2a: Caballera\n|-damage|p2a: Caballera|72\/100 par\n|move|p2a: Caballera|Bulk Up|p2a: Caballera\n|-boost|p2a: Caballera|atk|1\n|-boost|p2a: Caballera|def|1\n|\n|-sideend|p1: JimmyJohto|move: Aurora Veil\n|upkeep\n|turn|20\n|\n|t:|1699890569\n|move|p1a: Greninja|Dark Pulse|p2a: Caballera\n|-damage|p2a: Caballera|47\/100 par\n|move|p2a: Caballera|Roost|p2a: Caballera\n|-heal|p2a: Caballera|97\/100 par\n|-singleturn|p2a: Caballera|move: Roost\n|\n|upkeep\n|turn|21\n|\n|t:|1699890584\n|switch|p1a: Dragonite|Dragonite, F|100\/100\n|move|p2a: Caballera|Body Press|p1a: Dragonite\n|-resisted|p1a: Dragonite\n|-damage|p1a: Dragonite|89\/100\n|\n|upkeep\n|turn|22\n|\n|t:|1699890592\n|move|p1a: Dragonite|Fire Punch|p2a: Caballera\n|-supereffective|p2a: Caballera\n|-damage|p2a: Caballera|75\/100 par\n|-damage|p1a: Dragonite|73\/100|[from] item: Rocky Helmet|[of] p2a: Caballera\n|move|p2a: Caballera|Bulk Up|p2a: Caballera\n|-boost|p2a: Caballera|atk|1\n|-boost|p2a: Caballera|def|1\n|\n|upkeep\n|turn|23\n|\n|t:|1699890601\n|move|p1a: Dragonite|Dragon Dance|p1a: Dragonite\n|-boost|p1a: Dragonite|atk|1\n|-boost|p1a: Dragonite|spe|1\n|move|p2a: Caballera|Bulk Up|p2a: Caballera\n|-boost|p2a: Caballera|atk|1\n|-boost|p2a: Caballera|def|1\n|\n|upkeep\n|turn|24\n|\n|t:|1699890610\n|move|p1a: Dragonite|Dragon Dance|p1a: Dragonite\n|-boost|p1a: Dragonite|atk|1\n|-boost|p1a: Dragonite|spe|1\n|move|p2a: Caballera|Bulk Up|p2a: Caballera\n|-boost|p2a: Caballera|atk|1\n|-boost|p2a: Caballera|def|1\n|\n|upkeep\n|turn|25\n|c|\u2606JimmyJohto|Cuando quieras te paralizas\n|\n|t:|1699890617\n|move|p1a: Dragonite|Fire Punch|p2a: Caballera\n|-supereffective|p2a: Caballera\n|-damage|p2a: Caballera|45\/100 par\n|-damage|p1a: Dragonite|57\/100|[from] item: Rocky Helmet|[of] p2a: Caballera\n|move|p2a: Caballera|Brave Bird|p1a: Dragonite\n|-damage|p1a: Dragonite|0 fnt\n|faint|p1a: Dragonite\n|-damage|p2a: Caballera|30\/100 par|[from] Recoil\n|\n|upkeep\n|\n|t:|1699890628\n|switch|p1a: Greninja|Greninja, M|55\/100\n|turn|26\n|\n|t:|1699890633\n|move|p1a: Greninja|Dark Pulse|p2a: Caballera\n|-damage|p2a: Caballera|5\/100 par\n|cant|p2a: Caballera|par\n|\n|upkeep\n|turn|27\n|c|\u2606JimmyJohto|ya era hora\n|\n|t:|1699890643\n|move|p1a: Greninja|Dark Pulse|p2a: Caballera\n|-damage|p2a: Caballera|0 fnt\n|faint|p2a: Caballera\n|\n|upkeep\n|\n|t:|1699890650\n|switch|p2a: Narutito|Greninja, M|68\/100\n|turn|28\n|\n|t:|1699890656\n|move|p1a: Greninja|Dark Pulse|p2a: Narutito\n|-resisted|p2a: Narutito\n|-crit|p2a: Narutito\n|-damage|p2a: Narutito|29\/100\n|move|p2a: Narutito|Scald|p1a: Greninja\n|-resisted|p1a: Greninja\n|-damage|p1a: Greninja|27\/100\n|-status|p1a: Greninja|brn\n|\n|-damage|p1a: Greninja|21\/100 brn|[from] brn\n|upkeep\n|turn|29\n|\n|t:|1699890670\n|move|p1a: Greninja|Dark Pulse|p2a: Narutito\n|-resisted|p2a: Narutito\n|-damage|p2a: Narutito|0 fnt\n|faint|p2a: Narutito\n|\n|-damage|p1a: Greninja|15\/100 brn|[from] brn\n|upkeep\n|c|\u2606SylverOmega|Gg\n|c|\u2606JimmyJohto|gg\n|\n|t:|1699890679\n|switch|p2a: Zoroark|Zoroark-Hisui, M|1\/100\n|turn|30\n|\n|t:|1699890683\n|move|p1a: Greninja|Water Shuriken|p2a: Zoroark\n|-damage|p2a: Zoroark|0 fnt\n|faint|p2a: Zoroark\n|-hitcount|p2: Zoroark|1\n|\n|win|JimmyJohto\n","uploadtime":1699890688,"views":5,"p1id":"jimmyjohto","p2id":"sylveromega","formatid":"gen9nationaldexubers","rating":0,"private":0,"password":""}