{"id":"gen9nationaldexubers-1997107739","p1":"ryan_farhan","p2":"PDW_D4NI0","format":"[Gen 9] National Dex Ubers","log":"|j|\u2606ryan_farhan\n|j|\u2606PDW_D4NI0\n|t:|1700765271\n|gametype|singles\n|player|p1|ryan_farhan|170|1169\n|player|p2|PDW_D4NI0|169|1102\n|teamsize|p1|6\n|teamsize|p2|6\n|gen|9\n|tier|[Gen 9] National Dex Ubers\n|rated|\n|rule|HP Percentage Mod: HP is shown in percentages\n|rule|Endless Battle Clause: Forcing endless battles is banned\n|rule|OHKO Clause: OHKO moves are banned\n|rule|Evasion Moves Clause: Evasion moves are banned\n|rule|Evasion Items Clause: Evasion items are banned\n|rule|Species Clause: Limit one of each Pok\u00e9mon\n|rule|Sleep Clause Mod: Limit one foe put to sleep\n|rule|Mega Rayquaza Clause: You cannot mega evolve Rayquaza\n|clearpoke\n|poke|p1|Pikachu, M|\n|poke|p1|Lucario, M|\n|poke|p1|Dragonite, F|\n|poke|p1|Gengar, M|\n|poke|p1|Sirfetch\u2019d, M|\n|poke|p1|Dracovish|\n|poke|p2|Lucario, F|\n|poke|p2|Emboar, F|\n|poke|p2|Gallade, M|\n|poke|p2|Chesnaught, F|\n|poke|p2|Hitmontop, M|\n|poke|p2|Bewear, F|\n|teampreview\n|inactive|Battle timer is ON: inactive players will automatically lose when time's up. (requested by ryan_farhan)\n|\n|t:|1700765279\n|start\n|switch|p1a: Pikachu|Pikachu, M|100\/100\n|switch|p2a: Emboar|Emboar, F|100\/100\n|turn|1\n|\n|t:|1700765285\n|move|p2a: Emboar|Flamethrower|p1a: Pikachu\n|-damage|p1a: Pikachu|0 fnt\n|faint|p1a: Pikachu\n|\n|upkeep\n|\n|t:|1700765291\n|switch|p1a: Dracovish|Dracovish|100\/100\n|turn|2\n|\n|t:|1700765295\n|switch|p2a: Chesnaught|Chesnaught, F|100\/100\n|-zpower|p1a: Dracovish\n|move|p1a: Dracovish|Z-Rain Dance|p1a: Dracovish|[anim]Rain Dance\n|-boost|p1a: Dracovish|spe|1|[zeffect]\n|-weather|RainDance\n|\n|-weather|RainDance|[upkeep]\n|upkeep\n|turn|3\n|\n|t:|1700765306\n|move|p1a: Dracovish|Fishious Rend|p2a: Chesnaught\n|-resisted|p2a: Chesnaught\n|-crit|p2a: Chesnaught\n|-damage|p2a: Chesnaught|37\/100\n|move|p2a: Chesnaught|Leech Seed|p1a: Dracovish\n|-start|p1a: Dracovish|move: Leech Seed\n|\n|-weather|RainDance|[upkeep]\n|-heal|p2a: Chesnaught|43\/100|[from] item: Leftovers\n|-damage|p1a: Dracovish|88\/100|[from] Leech Seed|[of] p2a: Chesnaught\n|-heal|p2a: Chesnaught|54\/100|[silent]\n|upkeep\n|turn|4\n|\n|t:|1700765316\n|move|p1a: Dracovish|Earthquake|p2a: Chesnaught\n|-resisted|p2a: Chesnaught\n|-damage|p2a: Chesnaught|46\/100\n|move|p2a: Chesnaught|Drain Punch|p1a: Dracovish\n|-damage|p1a: Dracovish|61\/100\n|-heal|p2a: Chesnaught|58\/100|[from] drain|[of] p1a: Dracovish\n|\n|-weather|RainDance|[upkeep]\n|-heal|p2a: Chesnaught|64\/100|[from] item: Leftovers\n|-damage|p1a: Dracovish|48\/100|[from] Leech Seed|[of] p2a: Chesnaught\n|-heal|p2a: Chesnaught|74\/100|[silent]\n|upkeep\n|turn|5\n|\n|t:|1700765328\n|move|p1a: Dracovish|Ice Fang|p2a: Chesnaught\n|-supereffective|p2a: Chesnaught\n|-damage|p2a: Chesnaught|45\/100\n|move|p2a: Chesnaught|Bulk Up|p2a: Chesnaught\n|-boost|p2a: Chesnaught|atk|1\n|-boost|p2a: Chesnaught|def|1\n|\n|-weather|RainDance|[upkeep]\n|-heal|p2a: Chesnaught|51\/100|[from] item: Leftovers\n|-damage|p1a: Dracovish|36\/100|[from] Leech Seed|[of] p2a: Chesnaught\n|-heal|p2a: Chesnaught|61\/100|[silent]\n|upkeep\n|turn|6\n|\n|t:|1700765340\n|switch|p1a: Gengar|Gengar, M|100\/100\n|move|p2a: Chesnaught|Bulk Up|p2a: Chesnaught\n|-boost|p2a: Chesnaught|atk|1\n|-boost|p2a: Chesnaught|def|1\n|\n|-weather|none\n|-heal|p2a: Chesnaught|67\/100|[from] item: Leftovers\n|upkeep\n|turn|7\n|\n|t:|1700765351\n|move|p1a: Gengar|Psychic|p2a: Chesnaught\n|-supereffective|p2a: Chesnaught\n|-damage|p2a: Chesnaught|0 fnt\n|faint|p2a: Chesnaught\n|\n|upkeep\n|\n|t:|1700765356\n|switch|p2a: Gallade|Gallade, M|100\/100\n|turn|8\n|\n|t:|1700765368\n|move|p1a: Gengar|Shadow Ball|p2a: Gallade\n|-supereffective|p2a: Gallade\n|-damage|p2a: Gallade|42\/100\n|move|p2a: Gallade|Knock Off|p1a: Gengar\n|-supereffective|p1a: Gengar\n|-enditem|p1a: Gengar|Focus Sash\n|-damage|p1a: Gengar|1\/100\n|-start|p2a: Gallade|Disable|Knock Off|[from] ability: Cursed Body|[of] p1a: Gengar\n|\n|-heal|p2a: Gallade|48\/100|[from] item: Leftovers\n|upkeep\n|turn|9\n|\n|t:|1700765380\n|move|p1a: Gengar|Psychic|p2a: Gallade\n|-damage|p2a: Gallade|23\/100\n|move|p2a: Gallade|Ice Punch|p1a: Gengar\n|-damage|p1a: Gengar|0 fnt\n|faint|p1a: Gengar\n|\n|-heal|p2a: Gallade|29\/100|[from] item: Leftovers\n|upkeep\n|\n|t:|1700765390\n|switch|p1a: Sirfetch\u2019d|Sirfetch\u2019d, M|100\/100\n|turn|10\n|\n|t:|1700765398\n|switch|p2a: Bewear|Bewear, F|100\/100\n|move|p1a: Sirfetch\u2019d|First Impression|p2a: Bewear\n|-resisted|p2a: Bewear\n|-crit|p2a: Bewear\n|-damage|p2a: Bewear|92\/100\n|\n|-heal|p2a: Bewear|98\/100|[from] item: Leftovers\n|upkeep\n|turn|11\n|\n|t:|1700765407\n|move|p1a: Sirfetch\u2019d|Knock Off|p2a: Bewear\n|-resisted|p2a: Bewear\n|-crit|p2a: Bewear\n|-damage|p2a: Bewear|89\/100\n|-enditem|p2a: Bewear|Leftovers|[from] move: Knock Off|[of] p1a: Sirfetch\u2019d\n|move|p2a: Bewear|Drain Punch|p1a: Sirfetch\u2019d\n|-damage|p1a: Sirfetch\u2019d|66\/100\n|-heal|p2a: Bewear|100\/100|[from] drain|[of] p1a: Sirfetch\u2019d\n|\n|upkeep\n|turn|12\n|\n|t:|1700765416\n|move|p1a: Sirfetch\u2019d|Close Combat|p2a: Bewear\n|-supereffective|p2a: Bewear\n|-damage|p2a: Bewear|55\/100\n|-unboost|p1a: Sirfetch\u2019d|def|1\n|-unboost|p1a: Sirfetch\u2019d|spd|1\n|move|p2a: Bewear|Drain Punch|p1a: Sirfetch\u2019d\n|-damage|p1a: Sirfetch\u2019d|15\/100\n|-heal|p2a: Bewear|73\/100|[from] drain|[of] p1a: Sirfetch\u2019d\n|\n|upkeep\n|turn|13\n|\n|t:|1700765426\n|move|p1a: Sirfetch\u2019d|Close Combat|p2a: Bewear\n|-supereffective|p2a: Bewear\n|-crit|p2a: Bewear\n|-damage|p2a: Bewear|6\/100\n|-unboost|p1a: Sirfetch\u2019d|def|1\n|-unboost|p1a: Sirfetch\u2019d|spd|1\n|move|p2a: Bewear|Drain Punch|p1a: Sirfetch\u2019d\n|-damage|p1a: Sirfetch\u2019d|0 fnt\n|-heal|p2a: Bewear|12\/100|[from] drain|[of] p1a: Sirfetch\u2019d\n|faint|p1a: Sirfetch\u2019d\n|\n|upkeep\n|\n|t:|1700765437\n|switch|p1a: Dracovish|Dracovish|36\/100\n|turn|14\n|\n|t:|1700765442\n|move|p1a: Dracovish|Fishious Rend|p2a: Bewear\n|-damage|p2a: Bewear|0 fnt\n|faint|p2a: Bewear\n|\n|upkeep\n|\n|t:|1700765444\n|switch|p2a: Lucario|Lucario, F|100\/100\n|turn|15\n|\n|t:|1700765449\n|detailschange|p2a: Lucario|Lucario-Mega, F\n|-mega|p2a: Lucario|Lucario|Lucarionite\n|move|p2a: Lucario|Flash Cannon|p1a: Dracovish\n|-resisted|p1a: Dracovish\n|-damage|p1a: Dracovish|0 fnt\n|faint|p1a: Dracovish\n|\n|upkeep\n|\n|t:|1700765460\n|switch|p1a: Lucario|Lucario, M|100\/100\n|turn|16\n|\n|t:|1700765464\n|detailschange|p1a: Lucario|Lucario-Mega, M\n|-mega|p1a: Lucario|Lucario|Lucarionite\n|move|p2a: Lucario|Vacuum Wave|p1a: Lucario\n|-supereffective|p1a: Lucario\n|-damage|p1a: Lucario|11\/100\n|move|p1a: Lucario|Aura Sphere|p2a: Lucario\n|-supereffective|p2a: Lucario\n|-crit|p2a: Lucario\n|-damage|p2a: Lucario|0 fnt\n|faint|p2a: Lucario\n|\n|upkeep\n|\n|t:|1700765470\n|switch|p2a: Emboar|Emboar, F|100\/100\n|turn|17\n|\n|t:|1700765478\n|move|p1a: Lucario|Vacuum Wave|p2a: Emboar\n|-damage|p2a: Emboar|53\/100\n|move|p2a: Emboar|Flamethrower|p1a: Lucario\n|-supereffective|p1a: Lucario\n|-damage|p1a: Lucario|0 fnt\n|faint|p1a: Lucario\n|\n|upkeep\n|\n|t:|1700765485\n|switch|p1a: Dragonite|Dragonite, F|100\/100\n|turn|18\n|\n|t:|1700765490\n|move|p2a: Emboar|Flamethrower|p1a: Dragonite\n|-resisted|p1a: Dragonite\n|-damage|p1a: Dragonite|90\/100\n|move|p1a: Dragonite|Earthquake|p2a: Emboar\n|-supereffective|p2a: Emboar\n|-damage|p2a: Emboar|0 fnt\n|faint|p2a: Emboar\n|\n|upkeep\n|\n|t:|1700765495\n|switch|p2a: Hitmontop|Hitmontop, M|100\/100\n|-ability|p2a: Hitmontop|Intimidate|boost\n|-unboost|p1a: Dragonite|atk|1\n|turn|19\n|\n|t:|1700765506\n|move|p2a: Hitmontop|Fake Out|p1a: Dragonite\n|-damage|p1a: Dragonite|80\/100\n|cant|p1a: Dragonite|flinch\n|\n|upkeep\n|turn|20\n|\n|t:|1700765513\n|move|p1a: Dragonite|Dragon Claw|p2a: Hitmontop\n|-damage|p2a: Hitmontop|67\/100\n|move|p2a: Hitmontop|Triple Axel|p1a: Dragonite|[miss]\n|-miss|p2a: Hitmontop|p1a: Dragonite\n|\n|upkeep\n|turn|21\n|\n|t:|1700765526\n|-terastallize|p1a: Dragonite|Fairy\n|move|p1a: Dragonite|Dragon Claw|p2a: Hitmontop\n|-damage|p2a: Hitmontop|27\/100\n|move|p2a: Hitmontop|Triple Axel|p1a: Dragonite\n|-damage|p1a: Dragonite|75\/100\n|-damage|p1a: Dragonite|66\/100\n|-damage|p1a: Dragonite|50\/100\n|-hitcount|p1a: Dragonite|3\n|\n|upkeep\n|turn|22\n|\n|t:|1700765538\n|switch|p2a: Gallade|Gallade, M|29\/100\n|move|p1a: Dragonite|Extreme Speed|p2a: Gallade\n|-damage|p2a: Gallade|2\/100\n|\n|-heal|p2a: Gallade|8\/100|[from] item: Leftovers\n|upkeep\n|turn|23\n|\n|t:|1700765546\n|move|p1a: Dragonite|Extreme Speed|p2a: Gallade\n|-crit|p2a: Gallade\n|-damage|p2a: Gallade|0 fnt\n|faint|p2a: Gallade\n|\n|upkeep\n|\n|t:|1700765549\n|switch|p2a: Hitmontop|Hitmontop, M|27\/100\n|-ability|p2a: Hitmontop|Intimidate|boost\n|-unboost|p1a: Dragonite|atk|1\n|turn|24\n|\n|t:|1700765558\n|move|p2a: Hitmontop|Fake Out|p1a: Dragonite\n|-damage|p1a: Dragonite|39\/100\n|cant|p1a: Dragonite|flinch\n|\n|upkeep\n|turn|25\n|\n|t:|1700765566\n|move|p2a: Hitmontop|Bullet Punch|p1a: Dragonite\n|-supereffective|p1a: Dragonite\n|-damage|p1a: Dragonite|18\/100\n|-enditem|p1a: Dragonite|Weakness Policy\n|-boost|p1a: Dragonite|atk|2|[from] item: Weakness Policy\n|-boost|p1a: Dragonite|spa|2|[from] item: Weakness Policy\n|move|p1a: Dragonite|Earthquake|p2a: Hitmontop\n|-damage|p2a: Hitmontop|0 fnt\n|faint|p2a: Hitmontop\n|\n|win|ryan_farhan\n|raw|ryan_farhan's rating: 1169 &rarr; <strong>1189<\/strong><br \/>(+20 for winning)\n|raw|PDW_D4NI0's rating: 1102 &rarr; <strong>1082<\/strong><br \/>(-20 for losing)\n|l|\u2606PDW_D4NI0\n|l|\u2606ryan_farhan\n|j|\u2606ryan_farhan\n|player|p1|ryan_farhan|170\n","uploadtime":1700765590,"views":6,"p1id":"ryanfarhan","p2id":"pdwd4ni0","formatid":"gen9nationaldexubers","rating":1082,"private":0,"password":""}