{"id":"gen9nationaldexubers-1987319349","p1":"KingPepper7","p2":"Shlartog","format":"[Gen 9] National Dex Ubers","log":"|j|\u2606KingPepper7\n|j|\u2606Shlartog\n|t:|1699577025\n|gametype|singles\n|player|p1|KingPepper7|cheren-gen5bw2|\n|player|p2|Shlartog|1|\n|teamsize|p1|6\n|teamsize|p2|6\n|gen|9\n|tier|[Gen 9] National Dex Ubers\n|rule|HP Percentage Mod: HP is shown in percentages\n|rule|Endless Battle Clause: Forcing endless battles is banned\n|rule|OHKO Clause: OHKO moves are banned\n|rule|Evasion Moves Clause: Evasion moves are banned\n|rule|Evasion Items Clause: Evasion items are banned\n|rule|Species Clause: Limit one of each Pok\u00e9mon\n|rule|Sleep Clause Mod: Limit one foe put to sleep\n|rule|Mega Rayquaza Clause: You cannot mega evolve Rayquaza\n|clearpoke\n|poke|p1|Banette, F|\n|poke|p1|Gliscor, M|\n|poke|p1|Blissey, F|\n|poke|p1|Tornadus-Therian, M|\n|poke|p1|Hatterene, F|\n|poke|p1|Ogerpon-Cornerstone, F|\n|poke|p2|Volcarona, M|\n|poke|p2|Kleavor, F|\n|poke|p2|Lokix, M|\n|poke|p2|Slither Wing|\n|poke|p2|Pinsir, F|\n|poke|p2|Scizor, M|\n|teampreview\n|c|\u2606Shlartog|Glhf\n|c|\u2606KingPepper7|glhf\n|j| Pex Hater\n|\n|t:|1699577070\n|start\n|switch|p1a: Tornadus|Tornadus-Therian, M|100\/100\n|switch|p2a: Ruby|Scizor, M|100\/100\n|turn|1\n|\n|t:|1699577095\n|move|p1a: Tornadus|Knock Off|p2a: Ruby\n|-damage|p2a: Ruby|78\/100\n|-enditem|p2a: Ruby|Choice Band|[from] move: Knock Off|[of] p1a: Tornadus\n|move|p2a: Ruby|Knock Off|p1a: Tornadus\n|-damage|p1a: Tornadus|63\/100\n|-enditem|p1a: Tornadus|Heavy-Duty Boots|[from] move: Knock Off|[of] p2a: Ruby\n|\n|upkeep\n|turn|2\n|\n|t:|1699577104\n|move|p1a: Tornadus|Hurricane|p2a: Ruby\n|-damage|p2a: Ruby|28\/100\n|-start|p2a: Ruby|confusion\n|-activate|p2a: Ruby|confusion\n|move|p2a: Ruby|U-turn|p1a: Tornadus\n|-resisted|p1a: Tornadus\n|-damage|p1a: Tornadus|41\/100\n|\n|t:|1699577111\n|switch|p2a: Obsidian|Kleavor, F|100\/100|[from] U-turn\n|\n|upkeep\n|turn|3\n|\n|t:|1699577145\n|switch|p1a: Hatterene|Hatterene, F|100\/100\n|move|p2a: Obsidian|Stone Axe|p1a: Hatterene\n|-damage|p1a: Hatterene|61\/100\n|-sidestart|p1: KingPepper7|move: Stealth Rock\n|\n|-heal|p1a: Hatterene|67\/100|[from] item: Leftovers\n|upkeep\n|turn|4\n|j| Peppers Father\n|\n|t:|1699577163\n|switch|p2a: Ruby|Scizor, M|28\/100\n|switch|p1a: Gliscor|Gliscor, M|100\/100\n|-damage|p1a: Gliscor|88\/100|[from] Stealth Rock\n|\n|-status|p1a: Gliscor|tox|[from] item: Toxic Orb\n|upkeep\n|turn|5\n|\n|t:|1699577187\n|switch|p2a: Onyx|Lokix, M|100\/100\n|move|p1a: Gliscor|Earthquake|p2a: Onyx\n|-resisted|p2a: Onyx\n|-damage|p2a: Onyx|75\/100\n|\n|-heal|p1a: Gliscor|100\/100 tox|[from] ability: Poison Heal\n|upkeep\n|turn|6\n|\n|t:|1699577200\n|move|p1a: Gliscor|Protect|p1a: Gliscor\n|-singleturn|p1a: Gliscor|Protect\n|move|p2a: Onyx|First Impression|p1a: Gliscor\n|-activate|p1a: Gliscor|move: Protect\n|\n|upkeep\n|turn|7\n|\n|t:|1699577215\n|switch|p2a: Ruby|Scizor, M|28\/100\n|move|p1a: Gliscor|Toxic|p2a: Ruby\n|-immune|p2a: Ruby\n|\n|upkeep\n|turn|8\n|\n|t:|1699577220\n|move|p1a: Gliscor|Earthquake|p2a: Ruby\n|-damage|p2a: Ruby|0 fnt\n|faint|p2a: Ruby\n|\n|upkeep\n|\n|t:|1699577226\n|switch|p2a: Steel|Pinsir, F|100\/100\n|turn|9\n|\n|t:|1699577229\n|detailschange|p2a: Steel|Pinsir-Mega, F\n|-mega|p2a: Steel|Pinsir|Pinsirite\n|move|p2a: Steel|Swords Dance|p2a: Steel\n|-boost|p2a: Steel|atk|2\n|move|p1a: Gliscor|Toxic|p2a: Steel\n|-status|p2a: Steel|tox\n|\n|-damage|p2a: Steel|95\/100 tox|[from] psn\n|upkeep\n|turn|10\n|\n|t:|1699577234\n|move|p2a: Steel|Swords Dance|p2a: Steel\n|-boost|p2a: Steel|atk|2\n|move|p1a: Gliscor|Spikes|p2a: Steel\n|-sidestart|p2: Shlartog|Spikes\n|\n|-damage|p2a: Steel|83\/100 tox|[from] psn\n|upkeep\n|turn|11\n|\n|t:|1699577240\n|move|p1a: Gliscor|Protect|p1a: Gliscor\n|-singleturn|p1a: Gliscor|Protect\n|move|p2a: Steel|Frustration|p1a: Gliscor\n|-activate|p1a: Gliscor|move: Protect\n|\n|-damage|p2a: Steel|65\/100 tox|[from] psn\n|upkeep\n|turn|12\n|\n|t:|1699577254\n|switch|p1a: Hatterene|Hatterene, F|67\/100\n|-damage|p1a: Hatterene|54\/100|[from] Stealth Rock\n|move|p2a: Steel|Frustration|p1a: Hatterene\n|-damage|p1a: Hatterene|0 fnt\n|faint|p1a: Hatterene\n|\n|-damage|p2a: Steel|41\/100 tox|[from] psn\n|upkeep\n|\n|t:|1699577266\n|switch|p1a: Banette|Banette, F, shiny|100\/100\n|-damage|p1a: Banette|88\/100|[from] Stealth Rock\n|turn|13\n|\n|t:|1699577274\n|detailschange|p1a: Banette|Banette-Mega, F, shiny\n|-mega|p1a: Banette|Banette|Banettite\n|move|p2a: Steel|Quick Attack|p1a: Banette\n|-damage|p1a: Banette|0 fnt\n|faint|p1a: Banette\n|\n|-damage|p2a: Steel|12\/100 tox|[from] psn\n|upkeep\n|\n|t:|1699577279\n|switch|p1a: Gliscor|Gliscor, M|100\/100 tox\n|-damage|p1a: Gliscor|88\/100 tox|[from] Stealth Rock\n|turn|14\n|\n|t:|1699577283\n|move|p1a: Gliscor|Protect|p1a: Gliscor\n|-singleturn|p1a: Gliscor|Protect\n|move|p2a: Steel|Swords Dance|p2a: Steel\n|-boost|p2a: Steel|atk|2\n|\n|-damage|p2a: Steel|0 fnt|[from] psn\n|faint|p2a: Steel\n|-heal|p1a: Gliscor|100\/100 tox|[from] ability: Poison Heal\n|upkeep\n|\n|t:|1699577289\n|switch|p2a: Onyx|Lokix, M|75\/100\n|-damage|p2a: Onyx|63\/100|[from] Spikes\n|turn|15\n|\n|t:|1699577293\n|move|p2a: Onyx|U-turn|p1a: Gliscor\n|-resisted|p1a: Gliscor\n|-damage|p1a: Gliscor|70\/100 tox\n|\n|t:|1699577296\n|switch|p2a: Obsidian|Kleavor, F|100\/100|[from] U-turn\n|-damage|p2a: Obsidian|88\/100|[from] Spikes\n|move|p1a: Gliscor|Toxic|p2a: Obsidian\n|-status|p2a: Obsidian|tox\n|\n|-damage|p2a: Obsidian|82\/100 tox|[from] psn\n|-heal|p1a: Gliscor|83\/100 tox|[from] ability: Poison Heal\n|upkeep\n|turn|16\n|\n|t:|1699577305\n|move|p2a: Obsidian|Stone Axe|p1a: Gliscor|[miss]\n|-miss|p2a: Obsidian|p1a: Gliscor\n|move|p1a: Gliscor|Toxic|p2a: Obsidian\n|-fail|p2a: Obsidian|tox\n|\n|-damage|p2a: Obsidian|70\/100 tox|[from] psn\n|-heal|p1a: Gliscor|95\/100 tox|[from] ability: Poison Heal\n|upkeep\n|turn|17\n|\n|t:|1699577308\n|move|p2a: Obsidian|Stone Axe|p1a: Gliscor\n|-damage|p1a: Gliscor|61\/100 tox\n|move|p1a: Gliscor|Spikes|p2a: Obsidian\n|-sidestart|p2: Shlartog|Spikes\n|\n|-damage|p2a: Obsidian|52\/100 tox|[from] psn\n|-heal|p1a: Gliscor|73\/100 tox|[from] ability: Poison Heal\n|upkeep\n|turn|18\n|\n|t:|1699577314\n|switch|p2a: Onyx|Lokix, M|63\/100\n|-damage|p2a: Onyx|46\/100|[from] Spikes\n|move|p1a: Gliscor|Protect||[still]\n|-fail|p1a: Gliscor\n|\n|-heal|p1a: Gliscor|85\/100 tox|[from] ability: Poison Heal\n|upkeep\n|turn|19\n|\n|t:|1699577323\n|move|p2a: Onyx|Leech Life|p1a: Gliscor\n|-resisted|p1a: Gliscor\n|-damage|p1a: Gliscor|53\/100 tox\n|-heal|p2a: Onyx|66\/100|[from] drain|[of] p1a: Gliscor\n|move|p1a: Gliscor|Earthquake|p2a: Onyx\n|-resisted|p2a: Onyx\n|-damage|p2a: Onyx|40\/100\n|\n|-heal|p1a: Gliscor|66\/100 tox|[from] ability: Poison Heal\n|upkeep\n|turn|20\n|\n|t:|1699577329\n|move|p2a: Onyx|Leech Life|p1a: Gliscor\n|-resisted|p1a: Gliscor\n|-damage|p1a: Gliscor|32\/100 tox\n|-heal|p2a: Onyx|61\/100|[from] drain|[of] p1a: Gliscor\n|move|p1a: Gliscor|Toxic|p2a: Onyx\n|-status|p2a: Onyx|tox\n|\n|-damage|p2a: Onyx|55\/100 tox|[from] psn\n|-heal|p1a: Gliscor|45\/100 tox|[from] ability: Poison Heal\n|upkeep\n|turn|21\n|\n|t:|1699577333\n|move|p1a: Gliscor|Protect|p1a: Gliscor\n|-singleturn|p1a: Gliscor|Protect\n|move|p2a: Onyx|Leech Life|p1a: Gliscor\n|-activate|p1a: Gliscor|move: Protect\n|\n|-damage|p2a: Onyx|43\/100 tox|[from] psn\n|-heal|p1a: Gliscor|57\/100 tox|[from] ability: Poison Heal\n|upkeep\n|turn|22\n|\n|t:|1699577342\n|move|p2a: Onyx|Leech Life|p1a: Gliscor\n|-resisted|p1a: Gliscor\n|-damage|p1a: Gliscor|23\/100 tox\n|-heal|p2a: Onyx|64\/100 tox|[from] drain|[of] p1a: Gliscor\n|move|p1a: Gliscor|Earthquake|p2a: Onyx\n|-resisted|p2a: Onyx\n|-damage|p2a: Onyx|37\/100 tox\n|\n|-damage|p2a: Onyx|19\/100 tox|[from] psn\n|-heal|p1a: Gliscor|36\/100 tox|[from] ability: Poison Heal\n|upkeep\n|turn|23\n|\n|t:|1699577347\n|move|p1a: Gliscor|Protect|p1a: Gliscor\n|-singleturn|p1a: Gliscor|Protect\n|move|p2a: Onyx|Leech Life|p1a: Gliscor\n|-activate|p1a: Gliscor|move: Protect\n|\n|-damage|p2a: Onyx|0 fnt|[from] psn\n|faint|p2a: Onyx\n|-heal|p1a: Gliscor|48\/100 tox|[from] ability: Poison Heal\n|upkeep\n|\n|t:|1699577353\n|switch|p2a: Topaz|Volcarona, M|100\/100\n|turn|24\n|\n|t:|1699577361\n|switch|p1a: Blissey|Blissey, F|100\/100\n|move|p2a: Topaz|Quiver Dance|p2a: Topaz\n|-boost|p2a: Topaz|spa|1\n|-boost|p2a: Topaz|spd|1\n|-boost|p2a: Topaz|spe|1\n|\n|upkeep\n|turn|25\n|\n|t:|1699577367\n|switch|p2a: Obsidian|Kleavor, F|52\/100 tox\n|-damage|p2a: Obsidian|35\/100 tox|[from] Spikes\n|move|p1a: Blissey|Seismic Toss|p2a: Obsidian\n|-damage|p2a: Obsidian|0 fnt\n|faint|p2a: Obsidian\n|\n|upkeep\n|\n|t:|1699577371\n|switch|p2a: Amber|Slither Wing|100\/100\n|-damage|p2a: Amber|84\/100|[from] Spikes\n|-enditem|p2a: Amber|Booster Energy\n|-activate|p2a: Amber|ability: Protosynthesis|[fromitem]\n|-start|p2a: Amber|protosynthesisatk\n|turn|26\n|\n|t:|1699577386\n|switch|p1a: Tornadus|Tornadus-Therian, M|74\/100\n|-damage|p1a: Tornadus|50\/100|[from] Stealth Rock\n|move|p2a: Amber|Flame Charge|p1a: Tornadus\n|-damage|p1a: Tornadus|23\/100\n|-boost|p2a: Amber|spe|1\n|\n|upkeep\n|turn|27\n|\n|t:|1699577399\n|move|p2a: Amber|Flame Charge|p1a: Tornadus\n|-damage|p1a: Tornadus|0 fnt\n|-boost|p2a: Amber|spe|1\n|faint|p1a: Tornadus\n|\n|upkeep\n|\n|t:|1699577407\n|switch|p1a: Gliscor|Gliscor, M|48\/100 tox\n|-damage|p1a: Gliscor|36\/100 tox|[from] Stealth Rock\n|turn|28\n|\n|t:|1699577494\n|move|p2a: Amber|Bulk Up|p2a: Amber\n|-boost|p2a: Amber|atk|1\n|-boost|p2a: Amber|def|1\n|move|p1a: Gliscor|Toxic|p2a: Amber\n|-status|p2a: Amber|tox\n|\n|-damage|p2a: Amber|78\/100 tox|[from] psn\n|-heal|p1a: Gliscor|48\/100 tox|[from] ability: Poison Heal\n|upkeep\n|turn|29\n|\n|t:|1699577514\n|move|p1a: Gliscor|Protect|p1a: Gliscor\n|-singleturn|p1a: Gliscor|Protect\n|move|p2a: Amber|Bulk Up|p2a: Amber\n|-boost|p2a: Amber|atk|1\n|-boost|p2a: Amber|def|1\n|\n|-damage|p2a: Amber|66\/100 tox|[from] psn\n|-heal|p1a: Gliscor|61\/100 tox|[from] ability: Poison Heal\n|upkeep\n|turn|30\n|\n|t:|1699577519\n|move|p2a: Amber|Leech Life|p1a: Gliscor\n|-resisted|p1a: Gliscor\n|-damage|p1a: Gliscor|26\/100 tox\n|-heal|p2a: Amber|85\/100 tox|[from] drain|[of] p1a: Gliscor\n|move|p1a: Gliscor|Earthquake|p2a: Amber\n|-resisted|p2a: Amber\n|-damage|p2a: Amber|73\/100 tox\n|\n|-damage|p2a: Amber|55\/100 tox|[from] psn\n|-heal|p1a: Gliscor|38\/100 tox|[from] ability: Poison Heal\n|upkeep\n|turn|31\n|\n|t:|1699577531\n|move|p2a: Amber|Bulk Up|p2a: Amber\n|-boost|p2a: Amber|atk|1\n|-boost|p2a: Amber|def|1\n|move|p1a: Gliscor|Earthquake|p2a: Amber\n|-resisted|p2a: Amber\n|-damage|p2a: Amber|47\/100 tox\n|\n|-damage|p2a: Amber|23\/100 tox|[from] psn\n|-heal|p1a: Gliscor|51\/100 tox|[from] ability: Poison Heal\n|upkeep\n|turn|32\n|\n|t:|1699577534\n|move|p1a: Gliscor|Protect|p1a: Gliscor\n|-singleturn|p1a: Gliscor|Protect\n|move|p2a: Amber|Leech Life|p1a: Gliscor\n|-activate|p1a: Gliscor|move: Protect\n|\n|-damage|p2a: Amber|0 fnt|[from] psn\n|faint|p2a: Amber\n|-end|p2a: Amber|Protosynthesis|[silent]\n|-heal|p1a: Gliscor|63\/100 tox|[from] ability: Poison Heal\n|upkeep\n|c|\u2606Shlartog|Dammit\n|c|\u2606Shlartog|I got greedy\n|c|\u2606Shlartog|GG\n|\n|t:|1699577544\n|switch|p2a: Topaz|Volcarona, M|100\/100\n|turn|33\n|\n|t:|1699577548\n|move|p2a: Topaz|Quiver Dance|p2a: Topaz\n|-boost|p2a: Topaz|spa|1\n|-boost|p2a: Topaz|spd|1\n|-boost|p2a: Topaz|spe|1\n|move|p1a: Gliscor|Toxic|p2a: Topaz\n|-status|p2a: Topaz|tox\n|\n|-damage|p2a: Topaz|94\/100 tox|[from] psn\n|-heal|p1a: Gliscor|76\/100 tox|[from] ability: Poison Heal\n|upkeep\n|turn|34\n|c| Pex Hater|big glizzy\n|\n|t:|1699577553\n|switch|p1a: Blissey|Blissey, F|100\/100\n|move|p2a: Topaz|Quiver Dance|p2a: Topaz\n|-boost|p2a: Topaz|spa|1\n|-boost|p2a: Topaz|spd|1\n|-boost|p2a: Topaz|spe|1\n|\n|-damage|p2a: Topaz|82\/100 tox|[from] psn\n|upkeep\n|turn|35\n|\n|t:|1699577557\n|move|p2a: Topaz|Fiery Dance|p1a: Blissey\n|-damage|p1a: Blissey|74\/100\n|-boost|p2a: Topaz|spa|1\n|move|p1a: Blissey|Seismic Toss|p2a: Topaz\n|-damage|p2a: Topaz|55\/100 tox\n|\n|-damage|p2a: Topaz|37\/100 tox|[from] psn\n|upkeep\n|turn|36\n|\n|t:|1699577582\n|move|p2a: Topaz|Roost|p2a: Topaz\n|-heal|p2a: Topaz|87\/100 tox\n|-singleturn|p2a: Topaz|move: Roost\n|move|p1a: Blissey|Soft-Boiled|p1a: Blissey\n|-heal|p1a: Blissey|100\/100\n|\n|-damage|p2a: Topaz|62\/100 tox|[from] psn\n|upkeep\n|turn|37\n|\n|t:|1699577584\n|move|p2a: Topaz|Fiery Dance|p1a: Blissey\n|-damage|p1a: Blissey|66\/100\n|-boost|p2a: Topaz|spa|1\n|move|p1a: Blissey|Seismic Toss|p2a: Topaz\n|-damage|p2a: Topaz|35\/100 tox\n|-status|p1a: Blissey|brn|[from] ability: Flame Body|[of] p2a: Topaz\n|\n|-damage|p2a: Topaz|5\/100 tox|[from] psn\n|-damage|p1a: Blissey|60\/100 brn|[from] brn\n|upkeep\n|turn|38\n|\n|t:|1699577590\n|move|p2a: Topaz|Fiery Dance|p1a: Blissey\n|-damage|p1a: Blissey|24\/100 brn\n|-boost|p2a: Topaz|spa|1\n|move|p1a: Blissey|Seismic Toss|p2a: Topaz\n|-damage|p2a: Topaz|0 fnt\n|faint|p2a: Topaz\n|\n|win|KingPepper7\n|c|\u2606KingPepper7|gg\n|l| Pex Hater\n","uploadtime":1699577603,"views":8,"p1id":"kingpepper7","p2id":"shlartog","formatid":"gen9nationaldexubers","rating":0,"private":0,"password":""}