{"id":"gen9nationaldexubers-1986790113","p1":"delete later420","p2":"Soyeon is a cutie","format":"[Gen 9] National Dex Ubers","log":"|j|\u2606delete later420\n|j|\u2606Soyeon is a cutie\n|t:|1699525637\n|gametype|singles\n|player|p1|delete later420|102|1588\n|player|p2|Soyeon is a cutie|idol|1847\n|teamsize|p1|6\n|teamsize|p2|6\n|gen|9\n|tier|[Gen 9] National Dex Ubers\n|rated|\n|rule|HP Percentage Mod: HP is shown in percentages\n|rule|Endless Battle Clause: Forcing endless battles is banned\n|rule|OHKO Clause: OHKO moves are banned\n|rule|Evasion Moves Clause: Evasion moves are banned\n|rule|Evasion Items Clause: Evasion items are banned\n|rule|Species Clause: Limit one of each Pok\u00e9mon\n|rule|Sleep Clause Mod: Limit one foe put to sleep\n|rule|Mega Rayquaza Clause: You cannot mega evolve Rayquaza\n|clearpoke\n|poke|p1|Zacian-*|\n|poke|p1|Kyogre|\n|poke|p1|Cloyster, M|\n|poke|p1|Smeargle, F|\n|poke|p1|Stakataka|\n|poke|p1|Galvantula, M|\n|poke|p2|Arceus-Fairy|\n|poke|p2|Kingambit, F|\n|poke|p2|Ditto|\n|poke|p2|Urshifu-*, M|\n|poke|p2|Lunala|\n|poke|p2|Necrozma-Dusk-Mane|\n|teampreview\n|inactive|Battle timer is ON: inactive players will automatically lose when time's up. (requested by Soyeon is a cutie)\n|\n|t:|1699525654\n|start\n|switch|p1a: Galvantula|Galvantula, M|100\/100\n|switch|p2a: Arceus|Arceus-Fairy|100\/100\n|turn|1\n|\n|t:|1699525658\n|move|p2a: Arceus|Taunt|p1a: Galvantula\n|-start|p1a: Galvantula|move: Taunt\n|cant|p1a: Galvantula|move: Taunt|Sticky Web\n|\n|upkeep\n|turn|2\n|\n|t:|1699525669\n|switch|p1a: Kyogre|Kyogre|100\/100\n|detailschange|p1a: Kyogre|Kyogre-Primal\n|-primal|p1a: Kyogre|Blue Orb\n|-weather|PrimordialSea|[from] ability: Primordial Sea|[of] p1a: Kyogre\n|move|p2a: Arceus|Judgment|p1a: Kyogre\n|-damage|p1a: Kyogre|74\/100\n|\n|-weather|PrimordialSea|[upkeep]\n|upkeep\n|turn|3\n|\n|t:|1699525685\n|move|p2a: Arceus|Toxic|p1a: Kyogre\n|-status|p1a: Kyogre|tox\n|move|p1a: Kyogre|Surf|p2a: Arceus\n|-damage|p2a: Arceus|33\/100\n|\n|-weather|PrimordialSea|[upkeep]\n|-damage|p1a: Kyogre|67\/100 tox|[from] psn\n|upkeep\n|turn|4\n|\n|t:|1699525692\n|move|p2a: Arceus|Recover|p2a: Arceus\n|-heal|p2a: Arceus|83\/100\n|move|p1a: Kyogre|Surf|p2a: Arceus\n|-damage|p2a: Arceus|20\/100\n|\n|-weather|PrimordialSea|[upkeep]\n|-damage|p1a: Kyogre|55\/100 tox|[from] psn\n|upkeep\n|turn|5\n|\n|t:|1699525701\n|move|p2a: Arceus|Recover|p2a: Arceus\n|-heal|p2a: Arceus|70\/100\n|move|p1a: Kyogre|Surf|p2a: Arceus\n|-damage|p2a: Arceus|0 fnt\n|faint|p2a: Arceus\n|\n|-weather|PrimordialSea|[upkeep]\n|-damage|p1a: Kyogre|36\/100 tox|[from] psn\n|upkeep\n|\n|t:|1699525706\n|switch|p2a: Necrozma|Necrozma-Dusk-Mane, shiny|100\/100\n|turn|6\n|\n|t:|1699525711\n|detailschange|p2a: Necrozma|Necrozma-Ultra, shiny\n|-burst|p2a: Necrozma|Necrozma|Ultranecrozium Z\n|move|p2a: Necrozma|Stealth Rock|p1a: Kyogre\n|-sidestart|p1: delete later420|move: Stealth Rock\n|move|p1a: Kyogre|Surf|p2a: Necrozma\n|-resisted|p2a: Necrozma\n|-damage|p2a: Necrozma|47\/100\n|\n|-weather|PrimordialSea|[upkeep]\n|-damage|p1a: Kyogre|12\/100 tox|[from] psn\n|upkeep\n|turn|7\n|\n|t:|1699525719\n|move|p2a: Necrozma|Photon Geyser|p1a: Kyogre\n|-damage|p1a: Kyogre|0 fnt\n|faint|p1a: Kyogre\n|-weather|none\n|\n|upkeep\n|\n|t:|1699525727\n|switch|p1a: Zacian|Zacian-Crowned|100\/100\n|-damage|p1a: Zacian|94\/100|[from] Stealth Rock\n|-ability|p1a: Zacian|Intrepid Sword|boost\n|-boost|p1a: Zacian|atk|1\n|turn|8\n|\n|t:|1699525740\n|switch|p2a: Kingambit|Kingambit, F|100\/100\n|-activate|p2a: Kingambit|ability: Supreme Overlord\n|-start|p2a: Kingambit|fallen1|[silent]\n|move|p1a: Zacian|Play Rough|p2a: Kingambit\n|-damage|p2a: Kingambit|48\/100\n|\n|upkeep\n|turn|9\n|\n|t:|1699525760\n|move|p2a: Kingambit|Sucker Punch|p1a: Zacian\n|-resisted|p1a: Zacian\n|-damage|p1a: Zacian|70\/100\n|move|p1a: Zacian|Behemoth Blade|p2a: Kingambit\n|-resisted|p2a: Kingambit\n|-damage|p2a: Kingambit|16\/100\n|\n|upkeep\n|turn|10\n|\n|t:|1699525767\n|move|p1a: Zacian|Behemoth Blade|p2a: Kingambit\n|-resisted|p2a: Kingambit\n|-damage|p2a: Kingambit|0 fnt\n|faint|p2a: Kingambit\n|-end|p2a: Kingambit|fallen1|[silent]\n|\n|upkeep\n|\n|t:|1699525769\n|switch|p2a: Ditto|Ditto, shiny|100\/100\n|-transform|p2a: Ditto|p1a: Zacian|[from] ability: Imposter\n|-ability|p2a: Ditto|Intrepid Sword|boost\n|-boost|p2a: Ditto|atk|1\n|turn|11\n|\n|t:|1699525777\n|move|p2a: Ditto|Behemoth Blade|p1a: Zacian\n|-damage|p1a: Zacian|0 fnt\n|faint|p1a: Zacian\n|\n|upkeep\n|\n|t:|1699525791\n|switch|p1a: Stakataka|Stakataka|100\/100\n|-damage|p1a: Stakataka|94\/100|[from] Stealth Rock\n|turn|12\n|\n|t:|1699525806\n|move|p2a: Ditto|Behemoth Blade|p1a: Stakataka\n|-damage|p1a: Stakataka|48\/100\n|move|p1a: Stakataka|Trick Room|p1a: Stakataka\n|-fieldstart|move: Trick Room|[of] p1a: Stakataka\n|\n|-heal|p1a: Stakataka|54\/100|[from] item: Leftovers\n|upkeep\n|turn|13\n|\n|t:|1699525816\n|switch|p2a: Necrozma|Necrozma-Ultra, shiny|47\/100\n|move|p1a: Stakataka|Iron Defense|p1a: Stakataka\n|-boost|p1a: Stakataka|def|2\n|\n|-heal|p1a: Stakataka|60\/100|[from] item: Leftovers\n|upkeep\n|turn|14\n|\n|t:|1699525823\n|move|p1a: Stakataka|Body Press|p2a: Necrozma\n|-resisted|p2a: Necrozma\n|-damage|p2a: Necrozma|0 fnt\n|faint|p2a: Necrozma\n|-ability|p1a: Stakataka|Beast Boost|boost\n|-boost|p1a: Stakataka|def|1\n|\n|-heal|p1a: Stakataka|66\/100|[from] item: Leftovers\n|upkeep\n|\n|t:|1699525827\n|switch|p2a: Ditto|Ditto, shiny|100\/100\n|-transform|p2a: Ditto|p1a: Stakataka|[from] ability: Imposter\n|turn|15\n|\n|t:|1699525834\n|-terastallize|p1a: Stakataka|Fighting\n|-terastallize|p2a: Ditto|Ghost\n|move|p1a: Stakataka|Body Press|p2a: Ditto\n|-immune|p2a: Ditto\n|move|p2a: Ditto|Body Press|p1a: Stakataka\n|-damage|p1a: Stakataka|48\/100\n|\n|-heal|p1a: Stakataka|54\/100|[from] item: Leftovers\n|upkeep\n|turn|16\n|\n|t:|1699525843\n|move|p1a: Stakataka|Gyro Ball|p2a: Ditto\n|-damage|p2a: Ditto|97\/100\n|move|p2a: Ditto|Body Press|p1a: Stakataka\n|-damage|p1a: Stakataka|35\/100\n|\n|-heal|p1a: Stakataka|41\/100|[from] item: Leftovers\n|-fieldend|move: Trick Room\n|upkeep\n|turn|17\n|\n|t:|1699525851\n|switch|p2a: Lunala|Lunala, shiny|100\/100\n|move|p1a: Stakataka|Gyro Ball|p2a: Lunala\n|-damage|p2a: Lunala|70\/100\n|\n|-heal|p1a: Stakataka|47\/100|[from] item: Leftovers\n|upkeep\n|turn|18\n|\n|t:|1699525858\n|move|p2a: Lunala|Moonblast|p1a: Stakataka\n|-supereffective|p1a: Stakataka\n|-damage|p1a: Stakataka|0 fnt\n|faint|p1a: Stakataka\n|\n|upkeep\n|-message|delete later420 forfeited.\n|\n|win|Soyeon is a cutie\n|raw|delete later420's rating: 1588 &rarr; <strong>1581<\/strong><br \/>(-7 for losing)\n|raw|Soyeon is a cutie's rating: 1847 &rarr; <strong>1854<\/strong><br \/>(+7 for winning)\n|l|\u2606delete later420\n|l|\u2606Soyeon is a cutie\n","uploadtime":1699525876,"views":6,"p1id":"deletelater420","p2id":"soyeonisacutie","formatid":"gen9nationaldexubers","rating":1581,"private":0,"password":""}