{"id":"gen9nationaldexubers-2000363086","p1":"SMN_17","p2":"Wioinhoapiczpnoje","format":"[Gen 9] National Dex Ubers","log":"|j|\u2606SMN_17\n|j|\u2606Wioinhoapiczpnoje\n|t:|1701188458\n|gametype|singles\n|player|p1|SMN_17|hilbert|1135\n|player|p2|Wioinhoapiczpnoje|red|1060\n|teamsize|p1|6\n|teamsize|p2|6\n|gen|9\n|tier|[Gen 9] National Dex Ubers\n|rated|\n|rule|HP Percentage Mod: HP is shown in percentages\n|rule|Endless Battle Clause: Forcing endless battles is banned\n|rule|OHKO Clause: OHKO moves are banned\n|rule|Evasion Moves Clause: Evasion moves are banned\n|rule|Evasion Items Clause: Evasion items are banned\n|rule|Species Clause: Limit one of each Pok\u00e9mon\n|rule|Sleep Clause Mod: Limit one foe put to sleep\n|rule|Mega Rayquaza Clause: You cannot mega evolve Rayquaza\n|clearpoke\n|poke|p1|Swampert, M|\n|poke|p1|Palafin, M|\n|poke|p1|Samurott-Hisui, M|\n|poke|p1|Blastoise, M|\n|poke|p1|Golduck, M|\n|poke|p1|Gyarados, M|\n|poke|p2|Groudon|\n|poke|p2|Zeraora|\n|poke|p2|Zygarde|\n|poke|p2|Calyrex-Ice|\n|poke|p2|Kyogre|\n|poke|p2|Zacian-*|\n|teampreview\n|\n|t:|1701188478\n|start\n|switch|p1a: All Might|Palafin, M, shiny|100\/100\n|switch|p2a: Groudon|Groudon|100\/100\n|detailschange|p2a: Groudon|Groudon-Primal\n|-primal|p2a: Groudon|Red Orb\n|-weather|DesolateLand|[from] ability: Desolate Land|[of] p2a: Groudon\n|turn|1\n|inactive|Battle timer is ON: inactive players will automatically lose when time's up. (requested by SMN_17)\n|\n|t:|1701188504\n|move|p1a: All Might|Flip Turn||[still]\n|-fail|p1a: All Might|Flip Turn|[from] Desolate Land\n|move|p2a: Groudon|Earthquake|p1a: All Might\n|-damage|p1a: All Might|0 fnt\n|faint|p1a: All Might\n|\n|-weather|DesolateLand|[upkeep]\n|upkeep\n|\n|t:|1701188523\n|switch|p1a: Levi|Gyarados, M|100\/100\n|turn|2\n|\n|t:|1701188538\n|-terastallize|p1a: Levi|Flying\n|move|p1a: Levi|Dragon Dance|p1a: Levi\n|-boost|p1a: Levi|atk|1\n|-boost|p1a: Levi|spe|1\n|move|p2a: Groudon|Earthquake|p1a: Levi\n|-immune|p1a: Levi\n|\n|-weather|DesolateLand|[upkeep]\n|upkeep\n|turn|3\n|\n|t:|1701188559\n|move|p1a: Levi|Earthquake|p2a: Groudon\n|-supereffective|p2a: Groudon\n|-damage|p2a: Groudon|41\/100\n|move|p2a: Groudon|Will-O-Wisp|p1a: Levi|[miss]\n|-miss|p2a: Groudon|p1a: Levi\n|\n|-weather|DesolateLand|[upkeep]\n|upkeep\n|turn|4\n|\n|t:|1701188573\n|move|p1a: Levi|Dragon Dance|p1a: Levi\n|-boost|p1a: Levi|atk|1\n|-boost|p1a: Levi|spe|1\n|move|p2a: Groudon|Will-O-Wisp|p1a: Levi\n|-status|p1a: Levi|brn\n|\n|-weather|DesolateLand|[upkeep]\n|-damage|p1a: Levi|94\/100 brn|[from] brn\n|upkeep\n|turn|5\n|\n|t:|1701188579\n|move|p1a: Levi|Earthquake|p2a: Groudon\n|-supereffective|p2a: Groudon\n|-damage|p2a: Groudon|0 fnt\n|faint|p2a: Groudon\n|-weather|none\n|-ability|p1a: Levi|Moxie|boost\n|-boost|p1a: Levi|atk|1\n|\n|-damage|p1a: Levi|88\/100 brn|[from] brn\n|upkeep\n|\n|t:|1701188592\n|switch|p2a: Zeraora|Zeraora|100\/100\n|turn|6\n|\n|t:|1701188614\n|move|p1a: Levi|Earthquake|p2a: Zeraora\n|-supereffective|p2a: Zeraora\n|-damage|p2a: Zeraora|0 fnt\n|faint|p2a: Zeraora\n|-ability|p1a: Levi|Moxie|boost\n|-boost|p1a: Levi|atk|1\n|\n|-damage|p1a: Levi|82\/100 brn|[from] brn\n|upkeep\n|\n|t:|1701188626\n|switch|p2a: Zacian|Zacian-Crowned|100\/100\n|-ability|p2a: Zacian|Intrepid Sword|boost\n|-boost|p2a: Zacian|atk|1\n|turn|7\n|\n|t:|1701188638\n|move|p1a: Levi|Earthquake|p2a: Zacian\n|-supereffective|p2a: Zacian\n|-damage|p2a: Zacian|0 fnt\n|faint|p2a: Zacian\n|-ability|p1a: Levi|Moxie|boost\n|-boost|p1a: Levi|atk|1\n|\n|-damage|p1a: Levi|76\/100 brn|[from] brn\n|upkeep\n|\n|t:|1701188651\n|switch|p2a: Zygarde|Zygarde|100\/100\n|turn|8\n|\n|t:|1701188658\n|move|p1a: Levi|Tera Blast|p2a: Zygarde|[anim] Tera Blast Flying\n|-damage|p2a: Zygarde|9\/100\n|move|p2a: Zygarde|Dragon Dance|p2a: Zygarde\n|-boost|p2a: Zygarde|atk|1\n|-boost|p2a: Zygarde|spe|1\n|\n|-heal|p2a: Zygarde|16\/100|[from] item: Leftovers\n|-damage|p1a: Levi|70\/100 brn|[from] brn\n|-activate|p2a: Zygarde|ability: Power Construct\n|detailschange|p2a: Zygarde|Zygarde-Complete\n|-heal|p2a: Zygarde|48\/100|[silent]\n|upkeep\n|turn|9\n|\n|t:|1701188665\n|move|p1a: Levi|Tera Blast|p2a: Zygarde|[anim] Tera Blast Flying\n|-damage|p2a: Zygarde|0 fnt\n|faint|p2a: Zygarde\n|-ability|p1a: Levi|Moxie|boost\n|-boost|p1a: Levi|atk|1\n|\n|-damage|p1a: Levi|64\/100 brn|[from] brn\n|upkeep\n|\n|t:|1701188673\n|switch|p2a: Kyogre|Kyogre|100\/100\n|detailschange|p2a: Kyogre|Kyogre-Primal\n|-primal|p2a: Kyogre|Blue Orb\n|-weather|PrimordialSea|[from] ability: Primordial Sea|[of] p2a: Kyogre\n|turn|10\n|\n|t:|1701188679\n|move|p1a: Levi|Tera Blast|p2a: Kyogre|[anim] Tera Blast Flying\n|-damage|p2a: Kyogre|0 fnt\n|faint|p2a: Kyogre\n|-weather|none\n|\n|-damage|p1a: Levi|58\/100 brn|[from] brn\n|upkeep\n|\n|t:|1701188689\n|switch|p2a: Calyrex|Calyrex-Ice|100\/100\n|-ability|p2a: Calyrex|As One\n|-ability|p2a: Calyrex|Unnerve\n|turn|11\n|\n|t:|1701188696\n|-terastallize|p2a: Calyrex|Fairy\n|move|p1a: Levi|Waterfall|p2a: Calyrex\n|-damage|p2a: Calyrex|48\/100\n|move|p2a: Calyrex|Expanding Force|p1a: Levi\n|-damage|p1a: Levi|24\/100 brn\n|\n|-heal|p2a: Calyrex|55\/100|[from] item: Leftovers\n|-damage|p1a: Levi|18\/100 brn|[from] brn\n|upkeep\n|turn|12\n|\n|t:|1701188710\n|move|p1a: Levi|Tera Blast|p2a: Calyrex|[anim] Tera Blast Flying\n|-damage|p2a: Calyrex|0 fnt\n|faint|p2a: Calyrex\n|\n|win|SMN_17\n|raw|SMN_17's rating: 1135 &rarr; <strong>1156<\/strong><br \/>(+21 for winning)\n|raw|Wioinhoapiczpnoje's rating: 1076 &rarr; <strong>1058<\/strong><br \/>(-18 for losing)\n|c|\u2606SMN_17|gg\n|l|\u2606Wioinhoapiczpnoje\n","uploadtime":1701188720,"views":8,"p1id":"smn17","p2id":"wioinhoapiczpnoje","formatid":"gen9nationaldexubers","rating":1058,"private":0,"password":""}