{"id":"gen9nationaldexubers-1988399022","p1":"Malice Incarnate","p2":"AhiruChan","format":"[Gen 9] National Dex Ubers","log":"|j|\u2606Malice Incarnate\n|j|\u2606AhiruChan\n|t:|1699718575\n|gametype|singles\n|player|p1|Malice Incarnate|palmer|\n|player|p2|AhiruChan|waitress|\n|teamsize|p1|6\n|teamsize|p2|6\n|gen|9\n|tier|[Gen 9] National Dex Ubers\n|rule|HP Percentage Mod: HP is shown in percentages\n|rule|Endless Battle Clause: Forcing endless battles is banned\n|rule|OHKO Clause: OHKO moves are banned\n|rule|Evasion Moves Clause: Evasion moves are banned\n|rule|Evasion Items Clause: Evasion items are banned\n|rule|Species Clause: Limit one of each Pok\u00e9mon\n|rule|Sleep Clause Mod: Limit one foe put to sleep\n|rule|Mega Rayquaza Clause: You cannot mega evolve Rayquaza\n|clearpoke\n|poke|p1|Scizor, F|\n|poke|p1|Landorus-Therian, M|\n|poke|p1|Greninja-*, F|\n|poke|p1|Corviknight, F|\n|poke|p1|Blissey, F|\n|poke|p1|Conkeldurr, F|\n|poke|p2|Urshifu-*, F|\n|poke|p2|Chi-Yu|\n|poke|p2|Sableye, F|\n|poke|p2|Meowscarada, M|\n|poke|p2|Grimmsnarl, M|\n|poke|p2|Greninja-*, M|\n|teampreview\n|inactive|Battle timer is ON: inactive players will automatically lose when time's up. (requested by Malice Incarnate)\n|c|\u2606Malice Incarnate|feesh\n|c|\u2606Malice Incarnate|tera drag corv\n|inactive|AhiruChan has 270 seconds left.\n|c|\u2606AhiruChan|oki\n|c|\u2606AhiruChan|glhf\n|\n|t:|1699718619\n|start\n|switch|p1a: Amphinobi|Greninja, F|100\/100\n|switch|p2a: Sableye|Sableye, F|100\/100\n|turn|1\n|\n|t:|1699718631\n|detailschange|p2a: Sableye|Sableye-Mega, F\n|-mega|p2a: Sableye|Sableye|Sablenite\n|move|p1a: Amphinobi|U-turn|p2a: Sableye\n|-start|p1a: Amphinobi|typechange|Bug|[from] ability: Protean\n|-damage|p2a: Sableye|77\/100\n|\n|t:|1699718637\n|switch|p1a: UUBL|Landorus-Therian, M|100\/100|[from] U-turn\n|-ability|p1a: UUBL|Intimidate|boost\n|-unboost|p2a: Sableye|atk|1\n|move|p2a: Sableye|Knock Off|p1a: UUBL\n|-damage|p1a: UUBL|84\/100\n|\n|upkeep\n|turn|2\n|c|\u2606AhiruChan|no items?\n|c|\u2606AhiruChan|oh\n|c|\u2606AhiruChan|wait\n|c|\u2606AhiruChan|z move\n|c|\u2606Malice Incarnate|no item acrobatics is the meta\n|inactive|AhiruChan has 270 seconds left.\n|c|\u2606Malice Incarnate|smh my head\n|\n|t:|1699718670\n|move|p1a: UUBL|Earthquake|p2a: Sableye\n|-damage|p2a: Sableye|25\/100\n|move|p2a: Sableye|Recover|p2a: Sableye\n|-heal|p2a: Sableye|75\/100\n|\n|upkeep\n|turn|3\n|\n|t:|1699718678\n|switch|p2a: Meowscarada|Meowscarada, M|100\/100\n|move|p1a: UUBL|Swords Dance|p1a: UUBL\n|-boost|p1a: UUBL|atk|2\n|\n|upkeep\n|turn|4\n|\n|t:|1699718685\n|switch|p1a: Tinkatrouble|Corviknight, F|100\/100\n|-ability|p1a: Tinkatrouble|Pressure\n|move|p2a: Meowscarada|U-turn|p1a: Tinkatrouble\n|-start|p2a: Meowscarada|typechange|Bug|[from] ability: Protean\n|-resisted|p1a: Tinkatrouble\n|-damage|p1a: Tinkatrouble|96\/100\n|-damage|p2a: Meowscarada|84\/100|[from] item: Rocky Helmet|[of] p1a: Tinkatrouble\n|j| Destinum\n|\n|t:|1699718695\n|switch|p2a: Greninja|Greninja, M|100\/100|[from] U-turn\n|\n|upkeep\n|turn|5\n|\n|t:|1699718709\n|switch|p2a: Urshifu|Urshifu, F|100\/100\n|move|p1a: Tinkatrouble|U-turn|p2a: Urshifu\n|-damage|p2a: Urshifu|87\/100\n|\n|t:|1699718719\n|switch|p1a: Honkeldurr|Conkeldurr, F|100\/100|[from] U-turn\n|\n|-status|p1a: Honkeldurr|brn|[from] item: Flame Orb\n|upkeep\n|turn|6\n|\n|t:|1699718733\n|switch|p2a: Sableye|Sableye-Mega, F|75\/100\n|move|p1a: Honkeldurr|Close Combat|p2a: Sableye\n|-immune|p2a: Sableye\n|\n|-damage|p1a: Honkeldurr|94\/100 brn|[from] brn\n|upkeep\n|turn|7\n|\n|t:|1699718737\n|move|p1a: Honkeldurr|Knock Off|p2a: Sableye\n|-damage|p2a: Sableye|42\/100\n|move|p2a: Sableye|Encore|p1a: Honkeldurr\n|-start|p1a: Honkeldurr|Encore\n|\n|-damage|p1a: Honkeldurr|88\/100 brn|[from] brn\n|upkeep\n|turn|8\n|\n|t:|1699718741\n|move|p1a: Honkeldurr|Knock Off|p2a: Sableye\n|-damage|p2a: Sableye|7\/100\n|move|p2a: Sableye|Recover|p2a: Sableye\n|-heal|p2a: Sableye|57\/100\n|\n|-damage|p1a: Honkeldurr|82\/100 brn|[from] brn\n|upkeep\n|turn|9\n|\n|t:|1699718745\n|move|p1a: Honkeldurr|Knock Off|p2a: Sableye\n|-damage|p2a: Sableye|26\/100\n|move|p2a: Sableye|Recover|p2a: Sableye\n|-heal|p2a: Sableye|76\/100\n|\n|-damage|p1a: Honkeldurr|76\/100 brn|[from] brn\n|upkeep\n|turn|10\n|\n|t:|1699718756\n|move|p1a: Honkeldurr|Knock Off|p2a: Sableye\n|-damage|p2a: Sableye|41\/100\n|move|p2a: Sableye|Recover|p2a: Sableye\n|-heal|p2a: Sableye|91\/100\n|\n|-damage|p1a: Honkeldurr|70\/100 brn|[from] brn\n|-end|p1a: Honkeldurr|Encore\n|upkeep\n|turn|11\n|\n|t:|1699718761\n|move|p1a: Honkeldurr|Earthquake|p2a: Sableye\n|-damage|p2a: Sableye|41\/100\n|move|p2a: Sableye|Knock Off|p1a: Honkeldurr\n|-resisted|p1a: Honkeldurr\n|-damage|p1a: Honkeldurr|58\/100 brn\n|-enditem|p1a: Honkeldurr|Flame Orb|[from] move: Knock Off|[of] p2a: Sableye\n|\n|-damage|p1a: Honkeldurr|52\/100 brn|[from] brn\n|upkeep\n|turn|12\n|\n|t:|1699718772\n|move|p1a: Honkeldurr|Earthquake|p2a: Sableye\n|-damage|p2a: Sableye|0 fnt\n|faint|p2a: Sableye\n|\n|-damage|p1a: Honkeldurr|46\/100 brn|[from] brn\n|upkeep\n|c|\u2606Malice Incarnate|oh nah\n|\n|t:|1699718778\n|switch|p2a: Grimmsnarl|Grimmsnarl, M|100\/100\n|turn|13\n|\n|t:|1699718782\n|switch|p1a: Faberge|Scizor, F|100\/100\n|move|p2a: Grimmsnarl|Reflect|p2a: Grimmsnarl\n|-sidestart|p2: AhiruChan|Reflect\n|\n|upkeep\n|turn|14\n|\n|t:|1699718786\n|detailschange|p1a: Faberge|Scizor-Mega, F\n|-mega|p1a: Faberge|Scizor|Scizorite\n|move|p2a: Grimmsnarl|Parting Shot|p1a: Faberge\n|-unboost|p1a: Faberge|atk|1\n|-unboost|p1a: Faberge|spa|1\n|\n|t:|1699718792\n|switch|p2a: Chi-Yu|Chi-Yu|100\/100|[from] Parting Shot\n|-ability|p2a: Chi-Yu|Beads of Ruin\n|move|p1a: Faberge|Swords Dance|p1a: Faberge\n|-boost|p1a: Faberge|atk|2\n|\n|upkeep\n|turn|15\n|c|\u2606AhiruChan|THE FISH\n|\n|t:|1699718801\n|switch|p1a: Fat Fuck Friday|Blissey, F|100\/100\n|move|p2a: Chi-Yu|Nasty Plot|p2a: Chi-Yu\n|-boost|p2a: Chi-Yu|spa|2\n|\n|upkeep\n|turn|16\n|\n|t:|1699718805\n|move|p2a: Chi-Yu|Dark Pulse|p1a: Fat Fuck Friday\n|-damage|p1a: Fat Fuck Friday|62\/100\n|move|p1a: Fat Fuck Friday|Toxic|p2a: Chi-Yu\n|-status|p2a: Chi-Yu|tox\n|\n|-damage|p2a: Chi-Yu|95\/100 tox|[from] psn\n|upkeep\n|turn|17\n|\n|t:|1699718810\n|move|p2a: Chi-Yu|Overheat|p1a: Fat Fuck Friday|[miss]\n|-miss|p2a: Chi-Yu|p1a: Fat Fuck Friday\n|move|p1a: Fat Fuck Friday|Soft-Boiled|p1a: Fat Fuck Friday\n|-heal|p1a: Fat Fuck Friday|100\/100\n|\n|-damage|p2a: Chi-Yu|83\/100 tox|[from] psn\n|upkeep\n|turn|18\n|c|\u2606AhiruChan|fml\n|\n|t:|1699718819\n|move|p2a: Chi-Yu|Nasty Plot|p2a: Chi-Yu\n|-boost|p2a: Chi-Yu|spa|2\n|move|p1a: Fat Fuck Friday|Soft-Boiled||[still]\n|-fail|p1a: Fat Fuck Friday|heal\n|\n|-damage|p2a: Chi-Yu|65\/100 tox|[from] psn\n|upkeep\n|turn|19\n|\n|t:|1699718823\n|-terastallize|p2a: Chi-Yu|Fire\n|move|p2a: Chi-Yu|Overheat|p1a: Fat Fuck Friday|[miss]\n|-miss|p2a: Chi-Yu|p1a: Fat Fuck Friday\n|move|p1a: Fat Fuck Friday|Seismic Toss|p2a: Chi-Yu\n|-damage|p2a: Chi-Yu|25\/100 tox\n|\n|-damage|p2a: Chi-Yu|1\/100 tox|[from] psn\n|upkeep\n|turn|20\n|c|\u2606AhiruChan|r4gf34uifjf3er\n|\n|t:|1699718830\n|move|p2a: Chi-Yu|Overheat|p1a: Fat Fuck Friday|[miss]\n|-miss|p2a: Chi-Yu|p1a: Fat Fuck Friday\n|move|p1a: Fat Fuck Friday|Soft-Boiled||[still]\n|-fail|p1a: Fat Fuck Friday|heal\n|\n|-damage|p2a: Chi-Yu|0 fnt|[from] psn\n|faint|p2a: Chi-Yu\n|-sideend|p2: AhiruChan|Reflect\n|upkeep\n|c|\u2606Malice Incarnate|i\n|c|\u2606Malice Incarnate|i am sorry\n|c| Destinum|Now that's some skilled gameplay.\n|\n|t:|1699718850\n|switch|p2a: Urshifu|Urshifu, F|87\/100\n|turn|21\n|c|\u2606Malice Incarnate|gotta love my 1\/1000 odds\n|\n|t:|1699718859\n|move|p2a: Urshifu|Wicked Blow|p1a: Fat Fuck Friday\n|-crit|p1a: Fat Fuck Friday\n|-damage|p1a: Fat Fuck Friday|21\/100\n|move|p1a: Fat Fuck Friday|Teleport|p1a: Fat Fuck Friday\n|\n|t:|1699718866\n|switch|p1a: Honkeldurr|Conkeldurr, F|46\/100 brn|[from] Teleport\n|\n|-damage|p1a: Honkeldurr|40\/100 brn|[from] brn\n|upkeep\n|turn|22\n|\n|t:|1699718872\n|move|p1a: Honkeldurr|Mach Punch|p2a: Urshifu\n|-supereffective|p2a: Urshifu\n|-damage|p2a: Urshifu|17\/100\n|move|p2a: Urshifu|Wicked Blow|p1a: Honkeldurr\n|-resisted|p1a: Honkeldurr\n|-crit|p1a: Honkeldurr\n|-damage|p1a: Honkeldurr|2\/100 brn\n|\n|-damage|p1a: Honkeldurr|0 fnt|[from] brn\n|faint|p1a: Honkeldurr\n|upkeep\n|\n|t:|1699718880\n|switch|p1a: Tinkatrouble|Corviknight, F|96\/100\n|-ability|p1a: Tinkatrouble|Pressure\n|turn|23\n|\n|t:|1699718901\n|move|p2a: Urshifu|Wicked Blow|p1a: Tinkatrouble\n|-crit|p1a: Tinkatrouble\n|-damage|p1a: Tinkatrouble|43\/100\n|-damage|p2a: Urshifu|0 fnt|[from] item: Rocky Helmet|[of] p1a: Tinkatrouble\n|faint|p2a: Urshifu\n|move|p1a: Tinkatrouble|Brave Bird|p2: Urshifu|[notarget]\n|-fail|p1a: Tinkatrouble\n|\n|upkeep\n|\n|t:|1699718904\n|switch|p2a: Greninja|Greninja, M|100\/100\n|turn|24\n|\n|t:|1699718912\n|move|p2a: Greninja|Hydro Pump|p1a: Tinkatrouble\n|-damage|p1a: Tinkatrouble|0 fnt\n|faint|p1a: Tinkatrouble\n|-ability|p2a: Greninja|Battle Bond|boost\n|-boost|p2a: Greninja|atk|1\n|-boost|p2a: Greninja|spa|1\n|-boost|p2a: Greninja|spe|1\n|-activate|p2a: Greninja|ability: Battle Bond\n|\n|upkeep\n|\n|t:|1699718917\n|switch|p1a: Faberge|Scizor-Mega, F|100\/100\n|turn|25\n|\n|t:|1699718922\n|-zpower|p2a: Greninja\n|move|p2a: Greninja|Hydro Vortex|p1a: Faberge|[zeffect]\n|-damage|p1a: Faberge|0 fnt\n|faint|p1a: Faberge\n|\n|upkeep\n|\n|t:|1699718929\n|switch|p1a: Amphinobi|Greninja, F|100\/100\n|turn|26\n|\n|t:|1699718933\n|move|p1a: Amphinobi|Gunk Shot|p2a: Greninja|[miss]\n|-start|p1a: Amphinobi|typechange|Poison|[from] ability: Protean\n|-miss|p1a: Amphinobi|p2a: Greninja\n|move|p2a: Greninja|Hydro Pump|p1a: Amphinobi\n|-damage|p1a: Amphinobi|0 fnt\n|faint|p1a: Amphinobi\n|\n|upkeep\n|\n|t:|1699718937\n|switch|p1a: Fat Fuck Friday|Blissey, F|21\/100\n|turn|27\n|\n|t:|1699718940\n|move|p2a: Greninja|Hydro Pump|p1a: Fat Fuck Friday|[miss]\n|-miss|p2a: Greninja|p1a: Fat Fuck Friday\n|move|p1a: Fat Fuck Friday|Soft-Boiled|p1a: Fat Fuck Friday\n|-heal|p1a: Fat Fuck Friday|71\/100\n|\n|upkeep\n|turn|28\n|c|\u2606AhiruChan|i swear to fucking god\n|\n|t:|1699718950\n|move|p2a: Greninja|Gunk Shot|p1a: Fat Fuck Friday|[miss]\n|-miss|p2a: Greninja|p1a: Fat Fuck Friday\n|move|p1a: Fat Fuck Friday|Soft-Boiled|p1a: Fat Fuck Friday\n|-heal|p1a: Fat Fuck Friday|100\/100\n|\n|upkeep\n|turn|29\n|c|\u2606Malice Incarnate|i mean\n|\n|t:|1699718955\n|move|p2a: Greninja|Ice Beam|p1a: Fat Fuck Friday\n|-damage|p1a: Fat Fuck Friday|85\/100\n|-status|p1a: Fat Fuck Friday|frz\n|cant|p1a: Fat Fuck Friday|frz\n|\n|upkeep\n|turn|30\n|c|\u2606Malice Incarnate|that\n|\n|t:|1699718968\n|move|p2a: Greninja|Gunk Shot|p1a: Fat Fuck Friday\n|-damage|p1a: Fat Fuck Friday|53\/100 frz\n|cant|p1a: Fat Fuck Friday|frz\n|\n|upkeep\n|turn|31\n|c|\u2606Malice Incarnate|this game is rng\n|\n|t:|1699718973\n|move|p2a: Greninja|Gunk Shot|p1a: Fat Fuck Friday|[miss]\n|-miss|p2a: Greninja|p1a: Fat Fuck Friday\n|cant|p1a: Fat Fuck Friday|frz\n|\n|upkeep\n|turn|32\n|\n|t:|1699718976\n|move|p2a: Greninja|Gunk Shot|p1a: Fat Fuck Friday\n|-damage|p1a: Fat Fuck Friday|23\/100 frz\n|-curestatus|p1a: Fat Fuck Friday|frz|[msg]\n|move|p1a: Fat Fuck Friday|Soft-Boiled|p1a: Fat Fuck Friday\n|-heal|p1a: Fat Fuck Friday|73\/100\n|\n|upkeep\n|turn|33\n|\n|t:|1699718979\n|move|p2a: Greninja|Ice Beam|p1a: Fat Fuck Friday\n|-damage|p1a: Fat Fuck Friday|58\/100\n|move|p1a: Fat Fuck Friday|Soft-Boiled|p1a: Fat Fuck Friday\n|-heal|p1a: Fat Fuck Friday|100\/100\n|\n|upkeep\n|turn|34\n|c|\u2606AhiruChan|again\n|\n|t:|1699718986\n|move|p2a: Greninja|Hydro Pump|p1a: Fat Fuck Friday\n|-damage|p1a: Fat Fuck Friday|76\/100\n|move|p1a: Fat Fuck Friday|Seismic Toss|p2a: Greninja\n|-damage|p2a: Greninja|65\/100\n|\n|upkeep\n|turn|35\n|\n|t:|1699719000\n|switch|p2a: Grimmsnarl|Grimmsnarl, M|100\/100\n|move|p1a: Fat Fuck Friday|Seismic Toss|p2a: Grimmsnarl\n|-damage|p2a: Grimmsnarl|75\/100\n|\n|upkeep\n|turn|36\n|\n|t:|1699719006\n|move|p2a: Grimmsnarl|Reflect|p2a: Grimmsnarl\n|-sidestart|p2: AhiruChan|Reflect\n|move|p1a: Fat Fuck Friday|Teleport|p1a: Fat Fuck Friday\n|\n|t:|1699719008\n|switch|p1a: UUBL|Landorus-Therian, M|84\/100|[from] Teleport\n|-ability|p1a: UUBL|Intimidate|boost\n|-unboost|p2a: Grimmsnarl|atk|1\n|\n|upkeep\n|turn|37\n|\n|t:|1699719011\n|move|p1a: UUBL|Swords Dance|p1a: UUBL\n|-boost|p1a: UUBL|atk|2\n|move|p2a: Grimmsnarl|Spirit Break|p1a: UUBL\n|-damage|p1a: UUBL|60\/100\n|-unboost|p1a: UUBL|spa|1\n|\n|upkeep\n|turn|38\n|\n|t:|1699719018\n|move|p1a: UUBL|Earthquake|p2a: Grimmsnarl\n|-crit|p2a: Grimmsnarl\n|-damage|p2a: Grimmsnarl|0 fnt\n|faint|p2a: Grimmsnarl\n|\n|upkeep\n|\n|t:|1699719022\n|switch|p2a: Greninja|Greninja, M|65\/100\n|turn|39\n|\n|t:|1699719029\n|switch|p1a: Fat Fuck Friday|Blissey, F|76\/100\n|move|p2a: Greninja|Ice Beam|p1a: Fat Fuck Friday\n|-damage|p1a: Fat Fuck Friday|66\/100\n|\n|upkeep\n|turn|40\n|\n|t:|1699719033\n|move|p2a: Greninja|Gunk Shot|p1a: Fat Fuck Friday\n|-damage|p1a: Fat Fuck Friday|46\/100\n|-status|p1a: Fat Fuck Friday|psn\n|move|p1a: Fat Fuck Friday|Seismic Toss|p2a: Greninja\n|-damage|p2a: Greninja|30\/100\n|\n|-damage|p1a: Fat Fuck Friday|33\/100 psn|[from] psn\n|upkeep\n|turn|41\n|\n|t:|1699719037\n|switch|p2a: Meowscarada|Meowscarada, M|84\/100\n|move|p1a: Fat Fuck Friday|Seismic Toss|p2a: Meowscarada\n|-damage|p2a: Meowscarada|50\/100\n|\n|-damage|p1a: Fat Fuck Friday|21\/100 psn|[from] psn\n|upkeep\n|turn|42\n|\n|t:|1699719042\n|move|p2a: Meowscarada|Flower Trick|p1a: Fat Fuck Friday\n|-start|p2a: Meowscarada|typechange|Grass|[from] ability: Protean\n|-crit|p1a: Fat Fuck Friday\n|-damage|p1a: Fat Fuck Friday|0 fnt\n|faint|p1a: Fat Fuck Friday\n|\n|upkeep\n|\n|t:|1699719044\n|switch|p1a: UUBL|Landorus-Therian, M|60\/100\n|-ability|p1a: UUBL|Intimidate|boost\n|-unboost|p2a: Meowscarada|atk|1\n|turn|43\n|\n|t:|1699719048\n|move|p2a: Meowscarada|Flower Trick|p1a: UUBL\n|-crit|p1a: UUBL\n|-damage|p1a: UUBL|0 fnt\n|faint|p1a: UUBL\n|\n|win|AhiruChan\n|c|\u2606AhiruChan|gg.\n|l|\u2606AhiruChan\n","uploadtime":1699719057,"views":30,"p1id":"maliceincarnate","p2id":"ahiruchan","formatid":"gen9nationaldexubers","rating":0,"private":0,"password":""}