{"id":"gen9nationaldexubers-1995290675","p1":"dreepy airlines","p2":"ANinjaDude","format":"[Gen 9] National Dex Ubers","log":"|j|\u2606dreepy airlines\n|j|\u2606ANinjaDude\n|t:|1700547822\n|gametype|singles\n|player|p1|dreepy airlines|waitress-gen6|\n|player|p2|ANinjaDude|volkner|\n|teamsize|p1|6\n|teamsize|p2|6\n|gen|9\n|tier|[Gen 9] National Dex Ubers\n|rule|HP Percentage Mod: HP is shown in percentages\n|rule|Endless Battle Clause: Forcing endless battles is banned\n|rule|OHKO Clause: OHKO moves are banned\n|rule|Evasion Moves Clause: Evasion moves are banned\n|rule|Evasion Items Clause: Evasion items are banned\n|rule|Species Clause: Limit one of each Pok\u00e9mon\n|rule|Sleep Clause Mod: Limit one foe put to sleep\n|rule|Mega Rayquaza Clause: You cannot mega evolve Rayquaza\n|clearpoke\n|poke|p1|Annihilape, M|\n|poke|p1|Garganacl, M|\n|poke|p1|Empoleon, F|\n|poke|p1|Gliscor, F|\n|poke|p1|Gholdengo|\n|poke|p1|Roaring Moon|\n|poke|p2|Aerodactyl, F|\n|poke|p2|Dragonite, M|\n|poke|p2|Celesteela|\n|poke|p2|Landorus-Therian, M|\n|poke|p2|Moltres-Galar|\n|poke|p2|Volcarona, F|\n|teampreview\n|inactive|Battle timer is ON: inactive players will automatically lose when time's up. (requested by dreepy airlines)\n|inactive|ANinjaDude also wants the timer to be on.\n|c|\u2606ANinjaDude|wait i forgot something\n|c|\u2606dreepy airlines|hf\n|c|\u2606ANinjaDude|this team doesnt have the ace\n|c|\u2606ANinjaDude|isnt every team supposed to have the ace?\n|c|\u2606dreepy airlines|im p sure its optional\n|inactive|dreepy airlines has 270 seconds left.\n|inactive|ANinjaDude has 270 seconds left.\n|c|\u2606dreepy airlines|but other lando over this lando works\n|c|\u2606dreepy airlines|cus like im p sure you dont even want an ace on this team lmao\n|inactive|dreepy airlines has 240 seconds left.\n|inactive|ANinjaDude has 240 seconds left.\n|c|\u2606dreepy airlines|skymin and lando-i both do moth\n|c|\u2606ANinjaDude|it looks like its optional\n|c|\u2606dreepy airlines|noth*\n|\n|t:|1700547895\n|start\n|switch|p1a: Empoleon|Empoleon, F|100\/100\n|switch|p2a: Aerodactyl|Aerodactyl, F|100\/100\n|-ability|p2a: Aerodactyl|Unnerve\n|turn|1\n|\n|t:|1700547911\n|move|p2a: Aerodactyl|Taunt|p1a: Empoleon\n|-start|p1a: Empoleon|move: Taunt\n|move|p1a: Empoleon|Flip Turn|p2a: Aerodactyl\n|-supereffective|p2a: Aerodactyl\n|-damage|p2a: Aerodactyl|44\/100\n|\n|t:|1700547936\n|switch|p1a: Garganacl|Garganacl, M|100\/100|[from] Flip Turn\n|\n|upkeep\n|turn|2\n|\n|t:|1700547940\n|move|p2a: Aerodactyl|Stealth Rock|p1a: Garganacl\n|-sidestart|p1: dreepy airlines|move: Stealth Rock\n|move|p1a: Garganacl|Salt Cure|p2a: Aerodactyl\n|-supereffective|p2a: Aerodactyl\n|-crit|p2a: Aerodactyl\n|-damage|p2a: Aerodactyl|0 fnt\n|faint|p2a: Aerodactyl\n|\n|upkeep\n|\n|t:|1700547949\n|switch|p2a: Landorus|Landorus-Therian, M|100\/100\n|-ability|p2a: Landorus|Intimidate|boost\n|-unboost|p1a: Garganacl|atk|1\n|turn|3\n|\n|t:|1700547956\n|move|p2a: Landorus|Rock Polish|p2a: Landorus\n|-boost|p2a: Landorus|spe|2\n|move|p1a: Garganacl|Salt Cure|p2a: Landorus\n|-damage|p2a: Landorus|90\/100\n|-start|p2a: Landorus|Salt Cure\n|\n|-damage|p2a: Landorus|78\/100|[from] Salt Cure\n|upkeep\n|turn|4\n|\n|t:|1700547960\n|switch|p1a: Gliscor|Gliscor, F|100\/100\n|-damage|p1a: Gliscor|88\/100|[from] Stealth Rock\n|move|p2a: Landorus|Earthquake|p1a: Gliscor\n|-immune|p1a: Gliscor\n|\n|-damage|p2a: Landorus|66\/100|[from] Salt Cure\n|-status|p1a: Gliscor|tox|[from] item: Toxic Orb\n|upkeep\n|turn|5\n|\n|t:|1700547965\n|move|p2a: Landorus|Smack Down|p1a: Gliscor\n|-damage|p1a: Gliscor|72\/100 tox\n|-start|p1a: Gliscor|Smack Down\n|move|p1a: Gliscor|Toxic|p2a: Landorus\n|-status|p2a: Landorus|tox\n|-enditem|p2a: Landorus|Lum Berry|[eat]\n|-curestatus|p2a: Landorus|tox|[msg]\n|\n|-heal|p1a: Gliscor|84\/100 tox|[from] ability: Poison Heal\n|-damage|p2a: Landorus|53\/100|[from] Salt Cure\n|upkeep\n|turn|6\n|\n|t:|1700547975\n|move|p2a: Landorus|Earthquake|p1a: Gliscor\n|-damage|p1a: Gliscor|34\/100 tox\n|move|p1a: Gliscor|Roost|p1a: Gliscor\n|-heal|p1a: Gliscor|85\/100 tox\n|-singleturn|p1a: Gliscor|move: Roost\n|\n|-heal|p1a: Gliscor|97\/100 tox|[from] ability: Poison Heal\n|-damage|p2a: Landorus|41\/100|[from] Salt Cure\n|upkeep\n|turn|7\n|\n|t:|1700547981\n|move|p2a: Landorus|Swords Dance|p2a: Landorus\n|-boost|p2a: Landorus|atk|2\n|move|p1a: Gliscor|Toxic|p2a: Landorus\n|-status|p2a: Landorus|tox\n|\n|-damage|p2a: Landorus|35\/100 tox|[from] psn\n|-heal|p1a: Gliscor|100\/100 tox|[from] ability: Poison Heal\n|-damage|p2a: Landorus|23\/100 tox|[from] Salt Cure\n|upkeep\n|turn|8\n|\n|t:|1700547985\n|switch|p1a: Annihilape|Annihilape, M|100\/100\n|-damage|p1a: Annihilape|94\/100|[from] Stealth Rock\n|move|p2a: Landorus|Earthquake|p1a: Annihilape\n|-damage|p1a: Annihilape|0 fnt\n|faint|p1a: Annihilape\n|\n|-damage|p2a: Landorus|11\/100 tox|[from] psn\n|-damage|p2a: Landorus|0 fnt|[from] Salt Cure\n|faint|p2a: Landorus\n|upkeep\n|c|\u2606ANinjaDude|operation fuck annihilape was a success\n|\n|t:|1700548000\n|switch|p2a: Moltres|Moltres-Galar|100\/100\n|switch|p1a: Garganacl|Garganacl, M|100\/100\n|-damage|p1a: Garganacl|88\/100|[from] Stealth Rock\n|turn|9\n|\n|t:|1700548008\n|-terastallize|p2a: Moltres|Dark\n|move|p2a: Moltres|Agility|p2a: Moltres\n|-boost|p2a: Moltres|spe|2\n|move|p1a: Garganacl|Salt Cure|p2a: Moltres\n|-damage|p2a: Moltres|85\/100\n|-start|p2a: Moltres|Salt Cure\n|\n|-heal|p1a: Garganacl|94\/100|[from] item: Leftovers\n|-damage|p2a: Moltres|73\/100|[from] Salt Cure\n|upkeep\n|turn|10\n|c|\u2606dreepy airlines|lmao maybe you shouldve procced policy?\n|c|\u2606ANinjaDude|fair\n|c|\u2606dreepy airlines|i mean either way it prob works\n|inactive|dreepy airlines has 270 seconds left.\n|\n|t:|1700548040\n|move|p2a: Moltres|Nasty Plot|p2a: Moltres\n|-boost|p2a: Moltres|spa|2\n|move|p1a: Garganacl|Earthquake|p2a: Moltres\n|-damage|p2a: Moltres|48\/100\n|-ability|p2a: Moltres|Berserk|boost\n|-boost|p2a: Moltres|spa|1\n|\n|-heal|p1a: Garganacl|100\/100|[from] item: Leftovers\n|-damage|p2a: Moltres|36\/100|[from] Salt Cure\n|upkeep\n|turn|11\n|inactive|dreepy airlines has 270 seconds left.\n|\n|t:|1700548053\n|switch|p1a: Roaring Moon|Roaring Moon|100\/100\n|-damage|p1a: Roaring Moon|88\/100|[from] Stealth Rock\n|-enditem|p1a: Roaring Moon|Booster Energy\n|-activate|p1a: Roaring Moon|ability: Protosynthesis|[fromitem]\n|-start|p1a: Roaring Moon|protosynthesisatk\n|move|p2a: Moltres|Fiery Wrath|p1a: Roaring Moon\n|-resisted|p1a: Roaring Moon\n|-damage|p1a: Roaring Moon|22\/100\n|\n|-damage|p2a: Moltres|23\/100|[from] Salt Cure\n|upkeep\n|turn|12\n|\n|t:|1700548057\n|-end|p1a: Roaring Moon|Protosynthesis|[silent]\n|switch|p1a: Empoleon|Empoleon, F|100\/100\n|-damage|p1a: Empoleon|94\/100|[from] Stealth Rock\n|move|p2a: Moltres|Fiery Wrath|p1a: Empoleon\n|-damage|p1a: Empoleon|1\/100\n|\n|-heal|p1a: Empoleon|7\/100|[from] item: Leftovers\n|-damage|p2a: Moltres|11\/100|[from] Salt Cure\n|upkeep\n|turn|13\n|\n|t:|1700548062\n|move|p2a: Moltres|Fiery Wrath|p1a: Empoleon\n|-damage|p1a: Empoleon|0 fnt\n|faint|p1a: Empoleon\n|\n|-damage|p2a: Moltres|0 fnt|[from] Salt Cure\n|faint|p2a: Moltres\n|upkeep\n|\n|t:|1700548077\n|switch|p2a: Dragonite|Dragonite, M|100\/100\n|switch|p1a: Garganacl|Garganacl, M|100\/100\n|-damage|p1a: Garganacl|88\/100|[from] Stealth Rock\n|turn|14\n|\n|t:|1700548082\n|move|p2a: Dragonite|Dragon Dance|p2a: Dragonite\n|-boost|p2a: Dragonite|atk|1\n|-boost|p2a: Dragonite|spe|1\n|move|p1a: Garganacl|Salt Cure|p2a: Dragonite\n|-supereffective|p2a: Dragonite\n|-damage|p2a: Dragonite|86\/100\n|-start|p2a: Dragonite|Salt Cure\n|\n|-heal|p1a: Garganacl|94\/100|[from] item: Leftovers\n|-damage|p2a: Dragonite|74\/100|[from] Salt Cure\n|upkeep\n|turn|15\n|\n|t:|1700548095\n|-terastallize|p1a: Garganacl|Fairy\n|move|p2a: Dragonite|Earthquake|p1a: Garganacl\n|-damage|p1a: Garganacl|52\/100\n|-damage|p2a: Dragonite|64\/100|[from] item: Life Orb\n|move|p1a: Garganacl|Salt Cure|p2a: Dragonite\n|-supereffective|p2a: Dragonite\n|-damage|p2a: Dragonite|32\/100\n|\n|-heal|p1a: Garganacl|59\/100|[from] item: Leftovers\n|-damage|p2a: Dragonite|19\/100|[from] Salt Cure\n|upkeep\n|turn|16\n|\n|t:|1700548105\n|move|p2a: Dragonite|Roost|p2a: Dragonite\n|-heal|p2a: Dragonite|70\/100\n|-singleturn|p2a: Dragonite|move: Roost\n|move|p1a: Garganacl|Recover|p1a: Garganacl\n|-heal|p1a: Garganacl|100\/100\n|\n|-damage|p2a: Dragonite|57\/100|[from] Salt Cure\n|upkeep\n|turn|17\n|\n|t:|1700548114\n|move|p2a: Dragonite|Dragon Dance|p2a: Dragonite\n|-boost|p2a: Dragonite|atk|1\n|-boost|p2a: Dragonite|spe|1\n|move|p1a: Garganacl|Salt Cure|p2a: Dragonite\n|-supereffective|p2a: Dragonite\n|-damage|p2a: Dragonite|25\/100\n|\n|-damage|p2a: Dragonite|13\/100|[from] Salt Cure\n|upkeep\n|turn|18\n|\n|t:|1700548128\n|move|p2a: Dragonite|Roost|p2a: Dragonite\n|-heal|p2a: Dragonite|63\/100\n|-singleturn|p2a: Dragonite|move: Roost\n|move|p1a: Garganacl|Salt Cure|p2a: Dragonite\n|-crit|p2a: Dragonite\n|-damage|p2a: Dragonite|40\/100\n|\n|-damage|p2a: Dragonite|28\/100|[from] Salt Cure\n|upkeep\n|turn|19\n|\n|t:|1700548137\n|move|p2a: Dragonite|Roost|p2a: Dragonite\n|-heal|p2a: Dragonite|78\/100\n|-singleturn|p2a: Dragonite|move: Roost\n|move|p1a: Garganacl|Curse|p1a: Garganacl\n|-unboost|p1a: Garganacl|spe|1\n|-boost|p1a: Garganacl|atk|1\n|-boost|p1a: Garganacl|def|1\n|\n|-damage|p2a: Dragonite|66\/100|[from] Salt Cure\n|upkeep\n|turn|20\n|\n|t:|1700548141\n|move|p2a: Dragonite|Earthquake|p1a: Garganacl\n|-damage|p1a: Garganacl|65\/100\n|-damage|p2a: Dragonite|56\/100|[from] item: Life Orb\n|move|p1a: Garganacl|Curse|p1a: Garganacl\n|-unboost|p1a: Garganacl|spe|1\n|-boost|p1a: Garganacl|atk|1\n|-boost|p1a: Garganacl|def|1\n|\n|-heal|p1a: Garganacl|72\/100|[from] item: Leftovers\n|-damage|p2a: Dragonite|44\/100|[from] Salt Cure\n|upkeep\n|turn|21\n|\n|t:|1700548146\n|move|p2a: Dragonite|Earthquake|p1a: Garganacl\n|-damage|p1a: Garganacl|46\/100\n|-damage|p2a: Dragonite|34\/100|[from] item: Life Orb\n|move|p1a: Garganacl|Salt Cure|p2a: Dragonite\n|-supereffective|p2a: Dragonite\n|-damage|p2a: Dragonite|0 fnt\n|faint|p2a: Dragonite\n|\n|-heal|p1a: Garganacl|52\/100|[from] item: Leftovers\n|upkeep\n|\n|t:|1700548151\n|switch|p2a: Celesteela|Celesteela|100\/100\n|turn|22\n|inactive|dreepy airlines has 270 seconds left.\n|\n|t:|1700548182\n|move|p2a: Celesteela|Flash Cannon|p1a: Garganacl\n|-supereffective|p1a: Garganacl\n|-damage|p1a: Garganacl|0 fnt\n|faint|p1a: Garganacl\n|-ability|p2a: Celesteela|Beast Boost|boost\n|-boost|p2a: Celesteela|spa|1\n|\n|upkeep\n|\n|t:|1700548187\n|switch|p1a: Gholdengo|Gholdengo|100\/100\n|-damage|p1a: Gholdengo|94\/100|[from] Stealth Rock\n|turn|23\n|\n|t:|1700548193\n|move|p2a: Celesteela|Flamethrower|p1a: Gholdengo\n|-supereffective|p1a: Gholdengo\n|-damage|p1a: Gholdengo|3\/100\n|move|p1a: Gholdengo|Thunder Wave|p2a: Celesteela\n|-status|p2a: Celesteela|par\n|\n|-heal|p1a: Gholdengo|9\/100|[from] item: Leftovers\n|upkeep\n|turn|24\n|\n|t:|1700548200\n|move|p1a: Gholdengo|Hex|p2a: Celesteela\n|-damage|p2a: Celesteela|46\/100 par\n|cant|p2a: Celesteela|par\n|\n|-heal|p1a: Gholdengo|16\/100|[from] item: Leftovers\n|upkeep\n|turn|25\n|c|\u2606ANinjaDude|rude\n|c|\u2606dreepy airlines|yay\n|\n|t:|1700548205\n|move|p1a: Gholdengo|Hex|p2a: Celesteela\n|-damage|p2a: Celesteela|0 fnt\n|faint|p2a: Celesteela\n|\n|-heal|p1a: Gholdengo|22\/100|[from] item: Leftovers\n|upkeep\n|\n|t:|1700548208\n|switch|p2a: Volcarona|Volcarona, F|100\/100\n|turn|26\n|\n|t:|1700548211\n|move|p2a: Volcarona|Flamethrower|p1a: Gholdengo\n|-supereffective|p1a: Gholdengo\n|-damage|p1a: Gholdengo|0 fnt\n|faint|p1a: Gholdengo\n|\n|upkeep\n|\n|t:|1700548215\n|switch|p1a: Roaring Moon|Roaring Moon|22\/100\n|-damage|p1a: Roaring Moon|9\/100|[from] Stealth Rock\n|turn|27\n|\n|t:|1700548220\n|move|p1a: Roaring Moon|Acrobatics|p2a: Volcarona\n|-supereffective|p2a: Volcarona\n|-damage|p2a: Volcarona|0 fnt\n|faint|p2a: Volcarona\n|\n|win|dreepy airlines\n|c|\u2606ANinjaDude|ggs\n|c|\u2606dreepy airlines|gg\n|c|\u2606ANinjaDude|para sold the game\n|c|\u2606dreepy airlines|yea\n|l|\u2606dreepy airlines\n","uploadtime":1700548225,"views":3,"p1id":"dreepyairlines","p2id":"aninjadude","formatid":"gen9nationaldexubers","rating":0,"private":0,"password":""}