{"id":"gen9nationaldexubers-1984775180","p1":"Dan07B","p2":"Elin Baecil","format":"[Gen 9] National Dex Ubers","log":"|j|\u2606Dan07B\n|j|\u2606Elin Baecil\n|t:|1699297999\n|gametype|singles\n|player|p1|Dan07B|pokemonranger-gen4|\n|player|p2|Elin Baecil|leon-masters|\n|teamsize|p1|6\n|teamsize|p2|6\n|gen|9\n|tier|[Gen 9] National Dex Ubers\n|rule|HP Percentage Mod: HP is shown in percentages\n|rule|Endless Battle Clause: Forcing endless battles is banned\n|rule|OHKO Clause: OHKO moves are banned\n|rule|Evasion Moves Clause: Evasion moves are banned\n|rule|Evasion Items Clause: Evasion items are banned\n|rule|Species Clause: Limit one of each Pok\u00e9mon\n|rule|Sleep Clause Mod: Limit one foe put to sleep\n|rule|Mega Rayquaza Clause: You cannot mega evolve Rayquaza\n|clearpoke\n|poke|p1|Goodra-Hisui, F|\n|poke|p1|Gardevoir, F|\n|poke|p1|Dracovish|\n|poke|p1|Metagross|\n|poke|p1|Sirfetch\u2019d, F|\n|poke|p1|Toxapex, M|\n|poke|p2|Ursaluna-Bloodmoon, M|\n|poke|p2|Dragonite, F|\n|poke|p2|Cyclizar, M|\n|poke|p2|Kangaskhan, F|\n|poke|p2|Porygon-Z|\n|poke|p2|Chansey, F|\n|teampreview\n|\n|t:|1699298010\n|start\n|switch|p1a: Gardevoir|Gardevoir, F, shiny|100\/100\n|switch|p2a: Kangaskhan|Kangaskhan, F|100\/100\n|turn|1\n|\n|t:|1699298018\n|detailschange|p2a: Kangaskhan|Kangaskhan-Mega, F\n|-mega|p2a: Kangaskhan|Kangaskhan|Kangaskhanite\n|move|p2a: Kangaskhan|Fake Out|p1a: Gardevoir\n|-damage|p1a: Gardevoir|66\/100\n|-damage|p1a: Gardevoir|58\/100\n|-hitcount|p1a: Gardevoir|2\n|cant|p1a: Gardevoir|flinch\n|\n|upkeep\n|turn|2\n|\n|t:|1699298027\n|move|p1a: Gardevoir|Aura Sphere|p2a: Kangaskhan\n|-supereffective|p2a: Kangaskhan\n|-damage|p2a: Kangaskhan|53\/100\n|move|p2a: Kangaskhan|Body Slam|p1a: Gardevoir\n|-damage|p1a: Gardevoir|0 fnt\n|faint|p1a: Gardevoir\n|-hitcount|p1: Gardevoir|1\n|\n|upkeep\n|\n|t:|1699298034\n|switch|p1a: Perturabo|Metagross, shiny|100\/100\n|turn|3\n|\n|t:|1699298052\n|detailschange|p1a: Perturabo|Metagross-Mega, shiny\n|-mega|p1a: Perturabo|Metagross|Metagrossite\n|move|p1a: Perturabo|Brick Break|p2a: Kangaskhan\n|-supereffective|p2a: Kangaskhan\n|-damage|p2a: Kangaskhan|0 fnt\n|faint|p2a: Kangaskhan\n|\n|upkeep\n|\n|t:|1699298060\n|switch|p2a: Cyclizar|Cyclizar, M|100\/100\n|turn|4\n|\n|t:|1699298066\n|move|p1a: Perturabo|Bullet Punch|p2a: Cyclizar\n|-damage|p2a: Cyclizar|45\/100\n|move|p2a: Cyclizar|Shed Tail|p2a: Cyclizar\n|-fail|p2a: Cyclizar|move: Shed Tail|[weak]\n|\n|upkeep\n|turn|5\n|\n|t:|1699298073\n|switch|p2a: Dragonite|Dragonite, F|100\/100\n|move|p1a: Perturabo|Bullet Punch|p2a: Dragonite\n|-damage|p2a: Dragonite|83\/100\n|\n|upkeep\n|turn|6\n|\n|t:|1699298078\n|-terastallize|p2a: Dragonite|Normal\n|move|p1a: Perturabo|Meteor Mash|p2a: Dragonite\n|-damage|p2a: Dragonite|13\/100\n|move|p2a: Dragonite|Dragon Dance|p2a: Dragonite\n|-boost|p2a: Dragonite|atk|1\n|-boost|p2a: Dragonite|spe|1\n|\n|upkeep\n|turn|7\n|\n|t:|1699298080\n|move|p2a: Dragonite|Extreme Speed|p1a: Perturabo\n|-resisted|p1a: Perturabo\n|-damage|p1a: Perturabo|72\/100\n|move|p1a: Perturabo|Bullet Punch|p2a: Dragonite\n|-damage|p2a: Dragonite|0 fnt\n|faint|p2a: Dragonite\n|\n|upkeep\n|\n|t:|1699298086\n|switch|p2a: Ursaluna|Ursaluna-Bloodmoon, M|100\/100\n|turn|8\n|\n|t:|1699298090\n|move|p1a: Perturabo|Brick Break|p2a: Ursaluna\n|-supereffective|p2a: Ursaluna\n|-damage|p2a: Ursaluna|62\/100\n|move|p2a: Ursaluna|Earth Power|p1a: Perturabo\n|-supereffective|p1a: Perturabo\n|-damage|p1a: Perturabo|0 fnt\n|faint|p1a: Perturabo\n|\n|-heal|p2a: Ursaluna|68\/100|[from] item: Leftovers\n|upkeep\n|\n|t:|1699298104\n|switch|p1a: Mortarion|Toxapex, M|100\/100\n|turn|9\n|\n|t:|1699298110\n|switch|p2a: Cyclizar|Cyclizar, M|78\/100\n|move|p1a: Mortarion|Knock Off|p2a: Cyclizar\n|-damage|p2a: Cyclizar|53\/100\n|-enditem|p2a: Cyclizar|Heavy-Duty Boots|[from] move: Knock Off|[of] p1a: Mortarion\n|\n|upkeep\n|turn|10\n|\n|t:|1699298120\n|switch|p1a: Konrad Curze|Dracovish, shiny|100\/100\n|move|p2a: Cyclizar|Shed Tail|p2a: Cyclizar\n|-start|p2a: Cyclizar|Substitute|[from] move: Shed Tail\n|-damage|p2a: Cyclizar|3\/100\n|\n|t:|1699298126\n|switch|p2a: Porygon-Z|Porygon-Z|100\/100|[from] Shed Tail\n|-ability|p2a: Porygon-Z|Download|boost\n|-boost|p2a: Porygon-Z|spa|1\n|\n|upkeep\n|turn|11\n|\n|t:|1699298129\n|move|p1a: Konrad Curze|Fishious Rend|p2a: Porygon-Z\n|-end|p2a: Porygon-Z|Substitute\n|-zpower|p2a: Porygon-Z\n|move|p2a: Porygon-Z|Z-Conversion|p2a: Porygon-Z|[anim]Conversion\n|-boost|p2a: Porygon-Z|atk|1|[zeffect]\n|-boost|p2a: Porygon-Z|def|1|[zeffect]\n|-boost|p2a: Porygon-Z|spa|1|[zeffect]\n|-boost|p2a: Porygon-Z|spd|1|[zeffect]\n|-boost|p2a: Porygon-Z|spe|1|[zeffect]\n|-start|p2a: Porygon-Z|typechange|Ghost\n|\n|upkeep\n|turn|12\n|\n|t:|1699298137\n|move|p2a: Porygon-Z|Shadow Ball|p1a: Konrad Curze\n|-damage|p1a: Konrad Curze|0 fnt\n|faint|p1a: Konrad Curze\n|\n|upkeep\n|\n|t:|1699298143\n|switch|p1a: Jade|Goodra-Hisui, F, shiny|100\/100\n|turn|13\n|\n|t:|1699298147\n|move|p2a: Porygon-Z|Shadow Ball|p1a: Jade\n|-damage|p1a: Jade|40\/100\n|move|p1a: Jade|Knock Off|p2a: Porygon-Z\n|-supereffective|p2a: Porygon-Z\n|-damage|p2a: Porygon-Z|59\/100\n|\n|upkeep\n|turn|14\n|\n|t:|1699298153\n|move|p2a: Porygon-Z|Shadow Ball|p1a: Jade\n|-damage|p1a: Jade|0 fnt\n|faint|p1a: Jade\n|\n|upkeep\n|\n|t:|1699298162\n|switch|p1a: Mortarion|Toxapex, M|100\/100\n|turn|15\n|\n|t:|1699298167\n|move|p1a: Mortarion|Protect|p1a: Mortarion\n|-singleturn|p1a: Mortarion|Protect\n|move|p2a: Porygon-Z|Thunderbolt|p1a: Mortarion\n|-activate|p1a: Mortarion|move: Protect\n|\n|upkeep\n|turn|16\n|\n|t:|1699298176\n|move|p1a: Mortarion|Baneful Bunker|p1a: Mortarion\n|-singleturn|p1a: Mortarion|move: Protect\n|move|p2a: Porygon-Z|Thunderbolt|p1a: Mortarion\n|-activate|p1a: Mortarion|move: Protect\n|\n|upkeep\n|turn|17\n|\n|t:|1699298188\n|move|p1a: Mortarion|Protect||[still]\n|-fail|p1a: Mortarion\n|move|p2a: Porygon-Z|Thunderbolt|p1a: Mortarion\n|-supereffective|p1a: Mortarion\n|-damage|p1a: Mortarion|0 fnt\n|faint|p1a: Mortarion\n|\n|upkeep\n|\n|t:|1699298196\n|switch|p1a: Lion El'jonhson|Sirfetch\u2019d, F, shiny|100\/100\n|turn|18\n|\n|t:|1699298201\n|move|p2a: Porygon-Z|Shadow Ball|p1a: Lion El'jonhson\n|-damage|p1a: Lion El'jonhson|0 fnt\n|faint|p1a: Lion El'jonhson\n|\n|win|Elin Baecil\n|c|\u2606Dan07B|Okay \ud83d\udc4d\n","uploadtime":1699298215,"views":7,"p1id":"dan07b","p2id":"elinbaecil","formatid":"gen9nationaldexubers","rating":0,"private":0,"password":""}