{"id":"gen9nationaldexubers-1980983145","p1":"Chaitanya15","p2":"dripdio","format":"[Gen 9] National Dex Ubers","log":"|j|\u2606Chaitanya15\n|j|\u2606dripdio\n|t:|1698854332\n|gametype|singles\n|player|p1|Chaitanya15|169|1342\n|player|p2|dripdio|169|1381\n|teamsize|p1|6\n|teamsize|p2|6\n|gen|9\n|tier|[Gen 9] National Dex Ubers\n|rated|\n|rule|HP Percentage Mod: HP is shown in percentages\n|rule|Endless Battle Clause: Forcing endless battles is banned\n|rule|OHKO Clause: OHKO moves are banned\n|rule|Evasion Moves Clause: Evasion moves are banned\n|rule|Evasion Items Clause: Evasion items are banned\n|rule|Species Clause: Limit one of each Pok\u00e9mon\n|rule|Sleep Clause Mod: Limit one foe put to sleep\n|rule|Mega Rayquaza Clause: You cannot mega evolve Rayquaza\n|clearpoke\n|poke|p1|Kingambit, F|\n|poke|p1|Basculegion, M|\n|poke|p1|Pikachu, F|\n|poke|p1|Kyogre|\n|poke|p1|Flutter Mane|\n|poke|p1|Deoxys-Speed|\n|poke|p2|Groudon|\n|poke|p2|Kyogre|\n|poke|p2|Arceus|\n|poke|p2|Kyurem-Black|\n|poke|p2|Necrozma-Dusk-Mane|\n|poke|p2|Xerneas-*|\n|teampreview\n|inactive|Battle timer is ON: inactive players will automatically lose when time's up. (requested by Chaitanya15)\n|\n|t:|1698854346\n|start\n|switch|p1a: Deoxys|Deoxys-Speed|100\/100\n|switch|p2a: Kyurem|Kyurem-Black|100\/100\n|-ability|p1a: Deoxys|Pressure\n|-ability|p2a: Kyurem|Teravolt\n|turn|1\n|\n|t:|1698854354\n|move|p1a: Deoxys|Stealth Rock|p2a: Kyurem\n|-sidestart|p2: dripdio|move: Stealth Rock\n|move|p2a: Kyurem|Dragon Dance|p2a: Kyurem\n|-boost|p2a: Kyurem|atk|1\n|-boost|p2a: Kyurem|spe|1\n|\n|upkeep\n|turn|2\n|\n|t:|1698854363\n|move|p1a: Deoxys|Spikes|p2a: Kyurem\n|-sidestart|p2: dripdio|Spikes\n|move|p2a: Kyurem|Dragon Dance|p2a: Kyurem\n|-boost|p2a: Kyurem|atk|1\n|-boost|p2a: Kyurem|spe|1\n|\n|upkeep\n|turn|3\n|\n|t:|1698854369\n|move|p2a: Kyurem|Dragon Dance|p2a: Kyurem\n|-boost|p2a: Kyurem|atk|1\n|-boost|p2a: Kyurem|spe|1\n|move|p1a: Deoxys|Spikes|p2a: Kyurem\n|-sidestart|p2: dripdio|Spikes\n|\n|upkeep\n|turn|4\n|\n|t:|1698854380\n|move|p2a: Kyurem|Fusion Bolt|p1a: Deoxys\n|-enditem|p1a: Deoxys|Focus Sash\n|-damage|p1a: Deoxys|1\/100\n|move|p1a: Deoxys|Spikes|p2a: Kyurem\n|-sidestart|p2: dripdio|Spikes\n|\n|upkeep\n|turn|5\n|\n|t:|1698854389\n|move|p1a: Deoxys|Extreme Speed|p2a: Kyurem\n|-damage|p2a: Kyurem|85\/100\n|move|p2a: Kyurem|Fusion Bolt|p1a: Deoxys\n|-damage|p1a: Deoxys|0 fnt\n|faint|p1a: Deoxys\n|\n|-heal|p2a: Kyurem|91\/100|[from] item: Leftovers\n|upkeep\n|\n|t:|1698854399\n|switch|p1a: Pikachu|Pikachu, F|100\/100\n|turn|6\n|\n|t:|1698854405\n|move|p1a: Pikachu|Fake Out|p2a: Kyurem\n|-damage|p2a: Kyurem|75\/100\n|cant|p2a: Kyurem|flinch\n|\n|-heal|p2a: Kyurem|82\/100|[from] item: Leftovers\n|upkeep\n|turn|7\n|\n|t:|1698854413\n|move|p1a: Pikachu|Extreme Speed|p2a: Kyurem\n|-damage|p2a: Kyurem|53\/100\n|move|p2a: Kyurem|Icicle Spear|p1a: Pikachu\n|-damage|p1a: Pikachu|0 fnt\n|faint|p1a: Pikachu\n|-hitcount|p1: Pikachu|1\n|\n|-heal|p2a: Kyurem|59\/100|[from] item: Leftovers\n|upkeep\n|\n|t:|1698854424\n|switch|p1a: Kingambit|Kingambit, F|100\/100\n|-activate|p1a: Kingambit|ability: Supreme Overlord\n|-start|p1a: Kingambit|fallen2|[silent]\n|turn|8\n|\n|t:|1698854429\n|move|p2a: Kyurem|Fusion Bolt|p1a: Kingambit\n|-damage|p1a: Kingambit|27\/100\n|move|p1a: Kingambit|Iron Head|p2a: Kyurem\n|-supereffective|p2a: Kyurem\n|-damage|p2a: Kyurem|0 fnt\n|faint|p2a: Kyurem\n|-damage|p1a: Kingambit|17\/100|[from] item: Life Orb\n|\n|upkeep\n|\n|t:|1698854440\n|switch|p2a: Groudon|Groudon|100\/100\n|-damage|p2a: Groudon|94\/100|[from] Stealth Rock\n|-damage|p2a: Groudon|69\/100|[from] Spikes\n|detailschange|p2a: Groudon|Groudon-Primal\n|-primal|p2a: Groudon|Red Orb\n|-weather|DesolateLand|[from] ability: Desolate Land|[of] p2a: Groudon\n|turn|9\n|\n|t:|1698854449\n|move|p1a: Kingambit|Sucker Punch||[still]\n|-fail|p1a: Kingambit\n|move|p2a: Groudon|Rock Polish|p2a: Groudon\n|-boost|p2a: Groudon|spe|2\n|\n|-weather|DesolateLand|[upkeep]\n|upkeep\n|turn|10\n|\n|t:|1698854457\n|move|p1a: Kingambit|Sucker Punch||[still]\n|-fail|p1a: Kingambit\n|move|p2a: Groudon|Swords Dance|p2a: Groudon\n|-boost|p2a: Groudon|atk|2\n|\n|-weather|DesolateLand|[upkeep]\n|upkeep\n|turn|11\n|\n|t:|1698854463\n|move|p2a: Groudon|Fire Punch|p1a: Kingambit\n|-supereffective|p1a: Kingambit\n|-damage|p1a: Kingambit|0 fnt\n|faint|p1a: Kingambit\n|-end|p1a: Kingambit|fallen2|[silent]\n|\n|-weather|DesolateLand|[upkeep]\n|upkeep\n|\n|t:|1698854473\n|switch|p1a: Flutter Mane|Flutter Mane|100\/100\n|-enditem|p1a: Flutter Mane|Booster Energy\n|-activate|p1a: Flutter Mane|ability: Protosynthesis|[fromitem]\n|-start|p1a: Flutter Mane|protosynthesisspe\n|turn|12\n|\n|t:|1698854483\n|-terastallize|p1a: Flutter Mane|Ghost\n|move|p1a: Flutter Mane|Shadow Ball|p2a: Groudon\n|-damage|p2a: Groudon|17\/100\n|move|p2a: Groudon|Precipice Blades|p1a: Flutter Mane\n|-damage|p1a: Flutter Mane|0 fnt\n|faint|p1a: Flutter Mane\n|-end|p1a: Flutter Mane|Protosynthesis|[silent]\n|\n|-weather|DesolateLand|[upkeep]\n|upkeep\n|\n|t:|1698854493\n|switch|p1a: Kyogre|Kyogre|100\/100\n|-ability|p1a: Kyogre|Drizzle|[from] desolateland|[fail]\n|turn|13\n|\n|t:|1698854499\n|move|p1a: Kyogre|Ancient Power|p2a: Groudon\n|-damage|p2a: Groudon|0 fnt\n|faint|p2a: Groudon\n|-weather|none\n|\n|upkeep\n|\n|t:|1698854519\n|switch|p2a: Xerneas|Xerneas|100\/100\n|-damage|p2a: Xerneas|88\/100|[from] Stealth Rock\n|-damage|p2a: Xerneas|63\/100|[from] Spikes\n|-ability|p2a: Xerneas|Fairy Aura\n|turn|14\n|\n|t:|1698854526\n|switch|p1a: Basculegion|Basculegion, M|100\/100\n|move|p2a: Xerneas|Geomancy||[still]\n|-prepare|p2a: Xerneas|Geomancy\n|-enditem|p2a: Xerneas|Power Herb\n|-anim|p2a: Xerneas|Geomancy|p2a: Xerneas\n|-boost|p2a: Xerneas|spa|2\n|-boost|p2a: Xerneas|spd|2\n|-boost|p2a: Xerneas|spe|2\n|\n|upkeep\n|turn|15\n|\n|t:|1698854536\n|switch|p1a: Kyogre|Kyogre|100\/100\n|-weather|RainDance|[from] ability: Drizzle|[of] p1a: Kyogre\n|move|p2a: Xerneas|Thunder|p1a: Kyogre\n|-supereffective|p1a: Kyogre\n|-damage|p1a: Kyogre|0 fnt\n|faint|p1a: Kyogre\n|\n|-weather|RainDance|[upkeep]\n|upkeep\n|\n|t:|1698854547\n|switch|p1a: Basculegion|Basculegion, M|100\/100\n|turn|16\n|\n|t:|1698854559\n|move|p1a: Basculegion|Wave Crash|p2a: Xerneas\n|-damage|p2a: Xerneas|0 fnt\n|faint|p2a: Xerneas\n|-damage|p1a: Basculegion|76\/100|[from] Recoil\n|\n|-weather|RainDance|[upkeep]\n|upkeep\n|\n|t:|1698854573\n|switch|p2a: Arceus|Arceus|100\/100\n|-damage|p2a: Arceus|88\/100|[from] Stealth Rock\n|-damage|p2a: Arceus|63\/100|[from] Spikes\n|turn|17\n|\n|t:|1698854579\n|move|p1a: Basculegion|Wave Crash|p2a: Arceus\n|-damage|p2a: Arceus|0 fnt\n|faint|p2a: Arceus\n|-damage|p1a: Basculegion|52\/100|[from] Recoil\n|\n|-weather|RainDance|[upkeep]\n|upkeep\n|\n|t:|1698854582\n|switch|p2a: Kyogre|Kyogre|100\/100\n|-damage|p2a: Kyogre|88\/100|[from] Stealth Rock\n|-damage|p2a: Kyogre|63\/100|[from] Spikes\n|turn|18\n|\n|t:|1698854591\n|move|p1a: Basculegion|Wave Crash|p2a: Kyogre\n|-resisted|p2a: Kyogre\n|-damage|p2a: Kyogre|0 fnt\n|faint|p2a: Kyogre\n|-damage|p1a: Basculegion|33\/100|[from] Recoil\n|\n|-weather|RainDance|[upkeep]\n|upkeep\n|\n|t:|1698854594\n|switch|p2a: Necrozma|Necrozma-Dusk-Mane|100\/100\n|-damage|p2a: Necrozma|94\/100|[from] Stealth Rock\n|-damage|p2a: Necrozma|70\/100|[from] Spikes\n|turn|19\n|\n|t:|1698854603\n|move|p1a: Basculegion|Wave Crash|p2a: Necrozma\n|-damage|p2a: Necrozma|0 fnt\n|faint|p2a: Necrozma\n|-damage|p1a: Basculegion|9\/100|[from] Recoil\n|\n|win|Chaitanya15\n|raw|Chaitanya15's rating: 1342 &rarr; <strong>1364<\/strong><br \/>(+22 for winning)\n|raw|dripdio's rating: 1381 &rarr; <strong>1359<\/strong><br \/>(-22 for losing)\n|c|\u2606Chaitanya15|Gg\n|c|\u2606dripdio|gg\n|l|\u2606dripdio\n","uploadtime":1698854615,"views":7,"p1id":"chaitanya15","p2id":"dripdio","formatid":"gen9nationaldexubers","rating":1359,"private":0,"password":""}