{"id":"gen9nationaldexubers-1995931150","p1":"lalzamir","p2":"eppino!","format":"[Gen 9] National Dex Ubers","log":"|j|\u2606lalzamir\n|j|\u2606eppino!\n|t:|1700618773\n|gametype|singles\n|player|p1|lalzamir|benga|1181\n|player|p2|eppino!|whitney-masters|1243\n|teamsize|p1|6\n|teamsize|p2|6\n|gen|9\n|tier|[Gen 9] National Dex Ubers\n|rated|\n|rule|HP Percentage Mod: HP is shown in percentages\n|rule|Endless Battle Clause: Forcing endless battles is banned\n|rule|OHKO Clause: OHKO moves are banned\n|rule|Evasion Moves Clause: Evasion moves are banned\n|rule|Evasion Items Clause: Evasion items are banned\n|rule|Species Clause: Limit one of each Pok\u00e9mon\n|rule|Sleep Clause Mod: Limit one foe put to sleep\n|rule|Mega Rayquaza Clause: You cannot mega evolve Rayquaza\n|clearpoke\n|poke|p1|Pelipper, M|\n|poke|p1|Basculegion-F, F|\n|poke|p1|Marshadow|\n|poke|p1|Rayquaza|\n|poke|p1|Necrozma-Dawn-Wings|\n|poke|p1|Swampert, M|\n|poke|p2|Shuckle, M|\n|poke|p2|Smeargle, F|\n|poke|p2|Cloyster, F|\n|poke|p2|Scizor, M|\n|poke|p2|Ogerpon-Hearthflame, F|\n|poke|p2|Chien-Pao|\n|teampreview\n|inactive|Battle timer is ON: inactive players will automatically lose when time's up. (requested by lalzamir)\n|l|\u2606eppino!\n|inactive|eppino! disconnected and has a minute to reconnect!\n|player|p2|\n|j|\u2606eppino!\n|inactive|eppino! reconnected and has 120 seconds left.\n|player|p2|eppino!|whitney-masters\n|\n|t:|1700618825\n|start\n|switch|p1a: Pelipper|Pelipper, M|100\/100\n|switch|p2a: Shuckle|Shuckle, M|100\/100\n|-weather|RainDance|[from] ability: Drizzle|[of] p1a: Pelipper\n|turn|1\n|\n|t:|1700618835\n|move|p1a: Pelipper|Hurricane|p2a: Shuckle\n|-crit|p2a: Shuckle\n|-damage|p2a: Shuckle|68\/100\n|-enditem|p2a: Shuckle|Red Card|[of] p1a: Pelipper\n|drag|p1a: Basculegion|Basculegion-F, F|100\/100\n|move|p2a: Shuckle|Sticky Web|p1a: Basculegion\n|-sidestart|p1: lalzamir|move: Sticky Web\n|\n|-weather|RainDance|[upkeep]\n|upkeep\n|turn|2\n|\n|t:|1700618845\n|switch|p1a: Pelipper|Pelipper, M|100\/100\n|move|p2a: Shuckle|Stealth Rock|p1a: Pelipper\n|-sidestart|p1: lalzamir|move: Stealth Rock\n|\n|-weather|RainDance|[upkeep]\n|upkeep\n|turn|3\n|\n|t:|1700618849\n|move|p1a: Pelipper|Defog|p2a: Shuckle\n|-unboost|p2a: Shuckle|evasion|1\n|-sideend|p1: lalzamir|Stealth Rock|[from] move: Defog|[of] p1a: Pelipper\n|-sideend|p1: lalzamir|Sticky Web|[from] move: Defog|[of] p1a: Pelipper\n|move|p2a: Shuckle|Toxic|p1a: Pelipper|[miss]\n|-miss|p2a: Shuckle|p1a: Pelipper\n|\n|-weather|RainDance|[upkeep]\n|upkeep\n|turn|4\n|\n|t:|1700618860\n|move|p1a: Pelipper|Hurricane|p2a: Shuckle\n|-damage|p2a: Shuckle|46\/100\n|move|p2a: Shuckle|Sticky Web|p1a: Pelipper\n|-sidestart|p1: lalzamir|move: Sticky Web\n|\n|-weather|RainDance|[upkeep]\n|upkeep\n|turn|5\n|\n|t:|1700618866\n|move|p1a: Pelipper|Hurricane|p2a: Shuckle\n|-damage|p2a: Shuckle|26\/100\n|move|p2a: Shuckle|Toxic|p1a: Pelipper\n|-status|p1a: Pelipper|tox\n|\n|-weather|RainDance|[upkeep]\n|-damage|p1a: Pelipper|94\/100 tox|[from] psn\n|upkeep\n|turn|6\n|\n|t:|1700618870\n|move|p1a: Pelipper|Hurricane|p2a: Shuckle\n|-damage|p2a: Shuckle|5\/100\n|move|p2a: Shuckle|Infestation|p1a: Pelipper\n|-resisted|p1a: Pelipper\n|-damage|p1a: Pelipper|93\/100 tox\n|-activate|p1a: Pelipper|move: Infestation|[of] p2a: Shuckle\n|\n|-weather|RainDance|[upkeep]\n|-damage|p1a: Pelipper|80\/100 tox|[from] psn\n|-damage|p1a: Pelipper|68\/100 tox|[from] move: Infestation|[partiallytrapped]\n|upkeep\n|turn|7\n|\n|t:|1700618876\n|move|p1a: Pelipper|Defog|p2a: Shuckle\n|-unboost|p2a: Shuckle|evasion|1\n|-sideend|p1: lalzamir|Sticky Web|[from] move: Defog|[of] p1a: Pelipper\n|move|p2a: Shuckle|Infestation|p1a: Pelipper\n|-resisted|p1a: Pelipper\n|-damage|p1a: Pelipper|67\/100 tox\n|\n|-weather|RainDance|[upkeep]\n|-damage|p1a: Pelipper|48\/100 tox|[from] psn\n|-damage|p1a: Pelipper|36\/100 tox|[from] move: Infestation|[partiallytrapped]\n|upkeep\n|turn|8\n|\n|t:|1700618880\n|move|p1a: Pelipper|Hurricane|p2a: Shuckle\n|-damage|p2a: Shuckle|0 fnt\n|faint|p2a: Shuckle\n|\n|-weather|none\n|-damage|p1a: Pelipper|11\/100 tox|[from] psn\n|-end|p1a: Pelipper|Infestation|[partiallytrapped]|[silent]\n|upkeep\n|\n|t:|1700618882\n|switch|p2a: Smeargle|Smeargle, F|100\/100\n|turn|9\n|\n|t:|1700618886\n|switch|p2a: Cloyster|Cloyster, F|100\/100\n|switch|p1a: Marshadow|Marshadow|100\/100\n|\n|upkeep\n|turn|10\n|\n|t:|1700618895\n|move|p1a: Marshadow|Spectral Thief|p2a: Cloyster\n|-damage|p2a: Cloyster|60\/100\n|move|p2a: Cloyster|Icicle Spear|p1a: Marshadow\n|-damage|p1a: Marshadow|85\/100\n|-damage|p1a: Marshadow|69\/100\n|-damage|p1a: Marshadow|55\/100\n|-damage|p1a: Marshadow|41\/100\n|-damage|p1a: Marshadow|27\/100\n|-hitcount|p1a: Marshadow|5\n|\n|upkeep\n|turn|11\n|\n|t:|1700618904\n|move|p1a: Marshadow|Close Combat|p2a: Cloyster\n|-supereffective|p2a: Cloyster\n|-damage|p2a: Cloyster|0 fnt\n|-unboost|p1a: Marshadow|def|1\n|-unboost|p1a: Marshadow|spd|1\n|faint|p2a: Cloyster\n|\n|upkeep\n|\n|t:|1700618909\n|switch|p2a: Chien-Pao|Chien-Pao|100\/100\n|-ability|p2a: Chien-Pao|Sword of Ruin\n|turn|12\n|\n|t:|1700618918\n|switch|p1a: Necrozma|Necrozma-Dawn-Wings|100\/100\n|move|p2a: Chien-Pao|Ice Shard|p1a: Necrozma\n|-damage|p1a: Necrozma|66\/100\n|\n|upkeep\n|turn|13\n|\n|t:|1700618942\n|switch|p2a: Scizor|Scizor, M|100\/100\n|move|p1a: Necrozma|Earth Power|p2a: Scizor\n|-damage|p2a: Scizor|57\/100\n|\n|upkeep\n|turn|14\n|\n|t:|1700618947\n|detailschange|p2a: Scizor|Scizor-Mega, M\n|-mega|p2a: Scizor|Scizor|Scizorite\n|move|p1a: Necrozma|Earth Power|p2a: Scizor\n|-damage|p2a: Scizor|16\/100\n|move|p2a: Scizor|Swords Dance|p2a: Scizor\n|-boost|p2a: Scizor|atk|2\n|\n|upkeep\n|turn|15\n|\n|t:|1700618952\n|move|p2a: Scizor|Bullet Punch|p1a: Necrozma\n|-damage|p1a: Necrozma|0 fnt\n|faint|p1a: Necrozma\n|\n|upkeep\n|\n|t:|1700618954\n|switch|p1a: Marshadow|Marshadow|27\/100\n|turn|16\n|\n|t:|1700618956\n|move|p1a: Marshadow|Shadow Sneak|p2a: Scizor\n|-damage|p2a: Scizor|0 fnt\n|faint|p2a: Scizor\n|\n|upkeep\n|\n|t:|1700618960\n|switch|p2a: Chien-Pao|Chien-Pao|100\/100\n|-ability|p2a: Chien-Pao|Sword of Ruin\n|turn|17\n|\n|t:|1700618967\n|switch|p1a: Rayquaza|Rayquaza|100\/100\n|-ability|p1a: Rayquaza|Air Lock\n|move|p2a: Chien-Pao|Icicle Crash|p1a: Rayquaza\n|-supereffective|p1a: Rayquaza\n|-damage|p1a: Rayquaza|0 fnt\n|faint|p1a: Rayquaza\n|\n|upkeep\n|\n|t:|1700618972\n|switch|p1a: Swampert|Swampert, M|100\/100\n|turn|18\n|\n|t:|1700618977\n|detailschange|p1a: Swampert|Swampert-Mega, M\n|-mega|p1a: Swampert|Swampert|Swampertite\n|move|p2a: Chien-Pao|Icicle Crash|p1a: Swampert\n|-damage|p1a: Swampert|26\/100\n|move|p1a: Swampert|Power-Up Punch|p2a: Chien-Pao\n|-supereffective|p2a: Chien-Pao\n|-damage|p2a: Chien-Pao|9\/100\n|-boost|p1a: Swampert|atk|1\n|\n|upkeep\n|turn|19\n|\n|t:|1700618983\n|move|p2a: Chien-Pao|Icicle Crash|p1a: Swampert\n|-damage|p1a: Swampert|0 fnt\n|faint|p1a: Swampert\n|\n|upkeep\n|\n|t:|1700618986\n|switch|p1a: Basculegion|Basculegion-F, F|100\/100\n|turn|20\n|\n|t:|1700618991\n|move|p2a: Chien-Pao|Icicle Crash|p1a: Basculegion\n|-resisted|p1a: Basculegion\n|-damage|p1a: Basculegion|50\/100\n|move|p1a: Basculegion|Flip Turn|p2a: Chien-Pao\n|-crit|p2a: Chien-Pao\n|-damage|p2a: Chien-Pao|0 fnt\n|faint|p2a: Chien-Pao\n|\n|t:|1700618994\n|switch|p1a: Pelipper|Pelipper, M|11\/100 tox|[from] Flip Turn\n|-weather|RainDance|[from] ability: Drizzle|[of] p1a: Pelipper\n|\n|-weather|RainDance|[upkeep]\n|-damage|p1a: Pelipper|5\/100 tox|[from] psn\n|upkeep\n|\n|t:|1700618998\n|switch|p2a: Ogerpon|Ogerpon-Hearthflame, F|100\/100\n|-ability|p2a: Ogerpon|Mold Breaker\n|turn|21\n|\n|t:|1700619004\n|move|p2a: Ogerpon|Horn Leech|p1a: Pelipper\n|-damage|p1a: Pelipper|0 fnt\n|faint|p1a: Pelipper\n|\n|-weather|RainDance|[upkeep]\n|upkeep\n|\n|t:|1700619007\n|switch|p1a: Basculegion|Basculegion-F, F|50\/100\n|turn|22\n|\n|t:|1700619010\n|move|p1a: Basculegion|Last Respects|p2a: Ogerpon\n|-damage|p2a: Ogerpon|0 fnt\n|faint|p2a: Ogerpon\n|\n|-weather|RainDance|[upkeep]\n|upkeep\n|\n|t:|1700619013\n|switch|p2a: Smeargle|Smeargle, F|100\/100\n|turn|23\n|\n|t:|1700619017\n|switch|p1a: Marshadow|Marshadow|27\/100\n|move|p2a: Smeargle|Spore|p1a: Marshadow\n|-status|p1a: Marshadow|slp|[from] move: Spore\n|\n|-weather|RainDance|[upkeep]\n|-ability|p2a: Smeargle|Moody|boost\n|-boost|p2a: Smeargle|spd|2\n|-unboost|p2a: Smeargle|atk|1\n|upkeep\n|turn|24\n|\n|t:|1700619021\n|cant|p1a: Marshadow|slp\n|move|p2a: Smeargle|Substitute|p2a: Smeargle\n|-start|p2a: Smeargle|Substitute\n|-damage|p2a: Smeargle|76\/100\n|\n|-weather|RainDance|[upkeep]\n|-heal|p2a: Smeargle|82\/100|[from] item: Leftovers\n|-ability|p2a: Smeargle|Moody|boost\n|-boost|p2a: Smeargle|atk|2\n|-unboost|p2a: Smeargle|spe|1\n|upkeep\n|turn|25\n|\n|t:|1700619026\n|-curestatus|p1a: Marshadow|slp|[msg]\n|move|p1a: Marshadow|Close Combat|p2a: Smeargle\n|-supereffective|p2a: Smeargle\n|-end|p2a: Smeargle|Substitute\n|-unboost|p1a: Marshadow|def|1\n|-unboost|p1a: Marshadow|spd|1\n|move|p2a: Smeargle|Shell Smash|p2a: Smeargle\n|-unboost|p2a: Smeargle|def|1\n|-unboost|p2a: Smeargle|spd|1\n|-boost|p2a: Smeargle|atk|2\n|-boost|p2a: Smeargle|spa|2\n|-boost|p2a: Smeargle|spe|2\n|\n|-weather|RainDance|[upkeep]\n|-heal|p2a: Smeargle|88\/100|[from] item: Leftovers\n|-ability|p2a: Smeargle|Moody|boost\n|-boost|p2a: Smeargle|spe|2\n|-unboost|p2a: Smeargle|def|1\n|upkeep\n|turn|26\n|\n|t:|1700619032\n|move|p2a: Smeargle|Spore|p1a: Marshadow\n|-status|p1a: Marshadow|slp|[from] move: Spore\n|cant|p1a: Marshadow|slp\n|\n|-weather|RainDance|[upkeep]\n|-heal|p2a: Smeargle|94\/100|[from] item: Leftovers\n|-ability|p2a: Smeargle|Moody|boost\n|-boost|p2a: Smeargle|spa|2\n|-unboost|p2a: Smeargle|spe|1\n|upkeep\n|turn|27\n|\n|t:|1700619035\n|move|p2a: Smeargle|Substitute|p2a: Smeargle\n|-start|p2a: Smeargle|Substitute\n|-damage|p2a: Smeargle|69\/100\n|-curestatus|p1a: Marshadow|slp|[msg]\n|move|p1a: Marshadow|Close Combat|p2a: Smeargle\n|-supereffective|p2a: Smeargle\n|-end|p2a: Smeargle|Substitute\n|-unboost|p1a: Marshadow|def|1\n|-unboost|p1a: Marshadow|spd|1\n|\n|-weather|none\n|-heal|p2a: Smeargle|75\/100|[from] item: Leftovers\n|-ability|p2a: Smeargle|Moody|boost\n|-boost|p2a: Smeargle|spd|2\n|-unboost|p2a: Smeargle|def|1\n|upkeep\n|turn|28\n|\n|t:|1700619041\n|move|p2a: Smeargle|Spore|p1a: Marshadow\n|-status|p1a: Marshadow|slp|[from] move: Spore\n|cant|p1a: Marshadow|slp\n|\n|-heal|p2a: Smeargle|81\/100|[from] item: Leftovers\n|-ability|p2a: Smeargle|Moody|boost\n|-boost|p2a: Smeargle|spe|2\n|-unboost|p2a: Smeargle|atk|1\n|upkeep\n|turn|29\n|\n|t:|1700619043\n|move|p2a: Smeargle|Substitute|p2a: Smeargle\n|-start|p2a: Smeargle|Substitute\n|-damage|p2a: Smeargle|56\/100\n|cant|p1a: Marshadow|slp\n|\n|-heal|p2a: Smeargle|62\/100|[from] item: Leftovers\n|-ability|p2a: Smeargle|Moody|boost\n|-boost|p2a: Smeargle|atk|2\n|-unboost|p2a: Smeargle|def|1\n|upkeep\n|turn|30\n|\n|t:|1700619048\n|move|p2a: Smeargle|Power Trip|p1a: Marshadow\n|-damage|p1a: Marshadow|0 fnt\n|faint|p1a: Marshadow\n|\n|-heal|p2a: Smeargle|68\/100|[from] item: Leftovers\n|-ability|p2a: Smeargle|Moody|boost\n|-boost|p2a: Smeargle|atk|2\n|-unboost|p2a: Smeargle|spd|1\n|upkeep\n|\n|t:|1700619053\n|switch|p1a: Basculegion|Basculegion-F, F|50\/100\n|turn|31\n|\n|t:|1700619066\n|-terastallize|p2a: Smeargle|Dark\n|move|p1a: Basculegion|Aqua Jet|p2a: Smeargle\n|-end|p2a: Smeargle|Substitute\n|move|p2a: Smeargle|Power Trip|p1a: Basculegion\n|-supereffective|p1a: Basculegion\n|-damage|p1a: Basculegion|0 fnt\n|faint|p1a: Basculegion\n|\n|win|eppino!\n|raw|lalzamir's rating: 1181 &rarr; <strong>1160<\/strong><br \/>(-21 for losing)\n|raw|eppino!'s rating: 1243 &rarr; <strong>1264<\/strong><br \/>(+21 for winning)\n|l|\u2606lalzamir\n","uploadtime":1700619080,"views":0,"p1id":"lalzamir","p2id":"eppino","formatid":"gen9nationaldexubers","rating":1160,"private":0,"password":""}