{"id":"gen9nationaldexubers-1999702582","p1":"Paras op","p2":"MK ANW","format":"[Gen 9] National Dex Ubers","log":"|j|\u2606Paras op\n|j|\u203dMK ANW\n|t:|1701109194\n|gametype|singles\n|player|p1|Paras op|steven|1193\n|player|p2|MK ANW|red|1136\n|teamsize|p1|6\n|teamsize|p2|6\n|gen|9\n|tier|[Gen 9] National Dex Ubers\n|rated|\n|rule|HP Percentage Mod: HP is shown in percentages\n|rule|Endless Battle Clause: Forcing endless battles is banned\n|rule|OHKO Clause: OHKO moves are banned\n|rule|Evasion Moves Clause: Evasion moves are banned\n|rule|Evasion Items Clause: Evasion items are banned\n|rule|Species Clause: Limit one of each Pok\u00e9mon\n|rule|Sleep Clause Mod: Limit one foe put to sleep\n|rule|Mega Rayquaza Clause: You cannot mega evolve Rayquaza\n|clearpoke\n|poke|p1|Zacian-*|\n|poke|p1|Venusaur, M|\n|poke|p1|Groudon|\n|poke|p1|Kyogre|\n|poke|p1|Lunala|\n|poke|p1|Rayquaza|\n|poke|p2|Charizard, M|\n|poke|p2|Greninja-*, M|\n|poke|p2|Jolteon, M|\n|poke|p2|Staraptor, M|\n|poke|p2|Nidoking, M|\n|poke|p2|Primeape, M|\n|teampreview\n|inactive|Battle timer is ON: inactive players will automatically lose when time's up. (requested by MK ANW)\n|\n|t:|1701109199\n|start\n|switch|p1a: Groudon|Groudon|100\/100\n|switch|p2a: Nidoking|Nidoking, M|100\/100\n|detailschange|p1a: Groudon|Groudon-Primal\n|-primal|p1a: Groudon|Red Orb\n|-weather|DesolateLand|[from] ability: Desolate Land|[of] p1a: Groudon\n|turn|1\n|\n|t:|1701109216\n|move|p2a: Nidoking|Earthquake|p1a: Groudon\n|-supereffective|p1a: Groudon\n|-crit|p1a: Groudon\n|-damage|p1a: Groudon|0 fnt\n|faint|p1a: Groudon\n|-weather|none\n|\n|upkeep\n|\n|t:|1701109220\n|switch|p1a: Kyogre|Kyogre|100\/100\n|detailschange|p1a: Kyogre|Kyogre-Primal\n|-primal|p1a: Kyogre|Blue Orb\n|-weather|PrimordialSea|[from] ability: Primordial Sea|[of] p1a: Kyogre\n|turn|2\n|\n|t:|1701109227\n|move|p2a: Nidoking|Stealth Rock|p1a: Kyogre\n|-sidestart|p1: Paras op|move: Stealth Rock\n|move|p1a: Kyogre|Origin Pulse|p2a: Nidoking|[miss]\n|-miss|p1a: Kyogre|p2a: Nidoking\n|\n|-weather|PrimordialSea|[upkeep]\n|upkeep\n|turn|3\n|\n|t:|1701109237\n|move|p2a: Nidoking|Poison Jab|p1a: Kyogre\n|-damage|p1a: Kyogre|61\/100\n|move|p1a: Kyogre|Origin Pulse|p2a: Nidoking\n|-supereffective|p2a: Nidoking\n|-crit|p2a: Nidoking\n|-damage|p2a: Nidoking|0 fnt\n|faint|p2a: Nidoking\n|\n|-weather|PrimordialSea|[upkeep]\n|upkeep\n|\n|t:|1701109245\n|switch|p2a: Primeape|Primeape, M|100\/100\n|turn|4\n|\n|t:|1701109255\n|move|p2a: Primeape|Thunder Punch|p1a: Kyogre\n|-supereffective|p1a: Kyogre\n|-crit|p1a: Kyogre\n|-damage|p1a: Kyogre|2\/100\n|move|p1a: Kyogre|Origin Pulse|p2a: Primeape\n|-damage|p2a: Primeape|0 fnt\n|faint|p2a: Primeape\n|\n|-weather|PrimordialSea|[upkeep]\n|upkeep\n|\n|t:|1701109264\n|switch|p2a: Greninja|Greninja, M|100\/100\n|turn|5\n|\n|t:|1701109267\n|move|p2a: Greninja|Dark Pulse|p1a: Kyogre\n|-damage|p1a: Kyogre|0 fnt\n|faint|p1a: Kyogre\n|-weather|none\n|-ability|p2a: Greninja|Battle Bond|boost\n|-boost|p2a: Greninja|atk|1\n|-boost|p2a: Greninja|spa|1\n|-boost|p2a: Greninja|spe|1\n|-activate|p2a: Greninja|ability: Battle Bond\n|\n|upkeep\n|\n|t:|1701109273\n|switch|p1a: Venusaur|Venusaur, M|100\/100\n|-damage|p1a: Venusaur|88\/100|[from] Stealth Rock\n|turn|6\n|\n|t:|1701109279\n|detailschange|p1a: Venusaur|Venusaur-Mega, M\n|-mega|p1a: Venusaur|Venusaur|Venusaurite\n|move|p2a: Greninja|Ice Beam|p1a: Venusaur\n|-supereffective|p1a: Venusaur\n|-damage|p1a: Venusaur|51\/100\n|-status|p1a: Venusaur|frz\n|cant|p1a: Venusaur|frz\n|\n|upkeep\n|turn|7\n|\n|t:|1701109288\n|switch|p1a: Rayquaza|Rayquaza|100\/100\n|-damage|p1a: Rayquaza|76\/100|[from] Stealth Rock\n|-ability|p1a: Rayquaza|Air Lock\n|move|p2a: Greninja|Ice Beam|p1a: Rayquaza\n|-supereffective|p1a: Rayquaza\n|-damage|p1a: Rayquaza|0 fnt\n|faint|p1a: Rayquaza\n|\n|upkeep\n|\n|t:|1701109296\n|switch|p1a: Zacian|Zacian-Crowned|100\/100\n|-damage|p1a: Zacian|94\/100|[from] Stealth Rock\n|-ability|p1a: Zacian|Intrepid Sword|boost\n|-boost|p1a: Zacian|atk|1\n|turn|8\n|\n|t:|1701109303\n|move|p2a: Greninja|Surf|p1a: Zacian\n|-damage|p1a: Zacian|44\/100\n|move|p1a: Zacian|Moonblast|p2a: Greninja\n|-supereffective|p2a: Greninja\n|-damage|p2a: Greninja|0 fnt\n|faint|p2a: Greninja\n|\n|upkeep\n|\n|t:|1701109312\n|switch|p2a: Staraptor|Staraptor, M|100\/100\n|-ability|p2a: Staraptor|Intimidate|boost\n|-unboost|p1a: Zacian|atk|1\n|turn|9\n|\n|t:|1701109328\n|-terastallize|p2a: Staraptor|Steel\n|move|p1a: Zacian|Moonblast|p2a: Staraptor\n|-resisted|p2a: Staraptor\n|-damage|p2a: Staraptor|70\/100\n|move|p2a: Staraptor|Brave Bird|p1a: Zacian\n|-resisted|p1a: Zacian\n|-damage|p1a: Zacian|8\/100\n|-damage|p2a: Staraptor|56\/100|[from] Recoil\n|\n|upkeep\n|turn|10\n|\n|t:|1701109339\n|move|p1a: Zacian|Sacred Sword|p2a: Staraptor\n|-supereffective|p2a: Staraptor\n|-damage|p2a: Staraptor|0 fnt\n|faint|p2a: Staraptor\n|\n|upkeep\n|\n|t:|1701109345\n|switch|p2a: Jolteon|Jolteon, M|100\/100\n|turn|11\n|\n|t:|1701109350\n|move|p1a: Zacian|Moonblast|p2a: Jolteon\n|-damage|p2a: Jolteon|52\/100\n|-unboost|p2a: Jolteon|spa|1\n|move|p2a: Jolteon|Thunderbolt|p1a: Zacian\n|-damage|p1a: Zacian|0 fnt\n|faint|p1a: Zacian\n|-damage|p2a: Jolteon|42\/100|[from] item: Life Orb\n|\n|upkeep\n|\n|t:|1701109358\n|switch|p1a: Venusaur|Venusaur-Mega, M|51\/100 frz\n|-damage|p1a: Venusaur|39\/100 frz|[from] Stealth Rock\n|turn|12\n|\n|t:|1701109363\n|move|p2a: Jolteon|Hidden Power|p1a: Venusaur\n|-supereffective|p1a: Venusaur\n|-damage|p1a: Venusaur|22\/100 frz\n|-damage|p2a: Jolteon|32\/100|[from] item: Life Orb\n|cant|p1a: Venusaur|frz\n|\n|upkeep\n|turn|13\n|\n|t:|1701109373\n|move|p2a: Jolteon|Hidden Power|p1a: Venusaur\n|-supereffective|p1a: Venusaur\n|-damage|p1a: Venusaur|3\/100 frz\n|-damage|p2a: Jolteon|22\/100|[from] item: Life Orb\n|-curestatus|p1a: Venusaur|frz|[msg]\n|move|p1a: Venusaur|Synthesis|p1a: Venusaur\n|-heal|p1a: Venusaur|53\/100\n|\n|upkeep\n|turn|14\n|c|\u2606Paras op|Lol\n|\n|t:|1701109386\n|move|p2a: Jolteon|Hidden Power|p1a: Venusaur\n|-supereffective|p1a: Venusaur\n|-damage|p1a: Venusaur|35\/100\n|-damage|p2a: Jolteon|12\/100|[from] item: Life Orb\n|move|p1a: Venusaur|Synthesis|p1a: Venusaur\n|-heal|p1a: Venusaur|85\/100\n|\n|upkeep\n|turn|15\n|\n|t:|1701109398\n|move|p2a: Jolteon|Hidden Power|p1a: Venusaur\n|-supereffective|p1a: Venusaur\n|-damage|p1a: Venusaur|68\/100\n|-damage|p2a: Jolteon|2\/100|[from] item: Life Orb\n|move|p1a: Venusaur|Synthesis|p1a: Venusaur\n|-heal|p1a: Venusaur|100\/100\n|\n|upkeep\n|turn|16\n|\n|t:|1701109410\n|move|p2a: Jolteon|Hidden Power|p1a: Venusaur\n|-supereffective|p1a: Venusaur\n|-damage|p1a: Venusaur|85\/100\n|-damage|p2a: Jolteon|0 fnt|[from] item: Life Orb\n|faint|p2a: Jolteon\n|move|p1a: Venusaur|Synthesis|p1a: Venusaur\n|-heal|p1a: Venusaur|100\/100\n|\n|upkeep\n|\n|t:|1701109418\n|switch|p2a: Charizard|Charizard, M|100\/100\n|turn|17\n|\n|t:|1701109431\n|switch|p1a: Lunala|Lunala|100\/100\n|-damage|p1a: Lunala|88\/100|[from] Stealth Rock\n|detailschange|p2a: Charizard|Charizard-Mega-X, M\n|-mega|p2a: Charizard|Charizard|Charizardite X\n|move|p2a: Charizard|Dragon Dance|p2a: Charizard\n|-boost|p2a: Charizard|atk|1\n|-boost|p2a: Charizard|spe|1\n|\n|upkeep\n|turn|18\n|\n|t:|1701109442\n|move|p2a: Charizard|Flare Blitz|p1a: Lunala\n|-damage|p1a: Lunala|0 fnt\n|faint|p1a: Lunala\n|-damage|p2a: Charizard|60\/100|[from] Recoil\n|\n|upkeep\n|\n|t:|1701109446\n|switch|p1a: Venusaur|Venusaur-Mega, M|100\/100\n|-damage|p1a: Venusaur|88\/100|[from] Stealth Rock\n|turn|19\n|\n|t:|1701109451\n|move|p2a: Charizard|Flare Blitz|p1a: Venusaur\n|-supereffective|p1a: Venusaur\n|-damage|p1a: Venusaur|0 fnt\n|faint|p1a: Venusaur\n|-damage|p2a: Charizard|30\/100|[from] Recoil\n|\n|win|MK ANW\n|raw|Paras op's rating: 1170 &rarr; <strong>1143<\/strong><br \/>(-27 for losing)\n|raw|MK ANW's rating: 1136 &rarr; <strong>1163<\/strong><br \/>(+27 for winning)\n|l|\u2606Paras op\n","uploadtime":1701109460,"views":16,"p1id":"parasop","p2id":"mkanw","formatid":"gen9nationaldexubers","rating":1143,"private":0,"password":""}