{"id":"gen9nationaldexubers-1980827771","p1":"Yeshiqi","p2":"Techvast","format":"[Gen 9] National Dex Ubers","log":"|j|\u2606Yeshiqi\n|j|\u2606Techvast\n|t:|1698839432\n|gametype|singles\n|player|p1|Yeshiqi|lady|1111\n|player|p2|Techvast|pilot|1165\n|teamsize|p1|6\n|teamsize|p2|6\n|gen|9\n|tier|[Gen 9] National Dex Ubers\n|rated|\n|rule|HP Percentage Mod: HP is shown in percentages\n|rule|Endless Battle Clause: Forcing endless battles is banned\n|rule|OHKO Clause: OHKO moves are banned\n|rule|Evasion Moves Clause: Evasion moves are banned\n|rule|Evasion Items Clause: Evasion items are banned\n|rule|Species Clause: Limit one of each Pok\u00e9mon\n|rule|Sleep Clause Mod: Limit one foe put to sleep\n|rule|Mega Rayquaza Clause: You cannot mega evolve Rayquaza\n|clearpoke\n|poke|p1|Pikachu-World, M|\n|poke|p1|Lucario, M|\n|poke|p1|Dracovish|\n|poke|p1|Sirfetch\u2019d, F|\n|poke|p1|Gengar, M|\n|poke|p1|Dragonite, F|\n|poke|p2|Volcarona, F|\n|poke|p2|Ferrothorn, F|\n|poke|p2|Sableye, M|\n|poke|p2|Rotom-Wash|\n|poke|p2|Dragapult, F|\n|poke|p2|Toxapex, M|\n|teampreview\n|\n|t:|1698839442\n|start\n|switch|p1a: Pikachu|Pikachu-World, M|100\/100\n|switch|p2a: Dragapult|Dragapult, F|100\/100\n|turn|1\n|\n|t:|1698839463\n|move|p2a: Dragapult|Shadow Ball|p1a: Pikachu\n|-damage|p1a: Pikachu|0 fnt\n|faint|p1a: Pikachu\n|\n|upkeep\n|\n|t:|1698839480\n|switch|p1a: Dragonite|Dragonite, F|100\/100\n|turn|2\n|\n|t:|1698839510\n|switch|p2a: Toxapex|Toxapex, M|100\/100\n|switch|p1a: Sirfetch\u2019d|Sirfetch\u2019d, F|100\/100\n|\n|upkeep\n|turn|3\n|\n|t:|1698839529\n|switch|p2a: Dragapult|Dragapult, F|100\/100\n|move|p1a: Sirfetch\u2019d|Swords Dance|p1a: Sirfetch\u2019d\n|-boost|p1a: Sirfetch\u2019d|atk|2\n|\n|upkeep\n|turn|4\n|\n|t:|1698839560\n|move|p2a: Dragapult|Draco Meteor|p1a: Sirfetch\u2019d\n|-damage|p1a: Sirfetch\u2019d|0 fnt\n|-unboost|p2a: Dragapult|spa|2\n|faint|p1a: Sirfetch\u2019d\n|\n|upkeep\n|\n|t:|1698839571\n|switch|p1a: Dracovish|Dracovish|100\/100\n|turn|5\n|\n|t:|1698839586\n|-terastallize|p2a: Dragapult|Fairy\n|move|p2a: Dragapult|Draco Meteor|p1a: Dracovish\n|-supereffective|p1a: Dracovish\n|-damage|p1a: Dracovish|0 fnt\n|-unboost|p2a: Dragapult|spa|2\n|faint|p1a: Dracovish\n|\n|upkeep\n|\n|t:|1698839596\n|switch|p1a: Dragonite|Dragonite, F|100\/100\n|turn|6\n|inactive|Battle timer is ON: inactive players will automatically lose when time's up. (requested by Yeshiqi)\n|\n|t:|1698839634\n|switch|p2a: Toxapex|Toxapex, M|100\/100\n|-terastallize|p1a: Dragonite|Normal\n|move|p1a: Dragonite|Curse|p1a: Dragonite\n|-unboost|p1a: Dragonite|spe|1\n|-boost|p1a: Dragonite|atk|1\n|-boost|p1a: Dragonite|def|1\n|\n|upkeep\n|turn|7\n|\n|t:|1698839640\n|move|p1a: Dragonite|Earthquake|p2a: Toxapex\n|-supereffective|p2a: Toxapex\n|-damage|p2a: Toxapex|48\/100\n|move|p2a: Toxapex|Toxic|p1a: Dragonite\n|-status|p1a: Dragonite|tox\n|\n|-heal|p2a: Toxapex|54\/100|[from] item: Leftovers\n|-damage|p1a: Dragonite|94\/100 tox|[from] psn\n|upkeep\n|turn|8\n|\n|t:|1698839649\n|switch|p2a: Rotom|Rotom-Wash|100\/100\n|move|p1a: Dragonite|Curse|p1a: Dragonite\n|-unboost|p1a: Dragonite|spe|1\n|-boost|p1a: Dragonite|atk|1\n|-boost|p1a: Dragonite|def|1\n|\n|-heal|p1a: Dragonite|100\/100 tox|[from] item: Leftovers\n|-damage|p1a: Dragonite|88\/100 tox|[from] psn\n|upkeep\n|turn|9\n|\n|t:|1698839662\n|move|p1a: Dragonite|Extreme Speed|p2a: Rotom\n|-damage|p2a: Rotom|45\/100\n|move|p2a: Rotom|Volt Switch|p1a: Dragonite\n|-damage|p1a: Dragonite|73\/100 tox\n|\n|t:|1698839671\n|switch|p2a: Ferrothorn|Ferrothorn, F|100\/100|[from] Volt Switch\n|\n|-heal|p1a: Dragonite|79\/100 tox|[from] item: Leftovers\n|-damage|p1a: Dragonite|60\/100 tox|[from] psn\n|upkeep\n|turn|10\n|\n|t:|1698839683\n|move|p2a: Ferrothorn|Protect|p2a: Ferrothorn\n|-singleturn|p2a: Ferrothorn|Protect\n|move|p1a: Dragonite|Extreme Speed|p2a: Ferrothorn\n|-activate|p2a: Ferrothorn|move: Protect\n|\n|-heal|p1a: Dragonite|66\/100 tox|[from] item: Leftovers\n|-damage|p1a: Dragonite|41\/100 tox|[from] psn\n|upkeep\n|turn|11\n|\n|t:|1698839698\n|switch|p2a: Sableye|Sableye, M|100\/100\n|move|p1a: Dragonite|Extreme Speed|p2a: Sableye\n|-immune|p2a: Sableye\n|\n|-heal|p1a: Dragonite|48\/100 tox|[from] item: Leftovers\n|-damage|p1a: Dragonite|17\/100 tox|[from] psn\n|upkeep\n|turn|12\n|\n|t:|1698839705\n|switch|p1a: Lucario|Lucario, M|100\/100\n|detailschange|p2a: Sableye|Sableye-Mega, M\n|-mega|p2a: Sableye|Sableye|Sablenite\n|move|p2a: Sableye|Protect||[still]\n|-fail|p2a: Sableye\n|\n|upkeep\n|turn|13\n|\n|t:|1698839724\n|detailschange|p1a: Lucario|Lucario-Mega, M\n|-mega|p1a: Lucario|Lucario|Lucarionite\n|move|p1a: Lucario|Swords Dance|p1a: Lucario\n|-boost|p1a: Lucario|atk|2\n|move|p2a: Sableye|Will-O-Wisp|p1a: Lucario\n|-status|p1a: Lucario|brn\n|\n|-damage|p1a: Lucario|94\/100 brn|[from] brn\n|upkeep\n|turn|14\n|\n|t:|1698839740\n|switch|p2a: Toxapex|Toxapex, M|87\/100\n|move|p1a: Lucario|Swords Dance|p1a: Lucario\n|-boost|p1a: Lucario|atk|2\n|\n|-heal|p2a: Toxapex|94\/100|[from] item: Leftovers\n|-damage|p1a: Lucario|88\/100 brn|[from] brn\n|upkeep\n|turn|15\n|\n|t:|1698839752\n|move|p1a: Lucario|Swords Dance|p1a: Lucario\n|-boost|p1a: Lucario|atk|2\n|move|p2a: Toxapex|Haze|p2a: Toxapex\n|-clearallboost\n|\n|-heal|p2a: Toxapex|99\/100|[from] item: Leftovers\n|-damage|p1a: Lucario|82\/100 brn|[from] brn\n|upkeep\n|turn|16\n|-message|Yeshiqi forfeited.\n|\n|win|Techvast\n|raw|Yeshiqi's rating: 1111 &rarr; <strong>1090<\/strong><br \/>(-21 for losing)\n|raw|Techvast's rating: 1165 &rarr; <strong>1186<\/strong><br \/>(+21 for winning)\n|l|\u2606Yeshiqi\n","uploadtime":1698839766,"views":19,"p1id":"yeshiqi","p2id":"techvast","formatid":"gen9nationaldexubers","rating":1090,"private":0,"password":""}