{"id":"gen9nationaldexubers-1997503776","p1":"gccrcb","p2":"rhydon112","format":"[Gen 9] National Dex Ubers","log":"|j|\u2606gccrcb\n|j|\u2606rhydon112\n|t:|1700816659\n|gametype|singles\n|player|p1|gccrcb|cynthia-gen4|1000\n|player|p2|rhydon112|102|1082\n|teamsize|p1|6\n|teamsize|p2|6\n|gen|9\n|tier|[Gen 9] National Dex Ubers\n|rated|\n|rule|HP Percentage Mod: HP is shown in percentages\n|rule|Endless Battle Clause: Forcing endless battles is banned\n|rule|OHKO Clause: OHKO moves are banned\n|rule|Evasion Moves Clause: Evasion moves are banned\n|rule|Evasion Items Clause: Evasion items are banned\n|rule|Species Clause: Limit one of each Pok\u00e9mon\n|rule|Sleep Clause Mod: Limit one foe put to sleep\n|rule|Mega Rayquaza Clause: You cannot mega evolve Rayquaza\n|clearpoke\n|poke|p1|Ogerpon-Hearthflame, F|\n|poke|p1|Melmetal|\n|poke|p1|Victini|\n|poke|p1|Regieleki|\n|poke|p1|Samurott-Hisui, M|\n|poke|p1|Darmanitan-Galar, F|\n|poke|p2|Primarina, F|\n|poke|p2|Volcarona, F|\n|poke|p2|Celesteela|\n|poke|p2|Breloom, F|\n|poke|p2|Yveltal|\n|poke|p2|Avalugg-Hisui, F|\n|teampreview\n|\n|t:|1700816664\n|start\n|switch|p1a: Samurott|Samurott-Hisui, M|100\/100\n|switch|p2a: Avalugg|Avalugg-Hisui, F|100\/100\n|turn|1\n|\n|t:|1700816671\n|move|p1a: Samurott|Ceaseless Edge|p2a: Avalugg\n|-damage|p2a: Avalugg|81\/100\n|-sidestart|p2: rhydon112|Spikes\n|move|p2a: Avalugg|Stealth Rock|p1a: Samurott\n|-sidestart|p1: gccrcb|move: Stealth Rock\n|\n|-heal|p2a: Avalugg|87\/100|[from] item: Leftovers\n|upkeep\n|turn|2\n|\n|t:|1700816680\n|move|p1a: Samurott|Ceaseless Edge|p2a: Avalugg\n|-damage|p2a: Avalugg|68\/100\n|-sidestart|p2: rhydon112|Spikes\n|move|p2a: Avalugg|Rapid Spin|p1a: Samurott\n|-damage|p1a: Samurott|84\/100\n|-boost|p2a: Avalugg|spe|1\n|-sideend|p2: rhydon112|Spikes|[from] move: Rapid Spin|[of] p2a: Avalugg\n|\n|-heal|p2a: Avalugg|74\/100|[from] item: Leftovers\n|upkeep\n|turn|3\n|\n|t:|1700816692\n|move|p1a: Samurott|Ceaseless Edge|p2a: Avalugg\n|-damage|p2a: Avalugg|54\/100\n|-sidestart|p2: rhydon112|Spikes\n|move|p2a: Avalugg|Body Press|p1a: Samurott\n|-supereffective|p1a: Samurott\n|-damage|p1a: Samurott|0 fnt\n|faint|p1a: Samurott\n|\n|-heal|p2a: Avalugg|60\/100|[from] item: Leftovers\n|upkeep\n|\n|t:|1700816703\n|switch|p1a: Victini|Victini|100\/100\n|-damage|p1a: Victini|76\/100|[from] Stealth Rock\n|turn|4\n|\n|t:|1700816709\n|move|p1a: Victini|V-create|p2a: Avalugg\n|-damage|p2a: Avalugg|28\/100\n|-unboost|p1a: Victini|spe|1\n|-unboost|p1a: Victini|def|1\n|-unboost|p1a: Victini|spd|1\n|move|p2a: Avalugg|Rapid Spin|p1a: Victini\n|-damage|p1a: Victini|56\/100\n|-boost|p2a: Avalugg|spe|1\n|-sideend|p2: rhydon112|Spikes|[from] move: Rapid Spin|[of] p2a: Avalugg\n|\n|-heal|p2a: Avalugg|34\/100|[from] item: Leftovers\n|upkeep\n|turn|5\n|\n|t:|1700816732\n|move|p2a: Avalugg|Recover|p2a: Avalugg\n|-heal|p2a: Avalugg|84\/100\n|move|p1a: Victini|V-create|p2a: Avalugg\n|-damage|p2a: Avalugg|50\/100\n|-unboost|p1a: Victini|spe|1\n|-unboost|p1a: Victini|def|1\n|-unboost|p1a: Victini|spd|1\n|\n|-heal|p2a: Avalugg|56\/100|[from] item: Leftovers\n|upkeep\n|turn|6\n|\n|t:|1700816743\n|switch|p1a: Darmanitan|Darmanitan-Galar, F|100\/100\n|-damage|p1a: Darmanitan|75\/100|[from] Stealth Rock\n|move|p2a: Avalugg|Recover|p2a: Avalugg\n|-heal|p2a: Avalugg|100\/100\n|\n|upkeep\n|turn|7\n|\n|t:|1700816753\n|move|p1a: Darmanitan|Flare Blitz|p2a: Avalugg\n|-damage|p2a: Avalugg|55\/100\n|-damage|p1a: Darmanitan|59\/100|[from] Recoil\n|move|p2a: Avalugg|Body Press|p1a: Darmanitan\n|-supereffective|p1a: Darmanitan\n|-damage|p1a: Darmanitan|0 fnt\n|faint|p1a: Darmanitan\n|\n|-heal|p2a: Avalugg|61\/100|[from] item: Leftovers\n|upkeep\n|\n|t:|1700816762\n|switch|p1a: Regieleki|Regieleki|100\/100\n|turn|8\n|\n|t:|1700816774\n|-terastallize|p1a: Regieleki|Electric\n|move|p1a: Regieleki|Volt Switch|p2a: Avalugg\n|-damage|p2a: Avalugg|0 fnt\n|faint|p2a: Avalugg\n|\n|t:|1700816781\n|switch|p1a: Melmetal|Melmetal|100\/100|[from] Volt Switch\n|-damage|p1a: Melmetal|94\/100|[from] Stealth Rock\n|\n|upkeep\n|\n|t:|1700816786\n|switch|p2a: Volcarona|Volcarona, F|100\/100\n|turn|9\n|\n|t:|1700816794\n|move|p2a: Volcarona|Quiver Dance|p2a: Volcarona\n|-boost|p2a: Volcarona|spa|1\n|-boost|p2a: Volcarona|spd|1\n|-boost|p2a: Volcarona|spe|1\n|move|p1a: Melmetal|Double Iron Bash|p2a: Volcarona\n|-resisted|p2a: Volcarona\n|-damage|p2a: Volcarona|61\/100\n|-resisted|p2a: Volcarona\n|-damage|p2a: Volcarona|23\/100\n|-hitcount|p2a: Volcarona|2\n|\n|upkeep\n|turn|10\n|\n|t:|1700816803\n|move|p2a: Volcarona|Fiery Dance|p1a: Melmetal\n|-supereffective|p1a: Melmetal\n|-damage|p1a: Melmetal|0 fnt\n|-boost|p2a: Volcarona|spa|1\n|faint|p1a: Melmetal\n|\n|upkeep\n|\n|t:|1700816811\n|switch|p1a: Regieleki|Regieleki, tera:Electric|100\/100\n|turn|11\n|\n|t:|1700816818\n|move|p1a: Regieleki|Volt Switch|p2a: Volcarona\n|-damage|p2a: Volcarona|0 fnt\n|faint|p2a: Volcarona\n|\n|t:|1700816821\n|switch|p1a: Ogerpon|Ogerpon-Hearthflame, F|100\/100|[from] Volt Switch\n|-damage|p1a: Ogerpon|76\/100|[from] Stealth Rock\n|-ability|p1a: Ogerpon|Mold Breaker\n|\n|upkeep\n|\n|t:|1700816828\n|switch|p2a: Yveltal|Yveltal|100\/100\n|-ability|p2a: Yveltal|Dark Aura\n|turn|12\n|\n|t:|1700816837\n|move|p1a: Ogerpon|U-turn|p2a: Yveltal\n|-damage|p2a: Yveltal|77\/100\n|\n|t:|1700816840\n|switch|p1a: Victini|Victini|56\/100|[from] U-turn\n|-damage|p1a: Victini|31\/100|[from] Stealth Rock\n|move|p2a: Yveltal|Oblivion Wing|p1a: Victini\n|-damage|p1a: Victini|0 fnt\n|-heal|p2a: Yveltal|95\/100|[from] drain|[of] p1a: Victini\n|faint|p1a: Victini\n|\n|-heal|p2a: Yveltal|100\/100|[from] item: Leftovers\n|upkeep\n|\n|t:|1700816848\n|switch|p1a: Regieleki|Regieleki, tera:Electric|100\/100\n|turn|13\n|\n|t:|1700816857\n|move|p1a: Regieleki|Thunderbolt|p2a: Yveltal\n|-supereffective|p2a: Yveltal\n|-damage|p2a: Yveltal|15\/100\n|move|p2a: Yveltal|Knock Off|p1a: Regieleki\n|-damage|p1a: Regieleki|1\/100\n|-enditem|p1a: Regieleki|Heavy-Duty Boots|[from] move: Knock Off|[of] p2a: Yveltal\n|\n|-heal|p2a: Yveltal|21\/100|[from] item: Leftovers\n|upkeep\n|turn|14\n|\n|t:|1700816876\n|move|p1a: Regieleki|Thunderbolt|p2a: Yveltal\n|-supereffective|p2a: Yveltal\n|-damage|p2a: Yveltal|0 fnt\n|faint|p2a: Yveltal\n|\n|upkeep\n|\n|t:|1700816886\n|switch|p2a: Celesteela|Celesteela|100\/100\n|turn|15\n|\n|t:|1700816892\n|-terastallize|p2a: Celesteela|Dragon\n|move|p1a: Regieleki|Thunderbolt|p2a: Celesteela\n|-resisted|p2a: Celesteela\n|-damage|p2a: Celesteela|70\/100\n|move|p2a: Celesteela|Leech Seed|p1a: Regieleki\n|-start|p1a: Regieleki|move: Leech Seed\n|\n|-damage|p1a: Regieleki|0 fnt|[from] Leech Seed|[of] p2a: Celesteela\n|-heal|p2a: Celesteela|70\/100|[silent]\n|faint|p1a: Regieleki\n|upkeep\n|\n|t:|1700816900\n|switch|p1a: Ogerpon|Ogerpon-Hearthflame, F|76\/100\n|-damage|p1a: Ogerpon|51\/100|[from] Stealth Rock\n|-ability|p1a: Ogerpon|Mold Breaker\n|turn|16\n|\n|t:|1700816912\n|move|p1a: Ogerpon|Play Rough|p2a: Celesteela\n|-supereffective|p2a: Celesteela\n|-damage|p2a: Celesteela|30\/100\n|-damage|p1a: Ogerpon|34\/100|[from] item: Rocky Helmet|[of] p2a: Celesteela\n|move|p2a: Celesteela|Toxic|p1a: Ogerpon|[miss]\n|-miss|p2a: Celesteela|p1a: Ogerpon\n|\n|upkeep\n|turn|17\n|\n|t:|1700816922\n|switch|p2a: Primarina|Primarina, F|100\/100\n|move|p1a: Ogerpon|Play Rough|p2a: Primarina\n|-damage|p2a: Primarina|61\/100\n|-unboost|p2a: Primarina|atk|1\n|\n|-heal|p2a: Primarina|67\/100|[from] item: Leftovers\n|upkeep\n|turn|18\n|\n|t:|1700816942\n|switch|p2a: Breloom|Breloom, F|100\/100\n|move|p1a: Ogerpon|U-turn|p2a: Breloom\n|-damage|p2a: Breloom|59\/100\n|\n|upkeep\n|turn|19\n|\n|t:|1700816950\n|move|p2a: Breloom|Mach Punch|p1a: Ogerpon\n|-damage|p1a: Ogerpon|0 fnt\n|faint|p1a: Ogerpon\n|\n|win|rhydon112\n|raw|gccrcb's rating: 1000 &rarr; <strong>1000<\/strong><br \/>(+0 for losing)\n|raw|rhydon112's rating: 1082 &rarr; <strong>1103<\/strong><br \/>(+21 for winning)\n|l|\u2606gccrcb\n","uploadtime":1700816965,"views":9,"p1id":"gccrcb","p2id":"rhydon112","formatid":"gen9nationaldexubers","rating":1000,"private":0,"password":""}