{"id":"gen9nationaldexubers-1978263087","p1":"JustMonika_CARR","p2":"Skorchdiver","format":"[Gen 9] National Dex Ubers","log":"|j|\u2606JustMonika_CARR\n|j|\u2606Skorchdiver\n|t:|1698518474\n|gametype|singles\n|player|p1|JustMonika_CARR|dawn|1444\n|player|p2|Skorchdiver|barry|1426\n|teamsize|p1|6\n|teamsize|p2|6\n|gen|9\n|tier|[Gen 9] National Dex Ubers\n|rated|\n|rule|HP Percentage Mod: HP is shown in percentages\n|rule|Endless Battle Clause: Forcing endless battles is banned\n|rule|OHKO Clause: OHKO moves are banned\n|rule|Evasion Moves Clause: Evasion moves are banned\n|rule|Evasion Items Clause: Evasion items are banned\n|rule|Species Clause: Limit one of each Pok\u00e9mon\n|rule|Sleep Clause Mod: Limit one foe put to sleep\n|rule|Mega Rayquaza Clause: You cannot mega evolve Rayquaza\n|clearpoke\n|poke|p1|Yveltal|\n|poke|p1|Skarmory, F|\n|poke|p1|Gothitelle, F|\n|poke|p1|Deoxys-Speed|\n|poke|p1|Shuckle, M|\n|poke|p1|Durant, F|\n|poke|p2|Eternatus|\n|poke|p2|Mewtwo|\n|poke|p2|Kingambit, M|\n|poke|p2|Groudon|\n|poke|p2|Ho-Oh|\n|poke|p2|Marshadow|\n|teampreview\n|c|\u2606JustMonika_CARR|glhf\n|inactive|Battle timer is ON: inactive players will automatically lose when time's up. (requested by JustMonika_CARR)\n|c|\u2606Skorchdiver|u 2\n|\n|t:|1698518514\n|start\n|switch|p1a: Skarmory|Skarmory, F, shiny|100\/100\n|switch|p2a: Kingambit|Kingambit, M|100\/100\n|turn|1\n|\n|t:|1698518521\n|-end|p2a: Kingambit|fallenundefined|[silent]\n|switch|p2a: Eternatus|Eternatus|100\/100\n|-ability|p2a: Eternatus|Pressure\n|move|p1a: Skarmory|Stealth Rock|p2a: Eternatus\n|-sidestart|p2: Skorchdiver|move: Stealth Rock\n|\n|upkeep\n|turn|2\n|\n|t:|1698518528\n|move|p2a: Eternatus|Flamethrower|p1a: Skarmory\n|-supereffective|p1a: Skarmory\n|-damage|p1a: Skarmory|42\/100\n|move|p1a: Skarmory|Spikes|p2a: Eternatus\n|-sidestart|p2: Skorchdiver|Spikes\n|\n|-heal|p1a: Skarmory|48\/100|[from] item: Leftovers\n|upkeep\n|turn|3\n|\n|t:|1698518537\n|move|p2a: Eternatus|Meteor Beam||[still]\n|-prepare|p2a: Eternatus|Meteor Beam\n|-boost|p2a: Eternatus|spa|1\n|-enditem|p2a: Eternatus|Power Herb\n|-anim|p2a: Eternatus|Meteor Beam|p1a: Skarmory\n|-damage|p1a: Skarmory|0 fnt\n|faint|p1a: Skarmory\n|\n|upkeep\n|\n|t:|1698518555\n|switch|p1a: Durant|Durant, F, shiny|100\/100\n|turn|4\n|\n|t:|1698518563\n|move|p1a: Durant|Entrainment|p2a: Eternatus\n|-endability|p2a: Eternatus|Pressure|[from] move: Entrainment\n|-ability|p2a: Eternatus|Truant|[from] move: Entrainment\n|move|p2a: Eternatus|Flamethrower|p1a: Durant\n|-supereffective|p1a: Durant\n|-damage|p1a: Durant|0 fnt\n|faint|p1a: Durant\n|\n|upkeep\n|\n|t:|1698518571\n|switch|p1a: Gothitelle|Gothitelle, F, shiny|100\/100\n|turn|5\n|\n|t:|1698518575\n|cant|p2a: Eternatus|ability: Truant\n|move|p1a: Gothitelle|Substitute|p1a: Gothitelle\n|-start|p1a: Gothitelle|Substitute\n|-damage|p1a: Gothitelle|75\/100\n|\n|upkeep\n|turn|6\n|\n|t:|1698518581\n|move|p2a: Eternatus|Sludge Wave|p1a: Gothitelle\n|-end|p1a: Gothitelle|Substitute\n|move|p1a: Gothitelle|Substitute|p1a: Gothitelle\n|-start|p1a: Gothitelle|Substitute\n|-damage|p1a: Gothitelle|50\/100\n|\n|upkeep\n|turn|7\n|\n|t:|1698518586\n|cant|p2a: Eternatus|ability: Truant\n|move|p1a: Gothitelle|Substitute|p1a: Gothitelle\n|-fail|p1a: Gothitelle|move: Substitute\n|\n|upkeep\n|turn|8\n|\n|t:|1698518590\n|move|p2a: Eternatus|Sludge Wave|p1a: Gothitelle\n|-end|p1a: Gothitelle|Substitute\n|move|p1a: Gothitelle|Substitute|p1a: Gothitelle\n|-start|p1a: Gothitelle|Substitute\n|-damage|p1a: Gothitelle|25\/100\n|-enditem|p1a: Gothitelle|Starf Berry|[eat]\n|-boost|p1a: Gothitelle|def|2|[from] item: Starf Berry\n|\n|upkeep\n|turn|9\n|\n|t:|1698518597\n|cant|p2a: Eternatus|ability: Truant\n|move|p1a: Gothitelle|Recycle|p1a: Gothitelle\n|-item|p1a: Gothitelle|Starf Berry|[from] move: Recycle\n|-enditem|p1a: Gothitelle|Starf Berry|[eat]\n|-boost|p1a: Gothitelle|spa|2|[from] item: Starf Berry\n|\n|upkeep\n|turn|10\n|\n|t:|1698518604\n|move|p1a: Gothitelle|Protect|p1a: Gothitelle\n|-singleturn|p1a: Gothitelle|Protect\n|move|p2a: Eternatus|Sludge Wave|p1a: Gothitelle\n|-activate|p1a: Gothitelle|move: Protect\n|\n|upkeep\n|turn|11\n|\n|t:|1698518607\n|cant|p2a: Eternatus|ability: Truant\n|move|p1a: Gothitelle|Recycle|p1a: Gothitelle\n|-item|p1a: Gothitelle|Starf Berry|[from] move: Recycle\n|-enditem|p1a: Gothitelle|Starf Berry|[eat]\n|-boost|p1a: Gothitelle|spd|2|[from] item: Starf Berry\n|\n|upkeep\n|turn|12\n|\n|t:|1698518615\n|move|p1a: Gothitelle|Protect|p1a: Gothitelle\n|-singleturn|p1a: Gothitelle|Protect\n|move|p2a: Eternatus|Sludge Wave|p1a: Gothitelle\n|-activate|p1a: Gothitelle|move: Protect\n|\n|upkeep\n|turn|13\n|c|\u2606Skorchdiver|wow\n|c|\u2606Skorchdiver|gg ig\n|\n|t:|1698518627\n|cant|p2a: Eternatus|ability: Truant\n|move|p1a: Gothitelle|Recycle|p1a: Gothitelle\n|-item|p1a: Gothitelle|Starf Berry|[from] move: Recycle\n|-enditem|p1a: Gothitelle|Starf Berry|[eat]\n|-boost|p1a: Gothitelle|spa|2|[from] item: Starf Berry\n|\n|upkeep\n|turn|14\n|\n|t:|1698518634\n|move|p1a: Gothitelle|Protect|p1a: Gothitelle\n|-singleturn|p1a: Gothitelle|Protect\n|move|p2a: Eternatus|Sludge Wave|p1a: Gothitelle\n|-activate|p1a: Gothitelle|move: Protect\n|\n|upkeep\n|turn|15\n|c|\u2606JustMonika_CARR|Fun strat, right?\n|\n|t:|1698518645\n|cant|p2a: Eternatus|ability: Truant\n|move|p1a: Gothitelle|Recycle|p1a: Gothitelle\n|-item|p1a: Gothitelle|Starf Berry|[from] move: Recycle\n|-enditem|p1a: Gothitelle|Starf Berry|[eat]\n|-boost|p1a: Gothitelle|atk|2|[from] item: Starf Berry\n|\n|upkeep\n|turn|16\n|c|\u2606Skorchdiver|lol yeah\n|c|\u2606Skorchdiver|was not expecting that xd\n|\n|t:|1698518655\n|move|p1a: Gothitelle|Protect|p1a: Gothitelle\n|-singleturn|p1a: Gothitelle|Protect\n|move|p2a: Eternatus|Sludge Wave|p1a: Gothitelle\n|-activate|p1a: Gothitelle|move: Protect\n|\n|upkeep\n|turn|17\n|c|\u2606JustMonika_CARR|Well, Let's skip a few turns\n|\n|t:|1698518667\n|cant|p2a: Eternatus|ability: Truant\n|move|p1a: Gothitelle|Recycle|p1a: Gothitelle\n|-item|p1a: Gothitelle|Starf Berry|[from] move: Recycle\n|-enditem|p1a: Gothitelle|Starf Berry|[eat]\n|-boost|p1a: Gothitelle|spe|2|[from] item: Starf Berry\n|\n|upkeep\n|turn|18\n|c|\u2606Skorchdiver|lol\n|\n|t:|1698518671\n|move|p1a: Gothitelle|Protect|p1a: Gothitelle\n|-singleturn|p1a: Gothitelle|Protect\n|move|p2a: Eternatus|Sludge Wave|p1a: Gothitelle\n|-activate|p1a: Gothitelle|move: Protect\n|\n|upkeep\n|turn|19\n|\n|t:|1698518674\n|cant|p2a: Eternatus|ability: Truant\n|move|p1a: Gothitelle|Recycle|p1a: Gothitelle\n|-item|p1a: Gothitelle|Starf Berry|[from] move: Recycle\n|-enditem|p1a: Gothitelle|Starf Berry|[eat]\n|-boost|p1a: Gothitelle|atk|2|[from] item: Starf Berry\n|\n|upkeep\n|turn|20\n|\n|t:|1698518675\n|move|p1a: Gothitelle|Protect|p1a: Gothitelle\n|-singleturn|p1a: Gothitelle|Protect\n|move|p2a: Eternatus|Sludge Wave|p1a: Gothitelle\n|-activate|p1a: Gothitelle|move: Protect\n|\n|upkeep\n|turn|21\n|\n|t:|1698518678\n|cant|p2a: Eternatus|ability: Truant\n|move|p1a: Gothitelle|Recycle|p1a: Gothitelle\n|-item|p1a: Gothitelle|Starf Berry|[from] move: Recycle\n|-enditem|p1a: Gothitelle|Starf Berry|[eat]\n|-boost|p1a: Gothitelle|def|2|[from] item: Starf Berry\n|\n|upkeep\n|turn|22\n|\n|t:|1698518680\n|move|p1a: Gothitelle|Protect|p1a: Gothitelle\n|-singleturn|p1a: Gothitelle|Protect\n|move|p2a: Eternatus|Sludge Wave|p1a: Gothitelle\n|-activate|p1a: Gothitelle|move: Protect\n|\n|upkeep\n|turn|23\n|\n|t:|1698518684\n|cant|p2a: Eternatus|ability: Truant\n|move|p1a: Gothitelle|Recycle|p1a: Gothitelle\n|-item|p1a: Gothitelle|Starf Berry|[from] move: Recycle\n|-enditem|p1a: Gothitelle|Starf Berry|[eat]\n|-boost|p1a: Gothitelle|atk|2|[from] item: Starf Berry\n|\n|upkeep\n|turn|24\n|\n|t:|1698518690\n|move|p1a: Gothitelle|Protect|p1a: Gothitelle\n|-singleturn|p1a: Gothitelle|Protect\n|move|p2a: Eternatus|Sludge Wave|p1a: Gothitelle\n|-activate|p1a: Gothitelle|move: Protect\n|\n|upkeep\n|turn|25\n|\n|t:|1698518692\n|cant|p2a: Eternatus|ability: Truant\n|move|p1a: Gothitelle|Recycle|p1a: Gothitelle\n|-item|p1a: Gothitelle|Starf Berry|[from] move: Recycle\n|-enditem|p1a: Gothitelle|Starf Berry|[eat]\n|-boost|p1a: Gothitelle|spa|2|[from] item: Starf Berry\n|\n|upkeep\n|turn|26\n|\n|t:|1698518696\n|move|p1a: Gothitelle|Protect|p1a: Gothitelle\n|-singleturn|p1a: Gothitelle|Protect\n|move|p2a: Eternatus|Sludge Wave|p1a: Gothitelle\n|-activate|p1a: Gothitelle|move: Protect\n|\n|upkeep\n|turn|27\n|\n|t:|1698518700\n|cant|p2a: Eternatus|ability: Truant\n|move|p1a: Gothitelle|Recycle|p1a: Gothitelle\n|-item|p1a: Gothitelle|Starf Berry|[from] move: Recycle\n|-enditem|p1a: Gothitelle|Starf Berry|[eat]\n|-boost|p1a: Gothitelle|spd|2|[from] item: Starf Berry\n|\n|upkeep\n|turn|28\n|\n|t:|1698518703\n|move|p1a: Gothitelle|Protect|p1a: Gothitelle\n|-singleturn|p1a: Gothitelle|Protect\n|move|p2a: Eternatus|Sludge Wave|p1a: Gothitelle\n|-activate|p1a: Gothitelle|move: Protect\n|\n|upkeep\n|turn|29\n|\n|t:|1698518705\n|cant|p2a: Eternatus|ability: Truant\n|move|p1a: Gothitelle|Recycle|p1a: Gothitelle\n|-item|p1a: Gothitelle|Starf Berry|[from] move: Recycle\n|-enditem|p1a: Gothitelle|Starf Berry|[eat]\n|-boost|p1a: Gothitelle|def|2|[from] item: Starf Berry\n|\n|upkeep\n|turn|30\n|\n|t:|1698518711\n|move|p1a: Gothitelle|Protect|p1a: Gothitelle\n|-singleturn|p1a: Gothitelle|Protect\n|move|p2a: Eternatus|Sludge Wave|p1a: Gothitelle\n|-activate|p1a: Gothitelle|move: Protect\n|\n|upkeep\n|turn|31\n|\n|t:|1698518714\n|cant|p2a: Eternatus|ability: Truant\n|move|p1a: Gothitelle|Recycle|p1a: Gothitelle\n|-item|p1a: Gothitelle|Starf Berry|[from] move: Recycle\n|-enditem|p1a: Gothitelle|Starf Berry|[eat]\n|-boost|p1a: Gothitelle|spd|2|[from] item: Starf Berry\n|\n|upkeep\n|turn|32\n|\n|t:|1698518715\n|move|p1a: Gothitelle|Protect|p1a: Gothitelle\n|-singleturn|p1a: Gothitelle|Protect\n|move|p2a: Eternatus|Sludge Wave|p1a: Gothitelle\n|-activate|p1a: Gothitelle|move: Protect\n|\n|upkeep\n|turn|33\n|\n|t:|1698518720\n|cant|p2a: Eternatus|ability: Truant\n|move|p1a: Gothitelle|Recycle|p1a: Gothitelle\n|-item|p1a: Gothitelle|Starf Berry|[from] move: Recycle\n|-enditem|p1a: Gothitelle|Starf Berry|[eat]\n|-boost|p1a: Gothitelle|spe|2|[from] item: Starf Berry\n|\n|upkeep\n|turn|34\n|\n|t:|1698518724\n|move|p1a: Gothitelle|Protect|p1a: Gothitelle\n|-singleturn|p1a: Gothitelle|Protect\n|move|p2a: Eternatus|Sludge Wave|p1a: Gothitelle\n|-activate|p1a: Gothitelle|move: Protect\n|\n|upkeep\n|turn|35\n|\n|t:|1698518734\n|move|p1a: Gothitelle|Recycle|p1a: Gothitelle\n|-item|p1a: Gothitelle|Starf Berry|[from] move: Recycle\n|-enditem|p1a: Gothitelle|Starf Berry|[eat]\n|-boost|p1a: Gothitelle|spe|2|[from] item: Starf Berry\n|cant|p2a: Eternatus|ability: Truant\n|\n|upkeep\n|turn|36\n|\n|t:|1698518737\n|move|p1a: Gothitelle|Protect|p1a: Gothitelle\n|-singleturn|p1a: Gothitelle|Protect\n|move|p2a: Eternatus|Sludge Wave|p1a: Gothitelle\n|-activate|p1a: Gothitelle|move: Protect\n|\n|upkeep\n|turn|37\n|\n|t:|1698518743\n|move|p1a: Gothitelle|Dark Pulse|p2a: Eternatus\n|-damage|p2a: Eternatus|26\/100\n|cant|p2a: Eternatus|ability: Truant\n|\n|upkeep\n|turn|38\n|\n|t:|1698518749\n|move|p1a: Gothitelle|Dark Pulse|p2a: Eternatus\n|-damage|p2a: Eternatus|0 fnt\n|faint|p2a: Eternatus\n|\n|upkeep\n|\n|t:|1698518759\n|switch|p2a: Ho-Oh|Ho-Oh|100\/100\n|turn|39\n|\n|t:|1698518763\n|-terastallize|p1a: Gothitelle|Dark\n|move|p1a: Gothitelle|Dark Pulse|p2a: Ho-Oh\n|-damage|p2a: Ho-Oh|32\/100\n|move|p2a: Ho-Oh|Sacred Fire|p1a: Gothitelle\n|-activate|p1a: Gothitelle|move: Substitute|[damage]\n|\n|upkeep\n|turn|40\n|c|\u2606Skorchdiver|ripppp\n|\n|t:|1698518774\n|move|p1a: Gothitelle|Dark Pulse|p2a: Ho-Oh\n|-damage|p2a: Ho-Oh|0 fnt\n|faint|p2a: Ho-Oh\n|\n|upkeep\n|c|\u2606Skorchdiver|i lost lol\n|c|\u2606Skorchdiver|GG\n|c|\u2606JustMonika_CARR|Damn, I thought you's use whirlwind\n|c|\u2606JustMonika_CARR|gg\n|c|\u2606Skorchdiver|no i dont have\n|-message|Skorchdiver forfeited.\n|\n|win|JustMonika_CARR\n|raw|JustMonika_CARR's rating: 1444 &rarr; <strong>1463<\/strong><br \/>(+19 for winning)\n|raw|Skorchdiver's rating: 1426 &rarr; <strong>1407<\/strong><br \/>(-19 for losing)\n|l|\u2606Skorchdiver\n","uploadtime":1698518798,"views":10,"p1id":"justmonikacarr","p2id":"skorchdiver","formatid":"gen9nationaldexubers","rating":1407,"private":0,"password":""}