{"id":"gen9nationaldexubers-1984222987","p1":"aguinaldo124","p2":"Felipe_4142","format":"[Gen 9] National Dex Ubers","log":"|j|\u2606aguinaldo124\n|j|\u2606Felipe_4142\n|t:|1699231975\n|gametype|singles\n|player|p1|aguinaldo124|bruno|1149\n|player|p2|Felipe_4142|265|1135\n|teamsize|p1|6\n|teamsize|p2|6\n|gen|9\n|tier|[Gen 9] National Dex Ubers\n|rated|\n|rule|HP Percentage Mod: HP is shown in percentages\n|rule|Endless Battle Clause: Forcing endless battles is banned\n|rule|OHKO Clause: OHKO moves are banned\n|rule|Evasion Moves Clause: Evasion moves are banned\n|rule|Evasion Items Clause: Evasion items are banned\n|rule|Species Clause: Limit one of each Pok\u00e9mon\n|rule|Sleep Clause Mod: Limit one foe put to sleep\n|rule|Mega Rayquaza Clause: You cannot mega evolve Rayquaza\n|clearpoke\n|poke|p1|Blaziken, F|\n|poke|p1|Zoroark, F|\n|poke|p1|Azumarill, F|\n|poke|p1|Ursaring, M|\n|poke|p1|Banette, M|\n|poke|p1|Gliscor, F|\n|poke|p2|Eiscue, M|\n|poke|p2|Metagross|\n|poke|p2|Dragapult, F|\n|poke|p2|Ho-Oh|\n|poke|p2|Hatterene, F|\n|poke|p2|Clawitzer, M|\n|teampreview\n|inactive|Battle timer is ON: inactive players will automatically lose when time's up. (requested by aguinaldo124)\n|\n|t:|1699231994\n|start\n|switch|p1a: Purple guy|Gliscor, F|100\/100\n|switch|p2a: Hatterene|Hatterene, F|100\/100\n|turn|1\n|\n|t:|1699232006\n|move|p1a: Purple guy|Swords Dance|p1a: Purple guy\n|-boost|p1a: Purple guy|atk|2\n|move|p2a: Hatterene|Trick Room|p2a: Hatterene\n|-fieldstart|move: Trick Room|[of] p2a: Hatterene\n|\n|-status|p1a: Purple guy|tox|[from] item: Toxic Orb\n|upkeep\n|turn|2\n|\n|t:|1699232015\n|move|p2a: Hatterene|Psychic|p1a: Purple guy\n|-damage|p1a: Purple guy|23\/100 tox\n|move|p1a: Purple guy|Crabhammer|p2a: Hatterene\n|-damage|p2a: Hatterene|51\/100\n|\n|-heal|p1a: Purple guy|35\/100 tox|[from] ability: Poison Heal\n|upkeep\n|turn|3\n|\n|t:|1699232025\n|move|p2a: Hatterene|Psychic|p1a: Purple guy\n|-damage|p1a: Purple guy|0 fnt\n|faint|p1a: Purple guy\n|\n|upkeep\n|\n|t:|1699232030\n|switch|p1a: Chica|Blaziken, F|100\/100\n|turn|4\n|\n|t:|1699232040\n|move|p1a: Chica|Protect|p1a: Chica\n|-singleturn|p1a: Chica|Protect\n|move|p2a: Hatterene|Psychic|p1a: Chica\n|-activate|p1a: Chica|move: Protect\n|\n|-ability|p1a: Chica|Speed Boost|boost\n|-boost|p1a: Chica|spe|1\n|upkeep\n|turn|5\n|\n|t:|1699232049\n|switch|p1a: Freedy fasbear|Ursaring, M|100\/100\n|move|p2a: Hatterene|Psychic|p1a: Freedy fasbear\n|-immune|p1a: Freedy fasbear\n|\n|-fieldend|move: Trick Room\n|upkeep\n|turn|6\n|\n|t:|1699232060\n|move|p1a: Freedy fasbear|Nasty Plot|p1a: Freedy fasbear\n|-boost|p1a: Freedy fasbear|spa|2\n|move|p2a: Hatterene|Trick Room|p2a: Hatterene\n|-fieldstart|move: Trick Room|[of] p2a: Hatterene\n|\n|upkeep\n|turn|7\n|\n|t:|1699232067\n|move|p2a: Hatterene|Dazzling Gleam|p1a: Freedy fasbear\n|-supereffective|p1a: Freedy fasbear\n|-enditem|p1a: Freedy fasbear|Focus Sash\n|-damage|p1a: Freedy fasbear|1\/100\n|replace|p1a: Foxy|Zoroark, F\n|-end|p1a: Foxy|Illusion\n|move|p1a: Foxy|Dark Pulse|p2a: Hatterene\n|-damage|p2a: Hatterene|0 fnt\n|faint|p2a: Hatterene\n|\n|upkeep\n|\n|t:|1699232081\n|switch|p2a: Metagross|Metagross|100\/100\n|turn|8\n|\n|t:|1699232085\n|move|p2a: Metagross|Thunder Punch|p1a: Foxy\n|-damage|p1a: Foxy|0 fnt\n|faint|p1a: Foxy\n|\n|upkeep\n|\n|t:|1699232092\n|switch|p1a: Chica|Blaziken, F|100\/100\n|turn|9\n|\n|t:|1699232099\n|detailschange|p2a: Metagross|Metagross-Mega\n|-mega|p2a: Metagross|Metagross|Metagrossite\n|move|p1a: Chica|Protect|p1a: Chica\n|-singleturn|p1a: Chica|Protect\n|move|p2a: Metagross|Earthquake|p1a: Chica\n|-activate|p1a: Chica|move: Protect\n|\n|-ability|p1a: Chica|Speed Boost|boost\n|-boost|p1a: Chica|spe|1\n|upkeep\n|turn|10\n|\n|t:|1699232115\n|-terastallize|p1a: Chica|Water\n|move|p2a: Metagross|Earthquake|p1a: Chica\n|-damage|p1a: Chica|34\/100\n|move|p1a: Chica|Swords Dance|p1a: Chica\n|-boost|p1a: Chica|atk|2\n|\n|-fieldend|move: Trick Room\n|-ability|p1a: Chica|Speed Boost|boost\n|-boost|p1a: Chica|spe|1\n|upkeep\n|turn|11\n|\n|t:|1699232127\n|move|p1a: Chica|Blaze Kick|p2a: Metagross\n|-supereffective|p2a: Metagross\n|-damage|p2a: Metagross|0 fnt\n|faint|p2a: Metagross\n|\n|-ability|p1a: Chica|Speed Boost|boost\n|-boost|p1a: Chica|spe|1\n|upkeep\n|\n|t:|1699232134\n|switch|p2a: Clawitzer|Clawitzer, M|100\/100\n|turn|12\n|\n|t:|1699232137\n|move|p1a: Chica|Close Combat|p2a: Clawitzer\n|-damage|p2a: Clawitzer|0 fnt\n|-unboost|p1a: Chica|def|1\n|-unboost|p1a: Chica|spd|1\n|faint|p2a: Clawitzer\n|\n|-ability|p1a: Chica|Speed Boost|boost\n|-boost|p1a: Chica|spe|1\n|upkeep\n|\n|t:|1699232146\n|switch|p2a: Dragapult|Dragapult, F|100\/100\n|turn|13\n|\n|t:|1699232151\n|move|p1a: Chica|Blaze Kick|p2a: Dragapult\n|-resisted|p2a: Dragapult\n|-damage|p2a: Dragapult|43\/100\n|move|p2a: Dragapult|Dragon Darts|p1a: Chica\n|-damage|p1a: Chica|0 fnt\n|faint|p1a: Chica\n|-damage|p2a: Dragapult|33\/100|[from] item: Life Orb\n|\n|upkeep\n|\n|t:|1699232160\n|switch|p1a: Bonnie|Azumarill, F|100\/100\n|turn|14\n|\n|t:|1699232165\n|move|p2a: Dragapult|Dragon Darts|p1a: Bonnie\n|-immune|p1a: Bonnie\n|-zpower|p1a: Bonnie\n|move|p1a: Bonnie|Z-Belly Drum|p1a: Bonnie|[anim]Belly Drum\n|-damage|p1a: Bonnie|50\/100\n|-setboost|p1a: Bonnie|atk|6|[from] move: Belly Drum\n|\n|upkeep\n|turn|15\n|inactive|aguinaldo124 has 120 seconds left.\n|\n|t:|1699232208\n|move|p1a: Bonnie|Aqua Jet|p2a: Dragapult\n|-resisted|p2a: Dragapult\n|-damage|p2a: Dragapult|0 fnt\n|faint|p2a: Dragapult\n|\n|upkeep\n|\n|t:|1699232216\n|switch|p2a: Eiscue|Eiscue, M|100\/100\n|turn|16\n|\n|t:|1699232219\n|move|p1a: Bonnie|Aqua Jet|p2a: Eiscue\n|-activate|p2a: Eiscue|ability: Ice Face\n|-damage|p2a: Eiscue|100\/100\n|detailschange|p2a: Eiscue|Eiscue-Noice, M\n|move|p2a: Eiscue|Belly Drum|p2a: Eiscue\n|-damage|p2a: Eiscue|51\/100\n|-setboost|p2a: Eiscue|atk|6|[from] move: Belly Drum\n|\n|upkeep\n|turn|17\n|\n|t:|1699232230\n|move|p1a: Bonnie|Aqua Jet|p2a: Eiscue\n|-damage|p2a: Eiscue|0 fnt\n|faint|p2a: Eiscue\n|\n|upkeep\n|\n|t:|1699232233\n|switch|p2a: Ho-Oh|Ho-Oh|100\/100\n|turn|18\n|c|\u2606aguinaldo124|Ggwp\n|\n|t:|1699232239\n|move|p1a: Bonnie|Aqua Jet|p2a: Ho-Oh\n|-supereffective|p2a: Ho-Oh\n|-damage|p2a: Ho-Oh|0 fnt\n|faint|p2a: Ho-Oh\n|\n|win|aguinaldo124\n|raw|aguinaldo124's rating: 1149 &rarr; <strong>1173<\/strong><br \/>(+24 for winning)\n|raw|Felipe_4142's rating: 1135 &rarr; <strong>1111<\/strong><br \/>(-24 for losing)\n|l|\u2606Felipe_4142\n","uploadtime":1699232250,"views":5,"p1id":"aguinaldo124","p2id":"felipe4142","formatid":"gen9nationaldexubers","rating":1111,"private":0,"password":""}