{"id":"gen9nationaldexubers-1997311159","p1":"pickelate","p2":"Quizzle_tip","format":"[Gen 9] National Dex Ubers","log":"|j|\u2606pickelate\n|j|\u2606Quizzle_tip\n|t:|1700787864\n|gametype|singles\n|player|p1|pickelate|burglar|1291\n|player|p2|Quizzle_tip|n|1316\n|teamsize|p1|6\n|teamsize|p2|6\n|gen|9\n|tier|[Gen 9] National Dex Ubers\n|rated|\n|rule|HP Percentage Mod: HP is shown in percentages\n|rule|Endless Battle Clause: Forcing endless battles is banned\n|rule|OHKO Clause: OHKO moves are banned\n|rule|Evasion Moves Clause: Evasion moves are banned\n|rule|Evasion Items Clause: Evasion items are banned\n|rule|Species Clause: Limit one of each Pok\u00e9mon\n|rule|Sleep Clause Mod: Limit one foe put to sleep\n|rule|Mega Rayquaza Clause: You cannot mega evolve Rayquaza\n|clearpoke\n|poke|p1|Gliscor, M|\n|poke|p1|Baxcalibur, M|\n|poke|p1|Grimmsnarl, M|\n|poke|p1|Ferrothorn, M|\n|poke|p1|Garganacl, F|\n|poke|p1|Heracross, F|\n|poke|p2|Hydreigon, F|\n|poke|p2|Raichu, F|\n|poke|p2|Mewtwo|\n|poke|p2|Aegislash, F|\n|poke|p2|Greninja-*, M|\n|poke|p2|Sylveon, F|\n|teampreview\n|\n|t:|1700787874\n|start\n|switch|p1a: Grimmsnarl|Grimmsnarl, M|100\/100\n|switch|p2a: Hydreigon|Hydreigon, F|100\/100\n|turn|1\n|\n|t:|1700787883\n|move|p1a: Grimmsnarl|Taunt|p2a: Hydreigon\n|-hint|Since gen 7, Dark is immune to Prankster moves.\n|-immune|p2a: Hydreigon\n|move|p2a: Hydreigon|Stealth Rock|p1a: Grimmsnarl\n|-sidestart|p1: pickelate|move: Stealth Rock\n|\n|upkeep\n|turn|2\n|inactive|Battle timer is ON: inactive players will automatically lose when time's up. (requested by pickelate)\n|\n|t:|1700787891\n|switch|p2a: Aegislash|Aegislash, F, shiny|100\/100\n|move|p1a: Grimmsnarl|Light Screen|p1a: Grimmsnarl\n|-sidestart|p1: pickelate|move: Light Screen\n|\n|upkeep\n|turn|3\n|\n|t:|1700787894\n|move|p1a: Grimmsnarl|Reflect|p1a: Grimmsnarl\n|-sidestart|p1: pickelate|Reflect\n|move|p2a: Aegislash|Swords Dance|p2a: Aegislash\n|-boost|p2a: Aegislash|atk|2\n|\n|upkeep\n|turn|4\n|\n|t:|1700787900\n|move|p1a: Grimmsnarl|Taunt|p2a: Aegislash\n|-start|p2a: Aegislash|move: Taunt\n|-formechange|p2a: Aegislash|Aegislash-Blade||[from] ability: Stance Change\n|move|p2a: Aegislash|Iron Head|p1a: Grimmsnarl\n|-supereffective|p1a: Grimmsnarl\n|-damage|p1a: Grimmsnarl|0 fnt\n|faint|p1a: Grimmsnarl\n|\n|upkeep\n|\n|t:|1700787907\n|switch|p1a: Gliscor|Gliscor, M, shiny|100\/100\n|-damage|p1a: Gliscor|88\/100|[from] Stealth Rock\n|turn|5\n|\n|t:|1700787917\n|switch|p2a: Sylveon|Sylveon, F|100\/100\n|move|p1a: Gliscor|Tailwind|p1a: Gliscor\n|-sidestart|p1: pickelate|move: Tailwind\n|\n|-status|p1a: Gliscor|tox|[from] item: Toxic Orb\n|upkeep\n|turn|6\n|\n|t:|1700787923\n|switch|p1a: Garganacl|Garganacl, F|100\/100\n|-damage|p1a: Garganacl|88\/100|[from] Stealth Rock\n|move|p2a: Sylveon|Hyper Voice|p1a: Garganacl\n|-damage|p1a: Garganacl|67\/100\n|\n|-heal|p1a: Garganacl|74\/100|[from] item: Leftovers\n|upkeep\n|turn|7\n|\n|t:|1700787935\n|move|p1a: Garganacl|Iron Defense|p1a: Garganacl\n|-boost|p1a: Garganacl|def|2\n|move|p2a: Sylveon|Yawn|p1a: Garganacl\n|-immune|p1a: Garganacl|[from] ability: Purifying Salt\n|\n|-heal|p1a: Garganacl|80\/100|[from] item: Leftovers\n|upkeep\n|turn|8\n|\n|t:|1700787943\n|move|p1a: Garganacl|Iron Defense|p1a: Garganacl\n|-boost|p1a: Garganacl|def|2\n|move|p2a: Sylveon|Calm Mind|p2a: Sylveon\n|-boost|p2a: Sylveon|spa|1\n|-boost|p2a: Sylveon|spd|1\n|\n|-heal|p1a: Garganacl|86\/100|[from] item: Leftovers\n|-sideend|p1: pickelate|move: Tailwind\n|upkeep\n|turn|9\n|\n|t:|1700787947\n|move|p2a: Sylveon|Hyper Voice|p1a: Garganacl\n|-damage|p1a: Garganacl|56\/100\n|move|p1a: Garganacl|Salt Cure|p2a: Sylveon\n|-damage|p2a: Sylveon|83\/100\n|-start|p2a: Sylveon|Salt Cure\n|\n|-heal|p1a: Garganacl|62\/100|[from] item: Leftovers\n|-damage|p2a: Sylveon|71\/100|[from] Salt Cure\n|-sideend|p1: pickelate|move: Light Screen\n|upkeep\n|turn|10\n|\n|t:|1700787952\n|move|p2a: Sylveon|Hyper Voice|p1a: Garganacl\n|-damage|p1a: Garganacl|0 fnt\n|faint|p1a: Garganacl\n|\n|-damage|p2a: Sylveon|58\/100|[from] Salt Cure\n|-sideend|p1: pickelate|Reflect\n|upkeep\n|\n|t:|1700787963\n|switch|p1a: Gliscor|Gliscor, M, shiny|88\/100 tox\n|-damage|p1a: Gliscor|76\/100 tox|[from] Stealth Rock\n|turn|11\n|\n|t:|1700787967\n|move|p1a: Gliscor|Tailwind|p1a: Gliscor\n|-sidestart|p1: pickelate|move: Tailwind\n|move|p2a: Sylveon|Hyper Voice|p1a: Gliscor\n|-damage|p1a: Gliscor|0 fnt\n|faint|p1a: Gliscor\n|\n|-damage|p2a: Sylveon|46\/100|[from] Salt Cure\n|upkeep\n|\n|t:|1700787969\n|switch|p1a: Heracross|Heracross, F|100\/100\n|-damage|p1a: Heracross|88\/100|[from] Stealth Rock\n|turn|12\n|\n|t:|1700787976\n|detailschange|p1a: Heracross|Heracross-Mega, F\n|-mega|p1a: Heracross|Heracross|Heracronite\n|move|p1a: Heracross|Rock Blast|p2a: Sylveon\n|-damage|p2a: Sylveon|29\/100\n|-damage|p2a: Sylveon|14\/100\n|-damage|p2a: Sylveon|0 fnt\n|faint|p2a: Sylveon\n|-hitcount|p2: Sylveon|3\n|\n|upkeep\n|\n|t:|1700787985\n|switch|p2a: Raichu|Raichu, F|100\/100\n|turn|13\n|\n|t:|1700787994\n|move|p2a: Raichu|Fake Out|p1a: Heracross\n|-damage|p1a: Heracross|78\/100\n|cant|p1a: Heracross|flinch\n|\n|upkeep\n|turn|14\n|\n|t:|1700788004\n|switch|p2a: Aegislash|Aegislash, F, shiny|100\/100\n|move|p1a: Heracross|Close Combat|p2a: Aegislash\n|-immune|p2a: Aegislash\n|\n|-sideend|p1: pickelate|move: Tailwind\n|upkeep\n|turn|15\n|\n|t:|1700788011\n|switch|p2a: Raichu|Raichu, F|100\/100\n|move|p1a: Heracross|Rock Blast|p2a: Raichu\n|-damage|p2a: Raichu|76\/100\n|-damage|p2a: Raichu|48\/100\n|-damage|p2a: Raichu|22\/100\n|-damage|p2a: Raichu|0 fnt\n|faint|p2a: Raichu\n|-hitcount|p2: Raichu|4\n|\n|upkeep\n|\n|t:|1700788018\n|switch|p2a: Mewtwo|Mewtwo|100\/100\n|-ability|p2a: Mewtwo|Pressure\n|turn|16\n|\n|t:|1700788021\n|switch|p1a: Ferrothorn|Ferrothorn, M, shiny|100\/100\n|-damage|p1a: Ferrothorn|94\/100|[from] Stealth Rock\n|detailschange|p2a: Mewtwo|Mewtwo-Mega-Y\n|-mega|p2a: Mewtwo|Mewtwo|Mewtwonite Y\n|move|p2a: Mewtwo|Psystrike|p1a: Ferrothorn\n|-resisted|p1a: Ferrothorn\n|-damage|p1a: Ferrothorn|65\/100\n|\n|-heal|p1a: Ferrothorn|72\/100|[from] item: Leftovers\n|upkeep\n|turn|17\n|\n|t:|1700788028\n|move|p2a: Mewtwo|Aura Sphere|p1a: Ferrothorn\n|-supereffective|p1a: Ferrothorn\n|-damage|p1a: Ferrothorn|26\/100\n|move|p1a: Ferrothorn|Leech Seed|p2a: Mewtwo\n|-start|p2a: Mewtwo|move: Leech Seed\n|\n|-heal|p1a: Ferrothorn|32\/100|[from] item: Leftovers\n|-damage|p2a: Mewtwo|88\/100|[from] Leech Seed|[of] p1a: Ferrothorn\n|-heal|p1a: Ferrothorn|45\/100|[silent]\n|upkeep\n|turn|18\n|\n|t:|1700788031\n|move|p1a: Ferrothorn|Protect|p1a: Ferrothorn\n|-singleturn|p1a: Ferrothorn|Protect\n|move|p2a: Mewtwo|Aura Sphere|p1a: Ferrothorn\n|-activate|p1a: Ferrothorn|move: Protect\n|\n|-heal|p1a: Ferrothorn|51\/100|[from] item: Leftovers\n|-damage|p2a: Mewtwo|76\/100|[from] Leech Seed|[of] p1a: Ferrothorn\n|-heal|p1a: Ferrothorn|64\/100|[silent]\n|upkeep\n|turn|19\n|\n|t:|1700788034\n|move|p2a: Mewtwo|Aura Sphere|p1a: Ferrothorn\n|-supereffective|p1a: Ferrothorn\n|-damage|p1a: Ferrothorn|18\/100\n|move|p1a: Ferrothorn|Power Whip|p2a: Mewtwo\n|-damage|p2a: Mewtwo|27\/100\n|\n|-heal|p1a: Ferrothorn|24\/100|[from] item: Leftovers\n|-damage|p2a: Mewtwo|14\/100|[from] Leech Seed|[of] p1a: Ferrothorn\n|-heal|p1a: Ferrothorn|37\/100|[silent]\n|upkeep\n|turn|20\n|\n|t:|1700788038\n|move|p1a: Ferrothorn|Protect|p1a: Ferrothorn\n|-singleturn|p1a: Ferrothorn|Protect\n|move|p2a: Mewtwo|Aura Sphere|p1a: Ferrothorn\n|-activate|p1a: Ferrothorn|move: Protect\n|\n|-heal|p1a: Ferrothorn|43\/100|[from] item: Leftovers\n|-damage|p2a: Mewtwo|2\/100|[from] Leech Seed|[of] p1a: Ferrothorn\n|-heal|p1a: Ferrothorn|56\/100|[silent]\n|upkeep\n|turn|21\n|\n|t:|1700788040\n|move|p1a: Ferrothorn|Protect||[still]\n|-fail|p1a: Ferrothorn\n|move|p2a: Mewtwo|Aura Sphere|p1a: Ferrothorn\n|-supereffective|p1a: Ferrothorn\n|-damage|p1a: Ferrothorn|7\/100\n|\n|-heal|p1a: Ferrothorn|13\/100|[from] item: Leftovers\n|-damage|p2a: Mewtwo|0 fnt|[from] Leech Seed|[of] p1a: Ferrothorn\n|-heal|p1a: Ferrothorn|14\/100|[silent]\n|faint|p2a: Mewtwo\n|upkeep\n|\n|t:|1700788048\n|switch|p2a: Aegislash|Aegislash, F, shiny|100\/100\n|turn|22\n|\n|t:|1700788050\n|move|p2a: Aegislash|Swords Dance|p2a: Aegislash\n|-boost|p2a: Aegislash|atk|2\n|move|p1a: Ferrothorn|Leech Seed|p2a: Aegislash\n|-start|p2a: Aegislash|move: Leech Seed\n|\n|-heal|p1a: Ferrothorn|21\/100|[from] item: Leftovers\n|-damage|p2a: Aegislash|88\/100|[from] Leech Seed|[of] p1a: Ferrothorn\n|-heal|p1a: Ferrothorn|32\/100|[silent]\n|upkeep\n|turn|23\n|\n|t:|1700788054\n|move|p1a: Ferrothorn|Protect|p1a: Ferrothorn\n|-singleturn|p1a: Ferrothorn|Protect\n|move|p2a: Aegislash|Swords Dance|p2a: Aegislash\n|-boost|p2a: Aegislash|atk|2\n|\n|-heal|p2a: Aegislash|94\/100|[from] item: Leftovers\n|-heal|p1a: Ferrothorn|38\/100|[from] item: Leftovers\n|-damage|p2a: Aegislash|82\/100|[from] Leech Seed|[of] p1a: Ferrothorn\n|-heal|p1a: Ferrothorn|50\/100|[silent]\n|upkeep\n|turn|24\n|\n|t:|1700788058\n|-formechange|p2a: Aegislash|Aegislash-Blade||[from] ability: Stance Change\n|move|p2a: Aegislash|Shadow Sneak|p1a: Ferrothorn\n|-damage|p1a: Ferrothorn|0 fnt\n|-damage|p2a: Aegislash|70\/100|[from] ability: Iron Barbs|[of] p1a: Ferrothorn\n|faint|p1a: Ferrothorn\n|\n|-heal|p2a: Aegislash|76\/100|[from] item: Leftovers\n|upkeep\n|\n|t:|1700788063\n|switch|p1a: Heracross|Heracross-Mega, F|78\/100\n|-damage|p1a: Heracross|65\/100|[from] Stealth Rock\n|turn|25\n|\n|t:|1700788068\n|move|p2a: Aegislash|Shadow Sneak|p1a: Heracross\n|-damage|p1a: Heracross|0 fnt\n|faint|p1a: Heracross\n|\n|-heal|p2a: Aegislash|82\/100|[from] item: Leftovers\n|upkeep\n|\n|t:|1700788070\n|switch|p1a: Baxcalibur|Baxcalibur, M|100\/100\n|-damage|p1a: Baxcalibur|76\/100|[from] Stealth Rock\n|turn|26\n|\n|t:|1700788081\n|-terastallize|p1a: Baxcalibur|Dragon\n|move|p2a: Aegislash|Shadow Sneak|p1a: Baxcalibur\n|-damage|p1a: Baxcalibur|0 fnt\n|faint|p1a: Baxcalibur\n|\n|win|Quizzle_tip\n|raw|pickelate's rating: 1291 &rarr; <strong>1268<\/strong><br \/>(-23 for losing)\n|raw|Quizzle_tip's rating: 1316 &rarr; <strong>1335<\/strong><br \/>(+19 for winning)\n|l|\u2606pickelate\n","uploadtime":1700788087,"views":13,"p1id":"pickelate","p2id":"quizzletip","formatid":"gen9nationaldexubers","rating":1268,"private":0,"password":""}