{"id":"gen9nationaldexubers-1990194497","p1":"EijiVGC","p2":"Pecheur Tom","format":"[Gen 9] National Dex Ubers","log":"|j|\u2606EijiVGC\n|j|\u2606Pecheur Tom\n|t:|1699935585\n|gametype|singles\n|player|p1|EijiVGC|giovanni|1101\n|player|p2|Pecheur Tom|1|1053\n|teamsize|p1|6\n|teamsize|p2|6\n|gen|9\n|tier|[Gen 9] National Dex Ubers\n|rated|\n|rule|HP Percentage Mod: HP is shown in percentages\n|rule|Endless Battle Clause: Forcing endless battles is banned\n|rule|OHKO Clause: OHKO moves are banned\n|rule|Evasion Moves Clause: Evasion moves are banned\n|rule|Evasion Items Clause: Evasion items are banned\n|rule|Species Clause: Limit one of each Pok\u00e9mon\n|rule|Sleep Clause Mod: Limit one foe put to sleep\n|rule|Mega Rayquaza Clause: You cannot mega evolve Rayquaza\n|clearpoke\n|poke|p1|Hippowdon, M|\n|poke|p1|Garganacl, F|\n|poke|p1|Garchomp, F|\n|poke|p1|Kangaskhan, F|\n|poke|p1|Excadrill, M|\n|poke|p1|Dialga-Origin|\n|poke|p2|Nihilego|\n|poke|p2|Stakataka|\n|poke|p2|Celesteela|\n|poke|p2|Xurkitree|\n|poke|p2|Buzzwole|\n|poke|p2|Naganadel|\n|teampreview\n|\n|t:|1699935590\n|start\n|switch|p1a: Hippowdon|Hippowdon, M|100\/100\n|switch|p2a: Naganadel|Naganadel, shiny|100\/100\n|-weather|Sandstorm|[from] ability: Sand Stream|[of] p1a: Hippowdon\n|turn|1\n|\n|t:|1699935600\n|-zpower|p2a: Naganadel\n|move|p2a: Naganadel|Devastating Drake|p1a: Hippowdon|[zeffect]\n|-damage|p1a: Hippowdon|0 fnt\n|faint|p1a: Hippowdon\n|-ability|p2a: Naganadel|Beast Boost|boost\n|-boost|p2a: Naganadel|spe|1\n|\n|-weather|Sandstorm|[upkeep]\n|-damage|p2a: Naganadel|95\/100|[from] Sandstorm\n|upkeep\n|\n|t:|1699935615\n|switch|p1a: Garchomp|Garchomp, F|100\/100\n|turn|2\n|j| Hayakawa00aki\n|\n|t:|1699935623\n|move|p2a: Naganadel|Draco Meteor|p1a: Garchomp\n|-supereffective|p1a: Garchomp\n|-damage|p1a: Garchomp|0 fnt\n|-unboost|p2a: Naganadel|spa|2\n|faint|p1a: Garchomp\n|-ability|p2a: Naganadel|Beast Boost|boost\n|-boost|p2a: Naganadel|spe|1\n|\n|-weather|Sandstorm|[upkeep]\n|-damage|p2a: Naganadel|89\/100|[from] Sandstorm\n|upkeep\n|\n|t:|1699935643\n|switch|p1a: Excadrill|Excadrill, M|100\/100\n|turn|3\n|\n|t:|1699935648\n|switch|p2a: Celesteela|Celesteela, shiny|100\/100\n|-terastallize|p1a: Excadrill|Ground\n|move|p1a: Excadrill|Earthquake|p2a: Celesteela\n|-immune|p2a: Celesteela\n|\n|-weather|Sandstorm|[upkeep]\n|upkeep\n|turn|4\n|\n|t:|1699935662\n|switch|p1a: Kangaskhan|Kangaskhan, F|100\/100\n|move|p2a: Celesteela|Leech Seed|p1a: Kangaskhan\n|-start|p1a: Kangaskhan|move: Leech Seed\n|\n|-weather|Sandstorm|[upkeep]\n|-damage|p1a: Kangaskhan|95\/100|[from] Sandstorm\n|-damage|p1a: Kangaskhan|82\/100|[from] Leech Seed|[of] p2a: Celesteela\n|upkeep\n|turn|5\n|\n|t:|1699935672\n|switch|p2a: Buzzwole|Buzzwole, shiny|100\/100\n|detailschange|p1a: Kangaskhan|Kangaskhan-Mega, F\n|-mega|p1a: Kangaskhan|Kangaskhan|Kangaskhanite\n|move|p1a: Kangaskhan|Fake Out|p2a: Buzzwole\n|-damage|p2a: Buzzwole|89\/100\n|-damage|p2a: Buzzwole|86\/100\n|-hitcount|p2a: Buzzwole|2\n|\n|-weather|Sandstorm|[upkeep]\n|-damage|p1a: Kangaskhan|76\/100|[from] Sandstorm\n|-damage|p2a: Buzzwole|79\/100|[from] Sandstorm\n|-heal|p2a: Buzzwole|86\/100|[from] item: Leftovers\n|-damage|p1a: Kangaskhan|64\/100|[from] Leech Seed|[of] p2a: Buzzwole\n|-heal|p2a: Buzzwole|96\/100|[silent]\n|upkeep\n|turn|6\n|\n|t:|1699935688\n|switch|p1a: Dialga|Dialga-Origin|100\/100\n|-ability|p1a: Dialga|Pressure\n|move|p2a: Buzzwole|Drain Punch|p1a: Dialga\n|-supereffective|p1a: Dialga\n|-damage|p1a: Dialga|54\/100\n|-heal|p2a: Buzzwole|100\/100|[from] drain|[of] p1a: Dialga\n|\n|-weather|Sandstorm|[upkeep]\n|-damage|p2a: Buzzwole|94\/100|[from] Sandstorm\n|-heal|p2a: Buzzwole|100\/100|[from] item: Leftovers\n|upkeep\n|turn|7\n|l| Hayakawa00aki\n|\n|t:|1699935700\n|switch|p2a: Stakataka|Stakataka, shiny|100\/100\n|-item|p2a: Stakataka|Air Balloon\n|move|p1a: Dialga|Rest|p1a: Dialga\n|-status|p1a: Dialga|slp|[from] move: Rest\n|-heal|p1a: Dialga|100\/100 slp|[silent]\n|\n|-weather|Sandstorm|[upkeep]\n|upkeep\n|turn|8\n|inactive|Battle timer is ON: inactive players will automatically lose when time's up. (requested by EijiVGC)\n|\n|t:|1699935708\n|cant|p1a: Dialga|slp\n|move|p1a: Dialga|Sleep Talk|p1a: Dialga\n|move|p1a: Dialga|Rest||[from]move: Sleep Talk|[still]\n|-fail|p1a: Dialga\n|move|p2a: Stakataka|Earthquake|p1a: Dialga\n|-supereffective|p1a: Dialga\n|-damage|p1a: Dialga|45\/100 slp\n|\n|-weather|none\n|upkeep\n|turn|9\n|\n|t:|1699935716\n|cant|p1a: Dialga|slp\n|move|p1a: Dialga|Sleep Talk|p1a: Dialga\n|move|p1a: Dialga|Roar of Time|p2a: Stakataka|[from]move: Sleep Talk\n|-resisted|p2a: Stakataka\n|-damage|p2a: Stakataka|46\/100\n|-mustrecharge|p1a: Dialga\n|-enditem|p2a: Stakataka|Air Balloon\n|move|p2a: Stakataka|Earthquake|p1a: Dialga\n|-supereffective|p1a: Dialga\n|-damage|p1a: Dialga|0 fnt\n|faint|p1a: Dialga\n|-ability|p2a: Stakataka|Beast Boost|boost\n|-boost|p2a: Stakataka|def|1\n|\n|upkeep\n|\n|t:|1699935721\n|switch|p1a: Excadrill|Excadrill, M, tera:Ground|100\/100\n|turn|10\n|\n|t:|1699935727\n|switch|p2a: Celesteela|Celesteela, shiny|100\/100\n|move|p1a: Excadrill|Swords Dance|p1a: Excadrill\n|-boost|p1a: Excadrill|atk|2\n|\n|upkeep\n|turn|11\n|\n|t:|1699935734\n|move|p1a: Excadrill|Rock Slide|p2a: Celesteela\n|-damage|p2a: Celesteela|59\/100\n|cant|p2a: Celesteela|flinch\n|\n|-heal|p2a: Celesteela|65\/100|[from] item: Leftovers\n|upkeep\n|turn|12\n|\n|t:|1699935742\n|move|p2a: Celesteela|Protect|p2a: Celesteela\n|-singleturn|p2a: Celesteela|Protect\n|move|p1a: Excadrill|Rock Slide|p2a: Celesteela\n|-activate|p2a: Celesteela|move: Protect\n|\n|-heal|p2a: Celesteela|71\/100|[from] item: Leftovers\n|upkeep\n|turn|13\n|\n|t:|1699935753\n|move|p1a: Excadrill|Swords Dance|p1a: Excadrill\n|-boost|p1a: Excadrill|atk|2\n|move|p2a: Celesteela|Leech Seed|p1a: Excadrill\n|-start|p1a: Excadrill|move: Leech Seed\n|\n|-heal|p2a: Celesteela|77\/100|[from] item: Leftovers\n|-damage|p1a: Excadrill|88\/100|[from] Leech Seed|[of] p2a: Celesteela\n|-heal|p2a: Celesteela|88\/100|[silent]\n|upkeep\n|turn|14\n|\n|t:|1699935763\n|move|p2a: Celesteela|Protect|p2a: Celesteela\n|-singleturn|p2a: Celesteela|Protect\n|move|p1a: Excadrill|Swords Dance|p1a: Excadrill\n|-boost|p1a: Excadrill|atk|2\n|\n|-heal|p2a: Celesteela|94\/100|[from] item: Leftovers\n|-damage|p1a: Excadrill|76\/100|[from] Leech Seed|[of] p2a: Celesteela\n|-heal|p2a: Celesteela|100\/100|[silent]\n|upkeep\n|turn|15\n|\n|t:|1699935778\n|-terastallize|p2a: Celesteela|Steel\n|move|p1a: Excadrill|Rock Slide|p2a: Celesteela\n|-resisted|p2a: Celesteela\n|-damage|p2a: Celesteela|53\/100\n|move|p2a: Celesteela|Flamethrower|p1a: Excadrill\n|-crit|p1a: Excadrill\n|-damage|p1a: Excadrill|32\/100\n|\n|-heal|p2a: Celesteela|59\/100|[from] item: Leftovers\n|-damage|p1a: Excadrill|19\/100|[from] Leech Seed|[of] p2a: Celesteela\n|-heal|p2a: Celesteela|70\/100|[silent]\n|upkeep\n|turn|16\n|\n|t:|1699935793\n|switch|p1a: Garganacl|Garganacl, F|100\/100\n|move|p2a: Celesteela|Protect||[still]\n|-fail|p2a: Celesteela\n|\n|-heal|p2a: Celesteela|76\/100|[from] item: Leftovers\n|upkeep\n|turn|17\n|\n|t:|1699935800\n|switch|p2a: Stakataka|Stakataka, shiny|46\/100\n|move|p1a: Garganacl|Salt Cure|p2a: Stakataka\n|-resisted|p2a: Stakataka\n|-damage|p2a: Stakataka|40\/100\n|-start|p2a: Stakataka|Salt Cure\n|\n|-damage|p2a: Stakataka|16\/100|[from] Salt Cure\n|upkeep\n|turn|18\n|\n|t:|1699935810\n|switch|p2a: Nihilego|Nihilego, shiny|100\/100\n|-item|p2a: Nihilego|Air Balloon\n|move|p1a: Garganacl|Body Press|p2a: Nihilego\n|-damage|p2a: Nihilego|61\/100\n|-enditem|p2a: Nihilego|Air Balloon\n|\n|upkeep\n|turn|19\n|\n|t:|1699935818\n|move|p2a: Nihilego|Stealth Rock|p1a: Garganacl\n|-sidestart|p1: EijiVGC|move: Stealth Rock\n|move|p1a: Garganacl|Salt Cure|p2a: Nihilego\n|-damage|p2a: Nihilego|31\/100\n|-start|p2a: Nihilego|Salt Cure\n|\n|-damage|p2a: Nihilego|19\/100|[from] Salt Cure\n|upkeep\n|turn|20\n|\n|t:|1699935828\n|switch|p2a: Xurkitree|Xurkitree, shiny|100\/100\n|move|p1a: Garganacl|Body Slam|p2a: Xurkitree\n|-damage|p2a: Xurkitree|58\/100\n|\n|upkeep\n|turn|21\n|\n|t:|1699935835\n|move|p2a: Xurkitree|Thunderbolt|p1a: Garganacl\n|-damage|p1a: Garganacl|46\/100\n|move|p1a: Garganacl|Salt Cure|p2a: Xurkitree\n|-damage|p2a: Xurkitree|28\/100\n|-start|p2a: Xurkitree|Salt Cure\n|\n|-heal|p1a: Garganacl|52\/100|[from] item: Leftovers\n|-damage|p2a: Xurkitree|16\/100|[from] Salt Cure\n|upkeep\n|turn|22\n|\n|t:|1699935840\n|move|p2a: Xurkitree|Thunderbolt|p1a: Garganacl\n|-damage|p1a: Garganacl|1\/100\n|move|p1a: Garganacl|Recover|p1a: Garganacl\n|-heal|p1a: Garganacl|51\/100\n|\n|-heal|p1a: Garganacl|57\/100|[from] item: Leftovers\n|-damage|p2a: Xurkitree|3\/100|[from] Salt Cure\n|upkeep\n|turn|23\n|\n|t:|1699935850\n|switch|p2a: Buzzwole|Buzzwole, shiny|100\/100\n|move|p1a: Garganacl|Recover|p1a: Garganacl\n|-heal|p1a: Garganacl|100\/100\n|\n|upkeep\n|turn|24\n|\n|t:|1699935857\n|move|p2a: Buzzwole|Bulk Up|p2a: Buzzwole\n|-boost|p2a: Buzzwole|atk|1\n|-boost|p2a: Buzzwole|def|1\n|move|p1a: Garganacl|Salt Cure|p2a: Buzzwole\n|-damage|p2a: Buzzwole|93\/100\n|-start|p2a: Buzzwole|Salt Cure\n|\n|-heal|p2a: Buzzwole|99\/100|[from] item: Leftovers\n|-damage|p2a: Buzzwole|87\/100|[from] Salt Cure\n|upkeep\n|turn|25\n|\n|t:|1699935874\n|move|p2a: Buzzwole|Bulk Up|p2a: Buzzwole\n|-boost|p2a: Buzzwole|atk|1\n|-boost|p2a: Buzzwole|def|1\n|move|p1a: Garganacl|Body Slam|p2a: Buzzwole\n|-damage|p2a: Buzzwole|78\/100\n|\n|-heal|p2a: Buzzwole|85\/100|[from] item: Leftovers\n|-damage|p2a: Buzzwole|72\/100|[from] Salt Cure\n|upkeep\n|turn|26\n|\n|t:|1699935887\n|move|p2a: Buzzwole|Drain Punch|p1a: Garganacl\n|-supereffective|p1a: Garganacl\n|-damage|p1a: Garganacl|0 fnt\n|-heal|p2a: Buzzwole|100\/100|[from] drain|[of] p1a: Garganacl\n|faint|p1a: Garganacl\n|-ability|p2a: Buzzwole|Beast Boost|boost\n|-boost|p2a: Buzzwole|atk|1\n|\n|-damage|p2a: Buzzwole|88\/100|[from] Salt Cure\n|upkeep\n|\n|t:|1699935898\n|switch|p1a: Excadrill|Excadrill, M, tera:Ground|19\/100\n|-damage|p1a: Excadrill|13\/100|[from] Stealth Rock\n|turn|27\n|\n|t:|1699935907\n|move|p1a: Excadrill|Earthquake|p2a: Buzzwole\n|-resisted|p2a: Buzzwole\n|-damage|p2a: Buzzwole|76\/100\n|move|p2a: Buzzwole|Drain Punch|p1a: Excadrill\n|-damage|p1a: Excadrill|0 fnt\n|-heal|p2a: Buzzwole|82\/100|[from] drain|[of] p1a: Excadrill\n|faint|p1a: Excadrill\n|-ability|p2a: Buzzwole|Beast Boost|boost\n|-boost|p2a: Buzzwole|atk|1\n|\n|-heal|p2a: Buzzwole|88\/100|[from] item: Leftovers\n|-damage|p2a: Buzzwole|76\/100|[from] Salt Cure\n|upkeep\n|\n|t:|1699935914\n|switch|p1a: Kangaskhan|Kangaskhan-Mega, F|64\/100\n|-damage|p1a: Kangaskhan|52\/100|[from] Stealth Rock\n|turn|28\n|\n|t:|1699935918\n|move|p1a: Kangaskhan|Fake Out|p2a: Buzzwole\n|-damage|p2a: Buzzwole|69\/100\n|-damage|p2a: Buzzwole|67\/100\n|-hitcount|p2a: Buzzwole|2\n|cant|p2a: Buzzwole|flinch\n|\n|-heal|p2a: Buzzwole|74\/100|[from] item: Leftovers\n|-damage|p2a: Buzzwole|61\/100|[from] Salt Cure\n|upkeep\n|turn|29\n|\n|t:|1699935930\n|move|p1a: Kangaskhan|Body Slam|p2a: Buzzwole\n|-damage|p2a: Buzzwole|48\/100\n|-damage|p2a: Buzzwole|45\/100\n|-hitcount|p2a: Buzzwole|2\n|move|p2a: Buzzwole|Roost|p2a: Buzzwole\n|-heal|p2a: Buzzwole|95\/100\n|-singleturn|p2a: Buzzwole|move: Roost\n|\n|-heal|p2a: Buzzwole|100\/100|[from] item: Leftovers\n|-damage|p2a: Buzzwole|88\/100|[from] Salt Cure\n|upkeep\n|turn|30\n|\n|t:|1699935938\n|move|p1a: Kangaskhan|Body Slam|p2a: Buzzwole\n|-damage|p2a: Buzzwole|73\/100\n|-damage|p2a: Buzzwole|70\/100\n|-hitcount|p2a: Buzzwole|2\n|move|p2a: Buzzwole|Drain Punch|p1a: Kangaskhan\n|-supereffective|p1a: Kangaskhan\n|-damage|p1a: Kangaskhan|0 fnt\n|-heal|p2a: Buzzwole|92\/100|[from] drain|[of] p1a: Kangaskhan\n|faint|p1a: Kangaskhan\n|\n|win|Pecheur Tom\n|raw|EijiVGC's rating: 1101 &rarr; <strong>1074<\/strong><br \/>(-27 for losing)\n|raw|Pecheur Tom's rating: 1080 &rarr; <strong>1110<\/strong><br \/>(+30 for winning)\n|l|\u2606EijiVGC\n","uploadtime":1699935949,"views":14,"p1id":"eijivgc","p2id":"pecheurtom","formatid":"gen9nationaldexubers","rating":1074,"private":0,"password":""}