{"id":"gen9nationaldexubers-1991455632","p1":"Spectro Latios4","p2":"T8rguy","format":"[Gen 9] National Dex Ubers","log":"|j|\u2606Spectro Latios4\n|j|\u2606T8rguy\n|t:|1700078605\n|gametype|singles\n|player|p1|Spectro Latios4|unknown|1229\n|player|p2|T8rguy|byron|1201\n|teamsize|p1|6\n|teamsize|p2|6\n|gen|9\n|tier|[Gen 9] National Dex Ubers\n|rated|\n|rule|HP Percentage Mod: HP is shown in percentages\n|rule|Endless Battle Clause: Forcing endless battles is banned\n|rule|OHKO Clause: OHKO moves are banned\n|rule|Evasion Moves Clause: Evasion moves are banned\n|rule|Evasion Items Clause: Evasion items are banned\n|rule|Species Clause: Limit one of each Pok\u00e9mon\n|rule|Sleep Clause Mod: Limit one foe put to sleep\n|rule|Mega Rayquaza Clause: You cannot mega evolve Rayquaza\n|clearpoke\n|poke|p1|Galvantula, F|\n|poke|p1|Marshadow|\n|poke|p1|Smeargle, M|\n|poke|p1|Necrozma-Dusk-Mane|\n|poke|p1|Zacian-*|\n|poke|p1|Forretress, F|\n|poke|p2|Genesect|\n|poke|p2|Zacian-*|\n|poke|p2|Kyogre|\n|poke|p2|Swampert, M|\n|poke|p2|Manaphy|\n|poke|p2|Groudon|\n|teampreview\n|inactive|Battle timer is ON: inactive players will automatically lose when time's up. (requested by T8rguy)\n|\n|t:|1700078627\n|start\n|switch|p1a: gohma|Galvantula, F, shiny|100\/100\n|switch|p2a: Genesect|Genesect, shiny|100\/100\n|-ability|p2a: Genesect|Download|boost\n|-boost|p2a: Genesect|atk|1\n|turn|1\n|c|\u2606Spectro Latios4|glhf\n|\n|t:|1700078633\n|move|p1a: gohma|Thunder Wave|p2a: Genesect\n|-status|p2a: Genesect|par\n|move|p2a: Genesect|Shift Gear|p2a: Genesect\n|-boost|p2a: Genesect|spe|2\n|-boost|p2a: Genesect|atk|1\n|\n|upkeep\n|turn|2\n|\n|t:|1700078640\n|move|p1a: gohma|Sticky Web|p2a: Genesect\n|-sidestart|p2: T8rguy|move: Sticky Web\n|cant|p2a: Genesect|par\n|\n|upkeep\n|turn|3\n|\n|t:|1700078649\n|move|p1a: gohma|Thunder|p2a: Genesect\n|-damage|p2a: Genesect|45\/100 par\n|move|p2a: Genesect|Shift Gear|p2a: Genesect\n|-boost|p2a: Genesect|spe|2\n|-boost|p2a: Genesect|atk|1\n|\n|upkeep\n|turn|4\n|\n|t:|1700078654\n|move|p2a: Genesect|Leech Life|p1a: gohma\n|-enditem|p1a: gohma|Focus Sash\n|-damage|p1a: gohma|1\/100\n|-heal|p2a: Genesect|95\/100 par|[from] drain|[of] p1a: gohma\n|move|p1a: gohma|Thunder|p2a: Genesect\n|-damage|p2a: Genesect|39\/100 par\n|\n|upkeep\n|turn|5\n|c|\u2606T8rguy|mmmmmmmmmmmm\n|\n|t:|1700078662\n|move|p2a: Genesect|Leech Life|p1a: gohma\n|-damage|p1a: gohma|0 fnt\n|-heal|p2a: Genesect|40\/100 par|[from] drain|[of] p1a: gohma\n|faint|p1a: gohma\n|\n|upkeep\n|\n|t:|1700078667\n|switch|p1a: ancient spinner|Forretress, F|100\/100\n|turn|6\n|\n|t:|1700078671\n|cant|p2a: Genesect|par\n|move|p1a: ancient spinner|Stealth Rock|p2a: Genesect\n|-sidestart|p2: T8rguy|move: Stealth Rock\n|\n|upkeep\n|turn|7\n|\n|t:|1700078676\n|move|p2a: Genesect|Leech Life|p1a: ancient spinner\n|-resisted|p1a: ancient spinner\n|-damage|p1a: ancient spinner|72\/100\n|-heal|p2a: Genesect|58\/100 par|[from] drain|[of] p1a: ancient spinner\n|-enditem|p1a: ancient spinner|Red Card|[of] p2a: Genesect\n|drag|p2a: Kyogre|Kyogre|100\/100\n|-activate|p2a: Kyogre|move: Sticky Web\n|-unboost|p2a: Kyogre|spe|1\n|-damage|p2a: Kyogre|88\/100|[from] Stealth Rock\n|-weather|RainDance|[from] ability: Drizzle|[of] p2a: Kyogre\n|move|p1a: ancient spinner|Toxic Spikes|p2a: Kyogre\n|-sidestart|p2: T8rguy|move: Toxic Spikes\n|\n|-weather|RainDance|[upkeep]\n|upkeep\n|turn|8\n|c|\u2606T8rguy|why\n|\n|t:|1700078690\n|move|p2a: Kyogre|Water Spout|p1a: ancient spinner\n|-damage|p1a: ancient spinner|0 fnt\n|faint|p1a: ancient spinner\n|\n|-weather|RainDance|[upkeep]\n|upkeep\n|\n|t:|1700078694\n|switch|p1a: ganondorf|Marshadow|100\/100\n|turn|9\n|\n|t:|1700078699\n|move|p1a: ganondorf|Rock Tomb|p2a: Kyogre\n|-damage|p2a: Kyogre|57\/100\n|-unboost|p2a: Kyogre|spe|1\n|move|p2a: Kyogre|Thunder|p1a: ganondorf\n|-damage|p1a: ganondorf|46\/100\n|\n|-weather|RainDance|[upkeep]\n|upkeep\n|turn|10\n|c|\u2606Spectro Latios4|it's how i set up my strat\n|\n|t:|1700078707\n|move|p1a: ganondorf|Rock Tomb|p2a: Kyogre\n|-damage|p2a: Kyogre|28\/100\n|-unboost|p2a: Kyogre|spe|1\n|move|p2a: Kyogre|Thunder|p1a: ganondorf\n|-damage|p1a: ganondorf|0 fnt\n|faint|p1a: ganondorf\n|\n|-weather|RainDance|[upkeep]\n|upkeep\n|\n|t:|1700078713\n|switch|p1a: korok|Smeargle, M|100\/100\n|turn|11\n|c|\u2606T8rguy|ah\n|\n|t:|1700078720\n|move|p1a: korok|Spore|p2a: Kyogre\n|-status|p2a: Kyogre|slp|[from] move: Spore\n|cant|p2a: Kyogre|slp\n|\n|-weather|RainDance|[upkeep]\n|-ability|p1a: korok|Moody|boost\n|-boost|p1a: korok|spe|2\n|-unboost|p1a: korok|atk|1\n|upkeep\n|turn|12\n|c|\u2606Spectro Latios4|which is how this combo works\n|\n|t:|1700078725\n|move|p1a: korok|Substitute|p1a: korok\n|-start|p1a: korok|Substitute\n|-damage|p1a: korok|76\/100\n|-curestatus|p2a: Kyogre|slp|[msg]\n|move|p2a: Kyogre|Thunder|p1a: korok\n|-end|p1a: korok|Substitute\n|\n|-weather|RainDance|[upkeep]\n|-heal|p1a: korok|82\/100|[from] item: Leftovers\n|-ability|p1a: korok|Moody|boost\n|-boost|p1a: korok|spe|2\n|-unboost|p1a: korok|atk|1\n|upkeep\n|turn|13\n|\n|t:|1700078730\n|switch|p2a: Genesect|Genesect, shiny|58\/100 par\n|-activate|p2a: Genesect|move: Sticky Web\n|-unboost|p2a: Genesect|spe|1\n|-damage|p2a: Genesect|45\/100 par|[from] Stealth Rock\n|-ability|p2a: Genesect|Download|boost\n|-boost|p2a: Genesect|atk|1\n|move|p1a: korok|Spore||[still]\n|-fail|p1a: korok\n|\n|-weather|RainDance|[upkeep]\n|-heal|p1a: korok|88\/100|[from] item: Leftovers\n|-ability|p1a: korok|Moody|boost\n|-boost|p1a: korok|atk|2\n|-unboost|p1a: korok|spa|1\n|upkeep\n|turn|14\n|\n|t:|1700078752\n|move|p1a: korok|Substitute|p1a: korok\n|-start|p1a: korok|Substitute\n|-damage|p1a: korok|63\/100\n|cant|p2a: Genesect|par\n|\n|-weather|none\n|-heal|p1a: korok|69\/100|[from] item: Leftovers\n|-ability|p1a: korok|Moody|boost\n|-boost|p1a: korok|spd|2\n|-unboost|p1a: korok|spa|1\n|upkeep\n|turn|15\n|\n|t:|1700078756\n|move|p1a: korok|Spiky Shield|p1a: korok\n|-singleturn|p1a: korok|move: Protect\n|move|p2a: Genesect|Leech Life|p1a: korok\n|-activate|p1a: korok|move: Protect\n|-damage|p2a: Genesect|33\/100 par|[from] Spiky Shield|[of] p1a: korok\n|\n|-heal|p1a: korok|75\/100|[from] item: Leftovers\n|-ability|p1a: korok|Moody|boost\n|-boost|p1a: korok|spd|2\n|-unboost|p1a: korok|atk|1\n|upkeep\n|turn|16\n|c|\u2606T8rguy|are you hacking\n|\n|t:|1700078768\n|move|p1a: korok|Substitute|p1a: korok\n|-fail|p1a: korok|move: Substitute\n|move|p2a: Genesect|Leech Life|p1a: korok\n|-end|p1a: korok|Substitute\n|-heal|p2a: Genesect|44\/100 par|[from] drain|[of] p1a: korok\n|\n|-heal|p1a: korok|81\/100|[from] item: Leftovers\n|-ability|p1a: korok|Moody|boost\n|-boost|p1a: korok|spe|2\n|-unboost|p1a: korok|def|1\n|upkeep\n|turn|17\n|c|\u2606Spectro Latios4|no\n|c|\u2606Spectro Latios4|you can't hack showdown battles\n|\n|t:|1700078778\n|move|p1a: korok|Spiky Shield|p1a: korok\n|-singleturn|p1a: korok|move: Protect\n|move|p2a: Genesect|Leech Life|p1a: korok\n|-activate|p1a: korok|move: Protect\n|-damage|p2a: Genesect|32\/100 par|[from] Spiky Shield|[of] p1a: korok\n|\n|-heal|p1a: korok|87\/100|[from] item: Leftovers\n|-ability|p1a: korok|Moody|boost\n|-boost|p1a: korok|atk|2\n|-unboost|p1a: korok|def|1\n|upkeep\n|turn|18\n|c|\u2606T8rguy|ok\n|\n|t:|1700078781\n|move|p1a: korok|Substitute|p1a: korok\n|-start|p1a: korok|Substitute\n|-damage|p1a: korok|62\/100\n|move|p2a: Genesect|Leech Life|p1a: korok\n|-crit|p1a: korok\n|-end|p1a: korok|Substitute\n|-heal|p2a: Genesect|43\/100 par|[from] drain|[of] p1a: korok\n|\n|-heal|p1a: korok|68\/100|[from] item: Leftovers\n|-ability|p1a: korok|Moody|boost\n|-boost|p1a: korok|spa|2\n|-unboost|p1a: korok|def|1\n|upkeep\n|turn|19\n|\n|t:|1700078784\n|move|p1a: korok|Spiky Shield|p1a: korok\n|-singleturn|p1a: korok|move: Protect\n|cant|p2a: Genesect|par\n|\n|-heal|p1a: korok|74\/100|[from] item: Leftovers\n|-ability|p1a: korok|Moody|boost\n|-boost|p1a: korok|spd|2\n|-unboost|p1a: korok|def|1\n|upkeep\n|turn|20\n|c|\u2606T8rguy|lol\n|\n|t:|1700078791\n|move|p1a: korok|Substitute|p1a: korok\n|-start|p1a: korok|Substitute\n|-damage|p1a: korok|50\/100\n|cant|p2a: Genesect|par\n|\n|-heal|p1a: korok|55\/100|[from] item: Leftovers\n|-ability|p1a: korok|Moody|boost\n|-boost|p1a: korok|atk|2\n|-unboost|p1a: korok|spa|1\n|upkeep\n|turn|21\n|\n|t:|1700078797\n|switch|p2a: Kyogre|Kyogre|28\/100\n|-activate|p2a: Kyogre|move: Sticky Web\n|-unboost|p2a: Kyogre|spe|1\n|-damage|p2a: Kyogre|15\/100|[from] Stealth Rock\n|-status|p2a: Kyogre|psn\n|-weather|RainDance|[from] ability: Drizzle|[of] p2a: Kyogre\n|move|p1a: korok|Spiky Shield||[still]\n|-fail|p1a: korok\n|\n|-weather|RainDance|[upkeep]\n|-heal|p1a: korok|61\/100|[from] item: Leftovers\n|-damage|p2a: Kyogre|3\/100 psn|[from] psn\n|-ability|p1a: korok|Moody|boost\n|-boost|p1a: korok|def|2\n|-unboost|p1a: korok|spe|1\n|upkeep\n|turn|22\n|\n|t:|1700078801\n|move|p1a: korok|Spiky Shield|p1a: korok\n|-singleturn|p1a: korok|move: Protect\n|move|p2a: Kyogre|Thunder|p1a: korok\n|-activate|p1a: korok|move: Protect\n|\n|-weather|RainDance|[upkeep]\n|-heal|p1a: korok|67\/100|[from] item: Leftovers\n|-damage|p2a: Kyogre|0 fnt|[from] psn\n|faint|p2a: Kyogre\n|-ability|p1a: korok|Moody|boost\n|-boost|p1a: korok|spe|1\n|-unboost|p1a: korok|spa|1\n|upkeep\n|\n|t:|1700078805\n|switch|p2a: Manaphy|Manaphy|100\/100\n|-activate|p2a: Manaphy|move: Sticky Web\n|-unboost|p2a: Manaphy|spe|1\n|-damage|p2a: Manaphy|88\/100|[from] Stealth Rock\n|-status|p2a: Manaphy|psn\n|turn|23\n|\n|t:|1700078811\n|move|p1a: korok|Substitute|p1a: korok\n|-fail|p1a: korok|move: Substitute\n|move|p2a: Manaphy|Tail Glow|p2a: Manaphy\n|-boost|p2a: Manaphy|spa|3\n|\n|-weather|RainDance|[upkeep]\n|-heal|p1a: korok|73\/100|[from] item: Leftovers\n|-activate|p2a: Manaphy|ability: Hydration\n|-curestatus|p2a: Manaphy|psn|[msg]\n|-ability|p1a: korok|Moody|boost\n|-boost|p1a: korok|atk|2\n|-unboost|p1a: korok|spd|1\n|upkeep\n|turn|24\n|\n|t:|1700078817\n|move|p1a: korok|Spiky Shield|p1a: korok\n|-singleturn|p1a: korok|move: Protect\n|move|p2a: Manaphy|Scald|p1a: korok\n|-activate|p1a: korok|move: Protect\n|\n|-weather|RainDance|[upkeep]\n|-heal|p1a: korok|79\/100|[from] item: Leftovers\n|-ability|p1a: korok|Moody|boost\n|-boost|p1a: korok|spa|2\n|-unboost|p1a: korok|spd|1\n|upkeep\n|turn|25\n|\n|t:|1700078821\n|move|p1a: korok|Substitute|p1a: korok\n|-fail|p1a: korok|move: Substitute\n|move|p2a: Manaphy|Scald|p1a: korok\n|-end|p1a: korok|Substitute\n|\n|-weather|RainDance|[upkeep]\n|-heal|p1a: korok|85\/100|[from] item: Leftovers\n|-ability|p1a: korok|Moody|boost\n|-boost|p1a: korok|spa|2\n|-unboost|p1a: korok|spd|1\n|upkeep\n|turn|26\n|\n|t:|1700078831\n|move|p1a: korok|Spiky Shield|p1a: korok\n|-singleturn|p1a: korok|move: Protect\n|move|p2a: Manaphy|Scald|p1a: korok\n|-activate|p1a: korok|move: Protect\n|\n|-weather|RainDance|[upkeep]\n|-heal|p1a: korok|91\/100|[from] item: Leftovers\n|-ability|p1a: korok|Moody|boost\n|-boost|p1a: korok|spa|2\n|-unboost|p1a: korok|spd|1\n|upkeep\n|turn|27\n|\n|t:|1700078838\n|move|p1a: korok|Substitute|p1a: korok\n|-start|p1a: korok|Substitute\n|-damage|p1a: korok|67\/100\n|move|p2a: Manaphy|Scald|p1a: korok\n|-end|p1a: korok|Substitute\n|\n|-weather|RainDance|[upkeep]\n|-heal|p1a: korok|73\/100|[from] item: Leftovers\n|-ability|p1a: korok|Moody|boost\n|-boost|p1a: korok|def|2\n|-unboost|p1a: korok|atk|1\n|upkeep\n|turn|28\n|\n|t:|1700078843\n|-terastallize|p1a: korok|Dark\n|move|p1a: korok|Power Trip|p2a: Manaphy\n|-damage|p2a: Manaphy|0 fnt\n|faint|p2a: Manaphy\n|\n|-weather|none\n|-heal|p1a: korok|79\/100|[from] item: Leftovers\n|-ability|p1a: korok|Moody|boost\n|-boost|p1a: korok|spd|2\n|-unboost|p1a: korok|spa|1\n|upkeep\n|c|\u2606T8rguy|oh god\n|\n|t:|1700078854\n|switch|p2a: Genesect|Genesect, shiny|43\/100 par\n|-activate|p2a: Genesect|move: Sticky Web\n|-unboost|p2a: Genesect|spe|1\n|-damage|p2a: Genesect|30\/100 par|[from] Stealth Rock\n|-ability|p2a: Genesect|Download|boost\n|-boost|p2a: Genesect|atk|1\n|turn|29\n|\n|t:|1700078858\n|move|p1a: korok|Power Trip|p2a: Genesect\n|-damage|p2a: Genesect|0 fnt\n|faint|p2a: Genesect\n|\n|-heal|p1a: korok|85\/100|[from] item: Leftovers\n|-ability|p1a: korok|Moody|boost\n|-boost|p1a: korok|def|2\n|-unboost|p1a: korok|spa|1\n|upkeep\n|\n|t:|1700078862\n|switch|p2a: Zacian|Zacian-Crowned|100\/100\n|-activate|p2a: Zacian|move: Sticky Web\n|-unboost|p2a: Zacian|spe|1\n|-damage|p2a: Zacian|94\/100|[from] Stealth Rock\n|-ability|p2a: Zacian|Intrepid Sword|boost\n|-boost|p2a: Zacian|atk|1\n|turn|30\n|c|\u2606Spectro Latios4|genesect needs extreme speed XD\n|c|\u2606T8rguy|that should be baned\n|\n|t:|1700078876\n|move|p1a: korok|Power Trip|p2a: Zacian\n|-resisted|p2a: Zacian\n|-damage|p2a: Zacian|0 fnt\n|faint|p2a: Zacian\n|\n|-heal|p1a: korok|91\/100|[from] item: Leftovers\n|-ability|p1a: korok|Moody|boost\n|-boost|p1a: korok|def|2\n|-unboost|p1a: korok|spe|1\n|upkeep\n|\n|t:|1700078881\n|switch|p2a: Swampert|Swampert, M|100\/100\n|-activate|p2a: Swampert|move: Sticky Web\n|-unboost|p2a: Swampert|spe|1\n|-damage|p2a: Swampert|94\/100|[from] Stealth Rock\n|-status|p2a: Swampert|psn\n|turn|31\n|c|\u2606Spectro Latios4|there's no clause against it so not gonna be banned\n|-message|T8rguy forfeited.\n|\n|win|Spectro Latios4\n|raw|Spectro Latios4's rating: 1229 &rarr; <strong>1252<\/strong><br \/>(+23 for winning)\n|raw|T8rguy's rating: 1201 &rarr; <strong>1178<\/strong><br \/>(-23 for losing)\n|l|\u2606T8rguy\n|l|\u2606Spectro Latios4\n|j|\u2606Spectro Latios4\n|player|p1|Spectro Latios4|unknown\n","uploadtime":1700079087,"views":14,"p1id":"spectrolatios4","p2id":"t8rguy","formatid":"gen9nationaldexubers","rating":1178,"private":0,"password":""}