{"id":"gen9nationaldexubers-1982465807","p1":"LoganWLJ","p2":"Riodroid","format":"[Gen 9] National Dex Ubers","log":"|j|\u203dLoganWLJ\n|j|\u2606Riodroid\n|t:|1699017471\n|gametype|singles\n|player|p1|LoganWLJ|ingo|1040\n|player|p2|Riodroid|pokemaniac|1000\n|teamsize|p1|6\n|teamsize|p2|6\n|gen|9\n|tier|[Gen 9] National Dex Ubers\n|rated|\n|rule|HP Percentage Mod: HP is shown in percentages\n|rule|Endless Battle Clause: Forcing endless battles is banned\n|rule|OHKO Clause: OHKO moves are banned\n|rule|Evasion Moves Clause: Evasion moves are banned\n|rule|Evasion Items Clause: Evasion items are banned\n|rule|Species Clause: Limit one of each Pok\u00e9mon\n|rule|Sleep Clause Mod: Limit one foe put to sleep\n|rule|Mega Rayquaza Clause: You cannot mega evolve Rayquaza\n|clearpoke\n|poke|p1|Hitmontop, M|\n|poke|p1|Sirfetch\u2019d, M|\n|poke|p1|Pangoro, F|\n|poke|p1|Medicham, F|\n|poke|p1|Scrafty, F|\n|poke|p1|Lucario, M|\n|poke|p2|Torterra, M|\n|poke|p2|Centiskorch, M|\n|poke|p2|Glimmora, M|\n|poke|p2|Breloom, F|\n|poke|p2|Chandelure, F|\n|poke|p2|Kangaskhan, F|\n|teampreview\n|inactive|Battle timer is ON: inactive players will automatically lose when time's up. (requested by LoganWLJ)\n|\n|t:|1699017488\n|start\n|switch|p1a: Medicham|Medicham, F|100\/100\n|switch|p2a: Debra|Breloom, F|100\/100\n|turn|1\n|\n|t:|1699017494\n|move|p2a: Debra|Spore|p1a: Medicham\n|-status|p1a: Medicham|slp|[from] move: Spore\n|cant|p1a: Medicham|slp\n|\n|-status|p2a: Debra|tox|[from] item: Toxic Orb\n|upkeep\n|turn|2\n|\n|t:|1699017503\n|move|p2a: Debra|Aerial Ace|p1a: Medicham\n|-supereffective|p1a: Medicham\n|-crit|p1a: Medicham\n|-damage|p1a: Medicham|20\/100 slp\n|-curestatus|p1a: Medicham|slp|[msg]\n|move|p1a: Medicham|Trick Room|p1a: Medicham\n|-fieldstart|move: Trick Room|[of] p1a: Medicham\n|\n|upkeep\n|turn|3\n|\n|t:|1699017511\n|move|p1a: Medicham|Drain Punch|p2a: Debra\n|-damage|p2a: Debra|39\/100 tox\n|-heal|p1a: Medicham|58\/100|[from] drain|[of] p2a: Debra\n|move|p2a: Debra|Aerial Ace|p1a: Medicham\n|-supereffective|p1a: Medicham\n|-damage|p1a: Medicham|6\/100\n|\n|-heal|p2a: Debra|52\/100 tox|[from] ability: Poison Heal\n|upkeep\n|turn|4\n|\n|t:|1699017524\n|move|p1a: Medicham|Drain Punch|p2a: Debra\n|-damage|p2a: Debra|0 fnt\n|-heal|p1a: Medicham|38\/100|[from] drain|[of] p2a: Debra\n|faint|p2a: Debra\n|\n|upkeep\n|\n|t:|1699017535\n|switch|p2a: Blaze-chan|Chandelure, F, shiny|100\/100\n|turn|5\n|-activate|p2a: Blaze-chan|item: Quick Claw\n|\n|t:|1699017541\n|move|p1a: Medicham|Bullet Punch|p2a: Blaze-chan\n|-resisted|p2a: Blaze-chan\n|-damage|p2a: Blaze-chan|86\/100\n|move|p2a: Blaze-chan|Shadow Ball|p1a: Medicham\n|-supereffective|p1a: Medicham\n|-damage|p1a: Medicham|0 fnt\n|faint|p1a: Medicham\n|\n|upkeep\n|\n|t:|1699017561\n|switch|p1a: Sirfetch\u2019d|Sirfetch\u2019d, M|100\/100\n|turn|6\n|\n|t:|1699017582\n|move|p1a: Sirfetch\u2019d|Sky Attack||[still]\n|-prepare|p1a: Sirfetch\u2019d|Sky Attack\n|move|p2a: Blaze-chan|Energy Ball|p1a: Sirfetch\u2019d\n|-damage|p1a: Sirfetch\u2019d|55\/100\n|\n|-fieldend|move: Trick Room\n|upkeep\n|turn|7\n|\n|t:|1699017589\n|move|p2a: Blaze-chan|Energy Ball|p1a: Sirfetch\u2019d\n|-damage|p1a: Sirfetch\u2019d|9\/100\n|move|p1a: Sirfetch\u2019d|Sky Attack|p2a: Blaze-chan|[from]lockedmove\n|-crit|p2a: Blaze-chan\n|-damage|p2a: Blaze-chan|0 fnt\n|faint|p2a: Blaze-chan\n|\n|upkeep\n|\n|t:|1699017599\n|switch|p2a: The Island|Torterra, M|100\/100\n|turn|8\n|\n|t:|1699017622\n|move|p1a: Sirfetch\u2019d|Sky Attack||[still]\n|-prepare|p1a: Sirfetch\u2019d|Sky Attack\n|move|p2a: The Island|Iron Tail|p1a: Sirfetch\u2019d\n|-damage|p1a: Sirfetch\u2019d|0 fnt\n|faint|p1a: Sirfetch\u2019d\n|\n|upkeep\n|\n|t:|1699017636\n|switch|p1a: Hitmontop|Hitmontop, M|100\/100\n|turn|9\n|\n|t:|1699017647\n|move|p1a: Hitmontop|Triple Axel|p2a: The Island\n|-supereffective|p2a: The Island\n|-damage|p2a: The Island|63\/100\n|-supereffective|p2a: The Island\n|-damage|p2a: The Island|0 fnt\n|faint|p2a: The Island\n|-hitcount|p2: The Island|2\n|\n|upkeep\n|\n|t:|1699017657\n|switch|p2a: Beyonder|Glimmora, M|100\/100\n|turn|10\n|\n|t:|1699017665\n|-terastallize|p2a: Beyonder|Fairy\n|move|p2a: Beyonder|Spiky Shield|p2a: Beyonder\n|-singleturn|p2a: Beyonder|move: Protect\n|move|p1a: Hitmontop|Bullet Punch|p2a: Beyonder\n|-activate|p2a: Beyonder|move: Protect\n|-damage|p1a: Hitmontop|88\/100|[from] Spiky Shield|[of] p2a: Beyonder\n|\n|upkeep\n|turn|11\n|\n|t:|1699017674\n|move|p1a: Hitmontop|Bullet Punch|p2a: Beyonder\n|-supereffective|p2a: Beyonder\n|-damage|p2a: Beyonder|69\/100\n|-activate|p2a: Beyonder|ability: Toxic Debris\n|-sidestart|p1: LoganWLJ|move: Toxic Spikes\n|move|p2a: Beyonder|Dazzling Gleam|p1a: Hitmontop\n|-supereffective|p1a: Hitmontop\n|-damage|p1a: Hitmontop|0 fnt\n|faint|p1a: Hitmontop\n|\n|-heal|p2a: Beyonder|75\/100|[from] item: Leftovers\n|upkeep\n|\n|t:|1699017684\n|switch|p1a: Scrafty|Scrafty, F|100\/100\n|-status|p1a: Scrafty|psn\n|turn|12\n|\n|t:|1699017693\n|move|p2a: Beyonder|Dazzling Gleam|p1a: Scrafty\n|-supereffective|p1a: Scrafty\n|-damage|p1a: Scrafty|0 fnt\n|faint|p1a: Scrafty\n|\n|-heal|p2a: Beyonder|81\/100|[from] item: Leftovers\n|upkeep\n|\n|t:|1699017696\n|switch|p1a: Pangoro|Pangoro, F|100\/100\n|-status|p1a: Pangoro|psn\n|turn|13\n|\n|t:|1699017704\n|move|p1a: Pangoro|Bullet Punch|p2a: Beyonder\n|-supereffective|p2a: Beyonder\n|-damage|p2a: Beyonder|61\/100\n|-activate|p2a: Beyonder|ability: Toxic Debris\n|-sidestart|p1: LoganWLJ|move: Toxic Spikes\n|move|p2a: Beyonder|Dazzling Gleam|p1a: Pangoro\n|-supereffective|p1a: Pangoro\n|-damage|p1a: Pangoro|0 fnt\n|faint|p1a: Pangoro\n|\n|-heal|p2a: Beyonder|67\/100|[from] item: Leftovers\n|upkeep\n|\n|t:|1699017706\n|switch|p1a: Lucario|Lucario, M|100\/100\n|turn|14\n|\n|t:|1699017721\n|detailschange|p1a: Lucario|Lucario-Mega, M\n|-mega|p1a: Lucario|Lucario|Lucarionite\n|move|p1a: Lucario|Extreme Speed|p2a: Beyonder\n|-damage|p2a: Beyonder|40\/100\n|move|p2a: Beyonder|Dazzling Gleam|p1a: Lucario\n|-damage|p1a: Lucario|36\/100\n|\n|-heal|p2a: Beyonder|47\/100|[from] item: Leftovers\n|upkeep\n|turn|15\n|\n|t:|1699017732\n|move|p1a: Lucario|Blaze Kick|p2a: Beyonder\n|-crit|p2a: Beyonder\n|-damage|p2a: Beyonder|5\/100\n|move|p2a: Beyonder|Dazzling Gleam|p1a: Lucario\n|-crit|p1a: Lucario\n|-damage|p1a: Lucario|0 fnt\n|faint|p1a: Lucario\n|\n|win|Riodroid\n|raw|LoganWLJ's rating: 1040 &rarr; <strong>1022<\/strong><br \/>(-18 for losing)\n|raw|Riodroid's rating: 1000 &rarr; <strong>1045<\/strong><br \/>(+45 for winning)\n|l|\u203dLoganWLJ\n","uploadtime":1699017748,"views":17,"p1id":"loganwlj","p2id":"riodroid","formatid":"gen9nationaldexubers","rating":1022,"private":0,"password":""}