{"id":"gen9nationaldexubers-1994778637","p1":"jgoudyfvcc.edu","p2":"grass knot zygarde","format":"[Gen 9] National Dex Ubers","log":"|j|\u2606jgoudyfvcc.edu\n|j|\u2606grass knot zygarde\n|t:|1700491884\n|gametype|singles\n|player|p1|jgoudyfvcc.edu|266|1434\n|player|p2|grass knot zygarde|harlequin|1594\n|teamsize|p1|6\n|teamsize|p2|6\n|gen|9\n|tier|[Gen 9] National Dex Ubers\n|rated|\n|rule|HP Percentage Mod: HP is shown in percentages\n|rule|Endless Battle Clause: Forcing endless battles is banned\n|rule|OHKO Clause: OHKO moves are banned\n|rule|Evasion Moves Clause: Evasion moves are banned\n|rule|Evasion Items Clause: Evasion items are banned\n|rule|Species Clause: Limit one of each Pok\u00e9mon\n|rule|Sleep Clause Mod: Limit one foe put to sleep\n|rule|Mega Rayquaza Clause: You cannot mega evolve Rayquaza\n|clearpoke\n|poke|p1|Ditto|\n|poke|p1|Aerodactyl, F|\n|poke|p1|Sableye, M|\n|poke|p1|Porygon2|\n|poke|p1|Dialga|\n|poke|p1|Venusaur, F|\n|poke|p2|Deoxys-Speed|\n|poke|p2|Groudon|\n|poke|p2|Xerneas-*|\n|poke|p2|Kyurem-Black|\n|poke|p2|Necrozma-Dusk-Mane|\n|poke|p2|Arceus|\n|teampreview\n|inactive|Battle timer is ON: inactive players will automatically lose when time's up. (requested by grass knot zygarde)\n|inactive|grass knot zygarde has 120 seconds left.\n|\n|t:|1700491918\n|start\n|switch|p1a: Aerodactyl|Aerodactyl, F|100\/100\n|switch|p2a: Brand New Fit|Deoxys-Speed, shiny|100\/100\n|-ability|p2a: Brand New Fit|Pressure\n|turn|1\n|\n|t:|1700491927\n|detailschange|p1a: Aerodactyl|Aerodactyl-Mega, F\n|-mega|p1a: Aerodactyl|Aerodactyl|Aerodactylite\n|move|p2a: Brand New Fit|Stealth Rock|p1a: Aerodactyl\n|-sidestart|p1: jgoudyfvcc.edu|move: Stealth Rock\n|move|p1a: Aerodactyl|Dual Wingbeat|p2a: Brand New Fit\n|-damage|p2a: Brand New Fit|69\/100\n|-damage|p2a: Brand New Fit|36\/100\n|-hitcount|p2a: Brand New Fit|2\n|\n|upkeep\n|turn|2\n|\n|t:|1700491938\n|move|p2a: Brand New Fit|Taunt|p1a: Aerodactyl\n|-start|p1a: Aerodactyl|move: Taunt\n|move|p1a: Aerodactyl|Dual Wingbeat|p2a: Brand New Fit\n|-damage|p2a: Brand New Fit|0 fnt\n|faint|p2a: Brand New Fit\n|-hitcount|p2: Brand New Fit|1\n|\n|upkeep\n|\n|t:|1700491946\n|switch|p2a: Cost bout 3|Xerneas, shiny|100\/100\n|-ability|p2a: Cost bout 3|Fairy Aura\n|turn|3\n|\n|t:|1700491952\n|switch|p1a: Sableye|Sableye, M|100\/100\n|-damage|p1a: Sableye|88\/100|[from] Stealth Rock\n|move|p2a: Cost bout 3|Substitute|p2a: Cost bout 3\n|-start|p2a: Cost bout 3|Substitute\n|-damage|p2a: Cost bout 3|76\/100\n|\n|-heal|p1a: Sableye|94\/100|[from] item: Leftovers\n|upkeep\n|turn|4\n|\n|t:|1700491969\n|switch|p2a: Givenchy Boots|Groudon, shiny|100\/100\n|detailschange|p2a: Givenchy Boots|Groudon-Primal, shiny\n|-primal|p2a: Givenchy Boots|Red Orb\n|-weather|DesolateLand|[from] ability: Desolate Land|[of] p2a: Givenchy Boots\n|switch|p1a: Aerodactyl|Aerodactyl-Mega, F|100\/100\n|-damage|p1a: Aerodactyl|76\/100|[from] Stealth Rock\n|\n|-weather|DesolateLand|[upkeep]\n|upkeep\n|turn|5\n|\n|t:|1700491979\n|move|p1a: Aerodactyl|Defog|p2a: Givenchy Boots\n|-unboost|p2a: Givenchy Boots|evasion|1\n|-sideend|p1: jgoudyfvcc.edu|Stealth Rock|[from] move: Defog|[of] p1a: Aerodactyl\n|move|p2a: Givenchy Boots|Heat Crash|p1a: Aerodactyl\n|-resisted|p1a: Aerodactyl\n|-damage|p1a: Aerodactyl|0 fnt\n|faint|p1a: Aerodactyl\n|\n|-weather|DesolateLand|[upkeep]\n|upkeep\n|\n|t:|1700491988\n|switch|p1a: Venusaur|Venusaur, F|100\/100\n|turn|6\n|\n|t:|1700491998\n|-terastallize|p1a: Venusaur|Ground\n|move|p1a: Venusaur|Earth Power|p2a: Givenchy Boots\n|-supereffective|p2a: Givenchy Boots\n|-damage|p2a: Givenchy Boots|21\/100\n|move|p2a: Givenchy Boots|Heat Crash|p1a: Venusaur\n|-enditem|p1a: Venusaur|Focus Sash\n|-damage|p1a: Venusaur|1\/100\n|\n|-weather|DesolateLand|[upkeep]\n|upkeep\n|turn|7\n|\n|t:|1700492008\n|move|p1a: Venusaur|Earth Power|p2a: Givenchy Boots\n|-supereffective|p2a: Givenchy Boots\n|-damage|p2a: Givenchy Boots|0 fnt\n|faint|p2a: Givenchy Boots\n|-weather|none\n|\n|upkeep\n|\n|t:|1700492012\n|switch|p2a: Boosie fade|Kyurem-Black, shiny|100\/100\n|-ability|p2a: Boosie fade|Teravolt\n|turn|8\n|\n|t:|1700492020\n|move|p2a: Boosie fade|Dragon Dance|p2a: Boosie fade\n|-boost|p2a: Boosie fade|atk|1\n|-boost|p2a: Boosie fade|spe|1\n|move|p1a: Venusaur|Sleep Powder|p2a: Boosie fade\n|-status|p2a: Boosie fade|slp|[from] move: Sleep Powder\n|\n|upkeep\n|turn|9\n|\n|t:|1700492027\n|switch|p1a: Sableye|Sableye, M|94\/100\n|cant|p2a: Boosie fade|slp\n|\n|-heal|p1a: Sableye|100\/100|[from] item: Leftovers\n|upkeep\n|turn|10\n|\n|t:|1700492034\n|-curestatus|p2a: Boosie fade|slp|[msg]\n|move|p2a: Boosie fade|Icicle Spear|p1a: Sableye\n|-damage|p1a: Sableye|75\/100\n|-damage|p1a: Sableye|52\/100\n|-damage|p1a: Sableye|29\/100\n|-damage|p1a: Sableye|4\/100\n|-damage|p1a: Sableye|0 fnt\n|faint|p1a: Sableye\n|-hitcount|p1: Sableye|5\n|\n|upkeep\n|\n|t:|1700492046\n|switch|p1a: Ditto|Ditto, shiny|100\/100\n|-transform|p1a: Ditto|p2a: Boosie fade|[from] ability: Imposter\n|-ability|p1a: Ditto|Teravolt\n|turn|11\n|\n|t:|1700492054\n|move|p1a: Ditto|Icicle Spear|p2a: Boosie fade\n|-damage|p2a: Boosie fade|79\/100\n|-damage|p2a: Boosie fade|57\/100\n|-damage|p2a: Boosie fade|36\/100\n|-damage|p2a: Boosie fade|15\/100\n|-damage|p2a: Boosie fade|0 fnt\n|faint|p2a: Boosie fade\n|-hitcount|p2: Boosie fade|5\n|\n|upkeep\n|\n|t:|1700492068\n|switch|p2a: Cup Of Alcohol|Necrozma-Dusk-Mane, shiny|100\/100\n|turn|12\n|\n|t:|1700492074\n|switch|p1a: Venusaur|Venusaur, F, tera:Ground|1\/100\n|move|p2a: Cup Of Alcohol|Dragon Dance|p2a: Cup Of Alcohol\n|-boost|p2a: Cup Of Alcohol|atk|1\n|-boost|p2a: Cup Of Alcohol|spe|1\n|\n|upkeep\n|turn|13\n|\n|t:|1700492081\n|move|p2a: Cup Of Alcohol|Earthquake|p1a: Venusaur\n|-damage|p1a: Venusaur|0 fnt\n|faint|p1a: Venusaur\n|\n|upkeep\n|\n|t:|1700492087\n|switch|p1a: Porygon2|Porygon2|100\/100\n|-ability|p1a: Porygon2|Prism Armor|[from] ability: Trace|[of] p2a: Cup Of Alcohol\n|turn|14\n|\n|t:|1700492098\n|detailschange|p2a: Cup Of Alcohol|Necrozma-Ultra, shiny\n|-burst|p2a: Cup Of Alcohol|Necrozma|Ultranecrozium Z\n|move|p2a: Cup Of Alcohol|Photon Geyser|p1a: Porygon2\n|-crit|p1a: Porygon2\n|-damage|p1a: Porygon2|19\/100\n|move|p1a: Porygon2|Discharge|p2a: Cup Of Alcohol\n|-resisted|p2a: Cup Of Alcohol\n|-damage|p2a: Cup Of Alcohol|91\/100\n|\n|upkeep\n|turn|15\n|\n|t:|1700492110\n|move|p2a: Cup Of Alcohol|Earthquake|p1a: Porygon2\n|-damage|p1a: Porygon2|0 fnt\n|faint|p1a: Porygon2\n|\n|upkeep\n|j| ss_wobblewok\n|\n|t:|1700492116\n|switch|p1a: Ditto|Ditto, shiny|100\/100\n|-transform|p1a: Ditto|p2a: Cup Of Alcohol|[from] ability: Imposter\n|turn|16\n|\n|t:|1700492126\n|-zpower|p2a: Cup Of Alcohol\n|move|p2a: Cup Of Alcohol|Light That Burns the Sky|p1a: Ditto|[zeffect]\n|-resisted|p1a: Ditto\n|-damage|p1a: Ditto|0 fnt\n|faint|p1a: Ditto\n|\n|upkeep\n|c| ss_wobblewok|Dude you're a loser for using ditto lol\n|\n|t:|1700492134\n|switch|p1a: Dialga|Dialga|100\/100\n|-ability|p1a: Dialga|Pressure\n|turn|17\n|\n|t:|1700492139\n|move|p2a: Cup Of Alcohol|Earthquake|p1a: Dialga\n|-supereffective|p1a: Dialga\n|-damage|p1a: Dialga|0 fnt\n|faint|p1a: Dialga\n|\n|win|grass knot zygarde\n|raw|jgoudyfvcc.edu's rating: 1434 &rarr; <strong>1423<\/strong><br \/>(-11 for losing)\n|raw|grass knot zygarde's rating: 1594 &rarr; <strong>1605<\/strong><br \/>(+11 for winning)\n","uploadtime":1700492151,"views":1,"p1id":"jgoudyfvccedu","p2id":"grassknotzygarde","formatid":"gen9nationaldexubers","rating":1423,"private":0,"password":""}