{"id":"gen9nationaldexubers-1978634647","p1":"tortoiseshell","p2":"BlackStar150520","format":"[Gen 9] National Dex Ubers","log":"|j|\u2606tortoiseshell\n|j|\u2606BlackStar150520\n|t:|1698571547\n|gametype|singles\n|player|p1|tortoiseshell|169|1755\n|player|p2|BlackStar150520|unknown|1901\n|teamsize|p1|6\n|teamsize|p2|6\n|gen|9\n|tier|[Gen 9] National Dex Ubers\n|rated|\n|rule|HP Percentage Mod: HP is shown in percentages\n|rule|Endless Battle Clause: Forcing endless battles is banned\n|rule|OHKO Clause: OHKO moves are banned\n|rule|Evasion Moves Clause: Evasion moves are banned\n|rule|Evasion Items Clause: Evasion items are banned\n|rule|Species Clause: Limit one of each Pok\u00e9mon\n|rule|Sleep Clause Mod: Limit one foe put to sleep\n|rule|Mega Rayquaza Clause: You cannot mega evolve Rayquaza\n|clearpoke\n|poke|p1|Groudon|\n|poke|p1|Ho-Oh|\n|poke|p1|Zygarde|\n|poke|p1|Arceus-Ground|\n|poke|p1|Yveltal|\n|poke|p1|Necrozma-Dusk-Mane|\n|poke|p2|Mewtwo|\n|poke|p2|Ditto|\n|poke|p2|Magearna|\n|poke|p2|Kingambit, M|\n|poke|p2|Arceus-Fairy|\n|poke|p2|Groudon|\n|teampreview\n|inactive|Battle timer is ON: inactive players will automatically lose when time's up. (requested by BlackStar150520)\n|\n|t:|1698571570\n|start\n|switch|p1a: Yveltal|Yveltal|100\/100\n|switch|p2a: Arceus|Arceus-Fairy|100\/100\n|-ability|p1a: Yveltal|Dark Aura\n|turn|1\n|\n|t:|1698571575\n|switch|p1a: Ho-Oh|Ho-Oh|100\/100\n|move|p2a: Arceus|Judgment|p1a: Ho-Oh\n|-resisted|p1a: Ho-Oh\n|-damage|p1a: Ho-Oh|86\/100\n|\n|upkeep\n|turn|2\n|\n|t:|1698571582\n|move|p2a: Arceus|Toxic|p1a: Ho-Oh\n|-status|p1a: Ho-Oh|tox\n|move|p1a: Ho-Oh|Sacred Fire|p2a: Arceus\n|-damage|p2a: Arceus|71\/100\n|\n|-damage|p1a: Ho-Oh|80\/100 tox|[from] psn\n|upkeep\n|turn|3\n|\n|t:|1698571585\n|move|p2a: Arceus|Taunt|p1a: Ho-Oh\n|-start|p1a: Ho-Oh|move: Taunt\n|cant|p1a: Ho-Oh|move: Taunt|Toxic\n|\n|-damage|p1a: Ho-Oh|68\/100 tox|[from] psn\n|upkeep\n|turn|4\n|\n|t:|1698571590\n|switch|p2a: Groudon|Groudon|100\/100\n|detailschange|p2a: Groudon|Groudon-Primal\n|-primal|p2a: Groudon|Red Orb\n|-weather|DesolateLand|[from] ability: Desolate Land|[of] p2a: Groudon\n|move|p1a: Ho-Oh|Sacred Fire|p2a: Groudon\n|-resisted|p2a: Groudon\n|-damage|p2a: Groudon|79\/100\n|\n|-weather|DesolateLand|[upkeep]\n|-damage|p1a: Ho-Oh|49\/100 tox|[from] psn\n|upkeep\n|turn|5\n|\n|t:|1698571597\n|switch|p1a: Zygarde|Zygarde|100\/100\n|move|p2a: Groudon|Stealth Rock|p1a: Zygarde\n|-sidestart|p1: tortoiseshell|move: Stealth Rock\n|\n|-weather|DesolateLand|[upkeep]\n|upkeep\n|turn|6\n|\n|t:|1698571604\n|-weather|none\n|switch|p2a: Arceus|Arceus-Fairy|71\/100\n|switch|p1a: Yveltal|Yveltal|100\/100\n|-ability|p1a: Yveltal|Dark Aura\n|\n|upkeep\n|turn|7\n|\n|t:|1698571614\n|switch|p1a: Ho-Oh|Ho-Oh|82\/100 tox\n|move|p2a: Arceus|Taunt|p1a: Ho-Oh\n|-start|p1a: Ho-Oh|move: Taunt\n|\n|-damage|p1a: Ho-Oh|76\/100 tox|[from] psn\n|upkeep\n|turn|8\n|\n|t:|1698571620\n|move|p2a: Arceus|Judgment|p1a: Ho-Oh\n|-resisted|p1a: Ho-Oh\n|-damage|p1a: Ho-Oh|63\/100 tox\n|move|p1a: Ho-Oh|Sacred Fire|p2a: Arceus\n|-damage|p2a: Arceus|42\/100\n|-status|p2a: Arceus|brn\n|\n|-damage|p1a: Ho-Oh|50\/100 tox|[from] psn\n|-damage|p2a: Arceus|36\/100 brn|[from] brn\n|upkeep\n|turn|9\n|\n|t:|1698571627\n|switch|p1a: Arceus|Arceus-Ground|100\/100\n|-damage|p1a: Arceus|94\/100|[from] Stealth Rock\n|move|p2a: Arceus|Recover|p2a: Arceus\n|-heal|p2a: Arceus|86\/100 brn\n|\n|-damage|p2a: Arceus|80\/100 brn|[from] brn\n|upkeep\n|turn|10\n|\n|t:|1698571636\n|switch|p1a: Necrozma|Necrozma-Dusk-Mane|100\/100\n|-damage|p1a: Necrozma|94\/100|[from] Stealth Rock\n|move|p2a: Arceus|Taunt|p1a: Necrozma\n|-start|p1a: Necrozma|move: Taunt\n|\n|-damage|p2a: Arceus|73\/100 brn|[from] brn\n|upkeep\n|turn|11\n|\n|t:|1698571652\n|move|p2a: Arceus|Toxic|p1a: Necrozma|[miss]\n|-miss|p2a: Arceus|p1a: Necrozma\n|move|p1a: Necrozma|Earth Power|p2a: Arceus\n|-damage|p2a: Arceus|55\/100 brn\n|\n|-damage|p2a: Arceus|49\/100 brn|[from] brn\n|upkeep\n|turn|12\n|\n|t:|1698571655\n|move|p2a: Arceus|Recover|p2a: Arceus\n|-heal|p2a: Arceus|99\/100 brn\n|move|p1a: Necrozma|Photon Geyser|p2a: Arceus\n|-damage|p2a: Arceus|68\/100 brn\n|\n|-damage|p2a: Arceus|62\/100 brn|[from] brn\n|-end|p1a: Necrozma|move: Taunt\n|upkeep\n|turn|13\n|\n|t:|1698571660\n|move|p2a: Arceus|Taunt|p1a: Necrozma\n|-start|p1a: Necrozma|move: Taunt\n|cant|p1a: Necrozma|move: Taunt|Autotomize\n|\n|-damage|p2a: Arceus|55\/100 brn|[from] brn\n|upkeep\n|turn|14\n|\n|t:|1698571666\n|move|p2a: Arceus|Recover|p2a: Arceus\n|-heal|p2a: Arceus|100\/100 brn\n|move|p1a: Necrozma|Earth Power|p2a: Arceus\n|-damage|p2a: Arceus|81\/100 brn\n|\n|-damage|p2a: Arceus|75\/100 brn|[from] brn\n|upkeep\n|turn|15\n|\n|t:|1698571679\n|move|p2a: Arceus|Judgment|p1a: Necrozma\n|-resisted|p1a: Necrozma\n|-damage|p1a: Necrozma|74\/100\n|move|p1a: Necrozma|Earth Power|p2a: Arceus\n|-damage|p2a: Arceus|57\/100 brn\n|\n|-damage|p2a: Arceus|51\/100 brn|[from] brn\n|-end|p1a: Necrozma|move: Taunt\n|upkeep\n|turn|16\n|\n|t:|1698571690\n|move|p2a: Arceus|Recover|p2a: Arceus\n|-heal|p2a: Arceus|100\/100 brn\n|move|p1a: Necrozma|Autotomize|p1a: Necrozma\n|-boost|p1a: Necrozma|spe|2\n|-start|p1a: Necrozma|Autotomize\n|\n|-damage|p2a: Arceus|94\/100 brn|[from] brn\n|upkeep\n|turn|17\n|\n|t:|1698571698\n|move|p1a: Necrozma|Earth Power|p2a: Arceus\n|-damage|p2a: Arceus|74\/100 brn\n|move|p2a: Arceus|Judgment|p1a: Necrozma\n|-resisted|p1a: Necrozma\n|-damage|p1a: Necrozma|53\/100\n|\n|-damage|p2a: Arceus|68\/100 brn|[from] brn\n|upkeep\n|turn|18\n|\n|t:|1698571705\n|switch|p2a: Kingambit|Kingambit, M|100\/100\n|move|p1a: Necrozma|Photon Geyser|p2a: Kingambit\n|-immune|p2a: Kingambit\n|\n|upkeep\n|turn|19\n|\n|t:|1698571710\n|switch|p1a: Ho-Oh|Ho-Oh|83\/100 tox\n|move|p2a: Kingambit|Sucker Punch||[still]\n|-fail|p2a: Kingambit\n|\n|-damage|p1a: Ho-Oh|77\/100 tox|[from] psn\n|upkeep\n|turn|20\n|\n|t:|1698571717\n|move|p1a: Ho-Oh|Defog|p2a: Kingambit\n|-unboost|p2a: Kingambit|evasion|1\n|-sideend|p1: tortoiseshell|Stealth Rock|[from] move: Defog|[of] p1a: Ho-Oh\n|move|p2a: Kingambit|Knock Off|p1a: Ho-Oh\n|-damage|p1a: Ho-Oh|37\/100 tox\n|-enditem|p1a: Ho-Oh|Heavy-Duty Boots|[from] move: Knock Off|[of] p2a: Kingambit\n|\n|-damage|p1a: Ho-Oh|24\/100 tox|[from] psn\n|upkeep\n|turn|21\n|\n|t:|1698571727\n|switch|p1a: Zygarde|Zygarde|100\/100\n|-end|p2a: Kingambit|fallenundefined|[silent]\n|switch|p2a: Groudon|Groudon-Primal|79\/100\n|-weather|DesolateLand|[from] ability: Desolate Land|[of] p2a: Groudon\n|\n|-weather|DesolateLand|[upkeep]\n|upkeep\n|turn|22\n|\n|t:|1698571736\n|move|p2a: Groudon|Stealth Rock|p1a: Zygarde\n|-sidestart|p1: tortoiseshell|move: Stealth Rock\n|move|p1a: Zygarde|Coil|p1a: Zygarde\n|-boost|p1a: Zygarde|atk|1\n|-boost|p1a: Zygarde|def|1\n|-boost|p1a: Zygarde|accuracy|1\n|\n|-weather|DesolateLand|[upkeep]\n|upkeep\n|turn|23\n|\n|t:|1698571741\n|-weather|none\n|switch|p2a: Arceus|Arceus-Fairy|68\/100 brn\n|move|p1a: Zygarde|Thousand Arrows|p2a: Arceus\n|-damage|p2a: Arceus|37\/100 brn\n|\n|-damage|p2a: Arceus|31\/100 brn|[from] brn\n|upkeep\n|turn|24\n|\n|t:|1698571750\n|-terastallize|p1a: Zygarde|Water\n|move|p2a: Arceus|Recover|p2a: Arceus\n|-heal|p2a: Arceus|81\/100 brn\n|move|p1a: Zygarde|Thousand Arrows|p2a: Arceus\n|-damage|p2a: Arceus|49\/100 brn\n|\n|-damage|p2a: Arceus|43\/100 brn|[from] brn\n|upkeep\n|turn|25\n|\n|t:|1698571754\n|move|p2a: Arceus|Toxic|p1a: Zygarde\n|-status|p1a: Zygarde|tox\n|move|p1a: Zygarde|Coil|p1a: Zygarde\n|-boost|p1a: Zygarde|atk|1\n|-boost|p1a: Zygarde|def|1\n|-boost|p1a: Zygarde|accuracy|1\n|\n|-damage|p1a: Zygarde|94\/100 tox|[from] psn\n|-damage|p2a: Arceus|37\/100 brn|[from] brn\n|upkeep\n|turn|26\n|\n|t:|1698571757\n|move|p2a: Arceus|Recover|p2a: Arceus\n|-heal|p2a: Arceus|87\/100 brn\n|move|p1a: Zygarde|Thousand Arrows|p2a: Arceus\n|-crit|p2a: Arceus\n|-damage|p2a: Arceus|29\/100 brn\n|\n|-heal|p1a: Zygarde|100\/100 tox|[from] item: Leftovers\n|-damage|p1a: Zygarde|88\/100 tox|[from] psn\n|-damage|p2a: Arceus|23\/100 brn|[from] brn\n|upkeep\n|turn|27\n|\n|t:|1698571763\n|move|p2a: Arceus|Recover|p2a: Arceus\n|-heal|p2a: Arceus|73\/100 brn\n|move|p1a: Zygarde|Coil|p1a: Zygarde\n|-boost|p1a: Zygarde|atk|1\n|-boost|p1a: Zygarde|def|1\n|-boost|p1a: Zygarde|accuracy|1\n|\n|-heal|p1a: Zygarde|94\/100 tox|[from] item: Leftovers\n|-damage|p1a: Zygarde|76\/100 tox|[from] psn\n|-damage|p2a: Arceus|67\/100 brn|[from] brn\n|upkeep\n|turn|28\n|\n|t:|1698571765\n|move|p2a: Arceus|Taunt|p1a: Zygarde\n|-start|p1a: Zygarde|move: Taunt\n|move|p1a: Zygarde|Thousand Arrows|p2a: Arceus\n|-damage|p2a: Arceus|12\/100 brn\n|\n|-heal|p1a: Zygarde|82\/100 tox|[from] item: Leftovers\n|-damage|p1a: Zygarde|57\/100 tox|[from] psn\n|-damage|p2a: Arceus|6\/100 brn|[from] brn\n|upkeep\n|turn|29\n|\n|t:|1698571770\n|move|p2a: Arceus|Judgment|p1a: Zygarde\n|-damage|p1a: Zygarde|13\/100 tox\n|move|p1a: Zygarde|Thousand Arrows|p2a: Arceus\n|-damage|p2a: Arceus|0 fnt\n|faint|p2a: Arceus\n|\n|-heal|p1a: Zygarde|20\/100 tox|[from] item: Leftovers\n|-damage|p1a: Zygarde|0 fnt|[from] psn\n|faint|p1a: Zygarde\n|upkeep\n|\n|t:|1698571783\n|switch|p2a: Groudon|Groudon-Primal|79\/100\n|switch|p1a: Yveltal|Yveltal|100\/100\n|-ability|p1a: Yveltal|Dark Aura\n|-weather|DesolateLand|[from] ability: Desolate Land|[of] p2a: Groudon\n|turn|30\n|\n|t:|1698571801\n|-weather|none\n|switch|p2a: Magearna|Magearna|100\/100\n|move|p1a: Yveltal|Knock Off|p2a: Magearna\n|-resisted|p2a: Magearna\n|-damage|p2a: Magearna|84\/100\n|\n|upkeep\n|turn|31\n|\n|t:|1698571811\n|switch|p1a: Ho-Oh|Ho-Oh|57\/100 tox\n|-damage|p1a: Ho-Oh|7\/100 tox|[from] Stealth Rock\n|move|p2a: Magearna|Fleur Cannon|p1a: Ho-Oh\n|-resisted|p1a: Ho-Oh\n|-crit|p1a: Ho-Oh\n|-damage|p1a: Ho-Oh|0 fnt\n|-unboost|p2a: Magearna|spa|2\n|faint|p1a: Ho-Oh\n|-ability|p2a: Magearna|Soul-Heart|boost\n|-boost|p2a: Magearna|spa|1\n|\n|upkeep\n|\n|t:|1698571816\n|switch|p1a: Arceus|Arceus-Ground|94\/100\n|-damage|p1a: Arceus|88\/100|[from] Stealth Rock\n|turn|32\n|\n|t:|1698571821\n|move|p1a: Arceus|Dragon Dance|p1a: Arceus\n|-boost|p1a: Arceus|atk|1\n|-boost|p1a: Arceus|spe|1\n|move|p2a: Magearna|Heart Swap|p1a: Arceus\n|-swapboost|p2a: Magearna|p1a: Arceus|[from] move: Heart Swap\n|\n|upkeep\n|turn|33\n|\n|t:|1698571827\n|move|p1a: Arceus|Earthquake|p2a: Magearna\n|-supereffective|p2a: Magearna\n|-damage|p2a: Magearna|0 fnt\n|faint|p2a: Magearna\n|\n|upkeep\n|\n|t:|1698571834\n|switch|p2a: Mewtwo|Mewtwo|100\/100\n|-ability|p2a: Mewtwo|Pressure\n|turn|34\n|\n|t:|1698571843\n|switch|p1a: Groudon|Groudon|100\/100\n|-damage|p1a: Groudon|94\/100|[from] Stealth Rock\n|detailschange|p1a: Groudon|Groudon-Primal\n|-primal|p1a: Groudon|Red Orb\n|-weather|DesolateLand|[from] ability: Desolate Land|[of] p1a: Groudon\n|detailschange|p2a: Mewtwo|Mewtwo-Mega-X\n|-mega|p2a: Mewtwo|Mewtwo|Mewtwonite X\n|move|p2a: Mewtwo|Low Kick|p1a: Groudon\n|-damage|p1a: Groudon|46\/100\n|\n|-weather|DesolateLand|[upkeep]\n|upkeep\n|turn|35\n|\n|t:|1698571854\n|move|p2a: Mewtwo|Low Kick|p1a: Groudon\n|-crit|p1a: Groudon\n|-damage|p1a: Groudon|0 fnt\n|faint|p1a: Groudon\n|-weather|none\n|\n|upkeep\n|\n|t:|1698571867\n|switch|p1a: Arceus|Arceus-Ground|88\/100\n|-damage|p1a: Arceus|82\/100|[from] Stealth Rock\n|turn|36\n|\n|t:|1698571871\n|move|p2a: Mewtwo|Low Kick|p1a: Arceus\n|-damage|p1a: Arceus|19\/100\n|move|p1a: Arceus|Dragon Dance|p1a: Arceus\n|-boost|p1a: Arceus|atk|1\n|-boost|p1a: Arceus|spe|1\n|\n|upkeep\n|turn|37\n|\n|t:|1698571878\n|switch|p2a: Groudon|Groudon-Primal|79\/100\n|-weather|DesolateLand|[from] ability: Desolate Land|[of] p2a: Groudon\n|move|p1a: Arceus|Earthquake|p2a: Groudon\n|-supereffective|p2a: Groudon\n|-damage|p2a: Groudon|0 fnt\n|faint|p2a: Groudon\n|-weather|none\n|\n|upkeep\n|\n|t:|1698571880\n|switch|p2a: Ditto|Ditto, shiny|100\/100\n|-transform|p2a: Ditto|p1a: Arceus|[from] ability: Imposter\n|turn|38\n|\n|t:|1698571885\n|switch|p1a: Yveltal|Yveltal|100\/100\n|-ability|p1a: Yveltal|Dark Aura\n|move|p2a: Ditto|Earthquake|p1a: Yveltal\n|-immune|p1a: Yveltal\n|\n|upkeep\n|turn|39\n|\n|t:|1698571895\n|switch|p2a: Kingambit|Kingambit, M|100\/100\n|-activate|p2a: Kingambit|ability: Supreme Overlord\n|-start|p2a: Kingambit|fallen3|[silent]\n|switch|p1a: Arceus|Arceus-Ground|19\/100\n|-damage|p1a: Arceus|13\/100|[from] Stealth Rock\n|\n|upkeep\n|turn|40\n|\n|t:|1698571902\n|move|p2a: Kingambit|Sucker Punch||[still]\n|-fail|p2a: Kingambit\n|move|p1a: Arceus|Recover|p1a: Arceus\n|-heal|p1a: Arceus|63\/100\n|\n|upkeep\n|turn|41\n|\n|t:|1698571908\n|move|p1a: Arceus|Earthquake|p2a: Kingambit\n|-supereffective|p2a: Kingambit\n|-damage|p2a: Kingambit|14\/100\n|move|p2a: Kingambit|Swords Dance|p2a: Kingambit\n|-boost|p2a: Kingambit|atk|2\n|\n|upkeep\n|turn|42\n|\n|t:|1698571914\n|move|p2a: Kingambit|Sucker Punch||[still]\n|-fail|p2a: Kingambit\n|move|p1a: Arceus|Recover|p1a: Arceus\n|-heal|p1a: Arceus|100\/100\n|\n|upkeep\n|turn|43\n|\n|t:|1698571918\n|move|p2a: Kingambit|Sucker Punch|p1a: Arceus\n|-damage|p1a: Arceus|10\/100\n|move|p1a: Arceus|Earthquake|p2a: Kingambit\n|-supereffective|p2a: Kingambit\n|-damage|p2a: Kingambit|0 fnt\n|faint|p2a: Kingambit\n|-end|p2a: Kingambit|fallen3|[silent]\n|\n|upkeep\n|\n|t:|1698571920\n|switch|p2a: Mewtwo|Mewtwo-Mega-X|100\/100\n|turn|44\n|\n|t:|1698571928\n|move|p2a: Mewtwo|Ice Beam|p1a: Arceus\n|-supereffective|p1a: Arceus\n|-damage|p1a: Arceus|0 fnt\n|faint|p1a: Arceus\n|\n|upkeep\n|\n|t:|1698571932\n|switch|p1a: Necrozma|Necrozma-Dusk-Mane|53\/100\n|-damage|p1a: Necrozma|47\/100|[from] Stealth Rock\n|turn|45\n|\n|t:|1698571940\n|detailschange|p1a: Necrozma|Necrozma-Ultra\n|-burst|p1a: Necrozma|Necrozma|Ultranecrozium Z\n|move|p2a: Mewtwo|Knock Off|p1a: Necrozma\n|-supereffective|p1a: Necrozma\n|-damage|p1a: Necrozma|0 fnt\n|faint|p1a: Necrozma\n|\n|upkeep\n|\n|t:|1698571944\n|switch|p1a: Yveltal|Yveltal|100\/100\n|-ability|p1a: Yveltal|Dark Aura\n|turn|46\n|\n|t:|1698571950\n|move|p2a: Mewtwo|Low Kick|p1a: Yveltal\n|-damage|p1a: Yveltal|42\/100\n|move|p1a: Yveltal|Foul Play|p2a: Mewtwo\n|-damage|p2a: Mewtwo|17\/100\n|\n|upkeep\n|turn|47\n|\n|t:|1698571958\n|move|p2a: Mewtwo|Taunt|p1a: Yveltal\n|-start|p1a: Yveltal|move: Taunt\n|cant|p1a: Yveltal|move: Taunt|Roost\n|\n|upkeep\n|turn|48\n|-message|tortoiseshell forfeited.\n|\n|win|BlackStar150520\n|raw|tortoiseshell's rating: 1755 &rarr; <strong>1743<\/strong><br \/>(-12 for losing)\n|raw|BlackStar150520's rating: 1901 &rarr; <strong>1913<\/strong><br \/>(+12 for winning)\n","uploadtime":1698571971,"views":16,"p1id":"tortoiseshell","p2id":"blackstar150520","formatid":"gen9nationaldexubers","rating":1743,"private":0,"password":""}