{"id":"gen9nationaldexubers-1988019098","p1":"vptwarrior","p2":"Dishonestcrook","format":"[Gen 9] National Dex Ubers","log":"|j|\u2606vptwarrior\n|j|\u2606Dishonestcrook\n|t:|1699659809\n|gametype|singles\n|player|p1|vptwarrior|swimmer|1063\n|player|p2|Dishonestcrook|102|1092\n|teamsize|p1|6\n|teamsize|p2|6\n|gen|9\n|tier|[Gen 9] National Dex Ubers\n|rated|\n|rule|HP Percentage Mod: HP is shown in percentages\n|rule|Endless Battle Clause: Forcing endless battles is banned\n|rule|OHKO Clause: OHKO moves are banned\n|rule|Evasion Moves Clause: Evasion moves are banned\n|rule|Evasion Items Clause: Evasion items are banned\n|rule|Species Clause: Limit one of each Pok\u00e9mon\n|rule|Sleep Clause Mod: Limit one foe put to sleep\n|rule|Mega Rayquaza Clause: You cannot mega evolve Rayquaza\n|clearpoke\n|poke|p1|Toxapex, M|\n|poke|p1|Tangrowth, M|\n|poke|p1|Mienshao, F|\n|poke|p1|Slowbro, M|\n|poke|p1|Reuniclus, M|\n|poke|p1|Amoonguss, F|\n|poke|p2|Revavroom, M|\n|poke|p2|Kingambit, M|\n|poke|p2|Gholdengo|\n|poke|p2|Hydreigon, F|\n|poke|p2|Florges-White, F|\n|poke|p2|Scovillain, M|\n|teampreview\n|inactive|Battle timer is ON: inactive players will automatically lose when time's up. (requested by Dishonestcrook)\n|\n|t:|1699659841\n|start\n|switch|p1a: Megan|Mienshao, F|100\/100\n|switch|p2a: Gholdengo|Gholdengo|100\/100\n|turn|1\n|\n|t:|1699659851\n|move|p1a: Megan|Knock Off|p2a: Gholdengo\n|-supereffective|p2a: Gholdengo\n|-damage|p2a: Gholdengo|24\/100\n|-enditem|p2a: Gholdengo|Life Orb|[from] move: Knock Off|[of] p1a: Megan\n|move|p2a: Gholdengo|Shadow Ball|p1a: Megan\n|-damage|p1a: Megan|23\/100\n|\n|upkeep\n|turn|2\n|\n|t:|1699659861\n|move|p1a: Megan|Knock Off|p2a: Gholdengo\n|-supereffective|p2a: Gholdengo\n|-damage|p2a: Gholdengo|0 fnt\n|faint|p2a: Gholdengo\n|\n|upkeep\n|\n|t:|1699659865\n|switch|p2a: Florges|Florges-White, F|100\/100\n|turn|3\n|\n|t:|1699659869\n|move|p1a: Megan|U-turn|p2a: Florges\n|-resisted|p2a: Florges\n|-damage|p2a: Florges|83\/100\n|\n|t:|1699659878\n|switch|p1a: Pokeshroom|Amoonguss, F|100\/100|[from] U-turn\n|move|p2a: Florges|Psychic|p1a: Pokeshroom\n|-supereffective|p1a: Pokeshroom\n|-damage|p1a: Pokeshroom|38\/100\n|-damage|p2a: Florges|73\/100|[from] item: Life Orb\n|\n|-heal|p1a: Pokeshroom|45\/100|[from] item: Black Sludge\n|upkeep\n|turn|4\n|\n|t:|1699659887\n|move|p2a: Florges|Psychic|p1a: Pokeshroom\n|-supereffective|p1a: Pokeshroom\n|-damage|p1a: Pokeshroom|0 fnt\n|faint|p1a: Pokeshroom\n|-damage|p2a: Florges|63\/100|[from] item: Life Orb\n|\n|upkeep\n|\n|t:|1699659894\n|switch|p1a: Megan|Mienshao, F|56\/100\n|turn|5\n|\n|t:|1699659900\n|move|p1a: Megan|U-turn|p2a: Florges\n|-resisted|p2a: Florges\n|-damage|p2a: Florges|44\/100\n|\n|t:|1699659903\n|switch|p1a: Perfect Cell|Reuniclus, M|100\/100|[from] U-turn\n|move|p2a: Florges|Psychic|p1a: Perfect Cell\n|-resisted|p1a: Perfect Cell\n|-damage|p1a: Perfect Cell|85\/100\n|-damage|p2a: Florges|34\/100|[from] item: Life Orb\n|\n|-heal|p1a: Perfect Cell|91\/100|[from] item: Leftovers\n|upkeep\n|turn|6\n|\n|t:|1699659911\n|move|p2a: Florges|Moonblast|p1a: Perfect Cell\n|-damage|p1a: Perfect Cell|36\/100\n|-damage|p2a: Florges|24\/100|[from] item: Life Orb\n|move|p1a: Perfect Cell|Flash Cannon|p2a: Florges\n|-supereffective|p2a: Florges\n|-damage|p2a: Florges|0 fnt\n|faint|p2a: Florges\n|\n|-heal|p1a: Perfect Cell|42\/100|[from] item: Leftovers\n|upkeep\n|\n|t:|1699659921\n|switch|p2a: Hydreigon|Hydreigon, F|100\/100\n|turn|7\n|\n|t:|1699659927\n|switch|p1a: Melanie|Toxapex, M|100\/100\n|move|p2a: Hydreigon|Dragon Pulse|p1a: Melanie\n|-damage|p1a: Melanie|54\/100\n|-damage|p2a: Hydreigon|91\/100|[from] item: Life Orb\n|\n|-heal|p1a: Melanie|61\/100|[from] item: Black Sludge\n|upkeep\n|turn|8\n|\n|t:|1699659938\n|move|p2a: Hydreigon|Dragon Pulse|p1a: Melanie\n|-damage|p1a: Melanie|19\/100\n|-damage|p2a: Hydreigon|81\/100|[from] item: Life Orb\n|move|p1a: Melanie|Scald|p2a: Hydreigon\n|-resisted|p2a: Hydreigon\n|-crit|p2a: Hydreigon\n|-damage|p2a: Hydreigon|67\/100\n|-status|p2a: Hydreigon|brn\n|\n|-heal|p1a: Melanie|25\/100|[from] item: Black Sludge\n|-damage|p2a: Hydreigon|60\/100 brn|[from] brn\n|upkeep\n|turn|9\n|\n|t:|1699659950\n|switch|p1a: Perfect Cell|Reuniclus, M|75\/100\n|move|p2a: Hydreigon|Dragon Pulse|p1a: Perfect Cell\n|-damage|p1a: Perfect Cell|23\/100\n|-damage|p2a: Hydreigon|51\/100 brn|[from] item: Life Orb\n|\n|-heal|p1a: Perfect Cell|29\/100|[from] item: Leftovers\n|-damage|p2a: Hydreigon|44\/100 brn|[from] brn\n|upkeep\n|turn|10\n|\n|t:|1699659960\n|switch|p1a: Melanie|Toxapex, M|59\/100\n|move|p2a: Hydreigon|Dragon Pulse|p1a: Melanie\n|-damage|p1a: Melanie|13\/100\n|-damage|p2a: Hydreigon|35\/100 brn|[from] item: Life Orb\n|\n|-heal|p1a: Melanie|19\/100|[from] item: Black Sludge\n|-damage|p2a: Hydreigon|29\/100 brn|[from] brn\n|upkeep\n|turn|11\n|\n|t:|1699659969\n|move|p1a: Melanie|Baneful Bunker|p1a: Melanie\n|-singleturn|p1a: Melanie|move: Protect\n|move|p2a: Hydreigon|Dragon Pulse|p1a: Melanie\n|-activate|p1a: Melanie|move: Protect\n|\n|-heal|p1a: Melanie|25\/100|[from] item: Black Sludge\n|-damage|p2a: Hydreigon|22\/100 brn|[from] brn\n|upkeep\n|turn|12\n|\n|t:|1699659978\n|switch|p1a: Perfect Cell|Reuniclus, M|63\/100\n|move|p2a: Hydreigon|Dragon Pulse|p1a: Perfect Cell\n|-damage|p1a: Perfect Cell|10\/100\n|-damage|p2a: Hydreigon|12\/100 brn|[from] item: Life Orb\n|\n|-heal|p1a: Perfect Cell|16\/100|[from] item: Leftovers\n|-damage|p2a: Hydreigon|6\/100 brn|[from] brn\n|upkeep\n|turn|13\n|\n|t:|1699659990\n|switch|p1a: Melanie|Toxapex, M|58\/100\n|move|p2a: Hydreigon|Dark Pulse|p1a: Melanie\n|-damage|p1a: Melanie|21\/100\n|-damage|p2a: Hydreigon|0 fnt|[from] item: Life Orb\n|faint|p2a: Hydreigon\n|\n|-heal|p1a: Melanie|27\/100|[from] item: Black Sludge\n|upkeep\n|\n|t:|1699660001\n|switch|p2a: Revavroom|Revavroom, M|100\/100\n|turn|14\n|\n|t:|1699660004\n|move|p2a: Revavroom|High Horsepower|p1a: Melanie\n|-supereffective|p1a: Melanie\n|-damage|p1a: Melanie|0 fnt\n|faint|p1a: Melanie\n|-damage|p2a: Revavroom|91\/100|[from] item: Life Orb\n|\n|upkeep\n|\n|t:|1699660009\n|switch|p1a: Wrapper|Tangrowth, M|100\/100\n|turn|15\n|\n|t:|1699660013\n|move|p2a: Revavroom|Poison Jab|p1a: Wrapper\n|-supereffective|p1a: Wrapper\n|-damage|p1a: Wrapper|26\/100\n|-damage|p2a: Revavroom|81\/100|[from] item: Life Orb\n|move|p1a: Wrapper|Knock Off|p2a: Revavroom\n|-crit|p2a: Revavroom\n|-damage|p2a: Revavroom|44\/100\n|-enditem|p2a: Revavroom|Life Orb|[from] move: Knock Off|[of] p1a: Wrapper\n|\n|-heal|p1a: Wrapper|32\/100|[from] item: Leftovers\n|upkeep\n|turn|16\n|\n|t:|1699660025\n|switch|p1a: Perfect Cell|Reuniclus, M|50\/100\n|move|p2a: Revavroom|Poison Jab|p1a: Perfect Cell\n|-damage|p1a: Perfect Cell|13\/100\n|\n|-heal|p1a: Perfect Cell|19\/100|[from] item: Leftovers\n|upkeep\n|turn|17\n|\n|t:|1699660033\n|move|p2a: Revavroom|Poison Jab|p1a: Perfect Cell\n|-damage|p1a: Perfect Cell|0 fnt\n|faint|p1a: Perfect Cell\n|\n|upkeep\n|\n|t:|1699660036\n|switch|p1a: .............Huh?|Slowbro, M|100\/100\n|turn|18\n|\n|t:|1699660044\n|move|p2a: Revavroom|Poison Jab|p1a: .............Huh?\n|-damage|p1a: .............Huh?|69\/100\n|move|p1a: .............Huh?|Scald|p2a: Revavroom\n|-damage|p2a: Revavroom|0 fnt\n|faint|p2a: Revavroom\n|\n|-heal|p1a: .............Huh?|75\/100|[from] item: Leftovers\n|upkeep\n|\n|t:|1699660053\n|switch|p2a: Kingambit|Kingambit, M|100\/100\n|-activate|p2a: Kingambit|ability: Supreme Overlord\n|-start|p2a: Kingambit|fallen4|[silent]\n|turn|19\n|\n|t:|1699660058\n|move|p2a: Kingambit|Kowtow Cleave|p1a: .............Huh?\n|-supereffective|p1a: .............Huh?\n|-damage|p1a: .............Huh?|0 fnt\n|faint|p1a: .............Huh?\n|-damage|p2a: Kingambit|91\/100|[from] item: Life Orb\n|\n|upkeep\n|\n|t:|1699660061\n|switch|p1a: Megan|Mienshao, F|89\/100\n|turn|20\n|\n|t:|1699660068\n|move|p1a: Megan|Drain Punch|p2a: Kingambit\n|-supereffective|p2a: Kingambit\n|-damage|p2a: Kingambit|0 fnt\n|-heal|p1a: Megan|100\/100|[from] drain|[of] p2a: Kingambit\n|faint|p2a: Kingambit\n|-end|p2a: Kingambit|fallen4|[silent]\n|\n|upkeep\n|\n|t:|1699660073\n|switch|p2a: Scovillain|Scovillain, M|100\/100\n|turn|21\n|\n|t:|1699660078\n|-terastallize|p2a: Scovillain|Grass\n|move|p1a: Megan|U-turn|p2a: Scovillain\n|-supereffective|p2a: Scovillain\n|-damage|p2a: Scovillain|19\/100\n|\n|t:|1699660082\n|switch|p1a: Wrapper|Tangrowth, M|66\/100|[from] U-turn\n|move|p2a: Scovillain|Zen Headbutt|p1a: Wrapper\n|-damage|p1a: Wrapper|41\/100\n|-damage|p2a: Scovillain|9\/100|[from] item: Life Orb\n|\n|-heal|p1a: Wrapper|47\/100|[from] item: Leftovers\n|upkeep\n|turn|22\n|-message|Dishonestcrook forfeited.\n|\n|win|vptwarrior\n|raw|vptwarrior's rating: 1100 &rarr; <strong>1124<\/strong><br \/>(+24 for winning)\n|raw|Dishonestcrook's rating: 1092 &rarr; <strong>1069<\/strong><br \/>(-23 for losing)\n|l|\u2606Dishonestcrook\n","uploadtime":1699660095,"views":7,"p1id":"vptwarrior","p2id":"dishonestcrook","formatid":"gen9nationaldexubers","rating":1069,"private":0,"password":""}