{"id":"gen9nationaldexubers-1994372820","p1":"AshenAraquanid","p2":"Zestrov","format":"[Gen 9] National Dex Ubers","log":"|j|\u2606AshenAraquanid\n|j|\u2606Zestrov\n|t:|1700436460\n|gametype|singles\n|player|p1|AshenAraquanid|bugmaniac-gen3|\n|player|p2|Zestrov|boarder|\n|teamsize|p1|6\n|teamsize|p2|6\n|gen|9\n|tier|[Gen 9] National Dex Ubers\n|rule|HP Percentage Mod: HP is shown in percentages\n|rule|Endless Battle Clause: Forcing endless battles is banned\n|rule|OHKO Clause: OHKO moves are banned\n|rule|Evasion Moves Clause: Evasion moves are banned\n|rule|Evasion Items Clause: Evasion items are banned\n|rule|Species Clause: Limit one of each Pok\u00e9mon\n|rule|Sleep Clause Mod: Limit one foe put to sleep\n|rule|Mega Rayquaza Clause: You cannot mega evolve Rayquaza\n|clearpoke\n|poke|p1|Deoxys-Speed|\n|poke|p1|Ditto|\n|poke|p1|Thundurus-Therian, M|\n|poke|p1|Gyarados, M|\n|poke|p1|Arceus|\n|poke|p1|Giratina-Origin|\n|poke|p2|Greninja-*, M|\n|poke|p2|Dragonite, F|\n|poke|p2|Alakazam, M|\n|poke|p2|Zeraora|\n|poke|p2|Calyrex-Ice|\n|poke|p2|Arceus-Fire|\n|teampreview\n|j| ah3nny\n|\n|t:|1700436524\n|start\n|switch|p1a: Opening Act|Deoxys-Speed|100\/100\n|switch|p2a: Master Roshi|Alakazam, M|100\/100\n|-ability|p1a: Opening Act|Pressure\n|turn|1\n|\n|t:|1700436536\n|detailschange|p2a: Master Roshi|Alakazam-Mega, M\n|-mega|p2a: Master Roshi|Alakazam|Alakazite\n|-ability|p2a: Master Roshi|Pressure\n|-ability|p2a: Master Roshi|Pressure|[from] ability: Trace|[of] p1a: Opening Act\n|move|p1a: Opening Act|Throat Chop|p2a: Master Roshi\n|-supereffective|p2a: Master Roshi\n|-damage|p2a: Master Roshi|0 fnt\n|faint|p2a: Master Roshi\n|\n|upkeep\n|\n|t:|1700436546\n|switch|p2a: Power Ranger|Zeraora|100\/100\n|turn|2\n|\n|t:|1700436551\n|move|p1a: Opening Act|Stealth Rock|p2a: Power Ranger\n|-sidestart|p2: Zestrov|move: Stealth Rock\n|move|p2a: Power Ranger|Throat Chop|p1a: Opening Act\n|-supereffective|p1a: Opening Act\n|-damage|p1a: Opening Act|21\/100\n|-start|p1a: Opening Act|Throat Chop|[silent]\n|\n|upkeep\n|turn|3\n|\n|t:|1700436558\n|move|p1a: Opening Act|Reflect|p1a: Opening Act\n|-sidestart|p1: AshenAraquanid|Reflect\n|move|p2a: Power Ranger|Throat Chop|p1a: Opening Act\n|-supereffective|p1a: Opening Act\n|-damage|p1a: Opening Act|0 fnt\n|faint|p1a: Opening Act\n|\n|upkeep\n|\n|t:|1700436584\n|switch|p1a: Overslept|Thundurus-Therian, M|100\/100\n|turn|4\n|j| Berryandon\n|\n|t:|1700436619\n|move|p2a: Power Ranger|Throat Chop|p1a: Overslept\n|-damage|p1a: Overslept|81\/100\n|-start|p1a: Overslept|Throat Chop|[silent]\n|move|p1a: Overslept|Substitute|p1a: Overslept\n|-start|p1a: Overslept|Substitute\n|-damage|p1a: Overslept|56\/100\n|\n|upkeep\n|turn|5\n|\n|t:|1700436631\n|move|p2a: Power Ranger|Throat Chop|p1a: Overslept\n|-activate|p1a: Overslept|move: Substitute|[damage]\n|move|p1a: Overslept|Nasty Plot|p1a: Overslept\n|-boost|p1a: Overslept|spa|2\n|\n|-end|p1a: Overslept|Throat Chop|[silent]\n|upkeep\n|turn|6\n|\n|t:|1700436637\n|move|p2a: Power Ranger|Plasma Fists|p1a: Overslept\n|-heal|p1a: Overslept|81\/100|[from] ability: Volt Absorb|[of] p2a: Power Ranger\n|move|p1a: Overslept|Dark Pulse|p2a: Power Ranger\n|-damage|p2a: Power Ranger|25\/100\n|\n|upkeep\n|turn|7\n|\n|t:|1700436651\n|switch|p2a: Godzira|Dragonite, F, shiny|100\/100\n|-damage|p2a: Godzira|75\/100|[from] Stealth Rock\n|move|p1a: Overslept|Dark Pulse|p2a: Godzira\n|-damage|p2a: Godzira|10\/100\n|\n|-heal|p2a: Godzira|17\/100|[from] item: Leftovers\n|-sideend|p1: AshenAraquanid|Reflect\n|upkeep\n|turn|8\n|c|\u2606Zestrov|I may have forgor\n|\n|t:|1700436674\n|move|p1a: Overslept|Thunderbolt|p2a: Godzira\n|-damage|p2a: Godzira|0 fnt\n|faint|p2a: Godzira\n|\n|upkeep\n|\n|t:|1700436694\n|switch|p2a: Great Saiyaman|Greninja, M|100\/100\n|-damage|p2a: Great Saiyaman|88\/100|[from] Stealth Rock\n|turn|9\n|\n|t:|1700436703\n|move|p2a: Great Saiyaman|Ice Beam|p1a: Overslept\n|-supereffective|p1a: Overslept\n|-end|p1a: Overslept|Substitute\n|-damage|p2a: Great Saiyaman|78\/100|[from] item: Life Orb\n|move|p1a: Overslept|Thunderbolt|p2a: Great Saiyaman\n|-supereffective|p2a: Great Saiyaman\n|-damage|p2a: Great Saiyaman|0 fnt\n|faint|p2a: Great Saiyaman\n|\n|upkeep\n|\n|t:|1700436711\n|switch|p2a: Surtr|Arceus-Fire, shiny|100\/100\n|-damage|p2a: Surtr|76\/100|[from] Stealth Rock\n|turn|10\n|\n|t:|1700436734\n|move|p2a: Surtr|Defog|p1a: Overslept\n|-unboost|p1a: Overslept|evasion|1\n|-sideend|p2: Zestrov|Stealth Rock|[from] move: Defog|[of] p2a: Surtr\n|-zpower|p1a: Overslept\n|move|p1a: Overslept|Black Hole Eclipse|p2a: Surtr|[zeffect]\n|-damage|p2a: Surtr|0 fnt\n|faint|p2a: Surtr\n|\n|upkeep\n|l| ah3nny\n|\n|t:|1700436744\n|switch|p2a: Power Ranger|Zeraora|25\/100\n|turn|11\n|\n|t:|1700436748\n|move|p2a: Power Ranger|Fake Out|p1a: Overslept\n|-damage|p1a: Overslept|62\/100\n|cant|p1a: Overslept|flinch\n|\n|upkeep\n|turn|12\n|\n|t:|1700436757\n|move|p2a: Power Ranger|Close Combat|p1a: Overslept\n|-resisted|p1a: Overslept\n|-damage|p1a: Overslept|34\/100\n|-unboost|p2a: Power Ranger|def|1\n|-unboost|p2a: Power Ranger|spd|1\n|move|p1a: Overslept|Dark Pulse|p2a: Power Ranger\n|-damage|p2a: Power Ranger|0 fnt\n|faint|p2a: Power Ranger\n|\n|upkeep\n|\n|t:|1700436765\n|switch|p2a: Link|Calyrex-Ice|100\/100\n|-ability|p2a: Link|As One\n|-ability|p2a: Link|Unnerve\n|turn|13\n|\n|t:|1700436780\n|move|p1a: Overslept|Dark Pulse|p2a: Link\n|-supereffective|p2a: Link\n|-damage|p2a: Link|16\/100\n|move|p2a: Link|Icicle Spear|p1a: Overslept\n|-supereffective|p1a: Overslept\n|-damage|p1a: Overslept|0 fnt\n|faint|p1a: Overslept\n|-ability|p2a: Link|Chilling Neigh|boost\n|-boost|p2a: Link|atk|1\n|-hitcount|p1: Overslept|1\n|\n|-heal|p2a: Link|23\/100|[from] item: Leftovers\n|upkeep\n|\n|t:|1700436800\n|switch|p1a: Red Fish Blue Fish|Gyarados, M, shiny|100\/100\n|-ability|p1a: Red Fish Blue Fish|Intimidate|boost\n|-unboost|p2a: Link|atk|1\n|turn|14\n|\n|t:|1700436808\n|detailschange|p1a: Red Fish Blue Fish|Gyarados-Mega, M, shiny\n|-mega|p1a: Red Fish Blue Fish|Gyarados|Gyaradosite\n|-ability|p1a: Red Fish Blue Fish|Mold Breaker\n|move|p1a: Red Fish Blue Fish|Crunch|p2a: Link\n|-supereffective|p2a: Link\n|-damage|p2a: Link|0 fnt\n|faint|p2a: Link\n|\n|win|AshenAraquanid\n|c|\u2606Zestrov|gg\n|c|\u2606AshenAraquanid|gg\n|l|\u2606Zestrov\n|l|\u2606AshenAraquanid\n","uploadtime":1700436828,"views":15,"p1id":"ashenaraquanid","p2id":"zestrov","formatid":"gen9nationaldexubers","rating":0,"private":0,"password":""}