{"id":"gen9nationaldexubers-1995519880","p1":"massivehumongous","p2":"Retter0608","format":"[Gen 9] National Dex Ubers","log":"|j|\u2606massivehumongous\n|j|\u2606Retter0608\n|t:|1700579311\n|gametype|singles\n|player|p1|massivehumongous|palmer|1361\n|player|p2|Retter0608|ingo|1277\n|teamsize|p1|6\n|teamsize|p2|6\n|gen|9\n|tier|[Gen 9] National Dex Ubers\n|rated|\n|rule|HP Percentage Mod: HP is shown in percentages\n|rule|Endless Battle Clause: Forcing endless battles is banned\n|rule|OHKO Clause: OHKO moves are banned\n|rule|Evasion Moves Clause: Evasion moves are banned\n|rule|Evasion Items Clause: Evasion items are banned\n|rule|Species Clause: Limit one of each Pok\u00e9mon\n|rule|Sleep Clause Mod: Limit one foe put to sleep\n|rule|Mega Rayquaza Clause: You cannot mega evolve Rayquaza\n|clearpoke\n|poke|p1|Necrozma-Dusk-Mane|\n|poke|p1|Ho-Oh|\n|poke|p1|Zacian-*|\n|poke|p1|Groudon|\n|poke|p1|Arceus-Ground|\n|poke|p1|Rayquaza|\n|poke|p2|Kyurem-Black|\n|poke|p2|Cloyster, M|\n|poke|p2|Ceruledge, M|\n|poke|p2|Yveltal|\n|poke|p2|Marshadow|\n|poke|p2|Scovillain, M|\n|teampreview\n|\n|t:|1700579324\n|start\n|switch|p1a: Necrozma|Necrozma-Dusk-Mane|100\/100\n|switch|p2a: Killed dinosaurs|Cloyster, M, shiny|100\/100\n|turn|1\n|c|\u2606Retter0608|I am getting win from [YOU]\n|c|\u2606Retter0608|and nothing can [stop] me\n|\n|t:|1700579338\n|move|p2a: Killed dinosaurs|Shell Smash|p2a: Killed dinosaurs\n|-unboost|p2a: Killed dinosaurs|def|1\n|-unboost|p2a: Killed dinosaurs|spd|1\n|-boost|p2a: Killed dinosaurs|atk|2\n|-boost|p2a: Killed dinosaurs|spa|2\n|-boost|p2a: Killed dinosaurs|spe|2\n|move|p1a: Necrozma|Stealth Rock|p2a: Killed dinosaurs\n|-sidestart|p2: Retter0608|move: Stealth Rock\n|\n|upkeep\n|turn|2\n|\n|t:|1700579352\n|move|p2a: Killed dinosaurs|Hydro Pump|p1a: Necrozma|[miss]\n|-miss|p2a: Killed dinosaurs|p1a: Necrozma\n|move|p1a: Necrozma|Sunsteel Strike|p2a: Killed dinosaurs\n|-damage|p2a: Killed dinosaurs|39\/100\n|\n|upkeep\n|turn|3\n|\n|t:|1700579359\n|move|p2a: Killed dinosaurs|Hydro Pump|p1a: Necrozma\n|-damage|p1a: Necrozma|48\/100\n|move|p1a: Necrozma|Sunsteel Strike|p2a: Killed dinosaurs\n|-damage|p2a: Killed dinosaurs|0 fnt\n|faint|p2a: Killed dinosaurs\n|\n|upkeep\n|\n|t:|1700579367\n|switch|p2a: But im too hot!|Ceruledge, M, shiny|100\/100\n|-damage|p2a: But im too hot!|75\/100|[from] Stealth Rock\n|turn|4\n|\n|t:|1700579371\n|-terastallize|p2a: But im too hot!|Fire\n|move|p2a: But im too hot!|Bitter Blade|p1a: Necrozma\n|-supereffective|p1a: Necrozma\n|-damage|p1a: Necrozma|1\/100\n|-heal|p2a: But im too hot!|100\/100|[from] drain|[of] p1a: Necrozma\n|-damage|p2a: But im too hot!|84\/100|[from] item: Rocky Helmet|[of] p1a: Necrozma\n|move|p1a: Necrozma|Knock Off|p2a: But im too hot!\n|-damage|p2a: But im too hot!|39\/100\n|-ability|p2a: But im too hot!|Weak Armor|boost\n|-unboost|p2a: But im too hot!|def|1\n|-boost|p2a: But im too hot!|spe|2\n|-enditem|p2a: But im too hot!|Focus Sash|[from] move: Knock Off|[of] p1a: Necrozma\n|\n|upkeep\n|turn|5\n|\n|t:|1700579385\n|move|p2a: But im too hot!|Iron Head|p1a: Necrozma\n|-resisted|p1a: Necrozma\n|-damage|p1a: Necrozma|0 fnt\n|-damage|p2a: But im too hot!|22\/100|[from] item: Rocky Helmet|[of] p1a: Necrozma\n|faint|p1a: Necrozma\n|\n|upkeep\n|\n|t:|1700579388\n|switch|p1a: Arceus|Arceus-Ground|100\/100\n|turn|6\n|\n|t:|1700579392\n|move|p1a: Arceus|Extreme Speed|p2a: But im too hot!\n|-damage|p2a: But im too hot!|0 fnt\n|faint|p2a: But im too hot!\n|\n|upkeep\n|\n|t:|1700579399\n|switch|p2a: You are so small|Scovillain, M|100\/100\n|-damage|p2a: You are so small|75\/100|[from] Stealth Rock\n|turn|7\n|c|\u2606Retter0608|Are you enjoying my [heart attack]\n|\n|t:|1700579415\n|move|p1a: Arceus|Earthquake|p2a: You are so small\n|-damage|p2a: You are so small|0 fnt\n|faint|p2a: You are so small\n|\n|upkeep\n|\n|t:|1700579419\n|switch|p2a: BIG SHOT|Kyurem-Black, shiny|100\/100\n|-damage|p2a: BIG SHOT|75\/100|[from] Stealth Rock\n|-ability|p2a: BIG SHOT|Teravolt\n|turn|8\n|\n|t:|1700579428\n|-terastallize|p1a: Arceus|Ground\n|move|p1a: Arceus|Earthquake|p2a: BIG SHOT\n|-damage|p2a: BIG SHOT|0 fnt\n|faint|p2a: BIG SHOT\n|\n|upkeep\n|c|\u2606Retter0608|go get better team that isnt that everyone use. KID lol wanted to say that\n|-message|Retter0608 forfeited.\n|\n|win|massivehumongous\n|raw|massivehumongous's rating: 1361 &rarr; <strong>1376<\/strong><br \/>(+15 for winning)\n|raw|Retter0608's rating: 1277 &rarr; <strong>1258<\/strong><br \/>(-19 for losing)\n|l|\u2606Retter0608\n|c|\u2606massivehumongous|LMAOOOOOOOOOOOOOOOOOOOOOOOOOO\n","uploadtime":1700579479,"views":0,"p1id":"massivehumongous","p2id":"retter0608","formatid":"gen9nationaldexubers","rating":1258,"private":0,"password":""}