{"id":"gen9nationaldexubers-2000637411","p1":"cbreezy222","p2":"thattomattguy","format":"[Gen 9] National Dex Ubers","log":"|j|\u2606cbreezy222\n|j|\u2606thattomattguy\n|t:|1701213129\n|gametype|singles\n|player|p1|cbreezy222|2|1219\n|player|p2|thattomattguy|pokemonrangerf|1314\n|teamsize|p1|6\n|teamsize|p2|6\n|gen|9\n|tier|[Gen 9] National Dex Ubers\n|rated|\n|rule|HP Percentage Mod: HP is shown in percentages\n|rule|Endless Battle Clause: Forcing endless battles is banned\n|rule|OHKO Clause: OHKO moves are banned\n|rule|Evasion Moves Clause: Evasion moves are banned\n|rule|Evasion Items Clause: Evasion items are banned\n|rule|Species Clause: Limit one of each Pok\u00e9mon\n|rule|Sleep Clause Mod: Limit one foe put to sleep\n|rule|Mega Rayquaza Clause: You cannot mega evolve Rayquaza\n|clearpoke\n|poke|p1|Darkrai|\n|poke|p1|Sylveon, F|\n|poke|p1|Gliscor, F|\n|poke|p1|Rayquaza|\n|poke|p1|Volcarona, F|\n|poke|p1|Basculegion, M|\n|poke|p2|Ho-Oh|\n|poke|p2|Gengar, M|\n|poke|p2|Heatran, M|\n|poke|p2|Hatterene, F|\n|poke|p2|Scizor, M|\n|poke|p2|Darmanitan-Galar, F|\n|teampreview\n|\n|t:|1701213136\n|start\n|switch|p1a: Gliscor|Gliscor, F|100\/100\n|switch|p2a: Darmanitan|Darmanitan-Galar, F|100\/100\n|turn|1\n|\n|t:|1701213145\n|switch|p1a: Volcarona|Volcarona, F|100\/100\n|move|p2a: Darmanitan|U-turn|p1a: Volcarona\n|-resisted|p1a: Volcarona\n|-damage|p1a: Volcarona|77\/100\n|inactive|Battle timer is ON: inactive players will automatically lose when time's up. (requested by cbreezy222)\n|\n|t:|1701213174\n|switch|p2a: Ho-Oh|Ho-Oh, shiny|100\/100|[from] U-turn\n|\n|upkeep\n|turn|2\n|\n|t:|1701213179\n|move|p1a: Volcarona|Quiver Dance|p1a: Volcarona\n|-boost|p1a: Volcarona|spa|1\n|-boost|p1a: Volcarona|spd|1\n|-boost|p1a: Volcarona|spe|1\n|move|p2a: Ho-Oh|Thunder Wave|p1a: Volcarona\n|-status|p1a: Volcarona|par\n|\n|upkeep\n|turn|3\n|\n|t:|1701213189\n|move|p2a: Ho-Oh|Whirlwind|p1a: Volcarona\n|drag|p1a: Basculegion|Basculegion, M|100\/100\n|\n|upkeep\n|turn|4\n|\n|t:|1701213200\n|switch|p2a: Scizor|Scizor, M|100\/100\n|move|p1a: Basculegion|Rain Dance|p1a: Basculegion\n|-weather|RainDance\n|\n|-weather|RainDance|[upkeep]\n|upkeep\n|turn|5\n|\n|t:|1701213212\n|switch|p1a: Gliscor|Gliscor, F|100\/100\n|move|p2a: Scizor|Knock Off|p1a: Gliscor\n|-damage|p1a: Gliscor|75\/100\n|-enditem|p1a: Gliscor|Toxic Orb|[from] move: Knock Off|[of] p2a: Scizor\n|\n|-weather|RainDance|[upkeep]\n|upkeep\n|turn|6\n|\n|t:|1701213224\n|move|p1a: Gliscor|Earthquake|p2a: Scizor\n|-damage|p2a: Scizor|63\/100\n|move|p2a: Scizor|U-turn|p1a: Gliscor\n|-resisted|p1a: Gliscor\n|-damage|p1a: Gliscor|61\/100\n|inactive|thattomattguy has 120 seconds left.\n|\n|t:|1701213253\n|switch|p2a: Darmanitan|Darmanitan-Galar, F|100\/100|[from] U-turn\n|\n|-weather|RainDance|[upkeep]\n|upkeep\n|turn|7\n|\n|t:|1701213260\n|switch|p1a: Volcarona|Volcarona, F|77\/100 par\n|move|p2a: Darmanitan|Icicle Crash|p1a: Volcarona\n|-resisted|p1a: Volcarona\n|-damage|p1a: Volcarona|30\/100 par\n|\n|-weather|RainDance|[upkeep]\n|upkeep\n|turn|8\n|\n|t:|1701213267\n|move|p2a: Darmanitan|Icicle Crash|p1a: Volcarona\n|-resisted|p1a: Volcarona\n|-damage|p1a: Volcarona|0 fnt\n|faint|p1a: Volcarona\n|\n|-weather|none\n|upkeep\n|\n|t:|1701213272\n|switch|p1a: Basculegion|Basculegion, M|100\/100\n|turn|9\n|inactive|thattomattguy has 120 seconds left.\n|\n|t:|1701213300\n|switch|p2a: Scizor|Scizor, M|63\/100\n|move|p1a: Basculegion|Tail Whip|p2a: Scizor\n|-unboost|p2a: Scizor|def|1\n|\n|upkeep\n|turn|10\n|inactive|thattomattguy has 120 seconds left.\n|\n|t:|1701213312\n|switch|p1a: Gliscor|Gliscor, F|61\/100\n|move|p2a: Scizor|U-turn|p1a: Gliscor\n|-resisted|p1a: Gliscor\n|-damage|p1a: Gliscor|47\/100\n|inactive|thattomattguy has 120 seconds left.\n|\n|t:|1701213330\n|switch|p2a: Ho-Oh|Ho-Oh, shiny|100\/100|[from] U-turn\n|\n|upkeep\n|turn|11\n|\n|t:|1701213338\n|move|p1a: Gliscor|Crabhammer|p2a: Ho-Oh\n|-supereffective|p2a: Ho-Oh\n|-damage|p2a: Ho-Oh|65\/100\n|move|p2a: Ho-Oh|Sacred Fire|p1a: Gliscor\n|-damage|p1a: Gliscor|10\/100\n|\n|upkeep\n|turn|12\n|inactive|thattomattguy has 120 seconds left.\n|\n|t:|1701213357\n|switch|p2a: Scizor|Scizor, M|63\/100\n|move|p1a: Gliscor|Crabhammer|p2a: Scizor\n|-damage|p2a: Scizor|40\/100\n|\n|upkeep\n|turn|13\n|inactive|thattomattguy has 120 seconds left.\n|\n|t:|1701213364\n|move|p2a: Scizor|Bullet Punch|p1a: Gliscor\n|-damage|p1a: Gliscor|0 fnt\n|faint|p1a: Gliscor\n|\n|upkeep\n|\n|t:|1701213370\n|switch|p1a: Basculegion|Basculegion, M|100\/100\n|turn|14\n|\n|t:|1701213379\n|move|p1a: Basculegion|Chilling Water|p2a: Scizor\n|-damage|p2a: Scizor|26\/100\n|-unboost|p2a: Scizor|atk|1\n|move|p2a: Scizor|Knock Off|p1a: Basculegion\n|-supereffective|p1a: Basculegion\n|-damage|p1a: Basculegion|51\/100\n|-enditem|p1a: Basculegion|Choice Scarf|[from] move: Knock Off|[of] p2a: Scizor\n|\n|upkeep\n|turn|15\n|\n|t:|1701213393\n|switch|p1a: Darkrai|Darkrai|100\/100\n|move|p2a: Scizor|U-turn|p1a: Darkrai\n|-supereffective|p1a: Darkrai\n|-damage|p1a: Darkrai|55\/100\n|\n|t:|1701213399\n|switch|p2a: Darmanitan|Darmanitan-Galar, F|100\/100|[from] U-turn\n|\n|-heal|p1a: Darkrai|61\/100|[from] item: Leftovers\n|upkeep\n|turn|16\n|\n|t:|1701213404\n|move|p2a: Darmanitan|U-turn|p1a: Darkrai\n|-supereffective|p1a: Darkrai\n|-crit|p1a: Darkrai\n|-damage|p1a: Darkrai|0 fnt\n|faint|p1a: Darkrai\n|\n|t:|1701213411\n|switch|p2a: Gengar|Gengar, M|100\/100|[from] U-turn\n|\n|upkeep\n|\n|t:|1701213416\n|switch|p1a: Rayquaza|Rayquaza|100\/100\n|-ability|p1a: Rayquaza|Air Lock\n|turn|17\n|\n|t:|1701213422\n|move|p2a: Gengar|Will-O-Wisp|p1a: Rayquaza\n|-status|p1a: Rayquaza|brn\n|move|p1a: Rayquaza|Dragon Dance|p1a: Rayquaza\n|-boost|p1a: Rayquaza|atk|1\n|-boost|p1a: Rayquaza|spe|1\n|\n|-damage|p1a: Rayquaza|94\/100 brn|[from] brn\n|upkeep\n|turn|18\n|-message|cbreezy222 forfeited.\n|\n|win|thattomattguy\n|raw|cbreezy222's rating: 1219 &rarr; <strong>1201<\/strong><br \/>(-18 for losing)\n|raw|thattomattguy's rating: 1314 &rarr; <strong>1329<\/strong><br \/>(+15 for winning)\n|l|\u2606cbreezy222\n","uploadtime":1701213439,"views":10,"p1id":"cbreezy222","p2id":"thattomattguy","formatid":"gen9nationaldexubers","rating":1201,"private":0,"password":""}