{"id":"gen9nationaldexubers-1990201080","p1":"Blanca_Rosa","p2":"I AM BATMAN 2006","format":"[Gen 9] National Dex Ubers","log":"|j|\u2606Blanca_Rosa\n|j|\u2606I AM BATMAN 2006\n|t:|1699936517\n|gametype|singles\n|player|p1|Blanca_Rosa|rosa|\n|player|p2|I AM BATMAN 2006|veteran|\n|teamsize|p1|6\n|teamsize|p2|6\n|gen|9\n|tier|[Gen 9] National Dex Ubers\n|rule|HP Percentage Mod: HP is shown in percentages\n|rule|Endless Battle Clause: Forcing endless battles is banned\n|rule|OHKO Clause: OHKO moves are banned\n|rule|Evasion Moves Clause: Evasion moves are banned\n|rule|Evasion Items Clause: Evasion items are banned\n|rule|Species Clause: Limit one of each Pok\u00e9mon\n|rule|Sleep Clause Mod: Limit one foe put to sleep\n|rule|Mega Rayquaza Clause: You cannot mega evolve Rayquaza\n|clearpoke\n|poke|p1|Charizard, M|\n|poke|p1|Lucario, M|\n|poke|p1|Garchomp, M|\n|poke|p1|Gardevoir, F|\n|poke|p1|Greninja-*, M|\n|poke|p1|Luxray, M|\n|poke|p2|Dragapult, M|\n|poke|p2|Ceruledge, M|\n|poke|p2|Chandelure, M|\n|poke|p2|Gengar, M|\n|poke|p2|Basculegion-F, F|\n|poke|p2|Mimikyu, M|\n|teampreview\n|\n|t:|1699936528\n|start\n|switch|p1a: Rayo de luz|Luxray, M|100\/100\n|switch|p2a: Ceruledge|Ceruledge, M, shiny|100\/100\n|-ability|p1a: Rayo de luz|Intimidate|boost\n|-unboost|p2a: Ceruledge|atk|1\n|turn|1\n|\n|t:|1699936555\n|move|p2a: Ceruledge|Fire Blast|p1a: Rayo de luz\n|-damage|p1a: Rayo de luz|65\/100\n|move|p1a: Rayo de luz|Crunch|p2a: Ceruledge\n|-supereffective|p2a: Ceruledge\n|-damage|p2a: Ceruledge|38\/100\n|\n|-heal|p2a: Ceruledge|44\/100|[from] item: Leftovers\n|-heal|p1a: Rayo de luz|71\/100|[from] item: Leftovers\n|upkeep\n|turn|2\n|\n|t:|1699936570\n|move|p2a: Ceruledge|Dragon Claw|p1a: Rayo de luz\n|-damage|p1a: Rayo de luz|51\/100\n|move|p1a: Rayo de luz|Crunch|p2a: Ceruledge\n|-supereffective|p2a: Ceruledge\n|-damage|p2a: Ceruledge|0 fnt\n|faint|p2a: Ceruledge\n|\n|-heal|p1a: Rayo de luz|57\/100|[from] item: Leftovers\n|upkeep\n|\n|t:|1699936586\n|switch|p2a: Mimikyu|Mimikyu, M, shiny|100\/100\n|turn|3\n|\n|t:|1699936603\n|move|p2a: Mimikyu|Draining Kiss|p1a: Rayo de luz\n|-damage|p1a: Rayo de luz|42\/100\n|move|p1a: Rayo de luz|Volt Switch|p2a: Mimikyu\n|-activate|p2a: Mimikyu|ability: Disguise\n|-damage|p2a: Mimikyu|100\/100\n|detailschange|p2a: Mimikyu|Mimikyu-Busted, M, shiny\n|-damage|p2a: Mimikyu|88\/100|[from] pokemon: Mimikyu-Busted\n|\n|t:|1699936613\n|switch|p1a: Mapache Man|Lucario, M|100\/100|[from] Volt Switch\n|\n|upkeep\n|turn|4\n|\n|t:|1699936628\n|switch|p2a: Dragapult|Dragapult, M, shiny|100\/100\n|move|p1a: Mapache Man|Meteor Mash|p2a: Dragapult\n|-damage|p2a: Dragapult|32\/100\n|-damage|p1a: Mapache Man|91\/100|[from] item: Life Orb\n|\n|upkeep\n|turn|5\n|\n|t:|1699936647\n|move|p2a: Dragapult|Dragon Claw|p1a: Mapache Man\n|-resisted|p1a: Mapache Man\n|-damage|p1a: Mapache Man|65\/100\n|move|p1a: Mapache Man|Meteor Mash|p2a: Dragapult\n|-damage|p2a: Dragapult|0 fnt\n|faint|p2a: Dragapult\n|-damage|p1a: Mapache Man|55\/100|[from] item: Life Orb\n|\n|upkeep\n|\n|t:|1699936661\n|switch|p2a: Gengar|Gengar, M|100\/100\n|turn|6\n|\n|t:|1699936674\n|-terastallize|p2a: Gengar|Ghost\n|move|p1a: Mapache Man|Swords Dance|p1a: Mapache Man\n|-boost|p1a: Mapache Man|atk|2\n|move|p2a: Gengar|Destiny Bond|p2a: Gengar\n|-singlemove|p2a: Gengar|Destiny Bond\n|\n|upkeep\n|turn|7\n|\n|t:|1699936686\n|move|p1a: Mapache Man|Swords Dance|p1a: Mapache Man\n|-boost|p1a: Mapache Man|atk|2\n|move|p2a: Gengar|Curse|p1a: Mapache Man\n|-start|p1a: Mapache Man|Curse|[of] p2a: Gengar\n|-damage|p2a: Gengar|51\/100\n|\n|-damage|p1a: Mapache Man|30\/100|[from] Curse\n|upkeep\n|turn|8\n|\n|t:|1699936698\n|move|p1a: Mapache Man|Meteor Mash|p2a: Gengar\n|-damage|p2a: Gengar|0 fnt\n|faint|p2a: Gengar\n|-damage|p1a: Mapache Man|20\/100|[from] item: Life Orb\n|\n|-damage|p1a: Mapache Man|0 fnt|[from] Curse\n|faint|p1a: Mapache Man\n|upkeep\n|\n|t:|1699936717\n|switch|p1a: Saponinja|Greninja, M|100\/100\n|switch|p2a: Chandelure|Chandelure, M, shiny|100\/100\n|turn|9\n|\n|t:|1699936728\n|move|p1a: Saponinja|Dark Pulse|p2a: Chandelure\n|-start|p1a: Saponinja|typechange|Dark|[from] ability: Protean\n|-supereffective|p2a: Chandelure\n|-damage|p2a: Chandelure|16\/100\n|move|p2a: Chandelure|Curse|p1a: Saponinja\n|-start|p1a: Saponinja|Curse|[of] p2a: Chandelure\n|-damage|p2a: Chandelure|0 fnt\n|faint|p2a: Chandelure\n|\n|-damage|p1a: Saponinja|76\/100|[from] Curse\n|upkeep\n|\n|t:|1699936744\n|switch|p2a: Mimikyu|Mimikyu-Busted, M, shiny|88\/100\n|turn|10\n|\n|t:|1699936751\n|move|p1a: Saponinja|Gunk Shot|p2a: Mimikyu\n|-damage|p2a: Mimikyu|53\/100\n|-status|p2a: Mimikyu|psn\n|move|p2a: Mimikyu|Draining Kiss|p1a: Saponinja\n|-supereffective|p1a: Saponinja\n|-damage|p1a: Saponinja|42\/100\n|-heal|p2a: Mimikyu|80\/100 psn|[from] drain|[of] p1a: Saponinja\n|\n|-heal|p1a: Saponinja|48\/100|[from] item: Leftovers\n|-damage|p2a: Mimikyu|67\/100 psn|[from] psn\n|-damage|p1a: Saponinja|23\/100|[from] Curse\n|upkeep\n|turn|11\n|\n|t:|1699936767\n|move|p1a: Saponinja|Gunk Shot|p2a: Mimikyu|[miss]\n|-miss|p1a: Saponinja|p2a: Mimikyu\n|move|p2a: Mimikyu|Draining Kiss|p1a: Saponinja\n|-supereffective|p1a: Saponinja\n|-damage|p1a: Saponinja|0 fnt\n|-heal|p2a: Mimikyu|85\/100 psn|[from] drain|[of] p1a: Saponinja\n|faint|p1a: Saponinja\n|\n|-damage|p2a: Mimikyu|72\/100 psn|[from] psn\n|upkeep\n|\n|t:|1699936789\n|switch|p1a: Ghithy Red|Charizard, M|100\/100\n|turn|12\n|\n|t:|1699936801\n|move|p1a: Ghithy Red|Air Slash|p2a: Mimikyu\n|-damage|p2a: Mimikyu|34\/100 psn\n|move|p2a: Mimikyu|Draining Kiss|p1a: Ghithy Red\n|-resisted|p1a: Ghithy Red\n|-damage|p1a: Ghithy Red|93\/100\n|-heal|p2a: Mimikyu|40\/100 psn|[from] drain|[of] p1a: Ghithy Red\n|\n|-damage|p2a: Mimikyu|28\/100 psn|[from] psn\n|upkeep\n|turn|13\n|\n|t:|1699936817\n|move|p1a: Ghithy Red|Air Slash|p2a: Mimikyu\n|-crit|p2a: Mimikyu\n|-damage|p2a: Mimikyu|0 fnt\n|faint|p2a: Mimikyu\n|\n|upkeep\n|\n|t:|1699936822\n|switch|p2a: Basculegion|Basculegion-F, F, shiny|100\/100\n|turn|14\n|\n|t:|1699936834\n|move|p1a: Ghithy Red|Air Slash|p2a: Basculegion\n|-damage|p2a: Basculegion|66\/100\n|move|p2a: Basculegion|Ice Fang|p1a: Ghithy Red\n|-damage|p1a: Ghithy Red|70\/100\n|\n|upkeep\n|turn|15\n|\n|t:|1699936843\n|move|p1a: Ghithy Red|Air Slash|p2a: Basculegion\n|-damage|p2a: Basculegion|34\/100\n|move|p2a: Basculegion|Ice Fang|p1a: Ghithy Red\n|-damage|p1a: Ghithy Red|46\/100\n|\n|upkeep\n|turn|16\n|\n|t:|1699936853\n|move|p1a: Ghithy Red|Air Slash|p2a: Basculegion\n|-damage|p2a: Basculegion|0 fnt\n|faint|p2a: Basculegion\n|\n|win|Blanca_Rosa\n","uploadtime":1699936879,"views":10,"p1id":"blancarosa","p2id":"iambatman2006","formatid":"gen9nationaldexubers","rating":0,"private":0,"password":""}