{"id":"gen9nationaldexubers-1994391912","p1":"Sing & Play","p2":"Kingnedo","format":"[Gen 9] National Dex Ubers","log":"|j|\u2606Sing & Play\n|j|\u2606Kingnedo\n|t:|1700438633\n|gametype|singles\n|player|p1|Sing & Play|veteranf|1110\n|player|p2|Kingnedo|n|1159\n|teamsize|p1|6\n|teamsize|p2|6\n|gen|9\n|tier|[Gen 9] National Dex Ubers\n|rated|\n|rule|HP Percentage Mod: HP is shown in percentages\n|rule|Endless Battle Clause: Forcing endless battles is banned\n|rule|OHKO Clause: OHKO moves are banned\n|rule|Evasion Moves Clause: Evasion moves are banned\n|rule|Evasion Items Clause: Evasion items are banned\n|rule|Species Clause: Limit one of each Pok\u00e9mon\n|rule|Sleep Clause Mod: Limit one foe put to sleep\n|rule|Mega Rayquaza Clause: You cannot mega evolve Rayquaza\n|clearpoke\n|poke|p1|Hawlucha, F|\n|poke|p1|Clefable, F|\n|poke|p1|Amoonguss, F|\n|poke|p1|Chandelure, M|\n|poke|p1|Unfezant, F|\n|poke|p1|Seismitoad, F|\n|poke|p2|Magearna|\n|poke|p2|Cloyster, F|\n|poke|p2|Buzzwole|\n|poke|p2|Zapdos|\n|poke|p2|Zarude-Dada|\n|poke|p2|Steelix, M|\n|teampreview\n|\n|t:|1700438675\n|start\n|switch|p1a: Seismitoad|Seismitoad, F|100\/100\n|switch|p2a: Waffle|Cloyster, F, shiny|100\/100\n|turn|1\n|\n|t:|1700438688\n|move|p2a: Waffle|Shell Smash|p2a: Waffle\n|-unboost|p2a: Waffle|def|1\n|-unboost|p2a: Waffle|spd|1\n|-boost|p2a: Waffle|atk|2\n|-boost|p2a: Waffle|spa|2\n|-boost|p2a: Waffle|spe|2\n|move|p1a: Seismitoad|Earthquake|p2a: Waffle\n|-damage|p2a: Waffle|64\/100\n|\n|upkeep\n|turn|2\n|inactive|Battle timer is ON: inactive players will automatically lose when time's up. (requested by Sing & Play)\n|\n|t:|1700438722\n|move|p2a: Waffle|Icicle Spear|p1a: Seismitoad\n|-damage|p1a: Seismitoad|83\/100\n|-damage|p1a: Seismitoad|65\/100\n|-damage|p1a: Seismitoad|49\/100\n|-enditem|p1a: Seismitoad|Sitrus Berry|[eat]\n|-heal|p1a: Seismitoad|73\/100|[from] item: Sitrus Berry\n|-damage|p1a: Seismitoad|58\/100\n|-damage|p1a: Seismitoad|41\/100\n|-hitcount|p1a: Seismitoad|5\n|move|p1a: Seismitoad|Toxic|p2a: Waffle\n|-status|p2a: Waffle|tox\n|\n|-damage|p2a: Waffle|58\/100 tox|[from] psn\n|upkeep\n|turn|3\n|inactive|Sing & Play has 120 seconds left.\n|\n|t:|1700438752\n|move|p2a: Waffle|Icicle Spear|p1a: Seismitoad\n|-damage|p1a: Seismitoad|24\/100\n|-damage|p1a: Seismitoad|8\/100\n|-damage|p1a: Seismitoad|0 fnt\n|faint|p1a: Seismitoad\n|-hitcount|p1: Seismitoad|3\n|\n|-damage|p2a: Waffle|46\/100 tox|[from] psn\n|upkeep\n|inactive|Sing & Play has 120 seconds left.\n|\n|t:|1700438782\n|switch|p1a: Clefable|Clefable, F|100\/100\n|turn|4\n|\n|t:|1700438799\n|move|p1a: Clefable|Protect|p1a: Clefable\n|-singleturn|p1a: Clefable|Protect\n|move|p2a: Waffle|Icicle Spear|p1a: Clefable\n|-activate|p1a: Clefable|move: Protect\n|\n|-damage|p2a: Waffle|29\/100 tox|[from] psn\n|upkeep\n|turn|5\n|\n|t:|1700438815\n|-terastallize|p1a: Clefable|Steel\n|move|p2a: Waffle|Icicle Spear|p1a: Clefable\n|-resisted|p1a: Clefable\n|-damage|p1a: Clefable|87\/100\n|-resisted|p1a: Clefable\n|-damage|p1a: Clefable|75\/100\n|-resisted|p1a: Clefable\n|-damage|p1a: Clefable|63\/100\n|-resisted|p1a: Clefable\n|-damage|p1a: Clefable|49\/100\n|-resisted|p1a: Clefable\n|-damage|p1a: Clefable|35\/100\n|-hitcount|p1a: Clefable|5\n|move|p1a: Clefable|Wish|p1a: Clefable\n|\n|-heal|p1a: Clefable|41\/100|[from] item: Leftovers\n|-damage|p2a: Waffle|5\/100 tox|[from] psn\n|upkeep\n|turn|6\n|\n|t:|1700438831\n|move|p1a: Clefable|Protect|p1a: Clefable\n|-singleturn|p1a: Clefable|Protect\n|move|p2a: Waffle|Icicle Spear|p1a: Clefable\n|-activate|p1a: Clefable|move: Protect\n|\n|-heal|p1a: Clefable|91\/100|[from] move: Wish|[wisher] Clefable\n|-heal|p1a: Clefable|97\/100|[from] item: Leftovers\n|-damage|p2a: Waffle|0 fnt|[from] psn\n|faint|p2a: Waffle\n|upkeep\n|\n|t:|1700438840\n|switch|p2a: Hastati|Buzzwole, shiny|100\/100\n|turn|7\n|\n|t:|1700438849\n|switch|p1a: Amoonguss|Amoonguss, F|100\/100\n|move|p2a: Hastati|Earthquake|p1a: Amoonguss\n|-damage|p1a: Amoonguss|61\/100\n|\n|-heal|p1a: Amoonguss|67\/100|[from] item: Leftovers\n|upkeep\n|turn|8\n|inactive|Sing & Play has 120 seconds left.\n|\n|t:|1700438858\n|switch|p2a: Aunt Fanny|Magearna|100\/100\n|move|p1a: Amoonguss|Spore|p2a: Aunt Fanny\n|-status|p2a: Aunt Fanny|slp|[from] move: Spore\n|\n|-heal|p1a: Amoonguss|73\/100|[from] item: Leftovers\n|upkeep\n|turn|9\n|inactive|Sing & Play has 120 seconds left.\n|inactive|Kingnedo has 120 seconds left.\n|\n|t:|1700438893\n|switch|p1a: Chandelure|Chandelure, M|100\/100\n|cant|p2a: Aunt Fanny|slp\n|\n|upkeep\n|turn|10\n|\n|t:|1700438900\n|switch|p2a: Big Bird|Zapdos, shiny|100\/100\n|move|p1a: Chandelure|Substitute|p1a: Chandelure\n|-start|p1a: Chandelure|Substitute\n|-damage|p1a: Chandelure|76\/100\n|\n|upkeep\n|turn|11\n|\n|t:|1700438911\n|move|p1a: Chandelure|Flamethrower|p2a: Big Bird\n|-damage|p2a: Big Bird|64\/100\n|move|p2a: Big Bird|Discharge|p1a: Chandelure\n|-end|p1a: Chandelure|Substitute\n|\n|upkeep\n|turn|12\n|\n|t:|1700438920\n|switch|p1a: Amoonguss|Amoonguss, F|73\/100\n|move|p2a: Big Bird|Discharge|p1a: Amoonguss\n|-resisted|p1a: Amoonguss\n|-damage|p1a: Amoonguss|57\/100\n|\n|-heal|p1a: Amoonguss|63\/100|[from] item: Leftovers\n|upkeep\n|turn|13\n|inactive|Sing & Play has 120 seconds left.\n|\n|t:|1700438932\n|switch|p1a: Clefable|Clefable, F, tera:Steel|97\/100\n|move|p2a: Big Bird|U-turn|p1a: Clefable\n|-resisted|p1a: Clefable\n|-damage|p1a: Clefable|89\/100\n|\n|t:|1700438939\n|switch|p2a: Hastati|Buzzwole, shiny|100\/100|[from] U-turn\n|\n|-heal|p1a: Clefable|95\/100|[from] item: Leftovers\n|upkeep\n|turn|14\n|inactive|Sing & Play has 120 seconds left.\n|\n|t:|1700438975\n|switch|p1a: Hawlucha|Hawlucha, F|100\/100\n|-ability|p1a: Hawlucha|Mold Breaker\n|move|p2a: Hastati|Close Combat|p1a: Hawlucha\n|-resisted|p1a: Hawlucha\n|-damage|p1a: Hawlucha|17\/100\n|-unboost|p2a: Hastati|def|1\n|-unboost|p2a: Hastati|spd|1\n|\n|upkeep\n|turn|15\n|\n|t:|1700438989\n|switch|p2a: Iron Giant|Steelix, M|100\/100\n|move|p1a: Hawlucha|Dual Wingbeat|p2a: Iron Giant\n|-resisted|p2a: Iron Giant\n|-damage|p2a: Iron Giant|96\/100\n|-resisted|p2a: Iron Giant\n|-damage|p2a: Iron Giant|92\/100\n|-hitcount|p2a: Iron Giant|2\n|\n|-heal|p2a: Iron Giant|98\/100|[from] item: Leftovers\n|upkeep\n|turn|16\n|inactive|Sing & Play has 90 seconds left.\n|\n|t:|1700439013\n|move|p1a: Hawlucha|Drain Punch|p2a: Iron Giant\n|-supereffective|p2a: Iron Giant\n|-damage|p2a: Iron Giant|69\/100\n|-heal|p1a: Hawlucha|34\/100|[from] drain|[of] p2a: Iron Giant\n|move|p2a: Iron Giant|Stealth Rock|p1a: Hawlucha\n|-sidestart|p1: Sing & Play|move: Stealth Rock\n|\n|-heal|p2a: Iron Giant|75\/100|[from] item: Leftovers\n|upkeep\n|turn|17\n|inactive|Sing & Play has 90 seconds left.\n|\n|t:|1700439021\n|switch|p2a: Big Bird|Zapdos, shiny|64\/100\n|move|p1a: Hawlucha|Drain Punch|p2a: Big Bird\n|-resisted|p2a: Big Bird\n|-damage|p2a: Big Bird|48\/100\n|-heal|p1a: Hawlucha|45\/100|[from] drain|[of] p2a: Big Bird\n|\n|upkeep\n|turn|18\n|inactive|Sing & Play has 90 seconds left.\n|\n|t:|1700439059\n|switch|p1a: Clefable|Clefable, F, tera:Steel|95\/100\n|move|p2a: Big Bird|Roost|p2a: Big Bird\n|-heal|p2a: Big Bird|98\/100\n|-singleturn|p2a: Big Bird|move: Roost\n|\n|-heal|p1a: Clefable|100\/100|[from] item: Leftovers\n|upkeep\n|turn|19\n|\n|t:|1700439087\n|move|p2a: Big Bird|Discharge|p1a: Clefable\n|-damage|p1a: Clefable|78\/100\n|move|p1a: Clefable|Thunder Wave|p2a: Big Bird\n|-immune|p2a: Big Bird\n|\n|-heal|p1a: Clefable|84\/100|[from] item: Leftovers\n|upkeep\n|turn|20\n|\n|t:|1700439094\n|move|p2a: Big Bird|Discharge|p1a: Clefable\n|-damage|p1a: Clefable|62\/100\n|move|p1a: Clefable|Wish|p1a: Clefable\n|\n|-heal|p1a: Clefable|69\/100|[from] item: Leftovers\n|upkeep\n|turn|21\n|\n|t:|1700439101\n|move|p2a: Big Bird|Discharge|p1a: Clefable\n|-damage|p1a: Clefable|45\/100\n|-status|p1a: Clefable|par\n|move|p1a: Clefable|Moonblast|p2a: Big Bird\n|-damage|p2a: Big Bird|74\/100\n|-unboost|p2a: Big Bird|spa|1\n|\n|-heal|p1a: Clefable|95\/100 par|[from] move: Wish|[wisher] Clefable\n|-heal|p1a: Clefable|100\/100 par|[from] item: Leftovers\n|upkeep\n|turn|22\n|\n|t:|1700439115\n|move|p2a: Big Bird|Discharge|p1a: Clefable\n|-damage|p1a: Clefable|84\/100 par\n|cant|p1a: Clefable|par\n|\n|-heal|p1a: Clefable|90\/100 par|[from] item: Leftovers\n|upkeep\n|turn|23\n|\n|t:|1700439125\n|switch|p2a: Aunt Fanny|Magearna|100\/100 slp\n|cant|p1a: Clefable|par\n|\n|-heal|p1a: Clefable|96\/100 par|[from] item: Leftovers\n|upkeep\n|turn|24\n|\n|t:|1700439132\n|switch|p1a: Chandelure|Chandelure, M|76\/100\n|cant|p2a: Aunt Fanny|slp\n|\n|upkeep\n|turn|25\n|inactive|Sing & Play has 90 seconds left.\n|\n|t:|1700439140\n|switch|p2a: Big Bird|Zapdos, shiny|74\/100\n|move|p1a: Chandelure|Flamethrower|p2a: Big Bird\n|-damage|p2a: Big Bird|37\/100\n|\n|upkeep\n|turn|26\n|inactive|Sing & Play has 90 seconds left.\n|\n|t:|1700439150\n|move|p1a: Chandelure|Flamethrower|p2a: Big Bird\n|-damage|p2a: Big Bird|0 fnt\n|faint|p2a: Big Bird\n|\n|upkeep\n|\n|t:|1700439161\n|switch|p2a: Dusty|Zarude-Dada|100\/100\n|turn|27\n|inactive|Sing & Play has 90 seconds left.\n|\n|t:|1700439179\n|switch|p1a: Amoonguss|Amoonguss, F|63\/100\n|-damage|p1a: Amoonguss|50\/100|[from] Stealth Rock\n|move|p2a: Dusty|Darkest Lariat|p1a: Amoonguss\n|-damage|p1a: Amoonguss|21\/100\n|\n|-heal|p1a: Amoonguss|28\/100|[from] item: Leftovers\n|upkeep\n|turn|28\n|\n|t:|1700439188\n|move|p2a: Dusty|Darkest Lariat|p1a: Amoonguss\n|-damage|p1a: Amoonguss|0 fnt\n|faint|p1a: Amoonguss\n|\n|upkeep\n|\n|t:|1700439198\n|switch|p1a: Clefable|Clefable, F, tera:Steel|96\/100 par\n|turn|29\n|\n|t:|1700439204\n|switch|p2a: Hastati|Buzzwole, shiny|100\/100\n|move|p1a: Clefable|Wish|p1a: Clefable\n|\n|-heal|p1a: Clefable|100\/100 par|[from] item: Leftovers\n|upkeep\n|turn|30\n|\n|t:|1700439214\n|switch|p1a: Hawlucha|Hawlucha, F|45\/100\n|-damage|p1a: Hawlucha|32\/100|[from] Stealth Rock\n|-ability|p1a: Hawlucha|Mold Breaker\n|move|p2a: Hastati|Earthquake|p1a: Hawlucha\n|-immune|p1a: Hawlucha\n|\n|-heal|p1a: Hawlucha|98\/100|[from] move: Wish|[wisher] Clefable\n|upkeep\n|turn|31\n|\n|t:|1700439232\n|switch|p2a: Aunt Fanny|Magearna|100\/100 slp\n|move|p1a: Hawlucha|Dual Wingbeat|p2a: Aunt Fanny\n|-resisted|p2a: Aunt Fanny\n|-damage|p2a: Aunt Fanny|93\/100 slp\n|-resisted|p2a: Aunt Fanny\n|-damage|p2a: Aunt Fanny|85\/100 slp\n|-hitcount|p2a: Aunt Fanny|2\n|\n|upkeep\n|turn|32\n|inactive|Sing & Play has 90 seconds left.\n|\n|t:|1700439250\n|move|p1a: Hawlucha|Close Combat|p2a: Aunt Fanny\n|-damage|p2a: Aunt Fanny|40\/100 slp\n|-unboost|p1a: Hawlucha|def|1\n|-unboost|p1a: Hawlucha|spd|1\n|cant|p2a: Aunt Fanny|slp\n|\n|upkeep\n|turn|33\n|\n|t:|1700439259\n|move|p1a: Hawlucha|Close Combat|p2a: Aunt Fanny\n|-damage|p2a: Aunt Fanny|0 fnt\n|-unboost|p1a: Hawlucha|def|1\n|-unboost|p1a: Hawlucha|spd|1\n|faint|p2a: Aunt Fanny\n|\n|upkeep\n|\n|t:|1700439270\n|switch|p2a: Iron Giant|Steelix, M|75\/100\n|turn|34\n|inactive|Sing & Play has 90 seconds left.\n|\n|t:|1700439291\n|switch|p1a: Clefable|Clefable, F, tera:Steel|100\/100 par\n|move|p2a: Iron Giant|Body Press|p1a: Clefable\n|-supereffective|p1a: Clefable\n|-damage|p1a: Clefable|12\/100 par\n|\n|-heal|p2a: Iron Giant|81\/100|[from] item: Leftovers\n|-heal|p1a: Clefable|18\/100 par|[from] item: Leftovers\n|upkeep\n|turn|35\n|inactive|Sing & Play has 90 seconds left.\n|\n|t:|1700439307\n|cant|p1a: Clefable|par\n|move|p2a: Iron Giant|Body Press|p1a: Clefable\n|-supereffective|p1a: Clefable\n|-damage|p1a: Clefable|0 fnt\n|faint|p1a: Clefable\n|\n|-heal|p2a: Iron Giant|87\/100|[from] item: Leftovers\n|upkeep\n|\n|t:|1700439324\n|switch|p1a: Unfezant|Unfezant, F|100\/100\n|-damage|p1a: Unfezant|76\/100|[from] Stealth Rock\n|turn|36\n|\n|t:|1700439332\n|move|p1a: Unfezant|Heat Wave|p2a: Iron Giant\n|-supereffective|p2a: Iron Giant\n|-damage|p2a: Iron Giant|45\/100\n|move|p2a: Iron Giant|Heavy Slam|p1a: Unfezant\n|-damage|p1a: Unfezant|30\/100\n|\n|-heal|p2a: Iron Giant|51\/100|[from] item: Leftovers\n|upkeep\n|turn|37\n|\n|t:|1700439340\n|move|p1a: Unfezant|Heat Wave|p2a: Iron Giant\n|-supereffective|p2a: Iron Giant\n|-crit|p2a: Iron Giant\n|-damage|p2a: Iron Giant|0 fnt\n|faint|p2a: Iron Giant\n|\n|upkeep\n|\n|t:|1700439348\n|switch|p2a: Dusty|Zarude-Dada|100\/100\n|turn|38\n|inactive|Sing & Play has 90 seconds left.\n|\n|t:|1700439366\n|switch|p1a: Chandelure|Chandelure, M|76\/100\n|move|p2a: Dusty|Rock Slide|p1a: Chandelure|[miss]\n|-miss|p2a: Dusty|p1a: Chandelure\n|\n|upkeep\n|turn|39\n|inactive|Sing & Play has 90 seconds left.\n|\n|t:|1700439388\n|move|p2a: Dusty|Rock Slide|p1a: Chandelure|[miss]\n|-miss|p2a: Dusty|p1a: Chandelure\n|move|p1a: Chandelure|Flamethrower|p2a: Dusty\n|-supereffective|p2a: Dusty\n|-damage|p2a: Dusty|0 fnt\n|faint|p2a: Dusty\n|\n|upkeep\n|c|\u2606Kingnedo|ok\n|\n|t:|1700439395\n|switch|p2a: Hastati|Buzzwole, shiny|100\/100\n|turn|40\n|\n|t:|1700439407\n|-terastallize|p2a: Hastati|Ground\n|move|p1a: Chandelure|Flamethrower|p2a: Hastati\n|-damage|p2a: Hastati|33\/100\n|-status|p2a: Hastati|brn\n|move|p2a: Hastati|Ice Punch|p1a: Chandelure\n|-resisted|p1a: Chandelure\n|-crit|p1a: Chandelure\n|-damage|p1a: Chandelure|53\/100\n|\n|-damage|p2a: Hastati|27\/100 brn|[from] brn\n|upkeep\n|turn|41\n|c|\u2606Kingnedo|that miss mattered\n|-message|Kingnedo forfeited.\n|\n|win|Sing & Play\n|raw|Sing &amp; Play's rating: 1110 &rarr; <strong>1139<\/strong><br \/>(+29 for winning)\n|raw|Kingnedo's rating: 1159 &rarr; <strong>1130<\/strong><br \/>(-29 for losing)\n|l|\u2606Kingnedo\n","uploadtime":1700439428,"views":14,"p1id":"singplay","p2id":"kingnedo","formatid":"gen9nationaldexubers","rating":1130,"private":0,"password":""}