{"id":"gen9nationaldexubers-1985561138","p1":"axelzzz09","p2":"alcatel999","format":"[Gen 9] National Dex Ubers","log":"|j|\u2606axelzzz09\n|j|\u2606alcatel999\n|t:|1699384723\n|gametype|singles\n|player|p1|axelzzz09|lance|\n|player|p2|alcatel999|rocketgrunt|\n|teamsize|p1|6\n|teamsize|p2|6\n|gen|9\n|tier|[Gen 9] National Dex Ubers\n|rule|HP Percentage Mod: HP is shown in percentages\n|rule|Endless Battle Clause: Forcing endless battles is banned\n|rule|OHKO Clause: OHKO moves are banned\n|rule|Evasion Moves Clause: Evasion moves are banned\n|rule|Evasion Items Clause: Evasion items are banned\n|rule|Species Clause: Limit one of each Pok\u00e9mon\n|rule|Sleep Clause Mod: Limit one foe put to sleep\n|rule|Mega Rayquaza Clause: You cannot mega evolve Rayquaza\n|clearpoke\n|poke|p1|Garchomp, F|\n|poke|p1|Volcarona, F|\n|poke|p1|Ursaluna-Bloodmoon, M|\n|poke|p1|Ceruledge, F|\n|poke|p1|Sneasler, F|\n|poke|p1|Lucario, M|\n|poke|p2|Altaria, F|\n|poke|p2|Sylveon, F|\n|poke|p2|Clefable, M|\n|poke|p2|Azumarill, M|\n|poke|p2|Enamorus, F|\n|poke|p2|Tapu Koko|\n|teampreview\n|c|\u2606alcatel999|HL GD\n|c|\u2606axelzzz09|nooo tengo malos recuerdos del silveon\n|\n|t:|1699384759\n|start\n|switch|p1a: Sneasler|Sneasler, F|100\/100\n|switch|p2a: HuevoKinder|Azumarill, M|100\/100\n|turn|1\n|inactive|Battle timer is ON: inactive players will automatically lose when time's up. (requested by axelzzz09)\n|\n|t:|1699384766\n|move|p1a: Sneasler|Dire Claw|p2a: HuevoKinder\n|-supereffective|p2a: HuevoKinder\n|-damage|p2a: HuevoKinder|4\/100\n|-status|p2a: HuevoKinder|psn|[from] ability: Poison Touch|[of] p1a: Sneasler\n|-enditem|p2a: HuevoKinder|Sitrus Berry|[eat]\n|-heal|p2a: HuevoKinder|29\/100 psn|[from] item: Sitrus Berry\n|move|p2a: HuevoKinder|Belly Drum||[still]\n|-fail|p2a: HuevoKinder\n|\n|-damage|p2a: HuevoKinder|16\/100 psn|[from] psn\n|upkeep\n|turn|2\n|c|\u2606alcatel999|pipi\n|c|\u2606axelzzz09|xddd\n|c|\u2606axelzzz09|le cague ta atctica\n|\n|t:|1699384785\n|move|p2a: HuevoKinder|Aqua Jet|p1a: Sneasler\n|-damage|p1a: Sneasler|54\/100\n|move|p1a: Sneasler|Dire Claw|p2a: HuevoKinder\n|-supereffective|p2a: HuevoKinder\n|-damage|p2a: HuevoKinder|0 fnt\n|faint|p2a: HuevoKinder\n|\n|upkeep\n|j| Gallade1235763\n|\n|t:|1699384792\n|switch|p2a: ElRasho|Tapu Koko|100\/100\n|-fieldstart|move: Electric Terrain|[from] ability: Electric Surge|[of] p2a: ElRasho\n|turn|3\n|\n|t:|1699384798\n|move|p2a: ElRasho|Thunderbolt|p1a: Sneasler\n|-damage|p1a: Sneasler|0 fnt\n|faint|p1a: Sneasler\n|-damage|p2a: ElRasho|91\/100|[from] item: Life Orb\n|\n|upkeep\n|\n|t:|1699384805\n|switch|p1a: Ursaluna|Ursaluna-Bloodmoon, M|100\/100\n|turn|4\n|l| Gallade1235763\n|j| Dio brando29274\n|c| Dio brando29274|Vaya\n|\n|t:|1699384816\n|move|p2a: ElRasho|Dazzling Gleam|p1a: Ursaluna\n|-damage|p1a: Ursaluna|55\/100\n|-damage|p2a: ElRasho|81\/100|[from] item: Life Orb\n|move|p1a: Ursaluna|Calm Mind|p1a: Ursaluna\n|-boost|p1a: Ursaluna|spa|1\n|-boost|p1a: Ursaluna|spd|1\n|\n|-heal|p1a: Ursaluna|61\/100|[from] item: Leftovers\n|upkeep\n|turn|5\n|c|\u2606axelzzz09|xd le cague la tactica del azumarill\n|\n|t:|1699384828\n|switch|p2a: SabiasQue...|Sylveon, F|100\/100\n|move|p1a: Ursaluna|Moonlight|p1a: Ursaluna\n|-heal|p1a: Ursaluna|100\/100\n|\n|upkeep\n|turn|6\n|c| Dio brando29274|Bursa\n|c|\u2606alcatel999|Ayuda pipi\n|\n|t:|1699384836\n|move|p2a: SabiasQue...|Calm Mind|p2a: SabiasQue...\n|-boost|p2a: SabiasQue...|spa|1\n|-boost|p2a: SabiasQue...|spd|1\n|move|p1a: Ursaluna|Calm Mind|p1a: Ursaluna\n|-boost|p1a: Ursaluna|spa|1\n|-boost|p1a: Ursaluna|spd|1\n|\n|upkeep\n|turn|7\n|c|\u2606axelzzz09|bursa god\n|\n|t:|1699384842\n|move|p2a: SabiasQue...|Calm Mind|p2a: SabiasQue...\n|-boost|p2a: SabiasQue...|spa|1\n|-boost|p2a: SabiasQue...|spd|1\n|move|p1a: Ursaluna|Calm Mind|p1a: Ursaluna\n|-boost|p1a: Ursaluna|spa|1\n|-boost|p1a: Ursaluna|spd|1\n|\n|-fieldend|move: Electric Terrain\n|upkeep\n|turn|8\n|c|\u2606axelzzz09|pelea de stack\n|c|\u2606axelzzz09|stast\n|\n|t:|1699384854\n|move|p2a: SabiasQue...|Calm Mind|p2a: SabiasQue...\n|-boost|p2a: SabiasQue...|spa|1\n|-boost|p2a: SabiasQue...|spd|1\n|move|p1a: Ursaluna|Calm Mind|p1a: Ursaluna\n|-boost|p1a: Ursaluna|spa|1\n|-boost|p1a: Ursaluna|spd|1\n|\n|upkeep\n|turn|9\n|c| Dio brando29274|Pelea de paz mental\n|\n|t:|1699384860\n|move|p2a: SabiasQue...|Calm Mind|p2a: SabiasQue...\n|-boost|p2a: SabiasQue...|spa|1\n|-boost|p2a: SabiasQue...|spd|1\n|move|p1a: Ursaluna|Calm Mind|p1a: Ursaluna\n|-boost|p1a: Ursaluna|spa|1\n|-boost|p1a: Ursaluna|spd|1\n|\n|upkeep\n|turn|10\n|c|\u2606axelzzz09|xd literal\n|\n|t:|1699384867\n|move|p2a: SabiasQue...|Calm Mind|p2a: SabiasQue...\n|-boost|p2a: SabiasQue...|spa|1\n|-boost|p2a: SabiasQue...|spd|1\n|move|p1a: Ursaluna|Calm Mind|p1a: Ursaluna\n|-boost|p1a: Ursaluna|spa|1\n|-boost|p1a: Ursaluna|spd|1\n|\n|upkeep\n|turn|11\n|\n|t:|1699384873\n|move|p2a: SabiasQue...|Psyshock|p1a: Ursaluna\n|-damage|p1a: Ursaluna|65\/100\n|move|p1a: Ursaluna|Blood Moon|p2a: SabiasQue...\n|-damage|p2a: SabiasQue...|66\/100\n|\n|-heal|p2a: SabiasQue...|72\/100|[from] item: Leftovers\n|-heal|p1a: Ursaluna|71\/100|[from] item: Leftovers\n|upkeep\n|turn|12\n|c|\u2606axelzzz09|fire\n|\n|t:|1699384882\n|move|p2a: SabiasQue...|Hyper Voice|p1a: Ursaluna\n|-damage|p1a: Ursaluna|32\/100\n|move|p1a: Ursaluna|Earth Power|p2a: SabiasQue...\n|-damage|p2a: SabiasQue...|48\/100\n|\n|-heal|p2a: SabiasQue...|54\/100|[from] item: Leftovers\n|-heal|p1a: Ursaluna|38\/100|[from] item: Leftovers\n|upkeep\n|turn|13\n|c|\u2606axelzzz09|xddd me gano\n|\n|t:|1699384891\n|move|p2a: SabiasQue...|Hyper Voice|p1a: Ursaluna\n|-damage|p1a: Ursaluna|0 fnt\n|faint|p1a: Ursaluna\n|\n|-heal|p2a: SabiasQue...|60\/100|[from] item: Leftovers\n|upkeep\n|c| Dio brando29274|Cagaste\n|\n|t:|1699384904\n|switch|p1a: Ceruledge|Ceruledge, F|100\/100\n|turn|14\n|c|\u2606axelzzz09|no\n|c|\u2606axelzzz09|tengo algo\n|\n|t:|1699384913\n|move|p1a: Ceruledge|Bitter Blade|p2a: SabiasQue...\n|-damage|p2a: SabiasQue...|0 fnt\n|faint|p2a: SabiasQue...\n|\n|upkeep\n|c|\u2606alcatel999|La focus\n|\n|t:|1699384923\n|switch|p2a: AlgodonDeAzucar|Altaria, F|100\/100\n|turn|15\n|c|\u2606axelzzz09|wtf no esperaba que muriera\n|\n|t:|1699384929\n|detailschange|p2a: AlgodonDeAzucar|Altaria-Mega, F\n|-mega|p2a: AlgodonDeAzucar|Altaria|Altarianite\n|move|p1a: Ceruledge|Swords Dance|p1a: Ceruledge\n|-boost|p1a: Ceruledge|atk|2\n|move|p2a: AlgodonDeAzucar|Earthquake|p1a: Ceruledge\n|-supereffective|p1a: Ceruledge\n|-damage|p1a: Ceruledge|12\/100\n|-ability|p1a: Ceruledge|Weak Armor|boost\n|-unboost|p1a: Ceruledge|def|1\n|-boost|p1a: Ceruledge|spe|2\n|\n|upkeep\n|turn|16\n|\n|t:|1699384940\n|move|p1a: Ceruledge|Bitter Blade|p2a: AlgodonDeAzucar\n|-resisted|p2a: AlgodonDeAzucar\n|-damage|p2a: AlgodonDeAzucar|43\/100\n|-heal|p1a: Ceruledge|41\/100|[from] drain|[of] p2a: AlgodonDeAzucar\n|move|p2a: AlgodonDeAzucar|Return|p1a: Ceruledge\n|-resisted|p1a: Ceruledge\n|-damage|p1a: Ceruledge|0 fnt\n|faint|p1a: Ceruledge\n|\n|upkeep\n|c|\u2606axelzzz09|uff\n|c|\u2606axelzzz09|potente\n|\n|t:|1699384956\n|switch|p1a: Lucario|Lucario, M|100\/100\n|turn|17\n|\n|t:|1699384962\n|move|p1a: Lucario|Bullet Punch|p2a: AlgodonDeAzucar\n|-supereffective|p2a: AlgodonDeAzucar\n|-damage|p2a: AlgodonDeAzucar|0 fnt\n|faint|p2a: AlgodonDeAzucar\n|\n|upkeep\n|c|\u2606axelzzz09|siiiii\n|\n|t:|1699384968\n|switch|p2a: RellenitoDeAmor|Clefable, M|100\/100\n|turn|18\n|\n|t:|1699384973\n|-terastallize|p2a: RellenitoDeAmor|Fire\n|move|p1a: Lucario|Swords Dance|p1a: Lucario\n|-boost|p1a: Lucario|atk|2\n|move|p2a: RellenitoDeAmor|Calm Mind|p2a: RellenitoDeAmor\n|-boost|p2a: RellenitoDeAmor|spa|1\n|-boost|p2a: RellenitoDeAmor|spd|1\n|\n|upkeep\n|turn|19\n|\n|t:|1699384984\n|move|p1a: Lucario|Drain Punch|p2a: RellenitoDeAmor\n|-damage|p2a: RellenitoDeAmor|50\/100\n|move|p2a: RellenitoDeAmor|Flamethrower|p1a: Lucario\n|-supereffective|p1a: Lucario\n|-damage|p1a: Lucario|0 fnt\n|faint|p1a: Lucario\n|\n|-heal|p2a: RellenitoDeAmor|56\/100|[from] item: Leftovers\n|upkeep\n|\n|t:|1699384994\n|switch|p1a: Volcarona|Volcarona, F|100\/100\n|turn|20\n|\n|t:|1699384997\n|move|p1a: Volcarona|Quiver Dance|p1a: Volcarona\n|-boost|p1a: Volcarona|spa|1\n|-boost|p1a: Volcarona|spd|1\n|-boost|p1a: Volcarona|spe|1\n|move|p2a: RellenitoDeAmor|Calm Mind|p2a: RellenitoDeAmor\n|-boost|p2a: RellenitoDeAmor|spa|1\n|-boost|p2a: RellenitoDeAmor|spd|1\n|\n|-heal|p2a: RellenitoDeAmor|62\/100|[from] item: Leftovers\n|upkeep\n|turn|21\n|c|\u2606axelzzz09|le saco provecho\n|\n|t:|1699385009\n|move|p1a: Volcarona|Quiver Dance|p1a: Volcarona\n|-boost|p1a: Volcarona|spa|1\n|-boost|p1a: Volcarona|spd|1\n|-boost|p1a: Volcarona|spe|1\n|move|p2a: RellenitoDeAmor|Moonblast|p1a: Volcarona\n|-resisted|p1a: Volcarona\n|-damage|p1a: Volcarona|83\/100\n|\n|-heal|p2a: RellenitoDeAmor|69\/100|[from] item: Leftovers\n|upkeep\n|turn|22\n|c|\u2606alcatel999|Vrg\n|\n|t:|1699385027\n|move|p1a: Volcarona|Hidden Power|p2a: RellenitoDeAmor\n|-damage|p2a: RellenitoDeAmor|47\/100\n|move|p2a: RellenitoDeAmor|Moonblast|p1a: Volcarona\n|-resisted|p1a: Volcarona\n|-damage|p1a: Volcarona|67\/100\n|\n|-heal|p2a: RellenitoDeAmor|53\/100|[from] item: Leftovers\n|upkeep\n|turn|23\n|\n|t:|1699385053\n|move|p1a: Volcarona|Quiver Dance|p1a: Volcarona\n|-boost|p1a: Volcarona|spa|1\n|-boost|p1a: Volcarona|spd|1\n|-boost|p1a: Volcarona|spe|1\n|move|p2a: RellenitoDeAmor|Calm Mind|p2a: RellenitoDeAmor\n|-boost|p2a: RellenitoDeAmor|spa|1\n|-boost|p2a: RellenitoDeAmor|spd|1\n|\n|-heal|p2a: RellenitoDeAmor|59\/100|[from] item: Leftovers\n|upkeep\n|turn|24\n|\n|t:|1699385063\n|move|p1a: Volcarona|Quiver Dance|p1a: Volcarona\n|-boost|p1a: Volcarona|spa|1\n|-boost|p1a: Volcarona|spd|1\n|-boost|p1a: Volcarona|spe|1\n|move|p2a: RellenitoDeAmor|Calm Mind|p2a: RellenitoDeAmor\n|-boost|p2a: RellenitoDeAmor|spa|1\n|-boost|p2a: RellenitoDeAmor|spd|1\n|\n|-heal|p2a: RellenitoDeAmor|65\/100|[from] item: Leftovers\n|upkeep\n|turn|25\n|c|\u2606axelzzz09|xd creo que pierdo\n|\n|t:|1699385072\n|move|p1a: Volcarona|Quiver Dance|p1a: Volcarona\n|-boost|p1a: Volcarona|spa|1\n|-boost|p1a: Volcarona|spd|1\n|-boost|p1a: Volcarona|spe|1\n|move|p2a: RellenitoDeAmor|Calm Mind|p2a: RellenitoDeAmor\n|-boost|p2a: RellenitoDeAmor|spa|1\n|-boost|p2a: RellenitoDeAmor|spd|1\n|\n|-heal|p2a: RellenitoDeAmor|71\/100|[from] item: Leftovers\n|upkeep\n|turn|26\n|c| Dio brando29274|Pelea de paz metal y danza aleteo\n|\n|t:|1699385080\n|move|p1a: Volcarona|Quiver Dance|p1a: Volcarona\n|-boost|p1a: Volcarona|spa|1\n|-boost|p1a: Volcarona|spd|1\n|-boost|p1a: Volcarona|spe|1\n|move|p2a: RellenitoDeAmor|Calm Mind|p2a: RellenitoDeAmor\n|-boost|p2a: RellenitoDeAmor|spa|1\n|-boost|p2a: RellenitoDeAmor|spd|1\n|\n|-heal|p2a: RellenitoDeAmor|77\/100|[from] item: Leftovers\n|upkeep\n|turn|27\n|c|\u2606axelzzz09|danza aleteo es mejor\n|c|\u2606alcatel999|waos\n|c|\u2606axelzzz09|pero esa cosa tiene mucha def especial\n|\n|t:|1699385097\n|move|p1a: Volcarona|Hidden Power|p2a: RellenitoDeAmor\n|-damage|p2a: RellenitoDeAmor|59\/100\n|move|p2a: RellenitoDeAmor|Moonblast|p1a: Volcarona\n|-resisted|p1a: Volcarona\n|-damage|p1a: Volcarona|49\/100\n|\n|-heal|p2a: RellenitoDeAmor|65\/100|[from] item: Leftovers\n|upkeep\n|turn|28\n|c|\u2606alcatel999|Y me puedo curar\n|\n|t:|1699385105\n|move|p1a: Volcarona|Hidden Power|p2a: RellenitoDeAmor\n|-crit|p2a: RellenitoDeAmor\n|-damage|p2a: RellenitoDeAmor|0 fnt\n|faint|p2a: RellenitoDeAmor\n|\n|upkeep\n|c|\u2606axelzzz09|tambien\n|c|\u2606alcatel999|f\n|c|\u2606axelzzz09|xdddd\n|c|\u2606axelzzz09|gane\n|\n|t:|1699385112\n|switch|p2a: ElRasho|Tapu Koko|81\/100\n|-fieldstart|move: Electric Terrain|[from] ability: Electric Surge|[of] p2a: ElRasho\n|turn|29\n|c|\u2606alcatel999|Gg\n|c| Dio brando29274|Cuanto ataque especial tiene volcarona?\n|c|\u2606axelzzz09|1476\n|\n|t:|1699385132\n|move|p1a: Volcarona|Fiery Dance|p2a: ElRasho\n|-damage|p2a: ElRasho|0 fnt\n|faint|p2a: ElRasho\n|\n|upkeep\n|c| Dio brando29274|Ala\n|\n|t:|1699385137\n|switch|p2a: ChikiBaby|Enamorus, F|100\/100\n|turn|30\n|\n|t:|1699385142\n|move|p1a: Volcarona|Hidden Power|p2a: ChikiBaby\n|-supereffective|p2a: ChikiBaby\n|-damage|p2a: ChikiBaby|0 fnt\n|faint|p2a: ChikiBaby\n|\n|win|axelzzz09\n|l| Dio brando29274\n|c|\u2606alcatel999|Gg\n","uploadtime":1699385149,"views":15,"p1id":"axelzzz09","p2id":"alcatel999","formatid":"gen9nationaldexubers","rating":0,"private":0,"password":""}