{"id":"gen9nationaldexubers-1984579622","p1":"bepsi-can","p2":"MoldyChees","format":"[Gen 9] National Dex Ubers","log":"|j|\u2606bepsi-can\n|j|\u2606MoldyChees\n|t:|1699281632\n|gametype|singles\n|player|p1|bepsi-can|elesa|1062\n|player|p2|MoldyChees|ghetsis|1000\n|teamsize|p1|6\n|teamsize|p2|6\n|gen|9\n|tier|[Gen 9] National Dex Ubers\n|rated|\n|rule|HP Percentage Mod: HP is shown in percentages\n|rule|Endless Battle Clause: Forcing endless battles is banned\n|rule|OHKO Clause: OHKO moves are banned\n|rule|Evasion Moves Clause: Evasion moves are banned\n|rule|Evasion Items Clause: Evasion items are banned\n|rule|Species Clause: Limit one of each Pok\u00e9mon\n|rule|Sleep Clause Mod: Limit one foe put to sleep\n|rule|Mega Rayquaza Clause: You cannot mega evolve Rayquaza\n|clearpoke\n|poke|p1|Serperior, M|\n|poke|p1|Ditto|\n|poke|p1|Armarouge, F|\n|poke|p1|Araquanid, M|\n|poke|p1|Weezing, M|\n|poke|p1|Hatterene, F|\n|poke|p2|Kyogre|\n|poke|p2|Groudon|\n|poke|p2|Necrozma-Dusk-Mane|\n|poke|p2|Ho-Oh|\n|poke|p2|Arceus-Dark|\n|poke|p2|Blaziken, F|\n|teampreview\n|inactive|Battle timer is ON: inactive players will automatically lose when time's up. (requested by MoldyChees)\n|inactive|bepsi-can also wants the timer to be on.\n|\n|t:|1699281649\n|start\n|switch|p1a: Water Absorber|Araquanid, M|100\/100\n|switch|p2a: Groudon|Groudon, shiny|100\/100\n|detailschange|p2a: Groudon|Groudon-Primal, shiny\n|-primal|p2a: Groudon|Red Orb\n|-weather|DesolateLand|[from] ability: Desolate Land|[of] p2a: Groudon\n|turn|1\n|\n|t:|1699281666\n|move|p2a: Groudon|Swords Dance|p2a: Groudon\n|-boost|p2a: Groudon|atk|2\n|move|p1a: Water Absorber|Crunch|p2a: Groudon\n|-damage|p2a: Groudon|88\/100\n|\n|-weather|DesolateLand|[upkeep]\n|upkeep\n|turn|2\n|\n|t:|1699281674\n|switch|p1a: Eddie|Ditto|100\/100\n|-transform|p1a: Eddie|p2a: Groudon|[from] ability: Imposter\n|move|p2a: Groudon|Spikes|p1a: Eddie\n|-sidestart|p1: bepsi-can|Spikes\n|\n|-weather|DesolateLand|[upkeep]\n|upkeep\n|turn|3\n|\n|t:|1699281684\n|move|p1a: Eddie|Precipice Blades|p2a: Groudon\n|-supereffective|p2a: Groudon\n|-damage|p2a: Groudon|0 fnt\n|faint|p2a: Groudon\n|\n|-weather|DesolateLand|[upkeep]\n|upkeep\n|\n|t:|1699281690\n|switch|p2a: Kyogre|Kyogre, shiny|100\/100\n|detailschange|p2a: Kyogre|Kyogre-Primal, shiny\n|-primal|p2a: Kyogre|Blue Orb\n|-weather|PrimordialSea|[from] ability: Primordial Sea|[of] p2a: Kyogre\n|turn|4\n|c|\u2606bepsi-can|nice sweeper you got there\n|\n|t:|1699281698\n|switch|p1a: Water Absorber|Araquanid, M|100\/100\n|-damage|p1a: Water Absorber|88\/100|[from] Spikes\n|move|p2a: Kyogre|Scald|p1a: Water Absorber\n|-resisted|p1a: Water Absorber\n|-damage|p1a: Water Absorber|44\/100\n|\n|-weather|PrimordialSea|[upkeep]\n|upkeep\n|turn|5\n|\n|t:|1699281705\n|move|p1a: Water Absorber|Liquidation|p2a: Kyogre\n|-resisted|p2a: Kyogre\n|-damage|p2a: Kyogre|61\/100\n|move|p2a: Kyogre|Thunder|p1a: Water Absorber\n|-supereffective|p1a: Water Absorber\n|-damage|p1a: Water Absorber|0 fnt\n|faint|p1a: Water Absorber\n|\n|-weather|PrimordialSea|[upkeep]\n|upkeep\n|\n|t:|1699281709\n|switch|p1a: \"Eat the apple\"|Serperior, M|100\/100\n|-damage|p1a: \"Eat the apple\"|88\/100|[from] Spikes\n|turn|6\n|\n|t:|1699281712\n|move|p1a: \"Eat the apple\"|Leaf Storm|p2a: Kyogre|[miss]\n|-miss|p1a: \"Eat the apple\"|p2a: Kyogre\n|move|p2a: Kyogre|Ice Beam|p1a: \"Eat the apple\"\n|-supereffective|p1a: \"Eat the apple\"\n|-damage|p1a: \"Eat the apple\"|0 fnt\n|faint|p1a: \"Eat the apple\"\n|\n|-weather|PrimordialSea|[upkeep]\n|upkeep\n|c|\u2606bepsi-can|WHATTT\n|c|\u2606MoldyChees|fishy\n|\n|t:|1699281724\n|switch|p1a: Eddie|Ditto|100\/100\n|-damage|p1a: Eddie|88\/100|[from] Spikes\n|-transform|p1a: Eddie|p2a: Kyogre|[from] ability: Imposter\n|turn|7\n|\n|t:|1699281729\n|move|p1a: Eddie|Thunder|p2a: Kyogre\n|-supereffective|p2a: Kyogre\n|-crit|p2a: Kyogre\n|-damage|p2a: Kyogre|0 fnt\n|faint|p2a: Kyogre\n|\n|-weather|PrimordialSea|[upkeep]\n|upkeep\n|c|\u2606bepsi-can|i mean\n|c|\u2606MoldyChees|oh i get it\n|c|\u2606bepsi-can|10% miss chance\n|\n|t:|1699281744\n|switch|p2a: Blaziken|Blaziken, F|100\/100\n|turn|8\n|c|\u2606bepsi-can|and i wouldve been golden\n|c|\u2606bepsi-can|mega blaziken\n|c|\u2606bepsi-can|protect for the speed boost\n|\n|t:|1699281765\n|detailschange|p2a: Blaziken|Blaziken-Mega, F\n|-mega|p2a: Blaziken|Blaziken|Blazikenite\n|move|p2a: Blaziken|Protect|p2a: Blaziken\n|-singleturn|p2a: Blaziken|Protect\n|move|p1a: Eddie|Thunder|p2a: Blaziken\n|-activate|p2a: Blaziken|move: Protect\n|\n|-weather|PrimordialSea|[upkeep]\n|-ability|p2a: Blaziken|Speed Boost|boost\n|-boost|p2a: Blaziken|spe|1\n|upkeep\n|turn|9\n|inactive|MoldyChees has 120 seconds left.\n|c|\u2606MoldyChees|wow you called it and still didnt calm mind\n|\n|t:|1699281787\n|-weather|none\n|switch|p1a: Vape Lungs|Weezing, M|100\/100\n|move|p2a: Blaziken|Close Combat|p1a: Vape Lungs\n|-resisted|p1a: Vape Lungs\n|-crit|p1a: Vape Lungs\n|-damage|p1a: Vape Lungs|62\/100\n|-unboost|p2a: Blaziken|def|1\n|-unboost|p2a: Blaziken|spd|1\n|-damage|p2a: Blaziken|84\/100|[from] item: Rocky Helmet|[of] p1a: Vape Lungs\n|\n|-ability|p2a: Blaziken|Speed Boost|boost\n|-boost|p2a: Blaziken|spe|1\n|upkeep\n|turn|10\n|inactive|MoldyChees has 120 seconds left.\n|c|\u2606bepsi-can|scarf\n|c|\u2606MoldyChees|o\n|c|\u2606bepsi-can|its meant to replace and outspeed\n|inactive|bepsi-can has 120 seconds left.\n|\n|t:|1699281821\n|move|p2a: Blaziken|Flare Blitz|p1a: Vape Lungs\n|-damage|p1a: Vape Lungs|12\/100\n|-damage|p2a: Blaziken|67\/100|[from] item: Rocky Helmet|[of] p1a: Vape Lungs\n|-damage|p2a: Blaziken|49\/100|[from] Recoil\n|move|p1a: Vape Lungs|Pain Split|p2a: Blaziken\n|-sethp|p2a: Blaziken|31\/100|[from] move: Pain Split|[silent]\n|-sethp|p1a: Vape Lungs|28\/100|[from] move: Pain Split\n|\n|-ability|p2a: Blaziken|Speed Boost|boost\n|-boost|p2a: Blaziken|spe|1\n|upkeep\n|turn|11\n|inactive|bepsi-can has 120 seconds left.\n|inactive|MoldyChees has 120 seconds left.\n|\n|t:|1699281835\n|move|p2a: Blaziken|Close Combat|p1a: Vape Lungs\n|-resisted|p1a: Vape Lungs\n|-damage|p1a: Vape Lungs|0 fnt\n|-unboost|p2a: Blaziken|def|1\n|-unboost|p2a: Blaziken|spd|1\n|-damage|p2a: Blaziken|14\/100|[from] item: Rocky Helmet|[of] p1a: Vape Lungs\n|faint|p1a: Vape Lungs\n|\n|-ability|p2a: Blaziken|Speed Boost|boost\n|-boost|p2a: Blaziken|spe|1\n|upkeep\n|\n|t:|1699281838\n|switch|p1a: not a phase mom|Armarouge, F|100\/100\n|-damage|p1a: not a phase mom|88\/100|[from] Spikes\n|turn|12\n|\n|t:|1699281847\n|move|p1a: not a phase mom|Endure|p1a: not a phase mom\n|-singleturn|p1a: not a phase mom|move: Endure\n|move|p2a: Blaziken|Flare Blitz|p1a: not a phase mom\n|-resisted|p1a: not a phase mom\n|-damage|p1a: not a phase mom|50\/100\n|-ability|p1a: not a phase mom|Weak Armor|boost\n|-unboost|p1a: not a phase mom|def|1\n|-boost|p1a: not a phase mom|spe|2\n|-damage|p2a: Blaziken|0 fnt|[from] Recoil\n|faint|p2a: Blaziken\n|\n|upkeep\n|\n|t:|1699281852\n|switch|p2a: Arceus|Arceus-Dark|100\/100\n|turn|13\n|\n|t:|1699281858\n|move|p1a: not a phase mom|Aura Sphere|p2a: Arceus\n|-supereffective|p2a: Arceus\n|-damage|p2a: Arceus|62\/100\n|move|p2a: Arceus|Taunt|p1a: not a phase mom\n|-start|p1a: not a phase mom|move: Taunt\n|\n|upkeep\n|turn|14\n|\n|t:|1699281865\n|-zpower|p1a: not a phase mom\n|move|p1a: not a phase mom|Inferno Overdrive|p2a: Arceus|[zeffect]\n|-damage|p2a: Arceus|0 fnt\n|faint|p2a: Arceus\n|\n|upkeep\n|\n|t:|1699281867\n|switch|p2a: Ho-Oh|Ho-Oh, shiny|100\/100\n|turn|15\n|\n|t:|1699281875\n|move|p1a: not a phase mom|Armor Cannon|p2a: Ho-Oh\n|-resisted|p2a: Ho-Oh\n|-damage|p2a: Ho-Oh|82\/100\n|-unboost|p1a: not a phase mom|def|1\n|-unboost|p1a: not a phase mom|spd|1\n|move|p2a: Ho-Oh|Brave Bird|p1a: not a phase mom\n|-damage|p1a: not a phase mom|0 fnt\n|faint|p1a: not a phase mom\n|-damage|p2a: Ho-Oh|67\/100|[from] Recoil\n|\n|upkeep\n|-message|MoldyChees forfeited.\n|\n|win|bepsi-can\n|raw|bepsi-can's rating: 1062 &rarr; <strong>1087<\/strong><br \/>(+25 for winning)\n|raw|MoldyChees's rating: 1000 &rarr; <strong>1000<\/strong><br \/>(+0 for losing)\n|l|\u2606MoldyChees\n","uploadtime":1699281883,"views":9,"p1id":"bepsican","p2id":"moldychees","formatid":"gen9nationaldexubers","rating":1000,"private":0,"password":""}