{"id":"gen9nationaldexubers-1989351841","p1":"Gulppofv","p2":"Camembert-Mega","format":"[Gen 9] National Dex Ubers","log":"|j|\u2606Gulppofv\n|j|\u2606Camembert-Mega\n|t:|1699839626\n|gametype|singles\n|player|p1|Gulppofv|1|1000\n|player|p2|Camembert-Mega|lucas|1083\n|teamsize|p1|6\n|teamsize|p2|6\n|gen|9\n|tier|[Gen 9] National Dex Ubers\n|rated|\n|rule|HP Percentage Mod: HP is shown in percentages\n|rule|Endless Battle Clause: Forcing endless battles is banned\n|rule|OHKO Clause: OHKO moves are banned\n|rule|Evasion Moves Clause: Evasion moves are banned\n|rule|Evasion Items Clause: Evasion items are banned\n|rule|Species Clause: Limit one of each Pok\u00e9mon\n|rule|Sleep Clause Mod: Limit one foe put to sleep\n|rule|Mega Rayquaza Clause: You cannot mega evolve Rayquaza\n|clearpoke\n|poke|p1|Espathra, M|\n|poke|p1|Flutter Mane|\n|poke|p1|Pheromosa|\n|poke|p1|Grimmsnarl, M|\n|poke|p1|Zygarde|\n|poke|p1|Darmanitan-Galar, M|\n|poke|p2|Stakataka|\n|poke|p2|Porygon2|\n|poke|p2|Hatterene, F|\n|poke|p2|Ursaluna, M|\n|poke|p2|Camerupt, M|\n|poke|p2|Calyrex-Ice|\n|teampreview\n|inactive|Battle timer is ON: inactive players will automatically lose when time's up. (requested by Gulppofv)\n|\n|t:|1699839634\n|start\n|switch|p1a: Pheromosa|Pheromosa|100\/100\n|switch|p2a: Calyrex|Calyrex-Ice|100\/100\n|-ability|p2a: Calyrex|As One\n|-ability|p2a: Calyrex|Unnerve\n|turn|1\n|\n|t:|1699839647\n|move|p1a: Pheromosa|Bug Buzz|p2a: Calyrex\n|-supereffective|p2a: Calyrex\n|-damage|p2a: Calyrex|23\/100\n|-damage|p1a: Pheromosa|91\/100|[from] item: Life Orb\n|move|p2a: Calyrex|Trick Room|p2a: Calyrex\n|-fieldstart|move: Trick Room|[of] p2a: Calyrex\n|\n|-heal|p2a: Calyrex|29\/100|[from] item: Leftovers\n|upkeep\n|turn|2\n|\n|t:|1699839660\n|move|p2a: Calyrex|Glacial Lance|p1a: Pheromosa\n|-damage|p1a: Pheromosa|0 fnt\n|faint|p1a: Pheromosa\n|-ability|p2a: Calyrex|Chilling Neigh|boost\n|-boost|p2a: Calyrex|atk|1\n|\n|-heal|p2a: Calyrex|35\/100|[from] item: Leftovers\n|upkeep\n|\n|t:|1699839668\n|switch|p1a: Grimmsnarl|Grimmsnarl, M|100\/100\n|turn|3\n|\n|t:|1699839675\n|move|p1a: Grimmsnarl|Reflect|p1a: Grimmsnarl\n|-sidestart|p1: Gulppofv|Reflect\n|move|p2a: Calyrex|Glacial Lance|p1a: Grimmsnarl\n|-damage|p1a: Grimmsnarl|26\/100\n|\n|-heal|p2a: Calyrex|41\/100|[from] item: Leftovers\n|upkeep\n|turn|4\n|\n|t:|1699839682\n|move|p1a: Grimmsnarl|Parting Shot|p2a: Calyrex\n|-unboost|p2a: Calyrex|atk|1\n|-unboost|p2a: Calyrex|spa|1\n|\n|t:|1699839708\n|switch|p1a: Zygarde|Zygarde|100\/100|[from] Parting Shot\n|move|p2a: Calyrex|Glacial Lance|p1a: Zygarde\n|-supereffective|p1a: Zygarde\n|-damage|p1a: Zygarde|0 fnt\n|faint|p1a: Zygarde\n|-ability|p2a: Calyrex|Chilling Neigh|boost\n|-boost|p2a: Calyrex|atk|1\n|\n|-heal|p2a: Calyrex|47\/100|[from] item: Leftovers\n|upkeep\n|inactive|Gulppofv has 120 seconds left.\n|\n|t:|1699839718\n|switch|p1a: Grimmsnarl|Grimmsnarl, M|26\/100\n|turn|5\n|\n|t:|1699839736\n|move|p1a: Grimmsnarl|Parting Shot|p2a: Calyrex\n|-unboost|p2a: Calyrex|atk|1\n|-unboost|p2a: Calyrex|spa|1\n|\n|t:|1699839742\n|switch|p1a: Darmanitan|Darmanitan-Galar, M|100\/100|[from] Parting Shot\n|move|p2a: Calyrex|Glacial Lance|p1a: Darmanitan\n|-resisted|p1a: Darmanitan\n|-damage|p1a: Darmanitan|69\/100\n|\n|-heal|p2a: Calyrex|53\/100|[from] item: Leftovers\n|-fieldend|move: Trick Room\n|upkeep\n|turn|6\n|\n|t:|1699839759\n|move|p1a: Darmanitan|Icicle Crash|p2a: Calyrex\n|-resisted|p2a: Calyrex\n|-damage|p2a: Calyrex|32\/100\n|move|p2a: Calyrex|Trick Room|p2a: Calyrex\n|-fieldstart|move: Trick Room|[of] p2a: Calyrex\n|\n|-heal|p2a: Calyrex|38\/100|[from] item: Leftovers\n|upkeep\n|turn|7\n|\n|t:|1699839765\n|move|p2a: Calyrex|Close Combat|p1a: Darmanitan\n|-supereffective|p1a: Darmanitan\n|-damage|p1a: Darmanitan|0 fnt\n|-unboost|p2a: Calyrex|def|1\n|-unboost|p2a: Calyrex|spd|1\n|faint|p1a: Darmanitan\n|-ability|p2a: Calyrex|Chilling Neigh|boost\n|-boost|p2a: Calyrex|atk|1\n|\n|-heal|p2a: Calyrex|44\/100|[from] item: Leftovers\n|upkeep\n|\n|t:|1699839776\n|switch|p1a: Grimmsnarl|Grimmsnarl, M|26\/100\n|turn|8\n|\n|t:|1699839782\n|move|p1a: Grimmsnarl|Parting Shot|p2a: Calyrex\n|-unboost|p2a: Calyrex|atk|1\n|-unboost|p2a: Calyrex|spa|1\n|\n|t:|1699839788\n|switch|p1a: Flutter Mane|Flutter Mane|100\/100|[from] Parting Shot\n|move|p2a: Calyrex|Glacial Lance|p1a: Flutter Mane\n|-damage|p1a: Flutter Mane|11\/100\n|\n|-heal|p2a: Calyrex|50\/100|[from] item: Leftovers\n|upkeep\n|turn|9\n|\n|t:|1699839796\n|move|p2a: Calyrex|Glacial Lance|p1a: Flutter Mane\n|-damage|p1a: Flutter Mane|0 fnt\n|faint|p1a: Flutter Mane\n|-end|p1a: Flutter Mane|Protosynthesis|[silent]\n|-ability|p2a: Calyrex|Chilling Neigh|boost\n|-boost|p2a: Calyrex|atk|1\n|\n|-heal|p2a: Calyrex|57\/100|[from] item: Leftovers\n|upkeep\n|\n|t:|1699839806\n|switch|p1a: Grimmsnarl|Grimmsnarl, M|26\/100\n|turn|10\n|\n|t:|1699839827\n|move|p1a: Grimmsnarl|Light Screen|p1a: Grimmsnarl\n|-sidestart|p1: Gulppofv|move: Light Screen\n|move|p2a: Calyrex|Glacial Lance|p1a: Grimmsnarl\n|-damage|p1a: Grimmsnarl|0 fnt\n|faint|p1a: Grimmsnarl\n|-ability|p2a: Calyrex|Chilling Neigh|boost\n|-boost|p2a: Calyrex|atk|1\n|\n|-heal|p2a: Calyrex|63\/100|[from] item: Leftovers\n|-sideend|p1: Gulppofv|Reflect\n|-fieldend|move: Trick Room\n|upkeep\n|\n|t:|1699839836\n|switch|p1a: Espathra|Espathra, M|100\/100\n|turn|11\n|\n|t:|1699839845\n|-terastallize|p1a: Espathra|Fairy\n|move|p1a: Espathra|Calm Mind|p1a: Espathra\n|-boost|p1a: Espathra|spa|1\n|-boost|p1a: Espathra|spd|1\n|move|p2a: Calyrex|Glacial Lance|p1a: Espathra\n|-damage|p1a: Espathra|0 fnt\n|faint|p1a: Espathra\n|\n|win|Camembert-Mega\n|raw|Gulppofv's rating: 1000 &rarr; <strong>1000<\/strong><br \/>(+0 for losing)\n|raw|Camembert-Mega's rating: 1136 &rarr; <strong>1152<\/strong><br \/>(+16 for winning)\n|l|\u2606Gulppofv\n","uploadtime":1699839893,"views":11,"p1id":"gulppofv","p2id":"camembertmega","formatid":"gen9nationaldexubers","rating":1000,"private":0,"password":""}