{"id":"gen9nationaldexubers-1996183337","p1":"John-Halsey","p2":"raesfasdstj","format":"[Gen 9] National Dex Ubers","log":"|j|\u2606John-Halsey\n|j|\u2606raesfasdstj\n|t:|1700656226\n|gametype|singles\n|player|p1|John-Halsey|veteran|1095\n|player|p2|raesfasdstj|2|1045\n|teamsize|p1|6\n|teamsize|p2|6\n|gen|9\n|tier|[Gen 9] National Dex Ubers\n|rated|\n|rule|HP Percentage Mod: HP is shown in percentages\n|rule|Endless Battle Clause: Forcing endless battles is banned\n|rule|OHKO Clause: OHKO moves are banned\n|rule|Evasion Moves Clause: Evasion moves are banned\n|rule|Evasion Items Clause: Evasion items are banned\n|rule|Species Clause: Limit one of each Pok\u00e9mon\n|rule|Sleep Clause Mod: Limit one foe put to sleep\n|rule|Mega Rayquaza Clause: You cannot mega evolve Rayquaza\n|clearpoke\n|poke|p1|Bronzong|\n|poke|p1|Marowak-Alola, M|\n|poke|p1|Crawdaunt, M|\n|poke|p1|Porygon2|\n|poke|p1|Cresselia, F|\n|poke|p1|Melmetal|\n|poke|p2|Dondozo, M|\n|poke|p2|Chansey, F|\n|poke|p2|Shaymin-Sky|\n|poke|p2|Ditto|\n|poke|p2|Arceus-Ghost|\n|poke|p2|Deoxys-Attack|\n|teampreview\n|inactive|Battle timer is ON: inactive players will automatically lose when time's up. (requested by raesfasdstj)\n|\n|t:|1700656234\n|start\n|switch|p1a: Bronzong|Bronzong|100\/100\n|switch|p2a: Ace|Deoxys-Attack|100\/100\n|-ability|p2a: Ace|Pressure\n|turn|1\n|\n|t:|1700656251\n|move|p2a: Ace|Shadow Ball|p1a: Bronzong\n|-supereffective|p1a: Bronzong\n|-damage|p1a: Bronzong|29\/100\n|move|p1a: Bronzong|Stealth Rock|p2a: Ace\n|-sidestart|p2: raesfasdstj|move: Stealth Rock\n|\n|upkeep\n|turn|2\n|\n|t:|1700656258\n|move|p2a: Ace|Shadow Ball|p1a: Bronzong\n|-supereffective|p1a: Bronzong\n|-damage|p1a: Bronzong|0 fnt\n|faint|p1a: Bronzong\n|\n|upkeep\n|\n|t:|1700656265\n|switch|p1a: OH MY DUCK|Porygon2|100\/100\n|-ability|p1a: OH MY DUCK|Download|boost\n|-boost|p1a: OH MY DUCK|spa|1\n|turn|3\n|\n|t:|1700656278\n|switch|p2a: Support|Chansey, F|100\/100\n|-damage|p2a: Support|88\/100|[from] Stealth Rock\n|move|p1a: OH MY DUCK|Trick Room|p1a: OH MY DUCK\n|-fieldstart|move: Trick Room|[of] p1a: OH MY DUCK\n|\n|upkeep\n|turn|4\n|\n|t:|1700656287\n|move|p2a: Support|Seismic Toss|p1a: OH MY DUCK\n|-damage|p1a: OH MY DUCK|74\/100\n|move|p1a: OH MY DUCK|Teleport|p1a: OH MY DUCK\n|\n|t:|1700656293\n|switch|p1a: Melmetal|Melmetal|100\/100|[from] Teleport\n|\n|upkeep\n|turn|5\n|\n|t:|1700656297\n|switch|p2a: Anti-Boost|Dondozo, M|100\/100\n|-damage|p2a: Anti-Boost|88\/100|[from] Stealth Rock\n|-terastallize|p1a: Melmetal|Steel\n|move|p1a: Melmetal|Double Iron Bash|p2a: Anti-Boost\n|-resisted|p2a: Anti-Boost\n|-damage|p2a: Anti-Boost|72\/100\n|-resisted|p2a: Anti-Boost\n|-damage|p2a: Anti-Boost|55\/100\n|-hitcount|p2a: Anti-Boost|2\n|-damage|p1a: Melmetal|91\/100|[from] item: Life Orb\n|\n|-heal|p2a: Anti-Boost|61\/100|[from] item: Leftovers\n|upkeep\n|turn|6\n|\n|t:|1700656312\n|move|p1a: Melmetal|Thunder Punch|p2a: Anti-Boost\n|-supereffective|p2a: Anti-Boost\n|-damage|p2a: Anti-Boost|15\/100\n|-damage|p1a: Melmetal|81\/100|[from] item: Life Orb\n|move|p2a: Anti-Boost|Curse|p2a: Anti-Boost\n|-unboost|p2a: Anti-Boost|spe|1\n|-boost|p2a: Anti-Boost|atk|1\n|-boost|p2a: Anti-Boost|def|1\n|\n|-heal|p2a: Anti-Boost|21\/100|[from] item: Leftovers\n|upkeep\n|turn|7\n|\n|t:|1700656323\n|-terastallize|p2a: Anti-Boost|Grass\n|move|p1a: Melmetal|Thunder Punch|p2a: Anti-Boost\n|-resisted|p2a: Anti-Boost\n|-damage|p2a: Anti-Boost|14\/100\n|-status|p2a: Anti-Boost|par\n|-damage|p1a: Melmetal|71\/100|[from] item: Life Orb\n|cant|p2a: Anti-Boost|par\n|\n|-heal|p2a: Anti-Boost|20\/100 par|[from] item: Leftovers\n|-fieldend|move: Trick Room\n|upkeep\n|turn|8\n|\n|t:|1700656333\n|move|p1a: Melmetal|Double Iron Bash|p2a: Anti-Boost\n|-damage|p2a: Anti-Boost|0 fnt\n|faint|p2a: Anti-Boost\n|-hitcount|p2: Anti-Boost|1\n|-damage|p1a: Melmetal|61\/100|[from] item: Life Orb\n|\n|upkeep\n|\n|t:|1700656346\n|switch|p2a: God|Arceus-Ghost|100\/100\n|-damage|p2a: God|88\/100|[from] Stealth Rock\n|turn|9\n|\n|t:|1700656354\n|switch|p1a: OH MY DUCK|Porygon2|74\/100\n|-ability|p1a: OH MY DUCK|Download|boost\n|-boost|p1a: OH MY DUCK|spa|1\n|move|p2a: God|Aura Sphere|p1a: OH MY DUCK\n|-supereffective|p1a: OH MY DUCK\n|-damage|p1a: OH MY DUCK|41\/100\n|\n|upkeep\n|turn|10\n|\n|t:|1700656361\n|move|p2a: God|Aura Sphere|p1a: OH MY DUCK\n|-supereffective|p1a: OH MY DUCK\n|-damage|p1a: OH MY DUCK|4\/100\n|move|p1a: OH MY DUCK|Trick Room|p1a: OH MY DUCK\n|-fieldstart|move: Trick Room|[of] p1a: OH MY DUCK\n|\n|upkeep\n|turn|11\n|\n|t:|1700656369\n|move|p1a: OH MY DUCK|Shadow Ball|p2a: God\n|-supereffective|p2a: God\n|-damage|p2a: God|43\/100\n|move|p2a: God|Judgment|p1a: OH MY DUCK\n|-immune|p1a: OH MY DUCK\n|\n|upkeep\n|turn|12\n|\n|t:|1700656375\n|move|p1a: OH MY DUCK|Shadow Ball|p2a: God\n|-supereffective|p2a: God\n|-crit|p2a: God\n|-damage|p2a: God|0 fnt\n|faint|p2a: God\n|\n|upkeep\n|\n|t:|1700656383\n|switch|p2a: Support|Chansey, F|88\/100\n|-damage|p2a: Support|75\/100|[from] Stealth Rock\n|turn|13\n|\n|t:|1700656389\n|move|p2a: Support|Seismic Toss|p1a: OH MY DUCK\n|-damage|p1a: OH MY DUCK|0 fnt\n|faint|p1a: OH MY DUCK\n|\n|upkeep\n|\n|t:|1700656400\n|switch|p1a: Marowak|Marowak-Alola, M|100\/100\n|turn|14\n|\n|t:|1700656406\n|switch|p2a: Imposter|Ditto, shiny|100\/100\n|-damage|p2a: Imposter|88\/100|[from] Stealth Rock\n|-transform|p2a: Imposter|p1a: Marowak|[from] ability: Imposter\n|move|p1a: Marowak|Swords Dance|p1a: Marowak\n|-boost|p1a: Marowak|atk|2\n|\n|-fieldend|move: Trick Room\n|upkeep\n|turn|15\n|\n|t:|1700656420\n|switch|p2a: Support|Chansey, F|75\/100\n|-damage|p2a: Support|63\/100|[from] Stealth Rock\n|move|p1a: Marowak|Bonemerang|p2a: Support\n|-crit|p2a: Support\n|-damage|p2a: Support|0 fnt\n|faint|p2a: Support\n|-hitcount|p2: Support|1\n|\n|upkeep\n|\n|t:|1700656422\n|switch|p2a: Imposter|Ditto, shiny|88\/100\n|-damage|p2a: Imposter|76\/100|[from] Stealth Rock\n|-transform|p2a: Imposter|p1a: Marowak|[from] ability: Imposter\n|turn|16\n|\n|t:|1700656432\n|move|p2a: Imposter|Poltergeist|p1a: Marowak\n|-activate|p1a: Marowak|move: Poltergeist|Thick Club\n|-supereffective|p1a: Marowak\n|-damage|p1a: Marowak|0 fnt\n|faint|p1a: Marowak\n|\n|upkeep\n|\n|t:|1700656444\n|switch|p1a: Crawdaunt|Crawdaunt, M, shiny|100\/100\n|turn|17\n|\n|t:|1700656454\n|move|p1a: Crawdaunt|Aqua Jet|p2a: Imposter\n|-supereffective|p2a: Imposter\n|-damage|p2a: Imposter|0 fnt\n|faint|p2a: Imposter\n|-damage|p1a: Crawdaunt|90\/100|[from] item: Life Orb\n|\n|upkeep\n|\n|t:|1700656457\n|switch|p2a: Fortune|Shaymin-Sky, shiny|100\/100\n|-damage|p2a: Fortune|76\/100|[from] Stealth Rock\n|turn|18\n|\n|t:|1700656465\n|move|p2a: Fortune|Leech Seed|p1a: Crawdaunt\n|-start|p1a: Crawdaunt|move: Leech Seed\n|move|p1a: Crawdaunt|Knock Off|p2a: Fortune\n|-damage|p2a: Fortune|0 fnt\n|-enditem|p2a: Fortune|Wide Lens|[from] move: Knock Off|[of] p1a: Crawdaunt\n|faint|p2a: Fortune\n|-damage|p1a: Crawdaunt|80\/100|[from] item: Life Orb\n|\n|upkeep\n|\n|t:|1700656470\n|switch|p2a: Ace|Deoxys-Attack|100\/100\n|-damage|p2a: Ace|88\/100|[from] Stealth Rock\n|-ability|p2a: Ace|Pressure\n|turn|19\n|\n|t:|1700656487\n|move|p2a: Ace|Signal Beam|p1a: Crawdaunt\n|-supereffective|p1a: Crawdaunt\n|-damage|p1a: Crawdaunt|0 fnt\n|faint|p1a: Crawdaunt\n|\n|upkeep\n|\n|t:|1700656492\n|switch|p1a: Cresselia|Cresselia, F|100\/100\n|turn|20\n|\n|t:|1700656496\n|move|p2a: Ace|Shadow Ball|p1a: Cresselia\n|-supereffective|p1a: Cresselia\n|-damage|p1a: Cresselia|47\/100\n|move|p1a: Cresselia|Trick Room|p1a: Cresselia\n|-fieldstart|move: Trick Room|[of] p1a: Cresselia\n|\n|upkeep\n|turn|21\n|\n|t:|1700656505\n|move|p1a: Cresselia|Lunar Dance|p1a: Cresselia\n|faint|p1a: Cresselia\n|move|p2a: Ace|Shadow Ball|p1: Cresselia|[notarget]\n|-fail|p2a: Ace\n|\n|upkeep\n|\n|t:|1700656509\n|switch|p1a: Melmetal|Melmetal, tera:Steel|61\/100\n|-heal|p1a: Melmetal|100\/100|[from] move: Lunar Dance\n|turn|22\n|\n|t:|1700656515\n|move|p1a: Melmetal|Double Iron Bash|p2a: Ace\n|-damage|p2a: Ace|0 fnt\n|faint|p2a: Ace\n|-hitcount|p2: Ace|1\n|-damage|p1a: Melmetal|91\/100|[from] item: Life Orb\n|\n|win|John-Halsey\n|raw|John-Halsey's rating: 1095 &rarr; <strong>1117<\/strong><br \/>(+22 for winning)\n|raw|raesfasdstj's rating: 1045 &rarr; <strong>1031<\/strong><br \/>(-14 for losing)\n|l|\u2606raesfasdstj\n|c|\u2606John-Halsey|gg\n","uploadtime":1700656734,"views":2,"p1id":"johnhalsey","p2id":"raesfasdstj","formatid":"gen9nationaldexubers","rating":1031,"private":0,"password":""}