{"id":"gen9nationaldexubers-1981002559","p1":"ANinjaDude","p2":"michael213","format":"[Gen 9] National Dex Ubers","log":"|j|\u2606ANinjaDude\n|j|\u2606michael213\n|t:|1698855903\n|gametype|singles\n|player|p1|ANinjaDude|volkner|\n|player|p2|michael213|akari|\n|teamsize|p1|6\n|teamsize|p2|6\n|gen|9\n|tier|[Gen 9] National Dex Ubers\n|rule|HP Percentage Mod: HP is shown in percentages\n|rule|Endless Battle Clause: Forcing endless battles is banned\n|rule|OHKO Clause: OHKO moves are banned\n|rule|Evasion Moves Clause: Evasion moves are banned\n|rule|Evasion Items Clause: Evasion items are banned\n|rule|Species Clause: Limit one of each Pok\u00e9mon\n|rule|Sleep Clause Mod: Limit one foe put to sleep\n|rule|Mega Rayquaza Clause: You cannot mega evolve Rayquaza\n|clearpoke\n|poke|p1|Landorus-Therian, M|\n|poke|p1|Celesteela|\n|poke|p1|Thundurus-Therian, M|\n|poke|p1|Dragonite, F|\n|poke|p1|Shaymin-Sky|\n|poke|p1|Lopunny, M|\n|poke|p2|Roaring Moon|\n|poke|p2|Clodsire, F|\n|poke|p2|Jirachi|\n|poke|p2|Samurott-Hisui, F|\n|poke|p2|Zapdos|\n|poke|p2|Medicham, M|\n|teampreview\n|inactive|Battle timer is ON: inactive players will automatically lose when time's up. (requested by ANinjaDude)\n|inactive|michael213 also wants the timer to be on.\n|\n|t:|1698855911\n|start\n|switch|p1a: Landorus|Landorus-Therian, M|100\/100\n|switch|p2a: Medicham|Medicham, M|100\/100\n|-ability|p1a: Landorus|Intimidate|boost\n|-unboost|p2a: Medicham|atk|1\n|turn|1\n|\n|t:|1698855915\n|switch|p1a: Celesteela|Celesteela|100\/100\n|detailschange|p2a: Medicham|Medicham-Mega, M\n|-mega|p2a: Medicham|Medicham|Medichamite\n|move|p2a: Medicham|Fake Out|p1a: Celesteela\n|-resisted|p1a: Celesteela\n|-damage|p1a: Celesteela|93\/100\n|\n|upkeep\n|turn|2\n|\n|t:|1698855921\n|move|p2a: Medicham|Close Combat|p1a: Celesteela\n|-damage|p1a: Celesteela|18\/100\n|-unboost|p2a: Medicham|def|1\n|-unboost|p2a: Medicham|spd|1\n|move|p1a: Celesteela|Autotomize|p1a: Celesteela\n|-boost|p1a: Celesteela|spe|2\n|-start|p1a: Celesteela|Autotomize\n|\n|upkeep\n|turn|3\n|\n|t:|1698855928\n|switch|p2a: Jirachi|Jirachi, shiny|100\/100\n|move|p1a: Celesteela|Air Slash|p2a: Jirachi\n|-resisted|p2a: Jirachi\n|-damage|p2a: Jirachi|84\/100\n|\n|upkeep\n|turn|4\n|\n|t:|1698855934\n|move|p2a: Jirachi|Iron Head|p1a: Celesteela\n|-resisted|p1a: Celesteela\n|-damage|p1a: Celesteela|0 fnt\n|faint|p1a: Celesteela\n|\n|upkeep\n|\n|t:|1698855941\n|switch|p1a: Shaymin|Shaymin-Sky|100\/100\n|turn|5\n|\n|t:|1698855950\n|move|p1a: Shaymin|Air Slash|p2a: Jirachi\n|-resisted|p2a: Jirachi\n|-damage|p2a: Jirachi|66\/100\n|cant|p2a: Jirachi|flinch\n|\n|upkeep\n|turn|6\n|\n|t:|1698855954\n|switch|p2a: Clodsire|Clodsire, F|100\/100\n|move|p1a: Shaymin|Air Slash|p2a: Clodsire\n|-damage|p2a: Clodsire|79\/100\n|\n|-heal|p2a: Clodsire|85\/100|[from] item: Leftovers\n|upkeep\n|turn|7\n|c|\u2606ANinjaDude|get flinched on\n|\n|t:|1698855961\n|move|p1a: Shaymin|Air Slash|p2a: Clodsire\n|-damage|p2a: Clodsire|65\/100\n|move|p2a: Clodsire|Stealth Rock|p1a: Shaymin\n|-sidestart|p1: ANinjaDude|move: Stealth Rock\n|\n|-heal|p2a: Clodsire|71\/100|[from] item: Leftovers\n|upkeep\n|turn|8\n|\n|t:|1698855966\n|-terastallize|p1a: Shaymin|Flying\n|move|p1a: Shaymin|Air Slash|p2a: Clodsire\n|-damage|p2a: Clodsire|43\/100\n|cant|p2a: Clodsire|flinch\n|\n|-heal|p2a: Clodsire|50\/100|[from] item: Leftovers\n|upkeep\n|turn|9\n|\n|t:|1698855978\n|-terastallize|p2a: Clodsire|Steel\n|move|p1a: Shaymin|Air Slash|p2a: Clodsire|[miss]\n|-miss|p1a: Shaymin|p2a: Clodsire\n|move|p2a: Clodsire|Recover|p2a: Clodsire\n|-heal|p2a: Clodsire|99\/100\n|\n|-heal|p2a: Clodsire|100\/100|[from] item: Leftovers\n|upkeep\n|turn|10\n|\n|t:|1698855982\n|switch|p1a: Landorus|Landorus-Therian, M|100\/100\n|-damage|p1a: Landorus|88\/100|[from] Stealth Rock\n|-ability|p1a: Landorus|Intimidate|boost\n|-unboost|p2a: Clodsire|atk|1\n|move|p2a: Clodsire|Toxic|p1a: Landorus\n|-status|p1a: Landorus|tox\n|\n|-damage|p1a: Landorus|82\/100 tox|[from] psn\n|upkeep\n|turn|11\n|\n|t:|1698855986\n|switch|p2a: Zapdos|Zapdos|100\/100\n|move|p1a: Landorus|Stealth Rock|p2a: Zapdos\n|-sidestart|p2: michael213|move: Stealth Rock\n|\n|-damage|p1a: Landorus|70\/100 tox|[from] psn\n|upkeep\n|turn|12\n|\n|t:|1698855991\n|move|p1a: Landorus|Explosion|p2a: Zapdos\n|-damage|p2a: Zapdos|23\/100\n|faint|p1a: Landorus\n|move|p2a: Zapdos|Defog|p1: Landorus|[notarget]\n|-fail|p2a: Zapdos\n|\n|upkeep\n|\n|t:|1698856003\n|switch|p1a: Thundurus|Thundurus-Therian, M|100\/100\n|turn|13\n|\n|t:|1698856010\n|switch|p2a: Clodsire|Clodsire, F, tera:Steel|100\/100\n|-damage|p2a: Clodsire|94\/100|[from] Stealth Rock\n|move|p1a: Thundurus|Thunderbolt|p2a: Clodsire\n|-damage|p2a: Clodsire|68\/100\n|\n|-heal|p2a: Clodsire|74\/100|[from] item: Leftovers\n|upkeep\n|turn|14\n|c|\u2606ANinjaDude|dont mind lando going boom\n|\n|t:|1698856015\n|move|p1a: Thundurus|Substitute|p1a: Thundurus\n|-start|p1a: Thundurus|Substitute\n|-damage|p1a: Thundurus|76\/100\n|move|p2a: Clodsire|Toxic||[still]\n|-fail|p2a: Clodsire\n|\n|-heal|p2a: Clodsire|80\/100|[from] item: Leftovers\n|upkeep\n|turn|15\n|\n|t:|1698856024\n|switch|p2a: Roaring Moon|Roaring Moon|100\/100\n|-damage|p2a: Roaring Moon|88\/100|[from] Stealth Rock\n|-enditem|p2a: Roaring Moon|Booster Energy\n|-activate|p2a: Roaring Moon|ability: Protosynthesis|[fromitem]\n|-start|p2a: Roaring Moon|protosynthesisatk\n|move|p1a: Thundurus|Thunderbolt|p2a: Roaring Moon\n|-resisted|p2a: Roaring Moon\n|-damage|p2a: Roaring Moon|64\/100\n|\n|upkeep\n|turn|16\n|\n|t:|1698856032\n|move|p2a: Roaring Moon|Knock Off|p1a: Thundurus\n|-end|p1a: Thundurus|Substitute\n|move|p1a: Thundurus|Thunderbolt|p2a: Roaring Moon\n|-resisted|p2a: Roaring Moon\n|-damage|p2a: Roaring Moon|42\/100\n|\n|upkeep\n|turn|17\n|\n|t:|1698856043\n|move|p2a: Roaring Moon|Dragon Dance|p2a: Roaring Moon\n|-boost|p2a: Roaring Moon|atk|1\n|-boost|p2a: Roaring Moon|spe|1\n|move|p1a: Thundurus|Thunderbolt|p2a: Roaring Moon\n|-resisted|p2a: Roaring Moon\n|-damage|p2a: Roaring Moon|18\/100\n|\n|upkeep\n|turn|18\n|\n|t:|1698856048\n|move|p2a: Roaring Moon|Knock Off|p1a: Thundurus\n|-damage|p1a: Thundurus|0 fnt\n|-enditem|p1a: Thundurus|Heavy-Duty Boots|[from] move: Knock Off|[of] p2a: Roaring Moon\n|faint|p1a: Thundurus\n|\n|upkeep\n|\n|t:|1698856052\n|switch|p1a: Lopunny|Lopunny, M|100\/100\n|-damage|p1a: Lopunny|88\/100|[from] Stealth Rock\n|turn|19\n|\n|t:|1698856058\n|-end|p2a: Roaring Moon|Protosynthesis|[silent]\n|switch|p2a: Zapdos|Zapdos|23\/100\n|-damage|p2a: Zapdos|0 fnt|[from] Stealth Rock\n|faint|p2a: Zapdos\n|detailschange|p1a: Lopunny|Lopunny-Mega, M\n|-mega|p1a: Lopunny|Lopunny|Lopunnite\n|move|p1a: Lopunny|Fake Out|p2: Zapdos|[notarget]\n|-fail|p1a: Lopunny\n|\n|upkeep\n|\n|t:|1698856063\n|switch|p2a: Medicham|Medicham-Mega, M|100\/100\n|-damage|p2a: Medicham|94\/100|[from] Stealth Rock\n|turn|20\n|\n|t:|1698856067\n|switch|p1a: Shaymin|Shaymin-Sky, tera:Flying|100\/100\n|-damage|p1a: Shaymin|76\/100|[from] Stealth Rock\n|move|p2a: Medicham|Fake Out|p1a: Shaymin\n|-damage|p1a: Shaymin|44\/100\n|\n|upkeep\n|turn|21\n|\n|t:|1698856078\n|switch|p2a: Clodsire|Clodsire, F, tera:Steel|80\/100\n|-damage|p2a: Clodsire|74\/100|[from] Stealth Rock\n|move|p1a: Shaymin|Earth Power|p2a: Clodsire\n|-supereffective|p2a: Clodsire\n|-damage|p2a: Clodsire|41\/100\n|\n|-heal|p2a: Clodsire|47\/100|[from] item: Leftovers\n|upkeep\n|turn|22\n|\n|t:|1698856088\n|switch|p1a: Lopunny|Lopunny-Mega, M|88\/100\n|-damage|p1a: Lopunny|82\/100|[from] Stealth Rock\n|move|p2a: Clodsire|Recover|p2a: Clodsire\n|-heal|p2a: Clodsire|97\/100\n|\n|-heal|p2a: Clodsire|100\/100|[from] item: Leftovers\n|upkeep\n|turn|23\n|\n|t:|1698856093\n|switch|p2a: Roaring Moon|Roaring Moon|18\/100\n|-damage|p2a: Roaring Moon|5\/100|[from] Stealth Rock\n|move|p1a: Lopunny|Close Combat|p2a: Roaring Moon\n|-supereffective|p2a: Roaring Moon\n|-damage|p2a: Roaring Moon|0 fnt\n|-unboost|p1a: Lopunny|def|1\n|-unboost|p1a: Lopunny|spd|1\n|faint|p2a: Roaring Moon\n|-end|p2a: Roaring Moon|Protosynthesis|[silent]\n|\n|upkeep\n|\n|t:|1698856097\n|switch|p2a: Medicham|Medicham-Mega, M|94\/100\n|-damage|p2a: Medicham|88\/100|[from] Stealth Rock\n|turn|24\n|\n|t:|1698856101\n|switch|p1a: Shaymin|Shaymin-Sky, tera:Flying|44\/100\n|-damage|p1a: Shaymin|19\/100|[from] Stealth Rock\n|move|p2a: Medicham|Fake Out|p1a: Shaymin\n|-damage|p1a: Shaymin|0 fnt\n|faint|p1a: Shaymin\n|\n|upkeep\n|\n|t:|1698856103\n|switch|p1a: Dragonite|Dragonite, F|100\/100\n|turn|25\n|\n|t:|1698856110\n|move|p2a: Medicham|Ice Punch|p1a: Dragonite\n|-supereffective|p1a: Dragonite\n|-damage|p1a: Dragonite|0 fnt\n|faint|p1a: Dragonite\n|\n|upkeep\n|\n|t:|1698856113\n|switch|p1a: Lopunny|Lopunny-Mega, M|82\/100\n|-damage|p1a: Lopunny|77\/100|[from] Stealth Rock\n|turn|26\n|c|\u2606michael213|no multiscale?\n|\n|t:|1698856120\n|switch|p2a: Clodsire|Clodsire, F, tera:Steel|100\/100\n|-damage|p2a: Clodsire|94\/100|[from] Stealth Rock\n|move|p1a: Lopunny|Fake Out|p2a: Clodsire\n|-resisted|p2a: Clodsire\n|-damage|p2a: Clodsire|82\/100\n|\n|-heal|p2a: Clodsire|88\/100|[from] item: Leftovers\n|upkeep\n|turn|27\n|c|\u2606ANinjaDude|i was wtf\n|c|\u2606michael213|wtf\n|c|\u2606michael213|well\n|c|\u2606michael213|i am ada medi\n|\n|t:|1698856131\n|move|p1a: Lopunny|Close Combat|p2a: Clodsire\n|-supereffective|p2a: Clodsire\n|-damage|p2a: Clodsire|0 fnt\n|-unboost|p1a: Lopunny|def|1\n|-unboost|p1a: Lopunny|spd|1\n|faint|p2a: Clodsire\n|\n|upkeep\n|\n|t:|1698856135\n|switch|p2a: Medicham|Medicham-Mega, M|88\/100\n|-damage|p2a: Medicham|82\/100|[from] Stealth Rock\n|turn|28\n|\n|t:|1698856139\n|move|p2a: Medicham|Fake Out|p1a: Lopunny\n|-crit|p1a: Lopunny\n|-damage|p1a: Lopunny|1\/100\n|cant|p1a: Lopunny|flinch\n|\n|upkeep\n|turn|29\n|\n|t:|1698856144\n|move|p2a: Medicham|Bullet Punch|p1a: Lopunny\n|-damage|p1a: Lopunny|0 fnt\n|faint|p1a: Lopunny\n|\n|win|michael213\n|c|\u2606michael213|gg\n|c|\u2606ANinjaDude|bruh\n|c|\u2606ANinjaDude|ggs\n","uploadtime":1698856150,"views":11,"p1id":"aninjadude","p2id":"michael213","formatid":"gen9nationaldexubers","rating":0,"private":0,"password":""}