{"id":"gen9nationaldexubers-1981658979","p1":"Le_Fiishe","p2":"imostlydontknow","format":"[Gen 9] National Dex Ubers","log":"|j|\u2606Le_Fiishe\n|j|\u2606imostlydontknow\n|t:|1698931089\n|gametype|singles\n|player|p1|Le_Fiishe|hilbert|1122\n|player|p2|imostlydontknow|ballguy|1112\n|teamsize|p1|6\n|teamsize|p2|6\n|gen|9\n|tier|[Gen 9] National Dex Ubers\n|rated|\n|rule|HP Percentage Mod: HP is shown in percentages\n|rule|Endless Battle Clause: Forcing endless battles is banned\n|rule|OHKO Clause: OHKO moves are banned\n|rule|Evasion Moves Clause: Evasion moves are banned\n|rule|Evasion Items Clause: Evasion items are banned\n|rule|Species Clause: Limit one of each Pok\u00e9mon\n|rule|Sleep Clause Mod: Limit one foe put to sleep\n|rule|Mega Rayquaza Clause: You cannot mega evolve Rayquaza\n|clearpoke\n|poke|p1|Umbreon, F|\n|poke|p1|Galvantula, F|\n|poke|p1|Noivern, M|\n|poke|p1|Scolipede, M|\n|poke|p1|Cinderace, M|\n|poke|p1|Silvally-*|\n|poke|p2|Tapu Fini|\n|poke|p2|Jirachi|\n|poke|p2|Xerneas-*|\n|poke|p2|Ditto|\n|poke|p2|Ceruledge, F|\n|poke|p2|Crustle, M|\n|teampreview\n|\n|t:|1698931095\n|start\n|switch|p1a: Galvantula|Galvantula, F, shiny|100\/100\n|switch|p2a: Imposter Amog Us|Ditto|100\/100\n|-transform|p2a: Imposter Amog Us|p1a: Galvantula|[from] ability: Imposter\n|turn|1\n|\n|t:|1698931103\n|move|p2a: Imposter Amog Us|Sticky Web|p1a: Galvantula\n|-sidestart|p1: Le_Fiishe|move: Sticky Web\n|move|p1a: Galvantula|Sticky Web|p2a: Imposter Amog Us\n|-sidestart|p2: imostlydontknow|move: Sticky Web\n|\n|upkeep\n|turn|2\n|\n|t:|1698931113\n|move|p2a: Imposter Amog Us|Thunder|p1a: Galvantula\n|-resisted|p1a: Galvantula\n|-damage|p1a: Galvantula|58\/100\n|move|p1a: Galvantula|Thunder|p2a: Imposter Amog Us\n|-resisted|p2a: Imposter Amog Us\n|-damage|p2a: Imposter Amog Us|60\/100\n|\n|upkeep\n|turn|3\n|\n|t:|1698931122\n|move|p1a: Galvantula|Thunder Wave|p2a: Imposter Amog Us\n|-immune|p2a: Imposter Amog Us\n|move|p2a: Imposter Amog Us|Thunder|p1a: Galvantula\n|-resisted|p1a: Galvantula\n|-damage|p1a: Galvantula|13\/100\n|\n|upkeep\n|turn|4\n|c|\u2606imostlydontknow|good job\n|c|\u2606Le_Fiishe|i really wasnt expecting....\n|c|\u2606Le_Fiishe|to have this problem\n|\n|t:|1698931142\n|move|p2a: Imposter Amog Us|Thunder|p1a: Galvantula\n|-resisted|p1a: Galvantula\n|-damage|p1a: Galvantula|0 fnt\n|faint|p1a: Galvantula\n|\n|upkeep\n|c|\u2606imostlydontknow|oh\n|\n|t:|1698931147\n|switch|p1a: Scolipede|Scolipede, M|100\/100\n|-activate|p1a: Scolipede|move: Sticky Web\n|-unboost|p1a: Scolipede|spe|1\n|turn|5\n|\n|t:|1698931152\n|move|p1a: Scolipede|Protect|p1a: Scolipede\n|-singleturn|p1a: Scolipede|Protect\n|move|p2a: Imposter Amog Us|Thunder|p1a: Scolipede\n|-activate|p1a: Scolipede|move: Protect\n|\n|-ability|p1a: Scolipede|Speed Boost|boost\n|-boost|p1a: Scolipede|spe|1\n|upkeep\n|turn|6\n|\n|t:|1698931162\n|move|p2a: Imposter Amog Us|Thunder|p1a: Scolipede\n|-damage|p1a: Scolipede|37\/100\n|move|p1a: Scolipede|Earthquake|p2a: Imposter Amog Us\n|-damage|p2a: Imposter Amog Us|13\/100\n|\n|-ability|p1a: Scolipede|Speed Boost|boost\n|-boost|p1a: Scolipede|spe|1\n|upkeep\n|turn|7\n|\n|t:|1698931172\n|move|p1a: Scolipede|Protect|p1a: Scolipede\n|-singleturn|p1a: Scolipede|Protect\n|move|p2a: Imposter Amog Us|Sticky Web||[still]\n|-fail|p2a: Imposter Amog Us\n|\n|-ability|p1a: Scolipede|Speed Boost|boost\n|-boost|p1a: Scolipede|spe|1\n|upkeep\n|turn|8\n|\n|t:|1698931178\n|move|p1a: Scolipede|Earthquake|p2a: Imposter Amog Us\n|-damage|p2a: Imposter Amog Us|0 fnt\n|faint|p2a: Imposter Amog Us\n|\n|-ability|p1a: Scolipede|Speed Boost|boost\n|-boost|p1a: Scolipede|spe|1\n|upkeep\n|\n|t:|1698931183\n|switch|p2a: Jirachi|Jirachi, shiny|100\/100\n|-activate|p2a: Jirachi|move: Sticky Web\n|-unboost|p2a: Jirachi|spe|1\n|turn|9\n|\n|t:|1698931191\n|move|p1a: Scolipede|Earthquake|p2a: Jirachi\n|-supereffective|p2a: Jirachi\n|-damage|p2a: Jirachi|41\/100\n|move|p2a: Jirachi|Thunderbolt|p1a: Scolipede\n|-damage|p1a: Scolipede|0 fnt\n|faint|p1a: Scolipede\n|\n|upkeep\n|\n|t:|1698931198\n|switch|p1a: Umbreon|Umbreon, F|100\/100\n|-activate|p1a: Umbreon|move: Sticky Web\n|-unboost|p1a: Umbreon|spe|1\n|turn|10\n|\n|t:|1698931204\n|move|p2a: Jirachi|Doom Desire|p1a: Umbreon\n|-start|p2a: Jirachi|Doom Desire\n|-zpower|p1a: Umbreon\n|move|p1a: Umbreon|Z-Celebrate|p1a: Umbreon|[anim]Celebrate\n|-boost|p1a: Umbreon|atk|1|[zeffect]\n|-boost|p1a: Umbreon|def|1|[zeffect]\n|-boost|p1a: Umbreon|spa|1|[zeffect]\n|-boost|p1a: Umbreon|spd|1|[zeffect]\n|-boost|p1a: Umbreon|spe|1|[zeffect]\n|-activate|p1a: Umbreon|move: Celebrate\n|\n|upkeep\n|turn|11\n|\n|t:|1698931219\n|move|p2a: Jirachi|Flash Cannon|p1a: Umbreon\n|-damage|p1a: Umbreon|83\/100\n|move|p1a: Umbreon|Dark Pulse|p2a: Jirachi\n|-supereffective|p2a: Jirachi\n|-damage|p2a: Jirachi|0 fnt\n|faint|p2a: Jirachi\n|\n|upkeep\n|\n|t:|1698931223\n|switch|p2a: Xerneas|Xerneas|100\/100\n|-activate|p2a: Xerneas|move: Sticky Web\n|-unboost|p2a: Xerneas|spe|1\n|-ability|p2a: Xerneas|Fairy Aura\n|turn|12\n|\n|t:|1698931233\n|move|p1a: Umbreon|Dark Pulse|p2a: Xerneas\n|-resisted|p2a: Xerneas\n|-damage|p2a: Xerneas|89\/100\n|cant|p2a: Xerneas|flinch\n|\n|-end|p1a: Umbreon|move: Doom Desire\n|-damage|p1a: Umbreon|53\/100\n|upkeep\n|turn|13\n|\n|t:|1698931268\n|switch|p1a: Silvally|Silvally-Electric|100\/100\n|-activate|p1a: Silvally|move: Sticky Web\n|-unboost|p1a: Silvally|spe|1\n|move|p2a: Xerneas|Play Rough|p1a: Silvally\n|-damage|p1a: Silvally|31\/100\n|\n|upkeep\n|turn|14\n|\n|t:|1698931282\n|move|p1a: Silvally|Multi-Attack|p2a: Xerneas\n|-damage|p2a: Xerneas|48\/100\n|move|p2a: Xerneas|Play Rough|p1a: Silvally\n|-crit|p1a: Silvally\n|-damage|p1a: Silvally|0 fnt\n|faint|p1a: Silvally\n|\n|upkeep\n|\n|t:|1698931291\n|switch|p1a: Snowball|Cinderace, M|100\/100\n|-item|p1a: Snowball|Air Balloon\n|turn|15\n|\n|t:|1698931308\n|move|p1a: Snowball|Zen Headbutt|p2a: Xerneas\n|-start|p1a: Snowball|typechange|Psychic|[from] ability: Libero\n|-damage|p2a: Xerneas|16\/100\n|move|p2a: Xerneas|Close Combat|p1a: Snowball\n|-resisted|p1a: Snowball\n|-damage|p1a: Snowball|67\/100\n|-unboost|p2a: Xerneas|def|1\n|-unboost|p2a: Xerneas|spd|1\n|-enditem|p1a: Snowball|Air Balloon\n|\n|upkeep\n|turn|16\n|\n|t:|1698931318\n|move|p1a: Snowball|Zen Headbutt|p2a: Xerneas\n|-damage|p2a: Xerneas|0 fnt\n|faint|p2a: Xerneas\n|\n|upkeep\n|\n|t:|1698931327\n|switch|p2a: Ceruledge|Ceruledge, F|100\/100\n|-activate|p2a: Ceruledge|move: Sticky Web\n|-unboost|p2a: Ceruledge|spe|1\n|turn|17\n|\n|t:|1698931338\n|-terastallize|p1a: Snowball|Water\n|move|p1a: Snowball|Tera Blast|p2a: Ceruledge|[anim] Tera Blast Water\n|-supereffective|p2a: Ceruledge\n|-damage|p2a: Ceruledge|0 fnt\n|faint|p2a: Ceruledge\n|\n|upkeep\n|\n|t:|1698931349\n|switch|p2a: Fini|Tapu Fini|100\/100\n|-activate|p2a: Fini|move: Sticky Web\n|-unboost|p2a: Fini|spe|1\n|-fieldstart|move: Misty Terrain|[from] ability: Misty Surge|[of] p2a: Fini\n|turn|18\n|\n|t:|1698931368\n|move|p1a: Snowball|Zen Headbutt|p2a: Fini\n|-damage|p2a: Fini|57\/100\n|move|p2a: Fini|Moonblast|p1a: Snowball\n|-damage|p1a: Snowball|12\/100\n|\n|upkeep\n|turn|19\n|\n|t:|1698931373\n|move|p1a: Snowball|Zen Headbutt|p2a: Fini\n|-damage|p2a: Fini|12\/100\n|move|p2a: Fini|Moonblast|p1a: Snowball\n|-damage|p1a: Snowball|0 fnt\n|faint|p1a: Snowball\n|\n|upkeep\n|\n|t:|1698931379\n|switch|p1a: Noivern|Noivern, M|100\/100\n|turn|20\n|\n|t:|1698931383\n|move|p1a: Noivern|Boomburst|p2a: Fini\n|-damage|p2a: Fini|0 fnt\n|faint|p2a: Fini\n|-enditem|p1a: Noivern|Throat Spray\n|-boost|p1a: Noivern|spa|1|[from] item: Throat Spray\n|\n|upkeep\n|\n|t:|1698931386\n|switch|p2a: Crustle|Crustle, M|100\/100\n|-activate|p2a: Crustle|move: Sticky Web\n|-unboost|p2a: Crustle|spe|1\n|turn|21\n|\n|t:|1698931405\n|-terastallize|p2a: Crustle|Rock\n|move|p1a: Noivern|Boomburst|p2a: Crustle\n|-resisted|p2a: Crustle\n|-damage|p2a: Crustle|65\/100\n|move|p2a: Crustle|Rock Wrecker|p1a: Noivern\n|-supereffective|p1a: Noivern\n|-damage|p1a: Noivern|0 fnt\n|-mustrecharge|p2a: Crustle\n|faint|p1a: Noivern\n|\n|upkeep\n|\n|t:|1698931414\n|switch|p1a: Umbreon|Umbreon, F|53\/100\n|-activate|p1a: Umbreon|move: Sticky Web\n|-unboost|p1a: Umbreon|spe|1\n|turn|22\n|\n|t:|1698931421\n|move|p1a: Umbreon|Dark Pulse|p2a: Crustle\n|-damage|p2a: Crustle|38\/100\n|cant|p2a: Crustle|recharge\n|\n|upkeep\n|turn|23\n|\n|t:|1698931426\n|move|p1a: Umbreon|Dark Pulse|p2a: Crustle\n|-damage|p2a: Crustle|7\/100\n|move|p2a: Crustle|X-Scissor|p1a: Umbreon\n|-supereffective|p1a: Umbreon\n|-damage|p1a: Umbreon|0 fnt\n|faint|p1a: Umbreon\n|\n|win|imostlydontknow\n|raw|Le_Fiishe's rating: 1122 &rarr; <strong>1094<\/strong><br \/>(-28 for losing)\n|raw|imostlydontknow's rating: 1087 &rarr; <strong>1117<\/strong><br \/>(+30 for winning)\n|c|\u2606Le_Fiishe|gg\n|c|\u2606Le_Fiishe|was close\n|c|\u2606imostlydontknow|GG\n|c|\u2606imostlydontknow|yee\n","uploadtime":1698931441,"views":8,"p1id":"lefiishe","p2id":"imostlydontknow","formatid":"gen9nationaldexubers","rating":1094,"private":0,"password":""}