{"id":"gen9nationaldexubers-1983537808","p1":"Yannykai","p2":"Kuraihanae","format":"[Gen 9] National Dex Ubers","log":"|j|\u2606Yannykai\n|j|\u2606Kuraihanae\n|t:|1699140964\n|gametype|singles\n|player|p1|Yannykai|266|\n|player|p2|Kuraihanae|elesa|\n|teamsize|p1|6\n|teamsize|p2|6\n|gen|9\n|tier|[Gen 9] National Dex Ubers\n|rule|HP Percentage Mod: HP is shown in percentages\n|rule|Endless Battle Clause: Forcing endless battles is banned\n|rule|OHKO Clause: OHKO moves are banned\n|rule|Evasion Moves Clause: Evasion moves are banned\n|rule|Evasion Items Clause: Evasion items are banned\n|rule|Species Clause: Limit one of each Pok\u00e9mon\n|rule|Sleep Clause Mod: Limit one foe put to sleep\n|rule|Mega Rayquaza Clause: You cannot mega evolve Rayquaza\n|clearpoke\n|poke|p1|Altaria, F|\n|poke|p1|Quaquaval, F|\n|poke|p1|Celebi|\n|poke|p1|Maushold-Four|\n|poke|p1|Zamazenta-*|\n|poke|p1|Goodra-Hisui, F|\n|poke|p2|Diancie|\n|poke|p2|Munkidori, M|\n|poke|p2|Victini|\n|poke|p2|Lycanroc-Dusk, F|\n|poke|p2|Magnezone|\n|poke|p2|Keldeo-Resolute|\n|teampreview\n|j| PorygonTheBot\n|c| PorygonTheBot|y'all are stupid\n|c|\u2606Yannykai|hey what the hell\n|c|\u2606Kuraihanae|ig wait a sec for spectators? Or you think we good now?\n|c|\u2606Yannykai|We can wait if you want because I already have my Pokemon selected\n|\n|t:|1699141150\n|start\n|switch|p1a: Brigette|Celebi, shiny|100\/100\n|switch|p2a: Steelier|Magnezone|100\/100\n|turn|1\n|\n|t:|1699141174\n|move|p1a: Brigette|Earth Power|p2a: Steelier\n|-supereffective|p2a: Steelier\n|-damage|p2a: Steelier|9\/100\n|move|p2a: Steelier|Thunder Wave|p1a: Brigette\n|-status|p1a: Brigette|par\n|\n|-heal|p2a: Steelier|15\/100|[from] item: Leftovers\n|upkeep\n|turn|2\n|j| dlrrpu\n|\n|t:|1699141241\n|switch|p2a: Silver|Keldeo-Resolute|100\/100\n|cant|p1a: Brigette|par\n|\n|upkeep\n|turn|3\n|\n|t:|1699141266\n|-curestatus|p1a: Brigette|par|[from] ability: Natural Cure\n|switch|p1a: Beloved Snail|Goodra-Hisui, F, shiny|100\/100\n|move|p2a: Silver|Air Slash|p1a: Beloved Snail\n|-resisted|p1a: Beloved Snail\n|-damage|p1a: Beloved Snail|92\/100\n|\n|upkeep\n|turn|4\n|j| Paldean Wooper\n|\n|t:|1699141302\n|switch|p2a: Alasan|Munkidori, M|100\/100\n|move|p1a: Beloved Snail|Thunderbolt|p2a: Alasan\n|-damage|p2a: Alasan|62\/100\n|\n|upkeep\n|turn|5\n|\n|t:|1699141324\n|move|p2a: Alasan|Fake Out|p1a: Beloved Snail\n|-resisted|p1a: Beloved Snail\n|-damage|p1a: Beloved Snail|88\/100\n|-ability|p1a: Beloved Snail|Gooey\n|-unboost|p2a: Alasan|spe|1\n|cant|p1a: Beloved Snail|flinch\n|\n|upkeep\n|turn|6\n|l| Paldean Wooper\n|j| Paldean Wooper\n|\n|t:|1699141354\n|move|p2a: Alasan|Shadow Ball|p1a: Beloved Snail\n|-damage|p1a: Beloved Snail|76\/100\n|-unboost|p1a: Beloved Snail|spd|1\n|move|p1a: Beloved Snail|Flash Cannon|p2a: Alasan\n|-damage|p2a: Alasan|11\/100\n|\n|upkeep\n|turn|7\n|c| dlrrpu|i have never seen this pokemon before in my life\n|c|\u2606Yannykai|Goodra-Hisui babyyyyyyyyyyyy\n|l| Paldean Wooper\n|j| Paldean Wooper\n|c| Paldean Wooper|Munkidori was only added like a month ago\n|\n|t:|1699141410\n|move|p2a: Alasan|Shadow Ball|p1a: Beloved Snail\n|-damage|p1a: Beloved Snail|57\/100\n|-unboost|p1a: Beloved Snail|spd|1\n|move|p1a: Beloved Snail|Surf|p2a: Alasan\n|-damage|p2a: Alasan|0 fnt\n|faint|p2a: Alasan\n|\n|upkeep\n|\n|t:|1699141429\n|switch|p2a: Saeri|Lycanroc-Dusk, F, shiny|100\/100\n|turn|8\n|\n|t:|1699141454\n|move|p2a: Saeri|Close Combat|p1a: Beloved Snail\n|-supereffective|p1a: Beloved Snail\n|-damage|p1a: Beloved Snail|0 fnt\n|-unboost|p2a: Saeri|def|1\n|-unboost|p2a: Saeri|spd|1\n|-ability|p1a: Beloved Snail|Gooey\n|-unboost|p2a: Saeri|spe|1\n|faint|p1a: Beloved Snail\n|-damage|p2a: Saeri|91\/100|[from] item: Life Orb\n|\n|upkeep\n|\n|t:|1699141471\n|switch|p1a: Brigette|Celebi, shiny|100\/100\n|turn|9\n|l| Paldean Wooper\n|j| Paldean Wooper\n|\n|t:|1699141531\n|switch|p2a: Steelier|Magnezone|15\/100\n|move|p1a: Brigette|Earth Power|p2a: Steelier\n|-supereffective|p2a: Steelier\n|-damage|p2a: Steelier|0 fnt\n|faint|p2a: Steelier\n|\n|upkeep\n|l| Paldean Wooper\n|\n|t:|1699141551\n|switch|p2a: Silver|Keldeo-Resolute|100\/100\n|turn|10\n|\n|t:|1699141578\n|move|p2a: Silver|Secret Sword|p1a: Brigette\n|-resisted|p1a: Brigette\n|-damage|p1a: Brigette|66\/100\n|move|p1a: Brigette|Stealth Rock|p2a: Silver\n|-sidestart|p2: Kuraihanae|move: Stealth Rock\n|\n|upkeep\n|turn|11\n|\n|t:|1699141593\n|switch|p2a: Nuuna|Victini|100\/100\n|move|p1a: Brigette|Giga Drain|p2a: Nuuna\n|-resisted|p2a: Nuuna\n|-damage|p2a: Nuuna|82\/100\n|-heal|p1a: Brigette|75\/100|[from] drain|[of] p2a: Nuuna\n|\n|upkeep\n|turn|12\n|j| Paldean Wooper\n|\n|t:|1699141620\n|move|p1a: Brigette|Earth Power|p2a: Nuuna\n|-supereffective|p2a: Nuuna\n|-damage|p2a: Nuuna|20\/100\n|move|p2a: Nuuna|V-create|p1a: Brigette\n|-supereffective|p1a: Brigette\n|-damage|p1a: Brigette|0 fnt\n|-unboost|p2a: Nuuna|spe|1\n|-unboost|p2a: Nuuna|def|1\n|-unboost|p2a: Nuuna|spd|1\n|faint|p1a: Brigette\n|\n|upkeep\n|\n|t:|1699141659\n|switch|p1a: Modest Mice|Maushold-Four, shiny|100\/100\n|turn|13\n|l| Paldean Wooper\n|\n|t:|1699141682\n|move|p1a: Modest Mice|Bite|p2a: Nuuna\n|-supereffective|p2a: Nuuna\n|-damage|p2a: Nuuna|0 fnt\n|faint|p2a: Nuuna\n|\n|upkeep\n|j| AndohRuruka\n|\n|t:|1699141698\n|switch|p2a: Saeri|Lycanroc-Dusk, F, shiny|91\/100\n|-damage|p2a: Saeri|78\/100|[from] Stealth Rock\n|turn|14\n|\n|t:|1699141712\n|move|p1a: Modest Mice|Bullet Seed|p2a: Saeri\n|-supereffective|p2a: Saeri\n|-crit|p2a: Saeri\n|-damage|p2a: Saeri|36\/100\n|-supereffective|p2a: Saeri\n|-damage|p2a: Saeri|8\/100\n|-supereffective|p2a: Saeri\n|-damage|p2a: Saeri|0 fnt\n|faint|p2a: Saeri\n|-hitcount|p2: Saeri|3\n|\n|upkeep\n|j| Paldean Wooper\n|\n|t:|1699141720\n|switch|p2a: Silver|Keldeo-Resolute|100\/100\n|-damage|p2a: Silver|94\/100|[from] Stealth Rock\n|turn|15\n|\n|t:|1699141733\n|move|p1a: Modest Mice|Bullet Seed|p2a: Silver\n|-supereffective|p2a: Silver\n|-crit|p2a: Silver\n|-damage|p2a: Silver|61\/100\n|-supereffective|p2a: Silver\n|-damage|p2a: Silver|39\/100\n|-supereffective|p2a: Silver\n|-damage|p2a: Silver|18\/100\n|-supereffective|p2a: Silver\n|-damage|p2a: Silver|0 fnt\n|faint|p2a: Silver\n|-hitcount|p2: Silver|4\n|\n|upkeep\n|\n|t:|1699141743\n|switch|p2a: Shine <3|Diancie|100\/100\n|-damage|p2a: Shine <3|88\/100|[from] Stealth Rock\n|turn|16\n|\n|t:|1699141756\n|detailschange|p2a: Shine <3|Diancie-Mega\n|-mega|p2a: Shine <3|Diancie|Diancite\n|move|p1a: Modest Mice|Bullet Seed|p2a: Shine <3\n|-supereffective|p2a: Shine <3\n|-damage|p2a: Shine <3|62\/100\n|-supereffective|p2a: Shine <3\n|-damage|p2a: Shine <3|36\/100\n|-supereffective|p2a: Shine <3\n|-damage|p2a: Shine <3|8\/100\n|-supereffective|p2a: Shine <3\n|-damage|p2a: Shine <3|0 fnt\n|faint|p2a: Shine <3\n|-hitcount|p2: Shine <3|4\n|\n|win|Yannykai\n|l| PorygonTheBot\n|c|\u2606Yannykai|GGs\n|c|\u2606Yannykai|Wow\n|c|\u2606Yannykai|Holy moly\n|c|\u2606Kuraihanae|I thought bullet seed was only 3 tf\n|c|\u2606Kuraihanae|Insane ggs\n|c|\u2606Yannykai|Loaded Dice (That's not banned is it)\n|l| Paldean Wooper\n|l|\u2606Kuraihanae\n|c| AndohRuruka|loaded dice is not banned\n|c|\u2606Yannykai|Woohoo!\n","uploadtime":1699141756,"views":20,"p1id":"yannykai","p2id":"kuraihanae","formatid":"gen9nationaldexubers","rating":0,"private":0,"password":""}