{"id":"gen9nationaldexubers-1985040209","p1":"truecementdrinker","p2":"Gamalaser","format":"[Gen 9] National Dex Ubers","log":"|j|\u2606truecementdrinker\n|j|\u2606Gamalaser\n|t:|1699323638\n|gametype|singles\n|player|p1|truecementdrinker|larry|1038\n|player|p2|Gamalaser|unknown|1000\n|teamsize|p1|6\n|teamsize|p2|6\n|gen|9\n|tier|[Gen 9] National Dex Ubers\n|rated|\n|rule|HP Percentage Mod: HP is shown in percentages\n|rule|Endless Battle Clause: Forcing endless battles is banned\n|rule|OHKO Clause: OHKO moves are banned\n|rule|Evasion Moves Clause: Evasion moves are banned\n|rule|Evasion Items Clause: Evasion items are banned\n|rule|Species Clause: Limit one of each Pok\u00e9mon\n|rule|Sleep Clause Mod: Limit one foe put to sleep\n|rule|Mega Rayquaza Clause: You cannot mega evolve Rayquaza\n|clearpoke\n|poke|p1|Magearna-Original|\n|poke|p1|Skeledirge, M|\n|poke|p1|Corviknight, M|\n|poke|p1|Aggron, M|\n|poke|p1|Dipplin, M|\n|poke|p1|Necrozma-Dawn-Wings|\n|poke|p2|Zoroark-Hisui, M|\n|poke|p2|Lycanroc-Midnight, M|\n|poke|p2|Marshadow|\n|poke|p2|Blaziken, F|\n|poke|p2|Urshifu-*, F|\n|poke|p2|Garchomp, F|\n|teampreview\n|\n|t:|1699323648\n|start\n|switch|p1a: Magearna|Magearna-Original|100\/100\n|switch|p2a: Urshifu|Urshifu, F|100\/100\n|turn|1\n|\n|t:|1699323656\n|-terastallize|p2a: Urshifu|Fighting\n|move|p2a: Urshifu|Superpower|p1a: Magearna\n|-damage|p1a: Magearna|24\/100\n|-unboost|p2a: Urshifu|atk|1\n|-unboost|p2a: Urshifu|def|1\n|-enditem|p1a: Magearna|Sitrus Berry|[eat]\n|-heal|p1a: Magearna|49\/100|[from] item: Sitrus Berry\n|move|p1a: Magearna|Fleur Cannon|p2a: Urshifu\n|-supereffective|p2a: Urshifu\n|-enditem|p2a: Urshifu|Focus Sash\n|-damage|p2a: Urshifu|1\/100\n|-unboost|p1a: Magearna|spa|2\n|\n|upkeep\n|turn|2\n|c|\u2606truecementdrinker|not close combat???\n|\n|t:|1699323691\n|switch|p1a: Dog|Skeledirge, M|100\/100\n|move|p2a: Urshifu|Drain Punch|p1a: Dog\n|-immune|p1a: Dog\n|\n|upkeep\n|turn|3\n|inactive|Battle timer is ON: inactive players will automatically lose when time's up. (requested by Gamalaser)\n|\n|t:|1699323708\n|move|p2a: Urshifu|Close Combat|p1a: Dog\n|-immune|p1a: Dog\n|move|p1a: Dog|Torch Song|p2a: Urshifu\n|-damage|p2a: Urshifu|0 fnt\n|-boost|p1a: Dog|spa|1\n|faint|p2a: Urshifu\n|\n|upkeep\n|\n|t:|1699323717\n|switch|p2a: Marshadow|Marshadow|100\/100\n|turn|4\n|\n|t:|1699323725\n|move|p2a: Marshadow|Spectral Thief||[still]\n|-clearpositiveboost|p1a: Dog|p2a: Marshadow|move: Spectral Thief\n|-boost|p2a: Marshadow|spa|1\n|-anim|p2a: Marshadow|Spectral Thief|p1a: Dog\n|-supereffective|p1a: Dog\n|-damage|p1a: Dog|31\/100\n|move|p1a: Dog|Torch Song|p2a: Marshadow\n|-damage|p2a: Marshadow|69\/100\n|-boost|p1a: Dog|spa|1\n|\n|-heal|p2a: Marshadow|75\/100|[from] item: Leftovers\n|-heal|p1a: Dog|37\/100|[from] item: Leftovers\n|upkeep\n|turn|5\n|\n|t:|1699323739\n|move|p1a: Dog|Protect|p1a: Dog\n|-singleturn|p1a: Dog|Protect\n|move|p2a: Marshadow|Spectral Thief|p1a: Dog\n|-activate|p1a: Dog|move: Protect\n|\n|-heal|p2a: Marshadow|81\/100|[from] item: Leftovers\n|-heal|p1a: Dog|43\/100|[from] item: Leftovers\n|upkeep\n|turn|6\n|\n|t:|1699323748\n|move|p2a: Marshadow|Spectral Thief||[still]\n|-clearpositiveboost|p1a: Dog|p2a: Marshadow|move: Spectral Thief\n|-boost|p2a: Marshadow|spa|1\n|-anim|p2a: Marshadow|Spectral Thief|p1a: Dog\n|-supereffective|p1a: Dog\n|-damage|p1a: Dog|0 fnt\n|faint|p1a: Dog\n|\n|-heal|p2a: Marshadow|87\/100|[from] item: Leftovers\n|upkeep\n|\n|t:|1699323756\n|switch|p1a: Necrozma|Necrozma-Dawn-Wings|100\/100\n|turn|7\n|\n|t:|1699323762\n|detailschange|p1a: Necrozma|Necrozma-Ultra\n|-burst|p1a: Necrozma|Necrozma|Ultranecrozium Z\n|move|p2a: Marshadow|Protect|p2a: Marshadow\n|-singleturn|p2a: Marshadow|Protect\n|move|p1a: Necrozma|Moongeist Beam|p2a: Marshadow\n|-activate|p2a: Marshadow|move: Protect\n|\n|-heal|p2a: Marshadow|94\/100|[from] item: Leftovers\n|upkeep\n|turn|8\n|\n|t:|1699323773\n|move|p2a: Marshadow|Foul Play|p1a: Necrozma\n|-supereffective|p1a: Necrozma\n|-damage|p1a: Necrozma|34\/100\n|-zpower|p1a: Necrozma\n|move|p1a: Necrozma|Light That Burns the Sky|p2a: Marshadow|[zeffect]\n|-supereffective|p2a: Marshadow\n|-damage|p2a: Marshadow|0 fnt\n|faint|p2a: Marshadow\n|\n|upkeep\n|\n|t:|1699323785\n|switch|p2a: Garchomp|Garchomp, F|100\/100\n|turn|9\n|\n|t:|1699323791\n|move|p1a: Necrozma|Photon Geyser|p2a: Garchomp\n|-damage|p2a: Garchomp|10\/100\n|move|p2a: Garchomp|Earth Power|p1a: Necrozma\n|-damage|p1a: Necrozma|9\/100\n|\n|-heal|p2a: Garchomp|16\/100|[from] item: Leftovers\n|upkeep\n|turn|10\n|\n|t:|1699323801\n|move|p1a: Necrozma|Photon Geyser|p2a: Garchomp\n|-damage|p2a: Garchomp|0 fnt\n|faint|p2a: Garchomp\n|\n|upkeep\n|\n|t:|1699323810\n|switch|p2a: Blaziken|Blaziken, F, shiny|100\/100\n|turn|11\n|\n|t:|1699323816\n|detailschange|p2a: Blaziken|Blaziken-Mega, F, shiny\n|-mega|p2a: Blaziken|Blaziken|Blazikenite\n|move|p1a: Necrozma|Power Gem|p2a: Blaziken\n|-damage|p2a: Blaziken|48\/100\n|move|p2a: Blaziken|Double-Edge|p1a: Necrozma\n|-damage|p1a: Necrozma|0 fnt\n|faint|p1a: Necrozma\n|-damage|p2a: Blaziken|45\/100|[from] Recoil\n|\n|-ability|p2a: Blaziken|Speed Boost|boost\n|-boost|p2a: Blaziken|spe|1\n|upkeep\n|\n|t:|1699323826\n|switch|p1a: Dripplin|Dipplin, M|100\/100\n|turn|12\n|\n|t:|1699323830\n|move|p2a: Blaziken|Close Combat|p1a: Dripplin\n|-damage|p1a: Dripplin|60\/100\n|-unboost|p2a: Blaziken|def|1\n|-unboost|p2a: Blaziken|spd|1\n|move|p1a: Dripplin|Draco Meteor|p2a: Blaziken\n|-damage|p2a: Blaziken|0 fnt\n|-unboost|p1a: Dripplin|spa|2\n|faint|p2a: Blaziken\n|\n|upkeep\n|\n|t:|1699323842\n|switch|p2a: Lycanroc|Lycanroc-Midnight, M|100\/100\n|turn|13\n|\n|t:|1699323849\n|-singleturn|p2a: Lycanroc|move: Focus Punch\n|move|p1a: Dripplin|Infestation|p2a: Lycanroc\n|-damage|p2a: Lycanroc|97\/100\n|-activate|p2a: Lycanroc|move: Infestation|[of] p1a: Dripplin\n|cant|p2a: Lycanroc|Focus Punch|Focus Punch\n|\n|-heal|p2a: Lycanroc|100\/100|[from] item: Leftovers\n|-damage|p2a: Lycanroc|88\/100|[from] move: Infestation|[partiallytrapped]\n|upkeep\n|turn|14\n|\n|t:|1699323859\n|-singleturn|p2a: Lycanroc|move: Focus Punch\n|move|p1a: Dripplin|Recover|p1a: Dripplin\n|-heal|p1a: Dripplin|100\/100\n|move|p2a: Lycanroc|Focus Punch|p1a: Dripplin\n|-damage|p1a: Dripplin|74\/100\n|\n|-heal|p2a: Lycanroc|94\/100|[from] item: Leftovers\n|-damage|p2a: Lycanroc|82\/100|[from] move: Infestation|[partiallytrapped]\n|upkeep\n|turn|15\n|\n|t:|1699323870\n|move|p2a: Lycanroc|Protect|p2a: Lycanroc\n|-singleturn|p2a: Lycanroc|Protect\n|move|p1a: Dripplin|Infestation|p2a: Lycanroc\n|-activate|p2a: Lycanroc|move: Protect\n|\n|-heal|p2a: Lycanroc|88\/100|[from] item: Leftovers\n|-damage|p2a: Lycanroc|76\/100|[from] move: Infestation|[partiallytrapped]\n|upkeep\n|turn|16\n|\n|t:|1699323878\n|move|p2a: Lycanroc|Close Combat|p1a: Dripplin\n|-crit|p1a: Dripplin\n|-damage|p1a: Dripplin|45\/100\n|-unboost|p2a: Lycanroc|def|1\n|-unboost|p2a: Lycanroc|spd|1\n|move|p1a: Dripplin|Recover|p1a: Dripplin\n|-heal|p1a: Dripplin|95\/100\n|\n|-heal|p2a: Lycanroc|82\/100|[from] item: Leftovers\n|-damage|p2a: Lycanroc|70\/100|[from] move: Infestation|[partiallytrapped]\n|upkeep\n|turn|17\n|\n|t:|1699323892\n|move|p2a: Lycanroc|Shadow Claw|p1a: Dripplin\n|-damage|p1a: Dripplin|83\/100\n|move|p1a: Dripplin|Infestation|p2a: Lycanroc\n|-damage|p2a: Lycanroc|65\/100\n|\n|-heal|p2a: Lycanroc|72\/100|[from] item: Leftovers\n|-end|p2a: Lycanroc|Infestation|[partiallytrapped]\n|upkeep\n|turn|18\n|\n|t:|1699323900\n|move|p2a: Lycanroc|Close Combat|p1a: Dripplin\n|-crit|p1a: Dripplin\n|-damage|p1a: Dripplin|52\/100\n|-unboost|p2a: Lycanroc|def|1\n|-unboost|p2a: Lycanroc|spd|1\n|move|p1a: Dripplin|Draco Meteor|p2a: Lycanroc\n|-damage|p2a: Lycanroc|10\/100\n|-unboost|p1a: Dripplin|spa|2\n|\n|-heal|p2a: Lycanroc|17\/100|[from] item: Leftovers\n|upkeep\n|turn|19\n|\n|t:|1699323910\n|move|p2a: Lycanroc|Protect|p2a: Lycanroc\n|-singleturn|p2a: Lycanroc|Protect\n|move|p1a: Dripplin|Draco Meteor|p2a: Lycanroc\n|-activate|p2a: Lycanroc|move: Protect\n|\n|-heal|p2a: Lycanroc|23\/100|[from] item: Leftovers\n|upkeep\n|turn|20\n|\n|t:|1699323918\n|move|p2a: Lycanroc|Protect|p2a: Lycanroc\n|-singleturn|p2a: Lycanroc|Protect\n|move|p1a: Dripplin|Draco Meteor|p2a: Lycanroc\n|-activate|p2a: Lycanroc|move: Protect\n|\n|-heal|p2a: Lycanroc|29\/100|[from] item: Leftovers\n|upkeep\n|turn|21\n|\n|t:|1699323925\n|move|p2a: Lycanroc|Protect||[still]\n|-fail|p2a: Lycanroc\n|move|p1a: Dripplin|Draco Meteor|p2a: Lycanroc\n|-damage|p2a: Lycanroc|0 fnt\n|-unboost|p1a: Dripplin|spa|2\n|faint|p2a: Lycanroc\n|\n|upkeep\n|\n|t:|1699323932\n|switch|p2a: Zoroark|Zoroark-Hisui, M, shiny|100\/100\n|turn|22\n|\n|t:|1699323939\n|move|p2a: Zoroark|Dark Pulse|p1a: Dripplin\n|-damage|p1a: Dripplin|38\/100\n|move|p1a: Dripplin|Draco Meteor|p2a: Zoroark|[miss]\n|-miss|p1a: Dripplin|p2a: Zoroark\n|\n|upkeep\n|turn|23\n|\n|t:|1699323945\n|move|p2a: Zoroark|Dark Pulse|p1a: Dripplin\n|-damage|p1a: Dripplin|26\/100\n|move|p1a: Dripplin|Draco Meteor|p2a: Zoroark\n|-damage|p2a: Zoroark|83\/100\n|\n|upkeep\n|turn|24\n|-activate|p2a: Zoroark|item: Quick Claw\n|\n|t:|1699323951\n|move|p2a: Zoroark|Dark Pulse|p1a: Dripplin\n|-crit|p1a: Dripplin\n|-damage|p1a: Dripplin|8\/100\n|move|p1a: Dripplin|Infestation|p2a: Zoroark\n|-resisted|p2a: Zoroark\n|-damage|p2a: Zoroark|82\/100\n|-activate|p2a: Zoroark|move: Infestation|[of] p1a: Dripplin\n|\n|-damage|p2a: Zoroark|70\/100|[from] move: Infestation|[partiallytrapped]\n|upkeep\n|turn|25\n|\n|t:|1699323964\n|move|p1a: Dripplin|Protect|p1a: Dripplin\n|-singleturn|p1a: Dripplin|Protect\n|move|p2a: Zoroark|Phantom Force||[still]\n|-prepare|p2a: Zoroark|Phantom Force\n|\n|-damage|p2a: Zoroark|58\/100|[from] move: Infestation|[partiallytrapped]\n|upkeep\n|turn|26\n|\n|t:|1699323969\n|move|p2a: Zoroark|Phantom Force|p1a: Dripplin|[from]lockedmove\n|-damage|p1a: Dripplin|0 fnt\n|faint|p1a: Dripplin\n|\n|-end|p2a: Zoroark|Infestation|[partiallytrapped]|[silent]\n|upkeep\n|\n|t:|1699323976\n|switch|p1a: Aggron|Aggron, M|100\/100\n|turn|27\n|\n|t:|1699323982\n|detailschange|p1a: Aggron|Aggron-Mega, M\n|-mega|p1a: Aggron|Aggron|Aggronite\n|move|p2a: Zoroark|Phantom Force||[still]\n|-prepare|p2a: Zoroark|Phantom Force\n|move|p1a: Aggron|Iron Head|p2a: Zoroark|[miss]\n|-miss|p1a: Aggron|p2a: Zoroark\n|\n|upkeep\n|turn|28\n|-activate|p2a: Zoroark|item: Quick Claw\n|\n|t:|1699323989\n|move|p2a: Zoroark|Phantom Force|p1a: Aggron|[from]lockedmove\n|-damage|p1a: Aggron|89\/100\n|move|p1a: Aggron|Iron Head|p2a: Zoroark\n|-crit|p2a: Zoroark\n|-damage|p2a: Zoroark|0 fnt\n|faint|p2a: Zoroark\n|\n|win|truecementdrinker\n|raw|truecementdrinker's rating: 1038 &rarr; <strong>1069<\/strong><br \/>(+31 for winning)\n|raw|Gamalaser's rating: 1000 &rarr; <strong>1000<\/strong><br \/>(+0 for losing)\n","uploadtime":1699323998,"views":6,"p1id":"truecementdrinker","p2id":"gamalaser","formatid":"gen9nationaldexubers","rating":1000,"private":0,"password":""}