{"id":"gen9nationaldexubers-1995072951","p1":"parkle","p2":"cassinidivision","format":"[Gen 9] National Dex Ubers","log":"|j|\u2606parkle\n|j|\u2606cassinidivision\n|t:|1700519587\n|gametype|singles\n|player|p1|parkle|nemona-v|\n|player|p2|cassinidivision|peonia|\n|teamsize|p1|6\n|teamsize|p2|6\n|gen|9\n|tier|[Gen 9] National Dex Ubers\n|rule|HP Percentage Mod: HP is shown in percentages\n|rule|Endless Battle Clause: Forcing endless battles is banned\n|rule|OHKO Clause: OHKO moves are banned\n|rule|Evasion Moves Clause: Evasion moves are banned\n|rule|Evasion Items Clause: Evasion items are banned\n|rule|Species Clause: Limit one of each Pok\u00e9mon\n|rule|Sleep Clause Mod: Limit one foe put to sleep\n|rule|Mega Rayquaza Clause: You cannot mega evolve Rayquaza\n|clearpoke\n|poke|p1|Lycanroc, F|\n|poke|p1|Goodra, F|\n|poke|p1|Dudunsparce-*, M|\n|poke|p1|Orthworm, M|\n|poke|p1|Pawmot, M|\n|poke|p1|Quaquaval, M|\n|poke|p2|Tyrantrum, M|\n|poke|p2|Dracozolt|\n|poke|p2|Toxtricity-Low-Key, M|\n|poke|p2|Stunfisk, F|\n|poke|p2|Jolteon, F|\n|poke|p2|Flamigo, F|\n|teampreview\n|\n|t:|1700519655\n|start\n|switch|p1a: Lycanroc|Lycanroc, F|100\/100\n|switch|p2a: Stunfisk|Stunfisk, F|100\/100\n|turn|1\n|c|\u2606parkle|flat thang\n|\n|t:|1700519670\n|move|p1a: Lycanroc|Stealth Rock|p2a: Stunfisk\n|-sidestart|p2: cassinidivision|move: Stealth Rock\n|move|p2a: Stunfisk|Stealth Rock|p1a: Lycanroc\n|-sidestart|p1: parkle|move: Stealth Rock\n|\n|upkeep\n|turn|2\n|c|\u2606parkle|WELL.\n|\n|t:|1700519714\n|move|p1a: Lycanroc|Drill Run|p2a: Stunfisk\n|-supereffective|p2a: Stunfisk\n|-damage|p2a: Stunfisk|41\/100\n|-damage|p1a: Lycanroc|91\/100|[from] item: Life Orb\n|move|p2a: Stunfisk|Earth Power|p1a: Lycanroc\n|-supereffective|p1a: Lycanroc\n|-damage|p1a: Lycanroc|0 fnt\n|faint|p1a: Lycanroc\n|\n|-heal|p2a: Stunfisk|47\/100|[from] item: Leftovers\n|upkeep\n|c|\u2606cassinidivision|flat sweep\n|\n|t:|1700519739\n|switch|p1a: Goodra|Goodra, F|100\/100\n|-damage|p1a: Goodra|88\/100|[from] Stealth Rock\n|turn|3\n|\n|t:|1700519763\n|move|p1a: Goodra|Ice Beam|p2a: Stunfisk\n|-supereffective|p2a: Stunfisk\n|-damage|p2a: Stunfisk|0 fnt\n|faint|p2a: Stunfisk\n|\n|upkeep\n|\n|t:|1700519777\n|switch|p2a: Jolteon|Jolteon, F|100\/100\n|-damage|p2a: Jolteon|88\/100|[from] Stealth Rock\n|turn|4\n|j| AutumnCookie\n|\n|t:|1700519819\n|move|p2a: Jolteon|Agility|p2a: Jolteon\n|-boost|p2a: Jolteon|spe|2\n|move|p1a: Goodra|Ice Beam|p2a: Jolteon\n|-damage|p2a: Jolteon|55\/100\n|\n|-status|p2a: Jolteon|brn|[from] item: Flame Orb\n|upkeep\n|turn|5\n|\n|t:|1700519858\n|move|p2a: Jolteon|Facade|p1a: Goodra\n|-damage|p1a: Goodra|54\/100\n|move|p1a: Goodra|Muddy Water|p2a: Jolteon\n|-damage|p2a: Jolteon|19\/100 brn\n|-unboost|p2a: Jolteon|accuracy|1\n|\n|-damage|p2a: Jolteon|13\/100 brn|[from] brn\n|upkeep\n|turn|6\n|\n|t:|1700519897\n|move|p2a: Jolteon|Facade|p1a: Goodra\n|-damage|p1a: Goodra|24\/100\n|move|p1a: Goodra|Sludge Bomb|p2a: Jolteon\n|-crit|p2a: Jolteon\n|-damage|p2a: Jolteon|0 fnt\n|faint|p2a: Jolteon\n|\n|upkeep\n|\n|t:|1700519908\n|switch|p2a: Flamigo|Flamigo, F|100\/100\n|turn|7\n|\n|t:|1700519944\n|move|p2a: Flamigo|Brave Bird|p1a: Goodra\n|-damage|p1a: Goodra|0 fnt\n|faint|p1a: Goodra\n|-damage|p2a: Flamigo|93\/100|[from] Recoil\n|\n|upkeep\n|\n|t:|1700519980\n|switch|p1a: Pawmot|Pawmot, M|100\/100\n|-damage|p1a: Pawmot|94\/100|[from] Stealth Rock\n|turn|8\n|\n|t:|1700519991\n|move|p1a: Pawmot|Double Shock|p2a: Flamigo\n|-supereffective|p2a: Flamigo\n|-damage|p2a: Flamigo|0 fnt\n|-start|p1a: Pawmot|typechange|???\/Fighting|[from] move: Double Shock\n|faint|p2a: Flamigo\n|\n|upkeep\n|\n|t:|1700519997\n|switch|p2a: Tyrantrum|Tyrantrum, M|100\/100\n|-damage|p2a: Tyrantrum|88\/100|[from] Stealth Rock\n|turn|9\n|\n|t:|1700520042\n|move|p1a: Pawmot|Close Combat|p2a: Tyrantrum\n|-supereffective|p2a: Tyrantrum\n|-damage|p2a: Tyrantrum|0 fnt\n|-unboost|p1a: Pawmot|def|1\n|-unboost|p1a: Pawmot|spd|1\n|faint|p2a: Tyrantrum\n|\n|upkeep\n|\n|t:|1700520055\n|switch|p2a: Dracozolt|Dracozolt|100\/100\n|-damage|p2a: Dracozolt|88\/100|[from] Stealth Rock\n|turn|10\n|\n|t:|1700520074\n|move|p1a: Pawmot|Quick Attack|p2a: Dracozolt\n|-damage|p2a: Dracozolt|76\/100\n|move|p2a: Dracozolt|Dragon Claw|p1a: Pawmot\n|-damage|p1a: Pawmot|0 fnt\n|faint|p1a: Pawmot\n|\n|upkeep\n|\n|t:|1700520122\n|switch|p1a: Quaquaval|Quaquaval, M|100\/100\n|-damage|p1a: Quaquaval|94\/100|[from] Stealth Rock\n|turn|11\n|\n|t:|1700520135\n|move|p1a: Quaquaval|Ice Spinner|p2a: Dracozolt\n|-supereffective|p2a: Dracozolt\n|-damage|p2a: Dracozolt|26\/100\n|move|p2a: Dracozolt|Charge|p2a: Dracozolt\n|-boost|p2a: Dracozolt|spd|1\n|-start|p2a: Dracozolt|Charge\n|\n|-heal|p1a: Quaquaval|100\/100|[from] item: Leftovers\n|upkeep\n|turn|12\n|\n|t:|1700520149\n|move|p1a: Quaquaval|Aqua Step|p2a: Dracozolt\n|-resisted|p2a: Dracozolt\n|-damage|p2a: Dracozolt|5\/100\n|-boost|p1a: Quaquaval|spe|1\n|move|p2a: Dracozolt|Thunder Punch|p1a: Quaquaval\n|-supereffective|p1a: Quaquaval\n|-damage|p1a: Quaquaval|0 fnt\n|faint|p1a: Quaquaval\n|-end|p2a: Dracozolt|Charge|[silent]\n|\n|upkeep\n|\n|t:|1700520185\n|switch|p1a: Dudunsparce|Dudunsparce-Three-Segment, M|100\/100\n|-damage|p1a: Dudunsparce|88\/100|[from] Stealth Rock\n|turn|13\n|\n|t:|1700520205\n|move|p2a: Dracozolt|Dragon Claw|p1a: Dudunsparce\n|-damage|p1a: Dudunsparce|34\/100\n|move|p1a: Dudunsparce|Coil|p1a: Dudunsparce\n|-boost|p1a: Dudunsparce|atk|1\n|-boost|p1a: Dudunsparce|def|1\n|-boost|p1a: Dudunsparce|accuracy|1\n|\n|upkeep\n|turn|14\n|\n|t:|1700520217\n|move|p2a: Dracozolt|Dragon Claw|p1a: Dudunsparce\n|-crit|p1a: Dudunsparce\n|-damage|p1a: Dudunsparce|0 fnt\n|faint|p1a: Dudunsparce\n|\n|upkeep\n|\n|t:|1700520221\n|switch|p1a: Orthworm|Orthworm, M|100\/100\n|-damage|p1a: Orthworm|94\/100|[from] Stealth Rock\n|turn|15\n|\n|t:|1700520232\n|move|p2a: Dracozolt|Dragon Claw|p1a: Orthworm\n|-resisted|p1a: Orthworm\n|-damage|p1a: Orthworm|72\/100\n|move|p1a: Orthworm|Earthquake|p2a: Dracozolt\n|-supereffective|p2a: Dracozolt\n|-damage|p2a: Dracozolt|0 fnt\n|faint|p2a: Dracozolt\n|\n|upkeep\n|\n|t:|1700520240\n|switch|p2a: Toxtricity|Toxtricity-Low-Key, M|100\/100\n|-damage|p2a: Toxtricity|88\/100|[from] Stealth Rock\n|turn|16\n|\n|t:|1700520262\n|move|p2a: Toxtricity|Boomburst|p1a: Orthworm\n|-resisted|p1a: Orthworm\n|-damage|p1a: Orthworm|0 fnt\n|faint|p1a: Orthworm\n|\n|win|cassinidivision\n","uploadtime":1700520271,"views":2,"p1id":"parkle","p2id":"cassinidivision","formatid":"gen9nationaldexubers","rating":0,"private":0,"password":""}