{"id":"gen9nationaldexubers-1988026716","p1":"NullSword","p2":"cradily moment","format":"[Gen 9] National Dex Ubers","log":"|j|\u2606NullSword\n|j|\u2606cradily moment\n|t:|1699660690\n|gametype|singles\n|player|p1|NullSword|giovanni|1169\n|player|p2|cradily moment|rocker-gen3|1179\n|teamsize|p1|6\n|teamsize|p2|6\n|gen|9\n|tier|[Gen 9] National Dex Ubers\n|rated|\n|rule|HP Percentage Mod: HP is shown in percentages\n|rule|Endless Battle Clause: Forcing endless battles is banned\n|rule|OHKO Clause: OHKO moves are banned\n|rule|Evasion Moves Clause: Evasion moves are banned\n|rule|Evasion Items Clause: Evasion items are banned\n|rule|Species Clause: Limit one of each Pok\u00e9mon\n|rule|Sleep Clause Mod: Limit one foe put to sleep\n|rule|Mega Rayquaza Clause: You cannot mega evolve Rayquaza\n|clearpoke\n|poke|p1|Okidogi, M|\n|poke|p1|Ninetales-Alola, M|\n|poke|p1|Baxcalibur, M|\n|poke|p1|Manaphy|\n|poke|p1|Kingambit, M|\n|poke|p1|Ditto|\n|poke|p2|Kingambit, M|\n|poke|p2|Whirlipede, M|\n|poke|p2|Dracovish|\n|poke|p2|Gholdengo|\n|poke|p2|Great Tusk|\n|poke|p2|Rotom-Wash|\n|teampreview\n|inactive|Battle timer is ON: inactive players will automatically lose when time's up. (requested by cradily moment)\n|inactive|NullSword also wants the timer to be on.\n|c|\u2606cradily moment|oker dogerson!!!!!!!!!!!!\n|\n|t:|1699660720\n|start\n|switch|p1a: Ninetales|Ninetales-Alola, M|100\/100\n|switch|p2a: joe dengo|Gholdengo|100\/100\n|-weather|Snow|[from] ability: Snow Warning|[of] p1a: Ninetales\n|turn|1\n|\n|t:|1699660741\n|switch|p1a: Manaphy|Manaphy|100\/100\n|move|p2a: joe dengo|Make It Rain|p1a: Manaphy\n|-resisted|p1a: Manaphy\n|-damage|p1a: Manaphy|70\/100\n|-unboost|p2a: joe dengo|spa|1\n|\n|-weather|Snow|[upkeep]\n|-heal|p1a: Manaphy|76\/100|[from] item: Leftovers\n|upkeep\n|turn|2\n|\n|t:|1699660762\n|switch|p2a: the win button|Dracovish|100\/100\n|move|p1a: Manaphy|Tail Glow|p1a: Manaphy\n|-boost|p1a: Manaphy|spa|3\n|\n|-weather|Snow|[upkeep]\n|-heal|p1a: Manaphy|82\/100|[from] item: Leftovers\n|upkeep\n|turn|3\n|inactive|cradily moment has 120 seconds left.\n|inactive|NullSword has 120 seconds left.\n|\n|t:|1699660797\n|move|p2a: the win button|Outrage|p1a: Manaphy\n|-damage|p1a: Manaphy|33\/100\n|move|p1a: Manaphy|Dazzling Gleam|p2a: the win button\n|-supereffective|p2a: the win button\n|-damage|p2a: the win button|0 fnt\n|faint|p2a: the win button\n|\n|-weather|Snow|[upkeep]\n|-heal|p1a: Manaphy|39\/100|[from] item: Leftovers\n|upkeep\n|\n|t:|1699660803\n|switch|p2a: joe dengo|Gholdengo|100\/100\n|turn|4\n|inactive|cradily moment has 120 seconds left.\n|inactive|NullSword has 120 seconds left.\n|\n|t:|1699660813\n|move|p2a: joe dengo|Thunderbolt|p1a: Manaphy\n|-supereffective|p1a: Manaphy\n|-damage|p1a: Manaphy|0 fnt\n|faint|p1a: Manaphy\n|\n|-weather|Snow|[upkeep]\n|upkeep\n|inactive|NullSword has 120 seconds left.\n|\n|t:|1699660819\n|switch|p1a: Okidogi|Okidogi, M|100\/100\n|turn|5\n|\n|t:|1699660826\n|switch|p2a: facesitter 5000|Great Tusk|100\/100\n|move|p1a: Okidogi|Knock Off|p2a: facesitter 5000\n|-resisted|p2a: facesitter 5000\n|-damage|p2a: facesitter 5000|92\/100\n|-damage|p1a: Okidogi|84\/100|[from] item: Rocky Helmet|[of] p2a: facesitter 5000\n|-enditem|p2a: facesitter 5000|Rocky Helmet|[from] move: Knock Off|[of] p1a: Okidogi\n|\n|-weather|none\n|-heal|p1a: Okidogi|90\/100|[from] item: Leftovers\n|upkeep\n|turn|6\n|inactive|NullSword has 120 seconds left.\n|inactive|NullSword has 90 seconds left.\n|\n|t:|1699660891\n|switch|p1a: Ninetales|Ninetales-Alola, M|100\/100\n|-weather|Snow|[from] ability: Snow Warning|[of] p1a: Ninetales\n|move|p2a: facesitter 5000|Stealth Rock|p1a: Ninetales\n|-sidestart|p1: NullSword|move: Stealth Rock\n|\n|-weather|Snow|[upkeep]\n|upkeep\n|turn|7\n|\n|t:|1699660900\n|-end|p2a: facesitter 5000|Protosynthesis|[silent]\n|switch|p2a: goddambit|Kingambit, M|100\/100\n|move|p1a: Ninetales|Aurora Veil|p1a: Ninetales\n|-sidestart|p1: NullSword|move: Aurora Veil\n|\n|-weather|Snow|[upkeep]\n|upkeep\n|turn|8\n|inactive|NullSword has 90 seconds left.\n|\n|t:|1699660923\n|switch|p1a: Okidogi|Okidogi, M|90\/100\n|-damage|p1a: Okidogi|84\/100|[from] Stealth Rock\n|move|p2a: goddambit|Iron Head|p1a: Okidogi\n|-damage|p1a: Okidogi|69\/100\n|\n|-weather|Snow|[upkeep]\n|-heal|p1a: Okidogi|75\/100|[from] item: Leftovers\n|upkeep\n|turn|9\n|\n|t:|1699660938\n|switch|p2a: facesitter 5000|Great Tusk|92\/100\n|move|p1a: Okidogi|Bulk Up|p1a: Okidogi\n|-boost|p1a: Okidogi|atk|1\n|-boost|p1a: Okidogi|def|1\n|\n|-weather|Snow|[upkeep]\n|-heal|p1a: Okidogi|82\/100|[from] item: Leftovers\n|upkeep\n|turn|10\n|\n|t:|1699660949\n|-terastallize|p1a: Okidogi|Water\n|move|p1a: Okidogi|Bulk Up|p1a: Okidogi\n|-boost|p1a: Okidogi|atk|1\n|-boost|p1a: Okidogi|def|1\n|move|p2a: facesitter 5000|Earthquake|p1a: Okidogi\n|-damage|p1a: Okidogi|72\/100\n|\n|-weather|none\n|-heal|p1a: Okidogi|78\/100|[from] item: Leftovers\n|upkeep\n|turn|11\n|\n|t:|1699660956\n|-end|p2a: facesitter 5000|Protosynthesis|[silent]\n|switch|p2a: joe dengo|Gholdengo|100\/100\n|move|p1a: Okidogi|Bulk Up|p1a: Okidogi\n|-boost|p1a: Okidogi|atk|1\n|-boost|p1a: Okidogi|def|1\n|\n|-heal|p1a: Okidogi|84\/100|[from] item: Leftovers\n|upkeep\n|turn|12\n|\n|t:|1699660960\n|move|p2a: joe dengo|Trick|p1a: Okidogi\n|-activate|p2a: joe dengo|move: Trick|[of] p1a: Okidogi\n|-item|p1a: Okidogi|Choice Scarf|[from] move: Trick\n|-item|p2a: joe dengo|Leftovers|[from] move: Trick\n|move|p1a: Okidogi|Knock Off|p2a: joe dengo\n|-supereffective|p2a: joe dengo\n|-damage|p2a: joe dengo|0 fnt\n|-enditem|p2a: joe dengo|Leftovers|[from] move: Knock Off|[of] p1a: Okidogi\n|faint|p2a: joe dengo\n|\n|upkeep\n|\n|t:|1699660967\n|switch|p2a: goddambit|Kingambit, M|100\/100\n|turn|13\n|inactive|NullSword has 90 seconds left.\n|\n|t:|1699660992\n|move|p1a: Okidogi|Knock Off|p2a: goddambit\n|-resisted|p2a: goddambit\n|-damage|p2a: goddambit|75\/100\n|-damage|p1a: Okidogi|68\/100|[from] item: Rocky Helmet|[of] p2a: goddambit\n|-enditem|p2a: goddambit|Rocky Helmet|[from] move: Knock Off|[of] p1a: Okidogi\n|move|p2a: goddambit|Swords Dance|p2a: goddambit\n|-boost|p2a: goddambit|atk|2\n|\n|upkeep\n|turn|14\n|\n|t:|1699661000\n|move|p1a: Okidogi|Knock Off|p2a: goddambit\n|-resisted|p2a: goddambit\n|-damage|p2a: goddambit|56\/100\n|move|p2a: goddambit|Swords Dance|p2a: goddambit\n|-boost|p2a: goddambit|atk|2\n|\n|-sideend|p1: NullSword|move: Aurora Veil\n|upkeep\n|turn|15\n|inactive|NullSword has 90 seconds left.\n|\n|t:|1699661008\n|move|p2a: goddambit|Sucker Punch|p1a: Okidogi\n|-damage|p1a: Okidogi|36\/100\n|move|p1a: Okidogi|Knock Off|p2a: goddambit\n|-resisted|p2a: goddambit\n|-crit|p2a: goddambit\n|-damage|p2a: goddambit|29\/100\n|\n|upkeep\n|turn|16\n|\n|t:|1699661013\n|move|p2a: goddambit|Sucker Punch|p1a: Okidogi\n|-damage|p1a: Okidogi|5\/100\n|move|p1a: Okidogi|Knock Off|p2a: goddambit\n|-resisted|p2a: goddambit\n|-damage|p2a: goddambit|9\/100\n|\n|upkeep\n|turn|17\n|\n|t:|1699661022\n|move|p2a: goddambit|Sucker Punch|p1a: Okidogi\n|-damage|p1a: Okidogi|0 fnt\n|faint|p1a: Okidogi\n|\n|upkeep\n|inactive|NullSword has 90 seconds left.\n|\n|t:|1699661058\n|switch|p1a: Ditto|Ditto, shiny|100\/100\n|-damage|p1a: Ditto|88\/100|[from] Stealth Rock\n|-transform|p1a: Ditto|p2a: goddambit|[from] ability: Imposter\n|turn|18\n|\n|t:|1699661072\n|switch|p2a: facesitter 5000|Great Tusk|92\/100\n|move|p1a: Ditto|Sucker Punch||[still]\n|-fail|p1a: Ditto\n|\n|upkeep\n|turn|19\n|inactive|NullSword has 60 seconds left.\n|inactive|NullSword has 30 seconds left.\n|\n|t:|1699661138\n|-end|p2a: facesitter 5000|Protosynthesis|[silent]\n|switch|p2a: whirlie :)|Whirlipede, M, shiny|100\/100\n|switch|p1a: Ninetales|Ninetales-Alola, M|100\/100\n|-damage|p1a: Ninetales|76\/100|[from] Stealth Rock\n|-weather|Snow|[from] ability: Snow Warning|[of] p1a: Ninetales\n|\n|-weather|Snow|[upkeep]\n|upkeep\n|turn|20\n|\n|t:|1699661144\n|move|p1a: Ninetales|Aurora Veil|p1a: Ninetales\n|-sidestart|p1: NullSword|move: Aurora Veil\n|move|p2a: whirlie :)|Toxic Spikes|p1a: Ninetales\n|-sidestart|p1: NullSword|move: Toxic Spikes\n|\n|-weather|Snow|[upkeep]\n|upkeep\n|turn|21\n|\n|t:|1699661152\n|move|p1a: Ninetales|Hypnosis|p2a: whirlie :)\n|-status|p2a: whirlie :)|slp|[from] move: Hypnosis\n|cant|p2a: whirlie :)|slp\n|\n|-weather|Snow|[upkeep]\n|upkeep\n|turn|22\n|\n|t:|1699661157\n|switch|p1a: Baxcalibur|Baxcalibur, M|100\/100\n|-damage|p1a: Baxcalibur|76\/100|[from] Stealth Rock\n|-status|p1a: Baxcalibur|psn\n|cant|p2a: whirlie :)|slp\n|\n|-weather|Snow|[upkeep]\n|-heal|p1a: Baxcalibur|82\/100 psn|[from] ability: Ice Body\n|-damage|p1a: Baxcalibur|70\/100 psn|[from] psn\n|upkeep\n|turn|23\n|\n|t:|1699661179\n|move|p1a: Baxcalibur|Dragon Dance|p1a: Baxcalibur\n|-boost|p1a: Baxcalibur|atk|1\n|-boost|p1a: Baxcalibur|spe|1\n|cant|p2a: whirlie :)|slp\n|\n|-weather|none\n|-damage|p1a: Baxcalibur|57\/100 psn|[from] psn\n|upkeep\n|turn|24\n|inactive|NullSword has 60 seconds left.\n|\n|t:|1699661208\n|-terastallize|p2a: whirlie :)|Steel\n|-curestatus|p2a: whirlie :)|slp|[msg]\n|move|p2a: whirlie :)|Protect|p2a: whirlie :)\n|-singleturn|p2a: whirlie :)|Protect\n|move|p1a: Baxcalibur|Earthquake|p2a: whirlie :)\n|-activate|p2a: whirlie :)|move: Protect\n|\n|-damage|p1a: Baxcalibur|45\/100 psn|[from] psn\n|upkeep\n|turn|25\n|\n|t:|1699661218\n|move|p2a: whirlie :)|Protect|p2a: whirlie :)\n|-singleturn|p2a: whirlie :)|Protect\n|move|p1a: Baxcalibur|Earthquake|p2a: whirlie :)\n|-activate|p2a: whirlie :)|move: Protect\n|\n|-damage|p1a: Baxcalibur|32\/100 psn|[from] psn\n|upkeep\n|turn|26\n|c|\u2606NullSword|Wow\n|c|\u2606NullSword|Double protect\n|c|\u2606cradily moment|ez\n|\n|t:|1699661228\n|move|p1a: Baxcalibur|Earthquake|p2a: whirlie :)\n|-supereffective|p2a: whirlie :)\n|-damage|p2a: whirlie :)|38\/100\n|move|p2a: whirlie :)|Spikes|p1a: Baxcalibur\n|-sidestart|p1: NullSword|Spikes\n|\n|-damage|p1a: Baxcalibur|20\/100 psn|[from] psn\n|upkeep\n|turn|27\n|\n|t:|1699661233\n|move|p2a: whirlie :)|Protect|p2a: whirlie :)\n|-singleturn|p2a: whirlie :)|Protect\n|move|p1a: Baxcalibur|Dragon Dance|p1a: Baxcalibur\n|-boost|p1a: Baxcalibur|atk|1\n|-boost|p1a: Baxcalibur|spe|1\n|\n|-damage|p1a: Baxcalibur|8\/100 psn|[from] psn\n|-sideend|p1: NullSword|move: Aurora Veil\n|upkeep\n|turn|28\n|\n|t:|1699661237\n|switch|p2a: rotom-josh|Rotom-Wash|100\/100\n|move|p1a: Baxcalibur|Earthquake|p2a: rotom-josh\n|-immune|p2a: rotom-josh|[from] ability: Levitate\n|\n|-damage|p1a: Baxcalibur|0 fnt|[from] psn\n|faint|p1a: Baxcalibur\n|upkeep\n|\n|t:|1699661242\n|switch|p1a: Ninetales|Ninetales-Alola, M|76\/100\n|-damage|p1a: Ninetales|51\/100|[from] Stealth Rock\n|-status|p1a: Ninetales|psn\n|-damage|p1a: Ninetales|38\/100 psn|[from] Spikes\n|-weather|Snow|[from] ability: Snow Warning|[of] p1a: Ninetales\n|turn|29\n|\n|t:|1699661247\n|move|p1a: Ninetales|Aurora Veil|p1a: Ninetales\n|-sidestart|p1: NullSword|move: Aurora Veil\n|move|p2a: rotom-josh|Volt Switch|p1a: Ninetales\n|-damage|p1a: Ninetales|27\/100 psn\n|\n|t:|1699661252\n|switch|p2a: whirlie :)|Whirlipede, M, shiny, tera:Steel|38\/100|[from] Volt Switch\n|\n|-weather|Snow|[upkeep]\n|-damage|p1a: Ninetales|15\/100 psn|[from] psn\n|upkeep\n|turn|30\n|c|\u2606cradily moment|congrats Katie you actually maybe pulled it back\n|inactive|NullSword has 90 seconds left.\n|\n|t:|1699661270\n|move|p1a: Ninetales|Hypnosis|p2a: whirlie :)|[miss]\n|-miss|p1a: Ninetales|p2a: whirlie :)\n|move|p2a: whirlie :)|Spikes|p1a: Ninetales\n|-sidestart|p1: NullSword|Spikes\n|\n|-weather|Snow|[upkeep]\n|-damage|p1a: Ninetales|3\/100 psn|[from] psn\n|upkeep\n|turn|31\n|\n|t:|1699661274\n|move|p2a: whirlie :)|Protect|p2a: whirlie :)\n|-singleturn|p2a: whirlie :)|Protect\n|move|p1a: Ninetales|Hypnosis|p2a: whirlie :)\n|-activate|p2a: whirlie :)|move: Protect\n|\n|-weather|Snow|[upkeep]\n|-damage|p1a: Ninetales|0 fnt|[from] psn\n|faint|p1a: Ninetales\n|upkeep\n|\n|t:|1699661283\n|switch|p1a: Kingambit|Kingambit, M|100\/100\n|-damage|p1a: Kingambit|94\/100|[from] Stealth Rock\n|-activate|p1a: Kingambit|ability: Supreme Overlord\n|-start|p1a: Kingambit|fallen4|[silent]\n|-item|p1a: Kingambit|Air Balloon\n|turn|32\n|\n|t:|1699661288\n|switch|p2a: rotom-josh|Rotom-Wash|100\/100\n|move|p1a: Kingambit|Swords Dance|p1a: Kingambit\n|-boost|p1a: Kingambit|atk|2\n|\n|-weather|Snow|[upkeep]\n|upkeep\n|turn|33\n|\n|t:|1699661300\n|move|p2a: rotom-josh|Will-O-Wisp|p1a: Kingambit\n|-status|p1a: Kingambit|brn\n|move|p1a: Kingambit|Kowtow Cleave|p2a: rotom-josh\n|-damage|p2a: rotom-josh|36\/100\n|\n|-weather|none\n|-heal|p2a: rotom-josh|43\/100|[from] item: Leftovers\n|-damage|p1a: Kingambit|88\/100 brn|[from] brn\n|upkeep\n|turn|34\n|\n|t:|1699661307\n|move|p2a: rotom-josh|Volt Switch|p1a: Kingambit\n|-damage|p1a: Kingambit|73\/100 brn\n|-enditem|p1a: Kingambit|Air Balloon\n|\n|t:|1699661309\n|switch|p2a: facesitter 5000|Great Tusk|92\/100|[from] Volt Switch\n|move|p1a: Kingambit|Kowtow Cleave|p2a: facesitter 5000\n|-resisted|p2a: facesitter 5000\n|-damage|p2a: facesitter 5000|75\/100\n|\n|-damage|p1a: Kingambit|67\/100 brn|[from] brn\n|upkeep\n|turn|35\n|inactive|NullSword has 120 seconds left.\n|\n|t:|1699661317\n|move|p2a: facesitter 5000|Body Press|p1a: Kingambit\n|-supereffective|p1a: Kingambit\n|-damage|p1a: Kingambit|0 fnt\n|faint|p1a: Kingambit\n|-end|p1a: Kingambit|fallen4|[silent]\n|\n|upkeep\n|\n|t:|1699661320\n|switch|p1a: Ditto|Ditto, shiny|88\/100\n|-damage|p1a: Ditto|76\/100|[from] Stealth Rock\n|-status|p1a: Ditto|psn\n|-damage|p1a: Ditto|59\/100 psn|[from] Spikes\n|-transform|p1a: Ditto|p2a: facesitter 5000|[from] ability: Imposter\n|turn|36\n|c|\u2606cradily moment|gg\n|\n|t:|1699661328\n|move|p1a: Ditto|Body Press|p2a: facesitter 5000\n|-damage|p2a: facesitter 5000|55\/100\n|move|p2a: facesitter 5000|Rapid Spin|p1a: Ditto\n|-damage|p1a: Ditto|54\/100 psn\n|-boost|p2a: facesitter 5000|spe|1\n|\n|-damage|p1a: Ditto|41\/100 psn|[from] psn\n|-sideend|p1: NullSword|move: Aurora Veil\n|upkeep\n|turn|37\n|\n|t:|1699661337\n|move|p2a: facesitter 5000|Earthquake|p1a: Ditto\n|-damage|p1a: Ditto|11\/100 psn\n|move|p1a: Ditto|Body Press|p2a: facesitter 5000\n|-damage|p2a: facesitter 5000|34\/100\n|\n|-damage|p1a: Ditto|0 fnt|[from] psn\n|faint|p1a: Ditto\n|-end|p1a: Ditto|Protosynthesis|[silent]\n|\n|win|cradily moment\n|upkeep\n|raw|NullSword's rating: 1169 &rarr; <strong>1145<\/strong><br \/>(-24 for losing)\n|raw|cradily moment's rating: 1179 &rarr; <strong>1203<\/strong><br \/>(+24 for winning)\n","uploadtime":1699661342,"views":7,"p1id":"nullsword","p2id":"cradilymoment","formatid":"gen9nationaldexubers","rating":1145,"private":0,"password":""}