{"id":"gen9nationaldexubers-1989285363","p1":"HazardAC","p2":"benleolee","format":"[Gen 9] National Dex Ubers","log":"|j|\u2606HazardAC\n|j|\u2606benleolee\n|t:|1699831910\n|gametype|singles\n|player|p1|HazardAC|cynthia|\n|player|p2|benleolee|169|\n|teamsize|p1|6\n|teamsize|p2|6\n|gen|9\n|tier|[Gen 9] National Dex Ubers\n|rule|HP Percentage Mod: HP is shown in percentages\n|rule|Endless Battle Clause: Forcing endless battles is banned\n|rule|OHKO Clause: OHKO moves are banned\n|rule|Evasion Moves Clause: Evasion moves are banned\n|rule|Evasion Items Clause: Evasion items are banned\n|rule|Species Clause: Limit one of each Pok\u00e9mon\n|rule|Sleep Clause Mod: Limit one foe put to sleep\n|rule|Mega Rayquaza Clause: You cannot mega evolve Rayquaza\n|clearpoke\n|poke|p1|Doublade, M|\n|poke|p1|Audino, F|\n|poke|p1|Pelipper, F|\n|poke|p1|Overqwil, F|\n|poke|p1|Thundurus-Therian, M|\n|poke|p1|Charizard, F|\n|poke|p2|Greninja-*, M|\n|poke|p2|Rillaboom, M|\n|poke|p2|Ninetales-Alola, M|\n|poke|p2|Mawile, M|\n|poke|p2|Arctozolt|\n|poke|p2|Mamoswine, M|\n|teampreview\n|c|\u2606benleolee|glgl\n|c|\u2606HazardAC|glhf\n|\n|t:|1699831960\n|start\n|switch|p1a: What He Doin|Charizard, F|100\/100\n|switch|p2a: dawg|Rillaboom, M|100\/100\n|-fieldstart|move: Grassy Terrain|[from] ability: Grassy Surge|[of] p2a: dawg\n|turn|1\n|\n|t:|1699832018\n|switch|p2a: fatass|Mamoswine, M|100\/100\n|detailschange|p1a: What He Doin|Charizard-Mega-Y, F\n|-mega|p1a: What He Doin|Charizard|Charizardite Y\n|-weather|SunnyDay|[from] ability: Drought|[of] p1a: What He Doin\n|move|p1a: What He Doin|Solar Beam||[still]\n|-prepare|p1a: What He Doin|Solar Beam\n|-anim|p1a: What He Doin|Solar Beam|p2a: fatass\n|-supereffective|p2a: fatass\n|-damage|p2a: fatass|0 fnt\n|faint|p2a: fatass\n|\n|-weather|SunnyDay|[upkeep]\n|upkeep\n|\n|t:|1699832035\n|switch|p2a: dog|Ninetales-Alola, M|100\/100\n|-weather|Snow|[from] ability: Snow Warning|[of] p2a: dog\n|turn|2\n|\n|t:|1699832057\n|move|p2a: dog|Freeze-Dry|p1a: What He Doin\n|-damage|p1a: What He Doin|80\/100\n|move|p1a: What He Doin|Flamethrower|p2a: dog\n|-supereffective|p2a: dog\n|-damage|p2a: dog|0 fnt\n|faint|p2a: dog\n|\n|-weather|Snow|[upkeep]\n|upkeep\n|\n|t:|1699832073\n|switch|p2a: bro|Arctozolt|100\/100\n|turn|3\n|j| PancakePancake\n|\n|t:|1699832082\n|switch|p1a: Big Fat|Audino, F|100\/100\n|move|p2a: bro|Substitute|p2a: bro\n|-start|p2a: bro|Substitute\n|-damage|p2a: bro|76\/100\n|\n|-weather|Snow|[upkeep]\n|-heal|p2a: bro|82\/100|[from] Grassy Terrain\n|upkeep\n|turn|4\n|\n|t:|1699832092\n|move|p2a: bro|Bolt Beak|p1a: Big Fat\n|-damage|p1a: Big Fat|28\/100\n|move|p1a: Big Fat|Knock Off|p2a: bro\n|-activate|p2a: bro|move: Substitute|[damage]\n|\n|-weather|Snow|[upkeep]\n|-heal|p2a: bro|88\/100|[from] Grassy Terrain\n|-heal|p1a: Big Fat|34\/100|[from] Grassy Terrain\n|-heal|p1a: Big Fat|40\/100|[from] item: Leftovers\n|upkeep\n|turn|5\n|\n|t:|1699832101\n|move|p1a: Big Fat|Protect|p1a: Big Fat\n|-singleturn|p1a: Big Fat|Protect\n|move|p2a: bro|Bolt Beak|p1a: Big Fat\n|-activate|p1a: Big Fat|move: Protect\n|\n|-weather|Snow|[upkeep]\n|-heal|p2a: bro|94\/100|[from] Grassy Terrain\n|-heal|p1a: Big Fat|46\/100|[from] Grassy Terrain\n|-heal|p1a: Big Fat|52\/100|[from] item: Leftovers\n|upkeep\n|turn|6\n|\n|t:|1699832118\n|switch|p1a: Swing Da Sword|Doublade, M|100\/100\n|move|p2a: bro|Bolt Beak|p1a: Swing Da Sword\n|-damage|p1a: Swing Da Sword|62\/100\n|\n|-weather|none\n|-heal|p2a: bro|100\/100|[from] Grassy Terrain\n|-heal|p1a: Swing Da Sword|69\/100|[from] Grassy Terrain\n|upkeep\n|turn|7\n|\n|t:|1699832135\n|move|p2a: bro|Bolt Beak|p1a: Swing Da Sword\n|-damage|p1a: Swing Da Sword|31\/100\n|move|p1a: Swing Da Sword|Iron Head|p2a: bro\n|-end|p2a: bro|Substitute\n|\n|-heal|p1a: Swing Da Sword|37\/100|[from] Grassy Terrain\n|upkeep\n|turn|8\n|\n|t:|1699832148\n|switch|p1a: Enel|Thundurus-Therian, M|100\/100\n|move|p2a: bro|Substitute|p2a: bro\n|-start|p2a: bro|Substitute\n|-damage|p2a: bro|76\/100\n|\n|-heal|p2a: bro|82\/100|[from] Grassy Terrain\n|-fieldend|move: Grassy Terrain\n|upkeep\n|turn|9\n|\n|t:|1699832156\n|move|p1a: Enel|Flash Cannon|p2a: bro\n|-end|p2a: bro|Substitute\n|move|p2a: bro|Blizzard|p1a: Enel\n|-supereffective|p1a: Enel\n|-damage|p1a: Enel|6\/100\n|\n|upkeep\n|turn|10\n|\n|t:|1699832174\n|move|p1a: Enel|U-turn|p2a: bro\n|-damage|p2a: bro|66\/100\n|\n|t:|1699832214\n|switch|p1a: What He Doin|Charizard-Mega-Y, F|80\/100|[from] U-turn\n|-weather|SunnyDay|[from] ability: Drought|[of] p1a: What He Doin\n|move|p2a: bro|Bolt Beak|p1a: What He Doin\n|-supereffective|p1a: What He Doin\n|-damage|p1a: What He Doin|0 fnt\n|faint|p1a: What He Doin\n|\n|-weather|SunnyDay|[upkeep]\n|upkeep\n|\n|t:|1699832239\n|switch|p1a: Enel|Thundurus-Therian, M|6\/100\n|turn|11\n|c| PancakePancake|\ud83d\udc31\u200d\ud83d\udc64\ud83d\udc31\u200d\ud83d\udc64\ud83d\udc31\u200d\ud83d\udc64\n|\n|t:|1699832253\n|move|p1a: Enel|Flash Cannon|p2a: bro\n|-damage|p2a: bro|24\/100\n|move|p2a: bro|Bolt Beak|p1a: Enel\n|-heal|p1a: Enel|31\/100|[from] ability: Volt Absorb|[of] p2a: bro\n|\n|-weather|SunnyDay|[upkeep]\n|upkeep\n|turn|12\n|\n|t:|1699832261\n|move|p1a: Enel|Flash Cannon|p2a: bro\n|-crit|p2a: bro\n|-damage|p2a: bro|0 fnt\n|faint|p2a: bro\n|\n|-weather|SunnyDay|[upkeep]\n|upkeep\n|\n|t:|1699832281\n|switch|p2a: not Arceus-Water|Mawile, M|100\/100\n|-ability|p2a: not Arceus-Water|Intimidate|boost\n|-unboost|p1a: Enel|atk|1\n|turn|13\n|\n|t:|1699832306\n|detailschange|p2a: not Arceus-Water|Mawile-Mega, M\n|-mega|p2a: not Arceus-Water|Mawile|Mawilite\n|move|p2a: not Arceus-Water|Sucker Punch|p1a: Enel\n|-damage|p1a: Enel|0 fnt\n|faint|p1a: Enel\n|\n|-weather|SunnyDay|[upkeep]\n|upkeep\n|\n|t:|1699832318\n|switch|p1a: *Gulps*|Pelipper, F|100\/100\n|-weather|RainDance|[from] ability: Drizzle|[of] p1a: *Gulps*\n|turn|14\n|\n|t:|1699832330\n|move|p2a: not Arceus-Water|Knock Off|p1a: *Gulps*\n|-damage|p1a: *Gulps*|49\/100\n|-enditem|p1a: *Gulps*|Heavy-Duty Boots|[from] move: Knock Off|[of] p2a: not Arceus-Water\n|move|p1a: *Gulps*|U-turn|p2a: not Arceus-Water\n|-resisted|p2a: not Arceus-Water\n|-damage|p2a: not Arceus-Water|98\/100\n|\n|t:|1699832333\n|switch|p1a: Spiky Guy|Overqwil, F|100\/100|[from] U-turn\n|\n|-weather|RainDance|[upkeep]\n|upkeep\n|turn|15\n|\n|t:|1699832338\n|move|p1a: Spiky Guy|Liquidation|p2a: not Arceus-Water\n|-damage|p2a: not Arceus-Water|51\/100\n|move|p2a: not Arceus-Water|Play Rough|p1a: Spiky Guy\n|-damage|p1a: Spiky Guy|0 fnt\n|faint|p1a: Spiky Guy\n|\n|-weather|RainDance|[upkeep]\n|upkeep\n|\n|t:|1699832348\n|switch|p1a: Swing Da Sword|Doublade, M|37\/100\n|turn|16\n|\n|t:|1699832353\n|move|p2a: not Arceus-Water|Sucker Punch|p1a: Swing Da Sword\n|-supereffective|p1a: Swing Da Sword\n|-damage|p1a: Swing Da Sword|0 fnt\n|faint|p1a: Swing Da Sword\n|\n|-weather|RainDance|[upkeep]\n|upkeep\n|\n|t:|1699832356\n|switch|p1a: *Gulps*|Pelipper, F|49\/100\n|turn|17\n|\n|t:|1699832360\n|move|p2a: not Arceus-Water|Sucker Punch|p1a: *Gulps*\n|-damage|p1a: *Gulps*|12\/100\n|move|p1a: *Gulps*|Hurricane|p2a: not Arceus-Water\n|-resisted|p2a: not Arceus-Water\n|-damage|p2a: not Arceus-Water|24\/100\n|-start|p2a: not Arceus-Water|confusion\n|\n|-weather|RainDance|[upkeep]\n|upkeep\n|turn|18\n|\n|t:|1699832363\n|-activate|p2a: not Arceus-Water|confusion\n|-damage|p2a: not Arceus-Water|9\/100|[from] confusion\n|move|p1a: *Gulps*|Roost|p1a: *Gulps*\n|-heal|p1a: *Gulps*|62\/100\n|-singleturn|p1a: *Gulps*|move: Roost\n|\n|-weather|none\n|upkeep\n|turn|19\n|\n|t:|1699832372\n|switch|p1a: Big Fat|Audino, F|86\/100\n|-activate|p2a: not Arceus-Water|confusion\n|move|p2a: not Arceus-Water|Play Rough|p1a: Big Fat\n|-damage|p1a: Big Fat|3\/100\n|\n|-heal|p1a: Big Fat|10\/100|[from] item: Leftovers\n|upkeep\n|turn|20\n|\n|t:|1699832380\n|move|p1a: Big Fat|Protect|p1a: Big Fat\n|-singleturn|p1a: Big Fat|Protect\n|-activate|p2a: not Arceus-Water|confusion\n|move|p2a: not Arceus-Water|Knock Off|p1a: Big Fat\n|-activate|p1a: Big Fat|move: Protect\n|\n|-heal|p1a: Big Fat|16\/100|[from] item: Leftovers\n|upkeep\n|turn|21\n|\n|t:|1699832386\n|switch|p1a: *Gulps*|Pelipper, F|62\/100\n|-weather|RainDance|[from] ability: Drizzle|[of] p1a: *Gulps*\n|-activate|p2a: not Arceus-Water|confusion\n|move|p2a: not Arceus-Water|Knock Off|p1a: *Gulps*\n|-damage|p1a: *Gulps*|31\/100\n|\n|-weather|RainDance|[upkeep]\n|upkeep\n|turn|22\n|\n|t:|1699832392\n|-end|p2a: not Arceus-Water|confusion\n|move|p2a: not Arceus-Water|Knock Off|p1a: *Gulps*\n|-damage|p1a: *Gulps*|0 fnt\n|faint|p1a: *Gulps*\n|\n|-weather|RainDance|[upkeep]\n|upkeep\n|\n|t:|1699832396\n|switch|p1a: Big Fat|Audino, F|49\/100\n|turn|23\n|\n|t:|1699832400\n|move|p2a: not Arceus-Water|Sucker Punch|p1a: Big Fat\n|-damage|p1a: Big Fat|9\/100\n|move|p1a: Big Fat|Knock Off|p2a: not Arceus-Water\n|-resisted|p2a: not Arceus-Water\n|-damage|p2a: not Arceus-Water|4\/100\n|\n|-weather|RainDance|[upkeep]\n|-heal|p1a: Big Fat|15\/100|[from] item: Leftovers\n|upkeep\n|turn|24\n|\n|t:|1699832403\n|move|p2a: not Arceus-Water|Sucker Punch|p1a: Big Fat\n|-damage|p1a: Big Fat|0 fnt\n|faint|p1a: Big Fat\n|\n|win|benleolee\n|c|\u2606HazardAC|ggs\n|c|\u2606benleolee|ggs\n|c| PancakePancake|\ud83c\udf2d\ud83c\udf2d\ud83c\udf2d\ud83c\udf2d\n|c|\u2606HazardAC|was that bolt beak into zard intentional?\n|c|\u2606benleolee|yep\n|c|\u2606HazardAC|bc that FUCKED me\n|c|\u2606HazardAC|yeah\n|c|\u2606benleolee|i kept trying to predict switches\n|c|\u2606benleolee|and lost 2 mons instantly\n|c| PancakePancake|was the bolt beak into thundurus intentional\n|c|\u2606benleolee|i thought he was u-turning\n|c|\u2606benleolee|i was ok with arctozolt dying at that point he had no slush rush\n|c|\u2606HazardAC|thats fair\n|c|\u2606HazardAC|i thought u might go for icicle crash bc u lived one flash cannon\n|c|\u2606HazardAC|get good damage\n|c|\u2606HazardAC|or keep it around for sub bc it beat audino\n|c|\u2606HazardAC|oh well\n|c|\u2606benleolee|nah i was running blizz low kick\n|c|\u2606HazardAC|good read\n|c|\u2606HazardAC|LMAO\n|c|\u2606HazardAC|respect\n|c|\u2606HazardAC|uh can u save replay?\n|c|\u2606benleolee|ye\n|c|\u2606HazardAC|bet\n|c|\u2606HazardAC|ty ty\n|c|\u2606benleolee|npnp ggs\n","uploadtime":1699832526,"views":27,"p1id":"hazardac","p2id":"benleolee","formatid":"gen9nationaldexubers","rating":0,"private":0,"password":""}