{"id":"gen9nationaldexubers-1998420144","p1":"MattCol","p2":"gonegeb","format":"[Gen 9] National Dex Ubers","log":"|j|\u2606MattCol\n|j|\u2606gonegeb\n|t:|1700940313\n|gametype|singles\n|player|p1|MattCol|2|\n|player|p2|gonegeb|alain|\n|teamsize|p1|6\n|teamsize|p2|6\n|gen|9\n|tier|[Gen 9] National Dex Ubers\n|rule|HP Percentage Mod: HP is shown in percentages\n|rule|Endless Battle Clause: Forcing endless battles is banned\n|rule|OHKO Clause: OHKO moves are banned\n|rule|Evasion Moves Clause: Evasion moves are banned\n|rule|Evasion Items Clause: Evasion items are banned\n|rule|Species Clause: Limit one of each Pok\u00e9mon\n|rule|Sleep Clause Mod: Limit one foe put to sleep\n|rule|Mega Rayquaza Clause: You cannot mega evolve Rayquaza\n|clearpoke\n|poke|p1|Kilowattrel, M|\n|poke|p1|Iron Hands|\n|poke|p1|Oricorio-Pom-Pom, F|\n|poke|p1|Toxtricity-Low-Key, F|\n|poke|p1|Rotom-Wash|\n|poke|p1|Luxray, M|\n|poke|p2|Lucario, M|\n|poke|p2|Zacian-*|\n|poke|p2|Corviknight, F|\n|poke|p2|Kingambit, M|\n|poke|p2|Gholdengo|\n|poke|p2|Heatran, M|\n|teampreview\n|\n|t:|1700940322\n|start\n|switch|p1a: Kilowattrel|Kilowattrel, M|100\/100\n|switch|p2a: Heatran|Heatran, M|100\/100\n|-item|p2a: Heatran|Air Balloon\n|turn|1\n|c|\u2606gonegeb|bird\n|\n|t:|1700940337\n|move|p1a: Kilowattrel|Tailwind|p1a: Kilowattrel\n|-sidestart|p1: MattCol|move: Tailwind\n|-start|p1a: Kilowattrel|Charge|Tailwind|[from] ability: Wind Power\n|move|p2a: Heatran|Magma Storm|p1a: Kilowattrel\n|-damage|p1a: Kilowattrel|19\/100\n|-activate|p1a: Kilowattrel|move: Magma Storm|[of] p2a: Heatran\n|\n|-damage|p1a: Kilowattrel|7\/100|[from] move: Magma Storm|[partiallytrapped]\n|upkeep\n|turn|2\n|\n|t:|1700940351\n|move|p2a: Heatran|Protect|p2a: Heatran\n|-singleturn|p2a: Heatran|Protect\n|move|p1a: Kilowattrel|Volt Switch|p2a: Heatran\n|-activate|p2a: Heatran|move: Protect\n|-end|p1a: Kilowattrel|Charge|[silent]\n|\n|-damage|p1a: Kilowattrel|0 fnt|[from] move: Magma Storm|[partiallytrapped]\n|faint|p1a: Kilowattrel\n|upkeep\n|c|\u2606gonegeb|no\n|c|\u2606gonegeb|you stay and you die\n|\n|t:|1700940365\n|switch|p1a: Rotom|Rotom-Wash|100\/100\n|turn|3\n|\n|t:|1700940441\n|move|p1a: Rotom|Electric Terrain|p1a: Rotom\n|-fieldstart|move: Electric Terrain\n|move|p2a: Heatran|Magma Storm|p1a: Rotom|[miss]\n|-miss|p2a: Heatran|p1a: Rotom\n|\n|upkeep\n|turn|4\n|\n|t:|1700940507\n|move|p1a: Rotom|Hydro Pump|p2a: Heatran\n|-supereffective|p2a: Heatran\n|-damage|p2a: Heatran|48\/100\n|-enditem|p2a: Heatran|Air Balloon\n|move|p2a: Heatran|Magma Storm|p1a: Rotom|[miss]\n|-miss|p2a: Heatran|p1a: Rotom\n|\n|-sideend|p1: MattCol|move: Tailwind\n|upkeep\n|turn|5\n|c|\u2606MattCol|:\/\n|\n|t:|1700940522\n|move|p1a: Rotom|Hydro Pump|p2a: Heatran\n|-supereffective|p2a: Heatran\n|-damage|p2a: Heatran|0 fnt\n|faint|p2a: Heatran\n|\n|upkeep\n|c|\u2606gonegeb|my balloon\n|c|\u2606gonegeb|you bastard\n|\n|t:|1700940545\n|switch|p2a: Gholdengo|Gholdengo|100\/100\n|turn|6\n|c|\u2606MattCol|Maybe be more accurate\n|\n|t:|1700940558\n|move|p1a: Rotom|Thunder Wave|p2a: Gholdengo\n|-immune|p2a: Gholdengo|[from] ability: Good as Gold\n|move|p2a: Gholdengo|Nasty Plot|p2a: Gholdengo\n|-boost|p2a: Gholdengo|spa|2\n|\n|upkeep\n|turn|7\n|c|\u2606MattCol|Lol\n|c|\u2606gonegeb|im good\n|c|\u2606gonegeb|as gold even\n|c|\u2606MattCol|Perhaps\n|\n|t:|1700940609\n|switch|p1a: Iron Hands|Iron Hands|100\/100\n|-activate|p1a: Iron Hands|ability: Quark Drive\n|-start|p1a: Iron Hands|quarkdriveatk\n|move|p2a: Gholdengo|Poltergeist|p1a: Iron Hands\n|-activate|p1a: Iron Hands|move: Poltergeist|Rocky Helmet\n|-damage|p1a: Iron Hands|84\/100\n|\n|-fieldend|move: Electric Terrain\n|-end|p1a: Iron Hands|Quark Drive\n|upkeep\n|turn|8\n|\n|t:|1700940626\n|move|p2a: Gholdengo|Dazzling Gleam|p1a: Iron Hands\n|-supereffective|p1a: Iron Hands\n|-damage|p1a: Iron Hands|0 fnt\n|faint|p1a: Iron Hands\n|-end|p1a: Iron Hands|Quark Drive|[silent]\n|\n|upkeep\n|c|\u2606gonegeb|incredible\n|\n|t:|1700940647\n|switch|p1a: Luxray|Luxray, M|100\/100\n|-ability|p1a: Luxray|Intimidate|boost\n|-unboost|p2a: Gholdengo|atk|1\n|turn|9\n|\n|t:|1700940721\n|move|p2a: Gholdengo|Dazzling Gleam|p1a: Luxray\n|-damage|p1a: Luxray|31\/100\n|-enditem|p1a: Luxray|Sitrus Berry|[eat]\n|-heal|p1a: Luxray|56\/100|[from] item: Sitrus Berry\n|move|p1a: Luxray|Crunch|p2a: Gholdengo\n|-supereffective|p2a: Gholdengo\n|-damage|p2a: Gholdengo|38\/100\n|-enditem|p2a: Gholdengo|Weakness Policy\n|-boost|p2a: Gholdengo|atk|2|[from] item: Weakness Policy\n|-boost|p2a: Gholdengo|spa|2|[from] item: Weakness Policy\n|\n|upkeep\n|turn|10\n|c|\u2606MattCol|Y\n|c|\u2606gonegeb|farewell\n|c|\u2606gonegeb|i razzle\n|c|\u2606gonegeb|i dazzle\n|\n|t:|1700940761\n|move|p2a: Gholdengo|Dazzling Gleam|p1a: Luxray\n|-damage|p1a: Luxray|0 fnt\n|faint|p1a: Luxray\n|\n|upkeep\n|\n|t:|1700940774\n|switch|p1a: Rotom|Rotom-Wash|100\/100\n|turn|11\n|\n|t:|1700940780\n|move|p1a: Rotom|Foul Play|p2a: Gholdengo\n|-supereffective|p2a: Gholdengo\n|-damage|p2a: Gholdengo|0 fnt\n|faint|p2a: Gholdengo\n|\n|upkeep\n|\n|t:|1700940790\n|switch|p2a: Corviknight|Corviknight, F|100\/100\n|-ability|p2a: Corviknight|Pressure\n|turn|12\n|\n|t:|1700940868\n|move|p1a: Rotom|Electric Terrain|p1a: Rotom\n|-fieldstart|move: Electric Terrain\n|move|p2a: Corviknight|Tailwind|p2a: Corviknight\n|-sidestart|p2: gonegeb|move: Tailwind\n|\n|upkeep\n|turn|13\n|\n|t:|1700940876\n|move|p2a: Corviknight|Iron Defense|p2a: Corviknight\n|-boost|p2a: Corviknight|def|2\n|move|p1a: Rotom|Thunder Wave|p2a: Corviknight\n|-status|p2a: Corviknight|par\n|\n|upkeep\n|turn|14\n|\n|t:|1700940901\n|switch|p1a: Toxtricity|Toxtricity-Low-Key, F|100\/100\n|move|p2a: Corviknight|Body Press|p1a: Toxtricity\n|-resisted|p1a: Toxtricity\n|-damage|p1a: Toxtricity|76\/100\n|\n|upkeep\n|turn|15\n|\n|t:|1700940917\n|move|p1a: Toxtricity|Boomburst|p2a: Corviknight\n|-resisted|p2a: Corviknight\n|-damage|p2a: Corviknight|78\/100 par\n|-enditem|p1a: Toxtricity|Throat Spray\n|-boost|p1a: Toxtricity|spa|1|[from] item: Throat Spray\n|move|p2a: Corviknight|Body Press|p1a: Toxtricity\n|-resisted|p1a: Toxtricity\n|-damage|p1a: Toxtricity|51\/100\n|\n|-sideend|p2: gonegeb|move: Tailwind\n|upkeep\n|turn|16\n|\n|t:|1700940934\n|move|p1a: Toxtricity|Discharge|p2a: Corviknight\n|-supereffective|p2a: Corviknight\n|-damage|p2a: Corviknight|0 fnt\n|faint|p2a: Corviknight\n|\n|-fieldend|move: Electric Terrain\n|upkeep\n|\n|t:|1700940943\n|switch|p2a: Lucario|Lucario, M|100\/100\n|turn|17\n|\n|t:|1700940971\n|switch|p1a: Rotom|Rotom-Wash|100\/100\n|detailschange|p2a: Lucario|Lucario-Mega, M\n|-mega|p2a: Lucario|Lucario|Lucarionite\n|move|p2a: Lucario|Swords Dance|p2a: Lucario\n|-boost|p2a: Lucario|atk|2\n|\n|upkeep\n|turn|18\n|c|\u2606gonegeb|you should change your pants\n|c|\u2606MattCol|WTf is even that\n|c|\u2606MattCol|just fid\n|c|\u2606gonegeb|this aint the place to shit yaself\n|c|\u2606MattCol|did\n|c|\u2606MattCol|Changed them for a different reason but ok bucko\n|\n|t:|1700941028\n|move|p2a: Lucario|Drain Punch|p1a: Rotom\n|-damage|p1a: Rotom|0 fnt\n|faint|p1a: Rotom\n|\n|upkeep\n|\n|t:|1700941042\n|switch|p1a: Toxtricity|Toxtricity-Low-Key, F|51\/100\n|turn|19\n|c|\u2606gonegeb|lmao\n|\n|t:|1700941065\n|move|p2a: Lucario|Drain Punch|p1a: Toxtricity\n|-resisted|p1a: Toxtricity\n|-damage|p1a: Toxtricity|0 fnt\n|faint|p1a: Toxtricity\n|\n|upkeep\n|\n|t:|1700941068\n|switch|p1a: Oricorio|Oricorio-Pom-Pom, F|100\/100\n|turn|20\n|\n|t:|1700941079\n|move|p2a: Lucario|Drain Punch|p1a: Oricorio\n|-resisted|p1a: Oricorio\n|-damage|p1a: Oricorio|19\/100\n|move|p1a: Oricorio|Substitute|p1a: Oricorio\n|-fail|p1a: Oricorio|move: Substitute|[weak]\n|\n|upkeep\n|turn|21\n|c|\u2606gonegeb|silly little bird\n|\n|t:|1700941103\n|switch|p2a: Zacian|Zacian-Crowned, shiny|100\/100\n|-ability|p2a: Zacian|Intrepid Sword|boost\n|-boost|p2a: Zacian|atk|1\n|move|p1a: Oricorio|Air Slash|p2a: Zacian\n|-resisted|p2a: Zacian\n|-damage|p2a: Zacian|85\/100\n|\n|upkeep\n|turn|22\n|\n|t:|1700941114\n|move|p2a: Zacian|Behemoth Blade|p1a: Oricorio\n|-resisted|p1a: Oricorio\n|-damage|p1a: Oricorio|0 fnt\n|faint|p1a: Oricorio\n|\n|win|gonegeb\n|l|\u2606MattCol\n","uploadtime":1700941128,"views":2,"p1id":"mattcol","p2id":"gonegeb","formatid":"gen9nationaldexubers","rating":0,"private":0,"password":""}