{"id":"gen9nationaldexubers-1993899636","p1":"wdymthenameisthere","p2":"Lamawnextwan","format":"[Gen 9] National Dex Ubers","log":"|j|\u2606wdymthenameisthere\n|j|\u2606Lamawnextwan\n|t:|1700372201\n|gametype|singles\n|player|p1|wdymthenameisthere|volkner|1105\n|player|p2|Lamawnextwan|101|1000\n|teamsize|p1|6\n|teamsize|p2|6\n|gen|9\n|tier|[Gen 9] National Dex Ubers\n|rated|\n|rule|HP Percentage Mod: HP is shown in percentages\n|rule|Endless Battle Clause: Forcing endless battles is banned\n|rule|OHKO Clause: OHKO moves are banned\n|rule|Evasion Moves Clause: Evasion moves are banned\n|rule|Evasion Items Clause: Evasion items are banned\n|rule|Species Clause: Limit one of each Pok\u00e9mon\n|rule|Sleep Clause Mod: Limit one foe put to sleep\n|rule|Mega Rayquaza Clause: You cannot mega evolve Rayquaza\n|clearpoke\n|poke|p1|Dracovish|\n|poke|p1|Calyrex-Ice|\n|poke|p1|Groudon|\n|poke|p1|Necrozma-Dusk-Mane|\n|poke|p1|Darmanitan-Galar, F|\n|poke|p1|Zygarde|\n|poke|p2|Blaziken, F|\n|poke|p2|Pelipper, F|\n|poke|p2|Donphan, L1, M|\n|poke|p2|Kangaskhan, F|\n|poke|p2|Torterra, F|\n|poke|p2|Basculegion, M|\n|teampreview\n|\n|t:|1700372205\n|start\n|switch|p1a: Abomination|Dracovish|100\/100\n|switch|p2a: Torterra|Torterra, F|100\/100\n|turn|1\n|inactive|Battle timer is ON: inactive players will automatically lose when time's up. (requested by Lamawnextwan)\n|\n|t:|1700372224\n|-terastallize|p1a: Abomination|Water\n|move|p1a: Abomination|Psychic Fangs|p2a: Torterra\n|-damage|p2a: Torterra|64\/100\n|move|p2a: Torterra|Shell Smash|p2a: Torterra\n|-unboost|p2a: Torterra|def|1\n|-unboost|p2a: Torterra|spd|1\n|-boost|p2a: Torterra|atk|2\n|-boost|p2a: Torterra|spa|2\n|-boost|p2a: Torterra|spe|2\n|\n|upkeep\n|turn|2\n|\n|t:|1700372239\n|switch|p1a: Zygarde|Zygarde|100\/100\n|move|p2a: Torterra|Bullet Seed|p1a: Zygarde\n|-damage|p1a: Zygarde|85\/100\n|-damage|p1a: Zygarde|70\/100\n|-damage|p1a: Zygarde|55\/100\n|-damage|p1a: Zygarde|39\/100\n|-hitcount|p1a: Zygarde|4\n|\n|-activate|p1a: Zygarde|ability: Power Construct\n|detailschange|p1a: Zygarde|Zygarde-Complete\n|-heal|p1a: Zygarde|60\/100|[silent]\n|upkeep\n|turn|3\n|\n|t:|1700372257\n|move|p2a: Torterra|Bullet Seed|p1a: Zygarde\n|-damage|p1a: Zygarde|48\/100\n|-damage|p1a: Zygarde|38\/100\n|-damage|p1a: Zygarde|28\/100\n|-damage|p1a: Zygarde|18\/100\n|-hitcount|p1a: Zygarde|4\n|move|p1a: Zygarde|Core Enforcer|p2a: Torterra\n|-damage|p2a: Torterra|10\/100\n|-endability|p2a: Torterra\n|\n|upkeep\n|turn|4\n|\n|t:|1700372270\n|move|p1a: Zygarde|Extreme Speed|p2a: Torterra\n|-damage|p2a: Torterra|0 fnt\n|faint|p2a: Torterra\n|\n|upkeep\n|\n|t:|1700372275\n|switch|p2a: Kangaskhan|Kangaskhan, F, shiny|100\/100\n|turn|5\n|\n|t:|1700372280\n|detailschange|p2a: Kangaskhan|Kangaskhan-Mega, F, shiny\n|-mega|p2a: Kangaskhan|Kangaskhan|Kangaskhanite\n|move|p1a: Zygarde|Extreme Speed|p2a: Kangaskhan\n|-damage|p2a: Kangaskhan|75\/100\n|move|p2a: Kangaskhan|Power-Up Punch|p1a: Zygarde\n|-damage|p1a: Zygarde|12\/100\n|-boost|p2a: Kangaskhan|atk|1\n|-crit|p1a: Zygarde\n|-damage|p1a: Zygarde|8\/100\n|-boost|p2a: Kangaskhan|atk|1\n|-hitcount|p1a: Zygarde|2\n|\n|upkeep\n|turn|6\n|\n|t:|1700372297\n|move|p2a: Kangaskhan|Power-Up Punch|p1a: Zygarde\n|-damage|p1a: Zygarde|0 fnt\n|-boost|p2a: Kangaskhan|atk|1\n|faint|p1a: Zygarde\n|-hitcount|p1: Zygarde|1\n|\n|upkeep\n|\n|t:|1700372306\n|switch|p1a: Abomination|Dracovish, tera:Water|100\/100\n|turn|7\n|\n|t:|1700372312\n|move|p1a: Abomination|Fishious Rend|p2a: Kangaskhan\n|-damage|p2a: Kangaskhan|0 fnt\n|faint|p2a: Kangaskhan\n|\n|upkeep\n|\n|t:|1700372325\n|switch|p2a: Donphan|Donphan, L1, M|100\/100\n|turn|8\n|\n|t:|1700372331\n|move|p1a: Abomination|Fishious Rend|p2a: Donphan\n|-supereffective|p2a: Donphan\n|-ability|p2a: Donphan|Sturdy\n|-damage|p2a: Donphan|8\/100\n|move|p2a: Donphan|Endeavor|p1a: Abomination\n|-damage|p1a: Abomination|1\/100\n|-heal|p2a: Donphan|100\/100|[from] item: Shell Bell|[of] p1a: Abomination\n|\n|upkeep\n|turn|9\n|\n|t:|1700372345\n|switch|p1a: snow monke|Darmanitan-Galar, F|100\/100\n|move|p2a: Donphan|Ice Shard|p1a: snow monke\n|-resisted|p1a: snow monke\n|-damage|p1a: snow monke|99\/100\n|\n|upkeep\n|turn|10\n|\n|t:|1700372357\n|-singleturn|p1a: snow monke|move: Focus Punch\n|move|p2a: Donphan|Endeavor|p1a: snow monke\n|-damage|p1a: snow monke|4\/100\n|cant|p1a: snow monke|Focus Punch|Focus Punch\n|\n|-formechange|p1a: snow monke|Darmanitan-Galar-Zen|\n|upkeep\n|turn|11\n|\n|t:|1700372367\n|move|p1a: snow monke|Freeze-Dry|p2a: Donphan\n|-supereffective|p2a: Donphan\n|-ability|p2a: Donphan|Sturdy\n|-damage|p2a: Donphan|8\/100\n|move|p2a: Donphan|Endeavor|p1a: snow monke\n|-damage|p1a: snow monke|1\/100\n|-heal|p2a: Donphan|16\/100|[from] item: Shell Bell|[of] p1a: snow monke\n|\n|upkeep\n|turn|12\n|\n|t:|1700372384\n|move|p2a: Donphan|Ice Shard|p1a: snow monke\n|-resisted|p1a: snow monke\n|-damage|p1a: snow monke|0 fnt\n|faint|p1a: snow monke\n|-heal|p2a: Donphan|24\/100|[from] item: Shell Bell|[of] p1: snow monke\n|\n|upkeep\n|\n|t:|1700372391\n|switch|p1a: Juan|Calyrex-Ice|100\/100\n|-ability|p1a: Juan|As One\n|-ability|p1a: Juan|Unnerve\n|turn|13\n|\n|t:|1700372398\n|move|p1a: Juan|Leech Seed|p2a: Donphan\n|-start|p2a: Donphan|move: Leech Seed\n|move|p2a: Donphan|Endeavor|p1a: Juan\n|-damage|p1a: Juan|1\/100\n|-heal|p2a: Donphan|100\/100|[from] item: Shell Bell|[of] p1a: Juan\n|\n|-damage|p2a: Donphan|93\/100|[from] Leech Seed|[of] p1a: Juan\n|-heal|p1a: Juan|1\/100|[silent]\n|upkeep\n|turn|14\n|\n|t:|1700372423\n|move|p2a: Donphan|Ice Shard|p1a: Juan\n|-resisted|p1a: Juan\n|-damage|p1a: Juan|1\/100\n|-heal|p2a: Donphan|100\/100|[from] item: Shell Bell|[of] p1a: Juan\n|move|p1a: Juan|Trick Room|p1a: Juan\n|-fieldstart|move: Trick Room|[of] p1a: Juan\n|\n|-damage|p2a: Donphan|93\/100|[from] Leech Seed|[of] p1a: Juan\n|-heal|p1a: Juan|1\/100|[silent]\n|upkeep\n|turn|15\n|\n|t:|1700372434\n|move|p2a: Donphan|Ice Shard|p1a: Juan\n|-resisted|p1a: Juan\n|-damage|p1a: Juan|1\/100\n|-heal|p2a: Donphan|100\/100|[from] item: Shell Bell|[of] p1a: Juan\n|move|p1a: Juan|Aromatherapy||[still]\n|-activate|p1a: Juan|move: Aromatherapy\n|-fail|p1a: Juan\n|\n|-damage|p2a: Donphan|93\/100|[from] Leech Seed|[of] p1a: Juan\n|-heal|p1a: Juan|1\/100|[silent]\n|upkeep\n|turn|16\n|\n|t:|1700372449\n|move|p2a: Donphan|Ice Shard|p1a: Juan\n|-resisted|p1a: Juan\n|-damage|p1a: Juan|1\/100\n|-heal|p2a: Donphan|100\/100|[from] item: Shell Bell|[of] p1a: Juan\n|move|p1a: Juan|Glacial Lance|p2a: Donphan\n|-supereffective|p2a: Donphan\n|-ability|p2a: Donphan|Sturdy\n|-damage|p2a: Donphan|8\/100\n|\n|-damage|p2a: Donphan|0 fnt|[from] Leech Seed|[of] p1a: Juan\n|-heal|p1a: Juan|1\/100|[silent]\n|faint|p2a: Donphan\n|upkeep\n|\n|t:|1700372462\n|switch|p2a: Blaziken|Blaziken, F|100\/100\n|turn|17\n|\n|t:|1700372467\n|move|p1a: Juan|Leech Seed|p2a: Blaziken\n|-start|p2a: Blaziken|move: Leech Seed\n|move|p2a: Blaziken|Swords Dance|p2a: Blaziken\n|-boost|p2a: Blaziken|atk|2\n|\n|-damage|p2a: Blaziken|88\/100|[from] Leech Seed|[of] p1a: Juan\n|-heal|p1a: Juan|11\/100|[silent]\n|-ability|p2a: Blaziken|Speed Boost|boost\n|-boost|p2a: Blaziken|spe|1\n|upkeep\n|turn|18\n|\n|t:|1700372477\n|move|p2a: Blaziken|Protect|p2a: Blaziken\n|-singleturn|p2a: Blaziken|Protect\n|move|p1a: Juan|Glacial Lance|p2a: Blaziken\n|-activate|p2a: Blaziken|move: Protect\n|\n|-damage|p2a: Blaziken|76\/100|[from] Leech Seed|[of] p1a: Juan\n|-heal|p1a: Juan|20\/100|[silent]\n|-fieldend|move: Trick Room\n|-ability|p2a: Blaziken|Speed Boost|boost\n|-boost|p2a: Blaziken|spe|1\n|upkeep\n|turn|19\n|\n|t:|1700372507\n|move|p2a: Blaziken|Fire Punch|p1a: Juan\n|-supereffective|p1a: Juan\n|-crit|p1a: Juan\n|-damage|p1a: Juan|0 fnt\n|faint|p1a: Juan\n|\n|-ability|p2a: Blaziken|Speed Boost|boost\n|-boost|p2a: Blaziken|spe|1\n|upkeep\n|\n|t:|1700372513\n|switch|p1a: Long Live The King|Necrozma-Dusk-Mane|100\/100\n|turn|20\n|inactive|wdymthenameisthere has 120 seconds left.\n|\n|t:|1700372531\n|detailschange|p1a: Long Live The King|Necrozma-Ultra\n|-burst|p1a: Long Live The King|Necrozma|Ultranecrozium Z\n|move|p2a: Blaziken|Fire Punch|p1a: Long Live The King\n|-resisted|p1a: Long Live The King\n|-crit|p1a: Long Live The King\n|-damage|p1a: Long Live The King|41\/100\n|move|p1a: Long Live The King|Dragon Dance|p1a: Long Live The King\n|-boost|p1a: Long Live The King|atk|1\n|-boost|p1a: Long Live The King|spe|1\n|\n|-damage|p2a: Blaziken|64\/100|[from] Leech Seed|[of] p1a: Long Live The King\n|-heal|p1a: Long Live The King|52\/100|[silent]\n|-ability|p2a: Blaziken|Speed Boost|boost\n|-boost|p2a: Blaziken|spe|1\n|upkeep\n|turn|21\n|inactive|wdymthenameisthere has 120 seconds left.\n|\n|t:|1700372550\n|move|p2a: Blaziken|Fire Punch|p1a: Long Live The King\n|-resisted|p1a: Long Live The King\n|-damage|p1a: Long Live The King|17\/100\n|-zpower|p1a: Long Live The King\n|move|p1a: Long Live The King|Light That Burns the Sky|p2a: Blaziken|[zeffect]\n|-supereffective|p2a: Blaziken\n|-damage|p2a: Blaziken|0 fnt\n|faint|p2a: Blaziken\n|\n|upkeep\n|\n|t:|1700372569\n|switch|p2a: Basculegion|Basculegion, M|100\/100\n|turn|22\n|\n|t:|1700372576\n|move|p1a: Long Live The King|Photon Geyser|p2a: Basculegion\n|-damage|p2a: Basculegion|0 fnt\n|faint|p2a: Basculegion\n|\n|upkeep\n|\n|t:|1700372583\n|switch|p2a: Pelipper|Pelipper, F|100\/100\n|-weather|RainDance|[from] ability: Drizzle|[of] p2a: Pelipper\n|turn|23\n|\n|t:|1700372588\n|move|p1a: Long Live The King|Sunsteel Strike|p2a: Pelipper\n|-resisted|p2a: Pelipper\n|-damage|p2a: Pelipper|52\/100\n|move|p2a: Pelipper|Toxic|p1a: Long Live The King\n|-status|p1a: Long Live The King|tox\n|\n|-weather|RainDance|[upkeep]\n|-damage|p1a: Long Live The King|11\/100 tox|[from] psn\n|upkeep\n|turn|24\n|-message|Lamawnextwan forfeited.\n|\n|win|wdymthenameisthere\n|raw|wdymthenameisthere's rating: 1105 &rarr; <strong>1123<\/strong><br \/>(+18 for winning)\n|raw|Lamawnextwan's rating: 1000 &rarr; <strong>1000<\/strong><br \/>(+0 for losing)\n|l|\u2606Lamawnextwan\n","uploadtime":1700372601,"views":9,"p1id":"wdymthenameisthere","p2id":"lamawnextwan","formatid":"gen9nationaldexubers","rating":1000,"private":0,"password":""}