{"id":"gen9nationaldexubers-1994169937","p1":"acepilotrobo\u6a5f\u795e\u98db\u7fd4","p2":"bloco55","format":"[Gen 9] National Dex Ubers","log":"|j|\u2606acepilotrobo\u6a5f\u795e\u98db\u7fd4\n|j|\u2606bloco55\n|t:|1700414924\n|gametype|singles\n|player|p1|acepilotrobo\u6a5f\u795e\u98db\u7fd4|unknown|1091\n|player|p2|bloco55|unknown|1178\n|teamsize|p1|6\n|teamsize|p2|6\n|gen|9\n|tier|[Gen 9] National Dex Ubers\n|rated|\n|rule|HP Percentage Mod: HP is shown in percentages\n|rule|Endless Battle Clause: Forcing endless battles is banned\n|rule|OHKO Clause: OHKO moves are banned\n|rule|Evasion Moves Clause: Evasion moves are banned\n|rule|Evasion Items Clause: Evasion items are banned\n|rule|Species Clause: Limit one of each Pok\u00e9mon\n|rule|Sleep Clause Mod: Limit one foe put to sleep\n|rule|Mega Rayquaza Clause: You cannot mega evolve Rayquaza\n|clearpoke\n|poke|p1|Genesect-Chill|\n|poke|p1|Zygarde|\n|poke|p1|Iron Moth|\n|poke|p1|Iron Jugulis|\n|poke|p1|Iron Valiant|\n|poke|p1|Iron Leaves|\n|poke|p2|Grimmsnarl, M|\n|poke|p2|Reuniclus, F|\n|poke|p2|Hatterene, F|\n|poke|p2|Cacturne, M|\n|poke|p2|Escavalier, M|\n|poke|p2|Exeggutor-Alola, M|\n|teampreview\n|inactive|Battle timer is ON: inactive players will automatically lose when time's up. (requested by acepilotrobo\u6a5f\u795e\u98db\u7fd4)\n|\n|t:|1700414938\n|start\n|switch|p1a: \u53b3\u70ac (\u30a4\u30f3\u30c6\u30f3\u30b9\u30e9\u30f3\u30c6\u30fc\u30eb)|Iron Jugulis|100\/100\n|switch|p2a: Hatterene|Hatterene, F|100\/100\n|-enditem|p1a: \u53b3\u70ac (\u30a4\u30f3\u30c6\u30f3\u30b9\u30e9\u30f3\u30c6\u30fc\u30eb)|Booster Energy\n|-activate|p1a: \u53b3\u70ac (\u30a4\u30f3\u30c6\u30f3\u30b9\u30e9\u30f3\u30c6\u30fc\u30eb)|ability: Quark Drive|[fromitem]\n|-start|p1a: \u53b3\u70ac (\u30a4\u30f3\u30c6\u30f3\u30b9\u30e9\u30f3\u30c6\u30fc\u30eb)|quarkdrivespe\n|turn|1\n|\n|t:|1700414959\n|-end|p1a: \u53b3\u70ac (\u30a4\u30f3\u30c6\u30f3\u30b9\u30e9\u30f3\u30c6\u30fc\u30eb)|Quark Drive|[silent]\n|switch|p1a: \u8d64\u3044\u5f57\u661f|Genesect-Chill, shiny|100\/100\n|-ability|p1a: \u8d64\u3044\u5f57\u661f|Download|boost\n|-boost|p1a: \u8d64\u3044\u5f57\u661f|atk|1\n|move|p2a: Hatterene|Trick Room|p2a: Hatterene\n|-fieldstart|move: Trick Room|[of] p2a: Hatterene\n|\n|upkeep\n|turn|2\n|\n|t:|1700414968\n|move|p1a: \u8d64\u3044\u5f57\u661f|Extreme Speed|p2a: Hatterene\n|-damage|p2a: Hatterene|53\/100\n|move|p2a: Hatterene|Mystical Fire|p1a: \u8d64\u3044\u5f57\u661f\n|-supereffective|p1a: \u8d64\u3044\u5f57\u661f\n|-damage|p1a: \u8d64\u3044\u5f57\u661f|0 fnt\n|faint|p1a: \u8d64\u3044\u5f57\u661f\n|-damage|p2a: Hatterene|43\/100|[from] item: Life Orb\n|\n|upkeep\n|\n|t:|1700414980\n|switch|p1a: \u30a4\u30f3\u30da\u30ea\u30a2\u30eb\u30fb\u30c9\u30e9\u30b3\u30c7\u30a6\u30b9|Zygarde|100\/100\n|turn|3\n|\n|t:|1700414985\n|-terastallize|p1a: \u30a4\u30f3\u30da\u30ea\u30a2\u30eb\u30fb\u30c9\u30e9\u30b3\u30c7\u30a6\u30b9|Fairy\n|move|p2a: Hatterene|Dazzling Gleam|p1a: \u30a4\u30f3\u30da\u30ea\u30a2\u30eb\u30fb\u30c9\u30e9\u30b3\u30c7\u30a6\u30b9\n|-damage|p1a: \u30a4\u30f3\u30da\u30ea\u30a2\u30eb\u30fb\u30c9\u30e9\u30b3\u30c7\u30a6\u30b9|41\/100\n|-damage|p2a: Hatterene|34\/100|[from] item: Life Orb\n|move|p1a: \u30a4\u30f3\u30da\u30ea\u30a2\u30eb\u30fb\u30c9\u30e9\u30b3\u30c7\u30a6\u30b9|Thousand Arrows|p2a: Hatterene\n|-damage|p2a: Hatterene|0 fnt\n|faint|p2a: Hatterene\n|\n|-heal|p1a: \u30a4\u30f3\u30da\u30ea\u30a2\u30eb\u30fb\u30c9\u30e9\u30b3\u30c7\u30a6\u30b9|47\/100|[from] item: Leftovers\n|-activate|p1a: \u30a4\u30f3\u30da\u30ea\u30a2\u30eb\u30fb\u30c9\u30e9\u30b3\u30c7\u30a6\u30b9|ability: Power Construct\n|detailschange|p1a: \u30a4\u30f3\u30da\u30ea\u30a2\u30eb\u30fb\u30c9\u30e9\u30b3\u30c7\u30a6\u30b9|Zygarde-Complete, tera:Fairy\n|-heal|p1a: \u30a4\u30f3\u30da\u30ea\u30a2\u30eb\u30fb\u30c9\u30e9\u30b3\u30c7\u30a6\u30b9|66\/100|[silent]\n|upkeep\n|\n|t:|1700415002\n|switch|p2a: Escavalier|Escavalier, M|100\/100\n|turn|4\n|\n|t:|1700415012\n|move|p2a: Escavalier|Iron Head|p1a: \u30a4\u30f3\u30da\u30ea\u30a2\u30eb\u30fb\u30c9\u30e9\u30b3\u30c7\u30a6\u30b9\n|-supereffective|p1a: \u30a4\u30f3\u30da\u30ea\u30a2\u30eb\u30fb\u30c9\u30e9\u30b3\u30c7\u30a6\u30b9\n|-damage|p1a: \u30a4\u30f3\u30da\u30ea\u30a2\u30eb\u30fb\u30c9\u30e9\u30b3\u30c7\u30a6\u30b9|24\/100\n|move|p1a: \u30a4\u30f3\u30da\u30ea\u30a2\u30eb\u30fb\u30c9\u30e9\u30b3\u30c7\u30a6\u30b9|Thousand Arrows|p2a: Escavalier\n|-crit|p2a: Escavalier\n|-damage|p2a: Escavalier|45\/100\n|\n|-heal|p2a: Escavalier|51\/100|[from] item: Leftovers\n|-heal|p1a: \u30a4\u30f3\u30da\u30ea\u30a2\u30eb\u30fb\u30c9\u30e9\u30b3\u30c7\u30a6\u30b9|31\/100|[from] item: Leftovers\n|upkeep\n|turn|5\n|\n|t:|1700415026\n|switch|p1a: \u4e94\u5c71\u9001\u308a\u706b|Iron Moth|100\/100\n|-enditem|p1a: \u4e94\u5c71\u9001\u308a\u706b|Booster Energy\n|-activate|p1a: \u4e94\u5c71\u9001\u308a\u706b|ability: Quark Drive|[fromitem]\n|-start|p1a: \u4e94\u5c71\u9001\u308a\u706b|quarkdrivespe\n|move|p2a: Escavalier|Iron Head|p1a: \u4e94\u5c71\u9001\u308a\u706b\n|-resisted|p1a: \u4e94\u5c71\u9001\u308a\u706b\n|-damage|p1a: \u4e94\u5c71\u9001\u308a\u706b|65\/100\n|\n|-heal|p2a: Escavalier|57\/100|[from] item: Leftovers\n|-fieldend|move: Trick Room\n|upkeep\n|turn|6\n|\n|t:|1700415039\n|move|p1a: \u4e94\u5c71\u9001\u308a\u706b|Fiery Dance|p2a: Escavalier\n|-supereffective|p2a: Escavalier\n|-crit|p2a: Escavalier\n|-damage|p2a: Escavalier|0 fnt\n|faint|p2a: Escavalier\n|\n|upkeep\n|\n|t:|1700415049\n|switch|p2a: Reuniclus|Reuniclus, F|100\/100\n|turn|7\n|\n|t:|1700415056\n|-end|p1a: \u4e94\u5c71\u9001\u308a\u706b|Quark Drive|[silent]\n|switch|p1a: \u53b3\u70ac (\u30a4\u30f3\u30c6\u30f3\u30b9\u30e9\u30f3\u30c6\u30fc\u30eb)|Iron Jugulis|100\/100\n|move|p2a: Reuniclus|Trick Room|p2a: Reuniclus\n|-fieldstart|move: Trick Room|[of] p2a: Reuniclus\n|\n|upkeep\n|turn|8\n|\n|t:|1700415066\n|move|p2a: Reuniclus|Focus Blast|p1a: \u53b3\u70ac (\u30a4\u30f3\u30c6\u30f3\u30b9\u30e9\u30f3\u30c6\u30fc\u30eb)\n|-damage|p1a: \u53b3\u70ac (\u30a4\u30f3\u30c6\u30f3\u30b9\u30e9\u30f3\u30c6\u30fc\u30eb)|42\/100\n|move|p1a: \u53b3\u70ac (\u30a4\u30f3\u30c6\u30f3\u30b9\u30e9\u30f3\u30c6\u30fc\u30eb)|Dark Pulse|p2a: Reuniclus\n|-supereffective|p2a: Reuniclus\n|-damage|p2a: Reuniclus|28\/100\n|\n|-heal|p2a: Reuniclus|34\/100|[from] item: Leftovers\n|upkeep\n|turn|9\n|\n|t:|1700415085\n|move|p2a: Reuniclus|Focus Blast|p1a: \u53b3\u70ac (\u30a4\u30f3\u30c6\u30f3\u30b9\u30e9\u30f3\u30c6\u30fc\u30eb)\n|-damage|p1a: \u53b3\u70ac (\u30a4\u30f3\u30c6\u30f3\u30b9\u30e9\u30f3\u30c6\u30fc\u30eb)|0 fnt\n|faint|p1a: \u53b3\u70ac (\u30a4\u30f3\u30c6\u30f3\u30b9\u30e9\u30f3\u30c6\u30fc\u30eb)\n|-end|p1a: \u53b3\u70ac (\u30a4\u30f3\u30c6\u30f3\u30b9\u30e9\u30f3\u30c6\u30fc\u30eb)|Quark Drive|[silent]\n|\n|-heal|p2a: Reuniclus|40\/100|[from] item: Leftovers\n|upkeep\n|\n|t:|1700415087\n|switch|p1a: \u4e00\u5200\u4e21\u65ad|Iron Leaves|100\/100\n|turn|10\n|\n|t:|1700415095\n|move|p1a: \u4e00\u5200\u4e21\u65ad|Protect|p1a: \u4e00\u5200\u4e21\u65ad\n|-singleturn|p1a: \u4e00\u5200\u4e21\u65ad|Protect\n|move|p2a: Reuniclus|Shadow Ball|p1a: \u4e00\u5200\u4e21\u65ad\n|-activate|p1a: \u4e00\u5200\u4e21\u65ad|move: Protect\n|\n|-heal|p2a: Reuniclus|46\/100|[from] item: Leftovers\n|upkeep\n|turn|11\n|\n|t:|1700415104\n|-end|p1a: \u4e00\u5200\u4e21\u65ad|Quark Drive|[silent]\n|switch|p1a: \u6708\u5149\u8776|Iron Valiant|100\/100\n|-enditem|p1a: \u6708\u5149\u8776|Booster Energy\n|-activate|p1a: \u6708\u5149\u8776|ability: Quark Drive|[fromitem]\n|-start|p1a: \u6708\u5149\u8776|quarkdrivespe\n|move|p2a: Reuniclus|Shadow Ball|p1a: \u6708\u5149\u8776\n|-damage|p1a: \u6708\u5149\u8776|42\/100\n|\n|-heal|p2a: Reuniclus|52\/100|[from] item: Leftovers\n|-fieldend|move: Trick Room\n|upkeep\n|turn|12\n|\n|t:|1700415115\n|move|p1a: \u6708\u5149\u8776|Moonblast|p2a: Reuniclus\n|-damage|p2a: Reuniclus|12\/100\n|move|p2a: Reuniclus|Trick Room|p2a: Reuniclus\n|-fieldstart|move: Trick Room|[of] p2a: Reuniclus\n|\n|-heal|p2a: Reuniclus|18\/100|[from] item: Leftovers\n|upkeep\n|turn|13\n|\n|t:|1700415126\n|move|p1a: \u6708\u5149\u8776|Protect|p1a: \u6708\u5149\u8776\n|-singleturn|p1a: \u6708\u5149\u8776|Protect\n|move|p2a: Reuniclus|Psychic|p1a: \u6708\u5149\u8776\n|-activate|p1a: \u6708\u5149\u8776|move: Protect\n|\n|-heal|p2a: Reuniclus|24\/100|[from] item: Leftovers\n|upkeep\n|turn|14\n|\n|t:|1700415142\n|-end|p1a: \u6708\u5149\u8776|Quark Drive|[silent]\n|switch|p1a: \u4e94\u5c71\u9001\u308a\u706b|Iron Moth|65\/100\n|move|p2a: Reuniclus|Psychic|p1a: \u4e94\u5c71\u9001\u308a\u706b\n|-supereffective|p1a: \u4e94\u5c71\u9001\u308a\u706b\n|-damage|p1a: \u4e94\u5c71\u9001\u308a\u706b|0 fnt\n|faint|p1a: \u4e94\u5c71\u9001\u308a\u706b\n|-end|p1a: \u4e94\u5c71\u9001\u308a\u706b|Quark Drive|[silent]\n|\n|-heal|p2a: Reuniclus|30\/100|[from] item: Leftovers\n|upkeep\n|\n|t:|1700415148\n|switch|p1a: \u6708\u5149\u8776|Iron Valiant|42\/100\n|turn|15\n|\n|t:|1700415156\n|move|p1a: \u6708\u5149\u8776|Protect|p1a: \u6708\u5149\u8776\n|-singleturn|p1a: \u6708\u5149\u8776|Protect\n|move|p2a: Reuniclus|Psychic|p1a: \u6708\u5149\u8776\n|-activate|p1a: \u6708\u5149\u8776|move: Protect\n|\n|-heal|p2a: Reuniclus|37\/100|[from] item: Leftovers\n|upkeep\n|turn|16\n|\n|t:|1700415165\n|-end|p1a: \u6708\u5149\u8776|Quark Drive|[silent]\n|switch|p1a: \u30a4\u30f3\u30da\u30ea\u30a2\u30eb\u30fb\u30c9\u30e9\u30b3\u30c7\u30a6\u30b9|Zygarde-Complete, tera:Fairy|31\/100\n|move|p2a: Reuniclus|Psychic|p1a: \u30a4\u30f3\u30da\u30ea\u30a2\u30eb\u30fb\u30c9\u30e9\u30b3\u30c7\u30a6\u30b9\n|-damage|p1a: \u30a4\u30f3\u30da\u30ea\u30a2\u30eb\u30fb\u30c9\u30e9\u30b3\u30c7\u30a6\u30b9|3\/100\n|\n|-heal|p2a: Reuniclus|43\/100|[from] item: Leftovers\n|-heal|p1a: \u30a4\u30f3\u30da\u30ea\u30a2\u30eb\u30fb\u30c9\u30e9\u30b3\u30c7\u30a6\u30b9|9\/100|[from] item: Leftovers\n|-fieldend|move: Trick Room\n|upkeep\n|turn|17\n|\n|t:|1700415176\n|move|p1a: \u30a4\u30f3\u30da\u30ea\u30a2\u30eb\u30fb\u30c9\u30e9\u30b3\u30c7\u30a6\u30b9|Thousand Arrows|p2a: Reuniclus\n|-damage|p2a: Reuniclus|3\/100\n|move|p2a: Reuniclus|Trick Room|p2a: Reuniclus\n|-fieldstart|move: Trick Room|[of] p2a: Reuniclus\n|\n|-heal|p2a: Reuniclus|9\/100|[from] item: Leftovers\n|-heal|p1a: \u30a4\u30f3\u30da\u30ea\u30a2\u30eb\u30fb\u30c9\u30e9\u30b3\u30c7\u30a6\u30b9|15\/100|[from] item: Leftovers\n|upkeep\n|turn|18\n|\n|t:|1700415187\n|move|p2a: Reuniclus|Shadow Ball|p1a: \u30a4\u30f3\u30da\u30ea\u30a2\u30eb\u30fb\u30c9\u30e9\u30b3\u30c7\u30a6\u30b9\n|-damage|p1a: \u30a4\u30f3\u30da\u30ea\u30a2\u30eb\u30fb\u30c9\u30e9\u30b3\u30c7\u30a6\u30b9|0 fnt\n|faint|p1a: \u30a4\u30f3\u30da\u30ea\u30a2\u30eb\u30fb\u30c9\u30e9\u30b3\u30c7\u30a6\u30b9\n|\n|-heal|p2a: Reuniclus|15\/100|[from] item: Leftovers\n|upkeep\n|\n|t:|1700415189\n|switch|p1a: \u4e00\u5200\u4e21\u65ad|Iron Leaves|100\/100\n|turn|19\n|\n|t:|1700415197\n|move|p1a: \u4e00\u5200\u4e21\u65ad|Quick Attack|p2a: Reuniclus\n|-damage|p2a: Reuniclus|0 fnt\n|faint|p2a: Reuniclus\n|-damage|p1a: \u4e00\u5200\u4e21\u65ad|91\/100|[from] item: Life Orb\n|\n|upkeep\n|\n|t:|1700415205\n|switch|p2a: Cacturne|Cacturne, M|100\/100\n|turn|20\n|\n|t:|1700415209\n|move|p1a: \u4e00\u5200\u4e21\u65ad|Protect|p1a: \u4e00\u5200\u4e21\u65ad\n|-singleturn|p1a: \u4e00\u5200\u4e21\u65ad|Protect\n|move|p2a: Cacturne|Dark Pulse|p1a: \u4e00\u5200\u4e21\u65ad\n|-activate|p1a: \u4e00\u5200\u4e21\u65ad|move: Protect\n|\n|upkeep\n|turn|21\n|\n|t:|1700415218\n|move|p1a: \u4e00\u5200\u4e21\u65ad|Protect|p1a: \u4e00\u5200\u4e21\u65ad\n|-singleturn|p1a: \u4e00\u5200\u4e21\u65ad|Protect\n|move|p2a: Cacturne|Dark Pulse|p1a: \u4e00\u5200\u4e21\u65ad\n|-activate|p1a: \u4e00\u5200\u4e21\u65ad|move: Protect\n|\n|-fieldend|move: Trick Room\n|upkeep\n|turn|22\n|\n|t:|1700415227\n|move|p1a: \u4e00\u5200\u4e21\u65ad|Quick Attack|p2a: Cacturne\n|-damage|p2a: Cacturne|75\/100\n|-damage|p1a: \u4e00\u5200\u4e21\u65ad|81\/100|[from] item: Life Orb\n|move|p2a: Cacturne|Destiny Bond|p2a: Cacturne\n|-singlemove|p2a: Cacturne|Destiny Bond\n|\n|upkeep\n|turn|23\n|\n|t:|1700415236\n|move|p1a: \u4e00\u5200\u4e21\u65ad|Protect|p1a: \u4e00\u5200\u4e21\u65ad\n|-singleturn|p1a: \u4e00\u5200\u4e21\u65ad|Protect\n|move|p2a: Cacturne|Dark Pulse|p1a: \u4e00\u5200\u4e21\u65ad\n|-activate|p1a: \u4e00\u5200\u4e21\u65ad|move: Protect\n|\n|upkeep\n|turn|24\n|\n|t:|1700415244\n|move|p1a: \u4e00\u5200\u4e21\u65ad|Quick Attack|p2a: Cacturne\n|-damage|p2a: Cacturne|50\/100\n|-damage|p1a: \u4e00\u5200\u4e21\u65ad|71\/100|[from] item: Life Orb\n|move|p2a: Cacturne|Dark Pulse|p1a: \u4e00\u5200\u4e21\u65ad\n|-supereffective|p1a: \u4e00\u5200\u4e21\u65ad\n|-damage|p1a: \u4e00\u5200\u4e21\u65ad|0 fnt\n|faint|p1a: \u4e00\u5200\u4e21\u65ad\n|-end|p1a: \u4e00\u5200\u4e21\u65ad|Quark Drive|[silent]\n|\n|upkeep\n|\n|t:|1700415249\n|switch|p1a: \u6708\u5149\u8776|Iron Valiant|42\/100\n|turn|25\n|\n|t:|1700415255\n|move|p1a: \u6708\u5149\u8776|Moonblast|p2a: Cacturne\n|-supereffective|p2a: Cacturne\n|-damage|p2a: Cacturne|0 fnt\n|faint|p2a: Cacturne\n|\n|upkeep\n|\n|t:|1700415263\n|switch|p2a: Grimmsnarl|Grimmsnarl, M|100\/100\n|turn|26\n|\n|t:|1700415268\n|move|p2a: Grimmsnarl|Taunt|p1a: \u6708\u5149\u8776\n|-start|p1a: \u6708\u5149\u8776|move: Taunt\n|move|p1a: \u6708\u5149\u8776|Moonblast|p2a: Grimmsnarl\n|-supereffective|p2a: Grimmsnarl\n|-damage|p2a: Grimmsnarl|0 fnt\n|faint|p2a: Grimmsnarl\n|\n|upkeep\n|\n|t:|1700415277\n|switch|p2a: Exeggutor|Exeggutor-Alola, M|100\/100\n|turn|27\n|\n|t:|1700415283\n|move|p1a: \u6708\u5149\u8776|Moonblast|p2a: Exeggutor\n|-supereffective|p2a: Exeggutor\n|-damage|p2a: Exeggutor|0 fnt\n|faint|p2a: Exeggutor\n|\n|win|acepilotrobo\u6a5f\u795e\u98db\u7fd4\n|raw|acepilotrobo\u6a5f\u795e\u98db\u7fd4's rating: 1091 &rarr; <strong>1124<\/strong><br \/>(+33 for winning)\n|raw|bloco55's rating: 1178 &rarr; <strong>1147<\/strong><br \/>(-31 for losing)\n","uploadtime":1700415295,"views":13,"p1id":"acepilotrobo","p2id":"bloco55","formatid":"gen9nationaldexubers","rating":1124,"private":0,"password":""}