{"id":"gen9nationaldexubers-1981012951","p1":"ArcticIzagi","p2":"standardbandard23","format":"[Gen 9] National Dex Ubers","log":"|j|\u2606ArcticIzagi\n|j|\u2606standardbandard23\n|t:|1698856714\n|gametype|singles\n|player|p1|ArcticIzagi|sycamore|\n|player|p2|standardbandard23|steven|\n|teamsize|p1|6\n|teamsize|p2|6\n|gen|9\n|tier|[Gen 9] National Dex Ubers\n|rule|HP Percentage Mod: HP is shown in percentages\n|rule|Endless Battle Clause: Forcing endless battles is banned\n|rule|OHKO Clause: OHKO moves are banned\n|rule|Evasion Moves Clause: Evasion moves are banned\n|rule|Evasion Items Clause: Evasion items are banned\n|rule|Species Clause: Limit one of each Pok\u00e9mon\n|rule|Sleep Clause Mod: Limit one foe put to sleep\n|rule|Mega Rayquaza Clause: You cannot mega evolve Rayquaza\n|clearpoke\n|poke|p1|Tapu Koko|\n|poke|p1|Iron Valiant|\n|poke|p1|Sneasler, M|\n|poke|p1|Iron Moth|\n|poke|p1|Landorus-Therian, M|\n|poke|p1|Diancie|\n|poke|p2|Volcarona, F|\n|poke|p2|Araquanid, M|\n|poke|p2|Scizor, F|\n|poke|p2|Buzzwole|\n|poke|p2|Kleavor, F|\n|poke|p2|Lokix, M|\n|teampreview\n|c|\u2606ArcticIzagi|do you need to know my tera?\n|c|\u2606standardbandard23|yea\n|c|\u2606ArcticIzagi|electric val\n|c|\u2606standardbandard23|valid\n|c|\u2606ArcticIzagi|glhf\n|c|\u2606standardbandard23|same to you\n|\n|t:|1698856784\n|start\n|switch|p1a: Shock|Tapu Koko|100\/100\n|switch|p2a: Pilflip|Araquanid, M|100\/100\n|-fieldstart|move: Electric Terrain|[from] ability: Electric Surge|[of] p1a: Shock\n|turn|1\n|\n|t:|1698856793\n|move|p1a: Shock|U-turn|p2a: Pilflip\n|-damage|p2a: Pilflip|88\/100\n|\n|t:|1698856799\n|switch|p1a: Shin Takarajima|Sneasler, M|100\/100|[from] U-turn\n|-enditem|p1a: Shin Takarajima|Electric Seed\n|-boost|p1a: Shin Takarajima|def|1|[from] item: Electric Seed\n|move|p2a: Pilflip|Sticky Web|p1a: Shin Takarajima\n|-sidestart|p1: ArcticIzagi|move: Sticky Web\n|\n|-heal|p2a: Pilflip|94\/100|[from] item: Leftovers\n|upkeep\n|turn|2\n|\n|t:|1698856858\n|-terastallize|p2a: Pilflip|Water\n|move|p1a: Shin Takarajima|Swords Dance|p1a: Shin Takarajima\n|-boost|p1a: Shin Takarajima|atk|2\n|move|p2a: Pilflip|Liquidation|p1a: Shin Takarajima\n|-damage|p1a: Shin Takarajima|37\/100\n|\n|-heal|p2a: Pilflip|99\/100|[from] item: Leftovers\n|upkeep\n|turn|3\n|j| Destinum\n|\n|t:|1698856896\n|move|p1a: Shin Takarajima|Acrobatics|p2a: Pilflip\n|-damage|p2a: Pilflip|33\/100\n|move|p2a: Pilflip|Liquidation|p1a: Shin Takarajima\n|-damage|p1a: Shin Takarajima|0 fnt\n|faint|p1a: Shin Takarajima\n|\n|-heal|p2a: Pilflip|40\/100|[from] item: Leftovers\n|upkeep\n|j| Siebold 438\n|c|\u2606standardbandard23|crisis 1 averted\n|\n|t:|1698856916\n|switch|p1a: Tabun Kaze|Landorus-Therian, M|100\/100\n|-ability|p1a: Tabun Kaze|Intimidate|boost\n|-unboost|p2a: Pilflip|atk|1\n|turn|4\n|\n|t:|1698856927\n|switch|p2a: Lost Kin|Buzzwole|100\/100\n|move|p1a: Tabun Kaze|U-turn|p2a: Lost Kin\n|-resisted|p2a: Lost Kin\n|-damage|p2a: Lost Kin|94\/100\n|-damage|p1a: Tabun Kaze|84\/100|[from] item: Rocky Helmet|[of] p2a: Lost Kin\n|\n|t:|1698856939\n|switch|p1a: Hasu no Hana|Diancie|100\/100|[from] U-turn\n|-activate|p1a: Hasu no Hana|move: Sticky Web\n|-fail|p1a: Hasu no Hana|unboost|[from] ability: Clear Body|[of] p1a: Hasu no Hana\n|\n|upkeep\n|turn|5\n|l| Siebold 438\n|\n|t:|1698856962\n|switch|p2a: Hornet|Scizor, F|100\/100\n|detailschange|p1a: Hasu no Hana|Diancie-Mega\n|-mega|p1a: Hasu no Hana|Diancie|Diancite\n|move|p1a: Hasu no Hana|Diamond Storm|p2a: Hornet\n|-crit|p2a: Hornet\n|-damage|p2a: Hornet|41\/100\n|\n|-fieldend|move: Electric Terrain\n|upkeep\n|turn|6\n|\n|t:|1698856974\n|detailschange|p2a: Hornet|Scizor-Mega, F\n|-mega|p2a: Hornet|Scizor|Scizorite\n|move|p2a: Hornet|Bullet Punch|p1a: Hasu no Hana\n|-supereffective|p1a: Hasu no Hana\n|-damage|p1a: Hasu no Hana|0 fnt\n|faint|p1a: Hasu no Hana\n|\n|upkeep\n|\n|t:|1698856987\n|switch|p1a: Moth|Iron Moth|100\/100\n|turn|7\n|c| Destinum|Those Webs have done literally nothing so far lol.\n|c|\u2606standardbandard23|so far\n|c|\u2606ArcticIzagi|hi Desti\n|\n|t:|1698857022\n|switch|p2a: Pilflip|Araquanid, M, tera:Water|40\/100\n|move|p1a: Moth|Fiery Dance|p2a: Pilflip\n|-resisted|p2a: Pilflip\n|-damage|p2a: Pilflip|31\/100\n|-boost|p1a: Moth|spa|1\n|\n|-heal|p2a: Pilflip|38\/100|[from] item: Leftovers\n|upkeep\n|turn|8\n|c| Destinum|Yo\n|\n|t:|1698857036\n|move|p1a: Moth|Sludge Wave|p2a: Pilflip\n|-damage|p2a: Pilflip|0 fnt\n|faint|p2a: Pilflip\n|\n|upkeep\n|\n|t:|1698857040\n|switch|p2a: Nailsmith|Kleavor, F|100\/100\n|turn|9\n|\n|t:|1698857084\n|move|p2a: Nailsmith|Stone Axe|p1a: Moth\n|-supereffective|p1a: Moth\n|-damage|p1a: Moth|0 fnt\n|-sidestart|p1: ArcticIzagi|move: Stealth Rock\n|faint|p1a: Moth\n|-end|p1a: Moth|Quark Drive|[silent]\n|\n|upkeep\n|\n|t:|1698857094\n|switch|p1a: Shock|Tapu Koko|100\/100\n|-activate|p1a: Shock|move: Sticky Web\n|-unboost|p1a: Shock|spe|1\n|-damage|p1a: Shock|88\/100|[from] Stealth Rock\n|-fieldstart|move: Electric Terrain|[from] ability: Electric Surge|[of] p1a: Shock\n|turn|10\n|c| Destinum|Fake bug eliminated.\n|\n|t:|1698857107\n|move|p2a: Nailsmith|Stone Axe|p1a: Shock\n|-damage|p1a: Shock|19\/100\n|move|p1a: Shock|U-turn|p2a: Nailsmith\n|-damage|p2a: Nailsmith|80\/100\n|\n|t:|1698857112\n|switch|p1a: Plateau|Iron Valiant|100\/100|[from] U-turn\n|-activate|p1a: Plateau|move: Sticky Web\n|-unboost|p1a: Plateau|spe|1\n|-damage|p1a: Plateau|94\/100|[from] Stealth Rock\n|-activate|p1a: Plateau|ability: Quark Drive\n|-start|p1a: Plateau|quarkdrivespa\n|\n|upkeep\n|turn|11\n|c|\u2606standardbandard23|the real reason webs was set\n|c| Destinum|I love that Webs can fuck over Paradox 'mons trying to get the speed boost.\n|\n|t:|1698857159\n|-terastallize|p1a: Plateau|Electric\n|move|p2a: Nailsmith|Stone Axe|p1a: Plateau\n|-damage|p1a: Plateau|26\/100\n|move|p1a: Plateau|Thunderbolt|p2a: Nailsmith\n|-damage|p2a: Nailsmith|0 fnt\n|faint|p2a: Nailsmith\n|-damage|p1a: Plateau|17\/100|[from] item: Life Orb\n|\n|upkeep\n|c|\u2606ArcticIzagi|I keep forgetting about that\n|\n|t:|1698857180\n|switch|p2a: Hornet|Scizor-Mega, F|41\/100\n|turn|12\n|\n|t:|1698857190\n|move|p2a: Hornet|Bullet Punch|p1a: Plateau\n|-resisted|p1a: Plateau\n|-damage|p1a: Plateau|0 fnt\n|faint|p1a: Plateau\n|-end|p1a: Plateau|Quark Drive|[silent]\n|\n|upkeep\n|\n|t:|1698857196\n|switch|p1a: Tabun Kaze|Landorus-Therian, M|84\/100\n|-damage|p1a: Tabun Kaze|72\/100|[from] Stealth Rock\n|-ability|p1a: Tabun Kaze|Intimidate|boost\n|-unboost|p2a: Hornet|atk|1\n|turn|13\n|\n|t:|1698857202\n|switch|p2a: Lost Kin|Buzzwole|94\/100\n|move|p1a: Tabun Kaze|Earthquake|p2a: Lost Kin\n|-resisted|p2a: Lost Kin\n|-damage|p2a: Lost Kin|80\/100\n|\n|-heal|p1a: Tabun Kaze|78\/100|[from] item: Leftovers\n|upkeep\n|turn|14\n|\n|t:|1698857210\n|move|p1a: Tabun Kaze|Toxic|p2a: Lost Kin\n|-status|p2a: Lost Kin|tox\n|move|p2a: Lost Kin|Ice Punch|p1a: Tabun Kaze\n|-supereffective|p1a: Tabun Kaze\n|-damage|p1a: Tabun Kaze|0 fnt\n|faint|p1a: Tabun Kaze\n|-ability|p2a: Lost Kin|Beast Boost|boost\n|-boost|p2a: Lost Kin|atk|1\n|\n|-damage|p2a: Lost Kin|74\/100 tox|[from] psn\n|-fieldend|move: Electric Terrain\n|upkeep\n|c|\u2606ArcticIzagi|that's gg\n|\n|t:|1698857223\n|switch|p1a: Shock|Tapu Koko|19\/100\n|-activate|p1a: Shock|move: Sticky Web\n|-unboost|p1a: Shock|spe|1\n|-damage|p1a: Shock|7\/100|[from] Stealth Rock\n|-fieldstart|move: Electric Terrain|[from] ability: Electric Surge|[of] p1a: Shock\n|turn|15\n|c|\u2606standardbandard23|gg\n|\n|t:|1698857231\n|move|p1a: Shock|Dazzling Gleam|p2a: Lost Kin\n|-supereffective|p2a: Lost Kin\n|-damage|p2a: Lost Kin|0 fnt\n|faint|p2a: Lost Kin\n|\n|upkeep\n|\n|t:|1698857236\n|switch|p2a: Mask Maker|Lokix, M|100\/100\n|turn|16\n|\n|t:|1698857241\n|move|p2a: Mask Maker|Sucker Punch|p1a: Shock\n|-resisted|p1a: Shock\n|-damage|p1a: Shock|0 fnt\n|faint|p1a: Shock\n|\n|win|standardbandard23\n","uploadtime":1698857248,"views":24,"p1id":"arcticizagi","p2id":"standardbandard23","formatid":"gen9nationaldexubers","rating":0,"private":0,"password":""}