{"id":"gen9nationaldexubers-1978126648","p1":"85792195wwww","p2":"Justznic","format":"[Gen 9] National Dex Ubers","log":"|j|\u260685792195wwww\n|j|\u2606Justznic\n|t:|1698502668\n|gametype|singles\n|player|p1|85792195wwww|lady|1781\n|player|p2|Justznic|266|1681\n|teamsize|p1|6\n|teamsize|p2|6\n|gen|9\n|tier|[Gen 9] National Dex Ubers\n|rated|\n|rule|HP Percentage Mod: HP is shown in percentages\n|rule|Endless Battle Clause: Forcing endless battles is banned\n|rule|OHKO Clause: OHKO moves are banned\n|rule|Evasion Moves Clause: Evasion moves are banned\n|rule|Evasion Items Clause: Evasion items are banned\n|rule|Species Clause: Limit one of each Pok\u00e9mon\n|rule|Sleep Clause Mod: Limit one foe put to sleep\n|rule|Mega Rayquaza Clause: You cannot mega evolve Rayquaza\n|clearpoke\n|poke|p1|Calyrex-Ice|\n|poke|p1|Groudon|\n|poke|p1|Krookodile, F|\n|poke|p1|Xerneas-*|\n|poke|p1|Zacian-*|\n|poke|p1|Arceus|\n|poke|p2|Orthworm, M|\n|poke|p2|Kyurem-Black|\n|poke|p2|Ditto|\n|poke|p2|Mew|\n|poke|p2|Mewtwo|\n|poke|p2|Klefki, M|\n|teampreview\n|inactive|Battle timer is ON: inactive players will automatically lose when time's up. (requested by Justznic)\n|inactive|Justznic has 120 seconds left.\n|\n|t:|1698502704\n|start\n|switch|p1a: Krookodile|Krookodile, F|100\/100\n|switch|p2a: Kyurem|Kyurem-Black|100\/100\n|-ability|p2a: Kyurem|Teravolt\n|-ability|p1a: Krookodile|Intimidate|boost\n|-unboost|p2a: Kyurem|atk|1\n|turn|1\n|\n|t:|1698502713\n|switch|p1a: Calyrex|Calyrex-Ice|100\/100\n|-ability|p1a: Calyrex|As One\n|-ability|p1a: Calyrex|Unnerve\n|move|p2a: Kyurem|Dragon Dance|p2a: Kyurem\n|-boost|p2a: Kyurem|atk|1\n|-boost|p2a: Kyurem|spe|1\n|\n|upkeep\n|turn|2\n|\n|t:|1698502722\n|move|p2a: Kyurem|Dragon Dance|p2a: Kyurem\n|-boost|p2a: Kyurem|atk|1\n|-boost|p2a: Kyurem|spe|1\n|move|p1a: Calyrex|Glacial Lance|p2a: Kyurem\n|-damage|p2a: Kyurem|33\/100\n|\n|upkeep\n|turn|3\n|\n|t:|1698502729\n|move|p2a: Kyurem|Fusion Bolt|p1a: Calyrex\n|-damage|p1a: Calyrex|53\/100\n|move|p1a: Calyrex|Glacial Lance|p2a: Kyurem\n|-damage|p2a: Kyurem|0 fnt\n|faint|p2a: Kyurem\n|-ability|p1a: Calyrex|Chilling Neigh|boost\n|-boost|p1a: Calyrex|atk|1\n|\n|upkeep\n|\n|t:|1698502733\n|switch|p2a: Klefki|Klefki, M|100\/100\n|turn|4\n|\n|t:|1698502743\n|switch|p1a: Krookodile|Krookodile, F|100\/100\n|-ability|p1a: Krookodile|Intimidate|boost\n|-unboost|p2a: Klefki|atk|1\n|move|p2a: Klefki|Switcheroo|p1a: Krookodile\n|-hint|Since gen 7, Dark is immune to Prankster moves.\n|-immune|p1a: Krookodile\n|\n|-status|p2a: Klefki|brn|[from] item: Flame Orb\n|upkeep\n|turn|5\n|\n|t:|1698502756\n|move|p2a: Klefki|Reflect|p2a: Klefki\n|-sidestart|p2: Justznic|Reflect\n|move|p1a: Krookodile|Stealth Rock|p2a: Klefki\n|-sidestart|p2: Justznic|move: Stealth Rock\n|\n|-damage|p2a: Klefki|95\/100 brn|[from] brn\n|upkeep\n|turn|6\n|\n|t:|1698502763\n|move|p2a: Klefki|Spikes|p1a: Krookodile\n|-sidestart|p1: 85792195wwww|Spikes\n|move|p1a: Krookodile|Knock Off|p2a: Klefki\n|-resisted|p2a: Klefki\n|-damage|p2a: Klefki|80\/100 brn\n|-enditem|p2a: Klefki|Flame Orb|[from] move: Knock Off|[of] p1a: Krookodile\n|\n|-damage|p2a: Klefki|74\/100 brn|[from] brn\n|upkeep\n|turn|7\n|\n|t:|1698502772\n|switch|p2a: Orthworm|Orthworm, M|100\/100\n|-damage|p2a: Orthworm|94\/100|[from] Stealth Rock\n|move|p1a: Krookodile|Knock Off|p2a: Orthworm\n|-damage|p2a: Orthworm|80\/100\n|-enditem|p2a: Orthworm|Sitrus Berry|[from] move: Knock Off|[of] p1a: Krookodile\n|\n|upkeep\n|turn|8\n|\n|t:|1698502780\n|move|p1a: Krookodile|Taunt|p2a: Orthworm\n|-start|p2a: Orthworm|move: Taunt\n|cant|p2a: Orthworm|move: Taunt|Shed Tail\n|\n|upkeep\n|turn|9\n|\n|t:|1698502787\n|switch|p1a: Calyrex|Calyrex-Ice|53\/100\n|-ability|p1a: Calyrex|As One\n|-ability|p1a: Calyrex|Unnerve\n|move|p2a: Orthworm|Body Press|p1a: Calyrex\n|-damage|p1a: Calyrex|29\/100\n|\n|-sideend|p2: Justznic|Reflect\n|upkeep\n|turn|10\n|\n|t:|1698502798\n|move|p1a: Calyrex|Glacial Lance|p2a: Orthworm\n|-resisted|p2a: Orthworm\n|-damage|p2a: Orthworm|58\/100\n|move|p2a: Orthworm|Body Press|p1a: Calyrex\n|-damage|p1a: Calyrex|6\/100\n|\n|-end|p2a: Orthworm|move: Taunt\n|upkeep\n|turn|11\n|\n|t:|1698502815\n|move|p1a: Calyrex|Glacial Lance|p2a: Orthworm\n|-resisted|p2a: Orthworm\n|-damage|p2a: Orthworm|37\/100\n|move|p2a: Orthworm|Iron Defense|p2a: Orthworm\n|-boost|p2a: Orthworm|def|2\n|\n|upkeep\n|turn|12\n|\n|t:|1698502823\n|move|p1a: Calyrex|Glacial Lance|p2a: Orthworm\n|-resisted|p2a: Orthworm\n|-damage|p2a: Orthworm|26\/100\n|move|p2a: Orthworm|Stealth Rock|p1a: Calyrex\n|-sidestart|p1: 85792195wwww|move: Stealth Rock\n|\n|upkeep\n|turn|13\n|\n|t:|1698502829\n|move|p1a: Calyrex|Glacial Lance|p2a: Orthworm\n|-resisted|p2a: Orthworm\n|-damage|p2a: Orthworm|15\/100\n|move|p2a: Orthworm|Body Press|p1a: Calyrex\n|-damage|p1a: Calyrex|0 fnt\n|faint|p1a: Calyrex\n|\n|upkeep\n|\n|t:|1698502856\n|switch|p1a: Xerneas|Xerneas|100\/100\n|-damage|p1a: Xerneas|88\/100|[from] Spikes\n|-damage|p1a: Xerneas|76\/100|[from] Stealth Rock\n|-ability|p1a: Xerneas|Fairy Aura\n|turn|14\n|\n|t:|1698502875\n|move|p1a: Xerneas|Moonblast|p2a: Orthworm\n|-resisted|p2a: Orthworm\n|-damage|p2a: Orthworm|0 fnt\n|faint|p2a: Orthworm\n|\n|upkeep\n|\n|t:|1698502879\n|switch|p2a: Mewtwo|Mewtwo|100\/100\n|-damage|p2a: Mewtwo|88\/100|[from] Stealth Rock\n|-ability|p2a: Mewtwo|Pressure\n|turn|15\n|\n|t:|1698502885\n|detailschange|p2a: Mewtwo|Mewtwo-Mega-Y\n|-mega|p2a: Mewtwo|Mewtwo|Mewtwonite Y\n|move|p2a: Mewtwo|Psystrike|p1a: Xerneas\n|-damage|p1a: Xerneas|29\/100\n|move|p1a: Xerneas|Moonblast|p2a: Mewtwo\n|-damage|p2a: Mewtwo|30\/100\n|-unboost|p2a: Mewtwo|spa|1\n|\n|upkeep\n|turn|16\n|\n|t:|1698502895\n|move|p2a: Mewtwo|Psystrike|p1a: Xerneas\n|-damage|p1a: Xerneas|0 fnt\n|faint|p1a: Xerneas\n|\n|upkeep\n|\n|t:|1698502901\n|switch|p1a: Arceus|Arceus|100\/100\n|-damage|p1a: Arceus|88\/100|[from] Spikes\n|-damage|p1a: Arceus|76\/100|[from] Stealth Rock\n|turn|17\n|\n|t:|1698502906\n|move|p1a: Arceus|Extreme Speed|p2a: Mewtwo\n|-damage|p2a: Mewtwo|0 fnt\n|faint|p2a: Mewtwo\n|-damage|p1a: Arceus|66\/100|[from] item: Life Orb\n|\n|upkeep\n|\n|t:|1698502909\n|switch|p2a: Klefki|Klefki, M|74\/100 brn\n|-damage|p2a: Klefki|68\/100 brn|[from] Stealth Rock\n|turn|18\n|\n|t:|1698502920\n|switch|p1a: Krookodile|Krookodile, F|100\/100\n|-damage|p1a: Krookodile|88\/100|[from] Spikes\n|-damage|p1a: Krookodile|82\/100|[from] Stealth Rock\n|-ability|p1a: Krookodile|Intimidate|boost\n|-unboost|p2a: Klefki|atk|1\n|move|p2a: Klefki|Switcheroo|p1a: Krookodile\n|-hint|Since gen 7, Dark is immune to Prankster moves.\n|-immune|p1a: Krookodile\n|\n|-damage|p2a: Klefki|62\/100 brn|[from] brn\n|upkeep\n|turn|19\n|\n|t:|1698502933\n|move|p2a: Klefki|Reflect|p2a: Klefki\n|-sidestart|p2: Justznic|Reflect\n|move|p1a: Krookodile|Taunt|p2a: Klefki\n|-start|p2a: Klefki|move: Taunt\n|\n|-damage|p2a: Klefki|56\/100 brn|[from] brn\n|upkeep\n|turn|20\n|\n|t:|1698502940\n|switch|p2a: Ditto|Ditto|100\/100\n|-damage|p2a: Ditto|88\/100|[from] Stealth Rock\n|-transform|p2a: Ditto|p1a: Krookodile|[from] ability: Imposter\n|-ability|p2a: Ditto|Intimidate|boost\n|-unboost|p1a: Krookodile|atk|1\n|move|p1a: Krookodile|Taunt|p2a: Ditto\n|-start|p2a: Ditto|move: Taunt\n|\n|upkeep\n|turn|21\n|\n|t:|1698502952\n|move|p2a: Ditto|Bulldoze|p1a: Krookodile\n|-damage|p1a: Krookodile|46\/100\n|-unboost|p1a: Krookodile|spe|1\n|move|p1a: Krookodile|Knock Off|p2a: Ditto\n|-resisted|p2a: Ditto\n|-damage|p2a: Ditto|77\/100\n|-enditem|p2a: Ditto|Choice Scarf|[from] move: Knock Off|[of] p1a: Krookodile\n|\n|upkeep\n|turn|22\n|\n|t:|1698502967\n|switch|p1a: Zacian|Zacian-Crowned|100\/100\n|-damage|p1a: Zacian|88\/100|[from] Spikes\n|-damage|p1a: Zacian|82\/100|[from] Stealth Rock\n|-ability|p1a: Zacian|Intrepid Sword|boost\n|-boost|p1a: Zacian|atk|1\n|move|p2a: Ditto|Knock Off|p1a: Zacian\n|-resisted|p1a: Zacian\n|-damage|p1a: Zacian|67\/100\n|\n|-end|p2a: Ditto|move: Taunt\n|upkeep\n|turn|23\n|\n|t:|1698502979\n|move|p1a: Zacian|Behemoth Blade|p2a: Ditto\n|-damage|p2a: Ditto|18\/100\n|move|p2a: Ditto|Bulldoze|p1a: Zacian\n|-supereffective|p1a: Zacian\n|-damage|p1a: Zacian|16\/100\n|-unboost|p1a: Zacian|spe|1\n|\n|-sideend|p2: Justznic|Reflect\n|upkeep\n|turn|24\n|\n|t:|1698502990\n|move|p2a: Ditto|Bulldoze|p1a: Zacian\n|-supereffective|p1a: Zacian\n|-damage|p1a: Zacian|0 fnt\n|faint|p1a: Zacian\n|\n|upkeep\n|\n|t:|1698503006\n|switch|p1a: Groudon|Groudon|100\/100\n|-damage|p1a: Groudon|88\/100|[from] Spikes\n|-damage|p1a: Groudon|82\/100|[from] Stealth Rock\n|detailschange|p1a: Groudon|Groudon-Primal\n|-primal|p1a: Groudon|Red Orb\n|-weather|DesolateLand|[from] ability: Desolate Land|[of] p1a: Groudon\n|turn|25\n|\n|t:|1698503020\n|move|p2a: Ditto|Taunt|p1a: Groudon\n|-start|p1a: Groudon|move: Taunt\n|move|p1a: Groudon|Heat Crash|p2a: Ditto\n|-damage|p2a: Ditto|0 fnt\n|faint|p2a: Ditto\n|\n|-weather|DesolateLand|[upkeep]\n|upkeep\n|\n|t:|1698503025\n|switch|p2a: Klefki|Klefki, M|56\/100 brn\n|-damage|p2a: Klefki|50\/100 brn|[from] Stealth Rock\n|turn|26\n|\n|t:|1698503034\n|move|p2a: Klefki|Reflect|p2a: Klefki\n|-sidestart|p2: Justznic|Reflect\n|move|p1a: Groudon|Heat Crash|p2a: Klefki\n|-supereffective|p2a: Klefki\n|-damage|p2a: Klefki|0 fnt\n|faint|p2a: Klefki\n|\n|-weather|DesolateLand|[upkeep]\n|upkeep\n|\n|t:|1698503037\n|switch|p2a: Mew|Mew|100\/100\n|-damage|p2a: Mew|88\/100|[from] Stealth Rock\n|turn|27\n|\n|t:|1698503044\n|move|p2a: Mew|Imprison|p2a: Mew\n|-start|p2a: Mew|move: Imprison\n|move|p1a: Groudon|Heat Crash|p2a: Mew\n|-damage|p2a: Mew|50\/100\n|\n|-weather|DesolateLand|[upkeep]\n|-end|p1a: Groudon|move: Taunt\n|upkeep\n|turn|28\n|\n|t:|1698503054\n|move|p2a: Mew|Block|p1a: Groudon\n|-activate|p1a: Groudon|trapped\n|move|p1a: Groudon|Precipice Blades|p2a: Mew\n|-damage|p2a: Mew|26\/100\n|\n|-weather|DesolateLand|[upkeep]\n|upkeep\n|turn|29\n|\n|t:|1698503062\n|-zpower|p2a: Mew\n|move|p2a: Mew|Z-Transform|p1a: Groudon|[anim]Transform\n|-heal|p2a: Mew|100\/100|[zeffect]\n|-transform|p2a: Mew|p1a: Groudon\n|cant|p1a: Groudon|move: Imprison|Rock Polish\n|\n|-weather|DesolateLand|[upkeep]\n|upkeep\n|turn|30\n|\n|t:|1698503072\n|move|p2a: Mew|Rock Polish|p2a: Mew\n|-boost|p2a: Mew|spe|2\n|-activate|p1a: Groudon|move: Struggle\n|move|p1a: Groudon|Struggle|p2a: Mew\n|-damage|p2a: Mew|94\/100\n|-damage|p1a: Groudon|57\/100|[from] recoil\n|\n|-weather|DesolateLand|[upkeep]\n|-sideend|p2: Justznic|Reflect\n|upkeep\n|turn|31\n|\n|t:|1698503081\n|move|p2a: Mew|Swords Dance|p2a: Mew\n|-boost|p2a: Mew|atk|2\n|-activate|p1a: Groudon|move: Struggle\n|move|p1a: Groudon|Struggle|p2a: Mew\n|-damage|p2a: Mew|80\/100\n|-damage|p1a: Groudon|32\/100|[from] recoil\n|\n|-weather|DesolateLand|[upkeep]\n|upkeep\n|turn|32\n|-message|85792195wwww forfeited.\n|\n|win|Justznic\n|raw|85792195wwww's rating: 1781 &rarr; <strong>1755<\/strong><br \/>(-26 for losing)\n|raw|Justznic's rating: 1681 &rarr; <strong>1707<\/strong><br \/>(+26 for winning)\n|l|\u260685792195wwww\n|l|\u2606Justznic\n","uploadtime":1698503114,"views":9,"p1id":"85792195wwww","p2id":"justznic","formatid":"gen9nationaldexubers","rating":1707,"private":0,"password":""}