{"id":"gen9nationaldexubers-1998569857","p1":"MunchingPatato","p2":"ArcQuestions","format":"[Gen 9] National Dex Ubers","log":"|j|\u2606MunchingPatato\n|j|\u2606ArcQuestions\n|t:|1700957593\n|gametype|singles\n|player|p1|MunchingPatato|preschooler|\n|player|p2|ArcQuestions|ruinmaniac|\n|teamsize|p1|6\n|teamsize|p2|6\n|gen|9\n|tier|[Gen 9] National Dex Ubers\n|rule|HP Percentage Mod: HP is shown in percentages\n|rule|Endless Battle Clause: Forcing endless battles is banned\n|rule|OHKO Clause: OHKO moves are banned\n|rule|Evasion Moves Clause: Evasion moves are banned\n|rule|Evasion Items Clause: Evasion items are banned\n|rule|Species Clause: Limit one of each Pok\u00e9mon\n|rule|Sleep Clause Mod: Limit one foe put to sleep\n|rule|Mega Rayquaza Clause: You cannot mega evolve Rayquaza\n|clearpoke\n|poke|p1|Rillaboom, F|\n|poke|p1|Clefable, M|\n|poke|p1|Infernape, F|\n|poke|p1|Corviknight, M|\n|poke|p1|Greninja-*, M|\n|poke|p1|Dragonite, F|\n|poke|p2|Clodsire, M|\n|poke|p2|Claydol|\n|poke|p2|Swampert, M|\n|poke|p2|Mamoswine, F|\n|poke|p2|Garchomp, F|\n|poke|p2|Gliscor, M|\n|teampreview\n|\n|t:|1700957621\n|start\n|switch|p1a: Rillaboom|Rillaboom, F|100\/100\n|switch|p2a: Garchomp|Garchomp, F|100\/100\n|-fieldstart|move: Grassy Terrain|[from] ability: Grassy Surge|[of] p1a: Rillaboom\n|turn|1\n|\n|t:|1700957635\n|switch|p1a: Clefable|Clefable, M|100\/100\n|move|p2a: Garchomp|Poison Jab|p1a: Clefable\n|-supereffective|p1a: Clefable\n|-damage|p1a: Clefable|35\/100\n|\n|-heal|p1a: Clefable|41\/100|[from] Grassy Terrain\n|-heal|p1a: Clefable|47\/100|[from] item: Leftovers\n|upkeep\n|turn|2\n|\n|t:|1700957645\n|switch|p1a: Corviknight|Corviknight, M|100\/100\n|-ability|p1a: Corviknight|Pressure\n|move|p2a: Garchomp|Poison Jab|p1a: Corviknight\n|-immune|p1a: Corviknight\n|\n|upkeep\n|turn|3\n|\n|t:|1700957655\n|move|p2a: Garchomp|Dragon Pulse|p1a: Corviknight\n|-resisted|p1a: Corviknight\n|-damage|p1a: Corviknight|90\/100\n|move|p1a: Corviknight|Brave Bird|p2a: Garchomp\n|-damage|p2a: Garchomp|63\/100\n|-damage|p1a: Corviknight|77\/100|[from] ability: Rough Skin|[of] p2a: Garchomp\n|-damage|p1a: Corviknight|66\/100|[from] Recoil\n|\n|-heal|p2a: Garchomp|69\/100|[from] Grassy Terrain\n|upkeep\n|turn|4\n|\n|t:|1700957683\n|move|p2a: Garchomp|Dragon Pulse|p1a: Corviknight\n|-resisted|p1a: Corviknight\n|-damage|p1a: Corviknight|55\/100\n|move|p1a: Corviknight|Roost|p1a: Corviknight\n|-heal|p1a: Corviknight|100\/100\n|-singleturn|p1a: Corviknight|move: Roost\n|\n|-heal|p2a: Garchomp|75\/100|[from] Grassy Terrain\n|upkeep\n|turn|5\n|\n|t:|1700957699\n|move|p2a: Garchomp|Crunch|p1a: Corviknight\n|-damage|p1a: Corviknight|81\/100\n|-damage|p2a: Garchomp|58\/100|[from] item: Rocky Helmet|[of] p1a: Corviknight\n|move|p1a: Corviknight|U-turn|p2a: Garchomp\n|-damage|p2a: Garchomp|45\/100\n|-damage|p1a: Corviknight|69\/100|[from] ability: Rough Skin|[of] p2a: Garchomp\n|\n|t:|1700957706\n|switch|p1a: Greninja|Greninja, M|100\/100|[from] U-turn\n|\n|-heal|p2a: Garchomp|51\/100|[from] Grassy Terrain\n|-fieldend|move: Grassy Terrain\n|upkeep\n|turn|6\n|\n|t:|1700957720\n|move|p1a: Greninja|Ice Beam|p2a: Garchomp\n|-supereffective|p2a: Garchomp\n|-damage|p2a: Garchomp|0 fnt\n|faint|p2a: Garchomp\n|-ability|p1a: Greninja|Battle Bond|boost\n|-boost|p1a: Greninja|atk|1\n|-boost|p1a: Greninja|spa|1\n|-boost|p1a: Greninja|spe|1\n|-activate|p1a: Greninja|ability: Battle Bond\n|\n|upkeep\n|\n|t:|1700957740\n|switch|p2a: Mamoswine|Mamoswine, F|100\/100\n|turn|7\n|\n|t:|1700957750\n|switch|p1a: Corviknight|Corviknight, M|69\/100\n|-ability|p1a: Corviknight|Pressure\n|move|p2a: Mamoswine|Freeze-Dry|p1a: Corviknight\n|-damage|p1a: Corviknight|51\/100\n|\n|upkeep\n|turn|8\n|\n|t:|1700957766\n|move|p1a: Corviknight|Roost|p1a: Corviknight\n|-heal|p1a: Corviknight|100\/100\n|-singleturn|p1a: Corviknight|move: Roost\n|move|p2a: Mamoswine|Avalanche|p1a: Corviknight\n|-resisted|p1a: Corviknight\n|-damage|p1a: Corviknight|91\/100\n|-damage|p2a: Mamoswine|84\/100|[from] item: Rocky Helmet|[of] p1a: Corviknight\n|\n|-heal|p2a: Mamoswine|90\/100|[from] item: Leftovers\n|upkeep\n|turn|9\n|\n|t:|1700957778\n|move|p1a: Corviknight|Brave Bird|p2a: Mamoswine\n|-damage|p2a: Mamoswine|46\/100\n|-damage|p1a: Corviknight|78\/100|[from] Recoil\n|move|p2a: Mamoswine|Avalanche|p1a: Corviknight\n|-damage|p1a: Corviknight|36\/100\n|-damage|p2a: Mamoswine|29\/100|[from] item: Rocky Helmet|[of] p1a: Corviknight\n|\n|-heal|p2a: Mamoswine|35\/100|[from] item: Leftovers\n|upkeep\n|turn|10\n|\n|t:|1700957791\n|move|p1a: Corviknight|Roost|p1a: Corviknight\n|-heal|p1a: Corviknight|86\/100\n|-singleturn|p1a: Corviknight|move: Roost\n|move|p2a: Mamoswine|Avalanche|p1a: Corviknight\n|-resisted|p1a: Corviknight\n|-crit|p1a: Corviknight\n|-damage|p1a: Corviknight|70\/100\n|-damage|p2a: Mamoswine|19\/100|[from] item: Rocky Helmet|[of] p1a: Corviknight\n|\n|-heal|p2a: Mamoswine|25\/100|[from] item: Leftovers\n|upkeep\n|turn|11\n|\n|t:|1700957838\n|move|p1a: Corviknight|Roost|p1a: Corviknight\n|-heal|p1a: Corviknight|100\/100\n|-singleturn|p1a: Corviknight|move: Roost\n|move|p2a: Mamoswine|Avalanche|p1a: Corviknight\n|-resisted|p1a: Corviknight\n|-damage|p1a: Corviknight|91\/100\n|-damage|p2a: Mamoswine|8\/100|[from] item: Rocky Helmet|[of] p1a: Corviknight\n|\n|-heal|p2a: Mamoswine|14\/100|[from] item: Leftovers\n|upkeep\n|turn|12\n|\n|t:|1700957856\n|move|p1a: Corviknight|Brave Bird|p2a: Mamoswine\n|-damage|p2a: Mamoswine|0 fnt\n|faint|p2a: Mamoswine\n|-damage|p1a: Corviknight|86\/100|[from] Recoil\n|\n|upkeep\n|\n|t:|1700957870\n|switch|p2a: Clodsire|Clodsire, M|100\/100\n|turn|13\n|\n|t:|1700957879\n|move|p1a: Corviknight|Brave Bird|p2a: Clodsire\n|-damage|p2a: Clodsire|62\/100\n|-damage|p1a: Corviknight|72\/100|[from] Recoil\n|move|p2a: Clodsire|Body Press|p1a: Corviknight\n|-crit|p1a: Corviknight\n|-damage|p1a: Corviknight|60\/100\n|-damage|p2a: Clodsire|46\/100|[from] item: Rocky Helmet|[of] p1a: Corviknight\n|\n|-heal|p2a: Clodsire|52\/100|[from] item: Leftovers\n|upkeep\n|turn|14\n|\n|t:|1700957891\n|move|p1a: Corviknight|Brave Bird|p2a: Clodsire\n|-damage|p2a: Clodsire|12\/100\n|-damage|p1a: Corviknight|45\/100|[from] Recoil\n|move|p2a: Clodsire|Body Press|p1a: Corviknight\n|-damage|p1a: Corviknight|37\/100\n|-damage|p2a: Clodsire|0 fnt|[from] item: Rocky Helmet|[of] p1a: Corviknight\n|faint|p2a: Clodsire\n|\n|upkeep\n|\n|t:|1700957914\n|switch|p2a: Claydol|Claydol|100\/100\n|turn|15\n|\n|t:|1700957942\n|move|p2a: Claydol|Extrasensory|p1a: Corviknight\n|-resisted|p1a: Corviknight\n|-damage|p1a: Corviknight|27\/100\n|move|p1a: Corviknight|Roost|p1a: Corviknight\n|-heal|p1a: Corviknight|77\/100\n|-singleturn|p1a: Corviknight|move: Roost\n|\n|upkeep\n|turn|16\n|\n|t:|1700957954\n|move|p2a: Claydol|Extrasensory|p1a: Corviknight\n|-resisted|p1a: Corviknight\n|-damage|p1a: Corviknight|68\/100\n|move|p1a: Corviknight|U-turn|p2a: Claydol\n|-supereffective|p2a: Claydol\n|-damage|p2a: Claydol|72\/100\n|\n|t:|1700957959\n|switch|p1a: Rillaboom|Rillaboom, F|100\/100|[from] U-turn\n|-fieldstart|move: Grassy Terrain|[from] ability: Grassy Surge|[of] p1a: Rillaboom\n|\n|upkeep\n|turn|17\n|\n|t:|1700957971\n|move|p1a: Rillaboom|Grassy Glide|p2a: Claydol\n|-supereffective|p2a: Claydol\n|-damage|p2a: Claydol|0 fnt\n|faint|p2a: Claydol\n|\n|upkeep\n|\n|t:|1700957978\n|switch|p2a: Gliscor|Gliscor, M, shiny|100\/100\n|turn|18\n|\n|t:|1700957983\n|move|p1a: Rillaboom|Grassy Glide|p2a: Gliscor\n|-damage|p2a: Gliscor|41\/100\n|move|p2a: Gliscor|Lunge|p1a: Rillaboom\n|-supereffective|p1a: Rillaboom\n|-damage|p1a: Rillaboom|54\/100\n|-unboost|p1a: Rillaboom|atk|1\n|\n|-heal|p2a: Gliscor|47\/100|[from] item: Leftovers\n|-heal|p1a: Rillaboom|60\/100|[from] Grassy Terrain\n|upkeep\n|turn|19\n|\n|t:|1700957997\n|switch|p1a: Corviknight|Corviknight, M|68\/100\n|-ability|p1a: Corviknight|Pressure\n|move|p2a: Gliscor|Dual Wingbeat|p1a: Corviknight\n|-resisted|p1a: Corviknight\n|-damage|p1a: Corviknight|63\/100\n|-damage|p2a: Gliscor|30\/100|[from] item: Rocky Helmet|[of] p1a: Corviknight\n|-resisted|p1a: Corviknight\n|-damage|p1a: Corviknight|58\/100\n|-damage|p2a: Gliscor|14\/100|[from] item: Rocky Helmet|[of] p1a: Corviknight\n|-hitcount|p1a: Corviknight|2\n|\n|-heal|p2a: Gliscor|20\/100|[from] item: Leftovers\n|upkeep\n|turn|20\n|\n|t:|1700958013\n|move|p2a: Gliscor|Crabhammer|p1a: Corviknight\n|-damage|p1a: Corviknight|39\/100\n|-damage|p2a: Gliscor|4\/100|[from] item: Rocky Helmet|[of] p1a: Corviknight\n|move|p1a: Corviknight|U-turn|p2a: Gliscor\n|-resisted|p2a: Gliscor\n|-damage|p2a: Gliscor|0 fnt\n|faint|p2a: Gliscor\n|\n|t:|1700958020\n|switch|p1a: Rillaboom|Rillaboom, F|60\/100|[from] U-turn\n|\n|-heal|p1a: Rillaboom|66\/100|[from] Grassy Terrain\n|-fieldend|move: Grassy Terrain\n|upkeep\n|\n|t:|1700958027\n|switch|p2a: Swampert|Swampert, M|100\/100\n|turn|21\n|\n|t:|1700958041\n|move|p1a: Rillaboom|Grassy Glide|p2a: Swampert\n|-supereffective|p2a: Swampert\n|-damage|p2a: Swampert|0 fnt\n|faint|p2a: Swampert\n|\n|win|MunchingPatato\n","uploadtime":1700958050,"views":11,"p1id":"munchingpatato","p2id":"arcquestions","formatid":"gen9nationaldexubers","rating":0,"private":0,"password":""}