{"id":"gen9nationaldexubers-1986809203","p1":"toddyenescau","p2":"Eneking12","format":"[Gen 9] National Dex Ubers","log":"|j|\u2606toddyenescau\n|j|\u2606Eneking12\n|t:|1699528456\n|gametype|singles\n|player|p1|toddyenescau|giovanni|1000\n|player|p2|Eneking12|169|1000\n|teamsize|p1|6\n|teamsize|p2|6\n|gen|9\n|tier|[Gen 9] National Dex Ubers\n|rated|\n|rule|HP Percentage Mod: HP is shown in percentages\n|rule|Endless Battle Clause: Forcing endless battles is banned\n|rule|OHKO Clause: OHKO moves are banned\n|rule|Evasion Moves Clause: Evasion moves are banned\n|rule|Evasion Items Clause: Evasion items are banned\n|rule|Species Clause: Limit one of each Pok\u00e9mon\n|rule|Sleep Clause Mod: Limit one foe put to sleep\n|rule|Mega Rayquaza Clause: You cannot mega evolve Rayquaza\n|clearpoke\n|poke|p1|Melmetal|\n|poke|p1|Xerneas-*|\n|poke|p1|Flutter Mane|\n|poke|p1|Zamazenta-*|\n|poke|p1|Tapu Koko|\n|poke|p1|Yveltal|\n|poke|p2|Zygarde|\n|poke|p2|Mewtwo|\n|poke|p2|Rayquaza|\n|poke|p2|Arceus-Dark|\n|poke|p2|Salamence, M|\n|poke|p2|Zekrom|\n|teampreview\n|\n|t:|1699528467\n|start\n|switch|p1a: Melmetal|Melmetal|100\/100\n|switch|p2a: Mewtwo|Mewtwo|100\/100\n|-ability|p2a: Mewtwo|Pressure\n|turn|1\n|\n|t:|1699528486\n|move|p2a: Mewtwo|Bulk Up|p2a: Mewtwo\n|-boost|p2a: Mewtwo|atk|1\n|-boost|p2a: Mewtwo|def|1\n|move|p1a: Melmetal|Double Iron Bash|p2a: Mewtwo\n|-damage|p2a: Mewtwo|79\/100\n|-damage|p2a: Mewtwo|59\/100\n|-hitcount|p2a: Mewtwo|2\n|\n|upkeep\n|turn|2\n|\n|t:|1699528500\n|detailschange|p2a: Mewtwo|Mewtwo-Mega-Y\n|-mega|p2a: Mewtwo|Mewtwo|Mewtwonite Y\n|move|p2a: Mewtwo|Psystrike|p1a: Melmetal\n|-resisted|p1a: Melmetal\n|-damage|p1a: Melmetal|82\/100\n|move|p1a: Melmetal|Ice Punch|p2a: Mewtwo\n|-damage|p2a: Mewtwo|38\/100\n|\n|upkeep\n|turn|3\n|\n|t:|1699528513\n|move|p2a: Mewtwo|Double-Edge|p1a: Melmetal\n|-resisted|p1a: Melmetal\n|-damage|p1a: Melmetal|65\/100\n|-damage|p2a: Mewtwo|32\/100|[from] Recoil\n|move|p1a: Melmetal|Thunder Punch|p2a: Mewtwo\n|-damage|p2a: Mewtwo|12\/100\n|\n|upkeep\n|turn|4\n|\n|t:|1699528522\n|move|p2a: Mewtwo|Double-Edge|p1a: Melmetal\n|-resisted|p1a: Melmetal\n|-damage|p1a: Melmetal|47\/100\n|-damage|p2a: Mewtwo|5\/100|[from] Recoil\n|move|p1a: Melmetal|Double Iron Bash|p2a: Mewtwo\n|-damage|p2a: Mewtwo|0 fnt\n|faint|p2a: Mewtwo\n|-hitcount|p2: Mewtwo|1\n|\n|upkeep\n|\n|t:|1699528537\n|switch|p2a: Zekrom|Zekrom|100\/100\n|-ability|p2a: Zekrom|Teravolt\n|turn|5\n|\n|t:|1699528544\n|move|p2a: Zekrom|Draco Meteor|p1a: Melmetal\n|-resisted|p1a: Melmetal\n|-damage|p1a: Melmetal|33\/100\n|-unboost|p2a: Zekrom|spa|2\n|move|p1a: Melmetal|Ice Punch|p2a: Zekrom\n|-supereffective|p2a: Zekrom\n|-damage|p2a: Zekrom|57\/100\n|\n|upkeep\n|turn|6\n|\n|t:|1699528560\n|move|p2a: Zekrom|Dragon Rage|p1a: Melmetal\n|-damage|p1a: Melmetal|24\/100\n|move|p1a: Melmetal|Ice Punch|p2a: Zekrom\n|-supereffective|p2a: Zekrom\n|-damage|p2a: Zekrom|11\/100\n|\n|upkeep\n|turn|7\n|\n|t:|1699528568\n|move|p2a: Zekrom|Bolt Strike|p1a: Melmetal\n|-damage|p1a: Melmetal|0 fnt\n|faint|p1a: Melmetal\n|\n|upkeep\n|\n|t:|1699528613\n|switch|p1a: Flutter Mane|Flutter Mane|100\/100\n|turn|8\n|\n|t:|1699528620\n|-terastallize|p2a: Zekrom|Dragon\n|move|p1a: Flutter Mane|Moonblast|p2a: Zekrom\n|-supereffective|p2a: Zekrom\n|-damage|p2a: Zekrom|0 fnt\n|faint|p2a: Zekrom\n|\n|upkeep\n|\n|t:|1699528627\n|switch|p2a: Zygarde|Zygarde|100\/100\n|-ability|p2a: Zygarde|Aura Break\n|turn|9\n|\n|t:|1699528633\n|move|p1a: Flutter Mane|Moonblast|p2a: Zygarde\n|-supereffective|p2a: Zygarde\n|-damage|p2a: Zygarde|0 fnt\n|faint|p2a: Zygarde\n|\n|upkeep\n|\n|t:|1699528642\n|switch|p2a: Rayquaza|Rayquaza|100\/100\n|-ability|p2a: Rayquaza|Air Lock\n|turn|10\n|\n|t:|1699528648\n|move|p1a: Flutter Mane|Moonblast|p2a: Rayquaza\n|-supereffective|p2a: Rayquaza\n|-damage|p2a: Rayquaza|0 fnt\n|faint|p2a: Rayquaza\n|\n|upkeep\n|\n|t:|1699528653\n|switch|p2a: Arceus|Arceus-Dark|100\/100\n|turn|11\n|\n|t:|1699528659\n|move|p1a: Flutter Mane|Moonblast|p2a: Arceus\n|-supereffective|p2a: Arceus\n|-damage|p2a: Arceus|0 fnt\n|faint|p2a: Arceus\n|\n|upkeep\n|\n|t:|1699528665\n|switch|p2a: Salamence|Salamence, M|100\/100\n|-ability|p2a: Salamence|Intimidate|boost\n|-unboost|p1a: Flutter Mane|atk|1\n|turn|12\n|\n|t:|1699528670\n|move|p1a: Flutter Mane|Moonblast|p2a: Salamence\n|-supereffective|p2a: Salamence\n|-damage|p2a: Salamence|0 fnt\n|faint|p2a: Salamence\n|\n|win|toddyenescau\n|raw|toddyenescau's rating: 1000 &rarr; <strong>1040<\/strong><br \/>(+40 for winning)\n|raw|Eneking12's rating: 1000 &rarr; <strong>1000<\/strong><br \/>(+0 for losing)\n|l|\u2606Eneking12\n","uploadtime":1699528741,"views":7,"p1id":"toddyenescau","p2id":"eneking12","formatid":"gen9nationaldexubers","rating":1000,"private":0,"password":""}