{"id":"gen9nationaldexubers-1998414700","p1":"Dillregard","p2":"nosejugar957","format":"[Gen 9] National Dex Ubers","log":"|j|\u2606Dillregard\n|j|\u2606nosejugar957\n|t:|1700939706\n|gametype|singles\n|player|p1|Dillregard|cynthia-gen4|1208\n|player|p2|nosejugar957|red|1149\n|teamsize|p1|6\n|teamsize|p2|6\n|gen|9\n|tier|[Gen 9] National Dex Ubers\n|rated|\n|rule|HP Percentage Mod: HP is shown in percentages\n|rule|Endless Battle Clause: Forcing endless battles is banned\n|rule|OHKO Clause: OHKO moves are banned\n|rule|Evasion Moves Clause: Evasion moves are banned\n|rule|Evasion Items Clause: Evasion items are banned\n|rule|Species Clause: Limit one of each Pok\u00e9mon\n|rule|Sleep Clause Mod: Limit one foe put to sleep\n|rule|Mega Rayquaza Clause: You cannot mega evolve Rayquaza\n|clearpoke\n|poke|p1|Raichu, F|\n|poke|p1|Charizard, M|\n|poke|p1|Ivysaur, F|\n|poke|p1|Gyarados, M|\n|poke|p1|Dragonite, F|\n|poke|p1|Gengar, M|\n|poke|p2|Swampert, F|\n|poke|p2|Kyogre|\n|poke|p2|Gliscor, M|\n|poke|p2|Grimmsnarl, M|\n|poke|p2|Rillaboom, F|\n|poke|p2|Iron Moth|\n|teampreview\n|\n|t:|1700939736\n|start\n|switch|p1a: Dragonite|Dragonite, F|100\/100\n|switch|p2a: Grimmsnarl|Grimmsnarl, M|100\/100\n|turn|1\n|\n|t:|1700939753\n|switch|p1a: Gengar|Gengar, M|100\/100\n|move|p2a: Grimmsnarl|Taunt|p1a: Gengar\n|-start|p1a: Gengar|move: Taunt\n|\n|upkeep\n|turn|2\n|\n|t:|1700939759\n|move|p2a: Grimmsnarl|Light Screen|p2a: Grimmsnarl\n|-sidestart|p2: nosejugar957|move: Light Screen\n|move|p1a: Gengar|Sludge Wave|p2a: Grimmsnarl\n|-supereffective|p2a: Grimmsnarl\n|-damage|p2a: Grimmsnarl|53\/100\n|\n|upkeep\n|turn|3\n|\n|t:|1700939765\n|move|p2a: Grimmsnarl|Parting Shot|p1a: Gengar\n|-unboost|p1a: Gengar|atk|1\n|-unboost|p1a: Gengar|spa|1\n|\n|t:|1700939779\n|switch|p2a: Iron Moth|Iron Moth|100\/100|[from] Parting Shot\n|move|p1a: Gengar|Sludge Wave|p2a: Iron Moth\n|-resisted|p2a: Iron Moth\n|-damage|p2a: Iron Moth|92\/100\n|\n|-end|p1a: Gengar|move: Taunt\n|upkeep\n|turn|4\n|\n|t:|1700939791\n|move|p1a: Gengar|Shadow Ball|p2a: Iron Moth\n|-damage|p2a: Iron Moth|79\/100\n|-unboost|p2a: Iron Moth|spd|1\n|move|p2a: Iron Moth|Fiery Dance|p1a: Gengar\n|-crit|p1a: Gengar\n|-enditem|p1a: Gengar|Focus Sash\n|-damage|p1a: Gengar|1\/100\n|-boost|p2a: Iron Moth|spa|1\n|\n|upkeep\n|turn|5\n|\n|t:|1700939804\n|move|p2a: Iron Moth|Fiery Dance|p1a: Gengar\n|-damage|p1a: Gengar|0 fnt\n|faint|p1a: Gengar\n|\n|upkeep\n|\n|t:|1700939814\n|switch|p1a: Gyarados|Gyarados, M|100\/100\n|turn|6\n|\n|t:|1700939852\n|-end|p2a: Iron Moth|Quark Drive|[silent]\n|switch|p2a: Kyogre|Kyogre|100\/100\n|-weather|RainDance|[from] ability: Drizzle|[of] p2a: Kyogre\n|move|p1a: Gyarados|Earthquake|p2a: Kyogre\n|-damage|p2a: Kyogre|67\/100\n|\n|-weather|RainDance|[upkeep]\n|-heal|p2a: Kyogre|74\/100|[from] item: Leftovers\n|upkeep\n|turn|7\n|\n|t:|1700939861\n|move|p1a: Gyarados|Outrage|p2a: Kyogre\n|-damage|p2a: Kyogre|37\/100\n|move|p2a: Kyogre|Thunder|p1a: Gyarados\n|-supereffective|p1a: Gyarados\n|-damage|p1a: Gyarados|0 fnt\n|faint|p1a: Gyarados\n|\n|-weather|RainDance|[upkeep]\n|-heal|p2a: Kyogre|43\/100|[from] item: Leftovers\n|upkeep\n|\n|t:|1700939870\n|switch|p1a: Raichu|Raichu, F|100\/100\n|turn|8\n|\n|t:|1700939875\n|switch|p2a: Swampert|Swampert, F, shiny|100\/100\n|move|p1a: Raichu|Volt Tackle|p2a: Swampert\n|-immune|p2a: Swampert\n|\n|-weather|RainDance|[upkeep]\n|upkeep\n|turn|9\n|\n|t:|1700939883\n|detailschange|p2a: Swampert|Swampert-Mega, F, shiny\n|-mega|p2a: Swampert|Swampert|Swampertite\n|move|p2a: Swampert|Power-Up Punch|p1a: Raichu\n|-damage|p1a: Raichu|62\/100\n|-boost|p2a: Swampert|atk|1\n|move|p1a: Raichu|Trailblaze|p2a: Swampert\n|-supereffective|p2a: Swampert\n|-damage|p2a: Swampert|51\/100\n|-boost|p1a: Raichu|spe|1\n|\n|-weather|RainDance|[upkeep]\n|-sideend|p2: nosejugar957|move: Light Screen\n|upkeep\n|turn|10\n|\n|t:|1700939893\n|move|p1a: Raichu|Trailblaze|p2a: Swampert\n|-supereffective|p2a: Swampert\n|-damage|p2a: Swampert|5\/100\n|-boost|p1a: Raichu|spe|1\n|move|p2a: Swampert|Earthquake|p1a: Raichu\n|-supereffective|p1a: Raichu\n|-damage|p1a: Raichu|0 fnt\n|faint|p1a: Raichu\n|\n|-weather|none\n|upkeep\n|\n|t:|1700939905\n|switch|p1a: Charizard|Charizard, M|100\/100\n|turn|11\n|\n|t:|1700939915\n|switch|p2a: Grimmsnarl|Grimmsnarl, M|53\/100\n|move|p1a: Charizard|Air Slash|p2a: Grimmsnarl\n|-damage|p2a: Grimmsnarl|20\/100\n|\n|upkeep\n|turn|12\n|\n|t:|1700939921\n|move|p2a: Grimmsnarl|Light Screen|p2a: Grimmsnarl\n|-sidestart|p2: nosejugar957|move: Light Screen\n|move|p1a: Charizard|Flamethrower|p2a: Grimmsnarl\n|-damage|p2a: Grimmsnarl|1\/100\n|\n|upkeep\n|turn|13\n|\n|t:|1700939927\n|move|p2a: Grimmsnarl|Parting Shot|p1a: Charizard\n|-unboost|p1a: Charizard|atk|1\n|-unboost|p1a: Charizard|spa|1\n|\n|t:|1700939931\n|switch|p2a: Kyogre|Kyogre|43\/100|[from] Parting Shot\n|-weather|RainDance|[from] ability: Drizzle|[of] p2a: Kyogre\n|move|p1a: Charizard|Flamethrower|p2a: Kyogre\n|-resisted|p2a: Kyogre\n|-damage|p2a: Kyogre|41\/100\n|\n|-weather|RainDance|[upkeep]\n|-heal|p2a: Kyogre|48\/100|[from] item: Leftovers\n|upkeep\n|turn|14\n|\n|t:|1700939940\n|switch|p1a: Dragonite|Dragonite, F|100\/100\n|move|p2a: Kyogre|Thunder|p1a: Dragonite\n|-damage|p1a: Dragonite|77\/100\n|\n|-weather|RainDance|[upkeep]\n|-heal|p1a: Dragonite|83\/100|[from] item: Leftovers\n|-heal|p2a: Kyogre|54\/100|[from] item: Leftovers\n|upkeep\n|turn|15\n|\n|t:|1700939950\n|move|p1a: Dragonite|Dragon Rush|p2a: Kyogre\n|-damage|p2a: Kyogre|4\/100\n|cant|p2a: Kyogre|flinch\n|\n|-weather|RainDance|[upkeep]\n|-heal|p1a: Dragonite|89\/100|[from] item: Leftovers\n|-heal|p2a: Kyogre|10\/100|[from] item: Leftovers\n|upkeep\n|turn|16\n|\n|t:|1700939964\n|move|p1a: Dragonite|Dragon Rush|p2a: Kyogre\n|-damage|p2a: Kyogre|0 fnt\n|faint|p2a: Kyogre\n|\n|-weather|RainDance|[upkeep]\n|-heal|p1a: Dragonite|96\/100|[from] item: Leftovers\n|upkeep\n|\n|t:|1700939972\n|switch|p2a: Swampert|Swampert-Mega, F, shiny|5\/100\n|turn|17\n|\n|t:|1700939975\n|move|p2a: Swampert|Ice Punch|p1a: Dragonite\n|-supereffective|p1a: Dragonite\n|-damage|p1a: Dragonite|0 fnt\n|faint|p1a: Dragonite\n|\n|-weather|none\n|upkeep\n|\n|t:|1700939981\n|switch|p1a: Charizard|Charizard, M|100\/100\n|turn|18\n|\n|t:|1700939987\n|switch|p2a: Grimmsnarl|Grimmsnarl, M|1\/100\n|detailschange|p1a: Charizard|Charizard-Mega-Y, M\n|-mega|p1a: Charizard|Charizard|Charizardite Y\n|-weather|SunnyDay|[from] ability: Drought|[of] p1a: Charizard\n|move|p1a: Charizard|Solar Beam||[still]\n|-prepare|p1a: Charizard|Solar Beam\n|-anim|p1a: Charizard|Solar Beam|p2a: Grimmsnarl\n|-damage|p2a: Grimmsnarl|0 fnt\n|faint|p2a: Grimmsnarl\n|\n|-weather|SunnyDay|[upkeep]\n|upkeep\n|\n|t:|1700940008\n|switch|p2a: Gliscor|Gliscor, M|100\/100\n|turn|19\n|\n|t:|1700940015\n|move|p2a: Gliscor|Protect|p2a: Gliscor\n|-singleturn|p2a: Gliscor|Protect\n|move|p1a: Charizard|Flamethrower|p2a: Gliscor\n|-activate|p2a: Gliscor|move: Protect\n|\n|-weather|SunnyDay|[upkeep]\n|-sideend|p2: nosejugar957|move: Light Screen\n|-status|p2a: Gliscor|tox|[from] item: Toxic Orb\n|upkeep\n|turn|20\n|\n|t:|1700940024\n|move|p1a: Charizard|Flamethrower|p2a: Gliscor\n|-damage|p2a: Gliscor|9\/100 tox\n|move|p2a: Gliscor|Toxic|p1a: Charizard\n|-status|p1a: Charizard|tox\n|\n|-weather|SunnyDay|[upkeep]\n|-damage|p1a: Charizard|94\/100 tox|[from] psn\n|-heal|p2a: Gliscor|21\/100 tox|[from] ability: Poison Heal\n|upkeep\n|turn|21\n|\n|t:|1700940038\n|move|p2a: Gliscor|Protect|p2a: Gliscor\n|-singleturn|p2a: Gliscor|Protect\n|move|p1a: Charizard|Flamethrower|p2a: Gliscor\n|-activate|p2a: Gliscor|move: Protect\n|\n|-weather|SunnyDay|[upkeep]\n|-damage|p1a: Charizard|82\/100 tox|[from] psn\n|-heal|p2a: Gliscor|34\/100 tox|[from] ability: Poison Heal\n|upkeep\n|turn|22\n|\n|t:|1700940052\n|switch|p2a: Swampert|Swampert-Mega, F, shiny|5\/100\n|move|p1a: Charizard|Flamethrower|p2a: Swampert\n|-resisted|p2a: Swampert\n|-crit|p2a: Swampert\n|-damage|p2a: Swampert|0 fnt\n|faint|p2a: Swampert\n|\n|-weather|none\n|-damage|p1a: Charizard|64\/100 tox|[from] psn\n|upkeep\n|\n|t:|1700940067\n|switch|p2a: Gliscor|Gliscor, M|34\/100 tox\n|turn|23\n|\n|t:|1700940071\n|move|p2a: Gliscor|Protect|p2a: Gliscor\n|-singleturn|p2a: Gliscor|Protect\n|move|p1a: Charizard|Flamethrower|p2a: Gliscor\n|-activate|p2a: Gliscor|move: Protect\n|\n|-damage|p1a: Charizard|40\/100 tox|[from] psn\n|-heal|p2a: Gliscor|46\/100 tox|[from] ability: Poison Heal\n|upkeep\n|turn|24\n|\n|t:|1700940082\n|move|p1a: Charizard|Flamethrower|p2a: Gliscor\n|-damage|p2a: Gliscor|0 fnt\n|faint|p2a: Gliscor\n|\n|-damage|p1a: Charizard|10\/100 tox|[from] psn\n|upkeep\n|\n|t:|1700940093\n|switch|p2a: Rillaboom|Rillaboom, F|100\/100\n|-fieldstart|move: Grassy Terrain|[from] ability: Grassy Surge|[of] p2a: Rillaboom\n|-enditem|p2a: Rillaboom|Grassy Seed\n|-boost|p2a: Rillaboom|def|1|[from] item: Grassy Seed\n|turn|25\n|\n|t:|1700940099\n|move|p2a: Rillaboom|Fake Out|p1a: Charizard\n|-damage|p1a: Charizard|0 fnt\n|faint|p1a: Charizard\n|\n|upkeep\n|\n|t:|1700940102\n|switch|p1a: Ivysaur|Ivysaur, F|100\/100\n|turn|26\n|\n|t:|1700940127\n|move|p2a: Rillaboom|Knock Off|p1a: Ivysaur\n|-damage|p1a: Ivysaur|61\/100\n|-enditem|p1a: Ivysaur|Eviolite|[from] move: Knock Off|[of] p2a: Rillaboom\n|move|p1a: Ivysaur|Sludge Bomb|p2a: Rillaboom\n|-supereffective|p2a: Rillaboom\n|-damage|p2a: Rillaboom|13\/100\n|-status|p2a: Rillaboom|psn\n|\n|-heal|p2a: Rillaboom|19\/100 psn|[from] Grassy Terrain\n|-heal|p1a: Ivysaur|67\/100|[from] Grassy Terrain\n|-damage|p2a: Rillaboom|7\/100 psn|[from] psn\n|upkeep\n|turn|27\n|\n|t:|1700940140\n|move|p2a: Rillaboom|Grassy Glide|p1a: Ivysaur\n|-resisted|p1a: Ivysaur\n|-damage|p1a: Ivysaur|51\/100\n|move|p1a: Ivysaur|Sludge Bomb|p2a: Rillaboom\n|-supereffective|p2a: Rillaboom\n|-damage|p2a: Rillaboom|0 fnt\n|faint|p2a: Rillaboom\n|\n|-heal|p1a: Ivysaur|58\/100|[from] Grassy Terrain\n|upkeep\n|\n|t:|1700940147\n|switch|p2a: Iron Moth|Iron Moth|79\/100\n|turn|28\n|\n|t:|1700940160\n|-terastallize|p1a: Ivysaur|Grass\n|move|p2a: Iron Moth|Fiery Dance|p1a: Ivysaur\n|-supereffective|p1a: Ivysaur\n|-damage|p1a: Ivysaur|0 fnt\n|faint|p1a: Ivysaur\n|\n|win|nosejugar957\n|raw|Dillregard's rating: 1208 &rarr; <strong>1179<\/strong><br \/>(-29 for losing)\n|raw|nosejugar957's rating: 1149 &rarr; <strong>1178<\/strong><br \/>(+29 for winning)\n|l|\u2606Dillregard\n","uploadtime":1700940183,"views":12,"p1id":"dillregard","p2id":"nosejugar957","formatid":"gen9nationaldexubers","rating":1178,"private":0,"password":""}