{"id":"gen9nationaldexubers-1997944045","p1":"ShedinjaIsFunnyBug","p2":"JazzyNazzy","format":"[Gen 9] National Dex Ubers","log":"|j|\u2606ShedinjaIsFunnyBug\n|j|\u2606JazzyNazzy\n|t:|1700870404\n|gametype|singles\n|player|p1|ShedinjaIsFunnyBug|steven|\n|player|p2|JazzyNazzy|266|\n|teamsize|p1|6\n|teamsize|p2|6\n|gen|9\n|tier|[Gen 9] National Dex Ubers\n|rated|Tournament battle\n|rule|HP Percentage Mod: HP is shown in percentages\n|rule|Endless Battle Clause: Forcing endless battles is banned\n|rule|OHKO Clause: OHKO moves are banned\n|rule|Evasion Moves Clause: Evasion moves are banned\n|rule|Evasion Items Clause: Evasion items are banned\n|rule|Species Clause: Limit one of each Pok\u00e9mon\n|rule|Sleep Clause Mod: Limit one foe put to sleep\n|rule|Mega Rayquaza Clause: You cannot mega evolve Rayquaza\n|clearpoke\n|poke|p1|Hatterene, F|\n|poke|p1|Groudon|\n|poke|p1|Lunala|\n|poke|p1|Dialga|\n|poke|p1|Arceus-Grass|\n|poke|p1|Ursaluna-Bloodmoon, M|\n|poke|p2|Lucario, F|\n|poke|p2|Baxcalibur, F|\n|poke|p2|Landorus, M|\n|poke|p2|Metagross|\n|poke|p2|Chien-Pao|\n|poke|p2|Magearna|\n|teampreview\n|inactive|Battle timer is ON: inactive players will automatically lose when time's up. (requested by ShedinjaIsFunnyBug)\n|c|\u2606ShedinjaIsFunnyBug|:( priority\n|inactive|ShedinjaIsFunnyBug has 120 seconds left.\n|c|\u2606JazzyNazzy|Yuh\n|c|\u2606ShedinjaIsFunnyBug|But that stall match was so fun I don't mind\n|c|\u2606ShedinjaIsFunnyBug|Glhf\n|j| Xurkiyee\n|c|\u2606JazzyNazzy|U2\n|inactive|ShedinjaIsFunnyBug has 90 seconds left.\n|\n|t:|1700870486\n|start\n|switch|p1a: Hatterene|Hatterene, F|100\/100\n|switch|p2a: Baxcalibur|Baxcalibur, F|100\/100\n|turn|1\n|\n|t:|1700870509\n|switch|p2a: Magearna|Magearna|100\/100\n|move|p1a: Hatterene|Trick Room|p1a: Hatterene\n|-fieldstart|move: Trick Room|[of] p1a: Hatterene\n|\n|upkeep\n|turn|2\n|inactive|ShedinjaIsFunnyBug has 120 seconds left.\n|\n|t:|1700870534\n|switch|p1a: Groudon|Groudon|100\/100\n|-weather|SunnyDay|[from] ability: Drought|[of] p1a: Groudon\n|move|p2a: Magearna|Volt Switch|p1a: Groudon\n|-immune|p1a: Groudon\n|\n|-weather|SunnyDay|[upkeep]\n|upkeep\n|turn|3\n|inactive|ShedinjaIsFunnyBug has 120 seconds left.\n|\n|t:|1700870550\n|move|p2a: Magearna|Spikes|p1a: Groudon\n|-sidestart|p1: ShedinjaIsFunnyBug|Spikes\n|move|p1a: Groudon|Eruption|p2a: Magearna\n|-supereffective|p2a: Magearna\n|-damage|p2a: Magearna|0 fnt\n|faint|p2a: Magearna\n|\n|-weather|SunnyDay|[upkeep]\n|upkeep\n|n|!JazzyNazzy|jazzynazzy\n|inactive|JazzyNazzy has 120 seconds left.\n|\n|t:|1700870583\n|switch|p2a: Lucario|Lucario, F, shiny|100\/100\n|turn|4\n|inactive|ShedinjaIsFunnyBug has 120 seconds left.\n|\n|t:|1700870589\n|move|p2a: Lucario|Extreme Speed|p1a: Groudon\n|-damage|p1a: Groudon|78\/100\n|-damage|p2a: Lucario|91\/100|[from] item: Life Orb\n|move|p1a: Groudon|Heat Crash|p2a: Lucario\n|-supereffective|p2a: Lucario\n|-damage|p2a: Lucario|0 fnt\n|faint|p2a: Lucario\n|\n|-weather|SunnyDay|[upkeep]\n|upkeep\n|\n|t:|1700870597\n|switch|p2a: Landorus|Landorus, M|100\/100\n|turn|5\n|\n|t:|1700870609\n|move|p1a: Groudon|Eruption|p2a: Landorus\n|-damage|p2a: Landorus|32\/100\n|move|p2a: Landorus|Earth Power|p1a: Groudon\n|-damage|p1a: Groudon|0 fnt\n|faint|p1a: Groudon\n|\n|-weather|SunnyDay|[upkeep]\n|-fieldend|move: Trick Room\n|upkeep\n|inactive|ShedinjaIsFunnyBug has 120 seconds left.\n|\n|t:|1700870621\n|switch|p1a: Hatterene|Hatterene, F|100\/100\n|-damage|p1a: Hatterene|88\/100|[from] Spikes\n|turn|6\n|\n|t:|1700870624\n|move|p2a: Landorus|Sludge Wave|p1a: Hatterene\n|-supereffective|p1a: Hatterene\n|-damage|p1a: Hatterene|0 fnt\n|faint|p1a: Hatterene\n|\n|-weather|none\n|upkeep\n|\n|t:|1700870633\n|switch|p1a: Arceus|Arceus-Grass|100\/100\n|-damage|p1a: Arceus|88\/100|[from] Spikes\n|turn|7\n|\n|t:|1700870647\n|move|p2a: Landorus|Sludge Wave|p1a: Arceus\n|-supereffective|p1a: Arceus\n|-damage|p1a: Arceus|25\/100\n|move|p1a: Arceus|Trick Room|p1a: Arceus\n|-fieldstart|move: Trick Room|[of] p1a: Arceus\n|\n|upkeep\n|turn|8\n|\n|t:|1700870655\n|switch|p2a: Metagross|Metagross, shiny|100\/100\n|move|p1a: Arceus|Healing Wish|p1a: Arceus\n|faint|p1a: Arceus\n|\n|upkeep\n|\n|t:|1700870672\n|switch|p1a: Lunala|Lunala|100\/100\n|turn|9\n|\n|t:|1700870681\n|switch|p2a: Landorus|Landorus, M|32\/100\n|move|p1a: Lunala|Moongeist Beam|p2a: Landorus\n|-damage|p2a: Landorus|0 fnt\n|faint|p2a: Landorus\n|\n|upkeep\n|\n|t:|1700870687\n|switch|p2a: Chien-Pao|Chien-Pao|100\/100\n|-ability|p2a: Chien-Pao|Sword of Ruin\n|turn|10\n|\n|t:|1700870699\n|switch|p1a: Dialga|Dialga|100\/100\n|-damage|p1a: Dialga|88\/100|[from] Spikes\n|-ability|p1a: Dialga|Pressure\n|switch|p2a: Metagross|Metagross, shiny|100\/100\n|\n|upkeep\n|turn|11\n|\n|t:|1700870708\n|detailschange|p2a: Metagross|Metagross-Mega, shiny\n|-mega|p2a: Metagross|Metagross|Metagrossite\n|move|p1a: Dialga|Aura Sphere|p2a: Metagross\n|-damage|p2a: Metagross|46\/100\n|move|p2a: Metagross|Agility|p2a: Metagross\n|-boost|p2a: Metagross|spe|2\n|\n|-fieldend|move: Trick Room\n|upkeep\n|turn|12\n|\n|t:|1700870713\n|move|p2a: Metagross|Earthquake|p1a: Dialga\n|-supereffective|p1a: Dialga\n|-damage|p1a: Dialga|29\/100\n|move|p1a: Dialga|Aura Sphere|p2a: Metagross\n|-damage|p2a: Metagross|0 fnt\n|faint|p2a: Metagross\n|\n|upkeep\n|\n|t:|1700870721\n|switch|p2a: Baxcalibur|Baxcalibur, F|100\/100\n|turn|13\n|\n|t:|1700870728\n|move|p2a: Baxcalibur|Earthquake|p1a: Dialga\n|-supereffective|p1a: Dialga\n|-damage|p1a: Dialga|0 fnt\n|faint|p1a: Dialga\n|\n|upkeep\n|\n|t:|1700870732\n|switch|p1a: Lunala|Lunala|100\/100\n|turn|14\n|\n|t:|1700870736\n|move|p2a: Baxcalibur|Icicle Crash|p1a: Lunala\n|-damage|p1a: Lunala|79\/100\n|cant|p1a: Lunala|flinch\n|\n|upkeep\n|turn|15\n|\n|t:|1700870748\n|move|p2a: Baxcalibur|Icicle Crash|p1a: Lunala\n|-damage|p1a: Lunala|37\/100\n|move|p1a: Lunala|Trick Room|p1a: Lunala\n|-fieldstart|move: Trick Room|[of] p1a: Lunala\n|\n|upkeep\n|turn|16\n|\n|t:|1700870756\n|move|p1a: Lunala|Moonblast|p2a: Baxcalibur\n|-supereffective|p2a: Baxcalibur\n|-crit|p2a: Baxcalibur\n|-damage|p2a: Baxcalibur|0 fnt\n|faint|p2a: Baxcalibur\n|\n|upkeep\n|\n|t:|1700870757\n|switch|p2a: Chien-Pao|Chien-Pao|100\/100\n|-ability|p2a: Chien-Pao|Sword of Ruin\n|turn|17\n|\n|t:|1700870768\n|-terastallize|p1a: Lunala|Fairy\n|move|p2a: Chien-Pao|Ice Shard|p1a: Lunala\n|-damage|p1a: Lunala|17\/100\n|move|p1a: Lunala|Moonblast|p2a: Chien-Pao\n|-supereffective|p2a: Chien-Pao\n|-damage|p2a: Chien-Pao|0 fnt\n|faint|p2a: Chien-Pao\n|\n|win|ShedinjaIsFunnyBug\n|n|\u2606ShedinjaIsFunnyBug|shedinjaisfunnybug\n|n|!JazzyNazzy|jazzynazzy\n|n| Xurkiyee|xurkiyee\n","uploadtime":1700870553,"views":18,"p1id":"shedinjaisfunnybug","p2id":"jazzynazzy","formatid":"gen9nationaldexubers","rating":0,"private":0,"password":""}