{"id":"gen9nationaldexubers-1995578227","p1":"breezai","p2":"massivehumongous","format":"[Gen 9] National Dex Ubers","log":"|j|\u2606breezai\n|j|\u2606massivehumongous\n|t:|1700584479\n|gametype|singles\n|player|p1|breezai|candice|1543\n|player|p2|massivehumongous|palmer|1425\n|teamsize|p1|6\n|teamsize|p2|6\n|gen|9\n|tier|[Gen 9] National Dex Ubers\n|rated|\n|rule|HP Percentage Mod: HP is shown in percentages\n|rule|Endless Battle Clause: Forcing endless battles is banned\n|rule|OHKO Clause: OHKO moves are banned\n|rule|Evasion Moves Clause: Evasion moves are banned\n|rule|Evasion Items Clause: Evasion items are banned\n|rule|Species Clause: Limit one of each Pok\u00e9mon\n|rule|Sleep Clause Mod: Limit one foe put to sleep\n|rule|Mega Rayquaza Clause: You cannot mega evolve Rayquaza\n|clearpoke\n|poke|p1|Xerneas-*|\n|poke|p1|Groudon|\n|poke|p1|Necrozma-Dusk-Mane|\n|poke|p1|Gothitelle, F|\n|poke|p1|Zacian-*|\n|poke|p1|Yveltal|\n|poke|p2|Necrozma-Dusk-Mane|\n|poke|p2|Ho-Oh|\n|poke|p2|Zacian-*|\n|poke|p2|Groudon|\n|poke|p2|Arceus-Ground|\n|poke|p2|Rayquaza|\n|teampreview\n|j| cheese miestro\n|inactive|Battle timer is ON: inactive players will automatically lose when time's up. (requested by breezai)\n|\n|t:|1700584508\n|start\n|switch|p1a: Yveltal|Yveltal|100\/100\n|switch|p2a: Necrozma|Necrozma-Dusk-Mane|100\/100\n|-ability|p1a: Yveltal|Dark Aura\n|turn|1\n|\n|t:|1700584514\n|move|p1a: Yveltal|Foul Play|p2a: Necrozma\n|-supereffective|p2a: Necrozma\n|-damage|p2a: Necrozma|50\/100\n|-damage|p1a: Yveltal|84\/100|[from] item: Rocky Helmet|[of] p2a: Necrozma\n|move|p2a: Necrozma|Stealth Rock|p1a: Yveltal\n|-sidestart|p1: breezai|move: Stealth Rock\n|\n|upkeep\n|turn|2\n|\n|t:|1700584520\n|switch|p2a: Ho-Oh|Ho-Oh|100\/100\n|move|p1a: Yveltal|Foul Play|p2a: Ho-Oh\n|-damage|p2a: Ho-Oh|59\/100\n|\n|upkeep\n|turn|3\n|\n|t:|1700584525\n|switch|p1a: Gothitelle|Gothitelle, F|100\/100\n|-damage|p1a: Gothitelle|88\/100|[from] Stealth Rock\n|move|p2a: Ho-Oh|Toxic|p1a: Gothitelle\n|-status|p1a: Gothitelle|tox\n|\n|-heal|p1a: Gothitelle|94\/100 tox|[from] item: Leftovers\n|-damage|p1a: Gothitelle|88\/100 tox|[from] psn\n|upkeep\n|turn|4\n|\n|t:|1700584529\n|move|p1a: Gothitelle|Taunt|p2a: Ho-Oh\n|-start|p2a: Ho-Oh|move: Taunt\n|cant|p2a: Ho-Oh|move: Taunt|Whirlwind\n|\n|-heal|p1a: Gothitelle|94\/100 tox|[from] item: Leftovers\n|-damage|p1a: Gothitelle|82\/100 tox|[from] psn\n|upkeep\n|turn|5\n|\n|t:|1700584533\n|move|p2a: Ho-Oh|Sacred Fire|p1a: Gothitelle\n|-damage|p1a: Gothitelle|42\/100 tox\n|move|p1a: Gothitelle|Charm|p2a: Ho-Oh\n|-unboost|p2a: Ho-Oh|atk|2\n|\n|-heal|p1a: Gothitelle|48\/100 tox|[from] item: Leftovers\n|-damage|p1a: Gothitelle|29\/100 tox|[from] psn\n|upkeep\n|turn|6\n|\n|t:|1700584547\n|move|p2a: Ho-Oh|Sacred Fire|p1a: Gothitelle\n|-damage|p1a: Gothitelle|9\/100 tox\n|move|p1a: Gothitelle|Rest|p1a: Gothitelle\n|-status|p1a: Gothitelle|slp|[from] move: Rest\n|-heal|p1a: Gothitelle|100\/100 slp|[silent]\n|\n|-end|p2a: Ho-Oh|move: Taunt\n|upkeep\n|turn|7\n|\n|t:|1700584553\n|cant|p1a: Gothitelle|slp\n|move|p2a: Ho-Oh|Whirlwind|p1a: Gothitelle\n|drag|p1a: Necrozma|Necrozma-Dusk-Mane|100\/100\n|-damage|p1a: Necrozma|94\/100|[from] Stealth Rock\n|\n|upkeep\n|turn|8\n|\n|t:|1700584559\n|switch|p2a: Groudon|Groudon|100\/100\n|detailschange|p2a: Groudon|Groudon-Primal\n|-primal|p2a: Groudon|Red Orb\n|-weather|DesolateLand|[from] ability: Desolate Land|[of] p2a: Groudon\n|switch|p1a: Gothitelle|Gothitelle, F|100\/100 slp\n|-damage|p1a: Gothitelle|88\/100 slp|[from] Stealth Rock\n|\n|-weather|DesolateLand|[upkeep]\n|-heal|p1a: Gothitelle|94\/100 slp|[from] item: Leftovers\n|upkeep\n|turn|9\n|\n|t:|1700584575\n|switch|p1a: Yveltal|Yveltal|84\/100\n|-damage|p1a: Yveltal|59\/100|[from] Stealth Rock\n|-ability|p1a: Yveltal|Dark Aura\n|move|p2a: Groudon|Fire Blast|p1a: Yveltal\n|-damage|p1a: Yveltal|0 fnt\n|faint|p1a: Yveltal\n|\n|-weather|DesolateLand|[upkeep]\n|upkeep\n|\n|t:|1700584584\n|switch|p1a: Groudon|Groudon|100\/100\n|-damage|p1a: Groudon|94\/100|[from] Stealth Rock\n|detailschange|p1a: Groudon|Groudon-Primal\n|-primal|p1a: Groudon|Red Orb\n|turn|10\n|\n|t:|1700584586\n|move|p2a: Groudon|Precipice Blades|p1a: Groudon\n|-supereffective|p1a: Groudon\n|-damage|p1a: Groudon|20\/100\n|move|p1a: Groudon|Precipice Blades|p2a: Groudon\n|-supereffective|p2a: Groudon\n|-damage|p2a: Groudon|5\/100\n|\n|-weather|DesolateLand|[upkeep]\n|upkeep\n|turn|11\n|\n|t:|1700584608\n|switch|p1a: Necrozma|Necrozma-Dusk-Mane|94\/100\n|-damage|p1a: Necrozma|88\/100|[from] Stealth Rock\n|move|p2a: Groudon|Fire Blast|p1a: Necrozma\n|-supereffective|p1a: Necrozma\n|-damage|p1a: Necrozma|0 fnt\n|faint|p1a: Necrozma\n|\n|-weather|DesolateLand|[upkeep]\n|upkeep\n|\n|t:|1700584618\n|switch|p1a: Xerneas|Xerneas|100\/100\n|-damage|p1a: Xerneas|88\/100|[from] Stealth Rock\n|-ability|p1a: Xerneas|Fairy Aura\n|turn|12\n|\n|t:|1700584620\n|-weather|none\n|switch|p2a: Zacian|Zacian-Crowned|100\/100\n|-ability|p2a: Zacian|Intrepid Sword|boost\n|-boost|p2a: Zacian|atk|1\n|move|p1a: Xerneas|Moonblast|p2a: Zacian\n|-resisted|p2a: Zacian\n|-damage|p2a: Zacian|77\/100\n|\n|upkeep\n|turn|13\n|\n|t:|1700584625\n|switch|p1a: Groudon|Groudon-Primal|20\/100\n|-damage|p1a: Groudon|7\/100|[from] Stealth Rock\n|-weather|DesolateLand|[from] ability: Desolate Land|[of] p1a: Groudon\n|move|p2a: Zacian|Behemoth Blade|p1a: Groudon\n|-resisted|p1a: Groudon\n|-damage|p1a: Groudon|0 fnt\n|faint|p1a: Groudon\n|-weather|none\n|\n|upkeep\n|\n|t:|1700584627\n|switch|p1a: Zacian|Zacian-Crowned|100\/100\n|-damage|p1a: Zacian|94\/100|[from] Stealth Rock\n|-ability|p1a: Zacian|Intrepid Sword|boost\n|-boost|p1a: Zacian|atk|1\n|turn|14\n|\n|t:|1700584632\n|switch|p2a: Ho-Oh|Ho-Oh|92\/100\n|move|p1a: Zacian|Behemoth Blade|p2a: Ho-Oh\n|-resisted|p2a: Ho-Oh\n|-damage|p2a: Ho-Oh|59\/100\n|\n|upkeep\n|turn|15\n|\n|t:|1700584643\n|move|p1a: Zacian|Wild Charge|p2a: Ho-Oh\n|-supereffective|p2a: Ho-Oh\n|-damage|p2a: Ho-Oh|0 fnt\n|faint|p2a: Ho-Oh\n|-damage|p1a: Zacian|76\/100|[from] Recoil\n|\n|upkeep\n|\n|t:|1700584646\n|switch|p2a: Arceus|Arceus-Ground|100\/100\n|turn|16\n|\n|t:|1700584651\n|-terastallize|p1a: Zacian|Fighting\n|move|p1a: Zacian|Swords Dance|p1a: Zacian\n|-boost|p1a: Zacian|atk|2\n|move|p2a: Arceus|Dragon Dance|p2a: Arceus\n|-boost|p2a: Arceus|atk|1\n|-boost|p2a: Arceus|spe|1\n|\n|upkeep\n|turn|17\n|\n|t:|1700584662\n|-terastallize|p2a: Arceus|Ground\n|move|p2a: Arceus|Earthquake|p1a: Zacian\n|-damage|p1a: Zacian|0 fnt\n|faint|p1a: Zacian\n|\n|upkeep\n|-message|breezai forfeited.\n|\n|win|massivehumongous\n|raw|breezai's rating: 1543 &rarr; <strong>1516<\/strong><br \/>(-27 for losing)\n|raw|massivehumongous's rating: 1425 &rarr; <strong>1452<\/strong><br \/>(+27 for winning)\n|l|\u2606breezai\n","uploadtime":1700584670,"views":1,"p1id":"breezai","p2id":"massivehumongous","formatid":"gen9nationaldexubers","rating":1452,"private":0,"password":""}