{"id":"gen9nationaldexubers-1977864848","p1":"Scampton","p2":"Egg O War","format":"[Gen 9] National Dex Ubers","log":"|j|\u2606Scampton\n|j|\u2606Egg O War\n|t:|1698459115\n|gametype|singles\n|player|p1|Scampton|clown|\n|player|p2|Egg O War|drayden|\n|teamsize|p1|6\n|teamsize|p2|6\n|gen|9\n|tier|[Gen 9] National Dex Ubers\n|rule|HP Percentage Mod: HP is shown in percentages\n|rule|Endless Battle Clause: Forcing endless battles is banned\n|rule|OHKO Clause: OHKO moves are banned\n|rule|Evasion Moves Clause: Evasion moves are banned\n|rule|Evasion Items Clause: Evasion items are banned\n|rule|Species Clause: Limit one of each Pok\u00e9mon\n|rule|Sleep Clause Mod: Limit one foe put to sleep\n|rule|Mega Rayquaza Clause: You cannot mega evolve Rayquaza\n|clearpoke\n|poke|p1|Groudon|\n|poke|p1|Walking Wake|\n|poke|p1|Politoed, F|\n|poke|p1|Palafin, M|\n|poke|p1|Duraludon, F|\n|poke|p1|Alomomola, M|\n|poke|p2|Slowbro-Galar, F|\n|poke|p2|Grimmsnarl, M|\n|poke|p2|Ursaluna, F|\n|poke|p2|Enamorus-Therian, F|\n|poke|p2|Iron Hands|\n|poke|p2|Kingambit, F|\n|teampreview\n|\n|t:|1698459146\n|start\n|switch|p1a: Groudon|Groudon|100\/100\n|switch|p2a: Jeice|Enamorus-Therian, F|100\/100\n|-weather|SunnyDay|[from] ability: Drought|[of] p1a: Groudon\n|turn|1\n|\n|t:|1698459153\n|move|p1a: Groudon|Swords Dance|p1a: Groudon\n|-boost|p1a: Groudon|atk|2\n|move|p2a: Jeice|Calm Mind|p2a: Jeice\n|-boost|p2a: Jeice|spa|1\n|-boost|p2a: Jeice|spd|1\n|\n|-weather|SunnyDay|[upkeep]\n|upkeep\n|turn|2\n|\n|t:|1698459171\n|move|p1a: Groudon|Heavy Slam|p2a: Jeice\n|-supereffective|p2a: Jeice\n|-damage|p2a: Jeice|0 fnt\n|faint|p2a: Jeice\n|\n|-weather|SunnyDay|[upkeep]\n|upkeep\n|\n|t:|1698459176\n|switch|p2a: Guldo|Grimmsnarl, M|100\/100\n|turn|3\n|\n|t:|1698459183\n|move|p2a: Guldo|Taunt|p1a: Groudon\n|-start|p1a: Groudon|move: Taunt\n|move|p1a: Groudon|Heavy Slam|p2a: Guldo\n|-supereffective|p2a: Guldo\n|-damage|p2a: Guldo|0 fnt\n|faint|p2a: Guldo\n|\n|-weather|SunnyDay|[upkeep]\n|upkeep\n|\n|t:|1698459187\n|switch|p2a: Recoome|Ursaluna, F|100\/100\n|turn|4\n|\n|t:|1698459192\n|move|p1a: Groudon|Solar Beam||[still]\n|-prepare|p1a: Groudon|Solar Beam\n|-anim|p1a: Groudon|Solar Beam|p2a: Recoome\n|-supereffective|p2a: Recoome\n|-damage|p2a: Recoome|42\/100\n|move|p2a: Recoome|Avalanche|p1a: Groudon\n|-supereffective|p1a: Groudon\n|-crit|p1a: Groudon\n|-damage|p1a: Groudon|0 fnt\n|faint|p1a: Groudon\n|\n|-weather|SunnyDay|[upkeep]\n|upkeep\n|inactive|Battle timer is ON: inactive players will automatically lose when time's up. (requested by Egg O War)\n|inactive|Scampton has 270 seconds left.\n|inactive|Scampton has 240 seconds left.\n|inactive|Scampton has 210 seconds left.\n|inactive|Scampton has 180 seconds left.\n|\n|t:|1698459365\n|switch|p1a: Walking Wake|Walking Wake|100\/100\n|-activate|p1a: Walking Wake|ability: Protosynthesis\n|-start|p1a: Walking Wake|protosynthesisspa\n|turn|5\n|-activate|p1a: Walking Wake|item: Quick Claw\n|\n|t:|1698459377\n|move|p1a: Walking Wake|Hydro Steam|p2a: Recoome\n|-supereffective|p2a: Recoome\n|-damage|p2a: Recoome|0 fnt\n|faint|p2a: Recoome\n|\n|-weather|none\n|-end|p1a: Walking Wake|Protosynthesis\n|upkeep\n|\n|t:|1698459398\n|switch|p2a: Burter|Slowbro-Galar, F|100\/100\n|turn|6\n|\n|t:|1698459402\n|move|p1a: Walking Wake|Draco Meteor|p2a: Burter\n|-damage|p2a: Burter|19\/100\n|-unboost|p1a: Walking Wake|spa|2\n|move|p2a: Burter|Nasty Plot|p2a: Burter\n|-boost|p2a: Burter|spa|2\n|\n|upkeep\n|turn|7\n|j| fried mochi\n|-activate|p2a: Burter|ability: Quick Draw\n|\n|t:|1698459411\n|move|p2a: Burter|Psyshock|p1a: Walking Wake\n|-damage|p1a: Walking Wake|40\/100\n|move|p1a: Walking Wake|Draco Meteor|p2a: Burter\n|-damage|p2a: Burter|0 fnt\n|-unboost|p1a: Walking Wake|spa|2\n|faint|p2a: Burter\n|\n|upkeep\n|\n|t:|1698459417\n|switch|p2a: Captain Ginyu|Iron Hands|100\/100\n|turn|8\n|c| fried mochi|go CLOWN !!!\n|\n|t:|1698459426\n|-end|p1a: Walking Wake|Protosynthesis|[silent]\n|switch|p1a: Detective|Duraludon, F|100\/100\n|move|p2a: Captain Ginyu|Swords Dance|p2a: Captain Ginyu\n|-boost|p2a: Captain Ginyu|atk|2\n|\n|upkeep\n|turn|9\n|c| fried mochi|i believe im\n|c| fried mochi|FUNNY\n|\n|t:|1698459433\n|move|p1a: Detective|Draco Meteor|p2a: Captain Ginyu\n|-damage|p2a: Captain Ginyu|33\/100\n|-unboost|p1a: Detective|spa|2\n|move|p2a: Captain Ginyu|Close Combat|p1a: Detective\n|-supereffective|p1a: Detective\n|-damage|p1a: Detective|0 fnt\n|-unboost|p2a: Captain Ginyu|def|1\n|-unboost|p2a: Captain Ginyu|spd|1\n|faint|p1a: Detective\n|\n|upkeep\n|inactive|Scampton has 270 seconds left.\n|\n|t:|1698459442\n|switch|p1a: Walking Wake|Walking Wake|40\/100\n|turn|10\n|inactive|Scampton has 270 seconds left.\n|-activate|p1a: Walking Wake|item: Quick Claw\n|\n|t:|1698459466\n|move|p1a: Walking Wake|Flamethrower|p2a: Captain Ginyu\n|-damage|p2a: Captain Ginyu|0 fnt\n|faint|p2a: Captain Ginyu\n|-end|p2a: Captain Ginyu|Quark Drive|[silent]\n|\n|upkeep\n|\n|t:|1698459470\n|switch|p2a: Lord Frieza|Kingambit, F|100\/100\n|-activate|p2a: Lord Frieza|ability: Supreme Overlord\n|-start|p2a: Lord Frieza|fallen5|[silent]\n|turn|11\n|\n|t:|1698459477\n|move|p1a: Walking Wake|Substitute|p1a: Walking Wake\n|-start|p1a: Walking Wake|Substitute\n|-damage|p1a: Walking Wake|15\/100\n|move|p2a: Lord Frieza|Swords Dance|p2a: Lord Frieza\n|-boost|p2a: Lord Frieza|atk|2\n|\n|upkeep\n|turn|12\n|\n|t:|1698459486\n|move|p1a: Walking Wake|Flamethrower|p2a: Lord Frieza\n|-supereffective|p2a: Lord Frieza\n|-damage|p2a: Lord Frieza|37\/100\n|move|p2a: Lord Frieza|Kowtow Cleave|p1a: Walking Wake\n|-end|p1a: Walking Wake|Substitute\n|\n|upkeep\n|turn|13\n|-activate|p2a: Lord Frieza|item: Quick Claw\n|\n|t:|1698459495\n|-end|p1a: Walking Wake|Protosynthesis|[silent]\n|switch|p1a: Palafin|Palafin, M|100\/100\n|move|p2a: Lord Frieza|Sucker Punch||[still]\n|-fail|p2a: Lord Frieza\n|\n|upkeep\n|turn|14\n|\n|t:|1698459505\n|move|p1a: Palafin|Drain Punch|p2a: Lord Frieza\n|-supereffective|p2a: Lord Frieza\n|-damage|p2a: Lord Frieza|0 fnt\n|faint|p2a: Lord Frieza\n|-end|p2a: Lord Frieza|fallen5|[silent]\n|\n|win|Scampton\n|l| fried mochi\n|l|\u2606Egg O War\n","uploadtime":1698459518,"views":12,"p1id":"scampton","p2id":"eggowar","formatid":"gen9nationaldexubers","rating":0,"private":0,"password":""}