{"id":"gen9nationaldexubers-1983565153","p1":"Slyguy46","p2":"ShinyMisty","format":"[Gen 9] National Dex Ubers","log":"|j|\u2606Slyguy46\n|j|\u2606ShinyMisty\n|t:|1699144005\n|gametype|singles\n|player|p1|Slyguy46|ethan|\n|player|p2|ShinyMisty|kris-masters|\n|teamsize|p1|6\n|teamsize|p2|6\n|gen|9\n|tier|[Gen 9] National Dex Ubers\n|rule|HP Percentage Mod: HP is shown in percentages\n|rule|Endless Battle Clause: Forcing endless battles is banned\n|rule|OHKO Clause: OHKO moves are banned\n|rule|Evasion Moves Clause: Evasion moves are banned\n|rule|Evasion Items Clause: Evasion items are banned\n|rule|Species Clause: Limit one of each Pok\u00e9mon\n|rule|Sleep Clause Mod: Limit one foe put to sleep\n|rule|Mega Rayquaza Clause: You cannot mega evolve Rayquaza\n|clearpoke\n|poke|p1|Scizor, F|\n|poke|p1|Salamence, M|\n|poke|p1|Quaquaval, F|\n|poke|p1|Gholdengo|\n|poke|p1|Quagsire, M|\n|poke|p1|Tyranitar, M|\n|poke|p2|Buzzwole|\n|poke|p2|Salamence, F|\n|poke|p2|Azelf|\n|poke|p2|Chandelure, M|\n|poke|p2|Scizor, F|\n|poke|p2|Klefki, M|\n|teampreview\n|c|\u2606Slyguy46|gl hf\n|c|\u2606ShinyMisty|yes. Good luck, have fun. <3\n|j| HarmTurtle\n|c| HarmTurtle|gl hf y'all!\n|j| Completeanimefan\n|c| Completeanimefan|Round One. FIGHT!\n|\n|t:|1699144241\n|start\n|switch|p1a: Scizor|Scizor, F, shiny|100\/100\n|switch|p2a: Kratos|Azelf, shiny|100\/100\n|turn|1\n|\n|t:|1699144257\n|move|p2a: Kratos|Thunder Wave|p1a: Scizor\n|-status|p1a: Scizor|par\n|cant|p1a: Scizor|par\n|\n|upkeep\n|turn|2\n|\n|t:|1699144273\n|move|p2a: Kratos|Stealth Rock|p1a: Scizor\n|-sidestart|p1: Slyguy46|move: Stealth Rock\n|move|p1a: Scizor|U-turn|p2a: Kratos\n|-supereffective|p2a: Kratos\n|-damage|p2a: Kratos|0 fnt\n|faint|p2a: Kratos\n|\n|t:|1699144293\n|switch|p1a: Tyranitar|Tyranitar, M, shiny|100\/100|[from] U-turn\n|-damage|p1a: Tyranitar|88\/100|[from] Stealth Rock\n|-weather|Sandstorm|[from] ability: Sand Stream|[of] p1a: Tyranitar\n|\n|-weather|Sandstorm|[upkeep]\n|-heal|p1a: Tyranitar|94\/100|[from] item: Leftovers\n|upkeep\n|\n|t:|1699144310\n|switch|p2a: Boss Klefki|Klefki, M, shiny|100\/100\n|turn|3\n|c| HarmTurtle|(Yes, battle timer is allowed by default)\n|\n|t:|1699144324\n|move|p2a: Boss Klefki|Reflect|p2a: Boss Klefki\n|-sidestart|p2: ShinyMisty|Reflect\n|move|p1a: Tyranitar|Stealth Rock|p2a: Boss Klefki\n|-sidestart|p2: ShinyMisty|move: Stealth Rock\n|\n|-weather|Sandstorm|[upkeep]\n|-heal|p1a: Tyranitar|99\/100|[from] item: Leftovers\n|upkeep\n|turn|4\n|\n|t:|1699144353\n|switch|p1a: Salamence|Salamence, M, shiny|100\/100\n|-ability|p1a: Salamence|Intimidate|boost\n|-unboost|p2a: Boss Klefki|atk|1\n|move|p2a: Boss Klefki|Spikes|p1a: Salamence\n|-sidestart|p1: Slyguy46|Spikes\n|\n|-weather|Sandstorm|[upkeep]\n|-damage|p1a: Salamence|94\/100|[from] Sandstorm\n|upkeep\n|turn|5\n|\n|t:|1699144367\n|move|p1a: Salamence|Flamethrower|p2a: Boss Klefki\n|-supereffective|p2a: Boss Klefki\n|-damage|p2a: Boss Klefki|33\/100\n|move|p2a: Boss Klefki|Draining Kiss|p1a: Salamence\n|-supereffective|p1a: Salamence\n|-damage|p1a: Salamence|58\/100\n|-heal|p2a: Boss Klefki|62\/100|[from] drain|[of] p1a: Salamence\n|\n|-weather|Sandstorm|[upkeep]\n|-damage|p1a: Salamence|52\/100|[from] Sandstorm\n|upkeep\n|turn|6\n|\n|t:|1699144385\n|switch|p1a: Gholdengo|Gholdengo|100\/100\n|-damage|p1a: Gholdengo|94\/100|[from] Stealth Rock\n|-damage|p1a: Gholdengo|82\/100|[from] Spikes\n|move|p2a: Boss Klefki|Light Screen|p2a: Boss Klefki\n|-sidestart|p2: ShinyMisty|move: Light Screen\n|\n|-weather|none\n|upkeep\n|turn|7\n|\n|t:|1699144437\n|switch|p2a: Lumi\u00e8re|Chandelure, M, shiny|100\/100\n|-damage|p2a: Lumi\u00e8re|76\/100|[from] Stealth Rock\n|move|p1a: Gholdengo|Thunder Wave|p2a: Lumi\u00e8re\n|-status|p2a: Lumi\u00e8re|par\n|\n|upkeep\n|turn|8\n|\n|t:|1699144470\n|switch|p1a: Tyranitar|Tyranitar, M, shiny|99\/100\n|-damage|p1a: Tyranitar|88\/100|[from] Stealth Rock\n|-damage|p1a: Tyranitar|75\/100|[from] Spikes\n|-weather|Sandstorm|[from] ability: Sand Stream|[of] p1a: Tyranitar\n|move|p2a: Lumi\u00e8re|Trick|p1a: Tyranitar\n|-activate|p2a: Lumi\u00e8re|move: Trick|[of] p1a: Tyranitar\n|-item|p1a: Tyranitar|Lagging Tail|[from] move: Trick\n|-item|p2a: Lumi\u00e8re|Leftovers|[from] move: Trick\n|\n|-weather|Sandstorm|[upkeep]\n|-damage|p2a: Lumi\u00e8re|69\/100 par|[from] Sandstorm\n|-heal|p2a: Lumi\u00e8re|76\/100 par|[from] item: Leftovers\n|upkeep\n|turn|9\n|\n|t:|1699144483\n|cant|p2a: Lumi\u00e8re|par\n|move|p1a: Tyranitar|Pursuit|p2a: Lumi\u00e8re\n|-supereffective|p2a: Lumi\u00e8re\n|-damage|p2a: Lumi\u00e8re|41\/100 par\n|-status|p1a: Tyranitar|brn|[from] ability: Flame Body|[of] p2a: Lumi\u00e8re\n|\n|-weather|Sandstorm|[upkeep]\n|-damage|p2a: Lumi\u00e8re|35\/100 par|[from] Sandstorm\n|-heal|p2a: Lumi\u00e8re|41\/100 par|[from] item: Leftovers\n|-damage|p1a: Tyranitar|69\/100 brn|[from] brn\n|upkeep\n|turn|10\n|\n|t:|1699144511\n|-activate|p2a: Lumi\u00e8re|move: Pursuit\n|move|p1a: Tyranitar|Pursuit|p2a: Lumi\u00e8re|[from]Pursuit\n|-supereffective|p2a: Lumi\u00e8re\n|-damage|p2a: Lumi\u00e8re|10\/100 par\n|switch|p2a: Boss Klefki|Klefki, M, shiny|62\/100\n|-damage|p2a: Boss Klefki|56\/100|[from] Stealth Rock\n|\n|-weather|Sandstorm|[upkeep]\n|-damage|p1a: Tyranitar|63\/100 brn|[from] brn\n|-sideend|p2: ShinyMisty|Reflect\n|upkeep\n|turn|11\n|\n|t:|1699144536\n|switch|p1a: Gholdengo|Gholdengo|82\/100\n|-damage|p1a: Gholdengo|76\/100|[from] Stealth Rock\n|-damage|p1a: Gholdengo|63\/100|[from] Spikes\n|move|p2a: Boss Klefki|Reflect|p2a: Boss Klefki\n|-sidestart|p2: ShinyMisty|Reflect\n|\n|-weather|Sandstorm|[upkeep]\n|upkeep\n|turn|12\n|\n|t:|1699144557\n|move|p2a: Boss Klefki|Spikes|p1a: Gholdengo\n|-sidestart|p1: Slyguy46|Spikes\n|move|p1a: Gholdengo|Recover|p1a: Gholdengo\n|-heal|p1a: Gholdengo|100\/100\n|\n|-weather|none\n|upkeep\n|turn|13\n|\n|t:|1699144565\n|move|p2a: Boss Klefki|Spikes|p1a: Gholdengo\n|-sidestart|p1: Slyguy46|Spikes\n|move|p1a: Gholdengo|Hex|p2a: Boss Klefki\n|-damage|p2a: Boss Klefki|40\/100\n|\n|-sideend|p2: ShinyMisty|move: Light Screen\n|upkeep\n|turn|14\n|\n|t:|1699144573\n|move|p2a: Boss Klefki|Light Screen|p2a: Boss Klefki\n|-sidestart|p2: ShinyMisty|move: Light Screen\n|move|p1a: Gholdengo|Hex|p2a: Boss Klefki\n|-damage|p2a: Boss Klefki|24\/100\n|\n|upkeep\n|turn|15\n|\n|t:|1699144606\n|switch|p2a: Death Swolegg|Buzzwole|100\/100\n|-damage|p2a: Death Swolegg|88\/100|[from] Stealth Rock\n|move|p1a: Gholdengo|Hex|p2a: Death Swolegg\n|-damage|p2a: Death Swolegg|75\/100\n|\n|upkeep\n|turn|16\n|\n|t:|1699144624\n|move|p1a: Gholdengo|Thunder Wave|p2a: Death Swolegg\n|-status|p2a: Death Swolegg|par\n|move|p2a: Death Swolegg|Thunder Punch|p1a: Gholdengo\n|-damage|p1a: Gholdengo|80\/100\n|\n|upkeep\n|turn|17\n|\n|t:|1699144661\n|-terastallize|p2a: Death Swolegg|Ground\n|move|p1a: Gholdengo|Hex|p2a: Death Swolegg\n|-crit|p2a: Death Swolegg\n|-damage|p2a: Death Swolegg|0 fnt\n|faint|p2a: Death Swolegg\n|\n|upkeep\n|c|\u2606ShinyMisty|SHOOT! ;w;\n|c|\u2606Slyguy46|welp\n|\n|t:|1699144679\n|switch|p2a: Butter Knife|Scizor, F|100\/100\n|-damage|p2a: Butter Knife|88\/100|[from] Stealth Rock\n|turn|18\n|c|\u2606ShinyMisty|Ah well. It happens. X3\n|\n|t:|1699144700\n|switch|p2a: Lumi\u00e8re|Chandelure, M, shiny|10\/100 par\n|-damage|p2a: Lumi\u00e8re|0 fnt|[from] Stealth Rock\n|faint|p2a: Lumi\u00e8re\n|move|p1a: Gholdengo|Thunder Wave|p2: Lumi\u00e8re|[notarget]\n|-fail|p1a: Gholdengo\n|\n|-sideend|p2: ShinyMisty|Reflect\n|upkeep\n|\n|t:|1699144725\n|switch|p2a: Fafnir|Salamence, F|100\/100\n|-damage|p2a: Fafnir|76\/100|[from] Stealth Rock\n|-ability|p2a: Fafnir|Intimidate|boost\n|-unboost|p1a: Gholdengo|atk|1\n|turn|19\n|\n|t:|1699144736\n|move|p2a: Fafnir|Wish|p2a: Fafnir\n|move|p1a: Gholdengo|Thunder Wave|p2a: Fafnir\n|-status|p2a: Fafnir|par\n|\n|upkeep\n|turn|20\n|\n|t:|1699144746\n|switch|p2a: Boss Klefki|Klefki, M, shiny|24\/100\n|-damage|p2a: Boss Klefki|18\/100|[from] Stealth Rock\n|move|p1a: Gholdengo|Hex|p2a: Boss Klefki\n|-damage|p2a: Boss Klefki|2\/100\n|\n|-heal|p2a: Boss Klefki|64\/100|[from] move: Wish|[wisher] Fafnir\n|upkeep\n|turn|21\n|\n|t:|1699144764\n|move|p1a: Gholdengo|Thunder Wave|p2a: Boss Klefki\n|-status|p2a: Boss Klefki|par\n|cant|p2a: Boss Klefki|par\n|\n|-sideend|p2: ShinyMisty|move: Light Screen\n|upkeep\n|turn|22\n|\n|t:|1699144783\n|switch|p1a: Quaquaval|Quaquaval, F|100\/100\n|-damage|p1a: Quaquaval|94\/100|[from] Stealth Rock\n|-damage|p1a: Quaquaval|69\/100|[from] Spikes\n|move|p2a: Boss Klefki|Light Screen|p2a: Boss Klefki\n|-sidestart|p2: ShinyMisty|move: Light Screen\n|\n|-heal|p1a: Quaquaval|75\/100|[from] item: Leftovers\n|upkeep\n|turn|23\n|\n|t:|1699144799\n|move|p1a: Quaquaval|Bulk Up|p1a: Quaquaval\n|-boost|p1a: Quaquaval|atk|1\n|-boost|p1a: Quaquaval|def|1\n|cant|p2a: Boss Klefki|par\n|\n|-heal|p1a: Quaquaval|82\/100|[from] item: Leftovers\n|upkeep\n|turn|24\n|\n|t:|1699144807\n|move|p2a: Boss Klefki|Reflect|p2a: Boss Klefki\n|-sidestart|p2: ShinyMisty|Reflect\n|move|p1a: Quaquaval|Bulk Up|p1a: Quaquaval\n|-boost|p1a: Quaquaval|atk|1\n|-boost|p1a: Quaquaval|def|1\n|\n|-heal|p1a: Quaquaval|88\/100|[from] item: Leftovers\n|upkeep\n|turn|25\n|\n|t:|1699144813\n|move|p1a: Quaquaval|Bulk Up|p1a: Quaquaval\n|-boost|p1a: Quaquaval|atk|1\n|-boost|p1a: Quaquaval|def|1\n|cant|p2a: Boss Klefki|par\n|\n|-heal|p1a: Quaquaval|94\/100|[from] item: Leftovers\n|upkeep\n|turn|26\n|\n|t:|1699144820\n|-terastallize|p1a: Quaquaval|Fairy\n|move|p1a: Quaquaval|Bulk Up|p1a: Quaquaval\n|-boost|p1a: Quaquaval|atk|1\n|-boost|p1a: Quaquaval|def|1\n|cant|p2a: Boss Klefki|par\n|\n|-heal|p1a: Quaquaval|99\/100|[from] item: Leftovers\n|upkeep\n|turn|27\n|\n|t:|1699144840\n|move|p1a: Quaquaval|Close Combat|p2a: Boss Klefki\n|-damage|p2a: Boss Klefki|0 fnt\n|-unboost|p1a: Quaquaval|def|1\n|-unboost|p1a: Quaquaval|spd|1\n|faint|p2a: Boss Klefki\n|-ability|p1a: Quaquaval|Moxie|boost\n|-boost|p1a: Quaquaval|atk|1\n|\n|-heal|p1a: Quaquaval|100\/100|[from] item: Leftovers\n|upkeep\n|\n|t:|1699144849\n|switch|p2a: Butter Knife|Scizor, F|88\/100\n|-damage|p2a: Butter Knife|76\/100|[from] Stealth Rock\n|turn|28\n|\n|t:|1699144856\n|move|p2a: Butter Knife|Bullet Punch|p1a: Quaquaval\n|-supereffective|p1a: Quaquaval\n|-damage|p1a: Quaquaval|68\/100\n|move|p1a: Quaquaval|Aqua Step|p2a: Butter Knife\n|-damage|p2a: Butter Knife|19\/100\n|-boost|p1a: Quaquaval|spe|1\n|-damage|p1a: Quaquaval|51\/100|[from] item: Rocky Helmet|[of] p2a: Butter Knife\n|\n|-heal|p1a: Quaquaval|58\/100|[from] item: Leftovers\n|upkeep\n|turn|29\n|\n|t:|1699144869\n|move|p1a: Quaquaval|Roost|p1a: Quaquaval\n|-heal|p1a: Quaquaval|100\/100\n|move|p2a: Butter Knife|Dual Wingbeat|p1a: Quaquaval\n|-damage|p1a: Quaquaval|89\/100\n|-crit|p1a: Quaquaval\n|-damage|p1a: Quaquaval|52\/100\n|-hitcount|p1a: Quaquaval|2\n|\n|-heal|p1a: Quaquaval|59\/100|[from] item: Leftovers\n|-sideend|p2: ShinyMisty|move: Light Screen\n|upkeep\n|turn|30\n|\n|t:|1699144889\n|move|p2a: Butter Knife|Bullet Punch|p1a: Quaquaval\n|-supereffective|p1a: Quaquaval\n|-damage|p1a: Quaquaval|28\/100\n|move|p1a: Quaquaval|Roost|p1a: Quaquaval\n|-heal|p1a: Quaquaval|78\/100\n|\n|-heal|p1a: Quaquaval|84\/100|[from] item: Leftovers\n|upkeep\n|turn|31\n|\n|t:|1699144896\n|move|p1a: Quaquaval|Aqua Step|p2a: Butter Knife\n|-damage|p2a: Butter Knife|0 fnt\n|-boost|p1a: Quaquaval|spe|1\n|-damage|p1a: Quaquaval|67\/100|[from] item: Rocky Helmet|[of] p2a: Butter Knife\n|faint|p2a: Butter Knife\n|-ability|p1a: Quaquaval|Moxie|boost\n|-boost|p1a: Quaquaval|atk|1\n|\n|-heal|p1a: Quaquaval|74\/100|[from] item: Leftovers\n|-sideend|p2: ShinyMisty|Reflect\n|upkeep\n|c|\u2606ShinyMisty|GG\n|\n|t:|1699144905\n|switch|p2a: Fafnir|Salamence, F|76\/100 par\n|-damage|p2a: Fafnir|51\/100 par|[from] Stealth Rock\n|-ability|p2a: Fafnir|Intimidate|boost\n|-unboost|p1a: Quaquaval|atk|1\n|turn|32\n|\n|t:|1699144911\n|move|p1a: Quaquaval|Aqua Step|p2a: Fafnir\n|-resisted|p2a: Fafnir\n|-damage|p2a: Fafnir|0 fnt\n|-boost|p1a: Quaquaval|spe|1\n|faint|p2a: Fafnir\n|\n|win|Slyguy46\n|c|\u2606Slyguy46|gg\n|l|\u2606Slyguy46\n|l| Completeanimefan\n|l|\u2606ShinyMisty\n","uploadtime":1699146160,"views":11,"p1id":"slyguy46","p2id":"shinymisty","formatid":"gen9nationaldexubers","rating":0,"private":0,"password":""}