{"id":"gen9nationaldexubers-2000199996","p1":"Braquelo","p2":"zuberto","format":"[Gen 9] National Dex Ubers","log":"|j|\u2606Braquelo\n|j|\u2606zuberto\n|t:|1701171127\n|gametype|singles\n|player|p1|Braquelo|raihan|1341\n|player|p2|zuberto|harlequin|1355\n|teamsize|p1|6\n|teamsize|p2|6\n|gen|9\n|tier|[Gen 9] National Dex Ubers\n|rated|\n|rule|HP Percentage Mod: HP is shown in percentages\n|rule|Endless Battle Clause: Forcing endless battles is banned\n|rule|OHKO Clause: OHKO moves are banned\n|rule|Evasion Moves Clause: Evasion moves are banned\n|rule|Evasion Items Clause: Evasion items are banned\n|rule|Species Clause: Limit one of each Pok\u00e9mon\n|rule|Sleep Clause Mod: Limit one foe put to sleep\n|rule|Mega Rayquaza Clause: You cannot mega evolve Rayquaza\n|clearpoke\n|poke|p1|Lucario, M|\n|poke|p1|Ursaluna-Bloodmoon, M|\n|poke|p1|Dragapult, M|\n|poke|p1|Malamar, M|\n|poke|p1|Iron Valiant|\n|poke|p1|Espeon, F|\n|poke|p2|Brute Bonnet|\n|poke|p2|Lugia|\n|poke|p2|Zacian-*|\n|poke|p2|Urshifu-*, M|\n|poke|p2|Groudon|\n|poke|p2|Palafin, F|\n|teampreview\n|\n|t:|1701171163\n|start\n|switch|p1a: Dragapult|Dragapult, M|100\/100\n|switch|p2a: Hero|Palafin, F|100\/100\n|turn|1\n|\n|t:|1701171173\n|detailschange|p2a: Hero|Palafin-Hero, F\n|switch|p2a: Brute Bonnet|Brute Bonnet|100\/100\n|move|p1a: Dragapult|U-turn|p2a: Brute Bonnet\n|-supereffective|p2a: Brute Bonnet\n|-damage|p2a: Brute Bonnet|46\/100\n|j| hzqbbb\n|\n|t:|1701171195\n|switch|p1a: Malamar|Malamar, M|100\/100|[from] U-turn\n|\n|-heal|p2a: Brute Bonnet|52\/100|[from] item: Leftovers\n|upkeep\n|turn|2\n|\n|t:|1701171203\n|move|p1a: Malamar|Superpower|p2a: Brute Bonnet\n|-supereffective|p2a: Brute Bonnet\n|-damage|p2a: Brute Bonnet|13\/100\n|-boost|p1a: Malamar|atk|1\n|-boost|p1a: Malamar|def|1\n|move|p2a: Brute Bonnet|Spore|p1a: Malamar\n|-status|p1a: Malamar|slp|[from] move: Spore\n|\n|-heal|p2a: Brute Bonnet|19\/100|[from] item: Leftovers\n|upkeep\n|turn|3\n|\n|t:|1701171210\n|cant|p1a: Malamar|slp\n|move|p1a: Malamar|Sleep Talk|p1a: Malamar\n|move|p1a: Malamar|Rest||[from]move: Sleep Talk|[still]\n|-fail|p1a: Malamar\n|move|p2a: Brute Bonnet|Dark Pulse|p1a: Malamar\n|-damage|p1a: Malamar|83\/100 slp\n|\n|-heal|p1a: Malamar|89\/100 slp|[from] item: Leftovers\n|-heal|p2a: Brute Bonnet|25\/100|[from] item: Leftovers\n|upkeep\n|turn|4\n|\n|t:|1701171225\n|-end|p2a: Brute Bonnet|Protosynthesis|[silent]\n|switch|p2a: Urshifu|Urshifu, M|100\/100\n|cant|p1a: Malamar|slp\n|move|p1a: Malamar|Sleep Talk|p1a: Malamar\n|move|p1a: Malamar|Superpower|p2a: Urshifu|[from]move: Sleep Talk\n|-supereffective|p2a: Urshifu\n|-damage|p2a: Urshifu|30\/100\n|-boost|p1a: Malamar|atk|1\n|-boost|p1a: Malamar|def|1\n|\n|-heal|p2a: Urshifu|36\/100|[from] item: Leftovers\n|-heal|p1a: Malamar|95\/100 slp|[from] item: Leftovers\n|upkeep\n|turn|5\n|\n|t:|1701171243\n|move|p2a: Urshifu|Wicked Blow|p1a: Malamar\n|-crit|p1a: Malamar\n|-damage|p1a: Malamar|35\/100 slp\n|-curestatus|p1a: Malamar|slp|[msg]\n|move|p1a: Malamar|Superpower|p2a: Urshifu\n|-supereffective|p2a: Urshifu\n|-damage|p2a: Urshifu|0 fnt\n|-boost|p1a: Malamar|atk|1\n|-boost|p1a: Malamar|def|1\n|faint|p2a: Urshifu\n|\n|-heal|p1a: Malamar|41\/100|[from] item: Leftovers\n|upkeep\n|\n|t:|1701171253\n|switch|p2a: Zacian|Zacian-Crowned|100\/100\n|-ability|p2a: Zacian|Intrepid Sword|boost\n|-boost|p2a: Zacian|atk|1\n|turn|6\n|\n|t:|1701171259\n|-terastallize|p1a: Malamar|Ghost\n|move|p2a: Zacian|Play Rough|p1a: Malamar\n|-damage|p1a: Malamar|10\/100\n|move|p1a: Malamar|Rest|p1a: Malamar\n|-status|p1a: Malamar|slp|[from] move: Rest\n|-heal|p1a: Malamar|100\/100 slp|[silent]\n|\n|upkeep\n|turn|7\n|\n|t:|1701171273\n|switch|p2a: Fogo fato|Groudon|100\/100\n|detailschange|p2a: Fogo fato|Groudon-Primal\n|-primal|p2a: Fogo fato|Red Orb\n|-weather|DesolateLand|[from] ability: Desolate Land|[of] p2a: Fogo fato\n|cant|p1a: Malamar|slp\n|move|p1a: Malamar|Sleep Talk|p1a: Malamar\n|move|p1a: Malamar|Knock Off|p2a: Fogo fato|[from]move: Sleep Talk\n|-damage|p2a: Fogo fato|66\/100\n|\n|-weather|DesolateLand|[upkeep]\n|upkeep\n|turn|8\n|\n|t:|1701171285\n|move|p2a: Fogo fato|Stone Edge|p1a: Malamar\n|-damage|p1a: Malamar|85\/100 slp\n|cant|p1a: Malamar|slp\n|move|p1a: Malamar|Sleep Talk|p1a: Malamar\n|move|p1a: Malamar|Knock Off|p2a: Fogo fato|[from]move: Sleep Talk\n|-damage|p2a: Fogo fato|30\/100\n|\n|-weather|DesolateLand|[upkeep]\n|-heal|p1a: Malamar|91\/100 slp|[from] item: Leftovers\n|upkeep\n|turn|9\n|-message|zuberto forfeited.\n|\n|win|Braquelo\n|raw|Braquelo's rating: 1341 &rarr; <strong>1362<\/strong><br \/>(+21 for winning)\n|raw|zuberto's rating: 1355 &rarr; <strong>1334<\/strong><br \/>(-21 for losing)\n|l|\u2606zuberto\n","uploadtime":1701171304,"views":1,"p1id":"braquelo","p2id":"zuberto","formatid":"gen9nationaldexubers","rating":1334,"private":0,"password":""}