{"id":"gen9nationaldexubers-1977815279","p1":"Hazervex2.0","p2":"Bakitaladelbarrio","format":"[Gen 9] National Dex Ubers","log":"|j|\u2606Hazervex2.0\n|j|\u2606Bakitaladelbarrio\n|t:|1698452984\n|gametype|singles\n|player|p1|Hazervex2.0|giovanni|1235\n|player|p2|Bakitaladelbarrio|blue|1360\n|teamsize|p1|6\n|teamsize|p2|6\n|gen|9\n|tier|[Gen 9] National Dex Ubers\n|rated|\n|rule|HP Percentage Mod: HP is shown in percentages\n|rule|Endless Battle Clause: Forcing endless battles is banned\n|rule|OHKO Clause: OHKO moves are banned\n|rule|Evasion Moves Clause: Evasion moves are banned\n|rule|Evasion Items Clause: Evasion items are banned\n|rule|Species Clause: Limit one of each Pok\u00e9mon\n|rule|Sleep Clause Mod: Limit one foe put to sleep\n|rule|Mega Rayquaza Clause: You cannot mega evolve Rayquaza\n|clearpoke\n|poke|p1|Tyranitar, M|\n|poke|p1|Kleavor, M|\n|poke|p1|Rhyperior, M|\n|poke|p1|Glimmora, F|\n|poke|p1|Lycanroc-Dusk, M|\n|poke|p1|Garganacl, M|\n|poke|p2|Groudon|\n|poke|p2|Deoxys-Attack|\n|poke|p2|Ho-Oh|\n|poke|p2|Xerneas-*|\n|poke|p2|Zygarde|\n|poke|p2|Genesect|\n|teampreview\n|inactive|Battle timer is ON: inactive players will automatically lose when time's up. (requested by Bakitaladelbarrio)\n|\n|t:|1698453001\n|start\n|switch|p1a: Kleavor|Kleavor, M|100\/100\n|switch|p2a: Genesect|Genesect|100\/100\n|-ability|p2a: Genesect|Download|boost\n|-boost|p2a: Genesect|spa|1\n|turn|1\n|\n|t:|1698453009\n|move|p2a: Genesect|Iron Head|p1a: Kleavor\n|-supereffective|p1a: Kleavor\n|-damage|p1a: Kleavor|19\/100\n|move|p1a: Kleavor|Stone Axe|p2a: Genesect\n|-damage|p2a: Genesect|33\/100\n|-sidestart|p2: Bakitaladelbarrio|move: Stealth Rock\n|\n|upkeep\n|turn|2\n|\n|t:|1698453017\n|move|p2a: Genesect|Iron Head|p1a: Kleavor\n|-supereffective|p1a: Kleavor\n|-damage|p1a: Kleavor|0 fnt\n|faint|p1a: Kleavor\n|\n|upkeep\n|\n|t:|1698453032\n|switch|p1a: Lycanroc|Lycanroc-Dusk, M|100\/100\n|turn|3\n|\n|t:|1698453036\n|move|p1a: Lycanroc|Accelerock|p2a: Genesect\n|-damage|p2a: Genesect|0 fnt\n|faint|p2a: Genesect\n|\n|upkeep\n|\n|t:|1698453042\n|switch|p2a: Zygarde|Zygarde|100\/100\n|-damage|p2a: Zygarde|94\/100|[from] Stealth Rock\n|turn|4\n|\n|t:|1698453056\n|switch|p1a: Rhyperior|Rhyperior, M|100\/100\n|move|p2a: Zygarde|Glare|p1a: Rhyperior\n|-status|p1a: Rhyperior|par\n|\n|-heal|p2a: Zygarde|100\/100|[from] item: Leftovers\n|upkeep\n|turn|5\n|\n|t:|1698453064\n|move|p2a: Zygarde|Coil|p2a: Zygarde\n|-boost|p2a: Zygarde|atk|1\n|-boost|p2a: Zygarde|def|1\n|-boost|p2a: Zygarde|accuracy|1\n|move|p1a: Rhyperior|Toxic|p2a: Zygarde\n|-status|p2a: Zygarde|tox\n|\n|-damage|p2a: Zygarde|94\/100 tox|[from] psn\n|upkeep\n|turn|6\n|\n|t:|1698453076\n|move|p2a: Zygarde|Coil|p2a: Zygarde\n|-boost|p2a: Zygarde|atk|1\n|-boost|p2a: Zygarde|def|1\n|-boost|p2a: Zygarde|accuracy|1\n|move|p1a: Rhyperior|Earthquake|p2a: Zygarde\n|-damage|p2a: Zygarde|82\/100 tox\n|\n|-heal|p2a: Zygarde|88\/100 tox|[from] item: Leftovers\n|-damage|p2a: Zygarde|76\/100 tox|[from] psn\n|upkeep\n|turn|7\n|\n|t:|1698453089\n|move|p2a: Zygarde|Coil|p2a: Zygarde\n|-boost|p2a: Zygarde|atk|1\n|-boost|p2a: Zygarde|def|1\n|-boost|p2a: Zygarde|accuracy|1\n|move|p1a: Rhyperior|Earthquake|p2a: Zygarde\n|-damage|p2a: Zygarde|65\/100 tox\n|\n|-heal|p2a: Zygarde|71\/100 tox|[from] item: Leftovers\n|-damage|p2a: Zygarde|53\/100 tox|[from] psn\n|upkeep\n|turn|8\n|\n|t:|1698453099\n|move|p2a: Zygarde|Rest|p2a: Zygarde\n|-status|p2a: Zygarde|slp|[from] move: Rest\n|-heal|p2a: Zygarde|100\/100 slp|[silent]\n|move|p1a: Rhyperior|Earthquake|p2a: Zygarde\n|-damage|p2a: Zygarde|90\/100 slp\n|\n|-heal|p2a: Zygarde|96\/100 slp|[from] item: Leftovers\n|upkeep\n|turn|9\n|\n|t:|1698453109\n|switch|p1a: Glimmora|Glimmora, F|100\/100\n|cant|p2a: Zygarde|slp\n|\n|-heal|p2a: Zygarde|100\/100 slp|[from] item: Leftovers\n|upkeep\n|turn|10\n|\n|t:|1698453118\n|-terastallize|p1a: Glimmora|Grass\n|move|p1a: Glimmora|Energy Ball|p2a: Zygarde\n|-damage|p2a: Zygarde|63\/100 slp\n|cant|p2a: Zygarde|slp\n|\n|-heal|p2a: Zygarde|69\/100 slp|[from] item: Leftovers\n|upkeep\n|turn|11\n|\n|t:|1698453144\n|move|p1a: Glimmora|Energy Ball|p2a: Zygarde\n|-damage|p2a: Zygarde|29\/100 slp\n|-curestatus|p2a: Zygarde|slp|[msg]\n|move|p2a: Zygarde|Glare|p1a: Glimmora\n|-status|p1a: Glimmora|par\n|\n|-heal|p2a: Zygarde|35\/100|[from] item: Leftovers\n|-activate|p2a: Zygarde|ability: Power Construct\n|detailschange|p2a: Zygarde|Zygarde-Complete\n|-heal|p2a: Zygarde|58\/100|[silent]\n|upkeep\n|turn|12\n|inactive|Bakitaladelbarrio has 120 seconds left.\n|\n|t:|1698453161\n|move|p1a: Glimmora|Energy Ball|p2a: Zygarde\n|-damage|p2a: Zygarde|33\/100\n|move|p2a: Zygarde|Thousand Arrows|p1a: Glimmora\n|-resisted|p1a: Glimmora\n|-damage|p1a: Glimmora|56\/100 par\n|-activate|p1a: Glimmora|ability: Toxic Debris\n|-sidestart|p2: Bakitaladelbarrio|move: Toxic Spikes\n|\n|-heal|p2a: Zygarde|39\/100|[from] item: Leftovers\n|upkeep\n|turn|13\n|inactive|Bakitaladelbarrio has 120 seconds left.\n|\n|t:|1698453172\n|move|p1a: Glimmora|Energy Ball|p2a: Zygarde\n|-damage|p2a: Zygarde|14\/100\n|move|p2a: Zygarde|Thousand Arrows|p1a: Glimmora\n|-resisted|p1a: Glimmora\n|-damage|p1a: Glimmora|9\/100 par\n|-activate|p1a: Glimmora|ability: Toxic Debris\n|-sidestart|p2: Bakitaladelbarrio|move: Toxic Spikes\n|\n|-heal|p2a: Zygarde|20\/100|[from] item: Leftovers\n|upkeep\n|turn|14\n|inactive|Bakitaladelbarrio has 120 seconds left.\n|\n|t:|1698453184\n|cant|p1a: Glimmora|par\n|move|p2a: Zygarde|Rest|p2a: Zygarde\n|-status|p2a: Zygarde|slp|[from] move: Rest\n|-heal|p2a: Zygarde|100\/100 slp|[silent]\n|\n|upkeep\n|turn|15\n|\n|t:|1698453191\n|switch|p1a: Garganacl|Garganacl, M|100\/100\n|cant|p2a: Zygarde|slp\n|\n|upkeep\n|turn|16\n|\n|t:|1698453196\n|cant|p2a: Zygarde|slp\n|move|p1a: Garganacl|Iron Defense|p1a: Garganacl\n|-boost|p1a: Garganacl|def|2\n|\n|upkeep\n|turn|17\n|\n|t:|1698453207\n|-curestatus|p2a: Zygarde|slp|[msg]\n|move|p2a: Zygarde|Coil|p2a: Zygarde\n|-boost|p2a: Zygarde|atk|1\n|-boost|p2a: Zygarde|def|1\n|-boost|p2a: Zygarde|accuracy|1\n|move|p1a: Garganacl|Iron Defense|p1a: Garganacl\n|-boost|p1a: Garganacl|def|2\n|\n|upkeep\n|turn|18\n|\n|t:|1698453218\n|move|p2a: Zygarde|Coil|p2a: Zygarde\n|-boost|p2a: Zygarde|atk|1\n|-boost|p2a: Zygarde|def|1\n|-boost|p2a: Zygarde|accuracy|1\n|move|p1a: Garganacl|Iron Defense|p1a: Garganacl\n|-boost|p1a: Garganacl|def|2\n|\n|upkeep\n|turn|19\n|\n|t:|1698453229\n|move|p2a: Zygarde|Coil|p2a: Zygarde\n|-boost|p2a: Zygarde|atk|1\n|-boost|p2a: Zygarde|def|1\n|-boost|p2a: Zygarde|accuracy|1\n|move|p1a: Garganacl|Salt Cure|p2a: Zygarde\n|-resisted|p2a: Zygarde\n|-damage|p2a: Zygarde|99\/100\n|-start|p2a: Zygarde|Salt Cure\n|\n|-heal|p2a: Zygarde|100\/100|[from] item: Leftovers\n|-damage|p2a: Zygarde|88\/100|[from] Salt Cure\n|upkeep\n|turn|20\n|\n|t:|1698453240\n|move|p2a: Zygarde|Thousand Arrows|p1a: Garganacl\n|-supereffective|p1a: Garganacl\n|-damage|p1a: Garganacl|56\/100\n|move|p1a: Garganacl|Recover|p1a: Garganacl\n|-heal|p1a: Garganacl|100\/100\n|\n|-heal|p2a: Zygarde|94\/100|[from] item: Leftovers\n|-damage|p2a: Zygarde|82\/100|[from] Salt Cure\n|upkeep\n|turn|21\n|\n|t:|1698453251\n|move|p2a: Zygarde|Thousand Arrows|p1a: Garganacl\n|-supereffective|p1a: Garganacl\n|-damage|p1a: Garganacl|54\/100\n|move|p1a: Garganacl|Recover|p1a: Garganacl\n|-heal|p1a: Garganacl|100\/100\n|\n|-heal|p2a: Zygarde|88\/100|[from] item: Leftovers\n|-damage|p2a: Zygarde|75\/100|[from] Salt Cure\n|upkeep\n|turn|22\n|\n|t:|1698453261\n|move|p2a: Zygarde|Thousand Arrows|p1a: Garganacl\n|-supereffective|p1a: Garganacl\n|-damage|p1a: Garganacl|59\/100\n|move|p1a: Garganacl|Recover|p1a: Garganacl\n|-heal|p1a: Garganacl|100\/100\n|\n|-heal|p2a: Zygarde|82\/100|[from] item: Leftovers\n|-damage|p2a: Zygarde|69\/100|[from] Salt Cure\n|upkeep\n|turn|23\n|\n|t:|1698453271\n|move|p2a: Zygarde|Thousand Arrows|p1a: Garganacl\n|-supereffective|p1a: Garganacl\n|-damage|p1a: Garganacl|54\/100\n|move|p1a: Garganacl|Body Press|p2a: Zygarde\n|-damage|p2a: Zygarde|61\/100\n|\n|-heal|p2a: Zygarde|67\/100|[from] item: Leftovers\n|-heal|p1a: Garganacl|61\/100|[from] item: Leftovers\n|-damage|p2a: Zygarde|55\/100|[from] Salt Cure\n|upkeep\n|turn|24\n|\n|t:|1698453283\n|move|p2a: Zygarde|Thousand Arrows|p1a: Garganacl\n|-supereffective|p1a: Garganacl\n|-damage|p1a: Garganacl|19\/100\n|move|p1a: Garganacl|Recover|p1a: Garganacl\n|-heal|p1a: Garganacl|69\/100\n|\n|-heal|p2a: Zygarde|61\/100|[from] item: Leftovers\n|-heal|p1a: Garganacl|75\/100|[from] item: Leftovers\n|-damage|p2a: Zygarde|48\/100|[from] Salt Cure\n|upkeep\n|turn|25\n|\n|t:|1698453295\n|move|p2a: Zygarde|Thousand Arrows|p1a: Garganacl\n|-supereffective|p1a: Garganacl\n|-damage|p1a: Garganacl|32\/100\n|move|p1a: Garganacl|Recover|p1a: Garganacl\n|-heal|p1a: Garganacl|82\/100\n|\n|-heal|p2a: Zygarde|54\/100|[from] item: Leftovers\n|-heal|p1a: Garganacl|88\/100|[from] item: Leftovers\n|-damage|p2a: Zygarde|42\/100|[from] Salt Cure\n|upkeep\n|turn|26\n|\n|t:|1698453309\n|move|p2a: Zygarde|Rest|p2a: Zygarde\n|-status|p2a: Zygarde|slp|[from] move: Rest\n|-heal|p2a: Zygarde|100\/100 slp|[silent]\n|move|p1a: Garganacl|Salt Cure|p2a: Zygarde\n|-resisted|p2a: Zygarde\n|-damage|p2a: Zygarde|99\/100 slp\n|\n|-heal|p2a: Zygarde|100\/100 slp|[from] item: Leftovers\n|-heal|p1a: Garganacl|95\/100|[from] item: Leftovers\n|-damage|p2a: Zygarde|88\/100 slp|[from] Salt Cure\n|upkeep\n|turn|27\n|\n|t:|1698453322\n|cant|p2a: Zygarde|slp\n|move|p1a: Garganacl|Body Press|p2a: Zygarde\n|-damage|p2a: Zygarde|80\/100 slp\n|\n|-heal|p2a: Zygarde|86\/100 slp|[from] item: Leftovers\n|-heal|p1a: Garganacl|100\/100|[from] item: Leftovers\n|-damage|p2a: Zygarde|74\/100 slp|[from] Salt Cure\n|upkeep\n|turn|28\n|\n|t:|1698453339\n|cant|p2a: Zygarde|slp\n|move|p1a: Garganacl|Body Press|p2a: Zygarde\n|-damage|p2a: Zygarde|66\/100 slp\n|\n|-heal|p2a: Zygarde|72\/100 slp|[from] item: Leftovers\n|-damage|p2a: Zygarde|60\/100 slp|[from] Salt Cure\n|upkeep\n|turn|29\n|\n|t:|1698453348\n|-curestatus|p2a: Zygarde|slp|[msg]\n|move|p2a: Zygarde|Thousand Arrows|p1a: Garganacl\n|-supereffective|p1a: Garganacl\n|-damage|p1a: Garganacl|60\/100\n|move|p1a: Garganacl|Body Press|p2a: Zygarde\n|-damage|p2a: Zygarde|52\/100\n|\n|-heal|p2a: Zygarde|58\/100|[from] item: Leftovers\n|-heal|p1a: Garganacl|67\/100|[from] item: Leftovers\n|-damage|p2a: Zygarde|46\/100|[from] Salt Cure\n|upkeep\n|turn|30\n|-message|Hazervex2.0 forfeited.\n|\n|win|Bakitaladelbarrio\n|raw|Hazervex2.0's rating: 1235 &rarr; <strong>1219<\/strong><br \/>(-16 for losing)\n|raw|Bakitaladelbarrio's rating: 1360 &rarr; <strong>1373<\/strong><br \/>(+13 for winning)\n|l|\u2606Hazervex2.0\n","uploadtime":1698453374,"views":6,"p1id":"hazervex20","p2id":"bakitaladelbarrio","formatid":"gen9nationaldexubers","rating":1219,"private":0,"password":""}