{"id":"gen9nationaldexubers-1988760355","p1":"Kai Zomei","p2":"BaraTheUmbraKing","format":"[Gen 9] National Dex Ubers","log":"|j|\u2606Kai Zomei\n|j|\u2606BaraTheUmbraKing\n|t:|1699759625\n|gametype|singles\n|player|p1|Kai Zomei|gambler|\n|player|p2|BaraTheUmbraKing|bellelba|\n|teamsize|p1|6\n|teamsize|p2|6\n|gen|9\n|tier|[Gen 9] National Dex Ubers\n|rule|HP Percentage Mod: HP is shown in percentages\n|rule|Endless Battle Clause: Forcing endless battles is banned\n|rule|OHKO Clause: OHKO moves are banned\n|rule|Evasion Moves Clause: Evasion moves are banned\n|rule|Evasion Items Clause: Evasion items are banned\n|rule|Species Clause: Limit one of each Pok\u00e9mon\n|rule|Sleep Clause Mod: Limit one foe put to sleep\n|rule|Mega Rayquaza Clause: You cannot mega evolve Rayquaza\n|clearpoke\n|poke|p1|Aerodactyl, M|\n|poke|p1|Landorus-Therian, M|\n|poke|p1|Ninetales-Alola, F|\n|poke|p1|Typhlosion-Hisui, M|\n|poke|p1|Quagsire, M|\n|poke|p1|Meloetta|\n|poke|p2|Abomasnow, M|\n|poke|p2|Golurk|\n|poke|p2|Muk-Alola, F|\n|poke|p2|Porygon2|\n|poke|p2|Iron Moth|\n|poke|p2|Kleavor, M|\n|teampreview\n|j| seisantube\n|j| VantaZack\n|j| Saradominphat\n|j| dcmrulz\n|\n|t:|1699759665\n|start\n|switch|p1a: Onibi|Typhlosion-Hisui, M|100\/100\n|switch|p2a: Kleavor|Kleavor, M|100\/100\n|-item|p2a: Kleavor|Focus Sash|[from] ability: Frisk|[of] p1a: Onibi|[identify]\n|turn|1\n|\n|t:|1699759732\n|switch|p1a: Bogmire|Quagsire, M|100\/100\n|move|p2a: Kleavor|Tailwind|p2a: Kleavor\n|-sidestart|p2: BaraTheUmbraKing|move: Tailwind\n|\n|upkeep\n|turn|2\n|j| Oakin64\n|\n|t:|1699759738\n|move|p2a: Kleavor|Stealth Rock|p1a: Bogmire\n|-sidestart|p1: Kai Zomei|move: Stealth Rock\n|move|p1a: Bogmire|Scald|p2a: Kleavor\n|-supereffective|p2a: Kleavor\n|-damage|p2a: Kleavor|34\/100\n|\n|upkeep\n|turn|3\n|\n|t:|1699759755\n|move|p2a: Kleavor|U-turn|p1a: Bogmire\n|-damage|p1a: Bogmire|59\/100\n|\n|t:|1699759764\n|switch|p2a: Muk|Muk-Alola, F|100\/100|[from] U-turn\n|move|p1a: Bogmire|Scald|p2a: Muk\n|-damage|p2a: Muk|92\/100\n|-status|p2a: Muk|brn\n|\n|-heal|p1a: Bogmire|65\/100|[from] item: Leftovers\n|-damage|p2a: Muk|86\/100 brn|[from] brn\n|upkeep\n|turn|4\n|\n|t:|1699759777\n|move|p2a: Muk|Knock Off|p1a: Bogmire\n|-damage|p1a: Bogmire|54\/100\n|-enditem|p1a: Bogmire|Leftovers|[from] move: Knock Off|[of] p2a: Muk\n|move|p1a: Bogmire|Earthquake|p2a: Muk\n|-supereffective|p2a: Muk\n|-crit|p2a: Muk\n|-damage|p2a: Muk|0 fnt\n|faint|p2a: Muk\n|\n|-sideend|p2: BaraTheUmbraKing|move: Tailwind\n|upkeep\n|\n|t:|1699759788\n|switch|p2a: Abomasnow|Abomasnow, M|100\/100\n|-weather|Snow|[from] ability: Snow Warning|[of] p2a: Abomasnow\n|turn|5\n|\n|t:|1699759817\n|switch|p1a: Onibi|Typhlosion-Hisui, M|100\/100\n|-damage|p1a: Onibi|76\/100|[from] Stealth Rock\n|-item|p2a: Abomasnow|Abomasite|[from] ability: Frisk|[of] p1a: Onibi|[identify]\n|detailschange|p2a: Abomasnow|Abomasnow-Mega, M\n|-mega|p2a: Abomasnow|Abomasnow|Abomasite\n|move|p2a: Abomasnow|Blizzard|p1a: Onibi\n|-resisted|p1a: Onibi\n|-damage|p1a: Onibi|31\/100\n|\n|-weather|Snow|[upkeep]\n|upkeep\n|turn|6\n|\n|t:|1699759833\n|switch|p2a: Kleavor|Kleavor, M|34\/100\n|move|p1a: Onibi|Lava Plume|p2a: Kleavor\n|-damage|p2a: Kleavor|0 fnt\n|faint|p2a: Kleavor\n|\n|-weather|Snow|[upkeep]\n|upkeep\n|\n|t:|1699759842\n|switch|p2a: Porygon2|Porygon2|100\/100\n|-item|p1a: Onibi|Expert Belt|[from] ability: Frisk|[of] p2a: Porygon2|[identify]\n|-ability|p2a: Porygon2|Frisk|[from] ability: Trace|[of] p1a: Onibi\n|turn|7\n|\n|t:|1699759852\n|move|p1a: Onibi|Focus Blast|p2a: Porygon2|[miss]\n|-miss|p1a: Onibi|p2a: Porygon2\n|move|p2a: Porygon2|Shadow Ball|p1a: Onibi\n|-supereffective|p1a: Onibi\n|-damage|p1a: Onibi|0 fnt\n|faint|p1a: Onibi\n|\n|-weather|Snow|[upkeep]\n|upkeep\n|\n|t:|1699759861\n|switch|p1a: Arianne|Meloetta|100\/100\n|-damage|p1a: Arianne|88\/100|[from] Stealth Rock\n|turn|8\n|\n|t:|1699759872\n|move|p1a: Arianne|Psychic|p2a: Porygon2\n|-damage|p2a: Porygon2|60\/100\n|move|p2a: Porygon2|Thunder Wave|p1a: Arianne\n|-status|p1a: Arianne|par\n|\n|-weather|Snow|[upkeep]\n|upkeep\n|turn|9\n|\n|t:|1699759883\n|move|p2a: Porygon2|Recover|p2a: Porygon2\n|-heal|p2a: Porygon2|100\/100\n|move|p1a: Arianne|Psychic|p2a: Porygon2\n|-crit|p2a: Porygon2\n|-damage|p2a: Porygon2|34\/100\n|\n|-weather|none\n|upkeep\n|turn|10\n|\n|t:|1699759891\n|move|p2a: Porygon2|Recover|p2a: Porygon2\n|-heal|p2a: Porygon2|84\/100\n|cant|p1a: Arianne|par\n|\n|upkeep\n|turn|11\n|\n|t:|1699759906\n|switch|p2a: Golurk|Golurk|100\/100\n|move|p1a: Arianne|Psychic|p2a: Golurk\n|-damage|p2a: Golurk|13\/100\n|\n|upkeep\n|turn|12\n|\n|t:|1699759918\n|move|p2a: Golurk|Earthquake|p1a: Arianne\n|-damage|p1a: Arianne|22\/100 par\n|cant|p1a: Arianne|par\n|\n|upkeep\n|turn|13\n|\n|t:|1699759925\n|move|p2a: Golurk|Earthquake|p1a: Arianne\n|-damage|p1a: Arianne|0 fnt\n|faint|p1a: Arianne\n|\n|upkeep\n|\n|t:|1699759936\n|switch|p1a: Bogmire|Quagsire, M|54\/100\n|-damage|p1a: Bogmire|47\/100|[from] Stealth Rock\n|turn|14\n|\n|t:|1699759954\n|switch|p2a: Abomasnow|Abomasnow-Mega, M|100\/100\n|-weather|Snow|[from] ability: Snow Warning|[of] p2a: Abomasnow\n|move|p1a: Bogmire|Scald|p2a: Abomasnow\n|-resisted|p2a: Abomasnow\n|-damage|p2a: Abomasnow|93\/100\n|\n|-weather|Snow|[upkeep]\n|upkeep\n|turn|15\n|\n|t:|1699759967\n|switch|p1a: Snowy|Ninetales-Alola, F|100\/100\n|-damage|p1a: Snowy|76\/100|[from] Stealth Rock\n|move|p2a: Abomasnow|Blizzard|p1a: Snowy\n|-resisted|p1a: Snowy\n|-damage|p1a: Snowy|39\/100\n|\n|-weather|Snow|[upkeep]\n|upkeep\n|turn|16\n|\n|t:|1699759977\n|switch|p2a: Golurk|Golurk|13\/100\n|move|p1a: Snowy|Aurora Veil|p1a: Snowy\n|-sidestart|p1: Kai Zomei|move: Aurora Veil\n|\n|-weather|Snow|[upkeep]\n|upkeep\n|turn|17\n|\n|t:|1699759986\n|move|p1a: Snowy|Blizzard|p2a: Golurk\n|-supereffective|p2a: Golurk\n|-damage|p2a: Golurk|0 fnt\n|faint|p2a: Golurk\n|\n|-weather|Snow|[upkeep]\n|upkeep\n|\n|t:|1699760001\n|switch|p2a: Porygon2|Porygon2|84\/100\n|-ability|p2a: Porygon2|Snow Warning|[from] ability: Trace|[of] p1a: Snowy\n|turn|18\n|\n|t:|1699760015\n|move|p1a: Snowy|Encore||[still]\n|-fail|p1a: Snowy\n|move|p2a: Porygon2|Recover|p2a: Porygon2\n|-heal|p2a: Porygon2|100\/100\n|\n|-weather|none\n|upkeep\n|turn|19\n|\n|t:|1699760025\n|switch|p2a: Iron Moth|Iron Moth|100\/100\n|move|p1a: Snowy|Encore||[still]\n|-fail|p1a: Snowy\n|\n|upkeep\n|turn|20\n|\n|t:|1699760031\n|switch|p1a: Shere Khan|Landorus-Therian, M|100\/100\n|-ability|p1a: Shere Khan|Intimidate|boost\n|-unboost|p2a: Iron Moth|atk|1\n|move|p2a: Iron Moth|Fiery Dance|p1a: Shere Khan\n|-damage|p1a: Shere Khan|71\/100\n|-boost|p2a: Iron Moth|spa|1\n|-damage|p2a: Iron Moth|91\/100|[from] item: Life Orb\n|\n|upkeep\n|turn|21\n|\n|t:|1699760041\n|-end|p2a: Iron Moth|Quark Drive|[silent]\n|switch|p2a: Abomasnow|Abomasnow-Mega, M|93\/100\n|-weather|Snow|[from] ability: Snow Warning|[of] p2a: Abomasnow\n|move|p1a: Shere Khan|Defog|p2a: Abomasnow\n|-unboost|p2a: Abomasnow|evasion|1\n|-sideend|p1: Kai Zomei|Stealth Rock|[from] move: Defog|[of] p1a: Shere Khan\n|\n|-weather|Snow|[upkeep]\n|upkeep\n|turn|22\n|\n|t:|1699760053\n|move|p1a: Shere Khan|Stealth Rock|p2a: Abomasnow\n|-sidestart|p2: BaraTheUmbraKing|move: Stealth Rock\n|move|p2a: Abomasnow|Blizzard|p1a: Shere Khan\n|-supereffective|p1a: Shere Khan\n|-damage|p1a: Shere Khan|0 fnt\n|faint|p1a: Shere Khan\n|\n|-weather|Snow|[upkeep]\n|upkeep\n|l| seisantube\n|\n|t:|1699760064\n|switch|p1a: Petrie|Aerodactyl, M, shiny|100\/100\n|turn|23\n|\n|t:|1699760070\n|detailschange|p1a: Petrie|Aerodactyl-Mega, M, shiny\n|-mega|p1a: Petrie|Aerodactyl|Aerodactylite\n|move|p1a: Petrie|Stone Edge|p2a: Abomasnow\n|-supereffective|p2a: Abomasnow\n|-crit|p2a: Abomasnow\n|-damage|p2a: Abomasnow|0 fnt\n|faint|p2a: Abomasnow\n|\n|-weather|Snow|[upkeep]\n|-sideend|p1: Kai Zomei|move: Aurora Veil\n|upkeep\n|\n|t:|1699760081\n|switch|p2a: Porygon2|Porygon2|100\/100\n|-damage|p2a: Porygon2|88\/100|[from] Stealth Rock\n|-ability|p2a: Porygon2|Tough Claws|[from] ability: Trace|[of] p1a: Petrie\n|turn|24\n|\n|t:|1699760100\n|move|p1a: Petrie|Stone Edge|p2a: Porygon2\n|-damage|p2a: Porygon2|63\/100\n|move|p2a: Porygon2|Thunder Wave|p1a: Petrie\n|-status|p1a: Petrie|par\n|\n|-weather|Snow|[upkeep]\n|upkeep\n|turn|25\n|\n|t:|1699760108\n|cant|p1a: Petrie|par\n|move|p2a: Porygon2|Recover|p2a: Porygon2\n|-heal|p2a: Porygon2|100\/100\n|\n|-weather|none\n|upkeep\n|turn|26\n|\n|t:|1699760115\n|move|p1a: Petrie|Dragon Dance|p1a: Petrie\n|-boost|p1a: Petrie|atk|1\n|-boost|p1a: Petrie|spe|1\n|move|p2a: Porygon2|Ice Beam|p1a: Petrie\n|-supereffective|p1a: Petrie\n|-damage|p1a: Petrie|52\/100 par\n|\n|upkeep\n|turn|27\n|\n|t:|1699760124\n|move|p1a: Petrie|Stone Edge|p2a: Porygon2\n|-damage|p2a: Porygon2|64\/100\n|move|p2a: Porygon2|Ice Beam|p1a: Petrie\n|-supereffective|p1a: Petrie\n|-damage|p1a: Petrie|1\/100 par\n|\n|upkeep\n|turn|28\n|\n|t:|1699760131\n|move|p1a: Petrie|Stone Edge|p2a: Porygon2\n|-damage|p2a: Porygon2|26\/100\n|move|p2a: Porygon2|Ice Beam|p1a: Petrie\n|-supereffective|p1a: Petrie\n|-damage|p1a: Petrie|0 fnt\n|faint|p1a: Petrie\n|\n|upkeep\n|\n|t:|1699760138\n|switch|p1a: Snowy|Ninetales-Alola, F|39\/100\n|-weather|Snow|[from] ability: Snow Warning|[of] p1a: Snowy\n|turn|29\n|\n|t:|1699760145\n|move|p1a: Snowy|Blizzard|p2a: Porygon2\n|-damage|p2a: Porygon2|0 fnt\n|faint|p2a: Porygon2\n|\n|-weather|Snow|[upkeep]\n|upkeep\n|\n|t:|1699760151\n|switch|p2a: Iron Moth|Iron Moth|91\/100\n|-damage|p2a: Iron Moth|66\/100|[from] Stealth Rock\n|turn|30\n|\n|t:|1699760155\n|move|p2a: Iron Moth|Fiery Dance|p1a: Snowy\n|-supereffective|p1a: Snowy\n|-damage|p1a: Snowy|0 fnt\n|-boost|p2a: Iron Moth|spa|1\n|faint|p1a: Snowy\n|-damage|p2a: Iron Moth|56\/100|[from] item: Life Orb\n|\n|-weather|Snow|[upkeep]\n|upkeep\n|\n|t:|1699760163\n|switch|p1a: Bogmire|Quagsire, M|47\/100\n|turn|31\n|\n|t:|1699760168\n|move|p2a: Iron Moth|Energy Ball|p1a: Bogmire\n|-supereffective|p1a: Bogmire\n|-damage|p1a: Bogmire|0 fnt\n|faint|p1a: Bogmire\n|-damage|p2a: Iron Moth|46\/100|[from] item: Life Orb\n|\n|win|BaraTheUmbraKing\n","uploadtime":1699760175,"views":13,"p1id":"kaizomei","p2id":"baratheumbraking","formatid":"gen9nationaldexubers","rating":0,"private":0,"password":""}