{"id":"gen9nationaldexubers-1985668877","p1":"RockEater12345","p2":"PaperTigerLily","format":"[Gen 9] National Dex Ubers","log":"|j|\u2606RockEater12345\n|j|\u2606PaperTigerLily\n|t:|1699394046\n|gametype|singles\n|player|p1|RockEater12345|hiker-gen4|\n|player|p2|PaperTigerLily|jasmine-masters|\n|teamsize|p1|6\n|teamsize|p2|6\n|gen|9\n|tier|[Gen 9] National Dex Ubers\n|rule|HP Percentage Mod: HP is shown in percentages\n|rule|Endless Battle Clause: Forcing endless battles is banned\n|rule|OHKO Clause: OHKO moves are banned\n|rule|Evasion Moves Clause: Evasion moves are banned\n|rule|Evasion Items Clause: Evasion items are banned\n|rule|Species Clause: Limit one of each Pok\u00e9mon\n|rule|Sleep Clause Mod: Limit one foe put to sleep\n|rule|Mega Rayquaza Clause: You cannot mega evolve Rayquaza\n|clearpoke\n|poke|p1|Rotom-Wash|\n|poke|p1|Zapdos|\n|poke|p1|Tapu Koko|\n|poke|p1|Iron Hands|\n|poke|p1|Zeraora|\n|poke|p1|Sandy Shocks|\n|poke|p2|Jirachi|\n|poke|p2|Scizor, M|\n|poke|p2|Corviknight, F|\n|poke|p2|Empoleon, M|\n|poke|p2|Heatran, M|\n|poke|p2|Gholdengo|\n|teampreview\n|c|\u2606PaperTigerLily|i was going to stream this, utt\n|c|\u2606PaperTigerLily|*but\n|c|\u2606PaperTigerLily|as it turns out\n|c|\u2606PaperTigerLily|my showdown client does not want to stream itself.\n|c|\u2606RockEater12345|rip\n|j| daily rito\n|c|\u2606PaperTigerLily|anyway the nicknames are slightly different here\n|c|\u2606PaperTigerLily|as you'll soon see\n|\n|t:|1699394100\n|start\n|switch|p1a: Chips|Zapdos|100\/100\n|switch|p2a: Slide With My|Empoleon, M, shiny|100\/100\n|-ability|p1a: Chips|Pressure\n|turn|1\n|\n|t:|1699394108\n|move|p1a: Chips|Volt Switch|p2a: Slide With My\n|-supereffective|p2a: Slide With My\n|-damage|p2a: Slide With My|61\/100\n|\n|t:|1699394111\n|switch|p1a: Washington|Rotom-Wash|100\/100|[from] Volt Switch\n|move|p2a: Slide With My|Flip Turn|p1a: Washington\n|-resisted|p1a: Washington\n|-damage|p1a: Washington|93\/100\n|c| daily rito|ayo get the 04. Donkey Kong playing in here\n|c|\u2606PaperTigerLily|OH SHIT TRUE\n|c|\u2606PaperTigerLily|lemme put on 04. Donkey Kong\n|c|\u2606PaperTigerLily|rito can you link it\n|c|\u2606PaperTigerLily|kinda hard to search for\n|c| daily rito|gladly\n|c| daily rito|https:\/\/youtu.be\/S8sK1KGmd3I\n|c|\u2606PaperTigerLily|theres that garbage beat\n|c| daily rito|you good apple\n|c|\u2606RockEater12345|im waiting\n|\n|t:|1699394219\n|switch|p2a: Bring A Friend|Scizor, M, shiny|100\/100|[from] Flip Turn\n|\n|-heal|p1a: Washington|99\/100|[from] item: Leftovers\n|upkeep\n|turn|2\n|\n|t:|1699394222\n|detailschange|p2a: Bring A Friend|Scizor-Mega, M, shiny\n|-mega|p2a: Bring A Friend|Scizor|Scizorite\n|move|p1a: Washington|Volt Switch|p2a: Bring A Friend\n|-damage|p2a: Bring A Friend|73\/100\n|\n|t:|1699394225\n|switch|p1a: Chips|Zapdos|100\/100|[from] Volt Switch\n|-ability|p1a: Chips|Pressure\n|move|p2a: Bring A Friend|U-turn|p1a: Chips\n|-resisted|p1a: Chips\n|-damage|p1a: Chips|82\/100\n|c| daily rito|oh wait i thought Youvolt switched fuck\n|\n|t:|1699394247\n|switch|p2a: Slide With My|Empoleon, M, shiny|61\/100|[from] U-turn\n|\n|upkeep\n|turn|3\n|\n|t:|1699394250\n|move|p1a: Chips|Volt Switch|p2a: Slide With My\n|-supereffective|p2a: Slide With My\n|-damage|p2a: Slide With My|25\/100\n|\n|t:|1699394252\n|switch|p1a: Washington|Rotom-Wash|99\/100|[from] Volt Switch\n|move|p2a: Slide With My|Roost|p2a: Slide With My\n|-heal|p2a: Slide With My|75\/100\n|-singleturn|p2a: Slide With My|move: Roost\n|\n|-heal|p1a: Washington|100\/100|[from] item: Leftovers\n|upkeep\n|turn|4\n|c| daily rito|god this song is so impressively dogass\n|\n|t:|1699394259\n|move|p1a: Washington|Volt Switch|p2a: Slide With My\n|-supereffective|p2a: Slide With My\n|-damage|p2a: Slide With My|41\/100\n|\n|t:|1699394261\n|switch|p1a: Catch These|Iron Hands|100\/100|[from] Volt Switch\n|move|p2a: Slide With My|Stealth Rock|p1a: Catch These\n|-sidestart|p1: RockEater12345|move: Stealth Rock\n|\n|upkeep\n|turn|5\n|c| daily rito|how did they make this\n|\n|t:|1699394269\n|switch|p2a: Told Her|Jirachi|100\/100\n|move|p1a: Catch These|Drain Punch|p2a: Told Her\n|-crit|p2a: Told Her\n|-damage|p2a: Told Her|39\/100\n|\n|upkeep\n|turn|6\n|c| daily rito|YAOI!!!\n|c|\u2606PaperTigerLily|damn that sucks\n|\n|t:|1699394282\n|-end|p1a: Catch These|Quark Drive|[silent]\n|switch|p1a: Walkies|Sandy Shocks|100\/100\n|move|p2a: Told Her|Heart Stamp|p1a: Walkies\n|-damage|p1a: Walkies|67\/100\n|\n|upkeep\n|turn|7\n|\n|t:|1699394292\n|switch|p2a: Slide With My|Empoleon, M, shiny|41\/100\n|move|p1a: Walkies|Stealth Rock|p2a: Slide With My\n|-sidestart|p2: PaperTigerLily|move: Stealth Rock\n|\n|upkeep\n|turn|8\n|\n|t:|1699394301\n|move|p1a: Walkies|Earth Power|p2a: Slide With My\n|-supereffective|p2a: Slide With My\n|-damage|p2a: Slide With My|0 fnt\n|faint|p2a: Slide With My\n|\n|upkeep\n|c|\u2606RockEater12345|i really think\n|c|\u2606RockEater12345|drill\n|c|\u2606RockEater12345|wouldve been super good here\n|c|\u2606PaperTigerLily|it wouldve been\n|c|\u2606PaperTigerLily|but i was struggling to find a spot for it in place of anyone else\n|\n|t:|1699394347\n|switch|p2a: Bring A Friend|Scizor-Mega, M, shiny|73\/100\n|-damage|p2a: Bring A Friend|61\/100|[from] Stealth Rock\n|turn|9\n|l| daily rito\n|\n|t:|1699394351\n|move|p1a: Walkies|Volt Switch|p2a: Bring A Friend\n|-damage|p2a: Bring A Friend|25\/100\n|\n|t:|1699394353\n|-end|p1a: Walkies|Protosynthesis|[silent]\n|switch|p1a: Chips|Zapdos|82\/100|[from] Volt Switch\n|-ability|p1a: Chips|Pressure\n|move|p2a: Bring A Friend|Roost|p2a: Bring A Friend\n|-heal|p2a: Bring A Friend|75\/100\n|-singleturn|p2a: Bring A Friend|move: Roost\n|\n|upkeep\n|turn|10\n|\n|t:|1699394360\n|switch|p2a: Dogs Like I'm|Heatran, M|100\/100\n|-damage|p2a: Dogs Like I'm|88\/100|[from] Stealth Rock\n|move|p1a: Chips|Heat Wave|p2a: Dogs Like I'm\n|-start|p2a: Dogs Like I'm|ability: Flash Fire\n|\n|upkeep\n|turn|11\n|c|\u2606RockEater12345|grrrr showdown didnt cancle\n|\n|t:|1699394378\n|move|p1a: Chips|Volt Switch|p2a: Dogs Like I'm\n|-damage|p2a: Dogs Like I'm|61\/100\n|\n|t:|1699394379\n|switch|p1a: Washington|Rotom-Wash|100\/100|[from] Volt Switch\n|-damage|p1a: Washington|88\/100|[from] Stealth Rock\n|move|p2a: Dogs Like I'm|Magma Storm|p1a: Washington\n|-resisted|p1a: Washington\n|-damage|p1a: Washington|39\/100\n|-activate|p1a: Washington|move: Magma Storm|[of] p2a: Dogs Like I'm\n|\n|-heal|p1a: Washington|46\/100|[from] item: Leftovers\n|-damage|p1a: Washington|33\/100|[from] move: Magma Storm|[partiallytrapped]\n|upkeep\n|turn|12\n|c|\u2606PaperTigerLily|manifesting a miss\n|\n|t:|1699394393\n|move|p2a: Dogs Like I'm|Magma Storm|p1a: Washington\n|-resisted|p1a: Washington\n|-crit|p1a: Washington\n|-damage|p1a: Washington|0 fnt\n|faint|p1a: Washington\n|\n|upkeep\n|\n|t:|1699394396\n|switch|p1a: Walkies|Sandy Shocks|67\/100\n|turn|13\n|c|\u2606PaperTigerLily|oh or that\n|c|\u2606RockEater12345|i dont need it\n|c|\u2606RockEater12345|cmere\n|\n|t:|1699394405\n|-end|p2a: Dogs Like I'm|ability: Flash Fire|[silent]\n|switch|p2a: MEGA MAN|Gholdengo, shiny|100\/100\n|-damage|p2a: MEGA MAN|94\/100|[from] Stealth Rock\n|-item|p2a: MEGA MAN|Air Balloon\n|move|p1a: Walkies|Earth Power|p2a: MEGA MAN\n|-immune|p2a: MEGA MAN\n|\n|upkeep\n|turn|14\n|\n|t:|1699394411\n|move|p1a: Walkies|Volt Switch|p2a: MEGA MAN\n|-damage|p2a: MEGA MAN|62\/100\n|-enditem|p2a: MEGA MAN|Air Balloon\n|\n|t:|1699394414\n|-end|p1a: Walkies|Protosynthesis|[silent]\n|switch|p1a: Chips|Zapdos|82\/100|[from] Volt Switch\n|-ability|p1a: Chips|Pressure\n|move|p2a: MEGA MAN|Shadow Ball|p1a: Chips\n|-damage|p1a: Chips|37\/100\n|\n|upkeep\n|turn|15\n|\n|t:|1699394426\n|move|p1a: Chips|Heat Wave|p2a: MEGA MAN\n|-supereffective|p2a: MEGA MAN\n|-damage|p2a: MEGA MAN|8\/100\n|move|p2a: MEGA MAN|Shadow Ball|p1a: Chips\n|-damage|p1a: Chips|0 fnt\n|faint|p1a: Chips\n|\n|upkeep\n|\n|t:|1699394428\n|switch|p1a: Whiteclaw Seltzer|Zeraora|100\/100\n|-damage|p1a: Whiteclaw Seltzer|88\/100|[from] Stealth Rock\n|turn|16\n|j| daily rito\n|c|\u2606PaperTigerLily|and here you see me sliding with my dogs\n|\n|t:|1699394441\n|move|p1a: Whiteclaw Seltzer|Knock Off|p2a: MEGA MAN\n|-supereffective|p2a: MEGA MAN\n|-damage|p2a: MEGA MAN|0 fnt\n|faint|p2a: MEGA MAN\n|\n|upkeep\n|c| daily rito|had to get on my phone because my dog needs to piss\n|c| daily rito|NOOOO NOT MEGA MAN\n|\n|t:|1699394452\n|switch|p2a: She Gon Make Me|Corviknight, F, shiny|100\/100\n|-damage|p2a: She Gon Make Me|88\/100|[from] Stealth Rock\n|turn|17\n|\n|t:|1699394455\n|switch|p1a: Koko Cola|Tapu Koko|100\/100\n|-damage|p1a: Koko Cola|88\/100|[from] Stealth Rock\n|-fieldstart|move: Electric Terrain|[from] ability: Electric Surge|[of] p1a: Koko Cola\n|move|p2a: She Gon Make Me|Iron Defense|p2a: She Gon Make Me\n|-boost|p2a: She Gon Make Me|def|2\n|\n|-heal|p2a: She Gon Make Me|94\/100|[from] item: Leftovers\n|upkeep\n|turn|18\n|\n|t:|1699394463\n|move|p1a: Koko Cola|Thunderbolt|p2a: She Gon Make Me\n|-supereffective|p2a: She Gon Make Me\n|-damage|p2a: She Gon Make Me|0 fnt\n|faint|p2a: She Gon Make Me\n|\n|upkeep\n|\n|t:|1699394468\n|switch|p2a: Bring A Friend|Scizor-Mega, M, shiny|75\/100\n|-damage|p2a: Bring A Friend|63\/100|[from] Stealth Rock\n|turn|19\n|\n|t:|1699394471\n|move|p2a: Bring A Friend|Bullet Punch|p1a: Koko Cola\n|-damage|p1a: Koko Cola|35\/100\n|move|p1a: Koko Cola|Thunderbolt|p2a: Bring A Friend\n|-damage|p2a: Bring A Friend|17\/100\n|\n|upkeep\n|turn|20\n|\n|t:|1699394476\n|switch|p1a: Catch These|Iron Hands|100\/100\n|-damage|p1a: Catch These|94\/100|[from] Stealth Rock\n|-activate|p1a: Catch These|ability: Quark Drive\n|-start|p1a: Catch These|quarkdriveatk\n|move|p2a: Bring A Friend|Bullet Punch|p1a: Catch These\n|-resisted|p1a: Catch These\n|-damage|p1a: Catch These|82\/100\n|\n|-heal|p1a: Catch These|88\/100|[from] item: Leftovers\n|upkeep\n|turn|21\n|\n|t:|1699394486\n|move|p2a: Bring A Friend|U-turn|p1a: Catch These\n|-resisted|p1a: Catch These\n|-damage|p1a: Catch These|74\/100\n|\n|t:|1699394487\n|switch|p2a: Told Her|Jirachi|39\/100|[from] U-turn\n|-damage|p2a: Told Her|33\/100|[from] Stealth Rock\n|move|p1a: Catch These|Drain Punch|p2a: Told Her\n|-damage|p2a: Told Her|0 fnt\n|-heal|p1a: Catch These|86\/100|[from] drain|[of] p2a: Told Her\n|faint|p2a: Told Her\n|\n|-heal|p1a: Catch These|92\/100|[from] item: Leftovers\n|upkeep\n|c|\u2606RockEater12345|i believe thats checkmate\n|\n|t:|1699394491\n|switch|p2a: Dogs Like I'm|Heatran, M|61\/100\n|-damage|p2a: Dogs Like I'm|49\/100|[from] Stealth Rock\n|turn|22\n|\n|t:|1699394498\n|move|p2a: Dogs Like I'm|Earth Power|p1a: Catch These\n|-supereffective|p1a: Catch These\n|-damage|p1a: Catch These|49\/100\n|move|p1a: Catch These|Drain Punch|p2a: Dogs Like I'm\n|-supereffective|p2a: Dogs Like I'm\n|-damage|p2a: Dogs Like I'm|0 fnt\n|-heal|p1a: Catch These|68\/100|[from] drain|[of] p2a: Dogs Like I'm\n|faint|p2a: Dogs Like I'm\n|\n|-heal|p1a: Catch These|74\/100|[from] item: Leftovers\n|upkeep\n|c|\u2606RockEater12345|gg\n|\n|t:|1699394503\n|switch|p2a: Bring A Friend|Scizor-Mega, M, shiny|17\/100\n|-damage|p2a: Bring A Friend|5\/100|[from] Stealth Rock\n|turn|23\n|\n|t:|1699394506\n|move|p2a: Bring A Friend|Dual Wingbeat|p1a: Catch These\n|-damage|p1a: Catch These|58\/100\n|-damage|p1a: Catch These|41\/100\n|-hitcount|p1a: Catch These|2\n|move|p1a: Catch These|Drain Punch|p2a: Bring A Friend\n|-damage|p2a: Bring A Friend|0 fnt\n|-heal|p1a: Catch These|43\/100|[from] drain|[of] p2a: Bring A Friend\n|faint|p2a: Bring A Friend\n|\n|win|RockEater12345\n|c| daily rito|you sound like a jackass\n|c|\u2606RockEater12345|sorry\n|c|\u2606RockEater12345|i got\n|c|\u2606RockEater12345|excited\n|c|\u2606PaperTigerLily|damn.\n|c|\u2606PaperTigerLily|gg\n|c|\u2606PaperTigerLily|i had some like\n|c|\u2606PaperTigerLily|some good counter-strats in mind\n|c| daily rito|tough matchup\n|c|\u2606PaperTigerLily|but they just didnt really come into play\n|c|\u2606PaperTigerLily|theres the obvious \"oh shouldve brought drill\" in hindsight but whatever\n","uploadtime":1699394526,"views":15,"p1id":"rockeater12345","p2id":"papertigerlily","formatid":"gen9nationaldexubers","rating":0,"private":0,"password":""}