{"id":"gen9nationaldexubers-1980532484","p1":"3o2o2o2o2o","p2":"KingoftheTitans","format":"[Gen 9] National Dex Ubers","log":"|j|\u26063o2o2o2o2o\n|j|\u2606KingoftheTitans\n|t:|1698794325\n|gametype|singles\n|player|p1|3o2o2o2o2o|guitarist-gen3|1376\n|player|p2|KingoftheTitans|265|1356\n|teamsize|p1|6\n|teamsize|p2|6\n|gen|9\n|tier|[Gen 9] National Dex Ubers\n|rated|\n|rule|HP Percentage Mod: HP is shown in percentages\n|rule|Endless Battle Clause: Forcing endless battles is banned\n|rule|OHKO Clause: OHKO moves are banned\n|rule|Evasion Moves Clause: Evasion moves are banned\n|rule|Evasion Items Clause: Evasion items are banned\n|rule|Species Clause: Limit one of each Pok\u00e9mon\n|rule|Sleep Clause Mod: Limit one foe put to sleep\n|rule|Mega Rayquaza Clause: You cannot mega evolve Rayquaza\n|clearpoke\n|poke|p1|Necrozma-Dusk-Mane|\n|poke|p1|Groudon|\n|poke|p1|Deoxys-Attack|\n|poke|p1|Marshadow|\n|poke|p1|Cyclizar, F|\n|poke|p1|Kingler, M|\n|poke|p2|Ogerpon-Hearthflame, F|\n|poke|p2|Deoxys-Speed|\n|poke|p2|Mewtwo|\n|poke|p2|Dragapult, M|\n|poke|p2|Ho-Oh|\n|poke|p2|Kyurem-Black|\n|teampreview\n|inactive|Battle timer is ON: inactive players will automatically lose when time's up. (requested by 3o2o2o2o2o)\n|c|\u2606KingoftheTitans|Wait\n|c|\u2606KingoftheTitans|YOU AGAIN\n|\n|t:|1698794341\n|start\n|switch|p1a: 75% Ronaldo\u263a\ufe0f\ud83d\ude0a|Cyclizar, F|100\/100\n|switch|p2a: Deoxys|Deoxys-Speed, shiny|100\/100\n|-ability|p2a: Deoxys|Pressure\n|turn|1\n|\n|t:|1698794347\n|move|p1a: 75% Ronaldo\u263a\ufe0f\ud83d\ude0a|Double-Edge|p2a: Deoxys\n|-damage|p2a: Deoxys|35\/100\n|-damage|p1a: 75% Ronaldo\u263a\ufe0f\ud83d\ude0a|77\/100|[from] Recoil\n|move|p2a: Deoxys|Taunt|p1a: 75% Ronaldo\u263a\ufe0f\ud83d\ude0a\n|-start|p1a: 75% Ronaldo\u263a\ufe0f\ud83d\ude0a|move: Taunt\n|\n|upkeep\n|turn|2\n|\n|t:|1698794359\n|switch|p2a: Dragapult|Dragapult, M, shiny|100\/100\n|move|p1a: 75% Ronaldo\u263a\ufe0f\ud83d\ude0a|Double-Edge|p2a: Dragapult\n|-immune|p2a: Dragapult\n|\n|upkeep\n|turn|3\n|\n|t:|1698794364\n|switch|p1a: Shadow boxer|Marshadow|100\/100\n|move|p2a: Dragapult|Fire Blast|p1a: Shadow boxer\n|-damage|p1a: Shadow boxer|48\/100\n|\n|upkeep\n|turn|4\n|\n|t:|1698794379\n|switch|p2a: Ho-Oh|Ho-Oh|100\/100\n|move|p1a: Shadow boxer|Shadow Sneak|p2a: Ho-Oh\n|-damage|p2a: Ho-Oh|82\/100\n|\n|upkeep\n|turn|5\n|c|\u26063o2o2o2o2o|Jajjaja\n|\n|t:|1698794403\n|switch|p1a: Backbone of ubers|Groudon, shiny|100\/100\n|detailschange|p1a: Backbone of ubers|Groudon-Primal, shiny\n|-primal|p1a: Backbone of ubers|Red Orb\n|-weather|DesolateLand|[from] ability: Desolate Land|[of] p1a: Backbone of ubers\n|move|p2a: Ho-Oh|Sacred Fire|p1a: Backbone of ubers\n|-resisted|p1a: Backbone of ubers\n|-damage|p1a: Backbone of ubers|79\/100\n|\n|-weather|DesolateLand|[upkeep]\n|upkeep\n|turn|6\n|inactive|3o2o2o2o2o has 120 seconds left.\n|\n|t:|1698794426\n|move|p1a: Backbone of ubers|Rock Slide|p2a: Ho-Oh\n|-supereffective|p2a: Ho-Oh\n|-damage|p2a: Ho-Oh|0 fnt\n|faint|p2a: Ho-Oh\n|\n|-weather|DesolateLand|[upkeep]\n|upkeep\n|\n|t:|1698794435\n|switch|p2a: Dragapult|Dragapult, M, shiny|100\/100\n|turn|7\n|c|\u26063o2o2o2o2o|Crazy\n|inactive|3o2o2o2o2o has 120 seconds left.\n|\n|t:|1698794460\n|move|p2a: Dragapult|Draco Meteor|p1a: Backbone of ubers\n|-damage|p1a: Backbone of ubers|0 fnt\n|-unboost|p2a: Dragapult|spa|2\n|faint|p1a: Backbone of ubers\n|-weather|none\n|\n|upkeep\n|\n|t:|1698794463\n|switch|p1a: Shadow boxer|Marshadow|48\/100\n|turn|8\n|\n|t:|1698794485\n|switch|p2a: Ogerpon|Ogerpon-Hearthflame, F|100\/100\n|-ability|p2a: Ogerpon|Mold Breaker\n|move|p1a: Shadow boxer|Shadow Sneak|p2a: Ogerpon\n|-damage|p2a: Ogerpon|64\/100\n|\n|upkeep\n|turn|9\n|inactive|3o2o2o2o2o has 120 seconds left.\n|\n|t:|1698794508\n|move|p1a: Shadow boxer|Spectral Thief|p2a: Ogerpon\n|-damage|p2a: Ogerpon|3\/100\n|move|p2a: Ogerpon|Horn Leech|p1a: Shadow boxer\n|-damage|p1a: Shadow boxer|0 fnt\n|-heal|p2a: Ogerpon|29\/100|[from] drain|[of] p1a: Shadow boxer\n|faint|p1a: Shadow boxer\n|\n|upkeep\n|\n|t:|1698794511\n|switch|p1a: 75% Ronaldo\u263a\ufe0f\ud83d\ude0a|Cyclizar, F|100\/100\n|turn|10\n|\n|t:|1698794521\n|move|p1a: 75% Ronaldo\u263a\ufe0f\ud83d\ude0a|Shed Tail|p1a: 75% Ronaldo\u263a\ufe0f\ud83d\ude0a\n|-start|p1a: 75% Ronaldo\u263a\ufe0f\ud83d\ude0a|Substitute|[from] move: Shed Tail\n|-damage|p1a: 75% Ronaldo\u263a\ufe0f\ud83d\ude0a|50\/100\n|\n|t:|1698794525\n|switch|p1a: The mongrinder|Necrozma-Dusk-Mane, shiny|100\/100|[from] Shed Tail\n|move|p2a: Ogerpon|Ivy Cudgel|p1a: The mongrinder\n|-supereffective|p1a: The mongrinder\n|-end|p1a: The mongrinder|Substitute\n|\n|upkeep\n|turn|11\n|\n|t:|1698794532\n|detailschange|p1a: The mongrinder|Necrozma-Ultra, shiny\n|-burst|p1a: The mongrinder|Necrozma|Ultranecrozium Z\n|-terastallize|p2a: Ogerpon|Fire\n|detailschange|p2a: Ogerpon|Ogerpon-Hearthflame-Tera, F, tera:Fire\n|-ability|p2a: Ogerpon|Embody Aspect (Hearthflame)|boost\n|-boost|p2a: Ogerpon|atk|1\n|move|p1a: The mongrinder|Dragon Dance|p1a: The mongrinder\n|-boost|p1a: The mongrinder|atk|1\n|-boost|p1a: The mongrinder|spe|1\n|move|p2a: Ogerpon|Ivy Cudgel|p1a: The mongrinder\n|-resisted|p1a: The mongrinder\n|-damage|p1a: The mongrinder|39\/100\n|\n|upkeep\n|turn|12\n|\n|t:|1698794544\n|move|p1a: The mongrinder|Earthquake|p2a: Ogerpon\n|-supereffective|p2a: Ogerpon\n|-damage|p2a: Ogerpon|0 fnt\n|faint|p2a: Ogerpon\n|\n|upkeep\n|\n|t:|1698794548\n|switch|p2a: Kyurem|Kyurem-Black, shiny|100\/100\n|-ability|p2a: Kyurem|Teravolt\n|turn|13\n|\n|t:|1698794553\n|move|p1a: The mongrinder|Sunsteel Strike|p2a: Kyurem\n|-supereffective|p2a: Kyurem\n|-damage|p2a: Kyurem|0 fnt\n|faint|p2a: Kyurem\n|\n|upkeep\n|\n|t:|1698794566\n|switch|p2a: Deoxys|Deoxys-Speed, shiny|35\/100\n|-ability|p2a: Deoxys|Pressure\n|turn|14\n|\n|t:|1698794574\n|move|p1a: The mongrinder|Earthquake|p2a: Deoxys\n|-damage|p2a: Deoxys|0 fnt\n|faint|p2a: Deoxys\n|\n|upkeep\n|\n|t:|1698794578\n|switch|p2a: Mewtwo|Mewtwo, shiny|100\/100\n|-ability|p2a: Mewtwo|Pressure\n|turn|15\n|\n|t:|1698794586\n|-zpower|p1a: The mongrinder\n|move|p1a: The mongrinder|Light That Burns the Sky|p2a: Mewtwo|[zeffect]\n|-resisted|p2a: Mewtwo\n|-damage|p2a: Mewtwo|0 fnt\n|faint|p2a: Mewtwo\n|\n|upkeep\n|\n|t:|1698794594\n|switch|p2a: Dragapult|Dragapult, M, shiny|100\/100\n|turn|16\n|\n|t:|1698794600\n|move|p1a: The mongrinder|Photon Geyser|p2a: Dragapult\n|-damage|p2a: Dragapult|0 fnt\n|faint|p2a: Dragapult\n|\n|win|3o2o2o2o2o\n|raw|3o2o2o2o2o's rating: 1352 &rarr; <strong>1372<\/strong><br \/>(+20 for winning)\n|raw|KingoftheTitans's rating: 1356 &rarr; <strong>1336<\/strong><br \/>(-20 for losing)\n|c|\u26063o2o2o2o2o|Gg\n|c|\u2606KingoftheTitans|gg\n|c|\u26063o2o2o2o2o|Happy crismas\n|l|\u26063o2o2o2o2o\n|c|\u2606KingoftheTitans|???????????????\n","uploadtime":1698794616,"views":9,"p1id":"3o2o2o2o2o","p2id":"kingofthetitans","formatid":"gen9nationaldexubers","rating":1336,"private":0,"password":""}