{"id":"gen9nationaldexubers-1991204074","p1":"zgszgs123","p2":"dcrownd","format":"[Gen 9] National Dex Ubers","log":"|j|\u2606zgszgs123\n|j|\u2606dcrownd\n|t:|1700056838\n|gametype|singles\n|player|p1|zgszgs123|265|\n|player|p2|dcrownd|giovanni|\n|teamsize|p1|6\n|teamsize|p2|6\n|gen|9\n|tier|[Gen 9] National Dex Ubers\n|rule|HP Percentage Mod: HP is shown in percentages\n|rule|Endless Battle Clause: Forcing endless battles is banned\n|rule|OHKO Clause: OHKO moves are banned\n|rule|Evasion Moves Clause: Evasion moves are banned\n|rule|Evasion Items Clause: Evasion items are banned\n|rule|Species Clause: Limit one of each Pok\u00e9mon\n|rule|Sleep Clause Mod: Limit one foe put to sleep\n|rule|Mega Rayquaza Clause: You cannot mega evolve Rayquaza\n|clearpoke\n|poke|p1|Shuckle, M|\n|poke|p1|Tyranitar, F|\n|poke|p1|Kleavor, M|\n|poke|p1|Glimmora, F|\n|poke|p1|Garganacl, M|\n|poke|p1|Aggron, L1, M|\n|poke|p2|Nidoking, M|\n|poke|p2|Persian, M|\n|poke|p2|Mewtwo|\n|poke|p2|Gliscor, F|\n|poke|p2|Golem, F|\n|poke|p2|Kangaskhan, F|\n|teampreview\n|\n|t:|1700056870\n|start\n|switch|p1a: Shuckle|Shuckle, M|100\/100\n|switch|p2a: Persian|Persian, M, shiny|100\/100\n|turn|1\n|\n|t:|1700056882\n|-terastallize|p2a: Persian|Normal\n|move|p2a: Persian|Fake Out|p1a: Shuckle\n|-enditem|p2a: Persian|Normal Gem|[from] gem\n|-resisted|p1a: Shuckle\n|-damage|p1a: Shuckle|90\/100\n|cant|p1a: Shuckle|flinch\n|\n|upkeep\n|turn|2\n|\n|t:|1700056897\n|switch|p2a: Gliscor|Gliscor, F|100\/100\n|move|p1a: Shuckle|Sticky Web|p2a: Gliscor\n|-sidestart|p2: dcrownd|move: Sticky Web\n|\n|-status|p2a: Gliscor|tox|[from] item: Toxic Orb\n|upkeep\n|turn|3\n|\n|t:|1700056907\n|move|p2a: Gliscor|Swords Dance|p2a: Gliscor\n|-boost|p2a: Gliscor|atk|2\n|move|p1a: Shuckle|Encore|p2a: Gliscor\n|-start|p2a: Gliscor|Encore\n|\n|upkeep\n|turn|4\n|\n|t:|1700056918\n|switch|p1a: Tyranitar|Tyranitar, F|100\/100\n|-weather|Sandstorm|[from] ability: Sand Stream|[of] p1a: Tyranitar\n|move|p2a: Gliscor|Swords Dance|p2a: Gliscor\n|-boost|p2a: Gliscor|atk|2\n|\n|-weather|Sandstorm|[upkeep]\n|upkeep\n|turn|5\n|\n|t:|1700056931\n|move|p2a: Gliscor|Swords Dance|p2a: Gliscor\n|-boost|p2a: Gliscor|atk|2\n|move|p1a: Tyranitar|Dragon Dance|p1a: Tyranitar\n|-boost|p1a: Tyranitar|atk|1\n|-boost|p1a: Tyranitar|spe|1\n|\n|-weather|Sandstorm|[upkeep]\n|upkeep\n|turn|6\n|\n|t:|1700056939\n|move|p1a: Tyranitar|Dragon Dance|p1a: Tyranitar\n|-boost|p1a: Tyranitar|atk|1\n|-boost|p1a: Tyranitar|spe|1\n|move|p2a: Gliscor|Swords Dance|p2a: Gliscor\n|-boost|p2a: Gliscor|atk|0\n|\n|-weather|Sandstorm|[upkeep]\n|-end|p2a: Gliscor|Encore\n|upkeep\n|turn|7\n|\n|t:|1700056949\n|move|p1a: Tyranitar|Ice Punch|p2a: Gliscor\n|-supereffective|p2a: Gliscor\n|-damage|p2a: Gliscor|0 fnt\n|faint|p2a: Gliscor\n|\n|-weather|Sandstorm|[upkeep]\n|upkeep\n|\n|t:|1700056956\n|switch|p2a: Kangaskhan|Kangaskhan, F|100\/100\n|-activate|p2a: Kangaskhan|move: Sticky Web\n|-unboost|p2a: Kangaskhan|spe|1\n|turn|8\n|inactive|Battle timer is ON: inactive players will automatically lose when time's up. (requested by dcrownd)\n|\n|t:|1700056977\n|detailschange|p2a: Kangaskhan|Kangaskhan-Mega, F\n|-mega|p2a: Kangaskhan|Kangaskhan|Kangaskhanite\n|move|p2a: Kangaskhan|Fake Out|p1a: Tyranitar\n|-resisted|p1a: Tyranitar\n|-damage|p1a: Tyranitar|92\/100\n|-resisted|p1a: Tyranitar\n|-damage|p1a: Tyranitar|91\/100\n|-hitcount|p1a: Tyranitar|2\n|cant|p1a: Tyranitar|flinch\n|\n|-weather|none\n|upkeep\n|turn|9\n|\n|t:|1700056990\n|-terastallize|p1a: Tyranitar|Dark\n|move|p1a: Tyranitar|Earthquake|p2a: Kangaskhan\n|-damage|p2a: Kangaskhan|37\/100\n|move|p2a: Kangaskhan|Seismic Toss|p1a: Tyranitar\n|-damage|p1a: Tyranitar|61\/100\n|-damage|p1a: Tyranitar|32\/100\n|-hitcount|p1a: Tyranitar|2\n|\n|upkeep\n|turn|10\n|\n|t:|1700057004\n|switch|p2a: Golem|Golem, F|100\/100\n|-activate|p2a: Golem|move: Sticky Web\n|-unboost|p2a: Golem|spe|1\n|move|p1a: Tyranitar|Earthquake|p2a: Golem\n|-supereffective|p2a: Golem\n|-ability|p2a: Golem|Sturdy\n|-damage|p2a: Golem|1\/100\n|-enditem|p2a: Golem|Weakness Policy\n|-boost|p2a: Golem|atk|2|[from] item: Weakness Policy\n|-boost|p2a: Golem|spa|2|[from] item: Weakness Policy\n|\n|upkeep\n|turn|11\n|\n|t:|1700057017\n|move|p2a: Golem|Sucker Punch|p1a: Tyranitar\n|-resisted|p1a: Tyranitar\n|-damage|p1a: Tyranitar|8\/100\n|move|p1a: Tyranitar|Earthquake|p2a: Golem\n|-supereffective|p2a: Golem\n|-damage|p2a: Golem|0 fnt\n|faint|p2a: Golem\n|\n|upkeep\n|\n|t:|1700057029\n|switch|p2a: Persian|Persian, M, shiny, tera:Normal|100\/100\n|-activate|p2a: Persian|move: Sticky Web\n|-unboost|p2a: Persian|spe|1\n|turn|12\n|\n|t:|1700057037\n|switch|p1a: Shuckle|Shuckle, M|90\/100\n|move|p2a: Persian|Fake Out|p1a: Shuckle\n|-resisted|p1a: Shuckle\n|-damage|p1a: Shuckle|81\/100\n|\n|upkeep\n|turn|13\n|\n|t:|1700057044\n|move|p2a: Persian|Last Resort|p1a: Shuckle\n|-resisted|p1a: Shuckle\n|-damage|p1a: Shuckle|60\/100\n|move|p1a: Shuckle|Stealth Rock|p2a: Persian\n|-sidestart|p2: dcrownd|move: Stealth Rock\n|\n|upkeep\n|turn|14\n|\n|t:|1700057056\n|switch|p2a: Nidoking|Nidoking, M|100\/100\n|-activate|p2a: Nidoking|move: Sticky Web\n|-unboost|p2a: Nidoking|spe|1\n|-damage|p2a: Nidoking|95\/100|[from] Stealth Rock\n|move|p1a: Shuckle|Encore||[still]\n|-fail|p1a: Shuckle\n|\n|upkeep\n|turn|15\n|\n|t:|1700057075\n|move|p2a: Nidoking|Substitute|p2a: Nidoking\n|-start|p2a: Nidoking|Substitute\n|-damage|p2a: Nidoking|70\/100\n|move|p1a: Shuckle|Rest|p1a: Shuckle\n|-status|p1a: Shuckle|slp|[from] move: Rest\n|-heal|p1a: Shuckle|100\/100 slp|[silent]\n|-enditem|p1a: Shuckle|Chesto Berry|[eat]\n|-curestatus|p1a: Shuckle|slp|[msg]\n|\n|upkeep\n|turn|16\n|\n|t:|1700057092\n|move|p2a: Nidoking|Earth Power|p1a: Shuckle\n|-damage|p1a: Shuckle|62\/100\n|move|p1a: Shuckle|Encore|p2a: Nidoking\n|-start|p2a: Nidoking|Encore\n|\n|upkeep\n|turn|17\n|\n|t:|1700057101\n|switch|p1a: Tyranitar|Tyranitar, F, tera:Dark|8\/100\n|-weather|Sandstorm|[from] ability: Sand Stream|[of] p1a: Tyranitar\n|move|p2a: Nidoking|Earth Power|p1a: Tyranitar\n|-damage|p1a: Tyranitar|0 fnt\n|faint|p1a: Tyranitar\n|\n|-weather|Sandstorm|[upkeep]\n|upkeep\n|l|\u2606zgszgs123\n|inactive|zgszgs123 disconnected and has 300 seconds to reconnect!\n|player|p1|\n|inactive|zgszgs123 has 270 seconds to reconnect!\n|j|\u2606zgszgs123\n|inactive|zgszgs123 reconnected and has 285 seconds left.\n|player|p1|zgszgs123|265\n|inactive|zgszgs123 has 270 seconds left.\n|inactive|zgszgs123 has 240 seconds left.\n|\n|t:|1700057189\n|switch|p1a: Kleavor|Kleavor, M|100\/100\n|turn|18\n|\n|t:|1700057193\n|move|p1a: Kleavor|X-Scissor|p2a: Nidoking\n|-resisted|p2a: Nidoking\n|-end|p2a: Nidoking|Substitute\n|move|p2a: Nidoking|Earth Power|p1a: Kleavor\n|-damage|p1a: Kleavor|39\/100\n|\n|-weather|Sandstorm|[upkeep]\n|upkeep\n|turn|19\n|\n|t:|1700057202\n|move|p1a: Kleavor|X-Scissor|p2a: Nidoking\n|-resisted|p2a: Nidoking\n|-damage|p2a: Nidoking|27\/100\n|move|p2a: Nidoking|Earth Power|p1a: Kleavor\n|-crit|p1a: Kleavor\n|-damage|p1a: Kleavor|0 fnt\n|faint|p1a: Kleavor\n|\n|-weather|Sandstorm|[upkeep]\n|-end|p2a: Nidoking|Encore\n|upkeep\n|\n|t:|1700057212\n|switch|p1a: Glimmora|Glimmora, F|100\/100\n|turn|20\n|\n|t:|1700057226\n|move|p1a: Glimmora|Mortal Spin|p2a: Nidoking\n|-resisted|p2a: Nidoking\n|-damage|p2a: Nidoking|25\/100\n|move|p2a: Nidoking|Substitute|p2a: Nidoking\n|-fail|p2a: Nidoking|move: Substitute|[weak]\n|\n|-weather|Sandstorm|[upkeep]\n|upkeep\n|turn|21\n|\n|t:|1700057243\n|move|p1a: Glimmora|Earth Power|p2a: Nidoking\n|-supereffective|p2a: Nidoking\n|-damage|p2a: Nidoking|0 fnt\n|faint|p2a: Nidoking\n|\n|-weather|none\n|upkeep\n|\n|t:|1700057263\n|switch|p2a: Mewtwo|Mewtwo|100\/100\n|-activate|p2a: Mewtwo|move: Sticky Web\n|-unboost|p2a: Mewtwo|spe|1\n|-damage|p2a: Mewtwo|88\/100|[from] Stealth Rock\n|-ability|p2a: Mewtwo|Pressure\n|turn|22\n|\n|t:|1700057273\n|switch|p1a: Shuckle|Shuckle, M|62\/100\n|move|p2a: Mewtwo|Psystrike|p1a: Shuckle\n|-damage|p1a: Shuckle|30\/100\n|\n|-heal|p2a: Mewtwo|94\/100|[from] item: Leftovers\n|upkeep\n|turn|23\n|\n|t:|1700057282\n|move|p2a: Mewtwo|Psystrike|p1a: Shuckle\n|-damage|p1a: Shuckle|0 fnt\n|faint|p1a: Shuckle\n|\n|-heal|p2a: Mewtwo|100\/100|[from] item: Leftovers\n|upkeep\n|inactive|zgszgs123 has 240 seconds left.\n|\n|t:|1700057312\n|switch|p1a: Aggron|Aggron, L1, M|100\/100\n|turn|24\n|inactive|zgszgs123 has 240 seconds left.\n|\n|t:|1700057318\n|move|p2a: Mewtwo|Will-O-Wisp|p1a: Aggron\n|-status|p1a: Aggron|brn\n|move|p1a: Aggron|Endeavor|p2a: Mewtwo\n|-damage|p2a: Mewtwo|3\/100\n|\n|-heal|p2a: Mewtwo|10\/100|[from] item: Leftovers\n|-damage|p1a: Aggron|92\/100 brn|[from] brn\n|upkeep\n|turn|25\n|inactive|zgszgs123 has 240 seconds left.\n|\n|t:|1700057333\n|move|p1a: Aggron|Protect|p1a: Aggron\n|-singleturn|p1a: Aggron|Protect\n|move|p2a: Mewtwo|Psystrike|p1a: Aggron\n|-activate|p1a: Aggron|move: Protect\n|\n|-heal|p2a: Mewtwo|16\/100|[from] item: Leftovers\n|-damage|p1a: Aggron|84\/100 brn|[from] brn\n|upkeep\n|turn|26\n|inactive|zgszgs123 has 240 seconds left.\n|\n|t:|1700057344\n|move|p1a: Aggron|Protect|p1a: Aggron\n|-singleturn|p1a: Aggron|Protect\n|move|p2a: Mewtwo|Psystrike|p1a: Aggron\n|-activate|p1a: Aggron|move: Protect\n|\n|-heal|p2a: Mewtwo|22\/100|[from] item: Leftovers\n|-damage|p1a: Aggron|75\/100 brn|[from] brn\n|upkeep\n|turn|27\n|inactive|zgszgs123 has 240 seconds left.\n|\n|t:|1700057354\n|move|p2a: Mewtwo|Psystrike|p1a: Aggron\n|-resisted|p1a: Aggron\n|-damage|p1a: Aggron|0 fnt\n|faint|p1a: Aggron\n|\n|-heal|p2a: Mewtwo|28\/100|[from] item: Leftovers\n|upkeep\n|inactive|zgszgs123 has 240 seconds left.\n|\n|t:|1700057362\n|switch|p1a: Garganacl|Garganacl, M|100\/100\n|turn|28\n|inactive|zgszgs123 has 240 seconds left.\n|\n|t:|1700057381\n|move|p2a: Mewtwo|Psystrike|p1a: Garganacl\n|-damage|p1a: Garganacl|65\/100\n|move|p1a: Garganacl|Earthquake|p2a: Mewtwo\n|-damage|p2a: Mewtwo|9\/100\n|\n|-heal|p2a: Mewtwo|15\/100|[from] item: Leftovers\n|upkeep\n|turn|29\n|inactive|zgszgs123 has 240 seconds left.\n|\n|t:|1700057392\n|move|p2a: Mewtwo|Recover|p2a: Mewtwo\n|-heal|p2a: Mewtwo|65\/100\n|move|p1a: Garganacl|Earthquake|p2a: Mewtwo\n|-damage|p2a: Mewtwo|44\/100\n|\n|-heal|p2a: Mewtwo|50\/100|[from] item: Leftovers\n|upkeep\n|turn|30\n|\n|t:|1700057402\n|move|p2a: Mewtwo|Will-O-Wisp|p1a: Garganacl\n|-immune|p1a: Garganacl|[from] ability: Purifying Salt\n|move|p1a: Garganacl|Salt Cure|p2a: Mewtwo\n|-crit|p2a: Mewtwo\n|-damage|p2a: Mewtwo|32\/100\n|-start|p2a: Mewtwo|Salt Cure\n|\n|-heal|p2a: Mewtwo|39\/100|[from] item: Leftovers\n|-damage|p2a: Mewtwo|26\/100|[from] Salt Cure\n|upkeep\n|turn|31\n|\n|t:|1700057415\n|move|p2a: Mewtwo|Recover|p2a: Mewtwo\n|-heal|p2a: Mewtwo|76\/100\n|move|p1a: Garganacl|Recover|p1a: Garganacl\n|-heal|p1a: Garganacl|100\/100\n|\n|-heal|p2a: Mewtwo|82\/100|[from] item: Leftovers\n|-damage|p2a: Mewtwo|70\/100|[from] Salt Cure\n|upkeep\n|turn|32\n|\n|t:|1700057427\n|move|p2a: Mewtwo|Taunt|p1a: Garganacl\n|-start|p1a: Garganacl|move: Taunt\n|move|p1a: Garganacl|Rock Slide|p2a: Mewtwo\n|-damage|p2a: Mewtwo|48\/100\n|\n|-heal|p2a: Mewtwo|55\/100|[from] item: Leftovers\n|-damage|p2a: Mewtwo|42\/100|[from] Salt Cure\n|upkeep\n|turn|33\n|\n|t:|1700057438\n|move|p2a: Mewtwo|Recover|p2a: Mewtwo\n|-heal|p2a: Mewtwo|92\/100\n|move|p1a: Garganacl|Rock Slide|p2a: Mewtwo\n|-damage|p2a: Mewtwo|67\/100\n|\n|-heal|p2a: Mewtwo|73\/100|[from] item: Leftovers\n|-damage|p2a: Mewtwo|61\/100|[from] Salt Cure\n|upkeep\n|turn|34\n|\n|t:|1700057449\n|move|p2a: Mewtwo|Psystrike|p1a: Garganacl\n|-damage|p1a: Garganacl|66\/100\n|move|p1a: Garganacl|Rock Slide|p2a: Mewtwo\n|-damage|p2a: Mewtwo|39\/100\n|\n|-heal|p2a: Mewtwo|45\/100|[from] item: Leftovers\n|-damage|p2a: Mewtwo|33\/100|[from] Salt Cure\n|-end|p1a: Garganacl|move: Taunt\n|upkeep\n|turn|35\n|inactive|zgszgs123 has 240 seconds left.\n|\n|t:|1700057477\n|move|p2a: Mewtwo|Taunt|p1a: Garganacl\n|-start|p1a: Garganacl|move: Taunt\n|cant|p1a: Garganacl|move: Taunt|Recover\n|\n|-heal|p2a: Mewtwo|39\/100|[from] item: Leftovers\n|-damage|p2a: Mewtwo|26\/100|[from] Salt Cure\n|upkeep\n|turn|36\n|inactive|zgszgs123 has 240 seconds left.\n|\n|t:|1700057486\n|switch|p1a: Glimmora|Glimmora, F|100\/100\n|move|p2a: Mewtwo|Recover|p2a: Mewtwo\n|-heal|p2a: Mewtwo|76\/100\n|\n|-heal|p2a: Mewtwo|83\/100|[from] item: Leftovers\n|-damage|p2a: Mewtwo|70\/100|[from] Salt Cure\n|upkeep\n|turn|37\n|inactive|zgszgs123 has 240 seconds left.\n|\n|t:|1700057515\n|move|p1a: Glimmora|Sludge Bomb|p2a: Mewtwo\n|-damage|p2a: Mewtwo|25\/100\n|-status|p2a: Mewtwo|psn\n|move|p2a: Mewtwo|Psystrike|p1a: Glimmora\n|-supereffective|p1a: Glimmora\n|-enditem|p1a: Glimmora|Focus Sash\n|-damage|p1a: Glimmora|1\/100\n|\n|-heal|p2a: Mewtwo|32\/100 psn|[from] item: Leftovers\n|-damage|p2a: Mewtwo|19\/100 psn|[from] psn\n|-damage|p2a: Mewtwo|7\/100 psn|[from] Salt Cure\n|upkeep\n|turn|38\n|inactive|zgszgs123 has 210 seconds left.\n|\n|t:|1700057551\n|move|p1a: Glimmora|Earth Power|p2a: Mewtwo\n|-damage|p2a: Mewtwo|0 fnt\n|faint|p2a: Mewtwo\n|\n|upkeep\n|\n|t:|1700057567\n|switch|p2a: Kangaskhan|Kangaskhan-Mega, F|37\/100\n|-activate|p2a: Kangaskhan|move: Sticky Web\n|-unboost|p2a: Kangaskhan|spe|1\n|-damage|p2a: Kangaskhan|24\/100|[from] Stealth Rock\n|turn|39\n|inactive|zgszgs123 has 210 seconds left.\n|inactive|dcrownd has 270 seconds left.\n|\n|t:|1700057598\n|move|p2a: Kangaskhan|Fake Out|p1a: Glimmora\n|-resisted|p1a: Glimmora\n|-damage|p1a: Glimmora|0 fnt\n|-activate|p1a: Glimmora|ability: Toxic Debris\n|-sidestart|p2: dcrownd|move: Toxic Spikes\n|faint|p1a: Glimmora\n|-hitcount|p1: Glimmora|1\n|\n|upkeep\n|\n|t:|1700057605\n|switch|p1a: Garganacl|Garganacl, M|66\/100\n|turn|40\n|\n|t:|1700057614\n|move|p2a: Kangaskhan|Seismic Toss|p1a: Garganacl\n|-damage|p1a: Garganacl|42\/100\n|-damage|p2a: Kangaskhan|8\/100|[from] item: Rocky Helmet|[of] p1a: Garganacl\n|-damage|p1a: Garganacl|17\/100\n|-damage|p2a: Kangaskhan|0 fnt|[from] item: Rocky Helmet|[of] p1a: Garganacl\n|faint|p2a: Kangaskhan\n|-hitcount|p1a: Garganacl|2\n|move|p1a: Garganacl|Salt Cure|p2: Kangaskhan|[notarget]\n|-fail|p1a: Garganacl\n|\n|upkeep\n|\n|t:|1700057625\n|switch|p2a: Persian|Persian, M, shiny, tera:Normal|100\/100\n|-activate|p2a: Persian|move: Sticky Web\n|-unboost|p2a: Persian|spe|1\n|-damage|p2a: Persian|88\/100|[from] Stealth Rock\n|-status|p2a: Persian|psn\n|turn|41\n|\n|t:|1700057633\n|move|p2a: Persian|Fake Out|p1a: Garganacl\n|-resisted|p1a: Garganacl\n|-damage|p1a: Garganacl|6\/100\n|-damage|p2a: Persian|71\/100 psn|[from] item: Rocky Helmet|[of] p1a: Garganacl\n|cant|p1a: Garganacl|flinch\n|\n|-damage|p2a: Persian|59\/100 psn|[from] psn\n|upkeep\n|turn|42\n|\n|t:|1700057642\n|move|p2a: Persian|Last Resort|p1a: Garganacl\n|-resisted|p1a: Garganacl\n|-damage|p1a: Garganacl|0 fnt\n|-damage|p2a: Persian|42\/100 psn|[from] item: Rocky Helmet|[of] p1a: Garganacl\n|faint|p1a: Garganacl\n|\n|win|dcrownd\n","uploadtime":1700057654,"views":10,"p1id":"zgszgs123","p2id":"dcrownd","formatid":"gen9nationaldexubers","rating":0,"private":0,"password":""}