{"id":"gen9nationaldexubers-1988157167","p1":"aquiles meo","p2":"fishfish17","format":"[Gen 9] National Dex Ubers","log":"|j|\u2606aquiles meo\n|j|\u2606fishfish17\n|t:|1699676967\n|gametype|singles\n|player|p1|aquiles meo|ethan|1017\n|player|p2|fishfish17|schoolkidf|1000\n|teamsize|p1|6\n|teamsize|p2|6\n|gen|9\n|tier|[Gen 9] National Dex Ubers\n|rated|\n|rule|HP Percentage Mod: HP is shown in percentages\n|rule|Endless Battle Clause: Forcing endless battles is banned\n|rule|OHKO Clause: OHKO moves are banned\n|rule|Evasion Moves Clause: Evasion moves are banned\n|rule|Evasion Items Clause: Evasion items are banned\n|rule|Species Clause: Limit one of each Pok\u00e9mon\n|rule|Sleep Clause Mod: Limit one foe put to sleep\n|rule|Mega Rayquaza Clause: You cannot mega evolve Rayquaza\n|clearpoke\n|poke|p1|Jirachi|\n|poke|p1|Ho-Oh|\n|poke|p1|Rayquaza|\n|poke|p1|Pidgeot, M|\n|poke|p1|Lucario, M|\n|poke|p1|Luxray, M|\n|poke|p2|Excadrill, M|\n|poke|p2|Lucario, M|\n|poke|p2|Mew|\n|poke|p2|Gengar, M|\n|poke|p2|Sirfetch\u2019d, M|\n|poke|p2|Garchomp, M|\n|teampreview\n|\n|t:|1699676976\n|start\n|switch|p1a: Jirachi|Jirachi|100\/100\n|switch|p2a: Garchomp|Garchomp, M|100\/100\n|turn|1\n|\n|t:|1699676985\n|move|p1a: Jirachi|Iron Head|p2a: Garchomp\n|-damage|p2a: Garchomp|80\/100\n|-damage|p1a: Jirachi|88\/100|[from] ability: Rough Skin|[of] p2a: Garchomp\n|-damage|p1a: Jirachi|72\/100|[from] item: Rocky Helmet|[of] p2a: Garchomp\n|move|p2a: Garchomp|Stealth Rock|p1a: Jirachi\n|-sidestart|p1: aquiles meo|move: Stealth Rock\n|\n|upkeep\n|turn|2\n|\n|t:|1699676997\n|move|p1a: Jirachi|Doom Desire|p2a: Garchomp\n|-start|p1a: Jirachi|Doom Desire\n|move|p2a: Garchomp|Spikes|p1a: Jirachi\n|-sidestart|p1: aquiles meo|Spikes\n|\n|upkeep\n|turn|3\n|\n|t:|1699677011\n|move|p1a: Jirachi|Wish|p1a: Jirachi\n|move|p2a: Garchomp|Draco Meteor|p1a: Jirachi\n|-resisted|p1a: Jirachi\n|-damage|p1a: Jirachi|53\/100\n|-unboost|p2a: Garchomp|spa|2\n|\n|upkeep\n|turn|4\n|\n|t:|1699677017\n|switch|p1a: Ho-Oh|Ho-Oh|100\/100\n|-damage|p1a: Ho-Oh|51\/100|[from] Stealth Rock\n|move|p2a: Garchomp|Aqua Tail|p1a: Ho-Oh\n|-supereffective|p1a: Ho-Oh\n|-damage|p1a: Ho-Oh|1\/100\n|\n|-end|p2a: Garchomp|move: Doom Desire\n|-damage|p2a: Garchomp|38\/100\n|-heal|p1a: Ho-Oh|50\/100|[from] move: Wish|[wisher] Jirachi\n|upkeep\n|turn|5\n|\n|t:|1699677052\n|move|p1a: Ho-Oh|Earth Power|p2a: Garchomp\n|-damage|p2a: Garchomp|13\/100\n|move|p2a: Garchomp|Aqua Tail|p1a: Ho-Oh\n|-supereffective|p1a: Ho-Oh\n|-damage|p1a: Ho-Oh|2\/100\n|\n|upkeep\n|turn|6\n|\n|t:|1699677068\n|move|p1a: Ho-Oh|Burn Up|p2a: Garchomp\n|-resisted|p2a: Garchomp\n|-damage|p2a: Garchomp|0 fnt\n|-start|p1a: Ho-Oh|typechange|???\/Flying|[from] move: Burn Up\n|faint|p2a: Garchomp\n|\n|upkeep\n|\n|t:|1699677079\n|switch|p2a: Lucario|Lucario, M|100\/100\n|turn|7\n|\n|t:|1699677090\n|move|p2a: Lucario|Quick Attack|p1a: Ho-Oh\n|-damage|p1a: Ho-Oh|0 fnt\n|faint|p1a: Ho-Oh\n|\n|upkeep\n|\n|t:|1699677108\n|switch|p1a: Rayquaza|Rayquaza|100\/100\n|-ability|p1a: Rayquaza|Air Lock\n|turn|8\n|\n|t:|1699677134\n|switch|p2a: Gengar|Gengar, M|100\/100\n|move|p1a: Rayquaza|Dragon Dance|p1a: Rayquaza\n|-boost|p1a: Rayquaza|atk|1\n|-boost|p1a: Rayquaza|spe|1\n|\n|upkeep\n|turn|9\n|\n|t:|1699677158\n|-terastallize|p1a: Rayquaza|Flying\n|move|p1a: Rayquaza|Dragon Ascent|p2a: Gengar\n|-damage|p2a: Gengar|0 fnt\n|-unboost|p1a: Rayquaza|def|1\n|-unboost|p1a: Rayquaza|spd|1\n|faint|p2a: Gengar\n|\n|upkeep\n|\n|t:|1699677171\n|switch|p2a: Excadrill|Excadrill, M|100\/100\n|-ability|p2a: Excadrill|Mold Breaker\n|turn|10\n|\n|t:|1699677189\n|switch|p1a: Jirachi|Jirachi|53\/100\n|-damage|p1a: Jirachi|47\/100|[from] Stealth Rock\n|-damage|p1a: Jirachi|35\/100|[from] Spikes\n|move|p2a: Excadrill|Hidden Power|p1a: Jirachi\n|-resisted|p1a: Jirachi\n|-damage|p1a: Jirachi|32\/100\n|\n|upkeep\n|turn|11\n|\n|t:|1699677210\n|move|p1a: Jirachi|Doom Desire|p2a: Excadrill\n|-start|p1a: Jirachi|Doom Desire\n|move|p2a: Excadrill|Drill Run|p1a: Jirachi\n|-supereffective|p1a: Jirachi\n|-crit|p1a: Jirachi\n|-damage|p1a: Jirachi|0 fnt\n|faint|p1a: Jirachi\n|\n|upkeep\n|\n|t:|1699677221\n|switch|p1a: Pidgeot|Pidgeot, M|100\/100\n|-damage|p1a: Pidgeot|76\/100|[from] Stealth Rock\n|turn|12\n|\n|t:|1699677228\n|move|p1a: Pidgeot|Tailwind|p1a: Pidgeot\n|-sidestart|p1: aquiles meo|move: Tailwind\n|move|p2a: Excadrill|Hidden Power|p1a: Pidgeot\n|-supereffective|p1a: Pidgeot\n|-damage|p1a: Pidgeot|53\/100\n|\n|upkeep\n|turn|13\n|\n|t:|1699677262\n|detailschange|p1a: Pidgeot|Pidgeot-Mega, M\n|-mega|p1a: Pidgeot|Pidgeot|Pidgeotite\n|move|p1a: Pidgeot|Hurricane|p2a: Excadrill\n|-resisted|p2a: Excadrill\n|-damage|p2a: Excadrill|76\/100\n|move|p2a: Excadrill|Hidden Power|p1a: Pidgeot\n|-supereffective|p1a: Pidgeot\n|-damage|p1a: Pidgeot|33\/100\n|\n|-end|p2a: Excadrill|move: Doom Desire\n|-resisted|p2a: Excadrill\n|-damage|p2a: Excadrill|57\/100\n|upkeep\n|turn|14\n|\n|t:|1699677279\n|switch|p1a: Lucario|Lucario, M, shiny|100\/100\n|-damage|p1a: Lucario|98\/100|[from] Stealth Rock\n|-damage|p1a: Lucario|85\/100|[from] Spikes\n|move|p2a: Excadrill|Hidden Power|p1a: Lucario\n|-resisted|p1a: Lucario\n|-damage|p1a: Lucario|80\/100\n|\n|upkeep\n|turn|15\n|\n|t:|1699677292\n|move|p1a: Lucario|Aura Sphere|p2a: Excadrill\n|-supereffective|p2a: Excadrill\n|-damage|p2a: Excadrill|7\/100\n|move|p2a: Excadrill|Drill Run|p1a: Lucario\n|-supereffective|p1a: Lucario\n|-crit|p1a: Lucario\n|-damage|p1a: Lucario|0 fnt\n|faint|p1a: Lucario\n|\n|-sideend|p1: aquiles meo|move: Tailwind\n|upkeep\n|\n|t:|1699677299\n|switch|p1a: Rayquaza|Rayquaza, tera:Flying|100\/100\n|-ability|p1a: Rayquaza|Air Lock\n|turn|16\n|\n|t:|1699677304\n|move|p1a: Rayquaza|Extreme Speed|p2a: Excadrill\n|-resisted|p2a: Excadrill\n|-damage|p2a: Excadrill|0 fnt\n|faint|p2a: Excadrill\n|\n|upkeep\n|\n|t:|1699677310\n|switch|p2a: Mew|Mew|100\/100\n|turn|17\n|\n|t:|1699677318\n|move|p1a: Rayquaza|Dragon Ascent|p2a: Mew\n|-damage|p2a: Mew|30\/100\n|-unboost|p1a: Rayquaza|def|1\n|-unboost|p1a: Rayquaza|spd|1\n|move|p2a: Mew|Counter|p1a: Rayquaza\n|-damage|p1a: Rayquaza|0 fnt\n|faint|p1a: Rayquaza\n|\n|upkeep\n|\n|t:|1699677329\n|switch|p1a: Pidgeot|Pidgeot-Mega, M|33\/100\n|-damage|p1a: Pidgeot|8\/100|[from] Stealth Rock\n|turn|18\n|\n|t:|1699677334\n|move|p1a: Pidgeot|Ominous Wind|p2a: Mew\n|-supereffective|p2a: Mew\n|-damage|p2a: Mew|0 fnt\n|faint|p2a: Mew\n|\n|upkeep\n|\n|t:|1699677340\n|switch|p2a: Lucario|Lucario, M|100\/100\n|turn|19\n|\n|t:|1699677348\n|detailschange|p2a: Lucario|Lucario-Mega, M\n|-mega|p2a: Lucario|Lucario|Lucarionite\n|move|p2a: Lucario|Quick Attack|p1a: Pidgeot\n|-damage|p1a: Pidgeot|0 fnt\n|faint|p1a: Pidgeot\n|\n|upkeep\n|\n|t:|1699677352\n|switch|p1a: Luxray|Luxray, M, shiny|100\/100\n|-damage|p1a: Luxray|88\/100|[from] Stealth Rock\n|-damage|p1a: Luxray|76\/100|[from] Spikes\n|turn|20\n|\n|t:|1699677361\n|move|p2a: Lucario|Close Combat|p1a: Luxray\n|-damage|p1a: Luxray|0 fnt\n|-unboost|p2a: Lucario|def|1\n|-unboost|p2a: Lucario|spd|1\n|faint|p1a: Luxray\n|\n|win|fishfish17\n|raw|aquiles meo's rating: 1017 &rarr; <strong>1004<\/strong><br \/>(-13 for losing)\n|raw|fishfish17's rating: 1000 &rarr; <strong>1042<\/strong><br \/>(+42 for winning)\n|l|\u2606fishfish17\n","uploadtime":1699677380,"views":6,"p1id":"aquilesmeo","p2id":"fishfish17","formatid":"gen9nationaldexubers","rating":1004,"private":0,"password":""}