{"id":"gen9nationaldexubers-1986296663","p1":"ItzLilMario","p2":"GEO-M0DE\ufe0f\ufe0f\ufe0f\ufe0f\ufe0f\u2734\ufe0f","format":"[Gen 9] National Dex Ubers","log":"|j|\u2606ItzLilMario\n|j|\u2606GEO-M0DE\ufe0f\ufe0f\ufe0f\ufe0f\ufe0f\u2734\ufe0f\n|t:|1699467120\n|gametype|singles\n|player|p1|ItzLilMario|nate|1108\n|player|p2|GEO-M0DE\ufe0f\ufe0f\ufe0f\ufe0f\ufe0f\u2734\ufe0f|backpackerf|1126\n|teamsize|p1|6\n|teamsize|p2|6\n|gen|9\n|tier|[Gen 9] National Dex Ubers\n|rated|\n|rule|HP Percentage Mod: HP is shown in percentages\n|rule|Endless Battle Clause: Forcing endless battles is banned\n|rule|OHKO Clause: OHKO moves are banned\n|rule|Evasion Moves Clause: Evasion moves are banned\n|rule|Evasion Items Clause: Evasion items are banned\n|rule|Species Clause: Limit one of each Pok\u00e9mon\n|rule|Sleep Clause Mod: Limit one foe put to sleep\n|rule|Mega Rayquaza Clause: You cannot mega evolve Rayquaza\n|clearpoke\n|poke|p1|Emboar, M|\n|poke|p1|Krookodile, M|\n|poke|p1|Sigilyph, M|\n|poke|p1|Simipour, M|\n|poke|p1|Eelektross, M|\n|poke|p1|Amoonguss, F|\n|poke|p2|Kleavor, M|\n|poke|p2|Silvally-*|\n|poke|p2|Landorus-Therian, M|\n|poke|p2|Ursaluna-Bloodmoon, M|\n|poke|p2|Crustle, M|\n|poke|p2|Gliscor, M|\n|teampreview\n|inactive|Battle timer is ON: inactive players will automatically lose when time's up. (requested by ItzLilMario)\n|c|\u2606ItzLilMario|Ground\/Rock team\n|c|\u2606ItzLilMario|i fw it\n|c|\u2606ItzLilMario|i like it\n|\n|t:|1699467171\n|start\n|switch|p1a: Simipour|Simipour, M|100\/100\n|switch|p2a: \u26f0\ufe0f\u26f0\ufe0fLANDORUS\u26f0\ufe0f\u26f0\ufe0f|Landorus-Therian, M|100\/100\n|-ability|p2a: \u26f0\ufe0f\u26f0\ufe0fLANDORUS\u26f0\ufe0f\u26f0\ufe0f|Intimidate|boost\n|-unboost|p1a: Simipour|atk|1\n|turn|1\n|\n|t:|1699467188\n|move|p1a: Simipour|Nasty Plot|p1a: Simipour\n|-boost|p1a: Simipour|spa|2\n|-zpower|p2a: \u26f0\ufe0f\u26f0\ufe0fLANDORUS\u26f0\ufe0f\u26f0\ufe0f\n|move|p2a: \u26f0\ufe0f\u26f0\ufe0fLANDORUS\u26f0\ufe0f\u26f0\ufe0f|Tectonic Rage|p1a: Simipour|[zeffect]\n|-damage|p1a: Simipour|0 fnt\n|faint|p1a: Simipour\n|\n|upkeep\n|\n|t:|1699467196\n|switch|p1a: Amoonguss|Amoonguss, F|100\/100\n|turn|2\n|c|\u2606ItzLilMario|oof\n|\n|t:|1699467205\n|move|p2a: \u26f0\ufe0f\u26f0\ufe0fLANDORUS\u26f0\ufe0f\u26f0\ufe0f|Earthquake|p1a: Amoonguss\n|-damage|p1a: Amoonguss|54\/100\n|move|p1a: Amoonguss|Spore|p2a: \u26f0\ufe0f\u26f0\ufe0fLANDORUS\u26f0\ufe0f\u26f0\ufe0f\n|-status|p2a: \u26f0\ufe0f\u26f0\ufe0fLANDORUS\u26f0\ufe0f\u26f0\ufe0f|slp|[from] move: Spore\n|\n|upkeep\n|turn|3\n|c|\u2606ItzLilMario|should have ice beamed\n|\n|t:|1699467213\n|switch|p2a: \u26f0\ufe0fGLISCOR\u26f0\ufe0f|Gliscor, M, shiny|100\/100\n|move|p1a: Amoonguss|Giga Drain|p2a: \u26f0\ufe0fGLISCOR\u26f0\ufe0f\n|-damage|p2a: \u26f0\ufe0fGLISCOR\u26f0\ufe0f|69\/100\n|-heal|p1a: Amoonguss|65\/100|[from] drain|[of] p2a: \u26f0\ufe0fGLISCOR\u26f0\ufe0f\n|\n|upkeep\n|turn|4\n|\n|t:|1699467222\n|move|p2a: \u26f0\ufe0fGLISCOR\u26f0\ufe0f|Sandstorm|p2a: \u26f0\ufe0fGLISCOR\u26f0\ufe0f\n|-weather|Sandstorm\n|move|p1a: Amoonguss|Giga Drain|p2a: \u26f0\ufe0fGLISCOR\u26f0\ufe0f|[miss]\n|-miss|p1a: Amoonguss|p2a: \u26f0\ufe0fGLISCOR\u26f0\ufe0f\n|\n|-weather|Sandstorm|[upkeep]\n|-damage|p1a: Amoonguss|59\/100|[from] Sandstorm\n|upkeep\n|turn|5\n|\n|t:|1699467232\n|move|p2a: \u26f0\ufe0fGLISCOR\u26f0\ufe0f|Sand Attack|p1a: Amoonguss\n|-unboost|p1a: Amoonguss|accuracy|1\n|move|p1a: Amoonguss|Giga Drain|p2a: \u26f0\ufe0fGLISCOR\u26f0\ufe0f\n|-damage|p2a: \u26f0\ufe0fGLISCOR\u26f0\ufe0f|40\/100\n|-heal|p1a: Amoonguss|69\/100|[from] drain|[of] p2a: \u26f0\ufe0fGLISCOR\u26f0\ufe0f\n|\n|-weather|Sandstorm|[upkeep]\n|-damage|p1a: Amoonguss|62\/100|[from] Sandstorm\n|upkeep\n|turn|6\n|\n|t:|1699467242\n|switch|p1a: Krookodile|Krookodile, M|100\/100\n|move|p2a: \u26f0\ufe0fGLISCOR\u26f0\ufe0f|Earthquake|p1a: Krookodile\n|-damage|p1a: Krookodile|62\/100\n|\n|-weather|Sandstorm|[upkeep]\n|upkeep\n|turn|7\n|\n|t:|1699467253\n|move|p1a: Krookodile|Knock Off|p2a: \u26f0\ufe0fGLISCOR\u26f0\ufe0f|[miss]\n|-miss|p1a: Krookodile|p2a: \u26f0\ufe0fGLISCOR\u26f0\ufe0f\n|move|p2a: \u26f0\ufe0fGLISCOR\u26f0\ufe0f|Earthquake|p1a: Krookodile\n|-damage|p1a: Krookodile|23\/100\n|\n|-weather|Sandstorm|[upkeep]\n|upkeep\n|turn|8\n|\n|t:|1699467277\n|move|p1a: Krookodile|Knock Off|p2a: \u26f0\ufe0fGLISCOR\u26f0\ufe0f\n|-damage|p2a: \u26f0\ufe0fGLISCOR\u26f0\ufe0f|0 fnt\n|-enditem|p2a: \u26f0\ufe0fGLISCOR\u26f0\ufe0f|Smooth Rock|[from] move: Knock Off|[of] p1a: Krookodile\n|faint|p2a: \u26f0\ufe0fGLISCOR\u26f0\ufe0f\n|-ability|p1a: Krookodile|Moxie|boost\n|-boost|p1a: Krookodile|atk|1\n|\n|-weather|Sandstorm|[upkeep]\n|upkeep\n|\n|t:|1699467290\n|switch|p2a: \ud83e\udea8CRUSTLE\ud83e\udea8|Crustle, M, shiny|100\/100\n|turn|9\n|\n|t:|1699467310\n|move|p1a: Krookodile|Knock Off|p2a: \ud83e\udea8CRUSTLE\ud83e\udea8\n|-damage|p2a: \ud83e\udea8CRUSTLE\ud83e\udea8|30\/100\n|-ability|p2a: \ud83e\udea8CRUSTLE\ud83e\udea8|Weak Armor|boost\n|-unboost|p2a: \ud83e\udea8CRUSTLE\ud83e\udea8|def|1\n|-boost|p2a: \ud83e\udea8CRUSTLE\ud83e\udea8|spe|2\n|-enditem|p2a: \ud83e\udea8CRUSTLE\ud83e\udea8|Hard Stone|[from] move: Knock Off|[of] p1a: Krookodile\n|move|p2a: \ud83e\udea8CRUSTLE\ud83e\udea8|Shell Smash|p2a: \ud83e\udea8CRUSTLE\ud83e\udea8\n|-unboost|p2a: \ud83e\udea8CRUSTLE\ud83e\udea8|def|1\n|-unboost|p2a: \ud83e\udea8CRUSTLE\ud83e\udea8|spd|1\n|-boost|p2a: \ud83e\udea8CRUSTLE\ud83e\udea8|atk|2\n|-boost|p2a: \ud83e\udea8CRUSTLE\ud83e\udea8|spa|2\n|-boost|p2a: \ud83e\udea8CRUSTLE\ud83e\udea8|spe|2\n|\n|-weather|Sandstorm|[upkeep]\n|upkeep\n|turn|10\n|\n|t:|1699467325\n|move|p2a: \ud83e\udea8CRUSTLE\ud83e\udea8|Rock Slide|p1a: Krookodile\n|-resisted|p1a: Krookodile\n|-damage|p1a: Krookodile|0 fnt\n|faint|p1a: Krookodile\n|\n|-weather|Sandstorm|[upkeep]\n|upkeep\n|inactive|ItzLilMario has 120 seconds left.\n|\n|t:|1699467363\n|switch|p1a: Amoonguss|Amoonguss, F|96\/100\n|turn|11\n|\n|t:|1699467387\n|-terastallize|p2a: \ud83e\udea8CRUSTLE\ud83e\udea8|Rock\n|move|p2a: \ud83e\udea8CRUSTLE\ud83e\udea8|Stone Edge|p1a: Amoonguss\n|-damage|p1a: Amoonguss|0 fnt\n|faint|p1a: Amoonguss\n|\n|-weather|none\n|upkeep\n|inactive|ItzLilMario has 90 seconds left.\n|\n|t:|1699467406\n|switch|p1a: Eelektross|Eelektross, M|100\/100\n|turn|12\n|\n|t:|1699467411\n|move|p2a: \ud83e\udea8CRUSTLE\ud83e\udea8|Stone Edge|p1a: Eelektross\n|-crit|p1a: Eelektross\n|-damage|p1a: Eelektross|0 fnt\n|faint|p1a: Eelektross\n|\n|upkeep\n|\n|t:|1699467413\n|switch|p1a: Emboar|Emboar, M|100\/100\n|turn|13\n|\n|t:|1699467419\n|move|p2a: \ud83e\udea8CRUSTLE\ud83e\udea8|Rock Wrecker|p1a: Emboar\n|-damage|p1a: Emboar|0 fnt\n|-mustrecharge|p2a: \ud83e\udea8CRUSTLE\ud83e\udea8\n|faint|p1a: Emboar\n|\n|upkeep\n|\n|t:|1699467421\n|switch|p1a: Sigilyph|Sigilyph, M|100\/100\n|turn|14\n|\n|t:|1699467427\n|cant|p2a: \ud83e\udea8CRUSTLE\ud83e\udea8|recharge\n|move|p1a: Sigilyph|Psyshock|p2a: \ud83e\udea8CRUSTLE\ud83e\udea8\n|-damage|p2a: \ud83e\udea8CRUSTLE\ud83e\udea8|0 fnt\n|faint|p2a: \ud83e\udea8CRUSTLE\ud83e\udea8\n|\n|upkeep\n|\n|t:|1699467435\n|switch|p2a: \ud83e\udea8KLEAVOR\ud83e\udea8|Kleavor, M|100\/100\n|turn|15\n|inactive|ItzLilMario has 120 seconds left.\n|\n|t:|1699467466\n|-terastallize|p1a: Sigilyph|Psychic\n|move|p1a: Sigilyph|Psyshock|p2a: \ud83e\udea8KLEAVOR\ud83e\udea8\n|-damage|p2a: \ud83e\udea8KLEAVOR\ud83e\udea8|24\/100\n|move|p2a: \ud83e\udea8KLEAVOR\ud83e\udea8|Stone Axe|p1a: Sigilyph\n|-damage|p1a: Sigilyph|14\/100\n|-sidestart|p1: ItzLilMario|move: Stealth Rock\n|\n|upkeep\n|turn|16\n|c|\u2606GEO-M0DE\ufe0f\ufe0f\ufe0f\ufe0f\ufe0f\u2734\ufe0f|Tremble before me!!\n|\n|t:|1699467477\n|move|p1a: Sigilyph|Psyshock|p2a: \ud83e\udea8KLEAVOR\ud83e\udea8\n|-damage|p2a: \ud83e\udea8KLEAVOR\ud83e\udea8|0 fnt\n|faint|p2a: \ud83e\udea8KLEAVOR\ud83e\udea8\n|\n|upkeep\n|\n|t:|1699467489\n|switch|p2a: \u26f0\ufe0fSILVALLY-EARTH\u26f0\ufe0f|Silvally-Ground|100\/100\n|turn|17\n|inactive|ItzLilMario has 120 seconds left.\n|inactive|ItzLilMario has 90 seconds left.\n|\n|t:|1699467542\n|move|p1a: Sigilyph|Roost|p1a: Sigilyph\n|-heal|p1a: Sigilyph|64\/100\n|move|p2a: \u26f0\ufe0fSILVALLY-EARTH\u26f0\ufe0f|Multi-Attack|p1a: Sigilyph\n|-damage|p1a: Sigilyph|0 fnt\n|faint|p1a: Sigilyph\n|\n|win|GEO-M0DE\ufe0f\ufe0f\ufe0f\ufe0f\ufe0f\u2734\ufe0f\n|raw|ItzLilMario's rating: 1108 &rarr; <strong>1084<\/strong><br \/>(-24 for losing)\n|raw|GEO-M0DE\ufe0f\ufe0f\ufe0f\ufe0f\ufe0f\u2734\ufe0f's rating: 1126 &rarr; <strong>1150<\/strong><br \/>(+24 for winning)\n|l|\u2606ItzLilMario\n","uploadtime":1699467715,"views":4,"p1id":"itzlilmario","p2id":"geom0de","formatid":"gen9nationaldexubers","rating":1084,"private":0,"password":""}