{"id":"gen9nationaldexubers-1983319930","p1":"David uwu35","p2":"Foreverman009","format":"[Gen 9] National Dex Ubers","log":"|j|\u2606David uwu35\n|j|\u2606Foreverman009\n|t:|1699117826\n|gametype|singles\n|player|p1|David uwu35|shadowtriad|1045\n|player|p2|Foreverman009|iris-gen5bw2|1121\n|teamsize|p1|6\n|teamsize|p2|6\n|gen|9\n|tier|[Gen 9] National Dex Ubers\n|rated|\n|rule|HP Percentage Mod: HP is shown in percentages\n|rule|Endless Battle Clause: Forcing endless battles is banned\n|rule|OHKO Clause: OHKO moves are banned\n|rule|Evasion Moves Clause: Evasion moves are banned\n|rule|Evasion Items Clause: Evasion items are banned\n|rule|Species Clause: Limit one of each Pok\u00e9mon\n|rule|Sleep Clause Mod: Limit one foe put to sleep\n|rule|Mega Rayquaza Clause: You cannot mega evolve Rayquaza\n|clearpoke\n|poke|p1|Zeraora|\n|poke|p1|Pawmot, F|\n|poke|p1|Iron Hands|\n|poke|p1|Iron Thorns|\n|poke|p1|Raichu-Alola, M|\n|poke|p1|Tapu Koko|\n|poke|p2|Lucario, F|\n|poke|p2|Blacephalon|\n|poke|p2|Cyclizar, F|\n|poke|p2|Melmetal|\n|poke|p2|Groudon|\n|poke|p2|Blaziken, F|\n|teampreview\n|\n|t:|1699117847\n|start\n|switch|p1a: Iron Thorns|Iron Thorns|100\/100\n|switch|p2a: 00010001|Cyclizar, F|100\/100\n|-enditem|p1a: Iron Thorns|Booster Energy\n|-activate|p1a: Iron Thorns|ability: Quark Drive|[fromitem]\n|-start|p1a: Iron Thorns|quarkdriveatk\n|turn|1\n|\n|t:|1699117857\n|move|p2a: 00010001|Shed Tail|p2a: 00010001\n|-start|p2a: 00010001|Substitute|[from] move: Shed Tail\n|-damage|p2a: 00010001|50\/100\n|\n|t:|1699117869\n|switch|p2a: MelFell|Groudon|100\/100|[from] Shed Tail\n|detailschange|p2a: MelFell|Groudon-Primal\n|-primal|p2a: MelFell|Red Orb\n|-weather|DesolateLand|[from] ability: Desolate Land|[of] p2a: MelFell\n|move|p1a: Iron Thorns|Dragon Dance|p1a: Iron Thorns\n|-boost|p1a: Iron Thorns|atk|1\n|-boost|p1a: Iron Thorns|spe|1\n|\n|-weather|DesolateLand|[upkeep]\n|upkeep\n|turn|2\n|inactive|Battle timer is ON: inactive players will automatically lose when time's up. (requested by Foreverman009)\n|\n|t:|1699117883\n|-terastallize|p1a: Iron Thorns|Flying\n|move|p1a: Iron Thorns|Rock Tomb|p2a: MelFell\n|-end|p2a: MelFell|Substitute\n|move|p2a: MelFell|Rock Polish|p2a: MelFell\n|-boost|p2a: MelFell|spe|2\n|\n|-weather|DesolateLand|[upkeep]\n|upkeep\n|turn|3\n|\n|t:|1699117899\n|move|p2a: MelFell|Stone Edge|p1a: Iron Thorns|[miss]\n|-miss|p2a: MelFell|p1a: Iron Thorns\n|move|p1a: Iron Thorns|Earthquake|p2a: MelFell\n|-supereffective|p2a: MelFell\n|-damage|p2a: MelFell|7\/100\n|\n|-weather|DesolateLand|[upkeep]\n|upkeep\n|turn|4\n|\n|t:|1699117911\n|move|p2a: MelFell|Stone Edge|p1a: Iron Thorns\n|-supereffective|p1a: Iron Thorns\n|-crit|p1a: Iron Thorns\n|-damage|p1a: Iron Thorns|0 fnt\n|faint|p1a: Iron Thorns\n|-end|p1a: Iron Thorns|Quark Drive|[silent]\n|\n|-weather|DesolateLand|[upkeep]\n|upkeep\n|\n|t:|1699117918\n|switch|p1a: Pawmot|Pawmot, F|100\/100\n|turn|5\n|\n|t:|1699117924\n|move|p1a: Pawmot|Fake Out|p2a: MelFell\n|-damage|p2a: MelFell|0 fnt\n|faint|p2a: MelFell\n|-weather|none\n|-damage|p1a: Pawmot|91\/100|[from] item: Life Orb\n|\n|upkeep\n|\n|t:|1699117930\n|switch|p2a: Blaziken|Blaziken, F|100\/100\n|turn|6\n|\n|t:|1699117934\n|move|p2a: Blaziken|Protect|p2a: Blaziken\n|-singleturn|p2a: Blaziken|Protect\n|move|p1a: Pawmot|Bulk Up|p1a: Pawmot\n|-boost|p1a: Pawmot|atk|1\n|-boost|p1a: Pawmot|def|1\n|\n|-ability|p2a: Blaziken|Speed Boost|boost\n|-boost|p2a: Blaziken|spe|1\n|upkeep\n|turn|7\n|\n|t:|1699117943\n|move|p2a: Blaziken|Earthquake|p1a: Pawmot\n|-supereffective|p1a: Pawmot\n|-damage|p1a: Pawmot|11\/100\n|move|p1a: Pawmot|Thunder Punch|p2a: Blaziken\n|-damage|p2a: Blaziken|0 fnt\n|faint|p2a: Blaziken\n|-damage|p1a: Pawmot|1\/100|[from] item: Life Orb\n|\n|upkeep\n|\n|t:|1699117949\n|switch|p2a: Darker|Lucario, F|100\/100\n|turn|8\n|\n|t:|1699117955\n|move|p2a: Darker|Bullet Punch|p1a: Pawmot\n|-resisted|p1a: Pawmot\n|-damage|p1a: Pawmot|0 fnt\n|faint|p1a: Pawmot\n|\n|upkeep\n|\n|t:|1699117960\n|switch|p1a: Tapu Koko|Tapu Koko|100\/100\n|-fieldstart|move: Electric Terrain|[from] ability: Electric Surge|[of] p1a: Tapu Koko\n|turn|9\n|\n|t:|1699117971\n|switch|p2a: 00010001|Cyclizar, F|83\/100\n|move|p1a: Tapu Koko|Volt Switch|p2a: 00010001\n|-resisted|p2a: 00010001\n|-damage|p2a: 00010001|62\/100\n|\n|t:|1699117977\n|switch|p1a: Raichu|Raichu-Alola, M|100\/100|[from] Volt Switch\n|\n|upkeep\n|turn|10\n|\n|t:|1699117984\n|move|p1a: Raichu|Nasty Plot|p1a: Raichu\n|-boost|p1a: Raichu|spa|2\n|move|p2a: 00010001|Shed Tail|p2a: 00010001\n|-start|p2a: 00010001|Substitute|[from] move: Shed Tail\n|-damage|p2a: 00010001|12\/100\n|\n|t:|1699117988\n|switch|p2a: Blacker|Blacephalon|100\/100|[from] Shed Tail\n|\n|upkeep\n|turn|11\n|\n|t:|1699117995\n|move|p1a: Raichu|Rising Voltage|p2a: Blacker\n|-hint|Rising Voltage's BP doubled on grounded target.\n|-end|p2a: Blacker|Substitute\n|move|p2a: Blacker|Calm Mind|p2a: Blacker\n|-boost|p2a: Blacker|spa|1\n|-boost|p2a: Blacker|spd|1\n|\n|upkeep\n|turn|12\n|\n|t:|1699118006\n|move|p1a: Raichu|Rising Voltage|p2a: Blacker\n|-hint|Rising Voltage's BP doubled on grounded target.\n|-enditem|p2a: Blacker|Focus Sash\n|-damage|p2a: Blacker|1\/100\n|move|p2a: Blacker|Mind Blown|p1a: Raichu\n|-damage|p1a: Raichu|0 fnt\n|-damage|p2a: Blacker|0 fnt|[from] mindblown\n|faint|p2a: Blacker\n|faint|p1a: Raichu\n|\n|upkeep\n|\n|t:|1699118021\n|switch|p2a: 00010001|Cyclizar, F|45\/100\n|switch|p1a: Tapu Koko|Tapu Koko|100\/100\n|turn|13\n|\n|t:|1699118027\n|move|p2a: 00010001|Hyper Beam|p1a: Tapu Koko\n|-damage|p1a: Tapu Koko|34\/100\n|-mustrecharge|p2a: 00010001\n|move|p1a: Tapu Koko|Thunder Punch|p2a: 00010001\n|-resisted|p2a: 00010001\n|-damage|p2a: 00010001|11\/100\n|\n|-fieldend|move: Electric Terrain\n|upkeep\n|turn|14\n|\n|t:|1699118036\n|cant|p2a: 00010001|recharge\n|move|p1a: Tapu Koko|Volt Switch|p2a: 00010001\n|-resisted|p2a: 00010001\n|-damage|p2a: 00010001|0 fnt\n|faint|p2a: 00010001\n|\n|t:|1699118043\n|switch|p1a: Zeraora|Zeraora|100\/100|[from] Volt Switch\n|\n|upkeep\n|\n|t:|1699118047\n|switch|p2a: .;' 00|Melmetal|100\/100\n|turn|15\n|\n|t:|1699118054\n|-terastallize|p2a: .;' 00|Steel\n|move|p1a: Zeraora|Power-Up Punch|p2a: .;' 00\n|-supereffective|p2a: .;' 00\n|-damage|p2a: .;' 00|85\/100\n|-boost|p1a: Zeraora|atk|1\n|-enditem|p2a: .;' 00|Weakness Policy\n|-boost|p2a: .;' 00|atk|2|[from] item: Weakness Policy\n|-boost|p2a: .;' 00|spa|2|[from] item: Weakness Policy\n|move|p2a: .;' 00|Earthquake|p1a: Zeraora\n|-supereffective|p1a: Zeraora\n|-damage|p1a: Zeraora|0 fnt\n|faint|p1a: Zeraora\n|\n|upkeep\n|\n|t:|1699118068\n|switch|p1a: Tapu Koko|Tapu Koko|34\/100\n|-fieldstart|move: Electric Terrain|[from] ability: Electric Surge|[of] p1a: Tapu Koko\n|turn|16\n|c|\u2606Foreverman009|thx <3\n|\n|t:|1699118075\n|move|p1a: Tapu Koko|Thunder Wave|p2a: .;' 00\n|-status|p2a: .;' 00|par\n|move|p2a: .;' 00|Earthquake|p1a: Tapu Koko\n|-supereffective|p1a: Tapu Koko\n|-damage|p1a: Tapu Koko|0 fnt\n|faint|p1a: Tapu Koko\n|\n|upkeep\n|\n|t:|1699118083\n|switch|p1a: Iron Hands|Iron Hands|100\/100\n|-activate|p1a: Iron Hands|ability: Quark Drive\n|-start|p1a: Iron Hands|quarkdrivedef\n|turn|17\n|\n|t:|1699118089\n|move|p1a: Iron Hands|Iron Defense|p1a: Iron Hands\n|-boost|p1a: Iron Hands|def|2\n|move|p2a: .;' 00|Earthquake|p1a: Iron Hands\n|-supereffective|p1a: Iron Hands\n|-damage|p1a: Iron Hands|68\/100\n|\n|upkeep\n|turn|18\n|\n|t:|1699118097\n|move|p1a: Iron Hands|Iron Defense|p1a: Iron Hands\n|-boost|p1a: Iron Hands|def|2\n|cant|p2a: .;' 00|par\n|\n|upkeep\n|turn|19\n|\n|t:|1699118103\n|move|p1a: Iron Hands|Swords Dance|p1a: Iron Hands\n|-boost|p1a: Iron Hands|atk|2\n|move|p2a: .;' 00|Earthquake|p1a: Iron Hands\n|-supereffective|p1a: Iron Hands\n|-damage|p1a: Iron Hands|48\/100\n|\n|upkeep\n|turn|20\n|\n|t:|1699118111\n|move|p1a: Iron Hands|Drain Punch|p2a: .;' 00\n|-supereffective|p2a: .;' 00\n|-damage|p2a: .;' 00|0 fnt\n|-heal|p1a: Iron Hands|88\/100|[from] drain|[of] p2a: .;' 00\n|faint|p2a: .;' 00\n|\n|-fieldend|move: Electric Terrain\n|-end|p1a: Iron Hands|Quark Drive\n|upkeep\n|-enditem|p1a: Iron Hands|Booster Energy\n|-activate|p1a: Iron Hands|ability: Quark Drive|[fromitem]\n|-start|p1a: Iron Hands|quarkdrivedef\n|\n|t:|1699118114\n|switch|p2a: Darker|Lucario, F|100\/100\n|turn|21\n|\n|t:|1699118134\n|detailschange|p2a: Darker|Lucario-Mega, F\n|-mega|p2a: Darker|Lucario|Lucarionite\n|move|p2a: Darker|Blaze Kick|p1a: Iron Hands\n|-damage|p1a: Iron Hands|84\/100\n|move|p1a: Iron Hands|Drain Punch|p2a: Darker\n|-supereffective|p2a: Darker\n|-damage|p2a: Darker|0 fnt\n|-heal|p1a: Iron Hands|100\/100|[from] drain|[of] p2a: Darker\n|faint|p2a: Darker\n|\n|win|David uwu35\n|raw|David uwu35's rating: 1045 &rarr; <strong>1085<\/strong><br \/>(+40 for winning)\n|raw|Foreverman009's rating: 1121 &rarr; <strong>1091<\/strong><br \/>(-30 for losing)\n|c|\u2606Foreverman009|gg\n|l|\u2606Foreverman009\n","uploadtime":1699118147,"views":6,"p1id":"daviduwu35","p2id":"foreverman009","formatid":"gen9nationaldexubers","rating":1085,"private":0,"password":""}