{"id":"gen9nationaldexubers-1982206599","p1":"eduardo o patu","p2":"Shitskrieg","format":"[Gen 9] National Dex Ubers","log":"|j|\u2606eduardo o patu\n|j|\u2606Shitskrieg\n|t:|1698979169\n|gametype|singles\n|player|p1|eduardo o patu|psychic|1065\n|player|p2|Shitskrieg|ninjaboy|1112\n|teamsize|p1|6\n|teamsize|p2|6\n|gen|9\n|tier|[Gen 9] National Dex Ubers\n|rated|\n|rule|HP Percentage Mod: HP is shown in percentages\n|rule|Endless Battle Clause: Forcing endless battles is banned\n|rule|OHKO Clause: OHKO moves are banned\n|rule|Evasion Moves Clause: Evasion moves are banned\n|rule|Evasion Items Clause: Evasion items are banned\n|rule|Species Clause: Limit one of each Pok\u00e9mon\n|rule|Sleep Clause Mod: Limit one foe put to sleep\n|rule|Mega Rayquaza Clause: You cannot mega evolve Rayquaza\n|clearpoke\n|poke|p1|Gyarados, M|\n|poke|p1|Venusaur, M|\n|poke|p1|Ninjask, F|\n|poke|p1|Naganadel|\n|poke|p1|Gliscor, F|\n|poke|p1|Blaziken, F|\n|poke|p2|Salamence, M|\n|poke|p2|Xerneas-*|\n|poke|p2|Ho-Oh|\n|poke|p2|Marshadow|\n|poke|p2|Groudon|\n|poke|p2|Urshifu-*, F|\n|teampreview\n|inactive|Battle timer is ON: inactive players will automatically lose when time's up. (requested by Shitskrieg)\n|\n|t:|1698979183\n|start\n|switch|p1a: Naganadel|Naganadel|100\/100\n|switch|p2a: Urshifu|Urshifu, F|100\/100\n|turn|1\n|\n|t:|1698979189\n|move|p2a: Urshifu|Wicked Blow|p1a: Naganadel\n|-crit|p1a: Naganadel\n|-damage|p1a: Naganadel|6\/100\n|move|p1a: Naganadel|Dragon Dance|p1a: Naganadel\n|-boost|p1a: Naganadel|atk|1\n|-boost|p1a: Naganadel|spe|1\n|\n|-heal|p1a: Naganadel|12\/100|[from] item: Leftovers\n|upkeep\n|turn|2\n|\n|t:|1698979199\n|move|p1a: Naganadel|Sludge Bomb|p2a: Urshifu\n|-damage|p2a: Urshifu|25\/100\n|-status|p2a: Urshifu|psn\n|move|p2a: Urshifu|Wicked Blow|p1a: Naganadel\n|-crit|p1a: Naganadel\n|-damage|p1a: Naganadel|0 fnt\n|faint|p1a: Naganadel\n|\n|-damage|p2a: Urshifu|13\/100 psn|[from] psn\n|upkeep\n|\n|t:|1698979203\n|switch|p1a: Ninjask|Ninjask, F|100\/100\n|turn|3\n|\n|t:|1698979207\n|switch|p2a: Ho-Oh|Ho-Oh|100\/100\n|move|p1a: Ninjask|Protect||[still]\n|-fail|p1a: Ninjask\n|\n|-ability|p1a: Ninjask|Speed Boost|boost\n|-boost|p1a: Ninjask|spe|1\n|upkeep\n|turn|4\n|\n|t:|1698979215\n|switch|p1a: Gyarados|Gyarados, M|100\/100\n|-ability|p1a: Gyarados|Intimidate|boost\n|-unboost|p2a: Ho-Oh|atk|1\n|move|p2a: Ho-Oh|Sacred Fire|p1a: Gyarados\n|-resisted|p1a: Gyarados\n|-damage|p1a: Gyarados|84\/100\n|-status|p1a: Gyarados|brn\n|\n|-heal|p1a: Gyarados|90\/100 brn|[from] item: Leftovers\n|-damage|p1a: Gyarados|84\/100 brn|[from] brn\n|upkeep\n|turn|5\n|\n|t:|1698979222\n|switch|p2a: Groudon|Groudon|100\/100\n|detailschange|p2a: Groudon|Groudon-Primal\n|-primal|p2a: Groudon|Red Orb\n|-weather|DesolateLand|[from] ability: Desolate Land|[of] p2a: Groudon\n|move|p1a: Gyarados|Aqua Tail||[still]\n|-fail|p1a: Gyarados|Aqua Tail|[from] Desolate Land\n|\n|-weather|DesolateLand|[upkeep]\n|-heal|p1a: Gyarados|90\/100 brn|[from] item: Leftovers\n|-damage|p1a: Gyarados|84\/100 brn|[from] brn\n|upkeep\n|turn|6\n|\n|t:|1698979228\n|move|p2a: Groudon|Rock Polish|p2a: Groudon\n|-boost|p2a: Groudon|spe|2\n|move|p1a: Gyarados|Dragon Dance|p1a: Gyarados\n|-boost|p1a: Gyarados|atk|1\n|-boost|p1a: Gyarados|spe|1\n|\n|-weather|DesolateLand|[upkeep]\n|-heal|p1a: Gyarados|90\/100 brn|[from] item: Leftovers\n|-damage|p1a: Gyarados|84\/100 brn|[from] brn\n|upkeep\n|turn|7\n|\n|t:|1698979233\n|move|p2a: Groudon|Solar Beam||[still]\n|-prepare|p2a: Groudon|Solar Beam\n|-anim|p2a: Groudon|Solar Beam|p1a: Gyarados\n|-damage|p1a: Gyarados|31\/100 brn\n|move|p1a: Gyarados|Dragon Dance|p1a: Gyarados\n|-boost|p1a: Gyarados|atk|1\n|-boost|p1a: Gyarados|spe|1\n|\n|-weather|DesolateLand|[upkeep]\n|-heal|p1a: Gyarados|37\/100 brn|[from] item: Leftovers\n|-damage|p1a: Gyarados|31\/100 brn|[from] brn\n|upkeep\n|turn|8\n|\n|t:|1698979248\n|move|p2a: Groudon|Solar Beam||[still]\n|-prepare|p2a: Groudon|Solar Beam\n|-anim|p2a: Groudon|Solar Beam|p1a: Gyarados\n|-damage|p1a: Gyarados|0 fnt\n|faint|p1a: Gyarados\n|\n|-weather|DesolateLand|[upkeep]\n|upkeep\n|\n|t:|1698979254\n|switch|p1a: Venusaur|Venusaur, M|100\/100\n|turn|9\n|\n|t:|1698979257\n|move|p2a: Groudon|Flamethrower|p1a: Venusaur\n|-supereffective|p1a: Venusaur\n|-enditem|p1a: Venusaur|Focus Sash\n|-damage|p1a: Venusaur|1\/100\n|move|p1a: Venusaur|Sleep Powder|p2a: Groudon\n|-status|p2a: Groudon|slp|[from] move: Sleep Powder\n|\n|-weather|DesolateLand|[upkeep]\n|upkeep\n|turn|10\n|\n|t:|1698979267\n|-weather|none\n|switch|p2a: Urshifu|Urshifu, F|13\/100 psn\n|move|p1a: Venusaur|Leech Seed|p2a: Urshifu|[miss]\n|-miss|p1a: Venusaur|p2a: Urshifu\n|\n|-damage|p2a: Urshifu|0 fnt|[from] psn\n|faint|p2a: Urshifu\n|upkeep\n|\n|t:|1698979276\n|switch|p2a: Salamence|Salamence, M|100\/100\n|-ability|p2a: Salamence|Intimidate|boost\n|-unboost|p1a: Venusaur|atk|1\n|turn|11\n|\n|t:|1698979288\n|detailschange|p2a: Salamence|Salamence-Mega, M\n|-mega|p2a: Salamence|Salamence|Salamencite\n|move|p2a: Salamence|Dragon Dance|p2a: Salamence\n|-boost|p2a: Salamence|atk|1\n|-boost|p2a: Salamence|spe|1\n|move|p1a: Venusaur|Leech Seed|p2a: Salamence\n|-start|p2a: Salamence|move: Leech Seed\n|\n|-damage|p2a: Salamence|88\/100|[from] Leech Seed|[of] p1a: Venusaur\n|-heal|p1a: Venusaur|14\/100|[silent]\n|upkeep\n|turn|12\n|\n|t:|1698979295\n|move|p2a: Salamence|Return|p1a: Venusaur\n|-supereffective|p1a: Venusaur\n|-damage|p1a: Venusaur|0 fnt\n|faint|p1a: Venusaur\n|\n|upkeep\n|\n|t:|1698979304\n|switch|p1a: Gliscor|Gliscor, F|100\/100\n|turn|13\n|\n|t:|1698979308\n|move|p2a: Salamence|Return|p1a: Gliscor\n|-damage|p1a: Gliscor|0 fnt\n|faint|p1a: Gliscor\n|\n|upkeep\n|\n|t:|1698979312\n|switch|p1a: Blaziken|Blaziken, F|100\/100\n|turn|14\n|\n|t:|1698979315\n|detailschange|p1a: Blaziken|Blaziken-Mega, F\n|-mega|p1a: Blaziken|Blaziken|Blazikenite\n|move|p1a: Blaziken|Protect|p1a: Blaziken\n|-singleturn|p1a: Blaziken|Protect\n|move|p2a: Salamence|Return|p1a: Blaziken\n|-activate|p1a: Blaziken|move: Protect\n|\n|-damage|p2a: Salamence|76\/100|[from] Leech Seed|[of] p1a: Blaziken\n|-ability|p1a: Blaziken|Speed Boost|boost\n|-boost|p1a: Blaziken|spe|1\n|upkeep\n|turn|15\n|\n|t:|1698979326\n|move|p2a: Salamence|Return|p1a: Blaziken\n|-supereffective|p1a: Blaziken\n|-damage|p1a: Blaziken|0 fnt\n|faint|p1a: Blaziken\n|\n|upkeep\n|\n|t:|1698979330\n|switch|p1a: Ninjask|Ninjask, F|100\/100\n|turn|16\n|\n|t:|1698979332\n|move|p1a: Ninjask|Protect|p1a: Ninjask\n|-singleturn|p1a: Ninjask|Protect\n|move|p2a: Salamence|Dragon Dance|p2a: Salamence\n|-boost|p2a: Salamence|atk|1\n|-boost|p2a: Salamence|spe|1\n|\n|-damage|p2a: Salamence|63\/100|[from] Leech Seed|[of] p1a: Ninjask\n|-ability|p1a: Ninjask|Speed Boost|boost\n|-boost|p1a: Ninjask|spe|1\n|upkeep\n|turn|17\n|\n|t:|1698979335\n|move|p2a: Salamence|Return|p1a: Ninjask\n|-supereffective|p1a: Ninjask\n|-enditem|p1a: Ninjask|Focus Sash\n|-damage|p1a: Ninjask|1\/100\n|move|p1a: Ninjask|Swords Dance|p1a: Ninjask\n|-boost|p1a: Ninjask|atk|2\n|\n|-damage|p2a: Salamence|51\/100|[from] Leech Seed|[of] p1a: Ninjask\n|-heal|p1a: Ninjask|16\/100|[silent]\n|-ability|p1a: Ninjask|Speed Boost|boost\n|-boost|p1a: Ninjask|spe|1\n|upkeep\n|turn|18\n|\n|t:|1698979348\n|move|p1a: Ninjask|Protect|p1a: Ninjask\n|-singleturn|p1a: Ninjask|Protect\n|move|p2a: Salamence|Return|p1a: Ninjask\n|-activate|p1a: Ninjask|move: Protect\n|\n|-damage|p2a: Salamence|39\/100|[from] Leech Seed|[of] p1a: Ninjask\n|-heal|p1a: Ninjask|32\/100|[silent]\n|-ability|p1a: Ninjask|Speed Boost|boost\n|-boost|p1a: Ninjask|spe|1\n|upkeep\n|turn|19\n|\n|t:|1698979365\n|move|p1a: Ninjask|Aerial Ace|p2a: Salamence\n|-damage|p2a: Salamence|0 fnt\n|faint|p2a: Salamence\n|\n|-ability|p1a: Ninjask|Speed Boost|boost\n|-boost|p1a: Ninjask|spe|1\n|upkeep\n|\n|t:|1698979369\n|switch|p2a: Marshadow|Marshadow|100\/100\n|turn|20\n|\n|t:|1698979372\n|move|p1a: Ninjask|Aerial Ace|p2a: Marshadow\n|-supereffective|p2a: Marshadow\n|-enditem|p2a: Marshadow|Focus Sash\n|-damage|p2a: Marshadow|1\/100\n|move|p2a: Marshadow|Spectral Thief||[still]\n|-clearpositiveboost|p1a: Ninjask|p2a: Marshadow|move: Spectral Thief\n|-boost|p2a: Marshadow|atk|2\n|-boost|p2a: Marshadow|spe|4\n|-anim|p2a: Marshadow|Spectral Thief|p1a: Ninjask\n|-damage|p1a: Ninjask|0 fnt\n|faint|p1a: Ninjask\n|\n|win|Shitskrieg\n|raw|eduardo o patu's rating: 1065 &rarr; <strong>1048<\/strong><br \/>(-17 for losing)\n|raw|Shitskrieg's rating: 1112 &rarr; <strong>1134<\/strong><br \/>(+22 for winning)\n|l|\u2606eduardo o patu\n","uploadtime":1698979376,"views":6,"p1id":"eduardoopatu","p2id":"shitskrieg","formatid":"gen9nationaldexubers","rating":1048,"private":0,"password":""}