{"id":"gen9nationaldexubers-1986591158","p1":"ThatOneRockyKid","p2":"bishop droped","format":"[Gen 9] National Dex Ubers","log":"|j|\u2606ThatOneRockyKid\n|j|\u2606bishop droped\n|t:|1699495450\n|gametype|singles\n|player|p1|ThatOneRockyKid|brock|1091\n|player|p2|bishop droped|170|1000\n|teamsize|p1|6\n|teamsize|p2|6\n|gen|9\n|tier|[Gen 9] National Dex Ubers\n|rated|\n|rule|HP Percentage Mod: HP is shown in percentages\n|rule|Endless Battle Clause: Forcing endless battles is banned\n|rule|OHKO Clause: OHKO moves are banned\n|rule|Evasion Moves Clause: Evasion moves are banned\n|rule|Evasion Items Clause: Evasion items are banned\n|rule|Species Clause: Limit one of each Pok\u00e9mon\n|rule|Sleep Clause Mod: Limit one foe put to sleep\n|rule|Mega Rayquaza Clause: You cannot mega evolve Rayquaza\n|clearpoke\n|poke|p1|Diancie|\n|poke|p1|Garganacl, M|\n|poke|p1|Tyrantrum, M|\n|poke|p1|Onix, M|\n|poke|p1|Omastar, M|\n|poke|p1|Ogerpon-Cornerstone, F|\n|poke|p2|Regieleki|\n|poke|p2|Toxapex, M|\n|poke|p2|Iron Hands|\n|poke|p2|Breloom, M|\n|poke|p2|Jirachi|\n|poke|p2|Kommo-o, M|\n|teampreview\n|inactive|Battle timer is ON: inactive players will automatically lose when time's up. (requested by ThatOneRockyKid)\n|\n|t:|1699495459\n|start\n|switch|p1a: Diancie|Diancie, shiny|100\/100\n|switch|p2a: Iron Hands|Iron Hands, shiny|100\/100\n|turn|1\n|\n|t:|1699495465\n|detailschange|p1a: Diancie|Diancie-Mega, shiny\n|-mega|p1a: Diancie|Diancie|Diancite\n|move|p1a: Diancie|Stealth Rock|p2a: Iron Hands\n|-sidestart|p2: bishop droped|move: Stealth Rock\n|move|p2a: Iron Hands|Belly Drum|p2a: Iron Hands\n|-damage|p2a: Iron Hands|51\/100\n|-setboost|p2a: Iron Hands|atk|6|[from] move: Belly Drum\n|\n|upkeep\n|turn|2\n|\n|t:|1699495475\n|move|p1a: Diancie|Moonblast|p2a: Iron Hands\n|-supereffective|p2a: Iron Hands\n|-damage|p2a: Iron Hands|0 fnt\n|faint|p2a: Iron Hands\n|-end|p2a: Iron Hands|Quark Drive|[silent]\n|\n|upkeep\n|\n|t:|1699495481\n|switch|p2a: Toxapex|Toxapex, M, shiny|100\/100\n|-damage|p2a: Toxapex|88\/100|[from] Stealth Rock\n|turn|3\n|\n|t:|1699495486\n|move|p1a: Diancie|Diamond Storm|p2a: Toxapex\n|-damage|p2a: Toxapex|50\/100\n|-boost|p1a: Diancie|def|2\n|move|p2a: Toxapex|Infestation|p1a: Diancie\n|-resisted|p1a: Diancie\n|-crit|p1a: Diancie\n|-damage|p1a: Diancie|98\/100\n|-activate|p1a: Diancie|move: Infestation|[of] p2a: Toxapex\n|\n|-heal|p2a: Toxapex|57\/100|[from] item: Leftovers\n|-damage|p1a: Diancie|85\/100|[from] move: Infestation|[partiallytrapped]\n|upkeep\n|turn|4\n|\n|t:|1699495497\n|move|p1a: Diancie|Diamond Storm|p2a: Toxapex\n|-damage|p2a: Toxapex|15\/100\n|move|p2a: Toxapex|Toxic Spikes|p1a: Diancie\n|move|p1a: Diancie|Toxic Spikes|p2a: Toxapex|[from]ability: Magic Bounce\n|-sidestart|p2: bishop droped|move: Toxic Spikes\n|\n|-heal|p2a: Toxapex|21\/100|[from] item: Leftovers\n|-damage|p1a: Diancie|73\/100|[from] move: Infestation|[partiallytrapped]\n|upkeep\n|turn|5\n|\n|t:|1699495506\n|move|p2a: Toxapex|Baneful Bunker|p2a: Toxapex\n|-singleturn|p2a: Toxapex|move: Protect\n|move|p1a: Diancie|Diamond Storm|p2a: Toxapex\n|-activate|p2a: Toxapex|move: Protect\n|\n|-heal|p2a: Toxapex|27\/100|[from] item: Leftovers\n|-damage|p1a: Diancie|60\/100|[from] move: Infestation|[partiallytrapped]\n|upkeep\n|turn|6\n|\n|t:|1699495514\n|move|p2a: Toxapex|Baneful Bunker||[still]\n|-fail|p2a: Toxapex\n|move|p1a: Diancie|Diamond Storm|p2a: Toxapex\n|-damage|p2a: Toxapex|0 fnt\n|faint|p2a: Toxapex\n|\n|-end|p1a: Diancie|Infestation|[partiallytrapped]|[silent]\n|upkeep\n|\n|t:|1699495521\n|switch|p2a: Jirachi|Jirachi, shiny|100\/100\n|-damage|p2a: Jirachi|94\/100|[from] Stealth Rock\n|turn|7\n|\n|t:|1699495526\n|move|p1a: Diancie|Mystical Fire|p2a: Jirachi\n|-supereffective|p2a: Jirachi\n|-damage|p2a: Jirachi|38\/100\n|-unboost|p2a: Jirachi|spa|1\n|move|p2a: Jirachi|Ice Punch|p1a: Diancie\n|-damage|p1a: Diancie|46\/100\n|\n|upkeep\n|turn|8\n|\n|t:|1699495536\n|switch|p2a: Breloom|Breloom, M|100\/100\n|-damage|p2a: Breloom|94\/100|[from] Stealth Rock\n|-status|p2a: Breloom|psn\n|move|p1a: Diancie|Mystical Fire|p2a: Breloom\n|-supereffective|p2a: Breloom\n|-damage|p2a: Breloom|0 fnt\n|faint|p2a: Breloom\n|\n|upkeep\n|\n|t:|1699495544\n|switch|p2a: Regieleki|Regieleki|100\/100\n|-damage|p2a: Regieleki|88\/100|[from] Stealth Rock\n|-status|p2a: Regieleki|psn\n|turn|9\n|\n|t:|1699495551\n|move|p2a: Regieleki|Ancient Power|p1a: Diancie\n|-damage|p1a: Diancie|22\/100\n|move|p1a: Diancie|Diamond Storm|p2a: Regieleki\n|-damage|p2a: Regieleki|0 fnt\n|faint|p2a: Regieleki\n|\n|upkeep\n|\n|t:|1699495559\n|switch|p2a: Jirachi|Jirachi, shiny|38\/100\n|-damage|p2a: Jirachi|32\/100|[from] Stealth Rock\n|turn|10\n|\n|t:|1699495575\n|-terastallize|p2a: Jirachi|Steel\n|move|p1a: Diancie|Mystical Fire|p2a: Jirachi\n|-supereffective|p2a: Jirachi\n|-damage|p2a: Jirachi|0 fnt\n|faint|p2a: Jirachi\n|\n|upkeep\n|\n|t:|1699495582\n|switch|p2a: Kommo-o|Kommo-o, M, shiny|100\/100\n|-damage|p2a: Kommo-o|94\/100|[from] Stealth Rock\n|-status|p2a: Kommo-o|psn\n|turn|11\n|\n|t:|1699495588\n|move|p1a: Diancie|Moonblast|p2a: Kommo-o\n|-supereffective|p2a: Kommo-o\n|-damage|p2a: Kommo-o|0 fnt\n|faint|p2a: Kommo-o\n|\n|win|ThatOneRockyKid\n|raw|ThatOneRockyKid's rating: 1091 &rarr; <strong>1111<\/strong><br \/>(+20 for winning)\n|raw|bishop droped's rating: 1000 &rarr; <strong>1000<\/strong><br \/>(+0 for losing)\n|l|\u2606bishop droped\n","uploadtime":1699495601,"views":32,"p1id":"thatonerockykid","p2id":"bishopdroped","formatid":"gen9nationaldexubers","rating":1000,"private":0,"password":""}