{"id":"gen9nationaldexubers-1980551088","p1":"talalcht","p2":"misterhoo","format":"[Gen 9] National Dex Ubers","log":"|j|\u2606talalcht\n|j|\u2606misterhoo\n|t:|1698796356\n|gametype|singles\n|player|p1|talalcht|palmer|1217\n|player|p2|misterhoo|steven|1132\n|teamsize|p1|6\n|teamsize|p2|6\n|gen|9\n|tier|[Gen 9] National Dex Ubers\n|rated|\n|rule|HP Percentage Mod: HP is shown in percentages\n|rule|Endless Battle Clause: Forcing endless battles is banned\n|rule|OHKO Clause: OHKO moves are banned\n|rule|Evasion Moves Clause: Evasion moves are banned\n|rule|Evasion Items Clause: Evasion items are banned\n|rule|Species Clause: Limit one of each Pok\u00e9mon\n|rule|Sleep Clause Mod: Limit one foe put to sleep\n|rule|Mega Rayquaza Clause: You cannot mega evolve Rayquaza\n|clearpoke\n|poke|p1|Celesteela|\n|poke|p1|Jirachi|\n|poke|p1|Gholdengo|\n|poke|p1|Excadrill, M|\n|poke|p1|Scizor, F|\n|poke|p1|Zacian-*|\n|poke|p2|Yveltal|\n|poke|p2|Kingambit, F|\n|poke|p2|Sableye, F|\n|poke|p2|Meowscarada, M|\n|poke|p2|Aegislash, M|\n|poke|p2|Greninja-*, F|\n|teampreview\n|inactive|Battle timer is ON: inactive players will automatically lose when time's up. (requested by misterhoo)\n|c|\u2606talalcht|Mono steel VS mono dark and aegislash xd\n|inactive|talalcht has 120 seconds left.\n|\n|t:|1698796392\n|start\n|switch|p1a: Celesteela|Celesteela|100\/100\n|switch|p2a: Greninja|Greninja, F|100\/100\n|turn|1\n|c|\u2606misterhoo|yea im preparing for a really specific format\n|\n|t:|1698796409\n|move|p2a: Greninja|U-turn|p1a: Celesteela\n|-start|p2a: Greninja|typechange|Bug|[from] ability: Protean\n|-resisted|p1a: Celesteela\n|-damage|p1a: Celesteela|96\/100\n|\n|t:|1698796412\n|switch|p2a: Yveltal|Yveltal|100\/100|[from] U-turn\n|-ability|p2a: Yveltal|Dark Aura\n|move|p1a: Celesteela|Autotomize|p1a: Celesteela\n|-boost|p1a: Celesteela|spe|2\n|-start|p1a: Celesteela|Autotomize\n|\n|upkeep\n|turn|2\n|\n|t:|1698796427\n|move|p2a: Yveltal|Heat Wave|p1a: Celesteela|[miss]\n|-miss|p2a: Yveltal|p1a: Celesteela\n|move|p1a: Celesteela|Meteor Beam||[still]\n|-prepare|p1a: Celesteela|Meteor Beam\n|-boost|p1a: Celesteela|spa|1\n|-enditem|p1a: Celesteela|Power Herb\n|-anim|p1a: Celesteela|Meteor Beam|p2a: Yveltal\n|-supereffective|p2a: Yveltal\n|-damage|p2a: Yveltal|0 fnt\n|faint|p2a: Yveltal\n|-ability|p1a: Celesteela|Beast Boost|boost\n|-boost|p1a: Celesteela|spa|1\n|\n|upkeep\n|\n|t:|1698796437\n|switch|p2a: Greninja|Greninja, F|100\/100\n|turn|3\n|\n|t:|1698796449\n|-terastallize|p2a: Greninja|Water\n|move|p2a: Greninja|Hydro Pump|p1a: Celesteela\n|-damage|p1a: Celesteela|34\/100\n|move|p1a: Celesteela|Air Slash|p2a: Greninja\n|-damage|p2a: Greninja|0 fnt\n|faint|p2a: Greninja\n|-ability|p1a: Celesteela|Beast Boost|boost\n|-boost|p1a: Celesteela|spa|1\n|\n|upkeep\n|\n|t:|1698796460\n|switch|p2a: Meowscarada|Meowscarada, M|100\/100\n|turn|4\n|\n|t:|1698796471\n|move|p2a: Meowscarada|Sucker Punch|p1a: Celesteela\n|-start|p2a: Meowscarada|typechange|Dark|[from] ability: Protean\n|-damage|p1a: Celesteela|0 fnt\n|faint|p1a: Celesteela\n|\n|upkeep\n|\n|t:|1698796478\n|switch|p1a: Scizor|Scizor, F|100\/100\n|turn|5\n|\n|t:|1698796492\n|switch|p2a: Aegislash|Aegislash, M|100\/100\n|detailschange|p1a: Scizor|Scizor-Mega, F\n|-mega|p1a: Scizor|Scizor|Scizorite\n|move|p1a: Scizor|Swords Dance|p1a: Scizor\n|-boost|p1a: Scizor|atk|2\n|\n|upkeep\n|turn|6\n|inactive|talalcht has 120 seconds left.\n|\n|t:|1698796546\n|move|p2a: Aegislash|King's Shield|p2a: Aegislash\n|-singleturn|p2a: Aegislash|Protect\n|move|p1a: Scizor|Swords Dance|p1a: Scizor\n|-boost|p1a: Scizor|atk|2\n|\n|upkeep\n|turn|7\n|inactive|talalcht has 90 seconds left.\n|\n|t:|1698796568\n|move|p1a: Scizor|Bullet Punch|p2a: Aegislash\n|-resisted|p2a: Aegislash\n|-damage|p2a: Aegislash|54\/100\n|-formechange|p2a: Aegislash|Aegislash-Blade||[from] ability: Stance Change\n|move|p2a: Aegislash|Shadow Ball|p1a: Scizor\n|-damage|p1a: Scizor|65\/100\n|\n|-heal|p2a: Aegislash|60\/100|[from] item: Leftovers\n|upkeep\n|turn|8\n|inactive|talalcht has 90 seconds left.\n|\n|t:|1698796582\n|move|p1a: Scizor|Swords Dance|p1a: Scizor\n|-boost|p1a: Scizor|atk|2\n|move|p2a: Aegislash|Substitute|p2a: Aegislash\n|-start|p2a: Aegislash|Substitute\n|-damage|p2a: Aegislash|35\/100\n|\n|-heal|p2a: Aegislash|42\/100|[from] item: Leftovers\n|upkeep\n|turn|9\n|\n|t:|1698796592\n|-formechange|p2a: Aegislash|Aegislash||[from] ability: Stance Change\n|move|p2a: Aegislash|King's Shield|p2a: Aegislash\n|-singleturn|p2a: Aegislash|Protect\n|move|p1a: Scizor|Bullet Punch|p2a: Aegislash\n|-activate|p2a: Aegislash|move: Protect\n|-unboost|p1a: Scizor|atk|1\n|\n|-heal|p2a: Aegislash|48\/100|[from] item: Leftovers\n|upkeep\n|turn|10\n|\n|t:|1698796603\n|move|p1a: Scizor|Bullet Punch|p2a: Aegislash\n|-resisted|p2a: Aegislash\n|-end|p2a: Aegislash|Substitute\n|-formechange|p2a: Aegislash|Aegislash-Blade||[from] ability: Stance Change\n|move|p2a: Aegislash|Shadow Ball|p1a: Scizor\n|-damage|p1a: Scizor|26\/100\n|-unboost|p1a: Scizor|spd|1\n|\n|-heal|p2a: Aegislash|54\/100|[from] item: Leftovers\n|upkeep\n|turn|11\n|\n|t:|1698796614\n|-formechange|p2a: Aegislash|Aegislash||[from] ability: Stance Change\n|move|p2a: Aegislash|King's Shield|p2a: Aegislash\n|-singleturn|p2a: Aegislash|Protect\n|move|p1a: Scizor|Bullet Punch|p2a: Aegislash\n|-activate|p2a: Aegislash|move: Protect\n|-unboost|p1a: Scizor|atk|1\n|\n|-heal|p2a: Aegislash|60\/100|[from] item: Leftovers\n|upkeep\n|turn|12\n|\n|t:|1698796626\n|move|p1a: Scizor|Bullet Punch|p2a: Aegislash\n|-resisted|p2a: Aegislash\n|-damage|p2a: Aegislash|18\/100\n|-formechange|p2a: Aegislash|Aegislash-Blade||[from] ability: Stance Change\n|move|p2a: Aegislash|Shadow Ball|p1a: Scizor\n|-damage|p1a: Scizor|0 fnt\n|faint|p1a: Scizor\n|\n|-heal|p2a: Aegislash|25\/100|[from] item: Leftovers\n|upkeep\n|inactive|talalcht has 90 seconds left.\n|\n|t:|1698796639\n|switch|p1a: Jirachi|Jirachi|100\/100\n|turn|13\n|\n|t:|1698796645\n|-terastallize|p1a: Jirachi|Steel\n|-formechange|p2a: Aegislash|Aegislash||[from] ability: Stance Change\n|move|p2a: Aegislash|King's Shield|p2a: Aegislash\n|-singleturn|p2a: Aegislash|Protect\n|move|p1a: Jirachi|Cosmic Power|p1a: Jirachi\n|-boost|p1a: Jirachi|def|1\n|-boost|p1a: Jirachi|spd|1\n|\n|-heal|p2a: Aegislash|31\/100|[from] item: Leftovers\n|upkeep\n|turn|14\n|\n|t:|1698796657\n|switch|p2a: Sableye|Sableye, F|100\/100\n|move|p1a: Jirachi|Cosmic Power|p1a: Jirachi\n|-boost|p1a: Jirachi|def|1\n|-boost|p1a: Jirachi|spd|1\n|\n|upkeep\n|turn|15\n|\n|t:|1698796671\n|switch|p1a: Excadrill|Excadrill, M|100\/100\n|-ability|p1a: Excadrill|Mold Breaker\n|move|p2a: Sableye|Encore||[still]\n|-fail|p2a: Sableye\n|\n|upkeep\n|turn|16\n|inactive|talalcht has 90 seconds left.\n|\n|t:|1698796687\n|switch|p2a: Meowscarada|Meowscarada, M|100\/100\n|move|p1a: Excadrill|Earthquake|p2a: Meowscarada\n|-resisted|p2a: Meowscarada\n|-damage|p2a: Meowscarada|55\/100\n|\n|upkeep\n|turn|17\n|\n|t:|1698796699\n|switch|p1a: Zacian|Zacian-Crowned|100\/100\n|-ability|p1a: Zacian|Intrepid Sword|boost\n|-boost|p1a: Zacian|atk|1\n|move|p2a: Meowscarada|U-turn|p1a: Zacian\n|-start|p2a: Meowscarada|typechange|Bug|[from] ability: Protean\n|-resisted|p1a: Zacian\n|-damage|p1a: Zacian|89\/100\n|\n|t:|1698796704\n|switch|p2a: Sableye|Sableye, F|100\/100|[from] U-turn\n|\n|upkeep\n|turn|18\n|\n|t:|1698796718\n|move|p2a: Sableye|Thunder Wave|p1a: Zacian\n|-status|p1a: Zacian|par\n|move|p1a: Zacian|Play Rough|p2a: Sableye|[miss]\n|-miss|p1a: Zacian|p2a: Sableye\n|\n|upkeep\n|turn|19\n|inactive|talalcht has 90 seconds left.\n|\n|t:|1698796746\n|move|p1a: Zacian|Behemoth Blade|p2a: Sableye\n|-damage|p2a: Sableye|0 fnt\n|faint|p2a: Sableye\n|\n|upkeep\n|\n|t:|1698796751\n|switch|p2a: Aegislash|Aegislash, M|31\/100\n|turn|20\n|\n|t:|1698796763\n|switch|p1a: Jirachi|Jirachi, tera:Steel|100\/100\n|move|p2a: Aegislash|King's Shield||[still]\n|-fail|p2a: Aegislash\n|\n|-heal|p2a: Aegislash|37\/100|[from] item: Leftovers\n|upkeep\n|turn|21\n|\n|t:|1698796776\n|move|p1a: Jirachi|Cosmic Power|p1a: Jirachi\n|-boost|p1a: Jirachi|def|1\n|-boost|p1a: Jirachi|spd|1\n|-formechange|p2a: Aegislash|Aegislash-Blade||[from] ability: Stance Change\n|move|p2a: Aegislash|Shadow Ball|p1a: Jirachi\n|-damage|p1a: Jirachi|84\/100\n|\n|-heal|p1a: Jirachi|90\/100|[from] item: Leftovers\n|-heal|p2a: Aegislash|43\/100|[from] item: Leftovers\n|upkeep\n|turn|22\n|-message|misterhoo forfeited.\n|\n|win|talalcht\n|raw|talalcht's rating: 1217 &rarr; <strong>1236<\/strong><br \/>(+19 for winning)\n|raw|misterhoo's rating: 1132 &rarr; <strong>1113<\/strong><br \/>(-19 for losing)\n|l|\u2606misterhoo\n","uploadtime":1698796791,"views":7,"p1id":"talalcht","p2id":"misterhoo","formatid":"gen9nationaldexubers","rating":1113,"private":0,"password":""}