{"id":"gen9nationaldexubers-1980003328","p1":"AceTheInadequate","p2":"Cross12000","format":"[Gen 9] National Dex Ubers","log":"|j|\u2606AceTheInadequate\n|j|\u2606Cross12000\n|t:|1698745000\n|gametype|singles\n|player|p1|AceTheInadequate|guitarist|\n|player|p2|Cross12000|roxie|\n|teamsize|p1|6\n|teamsize|p2|6\n|gen|9\n|tier|[Gen 9] National Dex Ubers\n|rule|HP Percentage Mod: HP is shown in percentages\n|rule|Endless Battle Clause: Forcing endless battles is banned\n|rule|OHKO Clause: OHKO moves are banned\n|rule|Evasion Moves Clause: Evasion moves are banned\n|rule|Evasion Items Clause: Evasion items are banned\n|rule|Species Clause: Limit one of each Pok\u00e9mon\n|rule|Sleep Clause Mod: Limit one foe put to sleep\n|rule|Mega Rayquaza Clause: You cannot mega evolve Rayquaza\n|clearpoke\n|poke|p1|Grimmsnarl, M|\n|poke|p1|Roaring Moon|\n|poke|p1|Weavile, F|\n|poke|p1|Absol, F|\n|poke|p1|Bisharp, M|\n|poke|p1|Tyranitar, F|\n|poke|p2|Zoroark-Hisui, M|\n|poke|p2|Ursaluna, M|\n|poke|p2|Pidgeot, F|\n|poke|p2|Dusclops, F|\n|poke|p2|Runerigus, M|\n|poke|p2|Basculegion, M|\n|teampreview\n|\n|t:|1698745065\n|start\n|switch|p1a: Bob the Builder|Grimmsnarl, M|100\/100\n|switch|p2a: Dusclops|Dusclops, F|100\/100\n|-item|p1a: Bob the Builder|Sitrus Berry|[from] ability: Frisk|[of] p2a: Dusclops|[identify]\n|turn|1\n|\n|t:|1698745098\n|move|p1a: Bob the Builder|Reflect|p1a: Bob the Builder\n|-sidestart|p1: AceTheInadequate|Reflect\n|move|p2a: Dusclops|Trick Room|p2a: Dusclops\n|-fieldstart|move: Trick Room|[of] p2a: Dusclops\n|\n|upkeep\n|turn|2\n|\n|t:|1698745106\n|move|p1a: Bob the Builder|Light Screen|p1a: Bob the Builder\n|-sidestart|p1: AceTheInadequate|move: Light Screen\n|move|p2a: Dusclops|Fire Punch|p1a: Bob the Builder\n|-damage|p1a: Bob the Builder|89\/100\n|\n|upkeep\n|turn|3\n|\n|t:|1698745127\n|move|p2a: Dusclops|Sucker Punch||[still]\n|-fail|p2a: Dusclops\n|move|p1a: Bob the Builder|Metronome|p1a: Bob the Builder\n|move|p1a: Bob the Builder|Incinerate|p2a: Dusclops|[from]move: Metronome\n|-damage|p2a: Dusclops|92\/100\n|\n|upkeep\n|turn|4\n|\n|t:|1698745135\n|move|p1a: Bob the Builder|Parting Shot|p2a: Dusclops\n|-unboost|p2a: Dusclops|atk|1\n|-unboost|p2a: Dusclops|spa|1\n|\n|t:|1698745149\n|switch|p1a: Screaming Crescent|Roaring Moon|100\/100|[from] Parting Shot\n|-enditem|p1a: Screaming Crescent|Booster Energy\n|-activate|p1a: Screaming Crescent|ability: Protosynthesis|[fromitem]\n|-start|p1a: Screaming Crescent|protosynthesisatk\n|move|p2a: Dusclops|Disable||[still]\n|-fail|p2a: Dusclops\n|\n|upkeep\n|turn|5\n|\n|t:|1698745166\n|move|p1a: Screaming Crescent|Dragon Dance|p1a: Screaming Crescent\n|-boost|p1a: Screaming Crescent|atk|1\n|-boost|p1a: Screaming Crescent|spe|1\n|move|p2a: Dusclops|Trick Room|p2a: Dusclops\n|-fieldend|move: Trick Room\n|\n|-sideend|p1: AceTheInadequate|Reflect\n|upkeep\n|turn|6\n|\n|t:|1698745173\n|move|p1a: Screaming Crescent|Knock Off|p2a: Dusclops\n|-supereffective|p2a: Dusclops\n|-damage|p2a: Dusclops|0 fnt\n|-enditem|p2a: Dusclops|Eviolite|[from] move: Knock Off|[of] p1a: Screaming Crescent\n|faint|p2a: Dusclops\n|\n|-sideend|p1: AceTheInadequate|move: Light Screen\n|upkeep\n|\n|t:|1698745207\n|switch|p2a: Kakarot|Pidgeot, F|100\/100\n|turn|7\n|\n|t:|1698745219\n|detailschange|p2a: Kakarot|Pidgeot-Mega, F\n|-mega|p2a: Kakarot|Pidgeot|Pidgeotite\n|move|p2a: Kakarot|Detect|p2a: Kakarot\n|-singleturn|p2a: Kakarot|Protect\n|move|p1a: Screaming Crescent|Knock Off|p2a: Kakarot\n|-activate|p2a: Kakarot|move: Protect\n|\n|upkeep\n|turn|8\n|\n|t:|1698745232\n|move|p1a: Screaming Crescent|Knock Off|p2a: Kakarot\n|-damage|p2a: Kakarot|1\/100\n|move|p2a: Kakarot|Hurricane|p1a: Screaming Crescent\n|-damage|p1a: Screaming Crescent|54\/100\n|\n|upkeep\n|turn|9\n|\n|t:|1698745241\n|move|p2a: Kakarot|Detect|p2a: Kakarot\n|-singleturn|p2a: Kakarot|Protect\n|move|p1a: Screaming Crescent|Knock Off|p2a: Kakarot\n|-activate|p2a: Kakarot|move: Protect\n|\n|upkeep\n|turn|10\n|\n|t:|1698745247\n|move|p1a: Screaming Crescent|Knock Off|p2a: Kakarot\n|-damage|p2a: Kakarot|0 fnt\n|faint|p2a: Kakarot\n|\n|upkeep\n|\n|t:|1698745255\n|switch|p2a: Freddy Fazbear|Ursaluna, M|100\/100\n|turn|11\n|\n|t:|1698745260\n|move|p2a: Freddy Fazbear|Protect|p2a: Freddy Fazbear\n|-singleturn|p2a: Freddy Fazbear|Protect\n|move|p1a: Screaming Crescent|Roost|p1a: Screaming Crescent\n|-heal|p1a: Screaming Crescent|100\/100\n|-singleturn|p1a: Screaming Crescent|move: Roost\n|\n|-status|p2a: Freddy Fazbear|brn|[from] item: Flame Orb\n|upkeep\n|turn|12\n|\n|t:|1698745280\n|-end|p1a: Screaming Crescent|Protosynthesis|[silent]\n|switch|p1a: A6|Bisharp, M|100\/100\n|move|p2a: Freddy Fazbear|Facade|p1a: A6\n|-resisted|p1a: A6\n|-damage|p1a: A6|54\/100\n|\n|-damage|p2a: Freddy Fazbear|94\/100 brn|[from] brn\n|upkeep\n|turn|13\n|\n|t:|1698745288\n|move|p1a: A6|Brick Break|p2a: Freddy Fazbear\n|-supereffective|p2a: Freddy Fazbear\n|-damage|p2a: Freddy Fazbear|52\/100 brn\n|move|p2a: Freddy Fazbear|Fire Punch|p1a: A6\n|-supereffective|p1a: A6\n|-damage|p1a: A6|0 fnt\n|faint|p1a: A6\n|\n|-damage|p2a: Freddy Fazbear|46\/100 brn|[from] brn\n|upkeep\n|\n|t:|1698745291\n|switch|p1a: Hermes|Weavile, F|100\/100\n|-ability|p1a: Hermes|Pressure\n|turn|14\n|\n|t:|1698745312\n|-terastallize|p2a: Freddy Fazbear|Water\n|move|p1a: Hermes|Triple Axel|p2a: Freddy Fazbear\n|-resisted|p2a: Freddy Fazbear\n|-damage|p2a: Freddy Fazbear|43\/100 brn\n|-resisted|p2a: Freddy Fazbear\n|-damage|p2a: Freddy Fazbear|36\/100 brn\n|-resisted|p2a: Freddy Fazbear\n|-damage|p2a: Freddy Fazbear|26\/100 brn\n|-hitcount|p2a: Freddy Fazbear|3\n|move|p2a: Freddy Fazbear|Fire Punch|p1a: Hermes\n|-supereffective|p1a: Hermes\n|-enditem|p1a: Hermes|Focus Sash\n|-damage|p1a: Hermes|1\/100\n|\n|-damage|p2a: Freddy Fazbear|20\/100 brn|[from] brn\n|upkeep\n|turn|15\n|\n|t:|1698745323\n|move|p1a: Hermes|Ice Shard|p2a: Freddy Fazbear\n|-resisted|p2a: Freddy Fazbear\n|-damage|p2a: Freddy Fazbear|12\/100 brn\n|move|p2a: Freddy Fazbear|Facade|p1a: Hermes\n|-damage|p1a: Hermes|0 fnt\n|faint|p1a: Hermes\n|\n|-damage|p2a: Freddy Fazbear|6\/100 brn|[from] brn\n|upkeep\n|\n|t:|1698745330\n|switch|p1a: Screaming Crescent|Roaring Moon|100\/100\n|turn|16\n|\n|t:|1698745348\n|-terastallize|p1a: Screaming Crescent|Flying\n|move|p2a: Freddy Fazbear|Protect|p2a: Freddy Fazbear\n|-singleturn|p2a: Freddy Fazbear|Protect\n|move|p1a: Screaming Crescent|Acrobatics|p2a: Freddy Fazbear\n|-activate|p2a: Freddy Fazbear|move: Protect\n|\n|-damage|p2a: Freddy Fazbear|0 fnt|[from] brn\n|faint|p2a: Freddy Fazbear\n|upkeep\n|\n|t:|1698745354\n|switch|p2a: Basculegion|Basculegion, M|100\/100\n|turn|17\n|\n|t:|1698745358\n|move|p2a: Basculegion|Flamethrower|p1a: Screaming Crescent\n|-damage|p1a: Screaming Crescent|62\/100\n|move|p1a: Screaming Crescent|Knock Off|p2a: Basculegion\n|-supereffective|p2a: Basculegion\n|-damage|p2a: Basculegion|0 fnt\n|replace|p2a: MUZAN|Zoroark-Hisui, M\n|-end|p2a: MUZAN|Illusion\n|-enditem|p2a: MUZAN|Choice Specs|[from] move: Knock Off|[of] p1a: Screaming Crescent\n|faint|p2a: MUZAN\n|\n|upkeep\n|\n|t:|1698745363\n|switch|p2a: Runerigus|Runerigus, M|100\/100\n|turn|18\n|\n|t:|1698745374\n|move|p1a: Screaming Crescent|Knock Off|p2a: Runerigus\n|-supereffective|p2a: Runerigus\n|-damage|p2a: Runerigus|4\/100\n|-enditem|p2a: Runerigus|Razor Claw|[from] move: Knock Off|[of] p1a: Screaming Crescent\n|move|p2a: Runerigus|Stone Edge|p1a: Screaming Crescent\n|-supereffective|p1a: Screaming Crescent\n|-crit|p1a: Screaming Crescent\n|-damage|p1a: Screaming Crescent|0 fnt\n|faint|p1a: Screaming Crescent\n|-end|p1a: Screaming Crescent|Protosynthesis|[silent]\n|\n|upkeep\n|\n|t:|1698745387\n|switch|p1a: Kaiju|Tyranitar, F|100\/100\n|-weather|Sandstorm|[from] ability: Sand Stream|[of] p1a: Kaiju\n|turn|19\n|\n|t:|1698745396\n|move|p1a: Kaiju|Dragon Dance|p1a: Kaiju\n|-boost|p1a: Kaiju|atk|1\n|-boost|p1a: Kaiju|spe|1\n|move|p2a: Runerigus|Earthquake|p1a: Kaiju\n|-supereffective|p1a: Kaiju\n|-damage|p1a: Kaiju|16\/100\n|\n|-weather|Sandstorm|[upkeep]\n|upkeep\n|turn|20\n|\n|t:|1698745408\n|move|p1a: Kaiju|Knock Off|p2a: Runerigus\n|-supereffective|p2a: Runerigus\n|-damage|p2a: Runerigus|0 fnt\n|-activate|p2a: Runerigus|ability: Wandering Spirit|Sand Stream|Wandering Spirit|[of] p1a: Kaiju\n|faint|p2a: Runerigus\n|\n|-weather|Sandstorm|[upkeep]\n|upkeep\n|\n|t:|1698745410\n|switch|p2a: Basculegion|Basculegion, M|100\/100\n|turn|21\n|\n|t:|1698745416\n|move|p2a: Basculegion|Aqua Jet|p1a: Kaiju\n|-supereffective|p1a: Kaiju\n|-damage|p1a: Kaiju|0 fnt\n|-activate|p1a: Kaiju|ability: Wandering Spirit|Swift Swim|Wandering Spirit|[of] p2a: Basculegion\n|faint|p1a: Kaiju\n|\n|-weather|Sandstorm|[upkeep]\n|-damage|p2a: Basculegion|94\/100|[from] Sandstorm\n|upkeep\n|\n|t:|1698745421\n|switch|p1a: Lotto Winner|Absol, F|100\/100\n|turn|22\n|\n|t:|1698745442\n|move|p1a: Lotto Winner|Sucker Punch|p2a: Basculegion\n|-supereffective|p2a: Basculegion\n|-crit|p2a: Basculegion\n|-damage|p2a: Basculegion|0 fnt\n|-activate|p2a: Basculegion|ability: Wandering Spirit|Super Luck|Wandering Spirit|[of] p1a: Lotto Winner\n|faint|p2a: Basculegion\n|\n|win|AceTheInadequate\n|l|\u2606AceTheInadequate\n|j|\u2606AceTheInadequate\n|player|p1|AceTheInadequate|guitarist\n","uploadtime":1698745471,"views":12,"p1id":"acetheinadequate","p2id":"cross12000","formatid":"gen9nationaldexubers","rating":0,"private":0,"password":""}