{"id":"gen9nationaldexubers-1991151045","p1":"HomieCromie","p2":"siiuubangal","format":"[Gen 9] National Dex Ubers","log":"|j|\u2606HomieCromie\n|j|\u2606siiuubangal\n|t:|1700050573\n|gametype|singles\n|player|p1|HomieCromie|169|1052\n|player|p2|siiuubangal|beauty-gen4dp|1189\n|teamsize|p1|6\n|teamsize|p2|6\n|gen|9\n|tier|[Gen 9] National Dex Ubers\n|rated|\n|rule|HP Percentage Mod: HP is shown in percentages\n|rule|Endless Battle Clause: Forcing endless battles is banned\n|rule|OHKO Clause: OHKO moves are banned\n|rule|Evasion Moves Clause: Evasion moves are banned\n|rule|Evasion Items Clause: Evasion items are banned\n|rule|Species Clause: Limit one of each Pok\u00e9mon\n|rule|Sleep Clause Mod: Limit one foe put to sleep\n|rule|Mega Rayquaza Clause: You cannot mega evolve Rayquaza\n|clearpoke\n|poke|p1|Volcanion|\n|poke|p1|Annihilape, F|\n|poke|p1|Mawile, F|\n|poke|p1|Ceruledge, F|\n|poke|p1|Enamorus, F|\n|poke|p1|Pheromosa|\n|poke|p2|Eternatus|\n|poke|p2|Mewtwo|\n|poke|p2|Dragapult, M|\n|poke|p2|Zacian-*|\n|poke|p2|Groudon|\n|poke|p2|Iron Valiant|\n|teampreview\n|inactive|Battle timer is ON: inactive players will automatically lose when time's up. (requested by HomieCromie)\n|\n|t:|1700050592\n|start\n|switch|p1a: Mawile|Mawile, F|100\/100\n|switch|p2a: Dragapult|Dragapult, M|100\/100\n|turn|1\n|inactive|siiuubangal has 120 seconds left.\n|\n|t:|1700050623\n|detailschange|p1a: Mawile|Mawile-Mega, F\n|-mega|p1a: Mawile|Mawile|Mawilite\n|move|p2a: Dragapult|Dragon Dance|p2a: Dragapult\n|-boost|p2a: Dragapult|atk|1\n|-boost|p2a: Dragapult|spe|1\n|move|p1a: Mawile|Play Rough|p2a: Dragapult\n|-supereffective|p2a: Dragapult\n|-enditem|p2a: Dragapult|Focus Sash\n|-damage|p2a: Dragapult|1\/100\n|\n|upkeep\n|turn|2\n|inactive|siiuubangal has 120 seconds left.\n|\n|t:|1700050638\n|move|p1a: Mawile|Sucker Punch|p2a: Dragapult\n|-supereffective|p2a: Dragapult\n|-crit|p2a: Dragapult\n|-damage|p2a: Dragapult|0 fnt\n|faint|p2a: Dragapult\n|\n|upkeep\n|inactive|siiuubangal has 120 seconds left.\n|\n|t:|1700050646\n|switch|p2a: Iron Valiant|Iron Valiant|100\/100\n|-enditem|p2a: Iron Valiant|Booster Energy\n|-activate|p2a: Iron Valiant|ability: Quark Drive|[fromitem]\n|-start|p2a: Iron Valiant|quarkdrivespe\n|turn|3\n|inactive|siiuubangal has 120 seconds left.\n|\n|t:|1700050660\n|move|p2a: Iron Valiant|Close Combat|p1a: Mawile\n|-crit|p1a: Mawile\n|-damage|p1a: Mawile|24\/100\n|-unboost|p2a: Iron Valiant|def|1\n|-unboost|p2a: Iron Valiant|spd|1\n|move|p1a: Mawile|Iron Head|p2a: Iron Valiant\n|-supereffective|p2a: Iron Valiant\n|-damage|p2a: Iron Valiant|0 fnt\n|faint|p2a: Iron Valiant\n|-end|p2a: Iron Valiant|Quark Drive|[silent]\n|\n|upkeep\n|inactive|siiuubangal has 120 seconds left.\n|\n|t:|1700050673\n|switch|p2a: Groudon|Groudon|100\/100\n|detailschange|p2a: Groudon|Groudon-Primal\n|-primal|p2a: Groudon|Red Orb\n|-weather|DesolateLand|[from] ability: Desolate Land|[of] p2a: Groudon\n|turn|4\n|inactive|siiuubangal has 120 seconds left.\n|inactive|HomieCromie has 120 seconds left.\n|\n|t:|1700050710\n|move|p1a: Mawile|Sucker Punch|p2a: Groudon\n|-damage|p2a: Groudon|73\/100\n|move|p2a: Groudon|Earthquake|p1a: Mawile\n|-supereffective|p1a: Mawile\n|-damage|p1a: Mawile|0 fnt\n|faint|p1a: Mawile\n|\n|-weather|DesolateLand|[upkeep]\n|upkeep\n|\n|t:|1700050728\n|switch|p1a: Annihilape|Annihilape, F, shiny|100\/100\n|turn|5\n|\n|t:|1700050735\n|move|p2a: Groudon|Earthquake|p1a: Annihilape\n|-damage|p1a: Annihilape|14\/100\n|move|p1a: Annihilape|Counter|p2a: Groudon\n|-damage|p2a: Groudon|0 fnt\n|faint|p2a: Groudon\n|-weather|none\n|\n|upkeep\n|\n|t:|1700050746\n|switch|p2a: Eternatus|Eternatus|100\/100\n|-ability|p2a: Eternatus|Pressure\n|-item|p2a: Eternatus|Air Balloon\n|turn|6\n|inactive|HomieCromie has 120 seconds left.\n|\n|t:|1700050770\n|move|p2a: Eternatus|Dynamax Cannon|p1a: Annihilape\n|-damage|p1a: Annihilape|0 fnt\n|faint|p1a: Annihilape\n|\n|upkeep\n|\n|t:|1700050776\n|switch|p1a: Pheromosa|Pheromosa|100\/100\n|turn|7\n|\n|t:|1700050789\n|-terastallize|p2a: Eternatus|Steel\n|move|p1a: Pheromosa|Me First|p2a: Eternatus\n|move|p1a: Pheromosa|Flamethrower|p2a: Eternatus|[from]move: Me First\n|-supereffective|p2a: Eternatus\n|-damage|p2a: Eternatus|37\/100\n|-enditem|p2a: Eternatus|Air Balloon\n|move|p2a: Eternatus|Flamethrower|p1a: Pheromosa\n|-supereffective|p1a: Pheromosa\n|-damage|p1a: Pheromosa|0 fnt\n|faint|p1a: Pheromosa\n|\n|upkeep\n|\n|t:|1700050799\n|switch|p1a: Volcanion|Volcanion|100\/100\n|turn|8\n|\n|t:|1700050806\n|move|p2a: Eternatus|Recover|p2a: Eternatus\n|-heal|p2a: Eternatus|87\/100\n|move|p1a: Volcanion|Fire Blast|p2a: Eternatus\n|-supereffective|p2a: Eternatus\n|-damage|p2a: Eternatus|0 fnt\n|faint|p2a: Eternatus\n|\n|upkeep\n|\n|t:|1700050816\n|switch|p2a: Zacian|Zacian-Crowned|100\/100\n|-ability|p2a: Zacian|Intrepid Sword|boost\n|-boost|p2a: Zacian|atk|1\n|turn|9\n|\n|t:|1700050825\n|move|p2a: Zacian|Close Combat|p1a: Volcanion\n|-damage|p1a: Volcanion|41\/100\n|-unboost|p2a: Zacian|def|1\n|-unboost|p2a: Zacian|spd|1\n|-zpower|p1a: Volcanion\n|move|p1a: Volcanion|Hydro Vortex|p2a: Zacian|[zeffect]\n|-damage|p2a: Zacian|0 fnt\n|faint|p2a: Zacian\n|\n|upkeep\n|\n|t:|1700050837\n|switch|p2a: Mewtwo|Mewtwo|100\/100\n|-ability|p2a: Mewtwo|Pressure\n|turn|10\n|\n|t:|1700050845\n|detailschange|p2a: Mewtwo|Mewtwo-Mega-X\n|-mega|p2a: Mewtwo|Mewtwo|Mewtwonite X\n|move|p2a: Mewtwo|Earthquake|p1a: Volcanion\n|-supereffective|p1a: Volcanion\n|-damage|p1a: Volcanion|0 fnt\n|faint|p1a: Volcanion\n|\n|upkeep\n|\n|t:|1700050853\n|switch|p1a: Ceruledge|Ceruledge, F|100\/100\n|turn|11\n|\n|t:|1700050864\n|move|p2a: Mewtwo|Earthquake|p1a: Ceruledge\n|-supereffective|p1a: Ceruledge\n|-enditem|p1a: Ceruledge|Focus Sash\n|-damage|p1a: Ceruledge|1\/100\n|-ability|p1a: Ceruledge|Weak Armor|boost\n|-unboost|p1a: Ceruledge|def|1\n|-boost|p1a: Ceruledge|spe|2\n|move|p1a: Ceruledge|Swords Dance|p1a: Ceruledge\n|-boost|p1a: Ceruledge|atk|2\n|\n|upkeep\n|turn|12\n|\n|t:|1700050877\n|move|p1a: Ceruledge|Shadow Sneak|p2a: Mewtwo\n|-supereffective|p2a: Mewtwo\n|-damage|p2a: Mewtwo|32\/100\n|move|p2a: Mewtwo|Psystrike|p1a: Ceruledge\n|-damage|p1a: Ceruledge|0 fnt\n|faint|p1a: Ceruledge\n|\n|upkeep\n|\n|t:|1700050880\n|switch|p1a: Enamorus|Enamorus, F|100\/100\n|turn|13\n|\n|t:|1700050893\n|-terastallize|p1a: Enamorus|Fairy\n|move|p2a: Mewtwo|Psystrike|p1a: Enamorus\n|-damage|p1a: Enamorus|1\/100\n|move|p1a: Enamorus|Iron Head|p2a: Mewtwo\n|-damage|p2a: Mewtwo|5\/100\n|\n|upkeep\n|turn|14\n|\n|t:|1700050903\n|move|p2a: Mewtwo|Psystrike|p1a: Enamorus\n|-damage|p1a: Enamorus|0 fnt\n|faint|p1a: Enamorus\n|\n|win|siiuubangal\n|raw|HomieCromie's rating: 1052 &rarr; <strong>1041<\/strong><br \/>(-11 for losing)\n|raw|siiuubangal's rating: 1189 &rarr; <strong>1205<\/strong><br \/>(+16 for winning)\n|l|\u2606HomieCromie\n","uploadtime":1700050915,"views":9,"p1id":"homiecromie","p2id":"siiuubangal","formatid":"gen9nationaldexubers","rating":1041,"private":0,"password":""}