{"id":"gen9nationaldexubers-2000682930","p1":"PeetaWard","p2":"DocGoose","format":"[Gen 9] National Dex Ubers","log":"|j|\u2606PeetaWard\n|j|\u2606DocGoose\n|t:|1701218332\n|gametype|singles\n|player|p1|PeetaWard|102|\n|player|p2|DocGoose|palmer|\n|teamsize|p1|6\n|teamsize|p2|6\n|gen|9\n|tier|[Gen 9] National Dex Ubers\n|rule|HP Percentage Mod: HP is shown in percentages\n|rule|Endless Battle Clause: Forcing endless battles is banned\n|rule|OHKO Clause: OHKO moves are banned\n|rule|Evasion Moves Clause: Evasion moves are banned\n|rule|Evasion Items Clause: Evasion items are banned\n|rule|Species Clause: Limit one of each Pok\u00e9mon\n|rule|Sleep Clause Mod: Limit one foe put to sleep\n|rule|Mega Rayquaza Clause: You cannot mega evolve Rayquaza\n|clearpoke\n|poke|p1|Ribombee, M|\n|poke|p1|Ferrothorn, M|\n|poke|p1|Beedrill, M|\n|poke|p1|Azumarill, F|\n|poke|p1|Rhydon, F|\n|poke|p1|Celesteela|\n|poke|p2|Ninetales-Alola, F|\n|poke|p2|Baxcalibur, M|\n|poke|p2|Skeledirge, M|\n|poke|p2|Indeedee, M|\n|poke|p2|Sneasler, M|\n|poke|p2|Gligar, M|\n|teampreview\n|\n|t:|1701218363\n|start\n|switch|p1a: Ribombee|Ribombee, M, shiny|100\/100\n|switch|p2a: Gligar|Gligar, M|100\/100\n|turn|1\n|\n|t:|1701218371\n|move|p1a: Ribombee|Sticky Web|p2a: Gligar\n|-sidestart|p2: DocGoose|move: Sticky Web\n|move|p2a: Gligar|Knock Off|p1a: Ribombee\n|-resisted|p1a: Ribombee\n|-damage|p1a: Ribombee|82\/100\n|-enditem|p1a: Ribombee|Focus Sash|[from] move: Knock Off|[of] p2a: Gligar\n|\n|upkeep\n|turn|2\n|\n|t:|1701218380\n|move|p1a: Ribombee|Moonblast|p2a: Gligar\n|-damage|p2a: Gligar|58\/100\n|move|p2a: Gligar|Earthquake|p1a: Ribombee\n|-resisted|p1a: Ribombee\n|-damage|p1a: Ribombee|57\/100\n|\n|upkeep\n|turn|3\n|\n|t:|1701218392\n|switch|p1a: Celesteela|Celesteela, shiny|100\/100\n|move|p2a: Gligar|Roost|p2a: Gligar\n|-heal|p2a: Gligar|100\/100\n|-singleturn|p2a: Gligar|move: Roost\n|\n|upkeep\n|turn|4\n|\n|t:|1701218400\n|move|p1a: Celesteela|Autotomize|p1a: Celesteela\n|-boost|p1a: Celesteela|spe|2\n|-start|p1a: Celesteela|Autotomize\n|move|p2a: Gligar|Defog|p1a: Celesteela\n|-unboost|p1a: Celesteela|evasion|1\n|-sideend|p2: DocGoose|Sticky Web|[from] move: Defog|[of] p2a: Gligar\n|\n|upkeep\n|turn|5\n|\n|t:|1701218416\n|move|p1a: Celesteela|Air Slash|p2a: Gligar\n|-damage|p2a: Gligar|65\/100\n|move|p2a: Gligar|Knock Off|p1a: Celesteela\n|-damage|p1a: Celesteela|83\/100\n|-enditem|p1a: Celesteela|Power Herb|[from] move: Knock Off|[of] p2a: Gligar\n|\n|upkeep\n|turn|6\n|\n|t:|1701218430\n|move|p1a: Celesteela|Air Slash|p2a: Gligar\n|-damage|p2a: Gligar|30\/100\n|cant|p2a: Gligar|flinch\n|\n|upkeep\n|turn|7\n|\n|t:|1701218436\n|switch|p2a: Skeledirge|Skeledirge, M|100\/100\n|move|p1a: Celesteela|Air Slash|p2a: Skeledirge\n|-damage|p2a: Skeledirge|64\/100\n|\n|upkeep\n|turn|8\n|\n|t:|1701218446\n|move|p1a: Celesteela|Air Slash|p2a: Skeledirge\n|-damage|p2a: Skeledirge|24\/100\n|cant|p2a: Skeledirge|flinch\n|\n|upkeep\n|turn|9\n|\n|t:|1701218455\n|move|p1a: Celesteela|Air Slash|p2a: Skeledirge\n|-damage|p2a: Skeledirge|0 fnt\n|faint|p2a: Skeledirge\n|-ability|p1a: Celesteela|Beast Boost|boost\n|-boost|p1a: Celesteela|spa|1\n|\n|upkeep\n|\n|t:|1701218464\n|switch|p2a: Indeedee|Indeedee, M|100\/100\n|-fieldstart|move: Psychic Terrain|[from] ability: Psychic Surge|[of] p2a: Indeedee\n|turn|10\n|\n|t:|1701218470\n|move|p1a: Celesteela|Air Slash|p2a: Indeedee\n|-damage|p2a: Indeedee|28\/100\n|move|p2a: Indeedee|Mystical Fire|p1a: Celesteela\n|-supereffective|p1a: Celesteela\n|-damage|p1a: Celesteela|16\/100\n|-unboost|p1a: Celesteela|spa|1\n|\n|upkeep\n|turn|11\n|\n|t:|1701218478\n|move|p1a: Celesteela|Air Slash|p2a: Indeedee\n|-damage|p2a: Indeedee|0 fnt\n|faint|p2a: Indeedee\n|-ability|p1a: Celesteela|Beast Boost|boost\n|-boost|p1a: Celesteela|spa|1\n|\n|upkeep\n|\n|t:|1701218483\n|switch|p2a: Sneasler|Sneasler, M|100\/100\n|-enditem|p2a: Sneasler|Psychic Seed\n|-boost|p2a: Sneasler|spd|1|[from] item: Psychic Seed\n|turn|12\n|\n|t:|1701218494\n|-terastallize|p2a: Sneasler|Flying\n|move|p2a: Sneasler|Acrobatics|p1a: Celesteela\n|-resisted|p1a: Celesteela\n|-damage|p1a: Celesteela|0 fnt\n|faint|p1a: Celesteela\n|\n|upkeep\n|\n|t:|1701218505\n|switch|p1a: Ferrothorn|Ferrothorn, M|100\/100\n|turn|13\n|\n|t:|1701218521\n|move|p2a: Sneasler|Swords Dance|p2a: Sneasler\n|-boost|p2a: Sneasler|atk|2\n|move|p1a: Ferrothorn|Knock Off|p2a: Sneasler\n|-damage|p2a: Sneasler|78\/100\n|\n|upkeep\n|turn|14\n|\n|t:|1701218547\n|move|p2a: Sneasler|Acrobatics|p1a: Ferrothorn\n|-damage|p1a: Ferrothorn|24\/100\n|-damage|p2a: Sneasler|66\/100|[from] ability: Iron Barbs|[of] p1a: Ferrothorn\n|move|p1a: Ferrothorn|Power Whip|p2a: Sneasler\n|-resisted|p2a: Sneasler\n|-damage|p2a: Sneasler|31\/100\n|\n|-fieldend|move: Psychic Terrain\n|upkeep\n|turn|15\n|\n|t:|1701218560\n|move|p2a: Sneasler|Acrobatics|p1a: Ferrothorn\n|-damage|p1a: Ferrothorn|0 fnt\n|-damage|p2a: Sneasler|18\/100|[from] ability: Iron Barbs|[of] p1a: Ferrothorn\n|faint|p1a: Ferrothorn\n|\n|upkeep\n|\n|t:|1701218569\n|switch|p1a: Rhydon|Rhydon, F, shiny|100\/100\n|turn|16\n|\n|t:|1701218575\n|move|p1a: Rhydon|Protect|p1a: Rhydon\n|-singleturn|p1a: Rhydon|Protect\n|move|p2a: Sneasler|Close Combat|p1a: Rhydon\n|-activate|p1a: Rhydon|move: Protect\n|\n|upkeep\n|turn|17\n|\n|t:|1701218581\n|move|p2a: Sneasler|Close Combat|p1a: Rhydon\n|-supereffective|p1a: Rhydon\n|-damage|p1a: Rhydon|0 fnt\n|-unboost|p2a: Sneasler|def|1\n|-unboost|p2a: Sneasler|spd|1\n|faint|p1a: Rhydon\n|\n|upkeep\n|\n|t:|1701218603\n|switch|p1a: Azumarill|Azumarill, F, shiny|100\/100\n|turn|18\n|\n|t:|1701218610\n|move|p1a: Azumarill|Aqua Jet|p2a: Sneasler\n|-damage|p2a: Sneasler|0 fnt\n|faint|p2a: Sneasler\n|\n|upkeep\n|\n|t:|1701218616\n|switch|p2a: Ninetales|Ninetales-Alola, F, shiny|100\/100\n|-weather|Snow|[from] ability: Snow Warning|[of] p2a: Ninetales\n|turn|19\n|\n|t:|1701218623\n|-terastallize|p1a: Azumarill|Water\n|move|p2a: Ninetales|Aurora Veil|p2a: Ninetales\n|-sidestart|p2: DocGoose|move: Aurora Veil\n|move|p1a: Azumarill|Belly Drum|p1a: Azumarill\n|-damage|p1a: Azumarill|50\/100\n|-setboost|p1a: Azumarill|atk|6|[from] move: Belly Drum\n|-enditem|p1a: Azumarill|Sitrus Berry|[eat]\n|-heal|p1a: Azumarill|75\/100|[from] item: Sitrus Berry\n|\n|-weather|Snow|[upkeep]\n|upkeep\n|turn|20\n|\n|t:|1701218637\n|move|p1a: Azumarill|Aqua Jet|p2a: Ninetales\n|-damage|p2a: Ninetales|40\/100\n|move|p2a: Ninetales|Encore|p1a: Azumarill\n|-start|p1a: Azumarill|Encore\n|\n|-weather|Snow|[upkeep]\n|upkeep\n|turn|21\n|\n|t:|1701218646\n|move|p1a: Azumarill|Aqua Jet|p2a: Ninetales\n|-damage|p2a: Ninetales|0 fnt\n|faint|p2a: Ninetales\n|\n|-weather|Snow|[upkeep]\n|upkeep\n|\n|t:|1701218650\n|switch|p2a: Baxcalibur|Baxcalibur, M|100\/100\n|turn|22\n|\n|t:|1701218667\n|move|p1a: Azumarill|Aqua Jet|p2a: Baxcalibur\n|-resisted|p2a: Baxcalibur\n|-damage|p2a: Baxcalibur|79\/100\n|move|p2a: Baxcalibur|Scale Shot|p1a: Azumarill\n|-damage|p1a: Azumarill|59\/100\n|-damage|p1a: Azumarill|43\/100\n|-damage|p1a: Azumarill|28\/100\n|-damage|p1a: Azumarill|11\/100\n|-hitcount|p1a: Azumarill|4\n|-unboost|p2a: Baxcalibur|def|1\n|-boost|p2a: Baxcalibur|spe|1\n|\n|-weather|Snow|[upkeep]\n|upkeep\n|turn|23\n|\n|t:|1701218682\n|move|p1a: Azumarill|Aqua Jet|p2a: Baxcalibur\n|-resisted|p2a: Baxcalibur\n|-damage|p2a: Baxcalibur|45\/100\n|move|p2a: Baxcalibur|Scale Shot|p1a: Azumarill\n|-damage|p1a: Azumarill|0 fnt\n|faint|p1a: Azumarill\n|-hitcount|p1: Azumarill|1\n|-unboost|p2a: Baxcalibur|def|1\n|-boost|p2a: Baxcalibur|spe|1\n|\n|-weather|none\n|upkeep\n|\n|t:|1701218693\n|switch|p1a: Beedrill|Beedrill, M, shiny|100\/100\n|turn|24\n|\n|t:|1701218749\n|detailschange|p1a: Beedrill|Beedrill-Mega, M, shiny\n|-mega|p1a: Beedrill|Beedrill|Beedrillite\n|move|p2a: Baxcalibur|Icicle Spear|p1a: Beedrill\n|-damage|p1a: Beedrill|58\/100\n|-damage|p1a: Beedrill|17\/100\n|-damage|p1a: Beedrill|0 fnt\n|faint|p1a: Beedrill\n|-hitcount|p1: Beedrill|3\n|\n|upkeep\n|\n|t:|1701218759\n|switch|p1a: Ribombee|Ribombee, M, shiny|57\/100\n|turn|25\n|\n|t:|1701218765\n|move|p2a: Baxcalibur|Icicle Spear|p1a: Ribombee\n|-damage|p1a: Ribombee|28\/100\n|-damage|p1a: Ribombee|0 fnt\n|faint|p1a: Ribombee\n|-hitcount|p1: Ribombee|2\n|\n|win|DocGoose\n|c|\u2606DocGoose|gg\n","uploadtime":1701218774,"views":1,"p1id":"peetaward","p2id":"docgoose","formatid":"gen9nationaldexubers","rating":0,"private":0,"password":""}