{"id":"gen9nationaldexubers-1982784842","p1":"notastalecookie","p2":"SkillzBP","format":"[Gen 9] National Dex Ubers","log":"|j|\u2606notastalecookie\n|j|\u2606SkillzBP\n|t:|1699044618\n|gametype|singles\n|player|p1|notastalecookie|hilbert|\n|player|p2|SkillzBP|hau|\n|teamsize|p1|6\n|teamsize|p2|6\n|gen|9\n|tier|[Gen 9] National Dex Ubers\n|rule|HP Percentage Mod: HP is shown in percentages\n|rule|Endless Battle Clause: Forcing endless battles is banned\n|rule|OHKO Clause: OHKO moves are banned\n|rule|Evasion Moves Clause: Evasion moves are banned\n|rule|Evasion Items Clause: Evasion items are banned\n|rule|Species Clause: Limit one of each Pok\u00e9mon\n|rule|Sleep Clause Mod: Limit one foe put to sleep\n|rule|Mega Rayquaza Clause: You cannot mega evolve Rayquaza\n|clearpoke\n|poke|p1|Tyranitar, M|\n|poke|p1|Lycanroc, M|\n|poke|p1|Ogerpon-Cornerstone, F|\n|poke|p1|Glimmora, F|\n|poke|p1|Kleavor, F|\n|poke|p1|Coalossal, F|\n|poke|p2|Glimmora, F|\n|poke|p2|Ursaluna-Bloodmoon, M|\n|poke|p2|Sneasler, F|\n|poke|p2|Gholdengo|\n|poke|p2|Rillaboom, M|\n|poke|p2|Charizard, M|\n|teampreview\n|inactive|Battle timer is ON: inactive players will automatically lose when time's up. (requested by SkillzBP)\n|j| Destinum\n|c|\u2606SkillzBP|glhf!! my tera mon is tera flying sneasler\n|j| Bug Maniac Swaggy\n|c|\u2606notastalecookie|glhf\n|c|\u2606notastalecookie|time for the impossible matchup\n|inactive|notastalecookie has 270 seconds left.\n|\n|t:|1699044651\n|start\n|switch|p1a: kevin|Kleavor, F|100\/100\n|switch|p2a: hey check this out|Glimmora, F|100\/100\n|turn|1\n|j| IncandescentCandle\n|j| Astro Rifk\n|c| IncandescentCandle|hey check this out: it's kevin!\n|j| EeveeGirlStar\n|inactive|notastalecookie has 270 seconds left.\n|l| EeveeGirlStar\n|j| ArcticIzagi\n|inactive|notastalecookie has 240 seconds left.\n|\n|t:|1699044715\n|move|p1a: kevin|Stone Axe|p2a: hey check this out\n|-damage|p2a: hey check this out|32\/100\n|-activate|p2a: hey check this out|ability: Toxic Debris\n|-sidestart|p1: notastalecookie|move: Toxic Spikes\n|-sidestart|p2: SkillzBP|move: Stealth Rock\n|move|p2a: hey check this out|Stealth Rock|p1a: kevin\n|-sidestart|p1: notastalecookie|move: Stealth Rock\n|\n|upkeep\n|turn|2\n|inactive|notastalecookie has 240 seconds left.\n|\n|t:|1699044738\n|switch|p1a: want the smoke|Coalossal, F|100\/100\n|move|p2a: hey check this out|Mortal Spin|p1a: want the smoke\n|-resisted|p1a: want the smoke\n|-damage|p1a: want the smoke|99\/100\n|-status|p1a: want the smoke|psn\n|-status|p2a: hey check this out|brn|[from] ability: Flame Body|[of] p1a: want the smoke\n|-sideend|p2: SkillzBP|Stealth Rock|[from] move: Mortal Spin|[of] p2a: hey check this out\n|\n|-damage|p1a: want the smoke|86\/100 psn|[from] psn\n|-damage|p2a: hey check this out|26\/100 brn|[from] brn\n|upkeep\n|turn|3\n|\n|t:|1699044754\n|move|p2a: hey check this out|Power Gem|p1a: want the smoke\n|-supereffective|p1a: want the smoke\n|-damage|p1a: want the smoke|9\/100 psn\n|move|p1a: want the smoke|Body Press|p2a: hey check this out\n|-damage|p2a: hey check this out|0 fnt\n|-activate|p2a: hey check this out|ability: Toxic Debris\n|-sidestart|p1: notastalecookie|move: Toxic Spikes\n|faint|p2a: hey check this out\n|\n|-damage|p1a: want the smoke|0 fnt|[from] psn\n|faint|p1a: want the smoke\n|upkeep\n|c|\u2606notastalecookie|that did a bit more than i expected xd\n|inactive|notastalecookie has 210 seconds left.\n|c| IncandescentCandle|glimm has like 135 spa\n|c| IncandescentCandle|never forget\n|\n|t:|1699044789\n|switch|p2a: Terrain Up?|Rillaboom, M|100\/100\n|switch|p1a: shine|Glimmora, F|100\/100\n|-damage|p1a: shine|88\/100|[from] Stealth Rock\n|-item|p1a: shine|Air Balloon\n|-fieldstart|move: Grassy Terrain|[from] ability: Grassy Surge|[of] p2a: Terrain Up?\n|turn|4\n|\n|t:|1699044801\n|move|p1a: shine|Sludge Wave|p2a: Terrain Up?\n|-supereffective|p2a: Terrain Up?\n|-damage|p2a: Terrain Up?|0 fnt\n|faint|p2a: Terrain Up?\n|\n|upkeep\n|c|\u2606notastalecookie|looks like you forgot\n|inactive|SkillzBP has 270 seconds left.\n|c|\u2606SkillzBP|i certainly did\n|j| Moonz_e\n|c|\u2606SkillzBP|deadass was NOT paying attention \ud83d\udc80\n|inactive|SkillzBP has 240 seconds left.\n|\n|t:|1699044842\n|switch|p2a: Joel|Gholdengo|100\/100\n|turn|5\n|inactive|notastalecookie has 210 seconds left.\n|inactive|SkillzBP has 240 seconds left.\n|\n|t:|1699044859\n|move|p2a: Joel|Make It Rain|p1a: shine\n|-supereffective|p1a: shine\n|-damage|p1a: shine|0 fnt\n|-unboost|p2a: Joel|spa|1\n|-enditem|p1a: shine|Air Balloon\n|faint|p1a: shine\n|\n|upkeep\n|c|\u2606notastalecookie|scarf is uh scary\n|\n|t:|1699044873\n|switch|p1a: no thoughts|Tyranitar, M|100\/100\n|-status|p1a: no thoughts|tox\n|-damage|p1a: no thoughts|88\/100 tox|[from] Stealth Rock\n|-weather|Sandstorm|[from] ability: Sand Stream|[of] p1a: no thoughts\n|turn|6\n|inactive|SkillzBP has 240 seconds left.\n|\n|t:|1699044891\n|move|p2a: Joel|Make It Rain|p1a: no thoughts\n|-supereffective|p1a: no thoughts\n|-damage|p1a: no thoughts|39\/100 tox\n|-unboost|p2a: Joel|spa|1\n|move|p1a: no thoughts|Stone Edge|p2a: Joel\n|-resisted|p2a: Joel\n|-damage|p2a: Joel|71\/100\n|\n|-weather|Sandstorm|[upkeep]\n|-heal|p2a: Joel|77\/100|[from] Grassy Terrain\n|-heal|p1a: no thoughts|45\/100 tox|[from] Grassy Terrain\n|-heal|p1a: no thoughts|51\/100 tox|[from] item: Leftovers\n|-damage|p1a: no thoughts|45\/100 tox|[from] psn\n|upkeep\n|turn|7\n|c| Moonz_e|I don't know whom to cheer\n|c| Moonz_e|My heart says Nota\n|inactive|SkillzBP has 240 seconds left.\n|c| Moonz_e|But my Brain says Skillz\n|\n|t:|1699044906\n|move|p2a: Joel|Make It Rain|p1a: no thoughts\n|-supereffective|p1a: no thoughts\n|-damage|p1a: no thoughts|4\/100 tox\n|-unboost|p2a: Joel|spa|1\n|move|p1a: no thoughts|Knock Off|p2a: Joel\n|-supereffective|p2a: Joel\n|-damage|p2a: Joel|0 fnt\n|-enditem|p2a: Joel|Choice Scarf|[from] move: Knock Off|[of] p1a: no thoughts\n|faint|p2a: Joel\n|\n|-weather|Sandstorm|[upkeep]\n|-heal|p1a: no thoughts|10\/100 tox|[from] Grassy Terrain\n|-heal|p1a: no thoughts|16\/100 tox|[from] item: Leftovers\n|-damage|p1a: no thoughts|4\/100 tox|[from] psn\n|upkeep\n|inactive|SkillzBP has 240 seconds left.\n|c| Moonz_e|Cause the only path to victory is Swaggy beating Nota in Loser's\n|\n|t:|1699044920\n|switch|p2a: U know the vibes\ud83d\udd25|Sneasler, F|100\/100\n|-enditem|p2a: U know the vibes\ud83d\udd25|Grassy Seed\n|-boost|p2a: U know the vibes\ud83d\udd25|def|1|[from] item: Grassy Seed\n|turn|8\n|c|\u2606notastalecookie|except im also playing so bad\n|inactive|SkillzBP has 240 seconds left.\n|\n|t:|1699044929\n|switch|p1a: kevin|Kleavor, F|100\/100\n|-status|p1a: kevin|tox\n|-damage|p1a: kevin|76\/100 tox|[from] Stealth Rock\n|move|p2a: U know the vibes\ud83d\udd25|Acrobatics|p1a: kevin\n|-damage|p1a: kevin|23\/100 tox\n|\n|-weather|Sandstorm|[upkeep]\n|-damage|p2a: U know the vibes\ud83d\udd25|95\/100|[from] Sandstorm\n|-heal|p2a: U know the vibes\ud83d\udd25|100\/100|[from] Grassy Terrain\n|-heal|p1a: kevin|29\/100 tox|[from] Grassy Terrain\n|-damage|p1a: kevin|23\/100 tox|[from] psn\n|-fieldend|move: Grassy Terrain\n|upkeep\n|turn|9\n|inactive|SkillzBP has 240 seconds left.\n|inactive|notastalecookie has 210 seconds left.\n|c| ArcticIzagi|ttar's the guy\n|\n|t:|1699044953\n|move|p2a: U know the vibes\ud83d\udd25|Acrobatics|p1a: kevin\n|-damage|p1a: kevin|0 fnt\n|faint|p1a: kevin\n|\n|-weather|Sandstorm|[upkeep]\n|-damage|p2a: U know the vibes\ud83d\udd25|95\/100|[from] Sandstorm\n|upkeep\n|\n|t:|1699044962\n|switch|p1a: bonk|Ogerpon-Cornerstone, F|100\/100\n|-status|p1a: bonk|tox\n|-damage|p1a: bonk|88\/100 tox|[from] Stealth Rock\n|turn|10\n|c| Moonz_e|Ogerpon sweep trust\n|inactive|notastalecookie has 210 seconds left.\n|inactive|SkillzBP has 240 seconds left.\n|c|\u2606notastalecookie|not w rocks xd\n|\n|t:|1699044980\n|-terastallize|p1a: bonk|Rock\n|detailschange|p1a: bonk|Ogerpon-Cornerstone-Tera, F, tera:Rock\n|-ability|p1a: bonk|Embody Aspect (Cornerstone)|boost\n|-boost|p1a: bonk|def|1\n|move|p2a: U know the vibes\ud83d\udd25|Close Combat|p1a: bonk\n|-supereffective|p1a: bonk\n|-damage|p1a: bonk|0 fnt\n|-unboost|p2a: U know the vibes\ud83d\udd25|def|1\n|-unboost|p2a: U know the vibes\ud83d\udd25|spd|1\n|faint|p1a: bonk\n|\n|-weather|none\n|upkeep\n|\n|t:|1699044987\n|switch|p1a: no thoughts|Tyranitar, M|4\/100 tox\n|-damage|p1a: no thoughts|0 fnt|[from] Stealth Rock\n|faint|p1a: no thoughts\n|\n|t:|1699044989\n|switch|p1a: schpeed|Lycanroc, M|100\/100\n|-status|p1a: schpeed|tox\n|-damage|p1a: schpeed|88\/100 tox|[from] Stealth Rock\n|turn|11\n|\n|t:|1699044993\n|move|p2a: U know the vibes\ud83d\udd25|Close Combat|p1a: schpeed\n|-supereffective|p1a: schpeed\n|-damage|p1a: schpeed|0 fnt\n|-unboost|p2a: U know the vibes\ud83d\udd25|def|1\n|-unboost|p2a: U know the vibes\ud83d\udd25|spd|1\n|faint|p1a: schpeed\n|\n|win|SkillzBP\n|c|\u2606SkillzBP|gg\n|l| ArcticIzagi\n|c|\u2606notastalecookie|gg\n|l| Moonz_e\n|l| Astro Rifk\n|l| Bug Maniac Swaggy\n|l| Destinum\n|j| Destinum\n|l| Destinum\n|l|\u2606notastalecookie\n|l|\u2606SkillzBP\n|l| IncandescentCandle\n|j| IncandescentCandle\n","uploadtime":1699045005,"views":15,"p1id":"notastalecookie","p2id":"skillzbp","formatid":"gen9nationaldexubers","rating":0,"private":0,"password":""}