{"id":"gen9nationaldexubers-1994055701","p1":"jgj fejhy","p2":"COMBAT-MODE\ufe0f\u26a0\ufe0f","format":"[Gen 9] National Dex Ubers","log":"|j|\u2606jgj fejhy\n|j|\u2606COMBAT-MODE\ufe0f\u26a0\ufe0f\n|t:|1700400771\n|gametype|singles\n|player|p1|jgj fejhy|266|1076\n|player|p2|COMBAT-MODE\ufe0f\u26a0\ufe0f|battlegirl-gen6|1096\n|teamsize|p1|4\n|teamsize|p2|6\n|gen|9\n|tier|[Gen 9] National Dex Ubers\n|rated|\n|rule|HP Percentage Mod: HP is shown in percentages\n|rule|Endless Battle Clause: Forcing endless battles is banned\n|rule|OHKO Clause: OHKO moves are banned\n|rule|Evasion Moves Clause: Evasion moves are banned\n|rule|Evasion Items Clause: Evasion items are banned\n|rule|Species Clause: Limit one of each Pok\u00e9mon\n|rule|Sleep Clause Mod: Limit one foe put to sleep\n|rule|Mega Rayquaza Clause: You cannot mega evolve Rayquaza\n|clearpoke\n|poke|p1|Salamence, F|\n|poke|p1|Primarina, F|\n|poke|p1|Magnezone|\n|poke|p1|Grimmsnarl, M|\n|poke|p2|Conkeldurr, M|\n|poke|p2|Hawlucha, M|\n|poke|p2|Annihilape, M|\n|poke|p2|Pheromosa|\n|poke|p2|Zamazenta-*|\n|poke|p2|Arceus-Fighting|\n|teampreview\n|\n|t:|1700400789\n|start\n|switch|p1a: Magnezone|Magnezone|100\/100\n|switch|p2a: \ud83d\udca2HAWLUCHA\ud83d\udca2\ud83d\ude20\ud83d\udc4a|Hawlucha, M, shiny|100\/100\n|turn|1\n|\n|t:|1700400802\n|switch|p1a: Salamence|Salamence, F|100\/100\n|-ability|p1a: Salamence|Intimidate|boost\n|-unboost|p2a: \ud83d\udca2HAWLUCHA\ud83d\udca2\ud83d\ude20\ud83d\udc4a|atk|1\n|move|p2a: \ud83d\udca2HAWLUCHA\ud83d\udca2\ud83d\ude20\ud83d\udc4a|Swords Dance|p2a: \ud83d\udca2HAWLUCHA\ud83d\udca2\ud83d\ude20\ud83d\udc4a\n|-boost|p2a: \ud83d\udca2HAWLUCHA\ud83d\udca2\ud83d\ude20\ud83d\udc4a|atk|2\n|\n|upkeep\n|turn|2\n|\n|t:|1700400811\n|detailschange|p1a: Salamence|Salamence-Mega, F\n|-mega|p1a: Salamence|Salamence|Salamencite\n|move|p1a: Salamence|Double-Edge|p2a: \ud83d\udca2HAWLUCHA\ud83d\udca2\ud83d\ude20\ud83d\udc4a\n|-supereffective|p2a: \ud83d\udca2HAWLUCHA\ud83d\udca2\ud83d\ude20\ud83d\udc4a\n|-enditem|p2a: \ud83d\udca2HAWLUCHA\ud83d\udca2\ud83d\ude20\ud83d\udc4a|Focus Sash\n|-damage|p2a: \ud83d\udca2HAWLUCHA\ud83d\udca2\ud83d\ude20\ud83d\udc4a|1\/100\n|-damage|p1a: Salamence|71\/100|[from] Recoil\n|move|p2a: \ud83d\udca2HAWLUCHA\ud83d\udca2\ud83d\ude20\ud83d\udc4a|Swords Dance|p2a: \ud83d\udca2HAWLUCHA\ud83d\udca2\ud83d\ude20\ud83d\udc4a\n|-boost|p2a: \ud83d\udca2HAWLUCHA\ud83d\udca2\ud83d\ude20\ud83d\udc4a|atk|2\n|\n|upkeep\n|turn|3\n|\n|t:|1700400825\n|-terastallize|p2a: \ud83d\udca2HAWLUCHA\ud83d\udca2\ud83d\ude20\ud83d\udc4a|Fighting\n|move|p2a: \ud83d\udca2HAWLUCHA\ud83d\udca2\ud83d\ude20\ud83d\udc4a|Close Combat|p1a: Salamence\n|-resisted|p1a: Salamence\n|-damage|p1a: Salamence|4\/100\n|-unboost|p2a: \ud83d\udca2HAWLUCHA\ud83d\udca2\ud83d\ude20\ud83d\udc4a|def|1\n|-unboost|p2a: \ud83d\udca2HAWLUCHA\ud83d\udca2\ud83d\ude20\ud83d\udc4a|spd|1\n|move|p1a: Salamence|Double-Edge|p2a: \ud83d\udca2HAWLUCHA\ud83d\udca2\ud83d\ude20\ud83d\udc4a\n|-supereffective|p2a: \ud83d\udca2HAWLUCHA\ud83d\udca2\ud83d\ude20\ud83d\udc4a\n|-damage|p2a: \ud83d\udca2HAWLUCHA\ud83d\udca2\ud83d\ude20\ud83d\udc4a|0 fnt\n|faint|p2a: \ud83d\udca2HAWLUCHA\ud83d\udca2\ud83d\ude20\ud83d\udc4a\n|-damage|p1a: Salamence|4\/100|[from] Recoil\n|\n|upkeep\n|\n|t:|1700400839\n|switch|p2a: \ud83d\udca2PHEROMOSA\ud83d\udca2\ud83d\udc4a\ud83d\ude44|Pheromosa, shiny|100\/100\n|turn|4\n|\n|t:|1700400858\n|switch|p1a: Primarina|Primarina, F|100\/100\n|move|p2a: \ud83d\udca2PHEROMOSA\ud83d\udca2\ud83d\udc4a\ud83d\ude44|Close Combat|p1a: Primarina\n|-resisted|p1a: Primarina\n|-damage|p1a: Primarina|58\/100\n|-unboost|p2a: \ud83d\udca2PHEROMOSA\ud83d\udca2\ud83d\udc4a\ud83d\ude44|def|1\n|-unboost|p2a: \ud83d\udca2PHEROMOSA\ud83d\udca2\ud83d\udc4a\ud83d\ude44|spd|1\n|\n|upkeep\n|turn|5\n|\n|t:|1700400870\n|move|p2a: \ud83d\udca2PHEROMOSA\ud83d\udca2\ud83d\udc4a\ud83d\ude44|High Jump Kick|p1a: Primarina\n|-resisted|p1a: Primarina\n|-damage|p1a: Primarina|12\/100\n|move|p1a: Primarina|Ice Beam|p2a: \ud83d\udca2PHEROMOSA\ud83d\udca2\ud83d\udc4a\ud83d\ude44\n|-damage|p2a: \ud83d\udca2PHEROMOSA\ud83d\udca2\ud83d\udc4a\ud83d\ude44|0 fnt\n|faint|p2a: \ud83d\udca2PHEROMOSA\ud83d\udca2\ud83d\udc4a\ud83d\ude44\n|\n|upkeep\n|\n|t:|1700400890\n|switch|p2a: \ud83d\udca2ANNIHILAPE\ud83d\udca2\ud83d\ude21\ud83e\udd1c|Annihilape, M, shiny|100\/100\n|turn|6\n|\n|t:|1700400909\n|switch|p1a: Grimmsnarl|Grimmsnarl, M|100\/100\n|move|p2a: \ud83d\udca2ANNIHILAPE\ud83d\udca2\ud83d\ude21\ud83e\udd1c|Power-Up Punch|p1a: Grimmsnarl\n|-damage|p1a: Grimmsnarl|81\/100\n|-boost|p2a: \ud83d\udca2ANNIHILAPE\ud83d\udca2\ud83d\ude21\ud83e\udd1c|atk|1\n|\n|upkeep\n|turn|7\n|\n|t:|1700400917\n|move|p1a: Grimmsnarl|Thunder Wave|p2a: \ud83d\udca2ANNIHILAPE\ud83d\udca2\ud83d\ude21\ud83e\udd1c\n|-status|p2a: \ud83d\udca2ANNIHILAPE\ud83d\udca2\ud83d\ude21\ud83e\udd1c|par\n|move|p2a: \ud83d\udca2ANNIHILAPE\ud83d\udca2\ud83d\ude21\ud83e\udd1c|Close Combat|p1a: Grimmsnarl\n|-damage|p1a: Grimmsnarl|0 fnt\n|-unboost|p2a: \ud83d\udca2ANNIHILAPE\ud83d\udca2\ud83d\ude21\ud83e\udd1c|def|1\n|-unboost|p2a: \ud83d\udca2ANNIHILAPE\ud83d\udca2\ud83d\ude21\ud83e\udd1c|spd|1\n|faint|p1a: Grimmsnarl\n|\n|upkeep\n|\n|t:|1700400929\n|switch|p1a: Salamence|Salamence-Mega, F|4\/100\n|turn|8\n|\n|t:|1700400937\n|move|p1a: Salamence|Double-Edge|p2a: \ud83d\udca2ANNIHILAPE\ud83d\udca2\ud83d\ude21\ud83e\udd1c\n|-supereffective|p2a: \ud83d\udca2ANNIHILAPE\ud83d\udca2\ud83d\ude21\ud83e\udd1c\n|-damage|p2a: \ud83d\udca2ANNIHILAPE\ud83d\udca2\ud83d\ude21\ud83e\udd1c|0 fnt\n|faint|p2a: \ud83d\udca2ANNIHILAPE\ud83d\udca2\ud83d\ude21\ud83e\udd1c\n|-damage|p1a: Salamence|0 fnt|[from] Recoil\n|faint|p1a: Salamence\n|\n|upkeep\n|\n|t:|1700400945\n|switch|p1a: Magnezone|Magnezone|100\/100\n|switch|p2a: \ud83d\udca2COLKELDUR\ud83d\udca2\ud83d\ude20\ud83d\udc4a|Conkeldurr, M, shiny|100\/100\n|turn|9\n|\n|t:|1700400961\n|-terastallize|p1a: Magnezone|Electric\n|move|p1a: Magnezone|Thunderbolt|p2a: \ud83d\udca2COLKELDUR\ud83d\udca2\ud83d\ude20\ud83d\udc4a\n|-damage|p2a: \ud83d\udca2COLKELDUR\ud83d\udca2\ud83d\ude20\ud83d\udc4a|30\/100\n|move|p2a: \ud83d\udca2COLKELDUR\ud83d\udca2\ud83d\ude20\ud83d\udc4a|Close Combat|p1a: Magnezone\n|-damage|p1a: Magnezone|17\/100\n|-unboost|p2a: \ud83d\udca2COLKELDUR\ud83d\udca2\ud83d\ude20\ud83d\udc4a|def|1\n|-unboost|p2a: \ud83d\udca2COLKELDUR\ud83d\udca2\ud83d\ude20\ud83d\udc4a|spd|1\n|\n|upkeep\n|turn|10\n|\n|t:|1700400975\n|move|p2a: \ud83d\udca2COLKELDUR\ud83d\udca2\ud83d\ude20\ud83d\udc4a|Mach Punch|p1a: Magnezone\n|-damage|p1a: Magnezone|0 fnt\n|faint|p1a: Magnezone\n|\n|upkeep\n|\n|t:|1700400981\n|switch|p1a: Primarina|Primarina, F|12\/100\n|turn|11\n|\n|t:|1700400988\n|move|p2a: \ud83d\udca2COLKELDUR\ud83d\udca2\ud83d\ude20\ud83d\udc4a|Mach Punch|p1a: Primarina\n|-resisted|p1a: Primarina\n|-damage|p1a: Primarina|0 fnt\n|faint|p1a: Primarina\n|\n|win|COMBAT-MODE\ufe0f\u26a0\ufe0f\n|raw|jgj fejhy's rating: 1076 &rarr; <strong>1056<\/strong><br \/>(-20 for losing)\n|raw|COMBAT-MODE\ufe0f\u26a0\ufe0f's rating: 1096 &rarr; <strong>1120<\/strong><br \/>(+24 for winning)\n|l|\u2606jgj fejhy\n","uploadtime":1700401114,"views":4,"p1id":"jgjfejhy","p2id":"combatmode","formatid":"gen9nationaldexubers","rating":1056,"private":0,"password":""}