{"id":"gen9nationaldexubers-1987901401","p1":"komikemleu","p2":"JustMonika_CARR","format":"[Gen 9] National Dex Ubers","log":"|j|\u2606komikemleu\n|j|\u2606JustMonika_CARR\n|t:|1699647405\n|gametype|singles\n|player|p1|komikemleu|170|1448\n|player|p2|JustMonika_CARR|rosa|1477\n|teamsize|p1|6\n|teamsize|p2|6\n|gen|9\n|tier|[Gen 9] National Dex Ubers\n|rated|\n|rule|HP Percentage Mod: HP is shown in percentages\n|rule|Endless Battle Clause: Forcing endless battles is banned\n|rule|OHKO Clause: OHKO moves are banned\n|rule|Evasion Moves Clause: Evasion moves are banned\n|rule|Evasion Items Clause: Evasion items are banned\n|rule|Species Clause: Limit one of each Pok\u00e9mon\n|rule|Sleep Clause Mod: Limit one foe put to sleep\n|rule|Mega Rayquaza Clause: You cannot mega evolve Rayquaza\n|clearpoke\n|poke|p1|Slowbro, F|\n|poke|p1|Magearna|\n|poke|p1|Calyrex-Ice|\n|poke|p1|Mawile, M|\n|poke|p1|Ursaluna, F|\n|poke|p1|Enamorus-Therian, F|\n|poke|p2|Marshadow|\n|poke|p2|Lopunny, F|\n|poke|p2|Dialga|\n|poke|p2|Forretress, F|\n|poke|p2|Pheromosa|\n|poke|p2|Grimmsnarl, M|\n|teampreview\n|\n|t:|1699647410\n|start\n|switch|p1a: Slowbro|Slowbro, F|100\/100\n|switch|p2a: Forretress|Forretress, F, shiny|100\/100\n|turn|1\n|c|\u2606JustMonika_CARR|Glhf\n|\n|t:|1699647420\n|move|p2a: Forretress|Toxic Spikes|p1a: Slowbro\n|-sidestart|p1: komikemleu|move: Toxic Spikes\n|move|p1a: Slowbro|Trick Room|p1a: Slowbro\n|-fieldstart|move: Trick Room|[of] p1a: Slowbro\n|\n|upkeep\n|turn|2\n|\n|t:|1699647427\n|move|p1a: Slowbro|Scald|p2a: Forretress\n|-damage|p2a: Forretress|62\/100\n|-status|p2a: Forretress|brn\n|-enditem|p2a: Forretress|Red Card|[of] p1a: Slowbro\n|drag|p1a: Magearna|Magearna|100\/100\n|move|p2a: Forretress|Toxic Spikes|p1a: Magearna\n|-sidestart|p1: komikemleu|move: Toxic Spikes\n|\n|-damage|p2a: Forretress|56\/100 brn|[from] brn\n|upkeep\n|turn|3\n|\n|t:|1699647438\n|move|p2a: Forretress|Stealth Rock|p1a: Magearna\n|-sidestart|p1: komikemleu|move: Stealth Rock\n|move|p1a: Magearna|Fleur Cannon|p2a: Forretress\n|-resisted|p2a: Forretress\n|-damage|p2a: Forretress|18\/100 brn\n|-unboost|p1a: Magearna|spa|2\n|\n|-damage|p2a: Forretress|12\/100 brn|[from] brn\n|upkeep\n|turn|4\n|\n|t:|1699647448\n|move|p2a: Forretress|Rapid Spin|p1a: Magearna\n|-resisted|p1a: Magearna\n|-damage|p1a: Magearna|99\/100\n|-boost|p2a: Forretress|spe|1\n|move|p1a: Magearna|Fleur Cannon|p2a: Forretress\n|-resisted|p2a: Forretress\n|-damage|p2a: Forretress|0 fnt\n|-unboost|p1a: Magearna|spa|2\n|faint|p2a: Forretress\n|-ability|p1a: Magearna|Soul-Heart|boost\n|-boost|p1a: Magearna|spa|1\n|\n|upkeep\n|\n|t:|1699647466\n|switch|p2a: Lopunny|Lopunny, F, shiny|100\/100\n|turn|5\n|\n|t:|1699647480\n|switch|p1a: Slowbro|Slowbro, F|100\/100\n|-status|p1a: Slowbro|tox\n|-damage|p1a: Slowbro|88\/100 tox|[from] Stealth Rock\n|detailschange|p2a: Lopunny|Lopunny-Mega, F, shiny\n|-mega|p2a: Lopunny|Lopunny|Lopunnite\n|move|p2a: Lopunny|Fake Out|p1a: Slowbro\n|-crit|p1a: Slowbro\n|-damage|p1a: Slowbro|69\/100 tox\n|\n|-damage|p1a: Slowbro|63\/100 tox|[from] psn\n|-fieldend|move: Trick Room\n|upkeep\n|turn|6\n|\n|t:|1699647493\n|switch|p2a: Grimmsnarl|Grimmsnarl, M, shiny|100\/100\n|move|p1a: Slowbro|Trick Room|p1a: Slowbro\n|-fieldstart|move: Trick Room|[of] p1a: Slowbro\n|\n|-damage|p1a: Slowbro|51\/100 tox|[from] psn\n|upkeep\n|turn|7\n|\n|t:|1699647501\n|move|p2a: Grimmsnarl|Spirit Break|p1a: Slowbro\n|-damage|p1a: Slowbro|32\/100 tox\n|-unboost|p1a: Slowbro|spa|1\n|move|p1a: Slowbro|Teleport|p1a: Slowbro\n|\n|t:|1699647507\n|switch|p1a: Mawile|Mawile, M|100\/100|[from] Teleport\n|-damage|p1a: Mawile|95\/100|[from] Stealth Rock\n|\n|upkeep\n|turn|8\n|\n|t:|1699647515\n|detailschange|p1a: Mawile|Mawile-Mega, M\n|-mega|p1a: Mawile|Mawile|Mawilite\n|move|p2a: Grimmsnarl|Reflect|p2a: Grimmsnarl\n|-sidestart|p2: JustMonika_CARR|Reflect\n|move|p1a: Mawile|Swords Dance|p1a: Mawile\n|-boost|p1a: Mawile|atk|2\n|\n|upkeep\n|turn|9\n|inactive|Battle timer is ON: inactive players will automatically lose when time's up. (requested by komikemleu)\n|\n|t:|1699647531\n|move|p1a: Mawile|Play Rough|p2a: Grimmsnarl\n|-supereffective|p2a: Grimmsnarl\n|-damage|p2a: Grimmsnarl|0 fnt\n|faint|p2a: Grimmsnarl\n|\n|upkeep\n|\n|t:|1699647538\n|switch|p2a: Marshadow|Marshadow|100\/100\n|turn|10\n|\n|t:|1699647548\n|switch|p1a: Slowbro|Slowbro, F|32\/100 tox\n|-damage|p1a: Slowbro|20\/100 tox|[from] Stealth Rock\n|move|p2a: Marshadow|Spectral Thief|p1a: Slowbro\n|-supereffective|p1a: Slowbro\n|-damage|p1a: Slowbro|0 fnt\n|faint|p1a: Slowbro\n|\n|-fieldend|move: Trick Room\n|upkeep\n|\n|t:|1699647555\n|switch|p1a: Magearna|Magearna|99\/100\n|-damage|p1a: Magearna|93\/100|[from] Stealth Rock\n|turn|11\n|\n|t:|1699647569\n|move|p2a: Marshadow|Drain Punch|p1a: Magearna\n|-damage|p1a: Magearna|69\/100\n|move|p1a: Magearna|Trick Room|p1a: Magearna\n|-fieldstart|move: Trick Room|[of] p1a: Magearna\n|\n|upkeep\n|turn|12\n|\n|t:|1699647579\n|move|p1a: Magearna|Calm Mind|p1a: Magearna\n|-boost|p1a: Magearna|spa|1\n|-boost|p1a: Magearna|spd|1\n|move|p2a: Marshadow|Spectral Thief||[still]\n|-clearpositiveboost|p1a: Magearna|p2a: Marshadow|move: Spectral Thief\n|-boost|p2a: Marshadow|spa|1\n|-boost|p2a: Marshadow|spd|1\n|-anim|p2a: Marshadow|Spectral Thief|p1a: Magearna\n|-damage|p1a: Magearna|40\/100\n|\n|-sideend|p2: JustMonika_CARR|Reflect\n|upkeep\n|turn|13\n|\n|t:|1699647593\n|move|p1a: Magearna|Fleur Cannon|p2a: Marshadow\n|-supereffective|p2a: Marshadow\n|-damage|p2a: Marshadow|16\/100\n|-unboost|p1a: Magearna|spa|2\n|move|p2a: Marshadow|Spectral Thief|p1a: Magearna\n|-damage|p1a: Magearna|12\/100\n|\n|upkeep\n|turn|14\n|\n|t:|1699647603\n|move|p2a: Marshadow|Shadow Sneak|p1a: Magearna\n|-damage|p1a: Magearna|0 fnt\n|faint|p1a: Magearna\n|\n|upkeep\n|\n|t:|1699647610\n|switch|p1a: Mawile|Mawile-Mega, M|95\/100\n|-damage|p1a: Mawile|89\/100|[from] Stealth Rock\n|turn|15\n|\n|t:|1699647615\n|move|p2a: Marshadow|Shadow Sneak|p1a: Mawile\n|-damage|p1a: Mawile|62\/100\n|move|p1a: Mawile|Thunder Punch|p2a: Marshadow\n|-damage|p2a: Marshadow|0 fnt\n|faint|p2a: Marshadow\n|\n|-fieldend|move: Trick Room\n|upkeep\n|\n|t:|1699647627\n|switch|p2a: Dialga|Dialga, shiny|100\/100\n|-ability|p2a: Dialga|Pressure\n|turn|16\n|\n|t:|1699647634\n|move|p2a: Dialga|Overheat|p1a: Mawile\n|-supereffective|p1a: Mawile\n|-damage|p1a: Mawile|0 fnt\n|-unboost|p2a: Dialga|spa|2\n|faint|p1a: Mawile\n|\n|upkeep\n|\n|t:|1699647638\n|switch|p1a: Enamorus|Enamorus-Therian, F|100\/100\n|-damage|p1a: Enamorus|75\/100|[from] Stealth Rock\n|turn|17\n|\n|t:|1699647645\n|move|p2a: Dialga|Overheat|p1a: Enamorus\n|-damage|p1a: Enamorus|49\/100\n|-unboost|p2a: Dialga|spa|2\n|move|p1a: Enamorus|Moonblast|p2a: Dialga\n|-damage|p2a: Dialga|32\/100\n|-damage|p1a: Enamorus|39\/100|[from] item: Life Orb\n|\n|upkeep\n|turn|18\n|\n|t:|1699647655\n|move|p2a: Dialga|Overheat|p1a: Enamorus\n|-damage|p1a: Enamorus|22\/100\n|-unboost|p2a: Dialga|spa|2\n|move|p1a: Enamorus|Mystical Fire|p2a: Dialga\n|-damage|p2a: Dialga|0 fnt\n|faint|p2a: Dialga\n|-damage|p1a: Enamorus|12\/100|[from] item: Life Orb\n|\n|upkeep\n|\n|t:|1699647666\n|switch|p2a: Pheromosa|Pheromosa, shiny|100\/100\n|turn|19\n|\n|t:|1699647671\n|move|p2a: Pheromosa|Rapid Spin|p1a: Enamorus\n|-damage|p1a: Enamorus|0 fnt\n|-boost|p2a: Pheromosa|spe|1\n|faint|p1a: Enamorus\n|-ability|p2a: Pheromosa|Beast Boost|boost\n|-boost|p2a: Pheromosa|spa|1\n|\n|upkeep\n|\n|t:|1699647675\n|switch|p1a: Calyrex|Calyrex-Ice|100\/100\n|-ability|p1a: Calyrex|As One\n|-ability|p1a: Calyrex|Unnerve\n|-status|p1a: Calyrex|tox\n|-damage|p1a: Calyrex|76\/100 tox|[from] Stealth Rock\n|turn|20\n|\n|t:|1699647686\n|move|p2a: Pheromosa|Bug Buzz|p1a: Calyrex\n|-supereffective|p1a: Calyrex\n|-crit|p1a: Calyrex\n|-damage|p1a: Calyrex|0 fnt\n|faint|p1a: Calyrex\n|-ability|p2a: Pheromosa|Beast Boost|boost\n|-boost|p2a: Pheromosa|spa|1\n|\n|upkeep\n|\n|t:|1699647689\n|switch|p1a: Ursaluna|Ursaluna, F|100\/100\n|-status|p1a: Ursaluna|tox\n|-damage|p1a: Ursaluna|94\/100 tox|[from] Stealth Rock\n|turn|21\n|c|\u2606JustMonika_CARR|Gg\n|\n|t:|1699647702\n|-terastallize|p1a: Ursaluna|Ghost\n|move|p2a: Pheromosa|Ice Beam|p1a: Ursaluna\n|-damage|p1a: Ursaluna|29\/100 tox\n|move|p1a: Ursaluna|Facade|p2a: Pheromosa\n|-enditem|p2a: Pheromosa|Focus Sash\n|-damage|p2a: Pheromosa|1\/100\n|\n|-damage|p1a: Ursaluna|23\/100 tox|[from] psn\n|upkeep\n|turn|22\n|-message|komikemleu forfeited.\n|\n|win|JustMonika_CARR\n|raw|komikemleu's rating: 1448 &rarr; <strong>1430<\/strong><br \/>(-18 for losing)\n|raw|JustMonika_CARR's rating: 1477 &rarr; <strong>1495<\/strong><br \/>(+18 for winning)\n|l|\u2606komikemleu\n","uploadtime":1699647722,"views":4,"p1id":"komikemleu","p2id":"justmonikacarr","formatid":"gen9nationaldexubers","rating":1430,"private":0,"password":""}