{"id":"gen9nationaldexubers-1991344269","p1":"700club","p2":"MonkeyJosh33","format":"[Gen 9] National Dex Ubers","log":"|j|\u2606700club\n|j|\u2606MonkeyJosh33\n|t:|1700069330\n|gametype|singles\n|player|p1|700club|shadowtriad|1259\n|player|p2|MonkeyJosh33|raihan|1338\n|teamsize|p1|6\n|teamsize|p2|6\n|gen|9\n|tier|[Gen 9] National Dex Ubers\n|rated|\n|rule|HP Percentage Mod: HP is shown in percentages\n|rule|Endless Battle Clause: Forcing endless battles is banned\n|rule|OHKO Clause: OHKO moves are banned\n|rule|Evasion Moves Clause: Evasion moves are banned\n|rule|Evasion Items Clause: Evasion items are banned\n|rule|Species Clause: Limit one of each Pok\u00e9mon\n|rule|Sleep Clause Mod: Limit one foe put to sleep\n|rule|Mega Rayquaza Clause: You cannot mega evolve Rayquaza\n|clearpoke\n|poke|p1|Ogerpon-Hearthflame, F|\n|poke|p1|Ditto|\n|poke|p1|Deoxys-Speed|\n|poke|p1|Mewtwo|\n|poke|p1|Necrozma-Dusk-Mane|\n|poke|p1|Meowscarada, M|\n|poke|p2|Iron Valiant|\n|poke|p2|Groudon|\n|poke|p2|Gholdengo|\n|poke|p2|Chi-Yu|\n|poke|p2|Blastoise, F|\n|poke|p2|Marshadow|\n|teampreview\n|inactive|Battle timer is ON: inactive players will automatically lose when time's up. (requested by MonkeyJosh33)\n|c|\u2606700club|hi\n|\n|t:|1700069348\n|start\n|switch|p1a: Deoxys|Deoxys-Speed|100\/100\n|switch|p2a: Groudon|Groudon|100\/100\n|-ability|p1a: Deoxys|Pressure\n|detailschange|p2a: Groudon|Groudon-Primal\n|-primal|p2a: Groudon|Red Orb\n|-weather|DesolateLand|[from] ability: Desolate Land|[of] p2a: Groudon\n|turn|1\n|\n|t:|1700069357\n|move|p1a: Deoxys|Reflect|p1a: Deoxys\n|-sidestart|p1: 700club|Reflect\n|move|p2a: Groudon|Stealth Rock|p1a: Deoxys\n|-sidestart|p1: 700club|move: Stealth Rock\n|\n|-weather|DesolateLand|[upkeep]\n|upkeep\n|turn|2\n|\n|t:|1700069369\n|move|p1a: Deoxys|Taunt|p2a: Groudon\n|-start|p2a: Groudon|move: Taunt\n|cant|p2a: Groudon|move: Taunt|Spikes\n|\n|-weather|DesolateLand|[upkeep]\n|upkeep\n|turn|3\n|\n|t:|1700069376\n|move|p1a: Deoxys|Stealth Rock|p2a: Groudon\n|-sidestart|p2: MonkeyJosh33|move: Stealth Rock\n|move|p2a: Groudon|Dragon Tail|p1a: Deoxys\n|-damage|p1a: Deoxys|84\/100\n|drag|p1a: Meowscarada|Meowscarada, M|100\/100\n|\n|-weather|DesolateLand|[upkeep]\n|upkeep\n|turn|4\n|\n|t:|1700069402\n|move|p1a: Meowscarada|Flower Trick|p2a: Groudon\n|-crit|p2a: Groudon\n|-damage|p2a: Groudon|73\/100\n|move|p2a: Groudon|Dragon Tail|p1a: Meowscarada\n|-damage|p1a: Meowscarada|79\/100\n|drag|p1a: Deoxys|Deoxys-Speed|84\/100\n|-damage|p1a: Deoxys|71\/100|[from] Stealth Rock\n|-ability|p1a: Deoxys|Pressure\n|\n|-weather|DesolateLand|[upkeep]\n|-end|p2a: Groudon|move: Taunt\n|upkeep\n|turn|5\n|inactive|700club has 120 seconds left.\n|\n|t:|1700069424\n|move|p1a: Deoxys|Taunt|p2a: Groudon\n|-start|p2a: Groudon|move: Taunt\n|cant|p2a: Groudon|move: Taunt|Spikes\n|\n|-weather|DesolateLand|[upkeep]\n|-sideend|p1: 700club|Reflect\n|upkeep\n|turn|6\n|inactive|700club has 120 seconds left.\n|\n|t:|1700069430\n|move|p1a: Deoxys|Reflect|p1a: Deoxys\n|-sidestart|p1: 700club|Reflect\n|move|p2a: Groudon|Precipice Blades|p1a: Deoxys\n|-damage|p1a: Deoxys|15\/100\n|\n|-weather|DesolateLand|[upkeep]\n|upkeep\n|turn|7\n|\n|t:|1700069438\n|move|p1a: Deoxys|Light Screen|p1a: Deoxys\n|-sidestart|p1: 700club|move: Light Screen\n|move|p2a: Groudon|Dragon Tail|p1a: Deoxys\n|-damage|p1a: Deoxys|0 fnt\n|faint|p1a: Deoxys\n|\n|-weather|DesolateLand|[upkeep]\n|-end|p2a: Groudon|move: Taunt\n|upkeep\n|inactive|700club has 120 seconds left.\n|\n|t:|1700069451\n|switch|p1a: Necrozma|Necrozma-Dusk-Mane|100\/100\n|-damage|p1a: Necrozma|95\/100|[from] Stealth Rock\n|turn|8\n|\n|t:|1700069458\n|detailschange|p1a: Necrozma|Necrozma-Ultra\n|-burst|p1a: Necrozma|Necrozma|Ultranecrozium Z\n|move|p1a: Necrozma|Dragon Dance|p1a: Necrozma\n|-boost|p1a: Necrozma|atk|1\n|-boost|p1a: Necrozma|spe|1\n|move|p2a: Groudon|Spikes|p1a: Necrozma\n|-sidestart|p1: 700club|Spikes\n|\n|-weather|DesolateLand|[upkeep]\n|upkeep\n|turn|9\n|\n|t:|1700069465\n|move|p1a: Necrozma|Earthquake|p2a: Groudon\n|-supereffective|p2a: Groudon\n|-damage|p2a: Groudon|0 fnt\n|faint|p2a: Groudon\n|-weather|none\n|\n|upkeep\n|\n|t:|1700069472\n|switch|p2a: Blastoise|Blastoise, F|100\/100\n|-damage|p2a: Blastoise|88\/100|[from] Stealth Rock\n|turn|10\n|\n|t:|1700069483\n|-zpower|p1a: Necrozma\n|move|p1a: Necrozma|Light That Burns the Sky|p2a: Blastoise|[zeffect]\n|-damage|p2a: Blastoise|0 fnt\n|faint|p2a: Blastoise\n|\n|-sideend|p1: 700club|Reflect\n|upkeep\n|\n|t:|1700069493\n|switch|p2a: Marshadow|Marshadow|100\/100\n|-damage|p2a: Marshadow|94\/100|[from] Stealth Rock\n|turn|11\n|\n|t:|1700069496\n|-terastallize|p2a: Marshadow|Ghost\n|move|p2a: Marshadow|Shadow Sneak|p1a: Necrozma\n|-supereffective|p1a: Necrozma\n|-damage|p1a: Necrozma|12\/100\n|move|p1a: Necrozma|Photon Geyser|p2a: Marshadow\n|-damage|p2a: Marshadow|0 fnt\n|faint|p2a: Marshadow\n|\n|-sideend|p1: 700club|move: Light Screen\n|upkeep\n|-message|MonkeyJosh33 forfeited.\n|\n|win|700club\n|raw|700club's rating: 1259 &rarr; <strong>1290<\/strong><br \/>(+31 for winning)\n|raw|MonkeyJosh33's rating: 1338 &rarr; <strong>1314<\/strong><br \/>(-24 for losing)\n|l|\u2606MonkeyJosh33\n","uploadtime":1700069508,"views":9,"p1id":"700club","p2id":"monkeyjosh33","formatid":"gen9nationaldexubers","rating":1290,"private":0,"password":""}