{"id":"gen9nationaldexubers-1991616110","p1":"ninjamage13","p2":"disco 2003","format":"[Gen 9] National Dex Ubers","log":"|j|\u2606ninjamage13\n|j|\u2606disco 2003\n|t:|1700094590\n|gametype|singles\n|player|p1|ninjamage13|pokemonranger-gen6xy|\n|player|p2|disco 2003|170|\n|teamsize|p1|6\n|teamsize|p2|6\n|gen|9\n|tier|[Gen 9] National Dex Ubers\n|rule|HP Percentage Mod: HP is shown in percentages\n|rule|Endless Battle Clause: Forcing endless battles is banned\n|rule|OHKO Clause: OHKO moves are banned\n|rule|Evasion Moves Clause: Evasion moves are banned\n|rule|Evasion Items Clause: Evasion items are banned\n|rule|Species Clause: Limit one of each Pok\u00e9mon\n|rule|Sleep Clause Mod: Limit one foe put to sleep\n|rule|Mega Rayquaza Clause: You cannot mega evolve Rayquaza\n|clearpoke\n|poke|p1|Baxcalibur, M|\n|poke|p1|Sceptile, F|\n|poke|p1|Kingambit, M|\n|poke|p1|Victini|\n|poke|p1|Ursaluna-Bloodmoon, M|\n|poke|p1|Alomomola, F|\n|poke|p2|Steelix, M|\n|poke|p2|Gastrodon-East, M|\n|poke|p2|Landorus-Therian, M|\n|poke|p2|Dudunsparce-*, M|\n|poke|p2|Gliscor, F|\n|poke|p2|Garchomp, M|\n|teampreview\n|c|\u2606disco 2003|rock n roll maybe\n|c|\u2606disco 2003|no zapdos is crazy\n|c|\u2606disco 2003|now i regret\n|c|\u2606disco 2003|i mean no zap is not crazy\n|c|\u2606disco 2003|but now i regret more\n|c|\u2606ninjamage13|el ooof\n|j| Pex Hater\n|c|\u2606disco 2003|contemplating how to KICK ASSS\n|j| Serise\n|c|\u2606ninjamage13|DUDUDUDUDUDUDN\n|c| Serise|DUDUN\n|c| Serise|...sparce.\n|c| Serise|if you heard the Netflix sound you're a real one\n|c|\u2606disco 2003|he dudun\n|c|\u2606disco 2003|sparsely\n|c| Serise|he do be duduning tho\n|c| Serise|sparcely\n|c|\u2606disco 2003|on occasion, if you will\n|\n|t:|1700094703\n|start\n|switch|p1a: KILL THE MOONLIGHT|Ursaluna-Bloodmoon, M|100\/100\n|switch|p2a: Harvest Moon|Landorus-Therian, M|100\/100\n|-ability|p2a: Harvest Moon|Intimidate|boost\n|-unboost|p1a: KILL THE MOONLIGHT|atk|1\n|turn|1\n|c|\u2606disco 2003|segmented, shall we say\n|c| Serise|Harvest Moon vs KILL THE MOONLIGHT\n|c| Serise|kinda poetic\n|c|\u2606disco 2003|yo why does this claim one\n|c|\u2606ninjamage13|bc it's busted\n|c| Serise|because you don't have max spdef Rune\n|\n|t:|1700094755\n|move|p2a: Harvest Moon|U-turn|p1a: KILL THE MOONLIGHT\n|-damage|p1a: KILL THE MOONLIGHT|79\/100\n|c|\u2606disco 2003|ah\n|c|\u2606disco 2003|you know it hits rune right\n|c| Serise|oh\n|c| Serise|True\n|c|\u2606disco 2003|that shit dying\n|\n|t:|1700094778\n|switch|p2a: The Mollusk|Gastrodon-East, M|100\/100|[from] U-turn\n|-zpower|p1a: KILL THE MOONLIGHT\n|move|p1a: KILL THE MOONLIGHT|Breakneck Blitz|p2a: The Mollusk|[zeffect]\n|-damage|p2a: The Mollusk|29\/100\n|\n|upkeep\n|turn|2\n|c|\u2606disco 2003|ate\n|c|\u2606disco 2003|ate and cleaned up after itself too\n|c| Pex Hater|interesting\n|\n|t:|1700094832\n|switch|p2a: Wind of Change|Gliscor, F, shiny|100\/100\n|move|p1a: KILL THE MOONLIGHT|Blood Moon|p2a: Wind of Change\n|-damage|p2a: Wind of Change|24\/100\n|\n|-status|p2a: Wind of Change|tox|[from] item: Toxic Orb\n|upkeep\n|turn|3\n|c|\u2606disco 2003|the new animation is kinda sick btw\n|c| Serise|I can't see it the live link opened in browser\n|c|\u2606disco 2003|ignoring that tho\n|c| Serise|maybe if I switch view-\n|c| Serise|nope\n|c|\u2606disco 2003|this thing is so strong\n|\n|t:|1700094864\n|move|p2a: Wind of Change|Taunt|p1a: KILL THE MOONLIGHT\n|-start|p1a: KILL THE MOONLIGHT|move: Taunt\n|cant|p1a: KILL THE MOONLIGHT|move: Taunt|Calm Mind\n|\n|-heal|p2a: Wind of Change|37\/100 tox|[from] ability: Poison Heal\n|upkeep\n|turn|4\n|c|\u2606ninjamage13|yeah the new animation is crazy\n|\n|t:|1700094880\n|switch|p1a: BAX IN BLACK|Baxcalibur, M|100\/100\n|move|p2a: Wind of Change|Roost|p2a: Wind of Change\n|-heal|p2a: Wind of Change|87\/100 tox\n|-singleturn|p2a: Wind of Change|move: Roost\n|\n|-heal|p2a: Wind of Change|99\/100 tox|[from] ability: Poison Heal\n|upkeep\n|turn|5\n|c|\u2606ninjamage13|god\n|\n|t:|1700094906\n|switch|p2a: Dudunsparce|Dudunsparce, M|100\/100\n|move|p1a: BAX IN BLACK|Icicle Spear|p2a: Dudunsparce\n|-damage|p2a: Dudunsparce|91\/100\n|-damage|p2a: Dudunsparce|82\/100\n|-damage|p2a: Dudunsparce|72\/100\n|-damage|p2a: Dudunsparce|63\/100\n|-damage|p2a: Dudunsparce|53\/100\n|-hitcount|p2a: Dudunsparce|5\n|\n|upkeep\n|turn|6\n|c|\u2606ninjamage13|wind of change is such a good fucking song\n|c|\u2606disco 2003|SO TRUE\n|c|\u2606ninjamage13|everyone knows rock you like a hurricane\n|c|\u2606ninjamage13|but man\n|c|\u2606ninjamage13|wind of change is IMMACULATE\n|c| Pex Hater|wind of getting banned from ou\n|c|\u2606disco 2003|gliscor is a scorpion too\n|\n|t:|1700094950\n|switch|p1a: KILL THE MOONLIGHT|Ursaluna-Bloodmoon, M|79\/100\n|move|p2a: Dudunsparce|Glare|p1a: KILL THE MOONLIGHT\n|-status|p1a: KILL THE MOONLIGHT|par\n|\n|upkeep\n|turn|7\n|c|\u2606disco 2003|u know i had to do it\n|c|\u2606disco 2003|WAIT\n|c|\u2606disco 2003|I FORGOT DUDUN'S NICKNAME\n|c|\u2606ninjamage13|lightning rod use case spotted\n|c|\u2606disco 2003|NOOOOOOO\n|c| Serise|lol you just noticed?\n|c|\u2606disco 2003|ye\n|\n|t:|1700094998\n|switch|p2a: Wind of Change|Gliscor, F, shiny|99\/100 tox\n|move|p1a: KILL THE MOONLIGHT|Blood Moon|p2a: Wind of Change\n|-damage|p2a: Wind of Change|23\/100 tox\n|\n|-heal|p2a: Wind of Change|36\/100 tox|[from] ability: Poison Heal\n|upkeep\n|turn|8\n|c|\u2606disco 2003|btw i have two scorpions songs on this team\n|\n|t:|1700095056\n|switch|p1a: BAX IN BLACK|Baxcalibur, M|100\/100\n|move|p2a: Wind of Change|Spikes|p1a: BAX IN BLACK\n|-sidestart|p1: ninjamage13|Spikes\n|\n|-heal|p2a: Wind of Change|48\/100 tox|[from] ability: Poison Heal\n|upkeep\n|turn|9\n|\n|t:|1700095064\n|switch|p2a: Eye of the Storm|Steelix, M|100\/100\n|move|p1a: BAX IN BLACK|Icicle Spear|p2a: Eye of the Storm\n|-damage|p2a: Eye of the Storm|93\/100\n|-damage|p2a: Eye of the Storm|87\/100\n|-damage|p2a: Eye of the Storm|81\/100\n|-damage|p2a: Eye of the Storm|73\/100\n|-damage|p2a: Eye of the Storm|67\/100\n|-hitcount|p2a: Eye of the Storm|5\n|\n|upkeep\n|turn|10\n|c|\u2606disco 2003|this the other scorp song\n|c|\u2606ninjamage13|yurr\n|c| Serise|Oh speaking of Steelix\n|c| Serise|Guess who got a new wildcard?\n|c| Serise|I should go update that.\n|c| Pex Hater|steve licks\n|\n|t:|1700095178\n|switch|p1a: I WISH I WAS A...|Alomomola, F|100\/100\n|move|p2a: Eye of the Storm|Rest|p2a: Eye of the Storm\n|-status|p2a: Eye of the Storm|slp|[from] move: Rest\n|-heal|p2a: Eye of the Storm|100\/100 slp|[silent]\n|\n|upkeep\n|turn|11\n|j| vespyyy\n|c| Pex Hater|Don't\n|c| Pex Hater|hate\n|\n|t:|1700095193\n|switch|p2a: Harvest Moon|Landorus-Therian, M|100\/100\n|-ability|p2a: Harvest Moon|Intimidate|boost\n|-unboost|p1a: I WISH I WAS A...|atk|1\n|move|p1a: I WISH I WAS A...|Wish|p1a: I WISH I WAS A...\n|\n|upkeep\n|turn|12\n|c| Pex Hater|me\n|c| Pex Hater|i am just a fish\n|\n|t:|1700095200\n|move|p2a: Harvest Moon|U-turn|p1a: I WISH I WAS A...\n|-damage|p1a: I WISH I WAS A...|86\/100\n|\n|t:|1700095202\n|switch|p2a: The Mollusk|Gastrodon-East, M|29\/100|[from] U-turn\n|move|p1a: I WISH I WAS A...|Flip Turn|p2a: The Mollusk\n|-ability|p2a: The Mollusk|Storm Drain|boost\n|-boost|p2a: The Mollusk|spa|1\n|\n|-heal|p1a: I WISH I WAS A...|100\/100|[from] move: Wish|[wisher] I WISH I WAS A...\n|upkeep\n|turn|13\n|c| Serise|ngl Alomomola's name could've stopped at\n|c|\u2606disco 2003|what is love\n|c| Serise|\"I WISH\"\n|c| Pex Hater|what is love?\n|c| Pex Hater|the mollusk\n|c|\u2606ninjamage13|you gotta understand serise\n|c|\u2606ninjamage13|all my guys are music references\n|c| Serise|nobody understand serise\n|\n|t:|1700095238\n|switch|p1a: HOT THOUGHTS|Victini|100\/100\n|switch|p2a: Harvest Moon|Landorus-Therian, M|100\/100\n|-ability|p2a: Harvest Moon|Intimidate|boost\n|-unboost|p1a: HOT THOUGHTS|atk|1\n|\n|upkeep\n|turn|14\n|c| Serise|Wait\n|c| Serise|is that\n|\n|t:|1700095298\n|switch|p1a: I WISH I WAS A...|Alomomola, F|100\/100\n|move|p2a: Harvest Moon|Knock Off|p1a: I WISH I WAS A...\n|-damage|p1a: I WISH I WAS A...|81\/100\n|-enditem|p1a: I WISH I WAS A...|Heavy-Duty Boots|[from] move: Knock Off|[of] p2a: Harvest Moon\n|\n|upkeep\n|turn|15\n|c| Serise|boots Victini\n|c| Serise|oh I'm going to be sick\n|\n|t:|1700095310\n|switch|p2a: The Mollusk|Gastrodon-East, M|29\/100\n|switch|p1a: GET SOME FREEDOM|Sceptile, F|100\/100\n|-damage|p1a: GET SOME FREEDOM|88\/100|[from] Spikes\n|\n|upkeep\n|turn|16\n|c| Pex Hater|Boots victini\n|c|\u2606disco 2003|dam\n|c| Pex Hater|you can shorten it to\n|c|\u2606disco 2003|he got me this time\n|c| Pex Hater|booty\n|c| Pex Hater|cause it's ass\n|c| Serise|there's no y\n|c| Serise|except\n|c| Serise|y bother\n|c| Pex Hater|Booti\n|c| Serise|Bootini\n|c| Pex Hater|no\n|c| Pex Hater|just ti\n|c| Pex Hater|so you're just saying booty\n|c| vespyyy|Boots tini is cool\n|c| vespyyy|U guys are such haters\n|c|\u2606ninjamage13|fr fr\n|\n|t:|1700095398\n|switch|p2a: Eye of the Storm|Steelix, M|100\/100 slp\n|detailschange|p1a: GET SOME FREEDOM|Sceptile-Mega, F\n|-mega|p1a: GET SOME FREEDOM|Sceptile|Sceptilite\n|move|p1a: GET SOME FREEDOM|Dragon Pulse|p2a: Eye of the Storm\n|-resisted|p2a: Eye of the Storm\n|-damage|p2a: Eye of the Storm|68\/100 slp\n|\n|upkeep\n|turn|17\n|c| Serise|well\n|c| Serise|i like when my breakers do damage\n|\n|t:|1700095434\n|move|p1a: GET SOME FREEDOM|Leaf Storm|p2a: Eye of the Storm\n|-damage|p2a: Eye of the Storm|0 fnt\n|-unboost|p1a: GET SOME FREEDOM|spa|2\n|faint|p2a: Eye of the Storm\n|\n|upkeep\n|c| vespyyy|180 bp is doing damage either way\n|c|\u2606ninjamage13|yea\n|c| vespyyy|Its just a matter of how overkill v create is\n|c| Serise|Band is all the overkill you need\n|c|\u2606ninjamage13|and coverage is nice on tini\n|\n|t:|1700095486\n|switch|p2a: Harvest Moon|Landorus-Therian, M|100\/100\n|-ability|p2a: Harvest Moon|Intimidate|boost\n|-unboost|p1a: GET SOME FREEDOM|atk|1\n|turn|18\n|c|\u2606ninjamage13|I will say both bandtini and scarftini are good tho\n|c| vespyyy|Yeah they are\n|\n|t:|1700095506\n|switch|p1a: I WISH I WAS A...|Alomomola, F|100\/100\n|-damage|p1a: I WISH I WAS A...|88\/100|[from] Spikes\n|move|p2a: Harvest Moon|U-turn|p1a: I WISH I WAS A...\n|-damage|p1a: I WISH I WAS A...|75\/100\n|c| Serise|OK but hear me out\n|c| Serise|Base 100 Attack\n|c| Serise|unboosted\n|c|\u2606disco 2003|boots tini is less hardcore\n|c|\u2606disco 2003|requires less predicting which is nice\n|c|\u2606disco 2003|plus you have a whole ass alo\n|\n|t:|1700095561\n|switch|p2a: Dudunsparce|Dudunsparce, M|53\/100|[from] U-turn\n|\n|upkeep\n|turn|19\n|\n|t:|1700095582\n|move|p2a: Dudunsparce|Roost|p2a: Dudunsparce\n|-heal|p2a: Dudunsparce|100\/100\n|-singleturn|p2a: Dudunsparce|move: Roost\n|move|p1a: I WISH I WAS A...|Wish|p1a: I WISH I WAS A...\n|\n|upkeep\n|turn|20\n|c| vespyyy|180 bp makes up for base 100 atk\n|\n|t:|1700095590\n|switch|p2a: The Mollusk|Gastrodon-East, M|29\/100\n|switch|p1a: GET SOME FREEDOM|Sceptile-Mega, F|88\/100\n|-damage|p1a: GET SOME FREEDOM|76\/100|[from] Spikes\n|\n|-heal|p1a: GET SOME FREEDOM|100\/100|[from] move: Wish|[wisher] I WISH I WAS A...\n|upkeep\n|turn|21\n|\n|t:|1700095610\n|move|p1a: GET SOME FREEDOM|Dragon Pulse|p2a: The Mollusk\n|-damage|p2a: The Mollusk|0 fnt\n|faint|p2a: The Mollusk\n|\n|upkeep\n|c| Serise|it's kinda funny they designed the move just for Victini\n|\n|t:|1700095619\n|switch|p2a: Dudunsparce|Dudunsparce, M|100\/100\n|turn|22\n|c| Serise|and gave it 95% accurac\n|c| Serise|y\n|\n|t:|1700095635\n|move|p1a: GET SOME FREEDOM|Leaf Storm|p2a: Dudunsparce\n|-damage|p2a: Dudunsparce|27\/100\n|-unboost|p1a: GET SOME FREEDOM|spa|2\n|move|p2a: Dudunsparce|Boomburst|p1a: GET SOME FREEDOM\n|-crit|p1a: GET SOME FREEDOM\n|-damage|p1a: GET SOME FREEDOM|2\/100\n|\n|upkeep\n|turn|23\n|c|\u2606ninjamage13|owie\n|\n|t:|1700095678\n|switch|p2a: Wind of Change|Gliscor, F, shiny|48\/100 tox\n|move|p1a: GET SOME FREEDOM|Leaf Storm|p2a: Wind of Change\n|-crit|p2a: Wind of Change\n|-damage|p2a: Wind of Change|0 fnt\n|-unboost|p1a: GET SOME FREEDOM|spa|2\n|faint|p2a: Wind of Change\n|\n|upkeep\n|c|\u2606ninjamage13|owie\n|c|\u2606disco 2003|karmaaaaa nooo\n|c|\u2606disco 2003|question\n|c|\u2606disco 2003|do i be greedy or not\n|c|\u2606ninjamage13|hmmm\n|\n|t:|1700095762\n|switch|p2a: Dudunsparce|Dudunsparce, M|27\/100\n|turn|24\n|\n|t:|1700095794\n|switch|p1a: KILL THE MOONLIGHT|Ursaluna-Bloodmoon, M|79\/100 par\n|-damage|p1a: KILL THE MOONLIGHT|67\/100 par|[from] Spikes\n|move|p2a: Dudunsparce|Boomburst|p1a: KILL THE MOONLIGHT\n|-crit|p1a: KILL THE MOONLIGHT\n|-damage|p1a: KILL THE MOONLIGHT|0 fnt\n|faint|p1a: KILL THE MOONLIGHT\n|\n|upkeep\n|c|\u2606ninjamage13|mfer\n|c|\u2606disco 2003|bruh\n|c|\u2606disco 2003|i didnt want that to crit tbh\n|\n|t:|1700095829\n|switch|p1a: HOT THOUGHTS|Victini|100\/100\n|turn|25\n|\n|t:|1700095844\n|switch|p2a: Harvest Moon|Landorus-Therian, M|100\/100\n|-ability|p2a: Harvest Moon|Intimidate|boost\n|-unboost|p1a: HOT THOUGHTS|atk|1\n|move|p1a: HOT THOUGHTS|V-create|p2a: Harvest Moon\n|-damage|p2a: Harvest Moon|42\/100\n|-unboost|p1a: HOT THOUGHTS|spe|1\n|-unboost|p1a: HOT THOUGHTS|def|1\n|-unboost|p1a: HOT THOUGHTS|spd|1\n|\n|upkeep\n|turn|26\n|\n|t:|1700095890\n|switch|p1a: I WISH I WAS A...|Alomomola, F|100\/100\n|-damage|p1a: I WISH I WAS A...|88\/100|[from] Spikes\n|move|p2a: Harvest Moon|U-turn|p1a: I WISH I WAS A...\n|-damage|p1a: I WISH I WAS A...|73\/100\n|\n|t:|1700095895\n|switch|p2a: Dudunsparce|Dudunsparce, M|27\/100|[from] U-turn\n|\n|upkeep\n|turn|27\n|\n|t:|1700095908\n|move|p2a: Dudunsparce|Boomburst|p1a: I WISH I WAS A...\n|-damage|p1a: I WISH I WAS A...|23\/100\n|move|p1a: I WISH I WAS A...|Flip Turn|p2a: Dudunsparce\n|-damage|p2a: Dudunsparce|16\/100\n|-damage|p1a: I WISH I WAS A...|6\/100|[from] item: Rocky Helmet|[of] p2a: Dudunsparce\n|c|\u2606disco 2003|chance ball\n|\n|t:|1700095929\n|switch|p1a: HOT THOUGHTS|Victini|100\/100|[from] Flip Turn\n|\n|upkeep\n|turn|28\n|\n|t:|1700095942\n|move|p1a: HOT THOUGHTS|Energy Ball|p2a: Dudunsparce\n|-damage|p2a: Dudunsparce|0 fnt\n|faint|p2a: Dudunsparce\n|\n|upkeep\n|\n|t:|1700095947\n|switch|p2a: Harvest Moon|Landorus-Therian, M|42\/100\n|-ability|p2a: Harvest Moon|Intimidate|boost\n|-unboost|p1a: HOT THOUGHTS|atk|1\n|turn|29\n|c| Serise|...wait what\n|c| Serise|is that mixed\n|c|\u2606disco 2003|yea duh\n|c|\u2606ninjamage13|it's boots victini\n|c| Serise|omg\n|c| Serise|you gave it boots\n|c| Serise|and no u turn\n|c|\u2606ninjamage13|yeah ik feelin spicy\n|c|\u2606disco 2003|who needs uturn\n|c| Serise|I agree with no U-Turn but like\n|\n|t:|1700096001\n|switch|p2a: Maneater|Garchomp, M|100\/100\n|move|p1a: HOT THOUGHTS|Glaciate|p2a: Maneater\n|-supereffective|p2a: Maneater\n|-damage|p2a: Maneater|29\/100\n|-unboost|p2a: Maneater|spe|1\n|\n|upkeep\n|turn|30\n|c|\u2606disco 2003|just click super effective move\n|c| Serise|if there was ever a set to run it on lmao\n|c|\u2606disco 2003|FUCK\n|c| vespyyy|Just double frfr\n|c|\u2606disco 2003|fuck you ninja\n|c|\u2606ninjamage13|rahhhh\n|c| vespyyy|Kek\n|c|\u2606disco 2003|u got me\n|c|\u2606disco 2003|damn it\n|\n|t:|1700096020\n|switch|p2a: Harvest Moon|Landorus-Therian, M|42\/100\n|-ability|p2a: Harvest Moon|Intimidate|boost\n|-unboost|p1a: HOT THOUGHTS|atk|1\n|move|p1a: HOT THOUGHTS|Glaciate|p2a: Harvest Moon\n|-supereffective|p2a: Harvest Moon\n|-crit|p2a: Harvest Moon\n|-damage|p2a: Harvest Moon|0 fnt\n|faint|p2a: Harvest Moon\n|\n|upkeep\n|c|\u2606disco 2003|urghhh\n|c| Serise|crit mattered\n|c|\u2606disco 2003|this was so winnable if i got that right\n|\n|t:|1700096043\n|switch|p2a: Maneater|Garchomp, M|29\/100\n|turn|31\n|\n|t:|1700096047\n|switch|p1a: GET SOME FREEDOM|Sceptile-Mega, F|2\/100\n|-damage|p1a: GET SOME FREEDOM|0 fnt|[from] Spikes\n|faint|p1a: GET SOME FREEDOM\n|move|p2a: Maneater|Earthquake|p1: GET SOME FREEDOM|[notarget]\n|-fail|p2a: Maneater\n|\n|upkeep\n|c|\u2606disco 2003|u deserve death\n|c|\u2606ninjamage13|lmaooo\n|c|\u2606disco 2003|btw still winnable\n|c|\u2606ninjamage13|it is\n|c|\u2606disco 2003|watch me outplay your suckers\n|c|\u2606ninjamage13|that's the scary part\n|\n|t:|1700096080\n|switch|p1a: PARASITE EVE|Kingambit, M|100\/100\n|-damage|p1a: PARASITE EVE|88\/100|[from] Spikes\n|-activate|p1a: PARASITE EVE|ability: Supreme Overlord\n|-start|p1a: PARASITE EVE|fallen2|[silent]\n|turn|32\n|c|\u2606disco 2003|what was the thought process staying in there\n|c|\u2606ninjamage13|fuckitwe ball\n|c|\u2606disco 2003|so real\n|c| Serise|if he sacked Victini there\n|c|\u2606disco 2003|actually nah this is not winnable LOL\n|c| Serise|wouldn't Bax just set up\n|c|\u2606disco 2003|no i outspeed at +1\n|c|\u2606ninjamage13|^\n|c| Serise|the rare adamant Bax set\n|c|\u2606disco 2003|nvm this is over i think\n|c| Serise|loaded dice with only one multi-hit move kinda crazy tho\n|\n|t:|1700096164\n|detailschange|p2a: Maneater|Garchomp-Mega, M\n|-mega|p2a: Maneater|Garchomp|Garchompite\n|move|p1a: PARASITE EVE|Sucker Punch|p2a: Maneater\n|-damage|p2a: Maneater|0 fnt\n|faint|p2a: Maneater\n|\n|win|ninjamage13\n|c|\u2606ninjamage13|ggs\n|l| vespyyy\n|l| Serise\n|c|\u2606disco 2003|AND you stunted on me\n|c|\u2606disco 2003|btw u didnt need to sucker there\n|j| vespyyy\n|c|\u2606disco 2003|sucker actually put you in more danger of losing\n|l|\u2606disco 2003\n|l|\u2606ninjamage13\n|j| Astro Excaliburn\n|l| vespyyy\n","uploadtime":1700096174,"views":8,"p1id":"ninjamage13","p2id":"disco2003","formatid":"gen9nationaldexubers","rating":0,"private":0,"password":""}