{"id":"gen9nationaldexubers-1995748743","p1":"ata44","p2":"yerre","format":"[Gen 9] National Dex Ubers","log":"|j|\u2606ata44\n|j|\u2606yerre\n|t:|1700599516\n|gametype|singles\n|player|p1|ata44|101|1000\n|player|p2|yerre|lucas|1041\n|teamsize|p1|6\n|teamsize|p2|6\n|gen|9\n|tier|[Gen 9] National Dex Ubers\n|rated|\n|rule|HP Percentage Mod: HP is shown in percentages\n|rule|Endless Battle Clause: Forcing endless battles is banned\n|rule|OHKO Clause: OHKO moves are banned\n|rule|Evasion Moves Clause: Evasion moves are banned\n|rule|Evasion Items Clause: Evasion items are banned\n|rule|Species Clause: Limit one of each Pok\u00e9mon\n|rule|Sleep Clause Mod: Limit one foe put to sleep\n|rule|Mega Rayquaza Clause: You cannot mega evolve Rayquaza\n|clearpoke\n|poke|p1|Rabsca, M|\n|poke|p1|Pawmot, F|\n|poke|p1|Glimmora, F|\n|poke|p1|Aerodactyl, F|\n|poke|p1|Spidops, F|\n|poke|p1|Kingambit, F|\n|poke|p2|Noivern, M|\n|poke|p2|Gengar, M|\n|poke|p2|Heracross, M|\n|poke|p2|Sandslash-Alola, M|\n|poke|p2|Gastrodon-East, M|\n|poke|p2|Blaziken, M|\n|teampreview\n|\n|t:|1700599528\n|start\n|switch|p1a: Kamikaze|Glimmora, F|100\/100\n|switch|p2a: Noivern|Noivern, M|100\/100\n|turn|1\n|\n|t:|1700599535\n|switch|p2a: Gastrodon|Gastrodon-East, M|100\/100\n|move|p1a: Kamikaze|Stealth Rock|p2a: Gastrodon\n|-sidestart|p2: yerre|move: Stealth Rock\n|\n|upkeep\n|turn|2\n|\n|t:|1700599543\n|move|p1a: Kamikaze|Mortal Spin|p2a: Gastrodon\n|-resisted|p2a: Gastrodon\n|-damage|p2a: Gastrodon|97\/100\n|-status|p2a: Gastrodon|psn\n|move|p2a: Gastrodon|Earthquake|p1a: Kamikaze\n|-supereffective|p1a: Kamikaze\n|-enditem|p1a: Kamikaze|Focus Sash\n|-damage|p1a: Kamikaze|1\/100\n|-activate|p1a: Kamikaze|ability: Toxic Debris\n|-sidestart|p2: yerre|move: Toxic Spikes\n|\n|-heal|p2a: Gastrodon|100\/100 psn|[from] item: Leftovers\n|-damage|p2a: Gastrodon|88\/100 psn|[from] psn\n|upkeep\n|turn|3\n|\n|t:|1700599552\n|move|p1a: Kamikaze|Earth Power|p2a: Gastrodon\n|-damage|p2a: Gastrodon|62\/100 psn\n|move|p2a: Gastrodon|Scald|p1a: Kamikaze\n|-supereffective|p1a: Kamikaze\n|-damage|p1a: Kamikaze|0 fnt\n|faint|p1a: Kamikaze\n|\n|-heal|p2a: Gastrodon|68\/100 psn|[from] item: Leftovers\n|-damage|p2a: Gastrodon|56\/100 psn|[from] psn\n|upkeep\n|\n|t:|1700599561\n|switch|p1a: Spidops|Spidops, F|100\/100\n|turn|4\n|\n|t:|1700599565\n|move|p1a: Spidops|Sticky Web|p2a: Gastrodon\n|-sidestart|p2: yerre|move: Sticky Web\n|move|p2a: Gastrodon|Ice Beam|p1a: Spidops\n|-damage|p1a: Spidops|69\/100\n|\n|-heal|p2a: Gastrodon|62\/100 psn|[from] item: Leftovers\n|-damage|p2a: Gastrodon|50\/100 psn|[from] psn\n|upkeep\n|turn|5\n|\n|t:|1700599572\n|move|p1a: Spidops|Spikes|p2a: Gastrodon\n|-sidestart|p2: yerre|Spikes\n|move|p2a: Gastrodon|Recover|p2a: Gastrodon\n|-heal|p2a: Gastrodon|99\/100 psn\n|\n|-heal|p2a: Gastrodon|100\/100 psn|[from] item: Leftovers\n|-damage|p2a: Gastrodon|88\/100 psn|[from] psn\n|upkeep\n|turn|6\n|\n|t:|1700599581\n|switch|p2a: Noivern|Noivern, M|100\/100\n|-damage|p2a: Noivern|76\/100|[from] Stealth Rock\n|move|p1a: Spidops|Sticky Web||[still]\n|-fail|p1a: Spidops\n|\n|-heal|p2a: Noivern|82\/100|[from] item: Leftovers\n|upkeep\n|turn|7\n|\n|t:|1700599591\n|move|p2a: Noivern|Flamethrower|p1a: Spidops\n|-supereffective|p1a: Spidops\n|-damage|p1a: Spidops|7\/100\n|-enditem|p1a: Spidops|Salac Berry|[eat]\n|-boost|p1a: Spidops|spe|1|[from] item: Salac Berry\n|move|p1a: Spidops|Spikes|p2a: Noivern\n|-sidestart|p2: yerre|Spikes\n|\n|-heal|p2a: Noivern|88\/100|[from] item: Leftovers\n|upkeep\n|turn|8\n|\n|t:|1700599607\n|move|p2a: Noivern|Flamethrower|p1a: Spidops\n|-supereffective|p1a: Spidops\n|-damage|p1a: Spidops|0 fnt\n|faint|p1a: Spidops\n|\n|-heal|p2a: Noivern|94\/100|[from] item: Leftovers\n|upkeep\n|inactive|Battle timer is ON: inactive players will automatically lose when time's up. (requested by yerre)\n|\n|t:|1700599612\n|switch|p1a: Aerodactyl|Aerodactyl, F|100\/100\n|turn|9\n|\n|t:|1700599622\n|switch|p2a: Sandslash|Sandslash-Alola, M|100\/100\n|-damage|p2a: Sandslash|88\/100|[from] Stealth Rock\n|-activate|p2a: Sandslash|move: Sticky Web\n|-unboost|p2a: Sandslash|spe|1\n|-damage|p2a: Sandslash|72\/100|[from] Spikes\n|detailschange|p1a: Aerodactyl|Aerodactyl-Mega, F\n|-mega|p1a: Aerodactyl|Aerodactyl|Aerodactylite\n|move|p1a: Aerodactyl|Sandstorm|p1a: Aerodactyl\n|-weather|Sandstorm\n|\n|-weather|Sandstorm|[upkeep]\n|upkeep\n|turn|10\n|\n|t:|1700599638\n|-zpower|p2a: Sandslash\n|move|p2a: Sandslash|Subzero Slammer|p1a: Aerodactyl|[zeffect]\n|-supereffective|p1a: Aerodactyl\n|-damage|p1a: Aerodactyl|57\/100\n|move|p1a: Aerodactyl|Roar|p2a: Sandslash\n|drag|p2a: Gengar|Gengar, M|100\/100\n|-damage|p2a: Gengar|88\/100|[from] Stealth Rock\n|-sideend|p2: yerre|move: Toxic Spikes|[of] p2a: Gengar\n|-activate|p2a: Gengar|move: Sticky Web\n|-unboost|p2a: Gengar|spe|1\n|-damage|p2a: Gengar|72\/100|[from] Spikes\n|\n|-weather|Sandstorm|[upkeep]\n|-damage|p2a: Gengar|66\/100|[from] Sandstorm\n|-heal|p2a: Gengar|72\/100|[from] item: Leftovers\n|upkeep\n|turn|11\n|inactive|ata44 has 120 seconds left.\n|\n|t:|1700599675\n|move|p1a: Aerodactyl|Tailwind|p1a: Aerodactyl\n|-sidestart|p1: ata44|move: Tailwind\n|move|p2a: Gengar|Destiny Bond|p2a: Gengar\n|-singlemove|p2a: Gengar|Destiny Bond\n|\n|-weather|Sandstorm|[upkeep]\n|-damage|p2a: Gengar|66\/100|[from] Sandstorm\n|-heal|p2a: Gengar|72\/100|[from] item: Leftovers\n|upkeep\n|turn|12\n|\n|t:|1700599683\n|move|p2a: Gengar|Shadow Ball|p1a: Aerodactyl\n|-damage|p1a: Aerodactyl|29\/100\n|move|p1a: Aerodactyl|Roar|p2a: Gengar\n|drag|p2a: Heracross|Heracross, M|100\/100\n|-damage|p2a: Heracross|88\/100|[from] Stealth Rock\n|-activate|p2a: Heracross|move: Sticky Web\n|-unboost|p2a: Heracross|spe|1\n|-damage|p2a: Heracross|72\/100|[from] Spikes\n|\n|-weather|Sandstorm|[upkeep]\n|-damage|p2a: Heracross|66\/100|[from] Sandstorm\n|-heal|p2a: Heracross|72\/100|[from] item: Leftovers\n|upkeep\n|turn|13\n|inactive|ata44 has 120 seconds left.\n|\n|t:|1700599711\n|move|p1a: Aerodactyl|Frustration|p2a: Heracross\n|-damage|p2a: Heracross|29\/100\n|move|p2a: Heracross|Megahorn|p1a: Aerodactyl\n|-resisted|p1a: Aerodactyl\n|-damage|p1a: Aerodactyl|0 fnt\n|faint|p1a: Aerodactyl\n|-ability|p2a: Heracross|Moxie|boost\n|-boost|p2a: Heracross|atk|1\n|\n|-weather|none\n|-heal|p2a: Heracross|35\/100|[from] item: Leftovers\n|upkeep\n|\n|t:|1700599729\n|switch|p1a: Rabsca|Rabsca, M|100\/100\n|turn|14\n|\n|t:|1700599739\n|-terastallize|p2a: Heracross|Bug\n|move|p2a: Heracross|Aerial Ace|p1a: Rabsca\n|-supereffective|p1a: Rabsca\n|-damage|p1a: Rabsca|54\/100\n|move|p1a: Rabsca|Trick Room|p1a: Rabsca\n|-fieldstart|move: Trick Room|[of] p1a: Rabsca\n|\n|-heal|p2a: Heracross|41\/100|[from] item: Leftovers\n|-sideend|p1: ata44|move: Tailwind\n|upkeep\n|turn|15\n|\n|t:|1700599759\n|move|p1a: Rabsca|Psychic|p2a: Heracross\n|-damage|p2a: Heracross|2\/100\n|move|p2a: Heracross|Aerial Ace|p1a: Rabsca\n|-supereffective|p1a: Rabsca\n|-damage|p1a: Rabsca|4\/100\n|\n|-heal|p2a: Heracross|8\/100|[from] item: Leftovers\n|upkeep\n|turn|16\n|\n|t:|1700599784\n|move|p1a: Rabsca|Psychic|p2a: Heracross\n|-damage|p2a: Heracross|0 fnt\n|faint|p2a: Heracross\n|\n|upkeep\n|inactive|yerre has 120 seconds left.\n|\n|t:|1700599795\n|switch|p2a: Sandslash|Sandslash-Alola, M|72\/100\n|-damage|p2a: Sandslash|59\/100|[from] Stealth Rock\n|-activate|p2a: Sandslash|move: Sticky Web\n|-unboost|p2a: Sandslash|spe|1\n|-damage|p2a: Sandslash|43\/100|[from] Spikes\n|turn|17\n|\n|t:|1700599807\n|move|p1a: Rabsca|Psychic|p2a: Sandslash\n|-resisted|p2a: Sandslash\n|-damage|p2a: Sandslash|20\/100\n|move|p2a: Sandslash|Icicle Crash|p1a: Rabsca\n|-damage|p1a: Rabsca|0 fnt\n|faint|p1a: Rabsca\n|\n|upkeep\n|\n|t:|1700599812\n|switch|p1a: Pawmot|Pawmot, F|100\/100\n|turn|18\n|\n|t:|1700599822\n|move|p2a: Sandslash|Iron Head|p1a: Pawmot\n|-resisted|p1a: Pawmot\n|-damage|p1a: Pawmot|79\/100\n|cant|p1a: Pawmot|flinch\n|\n|-fieldend|move: Trick Room\n|upkeep\n|turn|19\n|\n|t:|1700599828\n|move|p1a: Pawmot|Revival Blessing|p1a: Pawmot\n|-enditem|p1a: Pawmot|Leppa Berry|[eat]\n|-activate|p1a: Pawmot|item: Leppa Berry|Revival Blessing|[consumed]\n|\n|t:|1700599831\n|-heal|p1: Rabsca|50\/100|[from] move: Revival Blessing\n|move|p2a: Sandslash|Iron Head|p1a: Pawmot\n|-resisted|p1a: Pawmot\n|-damage|p1a: Pawmot|58\/100\n|\n|upkeep\n|turn|20\n|\n|t:|1700599842\n|move|p1a: Pawmot|Body Press|p2a: Sandslash\n|-supereffective|p2a: Sandslash\n|-damage|p2a: Sandslash|0 fnt\n|faint|p2a: Sandslash\n|\n|upkeep\n|\n|t:|1700599844\n|switch|p2a: Blaziken|Blaziken, M|100\/100\n|-damage|p2a: Blaziken|88\/100|[from] Stealth Rock\n|-activate|p2a: Blaziken|move: Sticky Web\n|-unboost|p2a: Blaziken|spe|1\n|-damage|p2a: Blaziken|71\/100|[from] Spikes\n|turn|21\n|\n|t:|1700599852\n|detailschange|p2a: Blaziken|Blaziken-Mega, M\n|-mega|p2a: Blaziken|Blaziken|Blazikenite\n|move|p1a: Pawmot|Body Press|p2a: Blaziken\n|-damage|p2a: Blaziken|43\/100\n|move|p2a: Blaziken|Brave Bird|p1a: Pawmot\n|-damage|p1a: Pawmot|0 fnt\n|faint|p1a: Pawmot\n|-damage|p2a: Blaziken|23\/100|[from] Recoil\n|\n|-ability|p2a: Blaziken|Speed Boost|boost\n|-boost|p2a: Blaziken|spe|1\n|upkeep\n|\n|t:|1700599861\n|switch|p1a: Kingambit|Kingambit, F|100\/100\n|-activate|p1a: Kingambit|ability: Supreme Overlord\n|-start|p1a: Kingambit|fallen5|[silent]\n|turn|22\n|\n|t:|1700599880\n|move|p1a: Kingambit|Psycho Cut|p2a: Blaziken\n|-supereffective|p2a: Blaziken\n|-damage|p2a: Blaziken|0 fnt\n|faint|p2a: Blaziken\n|\n|upkeep\n|\n|t:|1700599884\n|switch|p2a: Gastrodon|Gastrodon-East, M|88\/100 psn\n|-damage|p2a: Gastrodon|82\/100 psn|[from] Stealth Rock\n|-activate|p2a: Gastrodon|move: Sticky Web\n|-unboost|p2a: Gastrodon|spe|1\n|-damage|p2a: Gastrodon|66\/100 psn|[from] Spikes\n|turn|23\n|\n|t:|1700599888\n|move|p1a: Kingambit|Psycho Cut|p2a: Gastrodon\n|-crit|p2a: Gastrodon\n|-damage|p2a: Gastrodon|0 fnt\n|faint|p2a: Gastrodon\n|\n|upkeep\n|\n|t:|1700599892\n|switch|p2a: Noivern|Noivern, M|94\/100\n|-damage|p2a: Noivern|70\/100|[from] Stealth Rock\n|turn|24\n|\n|t:|1700599896\n|move|p2a: Noivern|Flamethrower|p1a: Kingambit\n|-supereffective|p1a: Kingambit\n|-damage|p1a: Kingambit|52\/100\n|move|p1a: Kingambit|Psycho Cut|p2a: Noivern\n|-damage|p2a: Noivern|20\/100\n|\n|-heal|p2a: Noivern|26\/100|[from] item: Leftovers\n|upkeep\n|turn|25\n|\n|t:|1700599903\n|move|p2a: Noivern|Flamethrower|p1a: Kingambit\n|-supereffective|p1a: Kingambit\n|-damage|p1a: Kingambit|0 fnt\n|faint|p1a: Kingambit\n|-end|p1a: Kingambit|fallen5|[silent]\n|\n|-heal|p2a: Noivern|32\/100|[from] item: Leftovers\n|upkeep\n|\n|t:|1700599907\n|switch|p1a: Rabsca|Rabsca, M|50\/100\n|turn|26\n|\n|t:|1700599911\n|-terastallize|p1a: Rabsca|Psychic\n|move|p2a: Noivern|Flamethrower|p1a: Rabsca\n|-damage|p1a: Rabsca|31\/100\n|move|p1a: Rabsca|Revival Blessing|p1a: Rabsca\n|-enditem|p1a: Rabsca|Leppa Berry|[eat]\n|-activate|p1a: Rabsca|item: Leppa Berry|Revival Blessing|[consumed]\n|\n|t:|1700599919\n|-heal|p1: Pawmot|50\/100|[from] move: Revival Blessing\n|\n|-heal|p2a: Noivern|38\/100|[from] item: Leftovers\n|upkeep\n|turn|27\n|\n|t:|1700599928\n|move|p2a: Noivern|Boomburst|p1a: Rabsca\n|-damage|p1a: Rabsca|0 fnt\n|faint|p1a: Rabsca\n|\n|-heal|p2a: Noivern|44\/100|[from] item: Leftovers\n|upkeep\n|\n|t:|1700599934\n|switch|p1a: Pawmot|Pawmot, F|50\/100\n|turn|28\n|\n|t:|1700599940\n|move|p1a: Pawmot|Revival Blessing|p1a: Pawmot\n|\n|t:|1700599944\n|-heal|p1: Kingambit|50\/100|[from] move: Revival Blessing\n|move|p2a: Noivern|Hurricane|p1a: Pawmot\n|-damage|p1a: Pawmot|0 fnt\n|faint|p1a: Pawmot\n|\n|-heal|p2a: Noivern|51\/100|[from] item: Leftovers\n|upkeep\n|\n|t:|1700599950\n|switch|p1a: Kingambit|Kingambit, F|50\/100\n|-activate|p1a: Kingambit|ability: Supreme Overlord\n|-start|p1a: Kingambit|fallen5|[silent]\n|turn|29\n|\n|t:|1700599956\n|move|p1a: Kingambit|Sucker Punch|p2a: Noivern\n|-damage|p2a: Noivern|0 fnt\n|faint|p2a: Noivern\n|\n|upkeep\n|\n|t:|1700599958\n|switch|p2a: Gengar|Gengar, M|72\/100\n|-damage|p2a: Gengar|60\/100|[from] Stealth Rock\n|-activate|p2a: Gengar|move: Sticky Web\n|-unboost|p2a: Gengar|spe|1\n|-damage|p2a: Gengar|43\/100|[from] Spikes\n|turn|30\n|\n|t:|1700599964\n|move|p1a: Kingambit|Sucker Punch||[still]\n|-fail|p1a: Kingambit\n|move|p2a: Gengar|Destiny Bond|p2a: Gengar\n|-singlemove|p2a: Gengar|Destiny Bond\n|\n|-heal|p2a: Gengar|49\/100|[from] item: Leftovers\n|upkeep\n|turn|31\n|\n|t:|1700599969\n|move|p1a: Kingambit|Sucker Punch|p2a: Gengar\n|-supereffective|p2a: Gengar\n|-damage|p2a: Gengar|0 fnt\n|faint|p2a: Gengar\n|-activate|p2a: Gengar|move: Destiny Bond\n|faint|p1a: Kingambit\n|-end|p1a: Kingambit|fallen5|[silent]\n|\n|win|ata44\n|raw|ata44's rating: 1000 &rarr; <strong>1045<\/strong><br \/>(+45 for winning)\n|raw|yerre's rating: 1041 &rarr; <strong>1023<\/strong><br \/>(-18 for losing)\n|l|\u2606yerre\n","uploadtime":1700600013,"views":0,"p1id":"ata44","p2id":"yerre","formatid":"gen9nationaldexubers","rating":1023,"private":0,"password":""}