{"id":"gen9nationaldexubers-1982374555","p1":"Leaqua21","p2":"Kayoubi","format":"[Gen 9] National Dex Ubers","log":"|j|\u2606Leaqua21\n|j|\u2606Kayoubi\n|t:|1699006181\n|gametype|singles\n|player|p1|Leaqua21|170|\n|player|p2|Kayoubi|red|\n|teamsize|p1|6\n|teamsize|p2|6\n|gen|9\n|tier|[Gen 9] National Dex Ubers\n|rule|HP Percentage Mod: HP is shown in percentages\n|rule|Endless Battle Clause: Forcing endless battles is banned\n|rule|OHKO Clause: OHKO moves are banned\n|rule|Evasion Moves Clause: Evasion moves are banned\n|rule|Evasion Items Clause: Evasion items are banned\n|rule|Species Clause: Limit one of each Pok\u00e9mon\n|rule|Sleep Clause Mod: Limit one foe put to sleep\n|rule|Mega Rayquaza Clause: You cannot mega evolve Rayquaza\n|clearpoke\n|poke|p1|Ursaluna-Bloodmoon, M|\n|poke|p1|Zacian-*|\n|poke|p1|Kyogre|\n|poke|p1|Ogerpon-Hearthflame, F|\n|poke|p1|Chien-Pao|\n|poke|p1|Necrozma-Dawn-Wings|\n|poke|p2|Ho-Oh|\n|poke|p2|Ogerpon-Hearthflame, F|\n|poke|p2|Quagsire, M|\n|poke|p2|Deoxys-Attack|\n|poke|p2|Zacian-*|\n|poke|p2|Giratina-Origin|\n|teampreview\n|inactive|Battle timer is ON: inactive players will automatically lose when time's up. (requested by Kayoubi)\n|\n|t:|1699006205\n|start\n|switch|p1a: Kyogre|Kyogre|100\/100\n|switch|p2a: Quagsire|Quagsire, M, shiny|100\/100\n|detailschange|p1a: Kyogre|Kyogre-Primal\n|-primal|p1a: Kyogre|Blue Orb\n|-weather|PrimordialSea|[from] ability: Primordial Sea|[of] p1a: Kyogre\n|turn|1\n|c|\u2606Kayoubi|Gl,hf\n|\n|t:|1699006218\n|move|p1a: Kyogre|Calm Mind|p1a: Kyogre\n|-boost|p1a: Kyogre|spa|1\n|-boost|p1a: Kyogre|spd|1\n|move|p2a: Quagsire|Toxic|p1a: Kyogre\n|-status|p1a: Kyogre|tox\n|\n|-weather|PrimordialSea|[upkeep]\n|-damage|p1a: Kyogre|94\/100 tox|[from] psn\n|upkeep\n|turn|2\n|j| Pottern\n|\n|t:|1699006229\n|-weather|none\n|switch|p1a: Ogerpon|Ogerpon-Hearthflame, F|100\/100\n|-ability|p1a: Ogerpon|Mold Breaker\n|move|p2a: Quagsire|Encore||[still]\n|-fail|p2a: Quagsire\n|\n|upkeep\n|turn|3\n|c| Pottern|oups\n|c| Pottern|here I am\n|\n|t:|1699006241\n|switch|p2a: Giratina|Giratina-Origin, shiny|100\/100\n|move|p1a: Ogerpon|Horn Leech|p2a: Giratina\n|-resisted|p2a: Giratina\n|-damage|p2a: Giratina|88\/100\n|\n|upkeep\n|turn|4\n|\n|t:|1699006264\n|switch|p1a: Ursaluna|Ursaluna-Bloodmoon, M|100\/100\n|move|p2a: Giratina|Toxic|p1a: Ursaluna\n|-status|p1a: Ursaluna|tox\n|\n|-damage|p1a: Ursaluna|95\/100 tox|[from] psn\n|upkeep\n|turn|5\n|\n|t:|1699006275\n|move|p2a: Giratina|Earthquake|p1a: Ursaluna\n|-damage|p1a: Ursaluna|64\/100 tox\n|move|p1a: Ursaluna|Calm Mind|p1a: Ursaluna\n|-boost|p1a: Ursaluna|spa|1\n|-boost|p1a: Ursaluna|spd|1\n|\n|-damage|p1a: Ursaluna|52\/100 tox|[from] psn\n|upkeep\n|turn|6\n|\n|t:|1699006286\n|move|p2a: Giratina|Shadow Claw|p1a: Ursaluna\n|-immune|p1a: Ursaluna\n|move|p1a: Ursaluna|Blood Moon|p2a: Giratina\n|-damage|p2a: Giratina|0 fnt\n|faint|p2a: Giratina\n|-damage|p1a: Ursaluna|42\/100 tox|[from] item: Life Orb\n|\n|-damage|p1a: Ursaluna|24\/100 tox|[from] psn\n|upkeep\n|c| Pottern|?\n|\n|t:|1699006298\n|switch|p2a: Deoxys|Deoxys-Attack|100\/100\n|-ability|p2a: Deoxys|Pressure\n|turn|7\n|c| Pottern|Shadow claw?\n|c| Pottern|On a giratina?\n|\n|t:|1699006311\n|-terastallize|p1a: Ursaluna|Ground\n|move|p2a: Deoxys|Energy Ball|p1a: Ursaluna\n|-supereffective|p1a: Ursaluna\n|-damage|p1a: Ursaluna|0 fnt\n|faint|p1a: Ursaluna\n|\n|upkeep\n|c| Pottern|on a normal type?\n|c|\u2606Kayoubi|Stab\n|\n|t:|1699006325\n|switch|p1a: Necrozma|Necrozma-Dawn-Wings|100\/100\n|turn|8\n|c| Pottern|yeha but\n|c| Pottern|Shdow force?\n|c|\u2606Kayoubi|Forgot Normal is immune to ghost\n|c| Pottern|Polterguesit?\n|\n|t:|1699006341\n|move|p2a: Deoxys|Dark Pulse|p1a: Necrozma\n|-supereffective|p1a: Necrozma\n|-damage|p1a: Necrozma|9\/100\n|cant|p1a: Necrozma|flinch\n|\n|upkeep\n|turn|9\n|\n|t:|1699006352\n|switch|p1a: Zacian|Zacian-Crowned|100\/100\n|-ability|p1a: Zacian|Intrepid Sword|boost\n|-boost|p1a: Zacian|atk|1\n|move|p2a: Deoxys|Dark Pulse|p1a: Zacian\n|-resisted|p1a: Zacian\n|-damage|p1a: Zacian|84\/100\n|\n|upkeep\n|turn|10\n|\n|t:|1699006364\n|switch|p2a: Ho-Oh|Ho-Oh|100\/100\n|move|p1a: Zacian|Behemoth Blade|p2a: Ho-Oh\n|-resisted|p2a: Ho-Oh\n|-damage|p2a: Ho-Oh|72\/100\n|\n|-heal|p2a: Ho-Oh|78\/100|[from] item: Leftovers\n|upkeep\n|turn|11\n|\n|t:|1699006381\n|switch|p1a: Kyogre|Kyogre-Primal|94\/100 tox\n|-weather|PrimordialSea|[from] ability: Primordial Sea|[of] p1a: Kyogre\n|move|p2a: Ho-Oh|Toxic|p1a: Kyogre\n|-fail|p1a: Kyogre|tox\n|\n|-weather|PrimordialSea|[upkeep]\n|-heal|p2a: Ho-Oh|84\/100|[from] item: Leftovers\n|-damage|p1a: Kyogre|88\/100 tox|[from] psn\n|upkeep\n|turn|12\n|\n|t:|1699006396\n|switch|p2a: Quagsire|Quagsire, M, shiny|100\/100\n|move|p1a: Kyogre|Ice Beam|p2a: Quagsire\n|-damage|p2a: Quagsire|54\/100\n|\n|-weather|PrimordialSea|[upkeep]\n|-damage|p1a: Kyogre|76\/100 tox|[from] psn\n|upkeep\n|turn|13\n|\n|t:|1699006405\n|move|p1a: Kyogre|Calm Mind|p1a: Kyogre\n|-boost|p1a: Kyogre|spa|1\n|-boost|p1a: Kyogre|spd|1\n|move|p2a: Quagsire|Recover|p2a: Quagsire\n|-heal|p2a: Quagsire|100\/100\n|\n|-weather|PrimordialSea|[upkeep]\n|-damage|p1a: Kyogre|57\/100 tox|[from] psn\n|upkeep\n|turn|14\n|\n|t:|1699006414\n|move|p1a: Kyogre|Ice Beam|p2a: Quagsire\n|-damage|p2a: Quagsire|53\/100\n|move|p2a: Quagsire|Stealth Rock|p1a: Kyogre\n|-sidestart|p1: Leaqua21|move: Stealth Rock\n|\n|-weather|PrimordialSea|[upkeep]\n|-damage|p1a: Kyogre|33\/100 tox|[from] psn\n|upkeep\n|turn|15\n|\n|t:|1699006424\n|-weather|none\n|switch|p1a: Ogerpon|Ogerpon-Hearthflame, F|100\/100\n|-damage|p1a: Ogerpon|76\/100|[from] Stealth Rock\n|-ability|p1a: Ogerpon|Mold Breaker\n|move|p2a: Quagsire|Recover|p2a: Quagsire\n|-heal|p2a: Quagsire|100\/100\n|\n|upkeep\n|turn|16\n|\n|t:|1699006445\n|switch|p2a: Ho-Oh|Ho-Oh|100\/100\n|move|p1a: Ogerpon|Superpower|p2a: Ho-Oh\n|-resisted|p2a: Ho-Oh\n|-damage|p2a: Ho-Oh|86\/100\n|-unboost|p1a: Ogerpon|atk|1\n|-unboost|p1a: Ogerpon|def|1\n|\n|-heal|p2a: Ho-Oh|92\/100|[from] item: Leftovers\n|upkeep\n|turn|17\n|\n|t:|1699006463\n|switch|p1a: Chien-Pao|Chien-Pao|100\/100\n|-damage|p1a: Chien-Pao|76\/100|[from] Stealth Rock\n|-ability|p1a: Chien-Pao|Sword of Ruin\n|move|p2a: Ho-Oh|Toxic|p1a: Chien-Pao\n|-status|p1a: Chien-Pao|tox\n|\n|-heal|p2a: Ho-Oh|99\/100|[from] item: Leftovers\n|-damage|p1a: Chien-Pao|70\/100 tox|[from] psn\n|upkeep\n|turn|18\n|c| Pottern|tf?\n|\n|t:|1699006477\n|switch|p2a: Deoxys|Deoxys-Attack|100\/100\n|-ability|p2a: Deoxys|Pressure\n|move|p1a: Chien-Pao|Icicle Crash|p2a: Deoxys|[miss]\n|-miss|p1a: Chien-Pao|p2a: Deoxys\n|\n|-damage|p1a: Chien-Pao|58\/100 tox|[from] psn\n|upkeep\n|turn|19\n|inactive|Leaqua21 has 270 seconds left.\n|\n|t:|1699006493\n|move|p1a: Chien-Pao|Sucker Punch|p2a: Deoxys\n|-supereffective|p2a: Deoxys\n|-enditem|p2a: Deoxys|Focus Sash\n|-damage|p2a: Deoxys|1\/100\n|move|p2a: Deoxys|Dark Pulse|p1a: Chien-Pao\n|-resisted|p1a: Chien-Pao\n|-damage|p1a: Chien-Pao|26\/100 tox\n|\n|-damage|p1a: Chien-Pao|8\/100 tox|[from] psn\n|upkeep\n|turn|20\n|inactive|Leaqua21 has 270 seconds left.\n|\n|t:|1699006505\n|move|p2a: Deoxys|Extreme Speed|p1a: Chien-Pao\n|-damage|p1a: Chien-Pao|0 fnt\n|faint|p1a: Chien-Pao\n|\n|upkeep\n|inactive|Leaqua21 has 270 seconds left.\n|\n|t:|1699006512\n|switch|p1a: Zacian|Zacian-Crowned|84\/100\n|-damage|p1a: Zacian|78\/100|[from] Stealth Rock\n|turn|21\n|inactive|Leaqua21 has 270 seconds left.\n|c| Pottern|NOW\n|\n|t:|1699006526\n|switch|p2a: Ho-Oh|Ho-Oh|100\/100\n|move|p1a: Zacian|Play Rough|p2a: Ho-Oh\n|-resisted|p2a: Ho-Oh\n|-damage|p2a: Ho-Oh|83\/100\n|\n|-heal|p2a: Ho-Oh|89\/100|[from] item: Leftovers\n|upkeep\n|turn|22\n|c| Pottern|GIVE US WHAT WE WANT\n|c| Pottern|NOOOOO\n|inactive|Leaqua21 has 270 seconds left.\n|\n|t:|1699006538\n|switch|p1a: Kyogre|Kyogre-Primal|33\/100 tox\n|-damage|p1a: Kyogre|20\/100 tox|[from] Stealth Rock\n|-weather|PrimordialSea|[from] ability: Primordial Sea|[of] p1a: Kyogre\n|move|p2a: Ho-Oh|Toxic|p1a: Kyogre\n|-fail|p1a: Kyogre|tox\n|\n|-weather|PrimordialSea|[upkeep]\n|-heal|p2a: Ho-Oh|96\/100|[from] item: Leftovers\n|-damage|p1a: Kyogre|14\/100 tox|[from] psn\n|upkeep\n|turn|23\n|inactive|Leaqua21 has 270 seconds left.\n|\n|t:|1699006552\n|-weather|none\n|switch|p1a: Ogerpon|Ogerpon-Hearthflame, F|76\/100\n|-damage|p1a: Ogerpon|51\/100|[from] Stealth Rock\n|-ability|p1a: Ogerpon|Mold Breaker\n|switch|p2a: Quagsire|Quagsire, M, shiny|100\/100\n|\n|upkeep\n|turn|24\n|inactive|Leaqua21 has 270 seconds left.\n|\n|t:|1699006586\n|switch|p2a: Ho-Oh|Ho-Oh|100\/100\n|move|p1a: Ogerpon|Tera Blast|p2a: Ho-Oh\n|-damage|p2a: Ho-Oh|93\/100\n|\n|-heal|p2a: Ho-Oh|99\/100|[from] item: Leftovers\n|upkeep\n|turn|25\n|inactive|Leaqua21 has 240 seconds left.\n|\n|t:|1699006610\n|switch|p2a: Ogerpon|Ogerpon-Hearthflame, F|100\/100\n|-ability|p2a: Ogerpon|Mold Breaker\n|move|p1a: Ogerpon|Horn Leech|p2a: Ogerpon\n|-resisted|p2a: Ogerpon\n|-damage|p2a: Ogerpon|87\/100\n|-heal|p1a: Ogerpon|58\/100|[from] drain|[of] p2a: Ogerpon\n|\n|upkeep\n|turn|26\n|inactive|Leaqua21 has 240 seconds left.\n|\n|t:|1699006621\n|-terastallize|p2a: Ogerpon|Fire\n|detailschange|p2a: Ogerpon|Ogerpon-Hearthflame-Tera, F, tera:Fire\n|-ability|p2a: Ogerpon|Embody Aspect (Hearthflame)|boost\n|-boost|p2a: Ogerpon|atk|1\n|move|p2a: Ogerpon|Spiky Shield|p2a: Ogerpon\n|-singleturn|p2a: Ogerpon|move: Protect\n|move|p1a: Ogerpon|Ivy Cudgel|p2a: Ogerpon\n|-activate|p2a: Ogerpon|move: Protect\n|\n|upkeep\n|turn|27\n|inactive|Leaqua21 has 240 seconds left.\n|c| Pottern|spiky shield ogerponn :o\n|inactive|Kayoubi has 270 seconds left.\n|\n|t:|1699006650\n|move|p2a: Ogerpon|Ivy Cudgel|p1a: Ogerpon\n|-damage|p1a: Ogerpon|0 fnt\n|faint|p1a: Ogerpon\n|\n|upkeep\n|\n|t:|1699006655\n|switch|p1a: Kyogre|Kyogre-Primal|14\/100 tox\n|-damage|p1a: Kyogre|2\/100 tox|[from] Stealth Rock\n|-weather|PrimordialSea|[from] ability: Primordial Sea|[of] p1a: Kyogre\n|turn|28\n|\n|t:|1699006665\n|move|p2a: Ogerpon|Spiky Shield|p2a: Ogerpon\n|-singleturn|p2a: Ogerpon|move: Protect\n|move|p1a: Kyogre|Origin Pulse|p2a: Ogerpon\n|-activate|p2a: Ogerpon|move: Protect\n|\n|-weather|PrimordialSea|[upkeep]\n|-damage|p1a: Kyogre|0 fnt|[from] psn\n|faint|p1a: Kyogre\n|-weather|none\n|upkeep\n|\n|t:|1699006676\n|switch|p1a: Necrozma|Necrozma-Dawn-Wings|9\/100\n|-damage|p1a: Necrozma|0 fnt|[from] Stealth Rock\n|faint|p1a: Necrozma\n|\n|t:|1699006680\n|switch|p1a: Zacian|Zacian-Crowned|78\/100\n|-damage|p1a: Zacian|72\/100|[from] Stealth Rock\n|turn|29\n|c| Pottern|gg y'all\n|inactive|Leaqua21 has 240 seconds left.\n|\n|t:|1699006686\n|switch|p2a: Quagsire|Quagsire, M, shiny|100\/100\n|move|p1a: Zacian|Poison Jab|p2a: Quagsire\n|-resisted|p2a: Quagsire\n|-damage|p2a: Quagsire|88\/100\n|-damage|p1a: Zacian|55\/100|[from] item: Rocky Helmet|[of] p2a: Quagsire\n|\n|upkeep\n|turn|30\n|c| Pottern|poison jab zacian\n|inactive|Leaqua21 has 240 seconds left.\n|\n|t:|1699006697\n|move|p1a: Zacian|Close Combat|p2a: Quagsire\n|-damage|p2a: Quagsire|53\/100\n|-unboost|p1a: Zacian|def|1\n|-unboost|p1a: Zacian|spd|1\n|-damage|p1a: Zacian|39\/100|[from] item: Rocky Helmet|[of] p2a: Quagsire\n|move|p2a: Quagsire|Toxic|p1a: Zacian\n|-immune|p1a: Zacian\n|\n|upkeep\n|turn|31\n|c| Pottern|bro\n|\n|t:|1699006708\n|move|p1a: Zacian|Play Rough|p2a: Quagsire\n|-damage|p2a: Quagsire|14\/100\n|-damage|p1a: Zacian|22\/100|[from] item: Rocky Helmet|[of] p2a: Quagsire\n|move|p2a: Quagsire|Encore|p1a: Zacian\n|-start|p1a: Zacian|Encore\n|\n|upkeep\n|turn|32\n|\n|t:|1699006718\n|switch|p2a: Ho-Oh|Ho-Oh|100\/100\n|move|p1a: Zacian|Play Rough|p2a: Ho-Oh\n|-resisted|p2a: Ho-Oh\n|-damage|p2a: Ho-Oh|82\/100\n|-unboost|p2a: Ho-Oh|atk|1\n|\n|-heal|p2a: Ho-Oh|88\/100|[from] item: Leftovers\n|upkeep\n|turn|33\n|\n|t:|1699006728\n|move|p1a: Zacian|Play Rough|p2a: Ho-Oh|[miss]\n|-miss|p1a: Zacian|p2a: Ho-Oh\n|move|p2a: Ho-Oh|Sacred Fire|p1a: Zacian\n|-supereffective|p1a: Zacian\n|-damage|p1a: Zacian|0 fnt\n|faint|p1a: Zacian\n|\n|win|Kayoubi\n|c|\u2606Kayoubi|Gg,wp\n|c|\u2606Kayoubi|That was a fun match ngl\n|l|\u2606Kayoubi\n|l|\u2606Leaqua21\n","uploadtime":1699007345,"views":9,"p1id":"leaqua21","p2id":"kayoubi","formatid":"gen9nationaldexubers","rating":0,"private":0,"password":""}