{"id":"gen9nationaldexubers-1992951324","p1":"LunySama","p2":"Zaynzito","format":"[Gen 9] National Dex Ubers","log":"|j|\u2606LunySama\n|j|\u2606Zaynzito\n|t:|1700249678\n|gametype|singles\n|player|p1|LunySama|gloria|\n|player|p2|Zaynzito|hugh|\n|teamsize|p1|6\n|teamsize|p2|6\n|gen|9\n|tier|[Gen 9] National Dex Ubers\n|rule|HP Percentage Mod: HP is shown in percentages\n|rule|Endless Battle Clause: Forcing endless battles is banned\n|rule|OHKO Clause: OHKO moves are banned\n|rule|Evasion Moves Clause: Evasion moves are banned\n|rule|Evasion Items Clause: Evasion items are banned\n|rule|Species Clause: Limit one of each Pok\u00e9mon\n|rule|Sleep Clause Mod: Limit one foe put to sleep\n|rule|Mega Rayquaza Clause: You cannot mega evolve Rayquaza\n|clearpoke\n|poke|p1|Mudkip, L15, M|\n|poke|p1|Magnemite, L15|\n|poke|p1|Murkrow, L15, F|\n|poke|p1|Cyndaquil, L15, M|\n|poke|p1|Bagon, L15, F|\n|poke|p1|Beldum, L15|\n|poke|p2|Machop, L15, F|\n|poke|p2|Mankey, L15, M|\n|poke|p2|Makuhita, L15, M|\n|poke|p2|Stufful, L15, F|\n|poke|p2|Timburr, L15, M|\n|poke|p2|Crabrawler, L17, M|\n|teampreview\n|\n|t:|1700249695\n|start\n|switch|p1a: Silver Chariot|Beldum, L15, shiny|100\/100\n|switch|p2a: Machop|Machop, L15, F|100\/100\n|turn|1\n|\n|t:|1700249699\n|move|p2a: Machop|Earthquake|p1a: Silver Chariot\n|-supereffective|p1a: Silver Chariot\n|-damage|p1a: Silver Chariot|38\/100\n|move|p1a: Silver Chariot|Zen Headbutt|p2a: Machop\n|-supereffective|p2a: Machop\n|-crit|p2a: Machop\n|-damage|p2a: Machop|0 fnt\n|faint|p2a: Machop\n|\n|upkeep\n|\n|t:|1700249709\n|switch|p2a: Mankey|Mankey, L15, M|100\/100\n|turn|2\n|\n|t:|1700249716\n|move|p2a: Mankey|Earthquake|p1a: Silver Chariot\n|-supereffective|p1a: Silver Chariot\n|-damage|p1a: Silver Chariot|0 fnt\n|faint|p1a: Silver Chariot\n|\n|upkeep\n|\n|t:|1700249727\n|switch|p1a: Homelander|Cyndaquil, L15, M|100\/100\n|turn|3\n|\n|t:|1700249730\n|move|p1a: Homelander|Eruption|p2a: Mankey\n|-enditem|p2a: Mankey|Focus Sash\n|-damage|p2a: Mankey|3\/100\n|move|p2a: Mankey|Earthquake|p1a: Homelander\n|-supereffective|p1a: Homelander\n|-damage|p1a: Homelander|0 fnt\n|faint|p1a: Homelander\n|\n|upkeep\n|\n|t:|1700249755\n|switch|p1a: Vayne|Murkrow, L15, F|100\/100\n|turn|4\n|j| KojiOishi\n|\n|t:|1700249771\n|switch|p2a: Makuhita|Makuhita, L15, M|100\/100\n|move|p1a: Vayne|Dark Pulse|p2a: Makuhita\n|-resisted|p2a: Makuhita\n|-crit|p2a: Makuhita\n|-damage|p2a: Makuhita|44\/100\n|\n|-status|p2a: Makuhita|brn|[from] item: Flame Orb\n|upkeep\n|turn|5\n|\n|t:|1700249784\n|move|p2a: Makuhita|Fake Out|p1a: Vayne\n|-damage|p1a: Vayne|77\/100\n|cant|p1a: Vayne|flinch\n|\n|-damage|p2a: Makuhita|39\/100 brn|[from] brn\n|upkeep\n|turn|6\n|\n|t:|1700249798\n|move|p2a: Makuhita|Bullet Punch|p1a: Vayne\n|-damage|p1a: Vayne|52\/100\n|move|p1a: Vayne|Dark Pulse|p2a: Makuhita\n|-resisted|p2a: Makuhita\n|-damage|p2a: Makuhita|2\/100 brn\n|\n|-damage|p2a: Makuhita|0 fnt|[from] brn\n|faint|p2a: Makuhita\n|upkeep\n|\n|t:|1700249810\n|switch|p2a: Stufful|Stufful, L15, F|100\/100\n|turn|7\n|\n|t:|1700249817\n|move|p1a: Vayne|Hurricane|p2a: Stufful\n|-supereffective|p2a: Stufful\n|-damage|p2a: Stufful|0 fnt\n|faint|p2a: Stufful\n|\n|upkeep\n|\n|t:|1700249822\n|switch|p2a: Timburr|Timburr, L15, M|100\/100\n|turn|8\n|\n|t:|1700249832\n|move|p1a: Vayne|Hurricane|p2a: Timburr|[miss]\n|-miss|p1a: Vayne|p2a: Timburr\n|move|p2a: Timburr|Stone Edge|p1a: Vayne\n|-supereffective|p1a: Vayne\n|-damage|p1a: Vayne|0 fnt\n|faint|p1a: Vayne\n|\n|upkeep\n|\n|t:|1700249845\n|switch|p1a: Lupense|Mudkip, L15, M|100\/100\n|turn|9\n|\n|t:|1700249850\n|move|p1a: Lupense|Waterfall|p2a: Timburr\n|-damage|p2a: Timburr|55\/100\n|cant|p2a: Timburr|flinch\n|\n|upkeep\n|turn|10\n|\n|t:|1700249859\n|move|p1a: Lupense|Superpower|p2a: Timburr\n|-damage|p2a: Timburr|12\/100\n|-unboost|p1a: Lupense|atk|1\n|-unboost|p1a: Lupense|def|1\n|move|p2a: Timburr|Poison Jab|p1a: Lupense\n|-damage|p1a: Lupense|39\/100\n|\n|upkeep\n|turn|11\n|\n|t:|1700249869\n|move|p1a: Lupense|Waterfall|p2a: Timburr\n|-damage|p2a: Timburr|0 fnt\n|faint|p2a: Timburr\n|\n|upkeep\n|\n|t:|1700249871\n|switch|p2a: Mankey|Mankey, L15, M|3\/100\n|turn|12\n|\n|t:|1700249880\n|move|p2a: Mankey|Drain Punch|p1a: Lupense\n|-damage|p1a: Lupense|0 fnt\n|-heal|p2a: Mankey|25\/100|[from] drain|[of] p1a: Lupense\n|faint|p1a: Lupense\n|\n|upkeep\n|\n|t:|1700249890\n|switch|p1a: Donetska|Bagon, L15, F|100\/100\n|turn|13\n|\n|t:|1700249894\n|move|p2a: Mankey|Close Combat|p1a: Donetska\n|-enditem|p1a: Donetska|Focus Sash\n|-damage|p1a: Donetska|3\/100\n|-unboost|p2a: Mankey|def|1\n|-unboost|p2a: Mankey|spd|1\n|move|p1a: Donetska|Dragon Dance|p1a: Donetska\n|-boost|p1a: Donetska|atk|1\n|-boost|p1a: Donetska|spe|1\n|\n|upkeep\n|turn|14\n|\n|t:|1700249906\n|move|p1a: Donetska|Zen Headbutt|p2a: Mankey\n|-supereffective|p2a: Mankey\n|-damage|p2a: Mankey|0 fnt\n|faint|p2a: Mankey\n|\n|upkeep\n|\n|t:|1700249908\n|switch|p2a: Crabrawler|Crabrawler, L17, M|100\/100\n|turn|15\n|\n|t:|1700249915\n|move|p1a: Donetska|Zen Headbutt|p2a: Crabrawler\n|-supereffective|p2a: Crabrawler\n|-damage|p2a: Crabrawler|0 fnt\n|faint|p2a: Crabrawler\n|\n|win|LunySama\n","uploadtime":1700249924,"views":24,"p1id":"lunysama","p2id":"zaynzito","formatid":"gen9nationaldexubers","rating":0,"private":0,"password":""}