{"id":"gen9nationaldexubers-1994872285","p1":"Lucarr10","p2":"Boyca","format":"[Gen 9] National Dex Ubers","log":"|j|\u2606Lucarr10\n|j|\u2606Boyca\n|t:|1700500495\n|gametype|singles\n|player|p1|Lucarr10|clair|\n|player|p2|Boyca|clown|\n|teamsize|p1|4\n|teamsize|p2|4\n|gen|9\n|tier|[Gen 9] National Dex Ubers\n|rule|HP Percentage Mod: HP is shown in percentages\n|rule|Endless Battle Clause: Forcing endless battles is banned\n|rule|OHKO Clause: OHKO moves are banned\n|rule|Evasion Moves Clause: Evasion moves are banned\n|rule|Evasion Items Clause: Evasion items are banned\n|rule|Species Clause: Limit one of each Pok\u00e9mon\n|rule|Sleep Clause Mod: Limit one foe put to sleep\n|rule|Mega Rayquaza Clause: You cannot mega evolve Rayquaza\n|clearpoke\n|poke|p1|Mienshao, F|\n|poke|p1|Dragonite, M|\n|poke|p1|Pawmot, M|\n|poke|p1|Lickilicky, F|\n|poke|p2|Umbreon, M|\n|poke|p2|Heracross, M|\n|poke|p2|Murkrow, M|\n|poke|p2|Gothitelle, M|\n|teampreview\n|c|\u2606Boyca|gl!\n|c|\u2606Lucarr10|you too :)\n|c|\u2606Lucarr10|wait... is this Kevin?\n|c|\u2606Boyca|you'll have to wait and see ;)\n|c|\u2606Lucarr10|I'm so looking forward to being reminded what I even put on that set\n|\n|t:|1700500561\n|start\n|switch|p1a: MICHAEL JACKSON|Dragonite, M|100\/100\n|switch|p2a: Goth GF|Gothitelle, M|100\/100\n|-item|p1a: MICHAEL JACKSON|Heavy-Duty Boots|[from] ability: Frisk|[of] p2a: Goth GF|[identify]\n|turn|1\n|\n|t:|1700500569\n|move|p1a: MICHAEL JACKSON|Dragon Dance|p1a: MICHAEL JACKSON\n|-boost|p1a: MICHAEL JACKSON|atk|1\n|-boost|p1a: MICHAEL JACKSON|spe|1\n|move|p2a: Goth GF|Foul Play|p1a: MICHAEL JACKSON\n|-damage|p1a: MICHAEL JACKSON|68\/100\n|\n|upkeep\n|turn|2\n|\n|t:|1700500590\n|move|p1a: MICHAEL JACKSON|Earthquake|p2a: Goth GF\n|-damage|p2a: Goth GF|43\/100\n|move|p2a: Goth GF|Foul Play|p1a: MICHAEL JACKSON\n|-damage|p1a: MICHAEL JACKSON|4\/100\n|\n|upkeep\n|turn|3\n|\n|t:|1700500602\n|switch|p2a: Kevin|Murkrow, M|100\/100\n|move|p1a: MICHAEL JACKSON|Earthquake|p2a: Kevin\n|-immune|p2a: Kevin\n|\n|upkeep\n|turn|4\n|\n|t:|1700500613\n|move|p2a: Kevin|Feather Dance|p1a: MICHAEL JACKSON\n|-unboost|p1a: MICHAEL JACKSON|atk|2\n|move|p1a: MICHAEL JACKSON|Ice Punch|p2a: Kevin\n|-supereffective|p2a: Kevin\n|-damage|p2a: Kevin|57\/100\n|\n|upkeep\n|turn|5\n|\n|t:|1700500627\n|move|p2a: Kevin|Feather Dance|p1a: MICHAEL JACKSON\n|-unboost|p1a: MICHAEL JACKSON|atk|2\n|move|p1a: MICHAEL JACKSON|Dragon Dance|p1a: MICHAEL JACKSON\n|-boost|p1a: MICHAEL JACKSON|atk|1\n|-boost|p1a: MICHAEL JACKSON|spe|1\n|\n|upkeep\n|turn|6\n|\n|t:|1700500639\n|move|p2a: Kevin|Roost|p2a: Kevin\n|-heal|p2a: Kevin|100\/100\n|-singleturn|p2a: Kevin|move: Roost\n|move|p1a: MICHAEL JACKSON|Ice Punch|p2a: Kevin\n|-damage|p2a: Kevin|84\/100\n|\n|upkeep\n|turn|7\n|\n|t:|1700500647\n|move|p1a: MICHAEL JACKSON|Ice Punch|p2a: Kevin\n|-supereffective|p2a: Kevin\n|-damage|p2a: Kevin|53\/100\n|move|p2a: Kevin|Foul Play|p1a: MICHAEL JACKSON\n|-damage|p1a: MICHAEL JACKSON|0 fnt\n|faint|p1a: MICHAEL JACKSON\n|\n|upkeep\n|\n|t:|1700500656\n|switch|p1a: Heroes never die!|Pawmot, M|100\/100\n|turn|8\n|\n|t:|1700500663\n|switch|p2a: Goth GF|Gothitelle, M|43\/100\n|-item|p1a: Heroes never die!|Leppa Berry|[from] ability: Frisk|[of] p2a: Goth GF|[identify]\n|move|p1a: Heroes never die!|Double Shock|p2a: Goth GF\n|-damage|p2a: Goth GF|0 fnt\n|-start|p1a: Heroes never die!|typechange|???\/Fighting|[from] move: Double Shock\n|faint|p2a: Goth GF\n|\n|upkeep\n|\n|t:|1700500681\n|switch|p2a: budget mega hera|Heracross, M|100\/100\n|turn|9\n|\n|t:|1700500695\n|move|p1a: Heroes never die!|Revival Blessing|p1a: Heroes never die!\n|-enditem|p1a: Heroes never die!|Leppa Berry|[eat]\n|-activate|p1a: Heroes never die!|item: Leppa Berry|Revival Blessing|[consumed]\n|\n|t:|1700500699\n|-heal|p1: MICHAEL JACKSON|50\/100|[from] move: Revival Blessing\n|move|p2a: budget mega hera|Bullet Seed|p1a: Heroes never die!\n|-damage|p1a: Heroes never die!|89\/100\n|-damage|p1a: Heroes never die!|77\/100\n|-damage|p1a: Heroes never die!|66\/100\n|-damage|p1a: Heroes never die!|53\/100\n|-damage|p1a: Heroes never die!|42\/100\n|-hitcount|p1a: Heroes never die!|5\n|\n|upkeep\n|turn|10\n|\n|t:|1700500730\n|move|p1a: Heroes never die!|Wish|p1a: Heroes never die!\n|move|p2a: budget mega hera|Swords Dance|p2a: budget mega hera\n|-boost|p2a: budget mega hera|atk|2\n|\n|upkeep\n|turn|11\n|\n|t:|1700500739\n|switch|p1a: MICHAEL JACKSON|Dragonite, M|50\/100\n|move|p2a: budget mega hera|Bullet Seed|p1a: MICHAEL JACKSON\n|-resisted|p1a: MICHAEL JACKSON\n|-damage|p1a: MICHAEL JACKSON|45\/100\n|-resisted|p1a: MICHAEL JACKSON\n|-damage|p1a: MICHAEL JACKSON|41\/100\n|-resisted|p1a: MICHAEL JACKSON\n|-damage|p1a: MICHAEL JACKSON|36\/100\n|-resisted|p1a: MICHAEL JACKSON\n|-damage|p1a: MICHAEL JACKSON|31\/100\n|-hitcount|p1a: MICHAEL JACKSON|4\n|\n|-heal|p1a: MICHAEL JACKSON|84\/100|[from] move: Wish|[wisher] Heroes never die!\n|upkeep\n|turn|12\n|\n|t:|1700500751\n|move|p2a: budget mega hera|Rock Blast|p1a: MICHAEL JACKSON\n|-supereffective|p1a: MICHAEL JACKSON\n|-damage|p1a: MICHAEL JACKSON|44\/100\n|-supereffective|p1a: MICHAEL JACKSON\n|-damage|p1a: MICHAEL JACKSON|7\/100\n|-supereffective|p1a: MICHAEL JACKSON\n|-damage|p1a: MICHAEL JACKSON|0 fnt\n|faint|p1a: MICHAEL JACKSON\n|-ability|p2a: budget mega hera|Moxie|boost\n|-boost|p2a: budget mega hera|atk|1\n|-hitcount|p1: MICHAEL JACKSON|3\n|\n|upkeep\n|c|\u2606Lucarr10|ok, there's the flaw in the plan\n|\n|t:|1700500771\n|switch|p1a: RevolvingDoor|Mienshao, F|100\/100\n|turn|13\n|\n|t:|1700500777\n|move|p1a: RevolvingDoor|Knock Off|p2a: budget mega hera\n|-resisted|p2a: budget mega hera\n|-damage|p2a: budget mega hera|78\/100\n|-enditem|p2a: budget mega hera|Loaded Dice|[from] move: Knock Off|[of] p1a: RevolvingDoor\n|move|p2a: budget mega hera|Bullet Seed|p1a: RevolvingDoor\n|-damage|p1a: RevolvingDoor|62\/100\n|-damage|p1a: RevolvingDoor|24\/100\n|-damage|p1a: RevolvingDoor|0 fnt\n|faint|p1a: RevolvingDoor\n|-ability|p2a: budget mega hera|Moxie|boost\n|-boost|p2a: budget mega hera|atk|1\n|-hitcount|p1: RevolvingDoor|3\n|\n|upkeep\n|\n|t:|1700500800\n|switch|p1a: Heroes never die!|Pawmot, M|42\/100\n|turn|14\n|\n|t:|1700500803\n|move|p1a: Heroes never die!|Revival Blessing|p1a: Heroes never die!\n|\n|t:|1700500806\n|-heal|p1: RevolvingDoor|50\/100|[from] move: Revival Blessing\n|move|p2a: budget mega hera|Bullet Seed|p1a: Heroes never die!\n|-damage|p1a: Heroes never die!|10\/100\n|-damage|p1a: Heroes never die!|0 fnt\n|faint|p1a: Heroes never die!\n|-ability|p2a: budget mega hera|Moxie|boost\n|-boost|p2a: budget mega hera|atk|1\n|-hitcount|p1: Heroes never die!|2\n|\n|upkeep\n|\n|t:|1700500818\n|switch|p1a: RevolvingDoor|Mienshao, F|50\/100\n|turn|15\n|\n|t:|1700500832\n|move|p1a: RevolvingDoor|Acrobatics|p2a: budget mega hera\n|-supereffective|p2a: budget mega hera\n|-damage|p2a: budget mega hera|0 fnt\n|faint|p2a: budget mega hera\n|\n|upkeep\n|\n|t:|1700500846\n|switch|p2a: Kevin|Murkrow, M|53\/100\n|turn|16\n|\n|t:|1700500852\n|move|p2a: Kevin|Feather Dance|p1a: RevolvingDoor\n|-unboost|p1a: RevolvingDoor|atk|2\n|-enditem|p1a: RevolvingDoor|Eject Pack\n|\n|t:|1700500857\n|switch|p1a: The Cannon|Lickilicky, F, shiny|100\/100\n|\n|upkeep\n|turn|17\n|\n|t:|1700500866\n|switch|p2a: umbron james|Umbreon, M|100\/100\n|-singleturn|p1a: The Cannon|move: Focus Punch\n|move|p1a: The Cannon|Focus Punch|p2a: umbron james\n|-supereffective|p2a: umbron james\n|-damage|p2a: umbron james|0 fnt\n|faint|p2a: umbron james\n|\n|upkeep\n|c|\u2606Boyca|oh my\n|c|\u2606Lucarr10|yup\n|\n|t:|1700500882\n|switch|p2a: Kevin|Murkrow, M|53\/100\n|turn|18\n|\n|t:|1700500885\n|-singleturn|p1a: The Cannon|move: Focus Punch\n|move|p2a: Kevin|Foul Play|p1a: The Cannon\n|-damage|p1a: The Cannon|65\/100\n|cant|p1a: The Cannon|Focus Punch|Focus Punch\n|\n|upkeep\n|turn|19\n|\n|t:|1700500894\n|-singleturn|p1a: The Cannon|move: Focus Punch\n|move|p2a: Kevin|Foul Play|p1a: The Cannon\n|-damage|p1a: The Cannon|30\/100\n|cant|p1a: The Cannon|Focus Punch|Focus Punch\n|\n|upkeep\n|turn|20\n|\n|t:|1700500903\n|-singleturn|p1a: The Cannon|move: Focus Punch\n|move|p2a: Kevin|Foul Play|p1a: The Cannon\n|-damage|p1a: The Cannon|0 fnt\n|faint|p1a: The Cannon\n|\n|upkeep\n|c|\u2606Lucarr10|fair enough\n|\n|t:|1700500914\n|switch|p1a: RevolvingDoor|Mienshao, F|84\/100\n|turn|21\n|\n|t:|1700500920\n|move|p2a: Kevin|Feather Dance|p1a: RevolvingDoor\n|-unboost|p1a: RevolvingDoor|atk|2\n|move|p1a: RevolvingDoor|Close Combat|p2a: Kevin\n|-damage|p2a: Kevin|20\/100\n|-unboost|p1a: RevolvingDoor|def|1\n|-unboost|p1a: RevolvingDoor|spd|1\n|\n|upkeep\n|turn|22\n|\n|t:|1700500959\n|move|p2a: Kevin|Roost|p2a: Kevin\n|-heal|p2a: Kevin|70\/100\n|-singleturn|p2a: Kevin|move: Roost\n|move|p1a: RevolvingDoor|Knock Off|p2a: Kevin\n|-resisted|p2a: Kevin\n|-damage|p2a: Kevin|61\/100\n|-enditem|p2a: Kevin|Eviolite|[from] move: Knock Off|[of] p1a: RevolvingDoor\n|\n|upkeep\n|turn|23\n|\n|t:|1700501004\n|move|p2a: Kevin|Feather Dance|p1a: RevolvingDoor\n|-unboost|p1a: RevolvingDoor|atk|2\n|move|p1a: RevolvingDoor|Acrobatics|p2a: Kevin\n|-damage|p2a: Kevin|38\/100\n|\n|upkeep\n|turn|24\n|\n|t:|1700501023\n|move|p2a: Kevin|Feather Dance|p1a: RevolvingDoor\n|-unboost|p1a: RevolvingDoor|atk|2\n|move|p1a: RevolvingDoor|Close Combat|p2a: Kevin\n|-damage|p2a: Kevin|12\/100\n|-unboost|p1a: RevolvingDoor|def|1\n|-unboost|p1a: RevolvingDoor|spd|1\n|\n|upkeep\n|turn|25\n|\n|t:|1700501033\n|move|p2a: Kevin|Roost|p2a: Kevin\n|-heal|p2a: Kevin|62\/100\n|-singleturn|p2a: Kevin|move: Roost\n|move|p1a: RevolvingDoor|Close Combat|p2a: Kevin\n|-supereffective|p2a: Kevin\n|-damage|p2a: Kevin|13\/100\n|-unboost|p1a: RevolvingDoor|def|1\n|-unboost|p1a: RevolvingDoor|spd|1\n|\n|upkeep\n|turn|26\n|\n|t:|1700501050\n|move|p2a: Kevin|Roost|p2a: Kevin\n|-heal|p2a: Kevin|63\/100\n|-singleturn|p2a: Kevin|move: Roost\n|move|p1a: RevolvingDoor|Close Combat|p2a: Kevin\n|-supereffective|p2a: Kevin\n|-damage|p2a: Kevin|10\/100\n|-unboost|p1a: RevolvingDoor|def|1\n|-unboost|p1a: RevolvingDoor|spd|1\n|\n|upkeep\n|turn|27\n|\n|t:|1700501060\n|move|p2a: Kevin|Roost|p2a: Kevin\n|-heal|p2a: Kevin|60\/100\n|-singleturn|p2a: Kevin|move: Roost\n|move|p1a: RevolvingDoor|Close Combat|p2a: Kevin\n|-supereffective|p2a: Kevin\n|-damage|p2a: Kevin|13\/100\n|-unboost|p1a: RevolvingDoor|def|1\n|-unboost|p1a: RevolvingDoor|spd|1\n|\n|upkeep\n|turn|28\n|\n|t:|1700501069\n|move|p2a: Kevin|Roost|p2a: Kevin\n|-heal|p2a: Kevin|63\/100\n|-singleturn|p2a: Kevin|move: Roost\n|move|p1a: RevolvingDoor|Close Combat|p2a: Kevin\n|-supereffective|p2a: Kevin\n|-damage|p2a: Kevin|17\/100\n|-unboost|p1a: RevolvingDoor|def|1\n|-unboost|p1a: RevolvingDoor|spd|1\n|\n|upkeep\n|turn|29\n|\n|t:|1700501080\n|move|p2a: Kevin|Roost|p2a: Kevin\n|-heal|p2a: Kevin|67\/100\n|-singleturn|p2a: Kevin|move: Roost\n|move|p1a: RevolvingDoor|Close Combat|p2a: Kevin\n|-supereffective|p2a: Kevin\n|-damage|p2a: Kevin|17\/100\n|\n|upkeep\n|turn|30\n|\n|t:|1700501089\n|move|p2a: Kevin|Roost|p2a: Kevin\n|-heal|p2a: Kevin|67\/100\n|-singleturn|p2a: Kevin|move: Roost\n|move|p1a: RevolvingDoor|Close Combat|p2a: Kevin\n|-supereffective|p2a: Kevin\n|-damage|p2a: Kevin|14\/100\n|\n|upkeep\n|turn|31\n|\n|t:|1700501098\n|move|p1a: RevolvingDoor|Acrobatics|p2a: Kevin\n|-damage|p2a: Kevin|0 fnt\n|faint|p2a: Kevin\n|\n|win|Lucarr10\n|c|\u2606Boyca|gg\n|c|\u2606Lucarr10|gg\n","uploadtime":1700501111,"views":20,"p1id":"lucarr10","p2id":"boyca","formatid":"gen9nationaldexubers","rating":0,"private":0,"password":""}