{"id":"gen9nationaldexubers-1989866626","p1":"Videorelaxant256","p2":"Fumo on a Roomba","format":"[Gen 9] National Dex Ubers","log":"|j|\u2606Videorelaxant256\n|j|\u2606Fumo on a Roomba\n|t:|1699902302\n|gametype|singles\n|player|p1|Videorelaxant256|acerola|1221\n|player|p2|Fumo on a Roomba|acetrainerf|1301\n|teamsize|p1|6\n|teamsize|p2|6\n|gen|9\n|tier|[Gen 9] National Dex Ubers\n|rated|\n|rule|HP Percentage Mod: HP is shown in percentages\n|rule|Endless Battle Clause: Forcing endless battles is banned\n|rule|OHKO Clause: OHKO moves are banned\n|rule|Evasion Moves Clause: Evasion moves are banned\n|rule|Evasion Items Clause: Evasion items are banned\n|rule|Species Clause: Limit one of each Pok\u00e9mon\n|rule|Sleep Clause Mod: Limit one foe put to sleep\n|rule|Mega Rayquaza Clause: You cannot mega evolve Rayquaza\n|clearpoke\n|poke|p1|Shuckle, F|\n|poke|p1|Gliscor, M|\n|poke|p1|Arceus|\n|poke|p1|Marshadow|\n|poke|p1|Landorus-Therian, M|\n|poke|p1|Serperior, F|\n|poke|p2|Beedrill, M|\n|poke|p2|Landorus, M|\n|poke|p2|Blacephalon|\n|poke|p2|Manaphy|\n|poke|p2|Scizor, M|\n|poke|p2|Cinderace, F|\n|teampreview\n|inactive|Battle timer is ON: inactive players will automatically lose when time's up. (requested by Fumo on a Roomba)\n|c|\u2606Videorelaxant256|glhf\n|\n|t:|1699902314\n|start\n|switch|p1a: Hes Boutta Blow|Shuckle, F|100\/100\n|switch|p2a: Landorus|Landorus, M|100\/100\n|turn|1\n|\n|t:|1699902319\n|move|p2a: Landorus|Nasty Plot|p2a: Landorus\n|-boost|p2a: Landorus|spa|2\n|move|p1a: Hes Boutta Blow|Sticky Web|p2a: Landorus\n|-sidestart|p2: Fumo on a Roomba|move: Sticky Web\n|\n|upkeep\n|turn|2\n|\n|t:|1699902323\n|move|p2a: Landorus|Earth Power|p1a: Hes Boutta Blow\n|-damage|p1a: Hes Boutta Blow|21\/100\n|move|p1a: Hes Boutta Blow|Stealth Rock|p2a: Landorus\n|-sidestart|p2: Fumo on a Roomba|move: Stealth Rock\n|\n|-heal|p1a: Hes Boutta Blow|27\/100|[from] item: Leftovers\n|upkeep\n|turn|3\n|\n|t:|1699902327\n|move|p2a: Landorus|Earth Power|p1a: Hes Boutta Blow\n|-damage|p1a: Hes Boutta Blow|0 fnt\n|faint|p1a: Hes Boutta Blow\n|\n|upkeep\n|\n|t:|1699902330\n|switch|p1a: All New Ford f150|Arceus|100\/100\n|turn|4\n|\n|t:|1699902334\n|move|p2a: Landorus|Earth Power|p1a: All New Ford f150\n|-damage|p1a: All New Ford f150|0 fnt\n|faint|p1a: All New Ford f150\n|\n|upkeep\n|\n|t:|1699902341\n|switch|p1a: Meth Addict|Gliscor, M|100\/100\n|turn|5\n|\n|t:|1699902348\n|move|p2a: Landorus|Focus Blast|p1a: Meth Addict|[miss]\n|-miss|p2a: Landorus|p1a: Meth Addict\n|move|p1a: Meth Addict|Spikes|p2a: Landorus\n|-sidestart|p2: Fumo on a Roomba|Spikes\n|\n|-status|p1a: Meth Addict|tox|[from] item: Toxic Orb\n|upkeep\n|turn|6\n|\n|t:|1699902353\n|move|p2a: Landorus|Focus Blast|p1a: Meth Addict|[miss]\n|-miss|p2a: Landorus|p1a: Meth Addict\n|move|p1a: Meth Addict|Spikes|p2a: Landorus\n|-sidestart|p2: Fumo on a Roomba|Spikes\n|\n|upkeep\n|turn|7\n|c|\u2606Videorelaxant256|focus blast moment\n|\n|t:|1699902363\n|move|p2a: Landorus|Focus Blast|p1a: Meth Addict\n|-resisted|p1a: Meth Addict\n|-damage|p1a: Meth Addict|17\/100 tox\n|move|p1a: Meth Addict|Toxic Spikes|p2a: Landorus\n|-sidestart|p2: Fumo on a Roomba|move: Toxic Spikes\n|\n|-heal|p1a: Meth Addict|30\/100 tox|[from] ability: Poison Heal\n|upkeep\n|turn|8\n|\n|t:|1699902370\n|move|p2a: Landorus|Sludge Wave|p1a: Meth Addict\n|-resisted|p1a: Meth Addict\n|-damage|p1a: Meth Addict|0 fnt\n|faint|p1a: Meth Addict\n|\n|upkeep\n|\n|t:|1699902377\n|switch|p1a: Pumped Up Kicks|Marshadow|100\/100\n|turn|9\n|\n|t:|1699902381\n|move|p1a: Pumped Up Kicks|Spectral Thief||[still]\n|-clearpositiveboost|p2a: Landorus|p1a: Pumped Up Kicks|move: Spectral Thief\n|-boost|p1a: Pumped Up Kicks|spa|2\n|-anim|p1a: Pumped Up Kicks|Spectral Thief|p2a: Landorus\n|-damage|p2a: Landorus|48\/100\n|move|p2a: Landorus|Earth Power|p1a: Pumped Up Kicks\n|-damage|p1a: Pumped Up Kicks|12\/100\n|\n|upkeep\n|turn|10\n|\n|t:|1699902393\n|move|p1a: Pumped Up Kicks|Spectral Thief|p2a: Landorus\n|-damage|p2a: Landorus|0 fnt\n|faint|p2a: Landorus\n|\n|upkeep\n|\n|t:|1699902395\n|switch|p2a: Scizor|Scizor, M|100\/100\n|-activate|p2a: Scizor|move: Sticky Web\n|-unboost|p2a: Scizor|spe|1\n|-damage|p2a: Scizor|88\/100|[from] Stealth Rock\n|-damage|p2a: Scizor|71\/100|[from] Spikes\n|turn|11\n|\n|t:|1699902398\n|move|p1a: Pumped Up Kicks|Shadow Sneak|p2a: Scizor\n|-damage|p2a: Scizor|38\/100\n|move|p2a: Scizor|Bullet Punch|p1a: Pumped Up Kicks\n|-damage|p1a: Pumped Up Kicks|0 fnt\n|faint|p1a: Pumped Up Kicks\n|\n|-heal|p2a: Scizor|44\/100|[from] item: Leftovers\n|upkeep\n|\n|t:|1699902404\n|switch|p1a: HEALTHY META|Landorus-Therian, M|100\/100\n|-ability|p1a: HEALTHY META|Intimidate|boost\n|-unboost|p2a: Scizor|atk|1\n|turn|12\n|\n|t:|1699902409\n|move|p1a: HEALTHY META|Earthquake|p2a: Scizor\n|-damage|p2a: Scizor|0 fnt\n|faint|p2a: Scizor\n|\n|upkeep\n|c|\u2606Fumo on a Roomba|damn that\u2019s a lot of hazards\n|c|\u2606Fumo on a Roomba|it\u2019d be a shame\n|\n|t:|1699902429\n|switch|p2a: Cinderace|Cinderace, F|100\/100\n|turn|13\n|c|\u2606Videorelaxant256|wait no\n|c|\u2606Videorelaxant256|lmoa\n|\n|t:|1699902439\n|move|p1a: HEALTHY META|Earthquake|p2a: Cinderace\n|-supereffective|p2a: Cinderace\n|-damage|p2a: Cinderace|0 fnt\n|faint|p2a: Cinderace\n|\n|upkeep\n|c|\u2606Videorelaxant256|oh ok\n|c|\u2606Videorelaxant256|:thumbsup:\n|c|\u2606Fumo on a Roomba|fucking choice scarf\n|c|\u2606Videorelaxant256|XDDDDDD\n|\n|t:|1699902457\n|switch|p2a: Manaphy|Manaphy|100\/100\n|-activate|p2a: Manaphy|move: Sticky Web\n|-unboost|p2a: Manaphy|spe|1\n|-damage|p2a: Manaphy|88\/100|[from] Stealth Rock\n|-damage|p2a: Manaphy|72\/100|[from] Spikes\n|-status|p2a: Manaphy|psn\n|turn|14\n|\n|t:|1699902463\n|move|p1a: HEALTHY META|Earthquake|p2a: Manaphy\n|-damage|p2a: Manaphy|19\/100 psn\n|-enditem|p2a: Manaphy|Salac Berry|[eat]\n|-boost|p2a: Manaphy|spe|1|[from] item: Salac Berry\n|move|p2a: Manaphy|Tail Glow|p2a: Manaphy\n|-boost|p2a: Manaphy|spa|3\n|\n|-damage|p2a: Manaphy|6\/100 psn|[from] psn\n|upkeep\n|turn|15\n|\n|t:|1699902469\n|move|p1a: HEALTHY META|Earthquake|p2a: Manaphy\n|-damage|p2a: Manaphy|0 fnt\n|faint|p2a: Manaphy\n|\n|upkeep\n|\n|t:|1699902473\n|switch|p2a: Beedrill|Beedrill, M|100\/100\n|-activate|p2a: Beedrill|move: Sticky Web\n|-unboost|p2a: Beedrill|spe|1\n|-damage|p2a: Beedrill|76\/100|[from] Stealth Rock\n|-damage|p2a: Beedrill|59\/100|[from] Spikes\n|-sideend|p2: Fumo on a Roomba|move: Toxic Spikes|[of] p2a: Beedrill\n|turn|16\n|\n|t:|1699902479\n|detailschange|p2a: Beedrill|Beedrill-Mega, M\n|-mega|p2a: Beedrill|Beedrill|Beedrillite\n|move|p1a: HEALTHY META|Earthquake|p2a: Beedrill\n|-damage|p2a: Beedrill|0 fnt\n|faint|p2a: Beedrill\n|\n|upkeep\n|\n|t:|1699902483\n|switch|p2a: Blacephalon|Blacephalon|100\/100\n|-activate|p2a: Blacephalon|move: Sticky Web\n|-unboost|p2a: Blacephalon|spe|1\n|-damage|p2a: Blacephalon|76\/100|[from] Stealth Rock\n|-damage|p2a: Blacephalon|59\/100|[from] Spikes\n|turn|17\n|c|\u2606Videorelaxant256|ggs\n|\n|t:|1699902486\n|move|p1a: HEALTHY META|Earthquake|p2a: Blacephalon\n|-supereffective|p2a: Blacephalon\n|-damage|p2a: Blacephalon|0 fnt\n|faint|p2a: Blacephalon\n|\n|win|Videorelaxant256\n|raw|Videorelaxant256's rating: 1221 &rarr; <strong>1252<\/strong><br \/>(+31 for winning)\n|raw|Fumo on a Roomba's rating: 1301 &rarr; <strong>1276<\/strong><br \/>(-25 for losing)\n|c|\u2606Fumo on a Roomba|gg\n|l|\u2606Fumo on a Roomba\n","uploadtime":1699902499,"views":6,"p1id":"videorelaxant256","p2id":"fumoonaroomba","formatid":"gen9nationaldexubers","rating":1252,"private":0,"password":""}