{"id":"gen9nationaldexubers-1979031160","p1":"ParkerMayCry","p2":"aguinaldo124","format":"[Gen 9] National Dex Ubers","log":"|j|\u2606ParkerMayCry\n|j|\u2606aguinaldo124\n|t:|1698623390\n|gametype|singles\n|player|p1|ParkerMayCry|biker-gen4|1080\n|player|p2|aguinaldo124|red|1145\n|teamsize|p1|6\n|teamsize|p2|6\n|gen|9\n|tier|[Gen 9] National Dex Ubers\n|rated|\n|rule|HP Percentage Mod: HP is shown in percentages\n|rule|Endless Battle Clause: Forcing endless battles is banned\n|rule|OHKO Clause: OHKO moves are banned\n|rule|Evasion Moves Clause: Evasion moves are banned\n|rule|Evasion Items Clause: Evasion items are banned\n|rule|Species Clause: Limit one of each Pok\u00e9mon\n|rule|Sleep Clause Mod: Limit one foe put to sleep\n|rule|Mega Rayquaza Clause: You cannot mega evolve Rayquaza\n|clearpoke\n|poke|p1|Tyranitar, M|\n|poke|p1|Volcarona, F|\n|poke|p1|Hydreigon, M|\n|poke|p1|Rillaboom, M|\n|poke|p1|Kingambit, M|\n|poke|p1|Aggron, M|\n|poke|p2|Hydreigon, F|\n|poke|p2|Heracross, M|\n|poke|p2|Corviknight, M|\n|poke|p2|Glimmora, F|\n|poke|p2|Ceruledge, M|\n|poke|p2|Ferrothorn, F|\n|teampreview\n|inactive|Battle timer is ON: inactive players will automatically lose when time's up. (requested by aguinaldo124)\n|\n|t:|1698623396\n|start\n|switch|p1a: Godzilla|Tyranitar, M|100\/100\n|switch|p2a: Nihi-LEGO|Glimmora, F|100\/100\n|-weather|Sandstorm|[from] ability: Sand Stream|[of] p1a: Godzilla\n|turn|1\n|\n|t:|1698623406\n|detailschange|p1a: Godzilla|Tyranitar-Mega, M\n|-mega|p1a: Godzilla|Tyranitar|Tyranitarite\n|move|p2a: Nihi-LEGO|Stealth Rock|p1a: Godzilla\n|-sidestart|p1: ParkerMayCry|move: Stealth Rock\n|move|p1a: Godzilla|Dragon Dance|p1a: Godzilla\n|-boost|p1a: Godzilla|atk|1\n|-boost|p1a: Godzilla|spe|1\n|\n|-weather|Sandstorm|[upkeep]\n|upkeep\n|turn|2\n|\n|t:|1698623421\n|move|p1a: Godzilla|Earthquake|p2a: Nihi-LEGO\n|-supereffective|p2a: Nihi-LEGO\n|-enditem|p2a: Nihi-LEGO|Focus Sash\n|-damage|p2a: Nihi-LEGO|1\/100\n|-activate|p2a: Nihi-LEGO|ability: Toxic Debris\n|-sidestart|p1: ParkerMayCry|move: Toxic Spikes\n|move|p2a: Nihi-LEGO|Mortal Spin|p1a: Godzilla\n|-resisted|p1a: Godzilla\n|-damage|p1a: Godzilla|98\/100\n|-status|p1a: Godzilla|psn\n|\n|-weather|Sandstorm|[upkeep]\n|-damage|p1a: Godzilla|86\/100 psn|[from] psn\n|upkeep\n|turn|3\n|\n|t:|1698623434\n|move|p1a: Godzilla|Aerial Ace|p2a: Nihi-LEGO\n|-resisted|p2a: Nihi-LEGO\n|-damage|p2a: Nihi-LEGO|0 fnt\n|-activate|p2a: Nihi-LEGO|ability: Toxic Debris\n|-sidestart|p1: ParkerMayCry|move: Toxic Spikes\n|faint|p2a: Nihi-LEGO\n|\n|-weather|Sandstorm|[upkeep]\n|-damage|p1a: Godzilla|73\/100 psn|[from] psn\n|upkeep\n|\n|t:|1698623446\n|switch|p2a: K4RTANA|Ferrothorn, F|100\/100\n|turn|4\n|\n|t:|1698623451\n|move|p1a: Godzilla|Dragon Dance|p1a: Godzilla\n|-boost|p1a: Godzilla|atk|1\n|-boost|p1a: Godzilla|spe|1\n|move|p2a: K4RTANA|Spikes|p1a: Godzilla\n|-sidestart|p1: ParkerMayCry|Spikes\n|\n|-weather|Sandstorm|[upkeep]\n|-damage|p1a: Godzilla|61\/100 psn|[from] psn\n|upkeep\n|turn|5\n|\n|t:|1698623462\n|move|p1a: Godzilla|Stone Edge|p2a: K4RTANA\n|-resisted|p2a: K4RTANA\n|-damage|p2a: K4RTANA|47\/100\n|move|p2a: K4RTANA|Spikes|p1a: Godzilla\n|-sidestart|p1: ParkerMayCry|Spikes\n|\n|-weather|none\n|-heal|p2a: K4RTANA|53\/100|[from] item: Leftovers\n|-damage|p1a: Godzilla|49\/100 psn|[from] psn\n|upkeep\n|turn|6\n|\n|t:|1698623473\n|move|p1a: Godzilla|Earthquake|p2a: K4RTANA\n|-damage|p2a: K4RTANA|0 fnt\n|faint|p2a: K4RTANA\n|\n|-damage|p1a: Godzilla|36\/100 psn|[from] psn\n|upkeep\n|\n|t:|1698623481\n|switch|p2a: BL4CEPHALON|Ceruledge, M|100\/100\n|turn|7\n|\n|t:|1698623491\n|move|p1a: Godzilla|Stone Edge|p2a: BL4CEPHALON\n|-supereffective|p2a: BL4CEPHALON\n|-enditem|p2a: BL4CEPHALON|Focus Sash\n|-damage|p2a: BL4CEPHALON|1\/100\n|move|p2a: BL4CEPHALON|Swords Dance|p2a: BL4CEPHALON\n|-boost|p2a: BL4CEPHALON|atk|2\n|\n|-damage|p1a: Godzilla|24\/100 psn|[from] psn\n|upkeep\n|turn|8\n|\n|t:|1698623503\n|move|p2a: BL4CEPHALON|Shadow Sneak|p1a: Godzilla\n|-resisted|p1a: Godzilla\n|-damage|p1a: Godzilla|8\/100 psn\n|move|p1a: Godzilla|Aerial Ace|p2a: BL4CEPHALON\n|-damage|p2a: BL4CEPHALON|0 fnt\n|faint|p2a: BL4CEPHALON\n|\n|-damage|p1a: Godzilla|0 fnt|[from] psn\n|faint|p1a: Godzilla\n|upkeep\n|\n|t:|1698623516\n|switch|p2a: BUZ-SWOLE|Heracross, M|100\/100\n|switch|p1a: King Ghidorah|Hydreigon, M|100\/100\n|-damage|p1a: King Ghidorah|88\/100|[from] Stealth Rock\n|turn|9\n|\n|t:|1698623524\n|detailschange|p2a: BUZ-SWOLE|Heracross-Mega, M\n|-mega|p2a: BUZ-SWOLE|Heracross|Heracronite\n|move|p1a: King Ghidorah|Defog|p2a: BUZ-SWOLE\n|-unboost|p2a: BUZ-SWOLE|evasion|1\n|-sideend|p1: ParkerMayCry|Spikes|[from] move: Defog|[of] p1a: King Ghidorah\n|-sideend|p1: ParkerMayCry|Toxic Spikes|[from] move: Defog|[of] p1a: King Ghidorah\n|-sideend|p1: ParkerMayCry|Stealth Rock|[from] move: Defog|[of] p1a: King Ghidorah\n|move|p2a: BUZ-SWOLE|Swords Dance|p2a: BUZ-SWOLE\n|-boost|p2a: BUZ-SWOLE|atk|2\n|\n|upkeep\n|turn|10\n|\n|t:|1698623549\n|switch|p1a: King Kong|Rillaboom, M, shiny|100\/100\n|-fieldstart|move: Grassy Terrain|[from] ability: Grassy Surge|[of] p1a: King Kong\n|move|p2a: BUZ-SWOLE|Rock Blast|p1a: King Kong\n|-damage|p1a: King Kong|75\/100\n|-damage|p1a: King Kong|47\/100\n|-damage|p1a: King Kong|19\/100\n|-damage|p1a: King Kong|0 fnt\n|faint|p1a: King Kong\n|-hitcount|p1: King Kong|4\n|\n|upkeep\n|\n|t:|1698623559\n|switch|p1a: Jet Jaguar|Kingambit, M|100\/100\n|-activate|p1a: Jet Jaguar|ability: Supreme Overlord\n|-start|p1a: Jet Jaguar|fallen2|[silent]\n|turn|11\n|\n|t:|1698623565\n|-terastallize|p1a: Jet Jaguar|Fairy\n|move|p2a: BUZ-SWOLE|Close Combat|p1a: Jet Jaguar\n|-resisted|p1a: Jet Jaguar\n|-damage|p1a: Jet Jaguar|26\/100\n|-unboost|p2a: BUZ-SWOLE|def|1\n|-unboost|p2a: BUZ-SWOLE|spd|1\n|move|p1a: Jet Jaguar|Air Slash|p2a: BUZ-SWOLE\n|-supereffective|p2a: BUZ-SWOLE\n|-damage|p2a: BUZ-SWOLE|0 fnt\n|faint|p2a: BUZ-SWOLE\n|\n|-heal|p1a: Jet Jaguar|32\/100|[from] Grassy Terrain\n|upkeep\n|\n|t:|1698623582\n|switch|p2a: CelesSTEALa|Corviknight, M|100\/100\n|-ability|p2a: CelesSTEALa|Pressure\n|turn|12\n|\n|t:|1698623596\n|move|p1a: Jet Jaguar|Kowtow Cleave|p2a: CelesSTEALa\n|-damage|p2a: CelesSTEALa|72\/100\n|-damage|p1a: Jet Jaguar|15\/100|[from] item: Rocky Helmet|[of] p2a: CelesSTEALa\n|move|p2a: CelesSTEALa|Body Press|p1a: Jet Jaguar\n|-resisted|p1a: Jet Jaguar\n|-damage|p1a: Jet Jaguar|3\/100\n|\n|-heal|p1a: Jet Jaguar|9\/100|[from] Grassy Terrain\n|upkeep\n|turn|13\n|\n|t:|1698623607\n|move|p1a: Jet Jaguar|Kowtow Cleave|p2a: CelesSTEALa\n|-damage|p2a: CelesSTEALa|41\/100\n|-damage|p1a: Jet Jaguar|0 fnt|[from] item: Rocky Helmet|[of] p2a: CelesSTEALa\n|faint|p1a: Jet Jaguar\n|-end|p1a: Jet Jaguar|fallen2|[silent]\n|move|p2a: CelesSTEALa|Brave Bird|p1: Jet Jaguar|[notarget]\n|-fail|p2a: CelesSTEALa\n|\n|upkeep\n|\n|t:|1698623617\n|switch|p1a: Mecha-Godzilla|Aggron, M|100\/100\n|turn|14\n|\n|t:|1698623620\n|move|p1a: Mecha-Godzilla|Head Smash|p2a: CelesSTEALa\n|-damage|p2a: CelesSTEALa|1\/100\n|-damage|p1a: Mecha-Godzilla|84\/100|[from] item: Rocky Helmet|[of] p2a: CelesSTEALa\n|move|p2a: CelesSTEALa|Roost|p2a: CelesSTEALa\n|-heal|p2a: CelesSTEALa|51\/100\n|-singleturn|p2a: CelesSTEALa|move: Roost\n|\n|-heal|p1a: Mecha-Godzilla|90\/100|[from] Grassy Terrain\n|-heal|p2a: CelesSTEALa|58\/100|[from] Grassy Terrain\n|-fieldend|move: Grassy Terrain\n|upkeep\n|turn|15\n|\n|t:|1698623649\n|-terastallize|p2a: CelesSTEALa|Dragon\n|move|p1a: Mecha-Godzilla|Head Smash|p2a: CelesSTEALa\n|-damage|p2a: CelesSTEALa|22\/100\n|-damage|p1a: Mecha-Godzilla|74\/100|[from] item: Rocky Helmet|[of] p2a: CelesSTEALa\n|move|p2a: CelesSTEALa|Roost|p2a: CelesSTEALa\n|-heal|p2a: CelesSTEALa|72\/100\n|\n|upkeep\n|turn|16\n|\n|t:|1698623661\n|move|p1a: Mecha-Godzilla|Iron Tail|p2a: CelesSTEALa\n|-damage|p2a: CelesSTEALa|46\/100\n|-unboost|p2a: CelesSTEALa|def|1\n|-damage|p1a: Mecha-Godzilla|57\/100|[from] item: Rocky Helmet|[of] p2a: CelesSTEALa\n|move|p2a: CelesSTEALa|Body Press|p1a: Mecha-Godzilla\n|-supereffective|p1a: Mecha-Godzilla\n|-damage|p1a: Mecha-Godzilla|9\/100\n|-damage|p2a: CelesSTEALa|29\/100|[from] item: Rocky Helmet|[of] p1a: Mecha-Godzilla\n|\n|upkeep\n|turn|17\n|\n|t:|1698623673\n|move|p1a: Mecha-Godzilla|Fire Blast|p2a: CelesSTEALa\n|-resisted|p2a: CelesSTEALa\n|-damage|p2a: CelesSTEALa|19\/100\n|move|p2a: CelesSTEALa|Roost|p2a: CelesSTEALa\n|-heal|p2a: CelesSTEALa|69\/100\n|\n|upkeep\n|turn|18\n|\n|t:|1698623682\n|move|p1a: Mecha-Godzilla|Head Smash|p2a: CelesSTEALa\n|-damage|p2a: CelesSTEALa|12\/100\n|-damage|p1a: Mecha-Godzilla|0 fnt|[from] item: Rocky Helmet|[of] p2a: CelesSTEALa\n|faint|p1a: Mecha-Godzilla\n|move|p2a: CelesSTEALa|Roost|p2a: CelesSTEALa\n|-heal|p2a: CelesSTEALa|62\/100\n|\n|upkeep\n|\n|t:|1698623694\n|switch|p1a: King Ghidorah|Hydreigon, M|88\/100\n|turn|19\n|\n|t:|1698623698\n|move|p1a: King Ghidorah|Draco Meteor|p2a: CelesSTEALa\n|-supereffective|p2a: CelesSTEALa\n|-damage|p2a: CelesSTEALa|0 fnt\n|-unboost|p1a: King Ghidorah|spa|2\n|faint|p2a: CelesSTEALa\n|\n|upkeep\n|\n|t:|1698623707\n|switch|p2a: GUZZLORDE|Hydreigon, F|100\/100\n|turn|20\n|\n|t:|1698623712\n|move|p2a: GUZZLORDE|Draco Meteor|p1a: King Ghidorah\n|-supereffective|p1a: King Ghidorah\n|-damage|p1a: King Ghidorah|0 fnt\n|-unboost|p2a: GUZZLORDE|spa|2\n|faint|p1a: King Ghidorah\n|\n|upkeep\n|\n|t:|1698623715\n|switch|p1a: Mothra|Volcarona, F|100\/100\n|turn|21\n|\n|t:|1698623721\n|move|p2a: GUZZLORDE|Draco Meteor|p1a: Mothra\n|-damage|p1a: Mothra|67\/100\n|-unboost|p2a: GUZZLORDE|spa|2\n|move|p1a: Mothra|Quiver Dance|p1a: Mothra\n|-boost|p1a: Mothra|spa|1\n|-boost|p1a: Mothra|spd|1\n|-boost|p1a: Mothra|spe|1\n|\n|upkeep\n|turn|22\n|\n|t:|1698623731\n|move|p2a: GUZZLORDE|Draco Meteor|p1a: Mothra\n|-damage|p1a: Mothra|50\/100\n|-unboost|p2a: GUZZLORDE|spa|2\n|move|p1a: Mothra|Quiver Dance|p1a: Mothra\n|-boost|p1a: Mothra|spa|1\n|-boost|p1a: Mothra|spd|1\n|-boost|p1a: Mothra|spe|1\n|\n|upkeep\n|turn|23\n|\n|t:|1698623741\n|move|p1a: Mothra|Leech Life|p2a: GUZZLORDE\n|-supereffective|p2a: GUZZLORDE\n|-damage|p2a: GUZZLORDE|56\/100\n|-heal|p1a: Mothra|80\/100|[from] drain|[of] p2a: GUZZLORDE\n|move|p2a: GUZZLORDE|Draco Meteor|p1a: Mothra\n|-damage|p1a: Mothra|71\/100\n|\n|upkeep\n|turn|24\n|\n|t:|1698623750\n|move|p1a: Mothra|Quiver Dance|p1a: Mothra\n|-boost|p1a: Mothra|spa|1\n|-boost|p1a: Mothra|spd|1\n|-boost|p1a: Mothra|spe|1\n|move|p2a: GUZZLORDE|Draco Meteor|p1a: Mothra\n|-damage|p1a: Mothra|63\/100\n|\n|upkeep\n|turn|25\n|\n|t:|1698623757\n|move|p1a: Mothra|Quiver Dance|p1a: Mothra\n|-boost|p1a: Mothra|spa|1\n|-boost|p1a: Mothra|spd|1\n|-boost|p1a: Mothra|spe|1\n|move|p2a: GUZZLORDE|Draco Meteor|p1a: Mothra\n|-crit|p1a: Mothra\n|-damage|p1a: Mothra|0 fnt\n|faint|p1a: Mothra\n|\n|win|aguinaldo124\n|raw|ParkerMayCry's rating: 1080 &rarr; <strong>1062<\/strong><br \/>(-18 for losing)\n|raw|aguinaldo124's rating: 1145 &rarr; <strong>1165<\/strong><br \/>(+20 for winning)\n|c|\u2606ParkerMayCry|daaang\n","uploadtime":1698623768,"views":11,"p1id":"parkermaycry","p2id":"aguinaldo124","formatid":"gen9nationaldexubers","rating":1062,"private":0,"password":""}