{"id":"gen9nationaldexubers-1997270604","p1":"vourias","p2":"ssssour","format":"[Gen 9] National Dex Ubers","log":"|j|\u2606vourias\n|j|\u2606ssssour\n|t:|1700782849\n|gametype|singles\n|player|p1|vourias|plasmagruntf|1154\n|player|p2|ssssour|pokemaniac|1200\n|teamsize|p1|6\n|teamsize|p2|6\n|gen|9\n|tier|[Gen 9] National Dex Ubers\n|rated|\n|rule|HP Percentage Mod: HP is shown in percentages\n|rule|Endless Battle Clause: Forcing endless battles is banned\n|rule|OHKO Clause: OHKO moves are banned\n|rule|Evasion Moves Clause: Evasion moves are banned\n|rule|Evasion Items Clause: Evasion items are banned\n|rule|Species Clause: Limit one of each Pok\u00e9mon\n|rule|Sleep Clause Mod: Limit one foe put to sleep\n|rule|Mega Rayquaza Clause: You cannot mega evolve Rayquaza\n|clearpoke\n|poke|p1|Calyrex-Ice|\n|poke|p1|Regieleki|\n|poke|p1|Blaziken, F|\n|poke|p1|Darkrai|\n|poke|p1|Arceus-Water|\n|poke|p1|Zygarde|\n|poke|p2|Pincurchin, F|\n|poke|p2|Espathra, M|\n|poke|p2|Garganacl, M|\n|poke|p2|Porygon2|\n|poke|p2|Annihilape, M|\n|poke|p2|Dunsparce, M|\n|teampreview\n|inactive|Battle timer is ON: inactive players will automatically lose when time's up. (requested by vourias)\n|\n|t:|1700782856\n|start\n|switch|p1a: Arceus|Arceus-Water|100\/100\n|switch|p2a: Dunsparce|Dunsparce, M, shiny|100\/100\n|turn|1\n|\n|t:|1700782861\n|move|p1a: Arceus|Will-O-Wisp|p2a: Dunsparce\n|-status|p2a: Dunsparce|brn\n|move|p2a: Dunsparce|Glare|p1a: Arceus\n|-status|p1a: Arceus|par\n|\n|-damage|p2a: Dunsparce|94\/100 brn|[from] brn\n|upkeep\n|turn|2\n|\n|t:|1700782876\n|move|p1a: Arceus|Judgment|p2a: Dunsparce\n|-damage|p2a: Dunsparce|58\/100 brn\n|move|p2a: Dunsparce|Coil|p2a: Dunsparce\n|-boost|p2a: Dunsparce|atk|1\n|-boost|p2a: Dunsparce|def|1\n|-boost|p2a: Dunsparce|accuracy|1\n|\n|-damage|p2a: Dunsparce|52\/100 brn|[from] brn\n|upkeep\n|turn|3\n|\n|t:|1700782882\n|move|p1a: Arceus|Judgment|p2a: Dunsparce\n|-damage|p2a: Dunsparce|20\/100 brn\n|move|p2a: Dunsparce|Roost|p2a: Dunsparce\n|-heal|p2a: Dunsparce|70\/100 brn\n|-singleturn|p2a: Dunsparce|move: Roost\n|\n|-damage|p2a: Dunsparce|64\/100 brn|[from] brn\n|upkeep\n|turn|4\n|\n|t:|1700782888\n|move|p1a: Arceus|Judgment|p2a: Dunsparce\n|-damage|p2a: Dunsparce|29\/100 brn\n|move|p2a: Dunsparce|Roost|p2a: Dunsparce\n|-heal|p2a: Dunsparce|79\/100 brn\n|-singleturn|p2a: Dunsparce|move: Roost\n|\n|-damage|p2a: Dunsparce|73\/100 brn|[from] brn\n|upkeep\n|turn|5\n|\n|t:|1700782898\n|switch|p1a: Calyrex|Calyrex-Ice|100\/100\n|-ability|p1a: Calyrex|As One\n|-ability|p1a: Calyrex|Unnerve\n|move|p2a: Dunsparce|Coil|p2a: Dunsparce\n|-boost|p2a: Dunsparce|atk|1\n|-boost|p2a: Dunsparce|def|1\n|-boost|p2a: Dunsparce|accuracy|1\n|\n|-damage|p2a: Dunsparce|66\/100 brn|[from] brn\n|upkeep\n|turn|6\n|\n|t:|1700782902\n|move|p2a: Dunsparce|Glare|p1a: Calyrex\n|-status|p1a: Calyrex|par\n|move|p1a: Calyrex|Leech Seed|p2a: Dunsparce\n|-start|p2a: Dunsparce|move: Leech Seed\n|\n|-damage|p2a: Dunsparce|54\/100 brn|[from] Leech Seed|[of] p1a: Calyrex\n|-damage|p2a: Dunsparce|48\/100 brn|[from] brn\n|upkeep\n|turn|7\n|\n|t:|1700782911\n|switch|p2a: Garganacl|Garganacl, M|100\/100\n|move|p1a: Calyrex|Glacial Lance|p2a: Garganacl\n|-damage|p2a: Garganacl|57\/100\n|\n|upkeep\n|turn|8\n|\n|t:|1700782928\n|move|p2a: Garganacl|Iron Defense|p2a: Garganacl\n|-boost|p2a: Garganacl|def|2\n|move|p1a: Calyrex|Glacial Lance|p2a: Garganacl\n|-damage|p2a: Garganacl|34\/100\n|\n|upkeep\n|turn|9\n|\n|t:|1700782932\n|move|p2a: Garganacl|Recover|p2a: Garganacl\n|-heal|p2a: Garganacl|84\/100\n|move|p1a: Calyrex|Leech Seed|p2a: Garganacl\n|-start|p2a: Garganacl|move: Leech Seed\n|\n|-damage|p2a: Garganacl|72\/100|[from] Leech Seed|[of] p1a: Calyrex\n|upkeep\n|turn|10\n|\n|t:|1700782939\n|switch|p1a: Blaziken|Blaziken, F, shiny|100\/100\n|move|p2a: Garganacl|Salt Cure|p1a: Blaziken\n|-damage|p1a: Blaziken|81\/100\n|-start|p1a: Blaziken|Salt Cure\n|\n|-damage|p2a: Garganacl|59\/100|[from] Leech Seed|[of] p1a: Blaziken\n|-heal|p1a: Blaziken|95\/100|[silent]\n|-damage|p1a: Blaziken|83\/100|[from] Salt Cure\n|upkeep\n|turn|11\n|\n|t:|1700782945\n|detailschange|p1a: Blaziken|Blaziken-Mega, F, shiny\n|-mega|p1a: Blaziken|Blaziken|Blazikenite\n|move|p1a: Blaziken|Hone Claws|p1a: Blaziken\n|-boost|p1a: Blaziken|atk|1\n|-boost|p1a: Blaziken|accuracy|1\n|move|p2a: Garganacl|Body Press|p1a: Blaziken\n|-damage|p1a: Blaziken|24\/100\n|\n|-damage|p2a: Garganacl|47\/100|[from] Leech Seed|[of] p1a: Blaziken\n|-heal|p1a: Blaziken|38\/100|[silent]\n|-damage|p1a: Blaziken|26\/100|[from] Salt Cure\n|-ability|p1a: Blaziken|Speed Boost|boost\n|-boost|p1a: Blaziken|spe|1\n|upkeep\n|turn|12\n|\n|t:|1700782967\n|switch|p2a: Annihilape|Annihilape, M|100\/100\n|move|p1a: Blaziken|Fire Blast|p2a: Annihilape\n|-damage|p2a: Annihilape|58\/100\n|\n|-heal|p2a: Annihilape|64\/100|[from] item: Leftovers\n|-damage|p1a: Blaziken|13\/100|[from] Salt Cure\n|-ability|p1a: Blaziken|Speed Boost|boost\n|-boost|p1a: Blaziken|spe|1\n|upkeep\n|turn|13\n|\n|t:|1700782977\n|move|p1a: Blaziken|Fire Blast|p2a: Annihilape\n|-damage|p2a: Annihilape|19\/100\n|move|p2a: Annihilape|Drain Punch|p1a: Blaziken\n|-damage|p1a: Blaziken|0 fnt\n|-heal|p2a: Annihilape|24\/100|[from] drain|[of] p1a: Blaziken\n|faint|p1a: Blaziken\n|\n|-heal|p2a: Annihilape|30\/100|[from] item: Leftovers\n|upkeep\n|\n|t:|1700782983\n|switch|p1a: Regieleki|Regieleki, shiny|100\/100\n|turn|14\n|\n|t:|1700782988\n|move|p1a: Regieleki|Electro Ball|p2a: Annihilape\n|-damage|p2a: Annihilape|0 fnt\n|faint|p2a: Annihilape\n|-damage|p1a: Regieleki|91\/100|[from] item: Life Orb\n|\n|upkeep\n|\n|t:|1700782992\n|switch|p2a: Pincurchin|Pincurchin, F|100\/100\n|-fieldstart|move: Electric Terrain|[from] ability: Electric Surge|[of] p2a: Pincurchin\n|turn|15\n|\n|t:|1700782995\n|move|p1a: Regieleki|Rapid Spin|p2a: Pincurchin\n|-damage|p2a: Pincurchin|88\/100\n|-boost|p1a: Regieleki|spe|1\n|-damage|p1a: Regieleki|81\/100|[from] item: Life Orb\n|move|p2a: Pincurchin|Spikes|p1a: Regieleki\n|-sidestart|p1: vourias|Spikes\n|\n|upkeep\n|turn|16\n|\n|t:|1700783009\n|move|p1a: Regieleki|Ancient Power|p2a: Pincurchin\n|-damage|p2a: Pincurchin|61\/100\n|-damage|p1a: Regieleki|71\/100|[from] item: Life Orb\n|move|p2a: Pincurchin|Memento|p1a: Regieleki\n|-unboost|p1a: Regieleki|atk|2\n|-unboost|p1a: Regieleki|spa|2\n|faint|p2a: Pincurchin\n|\n|upkeep\n|\n|t:|1700783014\n|switch|p2a: Espathra|Espathra, M|100\/100\n|-enditem|p2a: Espathra|Electric Seed\n|-boost|p2a: Espathra|def|1|[from] item: Electric Seed\n|turn|17\n|\n|t:|1700783018\n|move|p1a: Regieleki|Electro Ball|p2a: Espathra\n|-damage|p2a: Espathra|31\/100\n|-damage|p1a: Regieleki|61\/100|[from] item: Life Orb\n|move|p2a: Espathra|Calm Mind|p2a: Espathra\n|-boost|p2a: Espathra|spa|1\n|-boost|p2a: Espathra|spd|1\n|\n|-ability|p2a: Espathra|Speed Boost|boost\n|-boost|p2a: Espathra|spe|1\n|upkeep\n|turn|18\n|\n|t:|1700783026\n|move|p1a: Regieleki|Electro Ball|p2a: Espathra\n|-damage|p2a: Espathra|0 fnt\n|faint|p2a: Espathra\n|-damage|p1a: Regieleki|51\/100|[from] item: Life Orb\n|\n|upkeep\n|\n|t:|1700783032\n|switch|p2a: Porygon2|Porygon2, shiny|100\/100\n|-ability|p2a: Porygon2|Transistor|[from] ability: Trace|[of] p1a: Regieleki\n|turn|19\n|\n|t:|1700783036\n|move|p1a: Regieleki|Electro Ball|p2a: Porygon2\n|-damage|p2a: Porygon2|66\/100\n|-damage|p1a: Regieleki|41\/100|[from] item: Life Orb\n|move|p2a: Porygon2|Tri Attack|p1a: Regieleki\n|-damage|p1a: Regieleki|0 fnt\n|faint|p1a: Regieleki\n|\n|upkeep\n|\n|t:|1700783047\n|switch|p1a: Darkrai|Darkrai|100\/100\n|-damage|p1a: Darkrai|88\/100|[from] Spikes\n|turn|20\n|\n|t:|1700783050\n|move|p2a: Porygon2|Magic Coat|p2a: Porygon2\n|-singleturn|p2a: Porygon2|move: Magic Coat\n|move|p1a: Darkrai|Hypnosis|p2a: Porygon2\n|move|p2a: Porygon2|Hypnosis|p1a: Darkrai|[from]Magic Coat\n|-activate|p1a: Darkrai|move: Electric Terrain\n|\n|upkeep\n|turn|21\n|\n|t:|1700783061\n|move|p1a: Darkrai|Spacial Rend|p2a: Porygon2\n|-damage|p2a: Porygon2|48\/100\n|move|p2a: Porygon2|Icy Wind|p1a: Darkrai\n|-damage|p1a: Darkrai|72\/100\n|-unboost|p1a: Darkrai|spe|1\n|\n|upkeep\n|turn|22\n|\n|t:|1700783068\n|move|p1a: Darkrai|Sucker Punch||[still]\n|-fail|p1a: Darkrai\n|move|p2a: Porygon2|Recover|p2a: Porygon2\n|-heal|p2a: Porygon2|98\/100\n|\n|-fieldend|move: Electric Terrain\n|upkeep\n|turn|23\n|\n|t:|1700783073\n|move|p2a: Porygon2|Magic Coat|p2a: Porygon2\n|-singleturn|p2a: Porygon2|move: Magic Coat\n|move|p1a: Darkrai|Hypnosis|p2a: Porygon2\n|move|p2a: Porygon2|Hypnosis|p1a: Darkrai|[from]Magic Coat\n|-status|p1a: Darkrai|slp|[from] move: Hypnosis\n|\n|upkeep\n|turn|24\n|\n|t:|1700783080\n|cant|p1a: Darkrai|slp\n|move|p2a: Porygon2|Icy Wind|p1a: Darkrai\n|-damage|p1a: Darkrai|55\/100 slp\n|-unboost|p1a: Darkrai|spe|1\n|\n|upkeep\n|turn|25\n|\n|t:|1700783087\n|cant|p1a: Darkrai|slp\n|move|p2a: Porygon2|Tri Attack|p1a: Darkrai\n|-damage|p1a: Darkrai|14\/100 slp\n|\n|upkeep\n|turn|26\n|\n|t:|1700783092\n|switch|p1a: Calyrex|Calyrex-Ice|100\/100 par\n|-ability|p1a: Calyrex|As One\n|-ability|p1a: Calyrex|Unnerve\n|-damage|p1a: Calyrex|88\/100 par|[from] Spikes\n|move|p2a: Porygon2|Icy Wind|p1a: Calyrex\n|-resisted|p1a: Calyrex\n|-damage|p1a: Calyrex|84\/100 par\n|-unboost|p1a: Calyrex|spe|1\n|\n|-heal|p1a: Calyrex|90\/100 par|[from] item: Leftovers\n|upkeep\n|turn|27\n|\n|t:|1700783096\n|move|p2a: Porygon2|Tri Attack|p1a: Calyrex\n|-damage|p1a: Calyrex|70\/100 par\n|move|p1a: Calyrex|Glacial Lance|p2a: Porygon2\n|-damage|p2a: Porygon2|57\/100\n|\n|-heal|p1a: Calyrex|76\/100 par|[from] item: Leftovers\n|upkeep\n|turn|28\n|\n|t:|1700783105\n|move|p2a: Porygon2|Tri Attack|p1a: Calyrex\n|-damage|p1a: Calyrex|57\/100 par\n|move|p1a: Calyrex|Trick Room|p1a: Calyrex\n|-fieldstart|move: Trick Room|[of] p1a: Calyrex\n|\n|-heal|p1a: Calyrex|63\/100 par|[from] item: Leftovers\n|upkeep\n|turn|29\n|\n|t:|1700783111\n|move|p1a: Calyrex|Glacial Lance|p2a: Porygon2\n|-damage|p2a: Porygon2|12\/100\n|move|p2a: Porygon2|Recover|p2a: Porygon2\n|-heal|p2a: Porygon2|62\/100\n|\n|-heal|p1a: Calyrex|69\/100 par|[from] item: Leftovers\n|upkeep\n|turn|30\n|\n|t:|1700783119\n|cant|p1a: Calyrex|par\n|move|p2a: Porygon2|Recover|p2a: Porygon2\n|-heal|p2a: Porygon2|100\/100\n|\n|-heal|p1a: Calyrex|75\/100 par|[from] item: Leftovers\n|upkeep\n|turn|31\n|\n|t:|1700783122\n|cant|p1a: Calyrex|par\n|move|p2a: Porygon2|Tri Attack|p1a: Calyrex\n|-damage|p1a: Calyrex|55\/100 par\n|\n|-heal|p1a: Calyrex|62\/100 par|[from] item: Leftovers\n|upkeep\n|turn|32\n|\n|t:|1700783126\n|cant|p1a: Calyrex|par\n|move|p2a: Porygon2|Tri Attack|p1a: Calyrex\n|-damage|p1a: Calyrex|41\/100 par\n|\n|-heal|p1a: Calyrex|48\/100 par|[from] item: Leftovers\n|-fieldend|move: Trick Room\n|upkeep\n|turn|33\n|\n|t:|1700783128\n|move|p2a: Porygon2|Tri Attack|p1a: Calyrex\n|-damage|p1a: Calyrex|29\/100 par\n|move|p1a: Calyrex|Leech Seed|p2a: Porygon2|[miss]\n|-miss|p1a: Calyrex|p2a: Porygon2\n|\n|-heal|p1a: Calyrex|35\/100 par|[from] item: Leftovers\n|upkeep\n|turn|34\n|\n|t:|1700783137\n|move|p2a: Porygon2|Magic Coat|p2a: Porygon2\n|-singleturn|p2a: Porygon2|move: Magic Coat\n|move|p1a: Calyrex|Draining Kiss|p2a: Porygon2\n|-damage|p2a: Porygon2|95\/100\n|-heal|p1a: Calyrex|39\/100 par|[from] drain|[of] p2a: Porygon2\n|\n|-heal|p1a: Calyrex|45\/100 par|[from] item: Leftovers\n|upkeep\n|turn|35\n|\n|t:|1700783143\n|move|p2a: Porygon2|Magic Coat|p2a: Porygon2\n|-singleturn|p2a: Porygon2|move: Magic Coat\n|move|p1a: Calyrex|Glacial Lance|p2a: Porygon2\n|-damage|p2a: Porygon2|53\/100\n|\n|-heal|p1a: Calyrex|51\/100 par|[from] item: Leftovers\n|upkeep\n|turn|36\n|\n|t:|1700783148\n|move|p2a: Porygon2|Magic Coat|p2a: Porygon2\n|-singleturn|p2a: Porygon2|move: Magic Coat\n|cant|p1a: Calyrex|par\n|\n|-heal|p1a: Calyrex|57\/100 par|[from] item: Leftovers\n|upkeep\n|turn|37\n|\n|t:|1700783152\n|move|p2a: Porygon2|Recover|p2a: Porygon2\n|-heal|p2a: Porygon2|100\/100\n|move|p1a: Calyrex|Trick Room|p1a: Calyrex\n|-fieldstart|move: Trick Room|[of] p1a: Calyrex\n|\n|-heal|p1a: Calyrex|64\/100 par|[from] item: Leftovers\n|upkeep\n|turn|38\n|\n|t:|1700783154\n|move|p2a: Porygon2|Magic Coat|p2a: Porygon2\n|-singleturn|p2a: Porygon2|move: Magic Coat\n|move|p1a: Calyrex|Glacial Lance|p2a: Porygon2\n|-damage|p2a: Porygon2|60\/100\n|\n|-heal|p1a: Calyrex|70\/100 par|[from] item: Leftovers\n|upkeep\n|turn|39\n|\n|t:|1700783158\n|cant|p1a: Calyrex|par\n|move|p2a: Porygon2|Tri Attack|p1a: Calyrex\n|-damage|p1a: Calyrex|52\/100 par\n|\n|-heal|p1a: Calyrex|58\/100 par|[from] item: Leftovers\n|upkeep\n|turn|40\n|\n|t:|1700783161\n|move|p2a: Porygon2|Magic Coat|p2a: Porygon2\n|-singleturn|p2a: Porygon2|move: Magic Coat\n|move|p1a: Calyrex|Glacial Lance|p2a: Porygon2\n|-damage|p2a: Porygon2|14\/100\n|\n|-heal|p1a: Calyrex|64\/100 par|[from] item: Leftovers\n|upkeep\n|turn|41\n|\n|t:|1700783166\n|cant|p1a: Calyrex|par\n|move|p2a: Porygon2|Recover|p2a: Porygon2\n|-heal|p2a: Porygon2|64\/100\n|\n|-heal|p1a: Calyrex|70\/100 par|[from] item: Leftovers\n|-fieldend|move: Trick Room\n|upkeep\n|turn|42\n|\n|t:|1700783169\n|move|p2a: Porygon2|Tri Attack|p1a: Calyrex\n|-crit|p1a: Calyrex\n|-damage|p1a: Calyrex|42\/100 par\n|move|p1a: Calyrex|Glacial Lance|p2a: Porygon2\n|-damage|p2a: Porygon2|22\/100\n|\n|-heal|p1a: Calyrex|48\/100 par|[from] item: Leftovers\n|upkeep\n|turn|43\n|\n|t:|1700783182\n|move|p2a: Porygon2|Magic Coat|p2a: Porygon2\n|-singleturn|p2a: Porygon2|move: Magic Coat\n|cant|p1a: Calyrex|par\n|\n|-heal|p1a: Calyrex|54\/100 par|[from] item: Leftovers\n|upkeep\n|turn|44\n|\n|t:|1700783192\n|switch|p1a: Zygarde|Zygarde|100\/100\n|-damage|p1a: Zygarde|88\/100|[from] Spikes\n|move|p2a: Porygon2|Recover|p2a: Porygon2\n|-heal|p2a: Porygon2|72\/100\n|\n|upkeep\n|turn|45\n|\n|t:|1700783204\n|move|p1a: Zygarde|Core Enforcer|p2a: Porygon2\n|-damage|p2a: Porygon2|53\/100\n|-damage|p1a: Zygarde|78\/100|[from] item: Life Orb\n|move|p2a: Porygon2|Icy Wind|p1a: Zygarde\n|-supereffective|p1a: Zygarde\n|-damage|p1a: Zygarde|13\/100\n|-unboost|p1a: Zygarde|spe|1\n|\n|-activate|p1a: Zygarde|ability: Power Construct\n|detailschange|p1a: Zygarde|Zygarde-Complete\n|-heal|p1a: Zygarde|46\/100|[silent]\n|upkeep\n|turn|46\n|\n|t:|1700783226\n|switch|p1a: Calyrex|Calyrex-Ice|54\/100 par\n|-ability|p1a: Calyrex|As One\n|-ability|p1a: Calyrex|Unnerve\n|-damage|p1a: Calyrex|42\/100 par|[from] Spikes\n|move|p2a: Porygon2|Icy Wind|p1a: Calyrex\n|-resisted|p1a: Calyrex\n|-damage|p1a: Calyrex|37\/100 par\n|-unboost|p1a: Calyrex|spe|1\n|\n|-heal|p1a: Calyrex|43\/100 par|[from] item: Leftovers\n|upkeep\n|turn|47\n|\n|t:|1700783232\n|move|p2a: Porygon2|Magic Coat|p2a: Porygon2\n|-singleturn|p2a: Porygon2|move: Magic Coat\n|cant|p1a: Calyrex|par\n|\n|-heal|p1a: Calyrex|50\/100 par|[from] item: Leftovers\n|upkeep\n|turn|48\n|\n|t:|1700783236\n|switch|p1a: Arceus|Arceus-Water|100\/100 par\n|-damage|p1a: Arceus|88\/100 par|[from] Spikes\n|move|p2a: Porygon2|Recover|p2a: Porygon2\n|-heal|p2a: Porygon2|100\/100\n|\n|upkeep\n|turn|49\n|\n|t:|1700783240\n|move|p2a: Porygon2|Icy Wind|p1a: Arceus\n|-resisted|p1a: Arceus\n|-damage|p1a: Arceus|84\/100 par\n|-unboost|p1a: Arceus|spe|1\n|cant|p1a: Arceus|par\n|\n|upkeep\n|turn|50\n|\n|t:|1700783245\n|move|p2a: Porygon2|Tri Attack|p1a: Arceus\n|-damage|p1a: Arceus|64\/100 par\n|move|p1a: Arceus|Will-O-Wisp|p2a: Porygon2\n|-status|p2a: Porygon2|brn\n|\n|-damage|p2a: Porygon2|94\/100 brn|[from] brn\n|upkeep\n|turn|51\n|\n|t:|1700783256\n|move|p2a: Porygon2|Tri Attack|p1a: Arceus\n|-damage|p1a: Arceus|47\/100 par\n|move|p1a: Arceus|Light Screen|p1a: Arceus\n|-sidestart|p1: vourias|move: Light Screen\n|\n|-damage|p2a: Porygon2|88\/100 brn|[from] brn\n|upkeep\n|turn|52\n|\n|t:|1700783266\n|switch|p1a: Calyrex|Calyrex-Ice|50\/100 par\n|-ability|p1a: Calyrex|As One\n|-ability|p1a: Calyrex|Unnerve\n|-damage|p1a: Calyrex|37\/100 par|[from] Spikes\n|move|p2a: Porygon2|Icy Wind|p1a: Calyrex\n|-resisted|p1a: Calyrex\n|-damage|p1a: Calyrex|35\/100 par\n|-unboost|p1a: Calyrex|spe|1\n|\n|-heal|p1a: Calyrex|41\/100 par|[from] item: Leftovers\n|-damage|p2a: Porygon2|82\/100 brn|[from] brn\n|upkeep\n|turn|53\n|\n|t:|1700783271\n|move|p2a: Porygon2|Tri Attack|p1a: Calyrex\n|-damage|p1a: Calyrex|32\/100 par\n|move|p1a: Calyrex|Trick Room|p1a: Calyrex\n|-fieldstart|move: Trick Room|[of] p1a: Calyrex\n|\n|-heal|p1a: Calyrex|39\/100 par|[from] item: Leftovers\n|-damage|p2a: Porygon2|76\/100 brn|[from] brn\n|upkeep\n|turn|54\n|\n|t:|1700783275\n|move|p2a: Porygon2|Magic Coat|p2a: Porygon2\n|-singleturn|p2a: Porygon2|move: Magic Coat\n|move|p1a: Calyrex|Draining Kiss|p2a: Porygon2\n|-damage|p2a: Porygon2|71\/100 brn\n|-heal|p1a: Calyrex|42\/100 par|[from] drain|[of] p2a: Porygon2\n|\n|-heal|p1a: Calyrex|48\/100 par|[from] item: Leftovers\n|-damage|p2a: Porygon2|65\/100 brn|[from] brn\n|upkeep\n|turn|55\n|\n|t:|1700783290\n|move|p1a: Calyrex|Draining Kiss|p2a: Porygon2\n|-damage|p2a: Porygon2|60\/100 brn\n|-heal|p1a: Calyrex|52\/100 par|[from] drain|[of] p2a: Porygon2\n|move|p2a: Porygon2|Tri Attack|p1a: Calyrex\n|-damage|p1a: Calyrex|42\/100 par\n|\n|-heal|p1a: Calyrex|48\/100 par|[from] item: Leftovers\n|-damage|p2a: Porygon2|54\/100 brn|[from] brn\n|-sideend|p1: vourias|move: Light Screen\n|upkeep\n|turn|56\n|\n|t:|1700783299\n|move|p2a: Porygon2|Magic Coat|p2a: Porygon2\n|-singleturn|p2a: Porygon2|move: Magic Coat\n|cant|p1a: Calyrex|par\n|\n|-heal|p1a: Calyrex|54\/100 par|[from] item: Leftovers\n|-damage|p2a: Porygon2|48\/100 brn|[from] brn\n|upkeep\n|turn|57\n|\n|t:|1700783303\n|move|p1a: Calyrex|Draining Kiss|p2a: Porygon2\n|-damage|p2a: Porygon2|42\/100 brn\n|-heal|p1a: Calyrex|58\/100 par|[from] drain|[of] p2a: Porygon2\n|move|p2a: Porygon2|Icy Wind|p1a: Calyrex\n|-resisted|p1a: Calyrex\n|-damage|p1a: Calyrex|53\/100 par\n|-unboost|p1a: Calyrex|spe|1\n|\n|-heal|p1a: Calyrex|59\/100 par|[from] item: Leftovers\n|-damage|p2a: Porygon2|36\/100 brn|[from] brn\n|-fieldend|move: Trick Room\n|upkeep\n|turn|58\n|\n|t:|1700783320\n|move|p2a: Porygon2|Recover|p2a: Porygon2\n|-heal|p2a: Porygon2|86\/100 brn\n|move|p1a: Calyrex|Draining Kiss|p2a: Porygon2\n|-damage|p2a: Porygon2|80\/100 brn\n|-heal|p1a: Calyrex|64\/100 par|[from] drain|[of] p2a: Porygon2\n|\n|-heal|p1a: Calyrex|70\/100 par|[from] item: Leftovers\n|-damage|p2a: Porygon2|74\/100 brn|[from] brn\n|upkeep\n|turn|59\n|\n|t:|1700783325\n|move|p2a: Porygon2|Tri Attack|p1a: Calyrex\n|-damage|p1a: Calyrex|50\/100 par\n|move|p1a: Calyrex|Trick Room|p1a: Calyrex\n|-fieldstart|move: Trick Room|[of] p1a: Calyrex\n|\n|-heal|p1a: Calyrex|56\/100 par|[from] item: Leftovers\n|-damage|p2a: Porygon2|68\/100 brn|[from] brn\n|upkeep\n|turn|60\n|\n|t:|1700783343\n|move|p1a: Calyrex|Draining Kiss|p2a: Porygon2\n|-damage|p2a: Porygon2|63\/100 brn\n|-heal|p1a: Calyrex|59\/100 par|[from] drain|[of] p2a: Porygon2\n|move|p2a: Porygon2|Tri Attack|p1a: Calyrex\n|-damage|p1a: Calyrex|40\/100 par\n|\n|-heal|p1a: Calyrex|47\/100 par|[from] item: Leftovers\n|-damage|p2a: Porygon2|57\/100 brn|[from] brn\n|upkeep\n|turn|61\n|c|\u2606vourias|You are so anoy\n|\n|t:|1700783361\n|switch|p1a: Arceus|Arceus-Water|47\/100 par\n|-damage|p1a: Arceus|34\/100 par|[from] Spikes\n|move|p2a: Porygon2|Icy Wind|p1a: Arceus\n|-resisted|p1a: Arceus\n|-damage|p1a: Arceus|30\/100 par\n|-unboost|p1a: Arceus|spe|1\n|\n|-damage|p2a: Porygon2|50\/100 brn|[from] brn\n|upkeep\n|turn|62\n|c|\u2606ssssour|:3\n|\n|t:|1700783367\n|cant|p1a: Arceus|par\n|move|p2a: Porygon2|Tri Attack|p1a: Arceus\n|-damage|p1a: Arceus|11\/100 par\n|\n|-damage|p2a: Porygon2|44\/100 brn|[from] brn\n|upkeep\n|turn|63\n|\n|t:|1700783372\n|cant|p1a: Arceus|par\n|move|p2a: Porygon2|Icy Wind|p1a: Arceus\n|-resisted|p1a: Arceus\n|-damage|p1a: Arceus|7\/100 par\n|-unboost|p1a: Arceus|spe|1\n|\n|-damage|p2a: Porygon2|38\/100 brn|[from] brn\n|-fieldend|move: Trick Room\n|upkeep\n|turn|64\n|\n|t:|1700783376\n|move|p2a: Porygon2|Icy Wind|p1a: Arceus\n|-resisted|p1a: Arceus\n|-damage|p1a: Arceus|3\/100 par\n|-unboost|p1a: Arceus|spe|1\n|move|p1a: Arceus|Judgment|p2a: Porygon2\n|-damage|p2a: Porygon2|5\/100 brn\n|\n|-damage|p2a: Porygon2|0 fnt|[from] brn\n|faint|p2a: Porygon2\n|upkeep\n|\n|t:|1700783386\n|switch|p2a: Garganacl|Garganacl, M|47\/100\n|turn|65\n|\n|t:|1700783389\n|-terastallize|p2a: Garganacl|Grass\n|move|p2a: Garganacl|Recover|p2a: Garganacl\n|-heal|p2a: Garganacl|97\/100\n|cant|p1a: Arceus|par\n|\n|upkeep\n|turn|66\n|\n|t:|1700783395\n|move|p2a: Garganacl|Iron Defense|p2a: Garganacl\n|-boost|p2a: Garganacl|def|2\n|move|p1a: Arceus|Will-O-Wisp|p2a: Garganacl\n|-immune|p2a: Garganacl|[from] ability: Purifying Salt\n|\n|upkeep\n|turn|67\n|\n|t:|1700783399\n|move|p2a: Garganacl|Iron Defense|p2a: Garganacl\n|-boost|p2a: Garganacl|def|2\n|move|p1a: Arceus|Will-O-Wisp|p2a: Garganacl\n|-immune|p2a: Garganacl|[from] ability: Purifying Salt\n|\n|upkeep\n|turn|68\n|\n|t:|1700783405\n|move|p2a: Garganacl|Iron Defense|p2a: Garganacl\n|-boost|p2a: Garganacl|def|2\n|move|p1a: Arceus|Judgment|p2a: Garganacl\n|-resisted|p2a: Garganacl\n|-damage|p2a: Garganacl|75\/100\n|\n|upkeep\n|turn|69\n|\n|t:|1700783410\n|move|p2a: Garganacl|Salt Cure|p1a: Arceus\n|-damage|p1a: Arceus|0 fnt\n|faint|p1a: Arceus\n|\n|upkeep\n|\n|t:|1700783414\n|switch|p1a: Zygarde|Zygarde-Complete|46\/100\n|-damage|p1a: Zygarde|34\/100|[from] Spikes\n|turn|70\n|\n|t:|1700783430\n|move|p1a: Zygarde|Zen Headbutt|p2a: Garganacl\n|-damage|p2a: Garganacl|70\/100\n|-damage|p1a: Zygarde|17\/100|[from] item: Rocky Helmet|[of] p2a: Garganacl\n|-damage|p1a: Zygarde|7\/100|[from] item: Life Orb\n|cant|p2a: Garganacl|flinch\n|\n|upkeep\n|turn|71\n|\n|t:|1700783437\n|move|p1a: Zygarde|Core Enforcer|p2a: Garganacl\n|-damage|p2a: Garganacl|40\/100\n|-damage|p1a: Zygarde|0 fnt|[from] item: Life Orb\n|faint|p1a: Zygarde\n|move|p2a: Garganacl|Recover|p2a: Garganacl\n|-heal|p2a: Garganacl|90\/100\n|\n|upkeep\n|\n|t:|1700783442\n|switch|p1a: Calyrex|Calyrex-Ice|47\/100 par\n|-ability|p1a: Calyrex|As One\n|-ability|p1a: Calyrex|Unnerve\n|-damage|p1a: Calyrex|34\/100 par|[from] Spikes\n|turn|72\n|\n|t:|1700783447\n|move|p2a: Garganacl|Body Press|p1a: Calyrex\n|-damage|p1a: Calyrex|0 fnt\n|faint|p1a: Calyrex\n|\n|upkeep\n|\n|t:|1700783449\n|switch|p1a: Darkrai|Darkrai|14\/100 slp\n|-damage|p1a: Darkrai|2\/100 slp|[from] Spikes\n|turn|73\n|c|\u2606ssssour|gg\n|\n|t:|1700783453\n|cant|p1a: Darkrai|slp\n|move|p2a: Garganacl|Salt Cure|p1a: Darkrai\n|-damage|p1a: Darkrai|0 fnt\n|faint|p1a: Darkrai\n|\n|win|ssssour\n|raw|vourias's rating: 1154 &rarr; <strong>1132<\/strong><br \/>(-22 for losing)\n|raw|ssssour's rating: 1200 &rarr; <strong>1222<\/strong><br \/>(+22 for winning)\n","uploadtime":1700783460,"views":9,"p1id":"vourias","p2id":"ssssour","formatid":"gen9nationaldexubers","rating":1132,"private":0,"password":""}