{"id":"gen9nationaldexubers-1983202384","p1":"ForXernox","p2":"Ginesect","format":"[Gen 9] National Dex Ubers","log":"|j|\u2606ForXernox\n|j|\u2606Ginesect\n|t:|1699104558\n|gametype|singles\n|player|p1|ForXernox|larry|\n|player|p2|Ginesect|artist-gen4|\n|teamsize|p1|6\n|teamsize|p2|6\n|gen|9\n|tier|[Gen 9] National Dex Ubers\n|rule|HP Percentage Mod: HP is shown in percentages\n|rule|Endless Battle Clause: Forcing endless battles is banned\n|rule|OHKO Clause: OHKO moves are banned\n|rule|Evasion Moves Clause: Evasion moves are banned\n|rule|Evasion Items Clause: Evasion items are banned\n|rule|Species Clause: Limit one of each Pok\u00e9mon\n|rule|Sleep Clause Mod: Limit one foe put to sleep\n|rule|Mega Rayquaza Clause: You cannot mega evolve Rayquaza\n|clearpoke\n|poke|p1|Torterra, M|\n|poke|p1|Infernape, M|\n|poke|p1|Empoleon, M|\n|poke|p1|Tyranitar, M|\n|poke|p1|Ribombee, M|\n|poke|p1|Dracozolt|\n|poke|p2|Chien-Pao|\n|poke|p2|Mandibuzz, F|\n|poke|p2|Mawile, F|\n|poke|p2|Grimmsnarl, M|\n|poke|p2|Greninja-*, M|\n|poke|p2|Ting-Lu|\n|teampreview\n|\n|t:|1699104586\n|start\n|switch|p1a: Kaiju|Tyranitar, M|100\/100\n|switch|p2a: Ting-Lu|Ting-Lu|100\/100\n|-weather|Sandstorm|[from] ability: Sand Stream|[of] p1a: Kaiju\n|-ability|p2a: Ting-Lu|Vessel of Ruin\n|turn|1\n|\n|t:|1699104600\n|detailschange|p1a: Kaiju|Tyranitar-Mega, M\n|-mega|p1a: Kaiju|Tyranitar|Tyranitarite\n|move|p1a: Kaiju|Brick Break|p2a: Ting-Lu\n|-supereffective|p2a: Ting-Lu\n|-damage|p2a: Ting-Lu|68\/100\n|move|p2a: Ting-Lu|Stealth Rock|p1a: Kaiju\n|-sidestart|p1: ForXernox|move: Stealth Rock\n|\n|-weather|Sandstorm|[upkeep]\n|-heal|p2a: Ting-Lu|74\/100|[from] item: Leftovers\n|upkeep\n|turn|2\n|c|\u2606Ginesect|Damn bb ttar\n|\n|t:|1699104611\n|move|p2a: Ting-Lu|Protect|p2a: Ting-Lu\n|-singleturn|p2a: Ting-Lu|Protect\n|move|p1a: Kaiju|Stealth Rock|p2a: Ting-Lu\n|-sidestart|p2: Ginesect|move: Stealth Rock\n|\n|-weather|Sandstorm|[upkeep]\n|-heal|p2a: Ting-Lu|80\/100|[from] item: Leftovers\n|upkeep\n|turn|3\n|\n|t:|1699104627\n|move|p1a: Kaiju|Brick Break|p2a: Ting-Lu\n|-supereffective|p2a: Ting-Lu\n|-damage|p2a: Ting-Lu|50\/100\n|move|p2a: Ting-Lu|Earthquake|p1a: Kaiju\n|-supereffective|p1a: Kaiju\n|-damage|p1a: Kaiju|57\/100\n|\n|-weather|Sandstorm|[upkeep]\n|-heal|p2a: Ting-Lu|57\/100|[from] item: Leftovers\n|upkeep\n|turn|4\n|\n|t:|1699104642\n|switch|p1a: Big tortel|Torterra, M|100\/100\n|-damage|p1a: Big tortel|94\/100|[from] Stealth Rock\n|move|p2a: Ting-Lu|Earthquake|p1a: Big tortel\n|-resisted|p1a: Big tortel\n|-damage|p1a: Big tortel|75\/100\n|\n|-weather|Sandstorm|[upkeep]\n|-heal|p2a: Ting-Lu|63\/100|[from] item: Leftovers\n|upkeep\n|turn|5\n|\n|t:|1699104649\n|move|p1a: Big tortel|Shell Smash|p1a: Big tortel\n|-unboost|p1a: Big tortel|def|1\n|-unboost|p1a: Big tortel|spd|1\n|-boost|p1a: Big tortel|atk|2\n|-boost|p1a: Big tortel|spa|2\n|-boost|p1a: Big tortel|spe|2\n|move|p2a: Ting-Lu|Whirlwind|p1a: Big tortel\n|drag|p1a: Rawr|Dracozolt|100\/100\n|-damage|p1a: Rawr|88\/100|[from] Stealth Rock\n|\n|-weather|none\n|-heal|p2a: Ting-Lu|69\/100|[from] item: Leftovers\n|upkeep\n|turn|6\n|c|\u2606Ginesect|Lol\n|\n|t:|1699104662\n|move|p1a: Rawr|Dragon Claw|p2a: Ting-Lu\n|-damage|p2a: Ting-Lu|45\/100\n|-damage|p1a: Rawr|78\/100|[from] item: Life Orb\n|move|p2a: Ting-Lu|Earthquake|p1a: Rawr\n|-supereffective|p1a: Rawr\n|-damage|p1a: Rawr|0 fnt\n|faint|p1a: Rawr\n|\n|-heal|p2a: Ting-Lu|51\/100|[from] item: Leftovers\n|upkeep\n|\n|t:|1699104689\n|switch|p1a: Big tortel|Torterra, M|75\/100\n|-damage|p1a: Big tortel|69\/100|[from] Stealth Rock\n|turn|7\n|\n|t:|1699104696\n|switch|p2a: Mandibuzz|Mandibuzz, F|100\/100\n|move|p1a: Big tortel|Bullet Seed|p2a: Mandibuzz\n|-resisted|p2a: Mandibuzz\n|-damage|p2a: Mandibuzz|96\/100\n|-resisted|p2a: Mandibuzz\n|-damage|p2a: Mandibuzz|93\/100\n|-resisted|p2a: Mandibuzz\n|-damage|p2a: Mandibuzz|89\/100\n|-resisted|p2a: Mandibuzz\n|-damage|p2a: Mandibuzz|86\/100\n|-hitcount|p2a: Mandibuzz|4\n|\n|upkeep\n|turn|8\n|\n|t:|1699104704\n|switch|p1a: Iron Knight|Empoleon, M|100\/100\n|-damage|p1a: Iron Knight|94\/100|[from] Stealth Rock\n|move|p2a: Mandibuzz|Foul Play|p1a: Iron Knight\n|-crit|p1a: Iron Knight\n|-damage|p1a: Iron Knight|56\/100\n|\n|-heal|p1a: Iron Knight|62\/100|[from] item: Leftovers\n|upkeep\n|turn|9\n|\n|t:|1699104714\n|move|p1a: Iron Knight|Agility|p1a: Iron Knight\n|-boost|p1a: Iron Knight|spe|2\n|move|p2a: Mandibuzz|U-turn|p1a: Iron Knight\n|-resisted|p1a: Iron Knight\n|-damage|p1a: Iron Knight|55\/100\n|\n|t:|1699104722\n|switch|p2a: Ting-Lu|Ting-Lu|51\/100|[from] U-turn\n|-damage|p2a: Ting-Lu|45\/100|[from] Stealth Rock\n|-ability|p2a: Ting-Lu|Vessel of Ruin\n|\n|-heal|p1a: Iron Knight|61\/100|[from] item: Leftovers\n|-heal|p2a: Ting-Lu|51\/100|[from] item: Leftovers\n|upkeep\n|turn|10\n|\n|t:|1699104731\n|-terastallize|p1a: Iron Knight|Fairy\n|-terastallize|p2a: Ting-Lu|Water\n|move|p1a: Iron Knight|Surf|p2a: Ting-Lu\n|-resisted|p2a: Ting-Lu\n|-crit|p2a: Ting-Lu\n|-damage|p2a: Ting-Lu|34\/100\n|move|p2a: Ting-Lu|Earthquake|p1a: Iron Knight\n|-damage|p1a: Iron Knight|12\/100\n|\n|-heal|p1a: Iron Knight|19\/100|[from] item: Leftovers\n|-heal|p2a: Ting-Lu|40\/100|[from] item: Leftovers\n|upkeep\n|turn|11\n|c|\u2606Ginesect|ooh\n|\n|t:|1699104744\n|move|p1a: Iron Knight|Roost|p1a: Iron Knight\n|-heal|p1a: Iron Knight|69\/100\n|move|p2a: Ting-Lu|Earthquake|p1a: Iron Knight\n|-damage|p1a: Iron Knight|20\/100\n|\n|-heal|p1a: Iron Knight|26\/100|[from] item: Leftovers\n|-heal|p2a: Ting-Lu|46\/100|[from] item: Leftovers\n|upkeep\n|turn|12\n|\n|t:|1699104751\n|move|p1a: Iron Knight|Roost|p1a: Iron Knight\n|-heal|p1a: Iron Knight|77\/100\n|move|p2a: Ting-Lu|Earthquake|p1a: Iron Knight\n|-damage|p1a: Iron Knight|31\/100\n|\n|-heal|p1a: Iron Knight|37\/100|[from] item: Leftovers\n|-heal|p2a: Ting-Lu|53\/100|[from] item: Leftovers\n|upkeep\n|turn|13\n|\n|t:|1699104757\n|move|p1a: Iron Knight|Roost|p1a: Iron Knight\n|-heal|p1a: Iron Knight|87\/100\n|move|p2a: Ting-Lu|Earthquake|p1a: Iron Knight\n|-damage|p1a: Iron Knight|39\/100\n|\n|-heal|p1a: Iron Knight|45\/100|[from] item: Leftovers\n|-heal|p2a: Ting-Lu|59\/100|[from] item: Leftovers\n|upkeep\n|turn|14\n|\n|t:|1699104764\n|move|p1a: Iron Knight|Roost|p1a: Iron Knight\n|-heal|p1a: Iron Knight|96\/100\n|move|p2a: Ting-Lu|Earthquake|p1a: Iron Knight\n|-damage|p1a: Iron Knight|49\/100\n|\n|-heal|p1a: Iron Knight|55\/100|[from] item: Leftovers\n|-heal|p2a: Ting-Lu|65\/100|[from] item: Leftovers\n|upkeep\n|turn|15\n|\n|t:|1699104772\n|move|p1a: Iron Knight|Roost|p1a: Iron Knight\n|-heal|p1a: Iron Knight|100\/100\n|move|p2a: Ting-Lu|Whirlwind|p1a: Iron Knight\n|drag|p1a: Big tortel|Torterra, M|69\/100\n|-damage|p1a: Big tortel|63\/100|[from] Stealth Rock\n|\n|-heal|p2a: Ting-Lu|71\/100|[from] item: Leftovers\n|upkeep\n|turn|16\n|\n|t:|1699104791\n|move|p1a: Big tortel|Shell Smash|p1a: Big tortel\n|-unboost|p1a: Big tortel|def|1\n|-unboost|p1a: Big tortel|spd|1\n|-boost|p1a: Big tortel|atk|2\n|-boost|p1a: Big tortel|spa|2\n|-boost|p1a: Big tortel|spe|2\n|move|p2a: Ting-Lu|Whirlwind|p1a: Big tortel\n|drag|p1a: Fly high|Ribombee, M|100\/100\n|-damage|p1a: Fly high|76\/100|[from] Stealth Rock\n|\n|-heal|p2a: Ting-Lu|78\/100|[from] item: Leftovers\n|upkeep\n|turn|17\n|\n|t:|1699104807\n|switch|p2a: Mandibuzz|Mandibuzz, F|86\/100\n|move|p1a: Fly high|Sticky Web|p2a: Mandibuzz\n|-sidestart|p2: Ginesect|move: Sticky Web\n|\n|upkeep\n|turn|18\n|\n|t:|1699104813\n|move|p1a: Fly high|Moonblast|p2a: Mandibuzz\n|-supereffective|p2a: Mandibuzz\n|-damage|p2a: Mandibuzz|16\/100\n|-unboost|p2a: Mandibuzz|spa|1\n|move|p2a: Mandibuzz|Defog|p1a: Fly high\n|-unboost|p1a: Fly high|evasion|1\n|-sideend|p1: ForXernox|Stealth Rock|[from] move: Defog|[of] p2a: Mandibuzz\n|-sideend|p2: Ginesect|Stealth Rock|[from] move: Defog|[of] p2a: Mandibuzz\n|-sideend|p2: Ginesect|Sticky Web|[from] move: Defog|[of] p2a: Mandibuzz\n|\n|upkeep\n|turn|19\n|\n|t:|1699104832\n|switch|p2a: Mawile|Mawile, F|100\/100\n|-ability|p2a: Mawile|Intimidate|boost\n|-unboost|p1a: Fly high|atk|1\n|move|p1a: Fly high|Sticky Web|p2a: Mawile\n|-sidestart|p2: Ginesect|move: Sticky Web\n|\n|upkeep\n|turn|20\n|\n|t:|1699104848\n|switch|p1a: Wukong|Infernape, M|100\/100\n|detailschange|p2a: Mawile|Mawile-Mega, F\n|-mega|p2a: Mawile|Mawile|Mawilite\n|move|p2a: Mawile|Swords Dance|p2a: Mawile\n|-boost|p2a: Mawile|atk|2\n|\n|upkeep\n|turn|21\n|\n|t:|1699104856\n|move|p1a: Wukong|Flare Blitz|p2a: Mawile\n|-supereffective|p2a: Mawile\n|-damage|p2a: Mawile|0 fnt\n|faint|p2a: Mawile\n|-damage|p1a: Wukong|73\/100|[from] Recoil\n|-damage|p1a: Wukong|63\/100|[from] item: Life Orb\n|\n|upkeep\n|c|\u2606Ginesect|Damnn\n|\n|t:|1699104867\n|switch|p2a: Ting-Lu|Ting-Lu, tera:Water|78\/100\n|-activate|p2a: Ting-Lu|move: Sticky Web\n|-unboost|p2a: Ting-Lu|spe|1\n|-ability|p2a: Ting-Lu|Vessel of Ruin\n|turn|22\n|\n|t:|1699104874\n|move|p1a: Wukong|U-turn|p2a: Ting-Lu\n|-damage|p2a: Ting-Lu|66\/100\n|-damage|p1a: Wukong|53\/100|[from] item: Life Orb\n|\n|t:|1699104878\n|switch|p1a: Fly high|Ribombee, M|76\/100|[from] U-turn\n|move|p2a: Ting-Lu|Stealth Rock|p1a: Fly high\n|-sidestart|p1: ForXernox|move: Stealth Rock\n|\n|-heal|p2a: Ting-Lu|72\/100|[from] item: Leftovers\n|upkeep\n|turn|23\n|\n|t:|1699104888\n|move|p2a: Ting-Lu|Protect|p2a: Ting-Lu\n|-singleturn|p2a: Ting-Lu|Protect\n|move|p1a: Fly high|Moonblast|p2a: Ting-Lu\n|-activate|p2a: Ting-Lu|move: Protect\n|\n|-heal|p2a: Ting-Lu|79\/100|[from] item: Leftovers\n|upkeep\n|turn|24\n|\n|t:|1699104895\n|move|p1a: Fly high|Moonblast|p2a: Ting-Lu\n|-damage|p2a: Ting-Lu|59\/100\n|-unboost|p2a: Ting-Lu|spa|1\n|move|p2a: Ting-Lu|Whirlwind|p1a: Fly high\n|drag|p1a: Wukong|Infernape, M|53\/100\n|-damage|p1a: Wukong|41\/100|[from] Stealth Rock\n|\n|-heal|p2a: Ting-Lu|65\/100|[from] item: Leftovers\n|upkeep\n|turn|25\n|\n|t:|1699104904\n|move|p1a: Wukong|U-turn|p2a: Ting-Lu\n|-damage|p2a: Ting-Lu|52\/100\n|-damage|p1a: Wukong|31\/100|[from] item: Life Orb\n|\n|t:|1699104912\n|switch|p1a: Iron Knight|Empoleon, M, tera:Fairy|100\/100|[from] U-turn\n|-damage|p1a: Iron Knight|88\/100|[from] Stealth Rock\n|move|p2a: Ting-Lu|Earthquake|p1a: Iron Knight\n|-damage|p1a: Iron Knight|43\/100\n|\n|-heal|p1a: Iron Knight|49\/100|[from] item: Leftovers\n|-heal|p2a: Ting-Lu|58\/100|[from] item: Leftovers\n|upkeep\n|turn|26\n|\n|t:|1699104927\n|move|p1a: Iron Knight|Roost|p1a: Iron Knight\n|-heal|p1a: Iron Knight|99\/100\n|move|p2a: Ting-Lu|Whirlwind|p1a: Iron Knight\n|drag|p1a: Wukong|Infernape, M|31\/100\n|-damage|p1a: Wukong|19\/100|[from] Stealth Rock\n|\n|-heal|p2a: Ting-Lu|65\/100|[from] item: Leftovers\n|upkeep\n|turn|27\n|\n|t:|1699104938\n|move|p2a: Ting-Lu|Protect|p2a: Ting-Lu\n|-singleturn|p2a: Ting-Lu|Protect\n|move|p1a: Wukong|U-turn|p2a: Ting-Lu\n|-activate|p2a: Ting-Lu|move: Protect\n|\n|-heal|p2a: Ting-Lu|71\/100|[from] item: Leftovers\n|upkeep\n|turn|28\n|\n|t:|1699104945\n|move|p1a: Wukong|U-turn|p2a: Ting-Lu\n|-damage|p2a: Ting-Lu|59\/100\n|-damage|p1a: Wukong|9\/100|[from] item: Life Orb\n|\n|t:|1699104952\n|switch|p1a: Fly high|Ribombee, M|76\/100|[from] U-turn\n|-damage|p1a: Fly high|51\/100|[from] Stealth Rock\n|move|p2a: Ting-Lu|Earthquake|p1a: Fly high\n|-resisted|p1a: Fly high\n|-damage|p1a: Fly high|15\/100\n|\n|-heal|p2a: Ting-Lu|65\/100|[from] item: Leftovers\n|upkeep\n|turn|29\n|\n|t:|1699104963\n|move|p2a: Ting-Lu|Protect|p2a: Ting-Lu\n|-singleturn|p2a: Ting-Lu|Protect\n|move|p1a: Fly high|Moonblast|p2a: Ting-Lu\n|-activate|p2a: Ting-Lu|move: Protect\n|\n|-heal|p2a: Ting-Lu|72\/100|[from] item: Leftovers\n|upkeep\n|turn|30\n|\n|t:|1699104967\n|move|p1a: Fly high|Moonblast|p2a: Ting-Lu\n|-damage|p2a: Ting-Lu|50\/100\n|-unboost|p2a: Ting-Lu|spa|1\n|move|p2a: Ting-Lu|Earthquake|p1a: Fly high\n|-resisted|p1a: Fly high\n|-damage|p1a: Fly high|0 fnt\n|faint|p1a: Fly high\n|\n|-heal|p2a: Ting-Lu|57\/100|[from] item: Leftovers\n|upkeep\n|c|\u2606ForXernox|I didn't expect stall of all things\n|\n|t:|1699104997\n|switch|p1a: Kaiju|Tyranitar-Mega, M|57\/100\n|-damage|p1a: Kaiju|45\/100|[from] Stealth Rock\n|-weather|Sandstorm|[from] ability: Sand Stream|[of] p1a: Kaiju\n|turn|31\n|c|\u2606Ginesect|I didn't expect to stall as well lol\n|c|\u2606Ginesect|It's literally a balance team\n|\n|t:|1699105013\n|move|p1a: Kaiju|Stealth Rock|p2a: Ting-Lu\n|-sidestart|p2: Ginesect|move: Stealth Rock\n|move|p2a: Ting-Lu|Earthquake|p1a: Kaiju\n|-supereffective|p1a: Kaiju\n|-damage|p1a: Kaiju|2\/100\n|\n|-weather|Sandstorm|[upkeep]\n|-damage|p2a: Ting-Lu|50\/100|[from] Sandstorm\n|-heal|p2a: Ting-Lu|57\/100|[from] item: Leftovers\n|upkeep\n|turn|32\n|\n|t:|1699105022\n|move|p1a: Kaiju|Rock Slide|p2a: Ting-Lu\n|-damage|p2a: Ting-Lu|32\/100\n|cant|p2a: Ting-Lu|flinch\n|\n|-weather|Sandstorm|[upkeep]\n|-damage|p2a: Ting-Lu|26\/100|[from] Sandstorm\n|-heal|p2a: Ting-Lu|32\/100|[from] item: Leftovers\n|upkeep\n|turn|33\n|\n|t:|1699105037\n|move|p1a: Kaiju|Rock Slide|p2a: Ting-Lu\n|-damage|p2a: Ting-Lu|8\/100\n|cant|p2a: Ting-Lu|flinch\n|\n|-weather|Sandstorm|[upkeep]\n|-damage|p2a: Ting-Lu|2\/100|[from] Sandstorm\n|-heal|p2a: Ting-Lu|8\/100|[from] item: Leftovers\n|upkeep\n|turn|34\n|c|\u2606Ginesect|Wtf\n|c|\u2606Ginesect|Lmao\n|\n|t:|1699105067\n|move|p1a: Kaiju|Rock Slide|p2a: Ting-Lu\n|-damage|p2a: Ting-Lu|0 fnt\n|faint|p2a: Ting-Lu\n|\n|-weather|Sandstorm|[upkeep]\n|upkeep\n|\n|t:|1699105069\n|switch|p2a: Greninja|Greninja, M|100\/100\n|-activate|p2a: Greninja|move: Sticky Web\n|-unboost|p2a: Greninja|spe|1\n|-damage|p2a: Greninja|88\/100|[from] Stealth Rock\n|turn|35\n|\n|t:|1699105079\n|move|p2a: Greninja|Hydro Pump|p1a: Kaiju|[miss]\n|-miss|p2a: Greninja|p1a: Kaiju\n|move|p1a: Kaiju|Brick Break|p2a: Greninja\n|-supereffective|p2a: Greninja\n|-damage|p2a: Greninja|0 fnt\n|faint|p2a: Greninja\n|\n|-weather|none\n|upkeep\n|c|\u2606Ginesect|Holy\n|c|\u2606Ginesect|wtf\n|\n|t:|1699105093\n|switch|p2a: Mandibuzz|Mandibuzz, F|16\/100\n|turn|36\n|\n|t:|1699105110\n|move|p2a: Mandibuzz|Defog|p1a: Kaiju\n|-unboost|p1a: Kaiju|evasion|1\n|-sideend|p1: ForXernox|Stealth Rock|[from] move: Defog|[of] p2a: Mandibuzz\n|-sideend|p2: Ginesect|Stealth Rock|[from] move: Defog|[of] p2a: Mandibuzz\n|-sideend|p2: Ginesect|Sticky Web|[from] move: Defog|[of] p2a: Mandibuzz\n|move|p1a: Kaiju|Rock Slide|p2a: Mandibuzz\n|-supereffective|p2a: Mandibuzz\n|-damage|p2a: Mandibuzz|0 fnt\n|faint|p2a: Mandibuzz\n|\n|upkeep\n|c|\u2606Ginesect|Insane rng\n|\n|t:|1699105127\n|switch|p2a: Grimmsnarl|Grimmsnarl, M|100\/100\n|turn|37\n|\n|t:|1699105131\n|move|p2a: Grimmsnarl|Reflect|p2a: Grimmsnarl\n|-sidestart|p2: Ginesect|Reflect\n|move|p1a: Kaiju|Stealth Rock|p2a: Grimmsnarl\n|-sidestart|p2: Ginesect|move: Stealth Rock\n|\n|upkeep\n|turn|38\n|\n|t:|1699105138\n|move|p2a: Grimmsnarl|Thunder Wave|p1a: Kaiju\n|-hint|Since gen 7, Dark is immune to Prankster moves.\n|-immune|p1a: Kaiju\n|move|p1a: Kaiju|Brick Break|p2a: Grimmsnarl\n|-sideend|p2: Ginesect|Reflect\n|-damage|p2a: Grimmsnarl|62\/100\n|\n|upkeep\n|turn|39\n|c|\u2606Ginesect|Oh wait\n|c|\u2606Ginesect|I'm stupid\n|\n|t:|1699105150\n|move|p2a: Grimmsnarl|Reflect|p2a: Grimmsnarl\n|-sidestart|p2: Ginesect|Reflect\n|move|p1a: Kaiju|Brick Break|p2a: Grimmsnarl\n|-sideend|p2: Ginesect|Reflect\n|-damage|p2a: Grimmsnarl|19\/100\n|\n|upkeep\n|turn|40\n|c|\u2606Ginesect|I'm very stupid\n|\n|t:|1699105161\n|move|p2a: Grimmsnarl|Reflect|p2a: Grimmsnarl\n|-sidestart|p2: Ginesect|Reflect\n|move|p1a: Kaiju|Brick Break|p2a: Grimmsnarl\n|-sideend|p2: Ginesect|Reflect\n|-damage|p2a: Grimmsnarl|0 fnt\n|faint|p2a: Grimmsnarl\n|\n|upkeep\n|\n|t:|1699105163\n|switch|p2a: Chien-Pao|Chien-Pao|100\/100\n|-damage|p2a: Chien-Pao|76\/100|[from] Stealth Rock\n|-ability|p2a: Chien-Pao|Sword of Ruin\n|turn|41\n|\n|t:|1699105173\n|move|p2a: Chien-Pao|Ice Spinner|p1a: Kaiju\n|-damage|p1a: Kaiju|0 fnt\n|faint|p1a: Kaiju\n|\n|upkeep\n|\n|t:|1699105181\n|switch|p1a: Wukong|Infernape, M|9\/100\n|turn|42\n|c|\u2606Ginesect|welp gg ig\n|\n|t:|1699105183\n|move|p1a: Wukong|Mach Punch|p2a: Chien-Pao\n|-supereffective|p2a: Chien-Pao\n|-damage|p2a: Chien-Pao|0 fnt\n|faint|p2a: Chien-Pao\n|-damage|p1a: Wukong|0 fnt|[from] item: Life Orb\n|faint|p1a: Wukong\n|\n|win|ForXernox\n|c|\u2606Ginesect|gg\n|c|\u2606ForXernox|Gg\n|c|\u2606ForXernox|Thank eng\n|c|\u2606ForXernox|Rng*\n|c|\u2606ForXernox|Thanks for helping\n|c|\u2606ForXernox|I appreciate it\n|c|\u2606Ginesect|Lol\n","uploadtime":1699105214,"views":10,"p1id":"forxernox","p2id":"ginesect","formatid":"gen9nationaldexubers","rating":0,"private":0,"password":""}