{"id":"gen9nationaldexubers-1988445798","p1":"Tinen","p2":"supremochavoso235p","format":"[Gen 9] National Dex Ubers","log":"|j|\u2606Tinen\n|j|\u2606supremochavoso235p\n|t:|1699723758\n|gametype|singles\n|player|p1|Tinen|dancer|\n|player|p2|supremochavoso235p|n|\n|teamsize|p1|6\n|teamsize|p2|6\n|gen|9\n|tier|[Gen 9] National Dex Ubers\n|rule|HP Percentage Mod: HP is shown in percentages\n|rule|Endless Battle Clause: Forcing endless battles is banned\n|rule|OHKO Clause: OHKO moves are banned\n|rule|Evasion Moves Clause: Evasion moves are banned\n|rule|Evasion Items Clause: Evasion items are banned\n|rule|Species Clause: Limit one of each Pok\u00e9mon\n|rule|Sleep Clause Mod: Limit one foe put to sleep\n|rule|Mega Rayquaza Clause: You cannot mega evolve Rayquaza\n|clearpoke\n|poke|p1|Charizard, F|\n|poke|p1|Hydreigon, F|\n|poke|p1|Gengar, M|\n|poke|p1|Mewtwo|\n|poke|p1|Zygarde|\n|poke|p1|Greninja-*, M|\n|poke|p2|Serperior, M|\n|poke|p2|Marshadow|\n|poke|p2|Metagross|\n|poke|p2|Cinderace, M|\n|poke|p2|Galvantula, M|\n|poke|p2|Deoxys-Speed|\n|teampreview\n|c|\u2606Tinen|quanto tempo\n|inactive|Battle timer is ON: inactive players will automatically lose when time's up. (requested by supremochavoso235p)\n|\n|t:|1699723772\n|start\n|switch|p1a: Greninja|Greninja, M|100\/100\n|switch|p2a: Galvantula|Galvantula, M|100\/100\n|-ability|p2a: Galvantula|Unnerve\n|turn|1\n|\n|t:|1699723792\n|switch|p1a: Charizard|Charizard, F|100\/100\n|move|p2a: Galvantula|Sticky Web|p1a: Charizard\n|-sidestart|p1: Tinen|move: Sticky Web\n|\n|upkeep\n|turn|2\n|\n|t:|1699723801\n|move|p2a: Galvantula|Discharge|p1a: Charizard\n|-supereffective|p1a: Charizard\n|-damage|p1a: Charizard|14\/100\n|move|p1a: Charizard|Dragon Dance|p1a: Charizard\n|-boost|p1a: Charizard|atk|1\n|-boost|p1a: Charizard|spe|1\n|\n|upkeep\n|turn|3\n|\n|t:|1699723808\n|detailschange|p1a: Charizard|Charizard-Mega-X, F\n|-mega|p1a: Charizard|Charizard|Charizardite X\n|move|p1a: Charizard|Flare Blitz|p2a: Galvantula\n|-supereffective|p2a: Galvantula\n|-damage|p2a: Galvantula|0 fnt\n|faint|p2a: Galvantula\n|-damage|p1a: Charizard|0 fnt|[from] Recoil\n|faint|p1a: Charizard\n|\n|upkeep\n|\n|t:|1699723824\n|switch|p2a: Deoxys|Deoxys-Speed|100\/100\n|switch|p1a: Gengar|Gengar, M|100\/100\n|-activate|p1a: Gengar|move: Sticky Web\n|-unboost|p1a: Gengar|spe|1\n|-ability|p2a: Deoxys|Pressure\n|turn|4\n|inactive|supremochavoso235p has 270 seconds left.\n|c|\u2606Tinen|depois vamo um aAG\n|inactive|supremochavoso235p has 240 seconds left.\n|\n|t:|1699723881\n|-terastallize|p1a: Gengar|Ghost\n|move|p2a: Deoxys|Stealth Rock|p1a: Gengar\n|-sidestart|p1: Tinen|move: Stealth Rock\n|move|p1a: Gengar|Shadow Ball|p2a: Deoxys\n|-supereffective|p2a: Deoxys\n|-damage|p2a: Deoxys|0 fnt\n|faint|p2a: Deoxys\n|\n|upkeep\n|inactive|supremochavoso235p has 240 seconds left.\n|c|\u2606Tinen|tava com medo de um psycho boost da vida\n|\n|t:|1699723906\n|switch|p2a: tinem|Marshadow|100\/100\n|turn|5\n|\n|t:|1699723913\n|move|p2a: tinem|Shadow Sneak|p1a: Gengar\n|-supereffective|p1a: Gengar\n|-damage|p1a: Gengar|0 fnt\n|faint|p1a: Gengar\n|\n|upkeep\n|\n|t:|1699723918\n|switch|p1a: Hydreigon|Hydreigon, F|100\/100\n|-damage|p1a: Hydreigon|88\/100|[from] Stealth Rock\n|turn|6\n|inactive|supremochavoso235p has 240 seconds left.\n|\n|t:|1699723946\n|move|p2a: tinem|Brick Break|p1a: Hydreigon\n|-supereffective|p1a: Hydreigon\n|-damage|p1a: Hydreigon|3\/100\n|move|p1a: Hydreigon|Dark Pulse|p2a: tinem\n|-damage|p2a: tinem|28\/100\n|\n|upkeep\n|turn|7\n|\n|t:|1699723952\n|move|p2a: tinem|Brick Break|p1a: Hydreigon\n|-supereffective|p1a: Hydreigon\n|-damage|p1a: Hydreigon|0 fnt\n|faint|p1a: Hydreigon\n|\n|upkeep\n|\n|t:|1699723955\n|switch|p1a: Greninja|Greninja, M|100\/100\n|-activate|p1a: Greninja|move: Sticky Web\n|-unboost|p1a: Greninja|spe|1\n|-damage|p1a: Greninja|88\/100|[from] Stealth Rock\n|turn|8\n|\n|t:|1699723973\n|move|p1a: Greninja|Water Shuriken|p2a: tinem\n|-damage|p2a: tinem|18\/100\n|-damage|p2a: tinem|9\/100\n|-damage|p2a: tinem|0 fnt\n|faint|p2a: tinem\n|-ability|p1a: Greninja|Battle Bond|boost\n|-boost|p1a: Greninja|atk|1\n|-boost|p1a: Greninja|spa|1\n|-boost|p1a: Greninja|spe|1\n|-activate|p1a: Greninja|ability: Battle Bond\n|-hitcount|p2: tinem|3\n|-damage|p1a: Greninja|78\/100|[from] item: Life Orb\n|\n|upkeep\n|\n|t:|1699723991\n|switch|p2a: Serperior|Serperior, M|100\/100\n|turn|9\n|\n|t:|1699724000\n|-terastallize|p2a: Serperior|Water\n|move|p1a: Greninja|Dark Pulse|p2a: Serperior\n|-damage|p2a: Serperior|11\/100\n|-enditem|p2a: Serperior|Liechi Berry|[eat]\n|-unboost|p2a: Serperior|atk|1|[from] item: Liechi Berry\n|-damage|p1a: Greninja|69\/100|[from] item: Life Orb\n|move|p2a: Serperior|Glare|p1a: Greninja\n|-status|p1a: Greninja|par\n|\n|upkeep\n|turn|10\n|\n|t:|1699724012\n|move|p2a: Serperior|Leaf Storm|p1a: Greninja\n|-supereffective|p1a: Greninja\n|-damage|p1a: Greninja|0 fnt\n|-boost|p2a: Serperior|spa|2\n|faint|p1a: Greninja\n|\n|upkeep\n|\n|t:|1699724017\n|switch|p1a: Mewtwo|Mewtwo|100\/100\n|-activate|p1a: Mewtwo|move: Sticky Web\n|-unboost|p1a: Mewtwo|spe|1\n|-damage|p1a: Mewtwo|88\/100|[from] Stealth Rock\n|-ability|p1a: Mewtwo|Pressure\n|turn|11\n|\n|t:|1699724027\n|move|p2a: Serperior|Leaf Storm|p1a: Mewtwo|[miss]\n|-miss|p2a: Serperior|p1a: Mewtwo\n|move|p1a: Mewtwo|Psystrike|p2a: Serperior\n|-crit|p2a: Serperior\n|-damage|p2a: Serperior|0 fnt\n|faint|p2a: Serperior\n|\n|upkeep\n|\n|t:|1699724032\n|switch|p2a: Metagross|Metagross, shiny|100\/100\n|turn|12\n|\n|t:|1699724058\n|detailschange|p2a: Metagross|Metagross-Mega, shiny\n|-mega|p2a: Metagross|Metagross|Metagrossite\n|move|p2a: Metagross|Earthquake|p1a: Mewtwo\n|-damage|p1a: Mewtwo|56\/100\n|move|p1a: Mewtwo|Fire Blast|p2a: Metagross\n|-supereffective|p2a: Metagross\n|-damage|p2a: Metagross|15\/100\n|\n|upkeep\n|turn|13\n|\n|t:|1699724067\n|move|p2a: Metagross|Thunder Punch|p1a: Mewtwo\n|-damage|p1a: Mewtwo|25\/100\n|move|p1a: Mewtwo|Fire Blast|p2a: Metagross\n|-supereffective|p2a: Metagross\n|-damage|p2a: Metagross|0 fnt\n|faint|p2a: Metagross\n|\n|upkeep\n|\n|t:|1699724072\n|switch|p2a: Cinderace|Cinderace, M|100\/100\n|turn|14\n|\n|t:|1699724081\n|move|p2a: Cinderace|High Jump Kick|p1a: Mewtwo|[miss]\n|-start|p2a: Cinderace|typechange|Fighting|[from] ability: Libero\n|-miss|p2a: Cinderace|p1a: Mewtwo\n|-damage|p2a: Cinderace|50\/100|[from] highjumpkick\n|move|p1a: Mewtwo|Psystrike|p2a: Cinderace\n|-supereffective|p2a: Cinderace\n|-damage|p2a: Cinderace|0 fnt\n|faint|p2a: Cinderace\n|\n|win|Tinen\n|c|\u2606Tinen|nossa\n|c|\u2606Tinen|isso foi azar\n","uploadtime":1699724091,"views":20,"p1id":"tinen","p2id":"supremochavoso235p","formatid":"gen9nationaldexubers","rating":0,"private":0,"password":""}