{"id":"gen9nationaldexubers-1994726184","p1":"huhubds","p2":"Ewing Solstice","format":"[Gen 9] National Dex Ubers","log":"|j|\u2606huhubds\n|j|\u2606Ewing Solstice\n|t:|1700486220\n|gametype|singles\n|player|p1|huhubds|preschooler|1027\n|player|p2|Ewing Solstice|koga|1000\n|teamsize|p1|6\n|teamsize|p2|6\n|gen|9\n|tier|[Gen 9] National Dex Ubers\n|rated|\n|rule|HP Percentage Mod: HP is shown in percentages\n|rule|Endless Battle Clause: Forcing endless battles is banned\n|rule|OHKO Clause: OHKO moves are banned\n|rule|Evasion Moves Clause: Evasion moves are banned\n|rule|Evasion Items Clause: Evasion items are banned\n|rule|Species Clause: Limit one of each Pok\u00e9mon\n|rule|Sleep Clause Mod: Limit one foe put to sleep\n|rule|Mega Rayquaza Clause: You cannot mega evolve Rayquaza\n|clearpoke\n|poke|p1|Genesect|\n|poke|p1|Miltank, F|\n|poke|p1|Marshadow|\n|poke|p1|Raichu-Alola, F|\n|poke|p1|Gallade, M|\n|poke|p1|Tapu Lele|\n|poke|p2|Keldeo-Resolute|\n|poke|p2|Minior-Yellow|\n|poke|p2|Diancie|\n|poke|p2|Darmanitan-Galar, F|\n|poke|p2|Suicune|\n|poke|p2|Celesteela|\n|teampreview\n|inactive|Battle timer is ON: inactive players will automatically lose when time's up. (requested by huhubds)\n|\n|t:|1700486240\n|start\n|switch|p1a: Gallade|Gallade, M|100\/100\n|switch|p2a: Darmanitan|Darmanitan-Galar, F|100\/100\n|turn|1\n|\n|t:|1700486248\n|move|p2a: Darmanitan|Flare Blitz|p1a: Gallade\n|-damage|p1a: Gallade|0 fnt\n|faint|p1a: Gallade\n|-damage|p2a: Darmanitan|75\/100|[from] Recoil\n|\n|upkeep\n|\n|t:|1700486276\n|switch|p1a: Miltank|Miltank, F, shiny|100\/100\n|turn|2\n|\n|t:|1700486294\n|switch|p2a: Celesteela|Celesteela|100\/100\n|move|p1a: Miltank|Earthquake|p2a: Celesteela\n|-immune|p2a: Celesteela\n|\n|upkeep\n|turn|3\n|\n|t:|1700486307\n|switch|p1a: Marshadow|Marshadow|100\/100\n|move|p2a: Celesteela|Autotomize|p2a: Celesteela\n|-boost|p2a: Celesteela|spe|2\n|-start|p2a: Celesteela|Autotomize\n|\n|upkeep\n|turn|4\n|\n|t:|1700486313\n|move|p1a: Marshadow|Close Combat|p2a: Celesteela\n|-damage|p2a: Celesteela|30\/100\n|-unboost|p1a: Marshadow|def|1\n|-unboost|p1a: Marshadow|spd|1\n|move|p2a: Celesteela|Air Slash|p1a: Marshadow\n|-supereffective|p1a: Marshadow\n|-damage|p1a: Marshadow|0 fnt\n|faint|p1a: Marshadow\n|-ability|p2a: Celesteela|Beast Boost|boost\n|-boost|p2a: Celesteela|spa|1\n|\n|upkeep\n|\n|t:|1700486329\n|switch|p1a: Genesect|Genesect, shiny|100\/100\n|-ability|p1a: Genesect|Download|boost\n|-boost|p1a: Genesect|spa|1\n|turn|5\n|\n|t:|1700486334\n|move|p1a: Genesect|Flamethrower|p2a: Celesteela\n|-supereffective|p2a: Celesteela\n|-damage|p2a: Celesteela|0 fnt\n|faint|p2a: Celesteela\n|\n|upkeep\n|inactive|Ewing Solstice has 120 seconds left.\n|\n|t:|1700486370\n|switch|p2a: Keldeo|Keldeo-Resolute|100\/100\n|turn|6\n|\n|t:|1700486386\n|switch|p1a: Tapu Lele|Tapu Lele|100\/100\n|-fieldstart|move: Psychic Terrain|[from] ability: Psychic Surge|[of] p1a: Tapu Lele\n|move|p2a: Keldeo|Substitute|p2a: Keldeo\n|-start|p2a: Keldeo|Substitute\n|-damage|p2a: Keldeo|76\/100\n|\n|-heal|p2a: Keldeo|82\/100|[from] item: Leftovers\n|upkeep\n|turn|7\n|\n|t:|1700486398\n|move|p2a: Keldeo|Calm Mind|p2a: Keldeo\n|-boost|p2a: Keldeo|spa|1\n|-boost|p2a: Keldeo|spd|1\n|move|p1a: Tapu Lele|Moonblast|p2a: Keldeo\n|-supereffective|p2a: Keldeo\n|-end|p2a: Keldeo|Substitute\n|\n|-heal|p2a: Keldeo|88\/100|[from] item: Leftovers\n|upkeep\n|turn|8\n|\n|t:|1700486408\n|move|p2a: Keldeo|Scald|p1a: Tapu Lele\n|-damage|p1a: Tapu Lele|36\/100\n|move|p1a: Tapu Lele|Moonblast|p2a: Keldeo\n|-supereffective|p2a: Keldeo\n|-damage|p2a: Keldeo|0 fnt\n|faint|p2a: Keldeo\n|\n|upkeep\n|\n|t:|1700486416\n|switch|p2a: Diancie|Diancie|100\/100\n|turn|9\n|\n|t:|1700486423\n|switch|p1a: Raichu|Raichu-Alola, F|100\/100\n|detailschange|p2a: Diancie|Diancie-Mega\n|-mega|p2a: Diancie|Diancie|Diancite\n|move|p2a: Diancie|Calm Mind|p2a: Diancie\n|-boost|p2a: Diancie|spa|1\n|-boost|p2a: Diancie|spd|1\n|\n|upkeep\n|turn|10\n|\n|t:|1700486428\n|move|p2a: Diancie|Earth Power|p1a: Raichu\n|-supereffective|p1a: Raichu\n|-damage|p1a: Raichu|0 fnt\n|faint|p1a: Raichu\n|\n|-fieldend|move: Psychic Terrain\n|upkeep\n|inactive|huhubds has 120 seconds left.\n|\n|t:|1700486460\n|switch|p1a: Genesect|Genesect, shiny|100\/100\n|-ability|p1a: Genesect|Download|boost\n|-boost|p1a: Genesect|atk|1\n|turn|11\n|\n|t:|1700486469\n|move|p1a: Genesect|Iron Head|p2a: Diancie\n|-supereffective|p2a: Diancie\n|-damage|p2a: Diancie|0 fnt\n|faint|p2a: Diancie\n|\n|upkeep\n|\n|t:|1700486473\n|switch|p2a: Suicune|Suicune|100\/100\n|-ability|p2a: Suicune|Pressure\n|turn|12\n|\n|t:|1700486481\n|switch|p1a: Tapu Lele|Tapu Lele|36\/100\n|-fieldstart|move: Psychic Terrain|[from] ability: Psychic Surge|[of] p1a: Tapu Lele\n|move|p2a: Suicune|Calm Mind|p2a: Suicune\n|-boost|p2a: Suicune|spa|1\n|-boost|p2a: Suicune|spd|1\n|\n|upkeep\n|turn|13\n|\n|t:|1700486487\n|move|p1a: Tapu Lele|Energy Ball|p2a: Suicune\n|-supereffective|p2a: Suicune\n|-damage|p2a: Suicune|52\/100\n|move|p2a: Suicune|Scald|p1a: Tapu Lele\n|-damage|p1a: Tapu Lele|0 fnt\n|faint|p1a: Tapu Lele\n|\n|-heal|p2a: Suicune|59\/100|[from] item: Leftovers\n|upkeep\n|\n|t:|1700486492\n|switch|p1a: Miltank|Miltank, F, shiny|100\/100\n|turn|14\n|\n|t:|1700486495\n|move|p1a: Miltank|Body Slam|p2a: Suicune\n|-crit|p2a: Suicune\n|-damage|p2a: Suicune|16\/100\n|move|p2a: Suicune|Calm Mind|p2a: Suicune\n|-boost|p2a: Suicune|spa|1\n|-boost|p2a: Suicune|spd|1\n|\n|-heal|p2a: Suicune|23\/100|[from] item: Leftovers\n|upkeep\n|turn|15\n|\n|t:|1700486499\n|move|p1a: Miltank|Body Slam|p2a: Suicune\n|-damage|p2a: Suicune|0 fnt\n|faint|p2a: Suicune\n|\n|upkeep\n|\n|t:|1700486503\n|switch|p2a: Darmanitan|Darmanitan-Galar, F|75\/100\n|turn|16\n|\n|t:|1700486509\n|move|p2a: Darmanitan|Superpower|p1a: Miltank\n|-supereffective|p1a: Miltank\n|-damage|p1a: Miltank|0 fnt\n|-unboost|p2a: Darmanitan|atk|1\n|-unboost|p2a: Darmanitan|def|1\n|faint|p1a: Miltank\n|\n|-fieldend|move: Psychic Terrain\n|upkeep\n|\n|t:|1700486512\n|switch|p1a: Genesect|Genesect, shiny|100\/100\n|-ability|p1a: Genesect|Download|boost\n|-boost|p1a: Genesect|atk|1\n|turn|17\n|\n|t:|1700486516\n|switch|p2a: Minior|Minior-Yellow|100\/100\n|-formechange|p2a: Minior|Minior-Meteor||[from] ability: Shields Down\n|move|p1a: Genesect|Iron Head|p2a: Minior\n|-supereffective|p2a: Minior\n|-damage|p2a: Minior|0 fnt\n|faint|p2a: Minior\n|\n|upkeep\n|\n|t:|1700486521\n|switch|p2a: Darmanitan|Darmanitan-Galar, F|75\/100\n|turn|18\n|\n|t:|1700486528\n|move|p1a: Genesect|Iron Head|p2a: Darmanitan\n|-supereffective|p2a: Darmanitan\n|-damage|p2a: Darmanitan|0 fnt\n|faint|p2a: Darmanitan\n|\n|win|huhubds\n|raw|huhubds's rating: 1027 &rarr; <strong>1060<\/strong><br \/>(+33 for winning)\n|raw|Ewing Solstice's rating: 1000 &rarr; <strong>1000<\/strong><br \/>(+0 for losing)\n","uploadtime":1700486578,"views":7,"p1id":"huhubds","p2id":"ewingsolstice","formatid":"gen9nationaldexubers","rating":1000,"private":0,"password":""}