{"id":"gen9nationaldexubers-1977763195","p1":"Triggerhappy50","p2":"Bear_in_distress","format":"[Gen 9] National Dex Ubers","log":"|j|\u2606Triggerhappy50\n|j|\u2606Bear_in_distress\n|t:|1698446708\n|gametype|singles\n|player|p1|Triggerhappy50|red|\n|player|p2|Bear_in_distress|li|\n|teamsize|p1|6\n|teamsize|p2|6\n|gen|9\n|tier|[Gen 9] National Dex Ubers\n|rule|HP Percentage Mod: HP is shown in percentages\n|rule|Endless Battle Clause: Forcing endless battles is banned\n|rule|OHKO Clause: OHKO moves are banned\n|rule|Evasion Moves Clause: Evasion moves are banned\n|rule|Evasion Items Clause: Evasion items are banned\n|rule|Species Clause: Limit one of each Pok\u00e9mon\n|rule|Sleep Clause Mod: Limit one foe put to sleep\n|rule|Mega Rayquaza Clause: You cannot mega evolve Rayquaza\n|clearpoke\n|poke|p1|Iron Valiant|\n|poke|p1|Azumarill, F|\n|poke|p1|Ninetales-Alola, M|\n|poke|p1|Clefable, M|\n|poke|p1|Flutter Mane|\n|poke|p1|Klefki, M|\n|poke|p2|Charizard, M|\n|poke|p2|Corviknight, M|\n|poke|p2|Braviary-Hisui, M|\n|poke|p2|Drifblim, F|\n|poke|p2|Pelipper, M|\n|poke|p2|Talonflame, M|\n|teampreview\n|\n|t:|1698446733\n|start\n|switch|p1a: Klefki|Klefki, M, shiny|100\/100\n|switch|p2a: Corviknight|Corviknight, M, shiny|100\/100\n|-ability|p2a: Corviknight|Pressure\n|turn|1\n|\n|t:|1698446749\n|move|p1a: Klefki|Reflect|p1a: Klefki\n|-sidestart|p1: Triggerhappy50|Reflect\n|move|p2a: Corviknight|Iron Head|p1a: Klefki\n|-damage|p1a: Klefki|86\/100\n|\n|upkeep\n|turn|2\n|\n|t:|1698446771\n|move|p1a: Klefki|Light Screen|p1a: Klefki\n|-sidestart|p1: Triggerhappy50|move: Light Screen\n|move|p2a: Corviknight|Flash Cannon|p1a: Klefki\n|-damage|p1a: Klefki|79\/100\n|\n|upkeep\n|turn|3\n|\n|t:|1698446787\n|switch|p1a: Iron Valiant|Iron Valiant|100\/100\n|-enditem|p1a: Iron Valiant|Booster Energy\n|-activate|p1a: Iron Valiant|ability: Quark Drive|[fromitem]\n|-start|p1a: Iron Valiant|quarkdrivespe\n|switch|p2a: Charizard|Charizard, M, shiny|100\/100\n|\n|upkeep\n|turn|4\n|\n|t:|1698446802\n|-terastallize|p1a: Iron Valiant|Rock\n|move|p1a: Iron Valiant|Tera Blast|p2a: Charizard|[anim] Tera Blast Rock\n|-supereffective|p2a: Charizard\n|-damage|p2a: Charizard|0 fnt\n|faint|p2a: Charizard\n|\n|upkeep\n|\n|t:|1698446808\n|switch|p2a: Drifblim|Drifblim, F, shiny|100\/100\n|turn|5\n|\n|t:|1698446815\n|move|p1a: Iron Valiant|Tera Blast|p2a: Drifblim|[anim] Tera Blast Rock\n|-supereffective|p2a: Drifblim\n|-damage|p2a: Drifblim|32\/100\n|move|p2a: Drifblim|Destiny Bond|p2a: Drifblim\n|-singlemove|p2a: Drifblim|Destiny Bond\n|\n|upkeep\n|turn|6\n|\n|t:|1698446833\n|-end|p1a: Iron Valiant|Quark Drive|[silent]\n|switch|p1a: Clefable|Clefable, M, shiny|100\/100\n|move|p2a: Drifblim|Will-O-Wisp|p1a: Clefable\n|-status|p1a: Clefable|brn\n|\n|upkeep\n|turn|7\n|\n|t:|1698446848\n|switch|p2a: Braviary|Braviary-Hisui, M, shiny|100\/100\n|move|p1a: Clefable|Stealth Rock|p2a: Braviary\n|-sidestart|p2: Bear_in_distress|move: Stealth Rock\n|\n|upkeep\n|turn|8\n|\n|t:|1698446871\n|move|p2a: Braviary|Agility|p2a: Braviary\n|-boost|p2a: Braviary|spe|2\n|move|p1a: Clefable|Wish|p1a: Clefable\n|\n|-sideend|p1: Triggerhappy50|Reflect\n|upkeep\n|turn|9\n|\n|t:|1698446885\n|move|p2a: Braviary|Psychic|p1a: Clefable\n|-damage|p1a: Clefable|64\/100 brn\n|move|p1a: Clefable|Thunderbolt|p2a: Braviary\n|-supereffective|p2a: Braviary\n|-damage|p2a: Braviary|49\/100\n|\n|-heal|p1a: Clefable|100\/100 brn|[from] move: Wish|[wisher] Clefable\n|-sideend|p1: Triggerhappy50|move: Light Screen\n|upkeep\n|turn|10\n|\n|t:|1698446900\n|switch|p1a: Klefki|Klefki, M, shiny|79\/100\n|move|p2a: Braviary|Psychic|p1a: Klefki\n|-resisted|p1a: Klefki\n|-damage|p1a: Klefki|49\/100\n|\n|upkeep\n|turn|11\n|\n|t:|1698446909\n|move|p1a: Klefki|Light Screen|p1a: Klefki\n|-sidestart|p1: Triggerhappy50|move: Light Screen\n|move|p2a: Braviary|Hurricane|p1a: Klefki\n|-resisted|p1a: Klefki\n|-damage|p1a: Klefki|31\/100\n|\n|upkeep\n|turn|12\n|\n|t:|1698446924\n|move|p1a: Klefki|Reflect|p1a: Klefki\n|-sidestart|p1: Triggerhappy50|Reflect\n|move|p2a: Braviary|Heat Wave|p1a: Klefki|[miss]\n|-miss|p2a: Braviary|p1a: Klefki\n|\n|upkeep\n|turn|13\n|\n|t:|1698446955\n|switch|p1a: Azumarill|Azumarill, F|100\/100\n|move|p2a: Braviary|Psychic|p1a: Azumarill\n|-damage|p1a: Azumarill|57\/100\n|\n|upkeep\n|turn|14\n|\n|t:|1698446989\n|switch|p2a: Pelipper|Pelipper, M, shiny|100\/100\n|-damage|p2a: Pelipper|76\/100|[from] Stealth Rock\n|-weather|RainDance|[from] ability: Drizzle|[of] p2a: Pelipper\n|move|p1a: Azumarill|Blizzard|p2a: Pelipper\n|-damage|p2a: Pelipper|56\/100\n|\n|-weather|RainDance|[upkeep]\n|upkeep\n|turn|15\n|\n|t:|1698447013\n|move|p1a: Azumarill|Belly Drum|p1a: Azumarill\n|-damage|p1a: Azumarill|7\/100\n|-setboost|p1a: Azumarill|atk|6|[from] move: Belly Drum\n|-enditem|p1a: Azumarill|Sitrus Berry|[eat]\n|-heal|p1a: Azumarill|31\/100|[from] item: Sitrus Berry\n|move|p2a: Pelipper|Hurricane|p1a: Azumarill\n|-crit|p1a: Azumarill\n|-damage|p1a: Azumarill|0 fnt\n|faint|p1a: Azumarill\n|\n|-weather|RainDance|[upkeep]\n|upkeep\n|\n|t:|1698447039\n|switch|p1a: Iron Valiant|Iron Valiant, tera:Rock|100\/100\n|turn|16\n|\n|t:|1698447043\n|move|p1a: Iron Valiant|Tera Blast|p2a: Pelipper|[anim] Tera Blast Rock\n|-supereffective|p2a: Pelipper\n|-damage|p2a: Pelipper|0 fnt\n|faint|p2a: Pelipper\n|\n|-weather|RainDance|[upkeep]\n|upkeep\n|\n|t:|1698447050\n|switch|p2a: Drifblim|Drifblim, F, shiny|32\/100\n|turn|17\n|\n|t:|1698447053\n|move|p1a: Iron Valiant|Tera Blast|p2a: Drifblim|[anim] Tera Blast Rock\n|-supereffective|p2a: Drifblim\n|-damage|p2a: Drifblim|0 fnt\n|faint|p2a: Drifblim\n|\n|-weather|RainDance|[upkeep]\n|upkeep\n|\n|t:|1698447060\n|switch|p2a: Talonflame|Talonflame, M, shiny|100\/100\n|-damage|p2a: Talonflame|51\/100|[from] Stealth Rock\n|turn|18\n|\n|t:|1698447072\n|move|p1a: Iron Valiant|Tera Blast|p2a: Talonflame|[anim] Tera Blast Rock\n|-supereffective|p2a: Talonflame\n|-damage|p2a: Talonflame|0 fnt\n|faint|p2a: Talonflame\n|\n|-weather|RainDance|[upkeep]\n|-sideend|p1: Triggerhappy50|move: Light Screen\n|upkeep\n|\n|t:|1698447081\n|switch|p2a: Corviknight|Corviknight, M, shiny|100\/100\n|-damage|p2a: Corviknight|88\/100|[from] Stealth Rock\n|-ability|p2a: Corviknight|Pressure\n|turn|19\n|\n|t:|1698447102\n|-end|p1a: Iron Valiant|Quark Drive|[silent]\n|switch|p1a: Ninetales|Ninetales-Alola, M, shiny|100\/100\n|-weather|Snow|[from] ability: Snow Warning|[of] p1a: Ninetales\n|-terastallize|p2a: Corviknight|Water\n|move|p2a: Corviknight|Roost|p2a: Corviknight\n|-heal|p2a: Corviknight|100\/100\n|\n|-weather|Snow|[upkeep]\n|-sideend|p1: Triggerhappy50|Reflect\n|upkeep\n|turn|20\n|\n|t:|1698447115\n|move|p1a: Ninetales|Aurora Veil|p1a: Ninetales\n|-sidestart|p1: Triggerhappy50|move: Aurora Veil\n|move|p2a: Corviknight|Flash Cannon|p1a: Ninetales\n|-supereffective|p1a: Ninetales\n|-damage|p1a: Ninetales|71\/100\n|\n|-weather|Snow|[upkeep]\n|upkeep\n|turn|21\n|\n|t:|1698447124\n|move|p1a: Ninetales|Freeze-Dry|p2a: Corviknight\n|-supereffective|p2a: Corviknight\n|-damage|p2a: Corviknight|63\/100\n|move|p2a: Corviknight|Roost|p2a: Corviknight\n|-heal|p2a: Corviknight|100\/100\n|\n|-weather|Snow|[upkeep]\n|upkeep\n|turn|22\n|\n|t:|1698447132\n|move|p1a: Ninetales|Freeze-Dry|p2a: Corviknight\n|-supereffective|p2a: Corviknight\n|-damage|p2a: Corviknight|62\/100\n|-status|p2a: Corviknight|frz\n|cant|p2a: Corviknight|frz\n|\n|-weather|Snow|[upkeep]\n|-heal|p2a: Corviknight|68\/100 frz|[from] item: Leftovers\n|upkeep\n|turn|23\n|\n|t:|1698447144\n|switch|p2a: Braviary|Braviary-Hisui, M, shiny|49\/100\n|-damage|p2a: Braviary|24\/100|[from] Stealth Rock\n|move|p1a: Ninetales|Freeze-Dry|p2a: Braviary\n|-supereffective|p2a: Braviary\n|-damage|p2a: Braviary|0 fnt\n|faint|p2a: Braviary\n|\n|-weather|none\n|upkeep\n|\n|t:|1698447154\n|switch|p2a: Corviknight|Corviknight, M, shiny, tera:Water|68\/100 frz\n|-damage|p2a: Corviknight|56\/100 frz|[from] Stealth Rock\n|-ability|p2a: Corviknight|Pressure\n|turn|24\n|\n|t:|1698447179\n|move|p1a: Ninetales|Freeze-Dry|p2a: Corviknight\n|-supereffective|p2a: Corviknight\n|-damage|p2a: Corviknight|16\/100 frz\n|cant|p2a: Corviknight|frz\n|\n|-heal|p2a: Corviknight|22\/100 frz|[from] item: Leftovers\n|upkeep\n|turn|25\n|\n|t:|1698447187\n|move|p1a: Ninetales|Freeze-Dry|p2a: Corviknight\n|-supereffective|p2a: Corviknight\n|-damage|p2a: Corviknight|0 fnt\n|faint|p2a: Corviknight\n|\n|win|Triggerhappy50\n","uploadtime":1698447193,"views":17,"p1id":"triggerhappy50","p2id":"bearindistress","formatid":"gen9nationaldexubers","rating":0,"private":0,"password":""}