{"id":"gen9nationaldexubers-1999663755","p1":"Tombstone Ghost","p2":"Mrunal","format":"[Gen 9] National Dex Ubers","log":"|j|\u2606Tombstone Ghost\n|j|\u2606Mrunal\n|t:|1701105780\n|gametype|singles\n|player|p1|Tombstone Ghost|gambler|\n|player|p2|Mrunal|cheryl|\n|teamsize|p1|6\n|teamsize|p2|6\n|gen|9\n|tier|[Gen 9] National Dex Ubers\n|rule|HP Percentage Mod: HP is shown in percentages\n|rule|Endless Battle Clause: Forcing endless battles is banned\n|rule|OHKO Clause: OHKO moves are banned\n|rule|Evasion Moves Clause: Evasion moves are banned\n|rule|Evasion Items Clause: Evasion items are banned\n|rule|Species Clause: Limit one of each Pok\u00e9mon\n|rule|Sleep Clause Mod: Limit one foe put to sleep\n|rule|Mega Rayquaza Clause: You cannot mega evolve Rayquaza\n|clearpoke\n|poke|p1|Magearna|\n|poke|p1|Ninetales-Alola, F|\n|poke|p1|Arctozolt|\n|poke|p1|Azumarill, M|\n|poke|p1|Gurdurr, M|\n|poke|p1|Beedrill, F|\n|poke|p2|Lunala|\n|poke|p2|Tapu Koko|\n|poke|p2|Keldeo-Resolute|\n|poke|p2|Iron Moth|\n|poke|p2|Iron Jugulis|\n|poke|p2|Garganacl, M|\n|teampreview\n|c|\u2606Tombstone Ghost|live link sent, good to go\n|c|\u2606Mrunal|Let\u2019s start\n|\n|t:|1701105810\n|start\n|switch|p1a: Megatron|Magearna|100\/100\n|switch|p2a: Garganacl|Garganacl, M|100\/100\n|turn|1\n|j| BlueB4llz\n|\n|t:|1701105834\n|switch|p2a: Keldeo|Keldeo-Resolute|100\/100\n|move|p1a: Megatron|Shift Gear|p1a: Megatron\n|-boost|p1a: Megatron|spe|2\n|-boost|p1a: Megatron|atk|1\n|\n|upkeep\n|turn|2\n|\n|t:|1701105849\n|switch|p2a: Tapu Koko|Tapu Koko|100\/100\n|-fieldstart|move: Electric Terrain|[from] ability: Electric Surge|[of] p2a: Tapu Koko\n|move|p1a: Megatron|Fleur Cannon|p2a: Tapu Koko\n|-damage|p2a: Tapu Koko|0 fnt\n|-unboost|p1a: Megatron|spa|2\n|faint|p2a: Tapu Koko\n|-ability|p1a: Megatron|Soul-Heart|boost\n|-boost|p1a: Megatron|spa|1\n|\n|upkeep\n|\n|t:|1701105863\n|switch|p2a: Iron Moth|Iron Moth|100\/100\n|-activate|p2a: Iron Moth|ability: Quark Drive\n|-start|p2a: Iron Moth|quarkdrivespa\n|turn|3\n|\n|t:|1701105890\n|switch|p1a: Hard Hat|Gurdurr, M|100\/100\n|move|p2a: Iron Moth|Fiery Dance|p1a: Hard Hat\n|-damage|p1a: Hard Hat|35\/100\n|-boost|p2a: Iron Moth|spa|1\n|\n|upkeep\n|turn|4\n|\n|t:|1701105910\n|move|p2a: Iron Moth|Fiery Dance|p1a: Hard Hat\n|-damage|p1a: Hard Hat|0 fnt\n|faint|p1a: Hard Hat\n|\n|upkeep\n|\n|t:|1701105919\n|switch|p1a: Bonk|Azumarill, M|100\/100\n|turn|5\n|\n|t:|1701105924\n|-terastallize|p1a: Bonk|Water\n|move|p2a: Iron Moth|Sludge Wave|p1a: Bonk\n|-damage|p1a: Bonk|0 fnt\n|faint|p1a: Bonk\n|\n|upkeep\n|\n|t:|1701105939\n|switch|p1a: Aurora Borealis|Ninetales-Alola, F, shiny|100\/100\n|-weather|Snow|[from] ability: Snow Warning|[of] p1a: Aurora Borealis\n|turn|6\n|\n|t:|1701105951\n|move|p2a: Iron Moth|Fiery Dance|p1a: Aurora Borealis\n|-supereffective|p1a: Aurora Borealis\n|-damage|p1a: Aurora Borealis|0 fnt\n|-boost|p2a: Iron Moth|spa|1\n|faint|p1a: Aurora Borealis\n|\n|-weather|Snow|[upkeep]\n|upkeep\n|\n|t:|1701105958\n|switch|p1a: Snot Rocket|Arctozolt|100\/100\n|turn|7\n|\n|t:|1701105963\n|move|p1a: Snot Rocket|Bolt Beak|p2a: Iron Moth\n|-damage|p2a: Iron Moth|0 fnt\n|faint|p2a: Iron Moth\n|-end|p2a: Iron Moth|Quark Drive|[silent]\n|\n|-weather|Snow|[upkeep]\n|upkeep\n|\n|t:|1701105980\n|switch|p2a: Iron Jugulis|Iron Jugulis|100\/100\n|-activate|p2a: Iron Jugulis|ability: Quark Drive\n|-start|p2a: Iron Jugulis|quarkdrivespe\n|turn|8\n|\n|t:|1701105989\n|-terastallize|p2a: Iron Jugulis|Ground\n|move|p2a: Iron Jugulis|Earth Power|p1a: Snot Rocket\n|-supereffective|p1a: Snot Rocket\n|-damage|p1a: Snot Rocket|0 fnt\n|faint|p1a: Snot Rocket\n|-damage|p2a: Iron Jugulis|91\/100|[from] item: Life Orb\n|\n|-weather|Snow|[upkeep]\n|upkeep\n|\n|t:|1701106012\n|switch|p1a: Jazz|Beedrill, F|100\/100\n|turn|9\n|\n|t:|1701106056\n|detailschange|p1a: Jazz|Beedrill-Mega, F\n|-mega|p1a: Jazz|Beedrill|Beedrillite\n|move|p2a: Iron Jugulis|Tailwind|p2a: Iron Jugulis\n|-sidestart|p2: Mrunal|move: Tailwind\n|move|p1a: Jazz|Drill Run|p2a: Iron Jugulis\n|-damage|p2a: Iron Jugulis|55\/100\n|\n|-weather|Snow|[upkeep]\n|-fieldend|move: Electric Terrain\n|-end|p2a: Iron Jugulis|Quark Drive\n|upkeep\n|turn|10\n|\n|t:|1701106070\n|move|p2a: Iron Jugulis|Hurricane|p1a: Jazz\n|-supereffective|p1a: Jazz\n|-damage|p1a: Jazz|0 fnt\n|faint|p1a: Jazz\n|-damage|p2a: Iron Jugulis|45\/100|[from] item: Life Orb\n|\n|-weather|none\n|upkeep\n|\n|t:|1701106075\n|switch|p1a: Megatron|Magearna|100\/100\n|turn|11\n|\n|t:|1701106081\n|move|p2a: Iron Jugulis|Earth Power|p1a: Megatron\n|-supereffective|p1a: Megatron\n|-damage|p1a: Megatron|10\/100\n|-damage|p2a: Iron Jugulis|36\/100|[from] item: Life Orb\n|move|p1a: Megatron|Shift Gear|p1a: Megatron\n|-boost|p1a: Megatron|spe|2\n|-boost|p1a: Megatron|atk|1\n|\n|upkeep\n|turn|12\n|\n|t:|1701106094\n|move|p2a: Iron Jugulis|Earth Power|p1a: Megatron\n|-supereffective|p1a: Megatron\n|-damage|p1a: Megatron|0 fnt\n|faint|p1a: Megatron\n|-damage|p2a: Iron Jugulis|26\/100|[from] item: Life Orb\n|\n|win|Mrunal\n|c|\u2606Mrunal|Round 2 ready?\n|c|\u2606Tombstone Ghost|yep\n|l|\u2606Tombstone Ghost\n|l|\u2606Mrunal\n|j|\u2606Tombstone Ghost\n|player|p1|Tombstone Ghost|gambler\n|l| BlueB4llz\n|j| BlueB4llz\n|c| BlueB4llz|m\n","uploadtime":1701106105,"views":12,"p1id":"tombstoneghost","p2id":"mrunal","formatid":"gen9nationaldexubers","rating":0,"private":0,"password":""}