{"id":"gen9nationaldexubers-1994498617","p1":"legomagic007","p2":"Not common winner","format":"[Gen 9] National Dex Ubers","log":"|j|\u2606legomagic007\n|j|\u2606Not common winner\n|t:|1700451049\n|gametype|singles\n|player|p1|legomagic007|nate|1165\n|player|p2|Not common winner|colress|1035\n|teamsize|p1|6\n|teamsize|p2|6\n|gen|9\n|tier|[Gen 9] National Dex Ubers\n|rated|\n|rule|HP Percentage Mod: HP is shown in percentages\n|rule|Endless Battle Clause: Forcing endless battles is banned\n|rule|OHKO Clause: OHKO moves are banned\n|rule|Evasion Moves Clause: Evasion moves are banned\n|rule|Evasion Items Clause: Evasion items are banned\n|rule|Species Clause: Limit one of each Pok\u00e9mon\n|rule|Sleep Clause Mod: Limit one foe put to sleep\n|rule|Mega Rayquaza Clause: You cannot mega evolve Rayquaza\n|clearpoke\n|poke|p1|Dragapult, M|\n|poke|p1|Rotom-Wash|\n|poke|p1|Grimmsnarl, M|\n|poke|p1|Sneasler, F|\n|poke|p1|Porygon-Z|\n|poke|p1|Baxcalibur, F|\n|poke|p2|Corsola-Galar, F|\n|poke|p2|Duskull, M|\n|poke|p2|Aron, L1, M|\n|poke|p2|Hippopotas, M|\n|poke|p2|Cottonee, L1, F|\n|poke|p2|Drilbur, F|\n|teampreview\n|inactive|Battle timer is ON: inactive players will automatically lose when time's up. (requested by Not common winner)\n|\n|t:|1700451053\n|start\n|switch|p1a: Dragapult|Dragapult, M|100\/100\n|switch|p2a: Duskull|Duskull, M|100\/100\n|turn|1\n|\n|t:|1700451058\n|move|p1a: Dragapult|Hex|p2a: Duskull\n|-supereffective|p2a: Duskull\n|-damage|p2a: Duskull|60\/100\n|move|p2a: Duskull|Toxic|p1a: Dragapult\n|-status|p1a: Dragapult|tox\n|\n|-damage|p1a: Dragapult|95\/100 tox|[from] psn\n|upkeep\n|turn|2\n|\n|t:|1700451066\n|move|p1a: Dragapult|Will-O-Wisp|p2a: Duskull|[miss]\n|-miss|p1a: Dragapult|p2a: Duskull\n|move|p2a: Duskull|Rest|p2a: Duskull\n|-status|p2a: Duskull|slp|[from] move: Rest\n|-heal|p2a: Duskull|100\/100 slp|[silent]\n|\n|-damage|p1a: Dragapult|83\/100 tox|[from] psn\n|upkeep\n|turn|3\n|\n|t:|1700451074\n|move|p1a: Dragapult|Hex|p2a: Duskull\n|-supereffective|p2a: Duskull\n|-damage|p2a: Duskull|22\/100 slp\n|cant|p2a: Duskull|slp\n|move|p2a: Duskull|Sleep Talk|p2a: Duskull\n|move|p2a: Duskull|Toxic|p1a: Dragapult|[from]move: Sleep Talk\n|-fail|p1a: Dragapult|tox\n|\n|-damage|p1a: Dragapult|65\/100 tox|[from] psn\n|upkeep\n|turn|4\n|\n|t:|1700451083\n|move|p1a: Dragapult|Hex|p2a: Duskull\n|-supereffective|p2a: Duskull\n|-damage|p2a: Duskull|0 fnt\n|faint|p2a: Duskull\n|\n|-damage|p1a: Dragapult|41\/100 tox|[from] psn\n|upkeep\n|\n|t:|1700451091\n|switch|p2a: Hippopotas|Hippopotas, M|100\/100\n|-weather|Sandstorm|[from] ability: Sand Stream|[of] p2a: Hippopotas\n|turn|5\n|\n|t:|1700451097\n|move|p1a: Dragapult|Draco Meteor|p2a: Hippopotas\n|-damage|p2a: Hippopotas|0 fnt\n|-unboost|p1a: Dragapult|spa|2\n|faint|p2a: Hippopotas\n|\n|-weather|Sandstorm|[upkeep]\n|-damage|p1a: Dragapult|35\/100 tox|[from] Sandstorm\n|-damage|p1a: Dragapult|5\/100 tox|[from] psn\n|upkeep\n|\n|t:|1700451103\n|switch|p2a: Drilbur|Drilbur, F|100\/100\n|turn|6\n|\n|t:|1700451107\n|move|p2a: Drilbur|Stealth Rock|p1a: Dragapult\n|-sidestart|p1: legomagic007|move: Stealth Rock\n|move|p1a: Dragapult|U-turn|p2a: Drilbur\n|-damage|p2a: Drilbur|76\/100\n|\n|t:|1700451113\n|switch|p1a: Rotom|Rotom-Wash|100\/100|[from] U-turn\n|-damage|p1a: Rotom|88\/100|[from] Stealth Rock\n|\n|-weather|Sandstorm|[upkeep]\n|-damage|p1a: Rotom|82\/100|[from] Sandstorm\n|-heal|p1a: Rotom|88\/100|[from] item: Leftovers\n|upkeep\n|turn|7\n|\n|t:|1700451120\n|move|p2a: Drilbur|Toxic|p1a: Rotom\n|-status|p1a: Rotom|tox\n|move|p1a: Rotom|Hydro Pump|p2a: Drilbur\n|-supereffective|p2a: Drilbur\n|-damage|p2a: Drilbur|0 fnt\n|faint|p2a: Drilbur\n|\n|-weather|Sandstorm|[upkeep]\n|-damage|p1a: Rotom|82\/100 tox|[from] Sandstorm\n|-heal|p1a: Rotom|88\/100 tox|[from] item: Leftovers\n|-damage|p1a: Rotom|82\/100 tox|[from] psn\n|upkeep\n|\n|t:|1700451126\n|switch|p2a: Aron|Aron, L1, M|100\/100\n|turn|8\n|\n|t:|1700451133\n|move|p1a: Rotom|Thunderbolt|p2a: Aron\n|-ability|p2a: Aron|Sturdy\n|-damage|p2a: Aron|9\/100\n|move|p2a: Aron|Endeavor|p1a: Rotom\n|-damage|p1a: Rotom|1\/100 tox\n|-heal|p2a: Aron|100\/100|[from] item: Shell Bell|[of] p1a: Rotom\n|\n|-weather|Sandstorm|[upkeep]\n|-damage|p1a: Rotom|0 fnt|[from] Sandstorm\n|faint|p1a: Rotom\n|upkeep\n|\n|t:|1700451144\n|switch|p1a: Sneasler|Sneasler, F|100\/100\n|-damage|p1a: Sneasler|95\/100|[from] Stealth Rock\n|turn|9\n|\n|t:|1700451153\n|move|p1a: Sneasler|U-turn|p2a: Aron\n|-resisted|p2a: Aron\n|-ability|p2a: Aron|Sturdy\n|-damage|p2a: Aron|9\/100\n|\n|t:|1700451158\n|switch|p1a: Dragapult|Dragapult, M|5\/100 tox|[from] U-turn\n|move|p2a: Aron|Endeavor|p1a: Dragapult\n|-immune|p1a: Dragapult\n|\n|-weather|Sandstorm|[upkeep]\n|-damage|p1a: Dragapult|0 fnt|[from] Sandstorm\n|faint|p1a: Dragapult\n|upkeep\n|\n|t:|1700451166\n|switch|p1a: Sneasler|Sneasler, F|95\/100\n|-damage|p1a: Sneasler|89\/100|[from] Stealth Rock\n|turn|10\n|\n|t:|1700451171\n|move|p2a: Aron|Protect|p2a: Aron\n|-singleturn|p2a: Aron|Protect\n|move|p1a: Sneasler|Close Combat|p2a: Aron\n|-activate|p2a: Aron|move: Protect\n|\n|-weather|Sandstorm|[upkeep]\n|-damage|p1a: Sneasler|83\/100|[from] Sandstorm\n|upkeep\n|turn|11\n|\n|t:|1700451179\n|move|p1a: Sneasler|Lash Out|p2a: Aron\n|-damage|p2a: Aron|0 fnt\n|faint|p2a: Aron\n|\n|-weather|Sandstorm|[upkeep]\n|-damage|p1a: Sneasler|77\/100|[from] Sandstorm\n|upkeep\n|\n|t:|1700451182\n|switch|p2a: Cottonee|Cottonee, L1, F|100\/100\n|turn|12\n|\n|t:|1700451187\n|move|p2a: Cottonee|Leech Seed|p1a: Sneasler\n|-start|p1a: Sneasler|move: Leech Seed\n|move|p1a: Sneasler|Dire Claw|p2a: Cottonee\n|-supereffective|p2a: Cottonee\n|-enditem|p2a: Cottonee|Focus Sash\n|-damage|p2a: Cottonee|9\/100\n|\n|-weather|none\n|-damage|p1a: Sneasler|64\/100|[from] Leech Seed|[of] p2a: Cottonee\n|-heal|p2a: Cottonee|100\/100|[silent]\n|upkeep\n|turn|13\n|\n|t:|1700451196\n|move|p2a: Cottonee|Substitute|p2a: Cottonee\n|-start|p2a: Cottonee|Substitute\n|-damage|p2a: Cottonee|75\/100\n|move|p1a: Sneasler|U-turn|p2a: Cottonee\n|-end|p2a: Cottonee|Substitute\n|\n|t:|1700451202\n|switch|p1a: Baxcalibur|Baxcalibur, F|100\/100|[from] U-turn\n|-damage|p1a: Baxcalibur|76\/100|[from] Stealth Rock\n|\n|upkeep\n|turn|14\n|\n|t:|1700451208\n|move|p2a: Cottonee|Leech Seed|p1a: Baxcalibur|[miss]\n|-miss|p2a: Cottonee|p1a: Baxcalibur\n|move|p1a: Baxcalibur|Icicle Spear|p2a: Cottonee\n|-supereffective|p2a: Cottonee\n|-damage|p2a: Cottonee|0 fnt\n|faint|p2a: Cottonee\n|-hitcount|p2: Cottonee|1\n|\n|upkeep\n|\n|t:|1700451210\n|switch|p2a: Corsola|Corsola-Galar, F|100\/100\n|turn|15\n|\n|t:|1700451218\n|move|p1a: Baxcalibur|Icicle Spear|p2a: Corsola\n|-damage|p2a: Corsola|93\/100\n|-damage|p2a: Corsola|86\/100\n|-damage|p2a: Corsola|78\/100\n|-damage|p2a: Corsola|71\/100\n|-damage|p2a: Corsola|63\/100\n|-hitcount|p2a: Corsola|5\n|move|p2a: Corsola|Calm Mind|p2a: Corsola\n|-boost|p2a: Corsola|spa|1\n|-boost|p2a: Corsola|spd|1\n|\n|upkeep\n|turn|16\n|\n|t:|1700451230\n|move|p1a: Baxcalibur|Swords Dance|p1a: Baxcalibur\n|-boost|p1a: Baxcalibur|atk|2\n|move|p2a: Corsola|Strength Sap|p1a: Baxcalibur\n|-unboost|p1a: Baxcalibur|atk|1\n|-heal|p2a: Corsola|100\/100\n|\n|upkeep\n|turn|17\n|\n|t:|1700451238\n|move|p1a: Baxcalibur|Icicle Spear|p2a: Corsola\n|-damage|p2a: Corsola|90\/100\n|-damage|p2a: Corsola|79\/100\n|-damage|p2a: Corsola|69\/100\n|-damage|p2a: Corsola|59\/100\n|-crit|p2a: Corsola\n|-damage|p2a: Corsola|42\/100\n|-hitcount|p2a: Corsola|5\n|move|p2a: Corsola|Scald|p1a: Baxcalibur\n|-resisted|p1a: Baxcalibur\n|-damage|p1a: Baxcalibur|65\/100\n|\n|upkeep\n|turn|18\n|\n|t:|1700451250\n|-terastallize|p2a: Corsola|Water\n|move|p1a: Baxcalibur|Icicle Spear|p2a: Corsola\n|-resisted|p2a: Corsola\n|-damage|p2a: Corsola|37\/100\n|-resisted|p2a: Corsola\n|-damage|p2a: Corsola|32\/100\n|-resisted|p2a: Corsola\n|-damage|p2a: Corsola|26\/100\n|-start|p1a: Baxcalibur|Disable|Icicle Spear|[from] ability: Cursed Body|[of] p2a: Corsola\n|-resisted|p2a: Corsola\n|-damage|p2a: Corsola|21\/100\n|-hitcount|p2a: Corsola|4\n|move|p2a: Corsola|Strength Sap|p1a: Baxcalibur\n|-unboost|p1a: Baxcalibur|atk|1\n|-heal|p2a: Corsola|100\/100\n|\n|upkeep\n|turn|19\n|\n|t:|1700451267\n|switch|p1a: Porygon-Z|Porygon-Z|100\/100\n|-damage|p1a: Porygon-Z|88\/100|[from] Stealth Rock\n|move|p2a: Corsola|Scald|p1a: Porygon-Z\n|-damage|p1a: Porygon-Z|46\/100\n|\n|upkeep\n|turn|20\n|\n|t:|1700451274\n|move|p1a: Porygon-Z|Thunderbolt|p2a: Corsola\n|-supereffective|p2a: Corsola\n|-damage|p2a: Corsola|72\/100\n|move|p2a: Corsola|Calm Mind|p2a: Corsola\n|-boost|p2a: Corsola|spa|1\n|-boost|p2a: Corsola|spd|1\n|\n|upkeep\n|turn|21\n|\n|t:|1700451280\n|move|p1a: Porygon-Z|Psyshock|p2a: Corsola\n|-damage|p2a: Corsola|57\/100\n|move|p2a: Corsola|Calm Mind|p2a: Corsola\n|-boost|p2a: Corsola|spa|1\n|-boost|p2a: Corsola|spd|1\n|\n|upkeep\n|turn|22\n|\n|t:|1700451289\n|switch|p1a: Sneasler|Sneasler, F|64\/100\n|-damage|p1a: Sneasler|58\/100|[from] Stealth Rock\n|move|p2a: Corsola|Strength Sap|p1a: Sneasler\n|-unboost|p1a: Sneasler|atk|1\n|-heal|p2a: Corsola|100\/100\n|-enditem|p1a: Sneasler|White Herb\n|-clearnegativeboost|p1a: Sneasler|[silent]\n|\n|upkeep\n|turn|23\n|\n|t:|1700451299\n|-terastallize|p1a: Sneasler|Fighting\n|move|p1a: Sneasler|Close Combat|p2a: Corsola\n|-damage|p2a: Corsola|55\/100\n|-unboost|p1a: Sneasler|def|1\n|-unboost|p1a: Sneasler|spd|1\n|move|p2a: Corsola|Scald|p1a: Sneasler\n|-damage|p1a: Sneasler|0 fnt\n|faint|p1a: Sneasler\n|\n|upkeep\n|c|\u2606legomagic007|stop using strength sap\n|\n|t:|1700451321\n|switch|p1a: Porygon-Z|Porygon-Z|46\/100\n|-damage|p1a: Porygon-Z|33\/100|[from] Stealth Rock\n|turn|24\n|\n|t:|1700451326\n|move|p1a: Porygon-Z|Thunderbolt|p2a: Corsola\n|-supereffective|p2a: Corsola\n|-damage|p2a: Corsola|36\/100\n|-status|p2a: Corsola|par\n|-start|p1a: Porygon-Z|Disable|Thunderbolt|[from] ability: Cursed Body|[of] p2a: Corsola\n|cant|p2a: Corsola|par\n|\n|upkeep\n|turn|25\n|\n|t:|1700451334\n|move|p1a: Porygon-Z|Hyper Beam|p2a: Corsola\n|-damage|p2a: Corsola|5\/100 par\n|-mustrecharge|p1a: Porygon-Z\n|cant|p2a: Corsola|par\n|\n|upkeep\n|turn|26\n|\n|t:|1700451340\n|cant|p1a: Porygon-Z|recharge\n|move|p2a: Corsola|Strength Sap|p1a: Porygon-Z\n|-unboost|p1a: Porygon-Z|atk|1\n|-heal|p2a: Corsola|51\/100 par\n|\n|upkeep\n|turn|27\n|\n|t:|1700451348\n|move|p1a: Porygon-Z|Hyper Beam|p2a: Corsola\n|-damage|p2a: Corsola|20\/100 par\n|-mustrecharge|p1a: Porygon-Z\n|move|p2a: Corsola|Strength Sap|p1a: Porygon-Z\n|-unboost|p1a: Porygon-Z|atk|1\n|-heal|p2a: Corsola|50\/100 par\n|\n|-end|p1a: Porygon-Z|Disable\n|upkeep\n|turn|28\n|\n|t:|1700451357\n|cant|p1a: Porygon-Z|recharge\n|move|p2a: Corsola|Scald|p1a: Porygon-Z\n|-damage|p1a: Porygon-Z|0 fnt\n|faint|p1a: Porygon-Z\n|\n|upkeep\n|\n|t:|1700451362\n|switch|p1a: Baxcalibur|Baxcalibur, F|65\/100\n|-damage|p1a: Baxcalibur|41\/100|[from] Stealth Rock\n|turn|29\n|\n|t:|1700451368\n|move|p1a: Baxcalibur|Earthquake|p2a: Corsola\n|-damage|p2a: Corsola|31\/100 par\n|move|p2a: Corsola|Strength Sap|p1a: Baxcalibur\n|-unboost|p1a: Baxcalibur|atk|1\n|-heal|p2a: Corsola|100\/100 par\n|\n|upkeep\n|turn|30\n|c|\u2606legomagic007|hang urself and ur family\n|-message|legomagic007 forfeited.\n|\n|win|Not common winner\n|raw|legomagic007's rating: 1165 &rarr; <strong>1131<\/strong><br \/>(-34 for losing)\n|raw|Not common winner's rating: 1035 &rarr; <strong>1082<\/strong><br \/>(+47 for winning)\n","uploadtime":1700451380,"views":3,"p1id":"legomagic007","p2id":"notcommonwinner","formatid":"gen9nationaldexubers","rating":1082,"private":0,"password":""}