{"id":"gen9nationaldexubers-1992751708","p1":"cheese miestro","p2":"poke\\(0w0)\/ball","format":"[Gen 9] National Dex Ubers","log":"|j|\u2606cheese miestro\n|j|\u2606poke\\(0w0)\/ball\n|t:|1700232170\n|gametype|singles\n|player|p1|cheese miestro|dawn|1214\n|player|p2|poke\\(0w0)\/ball|unknown|1300\n|teamsize|p1|6\n|teamsize|p2|6\n|gen|9\n|tier|[Gen 9] National Dex Ubers\n|rated|\n|rule|HP Percentage Mod: HP is shown in percentages\n|rule|Endless Battle Clause: Forcing endless battles is banned\n|rule|OHKO Clause: OHKO moves are banned\n|rule|Evasion Moves Clause: Evasion moves are banned\n|rule|Evasion Items Clause: Evasion items are banned\n|rule|Species Clause: Limit one of each Pok\u00e9mon\n|rule|Sleep Clause Mod: Limit one foe put to sleep\n|rule|Mega Rayquaza Clause: You cannot mega evolve Rayquaza\n|clearpoke\n|poke|p1|Arceus|\n|poke|p1|Groudon|\n|poke|p1|Ho-Oh|\n|poke|p1|Yveltal|\n|poke|p1|Necrozma-Dusk-Mane|\n|poke|p1|Zygarde|\n|poke|p2|Necrozma-Dusk-Mane|\n|poke|p2|Zacian-*|\n|poke|p2|Regieleki|\n|poke|p2|Shuckle, F|\n|poke|p2|Lunala|\n|poke|p2|Tapu Fini|\n|teampreview\n|inactive|Battle timer is ON: inactive players will automatically lose when time's up. (requested by cheese miestro)\n|\n|t:|1700232204\n|start\n|switch|p1a: Necrozma|Necrozma-Dusk-Mane|100\/100\n|switch|p2a: Shuckle|Shuckle, F|100\/100\n|turn|1\n|\n|t:|1700232211\n|move|p1a: Necrozma|Sunsteel Strike|p2a: Shuckle\n|-supereffective|p2a: Shuckle\n|-damage|p2a: Shuckle|39\/100\n|move|p2a: Shuckle|Encore|p1a: Necrozma\n|-start|p1a: Necrozma|Encore\n|\n|upkeep\n|turn|2\n|\n|t:|1700232220\n|switch|p2a: Necrozma|Necrozma-Dusk-Mane|100\/100\n|move|p1a: Necrozma|Sunsteel Strike|p2a: Necrozma\n|-resisted|p2a: Necrozma\n|-damage|p2a: Necrozma|87\/100\n|\n|upkeep\n|turn|3\n|\n|t:|1700232227\n|switch|p1a: Groudon|Groudon|100\/100\n|detailschange|p1a: Groudon|Groudon-Primal\n|-primal|p1a: Groudon|Red Orb\n|-weather|DesolateLand|[from] ability: Desolate Land|[of] p1a: Groudon\n|move|p2a: Necrozma|Dragon Dance|p2a: Necrozma\n|-boost|p2a: Necrozma|atk|1\n|-boost|p2a: Necrozma|spe|1\n|\n|-weather|DesolateLand|[upkeep]\n|upkeep\n|turn|4\n|\n|t:|1700232242\n|detailschange|p2a: Necrozma|Necrozma-Ultra\n|-burst|p2a: Necrozma|Necrozma|Ultranecrozium Z\n|move|p2a: Necrozma|Earthquake|p1a: Groudon\n|-supereffective|p1a: Groudon\n|-damage|p1a: Groudon|28\/100\n|move|p1a: Groudon|Precipice Blades|p2a: Necrozma\n|-damage|p2a: Necrozma|46\/100\n|\n|-weather|DesolateLand|[upkeep]\n|upkeep\n|turn|5\n|\n|t:|1700232254\n|-weather|none\n|switch|p1a: Ho-Oh|Ho-Oh|100\/100\n|move|p2a: Necrozma|Earthquake|p1a: Ho-Oh\n|-immune|p1a: Ho-Oh\n|\n|upkeep\n|turn|6\n|\n|t:|1700232263\n|move|p2a: Necrozma|Stone Edge|p1a: Ho-Oh\n|-supereffective|p1a: Ho-Oh\n|-damage|p1a: Ho-Oh|0 fnt\n|faint|p1a: Ho-Oh\n|\n|upkeep\n|inactive|cheese miestro has 120 seconds left.\n|\n|t:|1700232293\n|switch|p1a: Zygarde|Zygarde|100\/100\n|turn|7\n|inactive|cheese miestro has 120 seconds left.\n|\n|t:|1700232305\n|-zpower|p2a: Necrozma\n|move|p2a: Necrozma|Light That Burns the Sky|p1a: Zygarde|[zeffect]\n|-damage|p1a: Zygarde|0 fnt\n|faint|p1a: Zygarde\n|\n|upkeep\n|inactive|cheese miestro has 120 seconds left.\n|\n|t:|1700232315\n|switch|p1a: Arceus|Arceus|100\/100\n|turn|8\n|inactive|cheese miestro has 120 seconds left.\n|\n|t:|1700232327\n|move|p2a: Necrozma|Photon Geyser|p1a: Arceus\n|-damage|p1a: Arceus|36\/100\n|move|p1a: Arceus|Swords Dance|p1a: Arceus\n|-boost|p1a: Arceus|atk|2\n|\n|upkeep\n|turn|9\n|inactive|cheese miestro has 120 seconds left.\n|\n|t:|1700232341\n|move|p2a: Necrozma|Photon Geyser|p1a: Arceus\n|-damage|p1a: Arceus|0 fnt\n|faint|p1a: Arceus\n|\n|upkeep\n|inactive|cheese miestro has 120 seconds left.\n|\n|t:|1700232351\n|switch|p1a: Necrozma|Necrozma-Dusk-Mane|100\/100\n|turn|10\n|inactive|cheese miestro has 120 seconds left.\n|\n|t:|1700232356\n|move|p2a: Necrozma|Earthquake|p1a: Necrozma\n|-supereffective|p1a: Necrozma\n|-damage|p1a: Necrozma|50\/100\n|move|p1a: Necrozma|Knock Off|p2a: Necrozma\n|-supereffective|p2a: Necrozma\n|-damage|p2a: Necrozma|19\/100\n|\n|-heal|p1a: Necrozma|56\/100|[from] item: Leftovers\n|upkeep\n|turn|11\n|inactive|cheese miestro has 120 seconds left.\n|\n|t:|1700232367\n|move|p2a: Necrozma|Earthquake|p1a: Necrozma\n|-supereffective|p1a: Necrozma\n|-damage|p1a: Necrozma|0 fnt\n|faint|p1a: Necrozma\n|\n|upkeep\n|inactive|cheese miestro has 120 seconds left.\n|\n|t:|1700232372\n|switch|p1a: Yveltal|Yveltal|100\/100\n|-ability|p1a: Yveltal|Dark Aura\n|turn|12\n|\n|t:|1700232377\n|move|p1a: Yveltal|Sucker Punch|p2a: Necrozma\n|-supereffective|p2a: Necrozma\n|-damage|p2a: Necrozma|0 fnt\n|faint|p2a: Necrozma\n|\n|upkeep\n|\n|t:|1700232386\n|switch|p2a: Tapu Fini|Tapu Fini|100\/100\n|-fieldstart|move: Misty Terrain|[from] ability: Misty Surge|[of] p2a: Tapu Fini\n|turn|13\n|\n|t:|1700232402\n|-terastallize|p1a: Yveltal|Steel\n|move|p1a: Yveltal|Knock Off|p2a: Tapu Fini\n|-resisted|p2a: Tapu Fini\n|-damage|p2a: Tapu Fini|68\/100\n|-enditem|p2a: Tapu Fini|Leftovers|[from] move: Knock Off|[of] p1a: Yveltal\n|move|p2a: Tapu Fini|Moonblast|p1a: Yveltal\n|-resisted|p1a: Yveltal\n|-damage|p1a: Yveltal|88\/100\n|\n|upkeep\n|turn|14\n|\n|t:|1700232415\n|move|p1a: Yveltal|U-turn|p2a: Tapu Fini\n|-resisted|p2a: Tapu Fini\n|-damage|p2a: Tapu Fini|57\/100\n|\n|t:|1700232417\n|switch|p1a: Groudon|Groudon-Primal|28\/100|[from] U-turn\n|-weather|DesolateLand|[from] ability: Desolate Land|[of] p1a: Groudon\n|move|p2a: Tapu Fini|Knock Off|p1a: Groudon\n|-damage|p1a: Groudon|22\/100\n|\n|-weather|DesolateLand|[upkeep]\n|upkeep\n|turn|15\n|\n|t:|1700232442\n|move|p1a: Groudon|Precipice Blades|p2a: Tapu Fini|[miss]\n|-miss|p1a: Groudon|p2a: Tapu Fini\n|move|p2a: Tapu Fini|Moonblast|p1a: Groudon\n|-resisted|p1a: Groudon\n|-crit|p1a: Groudon\n|-damage|p1a: Groudon|6\/100\n|\n|-weather|DesolateLand|[upkeep]\n|upkeep\n|turn|16\n|\n|t:|1700232450\n|move|p1a: Groudon|Precipice Blades|p2a: Tapu Fini\n|-damage|p2a: Tapu Fini|0 fnt\n|faint|p2a: Tapu Fini\n|\n|-weather|DesolateLand|[upkeep]\n|upkeep\n|\n|t:|1700232455\n|switch|p2a: Regieleki|Regieleki|100\/100\n|turn|17\n|\n|t:|1700232460\n|move|p2a: Regieleki|Ancient Power|p1a: Groudon\n|-damage|p1a: Groudon|0 fnt\n|faint|p1a: Groudon\n|-weather|none\n|\n|-fieldend|Misty Terrain\n|upkeep\n|\n|t:|1700232463\n|switch|p1a: Yveltal|Yveltal, tera:Steel|88\/100\n|-ability|p1a: Yveltal|Dark Aura\n|turn|18\n|\n|t:|1700232472\n|switch|p2a: Shuckle|Shuckle, F|39\/100\n|move|p1a: Yveltal|Knock Off|p2a: Shuckle\n|-damage|p2a: Shuckle|0 fnt\n|-enditem|p2a: Shuckle|Mental Herb|[from] move: Knock Off|[of] p1a: Yveltal\n|faint|p2a: Shuckle\n|\n|upkeep\n|\n|t:|1700232485\n|switch|p2a: Lunala|Lunala|100\/100\n|turn|19\n|\n|t:|1700232489\n|-terastallize|p2a: Lunala|Dark\n|move|p1a: Yveltal|Knock Off|p2a: Lunala\n|-resisted|p2a: Lunala\n|-damage|p2a: Lunala|88\/100\n|-enditem|p2a: Lunala|Leftovers|[from] move: Knock Off|[of] p1a: Yveltal\n|move|p2a: Lunala|Hypnosis|p1a: Yveltal|[miss]\n|-miss|p2a: Lunala|p1a: Yveltal\n|\n|upkeep\n|turn|20\n|\n|t:|1700232499\n|move|p1a: Yveltal|U-turn|p2a: Lunala\n|-supereffective|p2a: Lunala\n|-damage|p2a: Lunala|54\/100\n|move|p2a: Lunala|Hypnosis|p1a: Yveltal\n|-status|p1a: Yveltal|slp|[from] move: Hypnosis\n|\n|upkeep\n|turn|21\n|\n|t:|1700232506\n|switch|p2a: Zacian|Zacian-Crowned|100\/100\n|-ability|p2a: Zacian|Intrepid Sword|boost\n|-boost|p2a: Zacian|atk|1\n|cant|p1a: Yveltal|slp\n|\n|upkeep\n|turn|22\n|\n|t:|1700232514\n|move|p2a: Zacian|Close Combat|p1a: Yveltal\n|-supereffective|p1a: Yveltal\n|-damage|p1a: Yveltal|0 fnt\n|-unboost|p2a: Zacian|def|1\n|-unboost|p2a: Zacian|spd|1\n|faint|p1a: Yveltal\n|\n|win|poke\\(0w0)\/ball\n|raw|cheese miestro's rating: 1214 &rarr; <strong>1195<\/strong><br \/>(-19 for losing)\n|raw|poke\\(0w0)&#x2f;ball's rating: 1300 &rarr; <strong>1319<\/strong><br \/>(+19 for winning)\n|l|\u2606cheese miestro\n","uploadtime":1700232526,"views":23,"p1id":"cheesemiestro","p2id":"poke0w0ball","formatid":"gen9nationaldexubers","rating":1195,"private":0,"password":""}