{"id":"gen9nationaldexubers-1982012202","p1":"Leodieus","p2":"whatdoesalt+f4do","format":"[Gen 9] National Dex Ubers","log":"|j|\u2606Leodieus\n|j|\u2606whatdoesalt+f4do\n|t:|1698959520\n|gametype|singles\n|player|p1|Leodieus|unknown|1199\n|player|p2|whatdoesalt+f4do|swimmer|1224\n|teamsize|p1|6\n|teamsize|p2|6\n|gen|9\n|tier|[Gen 9] National Dex Ubers\n|rated|\n|rule|HP Percentage Mod: HP is shown in percentages\n|rule|Endless Battle Clause: Forcing endless battles is banned\n|rule|OHKO Clause: OHKO moves are banned\n|rule|Evasion Moves Clause: Evasion moves are banned\n|rule|Evasion Items Clause: Evasion items are banned\n|rule|Species Clause: Limit one of each Pok\u00e9mon\n|rule|Sleep Clause Mod: Limit one foe put to sleep\n|rule|Mega Rayquaza Clause: You cannot mega evolve Rayquaza\n|clearpoke\n|poke|p1|Galvantula, M|\n|poke|p1|Ceruledge, M|\n|poke|p1|Beedrill, M|\n|poke|p1|Samurott-Hisui, M|\n|poke|p1|Keldeo-Resolute|\n|poke|p1|Lucario, M|\n|poke|p2|Yveltal|\n|poke|p2|Groudon|\n|poke|p2|Ditto|\n|poke|p2|Alakazam, F|\n|poke|p2|Kyurem-White|\n|poke|p2|Zygarde|\n|teampreview\n|\n|t:|1698959532\n|start\n|switch|p1a: Spiber|Galvantula, M, shiny|100\/100\n|switch|p2a: Groudon|Groudon, shiny|100\/100\n|detailschange|p2a: Groudon|Groudon-Primal, shiny\n|-primal|p2a: Groudon|Red Orb\n|-weather|DesolateLand|[from] ability: Desolate Land|[of] p2a: Groudon\n|turn|1\n|n|!Leodieus|leodieus\n|\n|t:|1698959549\n|move|p1a: Spiber|Sticky Web|p2a: Groudon\n|-sidestart|p2: whatdoesalt+f4do|move: Sticky Web\n|move|p2a: Groudon|Heat Crash|p1a: Spiber\n|-supereffective|p1a: Spiber\n|-enditem|p1a: Spiber|Focus Sash\n|-damage|p1a: Spiber|1\/100\n|\n|-weather|DesolateLand|[upkeep]\n|upkeep\n|turn|2\n|\n|t:|1698959551\n|move|p1a: Spiber|Bug Buzz|p2a: Groudon\n|-resisted|p2a: Groudon\n|-damage|p2a: Groudon|79\/100\n|move|p2a: Groudon|Stealth Rock|p1a: Spiber\n|-sidestart|p1: Leodieus|move: Stealth Rock\n|\n|-weather|DesolateLand|[upkeep]\n|upkeep\n|turn|3\n|\n|t:|1698959553\n|move|p1a: Spiber|Bug Buzz|p2a: Groudon\n|-resisted|p2a: Groudon\n|-damage|p2a: Groudon|59\/100\n|move|p2a: Groudon|Heat Crash|p1a: Spiber\n|-supereffective|p1a: Spiber\n|-damage|p1a: Spiber|0 fnt\n|faint|p1a: Spiber\n|\n|-weather|DesolateLand|[upkeep]\n|upkeep\n|\n|t:|1698959563\n|switch|p1a: Sgt. Bubbles|Samurott-Hisui, M|100\/100\n|-damage|p1a: Sgt. Bubbles|88\/100|[from] Stealth Rock\n|turn|4\n|\n|t:|1698959567\n|move|p1a: Sgt. Bubbles|Ceaseless Edge|p2a: Groudon\n|-damage|p2a: Groudon|23\/100\n|-sidestart|p2: whatdoesalt+f4do|Spikes\n|-damage|p1a: Sgt. Bubbles|78\/100|[from] item: Life Orb\n|move|p2a: Groudon|Heat Crash|p1a: Sgt. Bubbles\n|-resisted|p1a: Sgt. Bubbles\n|-damage|p1a: Sgt. Bubbles|0 fnt\n|faint|p1a: Sgt. Bubbles\n|\n|-weather|DesolateLand|[upkeep]\n|upkeep\n|\n|t:|1698959571\n|switch|p1a: Furry Awakening|Lucario, M|100\/100\n|-damage|p1a: Furry Awakening|98\/100|[from] Stealth Rock\n|turn|5\n|\n|t:|1698959578\n|move|p1a: Furry Awakening|Close Combat|p2a: Groudon\n|-damage|p2a: Groudon|0 fnt\n|-unboost|p1a: Furry Awakening|def|1\n|-unboost|p1a: Furry Awakening|spd|1\n|faint|p2a: Groudon\n|-weather|none\n|-damage|p1a: Furry Awakening|88\/100|[from] item: Life Orb\n|\n|upkeep\n|\n|t:|1698959589\n|switch|p2a: Yveltal|Yveltal, shiny|100\/100\n|-ability|p2a: Yveltal|Dark Aura\n|turn|6\n|\n|t:|1698959593\n|move|p2a: Yveltal|Defog|p1a: Furry Awakening\n|-unboost|p1a: Furry Awakening|evasion|1\n|-sideend|p1: Leodieus|Stealth Rock|[from] move: Defog|[of] p2a: Yveltal\n|-sideend|p2: whatdoesalt+f4do|Spikes|[from] move: Defog|[of] p2a: Yveltal\n|-sideend|p2: whatdoesalt+f4do|Sticky Web|[from] move: Defog|[of] p2a: Yveltal\n|move|p1a: Furry Awakening|Bulk Up|p1a: Furry Awakening\n|-boost|p1a: Furry Awakening|atk|1\n|-boost|p1a: Furry Awakening|def|1\n|\n|upkeep\n|turn|7\n|\n|t:|1698959600\n|move|p2a: Yveltal|Dark Pulse|p1a: Furry Awakening\n|-resisted|p1a: Furry Awakening\n|-damage|p1a: Furry Awakening|15\/100\n|move|p1a: Furry Awakening|Bulk Up|p1a: Furry Awakening\n|-boost|p1a: Furry Awakening|atk|1\n|-boost|p1a: Furry Awakening|def|1\n|\n|upkeep\n|turn|8\n|\n|t:|1698959606\n|move|p2a: Yveltal|Sucker Punch|p1a: Furry Awakening\n|-resisted|p1a: Furry Awakening\n|-damage|p1a: Furry Awakening|0 fnt\n|faint|p1a: Furry Awakening\n|\n|upkeep\n|\n|t:|1698959612\n|switch|p1a: He\u2019s here ig|Keldeo-Resolute|100\/100\n|turn|9\n|\n|t:|1698959615\n|move|p1a: He\u2019s here ig|Surf|p2a: Yveltal\n|-damage|p2a: Yveltal|57\/100\n|move|p2a: Yveltal|Oblivion Wing|p1a: He\u2019s here ig\n|-supereffective|p1a: He\u2019s here ig\n|-damage|p1a: He\u2019s here ig|0 fnt\n|-heal|p2a: Yveltal|100\/100|[from] drain|[of] p1a: He\u2019s here ig\n|faint|p1a: He\u2019s here ig\n|\n|upkeep\n|\n|t:|1698959621\n|switch|p1a: Mercedes but dead|Ceruledge, M|100\/100\n|turn|10\n|\n|t:|1698959626\n|-terastallize|p1a: Mercedes but dead|Fire\n|move|p2a: Yveltal|Dark Pulse|p1a: Mercedes but dead\n|-damage|p1a: Mercedes but dead|30\/100\n|move|p1a: Mercedes but dead|Swords Dance|p1a: Mercedes but dead\n|-boost|p1a: Mercedes but dead|atk|2\n|\n|upkeep\n|turn|11\n|\n|t:|1698959636\n|move|p2a: Yveltal|Sucker Punch||[still]\n|-fail|p2a: Yveltal\n|move|p1a: Mercedes but dead|Swords Dance|p1a: Mercedes but dead\n|-boost|p1a: Mercedes but dead|atk|2\n|\n|upkeep\n|turn|12\n|\n|t:|1698959638\n|move|p2a: Yveltal|Sucker Punch|p1a: Mercedes but dead\n|-damage|p1a: Mercedes but dead|0 fnt\n|faint|p1a: Mercedes but dead\n|\n|upkeep\n|\n|t:|1698959640\n|switch|p1a: Barry Benson SSJ|Beedrill, M|100\/100\n|turn|13\n|\n|t:|1698959644\n|detailschange|p1a: Barry Benson SSJ|Beedrill-Mega, M\n|-mega|p1a: Barry Benson SSJ|Beedrill|Beedrillite\n|move|p1a: Barry Benson SSJ|Poison Jab|p2a: Yveltal\n|-damage|p2a: Yveltal|26\/100\n|-status|p2a: Yveltal|psn\n|move|p2a: Yveltal|Oblivion Wing|p1a: Barry Benson SSJ\n|-supereffective|p1a: Barry Benson SSJ\n|-damage|p1a: Barry Benson SSJ|0 fnt\n|-heal|p2a: Yveltal|78\/100 psn|[from] drain|[of] p1a: Barry Benson SSJ\n|faint|p1a: Barry Benson SSJ\n|\n|win|whatdoesalt+f4do\n|raw|Leodieus's rating: 1199 &rarr; <strong>1176<\/strong><br \/>(-23 for losing)\n|raw|whatdoesalt+f4do's rating: 1224 &rarr; <strong>1247<\/strong><br \/>(+23 for winning)\n","uploadtime":1698959543,"views":4,"p1id":"leodieus","p2id":"whatdoesaltf4do","formatid":"gen9nationaldexubers","rating":1176,"private":0,"password":""}