{"id":"gen9nationaldexubers-1978579218","p1":"dcrownd","p2":"dislike tomato","format":"[Gen 9] National Dex Ubers","log":"|j|\u2606dcrownd\n|j|\u2606dislike tomato\n|t:|1698559612\n|gametype|singles\n|player|p1|dcrownd|giovanni|\n|player|p2|dislike tomato|hilbert-wonderlauncher|\n|teamsize|p1|6\n|teamsize|p2|6\n|gen|9\n|tier|[Gen 9] National Dex Ubers\n|rule|HP Percentage Mod: HP is shown in percentages\n|rule|Endless Battle Clause: Forcing endless battles is banned\n|rule|OHKO Clause: OHKO moves are banned\n|rule|Evasion Moves Clause: Evasion moves are banned\n|rule|Evasion Items Clause: Evasion items are banned\n|rule|Species Clause: Limit one of each Pok\u00e9mon\n|rule|Sleep Clause Mod: Limit one foe put to sleep\n|rule|Mega Rayquaza Clause: You cannot mega evolve Rayquaza\n|clearpoke\n|poke|p1|Nidoking, M|\n|poke|p1|Persian, M|\n|poke|p1|Mewtwo|\n|poke|p1|Gliscor, F|\n|poke|p1|Golem, F|\n|poke|p1|Kangaskhan, F|\n|poke|p2|Frosmoth, M|\n|poke|p2|Cloyster, M|\n|poke|p2|Ninetales-Alola, F|\n|poke|p2|Baxcalibur, M|\n|poke|p2|Abomasnow, M|\n|poke|p2|Cetitan, M|\n|teampreview\n|inactive|Battle timer is ON: inactive players will automatically lose when time's up. (requested by dcrownd)\n|\n|t:|1698559635\n|start\n|switch|p1a: Kangaskhan|Kangaskhan, F|100\/100\n|switch|p2a: Ninetales|Ninetales-Alola, F|100\/100\n|-weather|Snow|[from] ability: Snow Warning|[of] p2a: Ninetales\n|turn|1\n|\n|t:|1698559649\n|detailschange|p1a: Kangaskhan|Kangaskhan-Mega, F\n|-mega|p1a: Kangaskhan|Kangaskhan|Kangaskhanite\n|move|p1a: Kangaskhan|Fake Out|p2a: Ninetales\n|-damage|p2a: Ninetales|86\/100\n|-damage|p2a: Ninetales|82\/100\n|-hitcount|p2a: Ninetales|2\n|cant|p2a: Ninetales|flinch\n|\n|-weather|Snow|[upkeep]\n|upkeep\n|turn|2\n|\n|t:|1698559664\n|move|p2a: Ninetales|Aurora Veil|p2a: Ninetales\n|-sidestart|p2: dislike tomato|move: Aurora Veil\n|move|p1a: Kangaskhan|Body Slam|p2a: Ninetales\n|-damage|p2a: Ninetales|65\/100\n|-damage|p2a: Ninetales|61\/100\n|-hitcount|p2a: Ninetales|2\n|\n|-weather|Snow|[upkeep]\n|upkeep\n|turn|3\n|\n|t:|1698559679\n|switch|p2a: Cloyster|Cloyster, M|100\/100\n|move|p1a: Kangaskhan|Body Slam|p2a: Cloyster\n|-damage|p2a: Cloyster|89\/100\n|-status|p2a: Cloyster|par\n|-damage|p2a: Cloyster|86\/100 par\n|-hitcount|p2a: Cloyster|2\n|\n|-weather|Snow|[upkeep]\n|upkeep\n|turn|4\n|\n|t:|1698559695\n|move|p1a: Kangaskhan|Seismic Toss|p2a: Cloyster\n|-damage|p2a: Cloyster|45\/100 par\n|-damage|p2a: Cloyster|4\/100 par\n|-hitcount|p2a: Cloyster|2\n|move|p2a: Cloyster|Shell Smash|p2a: Cloyster\n|-unboost|p2a: Cloyster|def|1\n|-unboost|p2a: Cloyster|spd|1\n|-boost|p2a: Cloyster|atk|2\n|-boost|p2a: Cloyster|spa|2\n|-boost|p2a: Cloyster|spe|2\n|-enditem|p2a: Cloyster|White Herb\n|-clearnegativeboost|p2a: Cloyster|[silent]\n|\n|-weather|Snow|[upkeep]\n|upkeep\n|turn|5\n|\n|t:|1698559709\n|move|p1a: Kangaskhan|Seismic Toss|p2a: Cloyster\n|-damage|p2a: Cloyster|0 fnt\n|faint|p2a: Cloyster\n|-hitcount|p2: Cloyster|1\n|\n|-weather|none\n|upkeep\n|l|\u2606dislike tomato\n|inactive|dislike tomato disconnected and has 300 seconds to reconnect!\n|player|p2|\n|inactive|dislike tomato has 270 seconds to reconnect!\n|j|\u2606dislike tomato\n|inactive|dislike tomato reconnected and has 285 seconds left.\n|player|p2|dislike tomato|hilbert-wonderlauncher\n|inactive|dislike tomato has 270 seconds left.\n|\n|t:|1698559791\n|switch|p2a: Ninetales|Ninetales-Alola, F|61\/100\n|-weather|Snow|[from] ability: Snow Warning|[of] p2a: Ninetales\n|turn|6\n|\n|t:|1698559797\n|move|p2a: Ninetales|Encore|p1a: Kangaskhan\n|-start|p1a: Kangaskhan|Encore\n|move|p1a: Kangaskhan|Seismic Toss|p2a: Ninetales\n|-damage|p2a: Ninetales|32\/100\n|-damage|p2a: Ninetales|4\/100\n|-hitcount|p2a: Ninetales|2\n|\n|-weather|Snow|[upkeep]\n|upkeep\n|turn|7\n|\n|t:|1698559807\n|move|p2a: Ninetales|Moonblast|p1a: Kangaskhan\n|-damage|p1a: Kangaskhan|77\/100\n|move|p1a: Kangaskhan|Seismic Toss|p2a: Ninetales\n|-damage|p2a: Ninetales|0 fnt\n|faint|p2a: Ninetales\n|-hitcount|p2: Ninetales|1\n|\n|-weather|Snow|[upkeep]\n|upkeep\n|\n|t:|1698559819\n|switch|p2a: Cetitan|Cetitan, M|100\/100\n|turn|8\n|\n|t:|1698559829\n|move|p2a: Cetitan|Belly Drum|p2a: Cetitan\n|-damage|p2a: Cetitan|50\/100\n|-setboost|p2a: Cetitan|atk|6|[from] move: Belly Drum\n|move|p1a: Kangaskhan|Seismic Toss|p2a: Cetitan\n|-damage|p2a: Cetitan|30\/100\n|-damage|p2a: Cetitan|9\/100\n|-hitcount|p2a: Cetitan|2\n|\n|-weather|Snow|[upkeep]\n|-end|p1a: Kangaskhan|Encore\n|upkeep\n|turn|9\n|\n|t:|1698559842\n|switch|p1a: Golem|Golem, F|100\/100\n|move|p2a: Cetitan|Ice Shard|p1a: Golem\n|-supereffective|p1a: Golem\n|-ability|p1a: Golem|Sturdy\n|-damage|p1a: Golem|1\/100\n|-enditem|p1a: Golem|Weakness Policy\n|-boost|p1a: Golem|atk|2|[from] item: Weakness Policy\n|-boost|p1a: Golem|spa|2|[from] item: Weakness Policy\n|\n|-weather|Snow|[upkeep]\n|-sideend|p2: dislike tomato|move: Aurora Veil\n|upkeep\n|turn|10\n|\n|t:|1698559855\n|move|p2a: Cetitan|Ice Shard|p1a: Golem\n|-supereffective|p1a: Golem\n|-damage|p1a: Golem|0 fnt\n|faint|p1a: Golem\n|\n|-weather|none\n|upkeep\n|\n|t:|1698559863\n|switch|p1a: Kangaskhan|Kangaskhan-Mega, F|77\/100\n|turn|11\n|\n|t:|1698559870\n|move|p1a: Kangaskhan|Fake Out|p2a: Cetitan\n|-damage|p2a: Cetitan|0 fnt\n|faint|p2a: Cetitan\n|-hitcount|p2: Cetitan|1\n|\n|upkeep\n|\n|t:|1698559886\n|switch|p2a: Abomasnow|Abomasnow, M|100\/100\n|-weather|Snow|[from] ability: Snow Warning|[of] p2a: Abomasnow\n|turn|12\n|\n|t:|1698559894\n|detailschange|p2a: Abomasnow|Abomasnow-Mega, M\n|-mega|p2a: Abomasnow|Abomasnow|Abomasite\n|move|p1a: Kangaskhan|Body Slam|p2a: Abomasnow\n|-damage|p2a: Abomasnow|78\/100\n|-damage|p2a: Abomasnow|72\/100\n|-hitcount|p2a: Abomasnow|2\n|move|p2a: Abomasnow|Blizzard|p1a: Kangaskhan\n|-damage|p1a: Kangaskhan|19\/100\n|\n|-weather|Snow|[upkeep]\n|upkeep\n|turn|13\n|\n|t:|1698559906\n|move|p1a: Kangaskhan|Seismic Toss|p2a: Abomasnow\n|-damage|p2a: Abomasnow|46\/100\n|-damage|p2a: Abomasnow|20\/100\n|-hitcount|p2a: Abomasnow|2\n|move|p2a: Abomasnow|Blizzard|p1a: Kangaskhan\n|-damage|p1a: Kangaskhan|0 fnt\n|faint|p1a: Kangaskhan\n|\n|-weather|Snow|[upkeep]\n|upkeep\n|\n|t:|1698559918\n|switch|p1a: Persian|Persian, M, shiny|100\/100\n|turn|14\n|\n|t:|1698559930\n|-terastallize|p1a: Persian|Normal\n|move|p1a: Persian|Fake Out|p2a: Abomasnow\n|-enditem|p1a: Persian|Normal Gem|[from] gem\n|-damage|p2a: Abomasnow|0 fnt\n|faint|p2a: Abomasnow\n|\n|-weather|Snow|[upkeep]\n|upkeep\n|\n|t:|1698559935\n|switch|p2a: Baxcalibur|Baxcalibur, M|100\/100\n|turn|15\n|\n|t:|1698559947\n|move|p1a: Persian|Last Resort|p2a: Baxcalibur\n|-damage|p2a: Baxcalibur|54\/100\n|move|p2a: Baxcalibur|Dragon Dance|p2a: Baxcalibur\n|-boost|p2a: Baxcalibur|atk|1\n|-boost|p2a: Baxcalibur|spe|1\n|\n|-weather|Snow|[upkeep]\n|upkeep\n|turn|16\n|l|\u2606dislike tomato\n|inactive|dislike tomato disconnected and has 245 seconds to reconnect!\n|player|p2|\n|\n|t:|1698559967\n|switch|p1a: Gliscor|Gliscor, F|100\/100\n|move|p2a: Baxcalibur|Icicle Spear|p1a: Gliscor\n|-supereffective|p1a: Gliscor\n|-damage|p1a: Gliscor|35\/100\n|-supereffective|p1a: Gliscor\n|-damage|p1a: Gliscor|0 fnt\n|faint|p1a: Gliscor\n|-hitcount|p1: Gliscor|2\n|\n|-weather|none\n|upkeep\n|\n|t:|1698559980\n|switch|p1a: Mewtwo|Mewtwo|100\/100\n|-ability|p1a: Mewtwo|Pressure\n|turn|17\n|inactive|dislike tomato has 240 seconds to reconnect!\n|inactive|dislike tomato has 210 seconds to reconnect!\n|inactive|dislike tomato has 180 seconds to reconnect!\n|j|\u2606dislike tomato\n|inactive|dislike tomato reconnected and has 300 seconds left.\n|player|p2|dislike tomato|hilbert-wonderlauncher\n|l|\u2606dislike tomato\n|inactive|dislike tomato disconnected and has 180 seconds to reconnect!\n|player|p2|\n|inactive|dislike tomato has 150 seconds to reconnect!\n|inactive|dislike tomato has 120 seconds to reconnect!\n|inactive|dislike tomato has 90 seconds to reconnect!\n|j|\u2606dislike tomato\n|inactive|dislike tomato reconnected and has 285 seconds left.\n|player|p2|dislike tomato|hilbert-wonderlauncher\n|n|\u2606dislike tomato|disliketomato\n|inactive|dislike tomato has 270 seconds left.\n|l|\u2606dislike tomato\n|inactive|dislike tomato disconnected and has 65 seconds to reconnect!\n|player|p2|\n|inactive|dislike tomato has 60 seconds to reconnect!\n|inactive|dislike tomato has 30 seconds to reconnect!\n|inactive|dislike tomato has 20 seconds to reconnect!\n|inactive|dislike tomato has 15 seconds to reconnect!\n|inactive|dislike tomato has 10 seconds to reconnect!\n|inactive|dislike tomato has 5 seconds to reconnect!\n|-message|dislike tomato lost due to inactivity.\n|\n|win|dcrownd\n","uploadtime":1698560497,"views":9,"p1id":"dcrownd","p2id":"disliketomato","formatid":"gen9nationaldexubers","rating":0,"private":0,"password":""}