{"id":"gen9nationaldexubers-1999222219","p1":"WEEVlL UNDERWOOD","p2":"DatDerf617","format":"[Gen 9] National Dex Ubers","log":"|j|\u2606WEEVlL UNDERWOOD\n|j|\u2606DatDerf617\n|t:|1701047318\n|gametype|singles\n|player|p1|WEEVlL UNDERWOOD|265|\n|player|p2|DatDerf617|ltsurge|\n|teamsize|p1|6\n|teamsize|p2|6\n|gen|9\n|tier|[Gen 9] National Dex Ubers\n|rule|HP Percentage Mod: HP is shown in percentages\n|rule|Endless Battle Clause: Forcing endless battles is banned\n|rule|OHKO Clause: OHKO moves are banned\n|rule|Evasion Moves Clause: Evasion moves are banned\n|rule|Evasion Items Clause: Evasion items are banned\n|rule|Species Clause: Limit one of each Pok\u00e9mon\n|rule|Sleep Clause Mod: Limit one foe put to sleep\n|rule|Mega Rayquaza Clause: You cannot mega evolve Rayquaza\n|clearpoke\n|poke|p1|Forretress, M|\n|poke|p1|Araquanid, F|\n|poke|p1|Heracross, M|\n|poke|p1|Galvantula, F|\n|poke|p1|Butterfree, M|\n|poke|p1|Scizor, F|\n|poke|p2|Pidgeot, M|\n|poke|p2|Staraptor, M|\n|poke|p2|Indeedee, M|\n|poke|p2|Snorlax, M|\n|poke|p2|Zoroark-Hisui, M|\n|poke|p2|Ursaluna-Bloodmoon, M|\n|teampreview\n|j| Triggerhappy50\n|j| HereticalJ\n|\n|t:|1701047330\n|start\n|switch|p1a: Forretress|Forretress, M|100\/100\n|switch|p2a: Indeedee|Indeedee, M, shiny|100\/100\n|-fieldstart|move: Psychic Terrain|[from] ability: Psychic Surge|[of] p2a: Indeedee\n|turn|1\n|\n|t:|1701047339\n|move|p2a: Indeedee|Encore||[still]\n|-fail|p2a: Indeedee\n|move|p1a: Forretress|Stealth Rock|p2a: Indeedee\n|-sidestart|p2: DatDerf617|move: Stealth Rock\n|\n|upkeep\n|turn|2\n|\n|t:|1701047344\n|move|p2a: Indeedee|Encore|p1a: Forretress\n|-start|p1a: Forretress|Encore\n|move|p1a: Forretress|Stealth Rock||[still]\n|-fail|p1a: Forretress\n|\n|upkeep\n|turn|3\n|\n|t:|1701047356\n|switch|p1a: Heracross|Heracross, M|100\/100\n|move|p2a: Indeedee|Mystical Fire|p1a: Heracross\n|-supereffective|p1a: Heracross\n|-damage|p1a: Heracross|52\/100\n|-unboost|p1a: Heracross|spa|1\n|\n|upkeep\n|turn|4\n|\n|t:|1701047366\n|move|p1a: Heracross|Knock Off|p2a: Indeedee\n|-supereffective|p2a: Indeedee\n|-damage|p2a: Indeedee|0 fnt\n|-enditem|p2a: Indeedee|Terrain Extender|[from] move: Knock Off|[of] p1a: Heracross\n|faint|p2a: Indeedee\n|-ability|p1a: Heracross|Moxie|boost\n|-boost|p1a: Heracross|atk|1\n|\n|upkeep\n|\n|t:|1701047381\n|switch|p2a: Staraptor|Staraptor, M|100\/100\n|-damage|p2a: Staraptor|88\/100|[from] Stealth Rock\n|turn|5\n|\n|t:|1701047389\n|move|p1a: Heracross|Knock Off|p2a: Staraptor\n|-supereffective|p2a: Staraptor\n|-damage|p2a: Staraptor|0 fnt\n|replace|p2a: Zoroark|Zoroark-Hisui, M\n|-end|p2a: Zoroark|Illusion\n|-enditem|p2a: Zoroark|Choice Specs|[from] move: Knock Off|[of] p1a: Heracross\n|faint|p2a: Zoroark\n|-ability|p1a: Heracross|Moxie|boost\n|-boost|p1a: Heracross|atk|1\n|\n|upkeep\n|\n|t:|1701047397\n|switch|p2a: Pidgeot|Pidgeot, M|100\/100\n|-damage|p2a: Pidgeot|76\/100|[from] Stealth Rock\n|turn|6\n|\n|t:|1701047404\n|detailschange|p2a: Pidgeot|Pidgeot-Mega, M\n|-mega|p2a: Pidgeot|Pidgeot|Pidgeotite\n|move|p1a: Heracross|Knock Off|p2a: Pidgeot\n|-damage|p2a: Pidgeot|20\/100\n|move|p2a: Pidgeot|Hurricane|p1a: Heracross\n|-supereffective|p1a: Heracross\n|-damage|p1a: Heracross|0 fnt\n|faint|p1a: Heracross\n|\n|upkeep\n|\n|t:|1701047411\n|switch|p1a: Galvantula|Galvantula, F|100\/100\n|turn|7\n|\n|t:|1701047418\n|move|p2a: Pidgeot|Hurricane|p1a: Galvantula\n|-damage|p1a: Galvantula|1\/100\n|move|p1a: Galvantula|Thunder|p2a: Pidgeot\n|-supereffective|p2a: Pidgeot\n|-damage|p2a: Pidgeot|0 fnt\n|faint|p2a: Pidgeot\n|\n|upkeep\n|\n|t:|1701047428\n|switch|p2a: Ursaluna|Ursaluna-Bloodmoon, M|100\/100\n|-damage|p2a: Ursaluna|94\/100|[from] Stealth Rock\n|turn|8\n|\n|t:|1701047439\n|move|p1a: Galvantula|Thunder|p2a: Ursaluna\n|-immune|p2a: Ursaluna\n|move|p2a: Ursaluna|Earth Power|p1a: Galvantula\n|-damage|p1a: Galvantula|0 fnt\n|faint|p1a: Galvantula\n|\n|-fieldend|move: Psychic Terrain\n|upkeep\n|\n|t:|1701047448\n|switch|p1a: Araquanid|Araquanid, F|100\/100\n|turn|9\n|\n|t:|1701047457\n|move|p2a: Ursaluna|Blood Moon|p1a: Araquanid\n|-damage|p1a: Araquanid|26\/100\n|move|p1a: Araquanid|Dive||[still]\n|-prepare|p1a: Araquanid|Dive\n|\n|upkeep\n|turn|10\n|\n|t:|1701047464\n|switch|p2a: Snorlax|Snorlax, M, shiny|100\/100\n|-damage|p2a: Snorlax|88\/100|[from] Stealth Rock\n|move|p1a: Araquanid|Dive|p2a: Snorlax|[from]lockedmove\n|-damage|p2a: Snorlax|45\/100\n|\n|-heal|p2a: Snorlax|51\/100|[from] item: Leftovers\n|upkeep\n|turn|11\n|\n|t:|1701047479\n|move|p1a: Araquanid|Leech Life|p2a: Snorlax\n|-damage|p2a: Snorlax|28\/100\n|-heal|p1a: Araquanid|42\/100|[from] drain|[of] p2a: Snorlax\n|move|p2a: Snorlax|Body Slam|p1a: Araquanid\n|-damage|p1a: Araquanid|10\/100\n|-status|p1a: Araquanid|par\n|-damage|p2a: Snorlax|11\/100|[from] item: Rocky Helmet|[of] p1a: Araquanid\n|\n|-heal|p2a: Snorlax|18\/100|[from] item: Leftovers\n|upkeep\n|turn|12\n|\n|t:|1701047499\n|switch|p2a: Staraptor|Staraptor, M|100\/100\n|-damage|p2a: Staraptor|76\/100|[from] Stealth Rock\n|move|p1a: Araquanid|Hydro Pump|p2a: Staraptor\n|-damage|p2a: Staraptor|9\/100\n|\n|upkeep\n|turn|13\n|\n|t:|1701047513\n|move|p2a: Staraptor|U-turn|p1a: Araquanid\n|-damage|p1a: Araquanid|0 fnt\n|-damage|p2a: Staraptor|0 fnt|[from] item: Rocky Helmet|[of] p1a: Araquanid\n|faint|p1a: Araquanid\n|faint|p2a: Staraptor\n|\n|upkeep\n|\n|t:|1701047520\n|switch|p2a: Ursaluna|Ursaluna-Bloodmoon, M|94\/100\n|switch|p1a: Scizor|Scizor, F|100\/100\n|-damage|p2a: Ursaluna|88\/100|[from] Stealth Rock\n|turn|14\n|\n|t:|1701047527\n|detailschange|p1a: Scizor|Scizor-Mega, F\n|-mega|p1a: Scizor|Scizor|Scizorite\n|move|p1a: Scizor|Knock Off|p2a: Ursaluna\n|-damage|p2a: Ursaluna|58\/100\n|-enditem|p2a: Ursaluna|Wise Glasses|[from] move: Knock Off|[of] p1a: Scizor\n|move|p2a: Ursaluna|Earth Power|p1a: Scizor\n|-damage|p1a: Scizor|33\/100\n|\n|upkeep\n|turn|15\n|\n|t:|1701047541\n|move|p1a: Scizor|Iron Head|p2a: Ursaluna\n|-damage|p2a: Ursaluna|21\/100\n|move|p2a: Ursaluna|Blood Moon|p1a: Scizor\n|-resisted|p1a: Scizor\n|-damage|p1a: Scizor|0 fnt\n|faint|p1a: Scizor\n|\n|upkeep\n|\n|t:|1701047553\n|switch|p1a: Butterfree|Butterfree, M|100\/100\n|turn|16\n|\n|t:|1701047557\n|move|p1a: Butterfree|Psychic|p2a: Ursaluna\n|-crit|p2a: Ursaluna\n|-damage|p2a: Ursaluna|0 fnt\n|faint|p2a: Ursaluna\n|\n|upkeep\n|\n|t:|1701047561\n|switch|p2a: Snorlax|Snorlax, M, shiny|18\/100\n|-damage|p2a: Snorlax|5\/100|[from] Stealth Rock\n|turn|17\n|\n|t:|1701047569\n|move|p1a: Butterfree|Psychic|p2a: Snorlax\n|-damage|p2a: Snorlax|0 fnt\n|faint|p2a: Snorlax\n|\n|win|WEEVlL UNDERWOOD\n|l|\u2606WEEVlL UNDERWOOD\n|l| Triggerhappy50\n","uploadtime":1701047575,"views":20,"p1id":"weevllunderwood","p2id":"datderf617","formatid":"gen9nationaldexubers","rating":0,"private":0,"password":""}