{"id":"gen9nationaldexubers-1992545698","p1":"Piotrfau","p2":"AppleBoi29310","format":"[Gen 9] National Dex Ubers","log":"|j|\u2606Piotrfau\n|j|\u2606AppleBoi29310\n|t:|1700203186\n|gametype|singles\n|player|p1|Piotrfau|norman|1147\n|player|p2|AppleBoi29310|gambler|1040\n|teamsize|p1|6\n|teamsize|p2|6\n|gen|9\n|tier|[Gen 9] National Dex Ubers\n|rated|\n|rule|HP Percentage Mod: HP is shown in percentages\n|rule|Endless Battle Clause: Forcing endless battles is banned\n|rule|OHKO Clause: OHKO moves are banned\n|rule|Evasion Moves Clause: Evasion moves are banned\n|rule|Evasion Items Clause: Evasion items are banned\n|rule|Species Clause: Limit one of each Pok\u00e9mon\n|rule|Sleep Clause Mod: Limit one foe put to sleep\n|rule|Mega Rayquaza Clause: You cannot mega evolve Rayquaza\n|clearpoke\n|poke|p1|Cloyster, M|\n|poke|p1|Volcarona, M|\n|poke|p1|Snorlax, M|\n|poke|p1|Mimikyu, F|\n|poke|p1|Zoroark-Hisui, M|\n|poke|p1|Metagross|\n|poke|p2|Clodsire, F|\n|poke|p2|Cloyster, F|\n|poke|p2|Gliscor, F|\n|poke|p2|Corviknight, M|\n|poke|p2|Toxapex, F|\n|poke|p2|Nosepass, L1, M|\n|teampreview\n|inactive|Battle timer is ON: inactive players will automatically lose when time's up. (requested by Piotrfau)\n|\n|t:|1700203199\n|start\n|switch|p1a: Volcarona|Volcarona, M|100\/100\n|switch|p2a: Cloyster|Cloyster, F|100\/100\n|turn|1\n|\n|t:|1700203206\n|move|p1a: Volcarona|Giga Drain|p2a: Cloyster\n|-supereffective|p2a: Cloyster\n|-enditem|p2a: Cloyster|Focus Sash\n|-damage|p2a: Cloyster|1\/100\n|move|p2a: Cloyster|Shell Smash|p2a: Cloyster\n|-unboost|p2a: Cloyster|def|1\n|-unboost|p2a: Cloyster|spd|1\n|-boost|p2a: Cloyster|atk|2\n|-boost|p2a: Cloyster|spa|2\n|-boost|p2a: Cloyster|spe|2\n|\n|upkeep\n|turn|2\n|\n|t:|1700203216\n|move|p2a: Cloyster|Icicle Spear|p1a: Volcarona\n|-resisted|p1a: Volcarona\n|-damage|p1a: Volcarona|87\/100\n|-resisted|p1a: Volcarona\n|-damage|p1a: Volcarona|74\/100\n|-resisted|p1a: Volcarona\n|-damage|p1a: Volcarona|59\/100\n|-resisted|p1a: Volcarona\n|-crit|p1a: Volcarona\n|-damage|p1a: Volcarona|36\/100\n|-resisted|p1a: Volcarona\n|-damage|p1a: Volcarona|22\/100\n|-hitcount|p1a: Volcarona|5\n|move|p1a: Volcarona|Giga Drain|p2a: Cloyster\n|-supereffective|p2a: Cloyster\n|-damage|p2a: Cloyster|0 fnt\n|-heal|p1a: Volcarona|22\/100|[from] drain|[of] p2a: Cloyster\n|faint|p2a: Cloyster\n|\n|upkeep\n|\n|t:|1700203231\n|switch|p2a: Corviknight|Corviknight, M|100\/100\n|turn|3\n|\n|t:|1700203234\n|move|p1a: Volcarona|Fiery Dance|p2a: Corviknight\n|-supereffective|p2a: Corviknight\n|-damage|p2a: Corviknight|0 fnt\n|-boost|p1a: Volcarona|spa|1\n|faint|p2a: Corviknight\n|\n|upkeep\n|\n|t:|1700203240\n|switch|p2a: Nosepass|Nosepass, L1, M|100\/100\n|turn|4\n|\n|t:|1700203243\n|move|p1a: Volcarona|Giga Drain|p2a: Nosepass\n|-supereffective|p2a: Nosepass\n|-ability|p2a: Nosepass|Sturdy\n|-damage|p2a: Nosepass|10\/100\n|-heal|p1a: Volcarona|24\/100|[from] drain|[of] p2a: Nosepass\n|move|p2a: Nosepass|Pain Split|p1a: Volcarona\n|-sethp|p1a: Volcarona|12\/100|[from] move: Pain Split|[silent]\n|-sethp|p2a: Nosepass|100\/100|[from] move: Pain Split\n|\n|upkeep\n|turn|5\n|\n|t:|1700203253\n|move|p2a: Nosepass|Protect|p2a: Nosepass\n|-singleturn|p2a: Nosepass|Protect\n|move|p1a: Volcarona|Giga Drain|p2a: Nosepass\n|-activate|p2a: Nosepass|move: Protect\n|\n|upkeep\n|turn|6\n|\n|t:|1700203258\n|move|p1a: Volcarona|Giga Drain|p2a: Nosepass\n|-supereffective|p2a: Nosepass\n|-ability|p2a: Nosepass|Sturdy\n|-damage|p2a: Nosepass|10\/100\n|-heal|p1a: Volcarona|14\/100|[from] drain|[of] p2a: Nosepass\n|move|p2a: Nosepass|Pain Split|p1a: Volcarona\n|-sethp|p1a: Volcarona|7\/100|[from] move: Pain Split|[silent]\n|-sethp|p2a: Nosepass|100\/100|[from] move: Pain Split\n|\n|upkeep\n|turn|7\n|\n|t:|1700203270\n|move|p1a: Volcarona|Giga Drain|p2a: Nosepass\n|-supereffective|p2a: Nosepass\n|-ability|p2a: Nosepass|Sturdy\n|-damage|p2a: Nosepass|10\/100\n|-heal|p1a: Volcarona|9\/100|[from] drain|[of] p2a: Nosepass\n|move|p2a: Nosepass|Pain Split|p1a: Volcarona\n|-sethp|p1a: Volcarona|5\/100|[from] move: Pain Split|[silent]\n|-sethp|p2a: Nosepass|100\/100|[from] move: Pain Split\n|\n|upkeep\n|turn|8\n|\n|t:|1700203279\n|move|p1a: Volcarona|Giga Drain|p2a: Nosepass\n|-supereffective|p2a: Nosepass\n|-ability|p2a: Nosepass|Sturdy\n|-damage|p2a: Nosepass|10\/100\n|-heal|p1a: Volcarona|6\/100|[from] drain|[of] p2a: Nosepass\n|move|p2a: Nosepass|Pain Split|p1a: Volcarona\n|-sethp|p1a: Volcarona|3\/100|[from] move: Pain Split|[silent]\n|-sethp|p2a: Nosepass|82\/100|[from] move: Pain Split\n|\n|upkeep\n|turn|9\n|\n|t:|1700203287\n|move|p1a: Volcarona|Giga Drain|p2a: Nosepass\n|-supereffective|p2a: Nosepass\n|-damage|p2a: Nosepass|0 fnt\n|-heal|p1a: Volcarona|5\/100|[from] drain|[of] p2a: Nosepass\n|faint|p2a: Nosepass\n|\n|upkeep\n|\n|t:|1700203296\n|switch|p2a: Clodsire|Clodsire, F|100\/100\n|turn|10\n|\n|t:|1700203300\n|move|p1a: Volcarona|Bug Buzz|p2a: Clodsire\n|-resisted|p2a: Clodsire\n|-damage|p2a: Clodsire|79\/100\n|move|p2a: Clodsire|Poison Jab|p1a: Volcarona\n|-damage|p1a: Volcarona|0 fnt\n|faint|p1a: Volcarona\n|\n|-heal|p2a: Clodsire|85\/100|[from] item: Leftovers\n|upkeep\n|\n|t:|1700203308\n|switch|p1a: Cloyster|Cloyster, M|100\/100\n|turn|11\n|\n|t:|1700203314\n|move|p1a: Cloyster|Shell Smash|p1a: Cloyster\n|-unboost|p1a: Cloyster|def|1\n|-unboost|p1a: Cloyster|spd|1\n|-boost|p1a: Cloyster|atk|2\n|-boost|p1a: Cloyster|spa|2\n|-boost|p1a: Cloyster|spe|2\n|move|p2a: Clodsire|Earthquake|p1a: Cloyster\n|-damage|p1a: Cloyster|69\/100\n|\n|-heal|p2a: Clodsire|91\/100|[from] item: Leftovers\n|upkeep\n|turn|12\n|\n|t:|1700203324\n|move|p1a: Cloyster|Icicle Spear|p2a: Clodsire\n|-supereffective|p2a: Clodsire\n|-damage|p2a: Clodsire|59\/100\n|-supereffective|p2a: Clodsire\n|-damage|p2a: Clodsire|30\/100\n|-supereffective|p2a: Clodsire\n|-damage|p2a: Clodsire|0 fnt\n|faint|p2a: Clodsire\n|-hitcount|p2: Clodsire|3\n|\n|upkeep\n|\n|t:|1700203332\n|switch|p2a: Toxapex|Toxapex, F|100\/100\n|turn|13\n|\n|t:|1700203341\n|move|p1a: Cloyster|Icicle Spear|p2a: Toxapex\n|-resisted|p2a: Toxapex\n|-damage|p2a: Toxapex|92\/100\n|-resisted|p2a: Toxapex\n|-damage|p2a: Toxapex|82\/100\n|-resisted|p2a: Toxapex\n|-damage|p2a: Toxapex|73\/100\n|-resisted|p2a: Toxapex\n|-damage|p2a: Toxapex|64\/100\n|-resisted|p2a: Toxapex\n|-damage|p2a: Toxapex|54\/100\n|-hitcount|p2a: Toxapex|5\n|move|p2a: Toxapex|Haze|p2a: Toxapex\n|-clearallboost\n|\n|upkeep\n|turn|14\n|\n|t:|1700203353\n|move|p2a: Toxapex|Baneful Bunker|p2a: Toxapex\n|-singleturn|p2a: Toxapex|move: Protect\n|move|p1a: Cloyster|Icicle Spear|p2a: Toxapex\n|-activate|p2a: Toxapex|move: Protect\n|\n|upkeep\n|turn|15\n|\n|t:|1700203362\n|move|p1a: Cloyster|Icicle Spear|p2a: Toxapex\n|-resisted|p2a: Toxapex\n|-damage|p2a: Toxapex|49\/100\n|-resisted|p2a: Toxapex\n|-damage|p2a: Toxapex|44\/100\n|-resisted|p2a: Toxapex\n|-damage|p2a: Toxapex|40\/100\n|-resisted|p2a: Toxapex\n|-damage|p2a: Toxapex|35\/100\n|-resisted|p2a: Toxapex\n|-damage|p2a: Toxapex|30\/100\n|-hitcount|p2a: Toxapex|5\n|move|p2a: Toxapex|Recover|p2a: Toxapex\n|-heal|p2a: Toxapex|81\/100\n|\n|upkeep\n|turn|16\n|\n|t:|1700203374\n|move|p1a: Cloyster|Shell Smash|p1a: Cloyster\n|-unboost|p1a: Cloyster|def|1\n|-unboost|p1a: Cloyster|spd|1\n|-boost|p1a: Cloyster|atk|2\n|-boost|p1a: Cloyster|spa|2\n|-boost|p1a: Cloyster|spe|2\n|move|p2a: Toxapex|Surf|p1a: Cloyster\n|-resisted|p1a: Cloyster\n|-damage|p1a: Cloyster|20\/100\n|\n|upkeep\n|turn|17\n|\n|t:|1700203384\n|move|p2a: Toxapex|Baneful Bunker|p2a: Toxapex\n|-singleturn|p2a: Toxapex|move: Protect\n|move|p1a: Cloyster|Icicle Spear|p2a: Toxapex\n|-activate|p2a: Toxapex|move: Protect\n|\n|upkeep\n|turn|18\n|\n|t:|1700203390\n|move|p1a: Cloyster|Icicle Spear|p2a: Toxapex\n|-resisted|p2a: Toxapex\n|-damage|p2a: Toxapex|71\/100\n|-resisted|p2a: Toxapex\n|-damage|p2a: Toxapex|62\/100\n|-resisted|p2a: Toxapex\n|-damage|p2a: Toxapex|54\/100\n|-resisted|p2a: Toxapex\n|-damage|p2a: Toxapex|45\/100\n|-resisted|p2a: Toxapex\n|-damage|p2a: Toxapex|37\/100\n|-hitcount|p2a: Toxapex|5\n|move|p2a: Toxapex|Haze|p2a: Toxapex\n|-clearallboost\n|\n|upkeep\n|turn|19\n|\n|t:|1700203403\n|move|p1a: Cloyster|Icicle Spear|p2a: Toxapex\n|-resisted|p2a: Toxapex\n|-damage|p2a: Toxapex|32\/100\n|-resisted|p2a: Toxapex\n|-damage|p2a: Toxapex|28\/100\n|-resisted|p2a: Toxapex\n|-damage|p2a: Toxapex|23\/100\n|-resisted|p2a: Toxapex\n|-damage|p2a: Toxapex|18\/100\n|-resisted|p2a: Toxapex\n|-damage|p2a: Toxapex|14\/100\n|-hitcount|p2a: Toxapex|5\n|move|p2a: Toxapex|Recover|p2a: Toxapex\n|-heal|p2a: Toxapex|64\/100\n|\n|upkeep\n|turn|20\n|\n|t:|1700203415\n|move|p1a: Cloyster|Shell Smash|p1a: Cloyster\n|-unboost|p1a: Cloyster|def|1\n|-unboost|p1a: Cloyster|spd|1\n|-boost|p1a: Cloyster|atk|2\n|-boost|p1a: Cloyster|spa|2\n|-boost|p1a: Cloyster|spe|2\n|move|p2a: Toxapex|Surf|p1a: Cloyster\n|-resisted|p1a: Cloyster\n|-damage|p1a: Cloyster|0 fnt\n|faint|p1a: Cloyster\n|\n|upkeep\n|\n|t:|1700203428\n|switch|p1a: Snorlax|Snorlax, M|100\/100\n|turn|21\n|\n|t:|1700203439\n|move|p2a: Toxapex|Surf|p1a: Snorlax\n|-damage|p1a: Snorlax|89\/100\n|move|p1a: Snorlax|Curse|p1a: Snorlax\n|-unboost|p1a: Snorlax|spe|1\n|-boost|p1a: Snorlax|atk|1\n|-boost|p1a: Snorlax|def|1\n|\n|-heal|p1a: Snorlax|95\/100|[from] item: Leftovers\n|upkeep\n|turn|22\n|\n|t:|1700203448\n|move|p2a: Toxapex|Haze|p2a: Toxapex\n|-clearallboost\n|move|p1a: Snorlax|Curse|p1a: Snorlax\n|-unboost|p1a: Snorlax|spe|1\n|-boost|p1a: Snorlax|atk|1\n|-boost|p1a: Snorlax|def|1\n|\n|-heal|p1a: Snorlax|100\/100|[from] item: Leftovers\n|upkeep\n|turn|23\n|\n|t:|1700203459\n|move|p2a: Toxapex|Haze|p2a: Toxapex\n|-clearallboost\n|move|p1a: Snorlax|Curse|p1a: Snorlax\n|-unboost|p1a: Snorlax|spe|1\n|-boost|p1a: Snorlax|atk|1\n|-boost|p1a: Snorlax|def|1\n|\n|upkeep\n|turn|24\n|\n|t:|1700203485\n|move|p2a: Toxapex|Haze|p2a: Toxapex\n|-clearallboost\n|move|p1a: Snorlax|Body Slam|p2a: Toxapex\n|-damage|p2a: Toxapex|41\/100\n|\n|upkeep\n|turn|25\n|\n|t:|1700203492\n|move|p2a: Toxapex|Surf|p1a: Snorlax\n|-damage|p1a: Snorlax|90\/100\n|move|p1a: Snorlax|Body Slam|p2a: Toxapex\n|-damage|p2a: Toxapex|18\/100\n|\n|-heal|p1a: Snorlax|96\/100|[from] item: Leftovers\n|upkeep\n|turn|26\n|\n|t:|1700203499\n|move|p2a: Toxapex|Recover|p2a: Toxapex\n|-heal|p2a: Toxapex|69\/100\n|move|p1a: Snorlax|Body Slam|p2a: Toxapex\n|-damage|p2a: Toxapex|44\/100\n|\n|-heal|p1a: Snorlax|100\/100|[from] item: Leftovers\n|upkeep\n|turn|27\n|\n|t:|1700203505\n|move|p2a: Toxapex|Baneful Bunker|p2a: Toxapex\n|-singleturn|p2a: Toxapex|move: Protect\n|move|p1a: Snorlax|Body Slam|p2a: Toxapex\n|-activate|p2a: Toxapex|move: Protect\n|\n|upkeep\n|turn|28\n|\n|t:|1700203512\n|move|p2a: Toxapex|Recover|p2a: Toxapex\n|-heal|p2a: Toxapex|94\/100\n|move|p1a: Snorlax|Body Slam|p2a: Toxapex\n|-damage|p2a: Toxapex|71\/100\n|\n|upkeep\n|turn|29\n|\n|t:|1700203518\n|move|p2a: Toxapex|Surf|p1a: Snorlax\n|-damage|p1a: Snorlax|90\/100\n|move|p1a: Snorlax|Body Slam|p2a: Toxapex\n|-damage|p2a: Toxapex|47\/100\n|\n|-heal|p1a: Snorlax|96\/100|[from] item: Leftovers\n|upkeep\n|turn|30\n|\n|t:|1700203525\n|move|p2a: Toxapex|Recover|p2a: Toxapex\n|-heal|p2a: Toxapex|97\/100\n|move|p1a: Snorlax|Body Slam|p2a: Toxapex\n|-damage|p2a: Toxapex|72\/100\n|\n|-heal|p1a: Snorlax|100\/100|[from] item: Leftovers\n|upkeep\n|turn|31\n|\n|t:|1700203533\n|switch|p2a: Gliscor|Gliscor, F|100\/100\n|move|p1a: Snorlax|Body Slam|p2a: Gliscor\n|-damage|p2a: Gliscor|73\/100\n|-status|p2a: Gliscor|par\n|\n|upkeep\n|turn|32\n|\n|t:|1700203543\n|move|p2a: Gliscor|Toxic|p1a: Snorlax\n|-immune|p1a: Snorlax|[from] ability: Immunity\n|move|p1a: Snorlax|Curse|p1a: Snorlax\n|-unboost|p1a: Snorlax|spe|1\n|-boost|p1a: Snorlax|atk|1\n|-boost|p1a: Snorlax|def|1\n|\n|upkeep\n|turn|33\n|\n|t:|1700203551\n|move|p2a: Gliscor|Protect|p2a: Gliscor\n|-singleturn|p2a: Gliscor|Protect\n|move|p1a: Snorlax|Curse|p1a: Snorlax\n|-unboost|p1a: Snorlax|spe|1\n|-boost|p1a: Snorlax|atk|1\n|-boost|p1a: Snorlax|def|1\n|\n|upkeep\n|turn|34\n|\n|t:|1700203558\n|move|p2a: Gliscor|Earthquake|p1a: Snorlax\n|-damage|p1a: Snorlax|81\/100\n|move|p1a: Snorlax|Curse|p1a: Snorlax\n|-unboost|p1a: Snorlax|spe|1\n|-boost|p1a: Snorlax|atk|1\n|-boost|p1a: Snorlax|def|1\n|\n|-heal|p1a: Snorlax|87\/100|[from] item: Leftovers\n|upkeep\n|turn|35\n|\n|t:|1700203566\n|move|p2a: Gliscor|Earthquake|p1a: Snorlax\n|-damage|p1a: Snorlax|72\/100\n|move|p1a: Snorlax|Curse|p1a: Snorlax\n|-unboost|p1a: Snorlax|spe|1\n|-boost|p1a: Snorlax|atk|1\n|-boost|p1a: Snorlax|def|1\n|\n|-heal|p1a: Snorlax|78\/100|[from] item: Leftovers\n|upkeep\n|turn|36\n|\n|t:|1700203575\n|cant|p2a: Gliscor|par\n|move|p1a: Snorlax|Body Slam|p2a: Gliscor\n|-damage|p2a: Gliscor|0 fnt\n|faint|p2a: Gliscor\n|\n|-heal|p1a: Snorlax|84\/100|[from] item: Leftovers\n|upkeep\n|\n|t:|1700203582\n|switch|p2a: Toxapex|Toxapex, F|72\/100\n|turn|37\n|\n|t:|1700203586\n|move|p2a: Toxapex|Haze|p2a: Toxapex\n|-clearallboost\n|move|p1a: Snorlax|Body Slam|p2a: Toxapex\n|-damage|p2a: Toxapex|48\/100\n|\n|-heal|p1a: Snorlax|90\/100|[from] item: Leftovers\n|upkeep\n|turn|38\n|\n|t:|1700203593\n|move|p2a: Toxapex|Recover|p2a: Toxapex\n|-heal|p2a: Toxapex|98\/100\n|move|p1a: Snorlax|Body Slam|p2a: Toxapex\n|-damage|p2a: Toxapex|72\/100\n|\n|-heal|p1a: Snorlax|96\/100|[from] item: Leftovers\n|upkeep\n|turn|39\n|c|\u2606AppleBoi29310|gg i cant continue this game lol\n|-message|AppleBoi29310 forfeited.\n|\n|win|Piotrfau\n|raw|Piotrfau's rating: 1147 &rarr; <strong>1165<\/strong><br \/>(+18 for winning)\n|raw|AppleBoi29310's rating: 1040 &rarr; <strong>1029<\/strong><br \/>(-11 for losing)\n","uploadtime":1700203612,"views":9,"p1id":"piotrfau","p2id":"appleboi29310","formatid":"gen9nationaldexubers","rating":1029,"private":0,"password":""}