{"id":"gen9nationaldexubers-1989259164","p1":"Queijolol","p2":"vic_ketchum","format":"[Gen 9] National Dex Ubers","log":"|j|\u2606Queijolol\n|j|\u2606vic_ketchum\n|t:|1699828973\n|gametype|singles\n|player|p1|Queijolol|dawn|1048\n|player|p2|vic_ketchum|ash-kalos|1082\n|teamsize|p1|6\n|teamsize|p2|6\n|gen|9\n|tier|[Gen 9] National Dex Ubers\n|rated|\n|rule|HP Percentage Mod: HP is shown in percentages\n|rule|Endless Battle Clause: Forcing endless battles is banned\n|rule|OHKO Clause: OHKO moves are banned\n|rule|Evasion Moves Clause: Evasion moves are banned\n|rule|Evasion Items Clause: Evasion items are banned\n|rule|Species Clause: Limit one of each Pok\u00e9mon\n|rule|Sleep Clause Mod: Limit one foe put to sleep\n|rule|Mega Rayquaza Clause: You cannot mega evolve Rayquaza\n|clearpoke\n|poke|p1|Pyukumuku, F|\n|poke|p1|Eiscue, M|\n|poke|p1|Slowbro-Galar, M|\n|poke|p1|Incineroar, M|\n|poke|p1|Corviknight, F|\n|poke|p1|Steelix, M|\n|poke|p2|Mewtwo|\n|poke|p2|Pheromosa|\n|poke|p2|Deoxys|\n|poke|p2|Buzzwole|\n|poke|p2|Zoroark, M|\n|poke|p2|Scizor, M|\n|teampreview\n|inactive|Battle timer is ON: inactive players will automatically lose when time's up. (requested by vic_ketchum)\n|\n|t:|1699828988\n|start\n|switch|p1a: Pyukumuku|Pyukumuku, F|100\/100\n|switch|p2a: CELL|Pheromosa|100\/100\n|turn|1\n|\n|t:|1699828999\n|move|p2a: CELL|Bug Buzz|p1a: Pyukumuku\n|-damage|p1a: Pyukumuku|68\/100\n|move|p1a: Pyukumuku|Block|p2a: CELL\n|-activate|p2a: CELL|trapped\n|\n|-heal|p1a: Pyukumuku|74\/100|[from] item: Leftovers\n|upkeep\n|turn|2\n|c|\u2606Queijolol|Do you like my team? :)\n|c|\u2606Queijolol|:))))))))))\n|c|\u2606vic_ketchum|yeah\n|\n|t:|1699829018\n|move|p2a: CELL|Poison Jab|p1a: Pyukumuku\n|-damage|p1a: Pyukumuku|56\/100\n|move|p1a: Pyukumuku|Toxic|p2a: CELL\n|-status|p2a: CELL|tox\n|\n|-heal|p1a: Pyukumuku|62\/100|[from] item: Leftovers\n|-damage|p2a: CELL|94\/100 tox|[from] psn\n|upkeep\n|turn|3\n|\n|t:|1699829027\n|switch|p1a: Incineroar|Incineroar, M|100\/100\n|-ability|p1a: Incineroar|Intimidate|boost\n|-unboost|p2a: CELL|atk|1\n|move|p2a: CELL|Poison Jab|p1a: Incineroar\n|-damage|p1a: Incineroar|81\/100\n|\n|-damage|p2a: CELL|82\/100 tox|[from] psn\n|upkeep\n|turn|4\n|\n|t:|1699829035\n|move|p2a: CELL|Bug Buzz|p1a: Incineroar\n|-damage|p1a: Incineroar|34\/100\n|-unboost|p1a: Incineroar|spd|1\n|move|p1a: Incineroar|Bulk Up|p1a: Incineroar\n|-boost|p1a: Incineroar|atk|1\n|-boost|p1a: Incineroar|def|1\n|\n|-damage|p2a: CELL|64\/100 tox|[from] psn\n|upkeep\n|turn|5\n|\n|t:|1699829045\n|-terastallize|p1a: Incineroar|Fire\n|move|p2a: CELL|Bug Buzz|p1a: Incineroar\n|-resisted|p1a: Incineroar\n|-damage|p1a: Incineroar|0 fnt\n|faint|p1a: Incineroar\n|-ability|p2a: CELL|Beast Boost|boost\n|-boost|p2a: CELL|atk|1\n|\n|-damage|p2a: CELL|40\/100 tox|[from] psn\n|upkeep\n|\n|t:|1699829051\n|switch|p1a: Eiscue|Eiscue, M|100\/100\n|turn|6\n|\n|t:|1699829059\n|move|p2a: CELL|Bug Buzz|p1a: Eiscue\n|-damage|p1a: Eiscue|48\/100\n|-enditem|p1a: Eiscue|Sitrus Berry|[eat]\n|-heal|p1a: Eiscue|73\/100|[from] item: Sitrus Berry\n|move|p1a: Eiscue|Substitute|p1a: Eiscue\n|-start|p1a: Eiscue|Substitute\n|-damage|p1a: Eiscue|48\/100\n|\n|-damage|p2a: CELL|10\/100 tox|[from] psn\n|upkeep\n|turn|7\n|\n|t:|1699829069\n|move|p2a: CELL|Bug Buzz|p1a: Eiscue\n|-damage|p1a: Eiscue|0 fnt\n|faint|p1a: Eiscue\n|-ability|p2a: CELL|Beast Boost|boost\n|-boost|p2a: CELL|atk|1\n|\n|-damage|p2a: CELL|0 fnt|[from] psn\n|faint|p2a: CELL\n|upkeep\n|\n|t:|1699829079\n|switch|p2a: MAJIN BUU|Deoxys|100\/100\n|switch|p1a: Slowbro|Slowbro-Galar, M|100\/100\n|-ability|p2a: MAJIN BUU|Pressure\n|turn|8\n|\n|t:|1699829084\n|move|p2a: MAJIN BUU|Dark Pulse|p1a: Slowbro\n|-supereffective|p1a: Slowbro\n|-damage|p1a: Slowbro|37\/100\n|cant|p1a: Slowbro|flinch\n|\n|upkeep\n|turn|9\n|\n|t:|1699829093\n|move|p2a: MAJIN BUU|Dark Pulse|p1a: Slowbro\n|-supereffective|p1a: Slowbro\n|-damage|p1a: Slowbro|0 fnt\n|faint|p1a: Slowbro\n|\n|upkeep\n|-message|Queijolol forfeited.\n|\n|win|vic_ketchum\n|raw|Queijolol's rating: 1048 &rarr; <strong>1032<\/strong><br \/>(-16 for losing)\n|raw|vic_ketchum's rating: 1082 &rarr; <strong>1107<\/strong><br \/>(+25 for winning)\n|l|\u2606Queijolol\n","uploadtime":1699829103,"views":5,"p1id":"queijolol","p2id":"vicketchum","formatid":"gen9nationaldexubers","rating":1032,"private":0,"password":""}