{"id":"gen9nationaldexubers-1990651171","p1":"le generql","p2":"JVitor026","format":"[Gen 9] National Dex Ubers","log":"|j|\u2606le generql\n|j|\u2606JVitor026\n|t:|1699988830\n|gametype|singles\n|player|p1|le generql|ghetsis-gen5bw|1000\n|player|p2|JVitor026|silver|1163\n|teamsize|p1|6\n|teamsize|p2|6\n|gen|9\n|tier|[Gen 9] National Dex Ubers\n|rated|\n|rule|HP Percentage Mod: HP is shown in percentages\n|rule|Endless Battle Clause: Forcing endless battles is banned\n|rule|OHKO Clause: OHKO moves are banned\n|rule|Evasion Moves Clause: Evasion moves are banned\n|rule|Evasion Items Clause: Evasion items are banned\n|rule|Species Clause: Limit one of each Pok\u00e9mon\n|rule|Sleep Clause Mod: Limit one foe put to sleep\n|rule|Mega Rayquaza Clause: You cannot mega evolve Rayquaza\n|clearpoke\n|poke|p1|Darmanitan-Galar, F|\n|poke|p1|Eternatus|\n|poke|p1|Cinderace, F|\n|poke|p1|Marshadow|\n|poke|p1|Dracovish|\n|poke|p1|Zacian-*|\n|poke|p2|Scizor, M|\n|poke|p2|Mimikyu, M|\n|poke|p2|Tyranitar, M|\n|poke|p2|Slowbro, F|\n|poke|p2|Hoopa|\n|poke|p2|Mewtwo|\n|teampreview\n|inactive|Battle timer is ON: inactive players will automatically lose when time's up. (requested by JVitor026)\n|inactive|le generql has 120 seconds left.\n|\n|t:|1699988866\n|start\n|switch|p1a: Dracovish|Dracovish, shiny|100\/100\n|switch|p2a: Hoopa|Hoopa|100\/100\n|turn|1\n|\n|t:|1699988874\n|move|p1a: Dracovish|Fishious Rend|p2a: Hoopa\n|-damage|p2a: Hoopa|0 fnt\n|faint|p2a: Hoopa\n|\n|upkeep\n|\n|t:|1699988886\n|switch|p2a: Slowbro|Slowbro, F|100\/100\n|turn|2\n|\n|t:|1699988893\n|move|p1a: Dracovish|Fishious Rend|p2a: Slowbro\n|-resisted|p2a: Slowbro\n|-damage|p2a: Slowbro|69\/100\n|move|p2a: Slowbro|Thunder Wave|p1a: Dracovish\n|-status|p1a: Dracovish|par\n|\n|-heal|p2a: Slowbro|75\/100|[from] item: Leftovers\n|upkeep\n|turn|3\n|\n|t:|1699988907\n|switch|p1a: Darmanitan|Darmanitan-Galar, F|100\/100\n|move|p2a: Slowbro|Body Press|p1a: Darmanitan\n|-supereffective|p1a: Darmanitan\n|-damage|p1a: Darmanitan|17\/100\n|\n|-heal|p2a: Slowbro|81\/100|[from] item: Leftovers\n|upkeep\n|turn|4\n|\n|t:|1699988930\n|move|p1a: Darmanitan|Icicle Crash|p2a: Slowbro\n|-resisted|p2a: Slowbro\n|-damage|p2a: Slowbro|60\/100\n|cant|p2a: Slowbro|flinch\n|\n|-heal|p2a: Slowbro|66\/100|[from] item: Leftovers\n|upkeep\n|turn|5\n|\n|t:|1699988944\n|switch|p1a: Zacian|Zacian-Crowned|100\/100\n|-ability|p1a: Zacian|Intrepid Sword|boost\n|-boost|p1a: Zacian|atk|1\n|move|p2a: Slowbro|Body Press|p1a: Zacian\n|-damage|p1a: Zacian|77\/100\n|\n|-heal|p2a: Slowbro|72\/100|[from] item: Leftovers\n|upkeep\n|turn|6\n|\n|t:|1699988956\n|move|p1a: Zacian|Swords Dance|p1a: Zacian\n|-boost|p1a: Zacian|atk|2\n|move|p2a: Slowbro|Thunder Wave|p1a: Zacian\n|-status|p1a: Zacian|par\n|\n|-heal|p2a: Slowbro|78\/100|[from] item: Leftovers\n|upkeep\n|turn|7\n|\n|t:|1699988976\n|cant|p1a: Zacian|par\n|move|p2a: Slowbro|Body Press|p1a: Zacian\n|-damage|p1a: Zacian|53\/100 par\n|\n|-heal|p2a: Slowbro|84\/100|[from] item: Leftovers\n|upkeep\n|turn|8\n|\n|t:|1699988997\n|cant|p1a: Zacian|par\n|move|p2a: Slowbro|Teleport|p2a: Slowbro\n|\n|t:|1699989001\n|switch|p2a: Tyranitar|Tyranitar, M|100\/100|[from] Teleport\n|-weather|Sandstorm|[from] ability: Sand Stream|[of] p2a: Tyranitar\n|\n|-weather|Sandstorm|[upkeep]\n|upkeep\n|turn|9\n|\n|t:|1699989010\n|move|p2a: Tyranitar|Earthquake|p1a: Zacian\n|-supereffective|p1a: Zacian\n|-damage|p1a: Zacian|0 fnt\n|faint|p1a: Zacian\n|\n|-weather|Sandstorm|[upkeep]\n|upkeep\n|\n|t:|1699989025\n|switch|p1a: Darmanitan|Darmanitan-Galar, F|17\/100\n|turn|10\n|\n|t:|1699989033\n|move|p1a: Darmanitan|Earthquake|p2a: Tyranitar\n|-supereffective|p2a: Tyranitar\n|-damage|p2a: Tyranitar|0 fnt\n|faint|p2a: Tyranitar\n|\n|-weather|Sandstorm|[upkeep]\n|-damage|p1a: Darmanitan|11\/100|[from] Sandstorm\n|upkeep\n|\n|t:|1699989044\n|switch|p2a: Slowbro|Slowbro, F|100\/100\n|turn|11\n|\n|t:|1699989062\n|move|p1a: Darmanitan|Earthquake|p2a: Slowbro\n|-damage|p2a: Slowbro|66\/100\n|move|p2a: Slowbro|Scald|p1a: Darmanitan\n|-damage|p1a: Darmanitan|0 fnt\n|faint|p1a: Darmanitan\n|\n|-weather|Sandstorm|[upkeep]\n|-damage|p2a: Slowbro|60\/100|[from] Sandstorm\n|-heal|p2a: Slowbro|66\/100|[from] item: Leftovers\n|upkeep\n|\n|t:|1699989078\n|switch|p1a: Eternatus|Eternatus|100\/100\n|-ability|p1a: Eternatus|Pressure\n|turn|12\n|\n|t:|1699989084\n|move|p1a: Eternatus|Toxic|p2a: Slowbro\n|-status|p2a: Slowbro|tox\n|move|p2a: Slowbro|Thunder Wave|p1a: Eternatus\n|-status|p1a: Eternatus|par\n|\n|-weather|none\n|-heal|p2a: Slowbro|72\/100 tox|[from] item: Leftovers\n|-damage|p2a: Slowbro|66\/100 tox|[from] psn\n|upkeep\n|turn|13\n|\n|t:|1699989104\n|cant|p1a: Eternatus|par\n|move|p2a: Slowbro|Teleport|p2a: Slowbro\n|\n|t:|1699989107\n|switch|p2a: Mewtwo|Mewtwo|100\/100|[from] Teleport\n|-ability|p2a: Mewtwo|Pressure\n|\n|upkeep\n|turn|14\n|\n|t:|1699989118\n|detailschange|p2a: Mewtwo|Mewtwo-Mega-X\n|-mega|p2a: Mewtwo|Mewtwo|Mewtwonite X\n|move|p2a: Mewtwo|Psycho Cut|p1a: Eternatus\n|-supereffective|p1a: Eternatus\n|-damage|p1a: Eternatus|41\/100 par\n|move|p1a: Eternatus|Recover|p1a: Eternatus\n|-heal|p1a: Eternatus|91\/100 par\n|\n|-heal|p1a: Eternatus|97\/100 par|[from] item: Black Sludge\n|upkeep\n|turn|15\n|\n|t:|1699989139\n|switch|p2a: Scizor|Scizor, M|100\/100\n|move|p1a: Eternatus|Toxic|p2a: Scizor\n|-immune|p2a: Scizor\n|\n|-heal|p1a: Eternatus|100\/100 par|[from] item: Black Sludge\n|upkeep\n|turn|16\n|\n|t:|1699989150\n|move|p2a: Scizor|Swords Dance|p2a: Scizor\n|-boost|p2a: Scizor|atk|2\n|move|p1a: Eternatus|Flamethrower|p2a: Scizor\n|-supereffective|p2a: Scizor\n|-damage|p2a: Scizor|0 fnt\n|faint|p2a: Scizor\n|\n|upkeep\n|\n|t:|1699989164\n|switch|p2a: Slowbro|Slowbro, F|99\/100 tox\n|turn|17\n|\n|t:|1699989170\n|cant|p1a: Eternatus|par\n|move|p2a: Slowbro|Teleport|p2a: Slowbro\n|\n|t:|1699989174\n|switch|p2a: Mewtwo|Mewtwo-Mega-X|100\/100|[from] Teleport\n|\n|upkeep\n|turn|18\n|\n|t:|1699989195\n|move|p2a: Mewtwo|Knock Off|p1a: Eternatus\n|-damage|p1a: Eternatus|72\/100 par\n|-enditem|p1a: Eternatus|Black Sludge|[from] move: Knock Off|[of] p2a: Mewtwo\n|cant|p1a: Eternatus|par\n|\n|upkeep\n|turn|19\n|\n|t:|1699989202\n|move|p2a: Mewtwo|Psycho Cut|p1a: Eternatus\n|-supereffective|p1a: Eternatus\n|-damage|p1a: Eternatus|10\/100 par\n|move|p1a: Eternatus|Toxic|p2a: Mewtwo\n|-status|p2a: Mewtwo|tox\n|\n|-damage|p2a: Mewtwo|94\/100 tox|[from] psn\n|upkeep\n|turn|20\n|\n|t:|1699989211\n|move|p2a: Mewtwo|Psycho Cut|p1a: Eternatus\n|-supereffective|p1a: Eternatus\n|-damage|p1a: Eternatus|0 fnt\n|faint|p1a: Eternatus\n|\n|-damage|p2a: Mewtwo|82\/100 tox|[from] psn\n|upkeep\n|\n|t:|1699989216\n|switch|p1a: Dracovish|Dracovish, shiny|100\/100 par\n|turn|21\n|\n|t:|1699989233\n|switch|p2a: Slowbro|Slowbro, F|100\/100 tox\n|switch|p1a: Cinderace|Cinderace, F|100\/100\n|\n|-damage|p2a: Slowbro|94\/100 tox|[from] psn\n|upkeep\n|turn|22\n|\n|t:|1699989246\n|move|p1a: Cinderace|Gunk Shot|p2a: Slowbro\n|-start|p1a: Cinderace|typechange|Poison|[from] ability: Libero\n|-damage|p2a: Slowbro|54\/100 tox\n|move|p2a: Slowbro|Scald|p1a: Cinderace\n|-damage|p1a: Cinderace|64\/100\n|-status|p1a: Cinderace|brn\n|\n|-heal|p2a: Slowbro|60\/100 tox|[from] item: Leftovers\n|-damage|p2a: Slowbro|48\/100 tox|[from] psn\n|-damage|p1a: Cinderace|58\/100 brn|[from] brn\n|upkeep\n|turn|23\n|\n|t:|1699989260\n|move|p1a: Cinderace|U-turn|p2a: Slowbro\n|-supereffective|p2a: Slowbro\n|-damage|p2a: Slowbro|33\/100 tox\n|\n|t:|1699989272\n|switch|p1a: Marshadow|Marshadow|100\/100|[from] U-turn\n|move|p2a: Slowbro|Teleport|p2a: Slowbro\n|\n|t:|1699989285\n|switch|p2a: Mimikyu|Mimikyu, M|100\/100|[from] Teleport\n|\n|upkeep\n|turn|24\n|\n|t:|1699989305\n|move|p1a: Marshadow|Spectral Thief|p2a: Mimikyu\n|-activate|p2a: Mimikyu|ability: Disguise\n|-damage|p2a: Mimikyu|100\/100\n|detailschange|p2a: Mimikyu|Mimikyu-Busted, M\n|-damage|p2a: Mimikyu|88\/100|[from] pokemon: Mimikyu-Busted\n|move|p2a: Mimikyu|Play Rough|p1a: Marshadow\n|-supereffective|p1a: Marshadow\n|-damage|p1a: Marshadow|9\/100\n|-unboost|p1a: Marshadow|atk|1\n|\n|upkeep\n|turn|25\n|inactive|le generql has 120 seconds left.\n|\n|t:|1699989322\n|switch|p1a: Cinderace|Cinderace, F|58\/100 brn\n|move|p2a: Mimikyu|Shadow Sneak|p1a: Cinderace\n|-damage|p1a: Cinderace|34\/100 brn\n|\n|-damage|p1a: Cinderace|28\/100 brn|[from] brn\n|upkeep\n|turn|26\n|\n|t:|1699989331\n|switch|p2a: Slowbro|Slowbro, F|67\/100 tox\n|move|p1a: Cinderace|Gunk Shot|p2a: Slowbro|[miss]\n|-start|p1a: Cinderace|typechange|Poison|[from] ability: Libero\n|-miss|p1a: Cinderace|p2a: Slowbro\n|\n|-heal|p2a: Slowbro|73\/100 tox|[from] item: Leftovers\n|-damage|p2a: Slowbro|67\/100 tox|[from] psn\n|-damage|p1a: Cinderace|22\/100 brn|[from] brn\n|upkeep\n|turn|27\n|inactive|le generql has 120 seconds left.\n|\n|t:|1699989350\n|move|p1a: Cinderace|Gunk Shot|p2a: Slowbro\n|-damage|p2a: Slowbro|48\/100 tox\n|move|p2a: Slowbro|Scald|p1a: Cinderace\n|-damage|p1a: Cinderace|0 fnt\n|faint|p1a: Cinderace\n|\n|-heal|p2a: Slowbro|55\/100 tox|[from] item: Leftovers\n|-damage|p2a: Slowbro|42\/100 tox|[from] psn\n|upkeep\n|inactive|le generql has 120 seconds left.\n|\n|t:|1699989360\n|switch|p1a: Dracovish|Dracovish, shiny|100\/100 par\n|turn|28\n|inactive|le generql has 120 seconds left.\n|\n|t:|1699989372\n|cant|p1a: Dracovish|par\n|move|p2a: Slowbro|Teleport|p2a: Slowbro\n|\n|t:|1699989376\n|switch|p2a: Mimikyu|Mimikyu-Busted, M|88\/100|[from] Teleport\n|\n|upkeep\n|turn|29\n|\n|t:|1699989381\n|-zpower|p2a: Mimikyu\n|move|p2a: Mimikyu|Let's Snuggle Forever|p1a: Dracovish|[zeffect]\n|-supereffective|p1a: Dracovish\n|-damage|p1a: Dracovish|0 fnt\n|faint|p1a: Dracovish\n|\n|upkeep\n|\n|t:|1699989390\n|switch|p1a: Marshadow|Marshadow|9\/100\n|turn|30\n|\n|t:|1699989394\n|move|p1a: Marshadow|Shadow Sneak|p2a: Mimikyu\n|-supereffective|p2a: Mimikyu\n|-damage|p2a: Mimikyu|0 fnt\n|faint|p2a: Mimikyu\n|\n|upkeep\n|\n|t:|1699989408\n|switch|p2a: Slowbro|Slowbro, F|76\/100 tox\n|turn|31\n|\n|t:|1699989422\n|move|p1a: Marshadow|Shadow Sneak|p2a: Slowbro\n|-supereffective|p2a: Slowbro\n|-crit|p2a: Slowbro\n|-damage|p2a: Slowbro|18\/100 tox\n|move|p2a: Slowbro|Scald|p1a: Marshadow\n|-damage|p1a: Marshadow|0 fnt\n|faint|p1a: Marshadow\n|\n|win|JVitor026\n|raw|le generql's rating: 1000 &rarr; <strong>1000<\/strong><br \/>(+0 for losing)\n|raw|JVitor026's rating: 1163 &rarr; <strong>1177<\/strong><br \/>(+14 for winning)\n|l|\u2606le generql\n","uploadtime":1699989438,"views":7,"p1id":"legenerql","p2id":"jvitor026","formatid":"gen9nationaldexubers","rating":1000,"private":0,"password":""}