{"id":"gen9nationaldexubers-1985008056","p1":"Nooby 4 pvp","p2":"KarmaNightraide","format":"[Gen 9] National Dex Ubers","log":"|j|\u2606Nooby 4 pvp\n|j|\u2606KarmaNightraide\n|t:|1699320124\n|gametype|singles\n|player|p1|Nooby 4 pvp|2|1193\n|player|p2|KarmaNightraide|unknown|1158\n|teamsize|p1|6\n|teamsize|p2|6\n|gen|9\n|tier|[Gen 9] National Dex Ubers\n|rated|\n|rule|HP Percentage Mod: HP is shown in percentages\n|rule|Endless Battle Clause: Forcing endless battles is banned\n|rule|OHKO Clause: OHKO moves are banned\n|rule|Evasion Moves Clause: Evasion moves are banned\n|rule|Evasion Items Clause: Evasion items are banned\n|rule|Species Clause: Limit one of each Pok\u00e9mon\n|rule|Sleep Clause Mod: Limit one foe put to sleep\n|rule|Mega Rayquaza Clause: You cannot mega evolve Rayquaza\n|clearpoke\n|poke|p1|Ambipom, F|\n|poke|p1|Dartrix, M|\n|poke|p1|Tangrowth, F|\n|poke|p1|Ferrothorn, M|\n|poke|p1|Froslass, F|\n|poke|p1|Thwackey, F|\n|poke|p2|Aegislash, F|\n|poke|p2|Ceruledge, F|\n|poke|p2|Basculegion, M|\n|poke|p2|Mimikyu, M|\n|poke|p2|Gourgeist-*, F|\n|poke|p2|Banette, M|\n|teampreview\n|inactive|Battle timer is ON: inactive players will automatically lose when time's up. (requested by Nooby 4 pvp)\n|\n|t:|1699320128\n|start\n|switch|p1a: Ferrothorn|Ferrothorn, M|100\/100\n|switch|p2a: Go to sleep...|Banette, M|100\/100\n|turn|1\n|\n|t:|1699320135\n|move|p2a: Go to sleep...|Taunt|p1a: Ferrothorn\n|-start|p1a: Ferrothorn|move: Taunt\n|cant|p1a: Ferrothorn|move: Taunt|Leech Seed\n|\n|upkeep\n|turn|2\n|\n|t:|1699320143\n|switch|p1a: Ambipom|Ambipom, F|100\/100\n|detailschange|p2a: Go to sleep...|Banette-Mega, M\n|-mega|p2a: Go to sleep...|Banette|Banettite\n|move|p2a: Go to sleep...|Thunder Wave|p1a: Ambipom\n|-status|p1a: Ambipom|par\n|\n|upkeep\n|turn|3\n|\n|t:|1699320158\n|switch|p2a: Excalasey|Aegislash, F|100\/100\n|switch|p1a: Dartrix|Dartrix, M|100\/100\n|\n|upkeep\n|turn|4\n|\n|t:|1699320180\n|switch|p2a: Widowmaker|Ceruledge, F|100\/100\n|move|p1a: Dartrix|Swords Dance|p1a: Dartrix\n|-boost|p1a: Dartrix|atk|2\n|\n|upkeep\n|turn|5\n|\n|t:|1699320189\n|move|p2a: Widowmaker|Swords Dance|p2a: Widowmaker\n|-boost|p2a: Widowmaker|atk|2\n|move|p1a: Dartrix|Swords Dance|p1a: Dartrix\n|-boost|p1a: Dartrix|atk|2\n|\n|upkeep\n|turn|6\n|\n|t:|1699320195\n|move|p2a: Widowmaker|Swords Dance|p2a: Widowmaker\n|-boost|p2a: Widowmaker|atk|2\n|move|p1a: Dartrix|Brave Bird|p2a: Widowmaker\n|-enditem|p2a: Widowmaker|Focus Sash\n|-damage|p2a: Widowmaker|1\/100\n|-ability|p2a: Widowmaker|Weak Armor|boost\n|-unboost|p2a: Widowmaker|def|1\n|-boost|p2a: Widowmaker|spe|2\n|-damage|p1a: Dartrix|74\/100|[from] Recoil\n|\n|upkeep\n|turn|7\n|\n|t:|1699320211\n|move|p2a: Widowmaker|Bitter Blade|p1a: Dartrix\n|-supereffective|p1a: Dartrix\n|-crit|p1a: Dartrix\n|-damage|p1a: Dartrix|0 fnt\n|-heal|p2a: Widowmaker|46\/100|[from] drain|[of] p1a: Dartrix\n|faint|p1a: Dartrix\n|\n|upkeep\n|\n|t:|1699320221\n|switch|p1a: Froslass|Froslass, F|100\/100\n|turn|8\n|\n|t:|1699320225\n|move|p2a: Widowmaker|Swords Dance|p2a: Widowmaker\n|-boost|p2a: Widowmaker|atk|2\n|move|p1a: Froslass|Thunder Wave|p2a: Widowmaker\n|-status|p2a: Widowmaker|par\n|\n|upkeep\n|turn|9\n|\n|t:|1699320234\n|move|p1a: Froslass|Hex|p2a: Widowmaker\n|-supereffective|p2a: Widowmaker\n|-damage|p2a: Widowmaker|0 fnt\n|faint|p2a: Widowmaker\n|\n|upkeep\n|\n|t:|1699320240\n|switch|p2a: Go to sleep...|Banette-Mega, M|100\/100\n|turn|10\n|\n|t:|1699320246\n|move|p2a: Go to sleep...|Taunt|p1a: Froslass\n|-start|p1a: Froslass|move: Taunt\n|cant|p1a: Froslass|move: Taunt|Thunder Wave\n|\n|upkeep\n|turn|11\n|\n|t:|1699320252\n|move|p1a: Froslass|Hex|p2a: Go to sleep...\n|-supereffective|p2a: Go to sleep...\n|-damage|p2a: Go to sleep...|26\/100\n|move|p2a: Go to sleep...|Poltergeist|p1a: Froslass\n|-activate|p1a: Froslass|move: Poltergeist|Focus Sash\n|-supereffective|p1a: Froslass\n|-enditem|p1a: Froslass|Focus Sash\n|-damage|p1a: Froslass|1\/100\n|\n|upkeep\n|turn|12\n|\n|t:|1699320262\n|switch|p1a: Ambipom|Ambipom, F|100\/100 par\n|move|p2a: Go to sleep...|Sucker Punch||[still]\n|-fail|p2a: Go to sleep...\n|\n|upkeep\n|turn|13\n|\n|t:|1699320271\n|switch|p2a: Excalasey|Aegislash, F|100\/100\n|switch|p1a: Tangrowth|Tangrowth, F|100\/100\n|\n|upkeep\n|turn|14\n|\n|t:|1699320290\n|switch|p2a: Pumpin|Gourgeist-Small, F|100\/100\n|-item|p1a: Tangrowth|Leftovers|[from] ability: Frisk|[of] p2a: Pumpin|[identify]\n|move|p1a: Tangrowth|Leech Seed|p2a: Pumpin\n|-immune|p2a: Pumpin\n|\n|upkeep\n|turn|15\n|\n|t:|1699320302\n|-terastallize|p1a: Tangrowth|Ghost\n|-zpower|p2a: Pumpin\n|move|p2a: Pumpin|Z-Trick-or-Treat||[anim]Trick-or-Treat|[still]\n|-boost|p2a: Pumpin|atk|1|[zeffect]\n|-boost|p2a: Pumpin|def|1|[zeffect]\n|-boost|p2a: Pumpin|spa|1|[zeffect]\n|-boost|p2a: Pumpin|spd|1|[zeffect]\n|-boost|p2a: Pumpin|spe|1|[zeffect]\n|-fail|p2a: Pumpin\n|move|p1a: Tangrowth|Curse|p2a: Pumpin\n|-start|p2a: Pumpin|Curse|[of] p1a: Tangrowth\n|-damage|p1a: Tangrowth|51\/100\n|\n|-heal|p1a: Tangrowth|57\/100|[from] item: Leftovers\n|-damage|p2a: Pumpin|75\/100|[from] Curse\n|upkeep\n|turn|16\n|\n|t:|1699320332\n|switch|p1a: Ambipom|Ambipom, F|100\/100 par\n|move|p2a: Pumpin|Poltergeist|p1a: Ambipom\n|-immune|p1a: Ambipom\n|\n|-damage|p2a: Pumpin|50\/100|[from] Curse\n|upkeep\n|turn|17\n|\n|t:|1699320342\n|move|p1a: Ambipom|Fake Out|p2a: Pumpin\n|-immune|p2a: Pumpin\n|move|p2a: Pumpin|Power Whip|p1a: Ambipom\n|-damage|p1a: Ambipom|0 fnt\n|faint|p1a: Ambipom\n|\n|-damage|p2a: Pumpin|25\/100|[from] Curse\n|upkeep\n|-message|Nooby 4 pvp forfeited.\n|\n|win|KarmaNightraide\n|raw|Nooby 4 pvp's rating: 1193 &rarr; <strong>1164<\/strong><br \/>(-29 for losing)\n|raw|KarmaNightraide's rating: 1130 &rarr; <strong>1159<\/strong><br \/>(+29 for winning)\n|l|\u2606Nooby 4 pvp\n","uploadtime":1699320356,"views":5,"p1id":"nooby4pvp","p2id":"karmanightraide","formatid":"gen9nationaldexubers","rating":1159,"private":0,"password":""}