{"id":"gen9nationaldexubers-1983158059","p1":"Just B3A$T","p2":"AlolanSandslashOU","format":"[Gen 9] National Dex Ubers","log":"|j|\u2606Just B3A$T\n|j|\u2606AlolanSandslashOU\n|t:|1699097790\n|gametype|singles\n|player|p1|Just B3A$T|noland|\n|player|p2|AlolanSandslashOU|volkner|\n|teamsize|p1|6\n|teamsize|p2|6\n|gen|9\n|tier|[Gen 9] National Dex Ubers\n|rule|HP Percentage Mod: HP is shown in percentages\n|rule|Endless Battle Clause: Forcing endless battles is banned\n|rule|OHKO Clause: OHKO moves are banned\n|rule|Evasion Moves Clause: Evasion moves are banned\n|rule|Evasion Items Clause: Evasion items are banned\n|rule|Species Clause: Limit one of each Pok\u00e9mon\n|rule|Sleep Clause Mod: Limit one foe put to sleep\n|rule|Mega Rayquaza Clause: You cannot mega evolve Rayquaza\n|clearpoke\n|poke|p1|Iron Valiant|\n|poke|p1|Gholdengo|\n|poke|p1|Sableye, M|\n|poke|p1|Conkeldurr, M|\n|poke|p1|Zapdos|\n|poke|p1|Toxapex, F|\n|poke|p2|Darmanitan-Galar, M|\n|poke|p2|Ribombee, M|\n|poke|p2|Sandslash-Alola, F|\n|poke|p2|Ninetales-Alola, F|\n|poke|p2|Cloyster, M|\n|poke|p2|Glastrier|\n|teampreview\n|inactive|Battle timer is ON: inactive players will automatically lose when time's up. (requested by Just B3A$T)\n|c|\u2606Just B3A$T|you may win\n|c|\u2606Just B3A$T|easily\n|c|\u2606AlolanSandslashOU|Horse\n|inactive|Just B3A$T has 270 seconds left.\n|inactive|AlolanSandslashOU has 270 seconds left.\n|c|\u2606Just B3A$T|Webs + Hail\n|c|\u2606Just B3A$T|brazy\n|\n|t:|1699097836\n|start\n|switch|p1a: Profit!|Gholdengo|100\/100\n|switch|p2a: Ribombee|Ribombee, M, shiny|100\/100\n|-item|p1a: Profit!|Air Balloon\n|turn|1\n|\n|t:|1699097845\n|switch|p1a: Fear|Sableye, M|100\/100\n|move|p2a: Ribombee|Sticky Web|p1a: Fear\n|-sidestart|p1: Just B3A$T|move: Sticky Web\n|\n|upkeep\n|turn|2\n|\n|t:|1699097851\n|move|p1a: Fear|Thunder Wave|p2a: Ribombee\n|-status|p2a: Ribombee|par\n|move|p2a: Ribombee|Moonblast|p1a: Fear\n|-supereffective|p1a: Fear\n|-damage|p1a: Fear|0 fnt\n|faint|p1a: Fear\n|\n|upkeep\n|c|\u2606AlolanSandslashOU|Me when\n|c|\u2606Just B3A$T|should've seen Ribom\n|c|\u2606Just B3A$T|earlier\n|\n|t:|1699097865\n|switch|p1a: bolt beak!!!|Zapdos|100\/100\n|turn|3\n|\n|t:|1699097871\n|move|p1a: bolt beak!!!|Hurricane|p2a: Ribombee\n|-supereffective|p2a: Ribombee\n|-enditem|p2a: Ribombee|Focus Sash\n|-damage|p2a: Ribombee|1\/100 par\n|cant|p2a: Ribombee|par\n|\n|upkeep\n|turn|4\n|\n|t:|1699097877\n|move|p1a: bolt beak!!!|Defog|p2a: Ribombee\n|-unboost|p2a: Ribombee|evasion|1\n|-sideend|p1: Just B3A$T|Sticky Web|[from] move: Defog|[of] p1a: bolt beak!!!\n|cant|p2a: Ribombee|par\n|\n|upkeep\n|turn|5\n|\n|t:|1699097879\n|move|p1a: bolt beak!!!|Volt Switch|p2a: Ribombee\n|-damage|p2a: Ribombee|0 fnt\n|faint|p2a: Ribombee\n|\n|t:|1699097883\n|switch|p1a: pest|Toxapex, F|100\/100|[from] Volt Switch\n|\n|upkeep\n|c|\u2606AlolanSandslashOU|Fuckk my webs\n|\n|t:|1699097889\n|switch|p2a: Ninetales|Ninetales-Alola, F, shiny|100\/100\n|-weather|Snow|[from] ability: Snow Warning|[of] p2a: Ninetales\n|turn|6\n|\n|t:|1699097894\n|move|p2a: Ninetales|Aurora Veil|p2a: Ninetales\n|-sidestart|p2: AlolanSandslashOU|move: Aurora Veil\n|move|p1a: pest|Knock Off|p2a: Ninetales\n|-resisted|p2a: Ninetales\n|-damage|p2a: Ninetales|97\/100\n|-enditem|p2a: Ninetales|Icy Rock|[from] move: Knock Off|[of] p1a: pest\n|\n|-weather|Snow|[upkeep]\n|upkeep\n|turn|7\n|\n|t:|1699097897\n|move|p2a: Ninetales|Encore|p1a: pest\n|-start|p1a: pest|Encore\n|move|p1a: pest|Knock Off|p2a: Ninetales\n|-resisted|p2a: Ninetales\n|-damage|p2a: Ninetales|95\/100\n|\n|-weather|Snow|[upkeep]\n|upkeep\n|turn|8\n|\n|t:|1699097900\n|switch|p1a: Profit!|Gholdengo|100\/100\n|-item|p1a: Profit!|Air Balloon\n|move|p2a: Ninetales|Freeze-Dry|p1a: Profit!\n|-resisted|p1a: Profit!\n|-damage|p1a: Profit!|89\/100\n|-enditem|p1a: Profit!|Air Balloon\n|\n|-weather|Snow|[upkeep]\n|upkeep\n|turn|9\n|\n|t:|1699097905\n|switch|p2a: Sandslash|Sandslash-Alola, F|100\/100\n|move|p1a: Profit!|Make It Rain|p2a: Sandslash\n|-damage|p2a: Sandslash|47\/100\n|-unboost|p1a: Profit!|spa|1\n|\n|-weather|Snow|[upkeep]\n|upkeep\n|turn|10\n|\n|t:|1699097913\n|switch|p1a: pest|Toxapex, F|100\/100\n|move|p2a: Sandslash|Swords Dance|p2a: Sandslash\n|-boost|p2a: Sandslash|atk|2\n|\n|-weather|Snow|[upkeep]\n|-sideend|p2: AlolanSandslashOU|move: Aurora Veil\n|upkeep\n|turn|11\n|\n|t:|1699097919\n|move|p2a: Sandslash|Earthquake|p1a: pest\n|-supereffective|p1a: pest\n|-damage|p1a: pest|26\/100\n|move|p1a: pest|Scald|p2a: Sandslash\n|-damage|p2a: Sandslash|23\/100\n|\n|-weather|Snow|[upkeep]\n|-heal|p1a: pest|32\/100|[from] item: Black Sludge\n|upkeep\n|turn|12\n|\n|t:|1699097925\n|switch|p1a: bolt beak!!!|Zapdos|100\/100\n|move|p2a: Sandslash|Triple Axel|p1a: bolt beak!!!\n|-supereffective|p1a: bolt beak!!!\n|-damage|p1a: bolt beak!!!|62\/100\n|-supereffective|p1a: bolt beak!!!\n|-damage|p1a: bolt beak!!!|0 fnt\n|-status|p2a: Sandslash|par|[from] ability: Static|[of] p1a: bolt beak!!!\n|faint|p1a: bolt beak!!!\n|-hitcount|p1: bolt beak!!!|2\n|\n|-weather|Snow|[upkeep]\n|upkeep\n|c|\u2606Just B3A$T|predictable yes\n|c|\u2606AlolanSandslashOU|LIKE A BOOK\n|\n|t:|1699097938\n|switch|p1a: Test Your Might!|Conkeldurr, M|100\/100\n|turn|13\n|\n|t:|1699097942\n|-terastallize|p2a: Sandslash|Ghost\n|move|p1a: Test Your Might!|Mach Punch|p2a: Sandslash\n|-immune|p2a: Sandslash\n|move|p2a: Sandslash|Triple Axel|p1a: Test Your Might!\n|-damage|p1a: Test Your Might!|86\/100\n|-damage|p1a: Test Your Might!|58\/100\n|-damage|p1a: Test Your Might!|13\/100\n|-hitcount|p1a: Test Your Might!|3\n|\n|-weather|none\n|upkeep\n|turn|14\n|c|\u2606Just B3A$T|man\n|c|\u2606Just B3A$T|wtf\n|\n|t:|1699097955\n|move|p1a: Test Your Might!|Thunder Punch|p2a: Sandslash\n|-damage|p2a: Sandslash|0 fnt\n|faint|p2a: Sandslash\n|\n|upkeep\n|c|\u2606Just B3A$T|wait no\n|c|\u2606Just B3A$T|I could've just TPunched\n|c|\u2606Just B3A$T|you were slower\n|c|\u2606Just B3A$T|damn\n|inactive|AlolanSandslashOU has 270 seconds left.\n|\n|t:|1699097987\n|switch|p2a: Ninetales|Ninetales-Alola, F, shiny|95\/100\n|-weather|Snow|[from] ability: Snow Warning|[of] p2a: Ninetales\n|turn|15\n|\n|t:|1699097989\n|switch|p1a: Profit!|Gholdengo|89\/100\n|move|p2a: Ninetales|Aurora Veil|p2a: Ninetales\n|-sidestart|p2: AlolanSandslashOU|move: Aurora Veil\n|\n|-weather|Snow|[upkeep]\n|upkeep\n|turn|16\n|\n|t:|1699097996\n|switch|p2a: Darmanitan|Darmanitan-Galar, M|100\/100\n|move|p1a: Profit!|Nasty Plot|p1a: Profit!\n|-boost|p1a: Profit!|spa|2\n|\n|-weather|Snow|[upkeep]\n|upkeep\n|turn|17\n|\n|t:|1699098002\n|-terastallize|p1a: Profit!|Flying\n|move|p2a: Darmanitan|Flare Blitz|p1a: Profit!\n|-damage|p1a: Profit!|0 fnt\n|faint|p1a: Profit!\n|-damage|p2a: Darmanitan|69\/100|[from] Recoil\n|\n|-weather|Snow|[upkeep]\n|upkeep\n|c|\u2606Just B3A$T|benis\n|c|\u2606AlolanSandslashOU|That wasn\u2019t saving you\n|\n|t:|1699098012\n|switch|p1a: pest|Toxapex, F|66\/100\n|turn|18\n|\n|t:|1699098016\n|switch|p2a: Glastrier|Glastrier|100\/100\n|move|p1a: pest|Scald|p2a: Glastrier\n|-damage|p2a: Glastrier|95\/100\n|\n|-weather|Snow|[upkeep]\n|-heal|p2a: Glastrier|100\/100|[from] item: Leftovers\n|-heal|p1a: pest|72\/100|[from] item: Black Sludge\n|upkeep\n|turn|19\n|\n|t:|1699098020\n|move|p2a: Glastrier|Substitute|p2a: Glastrier\n|-start|p2a: Glastrier|Substitute\n|-damage|p2a: Glastrier|75\/100\n|move|p1a: pest|Toxic||[still]\n|-fail|p1a: pest\n|\n|-weather|none\n|-heal|p2a: Glastrier|82\/100|[from] item: Leftovers\n|-heal|p1a: pest|78\/100|[from] item: Black Sludge\n|-sideend|p2: AlolanSandslashOU|move: Aurora Veil\n|upkeep\n|turn|20\n|\n|t:|1699098023\n|move|p2a: Glastrier|Swords Dance|p2a: Glastrier\n|-boost|p2a: Glastrier|atk|2\n|move|p1a: pest|Scald|p2a: Glastrier\n|-activate|p2a: Glastrier|move: Substitute|[damage]\n|\n|-heal|p2a: Glastrier|88\/100|[from] item: Leftovers\n|-heal|p1a: pest|84\/100|[from] item: Black Sludge\n|upkeep\n|turn|21\n|\n|t:|1699098028\n|move|p2a: Glastrier|Swords Dance|p2a: Glastrier\n|-boost|p2a: Glastrier|atk|2\n|move|p1a: pest|Scald|p2a: Glastrier\n|-activate|p2a: Glastrier|move: Substitute|[damage]\n|\n|-heal|p2a: Glastrier|94\/100|[from] item: Leftovers\n|-heal|p1a: pest|91\/100|[from] item: Black Sludge\n|upkeep\n|turn|22\n|c|\u2606AlolanSandslashOU|It\u2019s not breaking LOL\n|c|\u2606Just B3A$T|why's it doing nothing\n|\n|t:|1699098047\n|move|p2a: Glastrier|Swords Dance|p2a: Glastrier\n|-boost|p2a: Glastrier|atk|2\n|move|p1a: pest|Knock Off|p2a: Glastrier\n|-end|p2a: Glastrier|Substitute\n|\n|-heal|p2a: Glastrier|99\/100|[from] item: Leftovers\n|-heal|p1a: pest|97\/100|[from] item: Black Sludge\n|upkeep\n|turn|23\n|\n|t:|1699098051\n|move|p2a: Glastrier|Substitute|p2a: Glastrier\n|-start|p2a: Glastrier|Substitute\n|-damage|p2a: Glastrier|75\/100\n|move|p1a: pest|Scald|p2a: Glastrier\n|-crit|p2a: Glastrier\n|-activate|p2a: Glastrier|move: Substitute|[damage]\n|\n|-heal|p2a: Glastrier|81\/100|[from] item: Leftovers\n|-heal|p1a: pest|100\/100|[from] item: Black Sludge\n|upkeep\n|turn|24\n|\n|t:|1699098054\n|move|p2a: Glastrier|Stomping Tantrum|p1a: pest\n|-supereffective|p1a: pest\n|-damage|p1a: pest|0 fnt\n|faint|p1a: pest\n|\n|-heal|p2a: Glastrier|88\/100|[from] item: Leftovers\n|upkeep\n|\n|t:|1699098058\n|switch|p1a: Test Your Might!|Conkeldurr, M|13\/100\n|turn|25\n|\n|t:|1699098064\n|move|p1a: Test Your Might!|Mach Punch|p2a: Glastrier\n|-supereffective|p2a: Glastrier\n|-end|p2a: Glastrier|Substitute\n|move|p2a: Glastrier|Stomping Tantrum|p1a: Test Your Might!\n|-damage|p1a: Test Your Might!|0 fnt\n|faint|p1a: Test Your Might!\n|\n|-heal|p2a: Glastrier|94\/100|[from] item: Leftovers\n|upkeep\n|\n|t:|1699098065\n|switch|p1a: Iron Pride Icon|Iron Valiant, shiny|100\/100\n|-enditem|p1a: Iron Pride Icon|Booster Energy\n|-activate|p1a: Iron Pride Icon|ability: Quark Drive|[fromitem]\n|-start|p1a: Iron Pride Icon|quarkdrivespe\n|turn|26\n|c|\u2606Just B3A$T|CC\n|c|\u2606Just B3A$T|doesn't kill\n|\n|t:|1699098077\n|move|p1a: Iron Pride Icon|Close Combat|p2a: Glastrier\n|-supereffective|p2a: Glastrier\n|-damage|p2a: Glastrier|18\/100\n|-unboost|p1a: Iron Pride Icon|def|1\n|-unboost|p1a: Iron Pride Icon|spd|1\n|move|p2a: Glastrier|Icicle Crash|p1a: Iron Pride Icon\n|-damage|p1a: Iron Pride Icon|0 fnt\n|faint|p1a: Iron Pride Icon\n|-end|p1a: Iron Pride Icon|Quark Drive|[silent]\n|\n|win|AlolanSandslashOU\n","uploadtime":1699098088,"views":6,"p1id":"justb3at","p2id":"alolansandslashou","formatid":"gen9nationaldexubers","rating":0,"private":0,"password":""}