{"id":"gen9nationaldexubers-1985056175","p1":"Dan07B","p2":"Davarv","format":"[Gen 9] National Dex Ubers","log":"|j|\u2606Dan07B\n|j|\u2606Davarv\n|t:|1699325421\n|gametype|singles\n|player|p1|Dan07B|pokemonranger-gen4|\n|player|p2|Davarv|giovanni|\n|teamsize|p1|6\n|teamsize|p2|6\n|gen|9\n|tier|[Gen 9] National Dex Ubers\n|rule|HP Percentage Mod: HP is shown in percentages\n|rule|Endless Battle Clause: Forcing endless battles is banned\n|rule|OHKO Clause: OHKO moves are banned\n|rule|Evasion Moves Clause: Evasion moves are banned\n|rule|Evasion Items Clause: Evasion items are banned\n|rule|Species Clause: Limit one of each Pok\u00e9mon\n|rule|Sleep Clause Mod: Limit one foe put to sleep\n|rule|Mega Rayquaza Clause: You cannot mega evolve Rayquaza\n|clearpoke\n|poke|p1|Goodra-Hisui, F|\n|poke|p1|Gardevoir, F|\n|poke|p1|Dracovish|\n|poke|p1|Metagross|\n|poke|p1|Sirfetch\u2019d, M|\n|poke|p1|Noivern, F|\n|poke|p2|Pinsir, F|\n|poke|p2|Kommo-o, F|\n|poke|p2|Heracross, M|\n|poke|p2|Forretress, F|\n|poke|p2|Volcarona, F|\n|poke|p2|Araquanid, F|\n|teampreview\n|c|\u2606Davarv|Buena suerte, demos nuestro mejor choque de poderes con nuestros compa\u00f1eros y amigos, los Pokem\u00f3n.\n|c|\u2606Dan07B|Ja...\n|c|\u2606Dan07B|Okay vamos con todo\n|\n|t:|1699325486\n|start\n|switch|p1a: Gardevoir|Gardevoir, F, shiny|100\/100\n|switch|p2a: Forretress|Forretress, F, shiny|100\/100\n|turn|1\n|c|\u2606Dan07B|Gan\u00e9 o pierda seguir\u00e9 adelante con mis Pok\u00e9mones\n|\n|t:|1699325517\n|detailschange|p1a: Gardevoir|Gardevoir-Mega, F, shiny\n|-mega|p1a: Gardevoir|Gardevoir|Gardevoirite\n|move|p1a: Gardevoir|Mystical Fire|p2a: Forretress\n|-supereffective|p2a: Forretress\n|-ability|p2a: Forretress|Sturdy\n|-damage|p2a: Forretress|1\/100\n|-unboost|p2a: Forretress|spa|1\n|move|p2a: Forretress|Stealth Rock|p1a: Gardevoir\n|-sidestart|p1: Dan07B|move: Stealth Rock\n|\n|-heal|p2a: Forretress|7\/100|[from] item: Leftovers\n|upkeep\n|turn|2\n|\n|t:|1699325559\n|move|p1a: Gardevoir|Mystical Fire|p2a: Forretress\n|-supereffective|p2a: Forretress\n|-damage|p2a: Forretress|0 fnt\n|faint|p2a: Forretress\n|\n|upkeep\n|\n|t:|1699325566\n|switch|p2a: Araquanid|Araquanid, F, shiny|100\/100\n|turn|3\n|\n|t:|1699325582\n|switch|p1a: Perturabo|Metagross, shiny|100\/100\n|-damage|p1a: Perturabo|95\/100|[from] Stealth Rock\n|move|p2a: Araquanid|Liquidation|p1a: Perturabo\n|-damage|p1a: Perturabo|9\/100\n|\n|upkeep\n|turn|4\n|\n|t:|1699325588\n|-zpower|p1a: Perturabo\n|move|p1a: Perturabo|Continental Crush|p2a: Araquanid|[zeffect]\n|-supereffective|p2a: Araquanid\n|-damage|p2a: Araquanid|0 fnt\n|faint|p2a: Araquanid\n|\n|upkeep\n|c|\u2606Dan07B|Con todo!!\n|c|\u2606Davarv|Cambiaste tu mega y agregaste move z\n|c|\u2606Davarv|Interesante\n|\n|t:|1699325647\n|switch|p2a: Pinsir|Pinsir, F, shiny|100\/100\n|turn|5\n|\n|t:|1699325652\n|move|p1a: Perturabo|Bullet Punch|p2a: Pinsir\n|-damage|p2a: Pinsir|73\/100\n|move|p2a: Pinsir|Earthquake|p1a: Perturabo\n|-supereffective|p1a: Perturabo\n|-damage|p1a: Perturabo|0 fnt\n|faint|p1a: Perturabo\n|-ability|p2a: Pinsir|Moxie|boost\n|-boost|p2a: Pinsir|atk|1\n|\n|upkeep\n|\n|t:|1699325667\n|switch|p1a: Corvuz Korax|Noivern, F|100\/100\n|-damage|p1a: Corvuz Korax|76\/100|[from] Stealth Rock\n|-item|p2a: Pinsir|Pinsirite|[from] ability: Frisk|[of] p1a: Corvuz Korax|[identify]\n|turn|6\n|\n|t:|1699325683\n|switch|p2a: Kommo-o|Kommo-o, F|100\/100\n|move|p1a: Corvuz Korax|Flamethrower|p2a: Kommo-o\n|-resisted|p2a: Kommo-o\n|-damage|p2a: Kommo-o|86\/100\n|\n|-heal|p2a: Kommo-o|92\/100|[from] item: Leftovers\n|upkeep\n|turn|7\n|\n|t:|1699325693\n|switch|p1a: Jade|Goodra-Hisui, F, shiny|100\/100\n|-damage|p1a: Jade|94\/100|[from] Stealth Rock\n|-terastallize|p2a: Kommo-o|Bug\n|move|p2a: Kommo-o|Dragon Dance|p2a: Kommo-o\n|-boost|p2a: Kommo-o|atk|1\n|-boost|p2a: Kommo-o|spe|1\n|\n|-heal|p2a: Kommo-o|98\/100|[from] item: Leftovers\n|upkeep\n|turn|8\n|\n|t:|1699325713\n|-terastallize|p1a: Jade|Fairy\n|move|p2a: Kommo-o|Earthquake|p1a: Jade\n|-damage|p1a: Jade|50\/100\n|move|p1a: Jade|Dragon Tail|p2a: Kommo-o\n|-damage|p2a: Kommo-o|80\/100\n|drag|p2a: Heracross|Heracross, M|100\/100\n|\n|upkeep\n|turn|9\n|\n|t:|1699325735\n|switch|p2a: Kommo-o|Kommo-o, F, tera:Bug|80\/100\n|move|p1a: Jade|Tera Blast|p2a: Kommo-o|[anim] Tera Blast Fairy\n|-damage|p2a: Kommo-o|35\/100\n|\n|-heal|p2a: Kommo-o|41\/100|[from] item: Leftovers\n|upkeep\n|turn|10\n|\n|t:|1699325742\n|move|p2a: Kommo-o|Rock Slide|p1a: Jade\n|-damage|p1a: Jade|25\/100\n|cant|p1a: Jade|flinch\n|\n|-heal|p2a: Kommo-o|47\/100|[from] item: Leftovers\n|upkeep\n|turn|11\n|\n|t:|1699325753\n|move|p2a: Kommo-o|Earthquake|p1a: Jade\n|-damage|p1a: Jade|0 fnt\n|faint|p1a: Jade\n|\n|-heal|p2a: Kommo-o|53\/100|[from] item: Leftovers\n|upkeep\n|\n|t:|1699325771\n|switch|p1a: Konrad Curze|Dracovish, shiny|100\/100\n|-damage|p1a: Konrad Curze|88\/100|[from] Stealth Rock\n|turn|12\n|\n|t:|1699325777\n|move|p1a: Konrad Curze|Fishious Rend|p2a: Kommo-o\n|-damage|p2a: Kommo-o|0 fnt\n|faint|p2a: Kommo-o\n|\n|upkeep\n|\n|t:|1699325781\n|switch|p2a: Volcarona|Volcarona, F, shiny|100\/100\n|turn|13\n|c|\u2606Dan07B|Tu puedes Konrad!!\n|\n|t:|1699325797\n|move|p1a: Konrad Curze|Fishious Rend|p2a: Volcarona\n|-supereffective|p2a: Volcarona\n|-damage|p2a: Volcarona|0 fnt\n|faint|p2a: Volcarona\n|\n|upkeep\n|\n|t:|1699325812\n|switch|p2a: Heracross|Heracross, M|100\/100\n|turn|14\n|c|\u2606Dan07B|No lo quem\u00f3!!\n|\n|t:|1699325816\n|move|p2a: Heracross|Close Combat|p1a: Konrad Curze\n|-damage|p1a: Konrad Curze|20\/100\n|-unboost|p2a: Heracross|def|1\n|-unboost|p2a: Heracross|spd|1\n|move|p1a: Konrad Curze|Fishious Rend|p2a: Heracross\n|-damage|p2a: Heracross|0 fnt\n|faint|p2a: Heracross\n|\n|upkeep\n|\n|t:|1699325819\n|switch|p2a: Pinsir|Pinsir, F, shiny|73\/100\n|turn|15\n|\n|t:|1699325837\n|detailschange|p2a: Pinsir|Pinsir-Mega, F, shiny\n|-mega|p2a: Pinsir|Pinsir|Pinsirite\n|move|p2a: Pinsir|Quick Attack|p1a: Konrad Curze\n|-damage|p1a: Konrad Curze|0 fnt\n|faint|p1a: Konrad Curze\n|\n|upkeep\n|\n|t:|1699325845\n|switch|p1a: Corvuz Korax|Noivern, F|76\/100\n|-damage|p1a: Corvuz Korax|51\/100|[from] Stealth Rock\n|-item|p2a: Pinsir|Pinsirite|[from] ability: Frisk|[of] p1a: Corvuz Korax|[identify]\n|turn|16\n|\n|t:|1699325854\n|move|p2a: Pinsir|Quick Attack|p1a: Corvuz Korax\n|-damage|p1a: Corvuz Korax|14\/100\n|move|p1a: Corvuz Korax|Flamethrower|p2a: Pinsir\n|-supereffective|p2a: Pinsir\n|-damage|p2a: Pinsir|2\/100\n|\n|upkeep\n|turn|17\n|\n|t:|1699325861\n|move|p2a: Pinsir|Quick Attack|p1a: Corvuz Korax\n|-damage|p1a: Corvuz Korax|0 fnt\n|faint|p1a: Corvuz Korax\n|\n|upkeep\n|\n|t:|1699325864\n|switch|p1a: Lion El'jonhson|Sirfetch\u2019d, M, shiny|100\/100\n|-damage|p1a: Lion El'jonhson|94\/100|[from] Stealth Rock\n|turn|18\n|\n|t:|1699325870\n|move|p2a: Pinsir|Frustration|p1a: Lion El'jonhson\n|-supereffective|p1a: Lion El'jonhson\n|-damage|p1a: Lion El'jonhson|0 fnt\n|faint|p1a: Lion El'jonhson\n|\n|upkeep\n|\n|t:|1699325871\n|switch|p1a: Gardevoir|Gardevoir-Mega, F, shiny|100\/100\n|-damage|p1a: Gardevoir|88\/100|[from] Stealth Rock\n|turn|19\n|c|\u2606Davarv|gg\n|\n|t:|1699325878\n|move|p2a: Pinsir|Frustration|p1a: Gardevoir\n|-damage|p1a: Gardevoir|0 fnt\n|faint|p1a: Gardevoir\n|\n|win|Davarv\n|c|\u2606Davarv|Diste lo mejor de ti y casi ganas!\n|c|\u2606Dan07B|Gg\n|l|\u2606Dan07B\n|j|\u2606Dan07B\n|player|p1|Dan07B|pokemonranger-gen4\n","uploadtime":1699325972,"views":8,"p1id":"dan07b","p2id":"davarv","formatid":"gen9nationaldexubers","rating":0,"private":0,"password":""}