{"id":"gen9nationaldexubers-1983022867","p1":"AdrianGarcia1604","p2":"David uwu35","format":"[Gen 9] National Dex Ubers","log":"|j|\u2606AdrianGarcia1604\n|j|\u2606David uwu35\n|t:|1699071347\n|gametype|singles\n|player|p1|AdrianGarcia1604|ethan|\n|player|p2|David uwu35|shadowtriad|\n|teamsize|p1|6\n|teamsize|p2|6\n|gen|9\n|tier|[Gen 9] National Dex Ubers\n|rule|HP Percentage Mod: HP is shown in percentages\n|rule|Endless Battle Clause: Forcing endless battles is banned\n|rule|OHKO Clause: OHKO moves are banned\n|rule|Evasion Moves Clause: Evasion moves are banned\n|rule|Evasion Items Clause: Evasion items are banned\n|rule|Species Clause: Limit one of each Pok\u00e9mon\n|rule|Sleep Clause Mod: Limit one foe put to sleep\n|rule|Mega Rayquaza Clause: You cannot mega evolve Rayquaza\n|clearpoke\n|poke|p1|Marshadow|\n|poke|p1|Zoroark-Hisui, M|\n|poke|p1|Gholdengo|\n|poke|p1|Annihilape, M|\n|poke|p1|Basculegion, M|\n|poke|p1|Dragapult, M|\n|poke|p2|Chien-Pao|\n|poke|p2|Cetitan, F|\n|poke|p2|Iron Bundle|\n|poke|p2|Beartic, F|\n|poke|p2|Baxcalibur, M|\n|poke|p2|Eiscue, M|\n|teampreview\n|\n|t:|1699071416\n|start\n|switch|p1a: Basculegion|Basculegion, M, shiny|100\/100\n|switch|p2a: Iron Bundle|Iron Bundle|100\/100\n|-ability|p1a: Basculegion|Mold Breaker\n|-enditem|p2a: Iron Bundle|Booster Energy\n|-activate|p2a: Iron Bundle|ability: Quark Drive|[fromitem]\n|-start|p2a: Iron Bundle|quarkdrivespa\n|turn|1\n|\n|t:|1699071431\n|move|p1a: Basculegion|Phantom Force||[still]\n|-prepare|p1a: Basculegion|Phantom Force\n|move|p2a: Iron Bundle|Snowscape|p2a: Iron Bundle\n|-weather|Snow\n|\n|-weather|Snow|[upkeep]\n|upkeep\n|turn|2\n|\n|t:|1699071439\n|move|p1a: Basculegion|Phantom Force|p2a: Iron Bundle|[from]lockedmove\n|-damage|p2a: Iron Bundle|68\/100\n|move|p2a: Iron Bundle|Freeze-Dry|p1a: Basculegion\n|-supereffective|p1a: Basculegion\n|-damage|p1a: Basculegion|0 fnt\n|faint|p1a: Basculegion\n|\n|-weather|Snow|[upkeep]\n|upkeep\n|\n|t:|1699071484\n|switch|p1a: Marshadow|Marshadow|100\/100\n|turn|3\n|\n|t:|1699071491\n|move|p1a: Marshadow|Drain Punch|p2a: Iron Bundle\n|-supereffective|p2a: Iron Bundle\n|-damage|p2a: Iron Bundle|0 fnt\n|faint|p2a: Iron Bundle\n|-end|p2a: Iron Bundle|Quark Drive|[silent]\n|-damage|p1a: Marshadow|91\/100|[from] item: Life Orb\n|\n|-weather|Snow|[upkeep]\n|upkeep\n|\n|t:|1699071499\n|switch|p2a: Eiscue|Eiscue, M|100\/100\n|turn|4\n|\n|t:|1699071505\n|move|p1a: Marshadow|Drain Punch|p2a: Eiscue\n|-activate|p2a: Eiscue|ability: Ice Face\n|-damage|p2a: Eiscue|100\/100\n|detailschange|p2a: Eiscue|Eiscue-Noice, M\n|-damage|p1a: Marshadow|81\/100|[from] item: Life Orb\n|move|p2a: Eiscue|Chilling Water|p1a: Marshadow\n|-damage|p1a: Marshadow|71\/100\n|-unboost|p1a: Marshadow|atk|1\n|\n|-weather|Snow|[upkeep]\n|upkeep\n|turn|5\n|\n|t:|1699071525\n|move|p1a: Marshadow|Drain Punch|p2a: Eiscue\n|-supereffective|p2a: Eiscue\n|-damage|p2a: Eiscue|52\/100\n|-heal|p1a: Marshadow|93\/100|[from] drain|[of] p2a: Eiscue\n|-damage|p1a: Marshadow|83\/100|[from] item: Life Orb\n|move|p2a: Eiscue|Hydro Pump|p1a: Marshadow\n|-damage|p1a: Marshadow|60\/100\n|\n|-weather|none\n|-heal|p2a: Eiscue|59\/100|[from] item: Leftovers\n|upkeep\n|turn|6\n|\n|t:|1699071541\n|move|p1a: Marshadow|Drain Punch|p2a: Eiscue\n|-supereffective|p2a: Eiscue\n|-damage|p2a: Eiscue|0 fnt\n|-heal|p1a: Marshadow|86\/100|[from] drain|[of] p2a: Eiscue\n|faint|p2a: Eiscue\n|-damage|p1a: Marshadow|76\/100|[from] item: Life Orb\n|\n|upkeep\n|\n|t:|1699071551\n|switch|p2a: Chien-Pao|Chien-Pao|100\/100\n|-ability|p2a: Chien-Pao|Sword of Ruin\n|turn|7\n|\n|t:|1699071562\n|move|p2a: Chien-Pao|Sucker Punch|p1a: Marshadow\n|-damage|p1a: Marshadow|13\/100\n|move|p1a: Marshadow|Drain Punch|p2a: Chien-Pao\n|-supereffective|p2a: Chien-Pao\n|-enditem|p2a: Chien-Pao|Focus Sash\n|-damage|p2a: Chien-Pao|1\/100\n|-heal|p1a: Marshadow|59\/100|[from] drain|[of] p2a: Chien-Pao\n|-damage|p1a: Marshadow|49\/100|[from] item: Life Orb\n|\n|upkeep\n|turn|8\n|\n|t:|1699071574\n|-terastallize|p2a: Chien-Pao|Dark\n|move|p2a: Chien-Pao|Sucker Punch|p1a: Marshadow\n|-damage|p1a: Marshadow|0 fnt\n|faint|p1a: Marshadow\n|\n|upkeep\n|\n|t:|1699071586\n|switch|p1a: Dragapult|Dragapult, M, shiny|100\/100\n|turn|9\n|\n|t:|1699071595\n|-terastallize|p1a: Dragapult|Fairy\n|move|p1a: Dragapult|Sucker Punch|p2a: Chien-Pao\n|-resisted|p2a: Chien-Pao\n|-damage|p2a: Chien-Pao|0 fnt\n|faint|p2a: Chien-Pao\n|-damage|p1a: Dragapult|91\/100|[from] item: Life Orb\n|\n|upkeep\n|\n|t:|1699071608\n|switch|p2a: Beartic|Beartic, F|100\/100\n|turn|10\n|\n|t:|1699071621\n|move|p1a: Dragapult|Dragon Darts|p2a: Beartic\n|-damage|p2a: Beartic|64\/100\n|-anim|p1a: Dragapult|Dragon Darts|p2a: Beartic\n|-damage|p2a: Beartic|25\/100\n|-enditem|p2a: Beartic|Sitrus Berry|[eat]\n|-heal|p2a: Beartic|50\/100|[from] item: Sitrus Berry\n|-damage|p1a: Dragapult|81\/100|[from] item: Life Orb\n|move|p2a: Beartic|Trailblaze|p1a: Dragapult\n|-crit|p1a: Dragapult\n|-damage|p1a: Dragapult|44\/100\n|-boost|p2a: Beartic|spe|1\n|\n|upkeep\n|turn|11\n|\n|t:|1699071639\n|move|p1a: Dragapult|Dragon Darts|p2a: Beartic\n|-damage|p2a: Beartic|12\/100\n|-anim|p1a: Dragapult|Dragon Darts|p2a: Beartic\n|-crit|p2a: Beartic\n|-damage|p2a: Beartic|0 fnt\n|faint|p2a: Beartic\n|-damage|p1a: Dragapult|34\/100|[from] item: Life Orb\n|\n|upkeep\n|\n|t:|1699071647\n|switch|p2a: Cetitan|Cetitan, F|100\/100\n|turn|12\n|\n|t:|1699071669\n|move|p2a: Cetitan|Ice Shard|p1a: Dragapult\n|-damage|p1a: Dragapult|9\/100\n|move|p1a: Dragapult|Phantom Force||[still]\n|-prepare|p1a: Dragapult|Phantom Force\n|\n|upkeep\n|turn|13\n|\n|t:|1699071676\n|move|p1a: Dragapult|Phantom Force|p2a: Cetitan|[from]lockedmove\n|-damage|p2a: Cetitan|45\/100\n|-enditem|p2a: Cetitan|Sitrus Berry|[eat]\n|-heal|p2a: Cetitan|70\/100|[from] item: Sitrus Berry\n|-damage|p1a: Dragapult|0 fnt|[from] item: Life Orb\n|faint|p1a: Dragapult\n|move|p2a: Cetitan|Belly Drum|p2a: Cetitan\n|-damage|p2a: Cetitan|20\/100\n|-setboost|p2a: Cetitan|atk|6|[from] move: Belly Drum\n|\n|upkeep\n|\n|t:|1699071689\n|switch|p1a: Annihilape|Annihilape, M, shiny|100\/100\n|turn|14\n|\n|t:|1699071701\n|move|p2a: Cetitan|Ice Shard|p1a: Annihilape\n|-damage|p1a: Annihilape|0 fnt\n|replace|p1a: Zoroark|Zoroark-Hisui, M, shiny\n|-end|p1a: Zoroark|Illusion\n|faint|p1a: Zoroark\n|\n|upkeep\n|\n|t:|1699071707\n|switch|p1a: Annihilape|Annihilape, M, shiny|100\/100\n|turn|15\n|\n|t:|1699071716\n|move|p2a: Cetitan|Ice Shard|p1a: Annihilape\n|-damage|p1a: Annihilape|37\/100\n|move|p1a: Annihilape|Drain Punch|p2a: Cetitan\n|-supereffective|p2a: Cetitan\n|-damage|p2a: Cetitan|0 fnt\n|-heal|p1a: Annihilape|51\/100|[from] drain|[of] p2a: Cetitan\n|faint|p2a: Cetitan\n|\n|-heal|p1a: Annihilape|58\/100|[from] item: Leftovers\n|upkeep\n|\n|t:|1699071727\n|switch|p2a: Baxcalibur|Baxcalibur, M|100\/100\n|turn|16\n|\n|t:|1699071734\n|move|p2a: Baxcalibur|Dragon Dance|p2a: Baxcalibur\n|-boost|p2a: Baxcalibur|atk|1\n|-boost|p2a: Baxcalibur|spe|1\n|move|p1a: Annihilape|Drain Punch|p2a: Baxcalibur\n|-supereffective|p2a: Baxcalibur\n|-damage|p2a: Baxcalibur|24\/100\n|-heal|p1a: Annihilape|97\/100|[from] drain|[of] p2a: Baxcalibur\n|-enditem|p2a: Baxcalibur|Salac Berry|[eat]\n|-boost|p2a: Baxcalibur|spe|1|[from] item: Salac Berry\n|\n|-heal|p1a: Annihilape|100\/100|[from] item: Leftovers\n|upkeep\n|turn|17\n|\n|t:|1699071748\n|move|p2a: Baxcalibur|Icicle Spear|p1a: Annihilape\n|-damage|p1a: Annihilape|76\/100\n|-damage|p1a: Annihilape|54\/100\n|-damage|p1a: Annihilape|32\/100\n|-hitcount|p1a: Annihilape|3\n|move|p1a: Annihilape|Drain Punch|p2a: Baxcalibur\n|-supereffective|p2a: Baxcalibur\n|-damage|p2a: Baxcalibur|0 fnt\n|-heal|p1a: Annihilape|45\/100|[from] drain|[of] p2a: Baxcalibur\n|faint|p2a: Baxcalibur\n|\n|win|AdrianGarcia1604\n","uploadtime":1699071762,"views":7,"p1id":"adriangarcia1604","p2id":"daviduwu35","formatid":"gen9nationaldexubers","rating":0,"private":0,"password":""}