{"id":"gen9nationaldexubers-1986399023","p1":"revolug","p2":"PNexus","format":"[Gen 9] National Dex Ubers","log":"|j|\u2606revolug\n|j|\u2606PNexus\n|t:|1699475663\n|gametype|singles\n|player|p1|revolug|benga|\n|player|p2|PNexus|blackbelt-gen4dp|\n|teamsize|p1|6\n|teamsize|p2|6\n|gen|9\n|tier|[Gen 9] National Dex Ubers\n|rule|HP Percentage Mod: HP is shown in percentages\n|rule|Endless Battle Clause: Forcing endless battles is banned\n|rule|OHKO Clause: OHKO moves are banned\n|rule|Evasion Moves Clause: Evasion moves are banned\n|rule|Evasion Items Clause: Evasion items are banned\n|rule|Species Clause: Limit one of each Pok\u00e9mon\n|rule|Sleep Clause Mod: Limit one foe put to sleep\n|rule|Mega Rayquaza Clause: You cannot mega evolve Rayquaza\n|clearpoke\n|poke|p1|Espathra, M|\n|poke|p1|Rillaboom, M|\n|poke|p1|Salamence, F|\n|poke|p1|Annihilape, M|\n|poke|p1|Sneasler, F|\n|poke|p1|Toxapex, F|\n|poke|p2|Hitmontop, M|\n|poke|p2|Annihilape, F|\n|poke|p2|Bewear, M|\n|poke|p2|Sneasler, F|\n|poke|p2|Lopunny, F|\n|poke|p2|Blaziken, M|\n|teampreview\n|\n|t:|1699475685\n|start\n|switch|p1a: Salamence|Salamence, F|100\/100\n|switch|p2a: Oinker|Annihilape, F|100\/100\n|-ability|p1a: Salamence|Intimidate|boost\n|-unboost|p2a: Oinker|atk|1\n|-ability|p2a: Oinker|Defiant|boost\n|-boost|p2a: Oinker|atk|2\n|turn|1\n|\n|t:|1699475718\n|detailschange|p1a: Salamence|Salamence-Mega, F\n|-mega|p1a: Salamence|Salamence|Salamencite\n|move|p1a: Salamence|Return|p2a: Oinker\n|-supereffective|p2a: Oinker\n|-damage|p2a: Oinker|0 fnt\n|faint|p2a: Oinker\n|\n|upkeep\n|\n|t:|1699475741\n|switch|p2a: Lola|Lopunny, F|100\/100\n|turn|2\n|\n|t:|1699475745\n|switch|p1a: Rillaboom|Rillaboom, M|100\/100\n|-fieldstart|move: Grassy Terrain|[from] ability: Grassy Surge|[of] p1a: Rillaboom\n|detailschange|p2a: Lola|Lopunny-Mega, F\n|-mega|p2a: Lola|Lopunny|Lopunnite\n|move|p2a: Lola|Fake Out|p1a: Rillaboom\n|-damage|p1a: Rillaboom|79\/100\n|-enditem|p1a: Rillaboom|Eject Button\n|\n|t:|1699475752\n|switch|p1a: Espathra|Espathra, M|100\/100\n|-enditem|p1a: Espathra|Grassy Seed\n|-boost|p1a: Espathra|def|1|[from] item: Grassy Seed\n|\n|upkeep\n|turn|3\n|\n|t:|1699475766\n|switch|p2a: Beware|Bewear, M|100\/100\n|move|p1a: Espathra|Protect||[still]\n|-fail|p1a: Espathra\n|\n|-ability|p1a: Espathra|Speed Boost|boost\n|-boost|p1a: Espathra|spe|1\n|upkeep\n|turn|4\n|\n|t:|1699475793\n|move|p1a: Espathra|Calm Mind|p1a: Espathra\n|-boost|p1a: Espathra|spa|1\n|-boost|p1a: Espathra|spd|1\n|move|p2a: Beware|Darkest Lariat|p1a: Espathra\n|-supereffective|p1a: Espathra\n|-damage|p1a: Espathra|3\/100\n|\n|-heal|p1a: Espathra|9\/100|[from] Grassy Terrain\n|-ability|p1a: Espathra|Speed Boost|boost\n|-boost|p1a: Espathra|spe|1\n|upkeep\n|turn|5\n|\n|t:|1699475803\n|move|p1a: Espathra|Protect|p1a: Espathra\n|-singleturn|p1a: Espathra|Protect\n|move|p2a: Beware|Darkest Lariat|p1a: Espathra\n|-activate|p1a: Espathra|move: Protect\n|\n|-heal|p1a: Espathra|15\/100|[from] Grassy Terrain\n|-ability|p1a: Espathra|Speed Boost|boost\n|-boost|p1a: Espathra|spe|1\n|upkeep\n|turn|6\n|\n|t:|1699475816\n|move|p1a: Espathra|Stored Power|p2a: Beware\n|-supereffective|p2a: Beware\n|-damage|p2a: Beware|0 fnt\n|faint|p2a: Beware\n|\n|-heal|p1a: Espathra|21\/100|[from] Grassy Terrain\n|-fieldend|move: Grassy Terrain\n|-ability|p1a: Espathra|Speed Boost|boost\n|-boost|p1a: Espathra|spe|1\n|upkeep\n|\n|t:|1699475833\n|switch|p2a: Toppy|Hitmontop, M|100\/100\n|turn|7\n|\n|t:|1699475855\n|switch|p1a: Toxapex|Toxapex, F|100\/100\n|-terastallize|p2a: Toppy|Steel\n|move|p2a: Toppy|Bullet Punch|p1a: Toxapex\n|-resisted|p1a: Toxapex\n|-damage|p1a: Toxapex|88\/100\n|-damage|p2a: Toppy|84\/100|[from] item: Rocky Helmet|[of] p1a: Toxapex\n|\n|upkeep\n|turn|8\n|\n|t:|1699475890\n|switch|p2a: Lola|Lopunny-Mega, F|100\/100\n|move|p1a: Toxapex|Scald|p2a: Lola\n|-damage|p2a: Lola|77\/100\n|\n|upkeep\n|turn|9\n|\n|t:|1699475904\n|move|p2a: Lola|Return|p1a: Toxapex\n|-damage|p1a: Toxapex|57\/100\n|-damage|p2a: Lola|61\/100|[from] item: Rocky Helmet|[of] p1a: Toxapex\n|move|p1a: Toxapex|Toxic|p2a: Lola\n|-status|p2a: Lola|tox\n|\n|-damage|p2a: Lola|55\/100 tox|[from] psn\n|upkeep\n|turn|10\n|\n|t:|1699475949\n|switch|p2a: KFC|Blaziken, M|100\/100\n|move|p1a: Toxapex|Recover|p1a: Toxapex\n|-heal|p1a: Toxapex|100\/100\n|\n|upkeep\n|turn|11\n|\n|t:|1699475957\n|move|p2a: KFC|Earthquake|p1a: Toxapex\n|-supereffective|p1a: Toxapex\n|-damage|p1a: Toxapex|45\/100\n|-damage|p2a: KFC|91\/100|[from] item: Life Orb\n|move|p1a: Toxapex|Toxic|p2a: KFC\n|-status|p2a: KFC|tox\n|\n|-damage|p2a: KFC|85\/100 tox|[from] psn\n|-ability|p2a: KFC|Speed Boost|boost\n|-boost|p2a: KFC|spe|1\n|upkeep\n|turn|12\n|\n|t:|1699475992\n|switch|p1a: Rillaboom|Rillaboom, M|79\/100\n|-fieldstart|move: Grassy Terrain|[from] ability: Grassy Surge|[of] p1a: Rillaboom\n|move|p2a: KFC|Flare Blitz|p1a: Rillaboom\n|-supereffective|p1a: Rillaboom\n|-damage|p1a: Rillaboom|0 fnt\n|faint|p1a: Rillaboom\n|-damage|p2a: KFC|52\/100 tox|[from] Recoil\n|-damage|p2a: KFC|42\/100 tox|[from] item: Life Orb\n|\n|-heal|p2a: KFC|48\/100 tox|[from] Grassy Terrain\n|-damage|p2a: KFC|36\/100 tox|[from] psn\n|-ability|p2a: KFC|Speed Boost|boost\n|-boost|p2a: KFC|spe|1\n|upkeep\n|\n|t:|1699476007\n|switch|p1a: Sneasler|Sneasler, F|100\/100\n|turn|13\n|\n|t:|1699476038\n|switch|p2a: Toppy|Hitmontop, M, tera:Steel|84\/100\n|move|p1a: Sneasler|Fake Out|p2a: Toppy\n|-enditem|p1a: Sneasler|Normal Gem|[from] gem\n|-resisted|p2a: Toppy\n|-crit|p2a: Toppy\n|-damage|p2a: Toppy|67\/100\n|\n|-heal|p2a: Toppy|73\/100|[from] Grassy Terrain\n|upkeep\n|turn|14\n|\n|t:|1699476050\n|move|p2a: Toppy|Bullet Punch|p1a: Sneasler\n|-damage|p1a: Sneasler|27\/100\n|move|p1a: Sneasler|Close Combat|p2a: Toppy\n|-supereffective|p2a: Toppy\n|-damage|p2a: Toppy|0 fnt\n|-unboost|p1a: Sneasler|def|1\n|-unboost|p1a: Sneasler|spd|1\n|faint|p2a: Toppy\n|\n|-heal|p1a: Sneasler|33\/100|[from] Grassy Terrain\n|upkeep\n|\n|t:|1699476067\n|switch|p2a: Sneezer|Sneasler, F|100\/100\n|turn|15\n|\n|t:|1699476087\n|switch|p1a: Annihilape|Annihilape, M|100\/100\n|move|p2a: Sneezer|Fake Out|p1a: Annihilape\n|-immune|p1a: Annihilape\n|\n|upkeep\n|turn|16\n|\n|t:|1699476110\n|move|p2a: Sneezer|Night Slash|p1a: Annihilape\n|-damage|p1a: Annihilape|73\/100\n|move|p1a: Annihilape|Rage Fist|p2a: Sneezer\n|-damage|p2a: Sneezer|17\/100\n|\n|-heal|p2a: Sneezer|23\/100|[from] Grassy Terrain\n|-heal|p1a: Annihilape|79\/100|[from] Grassy Terrain\n|-fieldend|move: Grassy Terrain\n|upkeep\n|turn|17\n|\n|t:|1699476120\n|move|p2a: Sneezer|Night Slash|p1a: Annihilape\n|-damage|p1a: Annihilape|54\/100\n|move|p1a: Annihilape|Drain Punch|p2a: Sneezer\n|-resisted|p2a: Sneezer\n|-damage|p2a: Sneezer|0 fnt\n|-heal|p1a: Annihilape|62\/100|[from] drain|[of] p2a: Sneezer\n|faint|p2a: Sneezer\n|\n|upkeep\n|\n|t:|1699476129\n|switch|p2a: Lola|Lopunny-Mega, F|55\/100 tox\n|turn|18\n|\n|t:|1699476145\n|switch|p1a: Toxapex|Toxapex, F|78\/100\n|move|p2a: Lola|Fake Out|p1a: Toxapex\n|-damage|p1a: Toxapex|66\/100\n|-damage|p2a: Lola|38\/100 tox|[from] item: Rocky Helmet|[of] p1a: Toxapex\n|\n|-damage|p2a: Lola|32\/100 tox|[from] psn\n|upkeep\n|turn|19\n|\n|t:|1699476160\n|move|p2a: Lola|Return|p1a: Toxapex\n|-crit|p1a: Toxapex\n|-damage|p1a: Toxapex|19\/100\n|-damage|p2a: Lola|16\/100 tox|[from] item: Rocky Helmet|[of] p1a: Toxapex\n|move|p1a: Toxapex|Recover|p1a: Toxapex\n|-heal|p1a: Toxapex|69\/100\n|\n|-damage|p2a: Lola|4\/100 tox|[from] psn\n|upkeep\n|turn|20\n|\n|t:|1699476171\n|move|p1a: Toxapex|Baneful Bunker|p1a: Toxapex\n|-singleturn|p1a: Toxapex|move: Protect\n|move|p2a: Lola|Return|p1a: Toxapex\n|-activate|p1a: Toxapex|move: Protect\n|\n|-damage|p2a: Lola|0 fnt|[from] psn\n|faint|p2a: Lola\n|upkeep\n|\n|t:|1699476179\n|switch|p2a: KFC|Blaziken, M|36\/100 tox\n|turn|21\n|\n|t:|1699476183\n|move|p2a: KFC|Earthquake|p1a: Toxapex\n|-supereffective|p1a: Toxapex\n|-damage|p1a: Toxapex|17\/100\n|-damage|p2a: KFC|26\/100 tox|[from] item: Life Orb\n|move|p1a: Toxapex|Scald|p2a: KFC\n|-supereffective|p2a: KFC\n|-damage|p2a: KFC|0 fnt\n|faint|p2a: KFC\n|\n|win|revolug\n|c|\u2606revolug|gg\n|c|\u2606PNexus|gg\n","uploadtime":1699476196,"views":14,"p1id":"revolug","p2id":"pnexus","formatid":"gen9nationaldexubers","rating":0,"private":0,"password":""}