{"id":"gen9nationaldexubers-1984733656","p1":"DrArkane15","p2":"Neosouls","format":"[Gen 9] National Dex Ubers","log":"|j|\u2606DrArkane15\n|j|\u2606Neosouls\n|t:|1699294638\n|gametype|singles\n|player|p1|DrArkane15|265|\n|player|p2|Neosouls|marlon|\n|teamsize|p1|3\n|teamsize|p2|3\n|gen|9\n|tier|[Gen 9] National Dex Ubers\n|rule|HP Percentage Mod: HP is shown in percentages\n|rule|Endless Battle Clause: Forcing endless battles is banned\n|rule|OHKO Clause: OHKO moves are banned\n|rule|Evasion Moves Clause: Evasion moves are banned\n|rule|Evasion Items Clause: Evasion items are banned\n|rule|Species Clause: Limit one of each Pok\u00e9mon\n|rule|Sleep Clause Mod: Limit one foe put to sleep\n|rule|Mega Rayquaza Clause: You cannot mega evolve Rayquaza\n|clearpoke\n|poke|p1|Pinsir, L30, M|\n|poke|p1|Electrode-Hisui, L27|\n|poke|p1|Centiskorch, L29, M|\n|poke|p2|Lycanroc-Dusk, L27, F|\n|poke|p2|Froslass, L27, F|\n|poke|p2|Charmeleon, L30, M|\n|teampreview\n|\n|t:|1699294652\n|start\n|switch|p1a: Electrode|Electrode-Hisui, L27|100\/100\n|switch|p2a: Apollon|Charmeleon, L30, M|100\/100\n|turn|1\n|\n|t:|1699294661\n|move|p1a: Electrode|Stun Spore|p2a: Apollon\n|-status|p2a: Apollon|par\n|move|p2a: Apollon|Dragon Breath|p1a: Electrode\n|-damage|p1a: Electrode|69\/100\n|\n|upkeep\n|turn|2\n|\n|t:|1699294668\n|move|p1a: Electrode|Leech Seed|p2a: Apollon|[miss]\n|-miss|p1a: Electrode|p2a: Apollon\n|move|p2a: Apollon|Flamethrower|p1a: Electrode\n|-supereffective|p1a: Electrode\n|-damage|p1a: Electrode|0 fnt\n|faint|p1a: Electrode\n|\n|upkeep\n|inactive|Battle timer is ON: inactive players will automatically lose when time's up. (requested by DrArkane15)\n|\n|t:|1699294673\n|switch|p1a: Centiskorch|Centiskorch, L29, M|100\/100\n|turn|3\n|\n|t:|1699294679\n|move|p1a: Centiskorch|Bite|p2a: Apollon\n|-damage|p2a: Apollon|65\/100 par\n|move|p2a: Apollon|Dragon Breath|p1a: Centiskorch\n|-damage|p1a: Centiskorch|84\/100\n|\n|upkeep\n|turn|4\n|\n|t:|1699294687\n|switch|p2a: Lycanroc|Lycanroc-Dusk, L27, F|100\/100\n|move|p1a: Centiskorch|Bite|p2a: Lycanroc\n|-damage|p2a: Lycanroc|69\/100\n|\n|upkeep\n|turn|5\n|\n|t:|1699294697\n|move|p2a: Lycanroc|Rock Tomb|p1a: Centiskorch\n|-supereffective|p1a: Centiskorch\n|-damage|p1a: Centiskorch|0 fnt\n|faint|p1a: Centiskorch\n|\n|upkeep\n|\n|t:|1699294699\n|switch|p1a: Pinsir|Pinsir, L30, M|100\/100\n|turn|6\n|\n|t:|1699294706\n|move|p2a: Lycanroc|Rock Tomb|p1a: Pinsir\n|-supereffective|p1a: Pinsir\n|-damage|p1a: Pinsir|37\/100\n|-unboost|p1a: Pinsir|spe|1\n|move|p1a: Pinsir|Close Combat|p2a: Lycanroc\n|-supereffective|p2a: Lycanroc\n|-damage|p2a: Lycanroc|0 fnt\n|-unboost|p1a: Pinsir|def|1\n|-unboost|p1a: Pinsir|spd|1\n|faint|p2a: Lycanroc\n|-ability|p1a: Pinsir|Moxie|boost\n|-boost|p1a: Pinsir|atk|1\n|\n|upkeep\n|\n|t:|1699294720\n|switch|p2a: Froslass|Froslass, L27, F|100\/100\n|turn|7\n|\n|t:|1699294728\n|move|p2a: Froslass|Ice Fang|p1a: Pinsir\n|-damage|p1a: Pinsir|0 fnt\n|faint|p1a: Pinsir\n|\n|win|Neosouls\n","uploadtime":1699294738,"views":4,"p1id":"drarkane15","p2id":"neosouls","formatid":"gen9nationaldexubers","rating":0,"private":0,"password":""}