{"id":"gen9nationaldexubers-1979399170","p1":"onaerybluer","p2":"Nemesis_279","format":"[Gen 9] National Dex Ubers","log":"|j|\u2606onaerybluer\n|j|\u2606Nemesis_279\n|t:|1698679588\n|gametype|singles\n|player|p1|onaerybluer|bellelba|1201\n|player|p2|Nemesis_279|101|1143\n|teamsize|p1|6\n|teamsize|p2|6\n|gen|9\n|tier|[Gen 9] National Dex Ubers\n|rated|\n|rule|HP Percentage Mod: HP is shown in percentages\n|rule|Endless Battle Clause: Forcing endless battles is banned\n|rule|OHKO Clause: OHKO moves are banned\n|rule|Evasion Moves Clause: Evasion moves are banned\n|rule|Evasion Items Clause: Evasion items are banned\n|rule|Species Clause: Limit one of each Pok\u00e9mon\n|rule|Sleep Clause Mod: Limit one foe put to sleep\n|rule|Mega Rayquaza Clause: You cannot mega evolve Rayquaza\n|clearpoke\n|poke|p1|Kangaskhan, F|\n|poke|p1|Blissey, F|\n|poke|p1|Gholdengo|\n|poke|p1|Chien-Pao|\n|poke|p1|Flutter Mane|\n|poke|p1|Kingambit, M|\n|poke|p2|Necrozma-Dusk-Mane|\n|poke|p2|Samurott-Hisui, M|\n|poke|p2|Gliscor, M|\n|poke|p2|Spidops, F|\n|poke|p2|Ninetales-Alola, M|\n|poke|p2|Ursaluna-Bloodmoon, M|\n|teampreview\n|inactive|Battle timer is ON: inactive players will automatically lose when time's up. (requested by onaerybluer)\n|\n|t:|1698679597\n|start\n|switch|p1a: Gholdengo|Gholdengo|100\/100\n|switch|p2a: Spidops|Spidops, F|100\/100\n|turn|1\n|c|\u2606Nemesis_279|Since when did goldengos sprite have a surf board\n|\n|t:|1698679625\n|move|p1a: Gholdengo|Trick|p2a: Spidops\n|-activate|p1a: Gholdengo|move: Trick|[of] p2a: Spidops\n|-item|p2a: Spidops|Choice Scarf|[from] move: Trick\n|-item|p1a: Gholdengo|Rocky Helmet|[from] move: Trick\n|move|p2a: Spidops|Sticky Web|p1a: Gholdengo\n|-sidestart|p1: onaerybluer|move: Sticky Web\n|\n|upkeep\n|turn|2\n|\n|t:|1698679640\n|switch|p2a: Samurott|Samurott-Hisui, M|100\/100\n|move|p1a: Gholdengo|Make It Rain|p2a: Samurott\n|-resisted|p2a: Samurott\n|-damage|p2a: Samurott|67\/100\n|-unboost|p1a: Gholdengo|spa|1\n|\n|upkeep\n|turn|3\n|\n|t:|1698679650\n|move|p2a: Samurott|Ceaseless Edge|p1a: Gholdengo\n|-supereffective|p1a: Gholdengo\n|-damage|p1a: Gholdengo|0 fnt\n|-damage|p2a: Samurott|50\/100|[from] item: Rocky Helmet|[of] p1a: Gholdengo\n|-sidestart|p1: onaerybluer|Spikes\n|faint|p1a: Gholdengo\n|\n|upkeep\n|\n|t:|1698679657\n|switch|p1a: Kangaskhan|Kangaskhan, F|100\/100\n|-activate|p1a: Kangaskhan|move: Sticky Web\n|-unboost|p1a: Kangaskhan|spe|1\n|-damage|p1a: Kangaskhan|88\/100|[from] Spikes\n|turn|4\n|\n|t:|1698679664\n|detailschange|p1a: Kangaskhan|Kangaskhan-Mega, F\n|-mega|p1a: Kangaskhan|Kangaskhan|Kangaskhanite\n|move|p1a: Kangaskhan|Fake Out|p2a: Samurott\n|-damage|p2a: Samurott|22\/100\n|-damage|p2a: Samurott|16\/100\n|-hitcount|p2a: Samurott|2\n|cant|p2a: Samurott|flinch\n|\n|upkeep\n|turn|5\n|\n|t:|1698679673\n|move|p2a: Samurott|Sacred Sword|p1a: Kangaskhan\n|-supereffective|p1a: Kangaskhan\n|-damage|p1a: Kangaskhan|11\/100\n|move|p1a: Kangaskhan|Shadow Claw|p2a: Samurott\n|-resisted|p2a: Samurott\n|-damage|p2a: Samurott|2\/100\n|-resisted|p2a: Samurott\n|-damage|p2a: Samurott|0 fnt\n|faint|p2a: Samurott\n|-hitcount|p2: Samurott|2\n|\n|upkeep\n|\n|t:|1698679685\n|switch|p2a: Spidops|Spidops, F|100\/100\n|turn|6\n|\n|t:|1698679690\n|move|p2a: Spidops|First Impression|p1a: Kangaskhan\n|-damage|p1a: Kangaskhan|0 fnt\n|faint|p1a: Kangaskhan\n|\n|upkeep\n|\n|t:|1698679703\n|switch|p1a: Chien-Pao|Chien-Pao|100\/100\n|-activate|p1a: Chien-Pao|move: Sticky Web\n|-unboost|p1a: Chien-Pao|spe|1\n|-damage|p1a: Chien-Pao|88\/100|[from] Spikes\n|-ability|p1a: Chien-Pao|Sword of Ruin\n|turn|7\n|\n|t:|1698679715\n|switch|p2a: Necrozma|Necrozma-Dusk-Mane, shiny|100\/100\n|move|p1a: Chien-Pao|Crunch|p2a: Necrozma\n|-supereffective|p2a: Necrozma\n|-damage|p2a: Necrozma|7\/100\n|\n|upkeep\n|turn|8\n|\n|t:|1698679727\n|switch|p1a: Flutter Mane|Flutter Mane|100\/100\n|-activate|p1a: Flutter Mane|move: Sticky Web\n|-unboost|p1a: Flutter Mane|spe|1\n|-damage|p1a: Flutter Mane|88\/100|[from] Spikes\n|detailschange|p2a: Necrozma|Necrozma-Ultra, shiny\n|-burst|p2a: Necrozma|Necrozma|Ultranecrozium Z\n|move|p2a: Necrozma|Sunsteel Strike|p1a: Flutter Mane\n|-supereffective|p1a: Flutter Mane\n|-damage|p1a: Flutter Mane|0 fnt\n|faint|p1a: Flutter Mane\n|-end|p1a: Flutter Mane|Protosynthesis|[silent]\n|\n|upkeep\n|\n|t:|1698679734\n|switch|p1a: Chien-Pao|Chien-Pao|88\/100\n|-activate|p1a: Chien-Pao|move: Sticky Web\n|-unboost|p1a: Chien-Pao|spe|1\n|-damage|p1a: Chien-Pao|76\/100|[from] Spikes\n|-ability|p1a: Chien-Pao|Sword of Ruin\n|turn|9\n|\n|t:|1698679746\n|move|p1a: Chien-Pao|Ice Shard|p2a: Necrozma\n|-supereffective|p2a: Necrozma\n|-damage|p2a: Necrozma|0 fnt\n|faint|p2a: Necrozma\n|\n|upkeep\n|\n|t:|1698679755\n|switch|p2a: Spidops|Spidops, F|100\/100\n|turn|10\n|\n|t:|1698679759\n|switch|p1a: Kingambit|Kingambit, M|100\/100\n|-activate|p1a: Kingambit|move: Sticky Web\n|-unboost|p1a: Kingambit|spe|1\n|-damage|p1a: Kingambit|88\/100|[from] Spikes\n|-activate|p1a: Kingambit|ability: Supreme Overlord\n|-start|p1a: Kingambit|fallen3|[silent]\n|move|p2a: Spidops|Toxic Spikes|p1a: Kingambit\n|-sidestart|p1: onaerybluer|move: Toxic Spikes\n|\n|-heal|p1a: Kingambit|94\/100|[from] item: Leftovers\n|upkeep\n|turn|11\n|\n|t:|1698679770\n|-end|p1a: Kingambit|fallen3|[silent]\n|switch|p1a: Chien-Pao|Chien-Pao|76\/100\n|-activate|p1a: Chien-Pao|move: Sticky Web\n|-unboost|p1a: Chien-Pao|spe|1\n|-damage|p1a: Chien-Pao|64\/100|[from] Spikes\n|-status|p1a: Chien-Pao|psn\n|-ability|p1a: Chien-Pao|Sword of Ruin\n|move|p2a: Spidops|Toxic Spikes|p1a: Chien-Pao\n|-sidestart|p1: onaerybluer|move: Toxic Spikes\n|\n|-damage|p1a: Chien-Pao|51\/100 psn|[from] psn\n|upkeep\n|turn|12\n|c|\u2606Nemesis_279|What is bro doing\n|\n|t:|1698679786\n|switch|p2a: Ninetales|Ninetales-Alola, M|100\/100\n|move|p1a: Chien-Pao|Icicle Crash|p2a: Ninetales\n|-resisted|p2a: Ninetales\n|-damage|p2a: Ninetales|38\/100\n|\n|-damage|p1a: Chien-Pao|39\/100 psn|[from] psn\n|upkeep\n|turn|13\n|\n|t:|1698679801\n|move|p2a: Ninetales|Moonblast|p1a: Chien-Pao\n|-supereffective|p1a: Chien-Pao\n|-damage|p1a: Chien-Pao|0 fnt\n|faint|p1a: Chien-Pao\n|\n|upkeep\n|\n|t:|1698679803\n|switch|p1a: Kingambit|Kingambit, M|94\/100\n|-activate|p1a: Kingambit|move: Sticky Web\n|-unboost|p1a: Kingambit|spe|1\n|-damage|p1a: Kingambit|82\/100|[from] Spikes\n|-activate|p1a: Kingambit|ability: Supreme Overlord\n|-start|p1a: Kingambit|fallen4|[silent]\n|turn|14\n|\n|t:|1698679812\n|move|p2a: Ninetales|Moonblast|p1a: Kingambit\n|-damage|p1a: Kingambit|48\/100\n|move|p1a: Kingambit|Iron Head|p2a: Ninetales\n|-supereffective|p2a: Ninetales\n|-damage|p2a: Ninetales|0 fnt\n|faint|p2a: Ninetales\n|\n|-heal|p1a: Kingambit|54\/100|[from] item: Leftovers\n|upkeep\n|\n|t:|1698679829\n|switch|p2a: Ursaluna|Ursaluna-Bloodmoon, M|100\/100\n|turn|15\n|\n|t:|1698679834\n|move|p1a: Kingambit|Protect|p1a: Kingambit\n|-singleturn|p1a: Kingambit|Protect\n|move|p2a: Ursaluna|Calm Mind|p2a: Ursaluna\n|-boost|p2a: Ursaluna|spa|1\n|-boost|p2a: Ursaluna|spd|1\n|\n|-heal|p1a: Kingambit|61\/100|[from] item: Leftovers\n|upkeep\n|turn|16\n|\n|t:|1698679844\n|-end|p1a: Kingambit|fallen4|[silent]\n|switch|p1a: Blissey|Blissey, F|100\/100\n|move|p2a: Ursaluna|Blood Moon|p1a: Blissey\n|-damage|p1a: Blissey|63\/100\n|\n|upkeep\n|turn|17\n|\n|t:|1698679851\n|move|p1a: Blissey|Soft-Boiled|p1a: Blissey\n|-heal|p1a: Blissey|100\/100\n|move|p2a: Ursaluna|Calm Mind|p2a: Ursaluna\n|-boost|p2a: Ursaluna|spa|1\n|-boost|p2a: Ursaluna|spd|1\n|\n|upkeep\n|turn|18\n|\n|t:|1698679857\n|move|p1a: Blissey|Soft-Boiled||[still]\n|-fail|p1a: Blissey|heal\n|move|p2a: Ursaluna|Calm Mind|p2a: Ursaluna\n|-boost|p2a: Ursaluna|spa|1\n|-boost|p2a: Ursaluna|spd|1\n|\n|upkeep\n|turn|19\n|\n|t:|1698679864\n|move|p1a: Blissey|Seismic Toss|p2a: Ursaluna\n|-damage|p2a: Ursaluna|77\/100\n|move|p2a: Ursaluna|Calm Mind|p2a: Ursaluna\n|-boost|p2a: Ursaluna|spa|1\n|-boost|p2a: Ursaluna|spd|1\n|\n|upkeep\n|turn|20\n|\n|t:|1698679871\n|move|p1a: Blissey|Seismic Toss|p2a: Ursaluna\n|-damage|p2a: Ursaluna|54\/100\n|move|p2a: Ursaluna|Calm Mind|p2a: Ursaluna\n|-boost|p2a: Ursaluna|spa|1\n|-boost|p2a: Ursaluna|spd|1\n|\n|upkeep\n|turn|21\n|\n|t:|1698679878\n|move|p1a: Blissey|Seismic Toss|p2a: Ursaluna\n|-damage|p2a: Ursaluna|31\/100\n|move|p2a: Ursaluna|Moonlight|p2a: Ursaluna\n|-heal|p2a: Ursaluna|81\/100\n|\n|upkeep\n|turn|22\n|\n|t:|1698679889\n|move|p1a: Blissey|Seismic Toss|p2a: Ursaluna\n|-damage|p2a: Ursaluna|57\/100\n|move|p2a: Ursaluna|Calm Mind|p2a: Ursaluna\n|-boost|p2a: Ursaluna|spa|1\n|-boost|p2a: Ursaluna|spd|1\n|\n|upkeep\n|turn|23\n|\n|t:|1698679896\n|move|p1a: Blissey|Seismic Toss|p2a: Ursaluna\n|-damage|p2a: Ursaluna|34\/100\n|move|p2a: Ursaluna|Moonlight|p2a: Ursaluna\n|-heal|p2a: Ursaluna|84\/100\n|\n|upkeep\n|turn|24\n|\n|t:|1698679905\n|move|p1a: Blissey|Seismic Toss|p2a: Ursaluna\n|-damage|p2a: Ursaluna|61\/100\n|move|p2a: Ursaluna|Blood Moon|p1a: Blissey\n|-damage|p1a: Blissey|0 fnt\n|faint|p1a: Blissey\n|\n|upkeep\n|\n|t:|1698679908\n|switch|p1a: Kingambit|Kingambit, M|61\/100\n|-activate|p1a: Kingambit|move: Sticky Web\n|-unboost|p1a: Kingambit|spe|1\n|-damage|p1a: Kingambit|48\/100|[from] Spikes\n|-activate|p1a: Kingambit|ability: Supreme Overlord\n|-start|p1a: Kingambit|fallen5|[silent]\n|turn|25\n|\n|t:|1698679924\n|-terastallize|p1a: Kingambit|Dark\n|move|p2a: Ursaluna|Earth Power|p1a: Kingambit\n|-damage|p1a: Kingambit|0 fnt\n|faint|p1a: Kingambit\n|-end|p1a: Kingambit|fallen5|[silent]\n|\n|win|Nemesis_279\n|raw|onaerybluer's rating: 1201 &rarr; <strong>1172<\/strong><br \/>(-29 for losing)\n|raw|Nemesis_279's rating: 1143 &rarr; <strong>1172<\/strong><br \/>(+29 for winning)\n|l|\u2606onaerybluer\n|l|\u2606Nemesis_279\n|j|\u2606Nemesis_279\n|player|p2|Nemesis_279|101\n|l|\u2606Nemesis_279\n|player|p2|\n|j|\u2606Nemesis_279\n|player|p2|Nemesis_279|101\n","uploadtime":1698679974,"views":14,"p1id":"onaerybluer","p2id":"nemesis279","formatid":"gen9nationaldexubers","rating":1172,"private":0,"password":""}