{"id":"gen9nationaldexubers-1995682073","p1":"Torrente777","p2":"MrLukis","format":"[Gen 9] National Dex Ubers","log":"|j|\u2606Torrente777\n|j|\u2606MrLukis\n|t:|1700593535\n|gametype|singles\n|player|p1|Torrente777|biker-gen4|\n|player|p2|MrLukis|hugh|\n|teamsize|p1|6\n|teamsize|p2|6\n|gen|9\n|tier|[Gen 9] National Dex Ubers\n|rule|HP Percentage Mod: HP is shown in percentages\n|rule|Endless Battle Clause: Forcing endless battles is banned\n|rule|OHKO Clause: OHKO moves are banned\n|rule|Evasion Moves Clause: Evasion moves are banned\n|rule|Evasion Items Clause: Evasion items are banned\n|rule|Species Clause: Limit one of each Pok\u00e9mon\n|rule|Sleep Clause Mod: Limit one foe put to sleep\n|rule|Mega Rayquaza Clause: You cannot mega evolve Rayquaza\n|clearpoke\n|poke|p1|Gogoat, F|\n|poke|p1|Blaziken, M|\n|poke|p1|Slaking, M|\n|poke|p1|Honchkrow, M|\n|poke|p1|Naganadel|\n|poke|p1|Entei|\n|poke|p2|Typhlosion, M|\n|poke|p2|Ampharos, M|\n|poke|p2|Alomomola, F|\n|poke|p2|Gliscor, M|\n|poke|p2|Sliggoo-Hisui, M|\n|poke|p2|Ferrothorn, M|\n|teampreview\n|inactive|Battle timer is ON: inactive players will automatically lose when time's up. (requested by MrLukis)\n|\n|t:|1700593561\n|start\n|switch|p1a: Edgy|Honchkrow, M|100\/100\n|switch|p2a: Chocoflakes|Ferrothorn, M, shiny|100\/100\n|turn|1\n|\n|t:|1700593573\n|switch|p1a: Abeja|Naganadel, shiny|100\/100\n|move|p2a: Chocoflakes|Stealth Rock|p1a: Abeja\n|-sidestart|p1: Torrente777|move: Stealth Rock\n|\n|upkeep\n|turn|2\n|\n|t:|1700593580\n|move|p1a: Abeja|Flamethrower|p2a: Chocoflakes\n|-supereffective|p2a: Chocoflakes\n|-damage|p2a: Chocoflakes|0 fnt\n|faint|p2a: Chocoflakes\n|-ability|p1a: Abeja|Beast Boost|boost\n|-boost|p1a: Abeja|spe|1\n|\n|upkeep\n|\n|t:|1700593590\n|switch|p2a: Oveja Mallorquina|Ampharos, M, shiny|100\/100\n|turn|3\n|\n|t:|1700593609\n|switch|p1a: Despertador|Blaziken, M|100\/100\n|-damage|p1a: Despertador|88\/100|[from] Stealth Rock\n|detailschange|p2a: Oveja Mallorquina|Ampharos-Mega, M, shiny\n|-mega|p2a: Oveja Mallorquina|Ampharos|Ampharosite\n|-ability|p2a: Oveja Mallorquina|Mold Breaker\n|move|p2a: Oveja Mallorquina|Dragon Pulse|p1a: Despertador\n|-damage|p1a: Despertador|8\/100\n|\n|upkeep\n|turn|4\n|\n|t:|1700593626\n|switch|p2a: Pok\u00e9mon que mola|Alomomola, F, shiny|100\/100\n|detailschange|p1a: Despertador|Blaziken-Mega, M\n|-mega|p1a: Despertador|Blaziken|Blazikenite\n|move|p1a: Despertador|Protect||[still]\n|-fail|p1a: Despertador\n|\n|-ability|p1a: Despertador|Speed Boost|boost\n|-boost|p1a: Despertador|spe|1\n|upkeep\n|turn|5\n|\n|t:|1700593635\n|move|p1a: Despertador|Low Kick|p2a: Pok\u00e9mon que mola\n|-damage|p2a: Pok\u00e9mon que mola|80\/100\n|move|p2a: Pok\u00e9mon que mola|Flip Turn|p1a: Despertador\n|-supereffective|p1a: Despertador\n|-damage|p1a: Despertador|0 fnt\n|faint|p1a: Despertador\n|\n|t:|1700593644\n|switch|p2a: Baneado de OU|Gliscor, M, shiny|100\/100|[from] Flip Turn\n|\n|-status|p2a: Baneado de OU|tox|[from] item: Toxic Orb\n|upkeep\n|\n|t:|1700593655\n|switch|p1a: Cabri\u00f1a|Gogoat, F, shiny|100\/100\n|-damage|p1a: Cabri\u00f1a|88\/100|[from] Stealth Rock\n|turn|6\n|\n|t:|1700593667\n|move|p2a: Baneado de OU|Dual Wingbeat|p1a: Cabri\u00f1a\n|-supereffective|p1a: Cabri\u00f1a\n|-damage|p1a: Cabri\u00f1a|58\/100\n|-supereffective|p1a: Cabri\u00f1a\n|-damage|p1a: Cabri\u00f1a|29\/100\n|-hitcount|p1a: Cabri\u00f1a|2\n|move|p1a: Cabri\u00f1a|Surf|p2a: Baneado de OU\n|-supereffective|p2a: Baneado de OU\n|-damage|p2a: Baneado de OU|51\/100 tox\n|\n|-heal|p1a: Cabri\u00f1a|35\/100|[from] item: Leftovers\n|-heal|p2a: Baneado de OU|63\/100 tox|[from] ability: Poison Heal\n|upkeep\n|turn|7\n|\n|t:|1700593679\n|move|p2a: Baneado de OU|Dual Wingbeat|p1a: Cabri\u00f1a\n|-supereffective|p1a: Cabri\u00f1a\n|-damage|p1a: Cabri\u00f1a|7\/100\n|-supereffective|p1a: Cabri\u00f1a\n|-damage|p1a: Cabri\u00f1a|0 fnt\n|faint|p1a: Cabri\u00f1a\n|-hitcount|p1: Cabri\u00f1a|2\n|\n|-heal|p2a: Baneado de OU|76\/100 tox|[from] ability: Poison Heal\n|upkeep\n|\n|t:|1700593703\n|switch|p1a: Espa\u00f1ol|Entei|100\/100\n|turn|8\n|\n|t:|1700593710\n|-terastallize|p1a: Espa\u00f1ol|Normal\n|move|p1a: Espa\u00f1ol|Curse|p1a: Espa\u00f1ol\n|-unboost|p1a: Espa\u00f1ol|spe|1\n|-boost|p1a: Espa\u00f1ol|atk|1\n|-boost|p1a: Espa\u00f1ol|def|1\n|move|p2a: Baneado de OU|Swords Dance|p2a: Baneado de OU\n|-boost|p2a: Baneado de OU|atk|2\n|\n|-heal|p2a: Baneado de OU|88\/100 tox|[from] ability: Poison Heal\n|upkeep\n|turn|9\n|\n|t:|1700593726\n|move|p2a: Baneado de OU|Toxic|p1a: Espa\u00f1ol\n|-status|p1a: Espa\u00f1ol|tox\n|move|p1a: Espa\u00f1ol|Curse|p1a: Espa\u00f1ol\n|-unboost|p1a: Espa\u00f1ol|spe|1\n|-boost|p1a: Espa\u00f1ol|atk|1\n|-boost|p1a: Espa\u00f1ol|def|1\n|\n|-heal|p2a: Baneado de OU|100\/100 tox|[from] ability: Poison Heal\n|-damage|p1a: Espa\u00f1ol|94\/100 tox|[from] psn\n|upkeep\n|turn|10\n|\n|t:|1700593735\n|move|p1a: Espa\u00f1ol|Extreme Speed|p2a: Baneado de OU\n|-damage|p2a: Baneado de OU|43\/100 tox\n|move|p2a: Baneado de OU|Earthquake|p1a: Espa\u00f1ol\n|-damage|p1a: Espa\u00f1ol|46\/100 tox\n|\n|-heal|p2a: Baneado de OU|56\/100 tox|[from] ability: Poison Heal\n|-damage|p1a: Espa\u00f1ol|34\/100 tox|[from] psn\n|upkeep\n|turn|11\n|\n|t:|1700593744\n|switch|p2a: el caracolillo|Sliggoo-Hisui, M, shiny|100\/100\n|move|p1a: Espa\u00f1ol|Extreme Speed|p2a: el caracolillo\n|-resisted|p2a: el caracolillo\n|-damage|p2a: el caracolillo|69\/100\n|\n|-damage|p1a: Espa\u00f1ol|16\/100 tox|[from] psn\n|upkeep\n|turn|12\n|\n|t:|1700593754\n|switch|p2a: Dise\u00f1o Ins\u00edpido|Typhlosion, M|100\/100\n|move|p1a: Espa\u00f1ol|Flare Blitz|p2a: Dise\u00f1o Ins\u00edpido\n|-start|p2a: Dise\u00f1o Ins\u00edpido|ability: Flash Fire\n|\n|-damage|p1a: Espa\u00f1ol|0 fnt|[from] psn\n|faint|p1a: Espa\u00f1ol\n|upkeep\n|\n|t:|1700593767\n|switch|p1a: Barriga cervezera|Slaking, M|100\/100\n|-damage|p1a: Barriga cervezera|88\/100|[from] Stealth Rock\n|turn|13\n|\n|t:|1700593774\n|move|p2a: Dise\u00f1o Ins\u00edpido|Eruption|p1a: Barriga cervezera\n|-damage|p1a: Barriga cervezera|0 fnt\n|faint|p1a: Barriga cervezera\n|\n|upkeep\n|\n|t:|1700593779\n|switch|p1a: Edgy|Honchkrow, M|100\/100\n|turn|14\n|\n|t:|1700593797\n|move|p2a: Dise\u00f1o Ins\u00edpido|Eruption|p1a: Edgy\n|-damage|p1a: Edgy|0 fnt\n|faint|p1a: Edgy\n|\n|upkeep\n|\n|t:|1700593804\n|switch|p1a: Abeja|Naganadel, shiny|100\/100\n|-damage|p1a: Abeja|88\/100|[from] Stealth Rock\n|turn|15\n|\n|t:|1700593811\n|move|p2a: Dise\u00f1o Ins\u00edpido|Eruption|p1a: Abeja\n|-resisted|p1a: Abeja\n|-damage|p1a: Abeja|15\/100\n|move|p1a: Abeja|Sludge Bomb|p2a: Dise\u00f1o Ins\u00edpido\n|-damage|p2a: Dise\u00f1o Ins\u00edpido|3\/100\n|\n|upkeep\n|turn|16\n|\n|t:|1700593823\n|-end|p2a: Dise\u00f1o Ins\u00edpido|ability: Flash Fire|[silent]\n|switch|p2a: el caracolillo|Sliggoo-Hisui, M, shiny|69\/100\n|move|p1a: Abeja|Sludge Bomb|p2a: el caracolillo\n|-immune|p2a: el caracolillo\n|\n|upkeep\n|turn|17\n|\n|t:|1700593830\n|move|p1a: Abeja|Sludge Bomb|p2a: el caracolillo\n|-immune|p2a: el caracolillo\n|move|p2a: el caracolillo|Flash Cannon|p1a: Abeja\n|-damage|p1a: Abeja|0 fnt\n|faint|p1a: Abeja\n|\n|win|MrLukis\n","uploadtime":1700593838,"views":1,"p1id":"torrente777","p2id":"mrlukis","formatid":"gen9nationaldexubers","rating":0,"private":0,"password":""}