{"id":"gen9nationaldexubers-1980433472","p1":"TheRealMyan","p2":"The N00B Guy","format":"[Gen 9] National Dex Ubers","log":"|j|\u2606TheRealMyan\n|j|\u2606The N00B Guy\n|t:|1698784521\n|gametype|singles\n|player|p1|TheRealMyan|giovanni|1098\n|player|p2|The N00B Guy|nemona-s|1208\n|teamsize|p1|6\n|teamsize|p2|6\n|gen|9\n|tier|[Gen 9] National Dex Ubers\n|rated|\n|rule|HP Percentage Mod: HP is shown in percentages\n|rule|Endless Battle Clause: Forcing endless battles is banned\n|rule|OHKO Clause: OHKO moves are banned\n|rule|Evasion Moves Clause: Evasion moves are banned\n|rule|Evasion Items Clause: Evasion items are banned\n|rule|Species Clause: Limit one of each Pok\u00e9mon\n|rule|Sleep Clause Mod: Limit one foe put to sleep\n|rule|Mega Rayquaza Clause: You cannot mega evolve Rayquaza\n|clearpoke\n|poke|p1|Pheromosa|\n|poke|p1|Urshifu-*, F|\n|poke|p1|Blaziken, M|\n|poke|p1|Primarina, M|\n|poke|p1|Corviknight, M|\n|poke|p1|Chien-Pao|\n|poke|p2|Veluza, M|\n|poke|p2|Whimsicott, M|\n|poke|p2|Annihilape, M|\n|poke|p2|Darmanitan-Galar, M|\n|poke|p2|Reshiram|\n|poke|p2|Pinsir, F|\n|teampreview\n|inactive|Battle timer is ON: inactive players will automatically lose when time's up. (requested by TheRealMyan)\n|\n|t:|1698784532\n|start\n|switch|p1a: Chien-Pao|Chien-Pao|100\/100\n|switch|p2a: Whimsicott|Whimsicott, M|100\/100\n|-ability|p1a: Chien-Pao|Sword of Ruin\n|turn|1\n|\n|t:|1698784552\n|switch|p1a: Pheromosa|Pheromosa, shiny|100\/100\n|move|p2a: Whimsicott|Tailwind|p2a: Whimsicott\n|-sidestart|p2: The N00B Guy|move: Tailwind\n|\n|upkeep\n|turn|2\n|\n|t:|1698784558\n|move|p2a: Whimsicott|Leech Seed|p1a: Pheromosa\n|-start|p1a: Pheromosa|move: Leech Seed\n|move|p1a: Pheromosa|U-turn|p2a: Whimsicott\n|-damage|p2a: Whimsicott|48\/100\n|\n|t:|1698784568\n|switch|p1a: Primarina|Primarina, M, shiny|100\/100|[from] U-turn\n|\n|-heal|p2a: Whimsicott|55\/100|[from] item: Leftovers\n|upkeep\n|turn|3\n|\n|t:|1698784593\n|move|p2a: Whimsicott|Leech Seed|p1a: Primarina\n|-start|p1a: Primarina|move: Leech Seed\n|move|p1a: Primarina|Sparkling Aria|p2a: Whimsicott\n|-resisted|p2a: Whimsicott\n|-damage|p2a: Whimsicott|20\/100\n|\n|-heal|p2a: Whimsicott|26\/100|[from] item: Leftovers\n|-damage|p1a: Primarina|88\/100|[from] Leech Seed|[of] p2a: Whimsicott\n|-heal|p2a: Whimsicott|40\/100|[silent]\n|upkeep\n|turn|4\n|inactive|TheRealMyan has 120 seconds left.\n|\n|t:|1698784614\n|move|p2a: Whimsicott|Encore|p1a: Primarina\n|-start|p1a: Primarina|Encore\n|move|p1a: Primarina|Sparkling Aria|p2a: Whimsicott\n|-resisted|p2a: Whimsicott\n|-damage|p2a: Whimsicott|7\/100\n|\n|-heal|p2a: Whimsicott|13\/100|[from] item: Leftovers\n|-damage|p1a: Primarina|76\/100|[from] Leech Seed|[of] p2a: Whimsicott\n|-heal|p2a: Whimsicott|27\/100|[silent]\n|-sideend|p2: The N00B Guy|move: Tailwind\n|upkeep\n|turn|5\n|inactive|TheRealMyan has 120 seconds left.\n|\n|t:|1698784634\n|switch|p2a: Veluza|Veluza, M, shiny|100\/100\n|switch|p1a: Blaziken|Blaziken, M|100\/100\n|\n|upkeep\n|turn|6\n|inactive|TheRealMyan has 120 seconds left.\n|\n|t:|1698784654\n|switch|p1a: Corviknight|Corviknight, M|100\/100\n|-ability|p1a: Corviknight|Pressure\n|move|p2a: Veluza|Fillet Away|p2a: Veluza\n|-boost|p2a: Veluza|atk|2\n|-boost|p2a: Veluza|spa|2\n|-boost|p2a: Veluza|spe|2\n|-damage|p2a: Veluza|51\/100\n|\n|upkeep\n|turn|7\n|\n|t:|1698784679\n|move|p2a: Veluza|Aqua Cutter|p1a: Corviknight\n|-damage|p1a: Corviknight|49\/100\n|move|p1a: Corviknight|Brave Bird|p2a: Veluza\n|-damage|p2a: Veluza|0 fnt\n|faint|p2a: Veluza\n|-damage|p1a: Corviknight|35\/100|[from] Recoil\n|\n|-heal|p1a: Corviknight|42\/100|[from] item: Leftovers\n|upkeep\n|\n|t:|1698784686\n|switch|p2a: Reshiram|Reshiram|100\/100\n|-ability|p2a: Reshiram|Turboblaze\n|turn|8\n|inactive|TheRealMyan has 90 seconds left.\n|\n|t:|1698784716\n|move|p2a: Reshiram|Will-O-Wisp|p1a: Corviknight|[miss]\n|-miss|p2a: Reshiram|p1a: Corviknight\n|move|p1a: Corviknight|Brave Bird|p2a: Reshiram\n|-damage|p2a: Reshiram|63\/100\n|-damage|p1a: Corviknight|31\/100|[from] Recoil\n|\n|-heal|p1a: Corviknight|37\/100|[from] item: Leftovers\n|upkeep\n|turn|9\n|inactive|TheRealMyan has 90 seconds left.\n|\n|t:|1698784738\n|switch|p1a: Primarina|Primarina, M, shiny|76\/100\n|move|p2a: Reshiram|Blue Flare|p1a: Primarina|[miss]\n|-miss|p2a: Reshiram|p1a: Primarina\n|\n|upkeep\n|turn|10\n|\n|t:|1698784744\n|switch|p2a: Whimsicott|Whimsicott, M|27\/100\n|move|p1a: Primarina|Hidden Power|p2a: Whimsicott\n|-supereffective|p2a: Whimsicott\n|-damage|p2a: Whimsicott|0 fnt\n|faint|p2a: Whimsicott\n|\n|upkeep\n|\n|t:|1698784748\n|switch|p2a: Darmanitan|Darmanitan-Galar, M|100\/100\n|turn|11\n|inactive|TheRealMyan has 90 seconds left.\n|\n|t:|1698784769\n|switch|p1a: Pheromosa|Pheromosa, shiny|100\/100\n|move|p2a: Darmanitan|Icicle Crash|p1a: Pheromosa\n|-damage|p1a: Pheromosa|0 fnt\n|faint|p1a: Pheromosa\n|\n|upkeep\n|\n|t:|1698784780\n|switch|p1a: Blaziken|Blaziken, M|100\/100\n|turn|12\n|\n|t:|1698784786\n|switch|p2a: Reshiram|Reshiram|63\/100\n|-ability|p2a: Reshiram|Turboblaze\n|detailschange|p1a: Blaziken|Blaziken-Mega, M\n|-mega|p1a: Blaziken|Blaziken|Blazikenite\n|move|p1a: Blaziken|Flare Blitz|p2a: Reshiram\n|-resisted|p2a: Reshiram\n|-damage|p2a: Reshiram|42\/100\n|-damage|p1a: Blaziken|93\/100|[from] Recoil\n|\n|-ability|p1a: Blaziken|Speed Boost|boost\n|-boost|p1a: Blaziken|spe|1\n|upkeep\n|turn|13\n|\n|t:|1698784805\n|move|p1a: Blaziken|Protect|p1a: Blaziken\n|-singleturn|p1a: Blaziken|Protect\n|move|p2a: Reshiram|Scorching Sands|p1a: Blaziken\n|-activate|p1a: Blaziken|move: Protect\n|\n|-ability|p1a: Blaziken|Speed Boost|boost\n|-boost|p1a: Blaziken|spe|1\n|upkeep\n|turn|14\n|\n|t:|1698784816\n|switch|p1a: Urshifu|Urshifu-Rapid-Strike, F|100\/100\n|move|p2a: Reshiram|Blue Flare|p1a: Urshifu\n|-resisted|p1a: Urshifu\n|-damage|p1a: Urshifu|23\/100\n|-damage|p2a: Reshiram|32\/100|[from] item: Life Orb\n|\n|upkeep\n|turn|15\n|\n|t:|1698784826\n|move|p1a: Urshifu|Surging Strikes|p2a: Reshiram\n|-crit|p2a: Reshiram\n|-damage|p2a: Reshiram|5\/100\n|-crit|p2a: Reshiram\n|-damage|p2a: Reshiram|0 fnt\n|faint|p2a: Reshiram\n|-hitcount|p2: Reshiram|2\n|\n|upkeep\n|\n|t:|1698784830\n|switch|p2a: Pinsir|Pinsir, F|100\/100\n|turn|16\n|\n|t:|1698784841\n|detailschange|p2a: Pinsir|Pinsir-Mega, F\n|-mega|p2a: Pinsir|Pinsir|Pinsirite\n|move|p2a: Pinsir|Double-Edge|p1a: Urshifu\n|-supereffective|p1a: Urshifu\n|-damage|p1a: Urshifu|0 fnt\n|faint|p1a: Urshifu\n|-damage|p2a: Pinsir|91\/100|[from] Recoil\n|\n|upkeep\n|\n|t:|1698784858\n|switch|p1a: Chien-Pao|Chien-Pao|100\/100\n|-ability|p1a: Chien-Pao|Sword of Ruin\n|turn|17\n|\n|t:|1698784871\n|switch|p2a: Annihilape|Annihilape, M|100\/100\n|-terastallize|p1a: Chien-Pao|Ice\n|move|p1a: Chien-Pao|Sacred Sword|p2a: Annihilape\n|-immune|p2a: Annihilape\n|\n|upkeep\n|turn|18\n|\n|t:|1698784882\n|move|p1a: Chien-Pao|Icicle Crash|p2a: Annihilape\n|-damage|p2a: Annihilape|34\/100\n|move|p2a: Annihilape|Bulk Up|p2a: Annihilape\n|-boost|p2a: Annihilape|atk|1\n|-boost|p2a: Annihilape|def|1\n|\n|-heal|p2a: Annihilape|40\/100|[from] item: Leftovers\n|upkeep\n|turn|19\n|\n|t:|1698784891\n|move|p1a: Chien-Pao|Icicle Crash|p2a: Annihilape\n|-damage|p2a: Annihilape|0 fnt\n|faint|p2a: Annihilape\n|\n|upkeep\n|\n|t:|1698784894\n|switch|p2a: Darmanitan|Darmanitan-Galar, M|100\/100\n|turn|20\n|inactive|TheRealMyan has 90 seconds left.\n|\n|t:|1698784904\n|switch|p1a: Blaziken|Blaziken-Mega, M|93\/100\n|move|p2a: Darmanitan|Flare Blitz|p1a: Blaziken\n|-resisted|p1a: Blaziken\n|-damage|p1a: Blaziken|51\/100\n|-damage|p2a: Darmanitan|89\/100|[from] Recoil\n|\n|upkeep\n|turn|21\n|inactive|TheRealMyan has 90 seconds left.\n|\n|t:|1698784913\n|move|p2a: Darmanitan|Flare Blitz|p1a: Blaziken\n|-resisted|p1a: Blaziken\n|-damage|p1a: Blaziken|5\/100\n|-damage|p2a: Darmanitan|75\/100|[from] Recoil\n|move|p1a: Blaziken|Flare Blitz|p2a: Darmanitan\n|-supereffective|p2a: Darmanitan\n|-damage|p2a: Darmanitan|0 fnt\n|faint|p2a: Darmanitan\n|-damage|p1a: Blaziken|0 fnt|[from] Recoil\n|faint|p1a: Blaziken\n|\n|upkeep\n|inactive|TheRealMyan has 90 seconds left.\n|\n|t:|1698784927\n|switch|p2a: Pinsir|Pinsir-Mega, F|91\/100\n|switch|p1a: Corviknight|Corviknight, M|37\/100\n|-ability|p1a: Corviknight|Pressure\n|turn|22\n|inactive|TheRealMyan has 90 seconds left.\n|\n|t:|1698784948\n|move|p2a: Pinsir|Bulk Up|p2a: Pinsir\n|-boost|p2a: Pinsir|atk|1\n|-boost|p2a: Pinsir|def|1\n|move|p1a: Corviknight|Defog|p2a: Pinsir\n|-unboost|p2a: Pinsir|evasion|1\n|\n|-heal|p1a: Corviknight|43\/100|[from] item: Leftovers\n|upkeep\n|turn|23\n|\n|t:|1698784958\n|move|p2a: Pinsir|Bulk Up|p2a: Pinsir\n|-boost|p2a: Pinsir|atk|1\n|-boost|p2a: Pinsir|def|1\n|move|p1a: Corviknight|Brave Bird|p2a: Pinsir\n|-supereffective|p2a: Pinsir\n|-damage|p2a: Pinsir|54\/100\n|-damage|p1a: Corviknight|35\/100|[from] Recoil\n|\n|-heal|p1a: Corviknight|41\/100|[from] item: Leftovers\n|upkeep\n|turn|24\n|\n|t:|1698784969\n|move|p2a: Pinsir|Close Combat|p1a: Corviknight\n|-damage|p1a: Corviknight|0 fnt\n|-unboost|p2a: Pinsir|def|1\n|-unboost|p2a: Pinsir|spd|1\n|faint|p1a: Corviknight\n|\n|upkeep\n|\n|t:|1698784976\n|switch|p1a: Chien-Pao|Chien-Pao, tera:Ice|100\/100\n|-ability|p1a: Chien-Pao|Sword of Ruin\n|turn|25\n|\n|t:|1698784990\n|move|p1a: Chien-Pao|Icicle Crash|p2a: Pinsir\n|-supereffective|p2a: Pinsir\n|-damage|p2a: Pinsir|0 fnt\n|faint|p2a: Pinsir\n|\n|win|TheRealMyan\n|raw|TheRealMyan's rating: 1098 &rarr; <strong>1131<\/strong><br \/>(+33 for winning)\n|raw|The N00B Guy's rating: 1208 &rarr; <strong>1175<\/strong><br \/>(-33 for losing)\n|l|\u2606The N00B Guy\n","uploadtime":1698784998,"views":10,"p1id":"therealmyan","p2id":"then00bguy","formatid":"gen9nationaldexubers","rating":1131,"private":0,"password":""}