{"id":"gen9nationaldexubers-1995305908","p1":"Hussumon2","p2":"Ginesect","format":"[Gen 9] National Dex Ubers","log":"|j|\u2606Hussumon2\n|j|\u2606Ginesect\n|t:|1700550576\n|gametype|singles\n|player|p1|Hussumon2|palmer|\n|player|p2|Ginesect|cynthia|\n|teamsize|p1|6\n|teamsize|p2|6\n|gen|9\n|tier|[Gen 9] National Dex Ubers\n|rule|HP Percentage Mod: HP is shown in percentages\n|rule|Endless Battle Clause: Forcing endless battles is banned\n|rule|OHKO Clause: OHKO moves are banned\n|rule|Evasion Moves Clause: Evasion moves are banned\n|rule|Evasion Items Clause: Evasion items are banned\n|rule|Species Clause: Limit one of each Pok\u00e9mon\n|rule|Sleep Clause Mod: Limit one foe put to sleep\n|rule|Mega Rayquaza Clause: You cannot mega evolve Rayquaza\n|clearpoke\n|poke|p1|Annihilape, F|\n|poke|p1|Iron Bundle|\n|poke|p1|Gliscor, F|\n|poke|p1|Tapu Koko|\n|poke|p1|Ferrothorn, F|\n|poke|p1|Moltres|\n|poke|p2|Ninetales-Alola, M|\n|poke|p2|Baxcalibur, M|\n|poke|p2|Iron Bundle|\n|poke|p2|Weavile, M|\n|poke|p2|Arctozolt|\n|poke|p2|Moltres|\n|teampreview\n|inactive|Battle timer is ON: inactive players will automatically lose when time's up. (requested by Hussumon2)\n|c|\u2606Hussumon2|You can post live link\n|\n|t:|1700550601\n|start\n|switch|p1a: Ferrothorn|Ferrothorn, F|100\/100\n|switch|p2a: Iron Bundle|Iron Bundle|100\/100\n|turn|1\n|\n|t:|1700550615\n|-end|p2a: Iron Bundle|Quark Drive|[silent]\n|switch|p2a: Moltres|Moltres|100\/100\n|move|p1a: Ferrothorn|Gyro Ball|p2a: Moltres\n|-resisted|p2a: Moltres\n|-damage|p2a: Moltres|81\/100\n|\n|upkeep\n|turn|2\n|\n|t:|1700550625\n|switch|p1a: Gliscor|Gliscor, F|100\/100\n|move|p2a: Moltres|Fire Blast|p1a: Gliscor\n|-crit|p1a: Gliscor\n|-damage|p1a: Gliscor|32\/100\n|\n|-status|p1a: Gliscor|tox|[from] item: Toxic Orb\n|upkeep\n|turn|3\n|\n|t:|1700550631\n|move|p1a: Gliscor|Protect|p1a: Gliscor\n|-singleturn|p1a: Gliscor|Protect\n|move|p2a: Moltres|Hurricane|p1a: Gliscor\n|-activate|p1a: Gliscor|move: Protect\n|\n|-heal|p1a: Gliscor|45\/100 tox|[from] ability: Poison Heal\n|upkeep\n|turn|4\n|\n|t:|1700550637\n|switch|p1a: Moltres|Moltres|100\/100\n|-ability|p1a: Moltres|Pressure\n|move|p2a: Moltres|Hurricane|p1a: Moltres|[miss]\n|-miss|p2a: Moltres|p1a: Moltres\n|\n|upkeep\n|turn|5\n|\n|t:|1700550647\n|move|p1a: Moltres|Hurricane|p2a: Moltres\n|-damage|p2a: Moltres|41\/100\n|move|p2a: Moltres|Hurricane|p1a: Moltres\n|-damage|p1a: Moltres|62\/100\n|-start|p1a: Moltres|confusion\n|\n|upkeep\n|turn|6\n|\n|t:|1700550654\n|-activate|p1a: Moltres|confusion\n|move|p1a: Moltres|Hurricane|p2a: Moltres\n|-damage|p2a: Moltres|0 fnt\n|faint|p2a: Moltres\n|\n|upkeep\n|c|\u2606Ginesect|Insane\n|c|\u2606Hussumon2|I am so lucky\n|\n|t:|1700550671\n|switch|p2a: Iron Bundle|Iron Bundle|100\/100\n|turn|7\n|\n|t:|1700550679\n|move|p2a: Iron Bundle|U-turn|p1a: Moltres\n|-resisted|p1a: Moltres\n|-damage|p1a: Moltres|59\/100\n|\n|t:|1700550682\n|-end|p2a: Iron Bundle|Quark Drive|[silent]\n|switch|p2a: Ninetales|Ninetales-Alola, M|100\/100|[from] U-turn\n|-weather|Snow|[from] ability: Snow Warning|[of] p2a: Ninetales\n|-activate|p1a: Moltres|confusion\n|-damage|p1a: Moltres|50\/100|[from] confusion\n|\n|-weather|Snow|[upkeep]\n|upkeep\n|turn|8\n|\n|t:|1700550689\n|move|p2a: Ninetales|Aurora Veil|p2a: Ninetales\n|-sidestart|p2: Ginesect|move: Aurora Veil\n|-activate|p1a: Moltres|confusion\n|move|p1a: Moltres|Roost|p1a: Moltres\n|-heal|p1a: Moltres|100\/100\n|-singleturn|p1a: Moltres|move: Roost\n|\n|-weather|Snow|[upkeep]\n|upkeep\n|turn|9\n|\n|t:|1700550694\n|move|p2a: Ninetales|Encore|p1a: Moltres\n|-start|p1a: Moltres|Encore\n|-end|p1a: Moltres|confusion\n|move|p1a: Moltres|Roost||[still]\n|-fail|p1a: Moltres|heal\n|\n|-weather|Snow|[upkeep]\n|upkeep\n|turn|10\n|j| dreepy airlines\n|\n|t:|1700550699\n|switch|p2a: Baxcalibur|Baxcalibur, M|100\/100\n|switch|p1a: Ferrothorn|Ferrothorn, F|100\/100\n|\n|-weather|Snow|[upkeep]\n|upkeep\n|turn|11\n|c|\u2606Ginesect|Ah yes this thing\n|c| dreepy airlines|ape just 8-0s\n|\n|t:|1700550724\n|switch|p2a: Weavile|Weavile, M|100\/100\n|-ability|p2a: Weavile|Pressure\n|move|p1a: Ferrothorn|Knock Off|p2a: Weavile\n|-resisted|p2a: Weavile\n|-damage|p2a: Weavile|95\/100\n|-enditem|p2a: Weavile|Focus Sash|[from] move: Knock Off|[of] p1a: Ferrothorn\n|\n|-weather|none\n|upkeep\n|turn|12\n|\n|t:|1700550729\n|move|p2a: Weavile|Swords Dance|p2a: Weavile\n|-boost|p2a: Weavile|atk|2\n|move|p1a: Ferrothorn|Gyro Ball|p2a: Weavile\n|-supereffective|p2a: Weavile\n|-damage|p2a: Weavile|15\/100\n|\n|-sideend|p2: Ginesect|move: Aurora Veil\n|upkeep\n|turn|13\n|c| dreepy airlines|theres no losing this mu\n|\n|t:|1700550735\n|move|p2a: Weavile|Low Kick|p1a: Ferrothorn\n|-supereffective|p1a: Ferrothorn\n|-damage|p1a: Ferrothorn|24\/100\n|-damage|p2a: Weavile|3\/100|[from] ability: Iron Barbs|[of] p1a: Ferrothorn\n|-damage|p2a: Weavile|0 fnt|[from] item: Rocky Helmet|[of] p1a: Ferrothorn\n|faint|p2a: Weavile\n|move|p1a: Ferrothorn|Gyro Ball|p2: Weavile|[notarget]\n|-fail|p1a: Ferrothorn\n|\n|upkeep\n|\n|t:|1700550742\n|switch|p2a: Ninetales|Ninetales-Alola, M|100\/100\n|-weather|Snow|[from] ability: Snow Warning|[of] p2a: Ninetales\n|turn|14\n|\n|t:|1700550746\n|move|p2a: Ninetales|Blizzard|p1a: Ferrothorn\n|-damage|p1a: Ferrothorn|0 fnt\n|faint|p1a: Ferrothorn\n|\n|-weather|Snow|[upkeep]\n|upkeep\n|c| dreepy airlines|well assuming spd ape\n|c| dreepy airlines|which is best set\n|\n|t:|1700550756\n|switch|p1a: Tapu Koko|Tapu Koko|100\/100\n|-fieldstart|move: Electric Terrain|[from] ability: Electric Surge|[of] p1a: Tapu Koko\n|turn|15\n|c| dreepy airlines|cause i see people running 252+ atk\n|c| dreepy airlines|which just isnt it\n|inactive|Ginesect has 270 seconds left.\n|\n|t:|1700550810\n|move|p1a: Tapu Koko|Volt Switch|p2a: Ninetales\n|-damage|p2a: Ninetales|55\/100\n|\n|t:|1700550814\n|switch|p1a: Moltres|Moltres|100\/100|[from] Volt Switch\n|-ability|p1a: Moltres|Pressure\n|move|p2a: Ninetales|Aurora Veil|p2a: Ninetales\n|-sidestart|p2: Ginesect|move: Aurora Veil\n|\n|-weather|Snow|[upkeep]\n|-heal|p2a: Ninetales|62\/100|[from] item: Leftovers\n|upkeep\n|turn|16\n|\n|t:|1700550823\n|switch|p2a: Iron Bundle|Iron Bundle|100\/100\n|-activate|p2a: Iron Bundle|ability: Quark Drive\n|-start|p2a: Iron Bundle|quarkdrivespe\n|move|p1a: Moltres|Flamethrower|p2a: Iron Bundle\n|-damage|p2a: Iron Bundle|63\/100\n|\n|-weather|Snow|[upkeep]\n|upkeep\n|turn|17\n|\n|t:|1700550830\n|move|p2a: Iron Bundle|Hydro Pump|p1a: Moltres\n|-supereffective|p1a: Moltres\n|-damage|p1a: Moltres|16\/100\n|move|p1a: Moltres|Flamethrower|p2a: Iron Bundle\n|-damage|p2a: Iron Bundle|28\/100\n|\n|-weather|Snow|[upkeep]\n|upkeep\n|turn|18\n|inactive|Ginesect has 270 seconds left.\n|\n|t:|1700550847\n|move|p2a: Iron Bundle|Freeze-Dry|p1a: Moltres\n|-damage|p1a: Moltres|0 fnt\n|faint|p1a: Moltres\n|\n|-weather|none\n|upkeep\n|\n|t:|1700550856\n|switch|p1a: Annihilape|Annihilape, F|100\/100\n|turn|19\n|\n|t:|1700550864\n|-end|p2a: Iron Bundle|Quark Drive|[silent]\n|switch|p2a: Ninetales|Ninetales-Alola, M|62\/100\n|-weather|Snow|[from] ability: Snow Warning|[of] p2a: Ninetales\n|move|p1a: Annihilape|Bulk Up|p1a: Annihilape\n|-boost|p1a: Annihilape|atk|1\n|-boost|p1a: Annihilape|def|1\n|\n|-weather|Snow|[upkeep]\n|-heal|p2a: Ninetales|68\/100|[from] item: Leftovers\n|-sideend|p2: Ginesect|move: Aurora Veil\n|-fieldend|move: Electric Terrain\n|upkeep\n|turn|20\n|\n|t:|1700550872\n|move|p2a: Ninetales|Encore|p1a: Annihilape\n|-start|p1a: Annihilape|Encore\n|move|p1a: Annihilape|Bulk Up|p1a: Annihilape\n|-boost|p1a: Annihilape|atk|1\n|-boost|p1a: Annihilape|def|1\n|\n|-weather|Snow|[upkeep]\n|-heal|p2a: Ninetales|74\/100|[from] item: Leftovers\n|upkeep\n|turn|21\n|inactive|Ginesect has 270 seconds left.\n|\n|t:|1700550901\n|move|p2a: Ninetales|Aurora Veil|p2a: Ninetales\n|-sidestart|p2: Ginesect|move: Aurora Veil\n|move|p1a: Annihilape|Bulk Up|p1a: Annihilape\n|-boost|p1a: Annihilape|atk|1\n|-boost|p1a: Annihilape|def|1\n|\n|-weather|Snow|[upkeep]\n|-heal|p2a: Ninetales|80\/100|[from] item: Leftovers\n|upkeep\n|turn|22\n|\n|t:|1700550904\n|move|p2a: Ninetales|Moonblast|p1a: Annihilape\n|-supereffective|p1a: Annihilape\n|-damage|p1a: Annihilape|58\/100\n|-unboost|p1a: Annihilape|spa|1\n|-ability|p1a: Annihilape|Defiant|boost\n|-boost|p1a: Annihilape|atk|2\n|move|p1a: Annihilape|Bulk Up|p1a: Annihilape\n|-boost|p1a: Annihilape|atk|1\n|-boost|p1a: Annihilape|def|1\n|\n|-weather|Snow|[upkeep]\n|-heal|p2a: Ninetales|87\/100|[from] item: Leftovers\n|-heal|p1a: Annihilape|64\/100|[from] item: Leftovers\n|-end|p1a: Annihilape|Encore\n|upkeep\n|turn|23\n|\n|t:|1700550910\n|move|p2a: Ninetales|Encore|p1a: Annihilape\n|-start|p1a: Annihilape|Encore\n|move|p1a: Annihilape|Bulk Up|p1a: Annihilape\n|-boost|p1a: Annihilape|atk|0\n|-boost|p1a: Annihilape|def|1\n|\n|-weather|none\n|-heal|p2a: Ninetales|93\/100|[from] item: Leftovers\n|-heal|p1a: Annihilape|70\/100|[from] item: Leftovers\n|upkeep\n|turn|24\n|\n|t:|1700550914\n|switch|p1a: Iron Bundle|Iron Bundle|100\/100\n|move|p2a: Ninetales|Moonblast|p1a: Iron Bundle\n|-damage|p1a: Iron Bundle|28\/100\n|\n|-heal|p2a: Ninetales|99\/100|[from] item: Leftovers\n|upkeep\n|turn|25\n|\n|t:|1700550919\n|move|p1a: Iron Bundle|Flip Turn|p2a: Ninetales\n|-damage|p2a: Ninetales|88\/100\n|\n|t:|1700550922\n|-end|p1a: Iron Bundle|Quark Drive|[silent]\n|switch|p1a: Tapu Koko|Tapu Koko|100\/100|[from] Flip Turn\n|-fieldstart|move: Electric Terrain|[from] ability: Electric Surge|[of] p1a: Tapu Koko\n|move|p2a: Ninetales|Moonblast|p1a: Tapu Koko\n|-damage|p1a: Tapu Koko|42\/100\n|\n|-heal|p2a: Ninetales|95\/100|[from] item: Leftovers\n|-sideend|p2: Ginesect|move: Aurora Veil\n|upkeep\n|turn|26\n|\n|t:|1700550929\n|move|p1a: Tapu Koko|Roost|p1a: Tapu Koko\n|-heal|p1a: Tapu Koko|93\/100\n|-singleturn|p1a: Tapu Koko|move: Roost\n|move|p2a: Ninetales|Aurora Veil||[still]\n|-fail|p2a: Ninetales\n|\n|-heal|p2a: Ninetales|100\/100|[from] item: Leftovers\n|upkeep\n|turn|27\n|c|\u2606Ginesect|Oh wait\n|c|\u2606Ginesect|I forgot\n|c|\u2606Ginesect|Lmao\n|\n|t:|1700550945\n|move|p1a: Tapu Koko|Volt Switch|p2a: Ninetales\n|-damage|p2a: Ninetales|57\/100\n|\n|t:|1700550953\n|switch|p1a: Gliscor|Gliscor, F|45\/100 tox|[from] Volt Switch\n|move|p2a: Ninetales|Moonblast|p1a: Gliscor\n|-damage|p1a: Gliscor|8\/100 tox\n|\n|-heal|p2a: Ninetales|64\/100|[from] item: Leftovers\n|-heal|p1a: Gliscor|20\/100 tox|[from] ability: Poison Heal\n|upkeep\n|turn|28\n|\n|t:|1700550959\n|move|p1a: Gliscor|Protect|p1a: Gliscor\n|-singleturn|p1a: Gliscor|Protect\n|move|p2a: Ninetales|Moonblast|p1a: Gliscor\n|-activate|p1a: Gliscor|move: Protect\n|\n|-heal|p2a: Ninetales|70\/100|[from] item: Leftovers\n|-heal|p1a: Gliscor|32\/100 tox|[from] ability: Poison Heal\n|upkeep\n|turn|29\n|\n|t:|1700550977\n|move|p2a: Ninetales|Moonblast|p1a: Gliscor\n|-damage|p1a: Gliscor|0 fnt\n|faint|p1a: Gliscor\n|\n|-heal|p2a: Ninetales|76\/100|[from] item: Leftovers\n|-fieldend|move: Electric Terrain\n|upkeep\n|\n|t:|1700550984\n|switch|p1a: Tapu Koko|Tapu Koko|93\/100\n|-fieldstart|move: Electric Terrain|[from] ability: Electric Surge|[of] p1a: Tapu Koko\n|turn|30\n|inactive|Ginesect has 270 seconds left.\n|\n|t:|1700551029\n|switch|p2a: Iron Bundle|Iron Bundle|28\/100\n|-activate|p2a: Iron Bundle|ability: Quark Drive\n|-start|p2a: Iron Bundle|quarkdrivespe\n|move|p1a: Tapu Koko|Dazzling Gleam|p2a: Iron Bundle\n|-damage|p2a: Iron Bundle|0 fnt\n|faint|p2a: Iron Bundle\n|-end|p2a: Iron Bundle|Quark Drive|[silent]\n|\n|upkeep\n|\n|t:|1700551043\n|switch|p2a: Ninetales|Ninetales-Alola, M|76\/100\n|-weather|Snow|[from] ability: Snow Warning|[of] p2a: Ninetales\n|turn|31\n|\n|t:|1700551052\n|move|p1a: Tapu Koko|Dazzling Gleam|p2a: Ninetales\n|-damage|p2a: Ninetales|36\/100\n|move|p2a: Ninetales|Aurora Veil|p2a: Ninetales\n|-sidestart|p2: Ginesect|move: Aurora Veil\n|\n|-weather|Snow|[upkeep]\n|-heal|p2a: Ninetales|42\/100|[from] item: Leftovers\n|upkeep\n|turn|32\n|\n|t:|1700551060\n|move|p1a: Tapu Koko|Dazzling Gleam|p2a: Ninetales\n|-damage|p2a: Ninetales|22\/100\n|move|p2a: Ninetales|Moonblast|p1a: Tapu Koko\n|-damage|p1a: Tapu Koko|36\/100\n|-unboost|p1a: Tapu Koko|spa|1\n|\n|-weather|Snow|[upkeep]\n|-heal|p2a: Ninetales|28\/100|[from] item: Leftovers\n|upkeep\n|turn|33\n|inactive|Ginesect has 270 seconds left.\n|\n|t:|1700551073\n|-terastallize|p1a: Tapu Koko|Electric\n|move|p1a: Tapu Koko|Volt Switch|p2a: Ninetales\n|-damage|p2a: Ninetales|8\/100\n|\n|t:|1700551077\n|switch|p1a: Iron Bundle|Iron Bundle|28\/100|[from] Volt Switch\n|-activate|p1a: Iron Bundle|ability: Quark Drive\n|-start|p1a: Iron Bundle|quarkdrivespe\n|move|p2a: Ninetales|Moonblast|p1a: Iron Bundle\n|-damage|p1a: Iron Bundle|0 fnt\n|faint|p1a: Iron Bundle\n|-end|p1a: Iron Bundle|Quark Drive|[silent]\n|\n|-weather|Snow|[upkeep]\n|-heal|p2a: Ninetales|14\/100|[from] item: Leftovers\n|upkeep\n|\n|t:|1700551080\n|switch|p1a: Tapu Koko|Tapu Koko, tera:Electric|36\/100\n|turn|34\n|inactive|Ginesect has 270 seconds left.\n|c|\u2606Hussumon2|I am so fucking bad lmao\n|\n|t:|1700551126\n|switch|p2a: Arctozolt|Arctozolt|100\/100\n|move|p1a: Tapu Koko|Volt Switch|p2a: Arctozolt\n|-resisted|p2a: Arctozolt\n|-damage|p2a: Arctozolt|85\/100\n|\n|t:|1700551132\n|switch|p1a: Annihilape|Annihilape, F|70\/100|[from] Volt Switch\n|\n|-weather|Snow|[upkeep]\n|-heal|p1a: Annihilape|76\/100|[from] item: Leftovers\n|-fieldend|move: Electric Terrain\n|upkeep\n|turn|35\n|\n|t:|1700551144\n|switch|p1a: Tapu Koko|Tapu Koko, tera:Electric|36\/100\n|-fieldstart|move: Electric Terrain|[from] ability: Electric Surge|[of] p1a: Tapu Koko\n|-terastallize|p2a: Arctozolt|Electric\n|move|p2a: Arctozolt|Bolt Beak|p1a: Tapu Koko\n|-resisted|p1a: Tapu Koko\n|-damage|p1a: Tapu Koko|0 fnt\n|faint|p1a: Tapu Koko\n|\n|-weather|none\n|-sideend|p2: Ginesect|move: Aurora Veil\n|upkeep\n|\n|t:|1700551146\n|switch|p1a: Annihilape|Annihilape, F|76\/100\n|turn|36\n|c|\u2606Ginesect|gg\n|\n|t:|1700551158\n|move|p1a: Annihilape|Bulk Up|p1a: Annihilape\n|-boost|p1a: Annihilape|atk|1\n|-boost|p1a: Annihilape|def|1\n|move|p2a: Arctozolt|Bolt Beak|p1a: Annihilape\n|-damage|p1a: Annihilape|7\/100\n|\n|-heal|p1a: Annihilape|13\/100|[from] item: Leftovers\n|upkeep\n|turn|37\n|\n|t:|1700551164\n|move|p1a: Annihilape|Drain Punch|p2a: Arctozolt\n|-damage|p2a: Arctozolt|38\/100\n|-heal|p1a: Annihilape|31\/100|[from] drain|[of] p2a: Arctozolt\n|move|p2a: Arctozolt|Bolt Beak|p1a: Annihilape\n|-damage|p1a: Annihilape|0 fnt\n|faint|p1a: Annihilape\n|\n|win|Ginesect\n|l|\u2606Hussumon2\n|l| dreepy airlines\n|j| dreepy airlines\n|l| dreepy airlines\n|j| dreepy airlines\n","uploadtime":1700551179,"views":11,"p1id":"hussumon2","p2id":"ginesect","formatid":"gen9nationaldexubers","rating":0,"private":0,"password":""}