{"id":"gen9nationaldexubers-1994076373","p1":"Smoukingrad","p2":"Gatubraz","format":"[Gen 9] National Dex Ubers","log":"|j|\u2606Smoukingrad\n|j|\u2606Gatubraz\n|t:|1700403764\n|gametype|singles\n|player|p1|Smoukingrad|kimonogirl|\n|player|p2|Gatubraz|sailor|\n|teamsize|p1|6\n|teamsize|p2|6\n|gen|9\n|tier|[Gen 9] National Dex Ubers\n|rule|HP Percentage Mod: HP is shown in percentages\n|rule|Endless Battle Clause: Forcing endless battles is banned\n|rule|OHKO Clause: OHKO moves are banned\n|rule|Evasion Moves Clause: Evasion moves are banned\n|rule|Evasion Items Clause: Evasion items are banned\n|rule|Species Clause: Limit one of each Pok\u00e9mon\n|rule|Sleep Clause Mod: Limit one foe put to sleep\n|rule|Mega Rayquaza Clause: You cannot mega evolve Rayquaza\n|clearpoke\n|poke|p1|Marshadow|\n|poke|p1|Arceus-Ground|\n|poke|p1|Groudon|\n|poke|p1|Ho-Oh|\n|poke|p1|Salamence, M|\n|poke|p1|Flutter Mane|\n|poke|p2|Shaymin-Sky|\n|poke|p2|Necrozma-Dusk-Mane|\n|poke|p2|Groudon|\n|poke|p2|Yveltal|\n|poke|p2|Rayquaza|\n|poke|p2|Marshadow|\n|teampreview\n|c|\u2606Gatubraz|\/log Gatubraz made this room public.\n|j| Yoddle Yoddle\n|c| Yoddle Yoddle|D\u00e9testable\n|l| Yoddle Yoddle\n|j| MP555\n|j| Yoddle Yoddle\n|\n|t:|1700403824\n|start\n|switch|p1a: DeusExCeus|Arceus-Ground|100\/100\n|switch|p2a: LE SUPER SOLEIL|Groudon|100\/100\n|detailschange|p2a: LE SUPER SOLEIL|Groudon-Primal\n|-primal|p2a: LE SUPER SOLEIL|Red Orb\n|-weather|DesolateLand|[from] ability: Desolate Land|[of] p2a: LE SUPER SOLEIL\n|turn|1\n|c| MP555|Gatubraz ecrase le !\n|\n|t:|1700403848\n|-weather|none\n|switch|p2a: 60%|Shaymin-Sky|100\/100\n|move|p1a: DeusExCeus|Toxic|p2a: 60%\n|-status|p2a: 60%|tox\n|\n|-damage|p2a: 60%|94\/100 tox|[from] psn\n|upkeep\n|turn|2\n|\n|t:|1700403860\n|switch|p1a: Oh-Ho|Ho-Oh|100\/100\n|move|p2a: 60%|Air Slash|p1a: Oh-Ho|[miss]\n|-miss|p2a: 60%|p1a: Oh-Ho\n|\n|-damage|p2a: 60%|82\/100 tox|[from] psn\n|upkeep\n|turn|3\n|c| MP555|Mais gatu fallais etre meilleur\n|\n|t:|1700403878\n|switch|p2a: Le G le S en Y|Yveltal|100\/100\n|-ability|p2a: Le G le S en Y|Dark Aura\n|move|p1a: Oh-Ho|Toxic|p2a: Le G le S en Y\n|-status|p2a: Le G le S en Y|tox\n|\n|-damage|p2a: Le G le S en Y|94\/100 tox|[from] psn\n|upkeep\n|turn|4\n|\n|t:|1700403894\n|switch|p1a: DeusExCeus|Arceus-Ground|100\/100\n|move|p2a: Le G le S en Y|U-turn|p1a: DeusExCeus\n|-damage|p1a: DeusExCeus|90\/100\n|\n|t:|1700403925\n|switch|p2a: Rayquazahef|Rayquaza|100\/100|[from] U-turn\n|-ability|p2a: Rayquazahef|Air Lock\n|\n|upkeep\n|turn|5\n|\n|t:|1700403939\n|switch|p2a: Soleil Noir|Necrozma-Dusk-Mane|100\/100\n|move|p1a: DeusExCeus|Ice Beam|p2a: Soleil Noir\n|-resisted|p2a: Soleil Noir\n|-damage|p2a: Soleil Noir|92\/100\n|\n|-heal|p2a: Soleil Noir|98\/100|[from] item: Leftovers\n|upkeep\n|turn|6\n|\n|t:|1700403957\n|move|p1a: DeusExCeus|Judgment|p2a: Soleil Noir\n|-supereffective|p2a: Soleil Noir\n|-damage|p2a: Soleil Noir|47\/100\n|move|p2a: Soleil Noir|Toxic|p1a: DeusExCeus\n|-status|p1a: DeusExCeus|tox\n|\n|-heal|p2a: Soleil Noir|53\/100|[from] item: Leftovers\n|-damage|p1a: DeusExCeus|84\/100 tox|[from] psn\n|upkeep\n|turn|7\n|\n|t:|1700403968\n|switch|p2a: Le G le S en Y|Yveltal|94\/100 tox\n|-ability|p2a: Le G le S en Y|Dark Aura\n|move|p1a: DeusExCeus|Judgment|p2a: Le G le S en Y\n|-immune|p2a: Le G le S en Y\n|\n|-damage|p2a: Le G le S en Y|88\/100 tox|[from] psn\n|-damage|p1a: DeusExCeus|71\/100 tox|[from] psn\n|upkeep\n|turn|8\n|\n|t:|1700403977\n|move|p2a: Le G le S en Y|Knock Off|p1a: DeusExCeus\n|-damage|p1a: DeusExCeus|50\/100 tox\n|move|p1a: DeusExCeus|Ice Beam|p2a: Le G le S en Y\n|-supereffective|p2a: Le G le S en Y\n|-crit|p2a: Le G le S en Y\n|-damage|p2a: Le G le S en Y|35\/100 tox\n|\n|-damage|p2a: Le G le S en Y|22\/100 tox|[from] psn\n|-damage|p1a: DeusExCeus|32\/100 tox|[from] psn\n|upkeep\n|turn|9\n|\n|t:|1700403985\n|move|p2a: Le G le S en Y|Roost|p2a: Le G le S en Y\n|-heal|p2a: Le G le S en Y|72\/100 tox\n|-singleturn|p2a: Le G le S en Y|move: Roost\n|move|p1a: DeusExCeus|Recover|p1a: DeusExCeus\n|-heal|p1a: DeusExCeus|82\/100 tox\n|\n|-damage|p2a: Le G le S en Y|54\/100 tox|[from] psn\n|-damage|p1a: DeusExCeus|58\/100 tox|[from] psn\n|upkeep\n|turn|10\n|\n|t:|1700403989\n|move|p2a: Le G le S en Y|U-turn|p1a: DeusExCeus\n|-damage|p1a: DeusExCeus|47\/100 tox\n|\n|t:|1700403993\n|switch|p2a: Soleil Noir|Necrozma-Dusk-Mane|53\/100|[from] U-turn\n|move|p1a: DeusExCeus|Recover|p1a: DeusExCeus\n|-heal|p1a: DeusExCeus|97\/100 tox\n|\n|-heal|p2a: Soleil Noir|59\/100|[from] item: Leftovers\n|-damage|p1a: DeusExCeus|66\/100 tox|[from] psn\n|upkeep\n|turn|11\n|\n|t:|1700403999\n|move|p1a: DeusExCeus|Judgment|p2a: Soleil Noir\n|-supereffective|p2a: Soleil Noir\n|-damage|p2a: Soleil Noir|6\/100\n|move|p2a: Soleil Noir|Morning Sun|p2a: Soleil Noir\n|-heal|p2a: Soleil Noir|56\/100\n|\n|-heal|p2a: Soleil Noir|62\/100|[from] item: Leftovers\n|-damage|p1a: DeusExCeus|30\/100 tox|[from] psn\n|upkeep\n|turn|12\n|\n|t:|1700404005\n|move|p1a: DeusExCeus|Judgment|p2a: Soleil Noir\n|-supereffective|p2a: Soleil Noir\n|-damage|p2a: Soleil Noir|14\/100\n|move|p2a: Soleil Noir|Stealth Rock|p1a: DeusExCeus\n|-sidestart|p1: Smoukingrad|move: Stealth Rock\n|\n|-heal|p2a: Soleil Noir|20\/100|[from] item: Leftovers\n|-damage|p1a: DeusExCeus|0 fnt|[from] psn\n|faint|p1a: DeusExCeus\n|upkeep\n|\n|t:|1700404008\n|switch|p1a: Oh-Ho|Ho-Oh|100\/100\n|turn|13\n|\n|t:|1700404027\n|move|p1a: Oh-Ho|Sacred Fire|p2a: Soleil Noir\n|-supereffective|p2a: Soleil Noir\n|-damage|p2a: Soleil Noir|0 fnt\n|faint|p2a: Soleil Noir\n|\n|upkeep\n|\n|t:|1700404031\n|switch|p2a: LE SUPER SOLEIL|Groudon-Primal|100\/100\n|-weather|DesolateLand|[from] ability: Desolate Land|[of] p2a: LE SUPER SOLEIL\n|turn|14\n|\n|t:|1700404051\n|move|p2a: LE SUPER SOLEIL|Stone Edge|p1a: Oh-Ho\n|-supereffective|p1a: Oh-Ho\n|-damage|p1a: Oh-Ho|0 fnt\n|faint|p1a: Oh-Ho\n|\n|-weather|DesolateLand|[upkeep]\n|upkeep\n|\n|t:|1700404054\n|switch|p1a: Goudron|Groudon|100\/100\n|-damage|p1a: Goudron|94\/100|[from] Stealth Rock\n|detailschange|p1a: Goudron|Groudon-Primal\n|-primal|p1a: Goudron|Red Orb\n|turn|15\n|\n|t:|1700404063\n|move|p1a: Goudron|Stealth Rock|p2a: LE SUPER SOLEIL\n|-sidestart|p2: Gatubraz|move: Stealth Rock\n|move|p2a: LE SUPER SOLEIL|Precipice Blades|p1a: Goudron|[miss]\n|-miss|p2a: LE SUPER SOLEIL|p1a: Goudron\n|\n|-weather|DesolateLand|[upkeep]\n|upkeep\n|turn|16\n|\n|t:|1700404072\n|switch|p2a: Le G le S en Y|Yveltal|54\/100 tox\n|-ability|p2a: Le G le S en Y|Dark Aura\n|move|p1a: Goudron|Precipice Blades|p2a: Le G le S en Y\n|-immune|p2a: Le G le S en Y\n|\n|-weather|DesolateLand|[upkeep]\n|-damage|p2a: Le G le S en Y|48\/100 tox|[from] psn\n|upkeep\n|turn|17\n|\n|t:|1700404081\n|move|p2a: Le G le S en Y|Roost|p2a: Le G le S en Y\n|-heal|p2a: Le G le S en Y|98\/100 tox\n|-singleturn|p2a: Le G le S en Y|move: Roost\n|move|p1a: Goudron|Eruption|p2a: Le G le S en Y\n|-damage|p2a: Le G le S en Y|12\/100 tox\n|\n|-weather|DesolateLand|[upkeep]\n|-damage|p2a: Le G le S en Y|0 fnt|[from] psn\n|faint|p2a: Le G le S en Y\n|upkeep\n|\n|t:|1700404092\n|switch|p2a: Rayquazahef|Rayquaza|100\/100\n|-damage|p2a: Rayquazahef|76\/100|[from] Stealth Rock\n|-ability|p2a: Rayquazahef|Air Lock\n|turn|18\n|\n|t:|1700404098\n|move|p2a: Rayquazahef|Dragon Ascent|p1a: Goudron\n|-damage|p1a: Goudron|20\/100\n|-unboost|p2a: Rayquazahef|def|1\n|-unboost|p2a: Rayquazahef|spd|1\n|move|p1a: Goudron|Eruption|p2a: Rayquazahef\n|-resisted|p2a: Rayquazahef\n|-damage|p2a: Rayquazahef|63\/100\n|\n|-weather|DesolateLand|[upkeep]\n|upkeep\n|turn|19\n|\n|t:|1700404104\n|move|p2a: Rayquazahef|Dragon Ascent|p1a: Goudron\n|-damage|p1a: Goudron|0 fnt\n|-unboost|p2a: Rayquazahef|def|1\n|-unboost|p2a: Rayquazahef|spd|1\n|faint|p1a: Goudron\n|-weather|none\n|\n|upkeep\n|\n|t:|1700404109\n|switch|p1a: M\u00e9ga-Feufor\u00eave|Flutter Mane|100\/100\n|-damage|p1a: M\u00e9ga-Feufor\u00eave|88\/100|[from] Stealth Rock\n|turn|20\n|\n|t:|1700404145\n|move|p1a: M\u00e9ga-Feufor\u00eave|Power Gem|p2a: Rayquazahef\n|-supereffective|p2a: Rayquazahef\n|-damage|p2a: Rayquazahef|0 fnt\n|faint|p2a: Rayquazahef\n|-damage|p1a: M\u00e9ga-Feufor\u00eave|78\/100|[from] item: Life Orb\n|\n|upkeep\n|\n|t:|1700404156\n|switch|p2a: LE SUPER SOLEIL|Groudon-Primal|100\/100\n|-damage|p2a: LE SUPER SOLEIL|88\/100|[from] Stealth Rock\n|-weather|DesolateLand|[from] ability: Desolate Land|[of] p2a: LE SUPER SOLEIL\n|turn|21\n|\n|t:|1700404172\n|move|p1a: M\u00e9ga-Feufor\u00eave|Shadow Ball|p2a: LE SUPER SOLEIL\n|-damage|p2a: LE SUPER SOLEIL|38\/100\n|-damage|p1a: M\u00e9ga-Feufor\u00eave|68\/100|[from] item: Life Orb\n|move|p2a: LE SUPER SOLEIL|Stone Edge|p1a: M\u00e9ga-Feufor\u00eave\n|-damage|p1a: M\u00e9ga-Feufor\u00eave|0 fnt\n|faint|p1a: M\u00e9ga-Feufor\u00eave\n|-end|p1a: M\u00e9ga-Feufor\u00eave|Protosynthesis|[silent]\n|\n|-weather|DesolateLand|[upkeep]\n|upkeep\n|\n|t:|1700404177\n|switch|p1a: Z\u00e9phyr21|Salamence, M|100\/100\n|-damage|p1a: Z\u00e9phyr21|76\/100|[from] Stealth Rock\n|-ability|p1a: Z\u00e9phyr21|Intimidate|boost\n|-unboost|p2a: LE SUPER SOLEIL|atk|1\n|turn|22\n|\n|t:|1700404191\n|detailschange|p1a: Z\u00e9phyr21|Salamence-Mega, M\n|-mega|p1a: Z\u00e9phyr21|Salamence|Salamencite\n|move|p1a: Z\u00e9phyr21|Return|p2a: LE SUPER SOLEIL\n|-damage|p2a: LE SUPER SOLEIL|0 fnt\n|faint|p2a: LE SUPER SOLEIL\n|-weather|none\n|\n|upkeep\n|\n|t:|1700404201\n|switch|p2a: OkamariNoSozoki|Marshadow|100\/100\n|-damage|p2a: OkamariNoSozoki|94\/100|[from] Stealth Rock\n|turn|23\n|\n|t:|1700404205\n|move|p2a: OkamariNoSozoki|Ice Punch|p1a: Z\u00e9phyr21\n|-supereffective|p1a: Z\u00e9phyr21\n|-damage|p1a: Z\u00e9phyr21|0 fnt\n|faint|p1a: Z\u00e9phyr21\n|\n|upkeep\n|\n|t:|1700404208\n|switch|p1a: B\u00e9bounet|Marshadow|100\/100\n|-damage|p1a: B\u00e9bounet|94\/100|[from] Stealth Rock\n|turn|24\n|\n|t:|1700404213\n|move|p2a: OkamariNoSozoki|Shadow Sneak|p1a: B\u00e9bounet\n|-supereffective|p1a: B\u00e9bounet\n|-damage|p1a: B\u00e9bounet|10\/100\n|move|p1a: B\u00e9bounet|Spectral Thief|p2a: OkamariNoSozoki\n|-supereffective|p2a: OkamariNoSozoki\n|-damage|p2a: OkamariNoSozoki|0 fnt\n|faint|p2a: OkamariNoSozoki\n|\n|upkeep\n|\n|t:|1700404221\n|switch|p2a: 60%|Shaymin-Sky|82\/100 tox\n|-damage|p2a: 60%|57\/100 tox|[from] Stealth Rock\n|turn|25\n|\n|t:|1700404224\n|move|p1a: B\u00e9bounet|Shadow Sneak|p2a: 60%\n|-damage|p2a: 60%|18\/100 tox\n|move|p2a: 60%|Earth Power|p1a: B\u00e9bounet\n|-damage|p1a: B\u00e9bounet|0 fnt\n|faint|p1a: B\u00e9bounet\n|\n|win|Gatubraz\n|l| MP555\n|l|\u2606Smoukingrad\n|j| Kai_Kitt\n|l| Kai_Kitt\n|j| Kai_Kitt\n|l| Kai_Kitt\n|j|\u2606Smoukingrad\n|player|p1|Smoukingrad|kimonogirl\n|l|\u2606Gatubraz\n|l|\u2606Smoukingrad\n|player|p1|\n","uploadtime":1700405232,"views":5,"p1id":"smoukingrad","p2id":"gatubraz","formatid":"gen9nationaldexubers","rating":0,"private":0,"password":""}