{"id":"gen9nationaldexubers-1978952882","p1":"Salfy","p2":"GrundleGrimace","format":"[Gen 9] National Dex Ubers","log":"|j|\u2606Salfy\n|j|\u2606GrundleGrimace\n|t:|1698614006\n|gametype|singles\n|player|p1|Salfy|depotagent|\n|player|p2|GrundleGrimace|zinzolin|\n|teamsize|p1|6\n|teamsize|p2|6\n|gen|9\n|tier|[Gen 9] National Dex Ubers\n|rule|HP Percentage Mod: HP is shown in percentages\n|rule|Endless Battle Clause: Forcing endless battles is banned\n|rule|OHKO Clause: OHKO moves are banned\n|rule|Evasion Moves Clause: Evasion moves are banned\n|rule|Evasion Items Clause: Evasion items are banned\n|rule|Species Clause: Limit one of each Pok\u00e9mon\n|rule|Sleep Clause Mod: Limit one foe put to sleep\n|rule|Mega Rayquaza Clause: You cannot mega evolve Rayquaza\n|clearpoke\n|poke|p1|Darmanitan-Galar, M|\n|poke|p1|Ninetales-Alola, M|\n|poke|p1|Baxcalibur, F|\n|poke|p1|Avalugg, F|\n|poke|p1|Kyurem|\n|poke|p1|Arctozolt|\n|poke|p2|Hippowdon, M|\n|poke|p2|Excadrill, F|\n|poke|p2|Landorus, M|\n|poke|p2|Clodsire, M|\n|poke|p2|Mamoswine, F|\n|poke|p2|Garchomp, F|\n|teampreview\n|c|\u2606Salfy|glhf\n|c|\u2606GrundleGrimace|u2\n|\n|t:|1698614019\n|start\n|switch|p1a: Pools Open|Darmanitan-Galar, M|100\/100\n|switch|p2a: Pacific Love|Clodsire, M|100\/100\n|turn|1\n|\n|t:|1698614032\n|move|p1a: Pools Open|Icicle Crash|p2a: Pacific Love\n|-supereffective|p2a: Pacific Love\n|-damage|p2a: Pacific Love|0 fnt\n|faint|p2a: Pacific Love\n|\n|upkeep\n|\n|t:|1698614034\n|switch|p2a: Cold Love|Mamoswine, F|100\/100\n|turn|2\n|\n|t:|1698614089\n|switch|p1a: Table|Avalugg, F|100\/100\n|move|p2a: Cold Love|Superpower|p1a: Table\n|-supereffective|p1a: Table\n|-damage|p1a: Table|41\/100\n|-unboost|p2a: Cold Love|atk|1\n|-unboost|p2a: Cold Love|def|1\n|\n|upkeep\n|turn|3\n|\n|t:|1698614099\n|switch|p2a: Cocaine Jesus|Landorus, M|100\/100\n|move|p1a: Table|Avalanche|p2a: Cocaine Jesus\n|-supereffective|p2a: Cocaine Jesus\n|-damage|p2a: Cocaine Jesus|0 fnt\n|faint|p2a: Cocaine Jesus\n|\n|upkeep\n|\n|t:|1698614110\n|switch|p2a: Cold Love|Mamoswine, F|100\/100\n|turn|4\n|\n|t:|1698614120\n|move|p2a: Cold Love|Superpower|p1a: Table\n|-supereffective|p1a: Table\n|-damage|p1a: Table|0 fnt\n|-unboost|p2a: Cold Love|atk|1\n|-unboost|p2a: Cold Love|def|1\n|faint|p1a: Table\n|\n|upkeep\n|\n|t:|1698614133\n|switch|p1a: Cold Dog|Ninetales-Alola, M|100\/100\n|-weather|Snow|[from] ability: Snow Warning|[of] p1a: Cold Dog\n|turn|5\n|c|\u2606Salfy|I'm still tera steel bax\n|\n|t:|1698614157\n|switch|p2a: Mr. Redundant|Hippowdon, M|100\/100\n|-weather|Sandstorm|[from] ability: Sand Stream|[of] p2a: Mr. Redundant\n|move|p1a: Cold Dog|Moonblast|p2a: Mr. Redundant\n|-damage|p2a: Mr. Redundant|70\/100\n|-unboost|p2a: Mr. Redundant|spa|1\n|\n|-weather|Sandstorm|[upkeep]\n|-damage|p1a: Cold Dog|94\/100|[from] Sandstorm\n|-heal|p2a: Mr. Redundant|76\/100|[from] item: Leftovers\n|upkeep\n|turn|6\n|\n|t:|1698614167\n|move|p1a: Cold Dog|Freeze-Dry|p2a: Mr. Redundant\n|-supereffective|p2a: Mr. Redundant\n|-damage|p2a: Mr. Redundant|33\/100\n|move|p2a: Mr. Redundant|Stealth Rock|p1a: Cold Dog\n|-sidestart|p1: Salfy|move: Stealth Rock\n|\n|-weather|Sandstorm|[upkeep]\n|-damage|p1a: Cold Dog|88\/100|[from] Sandstorm\n|-heal|p2a: Mr. Redundant|39\/100|[from] item: Leftovers\n|upkeep\n|turn|7\n|\n|t:|1698614181\n|switch|p1a: Bubbles|Arctozolt|100\/100\n|switch|p2a: Lady Lie|Excadrill, F|100\/100\n|\n|-weather|Sandstorm|[upkeep]\n|-damage|p1a: Bubbles|94\/100|[from] Sandstorm\n|upkeep\n|turn|8\n|\n|t:|1698614191\n|move|p2a: Lady Lie|Earthquake|p1a: Bubbles\n|-supereffective|p1a: Bubbles\n|-damage|p1a: Bubbles|0 fnt\n|faint|p1a: Bubbles\n|\n|-weather|Sandstorm|[upkeep]\n|upkeep\n|\n|t:|1698614193\n|switch|p1a: Cold Dog|Ninetales-Alola, M|88\/100\n|-damage|p1a: Cold Dog|64\/100|[from] Stealth Rock\n|-weather|Snow|[from] ability: Snow Warning|[of] p1a: Cold Dog\n|turn|9\n|\n|t:|1698614210\n|switch|p1a: Balance|Kyurem|100\/100\n|-damage|p1a: Balance|76\/100|[from] Stealth Rock\n|-ability|p1a: Balance|Pressure\n|move|p2a: Lady Lie|Iron Head|p1a: Balance\n|-supereffective|p1a: Balance\n|-damage|p1a: Balance|20\/100\n|\n|-weather|Snow|[upkeep]\n|upkeep\n|turn|10\n|\n|t:|1698614219\n|switch|p2a: Cold Love|Mamoswine, F|100\/100\n|move|p1a: Balance|Freeze-Dry|p2a: Cold Love\n|-damage|p2a: Cold Love|65\/100\n|\n|-weather|Snow|[upkeep]\n|upkeep\n|turn|11\n|\n|t:|1698614225\n|switch|p1a: Chilla|Baxcalibur, F|100\/100\n|-damage|p1a: Chilla|76\/100|[from] Stealth Rock\n|move|p2a: Cold Love|Superpower|p1a: Chilla\n|-supereffective|p1a: Chilla\n|-damage|p1a: Chilla|0 fnt\n|-unboost|p2a: Cold Love|atk|1\n|-unboost|p2a: Cold Love|def|1\n|faint|p1a: Chilla\n|\n|-weather|Snow|[upkeep]\n|upkeep\n|\n|t:|1698614228\n|switch|p1a: Pools Open|Darmanitan-Galar, M|100\/100\n|-damage|p1a: Pools Open|76\/100|[from] Stealth Rock\n|turn|12\n|\n|t:|1698614233\n|switch|p2a: Polite Company|Garchomp, F|100\/100\n|move|p1a: Pools Open|Icicle Crash|p2a: Polite Company\n|-supereffective|p2a: Polite Company\n|-damage|p2a: Polite Company|0 fnt\n|faint|p2a: Polite Company\n|\n|-weather|Snow|[upkeep]\n|upkeep\n|\n|t:|1698614242\n|switch|p2a: Cold Love|Mamoswine, F|65\/100\n|turn|13\n|\n|t:|1698614247\n|move|p1a: Pools Open|Icicle Crash|p2a: Cold Love\n|-damage|p2a: Cold Love|40\/100\n|move|p2a: Cold Love|Superpower|p1a: Pools Open\n|-supereffective|p1a: Pools Open\n|-damage|p1a: Pools Open|0 fnt\n|-unboost|p2a: Cold Love|atk|1\n|-unboost|p2a: Cold Love|def|1\n|faint|p1a: Pools Open\n|\n|-weather|none\n|upkeep\n|\n|t:|1698614252\n|switch|p1a: Cold Dog|Ninetales-Alola, M|64\/100\n|-damage|p1a: Cold Dog|39\/100|[from] Stealth Rock\n|-weather|Snow|[from] ability: Snow Warning|[of] p1a: Cold Dog\n|turn|14\n|\n|t:|1698614259\n|switch|p2a: Mr. Redundant|Hippowdon, M|39\/100\n|-weather|Sandstorm|[from] ability: Sand Stream|[of] p2a: Mr. Redundant\n|move|p1a: Cold Dog|Moonblast|p2a: Mr. Redundant\n|-damage|p2a: Mr. Redundant|11\/100\n|\n|-weather|Sandstorm|[upkeep]\n|-damage|p1a: Cold Dog|33\/100|[from] Sandstorm\n|-heal|p2a: Mr. Redundant|17\/100|[from] item: Leftovers\n|upkeep\n|turn|15\n|\n|t:|1698614272\n|switch|p2a: Cold Love|Mamoswine, F|40\/100\n|move|p1a: Cold Dog|Freeze-Dry|p2a: Cold Love\n|-damage|p2a: Cold Love|26\/100\n|\n|-weather|Sandstorm|[upkeep]\n|-damage|p1a: Cold Dog|27\/100|[from] Sandstorm\n|upkeep\n|turn|16\n|\n|t:|1698614276\n|move|p1a: Cold Dog|Moonblast|p2a: Cold Love\n|-damage|p2a: Cold Love|0 fnt\n|faint|p2a: Cold Love\n|\n|-weather|Sandstorm|[upkeep]\n|-damage|p1a: Cold Dog|21\/100|[from] Sandstorm\n|upkeep\n|\n|t:|1698614278\n|switch|p2a: Lady Lie|Excadrill, F|100\/100\n|turn|17\n|c|\u2606Salfy|gg\n|\n|t:|1698614289\n|move|p2a: Lady Lie|Iron Head|p1a: Cold Dog\n|-supereffective|p1a: Cold Dog\n|-damage|p1a: Cold Dog|0 fnt\n|faint|p1a: Cold Dog\n|\n|-weather|Sandstorm|[upkeep]\n|upkeep\n|c|\u2606Salfy|I shouldve kept avalugg alive\n|c|\u2606GrundleGrimace|gg\n|\n|t:|1698614293\n|switch|p1a: Balance|Kyurem|20\/100\n|-damage|p1a: Balance|0 fnt|[from] Stealth Rock\n|faint|p1a: Balance\n|\n|win|GrundleGrimace\n|c|\u2606Salfy|same time tommorow?\n|c|\u2606GrundleGrimace|Sure\n","uploadtime":1698614311,"views":11,"p1id":"salfy","p2id":"grundlegrimace","formatid":"gen9nationaldexubers","rating":0,"private":0,"password":""}