{"id":"gen9nationaldexubers-1993347884","p1":"Justznic","p2":"KurumiTokisakilove","format":"[Gen 9] National Dex Ubers","log":"|j|\u2606Justznic\n|j|\u2606KurumiTokisakilove\n|t:|1700303332\n|gametype|singles\n|player|p1|Justznic|265|1601\n|player|p2|KurumiTokisakilove|sabrina-gen2|1899\n|teamsize|p1|6\n|teamsize|p2|6\n|gen|9\n|tier|[Gen 9] National Dex Ubers\n|rated|\n|rule|HP Percentage Mod: HP is shown in percentages\n|rule|Endless Battle Clause: Forcing endless battles is banned\n|rule|OHKO Clause: OHKO moves are banned\n|rule|Evasion Moves Clause: Evasion moves are banned\n|rule|Evasion Items Clause: Evasion items are banned\n|rule|Species Clause: Limit one of each Pok\u00e9mon\n|rule|Sleep Clause Mod: Limit one foe put to sleep\n|rule|Mega Rayquaza Clause: You cannot mega evolve Rayquaza\n|clearpoke\n|poke|p1|Orthworm, M|\n|poke|p1|Kyurem-Black|\n|poke|p1|Ditto|\n|poke|p1|Mew|\n|poke|p1|Klefki, M|\n|poke|p1|Mewtwo|\n|poke|p2|Ditto|\n|poke|p2|Necrozma-Dusk-Mane|\n|poke|p2|Magearna|\n|poke|p2|Dondozo, F|\n|poke|p2|Kingambit, F|\n|poke|p2|Arceus-Ground|\n|teampreview\n|inactive|Battle timer is ON: inactive players will automatically lose when time's up. (requested by Justznic)\n|inactive|KurumiTokisakilove also wants the timer to be on.\n|\n|t:|1700303341\n|start\n|switch|p1a: Kyurem|Kyurem-Black|100\/100\n|switch|p2a: Arceus|Arceus-Ground|100\/100\n|-ability|p1a: Kyurem|Teravolt\n|turn|1\n|\n|t:|1700303350\n|move|p2a: Arceus|Judgment|p1a: Kyurem\n|-damage|p1a: Kyurem|55\/100\n|move|p1a: Kyurem|Icicle Spear|p2a: Arceus\n|-supereffective|p2a: Arceus\n|-damage|p2a: Arceus|78\/100\n|-supereffective|p2a: Arceus\n|-damage|p2a: Arceus|56\/100\n|-supereffective|p2a: Arceus\n|-damage|p2a: Arceus|36\/100\n|-supereffective|p2a: Arceus\n|-damage|p2a: Arceus|13\/100\n|-supereffective|p2a: Arceus\n|-damage|p2a: Arceus|0 fnt\n|faint|p2a: Arceus\n|-hitcount|p2: Arceus|5\n|\n|upkeep\n|\n|t:|1700303354\n|switch|p2a: Necrozma|Necrozma-Dusk-Mane|100\/100\n|turn|2\n|\n|t:|1700303358\n|switch|p1a: Klefki|Klefki, M|100\/100\n|detailschange|p2a: Necrozma|Necrozma-Ultra\n|-burst|p2a: Necrozma|Necrozma|Ultranecrozium Z\n|move|p2a: Necrozma|Photon Geyser|p1a: Klefki\n|-resisted|p1a: Klefki\n|-damage|p1a: Klefki|73\/100\n|\n|-status|p1a: Klefki|brn|[from] item: Flame Orb\n|upkeep\n|turn|3\n|\n|t:|1700303362\n|move|p1a: Klefki|Reflect|p1a: Klefki\n|-sidestart|p1: Justznic|Reflect\n|move|p2a: Necrozma|Earth Power|p1a: Klefki\n|-supereffective|p1a: Klefki\n|-damage|p1a: Klefki|0 fnt\n|faint|p1a: Klefki\n|\n|upkeep\n|\n|t:|1700303367\n|switch|p1a: Ditto|Ditto|100\/100\n|-transform|p1a: Ditto|p2a: Necrozma|[from] ability: Imposter\n|turn|4\n|\n|t:|1700303373\n|switch|p2a: Dondozo|Dondozo, F|100\/100\n|move|p1a: Ditto|Earth Power|p2a: Dondozo\n|-damage|p2a: Dondozo|63\/100\n|\n|-heal|p2a: Dondozo|69\/100|[from] item: Leftovers\n|upkeep\n|turn|5\n|\n|t:|1700303382\n|switch|p1a: Orthworm|Orthworm, M|100\/100\n|move|p2a: Dondozo|Rest|p2a: Dondozo\n|-status|p2a: Dondozo|slp|[from] move: Rest\n|-heal|p2a: Dondozo|100\/100 slp|[silent]\n|\n|upkeep\n|turn|6\n|\n|t:|1700303395\n|switch|p2a: Magearna|Magearna|100\/100\n|move|p1a: Orthworm|Stealth Rock|p2a: Magearna\n|-sidestart|p2: KurumiTokisakilove|move: Stealth Rock\n|\n|upkeep\n|turn|7\n|\n|t:|1700303399\n|move|p2a: Magearna|Fleur Cannon|p1a: Orthworm|[miss]\n|-miss|p2a: Magearna|p1a: Orthworm\n|move|p1a: Orthworm|Shed Tail|p1a: Orthworm\n|-start|p1a: Orthworm|Substitute|[from] move: Shed Tail\n|-damage|p1a: Orthworm|50\/100\n|-enditem|p1a: Orthworm|Sitrus Berry|[eat]\n|-heal|p1a: Orthworm|75\/100|[from] item: Sitrus Berry\n|\n|t:|1700303403\n|switch|p1a: Mew|Mew|100\/100|[from] Shed Tail\n|\n|-sideend|p1: Justznic|Reflect\n|upkeep\n|turn|8\n|\n|t:|1700303409\n|move|p1a: Mew|Imprison|p1a: Mew\n|-start|p1a: Mew|move: Imprison\n|move|p2a: Magearna|Fleur Cannon|p1a: Mew|[miss]\n|-miss|p2a: Magearna|p1a: Mew\n|\n|upkeep\n|turn|9\n|\n|t:|1700303417\n|switch|p2a: Ditto|Ditto, shiny|100\/100\n|-damage|p2a: Ditto|88\/100|[from] Stealth Rock\n|move|p1a: Mew|Block|p2a: Ditto\n|-activate|p2a: Ditto|trapped\n|\n|upkeep\n|turn|10\n|\n|t:|1700303426\n|-activate|p2a: Ditto|move: Struggle\n|move|p2a: Ditto|Struggle|p1a: Mew\n|-activate|p1a: Mew|move: Substitute|[damage]\n|-damage|p2a: Ditto|63\/100|[from] recoil\n|move|p1a: Mew|Psychic|p2a: Ditto\n|-damage|p2a: Ditto|0 fnt\n|faint|p2a: Ditto\n|\n|upkeep\n|\n|t:|1700303436\n|switch|p2a: Dondozo|Dondozo, F|100\/100 slp\n|-damage|p2a: Dondozo|88\/100 slp|[from] Stealth Rock\n|turn|11\n|\n|t:|1700303439\n|move|p1a: Mew|Block|p2a: Dondozo\n|-activate|p2a: Dondozo|trapped\n|cant|p2a: Dondozo|slp\n|\n|-heal|p2a: Dondozo|94\/100 slp|[from] item: Leftovers\n|upkeep\n|turn|12\n|\n|t:|1700303443\n|move|p1a: Mew|Transform|p2a: Dondozo\n|-transform|p1a: Mew|p2a: Dondozo\n|cant|p2a: Dondozo|slp\n|\n|-heal|p2a: Dondozo|99\/100 slp|[from] item: Leftovers\n|upkeep\n|turn|13\n|\n|t:|1700303447\n|-curestatus|p2a: Dondozo|slp|[msg]\n|-activate|p2a: Dondozo|move: Struggle\n|move|p2a: Dondozo|Struggle|p1a: Mew\n|-activate|p1a: Mew|move: Substitute|[damage]\n|-damage|p2a: Dondozo|75\/100|[from] recoil\n|move|p1a: Mew|Curse|p1a: Mew\n|-unboost|p1a: Mew|spe|1\n|-boost|p1a: Mew|atk|1\n|-boost|p1a: Mew|def|1\n|\n|-heal|p2a: Dondozo|81\/100|[from] item: Leftovers\n|upkeep\n|turn|14\n|\n|t:|1700303454\n|-activate|p2a: Dondozo|move: Struggle\n|move|p2a: Dondozo|Struggle|p1a: Mew\n|-activate|p1a: Mew|move: Substitute|[damage]\n|-damage|p2a: Dondozo|56\/100|[from] recoil\n|move|p1a: Mew|Curse|p1a: Mew\n|-unboost|p1a: Mew|spe|1\n|-boost|p1a: Mew|atk|1\n|-boost|p1a: Mew|def|1\n|\n|-heal|p2a: Dondozo|63\/100|[from] item: Leftovers\n|upkeep\n|turn|15\n|\n|t:|1700303457\n|-activate|p2a: Dondozo|move: Struggle\n|move|p2a: Dondozo|Struggle|p1a: Mew\n|-end|p1a: Mew|Substitute\n|-damage|p2a: Dondozo|38\/100|[from] recoil\n|move|p1a: Mew|Curse|p1a: Mew\n|-unboost|p1a: Mew|spe|1\n|-boost|p1a: Mew|atk|1\n|-boost|p1a: Mew|def|1\n|\n|-heal|p2a: Dondozo|44\/100|[from] item: Leftovers\n|upkeep\n|turn|16\n|\n|t:|1700303464\n|-activate|p2a: Dondozo|move: Struggle\n|move|p2a: Dondozo|Struggle|p1a: Mew\n|-damage|p1a: Mew|94\/100\n|-damage|p2a: Dondozo|19\/100|[from] recoil\n|move|p1a: Mew|Curse|p1a: Mew\n|-unboost|p1a: Mew|spe|1\n|-boost|p1a: Mew|atk|1\n|-boost|p1a: Mew|def|1\n|\n|-heal|p2a: Dondozo|25\/100|[from] item: Leftovers\n|upkeep\n|turn|17\n|\n|t:|1700303465\n|-activate|p2a: Dondozo|move: Struggle\n|move|p2a: Dondozo|Struggle|p1a: Mew\n|-damage|p1a: Mew|87\/100\n|-damage|p2a: Dondozo|0 fnt|[from] recoil\n|faint|p2a: Dondozo\n|move|p1a: Mew|Body Press|p2: Dondozo|[notarget]\n|-fail|p1a: Mew\n|\n|upkeep\n|\n|t:|1700303468\n|switch|p2a: Magearna|Magearna|100\/100\n|-damage|p2a: Magearna|94\/100|[from] Stealth Rock\n|turn|18\n|\n|t:|1700303474\n|switch|p1a: Kyurem|Kyurem-Black|55\/100\n|-ability|p1a: Kyurem|Teravolt\n|move|p2a: Magearna|Heart Swap|p1a: Kyurem\n|-swapboost|p2a: Magearna|p1a: Kyurem|[from] move: Heart Swap\n|\n|upkeep\n|turn|19\n|\n|t:|1700303480\n|move|p1a: Kyurem|Fusion Bolt|p2a: Magearna\n|-damage|p2a: Magearna|60\/100\n|move|p2a: Magearna|Fleur Cannon|p1a: Kyurem\n|-supereffective|p1a: Kyurem\n|-damage|p1a: Kyurem|0 fnt\n|-unboost|p2a: Magearna|spa|2\n|faint|p1a: Kyurem\n|-ability|p2a: Magearna|Soul-Heart|boost\n|-boost|p2a: Magearna|spa|1\n|\n|upkeep\n|\n|t:|1700303486\n|switch|p1a: Orthworm|Orthworm, M|75\/100\n|turn|20\n|\n|t:|1700303489\n|move|p2a: Magearna|Fleur Cannon|p1a: Orthworm\n|-resisted|p1a: Orthworm\n|-damage|p1a: Orthworm|46\/100\n|-unboost|p2a: Magearna|spa|2\n|move|p1a: Orthworm|Shed Tail|p1a: Orthworm\n|-fail|p1a: Orthworm|move: Shed Tail|[weak]\n|\n|upkeep\n|turn|21\n|\n|t:|1700303499\n|move|p2a: Magearna|Heart Swap|p1a: Orthworm\n|-swapboost|p2a: Magearna|p1a: Orthworm|[from] move: Heart Swap\n|move|p1a: Orthworm|Body Press|p2a: Magearna\n|-damage|p2a: Magearna|32\/100\n|\n|upkeep\n|turn|22\n|\n|t:|1700303508\n|-zpower|p2a: Magearna\n|move|p2a: Magearna|Z-Heal Bell||[anim]Heal Bell|[still]\n|-heal|p2a: Magearna|100\/100|[zeffect]\n|-activate|p2a: Magearna|move: Heal Bell\n|-fail|p2a: Magearna\n|move|p1a: Orthworm|Body Press|p2a: Magearna\n|-damage|p2a: Magearna|73\/100\n|\n|upkeep\n|turn|23\n|\n|t:|1700303513\n|move|p2a: Magearna|Fleur Cannon|p1a: Orthworm\n|-resisted|p1a: Orthworm\n|-damage|p1a: Orthworm|2\/100\n|-unboost|p2a: Magearna|spa|2\n|move|p1a: Orthworm|Body Press|p2a: Magearna\n|-damage|p2a: Magearna|47\/100\n|\n|upkeep\n|turn|24\n|\n|t:|1700303517\n|move|p2a: Magearna|Fleur Cannon|p1a: Orthworm\n|-resisted|p1a: Orthworm\n|-damage|p1a: Orthworm|0 fnt\n|-unboost|p2a: Magearna|spa|2\n|faint|p1a: Orthworm\n|-ability|p2a: Magearna|Soul-Heart|boost\n|-boost|p2a: Magearna|spa|1\n|\n|upkeep\n|\n|t:|1700303529\n|switch|p1a: Ditto|Ditto|100\/100\n|-transform|p1a: Ditto|p2a: Magearna|[from] ability: Imposter\n|turn|25\n|\n|t:|1700303539\n|move|p1a: Ditto|Fleur Cannon|p2a: Magearna\n|-resisted|p2a: Magearna\n|-damage|p2a: Magearna|41\/100\n|-unboost|p1a: Ditto|spa|2\n|move|p2a: Magearna|Pain Split|p1a: Ditto\n|-sethp|p1a: Ditto|75\/100|[from] move: Pain Split|[silent]\n|-sethp|p2a: Magearna|62\/100|[from] move: Pain Split\n|\n|upkeep\n|turn|26\n|\n|t:|1700303550\n|switch|p1a: Mew|Mew|87\/100\n|move|p2a: Magearna|Pain Split|p1a: Mew\n|-sethp|p1a: Mew|71\/100|[from] move: Pain Split|[silent]\n|-sethp|p2a: Magearna|79\/100|[from] move: Pain Split\n|\n|upkeep\n|turn|27\n|\n|t:|1700303554\n|move|p1a: Mew|Imprison|p1a: Mew\n|-start|p1a: Mew|move: Imprison\n|move|p2a: Magearna|Heart Swap|p1a: Mew\n|-swapboost|p2a: Magearna|p1a: Mew|[from] move: Heart Swap\n|\n|upkeep\n|turn|28\n|\n|t:|1700303576\n|-zpower|p1a: Mew\n|move|p1a: Mew|Z-Transform|p2a: Magearna|[anim]Transform\n|-heal|p1a: Mew|100\/100|[zeffect]\n|-transform|p1a: Mew|p2a: Magearna\n|cant|p2a: Magearna|move: Imprison|Fleur Cannon\n|\n|upkeep\n|turn|29\n|\n|t:|1700303597\n|move|p1a: Mew|Fleur Cannon|p2a: Magearna\n|-resisted|p2a: Magearna\n|-damage|p2a: Magearna|61\/100\n|-unboost|p1a: Mew|spa|2\n|-activate|p2a: Magearna|move: Struggle\n|move|p2a: Magearna|Struggle|p1a: Mew\n|-crit|p1a: Mew\n|-damage|p1a: Mew|92\/100\n|-damage|p2a: Magearna|36\/100|[from] recoil\n|\n|upkeep\n|turn|30\n|\n|t:|1700303612\n|-activate|p2a: Magearna|move: Struggle\n|move|p2a: Magearna|Struggle|p1a: Mew\n|-damage|p1a: Mew|85\/100\n|-damage|p2a: Magearna|11\/100|[from] recoil\n|move|p1a: Mew|Heart Swap|p2a: Magearna\n|-swapboost|p1a: Mew|p2a: Magearna|[from] move: Heart Swap\n|\n|upkeep\n|turn|31\n|\n|t:|1700303630\n|-activate|p2a: Magearna|move: Struggle\n|move|p2a: Magearna|Struggle|p1a: Mew\n|-damage|p1a: Mew|77\/100\n|-damage|p2a: Magearna|0 fnt|[from] recoil\n|faint|p2a: Magearna\n|-ability|p1a: Mew|Soul-Heart|boost\n|-boost|p1a: Mew|spa|1\n|move|p1a: Mew|Heal Bell||[still]\n|-activate|p1a: Mew|move: Heal Bell\n|-fail|p1a: Mew\n|\n|upkeep\n|\n|t:|1700303636\n|switch|p2a: Necrozma|Necrozma-Ultra|100\/100\n|-damage|p2a: Necrozma|88\/100|[from] Stealth Rock\n|turn|32\n|\n|t:|1700303642\n|move|p2a: Necrozma|Earth Power|p1a: Mew\n|-supereffective|p1a: Mew\n|-damage|p1a: Mew|28\/100\n|move|p1a: Mew|Fleur Cannon|p2a: Necrozma\n|-supereffective|p2a: Necrozma\n|-damage|p2a: Necrozma|0 fnt\n|-unboost|p1a: Mew|spa|2\n|faint|p2a: Necrozma\n|-ability|p1a: Mew|Soul-Heart|boost\n|-boost|p1a: Mew|spa|1\n|\n|upkeep\n|\n|t:|1700303646\n|switch|p2a: Kingambit|Kingambit, F, shiny|100\/100\n|-damage|p2a: Kingambit|94\/100|[from] Stealth Rock\n|-activate|p2a: Kingambit|ability: Supreme Overlord\n|-start|p2a: Kingambit|fallen5|[silent]\n|turn|33\n|\n|t:|1700303651\n|move|p1a: Mew|Pain Split|p2a: Kingambit\n|-sethp|p2a: Kingambit|61\/100|[from] move: Pain Split|[silent]\n|-sethp|p1a: Mew|61\/100|[from] move: Pain Split\n|move|p2a: Kingambit|Iron Head|p1a: Mew\n|-damage|p1a: Mew|13\/100\n|\n|upkeep\n|turn|34\n|\n|t:|1700303658\n|move|p2a: Kingambit|Sucker Punch||[still]\n|-fail|p2a: Kingambit\n|move|p1a: Mew|Pain Split|p2a: Kingambit\n|-sethp|p2a: Kingambit|37\/100|[from] move: Pain Split|[silent]\n|-sethp|p1a: Mew|37\/100|[from] move: Pain Split\n|\n|upkeep\n|turn|35\n|\n|t:|1700303664\n|move|p1a: Mew|Fleur Cannon|p2a: Kingambit\n|-damage|p2a: Kingambit|0 fnt\n|-unboost|p1a: Mew|spa|2\n|faint|p2a: Kingambit\n|-end|p2a: Kingambit|fallen5|[silent]\n|\n|win|Justznic\n|raw|Justznic's rating: 1601 &rarr; <strong>1635<\/strong><br \/>(+34 for winning)\n|raw|KurumiTokisakilove's rating: 1899 &rarr; <strong>1865<\/strong><br \/>(-34 for losing)\n|l|\u2606KurumiTokisakilove\n|l|\u2606Justznic\n","uploadtime":1700303864,"views":42,"p1id":"justznic","p2id":"kurumitokisakilove","formatid":"gen9nationaldexubers","rating":1635,"private":0,"password":""}