{"id":"gen9nationaldexubers-1990482576","p1":"nfyhsueryfgius","p2":"85792195wwww","format":"[Gen 9] National Dex Ubers","log":"|j|\u203dnfyhsueryfgius\n|j|\u260685792195wwww\n|t:|1699975030\n|gametype|singles\n|player|p1|nfyhsueryfgius|ghetsis|1747\n|player|p2|85792195wwww|mira|1589\n|teamsize|p1|6\n|teamsize|p2|6\n|gen|9\n|tier|[Gen 9] National Dex Ubers\n|rated|\n|rule|HP Percentage Mod: HP is shown in percentages\n|rule|Endless Battle Clause: Forcing endless battles is banned\n|rule|OHKO Clause: OHKO moves are banned\n|rule|Evasion Moves Clause: Evasion moves are banned\n|rule|Evasion Items Clause: Evasion items are banned\n|rule|Species Clause: Limit one of each Pok\u00e9mon\n|rule|Sleep Clause Mod: Limit one foe put to sleep\n|rule|Mega Rayquaza Clause: You cannot mega evolve Rayquaza\n|clearpoke\n|poke|p1|Arceus-Dark|\n|poke|p1|Groudon|\n|poke|p1|Necrozma-Dusk-Mane|\n|poke|p1|Ho-Oh|\n|poke|p1|Zygarde|\n|poke|p1|Mewtwo|\n|poke|p2|Zacian-*|\n|poke|p2|Arceus-Ground|\n|poke|p2|Deoxys-Speed|\n|poke|p2|Landorus, M|\n|poke|p2|Groudon|\n|poke|p2|Kyurem-Black|\n|teampreview\n|\n|t:|1699975074\n|start\n|switch|p1a: Arceus|Arceus-Dark|100\/100\n|switch|p2a: Deoxys|Deoxys-Speed|100\/100\n|-ability|p2a: Deoxys|Pressure\n|turn|1\n|\n|t:|1699975085\n|move|p2a: Deoxys|Stealth Rock|p1a: Arceus\n|-sidestart|p1: nfyhsueryfgius|move: Stealth Rock\n|move|p1a: Arceus|Foul Play|p2a: Deoxys\n|-supereffective|p2a: Deoxys\n|-damage|p2a: Deoxys|6\/100\n|\n|upkeep\n|turn|2\n|\n|t:|1699975111\n|move|p2a: Deoxys|Spikes|p1a: Arceus\n|-sidestart|p1: nfyhsueryfgius|Spikes\n|move|p1a: Arceus|Foul Play|p2a: Deoxys\n|-supereffective|p2a: Deoxys\n|-damage|p2a: Deoxys|0 fnt\n|faint|p2a: Deoxys\n|\n|upkeep\n|\n|t:|1699975119\n|switch|p2a: Zacian|Zacian-Crowned|100\/100\n|-ability|p2a: Zacian|Intrepid Sword|boost\n|-boost|p2a: Zacian|atk|1\n|turn|3\n|\n|t:|1699975132\n|switch|p1a: Groudon|Groudon|100\/100\n|-damage|p1a: Groudon|94\/100|[from] Stealth Rock\n|-damage|p1a: Groudon|82\/100|[from] Spikes\n|detailschange|p1a: Groudon|Groudon-Primal\n|-primal|p1a: Groudon|Red Orb\n|-weather|DesolateLand|[from] ability: Desolate Land|[of] p1a: Groudon\n|move|p2a: Zacian|Behemoth Blade|p1a: Groudon\n|-resisted|p1a: Groudon\n|-damage|p1a: Groudon|61\/100\n|\n|-weather|DesolateLand|[upkeep]\n|upkeep\n|turn|4\n|\n|t:|1699975147\n|move|p2a: Zacian|Behemoth Blade|p1a: Groudon\n|-resisted|p1a: Groudon\n|-damage|p1a: Groudon|40\/100\n|move|p1a: Groudon|Overheat|p2a: Zacian|[miss]\n|-miss|p1a: Groudon|p2a: Zacian\n|\n|-weather|DesolateLand|[upkeep]\n|upkeep\n|turn|5\n|\n|t:|1699975156\n|move|p2a: Zacian|Behemoth Blade|p1a: Groudon\n|-resisted|p1a: Groudon\n|-damage|p1a: Groudon|20\/100\n|move|p1a: Groudon|Overheat|p2a: Zacian\n|-supereffective|p2a: Zacian\n|-damage|p2a: Zacian|0 fnt\n|-unboost|p1a: Groudon|spa|2\n|faint|p2a: Zacian\n|\n|-weather|DesolateLand|[upkeep]\n|upkeep\n|\n|t:|1699975168\n|switch|p2a: Arceus|Arceus-Ground|100\/100\n|turn|6\n|\n|t:|1699975172\n|-weather|none\n|switch|p1a: Ho-Oh|Ho-Oh|100\/100\n|move|p2a: Arceus|Dragon Dance|p2a: Arceus\n|-boost|p2a: Arceus|atk|1\n|-boost|p2a: Arceus|spe|1\n|\n|upkeep\n|turn|7\n|\n|t:|1699975180\n|switch|p1a: Zygarde|Zygarde|100\/100\n|-damage|p1a: Zygarde|94\/100|[from] Stealth Rock\n|-damage|p1a: Zygarde|82\/100|[from] Spikes\n|move|p2a: Arceus|Stone Edge|p1a: Zygarde\n|-resisted|p1a: Zygarde\n|-damage|p1a: Zygarde|61\/100\n|\n|-heal|p1a: Zygarde|67\/100|[from] item: Leftovers\n|upkeep\n|turn|8\n|\n|t:|1699975191\n|switch|p1a: Groudon|Groudon-Primal|20\/100\n|-damage|p1a: Groudon|8\/100|[from] Stealth Rock\n|-damage|p1a: Groudon|0 fnt|[from] Spikes\n|faint|p1a: Groudon\n|move|p2a: Arceus|Taunt|p1: Groudon|[notarget]\n|-fail|p2a: Arceus\n|\n|upkeep\n|\n|t:|1699975198\n|switch|p1a: Arceus|Arceus-Dark|100\/100\n|-damage|p1a: Arceus|88\/100|[from] Stealth Rock\n|-damage|p1a: Arceus|76\/100|[from] Spikes\n|turn|9\n|\n|t:|1699975205\n|-zpower|p2a: Arceus\n|move|p2a: Arceus|Tectonic Rage|p1a: Arceus|[zeffect]\n|-damage|p1a: Arceus|0 fnt\n|faint|p1a: Arceus\n|\n|upkeep\n|\n|t:|1699975210\n|switch|p1a: Ho-Oh|Ho-Oh|100\/100\n|turn|10\n|\n|t:|1699975217\n|-terastallize|p1a: Ho-Oh|Grass\n|move|p2a: Arceus|Stone Edge|p1a: Ho-Oh\n|-damage|p1a: Ho-Oh|67\/100\n|move|p1a: Ho-Oh|Sacred Fire|p2a: Arceus\n|-damage|p2a: Arceus|68\/100\n|\n|upkeep\n|turn|11\n|\n|t:|1699975226\n|move|p2a: Arceus|Taunt|p1a: Ho-Oh\n|-start|p1a: Ho-Oh|move: Taunt\n|move|p1a: Ho-Oh|Sacred Fire|p2a: Arceus\n|-damage|p2a: Arceus|35\/100\n|-status|p2a: Arceus|brn\n|\n|-damage|p2a: Arceus|29\/100 brn|[from] brn\n|upkeep\n|turn|12\n|\n|t:|1699975237\n|switch|p1a: Zygarde|Zygarde|67\/100\n|-damage|p1a: Zygarde|61\/100|[from] Stealth Rock\n|-damage|p1a: Zygarde|49\/100|[from] Spikes\n|move|p2a: Arceus|Earthquake|p1a: Zygarde\n|-damage|p1a: Zygarde|20\/100\n|\n|-heal|p1a: Zygarde|26\/100|[from] item: Leftovers\n|-damage|p2a: Arceus|23\/100 brn|[from] brn\n|-activate|p1a: Zygarde|ability: Power Construct\n|detailschange|p1a: Zygarde|Zygarde-Complete\n|-heal|p1a: Zygarde|54\/100|[silent]\n|upkeep\n|turn|13\n|\n|t:|1699975252\n|move|p2a: Arceus|Taunt|p1a: Zygarde\n|-start|p1a: Zygarde|move: Taunt\n|cant|p1a: Zygarde|move: Taunt|Dragon Dance\n|\n|-heal|p1a: Zygarde|60\/100|[from] item: Leftovers\n|-damage|p2a: Arceus|17\/100 brn|[from] brn\n|upkeep\n|turn|14\n|\n|t:|1699975260\n|move|p2a: Arceus|Earthquake|p1a: Zygarde\n|-damage|p1a: Zygarde|43\/100\n|move|p1a: Zygarde|Thousand Arrows|p2a: Arceus\n|-crit|p2a: Arceus\n|-damage|p2a: Arceus|0 fnt\n|faint|p2a: Arceus\n|\n|-heal|p1a: Zygarde|49\/100|[from] item: Leftovers\n|upkeep\n|\n|t:|1699975275\n|switch|p2a: Landorus|Landorus, M|100\/100\n|turn|15\n|\n|t:|1699975283\n|switch|p1a: Necrozma|Necrozma-Dusk-Mane|100\/100\n|-damage|p1a: Necrozma|94\/100|[from] Stealth Rock\n|-damage|p1a: Necrozma|82\/100|[from] Spikes\n|move|p2a: Landorus|Nasty Plot|p2a: Landorus\n|-boost|p2a: Landorus|spa|2\n|\n|upkeep\n|turn|16\n|\n|t:|1699975292\n|switch|p1a: Ho-Oh|Ho-Oh, tera:Grass|99\/100\n|move|p2a: Landorus|Rock Polish|p2a: Landorus\n|-boost|p2a: Landorus|spe|2\n|\n|upkeep\n|turn|17\n|\n|t:|1699975300\n|move|p2a: Landorus|Sludge Wave|p1a: Ho-Oh\n|-supereffective|p1a: Ho-Oh\n|-damage|p1a: Ho-Oh|0 fnt\n|faint|p1a: Ho-Oh\n|\n|upkeep\n|\n|t:|1699975303\n|switch|p1a: Mewtwo|Mewtwo|100\/100\n|-damage|p1a: Mewtwo|88\/100|[from] Stealth Rock\n|-damage|p1a: Mewtwo|76\/100|[from] Spikes\n|-ability|p1a: Mewtwo|Pressure\n|turn|18\n|\n|t:|1699975311\n|detailschange|p1a: Mewtwo|Mewtwo-Mega-Y\n|-mega|p1a: Mewtwo|Mewtwo|Mewtwonite Y\n|move|p2a: Landorus|Earth Power|p1a: Mewtwo\n|-damage|p1a: Mewtwo|0 fnt\n|faint|p1a: Mewtwo\n|\n|upkeep\n|-message|nfyhsueryfgius forfeited.\n|\n|win|85792195wwww\n|raw|nfyhsueryfgius's rating: 1747 &rarr; <strong>1718<\/strong><br \/>(-29 for losing)\n|raw|85792195wwww's rating: 1589 &rarr; <strong>1618<\/strong><br \/>(+29 for winning)\n|l|\u203dnfyhsueryfgius\n","uploadtime":1699975320,"views":7,"p1id":"nfyhsueryfgius","p2id":"85792195wwww","formatid":"gen9nationaldexubers","rating":1618,"private":0,"password":""}