{"id":"gen9nationaldexubers-1992758555","p1":"washsleep","p2":"Xero Dracohart","format":"[Gen 9] National Dex Ubers","log":"|j|\u2606washsleep\n|j|\u2606Xero Dracohart\n|t:|1700232828\n|gametype|singles\n|player|p1|washsleep|cynthia|1070\n|player|p2|Xero Dracohart|ingo|1209\n|teamsize|p1|6\n|teamsize|p2|6\n|gen|9\n|tier|[Gen 9] National Dex Ubers\n|rated|\n|rule|HP Percentage Mod: HP is shown in percentages\n|rule|Endless Battle Clause: Forcing endless battles is banned\n|rule|OHKO Clause: OHKO moves are banned\n|rule|Evasion Moves Clause: Evasion moves are banned\n|rule|Evasion Items Clause: Evasion items are banned\n|rule|Species Clause: Limit one of each Pok\u00e9mon\n|rule|Sleep Clause Mod: Limit one foe put to sleep\n|rule|Mega Rayquaza Clause: You cannot mega evolve Rayquaza\n|clearpoke\n|poke|p1|Palafin, M|\n|poke|p1|Melmetal|\n|poke|p1|Xerneas-*|\n|poke|p1|Ho-Oh|\n|poke|p1|Mewtwo|\n|poke|p1|Pheromosa|\n|poke|p2|Lugia|\n|poke|p2|Zeraora|\n|poke|p2|Aegislash, M|\n|poke|p2|Garchomp, M|\n|poke|p2|Staraptor, F|\n|poke|p2|Xerneas-*|\n|teampreview\n|\n|t:|1700232836\n|start\n|switch|p1a: Palafin|Palafin, M|100\/100\n|switch|p2a: Garchomp|Garchomp, M|100\/100\n|turn|1\n|\n|t:|1700232840\n|move|p2a: Garchomp|Stealth Rock|p1a: Palafin\n|-sidestart|p1: washsleep|move: Stealth Rock\n|move|p1a: Palafin|Flip Turn|p2a: Garchomp\n|-damage|p2a: Garchomp|79\/100\n|-damage|p1a: Palafin|88\/100|[from] ability: Rough Skin|[of] p2a: Garchomp\n|inactive|Battle timer is ON: inactive players will automatically lose when time's up. (requested by Xero Dracohart)\n|\n|t:|1700232853\n|detailschange|p1a: Palafin|Palafin-Hero, M\n|switch|p1a: Ho-Oh|Ho-Oh|100\/100|[from] Flip Turn\n|\n|upkeep\n|turn|2\n|\n|t:|1700232858\n|move|p2a: Garchomp|Poison Jab|p1a: Ho-Oh\n|-damage|p1a: Ho-Oh|75\/100\n|move|p1a: Ho-Oh|Sacred Fire|p2a: Garchomp\n|-resisted|p2a: Garchomp\n|-damage|p2a: Garchomp|55\/100\n|-status|p2a: Garchomp|brn\n|\n|-damage|p2a: Garchomp|49\/100 brn|[from] brn\n|upkeep\n|turn|3\n|\n|t:|1700232864\n|move|p2a: Garchomp|Poison Jab|p1a: Ho-Oh\n|-damage|p1a: Ho-Oh|63\/100\n|move|p1a: Ho-Oh|Whirlwind|p2a: Garchomp\n|drag|p2a: Staraptor|Staraptor, F|100\/100\n|\n|upkeep\n|turn|4\n|\n|t:|1700232874\n|move|p2a: Staraptor|Final Gambit|p1a: Ho-Oh\n|-damage|p1a: Ho-Oh|0 fnt\n|faint|p2a: Staraptor\n|faint|p1a: Ho-Oh\n|\n|upkeep\n|\n|t:|1700232886\n|switch|p2a: Aegislash|Aegislash, M|100\/100\n|switch|p1a: Pheromosa|Pheromosa|100\/100\n|-damage|p1a: Pheromosa|88\/100|[from] Stealth Rock\n|turn|5\n|\n|t:|1700232892\n|move|p1a: Pheromosa|U-turn|p2a: Aegislash\n|-resisted|p2a: Aegislash\n|-damage|p2a: Aegislash|89\/100\n|-damage|p1a: Pheromosa|78\/100|[from] item: Life Orb\n|\n|t:|1700232898\n|switch|p1a: Palafin|Palafin-Hero, M|88\/100|[from] U-turn\n|-damage|p1a: Palafin|76\/100|[from] Stealth Rock\n|-activate|p1a: Palafin|ability: Zero to Hero\n|move|p2a: Aegislash|Swords Dance|p2a: Aegislash\n|-boost|p2a: Aegislash|atk|2\n|\n|upkeep\n|turn|6\n|\n|t:|1700232906\n|move|p2a: Aegislash|King's Shield|p2a: Aegislash\n|-singleturn|p2a: Aegislash|Protect\n|move|p1a: Palafin|Wave Crash|p2a: Aegislash\n|-activate|p2a: Aegislash|move: Protect\n|-unboost|p1a: Palafin|atk|1\n|\n|upkeep\n|turn|7\n|\n|t:|1700232915\n|move|p1a: Palafin|Flip Turn|p2a: Aegislash\n|-damage|p2a: Aegislash|64\/100\n|\n|t:|1700232928\n|switch|p1a: Mewtwo|Mewtwo|100\/100|[from] Flip Turn\n|-damage|p1a: Mewtwo|88\/100|[from] Stealth Rock\n|-ability|p1a: Mewtwo|Pressure\n|-formechange|p2a: Aegislash|Aegislash-Blade||[from] ability: Stance Change\n|move|p2a: Aegislash|Gyro Ball|p1a: Mewtwo\n|-damage|p1a: Mewtwo|0 fnt\n|faint|p1a: Mewtwo\n|\n|upkeep\n|inactive|washsleep has 120 seconds left.\n|\n|t:|1700232954\n|switch|p1a: Pheromosa|Pheromosa|78\/100\n|-damage|p1a: Pheromosa|66\/100|[from] Stealth Rock\n|turn|8\n|\n|t:|1700232960\n|move|p2a: Aegislash|Shadow Sneak|p1a: Pheromosa\n|-damage|p1a: Pheromosa|0 fnt\n|faint|p1a: Pheromosa\n|\n|upkeep\n|\n|t:|1700232963\n|switch|p1a: Melmetal|Melmetal|100\/100\n|-damage|p1a: Melmetal|94\/100|[from] Stealth Rock\n|turn|9\n|\n|t:|1700232966\n|-formechange|p2a: Aegislash|Aegislash||[from] ability: Stance Change\n|move|p2a: Aegislash|King's Shield|p2a: Aegislash\n|-singleturn|p2a: Aegislash|Protect\n|move|p1a: Melmetal|Darkest Lariat|p2a: Aegislash\n|-activate|p2a: Aegislash|move: Protect\n|-unboost|p1a: Melmetal|atk|1\n|\n|upkeep\n|turn|10\n|\n|t:|1700232977\n|switch|p1a: Palafin|Palafin-Hero, M|76\/100\n|-damage|p1a: Palafin|64\/100|[from] Stealth Rock\n|move|p2a: Aegislash|Swords Dance|p2a: Aegislash\n|-boost|p2a: Aegislash|atk|2\n|\n|upkeep\n|turn|11\n|\n|t:|1700232987\n|move|p2a: Aegislash|King's Shield|p2a: Aegislash\n|-singleturn|p2a: Aegislash|Protect\n|move|p1a: Palafin|Grass Knot|p2a: Aegislash\n|-activate|p2a: Aegislash|move: Protect\n|-unboost|p1a: Palafin|atk|1\n|\n|upkeep\n|turn|12\n|\n|t:|1700232994\n|move|p1a: Palafin|Wave Crash|p2a: Aegislash\n|-crit|p2a: Aegislash\n|-damage|p2a: Aegislash|0 fnt\n|faint|p2a: Aegislash\n|-damage|p1a: Palafin|47\/100|[from] Recoil\n|\n|upkeep\n|\n|t:|1700232998\n|switch|p2a: Garchomp|Garchomp, M|49\/100 brn\n|turn|13\n|\n|t:|1700233001\n|move|p2a: Garchomp|Poison Jab|p1a: Palafin\n|-damage|p1a: Palafin|32\/100\n|move|p1a: Palafin|Flip Turn|p2a: Garchomp\n|-damage|p2a: Garchomp|22\/100 brn\n|-damage|p1a: Palafin|20\/100|[from] ability: Rough Skin|[of] p2a: Garchomp\n|\n|t:|1700233005\n|switch|p1a: Xerneas|Xerneas|100\/100|[from] Flip Turn\n|-damage|p1a: Xerneas|88\/100|[from] Stealth Rock\n|-ability|p1a: Xerneas|Fairy Aura\n|\n|-damage|p2a: Garchomp|16\/100 brn|[from] brn\n|upkeep\n|turn|14\n|\n|t:|1700233013\n|-terastallize|p1a: Xerneas|Ground\n|move|p2a: Garchomp|Poison Jab|p1a: Xerneas\n|-resisted|p1a: Xerneas\n|-damage|p1a: Xerneas|82\/100\n|move|p1a: Xerneas|Geomancy||[still]\n|-prepare|p1a: Xerneas|Geomancy\n|-enditem|p1a: Xerneas|Power Herb\n|-anim|p1a: Xerneas|Geomancy|p1a: Xerneas\n|-boost|p1a: Xerneas|spa|2\n|-boost|p1a: Xerneas|spd|2\n|-boost|p1a: Xerneas|spe|2\n|\n|-damage|p2a: Garchomp|9\/100 brn|[from] brn\n|upkeep\n|turn|15\n|\n|t:|1700233019\n|move|p1a: Xerneas|Geomancy||[still]\n|-prepare|p1a: Xerneas|Geomancy\n|move|p2a: Garchomp|Poison Jab|p1a: Xerneas\n|-resisted|p1a: Xerneas\n|-damage|p1a: Xerneas|75\/100\n|-status|p1a: Xerneas|psn\n|\n|-damage|p1a: Xerneas|63\/100 psn|[from] psn\n|-damage|p2a: Garchomp|3\/100 brn|[from] brn\n|upkeep\n|turn|16\n|\n|t:|1700233024\n|move|p1a: Xerneas|Geomancy|p1a: Xerneas|[from]lockedmove\n|-boost|p1a: Xerneas|spa|2\n|-boost|p1a: Xerneas|spd|2\n|-boost|p1a: Xerneas|spe|2\n|move|p2a: Garchomp|Earthquake|p1a: Xerneas\n|-damage|p1a: Xerneas|40\/100 psn\n|\n|-damage|p1a: Xerneas|27\/100 psn|[from] psn\n|-damage|p2a: Garchomp|0 fnt|[from] brn\n|faint|p2a: Garchomp\n|upkeep\n|\n|t:|1700233030\n|switch|p2a: Lugia|Lugia|100\/100\n|turn|17\n|\n|t:|1700233039\n|move|p2a: Lugia|Protect|p2a: Lugia\n|-singleturn|p2a: Lugia|Protect\n|move|p1a: Xerneas|Psyshock|p2a: Lugia\n|-activate|p2a: Lugia|move: Protect\n|\n|-damage|p1a: Xerneas|15\/100 psn|[from] psn\n|upkeep\n|turn|18\n|\n|t:|1700233045\n|move|p1a: Xerneas|Psyshock|p2a: Lugia\n|-resisted|p2a: Lugia\n|-damage|p2a: Lugia|88\/100\n|move|p2a: Lugia|Roost|p2a: Lugia\n|-heal|p2a: Lugia|100\/100\n|-singleturn|p2a: Lugia|move: Roost\n|\n|-damage|p1a: Xerneas|2\/100 psn|[from] psn\n|upkeep\n|turn|19\n|\n|t:|1700233051\n|move|p2a: Lugia|Protect|p2a: Lugia\n|-singleturn|p2a: Lugia|Protect\n|move|p1a: Xerneas|Horn Leech|p2a: Lugia\n|-activate|p2a: Lugia|move: Protect\n|\n|-damage|p1a: Xerneas|0 fnt|[from] psn\n|faint|p1a: Xerneas\n|upkeep\n|\n|t:|1700233060\n|switch|p1a: Melmetal|Melmetal|94\/100\n|-damage|p1a: Melmetal|88\/100|[from] Stealth Rock\n|turn|20\n|\n|t:|1700233066\n|move|p2a: Lugia|Aeroblast|p1a: Melmetal\n|-resisted|p1a: Melmetal\n|-damage|p1a: Melmetal|68\/100\n|move|p1a: Melmetal|Double Iron Bash|p2a: Lugia\n|-damage|p2a: Lugia|80\/100\n|-damage|p2a: Lugia|39\/100\n|-hitcount|p2a: Lugia|2\n|\n|-heal|p2a: Lugia|46\/100|[from] item: Leftovers\n|upkeep\n|turn|21\n|\n|t:|1700233075\n|move|p2a: Lugia|Protect|p2a: Lugia\n|-singleturn|p2a: Lugia|Protect\n|move|p1a: Melmetal|Double Iron Bash|p2a: Lugia\n|-activate|p2a: Lugia|move: Protect\n|\n|-heal|p2a: Lugia|52\/100|[from] item: Leftovers\n|upkeep\n|turn|22\n|\n|t:|1700233080\n|switch|p2a: Xerneas|Xerneas|100\/100\n|-ability|p2a: Xerneas|Fairy Aura\n|move|p1a: Melmetal|Double Iron Bash|p2a: Xerneas\n|-supereffective|p2a: Xerneas\n|-damage|p2a: Xerneas|0 fnt\n|faint|p2a: Xerneas\n|-hitcount|p2: Xerneas|1\n|\n|upkeep\n|\n|t:|1700233082\n|switch|p2a: Zeraora|Zeraora|100\/100\n|turn|23\n|\n|t:|1700233092\n|-terastallize|p2a: Zeraora|Electric\n|move|p2a: Zeraora|Plasma Fists|p1a: Melmetal\n|-damage|p1a: Melmetal|38\/100\n|-fieldactivate|move: Ion Deluge\n|-hint|Normal-type moves become Electric-type after using Plasma Fists.\n|move|p1a: Melmetal|Double Iron Bash|p2a: Zeraora\n|-resisted|p2a: Zeraora\n|-damage|p2a: Zeraora|53\/100\n|-resisted|p2a: Zeraora\n|-damage|p2a: Zeraora|12\/100\n|-hitcount|p2a: Zeraora|2\n|\n|upkeep\n|turn|24\n|\n|t:|1700233112\n|move|p2a: Zeraora|Plasma Fists|p1a: Melmetal\n|-damage|p1a: Melmetal|6\/100\n|-fieldactivate|move: Ion Deluge\n|-hint|Normal-type moves become Electric-type after using Plasma Fists.\n|move|p1a: Melmetal|Double Iron Bash|p2a: Zeraora\n|-resisted|p2a: Zeraora\n|-crit|p2a: Zeraora\n|-damage|p2a: Zeraora|0 fnt\n|faint|p2a: Zeraora\n|-hitcount|p2: Zeraora|1\n|\n|upkeep\n|\n|t:|1700233117\n|switch|p2a: Lugia|Lugia|52\/100\n|turn|25\n|\n|t:|1700233123\n|move|p2a: Lugia|Aeroblast|p1a: Melmetal\n|-resisted|p1a: Melmetal\n|-damage|p1a: Melmetal|0 fnt\n|faint|p1a: Melmetal\n|\n|-heal|p2a: Lugia|58\/100|[from] item: Leftovers\n|upkeep\n|\n|t:|1700233126\n|switch|p1a: Palafin|Palafin-Hero, M|20\/100\n|-damage|p1a: Palafin|8\/100|[from] Stealth Rock\n|turn|26\n|\n|t:|1700233132\n|move|p2a: Lugia|Protect|p2a: Lugia\n|-singleturn|p2a: Lugia|Protect\n|move|p1a: Palafin|Wave Crash|p2a: Lugia\n|-activate|p2a: Lugia|move: Protect\n|\n|-heal|p2a: Lugia|64\/100|[from] item: Leftovers\n|upkeep\n|turn|27\n|\n|t:|1700233134\n|move|p1a: Palafin|Wave Crash|p2a: Lugia\n|-damage|p2a: Lugia|20\/100\n|-damage|p1a: Palafin|0 fnt|[from] Recoil\n|faint|p1a: Palafin\n|\n|win|Xero Dracohart\n|raw|washsleep's rating: 1070 &rarr; <strong>1057<\/strong><br \/>(-13 for losing)\n|raw|Xero Dracohart's rating: 1209 &rarr; <strong>1224<\/strong><br \/>(+15 for winning)\n|c|\u2606Xero Dracohart|Gg\n|l|\u2606washsleep\n","uploadtime":1700233161,"views":17,"p1id":"washsleep","p2id":"xerodracohart","formatid":"gen9nationaldexubers","rating":1057,"private":0,"password":""}