{"id":"gen9nationaldexubers-1987149864","p1":"Blake-Mamba","p2":"Dante Spardason","format":"[Gen 9] National Dex Ubers","log":"|j|\u2606Blake-Mamba\n|j|\u2606Dante Spardason\n|t:|1699560207\n|gametype|singles\n|player|p1|Blake-Mamba|juan|1272\n|player|p2|Dante Spardason|gambler|1369\n|teamsize|p1|6\n|teamsize|p2|6\n|gen|9\n|tier|[Gen 9] National Dex Ubers\n|rated|\n|rule|HP Percentage Mod: HP is shown in percentages\n|rule|Endless Battle Clause: Forcing endless battles is banned\n|rule|OHKO Clause: OHKO moves are banned\n|rule|Evasion Moves Clause: Evasion moves are banned\n|rule|Evasion Items Clause: Evasion items are banned\n|rule|Species Clause: Limit one of each Pok\u00e9mon\n|rule|Sleep Clause Mod: Limit one foe put to sleep\n|rule|Mega Rayquaza Clause: You cannot mega evolve Rayquaza\n|clearpoke\n|poke|p1|Regieleki|\n|poke|p1|Regidrago|\n|poke|p1|Regigigas|\n|poke|p1|Regirock|\n|poke|p1|Regice|\n|poke|p1|Registeel|\n|poke|p2|Slither Wing|\n|poke|p2|Flutter Mane|\n|poke|p2|Calyrex-Ice|\n|poke|p2|Yveltal|\n|poke|p2|Samurott-Hisui, M|\n|poke|p2|Ho-Oh|\n|teampreview\n|inactive|Battle timer is ON: inactive players will automatically lose when time's up. (requested by Dante Spardason)\n|c|\u2606Dante Spardason|UN UN UN\n|\n|t:|1699560227\n|start\n|switch|p1a: Regieleki|Regieleki|100\/100\n|switch|p2a: Samurott|Samurott-Hisui, M, shiny|100\/100\n|turn|1\n|\n|t:|1699560233\n|switch|p2a: Flutter Mane|Flutter Mane, shiny|100\/100\n|-enditem|p2a: Flutter Mane|Booster Energy\n|-activate|p2a: Flutter Mane|ability: Protosynthesis|[fromitem]\n|-start|p2a: Flutter Mane|protosynthesisspe\n|move|p1a: Regieleki|Volt Switch|p2a: Flutter Mane\n|-damage|p2a: Flutter Mane|29\/100\n|\n|t:|1699560243\n|switch|p1a: Registeel|Registeel|100\/100|[from] Volt Switch\n|\n|upkeep\n|turn|2\n|\n|t:|1699560248\n|move|p2a: Flutter Mane|Mystical Fire|p1a: Registeel\n|-supereffective|p1a: Registeel\n|-damage|p1a: Registeel|68\/100\n|move|p1a: Registeel|Stealth Rock|p2a: Flutter Mane\n|-sidestart|p2: Dante Spardason|move: Stealth Rock\n|\n|upkeep\n|turn|3\n|\n|t:|1699560255\n|move|p2a: Flutter Mane|Mystical Fire|p1a: Registeel\n|-supereffective|p1a: Registeel\n|-damage|p1a: Registeel|32\/100\n|move|p1a: Registeel|Steel Beam|p2a: Flutter Mane\n|-supereffective|p2a: Flutter Mane\n|-damage|p2a: Flutter Mane|0 fnt\n|-damage|p1a: Registeel|0 fnt|[from] steelbeam\n|faint|p1a: Registeel\n|faint|p2a: Flutter Mane\n|-end|p2a: Flutter Mane|Protosynthesis|[silent]\n|\n|upkeep\n|\n|t:|1699560265\n|switch|p2a: Calyrex|Calyrex-Ice|100\/100\n|switch|p1a: Regieleki|Regieleki|100\/100\n|-ability|p2a: Calyrex|As One\n|-ability|p2a: Calyrex|Unnerve\n|-damage|p2a: Calyrex|76\/100|[from] Stealth Rock\n|turn|4\n|\n|t:|1699560275\n|-terastallize|p2a: Calyrex|Steel\n|move|p1a: Regieleki|Thunder|p2a: Calyrex\n|-damage|p2a: Calyrex|0 fnt\n|faint|p2a: Calyrex\n|\n|upkeep\n|\n|t:|1699560286\n|switch|p2a: Slither Wing|Slither Wing, shiny|100\/100\n|-damage|p2a: Slither Wing|88\/100|[from] Stealth Rock\n|-enditem|p2a: Slither Wing|Booster Energy\n|-activate|p2a: Slither Wing|ability: Protosynthesis|[fromitem]\n|-start|p2a: Slither Wing|protosynthesisatk\n|turn|5\n|\n|t:|1699560292\n|switch|p1a: Regirock|Regirock|100\/100\n|move|p2a: Slither Wing|First Impression|p1a: Regirock\n|-damage|p1a: Regirock|71\/100\n|-damage|p2a: Slither Wing|72\/100|[from] item: Rocky Helmet|[of] p1a: Regirock\n|\n|upkeep\n|turn|6\n|\n|t:|1699560301\n|-terastallize|p1a: Regirock|Fighting\n|move|p2a: Slither Wing|Earthquake|p1a: Regirock\n|-damage|p1a: Regirock|50\/100\n|move|p1a: Regirock|Iron Defense|p1a: Regirock\n|-boost|p1a: Regirock|def|2\n|\n|upkeep\n|turn|7\n|\n|t:|1699560309\n|move|p2a: Slither Wing|Acrobatics|p1a: Regirock\n|-supereffective|p1a: Regirock\n|-damage|p1a: Regirock|28\/100\n|-damage|p2a: Slither Wing|55\/100|[from] item: Rocky Helmet|[of] p1a: Regirock\n|move|p1a: Regirock|Toxic|p2a: Slither Wing\n|-status|p2a: Slither Wing|tox\n|\n|-damage|p2a: Slither Wing|49\/100 tox|[from] psn\n|upkeep\n|turn|8\n|\n|t:|1699560319\n|move|p2a: Slither Wing|Acrobatics|p1a: Regirock\n|-supereffective|p1a: Regirock\n|-damage|p1a: Regirock|6\/100\n|-damage|p2a: Slither Wing|33\/100 tox|[from] item: Rocky Helmet|[of] p1a: Regirock\n|move|p1a: Regirock|Rest|p1a: Regirock\n|-status|p1a: Regirock|slp|[from] move: Rest\n|-heal|p1a: Regirock|100\/100 slp|[silent]\n|\n|-damage|p2a: Slither Wing|21\/100 tox|[from] psn\n|upkeep\n|turn|9\n|\n|t:|1699560338\n|-end|p2a: Slither Wing|Protosynthesis|[silent]\n|switch|p2a: Samurott|Samurott-Hisui, M, shiny|100\/100\n|-damage|p2a: Samurott|88\/100|[from] Stealth Rock\n|switch|p1a: Regigigas|Regigigas|100\/100\n|-start|p1a: Regigigas|ability: Slow Start\n|\n|upkeep\n|turn|10\n|\n|t:|1699560348\n|move|p2a: Samurott|Ceaseless Edge|p1a: Regigigas\n|-damage|p1a: Regigigas|64\/100\n|-sidestart|p1: Blake-Mamba|Spikes\n|move|p1a: Regigigas|Drain Punch|p2a: Samurott\n|-supereffective|p2a: Samurott\n|-damage|p2a: Samurott|48\/100\n|-heal|p1a: Regigigas|79\/100|[from] drain|[of] p2a: Samurott\n|\n|-heal|p1a: Regigigas|85\/100|[from] item: Leftovers\n|upkeep\n|turn|11\n|\n|t:|1699560360\n|move|p2a: Samurott|Ceaseless Edge|p1a: Regigigas\n|-crit|p1a: Regigigas\n|-damage|p1a: Regigigas|23\/100\n|-sidestart|p1: Blake-Mamba|Spikes\n|move|p1a: Regigigas|Drain Punch|p2a: Samurott\n|-supereffective|p2a: Samurott\n|-damage|p2a: Samurott|13\/100\n|-heal|p1a: Regigigas|37\/100|[from] drain|[of] p2a: Samurott\n|\n|-heal|p1a: Regigigas|43\/100|[from] item: Leftovers\n|upkeep\n|turn|12\n|\n|t:|1699560371\n|move|p2a: Samurott|Ceaseless Edge|p1a: Regigigas\n|-damage|p1a: Regigigas|3\/100\n|-sidestart|p1: Blake-Mamba|Spikes\n|move|p1a: Regigigas|Drain Punch|p2a: Samurott\n|-supereffective|p2a: Samurott\n|-damage|p2a: Samurott|0 fnt\n|-heal|p1a: Regigigas|8\/100|[from] drain|[of] p2a: Samurott\n|faint|p2a: Samurott\n|\n|-heal|p1a: Regigigas|14\/100|[from] item: Leftovers\n|upkeep\n|\n|t:|1699560375\n|switch|p2a: Yveltal|Yveltal|100\/100\n|-damage|p2a: Yveltal|76\/100|[from] Stealth Rock\n|-ability|p2a: Yveltal|Dark Aura\n|turn|13\n|\n|t:|1699560388\n|move|p2a: Yveltal|Dark Pulse|p1a: Regigigas\n|-damage|p1a: Regigigas|0 fnt\n|faint|p1a: Regigigas\n|-end|p1a: Regigigas|Slow Start|[silent]\n|\n|upkeep\n|\n|t:|1699560392\n|switch|p1a: Regidrago|Regidrago|100\/100\n|-damage|p1a: Regidrago|76\/100|[from] Spikes\n|turn|14\n|\n|t:|1699560398\n|move|p2a: Yveltal|Dark Pulse|p1a: Regidrago\n|-damage|p1a: Regidrago|6\/100\n|move|p1a: Regidrago|Draco Meteor|p2a: Yveltal\n|-damage|p2a: Yveltal|0 fnt\n|-unboost|p1a: Regidrago|spa|2\n|faint|p2a: Yveltal\n|\n|upkeep\n|\n|t:|1699560403\n|switch|p2a: Slither Wing|Slither Wing, shiny|21\/100 tox\n|-damage|p2a: Slither Wing|9\/100 tox|[from] Stealth Rock\n|turn|15\n|\n|t:|1699560411\n|switch|p1a: Regirock|Regirock, tera:Fighting|100\/100 slp\n|-damage|p1a: Regirock|75\/100 slp|[from] Spikes\n|move|p2a: Slither Wing|Acrobatics|p1a: Regirock\n|-supereffective|p1a: Regirock\n|-damage|p1a: Regirock|39\/100 slp\n|-damage|p2a: Slither Wing|0 fnt|[from] item: Rocky Helmet|[of] p1a: Regirock\n|faint|p2a: Slither Wing\n|-end|p2a: Slither Wing|Protosynthesis|[silent]\n|\n|upkeep\n|\n|t:|1699560417\n|switch|p2a: Ho-Oh|Ho-Oh|100\/100\n|turn|16\n|\n|t:|1699560423\n|move|p2a: Ho-Oh|Brave Bird|p1a: Regirock\n|-supereffective|p1a: Regirock\n|-damage|p1a: Regirock|0 fnt\n|-damage|p2a: Ho-Oh|84\/100|[from] item: Rocky Helmet|[of] p1a: Regirock\n|faint|p1a: Regirock\n|-damage|p2a: Ho-Oh|73\/100|[from] Recoil\n|\n|upkeep\n|\n|t:|1699560431\n|switch|p1a: Regice|Regice|100\/100\n|-damage|p1a: Regice|76\/100|[from] Spikes\n|turn|17\n|\n|t:|1699560436\n|move|p2a: Ho-Oh|Toxic|p1a: Regice\n|-status|p1a: Regice|tox\n|move|p1a: Regice|Ancient Power|p2a: Ho-Oh\n|-supereffective|p2a: Ho-Oh\n|-damage|p2a: Ho-Oh|32\/100\n|\n|-damage|p1a: Regice|70\/100 tox|[from] psn\n|upkeep\n|turn|18\n|\n|t:|1699560444\n|move|p2a: Ho-Oh|Sacred Fire|p1a: Regice\n|-supereffective|p1a: Regice\n|-damage|p1a: Regice|0 fnt\n|faint|p1a: Regice\n|\n|upkeep\n|\n|t:|1699560450\n|switch|p1a: Regieleki|Regieleki|100\/100\n|-damage|p1a: Regieleki|76\/100|[from] Spikes\n|turn|19\n|c|\u2606Blake-Mamba|Gg\n|\n|t:|1699560456\n|move|p1a: Regieleki|Volt Switch|p2a: Ho-Oh\n|-supereffective|p2a: Ho-Oh\n|-damage|p2a: Ho-Oh|0 fnt\n|faint|p2a: Ho-Oh\n|\n|win|Blake-Mamba\n|raw|Blake-Mamba's rating: 1272 &rarr; <strong>1304<\/strong><br \/>(+32 for winning)\n|raw|Dante Spardason's rating: 1369 &rarr; <strong>1344<\/strong><br \/>(-25 for losing)\n|c|\u2606Dante Spardason|ggwp\n","uploadtime":1699560473,"views":13,"p1id":"blakemamba","p2id":"dantespardason","formatid":"gen9nationaldexubers","rating":1304,"private":0,"password":""}