{"id":"gen9nationaldexubers-1978325494","p1":"TalisWaffle","p2":"patinhogameplays","format":"[Gen 9] National Dex Ubers","log":"|j|\u2606TalisWaffle\n|j|\u2606patinhogameplays\n|t:|1698525333\n|gametype|singles\n|player|p1|TalisWaffle|170|1100\n|player|p2|patinhogameplays|preschooler|1004\n|teamsize|p1|6\n|teamsize|p2|2\n|gen|9\n|tier|[Gen 9] National Dex Ubers\n|rated|\n|rule|HP Percentage Mod: HP is shown in percentages\n|rule|Endless Battle Clause: Forcing endless battles is banned\n|rule|OHKO Clause: OHKO moves are banned\n|rule|Evasion Moves Clause: Evasion moves are banned\n|rule|Evasion Items Clause: Evasion items are banned\n|rule|Species Clause: Limit one of each Pok\u00e9mon\n|rule|Sleep Clause Mod: Limit one foe put to sleep\n|rule|Mega Rayquaza Clause: You cannot mega evolve Rayquaza\n|clearpoke\n|poke|p1|Roaring Moon|\n|poke|p1|Charizard, M|\n|poke|p1|Alakazam, F|\n|poke|p1|Great Tusk|\n|poke|p1|Genesect|\n|poke|p1|Tapu Fini|\n|poke|p2|Snorlax, F|\n|poke|p2|Mimikyu, F|\n|teampreview\n|inactive|Battle timer is ON: inactive players will automatically lose when time's up. (requested by patinhogameplays)\n|c|\u2606patinhogameplays|glhf\n|\n|t:|1698525345\n|start\n|switch|p1a: Great Tusk|Great Tusk|100\/100\n|switch|p2a: Snorlax|Snorlax, F|100\/100\n|turn|1\n|\n|t:|1698525350\n|move|p1a: Great Tusk|Stealth Rock|p2a: Snorlax\n|-sidestart|p2: patinhogameplays|move: Stealth Rock\n|move|p2a: Snorlax|Yawn|p1a: Great Tusk\n|-start|p1a: Great Tusk|move: Yawn|[of] p2a: Snorlax\n|\n|-status|p2a: Snorlax|tox|[from] item: Toxic Orb\n|upkeep\n|turn|2\n|\n|t:|1698525359\n|move|p1a: Great Tusk|Knock Off|p2a: Snorlax\n|-damage|p2a: Snorlax|75\/100 tox\n|-enditem|p2a: Snorlax|Toxic Orb|[from] move: Knock Off|[of] p1a: Great Tusk\n|move|p2a: Snorlax|Substitute|p2a: Snorlax\n|-start|p2a: Snorlax|Substitute\n|-damage|p2a: Snorlax|50\/100 tox\n|\n|-damage|p2a: Snorlax|44\/100 tox|[from] psn\n|-end|p1a: Great Tusk|move: Yawn|[silent]\n|-status|p1a: Great Tusk|slp\n|upkeep\n|turn|3\n|\n|t:|1698525368\n|-end|p1a: Great Tusk|Protosynthesis|[silent]\n|switch|p1a: Genesect|Genesect, shiny|100\/100\n|-ability|p1a: Genesect|Download|boost\n|-boost|p1a: Genesect|atk|1\n|move|p2a: Snorlax|Yawn|p1a: Genesect\n|-start|p1a: Genesect|move: Yawn|[of] p2a: Snorlax\n|\n|-damage|p2a: Snorlax|32\/100 tox|[from] psn\n|upkeep\n|turn|4\n|c|\u2606TalisWaffle|Nice one\n|\n|t:|1698525378\n|move|p2a: Snorlax|Protect|p2a: Snorlax\n|-singleturn|p2a: Snorlax|Protect\n|move|p1a: Genesect|Shift Gear|p1a: Genesect\n|-boost|p1a: Genesect|spe|2\n|-boost|p1a: Genesect|atk|1\n|\n|-damage|p2a: Snorlax|13\/100 tox|[from] psn\n|-end|p1a: Genesect|move: Yawn|[silent]\n|-message|Sleep Clause Mod activated.\n|-hint|Sleep Clause Mod prevents players from putting more than one of their opponent's Pok\u00e9mon to sleep at a time\n|upkeep\n|turn|5\n|\n|t:|1698525388\n|move|p1a: Genesect|Extreme Speed|p2a: Snorlax\n|-crit|p2a: Snorlax\n|-end|p2a: Snorlax|Substitute\n|-damage|p1a: Genesect|91\/100|[from] item: Life Orb\n|move|p2a: Snorlax|Belly Drum||[still]\n|-fail|p2a: Snorlax\n|\n|-damage|p2a: Snorlax|0 fnt|[from] psn\n|faint|p2a: Snorlax\n|upkeep\n|\n|t:|1698525397\n|switch|p2a: Mimikyu|Mimikyu, F|100\/100\n|-damage|p2a: Mimikyu|88\/100|[from] Stealth Rock\n|turn|6\n|\n|t:|1698525403\n|move|p1a: Genesect|Blaze Kick|p2a: Mimikyu\n|-activate|p2a: Mimikyu|ability: Disguise\n|-damage|p2a: Mimikyu|88\/100\n|detailschange|p2a: Mimikyu|Mimikyu-Busted, F\n|-damage|p2a: Mimikyu|76\/100|[from] pokemon: Mimikyu-Busted\n|-damage|p1a: Genesect|81\/100|[from] item: Life Orb\n|move|p2a: Mimikyu|Copycat|p2a: Mimikyu\n|move|p2a: Mimikyu|Blaze Kick|p1a: Genesect|[from]move: Copycat\n|-supereffective|p1a: Genesect\n|-damage|p1a: Genesect|0 fnt\n|faint|p1a: Genesect\n|\n|upkeep\n|c|\u2606patinhogameplays|gg\n|-message|patinhogameplays forfeited.\n|\n|win|TalisWaffle\n|raw|TalisWaffle's rating: 1100 &rarr; <strong>1118<\/strong><br \/>(+18 for winning)\n|raw|patinhogameplays's rating: 1004 &rarr; <strong>1000<\/strong><br \/>(-4 for losing)\n","uploadtime":1698525414,"views":7,"p1id":"taliswaffle","p2id":"patinhogameplays","formatid":"gen9nationaldexubers","rating":1000,"private":0,"password":""}