{"id":"gen9nationaldexubers-1981080903","p1":"Videorelaxant777","p2":"whaah","format":"[Gen 9] National Dex Ubers","log":"|j|\u2606Videorelaxant777\n|j|\u2606whaah\n|t:|1698862017\n|gametype|singles\n|player|p1|Videorelaxant777|zinnia|1346\n|player|p2|whaah|plasmagrunt-gen5bw|1336\n|teamsize|p1|6\n|teamsize|p2|6\n|gen|9\n|tier|[Gen 9] National Dex Ubers\n|rated|\n|rule|HP Percentage Mod: HP is shown in percentages\n|rule|Endless Battle Clause: Forcing endless battles is banned\n|rule|OHKO Clause: OHKO moves are banned\n|rule|Evasion Moves Clause: Evasion moves are banned\n|rule|Evasion Items Clause: Evasion items are banned\n|rule|Species Clause: Limit one of each Pok\u00e9mon\n|rule|Sleep Clause Mod: Limit one foe put to sleep\n|rule|Mega Rayquaza Clause: You cannot mega evolve Rayquaza\n|clearpoke\n|poke|p1|Arceus|\n|poke|p1|Grimmsnarl, M|\n|poke|p1|Marshadow|\n|poke|p1|Blissey, F|\n|poke|p1|Landorus-Therian, M|\n|poke|p1|Serperior, F|\n|poke|p2|Giratina|\n|poke|p2|Ho-Oh|\n|poke|p2|Dondozo, F|\n|poke|p2|Chansey, F|\n|poke|p2|Clodsire, F|\n|poke|p2|Tyranitar, M|\n|teampreview\n|c|\u2606Videorelaxant777|glhf\n|\n|t:|1698862025\n|start\n|switch|p1a: Ben Shapiro|Grimmsnarl, M|100\/100\n|switch|p2a: Tyranitar|Tyranitar, M|100\/100\n|-weather|Sandstorm|[from] ability: Sand Stream|[of] p2a: Tyranitar\n|turn|1\n|\n|t:|1698862034\n|detailschange|p2a: Tyranitar|Tyranitar-Mega, M\n|-mega|p2a: Tyranitar|Tyranitar|Tyranitarite\n|move|p1a: Ben Shapiro|Reflect|p1a: Ben Shapiro\n|-sidestart|p1: Videorelaxant777|Reflect\n|move|p2a: Tyranitar|Knock Off|p1a: Ben Shapiro\n|-resisted|p1a: Ben Shapiro\n|-damage|p1a: Ben Shapiro|93\/100\n|-enditem|p1a: Ben Shapiro|Light Clay|[from] move: Knock Off|[of] p2a: Tyranitar\n|\n|-weather|Sandstorm|[upkeep]\n|-damage|p1a: Ben Shapiro|87\/100|[from] Sandstorm\n|upkeep\n|turn|2\n|\n|t:|1698862042\n|switch|p2a: Giratina|Giratina|100\/100\n|-ability|p2a: Giratina|Pressure\n|move|p1a: Ben Shapiro|Parting Shot|p2a: Giratina\n|-unboost|p2a: Giratina|atk|1\n|-unboost|p2a: Giratina|spa|1\n|\n|t:|1698862048\n|switch|p1a: The Medic|Blissey, F, shiny|100\/100|[from] Parting Shot\n|\n|-weather|Sandstorm|[upkeep]\n|-damage|p2a: Giratina|94\/100|[from] Sandstorm\n|-damage|p1a: The Medic|94\/100|[from] Sandstorm\n|-heal|p2a: Giratina|100\/100|[from] item: Leftovers\n|-heal|p1a: The Medic|100\/100|[from] item: Leftovers\n|upkeep\n|turn|3\n|\n|t:|1698862058\n|move|p2a: Giratina|Toxic|p1a: The Medic\n|-status|p1a: The Medic|tox\n|move|p1a: The Medic|Wish|p1a: The Medic\n|\n|-weather|Sandstorm|[upkeep]\n|-damage|p2a: Giratina|94\/100|[from] Sandstorm\n|-damage|p1a: The Medic|94\/100 tox|[from] Sandstorm\n|-heal|p2a: Giratina|100\/100|[from] item: Leftovers\n|-heal|p1a: The Medic|100\/100 tox|[from] item: Leftovers\n|-damage|p1a: The Medic|94\/100 tox|[from] psn\n|upkeep\n|turn|4\n|\n|t:|1698862070\n|-curestatus|p1a: The Medic|tox|[from] ability: Natural Cure\n|switch|p1a: Truck|Arceus|100\/100\n|move|p2a: Giratina|Defog|p1a: Truck\n|-unboost|p1a: Truck|evasion|1\n|-sideend|p1: Videorelaxant777|Reflect\n|\n|-weather|Sandstorm|[upkeep]\n|-damage|p1a: Truck|94\/100|[from] Sandstorm\n|-damage|p2a: Giratina|94\/100|[from] Sandstorm\n|-heal|p1a: Truck|100\/100|[from] move: Wish|[wisher] The Medic\n|-heal|p2a: Giratina|100\/100|[from] item: Leftovers\n|upkeep\n|turn|5\n|\n|t:|1698862079\n|move|p1a: Truck|Swords Dance|p1a: Truck\n|-boost|p1a: Truck|atk|2\n|move|p2a: Giratina|Toxic|p1a: Truck\n|-status|p1a: Truck|tox\n|-enditem|p1a: Truck|Lum Berry|[eat]\n|-curestatus|p1a: Truck|tox|[msg]\n|\n|-weather|none\n|upkeep\n|turn|6\n|\n|t:|1698862083\n|move|p1a: Truck|Swords Dance|p1a: Truck\n|-boost|p1a: Truck|atk|2\n|move|p2a: Giratina|Toxic|p1a: Truck\n|-status|p1a: Truck|tox\n|\n|-damage|p1a: Truck|94\/100 tox|[from] psn\n|upkeep\n|turn|7\n|\n|t:|1698862089\n|switch|p2a: Dondozo|Dondozo, F|100\/100\n|move|p1a: Truck|Shadow Claw|p2a: Dondozo\n|-damage|p2a: Dondozo|89\/100\n|\n|-heal|p2a: Dondozo|95\/100|[from] item: Leftovers\n|-damage|p1a: Truck|82\/100 tox|[from] psn\n|upkeep\n|turn|8\n|\n|t:|1698862097\n|-terastallize|p1a: Truck|Normal\n|move|p1a: Truck|Extreme Speed|p2a: Dondozo\n|-damage|p2a: Dondozo|68\/100\n|move|p2a: Dondozo|Curse|p2a: Dondozo\n|-unboost|p2a: Dondozo|spe|1\n|-boost|p2a: Dondozo|atk|1\n|-boost|p2a: Dondozo|def|1\n|\n|-heal|p2a: Dondozo|75\/100|[from] item: Leftovers\n|-damage|p1a: Truck|64\/100 tox|[from] psn\n|upkeep\n|turn|9\n|\n|t:|1698862110\n|move|p1a: Truck|Extreme Speed|p2a: Dondozo\n|-damage|p2a: Dondozo|57\/100\n|move|p2a: Dondozo|Liquidation|p1a: Truck\n|-damage|p1a: Truck|33\/100 tox\n|-unboost|p1a: Truck|def|1\n|\n|-heal|p2a: Dondozo|63\/100|[from] item: Leftovers\n|-damage|p1a: Truck|9\/100 tox|[from] psn\n|upkeep\n|turn|10\n|\n|t:|1698862118\n|move|p1a: Truck|Extreme Speed|p2a: Dondozo\n|-damage|p2a: Dondozo|46\/100\n|move|p2a: Dondozo|Curse|p2a: Dondozo\n|-unboost|p2a: Dondozo|spe|1\n|-boost|p2a: Dondozo|atk|1\n|-boost|p2a: Dondozo|def|1\n|\n|-heal|p2a: Dondozo|52\/100|[from] item: Leftovers\n|-damage|p1a: Truck|0 fnt|[from] psn\n|faint|p1a: Truck\n|upkeep\n|\n|t:|1698862124\n|switch|p1a: Pumped Up Kicks|Marshadow|100\/100\n|turn|11\n|\n|t:|1698862134\n|switch|p2a: Chansey|Chansey, F|100\/100\n|move|p1a: Pumped Up Kicks|Spectral Thief|p2a: Chansey\n|-immune|p2a: Chansey\n|\n|upkeep\n|turn|12\n|\n|t:|1698862141\n|switch|p1a: The Medic|Blissey, F, shiny|94\/100\n|switch|p2a: Dondozo|Dondozo, F|52\/100\n|\n|-heal|p1a: The Medic|100\/100|[from] item: Leftovers\n|-heal|p2a: Dondozo|58\/100|[from] item: Leftovers\n|upkeep\n|turn|13\n|\n|t:|1698862147\n|move|p1a: The Medic|Seismic Toss|p2a: Dondozo\n|-damage|p2a: Dondozo|39\/100\n|move|p2a: Dondozo|Liquidation|p1a: The Medic\n|-damage|p1a: The Medic|75\/100\n|\n|-heal|p1a: The Medic|81\/100|[from] item: Leftovers\n|-heal|p2a: Dondozo|45\/100|[from] item: Leftovers\n|upkeep\n|turn|14\n|\n|t:|1698862152\n|move|p1a: The Medic|Seismic Toss|p2a: Dondozo\n|-damage|p2a: Dondozo|25\/100\n|move|p2a: Dondozo|Rest|p2a: Dondozo\n|-status|p2a: Dondozo|slp|[from] move: Rest\n|-heal|p2a: Dondozo|100\/100 slp|[silent]\n|\n|-heal|p1a: The Medic|88\/100|[from] item: Leftovers\n|upkeep\n|turn|15\n|\n|t:|1698862156\n|move|p1a: The Medic|Seismic Toss|p2a: Dondozo\n|-damage|p2a: Dondozo|81\/100 slp\n|cant|p2a: Dondozo|slp\n|\n|-heal|p1a: The Medic|94\/100|[from] item: Leftovers\n|-heal|p2a: Dondozo|87\/100 slp|[from] item: Leftovers\n|upkeep\n|turn|16\n|\n|t:|1698862163\n|move|p1a: The Medic|Seismic Toss|p2a: Dondozo\n|-damage|p2a: Dondozo|67\/100 slp\n|cant|p2a: Dondozo|slp\n|\n|-heal|p1a: The Medic|99\/100|[from] item: Leftovers\n|-heal|p2a: Dondozo|73\/100 slp|[from] item: Leftovers\n|upkeep\n|turn|17\n|\n|t:|1698862168\n|move|p1a: The Medic|Wish|p1a: The Medic\n|-curestatus|p2a: Dondozo|slp|[msg]\n|move|p2a: Dondozo|Curse|p2a: Dondozo\n|-unboost|p2a: Dondozo|spe|1\n|-boost|p2a: Dondozo|atk|1\n|-boost|p2a: Dondozo|def|1\n|\n|-heal|p1a: The Medic|100\/100|[from] item: Leftovers\n|-heal|p2a: Dondozo|79\/100|[from] item: Leftovers\n|upkeep\n|turn|18\n|\n|t:|1698862176\n|move|p1a: The Medic|Seismic Toss|p2a: Dondozo\n|-damage|p2a: Dondozo|59\/100\n|move|p2a: Dondozo|Liquidation|p1a: The Medic\n|-damage|p1a: The Medic|63\/100\n|\n|-heal|p1a: The Medic|100\/100|[from] move: Wish|[wisher] The Medic\n|-heal|p2a: Dondozo|66\/100|[from] item: Leftovers\n|upkeep\n|turn|19\n|\n|t:|1698862187\n|move|p1a: The Medic|Seismic Toss|p2a: Dondozo\n|-damage|p2a: Dondozo|46\/100\n|move|p2a: Dondozo|Avalanche|p1a: The Medic\n|-damage|p1a: The Medic|64\/100\n|\n|-heal|p1a: The Medic|70\/100|[from] item: Leftovers\n|-heal|p2a: Dondozo|52\/100|[from] item: Leftovers\n|upkeep\n|turn|20\n|\n|t:|1698862194\n|move|p1a: The Medic|Seismic Toss|p2a: Dondozo\n|-damage|p2a: Dondozo|32\/100\n|move|p2a: Dondozo|Curse|p2a: Dondozo\n|-unboost|p2a: Dondozo|spe|1\n|-boost|p2a: Dondozo|atk|1\n|-boost|p2a: Dondozo|def|1\n|\n|-heal|p1a: The Medic|77\/100|[from] item: Leftovers\n|-heal|p2a: Dondozo|38\/100|[from] item: Leftovers\n|upkeep\n|turn|21\n|\n|t:|1698862199\n|move|p1a: The Medic|Seismic Toss|p2a: Dondozo\n|-damage|p2a: Dondozo|18\/100\n|move|p2a: Dondozo|Curse|p2a: Dondozo\n|-unboost|p2a: Dondozo|spe|1\n|-boost|p2a: Dondozo|atk|1\n|-boost|p2a: Dondozo|def|1\n|\n|-heal|p1a: The Medic|83\/100|[from] item: Leftovers\n|-heal|p2a: Dondozo|25\/100|[from] item: Leftovers\n|upkeep\n|turn|22\n|\n|t:|1698862205\n|move|p1a: The Medic|Seismic Toss|p2a: Dondozo\n|-damage|p2a: Dondozo|5\/100\n|move|p2a: Dondozo|Rest|p2a: Dondozo\n|-status|p2a: Dondozo|slp|[from] move: Rest\n|-heal|p2a: Dondozo|100\/100 slp|[silent]\n|\n|-heal|p1a: The Medic|89\/100|[from] item: Leftovers\n|upkeep\n|turn|23\n|\n|t:|1698862210\n|switch|p1a: Pumped Up Kicks|Marshadow|100\/100\n|cant|p2a: Dondozo|slp\n|\n|upkeep\n|turn|24\n|\n|t:|1698862214\n|move|p1a: Pumped Up Kicks|Spectral Thief||[still]\n|-clearpositiveboost|p2a: Dondozo|p1a: Pumped Up Kicks|move: Spectral Thief\n|-boost|p1a: Pumped Up Kicks|atk|3\n|-boost|p1a: Pumped Up Kicks|def|3\n|-anim|p1a: Pumped Up Kicks|Spectral Thief|p2a: Dondozo\n|-damage|p2a: Dondozo|80\/100 slp\n|cant|p2a: Dondozo|slp\n|\n|-heal|p2a: Dondozo|86\/100 slp|[from] item: Leftovers\n|upkeep\n|turn|25\n|c|\u2606Videorelaxant777|?\n|c|\u2606Videorelaxant777|?\n|\n|t:|1698862226\n|move|p1a: Pumped Up Kicks|Close Combat|p2a: Dondozo\n|-damage|p2a: Dondozo|59\/100 slp\n|-unboost|p1a: Pumped Up Kicks|def|1\n|-unboost|p1a: Pumped Up Kicks|spd|1\n|-curestatus|p2a: Dondozo|slp|[msg]\n|move|p2a: Dondozo|Liquidation|p1a: Pumped Up Kicks\n|-damage|p1a: Pumped Up Kicks|65\/100\n|\n|-heal|p2a: Dondozo|65\/100|[from] item: Leftovers\n|upkeep\n|turn|26\n|\n|t:|1698862233\n|move|p1a: Pumped Up Kicks|Close Combat|p2a: Dondozo\n|-crit|p2a: Dondozo\n|-damage|p2a: Dondozo|28\/100\n|-unboost|p1a: Pumped Up Kicks|def|1\n|-unboost|p1a: Pumped Up Kicks|spd|1\n|move|p2a: Dondozo|Avalanche|p1a: Pumped Up Kicks\n|-damage|p1a: Pumped Up Kicks|32\/100\n|\n|-heal|p2a: Dondozo|34\/100|[from] item: Leftovers\n|upkeep\n|turn|27\n|\n|t:|1698862240\n|move|p1a: Pumped Up Kicks|Close Combat|p2a: Dondozo\n|-damage|p2a: Dondozo|8\/100\n|-unboost|p1a: Pumped Up Kicks|def|1\n|-unboost|p1a: Pumped Up Kicks|spd|1\n|move|p2a: Dondozo|Rest|p2a: Dondozo\n|-status|p2a: Dondozo|slp|[from] move: Rest\n|-heal|p2a: Dondozo|100\/100 slp|[silent]\n|\n|upkeep\n|turn|28\n|\n|t:|1698862250\n|move|p1a: Pumped Up Kicks|Close Combat|p2a: Dondozo\n|-damage|p2a: Dondozo|73\/100 slp\n|-unboost|p1a: Pumped Up Kicks|def|1\n|-unboost|p1a: Pumped Up Kicks|spd|1\n|cant|p2a: Dondozo|slp\n|\n|-heal|p2a: Dondozo|79\/100 slp|[from] item: Leftovers\n|upkeep\n|turn|29\n|\n|t:|1698862252\n|move|p1a: Pumped Up Kicks|Close Combat|p2a: Dondozo\n|-crit|p2a: Dondozo\n|-damage|p2a: Dondozo|37\/100 slp\n|-unboost|p1a: Pumped Up Kicks|def|1\n|-unboost|p1a: Pumped Up Kicks|spd|1\n|cant|p2a: Dondozo|slp\n|\n|-heal|p2a: Dondozo|44\/100 slp|[from] item: Leftovers\n|upkeep\n|turn|30\n|\n|t:|1698862255\n|move|p1a: Pumped Up Kicks|Close Combat|p2a: Dondozo\n|-damage|p2a: Dondozo|15\/100 slp\n|-unboost|p1a: Pumped Up Kicks|def|1\n|-unboost|p1a: Pumped Up Kicks|spd|1\n|-curestatus|p2a: Dondozo|slp|[msg]\n|move|p2a: Dondozo|Avalanche|p1a: Pumped Up Kicks\n|-damage|p1a: Pumped Up Kicks|0 fnt\n|faint|p1a: Pumped Up Kicks\n|\n|-heal|p2a: Dondozo|21\/100|[from] item: Leftovers\n|upkeep\n|\n|t:|1698862265\n|switch|p1a: The Medic|Blissey, F, shiny|89\/100\n|turn|31\n|\n|t:|1698862269\n|move|p1a: The Medic|Seismic Toss|p2a: Dondozo\n|-damage|p2a: Dondozo|1\/100\n|move|p2a: Dondozo|Rest|p2a: Dondozo\n|-status|p2a: Dondozo|slp|[from] move: Rest\n|-heal|p2a: Dondozo|100\/100 slp|[silent]\n|\n|-heal|p1a: The Medic|95\/100|[from] item: Leftovers\n|upkeep\n|turn|32\n|inactive|Battle timer is ON: inactive players will automatically lose when time's up. (requested by whaah)\n|\n|t:|1698862281\n|switch|p2a: Giratina|Giratina|100\/100\n|-ability|p2a: Giratina|Pressure\n|move|p1a: The Medic|Seismic Toss|p2a: Giratina\n|-immune|p2a: Giratina\n|\n|-heal|p1a: The Medic|100\/100|[from] item: Leftovers\n|upkeep\n|turn|33\n|c|\u2606Videorelaxant777|fuck this\n|-message|Videorelaxant777 forfeited.\n|\n|win|whaah\n|raw|Videorelaxant777's rating: 1346 &rarr; <strong>1325<\/strong><br \/>(-21 for losing)\n|raw|whaah's rating: 1336 &rarr; <strong>1357<\/strong><br \/>(+21 for winning)\n|l|\u2606Videorelaxant777\n","uploadtime":1698862355,"views":5,"p1id":"videorelaxant777","p2id":"whaah","formatid":"gen9nationaldexubers","rating":1325,"private":0,"password":""}