{"id":"gen9nationaldexubers-1987626259","p1":"JustMonika_CARR","p2":"16sunas","format":"[Gen 9] National Dex Ubers","log":"|j|\u2606JustMonika_CARR\n|j|\u260616sunas\n|t:|1699621242\n|gametype|singles\n|player|p1|JustMonika_CARR|rosa|1566\n|player|p2|16sunas|veteran|1597\n|teamsize|p1|6\n|teamsize|p2|6\n|gen|9\n|tier|[Gen 9] National Dex Ubers\n|rated|\n|rule|HP Percentage Mod: HP is shown in percentages\n|rule|Endless Battle Clause: Forcing endless battles is banned\n|rule|OHKO Clause: OHKO moves are banned\n|rule|Evasion Moves Clause: Evasion moves are banned\n|rule|Evasion Items Clause: Evasion items are banned\n|rule|Species Clause: Limit one of each Pok\u00e9mon\n|rule|Sleep Clause Mod: Limit one foe put to sleep\n|rule|Mega Rayquaza Clause: You cannot mega evolve Rayquaza\n|clearpoke\n|poke|p1|Marshadow|\n|poke|p1|Aerodactyl, M|\n|poke|p1|Arceus|\n|poke|p1|Forretress, F|\n|poke|p1|Pheromosa|\n|poke|p1|Necrozma-Dawn-Wings|\n|poke|p2|Deoxys-Speed|\n|poke|p2|Xerneas-*|\n|poke|p2|Kyurem-Black|\n|poke|p2|Arceus|\n|poke|p2|Groudon|\n|poke|p2|Necrozma-Dusk-Mane|\n|teampreview\n|inactive|Battle timer is ON: inactive players will automatically lose when time's up. (requested by 16sunas)\n|inactive|16sunas has 120 seconds left.\n|\n|t:|1699621286\n|start\n|switch|p1a: Pheromosa|Pheromosa, shiny|100\/100\n|switch|p2a: Deoxys|Deoxys-Speed|100\/100\n|-ability|p2a: Deoxys|Pressure\n|turn|1\n|\n|t:|1699621295\n|move|p2a: Deoxys|Taunt|p1a: Pheromosa\n|-start|p1a: Pheromosa|move: Taunt\n|move|p1a: Pheromosa|Rapid Spin|p2a: Deoxys\n|-damage|p2a: Deoxys|83\/100\n|-boost|p1a: Pheromosa|spe|1\n|\n|upkeep\n|turn|2\n|\n|t:|1699621305\n|switch|p2a: Groudon|Groudon|100\/100\n|detailschange|p2a: Groudon|Groudon-Primal\n|-primal|p2a: Groudon|Red Orb\n|-weather|DesolateLand|[from] ability: Desolate Land|[of] p2a: Groudon\n|move|p1a: Pheromosa|Lunge|p2a: Groudon\n|-resisted|p2a: Groudon\n|-damage|p2a: Groudon|89\/100\n|-unboost|p2a: Groudon|atk|1\n|\n|-weather|DesolateLand|[upkeep]\n|upkeep\n|turn|3\n|\n|t:|1699621319\n|move|p1a: Pheromosa|Close Combat|p2a: Groudon\n|-damage|p2a: Groudon|53\/100\n|-unboost|p1a: Pheromosa|def|1\n|-unboost|p1a: Pheromosa|spd|1\n|move|p2a: Groudon|Rock Polish|p2a: Groudon\n|-boost|p2a: Groudon|spe|2\n|\n|-weather|DesolateLand|[upkeep]\n|-end|p1a: Pheromosa|move: Taunt\n|upkeep\n|turn|4\n|\n|t:|1699621331\n|move|p1a: Pheromosa|Rapid Spin|p2a: Groudon\n|-damage|p2a: Groudon|42\/100\n|-boost|p1a: Pheromosa|spe|1\n|move|p2a: Groudon|Heat Crash|p1a: Pheromosa\n|-supereffective|p1a: Pheromosa\n|-enditem|p1a: Pheromosa|Focus Sash\n|-damage|p1a: Pheromosa|1\/100\n|\n|-weather|DesolateLand|[upkeep]\n|upkeep\n|turn|5\n|\n|t:|1699621339\n|move|p1a: Pheromosa|Close Combat|p2a: Groudon\n|-crit|p2a: Groudon\n|-damage|p2a: Groudon|0 fnt\n|-unboost|p1a: Pheromosa|def|1\n|-unboost|p1a: Pheromosa|spd|1\n|faint|p2a: Groudon\n|-weather|none\n|-ability|p1a: Pheromosa|Beast Boost|boost\n|-boost|p1a: Pheromosa|spa|1\n|\n|upkeep\n|\n|t:|1699621348\n|switch|p2a: Arceus|Arceus|100\/100\n|turn|6\n|\n|t:|1699621362\n|move|p2a: Arceus|Extreme Speed|p1a: Pheromosa\n|-damage|p1a: Pheromosa|0 fnt\n|faint|p1a: Pheromosa\n|\n|upkeep\n|\n|t:|1699621372\n|switch|p1a: Necrozma|Necrozma-Dawn-Wings|100\/100\n|turn|7\n|\n|t:|1699621379\n|move|p2a: Arceus|Taunt|p1a: Necrozma\n|-start|p1a: Necrozma|move: Taunt\n|cant|p1a: Necrozma|move: Taunt|Calm Mind\n|\n|upkeep\n|turn|8\n|\n|t:|1699621388\n|detailschange|p1a: Necrozma|Necrozma-Ultra\n|-burst|p1a: Necrozma|Necrozma|Ultranecrozium Z\n|move|p1a: Necrozma|Photon Geyser|p2a: Arceus\n|-crit|p2a: Arceus\n|-damage|p2a: Arceus|41\/100\n|move|p2a: Arceus|Dragon Dance|p2a: Arceus\n|-boost|p2a: Arceus|atk|1\n|-boost|p2a: Arceus|spe|1\n|\n|upkeep\n|turn|9\n|\n|t:|1699621407\n|move|p2a: Arceus|Extreme Speed|p1a: Necrozma\n|-damage|p1a: Necrozma|23\/100\n|-zpower|p1a: Necrozma\n|move|p1a: Necrozma|Light That Burns the Sky|p2a: Arceus|[zeffect]\n|-damage|p2a: Arceus|0 fnt\n|faint|p2a: Arceus\n|\n|-end|p1a: Necrozma|move: Taunt\n|upkeep\n|\n|t:|1699621419\n|switch|p2a: Deoxys|Deoxys-Speed|83\/100\n|-ability|p2a: Deoxys|Pressure\n|turn|10\n|\n|t:|1699621424\n|switch|p1a: Forretress|Forretress, F, shiny|100\/100\n|move|p2a: Deoxys|Taunt|p1a: Forretress\n|-start|p1a: Forretress|move: Taunt\n|\n|upkeep\n|turn|11\n|\n|t:|1699621431\n|move|p2a: Deoxys|Psycho Boost|p1a: Forretress\n|-resisted|p1a: Forretress\n|-damage|p1a: Forretress|64\/100\n|-unboost|p2a: Deoxys|spa|2\n|-enditem|p1a: Forretress|Red Card|[of] p2a: Deoxys\n|drag|p2a: Xerneas|Xerneas|100\/100\n|-ability|p2a: Xerneas|Fairy Aura\n|move|p1a: Forretress|Rapid Spin|p2a: Xerneas\n|-damage|p2a: Xerneas|92\/100\n|-boost|p1a: Forretress|spe|1\n|\n|upkeep\n|turn|12\n|\n|t:|1699621446\n|move|p2a: Xerneas|Geomancy||[still]\n|-prepare|p2a: Xerneas|Geomancy\n|-enditem|p2a: Xerneas|Power Herb\n|-anim|p2a: Xerneas|Geomancy|p2a: Xerneas\n|-boost|p2a: Xerneas|spa|2\n|-boost|p2a: Xerneas|spd|2\n|-boost|p2a: Xerneas|spe|2\n|move|p1a: Forretress|Rapid Spin|p2a: Xerneas\n|-damage|p2a: Xerneas|83\/100\n|-boost|p1a: Forretress|spe|1\n|\n|-end|p1a: Forretress|move: Taunt\n|upkeep\n|turn|13\n|\n|t:|1699621459\n|move|p2a: Xerneas|Moonblast|p1a: Forretress\n|-resisted|p1a: Forretress\n|-crit|p1a: Forretress\n|-damage|p1a: Forretress|0 fnt\n|faint|p1a: Forretress\n|\n|upkeep\n|\n|t:|1699621467\n|switch|p1a: Marshadow|Marshadow|100\/100\n|turn|14\n|\n|t:|1699621471\n|move|p2a: Xerneas|Moonblast|p1a: Marshadow\n|-supereffective|p1a: Marshadow\n|-enditem|p1a: Marshadow|Focus Sash\n|-damage|p1a: Marshadow|1\/100\n|move|p1a: Marshadow|Spectral Thief||[still]\n|-clearpositiveboost|p2a: Xerneas|p1a: Marshadow|move: Spectral Thief\n|-boost|p1a: Marshadow|spa|2\n|-boost|p1a: Marshadow|spd|2\n|-boost|p1a: Marshadow|spe|2\n|-anim|p1a: Marshadow|Spectral Thief|p2a: Xerneas\n|-damage|p2a: Xerneas|49\/100\n|\n|upkeep\n|turn|15\n|\n|t:|1699621491\n|-terastallize|p1a: Marshadow|Flying\n|move|p1a: Marshadow|Acrobatics|p2a: Xerneas\n|-damage|p2a: Xerneas|9\/100\n|move|p2a: Xerneas|Moonblast|p1a: Marshadow\n|-damage|p1a: Marshadow|0 fnt\n|faint|p1a: Marshadow\n|\n|upkeep\n|\n|t:|1699621509\n|switch|p1a: Necrozma|Necrozma-Ultra|23\/100\n|turn|16\n|\n|t:|1699621514\n|move|p1a: Necrozma|Photon Geyser|p2a: Xerneas\n|-damage|p2a: Xerneas|0 fnt\n|faint|p2a: Xerneas\n|\n|upkeep\n|\n|t:|1699621521\n|switch|p2a: Necrozma|Necrozma-Dusk-Mane|100\/100\n|turn|17\n|\n|t:|1699621528\n|detailschange|p2a: Necrozma|Necrozma-Ultra\n|-burst|p2a: Necrozma|Necrozma|Ultranecrozium Z\n|move|p1a: Necrozma|Moongeist Beam|p2a: Necrozma\n|-supereffective|p2a: Necrozma\n|-damage|p2a: Necrozma|0 fnt\n|faint|p2a: Necrozma\n|\n|upkeep\n|\n|t:|1699621536\n|switch|p2a: Kyurem|Kyurem-Black|100\/100\n|-ability|p2a: Kyurem|Teravolt\n|turn|18\n|\n|t:|1699621542\n|move|p1a: Necrozma|Dragon Pulse|p2a: Kyurem\n|-supereffective|p2a: Kyurem\n|-damage|p2a: Kyurem|0 fnt\n|faint|p2a: Kyurem\n|\n|upkeep\n|-message|16sunas forfeited.\n|\n|win|JustMonika_CARR\n|raw|JustMonika_CARR's rating: 1566 &rarr; <strong>1588<\/strong><br \/>(+22 for winning)\n|raw|16sunas's rating: 1597 &rarr; <strong>1575<\/strong><br \/>(-22 for losing)\n|l|\u260616sunas\n","uploadtime":1699621550,"views":6,"p1id":"justmonikacarr","p2id":"16sunas","formatid":"gen9nationaldexubers","rating":1575,"private":0,"password":""}