{"id":"gen9nationaldexubers-1996076162","p1":"ANinjaDude","p2":"Hussumon2","format":"[Gen 9] National Dex Ubers","log":"|j|\u2606ANinjaDude\n|j|\u2606Hussumon2\n|t:|1700640142\n|gametype|singles\n|player|p1|ANinjaDude|volkner|\n|player|p2|Hussumon2|palmer|\n|teamsize|p1|6\n|teamsize|p2|6\n|gen|9\n|tier|[Gen 9] National Dex Ubers\n|rule|HP Percentage Mod: HP is shown in percentages\n|rule|Endless Battle Clause: Forcing endless battles is banned\n|rule|OHKO Clause: OHKO moves are banned\n|rule|Evasion Moves Clause: Evasion moves are banned\n|rule|Evasion Items Clause: Evasion items are banned\n|rule|Species Clause: Limit one of each Pok\u00e9mon\n|rule|Sleep Clause Mod: Limit one foe put to sleep\n|rule|Mega Rayquaza Clause: You cannot mega evolve Rayquaza\n|clearpoke\n|poke|p1|Swoobat, F|\n|poke|p1|Landorus, M|\n|poke|p1|Celesteela|\n|poke|p1|Moltres-Galar|\n|poke|p1|Enamorus, F|\n|poke|p1|Iron Valiant|\n|poke|p2|Annihilape, F|\n|poke|p2|Iron Bundle|\n|poke|p2|Gliscor, M|\n|poke|p2|Tapu Koko|\n|poke|p2|Ferrothorn, M|\n|poke|p2|Moltres|\n|teampreview\n|inactive|Battle timer is ON: inactive players will automatically lose when time's up. (requested by ANinjaDude)\n|c|\u2606ANinjaDude|glhff\n|c|\u2606Hussumon2|Ah you actually mu prepped\n|c|\u2606Hussumon2|Gl hf\n|\n|t:|1700640164\n|start\n|switch|p1a: Swoobat|Swoobat, F|100\/100\n|switch|p2a: Gliscor|Gliscor, M|100\/100\n|turn|1\n|\n|t:|1700640176\n|move|p2a: Gliscor|Protect|p2a: Gliscor\n|-singleturn|p2a: Gliscor|Protect\n|move|p1a: Swoobat|Taunt|p2a: Gliscor\n|-activate|p2a: Gliscor|move: Protect\n|\n|-status|p2a: Gliscor|tox|[from] item: Toxic Orb\n|upkeep\n|turn|2\n|\n|t:|1700640188\n|switch|p2a: Tapu Koko|Tapu Koko|100\/100\n|-fieldstart|move: Electric Terrain|[from] ability: Electric Surge|[of] p2a: Tapu Koko\n|move|p1a: Swoobat|Taunt|p2a: Tapu Koko\n|-start|p2a: Tapu Koko|move: Taunt\n|\n|upkeep\n|turn|3\n|\n|t:|1700640205\n|move|p2a: Tapu Koko|Volt Switch|p1a: Swoobat\n|-supereffective|p1a: Swoobat\n|-damage|p1a: Swoobat|0 fnt\n|faint|p1a: Swoobat\n|\n|t:|1700640213\n|switch|p2a: Iron Bundle|Iron Bundle|100\/100|[from] Volt Switch\n|-activate|p2a: Iron Bundle|ability: Quark Drive\n|-start|p2a: Iron Bundle|quarkdrivespe\n|\n|upkeep\n|\n|t:|1700640217\n|switch|p1a: Iron Valiant|Iron Valiant|100\/100\n|-activate|p1a: Iron Valiant|ability: Quark Drive\n|-start|p1a: Iron Valiant|quarkdrivespe\n|turn|4\n|c|\u2606ANinjaDude|a battle of the paradoxes\n|c|\u2606ANinjaDude|also this is like my only mon that isnt instantly folded by bundle lol\n|\n|t:|1700640240\n|-end|p2a: Iron Bundle|Quark Drive|[silent]\n|switch|p2a: Gliscor|Gliscor, M|100\/100 tox\n|-terastallize|p1a: Iron Valiant|Fighting\n|move|p1a: Iron Valiant|Vacuum Wave|p2a: Gliscor\n|-resisted|p2a: Gliscor\n|-damage|p2a: Gliscor|84\/100 tox\n|-damage|p1a: Iron Valiant|91\/100|[from] item: Life Orb\n|\n|-heal|p2a: Gliscor|96\/100 tox|[from] ability: Poison Heal\n|upkeep\n|turn|5\n|\n|t:|1700640249\n|-end|p1a: Iron Valiant|Quark Drive|[silent]\n|switch|p1a: Celesteela|Celesteela|100\/100\n|move|p2a: Gliscor|Knock Off|p1a: Celesteela\n|-damage|p1a: Celesteela|78\/100\n|-enditem|p1a: Celesteela|Power Herb|[from] move: Knock Off|[of] p2a: Gliscor\n|\n|-heal|p2a: Gliscor|100\/100 tox|[from] ability: Poison Heal\n|upkeep\n|turn|6\n|\n|t:|1700640262\n|move|p2a: Gliscor|Stealth Rock|p1a: Celesteela\n|-sidestart|p1: ANinjaDude|move: Stealth Rock\n|move|p1a: Celesteela|Meteor Beam||[still]\n|-prepare|p1a: Celesteela|Meteor Beam\n|-boost|p1a: Celesteela|spa|1\n|\n|upkeep\n|turn|7\n|\n|t:|1700640273\n|move|p2a: Gliscor|Protect|p2a: Gliscor\n|-singleturn|p2a: Gliscor|Protect\n|move|p1a: Celesteela|Meteor Beam|p2a: Gliscor|[from]lockedmove\n|-activate|p2a: Gliscor|move: Protect\n|\n|upkeep\n|turn|8\n|\n|t:|1700640281\n|switch|p2a: Tapu Koko|Tapu Koko|100\/100\n|move|p1a: Celesteela|Autotomize|p1a: Celesteela\n|-boost|p1a: Celesteela|spe|2\n|-start|p1a: Celesteela|Autotomize\n|\n|upkeep\n|turn|9\n|\n|t:|1700640290\n|-terastallize|p2a: Tapu Koko|Electric\n|move|p1a: Celesteela|Flash Cannon|p2a: Tapu Koko\n|-resisted|p2a: Tapu Koko\n|-damage|p2a: Tapu Koko|58\/100\n|move|p2a: Tapu Koko|Thunderbolt|p1a: Celesteela\n|-supereffective|p1a: Celesteela\n|-damage|p1a: Celesteela|0 fnt\n|faint|p1a: Celesteela\n|\n|-fieldend|move: Electric Terrain\n|upkeep\n|\n|t:|1700640295\n|switch|p1a: Landorus|Landorus, M|100\/100\n|-damage|p1a: Landorus|88\/100|[from] Stealth Rock\n|turn|10\n|\n|t:|1700640300\n|switch|p2a: Gliscor|Gliscor, M|100\/100 tox\n|move|p1a: Landorus|Rock Polish|p1a: Landorus\n|-boost|p1a: Landorus|spe|2\n|\n|upkeep\n|turn|11\n|\n|t:|1700640309\n|move|p1a: Landorus|Nasty Plot|p1a: Landorus\n|-boost|p1a: Landorus|spa|2\n|move|p2a: Gliscor|Knock Off|p1a: Landorus\n|-damage|p1a: Landorus|64\/100\n|-enditem|p1a: Landorus|Life Orb|[from] move: Knock Off|[of] p2a: Gliscor\n|\n|upkeep\n|turn|12\n|\n|t:|1700640316\n|switch|p2a: Moltres|Moltres|100\/100\n|-ability|p2a: Moltres|Pressure\n|move|p1a: Landorus|Tera Blast|p2a: Moltres\n|-damage|p2a: Moltres|62\/100\n|\n|upkeep\n|turn|13\n|\n|t:|1700640326\n|move|p1a: Landorus|Tera Blast|p2a: Moltres\n|-damage|p2a: Moltres|22\/100\n|move|p2a: Moltres|Hurricane|p1a: Landorus\n|-damage|p1a: Landorus|2\/100\n|-start|p1a: Landorus|confusion\n|\n|upkeep\n|turn|14\n|c|\u2606ANinjaDude|oh god\n|\n|t:|1700640336\n|-activate|p1a: Landorus|confusion\n|-damage|p1a: Landorus|0 fnt|[from] confusion\n|faint|p1a: Landorus\n|move|p2a: Moltres|Roost|p2a: Moltres\n|-heal|p2a: Moltres|72\/100\n|-singleturn|p2a: Moltres|move: Roost\n|\n|upkeep\n|\n|t:|1700640342\n|switch|p1a: Enamorus|Enamorus, F|100\/100\n|-damage|p1a: Enamorus|76\/100|[from] Stealth Rock\n|turn|15\n|\n|t:|1700640346\n|move|p1a: Enamorus|Calm Mind|p1a: Enamorus\n|-boost|p1a: Enamorus|spa|1\n|-boost|p1a: Enamorus|spd|1\n|move|p2a: Moltres|U-turn|p1a: Enamorus\n|-resisted|p1a: Enamorus\n|-damage|p1a: Enamorus|69\/100\n|\n|t:|1700640349\n|switch|p2a: Tapu Koko|Tapu Koko, tera:Electric|58\/100|[from] U-turn\n|-fieldstart|move: Electric Terrain|[from] ability: Electric Surge|[of] p2a: Tapu Koko\n|\n|upkeep\n|turn|16\n|\n|t:|1700640354\n|move|p2a: Tapu Koko|Thunderbolt|p1a: Enamorus\n|-supereffective|p1a: Enamorus\n|-damage|p1a: Enamorus|0 fnt\n|faint|p1a: Enamorus\n|\n|upkeep\n|\n|t:|1700640356\n|switch|p1a: Iron Valiant|Iron Valiant, tera:Fighting|91\/100\n|-damage|p1a: Iron Valiant|85\/100|[from] Stealth Rock\n|-activate|p1a: Iron Valiant|ability: Quark Drive\n|-start|p1a: Iron Valiant|quarkdrivespe\n|turn|17\n|\n|t:|1700640369\n|switch|p2a: Moltres|Moltres|72\/100\n|-ability|p2a: Moltres|Pressure\n|move|p1a: Iron Valiant|Moonblast|p2a: Moltres\n|-resisted|p2a: Moltres\n|-damage|p2a: Moltres|50\/100\n|-damage|p1a: Iron Valiant|75\/100|[from] item: Life Orb\n|\n|upkeep\n|turn|18\n|\n|t:|1700640378\n|move|p1a: Iron Valiant|Thunderbolt|p2a: Moltres\n|-supereffective|p2a: Moltres\n|-damage|p2a: Moltres|0 fnt\n|faint|p2a: Moltres\n|-damage|p1a: Iron Valiant|65\/100|[from] item: Life Orb\n|\n|upkeep\n|\n|t:|1700640382\n|switch|p2a: Iron Bundle|Iron Bundle|100\/100\n|-activate|p2a: Iron Bundle|ability: Quark Drive\n|-start|p2a: Iron Bundle|quarkdrivespe\n|turn|19\n|c|\u2606ANinjaDude|through the power of methamphetamines i can win\n|\n|t:|1700640391\n|move|p1a: Iron Valiant|Vacuum Wave|p2a: Iron Bundle\n|-supereffective|p2a: Iron Bundle\n|-damage|p2a: Iron Bundle|0 fnt\n|faint|p2a: Iron Bundle\n|-end|p2a: Iron Bundle|Quark Drive|[silent]\n|-damage|p1a: Iron Valiant|56\/100|[from] item: Life Orb\n|\n|upkeep\n|\n|t:|1700640400\n|switch|p2a: Gliscor|Gliscor, M|100\/100 tox\n|turn|20\n|\n|t:|1700640406\n|-end|p1a: Iron Valiant|Quark Drive|[silent]\n|switch|p1a: Moltres|Moltres-Galar|100\/100\n|-damage|p1a: Moltres|76\/100|[from] Stealth Rock\n|move|p2a: Gliscor|Earthquake|p1a: Moltres\n|-immune|p1a: Moltres\n|\n|upkeep\n|turn|21\n|\n|t:|1700640410\n|move|p1a: Moltres|Agility|p1a: Moltres\n|-boost|p1a: Moltres|spe|2\n|move|p2a: Gliscor|Knock Off|p1a: Moltres\n|-resisted|p1a: Moltres\n|-damage|p1a: Moltres|62\/100\n|-enditem|p1a: Moltres|Weakness Policy|[from] move: Knock Off|[of] p2a: Gliscor\n|\n|upkeep\n|turn|22\n|\n|t:|1700640420\n|switch|p2a: Ferrothorn|Ferrothorn, M|100\/100\n|move|p1a: Moltres|Nasty Plot|p1a: Moltres\n|-boost|p1a: Moltres|spa|2\n|\n|-fieldend|move: Electric Terrain\n|upkeep\n|turn|23\n|\n|t:|1700640426\n|move|p1a: Moltres|Fiery Wrath|p2a: Ferrothorn\n|-damage|p2a: Ferrothorn|33\/100\n|move|p2a: Ferrothorn|Gyro Ball|p1a: Moltres\n|-damage|p1a: Moltres|4\/100\n|-ability|p1a: Moltres|Berserk|boost\n|-boost|p1a: Moltres|spa|1\n|\n|upkeep\n|turn|24\n|\n|t:|1700640437\n|move|p1a: Moltres|Fiery Wrath|p2a: Ferrothorn\n|-damage|p2a: Ferrothorn|0 fnt\n|faint|p2a: Ferrothorn\n|\n|upkeep\n|\n|t:|1700640441\n|switch|p2a: Gliscor|Gliscor, M|100\/100 tox\n|turn|25\n|\n|t:|1700640444\n|move|p1a: Moltres|Fiery Wrath|p2a: Gliscor\n|-crit|p2a: Gliscor\n|-damage|p2a: Gliscor|0 fnt\n|faint|p2a: Gliscor\n|\n|upkeep\n|\n|t:|1700640450\n|switch|p2a: Annihilape|Annihilape, F|100\/100\n|turn|26\n|c|\u2606ANinjaDude|is it scarf koko?\n|\n|t:|1700640458\n|move|p1a: Moltres|Fiery Wrath|p2a: Annihilape\n|-damage|p2a: Annihilape|34\/100\n|cant|p2a: Annihilape|flinch\n|\n|-heal|p2a: Annihilape|40\/100|[from] item: Leftovers\n|upkeep\n|turn|27\n|c|\u2606Hussumon2|Bruh\n|c|\u2606Hussumon2|I\n|c|\u2606Hussumon2|Hate\n|c|\u2606Hussumon2|Rng\n|c|\u2606ANinjaDude|ik how you feel\n|\n|t:|1700640480\n|move|p1a: Moltres|Fiery Wrath|p2a: Annihilape\n|-damage|p2a: Annihilape|0 fnt\n|faint|p2a: Annihilape\n|\n|upkeep\n|c|\u2606ANinjaDude|idt it mattered much tbf\n|\n|t:|1700640483\n|switch|p2a: Tapu Koko|Tapu Koko, tera:Electric|58\/100\n|-fieldstart|move: Electric Terrain|[from] ability: Electric Surge|[of] p2a: Tapu Koko\n|turn|28\n|c|\u2606ANinjaDude|cause valiant outsped and moonblasted you anyways\n|\n|t:|1700640496\n|move|p1a: Moltres|Fiery Wrath|p2a: Tapu Koko\n|-damage|p2a: Tapu Koko|0 fnt\n|faint|p2a: Tapu Koko\n|\n|win|ANinjaDude\n|c|\u2606ANinjaDude|ggs\n","uploadtime":1700640502,"views":1,"p1id":"aninjadude","p2id":"hussumon2","formatid":"gen9nationaldexubers","rating":0,"private":0,"password":""}