{"id":"gen9nationaldexubers-1984906059","p1":"tyingtides","p2":"The_OxAlChemist","format":"[Gen 9] National Dex Ubers","log":"|j|\u2606tyingtides\n|j|\u2606The_OxAlChemist\n|t:|1699309502\n|gametype|singles\n|player|p1|tyingtides|dawn|\n|player|p2|The_OxAlChemist|colress|\n|teamsize|p1|4\n|teamsize|p2|4\n|gen|9\n|tier|[Gen 9] National Dex Ubers\n|rule|HP Percentage Mod: HP is shown in percentages\n|rule|Endless Battle Clause: Forcing endless battles is banned\n|rule|OHKO Clause: OHKO moves are banned\n|rule|Evasion Moves Clause: Evasion moves are banned\n|rule|Evasion Items Clause: Evasion items are banned\n|rule|Species Clause: Limit one of each Pok\u00e9mon\n|rule|Sleep Clause Mod: Limit one foe put to sleep\n|rule|Mega Rayquaza Clause: You cannot mega evolve Rayquaza\n|clearpoke\n|poke|p1|Lopunny, F|\n|poke|p1|Azelf|\n|poke|p1|Trevenant, F|\n|poke|p1|Carbink|\n|poke|p2|Bibarel, M|\n|poke|p2|Mew|\n|poke|p2|Granbull, M|\n|poke|p2|Gengar, F|\n|teampreview\n|\n|t:|1699309521\n|start\n|switch|p1a: im tired of stall|Azelf|100\/100\n|switch|p2a: Deus|Bibarel, M|100\/100\n|turn|1\n|\n|t:|1699309536\n|move|p1a: im tired of stall|Stealth Rock|p2a: Deus\n|-sidestart|p2: The_OxAlChemist|move: Stealth Rock\n|move|p2a: Deus|Curse|p2a: Deus\n|-unboost|p2a: Deus|spe|2\n|-boost|p2a: Deus|atk|2\n|-boost|p2a: Deus|def|2\n|\n|upkeep\n|turn|2\n|\n|t:|1699309544\n|move|p1a: im tired of stall|Power-Up Punch|p2a: Deus\n|-supereffective|p2a: Deus\n|-damage|p2a: Deus|86\/100\n|-boost|p1a: im tired of stall|atk|1\n|move|p2a: Deus|Curse|p2a: Deus\n|-unboost|p2a: Deus|spe|2\n|-boost|p2a: Deus|atk|2\n|-boost|p2a: Deus|def|2\n|\n|upkeep\n|turn|3\n|\n|t:|1699309561\n|move|p1a: im tired of stall|Power-Up Punch|p2a: Deus\n|-supereffective|p2a: Deus\n|-damage|p2a: Deus|71\/100\n|-boost|p1a: im tired of stall|atk|1\n|move|p2a: Deus|Curse|p2a: Deus\n|-unboost|p2a: Deus|spe|2\n|-boost|p2a: Deus|atk|2\n|-boost|p2a: Deus|def|2\n|\n|upkeep\n|turn|4\n|\n|t:|1699309572\n|move|p1a: im tired of stall|U-turn|p2a: Deus\n|-damage|p2a: Deus|58\/100\n|\n|t:|1699309576\n|switch|p1a: Max your stats|Lopunny, F|100\/100|[from] U-turn\n|move|p2a: Deus|Rest|p2a: Deus\n|-status|p2a: Deus|slp|[from] move: Rest\n|-heal|p2a: Deus|100\/100 slp|[silent]\n|-enditem|p2a: Deus|Chesto Berry|[eat]\n|-curestatus|p2a: Deus|slp|[msg]\n|\n|upkeep\n|turn|5\n|\n|t:|1699309588\n|move|p1a: Max your stats|Work Up|p1a: Max your stats\n|-boost|p1a: Max your stats|atk|1\n|-boost|p1a: Max your stats|spa|1\n|move|p2a: Deus|Liquidation|p1a: Max your stats\n|-damage|p1a: Max your stats|3\/100\n|\n|upkeep\n|turn|6\n|\n|t:|1699309596\n|detailschange|p1a: Max your stats|Lopunny-Mega, F\n|-mega|p1a: Max your stats|Lopunny|Lopunnite\n|move|p1a: Max your stats|Drain Punch|p2a: Deus\n|-supereffective|p2a: Deus\n|-damage|p2a: Deus|72\/100\n|-heal|p1a: Max your stats|19\/100|[from] drain|[of] p2a: Deus\n|move|p2a: Deus|Liquidation|p1a: Max your stats\n|-damage|p1a: Max your stats|0 fnt\n|faint|p1a: Max your stats\n|\n|upkeep\n|c|\u2606The_OxAlChemist|BOW TO YOUR NEW GOD\n|\n|t:|1699309607\n|switch|p1a: im tired of stall|Azelf|100\/100\n|turn|7\n|\n|t:|1699309622\n|move|p1a: im tired of stall|Explosion|p2a: Deus\n|-damage|p2a: Deus|52\/100\n|faint|p1a: im tired of stall\n|move|p2a: Deus|Liquidation|p1: im tired of stall|[notarget]\n|-fail|p2a: Deus\n|\n|upkeep\n|\n|t:|1699309628\n|switch|p1a: Diet Diancie (TM)|Carbink|100\/100\n|turn|8\n|\n|t:|1699309650\n|move|p1a: Diet Diancie (TM)|Body Press|p2a: Deus\n|-supereffective|p2a: Deus\n|-damage|p2a: Deus|35\/100\n|move|p2a: Deus|Liquidation|p1a: Diet Diancie (TM)\n|-supereffective|p1a: Diet Diancie (TM)\n|-ability|p1a: Diet Diancie (TM)|Sturdy\n|-damage|p1a: Diet Diancie (TM)|1\/100\n|\n|upkeep\n|turn|9\n|c|\u2606The_OxAlChemist|I'm not sure if this has to go next week\n|\n|t:|1699309659\n|move|p1a: Diet Diancie (TM)|Body Press|p2a: Deus\n|-supereffective|p2a: Deus\n|-damage|p2a: Deus|17\/100\n|move|p2a: Deus|Liquidation|p1a: Diet Diancie (TM)\n|-supereffective|p1a: Diet Diancie (TM)\n|-damage|p1a: Diet Diancie (TM)|0 fnt\n|faint|p1a: Diet Diancie (TM)\n|\n|upkeep\n|\n|t:|1699309666\n|switch|p1a: Mouth Gap?|Trevenant, F|100\/100\n|turn|10\n|c|\u2606tyingtides|just saw your message, i'm ngl...\n|\n|t:|1699309725\n|move|p1a: Mouth Gap?|Shadow Claw|p2a: Deus\n|-immune|p2a: Deus\n|move|p2a: Deus|Liquidation|p1a: Mouth Gap?\n|-resisted|p1a: Mouth Gap?\n|-damage|p1a: Mouth Gap?|62\/100\n|-unboost|p1a: Mouth Gap?|def|1\n|\n|upkeep\n|turn|11\n|\n|t:|1699309734\n|move|p1a: Mouth Gap?|Leech Seed|p2a: Deus\n|-start|p2a: Deus|move: Leech Seed\n|move|p2a: Deus|Liquidation|p1a: Mouth Gap?\n|-resisted|p1a: Mouth Gap?\n|-damage|p1a: Mouth Gap?|4\/100\n|-enditem|p1a: Mouth Gap?|Sitrus Berry|[eat]\n|-heal|p1a: Mouth Gap?|29\/100|[from] item: Sitrus Berry\n|\n|-damage|p2a: Deus|5\/100|[from] Leech Seed|[of] p1a: Mouth Gap?\n|-heal|p1a: Mouth Gap?|41\/100|[silent]\n|-item|p1a: Mouth Gap?|Sitrus Berry|[from] ability: Harvest\n|upkeep\n|-enditem|p1a: Mouth Gap?|Sitrus Berry|[eat]\n|-heal|p1a: Mouth Gap?|66\/100|[from] item: Sitrus Berry\n|turn|12\n|\n|t:|1699309749\n|move|p1a: Mouth Gap?|Protect|p1a: Mouth Gap?\n|-singleturn|p1a: Mouth Gap?|Protect\n|move|p2a: Deus|Liquidation|p1a: Mouth Gap?\n|-activate|p1a: Mouth Gap?|move: Protect\n|\n|-damage|p2a: Deus|0 fnt|[from] Leech Seed|[of] p1a: Mouth Gap?\n|-heal|p1a: Mouth Gap?|70\/100|[silent]\n|faint|p2a: Deus\n|upkeep\n|\n|t:|1699309759\n|switch|p2a: huehuehuehue|Gengar, F|100\/100\n|-damage|p2a: huehuehuehue|88\/100|[from] Stealth Rock\n|turn|13\n|\n|t:|1699309768\n|move|p2a: huehuehuehue|Trick|p1a: Mouth Gap?\n|-activate|p2a: huehuehuehue|move: Trick|[of] p1a: Mouth Gap?\n|-item|p1a: Mouth Gap?|Black Sludge|[from] move: Trick\n|-enditem|p2a: huehuehuehue|Black Sludge|[silent]|[from] move: Trick\n|move|p1a: Mouth Gap?|Leech Seed|p2a: huehuehuehue\n|-start|p2a: huehuehuehue|move: Leech Seed\n|\n|-damage|p1a: Mouth Gap?|58\/100|[from] item: Black Sludge\n|-damage|p2a: huehuehuehue|76\/100|[from] Leech Seed|[of] p1a: Mouth Gap?\n|-heal|p1a: Mouth Gap?|69\/100|[silent]\n|upkeep\n|turn|14\n|\n|t:|1699309776\n|move|p2a: huehuehuehue|Hex|p1a: Mouth Gap?\n|-supereffective|p1a: Mouth Gap?\n|-damage|p1a: Mouth Gap?|11\/100\n|move|p1a: Mouth Gap?|Will-O-Wisp|p2a: huehuehuehue\n|-status|p2a: huehuehuehue|brn\n|\n|-damage|p1a: Mouth Gap?|0 fnt|[from] item: Black Sludge\n|faint|p1a: Mouth Gap?\n|\n|win|The_OxAlChemist\n|upkeep\n|c|\u2606The_OxAlChemist|GG\n|c|\u2606tyingtides|gg\n","uploadtime":1699309787,"views":16,"p1id":"tyingtides","p2id":"theoxalchemist","formatid":"gen9nationaldexubers","rating":0,"private":0,"password":""}