{"id":"gen9nationaldexubers-1987918335","p1":"Mykewea","p2":"hanagakiUBD","format":"[Gen 9] National Dex Ubers","log":"|j|\u2606Mykewea\n|j|\u2606hanagakiUBD\n|t:|1699649052\n|gametype|singles\n|player|p1|Mykewea|benga|\n|player|p2|hanagakiUBD|iris-gen5bw2|\n|teamsize|p1|6\n|teamsize|p2|6\n|gen|9\n|tier|[Gen 9] National Dex Ubers\n|rule|HP Percentage Mod: HP is shown in percentages\n|rule|Endless Battle Clause: Forcing endless battles is banned\n|rule|OHKO Clause: OHKO moves are banned\n|rule|Evasion Moves Clause: Evasion moves are banned\n|rule|Evasion Items Clause: Evasion items are banned\n|rule|Species Clause: Limit one of each Pok\u00e9mon\n|rule|Sleep Clause Mod: Limit one foe put to sleep\n|rule|Mega Rayquaza Clause: You cannot mega evolve Rayquaza\n|clearpoke\n|poke|p1|Dracovish|\n|poke|p1|Gigalith, F|\n|poke|p1|Dragapult, M|\n|poke|p1|Dragonite, F|\n|poke|p1|Salamence, M|\n|poke|p1|Baxcalibur, F|\n|poke|p2|Kleavor, F|\n|poke|p2|Darmanitan-Galar, M|\n|poke|p2|Volcarona, F|\n|poke|p2|Dragapult, F|\n|poke|p2|Alakazam, F|\n|poke|p2|Kingambit, M|\n|teampreview\n|inactive|Battle timer is ON: inactive players will automatically lose when time's up. (requested by hanagakiUBD)\n|\n|t:|1699649061\n|start\n|switch|p1a: Gigalith|Gigalith, F, shiny|100\/100\n|switch|p2a: Alakazam|Alakazam, F|100\/100\n|-weather|Sandstorm|[from] ability: Sand Stream|[of] p1a: Gigalith\n|turn|1\n|\n|t:|1699649074\n|detailschange|p2a: Alakazam|Alakazam-Mega, F\n|-mega|p2a: Alakazam|Alakazam|Alakazite\n|-ability|p2a: Alakazam|Sand Stream|[from] ability: Trace|[of] p1a: Gigalith\n|-terastallize|p1a: Gigalith|Dragon\n|move|p2a: Alakazam|Dazzling Gleam|p1a: Gigalith\n|-supereffective|p1a: Gigalith\n|-damage|p1a: Gigalith|20\/100\n|move|p1a: Gigalith|Stealth Rock|p2a: Alakazam\n|-sidestart|p2: hanagakiUBD|move: Stealth Rock\n|\n|-weather|Sandstorm|[upkeep]\n|-damage|p2a: Alakazam|95\/100|[from] Sandstorm\n|-damage|p1a: Gigalith|14\/100|[from] Sandstorm\n|upkeep\n|turn|2\n|\n|t:|1699649089\n|move|p2a: Alakazam|Shadow Ball|p1a: Gigalith\n|-crit|p1a: Gigalith\n|-damage|p1a: Gigalith|0 fnt\n|faint|p1a: Gigalith\n|\n|-weather|Sandstorm|[upkeep]\n|-damage|p2a: Alakazam|89\/100|[from] Sandstorm\n|upkeep\n|\n|t:|1699649106\n|switch|p1a: Dragapult|Dragapult, M|100\/100\n|turn|3\n|\n|t:|1699649112\n|move|p1a: Dragapult|Sucker Punch|p2a: Alakazam\n|-supereffective|p2a: Alakazam\n|-damage|p2a: Alakazam|0 fnt\n|faint|p2a: Alakazam\n|\n|-weather|Sandstorm|[upkeep]\n|-damage|p1a: Dragapult|95\/100|[from] Sandstorm\n|upkeep\n|\n|t:|1699649119\n|switch|p2a: Darmanitan|Darmanitan-Galar, M|100\/100\n|-damage|p2a: Darmanitan|75\/100|[from] Stealth Rock\n|turn|4\n|\n|t:|1699649123\n|move|p1a: Dragapult|Sucker Punch|p2a: Darmanitan\n|-damage|p2a: Darmanitan|37\/100\n|move|p2a: Darmanitan|Icicle Crash|p1a: Dragapult\n|-supereffective|p1a: Dragapult\n|-damage|p1a: Dragapult|0 fnt\n|faint|p1a: Dragapult\n|\n|-weather|Sandstorm|[upkeep]\n|-damage|p2a: Darmanitan|31\/100|[from] Sandstorm\n|upkeep\n|\n|t:|1699649133\n|switch|p1a: Dragonite|Dragonite, F|100\/100\n|turn|5\n|inactive|hanagakiUBD has 270 seconds left.\n|inactive|hanagakiUBD has 240 seconds left.\n|\n|t:|1699649210\n|move|p1a: Dragonite|Extreme Speed|p2a: Darmanitan\n|-damage|p2a: Darmanitan|0 fnt\n|faint|p2a: Darmanitan\n|-damage|p1a: Dragonite|91\/100|[from] item: Life Orb\n|\n|-weather|Sandstorm|[upkeep]\n|-damage|p1a: Dragonite|84\/100|[from] Sandstorm\n|upkeep\n|\n|t:|1699649215\n|switch|p2a: Volcarona|Volcarona, F, shiny|100\/100\n|-damage|p2a: Volcarona|50\/100|[from] Stealth Rock\n|-item|p2a: Volcarona|Air Balloon\n|turn|6\n|\n|t:|1699649238\n|-terastallize|p2a: Volcarona|Dragon\n|move|p1a: Dragonite|Extreme Speed|p2a: Volcarona\n|-damage|p2a: Volcarona|0 fnt\n|-status|p1a: Dragonite|brn|[from] ability: Flame Body|[of] p2a: Volcarona\n|-enditem|p2a: Volcarona|Air Balloon\n|faint|p2a: Volcarona\n|-damage|p1a: Dragonite|74\/100 brn|[from] item: Life Orb\n|\n|-weather|Sandstorm|[upkeep]\n|-damage|p1a: Dragonite|68\/100 brn|[from] Sandstorm\n|-damage|p1a: Dragonite|62\/100 brn|[from] brn\n|upkeep\n|inactive|hanagakiUBD has 210 seconds left.\n|\n|t:|1699649291\n|switch|p2a: Kleavor|Kleavor, F|100\/100\n|-damage|p2a: Kleavor|76\/100|[from] Stealth Rock\n|turn|7\n|\n|t:|1699649297\n|move|p2a: Kleavor|Stone Axe|p1a: Dragonite\n|-supereffective|p1a: Dragonite\n|-damage|p1a: Dragonite|0 fnt\n|faint|p1a: Dragonite\n|\n|-weather|Sandstorm|[upkeep]\n|upkeep\n|\n|t:|1699649316\n|switch|p1a: Dracovish|Dracovish|100\/100\n|turn|8\n|inactive|hanagakiUBD has 210 seconds left.\n|\n|t:|1699649343\n|move|p1a: Dracovish|Fishious Rend|p2a: Kleavor\n|-supereffective|p2a: Kleavor\n|-damage|p2a: Kleavor|0 fnt\n|faint|p2a: Kleavor\n|\n|-weather|none\n|upkeep\n|\n|t:|1699649349\n|switch|p2a: Dragapult|Dragapult, F, shiny|100\/100\n|-damage|p2a: Dragapult|88\/100|[from] Stealth Rock\n|turn|9\n|\n|t:|1699649358\n|move|p2a: Dragapult|Dragon Dance|p2a: Dragapult\n|-boost|p2a: Dragapult|atk|1\n|-boost|p2a: Dragapult|spe|1\n|move|p1a: Dracovish|Fishious Rend|p2a: Dragapult\n|-resisted|p2a: Dragapult\n|-damage|p2a: Dragapult|55\/100\n|\n|upkeep\n|turn|10\n|\n|t:|1699649364\n|move|p2a: Dragapult|Dragon Darts|p1a: Dracovish\n|-supereffective|p1a: Dracovish\n|-damage|p1a: Dracovish|27\/100\n|-anim|p2a: Dragapult|Dragon Darts|p1a: Dracovish\n|-supereffective|p1a: Dracovish\n|-damage|p1a: Dracovish|0 fnt\n|faint|p1a: Dracovish\n|\n|upkeep\n|\n|t:|1699649367\n|switch|p1a: Salamence|Salamence, M|100\/100\n|-ability|p1a: Salamence|Intimidate|boost\n|-unboost|p2a: Dragapult|atk|1\n|turn|11\n|inactive|hanagakiUBD has 210 seconds left.\n|inactive|hanagakiUBD has 180 seconds left.\n|\n|t:|1699649407\n|detailschange|p1a: Salamence|Salamence-Mega, M\n|-mega|p1a: Salamence|Salamence|Salamencite\n|move|p2a: Dragapult|Dragon Darts|p1a: Salamence\n|-supereffective|p1a: Salamence\n|-damage|p1a: Salamence|55\/100\n|-anim|p2a: Dragapult|Dragon Darts|p1a: Salamence\n|-supereffective|p1a: Salamence\n|-damage|p1a: Salamence|15\/100\n|move|p1a: Salamence|Dragon Pulse|p2a: Dragapult\n|-supereffective|p2a: Dragapult\n|-damage|p2a: Dragapult|0 fnt\n|faint|p2a: Dragapult\n|\n|upkeep\n|inactive|hanagakiUBD has 180 seconds left.\n|\n|t:|1699649416\n|switch|p2a: Kingambit|Kingambit, M|100\/100\n|-damage|p2a: Kingambit|94\/100|[from] Stealth Rock\n|-activate|p2a: Kingambit|ability: Supreme Overlord\n|-start|p2a: Kingambit|fallen5|[silent]\n|turn|12\n|\n|t:|1699649418\n|move|p2a: Kingambit|Sucker Punch||[still]\n|-fail|p2a: Kingambit\n|move|p1a: Salamence|Roost|p1a: Salamence\n|-heal|p1a: Salamence|65\/100\n|-singleturn|p1a: Salamence|move: Roost\n|\n|upkeep\n|turn|13\n|inactive|hanagakiUBD has 180 seconds left.\n|\n|t:|1699649464\n|move|p1a: Salamence|Hydro Pump|p2a: Kingambit\n|-damage|p2a: Kingambit|66\/100\n|move|p2a: Kingambit|Stone Edge|p1a: Salamence|[miss]\n|-miss|p2a: Kingambit|p1a: Salamence\n|\n|upkeep\n|turn|14\n|\n|t:|1699649471\n|move|p1a: Salamence|Hydro Pump|p2a: Kingambit\n|-damage|p2a: Kingambit|36\/100\n|move|p2a: Kingambit|Stone Edge|p1a: Salamence\n|-supereffective|p1a: Salamence\n|-damage|p1a: Salamence|0 fnt\n|faint|p1a: Salamence\n|\n|upkeep\n|\n|t:|1699649477\n|switch|p1a: Baxcalibur|Baxcalibur, F|100\/100\n|turn|15\n|\n|t:|1699649490\n|move|p1a: Baxcalibur|Icicle Spear|p2a: Kingambit\n|-resisted|p2a: Kingambit\n|-damage|p2a: Kingambit|29\/100\n|-resisted|p2a: Kingambit\n|-damage|p2a: Kingambit|23\/100\n|-hitcount|p2a: Kingambit|2\n|move|p2a: Kingambit|Stone Edge|p1a: Baxcalibur\n|-supereffective|p1a: Baxcalibur\n|-crit|p1a: Baxcalibur\n|-damage|p1a: Baxcalibur|0 fnt\n|faint|p1a: Baxcalibur\n|\n|win|hanagakiUBD\n|l|\u2606Mykewea\n|l|\u2606hanagakiUBD\n|j|\u2606hanagakiUBD\n|player|p2|hanagakiUBD|iris-gen5bw2\n","uploadtime":1699649506,"views":6,"p1id":"mykewea","p2id":"hanagakiubd","formatid":"gen9nationaldexubers","rating":0,"private":0,"password":""}