{"id":"gen9nationaldexubers-1979346323","p1":"Gtg g u2","p2":"SombreroDog","format":"[Gen 9] National Dex Ubers","log":"|j|\u2606Gtg g u2\n|j|\u203dSombreroDog\n|t:|1698673683\n|gametype|singles\n|player|p1|Gtg g u2|red-masters|1095\n|player|p2|SombreroDog|veteran|1059\n|teamsize|p1|6\n|teamsize|p2|6\n|gen|9\n|tier|[Gen 9] National Dex Ubers\n|rated|\n|rule|HP Percentage Mod: HP is shown in percentages\n|rule|Endless Battle Clause: Forcing endless battles is banned\n|rule|OHKO Clause: OHKO moves are banned\n|rule|Evasion Moves Clause: Evasion moves are banned\n|rule|Evasion Items Clause: Evasion items are banned\n|rule|Species Clause: Limit one of each Pok\u00e9mon\n|rule|Sleep Clause Mod: Limit one foe put to sleep\n|rule|Mega Rayquaza Clause: You cannot mega evolve Rayquaza\n|clearpoke\n|poke|p1|Pikachu, M|\n|poke|p1|Rillaboom, M|\n|poke|p1|Cramorant, M|\n|poke|p1|Grapploct, M|\n|poke|p1|Centiskorch, M|\n|poke|p1|Runerigus, F|\n|poke|p2|Feraligatr, M|\n|poke|p2|Squawkabilly, M|\n|poke|p2|Huntail, M|\n|poke|p2|Ursaluna-Bloodmoon, M|\n|poke|p2|Ogerpon-Hearthflame, F|\n|poke|p2|Zamazenta-*|\n|teampreview\n|inactive|Battle timer is ON: inactive players will automatically lose when time's up. (requested by Gtg g u2)\n|\n|t:|1698673688\n|start\n|switch|p1a: Cramorant|Cramorant, M|100\/100\n|switch|p2a: Zamazenta|Zamazenta-Crowned|100\/100\n|-ability|p2a: Zamazenta|Dauntless Shield|boost\n|-boost|p2a: Zamazenta|def|1\n|turn|1\n|\n|t:|1698673694\n|move|p2a: Zamazenta|Behemoth Bash|p1a: Cramorant\n|-resisted|p1a: Cramorant\n|-damage|p1a: Cramorant|49\/100\n|move|p1a: Cramorant|Surf|p2a: Zamazenta\n|-formechange|p1a: Cramorant|Cramorant-Gorging|\n|-damage|p2a: Zamazenta|70\/100\n|\n|upkeep\n|turn|2\n|\n|t:|1698673698\n|move|p2a: Zamazenta|Behemoth Bash|p1a: Cramorant\n|-resisted|p1a: Cramorant\n|-damage|p1a: Cramorant|0 fnt\n|-damage|p2a: Zamazenta|45\/100|[from] ability: Gulp Missile|[of] p1a: Cramorant\n|-status|p2a: Zamazenta|par\n|-formechange|p1a: Cramorant|Cramorant|\n|faint|p1a: Cramorant\n|\n|upkeep\n|\n|t:|1698673703\n|switch|p1a: Centiskorch|Centiskorch, M|100\/100\n|turn|3\n|\n|t:|1698673719\n|move|p2a: Zamazenta|Body Slam|p1a: Centiskorch\n|-damage|p1a: Centiskorch|66\/100\n|move|p1a: Centiskorch|Fire Lash|p2a: Zamazenta\n|-supereffective|p2a: Zamazenta\n|-damage|p2a: Zamazenta|0 fnt\n|faint|p2a: Zamazenta\n|\n|upkeep\n|\n|t:|1698673722\n|switch|p2a: Huntail|Huntail, M, shiny|100\/100\n|turn|4\n|\n|t:|1698673726\n|move|p2a: Huntail|Shell Smash|p2a: Huntail\n|-unboost|p2a: Huntail|def|1\n|-unboost|p2a: Huntail|spd|1\n|-boost|p2a: Huntail|atk|2\n|-boost|p2a: Huntail|spa|2\n|-boost|p2a: Huntail|spe|2\n|-enditem|p2a: Huntail|White Herb\n|-clearnegativeboost|p2a: Huntail|[silent]\n|move|p1a: Centiskorch|Power Whip|p2a: Huntail\n|-supereffective|p2a: Huntail\n|-damage|p2a: Huntail|0 fnt\n|faint|p2a: Huntail\n|\n|upkeep\n|\n|t:|1698673734\n|switch|p2a: Feraligatr|Feraligatr, M, shiny|100\/100\n|turn|5\n|\n|t:|1698673737\n|move|p2a: Feraligatr|Liquidation|p1a: Centiskorch\n|-supereffective|p1a: Centiskorch\n|-damage|p1a: Centiskorch|0 fnt\n|faint|p1a: Centiskorch\n|\n|upkeep\n|\n|t:|1698673740\n|switch|p1a: Rillaboom|Rillaboom, M|100\/100\n|-fieldstart|move: Grassy Terrain|[from] ability: Grassy Surge|[of] p1a: Rillaboom\n|turn|6\n|\n|t:|1698673747\n|-terastallize|p2a: Feraligatr|Steel\n|move|p1a: Rillaboom|Grassy Glide|p2a: Feraligatr\n|-resisted|p2a: Feraligatr\n|-damage|p2a: Feraligatr|73\/100\n|-damage|p1a: Rillaboom|91\/100|[from] item: Life Orb\n|move|p2a: Feraligatr|Dragon Dance|p2a: Feraligatr\n|-boost|p2a: Feraligatr|atk|1\n|-boost|p2a: Feraligatr|spe|1\n|\n|-heal|p2a: Feraligatr|79\/100|[from] Grassy Terrain\n|-heal|p1a: Rillaboom|97\/100|[from] Grassy Terrain\n|upkeep\n|turn|7\n|\n|t:|1698673751\n|move|p2a: Feraligatr|Ice Punch|p1a: Rillaboom\n|-supereffective|p1a: Rillaboom\n|-damage|p1a: Rillaboom|0 fnt\n|faint|p1a: Rillaboom\n|\n|-heal|p2a: Feraligatr|85\/100|[from] Grassy Terrain\n|upkeep\n|\n|t:|1698673754\n|switch|p1a: Runerigus|Runerigus, F, shiny|100\/100\n|turn|8\n|\n|t:|1698673757\n|-terastallize|p1a: Runerigus|Ghost\n|move|p2a: Feraligatr|Ice Punch|p1a: Runerigus\n|-damage|p1a: Runerigus|49\/100\n|-activate|p1a: Runerigus|ability: Wandering Spirit|Sheer Force|Wandering Spirit|[of] p2a: Feraligatr\n|-damage|p2a: Feraligatr|75\/100|[from] item: Life Orb\n|move|p1a: Runerigus|Will-O-Wisp|p2a: Feraligatr\n|-status|p2a: Feraligatr|brn\n|\n|-heal|p2a: Feraligatr|81\/100 brn|[from] Grassy Terrain\n|-heal|p1a: Runerigus|56\/100|[from] Grassy Terrain\n|-heal|p1a: Runerigus|62\/100|[from] item: Leftovers\n|-damage|p2a: Feraligatr|75\/100 brn|[from] brn\n|upkeep\n|turn|9\n|\n|t:|1698673763\n|move|p2a: Feraligatr|Liquidation|p1a: Runerigus\n|-damage|p1a: Runerigus|32\/100\n|-damage|p2a: Feraligatr|65\/100 brn|[from] item: Life Orb\n|move|p1a: Runerigus|Earthquake|p2a: Feraligatr\n|-supereffective|p2a: Feraligatr\n|-damage|p2a: Feraligatr|11\/100 brn\n|\n|-heal|p2a: Feraligatr|17\/100 brn|[from] Grassy Terrain\n|-heal|p1a: Runerigus|39\/100|[from] Grassy Terrain\n|-heal|p1a: Runerigus|45\/100|[from] item: Leftovers\n|-damage|p2a: Feraligatr|11\/100 brn|[from] brn\n|upkeep\n|turn|10\n|\n|t:|1698673769\n|move|p2a: Feraligatr|Crunch|p1a: Runerigus\n|-supereffective|p1a: Runerigus\n|-damage|p1a: Runerigus|3\/100\n|-damage|p2a: Feraligatr|1\/100 brn|[from] item: Life Orb\n|move|p1a: Runerigus|Earthquake|p2a: Feraligatr\n|-supereffective|p2a: Feraligatr\n|-damage|p2a: Feraligatr|0 fnt\n|faint|p2a: Feraligatr\n|\n|-heal|p1a: Runerigus|10\/100|[from] Grassy Terrain\n|-heal|p1a: Runerigus|16\/100|[from] item: Leftovers\n|-fieldend|move: Grassy Terrain\n|upkeep\n|\n|t:|1698673774\n|switch|p2a: Ogerpon|Ogerpon-Hearthflame, F|100\/100\n|-ability|p2a: Ogerpon|Mold Breaker\n|turn|11\n|\n|t:|1698673777\n|move|p2a: Ogerpon|Horn Leech|p1a: Runerigus\n|-damage|p1a: Runerigus|0 fnt\n|faint|p1a: Runerigus\n|\n|upkeep\n|\n|t:|1698673779\n|switch|p1a: Grapploct|Grapploct, M|100\/100\n|turn|12\n|\n|t:|1698673783\n|move|p2a: Ogerpon|Ivy Cudgel|p1a: Grapploct\n|-damage|p1a: Grapploct|37\/100\n|move|p1a: Grapploct|Octolock|p2a: Ogerpon\n|-start|p2a: Ogerpon|move: Octolock|[of] p1a: Grapploct\n|\n|-heal|p1a: Grapploct|43\/100|[from] item: Leftovers\n|-unboost|p2a: Ogerpon|def|1\n|-unboost|p2a: Ogerpon|spd|1\n|upkeep\n|turn|13\n|\n|t:|1698673787\n|move|p2a: Ogerpon|Ivy Cudgel|p1a: Grapploct\n|-damage|p1a: Grapploct|0 fnt\n|faint|p1a: Grapploct\n|\n|-end|p2a: Ogerpon|Octolock|[partiallytrapped]|[silent]\n|upkeep\n|\n|t:|1698673789\n|switch|p1a: Pikachu|Pikachu, M|100\/100\n|turn|14\n|\n|t:|1698673792\n|move|p2a: Ogerpon|Ivy Cudgel|p1a: Pikachu\n|-crit|p1a: Pikachu\n|-damage|p1a: Pikachu|0 fnt\n|faint|p1a: Pikachu\n|\n|win|SombreroDog\n|raw|Gtg g u2's rating: 1095 &rarr; <strong>1068<\/strong><br \/>(-27 for losing)\n|raw|SombreroDog's rating: 1059 &rarr; <strong>1093<\/strong><br \/>(+34 for winning)\n","uploadtime":1698673795,"views":6,"p1id":"gtggu2","p2id":"sombrerodog","formatid":"gen9nationaldexubers","rating":1068,"private":0,"password":""}