{"id":"gen9nationaldexubers-1983999812","p1":"AstroCheeseChamp","p2":"k7eenex","format":"[Gen 9] National Dex Ubers","log":"|j|\u2606AstroCheeseChamp\n|j|\u2606k7eenex\n|t:|1699208426\n|gametype|singles\n|player|p1|AstroCheeseChamp|lusamine-masters|\n|player|p2|k7eenex|hiker-gen4|\n|teamsize|p1|6\n|teamsize|p2|6\n|gen|9\n|tier|[Gen 9] National Dex Ubers\n|rule|HP Percentage Mod: HP is shown in percentages\n|rule|Endless Battle Clause: Forcing endless battles is banned\n|rule|OHKO Clause: OHKO moves are banned\n|rule|Evasion Moves Clause: Evasion moves are banned\n|rule|Evasion Items Clause: Evasion items are banned\n|rule|Species Clause: Limit one of each Pok\u00e9mon\n|rule|Sleep Clause Mod: Limit one foe put to sleep\n|rule|Mega Rayquaza Clause: You cannot mega evolve Rayquaza\n|clearpoke\n|poke|p1|Rotom-Wash|\n|poke|p1|Meowscarada, M|\n|poke|p1|Ferrothorn, F|\n|poke|p1|Sneasler, M|\n|poke|p1|Clodsire, M|\n|poke|p1|Tapu Lele|\n|poke|p2|Coalossal, F|\n|poke|p2|Golem-Alola, M|\n|poke|p2|Ogerpon-Cornerstone, F|\n|poke|p2|Conkeldurr, M|\n|poke|p2|Rhyperior, F|\n|poke|p2|Aerodactyl, F|\n|teampreview\n|inactive|Battle timer is ON: inactive players will automatically lose when time's up. (requested by AstroCheeseChamp)\n|c|\u2606AstroCheeseChamp|glhf\n|inactiveoff|Battle timer is now OFF.\n|j| Pex Hater\n|c|\u2606k7eenex|idk why my calc doesnt save your sets\n|c|\u2606AstroCheeseChamp|It doesn't like me\n|c|\u2606AstroCheeseChamp|Wait you have three Ogerpons\n|c|\u2606AstroCheeseChamp|and none boost speed\n|c|\u2606k7eenex|yep\n|\n|t:|1699208533\n|start\n|switch|p1a: Kintoki Douji|Rotom-Wash, shiny|100\/100\n|switch|p2a: Die Hard|Conkeldurr, M|100\/100\n|turn|1\n|c| Pex Hater|not for rock baby\n|j| mr giles\n|j| AAAPE monke\n|\n|t:|1699208566\n|move|p1a: Kintoki Douji|Hydro Pump|p2a: Die Hard\n|-damage|p2a: Die Hard|54\/100\n|move|p2a: Die Hard|Knock Off|p1a: Kintoki Douji\n|-damage|p1a: Kintoki Douji|71\/100\n|-enditem|p1a: Kintoki Douji|Leftovers|[from] move: Knock Off|[of] p2a: Die Hard\n|\n|-status|p2a: Die Hard|brn|[from] item: Flame Orb\n|upkeep\n|turn|2\n|\n|t:|1699208577\n|move|p1a: Kintoki Douji|Hydro Pump|p2a: Die Hard\n|-damage|p2a: Die Hard|8\/100 brn\n|move|p2a: Die Hard|Drain Punch|p1a: Kintoki Douji\n|-damage|p1a: Kintoki Douji|14\/100\n|-heal|p2a: Die Hard|29\/100 brn|[from] drain|[of] p1a: Kintoki Douji\n|\n|-damage|p2a: Die Hard|23\/100 brn|[from] brn\n|upkeep\n|turn|3\n|l| mr giles\n|c|\u2606AstroCheeseChamp|lowkey expected Cradily for the Rotom\n|c| AAAPE monke|its too passive\n|c|\u2606AstroCheeseChamp|okay then\n|c|\u2606AstroCheeseChamp|Gamble Time\n|\n|t:|1699208640\n|move|p2a: Die Hard|Mach Punch|p1a: Kintoki Douji\n|-damage|p1a: Kintoki Douji|0 fnt\n|faint|p1a: Kintoki Douji\n|\n|-damage|p2a: Die Hard|17\/100 brn|[from] brn\n|upkeep\n|\n|t:|1699208644\n|switch|p1a: Hapi|Tapu Lele, shiny|100\/100\n|-fieldstart|move: Psychic Terrain|[from] ability: Psychic Surge|[of] p1a: Hapi\n|turn|4\n|c|\u2606AstroCheeseChamp|Really thought you'd try to meme Lele there\n|c| Pex Hater|no comment\n|\n|t:|1699208671\n|move|p1a: Hapi|Psyshock|p2a: Die Hard\n|-supereffective|p2a: Die Hard\n|-damage|p2a: Die Hard|0 fnt\n|faint|p2a: Die Hard\n|\n|upkeep\n|\n|t:|1699208691\n|switch|p2a: Dopamine|Ogerpon-Cornerstone, F|100\/100\n|turn|5\n|c|\u2606AstroCheeseChamp|who's AAAPE\n|c| Pex Hater|a monke\n|\n|t:|1699208721\n|switch|p1a: Nut|Ferrothorn, F, shiny|100\/100\n|move|p2a: Dopamine|Swords Dance|p2a: Dopamine\n|-boost|p2a: Dopamine|atk|2\n|\n|upkeep\n|turn|6\n|\n|t:|1699208733\n|move|p2a: Dopamine|Superpower|p1a: Nut\n|-supereffective|p1a: Nut\n|-damage|p1a: Nut|0 fnt\n|-unboost|p2a: Dopamine|atk|1\n|-unboost|p2a: Dopamine|def|1\n|-damage|p2a: Dopamine|88\/100|[from] ability: Iron Barbs|[of] p1a: Nut\n|faint|p1a: Nut\n|\n|upkeep\n|\n|t:|1699208737\n|switch|p1a: Jambo|Meowscarada, M|100\/100\n|turn|7\n|c| Pex Hater|my best guess is \"munidorigaming\"\n|\n|t:|1699208761\n|switch|p2a: BUFFALO WINGS|Coalossal, F|100\/100\n|move|p1a: Jambo|Flower Trick|p2a: BUFFALO WINGS\n|-start|p1a: Jambo|typechange|Grass|[from] ability: Protean\n|-crit|p2a: BUFFALO WINGS\n|-damage|p2a: BUFFALO WINGS|60\/100\n|\n|upkeep\n|turn|8\n|c|\u2606AstroCheeseChamp|haven't seen him in chat\n|c| Pex Hater|some newer person idk\n|\n|t:|1699208788\n|switch|p1a: Hapi|Tapu Lele, shiny|100\/100\n|move|p2a: BUFFALO WINGS|Flamethrower|p1a: Hapi\n|-damage|p1a: Hapi|72\/100\n|\n|-fieldend|move: Psychic Terrain\n|upkeep\n|turn|9\n|j| mr giles\n|\n|t:|1699208805\n|switch|p2a: TR4PHAU5|Golem-Alola, M|100\/100\n|move|p1a: Hapi|Focus Blast|p2a: TR4PHAU5\n|-supereffective|p2a: TR4PHAU5\n|-damage|p2a: TR4PHAU5|0 fnt\n|faint|p2a: TR4PHAU5\n|\n|upkeep\n|\n|t:|1699208810\n|switch|p2a: Dopamine|Ogerpon-Cornerstone, F|88\/100\n|turn|10\n|\n|t:|1699208822\n|switch|p1a: Clodrise|Clodsire, M|100\/100\n|move|p2a: Dopamine|Ivy Cudgel|p1a: Clodrise\n|-resisted|p1a: Clodrise\n|-crit|p1a: Clodrise\n|-damage|p1a: Clodrise|49\/100\n|\n|-heal|p1a: Clodrise|55\/100|[from] item: Black Sludge\n|upkeep\n|turn|11\n|\n|t:|1699208829\n|move|p2a: Dopamine|Power Whip|p1a: Clodrise\n|-damage|p1a: Clodrise|0 fnt\n|faint|p1a: Clodrise\n|\n|upkeep\n|\n|t:|1699208838\n|switch|p1a: Jambo|Meowscarada, M|100\/100\n|turn|12\n|\n|t:|1699208870\n|switch|p1a: Gambler|Sneasler, M|100\/100\n|switch|p2a: BUFFALO WINGS|Coalossal, F|60\/100\n|\n|upkeep\n|turn|13\n|c|\u2606AstroCheeseChamp|Gamble Time\n|\n|t:|1699208884\n|move|p1a: Gambler|Close Combat|p2a: BUFFALO WINGS\n|-supereffective|p2a: BUFFALO WINGS\n|-damage|p2a: BUFFALO WINGS|0 fnt\n|-unboost|p1a: Gambler|def|1\n|-unboost|p1a: Gambler|spd|1\n|faint|p2a: BUFFALO WINGS\n|\n|upkeep\n|c|\u2606AstroCheeseChamp|YES\n|\n|t:|1699208896\n|switch|p2a: Terminator|Aerodactyl, F, shiny|100\/100\n|-ability|p2a: Terminator|Unnerve\n|turn|14\n|c|\u2606k7eenex|wrong move damn it\n|c| Pex Hater|?\n|c|\u2606AstroCheeseChamp|ah but you probably win here\n|\n|t:|1699208931\n|detailschange|p2a: Terminator|Aerodactyl-Mega, F, shiny\n|-mega|p2a: Terminator|Aerodactyl|Aerodactylite\n|move|p1a: Gambler|Close Combat|p2a: Terminator\n|-damage|p2a: Terminator|15\/100\n|-unboost|p1a: Gambler|def|1\n|-unboost|p1a: Gambler|spd|1\n|move|p2a: Terminator|Dragon Dance|p2a: Terminator\n|-boost|p2a: Terminator|atk|1\n|-boost|p2a: Terminator|spe|1\n|\n|upkeep\n|turn|15\n|\n|t:|1699208942\n|switch|p1a: Hapi|Tapu Lele, shiny|72\/100\n|-fieldstart|move: Psychic Terrain|[from] ability: Psychic Surge|[of] p1a: Hapi\n|move|p2a: Terminator|Earthquake|p1a: Hapi\n|-damage|p1a: Hapi|0 fnt\n|faint|p1a: Hapi\n|\n|upkeep\n|c|\u2606AstroCheeseChamp|wait\n|c|\u2606AstroCheeseChamp|wdym wrong move\n|c|\u2606k7eenex|like\n|c|\u2606k7eenex|i shoulda brought out rhyp\n|\n|t:|1699208963\n|switch|p1a: Jambo|Meowscarada, M|100\/100\n|turn|16\n|c|\u2606k7eenex|he was here for sneas\n|\n|t:|1699208974\n|move|p2a: Terminator|Dual Wingbeat|p1a: Jambo\n|-supereffective|p1a: Jambo\n|-damage|p1a: Jambo|0 fnt\n|faint|p1a: Jambo\n|-hitcount|p1: Jambo|1\n|\n|upkeep\n|c|\u2606AstroCheeseChamp|you can still bring it out\n|\n|t:|1699208978\n|switch|p1a: Gambler|Sneasler, M|100\/100\n|turn|17\n|c|\u2606k7eenex|yeah\n|c|\u2606AstroCheeseChamp|i\n|\n|t:|1699208984\n|move|p2a: Terminator|Earthquake|p1a: Gambler\n|-supereffective|p1a: Gambler\n|-damage|p1a: Gambler|0 fnt\n|faint|p1a: Gambler\n|\n|win|k7eenex\n|c| Pex Hater|oh yeah, poison touch could have ended you on the dd\n|c|\u2606AstroCheeseChamp|even encourage it0\n|c|\u2606AstroCheeseChamp|oof\n|c|\u2606AstroCheeseChamp|gg\n|c|\u2606k7eenex|poison touch tho\n|c| Pex Hater|yeah\n","uploadtime":1699208999,"views":8,"p1id":"astrocheesechamp","p2id":"k7eenex","formatid":"gen9nationaldexubers","rating":0,"private":0,"password":""}