{"id":"gen9nationaldexubers-1981110321","p1":"FlameDrake345","p2":"Ezael_Stormblood","format":"[Gen 9] National Dex Ubers","log":"|j|\u2606FlameDrake345\n|j|\u2606Ezael_Stormblood\n|t:|1698864341\n|gametype|singles\n|player|p1|FlameDrake345|maxie-gen6|1137\n|player|p2|Ezael_Stormblood|hiker-gen4|1161\n|teamsize|p1|6\n|teamsize|p2|6\n|gen|9\n|tier|[Gen 9] National Dex Ubers\n|rated|\n|rule|HP Percentage Mod: HP is shown in percentages\n|rule|Endless Battle Clause: Forcing endless battles is banned\n|rule|OHKO Clause: OHKO moves are banned\n|rule|Evasion Moves Clause: Evasion moves are banned\n|rule|Evasion Items Clause: Evasion items are banned\n|rule|Species Clause: Limit one of each Pok\u00e9mon\n|rule|Sleep Clause Mod: Limit one foe put to sleep\n|rule|Mega Rayquaza Clause: You cannot mega evolve Rayquaza\n|clearpoke\n|poke|p1|Malamar, M|\n|poke|p1|Dragapult, F|\n|poke|p1|Espathra, M|\n|poke|p1|Dracovish|\n|poke|p1|Annihilape, F|\n|poke|p1|Alakazam, M|\n|poke|p2|Xerneas-*|\n|poke|p2|Reshiram|\n|poke|p2|Arceus-Ground|\n|poke|p2|Groudon|\n|poke|p2|Absol, F|\n|poke|p2|Zygarde|\n|teampreview\n|\n|t:|1698864348\n|start\n|switch|p1a: Dracovish|Dracovish|100\/100\n|switch|p2a: Arceus|Arceus-Ground|100\/100\n|turn|1\n|\n|t:|1698864357\n|move|p1a: Dracovish|Fishious Rend|p2a: Arceus\n|-supereffective|p2a: Arceus\n|-damage|p2a: Arceus|0 fnt\n|faint|p2a: Arceus\n|\n|upkeep\n|\n|t:|1698864362\n|switch|p2a: Reshiram|Reshiram|100\/100\n|-ability|p2a: Reshiram|Turboblaze\n|turn|2\n|\n|t:|1698864367\n|-terastallize|p2a: Reshiram|Dragon\n|move|p1a: Dracovish|Fishious Rend|p2a: Reshiram\n|-resisted|p2a: Reshiram\n|-damage|p2a: Reshiram|49\/100\n|move|p2a: Reshiram|Dragon Pulse|p1a: Dracovish\n|-supereffective|p1a: Dracovish\n|-damage|p1a: Dracovish|0 fnt\n|faint|p1a: Dracovish\n|\n|upkeep\n|\n|t:|1698864376\n|switch|p1a: Dragapult|Dragapult, F|100\/100\n|turn|3\n|\n|t:|1698864381\n|switch|p2a: Xerneas|Xerneas|100\/100\n|-ability|p2a: Xerneas|Fairy Aura\n|move|p1a: Dragapult|Dragon Darts|p2a: Xerneas\n|-immune|p2a: Xerneas\n|\n|upkeep\n|turn|4\n|\n|t:|1698864392\n|switch|p1a: Espathra|Espathra, M|100\/100\n|move|p2a: Xerneas|Thunder Wave|p1a: Espathra\n|-status|p1a: Espathra|par\n|\n|upkeep\n|turn|5\n|\n|t:|1698864399\n|cant|p1a: Espathra|par\n|move|p2a: Xerneas|Roar|p1a: Espathra\n|drag|p1a: Alakazam|Alakazam, M|100\/100\n|\n|upkeep\n|turn|6\n|\n|t:|1698864407\n|detailschange|p1a: Alakazam|Alakazam-Mega, M\n|-mega|p1a: Alakazam|Alakazam|Alakazite\n|-ability|p1a: Alakazam|Fairy Aura\n|-ability|p1a: Alakazam|Fairy Aura|[from] ability: Trace|[of] p2a: Xerneas\n|move|p1a: Alakazam|Nasty Plot|p1a: Alakazam\n|-boost|p1a: Alakazam|spa|2\n|move|p2a: Xerneas|Thunder Wave|p1a: Alakazam\n|-status|p1a: Alakazam|par\n|\n|upkeep\n|turn|7\n|\n|t:|1698864418\n|move|p2a: Xerneas|Moonblast|p1a: Alakazam\n|-damage|p1a: Alakazam|6\/100 par\n|move|p1a: Alakazam|Dazzling Gleam|p2a: Xerneas\n|-damage|p2a: Xerneas|17\/100\n|\n|upkeep\n|turn|8\n|\n|t:|1698864425\n|move|p2a: Xerneas|Moonblast|p1a: Alakazam\n|-damage|p1a: Alakazam|0 fnt\n|faint|p1a: Alakazam\n|\n|upkeep\n|\n|t:|1698864429\n|switch|p1a: Dragapult|Dragapult, F|100\/100\n|turn|9\n|\n|t:|1698864435\n|move|p1a: Dragapult|Body Slam|p2a: Xerneas\n|-damage|p2a: Xerneas|0 fnt\n|faint|p2a: Xerneas\n|-damage|p1a: Dragapult|91\/100|[from] item: Life Orb\n|\n|upkeep\n|\n|t:|1698864442\n|switch|p2a: Absol|Absol, F|100\/100\n|-ability|p2a: Absol|Pressure\n|turn|10\n|\n|t:|1698864452\n|detailschange|p2a: Absol|Absol-Mega, F\n|-mega|p2a: Absol|Absol|Absolite\n|move|p2a: Absol|Sucker Punch|p1a: Dragapult\n|-supereffective|p1a: Dragapult\n|-damage|p1a: Dragapult|0 fnt\n|faint|p1a: Dragapult\n|\n|upkeep\n|\n|t:|1698864462\n|switch|p1a: Malamar|Malamar, M|100\/100\n|turn|11\n|\n|t:|1698864467\n|move|p2a: Absol|Play Rough|p1a: Malamar\n|-supereffective|p1a: Malamar\n|-damage|p1a: Malamar|29\/100\n|move|p1a: Malamar|Superpower|p2a: Absol\n|-supereffective|p2a: Absol\n|-damage|p2a: Absol|0 fnt\n|-boost|p1a: Malamar|atk|1\n|-boost|p1a: Malamar|def|1\n|faint|p2a: Absol\n|\n|upkeep\n|\n|t:|1698864477\n|switch|p2a: Reshiram|Reshiram, tera:Dragon|49\/100\n|-ability|p2a: Reshiram|Turboblaze\n|turn|12\n|\n|t:|1698864482\n|move|p2a: Reshiram|Blue Flare|p1a: Malamar\n|-damage|p1a: Malamar|0 fnt\n|faint|p1a: Malamar\n|\n|upkeep\n|\n|t:|1698864487\n|switch|p1a: Espathra|Espathra, M|100\/100 par\n|turn|13\n|\n|t:|1698864493\n|move|p2a: Reshiram|Blue Flare|p1a: Espathra\n|-damage|p1a: Espathra|0 fnt\n|faint|p1a: Espathra\n|\n|upkeep\n|\n|t:|1698864497\n|switch|p1a: Annihilape|Annihilape, F|100\/100\n|turn|14\n|c|\u2606Ezael_Stormblood|I love reshiram\n|\n|t:|1698864508\n|-terastallize|p1a: Annihilape|Fire\n|move|p2a: Reshiram|Blue Flare|p1a: Annihilape|[miss]\n|-miss|p2a: Reshiram|p1a: Annihilape\n|move|p1a: Annihilape|Drain Punch|p2a: Reshiram\n|-damage|p2a: Reshiram|8\/100\n|\n|upkeep\n|turn|15\n|c|\u2606FlameDrake345|it's a fun pokemon\n|\n|t:|1698864519\n|move|p2a: Reshiram|Roost|p2a: Reshiram\n|-heal|p2a: Reshiram|58\/100\n|move|p1a: Annihilape|Rage Fist|p2a: Reshiram\n|-damage|p2a: Reshiram|30\/100\n|\n|upkeep\n|turn|16\n|\n|t:|1698864525\n|move|p2a: Reshiram|Roost|p2a: Reshiram\n|-heal|p2a: Reshiram|80\/100\n|move|p1a: Annihilape|Taunt|p2a: Reshiram\n|-start|p2a: Reshiram|move: Taunt\n|\n|upkeep\n|turn|17\n|\n|t:|1698864533\n|move|p2a: Reshiram|Dragon Pulse|p1a: Annihilape\n|-damage|p1a: Annihilape|39\/100\n|-enditem|p1a: Annihilape|Sitrus Berry|[eat]\n|-heal|p1a: Annihilape|64\/100|[from] item: Sitrus Berry\n|move|p1a: Annihilape|Bulk Up|p1a: Annihilape\n|-boost|p1a: Annihilape|atk|1\n|-boost|p1a: Annihilape|def|1\n|\n|upkeep\n|turn|18\n|\n|t:|1698864545\n|move|p2a: Reshiram|Blue Flare|p1a: Annihilape\n|-resisted|p1a: Annihilape\n|-damage|p1a: Annihilape|32\/100\n|move|p1a: Annihilape|Drain Punch|p2a: Reshiram\n|-damage|p2a: Reshiram|17\/100\n|-heal|p1a: Annihilape|57\/100|[from] drain|[of] p2a: Reshiram\n|\n|upkeep\n|turn|19\n|\n|t:|1698864556\n|move|p2a: Reshiram|Dragon Pulse|p1a: Annihilape\n|-damage|p1a: Annihilape|2\/100\n|move|p1a: Annihilape|Drain Punch|p2a: Reshiram\n|-damage|p2a: Reshiram|0 fnt\n|-heal|p1a: Annihilape|9\/100|[from] drain|[of] p2a: Reshiram\n|faint|p2a: Reshiram\n|\n|upkeep\n|\n|t:|1698864563\n|switch|p2a: Groudon|Groudon|100\/100\n|detailschange|p2a: Groudon|Groudon-Primal\n|-primal|p2a: Groudon|Red Orb\n|-weather|DesolateLand|[from] ability: Desolate Land|[of] p2a: Groudon\n|turn|20\n|\n|t:|1698864573\n|move|p2a: Groudon|Heat Crash|p1a: Annihilape\n|-resisted|p1a: Annihilape\n|-damage|p1a: Annihilape|0 fnt\n|faint|p1a: Annihilape\n|\n|win|Ezael_Stormblood\n|raw|FlameDrake345's rating: 1137 &rarr; <strong>1114<\/strong><br \/>(-23 for losing)\n|raw|Ezael_Stormblood's rating: 1161 &rarr; <strong>1184<\/strong><br \/>(+23 for winning)\n|c|\u2606Ezael_Stormblood|gg\n","uploadtime":1698864579,"views":17,"p1id":"flamedrake345","p2id":"ezaelstormblood","formatid":"gen9nationaldexubers","rating":1114,"private":0,"password":""}