{"id":"gen9nationaldexubers-1979697216","p1":"Stallsun9U","p2":"EpicGamer069420","format":"[Gen 9] National Dex Ubers","log":"|j|\u2606Stallsun9U\n|j|\u2606EpicGamer069420\n|t:|1698704238\n|gametype|singles\n|player|p1|Stallsun9U|veteran|1604\n|player|p2|EpicGamer069420|lucas|1536\n|teamsize|p1|6\n|teamsize|p2|6\n|gen|9\n|tier|[Gen 9] National Dex Ubers\n|rated|\n|rule|HP Percentage Mod: HP is shown in percentages\n|rule|Endless Battle Clause: Forcing endless battles is banned\n|rule|OHKO Clause: OHKO moves are banned\n|rule|Evasion Moves Clause: Evasion moves are banned\n|rule|Evasion Items Clause: Evasion items are banned\n|rule|Species Clause: Limit one of each Pok\u00e9mon\n|rule|Sleep Clause Mod: Limit one foe put to sleep\n|rule|Mega Rayquaza Clause: You cannot mega evolve Rayquaza\n|clearpoke\n|poke|p1|Deoxys-Speed|\n|poke|p1|Xerneas-*|\n|poke|p1|Kyurem-Black|\n|poke|p1|Arceus|\n|poke|p1|Groudon|\n|poke|p1|Necrozma-Dusk-Mane|\n|poke|p2|Groudon|\n|poke|p2|Necrozma-Dusk-Mane|\n|poke|p2|Ho-Oh|\n|poke|p2|Kyogre|\n|poke|p2|Xerneas-*|\n|poke|p2|Yveltal|\n|teampreview\n|inactive|Battle timer is ON: inactive players will automatically lose when time's up. (requested by Stallsun9U)\n|inactive|EpicGamer069420 also wants the timer to be on.\n|c|\u2606EpicGamer069420|lmao\n|c|\u2606Stallsun9U|Ay\n|c|\u2606EpicGamer069420|hf\n|c|\u2606Stallsun9U|Lmao\n|c|\u2606Stallsun9U|You too\n|inactive|EpicGamer069420 has 120 seconds left.\n|\n|t:|1698704296\n|start\n|switch|p1a: Deoxys|Deoxys-Speed|100\/100\n|switch|p2a: Necrozma|Necrozma-Dusk-Mane|100\/100\n|-ability|p1a: Deoxys|Pressure\n|turn|1\n|\n|t:|1698704303\n|move|p1a: Deoxys|Magic Coat|p1a: Deoxys\n|-singleturn|p1a: Deoxys|move: Magic Coat\n|move|p2a: Necrozma|Stealth Rock|p1a: Deoxys\n|move|p1a: Deoxys|Stealth Rock|p2a: Necrozma|[from]Magic Coat\n|-sidestart|p2: EpicGamer069420|move: Stealth Rock\n|\n|upkeep\n|turn|2\n|\n|t:|1698704315\n|move|p1a: Deoxys|Taunt|p2a: Necrozma\n|-start|p2a: Necrozma|move: Taunt\n|cant|p2a: Necrozma|move: Taunt|Stealth Rock\n|\n|upkeep\n|turn|3\n|\n|t:|1698704329\n|switch|p1a: Groudon|Groudon|100\/100\n|detailschange|p1a: Groudon|Groudon-Primal\n|-primal|p1a: Groudon|Red Orb\n|-weather|DesolateLand|[from] ability: Desolate Land|[of] p1a: Groudon\n|switch|p2a: Yveltal|Yveltal|100\/100\n|-ability|p2a: Yveltal|Dark Aura\n|\n|-weather|DesolateLand|[upkeep]\n|upkeep\n|turn|4\n|\n|t:|1698704342\n|move|p2a: Yveltal|U-turn|p1a: Groudon\n|-resisted|p1a: Groudon\n|-damage|p1a: Groudon|94\/100\n|\n|t:|1698704344\n|switch|p2a: Necrozma|Necrozma-Dusk-Mane|100\/100|[from] U-turn\n|-damage|p2a: Necrozma|94\/100|[from] Stealth Rock\n|move|p1a: Groudon|Rock Polish|p1a: Groudon\n|-boost|p1a: Groudon|spe|2\n|\n|-weather|DesolateLand|[upkeep]\n|-heal|p2a: Necrozma|100\/100|[from] item: Leftovers\n|upkeep\n|turn|5\n|inactive|EpicGamer069420 has 120 seconds left.\n|\n|t:|1698704376\n|switch|p2a: Yveltal|Yveltal|100\/100\n|-ability|p2a: Yveltal|Dark Aura\n|move|p1a: Groudon|Precipice Blades|p2a: Yveltal\n|-immune|p2a: Yveltal\n|\n|-weather|DesolateLand|[upkeep]\n|upkeep\n|turn|6\n|inactive|EpicGamer069420 has 120 seconds left.\n|\n|t:|1698704398\n|move|p1a: Groudon|Heat Crash|p2a: Yveltal\n|-damage|p2a: Yveltal|0 fnt\n|faint|p2a: Yveltal\n|\n|-weather|DesolateLand|[upkeep]\n|upkeep\n|\n|t:|1698704407\n|switch|p2a: Groudon|Groudon|100\/100\n|-damage|p2a: Groudon|94\/100|[from] Stealth Rock\n|detailschange|p2a: Groudon|Groudon-Primal\n|-primal|p2a: Groudon|Red Orb\n|turn|7\n|c|\u2606Stallsun9U|Inb4 i miss\n|\n|t:|1698704417\n|move|p1a: Groudon|Precipice Blades|p2a: Groudon|[miss]\n|-miss|p1a: Groudon|p2a: Groudon\n|move|p2a: Groudon|Precipice Blades|p1a: Groudon\n|-supereffective|p1a: Groudon\n|-damage|p1a: Groudon|3\/100\n|\n|-weather|DesolateLand|[upkeep]\n|upkeep\n|turn|8\n|c|\u2606Stallsun9U|Screw this game lmao\n|c|\u2606EpicGamer069420|rip\n|inactive|EpicGamer069420 has 120 seconds left.\n|c|\u2606EpicGamer069420|i mean i don't die i just wanted chip but yea that sucks\n|\n|t:|1698704449\n|move|p1a: Groudon|Precipice Blades|p2a: Groudon\n|-supereffective|p2a: Groudon\n|-damage|p2a: Groudon|0 fnt\n|faint|p2a: Groudon\n|\n|-weather|DesolateLand|[upkeep]\n|upkeep\n|c|\u2606EpicGamer069420|nvm wtf\n|c|\u2606Stallsun9U|248 adamant\n|inactive|EpicGamer069420 has 90 seconds left.\n|c|\u2606Stallsun9U|Not 252 because i needed that one extra speed\n|c|\u2606Stallsun9U|Fr\n|c|\u2606EpicGamer069420|damn\n|inactive|EpicGamer069420 has 60 seconds left.\n|c|\u2606EpicGamer069420|ok i didn't guess it would be adamant\n|\n|t:|1698704500\n|switch|p2a: Ho-Oh|Ho-Oh|100\/100\n|turn|9\n|\n|t:|1698704503\n|-terastallize|p2a: Ho-Oh|Ground\n|move|p1a: Groudon|Heat Crash|p2a: Ho-Oh\n|-damage|p2a: Ho-Oh|0 fnt\n|faint|p2a: Ho-Oh\n|\n|-weather|DesolateLand|[upkeep]\n|upkeep\n|c|\u2606Stallsun9U|Mate\n|c|\u2606Stallsun9U|:sob:\n|inactive|EpicGamer069420 has 60 seconds left.\n|c|\u2606EpicGamer069420|bro i thought it was rp 3a with stone edge LMAOO\n|c|\u2606Stallsun9U|No its double dance\n|c|\u2606Stallsun9U|Lmfao\n|\n|t:|1698704538\n|switch|p2a: Necrozma|Necrozma-Dusk-Mane|100\/100\n|-damage|p2a: Necrozma|94\/100|[from] Stealth Rock\n|turn|10\n|\n|t:|1698704543\n|move|p1a: Groudon|Precipice Blades|p2a: Necrozma\n|-supereffective|p2a: Necrozma\n|-damage|p2a: Necrozma|23\/100\n|move|p2a: Necrozma|Psychic Fangs|p1a: Groudon\n|-damage|p1a: Groudon|0 fnt\n|faint|p1a: Groudon\n|-weather|none\n|\n|-heal|p2a: Necrozma|29\/100|[from] item: Leftovers\n|upkeep\n|\n|t:|1698704559\n|switch|p1a: Xerneas|Xerneas|100\/100\n|-ability|p1a: Xerneas|Fairy Aura\n|turn|11\n|\n|t:|1698704565\n|-terastallize|p1a: Xerneas|Electric\n|move|p1a: Xerneas|Geomancy||[still]\n|-prepare|p1a: Xerneas|Geomancy\n|-enditem|p1a: Xerneas|Power Herb\n|-anim|p1a: Xerneas|Geomancy|p1a: Xerneas\n|-boost|p1a: Xerneas|spa|2\n|-boost|p1a: Xerneas|spd|2\n|-boost|p1a: Xerneas|spe|2\n|move|p2a: Necrozma|Sunsteel Strike|p1a: Xerneas\n|-resisted|p1a: Xerneas\n|-damage|p1a: Xerneas|79\/100\n|\n|-heal|p2a: Necrozma|35\/100|[from] item: Leftovers\n|upkeep\n|turn|12\n|c|\u2606Stallsun9U|Gg i think\n|c|\u2606Stallsun9U|Unless you have a secret tera\n|c|\u2606EpicGamer069420|yea its over\n|c|\u2606Stallsun9U|Wait\n|inactive|EpicGamer069420 has 60 seconds left.\n|c|\u2606Stallsun9U|You already\n|c|\u2606Stallsun9U|Yeah nvm\n|c|\u2606Stallsun9U|Gg tho\n|c|\u2606EpicGamer069420|no i used it to block stone edge\n|c|\u2606EpicGamer069420|ye\n|c|\u2606EpicGamer069420|gg\n|\n|t:|1698704602\n|move|p1a: Xerneas|Moonblast|p2a: Necrozma\n|-resisted|p2a: Necrozma\n|-damage|p2a: Necrozma|0 fnt\n|faint|p2a: Necrozma\n|\n|upkeep\n|\n|t:|1698704606\n|switch|p2a: Xerneas|Xerneas|100\/100\n|-damage|p2a: Xerneas|88\/100|[from] Stealth Rock\n|-ability|p2a: Xerneas|Fairy Aura\n|turn|13\n|\n|t:|1698704612\n|move|p1a: Xerneas|Moonblast|p2a: Xerneas\n|-damage|p2a: Xerneas|0 fnt\n|faint|p2a: Xerneas\n|\n|upkeep\n|\n|t:|1698704616\n|switch|p2a: Kyogre|Kyogre|100\/100\n|-damage|p2a: Kyogre|88\/100|[from] Stealth Rock\n|-weather|RainDance|[from] ability: Drizzle|[of] p2a: Kyogre\n|turn|14\n|\n|t:|1698704621\n|move|p1a: Xerneas|Thunder|p2a: Kyogre\n|-supereffective|p2a: Kyogre\n|-damage|p2a: Kyogre|0 fnt\n|faint|p2a: Kyogre\n|\n|win|Stallsun9U\n|raw|Stallsun9U's rating: 1604 &rarr; <strong>1620<\/strong><br \/>(+16 for winning)\n|raw|EpicGamer069420's rating: 1536 &rarr; <strong>1520<\/strong><br \/>(-16 for losing)\n|c|\u2606Stallsun9U|Wp\n|c|\u2606EpicGamer069420|u2\n|c|\u2606Stallsun9U|Gotta go home fr\n|c|\u2606Stallsun9U|Cya lol\n|c|\u2606EpicGamer069420|cya\n|l|\u2606EpicGamer069420\n","uploadtime":1698704645,"views":10,"p1id":"stallsun9u","p2id":"epicgamer069420","formatid":"gen9nationaldexubers","rating":1520,"private":0,"password":""}