{"id":"gen9nationaldexubers-1980976431","p1":"kaden.woodard","p2":"ChrisJKGreen","format":"[Gen 9] National Dex Ubers","log":"|j|\u2606kaden.woodard\n|j|\u203dChrisJKGreen\n|t:|1698853778\n|gametype|singles\n|player|p1|kaden.woodard|102|1097\n|player|p2|ChrisJKGreen|170|1078\n|teamsize|p1|6\n|teamsize|p2|6\n|gen|9\n|tier|[Gen 9] National Dex Ubers\n|rated|\n|rule|HP Percentage Mod: HP is shown in percentages\n|rule|Endless Battle Clause: Forcing endless battles is banned\n|rule|OHKO Clause: OHKO moves are banned\n|rule|Evasion Moves Clause: Evasion moves are banned\n|rule|Evasion Items Clause: Evasion items are banned\n|rule|Species Clause: Limit one of each Pok\u00e9mon\n|rule|Sleep Clause Mod: Limit one foe put to sleep\n|rule|Mega Rayquaza Clause: You cannot mega evolve Rayquaza\n|clearpoke\n|poke|p1|Groudon|\n|poke|p1|Kyogre|\n|poke|p1|Mewtwo|\n|poke|p1|Necrozma-Dawn-Wings|\n|poke|p1|Zacian-*|\n|poke|p1|Hoopa-Unbound|\n|poke|p2|Latias, F|\n|poke|p2|Forretress, M|\n|poke|p2|Ditto|\n|poke|p2|Cottonee, L1, M|\n|poke|p2|Victini|\n|poke|p2|Accelgor, F|\n|teampreview\n|inactive|Battle timer is ON: inactive players will automatically lose when time's up. (requested by ChrisJKGreen)\n|\n|t:|1698853793\n|start\n|switch|p1a: Mewtwo|Mewtwo|100\/100\n|switch|p2a: Accelgor|Accelgor, F, shiny|100\/100\n|-ability|p1a: Mewtwo|Pressure\n|turn|1\n|\n|t:|1698853807\n|detailschange|p1a: Mewtwo|Mewtwo-Mega-Y\n|-mega|p1a: Mewtwo|Mewtwo|Mewtwonite Y\n|move|p2a: Accelgor|Toxic Spikes|p1a: Mewtwo\n|-sidestart|p1: kaden.woodard|move: Toxic Spikes\n|move|p1a: Mewtwo|Shadow Ball|p2a: Accelgor\n|-damage|p2a: Accelgor|40\/100\n|\n|upkeep\n|turn|2\n|j| CNJ44\n|\n|t:|1698853819\n|move|p2a: Accelgor|Toxic Spikes|p1a: Mewtwo\n|-sidestart|p1: kaden.woodard|move: Toxic Spikes\n|move|p1a: Mewtwo|Shadow Ball|p2a: Accelgor\n|-damage|p2a: Accelgor|0 fnt\n|faint|p2a: Accelgor\n|\n|upkeep\n|\n|t:|1698853824\n|switch|p2a: Forretress|Forretress, M|100\/100\n|turn|3\n|\n|t:|1698853827\n|move|p1a: Mewtwo|Aura Sphere|p2a: Forretress\n|-damage|p2a: Forretress|39\/100\n|move|p2a: Forretress|Stealth Rock|p1a: Mewtwo\n|-sidestart|p1: kaden.woodard|move: Stealth Rock\n|\n|upkeep\n|turn|4\n|c| CNJ44|hi kaden\n|\n|t:|1698853834\n|move|p1a: Mewtwo|Aura Sphere|p2a: Forretress\n|-damage|p2a: Forretress|0 fnt\n|faint|p2a: Forretress\n|\n|upkeep\n|\n|t:|1698853839\n|switch|p2a: Ditto|Ditto|100\/100\n|-transform|p2a: Ditto|p1a: Mewtwo|[from] ability: Imposter\n|turn|5\n|c| CNJ44|oop\n|c| CNJ44|its over\n|\n|t:|1698853860\n|move|p2a: Ditto|Shadow Ball|p1a: Mewtwo\n|-supereffective|p1a: Mewtwo\n|-damage|p1a: Mewtwo|26\/100\n|move|p1a: Mewtwo|Shadow Ball|p2a: Ditto\n|-supereffective|p2a: Ditto\n|-damage|p2a: Ditto|14\/100\n|-unboost|p2a: Ditto|spd|1\n|\n|upkeep\n|turn|6\n|c| CNJ44|he's set up too\n|\n|t:|1698853873\n|move|p2a: Ditto|Shadow Ball|p1a: Mewtwo\n|-supereffective|p1a: Mewtwo\n|-damage|p1a: Mewtwo|0 fnt\n|faint|p1a: Mewtwo\n|\n|upkeep\n|c| CNJ44|and he out speeds\n|c| CNJ44|ur done for\n|\n|t:|1698853885\n|switch|p1a: Necrozma|Necrozma-Dawn-Wings|100\/100\n|-status|p1a: Necrozma|tox\n|-damage|p1a: Necrozma|88\/100 tox|[from] Stealth Rock\n|turn|7\n|\n|t:|1698853892\n|move|p2a: Ditto|Shadow Ball|p1a: Necrozma\n|-supereffective|p1a: Necrozma\n|-damage|p1a: Necrozma|0 fnt\n|faint|p1a: Necrozma\n|\n|upkeep\n|\n|t:|1698853899\n|switch|p1a: Zacian|Zacian-Crowned|100\/100\n|-damage|p1a: Zacian|94\/100|[from] Stealth Rock\n|-ability|p1a: Zacian|Intrepid Sword|boost\n|-boost|p1a: Zacian|atk|1\n|turn|8\n|c| CNJ44|bruh thats crazy\n|\n|t:|1698853909\n|switch|p2a: Latias|Latias, F, shiny|100\/100\n|move|p1a: Zacian|Behemoth Blade|p2a: Latias\n|-damage|p2a: Latias|0 fnt\n|faint|p2a: Latias\n|\n|upkeep\n|\n|t:|1698853916\n|switch|p2a: Ditto|Ditto|14\/100\n|-transform|p2a: Ditto|p1a: Zacian|[from] ability: Imposter\n|-ability|p2a: Ditto|Intrepid Sword|boost\n|-boost|p2a: Ditto|atk|1\n|turn|9\n|\n|t:|1698853925\n|move|p2a: Ditto|Behemoth Blade|p1a: Zacian\n|-damage|p1a: Zacian|0 fnt\n|faint|p1a: Zacian\n|\n|upkeep\n|c| CNJ44|naw\n|\n|t:|1698853931\n|switch|p1a: Hoopa|Hoopa-Unbound|100\/100\n|-status|p1a: Hoopa|tox\n|-damage|p1a: Hoopa|88\/100 tox|[from] Stealth Rock\n|turn|10\n|c| CNJ44|jit trippin\\\n|\n|t:|1698853940\n|move|p2a: Ditto|Behemoth Blade|p1a: Hoopa\n|-damage|p1a: Hoopa|0 fnt\n|faint|p1a: Hoopa\n|\n|upkeep\n|c| CNJ44|naw\n|\n|t:|1698853948\n|switch|p1a: Kyogre|Kyogre, shiny|100\/100\n|-status|p1a: Kyogre|tox\n|-damage|p1a: Kyogre|88\/100 tox|[from] Stealth Rock\n|detailschange|p1a: Kyogre|Kyogre-Primal, shiny\n|-primal|p1a: Kyogre|Blue Orb\n|-weather|PrimordialSea|[from] ability: Primordial Sea|[of] p1a: Kyogre\n|turn|11\n|c| CNJ44|thats crazy\n|c| CNJ44|ditto op\n|\n|t:|1698853957\n|move|p2a: Ditto|Behemoth Blade|p1a: Kyogre\n|-resisted|p1a: Kyogre\n|-damage|p1a: Kyogre|13\/100 tox\n|move|p1a: Kyogre|Ice Beam|p2a: Ditto\n|-resisted|p2a: Ditto\n|-damage|p2a: Ditto|0 fnt\n|faint|p2a: Ditto\n|\n|-weather|PrimordialSea|[upkeep]\n|-damage|p1a: Kyogre|7\/100 tox|[from] psn\n|upkeep\n|c| CNJ44|finally\n|\n|t:|1698853967\n|switch|p2a: Cottonee|Cottonee, L1, M|100\/100\n|turn|12\n|\n|t:|1698853971\n|move|p2a: Cottonee|Protect|p2a: Cottonee\n|-singleturn|p2a: Cottonee|Protect\n|move|p1a: Kyogre|Ice Beam|p2a: Cottonee\n|-activate|p2a: Cottonee|move: Protect\n|\n|-weather|PrimordialSea|[upkeep]\n|-damage|p1a: Kyogre|0 fnt|[from] psn\n|faint|p1a: Kyogre\n|-weather|none\n|upkeep\n|\n|t:|1698853979\n|switch|p1a: Groudon|Groudon, shiny|100\/100\n|-status|p1a: Groudon|tox\n|-damage|p1a: Groudon|94\/100 tox|[from] Stealth Rock\n|detailschange|p1a: Groudon|Groudon-Primal, shiny\n|-primal|p1a: Groudon|Red Orb\n|-weather|DesolateLand|[from] ability: Desolate Land|[of] p1a: Groudon\n|turn|13\n|\n|t:|1698853987\n|move|p2a: Cottonee|Leech Seed|p1a: Groudon\n|-start|p1a: Groudon|move: Leech Seed\n|move|p1a: Groudon|Fire Punch|p2a: Cottonee\n|-supereffective|p2a: Cottonee\n|-enditem|p2a: Cottonee|Focus Sash\n|-damage|p2a: Cottonee|9\/100\n|\n|-weather|DesolateLand|[upkeep]\n|-damage|p1a: Groudon|82\/100 tox|[from] Leech Seed|[of] p2a: Cottonee\n|-heal|p2a: Cottonee|100\/100|[silent]\n|-damage|p1a: Groudon|76\/100 tox|[from] psn\n|upkeep\n|turn|14\n|\n|t:|1698853997\n|move|p2a: Cottonee|Substitute|p2a: Cottonee\n|-start|p2a: Cottonee|Substitute\n|-damage|p2a: Cottonee|75\/100\n|move|p1a: Groudon|Fire Punch|p2a: Cottonee\n|-supereffective|p2a: Cottonee\n|-end|p2a: Cottonee|Substitute\n|\n|-weather|DesolateLand|[upkeep]\n|-damage|p1a: Groudon|64\/100 tox|[from] Leech Seed|[of] p2a: Cottonee\n|-heal|p2a: Cottonee|100\/100|[silent]\n|-damage|p1a: Groudon|51\/100 tox|[from] psn\n|upkeep\n|turn|15\n|\n|t:|1698854013\n|move|p2a: Cottonee|Protect|p2a: Cottonee\n|-singleturn|p2a: Cottonee|Protect\n|move|p1a: Groudon|Fire Punch|p2a: Cottonee\n|-activate|p2a: Cottonee|move: Protect\n|\n|-weather|DesolateLand|[upkeep]\n|-damage|p1a: Groudon|39\/100 tox|[from] Leech Seed|[of] p2a: Cottonee\n|-damage|p1a: Groudon|20\/100 tox|[from] psn\n|upkeep\n|turn|16\n|\n|t:|1698854032\n|move|p2a: Cottonee|Substitute|p2a: Cottonee\n|-start|p2a: Cottonee|Substitute\n|-damage|p2a: Cottonee|75\/100\n|move|p1a: Groudon|Earthquake|p2a: Cottonee\n|-resisted|p2a: Cottonee\n|-end|p2a: Cottonee|Substitute\n|\n|-weather|DesolateLand|[upkeep]\n|-damage|p1a: Groudon|8\/100 tox|[from] Leech Seed|[of] p2a: Cottonee\n|-heal|p2a: Cottonee|100\/100|[silent]\n|-damage|p1a: Groudon|0 fnt|[from] psn\n|faint|p1a: Groudon\n|-weather|none\n|\n|win|ChrisJKGreen\n|upkeep\n|raw|kaden.woodard's rating: 1097 &rarr; <strong>1071<\/strong><br \/>(-26 for losing)\n|raw|ChrisJKGreen's rating: 1078 &rarr; <strong>1108<\/strong><br \/>(+30 for winning)\n|c| CNJ44|u lost welp gg\n|l|\u2606kaden.woodard\n|l| CNJ44\n","uploadtime":1698854439,"views":8,"p1id":"kadenwoodard","p2id":"chrisjkgreen","formatid":"gen9nationaldexubers","rating":1071,"private":0,"password":""}