{"id":"gen9nationaldexubers-1995195680","p1":"Water thing?","p2":"execfist2","format":"[Gen 9] National Dex Ubers","log":"|j|\u2606Water thing?\n|j|\u2606execfist2\n|t:|1700533327\n|gametype|singles\n|player|p1|Water thing?|shauntal|1314\n|player|p2|execfist2|170|1258\n|teamsize|p1|6\n|teamsize|p2|6\n|gen|9\n|tier|[Gen 9] National Dex Ubers\n|rated|\n|rule|HP Percentage Mod: HP is shown in percentages\n|rule|Endless Battle Clause: Forcing endless battles is banned\n|rule|OHKO Clause: OHKO moves are banned\n|rule|Evasion Moves Clause: Evasion moves are banned\n|rule|Evasion Items Clause: Evasion items are banned\n|rule|Species Clause: Limit one of each Pok\u00e9mon\n|rule|Sleep Clause Mod: Limit one foe put to sleep\n|rule|Mega Rayquaza Clause: You cannot mega evolve Rayquaza\n|clearpoke\n|poke|p1|Marshadow|\n|poke|p1|Tapu Koko|\n|poke|p1|Blaziken, F|\n|poke|p1|Gliscor, M|\n|poke|p1|Greninja-*, M|\n|poke|p1|Zygarde|\n|poke|p2|Flutter Mane|\n|poke|p2|Groudon|\n|poke|p2|Yveltal|\n|poke|p2|Mewtwo|\n|poke|p2|Kingambit, M|\n|poke|p2|Eternatus|\n|teampreview\n|inactive|Battle timer is ON: inactive players will automatically lose when time's up. (requested by execfist2)\n|\n|t:|1700533345\n|start\n|switch|p1a: Screens|Tapu Koko, shiny|100\/100\n|switch|p2a: Groudon|Groudon|100\/100\n|-fieldstart|move: Electric Terrain|[from] ability: Electric Surge|[of] p1a: Screens\n|detailschange|p2a: Groudon|Groudon-Primal\n|-primal|p2a: Groudon|Red Orb\n|-weather|DesolateLand|[from] ability: Desolate Land|[of] p2a: Groudon\n|turn|1\n|\n|t:|1700533359\n|move|p1a: Screens|Reflect|p1a: Screens\n|-sidestart|p1: Water thing?|Reflect\n|move|p2a: Groudon|Rock Polish|p2a: Groudon\n|-boost|p2a: Groudon|spe|2\n|\n|-weather|DesolateLand|[upkeep]\n|upkeep\n|turn|2\n|\n|t:|1700533364\n|move|p2a: Groudon|Heat Crash|p1a: Screens\n|-damage|p1a: Screens|2\/100\n|move|p1a: Screens|Light Screen|p1a: Screens\n|-sidestart|p1: Water thing?|move: Light Screen\n|\n|-weather|DesolateLand|[upkeep]\n|upkeep\n|turn|3\n|\n|t:|1700533371\n|move|p2a: Groudon|Will-O-Wisp|p1a: Screens\n|-status|p1a: Screens|brn\n|move|p1a: Screens|Defog|p2a: Groudon\n|-unboost|p2a: Groudon|evasion|1\n|-fieldend|move: Electric Terrain\n|\n|-weather|DesolateLand|[upkeep]\n|-damage|p1a: Screens|0 fnt|[from] brn\n|faint|p1a: Screens\n|upkeep\n|\n|t:|1700533381\n|switch|p1a: Snakey Boi|Zygarde|100\/100\n|turn|4\n|\n|t:|1700533386\n|move|p2a: Groudon|Will-O-Wisp|p1a: Snakey Boi\n|-status|p1a: Snakey Boi|brn\n|move|p1a: Snakey Boi|Substitute|p1a: Snakey Boi\n|-start|p1a: Snakey Boi|Substitute\n|-damage|p1a: Snakey Boi|76\/100 brn\n|\n|-weather|DesolateLand|[upkeep]\n|-heal|p1a: Snakey Boi|82\/100 brn|[from] item: Leftovers\n|-damage|p1a: Snakey Boi|76\/100 brn|[from] brn\n|upkeep\n|turn|5\n|\n|t:|1700533396\n|move|p2a: Groudon|Earthquake|p1a: Snakey Boi\n|-activate|p1a: Snakey Boi|move: Substitute|[damage]\n|move|p1a: Snakey Boi|Coil|p1a: Snakey Boi\n|-boost|p1a: Snakey Boi|atk|1\n|-boost|p1a: Snakey Boi|def|1\n|-boost|p1a: Snakey Boi|accuracy|1\n|\n|-weather|DesolateLand|[upkeep]\n|-heal|p1a: Snakey Boi|82\/100 brn|[from] item: Leftovers\n|-damage|p1a: Snakey Boi|76\/100 brn|[from] brn\n|upkeep\n|turn|6\n|\n|t:|1700533404\n|move|p2a: Groudon|Earthquake|p1a: Snakey Boi\n|-end|p1a: Snakey Boi|Substitute\n|move|p1a: Snakey Boi|Coil|p1a: Snakey Boi\n|-boost|p1a: Snakey Boi|atk|1\n|-boost|p1a: Snakey Boi|def|1\n|-boost|p1a: Snakey Boi|accuracy|1\n|\n|-weather|DesolateLand|[upkeep]\n|-heal|p1a: Snakey Boi|82\/100 brn|[from] item: Leftovers\n|-damage|p1a: Snakey Boi|76\/100 brn|[from] brn\n|upkeep\n|turn|7\n|\n|t:|1700533413\n|move|p2a: Groudon|Earthquake|p1a: Snakey Boi\n|-damage|p1a: Snakey Boi|62\/100 brn\n|move|p1a: Snakey Boi|Coil|p1a: Snakey Boi\n|-boost|p1a: Snakey Boi|atk|1\n|-boost|p1a: Snakey Boi|def|1\n|-boost|p1a: Snakey Boi|accuracy|1\n|\n|-weather|DesolateLand|[upkeep]\n|-heal|p1a: Snakey Boi|68\/100 brn|[from] item: Leftovers\n|-damage|p1a: Snakey Boi|62\/100 brn|[from] brn\n|upkeep\n|turn|8\n|\n|t:|1700533426\n|-weather|none\n|switch|p2a: Yveltal|Yveltal|100\/100\n|-ability|p2a: Yveltal|Dark Aura\n|move|p1a: Snakey Boi|Coil|p1a: Snakey Boi\n|-boost|p1a: Snakey Boi|atk|1\n|-boost|p1a: Snakey Boi|def|1\n|-boost|p1a: Snakey Boi|accuracy|1\n|\n|-heal|p1a: Snakey Boi|68\/100 brn|[from] item: Leftovers\n|-damage|p1a: Snakey Boi|62\/100 brn|[from] brn\n|-sideend|p1: Water thing?|Reflect\n|upkeep\n|turn|9\n|\n|t:|1700533437\n|move|p2a: Yveltal|Oblivion Wing|p1a: Snakey Boi\n|-damage|p1a: Snakey Boi|43\/100 brn\n|move|p1a: Snakey Boi|Thousand Arrows|p2a: Yveltal\n|-damage|p2a: Yveltal|42\/100\n|-start|p2a: Yveltal|Smack Down\n|\n|-heal|p1a: Snakey Boi|49\/100 brn|[from] item: Leftovers\n|-damage|p1a: Snakey Boi|43\/100 brn|[from] brn\n|-sideend|p1: Water thing?|move: Light Screen\n|-activate|p1a: Snakey Boi|ability: Power Construct\n|detailschange|p1a: Snakey Boi|Zygarde-Complete\n|-heal|p1a: Snakey Boi|64\/100 brn|[silent]\n|upkeep\n|turn|10\n|\n|t:|1700533450\n|move|p2a: Yveltal|Dark Pulse|p1a: Snakey Boi\n|-damage|p1a: Snakey Boi|35\/100 brn\n|cant|p1a: Snakey Boi|flinch\n|\n|-heal|p1a: Snakey Boi|41\/100 brn|[from] item: Leftovers\n|-damage|p1a: Snakey Boi|35\/100 brn|[from] brn\n|upkeep\n|turn|11\n|\n|t:|1700533458\n|move|p2a: Yveltal|Dark Pulse|p1a: Snakey Boi\n|-damage|p1a: Snakey Boi|2\/100 brn\n|move|p1a: Snakey Boi|Thousand Arrows|p2a: Yveltal\n|-damage|p2a: Yveltal|0 fnt\n|faint|p2a: Yveltal\n|\n|-heal|p1a: Snakey Boi|8\/100 brn|[from] item: Leftovers\n|-damage|p1a: Snakey Boi|2\/100 brn|[from] brn\n|upkeep\n|\n|t:|1700533466\n|switch|p2a: Groudon|Groudon-Primal|100\/100\n|-weather|DesolateLand|[from] ability: Desolate Land|[of] p2a: Groudon\n|turn|12\n|\n|t:|1700533474\n|move|p2a: Groudon|Earthquake|p1a: Snakey Boi\n|-damage|p1a: Snakey Boi|0 fnt\n|faint|p1a: Snakey Boi\n|\n|-weather|DesolateLand|[upkeep]\n|upkeep\n|\n|t:|1700533484\n|switch|p1a: Sub To MandJTV|Gliscor, M, shiny|100\/100\n|turn|13\n|\n|t:|1700533488\n|move|p1a: Sub To MandJTV|Earthquake|p2a: Groudon\n|-supereffective|p2a: Groudon\n|-damage|p2a: Groudon|44\/100\n|move|p2a: Groudon|Rock Polish|p2a: Groudon\n|-boost|p2a: Groudon|spe|2\n|\n|-weather|DesolateLand|[upkeep]\n|-status|p1a: Sub To MandJTV|tox|[from] item: Toxic Orb\n|upkeep\n|turn|14\n|\n|t:|1700533495\n|move|p2a: Groudon|Heat Crash|p1a: Sub To MandJTV\n|-damage|p1a: Sub To MandJTV|0 fnt\n|faint|p1a: Sub To MandJTV\n|\n|-weather|DesolateLand|[upkeep]\n|upkeep\n|\n|t:|1700533501\n|switch|p1a: Teriyaki|Blaziken, F, shiny|100\/100\n|turn|15\n|\n|t:|1700533506\n|detailschange|p1a: Teriyaki|Blaziken-Mega, F, shiny\n|-mega|p1a: Teriyaki|Blaziken|Blazikenite\n|move|p2a: Groudon|Earthquake|p1a: Teriyaki\n|-supereffective|p1a: Teriyaki\n|-damage|p1a: Teriyaki|0 fnt\n|faint|p1a: Teriyaki\n|\n|-weather|DesolateLand|[upkeep]\n|upkeep\n|\n|t:|1700533511\n|switch|p1a: Cuddles|Marshadow|100\/100\n|turn|16\n|\n|t:|1700533515\n|-terastallize|p1a: Cuddles|Ghost\n|move|p2a: Groudon|Heat Crash|p1a: Cuddles\n|-enditem|p1a: Cuddles|Focus Sash\n|-damage|p1a: Cuddles|1\/100\n|move|p1a: Cuddles|Spectral Thief||[still]\n|-clearpositiveboost|p2a: Groudon|p1a: Cuddles|move: Spectral Thief\n|-boost|p1a: Cuddles|spe|2\n|-anim|p1a: Cuddles|Spectral Thief|p2a: Groudon\n|-damage|p2a: Groudon|0 fnt\n|faint|p2a: Groudon\n|-weather|none\n|\n|upkeep\n|\n|t:|1700533521\n|switch|p2a: Eternatus|Eternatus|100\/100\n|-ability|p2a: Eternatus|Pressure\n|turn|17\n|\n|t:|1700533532\n|move|p1a: Cuddles|Spectral Thief|p2a: Eternatus\n|-damage|p2a: Eternatus|56\/100\n|move|p2a: Eternatus|Dynamax Cannon|p1a: Cuddles\n|-damage|p1a: Cuddles|0 fnt\n|faint|p1a: Cuddles\n|\n|-heal|p2a: Eternatus|62\/100|[from] item: Leftovers\n|upkeep\n|\n|t:|1700533540\n|switch|p1a: Darkness|Greninja, M|100\/100\n|turn|18\n|\n|t:|1700533544\n|move|p2a: Eternatus|Toxic|p1a: Darkness\n|-status|p1a: Darkness|tox\n|move|p1a: Darkness|Ice Beam|p2a: Eternatus\n|-supereffective|p2a: Eternatus\n|-damage|p2a: Eternatus|26\/100\n|\n|-heal|p2a: Eternatus|32\/100|[from] item: Leftovers\n|-damage|p1a: Darkness|95\/100 tox|[from] psn\n|upkeep\n|turn|19\n|c|\u2606execfist2|Gg\n|\n|t:|1700533552\n|move|p2a: Eternatus|Recover|p2a: Eternatus\n|-heal|p2a: Eternatus|82\/100\n|move|p1a: Darkness|Ice Beam|p2a: Eternatus\n|-supereffective|p2a: Eternatus\n|-damage|p2a: Eternatus|43\/100\n|\n|-heal|p2a: Eternatus|50\/100|[from] item: Leftovers\n|-damage|p1a: Darkness|83\/100 tox|[from] psn\n|upkeep\n|turn|20\n|\n|t:|1700533559\n|move|p2a: Eternatus|Recover|p2a: Eternatus\n|-heal|p2a: Eternatus|99\/100\n|move|p1a: Darkness|Ice Beam|p2a: Eternatus\n|-supereffective|p2a: Eternatus\n|-damage|p2a: Eternatus|63\/100\n|\n|-heal|p2a: Eternatus|70\/100|[from] item: Leftovers\n|-damage|p1a: Darkness|65\/100 tox|[from] psn\n|upkeep\n|turn|21\n|\n|t:|1700533567\n|move|p2a: Eternatus|Recover|p2a: Eternatus\n|-heal|p2a: Eternatus|100\/100\n|move|p1a: Darkness|Ice Beam|p2a: Eternatus\n|-supereffective|p2a: Eternatus\n|-damage|p2a: Eternatus|58\/100\n|-status|p2a: Eternatus|frz\n|\n|-heal|p2a: Eternatus|64\/100 frz|[from] item: Leftovers\n|-damage|p1a: Darkness|41\/100 tox|[from] psn\n|upkeep\n|turn|22\n|\n|t:|1700533577\n|cant|p2a: Eternatus|frz\n|move|p1a: Darkness|Ice Beam|p2a: Eternatus\n|-supereffective|p2a: Eternatus\n|-damage|p2a: Eternatus|27\/100 frz\n|\n|-heal|p2a: Eternatus|33\/100 frz|[from] item: Leftovers\n|-damage|p1a: Darkness|11\/100 tox|[from] psn\n|upkeep\n|turn|23\n|\n|t:|1700533584\n|cant|p2a: Eternatus|frz\n|move|p1a: Darkness|Ice Beam|p2a: Eternatus\n|-supereffective|p2a: Eternatus\n|-damage|p2a: Eternatus|0 fnt\n|faint|p2a: Eternatus\n|-ability|p1a: Darkness|Battle Bond|boost\n|-boost|p1a: Darkness|atk|1\n|-boost|p1a: Darkness|spa|1\n|-boost|p1a: Darkness|spe|1\n|-activate|p1a: Darkness|ability: Battle Bond\n|\n|-damage|p1a: Darkness|0 fnt|[from] psn\n|faint|p1a: Darkness\n|\n|win|execfist2\n|upkeep\n|raw|Water thing?'s rating: 1314 &rarr; <strong>1291<\/strong><br \/>(-23 for losing)\n|raw|execfist2's rating: 1258 &rarr; <strong>1287<\/strong><br \/>(+29 for winning)\n|l|\u2606Water thing?\n","uploadtime":1700533601,"views":4,"p1id":"waterthing","p2id":"execfist2","formatid":"gen9nationaldexubers","rating":1287,"private":0,"password":""}