{"id":"gen9nationaldexubers-1979053289","p1":"NoahTheGreat6.4","p2":"NDMS1B Victory","format":"[Gen 9] National Dex Ubers","log":"|j|\u2606NoahTheGreat6.4\n|j|\u2606NDMS1B Victory\n|inactive|Battle timer is ON: inactive players will automatically lose when time's up.\n|t:|1698626212\n|gametype|singles\n|player|p1|NoahTheGreat6.4|giovanni|\n|player|p2|NDMS1B Victory|102|\n|teamsize|p1|6\n|teamsize|p2|6\n|gen|9\n|tier|[Gen 9] National Dex Ubers\n|rated|Tournament battle\n|rule|HP Percentage Mod: HP is shown in percentages\n|rule|Endless Battle Clause: Forcing endless battles is banned\n|rule|OHKO Clause: OHKO moves are banned\n|rule|Evasion Moves Clause: Evasion moves are banned\n|rule|Evasion Items Clause: Evasion items are banned\n|rule|Species Clause: Limit one of each Pok\u00e9mon\n|rule|Sleep Clause Mod: Limit one foe put to sleep\n|rule|Mega Rayquaza Clause: You cannot mega evolve Rayquaza\n|rule|Dynamax Clause: You cannot dynamax\n|rule|Terastal Clause: You cannot Terastallize\n|rule|Same Type Clause: Pok\u00e9mon in a team must share a type\n|clearpoke\n|poke|p1|Arceus-Fairy|\n|poke|p1|Flutter Mane|\n|poke|p1|Xerneas-*|\n|poke|p1|Enamorus, F|\n|poke|p1|Iron Valiant|\n|poke|p1|Mawile, M|\n|poke|p2|Ho-Oh|\n|poke|p2|Lugia|\n|poke|p2|Yveltal|\n|poke|p2|Corviknight, M|\n|poke|p2|Gliscor, F|\n|poke|p2|Salamence, F|\n|teampreview\n|c|\u2606NDMS1B Victory|Good luck and have fun\n|j| CCFi3 TheKingsLeap\n|\n|t:|1698626241\n|start\n|switch|p1a: Enamorus|Enamorus, F|100\/100\n|switch|p2a: Gliscor|Gliscor, F|100\/100\n|turn|1\n|\n|t:|1698626248\n|move|p2a: Gliscor|Protect|p2a: Gliscor\n|-singleturn|p2a: Gliscor|Protect\n|move|p1a: Enamorus|Superpower|p2a: Gliscor\n|-activate|p2a: Gliscor|move: Protect\n|\n|-status|p2a: Gliscor|tox|[from] item: Toxic Orb\n|upkeep\n|turn|2\n|\n|t:|1698626256\n|move|p1a: Enamorus|Superpower|p2a: Gliscor\n|-resisted|p2a: Gliscor\n|-damage|p2a: Gliscor|88\/100 tox\n|-boost|p1a: Enamorus|atk|1\n|-boost|p1a: Enamorus|def|1\n|move|p2a: Gliscor|Toxic Spikes|p1a: Enamorus\n|-sidestart|p1: NoahTheGreat6.4|move: Toxic Spikes\n|\n|-heal|p2a: Gliscor|100\/100 tox|[from] ability: Poison Heal\n|upkeep\n|turn|3\n|\n|t:|1698626259\n|move|p1a: Enamorus|Superpower|p2a: Gliscor\n|-resisted|p2a: Gliscor\n|-damage|p2a: Gliscor|83\/100 tox\n|-boost|p1a: Enamorus|atk|1\n|-boost|p1a: Enamorus|def|1\n|move|p2a: Gliscor|Toxic Spikes|p1a: Enamorus\n|-sidestart|p1: NoahTheGreat6.4|move: Toxic Spikes\n|\n|-heal|p2a: Gliscor|95\/100 tox|[from] ability: Poison Heal\n|upkeep\n|turn|4\n|\n|t:|1698626265\n|switch|p2a: Lugia|Lugia|100\/100\n|move|p1a: Enamorus|Superpower|p2a: Lugia\n|-resisted|p2a: Lugia\n|-damage|p2a: Lugia|95\/100\n|-boost|p1a: Enamorus|atk|1\n|-boost|p1a: Enamorus|def|1\n|\n|upkeep\n|turn|5\n|\n|t:|1698626268\n|move|p1a: Enamorus|Iron Head|p2a: Lugia\n|-damage|p2a: Lugia|60\/100\n|move|p2a: Lugia|Whirlpool|p1a: Enamorus\n|-damage|p1a: Enamorus|89\/100\n|-activate|p1a: Enamorus|move: Whirlpool|[of] p2a: Lugia\n|\n|-damage|p1a: Enamorus|76\/100|[from] move: Whirlpool|[partiallytrapped]\n|upkeep\n|turn|6\n|\n|t:|1698626272\n|move|p1a: Enamorus|Iron Head|p2a: Lugia\n|-damage|p2a: Lugia|20\/100\n|cant|p2a: Lugia|flinch\n|\n|-damage|p1a: Enamorus|64\/100|[from] move: Whirlpool|[partiallytrapped]\n|upkeep\n|turn|7\n|c|\u2606NDMS1B Victory|really\n|\n|t:|1698626279\n|switch|p2a: Ho-Oh|Ho-Oh|100\/100\n|move|p1a: Enamorus|Iron Head|p2a: Ho-Oh\n|-resisted|p2a: Ho-Oh\n|-damage|p2a: Ho-Oh|76\/100\n|\n|-end|p1a: Enamorus|Whirlpool|[partiallytrapped]|[silent]\n|upkeep\n|turn|8\n|\n|t:|1698626285\n|move|p1a: Enamorus|Superpower|p2a: Ho-Oh\n|-resisted|p2a: Ho-Oh\n|-damage|p2a: Ho-Oh|40\/100\n|-boost|p1a: Enamorus|atk|1\n|-boost|p1a: Enamorus|def|1\n|move|p2a: Ho-Oh|Toxic|p1a: Enamorus\n|-status|p1a: Enamorus|tox\n|\n|-damage|p1a: Enamorus|58\/100 tox|[from] psn\n|upkeep\n|turn|9\n|\n|t:|1698626289\n|switch|p2a: Lugia|Lugia|20\/100\n|move|p1a: Enamorus|Superpower|p2a: Lugia\n|-resisted|p2a: Lugia\n|-damage|p2a: Lugia|4\/100\n|-boost|p1a: Enamorus|atk|1\n|-boost|p1a: Enamorus|def|1\n|\n|-damage|p1a: Enamorus|45\/100 tox|[from] psn\n|upkeep\n|turn|10\n|\n|t:|1698626293\n|move|p1a: Enamorus|Superpower|p2a: Lugia\n|-resisted|p2a: Lugia\n|-damage|p2a: Lugia|0 fnt\n|-boost|p1a: Enamorus|atk|1\n|-boost|p1a: Enamorus|def|1\n|faint|p2a: Lugia\n|\n|-damage|p1a: Enamorus|26\/100 tox|[from] psn\n|upkeep\n|\n|t:|1698626296\n|switch|p2a: Gliscor|Gliscor, F|95\/100 tox\n|turn|11\n|\n|t:|1698626300\n|move|p2a: Gliscor|Protect|p2a: Gliscor\n|-singleturn|p2a: Gliscor|Protect\n|move|p1a: Enamorus|Moonblast|p2a: Gliscor\n|-activate|p2a: Gliscor|move: Protect\n|\n|-damage|p1a: Enamorus|2\/100 tox|[from] psn\n|-heal|p2a: Gliscor|100\/100 tox|[from] ability: Poison Heal\n|upkeep\n|turn|12\n|\n|t:|1698626305\n|switch|p2a: Corviknight|Corviknight, M|100\/100\n|-ability|p2a: Corviknight|Pressure\n|move|p1a: Enamorus|Iron Head|p2a: Corviknight\n|-resisted|p2a: Corviknight\n|-damage|p2a: Corviknight|71\/100\n|\n|-heal|p2a: Corviknight|77\/100|[from] item: Leftovers\n|-damage|p1a: Enamorus|0 fnt|[from] psn\n|faint|p1a: Enamorus\n|upkeep\n|\n|t:|1698626310\n|switch|p1a: Mawile|Mawile, M|100\/100\n|turn|13\n|\n|t:|1698626314\n|detailschange|p1a: Mawile|Mawile-Mega, M\n|-mega|p1a: Mawile|Mawile|Mawilite\n|move|p2a: Corviknight|Taunt|p1a: Mawile\n|-start|p1a: Mawile|move: Taunt\n|cant|p1a: Mawile|move: Taunt|Swords Dance\n|\n|-heal|p2a: Corviknight|84\/100|[from] item: Leftovers\n|upkeep\n|turn|14\n|\n|t:|1698626322\n|switch|p1a: Flutter Mane|Flutter Mane|100\/100\n|-status|p1a: Flutter Mane|tox\n|-enditem|p1a: Flutter Mane|Booster Energy\n|-activate|p1a: Flutter Mane|ability: Protosynthesis|[fromitem]\n|-start|p1a: Flutter Mane|protosynthesisspe\n|move|p2a: Corviknight|Body Press|p1a: Flutter Mane\n|-immune|p1a: Flutter Mane\n|\n|-heal|p2a: Corviknight|90\/100|[from] item: Leftovers\n|-damage|p1a: Flutter Mane|95\/100 tox|[from] psn\n|upkeep\n|turn|15\n|\n|t:|1698626327\n|switch|p2a: Ho-Oh|Ho-Oh|73\/100\n|move|p1a: Flutter Mane|Calm Mind|p1a: Flutter Mane\n|-boost|p1a: Flutter Mane|spa|1\n|-boost|p1a: Flutter Mane|spd|1\n|\n|-damage|p1a: Flutter Mane|83\/100 tox|[from] psn\n|upkeep\n|turn|16\n|\n|t:|1698626331\n|move|p1a: Flutter Mane|Shadow Ball|p2a: Ho-Oh\n|-damage|p2a: Ho-Oh|43\/100\n|-unboost|p2a: Ho-Oh|spd|1\n|move|p2a: Ho-Oh|Sacred Fire|p1a: Flutter Mane\n|-damage|p1a: Flutter Mane|0 fnt\n|faint|p1a: Flutter Mane\n|-end|p1a: Flutter Mane|Protosynthesis|[silent]\n|\n|upkeep\n|\n|t:|1698626336\n|switch|p1a: Arceus|Arceus-Fairy|100\/100\n|-status|p1a: Arceus|tox\n|turn|17\n|\n|t:|1698626340\n|switch|p2a: Corviknight|Corviknight, M|90\/100\n|-ability|p2a: Corviknight|Pressure\n|move|p1a: Arceus|Calm Mind|p1a: Arceus\n|-boost|p1a: Arceus|spa|1\n|-boost|p1a: Arceus|spd|1\n|\n|-heal|p2a: Corviknight|96\/100|[from] item: Leftovers\n|-damage|p1a: Arceus|94\/100 tox|[from] psn\n|upkeep\n|turn|18\n|\n|t:|1698626344\n|move|p1a: Arceus|Judgment|p2a: Corviknight\n|-resisted|p2a: Corviknight\n|-damage|p2a: Corviknight|61\/100\n|move|p2a: Corviknight|Taunt|p1a: Arceus\n|-start|p1a: Arceus|move: Taunt\n|\n|-heal|p2a: Corviknight|67\/100|[from] item: Leftovers\n|-damage|p1a: Arceus|82\/100 tox|[from] psn\n|upkeep\n|turn|19\n|\n|t:|1698626347\n|move|p1a: Arceus|Judgment|p2a: Corviknight\n|-resisted|p2a: Corviknight\n|-damage|p2a: Corviknight|34\/100\n|move|p2a: Corviknight|Roost|p2a: Corviknight\n|-heal|p2a: Corviknight|84\/100\n|-singleturn|p2a: Corviknight|move: Roost\n|\n|-heal|p2a: Corviknight|90\/100|[from] item: Leftovers\n|-damage|p1a: Arceus|64\/100 tox|[from] psn\n|upkeep\n|turn|20\n|\n|t:|1698626351\n|move|p1a: Arceus|Judgment|p2a: Corviknight\n|-resisted|p2a: Corviknight\n|-damage|p2a: Corviknight|57\/100\n|move|p2a: Corviknight|Roost|p2a: Corviknight\n|-heal|p2a: Corviknight|100\/100\n|-singleturn|p2a: Corviknight|move: Roost\n|\n|-damage|p1a: Arceus|40\/100 tox|[from] psn\n|upkeep\n|turn|21\n|\n|t:|1698626355\n|move|p1a: Arceus|Judgment|p2a: Corviknight\n|-resisted|p2a: Corviknight\n|-damage|p2a: Corviknight|68\/100\n|move|p2a: Corviknight|Body Press|p1a: Arceus\n|-resisted|p1a: Arceus\n|-damage|p1a: Arceus|31\/100 tox\n|\n|-heal|p2a: Corviknight|74\/100|[from] item: Leftovers\n|-damage|p1a: Arceus|1\/100 tox|[from] psn\n|-end|p1a: Arceus|move: Taunt\n|upkeep\n|turn|22\n|\n|t:|1698626360\n|move|p1a: Arceus|Judgment|p2a: Corviknight\n|-resisted|p2a: Corviknight\n|-damage|p2a: Corviknight|41\/100\n|move|p2a: Corviknight|Roost|p2a: Corviknight\n|-heal|p2a: Corviknight|91\/100\n|-singleturn|p2a: Corviknight|move: Roost\n|\n|-heal|p2a: Corviknight|98\/100|[from] item: Leftovers\n|-damage|p1a: Arceus|0 fnt|[from] psn\n|faint|p1a: Arceus\n|upkeep\n|\n|t:|1698626363\n|switch|p1a: Xerneas|Xerneas|100\/100\n|-status|p1a: Xerneas|tox\n|-ability|p1a: Xerneas|Fairy Aura\n|turn|23\n|\n|t:|1698626367\n|-zpower|p1a: Xerneas\n|move|p1a: Xerneas|Z-Geomancy||[anim]Geomancy|[still]\n|-boost|p1a: Xerneas|atk|1|[zeffect]\n|-boost|p1a: Xerneas|def|1|[zeffect]\n|-boost|p1a: Xerneas|spa|1|[zeffect]\n|-boost|p1a: Xerneas|spd|1|[zeffect]\n|-boost|p1a: Xerneas|spe|1|[zeffect]\n|-prepare|p1a: Xerneas|Geomancy\n|move|p2a: Corviknight|Taunt|p1a: Xerneas\n|-start|p1a: Xerneas|move: Taunt\n|\n|-heal|p2a: Corviknight|100\/100|[from] item: Leftovers\n|-damage|p1a: Xerneas|94\/100 tox|[from] psn\n|upkeep\n|turn|24\n|\n|t:|1698626371\n|cant|p1a: Xerneas|move: Taunt|Geomancy\n|move|p2a: Corviknight|U-turn|p1a: Xerneas\n|-resisted|p1a: Xerneas\n|-damage|p1a: Xerneas|89\/100 tox\n|\n|t:|1698626375\n|switch|p2a: Gliscor|Gliscor, F|100\/100 tox|[from] U-turn\n|\n|-damage|p1a: Xerneas|77\/100 tox|[from] psn\n|upkeep\n|turn|25\n|\n|t:|1698626379\n|move|p2a: Gliscor|Protect|p2a: Gliscor\n|-singleturn|p2a: Gliscor|Protect\n|move|p1a: Xerneas|Moonblast|p2a: Gliscor\n|-activate|p2a: Gliscor|move: Protect\n|\n|-damage|p1a: Xerneas|59\/100 tox|[from] psn\n|upkeep\n|turn|26\n|\n|t:|1698626383\n|switch|p2a: Corviknight|Corviknight, M|100\/100\n|-ability|p2a: Corviknight|Pressure\n|move|p1a: Xerneas|Moonblast|p2a: Corviknight\n|-resisted|p2a: Corviknight\n|-damage|p2a: Corviknight|59\/100\n|\n|-heal|p2a: Corviknight|66\/100|[from] item: Leftovers\n|-damage|p1a: Xerneas|34\/100 tox|[from] psn\n|-end|p1a: Xerneas|move: Taunt\n|upkeep\n|turn|27\n|\n|t:|1698626386\n|move|p1a: Xerneas|Thunderbolt|p2a: Corviknight\n|-supereffective|p2a: Corviknight\n|-damage|p2a: Corviknight|0 fnt\n|faint|p2a: Corviknight\n|\n|-damage|p1a: Xerneas|4\/100 tox|[from] psn\n|upkeep\n|\n|t:|1698626388\n|switch|p2a: Gliscor|Gliscor, F|100\/100 tox\n|turn|28\n|\n|t:|1698626390\n|move|p2a: Gliscor|Protect|p2a: Gliscor\n|-singleturn|p2a: Gliscor|Protect\n|move|p1a: Xerneas|Moonblast|p2a: Gliscor\n|-activate|p2a: Gliscor|move: Protect\n|\n|-damage|p1a: Xerneas|0 fnt|[from] psn\n|faint|p1a: Xerneas\n|upkeep\n|\n|t:|1698626393\n|switch|p1a: Iron Valiant|Iron Valiant|100\/100\n|-status|p1a: Iron Valiant|tox\n|turn|29\n|\n|t:|1698626398\n|switch|p2a: Ho-Oh|Ho-Oh|76\/100\n|move|p1a: Iron Valiant|Spirit Break|p2a: Ho-Oh\n|-resisted|p2a: Ho-Oh\n|-damage|p2a: Ho-Oh|49\/100\n|-unboost|p2a: Ho-Oh|spa|1\n|\n|-damage|p1a: Iron Valiant|94\/100 tox|[from] psn\n|upkeep\n|turn|30\n|\n|t:|1698626401\n|move|p1a: Iron Valiant|Spirit Break|p2a: Ho-Oh\n|-resisted|p2a: Ho-Oh\n|-damage|p2a: Ho-Oh|21\/100\n|-unboost|p2a: Ho-Oh|spa|1\n|move|p2a: Ho-Oh|Roost|p2a: Ho-Oh\n|-heal|p2a: Ho-Oh|71\/100\n|-singleturn|p2a: Ho-Oh|move: Roost\n|\n|-damage|p1a: Iron Valiant|82\/100 tox|[from] psn\n|upkeep\n|turn|31\n|\n|t:|1698626404\n|move|p1a: Iron Valiant|Spirit Break|p2a: Ho-Oh\n|-resisted|p2a: Ho-Oh\n|-damage|p2a: Ho-Oh|45\/100\n|-unboost|p2a: Ho-Oh|spa|1\n|move|p2a: Ho-Oh|Roost|p2a: Ho-Oh\n|-heal|p2a: Ho-Oh|95\/100\n|-singleturn|p2a: Ho-Oh|move: Roost\n|\n|-damage|p1a: Iron Valiant|63\/100 tox|[from] psn\n|upkeep\n|turn|32\n|\n|t:|1698626406\n|move|p1a: Iron Valiant|Spirit Break|p2a: Ho-Oh\n|-resisted|p2a: Ho-Oh\n|-damage|p2a: Ho-Oh|70\/100\n|-unboost|p2a: Ho-Oh|spa|1\n|move|p2a: Ho-Oh|Sacred Fire|p1a: Iron Valiant\n|-damage|p1a: Iron Valiant|8\/100 tox\n|\n|-damage|p1a: Iron Valiant|0 fnt|[from] psn\n|faint|p1a: Iron Valiant\n|-end|p1a: Iron Valiant|Quark Drive|[silent]\n|upkeep\n|\n|t:|1698626408\n|switch|p1a: Mawile|Mawile-Mega, M|100\/100\n|turn|33\n|\n|t:|1698626413\n|move|p2a: Ho-Oh|Sacred Fire|p1a: Mawile\n|-supereffective|p1a: Mawile\n|-damage|p1a: Mawile|25\/100\n|-status|p1a: Mawile|brn\n|move|p1a: Mawile|Swords Dance|p1a: Mawile\n|-boost|p1a: Mawile|atk|2\n|\n|-damage|p1a: Mawile|19\/100 brn|[from] brn\n|upkeep\n|turn|34\n|\n|t:|1698626420\n|move|p1a: Mawile|Sucker Punch|p2a: Ho-Oh\n|-damage|p2a: Ho-Oh|30\/100\n|move|p2a: Ho-Oh|Sacred Fire|p1a: Mawile\n|-supereffective|p1a: Mawile\n|-damage|p1a: Mawile|0 fnt\n|faint|p1a: Mawile\n|\n|win|NDMS1B Victory\n|n|\u2606NoahTheGreat6.4|noahthegreat64\n|n|\u2606NDMS1B Victory|ndms1bvictory\n|n| CCFi3 TheKingsLeap|ccfi3thekingsleap\n|c|\u2606NDMS1B Victory|gg\n","uploadtime":1698626462,"views":15,"p1id":"noahthegreat64","p2id":"ndms1bvictory","formatid":"gen9nationaldexubers","rating":0,"private":0,"password":""}