{"id":"gen9nationaldexubers-1992849191","p1":"Gghrsw","p2":"Angel Karma","format":"[Gen 9] National Dex Ubers","log":"|j|\u2606Gghrsw\n|j|\u2606Angel Karma\n|t:|1700240753\n|gametype|singles\n|player|p1|Gghrsw|acetrainer-gen4dp|1346\n|player|p2|Angel Karma|unknown|1363\n|teamsize|p1|6\n|teamsize|p2|6\n|gen|9\n|tier|[Gen 9] National Dex Ubers\n|rated|\n|rule|HP Percentage Mod: HP is shown in percentages\n|rule|Endless Battle Clause: Forcing endless battles is banned\n|rule|OHKO Clause: OHKO moves are banned\n|rule|Evasion Moves Clause: Evasion moves are banned\n|rule|Evasion Items Clause: Evasion items are banned\n|rule|Species Clause: Limit one of each Pok\u00e9mon\n|rule|Sleep Clause Mod: Limit one foe put to sleep\n|rule|Mega Rayquaza Clause: You cannot mega evolve Rayquaza\n|clearpoke\n|poke|p1|Eternatus|\n|poke|p1|Celebi|\n|poke|p1|Dragonite, M|\n|poke|p1|Cetitan, F|\n|poke|p1|Darkrai|\n|poke|p1|Tornadus-Therian, M|\n|poke|p2|Haxorus, F|\n|poke|p2|Groudon|\n|poke|p2|Basculegion, M|\n|poke|p2|Yveltal|\n|poke|p2|Flutter Mane|\n|poke|p2|Lucario, M|\n|teampreview\n|inactive|Battle timer is ON: inactive players will automatically lose when time's up. (requested by Gghrsw)\n|\n|t:|1700240762\n|start\n|switch|p1a: Dragonite|Dragonite, M|100\/100\n|switch|p2a: Yveltal|Yveltal|100\/100\n|-ability|p2a: Yveltal|Dark Aura\n|turn|1\n|\n|t:|1700240773\n|switch|p2a: Haxorus|Haxorus, F|100\/100\n|-ability|p2a: Haxorus|Mold Breaker\n|move|p1a: Dragonite|Dragon Dance|p1a: Dragonite\n|-boost|p1a: Dragonite|atk|1\n|-boost|p1a: Dragonite|spe|1\n|-enditem|p2a: Haxorus|Mirror Herb\n|-boost|p2a: Haxorus|atk|1|[from] item: Mirror Herb\n|-boost|p2a: Haxorus|spe|1|[from] item: Mirror Herb\n|\n|upkeep\n|turn|2\n|\n|t:|1700240793\n|-terastallize|p2a: Haxorus|Steel\n|move|p2a: Haxorus|Dragon Dance|p2a: Haxorus\n|-boost|p2a: Haxorus|atk|1\n|-boost|p2a: Haxorus|spe|1\n|move|p1a: Dragonite|Dragon Dance|p1a: Dragonite\n|-boost|p1a: Dragonite|atk|1\n|-boost|p1a: Dragonite|spe|1\n|\n|upkeep\n|turn|3\n|\n|t:|1700240803\n|move|p2a: Haxorus|Outrage|p1a: Dragonite\n|-supereffective|p1a: Dragonite\n|-damage|p1a: Dragonite|0 fnt\n|faint|p1a: Dragonite\n|\n|upkeep\n|\n|t:|1700240810\n|switch|p1a: Cetitan|Cetitan, F|100\/100\n|turn|4\n|\n|t:|1700240815\n|move|p2a: Haxorus|Outrage|p1a: Cetitan|[from]lockedmove\n|-damage|p1a: Cetitan|0 fnt\n|faint|p1a: Cetitan\n|-start|p2a: Haxorus|confusion|[fatigue]\n|\n|upkeep\n|\n|t:|1700240822\n|switch|p1a: Darkrai|Darkrai|100\/100\n|turn|5\n|\n|t:|1700240826\n|-activate|p2a: Haxorus|confusion\n|move|p2a: Haxorus|Outrage|p1a: Darkrai\n|-damage|p1a: Darkrai|0 fnt\n|faint|p1a: Darkrai\n|\n|upkeep\n|\n|t:|1700240829\n|switch|p1a: Tornadus|Tornadus-Therian, M|100\/100\n|turn|6\n|\n|t:|1700240836\n|-activate|p2a: Haxorus|confusion\n|move|p2a: Haxorus|Outrage|p1a: Tornadus|[from]lockedmove\n|-damage|p1a: Tornadus|0 fnt\n|faint|p1a: Tornadus\n|\n|upkeep\n|\n|t:|1700240838\n|switch|p1a: Celebi|Celebi, shiny|100\/100\n|turn|7\n|\n|t:|1700240843\n|-terastallize|p1a: Celebi|Psychic\n|-activate|p2a: Haxorus|confusion\n|move|p2a: Haxorus|Outrage|p1a: Celebi|[from]lockedmove\n|-damage|p1a: Celebi|0 fnt\n|faint|p1a: Celebi\n|\n|upkeep\n|\n|t:|1700240845\n|switch|p1a: Eternatus|Eternatus|100\/100\n|-ability|p1a: Eternatus|Pressure\n|turn|8\n|\n|t:|1700240850\n|-end|p2a: Haxorus|confusion\n|move|p2a: Haxorus|Outrage|p1a: Eternatus\n|-supereffective|p1a: Eternatus\n|-damage|p1a: Eternatus|0 fnt\n|faint|p1a: Eternatus\n|\n|win|Angel Karma\n|raw|Gghrsw's rating: 1346 &rarr; <strong>1327<\/strong><br \/>(-19 for losing)\n|raw|Angel Karma's rating: 1363 &rarr; <strong>1382<\/strong><br \/>(+19 for winning)\n","uploadtime":1700240884,"views":7,"p1id":"gghrsw","p2id":"angelkarma","formatid":"gen9nationaldexubers","rating":1327,"private":0,"password":""}