{"id":"gen9nationaldexubers-1978517288","p1":"Smackey_5","p2":"Czar_agon","format":"[Gen 9] National Dex Ubers","log":"|j|\u2606Smackey_5\n|j|\u2606Czar_agon\n|t:|1698549432\n|gametype|singles\n|player|p1|Smackey_5|silver|\n|player|p2|Czar_agon|iris|\n|teamsize|p1|6\n|teamsize|p2|6\n|gen|9\n|tier|[Gen 9] National Dex Ubers\n|rule|HP Percentage Mod: HP is shown in percentages\n|rule|Endless Battle Clause: Forcing endless battles is banned\n|rule|OHKO Clause: OHKO moves are banned\n|rule|Evasion Moves Clause: Evasion moves are banned\n|rule|Evasion Items Clause: Evasion items are banned\n|rule|Species Clause: Limit one of each Pok\u00e9mon\n|rule|Sleep Clause Mod: Limit one foe put to sleep\n|rule|Mega Rayquaza Clause: You cannot mega evolve Rayquaza\n|clearpoke\n|poke|p1|Charizard, M|\n|poke|p1|Umbreon, M|\n|poke|p1|Donphan, M|\n|poke|p1|Kingambit, M|\n|poke|p1|Typhlosion-Hisui, M|\n|poke|p1|Rotom-Wash|\n|poke|p2|Virizion|\n|poke|p2|Tornadus-Therian, M|\n|poke|p2|Slowking-Galar, M|\n|poke|p2|Arctovish|\n|poke|p2|Krookodile, M|\n|poke|p2|Skeledirge, M|\n|teampreview\n|j| VoIteon\n|j| Lunar Sloth\n|j| speedykidyo\n|j| MiniBearGrahams\n|c|\u2606Smackey_5|good to start?\n|c|\u2606Czar_agon|Yep\n|j| Demolution545\n|inactive|Battle timer is ON: inactive players will automatically lose when time's up. (requested by Smackey_5)\n|\n|t:|1698549673\n|start\n|switch|p1a: Donphan|Donphan, M|100\/100\n|switch|p2a: Virizion|Virizion|100\/100\n|turn|1\n|\n|t:|1698549681\n|move|p2a: Virizion|Leaf Blade|p1a: Donphan\n|-supereffective|p1a: Donphan\n|-crit|p1a: Donphan\n|-ability|p1a: Donphan|Sturdy\n|-damage|p1a: Donphan|1\/100\n|-damage|p2a: Virizion|91\/100|[from] item: Life Orb\n|move|p1a: Donphan|Ice Spinner|p2a: Virizion\n|-supereffective|p2a: Virizion\n|-damage|p2a: Virizion|0 fnt\n|faint|p2a: Virizion\n|\n|upkeep\n|\n|t:|1698549692\n|switch|p2a: Tornadus|Tornadus-Therian, M|100\/100\n|turn|2\n|c| speedykidyo|dang\n|\n|t:|1698549704\n|switch|p1a: Rotom|Rotom-Wash|100\/100\n|move|p2a: Tornadus|Knock Off|p1a: Rotom\n|-damage|p1a: Rotom|80\/100\n|-enditem|p1a: Rotom|Leftovers|[from] move: Knock Off|[of] p2a: Tornadus\n|\n|upkeep\n|turn|3\n|\n|t:|1698549715\n|move|p2a: Tornadus|U-turn|p1a: Rotom\n|-damage|p1a: Rotom|66\/100\n|\n|t:|1698549723\n|switch|p2a: Krookodile|Krookodile, M|100\/100|[from] U-turn\n|-ability|p2a: Krookodile|Intimidate|boost\n|-unboost|p1a: Rotom|atk|1\n|move|p1a: Rotom|Hydro Pump|p2a: Krookodile|[miss]\n|-miss|p1a: Rotom|p2a: Krookodile\n|\n|upkeep\n|turn|4\n|c| Lunar Sloth|skilled dodge\n|\n|t:|1698549742\n|switch|p2a: Slowking|Slowking-Galar, M|100\/100\n|switch|p1a: Umbreon|Umbreon, M, shiny|100\/100\n|\n|upkeep\n|turn|5\n|\n|t:|1698549755\n|move|p1a: Umbreon|Wish|p1a: Umbreon\n|move|p2a: Slowking|Chilly Reception|p2a: Slowking\n|-weather|Snow\n|\n|t:|1698549764\n|switch|p2a: Arctovish|Arctovish|100\/100|[from] Chilly Reception\n|\n|-weather|Snow|[upkeep]\n|upkeep\n|turn|6\n|c| Lunar Sloth|fish is in\n|\n|t:|1698549791\n|switch|p2a: Skeledirge|Skeledirge, M|100\/100\n|switch|p1a: Rotom|Rotom-Wash|66\/100\n|\n|-weather|Snow|[upkeep]\n|-heal|p1a: Rotom|100\/100|[from] move: Wish|[wisher] Umbreon\n|upkeep\n|turn|7\n|\n|t:|1698549804\n|switch|p2a: Krookodile|Krookodile, M|100\/100\n|-ability|p2a: Krookodile|Intimidate|boost\n|-unboost|p1a: Rotom|atk|1\n|move|p1a: Rotom|Volt Switch|p2a: Krookodile\n|-immune|p2a: Krookodile\n|\n|-weather|Snow|[upkeep]\n|upkeep\n|turn|8\n|c| speedykidyo|aww i wanted the fishy\n|\n|t:|1698549815\n|move|p2a: Krookodile|Stealth Rock|p1a: Rotom\n|-sidestart|p1: Smackey_5|move: Stealth Rock\n|move|p1a: Rotom|Hydro Pump|p2a: Krookodile\n|-supereffective|p2a: Krookodile\n|-damage|p2a: Krookodile|0 fnt\n|faint|p2a: Krookodile\n|\n|-weather|Snow|[upkeep]\n|upkeep\n|\n|t:|1698549825\n|switch|p2a: Arctovish|Arctovish|100\/100\n|turn|9\n|\n|t:|1698549828\n|move|p2a: Arctovish|Freeze-Dry|p1a: Rotom\n|-supereffective|p1a: Rotom\n|-damage|p1a: Rotom|61\/100\n|move|p1a: Rotom|Defog|p2a: Arctovish\n|-unboost|p2a: Arctovish|evasion|1\n|-sideend|p1: Smackey_5|Stealth Rock|[from] move: Defog|[of] p1a: Rotom\n|\n|-weather|none\n|upkeep\n|turn|10\n|c| speedykidyo|fishy!!!\n|\n|t:|1698549841\n|switch|p2a: Slowking|Slowking-Galar, M|100\/100\n|switch|p1a: Umbreon|Umbreon, M, shiny|100\/100\n|\n|upkeep\n|turn|11\n|c| speedykidyo|aww fishy\n|\n|t:|1698549851\n|move|p1a: Umbreon|Wish|p1a: Umbreon\n|move|p2a: Slowking|Chilly Reception|p2a: Slowking\n|-weather|Snow\n|\n|t:|1698549862\n|switch|p2a: Arctovish|Arctovish|100\/100|[from] Chilly Reception\n|\n|-weather|Snow|[upkeep]\n|upkeep\n|turn|12\n|\n|t:|1698549868\n|switch|p1a: Rotom|Rotom-Wash|61\/100\n|move|p2a: Arctovish|Freeze-Dry|p1a: Rotom\n|-supereffective|p1a: Rotom\n|-damage|p1a: Rotom|22\/100\n|\n|-weather|Snow|[upkeep]\n|-heal|p1a: Rotom|86\/100|[from] move: Wish|[wisher] Umbreon\n|upkeep\n|turn|13\n|c| speedykidyo|FISHY!!!!\n|\n|t:|1698549881\n|move|p2a: Arctovish|Fishious Rend|p1a: Rotom\n|-resisted|p1a: Rotom\n|-damage|p1a: Rotom|54\/100\n|move|p1a: Rotom|Volt Switch|p2a: Arctovish\n|-supereffective|p2a: Arctovish\n|-damage|p2a: Arctovish|38\/100\n|\n|t:|1698549898\n|switch|p1a: Kingambit|Kingambit, M|100\/100|[from] Volt Switch\n|\n|-weather|Snow|[upkeep]\n|upkeep\n|turn|14\n|\n|t:|1698549911\n|switch|p2a: Skeledirge|Skeledirge, M|100\/100\n|move|p1a: Kingambit|Sucker Punch||[still]\n|-fail|p1a: Kingambit\n|\n|-weather|Snow|[upkeep]\n|upkeep\n|turn|15\n|\n|t:|1698549924\n|-terastallize|p1a: Kingambit|Fire\n|move|p2a: Skeledirge|Yawn|p1a: Kingambit\n|-start|p1a: Kingambit|move: Yawn|[of] p2a: Skeledirge\n|move|p1a: Kingambit|Kowtow Cleave|p2a: Skeledirge\n|-supereffective|p2a: Skeledirge\n|-damage|p2a: Skeledirge|12\/100\n|\n|-weather|none\n|upkeep\n|turn|16\n|\n|t:|1698549941\n|switch|p2a: Tornadus|Tornadus-Therian, M|100\/100\n|-end|p1a: Kingambit|fallenundefined|[silent]\n|switch|p1a: Charizard|Charizard, M|100\/100\n|\n|upkeep\n|turn|17\n|\n|t:|1698549952\n|detailschange|p1a: Charizard|Charizard-Mega-Y, M\n|-mega|p1a: Charizard|Charizard|Charizardite Y\n|-weather|SunnyDay|[from] ability: Drought|[of] p1a: Charizard\n|move|p2a: Tornadus|U-turn|p1a: Charizard\n|-resisted|p1a: Charizard\n|-damage|p1a: Charizard|95\/100\n|\n|t:|1698549957\n|switch|p2a: Slowking|Slowking-Galar, M|100\/100|[from] U-turn\n|move|p1a: Charizard|Weather Ball|p2a: Slowking\n|-damage|p2a: Slowking|38\/100\n|\n|-weather|SunnyDay|[upkeep]\n|upkeep\n|turn|18\n|\n|t:|1698549964\n|move|p1a: Charizard|Weather Ball|p2a: Slowking\n|-damage|p2a: Slowking|0 fnt\n|faint|p2a: Slowking\n|\n|-weather|SunnyDay|[upkeep]\n|upkeep\n|\n|t:|1698549969\n|switch|p2a: Arctovish|Arctovish|38\/100\n|turn|19\n|\n|t:|1698549976\n|move|p1a: Charizard|Weather Ball|p2a: Arctovish\n|-damage|p2a: Arctovish|0 fnt\n|faint|p2a: Arctovish\n|\n|-weather|SunnyDay|[upkeep]\n|upkeep\n|\n|t:|1698549981\n|switch|p2a: Tornadus|Tornadus-Therian, M|100\/100\n|turn|20\n|c| speedykidyo|uh oh\n|\n|t:|1698549988\n|switch|p1a: Donphan|Donphan, M|1\/100\n|move|p2a: Tornadus|Air Slash|p1a: Donphan\n|-damage|p1a: Donphan|0 fnt\n|faint|p1a: Donphan\n|\n|-weather|SunnyDay|[upkeep]\n|upkeep\n|\n|t:|1698550000\n|switch|p1a: Typhlosion|Typhlosion-Hisui, M|100\/100\n|-item|p2a: Tornadus|Heavy-Duty Boots|[from] ability: Frisk|[of] p1a: Typhlosion|[identify]\n|turn|21\n|\n|t:|1698550006\n|move|p1a: Typhlosion|Eruption|p2a: Tornadus\n|-damage|p2a: Tornadus|0 fnt\n|faint|p2a: Tornadus\n|\n|-weather|none\n|upkeep\n|\n|t:|1698550011\n|switch|p2a: Skeledirge|Skeledirge, M|12\/100\n|turn|22\n|\n|t:|1698550015\n|move|p1a: Typhlosion|Eruption|p2a: Skeledirge\n|-resisted|p2a: Skeledirge\n|-damage|p2a: Skeledirge|0 fnt\n|faint|p2a: Skeledirge\n|\n|win|Smackey_5\n|l| speedykidyo\n|l|\u2606Czar_agon\n","uploadtime":1698550031,"views":53,"p1id":"smackey5","p2id":"czaragon","formatid":"gen9nationaldexubers","rating":0,"private":0,"password":""}