{"id":"gen9nationaldexubers-1979492419","p1":"tulenisthebest1","p2":"Hazervex2.0","format":"[Gen 9] National Dex Ubers","log":"|j|\u2606tulenisthebest1\n|j|\u2606Hazervex2.0\n|t:|1698686961\n|gametype|singles\n|player|p1|tulenisthebest1|170|1173\n|player|p2|Hazervex2.0|giovanni|1140\n|teamsize|p1|6\n|teamsize|p2|6\n|gen|9\n|tier|[Gen 9] National Dex Ubers\n|rated|\n|rule|HP Percentage Mod: HP is shown in percentages\n|rule|Endless Battle Clause: Forcing endless battles is banned\n|rule|OHKO Clause: OHKO moves are banned\n|rule|Evasion Moves Clause: Evasion moves are banned\n|rule|Evasion Items Clause: Evasion items are banned\n|rule|Species Clause: Limit one of each Pok\u00e9mon\n|rule|Sleep Clause Mod: Limit one foe put to sleep\n|rule|Mega Rayquaza Clause: You cannot mega evolve Rayquaza\n|clearpoke\n|poke|p1|Gliscor, F|\n|poke|p1|Kingambit, F|\n|poke|p1|Swampert, F|\n|poke|p1|Meowscarada, F|\n|poke|p1|Iron Moth|\n|poke|p1|Snorlax, F|\n|poke|p2|Leavanny, F|\n|poke|p2|Yanmega, M|\n|poke|p2|Frosmoth, F|\n|poke|p2|Volcarona, M|\n|poke|p2|Scizor, M|\n|poke|p2|Slither Wing|\n|teampreview\n|inactive|Battle timer is ON: inactive players will automatically lose when time's up. (requested by Hazervex2.0)\n|\n|t:|1698686974\n|start\n|switch|p1a: Swampert|Swampert, F|100\/100\n|switch|p2a: Leavanny|Leavanny, F|100\/100\n|turn|1\n|\n|t:|1698686981\n|detailschange|p1a: Swampert|Swampert-Mega, F\n|-mega|p1a: Swampert|Swampert|Swampertite\n|move|p2a: Leavanny|Magic Coat|p2a: Leavanny\n|-singleturn|p2a: Leavanny|move: Magic Coat\n|move|p1a: Swampert|Stealth Rock|p2a: Leavanny\n|move|p2a: Leavanny|Stealth Rock|p1a: Swampert|[from]Magic Coat\n|-sidestart|p1: tulenisthebest1|move: Stealth Rock\n|\n|upkeep\n|turn|2\n|\n|t:|1698686993\n|move|p2a: Leavanny|Sticky Web|p1a: Swampert\n|-sidestart|p1: tulenisthebest1|move: Sticky Web\n|move|p1a: Swampert|Stealth Rock|p2a: Leavanny\n|-sidestart|p2: Hazervex2.0|move: Stealth Rock\n|\n|upkeep\n|turn|3\n|\n|t:|1698686997\n|move|p2a: Leavanny|X-Scissor|p1a: Swampert\n|-damage|p1a: Swampert|78\/100\n|move|p1a: Swampert|Flip Turn|p2a: Leavanny\n|-resisted|p2a: Leavanny\n|-damage|p2a: Leavanny|79\/100\n|\n|t:|1698687013\n|switch|p1a: Snorlax|Snorlax, F|100\/100|[from] Flip Turn\n|-damage|p1a: Snorlax|88\/100|[from] Stealth Rock\n|-activate|p1a: Snorlax|move: Sticky Web\n|-unboost|p1a: Snorlax|spe|1\n|\n|upkeep\n|turn|4\n|\n|t:|1698687020\n|move|p2a: Leavanny|Knock Off|p1a: Snorlax\n|-damage|p1a: Snorlax|65\/100\n|-enditem|p1a: Snorlax|Lum Berry|[from] move: Knock Off|[of] p2a: Leavanny\n|move|p1a: Snorlax|Curse|p1a: Snorlax\n|-unboost|p1a: Snorlax|spe|1\n|-boost|p1a: Snorlax|atk|1\n|-boost|p1a: Snorlax|def|1\n|\n|upkeep\n|turn|5\n|\n|t:|1698687037\n|switch|p2a: Scizor|Scizor, M|100\/100\n|-damage|p2a: Scizor|88\/100|[from] Stealth Rock\n|move|p1a: Snorlax|Curse|p1a: Snorlax\n|-unboost|p1a: Snorlax|spe|1\n|-boost|p1a: Snorlax|atk|1\n|-boost|p1a: Snorlax|def|1\n|\n|upkeep\n|turn|6\n|\n|t:|1698687046\n|detailschange|p2a: Scizor|Scizor-Mega, M\n|-mega|p2a: Scizor|Scizor|Scizorite\n|move|p2a: Scizor|Swords Dance|p2a: Scizor\n|-boost|p2a: Scizor|atk|2\n|move|p1a: Snorlax|Darkest Lariat|p2a: Scizor\n|-damage|p2a: Scizor|59\/100\n|\n|upkeep\n|turn|7\n|\n|t:|1698687056\n|move|p2a: Scizor|Close Combat|p1a: Snorlax\n|-supereffective|p1a: Snorlax\n|-crit|p1a: Snorlax\n|-damage|p1a: Snorlax|0 fnt\n|-unboost|p2a: Scizor|def|1\n|-unboost|p2a: Scizor|spd|1\n|faint|p1a: Snorlax\n|\n|upkeep\n|\n|t:|1698687074\n|switch|p1a: Iron Moth|Iron Moth|100\/100\n|-damage|p1a: Iron Moth|76\/100|[from] Stealth Rock\n|-activate|p1a: Iron Moth|move: Sticky Web\n|-unboost|p1a: Iron Moth|spe|1\n|turn|8\n|\n|t:|1698687081\n|-terastallize|p1a: Iron Moth|Fire\n|move|p2a: Scizor|Bullet Punch|p1a: Iron Moth\n|-resisted|p1a: Iron Moth\n|-damage|p1a: Iron Moth|7\/100\n|move|p1a: Iron Moth|Fiery Dance|p2a: Scizor\n|-supereffective|p2a: Scizor\n|-damage|p2a: Scizor|0 fnt\n|-boost|p1a: Iron Moth|spa|1\n|faint|p2a: Scizor\n|\n|upkeep\n|\n|t:|1698687092\n|switch|p2a: Yanmega|Yanmega, M|100\/100\n|-damage|p2a: Yanmega|51\/100|[from] Stealth Rock\n|turn|9\n|\n|t:|1698687096\n|move|p2a: Yanmega|Protect|p2a: Yanmega\n|-singleturn|p2a: Yanmega|Protect\n|move|p1a: Iron Moth|Fiery Dance|p2a: Yanmega\n|-activate|p2a: Yanmega|move: Protect\n|\n|-ability|p2a: Yanmega|Speed Boost|boost\n|-boost|p2a: Yanmega|spe|1\n|upkeep\n|turn|10\n|\n|t:|1698687112\n|-end|p1a: Iron Moth|Quark Drive|[silent]\n|switch|p1a: Swampert|Swampert-Mega, F|78\/100\n|-damage|p1a: Swampert|72\/100|[from] Stealth Rock\n|-activate|p1a: Swampert|move: Sticky Web\n|-unboost|p1a: Swampert|spe|1\n|move|p2a: Yanmega|Bug Buzz|p1a: Swampert\n|-damage|p1a: Swampert|38\/100\n|-enditem|p2a: Yanmega|Throat Spray\n|-boost|p2a: Yanmega|spa|1|[from] item: Throat Spray\n|\n|-ability|p2a: Yanmega|Speed Boost|boost\n|-boost|p2a: Yanmega|spe|1\n|upkeep\n|turn|11\n|\n|t:|1698687124\n|move|p2a: Yanmega|Bug Buzz|p1a: Swampert\n|-damage|p1a: Swampert|0 fnt\n|faint|p1a: Swampert\n|\n|-ability|p2a: Yanmega|Speed Boost|boost\n|-boost|p2a: Yanmega|spe|1\n|upkeep\n|\n|t:|1698687137\n|switch|p1a: Kingambit|Kingambit, F|100\/100\n|-damage|p1a: Kingambit|94\/100|[from] Stealth Rock\n|-activate|p1a: Kingambit|move: Sticky Web\n|-unboost|p1a: Kingambit|spe|1\n|-ability|p1a: Kingambit|Defiant|boost\n|-boost|p1a: Kingambit|atk|2\n|turn|12\n|\n|t:|1698687144\n|move|p1a: Kingambit|Sucker Punch|p2a: Yanmega\n|-damage|p2a: Yanmega|0 fnt\n|faint|p2a: Yanmega\n|\n|upkeep\n|\n|t:|1698687163\n|switch|p2a: Slither Wing|Slither Wing|100\/100\n|-damage|p2a: Slither Wing|88\/100|[from] Stealth Rock\n|turn|13\n|\n|t:|1698687185\n|-terastallize|p2a: Slither Wing|Bug\n|move|p2a: Slither Wing|First Impression|p1a: Kingambit\n|-damage|p1a: Kingambit|19\/100\n|move|p1a: Kingambit|Iron Head|p2a: Slither Wing\n|-damage|p2a: Slither Wing|0 fnt\n|faint|p2a: Slither Wing\n|-end|p2a: Slither Wing|Protosynthesis|[silent]\n|\n|upkeep\n|\n|t:|1698687203\n|switch|p2a: Volcarona|Volcarona, M|100\/100\n|turn|14\n|\n|t:|1698687218\n|move|p2a: Volcarona|Quiver Dance|p2a: Volcarona\n|-boost|p2a: Volcarona|spa|1\n|-boost|p2a: Volcarona|spd|1\n|-boost|p2a: Volcarona|spe|1\n|move|p1a: Kingambit|Kowtow Cleave|p2a: Volcarona\n|-damage|p2a: Volcarona|0 fnt\n|faint|p2a: Volcarona\n|\n|upkeep\n|\n|t:|1698687227\n|switch|p2a: Frosmoth|Frosmoth, F|100\/100\n|turn|15\n|\n|t:|1698687245\n|move|p1a: Kingambit|Sucker Punch|p2a: Frosmoth\n|-damage|p2a: Frosmoth|0 fnt\n|faint|p2a: Frosmoth\n|\n|upkeep\n|-message|Hazervex2.0 forfeited.\n|\n|win|tulenisthebest1\n|raw|tulenisthebest1's rating: 1173 &rarr; <strong>1196<\/strong><br \/>(+23 for winning)\n|raw|Hazervex2.0's rating: 1140 &rarr; <strong>1117<\/strong><br \/>(-23 for losing)\n|l|\u2606Hazervex2.0\n","uploadtime":1698687254,"views":12,"p1id":"tulenisthebest1","p2id":"hazervex20","formatid":"gen9nationaldexubers","rating":1117,"private":0,"password":""}