{"id":"gen9nationaldexubers-1985250850","p1":"kritath","p2":"XYZ15","format":"[Gen 9] National Dex Ubers","log":"|j|\u2606kritath\n|j|\u2606XYZ15\n|t:|1699355432\n|gametype|singles\n|player|p1|kritath|dawn|1630\n|player|p2|XYZ15|rei|1419\n|teamsize|p1|6\n|teamsize|p2|6\n|gen|9\n|tier|[Gen 9] National Dex Ubers\n|rated|\n|rule|HP Percentage Mod: HP is shown in percentages\n|rule|Endless Battle Clause: Forcing endless battles is banned\n|rule|OHKO Clause: OHKO moves are banned\n|rule|Evasion Moves Clause: Evasion moves are banned\n|rule|Evasion Items Clause: Evasion items are banned\n|rule|Species Clause: Limit one of each Pok\u00e9mon\n|rule|Sleep Clause Mod: Limit one foe put to sleep\n|rule|Mega Rayquaza Clause: You cannot mega evolve Rayquaza\n|clearpoke\n|poke|p1|Lunala|\n|poke|p1|Kyogre|\n|poke|p1|Xerneas-*|\n|poke|p1|Mewtwo|\n|poke|p1|Zacian-*|\n|poke|p1|Marshadow|\n|poke|p2|Darmanitan-Galar, M|\n|poke|p2|Kyogre|\n|poke|p2|Marshadow|\n|poke|p2|Magearna|\n|poke|p2|Salamence, F|\n|poke|p2|Ho-Oh|\n|teampreview\n|inactive|Battle timer is ON: inactive players will automatically lose when time's up. (requested by kritath)\n|\n|t:|1699355440\n|start\n|switch|p1a: Geomancy|Xerneas|100\/100\n|switch|p2a: Darmanitan|Darmanitan-Galar, M|100\/100\n|-ability|p1a: Geomancy|Fairy Aura\n|turn|1\n|\n|t:|1699355472\n|-terastallize|p2a: Darmanitan|Ground\n|move|p2a: Darmanitan|Earthquake|p1a: Geomancy\n|-damage|p1a: Geomancy|39\/100\n|move|p1a: Geomancy|Geomancy||[still]\n|-prepare|p1a: Geomancy|Geomancy\n|-enditem|p1a: Geomancy|Power Herb\n|-anim|p1a: Geomancy|Geomancy|p1a: Geomancy\n|-boost|p1a: Geomancy|spa|2\n|-boost|p1a: Geomancy|spd|2\n|-boost|p1a: Geomancy|spe|2\n|\n|upkeep\n|turn|2\n|\n|t:|1699355487\n|switch|p2a: Magearna|Magearna|100\/100\n|move|p1a: Geomancy|Moonblast|p2a: Magearna\n|-resisted|p2a: Magearna\n|-damage|p2a: Magearna|61\/100\n|\n|upkeep\n|turn|3\n|\n|t:|1699355491\n|move|p1a: Geomancy|Hidden Power|p2a: Magearna\n|-supereffective|p2a: Magearna\n|-damage|p2a: Magearna|9\/100\n|move|p2a: Magearna|Flash Cannon|p1a: Geomancy\n|-supereffective|p1a: Geomancy\n|-damage|p1a: Geomancy|5\/100\n|\n|upkeep\n|turn|4\n|\n|t:|1699355495\n|move|p1a: Geomancy|Thunderbolt|p2a: Magearna\n|-damage|p2a: Magearna|0 fnt\n|faint|p2a: Magearna\n|\n|upkeep\n|\n|t:|1699355497\n|switch|p2a: Marshadow|Marshadow|100\/100\n|turn|5\n|\n|t:|1699355500\n|move|p2a: Marshadow|Shadow Sneak|p1a: Geomancy\n|-damage|p1a: Geomancy|0 fnt\n|faint|p1a: Geomancy\n|\n|upkeep\n|\n|t:|1699355510\n|switch|p1a: Xern hater|Marshadow|100\/100\n|turn|6\n|\n|t:|1699355538\n|move|p1a: Xern hater|Spectral Thief|p2a: Marshadow\n|-supereffective|p2a: Marshadow\n|-damage|p2a: Marshadow|0 fnt\n|faint|p2a: Marshadow\n|\n|upkeep\n|\n|t:|1699355544\n|switch|p2a: Salamence|Salamence, F|100\/100\n|-ability|p2a: Salamence|Intimidate|boost\n|-unboost|p1a: Xern hater|atk|1\n|turn|7\n|\n|t:|1699355557\n|detailschange|p2a: Salamence|Salamence-Mega, F\n|-mega|p2a: Salamence|Salamence|Salamencite\n|move|p1a: Xern hater|Spectral Thief|p2a: Salamence\n|-damage|p2a: Salamence|76\/100\n|move|p2a: Salamence|Double-Edge|p1a: Xern hater\n|-supereffective|p1a: Xern hater\n|-enditem|p1a: Xern hater|Focus Sash\n|-damage|p1a: Xern hater|1\/100\n|-damage|p2a: Salamence|47\/100|[from] Recoil\n|\n|upkeep\n|turn|8\n|\n|t:|1699355583\n|switch|p1a: Mewtwo|Mewtwo|100\/100\n|-ability|p1a: Mewtwo|Unnerve\n|move|p2a: Salamence|Earthquake|p1a: Mewtwo\n|-damage|p1a: Mewtwo|63\/100\n|\n|upkeep\n|turn|9\n|\n|t:|1699355589\n|switch|p2a: Ho-Oh|Ho-Oh|100\/100\n|detailschange|p1a: Mewtwo|Mewtwo-Mega-X\n|-mega|p1a: Mewtwo|Mewtwo|Mewtwonite X\n|move|p1a: Mewtwo|Zen Headbutt|p2a: Ho-Oh|[miss]\n|-miss|p1a: Mewtwo|p2a: Ho-Oh\n|\n|upkeep\n|turn|10\n|\n|t:|1699355596\n|switch|p2a: Darmanitan|Darmanitan-Galar, M, tera:Ground|100\/100\n|move|p1a: Mewtwo|Taunt|p2a: Darmanitan\n|-start|p2a: Darmanitan|move: Taunt\n|\n|upkeep\n|turn|11\n|\n|t:|1699355602\n|move|p2a: Darmanitan|Earthquake|p1a: Mewtwo\n|-damage|p1a: Mewtwo|0 fnt\n|faint|p1a: Mewtwo\n|\n|upkeep\n|\n|t:|1699355608\n|switch|p1a: Oger1|Kyogre, shiny|100\/100\n|detailschange|p1a: Oger1|Kyogre-Primal, shiny\n|-primal|p1a: Oger1|Blue Orb\n|-weather|PrimordialSea|[from] ability: Primordial Sea|[of] p1a: Oger1\n|turn|12\n|\n|t:|1699355626\n|move|p2a: Darmanitan|Earthquake|p1a: Oger1\n|-damage|p1a: Oger1|17\/100\n|move|p1a: Oger1|Origin Pulse|p2a: Darmanitan|[miss]\n|-miss|p1a: Oger1|p2a: Darmanitan\n|\n|-weather|PrimordialSea|[upkeep]\n|-end|p2a: Darmanitan|move: Taunt\n|upkeep\n|turn|13\n|\n|t:|1699355631\n|move|p2a: Darmanitan|Earthquake|p1a: Oger1\n|-crit|p1a: Oger1\n|-damage|p1a: Oger1|0 fnt\n|faint|p1a: Oger1\n|-weather|none\n|\n|upkeep\n|\n|t:|1699355635\n|switch|p1a: Lunala|Lunala|100\/100\n|turn|14\n|\n|t:|1699355640\n|switch|p2a: Ho-Oh|Ho-Oh|100\/100\n|move|p1a: Lunala|Moongeist Beam|p2a: Ho-Oh\n|-crit|p2a: Ho-Oh\n|-damage|p2a: Ho-Oh|63\/100\n|\n|upkeep\n|turn|15\n|\n|t:|1699355649\n|move|p1a: Lunala|Meteor Beam||[still]\n|-prepare|p1a: Lunala|Meteor Beam\n|-boost|p1a: Lunala|spa|1\n|-enditem|p1a: Lunala|Power Herb\n|-anim|p1a: Lunala|Meteor Beam|p2a: Ho-Oh\n|-supereffective|p2a: Ho-Oh\n|-damage|p2a: Ho-Oh|0 fnt\n|faint|p2a: Ho-Oh\n|\n|upkeep\n|\n|t:|1699355658\n|switch|p2a: Darmanitan|Darmanitan-Galar, M, tera:Ground|100\/100\n|turn|16\n|\n|t:|1699355662\n|move|p2a: Darmanitan|U-turn|p1a: Lunala\n|-damage|p1a: Lunala|82\/100\n|\n|t:|1699355665\n|switch|p2a: Kyogre|Kyogre|100\/100|[from] U-turn\n|detailschange|p2a: Kyogre|Kyogre-Primal\n|-primal|p2a: Kyogre|Blue Orb\n|-weather|PrimordialSea|[from] ability: Primordial Sea|[of] p2a: Kyogre\n|move|p1a: Lunala|Moongeist Beam|p2a: Kyogre\n|-damage|p2a: Kyogre|54\/100\n|\n|-weather|PrimordialSea|[upkeep]\n|upkeep\n|turn|17\n|\n|t:|1699355674\n|move|p1a: Lunala|Moongeist Beam|p2a: Kyogre\n|-damage|p2a: Kyogre|7\/100\n|move|p2a: Kyogre|Origin Pulse|p1a: Lunala\n|-damage|p1a: Lunala|0 fnt\n|faint|p1a: Lunala\n|\n|-weather|PrimordialSea|[upkeep]\n|upkeep\n|\n|t:|1699355684\n|switch|p1a: Xern hater|Marshadow|1\/100\n|turn|18\n|\n|t:|1699355687\n|move|p1a: Xern hater|Shadow Sneak|p2a: Kyogre\n|-damage|p2a: Kyogre|0 fnt\n|faint|p2a: Kyogre\n|-weather|none\n|\n|upkeep\n|\n|t:|1699355691\n|switch|p2a: Darmanitan|Darmanitan-Galar, M, tera:Ground|100\/100\n|turn|19\n|\n|t:|1699355695\n|move|p1a: Xern hater|Shadow Sneak|p2a: Darmanitan\n|-damage|p2a: Darmanitan|54\/100\n|move|p2a: Darmanitan|U-turn|p1a: Xern hater\n|-resisted|p1a: Xern hater\n|-damage|p1a: Xern hater|0 fnt\n|faint|p1a: Xern hater\n|\n|t:|1699355697\n|switch|p2a: Salamence|Salamence-Mega, F|47\/100|[from] U-turn\n|\n|upkeep\n|\n|t:|1699355701\n|switch|p1a: Sweeper|Zacian-Crowned|100\/100\n|-ability|p1a: Sweeper|Intrepid Sword|boost\n|-boost|p1a: Sweeper|atk|1\n|turn|20\n|\n|t:|1699355708\n|move|p1a: Sweeper|Play Rough|p2a: Salamence\n|-supereffective|p2a: Salamence\n|-damage|p2a: Salamence|0 fnt\n|faint|p2a: Salamence\n|\n|upkeep\n|\n|t:|1699355710\n|switch|p2a: Darmanitan|Darmanitan-Galar, M, tera:Ground|54\/100\n|turn|21\n|\n|t:|1699355719\n|-terastallize|p1a: Sweeper|Electric\n|move|p2a: Darmanitan|Earthquake|p1a: Sweeper\n|-supereffective|p1a: Sweeper\n|-damage|p1a: Sweeper|0 fnt\n|faint|p1a: Sweeper\n|\n|win|XYZ15\n|raw|kritath's rating: 1630 &rarr; <strong>1599<\/strong><br \/>(-31 for losing)\n|raw|XYZ15's rating: 1419 &rarr; <strong>1450<\/strong><br \/>(+31 for winning)\n|l|\u2606kritath\n","uploadtime":1699355733,"views":6,"p1id":"kritath","p2id":"xyz15","formatid":"gen9nationaldexubers","rating":1450,"private":0,"password":""}