{"id":"gen9nationaldexubers-1982101648","p1":"AlolanSandslashOU","p2":"XX_1nfinity_XX","format":"[Gen 9] National Dex Ubers","log":"|j|\u2606AlolanSandslashOU\n|j|\u2606XX_1nfinity_XX\n|t:|1698967989\n|gametype|singles\n|player|p1|AlolanSandslashOU|volkner|\n|player|p2|XX_1nfinity_XX|blackbelt-gen4dp|\n|teamsize|p1|6\n|teamsize|p2|6\n|gen|9\n|tier|[Gen 9] National Dex Ubers\n|rule|HP Percentage Mod: HP is shown in percentages\n|rule|Endless Battle Clause: Forcing endless battles is banned\n|rule|OHKO Clause: OHKO moves are banned\n|rule|Evasion Moves Clause: Evasion moves are banned\n|rule|Evasion Items Clause: Evasion items are banned\n|rule|Species Clause: Limit one of each Pok\u00e9mon\n|rule|Sleep Clause Mod: Limit one foe put to sleep\n|rule|Mega Rayquaza Clause: You cannot mega evolve Rayquaza\n|clearpoke\n|poke|p1|Sneasler, M|\n|poke|p1|Greninja-*, F|\n|poke|p1|Zapdos|\n|poke|p1|Iron Moth|\n|poke|p1|Kartana|\n|poke|p1|Great Tusk|\n|poke|p2|Flutter Mane|\n|poke|p2|Skeledirge, F|\n|poke|p2|Golurk|\n|poke|p2|Corsola-Galar, M|\n|poke|p2|Sableye, F|\n|poke|p2|Mandibuzz, F|\n|teampreview\n|inactive|Battle timer is ON: inactive players will automatically lose when time's up. (requested by XX_1nfinity_XX)\n|j| GmaxWailord1\n|\n|t:|1698968014\n|start\n|switch|p1a: Great Tusk|Great Tusk|100\/100\n|switch|p2a: Sableye|Sableye, F|100\/100\n|turn|1\n|c| GmaxWailord1|Almost a moon ghost team\n|c| GmaxWailord1|Mono\n|c|\u2606AlolanSandslashOU|Who even you\n|\n|t:|1698968042\n|-end|p1a: Great Tusk|Protosynthesis|[silent]\n|switch|p1a: Iron Moth|Iron Moth|100\/100\n|-enditem|p1a: Iron Moth|Booster Energy\n|-activate|p1a: Iron Moth|ability: Quark Drive|[fromitem]\n|-start|p1a: Iron Moth|quarkdrivespe\n|move|p2a: Sableye|Will-O-Wisp|p1a: Iron Moth\n|-immune|p1a: Iron Moth\n|\n|upkeep\n|turn|2\n|c| GmaxWailord1|A spectator\n|\n|t:|1698968052\n|move|p2a: Sableye|Thunder Wave|p1a: Iron Moth\n|-status|p1a: Iron Moth|par\n|cant|p1a: Iron Moth|par\n|\n|upkeep\n|turn|3\n|c|\u2606AlolanSandslashOU|Wasn\u2019t expecting twave and will o\n|c|\u2606AlolanSandslashOU|Ae\n|\n|t:|1698968075\n|move|p1a: Iron Moth|Fiery Dance|p2a: Sableye\n|-crit|p2a: Sableye\n|-damage|p2a: Sableye|30\/100\n|move|p2a: Sableye|Knock Off|p1a: Iron Moth\n|-damage|p1a: Iron Moth|73\/100 par\n|\n|upkeep\n|turn|4\n|c| GmaxWailord1|Me either\n|\n|t:|1698968082\n|move|p2a: Sableye|Recover|p2a: Sableye\n|-heal|p2a: Sableye|80\/100\n|move|p1a: Iron Moth|Fiery Dance|p2a: Sableye\n|-damage|p2a: Sableye|40\/100\n|-boost|p1a: Iron Moth|spa|1\n|\n|upkeep\n|turn|5\n|\n|t:|1698968088\n|switch|p2a: Skeledirge|Skeledirge, F|100\/100\n|move|p1a: Iron Moth|Fiery Dance|p2a: Skeledirge\n|-resisted|p2a: Skeledirge\n|-damage|p2a: Skeledirge|85\/100\n|-boost|p1a: Iron Moth|spa|1\n|\n|upkeep\n|turn|6\n|\n|t:|1698968095\n|-end|p1a: Iron Moth|Quark Drive|[silent]\n|switch|p1a: Greninja|Greninja, F|100\/100\n|move|p2a: Skeledirge|Hex|p1a: Greninja\n|-resisted|p1a: Greninja\n|-damage|p1a: Greninja|83\/100\n|\n|upkeep\n|turn|7\n|\n|t:|1698968105\n|switch|p2a: Mandibuzz|Mandibuzz, F|100\/100\n|move|p1a: Greninja|Surf|p2a: Mandibuzz\n|-start|p1a: Greninja|typechange|Water|[from] ability: Protean\n|-damage|p2a: Mandibuzz|52\/100\n|\n|upkeep\n|turn|8\n|\n|t:|1698968111\n|move|p1a: Greninja|Surf|p2a: Mandibuzz\n|-damage|p2a: Mandibuzz|2\/100\n|move|p2a: Mandibuzz|Roost|p2a: Mandibuzz\n|-heal|p2a: Mandibuzz|52\/100\n|-singleturn|p2a: Mandibuzz|move: Roost\n|\n|upkeep\n|turn|9\n|\n|t:|1698968115\n|switch|p1a: Zapdos|Zapdos|100\/100\n|move|p2a: Mandibuzz|Roost|p2a: Mandibuzz\n|-heal|p2a: Mandibuzz|100\/100\n|-singleturn|p2a: Mandibuzz|move: Roost\n|\n|upkeep\n|turn|10\n|\n|t:|1698968122\n|switch|p2a: Corsola|Corsola-Galar, M|100\/100\n|move|p1a: Zapdos|Volt Switch|p2a: Corsola\n|-damage|p2a: Corsola|83\/100\n|\n|t:|1698968124\n|switch|p1a: Kartana|Kartana|100\/100|[from] Volt Switch\n|\n|upkeep\n|turn|11\n|\n|t:|1698968127\n|move|p1a: Kartana|Knock Off|p2a: Corsola\n|-supereffective|p2a: Corsola\n|-damage|p2a: Corsola|25\/100\n|-start|p1a: Kartana|Disable|Knock Off|[from] ability: Cursed Body|[of] p2a: Corsola\n|-enditem|p2a: Corsola|Eviolite|[from] move: Knock Off|[of] p1a: Kartana\n|move|p2a: Corsola|Will-O-Wisp|p1a: Kartana\n|-status|p1a: Kartana|brn\n|\n|-damage|p1a: Kartana|94\/100 brn|[from] brn\n|upkeep\n|turn|12\n|c|\u2606AlolanSandslashOU|Man\n|\n|t:|1698968142\n|switch|p1a: Zapdos|Zapdos|100\/100\n|move|p2a: Corsola|Strength Sap|p1a: Zapdos\n|-unboost|p1a: Zapdos|atk|1\n|-heal|p2a: Corsola|76\/100\n|\n|upkeep\n|turn|13\n|\n|t:|1698968146\n|move|p1a: Zapdos|Volt Switch|p2a: Corsola\n|-damage|p2a: Corsola|49\/100\n|\n|t:|1698968149\n|switch|p1a: Sneasler|Sneasler, M|100\/100|[from] Volt Switch\n|move|p2a: Corsola|Will-O-Wisp|p1a: Sneasler\n|-status|p1a: Sneasler|brn\n|\n|-damage|p1a: Sneasler|95\/100 brn|[from] brn\n|upkeep\n|turn|14\n|\n|t:|1698968155\n|move|p1a: Sneasler|Night Slash|p2a: Corsola\n|-supereffective|p2a: Corsola\n|-damage|p2a: Corsola|12\/100\n|-start|p1a: Sneasler|Disable|Night Slash|[from] ability: Cursed Body|[of] p2a: Corsola\n|move|p2a: Corsola|Strength Sap|p1a: Sneasler\n|-unboost|p1a: Sneasler|atk|1\n|-heal|p2a: Corsola|100\/100\n|\n|-damage|p1a: Sneasler|89\/100 brn|[from] brn\n|upkeep\n|turn|15\n|\n|t:|1698968166\n|switch|p1a: Greninja|Greninja, F|83\/100\n|move|p2a: Corsola|Night Shade|p1a: Greninja\n|-damage|p1a: Greninja|48\/100\n|\n|upkeep\n|turn|16\n|\n|t:|1698968174\n|switch|p2a: Sableye|Sableye, F|40\/100\n|move|p1a: Greninja|Dark Pulse|p2a: Sableye\n|-start|p1a: Greninja|typechange|Dark|[from] ability: Protean\n|-damage|p2a: Sableye|0 fnt\n|faint|p2a: Sableye\n|\n|upkeep\n|c|\u2606AlolanSandslashOU|Man\n|\n|t:|1698968181\n|switch|p2a: Flutter Mane|Flutter Mane|100\/100\n|turn|17\n|\n|t:|1698968187\n|switch|p1a: Zapdos|Zapdos|100\/100\n|move|p2a: Flutter Mane|Substitute|p2a: Flutter Mane\n|-start|p2a: Flutter Mane|Substitute\n|-damage|p2a: Flutter Mane|76\/100\n|\n|upkeep\n|turn|18\n|\n|t:|1698968191\n|-zpower|p2a: Flutter Mane\n|move|p2a: Flutter Mane|Twinkle Tackle|p1a: Zapdos|[zeffect]\n|-damage|p1a: Zapdos|15\/100\n|move|p1a: Zapdos|Thunderbolt|p2a: Flutter Mane\n|-end|p2a: Flutter Mane|Substitute\n|\n|-heal|p1a: Zapdos|21\/100|[from] item: Leftovers\n|upkeep\n|turn|19\n|\n|t:|1698968195\n|move|p2a: Flutter Mane|Moonblast|p1a: Zapdos\n|-damage|p1a: Zapdos|0 fnt\n|faint|p1a: Zapdos\n|\n|upkeep\n|\n|t:|1698968197\n|switch|p1a: Kartana|Kartana|94\/100 brn\n|turn|20\n|\n|t:|1698968201\n|-end|p2a: Flutter Mane|Protosynthesis|[silent]\n|switch|p2a: Corsola|Corsola-Galar, M|100\/100\n|move|p1a: Kartana|Smart Strike|p2a: Corsola\n|-damage|p2a: Corsola|78\/100\n|\n|-damage|p1a: Kartana|88\/100 brn|[from] brn\n|upkeep\n|turn|21\n|\n|t:|1698968206\n|switch|p1a: Greninja|Greninja, F|48\/100\n|move|p2a: Corsola|Will-O-Wisp|p1a: Greninja\n|-status|p1a: Greninja|brn\n|\n|-damage|p1a: Greninja|42\/100 brn|[from] brn\n|upkeep\n|turn|22\n|\n|t:|1698968211\n|switch|p2a: Mandibuzz|Mandibuzz, F|100\/100\n|move|p1a: Greninja|Dark Pulse|p2a: Mandibuzz\n|-start|p1a: Greninja|typechange|Dark|[from] ability: Protean\n|-resisted|p2a: Mandibuzz\n|-damage|p2a: Mandibuzz|76\/100\n|\n|-damage|p1a: Greninja|36\/100 brn|[from] brn\n|upkeep\n|turn|23\n|\n|t:|1698968219\n|switch|p1a: Iron Moth|Iron Moth|73\/100 par\n|move|p2a: Mandibuzz|Foul Play|p1a: Iron Moth\n|-damage|p1a: Iron Moth|45\/100 par\n|\n|upkeep\n|turn|24\n|\n|t:|1698968225\n|switch|p2a: Corsola|Corsola-Galar, M|78\/100\n|move|p1a: Iron Moth|Fiery Dance|p2a: Corsola\n|-damage|p2a: Corsola|47\/100\n|-boost|p1a: Iron Moth|spa|1\n|\n|upkeep\n|turn|25\n|\n|t:|1698968232\n|switch|p2a: Skeledirge|Skeledirge, F|85\/100\n|cant|p1a: Iron Moth|par\n|\n|upkeep\n|turn|26\n|\n|t:|1698968239\n|move|p1a: Iron Moth|Fiery Dance|p2a: Skeledirge\n|-resisted|p2a: Skeledirge\n|-damage|p2a: Skeledirge|72\/100\n|move|p2a: Skeledirge|Hex|p1a: Iron Moth\n|-damage|p1a: Iron Moth|0 fnt\n|faint|p1a: Iron Moth\n|-end|p1a: Iron Moth|Quark Drive|[silent]\n|\n|upkeep\n|\n|t:|1698968245\n|switch|p1a: Greninja|Greninja, F|36\/100 brn\n|turn|27\n|\n|t:|1698968252\n|switch|p2a: Mandibuzz|Mandibuzz, F|76\/100\n|move|p1a: Greninja|Surf|p2a: Mandibuzz\n|-start|p1a: Greninja|typechange|Water|[from] ability: Protean\n|-damage|p2a: Mandibuzz|30\/100\n|\n|-damage|p1a: Greninja|30\/100 brn|[from] brn\n|upkeep\n|turn|28\n|\n|t:|1698968261\n|switch|p2a: Flutter Mane|Flutter Mane|76\/100\n|move|p1a: Greninja|Surf|p2a: Flutter Mane\n|-damage|p2a: Flutter Mane|17\/100\n|\n|-damage|p1a: Greninja|24\/100 brn|[from] brn\n|upkeep\n|turn|29\n|\n|t:|1698968277\n|switch|p1a: Kartana|Kartana|88\/100 brn\n|move|p2a: Flutter Mane|Shadow Ball|p1a: Kartana\n|-damage|p1a: Kartana|0 fnt\n|faint|p1a: Kartana\n|\n|upkeep\n|\n|t:|1698968282\n|switch|p1a: Greninja|Greninja, F|24\/100 brn\n|turn|30\n|\n|t:|1698968288\n|-end|p2a: Flutter Mane|Protosynthesis|[silent]\n|switch|p2a: Corsola|Corsola-Galar, M|47\/100\n|move|p1a: Greninja|Water Shuriken|p2a: Corsola\n|-start|p1a: Greninja|typechange|Water|[from] ability: Protean\n|-damage|p2a: Corsola|39\/100\n|-damage|p2a: Corsola|31\/100\n|-hitcount|p2a: Corsola|2\n|\n|-damage|p1a: Greninja|18\/100 brn|[from] brn\n|upkeep\n|turn|31\n|\n|t:|1698968294\n|switch|p1a: Sneasler|Sneasler, M|89\/100 brn\n|move|p2a: Corsola|Strength Sap|p1a: Sneasler\n|-unboost|p1a: Sneasler|atk|1\n|-heal|p2a: Corsola|100\/100\n|\n|-damage|p1a: Sneasler|83\/100 brn|[from] brn\n|upkeep\n|turn|32\n|\n|t:|1698968300\n|-terastallize|p1a: Sneasler|Dark\n|move|p1a: Sneasler|Night Slash|p2a: Corsola\n|-supereffective|p2a: Corsola\n|-damage|p2a: Corsola|62\/100\n|move|p2a: Corsola|Night Shade|p1a: Sneasler\n|-damage|p1a: Sneasler|49\/100 brn\n|\n|-damage|p1a: Sneasler|43\/100 brn|[from] brn\n|upkeep\n|turn|33\n|\n|t:|1698968307\n|move|p1a: Sneasler|Night Slash|p2a: Corsola\n|-supereffective|p2a: Corsola\n|-crit|p2a: Corsola\n|-damage|p2a: Corsola|0 fnt\n|-start|p1a: Sneasler|Disable|Night Slash|[from] ability: Cursed Body|[of] p2a: Corsola\n|faint|p2a: Corsola\n|\n|-damage|p1a: Sneasler|37\/100 brn|[from] brn\n|upkeep\n|\n|t:|1698968311\n|switch|p2a: Skeledirge|Skeledirge, F|72\/100\n|turn|34\n|\n|t:|1698968317\n|switch|p1a: Great Tusk|Great Tusk|100\/100\n|move|p2a: Skeledirge|Will-O-Wisp|p1a: Great Tusk\n|-status|p1a: Great Tusk|brn\n|\n|-damage|p1a: Great Tusk|94\/100 brn|[from] brn\n|upkeep\n|turn|35\n|\n|t:|1698968322\n|-terastallize|p2a: Skeledirge|Fairy\n|move|p1a: Great Tusk|Knock Off|p2a: Skeledirge\n|-resisted|p2a: Skeledirge\n|-damage|p2a: Skeledirge|64\/100\n|-enditem|p2a: Skeledirge|Heavy-Duty Boots|[from] move: Knock Off|[of] p1a: Great Tusk\n|move|p2a: Skeledirge|Hex|p1a: Great Tusk\n|-damage|p1a: Great Tusk|31\/100 brn\n|\n|-damage|p1a: Great Tusk|25\/100 brn|[from] brn\n|upkeep\n|turn|36\n|\n|t:|1698968328\n|move|p1a: Great Tusk|Earthquake|p2a: Skeledirge\n|-damage|p2a: Skeledirge|41\/100\n|move|p2a: Skeledirge|Slack Off|p2a: Skeledirge\n|-heal|p2a: Skeledirge|91\/100\n|\n|-damage|p1a: Great Tusk|19\/100 brn|[from] brn\n|upkeep\n|turn|37\n|\n|t:|1698968338\n|move|p1a: Great Tusk|Earthquake|p2a: Skeledirge\n|-damage|p2a: Skeledirge|65\/100\n|move|p2a: Skeledirge|Slack Off|p2a: Skeledirge\n|-heal|p2a: Skeledirge|100\/100\n|\n|-damage|p1a: Great Tusk|13\/100 brn|[from] brn\n|upkeep\n|turn|38\n|\n|t:|1698968343\n|-end|p1a: Great Tusk|Protosynthesis|[silent]\n|switch|p1a: Sneasler|Sneasler, M, tera:Dark|37\/100 brn\n|move|p2a: Skeledirge|Torch Song|p1a: Sneasler\n|-damage|p1a: Sneasler|0 fnt\n|-boost|p2a: Skeledirge|spa|1\n|faint|p1a: Sneasler\n|\n|upkeep\n|\n|t:|1698968346\n|switch|p1a: Great Tusk|Great Tusk|13\/100 brn\n|turn|39\n|c|\u2606XX_1nfinity_XX|funny team\n|\n|t:|1698968352\n|move|p1a: Great Tusk|Earthquake|p2a: Skeledirge\n|-damage|p2a: Skeledirge|77\/100\n|move|p2a: Skeledirge|Torch Song|p1a: Great Tusk\n|-damage|p1a: Great Tusk|0 fnt\n|-boost|p2a: Skeledirge|spa|1\n|faint|p1a: Great Tusk\n|-end|p1a: Great Tusk|Protosynthesis|[silent]\n|\n|upkeep\n|\n|t:|1698968354\n|switch|p1a: Greninja|Greninja, F|18\/100 brn\n|turn|40\n|c|\u2606AlolanSandslashOU|Gg\n|\n|t:|1698968360\n|move|p1a: Greninja|Surf|p2a: Skeledirge\n|-start|p1a: Greninja|typechange|Water|[from] ability: Protean\n|-damage|p2a: Skeledirge|32\/100\n|move|p2a: Skeledirge|Slack Off|p2a: Skeledirge\n|-heal|p2a: Skeledirge|82\/100\n|\n|-damage|p1a: Greninja|12\/100 brn|[from] brn\n|upkeep\n|turn|41\n|c|\u2606XX_1nfinity_XX|ggs\n|c|\u2606AlolanSandslashOU|That sableye with twave screwed me over lmao\n|c| GmaxWailord1|Ok\n|c|\u2606XX_1nfinity_XX|every mon you have eiter burned or paralyzed\n|\n|t:|1698968389\n|move|p1a: Greninja|Surf|p2a: Skeledirge\n|-damage|p2a: Skeledirge|39\/100\n|move|p2a: Skeledirge|Hex|p1a: Greninja\n|-damage|p1a: Greninja|0 fnt\n|faint|p1a: Greninja\n|\n|win|XX_1nfinity_XX\n|c|\u2606AlolanSandslashOU|Bruh fr\n|c| GmaxWailord1|ok bye\n","uploadtime":1698968399,"views":10,"p1id":"alolansandslashou","p2id":"xx1nfinityxx","formatid":"gen9nationaldexubers","rating":0,"private":0,"password":""}