{"id":"gen9nationaldexubers-1996075457","p1":"Reivya","p2":"Shitskrieg7","format":"[Gen 9] National Dex Ubers","log":"|j|\u2606Reivya\n|j|\u2606Shitskrieg7\n|t:|1700640019\n|gametype|singles\n|player|p1|Reivya|parasollady|1083\n|player|p2|Shitskrieg7|ninjaboy|1119\n|teamsize|p1|6\n|teamsize|p2|6\n|gen|9\n|tier|[Gen 9] National Dex Ubers\n|rated|\n|rule|HP Percentage Mod: HP is shown in percentages\n|rule|Endless Battle Clause: Forcing endless battles is banned\n|rule|OHKO Clause: OHKO moves are banned\n|rule|Evasion Moves Clause: Evasion moves are banned\n|rule|Evasion Items Clause: Evasion items are banned\n|rule|Species Clause: Limit one of each Pok\u00e9mon\n|rule|Sleep Clause Mod: Limit one foe put to sleep\n|rule|Mega Rayquaza Clause: You cannot mega evolve Rayquaza\n|clearpoke\n|poke|p1|Gigalith, F|\n|poke|p1|Quagsire, M|\n|poke|p1|Pyukumuku, M|\n|poke|p1|Slurpuff, M|\n|poke|p1|Medicham, M|\n|poke|p1|Zoroark, M|\n|poke|p2|Xerneas-*|\n|poke|p2|Marshadow|\n|poke|p2|Groudon|\n|poke|p2|Deoxys-Speed|\n|poke|p2|Necrozma-Dusk-Mane|\n|poke|p2|Pheromosa|\n|teampreview\n|inactive|Battle timer is ON: inactive players will automatically lose when time's up. (requested by Shitskrieg7)\n|c|\u2606Reivya|good luck, have fun\n|\n|t:|1700640040\n|start\n|switch|p1a: puff|Slurpuff, M|100\/100\n|switch|p2a: Deoxys|Deoxys-Speed, shiny|100\/100\n|-ability|p2a: Deoxys|Pressure\n|turn|1\n|\n|t:|1700640065\n|move|p1a: puff|Magic Coat|p1a: puff\n|-singleturn|p1a: puff|move: Magic Coat\n|move|p2a: Deoxys|Taunt|p1a: puff\n|move|p1a: puff|Taunt|p2a: Deoxys|[from]Magic Coat\n|-start|p2a: Deoxys|move: Taunt\n|\n|upkeep\n|turn|2\n|\n|t:|1700640072\n|switch|p2a: Necrozma|Necrozma-Dusk-Mane, shiny|100\/100\n|move|p1a: puff|Sticky Web|p2a: Necrozma\n|-sidestart|p2: Shitskrieg7|move: Sticky Web\n|\n|upkeep\n|turn|3\n|\n|t:|1700640079\n|move|p1a: puff|Magic Coat|p1a: puff\n|-singleturn|p1a: puff|move: Magic Coat\n|move|p2a: Necrozma|Dragon Dance|p2a: Necrozma\n|-boost|p2a: Necrozma|atk|1\n|-boost|p2a: Necrozma|spe|1\n|\n|upkeep\n|turn|4\n|\n|t:|1700640093\n|switch|p1a: woah|Pyukumuku, M|100\/100\n|move|p2a: Necrozma|Sunsteel Strike|p1a: woah\n|-resisted|p1a: woah\n|-damage|p1a: woah|64\/100\n|\n|-heal|p1a: woah|70\/100|[from] item: Leftovers\n|upkeep\n|turn|5\n|\n|t:|1700640104\n|move|p2a: Necrozma|Photon Geyser|p1a: woah\n|-damage|p1a: woah|5\/100\n|move|p1a: woah|Counter|p2a: Necrozma\n|-damage|p2a: Necrozma|0 fnt\n|faint|p2a: Necrozma\n|\n|-heal|p1a: woah|11\/100|[from] item: Leftovers\n|upkeep\n|\n|t:|1700640111\n|switch|p2a: Groudon|Groudon, shiny|100\/100\n|-activate|p2a: Groudon|move: Sticky Web\n|-unboost|p2a: Groudon|spe|1\n|detailschange|p2a: Groudon|Groudon-Primal, shiny\n|-primal|p2a: Groudon|Red Orb\n|-weather|DesolateLand|[from] ability: Desolate Land|[of] p2a: Groudon\n|turn|6\n|\n|t:|1700640122\n|move|p2a: Groudon|Earth Power|p1a: woah\n|-damage|p1a: woah|0 fnt\n|-damage|p2a: Groudon|91\/100|[from] ability: Innards Out|[of] p1a: woah\n|faint|p1a: woah\n|\n|-weather|DesolateLand|[upkeep]\n|upkeep\n|\n|t:|1700640130\n|switch|p1a: puff|Slurpuff, M|100\/100\n|turn|7\n|\n|t:|1700640134\n|move|p1a: puff|Magic Coat|p1a: puff\n|-singleturn|p1a: puff|move: Magic Coat\n|move|p2a: Groudon|Rock Polish|p2a: Groudon\n|-boost|p2a: Groudon|spe|2\n|\n|-weather|DesolateLand|[upkeep]\n|upkeep\n|turn|8\n|\n|t:|1700640140\n|move|p1a: puff|Magic Coat|p1a: puff\n|-singleturn|p1a: puff|move: Magic Coat\n|move|p2a: Groudon|Flamethrower|p1a: puff\n|-enditem|p1a: puff|Focus Sash\n|-damage|p1a: puff|1\/100\n|\n|-weather|DesolateLand|[upkeep]\n|upkeep\n|turn|9\n|\n|t:|1700640148\n|move|p2a: Groudon|Flamethrower|p1a: puff\n|-damage|p1a: puff|0 fnt\n|faint|p1a: puff\n|\n|-weather|DesolateLand|[upkeep]\n|upkeep\n|\n|t:|1700640164\n|switch|p1a: subarashii|Gigalith, F|100\/100\n|turn|10\n|\n|t:|1700640169\n|move|p2a: Groudon|Earth Power|p1a: subarashii\n|-supereffective|p1a: subarashii\n|-ability|p1a: subarashii|Sturdy\n|-damage|p1a: subarashii|1\/100\n|-unboost|p1a: subarashii|spd|1\n|move|p1a: subarashii|Stealth Rock|p2a: Groudon\n|-sidestart|p2: Shitskrieg7|move: Stealth Rock\n|\n|-weather|DesolateLand|[upkeep]\n|upkeep\n|turn|11\n|-enditem|p1a: subarashii|Custap Berry|[eat]\n|-activate|p1a: subarashii|item: Custap Berry|[consumed]\n|\n|t:|1700640179\n|-terastallize|p1a: subarashii|Normal\n|move|p1a: subarashii|Explosion|p2a: Groudon\n|-crit|p2a: Groudon\n|-damage|p2a: Groudon|0 fnt\n|faint|p1a: subarashii\n|faint|p2a: Groudon\n|-weather|none\n|\n|upkeep\n|\n|t:|1700640193\n|switch|p2a: Xerneas|Xerneas|100\/100\n|switch|p1a: quack|Quagsire, M|100\/100\n|-activate|p2a: Xerneas|move: Sticky Web\n|-unboost|p2a: Xerneas|spe|1\n|-damage|p2a: Xerneas|88\/100|[from] Stealth Rock\n|-ability|p2a: Xerneas|Fairy Aura\n|turn|12\n|\n|t:|1700640205\n|move|p1a: quack|Taunt|p2a: Xerneas\n|-start|p2a: Xerneas|move: Taunt\n|move|p2a: Xerneas|Moonblast|p1a: quack\n|-supereffective|p1a: quack\n|-damage|p1a: quack|0 fnt\n|replace|p1a: hehe|Zoroark, M\n|-end|p1a: hehe|Illusion\n|faint|p1a: hehe\n|\n|upkeep\n|inactive|Reivya has 120 seconds left.\n|\n|t:|1700640231\n|switch|p1a: ardhanari|Medicham, M|100\/100\n|turn|13\n|\n|t:|1700640236\n|detailschange|p1a: ardhanari|Medicham-Mega, M\n|-mega|p1a: ardhanari|Medicham|Medichamite\n|-terastallize|p2a: Xerneas|Fire\n|move|p1a: ardhanari|Fake Out|p2a: Xerneas\n|-damage|p2a: Xerneas|69\/100\n|cant|p2a: Xerneas|flinch\n|\n|upkeep\n|turn|14\n|\n|t:|1700640246\n|move|p1a: ardhanari|Zen Headbutt|p2a: Xerneas|[miss]\n|-miss|p1a: ardhanari|p2a: Xerneas\n|move|p2a: Xerneas|Moonblast|p1a: ardhanari\n|-supereffective|p1a: ardhanari\n|-damage|p1a: ardhanari|0 fnt\n|faint|p1a: ardhanari\n|\n|-end|p2a: Xerneas|move: Taunt\n|upkeep\n|c|\u2606Shitskrieg7|unlucky\n|c|\u2606Reivya|it happens\n|\n|t:|1700640259\n|switch|p1a: quack|Quagsire, M|100\/100\n|turn|15\n|\n|t:|1700640269\n|move|p2a: Xerneas|Moonblast|p1a: quack\n|-damage|p1a: quack|14\/100\n|move|p1a: quack|Earthquake|p2a: Xerneas\n|-supereffective|p2a: Xerneas\n|-damage|p2a: Xerneas|0 fnt\n|faint|p2a: Xerneas\n|\n|-heal|p1a: quack|20\/100|[from] item: Leftovers\n|upkeep\n|\n|t:|1700640273\n|switch|p2a: Marshadow|Marshadow|100\/100\n|-activate|p2a: Marshadow|move: Sticky Web\n|-unboost|p2a: Marshadow|spe|1\n|-damage|p2a: Marshadow|94\/100|[from] Stealth Rock\n|turn|16\n|c|\u2606Shitskrieg7|gg\n|\n|t:|1700640283\n|move|p2a: Marshadow|Spectral Thief|p1a: quack\n|-damage|p1a: quack|0 fnt\n|faint|p1a: quack\n|\n|win|Shitskrieg7\n|raw|Reivya's rating: 1083 &rarr; <strong>1063<\/strong><br \/>(-20 for losing)\n|raw|Shitskrieg7's rating: 1119 &rarr; <strong>1141<\/strong><br \/>(+22 for winning)\n|c|\u2606Reivya|gg\n","uploadtime":1700640288,"views":0,"p1id":"reivya","p2id":"shitskrieg7","formatid":"gen9nationaldexubers","rating":1063,"private":0,"password":""}