{"id":"gen9nationaldexubers-1977926862","p1":"nylithist","p2":"AbyssMakrom","format":"[Gen 9] National Dex Ubers","log":"|j|\u2606nylithist\n|j|\u2606AbyssMakrom\n|t:|1698467664\n|gametype|singles\n|player|p1|nylithist|caitlin|1075\n|player|p2|AbyssMakrom|ingo|1037\n|teamsize|p1|4\n|teamsize|p2|6\n|gen|9\n|tier|[Gen 9] National Dex Ubers\n|rated|\n|rule|HP Percentage Mod: HP is shown in percentages\n|rule|Endless Battle Clause: Forcing endless battles is banned\n|rule|OHKO Clause: OHKO moves are banned\n|rule|Evasion Moves Clause: Evasion moves are banned\n|rule|Evasion Items Clause: Evasion items are banned\n|rule|Species Clause: Limit one of each Pok\u00e9mon\n|rule|Sleep Clause Mod: Limit one foe put to sleep\n|rule|Mega Rayquaza Clause: You cannot mega evolve Rayquaza\n|clearpoke\n|poke|p1|Froslass, F|\n|poke|p1|Kyogre|\n|poke|p1|Chi-Yu|\n|poke|p1|Pelipper, F|\n|poke|p2|Gholdengo|\n|poke|p2|Maushold-Four|\n|poke|p2|Great Tusk|\n|poke|p2|Dragapult, M|\n|poke|p2|Sableye, M|\n|poke|p2|Skeledirge, F|\n|teampreview\n|\n|t:|1698467674\n|start\n|switch|p1a: Pelipper|Pelipper, F|100\/100\n|switch|p2a: Dragapult|Dragapult, M|100\/100\n|-weather|RainDance|[from] ability: Drizzle|[of] p1a: Pelipper\n|turn|1\n|\n|t:|1698467684\n|switch|p1a: Froslass|Froslass, F|100\/100\n|move|p2a: Dragapult|Light Screen|p2a: Dragapult\n|-sidestart|p2: AbyssMakrom|move: Light Screen\n|\n|-weather|RainDance|[upkeep]\n|upkeep\n|turn|2\n|\n|t:|1698467691\n|move|p2a: Dragapult|Reflect|p2a: Dragapult\n|-sidestart|p2: AbyssMakrom|Reflect\n|move|p1a: Froslass|Frost Breath|p2a: Dragapult\n|-supereffective|p2a: Dragapult\n|-crit|p2a: Dragapult\n|-damage|p2a: Dragapult|0 fnt\n|faint|p2a: Dragapult\n|\n|-weather|RainDance|[upkeep]\n|upkeep\n|\n|t:|1698467697\n|switch|p2a: Skeledirge|Skeledirge, F|100\/100\n|turn|3\n|c|\u2606nylithist|omg wow crit matter\n|\n|t:|1698467705\n|switch|p1a: Pelipper|Pelipper, F|100\/100\n|move|p2a: Skeledirge|Will-O-Wisp|p1a: Pelipper\n|-status|p1a: Pelipper|brn\n|\n|-weather|RainDance|[upkeep]\n|-damage|p1a: Pelipper|94\/100 brn|[from] brn\n|upkeep\n|turn|4\n|c|\u2606AbyssMakrom|oh no\n|\n|t:|1698467719\n|move|p1a: Pelipper|Quick Attack|p2a: Skeledirge\n|-immune|p2a: Skeledirge\n|move|p2a: Skeledirge|Hex|p1a: Pelipper\n|-damage|p1a: Pelipper|12\/100 brn\n|\n|-weather|RainDance|[upkeep]\n|-damage|p1a: Pelipper|5\/100 brn|[from] brn\n|upkeep\n|turn|5\n|\n|t:|1698467728\n|move|p2a: Skeledirge|Hex|p1a: Pelipper\n|-damage|p1a: Pelipper|0 fnt\n|faint|p1a: Pelipper\n|\n|-weather|none\n|upkeep\n|\n|t:|1698467732\n|switch|p1a: Froslass|Froslass, F|100\/100\n|turn|6\n|\n|t:|1698467738\n|move|p1a: Froslass|Shadow Ball|p2a: Skeledirge\n|-supereffective|p2a: Skeledirge\n|-damage|p2a: Skeledirge|52\/100\n|move|p2a: Skeledirge|Will-O-Wisp|p1a: Froslass\n|-status|p1a: Froslass|brn\n|\n|-damage|p1a: Froslass|94\/100 brn|[from] brn\n|upkeep\n|turn|7\n|\n|t:|1698467751\n|switch|p1a: Chi-Yu|Chi-Yu|100\/100\n|-ability|p1a: Chi-Yu|Beads of Ruin\n|move|p2a: Skeledirge|Hex|p1a: Chi-Yu\n|-resisted|p1a: Chi-Yu\n|-damage|p1a: Chi-Yu|84\/100\n|\n|upkeep\n|turn|8\n|\n|t:|1698467761\n|-terastallize|p1a: Chi-Yu|Water\n|move|p1a: Chi-Yu|Tera Blast|p2a: Skeledirge|[anim] Tera Blast Water\n|-supereffective|p2a: Skeledirge\n|-damage|p2a: Skeledirge|0 fnt\n|faint|p2a: Skeledirge\n|\n|-sideend|p2: AbyssMakrom|move: Light Screen\n|upkeep\n|\n|t:|1698467769\n|switch|p2a: Gholdengo|Gholdengo|100\/100\n|turn|9\n|\n|t:|1698467776\n|switch|p1a: Froslass|Froslass, F|94\/100 brn\n|move|p2a: Gholdengo|Thunderbolt|p1a: Froslass\n|-damage|p1a: Froslass|20\/100 brn\n|\n|-damage|p1a: Froslass|14\/100 brn|[from] brn\n|-sideend|p2: AbyssMakrom|Reflect\n|upkeep\n|turn|10\n|\n|t:|1698467785\n|move|p1a: Froslass|Shadow Ball|p2a: Gholdengo\n|-supereffective|p2a: Gholdengo\n|-damage|p2a: Gholdengo|0 fnt\n|faint|p2a: Gholdengo\n|\n|-damage|p1a: Froslass|8\/100 brn|[from] brn\n|upkeep\n|\n|t:|1698467793\n|switch|p2a: Sableye|Sableye, M, shiny|100\/100\n|turn|11\n|\n|t:|1698467797\n|move|p1a: Froslass|Shadow Ball|p2a: Sableye\n|-damage|p2a: Sableye|43\/100\n|move|p2a: Sableye|Foul Play|p1a: Froslass\n|-supereffective|p1a: Froslass\n|-damage|p1a: Froslass|0 fnt\n|faint|p1a: Froslass\n|\n|upkeep\n|\n|t:|1698467807\n|switch|p1a: Chi-Yu|Chi-Yu, tera:Water|84\/100\n|-ability|p1a: Chi-Yu|Beads of Ruin\n|turn|12\n|\n|t:|1698467812\n|move|p1a: Chi-Yu|Tera Blast|p2a: Sableye|[anim] Tera Blast Water\n|-damage|p2a: Sableye|0 fnt\n|faint|p2a: Sableye\n|\n|upkeep\n|\n|t:|1698467822\n|switch|p2a: Maushold|Maushold-Four|100\/100\n|turn|13\n|\n|t:|1698467825\n|switch|p1a: Kyogre|Kyogre|100\/100\n|detailschange|p1a: Kyogre|Kyogre-Primal\n|-primal|p1a: Kyogre|Blue Orb\n|-weather|PrimordialSea|[from] ability: Primordial Sea|[of] p1a: Kyogre\n|move|p2a: Maushold|Trailblaze|p1a: Kyogre\n|-supereffective|p1a: Kyogre\n|-damage|p1a: Kyogre|62\/100\n|-boost|p2a: Maushold|spe|1\n|\n|-weather|PrimordialSea|[upkeep]\n|upkeep\n|turn|14\n|\n|t:|1698467837\n|move|p2a: Maushold|Trailblaze|p1a: Kyogre\n|-supereffective|p1a: Kyogre\n|-damage|p1a: Kyogre|24\/100\n|-boost|p2a: Maushold|spe|1\n|move|p1a: Kyogre|Origin Pulse|p2a: Maushold\n|-damage|p2a: Maushold|0 fnt\n|faint|p2a: Maushold\n|\n|-weather|PrimordialSea|[upkeep]\n|upkeep\n|\n|t:|1698467845\n|switch|p2a: Great Tusk|Great Tusk|100\/100\n|-enditem|p2a: Great Tusk|Booster Energy\n|-activate|p2a: Great Tusk|ability: Protosynthesis|[fromitem]\n|-start|p2a: Great Tusk|protosynthesisspe\n|turn|15\n|\n|t:|1698467851\n|-terastallize|p2a: Great Tusk|Ice\n|move|p2a: Great Tusk|Ice Spinner|p1a: Kyogre\n|-resisted|p1a: Kyogre\n|-damage|p1a: Kyogre|4\/100\n|move|p1a: Kyogre|Origin Pulse|p2a: Great Tusk\n|-damage|p2a: Great Tusk|0 fnt\n|faint|p2a: Great Tusk\n|-end|p2a: Great Tusk|Protosynthesis|[silent]\n|\n|win|nylithist\n|raw|nylithist's rating: 1075 &rarr; <strong>1101<\/strong><br \/>(+26 for winning)\n|raw|AbyssMakrom's rating: 1037 &rarr; <strong>1023<\/strong><br \/>(-14 for losing)\n|c|\u2606AbyssMakrom|ok\n","uploadtime":1698467864,"views":10,"p1id":"nylithist","p2id":"abyssmakrom","formatid":"gen9nationaldexubers","rating":1023,"private":0,"password":""}