{"id":"gen9nationaldexubers-1996226885","p1":"Sammmmmmmmmmmmm","p2":"IncandescentCandle","format":"[Gen 9] National Dex Ubers","log":"|j|\u2606Sammmmmmmmmmmmm\n|j|\u2606IncandescentCandle\n|t:|1700661465\n|gametype|singles\n|player|p1|Sammmmmmmmmmmmm|bede-masters|\n|player|p2|IncandescentCandle|dawn|\n|teamsize|p1|6\n|teamsize|p2|6\n|gen|9\n|tier|[Gen 9] National Dex Ubers\n|rule|HP Percentage Mod: HP is shown in percentages\n|rule|Endless Battle Clause: Forcing endless battles is banned\n|rule|OHKO Clause: OHKO moves are banned\n|rule|Evasion Moves Clause: Evasion moves are banned\n|rule|Evasion Items Clause: Evasion items are banned\n|rule|Species Clause: Limit one of each Pok\u00e9mon\n|rule|Sleep Clause Mod: Limit one foe put to sleep\n|rule|Mega Rayquaza Clause: You cannot mega evolve Rayquaza\n|clearpoke\n|poke|p1|Necrozma-Dawn-Wings|\n|poke|p1|Hatterene, F|\n|poke|p1|Victini|\n|poke|p1|Tapu Lele|\n|poke|p1|Slowbro, F|\n|poke|p1|Mewtwo|\n|poke|p2|Tapu Bulu|\n|poke|p2|Blissey, F|\n|poke|p2|Corviknight, F|\n|poke|p2|Weavile, F|\n|poke|p2|Latias, F|\n|poke|p2|Skeledirge, M|\n|teampreview\n|c|\u2606IncandescentCandle|hiii sorry\n|c|\u2606IncandescentCandle|again, probably ice weavile, but i wont tera\n|\n|t:|1700661483\n|start\n|switch|p1a: Shakra|Mewtwo|100\/100\n|switch|p2a: Group Rascal|Weavile, F|100\/100\n|-ability|p1a: Shakra|Pressure\n|turn|1\n|\n|t:|1700661488\n|switch|p2a: Funeral March In D|Skeledirge, M|100\/100\n|detailschange|p1a: Shakra|Mewtwo-Mega-X\n|-mega|p1a: Shakra|Mewtwo|Mewtwonite X\n|move|p1a: Shakra|Drain Punch|p2a: Funeral March In D\n|-immune|p2a: Funeral March In D\n|\n|upkeep\n|turn|2\n|\n|t:|1700661494\n|switch|p1a: Radiance|Necrozma-Dawn-Wings|100\/100\n|move|p2a: Funeral March In D|Will-O-Wisp|p1a: Radiance|[miss]\n|-miss|p2a: Funeral March In D|p1a: Radiance\n|\n|upkeep\n|turn|3\n|\n|t:|1700661497\n|switch|p2a: Shield Of Mind|Blissey, F|100\/100\n|detailschange|p1a: Radiance|Necrozma-Ultra\n|-burst|p1a: Radiance|Necrozma|Ultranecrozium Z\n|move|p1a: Radiance|Moongeist Beam|p2a: Shield Of Mind\n|-immune|p2a: Shield Of Mind\n|\n|upkeep\n|turn|4\n|inactive|Battle timer is ON: inactive players will automatically lose when time's up. (requested by Sammmmmmmmmmmmm)\n|\n|t:|1700661506\n|switch|p1a: Godseeker|Hatterene, F, shiny|100\/100\n|move|p2a: Shield Of Mind|Seismic Toss|p1a: Godseeker\n|-damage|p1a: Godseeker|69\/100\n|\n|-heal|p1a: Godseeker|75\/100|[from] item: Leftovers\n|upkeep\n|turn|5\n|\n|t:|1700661512\n|move|p1a: Godseeker|Psyshock|p2a: Shield Of Mind\n|-damage|p2a: Shield Of Mind|66\/100\n|move|p2a: Shield Of Mind|Teleport|p2a: Shield Of Mind\n|\n|t:|1700661515\n|switch|p2a: Fight The Swarm|Tapu Bulu|100\/100|[from] Teleport\n|-fieldstart|move: Grassy Terrain|[from] ability: Grassy Surge|[of] p2a: Fight The Swarm\n|\n|-heal|p1a: Godseeker|81\/100|[from] Grassy Terrain\n|-heal|p1a: Godseeker|87\/100|[from] item: Leftovers\n|upkeep\n|turn|6\n|\n|t:|1700661535\n|switch|p1a: Sly|Victini|100\/100\n|move|p2a: Fight The Swarm|Wood Hammer|p1a: Sly\n|-resisted|p1a: Sly\n|-damage|p1a: Sly|33\/100\n|-damage|p2a: Fight The Swarm|78\/100|[from] Recoil\n|\n|-heal|p1a: Sly|40\/100|[from] Grassy Terrain\n|-heal|p2a: Fight The Swarm|85\/100|[from] Grassy Terrain\n|upkeep\n|turn|7\n|c|\u2606IncandescentCandle|explode\n|\n|t:|1700661541\n|switch|p2a: Eon Guardian|Latias, F|100\/100\n|-terastallize|p1a: Sly|Fire\n|move|p1a: Sly|V-create|p2a: Eon Guardian\n|-resisted|p2a: Eon Guardian\n|-damage|p2a: Eon Guardian|21\/100\n|-unboost|p1a: Sly|spe|1\n|-unboost|p1a: Sly|def|1\n|-unboost|p1a: Sly|spd|1\n|\n|-heal|p1a: Sly|46\/100|[from] Grassy Terrain\n|upkeep\n|turn|8\n|\n|t:|1700661548\n|switch|p1a: Shakra|Mewtwo-Mega-X|100\/100\n|detailschange|p2a: Eon Guardian|Latias-Mega, F\n|-mega|p2a: Eon Guardian|Latias|Latiasite\n|move|p2a: Eon Guardian|Roost|p2a: Eon Guardian\n|-heal|p2a: Eon Guardian|71\/100\n|-singleturn|p2a: Eon Guardian|move: Roost\n|\n|upkeep\n|turn|9\n|\n|t:|1700661551\n|switch|p2a: Funeral March In D|Skeledirge, M|100\/100\n|move|p1a: Shakra|Ice Punch|p2a: Funeral March In D\n|-resisted|p2a: Funeral March In D\n|-damage|p2a: Funeral March In D|89\/100\n|\n|-heal|p2a: Funeral March In D|95\/100|[from] Grassy Terrain\n|-fieldend|move: Grassy Terrain\n|upkeep\n|turn|10\n|\n|t:|1700661557\n|move|p1a: Shakra|Knock Off|p2a: Funeral March In D\n|-supereffective|p2a: Funeral March In D\n|-damage|p2a: Funeral March In D|60\/100\n|move|p2a: Funeral March In D|Will-O-Wisp|p1a: Shakra\n|-status|p1a: Shakra|brn\n|\n|-damage|p1a: Shakra|94\/100 brn|[from] brn\n|upkeep\n|turn|11\n|\n|t:|1700661565\n|switch|p1a: Radiance|Necrozma-Ultra|100\/100\n|move|p2a: Funeral March In D|Shadow Ball|p1a: Radiance\n|-supereffective|p1a: Radiance\n|-damage|p1a: Radiance|35\/100\n|\n|upkeep\n|turn|12\n|\n|t:|1700661571\n|switch|p1a: Sly|Victini, tera:Fire|46\/100\n|switch|p2a: Shield Of Mind|Blissey, F|66\/100\n|\n|-heal|p2a: Shield Of Mind|72\/100|[from] item: Leftovers\n|upkeep\n|turn|13\n|\n|t:|1700661575\n|switch|p2a: Eon Guardian|Latias-Mega, F|71\/100\n|move|p1a: Sly|V-create|p2a: Eon Guardian\n|-resisted|p2a: Eon Guardian\n|-damage|p2a: Eon Guardian|13\/100\n|-unboost|p1a: Sly|spe|1\n|-unboost|p1a: Sly|def|1\n|-unboost|p1a: Sly|spd|1\n|\n|upkeep\n|turn|14\n|\n|t:|1700661579\n|move|p2a: Eon Guardian|Roost|p2a: Eon Guardian\n|-heal|p2a: Eon Guardian|63\/100\n|-singleturn|p2a: Eon Guardian|move: Roost\n|move|p1a: Sly|V-create|p2a: Eon Guardian\n|-resisted|p2a: Eon Guardian\n|-damage|p2a: Eon Guardian|10\/100\n|-unboost|p1a: Sly|spe|1\n|-unboost|p1a: Sly|def|1\n|-unboost|p1a: Sly|spd|1\n|\n|upkeep\n|turn|15\n|\n|t:|1700661583\n|switch|p1a: Snail Shaman|Tapu Lele|100\/100\n|-fieldstart|move: Psychic Terrain|[from] ability: Psychic Surge|[of] p1a: Snail Shaman\n|move|p2a: Eon Guardian|Shadow Ball|p1a: Snail Shaman\n|-supereffective|p1a: Snail Shaman\n|-damage|p1a: Snail Shaman|50\/100\n|\n|upkeep\n|turn|16\n|\n|t:|1700661589\n|switch|p2a: Shield Of Body|Corviknight, F|100\/100\n|-ability|p2a: Shield Of Body|Pressure\n|move|p1a: Snail Shaman|Thunderbolt|p2a: Shield Of Body\n|-supereffective|p2a: Shield Of Body\n|-damage|p2a: Shield Of Body|53\/100\n|\n|-heal|p2a: Shield Of Body|60\/100|[from] item: Leftovers\n|upkeep\n|turn|17\n|\n|t:|1700661594\n|switch|p1a: Millibelle|Slowbro, F|100\/100\n|switch|p2a: Fight The Swarm|Tapu Bulu|85\/100\n|-fieldstart|move: Grassy Terrain|[from] ability: Grassy Surge|[of] p2a: Fight The Swarm\n|\n|-heal|p2a: Fight The Swarm|91\/100|[from] Grassy Terrain\n|upkeep\n|turn|18\n|\n|t:|1700661602\n|move|p2a: Fight The Swarm|Wood Hammer|p1a: Millibelle\n|-supereffective|p1a: Millibelle\n|-crit|p1a: Millibelle\n|-damage|p1a: Millibelle|0 fnt\n|-damage|p2a: Fight The Swarm|74\/100|[from] item: Rocky Helmet|[of] p1a: Millibelle\n|faint|p1a: Millibelle\n|-damage|p2a: Fight The Swarm|36\/100|[from] Recoil\n|\n|-heal|p2a: Fight The Swarm|42\/100|[from] Grassy Terrain\n|upkeep\n|\n|t:|1700661606\n|switch|p1a: Shakra|Mewtwo-Mega-X|94\/100 brn\n|turn|19\n|\n|t:|1700661614\n|switch|p2a: Funeral March In D|Skeledirge, M|60\/100\n|move|p1a: Shakra|Ice Punch|p2a: Funeral March In D\n|-resisted|p2a: Funeral March In D\n|-damage|p2a: Funeral March In D|55\/100\n|-status|p2a: Funeral March In D|frz\n|\n|-heal|p1a: Shakra|100\/100 brn|[from] Grassy Terrain\n|-heal|p2a: Funeral March In D|61\/100 frz|[from] Grassy Terrain\n|-damage|p1a: Shakra|94\/100 brn|[from] brn\n|upkeep\n|turn|20\n|c|\u2606IncandescentCandle|omfg AGAIN\n|c|\u2606Sammmmmmmmmmmmm|ez\n|\n|t:|1700661636\n|switch|p1a: Radiance|Necrozma-Ultra|35\/100\n|-curestatus|p2a: Funeral March In D|frz|[msg]\n|move|p2a: Funeral March In D|Torch Song|p1a: Radiance\n|-resisted|p1a: Radiance\n|-damage|p1a: Radiance|21\/100\n|-boost|p2a: Funeral March In D|spa|1\n|\n|-heal|p1a: Radiance|27\/100|[from] Grassy Terrain\n|-heal|p2a: Funeral March In D|67\/100|[from] Grassy Terrain\n|upkeep\n|turn|21\n|c|\u2606IncandescentCandle|nvm\n|c|\u2606IncandescentCandle|goat\n|\n|t:|1700661641\n|switch|p2a: Shield Of Mind|Blissey, F|72\/100\n|-zpower|p1a: Radiance\n|move|p1a: Radiance|Light That Burns the Sky|p2a: Shield Of Mind|[zeffect]\n|-damage|p2a: Shield Of Mind|22\/100\n|\n|-heal|p1a: Radiance|33\/100|[from] Grassy Terrain\n|-heal|p2a: Shield Of Mind|29\/100|[from] Grassy Terrain\n|-heal|p2a: Shield Of Mind|35\/100|[from] item: Leftovers\n|-fieldend|move: Grassy Terrain\n|upkeep\n|turn|22\n|\n|t:|1700661650\n|move|p1a: Radiance|Photon Geyser|p2a: Shield Of Mind\n|-damage|p2a: Shield Of Mind|13\/100\n|move|p2a: Shield Of Mind|Soft-Boiled|p2a: Shield Of Mind\n|-heal|p2a: Shield Of Mind|63\/100\n|\n|-heal|p2a: Shield Of Mind|69\/100|[from] item: Leftovers\n|upkeep\n|turn|23\n|\n|t:|1700661660\n|switch|p1a: Godseeker|Hatterene, F, shiny|87\/100\n|move|p2a: Shield Of Mind|Soft-Boiled|p2a: Shield Of Mind\n|-heal|p2a: Shield Of Mind|100\/100\n|\n|-heal|p1a: Godseeker|93\/100|[from] item: Leftovers\n|upkeep\n|turn|24\n|\n|t:|1700661670\n|switch|p2a: Fight The Swarm|Tapu Bulu|42\/100\n|-fieldstart|move: Grassy Terrain|[from] ability: Grassy Surge|[of] p2a: Fight The Swarm\n|move|p1a: Godseeker|Calm Mind|p1a: Godseeker\n|-boost|p1a: Godseeker|spa|1\n|-boost|p1a: Godseeker|spd|1\n|\n|-heal|p2a: Fight The Swarm|48\/100|[from] Grassy Terrain\n|-heal|p1a: Godseeker|99\/100|[from] Grassy Terrain\n|-heal|p1a: Godseeker|100\/100|[from] item: Leftovers\n|upkeep\n|turn|25\n|\n|t:|1700661672\n|move|p2a: Fight The Swarm|Wood Hammer|p1a: Godseeker\n|-damage|p1a: Godseeker|0 fnt\n|faint|p1a: Godseeker\n|-damage|p2a: Fight The Swarm|18\/100|[from] Recoil\n|\n|-heal|p2a: Fight The Swarm|24\/100|[from] Grassy Terrain\n|upkeep\n|\n|t:|1700661680\n|switch|p1a: Sly|Victini, tera:Fire|46\/100\n|turn|26\n|\n|t:|1700661685\n|move|p1a: Sly|U-turn|p2a: Fight The Swarm\n|-damage|p2a: Fight The Swarm|0 fnt\n|faint|p2a: Fight The Swarm\n|\n|t:|1700661693\n|switch|p1a: Snail Shaman|Tapu Lele|50\/100|[from] U-turn\n|-fieldstart|move: Psychic Terrain|[from] ability: Psychic Surge|[of] p1a: Snail Shaman\n|\n|upkeep\n|\n|t:|1700661700\n|switch|p2a: Shield Of Body|Corviknight, F|60\/100\n|-ability|p2a: Shield Of Body|Pressure\n|turn|27\n|\n|t:|1700661705\n|move|p1a: Snail Shaman|Thunderbolt|p2a: Shield Of Body\n|-supereffective|p2a: Shield Of Body\n|-damage|p2a: Shield Of Body|13\/100\n|move|p2a: Shield Of Body|Roost|p2a: Shield Of Body\n|-heal|p2a: Shield Of Body|63\/100\n|-singleturn|p2a: Shield Of Body|move: Roost\n|\n|-heal|p2a: Shield Of Body|69\/100|[from] item: Leftovers\n|upkeep\n|turn|28\n|\n|t:|1700661711\n|switch|p1a: Sly|Victini, tera:Fire|46\/100\n|move|p2a: Shield Of Body|U-turn|p1a: Sly\n|-resisted|p1a: Sly\n|-damage|p1a: Sly|38\/100\n|\n|t:|1700661715\n|switch|p2a: Group Rascal|Weavile, F|100\/100|[from] U-turn\n|\n|upkeep\n|turn|29\n|\n|t:|1700661717\n|switch|p1a: Shakra|Mewtwo-Mega-X|94\/100 brn\n|move|p2a: Group Rascal|Knock Off|p1a: Shakra\n|-damage|p1a: Shakra|43\/100 brn\n|\n|-damage|p1a: Shakra|37\/100 brn|[from] brn\n|upkeep\n|turn|30\n|\n|t:|1700661720\n|switch|p2a: Funeral March In D|Skeledirge, M|67\/100\n|move|p1a: Shakra|Ice Punch|p2a: Funeral March In D\n|-resisted|p2a: Funeral March In D\n|-damage|p2a: Funeral March In D|63\/100\n|\n|-damage|p1a: Shakra|31\/100 brn|[from] brn\n|-fieldend|move: Psychic Terrain\n|upkeep\n|turn|31\n|\n|t:|1700661734\n|switch|p1a: Snail Shaman|Tapu Lele|50\/100\n|-fieldstart|move: Psychic Terrain|[from] ability: Psychic Surge|[of] p1a: Snail Shaman\n|move|p2a: Funeral March In D|Shadow Ball|p1a: Snail Shaman\n|-supereffective|p1a: Snail Shaman\n|-damage|p1a: Snail Shaman|0 fnt\n|faint|p1a: Snail Shaman\n|\n|upkeep\n|\n|t:|1700661740\n|switch|p1a: Radiance|Necrozma-Ultra|33\/100\n|turn|32\n|\n|t:|1700661747\n|switch|p1a: Sly|Victini, tera:Fire|38\/100\n|switch|p2a: Shield Of Mind|Blissey, F|100\/100\n|\n|upkeep\n|turn|33\n|c|\u2606IncandescentCandle|hm\n|\n|t:|1700661754\n|switch|p2a: Eon Guardian|Latias-Mega, F|10\/100\n|move|p1a: Sly|V-create|p2a: Eon Guardian\n|-resisted|p2a: Eon Guardian\n|-damage|p2a: Eon Guardian|0 fnt\n|-unboost|p1a: Sly|spe|1\n|-unboost|p1a: Sly|def|1\n|-unboost|p1a: Sly|spd|1\n|faint|p2a: Eon Guardian\n|\n|upkeep\n|\n|t:|1700661756\n|switch|p2a: Group Rascal|Weavile, F|100\/100\n|turn|34\n|\n|t:|1700661773\n|move|p2a: Group Rascal|Pursuit|p1a: Sly\n|-damage|p1a: Sly|0 fnt\n|faint|p1a: Sly\n|\n|upkeep\n|\n|t:|1700661784\n|switch|p1a: Shakra|Mewtwo-Mega-X|31\/100 brn\n|turn|35\n|\n|t:|1700661793\n|switch|p2a: Funeral March In D|Skeledirge, M|63\/100\n|move|p1a: Shakra|Zen Headbutt|p2a: Funeral March In D\n|-damage|p2a: Funeral March In D|40\/100\n|\n|-damage|p1a: Shakra|25\/100 brn|[from] brn\n|-fieldend|move: Psychic Terrain\n|upkeep\n|turn|36\n|\n|t:|1700661799\n|move|p1a: Shakra|Zen Headbutt|p2a: Funeral March In D\n|-damage|p2a: Funeral March In D|24\/100\n|move|p2a: Funeral March In D|Slack Off|p2a: Funeral March In D\n|-heal|p2a: Funeral March In D|74\/100\n|\n|-damage|p1a: Shakra|18\/100 brn|[from] brn\n|upkeep\n|turn|37\n|\n|t:|1700661804\n|switch|p1a: Radiance|Necrozma-Ultra|33\/100\n|move|p2a: Funeral March In D|Shadow Ball|p1a: Radiance\n|-supereffective|p1a: Radiance\n|-damage|p1a: Radiance|0 fnt\n|faint|p1a: Radiance\n|\n|upkeep\n|\n|t:|1700661806\n|switch|p1a: Shakra|Mewtwo-Mega-X|18\/100 brn\n|turn|38\n|\n|t:|1700661808\n|move|p1a: Shakra|Zen Headbutt|p2a: Funeral March In D\n|-damage|p2a: Funeral March In D|57\/100\n|move|p2a: Funeral March In D|Shadow Ball|p1a: Shakra\n|-supereffective|p1a: Shakra\n|-damage|p1a: Shakra|0 fnt\n|faint|p1a: Shakra\n|\n|win|IncandescentCandle\n|c|\u2606IncandescentCandle|gg\n|c|\u2606Sammmmmmmmmmmmm|gg\n","uploadtime":1700661815,"views":2,"p1id":"sammmmmmmmmmmmm","p2id":"incandescentcandle","formatid":"gen9nationaldexubers","rating":0,"private":0,"password":""}