{"id":"gen9nationaldexubers-1983238109","p1":"85792195wwww","p2":"nfyhsueryfgius","format":"[Gen 9] National Dex Ubers","log":"|j|\u260685792195wwww\n|j|\u2606nfyhsueryfgius\n|t:|1699109036\n|gametype|singles\n|player|p1|85792195wwww|102|1852\n|player|p2|nfyhsueryfgius|ghetsis|1743\n|teamsize|p1|6\n|teamsize|p2|6\n|gen|9\n|tier|[Gen 9] National Dex Ubers\n|rated|\n|rule|HP Percentage Mod: HP is shown in percentages\n|rule|Endless Battle Clause: Forcing endless battles is banned\n|rule|OHKO Clause: OHKO moves are banned\n|rule|Evasion Moves Clause: Evasion moves are banned\n|rule|Evasion Items Clause: Evasion items are banned\n|rule|Species Clause: Limit one of each Pok\u00e9mon\n|rule|Sleep Clause Mod: Limit one foe put to sleep\n|rule|Mega Rayquaza Clause: You cannot mega evolve Rayquaza\n|clearpoke\n|poke|p1|Arceus|\n|poke|p1|Xerneas-*|\n|poke|p1|Groudon|\n|poke|p1|Zacian-*|\n|poke|p1|Samurott-Hisui, F|\n|poke|p1|Rayquaza|\n|poke|p2|Eternatus|\n|poke|p2|Arceus-Ground|\n|poke|p2|Ho-Oh|\n|poke|p2|Groudon|\n|poke|p2|Yveltal|\n|poke|p2|Xerneas-*|\n|teampreview\n|\n|t:|1699109050\n|start\n|switch|p1a: Samurott|Samurott-Hisui, F|100\/100\n|switch|p2a: Eternatus|Eternatus|100\/100\n|-ability|p2a: Eternatus|Pressure\n|turn|1\n|\n|t:|1699109058\n|move|p2a: Eternatus|Sludge Bomb|p1a: Samurott\n|-damage|p1a: Samurott|31\/100\n|-status|p1a: Samurott|psn\n|move|p1a: Samurott|Ceaseless Edge|p2a: Eternatus\n|-damage|p2a: Eternatus|56\/100\n|-sidestart|p2: nfyhsueryfgius|Spikes\n|\n|-damage|p1a: Samurott|19\/100 psn|[from] psn\n|upkeep\n|turn|2\n|\n|t:|1699109069\n|move|p2a: Eternatus|Sludge Bomb|p1a: Samurott\n|-damage|p1a: Samurott|0 fnt\n|faint|p1a: Samurott\n|\n|upkeep\n|\n|t:|1699109079\n|switch|p1a: Zacian|Zacian-Crowned|100\/100\n|-ability|p1a: Zacian|Intrepid Sword|boost\n|-boost|p1a: Zacian|atk|1\n|turn|3\n|\n|t:|1699109084\n|move|p1a: Zacian|Swords Dance|p1a: Zacian\n|-boost|p1a: Zacian|atk|2\n|-zpower|p2a: Eternatus\n|move|p2a: Eternatus|Inferno Overdrive|p1a: Zacian|[zeffect]\n|-supereffective|p1a: Zacian\n|-damage|p1a: Zacian|0 fnt\n|faint|p1a: Zacian\n|\n|upkeep\n|\n|t:|1699109098\n|switch|p1a: Arceus|Arceus|100\/100\n|turn|4\n|\n|t:|1699109102\n|switch|p2a: Yveltal|Yveltal|100\/100\n|-ability|p2a: Yveltal|Dark Aura\n|move|p1a: Arceus|Swords Dance|p1a: Arceus\n|-boost|p1a: Arceus|atk|2\n|\n|upkeep\n|turn|5\n|\n|t:|1699109111\n|move|p1a: Arceus|Will-O-Wisp|p2a: Yveltal\n|-status|p2a: Yveltal|brn\n|move|p2a: Yveltal|Foul Play|p1a: Arceus\n|-crit|p1a: Arceus\n|-damage|p1a: Arceus|28\/100\n|\n|-damage|p2a: Yveltal|94\/100 brn|[from] brn\n|upkeep\n|turn|6\n|\n|t:|1699109121\n|move|p1a: Arceus|Extreme Speed|p2a: Yveltal\n|-damage|p2a: Yveltal|19\/100 brn\n|-damage|p1a: Arceus|18\/100|[from] item: Life Orb\n|move|p2a: Yveltal|Toxic|p1a: Arceus\n|-status|p1a: Arceus|tox\n|\n|-damage|p1a: Arceus|12\/100 tox|[from] psn\n|-damage|p2a: Yveltal|13\/100 brn|[from] brn\n|upkeep\n|turn|7\n|\n|t:|1699109132\n|move|p1a: Arceus|Extreme Speed|p2a: Yveltal\n|-damage|p2a: Yveltal|0 fnt\n|faint|p2a: Yveltal\n|-damage|p1a: Arceus|2\/100 tox|[from] item: Life Orb\n|\n|-damage|p1a: Arceus|0 fnt|[from] psn\n|faint|p1a: Arceus\n|upkeep\n|\n|t:|1699109146\n|switch|p1a: Rayquaza|Rayquaza|100\/100\n|switch|p2a: Eternatus|Eternatus|56\/100\n|-damage|p2a: Eternatus|43\/100|[from] Spikes\n|-ability|p2a: Eternatus|Pressure\n|-ability|p1a: Rayquaza|Air Lock\n|turn|8\n|\n|t:|1699109160\n|move|p1a: Rayquaza|Extreme Speed|p2a: Eternatus\n|-damage|p2a: Eternatus|2\/100\n|move|p2a: Eternatus|Dynamax Cannon|p1a: Rayquaza\n|-supereffective|p1a: Rayquaza\n|-damage|p1a: Rayquaza|0 fnt\n|faint|p1a: Rayquaza\n|\n|upkeep\n|\n|t:|1699109171\n|switch|p1a: Groudon|Groudon|100\/100\n|detailschange|p1a: Groudon|Groudon-Primal\n|-primal|p1a: Groudon|Red Orb\n|-weather|DesolateLand|[from] ability: Desolate Land|[of] p1a: Groudon\n|turn|9\n|\n|t:|1699109177\n|move|p2a: Eternatus|Dynamax Cannon|p1a: Groudon\n|-damage|p1a: Groudon|44\/100\n|move|p1a: Groudon|Rock Polish|p1a: Groudon\n|-boost|p1a: Groudon|spe|2\n|\n|-weather|DesolateLand|[upkeep]\n|upkeep\n|turn|10\n|\n|t:|1699109185\n|move|p1a: Groudon|Heat Crash|p2a: Eternatus\n|-resisted|p2a: Eternatus\n|-damage|p2a: Eternatus|0 fnt\n|faint|p2a: Eternatus\n|\n|-weather|DesolateLand|[upkeep]\n|upkeep\n|\n|t:|1699109187\n|switch|p2a: Arceus|Arceus-Ground|100\/100\n|-damage|p2a: Arceus|88\/100|[from] Spikes\n|turn|11\n|\n|t:|1699109194\n|move|p1a: Groudon|Heat Crash|p2a: Arceus\n|-damage|p2a: Arceus|21\/100\n|move|p2a: Arceus|Earthquake|p1a: Groudon\n|-supereffective|p1a: Groudon\n|-damage|p1a: Groudon|0 fnt\n|faint|p1a: Groudon\n|-weather|none\n|\n|upkeep\n|\n|t:|1699109203\n|switch|p1a: Xerneas|Xerneas|100\/100\n|-ability|p1a: Xerneas|Fairy Aura\n|turn|12\n|\n|t:|1699109208\n|move|p2a: Arceus|Earthquake|p1a: Xerneas\n|-damage|p1a: Xerneas|55\/100\n|move|p1a: Xerneas|Geomancy||[still]\n|-prepare|p1a: Xerneas|Geomancy\n|-enditem|p1a: Xerneas|Power Herb\n|-anim|p1a: Xerneas|Geomancy|p1a: Xerneas\n|-boost|p1a: Xerneas|spa|2\n|-boost|p1a: Xerneas|spd|2\n|-boost|p1a: Xerneas|spe|2\n|\n|upkeep\n|turn|13\n|\n|t:|1699109218\n|move|p1a: Xerneas|Moonblast|p2a: Arceus\n|-damage|p2a: Arceus|0 fnt\n|faint|p2a: Arceus\n|\n|upkeep\n|\n|t:|1699109221\n|switch|p2a: Groudon|Groudon|100\/100\n|-damage|p2a: Groudon|88\/100|[from] Spikes\n|detailschange|p2a: Groudon|Groudon-Primal\n|-primal|p2a: Groudon|Red Orb\n|-weather|DesolateLand|[from] ability: Desolate Land|[of] p2a: Groudon\n|turn|14\n|\n|t:|1699109231\n|-terastallize|p1a: Xerneas|Fairy\n|move|p1a: Xerneas|Moonblast|p2a: Groudon\n|-resisted|p2a: Groudon\n|-damage|p2a: Groudon|18\/100\n|move|p2a: Groudon|Precipice Blades|p1a: Xerneas\n|-damage|p1a: Xerneas|5\/100\n|\n|-weather|DesolateLand|[upkeep]\n|upkeep\n|turn|15\n|\n|t:|1699109241\n|move|p1a: Xerneas|Moonblast|p2a: Groudon\n|-resisted|p2a: Groudon\n|-damage|p2a: Groudon|0 fnt\n|faint|p2a: Groudon\n|-weather|none\n|\n|upkeep\n|\n|t:|1699109242\n|switch|p2a: Ho-Oh|Ho-Oh|100\/100\n|turn|16\n|\n|t:|1699109250\n|move|p1a: Xerneas|Thunder|p2a: Ho-Oh|[miss]\n|-miss|p1a: Xerneas|p2a: Ho-Oh\n|move|p2a: Ho-Oh|Sacred Fire|p1a: Xerneas|[miss]\n|-miss|p2a: Ho-Oh|p1a: Xerneas\n|\n|upkeep\n|turn|17\n|\n|t:|1699109259\n|move|p1a: Xerneas|Moonblast|p2a: Ho-Oh\n|-resisted|p2a: Ho-Oh\n|-damage|p2a: Ho-Oh|51\/100\n|move|p2a: Ho-Oh|Sacred Fire|p1a: Xerneas|[miss]\n|-miss|p2a: Ho-Oh|p1a: Xerneas\n|\n|upkeep\n|turn|18\n|\n|t:|1699109268\n|-terastallize|p2a: Ho-Oh|Fire\n|move|p1a: Xerneas|Thunder|p2a: Ho-Oh\n|-damage|p2a: Ho-Oh|4\/100\n|move|p2a: Ho-Oh|Sacred Fire|p1a: Xerneas|[miss]\n|-miss|p2a: Ho-Oh|p1a: Xerneas\n|\n|upkeep\n|turn|19\n|\n|t:|1699109277\n|move|p1a: Xerneas|Moonblast|p2a: Ho-Oh\n|-resisted|p2a: Ho-Oh\n|-crit|p2a: Ho-Oh\n|-damage|p2a: Ho-Oh|0 fnt\n|faint|p2a: Ho-Oh\n|\n|upkeep\n|\n|t:|1699109279\n|switch|p2a: Xerneas|Xerneas|100\/100\n|-damage|p2a: Xerneas|88\/100|[from] Spikes\n|-ability|p2a: Xerneas|Fairy Aura\n|turn|20\n|\n|t:|1699109288\n|move|p1a: Xerneas|Moonblast|p2a: Xerneas\n|-damage|p2a: Xerneas|0 fnt\n|faint|p2a: Xerneas\n|\n|win|85792195wwww\n|raw|85792195wwww's rating: 1852 &rarr; <strong>1866<\/strong><br \/>(+14 for winning)\n|raw|nfyhsueryfgius's rating: 1743 &rarr; <strong>1729<\/strong><br \/>(-14 for losing)\n|c|\u2606nfyhsueryfgius|gg\n|l|\u2606nfyhsueryfgius\n","uploadtime":1699109295,"views":8,"p1id":"85792195wwww","p2id":"nfyhsueryfgius","formatid":"gen9nationaldexubers","rating":1729,"private":0,"password":""}