{"id":"gen9nationaldexubers-1983038591","p1":"simpternational","p2":"SweetTriste","format":"[Gen 9] National Dex Ubers","log":"|j|\u2606simpternational\n|j|\u2606SweetTriste\n|t:|1699073691\n|gametype|singles\n|player|p1|simpternational|sabrina|1290\n|player|p2|SweetTriste|bruno|1235\n|teamsize|p1|6\n|teamsize|p2|6\n|gen|9\n|tier|[Gen 9] National Dex Ubers\n|rated|\n|rule|HP Percentage Mod: HP is shown in percentages\n|rule|Endless Battle Clause: Forcing endless battles is banned\n|rule|OHKO Clause: OHKO moves are banned\n|rule|Evasion Moves Clause: Evasion moves are banned\n|rule|Evasion Items Clause: Evasion items are banned\n|rule|Species Clause: Limit one of each Pok\u00e9mon\n|rule|Sleep Clause Mod: Limit one foe put to sleep\n|rule|Mega Rayquaza Clause: You cannot mega evolve Rayquaza\n|clearpoke\n|poke|p1|Munkidori, M|\n|poke|p1|Tapu Lele|\n|poke|p1|Medicham, F|\n|poke|p1|Necrozma-Dusk-Mane|\n|poke|p1|Wobbuffet, M|\n|poke|p1|Oricorio-Pa'u, F|\n|poke|p2|Orthworm, M|\n|poke|p2|Urshifu-*, F|\n|poke|p2|Hawlucha, F|\n|poke|p2|Zacian-*|\n|poke|p2|Kommo-o, F|\n|poke|p2|Cyclizar, M|\n|teampreview\n|inactive|Battle timer is ON: inactive players will automatically lose when time's up. (requested by simpternational)\n|inactive|SweetTriste also wants the timer to be on.\n|\n|t:|1699073703\n|start\n|switch|p1a: Oricorio|Oricorio-Pa'u, F, shiny|100\/100\n|switch|p2a: Orthworm|Orthworm, M|100\/100\n|turn|1\n|\n|t:|1699073708\n|move|p1a: Oricorio|Quiver Dance|p1a: Oricorio\n|-boost|p1a: Oricorio|spa|1\n|-boost|p1a: Oricorio|spd|1\n|-boost|p1a: Oricorio|spe|1\n|move|p2a: Orthworm|Shed Tail|p2a: Orthworm\n|-start|p2a: Orthworm|Substitute|[from] move: Shed Tail\n|-damage|p2a: Orthworm|50\/100\n|-enditem|p2a: Orthworm|Sitrus Berry|[eat]\n|-heal|p2a: Orthworm|75\/100|[from] item: Sitrus Berry\n|\n|t:|1699073716\n|switch|p2a: Urshifu|Urshifu, F|100\/100|[from] Shed Tail\n|\n|upkeep\n|turn|2\n|\n|t:|1699073723\n|move|p1a: Oricorio|Air Slash|p2a: Urshifu\n|-supereffective|p2a: Urshifu\n|-end|p2a: Urshifu|Substitute\n|move|p2a: Urshifu|Wicked Blow|p1a: Oricorio\n|-supereffective|p1a: Oricorio\n|-crit|p1a: Oricorio\n|-damage|p1a: Oricorio|0 fnt\n|faint|p1a: Oricorio\n|-damage|p2a: Urshifu|91\/100|[from] item: Life Orb\n|\n|upkeep\n|\n|t:|1699073729\n|switch|p1a: Tapu Lele|Tapu Lele, shiny|100\/100\n|-fieldstart|move: Psychic Terrain|[from] ability: Psychic Surge|[of] p1a: Tapu Lele\n|turn|3\n|\n|t:|1699073733\n|switch|p2a: Orthworm|Orthworm, M|75\/100\n|move|p1a: Tapu Lele|Moonblast|p2a: Orthworm\n|-resisted|p2a: Orthworm\n|-damage|p2a: Orthworm|36\/100\n|\n|upkeep\n|turn|4\n|\n|t:|1699073738\n|move|p1a: Tapu Lele|Moonblast|p2a: Orthworm\n|-resisted|p2a: Orthworm\n|-damage|p2a: Orthworm|0 fnt\n|faint|p2a: Orthworm\n|\n|upkeep\n|\n|t:|1699073741\n|switch|p2a: Zacian|Zacian-Crowned, shiny|100\/100\n|-ability|p2a: Zacian|Intrepid Sword|boost\n|-boost|p2a: Zacian|atk|1\n|turn|5\n|\n|t:|1699073748\n|switch|p1a: Munkidori|Munkidori, M|100\/100\n|move|p2a: Zacian|Behemoth Blade|p1a: Munkidori\n|-damage|p1a: Munkidori|0 fnt\n|faint|p1a: Munkidori\n|\n|upkeep\n|\n|t:|1699073752\n|switch|p1a: Wobbuffet|Wobbuffet, M, shiny|100\/100\n|turn|6\n|\n|t:|1699073757\n|move|p2a: Zacian|Swords Dance|p2a: Zacian\n|-boost|p2a: Zacian|atk|2\n|move|p1a: Wobbuffet|Counter||[still]\n|-fail|p1a: Wobbuffet\n|\n|upkeep\n|turn|7\n|\n|t:|1699073761\n|move|p2a: Zacian|Swords Dance|p2a: Zacian\n|-boost|p2a: Zacian|atk|2\n|move|p1a: Wobbuffet|Counter||[still]\n|-fail|p1a: Wobbuffet\n|\n|-fieldend|move: Psychic Terrain\n|upkeep\n|turn|8\n|\n|t:|1699073765\n|move|p2a: Zacian|Swords Dance|p2a: Zacian\n|-boost|p2a: Zacian|atk|1\n|move|p1a: Wobbuffet|Counter||[still]\n|-fail|p1a: Wobbuffet\n|\n|upkeep\n|turn|9\n|\n|t:|1699073770\n|move|p2a: Zacian|Behemoth Blade|p1a: Wobbuffet\n|-enditem|p1a: Wobbuffet|Focus Sash\n|-damage|p1a: Wobbuffet|1\/100\n|move|p1a: Wobbuffet|Counter|p2a: Zacian\n|-damage|p2a: Zacian|0 fnt\n|faint|p2a: Zacian\n|\n|upkeep\n|\n|t:|1699073775\n|switch|p2a: Urshifu|Urshifu, F|91\/100\n|turn|10\n|\n|t:|1699073779\n|move|p2a: Urshifu|Wicked Blow|p1a: Wobbuffet\n|-supereffective|p1a: Wobbuffet\n|-crit|p1a: Wobbuffet\n|-damage|p1a: Wobbuffet|0 fnt\n|faint|p1a: Wobbuffet\n|-damage|p2a: Urshifu|81\/100|[from] item: Life Orb\n|\n|upkeep\n|\n|t:|1699073784\n|switch|p1a: Tapu Lele|Tapu Lele, shiny|100\/100\n|-fieldstart|move: Psychic Terrain|[from] ability: Psychic Surge|[of] p1a: Tapu Lele\n|turn|11\n|\n|t:|1699073787\n|-terastallize|p2a: Urshifu|Steel\n|move|p1a: Tapu Lele|Moonblast|p2a: Urshifu\n|-resisted|p2a: Urshifu\n|-damage|p2a: Urshifu|46\/100\n|-unboost|p2a: Urshifu|spa|1\n|move|p2a: Urshifu|Iron Head|p1a: Tapu Lele\n|-supereffective|p1a: Tapu Lele\n|-damage|p1a: Tapu Lele|0 fnt\n|faint|p1a: Tapu Lele\n|-damage|p2a: Urshifu|36\/100|[from] item: Life Orb\n|\n|upkeep\n|\n|t:|1699073795\n|switch|p1a: Medicham|Medicham, F, shiny|100\/100\n|turn|12\n|\n|t:|1699073799\n|detailschange|p1a: Medicham|Medicham-Mega, F, shiny\n|-mega|p1a: Medicham|Medicham|Medichamite\n|move|p1a: Medicham|Close Combat|p2a: Urshifu\n|-supereffective|p2a: Urshifu\n|-damage|p2a: Urshifu|0 fnt\n|-unboost|p1a: Medicham|def|1\n|-unboost|p1a: Medicham|spd|1\n|faint|p2a: Urshifu\n|\n|upkeep\n|\n|t:|1699073804\n|switch|p2a: Cyclizar|Cyclizar, M|100\/100\n|turn|13\n|\n|t:|1699073808\n|move|p2a: Cyclizar|Shed Tail|p2a: Cyclizar\n|-start|p2a: Cyclizar|Substitute|[from] move: Shed Tail\n|-damage|p2a: Cyclizar|50\/100\n|-enditem|p2a: Cyclizar|Sitrus Berry|[eat]\n|-heal|p2a: Cyclizar|75\/100|[from] item: Sitrus Berry\n|\n|t:|1699073813\n|switch|p2a: Hawlucha|Hawlucha, F, shiny|100\/100|[from] Shed Tail\n|move|p1a: Medicham|Close Combat|p2a: Hawlucha\n|-resisted|p2a: Hawlucha\n|-end|p2a: Hawlucha|Substitute\n|-unboost|p1a: Medicham|def|1\n|-unboost|p1a: Medicham|spd|1\n|\n|upkeep\n|turn|14\n|\n|t:|1699073821\n|move|p2a: Hawlucha|Swords Dance|p2a: Hawlucha\n|-boost|p2a: Hawlucha|atk|2\n|move|p1a: Medicham|Zen Headbutt|p2a: Hawlucha\n|-supereffective|p2a: Hawlucha\n|-damage|p2a: Hawlucha|0 fnt\n|faint|p2a: Hawlucha\n|\n|upkeep\n|c|\u2606SweetTriste|misslcicked\n|c|\u2606simpternational|oof\n|\n|t:|1699073831\n|switch|p2a: Cyclizar|Cyclizar, M|100\/100\n|turn|15\n|c|\u2606SweetTriste|supposed to acrobatics\n|\n|t:|1699073845\n|move|p2a: Cyclizar|Acrobatics|p1a: Medicham\n|-supereffective|p1a: Medicham\n|-damage|p1a: Medicham|0 fnt\n|faint|p1a: Medicham\n|\n|-fieldend|move: Psychic Terrain\n|upkeep\n|\n|t:|1699073849\n|switch|p1a: Necrozma|Necrozma-Dusk-Mane, shiny|100\/100\n|turn|16\n|c|\u2606SweetTriste|worked\n|\n|t:|1699073854\n|move|p2a: Cyclizar|Shed Tail|p2a: Cyclizar\n|-start|p2a: Cyclizar|Substitute|[from] move: Shed Tail\n|-damage|p2a: Cyclizar|50\/100\n|\n|t:|1699073857\n|switch|p2a: Kommo-o|Kommo-o, F, shiny|100\/100|[from] Shed Tail\n|move|p1a: Necrozma|Dragon Dance|p1a: Necrozma\n|-boost|p1a: Necrozma|atk|1\n|-boost|p1a: Necrozma|spe|1\n|\n|upkeep\n|turn|17\n|\n|t:|1699073865\n|move|p1a: Necrozma|Photon Geyser|p2a: Kommo-o\n|-supereffective|p2a: Kommo-o\n|-end|p2a: Kommo-o|Substitute\n|move|p2a: Kommo-o|Clangorous Soul|p2a: Kommo-o\n|-boost|p2a: Kommo-o|atk|1\n|-boost|p2a: Kommo-o|def|1\n|-boost|p2a: Kommo-o|spa|1\n|-boost|p2a: Kommo-o|spd|1\n|-boost|p2a: Kommo-o|spe|1\n|-damage|p2a: Kommo-o|68\/100\n|\n|upkeep\n|turn|18\n|\n|t:|1699073876\n|detailschange|p1a: Necrozma|Necrozma-Ultra, shiny\n|-burst|p1a: Necrozma|Necrozma|Ultranecrozium Z\n|move|p1a: Necrozma|Photon Geyser|p2a: Kommo-o\n|-supereffective|p2a: Kommo-o\n|-damage|p2a: Kommo-o|0 fnt\n|faint|p2a: Kommo-o\n|\n|upkeep\n|\n|t:|1699073884\n|switch|p2a: Cyclizar|Cyclizar, M|83\/100\n|turn|19\n|\n|t:|1699073888\n|-zpower|p1a: Necrozma\n|move|p1a: Necrozma|Light That Burns the Sky|p2a: Cyclizar|[zeffect]\n|-damage|p2a: Cyclizar|0 fnt\n|faint|p2a: Cyclizar\n|\n|win|simpternational\n|raw|simpternational's rating: 1290 &rarr; <strong>1311<\/strong><br \/>(+21 for winning)\n|raw|SweetTriste's rating: 1235 &rarr; <strong>1214<\/strong><br \/>(-21 for losing)\n","uploadtime":1699073894,"views":10,"p1id":"simpternational","p2id":"sweettriste","formatid":"gen9nationaldexubers","rating":1214,"private":0,"password":""}