{"id":"gen9nationaldexubers-1983911925","p1":"Siege Team","p2":"Soyeon is a cutie","format":"[Gen 9] National Dex Ubers","log":"|j|\u203dSiege Team\n|j|\u2606Soyeon is a cutie\n|t:|1699199142\n|gametype|singles\n|player|p1|Siege Team|veteran|1559\n|player|p2|Soyeon is a cutie|idol|1764\n|teamsize|p1|6\n|teamsize|p2|6\n|gen|9\n|tier|[Gen 9] National Dex Ubers\n|rated|\n|rule|HP Percentage Mod: HP is shown in percentages\n|rule|Endless Battle Clause: Forcing endless battles is banned\n|rule|OHKO Clause: OHKO moves are banned\n|rule|Evasion Moves Clause: Evasion moves are banned\n|rule|Evasion Items Clause: Evasion items are banned\n|rule|Species Clause: Limit one of each Pok\u00e9mon\n|rule|Sleep Clause Mod: Limit one foe put to sleep\n|rule|Mega Rayquaza Clause: You cannot mega evolve Rayquaza\n|clearpoke\n|poke|p1|Necrozma-Dusk-Mane|\n|poke|p1|Tyranitar, M|\n|poke|p1|Annihilape, M|\n|poke|p1|Yveltal|\n|poke|p1|Rayquaza|\n|poke|p1|Arceus-Rock|\n|poke|p2|Zygarde|\n|poke|p2|Magearna|\n|poke|p2|Ditto|\n|poke|p2|Rayquaza|\n|poke|p2|Arceus-Water|\n|poke|p2|Necrozma-Dusk-Mane|\n|teampreview\n|inactive|Battle timer is ON: inactive players will automatically lose when time's up. (requested by Soyeon is a cutie)\n|\n|t:|1699199162\n|start\n|switch|p1a: Annihilape|Annihilape, M|100\/100\n|switch|p2a: Necrozma|Necrozma-Dusk-Mane|100\/100\n|turn|1\n|\n|t:|1699199168\n|switch|p2a: Ditto|Ditto, shiny|100\/100\n|-transform|p2a: Ditto|p1a: Annihilape|[from] ability: Imposter\n|move|p1a: Annihilape|Final Gambit|p2a: Ditto\n|-immune|p2a: Ditto\n|\n|upkeep\n|turn|2\n|\n|t:|1699199181\n|switch|p1a: Necrozma|Necrozma-Dusk-Mane|100\/100\n|move|p2a: Ditto|U-turn|p1a: Necrozma\n|-damage|p1a: Necrozma|89\/100\n|\n|t:|1699199188\n|switch|p2a: Necrozma|Necrozma-Dusk-Mane|100\/100|[from] U-turn\n|\n|upkeep\n|turn|3\n|\n|t:|1699199193\n|move|p2a: Necrozma|Stealth Rock|p1a: Necrozma\n|-sidestart|p1: Siege Team|move: Stealth Rock\n|move|p1a: Necrozma|Earthquake|p2a: Necrozma\n|-supereffective|p2a: Necrozma\n|-damage|p2a: Necrozma|47\/100\n|\n|upkeep\n|turn|4\n|\n|t:|1699199199\n|detailschange|p2a: Necrozma|Necrozma-Ultra\n|-burst|p2a: Necrozma|Necrozma|Ultranecrozium Z\n|move|p2a: Necrozma|Earth Power|p1a: Necrozma\n|-supereffective|p1a: Necrozma\n|-damage|p1a: Necrozma|29\/100\n|-enditem|p1a: Necrozma|Weakness Policy\n|-boost|p1a: Necrozma|atk|2|[from] item: Weakness Policy\n|-boost|p1a: Necrozma|spa|2|[from] item: Weakness Policy\n|move|p1a: Necrozma|Trick Room|p1a: Necrozma\n|-fieldstart|move: Trick Room|[of] p1a: Necrozma\n|\n|upkeep\n|turn|5\n|\n|t:|1699199210\n|switch|p2a: Arceus|Arceus-Water|100\/100\n|move|p1a: Necrozma|Earthquake|p2a: Arceus\n|-crit|p2a: Arceus\n|-damage|p2a: Arceus|17\/100\n|\n|upkeep\n|turn|6\n|\n|t:|1699199219\n|switch|p2a: Necrozma|Necrozma-Ultra|47\/100\n|move|p1a: Necrozma|Psychic Fangs|p2a: Necrozma\n|-resisted|p2a: Necrozma\n|-damage|p2a: Necrozma|0 fnt\n|faint|p2a: Necrozma\n|\n|upkeep\n|\n|t:|1699199226\n|switch|p2a: Magearna|Magearna|100\/100\n|turn|7\n|\n|t:|1699199238\n|switch|p2a: Rayquaza|Rayquaza|100\/100\n|-ability|p2a: Rayquaza|Air Lock\n|move|p1a: Necrozma|Sunsteel Strike|p2a: Rayquaza\n|-enditem|p2a: Rayquaza|Focus Sash\n|-damage|p2a: Rayquaza|1\/100\n|\n|upkeep\n|turn|8\n|\n|t:|1699199248\n|move|p2a: Rayquaza|Extreme Speed|p1a: Necrozma\n|-resisted|p1a: Necrozma\n|-damage|p1a: Necrozma|19\/100\n|move|p1a: Necrozma|Sunsteel Strike|p2a: Rayquaza\n|-damage|p2a: Rayquaza|0 fnt\n|faint|p2a: Rayquaza\n|\n|-fieldend|move: Trick Room\n|upkeep\n|\n|t:|1699199250\n|switch|p2a: Ditto|Ditto, shiny|100\/100\n|-transform|p2a: Ditto|p1a: Necrozma|[from] ability: Imposter\n|turn|9\n|\n|t:|1699199263\n|move|p2a: Ditto|Sunsteel Strike|p1a: Necrozma\n|-resisted|p1a: Necrozma\n|-damage|p1a: Necrozma|0 fnt\n|faint|p1a: Necrozma\n|\n|upkeep\n|\n|t:|1699199270\n|switch|p1a: Yveltal|Yveltal, shiny|100\/100\n|-damage|p1a: Yveltal|76\/100|[from] Stealth Rock\n|-ability|p1a: Yveltal|Dark Aura\n|turn|10\n|\n|t:|1699199275\n|switch|p2a: Magearna|Magearna|100\/100\n|move|p1a: Yveltal|Foul Play|p2a: Magearna\n|-resisted|p2a: Magearna\n|-damage|p2a: Magearna|86\/100\n|\n|upkeep\n|turn|11\n|\n|t:|1699199283\n|switch|p1a: Arceus|Arceus-Rock|100\/100\n|-damage|p1a: Arceus|88\/100|[from] Stealth Rock\n|move|p2a: Magearna|Fleur Cannon|p1a: Arceus\n|-damage|p1a: Arceus|47\/100\n|-unboost|p2a: Magearna|spa|2\n|\n|upkeep\n|turn|12\n|\n|t:|1699199299\n|switch|p2a: Arceus|Arceus-Water|17\/100\n|move|p1a: Arceus|Earth Power|p2a: Arceus\n|-damage|p2a: Arceus|0 fnt\n|faint|p2a: Arceus\n|\n|upkeep\n|\n|t:|1699199303\n|switch|p2a: Zygarde|Zygarde, shiny|100\/100\n|turn|13\n|\n|t:|1699199309\n|move|p1a: Arceus|Ice Beam|p2a: Zygarde\n|-supereffective|p2a: Zygarde\n|-damage|p2a: Zygarde|0 fnt\n|faint|p2a: Zygarde\n|\n|upkeep\n|\n|t:|1699199315\n|switch|p2a: Magearna|Magearna|86\/100\n|turn|14\n|\n|t:|1699199319\n|move|p1a: Arceus|Defog|p2a: Magearna\n|-unboost|p2a: Magearna|evasion|1\n|-sideend|p1: Siege Team|Stealth Rock|[from] move: Defog|[of] p1a: Arceus\n|move|p2a: Magearna|Fleur Cannon|p1a: Arceus\n|-damage|p1a: Arceus|7\/100\n|-unboost|p2a: Magearna|spa|2\n|\n|upkeep\n|turn|15\n|\n|t:|1699199327\n|move|p1a: Arceus|Earth Power|p2a: Magearna\n|-supereffective|p2a: Magearna\n|-damage|p2a: Magearna|52\/100\n|move|p2a: Magearna|Heart Swap|p1a: Arceus\n|-swapboost|p2a: Magearna|p1a: Arceus|[from] move: Heart Swap\n|\n|upkeep\n|turn|16\n|\n|t:|1699199335\n|move|p1a: Arceus|Earth Power|p2a: Magearna\n|-supereffective|p2a: Magearna\n|-damage|p2a: Magearna|32\/100\n|-unboost|p2a: Magearna|spd|1\n|move|p2a: Magearna|Fleur Cannon|p1a: Arceus\n|-damage|p1a: Arceus|0 fnt\n|-unboost|p2a: Magearna|spa|2\n|faint|p1a: Arceus\n|-ability|p2a: Magearna|Soul-Heart|boost\n|-boost|p2a: Magearna|spa|1\n|\n|upkeep\n|\n|t:|1699199353\n|switch|p1a: Rayquaza|Rayquaza|100\/100\n|-ability|p1a: Rayquaza|Air Lock\n|turn|17\n|\n|t:|1699199360\n|move|p1a: Rayquaza|V-create|p2a: Magearna\n|-supereffective|p2a: Magearna\n|-damage|p2a: Magearna|0 fnt\n|-unboost|p1a: Rayquaza|spe|1\n|-unboost|p1a: Rayquaza|def|1\n|-unboost|p1a: Rayquaza|spd|1\n|faint|p2a: Magearna\n|\n|upkeep\n|\n|t:|1699199362\n|switch|p2a: Ditto|Ditto, shiny|100\/100\n|-transform|p2a: Ditto|p1a: Rayquaza|[from] ability: Imposter\n|turn|18\n|-message|Soyeon is a cutie forfeited.\n|\n|win|Siege Team\n|raw|Siege Team's rating: 1559 &rarr; <strong>1590<\/strong><br \/>(+31 for winning)\n|raw|Soyeon is a cutie's rating: 1764 &rarr; <strong>1733<\/strong><br \/>(-31 for losing)\n|l|\u2606Soyeon is a cutie\n|l|\u203dSiege Team\n","uploadtime":1699199473,"views":3,"p1id":"siegeteam","p2id":"soyeonisacutie","formatid":"gen9nationaldexubers","rating":1590,"private":0,"password":""}