{"id":"gen9nationaldexubers-1984187537","p1":"aguinaldo124","p2":"Mewzp","format":"[Gen 9] National Dex Ubers","log":"|j|\u2606aguinaldo124\n|j|\u2606Mewzp\n|t:|1699228000\n|gametype|singles\n|player|p1|aguinaldo124|bruno|1208\n|player|p2|Mewzp|riley|1217\n|teamsize|p1|6\n|teamsize|p2|6\n|gen|9\n|tier|[Gen 9] National Dex Ubers\n|rated|\n|rule|HP Percentage Mod: HP is shown in percentages\n|rule|Endless Battle Clause: Forcing endless battles is banned\n|rule|OHKO Clause: OHKO moves are banned\n|rule|Evasion Moves Clause: Evasion moves are banned\n|rule|Evasion Items Clause: Evasion items are banned\n|rule|Species Clause: Limit one of each Pok\u00e9mon\n|rule|Sleep Clause Mod: Limit one foe put to sleep\n|rule|Mega Rayquaza Clause: You cannot mega evolve Rayquaza\n|clearpoke\n|poke|p1|Malamar, F|\n|poke|p1|Pachirisu, F|\n|poke|p1|Miltank, F|\n|poke|p1|Rotom-Wash|\n|poke|p1|Ninetales-Alola, F|\n|poke|p1|Meowscarada, F|\n|poke|p2|Eiscue, M|\n|poke|p2|Dragapult, M|\n|poke|p2|Zacian-*|\n|poke|p2|Cinderace, M|\n|poke|p2|Marshadow|\n|poke|p2|Mimikyu, M|\n|teampreview\n|inactive|Battle timer is ON: inactive players will automatically lose when time's up. (requested by Mewzp)\n|\n|t:|1699228009\n|start\n|switch|p1a: Smash|Ninetales-Alola, F|100\/100\n|switch|p2a: Cinderace|Cinderace, M, shiny|100\/100\n|-weather|Snow|[from] ability: Snow Warning|[of] p1a: Smash\n|turn|1\n|\n|t:|1699228018\n|move|p2a: Cinderace|Pyro Ball|p1a: Smash\n|-supereffective|p1a: Smash\n|-damage|p1a: Smash|0 fnt\n|faint|p1a: Smash\n|\n|-weather|Snow|[upkeep]\n|upkeep\n|\n|t:|1699228027\n|switch|p1a: Mal mamado|Malamar, F|100\/100\n|turn|2\n|\n|t:|1699228032\n|move|p2a: Cinderace|Sucker Punch|p1a: Mal mamado\n|-start|p2a: Cinderace|typechange|Dark|[from] ability: Libero\n|-damage|p1a: Mal mamado|70\/100\n|move|p1a: Mal mamado|Superpower|p2a: Cinderace\n|-supereffective|p2a: Cinderace\n|-damage|p2a: Cinderace|3\/100\n|-boost|p1a: Mal mamado|atk|1\n|-boost|p1a: Mal mamado|def|1\n|-enditem|p2a: Cinderace|Red Card|[of] p1a: Mal mamado\n|drag|p1a: Smashh|Meowscarada, F|100\/100\n|\n|-weather|Snow|[upkeep]\n|upkeep\n|turn|3\n|n|!aguinaldo124|aguinaldo124\n|\n|t:|1699228051\n|move|p1a: Smashh|U-turn|p2a: Cinderace\n|-start|p1a: Smashh|typechange|Bug|[from] ability: Protean\n|-supereffective|p2a: Cinderace\n|-damage|p2a: Cinderace|0 fnt\n|faint|p2a: Cinderace\n|\n|t:|1699228059\n|switch|p1a: Picachu-alola|Pachirisu, F|100\/100|[from] U-turn\n|\n|-weather|Snow|[upkeep]\n|upkeep\n|\n|t:|1699228070\n|switch|p2a: Mimikyu|Mimikyu, M, shiny|100\/100\n|turn|4\n|\n|t:|1699228075\n|move|p1a: Picachu-alola|Nuzzle|p2a: Mimikyu\n|-activate|p2a: Mimikyu|ability: Disguise\n|-damage|p2a: Mimikyu|100\/100\n|-status|p2a: Mimikyu|par\n|detailschange|p2a: Mimikyu|Mimikyu-Busted, M, shiny\n|-damage|p2a: Mimikyu|88\/100 par|[from] pokemon: Mimikyu-Busted\n|move|p2a: Mimikyu|Swords Dance|p2a: Mimikyu\n|-boost|p2a: Mimikyu|atk|2\n|\n|-weather|Snow|[upkeep]\n|upkeep\n|turn|5\n|\n|t:|1699228089\n|move|p2a: Mimikyu|Shadow Sneak|p1a: Picachu-alola\n|-crit|p1a: Picachu-alola\n|-damage|p1a: Picachu-alola|50\/100\n|move|p1a: Picachu-alola|U-turn|p2a: Mimikyu\n|-resisted|p2a: Mimikyu\n|-damage|p2a: Mimikyu|86\/100 par\n|\n|t:|1699228097\n|switch|p1a: Chansey-galar|Miltank, F|100\/100|[from] U-turn\n|\n|-weather|none\n|upkeep\n|turn|6\n|\n|t:|1699228112\n|switch|p1a: Washing machine|Rotom-Wash|100\/100\n|-zpower|p2a: Mimikyu\n|move|p2a: Mimikyu|Let's Snuggle Forever|p1a: Washing machine|[zeffect]\n|-damage|p1a: Washing machine|0 fnt\n|faint|p1a: Washing machine\n|\n|upkeep\n|\n|t:|1699228129\n|switch|p1a: Smashh|Meowscarada, F|100\/100\n|turn|7\n|\n|t:|1699228135\n|move|p1a: Smashh|Flower Trick|p2a: Mimikyu\n|-start|p1a: Smashh|typechange|Grass|[from] ability: Protean\n|-crit|p2a: Mimikyu\n|-damage|p2a: Mimikyu|0 fnt\n|faint|p2a: Mimikyu\n|\n|upkeep\n|\n|t:|1699228145\n|switch|p2a: Dragapult|Dragapult, M, shiny|100\/100\n|turn|8\n|\n|t:|1699228150\n|switch|p1a: Picachu-alola|Pachirisu, F|50\/100\n|-terastallize|p2a: Dragapult|Poison\n|move|p2a: Dragapult|Flamethrower|p1a: Picachu-alola\n|-damage|p1a: Picachu-alola|21\/100\n|\n|-heal|p1a: Picachu-alola|27\/100|[from] item: Leftovers\n|upkeep\n|turn|9\n|\n|t:|1699228162\n|move|p2a: Dragapult|Dragon Darts|p1a: Picachu-alola\n|-damage|p1a: Picachu-alola|0 fnt\n|faint|p1a: Picachu-alola\n|\n|upkeep\n|\n|t:|1699228168\n|switch|p1a: Chansey-galar|Miltank, F|100\/100\n|turn|10\n|\n|t:|1699228172\n|move|p2a: Dragapult|Dragon Darts|p1a: Chansey-galar\n|-crit|p1a: Chansey-galar\n|-damage|p1a: Chansey-galar|82\/100\n|-anim|p2a: Dragapult|Dragon Darts|p1a: Chansey-galar\n|-damage|p1a: Chansey-galar|70\/100\n|move|p1a: Chansey-galar|Seismic Toss|p2a: Dragapult\n|-damage|p2a: Dragapult|69\/100\n|\n|-heal|p1a: Chansey-galar|76\/100|[from] item: Leftovers\n|upkeep\n|turn|11\n|\n|t:|1699228191\n|switch|p2a: Marshadow|Marshadow|100\/100\n|move|p1a: Chansey-galar|Milk Drink|p1a: Chansey-galar\n|-heal|p1a: Chansey-galar|100\/100\n|\n|upkeep\n|turn|12\n|\n|t:|1699228198\n|move|p2a: Marshadow|Close Combat|p1a: Chansey-galar\n|-supereffective|p1a: Chansey-galar\n|-damage|p1a: Chansey-galar|33\/100\n|-unboost|p2a: Marshadow|def|1\n|-unboost|p2a: Marshadow|spd|1\n|move|p1a: Chansey-galar|Toxic|p2a: Marshadow|[miss]\n|-miss|p1a: Chansey-galar|p2a: Marshadow\n|\n|-heal|p1a: Chansey-galar|39\/100|[from] item: Leftovers\n|upkeep\n|turn|13\n|-message|aguinaldo124 forfeited.\n|\n|win|Mewzp\n|raw|aguinaldo124's rating: 1208 &rarr; <strong>1184<\/strong><br \/>(-24 for losing)\n|raw|Mewzp's rating: 1217 &rarr; <strong>1241<\/strong><br \/>(+24 for winning)\n|l|!aguinaldo124\n","uploadtime":1699228048,"views":3,"p1id":"aguinaldo124","p2id":"mewzp","formatid":"gen9nationaldexubers","rating":1184,"private":0,"password":""}