{"id":"gen9nationaldexubers-1982709574","p1":"Deletta","p2":"TheKeaToSuccess","format":"[Gen 9] National Dex Ubers","log":"|j|\u2606Deletta\n|j|\u2606TheKeaToSuccess\n|t:|1699037732\n|gametype|singles\n|player|p1|Deletta|fisherman-gen4|1344\n|player|p2|TheKeaToSuccess|169|1212\n|teamsize|p1|6\n|teamsize|p2|6\n|gen|9\n|tier|[Gen 9] National Dex Ubers\n|rated|\n|rule|HP Percentage Mod: HP is shown in percentages\n|rule|Endless Battle Clause: Forcing endless battles is banned\n|rule|OHKO Clause: OHKO moves are banned\n|rule|Evasion Moves Clause: Evasion moves are banned\n|rule|Evasion Items Clause: Evasion items are banned\n|rule|Species Clause: Limit one of each Pok\u00e9mon\n|rule|Sleep Clause Mod: Limit one foe put to sleep\n|rule|Mega Rayquaza Clause: You cannot mega evolve Rayquaza\n|clearpoke\n|poke|p1|Mewtwo|\n|poke|p1|Excadrill, M|\n|poke|p1|Wo-Chien|\n|poke|p1|Baxcalibur, F|\n|poke|p1|Ninetales-Alola, F|\n|poke|p1|Zygarde|\n|poke|p2|Blissey, F|\n|poke|p2|Ribombee, M|\n|poke|p2|Cresselia, F|\n|poke|p2|Volcarona, F|\n|poke|p2|Primarina, M|\n|poke|p2|Pheromosa|\n|teampreview\n|\n|t:|1699037745\n|start\n|switch|p1a: Cachorro sa\u00e3o|Ninetales-Alola, F|100\/100\n|switch|p2a: Blissey|Blissey, F|100\/100\n|-weather|Snow|[from] ability: Snow Warning|[of] p1a: Cachorro sa\u00e3o\n|turn|1\n|\n|t:|1699037753\n|move|p1a: Cachorro sa\u00e3o|Aurora Veil|p1a: Cachorro sa\u00e3o\n|-sidestart|p1: Deletta|move: Aurora Veil\n|move|p2a: Blissey|Thunder Wave|p1a: Cachorro sa\u00e3o\n|-status|p1a: Cachorro sa\u00e3o|par\n|\n|-weather|Snow|[upkeep]\n|upkeep\n|turn|2\n|\n|t:|1699037760\n|cant|p1a: Cachorro sa\u00e3o|par\n|move|p2a: Blissey|Stealth Rock|p1a: Cachorro sa\u00e3o\n|-sidestart|p1: Deletta|move: Stealth Rock\n|\n|-weather|Snow|[upkeep]\n|upkeep\n|turn|3\n|\n|t:|1699037766\n|switch|p1a: Zycardo|Zygarde|100\/100\n|-damage|p1a: Zycardo|94\/100|[from] Stealth Rock\n|move|p2a: Blissey|Seismic Toss|p1a: Zycardo\n|-damage|p1a: Zycardo|70\/100\n|\n|-weather|Snow|[upkeep]\n|-heal|p1a: Zycardo|77\/100|[from] item: Leftovers\n|upkeep\n|turn|4\n|\n|t:|1699037779\n|switch|p2a: Cresselia|Cresselia, F|100\/100\n|move|p1a: Zycardo|Coil|p1a: Zycardo\n|-boost|p1a: Zycardo|atk|1\n|-boost|p1a: Zycardo|def|1\n|-boost|p1a: Zycardo|accuracy|1\n|\n|-weather|Snow|[upkeep]\n|-heal|p1a: Zycardo|83\/100|[from] item: Leftovers\n|upkeep\n|turn|5\n|\n|t:|1699037790\n|move|p1a: Zycardo|Coil|p1a: Zycardo\n|-boost|p1a: Zycardo|atk|1\n|-boost|p1a: Zycardo|def|1\n|-boost|p1a: Zycardo|accuracy|1\n|move|p2a: Cresselia|Moonblast|p1a: Zycardo\n|-supereffective|p1a: Zycardo\n|-damage|p1a: Zycardo|63\/100\n|\n|-weather|none\n|-heal|p1a: Zycardo|69\/100|[from] item: Leftovers\n|upkeep\n|turn|6\n|\n|t:|1699037806\n|move|p1a: Zycardo|Coil|p1a: Zycardo\n|-boost|p1a: Zycardo|atk|1\n|-boost|p1a: Zycardo|def|1\n|-boost|p1a: Zycardo|accuracy|1\n|move|p2a: Cresselia|Moonblast|p1a: Zycardo\n|-supereffective|p1a: Zycardo\n|-damage|p1a: Zycardo|49\/100\n|-unboost|p1a: Zycardo|spa|1\n|\n|-heal|p1a: Zycardo|55\/100|[from] item: Leftovers\n|upkeep\n|turn|7\n|\n|t:|1699037817\n|move|p1a: Zycardo|Coil|p1a: Zycardo\n|-boost|p1a: Zycardo|atk|1\n|-boost|p1a: Zycardo|def|1\n|-boost|p1a: Zycardo|accuracy|1\n|move|p2a: Cresselia|Moonblast|p1a: Zycardo\n|-supereffective|p1a: Zycardo\n|-damage|p1a: Zycardo|35\/100\n|-unboost|p1a: Zycardo|spa|1\n|\n|-heal|p1a: Zycardo|41\/100|[from] item: Leftovers\n|-activate|p1a: Zycardo|ability: Power Construct\n|detailschange|p1a: Zycardo|Zygarde-Complete\n|-heal|p1a: Zycardo|61\/100|[silent]\n|upkeep\n|turn|8\n|\n|t:|1699037831\n|move|p2a: Cresselia|Moonblast|p1a: Zycardo\n|-supereffective|p1a: Zycardo\n|-damage|p1a: Zycardo|48\/100\n|move|p1a: Zycardo|Thousand Arrows|p2a: Cresselia\n|-damage|p2a: Cresselia|16\/100\n|-start|p2a: Cresselia|Smack Down\n|\n|-heal|p1a: Zycardo|54\/100|[from] item: Leftovers\n|-sideend|p1: Deletta|move: Aurora Veil\n|upkeep\n|turn|9\n|\n|t:|1699037842\n|move|p1a: Zycardo|Thousand Arrows|p2a: Cresselia\n|-damage|p2a: Cresselia|0 fnt\n|faint|p2a: Cresselia\n|\n|-heal|p1a: Zycardo|60\/100|[from] item: Leftovers\n|upkeep\n|\n|t:|1699037858\n|switch|p2a: Ribombee|Ribombee, M|100\/100\n|turn|10\n|\n|t:|1699037871\n|-terastallize|p2a: Ribombee|Fairy\n|-terastallize|p1a: Zycardo|Ground\n|move|p2a: Ribombee|Moonblast|p1a: Zycardo\n|-damage|p1a: Zycardo|13\/100\n|move|p1a: Zycardo|Thousand Arrows|p2a: Ribombee\n|-damage|p2a: Ribombee|0 fnt\n|faint|p2a: Ribombee\n|\n|-heal|p1a: Zycardo|19\/100|[from] item: Leftovers\n|upkeep\n|\n|t:|1699037890\n|switch|p2a: Pheromosa|Pheromosa|100\/100\n|turn|11\n|\n|t:|1699037906\n|move|p2a: Pheromosa|Triple Axel|p1a: Zycardo\n|-supereffective|p1a: Zycardo\n|-damage|p1a: Zycardo|15\/100\n|-supereffective|p1a: Zycardo\n|-damage|p1a: Zycardo|8\/100\n|-supereffective|p1a: Zycardo\n|-damage|p1a: Zycardo|0 fnt\n|faint|p1a: Zycardo\n|-ability|p2a: Pheromosa|Beast Boost|boost\n|-boost|p2a: Pheromosa|atk|1\n|-hitcount|p1: Zycardo|3\n|-damage|p2a: Pheromosa|91\/100|[from] item: Life Orb\n|\n|upkeep\n|\n|t:|1699037917\n|switch|p1a: Cachorro sa\u00e3o|Ninetales-Alola, F|100\/100 par\n|-damage|p1a: Cachorro sa\u00e3o|76\/100 par|[from] Stealth Rock\n|-weather|Snow|[from] ability: Snow Warning|[of] p1a: Cachorro sa\u00e3o\n|turn|12\n|\n|t:|1699037923\n|move|p2a: Pheromosa|Poison Jab|p1a: Cachorro sa\u00e3o\n|-supereffective|p1a: Cachorro sa\u00e3o\n|-damage|p1a: Cachorro sa\u00e3o|0 fnt\n|faint|p1a: Cachorro sa\u00e3o\n|-ability|p2a: Pheromosa|Beast Boost|boost\n|-boost|p2a: Pheromosa|atk|1\n|-damage|p2a: Pheromosa|81\/100|[from] item: Life Orb\n|\n|-weather|Snow|[upkeep]\n|upkeep\n|\n|t:|1699037931\n|switch|p1a: CNPJoto|Mewtwo|100\/100\n|-damage|p1a: CNPJoto|88\/100|[from] Stealth Rock\n|-ability|p1a: CNPJoto|Pressure\n|turn|13\n|\n|t:|1699037943\n|detailschange|p1a: CNPJoto|Mewtwo-Mega-Y\n|-mega|p1a: CNPJoto|Mewtwo|Mewtwonite Y\n|move|p1a: CNPJoto|Psystrike|p2a: Pheromosa\n|-supereffective|p2a: Pheromosa\n|-damage|p2a: Pheromosa|0 fnt\n|faint|p2a: Pheromosa\n|\n|-weather|Snow|[upkeep]\n|upkeep\n|\n|t:|1699037956\n|switch|p2a: Blissey|Blissey, F|100\/100\n|turn|14\n|\n|t:|1699037961\n|move|p1a: CNPJoto|Focus Blast|p2a: Blissey\n|-supereffective|p2a: Blissey\n|-damage|p2a: Blissey|64\/100\n|-unboost|p2a: Blissey|spd|1\n|move|p2a: Blissey|Thunder Wave|p1a: CNPJoto\n|-status|p1a: CNPJoto|par\n|\n|-weather|Snow|[upkeep]\n|-heal|p2a: Blissey|70\/100|[from] item: Leftovers\n|upkeep\n|turn|15\n|\n|t:|1699037972\n|move|p1a: CNPJoto|Focus Blast|p2a: Blissey|[miss]\n|-miss|p1a: CNPJoto|p2a: Blissey\n|move|p2a: Blissey|Seismic Toss|p1a: CNPJoto\n|-damage|p1a: CNPJoto|60\/100 par\n|\n|-weather|Snow|[upkeep]\n|-heal|p2a: Blissey|76\/100|[from] item: Leftovers\n|upkeep\n|turn|16\n|\n|t:|1699037981\n|move|p1a: CNPJoto|Nasty Plot|p1a: CNPJoto\n|-boost|p1a: CNPJoto|spa|2\n|move|p2a: Blissey|Seismic Toss|p1a: CNPJoto\n|-damage|p1a: CNPJoto|31\/100 par\n|\n|-weather|none\n|-heal|p2a: Blissey|82\/100|[from] item: Leftovers\n|upkeep\n|turn|17\n|\n|t:|1699037990\n|move|p1a: CNPJoto|Focus Blast|p2a: Blissey|[miss]\n|-miss|p1a: CNPJoto|p2a: Blissey\n|move|p2a: Blissey|Seismic Toss|p1a: CNPJoto\n|-damage|p1a: CNPJoto|3\/100 par\n|\n|-heal|p2a: Blissey|89\/100|[from] item: Leftovers\n|upkeep\n|turn|18\n|\n|t:|1699037999\n|move|p1a: CNPJoto|Focus Blast|p2a: Blissey\n|-supereffective|p2a: Blissey\n|-damage|p2a: Blissey|0 fnt\n|faint|p2a: Blissey\n|\n|upkeep\n|\n|t:|1699038009\n|switch|p2a: Volcarona|Volcarona, F|100\/100\n|turn|19\n|\n|t:|1699038016\n|move|p2a: Volcarona|Fiery Dance|p1a: CNPJoto\n|-damage|p1a: CNPJoto|0 fnt\n|-boost|p2a: Volcarona|spa|1\n|faint|p1a: CNPJoto\n|\n|upkeep\n|\n|t:|1699038022\n|switch|p1a: Bagre|Baxcalibur, F|100\/100\n|-damage|p1a: Bagre|76\/100|[from] Stealth Rock\n|turn|20\n|\n|t:|1699038052\n|move|p1a: Bagre|Scale Shot|p2a: Volcarona\n|-damage|p2a: Volcarona|88\/100\n|-damage|p2a: Volcarona|75\/100\n|-damage|p2a: Volcarona|62\/100\n|-damage|p2a: Volcarona|49\/100\n|-damage|p2a: Volcarona|35\/100\n|-hitcount|p2a: Volcarona|5\n|-unboost|p1a: Bagre|def|1\n|-boost|p1a: Bagre|spe|1\n|move|p2a: Volcarona|Fiery Dance|p1a: Bagre\n|-damage|p1a: Bagre|16\/100\n|-boost|p2a: Volcarona|spa|1\n|-ability|p1a: Bagre|Thermal Exchange|boost\n|-boost|p1a: Bagre|atk|1\n|\n|upkeep\n|turn|21\n|\n|t:|1699038071\n|switch|p2a: Primarina|Primarina, M|100\/100\n|move|p1a: Bagre|Scale Shot|p2a: Primarina\n|-immune|p2a: Primarina\n|\n|upkeep\n|turn|22\n|\n|t:|1699038080\n|move|p1a: Bagre|Icicle Spear|p2a: Primarina\n|-resisted|p2a: Primarina\n|-damage|p2a: Primarina|86\/100\n|-resisted|p2a: Primarina\n|-damage|p2a: Primarina|72\/100\n|-resisted|p2a: Primarina\n|-damage|p2a: Primarina|58\/100\n|-resisted|p2a: Primarina\n|-damage|p2a: Primarina|44\/100\n|-hitcount|p2a: Primarina|4\n|move|p2a: Primarina|Hyper Voice|p1a: Bagre\n|-resisted|p1a: Bagre\n|-damage|p1a: Bagre|0 fnt\n|faint|p1a: Bagre\n|-enditem|p2a: Primarina|Throat Spray\n|-boost|p2a: Primarina|spa|1|[from] item: Throat Spray\n|\n|upkeep\n|\n|t:|1699038092\n|switch|p1a: Monge chines|Wo-Chien|100\/100\n|-damage|p1a: Monge chines|88\/100|[from] Stealth Rock\n|-ability|p1a: Monge chines|Tablets of Ruin\n|turn|23\n|\n|t:|1699038099\n|move|p1a: Monge chines|Light Screen|p1a: Monge chines\n|-sidestart|p1: Deletta|move: Light Screen\n|move|p2a: Primarina|Moonblast|p1a: Monge chines\n|-supereffective|p1a: Monge chines\n|-damage|p1a: Monge chines|36\/100\n|-unboost|p1a: Monge chines|spa|1\n|\n|upkeep\n|turn|24\n|\n|t:|1699038109\n|move|p1a: Monge chines|Giga Drain|p2a: Primarina\n|-supereffective|p2a: Primarina\n|-damage|p2a: Primarina|6\/100\n|-heal|p1a: Monge chines|55\/100|[from] drain|[of] p2a: Primarina\n|move|p2a: Primarina|Moonblast|p1a: Monge chines\n|-supereffective|p1a: Monge chines\n|-damage|p1a: Monge chines|3\/100\n|-unboost|p1a: Monge chines|spa|1\n|\n|upkeep\n|turn|25\n|\n|t:|1699038120\n|move|p1a: Monge chines|Giga Drain|p2a: Primarina\n|-supereffective|p2a: Primarina\n|-damage|p2a: Primarina|0 fnt\n|-heal|p1a: Monge chines|6\/100|[from] drain|[of] p2a: Primarina\n|faint|p2a: Primarina\n|\n|upkeep\n|\n|t:|1699038126\n|switch|p2a: Volcarona|Volcarona, F|35\/100\n|turn|26\n|\n|t:|1699038130\n|move|p2a: Volcarona|Fiery Dance|p1a: Monge chines\n|-supereffective|p1a: Monge chines\n|-damage|p1a: Monge chines|0 fnt\n|-boost|p2a: Volcarona|spa|1\n|faint|p1a: Monge chines\n|\n|upkeep\n|\n|t:|1699038133\n|switch|p1a: Cocaine sniffer|Excadrill, M|100\/100\n|-damage|p1a: Cocaine sniffer|97\/100|[from] Stealth Rock\n|-ability|p1a: Cocaine sniffer|Mold Breaker\n|turn|27\n|\n|t:|1699038141\n|move|p2a: Volcarona|Fiery Dance|p1a: Cocaine sniffer\n|-supereffective|p1a: Cocaine sniffer\n|-damage|p1a: Cocaine sniffer|39\/100\n|move|p1a: Cocaine sniffer|Earthquake|p2a: Volcarona\n|-damage|p2a: Volcarona|0 fnt\n|faint|p2a: Volcarona\n|\n|win|Deletta\n|raw|Deletta's rating: 1344 &rarr; <strong>1357<\/strong><br \/>(+13 for winning)\n|raw|TheKeaToSuccess's rating: 1212 &rarr; <strong>1196<\/strong><br \/>(-16 for losing)\n|l|\u2606TheKeaToSuccess\n","uploadtime":1699038153,"views":9,"p1id":"deletta","p2id":"thekeatosuccess","formatid":"gen9nationaldexubers","rating":1196,"private":0,"password":""}