{"id":"gen9nationaldexubers-1999112037","p1":"yiyi yizi","p2":"Navarr08","format":"[Gen 9] National Dex Ubers","log":"|j|\u2606yiyi yizi\n|j|\u2606Navarr08\n|t:|1701034407\n|gametype|singles\n|player|p1|yiyi yizi|hilbert|1426\n|player|p2|Navarr08|hilbert|1591\n|teamsize|p1|6\n|teamsize|p2|6\n|gen|9\n|tier|[Gen 9] National Dex Ubers\n|rated|\n|rule|HP Percentage Mod: HP is shown in percentages\n|rule|Endless Battle Clause: Forcing endless battles is banned\n|rule|OHKO Clause: OHKO moves are banned\n|rule|Evasion Moves Clause: Evasion moves are banned\n|rule|Evasion Items Clause: Evasion items are banned\n|rule|Species Clause: Limit one of each Pok\u00e9mon\n|rule|Sleep Clause Mod: Limit one foe put to sleep\n|rule|Mega Rayquaza Clause: You cannot mega evolve Rayquaza\n|clearpoke\n|poke|p1|Corsola-Galar, F|\n|poke|p1|Gliscor, F|\n|poke|p1|Togedemaru, L1, M|\n|poke|p1|Dusclops, F|\n|poke|p1|Yveltal|\n|poke|p1|Silvally-*|\n|poke|p2|Ninetales-Alola, M|\n|poke|p2|Kyurem-Black|\n|poke|p2|Groudon|\n|poke|p2|Zacian-*|\n|poke|p2|Marshadow|\n|poke|p2|Yveltal|\n|teampreview\n|inactive|Battle timer is ON: inactive players will automatically lose when time's up. (requested by Navarr08)\n|inactive|yiyi yizi also wants the timer to be on.\n|j| Lunestanala\n|inactive|Navarr08 has 120 seconds left.\n|\n|t:|1701034438\n|start\n|switch|p1a: arceusn't|Silvally|100\/100\n|switch|p2a: Kyurem|Kyurem-Black|100\/100\n|-ability|p2a: Kyurem|Teravolt\n|turn|1\n|\n|t:|1701034450\n|move|p1a: arceusn't|Explosion|p2a: Kyurem\n|-damage|p2a: Kyurem|0 fnt\n|faint|p1a: arceusn't\n|faint|p2a: Kyurem\n|\n|upkeep\n|\n|t:|1701034476\n|switch|p1a: oneshotn't|Togedemaru, L1, M|100\/100\n|switch|p2a: Ninetales|Ninetales-Alola, M|100\/100\n|-weather|Snow|[from] ability: Snow Warning|[of] p2a: Ninetales\n|turn|2\n|\n|t:|1701034488\n|switch|p1a: Dusclops|Dusclops, F|100\/100\n|-ability|p1a: Dusclops|Pressure\n|move|p2a: Ninetales|Aurora Veil|p2a: Ninetales\n|-sidestart|p2: Navarr08|move: Aurora Veil\n|\n|-weather|Snow|[upkeep]\n|upkeep\n|turn|3\n|\n|t:|1701034503\n|switch|p2a: Groudon|Groudon|100\/100\n|detailschange|p2a: Groudon|Groudon-Primal\n|-primal|p2a: Groudon|Red Orb\n|-weather|DesolateLand|[from] ability: Desolate Land|[of] p2a: Groudon\n|move|p1a: Dusclops|Trick Room|p1a: Dusclops\n|-fieldstart|move: Trick Room|[of] p1a: Dusclops\n|\n|-weather|DesolateLand|[upkeep]\n|upkeep\n|turn|4\n|\n|t:|1701034511\n|switch|p1a: Corsola|Corsola-Galar, F, shiny|100\/100\n|move|p2a: Groudon|Swords Dance|p2a: Groudon\n|-boost|p2a: Groudon|atk|2\n|\n|-weather|DesolateLand|[upkeep]\n|upkeep\n|turn|5\n|\n|t:|1701034514\n|move|p1a: Corsola|Strength Sap|p2a: Groudon\n|-unboost|p2a: Groudon|atk|1\n|move|p2a: Groudon|Heat Crash|p1a: Corsola\n|-damage|p1a: Corsola|7\/100\n|-start|p2a: Groudon|Disable|Heat Crash|[from] ability: Cursed Body|[of] p1a: Corsola\n|\n|-weather|DesolateLand|[upkeep]\n|upkeep\n|turn|6\n|\n|t:|1701034524\n|move|p1a: Corsola|Strength Sap|p2a: Groudon\n|-unboost|p2a: Groudon|atk|1\n|-heal|p1a: Corsola|100\/100\n|move|p2a: Groudon|Precipice Blades|p1a: Corsola\n|-crit|p1a: Corsola\n|-damage|p1a: Corsola|31\/100\n|\n|-weather|DesolateLand|[upkeep]\n|-sideend|p2: Navarr08|move: Aurora Veil\n|upkeep\n|turn|7\n|\n|t:|1701034534\n|move|p1a: Corsola|Strength Sap|p2a: Groudon\n|-unboost|p2a: Groudon|atk|1\n|-heal|p1a: Corsola|100\/100\n|move|p2a: Groudon|Swords Dance|p2a: Groudon\n|-boost|p2a: Groudon|atk|2\n|\n|-weather|DesolateLand|[upkeep]\n|-fieldend|move: Trick Room\n|upkeep\n|turn|8\n|\n|t:|1701034546\n|switch|p1a: Gliscor|Gliscor, F, shiny|100\/100\n|move|p2a: Groudon|Precipice Blades|p1a: Gliscor\n|-immune|p1a: Gliscor\n|\n|-weather|DesolateLand|[upkeep]\n|-end|p2a: Groudon|Disable\n|-status|p1a: Gliscor|tox|[from] item: Toxic Orb\n|upkeep\n|turn|9\n|\n|t:|1701034561\n|move|p1a: Gliscor|Substitute|p1a: Gliscor\n|-start|p1a: Gliscor|Substitute\n|-damage|p1a: Gliscor|76\/100 tox\n|move|p2a: Groudon|Swords Dance|p2a: Groudon\n|-boost|p2a: Groudon|atk|2\n|\n|-weather|DesolateLand|[upkeep]\n|-heal|p1a: Gliscor|88\/100 tox|[from] ability: Poison Heal\n|upkeep\n|turn|10\n|\n|t:|1701034572\n|move|p1a: Gliscor|Toxic|p2a: Groudon\n|-status|p2a: Groudon|tox\n|move|p2a: Groudon|Heat Crash|p1a: Gliscor\n|-end|p1a: Gliscor|Substitute\n|\n|-weather|DesolateLand|[upkeep]\n|-heal|p1a: Gliscor|100\/100 tox|[from] ability: Poison Heal\n|-damage|p2a: Groudon|94\/100 tox|[from] psn\n|upkeep\n|turn|11\n|\n|t:|1701034583\n|move|p1a: Gliscor|Substitute|p1a: Gliscor\n|-start|p1a: Gliscor|Substitute\n|-damage|p1a: Gliscor|76\/100 tox\n|move|p2a: Groudon|Rock Polish|p2a: Groudon\n|-boost|p2a: Groudon|spe|2\n|\n|-weather|DesolateLand|[upkeep]\n|-damage|p2a: Groudon|82\/100 tox|[from] psn\n|-heal|p1a: Gliscor|88\/100 tox|[from] ability: Poison Heal\n|upkeep\n|turn|12\n|\n|t:|1701034593\n|move|p1a: Gliscor|Protect|p1a: Gliscor\n|-singleturn|p1a: Gliscor|Protect\n|move|p2a: Groudon|Heat Crash|p1a: Gliscor\n|-activate|p1a: Gliscor|move: Protect\n|\n|-weather|DesolateLand|[upkeep]\n|-damage|p2a: Groudon|64\/100 tox|[from] psn\n|-heal|p1a: Gliscor|100\/100 tox|[from] ability: Poison Heal\n|upkeep\n|turn|13\n|\n|t:|1701034603\n|move|p2a: Groudon|Heat Crash|p1a: Gliscor\n|-end|p1a: Gliscor|Substitute\n|move|p1a: Gliscor|Substitute|p1a: Gliscor\n|-start|p1a: Gliscor|Substitute\n|-damage|p1a: Gliscor|76\/100 tox\n|\n|-weather|DesolateLand|[upkeep]\n|-damage|p2a: Groudon|39\/100 tox|[from] psn\n|-heal|p1a: Gliscor|88\/100 tox|[from] ability: Poison Heal\n|upkeep\n|turn|14\n|\n|t:|1701034612\n|move|p2a: Groudon|Heat Crash|p1a: Gliscor\n|-end|p1a: Gliscor|Substitute\n|move|p1a: Gliscor|Earthquake|p2a: Groudon\n|-supereffective|p2a: Groudon\n|-damage|p2a: Groudon|0 fnt\n|faint|p2a: Groudon\n|-weather|none\n|\n|-heal|p1a: Gliscor|100\/100 tox|[from] ability: Poison Heal\n|upkeep\n|\n|t:|1701034618\n|switch|p2a: Zacian|Zacian-Crowned|100\/100\n|-ability|p2a: Zacian|Intrepid Sword|boost\n|-boost|p2a: Zacian|atk|1\n|turn|15\n|\n|t:|1701034634\n|switch|p1a: Corsola|Corsola-Galar, F, shiny|100\/100\n|-terastallize|p2a: Zacian|Ground\n|move|p2a: Zacian|Swords Dance|p2a: Zacian\n|-boost|p2a: Zacian|atk|2\n|\n|upkeep\n|turn|16\n|\n|t:|1701034643\n|move|p2a: Zacian|Tera Blast|p1a: Corsola|[anim] Tera Blast Ground\n|-damage|p1a: Corsola|46\/100\n|-start|p2a: Zacian|Disable|Tera Blast|[from] ability: Cursed Body|[of] p1a: Corsola\n|move|p1a: Corsola|Strength Sap|p2a: Zacian\n|-unboost|p2a: Zacian|atk|1\n|-heal|p1a: Corsola|100\/100\n|\n|upkeep\n|turn|17\n|\n|t:|1701034652\n|move|p2a: Zacian|Swords Dance|p2a: Zacian\n|-boost|p2a: Zacian|atk|2\n|move|p1a: Corsola|Will-O-Wisp|p2a: Zacian\n|-status|p2a: Zacian|brn\n|\n|-damage|p2a: Zacian|94\/100 brn|[from] brn\n|upkeep\n|turn|18\n|\n|t:|1701034662\n|switch|p2a: Ninetales|Ninetales-Alola, M|100\/100\n|-weather|Snow|[from] ability: Snow Warning|[of] p2a: Ninetales\n|move|p1a: Corsola|Strength Sap|p2a: Ninetales\n|-unboost|p2a: Ninetales|atk|1\n|\n|-weather|Snow|[upkeep]\n|upkeep\n|turn|19\n|\n|t:|1701034671\n|switch|p1a: Dusclops|Dusclops, F|100\/100\n|-ability|p1a: Dusclops|Pressure\n|move|p2a: Ninetales|Heal Bell|p2a: Ninetales\n|-activate|p2a: Ninetales|move: Heal Bell\n|-curestatus|p2: Zacian|brn|[msg]\n|\n|-weather|Snow|[upkeep]\n|upkeep\n|turn|20\n|\n|t:|1701034683\n|move|p2a: Ninetales|Aurora Veil|p2a: Ninetales\n|-sidestart|p2: Navarr08|move: Aurora Veil\n|move|p1a: Dusclops|Trick Room|p1a: Dusclops\n|-fieldstart|move: Trick Room|[of] p1a: Dusclops\n|\n|-weather|Snow|[upkeep]\n|upkeep\n|turn|21\n|\n|t:|1701034689\n|move|p1a: Dusclops|Will-O-Wisp|p2a: Ninetales|[miss]\n|-miss|p1a: Dusclops|p2a: Ninetales\n|move|p2a: Ninetales|Blizzard|p1a: Dusclops\n|-damage|p1a: Dusclops|86\/100\n|\n|-weather|Snow|[upkeep]\n|upkeep\n|turn|22\n|\n|t:|1701034707\n|move|p1a: Dusclops|Will-O-Wisp|p2a: Ninetales\n|-status|p2a: Ninetales|brn\n|move|p2a: Ninetales|Encore|p1a: Dusclops\n|-start|p1a: Dusclops|Encore\n|\n|-weather|none\n|-damage|p2a: Ninetales|94\/100 brn|[from] brn\n|upkeep\n|turn|23\n|\n|t:|1701034716\n|switch|p1a: Corsola|Corsola-Galar, F, shiny|100\/100\n|move|p2a: Ninetales|Heal Bell|p2a: Ninetales\n|-activate|p2a: Ninetales|move: Heal Bell\n|-curestatus|p2a: Ninetales|brn|[msg]\n|\n|upkeep\n|turn|24\n|\n|t:|1701034730\n|switch|p1a: Dusclops|Dusclops, F|86\/100\n|-ability|p1a: Dusclops|Pressure\n|move|p2a: Ninetales|Encore||[still]\n|-fail|p2a: Ninetales\n|\n|-sideend|p2: Navarr08|move: Aurora Veil\n|-fieldend|move: Trick Room\n|upkeep\n|turn|25\n|\n|t:|1701034752\n|move|p2a: Ninetales|Blizzard|p1a: Dusclops\n|-damage|p1a: Dusclops|71\/100\n|-status|p1a: Dusclops|frz\n|-curestatus|p1a: Dusclops|frz|[msg]\n|move|p1a: Dusclops|Curse|p2a: Ninetales\n|-start|p2a: Ninetales|Curse|[of] p1a: Dusclops\n|-damage|p1a: Dusclops|21\/100\n|\n|-damage|p2a: Ninetales|70\/100|[from] Curse\n|upkeep\n|turn|26\n|\n|t:|1701034769\n|switch|p2a: Marshadow|Marshadow|100\/100\n|move|p1a: Dusclops|Rest|p1a: Dusclops\n|-status|p1a: Dusclops|slp|[from] move: Rest\n|-heal|p1a: Dusclops|100\/100 slp|[silent]\n|\n|upkeep\n|turn|27\n|l| Lunestanala\n|\n|t:|1701034778\n|switch|p1a: Gliscor|Gliscor, F, shiny|100\/100 tox\n|move|p2a: Marshadow|Spectral Thief|p1a: Gliscor\n|-damage|p1a: Gliscor|67\/100 tox\n|\n|-heal|p1a: Gliscor|80\/100 tox|[from] ability: Poison Heal\n|upkeep\n|turn|28\n|\n|t:|1701034802\n|move|p2a: Marshadow|Spectral Thief|p1a: Gliscor\n|-damage|p1a: Gliscor|43\/100 tox\n|move|p1a: Gliscor|Toxic|p2a: Marshadow\n|-status|p2a: Marshadow|tox\n|\n|-damage|p2a: Marshadow|94\/100 tox|[from] psn\n|-heal|p1a: Gliscor|55\/100 tox|[from] ability: Poison Heal\n|upkeep\n|turn|29\n|\n|t:|1701034813\n|switch|p1a: Yveltal|Yveltal, shiny|100\/100\n|-ability|p1a: Yveltal|Dark Aura\n|move|p2a: Marshadow|Spectral Thief|p1a: Yveltal\n|-resisted|p1a: Yveltal\n|-damage|p1a: Yveltal|81\/100\n|\n|-damage|p2a: Marshadow|82\/100 tox|[from] psn\n|upkeep\n|turn|30\n|\n|t:|1701034828\n|switch|p2a: Ninetales|Ninetales-Alola, M|70\/100\n|-weather|Snow|[from] ability: Snow Warning|[of] p2a: Ninetales\n|move|p1a: Yveltal|Oblivion Wing|p2a: Ninetales\n|-damage|p2a: Ninetales|23\/100\n|-heal|p1a: Yveltal|100\/100|[from] drain|[of] p2a: Ninetales\n|\n|-weather|Snow|[upkeep]\n|upkeep\n|turn|31\n|-message|Navarr08 forfeited.\n|\n|win|yiyi yizi\n|raw|yiyi yizi's rating: 1426 &rarr; <strong>1455<\/strong><br \/>(+29 for winning)\n|raw|Navarr08's rating: 1591 &rarr; <strong>1562<\/strong><br \/>(-29 for losing)\n|l|\u2606Navarr08\n","uploadtime":1701034843,"views":1,"p1id":"yiyiyizi","p2id":"navarr08","formatid":"gen9nationaldexubers","rating":1455,"private":0,"password":""}