{"id":"gen9nationaldexubers-1995049710","p1":"TTeTyLLloK","p2":"Neo Destruction","format":"[Gen 9] National Dex Ubers","log":"|j|\u2606TTeTyLLloK\n|j|\u2606Neo Destruction\n|t:|1700517128\n|gametype|singles\n|player|p1|TTeTyLLloK|bruno|1287\n|player|p2|Neo Destruction|cynthia-masters|1267\n|teamsize|p1|6\n|teamsize|p2|6\n|gen|9\n|tier|[Gen 9] National Dex Ubers\n|rated|\n|rule|HP Percentage Mod: HP is shown in percentages\n|rule|Endless Battle Clause: Forcing endless battles is banned\n|rule|OHKO Clause: OHKO moves are banned\n|rule|Evasion Moves Clause: Evasion moves are banned\n|rule|Evasion Items Clause: Evasion items are banned\n|rule|Species Clause: Limit one of each Pok\u00e9mon\n|rule|Sleep Clause Mod: Limit one foe put to sleep\n|rule|Mega Rayquaza Clause: You cannot mega evolve Rayquaza\n|clearpoke\n|poke|p1|Chesnaught, M|\n|poke|p1|Dugtrio, F|\n|poke|p1|Slaking, M|\n|poke|p1|Mewtwo|\n|poke|p1|Shuckle, M|\n|poke|p1|Magearna|\n|poke|p2|Clefable, F|\n|poke|p2|Probopass, F|\n|poke|p2|Braviary-Hisui, M|\n|poke|p2|Snorlax, M|\n|poke|p2|Ursaluna-Bloodmoon, M|\n|poke|p2|Heracross, F|\n|teampreview\n|inactive|Battle timer is ON: inactive players will automatically lose when time's up. (requested by TTeTyLLloK)\n|\n|t:|1700517137\n|start\n|switch|p1a: Shuckle|Shuckle, M|100\/100\n|switch|p2a: Clefable|Clefable, F|100\/100\n|turn|1\n|\n|t:|1700517147\n|move|p2a: Clefable|Moonblast|p1a: Shuckle\n|-damage|p1a: Shuckle|69\/100\n|move|p1a: Shuckle|Infestation|p2a: Clefable\n|-resisted|p2a: Clefable\n|-damage|p2a: Clefable|99\/100\n|-activate|p2a: Clefable|move: Infestation|[of] p1a: Shuckle\n|\n|-damage|p2a: Clefable|88\/100|[from] move: Infestation|[partiallytrapped]\n|upkeep\n|turn|2\n|\n|t:|1700517154\n|move|p2a: Clefable|Moonblast|p1a: Shuckle\n|-damage|p1a: Shuckle|39\/100\n|move|p1a: Shuckle|Sticky Web|p2a: Clefable\n|-sidestart|p2: Neo Destruction|move: Sticky Web\n|\n|-damage|p2a: Clefable|75\/100|[from] move: Infestation|[partiallytrapped]\n|upkeep\n|turn|3\n|\n|t:|1700517177\n|move|p2a: Clefable|Moonblast|p1a: Shuckle\n|-damage|p1a: Shuckle|11\/100\n|move|p1a: Shuckle|Stealth Rock|p2a: Clefable\n|-sidestart|p2: Neo Destruction|move: Stealth Rock\n|\n|-damage|p2a: Clefable|63\/100|[from] move: Infestation|[partiallytrapped]\n|upkeep\n|turn|4\n|\n|t:|1700517185\n|move|p2a: Clefable|Moonblast|p1a: Shuckle\n|-damage|p1a: Shuckle|0 fnt\n|faint|p1a: Shuckle\n|\n|-end|p2a: Clefable|Infestation|[partiallytrapped]|[silent]\n|upkeep\n|\n|t:|1700517188\n|switch|p1a: Slaking|Slaking, M|100\/100\n|turn|5\n|\n|t:|1700517201\n|move|p1a: Slaking|Double-Edge|p2a: Clefable\n|-damage|p2a: Clefable|0 fnt\n|faint|p2a: Clefable\n|-damage|p1a: Slaking|82\/100|[from] Recoil\n|\n|upkeep\n|\n|t:|1700517203\n|switch|p2a: Probopass|Probopass, F|100\/100\n|-damage|p2a: Probopass|94\/100|[from] Stealth Rock\n|-item|p2a: Probopass|Air Balloon\n|turn|6\n|\n|t:|1700517219\n|switch|p1a: Dugtrio|Dugtrio, F|100\/100\n|move|p2a: Probopass|Body Press|p1a: Dugtrio\n|-damage|p1a: Dugtrio|33\/100\n|\n|upkeep\n|turn|7\n|\n|t:|1700517228\n|move|p1a: Dugtrio|Memento|p2a: Probopass\n|-unboost|p2a: Probopass|atk|2\n|-unboost|p2a: Probopass|spa|2\n|faint|p1a: Dugtrio\n|move|p2a: Probopass|Body Press|p1: Dugtrio|[notarget]\n|-fail|p2a: Probopass\n|\n|upkeep\n|\n|t:|1700517231\n|switch|p1a: Chesnaught|Chesnaught, M|100\/100\n|turn|8\n|\n|t:|1700517240\n|-terastallize|p1a: Chesnaught|Ghost\n|move|p1a: Chesnaught|Trailblaze|p2a: Probopass\n|-damage|p2a: Probopass|78\/100\n|-boost|p1a: Chesnaught|spe|1\n|-enditem|p2a: Probopass|Air Balloon\n|move|p2a: Probopass|Body Press|p1a: Chesnaught\n|-immune|p1a: Chesnaught\n|\n|upkeep\n|turn|9\n|\n|t:|1700517245\n|move|p1a: Chesnaught|Belly Drum|p1a: Chesnaught\n|-damage|p1a: Chesnaught|50\/100\n|-setboost|p1a: Chesnaught|atk|6|[from] move: Belly Drum\n|-enditem|p1a: Chesnaught|Sitrus Berry|[eat]\n|-heal|p1a: Chesnaught|75\/100|[from] item: Sitrus Berry\n|move|p2a: Probopass|Power Gem|p1a: Chesnaught\n|-damage|p1a: Chesnaught|54\/100\n|\n|upkeep\n|turn|10\n|\n|t:|1700517257\n|move|p1a: Chesnaught|Drain Punch|p2a: Probopass\n|-supereffective|p2a: Probopass\n|-crit|p2a: Probopass\n|-damage|p2a: Probopass|0 fnt\n|-heal|p1a: Chesnaught|94\/100|[from] drain|[of] p2a: Probopass\n|faint|p2a: Probopass\n|\n|upkeep\n|\n|t:|1700517260\n|switch|p2a: Braviary|Braviary-Hisui, M|100\/100\n|-damage|p2a: Braviary|76\/100|[from] Stealth Rock\n|turn|11\n|\n|t:|1700517265\n|move|p1a: Chesnaught|Rock Slide|p2a: Braviary\n|-supereffective|p2a: Braviary\n|-damage|p2a: Braviary|0 fnt\n|faint|p2a: Braviary\n|\n|upkeep\n|\n|t:|1700517266\n|switch|p2a: Snorlax|Snorlax, M|100\/100\n|-activate|p2a: Snorlax|move: Sticky Web\n|-unboost|p2a: Snorlax|spe|1\n|-damage|p2a: Snorlax|88\/100|[from] Stealth Rock\n|turn|12\n|\n|t:|1700517269\n|move|p1a: Chesnaught|Drain Punch|p2a: Snorlax\n|-supereffective|p2a: Snorlax\n|-damage|p2a: Snorlax|0 fnt\n|-heal|p1a: Chesnaught|100\/100|[from] drain|[of] p2a: Snorlax\n|faint|p2a: Snorlax\n|\n|upkeep\n|\n|t:|1700517274\n|switch|p2a: Ursaluna|Ursaluna-Bloodmoon, M|100\/100\n|-activate|p2a: Ursaluna|move: Sticky Web\n|-unboost|p2a: Ursaluna|spe|1\n|-damage|p2a: Ursaluna|94\/100|[from] Stealth Rock\n|turn|13\n|\n|t:|1700517276\n|-terastallize|p2a: Ursaluna|Normal\n|move|p1a: Chesnaught|Drain Punch|p2a: Ursaluna\n|-supereffective|p2a: Ursaluna\n|-damage|p2a: Ursaluna|0 fnt\n|faint|p2a: Ursaluna\n|\n|upkeep\n|\n|t:|1700517282\n|switch|p2a: Heracross|Heracross, F|100\/100\n|-activate|p2a: Heracross|move: Sticky Web\n|-unboost|p2a: Heracross|spe|1\n|-damage|p2a: Heracross|88\/100|[from] Stealth Rock\n|turn|14\n|\n|t:|1700517285\n|detailschange|p2a: Heracross|Heracross-Mega, F\n|-mega|p2a: Heracross|Heracross|Heracronite\n|move|p1a: Chesnaught|Rock Slide|p2a: Heracross\n|-damage|p2a: Heracross|3\/100\n|move|p2a: Heracross|Pin Missile|p1a: Chesnaught\n|-resisted|p1a: Chesnaught\n|-damage|p1a: Chesnaught|92\/100\n|-resisted|p1a: Chesnaught\n|-damage|p1a: Chesnaught|84\/100\n|-resisted|p1a: Chesnaught\n|-damage|p1a: Chesnaught|77\/100\n|-resisted|p1a: Chesnaught\n|-damage|p1a: Chesnaught|70\/100\n|-resisted|p1a: Chesnaught\n|-crit|p1a: Chesnaught\n|-damage|p1a: Chesnaught|58\/100\n|-hitcount|p1a: Chesnaught|5\n|\n|upkeep\n|turn|15\n|\n|t:|1700517297\n|move|p1a: Chesnaught|Drain Punch|p2a: Heracross\n|-resisted|p2a: Heracross\n|-damage|p2a: Heracross|0 fnt\n|-heal|p1a: Chesnaught|59\/100|[from] drain|[of] p2a: Heracross\n|faint|p2a: Heracross\n|\n|win|TTeTyLLloK\n|raw|TTeTyLLloK's rating: 1287 &rarr; <strong>1311<\/strong><br \/>(+24 for winning)\n|raw|Neo Destruction's rating: 1267 &rarr; <strong>1243<\/strong><br \/>(-24 for losing)\n|l|\u2606Neo Destruction\n","uploadtime":1700517302,"views":3,"p1id":"ttetylllok","p2id":"neodestruction","formatid":"gen9nationaldexubers","rating":1243,"private":0,"password":""}