{"id":"gen9nationaldexubers-1995844056","p1":"straightoutta14BC","p2":"Hyjinks","format":"[Gen 9] National Dex Ubers","log":"|j|\u2606straightoutta14BC\n|j|\u2606Hyjinks\n|inactive|Battle timer is ON: inactive players will automatically lose when time's up.\n|t:|1700608842\n|gametype|singles\n|player|p1|straightoutta14BC|266|\n|player|p2|Hyjinks|proton|\n|teamsize|p1|6\n|teamsize|p2|6\n|gen|9\n|tier|[Gen 9] National Dex Ubers\n|rated|Tournament battle\n|rule|HP Percentage Mod: HP is shown in percentages\n|rule|Endless Battle Clause: Forcing endless battles is banned\n|rule|OHKO Clause: OHKO moves are banned\n|rule|Evasion Moves Clause: Evasion moves are banned\n|rule|Evasion Items Clause: Evasion items are banned\n|rule|Species Clause: Limit one of each Pok\u00e9mon\n|rule|Sleep Clause Mod: Limit one foe put to sleep\n|rule|Mega Rayquaza Clause: You cannot mega evolve Rayquaza\n|rule|Dynamax Clause: You cannot dynamax\n|rule|Terastal Clause: You cannot Terastallize\n|rule|Same Type Clause: Pok\u00e9mon in a team must share a type\n|clearpoke\n|poke|p1|Klefki, F|\n|poke|p1|Mawile, F|\n|poke|p1|Dialga|\n|poke|p1|Necrozma-Dusk-Mane|\n|poke|p1|Kartana|\n|poke|p1|Excadrill, M|\n|poke|p2|Cyclizar, F|\n|poke|p2|Salamence, F|\n|poke|p2|Dragapult, M|\n|poke|p2|Zygarde|\n|poke|p2|Baxcalibur, M|\n|poke|p2|Eternatus|\n|teampreview\n|inactive|straightoutta14BC has 120 seconds left.\n|\n|t:|1700608900\n|start\n|switch|p1a: Deep Impact|Excadrill, M|100\/100\n|switch|p2a: Cyclizar|Cyclizar, F|100\/100\n|-ability|p1a: Deep Impact|Mold Breaker\n|turn|1\n|j| boomp11\n|l| boomp11\n|inactive|straightoutta14BC has 120 seconds left.\n|\n|t:|1700608939\n|move|p2a: Cyclizar|Shed Tail|p2a: Cyclizar\n|-start|p2a: Cyclizar|Substitute|[from] move: Shed Tail\n|-damage|p2a: Cyclizar|50\/100\n|\n|t:|1700608942\n|switch|p2a: Salamence|Salamence, F|100\/100|[from] Shed Tail\n|-ability|p2a: Salamence|Intimidate|boost\n|-unboost|p1a: Deep Impact|atk|1\n|move|p1a: Deep Impact|Earthquake|p2a: Salamence\n|-immune|p2a: Salamence\n|\n|upkeep\n|turn|2\n|\n|t:|1700608946\n|detailschange|p2a: Salamence|Salamence-Mega, F\n|-mega|p2a: Salamence|Salamence|Salamencite\n|move|p2a: Salamence|Dragon Dance|p2a: Salamence\n|-boost|p2a: Salamence|atk|1\n|-boost|p2a: Salamence|spe|1\n|move|p1a: Deep Impact|Rock Slide|p2a: Salamence\n|-supereffective|p2a: Salamence\n|-end|p2a: Salamence|Substitute\n|\n|upkeep\n|turn|3\n|\n|t:|1700608956\n|move|p2a: Salamence|Earthquake|p1a: Deep Impact\n|-supereffective|p1a: Deep Impact\n|-enditem|p1a: Deep Impact|Focus Sash\n|-damage|p1a: Deep Impact|1\/100\n|move|p1a: Deep Impact|Rock Slide|p2a: Salamence\n|-supereffective|p2a: Salamence\n|-damage|p2a: Salamence|68\/100\n|\n|upkeep\n|turn|4\n|\n|t:|1700608963\n|move|p2a: Salamence|Earthquake|p1a: Deep Impact\n|-supereffective|p1a: Deep Impact\n|-damage|p1a: Deep Impact|0 fnt\n|faint|p1a: Deep Impact\n|\n|upkeep\n|j| boomp11\n|\n|t:|1700608982\n|switch|p1a: Mir|Klefki, F|100\/100\n|turn|5\n|j| Franko159\n|\n|t:|1700609011\n|move|p2a: Salamence|Earthquake|p1a: Mir\n|-supereffective|p1a: Mir\n|-damage|p1a: Mir|1\/100\n|move|p1a: Mir|Trick Room|p1a: Mir\n|-fieldstart|move: Trick Room|[of] p1a: Mir\n|\n|upkeep\n|turn|6\n|\n|t:|1700609024\n|move|p1a: Mir|Steel Beam|p2a: Salamence\n|-damage|p2a: Salamence|22\/100\n|-damage|p1a: Mir|0 fnt|[from] steelbeam\n|faint|p1a: Mir\n|move|p2a: Salamence|Earthquake|p1: Mir|[notarget]\n|-fail|p2a: Salamence\n|\n|upkeep\n|c| Franko159|was it sash anyway?\n|\n|t:|1700609047\n|switch|p1a: Valentina|Mawile, F|100\/100\n|-ability|p1a: Valentina|Intimidate|boost\n|-unboost|p2a: Salamence|atk|1\n|turn|7\n|\n|t:|1700609055\n|detailschange|p1a: Valentina|Mawile-Mega, F\n|-mega|p1a: Valentina|Mawile|Mawilite\n|move|p1a: Valentina|Play Rough|p2a: Salamence\n|-supereffective|p2a: Salamence\n|-damage|p2a: Salamence|0 fnt\n|faint|p2a: Salamence\n|\n|upkeep\n|\n|t:|1700609063\n|switch|p2a: Eternatus|Eternatus|100\/100\n|-ability|p2a: Eternatus|Pressure\n|turn|8\n|\n|t:|1700609068\n|move|p1a: Valentina|Play Rough|p2a: Eternatus|[miss]\n|-miss|p1a: Valentina|p2a: Eternatus\n|move|p2a: Eternatus|Flamethrower|p1a: Valentina\n|-supereffective|p1a: Valentina\n|-damage|p1a: Valentina|22\/100\n|\n|upkeep\n|turn|9\n|\n|t:|1700609080\n|switch|p1a: Pioneer|Dialga|100\/100\n|-ability|p1a: Pioneer|Pressure\n|move|p2a: Eternatus|Flamethrower|p1a: Pioneer\n|-damage|p1a: Pioneer|71\/100\n|\n|-fieldend|move: Trick Room\n|upkeep\n|turn|10\n|\n|t:|1700609092\n|move|p2a: Eternatus|Dynamax Cannon|p1a: Pioneer\n|-damage|p1a: Pioneer|22\/100\n|move|p1a: Pioneer|Trick Room|p1a: Pioneer\n|-fieldstart|move: Trick Room|[of] p1a: Pioneer\n|\n|upkeep\n|turn|11\n|\n|t:|1700609105\n|move|p1a: Pioneer|Steel Beam|p2a: Eternatus\n|-damage|p2a: Eternatus|35\/100\n|-damage|p1a: Pioneer|0 fnt|[from] steelbeam\n|faint|p1a: Pioneer\n|move|p2a: Eternatus|Recover|p2a: Eternatus\n|-heal|p2a: Eternatus|86\/100\n|\n|-heal|p2a: Eternatus|92\/100|[from] item: Black Sludge\n|upkeep\n|\n|t:|1700609108\n|switch|p1a: Valentina|Mawile-Mega, F|22\/100\n|turn|12\n|inactive|Hyjinks has 120 seconds left.\n|\n|t:|1700609161\n|move|p1a: Valentina|Play Rough|p2a: Eternatus\n|-damage|p2a: Eternatus|22\/100\n|move|p2a: Eternatus|Flamethrower|p1a: Valentina\n|-supereffective|p1a: Valentina\n|-damage|p1a: Valentina|0 fnt\n|faint|p1a: Valentina\n|\n|-heal|p2a: Eternatus|29\/100|[from] item: Black Sludge\n|upkeep\n|\n|t:|1700609169\n|switch|p1a: Ares|Kartana|100\/100\n|turn|13\n|inactive|Hyjinks has 90 seconds left.\n|\n|t:|1700609195\n|move|p1a: Ares|Psycho Cut|p2a: Eternatus\n|-supereffective|p2a: Eternatus\n|-crit|p2a: Eternatus\n|-damage|p2a: Eternatus|0 fnt\n|faint|p2a: Eternatus\n|-ability|p1a: Ares|Beast Boost|boost\n|-boost|p1a: Ares|spe|1\n|\n|upkeep\n|inactive|Hyjinks has 90 seconds left.\n|\n|t:|1700609206\n|switch|p2a: Baxcalibur|Baxcalibur, M|100\/100\n|turn|14\n|\n|t:|1700609211\n|move|p2a: Baxcalibur|Ice Shard|p1a: Ares\n|-crit|p1a: Ares\n|-damage|p1a: Ares|73\/100\n|move|p1a: Ares|Swords Dance|p1a: Ares\n|-boost|p1a: Ares|atk|2\n|\n|-fieldend|move: Trick Room\n|upkeep\n|turn|15\n|\n|t:|1700609222\n|move|p2a: Baxcalibur|Ice Shard|p1a: Ares\n|-damage|p1a: Ares|53\/100\n|move|p1a: Ares|Sacred Sword|p2a: Baxcalibur\n|-supereffective|p2a: Baxcalibur\n|-damage|p2a: Baxcalibur|0 fnt\n|faint|p2a: Baxcalibur\n|-ability|p1a: Ares|Beast Boost|boost\n|-boost|p1a: Ares|spe|1\n|\n|upkeep\n|\n|t:|1700609227\n|switch|p2a: Zygarde|Zygarde|100\/100\n|turn|16\n|\n|t:|1700609239\n|-zpower|p1a: Ares\n|move|p1a: Ares|Bloom Doom|p2a: Zygarde|[zeffect]\n|-damage|p2a: Zygarde|0 fnt\n|faint|p2a: Zygarde\n|-ability|p1a: Ares|Beast Boost|boost\n|-boost|p1a: Ares|spe|1\n|\n|upkeep\n|\n|t:|1700609244\n|switch|p2a: Cyclizar|Cyclizar, F|84\/100\n|turn|17\n|\n|t:|1700609252\n|move|p1a: Ares|Sacred Sword|p2a: Cyclizar\n|-supereffective|p2a: Cyclizar\n|-damage|p2a: Cyclizar|0 fnt\n|faint|p2a: Cyclizar\n|-ability|p1a: Ares|Beast Boost|boost\n|-boost|p1a: Ares|spe|1\n|\n|upkeep\n|\n|t:|1700609254\n|switch|p2a: Dragapult|Dragapult, M|100\/100\n|turn|18\n|\n|t:|1700609267\n|move|p1a: Ares|Psycho Cut|p2a: Dragapult\n|-damage|p2a: Dragapult|39\/100\n|move|p2a: Dragapult|Dragon Darts|p1a: Ares\n|-resisted|p1a: Ares\n|-damage|p1a: Ares|42\/100\n|-anim|p2a: Dragapult|Dragon Darts|p1a: Ares\n|-resisted|p1a: Ares\n|-damage|p1a: Ares|31\/100\n|\n|upkeep\n|turn|19\n|\n|t:|1700609272\n|move|p1a: Ares|Psycho Cut|p2a: Dragapult\n|-damage|p2a: Dragapult|0 fnt\n|faint|p2a: Dragapult\n|\n|win|straightoutta14BC\n|n|\u2606straightoutta14BC|straightoutta14bc\n|n|\u2606Hyjinks|hyjinks\n|n| boomp11|boomp11\n|n| Franko159|franko159\n","uploadtime":1700609273,"views":0,"p1id":"straightoutta14bc","p2id":"hyjinks","formatid":"gen9nationaldexubers","rating":0,"private":0,"password":""}