{"id":"gen9nationaldexubers-1989639847","p1":"Bblacksniper","p2":"C0ld as Ice","format":"[Gen 9] National Dex Ubers","log":"|j|\u2606Bblacksniper\n|j|\u2606C0ld as Ice\n|t:|1699882068\n|gametype|singles\n|player|p1|Bblacksniper|1|1689\n|player|p2|C0ld as Ice|schoolkid-gen4dp|1861\n|teamsize|p1|6\n|teamsize|p2|6\n|gen|9\n|tier|[Gen 9] National Dex Ubers\n|rated|\n|rule|HP Percentage Mod: HP is shown in percentages\n|rule|Endless Battle Clause: Forcing endless battles is banned\n|rule|OHKO Clause: OHKO moves are banned\n|rule|Evasion Moves Clause: Evasion moves are banned\n|rule|Evasion Items Clause: Evasion items are banned\n|rule|Species Clause: Limit one of each Pok\u00e9mon\n|rule|Sleep Clause Mod: Limit one foe put to sleep\n|rule|Mega Rayquaza Clause: You cannot mega evolve Rayquaza\n|clearpoke\n|poke|p1|Yveltal|\n|poke|p1|Necrozma-Dusk-Mane|\n|poke|p1|Ho-Oh|\n|poke|p1|Zygarde|\n|poke|p1|Eternatus|\n|poke|p1|Marshadow|\n|poke|p2|Arceus-Water|\n|poke|p2|Necrozma-Dusk-Mane|\n|poke|p2|Zygarde|\n|poke|p2|Groudon, L99|\n|poke|p2|Marshadow|\n|poke|p2|Yveltal|\n|teampreview\n|inactive|Battle timer is ON: inactive players will automatically lose when time's up. (requested by C0ld as Ice)\n|\n|t:|1699882085\n|start\n|switch|p1a: E tour na dus|Eternatus|100\/100\n|switch|p2a: Groudon|Groudon, L99, shiny|100\/100\n|-ability|p1a: E tour na dus|Pressure\n|detailschange|p2a: Groudon|Groudon-Primal, L99, shiny\n|-primal|p2a: Groudon|Red Orb\n|-weather|DesolateLand|[from] ability: Desolate Land|[of] p2a: Groudon\n|turn|1\n|\n|t:|1699882093\n|switch|p1a: Perfect Cell|Zygarde|100\/100\n|move|p2a: Groudon|Stealth Rock|p1a: Perfect Cell\n|-sidestart|p1: Bblacksniper|move: Stealth Rock\n|\n|-weather|DesolateLand|[upkeep]\n|upkeep\n|turn|2\n|\n|t:|1699882100\n|-weather|none\n|switch|p2a: Zygarde|Zygarde|100\/100\n|move|p1a: Perfect Cell|Glare|p2a: Zygarde\n|-status|p2a: Zygarde|par\n|\n|upkeep\n|turn|3\n|\n|t:|1699882105\n|switch|p1a: E tour na dus|Eternatus|100\/100\n|-ability|p1a: E tour na dus|Pressure\n|move|p2a: Zygarde|Glare|p1a: E tour na dus\n|-status|p1a: E tour na dus|par\n|\n|upkeep\n|turn|4\n|\n|t:|1699882113\n|switch|p2a: Necrozma|Necrozma-Dusk-Mane, shiny|100\/100\n|move|p1a: E tour na dus|Dynamax Cannon|p2a: Necrozma\n|-resisted|p2a: Necrozma\n|-damage|p2a: Necrozma|85\/100\n|\n|upkeep\n|turn|5\n|j| pokemon tax agency\n|\n|t:|1699882122\n|switch|p1a: Bros over Ho's|Ho-Oh|100\/100\n|move|p2a: Necrozma|Dragon Dance|p2a: Necrozma\n|-boost|p2a: Necrozma|atk|1\n|-boost|p2a: Necrozma|spe|1\n|\n|upkeep\n|turn|6\n|\n|t:|1699882127\n|switch|p2a: Zygarde|Zygarde|100\/100 par\n|move|p1a: Bros over Ho's|Thunder Wave|p2a: Zygarde\n|-immune|p2a: Zygarde\n|\n|upkeep\n|turn|7\n|\n|t:|1699882130\n|switch|p1a: E tour na dus|Eternatus|100\/100 par\n|-ability|p1a: E tour na dus|Pressure\n|move|p2a: Zygarde|Glare|p1a: E tour na dus\n|-fail|p1a: E tour na dus|par\n|\n|upkeep\n|turn|8\n|\n|t:|1699882133\n|switch|p2a: Necrozma|Necrozma-Dusk-Mane, shiny|85\/100\n|move|p1a: E tour na dus|Flamethrower|p2a: Necrozma\n|-supereffective|p2a: Necrozma\n|-damage|p2a: Necrozma|60\/100\n|-status|p2a: Necrozma|brn\n|\n|-damage|p2a: Necrozma|54\/100 brn|[from] brn\n|upkeep\n|turn|9\n|\n|t:|1699882137\n|switch|p1a: Bros over Ho's|Ho-Oh|100\/100\n|move|p2a: Necrozma|Moonlight|p2a: Necrozma\n|-heal|p2a: Necrozma|100\/100 brn\n|\n|-damage|p2a: Necrozma|94\/100 brn|[from] brn\n|upkeep\n|turn|10\n|\n|t:|1699882147\n|switch|p2a: Groudon|Groudon-Primal, L99, shiny|100\/100\n|-weather|DesolateLand|[from] ability: Desolate Land|[of] p2a: Groudon\n|move|p1a: Bros over Ho's|Defog|p2a: Groudon\n|-unboost|p2a: Groudon|evasion|1\n|-sideend|p1: Bblacksniper|Stealth Rock|[from] move: Defog|[of] p1a: Bros over Ho's\n|\n|-weather|DesolateLand|[upkeep]\n|upkeep\n|turn|11\n|\n|t:|1699882152\n|switch|p1a: Perfect Cell|Zygarde|100\/100\n|move|p2a: Groudon|Stealth Rock|p1a: Perfect Cell\n|-sidestart|p1: Bblacksniper|move: Stealth Rock\n|\n|-weather|DesolateLand|[upkeep]\n|upkeep\n|turn|12\n|\n|t:|1699882171\n|-weather|none\n|switch|p2a: Zygarde|Zygarde|100\/100 par\n|move|p1a: Perfect Cell|Substitute|p1a: Perfect Cell\n|-start|p1a: Perfect Cell|Substitute\n|-damage|p1a: Perfect Cell|75\/100\n|\n|-heal|p1a: Perfect Cell|82\/100|[from] item: Leftovers\n|upkeep\n|turn|13\n|\n|t:|1699882175\n|switch|p2a: Yveltal|Yveltal, shiny|100\/100\n|-ability|p2a: Yveltal|Dark Aura\n|move|p1a: Perfect Cell|Coil|p1a: Perfect Cell\n|-boost|p1a: Perfect Cell|atk|1\n|-boost|p1a: Perfect Cell|def|1\n|-boost|p1a: Perfect Cell|accuracy|1\n|\n|-heal|p1a: Perfect Cell|88\/100|[from] item: Leftovers\n|upkeep\n|turn|14\n|\n|t:|1699882179\n|switch|p2a: Zygarde|Zygarde|100\/100 par\n|move|p1a: Perfect Cell|Glare|p2a: Zygarde\n|-fail|p2a: Zygarde|par\n|\n|-heal|p1a: Perfect Cell|94\/100|[from] item: Leftovers\n|upkeep\n|turn|15\n|\n|t:|1699882182\n|move|p1a: Perfect Cell|Thousand Arrows|p2a: Zygarde\n|-damage|p2a: Zygarde|78\/100 par\n|move|p2a: Zygarde|Haze|p2a: Zygarde\n|-clearallboost\n|\n|-heal|p1a: Perfect Cell|99\/100|[from] item: Leftovers\n|-heal|p2a: Zygarde|84\/100 par|[from] item: Leftovers\n|upkeep\n|turn|16\n|\n|t:|1699882190\n|switch|p2a: Yveltal|Yveltal, shiny|100\/100\n|-ability|p2a: Yveltal|Dark Aura\n|move|p1a: Perfect Cell|Coil|p1a: Perfect Cell\n|-boost|p1a: Perfect Cell|atk|1\n|-boost|p1a: Perfect Cell|def|1\n|-boost|p1a: Perfect Cell|accuracy|1\n|\n|-heal|p1a: Perfect Cell|100\/100|[from] item: Leftovers\n|upkeep\n|turn|17\n|\n|t:|1699882192\n|switch|p2a: Zygarde|Zygarde|84\/100 par\n|move|p1a: Perfect Cell|Thousand Arrows|p2a: Zygarde\n|-damage|p2a: Zygarde|58\/100 par\n|\n|-heal|p2a: Zygarde|64\/100 par|[from] item: Leftovers\n|upkeep\n|turn|18\n|\n|t:|1699882195\n|move|p1a: Perfect Cell|Thousand Arrows|p2a: Zygarde\n|-damage|p2a: Zygarde|41\/100 par\n|move|p2a: Zygarde|Haze|p2a: Zygarde\n|-clearallboost\n|\n|-heal|p2a: Zygarde|48\/100 par|[from] item: Leftovers\n|-activate|p2a: Zygarde|ability: Power Construct\n|detailschange|p2a: Zygarde|Zygarde-Complete\n|-heal|p2a: Zygarde|66\/100 par|[silent]\n|upkeep\n|turn|19\n|\n|t:|1699882200\n|move|p1a: Perfect Cell|Coil|p1a: Perfect Cell\n|-boost|p1a: Perfect Cell|atk|1\n|-boost|p1a: Perfect Cell|def|1\n|-boost|p1a: Perfect Cell|accuracy|1\n|move|p2a: Zygarde|Rest|p2a: Zygarde\n|-status|p2a: Zygarde|slp|[from] move: Rest\n|-heal|p2a: Zygarde|100\/100 slp|[silent]\n|\n|upkeep\n|turn|20\n|\n|t:|1699882207\n|switch|p1a: E tour na dus|Eternatus|100\/100 par\n|-ability|p1a: E tour na dus|Pressure\n|cant|p2a: Zygarde|slp\n|\n|upkeep\n|turn|21\n|\n|t:|1699882212\n|switch|p2a: Necrozma|Necrozma-Dusk-Mane, shiny|94\/100 brn\n|move|p1a: E tour na dus|Dynamax Cannon|p2a: Necrozma\n|-resisted|p2a: Necrozma\n|-damage|p2a: Necrozma|79\/100 brn\n|\n|-damage|p2a: Necrozma|73\/100 brn|[from] brn\n|upkeep\n|turn|22\n|\n|t:|1699882224\n|switch|p1a: Bros over Ho's|Ho-Oh|100\/100\n|move|p2a: Necrozma|Dragon Dance|p2a: Necrozma\n|-boost|p2a: Necrozma|atk|1\n|-boost|p2a: Necrozma|spe|1\n|\n|-damage|p2a: Necrozma|67\/100 brn|[from] brn\n|upkeep\n|turn|23\n|\n|t:|1699882227\n|move|p2a: Necrozma|Rock Blast|p1a: Bros over Ho's\n|-supereffective|p1a: Bros over Ho's\n|-damage|p1a: Bros over Ho's|75\/100\n|-supereffective|p1a: Bros over Ho's\n|-damage|p1a: Bros over Ho's|50\/100\n|-supereffective|p1a: Bros over Ho's\n|-damage|p1a: Bros over Ho's|26\/100\n|-hitcount|p1a: Bros over Ho's|3\n|move|p1a: Bros over Ho's|Defog|p2a: Necrozma\n|-unboost|p2a: Necrozma|evasion|1\n|-sideend|p1: Bblacksniper|Stealth Rock|[from] move: Defog|[of] p1a: Bros over Ho's\n|\n|-damage|p2a: Necrozma|61\/100 brn|[from] brn\n|upkeep\n|turn|24\n|\n|t:|1699882240\n|switch|p1a: Perfect Cell|Zygarde|100\/100\n|move|p2a: Necrozma|Moonlight|p2a: Necrozma\n|-heal|p2a: Necrozma|100\/100 brn\n|\n|-damage|p2a: Necrozma|94\/100 brn|[from] brn\n|upkeep\n|turn|25\n|\n|t:|1699882250\n|switch|p2a: Yveltal|Yveltal, shiny|100\/100\n|-ability|p2a: Yveltal|Dark Aura\n|move|p1a: Perfect Cell|Substitute|p1a: Perfect Cell\n|-start|p1a: Perfect Cell|Substitute\n|-damage|p1a: Perfect Cell|75\/100\n|\n|-heal|p1a: Perfect Cell|82\/100|[from] item: Leftovers\n|upkeep\n|turn|26\n|\n|t:|1699882256\n|switch|p2a: Zygarde|Zygarde-Complete|100\/100 slp\n|move|p1a: Perfect Cell|Glare||[still]\n|-fail|p1a: Perfect Cell\n|\n|-heal|p1a: Perfect Cell|88\/100|[from] item: Leftovers\n|upkeep\n|turn|27\n|\n|t:|1699882259\n|move|p1a: Perfect Cell|Coil|p1a: Perfect Cell\n|-boost|p1a: Perfect Cell|atk|1\n|-boost|p1a: Perfect Cell|def|1\n|-boost|p1a: Perfect Cell|accuracy|1\n|cant|p2a: Zygarde|slp\n|\n|-heal|p1a: Perfect Cell|94\/100|[from] item: Leftovers\n|upkeep\n|turn|28\n|\n|t:|1699882263\n|move|p1a: Perfect Cell|Coil|p1a: Perfect Cell\n|-boost|p1a: Perfect Cell|atk|1\n|-boost|p1a: Perfect Cell|def|1\n|-boost|p1a: Perfect Cell|accuracy|1\n|-curestatus|p2a: Zygarde|slp|[msg]\n|move|p2a: Zygarde|Haze|p2a: Zygarde\n|-clearallboost\n|\n|-heal|p1a: Perfect Cell|99\/100|[from] item: Leftovers\n|upkeep\n|turn|29\n|\n|t:|1699882268\n|move|p1a: Perfect Cell|Coil|p1a: Perfect Cell\n|-boost|p1a: Perfect Cell|atk|1\n|-boost|p1a: Perfect Cell|def|1\n|-boost|p1a: Perfect Cell|accuracy|1\n|move|p2a: Zygarde|Glare||[still]\n|-fail|p2a: Zygarde\n|\n|-heal|p1a: Perfect Cell|100\/100|[from] item: Leftovers\n|upkeep\n|turn|30\n|\n|t:|1699882275\n|move|p1a: Perfect Cell|Thousand Arrows|p2a: Zygarde\n|-damage|p2a: Zygarde|86\/100\n|move|p2a: Zygarde|Thousand Arrows|p1a: Perfect Cell\n|-activate|p1a: Perfect Cell|move: Substitute|[damage]\n|\n|-heal|p2a: Zygarde|92\/100|[from] item: Leftovers\n|upkeep\n|turn|31\n|\n|t:|1699882280\n|move|p1a: Perfect Cell|Coil|p1a: Perfect Cell\n|-boost|p1a: Perfect Cell|atk|1\n|-boost|p1a: Perfect Cell|def|1\n|-boost|p1a: Perfect Cell|accuracy|1\n|move|p2a: Zygarde|Haze|p2a: Zygarde\n|-clearallboost\n|\n|-heal|p2a: Zygarde|98\/100|[from] item: Leftovers\n|upkeep\n|turn|32\n|\n|t:|1699882290\n|switch|p1a: IJUSTLOSTMYDAWG|Yveltal|100\/100\n|-ability|p1a: IJUSTLOSTMYDAWG|Dark Aura\n|move|p2a: Zygarde|Glare|p1a: IJUSTLOSTMYDAWG\n|-status|p1a: IJUSTLOSTMYDAWG|par\n|\n|-heal|p2a: Zygarde|100\/100|[from] item: Leftovers\n|upkeep\n|turn|33\n|\n|t:|1699882293\n|switch|p2a: Arceus|Arceus-Water, shiny|100\/100\n|move|p1a: IJUSTLOSTMYDAWG|Knock Off|p2a: Arceus\n|-damage|p2a: Arceus|74\/100\n|\n|upkeep\n|turn|34\n|\n|t:|1699882305\n|switch|p2a: Groudon|Groudon-Primal, L99, shiny|100\/100\n|-weather|DesolateLand|[from] ability: Desolate Land|[of] p2a: Groudon\n|switch|p1a: E tour na dus|Eternatus|100\/100 par\n|-ability|p1a: E tour na dus|Pressure\n|\n|-weather|DesolateLand|[upkeep]\n|upkeep\n|turn|35\n|\n|t:|1699882325\n|switch|p1a: Bros over Ho's|Ho-Oh|59\/100\n|move|p2a: Groudon|Precipice Blades|p1a: Bros over Ho's\n|-immune|p1a: Bros over Ho's\n|\n|-weather|DesolateLand|[upkeep]\n|upkeep\n|turn|36\n|\n|t:|1699882334\n|switch|p1a: Perfect Cell|Zygarde|100\/100\n|move|p2a: Groudon|Rock Tomb|p1a: Perfect Cell\n|-resisted|p1a: Perfect Cell\n|-damage|p1a: Perfect Cell|95\/100\n|-unboost|p1a: Perfect Cell|spe|1\n|\n|-weather|DesolateLand|[upkeep]\n|-heal|p1a: Perfect Cell|100\/100|[from] item: Leftovers\n|upkeep\n|turn|37\n|\n|t:|1699882350\n|switch|p1a: Bros over Ho's|Ho-Oh|92\/100\n|move|p2a: Groudon|Stealth Rock|p1a: Bros over Ho's\n|-sidestart|p1: Bblacksniper|move: Stealth Rock\n|\n|-weather|DesolateLand|[upkeep]\n|upkeep\n|turn|38\n|\n|t:|1699882356\n|-terastallize|p1a: Bros over Ho's|Grass\n|move|p1a: Bros over Ho's|Defog|p2a: Groudon\n|-unboost|p2a: Groudon|evasion|1\n|-sideend|p1: Bblacksniper|Stealth Rock|[from] move: Defog|[of] p1a: Bros over Ho's\n|move|p2a: Groudon|Rock Tomb|p1a: Bros over Ho's\n|-damage|p1a: Bros over Ho's|71\/100\n|-unboost|p1a: Bros over Ho's|spe|1\n|\n|-weather|DesolateLand|[upkeep]\n|upkeep\n|turn|39\n|\n|t:|1699882364\n|switch|p1a: Perfect Cell|Zygarde|100\/100\n|move|p2a: Groudon|Overheat|p1a: Perfect Cell\n|-resisted|p1a: Perfect Cell\n|-damage|p1a: Perfect Cell|60\/100\n|-unboost|p2a: Groudon|spa|2\n|\n|-weather|DesolateLand|[upkeep]\n|-heal|p1a: Perfect Cell|66\/100|[from] item: Leftovers\n|upkeep\n|turn|40\n|\n|t:|1699882369\n|move|p1a: Perfect Cell|Thousand Arrows|p2a: Groudon\n|-supereffective|p2a: Groudon\n|-damage|p2a: Groudon|70\/100\n|move|p2a: Groudon|Stealth Rock|p1a: Perfect Cell\n|-sidestart|p1: Bblacksniper|move: Stealth Rock\n|\n|-weather|DesolateLand|[upkeep]\n|-heal|p1a: Perfect Cell|72\/100|[from] item: Leftovers\n|upkeep\n|turn|41\n|\n|t:|1699882375\n|-weather|none\n|switch|p2a: Zygarde|Zygarde-Complete|100\/100\n|move|p1a: Perfect Cell|Substitute|p1a: Perfect Cell\n|-start|p1a: Perfect Cell|Substitute\n|-damage|p1a: Perfect Cell|47\/100\n|\n|-heal|p1a: Perfect Cell|54\/100|[from] item: Leftovers\n|upkeep\n|turn|42\n|\n|t:|1699882383\n|switch|p1a: E tour na dus|Eternatus|100\/100 par\n|-ability|p1a: E tour na dus|Pressure\n|move|p2a: Zygarde|Glare|p1a: E tour na dus\n|-fail|p1a: E tour na dus|par\n|\n|upkeep\n|turn|43\n|inactive|C0ld as Ice has 120 seconds left.\n|\n|t:|1699882414\n|switch|p2a: Necrozma|Necrozma-Dusk-Mane, shiny|94\/100 brn\n|move|p1a: E tour na dus|Dynamax Cannon|p2a: Necrozma\n|-resisted|p2a: Necrozma\n|-damage|p2a: Necrozma|80\/100 brn\n|\n|-damage|p2a: Necrozma|74\/100 brn|[from] brn\n|upkeep\n|turn|44\n|\n|t:|1699882418\n|move|p2a: Necrozma|Dragon Dance|p2a: Necrozma\n|-boost|p2a: Necrozma|atk|1\n|-boost|p2a: Necrozma|spe|1\n|cant|p1a: E tour na dus|par\n|\n|-damage|p2a: Necrozma|68\/100 brn|[from] brn\n|upkeep\n|turn|45\n|\n|t:|1699882423\n|switch|p1a: Bros over Ho's|Ho-Oh, tera:Grass|100\/100\n|move|p2a: Necrozma|Dragon Dance|p2a: Necrozma\n|-boost|p2a: Necrozma|atk|1\n|-boost|p2a: Necrozma|spe|1\n|\n|-damage|p2a: Necrozma|61\/100 brn|[from] brn\n|upkeep\n|turn|46\n|\n|t:|1699882427\n|switch|p2a: Zygarde|Zygarde-Complete|100\/100\n|move|p1a: Bros over Ho's|Defog|p2a: Zygarde\n|-unboost|p2a: Zygarde|evasion|1\n|-sideend|p1: Bblacksniper|Stealth Rock|[from] move: Defog|[of] p1a: Bros over Ho's\n|\n|upkeep\n|turn|47\n|\n|t:|1699882437\n|switch|p2a: Groudon|Groudon-Primal, L99, shiny|70\/100\n|-weather|DesolateLand|[from] ability: Desolate Land|[of] p2a: Groudon\n|switch|p1a: IJUSTLOSTMYDAWG|Yveltal|100\/100 par\n|-ability|p1a: IJUSTLOSTMYDAWG|Dark Aura\n|\n|-weather|DesolateLand|[upkeep]\n|upkeep\n|turn|48\n|\n|t:|1699882442\n|move|p2a: Groudon|Overheat|p1a: IJUSTLOSTMYDAWG\n|-damage|p1a: IJUSTLOSTMYDAWG|31\/100 par\n|-unboost|p2a: Groudon|spa|2\n|move|p1a: IJUSTLOSTMYDAWG|Foul Play|p2a: Groudon\n|-damage|p2a: Groudon|32\/100\n|\n|-weather|DesolateLand|[upkeep]\n|upkeep\n|turn|49\n|\n|t:|1699882449\n|move|p2a: Groudon|Overheat|p1a: IJUSTLOSTMYDAWG\n|-damage|p1a: IJUSTLOSTMYDAWG|0 fnt\n|-unboost|p2a: Groudon|spa|2\n|faint|p1a: IJUSTLOSTMYDAWG\n|\n|-weather|DesolateLand|[upkeep]\n|upkeep\n|\n|t:|1699882453\n|switch|p1a: Marshadow|Marshadow|100\/100\n|turn|50\n|\n|t:|1699882457\n|-weather|none\n|switch|p2a: Yveltal|Yveltal, shiny|100\/100\n|-ability|p2a: Yveltal|Dark Aura\n|move|p1a: Marshadow|Low Kick|p2a: Yveltal\n|-damage|p2a: Yveltal|61\/100\n|\n|upkeep\n|turn|51\n|\n|t:|1699882461\n|move|p1a: Marshadow|Stone Edge|p2a: Yveltal\n|-supereffective|p2a: Yveltal\n|-damage|p2a: Yveltal|15\/100\n|move|p2a: Yveltal|Roost|p2a: Yveltal\n|-heal|p2a: Yveltal|66\/100\n|-singleturn|p2a: Yveltal|move: Roost\n|\n|upkeep\n|turn|52\n|\n|t:|1699882466\n|move|p1a: Marshadow|Stone Edge|p2a: Yveltal\n|-supereffective|p2a: Yveltal\n|-crit|p2a: Yveltal\n|-damage|p2a: Yveltal|3\/100\n|move|p2a: Yveltal|Roost|p2a: Yveltal\n|-heal|p2a: Yveltal|53\/100\n|-singleturn|p2a: Yveltal|move: Roost\n|\n|upkeep\n|turn|53\n|\n|t:|1699882472\n|switch|p2a: Zygarde|Zygarde-Complete|100\/100\n|move|p1a: Marshadow|Stone Edge|p2a: Zygarde|[miss]\n|-miss|p1a: Marshadow|p2a: Zygarde\n|\n|upkeep\n|turn|54\n|\n|t:|1699882478\n|switch|p1a: E tour na dus|Eternatus|100\/100 par\n|-ability|p1a: E tour na dus|Pressure\n|move|p2a: Zygarde|Thousand Arrows|p1a: E tour na dus\n|-supereffective|p1a: E tour na dus\n|-crit|p1a: E tour na dus\n|-damage|p1a: E tour na dus|22\/100 par\n|\n|upkeep\n|turn|55\n|\n|t:|1699882482\n|move|p2a: Zygarde|Thousand Arrows|p1a: E tour na dus\n|-supereffective|p1a: E tour na dus\n|-damage|p1a: E tour na dus|0 fnt\n|faint|p1a: E tour na dus\n|\n|upkeep\n|-message|Bblacksniper forfeited.\n|\n|win|C0ld as Ice\n|raw|Bblacksniper's rating: 1689 &rarr; <strong>1678<\/strong><br \/>(-11 for losing)\n|raw|C0ld as Ice's rating: 1861 &rarr; <strong>1872<\/strong><br \/>(+11 for winning)\n|l|\u2606Bblacksniper\n","uploadtime":1699882625,"views":8,"p1id":"bblacksniper","p2id":"c0ldasice","formatid":"gen9nationaldexubers","rating":1678,"private":0,"password":""}