{"id":"gen9nationaldexubers-1988048814","p1":"DanTheNinja56","p2":"Cyniot","format":"[Gen 9] National Dex Ubers","log":"|j|\u2606DanTheNinja56\n|j|\u2606Cyniot\n|t:|1699663268\n|gametype|singles\n|player|p1|DanTheNinja56|hilbert-wonderlauncher|1400\n|player|p2|Cyniot|ash|1684\n|teamsize|p1|6\n|teamsize|p2|6\n|gen|9\n|tier|[Gen 9] National Dex Ubers\n|rated|\n|rule|HP Percentage Mod: HP is shown in percentages\n|rule|Endless Battle Clause: Forcing endless battles is banned\n|rule|OHKO Clause: OHKO moves are banned\n|rule|Evasion Moves Clause: Evasion moves are banned\n|rule|Evasion Items Clause: Evasion items are banned\n|rule|Species Clause: Limit one of each Pok\u00e9mon\n|rule|Sleep Clause Mod: Limit one foe put to sleep\n|rule|Mega Rayquaza Clause: You cannot mega evolve Rayquaza\n|clearpoke\n|poke|p1|Kyogre|\n|poke|p1|Eternatus|\n|poke|p1|Zacian-*|\n|poke|p1|Marshadow|\n|poke|p1|Kommo-o, F|\n|poke|p1|Kingambit, F|\n|poke|p2|Arceus-Water|\n|poke|p2|Zacian-*|\n|poke|p2|Ho-Oh|\n|poke|p2|Yveltal|\n|poke|p2|Zygarde|\n|poke|p2|Ferrothorn, M|\n|teampreview\n|inactive|Battle timer is ON: inactive players will automatically lose when time's up. (requested by Cyniot)\n|inactive|DanTheNinja56 also wants the timer to be on.\n|j| Rytu5872\n|inactive|DanTheNinja56 has 120 seconds left.\n|\n|t:|1699663301\n|start\n|switch|p1a: Kyogre|Kyogre, shiny|100\/100\n|switch|p2a: Ho-Oh|Ho-Oh|100\/100\n|detailschange|p1a: Kyogre|Kyogre-Primal, shiny\n|-primal|p1a: Kyogre|Blue Orb\n|-weather|PrimordialSea|[from] ability: Primordial Sea|[of] p1a: Kyogre\n|turn|1\n|\n|t:|1699663303\n|switch|p2a: Ferrothorn|Ferrothorn, M|100\/100\n|move|p1a: Kyogre|Waterfall|p2a: Ferrothorn\n|-resisted|p2a: Ferrothorn\n|-damage|p2a: Ferrothorn|79\/100\n|-damage|p1a: Kyogre|88\/100|[from] ability: Iron Barbs|[of] p2a: Ferrothorn\n|-damage|p1a: Kyogre|72\/100|[from] item: Rocky Helmet|[of] p2a: Ferrothorn\n|\n|-weather|PrimordialSea|[upkeep]\n|upkeep\n|turn|2\n|\n|t:|1699663307\n|move|p1a: Kyogre|Ice Beam|p2a: Ferrothorn\n|-damage|p2a: Ferrothorn|55\/100\n|move|p2a: Ferrothorn|Leech Seed|p1a: Kyogre\n|-start|p1a: Kyogre|move: Leech Seed\n|\n|-weather|PrimordialSea|[upkeep]\n|-damage|p1a: Kyogre|59\/100|[from] Leech Seed|[of] p2a: Ferrothorn\n|-heal|p2a: Ferrothorn|67\/100|[silent]\n|upkeep\n|turn|3\n|\n|t:|1699663313\n|move|p1a: Kyogre|Ice Beam|p2a: Ferrothorn\n|-damage|p2a: Ferrothorn|40\/100\n|move|p2a: Ferrothorn|Stealth Rock|p1a: Kyogre\n|-sidestart|p1: DanTheNinja56|move: Stealth Rock\n|\n|-weather|PrimordialSea|[upkeep]\n|-damage|p1a: Kyogre|47\/100|[from] Leech Seed|[of] p2a: Ferrothorn\n|-heal|p2a: Ferrothorn|52\/100|[silent]\n|upkeep\n|turn|4\n|\n|t:|1699663315\n|move|p1a: Kyogre|Ice Beam|p2a: Ferrothorn\n|-damage|p2a: Ferrothorn|26\/100\n|move|p2a: Ferrothorn|Gyro Ball|p1a: Kyogre\n|-resisted|p1a: Kyogre\n|-damage|p1a: Kyogre|17\/100\n|\n|-weather|PrimordialSea|[upkeep]\n|-damage|p1a: Kyogre|5\/100|[from] Leech Seed|[of] p2a: Ferrothorn\n|-heal|p2a: Ferrothorn|38\/100|[silent]\n|upkeep\n|turn|5\n|\n|t:|1699663317\n|move|p1a: Kyogre|Ice Beam|p2a: Ferrothorn\n|-damage|p2a: Ferrothorn|10\/100\n|move|p2a: Ferrothorn|Stealth Rock||[still]\n|-fail|p2a: Ferrothorn\n|\n|-weather|PrimordialSea|[upkeep]\n|-damage|p1a: Kyogre|0 fnt|[from] Leech Seed|[of] p2a: Ferrothorn\n|-heal|p2a: Ferrothorn|14\/100|[silent]\n|faint|p1a: Kyogre\n|-weather|none\n|upkeep\n|\n|t:|1699663325\n|switch|p1a: Eternatus|Eternatus|100\/100\n|-damage|p1a: Eternatus|88\/100|[from] Stealth Rock\n|-ability|p1a: Eternatus|Pressure\n|turn|6\n|\n|t:|1699663328\n|move|p1a: Eternatus|Flamethrower|p2a: Ferrothorn\n|-supereffective|p2a: Ferrothorn\n|-damage|p2a: Ferrothorn|0 fnt\n|faint|p2a: Ferrothorn\n|\n|upkeep\n|\n|t:|1699663333\n|switch|p2a: Arceus|Arceus-Water|100\/100\n|turn|7\n|\n|t:|1699663336\n|move|p1a: Eternatus|Sludge Bomb|p2a: Arceus\n|-damage|p2a: Arceus|66\/100\n|-status|p2a: Arceus|psn\n|move|p2a: Arceus|Calm Mind|p2a: Arceus\n|-boost|p2a: Arceus|spa|1\n|-boost|p2a: Arceus|spd|1\n|\n|-damage|p2a: Arceus|54\/100 psn|[from] psn\n|upkeep\n|turn|8\n|\n|t:|1699663342\n|move|p1a: Eternatus|Sludge Bomb|p2a: Arceus\n|-damage|p2a: Arceus|31\/100 psn\n|move|p2a: Arceus|Recover|p2a: Arceus\n|-heal|p2a: Arceus|81\/100 psn\n|\n|-damage|p2a: Arceus|69\/100 psn|[from] psn\n|upkeep\n|turn|9\n|\n|t:|1699663347\n|move|p1a: Eternatus|Sludge Bomb|p2a: Arceus\n|-damage|p2a: Arceus|47\/100 psn\n|move|p2a: Arceus|Calm Mind|p2a: Arceus\n|-boost|p2a: Arceus|spa|1\n|-boost|p2a: Arceus|spd|1\n|\n|-damage|p2a: Arceus|35\/100 psn|[from] psn\n|upkeep\n|turn|10\n|\n|t:|1699663352\n|move|p1a: Eternatus|Sludge Bomb|p2a: Arceus\n|-damage|p2a: Arceus|18\/100 psn\n|move|p2a: Arceus|Recover|p2a: Arceus\n|-heal|p2a: Arceus|68\/100 psn\n|\n|-damage|p2a: Arceus|55\/100 psn|[from] psn\n|upkeep\n|turn|11\n|\n|t:|1699663362\n|switch|p1a: Kingambit|Kingambit, F|100\/100\n|-damage|p1a: Kingambit|94\/100|[from] Stealth Rock\n|-activate|p1a: Kingambit|ability: Supreme Overlord\n|-start|p1a: Kingambit|fallen1|[silent]\n|move|p2a: Arceus|Recover|p2a: Arceus\n|-heal|p2a: Arceus|100\/100 psn\n|\n|-damage|p2a: Arceus|88\/100 psn|[from] psn\n|upkeep\n|turn|12\n|\n|t:|1699663369\n|move|p2a: Arceus|Judgment|p1a: Kingambit\n|-damage|p1a: Kingambit|0 fnt\n|faint|p1a: Kingambit\n|-end|p1a: Kingambit|fallen1|[silent]\n|\n|-damage|p2a: Arceus|76\/100 psn|[from] psn\n|upkeep\n|\n|t:|1699663374\n|switch|p1a: Kommo-o|Kommo-o, F|100\/100\n|-damage|p1a: Kommo-o|94\/100|[from] Stealth Rock\n|turn|13\n|\n|t:|1699663377\n|switch|p2a: Zacian|Zacian-Crowned|100\/100\n|-ability|p2a: Zacian|Intrepid Sword|boost\n|-boost|p2a: Zacian|atk|1\n|-zpower|p1a: Kommo-o\n|move|p1a: Kommo-o|Clangorous Soulblaze|p2a: Zacian|[zeffect]\n|-immune|p2a: Zacian\n|\n|upkeep\n|turn|14\n|n|!DanTheNinja56|dantheninja56\n|-message|DanTheNinja56 forfeited.\n|\n|win|Cyniot\n|raw|DanTheNinja56's rating: 1400 &rarr; <strong>1393<\/strong><br \/>(-7 for losing)\n|raw|Cyniot's rating: 1684 &rarr; <strong>1691<\/strong><br \/>(+7 for winning)\n","uploadtime":1699663385,"views":5,"p1id":"dantheninja56","p2id":"cyniot","formatid":"gen9nationaldexubers","rating":1393,"private":0,"password":""}