{"id":"gen9nationaldexubers-1981599630","p1":"MommyMikuNakano","p2":"Breeze88","format":"[Gen 9] National Dex Ubers","log":"|j|\u2606MommyMikuNakano\n|j|\u2606Breeze88\n|t:|1698924338\n|gametype|singles\n|player|p1|MommyMikuNakano|erika-gen1|1734\n|player|p2|Breeze88|steven|1697\n|teamsize|p1|6\n|teamsize|p2|6\n|gen|9\n|tier|[Gen 9] National Dex Ubers\n|rated|\n|rule|HP Percentage Mod: HP is shown in percentages\n|rule|Endless Battle Clause: Forcing endless battles is banned\n|rule|OHKO Clause: OHKO moves are banned\n|rule|Evasion Moves Clause: Evasion moves are banned\n|rule|Evasion Items Clause: Evasion items are banned\n|rule|Species Clause: Limit one of each Pok\u00e9mon\n|rule|Sleep Clause Mod: Limit one foe put to sleep\n|rule|Mega Rayquaza Clause: You cannot mega evolve Rayquaza\n|clearpoke\n|poke|p1|Salamence, M|\n|poke|p1|Kingambit, M|\n|poke|p1|Ditto|\n|poke|p1|Groudon|\n|poke|p1|Necrozma-Dusk-Mane|\n|poke|p1|Arceus-Fairy|\n|poke|p2|Shuckle, M|\n|poke|p2|Groudon|\n|poke|p2|Arceus-Ground|\n|poke|p2|Xerneas-*|\n|poke|p2|Salamence, F|\n|poke|p2|Necrozma-Dusk-Mane|\n|teampreview\n|inactive|Battle timer is ON: inactive players will automatically lose when time's up. (requested by Breeze88)\n|inactive|MommyMikuNakano also wants the timer to be on.\n|c|\u2606Breeze88|glhf\n|\n|t:|1698924361\n|start\n|switch|p1a: Ditto|Ditto, shiny|100\/100\n|switch|p2a: Arceus|Arceus-Ground|100\/100\n|-transform|p1a: Ditto|p2a: Arceus|[from] ability: Imposter\n|turn|1\n|\n|t:|1698924380\n|switch|p1a: Salamence|Salamence, M|100\/100\n|-ability|p1a: Salamence|Intimidate|boost\n|-unboost|p2a: Arceus|atk|1\n|move|p2a: Arceus|Earthquake|p1a: Salamence\n|-immune|p1a: Salamence\n|\n|upkeep\n|turn|2\n|\n|t:|1698924391\n|switch|p1a: Ditto|Ditto, shiny|100\/100\n|-transform|p1a: Ditto|p2a: Arceus|[from] ability: Imposter\n|switch|p2a: Shuckle|Shuckle, M, shiny|100\/100\n|\n|upkeep\n|turn|3\n|\n|t:|1698924399\n|switch|p1a: Necrozma|Necrozma-Dusk-Mane, shiny|100\/100\n|move|p2a: Shuckle|Sticky Web|p1a: Necrozma\n|-sidestart|p1: MommyMikuNakano|move: Sticky Web\n|\n|upkeep\n|turn|4\n|\n|t:|1698924413\n|switch|p1a: Ditto|Ditto, shiny|100\/100\n|-activate|p1a: Ditto|move: Sticky Web\n|-unboost|p1a: Ditto|spe|1\n|-transform|p1a: Ditto|p2a: Shuckle|[from] ability: Imposter\n|move|p2a: Shuckle|Encore||[still]\n|-fail|p2a: Shuckle\n|\n|upkeep\n|turn|5\n|\n|t:|1698924418\n|move|p1a: Ditto|Sticky Web|p2a: Shuckle\n|-sidestart|p2: Breeze88|move: Sticky Web\n|move|p2a: Shuckle|Knock Off|p1a: Ditto\n|-damage|p1a: Ditto|98\/100\n|-enditem|p1a: Ditto|Choice Scarf|[from] move: Knock Off|[of] p2a: Shuckle\n|\n|upkeep\n|turn|6\n|\n|t:|1698924423\n|move|p2a: Shuckle|Stealth Rock|p1a: Ditto\n|-sidestart|p1: MommyMikuNakano|move: Stealth Rock\n|move|p1a: Ditto|Encore|p2a: Shuckle\n|-start|p2a: Shuckle|Encore\n|-enditem|p2a: Shuckle|Mental Herb\n|-end|p2a: Shuckle|Encore\n|\n|upkeep\n|turn|7\n|\n|t:|1698924431\n|switch|p2a: Necrozma|Necrozma-Dusk-Mane, shiny|100\/100\n|-activate|p2a: Necrozma|move: Sticky Web\n|-unboost|p2a: Necrozma|spe|1\n|move|p1a: Ditto|Stealth Rock|p2a: Necrozma\n|-sidestart|p2: Breeze88|move: Stealth Rock\n|\n|upkeep\n|turn|8\n|\n|t:|1698924437\n|switch|p1a: Salamence|Salamence, M|100\/100\n|-damage|p1a: Salamence|76\/100|[from] Stealth Rock\n|-ability|p1a: Salamence|Intimidate|boost\n|-unboost|p2a: Necrozma|atk|1\n|move|p2a: Necrozma|Dragon Dance|p2a: Necrozma\n|-boost|p2a: Necrozma|atk|1\n|-boost|p2a: Necrozma|spe|1\n|\n|upkeep\n|turn|9\n|\n|t:|1698924464\n|switch|p1a: Groudon|Groudon|100\/100\n|-activate|p1a: Groudon|move: Sticky Web\n|-unboost|p1a: Groudon|spe|1\n|-damage|p1a: Groudon|94\/100|[from] Stealth Rock\n|detailschange|p1a: Groudon|Groudon-Primal\n|-primal|p1a: Groudon|Red Orb\n|-weather|DesolateLand|[from] ability: Desolate Land|[of] p1a: Groudon\n|move|p2a: Necrozma|Sunsteel Strike|p1a: Groudon\n|-resisted|p1a: Groudon\n|-crit|p1a: Groudon\n|-damage|p1a: Groudon|71\/100\n|\n|-weather|DesolateLand|[upkeep]\n|upkeep\n|turn|10\n|inactive|Breeze88 has 120 seconds left.\n|\n|t:|1698924486\n|move|p2a: Necrozma|Earthquake|p1a: Groudon\n|-supereffective|p1a: Groudon\n|-damage|p1a: Groudon|36\/100\n|move|p1a: Groudon|Earthquake|p2a: Necrozma\n|-supereffective|p2a: Necrozma\n|-damage|p2a: Necrozma|33\/100\n|-enditem|p2a: Necrozma|Weakness Policy\n|-boost|p2a: Necrozma|atk|2|[from] item: Weakness Policy\n|-boost|p2a: Necrozma|spa|2|[from] item: Weakness Policy\n|\n|-weather|DesolateLand|[upkeep]\n|upkeep\n|turn|11\n|inactive|Breeze88 has 120 seconds left.\n|\n|t:|1698924497\n|move|p2a: Necrozma|Earthquake|p1a: Groudon\n|-supereffective|p1a: Groudon\n|-crit|p1a: Groudon\n|-damage|p1a: Groudon|0 fnt\n|faint|p1a: Groudon\n|-weather|none\n|\n|upkeep\n|\n|t:|1698924499\n|switch|p1a: Ditto|Ditto, shiny|98\/100\n|-activate|p1a: Ditto|move: Sticky Web\n|-unboost|p1a: Ditto|spe|1\n|-damage|p1a: Ditto|85\/100|[from] Stealth Rock\n|-transform|p1a: Ditto|p2a: Necrozma|[from] ability: Imposter\n|turn|12\n|\n|t:|1698924503\n|move|p1a: Ditto|Sunsteel Strike|p2a: Necrozma\n|-resisted|p2a: Necrozma\n|-damage|p2a: Necrozma|0 fnt\n|faint|p2a: Necrozma\n|\n|upkeep\n|\n|t:|1698924506\n|switch|p2a: Arceus|Arceus-Ground|100\/100\n|-activate|p2a: Arceus|move: Sticky Web\n|-unboost|p2a: Arceus|spe|1\n|-damage|p2a: Arceus|94\/100|[from] Stealth Rock\n|turn|13\n|\n|t:|1698924514\n|move|p2a: Arceus|Swords Dance|p2a: Arceus\n|-boost|p2a: Arceus|atk|2\n|move|p1a: Ditto|Sunsteel Strike|p2a: Arceus\n|-damage|p2a: Arceus|0 fnt\n|faint|p2a: Arceus\n|\n|upkeep\n|c|\u2606Breeze88|wp\n|\n|t:|1698924522\n|switch|p2a: Groudon|Groudon|100\/100\n|-activate|p2a: Groudon|move: Sticky Web\n|-unboost|p2a: Groudon|spe|1\n|-damage|p2a: Groudon|94\/100|[from] Stealth Rock\n|detailschange|p2a: Groudon|Groudon-Primal\n|-primal|p2a: Groudon|Red Orb\n|-weather|DesolateLand|[from] ability: Desolate Land|[of] p2a: Groudon\n|turn|14\n|\n|t:|1698924529\n|switch|p1a: Salamence|Salamence, M|76\/100\n|-damage|p1a: Salamence|51\/100|[from] Stealth Rock\n|-ability|p1a: Salamence|Intimidate|boost\n|-unboost|p2a: Groudon|atk|1\n|move|p2a: Groudon|Precipice Blades|p1a: Salamence\n|-immune|p1a: Salamence\n|\n|-weather|DesolateLand|[upkeep]\n|upkeep\n|turn|15\n|\n|t:|1698924533\n|detailschange|p1a: Salamence|Salamence-Mega, M\n|-mega|p1a: Salamence|Salamence|Salamencite\n|move|p1a: Salamence|Roost|p1a: Salamence\n|-heal|p1a: Salamence|100\/100\n|-singleturn|p1a: Salamence|move: Roost\n|move|p2a: Groudon|Rock Tomb|p1a: Salamence\n|-damage|p1a: Salamence|87\/100\n|-unboost|p1a: Salamence|spe|1\n|\n|-weather|DesolateLand|[upkeep]\n|upkeep\n|turn|16\n|\n|t:|1698924541\n|move|p1a: Salamence|Dragon Dance|p1a: Salamence\n|-boost|p1a: Salamence|atk|1\n|-boost|p1a: Salamence|spe|1\n|move|p2a: Groudon|Eruption|p1a: Salamence\n|-resisted|p1a: Salamence\n|-damage|p1a: Salamence|12\/100\n|\n|-weather|DesolateLand|[upkeep]\n|upkeep\n|turn|17\n|\n|t:|1698924550\n|move|p1a: Salamence|Frustration|p2a: Groudon\n|-damage|p2a: Groudon|23\/100\n|move|p2a: Groudon|Rock Tomb|p1a: Salamence|[miss]\n|-miss|p2a: Groudon|p1a: Salamence\n|\n|-weather|DesolateLand|[upkeep]\n|upkeep\n|turn|18\n|\n|t:|1698924559\n|move|p1a: Salamence|Frustration|p2a: Groudon\n|-crit|p2a: Groudon\n|-damage|p2a: Groudon|0 fnt\n|faint|p2a: Groudon\n|-weather|none\n|\n|upkeep\n|\n|t:|1698924586\n|switch|p2a: Xerneas|Xerneas|100\/100\n|-activate|p2a: Xerneas|move: Sticky Web\n|-unboost|p2a: Xerneas|spe|1\n|-damage|p2a: Xerneas|88\/100|[from] Stealth Rock\n|-ability|p2a: Xerneas|Fairy Aura\n|turn|19\n|\n|t:|1698924601\n|move|p1a: Salamence|Frustration|p2a: Xerneas\n|-damage|p2a: Xerneas|2\/100\n|move|p2a: Xerneas|Geomancy||[still]\n|-prepare|p2a: Xerneas|Geomancy\n|-enditem|p2a: Xerneas|Power Herb\n|-anim|p2a: Xerneas|Geomancy|p2a: Xerneas\n|-boost|p2a: Xerneas|spa|2\n|-boost|p2a: Xerneas|spd|2\n|-boost|p2a: Xerneas|spe|2\n|\n|upkeep\n|turn|20\n|\n|t:|1698924605\n|move|p1a: Salamence|Frustration|p2a: Xerneas\n|-damage|p2a: Xerneas|0 fnt\n|faint|p2a: Xerneas\n|\n|upkeep\n|\n|t:|1698924608\n|switch|p2a: Salamence|Salamence, F|100\/100\n|-damage|p2a: Salamence|75\/100|[from] Stealth Rock\n|-ability|p2a: Salamence|Intimidate|boost\n|-unboost|p1a: Salamence|atk|1\n|turn|21\n|\n|t:|1698924612\n|detailschange|p2a: Salamence|Salamence-Mega, F\n|-mega|p2a: Salamence|Salamence|Salamencite\n|move|p1a: Salamence|Frustration|p2a: Salamence\n|-damage|p2a: Salamence|19\/100\n|move|p2a: Salamence|Dragon Dance|p2a: Salamence\n|-boost|p2a: Salamence|atk|1\n|-boost|p2a: Salamence|spe|1\n|\n|upkeep\n|turn|22\n|\n|t:|1698924618\n|move|p2a: Salamence|Return|p1a: Salamence\n|-damage|p1a: Salamence|0 fnt\n|faint|p1a: Salamence\n|\n|upkeep\n|\n|t:|1698924626\n|switch|p1a: Arceus|Arceus-Fairy|100\/100\n|-activate|p1a: Arceus|move: Sticky Web\n|-unboost|p1a: Arceus|spe|1\n|-damage|p1a: Arceus|88\/100|[from] Stealth Rock\n|turn|23\n|\n|t:|1698924631\n|-terastallize|p1a: Arceus|Steel\n|move|p2a: Salamence|Return|p1a: Arceus\n|-resisted|p1a: Arceus\n|-damage|p1a: Arceus|53\/100\n|move|p1a: Arceus|Judgment|p2a: Salamence\n|-supereffective|p2a: Salamence\n|-damage|p2a: Salamence|0 fnt\n|faint|p2a: Salamence\n|\n|upkeep\n|\n|t:|1698924633\n|switch|p2a: Shuckle|Shuckle, M, shiny|100\/100\n|-activate|p2a: Shuckle|move: Sticky Web\n|-unboost|p2a: Shuckle|spe|1\n|-damage|p2a: Shuckle|75\/100|[from] Stealth Rock\n|turn|24\n|c|\u2606Breeze88|ggwp\n|\n|t:|1698924638\n|move|p1a: Arceus|Toxic|p2a: Shuckle|[miss]\n|-miss|p1a: Arceus|p2a: Shuckle\n|move|p2a: Shuckle|Knock Off|p1a: Arceus\n|-damage|p1a: Arceus|50\/100\n|\n|upkeep\n|turn|25\n|\n|t:|1698924640\n|move|p1a: Arceus|Toxic|p2a: Shuckle\n|-status|p2a: Shuckle|tox\n|move|p2a: Shuckle|Knock Off|p1a: Arceus\n|-damage|p1a: Arceus|48\/100\n|\n|-damage|p2a: Shuckle|69\/100 tox|[from] psn\n|upkeep\n|turn|26\n|\n|t:|1698924643\n|switch|p1a: Necrozma|Necrozma-Dusk-Mane, shiny|100\/100\n|-activate|p1a: Necrozma|move: Sticky Web\n|-unboost|p1a: Necrozma|spe|1\n|-damage|p1a: Necrozma|95\/100|[from] Stealth Rock\n|move|p2a: Shuckle|Knock Off|p1a: Necrozma\n|-supereffective|p1a: Necrozma\n|-damage|p1a: Necrozma|90\/100\n|\n|-damage|p2a: Shuckle|57\/100 tox|[from] psn\n|upkeep\n|turn|27\n|\n|t:|1698924645\n|switch|p1a: Arceus|Arceus-Fairy, tera:Steel|48\/100\n|-activate|p1a: Arceus|move: Sticky Web\n|-unboost|p1a: Arceus|spe|1\n|-damage|p1a: Arceus|42\/100|[from] Stealth Rock\n|move|p2a: Shuckle|Knock Off|p1a: Arceus\n|-damage|p1a: Arceus|39\/100\n|\n|-damage|p2a: Shuckle|39\/100 tox|[from] psn\n|upkeep\n|turn|28\n|\n|t:|1698924648\n|switch|p1a: Necrozma|Necrozma-Dusk-Mane, shiny|90\/100\n|-activate|p1a: Necrozma|move: Sticky Web\n|-unboost|p1a: Necrozma|spe|1\n|-damage|p1a: Necrozma|84\/100|[from] Stealth Rock\n|move|p2a: Shuckle|Knock Off|p1a: Necrozma\n|-supereffective|p1a: Necrozma\n|-damage|p1a: Necrozma|79\/100\n|\n|-damage|p2a: Shuckle|14\/100 tox|[from] psn\n|upkeep\n|turn|29\n|\n|t:|1698924650\n|switch|p1a: Arceus|Arceus-Fairy, tera:Steel|39\/100\n|-activate|p1a: Arceus|move: Sticky Web\n|-unboost|p1a: Arceus|spe|1\n|-damage|p1a: Arceus|33\/100|[from] Stealth Rock\n|move|p2a: Shuckle|Knock Off|p1a: Arceus\n|-damage|p1a: Arceus|30\/100\n|\n|-damage|p2a: Shuckle|0 fnt|[from] psn\n|faint|p2a: Shuckle\n|\n|win|MommyMikuNakano\n|upkeep\n|raw|MommyMikuNakano's rating: 1734 &rarr; <strong>1752<\/strong><br \/>(+18 for winning)\n|raw|Breeze88's rating: 1697 &rarr; <strong>1679<\/strong><br \/>(-18 for losing)\n|l|\u2606Breeze88\n|l|\u2606MommyMikuNakano\n","uploadtime":1698924660,"views":7,"p1id":"mommymikunakano","p2id":"breeze88","formatid":"gen9nationaldexubers","rating":1679,"private":0,"password":""}