{"id":"gen9nationaldexubers-1996776470","p1":"Just B3A$T","p2":"ANinjaDude","format":"[Gen 9] National Dex Ubers","log":"|j|\u2606Just B3A$T\n|j|\u2606ANinjaDude\n|t:|1700723450\n|gametype|singles\n|player|p1|Just B3A$T|dawn|\n|player|p2|ANinjaDude|volkner|\n|teamsize|p1|6\n|teamsize|p2|6\n|gen|9\n|tier|[Gen 9] National Dex Ubers\n|rule|HP Percentage Mod: HP is shown in percentages\n|rule|Endless Battle Clause: Forcing endless battles is banned\n|rule|OHKO Clause: OHKO moves are banned\n|rule|Evasion Moves Clause: Evasion moves are banned\n|rule|Evasion Items Clause: Evasion items are banned\n|rule|Species Clause: Limit one of each Pok\u00e9mon\n|rule|Sleep Clause Mod: Limit one foe put to sleep\n|rule|Mega Rayquaza Clause: You cannot mega evolve Rayquaza\n|clearpoke\n|poke|p1|Rillaboom, M|\n|poke|p1|Samurott-Hisui, M|\n|poke|p1|Diancie|\n|poke|p1|Gholdengo|\n|poke|p1|Alomomola, F|\n|poke|p1|Moltres|\n|poke|p2|Gholdengo|\n|poke|p2|Gliscor, M|\n|poke|p2|Skarmory, F|\n|poke|p2|Mantine, M|\n|poke|p2|Moltres|\n|poke|p2|Tornadus-Therian, M|\n|teampreview\n|inactive|Battle timer is ON: inactive players will automatically lose when time's up. (requested by Just B3A$T)\n|inactive|ANinjaDude also wants the timer to be on.\n|c|\u2606ANinjaDude|glhf\n|c|\u2606Just B3A$T|u2\n|c|\u2606ANinjaDude|how do you feel about spikes\n|c|\u2606Just B3A$T|let's see if I can clip thy wings\n|c|\u2606Just B3A$T|uhhh\n|c|\u2606Just B3A$T|I can remove em\n|c|\u2606Just B3A$T|so no issue\n|inactive|Just B3A$T has 270 seconds left.\n|c|\u2606ANinjaDude|intriguing\n|\n|t:|1700723485\n|start\n|switch|p1a: edge pro max|Samurott-Hisui, M, shiny|100\/100\n|switch|p2a: Gliscor|Gliscor, M|100\/100\n|turn|1\n|\n|t:|1700723495\n|switch|p2a: Skarmory|Skarmory, F|100\/100\n|move|p1a: edge pro max|Flip Turn|p2a: Skarmory\n|-damage|p2a: Skarmory|83\/100\n|-damage|p1a: edge pro max|84\/100|[from] item: Rocky Helmet|[of] p2a: Skarmory\n|\n|t:|1700723512\n|switch|p1a: budget Ho-oh|Moltres|100\/100|[from] Flip Turn\n|\n|upkeep\n|turn|2\n|\n|t:|1700723519\n|switch|p2a: Mantine|Mantine, M|100\/100\n|move|p1a: budget Ho-oh|Hurricane|p2a: Mantine|[miss]\n|-miss|p1a: budget Ho-oh|p2a: Mantine\n|\n|upkeep\n|turn|3\n|c|\u2606Just B3A$T|ballz\n|\n|t:|1700723525\n|move|p1a: budget Ho-oh|Hurricane|p2a: Mantine\n|-damage|p2a: Mantine|73\/100\n|move|p2a: Mantine|Toxic|p1a: budget Ho-oh\n|-status|p1a: budget Ho-oh|tox\n|\n|-damage|p1a: budget Ho-oh|94\/100 tox|[from] psn\n|upkeep\n|turn|4\n|c|\u2606ANinjaDude|lol\n|c|\u2606ANinjaDude|unfort\n|\n|t:|1700723530\n|switch|p1a: FEESH|Alomomola, F, shiny|100\/100\n|move|p2a: Mantine|Roost|p2a: Mantine\n|-heal|p2a: Mantine|100\/100\n|-singleturn|p2a: Mantine|move: Roost\n|\n|upkeep\n|turn|5\n|\n|t:|1700723535\n|move|p2a: Mantine|Toxic|p1a: FEESH\n|-status|p1a: FEESH|tox\n|move|p1a: FEESH|Toxic|p2a: Mantine\n|-status|p2a: Mantine|tox\n|\n|-damage|p2a: Mantine|94\/100 tox|[from] psn\n|-damage|p1a: FEESH|94\/100 tox|[from] psn\n|upkeep\n|turn|6\n|\n|t:|1700723548\n|switch|p1a: budget Ho-oh|Moltres|94\/100 tox\n|move|p2a: Mantine|Scald|p1a: budget Ho-oh\n|-supereffective|p1a: budget Ho-oh\n|-damage|p1a: budget Ho-oh|63\/100 tox\n|\n|-damage|p1a: budget Ho-oh|57\/100 tox|[from] psn\n|-damage|p2a: Mantine|82\/100 tox|[from] psn\n|upkeep\n|turn|7\n|\n|t:|1700723554\n|switch|p2a: Gliscor|Gliscor, M|100\/100\n|move|p1a: budget Ho-oh|Roost|p1a: budget Ho-oh\n|-heal|p1a: budget Ho-oh|100\/100 tox\n|-singleturn|p1a: budget Ho-oh|move: Roost\n|\n|-damage|p1a: budget Ho-oh|88\/100 tox|[from] psn\n|-status|p2a: Gliscor|tox|[from] item: Toxic Orb\n|upkeep\n|turn|8\n|\n|t:|1700723558\n|move|p2a: Gliscor|Stealth Rock|p1a: budget Ho-oh\n|-sidestart|p1: Just B3A$T|move: Stealth Rock\n|move|p1a: budget Ho-oh|Hurricane|p2a: Gliscor\n|-damage|p2a: Gliscor|48\/100 tox\n|\n|-heal|p2a: Gliscor|60\/100 tox|[from] ability: Poison Heal\n|-damage|p1a: budget Ho-oh|70\/100 tox|[from] psn\n|upkeep\n|turn|9\n|\n|t:|1700723565\n|switch|p2a: Tornadus|Tornadus-Therian, M|100\/100\n|move|p1a: budget Ho-oh|Defog|p2a: Tornadus\n|-unboost|p2a: Tornadus|evasion|1\n|-sideend|p1: Just B3A$T|Stealth Rock|[from] move: Defog|[of] p1a: budget Ho-oh\n|\n|-damage|p1a: budget Ho-oh|46\/100 tox|[from] psn\n|upkeep\n|turn|10\n|\n|t:|1700723568\n|switch|p1a: FEESH|Alomomola, F, shiny|100\/100 tox\n|move|p2a: Tornadus|Knock Off|p1a: FEESH\n|-damage|p1a: FEESH|90\/100 tox\n|-damage|p2a: Tornadus|84\/100|[from] item: Rocky Helmet|[of] p1a: FEESH\n|-enditem|p1a: FEESH|Rocky Helmet|[from] move: Knock Off|[of] p2a: Tornadus\n|\n|-damage|p1a: FEESH|84\/100 tox|[from] psn\n|upkeep\n|turn|11\n|\n|t:|1700723581\n|move|p2a: Tornadus|U-turn|p1a: FEESH\n|-damage|p1a: FEESH|77\/100 tox\n|\n|t:|1700723584\n|switch|p2a: Mantine|Mantine, M|82\/100 tox|[from] U-turn\n|move|p1a: FEESH|Wish|p1a: FEESH\n|\n|-damage|p2a: Mantine|76\/100 tox|[from] psn\n|-damage|p1a: FEESH|65\/100 tox|[from] psn\n|upkeep\n|turn|12\n|\n|t:|1700723597\n|switch|p2a: Gliscor|Gliscor, M|60\/100 tox\n|switch|p1a: budget Ho-oh|Moltres|46\/100 tox\n|\n|-heal|p1a: budget Ho-oh|100\/100 tox|[from] move: Wish|[wisher] FEESH\n|-heal|p2a: Gliscor|73\/100 tox|[from] ability: Poison Heal\n|-damage|p1a: budget Ho-oh|94\/100 tox|[from] psn\n|upkeep\n|turn|13\n|\n|t:|1700723600\n|move|p2a: Gliscor|Stealth Rock|p1a: budget Ho-oh\n|-sidestart|p1: Just B3A$T|move: Stealth Rock\n|move|p1a: budget Ho-oh|Hurricane|p2a: Gliscor\n|-damage|p2a: Gliscor|17\/100 tox\n|-start|p2a: Gliscor|confusion\n|\n|-heal|p2a: Gliscor|30\/100 tox|[from] ability: Poison Heal\n|-damage|p1a: budget Ho-oh|82\/100 tox|[from] psn\n|upkeep\n|turn|14\n|\n|t:|1700723610\n|switch|p2a: Moltres|Moltres|100\/100\n|move|p1a: budget Ho-oh|Defog|p2a: Moltres\n|-unboost|p2a: Moltres|evasion|1\n|-sideend|p1: Just B3A$T|Stealth Rock|[from] move: Defog|[of] p1a: budget Ho-oh\n|\n|-damage|p1a: budget Ho-oh|64\/100 tox|[from] psn\n|upkeep\n|turn|15\n|\n|t:|1700723616\n|switch|p1a: FEESH|Alomomola, F, shiny|98\/100 tox\n|move|p2a: Moltres|U-turn|p1a: FEESH\n|-damage|p1a: FEESH|91\/100 tox\n|\n|t:|1700723619\n|switch|p2a: Mantine|Mantine, M|76\/100 tox|[from] U-turn\n|\n|-damage|p2a: Mantine|70\/100 tox|[from] psn\n|-damage|p1a: FEESH|84\/100 tox|[from] psn\n|upkeep\n|turn|16\n|\n|t:|1700723623\n|move|p2a: Mantine|Scald|p1a: FEESH\n|-resisted|p1a: FEESH\n|-damage|p1a: FEESH|70\/100 tox\n|move|p1a: FEESH|Wish|p1a: FEESH\n|\n|-damage|p2a: Mantine|57\/100 tox|[from] psn\n|-damage|p1a: FEESH|58\/100 tox|[from] psn\n|upkeep\n|turn|17\n|\n|t:|1700723629\n|switch|p1a: budget Ho-oh|Moltres|64\/100 tox\n|move|p2a: Mantine|Scald|p1a: budget Ho-oh\n|-supereffective|p1a: budget Ho-oh\n|-damage|p1a: budget Ho-oh|28\/100 tox\n|\n|-heal|p1a: budget Ho-oh|98\/100 tox|[from] move: Wish|[wisher] FEESH\n|-damage|p1a: budget Ho-oh|92\/100 tox|[from] psn\n|-damage|p2a: Mantine|39\/100 tox|[from] psn\n|upkeep\n|turn|18\n|\n|t:|1700723639\n|switch|p1a: Profit!|Gholdengo|100\/100\n|-item|p1a: Profit!|Air Balloon\n|move|p2a: Mantine|Roost|p2a: Mantine\n|-heal|p2a: Mantine|89\/100 tox\n|-singleturn|p2a: Mantine|move: Roost\n|\n|-damage|p2a: Mantine|64\/100 tox|[from] psn\n|upkeep\n|turn|19\n|\n|t:|1700723642\n|move|p1a: Profit!|Thunderbolt|p2a: Mantine\n|-supereffective|p2a: Mantine\n|-damage|p2a: Mantine|0 fnt\n|faint|p2a: Mantine\n|\n|upkeep\n|\n|t:|1700723646\n|switch|p2a: Gliscor|Gliscor, M|30\/100 tox\n|turn|20\n|\n|t:|1700723652\n|switch|p2a: Moltres|Moltres|100\/100\n|switch|p1a: budget Ho-oh|Moltres|92\/100 tox\n|\n|-damage|p1a: budget Ho-oh|86\/100 tox|[from] psn\n|upkeep\n|turn|21\n|\n|t:|1700723659\n|move|p2a: Moltres|U-turn|p1a: budget Ho-oh\n|-resisted|p1a: budget Ho-oh\n|-damage|p1a: budget Ho-oh|83\/100 tox\n|\n|t:|1700723663\n|switch|p2a: Tornadus|Tornadus-Therian, M|100\/100|[from] U-turn\n|move|p1a: budget Ho-oh|Hurricane|p2a: Tornadus\n|-damage|p2a: Tornadus|49\/100\n|\n|-damage|p1a: budget Ho-oh|71\/100 tox|[from] psn\n|upkeep\n|turn|22\n|\n|t:|1700723671\n|move|p2a: Tornadus|U-turn|p1a: budget Ho-oh\n|-resisted|p1a: budget Ho-oh\n|-damage|p1a: budget Ho-oh|67\/100 tox\n|\n|t:|1700723677\n|switch|p2a: Skarmory|Skarmory, F|83\/100|[from] U-turn\n|move|p1a: budget Ho-oh|Fire Blast|p2a: Skarmory|[miss]\n|-miss|p1a: budget Ho-oh|p2a: Skarmory\n|\n|-damage|p1a: budget Ho-oh|49\/100 tox|[from] psn\n|upkeep\n|turn|23\n|c|\u2606Just B3A$T|man\n|c|\u2606ANinjaDude|unfort\n|\n|t:|1700723687\n|switch|p1a: FEESH|Alomomola, F, shiny|91\/100 tox\n|switch|p2a: Tornadus|Tornadus-Therian, M|82\/100\n|\n|-damage|p1a: FEESH|85\/100 tox|[from] psn\n|upkeep\n|turn|24\n|\n|t:|1700723690\n|move|p2a: Tornadus|U-turn|p1a: FEESH\n|-damage|p1a: FEESH|77\/100 tox\n|\n|t:|1700723693\n|switch|p2a: Skarmory|Skarmory, F|83\/100|[from] U-turn\n|move|p1a: FEESH|Wish|p1a: FEESH\n|\n|-damage|p1a: FEESH|64\/100 tox|[from] psn\n|upkeep\n|turn|25\n|\n|t:|1700723697\n|move|p2a: Skarmory|Spikes|p1a: FEESH\n|-sidestart|p1: Just B3A$T|Spikes\n|move|p1a: FEESH|Flip Turn|p2a: Skarmory\n|-damage|p2a: Skarmory|74\/100\n|-damage|p1a: FEESH|48\/100 tox|[from] item: Rocky Helmet|[of] p2a: Skarmory\n|\n|t:|1700723700\n|switch|p1a: budget Ho-oh|Moltres|49\/100 tox|[from] Flip Turn\n|\n|-heal|p1a: budget Ho-oh|100\/100 tox|[from] move: Wish|[wisher] FEESH\n|-damage|p1a: budget Ho-oh|94\/100 tox|[from] psn\n|upkeep\n|turn|26\n|\n|t:|1700723709\n|move|p1a: budget Ho-oh|Fire Blast|p2a: Skarmory\n|-supereffective|p2a: Skarmory\n|-damage|p2a: Skarmory|0 fnt\n|faint|p2a: Skarmory\n|\n|-damage|p1a: budget Ho-oh|82\/100 tox|[from] psn\n|upkeep\n|\n|t:|1700723721\n|switch|p2a: Gliscor|Gliscor, M|30\/100 tox\n|turn|27\n|\n|t:|1700723730\n|move|p2a: Gliscor|Roost|p2a: Gliscor\n|-heal|p2a: Gliscor|80\/100 tox\n|-singleturn|p2a: Gliscor|move: Roost\n|move|p1a: budget Ho-oh|Hurricane|p2a: Gliscor\n|-damage|p2a: Gliscor|26\/100 tox\n|\n|-heal|p2a: Gliscor|39\/100 tox|[from] ability: Poison Heal\n|-damage|p1a: budget Ho-oh|64\/100 tox|[from] psn\n|upkeep\n|turn|28\n|\n|t:|1700723737\n|switch|p1a: FEESH|Alomomola, F, shiny|81\/100 tox\n|-damage|p1a: FEESH|69\/100 tox|[from] Spikes\n|move|p2a: Gliscor|Roost|p2a: Gliscor\n|-heal|p2a: Gliscor|89\/100 tox\n|-singleturn|p2a: Gliscor|move: Roost\n|\n|-heal|p2a: Gliscor|100\/100 tox|[from] ability: Poison Heal\n|-damage|p1a: FEESH|62\/100 tox|[from] psn\n|upkeep\n|turn|29\n|\n|t:|1700723743\n|switch|p2a: Gholdengo|Gholdengo|100\/100\n|-item|p2a: Gholdengo|Air Balloon\n|move|p1a: FEESH|Wish|p1a: FEESH\n|\n|-damage|p1a: FEESH|50\/100 tox|[from] psn\n|upkeep\n|turn|30\n|\n|t:|1700723747\n|move|p2a: Gholdengo|Hex|p1a: FEESH\n|-damage|p1a: FEESH|0 fnt\n|faint|p1a: FEESH\n|\n|upkeep\n|\n|t:|1700723754\n|switch|p1a: edge pro max|Samurott-Hisui, M, shiny|84\/100\n|-damage|p1a: edge pro max|72\/100|[from] Spikes\n|turn|31\n|\n|t:|1700723767\n|move|p1a: edge pro max|Flip Turn|p2a: Gholdengo\n|-damage|p2a: Gholdengo|83\/100\n|-enditem|p2a: Gholdengo|Air Balloon\n|\n|t:|1700723772\n|switch|p1a: budget Ho-oh|Moltres|64\/100 tox|[from] Flip Turn\n|move|p2a: Gholdengo|Recover|p2a: Gholdengo\n|-heal|p2a: Gholdengo|100\/100\n|\n|-damage|p1a: budget Ho-oh|58\/100 tox|[from] psn\n|upkeep\n|turn|32\n|\n|t:|1700723776\n|move|p1a: budget Ho-oh|Fire Blast|p2a: Gholdengo\n|-supereffective|p2a: Gholdengo\n|-damage|p2a: Gholdengo|5\/100\n|move|p2a: Gholdengo|Hex|p1a: budget Ho-oh\n|-damage|p1a: budget Ho-oh|15\/100 tox\n|\n|-damage|p1a: budget Ho-oh|3\/100 tox|[from] psn\n|upkeep\n|turn|33\n|\n|t:|1700723782\n|switch|p2a: Moltres|Moltres|100\/100\n|move|p1a: budget Ho-oh|Roost|p1a: budget Ho-oh\n|-heal|p1a: budget Ho-oh|53\/100 tox\n|-singleturn|p1a: budget Ho-oh|move: Roost\n|\n|-damage|p1a: budget Ho-oh|35\/100 tox|[from] psn\n|upkeep\n|turn|34\n|\n|t:|1700723789\n|move|p2a: Moltres|Mystical Fire|p1a: budget Ho-oh\n|-resisted|p1a: budget Ho-oh\n|-damage|p1a: budget Ho-oh|25\/100 tox\n|-unboost|p1a: budget Ho-oh|spa|1\n|move|p1a: budget Ho-oh|Defog|p2a: Moltres\n|-unboost|p2a: Moltres|evasion|1\n|-sideend|p1: Just B3A$T|Spikes|[from] move: Defog|[of] p1a: budget Ho-oh\n|\n|-damage|p1a: budget Ho-oh|1\/100 tox|[from] psn\n|upkeep\n|turn|35\n|\n|t:|1700723794\n|move|p2a: Moltres|Mystical Fire|p1a: budget Ho-oh\n|-resisted|p1a: budget Ho-oh\n|-damage|p1a: budget Ho-oh|0 fnt\n|faint|p1a: budget Ho-oh\n|\n|upkeep\n|\n|t:|1700723799\n|switch|p1a: Stone Ocean|Diancie, shiny|100\/100\n|turn|36\n|\n|t:|1700723805\n|switch|p2a: Gholdengo|Gholdengo|5\/100\n|detailschange|p1a: Stone Ocean|Diancie-Mega, shiny\n|-mega|p1a: Stone Ocean|Diancie|Diancite\n|move|p1a: Stone Ocean|Diamond Storm|p2a: Gholdengo\n|-resisted|p2a: Gholdengo\n|-damage|p2a: Gholdengo|0 fnt\n|faint|p2a: Gholdengo\n|\n|upkeep\n|\n|t:|1700723811\n|switch|p2a: Gliscor|Gliscor, M|100\/100 tox\n|turn|37\n|\n|t:|1700723816\n|switch|p1a: MONKE|Rillaboom, M|100\/100\n|-fieldstart|move: Grassy Terrain|[from] ability: Grassy Surge|[of] p1a: MONKE\n|-terastallize|p2a: Gliscor|Ground\n|move|p2a: Gliscor|Earthquake|p1a: MONKE\n|-resisted|p1a: MONKE\n|-damage|p1a: MONKE|86\/100\n|\n|-heal|p1a: MONKE|92\/100|[from] Grassy Terrain\n|upkeep\n|turn|38\n|\n|t:|1700723821\n|switch|p2a: Tornadus|Tornadus-Therian, M|100\/100\n|move|p1a: MONKE|Swords Dance|p1a: MONKE\n|-boost|p1a: MONKE|atk|2\n|\n|-heal|p1a: MONKE|98\/100|[from] Grassy Terrain\n|upkeep\n|turn|39\n|\n|t:|1700723831\n|switch|p1a: Profit!|Gholdengo|100\/100\n|-item|p1a: Profit!|Air Balloon\n|move|p2a: Tornadus|Bleakwind Storm|p1a: Profit!\n|-resisted|p1a: Profit!\n|-damage|p1a: Profit!|84\/100\n|-enditem|p1a: Profit!|Air Balloon\n|\n|-heal|p1a: Profit!|90\/100|[from] Grassy Terrain\n|upkeep\n|turn|40\n|\n|t:|1700723837\n|move|p2a: Tornadus|Knock Off|p1a: Profit!\n|-supereffective|p1a: Profit!\n|-damage|p1a: Profit!|63\/100\n|move|p1a: Profit!|Make It Rain|p2a: Tornadus\n|-damage|p2a: Tornadus|29\/100\n|-unboost|p1a: Profit!|spa|1\n|\n|-heal|p1a: Profit!|70\/100|[from] Grassy Terrain\n|upkeep\n|turn|41\n|\n|t:|1700723843\n|move|p2a: Tornadus|U-turn|p1a: Profit!\n|-resisted|p1a: Profit!\n|-damage|p1a: Profit!|66\/100\n|\n|t:|1700723845\n|switch|p2a: Gliscor|Gliscor, M, tera:Ground|100\/100 tox|[from] U-turn\n|move|p1a: Profit!|Make It Rain|p2a: Gliscor\n|-damage|p2a: Gliscor|43\/100 tox\n|-unboost|p1a: Profit!|spa|1\n|\n|-heal|p2a: Gliscor|49\/100 tox|[from] Grassy Terrain\n|-heal|p1a: Profit!|72\/100|[from] Grassy Terrain\n|-heal|p2a: Gliscor|62\/100 tox|[from] ability: Poison Heal\n|-fieldend|move: Grassy Terrain\n|upkeep\n|turn|42\n|\n|t:|1700723865\n|switch|p1a: MONKE|Rillaboom, M|98\/100\n|-fieldstart|move: Grassy Terrain|[from] ability: Grassy Surge|[of] p1a: MONKE\n|move|p2a: Gliscor|Toxic|p1a: MONKE\n|-status|p1a: MONKE|tox\n|\n|-heal|p1a: MONKE|100\/100 tox|[from] Grassy Terrain\n|-heal|p2a: Gliscor|68\/100 tox|[from] Grassy Terrain\n|-damage|p1a: MONKE|94\/100 tox|[from] psn\n|-heal|p2a: Gliscor|80\/100 tox|[from] ability: Poison Heal\n|upkeep\n|turn|43\n|\n|t:|1700723869\n|switch|p2a: Moltres|Moltres|100\/100\n|move|p1a: MONKE|Grassy Glide|p2a: Moltres\n|-resisted|p2a: Moltres\n|-damage|p2a: Moltres|92\/100\n|-damage|p1a: MONKE|84\/100 tox|[from] item: Life Orb\n|\n|-heal|p1a: MONKE|91\/100 tox|[from] Grassy Terrain\n|-damage|p1a: MONKE|78\/100 tox|[from] psn\n|upkeep\n|turn|44\n|\n|t:|1700723874\n|switch|p1a: Stone Ocean|Diancie-Mega, shiny|100\/100\n|move|p2a: Moltres|Mystical Fire|p1a: Stone Ocean\n|-resisted|p1a: Stone Ocean\n|-damage|p1a: Stone Ocean|78\/100\n|-unboost|p1a: Stone Ocean|spa|1\n|\n|-heal|p1a: Stone Ocean|84\/100|[from] Grassy Terrain\n|upkeep\n|turn|45\n|\n|t:|1700723890\n|switch|p2a: Tornadus|Tornadus-Therian, M|62\/100\n|move|p1a: Stone Ocean|Moonblast|p2a: Tornadus\n|-damage|p2a: Tornadus|25\/100\n|\n|-heal|p1a: Stone Ocean|91\/100|[from] Grassy Terrain\n|upkeep\n|turn|46\n|\n|t:|1700723897\n|move|p2a: Tornadus|U-turn|p1a: Stone Ocean\n|-resisted|p1a: Stone Ocean\n|-damage|p1a: Stone Ocean|81\/100\n|\n|t:|1700723900\n|switch|p2a: Gliscor|Gliscor, M, tera:Ground|80\/100 tox|[from] U-turn\n|move|p1a: Stone Ocean|Diamond Storm|p2a: Gliscor\n|-resisted|p2a: Gliscor\n|-damage|p2a: Gliscor|64\/100 tox\n|-boost|p1a: Stone Ocean|def|2\n|\n|-heal|p1a: Stone Ocean|88\/100|[from] Grassy Terrain\n|-heal|p2a: Gliscor|70\/100 tox|[from] Grassy Terrain\n|-heal|p2a: Gliscor|82\/100 tox|[from] ability: Poison Heal\n|-fieldend|move: Grassy Terrain\n|upkeep\n|turn|47\n|\n|t:|1700723906\n|switch|p1a: MONKE|Rillaboom, M|78\/100 tox\n|-fieldstart|move: Grassy Terrain|[from] ability: Grassy Surge|[of] p1a: MONKE\n|move|p2a: Gliscor|Earthquake|p1a: MONKE\n|-resisted|p1a: MONKE\n|-damage|p1a: MONKE|64\/100 tox\n|\n|-heal|p1a: MONKE|70\/100 tox|[from] Grassy Terrain\n|-heal|p2a: Gliscor|89\/100 tox|[from] Grassy Terrain\n|-damage|p1a: MONKE|64\/100 tox|[from] psn\n|-heal|p2a: Gliscor|100\/100 tox|[from] ability: Poison Heal\n|upkeep\n|turn|48\n|\n|t:|1700723912\n|switch|p1a: Stone Ocean|Diancie-Mega, shiny|88\/100\n|switch|p2a: Tornadus|Tornadus-Therian, M|58\/100\n|\n|-heal|p1a: Stone Ocean|94\/100|[from] Grassy Terrain\n|upkeep\n|turn|49\n|\n|t:|1700723917\n|switch|p2a: Gliscor|Gliscor, M, tera:Ground|100\/100 tox\n|move|p1a: Stone Ocean|Moonblast|p2a: Gliscor\n|-damage|p2a: Gliscor|30\/100 tox\n|\n|-heal|p1a: Stone Ocean|99\/100|[from] Grassy Terrain\n|-heal|p2a: Gliscor|36\/100 tox|[from] Grassy Terrain\n|-heal|p2a: Gliscor|49\/100 tox|[from] ability: Poison Heal\n|upkeep\n|turn|50\n|\n|t:|1700723920\n|move|p1a: Stone Ocean|Moonblast|p2a: Gliscor\n|-damage|p2a: Gliscor|0 fnt\n|faint|p2a: Gliscor\n|\n|-heal|p1a: Stone Ocean|100\/100|[from] Grassy Terrain\n|upkeep\n|c|\u2606Just B3A$T|gg\n|\n|t:|1700723926\n|switch|p2a: Tornadus|Tornadus-Therian, M|91\/100\n|turn|51\n|\n|t:|1700723930\n|move|p2a: Tornadus|Bleakwind Storm|p1a: Stone Ocean\n|-resisted|p1a: Stone Ocean\n|-damage|p1a: Stone Ocean|73\/100\n|move|p1a: Stone Ocean|Diamond Storm|p2a: Tornadus\n|-supereffective|p2a: Tornadus\n|-damage|p2a: Tornadus|0 fnt\n|-boost|p1a: Stone Ocean|def|2\n|faint|p2a: Tornadus\n|\n|-heal|p1a: Stone Ocean|79\/100|[from] Grassy Terrain\n|-fieldend|move: Grassy Terrain\n|upkeep\n|\n|t:|1700723935\n|switch|p2a: Moltres|Moltres|92\/100\n|turn|52\n|\n|t:|1700723938\n|move|p1a: Stone Ocean|Diamond Storm|p2a: Moltres|[miss]\n|-miss|p1a: Stone Ocean|p2a: Moltres\n|move|p2a: Moltres|Mystical Fire|p1a: Stone Ocean\n|-resisted|p1a: Stone Ocean\n|-damage|p1a: Stone Ocean|54\/100\n|-unboost|p1a: Stone Ocean|spa|1\n|\n|upkeep\n|turn|53\n|c|\u2606ANinjaDude|ggs\n|c|\u2606Just B3A$T|no\n|c|\u2606Just B3A$T|not like this\n|\n|t:|1700723948\n|move|p1a: Stone Ocean|Diamond Storm|p2a: Moltres\n|-supereffective|p2a: Moltres\n|-damage|p2a: Moltres|0 fnt\n|-boost|p1a: Stone Ocean|def|2\n|faint|p2a: Moltres\n|\n|win|Just B3A$T\n|c|\u2606Just B3A$T|yay\n","uploadtime":1700723953,"views":4,"p1id":"justb3at","p2id":"aninjadude","formatid":"gen9nationaldexubers","rating":0,"private":0,"password":""}