{"id":"gen9nationaldexubers-1992338537","p1":"Pex Hater","p2":"Hyjinks","format":"[Gen 9] National Dex Ubers","log":"|j|\u2606Pex Hater\n|j|\u2606Hyjinks\n|inactive|Battle timer is ON: inactive players will automatically lose when time's up.\n|t:|1700176249\n|gametype|singles\n|player|p1|Pex Hater|cheryl|\n|player|p2|Hyjinks|proton|\n|teamsize|p1|6\n|teamsize|p2|6\n|gen|9\n|tier|[Gen 9] National Dex Ubers\n|rated|Tournament battle\n|rule|HP Percentage Mod: HP is shown in percentages\n|rule|Endless Battle Clause: Forcing endless battles is banned\n|rule|OHKO Clause: OHKO moves are banned\n|rule|Evasion Moves Clause: Evasion moves are banned\n|rule|Evasion Items Clause: Evasion items are banned\n|rule|Species Clause: Limit one of each Pok\u00e9mon\n|rule|Sleep Clause Mod: Limit one foe put to sleep\n|rule|Mega Rayquaza Clause: You cannot mega evolve Rayquaza\n|clearpoke\n|poke|p1|Eternatus|\n|poke|p1|Naganadel|\n|poke|p1|Arceus-Poison|\n|poke|p1|Weezing-Galar, F|\n|poke|p1|Slowking-Galar, F|\n|poke|p1|Muk-Alola, M|\n|poke|p2|Cyclizar, F|\n|poke|p2|Salamence, M|\n|poke|p2|Dragapult, F|\n|poke|p2|Zygarde|\n|poke|p2|Baxcalibur, M|\n|poke|p2|Eternatus|\n|teampreview\n|\n|t:|1700176263\n|start\n|switch|p1a: Eternatus|Eternatus|100\/100\n|switch|p2a: Cyclizar|Cyclizar, F|100\/100\n|-ability|p1a: Eternatus|Pressure\n|turn|1\n|j| Franko159\n|inactive|Hyjinks has 120 seconds left.\n|\n|t:|1700176306\n|move|p2a: Cyclizar|Shed Tail|p2a: Cyclizar\n|-start|p2a: Cyclizar|Substitute|[from] move: Shed Tail\n|-damage|p2a: Cyclizar|50\/100\n|\n|t:|1700176315\n|switch|p2a: Dragapult|Dragapult, F|100\/100|[from] Shed Tail\n|move|p1a: Eternatus|Dynamax Cannon|p2a: Dragapult\n|-supereffective|p2a: Dragapult\n|-end|p2a: Dragapult|Substitute\n|-damage|p1a: Eternatus|91\/100|[from] item: Life Orb\n|\n|upkeep\n|turn|2\n|j| boomp11\n|\n|t:|1700176326\n|switch|p1a: Weezing|Weezing-Galar, F|100\/100\n|move|p2a: Dragapult|Dragon Darts|p1a: Weezing\n|-immune|p1a: Weezing\n|\n|upkeep\n|turn|3\n|\n|t:|1700176331\n|switch|p2a: Cyclizar|Cyclizar, F|84\/100\n|move|p1a: Weezing|Strange Steam|p2a: Cyclizar\n|-supereffective|p2a: Cyclizar\n|-damage|p2a: Cyclizar|4\/100\n|\n|upkeep\n|turn|4\n|inactive|Hyjinks has 120 seconds left.\n|\n|t:|1700176345\n|switch|p2a: Eternatus|Eternatus|100\/100\n|-ability|p2a: Eternatus|Pressure\n|move|p1a: Weezing|Strange Steam|p2a: Eternatus\n|-damage|p2a: Eternatus|77\/100\n|\n|-heal|p2a: Eternatus|84\/100|[from] item: Black Sludge\n|upkeep\n|turn|5\n|\n|t:|1700176350\n|switch|p1a: Slowking|Slowking-Galar, F|100\/100\n|move|p2a: Eternatus|Sludge Wave|p1a: Slowking\n|-resisted|p1a: Slowking\n|-damage|p1a: Slowking|86\/100\n|\n|-heal|p2a: Eternatus|90\/100|[from] item: Black Sludge\n|upkeep\n|turn|6\n|\n|t:|1700176357\n|switch|p2a: Baxcalibur|Baxcalibur, M|100\/100\n|move|p1a: Slowking|Future Sight|p2a: Baxcalibur\n|-start|p1a: Slowking|move: Future Sight\n|\n|upkeep\n|turn|7\n|\n|t:|1700176362\n|switch|p1a: Weezing|Weezing-Galar, F|100\/100\n|move|p2a: Baxcalibur|Swords Dance|p2a: Baxcalibur\n|-boost|p2a: Baxcalibur|atk|2\n|\n|upkeep\n|turn|8\n|\n|t:|1700176365\n|move|p2a: Baxcalibur|Icicle Spear|p1a: Weezing\n|-damage|p1a: Weezing|81\/100\n|-damage|p1a: Weezing|63\/100\n|-damage|p1a: Weezing|46\/100\n|-damage|p1a: Weezing|26\/100\n|-damage|p1a: Weezing|9\/100\n|-hitcount|p1a: Weezing|5\n|move|p1a: Weezing|Strange Steam|p2a: Baxcalibur\n|-supereffective|p2a: Baxcalibur\n|-damage|p2a: Baxcalibur|47\/100\n|\n|-end|p2a: Baxcalibur|move: Future Sight\n|-damage|p2a: Baxcalibur|1\/100\n|-heal|p1a: Weezing|15\/100|[from] item: Black Sludge\n|upkeep\n|turn|9\n|c|\u2606Pex Hater|...\n|\n|t:|1700176378\n|move|p2a: Baxcalibur|Icicle Spear|p1a: Weezing\n|-crit|p1a: Weezing\n|-damage|p1a: Weezing|0 fnt\n|faint|p1a: Weezing\n|-hitcount|p1: Weezing|1\n|\n|upkeep\n|\n|t:|1700176384\n|switch|p1a: Naganadel|Naganadel|100\/100\n|turn|10\n|\n|t:|1700176390\n|move|p2a: Baxcalibur|Ice Shard|p1a: Naganadel\n|-supereffective|p1a: Naganadel\n|-enditem|p1a: Naganadel|Focus Sash\n|-damage|p1a: Naganadel|1\/100\n|move|p1a: Naganadel|Dragon Pulse|p2a: Baxcalibur\n|-supereffective|p2a: Baxcalibur\n|-damage|p2a: Baxcalibur|0 fnt\n|faint|p2a: Baxcalibur\n|-ability|p1a: Naganadel|Beast Boost|boost\n|-boost|p1a: Naganadel|spe|1\n|\n|upkeep\n|\n|t:|1700176395\n|switch|p2a: Zygarde|Zygarde|100\/100\n|turn|11\n|\n|t:|1700176398\n|move|p2a: Zygarde|Extreme Speed|p1a: Naganadel\n|-damage|p1a: Naganadel|0 fnt\n|faint|p1a: Naganadel\n|\n|upkeep\n|\n|t:|1700176403\n|switch|p1a: Eternatus|Eternatus|91\/100\n|-ability|p1a: Eternatus|Pressure\n|turn|12\n|\n|t:|1700176420\n|move|p1a: Eternatus|Dynamax Cannon|p2a: Zygarde\n|-supereffective|p2a: Zygarde\n|-damage|p2a: Zygarde|0 fnt\n|faint|p2a: Zygarde\n|-damage|p1a: Eternatus|81\/100|[from] item: Life Orb\n|\n|upkeep\n|\n|t:|1700176422\n|switch|p2a: Dragapult|Dragapult, F|100\/100\n|turn|13\n|\n|t:|1700176430\n|switch|p1a: Slowking|Slowking-Galar, F|100\/100\n|move|p2a: Dragapult|Dragon Darts|p1a: Slowking\n|-damage|p1a: Slowking|73\/100\n|-anim|p2a: Dragapult|Dragon Darts|p1a: Slowking\n|-damage|p1a: Slowking|46\/100\n|\n|upkeep\n|turn|14\n|\n|t:|1700176436\n|move|p2a: Dragapult|Dragon Dance|p2a: Dragapult\n|-boost|p2a: Dragapult|atk|1\n|-boost|p2a: Dragapult|spe|1\n|move|p1a: Slowking|Chilly Reception|p1a: Slowking\n|-weather|Snow\n|\n|t:|1700176439\n|switch|p1a: Muk|Muk-Alola, M|100\/100|[from] Chilly Reception\n|\n|-weather|Snow|[upkeep]\n|upkeep\n|turn|15\n|\n|t:|1700176442\n|move|p2a: Dragapult|Dragon Darts|p1a: Muk\n|-damage|p1a: Muk|67\/100\n|-anim|p2a: Dragapult|Dragon Darts|p1a: Muk\n|-damage|p1a: Muk|29\/100\n|move|p1a: Muk|Knock Off|p2a: Dragapult\n|-supereffective|p2a: Dragapult\n|-damage|p2a: Dragapult|32\/100\n|\n|-weather|Snow|[upkeep]\n|upkeep\n|turn|16\n|c| Franko159|remember tera is not banned\n|\n|t:|1700176450\n|move|p2a: Dragapult|Dragon Darts|p1a: Muk\n|-damage|p1a: Muk|0 fnt\n|faint|p1a: Muk\n|\n|-weather|Snow|[upkeep]\n|upkeep\n|\n|t:|1700176452\n|switch|p1a: Arceus|Arceus-Poison|100\/100\n|turn|17\n|\n|t:|1700176454\n|-zpower|p2a: Dragapult\n|move|p2a: Dragapult|Never-Ending Nightmare|p1a: Arceus|[zeffect]\n|-damage|p1a: Arceus|8\/100\n|move|p1a: Arceus|Earthquake|p2a: Dragapult\n|-damage|p2a: Dragapult|0 fnt\n|faint|p2a: Dragapult\n|\n|-weather|Snow|[upkeep]\n|upkeep\n|\n|t:|1700176461\n|switch|p2a: Salamence|Salamence, M|100\/100\n|-ability|p2a: Salamence|Intimidate|boost\n|-unboost|p1a: Arceus|atk|1\n|turn|18\n|\n|t:|1700176465\n|switch|p1a: Slowking|Slowking-Galar, F|79\/100\n|detailschange|p2a: Salamence|Salamence-Mega, M\n|-mega|p2a: Salamence|Salamence|Salamencite\n|move|p2a: Salamence|Dragon Dance|p2a: Salamence\n|-boost|p2a: Salamence|atk|1\n|-boost|p2a: Salamence|spe|1\n|\n|-weather|none\n|upkeep\n|turn|19\n|\n|t:|1700176472\n|move|p2a: Salamence|Earthquake|p1a: Slowking\n|-supereffective|p1a: Slowking\n|-damage|p1a: Slowking|0 fnt\n|faint|p1a: Slowking\n|\n|upkeep\n|c|\u2606Pex Hater|gg\n|-message|Pex Hater forfeited.\n|\n|win|Hyjinks\n|n|\u2606Pex Hater|pexhater\n|n|\u2606Hyjinks|hyjinks\n|n| Franko159|franko159\n|n| boomp11|boomp11\n|l|\u2606Pex Hater\n","uploadtime":1700176481,"views":7,"p1id":"pexhater","p2id":"hyjinks","formatid":"gen9nationaldexubers","rating":0,"private":0,"password":""}