{"id":"gen9nationaldexubers-1988621607","p1":"Angel Karma","p2":"Concrete6","format":"[Gen 9] National Dex Ubers","log":"|j|\u2606Angel Karma\n|j|\u2606Concrete6\n|t:|1699742943\n|gametype|singles\n|player|p1|Angel Karma|unknown|1397\n|player|p2|Concrete6|whitney|1325\n|teamsize|p1|6\n|teamsize|p2|6\n|gen|9\n|tier|[Gen 9] National Dex Ubers\n|rated|\n|rule|HP Percentage Mod: HP is shown in percentages\n|rule|Endless Battle Clause: Forcing endless battles is banned\n|rule|OHKO Clause: OHKO moves are banned\n|rule|Evasion Moves Clause: Evasion moves are banned\n|rule|Evasion Items Clause: Evasion items are banned\n|rule|Species Clause: Limit one of each Pok\u00e9mon\n|rule|Sleep Clause Mod: Limit one foe put to sleep\n|rule|Mega Rayquaza Clause: You cannot mega evolve Rayquaza\n|clearpoke\n|poke|p1|Haxorus, M|\n|poke|p1|Groudon|\n|poke|p1|Basculegion, M|\n|poke|p1|Yveltal|\n|poke|p1|Flutter Mane|\n|poke|p1|Lucario, F|\n|poke|p2|Melmetal|\n|poke|p2|Glimmora, F|\n|poke|p2|Grimmsnarl, M|\n|poke|p2|Necrozma-Dusk-Mane|\n|poke|p2|Kyogre|\n|poke|p2|Salamence, F|\n|teampreview\n|\n|t:|1699742951\n|start\n|switch|p1a: Yveltal|Yveltal|100\/100\n|switch|p2a: Glimmora|Glimmora, F|100\/100\n|-ability|p1a: Yveltal|Dark Aura\n|turn|1\n|\n|t:|1699742959\n|move|p1a: Yveltal|Dark Pulse|p2a: Glimmora\n|-damage|p2a: Glimmora|6\/100\n|move|p2a: Glimmora|Stealth Rock|p1a: Yveltal\n|-sidestart|p1: Angel Karma|move: Stealth Rock\n|\n|upkeep\n|turn|2\n|\n|t:|1699742965\n|move|p1a: Yveltal|Dark Pulse|p2a: Glimmora\n|-damage|p2a: Glimmora|0 fnt\n|faint|p2a: Glimmora\n|\n|upkeep\n|\n|t:|1699742968\n|switch|p2a: Grimmsnarl|Grimmsnarl, M|100\/100\n|turn|3\n|\n|t:|1699742977\n|switch|p1a: Lucario|Lucario, F, shiny|100\/100\n|-damage|p1a: Lucario|98\/100|[from] Stealth Rock\n|move|p2a: Grimmsnarl|Light Screen|p2a: Grimmsnarl\n|-sidestart|p2: Concrete6|move: Light Screen\n|\n|upkeep\n|turn|4\n|\n|t:|1699742985\n|detailschange|p1a: Lucario|Lucario-Mega, F, shiny\n|-mega|p1a: Lucario|Lucario|Lucarionite\n|move|p2a: Grimmsnarl|Reflect|p2a: Grimmsnarl\n|-sidestart|p2: Concrete6|Reflect\n|move|p1a: Lucario|Hone Claws|p1a: Lucario\n|-boost|p1a: Lucario|atk|1\n|-boost|p1a: Lucario|accuracy|1\n|\n|upkeep\n|turn|5\n|\n|t:|1699742995\n|move|p2a: Grimmsnarl|Parting Shot|p1a: Lucario\n|-unboost|p1a: Lucario|atk|1\n|-unboost|p1a: Lucario|spa|1\n|\n|t:|1699743006\n|switch|p2a: Melmetal|Melmetal|100\/100|[from] Parting Shot\n|move|p1a: Lucario|High Jump Kick|p2a: Melmetal\n|-supereffective|p2a: Melmetal\n|-damage|p2a: Melmetal|49\/100\n|\n|upkeep\n|turn|6\n|\n|t:|1699743014\n|move|p1a: Lucario|High Jump Kick|p2a: Melmetal\n|-supereffective|p2a: Melmetal\n|-damage|p2a: Melmetal|0 fnt\n|faint|p2a: Melmetal\n|\n|upkeep\n|\n|t:|1699743020\n|switch|p2a: Necrozma|Necrozma-Dusk-Mane|100\/100\n|turn|7\n|\n|t:|1699743037\n|switch|p1a: Haxorus|Haxorus, M|100\/100\n|-damage|p1a: Haxorus|88\/100|[from] Stealth Rock\n|-ability|p1a: Haxorus|Mold Breaker\n|detailschange|p2a: Necrozma|Necrozma-Ultra\n|-burst|p2a: Necrozma|Necrozma|Ultranecrozium Z\n|move|p2a: Necrozma|Earthquake|p1a: Haxorus\n|-damage|p1a: Haxorus|27\/100\n|\n|upkeep\n|turn|8\n|\n|t:|1699743052\n|move|p2a: Necrozma|Dragon Dance|p2a: Necrozma\n|-boost|p2a: Necrozma|atk|1\n|-boost|p2a: Necrozma|spe|1\n|-enditem|p1a: Haxorus|Mirror Herb\n|-boost|p1a: Haxorus|atk|1|[from] item: Mirror Herb\n|-boost|p1a: Haxorus|spe|1|[from] item: Mirror Herb\n|move|p1a: Haxorus|Outrage|p2a: Necrozma\n|-supereffective|p2a: Necrozma\n|-damage|p2a: Necrozma|0 fnt\n|faint|p2a: Necrozma\n|\n|upkeep\n|\n|t:|1699743075\n|switch|p2a: Grimmsnarl|Grimmsnarl, M|100\/100\n|turn|9\n|\n|t:|1699743079\n|move|p2a: Grimmsnarl|Parting Shot|p1a: Haxorus\n|-unboost|p1a: Haxorus|atk|1\n|-unboost|p1a: Haxorus|spa|1\n|\n|t:|1699743083\n|switch|p2a: Kyogre|Kyogre|100\/100|[from] Parting Shot\n|detailschange|p2a: Kyogre|Kyogre-Primal\n|-primal|p2a: Kyogre|Blue Orb\n|-weather|PrimordialSea|[from] ability: Primordial Sea|[of] p2a: Kyogre\n|move|p1a: Haxorus|Outrage|p2a: Kyogre|[from]lockedmove\n|-damage|p2a: Kyogre|71\/100\n|-start|p1a: Haxorus|confusion|[fatigue]\n|\n|-weather|PrimordialSea|[upkeep]\n|upkeep\n|turn|10\n|\n|t:|1699743101\n|switch|p1a: Groudon|Groudon, shiny|100\/100\n|-damage|p1a: Groudon|94\/100|[from] Stealth Rock\n|detailschange|p1a: Groudon|Groudon-Primal, shiny\n|-primal|p1a: Groudon|Red Orb\n|-weather|DesolateLand|[from] ability: Desolate Land|[of] p1a: Groudon\n|move|p2a: Kyogre|Ice Beam|p1a: Groudon\n|-damage|p1a: Groudon|48\/100\n|\n|-weather|DesolateLand|[upkeep]\n|-sideend|p2: Concrete6|move: Light Screen\n|upkeep\n|turn|11\n|\n|t:|1699743117\n|move|p1a: Groudon|Rock Polish|p1a: Groudon\n|-boost|p1a: Groudon|spe|2\n|move|p2a: Kyogre|Ice Beam|p1a: Groudon\n|-damage|p1a: Groudon|3\/100\n|\n|-weather|DesolateLand|[upkeep]\n|-sideend|p2: Concrete6|Reflect\n|upkeep\n|turn|12\n|\n|t:|1699743125\n|move|p1a: Groudon|Precipice Blades|p2a: Kyogre\n|-damage|p2a: Kyogre|0 fnt\n|faint|p2a: Kyogre\n|\n|-weather|DesolateLand|[upkeep]\n|upkeep\n|\n|t:|1699743129\n|switch|p2a: Grimmsnarl|Grimmsnarl, M|100\/100\n|turn|13\n|\n|t:|1699743132\n|move|p2a: Grimmsnarl|Reflect|p2a: Grimmsnarl\n|-sidestart|p2: Concrete6|Reflect\n|move|p1a: Groudon|Swords Dance|p1a: Groudon\n|-boost|p1a: Groudon|atk|2\n|\n|-weather|DesolateLand|[upkeep]\n|upkeep\n|turn|14\n|\n|t:|1699743139\n|move|p2a: Grimmsnarl|Parting Shot|p1a: Groudon\n|-unboost|p1a: Groudon|atk|1\n|-unboost|p1a: Groudon|spa|1\n|\n|t:|1699743141\n|switch|p2a: Salamence|Salamence, F|100\/100|[from] Parting Shot\n|-ability|p2a: Salamence|Intimidate|boost\n|-unboost|p1a: Groudon|atk|1\n|move|p1a: Groudon|Heat Crash|p2a: Salamence\n|-resisted|p2a: Salamence\n|-damage|p2a: Salamence|59\/100\n|\n|-weather|DesolateLand|[upkeep]\n|upkeep\n|turn|15\n|\n|t:|1699743155\n|detailschange|p2a: Salamence|Salamence-Mega, F\n|-mega|p2a: Salamence|Salamence|Salamencite\n|move|p1a: Groudon|Swords Dance|p1a: Groudon\n|-boost|p1a: Groudon|atk|2\n|move|p2a: Salamence|Dragon Dance|p2a: Salamence\n|-boost|p2a: Salamence|atk|1\n|-boost|p2a: Salamence|spe|1\n|\n|-weather|DesolateLand|[upkeep]\n|upkeep\n|turn|16\n|\n|t:|1699743164\n|move|p1a: Groudon|Heat Crash|p2a: Salamence\n|-resisted|p2a: Salamence\n|-damage|p2a: Salamence|4\/100\n|move|p2a: Salamence|Earthquake|p1a: Groudon\n|-supereffective|p1a: Groudon\n|-damage|p1a: Groudon|0 fnt\n|faint|p1a: Groudon\n|-weather|none\n|\n|upkeep\n|\n|t:|1699743175\n|switch|p1a: Lucario|Lucario-Mega, F, shiny|98\/100\n|-damage|p1a: Lucario|95\/100|[from] Stealth Rock\n|turn|17\n|\n|t:|1699743180\n|move|p1a: Lucario|Bullet Punch|p2a: Salamence\n|-damage|p2a: Salamence|0 fnt\n|faint|p2a: Salamence\n|\n|upkeep\n|-message|Concrete6 forfeited.\n|\n|win|Angel Karma\n|raw|Angel Karma's rating: 1397 &rarr; <strong>1413<\/strong><br \/>(+16 for winning)\n|raw|Concrete6's rating: 1325 &rarr; <strong>1309<\/strong><br \/>(-16 for losing)\n|l|\u2606Concrete6\n","uploadtime":1699743189,"views":5,"p1id":"angelkarma","p2id":"concrete6","formatid":"gen9nationaldexubers","rating":1309,"private":0,"password":""}