{"id":"gen9nationaldexubers-1992685320","p1":"Zaion Deez","p2":"JustMonika_CARR","format":"[Gen 9] National Dex Ubers","log":"|j|\u2606Zaion Deez\n|j|\u2606JustMonika_CARR\n|t:|1700225069\n|gametype|singles\n|player|p1|Zaion Deez|roxanne|1399\n|player|p2|JustMonika_CARR|rosa|1428\n|teamsize|p1|6\n|teamsize|p2|6\n|gen|9\n|tier|[Gen 9] National Dex Ubers\n|rated|\n|rule|HP Percentage Mod: HP is shown in percentages\n|rule|Endless Battle Clause: Forcing endless battles is banned\n|rule|OHKO Clause: OHKO moves are banned\n|rule|Evasion Moves Clause: Evasion moves are banned\n|rule|Evasion Items Clause: Evasion items are banned\n|rule|Species Clause: Limit one of each Pok\u00e9mon\n|rule|Sleep Clause Mod: Limit one foe put to sleep\n|rule|Mega Rayquaza Clause: You cannot mega evolve Rayquaza\n|clearpoke\n|poke|p1|Necrozma-Dusk-Mane|\n|poke|p1|Darkrai|\n|poke|p1|Groudon|\n|poke|p1|Kyurem-Black|\n|poke|p1|Marshadow|\n|poke|p1|Lucario, F|\n|poke|p2|Marshadow|\n|poke|p2|Lopunny, F|\n|poke|p2|Eternatus|\n|poke|p2|Forretress, F|\n|poke|p2|Pheromosa|\n|poke|p2|Grimmsnarl, M|\n|teampreview\n|\n|t:|1700225084\n|start\n|switch|p1a: Darkrai|Darkrai|100\/100\n|switch|p2a: Forretress|Forretress, F, shiny|100\/100\n|turn|1\n|\n|t:|1700225092\n|move|p1a: Darkrai|Taunt|p2a: Forretress\n|-start|p2a: Forretress|move: Taunt\n|cant|p2a: Forretress|move: Taunt|Toxic Spikes\n|\n|upkeep\n|turn|2\n|\n|t:|1700225097\n|move|p1a: Darkrai|Thunder Wave|p2a: Forretress\n|-status|p2a: Forretress|par\n|cant|p2a: Forretress|par\n|\n|upkeep\n|turn|3\n|\n|t:|1700225103\n|move|p1a: Darkrai|Dark Pulse|p2a: Forretress\n|-damage|p2a: Forretress|37\/100 par\n|-enditem|p2a: Forretress|Red Card|[of] p1a: Darkrai\n|drag|p1a: Groudon|Groudon|100\/100\n|detailschange|p1a: Groudon|Groudon-Primal\n|-primal|p1a: Groudon|Red Orb\n|-weather|DesolateLand|[from] ability: Desolate Land|[of] p1a: Groudon\n|move|p2a: Forretress|Rapid Spin|p1a: Groudon\n|-damage|p1a: Groudon|93\/100\n|-boost|p2a: Forretress|spe|1\n|\n|-weather|DesolateLand|[upkeep]\n|-end|p2a: Forretress|move: Taunt\n|upkeep\n|turn|4\n|\n|t:|1700225117\n|-terastallize|p2a: Forretress|Fire\n|move|p1a: Groudon|Precipice Blades|p2a: Forretress\n|-supereffective|p2a: Forretress\n|-damage|p2a: Forretress|0 fnt\n|faint|p2a: Forretress\n|\n|-weather|DesolateLand|[upkeep]\n|upkeep\n|c|\u2606JustMonika_CARR|Tf\n|\n|t:|1700225128\n|switch|p2a: Eternatus|Eternatus|100\/100\n|-ability|p2a: Eternatus|Pressure\n|turn|5\n|\n|t:|1700225135\n|move|p2a: Eternatus|Dynamax Cannon|p1a: Groudon\n|-damage|p1a: Groudon|36\/100\n|move|p1a: Groudon|Rock Polish|p1a: Groudon\n|-boost|p1a: Groudon|spe|2\n|\n|-weather|DesolateLand|[upkeep]\n|upkeep\n|turn|6\n|\n|t:|1700225142\n|move|p2a: Eternatus|Dynamax Cannon|p1a: Groudon\n|-damage|p1a: Groudon|0 fnt\n|faint|p1a: Groudon\n|-weather|none\n|\n|upkeep\n|\n|t:|1700225148\n|switch|p1a: Necrozma|Necrozma-Dusk-Mane|100\/100\n|turn|7\n|\n|t:|1700225154\n|switch|p2a: Pheromosa|Pheromosa, shiny|100\/100\n|move|p1a: Necrozma|Swords Dance|p1a: Necrozma\n|-boost|p1a: Necrozma|atk|2\n|\n|upkeep\n|turn|8\n|\n|t:|1700225162\n|switch|p1a: Marshadow|Marshadow|100\/100\n|move|p2a: Pheromosa|Bug Buzz|p1a: Marshadow\n|-resisted|p1a: Marshadow\n|-damage|p1a: Marshadow|85\/100\n|\n|upkeep\n|turn|9\n|\n|t:|1700225173\n|switch|p2a: Lopunny|Lopunny, F, shiny|100\/100\n|move|p1a: Marshadow|Close Combat|p2a: Lopunny\n|-supereffective|p2a: Lopunny\n|-damage|p2a: Lopunny|0 fnt\n|-unboost|p1a: Marshadow|def|1\n|-unboost|p1a: Marshadow|spd|1\n|faint|p2a: Lopunny\n|\n|upkeep\n|c|\u2606JustMonika_CARR|Tf\n|c|\u2606JustMonika_CARR|Great reaf\n|\n|t:|1700225188\n|switch|p2a: Grimmsnarl|Grimmsnarl, M, shiny|100\/100\n|turn|10\n|\n|t:|1700225191\n|move|p1a: Marshadow|Close Combat|p2a: Grimmsnarl\n|-damage|p2a: Grimmsnarl|14\/100\n|-unboost|p1a: Marshadow|def|1\n|-unboost|p1a: Marshadow|spd|1\n|move|p2a: Grimmsnarl|Spirit Break|p1a: Marshadow\n|-supereffective|p1a: Marshadow\n|-damage|p1a: Marshadow|0 fnt\n|faint|p1a: Marshadow\n|\n|-heal|p2a: Grimmsnarl|20\/100|[from] item: Leftovers\n|upkeep\n|\n|t:|1700225201\n|switch|p1a: Lucario|Lucario, F|100\/100\n|turn|11\n|\n|t:|1700225206\n|detailschange|p1a: Lucario|Lucario-Mega, F\n|-mega|p1a: Lucario|Lucario|Lucarionite\n|move|p2a: Grimmsnarl|Reflect|p2a: Grimmsnarl\n|-sidestart|p2: JustMonika_CARR|Reflect\n|move|p1a: Lucario|Swords Dance|p1a: Lucario\n|-boost|p1a: Lucario|atk|2\n|\n|-heal|p2a: Grimmsnarl|26\/100|[from] item: Leftovers\n|upkeep\n|turn|12\n|\n|t:|1700225216\n|move|p1a: Lucario|Bullet Punch|p2a: Grimmsnarl\n|-supereffective|p2a: Grimmsnarl\n|-damage|p2a: Grimmsnarl|0 fnt\n|faint|p2a: Grimmsnarl\n|\n|upkeep\n|\n|t:|1700225221\n|switch|p2a: Marshadow|Marshadow|100\/100\n|turn|13\n|\n|t:|1700225231\n|move|p2a: Marshadow|Spectral Thief||[still]\n|-clearpositiveboost|p1a: Lucario|p2a: Marshadow|move: Spectral Thief\n|-boost|p2a: Marshadow|atk|2\n|-anim|p2a: Marshadow|Spectral Thief|p1a: Lucario\n|-damage|p1a: Lucario|0 fnt\n|faint|p1a: Lucario\n|\n|upkeep\n|\n|t:|1700225240\n|switch|p1a: Darkrai|Darkrai|100\/100\n|turn|14\n|\n|t:|1700225244\n|move|p1a: Darkrai|Thunder Wave|p2a: Marshadow\n|-status|p2a: Marshadow|par\n|move|p2a: Marshadow|Force Palm|p1a: Darkrai\n|-supereffective|p1a: Darkrai\n|-enditem|p1a: Darkrai|Focus Sash\n|-damage|p1a: Darkrai|1\/100\n|\n|upkeep\n|turn|15\n|\n|t:|1700225253\n|move|p2a: Marshadow|Shadow Sneak|p1a: Darkrai\n|-resisted|p1a: Darkrai\n|-damage|p1a: Darkrai|0 fnt\n|faint|p1a: Darkrai\n|\n|-sideend|p2: JustMonika_CARR|Reflect\n|upkeep\n|\n|t:|1700225259\n|switch|p1a: Kyurem|Kyurem-Black|100\/100\n|-ability|p1a: Kyurem|Teravolt\n|turn|16\n|\n|t:|1700225267\n|move|p1a: Kyurem|Scale Shot|p2a: Marshadow\n|-damage|p2a: Marshadow|80\/100 par\n|-damage|p2a: Marshadow|61\/100 par\n|-damage|p2a: Marshadow|41\/100 par\n|-damage|p2a: Marshadow|20\/100 par\n|-hitcount|p2a: Marshadow|4\n|-unboost|p1a: Kyurem|def|1\n|-boost|p1a: Kyurem|spe|1\n|move|p2a: Marshadow|Force Palm|p1a: Kyurem\n|-supereffective|p1a: Kyurem\n|-damage|p1a: Kyurem|0 fnt\n|faint|p1a: Kyurem\n|\n|upkeep\n|\n|t:|1700225279\n|switch|p1a: Necrozma|Necrozma-Dusk-Mane|100\/100\n|turn|17\n|\n|t:|1700225284\n|move|p2a: Marshadow|Shadow Sneak|p1a: Necrozma\n|-supereffective|p1a: Necrozma\n|-damage|p1a: Necrozma|25\/100\n|move|p1a: Necrozma|Photon Geyser|p2a: Marshadow\n|-supereffective|p2a: Marshadow\n|-damage|p2a: Marshadow|0 fnt\n|faint|p2a: Marshadow\n|\n|upkeep\n|-message|Zaion Deez forfeited.\n|\n|win|JustMonika_CARR\n|raw|Zaion Deez's rating: 1399 &rarr; <strong>1381<\/strong><br \/>(-18 for losing)\n|raw|JustMonika_CARR's rating: 1428 &rarr; <strong>1446<\/strong><br \/>(+18 for winning)\n|l|\u2606Zaion Deez\n","uploadtime":1700225297,"views":7,"p1id":"zaiondeez","p2id":"justmonikacarr","formatid":"gen9nationaldexubers","rating":1381,"private":0,"password":""}