{"id":"gen9nationaldexubers-1996134186","p1":"AlolanSandslashOU","p2":"XX_1nfinity_XX","format":"[Gen 9] National Dex Ubers","log":"|j|\u2606AlolanSandslashOU\n|j|\u2606XX_1nfinity_XX\n|t:|1700649333\n|gametype|singles\n|player|p1|AlolanSandslashOU|volkner|\n|player|p2|XX_1nfinity_XX|steven|\n|teamsize|p1|6\n|teamsize|p2|6\n|gen|9\n|tier|[Gen 9] National Dex Ubers\n|rule|HP Percentage Mod: HP is shown in percentages\n|rule|Endless Battle Clause: Forcing endless battles is banned\n|rule|OHKO Clause: OHKO moves are banned\n|rule|Evasion Moves Clause: Evasion moves are banned\n|rule|Evasion Items Clause: Evasion items are banned\n|rule|Species Clause: Limit one of each Pok\u00e9mon\n|rule|Sleep Clause Mod: Limit one foe put to sleep\n|rule|Mega Rayquaza Clause: You cannot mega evolve Rayquaza\n|clearpoke\n|poke|p1|Sneasler, M|\n|poke|p1|Greninja-*, M|\n|poke|p1|Zapdos|\n|poke|p1|Iron Moth|\n|poke|p1|Kartana|\n|poke|p1|Great Tusk|\n|poke|p2|Lopunny, M|\n|poke|p2|Ursaluna-Bloodmoon, M|\n|poke|p2|Porygon-Z|\n|poke|p2|Shuckle, F|\n|poke|p2|Slaking, M|\n|poke|p2|Ambipom, F|\n|teampreview\n|inactive|Battle timer is ON: inactive players will automatically lose when time's up. (requested by XX_1nfinity_XX)\n|c|\u2606AlolanSandslashOU|Ain\u2019t your ace mega kanga\n|c|\u2606AlolanSandslashOU|where tf is it\n|c|\u2606XX_1nfinity_XX|changed\n|\n|t:|1700649359\n|start\n|switch|p1a: Great Tusk|Great Tusk, shiny|100\/100\n|switch|p2a: WebSetterTrust|Shuckle, F|100\/100\n|turn|1\n|c|\u2606XX_1nfinity_XX|its a web setter definately not contrary shell smash\n|\n|t:|1700649381\n|move|p1a: Great Tusk|Knock Off|p2a: WebSetterTrust\n|-damage|p2a: WebSetterTrust|77\/100\n|-enditem|p2a: WebSetterTrust|Mental Herb|[from] move: Knock Off|[of] p1a: Great Tusk\n|move|p2a: WebSetterTrust|Toxic|p1a: Great Tusk\n|-status|p1a: Great Tusk|tox\n|\n|-damage|p1a: Great Tusk|94\/100 tox|[from] psn\n|upkeep\n|turn|2\n|\n|t:|1700649389\n|move|p1a: Great Tusk|Earthquake|p2a: WebSetterTrust\n|-damage|p2a: WebSetterTrust|39\/100\n|move|p2a: WebSetterTrust|Sticky Web|p1a: Great Tusk\n|-sidestart|p1: AlolanSandslashOU|move: Sticky Web\n|\n|-damage|p1a: Great Tusk|82\/100 tox|[from] psn\n|upkeep\n|turn|3\n|\n|t:|1700649393\n|move|p1a: Great Tusk|Rapid Spin|p2a: WebSetterTrust\n|-resisted|p2a: WebSetterTrust\n|-damage|p2a: WebSetterTrust|33\/100\n|-boost|p1a: Great Tusk|spe|1\n|-sideend|p1: AlolanSandslashOU|Sticky Web|[from] move: Rapid Spin|[of] p1a: Great Tusk\n|move|p2a: WebSetterTrust|Stealth Rock|p1a: Great Tusk\n|-sidestart|p1: AlolanSandslashOU|move: Stealth Rock\n|\n|-damage|p1a: Great Tusk|64\/100 tox|[from] psn\n|upkeep\n|turn|4\n|\n|t:|1700649397\n|move|p1a: Great Tusk|Earthquake|p2a: WebSetterTrust\n|-damage|p2a: WebSetterTrust|0 fnt\n|faint|p2a: WebSetterTrust\n|\n|-damage|p1a: Great Tusk|40\/100 tox|[from] psn\n|upkeep\n|\n|t:|1700649404\n|switch|p2a: Wabbit|Lopunny, M|100\/100\n|turn|5\n|\n|t:|1700649409\n|detailschange|p2a: Wabbit|Lopunny-Mega, M\n|-mega|p2a: Wabbit|Lopunny|Lopunnite\n|move|p2a: Wabbit|Ice Punch|p1a: Great Tusk\n|-supereffective|p1a: Great Tusk\n|-damage|p1a: Great Tusk|9\/100 tox\n|move|p1a: Great Tusk|Rapid Spin|p2a: Wabbit\n|-damage|p2a: Wabbit|74\/100\n|-boost|p1a: Great Tusk|spe|1\n|-sideend|p1: AlolanSandslashOU|Stealth Rock|[from] move: Rapid Spin|[of] p1a: Great Tusk\n|\n|-damage|p1a: Great Tusk|0 fnt|[from] psn\n|faint|p1a: Great Tusk\n|-end|p1a: Great Tusk|Protosynthesis|[silent]\n|upkeep\n|\n|t:|1700649415\n|switch|p1a: Zapdos|Zapdos|100\/100\n|turn|6\n|c|\u2606XX_1nfinity_XX|ahh frick forgot to change pory again\n|\n|t:|1700649430\n|move|p2a: Wabbit|U-turn|p1a: Zapdos\n|-resisted|p1a: Zapdos\n|-damage|p1a: Zapdos|89\/100\n|\n|t:|1700649434\n|switch|p2a: Monke|Slaking, M|100\/100|[from] U-turn\n|-zpower|p1a: Zapdos\n|move|p1a: Zapdos|Supersonic Skystrike|p2a: Monke|[zeffect]\n|-damage|p2a: Monke|0 fnt\n|faint|p2a: Monke\n|\n|upkeep\n|\n|t:|1700649437\n|switch|p2a: What the DUck|Porygon-Z|100\/100\n|turn|7\n|\n|t:|1700649447\n|move|p2a: What the DUck|Conversion|p2a: What the DUck\n|-start|p2a: What the DUck|typechange|Electric\n|move|p1a: Zapdos|Discharge|p2a: What the DUck\n|-resisted|p2a: What the DUck\n|-damage|p2a: What the DUck|73\/100\n|\n|upkeep\n|turn|8\n|\n|t:|1700649451\n|move|p2a: What the DUck|Nasty Plot|p2a: What the DUck\n|-boost|p2a: What the DUck|spa|2\n|move|p1a: Zapdos|Volt Switch|p2a: What the DUck\n|-resisted|p2a: What the DUck\n|-damage|p2a: What the DUck|46\/100\n|\n|t:|1700649455\n|switch|p1a: Sneasler|Sneasler, M|100\/100|[from] Volt Switch\n|\n|upkeep\n|turn|9\n|c|\u2606XX_1nfinity_XX|this could have swept with actuall set\n|\n|t:|1700649470\n|move|p1a: Sneasler|U-turn|p2a: What the DUck\n|-damage|p2a: What the DUck|0 fnt\n|faint|p2a: What the DUck\n|\n|t:|1700649473\n|switch|p1a: Zapdos|Zapdos|89\/100|[from] U-turn\n|\n|upkeep\n|\n|t:|1700649479\n|switch|p2a: We Bare Bear|Ursaluna-Bloodmoon, M|100\/100\n|turn|10\n|\n|t:|1700649483\n|move|p1a: Zapdos|Hurricane|p2a: We Bare Bear\n|-damage|p2a: We Bare Bear|33\/100\n|move|p2a: We Bare Bear|Calm Mind|p2a: We Bare Bear\n|-boost|p2a: We Bare Bear|spa|1\n|-boost|p2a: We Bare Bear|spd|1\n|\n|-heal|p2a: We Bare Bear|39\/100|[from] item: Leftovers\n|upkeep\n|turn|11\n|c|\u2606XX_1nfinity_XX|nuh uh miss\n|\n|t:|1700649491\n|move|p1a: Zapdos|Hurricane|p2a: We Bare Bear\n|-damage|p2a: We Bare Bear|0 fnt\n|faint|p2a: We Bare Bear\n|\n|upkeep\n|\n|t:|1700649496\n|switch|p2a: Also Monke|Ambipom, F|100\/100\n|turn|12\n|c|\u2606XX_1nfinity_XX|ok atleast do not para\n|c|\u2606AlolanSandslashOU|I\u2019ll give you this\n|c|\u2606AlolanSandslashOU|i like ambipom so cool pick\n|\n|t:|1700649518\n|move|p2a: Also Monke|Fake Out|p1a: Zapdos\n|-damage|p1a: Zapdos|52\/100\n|-status|p2a: Also Monke|par|[from] ability: Static|[of] p1a: Zapdos\n|-damage|p2a: Also Monke|91\/100 par|[from] item: Life Orb\n|cant|p1a: Zapdos|flinch\n|\n|upkeep\n|turn|13\n|c|\u2606AlolanSandslashOU|LOL\n|c|\u2606XX_1nfinity_XX|man\n|\n|t:|1700649530\n|move|p1a: Zapdos|Volt Switch|p2a: Also Monke\n|-damage|p2a: Also Monke|35\/100 par\n|\n|t:|1700649534\n|switch|p1a: Iron Moth|Iron Moth, shiny|100\/100|[from] Volt Switch\n|-enditem|p1a: Iron Moth|Booster Energy\n|-activate|p1a: Iron Moth|ability: Quark Drive|[fromitem]\n|-start|p1a: Iron Moth|quarkdrivespe\n|move|p2a: Also Monke|Power-Up Punch|p1a: Iron Moth\n|-resisted|p1a: Iron Moth\n|-damage|p1a: Iron Moth|83\/100\n|-boost|p2a: Also Monke|atk|1\n|-damage|p2a: Also Monke|25\/100 par|[from] item: Life Orb\n|\n|upkeep\n|turn|14\n|\n|t:|1700649539\n|move|p1a: Iron Moth|Fiery Dance|p2a: Also Monke\n|-damage|p2a: Also Monke|0 fnt\n|faint|p2a: Also Monke\n|\n|upkeep\n|\n|t:|1700649542\n|switch|p2a: Wabbit|Lopunny-Mega, M|74\/100\n|turn|15\n|\n|t:|1700649544\n|move|p2a: Wabbit|Fake Out|p1a: Iron Moth\n|-damage|p1a: Iron Moth|48\/100\n|cant|p1a: Iron Moth|flinch\n|\n|upkeep\n|turn|16\n|\n|t:|1700649548\n|move|p1a: Iron Moth|Psychic|p2a: Wabbit\n|-supereffective|p2a: Wabbit\n|-damage|p2a: Wabbit|0 fnt\n|faint|p2a: Wabbit\n|\n|win|AlolanSandslashOU\n|c|\u2606AlolanSandslashOU|I\u2019ll take that badge\n|c|\u2606XX_1nfinity_XX|i have the worst RNG in the whole server\n","uploadtime":1700649559,"views":1,"p1id":"alolansandslashou","p2id":"xx1nfinityxx","formatid":"gen9nationaldexubers","rating":0,"private":0,"password":""}