{"id":"gen9nationaldexubers-1985429592","p1":"Just B3A$T","p2":"Aroma Nobody","format":"[Gen 9] National Dex Ubers","log":"|j|\u2606Just B3A$T\n|j|\u2606Aroma Nobody\n|t:|1699373998\n|gametype|singles\n|player|p1|Just B3A$T|noland|\n|player|p2|Aroma Nobody|turo-ai|\n|teamsize|p1|6\n|teamsize|p2|6\n|gen|9\n|tier|[Gen 9] National Dex Ubers\n|rule|HP Percentage Mod: HP is shown in percentages\n|rule|Endless Battle Clause: Forcing endless battles is banned\n|rule|OHKO Clause: OHKO moves are banned\n|rule|Evasion Moves Clause: Evasion moves are banned\n|rule|Evasion Items Clause: Evasion items are banned\n|rule|Species Clause: Limit one of each Pok\u00e9mon\n|rule|Sleep Clause Mod: Limit one foe put to sleep\n|rule|Mega Rayquaza Clause: You cannot mega evolve Rayquaza\n|clearpoke\n|poke|p1|Iron Valiant|\n|poke|p1|Gholdengo|\n|poke|p1|Sableye, M|\n|poke|p1|Conkeldurr, M|\n|poke|p1|Zapdos|\n|poke|p1|Toxapex, F|\n|poke|p2|Walking Wake|\n|poke|p2|Urshifu-*, F|\n|poke|p2|Gastrodon, M|\n|poke|p2|Iron Bundle|\n|poke|p2|Gyarados, F|\n|poke|p2|Tapu Fini|\n|teampreview\n|inactive|Battle timer is ON: inactive players will automatically lose when time's up. (requested by Just B3A$T)\n|c|\u2606Aroma Nobody|Glhd\n|c|\u2606Just B3A$T|u2\n|c|\u2606Just B3A$T|right\n|c|\u2606Just B3A$T|the mechanical duck is now legal\n|c|\u2606Just B3A$T|very well\n|inactive|Just B3A$T has 270 seconds left.\n|\n|t:|1699374032\n|start\n|switch|p1a: bolt beak!!!|Zapdos|100\/100\n|switch|p2a: Gastrodon|Gastrodon, M|100\/100\n|turn|1\n|\n|t:|1699374038\n|move|p1a: bolt beak!!!|Hurricane|p2a: Gastrodon|[miss]\n|-miss|p1a: bolt beak!!!|p2a: Gastrodon\n|move|p2a: Gastrodon|Stealth Rock|p1a: bolt beak!!!\n|-sidestart|p1: Just B3A$T|move: Stealth Rock\n|\n|upkeep\n|turn|2\n|\n|t:|1699374046\n|move|p1a: bolt beak!!!|Hurricane|p2a: Gastrodon\n|-damage|p2a: Gastrodon|67\/100\n|move|p2a: Gastrodon|Clear Smog|p1a: bolt beak!!!\n|-damage|p1a: bolt beak!!!|91\/100\n|-clearboost|p1a: bolt beak!!!\n|\n|-heal|p2a: Gastrodon|73\/100|[from] item: Leftovers\n|upkeep\n|turn|3\n|\n|t:|1699374050\n|move|p1a: bolt beak!!!|Defog|p2a: Gastrodon\n|-unboost|p2a: Gastrodon|evasion|1\n|-sideend|p1: Just B3A$T|Stealth Rock|[from] move: Defog|[of] p1a: bolt beak!!!\n|move|p2a: Gastrodon|Recover|p2a: Gastrodon\n|-heal|p2a: Gastrodon|100\/100\n|\n|upkeep\n|turn|4\n|\n|t:|1699374052\n|move|p1a: bolt beak!!!|Hurricane|p2a: Gastrodon\n|-damage|p2a: Gastrodon|71\/100\n|-start|p2a: Gastrodon|confusion\n|-activate|p2a: Gastrodon|confusion\n|-damage|p2a: Gastrodon|64\/100|[from] confusion\n|\n|-heal|p2a: Gastrodon|70\/100|[from] item: Leftovers\n|upkeep\n|turn|5\n|\n|t:|1699374060\n|switch|p1a: Test Your Might!|Conkeldurr, M|100\/100\n|-activate|p2a: Gastrodon|confusion\n|-damage|p2a: Gastrodon|63\/100|[from] confusion\n|\n|-heal|p2a: Gastrodon|69\/100|[from] item: Leftovers\n|upkeep\n|turn|6\n|\n|t:|1699374072\n|switch|p2a: Tapu Fini|Tapu Fini|100\/100\n|-fieldstart|move: Misty Terrain|[from] ability: Misty Surge|[of] p2a: Tapu Fini\n|move|p1a: Test Your Might!|Drain Punch|p2a: Tapu Fini\n|-resisted|p2a: Tapu Fini\n|-damage|p2a: Tapu Fini|80\/100\n|\n|-heal|p2a: Tapu Fini|87\/100|[from] item: Leftovers\n|upkeep\n|turn|7\n|\n|t:|1699374078\n|switch|p1a: pest|Toxapex, F|100\/100\n|move|p2a: Tapu Fini|Calm Mind|p2a: Tapu Fini\n|-boost|p2a: Tapu Fini|spa|1\n|-boost|p2a: Tapu Fini|spd|1\n|\n|-heal|p2a: Tapu Fini|93\/100|[from] item: Leftovers\n|upkeep\n|turn|8\n|\n|t:|1699374081\n|move|p2a: Tapu Fini|Taunt|p1a: pest\n|-start|p1a: pest|move: Taunt\n|move|p1a: pest|Knock Off|p2a: Tapu Fini\n|-resisted|p2a: Tapu Fini\n|-damage|p2a: Tapu Fini|87\/100\n|-enditem|p2a: Tapu Fini|Leftovers|[from] move: Knock Off|[of] p1a: pest\n|\n|upkeep\n|turn|9\n|\n|t:|1699374089\n|switch|p1a: Fear|Sableye, M|100\/100\n|move|p2a: Tapu Fini|Calm Mind|p2a: Tapu Fini\n|-boost|p2a: Tapu Fini|spa|1\n|-boost|p2a: Tapu Fini|spd|1\n|\n|upkeep\n|turn|10\n|\n|t:|1699374092\n|move|p1a: Fear|Thunder Wave|p2a: Tapu Fini\n|-activate|p2a: Tapu Fini|move: Misty Terrain\n|move|p2a: Tapu Fini|Draining Kiss|p1a: Fear\n|-supereffective|p1a: Fear\n|-damage|p1a: Fear|0 fnt\n|-heal|p2a: Tapu Fini|100\/100|[from] drain|[of] p1a: Fear\n|faint|p1a: Fear\n|\n|-fieldend|Misty Terrain\n|upkeep\n|c|\u2606Aroma Nobody|?\n|c|\u2606Just B3A$T|braincells left the body\n|\n|t:|1699374114\n|switch|p1a: pest|Toxapex, F|100\/100\n|turn|11\n|c|\u2606Aroma Nobody|You know i just realized i am mono water. I forgot to add an extra type mon.\n|\n|t:|1699374127\n|move|p2a: Tapu Fini|Taunt|p1a: pest\n|-start|p1a: pest|move: Taunt\n|cant|p1a: pest|move: Taunt|Toxic\n|\n|upkeep\n|turn|12\n|c|\u2606Just B3A$T|true\n|\n|t:|1699374133\n|move|p2a: Tapu Fini|Calm Mind|p2a: Tapu Fini\n|-boost|p2a: Tapu Fini|spa|1\n|-boost|p2a: Tapu Fini|spd|1\n|move|p1a: pest|Scald|p2a: Tapu Fini\n|-resisted|p2a: Tapu Fini\n|-damage|p2a: Tapu Fini|98\/100\n|\n|upkeep\n|turn|13\n|\n|t:|1699374139\n|switch|p1a: bolt beak!!!|Zapdos|91\/100\n|move|p2a: Tapu Fini|Calm Mind|p2a: Tapu Fini\n|-boost|p2a: Tapu Fini|spa|1\n|-boost|p2a: Tapu Fini|spd|1\n|\n|upkeep\n|turn|14\n|\n|t:|1699374144\n|move|p1a: bolt beak!!!|Hurricane|p2a: Tapu Fini\n|-damage|p2a: Tapu Fini|84\/100\n|move|p2a: Tapu Fini|Draining Kiss|p1a: bolt beak!!!\n|-damage|p1a: bolt beak!!!|47\/100\n|-heal|p2a: Tapu Fini|100\/100|[from] drain|[of] p1a: bolt beak!!!\n|-status|p2a: Tapu Fini|par|[from] ability: Static|[of] p1a: bolt beak!!!\n|\n|upkeep\n|turn|15\n|c|\u2606Aroma Nobody|That's physucal?\n|\n|t:|1699374163\n|move|p1a: bolt beak!!!|Roost|p1a: bolt beak!!!\n|-heal|p1a: bolt beak!!!|97\/100\n|-singleturn|p1a: bolt beak!!!|move: Roost\n|move|p2a: Tapu Fini|Scald|p1a: bolt beak!!!\n|-damage|p1a: bolt beak!!!|21\/100\n|\n|upkeep\n|turn|16\n|\n|t:|1699374166\n|move|p1a: bolt beak!!!|Roost|p1a: bolt beak!!!\n|-heal|p1a: bolt beak!!!|71\/100\n|-singleturn|p1a: bolt beak!!!|move: Roost\n|move|p2a: Tapu Fini|Scald|p1a: bolt beak!!!\n|-damage|p1a: bolt beak!!!|0 fnt\n|faint|p1a: bolt beak!!!\n|\n|upkeep\n|c|\u2606Just B3A$T|ye\n|c|\u2606Just B3A$T|pain\n|\n|t:|1699374176\n|switch|p1a: Test Your Might!|Conkeldurr, M|100\/100\n|turn|17\n|\n|t:|1699374181\n|move|p2a: Tapu Fini|Draining Kiss|p1a: Test Your Might!\n|-supereffective|p1a: Test Your Might!\n|-damage|p1a: Test Your Might!|28\/100\n|move|p1a: Test Your Might!|Thunder Punch|p2a: Tapu Fini\n|-supereffective|p2a: Tapu Fini\n|-damage|p2a: Tapu Fini|45\/100 par\n|\n|upkeep\n|turn|18\n|c|\u2606Just B3A$T|it's still faster\n|c|\u2606Just B3A$T|damn\n|\n|t:|1699374195\n|move|p2a: Tapu Fini|Draining Kiss|p1a: Test Your Might!\n|-supereffective|p1a: Test Your Might!\n|-damage|p1a: Test Your Might!|0 fnt\n|-heal|p2a: Tapu Fini|70\/100 par|[from] drain|[of] p1a: Test Your Might!\n|faint|p1a: Test Your Might!\n|\n|upkeep\n|\n|t:|1699374201\n|switch|p1a: Profit!|Gholdengo|100\/100\n|-item|p1a: Profit!|Air Balloon\n|turn|19\n|\n|t:|1699374214\n|move|p1a: Profit!|Nasty Plot|p1a: Profit!\n|-boost|p1a: Profit!|spa|2\n|move|p2a: Tapu Fini|Scald|p1a: Profit!\n|-damage|p1a: Profit!|25\/100\n|-enditem|p1a: Profit!|Air Balloon\n|\n|upkeep\n|turn|20\n|\n|t:|1699374221\n|-terastallize|p2a: Tapu Fini|Water\n|move|p1a: Profit!|Make It Rain|p2a: Tapu Fini\n|-resisted|p2a: Tapu Fini\n|-damage|p2a: Tapu Fini|51\/100 par\n|-unboost|p1a: Profit!|spa|1\n|move|p2a: Tapu Fini|Scald|p1a: Profit!\n|-damage|p1a: Profit!|0 fnt\n|faint|p1a: Profit!\n|\n|upkeep\n|\n|t:|1699374233\n|switch|p1a: Iron Pride Icon|Iron Valiant, shiny|100\/100\n|-enditem|p1a: Iron Pride Icon|Booster Energy\n|-activate|p1a: Iron Pride Icon|ability: Quark Drive|[fromitem]\n|-start|p1a: Iron Pride Icon|quarkdrivespe\n|turn|21\n|\n|t:|1699374236\n|-terastallize|p1a: Iron Pride Icon|Steel\n|move|p1a: Iron Pride Icon|Swords Dance|p1a: Iron Pride Icon\n|-boost|p1a: Iron Pride Icon|atk|2\n|move|p2a: Tapu Fini|Draining Kiss|p1a: Iron Pride Icon\n|-resisted|p1a: Iron Pride Icon\n|-damage|p1a: Iron Pride Icon|55\/100\n|-heal|p2a: Tapu Fini|80\/100 par|[from] drain|[of] p1a: Iron Pride Icon\n|\n|upkeep\n|turn|22\n|\n|t:|1699374240\n|move|p1a: Iron Pride Icon|Close Combat|p2a: Tapu Fini\n|-damage|p2a: Tapu Fini|0 fnt\n|-unboost|p1a: Iron Pride Icon|def|1\n|-unboost|p1a: Iron Pride Icon|spd|1\n|faint|p2a: Tapu Fini\n|\n|upkeep\n|\n|t:|1699374256\n|switch|p2a: Gyarados|Gyarados, F|100\/100\n|-ability|p2a: Gyarados|Intimidate|boost\n|-unboost|p1a: Iron Pride Icon|atk|1\n|turn|23\n|\n|t:|1699374261\n|move|p1a: Iron Pride Icon|Thunderbolt|p2a: Gyarados\n|-supereffective|p2a: Gyarados\n|-damage|p2a: Gyarados|0 fnt\n|faint|p2a: Gyarados\n|\n|upkeep\n|\n|t:|1699374266\n|switch|p2a: Gastrodon|Gastrodon, M|69\/100\n|turn|24\n|\n|t:|1699374268\n|move|p1a: Iron Pride Icon|Close Combat|p2a: Gastrodon\n|-damage|p2a: Gastrodon|0 fnt\n|-unboost|p1a: Iron Pride Icon|def|1\n|-unboost|p1a: Iron Pride Icon|spd|1\n|faint|p2a: Gastrodon\n|\n|upkeep\n|\n|t:|1699374283\n|switch|p2a: Urshifu|Urshifu-Rapid-Strike, F|100\/100\n|turn|25\n|c|\u2606Aroma Nobody|Do i lose to this?\n|c|\u2606Just B3A$T|you probably (definitely have Jet)\n|inactive|Just B3A$T has 270 seconds left.\n|\n|t:|1699374313\n|-end|p1a: Iron Pride Icon|Quark Drive|[silent]\n|switch|p1a: pest|Toxapex, F|100\/100\n|move|p2a: Urshifu|Close Combat|p1a: pest\n|-resisted|p1a: pest\n|-damage|p1a: pest|80\/100\n|-unboost|p2a: Urshifu|def|1\n|-unboost|p2a: Urshifu|spd|1\n|\n|-heal|p1a: pest|86\/100|[from] item: Black Sludge\n|upkeep\n|turn|26\n|c|\u2606Just B3A$T|or you don't\n|\n|t:|1699374321\n|switch|p2a: Iron Bundle|Iron Bundle|100\/100\n|move|p1a: pest|Scald|p2a: Iron Bundle\n|-resisted|p2a: Iron Bundle\n|-damage|p2a: Iron Bundle|84\/100\n|\n|-heal|p1a: pest|93\/100|[from] item: Black Sludge\n|upkeep\n|turn|27\n|inactive|Just B3A$T has 270 seconds left.\n|\n|t:|1699374348\n|move|p2a: Iron Bundle|Freeze-Dry|p1a: pest\n|-supereffective|p1a: pest\n|-damage|p1a: pest|31\/100\n|-status|p1a: pest|frz\n|-curestatus|p1a: pest|frz|[msg]\n|move|p1a: pest|Recover|p1a: pest\n|-heal|p1a: pest|81\/100\n|\n|-heal|p1a: pest|88\/100|[from] item: Black Sludge\n|upkeep\n|turn|28\n|c|\u2606Aroma Nobody|Think you jist sacked\n|inactive|Just B3A$T has 270 seconds left.\n|\n|t:|1699374356\n|move|p2a: Iron Bundle|Taunt|p1a: pest\n|-start|p1a: pest|move: Taunt\n|move|p1a: pest|Knock Off|p2a: Iron Bundle\n|-damage|p2a: Iron Bundle|65\/100\n|-enditem|p2a: Iron Bundle|Heavy-Duty Boots|[from] move: Knock Off|[of] p1a: pest\n|\n|-heal|p1a: pest|94\/100|[from] item: Black Sludge\n|upkeep\n|turn|29\n|c|\u2606Just B3A$T|yep\n|inactive|Just B3A$T has 270 seconds left.\n|c|\u2606Just B3A$T|I guessed that you might've had Jet\n|\n|t:|1699374388\n|move|p2a: Iron Bundle|Freeze-Dry|p1a: pest\n|-supereffective|p1a: pest\n|-damage|p1a: pest|35\/100\n|move|p1a: pest|Scald|p2a: Iron Bundle\n|-resisted|p2a: Iron Bundle\n|-damage|p2a: Iron Bundle|49\/100\n|-status|p2a: Iron Bundle|brn\n|\n|-heal|p1a: pest|41\/100|[from] item: Black Sludge\n|-damage|p2a: Iron Bundle|43\/100 brn|[from] brn\n|upkeep\n|turn|30\n|inactive|Just B3A$T has 240 seconds left.\n|\n|t:|1699374416\n|switch|p1a: Iron Pride Icon|Iron Valiant, shiny, tera:Steel|55\/100\n|move|p2a: Iron Bundle|Freeze-Dry|p1a: Iron Pride Icon\n|-resisted|p1a: Iron Pride Icon\n|-damage|p1a: Iron Pride Icon|20\/100\n|\n|-damage|p2a: Iron Bundle|37\/100 brn|[from] brn\n|upkeep\n|turn|31\n|inactive|Just B3A$T has 240 seconds left.\n|c|\u2606Just B3A$T|pain\n|inactive|Aroma Nobody has 270 seconds left.\n|inactive|Just B3A$T has 210 seconds left.\n|\n|t:|1699374458\n|move|p2a: Iron Bundle|Freeze-Dry|p1a: Iron Pride Icon\n|-resisted|p1a: Iron Pride Icon\n|-damage|p1a: Iron Pride Icon|0 fnt\n|faint|p1a: Iron Pride Icon\n|-end|p1a: Iron Pride Icon|Quark Drive|[silent]\n|\n|-damage|p2a: Iron Bundle|31\/100 brn|[from] brn\n|upkeep\n|\n|t:|1699374460\n|switch|p1a: pest|Toxapex, F|74\/100\n|turn|32\n|\n|t:|1699374468\n|move|p2a: Iron Bundle|Freeze-Dry|p1a: pest\n|-supereffective|p1a: pest\n|-damage|p1a: pest|18\/100\n|move|p1a: pest|Recover|p1a: pest\n|-heal|p1a: pest|68\/100\n|\n|-heal|p1a: pest|75\/100|[from] item: Black Sludge\n|-damage|p2a: Iron Bundle|25\/100 brn|[from] brn\n|upkeep\n|turn|33\n|\n|t:|1699374473\n|move|p2a: Iron Bundle|Freeze-Dry|p1a: pest\n|-supereffective|p1a: pest\n|-crit|p1a: pest\n|-damage|p1a: pest|0 fnt\n|faint|p1a: pest\n|\n|win|Aroma Nobody\n|c|\u2606Just B3A$T|nah\n|c|\u2606Aroma Nobody|Gg\n|c|\u2606Just B3A$T|sad\n|c|\u2606Just B3A$T|gg\n|c|\u2606Aroma Nobody|Urshifu had t-punch anyways\n|c|\u2606Just B3A$T|I threw that so hard\n|c|\u2606Just B3A$T|cause I overthinked\n|c|\u2606Just B3A$T|it always runs Jet\n|c|\u2606Just B3A$T|but it didn't\n|c|\u2606Just B3A$T|if I CCd or Tbolted there I won\n|l|\u2606Just B3A$T\n|j|\u2606Just B3A$T\n|player|p1|Just B3A$T|noland\n|l|\u2606Just B3A$T\n|player|p1|\n|j|\u2606Just B3A$T\n|player|p1|Just B3A$T|noland\n","uploadtime":1699374613,"views":8,"p1id":"justb3at","p2id":"aromanobody","formatid":"gen9nationaldexubers","rating":0,"private":0,"password":""}