{"id":"gen9nationaldexubers-1984949663","p1":"Jesus jostar","p2":"FLOWER-M0DE\u267b\ufe0f","format":"[Gen 9] National Dex Ubers","log":"|j|\u2606Jesus jostar\n|j|\u2606FLOWER-M0DE\u267b\ufe0f\n|t:|1699313898\n|gametype|singles\n|player|p1|Jesus jostar|cynthia|1106\n|player|p2|FLOWER-M0DE\u267b\ufe0f|erika-masters|1054\n|teamsize|p1|6\n|teamsize|p2|6\n|gen|9\n|tier|[Gen 9] National Dex Ubers\n|rated|\n|rule|HP Percentage Mod: HP is shown in percentages\n|rule|Endless Battle Clause: Forcing endless battles is banned\n|rule|OHKO Clause: OHKO moves are banned\n|rule|Evasion Moves Clause: Evasion moves are banned\n|rule|Evasion Items Clause: Evasion items are banned\n|rule|Species Clause: Limit one of each Pok\u00e9mon\n|rule|Sleep Clause Mod: Limit one foe put to sleep\n|rule|Mega Rayquaza Clause: You cannot mega evolve Rayquaza\n|clearpoke\n|poke|p1|Gliscor, M|\n|poke|p1|Garganacl, F|\n|poke|p1|Baxcalibur, F|\n|poke|p1|Whimsicott, F|\n|poke|p1|Magearna|\n|poke|p1|Necrozma-Dusk-Mane|\n|poke|p2|Shaymin-Sky|\n|poke|p2|Leafeon, M|\n|poke|p2|Ogerpon-Hearthflame, F|\n|poke|p2|Tapu Bulu|\n|poke|p2|Lilligant, F|\n|poke|p2|Sceptile, M|\n|teampreview\n|\n|t:|1699313905\n|start\n|switch|p1a: Bohemian Rhapsody|Whimsicott, F, shiny|100\/100\n|switch|p2a: \ud83c\udf3a\ud83c\udf37SHAYMIN\ud83c\udf37\ud83d\udc90|Shaymin-Sky, shiny|100\/100\n|turn|1\n|\n|t:|1699313915\n|move|p1a: Bohemian Rhapsody|Switcheroo|p2a: \ud83c\udf3a\ud83c\udf37SHAYMIN\ud83c\udf37\ud83d\udc90\n|-activate|p1a: Bohemian Rhapsody|move: Trick|[of] p2a: \ud83c\udf3a\ud83c\udf37SHAYMIN\ud83c\udf37\ud83d\udc90\n|-item|p2a: \ud83c\udf3a\ud83c\udf37SHAYMIN\ud83c\udf37\ud83d\udc90|Choice Scarf|[from] move: Switcheroo\n|-item|p1a: Bohemian Rhapsody|Wide Lens|[from] move: Switcheroo\n|move|p2a: \ud83c\udf3a\ud83c\udf37SHAYMIN\ud83c\udf37\ud83d\udc90|Air Slash|p1a: Bohemian Rhapsody\n|-supereffective|p1a: Bohemian Rhapsody\n|-damage|p1a: Bohemian Rhapsody|0 fnt\n|faint|p1a: Bohemian Rhapsody\n|\n|upkeep\n|\n|t:|1699313923\n|switch|p1a: Made in Heaven|Necrozma-Dusk-Mane, shiny|100\/100\n|turn|2\n|\n|t:|1699313927\n|move|p2a: \ud83c\udf3a\ud83c\udf37SHAYMIN\ud83c\udf37\ud83d\udc90|Air Slash|p1a: Made in Heaven|[miss]\n|-miss|p2a: \ud83c\udf3a\ud83c\udf37SHAYMIN\ud83c\udf37\ud83d\udc90|p1a: Made in Heaven\n|move|p1a: Made in Heaven|Trick Room|p1a: Made in Heaven\n|-fieldstart|move: Trick Room|[of] p1a: Made in Heaven\n|\n|upkeep\n|turn|3\n|\n|t:|1699313940\n|switch|p2a: \ud83c\udf8d\ud83c\udf43TAPU BULU\ud83c\udf34|Tapu Bulu, shiny|100\/100\n|-fieldstart|move: Grassy Terrain|[from] ability: Grassy Surge|[of] p2a: \ud83c\udf8d\ud83c\udf43TAPU BULU\ud83c\udf34\n|move|p1a: Made in Heaven|Sunsteel Strike|p2a: \ud83c\udf8d\ud83c\udf43TAPU BULU\ud83c\udf34\n|-supereffective|p2a: \ud83c\udf8d\ud83c\udf43TAPU BULU\ud83c\udf34\n|-damage|p2a: \ud83c\udf8d\ud83c\udf43TAPU BULU\ud83c\udf34|0 fnt\n|faint|p2a: \ud83c\udf8d\ud83c\udf43TAPU BULU\ud83c\udf34\n|\n|upkeep\n|\n|t:|1699313953\n|switch|p2a: \ud83d\udc90LEAFEON\u2618\ufe0f\ud83c\udf8b|Leafeon, M, shiny|100\/100\n|turn|4\n|\n|t:|1699313957\n|move|p1a: Made in Heaven|Sunsteel Strike|p2a: \ud83d\udc90LEAFEON\u2618\ufe0f\ud83c\udf8b\n|-damage|p2a: \ud83d\udc90LEAFEON\u2618\ufe0f\ud83c\udf8b|31\/100\n|move|p2a: \ud83d\udc90LEAFEON\u2618\ufe0f\ud83c\udf8b|Sunny Day|p2a: \ud83d\udc90LEAFEON\u2618\ufe0f\ud83c\udf8b\n|-weather|SunnyDay\n|\n|-weather|SunnyDay|[upkeep]\n|-heal|p2a: \ud83d\udc90LEAFEON\u2618\ufe0f\ud83c\udf8b|37\/100|[from] Grassy Terrain\n|upkeep\n|turn|5\n|\n|t:|1699313970\n|move|p1a: Made in Heaven|Sunsteel Strike|p2a: \ud83d\udc90LEAFEON\u2618\ufe0f\ud83c\udf8b\n|-crit|p2a: \ud83d\udc90LEAFEON\u2618\ufe0f\ud83c\udf8b\n|-damage|p2a: \ud83d\udc90LEAFEON\u2618\ufe0f\ud83c\udf8b|0 fnt\n|faint|p2a: \ud83d\udc90LEAFEON\u2618\ufe0f\ud83c\udf8b\n|\n|-weather|SunnyDay|[upkeep]\n|upkeep\n|\n|t:|1699313978\n|switch|p2a: \ud83c\udff5\ud83c\udf40OPERGON\ud83c\udf40\ud83d\udc90|Ogerpon-Hearthflame, F|100\/100\n|-ability|p2a: \ud83c\udff5\ud83c\udf40OPERGON\ud83c\udf40\ud83d\udc90|Mold Breaker\n|turn|6\n|\n|t:|1699313987\n|-terastallize|p2a: \ud83c\udff5\ud83c\udf40OPERGON\ud83c\udf40\ud83d\udc90|Fire\n|detailschange|p2a: \ud83c\udff5\ud83c\udf40OPERGON\ud83c\udf40\ud83d\udc90|Ogerpon-Hearthflame-Tera, F, tera:Fire\n|-ability|p2a: \ud83c\udff5\ud83c\udf40OPERGON\ud83c\udf40\ud83d\udc90|Embody Aspect (Hearthflame)|boost\n|-boost|p2a: \ud83c\udff5\ud83c\udf40OPERGON\ud83c\udf40\ud83d\udc90|atk|1\n|move|p1a: Made in Heaven|Earthquake|p2a: \ud83c\udff5\ud83c\udf40OPERGON\ud83c\udf40\ud83d\udc90\n|-supereffective|p2a: \ud83c\udff5\ud83c\udf40OPERGON\ud83c\udf40\ud83d\udc90\n|-crit|p2a: \ud83c\udff5\ud83c\udf40OPERGON\ud83c\udf40\ud83d\udc90\n|-damage|p2a: \ud83c\udff5\ud83c\udf40OPERGON\ud83c\udf40\ud83d\udc90|13\/100\n|move|p2a: \ud83c\udff5\ud83c\udf40OPERGON\ud83c\udf40\ud83d\udc90|Trailblaze|p1a: Made in Heaven\n|-resisted|p1a: Made in Heaven\n|-damage|p1a: Made in Heaven|76\/100\n|-boost|p2a: \ud83c\udff5\ud83c\udf40OPERGON\ud83c\udf40\ud83d\udc90|spe|1\n|\n|-weather|SunnyDay|[upkeep]\n|-heal|p1a: Made in Heaven|82\/100|[from] Grassy Terrain\n|-heal|p2a: \ud83c\udff5\ud83c\udf40OPERGON\ud83c\udf40\ud83d\udc90|19\/100|[from] Grassy Terrain\n|-fieldend|move: Trick Room\n|upkeep\n|turn|7\n|\n|t:|1699314006\n|move|p2a: \ud83c\udff5\ud83c\udf40OPERGON\ud83c\udf40\ud83d\udc90|Ivy Cudgel|p1a: Made in Heaven\n|-supereffective|p1a: Made in Heaven\n|-damage|p1a: Made in Heaven|0 fnt\n|faint|p1a: Made in Heaven\n|\n|-weather|SunnyDay|[upkeep]\n|-heal|p2a: \ud83c\udff5\ud83c\udf40OPERGON\ud83c\udf40\ud83d\udc90|25\/100|[from] Grassy Terrain\n|upkeep\n|\n|t:|1699314010\n|switch|p1a: Wonder of U|Garganacl, F|100\/100\n|turn|8\n|\n|t:|1699314020\n|-terastallize|p1a: Wonder of U|Water\n|move|p2a: \ud83c\udff5\ud83c\udf40OPERGON\ud83c\udf40\ud83d\udc90|Ivy Cudgel|p1a: Wonder of U\n|-resisted|p1a: Wonder of U\n|-damage|p1a: Wonder of U|32\/100\n|move|p1a: Wonder of U|Salt Cure|p2a: \ud83c\udff5\ud83c\udf40OPERGON\ud83c\udf40\ud83d\udc90\n|-supereffective|p2a: \ud83c\udff5\ud83c\udf40OPERGON\ud83c\udf40\ud83d\udc90\n|-damage|p2a: \ud83c\udff5\ud83c\udf40OPERGON\ud83c\udf40\ud83d\udc90|0 fnt\n|faint|p2a: \ud83c\udff5\ud83c\udf40OPERGON\ud83c\udf40\ud83d\udc90\n|\n|-weather|SunnyDay|[upkeep]\n|-heal|p1a: Wonder of U|38\/100|[from] Grassy Terrain\n|-heal|p1a: Wonder of U|44\/100|[from] item: Leftovers\n|upkeep\n|\n|t:|1699314033\n|switch|p2a: \ud83c\udf3a\ud83d\udc90LILLIGANT\ud83d\udc90\ud83c\udf3a|Lilligant, F, shiny|100\/100\n|turn|9\n|\n|t:|1699314043\n|switch|p1a: Foo fighters|Magearna|100\/100\n|move|p2a: \ud83c\udf3a\ud83d\udc90LILLIGANT\ud83d\udc90\ud83c\udf3a|Solar Beam||[still]\n|-prepare|p2a: \ud83c\udf3a\ud83d\udc90LILLIGANT\ud83d\udc90\ud83c\udf3a|Solar Beam\n|-anim|p2a: \ud83c\udf3a\ud83d\udc90LILLIGANT\ud83d\udc90\ud83c\udf3a|Solar Beam|p1a: Foo fighters\n|-resisted|p1a: Foo fighters\n|-crit|p1a: Foo fighters\n|-damage|p1a: Foo fighters|39\/100\n|\n|-weather|SunnyDay|[upkeep]\n|-heal|p1a: Foo fighters|45\/100|[from] Grassy Terrain\n|upkeep\n|turn|10\n|\n|t:|1699314057\n|move|p2a: \ud83c\udf3a\ud83d\udc90LILLIGANT\ud83d\udc90\ud83c\udf3a|Solar Beam||[still]\n|-prepare|p2a: \ud83c\udf3a\ud83d\udc90LILLIGANT\ud83d\udc90\ud83c\udf3a|Solar Beam\n|-anim|p2a: \ud83c\udf3a\ud83d\udc90LILLIGANT\ud83d\udc90\ud83c\udf3a|Solar Beam|p1a: Foo fighters\n|-resisted|p1a: Foo fighters\n|-damage|p1a: Foo fighters|8\/100\n|move|p1a: Foo fighters|Calm Mind|p1a: Foo fighters\n|-boost|p1a: Foo fighters|spa|1\n|-boost|p1a: Foo fighters|spd|1\n|\n|-weather|SunnyDay|[upkeep]\n|-heal|p1a: Foo fighters|14\/100|[from] Grassy Terrain\n|-fieldend|move: Grassy Terrain\n|upkeep\n|turn|11\n|\n|t:|1699314069\n|move|p2a: \ud83c\udf3a\ud83d\udc90LILLIGANT\ud83d\udc90\ud83c\udf3a|Solar Beam||[still]\n|-prepare|p2a: \ud83c\udf3a\ud83d\udc90LILLIGANT\ud83d\udc90\ud83c\udf3a|Solar Beam\n|-anim|p2a: \ud83c\udf3a\ud83d\udc90LILLIGANT\ud83d\udc90\ud83c\udf3a|Solar Beam|p1a: Foo fighters\n|-resisted|p1a: Foo fighters\n|-damage|p1a: Foo fighters|0 fnt\n|faint|p1a: Foo fighters\n|\n|-weather|none\n|upkeep\n|\n|t:|1699314071\n|switch|p1a: Scary Monsters|Baxcalibur, F|100\/100\n|turn|12\n|\n|t:|1699314082\n|move|p1a: Scary Monsters|Dragon Dance|p1a: Scary Monsters\n|-boost|p1a: Scary Monsters|atk|1\n|-boost|p1a: Scary Monsters|spe|1\n|move|p2a: \ud83c\udf3a\ud83d\udc90LILLIGANT\ud83d\udc90\ud83c\udf3a|Quiver Dance|p2a: \ud83c\udf3a\ud83d\udc90LILLIGANT\ud83d\udc90\ud83c\udf3a\n|-boost|p2a: \ud83c\udf3a\ud83d\udc90LILLIGANT\ud83d\udc90\ud83c\udf3a|spa|1\n|-boost|p2a: \ud83c\udf3a\ud83d\udc90LILLIGANT\ud83d\udc90\ud83c\udf3a|spd|1\n|-boost|p2a: \ud83c\udf3a\ud83d\udc90LILLIGANT\ud83d\udc90\ud83c\udf3a|spe|1\n|\n|upkeep\n|turn|13\n|\n|t:|1699314094\n|move|p1a: Scary Monsters|Icicle Spear|p2a: \ud83c\udf3a\ud83d\udc90LILLIGANT\ud83d\udc90\ud83c\udf3a\n|-supereffective|p2a: \ud83c\udf3a\ud83d\udc90LILLIGANT\ud83d\udc90\ud83c\udf3a\n|-crit|p2a: \ud83c\udf3a\ud83d\udc90LILLIGANT\ud83d\udc90\ud83c\udf3a\n|-damage|p2a: \ud83c\udf3a\ud83d\udc90LILLIGANT\ud83d\udc90\ud83c\udf3a|0 fnt\n|faint|p2a: \ud83c\udf3a\ud83d\udc90LILLIGANT\ud83d\udc90\ud83c\udf3a\n|-hitcount|p2: \ud83c\udf3a\ud83d\udc90LILLIGANT\ud83d\udc90\ud83c\udf3a|1\n|\n|upkeep\n|\n|t:|1699314103\n|switch|p2a: \ud83c\udf3a\ud83c\udf37SHAYMIN\ud83c\udf37\ud83d\udc90|Shaymin-Sky, shiny|100\/100\n|turn|14\n|\n|t:|1699314110\n|move|p2a: \ud83c\udf3a\ud83c\udf37SHAYMIN\ud83c\udf37\ud83d\udc90|Air Slash|p1a: Scary Monsters\n|-damage|p1a: Scary Monsters|61\/100\n|cant|p1a: Scary Monsters|flinch\n|\n|upkeep\n|turn|15\n|\n|t:|1699314117\n|move|p2a: \ud83c\udf3a\ud83c\udf37SHAYMIN\ud83c\udf37\ud83d\udc90|Air Slash|p1a: Scary Monsters\n|-damage|p1a: Scary Monsters|17\/100\n|cant|p1a: Scary Monsters|flinch\n|\n|upkeep\n|turn|16\n|\n|t:|1699314123\n|move|p2a: \ud83c\udf3a\ud83c\udf37SHAYMIN\ud83c\udf37\ud83d\udc90|Air Slash|p1a: Scary Monsters\n|-damage|p1a: Scary Monsters|0 fnt\n|faint|p1a: Scary Monsters\n|\n|upkeep\n|\n|t:|1699314127\n|switch|p1a: Wonder of U|Garganacl, F, tera:Water|44\/100\n|turn|17\n|\n|t:|1699314134\n|move|p2a: \ud83c\udf3a\ud83c\udf37SHAYMIN\ud83c\udf37\ud83d\udc90|Air Slash|p1a: Wonder of U\n|-damage|p1a: Wonder of U|20\/100\n|cant|p1a: Wonder of U|flinch\n|\n|-heal|p1a: Wonder of U|26\/100|[from] item: Leftovers\n|upkeep\n|turn|18\n|\n|t:|1699314148\n|switch|p2a: \ud83c\udf3f\ud83c\udf3fSCEPTILE\ud83c\udf32\ud83c\udf32|Sceptile, M, shiny|100\/100\n|move|p1a: Wonder of U|Salt Cure|p2a: \ud83c\udf3f\ud83c\udf3fSCEPTILE\ud83c\udf32\ud83c\udf32\n|-damage|p2a: \ud83c\udf3f\ud83c\udf3fSCEPTILE\ud83c\udf32\ud83c\udf32|77\/100\n|-start|p2a: \ud83c\udf3f\ud83c\udf3fSCEPTILE\ud83c\udf32\ud83c\udf32|Salt Cure\n|\n|-heal|p1a: Wonder of U|32\/100|[from] item: Leftovers\n|-damage|p2a: \ud83c\udf3f\ud83c\udf3fSCEPTILE\ud83c\udf32\ud83c\udf32|65\/100|[from] Salt Cure\n|upkeep\n|turn|19\n|\n|t:|1699314160\n|detailschange|p2a: \ud83c\udf3f\ud83c\udf3fSCEPTILE\ud83c\udf32\ud83c\udf32|Sceptile-Mega, M, shiny\n|-mega|p2a: \ud83c\udf3f\ud83c\udf3fSCEPTILE\ud83c\udf32\ud83c\udf32|Sceptile|Sceptilite\n|move|p2a: \ud83c\udf3f\ud83c\udf3fSCEPTILE\ud83c\udf32\ud83c\udf32|Giga Drain|p1a: Wonder of U\n|-supereffective|p1a: Wonder of U\n|-damage|p1a: Wonder of U|0 fnt\n|-heal|p2a: \ud83c\udf3f\ud83c\udf3fSCEPTILE\ud83c\udf32\ud83c\udf32|87\/100|[from] drain|[of] p1a: Wonder of U\n|faint|p1a: Wonder of U\n|\n|-damage|p2a: \ud83c\udf3f\ud83c\udf3fSCEPTILE\ud83c\udf32\ud83c\udf32|75\/100|[from] Salt Cure\n|upkeep\n|\n|t:|1699314165\n|switch|p1a: Purple haze|Gliscor, M|100\/100\n|turn|20\n|inactive|Battle timer is ON: inactive players will automatically lose when time's up. (requested by Jesus jostar)\n|\n|t:|1699314216\n|move|p2a: \ud83c\udf3f\ud83c\udf3fSCEPTILE\ud83c\udf32\ud83c\udf32|Grassy Terrain|p2a: \ud83c\udf3f\ud83c\udf3fSCEPTILE\ud83c\udf32\ud83c\udf32\n|-fieldstart|move: Grassy Terrain\n|move|p1a: Purple haze|Swords Dance|p1a: Purple haze\n|-boost|p1a: Purple haze|atk|2\n|\n|-heal|p2a: \ud83c\udf3f\ud83c\udf3fSCEPTILE\ud83c\udf32\ud83c\udf32|81\/100|[from] Grassy Terrain\n|-damage|p2a: \ud83c\udf3f\ud83c\udf3fSCEPTILE\ud83c\udf32\ud83c\udf32|68\/100|[from] Salt Cure\n|-status|p1a: Purple haze|tox|[from] item: Toxic Orb\n|upkeep\n|turn|21\n|\n|t:|1699314227\n|move|p2a: \ud83c\udf3f\ud83c\udf3fSCEPTILE\ud83c\udf32\ud83c\udf32|Giga Drain|p1a: Purple haze\n|-damage|p1a: Purple haze|37\/100 tox\n|-heal|p2a: \ud83c\udf3f\ud83c\udf3fSCEPTILE\ud83c\udf32\ud83c\udf32|100\/100|[from] drain|[of] p1a: Purple haze\n|move|p1a: Purple haze|Facade|p2a: \ud83c\udf3f\ud83c\udf3fSCEPTILE\ud83c\udf32\ud83c\udf32\n|-damage|p2a: \ud83c\udf3f\ud83c\udf3fSCEPTILE\ud83c\udf32\ud83c\udf32|8\/100\n|\n|-heal|p2a: \ud83c\udf3f\ud83c\udf3fSCEPTILE\ud83c\udf32\ud83c\udf32|14\/100|[from] Grassy Terrain\n|-heal|p1a: Purple haze|49\/100 tox|[from] ability: Poison Heal\n|-damage|p2a: \ud83c\udf3f\ud83c\udf3fSCEPTILE\ud83c\udf32\ud83c\udf32|1\/100|[from] Salt Cure\n|upkeep\n|turn|22\n|-message|Jesus jostar forfeited.\n|\n|win|FLOWER-M0DE\u267b\ufe0f\n|raw|Jesus jostar's rating: 1124 &rarr; <strong>1094<\/strong><br \/>(-30 for losing)\n|raw|FLOWER-M0DE\u267b\ufe0f's rating: 1054 &rarr; <strong>1092<\/strong><br \/>(+38 for winning)\n|l|\u2606Jesus jostar\n","uploadtime":1699314794,"views":4,"p1id":"jesusjostar","p2id":"flowerm0de","formatid":"gen9nationaldexubers","rating":1092,"private":0,"password":""}