{"id":"gen9nationaldexubers-1988716463","p1":"Xx_Deluxe_xX","p2":"killgaldo","format":"[Gen 9] National Dex Ubers","log":"|j|\u2606Xx_Deluxe_xX\n|j|\u2606killgaldo\n|t:|1699754201\n|gametype|singles\n|player|p1|Xx_Deluxe_xX|alder|1140\n|player|p2|killgaldo|lance|1196\n|teamsize|p1|6\n|teamsize|p2|6\n|gen|9\n|tier|[Gen 9] National Dex Ubers\n|rated|\n|rule|HP Percentage Mod: HP is shown in percentages\n|rule|Endless Battle Clause: Forcing endless battles is banned\n|rule|OHKO Clause: OHKO moves are banned\n|rule|Evasion Moves Clause: Evasion moves are banned\n|rule|Evasion Items Clause: Evasion items are banned\n|rule|Species Clause: Limit one of each Pok\u00e9mon\n|rule|Sleep Clause Mod: Limit one foe put to sleep\n|rule|Mega Rayquaza Clause: You cannot mega evolve Rayquaza\n|clearpoke\n|poke|p1|Blaziken, M|\n|poke|p1|Salamence, F|\n|poke|p1|Zacian-*|\n|poke|p1|Zoroark-Hisui, M|\n|poke|p1|Tyranitar, F|\n|poke|p1|Dialga-Origin|\n|poke|p2|Porygon-Z|\n|poke|p2|Darmanitan-Galar, F|\n|poke|p2|Kyurem-Black|\n|poke|p2|Sceptile, F|\n|poke|p2|Zamazenta-*|\n|poke|p2|Flutter Mane|\n|teampreview\n|\n|t:|1699754223\n|start\n|switch|p1a: Dialga|Dialga-Origin|100\/100\n|switch|p2a: Zamazenta|Zamazenta-Crowned|100\/100\n|-ability|p2a: Zamazenta|Dauntless Shield|boost\n|-boost|p2a: Zamazenta|def|1\n|turn|1\n|\n|t:|1699754236\n|move|p2a: Zamazenta|Iron Defense|p2a: Zamazenta\n|-boost|p2a: Zamazenta|def|2\n|move|p1a: Dialga|Nasty Plot|p1a: Dialga\n|-boost|p1a: Dialga|spa|2\n|\n|upkeep\n|turn|2\n|\n|t:|1699754242\n|-terastallize|p2a: Zamazenta|Fighting\n|move|p2a: Zamazenta|Body Press|p1a: Dialga\n|-immune|p1a: Dialga\n|move|p1a: Dialga|Nasty Plot|p1a: Dialga\n|-boost|p1a: Dialga|spa|2\n|\n|upkeep\n|turn|3\n|\n|t:|1699754256\n|move|p2a: Zamazenta|Crunch|p1a: Dialga\n|-supereffective|p1a: Dialga\n|-damage|p1a: Dialga|0 fnt\n|replace|p1a: Zoroark|Zoroark-Hisui, M\n|-end|p1a: Zoroark|Illusion\n|faint|p1a: Zoroark\n|\n|upkeep\n|\n|t:|1699754272\n|switch|p1a: Blaziken|Blaziken, M|100\/100\n|turn|4\n|\n|t:|1699754281\n|move|p2a: Zamazenta|Iron Defense|p2a: Zamazenta\n|-boost|p2a: Zamazenta|def|2\n|move|p1a: Blaziken|Swords Dance|p1a: Blaziken\n|-boost|p1a: Blaziken|atk|2\n|\n|-ability|p1a: Blaziken|Speed Boost|boost\n|-boost|p1a: Blaziken|spe|1\n|upkeep\n|turn|5\n|\n|t:|1699754290\n|move|p2a: Zamazenta|Body Press|p1a: Blaziken\n|-crit|p1a: Blaziken\n|-damage|p1a: Blaziken|0 fnt\n|faint|p1a: Blaziken\n|\n|upkeep\n|\n|t:|1699754299\n|switch|p1a: Dialga|Dialga-Origin|100\/100\n|-ability|p1a: Dialga|Pressure\n|turn|6\n|\n|t:|1699754309\n|move|p2a: Zamazenta|Body Press|p1a: Dialga\n|-supereffective|p1a: Dialga\n|-damage|p1a: Dialga|0 fnt\n|faint|p1a: Dialga\n|\n|upkeep\n|\n|t:|1699754316\n|switch|p1a: Zacian|Zacian-Crowned|100\/100\n|-ability|p1a: Zacian|Intrepid Sword|boost\n|-boost|p1a: Zacian|atk|1\n|turn|7\n|\n|t:|1699754322\n|move|p1a: Zacian|Play Rough|p2a: Zamazenta\n|-supereffective|p2a: Zamazenta\n|-damage|p2a: Zamazenta|63\/100\n|move|p2a: Zamazenta|Body Press|p1a: Zacian\n|-damage|p1a: Zacian|0 fnt\n|faint|p1a: Zacian\n|\n|upkeep\n|\n|t:|1699754337\n|switch|p1a: Tyranitar|Tyranitar, F|100\/100\n|-weather|Sandstorm|[from] ability: Sand Stream|[of] p1a: Tyranitar\n|turn|8\n|\n|t:|1699754345\n|move|p2a: Zamazenta|Body Press|p1a: Tyranitar\n|-supereffective|p1a: Tyranitar\n|-damage|p1a: Tyranitar|0 fnt\n|faint|p1a: Tyranitar\n|\n|-weather|Sandstorm|[upkeep]\n|-damage|p2a: Zamazenta|57\/100|[from] Sandstorm\n|upkeep\n|\n|t:|1699754352\n|switch|p1a: Salamence|Salamence, F|100\/100\n|-ability|p1a: Salamence|Intimidate|boost\n|-unboost|p2a: Zamazenta|atk|1\n|turn|9\n|\n|t:|1699754358\n|detailschange|p1a: Salamence|Salamence-Mega, F\n|-mega|p1a: Salamence|Salamence|Salamencite\n|move|p2a: Zamazenta|Body Press|p1a: Salamence\n|-resisted|p1a: Salamence\n|-damage|p1a: Salamence|30\/100\n|move|p1a: Salamence|Return|p2a: Zamazenta\n|-supereffective|p2a: Zamazenta\n|-damage|p2a: Zamazenta|20\/100\n|\n|-weather|Sandstorm|[upkeep]\n|-damage|p2a: Zamazenta|14\/100|[from] Sandstorm\n|-damage|p1a: Salamence|23\/100|[from] Sandstorm\n|upkeep\n|turn|10\n|\n|t:|1699754375\n|move|p2a: Zamazenta|Iron Defense|p2a: Zamazenta\n|-boost|p2a: Zamazenta|def|1\n|move|p1a: Salamence|Return|p2a: Zamazenta\n|-supereffective|p2a: Zamazenta\n|-damage|p2a: Zamazenta|0 fnt\n|faint|p2a: Zamazenta\n|\n|-weather|Sandstorm|[upkeep]\n|-damage|p1a: Salamence|17\/100|[from] Sandstorm\n|upkeep\n|\n|t:|1699754380\n|switch|p2a: Porygon-Z|Porygon-Z|100\/100\n|turn|11\n|\n|t:|1699754389\n|move|p2a: Porygon-Z|Tri Attack|p1a: Salamence\n|-damage|p1a: Salamence|0 fnt\n|faint|p1a: Salamence\n|\n|win|killgaldo\n|raw|Xx_Deluxe_xX's rating: 1140 &rarr; <strong>1119<\/strong><br \/>(-21 for losing)\n|raw|killgaldo's rating: 1196 &rarr; <strong>1217<\/strong><br \/>(+21 for winning)\n|l|\u2606Xx_Deluxe_xX\n","uploadtime":1699754395,"views":14,"p1id":"xxdeluxexx","p2id":"killgaldo","formatid":"gen9nationaldexubers","rating":1119,"private":0,"password":""}