{"id":"gen9nationaldexubers-1990117278","p1":"Siege Team","p2":"C0ld as Ice","format":"[Gen 9] National Dex Ubers","log":"|j|\u2606Siege Team\n|j|\u2606C0ld as Ice\n|t:|1699926386\n|gametype|singles\n|player|p1|Siege Team|veteran|1562\n|player|p2|C0ld as Ice|170|1864\n|teamsize|p1|6\n|teamsize|p2|6\n|gen|9\n|tier|[Gen 9] National Dex Ubers\n|rated|\n|rule|HP Percentage Mod: HP is shown in percentages\n|rule|Endless Battle Clause: Forcing endless battles is banned\n|rule|OHKO Clause: OHKO moves are banned\n|rule|Evasion Moves Clause: Evasion moves are banned\n|rule|Evasion Items Clause: Evasion items are banned\n|rule|Species Clause: Limit one of each Pok\u00e9mon\n|rule|Sleep Clause Mod: Limit one foe put to sleep\n|rule|Mega Rayquaza Clause: You cannot mega evolve Rayquaza\n|clearpoke\n|poke|p1|Annihilape, M|\n|poke|p1|Arceus-Flying|\n|poke|p1|Groudon|\n|poke|p1|Rayquaza|\n|poke|p1|Necrozma-Dusk-Mane|\n|poke|p1|Yveltal|\n|poke|p2|Chien-Pao|\n|poke|p2|Necrozma-Dusk-Mane|\n|poke|p2|Ho-Oh|\n|poke|p2|Lunala|\n|poke|p2|Groudon, L99|\n|poke|p2|Arceus-Water|\n|teampreview\n|inactive|Battle timer is ON: inactive players will automatically lose when time's up. (requested by Siege Team)\n|\n|t:|1699926399\n|start\n|switch|p1a: Annihilape|Annihilape, M|100\/100\n|switch|p2a: Arceus|Arceus-Water|100\/100\n|turn|1\n|\n|t:|1699926405\n|move|p1a: Annihilape|Final Gambit|p2a: Arceus\n|-damage|p2a: Arceus|0 fnt\n|faint|p1a: Annihilape\n|faint|p2a: Arceus\n|\n|upkeep\n|\n|t:|1699926417\n|switch|p2a: Lunala|Lunala, shiny|100\/100\n|switch|p1a: Rayquaza|Rayquaza|100\/100\n|-ability|p1a: Rayquaza|Air Lock\n|turn|2\n|\n|t:|1699926424\n|switch|p1a: Yveltal|Yveltal|100\/100\n|-ability|p1a: Yveltal|Dark Aura\n|move|p2a: Lunala|Will-O-Wisp|p1a: Yveltal\n|-status|p1a: Yveltal|brn\n|\n|-damage|p1a: Yveltal|94\/100 brn|[from] brn\n|upkeep\n|turn|3\n|\n|t:|1699926432\n|switch|p2a: Ho-Oh|Ho-Oh, shiny|100\/100\n|move|p1a: Yveltal|Dark Pulse|p2a: Ho-Oh\n|-damage|p2a: Ho-Oh|70\/100\n|\n|-damage|p1a: Yveltal|88\/100 brn|[from] brn\n|upkeep\n|turn|4\n|\n|t:|1699926441\n|switch|p1a: Groudon|Groudon|100\/100\n|detailschange|p1a: Groudon|Groudon-Primal\n|-primal|p1a: Groudon|Red Orb\n|-weather|DesolateLand|[from] ability: Desolate Land|[of] p1a: Groudon\n|move|p2a: Ho-Oh|Brave Bird|p1a: Groudon\n|-damage|p1a: Groudon|49\/100\n|-damage|p2a: Ho-Oh|54\/100|[from] Recoil\n|\n|-weather|DesolateLand|[upkeep]\n|upkeep\n|turn|5\n|\n|t:|1699926450\n|switch|p2a: Lunala|Lunala, shiny|100\/100\n|move|p1a: Groudon|Rock Tomb|p2a: Lunala\n|-damage|p2a: Lunala|93\/100\n|-unboost|p2a: Lunala|spe|1\n|\n|-weather|DesolateLand|[upkeep]\n|upkeep\n|turn|6\n|\n|t:|1699926456\n|move|p1a: Groudon|Heat Crash|p2a: Lunala\n|-damage|p2a: Lunala|22\/100\n|move|p2a: Lunala|Moonlight|p2a: Lunala\n|-heal|p2a: Lunala|89\/100\n|\n|-weather|DesolateLand|[upkeep]\n|upkeep\n|turn|7\n|\n|t:|1699926465\n|move|p1a: Groudon|Earthquake|p2a: Lunala\n|-damage|p2a: Lunala|45\/100\n|move|p2a: Lunala|Moonlight|p2a: Lunala\n|-heal|p2a: Lunala|100\/100\n|\n|-weather|DesolateLand|[upkeep]\n|upkeep\n|turn|8\n|\n|t:|1699926472\n|switch|p2a: Ho-Oh|Ho-Oh, shiny|87\/100\n|move|p1a: Groudon|Heat Crash|p2a: Ho-Oh\n|-resisted|p2a: Ho-Oh\n|-crit|p2a: Ho-Oh\n|-damage|p2a: Ho-Oh|26\/100\n|\n|-weather|DesolateLand|[upkeep]\n|upkeep\n|turn|9\n|\n|t:|1699926478\n|switch|p2a: Lunala|Lunala, shiny|100\/100\n|move|p1a: Groudon|Rock Tomb|p2a: Lunala\n|-damage|p2a: Lunala|93\/100\n|-unboost|p2a: Lunala|spe|1\n|\n|-weather|DesolateLand|[upkeep]\n|upkeep\n|turn|10\n|\n|t:|1699926484\n|move|p1a: Groudon|Bulk Up|p1a: Groudon\n|-boost|p1a: Groudon|atk|1\n|-boost|p1a: Groudon|def|1\n|move|p2a: Lunala|Psychic|p1a: Groudon\n|-damage|p1a: Groudon|10\/100\n|-unboost|p1a: Groudon|spd|1\n|\n|-weather|DesolateLand|[upkeep]\n|upkeep\n|turn|11\n|\n|t:|1699926491\n|move|p1a: Groudon|Heat Crash|p2a: Lunala\n|-damage|p2a: Lunala|0 fnt\n|faint|p2a: Lunala\n|\n|-weather|DesolateLand|[upkeep]\n|upkeep\n|\n|t:|1699926494\n|switch|p2a: Chien-Pao|Chien-Pao|100\/100\n|-ability|p2a: Chien-Pao|Sword of Ruin\n|turn|12\n|\n|t:|1699926499\n|move|p2a: Chien-Pao|Crunch|p1a: Groudon\n|-crit|p1a: Groudon\n|-damage|p1a: Groudon|0 fnt\n|faint|p1a: Groudon\n|-weather|none\n|\n|upkeep\n|\n|t:|1699926504\n|switch|p1a: Necrozma|Necrozma-Dusk-Mane|100\/100\n|turn|13\n|\n|t:|1699926512\n|-terastallize|p2a: Chien-Pao|Dark\n|-terastallize|p1a: Necrozma|Ground\n|move|p2a: Chien-Pao|Crunch|p1a: Necrozma\n|-damage|p1a: Necrozma|23\/100\n|move|p1a: Necrozma|Sunsteel Strike|p2a: Chien-Pao\n|-damage|p2a: Chien-Pao|6\/100\n|\n|upkeep\n|turn|14\n|\n|t:|1699926522\n|switch|p1a: Yveltal|Yveltal|88\/100 brn\n|-ability|p1a: Yveltal|Dark Aura\n|move|p2a: Chien-Pao|Crunch|p1a: Yveltal\n|-resisted|p1a: Yveltal\n|-damage|p1a: Yveltal|30\/100 brn\n|\n|-damage|p1a: Yveltal|24\/100 brn|[from] brn\n|upkeep\n|turn|15\n|\n|t:|1699926530\n|switch|p2a: Ho-Oh|Ho-Oh, shiny|60\/100\n|move|p1a: Yveltal|Dark Pulse|p2a: Ho-Oh\n|-damage|p2a: Ho-Oh|29\/100\n|\n|-damage|p1a: Yveltal|18\/100 brn|[from] brn\n|upkeep\n|turn|16\n|\n|t:|1699926543\n|move|p1a: Yveltal|Dark Pulse|p2a: Ho-Oh\n|-damage|p2a: Ho-Oh|1\/100\n|move|p2a: Ho-Oh|Sacred Fire|p1a: Yveltal\n|-damage|p1a: Yveltal|0 fnt\n|faint|p1a: Yveltal\n|\n|upkeep\n|\n|t:|1699926552\n|switch|p1a: Rayquaza|Rayquaza|100\/100\n|-ability|p1a: Rayquaza|Air Lock\n|turn|17\n|\n|t:|1699926557\n|move|p1a: Rayquaza|Extreme Speed|p2a: Ho-Oh\n|-damage|p2a: Ho-Oh|0 fnt\n|faint|p2a: Ho-Oh\n|\n|upkeep\n|\n|t:|1699926559\n|switch|p2a: Groudon|Groudon, L99, shiny|100\/100\n|detailschange|p2a: Groudon|Groudon-Primal, L99, shiny\n|-primal|p2a: Groudon|Red Orb\n|-weather|DesolateLand|[from] ability: Desolate Land|[of] p2a: Groudon\n|turn|18\n|\n|t:|1699926564\n|move|p1a: Rayquaza|Surf|p2a: Groudon\n|-supereffective|p2a: Groudon\n|-damage|p2a: Groudon|0 fnt\n|faint|p2a: Groudon\n|-weather|none\n|\n|upkeep\n|\n|t:|1699926567\n|switch|p2a: Necrozma|Necrozma-Dusk-Mane, shiny|100\/100\n|turn|19\n|\n|t:|1699926570\n|move|p1a: Rayquaza|V-create|p2a: Necrozma\n|-supereffective|p2a: Necrozma\n|-damage|p2a: Necrozma|29\/100\n|-unboost|p1a: Rayquaza|spe|1\n|-unboost|p1a: Rayquaza|def|1\n|-unboost|p1a: Rayquaza|spd|1\n|move|p2a: Necrozma|Dragon Dance|p2a: Necrozma\n|-boost|p2a: Necrozma|atk|1\n|-boost|p2a: Necrozma|spe|1\n|\n|upkeep\n|turn|20\n|\n|t:|1699926578\n|move|p2a: Necrozma|Rock Blast|p1a: Rayquaza|[miss]\n|-miss|p2a: Necrozma|p1a: Rayquaza\n|move|p1a: Rayquaza|Dragon Ascent|p2a: Necrozma\n|-resisted|p2a: Necrozma\n|-damage|p2a: Necrozma|6\/100\n|-unboost|p1a: Rayquaza|def|1\n|-unboost|p1a: Rayquaza|spd|1\n|\n|upkeep\n|turn|21\n|\n|t:|1699926585\n|move|p1a: Rayquaza|Extreme Speed|p2a: Necrozma\n|-resisted|p2a: Necrozma\n|-damage|p2a: Necrozma|0 fnt\n|faint|p2a: Necrozma\n|\n|upkeep\n|-message|C0ld as Ice forfeited.\n|\n|win|Siege Team\n|raw|Siege Team's rating: 1562 &rarr; <strong>1596<\/strong><br \/>(+34 for winning)\n|raw|C0ld as Ice's rating: 1864 &rarr; <strong>1830<\/strong><br \/>(-34 for losing)\n|l|\u2606C0ld as Ice\n|l|\u2606Siege Team\n","uploadtime":1699926595,"views":6,"p1id":"siegeteam","p2id":"c0ldasice","formatid":"gen9nationaldexubers","rating":1596,"private":0,"password":""}