{"id":"gen9nationaldexubers-1983624577","p1":"Ipenguin12","p2":"StormStarshine","format":"[Gen 9] National Dex Ubers","log":"|j|\u2606Ipenguin12\n|j|\u2606StormStarshine\n|t:|1699150819\n|gametype|singles\n|player|p1|Ipenguin12|sabi|\n|player|p2|StormStarshine|bellelba|\n|teamsize|p1|6\n|teamsize|p2|6\n|gen|9\n|tier|[Gen 9] National Dex Ubers\n|rule|HP Percentage Mod: HP is shown in percentages\n|rule|Endless Battle Clause: Forcing endless battles is banned\n|rule|OHKO Clause: OHKO moves are banned\n|rule|Evasion Moves Clause: Evasion moves are banned\n|rule|Evasion Items Clause: Evasion items are banned\n|rule|Species Clause: Limit one of each Pok\u00e9mon\n|rule|Sleep Clause Mod: Limit one foe put to sleep\n|rule|Mega Rayquaza Clause: You cannot mega evolve Rayquaza\n|clearpoke\n|poke|p1|Azelf|\n|poke|p1|Cryogonal|\n|poke|p1|Gholdengo|\n|poke|p1|Landorus-Therian, M|\n|poke|p1|Electrode|\n|poke|p1|Reuniclus, M|\n|poke|p2|Lycanroc-Dusk, M|\n|poke|p2|Azelf|\n|poke|p2|Klefki, F|\n|poke|p2|Cryogonal|\n|poke|p2|Reuniclus, F|\n|poke|p2|Clodsire, M|\n|teampreview\n|j| DarthBowser151\n|j| HarmTurtle\n|c| HarmTurtle|gl hf!\n|c|\u2606Ipenguin12|yep i just might do something\n|j| Completeanimefan\n|c|\u2606Ipenguin12|i decided to do something a bit stupid with my team\n|c| Completeanimefan|Round One: FIGHT!\n|\n|t:|1699150916\n|start\n|switch|p1a: Landorus|Landorus-Therian, M|100\/100\n|switch|p2a: Sora but Keys|Klefki, F|100\/100\n|-ability|p1a: Landorus|Intimidate|boost\n|-unboost|p2a: Sora but Keys|atk|1\n|turn|1\n|\n|t:|1699150929\n|move|p1a: Landorus|Earthquake|p2a: Sora but Keys\n|-supereffective|p2a: Sora but Keys\n|-damage|p2a: Sora but Keys|0 fnt\n|faint|p2a: Sora but Keys\n|\n|upkeep\n|\n|t:|1699150943\n|switch|p2a: Azelf Angy|Azelf|100\/100\n|turn|2\n|\n|t:|1699150947\n|move|p2a: Azelf Angy|Explosion|p1a: Landorus\n|-damage|p1a: Landorus|0 fnt\n|faint|p2a: Azelf Angy\n|faint|p1a: Landorus\n|\n|upkeep\n|c|\u2606Ipenguin12|i respect it\n|c|\u2606StormStarshine|ye\n|\n|t:|1699150968\n|switch|p2a: Frost|Cryogonal|100\/100\n|switch|p1a: Electrode|Electrode|100\/100\n|turn|3\n|\n|t:|1699150973\n|move|p1a: Electrode|Explosion|p2a: Frost\n|-damage|p2a: Frost|61\/100\n|faint|p1a: Electrode\n|move|p2a: Frost|Knock Off|p1: Electrode|[notarget]\n|-fail|p2a: Frost\n|\n|upkeep\n|\n|t:|1699150980\n|switch|p1a: Cryogonal|Cryogonal|100\/100\n|turn|4\n|c|\u2606StormStarshine|respect it\n|\n|t:|1699150990\n|move|p1a: Cryogonal|Snowscape|p1a: Cryogonal\n|-weather|Snow\n|move|p2a: Frost|Knock Off|p1a: Cryogonal\n|-damage|p1a: Cryogonal|86\/100\n|-enditem|p1a: Cryogonal|Heavy-Duty Boots|[from] move: Knock Off|[of] p2a: Frost\n|\n|-weather|Snow|[upkeep]\n|upkeep\n|turn|5\n|\n|t:|1699151001\n|move|p1a: Cryogonal|Freeze-Dry|p2a: Frost\n|-resisted|p2a: Frost\n|-damage|p2a: Frost|54\/100\n|move|p2a: Frost|Recover|p2a: Frost\n|-heal|p2a: Frost|100\/100\n|\n|-weather|Snow|[upkeep]\n|upkeep\n|turn|6\n|\n|t:|1699151009\n|move|p1a: Cryogonal|Recover|p1a: Cryogonal\n|-heal|p1a: Cryogonal|100\/100\n|move|p2a: Frost|Chilling Water|p1a: Cryogonal\n|-damage|p1a: Cryogonal|91\/100\n|-unboost|p1a: Cryogonal|atk|1\n|\n|-weather|Snow|[upkeep]\n|upkeep\n|turn|7\n|\n|t:|1699151022\n|switch|p2a: Rock Boi|Lycanroc-Dusk, M|100\/100\n|move|p1a: Cryogonal|Recover|p1a: Cryogonal\n|-heal|p1a: Cryogonal|100\/100\n|\n|-weather|Snow|[upkeep]\n|upkeep\n|turn|8\n|\n|t:|1699151032\n|move|p1a: Cryogonal|Freeze-Dry|p2a: Rock Boi\n|-damage|p2a: Rock Boi|58\/100\n|move|p2a: Rock Boi|Stone Edge|p1a: Cryogonal\n|-supereffective|p1a: Cryogonal\n|-damage|p1a: Cryogonal|0 fnt\n|faint|p1a: Cryogonal\n|\n|-weather|none\n|upkeep\n|\n|t:|1699151039\n|switch|p1a: Gholdengo|Gholdengo|100\/100\n|turn|9\n|\n|t:|1699151049\n|move|p2a: Rock Boi|Stone Edge|p1a: Gholdengo\n|-resisted|p1a: Gholdengo\n|-crit|p1a: Gholdengo\n|-damage|p1a: Gholdengo|61\/100\n|move|p1a: Gholdengo|Memento|p2a: Rock Boi\n|-unboost|p2a: Rock Boi|atk|2\n|-unboost|p2a: Rock Boi|spa|2\n|faint|p1a: Gholdengo\n|\n|upkeep\n|\n|t:|1699151057\n|switch|p1a: Azelf|Azelf|100\/100\n|turn|10\n|\n|t:|1699151064\n|move|p1a: Azelf|Mystical Power|p2a: Rock Boi\n|-damage|p2a: Rock Boi|1\/100\n|-boost|p1a: Azelf|spa|1\n|move|p2a: Rock Boi|Play Rough|p1a: Azelf\n|-damage|p1a: Azelf|72\/100\n|\n|-heal|p1a: Azelf|78\/100|[from] item: Leftovers\n|upkeep\n|turn|11\n|\n|t:|1699151073\n|move|p1a: Azelf|Mystical Power|p2a: Rock Boi\n|-damage|p2a: Rock Boi|0 fnt\n|-boost|p1a: Azelf|spa|1\n|faint|p2a: Rock Boi\n|\n|-heal|p1a: Azelf|84\/100|[from] item: Leftovers\n|upkeep\n|\n|t:|1699151083\n|switch|p2a: Poison Boi|Clodsire, M|100\/100\n|turn|12\n|\n|t:|1699151088\n|-terastallize|p2a: Poison Boi|Dark\n|move|p1a: Azelf|Dazzling Gleam|p2a: Poison Boi\n|-supereffective|p2a: Poison Boi\n|-damage|p2a: Poison Boi|50\/100\n|move|p2a: Poison Boi|Tera Blast|p1a: Azelf|[anim] Tera Blast Dark\n|-supereffective|p1a: Azelf\n|-damage|p1a: Azelf|10\/100\n|\n|-heal|p1a: Azelf|16\/100|[from] item: Leftovers\n|upkeep\n|turn|13\n|\n|t:|1699151105\n|switch|p2a: Frost|Cryogonal|100\/100\n|move|p1a: Azelf|Explosion|p2a: Frost\n|-damage|p2a: Frost|4\/100\n|faint|p1a: Azelf\n|\n|upkeep\n|\n|t:|1699151112\n|switch|p1a: Reuniclus|Reuniclus, M|100\/100\n|turn|14\n|\n|t:|1699151117\n|move|p2a: Frost|Recover|p2a: Frost\n|-heal|p2a: Frost|54\/100\n|move|p1a: Reuniclus|Future Sight|p2a: Frost\n|-start|p1a: Reuniclus|move: Future Sight\n|\n|upkeep\n|turn|15\n|\n|t:|1699151129\n|move|p2a: Frost|Knock Off|p1a: Reuniclus\n|-supereffective|p1a: Reuniclus\n|-damage|p1a: Reuniclus|76\/100\n|-enditem|p1a: Reuniclus|Life Orb|[from] move: Knock Off|[of] p2a: Frost\n|move|p1a: Reuniclus|Calm Mind|p1a: Reuniclus\n|-boost|p1a: Reuniclus|spa|1\n|-boost|p1a: Reuniclus|spd|1\n|\n|upkeep\n|turn|16\n|\n|t:|1699151136\n|move|p2a: Frost|Knock Off|p1a: Reuniclus\n|-supereffective|p1a: Reuniclus\n|-damage|p1a: Reuniclus|60\/100\n|move|p1a: Reuniclus|Acid Armor|p1a: Reuniclus\n|-boost|p1a: Reuniclus|def|2\n|\n|-end|p2a: Frost|move: Future Sight\n|-damage|p2a: Frost|0 fnt\n|faint|p2a: Frost\n|upkeep\n|\n|t:|1699151146\n|switch|p2a: Nucla|Reuniclus, F|100\/100\n|turn|17\n|\n|t:|1699151150\n|move|p1a: Reuniclus|Future Sight|p2a: Nucla\n|-start|p1a: Reuniclus|move: Future Sight\n|move|p2a: Nucla|Future Sight|p1a: Reuniclus\n|-start|p2a: Nucla|move: Future Sight\n|\n|upkeep\n|turn|18\n|\n|t:|1699151155\n|move|p1a: Reuniclus|Calm Mind|p1a: Reuniclus\n|-boost|p1a: Reuniclus|spa|1\n|-boost|p1a: Reuniclus|spd|1\n|move|p2a: Nucla|Shadow Ball|p1a: Reuniclus\n|-supereffective|p1a: Reuniclus\n|-damage|p1a: Reuniclus|35\/100\n|\n|upkeep\n|turn|19\n|\n|t:|1699151169\n|move|p1a: Reuniclus|Calm Mind|p1a: Reuniclus\n|-boost|p1a: Reuniclus|spa|1\n|-boost|p1a: Reuniclus|spd|1\n|move|p2a: Nucla|Shadow Ball|p1a: Reuniclus\n|-supereffective|p1a: Reuniclus\n|-damage|p1a: Reuniclus|17\/100\n|-unboost|p1a: Reuniclus|spd|1\n|\n|-end|p2a: Nucla|move: Future Sight\n|-resisted|p2a: Nucla\n|-damage|p2a: Nucla|41\/100\n|-end|p1a: Reuniclus|move: Future Sight\n|-resisted|p1a: Reuniclus\n|-damage|p1a: Reuniclus|4\/100\n|-heal|p2a: Nucla|47\/100|[from] item: Leftovers\n|upkeep\n|turn|20\n|\n|t:|1699151184\n|move|p1a: Reuniclus|Explosion|p2a: Nucla\n|-damage|p2a: Nucla|4\/100\n|faint|p1a: Reuniclus\n|\n|win|StormStarshine\n|c|\u2606StormStarshine|God I respect it\n","uploadtime":1699151194,"views":7,"p1id":"ipenguin12","p2id":"stormstarshine","formatid":"gen9nationaldexubers","rating":0,"private":0,"password":""}