{"id":"gen9nationaldexubers-1984683017","p1":"Vario 64\u2606\u5f61","p2":"Flames98765","format":"[Gen 9] National Dex Ubers","log":"|j|\u2606Vario 64\u2606\u5f61\n|j|\u2606Flames98765\n|t:|1699290543\n|gametype|singles\n|player|p1|Vario 64\u2606\u5f61|ghetsis|\n|player|p2|Flames98765|jasmine|\n|teamsize|p1|6\n|teamsize|p2|6\n|gen|9\n|tier|[Gen 9] National Dex Ubers\n|rule|HP Percentage Mod: HP is shown in percentages\n|rule|Endless Battle Clause: Forcing endless battles is banned\n|rule|OHKO Clause: OHKO moves are banned\n|rule|Evasion Moves Clause: Evasion moves are banned\n|rule|Evasion Items Clause: Evasion items are banned\n|rule|Species Clause: Limit one of each Pok\u00e9mon\n|rule|Sleep Clause Mod: Limit one foe put to sleep\n|rule|Mega Rayquaza Clause: You cannot mega evolve Rayquaza\n|clearpoke\n|poke|p1|Ribombee, M|\n|poke|p1|Darmanitan, F|\n|poke|p1|Nidoking, M|\n|poke|p1|Kyurem|\n|poke|p1|Eternatus|\n|poke|p1|Porygon-Z|\n|poke|p2|Zekrom|\n|poke|p2|Tapu Bulu|\n|poke|p2|Rotom-Wash|\n|poke|p2|Kartana|\n|poke|p2|Celebi|\n|poke|p2|Manectric, M|\n|teampreview\n|c|\u2606Flames98765|changed I see\n|c|\u2606Vario 64\u2606\u5f61|lost to soren 3 times\n|c|\u2606Vario 64\u2606\u5f61|rip\n|c|\u2606Flames98765|aah XD\n|\n|t:|1699290578\n|start\n|switch|p1a: Ribombee|Ribombee, M|100\/100\n|switch|p2a: Manectric|Manectric, M|100\/100\n|turn|1\n|c|\u2606Vario 64\u2606\u5f61|but now i have a more competent build for nido and darm\n|\n|t:|1699290603\n|detailschange|p2a: Manectric|Manectric-Mega, M\n|-mega|p2a: Manectric|Manectric|Manectite\n|-ability|p2a: Manectric|Intimidate|boost\n|-unboost|p1a: Ribombee|atk|1\n|move|p2a: Manectric|Flamethrower|p1a: Ribombee\n|-supereffective|p1a: Ribombee\n|-enditem|p1a: Ribombee|Focus Sash\n|-damage|p1a: Ribombee|1\/100\n|move|p1a: Ribombee|Quiver Dance|p1a: Ribombee\n|-boost|p1a: Ribombee|spa|1\n|-boost|p1a: Ribombee|spd|1\n|-boost|p1a: Ribombee|spe|1\n|\n|upkeep\n|turn|2\n|\n|t:|1699290615\n|move|p1a: Ribombee|Moonblast|p2a: Manectric\n|-damage|p2a: Manectric|7\/100\n|move|p2a: Manectric|Volt Switch|p1a: Ribombee\n|-damage|p1a: Ribombee|0 fnt\n|faint|p1a: Ribombee\n|c|\u2606Flames98765|if you say so\n|\n|t:|1699290651\n|switch|p2a: Tapu Bulu|Tapu Bulu|100\/100|[from] Volt Switch\n|-fieldstart|move: Grassy Terrain|[from] ability: Grassy Surge|[of] p2a: Tapu Bulu\n|\n|upkeep\n|c|\u2606Vario 64\u2606\u5f61|overall yeah, water and dragons gave me many issues\n|\n|t:|1699290669\n|switch|p1a: Darmanitan|Darmanitan, F|100\/100\n|turn|3\n|c|\u2606Flames98765|fair\n|\n|t:|1699290685\n|switch|p2a: Zekrom|Zekrom|100\/100\n|-ability|p2a: Zekrom|Teravolt\n|-enditem|p2a: Zekrom|Grassy Seed\n|-boost|p2a: Zekrom|def|1|[from] item: Grassy Seed\n|move|p1a: Darmanitan|Flare Blitz|p2a: Zekrom\n|-resisted|p2a: Zekrom\n|-damage|p2a: Zekrom|78\/100\n|-damage|p1a: Darmanitan|93\/100|[from] Recoil\n|\n|-heal|p1a: Darmanitan|99\/100|[from] Grassy Terrain\n|-heal|p2a: Zekrom|84\/100|[from] Grassy Terrain\n|upkeep\n|turn|4\n|\n|t:|1699290701\n|move|p1a: Darmanitan|Will-O-Wisp|p2a: Zekrom\n|-status|p2a: Zekrom|brn\n|move|p2a: Zekrom|Dragon Dance|p2a: Zekrom\n|-boost|p2a: Zekrom|atk|1\n|-boost|p2a: Zekrom|spe|1\n|\n|-heal|p2a: Zekrom|90\/100 brn|[from] Grassy Terrain\n|-heal|p1a: Darmanitan|100\/100|[from] Grassy Terrain\n|-damage|p2a: Zekrom|84\/100 brn|[from] brn\n|upkeep\n|turn|5\n|\n|t:|1699290713\n|move|p2a: Zekrom|Dragon Dance|p2a: Zekrom\n|-boost|p2a: Zekrom|atk|1\n|-boost|p2a: Zekrom|spe|1\n|move|p1a: Darmanitan|U-turn|p2a: Zekrom\n|-damage|p2a: Zekrom|69\/100 brn\n|\n|t:|1699290722\n|switch|p1a: Porygon-Z|Porygon-Z|100\/100|[from] U-turn\n|-ability|p1a: Porygon-Z|Download|boost\n|-boost|p1a: Porygon-Z|spa|1\n|\n|-heal|p2a: Zekrom|75\/100 brn|[from] Grassy Terrain\n|-damage|p2a: Zekrom|69\/100 brn|[from] brn\n|upkeep\n|turn|6\n|\n|t:|1699290732\n|move|p2a: Zekrom|Bolt Strike|p1a: Porygon-Z\n|-damage|p1a: Porygon-Z|0 fnt\n|faint|p1a: Porygon-Z\n|\n|-heal|p2a: Zekrom|75\/100 brn|[from] Grassy Terrain\n|-damage|p2a: Zekrom|69\/100 brn|[from] brn\n|-fieldend|move: Grassy Terrain\n|upkeep\n|\n|t:|1699290748\n|switch|p1a: Nidoking|Nidoking, M|100\/100\n|turn|7\n|\n|t:|1699290756\n|move|p2a: Zekrom|Dragon Claw|p1a: Nidoking\n|-damage|p1a: Nidoking|25\/100\n|move|p1a: Nidoking|Earth Power|p2a: Zekrom\n|-supereffective|p2a: Zekrom\n|-damage|p2a: Zekrom|0 fnt\n|faint|p2a: Zekrom\n|\n|upkeep\n|\n|t:|1699290775\n|switch|p2a: Manectric|Manectric-Mega, M|7\/100\n|-ability|p2a: Manectric|Intimidate|boost\n|-unboost|p1a: Nidoking|atk|1\n|turn|8\n|\n|t:|1699290797\n|move|p1a: Nidoking|Earth Power|p2a: Manectric\n|-supereffective|p2a: Manectric\n|-crit|p2a: Manectric\n|-damage|p2a: Manectric|0 fnt\n|faint|p2a: Manectric\n|\n|upkeep\n|\n|t:|1699290805\n|switch|p2a: Rotom|Rotom-Wash|100\/100\n|turn|9\n|\n|t:|1699290812\n|switch|p1a: Eternatus|Eternatus|100\/100\n|-ability|p1a: Eternatus|Pressure\n|move|p2a: Rotom|Volt Switch|p1a: Eternatus\n|-resisted|p1a: Eternatus\n|-damage|p1a: Eternatus|87\/100\n|\n|t:|1699290836\n|switch|p2a: Tapu Bulu|Tapu Bulu|100\/100|[from] Volt Switch\n|-fieldstart|move: Grassy Terrain|[from] ability: Grassy Surge|[of] p2a: Tapu Bulu\n|\n|-heal|p1a: Eternatus|93\/100|[from] Grassy Terrain\n|upkeep\n|turn|10\n|\n|t:|1699290851\n|switch|p1a: Darmanitan|Darmanitan, F|100\/100\n|-terastallize|p2a: Tapu Bulu|Ground\n|move|p2a: Tapu Bulu|High Horsepower|p1a: Darmanitan\n|-supereffective|p1a: Darmanitan\n|-damage|p1a: Darmanitan|0 fnt\n|faint|p1a: Darmanitan\n|\n|upkeep\n|\n|t:|1699290861\n|switch|p1a: Kyurem|Kyurem|100\/100\n|-ability|p1a: Kyurem|Pressure\n|turn|11\n|\n|t:|1699290877\n|switch|p2a: Kartana|Kartana|100\/100\n|-terastallize|p1a: Kyurem|Flying\n|move|p1a: Kyurem|Dragon Dance|p1a: Kyurem\n|-boost|p1a: Kyurem|atk|1\n|-boost|p1a: Kyurem|spe|1\n|\n|upkeep\n|turn|12\n|\n|t:|1699290890\n|move|p1a: Kyurem|Icicle Spear|p2a: Kartana\n|-damage|p2a: Kartana|81\/100\n|-damage|p2a: Kartana|61\/100\n|-damage|p2a: Kartana|41\/100\n|-damage|p2a: Kartana|20\/100\n|-hitcount|p2a: Kartana|4\n|-zpower|p2a: Kartana\n|move|p2a: Kartana|Corkscrew Crash|p1a: Kyurem|[zeffect]\n|-damage|p1a: Kyurem|16\/100\n|\n|-heal|p2a: Kartana|26\/100|[from] Grassy Terrain\n|upkeep\n|turn|13\n|\n|t:|1699290905\n|move|p1a: Kyurem|Icicle Spear|p2a: Kartana\n|-damage|p2a: Kartana|6\/100\n|-damage|p2a: Kartana|0 fnt\n|faint|p2a: Kartana\n|-hitcount|p2: Kartana|2\n|\n|-fieldend|move: Grassy Terrain\n|upkeep\n|\n|t:|1699290927\n|switch|p2a: Rotom|Rotom-Wash|100\/100\n|turn|14\n|\n|t:|1699290933\n|move|p1a: Kyurem|Scale Shot|p2a: Rotom\n|-damage|p2a: Rotom|83\/100\n|-damage|p2a: Rotom|65\/100\n|-damage|p2a: Rotom|47\/100\n|-enditem|p2a: Rotom|Sitrus Berry|[eat]\n|-heal|p2a: Rotom|72\/100|[from] item: Sitrus Berry\n|-damage|p2a: Rotom|53\/100\n|-damage|p2a: Rotom|35\/100\n|-hitcount|p2a: Rotom|5\n|-unboost|p1a: Kyurem|def|1\n|-boost|p1a: Kyurem|spe|1\n|move|p2a: Rotom|Volt Switch|p1a: Kyurem\n|-supereffective|p1a: Kyurem\n|-damage|p1a: Kyurem|0 fnt\n|faint|p1a: Kyurem\n|\n|t:|1699290955\n|switch|p2a: Celebi|Celebi|100\/100|[from] Volt Switch\n|\n|upkeep\n|\n|t:|1699290962\n|switch|p1a: Nidoking|Nidoking, M|25\/100\n|turn|15\n|\n|t:|1699290968\n|move|p1a: Nidoking|Sludge Wave|p2a: Celebi\n|-supereffective|p2a: Celebi\n|-damage|p2a: Celebi|37\/100\n|move|p2a: Celebi|Future Sight|p1a: Nidoking\n|-start|p2a: Celebi|move: Future Sight\n|\n|-heal|p2a: Celebi|43\/100|[from] item: Leftovers\n|upkeep\n|turn|16\n|\n|t:|1699290979\n|move|p1a: Nidoking|Sludge Wave|p2a: Celebi\n|-supereffective|p2a: Celebi\n|-damage|p2a: Celebi|0 fnt\n|faint|p2a: Celebi\n|\n|upkeep\n|\n|t:|1699290990\n|switch|p2a: Tapu Bulu|Tapu Bulu, tera:Ground|100\/100\n|-fieldstart|move: Grassy Terrain|[from] ability: Grassy Surge|[of] p2a: Tapu Bulu\n|turn|17\n|\n|t:|1699290997\n|switch|p2a: Rotom|Rotom-Wash|35\/100\n|move|p1a: Nidoking|Sludge Wave|p2a: Rotom\n|-crit|p2a: Rotom\n|-damage|p2a: Rotom|0 fnt\n|faint|p2a: Rotom\n|\n|-end|p1a: Nidoking|move: Future Sight\n|-supereffective|p1a: Nidoking\n|-damage|p1a: Nidoking|0 fnt\n|faint|p1a: Nidoking\n|upkeep\n|\n|t:|1699291009\n|switch|p1a: Eternatus|Eternatus|93\/100\n|switch|p2a: Tapu Bulu|Tapu Bulu, tera:Ground|100\/100\n|-ability|p1a: Eternatus|Pressure\n|turn|18\n|\n|t:|1699291019\n|move|p1a: Eternatus|Dynamax Cannon|p2a: Tapu Bulu\n|-damage|p2a: Tapu Bulu|44\/100\n|move|p2a: Tapu Bulu|High Horsepower|p1a: Eternatus\n|-supereffective|p1a: Eternatus\n|-damage|p1a: Eternatus|2\/100\n|\n|-heal|p1a: Eternatus|8\/100|[from] Grassy Terrain\n|-heal|p2a: Tapu Bulu|50\/100|[from] Grassy Terrain\n|-heal|p2a: Tapu Bulu|56\/100|[from] item: Leftovers\n|upkeep\n|turn|19\n|c|\u2606Vario 64\u2606\u5f61|ah man...\n|c|\u2606Flames98765|its RNG based now\n|c|\u2606Vario 64\u2606\u5f61|i need the roll\n|c|\u2606Flames98765|XD\n|\n|t:|1699291048\n|move|p1a: Eternatus|Dynamax Cannon|p2a: Tapu Bulu\n|-damage|p2a: Tapu Bulu|0 fnt\n|faint|p2a: Tapu Bulu\n|\n|win|Vario 64\u2606\u5f61\n","uploadtime":1699291055,"views":10,"p1id":"vario64","p2id":"flames98765","formatid":"gen9nationaldexubers","rating":0,"private":0,"password":""}