{"id":"gen9nationaldexubers-1984427245","p1":"Chaitanya15","p2":"Animekiller223","format":"[Gen 9] National Dex Ubers","log":"|j|\u2606Chaitanya15\n|j|\u2606Animekiller223\n|t:|1699261768\n|gametype|singles\n|player|p1|Chaitanya15|265|1500\n|player|p2|Animekiller223|linebacker|1392\n|teamsize|p1|6\n|teamsize|p2|6\n|gen|9\n|tier|[Gen 9] National Dex Ubers\n|rated|\n|rule|HP Percentage Mod: HP is shown in percentages\n|rule|Endless Battle Clause: Forcing endless battles is banned\n|rule|OHKO Clause: OHKO moves are banned\n|rule|Evasion Moves Clause: Evasion moves are banned\n|rule|Evasion Items Clause: Evasion items are banned\n|rule|Species Clause: Limit one of each Pok\u00e9mon\n|rule|Sleep Clause Mod: Limit one foe put to sleep\n|rule|Mega Rayquaza Clause: You cannot mega evolve Rayquaza\n|clearpoke\n|poke|p1|Kingambit, F|\n|poke|p1|Basculegion, M|\n|poke|p1|Pikachu, F|\n|poke|p1|Kyogre|\n|poke|p1|Flutter Mane|\n|poke|p1|Deoxys-Speed|\n|poke|p2|Flutter Mane|\n|poke|p2|Appletun, M|\n|poke|p2|Azumarill, M|\n|poke|p2|Charizard, M|\n|poke|p2|Sneasler, M|\n|poke|p2|Blissey, F|\n|teampreview\n|\n|t:|1699261781\n|start\n|switch|p1a: Deoxys|Deoxys-Speed|100\/100\n|switch|p2a: Flutter Mane|Flutter Mane|100\/100\n|-ability|p1a: Deoxys|Pressure\n|turn|1\n|inactive|Battle timer is ON: inactive players will automatically lose when time's up. (requested by Chaitanya15)\n|\n|t:|1699261791\n|move|p1a: Deoxys|Stealth Rock|p2a: Flutter Mane\n|-sidestart|p2: Animekiller223|move: Stealth Rock\n|move|p2a: Flutter Mane|Calm Mind|p2a: Flutter Mane\n|-boost|p2a: Flutter Mane|spa|1\n|-boost|p2a: Flutter Mane|spd|1\n|\n|upkeep\n|turn|2\n|\n|t:|1699261797\n|move|p1a: Deoxys|Spikes|p2a: Flutter Mane\n|-sidestart|p2: Animekiller223|Spikes\n|move|p2a: Flutter Mane|Dark Pulse|p1a: Deoxys\n|-supereffective|p1a: Deoxys\n|-enditem|p1a: Deoxys|Focus Sash\n|-damage|p1a: Deoxys|1\/100\n|\n|upkeep\n|turn|3\n|\n|t:|1699261807\n|move|p1a: Deoxys|Spikes|p2a: Flutter Mane\n|-sidestart|p2: Animekiller223|Spikes\n|move|p2a: Flutter Mane|Shadow Ball|p1a: Deoxys\n|-supereffective|p1a: Deoxys\n|-damage|p1a: Deoxys|0 fnt\n|faint|p1a: Deoxys\n|\n|upkeep\n|\n|t:|1699261816\n|switch|p1a: Kingambit|Kingambit, F|100\/100\n|-activate|p1a: Kingambit|ability: Supreme Overlord\n|-start|p1a: Kingambit|fallen1|[silent]\n|turn|4\n|\n|t:|1699261828\n|move|p2a: Flutter Mane|Dazzling Gleam|p1a: Kingambit\n|-damage|p1a: Kingambit|27\/100\n|move|p1a: Kingambit|Iron Head|p2a: Flutter Mane\n|-supereffective|p2a: Flutter Mane\n|-damage|p2a: Flutter Mane|0 fnt\n|faint|p2a: Flutter Mane\n|-end|p2a: Flutter Mane|Protosynthesis|[silent]\n|-damage|p1a: Kingambit|17\/100|[from] item: Life Orb\n|\n|upkeep\n|\n|t:|1699261846\n|switch|p2a: Charizard|Charizard, M|100\/100\n|-damage|p2a: Charizard|51\/100|[from] Stealth Rock\n|turn|5\n|\n|t:|1699261851\n|detailschange|p2a: Charizard|Charizard-Mega-Y, M\n|-mega|p2a: Charizard|Charizard|Charizardite Y\n|-weather|SunnyDay|[from] ability: Drought|[of] p2a: Charizard\n|move|p1a: Kingambit|Sucker Punch|p2a: Charizard\n|-damage|p2a: Charizard|0 fnt\n|faint|p2a: Charizard\n|-damage|p1a: Kingambit|7\/100|[from] item: Life Orb\n|\n|-weather|SunnyDay|[upkeep]\n|upkeep\n|\n|t:|1699261864\n|switch|p2a: Blissey|Blissey, F|100\/100\n|-damage|p2a: Blissey|88\/100|[from] Stealth Rock\n|-damage|p2a: Blissey|71\/100|[from] Spikes\n|turn|6\n|\n|t:|1699261871\n|move|p1a: Kingambit|Kowtow Cleave|p2a: Blissey\n|-damage|p2a: Blissey|9\/100\n|-damage|p1a: Kingambit|0 fnt|[from] item: Life Orb\n|faint|p1a: Kingambit\n|-end|p1a: Kingambit|fallen1|[silent]\n|move|p2a: Blissey|Reflect|p2a: Blissey\n|-sidestart|p2: Animekiller223|Reflect\n|\n|-weather|SunnyDay|[upkeep]\n|-heal|p2a: Blissey|15\/100|[from] item: Leftovers\n|upkeep\n|\n|t:|1699261883\n|switch|p1a: Pikachu|Pikachu, F|100\/100\n|turn|7\n|\n|t:|1699261888\n|move|p1a: Pikachu|Fake Out|p2a: Blissey\n|-damage|p2a: Blissey|8\/100\n|cant|p2a: Blissey|flinch\n|\n|-weather|SunnyDay|[upkeep]\n|-heal|p2a: Blissey|14\/100|[from] item: Leftovers\n|upkeep\n|turn|8\n|\n|t:|1699261897\n|move|p1a: Pikachu|Brick Break|p2a: Blissey\n|-sideend|p2: Animekiller223|Reflect\n|-supereffective|p2a: Blissey\n|-damage|p2a: Blissey|0 fnt\n|faint|p2a: Blissey\n|\n|-weather|SunnyDay|[upkeep]\n|upkeep\n|\n|t:|1699261905\n|switch|p2a: Azumarill|Azumarill, M, shiny|100\/100\n|-damage|p2a: Azumarill|88\/100|[from] Stealth Rock\n|-damage|p2a: Azumarill|72\/100|[from] Spikes\n|turn|9\n|\n|t:|1699261914\n|switch|p2a: Appletun|Appletun, M, shiny|100\/100\n|-damage|p2a: Appletun|88\/100|[from] Stealth Rock\n|-damage|p2a: Appletun|71\/100|[from] Spikes\n|move|p1a: Pikachu|Volt Tackle|p2a: Appletun\n|-resisted|p2a: Appletun\n|-damage|p2a: Appletun|55\/100\n|-damage|p1a: Pikachu|91\/100|[from] Recoil\n|\n|-weather|none\n|upkeep\n|turn|10\n|\n|t:|1699261928\n|move|p1a: Pikachu|Extreme Speed|p2a: Appletun\n|-damage|p2a: Appletun|26\/100\n|move|p2a: Appletun|Leech Seed|p1a: Pikachu\n|-start|p1a: Pikachu|move: Leech Seed\n|\n|-damage|p1a: Pikachu|79\/100|[from] Leech Seed|[of] p2a: Appletun\n|-heal|p2a: Appletun|33\/100|[silent]\n|upkeep\n|turn|11\n|inactive|Chaitanya15 has 120 seconds left.\n|\n|t:|1699261958\n|move|p1a: Pikachu|Extreme Speed|p2a: Appletun\n|-damage|p2a: Appletun|3\/100\n|move|p2a: Appletun|Recover|p2a: Appletun\n|-heal|p2a: Appletun|53\/100\n|\n|-damage|p1a: Pikachu|66\/100|[from] Leech Seed|[of] p2a: Appletun\n|-heal|p2a: Appletun|61\/100|[silent]\n|upkeep\n|turn|12\n|inactive|Chaitanya15 has 120 seconds left.\n|\n|t:|1699261971\n|switch|p1a: Flutter Mane|Flutter Mane|100\/100\n|-enditem|p1a: Flutter Mane|Booster Energy\n|-activate|p1a: Flutter Mane|ability: Protosynthesis|[fromitem]\n|-start|p1a: Flutter Mane|protosynthesisspe\n|move|p2a: Appletun|Recover|p2a: Appletun\n|-heal|p2a: Appletun|100\/100\n|\n|upkeep\n|turn|13\n|inactive|Chaitanya15 has 120 seconds left.\n|\n|t:|1699261984\n|-terastallize|p2a: Appletun|Ground\n|move|p1a: Flutter Mane|Moonblast|p2a: Appletun\n|-damage|p2a: Appletun|52\/100\n|move|p2a: Appletun|Leech Seed|p1a: Flutter Mane\n|-start|p1a: Flutter Mane|move: Leech Seed\n|\n|-damage|p1a: Flutter Mane|88\/100|[from] Leech Seed|[of] p2a: Appletun\n|-heal|p2a: Appletun|61\/100|[silent]\n|upkeep\n|turn|14\n|inactive|Chaitanya15 has 120 seconds left.\n|\n|t:|1699261995\n|move|p1a: Flutter Mane|Moonblast|p2a: Appletun\n|-damage|p2a: Appletun|12\/100\n|-unboost|p2a: Appletun|spa|1\n|move|p2a: Appletun|Apple Acid|p1a: Flutter Mane\n|-damage|p1a: Flutter Mane|65\/100\n|-unboost|p1a: Flutter Mane|spd|1\n|\n|-damage|p1a: Flutter Mane|53\/100|[from] Leech Seed|[of] p2a: Appletun\n|-heal|p2a: Appletun|21\/100|[silent]\n|upkeep\n|turn|15\n|inactive|Chaitanya15 has 120 seconds left.\n|inactive|Animekiller223 has 120 seconds left.\n|\n|t:|1699262026\n|switch|p2a: Azumarill|Azumarill, M, shiny|72\/100\n|-damage|p2a: Azumarill|59\/100|[from] Stealth Rock\n|-damage|p2a: Azumarill|43\/100|[from] Spikes\n|move|p1a: Flutter Mane|Moonblast|p2a: Azumarill\n|-crit|p2a: Azumarill\n|-damage|p2a: Azumarill|0 fnt\n|faint|p2a: Azumarill\n|\n|upkeep\n|inactive|Animekiller223 has 120 seconds left.\n|\n|t:|1699262031\n|switch|p2a: Appletun|Appletun, M, shiny, tera:Ground|21\/100\n|-damage|p2a: Appletun|15\/100|[from] Stealth Rock\n|-damage|p2a: Appletun|0 fnt|[from] Spikes\n|faint|p2a: Appletun\n|\n|t:|1699262033\n|switch|p2a: Sneasler|Sneasler, M|100\/100\n|-damage|p2a: Sneasler|95\/100|[from] Stealth Rock\n|-damage|p2a: Sneasler|78\/100|[from] Spikes\n|turn|16\n|-message|Animekiller223 forfeited.\n|\n|win|Chaitanya15\n|raw|Chaitanya15's rating: 1500 &rarr; <strong>1514<\/strong><br \/>(+14 for winning)\n|raw|Animekiller223's rating: 1392 &rarr; <strong>1378<\/strong><br \/>(-14 for losing)\n|l|\u2606Animekiller223\n","uploadtime":1699262055,"views":8,"p1id":"chaitanya15","p2id":"animekiller223","formatid":"gen9nationaldexubers","rating":1378,"private":0,"password":""}