{"id":"gen9nationaldexubers-1985152363","p1":"Green_Hat_Gym","p2":"karma_akuma","format":"[Gen 9] National Dex Ubers","log":"|j|\u2606Green_Hat_Gym\n|j|\u2606karma_akuma\n|t:|1699339129\n|gametype|singles\n|player|p1|Green_Hat_Gym|pokemonbreeder-gen4|1027\n|player|p2|karma_akuma|alec-anime|1075\n|teamsize|p1|6\n|teamsize|p2|6\n|gen|9\n|tier|[Gen 9] National Dex Ubers\n|rated|\n|rule|HP Percentage Mod: HP is shown in percentages\n|rule|Endless Battle Clause: Forcing endless battles is banned\n|rule|OHKO Clause: OHKO moves are banned\n|rule|Evasion Moves Clause: Evasion moves are banned\n|rule|Evasion Items Clause: Evasion items are banned\n|rule|Species Clause: Limit one of each Pok\u00e9mon\n|rule|Sleep Clause Mod: Limit one foe put to sleep\n|rule|Mega Rayquaza Clause: You cannot mega evolve Rayquaza\n|clearpoke\n|poke|p1|Diancie|\n|poke|p1|Landorus-Therian, M|\n|poke|p1|Gigalith, M|\n|poke|p1|Blacephalon|\n|poke|p1|Rabsca, F|\n|poke|p1|Houndstone, M|\n|poke|p2|Kartana|\n|poke|p2|Iron Valiant|\n|poke|p2|Sandy Shocks|\n|poke|p2|Nihilego|\n|poke|p2|Turtonator, F|\n|poke|p2|Sharpedo, F|\n|teampreview\n|\n|t:|1699339135\n|start\n|switch|p1a: Diancie|Diancie|100\/100\n|switch|p2a: Turtonator|Turtonator, F|100\/100\n|turn|1\n|\n|t:|1699339147\n|detailschange|p1a: Diancie|Diancie-Mega\n|-mega|p1a: Diancie|Diancie|Diancite\n|move|p1a: Diancie|Light Screen|p1a: Diancie\n|-sidestart|p1: Green_Hat_Gym|move: Light Screen\n|move|p2a: Turtonator|Iron Defense|p2a: Turtonator\n|-boost|p2a: Turtonator|def|2\n|\n|upkeep\n|turn|2\n|\n|t:|1699339154\n|move|p1a: Diancie|Encore|p2a: Turtonator\n|-start|p2a: Turtonator|Encore\n|move|p2a: Turtonator|Iron Defense|p2a: Turtonator\n|-boost|p2a: Turtonator|def|2\n|\n|upkeep\n|turn|3\n|\n|t:|1699339160\n|move|p1a: Diancie|Reflect|p1a: Diancie\n|-sidestart|p1: Green_Hat_Gym|Reflect\n|move|p2a: Turtonator|Iron Defense|p2a: Turtonator\n|-boost|p2a: Turtonator|def|2\n|\n|upkeep\n|turn|4\n|\n|t:|1699339165\n|move|p1a: Diancie|Explosion|p2a: Turtonator\n|-damage|p2a: Turtonator|79\/100\n|faint|p1a: Diancie\n|move|p2a: Turtonator|Iron Defense|p2a: Turtonator\n|-boost|p2a: Turtonator|def|0\n|\n|-heal|p2a: Turtonator|85\/100|[from] item: Leftovers\n|-end|p2a: Turtonator|Encore\n|upkeep\n|\n|t:|1699339179\n|switch|p1a: Landorus|Landorus-Therian, M|100\/100\n|-ability|p1a: Landorus|Intimidate|boost\n|-unboost|p2a: Turtonator|atk|1\n|turn|5\n|\n|t:|1699339186\n|move|p1a: Landorus|Stealth Rock|p2a: Turtonator\n|-sidestart|p2: karma_akuma|move: Stealth Rock\n|move|p2a: Turtonator|Flash Cannon|p1a: Landorus\n|-damage|p1a: Landorus|88\/100\n|\n|-heal|p2a: Turtonator|91\/100|[from] item: Leftovers\n|-sideend|p1: Green_Hat_Gym|move: Light Screen\n|upkeep\n|turn|6\n|\n|t:|1699339196\n|move|p1a: Landorus|Explosion|p2a: Turtonator\n|-damage|p2a: Turtonator|69\/100\n|faint|p1a: Landorus\n|move|p2a: Turtonator|Dragon Pulse|p1: Landorus|[notarget]\n|-fail|p2a: Turtonator\n|\n|-heal|p2a: Turtonator|75\/100|[from] item: Leftovers\n|upkeep\n|\n|t:|1699339205\n|switch|p1a: Blacephalon|Blacephalon|100\/100\n|turn|7\n|\n|t:|1699339213\n|move|p1a: Blacephalon|Will-O-Wisp|p2a: Turtonator\n|-immune|p2a: Turtonator\n|move|p2a: Turtonator|Dragon Pulse|p1a: Blacephalon\n|-damage|p1a: Blacephalon|33\/100\n|\n|-heal|p2a: Turtonator|81\/100|[from] item: Leftovers\n|-sideend|p1: Green_Hat_Gym|Reflect\n|upkeep\n|turn|8\n|\n|t:|1699339224\n|move|p1a: Blacephalon|Will-O-Wisp|p2a: Turtonator\n|-immune|p2a: Turtonator\n|move|p2a: Turtonator|Dragon Pulse|p1a: Blacephalon\n|-damage|p1a: Blacephalon|0 fnt\n|faint|p1a: Blacephalon\n|\n|-heal|p2a: Turtonator|88\/100|[from] item: Leftovers\n|upkeep\n|\n|t:|1699339235\n|switch|p1a: Gigalith|Gigalith, M|100\/100\n|-weather|Sandstorm|[from] ability: Sand Stream|[of] p1a: Gigalith\n|turn|9\n|\n|t:|1699339241\n|move|p2a: Turtonator|Flash Cannon|p1a: Gigalith\n|-supereffective|p1a: Gigalith\n|-damage|p1a: Gigalith|65\/100\n|move|p1a: Gigalith|Explosion|p2a: Turtonator\n|-damage|p2a: Turtonator|71\/100\n|faint|p1a: Gigalith\n|\n|-weather|Sandstorm|[upkeep]\n|-damage|p2a: Turtonator|64\/100|[from] Sandstorm\n|-heal|p2a: Turtonator|71\/100|[from] item: Leftovers\n|upkeep\n|\n|t:|1699339253\n|switch|p1a: Rabsca|Rabsca, F|100\/100\n|turn|10\n|\n|t:|1699339257\n|move|p1a: Rabsca|Revival Blessing|p1a: Rabsca\n|\n|t:|1699339259\n|-heal|p1: Gigalith|50\/100|[from] move: Revival Blessing\n|move|p2a: Turtonator|Flamethrower|p1a: Rabsca\n|-supereffective|p1a: Rabsca\n|-damage|p1a: Rabsca|29\/100\n|\n|-weather|Sandstorm|[upkeep]\n|-damage|p1a: Rabsca|23\/100|[from] Sandstorm\n|-damage|p2a: Turtonator|64\/100|[from] Sandstorm\n|-heal|p1a: Rabsca|29\/100|[from] item: Leftovers\n|-heal|p2a: Turtonator|71\/100|[from] item: Leftovers\n|upkeep\n|turn|11\n|\n|t:|1699339271\n|move|p1a: Rabsca|Sludge Bomb|p2a: Turtonator\n|-damage|p2a: Turtonator|33\/100\n|-status|p2a: Turtonator|psn\n|move|p2a: Turtonator|Flamethrower|p1a: Rabsca\n|-supereffective|p1a: Rabsca\n|-damage|p1a: Rabsca|0 fnt\n|faint|p1a: Rabsca\n|\n|-weather|Sandstorm|[upkeep]\n|-damage|p2a: Turtonator|27\/100 psn|[from] Sandstorm\n|-heal|p2a: Turtonator|33\/100 psn|[from] item: Leftovers\n|-damage|p2a: Turtonator|21\/100 psn|[from] psn\n|upkeep\n|\n|t:|1699339285\n|switch|p1a: Houndstone|Houndstone, M|100\/100\n|turn|12\n|\n|t:|1699339290\n|-terastallize|p1a: Houndstone|Ghost\n|move|p1a: Houndstone|Last Respects|p2a: Turtonator\n|-damage|p2a: Turtonator|0 fnt\n|faint|p2a: Turtonator\n|\n|-weather|Sandstorm|[upkeep]\n|upkeep\n|\n|t:|1699339297\n|switch|p2a: Sharpedo|Sharpedo, F|100\/100\n|-damage|p2a: Sharpedo|88\/100|[from] Stealth Rock\n|turn|13\n|\n|t:|1699339302\n|detailschange|p2a: Sharpedo|Sharpedo-Mega, F\n|-mega|p2a: Sharpedo|Sharpedo|Sharpedonite\n|move|p1a: Houndstone|Last Respects|p2a: Sharpedo\n|-resisted|p2a: Sharpedo\n|-damage|p2a: Sharpedo|0 fnt\n|faint|p2a: Sharpedo\n|\n|-weather|Sandstorm|[upkeep]\n|upkeep\n|\n|t:|1699339310\n|switch|p2a: Iron Valiant|Iron Valiant|100\/100\n|-damage|p2a: Iron Valiant|94\/100|[from] Stealth Rock\n|-enditem|p2a: Iron Valiant|Booster Energy\n|-activate|p2a: Iron Valiant|ability: Quark Drive|[fromitem]\n|-start|p2a: Iron Valiant|quarkdrivespe\n|turn|14\n|\n|t:|1699339316\n|move|p2a: Iron Valiant|Spirit Break|p1a: Houndstone\n|-damage|p1a: Houndstone|51\/100\n|-unboost|p1a: Houndstone|spa|1\n|move|p1a: Houndstone|Last Respects|p2a: Iron Valiant\n|-damage|p2a: Iron Valiant|0 fnt\n|faint|p2a: Iron Valiant\n|-end|p2a: Iron Valiant|Quark Drive|[silent]\n|\n|-weather|Sandstorm|[upkeep]\n|upkeep\n|\n|t:|1699339324\n|switch|p2a: Sandy Shocks|Sandy Shocks|100\/100\n|-damage|p2a: Sandy Shocks|94\/100|[from] Stealth Rock\n|-enditem|p2a: Sandy Shocks|Booster Energy\n|-activate|p2a: Sandy Shocks|ability: Protosynthesis|[fromitem]\n|-start|p2a: Sandy Shocks|protosynthesisspa\n|turn|15\n|\n|t:|1699339331\n|move|p1a: Houndstone|Last Respects|p2a: Sandy Shocks\n|-damage|p2a: Sandy Shocks|0 fnt\n|faint|p2a: Sandy Shocks\n|-end|p2a: Sandy Shocks|Protosynthesis|[silent]\n|\n|-weather|Sandstorm|[upkeep]\n|upkeep\n|\n|t:|1699339335\n|switch|p2a: Kartana|Kartana, shiny|100\/100\n|-damage|p2a: Kartana|94\/100|[from] Stealth Rock\n|turn|16\n|\n|t:|1699339342\n|move|p1a: Houndstone|Last Respects|p2a: Kartana\n|-damage|p2a: Kartana|0 fnt\n|faint|p2a: Kartana\n|\n|-weather|none\n|upkeep\n|\n|t:|1699339345\n|switch|p2a: Nihilego|Nihilego, shiny|100\/100\n|-damage|p2a: Nihilego|88\/100|[from] Stealth Rock\n|turn|17\n|\n|t:|1699339356\n|switch|p1a: Gigalith|Gigalith, M|50\/100\n|-weather|Sandstorm|[from] ability: Sand Stream|[of] p1a: Gigalith\n|move|p2a: Nihilego|Sludge Wave|p1a: Gigalith\n|-resisted|p1a: Gigalith\n|-damage|p1a: Gigalith|31\/100\n|\n|-weather|Sandstorm|[upkeep]\n|upkeep\n|turn|18\n|\n|t:|1699339365\n|move|p2a: Nihilego|Power Gem|p1a: Gigalith\n|-damage|p1a: Gigalith|0 fnt\n|faint|p1a: Gigalith\n|-ability|p2a: Nihilego|Beast Boost|boost\n|-boost|p2a: Nihilego|spa|1\n|\n|-weather|Sandstorm|[upkeep]\n|upkeep\n|\n|t:|1699339373\n|switch|p1a: Houndstone|Houndstone, M, tera:Ghost|51\/100\n|turn|19\n|\n|t:|1699339378\n|move|p1a: Houndstone|Last Respects|p2a: Nihilego\n|-damage|p2a: Nihilego|0 fnt\n|faint|p2a: Nihilego\n|\n|win|Green_Hat_Gym\n|raw|Green_Hat_Gym's rating: 1027 &rarr; <strong>1068<\/strong><br \/>(+41 for winning)\n|raw|karma_akuma's rating: 1075 &rarr; <strong>1051<\/strong><br \/>(-24 for losing)\n|l|\u2606karma_akuma\n","uploadtime":1699339388,"views":5,"p1id":"greenhatgym","p2id":"karmaakuma","formatid":"gen9nationaldexubers","rating":1051,"private":0,"password":""}