{"id":"gen9nationaldexubers-1982995010","p1":"D. Lawrenzz","p2":"XX_1nfinity_XX","format":"[Gen 9] National Dex Ubers","log":"|j|\u2606D. Lawrenzz\n|j|\u2606XX_1nfinity_XX\n|t:|1699067625\n|gametype|singles\n|player|p1|D. Lawrenzz|blue-masters|\n|player|p2|XX_1nfinity_XX|steven|\n|teamsize|p1|6\n|teamsize|p2|6\n|gen|9\n|tier|[Gen 9] National Dex Ubers\n|rule|HP Percentage Mod: HP is shown in percentages\n|rule|Endless Battle Clause: Forcing endless battles is banned\n|rule|OHKO Clause: OHKO moves are banned\n|rule|Evasion Moves Clause: Evasion moves are banned\n|rule|Evasion Items Clause: Evasion items are banned\n|rule|Species Clause: Limit one of each Pok\u00e9mon\n|rule|Sleep Clause Mod: Limit one foe put to sleep\n|rule|Mega Rayquaza Clause: You cannot mega evolve Rayquaza\n|clearpoke\n|poke|p1|Ribombee, F|\n|poke|p1|Lopunny, M|\n|poke|p1|Great Tusk|\n|poke|p1|Ogerpon-Wellspring, F|\n|poke|p1|Bisharp, M|\n|poke|p1|Iron Moth|\n|poke|p2|Flutter Mane|\n|poke|p2|Zoroark-Hisui, F|\n|poke|p2|Sableye, M|\n|poke|p2|Cofagrigus, F|\n|poke|p2|Cinderace, F|\n|poke|p2|Skeledirge, M|\n|teampreview\n|inactive|Battle timer is ON: inactive players will automatically lose when time's up. (requested by XX_1nfinity_XX)\n|inactive|D. Lawrenzz also wants the timer to be on.\n|\n|t:|1699067636\n|start\n|switch|p1a: Ribombee|Ribombee, F|100\/100\n|switch|p2a: Sableye|Sableye, M|100\/100\n|turn|1\n|\n|t:|1699067652\n|detailschange|p2a: Sableye|Sableye-Mega, M\n|-mega|p2a: Sableye|Sableye|Sablenite\n|move|p1a: Ribombee|Sticky Web|p2a: Sableye\n|move|p2a: Sableye|Sticky Web|p1a: Ribombee|[from]ability: Magic Bounce\n|-sidestart|p1: D. Lawrenzz|move: Sticky Web\n|move|p2a: Sableye|Knock Off|p1a: Ribombee\n|-resisted|p1a: Ribombee\n|-damage|p1a: Ribombee|71\/100\n|-enditem|p1a: Ribombee|Focus Sash|[from] move: Knock Off|[of] p2a: Sableye\n|\n|upkeep\n|turn|2\n|c|\u2606XX_1nfinity_XX|lol gotem\n|\n|t:|1699067668\n|switch|p2a: Skeledirge|Skeledirge, M|100\/100\n|move|p1a: Ribombee|Moonblast|p2a: Skeledirge\n|-resisted|p2a: Skeledirge\n|-crit|p2a: Skeledirge\n|-damage|p2a: Skeledirge|77\/100\n|\n|upkeep\n|turn|3\n|\n|t:|1699067675\n|move|p1a: Ribombee|Stun Spore|p2a: Skeledirge\n|-status|p2a: Skeledirge|par\n|move|p2a: Skeledirge|Torch Song|p1a: Ribombee\n|-supereffective|p1a: Ribombee\n|-damage|p1a: Ribombee|0 fnt\n|-boost|p2a: Skeledirge|spa|1\n|faint|p1a: Ribombee\n|\n|upkeep\n|\n|t:|1699067679\n|switch|p1a: Great Tusk|Great Tusk|100\/100\n|-activate|p1a: Great Tusk|move: Sticky Web\n|-unboost|p1a: Great Tusk|spe|1\n|turn|4\n|\n|t:|1699067683\n|move|p1a: Great Tusk|Rapid Spin|p2a: Skeledirge\n|-immune|p2a: Skeledirge\n|cant|p2a: Skeledirge|par\n|\n|upkeep\n|turn|5\n|c|\u2606XX_1nfinity_XX|what are you expectig\n|c|\u2606XX_1nfinity_XX|its mono ghost\n|c|\u2606D. Lawrenzz|misclicked god damn it\n|\n|t:|1699067701\n|switch|p2a: Cofagrigus|Cofagrigus, F|100\/100\n|move|p1a: Great Tusk|Knock Off|p2a: Cofagrigus\n|-supereffective|p2a: Cofagrigus\n|-crit|p2a: Cofagrigus\n|-damage|p2a: Cofagrigus|16\/100\n|-enditem|p2a: Cofagrigus|Leftovers|[from] move: Knock Off|[of] p1a: Great Tusk\n|\n|upkeep\n|turn|6\n|c|\u2606XX_1nfinity_XX|damn\n|\n|t:|1699067719\n|switch|p2a: Sableye|Sableye-Mega, M|100\/100\n|move|p1a: Great Tusk|Knock Off|p2a: Sableye\n|-damage|p2a: Sableye|78\/100\n|\n|upkeep\n|turn|7\n|\n|t:|1699067733\n|-end|p1a: Great Tusk|Protosynthesis|[silent]\n|switch|p1a: Iron Moth|Iron Moth|100\/100\n|-activate|p1a: Iron Moth|move: Sticky Web\n|-unboost|p1a: Iron Moth|spe|1\n|-enditem|p1a: Iron Moth|Booster Energy\n|-activate|p1a: Iron Moth|ability: Quark Drive|[fromitem]\n|-start|p1a: Iron Moth|quarkdrivespa\n|move|p2a: Sableye|Will-O-Wisp|p1a: Iron Moth\n|-immune|p1a: Iron Moth\n|\n|upkeep\n|turn|8\n|\n|t:|1699067744\n|move|p1a: Iron Moth|Dazzling Gleam|p2a: Sableye\n|-supereffective|p2a: Sableye\n|-damage|p2a: Sableye|23\/100\n|move|p2a: Sableye|Thunder Wave|p1a: Iron Moth\n|-status|p1a: Iron Moth|par\n|\n|upkeep\n|turn|9\n|\n|t:|1699067763\n|switch|p2a: Skeledirge|Skeledirge, M|77\/100 par\n|move|p1a: Iron Moth|Dazzling Gleam|p2a: Skeledirge\n|-resisted|p2a: Skeledirge\n|-damage|p2a: Skeledirge|62\/100 par\n|\n|upkeep\n|turn|10\n|\n|t:|1699067775\n|move|p1a: Iron Moth|Fiery Dance|p2a: Skeledirge\n|-resisted|p2a: Skeledirge\n|-damage|p2a: Skeledirge|43\/100 par\n|-boost|p1a: Iron Moth|spa|1\n|move|p2a: Skeledirge|Slack Off|p2a: Skeledirge\n|-heal|p2a: Skeledirge|93\/100 par\n|\n|upkeep\n|turn|11\n|\n|t:|1699067780\n|move|p1a: Iron Moth|Fiery Dance|p2a: Skeledirge\n|-resisted|p2a: Skeledirge\n|-damage|p2a: Skeledirge|72\/100 par\n|-boost|p1a: Iron Moth|spa|1\n|move|p2a: Skeledirge|Hex|p1a: Iron Moth\n|-damage|p1a: Iron Moth|52\/100 par\n|\n|upkeep\n|turn|12\n|\n|t:|1699067785\n|move|p1a: Iron Moth|Fiery Dance|p2a: Skeledirge\n|-resisted|p2a: Skeledirge\n|-damage|p2a: Skeledirge|52\/100 par\n|move|p2a: Skeledirge|Slack Off|p2a: Skeledirge\n|-heal|p2a: Skeledirge|100\/100 par\n|\n|upkeep\n|turn|13\n|\n|t:|1699067792\n|switch|p2a: Cofagrigus|Cofagrigus, F|16\/100\n|cant|p1a: Iron Moth|par\n|\n|upkeep\n|turn|14\n|\n|t:|1699067805\n|move|p1a: Iron Moth|Dazzling Gleam|p2a: Cofagrigus\n|-damage|p2a: Cofagrigus|0 fnt\n|faint|p2a: Cofagrigus\n|\n|upkeep\n|\n|t:|1699067812\n|switch|p2a: Cinderace|Cinderace, F|100\/100\n|turn|15\n|\n|t:|1699067823\n|move|p2a: Cinderace|Hyper Voice|p1a: Iron Moth\n|-damage|p1a: Iron Moth|3\/100 par\n|cant|p1a: Iron Moth|par\n|\n|upkeep\n|turn|16\n|\n|t:|1699067828\n|move|p2a: Cinderace|Hyper Voice|p1a: Iron Moth\n|-damage|p1a: Iron Moth|0 fnt\n|faint|p1a: Iron Moth\n|-end|p1a: Iron Moth|Quark Drive|[silent]\n|\n|upkeep\n|\n|t:|1699067839\n|switch|p1a: Great Tusk|Great Tusk|100\/100\n|-activate|p1a: Great Tusk|move: Sticky Web\n|-unboost|p1a: Great Tusk|spe|1\n|turn|17\n|\n|t:|1699067846\n|move|p2a: Cinderace|Hyper Voice|p1a: Great Tusk\n|-damage|p1a: Great Tusk|69\/100\n|move|p1a: Great Tusk|Knock Off|p2a: Cinderace\n|-supereffective|p2a: Cinderace\n|-damage|p2a: Cinderace|0 fnt\n|replace|p2a: Zoroark|Zoroark-Hisui, F\n|-end|p2a: Zoroark|Illusion\n|-enditem|p2a: Zoroark|Choice Scarf|[from] move: Knock Off|[of] p1a: Great Tusk\n|faint|p2a: Zoroark\n|\n|upkeep\n|\n|t:|1699067850\n|switch|p2a: Flutter Mane|Flutter Mane|100\/100\n|turn|18\n|\n|t:|1699067859\n|-terastallize|p1a: Great Tusk|Ground\n|move|p2a: Flutter Mane|Substitute|p2a: Flutter Mane\n|-start|p2a: Flutter Mane|Substitute\n|-damage|p2a: Flutter Mane|76\/100\n|move|p1a: Great Tusk|Knock Off|p2a: Flutter Mane\n|-end|p2a: Flutter Mane|Substitute\n|\n|upkeep\n|turn|19\n|\n|t:|1699067885\n|-zpower|p2a: Flutter Mane\n|move|p2a: Flutter Mane|Inferno Overdrive|p1a: Great Tusk|[zeffect]\n|-damage|p1a: Great Tusk|31\/100\n|move|p1a: Great Tusk|Knock Off|p2a: Flutter Mane\n|-damage|p2a: Flutter Mane|20\/100\n|\n|upkeep\n|turn|20\n|\n|t:|1699067893\n|move|p2a: Flutter Mane|Moonblast|p1a: Great Tusk\n|-damage|p1a: Great Tusk|0 fnt\n|faint|p1a: Great Tusk\n|-end|p1a: Great Tusk|Protosynthesis|[silent]\n|\n|upkeep\n|\n|t:|1699067902\n|switch|p1a: Lopunny|Lopunny, M|100\/100\n|-activate|p1a: Lopunny|move: Sticky Web\n|-unboost|p1a: Lopunny|spe|1\n|turn|21\n|\n|t:|1699067906\n|-end|p2a: Flutter Mane|Protosynthesis|[silent]\n|switch|p2a: Skeledirge|Skeledirge, M|100\/100 par\n|detailschange|p1a: Lopunny|Lopunny-Mega, M\n|-mega|p1a: Lopunny|Lopunny|Lopunnite\n|move|p1a: Lopunny|Fake Out|p2a: Skeledirge\n|-damage|p2a: Skeledirge|82\/100 par\n|\n|upkeep\n|turn|22\n|\n|t:|1699067913\n|move|p1a: Lopunny|High Jump Kick|p2a: Skeledirge\n|-damage|p2a: Skeledirge|22\/100 par\n|move|p2a: Skeledirge|Will-O-Wisp|p1a: Lopunny\n|-status|p1a: Lopunny|brn\n|\n|-damage|p1a: Lopunny|95\/100 brn|[from] brn\n|upkeep\n|turn|23\n|\n|t:|1699067916\n|move|p1a: Lopunny|High Jump Kick|p2a: Skeledirge\n|-damage|p2a: Skeledirge|0 fnt\n|faint|p2a: Skeledirge\n|\n|-damage|p1a: Lopunny|89\/100 brn|[from] brn\n|upkeep\n|\n|t:|1699067920\n|switch|p2a: Flutter Mane|Flutter Mane|20\/100\n|turn|24\n|\n|t:|1699067934\n|switch|p1a: Bisharp|Bisharp, M|100\/100\n|-activate|p1a: Bisharp|move: Sticky Web\n|-unboost|p1a: Bisharp|spe|1\n|-ability|p1a: Bisharp|Defiant|boost\n|-boost|p1a: Bisharp|atk|2\n|move|p2a: Flutter Mane|Moonblast|p1a: Bisharp\n|-damage|p1a: Bisharp|59\/100\n|\n|upkeep\n|turn|25\n|\n|t:|1699067939\n|move|p2a: Flutter Mane|Substitute|p2a: Flutter Mane\n|-fail|p2a: Flutter Mane|move: Substitute|[weak]\n|move|p1a: Bisharp|Iron Head|p2a: Flutter Mane\n|-supereffective|p2a: Flutter Mane\n|-damage|p2a: Flutter Mane|0 fnt\n|faint|p2a: Flutter Mane\n|-end|p2a: Flutter Mane|Protosynthesis|[silent]\n|\n|upkeep\n|\n|t:|1699067943\n|switch|p2a: Cinderace|Cinderace, F|100\/100\n|turn|26\n|\n|t:|1699067948\n|move|p2a: Cinderace|Sucker Punch|p1a: Bisharp\n|-start|p2a: Cinderace|typechange|Dark|[from] ability: Libero\n|-resisted|p1a: Bisharp\n|-damage|p1a: Bisharp|47\/100\n|move|p1a: Bisharp|Sucker Punch||[still]\n|-fail|p1a: Bisharp\n|\n|upkeep\n|turn|27\n|\n|t:|1699067955\n|move|p2a: Cinderace|U-turn|p1a: Bisharp\n|-damage|p1a: Bisharp|29\/100\n|\n|t:|1699067957\n|switch|p2a: Sableye|Sableye-Mega, M|23\/100|[from] U-turn\n|move|p1a: Bisharp|Iron Head|p2a: Sableye\n|-damage|p2a: Sableye|0 fnt\n|faint|p2a: Sableye\n|\n|upkeep\n|\n|t:|1699067959\n|switch|p2a: Cinderace|Cinderace, F|100\/100\n|turn|28\n|\n|t:|1699067962\n|move|p2a: Cinderace|Pyro Ball|p1a: Bisharp\n|-supereffective|p1a: Bisharp\n|-damage|p1a: Bisharp|0 fnt\n|faint|p1a: Bisharp\n|\n|upkeep\n|\n|t:|1699067965\n|switch|p1a: Lopunny|Lopunny-Mega, M|89\/100 brn\n|-activate|p1a: Lopunny|move: Sticky Web\n|-unboost|p1a: Lopunny|spe|1\n|turn|29\n|\n|t:|1699067967\n|move|p1a: Lopunny|Fake Out|p2a: Cinderace\n|-damage|p2a: Cinderace|84\/100\n|cant|p2a: Cinderace|flinch\n|\n|-damage|p1a: Lopunny|83\/100 brn|[from] brn\n|upkeep\n|turn|30\n|\n|t:|1699067980\n|move|p2a: Cinderace|Pyro Ball|p1a: Lopunny|[miss]\n|-miss|p2a: Cinderace|p1a: Lopunny\n|move|p1a: Lopunny|High Jump Kick|p2a: Cinderace\n|-damage|p2a: Cinderace|32\/100\n|\n|-damage|p1a: Lopunny|77\/100 brn|[from] brn\n|upkeep\n|turn|31\n|\n|t:|1699067989\n|move|p2a: Cinderace|Pyro Ball|p1a: Lopunny\n|-damage|p1a: Lopunny|0 fnt\n|faint|p1a: Lopunny\n|\n|upkeep\n|\n|t:|1699067995\n|switch|p1a: Ogerpon|Ogerpon-Wellspring, F|100\/100\n|-activate|p1a: Ogerpon|move: Sticky Web\n|-unboost|p1a: Ogerpon|spe|1\n|turn|32\n|\n|t:|1699067997\n|move|p2a: Cinderace|U-turn|p1a: Ogerpon\n|-start|p2a: Cinderace|typechange|Bug|[from] ability: Libero\n|-supereffective|p1a: Ogerpon\n|-damage|p1a: Ogerpon|19\/100\n|move|p1a: Ogerpon|Ivy Cudgel|p2a: Cinderace\n|-damage|p2a: Cinderace|0 fnt\n|faint|p2a: Cinderace\n|\n|win|D. Lawrenzz\n|c|\u2606D. Lawrenzz|gg\n|c|\u2606XX_1nfinity_XX|ggs\n|l|\u2606XX_1nfinity_XX\n","uploadtime":1699068011,"views":6,"p1id":"dlawrenzz","p2id":"xx1nfinityxx","formatid":"gen9nationaldexubers","rating":0,"private":0,"password":""}