{"id":"gen9nationaldexubers-1997690558","p1":"Just B3A$T","p2":"Hiusi guy %\u25d5\u203f\u203f\u25d5%","format":"[Gen 9] National Dex Ubers","log":"|j|\u2606Just B3A$T\n|j|\u2606Hiusi guy %\u25d5\u203f\u203f\u25d5%\n|t:|1700842196\n|gametype|singles\n|player|p1|Just B3A$T|noland|\n|player|p2|Hiusi guy %\u25d5\u203f\u203f\u25d5%|alec-anime|\n|teamsize|p1|6\n|teamsize|p2|6\n|gen|9\n|tier|[Gen 9] National Dex Ubers\n|rule|HP Percentage Mod: HP is shown in percentages\n|rule|Endless Battle Clause: Forcing endless battles is banned\n|rule|OHKO Clause: OHKO moves are banned\n|rule|Evasion Moves Clause: Evasion moves are banned\n|rule|Evasion Items Clause: Evasion items are banned\n|rule|Species Clause: Limit one of each Pok\u00e9mon\n|rule|Sleep Clause Mod: Limit one foe put to sleep\n|rule|Mega Rayquaza Clause: You cannot mega evolve Rayquaza\n|clearpoke\n|poke|p1|Landorus-Therian, M|\n|poke|p1|Genesect|\n|poke|p1|Mawile, F|\n|poke|p1|Gholdengo|\n|poke|p1|Heatran, M|\n|poke|p1|Empoleon, M|\n|poke|p2|Iron Valiant|\n|poke|p2|Roaring Moon|\n|poke|p2|Grimmsnarl, M|\n|poke|p2|Blaziken, F|\n|poke|p2|Hatterene, F|\n|poke|p2|Altaria, F|\n|teampreview\n|inactive|Battle timer is ON: inactive players will automatically lose when time's up. (requested by Just B3A$T)\n|inactive|Just B3A$T has 270 seconds left.\n|c|\u2606Just B3A$T|hmm....\n|c|\u2606Just B3A$T|Taste my steeled fangs of vengeance!\n|\n|t:|1700842251\n|start\n|switch|p1a: Krakatoa|Heatran, M|100\/100\n|switch|p2a: Grimmsnarl|Grimmsnarl, M|100\/100\n|turn|1\n|c|\u2606Hiusi guy %\u25d5\u203f\u203f\u25d5%|Okay\n|\n|t:|1700842258\n|move|p2a: Grimmsnarl|Taunt|p1a: Krakatoa\n|-start|p1a: Krakatoa|move: Taunt\n|move|p1a: Krakatoa|Eruption|p2a: Grimmsnarl\n|-damage|p2a: Grimmsnarl|38\/100\n|\n|upkeep\n|turn|2\n|c|\u2606Just B3A$T|im like the only leader who does that\n|c|\u2606Just B3A$T|pron\n|c|\u2606Just B3A$T|*prob\n|\n|t:|1700842272\n|move|p2a: Grimmsnarl|Light Screen|p2a: Grimmsnarl\n|-sidestart|p2: Hiusi guy %\u25d5\u203f\u203f\u25d5%|move: Light Screen\n|move|p1a: Krakatoa|Eruption|p2a: Grimmsnarl\n|-damage|p2a: Grimmsnarl|6\/100\n|\n|upkeep\n|turn|3\n|\n|t:|1700842281\n|move|p2a: Grimmsnarl|Parting Shot|p1a: Krakatoa\n|-unboost|p1a: Krakatoa|atk|1\n|-unboost|p1a: Krakatoa|spa|1\n|\n|t:|1700842283\n|switch|p2a: Roaring Moon|Roaring Moon|100\/100|[from] Parting Shot\n|-enditem|p2a: Roaring Moon|Booster Energy\n|-activate|p2a: Roaring Moon|ability: Protosynthesis|[fromitem]\n|-start|p2a: Roaring Moon|protosynthesisatk\n|move|p1a: Krakatoa|Eruption|p2a: Roaring Moon\n|-resisted|p2a: Roaring Moon\n|-damage|p2a: Roaring Moon|88\/100\n|\n|-end|p1a: Krakatoa|move: Taunt\n|upkeep\n|turn|4\n|\n|t:|1700842287\n|switch|p1a: Lion Up!!!|Landorus-Therian, M|100\/100\n|-ability|p1a: Lion Up!!!|Intimidate|boost\n|-unboost|p2a: Roaring Moon|atk|1\n|move|p2a: Roaring Moon|Dragon Dance|p2a: Roaring Moon\n|-boost|p2a: Roaring Moon|atk|1\n|-boost|p2a: Roaring Moon|spe|1\n|\n|upkeep\n|turn|5\n|\n|t:|1700842292\n|move|p2a: Roaring Moon|Dragon Dance|p2a: Roaring Moon\n|-boost|p2a: Roaring Moon|atk|1\n|-boost|p2a: Roaring Moon|spe|1\n|move|p1a: Lion Up!!!|Rock Polish|p1a: Lion Up!!!\n|-boost|p1a: Lion Up!!!|spe|2\n|\n|upkeep\n|turn|6\n|\n|t:|1700842296\n|move|p2a: Roaring Moon|Knock Off|p1a: Lion Up!!!\n|-damage|p1a: Lion Up!!!|0 fnt\n|-enditem|p1a: Lion Up!!!|Lum Berry|[from] move: Knock Off|[of] p2a: Roaring Moon\n|faint|p1a: Lion Up!!!\n|\n|-sideend|p2: Hiusi guy %\u25d5\u203f\u203f\u25d5%|move: Light Screen\n|upkeep\n|c|\u2606Just B3A$T|ayo\n|\n|t:|1700842314\n|switch|p1a: Insecticon|Genesect, shiny|100\/100\n|-ability|p1a: Insecticon|Download|boost\n|-boost|p1a: Insecticon|atk|1\n|turn|7\n|c|\u2606Just B3A$T|think i already lost\n|\n|t:|1700842330\n|-terastallize|p2a: Roaring Moon|Steel\n|move|p1a: Insecticon|Extreme Speed|p2a: Roaring Moon\n|-resisted|p2a: Roaring Moon\n|-damage|p2a: Roaring Moon|63\/100\n|move|p2a: Roaring Moon|Knock Off|p1a: Insecticon\n|-crit|p1a: Insecticon\n|-damage|p1a: Insecticon|0 fnt\n|-enditem|p1a: Insecticon|Leftovers|[from] move: Knock Off|[of] p2a: Roaring Moon\n|faint|p1a: Insecticon\n|\n|upkeep\n|j| AlolanSandslashOU\n|inactive|Just B3A$T has 270 seconds left.\n|\n|t:|1700842351\n|switch|p1a: Pixie Fatale|Mawile, F, shiny|100\/100\n|turn|8\n|c| AlolanSandslashOU|Beast\n|c|\u2606Just B3A$T|i know\n|inactive|Just B3A$T has 270 seconds left.\n|c| AlolanSandslashOU|it might be over\n|\n|t:|1700842358\n|detailschange|p1a: Pixie Fatale|Mawile-Mega, F, shiny\n|-mega|p1a: Pixie Fatale|Mawile|Mawilite\n|move|p1a: Pixie Fatale|Sucker Punch|p2a: Roaring Moon\n|-crit|p2a: Roaring Moon\n|-damage|p2a: Roaring Moon|0 fnt\n|faint|p2a: Roaring Moon\n|-end|p2a: Roaring Moon|Protosynthesis|[silent]\n|\n|upkeep\n|c|\u2606Just B3A$T|ok\n|c|\u2606Just B3A$T|let's go\n|c|\u2606Hiusi guy %\u25d5\u203f\u203f\u25d5%|Zamn\n|c| AlolanSandslashOU|That crit clutched\n|\n|t:|1700842371\n|switch|p2a: Grimmsnarl|Grimmsnarl, M|6\/100\n|turn|9\n|\n|t:|1700842373\n|move|p2a: Grimmsnarl|Reflect|p2a: Grimmsnarl\n|-sidestart|p2: Hiusi guy %\u25d5\u203f\u203f\u25d5%|Reflect\n|move|p1a: Pixie Fatale|Swords Dance|p1a: Pixie Fatale\n|-boost|p1a: Pixie Fatale|atk|2\n|\n|upkeep\n|turn|10\n|\n|t:|1700842380\n|move|p2a: Grimmsnarl|Taunt|p1a: Pixie Fatale\n|-start|p1a: Pixie Fatale|move: Taunt\n|move|p1a: Pixie Fatale|Knock Off|p2a: Grimmsnarl\n|-resisted|p2a: Grimmsnarl\n|-damage|p2a: Grimmsnarl|0 fnt\n|-enditem|p2a: Grimmsnarl|Mental Herb|[from] move: Knock Off|[of] p1a: Pixie Fatale\n|faint|p2a: Grimmsnarl\n|\n|upkeep\n|\n|t:|1700842382\n|switch|p2a: Blaziken|Blaziken, F|100\/100\n|turn|11\n|\n|t:|1700842390\n|switch|p1a: Krakatoa|Heatran, M|100\/100\n|move|p2a: Blaziken|Flare Blitz|p1a: Krakatoa\n|-start|p1a: Krakatoa|ability: Flash Fire\n|\n|-ability|p2a: Blaziken|Speed Boost|boost\n|-boost|p2a: Blaziken|spe|1\n|upkeep\n|turn|12\n|c| AlolanSandslashOU|mental herb ah\n|\n|t:|1700842403\n|move|p1a: Krakatoa|Earth Power|p2a: Blaziken\n|-supereffective|p2a: Blaziken\n|-damage|p2a: Blaziken|7\/100\n|-unboost|p2a: Blaziken|spd|1\n|move|p2a: Blaziken|Close Combat|p1a: Krakatoa\n|-supereffective|p1a: Krakatoa\n|-damage|p1a: Krakatoa|0 fnt\n|-unboost|p2a: Blaziken|def|1\n|-unboost|p2a: Blaziken|spd|1\n|faint|p1a: Krakatoa\n|-damage|p2a: Blaziken|0 fnt|[from] item: Life Orb\n|faint|p2a: Blaziken\n|\n|upkeep\n|c|\u2606Just B3A$T|insane\n|\n|t:|1700842414\n|switch|p1a: Paladin|Empoleon, M|100\/100\n|switch|p2a: Altaria|Altaria, F|100\/100\n|turn|13\n|c| AlolanSandslashOU|Adamant blaziken what da hell\n|c|\u2606Just B3A$T|legit\n|\n|t:|1700842424\n|detailschange|p2a: Altaria|Altaria-Mega, F\n|-mega|p2a: Altaria|Altaria|Altarianite\n|move|p2a: Altaria|Agility|p2a: Altaria\n|-boost|p2a: Altaria|spe|2\n|move|p1a: Paladin|Agility|p1a: Paladin\n|-boost|p1a: Paladin|spe|2\n|\n|-sideend|p2: Hiusi guy %\u25d5\u203f\u203f\u25d5%|Reflect\n|upkeep\n|turn|14\n|\n|t:|1700842430\n|move|p2a: Altaria|Fire Blast|p1a: Paladin\n|-damage|p1a: Paladin|60\/100\n|move|p1a: Paladin|Ice Beam|p2a: Altaria\n|-supereffective|p2a: Altaria\n|-damage|p2a: Altaria|37\/100\n|\n|upkeep\n|turn|15\n|\n|t:|1700842435\n|move|p2a: Altaria|Fire Blast|p1a: Paladin\n|-damage|p1a: Paladin|17\/100\n|move|p1a: Paladin|Ice Beam|p2a: Altaria\n|-supereffective|p2a: Altaria\n|-damage|p2a: Altaria|0 fnt\n|faint|p2a: Altaria\n|\n|upkeep\n|\n|t:|1700842439\n|switch|p2a: Iron Valiant|Iron Valiant|100\/100\n|-enditem|p2a: Iron Valiant|Booster Energy\n|-activate|p2a: Iron Valiant|ability: Quark Drive|[fromitem]\n|-start|p2a: Iron Valiant|quarkdrivespe\n|turn|16\n|\n|t:|1700842446\n|move|p2a: Iron Valiant|Aura Sphere|p1a: Paladin\n|-supereffective|p1a: Paladin\n|-damage|p1a: Paladin|0 fnt\n|faint|p1a: Paladin\n|\n|upkeep\n|\n|t:|1700842448\n|switch|p1a: Profit!|Gholdengo|100\/100\n|-item|p1a: Profit!|Air Balloon\n|turn|17\n|\n|t:|1700842452\n|move|p2a: Iron Valiant|Substitute|p2a: Iron Valiant\n|-start|p2a: Iron Valiant|Substitute\n|-damage|p2a: Iron Valiant|76\/100\n|move|p1a: Profit!|Make It Rain|p2a: Iron Valiant\n|-supereffective|p2a: Iron Valiant\n|-end|p2a: Iron Valiant|Substitute\n|-unboost|p1a: Profit!|spa|1\n|\n|upkeep\n|turn|18\n|\n|t:|1700842457\n|move|p2a: Iron Valiant|Substitute|p2a: Iron Valiant\n|-start|p2a: Iron Valiant|Substitute\n|-damage|p2a: Iron Valiant|51\/100\n|move|p1a: Profit!|Make It Rain|p2a: Iron Valiant\n|-supereffective|p2a: Iron Valiant\n|-end|p2a: Iron Valiant|Substitute\n|-unboost|p1a: Profit!|spa|1\n|\n|upkeep\n|turn|19\n|\n|t:|1700842461\n|move|p2a: Iron Valiant|Substitute|p2a: Iron Valiant\n|-start|p2a: Iron Valiant|Substitute\n|-damage|p2a: Iron Valiant|26\/100\n|move|p1a: Profit!|Nasty Plot|p1a: Profit!\n|-boost|p1a: Profit!|spa|2\n|\n|upkeep\n|turn|20\n|\n|t:|1700842462\n|move|p2a: Iron Valiant|Calm Mind|p2a: Iron Valiant\n|-boost|p2a: Iron Valiant|spa|1\n|-boost|p2a: Iron Valiant|spd|1\n|move|p1a: Profit!|Make It Rain|p2a: Iron Valiant\n|-supereffective|p2a: Iron Valiant\n|-end|p2a: Iron Valiant|Substitute\n|-unboost|p1a: Profit!|spa|1\n|\n|upkeep\n|turn|21\n|\n|t:|1700842466\n|move|p2a: Iron Valiant|Substitute|p2a: Iron Valiant\n|-start|p2a: Iron Valiant|Substitute\n|-damage|p2a: Iron Valiant|1\/100\n|move|p1a: Profit!|Make It Rain|p2a: Iron Valiant\n|-supereffective|p2a: Iron Valiant\n|-end|p2a: Iron Valiant|Substitute\n|-unboost|p1a: Profit!|spa|1\n|\n|upkeep\n|turn|22\n|\n|t:|1700842470\n|move|p2a: Iron Valiant|Moonblast|p1a: Profit!\n|-resisted|p1a: Profit!\n|-damage|p1a: Profit!|68\/100\n|-unboost|p1a: Profit!|spa|1\n|-enditem|p1a: Profit!|Air Balloon\n|move|p1a: Profit!|Make It Rain|p2a: Iron Valiant\n|-supereffective|p2a: Iron Valiant\n|-damage|p2a: Iron Valiant|0 fnt\n|-unboost|p1a: Profit!|spa|1\n|faint|p2a: Iron Valiant\n|-end|p2a: Iron Valiant|Quark Drive|[silent]\n|\n|upkeep\n|\n|t:|1700842472\n|switch|p2a: Hatterene|Hatterene, F|100\/100\n|turn|23\n|c|\u2606Just B3A$T|gg\n|\n|t:|1700842477\n|move|p1a: Profit!|Nasty Plot|p1a: Profit!\n|-boost|p1a: Profit!|spa|2\n|move|p2a: Hatterene|Mystical Fire|p1a: Profit!\n|-supereffective|p1a: Profit!\n|-damage|p1a: Profit!|11\/100\n|-unboost|p1a: Profit!|spa|1\n|\n|upkeep\n|turn|24\n|\n|t:|1700842480\n|move|p1a: Profit!|Make It Rain|p2a: Hatterene\n|-supereffective|p2a: Hatterene\n|-damage|p2a: Hatterene|43\/100\n|-unboost|p1a: Profit!|spa|1\n|move|p2a: Hatterene|Mystical Fire|p1a: Profit!\n|-supereffective|p1a: Profit!\n|-damage|p1a: Profit!|0 fnt\n|faint|p1a: Profit!\n|\n|-heal|p2a: Hatterene|49\/100|[from] item: Leftovers\n|upkeep\n|\n|t:|1700842482\n|switch|p1a: Pixie Fatale|Mawile-Mega, F, shiny|100\/100\n|turn|25\n|c|\u2606Hiusi guy %\u25d5\u203f\u203f\u25d5%|Gg\n|c|\u2606Hiusi guy %\u25d5\u203f\u203f\u25d5%|I tried\n|\n|t:|1700842491\n|move|p1a: Pixie Fatale|Knock Off|p2a: Hatterene\n|-damage|p2a: Hatterene|0 fnt\n|-enditem|p2a: Hatterene|Leftovers|[from] move: Knock Off|[of] p1a: Pixie Fatale\n|faint|p2a: Hatterene\n|\n|win|Just B3A$T\n|c|\u2606Just B3A$T|very good try\n|c|\u2606Just B3A$T|ngl\n|c|\u2606Just B3A$T|almost had me\n|c| AlolanSandslashOU|Beast\n|c| AlolanSandslashOU|now it\u2019s my turn\n|c|\u2606Just B3A$T|true\n","uploadtime":1700842509,"views":2,"p1id":"justb3at","p2id":"hiusiguy","formatid":"gen9nationaldexubers","rating":0,"private":0,"password":""}