{"id":"gen9nationaldexubers-1999889002","p1":"NerdsJV","p2":"Rentereh","format":"[Gen 9] National Dex Ubers","log":"|j|\u2606NerdsJV\n|j|\u2606Rentereh\n|t:|1701126673\n|gametype|singles\n|player|p1|NerdsJV|marnie|\n|player|p2|Rentereh|cilan|\n|teamsize|p1|6\n|teamsize|p2|6\n|gen|9\n|tier|[Gen 9] National Dex Ubers\n|rule|HP Percentage Mod: HP is shown in percentages\n|rule|Endless Battle Clause: Forcing endless battles is banned\n|rule|OHKO Clause: OHKO moves are banned\n|rule|Evasion Moves Clause: Evasion moves are banned\n|rule|Evasion Items Clause: Evasion items are banned\n|rule|Species Clause: Limit one of each Pok\u00e9mon\n|rule|Sleep Clause Mod: Limit one foe put to sleep\n|rule|Mega Rayquaza Clause: You cannot mega evolve Rayquaza\n|clearpoke\n|poke|p1|Magnemite, L20|\n|poke|p1|Treecko, L20, M|\n|poke|p1|Wiglett, L20, F|\n|poke|p1|Growlithe, L20, M|\n|poke|p1|Grimer-Alola, L20, F|\n|poke|p1|Eevee, L20, M|\n|poke|p2|Riolu, L20, M|\n|poke|p2|Croconaw, L20, M|\n|poke|p2|Munchlax, L20, M|\n|poke|p2|Oricorio-Pom-Pom, L20, F|\n|poke|p2|Mawile, L20, M|\n|poke|p2|Sableye, L20, M|\n|teampreview\n|c|\u2606NerdsJV|Eu n\u00e3o ganho nem fudendo mas bota\n|\n|t:|1701126726\n|start\n|switch|p1a: Eevee|Eevee, L20, M|100\/100\n|switch|p2a: Nue|Oricorio-Pom-Pom, L20, F|100\/100\n|turn|1\n|\n|t:|1701126735\n|move|p2a: Nue|Quiver Dance|p2a: Nue\n|-boost|p2a: Nue|spa|1\n|-boost|p2a: Nue|spd|1\n|-boost|p2a: Nue|spe|1\n|-zpower|p1a: Eevee\n|move|p1a: Eevee|Breakneck Blitz|p2a: Nue|[zeffect]\n|-crit|p2a: Nue\n|-damage|p2a: Nue|0 fnt\n|faint|p2a: Nue\n|\n|upkeep\n|c|\u2606Rentereh|Taporra\n|c|\u2606NerdsJV|KKKKKKKKKKK\n|c|\u2606Rentereh|S\u00f3 skipei do nada Nue lost 100%\n|\n|t:|1701126800\n|switch|p2a: Ken|Riolu, L20, M|100\/100\n|turn|2\n|\n|t:|1701126820\n|switch|p1a: Growlithe|Growlithe, L20, M|100\/100\n|-ability|p1a: Growlithe|Intimidate|boost\n|-unboost|p2a: Ken|atk|1\n|move|p2a: Ken|Swords Dance|p2a: Ken\n|-boost|p2a: Ken|atk|2\n|\n|upkeep\n|turn|3\n|c|\u2606Rentereh|Foda q o cachorro n aprende Dragon Dance\n|c|\u2606NerdsJV|Pq ele aprenderia?\n|\n|t:|1701126863\n|switch|p2a: Sableye|Sableye, L20, M|100\/100\n|move|p1a: Growlithe|Flare Blitz|p2a: Sableye\n|-damage|p2a: Sableye|65\/100\n|-damage|p1a: Growlithe|85\/100|[from] item: Rocky Helmet|[of] p2a: Sableye\n|-damage|p1a: Growlithe|73\/100|[from] Recoil\n|\n|upkeep\n|turn|4\n|\n|t:|1701126873\n|switch|p1a: Magnemite|Magnemite, L20|100\/100\n|move|p2a: Sableye|Recover|p2a: Sableye\n|-heal|p2a: Sableye|100\/100\n|\n|upkeep\n|turn|5\n|\n|t:|1701126877\n|move|p2a: Sableye|Will-O-Wisp|p1a: Magnemite|[miss]\n|-miss|p2a: Sableye|p1a: Magnemite\n|move|p1a: Magnemite|Thunderbolt|p2a: Sableye\n|-crit|p2a: Sableye\n|-damage|p2a: Sableye|0 fnt\n|faint|p2a: Sableye\n|\n|upkeep\n|c|\u2606Rentereh|Vou me morrer\n|c|\u2606NerdsJV|KKKKKKKKKKK\n|c|\u2606Rentereh|Ainda veio crit\n|\n|t:|1701126893\n|switch|p2a: Nacho|Munchlax, L20, M|100\/100\n|turn|6\n|\n|t:|1701126904\n|switch|p1a: Grimer|Grimer-Alola, L20, F|100\/100\n|move|p2a: Nacho|Curse|p2a: Nacho\n|-unboost|p2a: Nacho|spe|1\n|-boost|p2a: Nacho|atk|1\n|-boost|p2a: Nacho|def|1\n|\n|upkeep\n|turn|7\n|c|\u2606Rentereh|Tenho nem escolha\n|\n|t:|1701126926\n|move|p1a: Grimer|Knock Off|p2a: Nacho\n|-damage|p2a: Nacho|73\/100\n|-status|p2a: Nacho|psn|[from] ability: Poison Touch|[of] p1a: Grimer\n|-enditem|p2a: Nacho|Eviolite|[from] move: Knock Off|[of] p1a: Grimer\n|move|p2a: Nacho|Return|p1a: Grimer\n|-damage|p1a: Grimer|24\/100\n|\n|-damage|p2a: Nacho|60\/100 psn|[from] psn\n|upkeep\n|turn|8\n|\n|t:|1701126934\n|move|p1a: Grimer|Drain Punch|p2a: Nacho\n|-supereffective|p2a: Nacho\n|-damage|p2a: Nacho|18\/100 psn\n|-heal|p1a: Grimer|48\/100|[from] drain|[of] p2a: Nacho\n|move|p2a: Nacho|Rest|p2a: Nacho\n|-status|p2a: Nacho|slp|[from] move: Rest\n|-heal|p2a: Nacho|100\/100 slp|[silent]\n|\n|upkeep\n|turn|9\n|\n|t:|1701126941\n|move|p1a: Grimer|Drain Punch|p2a: Nacho\n|-supereffective|p2a: Nacho\n|-damage|p2a: Nacho|58\/100 slp\n|-heal|p1a: Grimer|72\/100|[from] drain|[of] p2a: Nacho\n|cant|p2a: Nacho|slp\n|move|p2a: Nacho|Sleep Talk|p2a: Nacho\n|move|p2a: Nacho|Return|p1a: Grimer|[from]move: Sleep Talk\n|-damage|p1a: Grimer|0 fnt\n|faint|p1a: Grimer\n|\n|upkeep\n|\n|t:|1701126956\n|switch|p1a: Wiglett|Wiglett, L20, F|100\/100\n|turn|10\n|\n|t:|1701126960\n|move|p1a: Wiglett|Liquidation|p2a: Nacho\n|-damage|p2a: Nacho|17\/100 slp\n|cant|p2a: Nacho|slp\n|move|p2a: Nacho|Sleep Talk|p2a: Nacho\n|move|p2a: Nacho|Rest||[from]move: Sleep Talk|[still]\n|-fail|p2a: Nacho\n|\n|upkeep\n|turn|11\n|c|\u2606Rentereh|Chorei\n|\n|t:|1701126986\n|move|p1a: Wiglett|Liquidation|p2a: Nacho\n|-damage|p2a: Nacho|0 fnt\n|faint|p2a: Nacho\n|\n|upkeep\n|\n|t:|1701126988\n|switch|p2a: Mawile|Mawile, L20, M|100\/100\n|turn|12\n|c|\u2606Rentereh|Me sinto humilhado\n|c|\u2606Rentereh|Tu botou o time mais meme do mundo\n|c|\u2606Rentereh|Pra eu perder igual\n|\n|t:|1701127018\n|move|p1a: Wiglett|Liquidation|p2a: Mawile\n|-damage|p2a: Mawile|34\/100\n|move|p2a: Mawile|Play Rough|p1a: Wiglett\n|-damage|p1a: Wiglett|0 fnt\n|-ability|p1a: Wiglett|Gooey\n|-unboost|p2a: Mawile|spe|1\n|faint|p1a: Wiglett\n|\n|upkeep\n|\n|t:|1701127026\n|switch|p1a: Magnemite|Magnemite, L20|100\/100\n|turn|13\n|\n|t:|1701127029\n|move|p2a: Mawile|Sucker Punch|p1a: Magnemite\n|-damage|p1a: Magnemite|37\/100\n|-damage|p2a: Mawile|25\/100|[from] item: Life Orb\n|move|p1a: Magnemite|Volt Switch|p2a: Mawile\n|-damage|p2a: Mawile|0 fnt\n|faint|p2a: Mawile\n|\n|t:|1701127039\n|switch|p1a: Eevee|Eevee, L20, M|100\/100|[from] Volt Switch\n|\n|upkeep\n|\n|t:|1701127054\n|switch|p2a: Ken|Riolu, L20, M|100\/100\n|turn|14\n|\n|t:|1701127056\n|move|p2a: Ken|Swords Dance|p2a: Ken\n|-boost|p2a: Ken|atk|2\n|move|p1a: Eevee|Return|p2a: Ken\n|-damage|p2a: Ken|2\/100\n|\n|upkeep\n|turn|15\n|\n|t:|1701127070\n|move|p2a: Ken|Copycat|p2a: Ken\n|move|p2a: Ken|Return|p1a: Eevee|[from]move: Copycat\n|-damage|p1a: Eevee|99\/100\n|-damage|p2a: Ken|0 fnt|[from] item: Life Orb\n|faint|p2a: Ken\n|move|p1a: Eevee|Trailblaze|p2: Ken|[notarget]\n|-fail|p1a: Eevee\n|\n|upkeep\n|c|\u2606NerdsJV|Que\n|c|\u2606Rentereh|OQ\n|c|\u2606NerdsJV|?.\n|c|\u2606NerdsJV|Copycat n\u00e3o leva em conta\n|c|\u2606NerdsJV|Status?\n|c|\u2606Rentereh|N\n|c|\u2606Rentereh|Vtmnc\n|c|\u2606NerdsJV|KKKKKKKKKKK\n|c|\u2606Rentereh|Meu bicho t\u00e1 0 de happyness por motivo nenhum\n|c|\u2606NerdsJV|????\n|c|\u2606Rentereh|Desisto\n|c|\u2606NerdsJV|KKKKKKKKKKK\n|-message|Rentereh forfeited.\n|\n|win|NerdsJV\n|l|\u2606Rentereh\n|j| Zaynzito\n","uploadtime":1701127417,"views":2,"p1id":"nerdsjv","p2id":"rentereh","formatid":"gen9nationaldexubers","rating":0,"private":0,"password":""}