{"id":"gen9nationaldexubers-1981233180","p1":"eloy18","p2":"blancasofia","format":"[Gen 9] National Dex Ubers","log":"|j|\u2606eloy18\n|j|\u2606blancasofia\n|t:|1698874787\n|gametype|singles\n|player|p1|eloy18|2|\n|player|p2|blancasofia|acetrainerf|\n|teamsize|p1|6\n|teamsize|p2|6\n|gen|9\n|tier|[Gen 9] National Dex Ubers\n|rule|HP Percentage Mod: HP is shown in percentages\n|rule|Endless Battle Clause: Forcing endless battles is banned\n|rule|OHKO Clause: OHKO moves are banned\n|rule|Evasion Moves Clause: Evasion moves are banned\n|rule|Evasion Items Clause: Evasion items are banned\n|rule|Species Clause: Limit one of each Pok\u00e9mon\n|rule|Sleep Clause Mod: Limit one foe put to sleep\n|rule|Mega Rayquaza Clause: You cannot mega evolve Rayquaza\n|clearpoke\n|poke|p1|Darkrai, L55|\n|poke|p1|Umbreon, L60, M|\n|poke|p1|Greninja-*, L65, F|\n|poke|p1|Zoroark, L60, F|\n|poke|p1|Weavile, L60, M|\n|poke|p1|Absol, L60, F|\n|poke|p2|Clodsire, L55, M|\n|poke|p2|Lopunny, L60, F|\n|poke|p2|Rotom-Wash, L55|\n|poke|p2|Gholdengo, L55|\n|poke|p2|Houndoom, L55, M|\n|poke|p2|Gliscor, L55, M|\n|teampreview\n|\n|t:|1698874801\n|start\n|switch|p1a: Umbreon|Umbreon, L60, M|100\/100\n|switch|p2a: Lunny|Lopunny, L60, F, shiny|100\/100\n|turn|1\n|\n|t:|1698874812\n|move|p1a: Umbreon|Protect|p1a: Umbreon\n|-singleturn|p1a: Umbreon|Protect\n|move|p2a: Lunny|Fake Out|p1a: Umbreon\n|-activate|p1a: Umbreon|move: Protect\n|\n|upkeep\n|turn|2\n|\n|t:|1698874821\n|switch|p2a: Clod|Clodsire, L55, M|100\/100\n|move|p1a: Umbreon|Toxic|p2a: Clod\n|-immune|p2a: Clod\n|\n|upkeep\n|turn|3\n|\n|t:|1698874833\n|move|p1a: Umbreon|Foul Play|p2a: Clod\n|-damage|p2a: Clod|68\/100\n|move|p2a: Clod|Toxic|p1a: Umbreon\n|-status|p1a: Umbreon|tox\n|-activate|p1a: Umbreon|ability: Synchronize\n|-immune|p2a: Clod\n|\n|-heal|p2a: Clod|74\/100|[from] item: Black Sludge\n|-damage|p1a: Umbreon|95\/100 tox|[from] psn\n|upkeep\n|turn|4\n|\n|t:|1698874837\n|move|p1a: Umbreon|Foul Play|p2a: Clod\n|-damage|p2a: Clod|41\/100\n|move|p2a: Clod|Stealth Rock|p1a: Umbreon\n|-sidestart|p1: eloy18|move: Stealth Rock\n|\n|-heal|p1a: Umbreon|100\/100 tox|[from] item: Leftovers\n|-heal|p2a: Clod|47\/100|[from] item: Black Sludge\n|-damage|p1a: Umbreon|89\/100 tox|[from] psn\n|upkeep\n|turn|5\n|\n|t:|1698874844\n|move|p1a: Umbreon|Foul Play|p2a: Clod\n|-damage|p2a: Clod|16\/100\n|move|p2a: Clod|Recover|p2a: Clod\n|-heal|p2a: Clod|67\/100\n|\n|-heal|p1a: Umbreon|95\/100 tox|[from] item: Leftovers\n|-heal|p2a: Clod|73\/100|[from] item: Black Sludge\n|-damage|p1a: Umbreon|77\/100 tox|[from] psn\n|upkeep\n|turn|6\n|\n|t:|1698874857\n|switch|p1a: Weavile|Weavile, L60, M|100\/100\n|-damage|p1a: Weavile|76\/100|[from] Stealth Rock\n|-ability|p1a: Weavile|Pressure\n|move|p2a: Clod|Earthquake|p1a: Weavile\n|-damage|p1a: Weavile|35\/100\n|\n|-heal|p2a: Clod|79\/100|[from] item: Black Sludge\n|upkeep\n|turn|7\n|\n|t:|1698874867\n|switch|p2a: Akuma|Houndoom, L55, M|100\/100\n|move|p1a: Weavile|Triple Axel|p2a: Akuma\n|-resisted|p2a: Akuma\n|-damage|p2a: Akuma|84\/100\n|-damage|p1a: Weavile|19\/100|[from] item: Rocky Helmet|[of] p2a: Akuma\n|-resisted|p2a: Akuma\n|-damage|p2a: Akuma|49\/100\n|-damage|p1a: Weavile|3\/100|[from] item: Rocky Helmet|[of] p2a: Akuma\n|-hitcount|p2a: Akuma|2\n|\n|upkeep\n|turn|8\n|\n|t:|1698874886\n|move|p1a: Weavile|Triple Axel|p2a: Akuma\n|-resisted|p2a: Akuma\n|-damage|p2a: Akuma|31\/100\n|-damage|p1a: Weavile|0 fnt|[from] item: Rocky Helmet|[of] p2a: Akuma\n|faint|p1a: Weavile\n|-hitcount|p2a: Akuma|1\n|move|p2a: Akuma|Flame Charge|p1: Weavile|[notarget]\n|-fail|p2a: Akuma\n|\n|upkeep\n|\n|t:|1698874907\n|switch|p1a: Absol|Absol, L60, F|100\/100\n|-damage|p1a: Absol|88\/100|[from] Stealth Rock\n|-ability|p1a: Absol|Pressure\n|turn|9\n|\n|t:|1698874917\n|detailschange|p1a: Absol|Absol-Mega, L60, F\n|-mega|p1a: Absol|Absol|Absolite\n|move|p1a: Absol|Knock Off|p2a: Akuma\n|-resisted|p2a: Akuma\n|-damage|p2a: Akuma|0 fnt\n|-damage|p1a: Absol|72\/100|[from] item: Rocky Helmet|[of] p2a: Akuma\n|-enditem|p2a: Akuma|Rocky Helmet|[from] move: Knock Off|[of] p1a: Absol\n|faint|p2a: Akuma\n|\n|upkeep\n|\n|t:|1698874925\n|switch|p2a: Lunny|Lopunny, L60, F, shiny|100\/100\n|turn|10\n|\n|t:|1698874933\n|detailschange|p2a: Lunny|Lopunny-Mega, L60, F, shiny\n|-mega|p2a: Lunny|Lopunny|Lopunnite\n|move|p2a: Lunny|Fake Out|p1a: Absol\n|-damage|p1a: Absol|30\/100\n|cant|p1a: Absol|flinch\n|\n|upkeep\n|turn|11\n|\n|t:|1698874944\n|move|p2a: Lunny|Quick Attack|p1a: Absol\n|-damage|p1a: Absol|0 fnt\n|faint|p1a: Absol\n|\n|upkeep\n|\n|t:|1698874953\n|switch|p1a: Darkrai|Darkrai, L60|100\/100\n|-damage|p1a: Darkrai|88\/100|[from] Stealth Rock\n|turn|12\n|\n|t:|1698874960\n|move|p1a: Darkrai|Focus Blast|p2a: Lunny\n|-supereffective|p2a: Lunny\n|-damage|p2a: Lunny|2\/100\n|move|p2a: Lunny|Drain Punch|p1a: Darkrai\n|-supereffective|p1a: Darkrai\n|-damage|p1a: Darkrai|0 fnt\n|-heal|p2a: Lunny|44\/100|[from] drain|[of] p1a: Darkrai\n|replace|p1a: Zoroark|Zoroark, L60, F\n|-end|p1a: Zoroark|Illusion\n|faint|p1a: Zoroark\n|\n|upkeep\n|\n|t:|1698874969\n|switch|p1a: Umbreon|Umbreon, L60, M|77\/100 tox\n|-damage|p1a: Umbreon|65\/100 tox|[from] Stealth Rock\n|turn|13\n|\n|t:|1698874974\n|move|p2a: Lunny|Drain Punch|p1a: Umbreon\n|-supereffective|p1a: Umbreon\n|-damage|p1a: Umbreon|0 fnt\n|-heal|p2a: Lunny|91\/100|[from] drain|[of] p1a: Umbreon\n|faint|p1a: Umbreon\n|\n|upkeep\n|\n|t:|1698874984\n|switch|p1a: Greninja|Greninja, L65, F, shiny|100\/100\n|-damage|p1a: Greninja|88\/100|[from] Stealth Rock\n|turn|14\n|\n|t:|1698874989\n|move|p1a: Greninja|Scald|p2a: Lunny\n|-start|p1a: Greninja|typechange|Water|[from] ability: Protean\n|-damage|p2a: Lunny|17\/100\n|-status|p2a: Lunny|brn\n|-damage|p1a: Greninja|79\/100|[from] item: Life Orb\n|move|p2a: Lunny|Drain Punch|p1a: Greninja\n|-damage|p1a: Greninja|50\/100\n|-heal|p2a: Lunny|34\/100 brn|[from] drain|[of] p1a: Greninja\n|\n|-damage|p2a: Lunny|28\/100 brn|[from] brn\n|upkeep\n|turn|15\n|\n|t:|1698875001\n|switch|p2a: Wash|Rotom-Wash, L55|100\/100\n|move|p1a: Greninja|Scald|p2a: Wash\n|-resisted|p2a: Wash\n|-damage|p2a: Wash|55\/100\n|-damage|p1a: Greninja|40\/100|[from] item: Life Orb\n|\n|-heal|p2a: Wash|61\/100|[from] item: Leftovers\n|upkeep\n|turn|16\n|\n|t:|1698875009\n|switch|p1a: Darkrai|Darkrai, L55|100\/100\n|-damage|p1a: Darkrai|89\/100|[from] Stealth Rock\n|move|p2a: Wash|Thunder Wave|p1a: Darkrai\n|-status|p1a: Darkrai|par\n|\n|-heal|p2a: Wash|67\/100|[from] item: Leftovers\n|upkeep\n|turn|17\n|\n|t:|1698875015\n|move|p2a: Wash|Thunderbolt|p1a: Darkrai\n|-damage|p1a: Darkrai|30\/100 par\n|move|p1a: Darkrai|Dark Pulse|p2a: Wash\n|-damage|p2a: Wash|0 fnt\n|faint|p2a: Wash\n|-damage|p1a: Darkrai|21\/100 par|[from] item: Life Orb\n|\n|upkeep\n|\n|t:|1698875021\n|switch|p2a: Lunny|Lopunny-Mega, L60, F, shiny|28\/100 brn\n|turn|18\n|\n|t:|1698875026\n|move|p2a: Lunny|Drain Punch|p1a: Darkrai\n|-supereffective|p1a: Darkrai\n|-damage|p1a: Darkrai|0 fnt\n|-heal|p2a: Lunny|37\/100 brn|[from] drain|[of] p1a: Darkrai\n|faint|p1a: Darkrai\n|\n|-damage|p2a: Lunny|31\/100 brn|[from] brn\n|upkeep\n|\n|t:|1698875029\n|switch|p1a: Greninja|Greninja, L65, F, shiny|40\/100\n|-damage|p1a: Greninja|28\/100|[from] Stealth Rock\n|turn|19\n|\n|t:|1698875035\n|move|p2a: Lunny|Quick Attack|p1a: Greninja\n|-damage|p1a: Greninja|13\/100\n|move|p1a: Greninja|Ice Beam|p2a: Lunny\n|-start|p1a: Greninja|typechange|Ice|[from] ability: Protean\n|-damage|p2a: Lunny|0 fnt\n|faint|p2a: Lunny\n|-damage|p1a: Greninja|3\/100|[from] item: Life Orb\n|\n|upkeep\n|c|\u2606eloy18|gg\n|\n|t:|1698875046\n|switch|p2a: Dengo|Gholdengo, L55|100\/100\n|turn|20\n|\n|t:|1698875050\n|move|p1a: Greninja|Dark Pulse|p2a: Dengo\n|-supereffective|p2a: Dengo\n|-damage|p2a: Dengo|0 fnt\n|faint|p2a: Dengo\n|-damage|p1a: Greninja|0 fnt|[from] item: Life Orb\n|faint|p1a: Greninja\n|\n|win|blancasofia\n","uploadtime":1698875058,"views":9,"p1id":"eloy18","p2id":"blancasofia","formatid":"gen9nationaldexubers","rating":0,"private":0,"password":""}