{"id":"gen9nationaldexubers-1986050751","p1":"Mudseph03","p2":"PaxNero","format":"[Gen 9] National Dex Ubers","log":"|j|\u2606Mudseph03\n|j|\u2606PaxNero\n|t:|1699444054\n|gametype|singles\n|player|p1|Mudseph03|red|1184\n|player|p2|PaxNero|bugcatcher-gen4dp|1266\n|teamsize|p1|6\n|teamsize|p2|6\n|gen|9\n|tier|[Gen 9] National Dex Ubers\n|rated|\n|rule|HP Percentage Mod: HP is shown in percentages\n|rule|Endless Battle Clause: Forcing endless battles is banned\n|rule|OHKO Clause: OHKO moves are banned\n|rule|Evasion Moves Clause: Evasion moves are banned\n|rule|Evasion Items Clause: Evasion items are banned\n|rule|Species Clause: Limit one of each Pok\u00e9mon\n|rule|Sleep Clause Mod: Limit one foe put to sleep\n|rule|Mega Rayquaza Clause: You cannot mega evolve Rayquaza\n|clearpoke\n|poke|p1|Dragapult, M|\n|poke|p1|Kartana|\n|poke|p1|Aegislash, M|\n|poke|p1|Quagsire, M|\n|poke|p1|Heatran, M|\n|poke|p1|Togekiss, F|\n|poke|p2|Zacian-*|\n|poke|p2|Houndoom, F|\n|poke|p2|Boltund, M|\n|poke|p2|Houndstone, M|\n|poke|p2|Ninetales-Alola, M|\n|poke|p2|Shaymin-Sky|\n|teampreview\n|c|\u2606PaxNero|hi\n|\n|t:|1699444064\n|start\n|switch|p1a: Puyolsire|Quagsire, M|100\/100\n|switch|p2a: Shiron|Ninetales-Alola, M, shiny|100\/100\n|-weather|Snow|[from] ability: Snow Warning|[of] p2a: Shiron\n|turn|1\n|\n|t:|1699444073\n|switch|p1a: Christran|Heatran, M|100\/100\n|move|p2a: Shiron|Freeze-Dry|p1a: Christran\n|-resisted|p1a: Christran\n|-damage|p1a: Christran|98\/100\n|\n|-weather|Snow|[upkeep]\n|upkeep\n|turn|2\n|\n|t:|1699444081\n|switch|p2a: Gabe|Houndstone, M, shiny|100\/100\n|move|p1a: Christran|Flash Cannon|p2a: Gabe\n|-damage|p2a: Gabe|51\/100\n|\n|-weather|Snow|[upkeep]\n|-heal|p2a: Gabe|57\/100|[from] item: Leftovers\n|upkeep\n|turn|3\n|\n|t:|1699444091\n|switch|p1a: Puyolsire|Quagsire, M|100\/100\n|move|p2a: Gabe|Stomping Tantrum|p1a: Puyolsire\n|-damage|p1a: Puyolsire|84\/100\n|\n|-weather|Snow|[upkeep]\n|-heal|p2a: Gabe|63\/100|[from] item: Leftovers\n|-heal|p1a: Puyolsire|91\/100|[from] item: Leftovers\n|upkeep\n|turn|4\n|\n|t:|1699444099\n|move|p2a: Gabe|Will-O-Wisp|p1a: Puyolsire\n|-status|p1a: Puyolsire|brn\n|move|p1a: Puyolsire|Toxic|p2a: Gabe\n|-status|p2a: Gabe|tox\n|\n|-weather|Snow|[upkeep]\n|-heal|p2a: Gabe|69\/100 tox|[from] item: Leftovers\n|-heal|p1a: Puyolsire|97\/100 brn|[from] item: Leftovers\n|-damage|p2a: Gabe|63\/100 tox|[from] psn\n|-damage|p1a: Puyolsire|91\/100 brn|[from] brn\n|upkeep\n|turn|5\n|\n|t:|1699444106\n|switch|p2a: Shiron|Ninetales-Alola, M, shiny|100\/100\n|move|p1a: Puyolsire|Spikes|p2a: Shiron\n|-sidestart|p2: PaxNero|Spikes\n|\n|-weather|none\n|-heal|p1a: Puyolsire|97\/100 brn|[from] item: Leftovers\n|-damage|p1a: Puyolsire|91\/100 brn|[from] brn\n|upkeep\n|turn|6\n|\n|t:|1699444113\n|switch|p2a: Gabe|Houndstone, M, shiny|63\/100 tox\n|-damage|p2a: Gabe|51\/100 tox|[from] Spikes\n|switch|p1a: Christran|Heatran, M|98\/100\n|\n|-heal|p2a: Gabe|57\/100 tox|[from] item: Leftovers\n|-damage|p2a: Gabe|51\/100 tox|[from] psn\n|upkeep\n|turn|7\n|\n|t:|1699444123\n|switch|p1a: Puyolsire|Quagsire, M|91\/100 brn\n|move|p2a: Gabe|Last Respects|p1a: Puyolsire\n|-damage|p1a: Puyolsire|74\/100 brn\n|\n|-heal|p2a: Gabe|57\/100 tox|[from] item: Leftovers\n|-heal|p1a: Puyolsire|80\/100 brn|[from] item: Leftovers\n|-damage|p2a: Gabe|45\/100 tox|[from] psn\n|-damage|p1a: Puyolsire|74\/100 brn|[from] brn\n|upkeep\n|turn|8\n|\n|t:|1699444129\n|switch|p2a: Damian|Shaymin-Sky, shiny|100\/100\n|move|p1a: Puyolsire|Spikes|p2a: Damian\n|-sidestart|p2: PaxNero|Spikes\n|\n|-heal|p1a: Puyolsire|80\/100 brn|[from] item: Leftovers\n|-damage|p1a: Puyolsire|74\/100 brn|[from] brn\n|upkeep\n|turn|9\n|\n|t:|1699444137\n|switch|p1a: Saiko no Hero|Aegislash, M|100\/100\n|move|p2a: Damian|Earth Power|p1a: Saiko no Hero\n|-supereffective|p1a: Saiko no Hero\n|-damage|p1a: Saiko no Hero|50\/100\n|\n|upkeep\n|turn|10\n|\n|t:|1699444146\n|switch|p1a: Togefeits|Togekiss, F|100\/100\n|move|p2a: Damian|Earth Power|p1a: Togefeits\n|-immune|p1a: Togefeits\n|\n|upkeep\n|turn|11\n|\n|t:|1699444154\n|switch|p2a: Gabe|Houndstone, M, shiny|45\/100 tox\n|-damage|p2a: Gabe|28\/100 tox|[from] Spikes\n|move|p1a: Togefeits|Thunder Wave||[still]\n|-fail|p1a: Togefeits\n|\n|-heal|p2a: Gabe|34\/100 tox|[from] item: Leftovers\n|-damage|p2a: Gabe|28\/100 tox|[from] psn\n|upkeep\n|turn|12\n|\n|t:|1699444165\n|switch|p1a: Puyolsire|Quagsire, M|74\/100 brn\n|move|p2a: Gabe|Destiny Bond|p2a: Gabe\n|-singlemove|p2a: Gabe|Destiny Bond\n|\n|-heal|p2a: Gabe|34\/100 tox|[from] item: Leftovers\n|-heal|p1a: Puyolsire|80\/100 brn|[from] item: Leftovers\n|-damage|p2a: Gabe|22\/100 tox|[from] psn\n|-damage|p1a: Puyolsire|74\/100 brn|[from] brn\n|upkeep\n|turn|13\n|\n|t:|1699444174\n|move|p2a: Gabe|Stomping Tantrum|p1a: Puyolsire\n|-damage|p1a: Puyolsire|57\/100 brn\n|move|p1a: Puyolsire|Spikes|p2a: Gabe\n|-sidestart|p2: PaxNero|Spikes\n|\n|-heal|p2a: Gabe|28\/100 tox|[from] item: Leftovers\n|-heal|p1a: Puyolsire|63\/100 brn|[from] item: Leftovers\n|-damage|p2a: Gabe|10\/100 tox|[from] psn\n|-damage|p1a: Puyolsire|57\/100 brn|[from] brn\n|upkeep\n|turn|14\n|\n|t:|1699444183\n|move|p2a: Gabe|Destiny Bond|p2a: Gabe\n|-singlemove|p2a: Gabe|Destiny Bond\n|move|p1a: Puyolsire|Recover|p1a: Puyolsire\n|-heal|p1a: Puyolsire|100\/100 brn\n|\n|-heal|p2a: Gabe|16\/100 tox|[from] item: Leftovers\n|-damage|p2a: Gabe|0 fnt|[from] psn\n|faint|p2a: Gabe\n|-damage|p1a: Puyolsire|94\/100 brn|[from] brn\n|upkeep\n|\n|t:|1699444190\n|switch|p2a: Damian|Shaymin-Sky, shiny|100\/100\n|turn|15\n|\n|t:|1699444197\n|switch|p1a: Togefeits|Togekiss, F|100\/100\n|move|p2a: Damian|Energy Ball|p1a: Togefeits\n|-resisted|p1a: Togefeits\n|-damage|p1a: Togefeits|81\/100\n|\n|upkeep\n|turn|16\n|\n|t:|1699444205\n|switch|p2a: Shiron|Ninetales-Alola, M, shiny|100\/100\n|-damage|p2a: Shiron|76\/100|[from] Spikes\n|-weather|Snow|[from] ability: Snow Warning|[of] p2a: Shiron\n|move|p1a: Togefeits|Thunder Wave|p2a: Shiron\n|-status|p2a: Shiron|par\n|\n|-weather|Snow|[upkeep]\n|upkeep\n|turn|17\n|\n|t:|1699444217\n|switch|p1a: Christran|Heatran, M|98\/100\n|cant|p2a: Shiron|par\n|\n|-weather|Snow|[upkeep]\n|upkeep\n|turn|18\n|\n|t:|1699444226\n|switch|p2a: Karenn|Houndoom, F, shiny|100\/100\n|-damage|p2a: Karenn|76\/100|[from] Spikes\n|move|p1a: Christran|Magma Storm|p2a: Karenn\n|-start|p2a: Karenn|ability: Flash Fire\n|\n|-weather|Snow|[upkeep]\n|upkeep\n|turn|19\n|\n|t:|1699444235\n|move|p2a: Karenn|Dark Pulse|p1a: Christran\n|-damage|p1a: Christran|82\/100\n|move|p1a: Christran|Earth Power|p2a: Karenn\n|-supereffective|p2a: Karenn\n|-damage|p2a: Karenn|0 fnt\n|faint|p2a: Karenn\n|\n|-weather|Snow|[upkeep]\n|upkeep\n|\n|t:|1699444243\n|switch|p2a: Damian|Shaymin-Sky, shiny|100\/100\n|turn|20\n|\n|t:|1699444248\n|move|p2a: Damian|Earth Power|p1a: Christran\n|-supereffective|p1a: Christran\n|-damage|p1a: Christran|31\/100\n|move|p1a: Christran|Magma Storm|p2a: Damian|[miss]\n|-miss|p1a: Christran|p2a: Damian\n|\n|-weather|none\n|upkeep\n|turn|21\n|\n|t:|1699444256\n|-terastallize|p1a: Christran|Grass\n|move|p2a: Damian|Earth Power|p1a: Christran\n|-resisted|p1a: Christran\n|-damage|p1a: Christran|25\/100\n|move|p1a: Christran|Magma Storm|p2a: Damian\n|-supereffective|p2a: Damian\n|-damage|p2a: Damian|0 fnt\n|faint|p2a: Damian\n|\n|upkeep\n|\n|t:|1699444265\n|switch|p2a: Bolt|Boltund, M, shiny|100\/100\n|-damage|p2a: Bolt|76\/100|[from] Spikes\n|turn|22\n|\n|t:|1699444272\n|switch|p1a: Puyolsire|Quagsire, M|94\/100 brn\n|move|p2a: Bolt|Crunch|p1a: Puyolsire\n|-damage|p1a: Puyolsire|73\/100 brn\n|\n|-heal|p1a: Puyolsire|79\/100 brn|[from] item: Leftovers\n|-damage|p1a: Puyolsire|73\/100 brn|[from] brn\n|upkeep\n|turn|23\n|\n|t:|1699444279\n|move|p2a: Bolt|Crunch|p1a: Puyolsire\n|-damage|p1a: Puyolsire|49\/100 brn\n|move|p1a: Puyolsire|Toxic|p2a: Bolt\n|-status|p2a: Bolt|tox\n|\n|-heal|p1a: Puyolsire|56\/100 brn|[from] item: Leftovers\n|-damage|p2a: Bolt|70\/100 tox|[from] psn\n|-damage|p1a: Puyolsire|49\/100 brn|[from] brn\n|upkeep\n|turn|24\n|\n|t:|1699444285\n|move|p2a: Bolt|Crunch|p1a: Puyolsire\n|-damage|p1a: Puyolsire|27\/100 brn\n|move|p1a: Puyolsire|Recover|p1a: Puyolsire\n|-heal|p1a: Puyolsire|77\/100 brn\n|\n|-heal|p1a: Puyolsire|83\/100 brn|[from] item: Leftovers\n|-damage|p2a: Bolt|57\/100 tox|[from] psn\n|-damage|p1a: Puyolsire|77\/100 brn|[from] brn\n|upkeep\n|turn|25\n|\n|t:|1699444318\n|switch|p2a: Shiron|Ninetales-Alola, M, shiny|76\/100 par\n|-damage|p2a: Shiron|51\/100 par|[from] Spikes\n|-weather|Snow|[from] ability: Snow Warning|[of] p2a: Shiron\n|switch|p1a: Saiko no Hero|Aegislash, M|50\/100\n|\n|-weather|Snow|[upkeep]\n|upkeep\n|turn|26\n|\n|t:|1699444326\n|switch|p2a: Bolt|Boltund, M, shiny|57\/100 tox\n|-damage|p2a: Bolt|33\/100 tox|[from] Spikes\n|-formechange|p1a: Saiko no Hero|Aegislash-Blade||[from] ability: Stance Change\n|move|p1a: Saiko no Hero|Gyro Ball|p2a: Bolt\n|-resisted|p2a: Bolt\n|-damage|p2a: Bolt|0 fnt\n|faint|p2a: Bolt\n|\n|-weather|Snow|[upkeep]\n|upkeep\n|\n|t:|1699444334\n|switch|p2a: CompsDestroyer|Zacian-Crowned, shiny|100\/100\n|-damage|p2a: CompsDestroyer|76\/100|[from] Spikes\n|-ability|p2a: CompsDestroyer|Intrepid Sword|boost\n|-boost|p2a: CompsDestroyer|atk|1\n|turn|27\n|\n|t:|1699444342\n|-formechange|p1a: Saiko no Hero|Aegislash||[from] ability: Stance Change\n|move|p1a: Saiko no Hero|King's Shield|p1a: Saiko no Hero\n|-singleturn|p1a: Saiko no Hero|Protect\n|move|p2a: CompsDestroyer|Swords Dance|p2a: CompsDestroyer\n|-boost|p2a: CompsDestroyer|atk|2\n|\n|-weather|Snow|[upkeep]\n|upkeep\n|turn|28\n|\n|t:|1699444354\n|move|p2a: CompsDestroyer|Behemoth Blade|p1a: Saiko no Hero\n|-resisted|p1a: Saiko no Hero\n|-damage|p1a: Saiko no Hero|0 fnt\n|faint|p1a: Saiko no Hero\n|\n|-weather|Snow|[upkeep]\n|upkeep\n|\n|t:|1699444358\n|switch|p1a: Puyolsire|Quagsire, M|77\/100 brn\n|turn|29\n|\n|t:|1699444362\n|move|p2a: CompsDestroyer|Sacred Sword|p1a: Puyolsire\n|-damage|p1a: Puyolsire|52\/100 brn\n|move|p1a: Puyolsire|Earthquake|p2a: CompsDestroyer\n|-supereffective|p2a: CompsDestroyer\n|-damage|p2a: CompsDestroyer|47\/100\n|\n|-weather|none\n|-heal|p1a: Puyolsire|59\/100 brn|[from] item: Leftovers\n|-damage|p1a: Puyolsire|52\/100 brn|[from] brn\n|upkeep\n|turn|30\n|\n|t:|1699444369\n|-terastallize|p2a: CompsDestroyer|Fighting\n|move|p2a: CompsDestroyer|Sacred Sword|p1a: Puyolsire\n|-damage|p1a: Puyolsire|15\/100 brn\n|move|p1a: Puyolsire|Recover|p1a: Puyolsire\n|-heal|p1a: Puyolsire|65\/100 brn\n|\n|-heal|p1a: Puyolsire|71\/100 brn|[from] item: Leftovers\n|-damage|p1a: Puyolsire|65\/100 brn|[from] brn\n|upkeep\n|turn|31\n|\n|t:|1699444378\n|move|p2a: CompsDestroyer|Sacred Sword|p1a: Puyolsire\n|-damage|p1a: Puyolsire|26\/100 brn\n|move|p1a: Puyolsire|Recover|p1a: Puyolsire\n|-heal|p1a: Puyolsire|76\/100 brn\n|\n|-heal|p1a: Puyolsire|83\/100 brn|[from] item: Leftovers\n|-damage|p1a: Puyolsire|76\/100 brn|[from] brn\n|upkeep\n|turn|32\n|\n|t:|1699444400\n|move|p2a: CompsDestroyer|Swords Dance|p2a: CompsDestroyer\n|-boost|p2a: CompsDestroyer|atk|2\n|move|p1a: Puyolsire|Toxic|p2a: CompsDestroyer\n|-status|p2a: CompsDestroyer|tox\n|\n|-heal|p1a: Puyolsire|83\/100 brn|[from] item: Leftovers\n|-damage|p2a: CompsDestroyer|41\/100 tox|[from] psn\n|-damage|p1a: Puyolsire|76\/100 brn|[from] brn\n|upkeep\n|turn|33\n|\n|t:|1699444407\n|move|p2a: CompsDestroyer|Sacred Sword|p1a: Puyolsire\n|-damage|p1a: Puyolsire|40\/100 brn\n|move|p1a: Puyolsire|Earthquake|p2a: CompsDestroyer\n|-damage|p2a: CompsDestroyer|27\/100 tox\n|\n|-heal|p1a: Puyolsire|46\/100 brn|[from] item: Leftovers\n|-damage|p2a: CompsDestroyer|14\/100 tox|[from] psn\n|-damage|p1a: Puyolsire|40\/100 brn|[from] brn\n|upkeep\n|turn|34\n|\n|t:|1699444417\n|move|p2a: CompsDestroyer|Sacred Sword|p1a: Puyolsire\n|-damage|p1a: Puyolsire|3\/100 brn\n|move|p1a: Puyolsire|Recover|p1a: Puyolsire\n|-heal|p1a: Puyolsire|53\/100 brn\n|\n|-heal|p1a: Puyolsire|60\/100 brn|[from] item: Leftovers\n|-damage|p2a: CompsDestroyer|0 fnt|[from] psn\n|faint|p2a: CompsDestroyer\n|-damage|p1a: Puyolsire|53\/100 brn|[from] brn\n|upkeep\n|\n|t:|1699444422\n|switch|p2a: Shiron|Ninetales-Alola, M, shiny|51\/100 par\n|-damage|p2a: Shiron|26\/100 par|[from] Spikes\n|-weather|Snow|[from] ability: Snow Warning|[of] p2a: Shiron\n|turn|35\n|\n|t:|1699444428\n|move|p2a: Shiron|Freeze-Dry|p1a: Puyolsire\n|-supereffective|p1a: Puyolsire\n|-damage|p1a: Puyolsire|0 fnt\n|faint|p1a: Puyolsire\n|\n|-weather|Snow|[upkeep]\n|upkeep\n|\n|t:|1699444432\n|switch|p1a: Draga-sama|Dragapult, M|100\/100\n|turn|36\n|\n|t:|1699444436\n|move|p1a: Draga-sama|Hex|p2a: Shiron\n|-damage|p2a: Shiron|0 fnt\n|faint|p2a: Shiron\n|\n|win|Mudseph03\n|raw|Mudseph03's rating: 1184 &rarr; <strong>1215<\/strong><br \/>(+31 for winning)\n|raw|PaxNero's rating: 1266 &rarr; <strong>1235<\/strong><br \/>(-31 for losing)\n|c|\u2606Mudseph03|Gg\n|l|\u2606PaxNero\n","uploadtime":1699444455,"views":7,"p1id":"mudseph03","p2id":"paxnero","formatid":"gen9nationaldexubers","rating":1215,"private":0,"password":""}