{"id":"gen9nationaldexubers-1993434162","p1":"hyrz95","p2":"Go Birds EAGLES","format":"[Gen 9] National Dex Ubers","log":"|j|\u2606hyrz95\n|j|\u2606Go Birds EAGLES\n|t:|1700317403\n|gametype|singles\n|player|p1|hyrz95|265|1483\n|player|p2|Go Birds EAGLES|hanbei-conquest|1545\n|teamsize|p1|6\n|teamsize|p2|6\n|gen|9\n|tier|[Gen 9] National Dex Ubers\n|rated|\n|rule|HP Percentage Mod: HP is shown in percentages\n|rule|Endless Battle Clause: Forcing endless battles is banned\n|rule|OHKO Clause: OHKO moves are banned\n|rule|Evasion Moves Clause: Evasion moves are banned\n|rule|Evasion Items Clause: Evasion items are banned\n|rule|Species Clause: Limit one of each Pok\u00e9mon\n|rule|Sleep Clause Mod: Limit one foe put to sleep\n|rule|Mega Rayquaza Clause: You cannot mega evolve Rayquaza\n|clearpoke\n|poke|p1|Buzzwole|\n|poke|p1|Groudon|\n|poke|p1|Zygarde|\n|poke|p1|Arceus-Water|\n|poke|p1|Xerneas-*|\n|poke|p1|Zacian-*|\n|poke|p2|Mewtwo|\n|poke|p2|Ho-Oh|\n|poke|p2|Eternatus|\n|poke|p2|Dondozo, F|\n|poke|p2|Yveltal|\n|poke|p2|Groudon|\n|teampreview\n|inactive|Battle timer is ON: inactive players will automatically lose when time's up. (requested by Go Birds EAGLES)\n|\n|t:|1700317417\n|start\n|switch|p1a: Groudon|Groudon|100\/100\n|switch|p2a: Yveltal|Yveltal|100\/100\n|-ability|p2a: Yveltal|Dark Aura\n|detailschange|p1a: Groudon|Groudon-Primal\n|-primal|p1a: Groudon|Red Orb\n|-weather|DesolateLand|[from] ability: Desolate Land|[of] p1a: Groudon\n|turn|1\n|\n|t:|1700317432\n|move|p2a: Yveltal|Foul Play|p1a: Groudon\n|-damage|p1a: Groudon|44\/100\n|move|p1a: Groudon|Heat Crash|p2a: Yveltal\n|-damage|p2a: Yveltal|34\/100\n|\n|-weather|DesolateLand|[upkeep]\n|upkeep\n|turn|2\n|\n|t:|1700317440\n|-weather|none\n|switch|p1a: Xerneas|Xerneas|100\/100\n|-ability|p1a: Xerneas|Fairy Aura\n|move|p2a: Yveltal|Foul Play|p1a: Xerneas\n|-resisted|p1a: Xerneas\n|-damage|p1a: Xerneas|78\/100\n|\n|upkeep\n|turn|3\n|\n|t:|1700317453\n|move|p1a: Xerneas|Rock Slide|p2a: Yveltal\n|-supereffective|p2a: Yveltal\n|-damage|p2a: Yveltal|6\/100\n|cant|p2a: Yveltal|flinch\n|\n|upkeep\n|turn|4\n|\n|t:|1700317461\n|switch|p2a: Eternatus|Eternatus|100\/100\n|-ability|p2a: Eternatus|Pressure\n|move|p1a: Xerneas|Rock Slide|p2a: Eternatus|[miss]\n|-miss|p1a: Xerneas|p2a: Eternatus\n|\n|upkeep\n|turn|5\n|\n|t:|1700317475\n|switch|p1a: Zacian|Zacian-Crowned|100\/100\n|-ability|p1a: Zacian|Intrepid Sword|boost\n|-boost|p1a: Zacian|atk|1\n|move|p2a: Eternatus|Toxic Spikes|p1a: Zacian\n|-sidestart|p1: hyrz95|move: Toxic Spikes\n|\n|upkeep\n|turn|6\n|\n|t:|1700317487\n|move|p1a: Zacian|Behemoth Blade|p2a: Eternatus\n|-damage|p2a: Eternatus|31\/100\n|move|p2a: Eternatus|Toxic Spikes|p1a: Zacian\n|-sidestart|p1: hyrz95|move: Toxic Spikes\n|\n|-heal|p2a: Eternatus|37\/100|[from] item: Leftovers\n|upkeep\n|turn|7\n|\n|t:|1700317499\n|switch|p2a: Creamsicle Molly|Dondozo, F, shiny|100\/100\n|move|p1a: Zacian|Behemoth Blade|p2a: Creamsicle Molly\n|-resisted|p2a: Creamsicle Molly\n|-damage|p2a: Creamsicle Molly|89\/100\n|\n|-heal|p2a: Creamsicle Molly|95\/100|[from] item: Leftovers\n|upkeep\n|turn|8\n|\n|t:|1700317513\n|switch|p1a: Groudon|Groudon-Primal|44\/100\n|-status|p1a: Groudon|tox\n|-weather|DesolateLand|[from] ability: Desolate Land|[of] p1a: Groudon\n|move|p2a: Creamsicle Molly|Earthquake|p1a: Groudon\n|-supereffective|p1a: Groudon\n|-damage|p1a: Groudon|10\/100 tox\n|\n|-weather|DesolateLand|[upkeep]\n|-heal|p2a: Creamsicle Molly|100\/100|[from] item: Leftovers\n|-damage|p1a: Groudon|4\/100 tox|[from] psn\n|upkeep\n|turn|9\n|\n|t:|1700317532\n|move|p1a: Groudon|Stealth Rock|p2a: Creamsicle Molly\n|-sidestart|p2: Go Birds EAGLES|move: Stealth Rock\n|move|p2a: Creamsicle Molly|Earthquake|p1a: Groudon\n|-supereffective|p1a: Groudon\n|-damage|p1a: Groudon|0 fnt\n|faint|p1a: Groudon\n|-weather|none\n|\n|upkeep\n|\n|t:|1700317543\n|switch|p1a: Xerneas|Xerneas|78\/100\n|-status|p1a: Xerneas|tox\n|-ability|p1a: Xerneas|Fairy Aura\n|turn|10\n|\n|t:|1700317556\n|switch|p2a: Beat BobbyFlay|Groudon|100\/100\n|-damage|p2a: Beat BobbyFlay|94\/100|[from] Stealth Rock\n|detailschange|p2a: Beat BobbyFlay|Groudon-Primal\n|-primal|p2a: Beat BobbyFlay|Red Orb\n|-weather|DesolateLand|[from] ability: Desolate Land|[of] p2a: Beat BobbyFlay\n|move|p1a: Xerneas|Moonblast|p2a: Beat BobbyFlay\n|-resisted|p2a: Beat BobbyFlay\n|-damage|p2a: Beat BobbyFlay|61\/100\n|\n|-weather|DesolateLand|[upkeep]\n|-damage|p1a: Xerneas|72\/100 tox|[from] psn\n|upkeep\n|turn|11\n|\n|t:|1700317574\n|switch|p1a: Arceus|Arceus-Water|100\/100\n|-status|p1a: Arceus|tox\n|move|p2a: Beat BobbyFlay|Precipice Blades|p1a: Arceus\n|-damage|p1a: Arceus|65\/100 tox\n|\n|-weather|DesolateLand|[upkeep]\n|-damage|p1a: Arceus|59\/100 tox|[from] psn\n|upkeep\n|turn|12\n|\n|t:|1700317587\n|-terastallize|p1a: Arceus|Poison\n|move|p2a: Beat BobbyFlay|Solar Beam||[still]\n|-prepare|p2a: Beat BobbyFlay|Solar Beam\n|-anim|p2a: Beat BobbyFlay|Solar Beam|p1a: Arceus\n|-resisted|p1a: Arceus\n|-damage|p1a: Arceus|43\/100 tox\n|move|p1a: Arceus|Toxic|p2a: Beat BobbyFlay\n|-status|p2a: Beat BobbyFlay|tox\n|\n|-weather|DesolateLand|[upkeep]\n|-damage|p2a: Beat BobbyFlay|55\/100 tox|[from] psn\n|-damage|p1a: Arceus|31\/100 tox|[from] psn\n|upkeep\n|turn|13\n|inactive|hyrz95 has 120 seconds left.\n|\n|t:|1700317606\n|switch|p1a: Buzzwole|Buzzwole|100\/100\n|-status|p1a: Buzzwole|tox\n|move|p2a: Beat BobbyFlay|Spikes|p1a: Buzzwole\n|-sidestart|p1: hyrz95|Spikes\n|\n|-weather|DesolateLand|[upkeep]\n|-damage|p2a: Beat BobbyFlay|43\/100 tox|[from] psn\n|-damage|p1a: Buzzwole|94\/100 tox|[from] psn\n|upkeep\n|turn|14\n|inactive|hyrz95 has 120 seconds left.\n|\n|t:|1700317618\n|switch|p1a: Arceus|Arceus-Water, tera:Poison|31\/100 tox\n|-sideend|p1: hyrz95|move: Toxic Spikes|[of] p1a: Arceus\n|-damage|p1a: Arceus|18\/100 tox|[from] Spikes\n|move|p2a: Beat BobbyFlay|Eruption|p1a: Arceus\n|-damage|p1a: Arceus|0 fnt\n|faint|p1a: Arceus\n|\n|-weather|DesolateLand|[upkeep]\n|-damage|p2a: Beat BobbyFlay|24\/100 tox|[from] psn\n|upkeep\n|inactive|hyrz95 has 120 seconds left.\n|\n|t:|1700317632\n|switch|p1a: Zygarde|Zygarde|100\/100\n|-damage|p1a: Zygarde|88\/100|[from] Spikes\n|-ability|p1a: Zygarde|Aura Break\n|turn|15\n|inactive|hyrz95 has 120 seconds left.\n|\n|t:|1700317639\n|-weather|none\n|switch|p2a: Ho-Oh|Ho-Oh|100\/100\n|move|p1a: Zygarde|Coil|p1a: Zygarde\n|-boost|p1a: Zygarde|atk|1\n|-boost|p1a: Zygarde|def|1\n|-boost|p1a: Zygarde|accuracy|1\n|\n|-heal|p1a: Zygarde|94\/100|[from] item: Leftovers\n|upkeep\n|turn|16\n|inactive|hyrz95 has 120 seconds left.\n|\n|t:|1700317650\n|move|p1a: Zygarde|Thousand Arrows|p2a: Ho-Oh\n|-damage|p2a: Ho-Oh|61\/100\n|-start|p2a: Ho-Oh|Smack Down\n|move|p2a: Ho-Oh|Toxic|p1a: Zygarde|[miss]\n|-miss|p2a: Ho-Oh|p1a: Zygarde\n|\n|-heal|p1a: Zygarde|99\/100|[from] item: Leftovers\n|upkeep\n|turn|17\n|inactive|hyrz95 has 120 seconds left.\n|\n|t:|1700317661\n|move|p1a: Zygarde|Thousand Arrows|p2a: Ho-Oh\n|-supereffective|p2a: Ho-Oh\n|-crit|p2a: Ho-Oh\n|-damage|p2a: Ho-Oh|0 fnt\n|faint|p2a: Ho-Oh\n|\n|-heal|p1a: Zygarde|100\/100|[from] item: Leftovers\n|upkeep\n|\n|t:|1700317665\n|switch|p2a: Creamsicle Molly|Dondozo, F, shiny|100\/100\n|-damage|p2a: Creamsicle Molly|88\/100|[from] Stealth Rock\n|turn|18\n|\n|t:|1700317675\n|move|p1a: Zygarde|Substitute|p1a: Zygarde\n|-start|p1a: Zygarde|Substitute\n|-damage|p1a: Zygarde|76\/100\n|move|p2a: Creamsicle Molly|Curse|p2a: Creamsicle Molly\n|-unboost|p2a: Creamsicle Molly|spe|1\n|-boost|p2a: Creamsicle Molly|atk|1\n|-boost|p2a: Creamsicle Molly|def|1\n|\n|-heal|p1a: Zygarde|82\/100|[from] item: Leftovers\n|-heal|p2a: Creamsicle Molly|94\/100|[from] item: Leftovers\n|upkeep\n|turn|19\n|\n|t:|1700317686\n|move|p1a: Zygarde|Thousand Arrows|p2a: Creamsicle Molly\n|-damage|p2a: Creamsicle Molly|81\/100\n|move|p2a: Creamsicle Molly|Waterfall|p1a: Zygarde\n|-crit|p1a: Zygarde\n|-end|p1a: Zygarde|Substitute\n|\n|-heal|p1a: Zygarde|88\/100|[from] item: Leftovers\n|-heal|p2a: Creamsicle Molly|87\/100|[from] item: Leftovers\n|upkeep\n|turn|20\n|\n|t:|1700317697\n|switch|p1a: Buzzwole|Buzzwole|94\/100 tox\n|-damage|p1a: Buzzwole|82\/100 tox|[from] Spikes\n|move|p2a: Creamsicle Molly|Waterfall|p1a: Buzzwole\n|-damage|p1a: Buzzwole|63\/100 tox\n|\n|-heal|p1a: Buzzwole|69\/100 tox|[from] item: Leftovers\n|-heal|p2a: Creamsicle Molly|93\/100|[from] item: Leftovers\n|-damage|p1a: Buzzwole|63\/100 tox|[from] psn\n|upkeep\n|turn|21\n|\n|t:|1700317711\n|switch|p2a: Eternatus|Eternatus|37\/100\n|-damage|p2a: Eternatus|25\/100|[from] Stealth Rock\n|-ability|p2a: Eternatus|Pressure\n|move|p1a: Buzzwole|Toxic|p2a: Eternatus\n|-immune|p2a: Eternatus\n|\n|-heal|p2a: Eternatus|31\/100|[from] item: Leftovers\n|-heal|p1a: Buzzwole|69\/100 tox|[from] item: Leftovers\n|-damage|p1a: Buzzwole|57\/100 tox|[from] psn\n|upkeep\n|turn|22\n|\n|t:|1700317726\n|switch|p1a: Zygarde|Zygarde|88\/100\n|-damage|p1a: Zygarde|75\/100|[from] Spikes\n|-ability|p1a: Zygarde|Aura Break\n|move|p2a: Eternatus|Flamethrower|p1a: Zygarde\n|-resisted|p1a: Zygarde\n|-damage|p1a: Zygarde|62\/100\n|\n|-heal|p2a: Eternatus|37\/100|[from] item: Leftovers\n|-heal|p1a: Zygarde|68\/100|[from] item: Leftovers\n|upkeep\n|turn|23\n|\n|t:|1700317739\n|move|p2a: Eternatus|Recover|p2a: Eternatus\n|-heal|p2a: Eternatus|87\/100\n|move|p1a: Zygarde|Thousand Arrows|p2a: Eternatus\n|-supereffective|p2a: Eternatus\n|-damage|p2a: Eternatus|28\/100\n|\n|-heal|p2a: Eternatus|35\/100|[from] item: Leftovers\n|-heal|p1a: Zygarde|74\/100|[from] item: Leftovers\n|upkeep\n|turn|24\n|\n|t:|1700317750\n|switch|p2a: Mewtwo|Mewtwo|100\/100\n|-damage|p2a: Mewtwo|88\/100|[from] Stealth Rock\n|-ability|p2a: Mewtwo|Pressure\n|move|p1a: Zygarde|Thousand Arrows|p2a: Mewtwo\n|-crit|p2a: Mewtwo\n|-damage|p2a: Mewtwo|23\/100\n|\n|-heal|p1a: Zygarde|80\/100|[from] item: Leftovers\n|upkeep\n|turn|25\n|\n|t:|1700317762\n|detailschange|p2a: Mewtwo|Mewtwo-Mega-Y\n|-mega|p2a: Mewtwo|Mewtwo|Mewtwonite Y\n|move|p1a: Zygarde|Extreme Speed|p2a: Mewtwo\n|-damage|p2a: Mewtwo|0 fnt\n|faint|p2a: Mewtwo\n|\n|-heal|p1a: Zygarde|87\/100|[from] item: Leftovers\n|upkeep\n|\n|t:|1700317772\n|switch|p2a: Creamsicle Molly|Dondozo, F, shiny|93\/100\n|-damage|p2a: Creamsicle Molly|81\/100|[from] Stealth Rock\n|turn|26\n|\n|t:|1700317781\n|switch|p1a: Xerneas|Xerneas|72\/100 tox\n|-damage|p1a: Xerneas|59\/100 tox|[from] Spikes\n|-ability|p1a: Xerneas|Fairy Aura\n|move|p2a: Creamsicle Molly|Curse|p2a: Creamsicle Molly\n|-unboost|p2a: Creamsicle Molly|spe|1\n|-boost|p2a: Creamsicle Molly|atk|1\n|-boost|p2a: Creamsicle Molly|def|1\n|\n|-heal|p2a: Creamsicle Molly|87\/100|[from] item: Leftovers\n|-damage|p1a: Xerneas|53\/100 tox|[from] psn\n|upkeep\n|turn|27\n|\n|t:|1700317800\n|move|p1a: Xerneas|Moonblast|p2a: Creamsicle Molly\n|-damage|p2a: Creamsicle Molly|28\/100\n|move|p2a: Creamsicle Molly|Waterfall|p1a: Xerneas\n|-damage|p1a: Xerneas|16\/100 tox\n|\n|-heal|p2a: Creamsicle Molly|35\/100|[from] item: Leftovers\n|-damage|p1a: Xerneas|4\/100 tox|[from] psn\n|upkeep\n|turn|28\n|\n|t:|1700317820\n|switch|p2a: Beat BobbyFlay|Groudon-Primal|24\/100 tox\n|-damage|p2a: Beat BobbyFlay|12\/100 tox|[from] Stealth Rock\n|-weather|DesolateLand|[from] ability: Desolate Land|[of] p2a: Beat BobbyFlay\n|move|p1a: Xerneas|Moonblast|p2a: Beat BobbyFlay\n|-resisted|p2a: Beat BobbyFlay\n|-damage|p2a: Beat BobbyFlay|0 fnt\n|faint|p2a: Beat BobbyFlay\n|-weather|none\n|\n|-damage|p1a: Xerneas|0 fnt|[from] psn\n|faint|p1a: Xerneas\n|upkeep\n|\n|t:|1700317836\n|switch|p1a: Zacian|Zacian-Crowned|100\/100\n|switch|p2a: Yveltal|Yveltal|6\/100\n|-damage|p1a: Zacian|88\/100|[from] Spikes\n|-ability|p2a: Yveltal|Dark Aura\n|turn|29\n|\n|t:|1700317845\n|move|p1a: Zacian|Behemoth Blade|p2a: Yveltal\n|-damage|p2a: Yveltal|0 fnt\n|faint|p2a: Yveltal\n|\n|upkeep\n|\n|t:|1700317848\n|switch|p2a: Creamsicle Molly|Dondozo, F, shiny|35\/100\n|-damage|p2a: Creamsicle Molly|22\/100|[from] Stealth Rock\n|turn|30\n|\n|t:|1700317862\n|move|p1a: Zacian|Wild Charge|p2a: Creamsicle Molly\n|-supereffective|p2a: Creamsicle Molly\n|-damage|p2a: Creamsicle Molly|0 fnt\n|faint|p2a: Creamsicle Molly\n|-damage|p1a: Zacian|80\/100|[from] Recoil\n|\n|upkeep\n|\n|t:|1700317867\n|switch|p2a: Eternatus|Eternatus|35\/100\n|-damage|p2a: Eternatus|22\/100|[from] Stealth Rock\n|-ability|p2a: Eternatus|Pressure\n|turn|31\n|\n|t:|1700317874\n|move|p1a: Zacian|Behemoth Blade|p2a: Eternatus\n|-damage|p2a: Eternatus|0 fnt\n|faint|p2a: Eternatus\n|\n|win|hyrz95\n|raw|hyrz95's rating: 1483 &rarr; <strong>1507<\/strong><br \/>(+24 for winning)\n|raw|Go Birds EAGLES's rating: 1545 &rarr; <strong>1521<\/strong><br \/>(-24 for losing)\n|l|\u2606Go Birds EAGLES\n","uploadtime":1700317900,"views":6,"p1id":"hyrz95","p2id":"gobirdseagles","formatid":"gen9nationaldexubers","rating":1507,"private":0,"password":""}