{"id":"gen9nationaldexubers-1989378786","p1":"TRIPLE RILABOOM","p2":"Herdsman41","format":"[Gen 9] National Dex Ubers","log":"|j|\u2606TRIPLE RILABOOM\n|j|\u2606Herdsman41\n|t:|1699842797\n|gametype|singles\n|player|p1|TRIPLE RILABOOM|169|1211\n|player|p2|Herdsman41|biker|1115\n|teamsize|p1|6\n|teamsize|p2|6\n|gen|9\n|tier|[Gen 9] National Dex Ubers\n|rated|\n|rule|HP Percentage Mod: HP is shown in percentages\n|rule|Endless Battle Clause: Forcing endless battles is banned\n|rule|OHKO Clause: OHKO moves are banned\n|rule|Evasion Moves Clause: Evasion moves are banned\n|rule|Evasion Items Clause: Evasion items are banned\n|rule|Species Clause: Limit one of each Pok\u00e9mon\n|rule|Sleep Clause Mod: Limit one foe put to sleep\n|rule|Mega Rayquaza Clause: You cannot mega evolve Rayquaza\n|clearpoke\n|poke|p1|Zarude|\n|poke|p1|Marshadow|\n|poke|p1|Galvantula, F|\n|poke|p1|Darmanitan-Galar, F|\n|poke|p1|Gholdengo|\n|poke|p1|Marowak-Alola, F|\n|poke|p2|Ferrothorn, M|\n|poke|p2|Jirachi|\n|poke|p2|Gliscor, F|\n|poke|p2|Naganadel|\n|poke|p2|Pelipper, F|\n|poke|p2|Poliwrath, M|\n|teampreview\n|\n|t:|1699842807\n|start\n|switch|p1a: Galvantula|Galvantula, F, shiny|100\/100\n|switch|p2a: Gliscor|Gliscor, F|100\/100\n|turn|1\n|\n|t:|1699842813\n|move|p1a: Galvantula|Sticky Web|p2a: Gliscor\n|-sidestart|p2: Herdsman41|move: Sticky Web\n|move|p2a: Gliscor|Earthquake|p1a: Galvantula\n|-damage|p1a: Galvantula|20\/100\n|\n|-status|p2a: Gliscor|tox|[from] item: Toxic Orb\n|upkeep\n|turn|2\n|\n|t:|1699842821\n|move|p2a: Gliscor|Quick Attack|p1a: Galvantula\n|-damage|p1a: Galvantula|0 fnt\n|faint|p1a: Galvantula\n|\n|upkeep\n|\n|t:|1699842837\n|switch|p1a: Darmanitan|Darmanitan-Galar, F|100\/100\n|turn|3\n|\n|t:|1699842841\n|move|p2a: Gliscor|Protect|p2a: Gliscor\n|-singleturn|p2a: Gliscor|Protect\n|move|p1a: Darmanitan|Substitute|p1a: Darmanitan\n|-start|p1a: Darmanitan|Substitute\n|-damage|p1a: Darmanitan|75\/100\n|\n|upkeep\n|turn|4\n|\n|t:|1699842850\n|switch|p2a: Pelipper|Pelipper, F|100\/100\n|-weather|RainDance|[from] ability: Drizzle|[of] p2a: Pelipper\n|move|p1a: Darmanitan|Belly Drum|p1a: Darmanitan\n|-damage|p1a: Darmanitan|25\/100\n|-setboost|p1a: Darmanitan|atk|6|[from] move: Belly Drum\n|-enditem|p1a: Darmanitan|Sitrus Berry|[eat]\n|-heal|p1a: Darmanitan|50\/100|[from] item: Sitrus Berry\n|\n|-weather|RainDance|[upkeep]\n|-formechange|p1a: Darmanitan|Darmanitan-Galar-Zen|\n|upkeep\n|turn|5\n|\n|t:|1699842870\n|move|p1a: Darmanitan|Icicle Crash|p2a: Pelipper\n|-damage|p2a: Pelipper|0 fnt\n|faint|p2a: Pelipper\n|\n|-weather|RainDance|[upkeep]\n|upkeep\n|\n|t:|1699842878\n|switch|p2a: Poliwrath|Poliwrath, M|100\/100\n|-activate|p2a: Poliwrath|move: Sticky Web\n|-unboost|p2a: Poliwrath|spe|1\n|turn|6\n|\n|t:|1699842887\n|move|p1a: Darmanitan|Icicle Crash|p2a: Poliwrath\n|-resisted|p2a: Poliwrath\n|-damage|p2a: Poliwrath|0 fnt\n|faint|p2a: Poliwrath\n|\n|-weather|RainDance|[upkeep]\n|upkeep\n|\n|t:|1699842901\n|switch|p2a: Jirachi|Jirachi, shiny|100\/100\n|-activate|p2a: Jirachi|move: Sticky Web\n|-unboost|p2a: Jirachi|spe|1\n|turn|7\n|\n|t:|1699842911\n|move|p1a: Darmanitan|Earthquake|p2a: Jirachi\n|-supereffective|p2a: Jirachi\n|-damage|p2a: Jirachi|0 fnt\n|faint|p2a: Jirachi\n|\n|-weather|RainDance|[upkeep]\n|upkeep\n|-message|Herdsman41 forfeited.\n|\n|win|TRIPLE RILABOOM\n|raw|TRIPLE RILABOOM's rating: 1211 &rarr; <strong>1229<\/strong><br \/>(+18 for winning)\n|raw|Herdsman41's rating: 1115 &rarr; <strong>1097<\/strong><br \/>(-18 for losing)\n|l|\u2606Herdsman41\n","uploadtime":1699842924,"views":19,"p1id":"triplerilaboom","p2id":"herdsman41","formatid":"gen9nationaldexubers","rating":1097,"private":0,"password":""}