{"id":"gen9nationaldexubers-1982186118","p1":"onaerybluer","p2":"Timas2725","format":"[Gen 9] National Dex Ubers","log":"|j|\u2606onaerybluer\n|j|\u2606Timas2725\n|t:|1698976882\n|gametype|singles\n|player|p1|onaerybluer|bellelba|1388\n|player|p2|Timas2725|102|1311\n|teamsize|p1|6\n|teamsize|p2|6\n|gen|9\n|tier|[Gen 9] National Dex Ubers\n|rated|\n|rule|HP Percentage Mod: HP is shown in percentages\n|rule|Endless Battle Clause: Forcing endless battles is banned\n|rule|OHKO Clause: OHKO moves are banned\n|rule|Evasion Moves Clause: Evasion moves are banned\n|rule|Evasion Items Clause: Evasion items are banned\n|rule|Species Clause: Limit one of each Pok\u00e9mon\n|rule|Sleep Clause Mod: Limit one foe put to sleep\n|rule|Mega Rayquaza Clause: You cannot mega evolve Rayquaza\n|clearpoke\n|poke|p1|Kangaskhan, F|\n|poke|p1|Blissey, F|\n|poke|p1|Gholdengo|\n|poke|p1|Chien-Pao|\n|poke|p1|Flutter Mane|\n|poke|p1|Kingambit, M|\n|poke|p2|Metagross|\n|poke|p2|Arceus|\n|poke|p2|Toxapex, F|\n|poke|p2|Necrozma-Dusk-Mane|\n|poke|p2|Kyogre|\n|poke|p2|Groudon|\n|teampreview\n|inactive|Battle timer is ON: inactive players will automatically lose when time's up. (requested by onaerybluer)\n|\n|t:|1698976886\n|start\n|switch|p1a: Gholdengo|Gholdengo|100\/100\n|switch|p2a: Groudon|Groudon|100\/100\n|detailschange|p2a: Groudon|Groudon-Primal\n|-primal|p2a: Groudon|Red Orb\n|-weather|DesolateLand|[from] ability: Desolate Land|[of] p2a: Groudon\n|turn|1\n|\n|t:|1698976890\n|move|p1a: Gholdengo|Shadow Ball|p2a: Groudon\n|-damage|p2a: Groudon|51\/100\n|-unboost|p2a: Groudon|spd|1\n|move|p2a: Groudon|Heat Crash|p1a: Gholdengo\n|-supereffective|p1a: Gholdengo\n|-damage|p1a: Gholdengo|0 fnt\n|faint|p1a: Gholdengo\n|\n|-weather|DesolateLand|[upkeep]\n|upkeep\n|\n|t:|1698976899\n|switch|p1a: Flutter Mane|Flutter Mane|100\/100\n|turn|2\n|\n|t:|1698976902\n|move|p1a: Flutter Mane|Shadow Ball|p2a: Groudon\n|-damage|p2a: Groudon|0 fnt\n|faint|p2a: Groudon\n|-weather|none\n|\n|upkeep\n|\n|t:|1698976909\n|switch|p2a: Kyogre|Kyogre|100\/100\n|detailschange|p2a: Kyogre|Kyogre-Primal\n|-primal|p2a: Kyogre|Blue Orb\n|-weather|PrimordialSea|[from] ability: Primordial Sea|[of] p2a: Kyogre\n|turn|3\n|\n|t:|1698976913\n|-zpower|p1a: Flutter Mane\n|move|p1a: Flutter Mane|Twinkle Tackle|p2a: Kyogre|[zeffect]\n|-damage|p2a: Kyogre|41\/100\n|move|p2a: Kyogre|Ancient Power|p1a: Flutter Mane\n|-damage|p1a: Flutter Mane|74\/100\n|\n|-weather|PrimordialSea|[upkeep]\n|upkeep\n|turn|4\n|\n|t:|1698976923\n|move|p1a: Flutter Mane|Calm Mind|p1a: Flutter Mane\n|-boost|p1a: Flutter Mane|spa|1\n|-boost|p1a: Flutter Mane|spd|1\n|move|p2a: Kyogre|Thunder|p1a: Flutter Mane\n|-damage|p1a: Flutter Mane|39\/100\n|-status|p1a: Flutter Mane|par\n|\n|-weather|PrimordialSea|[upkeep]\n|upkeep\n|turn|5\n|\n|t:|1698976937\n|move|p2a: Kyogre|Ancient Power|p1a: Flutter Mane\n|-damage|p1a: Flutter Mane|20\/100 par\n|move|p1a: Flutter Mane|Moonblast|p2a: Kyogre\n|-damage|p2a: Kyogre|0 fnt\n|faint|p2a: Kyogre\n|-weather|none\n|\n|upkeep\n|inactive|Timas2725 has 120 seconds left.\n|\n|t:|1698976963\n|switch|p2a: Toxapex|Toxapex, F, shiny|100\/100\n|turn|6\n|\n|t:|1698976971\n|cant|p1a: Flutter Mane|par\n|move|p2a: Toxapex|Scald|p1a: Flutter Mane\n|-damage|p1a: Flutter Mane|7\/100 par\n|\n|upkeep\n|turn|7\n|\n|t:|1698976976\n|move|p1a: Flutter Mane|Shadow Ball|p2a: Toxapex\n|-damage|p2a: Toxapex|51\/100\n|move|p2a: Toxapex|Toxic Spikes|p1a: Flutter Mane\n|-sidestart|p1: onaerybluer|move: Toxic Spikes\n|\n|-heal|p2a: Toxapex|57\/100|[from] item: Leftovers\n|upkeep\n|turn|8\n|\n|t:|1698976979\n|move|p1a: Flutter Mane|Shadow Ball|p2a: Toxapex\n|-damage|p2a: Toxapex|6\/100\n|move|p2a: Toxapex|Toxic Spikes|p1a: Flutter Mane\n|-sidestart|p1: onaerybluer|move: Toxic Spikes\n|\n|-heal|p2a: Toxapex|12\/100|[from] item: Leftovers\n|upkeep\n|turn|9\n|\n|t:|1698976984\n|switch|p2a: Arceus|Arceus|100\/100\n|cant|p1a: Flutter Mane|par\n|\n|upkeep\n|turn|10\n|\n|t:|1698976989\n|move|p2a: Arceus|Swords Dance|p2a: Arceus\n|-boost|p2a: Arceus|atk|2\n|move|p1a: Flutter Mane|Moonblast|p2a: Arceus\n|-damage|p2a: Arceus|52\/100\n|\n|upkeep\n|turn|11\n|\n|t:|1698976996\n|move|p2a: Arceus|Shadow Claw|p1a: Flutter Mane\n|-supereffective|p1a: Flutter Mane\n|-damage|p1a: Flutter Mane|0 fnt\n|faint|p1a: Flutter Mane\n|-end|p1a: Flutter Mane|Protosynthesis|[silent]\n|\n|upkeep\n|\n|t:|1698977004\n|switch|p1a: Blissey|Blissey, F|100\/100\n|turn|12\n|\n|t:|1698977009\n|-terastallize|p2a: Arceus|Normal\n|move|p2a: Arceus|Extreme Speed|p1a: Blissey\n|-damage|p1a: Blissey|0 fnt\n|faint|p1a: Blissey\n|\n|upkeep\n|\n|t:|1698977016\n|switch|p1a: Kingambit|Kingambit, M|100\/100\n|-activate|p1a: Kingambit|ability: Supreme Overlord\n|-start|p1a: Kingambit|fallen3|[silent]\n|turn|13\n|\n|t:|1698977020\n|switch|p2a: Toxapex|Toxapex, F, shiny|45\/100\n|move|p1a: Kingambit|Protect||[still]\n|-fail|p1a: Kingambit\n|\n|-heal|p2a: Toxapex|51\/100|[from] item: Leftovers\n|upkeep\n|turn|14\n|\n|t:|1698977025\n|move|p1a: Kingambit|Kowtow Cleave|p2a: Toxapex\n|-damage|p2a: Toxapex|14\/100\n|move|p2a: Toxapex|Scald|p1a: Kingambit\n|-damage|p1a: Kingambit|85\/100\n|-status|p1a: Kingambit|brn\n|\n|-heal|p1a: Kingambit|91\/100 brn|[from] item: Leftovers\n|-heal|p2a: Toxapex|20\/100|[from] item: Leftovers\n|-damage|p1a: Kingambit|85\/100 brn|[from] brn\n|upkeep\n|turn|15\n|\n|t:|1698977035\n|switch|p2a: Necrozma|Necrozma-Dusk-Mane|100\/100\n|move|p1a: Kingambit|Kowtow Cleave|p2a: Necrozma\n|-supereffective|p2a: Necrozma\n|-damage|p2a: Necrozma|57\/100\n|\n|-heal|p1a: Kingambit|91\/100 brn|[from] item: Leftovers\n|-damage|p1a: Kingambit|85\/100 brn|[from] brn\n|upkeep\n|turn|16\n|\n|t:|1698977044\n|move|p1a: Kingambit|Protect|p1a: Kingambit\n|-singleturn|p1a: Kingambit|Protect\n|move|p2a: Necrozma|Dragon Dance|p2a: Necrozma\n|-boost|p2a: Necrozma|atk|1\n|-boost|p2a: Necrozma|spe|1\n|\n|-heal|p1a: Kingambit|91\/100 brn|[from] item: Leftovers\n|-damage|p1a: Kingambit|85\/100 brn|[from] brn\n|upkeep\n|turn|17\n|\n|t:|1698977050\n|detailschange|p2a: Necrozma|Necrozma-Ultra\n|-burst|p2a: Necrozma|Necrozma|Ultranecrozium Z\n|move|p1a: Kingambit|Sucker Punch|p2a: Necrozma\n|-supereffective|p2a: Necrozma\n|-damage|p2a: Necrozma|3\/100\n|move|p2a: Necrozma|Earthquake|p1a: Kingambit\n|-supereffective|p1a: Kingambit\n|-damage|p1a: Kingambit|0 fnt\n|faint|p1a: Kingambit\n|-end|p1a: Kingambit|fallen3|[silent]\n|\n|upkeep\n|\n|t:|1698977057\n|switch|p1a: Chien-Pao|Chien-Pao|100\/100\n|-status|p1a: Chien-Pao|tox\n|-ability|p1a: Chien-Pao|Sword of Ruin\n|turn|18\n|\n|t:|1698977066\n|move|p1a: Chien-Pao|Ice Shard|p2a: Necrozma\n|-supereffective|p2a: Necrozma\n|-damage|p2a: Necrozma|0 fnt\n|faint|p2a: Necrozma\n|\n|-damage|p1a: Chien-Pao|95\/100 tox|[from] psn\n|upkeep\n|\n|t:|1698977071\n|switch|p2a: Arceus|Arceus, tera:Normal|52\/100\n|turn|19\n|\n|t:|1698977075\n|switch|p1a: Kangaskhan|Kangaskhan, F|100\/100\n|-status|p1a: Kangaskhan|tox\n|move|p2a: Arceus|Extreme Speed|p1a: Kangaskhan\n|-damage|p1a: Kangaskhan|37\/100 tox\n|\n|-damage|p1a: Kangaskhan|31\/100 tox|[from] psn\n|upkeep\n|turn|20\n|\n|t:|1698977079\n|detailschange|p1a: Kangaskhan|Kangaskhan-Mega, F\n|-mega|p1a: Kangaskhan|Kangaskhan|Kangaskhanite\n|move|p1a: Kangaskhan|Fake Out|p2a: Arceus\n|-damage|p2a: Arceus|39\/100\n|-damage|p2a: Arceus|36\/100\n|-hitcount|p2a: Arceus|2\n|cant|p2a: Arceus|flinch\n|\n|-damage|p1a: Kangaskhan|19\/100 tox|[from] psn\n|upkeep\n|turn|21\n|\n|t:|1698977083\n|move|p1a: Kangaskhan|Seismic Toss|p2a: Arceus\n|-damage|p2a: Arceus|13\/100\n|-damage|p2a: Arceus|0 fnt\n|faint|p2a: Arceus\n|-hitcount|p2: Arceus|2\n|\n|-damage|p1a: Kangaskhan|1\/100 tox|[from] psn\n|upkeep\n|\n|t:|1698977091\n|switch|p2a: Toxapex|Toxapex, F, shiny|54\/100\n|turn|22\n|\n|t:|1698977095\n|move|p1a: Kangaskhan|Seismic Toss|p2a: Toxapex\n|-damage|p2a: Toxapex|21\/100\n|-damage|p2a: Toxapex|0 fnt\n|faint|p2a: Toxapex\n|-hitcount|p2: Toxapex|2\n|\n|-damage|p1a: Kangaskhan|0 fnt|[from] psn\n|faint|p1a: Kangaskhan\n|upkeep\n|\n|t:|1698977098\n|switch|p1a: Chien-Pao|Chien-Pao|95\/100 tox\n|switch|p2a: Tank|Metagross, shiny|100\/100\n|-ability|p1a: Chien-Pao|Sword of Ruin\n|turn|23\n|\n|t:|1698977100\n|detailschange|p2a: Tank|Metagross-Mega, shiny\n|-mega|p2a: Tank|Metagross|Metagrossite\n|-terastallize|p1a: Chien-Pao|Dark\n|move|p2a: Tank|Bullet Punch|p1a: Chien-Pao\n|-damage|p1a: Chien-Pao|51\/100 tox\n|move|p1a: Chien-Pao|Crunch|p2a: Tank\n|-supereffective|p2a: Tank\n|-damage|p2a: Tank|0 fnt\n|faint|p2a: Tank\n|\n|win|onaerybluer\n|raw|onaerybluer's rating: 1388 &rarr; <strong>1404<\/strong><br \/>(+16 for winning)\n|raw|Timas2725's rating: 1311 &rarr; <strong>1295<\/strong><br \/>(-16 for losing)\n|l|\u2606Timas2725\n","uploadtime":1698977113,"views":8,"p1id":"onaerybluer","p2id":"timas2725","formatid":"gen9nationaldexubers","rating":1295,"private":0,"password":""}