{"id":"gen9nationaldexubers-1988797393","p1":"Vraptor249","p2":"Saradominphat","format":"[Gen 9] National Dex Ubers","log":"|j|\u2606Vraptor249\n|j|\u2606Saradominphat\n|t:|1699764552\n|gametype|singles\n|player|p1|Vraptor249|benga|\n|player|p2|Saradominphat|depotagent|\n|teamsize|p1|6\n|teamsize|p2|6\n|gen|9\n|tier|[Gen 9] National Dex Ubers\n|rule|HP Percentage Mod: HP is shown in percentages\n|rule|Endless Battle Clause: Forcing endless battles is banned\n|rule|OHKO Clause: OHKO moves are banned\n|rule|Evasion Moves Clause: Evasion moves are banned\n|rule|Evasion Items Clause: Evasion items are banned\n|rule|Species Clause: Limit one of each Pok\u00e9mon\n|rule|Sleep Clause Mod: Limit one foe put to sleep\n|rule|Mega Rayquaza Clause: You cannot mega evolve Rayquaza\n|clearpoke\n|poke|p1|Tangrowth, F|\n|poke|p1|Runerigus, M|\n|poke|p1|Iron Treads|\n|poke|p1|Victini|\n|poke|p1|Cryogonal|\n|poke|p1|Necrozma|\n|poke|p2|Nidoking, M|\n|poke|p2|Electrode-Hisui|\n|poke|p2|Qwilfish-Hisui, M|\n|poke|p2|Ursaluna, M|\n|poke|p2|Dodrio, F|\n|poke|p2|Dondozo, F|\n|teampreview\n|j| dcmrulz\n|j| VantaZack\n|\n|t:|1699764590\n|start\n|switch|p1a: Yuki|Cryogonal|100\/100\n|switch|p2a: Baragon|Nidoking, M|100\/100\n|turn|1\n|\n|t:|1699764606\n|move|p2a: Baragon|Sludge Wave|p1a: Yuki\n|-damage|p1a: Yuki|65\/100\n|move|p1a: Yuki|Knock Off|p2a: Baragon\n|-damage|p2a: Baragon|83\/100\n|-enditem|p2a: Baragon|Choice Scarf|[from] move: Knock Off|[of] p1a: Yuki\n|\n|upkeep\n|turn|2\n|j| Oakin64\n|\n|t:|1699764616\n|move|p1a: Yuki|Freeze-Dry|p2a: Baragon\n|-supereffective|p2a: Baragon\n|-damage|p2a: Baragon|17\/100\n|move|p2a: Baragon|Stealth Rock|p1a: Yuki\n|-sidestart|p1: Vraptor249|move: Stealth Rock\n|\n|upkeep\n|turn|3\n|\n|t:|1699764633\n|move|p1a: Yuki|Defog|p2a: Baragon\n|-unboost|p2a: Baragon|evasion|1\n|-sideend|p1: Vraptor249|Stealth Rock|[from] move: Defog|[of] p1a: Yuki\n|move|p2a: Baragon|Earth Power|p1a: Yuki\n|-immune|p1a: Yuki|[from] ability: Levitate\n|\n|upkeep\n|turn|4\n|c|\u2606Saradominphat|I'm stupid\n|c| VantaZack|oop\n|c|\u2606Saradominphat|This is why I don't make it far\n|\n|t:|1699764650\n|move|p1a: Yuki|Freeze-Dry|p2a: Baragon\n|-supereffective|p2a: Baragon\n|-damage|p2a: Baragon|0 fnt\n|faint|p2a: Baragon\n|\n|upkeep\n|\n|t:|1699764662\n|switch|p2a: Hazel Kylie Avila|Dodrio, F|100\/100\n|turn|5\n|c| dcmrulz|don't beat yourself up over it, it's a common mistake\n|\n|t:|1699764668\n|switch|p1a: Sigma|Runerigus, M|100\/100\n|move|p2a: Hazel Kylie Avila|Return|p1a: Sigma\n|-immune|p1a: Sigma\n|\n|upkeep\n|turn|6\n|c|\u2606Saradominphat|But it's true\n|\n|t:|1699764774\n|move|p2a: Hazel Kylie Avila|Drill Peck|p1a: Sigma\n|-damage|p1a: Sigma|80\/100\n|-activate|p1a: Sigma|ability: Wandering Spirit|Early Bird|Wandering Spirit|[of] p2a: Hazel Kylie Avila\n|move|p1a: Sigma|Destiny Bond|p1a: Sigma\n|-singlemove|p1a: Sigma|Destiny Bond\n|\n|upkeep\n|turn|7\n|\n|t:|1699764785\n|move|p2a: Hazel Kylie Avila|Drill Peck|p1a: Sigma\n|-damage|p1a: Sigma|58\/100\n|move|p1a: Sigma|Body Press|p2a: Hazel Kylie Avila\n|-damage|p2a: Hazel Kylie Avila|38\/100\n|-activate|p2a: Hazel Kylie Avila|ability: Wandering Spirit|Early Bird|Wandering Spirit|[of] p1a: Sigma\n|\n|upkeep\n|turn|8\n|\n|t:|1699764794\n|move|p2a: Hazel Kylie Avila|Knock Off|p1a: Sigma\n|-supereffective|p1a: Sigma\n|-damage|p1a: Sigma|21\/100\n|-activate|p1a: Sigma|ability: Wandering Spirit|Early Bird|Wandering Spirit|[of] p2a: Hazel Kylie Avila\n|-enditem|p1a: Sigma|Lum Berry|[from] move: Knock Off|[of] p2a: Hazel Kylie Avila\n|move|p1a: Sigma|Body Press|p2a: Hazel Kylie Avila\n|-damage|p2a: Hazel Kylie Avila|0 fnt\n|-activate|p2a: Hazel Kylie Avila|ability: Wandering Spirit|Early Bird|Wandering Spirit|[of] p1a: Sigma\n|faint|p2a: Hazel Kylie Avila\n|\n|upkeep\n|c| VantaZack|PICK A STRUGGLE\n|\n|t:|1699764810\n|switch|p2a: Jinbi|Qwilfish-Hisui, M, shiny|100\/100\n|-ability|p2a: Jinbi|Intimidate|boost\n|-unboost|p1a: Sigma|atk|1\n|turn|9\n|c| VantaZack|SIGNA\n|\n|t:|1699764818\n|move|p2a: Jinbi|Toxic|p1a: Sigma\n|-status|p1a: Sigma|tox\n|move|p1a: Sigma|Earthquake|p2a: Jinbi\n|-supereffective|p2a: Jinbi\n|-damage|p2a: Jinbi|66\/100\n|\n|-damage|p1a: Sigma|15\/100 tox|[from] psn\n|upkeep\n|turn|10\n|\n|t:|1699764895\n|switch|p2a: Lee-Lee|Electrode-Hisui|100\/100\n|move|p1a: Sigma|Trick|p2a: Lee-Lee\n|-activate|p1a: Sigma|move: Trick|[of] p2a: Lee-Lee\n|-enditem|p2a: Lee-Lee|Focus Sash|[silent]|[from] move: Trick\n|-item|p1a: Sigma|Focus Sash|[from] move: Trick\n|\n|-damage|p1a: Sigma|3\/100 tox|[from] psn\n|upkeep\n|turn|11\n|\n|t:|1699764905\n|move|p2a: Lee-Lee|Energy Ball|p1a: Sigma\n|-supereffective|p1a: Sigma\n|-damage|p1a: Sigma|0 fnt\n|faint|p1a: Sigma\n|\n|upkeep\n|\n|t:|1699764917\n|switch|p1a: Circe|Victini|100\/100\n|turn|12\n|\n|t:|1699764923\n|move|p2a: Lee-Lee|Thunder Wave|p1a: Circe\n|-status|p1a: Circe|par\n|move|p1a: Circe|Overheat|p2a: Lee-Lee\n|-supereffective|p2a: Lee-Lee\n|-damage|p2a: Lee-Lee|0 fnt\n|-unboost|p1a: Circe|spa|2\n|faint|p2a: Lee-Lee\n|\n|upkeep\n|\n|t:|1699764933\n|switch|p2a: Yogi|Ursaluna, M|100\/100\n|turn|13\n|\n|t:|1699764942\n|switch|p1a: Bertha|Tangrowth, F|100\/100\n|move|p2a: Yogi|Bulk Up|p2a: Yogi\n|-boost|p2a: Yogi|atk|1\n|-boost|p2a: Yogi|def|1\n|\n|-status|p2a: Yogi|brn|[from] item: Flame Orb\n|upkeep\n|turn|14\n|\n|t:|1699764951\n|move|p2a: Yogi|Facade|p1a: Bertha\n|-damage|p1a: Bertha|24\/100\n|-damage|p2a: Yogi|84\/100 brn|[from] item: Rocky Helmet|[of] p1a: Bertha\n|move|p1a: Bertha|Giga Drain|p2a: Yogi\n|-supereffective|p2a: Yogi\n|-damage|p2a: Yogi|49\/100 brn\n|-heal|p1a: Bertha|44\/100|[from] drain|[of] p2a: Yogi\n|\n|-damage|p2a: Yogi|43\/100 brn|[from] brn\n|upkeep\n|turn|15\n|\n|t:|1699764988\n|move|p2a: Yogi|Facade|p1a: Bertha\n|-damage|p1a: Bertha|0 fnt\n|-damage|p2a: Yogi|26\/100 brn|[from] item: Rocky Helmet|[of] p1a: Bertha\n|faint|p1a: Bertha\n|\n|-damage|p2a: Yogi|20\/100 brn|[from] brn\n|upkeep\n|\n|t:|1699764995\n|switch|p1a: Ford F150|Iron Treads|100\/100\n|turn|16\n|\n|t:|1699765006\n|switch|p2a: Jinbi|Qwilfish-Hisui, M, shiny|66\/100\n|-ability|p2a: Jinbi|Intimidate|boost\n|-unboost|p1a: Ford F150|atk|1\n|move|p1a: Ford F150|Body Press|p2a: Jinbi\n|-damage|p2a: Jinbi|48\/100\n|\n|upkeep\n|turn|17\n|\n|t:|1699765020\n|move|p1a: Ford F150|Stealth Rock|p2a: Jinbi\n|-sidestart|p2: Saradominphat|move: Stealth Rock\n|move|p2a: Jinbi|Destiny Bond|p2a: Jinbi\n|-singlemove|p2a: Jinbi|Destiny Bond\n|\n|upkeep\n|turn|18\n|\n|t:|1699765033\n|move|p1a: Ford F150|Body Press|p2a: Jinbi\n|-damage|p2a: Jinbi|32\/100\n|move|p2a: Jinbi|Crunch|p1a: Ford F150\n|-damage|p1a: Ford F150|78\/100\n|\n|upkeep\n|turn|19\n|\n|t:|1699765040\n|move|p1a: Ford F150|Earthquake|p2a: Jinbi\n|-supereffective|p2a: Jinbi\n|-damage|p2a: Jinbi|0 fnt\n|faint|p2a: Jinbi\n|\n|upkeep\n|\n|t:|1699765043\n|switch|p2a: Mizuchi|Dondozo, F, shiny|100\/100\n|-damage|p2a: Mizuchi|88\/100|[from] Stealth Rock\n|turn|20\n|\n|t:|1699765063\n|-end|p1a: Ford F150|Quark Drive|[silent]\n|switch|p1a: Aeon|Necrozma|100\/100\n|move|p2a: Mizuchi|Earthquake|p1a: Aeon\n|-damage|p1a: Aeon|81\/100\n|\n|upkeep\n|turn|21\n|\n|t:|1699765079\n|move|p1a: Aeon|Cosmic Power|p1a: Aeon\n|-boost|p1a: Aeon|def|1\n|-boost|p1a: Aeon|spd|1\n|move|p2a: Mizuchi|Liquidation|p1a: Aeon\n|-damage|p1a: Aeon|55\/100\n|-unboost|p1a: Aeon|def|1\n|\n|upkeep\n|turn|22\n|\n|t:|1699765091\n|move|p1a: Aeon|Moonlight|p1a: Aeon\n|-heal|p1a: Aeon|100\/100\n|move|p2a: Mizuchi|Liquidation|p1a: Aeon\n|-damage|p1a: Aeon|76\/100\n|\n|upkeep\n|turn|23\n|\n|t:|1699765098\n|move|p1a: Aeon|Photon Geyser|p2a: Mizuchi\n|-damage|p2a: Mizuchi|62\/100\n|move|p2a: Mizuchi|Liquidation|p1a: Aeon\n|-damage|p1a: Aeon|49\/100\n|\n|upkeep\n|turn|24\n|\n|t:|1699765106\n|move|p1a: Aeon|Moonlight|p1a: Aeon\n|-heal|p1a: Aeon|99\/100\n|move|p2a: Mizuchi|Liquidation|p1a: Aeon\n|-crit|p1a: Aeon\n|-damage|p1a: Aeon|65\/100\n|-unboost|p1a: Aeon|def|1\n|\n|upkeep\n|turn|25\n|\n|t:|1699765118\n|move|p1a: Aeon|Photon Geyser|p2a: Mizuchi\n|-damage|p2a: Mizuchi|38\/100\n|move|p2a: Mizuchi|Liquidation|p1a: Aeon\n|-damage|p1a: Aeon|40\/100\n|\n|upkeep\n|turn|26\n|\n|t:|1699765127\n|move|p1a: Aeon|Photon Geyser|p2a: Mizuchi\n|-damage|p2a: Mizuchi|13\/100\n|move|p2a: Mizuchi|Liquidation|p1a: Aeon\n|-damage|p1a: Aeon|15\/100\n|\n|upkeep\n|turn|27\n|\n|t:|1699765135\n|move|p1a: Aeon|Photon Geyser|p2a: Mizuchi\n|-damage|p2a: Mizuchi|0 fnt\n|faint|p2a: Mizuchi\n|\n|upkeep\n|c|\u2606Saradominphat|And that's the game\n|c|\u2606Saradominphat|Like usual\n|\n|t:|1699765143\n|switch|p2a: Yogi|Ursaluna, M|20\/100 brn\n|-damage|p2a: Yogi|14\/100 brn|[from] Stealth Rock\n|turn|28\n|\n|t:|1699765148\n|move|p1a: Aeon|Photon Geyser|p2a: Yogi\n|-damage|p2a: Yogi|0 fnt\n|faint|p2a: Yogi\n|\n|win|Vraptor249\n","uploadtime":1699765150,"views":7,"p1id":"vraptor249","p2id":"saradominphat","formatid":"gen9nationaldexubers","rating":0,"private":0,"password":""}