{"id":"gen9nationaldexubers-1998663526","p1":"xikeso","p2":"LBSD","format":"[Gen 9] National Dex Ubers","log":"|j|\u2606xikeso\n|j|\u203dLBSD\n|t:|1700969347\n|gametype|singles\n|player|p1|xikeso|iono|1395\n|player|p2|LBSD|cynthia-gen4|1605\n|teamsize|p1|6\n|teamsize|p2|6\n|gen|9\n|tier|[Gen 9] National Dex Ubers\n|rated|\n|rule|HP Percentage Mod: HP is shown in percentages\n|rule|Endless Battle Clause: Forcing endless battles is banned\n|rule|OHKO Clause: OHKO moves are banned\n|rule|Evasion Moves Clause: Evasion moves are banned\n|rule|Evasion Items Clause: Evasion items are banned\n|rule|Species Clause: Limit one of each Pok\u00e9mon\n|rule|Sleep Clause Mod: Limit one foe put to sleep\n|rule|Mega Rayquaza Clause: You cannot mega evolve Rayquaza\n|clearpoke\n|poke|p1|Yveltal|\n|poke|p1|Necrozma-Dusk-Mane|\n|poke|p1|Groudon|\n|poke|p1|Ho-Oh|\n|poke|p1|Chansey, F|\n|poke|p1|Gastrodon, F|\n|poke|p2|Zacian-*|\n|poke|p2|Yveltal|\n|poke|p2|Groudon|\n|poke|p2|Kyogre|\n|poke|p2|Banette, M|\n|poke|p2|Reuniclus, M|\n|teampreview\n|inactive|Battle timer is ON: inactive players will automatically lose when time's up. (requested by xikeso)\n|\n|t:|1700969357\n|start\n|switch|p1a: Yveltal|Yveltal|100\/100\n|switch|p2a: Groudon|Groudon|100\/100\n|-ability|p1a: Yveltal|Dark Aura\n|detailschange|p2a: Groudon|Groudon-Primal\n|-primal|p2a: Groudon|Red Orb\n|-weather|DesolateLand|[from] ability: Desolate Land|[of] p2a: Groudon\n|turn|1\n|\n|t:|1700969369\n|-weather|none\n|switch|p2a: Yveltal|Yveltal|100\/100\n|-ability|p2a: Yveltal|Dark Aura\n|move|p1a: Yveltal|Dark Pulse|p2a: Yveltal\n|-resisted|p2a: Yveltal\n|-damage|p2a: Yveltal|79\/100\n|\n|upkeep\n|turn|2\n|\n|t:|1700969379\n|switch|p2a: Kyogre|Kyogre|100\/100\n|detailschange|p2a: Kyogre|Kyogre-Primal\n|-primal|p2a: Kyogre|Blue Orb\n|-weather|PrimordialSea|[from] ability: Primordial Sea|[of] p2a: Kyogre\n|move|p1a: Yveltal|Taunt|p2a: Kyogre\n|-start|p2a: Kyogre|move: Taunt\n|\n|-weather|PrimordialSea|[upkeep]\n|upkeep\n|turn|3\n|\n|t:|1700969389\n|switch|p1a: Gastrodon|Gastrodon, F|100\/100\n|move|p2a: Kyogre|Ice Beam|p1a: Gastrodon\n|-damage|p1a: Gastrodon|73\/100\n|\n|-weather|PrimordialSea|[upkeep]\n|-heal|p1a: Gastrodon|79\/100|[from] item: Leftovers\n|upkeep\n|turn|4\n|\n|t:|1700969405\n|-weather|none\n|switch|p2a: Groudon|Groudon-Primal|100\/100\n|-weather|DesolateLand|[from] ability: Desolate Land|[of] p2a: Groudon\n|move|p1a: Gastrodon|Toxic|p2a: Groudon\n|-status|p2a: Groudon|tox\n|\n|-weather|DesolateLand|[upkeep]\n|-heal|p1a: Gastrodon|85\/100|[from] item: Leftovers\n|-damage|p2a: Groudon|94\/100 tox|[from] psn\n|upkeep\n|turn|5\n|\n|t:|1700969419\n|move|p2a: Groudon|Stealth Rock|p1a: Gastrodon\n|-sidestart|p1: xikeso|move: Stealth Rock\n|move|p1a: Gastrodon|Earth Power|p2a: Groudon\n|-supereffective|p2a: Groudon\n|-damage|p2a: Groudon|39\/100 tox\n|\n|-weather|DesolateLand|[upkeep]\n|-heal|p1a: Gastrodon|91\/100|[from] item: Leftovers\n|-damage|p2a: Groudon|26\/100 tox|[from] psn\n|upkeep\n|turn|6\n|\n|t:|1700969429\n|move|p1a: Gastrodon|Protect|p1a: Gastrodon\n|-singleturn|p1a: Gastrodon|Protect\n|move|p2a: Groudon|Precipice Blades|p1a: Gastrodon\n|-activate|p1a: Gastrodon|move: Protect\n|\n|-weather|DesolateLand|[upkeep]\n|-heal|p1a: Gastrodon|97\/100|[from] item: Leftovers\n|-damage|p2a: Groudon|8\/100 tox|[from] psn\n|upkeep\n|turn|7\n|\n|t:|1700969440\n|switch|p1a: Ho-Oh|Ho-Oh, shiny|100\/100\n|move|p2a: Groudon|Rock Slide|p1a: Ho-Oh|[miss]\n|-miss|p2a: Groudon|p1a: Ho-Oh\n|\n|-weather|DesolateLand|[upkeep]\n|-damage|p2a: Groudon|0 fnt|[from] psn\n|faint|p2a: Groudon\n|-weather|none\n|upkeep\n|\n|t:|1700969464\n|switch|p2a: Banette|Banette, M|100\/100\n|turn|8\n|\n|t:|1700969484\n|switch|p1a: Chansey|Chansey, F|100\/100\n|-damage|p1a: Chansey|88\/100|[from] Stealth Rock\n|detailschange|p2a: Banette|Banette-Mega, M\n|-mega|p2a: Banette|Banette|Banettite\n|move|p2a: Banette|Poltergeist|p1a: Chansey\n|-immune|p1a: Chansey\n|\n|upkeep\n|turn|9\n|\n|t:|1700969499\n|move|p1a: Chansey|Toxic|p2a: Banette\n|-status|p2a: Banette|tox\n|move|p2a: Banette|Trick Room|p2a: Banette\n|-fieldstart|move: Trick Room|[of] p2a: Banette\n|\n|-damage|p2a: Banette|94\/100 tox|[from] psn\n|upkeep\n|turn|10\n|\n|t:|1700969511\n|switch|p1a: Ho-Oh|Ho-Oh, shiny|100\/100\n|move|p2a: Banette|Encore||[still]\n|-fail|p2a: Banette\n|\n|-damage|p2a: Banette|82\/100 tox|[from] psn\n|upkeep\n|turn|11\n|\n|t:|1700969529\n|move|p2a: Banette|Poltergeist|p1a: Ho-Oh\n|-activate|p1a: Ho-Oh|move: Poltergeist|Heavy-Duty Boots\n|-damage|p1a: Ho-Oh|52\/100\n|move|p1a: Ho-Oh|Defog|p2a: Banette\n|-unboost|p2a: Banette|evasion|1\n|-sideend|p1: xikeso|Stealth Rock|[from] move: Defog|[of] p1a: Ho-Oh\n|\n|-damage|p2a: Banette|64\/100 tox|[from] psn\n|upkeep\n|turn|12\n|\n|t:|1700969545\n|switch|p2a: Zacian|Zacian-Crowned|100\/100\n|-ability|p2a: Zacian|Intrepid Sword|boost\n|-boost|p2a: Zacian|atk|1\n|switch|p1a: Chansey|Chansey, F|88\/100\n|\n|upkeep\n|turn|13\n|\n|t:|1700969565\n|switch|p1a: Groudon|Groudon, shiny|100\/100\n|detailschange|p1a: Groudon|Groudon-Primal, shiny\n|-primal|p1a: Groudon|Red Orb\n|-weather|DesolateLand|[from] ability: Desolate Land|[of] p1a: Groudon\n|move|p2a: Zacian|Swords Dance|p2a: Zacian\n|-boost|p2a: Zacian|atk|2\n|\n|-weather|DesolateLand|[upkeep]\n|-fieldend|move: Trick Room\n|upkeep\n|turn|14\n|\n|t:|1700969576\n|-terastallize|p2a: Zacian|Psychic\n|move|p2a: Zacian|Psychic Fangs|p1a: Groudon\n|-damage|p1a: Groudon|20\/100\n|move|p1a: Groudon|Heat Crash|p2a: Zacian\n|-damage|p2a: Zacian|43\/100\n|\n|-weather|DesolateLand|[upkeep]\n|upkeep\n|turn|15\n|\n|t:|1700969590\n|move|p2a: Zacian|Behemoth Blade|p1a: Groudon\n|-resisted|p1a: Groudon\n|-damage|p1a: Groudon|0 fnt\n|faint|p1a: Groudon\n|-weather|none\n|\n|upkeep\n|\n|t:|1700969604\n|switch|p1a: Ho-Oh|Ho-Oh, shiny|85\/100\n|turn|16\n|\n|t:|1700969609\n|move|p2a: Zacian|Psychic Fangs|p1a: Ho-Oh\n|-damage|p1a: Ho-Oh|4\/100\n|move|p1a: Ho-Oh|Whirlwind|p2a: Zacian\n|drag|p2a: Yveltal|Yveltal|79\/100\n|-ability|p2a: Yveltal|Dark Aura\n|\n|upkeep\n|turn|17\n|\n|t:|1700969637\n|switch|p2a: Zacian|Zacian-Crowned, tera:Psychic|43\/100\n|switch|p1a: Yveltal|Yveltal|100\/100\n|-ability|p1a: Yveltal|Dark Aura\n|\n|upkeep\n|turn|18\n|\n|t:|1700969645\n|move|p2a: Zacian|Play Rough|p1a: Yveltal\n|-supereffective|p1a: Yveltal\n|-damage|p1a: Yveltal|8\/100\n|-damage|p2a: Zacian|27\/100|[from] item: Rocky Helmet|[of] p1a: Yveltal\n|move|p1a: Yveltal|Dark Pulse|p2a: Zacian\n|-supereffective|p2a: Zacian\n|-damage|p2a: Zacian|0 fnt\n|faint|p2a: Zacian\n|\n|upkeep\n|\n|t:|1700969658\n|switch|p2a: Kyogre|Kyogre-Primal|100\/100\n|-weather|PrimordialSea|[from] ability: Primordial Sea|[of] p2a: Kyogre\n|turn|19\n|\n|t:|1700969667\n|switch|p1a: Chansey|Chansey, F|88\/100\n|-weather|none\n|switch|p2a: Banette|Banette-Mega, M|64\/100 tox\n|\n|-damage|p2a: Banette|58\/100 tox|[from] psn\n|upkeep\n|turn|20\n|\n|t:|1700969682\n|switch|p2a: Yveltal|Yveltal|79\/100\n|-ability|p2a: Yveltal|Dark Aura\n|move|p1a: Chansey|Soft-Boiled|p1a: Chansey\n|-heal|p1a: Chansey|100\/100\n|\n|upkeep\n|turn|21\n|\n|t:|1700969695\n|switch|p1a: Ho-Oh|Ho-Oh, shiny|38\/100\n|move|p2a: Yveltal|Foul Play|p1a: Ho-Oh\n|-crit|p1a: Ho-Oh\n|-damage|p1a: Ho-Oh|0 fnt\n|faint|p1a: Ho-Oh\n|\n|upkeep\n|\n|t:|1700969708\n|switch|p1a: Yveltal|Yveltal|8\/100\n|-ability|p1a: Yveltal|Dark Aura\n|turn|22\n|\n|t:|1700969713\n|move|p1a: Yveltal|Roost|p1a: Yveltal\n|-heal|p1a: Yveltal|58\/100\n|-singleturn|p1a: Yveltal|move: Roost\n|move|p2a: Yveltal|Taunt|p1a: Yveltal\n|-start|p1a: Yveltal|move: Taunt\n|\n|upkeep\n|turn|23\n|\n|t:|1700969723\n|switch|p1a: Chansey|Chansey, F|100\/100\n|move|p2a: Yveltal|Foul Play|p1a: Chansey\n|-damage|p1a: Chansey|99\/100\n|\n|upkeep\n|turn|24\n|\n|t:|1700969732\n|move|p2a: Yveltal|Taunt|p1a: Chansey\n|-start|p1a: Chansey|move: Taunt\n|cant|p1a: Chansey|move: Taunt|Toxic\n|\n|upkeep\n|turn|25\n|\n|t:|1700969739\n|move|p2a: Yveltal|Foul Play|p1a: Chansey\n|-damage|p1a: Chansey|97\/100\n|move|p1a: Chansey|Seismic Toss|p2a: Yveltal\n|-damage|p2a: Yveltal|57\/100\n|\n|upkeep\n|turn|26\n|\n|t:|1700969750\n|switch|p1a: Yveltal|Yveltal|58\/100\n|-ability|p1a: Yveltal|Dark Aura\n|move|p2a: Yveltal|Roost|p2a: Yveltal\n|-heal|p2a: Yveltal|100\/100\n|-singleturn|p2a: Yveltal|move: Roost\n|\n|upkeep\n|turn|27\n|\n|t:|1700969761\n|switch|p2a: Kyogre|Kyogre-Primal|100\/100\n|-weather|PrimordialSea|[from] ability: Primordial Sea|[of] p2a: Kyogre\n|move|p1a: Yveltal|Taunt|p2a: Kyogre\n|-start|p2a: Kyogre|move: Taunt\n|\n|-weather|PrimordialSea|[upkeep]\n|upkeep\n|turn|28\n|\n|t:|1700969770\n|switch|p1a: Chansey|Chansey, F|97\/100\n|-weather|none\n|switch|p2a: Yveltal|Yveltal|100\/100\n|-ability|p2a: Yveltal|Dark Aura\n|\n|upkeep\n|turn|29\n|\n|t:|1700969779\n|move|p2a: Yveltal|Taunt|p1a: Chansey\n|-start|p1a: Chansey|move: Taunt\n|cant|p1a: Chansey|move: Taunt|Toxic\n|\n|upkeep\n|turn|30\n|\n|t:|1700969785\n|switch|p2a: Kyogre|Kyogre-Primal|100\/100\n|-weather|PrimordialSea|[from] ability: Primordial Sea|[of] p2a: Kyogre\n|move|p1a: Chansey|Seismic Toss|p2a: Kyogre\n|-damage|p2a: Kyogre|76\/100\n|\n|-weather|PrimordialSea|[upkeep]\n|upkeep\n|turn|31\n|\n|t:|1700969794\n|move|p2a: Kyogre|Calm Mind|p2a: Kyogre\n|-boost|p2a: Kyogre|spa|1\n|-boost|p2a: Kyogre|spd|1\n|move|p1a: Chansey|Seismic Toss|p2a: Kyogre\n|-damage|p2a: Kyogre|51\/100\n|\n|-weather|PrimordialSea|[upkeep]\n|-end|p1a: Chansey|move: Taunt\n|upkeep\n|turn|32\n|\n|t:|1700969804\n|move|p2a: Kyogre|Origin Pulse|p1a: Chansey\n|-damage|p1a: Chansey|41\/100\n|move|p1a: Chansey|Toxic|p2a: Kyogre|[miss]\n|-miss|p1a: Chansey|p2a: Kyogre\n|\n|-weather|PrimordialSea|[upkeep]\n|upkeep\n|turn|33\n|\n|t:|1700969811\n|switch|p1a: Gastrodon|Gastrodon, F|97\/100\n|move|p2a: Kyogre|Ice Beam|p1a: Gastrodon\n|-damage|p1a: Gastrodon|54\/100\n|\n|-weather|PrimordialSea|[upkeep]\n|-heal|p1a: Gastrodon|60\/100|[from] item: Leftovers\n|upkeep\n|turn|34\n|\n|t:|1700969820\n|move|p2a: Kyogre|Calm Mind|p2a: Kyogre\n|-boost|p2a: Kyogre|spa|1\n|-boost|p2a: Kyogre|spd|1\n|move|p1a: Gastrodon|Toxic|p2a: Kyogre\n|-status|p2a: Kyogre|tox\n|\n|-weather|PrimordialSea|[upkeep]\n|-heal|p1a: Gastrodon|66\/100|[from] item: Leftovers\n|-damage|p2a: Kyogre|45\/100 tox|[from] psn\n|upkeep\n|turn|35\n|\n|t:|1700969830\n|move|p1a: Gastrodon|Protect|p1a: Gastrodon\n|-singleturn|p1a: Gastrodon|Protect\n|move|p2a: Kyogre|Ice Beam|p1a: Gastrodon\n|-activate|p1a: Gastrodon|move: Protect\n|\n|-weather|PrimordialSea|[upkeep]\n|-heal|p1a: Gastrodon|72\/100|[from] item: Leftovers\n|-damage|p2a: Kyogre|32\/100 tox|[from] psn\n|upkeep\n|turn|36\n|\n|t:|1700969844\n|-terastallize|p1a: Gastrodon|Steel\n|move|p2a: Kyogre|Ice Beam|p1a: Gastrodon\n|-resisted|p1a: Gastrodon\n|-damage|p1a: Gastrodon|40\/100\n|move|p1a: Gastrodon|Recover|p1a: Gastrodon\n|-heal|p1a: Gastrodon|90\/100\n|\n|-weather|PrimordialSea|[upkeep]\n|-heal|p1a: Gastrodon|96\/100|[from] item: Leftovers\n|-damage|p2a: Kyogre|14\/100 tox|[from] psn\n|upkeep\n|turn|37\n|\n|t:|1700969861\n|-weather|none\n|switch|p2a: Yveltal|Yveltal|100\/100\n|-ability|p2a: Yveltal|Dark Aura\n|move|p1a: Gastrodon|Toxic|p2a: Yveltal\n|-status|p2a: Yveltal|tox\n|\n|-heal|p1a: Gastrodon|100\/100|[from] item: Leftovers\n|-damage|p2a: Yveltal|94\/100 tox|[from] psn\n|upkeep\n|turn|38\n|\n|t:|1700969876\n|switch|p1a: Chansey|Chansey, F|41\/100\n|move|p2a: Yveltal|Taunt|p1a: Chansey\n|-start|p1a: Chansey|move: Taunt\n|\n|-damage|p2a: Yveltal|82\/100 tox|[from] psn\n|upkeep\n|turn|39\n|\n|t:|1700969893\n|switch|p2a: Kyogre|Kyogre-Primal|14\/100 tox\n|-weather|PrimordialSea|[from] ability: Primordial Sea|[of] p2a: Kyogre\n|switch|p1a: Gastrodon|Gastrodon, F, tera:Steel|100\/100\n|\n|-weather|PrimordialSea|[upkeep]\n|-damage|p2a: Kyogre|8\/100 tox|[from] psn\n|upkeep\n|turn|40\n|\n|t:|1700969903\n|move|p1a: Gastrodon|Protect|p1a: Gastrodon\n|-singleturn|p1a: Gastrodon|Protect\n|move|p2a: Kyogre|Thunder|p1a: Gastrodon\n|-activate|p1a: Gastrodon|move: Protect\n|\n|-weather|PrimordialSea|[upkeep]\n|-damage|p2a: Kyogre|0 fnt|[from] psn\n|faint|p2a: Kyogre\n|-weather|none\n|upkeep\n|\n|t:|1700969917\n|switch|p2a: Banette|Banette-Mega, M|58\/100 tox\n|turn|41\n|\n|t:|1700969922\n|switch|p2a: Yveltal|Yveltal|82\/100 tox\n|-ability|p2a: Yveltal|Dark Aura\n|switch|p1a: Chansey|Chansey, F|41\/100\n|\n|-damage|p2a: Yveltal|76\/100 tox|[from] psn\n|upkeep\n|turn|42\n|\n|t:|1700969933\n|move|p2a: Yveltal|Taunt|p1a: Chansey\n|-start|p1a: Chansey|move: Taunt\n|cant|p1a: Chansey|move: Taunt|Soft-Boiled\n|\n|-damage|p2a: Yveltal|64\/100 tox|[from] psn\n|upkeep\n|turn|43\n|\n|t:|1700969945\n|switch|p2a: Banette|Banette-Mega, M|58\/100 tox\n|switch|p1a: Yveltal|Yveltal|58\/100\n|-ability|p1a: Yveltal|Dark Aura\n|\n|-damage|p2a: Banette|52\/100 tox|[from] psn\n|upkeep\n|turn|44\n|\n|t:|1700969957\n|move|p2a: Banette|Destiny Bond|p2a: Banette\n|-singlemove|p2a: Banette|Destiny Bond\n|move|p1a: Yveltal|Taunt|p2a: Banette\n|-start|p2a: Banette|move: Taunt\n|\n|-damage|p2a: Banette|40\/100 tox|[from] psn\n|upkeep\n|turn|45\n|\n|t:|1700969966\n|move|p1a: Yveltal|Roost|p1a: Yveltal\n|-heal|p1a: Yveltal|100\/100\n|-singleturn|p1a: Yveltal|move: Roost\n|move|p2a: Banette|Poltergeist|p1a: Yveltal\n|-activate|p1a: Yveltal|move: Poltergeist|Rocky Helmet\n|-resisted|p1a: Yveltal\n|-damage|p1a: Yveltal|65\/100\n|\n|-damage|p2a: Banette|22\/100 tox|[from] psn\n|upkeep\n|turn|46\n|\n|t:|1700969979\n|switch|p2a: Yveltal|Yveltal|64\/100 tox\n|-ability|p2a: Yveltal|Dark Aura\n|move|p1a: Yveltal|Oblivion Wing|p2a: Yveltal\n|-damage|p2a: Yveltal|33\/100 tox\n|-heal|p1a: Yveltal|92\/100|[from] drain|[of] p2a: Yveltal\n|\n|-damage|p2a: Yveltal|27\/100 tox|[from] psn\n|upkeep\n|turn|47\n|-message|LBSD forfeited.\n|\n|win|xikeso\n|raw|xikeso's rating: 1395 &rarr; <strong>1426<\/strong><br \/>(+31 for winning)\n|raw|LBSD's rating: 1605 &rarr; <strong>1574<\/strong><br \/>(-31 for losing)\n|l|\u203dLBSD\n","uploadtime":1700969994,"views":7,"p1id":"xikeso","p2id":"lbsd","formatid":"gen9nationaldexubers","rating":1426,"private":0,"password":""}