{"id":"gen9nationaldexubers-1985616112","p1":"Jjjjjjjgamesyt","p2":"waterbutcolder","format":"[Gen 9] National Dex Ubers","log":"|j|\u2606Jjjjjjjgamesyt\n|j|\u2606waterbutcolder\n|t:|1699389332\n|gametype|singles\n|player|p1|Jjjjjjjgamesyt|1|\n|player|p2|waterbutcolder|n|\n|teamsize|p1|6\n|teamsize|p2|6\n|gen|9\n|tier|[Gen 9] National Dex Ubers\n|rule|HP Percentage Mod: HP is shown in percentages\n|rule|Endless Battle Clause: Forcing endless battles is banned\n|rule|OHKO Clause: OHKO moves are banned\n|rule|Evasion Moves Clause: Evasion moves are banned\n|rule|Evasion Items Clause: Evasion items are banned\n|rule|Species Clause: Limit one of each Pok\u00e9mon\n|rule|Sleep Clause Mod: Limit one foe put to sleep\n|rule|Mega Rayquaza Clause: You cannot mega evolve Rayquaza\n|clearpoke\n|poke|p1|Iron Valiant|\n|poke|p1|Copperajah, F|\n|poke|p1|Infernape, F|\n|poke|p1|Kilowattrel, F|\n|poke|p1|Garchomp, F|\n|poke|p1|Ditto|\n|poke|p2|Toedscruel, M|\n|poke|p2|Glastrier|\n|poke|p2|Heatran, M|\n|poke|p2|Ursaluna-Bloodmoon, M|\n|poke|p2|Scream Tail|\n|poke|p2|Dragapult, F|\n|teampreview\n|\n|t:|1699389345\n|start\n|switch|p1a: Goku|Infernape, F|100\/100\n|switch|p2a: Toedscruel|Toedscruel, M, shiny|100\/100\n|turn|1\n|\n|t:|1699389353\n|move|p1a: Goku|Flame Charge|p2a: Toedscruel\n|-supereffective|p2a: Toedscruel\n|-damage|p2a: Toedscruel|49\/100\n|-boost|p1a: Goku|spe|1\n|-enditem|p2a: Toedscruel|Sitrus Berry|[eat]\n|-heal|p2a: Toedscruel|74\/100|[from] item: Sitrus Berry\n|move|p2a: Toedscruel|Spore|p1a: Goku\n|-status|p1a: Goku|slp|[from] move: Spore\n|\n|upkeep\n|turn|2\n|\n|t:|1699389363\n|cant|p1a: Goku|slp\n|move|p2a: Toedscruel|Trick Room|p2a: Toedscruel\n|-fieldstart|move: Trick Room|[of] p2a: Toedscruel\n|\n|upkeep\n|turn|3\n|\n|t:|1699389372\n|switch|p2a: Ursaluna|Ursaluna-Bloodmoon, M|100\/100\n|switch|p1a: Slushie|Copperajah, F|100\/100\n|\n|upkeep\n|turn|4\n|\n|t:|1699389381\n|move|p2a: Ursaluna|Earth Power|p1a: Slushie\n|-supereffective|p1a: Slushie\n|-crit|p1a: Slushie\n|-damage|p1a: Slushie|0 fnt\n|faint|p1a: Slushie\n|\n|upkeep\n|\n|t:|1699389386\n|switch|p1a: Usopp|Ditto|100\/100\n|-transform|p1a: Usopp|p2a: Ursaluna|[from] ability: Imposter\n|turn|5\n|\n|t:|1699389392\n|move|p1a: Usopp|Blood Moon|p2a: Ursaluna\n|-damage|p2a: Ursaluna|49\/100\n|move|p2a: Ursaluna|Blood Moon|p1a: Usopp\n|-enditem|p1a: Usopp|Focus Sash\n|-damage|p1a: Usopp|1\/100\n|\n|upkeep\n|turn|6\n|\n|t:|1699389402\n|move|p2a: Ursaluna|Vacuum Wave|p1a: Usopp\n|-supereffective|p1a: Usopp\n|-damage|p1a: Usopp|0 fnt\n|faint|p1a: Usopp\n|\n|-fieldend|move: Trick Room\n|upkeep\n|\n|t:|1699389408\n|switch|p1a: Goku|Infernape, F|100\/100 slp\n|turn|7\n|\n|t:|1699389411\n|cant|p1a: Goku|slp\n|move|p2a: Ursaluna|Earth Power|p1a: Goku\n|-supereffective|p1a: Goku\n|-damage|p1a: Goku|0 fnt\n|faint|p1a: Goku\n|\n|upkeep\n|\n|t:|1699389418\n|switch|p1a: Franky|Iron Valiant, shiny|100\/100\n|-enditem|p1a: Franky|Booster Energy\n|-activate|p1a: Franky|ability: Quark Drive|[fromitem]\n|-start|p1a: Franky|quarkdriveatk\n|turn|8\n|\n|t:|1699389423\n|switch|p2a: Scream Tail|Scream Tail, shiny|100\/100\n|move|p1a: Franky|Drain Punch|p2a: Scream Tail\n|-resisted|p2a: Scream Tail\n|-damage|p2a: Scream Tail|90\/100\n|\n|-heal|p2a: Scream Tail|96\/100|[from] item: Leftovers\n|upkeep\n|turn|9\n|\n|t:|1699389432\n|-end|p1a: Franky|Quark Drive|[silent]\n|switch|p1a: Enel|Kilowattrel, F|100\/100\n|move|p2a: Scream Tail|Trick Room|p2a: Scream Tail\n|-fieldstart|move: Trick Room|[of] p2a: Scream Tail\n|\n|-heal|p2a: Scream Tail|100\/100|[from] item: Leftovers\n|upkeep\n|turn|10\n|\n|t:|1699389440\n|-end|p2a: Scream Tail|Protosynthesis|[silent]\n|switch|p2a: Glastrier|Glastrier|100\/100\n|move|p1a: Enel|Hurricane|p2a: Glastrier\n|-damage|p2a: Glastrier|72\/100\n|\n|upkeep\n|turn|11\n|\n|t:|1699389447\n|move|p2a: Glastrier|Icicle Crash|p1a: Enel\n|-supereffective|p1a: Enel\n|-damage|p1a: Enel|0 fnt\n|faint|p1a: Enel\n|-ability|p2a: Glastrier|Chilling Neigh|boost\n|-boost|p2a: Glastrier|atk|1\n|\n|upkeep\n|c|\u2606waterbutcolder|gg\n|\n|t:|1699389455\n|switch|p1a: Franky|Iron Valiant, shiny|100\/100\n|turn|12\n|\n|t:|1699389459\n|move|p2a: Glastrier|Icicle Crash|p1a: Franky\n|-damage|p1a: Franky|14\/100\n|move|p1a: Franky|Destiny Bond|p1a: Franky\n|-singlemove|p1a: Franky|Destiny Bond\n|\n|upkeep\n|turn|13\n|\n|t:|1699389466\n|move|p2a: Glastrier|Swords Dance|p2a: Glastrier\n|-boost|p2a: Glastrier|atk|2\n|move|p1a: Franky|Drain Punch|p2a: Glastrier\n|-supereffective|p2a: Glastrier\n|-damage|p2a: Glastrier|28\/100\n|-heal|p1a: Franky|45\/100|[from] drain|[of] p2a: Glastrier\n|\n|-fieldend|move: Trick Room\n|upkeep\n|turn|14\n|\n|t:|1699389476\n|move|p1a: Franky|Drain Punch|p2a: Glastrier\n|-supereffective|p2a: Glastrier\n|-damage|p2a: Glastrier|0 fnt\n|-heal|p1a: Franky|64\/100|[from] drain|[of] p2a: Glastrier\n|faint|p2a: Glastrier\n|\n|upkeep\n|\n|t:|1699389483\n|switch|p2a: Scream Tail|Scream Tail, shiny|100\/100\n|turn|15\n|\n|t:|1699389489\n|move|p1a: Franky|Knock Off|p2a: Scream Tail\n|-damage|p2a: Scream Tail|74\/100\n|-enditem|p2a: Scream Tail|Leftovers|[from] move: Knock Off|[of] p1a: Franky\n|move|p2a: Scream Tail|Trick Room|p2a: Scream Tail\n|-fieldstart|move: Trick Room|[of] p2a: Scream Tail\n|\n|upkeep\n|turn|16\n|\n|t:|1699389496\n|move|p2a: Scream Tail|Dazzling Gleam|p1a: Franky\n|-supereffective|p1a: Franky\n|-damage|p1a: Franky|0 fnt\n|faint|p1a: Franky\n|-end|p1a: Franky|Quark Drive|[silent]\n|\n|upkeep\n|\n|t:|1699389504\n|switch|p1a: Kaido|Garchomp, F|100\/100\n|turn|17\n|\n|t:|1699389509\n|move|p2a: Scream Tail|Dazzling Gleam|p1a: Kaido\n|-supereffective|p1a: Kaido\n|-damage|p1a: Kaido|58\/100\n|move|p1a: Kaido|Earthquake|p2a: Scream Tail\n|-damage|p2a: Scream Tail|36\/100\n|\n|-heal|p1a: Kaido|64\/100|[from] item: Leftovers\n|upkeep\n|turn|18\n|c|\u2606waterbutcolder|can you send the replay to discord\n|\n|t:|1699389519\n|move|p2a: Scream Tail|Dazzling Gleam|p1a: Kaido\n|-supereffective|p1a: Kaido\n|-damage|p1a: Kaido|23\/100\n|move|p1a: Kaido|Poison Jab|p2a: Scream Tail\n|-supereffective|p2a: Scream Tail\n|-crit|p2a: Scream Tail\n|-damage|p2a: Scream Tail|0 fnt\n|faint|p2a: Scream Tail\n|-end|p2a: Scream Tail|Protosynthesis|[silent]\n|\n|-heal|p1a: Kaido|29\/100|[from] item: Leftovers\n|upkeep\n|\n|t:|1699389527\n|switch|p2a: Ursaluna|Ursaluna-Bloodmoon, M|49\/100\n|turn|19\n|\n|t:|1699389532\n|move|p2a: Ursaluna|Blood Moon|p1a: Kaido\n|-damage|p1a: Kaido|0 fnt\n|faint|p1a: Kaido\n|\n|win|waterbutcolder\n|l|\u2606Jjjjjjjgamesyt\n|j|\u2606Jjjjjjjgamesyt\n|player|p1|Jjjjjjjgamesyt|1\n","uploadtime":1699389538,"views":25,"p1id":"jjjjjjjgamesyt","p2id":"waterbutcolder","formatid":"gen9nationaldexubers","rating":0,"private":0,"password":""}