{"id":"gen9nationaldexubers-1987332230","p1":"qzyyyds","p2":"85792195wwww","format":"[Gen 9] National Dex Ubers","log":"|j|\u2606qzyyyds\n|j|\u260685792195wwww\n|t:|1699578489\n|gametype|singles\n|player|p1|qzyyyds|102|1530\n|player|p2|85792195wwww|mira|1631\n|teamsize|p1|6\n|teamsize|p2|6\n|gen|9\n|tier|[Gen 9] National Dex Ubers\n|rated|\n|rule|HP Percentage Mod: HP is shown in percentages\n|rule|Endless Battle Clause: Forcing endless battles is banned\n|rule|OHKO Clause: OHKO moves are banned\n|rule|Evasion Moves Clause: Evasion moves are banned\n|rule|Evasion Items Clause: Evasion items are banned\n|rule|Species Clause: Limit one of each Pok\u00e9mon\n|rule|Sleep Clause Mod: Limit one foe put to sleep\n|rule|Mega Rayquaza Clause: You cannot mega evolve Rayquaza\n|clearpoke\n|poke|p1|Groudon|\n|poke|p1|Zygarde|\n|poke|p1|Arceus-Steel|\n|poke|p1|Marshadow|\n|poke|p1|Ho-Oh|\n|poke|p1|Rayquaza|\n|poke|p2|Kyurem-Black|\n|poke|p2|Krookodile, F|\n|poke|p2|Gholdengo|\n|poke|p2|Groudon|\n|poke|p2|Arceus-Ground|\n|poke|p2|Ribombee, F|\n|teampreview\n|\n|t:|1699578499\n|start\n|switch|p1a: Arceus|Arceus-Steel|100\/100\n|switch|p2a: Ribombee|Ribombee, F|100\/100\n|turn|1\n|\n|t:|1699578508\n|move|p2a: Ribombee|Sticky Web|p1a: Arceus\n|-sidestart|p1: qzyyyds|move: Sticky Web\n|move|p1a: Arceus|Toxic|p2a: Ribombee\n|-status|p2a: Ribombee|tox\n|\n|-damage|p2a: Ribombee|94\/100 tox|[from] psn\n|upkeep\n|turn|2\n|\n|t:|1699578521\n|move|p2a: Ribombee|Moonblast|p1a: Arceus\n|-resisted|p1a: Arceus\n|-damage|p1a: Arceus|86\/100\n|-unboost|p1a: Arceus|spa|1\n|move|p1a: Arceus|Stealth Rock|p2a: Ribombee\n|-sidestart|p2: 85792195wwww|move: Stealth Rock\n|\n|-damage|p2a: Ribombee|82\/100 tox|[from] psn\n|upkeep\n|turn|3\n|\n|t:|1699578532\n|move|p2a: Ribombee|Moonblast|p1a: Arceus\n|-resisted|p1a: Arceus\n|-damage|p1a: Arceus|73\/100\n|-unboost|p1a: Arceus|spa|1\n|move|p1a: Arceus|Cosmic Power|p1a: Arceus\n|-boost|p1a: Arceus|def|1\n|-boost|p1a: Arceus|spd|1\n|\n|-damage|p2a: Ribombee|64\/100 tox|[from] psn\n|upkeep\n|turn|4\n|\n|t:|1699578543\n|switch|p2a: Krookodile|Krookodile, F|100\/100\n|-damage|p2a: Krookodile|94\/100|[from] Stealth Rock\n|-ability|p2a: Krookodile|Intimidate|boost\n|-unboost|p1a: Arceus|atk|1\n|move|p1a: Arceus|Cosmic Power|p1a: Arceus\n|-boost|p1a: Arceus|def|1\n|-boost|p1a: Arceus|spd|1\n|\n|upkeep\n|turn|5\n|\n|t:|1699578553\n|move|p2a: Krookodile|Stealth Rock|p1a: Arceus\n|-sidestart|p1: qzyyyds|move: Stealth Rock\n|move|p1a: Arceus|Toxic|p2a: Krookodile\n|-status|p2a: Krookodile|tox\n|\n|-damage|p2a: Krookodile|88\/100 tox|[from] psn\n|upkeep\n|turn|6\n|\n|t:|1699578563\n|switch|p2a: Gholdengo|Gholdengo|100\/100\n|-damage|p2a: Gholdengo|94\/100|[from] Stealth Rock\n|-item|p2a: Gholdengo|Air Balloon\n|move|p1a: Arceus|Cosmic Power|p1a: Arceus\n|-boost|p1a: Arceus|def|1\n|-boost|p1a: Arceus|spd|1\n|\n|upkeep\n|turn|7\n|\n|t:|1699578572\n|switch|p1a: Ho-Oh|Ho-Oh|100\/100\n|move|p2a: Gholdengo|Nasty Plot|p2a: Gholdengo\n|-boost|p2a: Gholdengo|spa|2\n|\n|upkeep\n|turn|8\n|\n|t:|1699578585\n|move|p2a: Gholdengo|Shadow Ball|p1a: Ho-Oh\n|-damage|p1a: Ho-Oh|64\/100\n|move|p1a: Ho-Oh|Defog|p2a: Gholdengo\n|-immune|p2a: Gholdengo|[from] ability: Good as Gold\n|\n|upkeep\n|turn|9\n|\n|t:|1699578594\n|move|p2a: Gholdengo|Shadow Ball|p1a: Ho-Oh\n|-damage|p1a: Ho-Oh|30\/100\n|move|p1a: Ho-Oh|Thunder Wave|p2a: Gholdengo\n|-immune|p2a: Gholdengo|[from] ability: Good as Gold\n|\n|upkeep\n|turn|10\n|\n|t:|1699578603\n|switch|p1a: Arceus|Arceus-Steel|73\/100\n|-activate|p1a: Arceus|move: Sticky Web\n|-unboost|p1a: Arceus|spe|1\n|-damage|p1a: Arceus|67\/100|[from] Stealth Rock\n|move|p2a: Gholdengo|Shadow Ball|p1a: Arceus\n|-damage|p1a: Arceus|9\/100\n|-unboost|p1a: Arceus|spd|1\n|\n|upkeep\n|turn|11\n|\n|t:|1699578614\n|move|p2a: Gholdengo|Nasty Plot|p2a: Gholdengo\n|-boost|p2a: Gholdengo|spa|2\n|move|p1a: Arceus|Recover|p1a: Arceus\n|-heal|p1a: Arceus|59\/100\n|\n|upkeep\n|turn|12\n|\n|t:|1699578621\n|move|p2a: Gholdengo|Nasty Plot|p2a: Gholdengo\n|-boost|p2a: Gholdengo|spa|2\n|move|p1a: Arceus|Toxic|p2a: Gholdengo\n|-immune|p2a: Gholdengo|[from] ability: Good as Gold\n|\n|upkeep\n|turn|13\n|\n|t:|1699578628\n|move|p2a: Gholdengo|Substitute|p2a: Gholdengo\n|-start|p2a: Gholdengo|Substitute\n|-damage|p2a: Gholdengo|70\/100\n|move|p1a: Arceus|Recover|p1a: Arceus\n|-heal|p1a: Arceus|100\/100\n|\n|upkeep\n|turn|14\n|\n|t:|1699578635\n|move|p2a: Gholdengo|Shadow Ball|p1a: Arceus\n|-damage|p1a: Arceus|0 fnt\n|faint|p1a: Arceus\n|\n|upkeep\n|\n|t:|1699578643\n|switch|p1a: Groudon|Groudon|100\/100\n|-activate|p1a: Groudon|move: Sticky Web\n|-unboost|p1a: Groudon|spe|1\n|-damage|p1a: Groudon|94\/100|[from] Stealth Rock\n|detailschange|p1a: Groudon|Groudon-Primal\n|-primal|p1a: Groudon|Red Orb\n|-weather|DesolateLand|[from] ability: Desolate Land|[of] p1a: Groudon\n|turn|15\n|\n|t:|1699578652\n|move|p2a: Gholdengo|Shadow Ball|p1a: Groudon\n|-crit|p1a: Groudon\n|-damage|p1a: Groudon|0 fnt\n|faint|p1a: Groudon\n|-weather|none\n|\n|upkeep\n|\n|t:|1699578657\n|switch|p1a: Marshadow|Marshadow|100\/100\n|-activate|p1a: Marshadow|move: Sticky Web\n|-unboost|p1a: Marshadow|spe|1\n|-damage|p1a: Marshadow|94\/100|[from] Stealth Rock\n|turn|16\n|\n|t:|1699578664\n|move|p2a: Gholdengo|Shadow Ball|p1a: Marshadow\n|-supereffective|p1a: Marshadow\n|-damage|p1a: Marshadow|0 fnt\n|faint|p1a: Marshadow\n|\n|upkeep\n|\n|t:|1699578672\n|switch|p1a: Ho-Oh|Ho-Oh|63\/100\n|turn|17\n|\n|t:|1699578675\n|move|p2a: Gholdengo|Shadow Ball|p1a: Ho-Oh\n|-damage|p1a: Ho-Oh|0 fnt\n|faint|p1a: Ho-Oh\n|\n|upkeep\n|-message|qzyyyds forfeited.\n|\n|win|85792195wwww\n|raw|qzyyyds's rating: 1530 &rarr; <strong>1516<\/strong><br \/>(-14 for losing)\n|raw|85792195wwww's rating: 1631 &rarr; <strong>1645<\/strong><br \/>(+14 for winning)\n|l|\u2606qzyyyds\n","uploadtime":1699578684,"views":21,"p1id":"qzyyyds","p2id":"85792195wwww","formatid":"gen9nationaldexubers","rating":1516,"private":0,"password":""}