{"id":"gen9nationaldexubers-1983834486","p1":"Victory494","p2":"LigerCal13","format":"[Gen 9] National Dex Ubers","log":"|j|\u2606Victory494\n|j|\u2606LigerCal13\n|t:|1699189303\n|gametype|singles\n|player|p1|Victory494|larry|\n|player|p2|LigerCal13|169|\n|teamsize|p1|6\n|teamsize|p2|6\n|gen|9\n|tier|[Gen 9] National Dex Ubers\n|rule|HP Percentage Mod: HP is shown in percentages\n|rule|Endless Battle Clause: Forcing endless battles is banned\n|rule|OHKO Clause: OHKO moves are banned\n|rule|Evasion Moves Clause: Evasion moves are banned\n|rule|Evasion Items Clause: Evasion items are banned\n|rule|Species Clause: Limit one of each Pok\u00e9mon\n|rule|Sleep Clause Mod: Limit one foe put to sleep\n|rule|Mega Rayquaza Clause: You cannot mega evolve Rayquaza\n|clearpoke\n|poke|p1|Sableye, F|\n|poke|p1|Tyranitar, F|\n|poke|p1|Ditto|\n|poke|p1|Skeledirge, M|\n|poke|p1|Clodsire, M|\n|poke|p1|Wooper, F|\n|poke|p2|Tyrantrum, M|\n|poke|p2|Gardevoir, F|\n|poke|p2|Charizard, M|\n|poke|p2|Lucario, M|\n|poke|p2|Greninja-*, M|\n|poke|p2|Torterra, M|\n|teampreview\n|\n|t:|1699189315\n|start\n|switch|p1a: Its HIM CHAT|Wooper, F|100\/100\n|switch|p2a: Blud|Tyrantrum, M|100\/100\n|turn|1\n|\n|t:|1699189352\n|move|p2a: Blud|Head Smash|p1a: Its HIM CHAT|[miss]\n|-miss|p2a: Blud|p1a: Its HIM CHAT\n|move|p1a: Its HIM CHAT|Counter||[still]\n|-fail|p1a: Its HIM CHAT\n|\n|upkeep\n|turn|2\n|\n|t:|1699189361\n|move|p2a: Blud|Head Smash|p1a: Its HIM CHAT|[miss]\n|-miss|p2a: Blud|p1a: Its HIM CHAT\n|move|p1a: Its HIM CHAT|Counter||[still]\n|-fail|p1a: Its HIM CHAT\n|\n|upkeep\n|turn|3\n|\n|t:|1699189367\n|move|p2a: Blud|Head Smash|p1a: Its HIM CHAT\n|-resisted|p1a: Its HIM CHAT\n|-damage|p1a: Its HIM CHAT|14\/100\n|move|p1a: Its HIM CHAT|Counter|p2a: Blud\n|-damage|p2a: Blud|0 fnt\n|faint|p2a: Blud\n|\n|upkeep\n|\n|t:|1699189374\n|switch|p2a: Baja|Greninja, M|100\/100\n|turn|4\n|\n|t:|1699189377\n|move|p2a: Baja|Water Shuriken|p1a: Its HIM CHAT\n|-damage|p1a: Its HIM CHAT|0 fnt\n|faint|p1a: Its HIM CHAT\n|-ability|p2a: Baja|Battle Bond|boost\n|-boost|p2a: Baja|atk|1\n|-boost|p2a: Baja|spa|1\n|-boost|p2a: Baja|spe|1\n|-activate|p2a: Baja|ability: Battle Bond\n|-hitcount|p1: Its HIM CHAT|1\n|\n|upkeep\n|\n|t:|1699189380\n|switch|p1a: Blorb|Clodsire, M|100\/100\n|turn|5\n|\n|t:|1699189433\n|switch|p2a: Solterra|Torterra, M|100\/100\n|move|p1a: Blorb|Earthquake|p2a: Solterra\n|-resisted|p2a: Solterra\n|-damage|p2a: Solterra|90\/100\n|\n|-heal|p2a: Solterra|96\/100|[from] item: Leftovers\n|upkeep\n|turn|6\n|\n|t:|1699189457\n|switch|p1a: Tumor|Sableye, F|100\/100\n|move|p2a: Solterra|Seed Bomb|p1a: Tumor\n|-damage|p1a: Tumor|49\/100\n|\n|-heal|p2a: Solterra|100\/100|[from] item: Leftovers\n|upkeep\n|turn|7\n|\n|t:|1699189473\n|detailschange|p1a: Tumor|Sableye-Mega, F\n|-mega|p1a: Tumor|Sableye|Sablenite\n|move|p2a: Solterra|Earthquake|p1a: Tumor\n|-damage|p1a: Tumor|5\/100\n|move|p1a: Tumor|Recover|p1a: Tumor\n|-heal|p1a: Tumor|55\/100\n|\n|upkeep\n|turn|8\n|\n|t:|1699189499\n|move|p2a: Solterra|Earthquake|p1a: Tumor\n|-damage|p1a: Tumor|11\/100\n|move|p1a: Tumor|Recover|p1a: Tumor\n|-heal|p1a: Tumor|61\/100\n|\n|upkeep\n|turn|9\n|\n|t:|1699189531\n|switch|p1a: Ditto Brando|Ditto|100\/100\n|-transform|p1a: Ditto Brando|p2a: Solterra|[from] ability: Imposter\n|move|p2a: Solterra|Seed Bomb|p1a: Ditto Brando\n|-damage|p1a: Ditto Brando|54\/100\n|\n|upkeep\n|turn|10\n|\n|t:|1699189546\n|switch|p1a: Tumor|Sableye-Mega, F|61\/100\n|move|p2a: Solterra|Earthquake|p1a: Tumor\n|-damage|p1a: Tumor|16\/100\n|\n|upkeep\n|turn|11\n|\n|t:|1699189556\n|move|p2a: Solterra|Earthquake|p1a: Tumor\n|-crit|p1a: Tumor\n|-damage|p1a: Tumor|0 fnt\n|faint|p1a: Tumor\n|\n|upkeep\n|\n|t:|1699189568\n|switch|p1a: Florida Man|Skeledirge, M|100\/100\n|turn|12\n|\n|t:|1699189596\n|-terastallize|p2a: Solterra|Fire\n|move|p1a: Florida Man|Torch Song|p2a: Solterra\n|-resisted|p2a: Solterra\n|-damage|p2a: Solterra|85\/100\n|-boost|p1a: Florida Man|spa|1\n|move|p2a: Solterra|Earthquake|p1a: Florida Man\n|-supereffective|p1a: Florida Man\n|-damage|p1a: Florida Man|39\/100\n|\n|-heal|p1a: Florida Man|45\/100|[from] item: Leftovers\n|-heal|p2a: Solterra|91\/100|[from] item: Leftovers\n|upkeep\n|turn|13\n|\n|t:|1699189615\n|-terastallize|p1a: Florida Man|Fairy\n|move|p1a: Florida Man|Slack Off|p1a: Florida Man\n|-heal|p1a: Florida Man|95\/100\n|move|p2a: Solterra|Earthquake|p1a: Florida Man\n|-damage|p1a: Florida Man|64\/100\n|\n|-heal|p1a: Florida Man|70\/100|[from] item: Leftovers\n|-heal|p2a: Solterra|97\/100|[from] item: Leftovers\n|upkeep\n|turn|14\n|\n|t:|1699189639\n|move|p1a: Florida Man|Torch Song|p2a: Solterra\n|-resisted|p2a: Solterra\n|-damage|p2a: Solterra|75\/100\n|-boost|p1a: Florida Man|spa|1\n|move|p2a: Solterra|Leech Seed|p1a: Florida Man\n|-start|p1a: Florida Man|move: Leech Seed\n|\n|-heal|p1a: Florida Man|76\/100|[from] item: Leftovers\n|-heal|p2a: Solterra|81\/100|[from] item: Leftovers\n|-damage|p1a: Florida Man|64\/100|[from] Leech Seed|[of] p2a: Solterra\n|-heal|p2a: Solterra|94\/100|[silent]\n|upkeep\n|turn|15\n|\n|t:|1699189657\n|move|p1a: Florida Man|Torch Song|p2a: Solterra\n|-resisted|p2a: Solterra\n|-damage|p2a: Solterra|67\/100\n|-boost|p1a: Florida Man|spa|1\n|move|p2a: Solterra|Earthquake|p1a: Florida Man\n|-damage|p1a: Florida Man|35\/100\n|\n|-heal|p1a: Florida Man|41\/100|[from] item: Leftovers\n|-heal|p2a: Solterra|73\/100|[from] item: Leftovers\n|-damage|p1a: Florida Man|29\/100|[from] Leech Seed|[of] p2a: Solterra\n|-heal|p2a: Solterra|86\/100|[silent]\n|upkeep\n|turn|16\n|\n|t:|1699189668\n|move|p1a: Florida Man|Slack Off|p1a: Florida Man\n|-heal|p1a: Florida Man|79\/100\n|move|p2a: Solterra|Stealth Rock|p1a: Florida Man\n|-sidestart|p1: Victory494|move: Stealth Rock\n|\n|-heal|p1a: Florida Man|85\/100|[from] item: Leftovers\n|-heal|p2a: Solterra|92\/100|[from] item: Leftovers\n|-damage|p1a: Florida Man|73\/100|[from] Leech Seed|[of] p2a: Solterra\n|-heal|p2a: Solterra|100\/100|[silent]\n|upkeep\n|turn|17\n|\n|t:|1699189679\n|move|p1a: Florida Man|Hex|p2a: Solterra\n|-damage|p2a: Solterra|43\/100\n|move|p2a: Solterra|Earthquake|p1a: Florida Man\n|-damage|p1a: Florida Man|41\/100\n|\n|-heal|p1a: Florida Man|47\/100|[from] item: Leftovers\n|-heal|p2a: Solterra|49\/100|[from] item: Leftovers\n|-damage|p1a: Florida Man|35\/100|[from] Leech Seed|[of] p2a: Solterra\n|-heal|p2a: Solterra|62\/100|[silent]\n|upkeep\n|turn|18\n|\n|t:|1699189691\n|move|p1a: Florida Man|Slack Off|p1a: Florida Man\n|-heal|p1a: Florida Man|85\/100\n|move|p2a: Solterra|Earthquake|p1a: Florida Man\n|-damage|p1a: Florida Man|54\/100\n|\n|-heal|p1a: Florida Man|60\/100|[from] item: Leftovers\n|-heal|p2a: Solterra|68\/100|[from] item: Leftovers\n|-damage|p1a: Florida Man|47\/100|[from] Leech Seed|[of] p2a: Solterra\n|-heal|p2a: Solterra|81\/100|[silent]\n|upkeep\n|turn|19\n|\n|t:|1699189709\n|move|p1a: Florida Man|Slack Off|p1a: Florida Man\n|-heal|p1a: Florida Man|97\/100\n|move|p2a: Solterra|Earthquake|p1a: Florida Man\n|-damage|p1a: Florida Man|68\/100\n|\n|-heal|p1a: Florida Man|74\/100|[from] item: Leftovers\n|-heal|p2a: Solterra|87\/100|[from] item: Leftovers\n|-damage|p1a: Florida Man|62\/100|[from] Leech Seed|[of] p2a: Solterra\n|-heal|p2a: Solterra|99\/100|[silent]\n|upkeep\n|turn|20\n|\n|t:|1699189723\n|move|p1a: Florida Man|Torch Song|p2a: Solterra\n|-resisted|p2a: Solterra\n|-damage|p2a: Solterra|66\/100\n|-boost|p1a: Florida Man|spa|1\n|move|p2a: Solterra|Earthquake|p1a: Florida Man\n|-damage|p1a: Florida Man|31\/100\n|\n|-heal|p1a: Florida Man|37\/100|[from] item: Leftovers\n|-heal|p2a: Solterra|72\/100|[from] item: Leftovers\n|-damage|p1a: Florida Man|25\/100|[from] Leech Seed|[of] p2a: Solterra\n|-heal|p2a: Solterra|85\/100|[silent]\n|upkeep\n|turn|21\n|\n|t:|1699189737\n|move|p1a: Florida Man|Slack Off|p1a: Florida Man\n|-heal|p1a: Florida Man|75\/100\n|move|p2a: Solterra|Seed Bomb|p1a: Florida Man\n|-damage|p1a: Florida Man|50\/100\n|\n|-heal|p1a: Florida Man|57\/100|[from] item: Leftovers\n|-heal|p2a: Solterra|91\/100|[from] item: Leftovers\n|-damage|p1a: Florida Man|44\/100|[from] Leech Seed|[of] p2a: Solterra\n|-heal|p2a: Solterra|100\/100|[silent]\n|upkeep\n|turn|22\n|\n|t:|1699189749\n|move|p1a: Florida Man|Slack Off|p1a: Florida Man\n|-heal|p1a: Florida Man|94\/100\n|move|p2a: Solterra|Seed Bomb|p1a: Florida Man\n|-damage|p1a: Florida Man|70\/100\n|\n|-heal|p1a: Florida Man|76\/100|[from] item: Leftovers\n|-damage|p1a: Florida Man|64\/100|[from] Leech Seed|[of] p2a: Solterra\n|upkeep\n|turn|23\n|\n|t:|1699189758\n|move|p1a: Florida Man|Hex|p2a: Solterra\n|-damage|p2a: Solterra|31\/100\n|move|p2a: Solterra|Seed Bomb|p1a: Florida Man\n|-damage|p1a: Florida Man|40\/100\n|\n|-heal|p1a: Florida Man|46\/100|[from] item: Leftovers\n|-heal|p2a: Solterra|37\/100|[from] item: Leftovers\n|-damage|p1a: Florida Man|34\/100|[from] Leech Seed|[of] p2a: Solterra\n|-heal|p2a: Solterra|50\/100|[silent]\n|upkeep\n|turn|24\n|\n|t:|1699189769\n|move|p1a: Florida Man|Hex|p2a: Solterra\n|-damage|p2a: Solterra|0 fnt\n|faint|p2a: Solterra\n|\n|-heal|p1a: Florida Man|40\/100|[from] item: Leftovers\n|upkeep\n|\n|t:|1699189827\n|switch|p2a: Atlas|Lucario, M|100\/100\n|turn|25\n|\n|t:|1699189834\n|move|p2a: Atlas|Meteor Mash|p1a: Florida Man|[miss]\n|-miss|p2a: Atlas|p1a: Florida Man\n|move|p1a: Florida Man|Torch Song|p2a: Atlas\n|-supereffective|p2a: Atlas\n|-damage|p2a: Atlas|0 fnt\n|-boost|p1a: Florida Man|spa|1\n|faint|p2a: Atlas\n|\n|-heal|p1a: Florida Man|46\/100|[from] item: Leftovers\n|upkeep\n|\n|t:|1699189867\n|switch|p2a: Vivio|Gardevoir, F, shiny|100\/100\n|-ability|p2a: Vivio|Unaware|[from] ability: Trace|[of] p1a: Florida Man\n|turn|26\n|\n|t:|1699189901\n|switch|p1a: Blorb|Clodsire, M|100\/100\n|-damage|p1a: Blorb|94\/100|[from] Stealth Rock\n|detailschange|p2a: Vivio|Gardevoir-Mega, F, shiny\n|-mega|p2a: Vivio|Gardevoir|Gardevoirite\n|move|p2a: Vivio|Hyper Voice|p1a: Blorb\n|-resisted|p1a: Blorb\n|-damage|p1a: Blorb|75\/100\n|\n|-heal|p1a: Blorb|82\/100|[from] item: Leftovers\n|upkeep\n|turn|27\n|\n|t:|1699189934\n|move|p2a: Vivio|Psychic|p1a: Blorb\n|-supereffective|p1a: Blorb\n|-damage|p1a: Blorb|18\/100\n|move|p1a: Blorb|Poison Jab|p2a: Vivio\n|-supereffective|p2a: Vivio\n|-damage|p2a: Vivio|17\/100\n|\n|-heal|p1a: Blorb|24\/100|[from] item: Leftovers\n|upkeep\n|turn|28\n|\n|t:|1699189955\n|move|p2a: Vivio|Psychic|p1a: Blorb\n|-supereffective|p1a: Blorb\n|-damage|p1a: Blorb|0 fnt\n|faint|p1a: Blorb\n|\n|upkeep\n|\n|t:|1699189960\n|switch|p1a: Ditto Brando|Ditto|54\/100\n|-damage|p1a: Ditto Brando|42\/100|[from] Stealth Rock\n|-transform|p1a: Ditto Brando|p2a: Vivio|[from] ability: Imposter\n|turn|29\n|\n|t:|1699189978\n|switch|p2a: Baja|Greninja, M|100\/100\n|move|p1a: Ditto Brando|Thunderbolt|p2a: Baja\n|-supereffective|p2a: Baja\n|-damage|p2a: Baja|0 fnt\n|faint|p2a: Baja\n|\n|upkeep\n|\n|t:|1699189991\n|switch|p2a: Hewowo|Charizard, M|100\/100\n|turn|30\n|\n|t:|1699190011\n|move|p1a: Ditto Brando|Thunderbolt|p2a: Hewowo\n|-supereffective|p2a: Hewowo\n|-damage|p2a: Hewowo|10\/100\n|-enditem|p2a: Hewowo|Salac Berry|[eat]\n|-boost|p2a: Hewowo|spe|1|[from] item: Salac Berry\n|move|p2a: Hewowo|Acrobatics|p1a: Ditto Brando\n|-damage|p1a: Ditto Brando|0 fnt\n|faint|p1a: Ditto Brando\n|\n|upkeep\n|\n|t:|1699190023\n|switch|p1a: Hunter|Tyranitar, F|100\/100\n|-damage|p1a: Hunter|88\/100|[from] Stealth Rock\n|-weather|Sandstorm|[from] ability: Sand Stream|[of] p1a: Hunter\n|turn|31\n|\n|t:|1699190042\n|move|p2a: Hewowo|Acrobatics|p1a: Hunter\n|-resisted|p1a: Hunter\n|-damage|p1a: Hunter|73\/100\n|move|p1a: Hunter|Crunch|p2a: Hewowo\n|-damage|p2a: Hewowo|0 fnt\n|faint|p2a: Hewowo\n|\n|-weather|Sandstorm|[upkeep]\n|upkeep\n|\n|t:|1699190050\n|switch|p2a: Vivio|Gardevoir-Mega, F, shiny|17\/100\n|turn|32\n|\n|t:|1699190063\n|move|p2a: Vivio|Aura Sphere|p1a: Hunter\n|-supereffective|p1a: Hunter\n|-damage|p1a: Hunter|0 fnt\n|faint|p1a: Hunter\n|\n|-weather|Sandstorm|[upkeep]\n|-damage|p2a: Vivio|11\/100|[from] Sandstorm\n|upkeep\n|\n|t:|1699190068\n|switch|p1a: Florida Man|Skeledirge, M, tera:Fairy|46\/100\n|-damage|p1a: Florida Man|34\/100|[from] Stealth Rock\n|turn|33\n|\n|t:|1699190088\n|move|p2a: Vivio|Hyper Voice|p1a: Florida Man\n|-damage|p1a: Florida Man|0 fnt\n|faint|p1a: Florida Man\n|\n|win|LigerCal13\n","uploadtime":1699190205,"views":7,"p1id":"victory494","p2id":"ligercal13","formatid":"gen9nationaldexubers","rating":0,"private":0,"password":""}