{"id":"gen9nationaldexubers-1983220955","p1":"XerneasStan","p2":"The power of ROCK","format":"[Gen 9] National Dex Ubers","log":"|j|\u2606XerneasStan\n|j|\u2606The power of ROCK\n|t:|1699106953\n|gametype|singles\n|player|p1|XerneasStan|iris|\n|player|p2|The power of ROCK|roark|\n|teamsize|p1|6\n|teamsize|p2|6\n|gen|9\n|tier|[Gen 9] National Dex Ubers\n|rated|Tournament battle\n|rule|HP Percentage Mod: HP is shown in percentages\n|rule|Endless Battle Clause: Forcing endless battles is banned\n|rule|OHKO Clause: OHKO moves are banned\n|rule|Evasion Moves Clause: Evasion moves are banned\n|rule|Evasion Items Clause: Evasion items are banned\n|rule|Species Clause: Limit one of each Pok\u00e9mon\n|rule|Sleep Clause Mod: Limit one foe put to sleep\n|rule|Mega Rayquaza Clause: You cannot mega evolve Rayquaza\n|clearpoke\n|poke|p1|Deoxys-Speed|\n|poke|p1|Necrozma-Dusk-Mane|\n|poke|p1|Groudon|\n|poke|p1|Xerneas-*|\n|poke|p1|Zygarde|\n|poke|p1|Arceus|\n|poke|p2|Tyranitar, F|\n|poke|p2|Garganacl, F|\n|poke|p2|Aggron, M|\n|poke|p2|Glimmora, F|\n|poke|p2|Cradily, M|\n|poke|p2|Probopass, L1, F|\n|teampreview\n|inactive|Battle timer is ON: inactive players will automatically lose when time's up. (requested by XerneasStan)\n|\n|t:|1699106977\n|start\n|switch|p1a: Deoxys|Deoxys-Speed|100\/100\n|switch|p2a: Cradily|Cradily, M|100\/100\n|-ability|p1a: Deoxys|Pressure\n|turn|1\n|\n|t:|1699106981\n|move|p1a: Deoxys|Stealth Rock|p2a: Cradily\n|-sidestart|p2: The power of ROCK|move: Stealth Rock\n|move|p2a: Cradily|Infestation|p1a: Deoxys\n|-supereffective|p1a: Deoxys\n|-damage|p1a: Deoxys|91\/100\n|-activate|p1a: Deoxys|move: Infestation|[of] p2a: Cradily\n|\n|-damage|p1a: Deoxys|75\/100|[from] move: Infestation|[partiallytrapped]\n|upkeep\n|turn|2\n|\n|t:|1699106989\n|move|p1a: Deoxys|Spikes|p2a: Cradily\n|-sidestart|p2: The power of ROCK|Spikes\n|move|p2a: Cradily|Leech Seed|p1a: Deoxys\n|-start|p1a: Deoxys|move: Leech Seed\n|\n|-damage|p1a: Deoxys|63\/100|[from] Leech Seed|[of] p2a: Cradily\n|-damage|p1a: Deoxys|46\/100|[from] move: Infestation|[partiallytrapped]\n|upkeep\n|turn|3\n|\n|t:|1699106996\n|move|p1a: Deoxys|Spikes|p2a: Cradily\n|-sidestart|p2: The power of ROCK|Spikes\n|move|p2a: Cradily|Infestation|p1a: Deoxys\n|-supereffective|p1a: Deoxys\n|-damage|p1a: Deoxys|37\/100\n|\n|-damage|p1a: Deoxys|25\/100|[from] Leech Seed|[of] p2a: Cradily\n|-damage|p1a: Deoxys|8\/100|[from] move: Infestation|[partiallytrapped]\n|upkeep\n|turn|4\n|\n|t:|1699106998\n|move|p1a: Deoxys|Spikes|p2a: Cradily\n|-sidestart|p2: The power of ROCK|Spikes\n|move|p2a: Cradily|Infestation|p1a: Deoxys\n|-supereffective|p1a: Deoxys\n|-damage|p1a: Deoxys|0 fnt\n|faint|p1a: Deoxys\n|\n|upkeep\n|\n|t:|1699107016\n|switch|p1a: Necrozma|Necrozma-Dusk-Mane|100\/100\n|turn|5\n|\n|t:|1699107022\n|move|p1a: Necrozma|Sunsteel Strike|p2a: Cradily\n|-supereffective|p2a: Cradily\n|-damage|p2a: Cradily|7\/100\n|move|p2a: Cradily|Leech Seed|p1a: Necrozma\n|-start|p1a: Necrozma|move: Leech Seed\n|\n|-damage|p1a: Necrozma|88\/100|[from] Leech Seed|[of] p2a: Cradily\n|-heal|p2a: Cradily|18\/100|[silent]\n|upkeep\n|turn|6\n|j| stestatsuki\n|\n|t:|1699107030\n|move|p1a: Necrozma|Sunsteel Strike|p2a: Cradily\n|-supereffective|p2a: Cradily\n|-damage|p2a: Cradily|0 fnt\n|faint|p2a: Cradily\n|\n|upkeep\n|\n|t:|1699107035\n|switch|p2a: Probopass|Probopass, L1, F|100\/100\n|turn|7\n|\n|t:|1699107044\n|switch|p1a: Arceus|Arceus|100\/100\n|move|p2a: Probopass|Protect||[still]\n|-fail|p2a: Probopass\n|\n|upkeep\n|turn|8\n|\n|t:|1699107053\n|move|p1a: Arceus|Earthquake|p2a: Probopass\n|-supereffective|p2a: Probopass\n|-ability|p2a: Probopass|Sturdy\n|-damage|p2a: Probopass|9\/100\n|move|p2a: Probopass|Pain Split|p1a: Arceus\n|-sethp|p1a: Arceus|51\/100|[from] move: Pain Split|[silent]\n|-sethp|p2a: Probopass|100\/100|[from] move: Pain Split\n|\n|upkeep\n|turn|9\n|\n|t:|1699107063\n|move|p1a: Arceus|Earthquake|p2a: Probopass\n|-supereffective|p2a: Probopass\n|-ability|p2a: Probopass|Sturdy\n|-damage|p2a: Probopass|9\/100\n|move|p2a: Probopass|Pain Split|p1a: Arceus\n|-sethp|p1a: Arceus|26\/100|[from] move: Pain Split|[silent]\n|-sethp|p2a: Probopass|100\/100|[from] move: Pain Split\n|\n|upkeep\n|turn|10\n|\n|t:|1699107065\n|move|p1a: Arceus|Earthquake|p2a: Probopass\n|-supereffective|p2a: Probopass\n|-ability|p2a: Probopass|Sturdy\n|-damage|p2a: Probopass|9\/100\n|move|p2a: Probopass|Pain Split|p1a: Arceus\n|-sethp|p1a: Arceus|13\/100|[from] move: Pain Split|[silent]\n|-sethp|p2a: Probopass|100\/100|[from] move: Pain Split\n|\n|upkeep\n|turn|11\n|l| stestatsuki\n|\n|t:|1699107069\n|move|p1a: Arceus|Earthquake|p2a: Probopass\n|-supereffective|p2a: Probopass\n|-ability|p2a: Probopass|Sturdy\n|-damage|p2a: Probopass|9\/100\n|move|p2a: Probopass|Pain Split|p1a: Arceus\n|-sethp|p1a: Arceus|7\/100|[from] move: Pain Split|[silent]\n|-sethp|p2a: Probopass|100\/100|[from] move: Pain Split\n|\n|upkeep\n|turn|12\n|\n|t:|1699107085\n|switch|p2a: Tyranitar|Tyranitar, F|100\/100\n|-damage|p2a: Tyranitar|88\/100|[from] Stealth Rock\n|-damage|p2a: Tyranitar|63\/100|[from] Spikes\n|-weather|Sandstorm|[from] ability: Sand Stream|[of] p2a: Tyranitar\n|move|p1a: Arceus|Earthquake|p2a: Tyranitar\n|-supereffective|p2a: Tyranitar\n|-damage|p2a: Tyranitar|6\/100\n|\n|-weather|Sandstorm|[upkeep]\n|-damage|p1a: Arceus|1\/100|[from] Sandstorm\n|upkeep\n|turn|13\n|\n|t:|1699107094\n|switch|p1a: Zygarde|Zygarde|100\/100\n|move|p2a: Tyranitar|Rock Blast|p1a: Zygarde\n|-resisted|p1a: Zygarde\n|-damage|p1a: Zygarde|96\/100\n|-resisted|p1a: Zygarde\n|-damage|p1a: Zygarde|92\/100\n|-resisted|p1a: Zygarde\n|-damage|p1a: Zygarde|88\/100\n|-hitcount|p1a: Zygarde|3\n|\n|-weather|Sandstorm|[upkeep]\n|-heal|p1a: Zygarde|94\/100|[from] item: Leftovers\n|upkeep\n|turn|14\n|\n|t:|1699107100\n|move|p1a: Zygarde|Substitute|p1a: Zygarde\n|-start|p1a: Zygarde|Substitute\n|-damage|p1a: Zygarde|69\/100\n|move|p2a: Tyranitar|Knock Off|p1a: Zygarde\n|-end|p1a: Zygarde|Substitute\n|\n|-weather|Sandstorm|[upkeep]\n|-heal|p1a: Zygarde|75\/100|[from] item: Leftovers\n|upkeep\n|turn|15\n|\n|t:|1699107103\n|move|p1a: Zygarde|Substitute|p1a: Zygarde\n|-start|p1a: Zygarde|Substitute\n|-damage|p1a: Zygarde|50\/100\n|move|p2a: Tyranitar|Knock Off|p1a: Zygarde\n|-end|p1a: Zygarde|Substitute\n|\n|-weather|Sandstorm|[upkeep]\n|-heal|p1a: Zygarde|57\/100|[from] item: Leftovers\n|upkeep\n|turn|16\n|\n|t:|1699107106\n|move|p1a: Zygarde|Substitute|p1a: Zygarde\n|-start|p1a: Zygarde|Substitute\n|-damage|p1a: Zygarde|32\/100\n|move|p2a: Tyranitar|Knock Off|p1a: Zygarde\n|-end|p1a: Zygarde|Substitute\n|\n|-weather|none\n|-heal|p1a: Zygarde|38\/100|[from] item: Leftovers\n|-activate|p1a: Zygarde|ability: Power Construct\n|detailschange|p1a: Zygarde|Zygarde-Complete\n|-heal|p1a: Zygarde|61\/100|[silent]\n|upkeep\n|turn|17\n|\n|t:|1699107119\n|switch|p1a: Xerneas|Xerneas|100\/100\n|-ability|p1a: Xerneas|Fairy Aura\n|switch|p2a: Glimmora|Glimmora, F|100\/100\n|-damage|p2a: Glimmora|88\/100|[from] Stealth Rock\n|-damage|p2a: Glimmora|63\/100|[from] Spikes\n|\n|upkeep\n|turn|18\n|\n|t:|1699107122\n|switch|p1a: Necrozma|Necrozma-Dusk-Mane|88\/100\n|move|p2a: Glimmora|Mortal Spin|p1a: Necrozma\n|-immune|p1a: Necrozma\n|\n|upkeep\n|turn|19\n|\n|t:|1699107127\n|move|p2a: Glimmora|Mortal Spin|p1a: Necrozma\n|-immune|p1a: Necrozma\n|move|p1a: Necrozma|Dragon Dance|p1a: Necrozma\n|-boost|p1a: Necrozma|atk|1\n|-boost|p1a: Necrozma|spe|1\n|\n|upkeep\n|turn|20\n|\n|t:|1699107140\n|switch|p2a: Aggron|Aggron, M|100\/100\n|-damage|p2a: Aggron|94\/100|[from] Stealth Rock\n|-damage|p2a: Aggron|69\/100|[from] Spikes\n|move|p1a: Necrozma|Sunsteel Strike|p2a: Aggron\n|-damage|p2a: Aggron|25\/100\n|\n|upkeep\n|turn|21\n|\n|t:|1699107144\n|detailschange|p2a: Aggron|Aggron-Mega, M\n|-mega|p2a: Aggron|Aggron|Aggronite\n|move|p1a: Necrozma|Earthquake|p2a: Aggron\n|-supereffective|p2a: Aggron\n|-damage|p2a: Aggron|0 fnt\n|faint|p2a: Aggron\n|\n|upkeep\n|\n|t:|1699107148\n|switch|p2a: Garganacl|Garganacl, F|100\/100\n|-damage|p2a: Garganacl|88\/100|[from] Stealth Rock\n|-damage|p2a: Garganacl|63\/100|[from] Spikes\n|turn|22\n|\n|t:|1699107151\n|-terastallize|p2a: Garganacl|Ghost\n|move|p1a: Necrozma|Sunsteel Strike|p2a: Garganacl\n|-damage|p2a: Garganacl|0 fnt\n|faint|p2a: Garganacl\n|\n|upkeep\n|\n|t:|1699107158\n|switch|p2a: Probopass|Probopass, L1, F|100\/100\n|turn|23\n|-message|The power of ROCK forfeited.\n|\n|win|XerneasStan\n|n|\u2606XerneasStan|xerneasstan\n|n|\u2606The power of ROCK|thepowerofrock\n","uploadtime":1699107165,"views":9,"p1id":"xerneasstan","p2id":"thepowerofrock","formatid":"gen9nationaldexubers","rating":0,"private":0,"password":""}