{"id":"gen9nationaldexubers-1982377066","p1":"D. Lawrenzz","p2":"Aroma Nobody","format":"[Gen 9] National Dex Ubers","log":"|j|\u2606D. Lawrenzz\n|j|\u2606Aroma Nobody\n|t:|1699006590\n|gametype|singles\n|player|p1|D. Lawrenzz|blue-masters|\n|player|p2|Aroma Nobody|turo-ai|\n|teamsize|p1|6\n|teamsize|p2|6\n|gen|9\n|tier|[Gen 9] National Dex Ubers\n|rule|HP Percentage Mod: HP is shown in percentages\n|rule|Endless Battle Clause: Forcing endless battles is banned\n|rule|OHKO Clause: OHKO moves are banned\n|rule|Evasion Moves Clause: Evasion moves are banned\n|rule|Evasion Items Clause: Evasion items are banned\n|rule|Species Clause: Limit one of each Pok\u00e9mon\n|rule|Sleep Clause Mod: Limit one foe put to sleep\n|rule|Mega Rayquaza Clause: You cannot mega evolve Rayquaza\n|clearpoke\n|poke|p1|Ribombee, M|\n|poke|p1|Lopunny, F|\n|poke|p1|Great Tusk|\n|poke|p1|Ogerpon-Wellspring, F|\n|poke|p1|Bisharp, M|\n|poke|p1|Iron Moth|\n|poke|p2|Pelipper, M|\n|poke|p2|Crawdaunt, M|\n|poke|p2|Tapu Koko|\n|poke|p2|Swampert, M|\n|poke|p2|Iron Bundle|\n|poke|p2|Manaphy|\n|teampreview\n|inactive|Battle timer is ON: inactive players will automatically lose when time's up. (requested by D. Lawrenzz)\n|c|\u2606Aroma Nobody|Glhf\n|c|\u2606D. Lawrenzz|hf\n|\n|t:|1699006615\n|start\n|switch|p1a: Ribombee|Ribombee, M, shiny|100\/100\n|switch|p2a: Tapu Koko|Tapu Koko|100\/100\n|-fieldstart|move: Electric Terrain|[from] ability: Electric Surge|[of] p2a: Tapu Koko\n|turn|1\n|\n|t:|1699006621\n|move|p2a: Tapu Koko|Taunt|p1a: Ribombee\n|-start|p1a: Ribombee|move: Taunt\n|cant|p1a: Ribombee|move: Taunt|Sticky Web\n|\n|upkeep\n|turn|2\n|\n|t:|1699006626\n|switch|p1a: Great Tusk|Great Tusk, shiny|100\/100\n|-enditem|p1a: Great Tusk|Booster Energy\n|-activate|p1a: Great Tusk|ability: Protosynthesis|[fromitem]\n|-start|p1a: Great Tusk|protosynthesisatk\n|move|p2a: Tapu Koko|U-turn|p1a: Great Tusk\n|-resisted|p1a: Great Tusk\n|-damage|p1a: Great Tusk|95\/100\n|\n|t:|1699006633\n|switch|p2a: Swampert|Swampert, M|100\/100|[from] U-turn\n|\n|upkeep\n|turn|3\n|\n|t:|1699006646\n|detailschange|p2a: Swampert|Swampert-Mega, M\n|-mega|p2a: Swampert|Swampert|Swampertite\n|move|p2a: Swampert|Earthquake|p1a: Great Tusk\n|-damage|p1a: Great Tusk|56\/100\n|move|p1a: Great Tusk|Rapid Spin|p2a: Swampert\n|-damage|p2a: Swampert|77\/100\n|-boost|p1a: Great Tusk|spe|1\n|\n|upkeep\n|turn|4\n|\n|t:|1699006655\n|move|p1a: Great Tusk|Ice Spinner|p2a: Swampert\n|-damage|p2a: Swampert|40\/100\n|-fieldend|move: Electric Terrain\n|move|p2a: Swampert|Waterfall|p1a: Great Tusk\n|-supereffective|p1a: Great Tusk\n|-damage|p1a: Great Tusk|1\/100\n|\n|upkeep\n|turn|5\n|\n|t:|1699006660\n|move|p1a: Great Tusk|Close Combat|p2a: Swampert\n|-damage|p2a: Swampert|0 fnt\n|-unboost|p1a: Great Tusk|def|1\n|-unboost|p1a: Great Tusk|spd|1\n|faint|p2a: Swampert\n|\n|upkeep\n|\n|t:|1699006664\n|switch|p2a: Crawdaunt|Crawdaunt, M|100\/100\n|turn|6\n|\n|t:|1699006666\n|-end|p1a: Great Tusk|Protosynthesis|[silent]\n|switch|p1a: Ogerpon|Ogerpon-Wellspring, F|100\/100\n|move|p2a: Crawdaunt|Aqua Jet|p1a: Ogerpon\n|-immune|p1a: Ogerpon|[from] ability: Water Absorb\n|\n|upkeep\n|turn|7\n|\n|t:|1699006672\n|switch|p2a: Pelipper|Pelipper, M|100\/100\n|-weather|RainDance|[from] ability: Drizzle|[of] p2a: Pelipper\n|move|p1a: Ogerpon|Swords Dance|p1a: Ogerpon\n|-boost|p1a: Ogerpon|atk|2\n|\n|-weather|RainDance|[upkeep]\n|upkeep\n|turn|8\n|\n|t:|1699006679\n|move|p1a: Ogerpon|Horn Leech|p2a: Pelipper\n|-damage|p2a: Pelipper|28\/100\n|move|p2a: Pelipper|Hurricane|p1a: Ogerpon\n|-supereffective|p1a: Ogerpon\n|-damage|p1a: Ogerpon|13\/100\n|\n|-weather|RainDance|[upkeep]\n|upkeep\n|turn|9\n|\n|t:|1699006685\n|move|p1a: Ogerpon|Horn Leech|p2a: Pelipper\n|-damage|p2a: Pelipper|0 fnt\n|-heal|p1a: Ogerpon|28\/100|[from] drain|[of] p2a: Pelipper\n|faint|p2a: Pelipper\n|\n|-weather|RainDance|[upkeep]\n|upkeep\n|\n|t:|1699006693\n|switch|p2a: Iron Bundle|Iron Bundle|100\/100\n|turn|10\n|\n|t:|1699006700\n|switch|p1a: Great Tusk|Great Tusk, shiny|1\/100\n|move|p2a: Iron Bundle|Freeze-Dry|p1a: Great Tusk\n|-supereffective|p1a: Great Tusk\n|-damage|p1a: Great Tusk|0 fnt\n|faint|p1a: Great Tusk\n|-end|p1a: Great Tusk|Protosynthesis|[silent]\n|\n|-weather|RainDance|[upkeep]\n|upkeep\n|\n|t:|1699006704\n|switch|p1a: Ribombee|Ribombee, M, shiny|100\/100\n|turn|11\n|\n|t:|1699006712\n|move|p2a: Iron Bundle|Freeze-Dry|p1a: Ribombee\n|-damage|p1a: Ribombee|9\/100\n|move|p1a: Ribombee|Stun Spore|p2a: Iron Bundle|[miss]\n|-miss|p1a: Ribombee|p2a: Iron Bundle\n|\n|-weather|RainDance|[upkeep]\n|upkeep\n|turn|12\n|c|\u2606D. Lawrenzz|omfg\n|\n|t:|1699006723\n|move|p2a: Iron Bundle|Freeze-Dry|p1a: Ribombee\n|-damage|p1a: Ribombee|0 fnt\n|faint|p1a: Ribombee\n|\n|-weather|RainDance|[upkeep]\n|upkeep\n|\n|t:|1699006724\n|switch|p1a: Lopunny|Lopunny, F|100\/100\n|turn|13\n|\n|t:|1699006727\n|-end|p2a: Iron Bundle|Quark Drive|[silent]\n|switch|p2a: Tapu Koko|Tapu Koko|100\/100\n|-fieldstart|move: Electric Terrain|[from] ability: Electric Surge|[of] p2a: Tapu Koko\n|detailschange|p1a: Lopunny|Lopunny-Mega, F\n|-mega|p1a: Lopunny|Lopunny|Lopunnite\n|move|p1a: Lopunny|Fake Out|p2a: Tapu Koko\n|-damage|p2a: Tapu Koko|78\/100\n|\n|-weather|RainDance|[upkeep]\n|upkeep\n|turn|14\n|\n|t:|1699006747\n|move|p1a: Lopunny|High Jump Kick|p2a: Tapu Koko\n|-resisted|p2a: Tapu Koko\n|-damage|p2a: Tapu Koko|36\/100\n|move|p2a: Tapu Koko|Reflect|p2a: Tapu Koko\n|-sidestart|p2: Aroma Nobody|Reflect\n|\n|-weather|none\n|upkeep\n|turn|15\n|\n|t:|1699006767\n|move|p1a: Lopunny|Return|p2a: Tapu Koko\n|-damage|p2a: Tapu Koko|2\/100\n|move|p2a: Tapu Koko|Light Screen|p2a: Tapu Koko\n|-sidestart|p2: Aroma Nobody|move: Light Screen\n|\n|upkeep\n|turn|16\n|\n|t:|1699006773\n|move|p1a: Lopunny|Return|p2a: Tapu Koko\n|-damage|p2a: Tapu Koko|0 fnt\n|faint|p2a: Tapu Koko\n|\n|upkeep\n|\n|t:|1699006783\n|switch|p2a: Manaphy|Manaphy|100\/100\n|turn|17\n|\n|t:|1699006789\n|move|p1a: Lopunny|High Jump Kick|p2a: Manaphy\n|-damage|p2a: Manaphy|67\/100\n|-zpower|p2a: Manaphy\n|move|p2a: Manaphy|Z-Rain Dance|p2a: Manaphy|[anim]Rain Dance\n|-boost|p2a: Manaphy|spe|1|[zeffect]\n|-weather|RainDance\n|\n|-weather|RainDance|[upkeep]\n|-fieldend|move: Electric Terrain\n|upkeep\n|turn|18\n|\n|t:|1699006794\n|move|p2a: Manaphy|Tail Glow|p2a: Manaphy\n|-boost|p2a: Manaphy|spa|3\n|move|p1a: Lopunny|High Jump Kick|p2a: Manaphy\n|-damage|p2a: Manaphy|35\/100\n|\n|-weather|RainDance|[upkeep]\n|upkeep\n|turn|19\n|\n|t:|1699006797\n|switch|p1a: Ogerpon|Ogerpon-Wellspring, F|28\/100\n|move|p2a: Manaphy|Surf|p1a: Ogerpon\n|-heal|p1a: Ogerpon|53\/100|[from] ability: Water Absorb|[of] p2a: Manaphy\n|\n|-weather|RainDance|[upkeep]\n|upkeep\n|turn|20\n|\n|t:|1699006809\n|move|p2a: Manaphy|Energy Ball|p1a: Ogerpon\n|-damage|p1a: Ogerpon|0 fnt\n|faint|p1a: Ogerpon\n|\n|-weather|RainDance|[upkeep]\n|upkeep\n|\n|t:|1699006815\n|switch|p1a: Lopunny|Lopunny-Mega, F|100\/100\n|turn|21\n|\n|t:|1699006818\n|move|p1a: Lopunny|Fake Out|p2a: Manaphy\n|-crit|p2a: Manaphy\n|-damage|p2a: Manaphy|3\/100\n|cant|p2a: Manaphy|flinch\n|\n|-weather|none\n|-sideend|p2: Aroma Nobody|Reflect\n|upkeep\n|turn|22\n|\n|t:|1699006837\n|switch|p1a: Iron Moth|Iron Moth, shiny|100\/100\n|-enditem|p1a: Iron Moth|Booster Energy\n|-activate|p1a: Iron Moth|ability: Quark Drive|[fromitem]\n|-start|p1a: Iron Moth|quarkdrivespa\n|move|p2a: Manaphy|Surf|p1a: Iron Moth\n|-supereffective|p1a: Iron Moth\n|-damage|p1a: Iron Moth|0 fnt\n|faint|p1a: Iron Moth\n|-end|p1a: Iron Moth|Quark Drive|[silent]\n|\n|-sideend|p2: Aroma Nobody|move: Light Screen\n|upkeep\n|\n|t:|1699006839\n|switch|p1a: Lopunny|Lopunny-Mega, F|100\/100\n|turn|23\n|\n|t:|1699006851\n|move|p1a: Lopunny|Fake Out|p2a: Manaphy\n|-damage|p2a: Manaphy|0 fnt\n|faint|p2a: Manaphy\n|\n|upkeep\n|\n|t:|1699006854\n|switch|p2a: Iron Bundle|Iron Bundle|100\/100\n|turn|24\n|\n|t:|1699006866\n|move|p1a: Lopunny|High Jump Kick|p2a: Iron Bundle\n|-supereffective|p2a: Iron Bundle\n|-damage|p2a: Iron Bundle|0 fnt\n|faint|p2a: Iron Bundle\n|-end|p2a: Iron Bundle|Quark Drive|[silent]\n|\n|upkeep\n|\n|t:|1699006868\n|switch|p2a: Crawdaunt|Crawdaunt, M|100\/100\n|turn|25\n|\n|t:|1699006872\n|-terastallize|p2a: Crawdaunt|Water\n|move|p2a: Crawdaunt|Aqua Jet|p1a: Lopunny\n|-damage|p1a: Lopunny|31\/100\n|move|p1a: Lopunny|High Jump Kick|p2a: Crawdaunt\n|-damage|p2a: Crawdaunt|0 fnt\n|faint|p2a: Crawdaunt\n|\n|win|D. Lawrenzz\n|c|\u2606D. Lawrenzz|gg\n|c|\u2606Aroma Nobody|Gg\n","uploadtime":1699006882,"views":15,"p1id":"dlawrenzz","p2id":"aromanobody","formatid":"gen9nationaldexubers","rating":0,"private":0,"password":""}