{"id":"gen9nationaldexubers-1996281607","p1":"Slark 888","p2":"85792195wwww","format":"[Gen 9] National Dex Ubers","log":"|j|\u2606Slark 888\n|j|\u260685792195wwww\n|t:|1700667158\n|gametype|singles\n|player|p1|Slark 888|red|1473\n|player|p2|85792195wwww|mira|1667\n|teamsize|p1|6\n|teamsize|p2|6\n|gen|9\n|tier|[Gen 9] National Dex Ubers\n|rated|\n|rule|HP Percentage Mod: HP is shown in percentages\n|rule|Endless Battle Clause: Forcing endless battles is banned\n|rule|OHKO Clause: OHKO moves are banned\n|rule|Evasion Moves Clause: Evasion moves are banned\n|rule|Evasion Items Clause: Evasion items are banned\n|rule|Species Clause: Limit one of each Pok\u00e9mon\n|rule|Sleep Clause Mod: Limit one foe put to sleep\n|rule|Mega Rayquaza Clause: You cannot mega evolve Rayquaza\n|clearpoke\n|poke|p1|Melmetal|\n|poke|p1|Cresselia, F|\n|poke|p1|Calyrex-Ice|\n|poke|p1|Hatterene, F|\n|poke|p1|Arceus|\n|poke|p1|Houndstone, M|\n|poke|p2|Arceus|\n|poke|p2|Kingambit, F|\n|poke|p2|Xerneas-*|\n|poke|p2|Kyurem-White|\n|poke|p2|Groudon|\n|poke|p2|Krookodile, M|\n|teampreview\n|inactive|Battle timer is ON: inactive players will automatically lose when time's up. (requested by Slark 888)\n|\n|t:|1700667179\n|start\n|switch|p1a: \u87ba\u5e3d|Hatterene, F|100\/100\n|switch|p2a: Xerneas|Xerneas|100\/100\n|-ability|p2a: Xerneas|Fairy Aura\n|turn|1\n|\n|t:|1700667188\n|move|p2a: Xerneas|Moonblast|p1a: \u87ba\u5e3d\n|-damage|p1a: \u87ba\u5e3d|25\/100\n|move|p1a: \u87ba\u5e3d|Nuzzle|p2a: Xerneas\n|-damage|p2a: Xerneas|97\/100\n|-status|p2a: Xerneas|par\n|\n|upkeep\n|turn|2\n|\n|t:|1700667200\n|move|p2a: Xerneas|Moonblast|p1a: \u87ba\u5e3d\n|-damage|p1a: \u87ba\u5e3d|0 fnt\n|faint|p1a: \u87ba\u5e3d\n|\n|upkeep\n|inactive|Slark 888 has 120 seconds left.\n|\n|t:|1700667229\n|switch|p1a: Arceus|Arceus|100\/100\n|turn|3\n|\n|t:|1700667233\n|move|p1a: Arceus|Swords Dance|p1a: Arceus\n|-boost|p1a: Arceus|atk|2\n|move|p2a: Xerneas|Moonblast|p1a: Arceus\n|-damage|p1a: Arceus|47\/100\n|\n|upkeep\n|turn|4\n|\n|t:|1700667244\n|move|p1a: Arceus|Extreme Speed|p2a: Xerneas\n|-damage|p2a: Xerneas|21\/100 par\n|move|p2a: Xerneas|Moonblast|p1a: Arceus\n|-damage|p1a: Arceus|0 fnt\n|faint|p1a: Arceus\n|\n|upkeep\n|\n|t:|1700667255\n|switch|p1a: Calyrex|Calyrex-Ice|100\/100\n|-ability|p1a: Calyrex|As One\n|-ability|p1a: Calyrex|Unnerve\n|turn|5\n|\n|t:|1700667265\n|move|p2a: Xerneas|Moonblast|p1a: Calyrex\n|-damage|p1a: Calyrex|48\/100\n|move|p1a: Calyrex|Trick Room|p1a: Calyrex\n|-fieldstart|move: Trick Room|[of] p1a: Calyrex\n|\n|upkeep\n|turn|6\n|\n|t:|1700667274\n|move|p1a: Calyrex|High Horsepower|p2a: Xerneas\n|-damage|p2a: Xerneas|0 fnt\n|faint|p2a: Xerneas\n|-ability|p1a: Calyrex|Chilling Neigh|boost\n|-boost|p1a: Calyrex|atk|1\n|\n|upkeep\n|\n|t:|1700667281\n|switch|p2a: Krookodile|Krookodile, M|100\/100\n|-ability|p2a: Krookodile|Intimidate|boost\n|-unboost|p1a: Calyrex|atk|1\n|turn|7\n|\n|t:|1700667286\n|move|p1a: Calyrex|High Horsepower|p2a: Krookodile\n|-damage|p2a: Krookodile|42\/100\n|move|p2a: Krookodile|Stealth Rock|p1a: Calyrex\n|-sidestart|p1: Slark 888|move: Stealth Rock\n|\n|upkeep\n|turn|8\n|\n|t:|1700667297\n|switch|p2a: Kyurem|Kyurem-White|100\/100\n|-ability|p2a: Kyurem|Turboblaze\n|move|p1a: Calyrex|High Horsepower|p2a: Kyurem\n|-damage|p2a: Kyurem|56\/100\n|\n|upkeep\n|turn|9\n|\n|t:|1700667309\n|switch|p2a: Kingambit|Kingambit, F|100\/100\n|-activate|p2a: Kingambit|ability: Supreme Overlord\n|-start|p2a: Kingambit|fallen1|[silent]\n|move|p1a: Calyrex|Close Combat|p2a: Kingambit\n|-supereffective|p2a: Kingambit\n|-damage|p2a: Kingambit|0 fnt\n|-unboost|p1a: Calyrex|def|1\n|-unboost|p1a: Calyrex|spd|1\n|faint|p2a: Kingambit\n|-end|p2a: Kingambit|fallen1|[silent]\n|-ability|p1a: Calyrex|Chilling Neigh|boost\n|-boost|p1a: Calyrex|atk|1\n|\n|-fieldend|move: Trick Room\n|upkeep\n|\n|t:|1700667332\n|switch|p2a: Krookodile|Krookodile, M|42\/100\n|-ability|p2a: Krookodile|Intimidate|boost\n|-unboost|p1a: Calyrex|atk|1\n|turn|10\n|\n|t:|1700667340\n|move|p2a: Krookodile|Knock Off|p1a: Calyrex\n|-supereffective|p1a: Calyrex\n|-damage|p1a: Calyrex|0 fnt\n|-enditem|p1a: Calyrex|Muscle Band|[from] move: Knock Off|[of] p2a: Krookodile\n|faint|p1a: Calyrex\n|\n|upkeep\n|\n|t:|1700667347\n|switch|p1a: \u7f8e\u68a6|Cresselia, F|100\/100\n|-damage|p1a: \u7f8e\u68a6|88\/100|[from] Stealth Rock\n|turn|11\n|\n|t:|1700667352\n|move|p2a: Krookodile|Knock Off|p1a: \u7f8e\u68a6\n|-supereffective|p1a: \u7f8e\u68a6\n|-damage|p1a: \u7f8e\u68a6|36\/100\n|-enditem|p1a: \u7f8e\u68a6|Mental Herb|[from] move: Knock Off|[of] p2a: Krookodile\n|move|p1a: \u7f8e\u68a6|Trick Room|p1a: \u7f8e\u68a6\n|-fieldstart|move: Trick Room|[of] p1a: \u7f8e\u68a6\n|\n|upkeep\n|turn|12\n|\n|t:|1700667360\n|move|p1a: \u7f8e\u68a6|Lunar Dance|p1a: \u7f8e\u68a6\n|faint|p1a: \u7f8e\u68a6\n|move|p2a: Krookodile|Knock Off|p1: \u7f8e\u68a6|[notarget]\n|-fail|p2a: Krookodile\n|\n|upkeep\n|\n|t:|1700667374\n|switch|p1a: \u628a\u4f60\u6376\u6210sb|Melmetal|100\/100\n|-damage|p1a: \u628a\u4f60\u6376\u6210sb|94\/100|[from] Stealth Rock\n|turn|13\n|\n|t:|1700667380\n|switch|p2a: Kyurem|Kyurem-White|56\/100\n|-ability|p2a: Kyurem|Turboblaze\n|-terastallize|p1a: \u628a\u4f60\u6376\u6210sb|Steel\n|move|p1a: \u628a\u4f60\u6376\u6210sb|Double Iron Bash|p2a: Kyurem\n|-supereffective|p2a: Kyurem\n|-damage|p2a: Kyurem|0 fnt\n|faint|p2a: Kyurem\n|-hitcount|p2: Kyurem|1\n|\n|upkeep\n|\n|t:|1700667392\n|switch|p2a: Krookodile|Krookodile, M|42\/100\n|-ability|p2a: Krookodile|Intimidate|boost\n|-unboost|p1a: \u628a\u4f60\u6376\u6210sb|atk|1\n|turn|14\n|\n|t:|1700667404\n|switch|p1a: Houndstone|Houndstone, M|100\/100\n|-damage|p1a: Houndstone|88\/100|[from] Stealth Rock\n|switch|p2a: Groudon|Groudon|100\/100\n|detailschange|p2a: Groudon|Groudon-Primal\n|-primal|p2a: Groudon|Red Orb\n|-weather|DesolateLand|[from] ability: Desolate Land|[of] p2a: Groudon\n|\n|-weather|DesolateLand|[upkeep]\n|upkeep\n|turn|15\n|\n|t:|1700667423\n|-weather|none\n|switch|p2a: Arceus|Arceus|100\/100\n|move|p1a: Houndstone|Last Respects|p2a: Arceus\n|-immune|p2a: Arceus\n|\n|-fieldend|move: Trick Room\n|upkeep\n|turn|16\n|\n|t:|1700667437\n|switch|p1a: \u628a\u4f60\u6376\u6210sb|Melmetal, tera:Steel|94\/100\n|-heal|p1a: \u628a\u4f60\u6376\u6210sb|100\/100|[from] move: Lunar Dance\n|-damage|p1a: \u628a\u4f60\u6376\u6210sb|94\/100|[from] Stealth Rock\n|move|p2a: Arceus|Shadow Claw|p1a: \u628a\u4f60\u6376\u6210sb\n|-damage|p1a: \u628a\u4f60\u6376\u6210sb|76\/100\n|-damage|p2a: Arceus|91\/100|[from] item: Life Orb\n|\n|upkeep\n|turn|17\n|\n|t:|1700667447\n|switch|p2a: Krookodile|Krookodile, M|42\/100\n|-ability|p2a: Krookodile|Intimidate|boost\n|-unboost|p1a: \u628a\u4f60\u6376\u6210sb|atk|1\n|move|p1a: \u628a\u4f60\u6376\u6210sb|Double Iron Bash|p2a: Krookodile\n|-damage|p2a: Krookodile|0 fnt\n|faint|p2a: Krookodile\n|-hitcount|p2: Krookodile|1\n|\n|upkeep\n|\n|t:|1700667456\n|switch|p2a: Groudon|Groudon-Primal|100\/100\n|-weather|DesolateLand|[from] ability: Desolate Land|[of] p2a: Groudon\n|turn|18\n|\n|t:|1700667468\n|move|p2a: Groudon|Rock Polish|p2a: Groudon\n|-boost|p2a: Groudon|spe|2\n|move|p1a: \u628a\u4f60\u6376\u6210sb|Double Iron Bash|p2a: Groudon\n|-resisted|p2a: Groudon\n|-damage|p2a: Groudon|84\/100\n|-resisted|p2a: Groudon\n|-damage|p2a: Groudon|68\/100\n|-hitcount|p2a: Groudon|2\n|\n|-weather|DesolateLand|[upkeep]\n|upkeep\n|turn|19\n|-message|Slark 888 forfeited.\n|\n|win|85792195wwww\n|raw|Slark 888's rating: 1473 &rarr; <strong>1463<\/strong><br \/>(-10 for losing)\n|raw|85792195wwww's rating: 1667 &rarr; <strong>1677<\/strong><br \/>(+10 for winning)\n|l|\u2606Slark 888\n","uploadtime":1700667489,"views":0,"p1id":"slark888","p2id":"85792195wwww","formatid":"gen9nationaldexubers","rating":1463,"private":0,"password":""}