{"id":"gen9nationaldexubers-1988083795","p1":"MorganDexter","p2":"Rhyfinn 01","format":"[Gen 9] National Dex Ubers","log":"|j|\u2606MorganDexter\n|j|\u2606Rhyfinn 01\n|t:|1699667530\n|gametype|singles\n|player|p1|MorganDexter|burglar|1370\n|player|p2|Rhyfinn 01|alder|1244\n|teamsize|p1|6\n|teamsize|p2|6\n|gen|9\n|tier|[Gen 9] National Dex Ubers\n|rated|\n|rule|HP Percentage Mod: HP is shown in percentages\n|rule|Endless Battle Clause: Forcing endless battles is banned\n|rule|OHKO Clause: OHKO moves are banned\n|rule|Evasion Moves Clause: Evasion moves are banned\n|rule|Evasion Items Clause: Evasion items are banned\n|rule|Species Clause: Limit one of each Pok\u00e9mon\n|rule|Sleep Clause Mod: Limit one foe put to sleep\n|rule|Mega Rayquaza Clause: You cannot mega evolve Rayquaza\n|clearpoke\n|poke|p1|Espathra, F|\n|poke|p1|Lugia|\n|poke|p1|Ho-Oh|\n|poke|p1|Kyogre|\n|poke|p1|Groudon|\n|poke|p1|Lunala|\n|poke|p2|Groudon|\n|poke|p2|Xerneas-*|\n|poke|p2|Marshadow|\n|poke|p2|Necrozma-Dusk-Mane|\n|poke|p2|Deoxys-Speed|\n|poke|p2|Rayquaza|\n|teampreview\n|inactive|Battle timer is ON: inactive players will automatically lose when time's up. (requested by Rhyfinn 01)\n|\n|t:|1699667548\n|start\n|switch|p1a: Espathra|Espathra, F|100\/100\n|switch|p2a: Deoxys|Deoxys-Speed|100\/100\n|-ability|p2a: Deoxys|Pressure\n|turn|1\n|\n|t:|1699667559\n|move|p1a: Espathra|Protect|p1a: Espathra\n|-singleturn|p1a: Espathra|Protect\n|move|p2a: Deoxys|Taunt|p1a: Espathra\n|-activate|p1a: Espathra|move: Protect\n|\n|-ability|p1a: Espathra|Speed Boost|boost\n|-boost|p1a: Espathra|spe|1\n|upkeep\n|turn|2\n|\n|t:|1699667571\n|move|p2a: Deoxys|Taunt|p1a: Espathra\n|-start|p1a: Espathra|move: Taunt\n|cant|p1a: Espathra|move: Taunt|Calm Mind\n|\n|-ability|p1a: Espathra|Speed Boost|boost\n|-boost|p1a: Espathra|spe|1\n|upkeep\n|turn|3\n|\n|t:|1699667582\n|switch|p1a: Lugia|Lugia|100\/100\n|move|p2a: Deoxys|Stealth Rock|p1a: Lugia\n|-sidestart|p1: MorganDexter|move: Stealth Rock\n|\n|upkeep\n|turn|4\n|\n|t:|1699667589\n|move|p2a: Deoxys|Taunt|p1a: Lugia\n|-start|p1a: Lugia|move: Taunt\n|cant|p1a: Lugia|move: Taunt|Toxic\n|\n|upkeep\n|turn|5\n|\n|t:|1699667595\n|move|p2a: Deoxys|Spikes|p1a: Lugia\n|-sidestart|p1: MorganDexter|Spikes\n|move|p1a: Lugia|Whirlpool|p2a: Deoxys\n|-damage|p2a: Deoxys|91\/100\n|-activate|p2a: Deoxys|move: Whirlpool|[of] p1a: Lugia\n|\n|-damage|p2a: Deoxys|78\/100|[from] move: Whirlpool|[partiallytrapped]\n|upkeep\n|turn|6\n|\n|t:|1699667604\n|move|p2a: Deoxys|Spikes|p1a: Lugia\n|-sidestart|p1: MorganDexter|Spikes\n|move|p1a: Lugia|Whirlpool|p2a: Deoxys\n|-damage|p2a: Deoxys|70\/100\n|\n|-damage|p2a: Deoxys|58\/100|[from] move: Whirlpool|[partiallytrapped]\n|-end|p1a: Lugia|move: Taunt\n|upkeep\n|turn|7\n|\n|t:|1699667617\n|move|p2a: Deoxys|Taunt|p1a: Lugia\n|-start|p1a: Lugia|move: Taunt\n|cant|p1a: Lugia|move: Taunt|Toxic\n|\n|-damage|p2a: Deoxys|45\/100|[from] move: Whirlpool|[partiallytrapped]\n|upkeep\n|turn|8\n|\n|t:|1699667624\n|move|p2a: Deoxys|Spikes|p1a: Lugia\n|-sidestart|p1: MorganDexter|Spikes\n|move|p1a: Lugia|Whirlpool|p2a: Deoxys\n|-damage|p2a: Deoxys|35\/100\n|\n|-damage|p2a: Deoxys|23\/100|[from] move: Whirlpool|[partiallytrapped]\n|upkeep\n|turn|9\n|\n|t:|1699667632\n|move|p2a: Deoxys|Taunt||[still]\n|-fail|p2a: Deoxys\n|move|p1a: Lugia|Whirlpool|p2a: Deoxys\n|-damage|p2a: Deoxys|14\/100\n|\n|-end|p2a: Deoxys|Whirlpool|[partiallytrapped]\n|-end|p1a: Lugia|move: Taunt\n|upkeep\n|turn|10\n|\n|t:|1699667641\n|move|p2a: Deoxys|Magic Coat|p2a: Deoxys\n|-singleturn|p2a: Deoxys|move: Magic Coat\n|move|p1a: Lugia|Whirlpool|p2a: Deoxys\n|-damage|p2a: Deoxys|4\/100\n|-activate|p2a: Deoxys|move: Whirlpool|[of] p1a: Lugia\n|\n|-damage|p2a: Deoxys|0 fnt|[from] move: Whirlpool|[partiallytrapped]\n|faint|p2a: Deoxys\n|upkeep\n|\n|t:|1699667648\n|switch|p2a: Necrozma|Necrozma-Dusk-Mane, shiny|100\/100\n|turn|11\n|\n|t:|1699667659\n|switch|p1a: Espathra|Espathra, F|100\/100\n|-damage|p1a: Espathra|88\/100|[from] Stealth Rock\n|-damage|p1a: Espathra|63\/100|[from] Spikes\n|move|p2a: Necrozma|Dragon Dance|p2a: Necrozma\n|-boost|p2a: Necrozma|atk|1\n|-boost|p2a: Necrozma|spe|1\n|\n|upkeep\n|turn|12\n|\n|t:|1699667670\n|move|p2a: Necrozma|Dragon Dance|p2a: Necrozma\n|-boost|p2a: Necrozma|atk|1\n|-boost|p2a: Necrozma|spe|1\n|move|p1a: Espathra|Calm Mind|p1a: Espathra\n|-boost|p1a: Espathra|spa|1\n|-boost|p1a: Espathra|spd|1\n|\n|-ability|p1a: Espathra|Speed Boost|boost\n|-boost|p1a: Espathra|spe|1\n|upkeep\n|turn|13\n|\n|t:|1699667682\n|detailschange|p2a: Necrozma|Necrozma-Ultra, shiny\n|-burst|p2a: Necrozma|Necrozma|Ultranecrozium Z\n|move|p1a: Espathra|Protect|p1a: Espathra\n|-singleturn|p1a: Espathra|Protect\n|move|p2a: Necrozma|Sunsteel Strike|p1a: Espathra\n|-activate|p1a: Espathra|move: Protect\n|\n|-ability|p1a: Espathra|Speed Boost|boost\n|-boost|p1a: Espathra|spe|1\n|upkeep\n|turn|14\n|\n|t:|1699667698\n|move|p2a: Necrozma|Sunsteel Strike|p1a: Espathra\n|-damage|p1a: Espathra|0 fnt\n|faint|p1a: Espathra\n|\n|upkeep\n|\n|t:|1699667713\n|switch|p1a: Lugia|Lugia|100\/100\n|-damage|p1a: Lugia|75\/100|[from] Stealth Rock\n|turn|15\n|\n|t:|1699667729\n|-zpower|p2a: Necrozma\n|move|p2a: Necrozma|Light That Burns the Sky|p1a: Lugia|[zeffect]\n|-resisted|p1a: Lugia\n|-damage|p1a: Lugia|0 fnt\n|faint|p1a: Lugia\n|\n|upkeep\n|\n|t:|1699667743\n|switch|p1a: Groudon|Groudon|100\/100\n|-damage|p1a: Groudon|94\/100|[from] Stealth Rock\n|-damage|p1a: Groudon|69\/100|[from] Spikes\n|detailschange|p1a: Groudon|Groudon-Primal\n|-primal|p1a: Groudon|Red Orb\n|-weather|DesolateLand|[from] ability: Desolate Land|[of] p1a: Groudon\n|turn|16\n|\n|t:|1699667751\n|move|p2a: Necrozma|Earthquake|p1a: Groudon\n|-supereffective|p1a: Groudon\n|-damage|p1a: Groudon|0 fnt\n|faint|p1a: Groudon\n|-weather|none\n|\n|upkeep\n|\n|t:|1699667757\n|switch|p1a: Lunala|Lunala|100\/100\n|-damage|p1a: Lunala|88\/100|[from] Stealth Rock\n|-damage|p1a: Lunala|63\/100|[from] Spikes\n|turn|17\n|\n|t:|1699667763\n|move|p2a: Necrozma|Sunsteel Strike|p1a: Lunala\n|-damage|p1a: Lunala|0 fnt\n|faint|p1a: Lunala\n|\n|upkeep\n|\n|t:|1699667771\n|switch|p1a: Kyogre|Kyogre|100\/100\n|-damage|p1a: Kyogre|88\/100|[from] Stealth Rock\n|-damage|p1a: Kyogre|63\/100|[from] Spikes\n|detailschange|p1a: Kyogre|Kyogre-Primal\n|-primal|p1a: Kyogre|Blue Orb\n|-weather|PrimordialSea|[from] ability: Primordial Sea|[of] p1a: Kyogre\n|turn|18\n|\n|t:|1699667779\n|move|p2a: Necrozma|Photon Geyser|p1a: Kyogre\n|-damage|p1a: Kyogre|0 fnt\n|faint|p1a: Kyogre\n|-weather|none\n|\n|upkeep\n|c|\u2606Rhyfinn 01|gg ez\n|\n|t:|1699667786\n|switch|p1a: Ho-Oh|Ho-Oh, shiny|100\/100\n|-damage|p1a: Ho-Oh|50\/100|[from] Stealth Rock\n|turn|19\n|\n|t:|1699667791\n|move|p2a: Necrozma|Photon Geyser|p1a: Ho-Oh\n|-damage|p1a: Ho-Oh|0 fnt\n|faint|p1a: Ho-Oh\n|\n|win|Rhyfinn 01\n|raw|MorganDexter's rating: 1370 &rarr; <strong>1343<\/strong><br \/>(-27 for losing)\n|raw|Rhyfinn 01's rating: 1244 &rarr; <strong>1278<\/strong><br \/>(+34 for winning)\n","uploadtime":1699667797,"views":4,"p1id":"morgandexter","p2id":"rhyfinn01","formatid":"gen9nationaldexubers","rating":1278,"private":0,"password":""}