{"id":"gen9nationaldexubers-1996232671","p1":"SkyGandr","p2":"Colinsosos","format":"[Gen 9] National Dex Ubers","log":"|j|\u2606SkyGandr\n|j|\u2606Colinsosos\n|t:|1700662118\n|gametype|singles\n|player|p1|SkyGandr|ethan-masters|1105\n|player|p2|Colinsosos|170|1000\n|teamsize|p1|6\n|teamsize|p2|6\n|gen|9\n|tier|[Gen 9] National Dex Ubers\n|rated|\n|rule|HP Percentage Mod: HP is shown in percentages\n|rule|Endless Battle Clause: Forcing endless battles is banned\n|rule|OHKO Clause: OHKO moves are banned\n|rule|Evasion Moves Clause: Evasion moves are banned\n|rule|Evasion Items Clause: Evasion items are banned\n|rule|Species Clause: Limit one of each Pok\u00e9mon\n|rule|Sleep Clause Mod: Limit one foe put to sleep\n|rule|Mega Rayquaza Clause: You cannot mega evolve Rayquaza\n|clearpoke\n|poke|p1|Salamence, M|\n|poke|p1|Xerneas-*|\n|poke|p1|Kyogre|\n|poke|p1|Groudon|\n|poke|p1|Necrozma-Dusk-Mane|\n|poke|p1|Yveltal|\n|poke|p2|Groudon|\n|poke|p2|Kyogre|\n|poke|p2|Arceus|\n|poke|p2|Dialga|\n|poke|p2|Palkia|\n|poke|p2|Rayquaza|\n|teampreview\n|\n|t:|1700662131\n|start\n|switch|p1a: Groudon|Groudon|100\/100\n|switch|p2a: Groudon|Groudon, shiny|100\/100\n|detailschange|p2a: Groudon|Groudon-Primal, shiny\n|-primal|p2a: Groudon|Red Orb\n|-weather|DesolateLand|[from] ability: Desolate Land|[of] p2a: Groudon\n|detailschange|p1a: Groudon|Groudon-Primal\n|-primal|p1a: Groudon|Red Orb\n|turn|1\n|\n|t:|1700662144\n|switch|p1a: Salamence|Salamence, M|100\/100\n|-ability|p1a: Salamence|Intimidate|boost\n|-unboost|p2a: Groudon|atk|1\n|move|p2a: Groudon|Earth Power|p1a: Salamence\n|-immune|p1a: Salamence\n|\n|-weather|DesolateLand|[upkeep]\n|upkeep\n|turn|2\n|\n|t:|1700662157\n|detailschange|p1a: Salamence|Salamence-Mega, M\n|-mega|p1a: Salamence|Salamence|Salamencite\n|move|p1a: Salamence|Earthquake|p2a: Groudon\n|-supereffective|p2a: Groudon\n|-damage|p2a: Groudon|46\/100\n|move|p2a: Groudon|Dragon Claw|p1a: Salamence\n|-supereffective|p1a: Salamence\n|-damage|p1a: Salamence|63\/100\n|\n|-weather|DesolateLand|[upkeep]\n|upkeep\n|turn|3\n|\n|t:|1700662183\n|move|p1a: Salamence|Earthquake|p2a: Groudon\n|-supereffective|p2a: Groudon\n|-damage|p2a: Groudon|0 fnt\n|faint|p2a: Groudon\n|-weather|none\n|\n|upkeep\n|\n|t:|1700662192\n|switch|p2a: Kyogre|Kyogre, shiny|100\/100\n|detailschange|p2a: Kyogre|Kyogre-Primal, shiny\n|-primal|p2a: Kyogre|Blue Orb\n|-weather|PrimordialSea|[from] ability: Primordial Sea|[of] p2a: Kyogre\n|turn|4\n|\n|t:|1700662210\n|switch|p1a: Groudon|Groudon-Primal|100\/100\n|-weather|DesolateLand|[from] ability: Desolate Land|[of] p1a: Groudon\n|move|p2a: Kyogre|Ancient Power|p1a: Groudon\n|-damage|p1a: Groudon|84\/100\n|-boost|p2a: Kyogre|atk|1\n|-boost|p2a: Kyogre|def|1\n|-boost|p2a: Kyogre|spa|1\n|-boost|p2a: Kyogre|spd|1\n|-boost|p2a: Kyogre|spe|1\n|\n|-weather|DesolateLand|[upkeep]\n|upkeep\n|turn|5\n|\n|t:|1700662225\n|move|p2a: Kyogre|Liquidation||[still]\n|-fail|p2a: Kyogre|Liquidation|[from] Desolate Land\n|move|p1a: Groudon|Toxic|p2a: Kyogre|[miss]\n|-miss|p1a: Groudon|p2a: Kyogre\n|\n|-weather|DesolateLand|[upkeep]\n|upkeep\n|turn|6\n|\n|t:|1700662232\n|move|p2a: Kyogre|Aqua Tail||[still]\n|-fail|p2a: Kyogre|Aqua Tail|[from] Desolate Land\n|move|p1a: Groudon|Toxic|p2a: Kyogre\n|-status|p2a: Kyogre|tox\n|\n|-weather|DesolateLand|[upkeep]\n|-damage|p2a: Kyogre|94\/100 tox|[from] psn\n|upkeep\n|turn|7\n|\n|t:|1700662240\n|move|p2a: Kyogre|Aqua Tail||[still]\n|-fail|p2a: Kyogre|Aqua Tail|[from] Desolate Land\n|move|p1a: Groudon|Stealth Rock|p2a: Kyogre\n|-sidestart|p2: Colinsosos|move: Stealth Rock\n|\n|-weather|DesolateLand|[upkeep]\n|-damage|p2a: Kyogre|82\/100 tox|[from] psn\n|upkeep\n|turn|8\n|\n|t:|1700662263\n|move|p2a: Kyogre|Hydro Pump||[still]\n|-fail|p2a: Kyogre|Hydro Pump|[from] Desolate Land\n|move|p1a: Groudon|Precipice Blades|p2a: Kyogre\n|-crit|p2a: Kyogre\n|-damage|p2a: Kyogre|0 fnt\n|faint|p2a: Kyogre\n|\n|-weather|DesolateLand|[upkeep]\n|upkeep\n|\n|t:|1700662273\n|switch|p2a: Rayquaza|Rayquaza, shiny|100\/100\n|-damage|p2a: Rayquaza|76\/100|[from] Stealth Rock\n|-ability|p2a: Rayquaza|Air Lock\n|turn|9\n|\n|t:|1700662308\n|-weather|none\n|switch|p1a: Xerneas|Xerneas|100\/100\n|-ability|p1a: Xerneas|Fairy Aura\n|move|p2a: Rayquaza|Dragon Ascent|p1a: Xerneas\n|-damage|p1a: Xerneas|40\/100\n|-unboost|p2a: Rayquaza|def|1\n|-unboost|p2a: Rayquaza|spd|1\n|\n|upkeep\n|turn|10\n|\n|t:|1700662319\n|switch|p1a: Necrozma|Necrozma-Dusk-Mane|100\/100\n|move|p2a: Rayquaza|Dragon Ascent|p1a: Necrozma\n|-resisted|p1a: Necrozma\n|-damage|p1a: Necrozma|78\/100\n|-unboost|p2a: Rayquaza|def|1\n|-unboost|p2a: Rayquaza|spd|1\n|-damage|p2a: Rayquaza|59\/100|[from] item: Rocky Helmet|[of] p1a: Necrozma\n|\n|upkeep\n|turn|11\n|\n|t:|1700662332\n|switch|p2a: Dialga|Dialga, shiny|100\/100\n|-damage|p2a: Dialga|94\/100|[from] Stealth Rock\n|-ability|p2a: Dialga|Pressure\n|move|p1a: Necrozma|Sunsteel Strike|p2a: Dialga\n|-resisted|p2a: Dialga\n|-damage|p2a: Dialga|72\/100\n|\n|upkeep\n|turn|12\n|inactive|Battle timer is ON: inactive players will automatically lose when time's up. (requested by SkyGandr)\n|inactive|Colinsosos has 120 seconds left.\n|inactive|Colinsosos has 90 seconds left.\n|inactive|Colinsosos has 60 seconds left.\n|inactive|Colinsosos has 30 seconds left.\n|inactive|Colinsosos has 20 seconds left.\n|inactive|Colinsosos has 15 seconds left.\n|inactive|Colinsosos has 10 seconds left.\n|inactive|Colinsosos has 5 seconds left.\n|-message|Colinsosos lost due to inactivity.\n|\n|win|SkyGandr\n|raw|SkyGandr's rating: 1105 &rarr; <strong>1126<\/strong><br \/>(+21 for winning)\n|raw|Colinsosos's rating: 1050 &rarr; <strong>1035<\/strong><br \/>(-15 for losing)\n","uploadtime":1700662522,"views":0,"p1id":"skygandr","p2id":"colinsosos","formatid":"gen9nationaldexubers","rating":1035,"private":0,"password":""}