{"id":"gen9nationaldexubers-1999912479","p1":"CrisWWE","p2":"TheChef17","format":"[Gen 9] National Dex Ubers","log":"|j|\u2606CrisWWE\n|j|\u2606TheChef17\n|t:|1701129277\n|gametype|singles\n|player|p1|CrisWWE|shadowtriad|\n|player|p2|TheChef17|saturn|\n|teamsize|p1|6\n|teamsize|p2|6\n|gen|9\n|tier|[Gen 9] National Dex Ubers\n|rule|HP Percentage Mod: HP is shown in percentages\n|rule|Endless Battle Clause: Forcing endless battles is banned\n|rule|OHKO Clause: OHKO moves are banned\n|rule|Evasion Moves Clause: Evasion moves are banned\n|rule|Evasion Items Clause: Evasion items are banned\n|rule|Species Clause: Limit one of each Pok\u00e9mon\n|rule|Sleep Clause Mod: Limit one foe put to sleep\n|rule|Mega Rayquaza Clause: You cannot mega evolve Rayquaza\n|clearpoke\n|poke|p1|Kyurem-White|\n|poke|p1|Pheromosa|\n|poke|p1|Kartana|\n|poke|p1|Darmanitan-Galar, M|\n|poke|p1|Gallade, M|\n|poke|p1|Iron Valiant|\n|poke|p2|Tinkaton, F|\n|poke|p2|Flamigo, F|\n|poke|p2|Slowking-Galar, M|\n|poke|p2|Diancie|\n|poke|p2|Clefable, F|\n|poke|p2|Mewtwo|\n|teampreview\n|j| Mistery Gold\n|\n|t:|1701129295\n|start\n|switch|p1a: Darmanitan|Darmanitan-Galar, M|100\/100\n|switch|p2a: Flamigo|Flamigo, F|100\/100\n|turn|1\n|\n|t:|1701129304\n|move|p1a: Darmanitan|Ice Punch|p2a: Flamigo\n|-supereffective|p2a: Flamigo\n|-damage|p2a: Flamigo|0 fnt\n|faint|p2a: Flamigo\n|\n|upkeep\n|\n|t:|1701129318\n|switch|p2a: Mewtwo|Mewtwo|100\/100\n|-ability|p2a: Mewtwo|Pressure\n|turn|2\n|\n|t:|1701129334\n|switch|p1a: Iron Valiant|Iron Valiant|100\/100\n|-enditem|p1a: Iron Valiant|Booster Energy\n|-activate|p1a: Iron Valiant|ability: Quark Drive|[fromitem]\n|-start|p1a: Iron Valiant|quarkdrivespe\n|move|p2a: Mewtwo|Earth Power|p1a: Iron Valiant\n|-damage|p1a: Iron Valiant|23\/100\n|\n|upkeep\n|turn|3\n|\n|t:|1701129344\n|move|p1a: Iron Valiant|Destiny Bond|p1a: Iron Valiant\n|-singlemove|p1a: Iron Valiant|Destiny Bond\n|move|p2a: Mewtwo|Earth Power|p1a: Iron Valiant\n|-damage|p1a: Iron Valiant|0 fnt\n|faint|p1a: Iron Valiant\n|-activate|p1a: Iron Valiant|move: Destiny Bond\n|-end|p1a: Iron Valiant|Quark Drive|[silent]\n|faint|p2a: Mewtwo\n|\n|upkeep\n|\n|t:|1701129366\n|switch|p1a: Gallade|Gallade, M|100\/100\n|switch|p2a: Tinkaton|Tinkaton, F|100\/100\n|-ability|p2a: Tinkaton|Mold Breaker\n|turn|4\n|\n|t:|1701129381\n|detailschange|p1a: Gallade|Gallade-Mega, M\n|-mega|p1a: Gallade|Gallade|Galladite\n|move|p1a: Gallade|Agility|p1a: Gallade\n|-boost|p1a: Gallade|spe|2\n|move|p2a: Tinkaton|Gigaton Hammer|p1a: Gallade\n|-damage|p1a: Gallade|29\/100\n|\n|upkeep\n|turn|5\n|\n|t:|1701129393\n|move|p1a: Gallade|Earthquake|p2a: Tinkaton\n|-supereffective|p2a: Tinkaton\n|-damage|p2a: Tinkaton|0 fnt\n|faint|p2a: Tinkaton\n|\n|upkeep\n|\n|t:|1701129410\n|switch|p2a: Clefable|Clefable, F|100\/100\n|turn|6\n|\n|t:|1701129419\n|move|p1a: Gallade|Earthquake|p2a: Clefable\n|-damage|p2a: Clefable|67\/100\n|move|p2a: Clefable|Thunder|p1a: Gallade|[miss]\n|-miss|p2a: Clefable|p1a: Gallade\n|\n|-heal|p2a: Clefable|73\/100|[from] item: Leftovers\n|upkeep\n|turn|7\n|\n|t:|1701129433\n|switch|p1a: Kyurem|Kyurem-White|100\/100\n|-ability|p1a: Kyurem|Turboblaze\n|move|p2a: Clefable|Thunder|p1a: Kyurem\n|-resisted|p1a: Kyurem\n|-crit|p1a: Kyurem\n|-damage|p1a: Kyurem|85\/100\n|-status|p1a: Kyurem|par\n|\n|-heal|p2a: Clefable|79\/100|[from] item: Leftovers\n|upkeep\n|turn|8\n|\n|t:|1701129447\n|move|p1a: Kyurem|Flash Cannon|p2a: Clefable\n|-supereffective|p2a: Clefable\n|-damage|p2a: Clefable|14\/100\n|move|p2a: Clefable|Calm Mind|p2a: Clefable\n|-boost|p2a: Clefable|spa|1\n|-boost|p2a: Clefable|spd|1\n|\n|-heal|p2a: Clefable|20\/100|[from] item: Leftovers\n|upkeep\n|turn|9\n|\n|t:|1701129457\n|move|p1a: Kyurem|Flash Cannon|p2a: Clefable\n|-supereffective|p2a: Clefable\n|-damage|p2a: Clefable|0 fnt\n|faint|p2a: Clefable\n|\n|upkeep\n|\n|t:|1701129462\n|switch|p2a: Diancie|Diancie|100\/100\n|turn|10\n|\n|t:|1701129473\n|switch|p1a: Kartana|Kartana|100\/100\n|detailschange|p2a: Diancie|Diancie-Mega\n|-mega|p2a: Diancie|Diancie|Diancite\n|move|p2a: Diancie|Diamond Storm|p1a: Kartana\n|-resisted|p1a: Kartana\n|-damage|p1a: Kartana|71\/100\n|-boost|p2a: Diancie|def|2\n|\n|upkeep\n|turn|11\n|\n|t:|1701129487\n|move|p1a: Kartana|Smart Strike|p2a: Diancie\n|-supereffective|p2a: Diancie\n|-damage|p2a: Diancie|0 fnt\n|faint|p2a: Diancie\n|-ability|p1a: Kartana|Beast Boost|boost\n|-boost|p1a: Kartana|atk|1\n|\n|upkeep\n|\n|t:|1701129494\n|switch|p2a: Slowking|Slowking-Galar, M|100\/100\n|turn|12\n|\n|t:|1701129502\n|move|p1a: Kartana|Smart Strike|p2a: Slowking\n|-damage|p2a: Slowking|25\/100\n|move|p2a: Slowking|Sludge Bomb|p1a: Kartana\n|-immune|p1a: Kartana\n|\n|-heal|p2a: Slowking|31\/100|[from] item: Leftovers\n|upkeep\n|turn|13\n|\n|t:|1701129526\n|move|p1a: Kartana|Smart Strike|p2a: Slowking\n|-damage|p2a: Slowking|0 fnt\n|faint|p2a: Slowking\n|\n|win|CrisWWE\n","uploadtime":1701129533,"views":2,"p1id":"criswwe","p2id":"thechef17","formatid":"gen9nationaldexubers","rating":0,"private":0,"password":""}