{"id":"gen9nationaldexubers-1977758855","p1":"ImGoodATM","p2":"Cross12000","format":"[Gen 9] National Dex Ubers","log":"|j|\u2606ImGoodATM\n|j|\u2606Cross12000\n|t:|1698446206\n|gametype|singles\n|player|p1|ImGoodATM|will|\n|player|p2|Cross12000|roxie|\n|teamsize|p1|6\n|teamsize|p2|6\n|gen|9\n|tier|[Gen 9] National Dex Ubers\n|rule|HP Percentage Mod: HP is shown in percentages\n|rule|Endless Battle Clause: Forcing endless battles is banned\n|rule|OHKO Clause: OHKO moves are banned\n|rule|Evasion Moves Clause: Evasion moves are banned\n|rule|Evasion Items Clause: Evasion items are banned\n|rule|Species Clause: Limit one of each Pok\u00e9mon\n|rule|Sleep Clause Mod: Limit one foe put to sleep\n|rule|Mega Rayquaza Clause: You cannot mega evolve Rayquaza\n|clearpoke\n|poke|p1|Naganadel|\n|poke|p1|Tentacruel, F|\n|poke|p1|Sneasler, F|\n|poke|p1|Drapion, M|\n|poke|p1|Beedrill, M|\n|poke|p1|Toxapex, F|\n|poke|p2|Ursaluna, M|\n|poke|p2|Pidgeot, M|\n|poke|p2|Zoroark-Hisui, F|\n|poke|p2|Snorlax, M|\n|poke|p2|Porygon2|\n|poke|p2|Blissey, F|\n|teampreview\n|\n|t:|1698446231\n|start\n|switch|p1a: Sneasler|Sneasler, F|100\/100\n|switch|p2a: Big Balut|Blissey, F|100\/100\n|-item|p1a: Sneasler|Air Balloon\n|turn|1\n|\n|t:|1698446256\n|move|p1a: Sneasler|Brick Break|p2a: Big Balut\n|-supereffective|p2a: Big Balut\n|-damage|p2a: Big Balut|26\/100\n|move|p2a: Big Balut|Fire Blast|p1a: Sneasler|[miss]\n|-miss|p2a: Big Balut|p1a: Sneasler\n|\n|-heal|p2a: Big Balut|32\/100|[from] item: Leftovers\n|upkeep\n|turn|2\n|\n|t:|1698446267\n|move|p1a: Sneasler|Brick Break|p2a: Big Balut\n|-supereffective|p2a: Big Balut\n|-damage|p2a: Big Balut|0 fnt\n|faint|p2a: Big Balut\n|\n|upkeep\n|\n|t:|1698446270\n|switch|p2a: umnomnom|Snorlax, M|100\/100\n|turn|3\n|\n|t:|1698446277\n|move|p2a: umnomnom|Shadow Ball|p1a: Sneasler\n|-damage|p1a: Sneasler|24\/100\n|-enditem|p1a: Sneasler|Air Balloon\n|move|p1a: Sneasler|Brick Break|p2a: umnomnom\n|-immune|p2a: umnomnom\n|\n|upkeep\n|turn|4\n|\n|t:|1698446281\n|move|p1a: Sneasler|Brick Break|p2a: umnomnom\n|-immune|p2a: umnomnom\n|move|p2a: umnomnom|Shadow Ball|p1a: Sneasler\n|-damage|p1a: Sneasler|0 fnt\n|faint|p1a: Sneasler\n|\n|upkeep\n|\n|t:|1698446286\n|switch|p1a: Toxapex|Toxapex, F|100\/100\n|turn|5\n|\n|t:|1698446293\n|move|p2a: umnomnom|Shadow Ball|p1a: Toxapex\n|-damage|p1a: Toxapex|49\/100\n|move|p1a: Toxapex|Toxic|p2a: umnomnom\n|-status|p2a: umnomnom|tox\n|\n|-heal|p1a: Toxapex|55\/100|[from] item: Black Sludge\n|-damage|p2a: umnomnom|95\/100 tox|[from] psn\n|upkeep\n|turn|6\n|\n|t:|1698446297\n|move|p1a: Toxapex|Baneful Bunker|p1a: Toxapex\n|-singleturn|p1a: Toxapex|move: Protect\n|move|p2a: umnomnom|Shadow Ball|p1a: Toxapex\n|-activate|p1a: Toxapex|move: Protect\n|\n|-heal|p1a: Toxapex|62\/100|[from] item: Black Sludge\n|-damage|p2a: umnomnom|83\/100 tox|[from] psn\n|upkeep\n|turn|7\n|\n|t:|1698446299\n|move|p2a: umnomnom|Shadow Ball|p1a: Toxapex\n|-damage|p1a: Toxapex|8\/100\n|move|p1a: Toxapex|Recover|p1a: Toxapex\n|-heal|p1a: Toxapex|58\/100\n|\n|-heal|p1a: Toxapex|64\/100|[from] item: Black Sludge\n|-damage|p2a: umnomnom|65\/100 tox|[from] psn\n|upkeep\n|turn|8\n|\n|t:|1698446305\n|move|p1a: Toxapex|Baneful Bunker|p1a: Toxapex\n|-singleturn|p1a: Toxapex|move: Protect\n|move|p2a: umnomnom|Shadow Ball|p1a: Toxapex\n|-activate|p1a: Toxapex|move: Protect\n|\n|-heal|p1a: Toxapex|71\/100|[from] item: Black Sludge\n|-damage|p2a: umnomnom|41\/100 tox|[from] psn\n|upkeep\n|turn|9\n|\n|t:|1698446312\n|move|p2a: umnomnom|Shadow Ball|p1a: Toxapex\n|-damage|p1a: Toxapex|19\/100\n|-unboost|p1a: Toxapex|spd|1\n|move|p1a: Toxapex|Recover|p1a: Toxapex\n|-heal|p1a: Toxapex|69\/100\n|\n|-heal|p1a: Toxapex|75\/100|[from] item: Black Sludge\n|-damage|p2a: umnomnom|11\/100 tox|[from] psn\n|upkeep\n|turn|10\n|\n|t:|1698446316\n|move|p1a: Toxapex|Baneful Bunker|p1a: Toxapex\n|-singleturn|p1a: Toxapex|move: Protect\n|move|p2a: umnomnom|Shadow Ball|p1a: Toxapex\n|-activate|p1a: Toxapex|move: Protect\n|\n|-heal|p1a: Toxapex|81\/100|[from] item: Black Sludge\n|-damage|p2a: umnomnom|0 fnt|[from] psn\n|faint|p2a: umnomnom\n|upkeep\n|\n|t:|1698446319\n|switch|p2a: umnomnom|Snorlax, M|100\/100\n|turn|11\n|\n|t:|1698446328\n|switch|p1a: Tentacruel|Tentacruel, F|100\/100\n|move|p2a: umnomnom|Curse|p2a: umnomnom\n|-unboost|p2a: umnomnom|spe|1\n|-boost|p2a: umnomnom|atk|1\n|-boost|p2a: umnomnom|def|1\n|\n|upkeep\n|turn|12\n|\n|t:|1698446333\n|move|p1a: Tentacruel|Acid Armor|p1a: Tentacruel\n|-boost|p1a: Tentacruel|def|2\n|move|p2a: umnomnom|Heavy Slam|p1a: Tentacruel\n|-resisted|p1a: Tentacruel\n|-damage|p1a: Tentacruel|77\/100\n|\n|upkeep\n|turn|13\n|\n|t:|1698446340\n|move|p1a: Tentacruel|Acid Armor|p1a: Tentacruel\n|-boost|p1a: Tentacruel|def|2\n|move|p2a: umnomnom|Heavy Slam|p1a: Tentacruel\n|-resisted|p1a: Tentacruel\n|-damage|p1a: Tentacruel|62\/100\n|\n|upkeep\n|turn|14\n|\n|t:|1698446342\n|move|p1a: Tentacruel|Acid Armor|p1a: Tentacruel\n|-boost|p1a: Tentacruel|def|2\n|move|p2a: umnomnom|Heavy Slam|p1a: Tentacruel\n|-resisted|p1a: Tentacruel\n|-damage|p1a: Tentacruel|51\/100\n|\n|upkeep\n|turn|15\n|\n|t:|1698446349\n|move|p1a: Tentacruel|Dazzling Gleam|p2a: umnomnom\n|-damage|p2a: umnomnom|88\/100\n|move|p2a: umnomnom|Heavy Slam|p1a: Tentacruel\n|-resisted|p1a: Tentacruel\n|-damage|p1a: Tentacruel|40\/100\n|\n|upkeep\n|turn|16\n|\n|t:|1698446351\n|move|p1a: Tentacruel|Dazzling Gleam|p2a: umnomnom\n|-damage|p2a: umnomnom|77\/100\n|move|p2a: umnomnom|Curse|p2a: umnomnom\n|-unboost|p2a: umnomnom|spe|1\n|-boost|p2a: umnomnom|atk|1\n|-boost|p2a: umnomnom|def|1\n|\n|upkeep\n|turn|17\n|\n|t:|1698446357\n|move|p1a: Tentacruel|Dazzling Gleam|p2a: umnomnom\n|-damage|p2a: umnomnom|64\/100\n|move|p2a: umnomnom|Heavy Slam|p1a: Tentacruel\n|-resisted|p1a: Tentacruel\n|-damage|p1a: Tentacruel|25\/100\n|\n|upkeep\n|turn|18\n|\n|t:|1698446359\n|move|p1a: Tentacruel|Dazzling Gleam|p2a: umnomnom\n|-damage|p2a: umnomnom|51\/100\n|move|p2a: umnomnom|Heavy Slam|p1a: Tentacruel\n|-resisted|p1a: Tentacruel\n|-damage|p1a: Tentacruel|11\/100\n|\n|upkeep\n|turn|19\n|\n|t:|1698446364\n|move|p1a: Tentacruel|Dazzling Gleam|p2a: umnomnom\n|-damage|p2a: umnomnom|40\/100\n|move|p2a: umnomnom|Heavy Slam|p1a: Tentacruel\n|-resisted|p1a: Tentacruel\n|-damage|p1a: Tentacruel|0 fnt\n|faint|p1a: Tentacruel\n|\n|upkeep\n|\n|t:|1698446369\n|switch|p1a: Naganadel|Naganadel|100\/100\n|turn|20\n|\n|t:|1698446374\n|-terastallize|p1a: Naganadel|Fire\n|move|p1a: Naganadel|Flamethrower|p2a: umnomnom\n|-damage|p2a: umnomnom|0 fnt\n|faint|p2a: umnomnom\n|-ability|p1a: Naganadel|Beast Boost|boost\n|-boost|p1a: Naganadel|spe|1\n|\n|upkeep\n|\n|t:|1698446379\n|switch|p2a: kakarot|Pidgeot, M|100\/100\n|turn|21\n|\n|t:|1698446387\n|detailschange|p2a: kakarot|Pidgeot-Mega, M\n|-mega|p2a: kakarot|Pidgeot|Pidgeotite\n|move|p1a: Naganadel|Flamethrower|p2a: kakarot\n|-damage|p2a: kakarot|11\/100\n|move|p2a: kakarot|Hurricane|p1a: Naganadel\n|-damage|p1a: Naganadel|11\/100\n|-start|p1a: Naganadel|confusion\n|\n|upkeep\n|turn|22\n|\n|t:|1698446394\n|move|p2a: kakarot|Quick Attack|p1a: Naganadel\n|-damage|p1a: Naganadel|0 fnt\n|faint|p1a: Naganadel\n|\n|upkeep\n|\n|t:|1698446397\n|switch|p1a: Toxapex|Toxapex, F|81\/100\n|turn|23\n|\n|t:|1698446403\n|move|p2a: kakarot|Detect|p2a: kakarot\n|-singleturn|p2a: kakarot|Protect\n|move|p1a: Toxapex|Baneful Bunker||[still]\n|-fail|p1a: Toxapex\n|\n|-heal|p1a: Toxapex|88\/100|[from] item: Black Sludge\n|upkeep\n|turn|24\n|\n|t:|1698446406\n|move|p2a: kakarot|Hurricane|p1a: Toxapex\n|-damage|p1a: Toxapex|35\/100\n|move|p1a: Toxapex|Toxic|p2a: kakarot\n|-status|p2a: kakarot|tox\n|\n|-heal|p1a: Toxapex|42\/100|[from] item: Black Sludge\n|-damage|p2a: kakarot|5\/100 tox|[from] psn\n|upkeep\n|turn|25\n|\n|t:|1698446409\n|move|p1a: Toxapex|Baneful Bunker|p1a: Toxapex\n|-singleturn|p1a: Toxapex|move: Protect\n|move|p2a: kakarot|Hurricane|p1a: Toxapex\n|-activate|p1a: Toxapex|move: Protect\n|\n|-heal|p1a: Toxapex|48\/100|[from] item: Black Sludge\n|-damage|p2a: kakarot|0 fnt|[from] psn\n|faint|p2a: kakarot\n|upkeep\n|\n|t:|1698446414\n|switch|p2a: Duck|Porygon2|100\/100\n|turn|26\n|\n|t:|1698446426\n|move|p1a: Toxapex|Baneful Bunker||[still]\n|-fail|p1a: Toxapex\n|move|p2a: Duck|Discharge|p1a: Toxapex\n|-supereffective|p1a: Toxapex\n|-damage|p1a: Toxapex|0 fnt\n|faint|p1a: Toxapex\n|\n|upkeep\n|\n|t:|1698446430\n|switch|p1a: Drapion|Drapion, M|100\/100\n|turn|27\n|\n|t:|1698446438\n|move|p1a: Drapion|Cross Poison|p2a: Duck\n|-damage|p2a: Duck|81\/100\n|move|p2a: Duck|Trick Room|p2a: Duck\n|-fieldstart|move: Trick Room|[of] p2a: Duck\n|\n|upkeep\n|turn|28\n|\n|t:|1698446443\n|move|p2a: Duck|Ice Beam|p1a: Drapion\n|-damage|p1a: Drapion|58\/100\n|move|p1a: Drapion|Cross Poison|p2a: Duck\n|-damage|p2a: Duck|63\/100\n|\n|upkeep\n|turn|29\n|\n|t:|1698446448\n|move|p2a: Duck|Discharge|p1a: Drapion\n|-damage|p1a: Drapion|21\/100\n|move|p1a: Drapion|Cross Poison|p2a: Duck\n|-crit|p2a: Duck\n|-damage|p2a: Duck|18\/100\n|\n|upkeep\n|turn|30\n|\n|t:|1698446451\n|move|p2a: Duck|Discharge|p1a: Drapion\n|-damage|p1a: Drapion|0 fnt\n|faint|p1a: Drapion\n|\n|upkeep\n|\n|t:|1698446453\n|switch|p1a: Beedrill|Beedrill, M|100\/100\n|turn|31\n|\n|t:|1698446460\n|detailschange|p1a: Beedrill|Beedrill-Mega, M\n|-mega|p1a: Beedrill|Beedrill|Beedrillite\n|move|p1a: Beedrill|Protect|p1a: Beedrill\n|-singleturn|p1a: Beedrill|Protect\n|move|p2a: Duck|Ice Beam|p1a: Beedrill\n|-activate|p1a: Beedrill|move: Protect\n|\n|-fieldend|move: Trick Room\n|upkeep\n|turn|32\n|\n|t:|1698446464\n|move|p1a: Beedrill|Poison Jab|p2a: Duck\n|-damage|p2a: Duck|0 fnt\n|faint|p2a: Duck\n|\n|upkeep\n|\n|t:|1698446466\n|switch|p2a: freddy faxbear|Ursaluna, M|100\/100\n|turn|33\n|\n|t:|1698446472\n|move|p2a: freddy faxbear|Protect|p2a: freddy faxbear\n|-singleturn|p2a: freddy faxbear|Protect\n|move|p1a: Beedrill|Brick Break|p2a: freddy faxbear\n|-activate|p2a: freddy faxbear|move: Protect\n|\n|-status|p2a: freddy faxbear|brn|[from] item: Flame Orb\n|upkeep\n|turn|34\n|\n|t:|1698446477\n|move|p1a: Beedrill|Protect|p1a: Beedrill\n|-singleturn|p1a: Beedrill|Protect\n|move|p2a: freddy faxbear|Facade|p1a: Beedrill\n|-activate|p1a: Beedrill|move: Protect\n|\n|-damage|p2a: freddy faxbear|94\/100 brn|[from] brn\n|upkeep\n|turn|35\n|\n|t:|1698446481\n|move|p1a: Beedrill|Brick Break|p2a: freddy faxbear\n|-supereffective|p2a: freddy faxbear\n|-damage|p2a: freddy faxbear|54\/100 brn\n|move|p2a: freddy faxbear|Facade|p1a: Beedrill\n|-damage|p1a: Beedrill|0 fnt\n|faint|p1a: Beedrill\n|\n|win|Cross12000\n","uploadtime":1698446486,"views":20,"p1id":"imgoodatm","p2id":"cross12000","formatid":"gen9nationaldexubers","rating":0,"private":0,"password":""}