{"id":"gen9nationaldexubers-1984676683","p1":"ImsuchanL","p2":"darkukira","format":"[Gen 9] National Dex Ubers","log":"|j|\u2606ImsuchanL\n|j|\u2606darkukira\n|t:|1699290013\n|gametype|singles\n|player|p1|ImsuchanL|guzma|1371\n|player|p2|darkukira|170|1545\n|teamsize|p1|6\n|teamsize|p2|6\n|gen|9\n|tier|[Gen 9] National Dex Ubers\n|rated|\n|rule|HP Percentage Mod: HP is shown in percentages\n|rule|Endless Battle Clause: Forcing endless battles is banned\n|rule|OHKO Clause: OHKO moves are banned\n|rule|Evasion Moves Clause: Evasion moves are banned\n|rule|Evasion Items Clause: Evasion items are banned\n|rule|Species Clause: Limit one of each Pok\u00e9mon\n|rule|Sleep Clause Mod: Limit one foe put to sleep\n|rule|Mega Rayquaza Clause: You cannot mega evolve Rayquaza\n|clearpoke\n|poke|p1|Arceus|\n|poke|p1|Kyogre|\n|poke|p1|Ho-Oh|\n|poke|p1|Yveltal|\n|poke|p1|Zygarde|\n|poke|p1|Zacian-*|\n|poke|p2|Groudon|\n|poke|p2|Necrozma-Dusk-Mane|\n|poke|p2|Arceus-Ground|\n|poke|p2|Yveltal|\n|poke|p2|Ho-Oh|\n|poke|p2|Xerneas-*|\n|teampreview\n|inactive|Battle timer is ON: inactive players will automatically lose when time's up. (requested by darkukira)\n|\n|t:|1699290022\n|start\n|switch|p1a: Kyogre|Kyogre|100\/100\n|switch|p2a: Arceus|Arceus-Ground|100\/100\n|detailschange|p1a: Kyogre|Kyogre-Primal\n|-primal|p1a: Kyogre|Blue Orb\n|-weather|PrimordialSea|[from] ability: Primordial Sea|[of] p1a: Kyogre\n|turn|1\n|\n|t:|1699290031\n|switch|p2a: Groudon|Groudon, shiny|100\/100\n|detailschange|p2a: Groudon|Groudon-Primal, shiny\n|-primal|p2a: Groudon|Red Orb\n|-weather|DesolateLand|[from] ability: Desolate Land|[of] p2a: Groudon\n|move|p1a: Kyogre|Earthquake|p2a: Groudon\n|-supereffective|p2a: Groudon\n|-damage|p2a: Groudon|45\/100\n|\n|-weather|DesolateLand|[upkeep]\n|upkeep\n|turn|2\n|c|\u2606ImsuchanL|W read\n|\n|t:|1699290042\n|-weather|none\n|switch|p2a: Yveltal|Yveltal, shiny|100\/100\n|-ability|p2a: Yveltal|Dark Aura\n|move|p1a: Kyogre|Earthquake|p2a: Yveltal\n|-immune|p2a: Yveltal\n|\n|upkeep\n|turn|3\n|\n|t:|1699290059\n|move|p2a: Yveltal|Knock Off|p1a: Kyogre\n|-damage|p1a: Kyogre|37\/100\n|move|p1a: Kyogre|Liquidation|p2a: Yveltal\n|-damage|p2a: Yveltal|54\/100\n|\n|upkeep\n|turn|4\n|\n|t:|1699290069\n|switch|p1a: Zacian|Zacian-Crowned, shiny|100\/100\n|-ability|p1a: Zacian|Intrepid Sword|boost\n|-boost|p1a: Zacian|atk|1\n|move|p2a: Yveltal|Knock Off|p1a: Zacian\n|-resisted|p1a: Zacian\n|-damage|p1a: Zacian|73\/100\n|\n|upkeep\n|turn|5\n|\n|t:|1699290084\n|move|p2a: Yveltal|Sucker Punch||[still]\n|-fail|p2a: Yveltal\n|move|p1a: Zacian|Swords Dance|p1a: Zacian\n|-boost|p1a: Zacian|atk|2\n|\n|upkeep\n|turn|6\n|c|\u2606ImsuchanL|i felt like running a mixed Kyogre\n|\n|t:|1699290091\n|move|p2a: Yveltal|Sucker Punch|p1a: Zacian\n|-resisted|p1a: Zacian\n|-damage|p1a: Zacian|44\/100\n|move|p1a: Zacian|Sacred Sword|p2a: Yveltal\n|-damage|p2a: Yveltal|0 fnt\n|faint|p2a: Yveltal\n|\n|upkeep\n|\n|t:|1699290109\n|switch|p2a: Ho-Oh|Ho-Oh, shiny|100\/100\n|turn|7\n|\n|t:|1699290121\n|switch|p1a: Kyogre|Kyogre-Primal|37\/100\n|-weather|PrimordialSea|[from] ability: Primordial Sea|[of] p1a: Kyogre\n|move|p2a: Ho-Oh|Sacred Fire||[still]\n|-fail|p2a: Ho-Oh|Sacred Fire|[from] Primordial Sea\n|\n|-weather|PrimordialSea|[upkeep]\n|upkeep\n|turn|8\n|\n|t:|1699290135\n|switch|p2a: Groudon|Groudon-Primal, shiny|45\/100\n|-weather|DesolateLand|[from] ability: Desolate Land|[of] p2a: Groudon\n|move|p1a: Kyogre|Liquidation||[still]\n|-fail|p1a: Kyogre|Liquidation|[from] Desolate Land\n|\n|-weather|DesolateLand|[upkeep]\n|upkeep\n|turn|9\n|\n|t:|1699290157\n|switch|p1a: Ho-Oh|Ho-Oh|100\/100\n|move|p2a: Groudon|Precipice Blades|p1a: Ho-Oh\n|-immune|p1a: Ho-Oh\n|\n|-weather|DesolateLand|[upkeep]\n|upkeep\n|turn|10\n|\n|t:|1699290182\n|move|p2a: Groudon|Rock Polish|p2a: Groudon\n|-boost|p2a: Groudon|spe|2\n|move|p1a: Ho-Oh|Toxic|p2a: Groudon\n|-status|p2a: Groudon|tox\n|\n|-weather|DesolateLand|[upkeep]\n|-damage|p2a: Groudon|39\/100 tox|[from] psn\n|upkeep\n|turn|11\n|\n|t:|1699290191\n|move|p2a: Groudon|Heat Crash|p1a: Ho-Oh\n|-resisted|p1a: Ho-Oh\n|-damage|p1a: Ho-Oh|55\/100\n|move|p1a: Ho-Oh|Sacred Fire|p2a: Groudon\n|-resisted|p2a: Groudon\n|-damage|p2a: Groudon|17\/100 tox\n|\n|-weather|DesolateLand|[upkeep]\n|-damage|p2a: Groudon|5\/100 tox|[from] psn\n|upkeep\n|turn|12\n|\n|t:|1699290201\n|switch|p1a: Kyogre|Kyogre-Primal|37\/100\n|-weather|PrimordialSea|[from] ability: Primordial Sea|[of] p1a: Kyogre\n|move|p2a: Groudon|Heat Crash||[still]\n|-fail|p2a: Groudon|Heat Crash|[from] Primordial Sea\n|\n|-weather|PrimordialSea|[upkeep]\n|-damage|p2a: Groudon|0 fnt|[from] psn\n|faint|p2a: Groudon\n|upkeep\n|\n|t:|1699290224\n|switch|p2a: Necrozma|Necrozma-Dusk-Mane, shiny|100\/100\n|turn|13\n|\n|t:|1699290230\n|move|p1a: Kyogre|Earthquake|p2a: Necrozma\n|-supereffective|p2a: Necrozma\n|-damage|p2a: Necrozma|51\/100\n|move|p2a: Necrozma|Dragon Dance|p2a: Necrozma\n|-boost|p2a: Necrozma|atk|1\n|-boost|p2a: Necrozma|spe|1\n|\n|-weather|PrimordialSea|[upkeep]\n|upkeep\n|turn|14\n|\n|t:|1699290238\n|detailschange|p2a: Necrozma|Necrozma-Ultra, shiny\n|-burst|p2a: Necrozma|Necrozma|Ultranecrozium Z\n|move|p2a: Necrozma|Photon Geyser|p1a: Kyogre\n|-damage|p1a: Kyogre|0 fnt\n|faint|p1a: Kyogre\n|-weather|none\n|\n|upkeep\n|\n|t:|1699290244\n|switch|p1a: Zacian|Zacian-Crowned, shiny|44\/100\n|turn|15\n|\n|t:|1699290250\n|move|p2a: Necrozma|Earthquake|p1a: Zacian\n|-supereffective|p1a: Zacian\n|-damage|p1a: Zacian|0 fnt\n|faint|p1a: Zacian\n|\n|upkeep\n|\n|t:|1699290255\n|switch|p1a: Ho-Oh|Ho-Oh|88\/100\n|turn|16\n|\n|t:|1699290261\n|-zpower|p2a: Necrozma\n|move|p2a: Necrozma|Light That Burns the Sky|p1a: Ho-Oh|[zeffect]\n|-damage|p1a: Ho-Oh|0 fnt\n|faint|p1a: Ho-Oh\n|\n|upkeep\n|\n|t:|1699290264\n|switch|p1a: Yveltal|Yveltal|100\/100\n|-ability|p1a: Yveltal|Dark Aura\n|turn|17\n|\n|t:|1699290272\n|move|p1a: Yveltal|Sucker Punch|p2a: Necrozma\n|-supereffective|p2a: Necrozma\n|-damage|p2a: Necrozma|0 fnt\n|faint|p2a: Necrozma\n|\n|upkeep\n|\n|t:|1699290278\n|switch|p2a: Xerneas|Xerneas|100\/100\n|-ability|p2a: Xerneas|Fairy Aura\n|turn|18\n|\n|t:|1699290304\n|move|p2a: Xerneas|Geomancy||[still]\n|-prepare|p2a: Xerneas|Geomancy\n|-enditem|p2a: Xerneas|Power Herb\n|-anim|p2a: Xerneas|Geomancy|p2a: Xerneas\n|-boost|p2a: Xerneas|spa|2\n|-boost|p2a: Xerneas|spd|2\n|-boost|p2a: Xerneas|spe|2\n|move|p1a: Yveltal|Oblivion Wing|p2a: Xerneas\n|-damage|p2a: Xerneas|81\/100\n|\n|upkeep\n|turn|19\n|\n|t:|1699290316\n|move|p1a: Yveltal|Sucker Punch|p2a: Xerneas\n|-resisted|p2a: Xerneas\n|-damage|p2a: Xerneas|61\/100\n|move|p2a: Xerneas|Moonblast|p1a: Yveltal\n|-supereffective|p1a: Yveltal\n|-damage|p1a: Yveltal|0 fnt\n|faint|p1a: Yveltal\n|\n|upkeep\n|\n|t:|1699290320\n|switch|p1a: Arceus|Arceus|100\/100\n|turn|20\n|\n|t:|1699290329\n|-terastallize|p1a: Arceus|Normal\n|move|p1a: Arceus|Extreme Speed|p2a: Xerneas\n|-damage|p2a: Xerneas|28\/100\n|move|p2a: Xerneas|Moonblast|p1a: Arceus\n|-damage|p1a: Arceus|8\/100\n|\n|-heal|p1a: Arceus|14\/100|[from] item: Leftovers\n|upkeep\n|turn|21\n|\n|t:|1699290357\n|move|p1a: Arceus|Extreme Speed|p2a: Xerneas\n|-damage|p2a: Xerneas|0 fnt\n|faint|p2a: Xerneas\n|\n|-heal|p1a: Arceus|20\/100|[from] item: Leftovers\n|upkeep\n|inactive|darkukira has 120 seconds left.\n|\n|t:|1699290373\n|switch|p2a: Ho-Oh|Ho-Oh, shiny|100\/100\n|turn|22\n|\n|t:|1699290383\n|move|p1a: Arceus|Recover|p1a: Arceus\n|-heal|p1a: Arceus|70\/100\n|move|p2a: Ho-Oh|Sacred Fire|p1a: Arceus\n|-damage|p1a: Arceus|43\/100\n|-status|p1a: Arceus|brn\n|\n|-heal|p1a: Arceus|49\/100 brn|[from] item: Leftovers\n|-damage|p1a: Arceus|43\/100 brn|[from] brn\n|upkeep\n|turn|23\n|\n|t:|1699290398\n|move|p1a: Arceus|Recover|p1a: Arceus\n|-heal|p1a: Arceus|93\/100 brn\n|move|p2a: Ho-Oh|Brave Bird|p1a: Arceus\n|-damage|p1a: Arceus|59\/100 brn\n|-damage|p2a: Ho-Oh|88\/100|[from] Recoil\n|\n|-heal|p1a: Arceus|65\/100 brn|[from] item: Leftovers\n|-damage|p1a: Arceus|59\/100 brn|[from] brn\n|upkeep\n|turn|24\n|\n|t:|1699290411\n|move|p1a: Arceus|Protect|p1a: Arceus\n|-singleturn|p1a: Arceus|Protect\n|move|p2a: Ho-Oh|Sacred Fire|p1a: Arceus\n|-activate|p1a: Arceus|move: Protect\n|\n|-heal|p1a: Arceus|65\/100 brn|[from] item: Leftovers\n|-damage|p1a: Arceus|59\/100 brn|[from] brn\n|upkeep\n|turn|25\n|\n|t:|1699290421\n|switch|p2a: Arceus|Arceus-Ground|100\/100\n|move|p1a: Arceus|Recover|p1a: Arceus\n|-heal|p1a: Arceus|100\/100 brn\n|\n|-damage|p1a: Arceus|94\/100 brn|[from] brn\n|upkeep\n|turn|26\n|\n|t:|1699290431\n|switch|p1a: Zygarde|Zygarde|100\/100\n|move|p2a: Arceus|Judgment|p1a: Zygarde\n|-damage|p1a: Zygarde|46\/100\n|\n|-heal|p1a: Zygarde|52\/100|[from] item: Leftovers\n|upkeep\n|turn|27\n|\n|t:|1699290448\n|move|p2a: Arceus|Judgment|p1a: Zygarde\n|-damage|p1a: Zygarde|2\/100\n|move|p1a: Zygarde|Coil|p1a: Zygarde\n|-boost|p1a: Zygarde|atk|1\n|-boost|p1a: Zygarde|def|1\n|-boost|p1a: Zygarde|accuracy|1\n|\n|-heal|p1a: Zygarde|8\/100|[from] item: Leftovers\n|-activate|p1a: Zygarde|ability: Power Construct\n|detailschange|p1a: Zygarde|Zygarde-Complete\n|-heal|p1a: Zygarde|40\/100|[silent]\n|upkeep\n|turn|28\n|\n|t:|1699290461\n|move|p2a: Arceus|Taunt|p1a: Zygarde\n|-start|p1a: Zygarde|move: Taunt\n|move|p1a: Zygarde|Dragon Tail|p2a: Arceus\n|-damage|p2a: Arceus|78\/100\n|drag|p2a: Ho-Oh|Ho-Oh, shiny|100\/100\n|\n|-heal|p1a: Zygarde|46\/100|[from] item: Leftovers\n|upkeep\n|turn|29\n|inactive|ImsuchanL has 120 seconds left.\n|inactive|ImsuchanL has 90 seconds left.\n|\n|t:|1699290541\n|move|p1a: Zygarde|Thousand Arrows|p2a: Ho-Oh\n|-damage|p2a: Ho-Oh|60\/100\n|-start|p2a: Ho-Oh|Smack Down\n|move|p2a: Ho-Oh|Sacred Fire|p1a: Zygarde\n|-resisted|p1a: Zygarde\n|-damage|p1a: Zygarde|41\/100\n|-status|p1a: Zygarde|brn\n|\n|-heal|p1a: Zygarde|47\/100 brn|[from] item: Leftovers\n|-damage|p1a: Zygarde|41\/100 brn|[from] brn\n|upkeep\n|turn|30\n|\n|t:|1699290554\n|switch|p2a: Arceus|Arceus-Ground|78\/100\n|move|p1a: Zygarde|Thousand Arrows|p2a: Arceus\n|-damage|p2a: Arceus|60\/100\n|\n|-heal|p1a: Zygarde|47\/100 brn|[from] item: Leftovers\n|-damage|p1a: Zygarde|41\/100 brn|[from] brn\n|-end|p1a: Zygarde|move: Taunt\n|upkeep\n|turn|31\n|inactive|ImsuchanL has 90 seconds left.\n|\n|t:|1699290577\n|move|p2a: Arceus|Taunt|p1a: Zygarde\n|-start|p1a: Zygarde|move: Taunt\n|cant|p1a: Zygarde|move: Taunt|Rest\n|\n|-heal|p1a: Zygarde|47\/100 brn|[from] item: Leftovers\n|-damage|p1a: Zygarde|41\/100 brn|[from] brn\n|upkeep\n|turn|32\n|\n|t:|1699290587\n|move|p2a: Arceus|Judgment|p1a: Zygarde\n|-damage|p1a: Zygarde|2\/100 brn\n|move|p1a: Zygarde|Thousand Arrows|p2a: Arceus\n|-damage|p2a: Arceus|41\/100\n|\n|-heal|p1a: Zygarde|8\/100 brn|[from] item: Leftovers\n|-damage|p1a: Zygarde|2\/100 brn|[from] brn\n|upkeep\n|turn|33\n|inactive|ImsuchanL has 90 seconds left.\n|inactive|ImsuchanL has 60 seconds left.\n|\n|t:|1699290629\n|move|p2a: Arceus|Judgment|p1a: Zygarde\n|-damage|p1a: Zygarde|0 fnt\n|faint|p1a: Zygarde\n|\n|upkeep\n|\n|t:|1699290633\n|switch|p1a: Arceus|Arceus, tera:Normal|94\/100 brn\n|turn|34\n|\n|t:|1699290639\n|move|p1a: Arceus|Swords Dance|p1a: Arceus\n|-boost|p1a: Arceus|atk|2\n|move|p2a: Arceus|Judgment|p1a: Arceus\n|-crit|p1a: Arceus\n|-damage|p1a: Arceus|26\/100 brn\n|\n|-heal|p1a: Arceus|32\/100 brn|[from] item: Leftovers\n|-damage|p1a: Arceus|26\/100 brn|[from] brn\n|upkeep\n|turn|35\n|\n|t:|1699290649\n|move|p1a: Arceus|Recover|p1a: Arceus\n|-heal|p1a: Arceus|76\/100 brn\n|move|p2a: Arceus|Taunt|p1a: Arceus\n|-start|p1a: Arceus|move: Taunt\n|\n|-heal|p1a: Arceus|82\/100 brn|[from] item: Leftovers\n|-damage|p1a: Arceus|76\/100 brn|[from] brn\n|upkeep\n|turn|36\n|\n|t:|1699290660\n|move|p1a: Arceus|Extreme Speed|p2a: Arceus\n|-damage|p2a: Arceus|7\/100\n|move|p2a: Arceus|Judgment|p1a: Arceus\n|-damage|p1a: Arceus|33\/100 brn\n|\n|-heal|p1a: Arceus|39\/100 brn|[from] item: Leftovers\n|-damage|p1a: Arceus|33\/100 brn|[from] brn\n|upkeep\n|turn|37\n|\n|t:|1699290671\n|move|p1a: Arceus|Extreme Speed|p2a: Arceus\n|-damage|p2a: Arceus|0 fnt\n|faint|p2a: Arceus\n|\n|-heal|p1a: Arceus|39\/100 brn|[from] item: Leftovers\n|-damage|p1a: Arceus|33\/100 brn|[from] brn\n|upkeep\n|\n|t:|1699290679\n|switch|p2a: Ho-Oh|Ho-Oh, shiny|93\/100\n|turn|38\n|c|\u2606ImsuchanL|this is very stressful\n|\n|t:|1699290688\n|-terastallize|p2a: Ho-Oh|Fire\n|move|p1a: Arceus|Extreme Speed|p2a: Ho-Oh\n|-damage|p2a: Ho-Oh|53\/100\n|move|p2a: Ho-Oh|Sacred Fire|p1a: Arceus|[miss]\n|-miss|p2a: Ho-Oh|p1a: Arceus\n|\n|-heal|p1a: Arceus|39\/100 brn|[from] item: Leftovers\n|-damage|p1a: Arceus|33\/100 brn|[from] brn\n|-end|p1a: Arceus|move: Taunt\n|upkeep\n|turn|39\n|\n|t:|1699290702\n|move|p1a: Arceus|Recover|p1a: Arceus\n|-heal|p1a: Arceus|83\/100 brn\n|move|p2a: Ho-Oh|Sacred Fire|p1a: Arceus\n|-damage|p1a: Arceus|47\/100 brn\n|\n|-heal|p1a: Arceus|53\/100 brn|[from] item: Leftovers\n|-damage|p1a: Arceus|47\/100 brn|[from] brn\n|upkeep\n|turn|40\n|c|\u2606darkukira|That miss cost me\n|j| Guzzzloard\n|\n|t:|1699290715\n|move|p1a: Arceus|Protect|p1a: Arceus\n|-singleturn|p1a: Arceus|Protect\n|move|p2a: Ho-Oh|Roost|p2a: Ho-Oh\n|-heal|p2a: Ho-Oh|100\/100\n|\n|-heal|p1a: Arceus|53\/100 brn|[from] item: Leftovers\n|-damage|p1a: Arceus|47\/100 brn|[from] brn\n|upkeep\n|turn|41\n|j| pres.obama_gaming\n|\n|t:|1699290724\n|move|p1a: Arceus|Recover|p1a: Arceus\n|-heal|p1a: Arceus|97\/100 brn\n|move|p2a: Ho-Oh|Defog|p1a: Arceus\n|-unboost|p1a: Arceus|evasion|1\n|\n|-heal|p1a: Arceus|100\/100 brn|[from] item: Leftovers\n|-damage|p1a: Arceus|94\/100 brn|[from] brn\n|upkeep\n|turn|42\n|c| pres.obama_gaming|epic flame body\n|\n|t:|1699290736\n|move|p1a: Arceus|Swords Dance|p1a: Arceus\n|-boost|p1a: Arceus|atk|2\n|move|p2a: Ho-Oh|Sacred Fire|p1a: Arceus\n|-damage|p1a: Arceus|53\/100 brn\n|\n|-heal|p1a: Arceus|59\/100 brn|[from] item: Leftovers\n|-damage|p1a: Arceus|53\/100 brn|[from] brn\n|upkeep\n|turn|43\n|j| curdrice\n|c| pres.obama_gaming|oh nvm that was sacred fire\n|c|\u2606ImsuchanL|ive been trying to run down Sacred Fire\n|c| curdrice|curd.5\n|\n|t:|1699290746\n|move|p1a: Arceus|Swords Dance|p1a: Arceus\n|-boost|p1a: Arceus|atk|2\n|move|p2a: Ho-Oh|Brave Bird|p1a: Arceus\n|-damage|p1a: Arceus|16\/100 brn\n|-damage|p2a: Ho-Oh|88\/100|[from] Recoil\n|\n|-heal|p1a: Arceus|23\/100 brn|[from] item: Leftovers\n|-damage|p1a: Arceus|16\/100 brn|[from] brn\n|upkeep\n|turn|44\n|c|\u2606ImsuchanL|i meant to extreme speed\n|\n|t:|1699290757\n|move|p1a: Arceus|Recover|p1a: Arceus\n|-heal|p1a: Arceus|66\/100 brn\n|move|p2a: Ho-Oh|Sacred Fire|p1a: Arceus\n|-crit|p1a: Arceus\n|-damage|p1a: Arceus|10\/100 brn\n|\n|-heal|p1a: Arceus|16\/100 brn|[from] item: Leftovers\n|-damage|p1a: Arceus|10\/100 brn|[from] brn\n|upkeep\n|turn|45\n|c|\u2606ImsuchanL|i choked\n|\n|t:|1699290772\n|move|p1a: Arceus|Recover|p1a: Arceus\n|-heal|p1a: Arceus|60\/100 brn\n|move|p2a: Ho-Oh|Brave Bird|p1a: Arceus\n|-damage|p1a: Arceus|24\/100 brn\n|-damage|p2a: Ho-Oh|75\/100|[from] Recoil\n|\n|-heal|p1a: Arceus|30\/100 brn|[from] item: Leftovers\n|-damage|p1a: Arceus|24\/100 brn|[from] brn\n|upkeep\n|turn|46\n|c| pres.obama_gaming|espeed crit would be funny\n|c|\u2606ImsuchanL|that costed me\n|c|\u2606ImsuchanL|guys\n|c| pres.obama_gaming|It's joever...\n|c|\u2606ImsuchanL|God of all pokemon\n|c|\u2606ImsuchanL|vs roasted Chicken\n|c|\u2606ImsuchanL|PLEASE KILL\n|\n|t:|1699290797\n|move|p1a: Arceus|Extreme Speed|p2a: Ho-Oh\n|-crit|p2a: Ho-Oh\n|-damage|p2a: Ho-Oh|0 fnt\n|faint|p2a: Ho-Oh\n|\n|win|ImsuchanL\n|raw|ImsuchanL's rating: 1371 &rarr; <strong>1400<\/strong><br \/>(+29 for winning)\n|raw|darkukira's rating: 1545 &rarr; <strong>1516<\/strong><br \/>(-29 for losing)\n|c|\u2606ImsuchanL|YES\n|c| pres.obama_gaming|LOL\n|c|\u2606ImsuchanL|FUNNY CRIT\n|c| pres.obama_gaming|I CALLED THE CRIT\n|c| curdrice|gg\n|c| pres.obama_gaming|epic fail\n|l|\u2606darkukira\n|c|\u2606ImsuchanL|TY OBAMA\n|c| pres.obama_gaming|obama out\n|l| pres.obama_gaming\n|l| curdrice\n","uploadtime":1699290875,"views":4,"p1id":"imsuchanl","p2id":"darkukira","formatid":"gen9nationaldexubers","rating":1400,"private":0,"password":""}