{"id":"gen9nationaldexubers-1988659028","p1":"ilikebeasts","p2":"Fellow06","format":"[Gen 9] National Dex Ubers","log":"|j|\u2606ilikebeasts\n|j|\u2606Fellow06\n|t:|1699747260\n|gametype|singles\n|player|p1|ilikebeasts|169|\n|player|p2|Fellow06|winona|\n|teamsize|p1|6\n|teamsize|p2|6\n|gen|9\n|tier|[Gen 9] National Dex Ubers\n|rule|HP Percentage Mod: HP is shown in percentages\n|rule|Endless Battle Clause: Forcing endless battles is banned\n|rule|OHKO Clause: OHKO moves are banned\n|rule|Evasion Moves Clause: Evasion moves are banned\n|rule|Evasion Items Clause: Evasion items are banned\n|rule|Species Clause: Limit one of each Pok\u00e9mon\n|rule|Sleep Clause Mod: Limit one foe put to sleep\n|rule|Mega Rayquaza Clause: You cannot mega evolve Rayquaza\n|clearpoke\n|poke|p1|Blaziken, M|\n|poke|p1|Torkoal, F|\n|poke|p1|Volcanion|\n|poke|p1|Volcarona, M|\n|poke|p1|Victini|\n|poke|p1|Rotom-Heat|\n|poke|p2|Landorus-Therian, M|\n|poke|p2|Ribombee, F|\n|poke|p2|Lopunny, F|\n|poke|p2|Ogerpon-Wellspring, F|\n|poke|p2|Kleavor, F|\n|poke|p2|Walking Wake|\n|teampreview\n|inactive|Battle timer is ON: inactive players will automatically lose when time's up. (requested by Fellow06)\n|c|\u2606Fellow06|Right version.\n|c|\u2606ilikebeasts|glhf\n|j| Ace427\n|c|\u2606Fellow06|Good luck, have fun\n|\n|t:|1699747277\n|start\n|switch|p1a: Victini|Victini|100\/100\n|switch|p2a: Anastasia|Walking Wake|100\/100\n|turn|1\n|\n|t:|1699747283\n|move|p1a: Victini|U-turn|p2a: Anastasia\n|-damage|p2a: Anastasia|78\/100\n|\n|t:|1699747287\n|switch|p1a: Volcanion|Volcanion|100\/100|[from] U-turn\n|move|p2a: Anastasia|Dragon Pulse|p1a: Volcanion\n|-damage|p1a: Volcanion|60\/100\n|\n|upkeep\n|turn|2\n|c| Ace427|sup wex\n|\n|t:|1699747298\n|move|p2a: Anastasia|Dragon Pulse|p1a: Volcanion\n|-damage|p1a: Volcanion|21\/100\n|move|p1a: Volcanion|Earth Power|p2a: Anastasia\n|-damage|p2a: Anastasia|41\/100\n|\n|upkeep\n|turn|3\n|\n|t:|1699747301\n|move|p2a: Anastasia|Dragon Pulse|p1a: Volcanion\n|-crit|p1a: Volcanion\n|-damage|p1a: Volcanion|0 fnt\n|faint|p1a: Volcanion\n|\n|upkeep\n|\n|t:|1699747307\n|switch|p1a: Volcarona|Volcarona, M|100\/100\n|turn|4\n|\n|t:|1699747315\n|-end|p2a: Anastasia|Protosynthesis|[silent]\n|switch|p2a: Redeemer Revenger|Landorus-Therian, M|100\/100\n|-ability|p2a: Redeemer Revenger|Intimidate|boost\n|-unboost|p1a: Volcarona|atk|1\n|move|p1a: Volcarona|Quiver Dance|p1a: Volcarona\n|-boost|p1a: Volcarona|spa|1\n|-boost|p1a: Volcarona|spd|1\n|-boost|p1a: Volcarona|spe|1\n|\n|upkeep\n|turn|5\n|\n|t:|1699747321\n|move|p1a: Volcarona|Giga Drain|p2a: Redeemer Revenger\n|-damage|p2a: Redeemer Revenger|52\/100\n|move|p2a: Redeemer Revenger|Smack Down|p1a: Volcarona\n|-supereffective|p1a: Volcarona\n|-damage|p1a: Volcarona|0 fnt\n|faint|p1a: Volcarona\n|\n|upkeep\n|\n|t:|1699747329\n|switch|p1a: Victini|Victini|100\/100\n|turn|6\n|c|\u2606Fellow06|Hey there, Ace.\n|\n|t:|1699747338\n|move|p1a: Victini|V-create|p2a: Redeemer Revenger\n|-crit|p2a: Redeemer Revenger\n|-damage|p2a: Redeemer Revenger|0 fnt\n|-unboost|p1a: Victini|spe|1\n|-unboost|p1a: Victini|def|1\n|-unboost|p1a: Victini|spd|1\n|faint|p2a: Redeemer Revenger\n|\n|upkeep\n|\n|t:|1699747341\n|switch|p2a: Honeymoon|Ribombee, F, shiny|100\/100\n|turn|7\n|\n|t:|1699747344\n|switch|p1a: Torkoal|Torkoal, F|100\/100\n|-weather|SunnyDay|[from] ability: Drought|[of] p1a: Torkoal\n|move|p2a: Honeymoon|Sticky Web|p1a: Torkoal\n|-sidestart|p1: ilikebeasts|move: Sticky Web\n|\n|-weather|SunnyDay|[upkeep]\n|upkeep\n|turn|8\n|\n|t:|1699747349\n|-terastallize|p2a: Honeymoon|Ghost\n|move|p2a: Honeymoon|Moonblast|p1a: Torkoal\n|-resisted|p1a: Torkoal\n|-damage|p1a: Torkoal|78\/100\n|move|p1a: Torkoal|Rapid Spin|p2a: Honeymoon\n|-immune|p2a: Honeymoon\n|\n|-weather|SunnyDay|[upkeep]\n|upkeep\n|turn|9\n|\n|t:|1699747356\n|switch|p2a: Anastasia|Walking Wake|41\/100\n|-activate|p2a: Anastasia|ability: Protosynthesis\n|-start|p2a: Anastasia|protosynthesisspa\n|move|p1a: Torkoal|Yawn|p2a: Anastasia\n|-start|p2a: Anastasia|move: Yawn|[of] p1a: Torkoal\n|\n|-weather|SunnyDay|[upkeep]\n|upkeep\n|turn|10\n|\n|t:|1699747361\n|move|p2a: Anastasia|Hydro Steam|p1a: Torkoal\n|-supereffective|p1a: Torkoal\n|-damage|p1a: Torkoal|0 fnt\n|faint|p1a: Torkoal\n|\n|-weather|SunnyDay|[upkeep]\n|-end|p2a: Anastasia|move: Yawn|[silent]\n|-status|p2a: Anastasia|slp\n|upkeep\n|\n|t:|1699747366\n|switch|p1a: Blaziken|Blaziken, M|100\/100\n|-activate|p1a: Blaziken|move: Sticky Web\n|-unboost|p1a: Blaziken|spe|1\n|turn|11\n|\n|t:|1699747377\n|detailschange|p1a: Blaziken|Blaziken-Mega, M\n|-mega|p1a: Blaziken|Blaziken|Blazikenite\n|cant|p2a: Anastasia|slp\n|move|p1a: Blaziken|Close Combat|p2a: Anastasia\n|-damage|p2a: Anastasia|0 fnt\n|-unboost|p1a: Blaziken|def|1\n|-unboost|p1a: Blaziken|spd|1\n|faint|p2a: Anastasia\n|-end|p2a: Anastasia|Protosynthesis|[silent]\n|\n|-weather|SunnyDay|[upkeep]\n|-ability|p1a: Blaziken|Speed Boost|boost\n|-boost|p1a: Blaziken|spe|1\n|upkeep\n|\n|t:|1699747383\n|switch|p2a: Honeymoon|Ribombee, F, shiny, tera:Ghost|100\/100\n|turn|12\n|\n|t:|1699747388\n|move|p2a: Honeymoon|Stun Spore|p1a: Blaziken\n|-status|p1a: Blaziken|par\n|move|p1a: Blaziken|Flare Blitz|p2a: Honeymoon\n|-enditem|p2a: Honeymoon|Focus Sash\n|-damage|p2a: Honeymoon|1\/100\n|-damage|p1a: Blaziken|72\/100 par|[from] Recoil\n|\n|-weather|SunnyDay|[upkeep]\n|-ability|p1a: Blaziken|Speed Boost|boost\n|-boost|p1a: Blaziken|spe|1\n|upkeep\n|turn|13\n|inactive|ilikebeasts has 270 seconds left.\n|inactive|ilikebeasts has 240 seconds left.\n|\n|t:|1699747468\n|move|p2a: Honeymoon|Moonblast|p1a: Blaziken\n|-damage|p1a: Blaziken|0 fnt\n|faint|p1a: Blaziken\n|\n|-weather|SunnyDay|[upkeep]\n|upkeep\n|\n|t:|1699747472\n|switch|p1a: Rotom|Rotom-Heat|100\/100\n|turn|14\n|\n|t:|1699747479\n|move|p2a: Honeymoon|Moonblast|p1a: Rotom\n|-resisted|p1a: Rotom\n|-damage|p1a: Rotom|80\/100\n|move|p1a: Rotom|Defog|p2a: Honeymoon\n|-unboost|p2a: Honeymoon|evasion|1\n|-sideend|p1: ilikebeasts|Sticky Web|[from] move: Defog|[of] p1a: Rotom\n|\n|-weather|none\n|upkeep\n|turn|15\n|inactive|ilikebeasts has 240 seconds left.\n|\n|t:|1699747490\n|move|p2a: Honeymoon|Sticky Web|p1a: Rotom\n|-sidestart|p1: ilikebeasts|move: Sticky Web\n|move|p1a: Rotom|Reflect|p1a: Rotom\n|-sidestart|p1: ilikebeasts|Reflect\n|\n|upkeep\n|turn|16\n|\n|t:|1699747505\n|move|p2a: Honeymoon|Moonblast|p1a: Rotom\n|-resisted|p1a: Rotom\n|-damage|p1a: Rotom|57\/100\n|move|p1a: Rotom|Defog|p2a: Honeymoon\n|-unboost|p2a: Honeymoon|evasion|1\n|-sideend|p1: ilikebeasts|Sticky Web|[from] move: Defog|[of] p1a: Rotom\n|\n|upkeep\n|turn|17\n|\n|t:|1699747517\n|switch|p2a: Anne|Kleavor, F, shiny|100\/100\n|move|p1a: Rotom|Defog|p2a: Anne\n|-unboost|p2a: Anne|evasion|1\n|\n|upkeep\n|turn|18\n|\n|t:|1699747533\n|move|p2a: Anne|Stone Axe|p1a: Rotom\n|-supereffective|p1a: Rotom\n|-damage|p1a: Rotom|0 fnt\n|-sidestart|p1: ilikebeasts|move: Stealth Rock\n|faint|p1a: Rotom\n|\n|upkeep\n|\n|t:|1699747536\n|switch|p1a: Victini|Victini|100\/100\n|-damage|p1a: Victini|76\/100|[from] Stealth Rock\n|turn|19\n|\n|t:|1699747544\n|switch|p2a: Mommy|Lopunny, F, shiny|100\/100\n|-terastallize|p1a: Victini|Psychic\n|move|p1a: Victini|Zen Headbutt|p2a: Mommy\n|-damage|p2a: Mommy|38\/100\n|\n|-sideend|p1: ilikebeasts|Reflect\n|upkeep\n|turn|20\n|\n|t:|1699747549\n|detailschange|p2a: Mommy|Lopunny-Mega, F, shiny\n|-mega|p2a: Mommy|Lopunny|Lopunnite\n|move|p1a: Victini|Zen Headbutt|p2a: Mommy\n|-supereffective|p2a: Mommy\n|-damage|p2a: Mommy|0 fnt\n|faint|p2a: Mommy\n|\n|upkeep\n|\n|t:|1699747552\n|switch|p2a: Leaky Eye Luna|Ogerpon-Wellspring, F|100\/100\n|turn|21\n|\n|t:|1699747557\n|move|p1a: Victini|Zen Headbutt|p2a: Leaky Eye Luna\n|-damage|p2a: Leaky Eye Luna|43\/100\n|move|p2a: Leaky Eye Luna|Trailblaze|p1a: Victini\n|-damage|p1a: Victini|43\/100\n|-boost|p2a: Leaky Eye Luna|spe|1\n|\n|upkeep\n|turn|22\n|\n|t:|1699747563\n|move|p2a: Leaky Eye Luna|Ivy Cudgel|p1a: Victini\n|-damage|p1a: Victini|0 fnt\n|faint|p1a: Victini\n|\n|win|Fellow06\n|c|\u2606Fellow06|G.g.w.p.\n|c|\u2606ilikebeasts|gg\n","uploadtime":1699747569,"views":5,"p1id":"ilikebeasts","p2id":"fellow06","formatid":"gen9nationaldexubers","rating":0,"private":0,"password":""}