{"id":"gen9nationaldexubers-1984712895","p1":"Zanty-Chan","p2":"Drixzard","format":"[Gen 9] National Dex Ubers","log":"|j|\u2606Zanty-Chan\n|j|\u2606Drixzard\n|t:|1699292956\n|gametype|singles\n|player|p1|Zanty-Chan|red|\n|player|p2|Drixzard|101|\n|teamsize|p1|6\n|teamsize|p2|6\n|gen|9\n|tier|[Gen 9] National Dex Ubers\n|rule|HP Percentage Mod: HP is shown in percentages\n|rule|Endless Battle Clause: Forcing endless battles is banned\n|rule|OHKO Clause: OHKO moves are banned\n|rule|Evasion Moves Clause: Evasion moves are banned\n|rule|Evasion Items Clause: Evasion items are banned\n|rule|Species Clause: Limit one of each Pok\u00e9mon\n|rule|Sleep Clause Mod: Limit one foe put to sleep\n|rule|Mega Rayquaza Clause: You cannot mega evolve Rayquaza\n|clearpoke\n|poke|p1|Chansey, F|\n|poke|p1|Dondozo, F|\n|poke|p1|Porygon-Z|\n|poke|p1|Chandelure, F|\n|poke|p1|Blastoise, M|\n|poke|p1|Scizor, F|\n|poke|p2|Sableye, F|\n|poke|p2|Dragapult, F|\n|poke|p2|Skeledirge, M|\n|poke|p2|Zoroark-Hisui, M|\n|poke|p2|Annihilape, F|\n|poke|p2|Kingambit, F|\n|teampreview\n|inactive|Battle timer is ON: inactive players will automatically lose when time's up. (requested by Zanty-Chan)\n|inactive|Drixzard has 270 seconds left.\n|\n|t:|1699293000\n|start\n|switch|p1a: Chandelure|Chandelure, F|100\/100\n|switch|p2a: Dragapult|Dragapult, F|100\/100\n|turn|1\n|\n|t:|1699293013\n|switch|p2a: Annihilape|Annihilape, F|100\/100\n|move|p1a: Chandelure|Dark Pulse|p2a: Annihilape\n|-supereffective|p2a: Annihilape\n|-enditem|p2a: Annihilape|Focus Sash\n|-damage|p2a: Annihilape|1\/100\n|replace|p2a: Zoroark|Zoroark-Hisui, M\n|-end|p2a: Zoroark|Illusion\n|\n|upkeep\n|turn|2\n|\n|t:|1699293019\n|move|p1a: Chandelure|Dark Pulse|p2a: Zoroark\n|-supereffective|p2a: Zoroark\n|-damage|p2a: Zoroark|0 fnt\n|faint|p2a: Zoroark\n|\n|upkeep\n|\n|t:|1699293027\n|switch|p2a: Annihilape|Annihilape, F|100\/100\n|turn|3\n|\n|t:|1699293039\n|switch|p1a: Porygon-Z|Porygon-Z|100\/100\n|move|p2a: Annihilape|Rage Fist|p1a: Porygon-Z\n|-immune|p1a: Porygon-Z\n|\n|upkeep\n|turn|4\n|\n|t:|1699293050\n|-zpower|p1a: Porygon-Z\n|move|p1a: Porygon-Z|Z-Conversion|p1a: Porygon-Z|[anim]Conversion\n|-boost|p1a: Porygon-Z|atk|1|[zeffect]\n|-boost|p1a: Porygon-Z|def|1|[zeffect]\n|-boost|p1a: Porygon-Z|spa|1|[zeffect]\n|-boost|p1a: Porygon-Z|spd|1|[zeffect]\n|-boost|p1a: Porygon-Z|spe|1|[zeffect]\n|-start|p1a: Porygon-Z|typechange|Ghost\n|move|p2a: Annihilape|Drain Punch|p1a: Porygon-Z\n|-immune|p1a: Porygon-Z\n|\n|upkeep\n|turn|5\n|c|\u2606Drixzard|Que pierda\n|\n|t:|1699293062\n|move|p1a: Porygon-Z|Shadow Ball|p2a: Annihilape\n|-supereffective|p2a: Annihilape\n|-crit|p2a: Annihilape\n|-damage|p2a: Annihilape|0 fnt\n|faint|p2a: Annihilape\n|\n|upkeep\n|c|\u2606Drixzard|Que mierda*\n|\n|t:|1699293081\n|switch|p2a: Skeledirge|Skeledirge, M|100\/100\n|turn|6\n|inactive|Zanty-Chan has 270 seconds left.\n|\n|t:|1699293134\n|move|p1a: Porygon-Z|Shadow Ball|p2a: Skeledirge\n|-supereffective|p2a: Skeledirge\n|-damage|p2a: Skeledirge|0 fnt\n|faint|p2a: Skeledirge\n|\n|upkeep\n|\n|t:|1699293145\n|switch|p2a: Kingambit|Kingambit, F|100\/100\n|-activate|p2a: Kingambit|ability: Supreme Overlord\n|-start|p2a: Kingambit|fallen3|[silent]\n|turn|7\n|\n|t:|1699293171\n|switch|p1a: Dondozo|Dondozo, F|100\/100\n|move|p2a: Kingambit|Sucker Punch||[still]\n|-fail|p2a: Kingambit\n|\n|upkeep\n|turn|8\n|\n|t:|1699293182\n|-terastallize|p2a: Kingambit|Ghost\n|move|p2a: Kingambit|Power-Up Punch|p1a: Dondozo\n|-damage|p1a: Dondozo|91\/100\n|-boost|p2a: Kingambit|atk|1\n|move|p1a: Dondozo|Curse|p1a: Dondozo\n|-unboost|p1a: Dondozo|spe|1\n|-boost|p1a: Dondozo|atk|1\n|-boost|p1a: Dondozo|def|1\n|\n|-heal|p1a: Dondozo|97\/100|[from] item: Leftovers\n|upkeep\n|turn|9\n|\n|t:|1699293193\n|-end|p2a: Kingambit|fallen3|[silent]\n|switch|p2a: Sableye|Sableye, F|100\/100\n|move|p1a: Dondozo|Curse|p1a: Dondozo\n|-unboost|p1a: Dondozo|spe|1\n|-boost|p1a: Dondozo|atk|1\n|-boost|p1a: Dondozo|def|1\n|\n|-heal|p1a: Dondozo|100\/100|[from] item: Leftovers\n|upkeep\n|turn|10\n|\n|t:|1699293199\n|detailschange|p2a: Sableye|Sableye-Mega, F\n|-mega|p2a: Sableye|Sableye|Sablenite\n|move|p2a: Sableye|Will-O-Wisp|p1a: Dondozo\n|-status|p1a: Dondozo|brn\n|move|p1a: Dondozo|Avalanche|p2a: Sableye\n|-damage|p2a: Sableye|90\/100\n|\n|-damage|p1a: Dondozo|94\/100 brn|[from] brn\n|upkeep\n|turn|11\n|\n|t:|1699293206\n|move|p2a: Sableye|Calm Mind|p2a: Sableye\n|-boost|p2a: Sableye|spa|1\n|-boost|p2a: Sableye|spd|1\n|move|p1a: Dondozo|Rest|p1a: Dondozo\n|-status|p1a: Dondozo|slp|[from] move: Rest\n|-heal|p1a: Dondozo|100\/100 slp|[silent]\n|\n|upkeep\n|turn|12\n|\n|t:|1699293213\n|move|p2a: Sableye|Dark Pulse|p1a: Dondozo\n|-damage|p1a: Dondozo|79\/100 slp\n|cant|p1a: Dondozo|slp\n|\n|-heal|p1a: Dondozo|86\/100 slp|[from] item: Leftovers\n|upkeep\n|turn|13\n|\n|t:|1699293223\n|move|p2a: Sableye|Dark Pulse|p1a: Dondozo\n|-damage|p1a: Dondozo|64\/100 slp\n|cant|p1a: Dondozo|slp\n|\n|-heal|p1a: Dondozo|70\/100 slp|[from] item: Leftovers\n|upkeep\n|turn|14\n|\n|t:|1699293227\n|move|p2a: Sableye|Will-O-Wisp|p1a: Dondozo|[miss]\n|-miss|p2a: Sableye|p1a: Dondozo\n|-curestatus|p1a: Dondozo|slp|[msg]\n|move|p1a: Dondozo|Liquidation|p2a: Sableye\n|-damage|p2a: Sableye|42\/100\n|\n|-heal|p1a: Dondozo|76\/100|[from] item: Leftovers\n|upkeep\n|turn|15\n|\n|t:|1699293237\n|move|p2a: Sableye|Recover|p2a: Sableye\n|-heal|p2a: Sableye|92\/100\n|move|p1a: Dondozo|Rest|p1a: Dondozo\n|-status|p1a: Dondozo|slp|[from] move: Rest\n|-heal|p1a: Dondozo|100\/100 slp|[silent]\n|\n|upkeep\n|turn|16\n|\n|t:|1699293241\n|move|p2a: Sableye|Calm Mind|p2a: Sableye\n|-boost|p2a: Sableye|spa|1\n|-boost|p2a: Sableye|spd|1\n|cant|p1a: Dondozo|slp\n|\n|upkeep\n|turn|17\n|\n|t:|1699293244\n|move|p2a: Sableye|Dark Pulse|p1a: Dondozo\n|-damage|p1a: Dondozo|78\/100 slp\n|cant|p1a: Dondozo|slp\n|\n|-heal|p1a: Dondozo|84\/100 slp|[from] item: Leftovers\n|upkeep\n|turn|18\n|\n|t:|1699293251\n|move|p2a: Sableye|Dark Pulse|p1a: Dondozo\n|-damage|p1a: Dondozo|62\/100 slp\n|-curestatus|p1a: Dondozo|slp|[msg]\n|move|p1a: Dondozo|Liquidation|p2a: Sableye\n|-damage|p2a: Sableye|50\/100\n|\n|-heal|p1a: Dondozo|69\/100|[from] item: Leftovers\n|upkeep\n|turn|19\n|\n|t:|1699293263\n|move|p2a: Sableye|Recover|p2a: Sableye\n|-heal|p2a: Sableye|99\/100\n|move|p1a: Dondozo|Liquidation|p2a: Sableye\n|-damage|p2a: Sableye|55\/100\n|-unboost|p2a: Sableye|def|1\n|\n|-heal|p1a: Dondozo|75\/100|[from] item: Leftovers\n|upkeep\n|turn|20\n|\n|t:|1699293273\n|move|p2a: Sableye|Will-O-Wisp|p1a: Dondozo\n|-status|p1a: Dondozo|brn\n|move|p1a: Dondozo|Liquidation|p2a: Sableye\n|-damage|p2a: Sableye|35\/100\n|\n|-heal|p1a: Dondozo|81\/100 brn|[from] item: Leftovers\n|-damage|p1a: Dondozo|75\/100 brn|[from] brn\n|upkeep\n|turn|21\n|\n|t:|1699293278\n|move|p2a: Sableye|Recover|p2a: Sableye\n|-heal|p2a: Sableye|85\/100\n|move|p1a: Dondozo|Rest|p1a: Dondozo\n|-status|p1a: Dondozo|slp|[from] move: Rest\n|-heal|p1a: Dondozo|100\/100 slp|[silent]\n|\n|upkeep\n|turn|22\n|\n|t:|1699293287\n|move|p2a: Sableye|Dark Pulse|p1a: Dondozo\n|-damage|p1a: Dondozo|80\/100 slp\n|cant|p1a: Dondozo|slp\n|\n|-heal|p1a: Dondozo|86\/100 slp|[from] item: Leftovers\n|upkeep\n|turn|23\n|\n|t:|1699293294\n|move|p2a: Sableye|Dark Pulse|p1a: Dondozo\n|-damage|p1a: Dondozo|65\/100 slp\n|cant|p1a: Dondozo|slp\n|\n|-heal|p1a: Dondozo|71\/100 slp|[from] item: Leftovers\n|upkeep\n|turn|24\n|\n|t:|1699293304\n|move|p2a: Sableye|Dark Pulse|p1a: Dondozo\n|-crit|p1a: Dondozo\n|-damage|p1a: Dondozo|38\/100 slp\n|-curestatus|p1a: Dondozo|slp|[msg]\n|move|p1a: Dondozo|Liquidation|p2a: Sableye\n|-damage|p2a: Sableye|37\/100\n|-unboost|p2a: Sableye|def|1\n|\n|-heal|p1a: Dondozo|44\/100|[from] item: Leftovers\n|upkeep\n|turn|25\n|\n|t:|1699293319\n|move|p2a: Sableye|Dark Pulse|p1a: Dondozo\n|-damage|p1a: Dondozo|22\/100\n|move|p1a: Dondozo|Liquidation|p2a: Sableye\n|-damage|p2a: Sableye|0 fnt\n|faint|p2a: Sableye\n|\n|-heal|p1a: Dondozo|28\/100|[from] item: Leftovers\n|upkeep\n|\n|t:|1699293329\n|switch|p2a: Dragapult|Dragapult, F|100\/100\n|turn|26\n|\n|t:|1699293336\n|move|p2a: Dragapult|Dragon Darts|p1a: Dondozo\n|-damage|p1a: Dondozo|20\/100\n|-anim|p2a: Dragapult|Dragon Darts|p1a: Dondozo\n|-damage|p1a: Dondozo|11\/100\n|-damage|p2a: Dragapult|91\/100|[from] item: Life Orb\n|move|p1a: Dondozo|Avalanche|p2a: Dragapult\n|-supereffective|p2a: Dragapult\n|-damage|p2a: Dragapult|0 fnt\n|faint|p2a: Dragapult\n|\n|-heal|p1a: Dondozo|18\/100|[from] item: Leftovers\n|upkeep\n|\n|t:|1699293340\n|switch|p2a: Kingambit|Kingambit, F, tera:Ghost|100\/100\n|-activate|p2a: Kingambit|ability: Supreme Overlord\n|-start|p2a: Kingambit|fallen5|[silent]\n|turn|27\n|l|\u2606Drixzard\n|inactive|Drixzard disconnected and has 300 seconds to reconnect!\n|player|p2|\n|j|\u2606Drixzard\n|inactive|Drixzard reconnected and has 285 seconds left.\n|player|p2|Drixzard|101\n|\n|t:|1699293380\n|move|p2a: Kingambit|Sucker Punch||[still]\n|-fail|p2a: Kingambit\n|move|p1a: Dondozo|Rest|p1a: Dondozo\n|-status|p1a: Dondozo|slp|[from] move: Rest\n|-heal|p1a: Dondozo|100\/100 slp|[silent]\n|\n|upkeep\n|turn|28\n|\n|t:|1699293389\n|move|p2a: Kingambit|Power-Up Punch|p1a: Dondozo\n|-damage|p1a: Dondozo|94\/100 slp\n|-boost|p2a: Kingambit|atk|1\n|cant|p1a: Dondozo|slp\n|\n|-heal|p1a: Dondozo|100\/100 slp|[from] item: Leftovers\n|upkeep\n|turn|29\n|\n|t:|1699293393\n|move|p2a: Kingambit|Iron Head|p1a: Dondozo\n|-resisted|p1a: Dondozo\n|-damage|p1a: Dondozo|92\/100 slp\n|cant|p1a: Dondozo|slp\n|\n|-heal|p1a: Dondozo|98\/100 slp|[from] item: Leftovers\n|upkeep\n|turn|30\n|\n|t:|1699293403\n|move|p2a: Kingambit|Sucker Punch|p1a: Dondozo\n|-damage|p1a: Dondozo|82\/100 slp\n|-curestatus|p1a: Dondozo|slp|[msg]\n|move|p1a: Dondozo|Avalanche|p2a: Kingambit\n|-damage|p2a: Kingambit|54\/100\n|\n|-heal|p2a: Kingambit|60\/100|[from] item: Leftovers\n|-heal|p1a: Dondozo|88\/100|[from] item: Leftovers\n|upkeep\n|turn|31\n|\n|t:|1699293411\n|move|p2a: Kingambit|Iron Head|p1a: Dondozo\n|-resisted|p1a: Dondozo\n|-damage|p1a: Dondozo|79\/100\n|move|p1a: Dondozo|Liquidation|p2a: Kingambit\n|-damage|p2a: Kingambit|14\/100\n|\n|-heal|p2a: Kingambit|20\/100|[from] item: Leftovers\n|-heal|p1a: Dondozo|85\/100|[from] item: Leftovers\n|upkeep\n|turn|32\n|l|\u2606Drixzard\n|inactive|Drixzard disconnected and has 280 seconds to reconnect!\n|player|p2|\n|inactive|Drixzard has 270 seconds to reconnect!\n|inactive|Drixzard has 240 seconds to reconnect!\n|j|\u2606Drixzard\n|inactive|Drixzard reconnected and has 280 seconds left.\n|player|p2|Drixzard|101\n|\n|t:|1699293486\n|move|p2a: Kingambit|Iron Head|p1a: Dondozo\n|-resisted|p1a: Dondozo\n|-damage|p1a: Dondozo|76\/100\n|move|p1a: Dondozo|Liquidation|p2a: Kingambit\n|-damage|p2a: Kingambit|0 fnt\n|faint|p2a: Kingambit\n|-end|p2a: Kingambit|fallen5|[silent]\n|\n|win|Zanty-Chan\n|l|\u2606Drixzard\n","uploadtime":1699293506,"views":4,"p1id":"zantychan","p2id":"drixzard","formatid":"gen9nationaldexubers","rating":0,"private":0,"password":""}