{"id":"gen9nationaldexubers-1986835307","p1":"Edras16","p2":"Just B3A$T","format":"[Gen 9] National Dex Ubers","log":"|j|\u2606Edras16\n|j|\u2606Just B3A$T\n|t:|1699532047\n|gametype|singles\n|player|p1|Edras16|steven|\n|player|p2|Just B3A$T|noland|\n|teamsize|p1|6\n|teamsize|p2|6\n|gen|9\n|tier|[Gen 9] National Dex Ubers\n|rule|HP Percentage Mod: HP is shown in percentages\n|rule|Endless Battle Clause: Forcing endless battles is banned\n|rule|OHKO Clause: OHKO moves are banned\n|rule|Evasion Moves Clause: Evasion moves are banned\n|rule|Evasion Items Clause: Evasion items are banned\n|rule|Species Clause: Limit one of each Pok\u00e9mon\n|rule|Sleep Clause Mod: Limit one foe put to sleep\n|rule|Mega Rayquaza Clause: You cannot mega evolve Rayquaza\n|clearpoke\n|poke|p1|Kyurem|\n|poke|p1|Urshifu-*, M|\n|poke|p1|Scizor, F|\n|poke|p1|Keldeo-Resolute|\n|poke|p1|Decidueye, M|\n|poke|p1|Gliscor, M|\n|poke|p2|Bisharp, M|\n|poke|p2|Mawile, F|\n|poke|p2|Genesect-Chill|\n|poke|p2|Celesteela|\n|poke|p2|Heatran, M|\n|poke|p2|Magnezone|\n|teampreview\n|inactive|Battle timer is ON: inactive players will automatically lose when time's up. (requested by Edras16)\n|inactive|Just B3A$T also wants the timer to be on.\n|c|\u2606Edras16|Glhf\n|c|\u2606Just B3A$T|u2\n|c|\u2606Just B3A$T|Hmm...\n|c|\u2606Just B3A$T|Taste my steeled fangs of vengeance!\n|\n|t:|1699532074\n|start\n|switch|p1a: Decidueye|Decidueye, M|100\/100\n|switch|p2a: Cyclops|Magnezone, shiny|100\/100\n|turn|1\n|\n|t:|1699532078\n|move|p2a: Cyclops|Volt Switch|p1a: Decidueye\n|-resisted|p1a: Decidueye\n|-damage|p1a: Decidueye|81\/100\n|\n|t:|1699532084\n|switch|p2a: Spaceship!!!|Celesteela, shiny|100\/100|[from] Volt Switch\n|move|p1a: Decidueye|Low Kick|p2a: Spaceship!!!\n|-damage|p2a: Spaceship!!!|40\/100\n|\n|upkeep\n|turn|2\n|c|\u2606Just B3A$T|whoa\n|\n|t:|1699532092\n|move|p2a: Spaceship!!!|Air Slash|p1a: Decidueye\n|-supereffective|p1a: Decidueye\n|-damage|p1a: Decidueye|2\/100\n|move|p1a: Decidueye|Low Kick|p2a: Spaceship!!!\n|-damage|p2a: Spaceship!!!|0 fnt\n|faint|p2a: Spaceship!!!\n|\n|upkeep\n|c|\u2606Just B3A$T|pain\n|\n|t:|1699532099\n|switch|p2a: Cyclops|Magnezone, shiny|100\/100\n|turn|3\n|c|\u2606Edras16|Bruh why is your shit scarf\n|c|\u2606Edras16|The steela\n|c|\u2606Just B3A$T|why not\n|c|\u2606Just B3A$T|oh what\n|\n|t:|1699532119\n|switch|p1a: Gliscor|Gliscor, M|100\/100\n|move|p2a: Cyclops|Volt Switch|p1a: Gliscor\n|-immune|p1a: Gliscor\n|\n|-status|p1a: Gliscor|tox|[from] item: Toxic Orb\n|upkeep\n|turn|4\n|c|\u2606Just B3A$T|it's not scarf\n|\n|t:|1699532124\n|switch|p2a: LAVAAAA|Heatran, M, shiny|100\/100\n|-item|p2a: LAVAAAA|Air Balloon\n|move|p1a: Gliscor|Spikes|p2a: LAVAAAA\n|-sidestart|p2: Just B3A$T|Spikes\n|\n|upkeep\n|turn|5\n|c|\u2606Just B3A$T|just faster\n|c|\u2606Edras16|Oh its just timid\n|\n|t:|1699532139\n|move|p1a: Gliscor|Knock Off|p2a: LAVAAAA\n|-damage|p2a: LAVAAAA|83\/100\n|-enditem|p2a: LAVAAAA|Air Balloon\n|move|p2a: LAVAAAA|Stealth Rock|p1a: Gliscor\n|-sidestart|p1: Edras16|move: Stealth Rock\n|\n|upkeep\n|turn|6\n|c|\u2606Just B3A$T|ye\n|\n|t:|1699532149\n|switch|p2a: best bug|Genesect-Chill, shiny|100\/100\n|-damage|p2a: best bug|88\/100|[from] Spikes\n|-ability|p2a: best bug|Download|boost\n|-boost|p2a: best bug|spa|1\n|move|p1a: Gliscor|Spikes|p2a: best bug\n|-sidestart|p2: Just B3A$T|Spikes\n|\n|upkeep\n|turn|7\n|\n|t:|1699532157\n|switch|p1a: Keldeo|Keldeo-Resolute|100\/100\n|-damage|p1a: Keldeo|94\/100|[from] Stealth Rock\n|move|p2a: best bug|Shift Gear|p2a: best bug\n|-boost|p2a: best bug|spe|2\n|-boost|p2a: best bug|atk|1\n|\n|upkeep\n|turn|8\n|\n|t:|1699532160\n|move|p2a: best bug|Thunderbolt|p1a: Keldeo\n|-supereffective|p1a: Keldeo\n|-damage|p1a: Keldeo|0 fnt\n|faint|p1a: Keldeo\n|\n|upkeep\n|\n|t:|1699532175\n|switch|p1a: Urshifu|Urshifu, M|100\/100\n|-damage|p1a: Urshifu|94\/100|[from] Stealth Rock\n|turn|9\n|\n|t:|1699532201\n|switch|p2a: LAVAAAA|Heatran, M, shiny|83\/100\n|-damage|p2a: LAVAAAA|67\/100|[from] Spikes\n|move|p1a: Urshifu|Wicked Blow|p2a: LAVAAAA\n|-crit|p2a: LAVAAAA\n|-damage|p2a: LAVAAAA|0 fnt\n|faint|p2a: LAVAAAA\n|\n|upkeep\n|\n|t:|1699532205\n|switch|p2a: Pixie Fatale|Mawile, F, shiny|100\/100\n|-damage|p2a: Pixie Fatale|84\/100|[from] Spikes\n|-ability|p2a: Pixie Fatale|Intimidate|boost\n|-unboost|p1a: Urshifu|atk|1\n|turn|10\n|\n|t:|1699532211\n|switch|p1a: Scizor|Scizor, F|100\/100\n|-damage|p1a: Scizor|88\/100|[from] Stealth Rock\n|detailschange|p2a: Pixie Fatale|Mawile-Mega, F, shiny\n|-mega|p2a: Pixie Fatale|Mawile|Mawilite\n|move|p2a: Pixie Fatale|Play Rough|p1a: Scizor\n|-resisted|p1a: Scizor\n|-damage|p1a: Scizor|35\/100\n|\n|upkeep\n|turn|11\n|\n|t:|1699532214\n|detailschange|p1a: Scizor|Scizor-Mega, F\n|-mega|p1a: Scizor|Scizor|Scizorite\n|move|p2a: Pixie Fatale|Sucker Punch||[still]\n|-fail|p2a: Pixie Fatale\n|move|p1a: Scizor|Swords Dance|p1a: Scizor\n|-boost|p1a: Scizor|atk|2\n|\n|upkeep\n|turn|12\n|\n|t:|1699532218\n|move|p1a: Scizor|Close Combat|p2a: Pixie Fatale\n|-crit|p2a: Pixie Fatale\n|-damage|p2a: Pixie Fatale|0 fnt\n|-unboost|p1a: Scizor|def|1\n|-unboost|p1a: Scizor|spd|1\n|faint|p2a: Pixie Fatale\n|\n|upkeep\n|c|\u2606Just B3A$T|fuck...\n|\n|t:|1699532227\n|switch|p2a: Edgelord|Bisharp, M, shiny|100\/100\n|-damage|p2a: Edgelord|84\/100|[from] Spikes\n|turn|13\n|\n|t:|1699532231\n|move|p2a: Edgelord|Sucker Punch|p1a: Scizor\n|-damage|p1a: Scizor|0 fnt\n|faint|p1a: Scizor\n|\n|upkeep\n|\n|t:|1699532233\n|switch|p1a: Urshifu|Urshifu, M|94\/100\n|-damage|p1a: Urshifu|88\/100|[from] Stealth Rock\n|turn|14\n|inactive|Just B3A$T has 270 seconds left.\n|\n|t:|1699532274\n|move|p2a: Edgelord|Sucker Punch||[still]\n|-fail|p2a: Edgelord\n|move|p1a: Urshifu|Swords Dance|p1a: Urshifu\n|-boost|p1a: Urshifu|atk|2\n|\n|upkeep\n|turn|15\n|\n|t:|1699532279\n|move|p2a: Edgelord|Sucker Punch|p1a: Urshifu\n|-resisted|p1a: Urshifu\n|-damage|p1a: Urshifu|78\/100\n|move|p1a: Urshifu|Close Combat|p2a: Edgelord\n|-supereffective|p2a: Edgelord\n|-damage|p2a: Edgelord|0 fnt\n|-unboost|p1a: Urshifu|def|1\n|-unboost|p1a: Urshifu|spd|1\n|faint|p2a: Edgelord\n|\n|upkeep\n|\n|t:|1699532282\n|switch|p2a: Cyclops|Magnezone, shiny|100\/100\n|-damage|p2a: Cyclops|84\/100|[from] Spikes\n|turn|16\n|\n|t:|1699532289\n|move|p1a: Urshifu|Sucker Punch|p2a: Cyclops\n|-damage|p2a: Cyclops|0 fnt\n|faint|p2a: Cyclops\n|\n|upkeep\n|c|\u2606Just B3A$T|whoa\n|\n|t:|1699532294\n|switch|p2a: best bug|Genesect-Chill, shiny|88\/100\n|-damage|p2a: best bug|72\/100|[from] Spikes\n|-ability|p2a: best bug|Download|boost\n|-boost|p2a: best bug|spa|1\n|turn|17\n|\n|t:|1699532298\n|move|p2a: best bug|Extreme Speed|p1a: Urshifu\n|-damage|p1a: Urshifu|46\/100\n|move|p1a: Urshifu|Wicked Blow|p2a: best bug\n|-crit|p2a: best bug\n|-damage|p2a: best bug|0 fnt\n|faint|p2a: best bug\n|\n|win|Edras16\n|c|\u2606Edras16|Gg\n|c|\u2606Just B3A$T|that was too simple for you ig\n|c|\u2606Just B3A$T|gg\n","uploadtime":1699532327,"views":8,"p1id":"edras16","p2id":"justb3at","formatid":"gen9nationaldexubers","rating":0,"private":0,"password":""}