{"id":"gen9nationaldexubers-1980263262","p1":"M5+3 3","p2":"Gtg g u2","format":"[Gen 9] National Dex Ubers","log":"|j|\u2606M5+3 3\n|j|\u2606Gtg g u2\n|t:|1698770623\n|gametype|singles\n|player|p1|M5+3 3|kieran|1098\n|player|p2|Gtg g u2|red-masters|1097\n|teamsize|p1|6\n|teamsize|p2|6\n|gen|9\n|tier|[Gen 9] National Dex Ubers\n|rated|\n|rule|HP Percentage Mod: HP is shown in percentages\n|rule|Endless Battle Clause: Forcing endless battles is banned\n|rule|OHKO Clause: OHKO moves are banned\n|rule|Evasion Moves Clause: Evasion moves are banned\n|rule|Evasion Items Clause: Evasion items are banned\n|rule|Species Clause: Limit one of each Pok\u00e9mon\n|rule|Sleep Clause Mod: Limit one foe put to sleep\n|rule|Mega Rayquaza Clause: You cannot mega evolve Rayquaza\n|clearpoke\n|poke|p1|Spiritomb, M|\n|poke|p1|Roserade, F|\n|poke|p1|Togekiss, M|\n|poke|p1|Arcanine-Hisui, M|\n|poke|p1|Lucario, M|\n|poke|p1|Garchomp, M|\n|poke|p2|Pikachu, M|\n|poke|p2|Rillaboom, M|\n|poke|p2|Cramorant, M|\n|poke|p2|Grapploct, M|\n|poke|p2|Centiskorch, M|\n|poke|p2|Runerigus, F|\n|teampreview\n|\n|t:|1698770629\n|start\n|switch|p1a: Ausch|Spiritomb, M, shiny|100\/100\n|switch|p2a: Cramorant|Cramorant, M|100\/100\n|turn|1\n|inactive|Battle timer is ON: inactive players will automatically lose when time's up. (requested by Gtg g u2)\n|\n|t:|1698770644\n|move|p2a: Cramorant|Surf|p1a: Ausch\n|-formechange|p2a: Cramorant|Cramorant-Gulping|\n|-damage|p1a: Ausch|64\/100\n|move|p1a: Ausch|Nasty Plot|p1a: Ausch\n|-boost|p1a: Ausch|spa|2\n|\n|upkeep\n|turn|2\n|\n|t:|1698770649\n|move|p2a: Cramorant|Hurricane|p1a: Ausch\n|-damage|p1a: Ausch|20\/100\n|-start|p1a: Ausch|confusion\n|-activate|p1a: Ausch|confusion\n|move|p1a: Ausch|Shadow Ball|p2a: Cramorant\n|-damage|p2a: Cramorant|0 fnt\n|-damage|p1a: Ausch|0 fnt|[from] ability: Gulp Missile|[of] p2a: Cramorant\n|-formechange|p2a: Cramorant|Cramorant|\n|faint|p2a: Cramorant\n|faint|p1a: Ausch\n|\n|upkeep\n|\n|t:|1698770666\n|switch|p2a: Grapploct|Grapploct, M|100\/100\n|switch|p1a: Denji|Garchomp, M, shiny|100\/100\n|turn|3\n|\n|t:|1698770679\n|move|p1a: Denji|Dragon Claw|p2a: Grapploct\n|-damage|p2a: Grapploct|57\/100\n|move|p2a: Grapploct|Ice Punch|p1a: Denji\n|-supereffective|p1a: Denji\n|-damage|p1a: Denji|0 fnt\n|-damage|p2a: Grapploct|44\/100|[from] ability: Rough Skin|[of] p1a: Denji\n|-damage|p2a: Grapploct|28\/100|[from] item: Rocky Helmet|[of] p1a: Denji\n|faint|p1a: Denji\n|\n|-heal|p2a: Grapploct|34\/100|[from] item: Leftovers\n|upkeep\n|\n|t:|1698770697\n|switch|p1a: Colgate|Togekiss, M, shiny|100\/100\n|turn|4\n|\n|t:|1698770701\n|move|p1a: Colgate|Air Slash|p2a: Grapploct\n|-supereffective|p2a: Grapploct\n|-damage|p2a: Grapploct|0 fnt\n|faint|p2a: Grapploct\n|\n|upkeep\n|\n|t:|1698770704\n|switch|p2a: Pikachu|Pikachu, M|100\/100\n|turn|5\n|\n|t:|1698770708\n|move|p2a: Pikachu|Thunderbolt|p1a: Colgate\n|-supereffective|p1a: Colgate\n|-damage|p1a: Colgate|25\/100\n|-status|p1a: Colgate|par\n|cant|p1a: Colgate|par\n|\n|upkeep\n|turn|6\n|\n|t:|1698770718\n|move|p2a: Pikachu|Thunderbolt|p1a: Colgate\n|-supereffective|p1a: Colgate\n|-damage|p1a: Colgate|0 fnt\n|faint|p1a: Colgate\n|\n|upkeep\n|\n|t:|1698770721\n|switch|p1a: Bork|Arcanine-Hisui, M, shiny|100\/100\n|turn|7\n|\n|t:|1698770727\n|move|p1a: Bork|Flare Blitz|p2a: Pikachu\n|-damage|p2a: Pikachu|0 fnt\n|faint|p2a: Pikachu\n|\n|upkeep\n|\n|t:|1698770729\n|switch|p2a: Runerigus|Runerigus, F, shiny|100\/100\n|turn|8\n|\n|t:|1698770737\n|switch|p1a: Jest|Roserade, F, shiny|100\/100\n|move|p2a: Runerigus|Earthquake|p1a: Jest\n|-damage|p1a: Jest|9\/100\n|\n|upkeep\n|turn|9\n|\n|t:|1698770745\n|switch|p2a: Centiskorch|Centiskorch, M|100\/100\n|move|p1a: Jest|Giga Drain|p2a: Centiskorch\n|-resisted|p2a: Centiskorch\n|-damage|p2a: Centiskorch|92\/100\n|-heal|p1a: Jest|15\/100|[from] drain|[of] p2a: Centiskorch\n|\n|upkeep\n|turn|10\n|\n|t:|1698770752\n|move|p1a: Jest|Sludge Bomb|p2a: Centiskorch\n|-damage|p2a: Centiskorch|51\/100\n|move|p2a: Centiskorch|Fire Lash|p1a: Jest\n|-supereffective|p1a: Jest\n|-damage|p1a: Jest|0 fnt\n|faint|p1a: Jest\n|\n|upkeep\n|\n|t:|1698770763\n|switch|p1a: Bork|Arcanine-Hisui, M, shiny|100\/100\n|turn|11\n|\n|t:|1698770772\n|move|p1a: Bork|Head Smash|p2a: Centiskorch|[miss]\n|-miss|p1a: Bork|p2a: Centiskorch\n|move|p2a: Centiskorch|Power Whip|p1a: Bork\n|-crit|p1a: Bork\n|-damage|p1a: Bork|19\/100\n|\n|upkeep\n|turn|12\n|\n|t:|1698770775\n|move|p1a: Bork|Head Smash|p2a: Centiskorch\n|-supereffective|p2a: Centiskorch\n|-damage|p2a: Centiskorch|0 fnt\n|faint|p2a: Centiskorch\n|\n|upkeep\n|\n|t:|1698770777\n|switch|p2a: Runerigus|Runerigus, F, shiny|100\/100\n|turn|13\n|\n|t:|1698770783\n|move|p1a: Bork|Head Smash|p2a: Runerigus\n|-resisted|p2a: Runerigus\n|-damage|p2a: Runerigus|56\/100\n|-activate|p2a: Runerigus|ability: Wandering Spirit|Rock Head|Wandering Spirit|[of] p1a: Bork\n|-damage|p1a: Bork|0 fnt|[from] Recoil\n|faint|p1a: Bork\n|move|p2a: Runerigus|Poltergeist|p1: Bork|[notarget]\n|-fail|p2a: Runerigus\n|\n|-heal|p2a: Runerigus|62\/100|[from] item: Leftovers\n|upkeep\n|\n|t:|1698770795\n|switch|p1a: Knuckles|Lucario, M|100\/100\n|turn|14\n|\n|t:|1698770801\n|detailschange|p1a: Knuckles|Lucario-Mega, M\n|-mega|p1a: Knuckles|Lucario|Lucarionite\n|move|p1a: Knuckles|Meteor Mash|p2a: Runerigus\n|-damage|p2a: Runerigus|10\/100\n|move|p2a: Runerigus|Will-O-Wisp|p1a: Knuckles\n|-status|p1a: Knuckles|brn\n|\n|-heal|p2a: Runerigus|16\/100|[from] item: Leftovers\n|-damage|p1a: Knuckles|94\/100 brn|[from] brn\n|upkeep\n|turn|15\n|\n|t:|1698770810\n|move|p1a: Knuckles|Meteor Mash|p2a: Runerigus\n|-damage|p2a: Runerigus|0 fnt\n|faint|p2a: Runerigus\n|\n|-damage|p1a: Knuckles|88\/100 brn|[from] brn\n|upkeep\n|\n|t:|1698770811\n|switch|p2a: Rillaboom|Rillaboom, M|100\/100\n|-fieldstart|move: Grassy Terrain|[from] ability: Grassy Surge|[of] p2a: Rillaboom\n|turn|16\n|\n|t:|1698770822\n|move|p1a: Knuckles|Drain Punch|p2a: Rillaboom\n|-damage|p2a: Rillaboom|71\/100\n|-heal|p1a: Knuckles|100\/100 brn|[from] drain|[of] p2a: Rillaboom\n|move|p2a: Rillaboom|Drain Punch|p1a: Knuckles\n|-supereffective|p1a: Knuckles\n|-damage|p1a: Knuckles|11\/100 brn\n|-heal|p2a: Rillaboom|100\/100|[from] drain|[of] p1a: Knuckles\n|-damage|p2a: Rillaboom|91\/100|[from] item: Life Orb\n|\n|-heal|p1a: Knuckles|17\/100 brn|[from] Grassy Terrain\n|-heal|p2a: Rillaboom|97\/100|[from] Grassy Terrain\n|-damage|p1a: Knuckles|11\/100 brn|[from] brn\n|upkeep\n|turn|17\n|\n|t:|1698770825\n|move|p2a: Rillaboom|Grassy Glide|p1a: Knuckles\n|-resisted|p1a: Knuckles\n|-damage|p1a: Knuckles|0 fnt\n|faint|p1a: Knuckles\n|-damage|p2a: Rillaboom|87\/100|[from] item: Life Orb\n|\n|win|Gtg g u2\n|raw|M5+3 3's rating: 1098 &rarr; <strong>1073<\/strong><br \/>(-25 for losing)\n|raw|Gtg g u2's rating: 1097 &rarr; <strong>1123<\/strong><br \/>(+26 for winning)\n","uploadtime":1698770830,"views":5,"p1id":"m533","p2id":"gtggu2","formatid":"gen9nationaldexubers","rating":1073,"private":0,"password":""}