{"id":"gen9nationaldexubers-1994437323","p1":"Jedimaster007","p2":"Arbiter Bibendi","format":"[Gen 9] National Dex Ubers","log":"|j|\u2606Jedimaster007\n|j|\u2606Arbiter Bibendi\n|t:|1700443849\n|gametype|singles\n|player|p1|Jedimaster007|drake-gen3|\n|player|p2|Arbiter Bibendi|102|\n|teamsize|p1|6\n|teamsize|p2|6\n|gen|9\n|tier|[Gen 9] National Dex Ubers\n|rule|HP Percentage Mod: HP is shown in percentages\n|rule|Endless Battle Clause: Forcing endless battles is banned\n|rule|OHKO Clause: OHKO moves are banned\n|rule|Evasion Moves Clause: Evasion moves are banned\n|rule|Evasion Items Clause: Evasion items are banned\n|rule|Species Clause: Limit one of each Pok\u00e9mon\n|rule|Sleep Clause Mod: Limit one foe put to sleep\n|rule|Mega Rayquaza Clause: You cannot mega evolve Rayquaza\n|clearpoke\n|poke|p1|Zeraora|\n|poke|p1|Gliscor, M|\n|poke|p1|Latios, M|\n|poke|p1|Weezing-Galar, F|\n|poke|p1|Chi-Yu|\n|poke|p1|Milotic, M|\n|poke|p2|Ursaluna, M|\n|poke|p2|Kingambit, F|\n|poke|p2|Charizard, M|\n|poke|p2|Conkeldurr, M|\n|poke|p2|Goodra-Hisui, F|\n|poke|p2|Hatterene, F|\n|teampreview\n|inactive|Battle timer is ON: inactive players will automatically lose when time's up. (requested by Jedimaster007)\n|c|\u2606Arbiter Bibendi|ayoooo\n|c|\u2606Jedimaster007|and I'm back!\n|c|\u2606Jedimaster007|GLHF mane\n|inactive|Jedimaster007 has 270 seconds left.\n|inactive|Arbiter Bibendi has 270 seconds left.\n|inactive|Jedimaster007 has 240 seconds left.\n|inactive|Arbiter Bibendi has 240 seconds left.\n|inactiveoff|Battle timer is now OFF.\n|\n|t:|1700444084\n|start\n|switch|p1a: Du-It|Chi-Yu|100\/100\n|switch|p2a: Buggy|Conkeldurr, M|100\/100\n|-ability|p1a: Du-It|Beads of Ruin\n|turn|1\n|\n|t:|1700444147\n|switch|p1a: THE SENATE|Weezing-Galar, F, shiny|100\/100\n|-ability|p1a: THE SENATE|Neutralizing Gas\n|move|p2a: Buggy|Drain Punch|p1a: THE SENATE\n|-resisted|p1a: THE SENATE\n|-damage|p1a: THE SENATE|93\/100\n|-damage|p2a: Buggy|84\/100|[from] item: Rocky Helmet|[of] p1a: THE SENATE\n|\n|upkeep\n|turn|2\n|\n|t:|1700444353\n|-end|p1a: THE SENATE|ability: Neutralizing Gas\n|switch|p1a: Count|Gliscor, M, shiny|100\/100\n|switch|p2a: Katsuyu|Goodra-Hisui, F|100\/100\n|\n|upkeep\n|turn|3\n|\n|t:|1700444377\n|switch|p1a: Team Sloot Padme|Milotic, M, shiny|100\/100\n|switch|p2a: Buggy|Conkeldurr, M|84\/100\n|\n|upkeep\n|turn|4\n|\n|t:|1700444390\n|move|p1a: Team Sloot Padme|Flip Turn|p2a: Buggy\n|-damage|p2a: Buggy|72\/100\n|\n|t:|1700444394\n|switch|p1a: THE SENATE|Weezing-Galar, F, shiny|93\/100|[from] Flip Turn\n|-ability|p1a: THE SENATE|Neutralizing Gas\n|move|p2a: Buggy|Knock Off|p1a: THE SENATE\n|-resisted|p1a: THE SENATE\n|-damage|p1a: THE SENATE|80\/100\n|-damage|p2a: Buggy|56\/100|[from] item: Rocky Helmet|[of] p1a: THE SENATE\n|-enditem|p1a: THE SENATE|Rocky Helmet|[from] move: Knock Off|[of] p2a: Buggy\n|\n|upkeep\n|turn|5\n|\n|t:|1700444410\n|switch|p2a: Ranni|Hatterene, F|100\/100\n|move|p1a: THE SENATE|Strange Steam|p2a: Ranni\n|-damage|p2a: Ranni|73\/100\n|\n|-heal|p2a: Ranni|79\/100|[from] item: Leftovers\n|upkeep\n|turn|6\n|\n|t:|1700444618\n|-end|p1a: THE SENATE|ability: Neutralizing Gas\n|switch|p1a: Count|Gliscor, M, shiny|100\/100\n|move|p2a: Ranni|Trick Room|p2a: Ranni\n|-fieldstart|move: Trick Room|[of] p2a: Ranni\n|\n|-heal|p2a: Ranni|85\/100|[from] item: Leftovers\n|upkeep\n|turn|7\n|\n|t:|1700444644\n|switch|p2a: Buggy|Conkeldurr, M|56\/100\n|move|p1a: Count|Swords Dance|p1a: Count\n|-boost|p1a: Count|atk|2\n|\n|upkeep\n|turn|8\n|\n|t:|1700444704\n|switch|p1a: THE SENATE|Weezing-Galar, F, shiny|80\/100\n|-ability|p1a: THE SENATE|Neutralizing Gas\n|move|p2a: Buggy|Ice Punch|p1a: THE SENATE\n|-damage|p1a: THE SENATE|58\/100\n|\n|upkeep\n|turn|9\n|\n|t:|1700444717\n|switch|p2a: Katsuyu|Goodra-Hisui, F|100\/100\n|move|p1a: THE SENATE|Strange Steam|p2a: Katsuyu\n|-damage|p2a: Katsuyu|89\/100\n|\n|upkeep\n|turn|10\n|\n|t:|1700444767\n|-end|p1a: THE SENATE|ability: Neutralizing Gas\n|switch|p1a: Team Sloot Padme|Milotic, M, shiny|100\/100\n|move|p2a: Katsuyu|Flash Cannon|p1a: Team Sloot Padme\n|-resisted|p1a: Team Sloot Padme\n|-damage|p1a: Team Sloot Padme|89\/100\n|-unboost|p1a: Team Sloot Padme|spd|1\n|\n|-heal|p1a: Team Sloot Padme|95\/100|[from] item: Leftovers\n|-fieldend|move: Trick Room\n|upkeep\n|turn|11\n|\n|t:|1700444808\n|move|p2a: Katsuyu|Draco Meteor|p1a: Team Sloot Padme\n|-damage|p1a: Team Sloot Padme|41\/100\n|-unboost|p2a: Katsuyu|spa|2\n|move|p1a: Team Sloot Padme|Mirror Coat|p2a: Katsuyu\n|-damage|p2a: Katsuyu|0 fnt\n|faint|p2a: Katsuyu\n|\n|-heal|p1a: Team Sloot Padme|47\/100|[from] item: Leftovers\n|upkeep\n|c|\u2606Arbiter Bibendi|oh shid\n|\n|t:|1700444826\n|switch|p2a: Smaug|Charizard, M, shiny|100\/100\n|turn|12\n|\n|t:|1700444866\n|detailschange|p2a: Smaug|Charizard-Mega-Y, M, shiny\n|-mega|p2a: Smaug|Charizard|Charizardite Y\n|-weather|SunnyDay|[from] ability: Drought|[of] p2a: Smaug\n|move|p2a: Smaug|Outrage|p1a: Team Sloot Padme\n|-damage|p1a: Team Sloot Padme|19\/100\n|move|p1a: Team Sloot Padme|Dragon Tail|p2a: Smaug\n|-damage|p2a: Smaug|86\/100\n|drag|p2a: Ranni|Hatterene, F|85\/100\n|\n|-weather|SunnyDay|[upkeep]\n|-heal|p1a: Team Sloot Padme|25\/100|[from] item: Leftovers\n|-heal|p2a: Ranni|91\/100|[from] item: Leftovers\n|upkeep\n|turn|13\n|c|\u2606Arbiter Bibendi|this is the techiest milothicc out there\n|\n|t:|1700444972\n|move|p1a: Team Sloot Padme|Recover|p1a: Team Sloot Padme\n|-heal|p1a: Team Sloot Padme|75\/100\n|move|p2a: Ranni|Trick Room|p2a: Ranni\n|-fieldstart|move: Trick Room|[of] p2a: Ranni\n|\n|-weather|SunnyDay|[upkeep]\n|-heal|p2a: Ranni|97\/100|[from] item: Leftovers\n|-heal|p1a: Team Sloot Padme|81\/100|[from] item: Leftovers\n|upkeep\n|turn|14\n|\n|t:|1700444990\n|move|p2a: Ranni|Mystical Fire|p1a: Team Sloot Padme\n|-resisted|p1a: Team Sloot Padme\n|-damage|p1a: Team Sloot Padme|67\/100\n|-unboost|p1a: Team Sloot Padme|spa|1\n|move|p1a: Team Sloot Padme|Flip Turn|p2a: Ranni\n|-damage|p2a: Ranni|92\/100\n|\n|t:|1700445057\n|switch|p1a: Du-It|Chi-Yu|100\/100|[from] Flip Turn\n|-ability|p1a: Du-It|Beads of Ruin\n|\n|-weather|SunnyDay|[upkeep]\n|-heal|p2a: Ranni|98\/100|[from] item: Leftovers\n|upkeep\n|turn|15\n|\n|t:|1700445108\n|move|p2a: Ranni|Calm Mind|p2a: Ranni\n|-boost|p2a: Ranni|spa|1\n|-boost|p2a: Ranni|spd|1\n|move|p1a: Du-It|Overheat|p2a: Ranni\n|-damage|p2a: Ranni|0 fnt\n|-unboost|p1a: Du-It|spa|2\n|faint|p2a: Ranni\n|\n|-weather|SunnyDay|[upkeep]\n|upkeep\n|\n|t:|1700445119\n|switch|p2a: Tsukuyomi|Ursaluna, M|100\/100\n|turn|16\n|\n|t:|1700445164\n|switch|p1a: THE SENATE|Weezing-Galar, F, shiny|58\/100\n|-ability|p1a: THE SENATE|Neutralizing Gas\n|move|p2a: Tsukuyomi|Body Slam|p1a: THE SENATE\n|-damage|p1a: THE SENATE|21\/100\n|-status|p1a: THE SENATE|par\n|\n|-weather|none\n|upkeep\n|turn|17\n|\n|t:|1700445204\n|move|p1a: THE SENATE|Destiny Bond|p1a: THE SENATE\n|-singlemove|p1a: THE SENATE|Destiny Bond\n|move|p2a: Tsukuyomi|Body Slam|p1a: THE SENATE\n|-damage|p1a: THE SENATE|0 fnt\n|faint|p1a: THE SENATE\n|-activate|p1a: THE SENATE|move: Destiny Bond\n|-end|p1a: THE SENATE|ability: Neutralizing Gas\n|faint|p2a: Tsukuyomi\n|\n|-fieldend|move: Trick Room\n|upkeep\n|\n|t:|1700445334\n|switch|p1a: Count|Gliscor, M, shiny|100\/100\n|switch|p2a: Vercingetorix|Kingambit, F|100\/100\n|-activate|p2a: Vercingetorix|ability: Supreme Overlord\n|-start|p2a: Vercingetorix|fallen3|[silent]\n|turn|18\n|\n|t:|1700445390\n|move|p1a: Count|Earthquake|p2a: Vercingetorix\n|-supereffective|p2a: Vercingetorix\n|-damage|p2a: Vercingetorix|45\/100\n|move|p2a: Vercingetorix|Swords Dance|p2a: Vercingetorix\n|-boost|p2a: Vercingetorix|atk|2\n|\n|upkeep\n|turn|19\n|\n|t:|1700445494\n|move|p1a: Count|Earthquake|p2a: Vercingetorix\n|-supereffective|p2a: Vercingetorix\n|-damage|p2a: Vercingetorix|0 fnt\n|faint|p2a: Vercingetorix\n|-end|p2a: Vercingetorix|fallen3|[silent]\n|\n|upkeep\n|c|\u2606Arbiter Bibendi|read like a boooook\n|\n|t:|1700445501\n|switch|p2a: Smaug|Charizard-Mega-Y, M, shiny|86\/100\n|-weather|SunnyDay|[from] ability: Drought|[of] p2a: Smaug\n|turn|20\n|\n|t:|1700445510\n|move|p2a: Smaug|Flamethrower|p1a: Count\n|-damage|p1a: Count|19\/100\n|move|p1a: Count|Acrobatics|p2a: Smaug\n|-crit|p2a: Smaug\n|-damage|p2a: Smaug|0 fnt\n|faint|p2a: Smaug\n|\n|-weather|SunnyDay|[upkeep]\n|upkeep\n|\n|t:|1700445517\n|switch|p2a: Buggy|Conkeldurr, M|56\/100\n|turn|21\n|c|\u2606Arbiter Bibendi|gg!\n|\n|t:|1700445522\n|move|p1a: Count|Acrobatics|p2a: Buggy\n|-supereffective|p2a: Buggy\n|-damage|p2a: Buggy|0 fnt\n|faint|p2a: Buggy\n|\n|win|Jedimaster007\n|c|\u2606Jedimaster007|gg!\n|c|\u2606Jedimaster007|I got lucky with the para on weez\n|c|\u2606Arbiter Bibendi|sloppy to bring body slam on a trick room team haha\n","uploadtime":1700445528,"views":29,"p1id":"jedimaster007","p2id":"arbiterbibendi","formatid":"gen9nationaldexubers","rating":0,"private":0,"password":""}