{"id":"gen9nationaldexubers-1994686896","p1":"zf97032800","p2":"Jaluminor","format":"[Gen 9] National Dex Ubers","log":"|j|\u2606zf97032800\n|j|\u2606Jaluminor\n|t:|1700481025\n|gametype|singles\n|player|p1|zf97032800|170|1323\n|player|p2|Jaluminor|hilbert-wonderlauncher|1441\n|teamsize|p1|6\n|teamsize|p2|6\n|gen|9\n|tier|[Gen 9] National Dex Ubers\n|rated|\n|rule|HP Percentage Mod: HP is shown in percentages\n|rule|Endless Battle Clause: Forcing endless battles is banned\n|rule|OHKO Clause: OHKO moves are banned\n|rule|Evasion Moves Clause: Evasion moves are banned\n|rule|Evasion Items Clause: Evasion items are banned\n|rule|Species Clause: Limit one of each Pok\u00e9mon\n|rule|Sleep Clause Mod: Limit one foe put to sleep\n|rule|Mega Rayquaza Clause: You cannot mega evolve Rayquaza\n|clearpoke\n|poke|p1|Blastoise, F|\n|poke|p1|Landorus-Therian, M|\n|poke|p1|Ho-Oh|\n|poke|p1|Lunala|\n|poke|p1|Zygarde|\n|poke|p1|Arceus|\n|poke|p2|Groudon|\n|poke|p2|Kyogre|\n|poke|p2|Necrozma-Dusk-Mane|\n|poke|p2|Zygarde|\n|poke|p2|Mewtwo|\n|poke|p2|Kyurem-Black|\n|teampreview\n|\n|t:|1700481038\n|start\n|switch|p1a: Blastoise|Blastoise, F|100\/100\n|switch|p2a: Kyurem|Kyurem-Black|100\/100\n|-ability|p2a: Kyurem|Teravolt\n|turn|1\n|\n|t:|1700481050\n|detailschange|p1a: Blastoise|Blastoise-Mega, F\n|-mega|p1a: Blastoise|Blastoise|Blastoisinite\n|-terastallize|p2a: Kyurem|Electric\n|move|p2a: Kyurem|Fusion Bolt|p1a: Blastoise\n|-supereffective|p1a: Blastoise\n|-damage|p1a: Blastoise|0 fnt\n|faint|p1a: Blastoise\n|\n|upkeep\n|c|\u2606Jaluminor|No shell Smash, too OP\n|\n|t:|1700481077\n|switch|p1a: Lunala|Lunala|100\/100\n|turn|2\n|\n|t:|1700481083\n|move|p1a: Lunala|Moongeist Beam|p2a: Kyurem\n|-damage|p2a: Kyurem|44\/100\n|move|p2a: Kyurem|Hone Claws|p2a: Kyurem\n|-boost|p2a: Kyurem|atk|1\n|-boost|p2a: Kyurem|accuracy|1\n|\n|upkeep\n|turn|3\n|\n|t:|1700481092\n|move|p1a: Lunala|Moongeist Beam|p2a: Kyurem\n|-damage|p2a: Kyurem|0 fnt\n|faint|p2a: Kyurem\n|\n|upkeep\n|\n|t:|1700481098\n|switch|p2a: Kyogre|Kyogre|100\/100\n|detailschange|p2a: Kyogre|Kyogre-Primal\n|-primal|p2a: Kyogre|Blue Orb\n|-weather|PrimordialSea|[from] ability: Primordial Sea|[of] p2a: Kyogre\n|turn|4\n|\n|t:|1700481108\n|move|p1a: Lunala|Moongeist Beam|p2a: Kyogre\n|-damage|p2a: Kyogre|72\/100\n|move|p2a: Kyogre|Calm Mind|p2a: Kyogre\n|-boost|p2a: Kyogre|spa|1\n|-boost|p2a: Kyogre|spd|1\n|\n|-weather|PrimordialSea|[upkeep]\n|upkeep\n|turn|5\n|inactive|Battle timer is ON: inactive players will automatically lose when time's up. (requested by zf97032800)\n|\n|t:|1700481117\n|move|p1a: Lunala|Moongeist Beam|p2a: Kyogre\n|-damage|p2a: Kyogre|52\/100\n|move|p2a: Kyogre|Calm Mind|p2a: Kyogre\n|-boost|p2a: Kyogre|spa|1\n|-boost|p2a: Kyogre|spd|1\n|\n|-weather|PrimordialSea|[upkeep]\n|upkeep\n|turn|6\n|\n|t:|1700481128\n|move|p1a: Lunala|Moongeist Beam|p2a: Kyogre\n|-damage|p2a: Kyogre|36\/100\n|move|p2a: Kyogre|Origin Pulse|p1a: Lunala\n|-damage|p1a: Lunala|10\/100\n|\n|-weather|PrimordialSea|[upkeep]\n|upkeep\n|turn|7\n|\n|t:|1700481143\n|switch|p1a: Landorus|Landorus-Therian, M|100\/100\n|-ability|p1a: Landorus|Intimidate|boost\n|-unboost|p2a: Kyogre|atk|1\n|move|p2a: Kyogre|Thunder|p1a: Landorus\n|-immune|p1a: Landorus\n|\n|-weather|PrimordialSea|[upkeep]\n|upkeep\n|turn|8\n|\n|t:|1700481152\n|move|p1a: Landorus|Earthquake|p2a: Kyogre\n|-damage|p2a: Kyogre|0 fnt\n|faint|p2a: Kyogre\n|-weather|none\n|\n|upkeep\n|\n|t:|1700481158\n|switch|p2a: Zygarde|Zygarde|100\/100\n|turn|9\n|\n|t:|1700481171\n|move|p1a: Landorus|U-turn|p2a: Zygarde\n|-damage|p2a: Zygarde|81\/100\n|\n|t:|1700481174\n|switch|p1a: Ho-Oh|Ho-Oh|100\/100|[from] U-turn\n|move|p2a: Zygarde|Coil|p2a: Zygarde\n|-boost|p2a: Zygarde|atk|1\n|-boost|p2a: Zygarde|def|1\n|-boost|p2a: Zygarde|accuracy|1\n|\n|-heal|p2a: Zygarde|87\/100|[from] item: Leftovers\n|upkeep\n|turn|10\n|\n|t:|1700481187\n|move|p1a: Ho-Oh|Toxic|p2a: Zygarde\n|-status|p2a: Zygarde|tox\n|move|p2a: Zygarde|Coil|p2a: Zygarde\n|-boost|p2a: Zygarde|atk|1\n|-boost|p2a: Zygarde|def|1\n|-boost|p2a: Zygarde|accuracy|1\n|\n|-heal|p2a: Zygarde|94\/100 tox|[from] item: Leftovers\n|-damage|p2a: Zygarde|87\/100 tox|[from] psn\n|upkeep\n|turn|11\n|\n|t:|1700481197\n|switch|p1a: Landorus|Landorus-Therian, M|100\/100\n|-ability|p1a: Landorus|Intimidate|boost\n|-unboost|p2a: Zygarde|atk|1\n|move|p2a: Zygarde|Coil|p2a: Zygarde\n|-boost|p2a: Zygarde|atk|1\n|-boost|p2a: Zygarde|def|1\n|-boost|p2a: Zygarde|accuracy|1\n|\n|-heal|p2a: Zygarde|94\/100 tox|[from] item: Leftovers\n|-damage|p2a: Zygarde|81\/100 tox|[from] psn\n|upkeep\n|turn|12\n|\n|t:|1700481210\n|move|p1a: Landorus|Stealth Rock|p2a: Zygarde\n|-sidestart|p2: Jaluminor|move: Stealth Rock\n|move|p2a: Zygarde|Coil|p2a: Zygarde\n|-boost|p2a: Zygarde|atk|1\n|-boost|p2a: Zygarde|def|1\n|-boost|p2a: Zygarde|accuracy|1\n|\n|-heal|p2a: Zygarde|87\/100 tox|[from] item: Leftovers\n|-damage|p2a: Zygarde|69\/100 tox|[from] psn\n|upkeep\n|turn|13\n|\n|t:|1700481220\n|switch|p1a: Lunala|Lunala|10\/100\n|move|p2a: Zygarde|Coil|p2a: Zygarde\n|-boost|p2a: Zygarde|atk|1\n|-boost|p2a: Zygarde|def|1\n|-boost|p2a: Zygarde|accuracy|1\n|\n|-heal|p2a: Zygarde|75\/100 tox|[from] item: Leftovers\n|-damage|p2a: Zygarde|50\/100 tox|[from] psn\n|-activate|p2a: Zygarde|ability: Power Construct\n|detailschange|p2a: Zygarde|Zygarde-Complete\n|-heal|p2a: Zygarde|67\/100 tox|[silent]\n|upkeep\n|turn|14\n|\n|t:|1700481236\n|-terastallize|p1a: Lunala|Fairy\n|move|p1a: Lunala|Moonblast|p2a: Zygarde\n|-supereffective|p2a: Zygarde\n|-damage|p2a: Zygarde|27\/100 tox\n|move|p2a: Zygarde|Rest|p2a: Zygarde\n|-status|p2a: Zygarde|slp|[from] move: Rest\n|-heal|p2a: Zygarde|100\/100 slp|[silent]\n|\n|upkeep\n|turn|15\n|\n|t:|1700481262\n|switch|p1a: Landorus|Landorus-Therian, M|100\/100\n|-ability|p1a: Landorus|Intimidate|boost\n|-unboost|p2a: Zygarde|atk|1\n|cant|p2a: Zygarde|slp\n|move|p2a: Zygarde|Sleep Talk|p2a: Zygarde\n|move|p2a: Zygarde|Thousand Arrows|p1a: Landorus|[from]move: Sleep Talk\n|-damage|p1a: Landorus|19\/100\n|-start|p1a: Landorus|Smack Down\n|\n|upkeep\n|turn|16\n|\n|t:|1700481276\n|switch|p1a: Lunala|Lunala, tera:Fairy|10\/100\n|cant|p2a: Zygarde|slp\n|move|p2a: Zygarde|Sleep Talk|p2a: Zygarde\n|move|p2a: Zygarde|Coil|p2a: Zygarde|[from]move: Sleep Talk\n|-boost|p2a: Zygarde|atk|1\n|-boost|p2a: Zygarde|def|1\n|-boost|p2a: Zygarde|accuracy|1\n|\n|upkeep\n|turn|17\n|\n|t:|1700481287\n|move|p1a: Lunala|Trick|p2a: Zygarde\n|-activate|p1a: Lunala|move: Trick|[of] p2a: Zygarde\n|-item|p2a: Zygarde|Choice Scarf|[from] move: Trick\n|-item|p1a: Lunala|Leftovers|[from] move: Trick\n|-curestatus|p2a: Zygarde|slp|[msg]\n|move|p2a: Zygarde|Thousand Arrows|p1a: Lunala\n|-damage|p1a: Lunala|0 fnt\n|faint|p1a: Lunala\n|\n|upkeep\n|\n|t:|1700481296\n|switch|p1a: Ho-Oh|Ho-Oh|100\/100\n|turn|18\n|\n|t:|1700481301\n|move|p2a: Zygarde|Thousand Arrows|p1a: Ho-Oh\n|-damage|p1a: Ho-Oh|28\/100\n|-start|p1a: Ho-Oh|Smack Down\n|move|p1a: Ho-Oh|Toxic|p2a: Zygarde\n|-status|p2a: Zygarde|tox\n|\n|-damage|p2a: Zygarde|94\/100 tox|[from] psn\n|upkeep\n|turn|19\n|\n|t:|1700481311\n|switch|p1a: Landorus|Landorus-Therian, M|19\/100\n|-ability|p1a: Landorus|Intimidate|boost\n|-unboost|p2a: Zygarde|atk|1\n|move|p2a: Zygarde|Thousand Arrows|p1a: Landorus\n|-damage|p1a: Landorus|0 fnt\n|faint|p1a: Landorus\n|\n|-damage|p2a: Zygarde|82\/100 tox|[from] psn\n|upkeep\n|\n|t:|1700481333\n|switch|p1a: Zygarde|Zygarde|100\/100\n|turn|20\n|\n|t:|1700481337\n|move|p2a: Zygarde|Thousand Arrows|p1a: Zygarde\n|-damage|p1a: Zygarde|47\/100\n|move|p1a: Zygarde|Coil|p1a: Zygarde\n|-boost|p1a: Zygarde|atk|1\n|-boost|p1a: Zygarde|def|1\n|-boost|p1a: Zygarde|accuracy|1\n|\n|-heal|p1a: Zygarde|53\/100|[from] item: Leftovers\n|-damage|p2a: Zygarde|64\/100 tox|[from] psn\n|upkeep\n|turn|21\n|\n|t:|1700481347\n|move|p2a: Zygarde|Thousand Arrows|p1a: Zygarde\n|-damage|p1a: Zygarde|14\/100\n|move|p1a: Zygarde|Coil|p1a: Zygarde\n|-boost|p1a: Zygarde|atk|1\n|-boost|p1a: Zygarde|def|1\n|-boost|p1a: Zygarde|accuracy|1\n|\n|-heal|p1a: Zygarde|20\/100|[from] item: Leftovers\n|-damage|p2a: Zygarde|39\/100 tox|[from] psn\n|-activate|p1a: Zygarde|ability: Power Construct\n|detailschange|p1a: Zygarde|Zygarde-Complete\n|-heal|p1a: Zygarde|49\/100|[silent]\n|upkeep\n|turn|22\n|\n|t:|1700481364\n|move|p2a: Zygarde|Thousand Arrows|p1a: Zygarde\n|-damage|p1a: Zygarde|31\/100\n|move|p1a: Zygarde|Coil|p1a: Zygarde\n|-boost|p1a: Zygarde|atk|1\n|-boost|p1a: Zygarde|def|1\n|-boost|p1a: Zygarde|accuracy|1\n|\n|-heal|p1a: Zygarde|37\/100|[from] item: Leftovers\n|-damage|p2a: Zygarde|9\/100 tox|[from] psn\n|upkeep\n|turn|23\n|\n|t:|1700481377\n|switch|p2a: Groudon|Groudon|100\/100\n|-damage|p2a: Groudon|94\/100|[from] Stealth Rock\n|detailschange|p2a: Groudon|Groudon-Primal\n|-primal|p2a: Groudon|Red Orb\n|-weather|DesolateLand|[from] ability: Desolate Land|[of] p2a: Groudon\n|move|p1a: Zygarde|Coil|p1a: Zygarde\n|-boost|p1a: Zygarde|atk|1\n|-boost|p1a: Zygarde|def|1\n|-boost|p1a: Zygarde|accuracy|1\n|\n|-weather|DesolateLand|[upkeep]\n|-heal|p1a: Zygarde|43\/100|[from] item: Leftovers\n|upkeep\n|turn|24\n|\n|t:|1700481390\n|move|p1a: Zygarde|Thousand Arrows|p2a: Groudon\n|-supereffective|p2a: Groudon\n|-damage|p2a: Groudon|0 fnt\n|faint|p2a: Groudon\n|-weather|none\n|\n|-heal|p1a: Zygarde|49\/100|[from] item: Leftovers\n|upkeep\n|\n|t:|1700481407\n|switch|p2a: Mewtwo|Mewtwo|100\/100\n|-damage|p2a: Mewtwo|88\/100|[from] Stealth Rock\n|-ability|p2a: Mewtwo|Pressure\n|turn|25\n|\n|t:|1700481417\n|detailschange|p2a: Mewtwo|Mewtwo-Mega-Y\n|-mega|p2a: Mewtwo|Mewtwo|Mewtwonite Y\n|move|p1a: Zygarde|Extreme Speed|p2a: Mewtwo\n|-damage|p2a: Mewtwo|0 fnt\n|faint|p2a: Mewtwo\n|\n|-heal|p1a: Zygarde|55\/100|[from] item: Leftovers\n|upkeep\n|\n|t:|1700481425\n|switch|p2a: Zygarde|Zygarde-Complete|9\/100 tox\n|-damage|p2a: Zygarde|2\/100 tox|[from] Stealth Rock\n|turn|26\n|\n|t:|1700481435\n|move|p2a: Zygarde|Rest|p2a: Zygarde\n|-status|p2a: Zygarde|slp|[from] move: Rest\n|-heal|p2a: Zygarde|100\/100 slp|[silent]\n|move|p1a: Zygarde|Substitute|p1a: Zygarde\n|-start|p1a: Zygarde|Substitute\n|-damage|p1a: Zygarde|31\/100\n|\n|-heal|p1a: Zygarde|37\/100|[from] item: Leftovers\n|upkeep\n|turn|27\n|\n|t:|1700481452\n|switch|p2a: Necrozma|Necrozma-Dusk-Mane|100\/100\n|-damage|p2a: Necrozma|94\/100|[from] Stealth Rock\n|move|p1a: Zygarde|Coil|p1a: Zygarde\n|-boost|p1a: Zygarde|atk|1\n|-boost|p1a: Zygarde|def|1\n|-boost|p1a: Zygarde|accuracy|1\n|\n|-heal|p1a: Zygarde|43\/100|[from] item: Leftovers\n|upkeep\n|turn|28\n|\n|t:|1700481465\n|detailschange|p2a: Necrozma|Necrozma-Ultra\n|-burst|p2a: Necrozma|Necrozma|Ultranecrozium Z\n|move|p2a: Necrozma|Dragon Dance|p2a: Necrozma\n|-boost|p2a: Necrozma|atk|1\n|-boost|p2a: Necrozma|spe|1\n|move|p1a: Zygarde|Thousand Arrows|p2a: Necrozma\n|-damage|p2a: Necrozma|0 fnt\n|faint|p2a: Necrozma\n|\n|-heal|p1a: Zygarde|49\/100|[from] item: Leftovers\n|upkeep\n|c|\u2606Jaluminor|gg\n|-message|Jaluminor forfeited.\n|\n|win|zf97032800\n|raw|zf97032800's rating: 1323 &rarr; <strong>1350<\/strong><br \/>(+27 for winning)\n|raw|Jaluminor's rating: 1441 &rarr; <strong>1414<\/strong><br \/>(-27 for losing)\n|l|\u2606Jaluminor\n","uploadtime":1700482117,"views":1,"p1id":"zf97032800","p2id":"jaluminor","formatid":"gen9nationaldexubers","rating":1350,"private":0,"password":""}