{"id":"gen9nationaldexubers-1980165206","p1":"eligames","p2":"aquiles meo","format":"[Gen 9] National Dex Ubers","log":"|j|\u2606eligames\n|j|\u2606aquiles meo\n|t:|1698762967\n|gametype|singles\n|player|p1|eligames|1|1118\n|player|p2|aquiles meo|ethan|1066\n|teamsize|p1|6\n|teamsize|p2|6\n|gen|9\n|tier|[Gen 9] National Dex Ubers\n|rated|\n|rule|HP Percentage Mod: HP is shown in percentages\n|rule|Endless Battle Clause: Forcing endless battles is banned\n|rule|OHKO Clause: OHKO moves are banned\n|rule|Evasion Moves Clause: Evasion moves are banned\n|rule|Evasion Items Clause: Evasion items are banned\n|rule|Species Clause: Limit one of each Pok\u00e9mon\n|rule|Sleep Clause Mod: Limit one foe put to sleep\n|rule|Mega Rayquaza Clause: You cannot mega evolve Rayquaza\n|clearpoke\n|poke|p1|Rillaboom, M|\n|poke|p1|Clefable, F|\n|poke|p1|Dragapult, M|\n|poke|p1|Samurott-Hisui, F|\n|poke|p1|Beedrill, M|\n|poke|p1|Groudon|\n|poke|p2|Jirachi|\n|poke|p2|Ho-Oh|\n|poke|p2|Rayquaza|\n|poke|p2|Pidgeot, M|\n|poke|p2|Lucario, M|\n|poke|p2|Luxray, M|\n|teampreview\n|\n|t:|1698762980\n|start\n|switch|p1a: Groudon|Groudon|100\/100\n|switch|p2a: Jirachi|Jirachi, shiny|100\/100\n|-weather|SunnyDay|[from] ability: Drought|[of] p1a: Groudon\n|turn|1\n|\n|t:|1698762999\n|move|p2a: Jirachi|Doom Desire|p1a: Groudon\n|-start|p2a: Jirachi|Doom Desire\n|move|p1a: Groudon|Earthquake|p2a: Jirachi\n|-supereffective|p2a: Jirachi\n|-damage|p2a: Jirachi|0 fnt\n|faint|p2a: Jirachi\n|\n|-weather|SunnyDay|[upkeep]\n|upkeep\n|\n|t:|1698763003\n|switch|p2a: Rayquaza|Rayquaza, shiny|100\/100\n|-ability|p2a: Rayquaza|Air Lock\n|turn|2\n|\n|t:|1698763040\n|move|p2a: Rayquaza|Dragon Ascent|p1a: Groudon\n|-damage|p1a: Groudon|62\/100\n|-unboost|p2a: Rayquaza|def|1\n|-unboost|p2a: Rayquaza|spd|1\n|move|p1a: Groudon|Rock Slide|p2a: Rayquaza\n|-supereffective|p2a: Rayquaza\n|-damage|p2a: Rayquaza|14\/100\n|\n|-weather|SunnyDay|[upkeep]\n|upkeep\n|turn|3\n|\n|t:|1698763067\n|move|p2a: Rayquaza|Dragon Claw|p1a: Groudon\n|-damage|p1a: Groudon|34\/100\n|move|p1a: Groudon|Rock Slide|p2a: Rayquaza\n|-supereffective|p2a: Rayquaza\n|-damage|p2a: Rayquaza|0 fnt\n|faint|p2a: Rayquaza\n|\n|-weather|SunnyDay|[upkeep]\n|-end|p1a: Groudon|move: Doom Desire\n|-damage|p1a: Groudon|0 fnt\n|faint|p1a: Groudon\n|upkeep\n|\n|t:|1698763082\n|switch|p2a: Ho-Oh|Ho-Oh, shiny|100\/100\n|switch|p1a: Samurott|Samurott-Hisui, F|100\/100\n|turn|4\n|\n|t:|1698763107\n|-terastallize|p2a: Ho-Oh|Poison\n|move|p1a: Samurott|Aqua Cutter|p2a: Ho-Oh\n|-damage|p2a: Ho-Oh|77\/100\n|move|p2a: Ho-Oh|Calm Mind|p2a: Ho-Oh\n|-boost|p2a: Ho-Oh|spa|1\n|-boost|p2a: Ho-Oh|spd|1\n|\n|-weather|SunnyDay|[upkeep]\n|upkeep\n|turn|5\n|\n|t:|1698763134\n|move|p1a: Samurott|Aqua Cutter|p2a: Ho-Oh\n|-damage|p2a: Ho-Oh|57\/100\n|move|p2a: Ho-Oh|Sacred Fire|p1a: Samurott\n|-resisted|p1a: Samurott\n|-damage|p1a: Samurott|65\/100\n|-status|p1a: Samurott|brn\n|\n|-weather|none\n|-damage|p1a: Samurott|59\/100 brn|[from] brn\n|upkeep\n|turn|6\n|\n|t:|1698763156\n|switch|p1a: Beedrill|Beedrill, M|100\/100\n|move|p2a: Ho-Oh|Calm Mind|p2a: Ho-Oh\n|-boost|p2a: Ho-Oh|spa|1\n|-boost|p2a: Ho-Oh|spd|1\n|\n|upkeep\n|turn|7\n|\n|t:|1698763169\n|detailschange|p1a: Beedrill|Beedrill-Mega, M\n|-mega|p1a: Beedrill|Beedrill|Beedrillite\n|move|p1a: Beedrill|Fell Stinger|p2a: Ho-Oh\n|-resisted|p2a: Ho-Oh\n|-damage|p2a: Ho-Oh|40\/100\n|move|p2a: Ho-Oh|Ancient Power|p1a: Beedrill\n|-supereffective|p1a: Beedrill\n|-damage|p1a: Beedrill|0 fnt\n|-boost|p2a: Ho-Oh|atk|1\n|-boost|p2a: Ho-Oh|def|1\n|-boost|p2a: Ho-Oh|spa|1\n|-boost|p2a: Ho-Oh|spd|1\n|-boost|p2a: Ho-Oh|spe|1\n|faint|p1a: Beedrill\n|\n|upkeep\n|\n|t:|1698763180\n|switch|p1a: Rillaboom|Rillaboom, M|100\/100\n|-fieldstart|move: Grassy Terrain|[from] ability: Grassy Surge|[of] p1a: Rillaboom\n|-enditem|p1a: Rillaboom|Grassy Seed\n|-boost|p1a: Rillaboom|def|1|[from] item: Grassy Seed\n|turn|8\n|\n|t:|1698763199\n|move|p1a: Rillaboom|Grassy Glide|p2a: Ho-Oh\n|-resisted|p2a: Ho-Oh\n|-damage|p2a: Ho-Oh|29\/100\n|move|p2a: Ho-Oh|Sacred Fire|p1a: Rillaboom\n|-supereffective|p1a: Rillaboom\n|-damage|p1a: Rillaboom|21\/100\n|-status|p1a: Rillaboom|brn\n|\n|-heal|p2a: Ho-Oh|35\/100|[from] Grassy Terrain\n|-heal|p1a: Rillaboom|27\/100 brn|[from] Grassy Terrain\n|-damage|p1a: Rillaboom|21\/100 brn|[from] brn\n|upkeep\n|turn|9\n|\n|t:|1698763218\n|move|p1a: Rillaboom|Grassy Glide|p2a: Ho-Oh\n|-resisted|p2a: Ho-Oh\n|-damage|p2a: Ho-Oh|29\/100\n|move|p2a: Ho-Oh|Sacred Fire|p1a: Rillaboom\n|-supereffective|p1a: Rillaboom\n|-damage|p1a: Rillaboom|0 fnt\n|faint|p1a: Rillaboom\n|\n|-heal|p2a: Ho-Oh|35\/100|[from] Grassy Terrain\n|upkeep\n|\n|t:|1698763221\n|switch|p1a: Dragapult|Dragapult, M|100\/100\n|turn|10\n|\n|t:|1698763250\n|move|p1a: Dragapult|Shadow Ball|p2a: Ho-Oh\n|-damage|p2a: Ho-Oh|25\/100\n|move|p2a: Ho-Oh|Ancient Power|p1a: Dragapult\n|-damage|p1a: Dragapult|24\/100\n|\n|-heal|p1a: Dragapult|30\/100|[from] Grassy Terrain\n|-heal|p2a: Ho-Oh|31\/100|[from] Grassy Terrain\n|upkeep\n|turn|11\n|\n|t:|1698763265\n|move|p1a: Dragapult|Dragon Pulse|p2a: Ho-Oh\n|-damage|p2a: Ho-Oh|21\/100\n|move|p2a: Ho-Oh|Ancient Power|p1a: Dragapult\n|-damage|p1a: Dragapult|0 fnt\n|-boost|p2a: Ho-Oh|atk|1\n|-boost|p2a: Ho-Oh|def|1\n|-boost|p2a: Ho-Oh|spa|1\n|-boost|p2a: Ho-Oh|spd|1\n|-boost|p2a: Ho-Oh|spe|1\n|faint|p1a: Dragapult\n|\n|-heal|p2a: Ho-Oh|27\/100|[from] Grassy Terrain\n|upkeep\n|-message|eligames forfeited.\n|\n|win|aquiles meo\n|raw|eligames's rating: 1118 &rarr; <strong>1089<\/strong><br \/>(-29 for losing)\n|raw|aquiles meo's rating: 1066 &rarr; <strong>1101<\/strong><br \/>(+35 for winning)\n|l|\u2606eligames\n","uploadtime":1698763279,"views":7,"p1id":"eligames","p2id":"aquilesmeo","formatid":"gen9nationaldexubers","rating":1089,"private":0,"password":""}