{"id":"gen9nationaldexubers-1989388516","p1":"AttackOnGargaNaCl","p2":"Helpnoname","format":"[Gen 9] National Dex Ubers","log":"|j|\u2606AttackOnGargaNaCl\n|j|\u2606Helpnoname\n|t:|1699843958\n|gametype|singles\n|player|p1|AttackOnGargaNaCl|169|1541\n|player|p2|Helpnoname|265|1636\n|teamsize|p1|6\n|teamsize|p2|6\n|gen|9\n|tier|[Gen 9] National Dex Ubers\n|rated|\n|rule|HP Percentage Mod: HP is shown in percentages\n|rule|Endless Battle Clause: Forcing endless battles is banned\n|rule|OHKO Clause: OHKO moves are banned\n|rule|Evasion Moves Clause: Evasion moves are banned\n|rule|Evasion Items Clause: Evasion items are banned\n|rule|Species Clause: Limit one of each Pok\u00e9mon\n|rule|Sleep Clause Mod: Limit one foe put to sleep\n|rule|Mega Rayquaza Clause: You cannot mega evolve Rayquaza\n|clearpoke\n|poke|p1|Zygarde|\n|poke|p1|Ho-Oh|\n|poke|p1|Zacian-*|\n|poke|p1|Yveltal|\n|poke|p1|Arceus|\n|poke|p1|Xerneas-*|\n|poke|p2|Ferrothorn, M|\n|poke|p2|Eternatus|\n|poke|p2|Giratina|\n|poke|p2|Toxapex, M|\n|poke|p2|Ho-Oh|\n|poke|p2|Yveltal|\n|teampreview\n|inactive|Battle timer is ON: inactive players will automatically lose when time's up. (requested by AttackOnGargaNaCl)\n|\n|t:|1699843971\n|start\n|switch|p1a: Yveltal|Yveltal|100\/100\n|switch|p2a: Yveltal|Yveltal|100\/100\n|-ability|p2a: Yveltal|Dark Aura\n|-ability|p1a: Yveltal|Dark Aura\n|turn|1\n|\n|t:|1699843977\n|switch|p2a: Zoroerk|Toxapex, M|100\/100\n|move|p1a: Yveltal|Dark Pulse|p2a: Zoroerk\n|-damage|p2a: Zoroerk|54\/100\n|-damage|p1a: Yveltal|91\/100|[from] item: Life Orb\n|\n|upkeep\n|turn|2\n|\n|t:|1699843983\n|switch|p2a: Ho-Oh|Ho-Oh|100\/100\n|move|p1a: Yveltal|Taunt|p2a: Ho-Oh\n|-start|p2a: Ho-Oh|move: Taunt\n|\n|upkeep\n|turn|3\n|\n|t:|1699843987\n|move|p1a: Yveltal|Dark Pulse|p2a: Ho-Oh\n|-damage|p2a: Ho-Oh|64\/100\n|-damage|p1a: Yveltal|81\/100|[from] item: Life Orb\n|move|p2a: Ho-Oh|Sacred Fire|p1a: Yveltal\n|-damage|p1a: Yveltal|36\/100\n|-status|p1a: Yveltal|brn\n|\n|-damage|p1a: Yveltal|30\/100 brn|[from] brn\n|upkeep\n|turn|4\n|\n|t:|1699843994\n|move|p1a: Yveltal|Dark Pulse|p2a: Ho-Oh\n|-damage|p2a: Ho-Oh|26\/100\n|-damage|p1a: Yveltal|20\/100 brn|[from] item: Life Orb\n|move|p2a: Ho-Oh|Sacred Fire|p1a: Yveltal\n|-damage|p1a: Yveltal|0 fnt\n|faint|p1a: Yveltal\n|\n|-end|p2a: Ho-Oh|move: Taunt\n|upkeep\n|\n|t:|1699844004\n|switch|p1a: Zacian|Zacian-Crowned|100\/100\n|-ability|p1a: Zacian|Intrepid Sword|boost\n|-boost|p1a: Zacian|atk|1\n|turn|5\n|\n|t:|1699844015\n|switch|p2a: Ferrothorn|Ferrothorn, M|100\/100\n|move|p1a: Zacian|Swords Dance|p1a: Zacian\n|-boost|p1a: Zacian|atk|2\n|\n|upkeep\n|turn|6\n|\n|t:|1699844025\n|switch|p2a: Giratina|Giratina|100\/100\n|-ability|p2a: Giratina|Pressure\n|move|p1a: Zacian|Swords Dance|p1a: Zacian\n|-boost|p1a: Zacian|atk|2\n|\n|upkeep\n|turn|7\n|\n|t:|1699844029\n|-terastallize|p1a: Zacian|Dark\n|move|p1a: Zacian|Crunch|p2a: Giratina\n|-supereffective|p2a: Giratina\n|-damage|p2a: Giratina|0 fnt\n|faint|p2a: Giratina\n|\n|upkeep\n|\n|t:|1699844035\n|switch|p2a: Ho-Oh|Ho-Oh|59\/100\n|turn|8\n|\n|t:|1699844037\n|move|p1a: Zacian|Wild Charge|p2a: Ho-Oh\n|-supereffective|p2a: Ho-Oh\n|-damage|p2a: Ho-Oh|0 fnt\n|faint|p2a: Ho-Oh\n|-damage|p1a: Zacian|82\/100|[from] Recoil\n|\n|upkeep\n|\n|t:|1699844042\n|switch|p2a: Ferrothorn|Ferrothorn, M|100\/100\n|turn|9\n|c|\u2606AttackOnGargaNaCl|sweep city\n|\n|t:|1699844047\n|move|p1a: Zacian|Crunch|p2a: Ferrothorn\n|-damage|p2a: Ferrothorn|0 fnt\n|-damage|p1a: Zacian|69\/100|[from] ability: Iron Barbs|[of] p2a: Ferrothorn\n|faint|p2a: Ferrothorn\n|\n|upkeep\n|-message|Helpnoname forfeited.\n|\n|win|AttackOnGargaNaCl\n|raw|AttackOnGargaNaCl's rating: 1541 &rarr; <strong>1566<\/strong><br \/>(+25 for winning)\n|raw|Helpnoname's rating: 1636 &rarr; <strong>1611<\/strong><br \/>(-25 for losing)\n|l|\u2606Helpnoname\n|c|\u2606AttackOnGargaNaCl|easy\n|c|\u2606AttackOnGargaNaCl|too easy\n","uploadtime":1699844115,"views":8,"p1id":"attackongarganacl","p2id":"helpnoname","formatid":"gen9nationaldexubers","rating":1566,"private":0,"password":""}