{"id":"gen9nationaldexubers-1981017232","p1":"faiirybread","p2":"700club","format":"[Gen 9] National Dex Ubers","log":"|j|\u2606faiirybread\n|j|\u2606700club\n|t:|1698857045\n|gametype|singles\n|player|p1|faiirybread|n|1072\n|player|p2|700club|shadowtriad|1000\n|teamsize|p1|6\n|teamsize|p2|6\n|gen|9\n|tier|[Gen 9] National Dex Ubers\n|rated|\n|rule|HP Percentage Mod: HP is shown in percentages\n|rule|Endless Battle Clause: Forcing endless battles is banned\n|rule|OHKO Clause: OHKO moves are banned\n|rule|Evasion Moves Clause: Evasion moves are banned\n|rule|Evasion Items Clause: Evasion items are banned\n|rule|Species Clause: Limit one of each Pok\u00e9mon\n|rule|Sleep Clause Mod: Limit one foe put to sleep\n|rule|Mega Rayquaza Clause: You cannot mega evolve Rayquaza\n|clearpoke\n|poke|p1|Dubwool, M|\n|poke|p1|Diggersby, F|\n|poke|p1|Reshiram|\n|poke|p1|Greninja-*, M|\n|poke|p1|Heracross, F|\n|poke|p1|Chi-Yu|\n|poke|p2|Ogerpon-Hearthflame, F|\n|poke|p2|Arceus-Poison|\n|poke|p2|Deoxys-Speed|\n|poke|p2|Kyogre|\n|poke|p2|Necrozma-Dusk-Mane|\n|poke|p2|Blaziken, M|\n|teampreview\n|c|\u2606700club|hi\n|c|\u2606faiirybread|hiii!\n|c|\u2606faiirybread|i randomized this team lol\n|\n|t:|1698857074\n|start\n|switch|p1a: Dubwool|Dubwool, M, shiny|100\/100\n|switch|p2a: Deoxys|Deoxys-Speed|100\/100\n|-ability|p2a: Deoxys|Pressure\n|turn|1\n|c|\u2606700club|did you use the pokemon randomizator internet tool?\n|c|\u2606faiirybread|yes\n|\n|t:|1698857110\n|-terastallize|p1a: Dubwool|Ghost\n|move|p2a: Deoxys|Taunt|p1a: Dubwool\n|-start|p1a: Dubwool|move: Taunt\n|cant|p1a: Dubwool|move: Taunt|Cotton Guard\n|\n|upkeep\n|turn|2\n|c|\u2606700club|cool\n|\n|t:|1698857136\n|switch|p1a: Greninja|Greninja, M|100\/100\n|move|p2a: Deoxys|Reflect|p2a: Deoxys\n|-sidestart|p2: 700club|Reflect\n|\n|upkeep\n|turn|3\n|\n|t:|1698857161\n|move|p1a: Greninja|Water Shuriken|p2a: Deoxys\n|-damage|p2a: Deoxys|89\/100\n|-damage|p2a: Deoxys|77\/100\n|-hitcount|p2a: Deoxys|2\n|move|p2a: Deoxys|Light Screen|p2a: Deoxys\n|-sidestart|p2: 700club|move: Light Screen\n|\n|upkeep\n|turn|4\n|\n|t:|1698857170\n|move|p1a: Greninja|Water Shuriken|p2a: Deoxys\n|-damage|p2a: Deoxys|70\/100\n|-damage|p2a: Deoxys|64\/100\n|-damage|p2a: Deoxys|58\/100\n|-hitcount|p2a: Deoxys|3\n|move|p2a: Deoxys|Taunt|p1a: Greninja\n|-start|p1a: Greninja|move: Taunt\n|\n|upkeep\n|turn|5\n|\n|t:|1698857178\n|move|p1a: Greninja|Water Shuriken|p2a: Deoxys\n|-damage|p2a: Deoxys|52\/100\n|-damage|p2a: Deoxys|46\/100\n|-damage|p2a: Deoxys|40\/100\n|-hitcount|p2a: Deoxys|3\n|move|p2a: Deoxys|Stealth Rock|p1a: Greninja\n|-sidestart|p1: faiirybread|move: Stealth Rock\n|\n|upkeep\n|turn|6\n|\n|t:|1698857217\n|switch|p2a: Kyogre|Kyogre|100\/100\n|detailschange|p2a: Kyogre|Kyogre-Primal\n|-primal|p2a: Kyogre|Blue Orb\n|-weather|PrimordialSea|[from] ability: Primordial Sea|[of] p2a: Kyogre\n|move|p1a: Greninja|Water Shuriken|p2a: Kyogre\n|-resisted|p2a: Kyogre\n|-damage|p2a: Kyogre|99\/100\n|-resisted|p2a: Kyogre\n|-damage|p2a: Kyogre|97\/100\n|-hitcount|p2a: Kyogre|2\n|\n|-weather|PrimordialSea|[upkeep]\n|-sideend|p2: 700club|Reflect\n|upkeep\n|turn|7\n|\n|t:|1698857236\n|switch|p1a: Dubwool|Dubwool, M, shiny, tera:Ghost|100\/100\n|-damage|p1a: Dubwool|88\/100|[from] Stealth Rock\n|move|p2a: Kyogre|Calm Mind|p2a: Kyogre\n|-boost|p2a: Kyogre|spa|1\n|-boost|p2a: Kyogre|spd|1\n|\n|-weather|PrimordialSea|[upkeep]\n|-heal|p1a: Dubwool|94\/100|[from] item: Leftovers\n|-sideend|p2: 700club|move: Light Screen\n|upkeep\n|turn|8\n|\n|t:|1698857245\n|move|p2a: Kyogre|Scald|p1a: Dubwool\n|-damage|p1a: Dubwool|0 fnt\n|faint|p1a: Dubwool\n|\n|-weather|PrimordialSea|[upkeep]\n|upkeep\n|-message|faiirybread forfeited.\n|\n|win|700club\n|raw|faiirybread's rating: 1072 &rarr; <strong>1047<\/strong><br \/>(-25 for losing)\n|raw|700club's rating: 1000 &rarr; <strong>1048<\/strong><br \/>(+48 for winning)\n|l|\u2606faiirybread\n","uploadtime":1698857253,"views":16,"p1id":"faiirybread","p2id":"700club","formatid":"gen9nationaldexubers","rating":1047,"private":0,"password":""}