{"id":"gen9nationaldexubers-2000650350","p1":"austinerzs","p2":"Skyponn","format":"[Gen 9] National Dex Ubers","log":"|j|\u2606austinerzs\n|j|\u2606Skyponn\n|t:|1701214575\n|gametype|singles\n|player|p1|austinerzs|bellelba|\n|player|p2|Skyponn|170|\n|teamsize|p1|6\n|teamsize|p2|6\n|gen|9\n|tier|[Gen 9] National Dex Ubers\n|rule|HP Percentage Mod: HP is shown in percentages\n|rule|Endless Battle Clause: Forcing endless battles is banned\n|rule|OHKO Clause: OHKO moves are banned\n|rule|Evasion Moves Clause: Evasion moves are banned\n|rule|Evasion Items Clause: Evasion items are banned\n|rule|Species Clause: Limit one of each Pok\u00e9mon\n|rule|Sleep Clause Mod: Limit one foe put to sleep\n|rule|Mega Rayquaza Clause: You cannot mega evolve Rayquaza\n|clearpoke\n|poke|p1|Swampert, M|\n|poke|p1|Pelipper, M|\n|poke|p1|Samurott-Hisui, F|\n|poke|p1|Keldeo-Resolute|\n|poke|p1|Rotom-Wash|\n|poke|p1|Urshifu-*, M|\n|poke|p2|Metagross|\n|poke|p2|Ferrothorn, F|\n|poke|p2|Magnezone|\n|poke|p2|Corviknight, F|\n|poke|p2|Gholdengo|\n|poke|p2|Orthworm, M|\n|teampreview\n|c|\u2606austinerzs|glhf\n|j| Comett7778\n|c| Comett7778|Yo\n|j| Bugz29\n|c| Comett7778|Sky beat his ass\n|c|\u2606Skyponn|Can't promise\n|\n|t:|1701214601\n|start\n|switch|p1a: Keldeo|Keldeo-Resolute|100\/100\n|switch|p2a: Ferrothorn|Ferrothorn, F|100\/100\n|turn|1\n|c|\u2606austinerzs|comet ur getting ur ass bopped later\n|\n|t:|1701214612\n|move|p1a: Keldeo|Focus Blast|p2a: Ferrothorn|[miss]\n|-miss|p1a: Keldeo|p2a: Ferrothorn\n|move|p2a: Ferrothorn|Leech Seed|p1a: Keldeo\n|-start|p1a: Keldeo|move: Leech Seed\n|\n|-damage|p1a: Keldeo|88\/100|[from] Leech Seed|[of] p2a: Ferrothorn\n|upkeep\n|turn|2\n|c| Comett7778|Nah\n|c|\u2606austinerzs|why is this move so dog\n|c|\u2606Skyponn|lolmao\n|c| Comett7778|Yo\n|c| Comett7778|w miss\n|j| CrispyManI\n|\n|t:|1701214652\n|switch|p1a: Samurott|Samurott-Hisui, F|100\/100\n|switch|p2a: Gholdengo|Gholdengo|100\/100\n|\n|upkeep\n|turn|3\n|c|\u2606Skyponn|uh oh\n|j| ViriKat\n|\n|t:|1701214675\n|switch|p2a: Orthworm|Orthworm, M|100\/100\n|move|p1a: Samurott|Ceaseless Edge|p2a: Orthworm\n|-damage|p2a: Orthworm|68\/100\n|-sidestart|p2: Skyponn|Spikes\n|\n|-heal|p2a: Orthworm|74\/100|[from] item: Leftovers\n|upkeep\n|turn|4\n|\n|t:|1701214680\n|move|p1a: Samurott|Ceaseless Edge|p2a: Orthworm|[miss]\n|-miss|p1a: Samurott|p2a: Orthworm\n|move|p2a: Orthworm|Stealth Rock|p1a: Samurott\n|-sidestart|p1: austinerzs|move: Stealth Rock\n|\n|-heal|p2a: Orthworm|80\/100|[from] item: Leftovers\n|upkeep\n|turn|5\n|c|\u2606austinerzs|damn that\u2019s actually big\n|c|\u2606austinerzs|u can get shed tail now\n|\n|t:|1701214701\n|move|p1a: Samurott|Ceaseless Edge|p2a: Orthworm\n|-damage|p2a: Orthworm|47\/100\n|-sidestart|p2: Skyponn|Spikes\n|move|p2a: Orthworm|Shed Tail|p2a: Orthworm\n|-fail|p2a: Orthworm|move: Shed Tail|[weak]\n|\n|-heal|p2a: Orthworm|53\/100|[from] item: Leftovers\n|upkeep\n|turn|6\n|c|\u2606austinerzs|nvm\n|c|\u2606Skyponn|unfort\n|c|\u2606austinerzs|i got a high roll\n|\n|t:|1701214715\n|switch|p1a: Urshifu|Urshifu-Rapid-Strike, M|100\/100\n|-damage|p1a: Urshifu|94\/100|[from] Stealth Rock\n|move|p2a: Orthworm|Iron Defense|p2a: Orthworm\n|-boost|p2a: Orthworm|def|2\n|\n|-heal|p2a: Orthworm|59\/100|[from] item: Leftovers\n|upkeep\n|turn|7\n|c| Comett7778|No\n|c| Comett7778|why\n|c| Comett7778|Smash do worse\n|c| CrispyManI|WOOOO YEAH SKY\n|c| Comett7778|YEAG\n|c| CrispyManI|BEAT HIS ASS\n|c| Comett7778|GO SKY\n|c| Comett7778|MAKE HIM CRY\n|\n|t:|1701214770\n|switch|p2a: Corviknight|Corviknight, F|100\/100\n|move|p1a: Urshifu|Swords Dance|p1a: Urshifu\n|-boost|p1a: Urshifu|atk|2\n|\n|upkeep\n|turn|8\n|\n|t:|1701214778\n|move|p1a: Urshifu|Swords Dance|p1a: Urshifu\n|-boost|p1a: Urshifu|atk|2\n|move|p2a: Corviknight|Iron Defense|p2a: Corviknight\n|-boost|p2a: Corviknight|def|2\n|\n|upkeep\n|turn|9\n|c|\u2606Skyponn|uh oh\n|c|\u2606austinerzs|no helmet pla\n|\n|t:|1701214795\n|move|p1a: Urshifu|Surging Strikes|p2a: Corviknight\n|-crit|p2a: Corviknight\n|-damage|p2a: Corviknight|52\/100\n|-crit|p2a: Corviknight\n|-damage|p2a: Corviknight|1\/100\n|-crit|p2a: Corviknight\n|-damage|p2a: Corviknight|0 fnt\n|faint|p2a: Corviknight\n|-hitcount|p2: Corviknight|3\n|\n|upkeep\n|c|\u2606austinerzs|nice chip\n|c| Comett7778|That\u2019s not good\n|\n|t:|1701214821\n|switch|p2a: Ferrothorn|Ferrothorn, F|100\/100\n|-damage|p2a: Ferrothorn|84\/100|[from] Spikes\n|turn|10\n|\n|t:|1701214825\n|move|p1a: Urshifu|Drain Punch|p2a: Ferrothorn\n|-supereffective|p2a: Ferrothorn\n|-damage|p2a: Ferrothorn|0 fnt\n|-heal|p1a: Urshifu|100\/100|[from] drain|[of] p2a: Ferrothorn\n|-damage|p1a: Urshifu|88\/100|[from] ability: Iron Barbs|[of] p2a: Ferrothorn\n|-damage|p1a: Urshifu|72\/100|[from] item: Rocky Helmet|[of] p2a: Ferrothorn\n|faint|p2a: Ferrothorn\n|\n|upkeep\n|\n|t:|1701214831\n|switch|p2a: Gholdengo|Gholdengo|100\/100\n|-damage|p2a: Gholdengo|84\/100|[from] Spikes\n|turn|11\n|\n|t:|1701214846\n|move|p1a: Urshifu|Surging Strikes|p2a: Gholdengo\n|-crit|p2a: Gholdengo\n|-damage|p2a: Gholdengo|11\/100\n|-crit|p2a: Gholdengo\n|-damage|p2a: Gholdengo|0 fnt\n|faint|p2a: Gholdengo\n|-hitcount|p2: Gholdengo|2\n|\n|upkeep\n|\n|t:|1701214852\n|switch|p2a: Metagross|Metagross, shiny|100\/100\n|-damage|p2a: Metagross|84\/100|[from] Spikes\n|turn|12\n|c|\u2606austinerzs|gorgeous chil\n|\n|t:|1701214874\n|detailschange|p2a: Metagross|Metagross-Mega, shiny\n|-mega|p2a: Metagross|Metagross|Metagrossite\n|move|p2a: Metagross|Zen Headbutt|p1a: Urshifu\n|-supereffective|p1a: Urshifu\n|-enditem|p1a: Urshifu|Payapa Berry|[eat]\n|-enditem|p1a: Urshifu|Payapa Berry|[weaken]\n|-damage|p1a: Urshifu|15\/100\n|move|p1a: Urshifu|Trailblaze|p2a: Metagross\n|-resisted|p2a: Metagross\n|-damage|p2a: Metagross|63\/100\n|-boost|p1a: Urshifu|spe|1\n|\n|upkeep\n|turn|13\n|c| Comett7778|Huh\n|\n|t:|1701214885\n|move|p2a: Metagross|Bullet Punch|p1a: Urshifu\n|-resisted|p1a: Urshifu\n|-damage|p1a: Urshifu|0 fnt\n|faint|p1a: Urshifu\n|\n|upkeep\n|c| Comett7778|YO\n|c|\u2606austinerzs|ah i forgot abt that mcoe\n|c| Comett7778|W\n|c|\u2606Skyponn|:)))))))))))))))))))))))))))000\n|\n|t:|1701214895\n|switch|p1a: Samurott|Samurott-Hisui, F|100\/100\n|-damage|p1a: Samurott|88\/100|[from] Stealth Rock\n|turn|14\n|\n|t:|1701214903\n|move|p1a: Samurott|Ceaseless Edge|p2a: Metagross\n|-supereffective|p2a: Metagross\n|-damage|p2a: Metagross|0 fnt\n|-sidestart|p2: Skyponn|Spikes\n|faint|p2a: Metagross\n|\n|upkeep\n|c| Comett7778|:(\n|\n|t:|1701214914\n|switch|p2a: Orthworm|Orthworm, M|59\/100\n|-damage|p2a: Orthworm|34\/100|[from] Spikes\n|turn|15\n|\n|t:|1701214917\n|move|p1a: Samurott|Ceaseless Edge|p2a: Orthworm\n|-damage|p2a: Orthworm|0 fnt\n|faint|p2a: Orthworm\n|\n|upkeep\n|\n|t:|1701214921\n|switch|p2a: Magnezone|Magnezone|100\/100\n|-damage|p2a: Magnezone|76\/100|[from] Spikes\n|turn|16\n|c|\u2606Skyponn|I got trolled why was bro scarfed\n|c| Comett7778|Yeah\n|\n|t:|1701214950\n|switch|p1a: Pelipper|Pelipper, M|100\/100\n|-damage|p1a: Pelipper|76\/100|[from] Stealth Rock\n|-weather|RainDance|[from] ability: Drizzle|[of] p1a: Pelipper\n|move|p2a: Magnezone|Thunderbolt|p1a: Pelipper\n|-supereffective|p1a: Pelipper\n|-damage|p1a: Pelipper|0 fnt\n|faint|p1a: Pelipper\n|\n|-weather|RainDance|[upkeep]\n|upkeep\n|\n|t:|1701214952\n|switch|p1a: Swampert|Swampert, M|100\/100\n|-damage|p1a: Swampert|94\/100|[from] Stealth Rock\n|turn|17\n|c|\u2606Skyponn|this is just rude\n|c| Comett7778|Why switch\n|c|\u2606austinerzs|have to end it where it started\n|c| Comett7778|What\n|\n|t:|1701214977\n|detailschange|p1a: Swampert|Swampert-Mega, M\n|-mega|p1a: Swampert|Swampert|Swampertite\n|move|p1a: Swampert|Earthquake|p2a: Magnezone\n|-supereffective|p2a: Magnezone\n|-damage|p2a: Magnezone|0 fnt\n|faint|p2a: Magnezone\n|\n|win|austinerzs\n|c|\u2606austinerzs|(plot armour)\n|c| ViriKat|W PERT\n|c|\u2606austinerzs|gg\n|c| Comett7778|:(\n","uploadtime":1701214989,"views":10,"p1id":"austinerzs","p2id":"skyponn","formatid":"gen9nationaldexubers","rating":0,"private":0,"password":""}