{"id":"gen9nationaldexubers-1998848572","p1":"baigu","p2":"qazserfvgyujnko","format":"[Gen 9] National Dex Ubers","log":"|j|\u2606baigu\n|j|\u2606qazserfvgyujnko\n|t:|1701002665\n|gametype|singles\n|player|p1|baigu|169|1163\n|player|p2|qazserfvgyujnko|linebacker|1234\n|teamsize|p1|6\n|teamsize|p2|6\n|gen|9\n|tier|[Gen 9] National Dex Ubers\n|rated|\n|rule|HP Percentage Mod: HP is shown in percentages\n|rule|Endless Battle Clause: Forcing endless battles is banned\n|rule|OHKO Clause: OHKO moves are banned\n|rule|Evasion Moves Clause: Evasion moves are banned\n|rule|Evasion Items Clause: Evasion items are banned\n|rule|Species Clause: Limit one of each Pok\u00e9mon\n|rule|Sleep Clause Mod: Limit one foe put to sleep\n|rule|Mega Rayquaza Clause: You cannot mega evolve Rayquaza\n|clearpoke\n|poke|p1|Ho-Oh|\n|poke|p1|Groudon|\n|poke|p1|Kyogre|\n|poke|p1|Slowbro, M|\n|poke|p1|Necrozma-Dusk-Mane|\n|poke|p1|Marshadow|\n|poke|p2|Lucario, M|\n|poke|p2|Ogerpon-Hearthflame, F|\n|poke|p2|Baxcalibur, F|\n|poke|p2|Ninetales-Alola, F|\n|poke|p2|Toxapex, M|\n|poke|p2|Ferrothorn, M|\n|teampreview\n|\n|t:|1701002691\n|start\n|switch|p1a: Necrozma|Necrozma-Dusk-Mane|100\/100\n|switch|p2a: \u6211\u7231\u51b0\u51bb|Ninetales-Alola, F|100\/100\n|-weather|Snow|[from] ability: Snow Warning|[of] p2a: \u6211\u7231\u51b0\u51bb\n|turn|1\n|\n|t:|1701002699\n|switch|p2a: \u6700\u5f3a\u6551\u573a|Toxapex, M|100\/100\n|move|p1a: Necrozma|Stealth Rock|p2a: \u6700\u5f3a\u6551\u573a\n|-sidestart|p2: qazserfvgyujnko|move: Stealth Rock\n|\n|-weather|Snow|[upkeep]\n|upkeep\n|turn|2\n|\n|t:|1701002718\n|switch|p1a: Slowbro|Slowbro, M|100\/100\n|move|p2a: \u6700\u5f3a\u6551\u573a|Scald|p1a: Slowbro\n|-resisted|p1a: Slowbro\n|-damage|p1a: Slowbro|92\/100\n|-status|p1a: Slowbro|brn\n|\n|-weather|Snow|[upkeep]\n|-damage|p1a: Slowbro|86\/100 brn|[from] brn\n|upkeep\n|turn|3\n|\n|t:|1701002732\n|switch|p2a: \u7269\u653b\u8fd8\u662f\u7279\u653b|Lucario, M|100\/100\n|-damage|p2a: \u7269\u653b\u8fd8\u662f\u7279\u653b|98\/100|[from] Stealth Rock\n|move|p1a: Slowbro|Teleport|p1a: Slowbro\n|\n|t:|1701002738\n|switch|p1a: Ho-Oh|Ho-Oh|100\/100|[from] Teleport\n|\n|-weather|Snow|[upkeep]\n|upkeep\n|turn|4\n|\n|t:|1701002747\n|switch|p2a: \u6700\u5f3a\u6551\u573a|Toxapex, M|100\/100\n|-damage|p2a: \u6700\u5f3a\u6551\u573a|88\/100|[from] Stealth Rock\n|move|p1a: Ho-Oh|Sacred Fire|p2a: \u6700\u5f3a\u6551\u573a\n|-resisted|p2a: \u6700\u5f3a\u6551\u573a\n|-damage|p2a: \u6700\u5f3a\u6551\u573a|72\/100\n|-status|p2a: \u6700\u5f3a\u6551\u573a|brn\n|\n|-weather|Snow|[upkeep]\n|-heal|p2a: \u6700\u5f3a\u6551\u573a|78\/100 brn|[from] item: Black Sludge\n|-damage|p2a: \u6700\u5f3a\u6551\u573a|72\/100 brn|[from] brn\n|upkeep\n|turn|5\n|\n|t:|1701002756\n|switch|p1a: Groudon|Groudon|100\/100\n|detailschange|p1a: Groudon|Groudon-Primal\n|-primal|p1a: Groudon|Red Orb\n|-weather|DesolateLand|[from] ability: Desolate Land|[of] p1a: Groudon\n|move|p2a: \u6700\u5f3a\u6551\u573a|Scald||[still]\n|-fail|p2a: \u6700\u5f3a\u6551\u573a|Scald|[from] Desolate Land\n|\n|-weather|DesolateLand|[upkeep]\n|-heal|p2a: \u6700\u5f3a\u6551\u573a|78\/100 brn|[from] item: Black Sludge\n|-damage|p2a: \u6700\u5f3a\u6551\u573a|72\/100 brn|[from] brn\n|upkeep\n|turn|6\n|inactive|Battle timer is ON: inactive players will automatically lose when time's up. (requested by baigu)\n|inactive|qazserfvgyujnko has 120 seconds left.\n|\n|t:|1701002819\n|switch|p2a: \u6211\u7231\u51b0\u51bb|Ninetales-Alola, F|100\/100\n|-damage|p2a: \u6211\u7231\u51b0\u51bb|75\/100|[from] Stealth Rock\n|-ability|p2a: \u6211\u7231\u51b0\u51bb|Snow Warning|[from] desolateland|[fail]\n|move|p1a: Groudon|Precipice Blades|p2a: \u6211\u7231\u51b0\u51bb\n|-damage|p2a: \u6211\u7231\u51b0\u51bb|0 fnt\n|faint|p2a: \u6211\u7231\u51b0\u51bb\n|\n|-weather|DesolateLand|[upkeep]\n|upkeep\n|\n|t:|1701002825\n|switch|p2a: \u8ba9\u6211\u6572\u6572\u4f60|Ogerpon-Hearthflame, F|100\/100\n|-damage|p2a: \u8ba9\u6211\u6572\u6572\u4f60|76\/100|[from] Stealth Rock\n|-ability|p2a: \u8ba9\u6211\u6572\u6572\u4f60|Mold Breaker\n|turn|7\n|\n|t:|1701002832\n|-terastallize|p2a: \u8ba9\u6211\u6572\u6572\u4f60|Fire\n|detailschange|p2a: \u8ba9\u6211\u6572\u6572\u4f60|Ogerpon-Hearthflame-Tera, F, tera:Fire\n|-ability|p2a: \u8ba9\u6211\u6572\u6572\u4f60|Embody Aspect (Hearthflame)|boost\n|-boost|p2a: \u8ba9\u6211\u6572\u6572\u4f60|atk|1\n|move|p2a: \u8ba9\u6211\u6572\u6572\u4f60|Stomping Tantrum|p1a: Groudon\n|-supereffective|p1a: Groudon\n|-damage|p1a: Groudon|56\/100\n|move|p1a: Groudon|Precipice Blades|p2a: \u8ba9\u6211\u6572\u6572\u4f60\n|-supereffective|p2a: \u8ba9\u6211\u6572\u6572\u4f60\n|-damage|p2a: \u8ba9\u6211\u6572\u6572\u4f60|0 fnt\n|faint|p2a: \u8ba9\u6211\u6572\u6572\u4f60\n|\n|-weather|DesolateLand|[upkeep]\n|upkeep\n|\n|t:|1701002834\n|switch|p2a: \u7269\u653b\u8fd8\u662f\u7279\u653b|Lucario, M|98\/100\n|-damage|p2a: \u7269\u653b\u8fd8\u662f\u7279\u653b|95\/100|[from] Stealth Rock\n|turn|8\n|\n|t:|1701002843\n|detailschange|p2a: \u7269\u653b\u8fd8\u662f\u7279\u653b|Lucario-Mega, M\n|-mega|p2a: \u7269\u653b\u8fd8\u662f\u7279\u653b|Lucario|Lucarionite\n|move|p2a: \u7269\u653b\u8fd8\u662f\u7279\u653b|Shadow Ball|p1a: Groudon\n|-damage|p1a: Groudon|32\/100\n|move|p1a: Groudon|Precipice Blades|p2a: \u7269\u653b\u8fd8\u662f\u7279\u653b\n|-supereffective|p2a: \u7269\u653b\u8fd8\u662f\u7279\u653b\n|-damage|p2a: \u7269\u653b\u8fd8\u662f\u7279\u653b|0 fnt\n|faint|p2a: \u7269\u653b\u8fd8\u662f\u7279\u653b\n|\n|-weather|DesolateLand|[upkeep]\n|upkeep\n|\n|t:|1701002851\n|switch|p2a: \u6211\u8981\u5f15\u706b|Ferrothorn, M|100\/100\n|-damage|p2a: \u6211\u8981\u5f15\u706b|94\/100|[from] Stealth Rock\n|turn|9\n|\n|t:|1701002857\n|-weather|none\n|switch|p1a: Ho-Oh|Ho-Oh|100\/100\n|move|p2a: \u6211\u8981\u5f15\u706b|Protect||[still]\n|-fail|p2a: \u6211\u8981\u5f15\u706b\n|\n|-heal|p2a: \u6211\u8981\u5f15\u706b|100\/100|[from] item: Leftovers\n|upkeep\n|turn|10\n|\n|t:|1701002862\n|move|p2a: \u6211\u8981\u5f15\u706b|Protect|p2a: \u6211\u8981\u5f15\u706b\n|-singleturn|p2a: \u6211\u8981\u5f15\u706b|Protect\n|move|p1a: Ho-Oh|Sacred Fire|p2a: \u6211\u8981\u5f15\u706b\n|-activate|p2a: \u6211\u8981\u5f15\u706b|move: Protect\n|\n|upkeep\n|turn|11\n|\n|t:|1701002868\n|switch|p2a: \u6700\u5f3a\u6551\u573a|Toxapex, M|100\/100 brn\n|-damage|p2a: \u6700\u5f3a\u6551\u573a|88\/100 brn|[from] Stealth Rock\n|move|p1a: Ho-Oh|Sacred Fire|p2a: \u6700\u5f3a\u6551\u573a\n|-resisted|p2a: \u6700\u5f3a\u6551\u573a\n|-damage|p2a: \u6700\u5f3a\u6551\u573a|74\/100 brn\n|\n|-heal|p2a: \u6700\u5f3a\u6551\u573a|80\/100 brn|[from] item: Black Sludge\n|-damage|p2a: \u6700\u5f3a\u6551\u573a|74\/100 brn|[from] brn\n|upkeep\n|turn|12\n|\n|t:|1701002874\n|switch|p1a: Slowbro|Slowbro, M|100\/100 brn\n|move|p2a: \u6700\u5f3a\u6551\u573a|Toxic||[still]\n|-fail|p2a: \u6700\u5f3a\u6551\u573a\n|\n|-heal|p2a: \u6700\u5f3a\u6551\u573a|80\/100 brn|[from] item: Black Sludge\n|-damage|p1a: Slowbro|94\/100 brn|[from] brn\n|-damage|p2a: \u6700\u5f3a\u6551\u573a|74\/100 brn|[from] brn\n|upkeep\n|turn|13\n|\n|t:|1701002879\n|move|p2a: \u6700\u5f3a\u6551\u573a|Scald|p1a: Slowbro\n|-resisted|p1a: Slowbro\n|-damage|p1a: Slowbro|86\/100 brn\n|move|p1a: Slowbro|Teleport|p1a: Slowbro\n|\n|t:|1701002881\n|switch|p1a: Kyogre|Kyogre|100\/100|[from] Teleport\n|detailschange|p1a: Kyogre|Kyogre-Primal\n|-primal|p1a: Kyogre|Blue Orb\n|-weather|PrimordialSea|[from] ability: Primordial Sea|[of] p1a: Kyogre\n|\n|-weather|PrimordialSea|[upkeep]\n|-heal|p2a: \u6700\u5f3a\u6551\u573a|80\/100 brn|[from] item: Black Sludge\n|-damage|p2a: \u6700\u5f3a\u6551\u573a|74\/100 brn|[from] brn\n|upkeep\n|turn|14\n|\n|t:|1701002889\n|switch|p2a: \u6211\u8981\u5f15\u706b|Ferrothorn, M|100\/100\n|-damage|p2a: \u6211\u8981\u5f15\u706b|94\/100|[from] Stealth Rock\n|move|p1a: Kyogre|Water Spout|p2a: \u6211\u8981\u5f15\u706b\n|-resisted|p2a: \u6211\u8981\u5f15\u706b\n|-damage|p2a: \u6211\u8981\u5f15\u706b|34\/100\n|\n|-weather|PrimordialSea|[upkeep]\n|-heal|p2a: \u6211\u8981\u5f15\u706b|40\/100|[from] item: Leftovers\n|upkeep\n|turn|15\n|\n|t:|1701002892\n|move|p2a: \u6211\u8981\u5f15\u706b|Protect|p2a: \u6211\u8981\u5f15\u706b\n|-singleturn|p2a: \u6211\u8981\u5f15\u706b|Protect\n|move|p1a: Kyogre|Water Spout|p2a: \u6211\u8981\u5f15\u706b\n|-activate|p2a: \u6211\u8981\u5f15\u706b|move: Protect\n|\n|-weather|PrimordialSea|[upkeep]\n|-heal|p2a: \u6211\u8981\u5f15\u706b|47\/100|[from] item: Leftovers\n|upkeep\n|turn|16\n|\n|t:|1701002896\n|move|p1a: Kyogre|Water Spout|p2a: \u6211\u8981\u5f15\u706b\n|-resisted|p2a: \u6211\u8981\u5f15\u706b\n|-damage|p2a: \u6211\u8981\u5f15\u706b|0 fnt\n|faint|p2a: \u6211\u8981\u5f15\u706b\n|\n|-weather|PrimordialSea|[upkeep]\n|upkeep\n|\n|t:|1701002899\n|switch|p2a: \u6700\u5f3a\u6551\u573a|Toxapex, M|100\/100 brn\n|-damage|p2a: \u6700\u5f3a\u6551\u573a|88\/100 brn|[from] Stealth Rock\n|turn|17\n|\n|t:|1701002908\n|move|p1a: Kyogre|Water Spout|p2a: \u6700\u5f3a\u6551\u573a\n|-resisted|p2a: \u6700\u5f3a\u6551\u573a\n|-damage|p2a: \u6700\u5f3a\u6551\u573a|31\/100 brn\n|move|p2a: \u6700\u5f3a\u6551\u573a|Scald|p1a: Kyogre\n|-resisted|p1a: Kyogre\n|-damage|p1a: Kyogre|94\/100\n|\n|-weather|PrimordialSea|[upkeep]\n|-heal|p2a: \u6700\u5f3a\u6551\u573a|37\/100 brn|[from] item: Black Sludge\n|-damage|p2a: \u6700\u5f3a\u6551\u573a|31\/100 brn|[from] brn\n|upkeep\n|turn|18\n|\n|t:|1701002912\n|move|p1a: Kyogre|Water Spout|p2a: \u6700\u5f3a\u6551\u573a\n|-resisted|p2a: \u6700\u5f3a\u6551\u573a\n|-damage|p2a: \u6700\u5f3a\u6551\u573a|0 fnt\n|faint|p2a: \u6700\u5f3a\u6551\u573a\n|\n|-weather|PrimordialSea|[upkeep]\n|upkeep\n|\n|t:|1701002913\n|switch|p2a: \u4ed9\u5e03\u7740\u6025|Baxcalibur, F|100\/100\n|-damage|p2a: \u4ed9\u5e03\u7740\u6025|76\/100|[from] Stealth Rock\n|turn|19\n|\n|t:|1701002917\n|move|p2a: \u4ed9\u5e03\u7740\u6025|Scale Shot|p1a: Kyogre\n|-damage|p1a: Kyogre|80\/100\n|-damage|p1a: Kyogre|65\/100\n|-damage|p1a: Kyogre|51\/100\n|-damage|p1a: Kyogre|35\/100\n|-damage|p1a: Kyogre|21\/100\n|-hitcount|p1a: Kyogre|5\n|-unboost|p2a: \u4ed9\u5e03\u7740\u6025|def|1\n|-boost|p2a: \u4ed9\u5e03\u7740\u6025|spe|1\n|move|p1a: Kyogre|Water Spout|p2a: \u4ed9\u5e03\u7740\u6025\n|-resisted|p2a: \u4ed9\u5e03\u7740\u6025\n|-damage|p2a: \u4ed9\u5e03\u7740\u6025|60\/100\n|\n|-weather|PrimordialSea|[upkeep]\n|upkeep\n|turn|20\n|\n|t:|1701002922\n|-weather|none\n|switch|p1a: Slowbro|Slowbro, M|100\/100 brn\n|move|p2a: \u4ed9\u5e03\u7740\u6025|Earthquake|p1a: Slowbro\n|-damage|p1a: Slowbro|75\/100 brn\n|\n|-damage|p1a: Slowbro|69\/100 brn|[from] brn\n|upkeep\n|turn|21\n|\n|t:|1701002934\n|detailschange|p1a: Slowbro|Slowbro-Mega, M\n|-mega|p1a: Slowbro|Slowbro|Slowbronite\n|move|p2a: \u4ed9\u5e03\u7740\u6025|Scale Shot|p1a: Slowbro\n|-damage|p1a: Slowbro|63\/100 brn\n|-damage|p1a: Slowbro|56\/100 brn\n|-damage|p1a: Slowbro|49\/100 brn\n|-damage|p1a: Slowbro|42\/100 brn\n|-damage|p1a: Slowbro|36\/100 brn\n|-hitcount|p1a: Slowbro|5\n|-unboost|p2a: \u4ed9\u5e03\u7740\u6025|def|1\n|-boost|p2a: \u4ed9\u5e03\u7740\u6025|spe|1\n|move|p1a: Slowbro|Trick Room|p1a: Slowbro\n|-fieldstart|move: Trick Room|[of] p1a: Slowbro\n|\n|-damage|p1a: Slowbro|30\/100 brn|[from] brn\n|upkeep\n|turn|22\n|\n|t:|1701002940\n|move|p2a: \u4ed9\u5e03\u7740\u6025|Scale Shot|p1a: Slowbro\n|-damage|p1a: Slowbro|24\/100 brn\n|-damage|p1a: Slowbro|17\/100 brn\n|-damage|p1a: Slowbro|11\/100 brn\n|-damage|p1a: Slowbro|4\/100 brn\n|-hitcount|p1a: Slowbro|4\n|-unboost|p2a: \u4ed9\u5e03\u7740\u6025|def|1\n|-boost|p2a: \u4ed9\u5e03\u7740\u6025|spe|1\n|move|p1a: Slowbro|Teleport|p1a: Slowbro\n|\n|t:|1701002944\n|switch|p1a: Kyogre|Kyogre-Primal|21\/100|[from] Teleport\n|-weather|PrimordialSea|[from] ability: Primordial Sea|[of] p1a: Kyogre\n|\n|-weather|PrimordialSea|[upkeep]\n|upkeep\n|turn|23\n|\n|t:|1701002949\n|move|p1a: Kyogre|Origin Pulse|p2a: \u4ed9\u5e03\u7740\u6025\n|-resisted|p2a: \u4ed9\u5e03\u7740\u6025\n|-damage|p2a: \u4ed9\u5e03\u7740\u6025|0 fnt\n|faint|p2a: \u4ed9\u5e03\u7740\u6025\n|\n|win|baigu\n|raw|baigu's rating: 1163 &rarr; <strong>1193<\/strong><br \/>(+30 for winning)\n|raw|qazserfvgyujnko's rating: 1234 &rarr; <strong>1204<\/strong><br \/>(-30 for losing)\n|l|\u2606qazserfvgyujnko\n","uploadtime":1701002954,"views":1,"p1id":"baigu","p2id":"qazserfvgyujnko","formatid":"gen9nationaldexubers","rating":1193,"private":0,"password":""}