{"id":"gen9nationaldexubers-1999784267","p1":"pacmaster000","p2":"Gigabot50","format":"[Gen 9] National Dex Ubers","log":"|j|\u2606pacmaster000\n|j|\u2606Gigabot50\n|t:|1701116386\n|gametype|singles\n|player|p1|pacmaster000|acetrainer-gen4dp|1151\n|player|p2|Gigabot50|palmer|1129\n|teamsize|p1|6\n|teamsize|p2|6\n|gen|9\n|tier|[Gen 9] National Dex Ubers\n|rated|\n|rule|HP Percentage Mod: HP is shown in percentages\n|rule|Endless Battle Clause: Forcing endless battles is banned\n|rule|OHKO Clause: OHKO moves are banned\n|rule|Evasion Moves Clause: Evasion moves are banned\n|rule|Evasion Items Clause: Evasion items are banned\n|rule|Species Clause: Limit one of each Pok\u00e9mon\n|rule|Sleep Clause Mod: Limit one foe put to sleep\n|rule|Mega Rayquaza Clause: You cannot mega evolve Rayquaza\n|clearpoke\n|poke|p1|Dragapult, M|\n|poke|p1|Heatran, M|\n|poke|p1|Tyranitar, M|\n|poke|p1|Marshadow|\n|poke|p1|Toxapex, M|\n|poke|p1|Landorus, M|\n|poke|p2|Scizor, F|\n|poke|p2|Golisopod, M|\n|poke|p2|Beedrill, F|\n|poke|p2|Genesect-Douse|\n|poke|p2|Pheromosa|\n|poke|p2|Lokix, M|\n|teampreview\n|inactive|Battle timer is ON: inactive players will automatically lose when time's up. (requested by Gigabot50)\n|\n|t:|1701116391\n|start\n|switch|p1a: Dragapult|Dragapult, M|100\/100\n|switch|p2a: Beedrill|Beedrill, F|100\/100\n|turn|1\n|\n|t:|1701116397\n|move|p1a: Dragapult|Acrobatics|p2a: Beedrill\n|-supereffective|p2a: Beedrill\n|-enditem|p2a: Beedrill|Focus Sash\n|-damage|p2a: Beedrill|1\/100\n|move|p2a: Beedrill|Toxic Spikes|p1a: Dragapult\n|-sidestart|p1: pacmaster000|move: Toxic Spikes\n|\n|upkeep\n|turn|2\n|\n|t:|1701116403\n|move|p1a: Dragapult|U-turn|p2a: Beedrill\n|-resisted|p2a: Beedrill\n|-damage|p2a: Beedrill|0 fnt\n|faint|p2a: Beedrill\n|\n|t:|1701116406\n|switch|p1a: Toxapex|Toxapex, M|100\/100|[from] U-turn\n|-sideend|p1: pacmaster000|move: Toxic Spikes|[of] p1a: Toxapex\n|\n|upkeep\n|\n|t:|1701116425\n|switch|p2a: Bombshell|Genesect-Douse, shiny|100\/100\n|-ability|p2a: Bombshell|Download|boost\n|-boost|p2a: Bombshell|spa|1\n|turn|3\n|\n|t:|1701116430\n|move|p2a: Bombshell|Shift Gear|p2a: Bombshell\n|-boost|p2a: Bombshell|spe|2\n|-boost|p2a: Bombshell|atk|1\n|move|p1a: Toxapex|Scald|p2a: Bombshell\n|-damage|p2a: Bombshell|81\/100\n|-status|p2a: Bombshell|brn\n|\n|-damage|p2a: Bombshell|75\/100 brn|[from] brn\n|upkeep\n|turn|4\n|\n|t:|1701116445\n|move|p2a: Bombshell|Bug Buzz|p1a: Toxapex\n|-resisted|p1a: Toxapex\n|-damage|p1a: Toxapex|68\/100\n|move|p1a: Toxapex|Scald|p2a: Bombshell\n|-damage|p2a: Bombshell|55\/100 brn\n|\n|-heal|p1a: Toxapex|75\/100|[from] item: Black Sludge\n|-damage|p2a: Bombshell|49\/100 brn|[from] brn\n|upkeep\n|turn|5\n|\n|t:|1701116453\n|move|p2a: Bombshell|Bug Buzz|p1a: Toxapex\n|-resisted|p1a: Toxapex\n|-damage|p1a: Toxapex|46\/100\n|move|p1a: Toxapex|Scald|p2a: Bombshell\n|-damage|p2a: Bombshell|29\/100 brn\n|\n|-heal|p1a: Toxapex|52\/100|[from] item: Black Sludge\n|-damage|p2a: Bombshell|23\/100 brn|[from] brn\n|upkeep\n|turn|6\n|\n|t:|1701116462\n|move|p2a: Bombshell|Bug Buzz|p1a: Toxapex\n|-resisted|p1a: Toxapex\n|-damage|p1a: Toxapex|23\/100\n|move|p1a: Toxapex|Recover|p1a: Toxapex\n|-heal|p1a: Toxapex|73\/100\n|\n|-heal|p1a: Toxapex|79\/100|[from] item: Black Sludge\n|-damage|p2a: Bombshell|17\/100 brn|[from] brn\n|upkeep\n|turn|7\n|\n|t:|1701116476\n|move|p2a: Bombshell|Bug Buzz|p1a: Toxapex\n|-resisted|p1a: Toxapex\n|-damage|p1a: Toxapex|47\/100\n|move|p1a: Toxapex|Scald|p2a: Bombshell\n|-damage|p2a: Bombshell|0 fnt\n|faint|p2a: Bombshell\n|\n|-heal|p1a: Toxapex|53\/100|[from] item: Black Sludge\n|upkeep\n|\n|t:|1701116492\n|switch|p2a: Kickback|Lokix, M|100\/100\n|turn|8\n|\n|t:|1701116503\n|move|p2a: Kickback|Throat Chop|p1a: Toxapex\n|-damage|p1a: Toxapex|26\/100\n|-start|p1a: Toxapex|Throat Chop|[silent]\n|-damage|p2a: Kickback|91\/100|[from] item: Life Orb\n|move|p1a: Toxapex|Scald|p2a: Kickback\n|-damage|p2a: Kickback|61\/100\n|\n|-heal|p1a: Toxapex|32\/100|[from] item: Black Sludge\n|upkeep\n|turn|9\n|\n|t:|1701116511\n|move|p2a: Kickback|Swords Dance|p2a: Kickback\n|-boost|p2a: Kickback|atk|2\n|move|p1a: Toxapex|Recover|p1a: Toxapex\n|-heal|p1a: Toxapex|82\/100\n|\n|-heal|p1a: Toxapex|88\/100|[from] item: Black Sludge\n|-end|p1a: Toxapex|Throat Chop|[silent]\n|upkeep\n|turn|10\n|\n|t:|1701116518\n|move|p2a: Kickback|Throat Chop|p1a: Toxapex\n|-damage|p1a: Toxapex|36\/100\n|-start|p1a: Toxapex|Throat Chop|[silent]\n|-damage|p2a: Kickback|51\/100|[from] item: Life Orb\n|move|p1a: Toxapex|Scald|p2a: Kickback\n|-damage|p2a: Kickback|19\/100\n|\n|-heal|p1a: Toxapex|42\/100|[from] item: Black Sludge\n|upkeep\n|turn|11\n|\n|t:|1701116530\n|move|p2a: Kickback|Throat Chop|p1a: Toxapex\n|-damage|p1a: Toxapex|0 fnt\n|faint|p1a: Toxapex\n|-damage|p2a: Kickback|9\/100|[from] item: Life Orb\n|\n|upkeep\n|\n|t:|1701116533\n|switch|p1a: Dragapult|Dragapult, M|100\/100\n|turn|12\n|\n|t:|1701116537\n|move|p1a: Dragapult|Acrobatics|p2a: Kickback\n|-supereffective|p2a: Kickback\n|-damage|p2a: Kickback|0 fnt\n|faint|p2a: Kickback\n|\n|upkeep\n|\n|t:|1701116544\n|switch|p2a: Ragyo|Pheromosa, shiny|100\/100\n|turn|13\n|\n|t:|1701116547\n|move|p2a: Ragyo|Triple Axel|p1a: Dragapult\n|-supereffective|p1a: Dragapult\n|-damage|p1a: Dragapult|73\/100\n|-supereffective|p1a: Dragapult\n|-damage|p1a: Dragapult|20\/100\n|-supereffective|p1a: Dragapult\n|-crit|p1a: Dragapult\n|-damage|p1a: Dragapult|0 fnt\n|faint|p1a: Dragapult\n|-ability|p2a: Ragyo|Beast Boost|boost\n|-boost|p2a: Ragyo|atk|1\n|-hitcount|p1: Dragapult|3\n|-damage|p2a: Ragyo|91\/100|[from] item: Life Orb\n|\n|upkeep\n|\n|t:|1701116555\n|switch|p1a: Landorus|Landorus, M|100\/100\n|turn|14\n|\n|t:|1701116564\n|move|p2a: Ragyo|Triple Axel|p1a: Landorus|[miss]\n|-miss|p2a: Ragyo|p1a: Landorus\n|move|p1a: Landorus|Rock Slide|p2a: Ragyo\n|-damage|p2a: Ragyo|0 fnt\n|faint|p2a: Ragyo\n|\n|upkeep\n|\n|t:|1701116576\n|switch|p2a: Cocytus|Golisopod, M|100\/100\n|turn|15\n|\n|t:|1701116579\n|move|p1a: Landorus|Rock Slide|p2a: Cocytus\n|-supereffective|p2a: Cocytus\n|-damage|p2a: Cocytus|39\/100\n|move|p2a: Cocytus|Liquidation|p1a: Landorus\n|-supereffective|p1a: Landorus\n|-damage|p1a: Landorus|0 fnt\n|faint|p1a: Landorus\n|\n|upkeep\n|\n|t:|1701116594\n|switch|p1a: Tyranitar|Tyranitar, M|100\/100\n|-ability|p1a: Tyranitar|Unnerve\n|turn|16\n|\n|t:|1701116600\n|detailschange|p1a: Tyranitar|Tyranitar-Mega, M\n|-mega|p1a: Tyranitar|Tyranitar|Tyranitarite\n|-weather|Sandstorm|[from] ability: Sand Stream|[of] p1a: Tyranitar\n|move|p1a: Tyranitar|Earthquake|p2a: Cocytus\n|-resisted|p2a: Cocytus\n|-damage|p2a: Cocytus|22\/100\n|move|p2a: Cocytus|Leech Life|p1a: Tyranitar\n|-supereffective|p1a: Tyranitar\n|-damage|p1a: Tyranitar|47\/100\n|-heal|p2a: Cocytus|54\/100|[from] drain|[of] p1a: Tyranitar\n|\n|-weather|Sandstorm|[upkeep]\n|-damage|p2a: Cocytus|48\/100|[from] Sandstorm\n|upkeep\n|-activate|p2a: Cocytus|ability: Emergency Exit\n|\n|t:|1701116614\n|switch|p2a: Ryuko|Scizor, F|100\/100\n|turn|17\n|\n|t:|1701116622\n|-terastallize|p2a: Ryuko|Steel\n|move|p2a: Ryuko|Bullet Punch|p1a: Tyranitar\n|-supereffective|p1a: Tyranitar\n|-damage|p1a: Tyranitar|0 fnt\n|faint|p1a: Tyranitar\n|\n|-weather|Sandstorm|[upkeep]\n|upkeep\n|\n|t:|1701116625\n|switch|p1a: Heatran|Heatran, M|100\/100\n|-item|p1a: Heatran|Air Balloon\n|turn|18\n|\n|t:|1701116631\n|switch|p2a: Cocytus|Golisopod, M|48\/100\n|move|p1a: Heatran|Magma Storm|p2a: Cocytus\n|-damage|p2a: Cocytus|9\/100\n|-activate|p2a: Cocytus|move: Magma Storm|[of] p1a: Heatran\n|\n|-weather|Sandstorm|[upkeep]\n|-damage|p2a: Cocytus|3\/100|[from] Sandstorm\n|-damage|p2a: Cocytus|0 fnt|[from] move: Magma Storm|[partiallytrapped]\n|faint|p2a: Cocytus\n|upkeep\n|\n|t:|1701116641\n|switch|p2a: Ryuko|Scizor, F, tera:Steel|100\/100\n|turn|19\n|\n|t:|1701116644\n|move|p2a: Ryuko|Bullet Punch|p1a: Heatran\n|-resisted|p1a: Heatran\n|-damage|p1a: Heatran|86\/100\n|-enditem|p1a: Heatran|Air Balloon\n|move|p1a: Heatran|Magma Storm|p2a: Ryuko\n|-supereffective|p2a: Ryuko\n|-damage|p2a: Ryuko|0 fnt\n|faint|p2a: Ryuko\n|\n|win|pacmaster000\n|raw|pacmaster000's rating: 1173 &rarr; <strong>1195<\/strong><br \/>(+22 for winning)\n|raw|Gigabot50's rating: 1129 &rarr; <strong>1107<\/strong><br \/>(-22 for losing)\n","uploadtime":1701116648,"views":1,"p1id":"pacmaster000","p2id":"gigabot50","formatid":"gen9nationaldexubers","rating":1107,"private":0,"password":""}