{"id":"gen9nationaldexubers-1989558936","p1":"sparrowthe","p2":"SilverNanotech","format":"[Gen 9] National Dex Ubers","log":"|j|\u2606sparrowthe\n|j|\u2606SilverNanotech\n|t:|1699871157\n|gametype|singles\n|player|p1|sparrowthe|clair|\n|player|p2|SilverNanotech|dahlia|\n|teamsize|p1|6\n|teamsize|p2|6\n|gen|9\n|tier|[Gen 9] National Dex Ubers\n|rule|HP Percentage Mod: HP is shown in percentages\n|rule|Endless Battle Clause: Forcing endless battles is banned\n|rule|OHKO Clause: OHKO moves are banned\n|rule|Evasion Moves Clause: Evasion moves are banned\n|rule|Evasion Items Clause: Evasion items are banned\n|rule|Species Clause: Limit one of each Pok\u00e9mon\n|rule|Sleep Clause Mod: Limit one foe put to sleep\n|rule|Mega Rayquaza Clause: You cannot mega evolve Rayquaza\n|clearpoke\n|poke|p1|Mimikyu, F|\n|poke|p1|Weezing-Galar, F|\n|poke|p1|Iron Valiant|\n|poke|p1|Lunala|\n|poke|p1|Gardevoir, M|\n|poke|p1|Tinkaton, F|\n|poke|p2|Zeraora|\n|poke|p2|Aggron, M|\n|poke|p2|Fezandipiti, M|\n|poke|p2|Articuno-Galar|\n|poke|p2|Zygarde|\n|poke|p2|Ariados, F|\n|teampreview\n|inactive|Battle timer is ON: inactive players will automatically lose when time's up. (requested by SilverNanotech)\n|inactive|sparrowthe also wants the timer to be on.\n|\n|t:|1699871167\n|start\n|switch|p1a: Mimikyu|Mimikyu, F|100\/100\n|switch|p2a: Widowmaker|Ariados, F, shiny|100\/100\n|turn|1\n|\n|t:|1699871184\n|move|p1a: Mimikyu|Swords Dance|p1a: Mimikyu\n|-boost|p1a: Mimikyu|atk|2\n|move|p2a: Widowmaker|Sticky Web|p1a: Mimikyu\n|-sidestart|p1: sparrowthe|move: Sticky Web\n|\n|upkeep\n|turn|2\n|\n|t:|1699871194\n|switch|p2a: Symmetra|Articuno-Galar, shiny|100\/100\n|move|p1a: Mimikyu|Shadow Claw|p2a: Symmetra\n|-supereffective|p2a: Symmetra\n|-damage|p2a: Symmetra|0 fnt\n|faint|p2a: Symmetra\n|\n|upkeep\n|\n|t:|1699871204\n|switch|p2a: Tracer|Zeraora|100\/100\n|turn|3\n|\n|t:|1699871213\n|move|p2a: Tracer|Volt Switch|p1a: Mimikyu\n|-activate|p1a: Mimikyu|ability: Disguise\n|-damage|p1a: Mimikyu|100\/100\n|detailschange|p1a: Mimikyu|Mimikyu-Busted, F\n|-damage|p1a: Mimikyu|88\/100|[from] pokemon: Mimikyu-Busted\n|\n|t:|1699871227\n|switch|p2a: Ramattra|Fezandipiti, M|100\/100|[from] Volt Switch\n|-zpower|p1a: Mimikyu\n|move|p1a: Mimikyu|Let's Snuggle Forever|p2a: Ramattra|[zeffect]\n|-resisted|p2a: Ramattra\n|-damage|p2a: Ramattra|1\/100\n|\n|upkeep\n|turn|4\n|\n|t:|1699871233\n|move|p2a: Ramattra|Sludge Bomb|p1a: Mimikyu\n|-damage|p1a: Mimikyu|49\/100\n|-status|p1a: Mimikyu|tox|[from] ability: Toxic Chain|[of] p2a: Ramattra\n|move|p1a: Mimikyu|Shadow Claw|p2a: Ramattra\n|-damage|p2a: Ramattra|0 fnt\n|faint|p2a: Ramattra\n|\n|-damage|p1a: Mimikyu|43\/100 tox|[from] psn\n|upkeep\n|\n|t:|1699871241\n|switch|p2a: Tracer|Zeraora|100\/100\n|turn|5\n|\n|t:|1699871248\n|move|p2a: Tracer|Volt Switch|p1a: Mimikyu\n|-damage|p1a: Mimikyu|13\/100 tox\n|\n|t:|1699871252\n|switch|p2a: Widowmaker|Ariados, F, shiny|100\/100|[from] Volt Switch\n|move|p1a: Mimikyu|Drain Punch|p2a: Widowmaker\n|-resisted|p2a: Widowmaker\n|-crit|p2a: Widowmaker\n|-damage|p2a: Widowmaker|78\/100\n|-heal|p1a: Mimikyu|26\/100 tox|[from] drain|[of] p2a: Widowmaker\n|\n|-damage|p1a: Mimikyu|14\/100 tox|[from] psn\n|upkeep\n|turn|6\n|\n|t:|1699871261\n|move|p1a: Mimikyu|Shadow Claw|p2a: Widowmaker\n|-damage|p2a: Widowmaker|0 fnt\n|faint|p2a: Widowmaker\n|\n|-damage|p1a: Mimikyu|0 fnt|[from] psn\n|faint|p1a: Mimikyu\n|upkeep\n|\n|t:|1699871271\n|switch|p1a: Weezing|Weezing-Galar, F|100\/100\n|switch|p2a: Reinhardt|Aggron, M, shiny|100\/100\n|turn|7\n|\n|t:|1699871284\n|switch|p1a: Gardevoir|Gardevoir, M|100\/100\n|-activate|p1a: Gardevoir|move: Sticky Web\n|-unboost|p1a: Gardevoir|spe|1\n|-terastallize|p2a: Reinhardt|Steel\n|move|p2a: Reinhardt|Head Smash|p1a: Gardevoir\n|-damage|p1a: Gardevoir|0 fnt\n|faint|p1a: Gardevoir\n|\n|upkeep\n|\n|t:|1699871303\n|switch|p1a: Iron Valiant|Iron Valiant|100\/100\n|-activate|p1a: Iron Valiant|move: Sticky Web\n|-unboost|p1a: Iron Valiant|spe|1\n|-enditem|p1a: Iron Valiant|Booster Energy\n|-activate|p1a: Iron Valiant|ability: Quark Drive|[fromitem]\n|-start|p1a: Iron Valiant|quarkdriveatk\n|turn|8\n|\n|t:|1699871312\n|move|p1a: Iron Valiant|Drain Punch|p2a: Reinhardt\n|-supereffective|p2a: Reinhardt\n|-damage|p2a: Reinhardt|34\/100\n|-enditem|p2a: Reinhardt|Weakness Policy\n|-boost|p2a: Reinhardt|atk|2|[from] item: Weakness Policy\n|-boost|p2a: Reinhardt|spa|2|[from] item: Weakness Policy\n|move|p2a: Reinhardt|Iron Head|p1a: Iron Valiant\n|-supereffective|p1a: Iron Valiant\n|-damage|p1a: Iron Valiant|0 fnt\n|faint|p1a: Iron Valiant\n|-end|p1a: Iron Valiant|Quark Drive|[silent]\n|\n|upkeep\n|\n|t:|1699871318\n|switch|p1a: Tinkaton|Tinkaton, F|100\/100\n|-activate|p1a: Tinkaton|move: Sticky Web\n|-unboost|p1a: Tinkaton|spe|1\n|-ability|p1a: Tinkaton|Mold Breaker\n|turn|9\n|\n|t:|1699871326\n|move|p1a: Tinkaton|Knock Off|p2a: Reinhardt\n|-damage|p2a: Reinhardt|20\/100\n|-damage|p1a: Tinkaton|91\/100|[from] item: Life Orb\n|move|p2a: Reinhardt|Earthquake|p1a: Tinkaton\n|-supereffective|p1a: Tinkaton\n|-damage|p1a: Tinkaton|0 fnt\n|faint|p1a: Tinkaton\n|\n|upkeep\n|\n|t:|1699871329\n|switch|p1a: Weezing|Weezing-Galar, F|100\/100\n|turn|10\n|\n|t:|1699871338\n|move|p1a: Weezing|Flamethrower|p2a: Reinhardt\n|-supereffective|p2a: Reinhardt\n|-damage|p2a: Reinhardt|0 fnt\n|faint|p2a: Reinhardt\n|\n|upkeep\n|\n|t:|1699871344\n|switch|p2a: Tracer|Zeraora|100\/100\n|turn|11\n|\n|t:|1699871354\n|move|p2a: Tracer|Plasma Fists|p1a: Weezing\n|-damage|p1a: Weezing|59\/100\n|-fieldactivate|move: Ion Deluge\n|-hint|Normal-type moves become Electric-type after using Plasma Fists.\n|move|p1a: Weezing|Strange Steam|p2a: Tracer\n|-damage|p2a: Tracer|55\/100\n|\n|upkeep\n|turn|12\n|\n|t:|1699871365\n|move|p2a: Tracer|Plasma Fists|p1a: Weezing\n|-damage|p1a: Weezing|16\/100\n|-fieldactivate|move: Ion Deluge\n|-hint|Normal-type moves become Electric-type after using Plasma Fists.\n|move|p1a: Weezing|Strange Steam|p2a: Tracer\n|-damage|p2a: Tracer|0 fnt\n|faint|p2a: Tracer\n|\n|upkeep\n|\n|t:|1699871372\n|switch|p2a: Echo|Zygarde, shiny|100\/100\n|-ability|p2a: Echo|Aura Break\n|turn|13\n|\n|t:|1699871380\n|move|p2a: Echo|Dragon Dance|p2a: Echo\n|-boost|p2a: Echo|atk|1\n|-boost|p2a: Echo|spe|1\n|move|p1a: Weezing|Strange Steam|p2a: Echo\n|-supereffective|p2a: Echo\n|-damage|p2a: Echo|28\/100\n|\n|upkeep\n|turn|14\n|\n|t:|1699871388\n|move|p2a: Echo|Thousand Arrows|p1a: Weezing\n|-supereffective|p1a: Weezing\n|-damage|p1a: Weezing|0 fnt\n|faint|p1a: Weezing\n|\n|upkeep\n|\n|t:|1699871391\n|switch|p1a: Lunala|Lunala, shiny|100\/100\n|-activate|p1a: Lunala|move: Sticky Web\n|-unboost|p1a: Lunala|spe|1\n|turn|15\n|\n|t:|1699871398\n|-terastallize|p1a: Lunala|Dark\n|move|p2a: Echo|Outrage|p1a: Lunala\n|-crit|p1a: Lunala\n|-damage|p1a: Lunala|42\/100\n|move|p1a: Lunala|Moonblast|p2a: Echo\n|-supereffective|p2a: Echo\n|-damage|p2a: Echo|0 fnt\n|faint|p2a: Echo\n|\n|win|sparrowthe\n|c|\u2606SilverNanotech|Wait-\n|c|\u2606SilverNanotech|You're the Fairy gym\n|c|\u2606SilverNanotech|Why you got a Dark tera?\n","uploadtime":1699871432,"views":25,"p1id":"sparrowthe","p2id":"silvernanotech","formatid":"gen9nationaldexubers","rating":0,"private":0,"password":""}