{"id":"gen9nationaldexubers-1996307496","p1":"i'madragontype","p2":"Shroomfruit","format":"[Gen 9] National Dex Ubers","log":"|j|\u2606i'madragontype\n|j|\u2606Shroomfruit\n|t:|1700669646\n|gametype|singles\n|player|p1|i'madragontype|iris|1049\n|player|p2|Shroomfruit|acerola-masters|1108\n|teamsize|p1|6\n|teamsize|p2|6\n|gen|9\n|tier|[Gen 9] National Dex Ubers\n|rated|\n|rule|HP Percentage Mod: HP is shown in percentages\n|rule|Endless Battle Clause: Forcing endless battles is banned\n|rule|OHKO Clause: OHKO moves are banned\n|rule|Evasion Moves Clause: Evasion moves are banned\n|rule|Evasion Items Clause: Evasion items are banned\n|rule|Species Clause: Limit one of each Pok\u00e9mon\n|rule|Sleep Clause Mod: Limit one foe put to sleep\n|rule|Mega Rayquaza Clause: You cannot mega evolve Rayquaza\n|clearpoke\n|poke|p1|Yveltal|\n|poke|p1|Zygarde|\n|poke|p1|Giratina|\n|poke|p1|Rayquaza|\n|poke|p1|Eternatus|\n|poke|p1|Lugia|\n|poke|p2|Dracovish|\n|poke|p2|Magearna|\n|poke|p2|Iron Bundle|\n|poke|p2|Sandy Shocks|\n|poke|p2|Kartana|\n|poke|p2|Volcarona, F|\n|teampreview\n|c|\u2606i'madragontype|oh yay\n|\n|t:|1700669661\n|start\n|switch|p1a: skelly|Eternatus|100\/100\n|switch|p2a: Sandy Sandwich|Sandy Shocks, shiny|100\/100\n|-ability|p1a: skelly|Pressure\n|-enditem|p2a: Sandy Sandwich|Booster Energy\n|-activate|p2a: Sandy Sandwich|ability: Protosynthesis|[fromitem]\n|-start|p2a: Sandy Sandwich|protosynthesisspe\n|turn|1\n|c|\u2606Shroomfruit|You've gotta be kidding me\n|\n|t:|1700669674\n|move|p2a: Sandy Sandwich|Stealth Rock|p1a: skelly\n|-sidestart|p1: i'madragontype|move: Stealth Rock\n|move|p1a: skelly|Dynamax Cannon|p2a: Sandy Sandwich\n|-damage|p2a: Sandy Sandwich|31\/100\n|-damage|p1a: skelly|91\/100|[from] item: Life Orb\n|\n|upkeep\n|turn|2\n|\n|t:|1700669687\n|move|p2a: Sandy Sandwich|Earth Power|p1a: skelly\n|-supereffective|p1a: skelly\n|-damage|p1a: skelly|19\/100\n|move|p1a: skelly|Dynamax Cannon|p2a: Sandy Sandwich\n|-damage|p2a: Sandy Sandwich|0 fnt\n|faint|p2a: Sandy Sandwich\n|-end|p2a: Sandy Sandwich|Protosynthesis|[silent]\n|-damage|p1a: skelly|9\/100|[from] item: Life Orb\n|\n|upkeep\n|\n|t:|1700669698\n|switch|p2a: Sprite Cranberry|Iron Bundle|100\/100\n|-enditem|p2a: Sprite Cranberry|Booster Energy\n|-activate|p2a: Sprite Cranberry|ability: Quark Drive|[fromitem]\n|-start|p2a: Sprite Cranberry|quarkdrivespe\n|turn|3\n|c|\u2606i'madragontype|:3\n|\n|t:|1700669711\n|move|p2a: Sprite Cranberry|Ice Beam|p1a: skelly\n|-supereffective|p1a: skelly\n|-damage|p1a: skelly|0 fnt\n|faint|p1a: skelly\n|\n|upkeep\n|\n|t:|1700669727\n|switch|p1a: pixles|Zygarde, shiny|100\/100\n|-damage|p1a: pixles|94\/100|[from] Stealth Rock\n|turn|4\n|\n|t:|1700669738\n|-terastallize|p1a: pixles|Fairy\n|move|p2a: Sprite Cranberry|Freeze-Dry|p1a: pixles\n|-damage|p1a: pixles|57\/100\n|-status|p1a: pixles|frz\n|cant|p1a: pixles|frz\n|\n|upkeep\n|turn|5\n|\n|t:|1700669758\n|move|p2a: Sprite Cranberry|Ice Beam|p1a: pixles\n|-crit|p1a: pixles\n|-damage|p1a: pixles|0 fnt\n|faint|p1a: pixles\n|\n|upkeep\n|c|\u2606i'madragontype|AHHHHHHHHHHHHHHHHHHHHHHHHHHHHHHHHHHHHHHHHHHHHHHHHHHHHHHHHHHHHHHHHHHHHHHHHHHHHHHHHHHHHHHHHHHHHHHHHHHHHHHHHHHHHHHHHHHHHHHHHHHHHHHHHHHHHHHHHHHHHHHHHHHHHHJ\n|\n|t:|1700669791\n|switch|p1a: ocean|Lugia|100\/100\n|-damage|p1a: ocean|75\/100|[from] Stealth Rock\n|turn|6\n|\n|t:|1700669802\n|move|p2a: Sprite Cranberry|Ice Beam|p1a: ocean\n|-supereffective|p1a: ocean\n|-damage|p1a: ocean|22\/100\n|move|p1a: ocean|Aeroblast|p2a: Sprite Cranberry\n|-damage|p2a: Sprite Cranberry|36\/100\n|\n|-heal|p1a: ocean|28\/100|[from] item: Leftovers\n|upkeep\n|turn|7\n|\n|t:|1700669818\n|move|p2a: Sprite Cranberry|Ice Beam|p1a: ocean\n|-supereffective|p1a: ocean\n|-damage|p1a: ocean|0 fnt\n|faint|p1a: ocean\n|\n|upkeep\n|c|\u2606Shroomfruit|There's a separate game mode for monotype teams\n|\n|t:|1700669836\n|switch|p1a: tattoos|Yveltal|100\/100\n|-damage|p1a: tattoos|76\/100|[from] Stealth Rock\n|-ability|p1a: tattoos|Dark Aura\n|turn|8\n|\n|t:|1700669848\n|move|p2a: Sprite Cranberry|Ice Beam|p1a: tattoos\n|-supereffective|p1a: tattoos\n|-damage|p1a: tattoos|0 fnt\n|faint|p1a: tattoos\n|\n|upkeep\n|c|\u2606i'madragontype|STTTTTTTTTTTOOOOOOOOOOOOOOOOOOOOOOOOOOOOOOOOOOOPPPPPPPPPPPPPPPPPPPPPPPPPPPPPPPPPPPPPPPPPPPPPPPPPPPPPPPP\n|\n|t:|1700669867\n|switch|p1a: lucifer|Giratina|100\/100\n|-damage|p1a: lucifer|88\/100|[from] Stealth Rock\n|-ability|p1a: lucifer|Pressure\n|turn|9\n|\n|t:|1700669873\n|move|p2a: Sprite Cranberry|Ice Beam|p1a: lucifer\n|-supereffective|p1a: lucifer\n|-damage|p1a: lucifer|38\/100\n|move|p1a: lucifer|Breaking Swipe|p2a: Sprite Cranberry\n|-damage|p2a: Sprite Cranberry|0 fnt\n|faint|p2a: Sprite Cranberry\n|-end|p2a: Sprite Cranberry|Quark Drive|[silent]\n|\n|upkeep\n|\n|t:|1700669893\n|switch|p2a: Swordigami|Kartana|100\/100\n|turn|10\n|\n|t:|1700669907\n|-terastallize|p2a: Swordigami|Dark\n|move|p2a: Swordigami|Knock Off|p1a: lucifer\n|-supereffective|p1a: lucifer\n|-damage|p1a: lucifer|0 fnt\n|-enditem|p1a: lucifer|Griseous Orb|[from] move: Knock Off|[of] p2a: Swordigami\n|faint|p1a: lucifer\n|-ability|p2a: Swordigami|Beast Boost|boost\n|-boost|p2a: Swordigami|atk|1\n|-damage|p2a: Swordigami|90\/100|[from] item: Life Orb\n|\n|upkeep\n|c|\u2606i'madragontype|dxwas;lddddddddddddddddddddddddddddddddddddddddddddddddddddddddddddk3r2jio14'pqojt5ew;ljkruopu35gt4eiwqkrj;l'q;fthv;kt54iupoq3rrradfsu;lllllllllllllllllllllllllllllllll342p9cv.                              dgtrfhvg\n|\n|t:|1700669932\n|switch|p1a: shenron|Rayquaza|100\/100\n|-damage|p1a: shenron|76\/100|[from] Stealth Rock\n|-ability|p1a: shenron|Air Lock\n|turn|11\n|\n|t:|1700669953\n|move|p2a: Swordigami|Knock Off|p1a: shenron\n|-damage|p1a: shenron|0 fnt\n|-enditem|p1a: shenron|Life Orb|[from] move: Knock Off|[of] p2a: Swordigami\n|faint|p1a: shenron\n|-damage|p2a: Swordigami|80\/100|[from] item: Life Orb\n|\n|win|Shroomfruit\n|raw|i&apos;madragontype's rating: 1049 &rarr; <strong>1035<\/strong><br \/>(-14 for losing)\n|raw|Shroomfruit's rating: 1108 &rarr; <strong>1129<\/strong><br \/>(+21 for winning)\n|c|\u2606i'madragontype|GO TO HWEEEEEEEELLL\n|c|\u2606i'madragontype|aaaanddddddd byuuuuurn\n|c|\u2606Shroomfruit|Your entire team is weak to ice\n|c|\u2606i'madragontype|SHUT UP SHUT UP SHUT UP SHUT SUP\n","uploadtime":1700670001,"views":1,"p1id":"imadragontype","p2id":"shroomfruit","formatid":"gen9nationaldexubers","rating":1035,"private":0,"password":""}