{"id":"gen9nationaldexubers-1985840339","p1":"CryAndComplain23","p2":"geeb69","format":"[Gen 9] National Dex Ubers","log":"|j|\u2606CryAndComplain23\n|j|\u203dgeeb69\n|t:|1699411913\n|gametype|singles\n|player|p1|CryAndComplain23|guzma|\n|player|p2|geeb69|ethan|\n|teamsize|p1|6\n|teamsize|p2|6\n|gen|9\n|tier|[Gen 9] National Dex Ubers\n|rule|HP Percentage Mod: HP is shown in percentages\n|rule|Endless Battle Clause: Forcing endless battles is banned\n|rule|OHKO Clause: OHKO moves are banned\n|rule|Evasion Moves Clause: Evasion moves are banned\n|rule|Evasion Items Clause: Evasion items are banned\n|rule|Species Clause: Limit one of each Pok\u00e9mon\n|rule|Sleep Clause Mod: Limit one foe put to sleep\n|rule|Mega Rayquaza Clause: You cannot mega evolve Rayquaza\n|clearpoke\n|poke|p1|Slowking-Galar, M|\n|poke|p1|Zapdos-Galar|\n|poke|p1|Volcarona, F|\n|poke|p1|Kingambit, M|\n|poke|p1|Altaria, M|\n|poke|p1|Corviknight, M|\n|poke|p2|Blacephalon|\n|poke|p2|Manectric, M|\n|poke|p2|Dragonite, M|\n|poke|p2|Slowking, M|\n|poke|p2|Stakataka|\n|poke|p2|Ursaluna, M|\n|teampreview\n|j| poop679\n|\n|t:|1699411940\n|start\n|switch|p1a: Let\u2019s Dance|Zapdos-Galar|100\/100\n|switch|p2a: Slowking|Slowking, M, shiny|100\/100\n|turn|1\n|j| Arod2606\n|\n|t:|1699411954\n|move|p1a: Let\u2019s Dance|Knock Off|p2a: Slowking\n|-supereffective|p2a: Slowking\n|-damage|p2a: Slowking|47\/100\n|-enditem|p2a: Slowking|Leftovers|[from] move: Knock Off|[of] p1a: Let\u2019s Dance\n|move|p2a: Slowking|Scald|p1a: Let\u2019s Dance\n|-damage|p1a: Let\u2019s Dance|71\/100\n|-status|p1a: Let\u2019s Dance|brn\n|\n|-damage|p1a: Let\u2019s Dance|64\/100 brn|[from] brn\n|upkeep\n|turn|2\n|\n|t:|1699411977\n|switch|p1a: Weird and Gilly|Slowking-Galar, M|100\/100\n|switch|p2a: Manectric|Manectric, M, shiny|100\/100\n|\n|upkeep\n|turn|3\n|l|\u2606CryAndComplain23\n|player|p1|\n|j|\u2606CryAndComplain23\n|player|p1|CryAndComplain23|guzma\n|\n|t:|1699412009\n|detailschange|p2a: Manectric|Manectric-Mega, M, shiny\n|-mega|p2a: Manectric|Manectric|Manectite\n|-ability|p2a: Manectric|Intimidate|boost\n|-unboost|p1a: Weird and Gilly|atk|1\n|move|p2a: Manectric|Volt Switch|p1a: Weird and Gilly\n|-damage|p1a: Weird and Gilly|86\/100\n|\n|t:|1699412018\n|switch|p2a: Dragonite|Dragonite, M|100\/100|[from] Volt Switch\n|move|p1a: Weird and Gilly|Future Sight|p2a: Dragonite\n|-start|p1a: Weird and Gilly|move: Future Sight\n|\n|upkeep\n|turn|4\n|\n|t:|1699412027\n|move|p2a: Dragonite|Earthquake|p1a: Weird and Gilly\n|-supereffective|p1a: Weird and Gilly\n|-damage|p1a: Weird and Gilly|13\/100\n|move|p1a: Weird and Gilly|Ice Beam|p2a: Dragonite\n|-supereffective|p2a: Dragonite\n|-damage|p2a: Dragonite|64\/100\n|\n|upkeep\n|turn|5\n|\n|t:|1699412038\n|switch|p1a: Moonage Daydream|Altaria, M|100\/100\n|move|p2a: Dragonite|Extreme Speed|p1a: Moonage Daydream\n|-damage|p1a: Moonage Daydream|66\/100\n|\n|-end|p2a: Dragonite|move: Future Sight\n|-damage|p2a: Dragonite|22\/100\n|upkeep\n|turn|6\n|\n|t:|1699412052\n|detailschange|p1a: Moonage Daydream|Altaria-Mega, M\n|-mega|p1a: Moonage Daydream|Altaria|Altarianite\n|move|p1a: Moonage Daydream|Dragon Dance|p1a: Moonage Daydream\n|-boost|p1a: Moonage Daydream|atk|1\n|-boost|p1a: Moonage Daydream|spe|1\n|move|p2a: Dragonite|Ice Beam|p1a: Moonage Daydream\n|-supereffective|p1a: Moonage Daydream\n|-damage|p1a: Moonage Daydream|23\/100\n|\n|upkeep\n|turn|7\n|\n|t:|1699412063\n|move|p2a: Dragonite|Extreme Speed|p1a: Moonage Daydream\n|-damage|p1a: Moonage Daydream|0 fnt\n|faint|p1a: Moonage Daydream\n|\n|upkeep\n|\n|t:|1699412068\n|switch|p1a: Ashes to Ashes|Volcarona, F|100\/100\n|turn|8\n|\n|t:|1699412077\n|move|p1a: Ashes to Ashes|Quiver Dance|p1a: Ashes to Ashes\n|-boost|p1a: Ashes to Ashes|spa|1\n|-boost|p1a: Ashes to Ashes|spd|1\n|-boost|p1a: Ashes to Ashes|spe|1\n|move|p2a: Dragonite|Earthquake|p1a: Ashes to Ashes\n|-damage|p1a: Ashes to Ashes|46\/100\n|\n|upkeep\n|turn|9\n|\n|t:|1699412083\n|move|p1a: Ashes to Ashes|Bug Buzz|p2a: Dragonite\n|-resisted|p2a: Dragonite\n|-damage|p2a: Dragonite|0 fnt\n|faint|p2a: Dragonite\n|\n|upkeep\n|\n|t:|1699412102\n|switch|p2a: Blacephalon|Blacephalon|100\/100\n|turn|10\n|\n|t:|1699412121\n|move|p1a: Ashes to Ashes|Fiery Dance|p2a: Blacephalon\n|-resisted|p2a: Blacephalon\n|-damage|p2a: Blacephalon|45\/100\n|move|p2a: Blacephalon|Flamethrower|p1a: Ashes to Ashes\n|-damage|p1a: Ashes to Ashes|10\/100\n|\n|upkeep\n|turn|11\n|\n|t:|1699412169\n|move|p1a: Ashes to Ashes|Fiery Dance|p2a: Blacephalon\n|-resisted|p2a: Blacephalon\n|-damage|p2a: Blacephalon|0 fnt\n|-boost|p1a: Ashes to Ashes|spa|1\n|faint|p2a: Blacephalon\n|\n|upkeep\n|\n|t:|1699412181\n|switch|p2a: Stakataka|Stakataka, shiny|100\/100\n|-item|p2a: Stakataka|Air Balloon\n|turn|12\n|\n|t:|1699412205\n|move|p1a: Ashes to Ashes|Fiery Dance|p2a: Stakataka\n|-damage|p2a: Stakataka|15\/100\n|-enditem|p2a: Stakataka|Air Balloon\n|move|p2a: Stakataka|Trick Room|p2a: Stakataka\n|-fieldstart|move: Trick Room|[of] p2a: Stakataka\n|\n|upkeep\n|turn|13\n|\n|t:|1699412249\n|move|p2a: Stakataka|Earthquake|p1a: Ashes to Ashes\n|-damage|p1a: Ashes to Ashes|0 fnt\n|faint|p1a: Ashes to Ashes\n|-ability|p2a: Stakataka|Beast Boost|boost\n|-boost|p2a: Stakataka|def|1\n|\n|upkeep\n|\n|t:|1699412257\n|switch|p1a: Let\u2019s Dance|Zapdos-Galar|64\/100 brn\n|turn|14\n|\n|t:|1699412264\n|move|p2a: Stakataka|Gyro Ball|p1a: Let\u2019s Dance\n|-damage|p1a: Let\u2019s Dance|0 fnt\n|faint|p1a: Let\u2019s Dance\n|-ability|p2a: Stakataka|Beast Boost|boost\n|-boost|p2a: Stakataka|def|1\n|\n|upkeep\n|\n|t:|1699412275\n|switch|p1a: Major Tom|Kingambit, M|100\/100\n|-activate|p1a: Major Tom|ability: Supreme Overlord\n|-start|p1a: Major Tom|fallen3|[silent]\n|turn|15\n|\n|t:|1699412282\n|move|p1a: Major Tom|Sucker Punch|p2a: Stakataka\n|-damage|p2a: Stakataka|0 fnt\n|faint|p2a: Stakataka\n|\n|upkeep\n|\n|t:|1699412296\n|switch|p2a: Ursaluna|Ursaluna, M, shiny|100\/100\n|turn|16\n|\n|t:|1699412320\n|move|p2a: Ursaluna|Fire Punch|p1a: Major Tom\n|-supereffective|p1a: Major Tom\n|-damage|p1a: Major Tom|60\/100\n|move|p1a: Major Tom|Knock Off|p2a: Ursaluna\n|-damage|p2a: Ursaluna|38\/100\n|-enditem|p2a: Ursaluna|Flame Orb|[from] move: Knock Off|[of] p1a: Major Tom\n|\n|-fieldend|move: Trick Room\n|upkeep\n|turn|17\n|\n|t:|1699412333\n|move|p1a: Major Tom|Pursuit|p2a: Ursaluna\n|-damage|p2a: Ursaluna|12\/100\n|move|p2a: Ursaluna|Fire Punch|p1a: Major Tom\n|-supereffective|p1a: Major Tom\n|-damage|p1a: Major Tom|20\/100\n|\n|upkeep\n|turn|18\n|\n|t:|1699412343\n|-end|p1a: Major Tom|fallen3|[silent]\n|switch|p1a: Under Pressure|Corviknight, M, shiny|100\/100\n|move|p2a: Ursaluna|Fire Punch|p1a: Under Pressure\n|-supereffective|p1a: Under Pressure\n|-damage|p1a: Under Pressure|64\/100\n|-damage|p2a: Ursaluna|0 fnt|[from] item: Rocky Helmet|[of] p1a: Under Pressure\n|faint|p2a: Ursaluna\n|\n|upkeep\n|\n|t:|1699412353\n|switch|p2a: Manectric|Manectric-Mega, M, shiny|100\/100\n|-ability|p2a: Manectric|Intimidate|boost\n|-ability|p1a: Under Pressure|Mirror Armor\n|-unboost|p2a: Manectric|atk|1\n|turn|19\n|\n|t:|1699412360\n|move|p2a: Manectric|Volt Switch|p1a: Under Pressure\n|-supereffective|p1a: Under Pressure\n|-damage|p1a: Under Pressure|0 fnt\n|faint|p1a: Under Pressure\n|\n|t:|1699412365\n|switch|p2a: Slowking|Slowking, M, shiny|80\/100|[from] Volt Switch\n|\n|upkeep\n|\n|t:|1699412380\n|switch|p1a: Weird and Gilly|Slowking-Galar, M|46\/100\n|turn|20\n|\n|t:|1699412386\n|move|p1a: Weird and Gilly|Future Sight|p2a: Slowking\n|-start|p1a: Weird and Gilly|move: Future Sight\n|move|p2a: Slowking|Scald|p1a: Weird and Gilly\n|-damage|p1a: Weird and Gilly|36\/100\n|-status|p1a: Weird and Gilly|brn\n|\n|-damage|p1a: Weird and Gilly|29\/100 brn|[from] brn\n|upkeep\n|turn|21\n|\n|t:|1699412409\n|move|p1a: Weird and Gilly|Sludge Wave|p2a: Slowking\n|-damage|p2a: Slowking|52\/100\n|move|p2a: Slowking|Scald|p1a: Weird and Gilly\n|-damage|p1a: Weird and Gilly|18\/100 brn\n|\n|-damage|p1a: Weird and Gilly|12\/100 brn|[from] brn\n|upkeep\n|turn|22\n|\n|t:|1699412416\n|move|p1a: Weird and Gilly|Sludge Wave|p2a: Slowking\n|-damage|p2a: Slowking|22\/100\n|move|p2a: Slowking|Scald|p1a: Weird and Gilly\n|-damage|p1a: Weird and Gilly|0 fnt\n|faint|p1a: Weird and Gilly\n|\n|-end|p2a: Slowking|move: Future Sight\n|-resisted|p2a: Slowking\n|-damage|p2a: Slowking|3\/100\n|upkeep\n|\n|t:|1699412422\n|switch|p1a: Major Tom|Kingambit, M|20\/100\n|-activate|p1a: Major Tom|ability: Supreme Overlord\n|-start|p1a: Major Tom|fallen5|[silent]\n|turn|23\n|\n|t:|1699412437\n|move|p1a: Major Tom|Sucker Punch|p2a: Slowking\n|-supereffective|p2a: Slowking\n|-damage|p2a: Slowking|0 fnt\n|faint|p2a: Slowking\n|\n|upkeep\n|\n|t:|1699412444\n|switch|p2a: Manectric|Manectric-Mega, M, shiny|100\/100\n|-ability|p2a: Manectric|Intimidate|boost\n|-unboost|p1a: Major Tom|atk|1\n|turn|24\n|\n|t:|1699412453\n|move|p1a: Major Tom|Sucker Punch|p2a: Manectric\n|-damage|p2a: Manectric|27\/100\n|move|p2a: Manectric|Flamethrower|p1a: Major Tom\n|-supereffective|p1a: Major Tom\n|-damage|p1a: Major Tom|0 fnt\n|faint|p1a: Major Tom\n|-end|p1a: Major Tom|fallen5|[silent]\n|\n|win|geeb69\n","uploadtime":1699412459,"views":31,"p1id":"cryandcomplain23","p2id":"geeb69","formatid":"gen9nationaldexubers","rating":0,"private":0,"password":""}