{"id":"gen9nationaldexubers-1996702830","p1":"ThtBrklynGuy","p2":"vic_ketchum","format":"[Gen 9] National Dex Ubers","log":"|j|\u2606ThtBrklynGuy\n|j|\u2606vic_ketchum\n|t:|1700711814\n|gametype|singles\n|player|p1|ThtBrklynGuy|shadowtriad|1312\n|player|p2|vic_ketchum|ash-kalos|1272\n|teamsize|p1|6\n|teamsize|p2|6\n|gen|9\n|tier|[Gen 9] National Dex Ubers\n|rated|\n|rule|HP Percentage Mod: HP is shown in percentages\n|rule|Endless Battle Clause: Forcing endless battles is banned\n|rule|OHKO Clause: OHKO moves are banned\n|rule|Evasion Moves Clause: Evasion moves are banned\n|rule|Evasion Items Clause: Evasion items are banned\n|rule|Species Clause: Limit one of each Pok\u00e9mon\n|rule|Sleep Clause Mod: Limit one foe put to sleep\n|rule|Mega Rayquaza Clause: You cannot mega evolve Rayquaza\n|clearpoke\n|poke|p1|Gliscor, M|\n|poke|p1|Heatran, M|\n|poke|p1|Rotom-Wash|\n|poke|p1|Meowscarada, F|\n|poke|p1|Gholdengo|\n|poke|p1|Rayquaza|\n|poke|p2|Mewtwo|\n|poke|p2|Pheromosa|\n|poke|p2|Deoxys|\n|poke|p2|Hydreigon, M|\n|poke|p2|Zoroark, M|\n|poke|p2|Scizor, M|\n|teampreview\n|inactive|Battle timer is ON: inactive players will automatically lose when time's up. (requested by vic_ketchum)\n|\n|t:|1700711826\n|start\n|switch|p1a: Meowscarada|Meowscarada, F, shiny|100\/100\n|switch|p2a: CELL|Pheromosa|100\/100\n|turn|1\n|\n|t:|1700711834\n|move|p2a: CELL|Bug Buzz|p1a: Meowscarada\n|-supereffective|p1a: Meowscarada\n|-damage|p1a: Meowscarada|0 fnt\n|faint|p1a: Meowscarada\n|-ability|p2a: CELL|Beast Boost|boost\n|-boost|p2a: CELL|spe|1\n|\n|upkeep\n|\n|t:|1700711842\n|switch|p1a: Rayquaza|Rayquaza, shiny|100\/100\n|-ability|p1a: Rayquaza|Air Lock\n|turn|2\n|\n|t:|1700711847\n|move|p2a: CELL|Ice Beam|p1a: Rayquaza\n|-supereffective|p1a: Rayquaza\n|-damage|p1a: Rayquaza|0 fnt\n|faint|p1a: Rayquaza\n|-ability|p2a: CELL|Beast Boost|boost\n|-boost|p2a: CELL|spe|1\n|\n|upkeep\n|\n|t:|1700711855\n|switch|p1a: Heatran|Heatran, M, shiny|100\/100\n|turn|3\n|\n|t:|1700711859\n|move|p2a: CELL|Ice Beam|p1a: Heatran\n|-resisted|p1a: Heatran\n|-damage|p1a: Heatran|94\/100\n|move|p1a: Heatran|Magma Storm|p2a: CELL\n|-supereffective|p2a: CELL\n|-enditem|p2a: CELL|Focus Sash\n|-damage|p2a: CELL|1\/100\n|-activate|p2a: CELL|move: Magma Storm|[of] p1a: Heatran\n|\n|-heal|p1a: Heatran|99\/100|[from] item: Leftovers\n|-damage|p2a: CELL|0 fnt|[from] move: Magma Storm|[partiallytrapped]\n|faint|p2a: CELL\n|upkeep\n|\n|t:|1700711871\n|switch|p2a: 1 ESTRELLA|Hydreigon, M|100\/100\n|turn|4\n|\n|t:|1700711877\n|move|p2a: 1 ESTRELLA|Earthquake|p1a: Heatran\n|-supereffective|p1a: Heatran\n|-damage|p1a: Heatran|11\/100\n|move|p1a: Heatran|Stealth Rock|p2a: 1 ESTRELLA\n|-sidestart|p2: vic_ketchum|move: Stealth Rock\n|\n|-heal|p1a: Heatran|17\/100|[from] item: Leftovers\n|upkeep\n|turn|5\n|\n|t:|1700711888\n|switch|p1a: Gliscor|Gliscor, M|100\/100\n|move|p2a: 1 ESTRELLA|Dragon Dance|p2a: 1 ESTRELLA\n|-boost|p2a: 1 ESTRELLA|atk|1\n|-boost|p2a: 1 ESTRELLA|spe|1\n|\n|-status|p1a: Gliscor|tox|[from] item: Toxic Orb\n|upkeep\n|turn|6\n|\n|t:|1700711904\n|move|p2a: 1 ESTRELLA|Draco Meteor|p1a: Gliscor|[miss]\n|-miss|p2a: 1 ESTRELLA|p1a: Gliscor\n|move|p1a: Gliscor|Dual Wingbeat|p2a: 1 ESTRELLA\n|-damage|p2a: 1 ESTRELLA|85\/100\n|-damage|p2a: 1 ESTRELLA|70\/100\n|-hitcount|p2a: 1 ESTRELLA|2\n|\n|upkeep\n|turn|7\n|inactive|ThtBrklynGuy has 120 seconds left.\n|\n|t:|1700711952\n|move|p2a: 1 ESTRELLA|Dark Pulse|p1a: Gliscor\n|-damage|p1a: Gliscor|64\/100 tox\n|cant|p1a: Gliscor|flinch\n|\n|-heal|p1a: Gliscor|77\/100 tox|[from] ability: Poison Heal\n|upkeep\n|turn|8\n|\n|t:|1700711960\n|move|p2a: 1 ESTRELLA|Draco Meteor|p1a: Gliscor\n|-damage|p1a: Gliscor|21\/100 tox\n|-unboost|p2a: 1 ESTRELLA|spa|2\n|move|p1a: Gliscor|Dual Wingbeat|p2a: 1 ESTRELLA\n|-damage|p2a: 1 ESTRELLA|55\/100\n|-damage|p2a: 1 ESTRELLA|42\/100\n|-hitcount|p2a: 1 ESTRELLA|2\n|\n|-heal|p1a: Gliscor|33\/100 tox|[from] ability: Poison Heal\n|upkeep\n|turn|9\n|\n|t:|1700711974\n|move|p2a: 1 ESTRELLA|Dark Pulse|p1a: Gliscor\n|-damage|p1a: Gliscor|16\/100 tox\n|move|p1a: Gliscor|Roost|p1a: Gliscor\n|-heal|p1a: Gliscor|66\/100 tox\n|-singleturn|p1a: Gliscor|move: Roost\n|\n|-heal|p1a: Gliscor|78\/100 tox|[from] ability: Poison Heal\n|upkeep\n|turn|10\n|\n|t:|1700711983\n|move|p2a: 1 ESTRELLA|Dark Pulse|p1a: Gliscor\n|-damage|p1a: Gliscor|60\/100 tox\n|move|p1a: Gliscor|Dual Wingbeat|p2a: 1 ESTRELLA\n|-damage|p2a: 1 ESTRELLA|28\/100\n|-damage|p2a: 1 ESTRELLA|13\/100\n|-hitcount|p2a: 1 ESTRELLA|2\n|\n|-heal|p1a: Gliscor|72\/100 tox|[from] ability: Poison Heal\n|upkeep\n|turn|11\n|\n|t:|1700711993\n|move|p2a: 1 ESTRELLA|Dragon Dance|p2a: 1 ESTRELLA\n|-boost|p2a: 1 ESTRELLA|atk|1\n|-boost|p2a: 1 ESTRELLA|spe|1\n|move|p1a: Gliscor|Roost|p1a: Gliscor\n|-heal|p1a: Gliscor|100\/100 tox\n|-singleturn|p1a: Gliscor|move: Roost\n|\n|upkeep\n|turn|12\n|inactive|ThtBrklynGuy has 120 seconds left.\n|\n|t:|1700712002\n|move|p2a: 1 ESTRELLA|Draco Meteor|p1a: Gliscor\n|-damage|p1a: Gliscor|71\/100 tox\n|-unboost|p2a: 1 ESTRELLA|spa|2\n|move|p1a: Gliscor|Dual Wingbeat|p2a: 1 ESTRELLA\n|-damage|p2a: 1 ESTRELLA|0 fnt\n|faint|p2a: 1 ESTRELLA\n|-hitcount|p2: 1 ESTRELLA|1\n|\n|-heal|p1a: Gliscor|84\/100 tox|[from] ability: Poison Heal\n|upkeep\n|\n|t:|1700712012\n|switch|p2a: FREEZER|Mewtwo|100\/100\n|-damage|p2a: FREEZER|88\/100|[from] Stealth Rock\n|-ability|p2a: FREEZER|Pressure\n|turn|13\n|\n|t:|1700712019\n|move|p2a: FREEZER|Ice Beam|p1a: Gliscor\n|-supereffective|p1a: Gliscor\n|-damage|p1a: Gliscor|0 fnt\n|faint|p1a: Gliscor\n|\n|upkeep\n|\n|t:|1700712025\n|switch|p1a: Gholdengo|Gholdengo, shiny|100\/100\n|turn|14\n|\n|t:|1700712029\n|move|p2a: FREEZER|Flamethrower|p1a: Gholdengo\n|-supereffective|p1a: Gholdengo\n|-damage|p1a: Gholdengo|31\/100\n|move|p1a: Gholdengo|Nasty Plot|p1a: Gholdengo\n|-boost|p1a: Gholdengo|spa|2\n|\n|upkeep\n|turn|15\n|\n|t:|1700712039\n|-terastallize|p1a: Gholdengo|Ghost\n|move|p2a: FREEZER|Thunderbolt|p1a: Gholdengo\n|-damage|p1a: Gholdengo|0 fnt\n|faint|p1a: Gholdengo\n|\n|upkeep\n|\n|t:|1700712046\n|switch|p1a: Rotom|Rotom-Wash|100\/100\n|turn|16\n|\n|t:|1700712049\n|move|p2a: FREEZER|Thunderbolt|p1a: Rotom\n|-damage|p1a: Rotom|67\/100\n|move|p1a: Rotom|Hydro Pump|p2a: FREEZER|[miss]\n|-miss|p1a: Rotom|p2a: FREEZER\n|\n|-heal|p1a: Rotom|73\/100|[from] item: Leftovers\n|upkeep\n|turn|17\n|\n|t:|1700712057\n|move|p2a: FREEZER|Thunderbolt|p1a: Rotom\n|-damage|p1a: Rotom|41\/100\n|move|p1a: Rotom|Hydro Pump|p2a: FREEZER\n|-damage|p2a: FREEZER|49\/100\n|\n|-heal|p1a: Rotom|48\/100|[from] item: Leftovers\n|upkeep\n|turn|18\n|\n|t:|1700712065\n|move|p2a: FREEZER|Poison Jab|p1a: Rotom\n|-damage|p1a: Rotom|30\/100\n|move|p1a: Rotom|Volt Switch|p2a: FREEZER\n|-damage|p2a: FREEZER|22\/100\n|\n|t:|1700712071\n|switch|p1a: Heatran|Heatran, M, shiny|17\/100|[from] Volt Switch\n|\n|-heal|p1a: Heatran|24\/100|[from] item: Leftovers\n|upkeep\n|turn|19\n|\n|t:|1700712079\n|move|p2a: FREEZER|Flamethrower|p1a: Heatran\n|-start|p1a: Heatran|ability: Flash Fire\n|move|p1a: Heatran|Magma Storm|p2a: FREEZER|[miss]\n|-miss|p1a: Heatran|p2a: FREEZER\n|\n|-heal|p1a: Heatran|30\/100|[from] item: Leftovers\n|upkeep\n|turn|20\n|\n|t:|1700712088\n|move|p2a: FREEZER|Thunderbolt|p1a: Heatran\n|-damage|p1a: Heatran|0 fnt\n|faint|p1a: Heatran\n|\n|upkeep\n|\n|t:|1700712092\n|switch|p1a: Rotom|Rotom-Wash|30\/100\n|turn|21\n|-message|ThtBrklynGuy forfeited.\n|\n|win|vic_ketchum\n|raw|ThtBrklynGuy's rating: 1312 &rarr; <strong>1290<\/strong><br \/>(-22 for losing)\n|raw|vic_ketchum's rating: 1272 &rarr; <strong>1300<\/strong><br \/>(+28 for winning)\n|l|\u2606ThtBrklynGuy\n","uploadtime":1700712097,"views":1,"p1id":"thtbrklynguy","p2id":"vicketchum","formatid":"gen9nationaldexubers","rating":1290,"private":0,"password":""}