{"id":"gen9nationaldexubers-1978290943","p1":"Dorimethanol","p2":"ItzLilMario","format":"[Gen 9] National Dex Ubers","log":"|j|\u2606Dorimethanol\n|j|\u2606ItzLilMario\n|t:|1698521520\n|gametype|singles\n|player|p1|Dorimethanol|clerk|1173\n|player|p2|ItzLilMario|nate|1213\n|teamsize|p1|6\n|teamsize|p2|6\n|gen|9\n|tier|[Gen 9] National Dex Ubers\n|rated|\n|rule|HP Percentage Mod: HP is shown in percentages\n|rule|Endless Battle Clause: Forcing endless battles is banned\n|rule|OHKO Clause: OHKO moves are banned\n|rule|Evasion Moves Clause: Evasion moves are banned\n|rule|Evasion Items Clause: Evasion items are banned\n|rule|Species Clause: Limit one of each Pok\u00e9mon\n|rule|Sleep Clause Mod: Limit one foe put to sleep\n|rule|Mega Rayquaza Clause: You cannot mega evolve Rayquaza\n|clearpoke\n|poke|p1|Giratina|\n|poke|p1|Dondozo, M|\n|poke|p1|Chansey, F|\n|poke|p1|Tyranitar, F|\n|poke|p1|Ho-Oh|\n|poke|p1|Mewtwo|\n|poke|p2|Greninja-*, M|\n|poke|p2|Talonflame, F|\n|poke|p2|Aegislash, F|\n|poke|p2|Heliolisk, F|\n|poke|p2|Gogoat, M|\n|poke|p2|Lucario, F|\n|teampreview\n|inactive|Battle timer is ON: inactive players will automatically lose when time's up. (requested by Dorimethanol)\n|\n|t:|1698521535\n|start\n|switch|p1a: Erebus|Tyranitar, F, shiny|100\/100\n|switch|p2a: Lucario|Lucario, F|100\/100\n|-weather|Sandstorm|[from] ability: Sand Stream|[of] p1a: Erebus\n|turn|1\n|\n|t:|1698521539\n|switch|p1a: Helios|Ho-Oh, shiny|100\/100\n|detailschange|p2a: Lucario|Lucario-Mega, F\n|-mega|p2a: Lucario|Lucario|Lucarionite\n|move|p2a: Lucario|Swords Dance|p2a: Lucario\n|-boost|p2a: Lucario|atk|2\n|\n|-weather|Sandstorm|[upkeep]\n|-damage|p1a: Helios|94\/100|[from] Sandstorm\n|upkeep\n|turn|2\n|\n|t:|1698521553\n|switch|p2a: Greninja|Greninja, M|100\/100\n|move|p1a: Helios|Sacred Fire|p2a: Greninja|[miss]\n|-miss|p1a: Helios|p2a: Greninja\n|\n|-weather|Sandstorm|[upkeep]\n|-damage|p2a: Greninja|95\/100|[from] Sandstorm\n|-damage|p1a: Helios|88\/100|[from] Sandstorm\n|upkeep\n|turn|3\n|\n|t:|1698521558\n|switch|p1a: Epione|Chansey, F, shiny|100\/100\n|move|p2a: Greninja|Hydro Pump|p1a: Epione|[miss]\n|-miss|p2a: Greninja|p1a: Epione\n|\n|-weather|Sandstorm|[upkeep]\n|-damage|p2a: Greninja|89\/100|[from] Sandstorm\n|-damage|p1a: Epione|94\/100|[from] Sandstorm\n|upkeep\n|turn|4\n|\n|t:|1698521566\n|switch|p2a: Lucario|Lucario-Mega, F|100\/100\n|move|p1a: Epione|Seismic Toss|p2a: Lucario\n|-damage|p2a: Lucario|65\/100\n|\n|-weather|Sandstorm|[upkeep]\n|-damage|p1a: Epione|88\/100|[from] Sandstorm\n|upkeep\n|turn|5\n|\n|t:|1698521572\n|switch|p1a: Triton|Dondozo, M, shiny|100\/100\n|move|p2a: Lucario|Close Combat|p1a: Triton\n|-damage|p1a: Triton|60\/100\n|-unboost|p2a: Lucario|def|1\n|-unboost|p2a: Lucario|spd|1\n|\n|-weather|none\n|-heal|p1a: Triton|66\/100|[from] item: Leftovers\n|upkeep\n|turn|6\n|\n|t:|1698521581\n|switch|p2a: Heliolisk|Heliolisk, F|100\/100\n|switch|p1a: Chaos|Giratina, shiny|100\/100\n|-ability|p1a: Chaos|Pressure\n|\n|upkeep\n|turn|7\n|\n|t:|1698521585\n|move|p2a: Heliolisk|Dark Pulse|p1a: Chaos\n|-supereffective|p1a: Chaos\n|-crit|p1a: Chaos\n|-damage|p1a: Chaos|35\/100\n|cant|p1a: Chaos|flinch\n|\n|-heal|p1a: Chaos|42\/100|[from] item: Leftovers\n|upkeep\n|turn|8\n|\n|t:|1698521591\n|switch|p1a: Helios|Ho-Oh, shiny|100\/100\n|move|p2a: Heliolisk|Dark Pulse|p1a: Helios\n|-damage|p1a: Helios|80\/100\n|\n|upkeep\n|turn|9\n|\n|t:|1698521597\n|switch|p2a: Greninja|Greninja, M|89\/100\n|switch|p1a: Epione|Chansey, F, shiny|88\/100\n|\n|upkeep\n|turn|10\n|\n|t:|1698521603\n|move|p2a: Greninja|Hydro Pump|p1a: Epione|[miss]\n|-miss|p2a: Greninja|p1a: Epione\n|move|p1a: Epione|Seismic Toss|p2a: Greninja\n|-damage|p2a: Greninja|53\/100\n|\n|upkeep\n|turn|11\n|\n|t:|1698521607\n|switch|p2a: Aegislash|Aegislash, F|100\/100\n|move|p1a: Epione|Confide|p2a: Aegislash\n|-unboost|p2a: Aegislash|spa|1\n|\n|upkeep\n|turn|12\n|\n|t:|1698521610\n|switch|p1a: Erebus|Tyranitar, F, shiny|100\/100\n|-weather|Sandstorm|[from] ability: Sand Stream|[of] p1a: Erebus\n|move|p2a: Aegislash|Swords Dance|p2a: Aegislash\n|-boost|p2a: Aegislash|atk|2\n|\n|-weather|Sandstorm|[upkeep]\n|upkeep\n|turn|13\n|\n|t:|1698521616\n|switch|p1a: Triton|Dondozo, M, shiny|66\/100\n|-formechange|p2a: Aegislash|Aegislash-Blade||[from] ability: Stance Change\n|move|p2a: Aegislash|Iron Head|p1a: Triton\n|-resisted|p1a: Triton\n|-damage|p1a: Triton|55\/100\n|\n|-weather|Sandstorm|[upkeep]\n|-damage|p1a: Triton|49\/100|[from] Sandstorm\n|-heal|p1a: Triton|55\/100|[from] item: Leftovers\n|upkeep\n|turn|14\n|\n|t:|1698521625\n|move|p2a: Aegislash|Shadow Claw|p1a: Triton\n|-damage|p1a: Triton|38\/100\n|move|p1a: Triton|Rest|p1a: Triton\n|-status|p1a: Triton|slp|[from] move: Rest\n|-heal|p1a: Triton|100\/100 slp|[silent]\n|\n|-weather|Sandstorm|[upkeep]\n|-damage|p1a: Triton|94\/100 slp|[from] Sandstorm\n|-heal|p1a: Triton|100\/100 slp|[from] item: Leftovers\n|upkeep\n|turn|15\n|\n|t:|1698521629\n|move|p2a: Aegislash|Swords Dance|p2a: Aegislash\n|-boost|p2a: Aegislash|atk|2\n|cant|p1a: Triton|slp\n|\n|-weather|Sandstorm|[upkeep]\n|-damage|p1a: Triton|94\/100 slp|[from] Sandstorm\n|-heal|p1a: Triton|100\/100 slp|[from] item: Leftovers\n|upkeep\n|turn|16\n|\n|t:|1698521632\n|move|p2a: Aegislash|Swords Dance|p2a: Aegislash\n|-boost|p2a: Aegislash|atk|2\n|cant|p1a: Triton|slp\n|\n|-weather|none\n|upkeep\n|turn|17\n|\n|t:|1698521636\n|-zpower|p2a: Aegislash\n|move|p2a: Aegislash|Never-Ending Nightmare|p1a: Triton|[zeffect]\n|-damage|p1a: Triton|63\/100 slp\n|-curestatus|p1a: Triton|slp|[msg]\n|move|p1a: Triton|Curse|p1a: Triton\n|-unboost|p1a: Triton|spe|1\n|-boost|p1a: Triton|atk|1\n|-boost|p1a: Triton|def|1\n|\n|-heal|p1a: Triton|69\/100|[from] item: Leftovers\n|upkeep\n|turn|18\n|\n|t:|1698521646\n|switch|p2a: Heliolisk|Heliolisk, F|100\/100\n|move|p1a: Triton|Liquidation|p2a: Heliolisk\n|-immune|p2a: Heliolisk|[from] ability: Dry Skin\n|\n|-heal|p1a: Triton|75\/100|[from] item: Leftovers\n|upkeep\n|turn|19\n|c|\u2606ItzLilMario|holy shit\n|c|\u2606ItzLilMario|i never realized how bulky it really is\n|\n|t:|1698521656\n|switch|p1a: Epione|Chansey, F, shiny|88\/100\n|move|p2a: Heliolisk|Thunderbolt|p1a: Epione\n|-damage|p1a: Epione|73\/100\n|\n|upkeep\n|turn|20\n|c|\u2606ItzLilMario|fuck\n|\n|t:|1698521664\n|switch|p2a: Lucario|Lucario-Mega, F|65\/100\n|move|p1a: Epione|Soft-Boiled|p1a: Epione\n|-heal|p1a: Epione|100\/100\n|\n|upkeep\n|turn|21\n|\n|t:|1698521667\n|switch|p1a: Helios|Ho-Oh, shiny|100\/100\n|move|p2a: Lucario|Close Combat|p1a: Helios\n|-resisted|p1a: Helios\n|-damage|p1a: Helios|73\/100\n|-unboost|p2a: Lucario|def|1\n|-unboost|p2a: Lucario|spd|1\n|\n|upkeep\n|turn|22\n|\n|t:|1698521676\n|switch|p2a: Greninja|Greninja, M|53\/100\n|move|p1a: Helios|Sacred Fire|p2a: Greninja\n|-resisted|p2a: Greninja\n|-damage|p2a: Greninja|19\/100\n|\n|upkeep\n|turn|23\n|\n|t:|1698521684\n|switch|p1a: Epione|Chansey, F, shiny|100\/100\n|move|p2a: Greninja|Hydro Pump|p1a: Epione\n|-damage|p1a: Epione|85\/100\n|-damage|p2a: Greninja|9\/100|[from] item: Life Orb\n|\n|upkeep\n|turn|24\n|\n|t:|1698521698\n|switch|p2a: Gogoat|Gogoat, M|100\/100\n|move|p1a: Epione|Seismic Toss|p2a: Gogoat\n|-damage|p2a: Gogoat|78\/100\n|\n|upkeep\n|turn|25\n|\n|t:|1698521703\n|switch|p1a: Helios|Ho-Oh, shiny|100\/100\n|move|p2a: Gogoat|Bulk Up|p2a: Gogoat\n|-boost|p2a: Gogoat|atk|1\n|-boost|p2a: Gogoat|def|1\n|\n|upkeep\n|turn|26\n|\n|t:|1698521707\n|-terastallize|p2a: Gogoat|Water\n|move|p2a: Gogoat|Rock Slide|p1a: Helios\n|-supereffective|p1a: Helios\n|-damage|p1a: Helios|36\/100\n|cant|p1a: Helios|flinch\n|\n|upkeep\n|turn|27\n|\n|t:|1698521724\n|switch|p1a: Triton|Dondozo, M, shiny|75\/100\n|move|p2a: Gogoat|Rock Slide|p1a: Triton\n|-damage|p1a: Triton|67\/100\n|\n|-heal|p1a: Triton|73\/100|[from] item: Leftovers\n|upkeep\n|turn|28\n|\n|t:|1698521730\n|-terastallize|p1a: Triton|Fairy\n|move|p2a: Gogoat|Horn Leech|p1a: Triton\n|-damage|p1a: Triton|62\/100\n|-heal|p2a: Gogoat|85\/100|[from] drain|[of] p1a: Triton\n|move|p1a: Triton|Curse|p1a: Triton\n|-unboost|p1a: Triton|spe|1\n|-boost|p1a: Triton|atk|1\n|-boost|p1a: Triton|def|1\n|\n|-heal|p1a: Triton|68\/100|[from] item: Leftovers\n|upkeep\n|turn|29\n|\n|t:|1698521742\n|switch|p2a: Talonflame|Talonflame, F|100\/100\n|move|p1a: Triton|Avalanche|p2a: Talonflame\n|-damage|p2a: Talonflame|81\/100\n|\n|-heal|p1a: Triton|74\/100|[from] item: Leftovers\n|upkeep\n|turn|30\n|\n|t:|1698521748\n|move|p2a: Talonflame|Will-O-Wisp|p1a: Triton\n|-status|p1a: Triton|brn\n|move|p1a: Triton|Liquidation|p2a: Talonflame\n|-supereffective|p2a: Talonflame\n|-damage|p2a: Talonflame|37\/100\n|\n|-heal|p1a: Triton|80\/100 brn|[from] item: Leftovers\n|-damage|p1a: Triton|74\/100 brn|[from] brn\n|upkeep\n|turn|31\n|\n|t:|1698521754\n|move|p2a: Talonflame|Air Slash|p1a: Triton\n|-damage|p1a: Triton|53\/100 brn\n|move|p1a: Triton|Rest|p1a: Triton\n|-status|p1a: Triton|slp|[from] move: Rest\n|-heal|p1a: Triton|100\/100 slp|[silent]\n|\n|upkeep\n|turn|32\n|\n|t:|1698521768\n|switch|p1a: Helios|Ho-Oh, shiny|69\/100\n|move|p2a: Talonflame|Roost|p2a: Talonflame\n|-heal|p2a: Talonflame|87\/100\n|-singleturn|p2a: Talonflame|move: Roost\n|\n|upkeep\n|turn|33\n|\n|t:|1698521772\n|move|p2a: Talonflame|Air Slash|p1a: Helios\n|-damage|p1a: Helios|58\/100\n|move|p1a: Helios|Toxic|p2a: Talonflame\n|-status|p2a: Talonflame|tox\n|\n|-damage|p2a: Talonflame|80\/100 tox|[from] psn\n|upkeep\n|turn|34\n|\n|t:|1698521781\n|switch|p2a: Greninja|Greninja, M|9\/100\n|switch|p1a: Chaos|Giratina, shiny|42\/100\n|-ability|p1a: Chaos|Pressure\n|\n|-heal|p1a: Chaos|48\/100|[from] item: Leftovers\n|upkeep\n|turn|35\n|\n|t:|1698521787\n|switch|p1a: Epione|Chansey, F, shiny|85\/100\n|move|p2a: Greninja|Dark Pulse|p1a: Epione\n|-damage|p1a: Epione|73\/100\n|-damage|p2a: Greninja|0 fnt|[from] item: Life Orb\n|faint|p2a: Greninja\n|\n|upkeep\n|c|\u2606ItzLilMario|i hate your team\n|c|\u2606ItzLilMario|lmao\n|\n|t:|1698521802\n|switch|p2a: Aegislash|Aegislash, F|100\/100\n|turn|36\n|\n|t:|1698521807\n|switch|p1a: Helios|Ho-Oh, shiny|91\/100\n|-formechange|p2a: Aegislash|Aegislash-Blade||[from] ability: Stance Change\n|move|p2a: Aegislash|Iron Head|p1a: Helios\n|-resisted|p1a: Helios\n|-damage|p1a: Helios|76\/100\n|\n|upkeep\n|turn|37\n|\n|t:|1698521816\n|move|p2a: Aegislash|Shadow Claw|p1a: Helios\n|-damage|p1a: Helios|47\/100\n|move|p1a: Helios|Sacred Fire|p2a: Aegislash\n|-supereffective|p2a: Aegislash\n|-damage|p2a: Aegislash|0 fnt\n|faint|p2a: Aegislash\n|\n|upkeep\n|\n|t:|1698521821\n|switch|p2a: Heliolisk|Heliolisk, F|100\/100\n|turn|38\n|\n|t:|1698521825\n|switch|p1a: Epione|Chansey, F, shiny|73\/100\n|move|p2a: Heliolisk|Thunderbolt|p1a: Epione\n|-damage|p1a: Epione|57\/100\n|\n|upkeep\n|turn|39\n|\n|t:|1698521831\n|switch|p2a: Gogoat|Gogoat, M, tera:Water|85\/100\n|move|p1a: Epione|Soft-Boiled|p1a: Epione\n|-heal|p1a: Epione|100\/100\n|\n|upkeep\n|turn|40\n|\n|t:|1698521837\n|switch|p1a: Triton|Dondozo, M, shiny, tera:Fairy|100\/100 slp\n|move|p2a: Gogoat|Bulk Up|p2a: Gogoat\n|-boost|p2a: Gogoat|atk|1\n|-boost|p2a: Gogoat|def|1\n|\n|upkeep\n|turn|41\n|\n|t:|1698521844\n|move|p2a: Gogoat|Horn Leech|p1a: Triton\n|-damage|p1a: Triton|89\/100 slp\n|-heal|p2a: Gogoat|91\/100|[from] drain|[of] p1a: Triton\n|cant|p1a: Triton|slp\n|\n|-heal|p1a: Triton|95\/100 slp|[from] item: Leftovers\n|upkeep\n|turn|42\n|-message|ItzLilMario forfeited.\n|\n|win|Dorimethanol\n|raw|Dorimethanol's rating: 1173 &rarr; <strong>1201<\/strong><br \/>(+28 for winning)\n|raw|ItzLilMario's rating: 1213 &rarr; <strong>1185<\/strong><br \/>(-28 for losing)\n|l|\u2606ItzLilMario\n|l|\u2606Dorimethanol\n|j| BillCry\n|l| BillCry\n|j|\u2606Dorimethanol\n|player|p1|Dorimethanol|clerk\n","uploadtime":1698522268,"views":9,"p1id":"dorimethanol","p2id":"itzlilmario","formatid":"gen9nationaldexubers","rating":1185,"private":0,"password":""}