{"id":"gen9nationaldexubers-1982277829","p1":"Steven Stone 007","p2":"Just B3A$T","format":"[Gen 9] National Dex Ubers","log":"|j|\u2606Steven Stone 007\n|j|\u2606Just B3A$T\n|t:|1698988682\n|gametype|singles\n|player|p1|Steven Stone 007|steven|\n|player|p2|Just B3A$T|bruno|\n|teamsize|p1|6\n|teamsize|p2|6\n|gen|9\n|tier|[Gen 9] National Dex Ubers\n|rule|HP Percentage Mod: HP is shown in percentages\n|rule|Endless Battle Clause: Forcing endless battles is banned\n|rule|OHKO Clause: OHKO moves are banned\n|rule|Evasion Moves Clause: Evasion moves are banned\n|rule|Evasion Items Clause: Evasion items are banned\n|rule|Species Clause: Limit one of each Pok\u00e9mon\n|rule|Sleep Clause Mod: Limit one foe put to sleep\n|rule|Mega Rayquaza Clause: You cannot mega evolve Rayquaza\n|clearpoke\n|poke|p1|Landorus-Therian, M|\n|poke|p1|Groudon|\n|poke|p1|Hippowdon, F|\n|poke|p1|Excadrill, M|\n|poke|p1|Great Tusk|\n|poke|p1|Roaring Moon|\n|poke|p2|Iron Valiant|\n|poke|p2|Gholdengo|\n|poke|p2|Sableye, M|\n|poke|p2|Conkeldurr, M|\n|poke|p2|Zapdos|\n|poke|p2|Toxapex, F|\n|teampreview\n|inactive|Battle timer is ON: inactive players will automatically lose when time's up. (requested by Just B3A$T)\n|inactive|Just B3A$T has 270 seconds left.\n|c|\u2606Just B3A$T|glhf ig\n|c|\u2606Steven Stone 007|Double weather\n|\n|t:|1698988720\n|start\n|switch|p1a: Groudon|Groudon|100\/100\n|switch|p2a: bolt beak!!!|Zapdos|100\/100\n|-weather|SunnyDay|[from] ability: Drought|[of] p1a: Groudon\n|turn|1\n|c|\u2606Steven Stone 007|Which one you like\n|c|\u2606Just B3A$T|sun\n|c|\u2606Just B3A$T|ig\n|\n|t:|1698988733\n|move|p2a: bolt beak!!!|Hurricane|p1a: Groudon|[miss]\n|-miss|p2a: bolt beak!!!|p1a: Groudon\n|move|p1a: Groudon|Rock Polish|p1a: Groudon\n|-boost|p1a: Groudon|spe|2\n|\n|-weather|SunnyDay|[upkeep]\n|upkeep\n|turn|2\n|c|\u2606Just B3A$T|right\n|\n|t:|1698988757\n|switch|p2a: Conkeldurr|Conkeldurr, M|100\/100\n|move|p1a: Groudon|Swords Dance|p1a: Groudon\n|-boost|p1a: Groudon|atk|2\n|\n|-weather|SunnyDay|[upkeep]\n|upkeep\n|turn|3\n|\n|t:|1698988766\n|-terastallize|p1a: Groudon|Fire\n|move|p1a: Groudon|Heat Crash|p2a: Conkeldurr\n|-damage|p2a: Conkeldurr|0 fnt\n|faint|p2a: Conkeldurr\n|\n|-weather|SunnyDay|[upkeep]\n|upkeep\n|c|\u2606Just B3A$T|damn\n|c|\u2606Just B3A$T|hmmm\n|inactive|Just B3A$T has 270 seconds left.\n|c|\u2606Steven Stone 007|Ace is Ace\n|\n|t:|1698988806\n|switch|p2a: pest|Toxapex, F|100\/100\n|turn|4\n|\n|t:|1698988813\n|-terastallize|p2a: pest|Grass\n|move|p1a: Groudon|Precipice Blades|p2a: pest\n|-resisted|p2a: pest\n|-damage|p2a: pest|52\/100\n|move|p2a: pest|Scald|p1a: Groudon\n|-supereffective|p1a: Groudon\n|-damage|p1a: Groudon|84\/100\n|\n|-weather|SunnyDay|[upkeep]\n|-heal|p1a: Groudon|90\/100|[from] item: Leftovers\n|-damage|p2a: pest|40\/100|[from] item: Black Sludge\n|upkeep\n|turn|5\n|\n|t:|1698988818\n|switch|p2a: Profit!|Gholdengo|100\/100\n|-item|p2a: Profit!|Air Balloon\n|move|p1a: Groudon|Heat Crash|p2a: Profit!\n|-supereffective|p2a: Profit!\n|-damage|p2a: Profit!|0 fnt\n|-enditem|p2a: Profit!|Air Balloon\n|faint|p2a: Profit!\n|\n|-weather|none\n|-heal|p1a: Groudon|96\/100|[from] item: Leftovers\n|upkeep\n|\n|t:|1698988822\n|switch|p2a: bolt beak!!!|Zapdos|100\/100\n|turn|6\n|\n|t:|1698988826\n|move|p1a: Groudon|Heat Crash|p2a: bolt beak!!!\n|-damage|p2a: bolt beak!!!|0 fnt\n|faint|p2a: bolt beak!!!\n|\n|-heal|p1a: Groudon|100\/100|[from] item: Leftovers\n|upkeep\n|inactive|Just B3A$T has 270 seconds left.\n|c|\u2606Just B3A$T|it's really over that quick\n|c|\u2606Just B3A$T|wow\n|\n|t:|1698988844\n|switch|p2a: pest|Toxapex, F, tera:Grass|73\/100\n|turn|7\n|inactive|Just B3A$T has 270 seconds left.\n|\n|t:|1698988849\n|move|p1a: Groudon|Heat Crash|p2a: pest\n|-supereffective|p2a: pest\n|-damage|p2a: pest|0 fnt\n|faint|p2a: pest\n|\n|upkeep\n|\n|t:|1698988851\n|switch|p2a: Fear|Sableye, M|100\/100\n|turn|8\n|\n|t:|1698988855\n|move|p1a: Groudon|Heat Crash|p2a: Fear\n|-damage|p2a: Fear|0 fnt\n|faint|p2a: Fear\n|\n|upkeep\n|\n|t:|1698988857\n|switch|p2a: Iron Pride Icon|Iron Valiant, shiny|100\/100\n|-enditem|p2a: Iron Pride Icon|Booster Energy\n|-activate|p2a: Iron Pride Icon|ability: Quark Drive|[fromitem]\n|-start|p2a: Iron Pride Icon|quarkdrivespe\n|turn|9\n|\n|t:|1698988862\n|move|p1a: Groudon|Heat Crash|p2a: Iron Pride Icon\n|-damage|p2a: Iron Pride Icon|0 fnt\n|faint|p2a: Iron Pride Icon\n|-end|p2a: Iron Pride Icon|Quark Drive|[silent]\n|\n|win|Steven Stone 007\n|c|\u2606Just B3A$T|fuck\n|c|\u2606Just B3A$T|i need to prep more\n","uploadtime":1698988865,"views":10,"p1id":"stevenstone007","p2id":"justb3at","formatid":"gen9nationaldexubers","rating":0,"private":0,"password":""}