{"id":"gen9nationaldexubers-1993583156","p1":"Minaisok","p2":"insanejokester","format":"[Gen 9] National Dex Ubers","log":"|j|\u2606Minaisok\n|j|\u2606insanejokester\n|t:|1700334291\n|gametype|singles\n|player|p1|Minaisok|mars|1192\n|player|p2|insanejokester|flannery|1145\n|teamsize|p1|6\n|teamsize|p2|6\n|gen|9\n|tier|[Gen 9] National Dex Ubers\n|rated|\n|rule|HP Percentage Mod: HP is shown in percentages\n|rule|Endless Battle Clause: Forcing endless battles is banned\n|rule|OHKO Clause: OHKO moves are banned\n|rule|Evasion Moves Clause: Evasion moves are banned\n|rule|Evasion Items Clause: Evasion items are banned\n|rule|Species Clause: Limit one of each Pok\u00e9mon\n|rule|Sleep Clause Mod: Limit one foe put to sleep\n|rule|Mega Rayquaza Clause: You cannot mega evolve Rayquaza\n|clearpoke\n|poke|p1|Ferrothorn, F|\n|poke|p1|Iron Valiant|\n|poke|p1|Tapu Koko|\n|poke|p1|Raichu-Alola, F|\n|poke|p1|Ho-Oh|\n|poke|p1|Toxapex, M|\n|poke|p2|Darmanitan-Galar, F|\n|poke|p2|Corsola-Galar, F|\n|poke|p2|Chansey, F|\n|poke|p2|Shaymin-Sky|\n|poke|p2|Arceus-Steel|\n|poke|p2|Charizard, M|\n|teampreview\n|c|\u2606Minaisok|Glhf\n|\n|t:|1700334304\n|start\n|switch|p1a: Tapu Koko|Tapu Koko, shiny|100\/100\n|switch|p2a: Charizard|Charizard, M|100\/100\n|-fieldstart|move: Electric Terrain|[from] ability: Electric Surge|[of] p1a: Tapu Koko\n|turn|1\n|c|\u2606insanejokester|u too m8\n|\n|t:|1700334319\n|switch|p2a: Chansey|Chansey, F|100\/100\n|move|p1a: Tapu Koko|Thunderbolt|p2a: Chansey\n|-damage|p2a: Chansey|89\/100\n|\n|upkeep\n|turn|2\n|\n|t:|1700334331\n|move|p1a: Tapu Koko|Taunt|p2a: Chansey\n|-start|p2a: Chansey|move: Taunt\n|cant|p2a: Chansey|move: Taunt|Stealth Rock\n|\n|upkeep\n|turn|3\n|\n|t:|1700334336\n|move|p1a: Tapu Koko|Volt Switch|p2a: Chansey\n|-damage|p2a: Chansey|80\/100\n|\n|t:|1700334339\n|switch|p1a: Iron Valiant|Iron Valiant|100\/100|[from] Volt Switch\n|-activate|p1a: Iron Valiant|ability: Quark Drive\n|-start|p1a: Iron Valiant|quarkdrivespe\n|move|p2a: Chansey|Seismic Toss|p1a: Iron Valiant\n|-damage|p1a: Iron Valiant|66\/100\n|\n|upkeep\n|turn|4\n|\n|t:|1700334350\n|switch|p2a: Corsola|Corsola-Galar, F|100\/100\n|move|p1a: Iron Valiant|Knock Off|p2a: Corsola\n|-supereffective|p2a: Corsola\n|-damage|p2a: Corsola|49\/100\n|-start|p1a: Iron Valiant|Disable|Knock Off|[from] ability: Cursed Body|[of] p2a: Corsola\n|-enditem|p2a: Corsola|Eviolite|[from] move: Knock Off|[of] p1a: Iron Valiant\n|\n|upkeep\n|turn|5\n|\n|t:|1700334366\n|-end|p1a: Iron Valiant|Quark Drive|[silent]\n|switch|p1a: Ho-Oh|Ho-Oh|100\/100\n|move|p2a: Corsola|Strength Sap|p1a: Ho-Oh\n|-unboost|p1a: Ho-Oh|atk|1\n|-heal|p2a: Corsola|100\/100\n|\n|upkeep\n|turn|6\n|\n|t:|1700334383\n|move|p1a: Ho-Oh|Toxic|p2a: Corsola\n|-status|p2a: Corsola|tox\n|move|p2a: Corsola|Night Shade|p1a: Ho-Oh\n|-damage|p1a: Ho-Oh|76\/100\n|\n|-heal|p1a: Ho-Oh|83\/100|[from] item: Leftovers\n|-damage|p2a: Corsola|94\/100 tox|[from] psn\n|upkeep\n|turn|7\n|\n|t:|1700334398\n|switch|p1a: Toxapex|Toxapex, M, shiny|100\/100\n|switch|p2a: Arceus|Arceus-Steel|100\/100\n|\n|upkeep\n|turn|8\n|\n|t:|1700334408\n|move|p2a: Arceus|Iron Defense|p2a: Arceus\n|-boost|p2a: Arceus|def|2\n|move|p1a: Toxapex|Scald|p2a: Arceus\n|-damage|p2a: Arceus|89\/100\n|\n|-fieldend|move: Electric Terrain\n|upkeep\n|turn|9\n|c|\u2606Minaisok|Body press?\n|c|\u2606insanejokester|hmm\n|\n|t:|1700334426\n|move|p2a: Arceus|Calm Mind|p2a: Arceus\n|-boost|p2a: Arceus|spa|1\n|-boost|p2a: Arceus|spd|1\n|move|p1a: Toxapex|Scald|p2a: Arceus\n|-damage|p2a: Arceus|82\/100\n|-status|p2a: Arceus|brn\n|\n|-damage|p2a: Arceus|76\/100 brn|[from] brn\n|upkeep\n|turn|10\n|\n|t:|1700334436\n|move|p2a: Arceus|Calm Mind|p2a: Arceus\n|-boost|p2a: Arceus|spa|1\n|-boost|p2a: Arceus|spd|1\n|move|p1a: Toxapex|Haze|p1a: Toxapex\n|-clearallboost\n|\n|-damage|p2a: Arceus|70\/100 brn|[from] brn\n|upkeep\n|turn|11\n|\n|t:|1700334448\n|switch|p2a: Charizard|Charizard, M|100\/100\n|move|p1a: Toxapex|Scald|p2a: Charizard\n|-supereffective|p2a: Charizard\n|-damage|p2a: Charizard|58\/100\n|\n|upkeep\n|turn|12\n|\n|t:|1700334455\n|detailschange|p2a: Charizard|Charizard-Mega-Y, M\n|-mega|p2a: Charizard|Charizard|Charizardite Y\n|-weather|SunnyDay|[from] ability: Drought|[of] p2a: Charizard\n|move|p2a: Charizard|Solar Beam||[still]\n|-prepare|p2a: Charizard|Solar Beam\n|-anim|p2a: Charizard|Solar Beam|p1a: Toxapex\n|-damage|p1a: Toxapex|64\/100\n|move|p1a: Toxapex|Scald|p2a: Charizard\n|-supereffective|p2a: Charizard\n|-damage|p2a: Charizard|41\/100\n|\n|-weather|SunnyDay|[upkeep]\n|-heal|p1a: Toxapex|70\/100|[from] item: Black Sludge\n|upkeep\n|turn|13\n|\n|t:|1700334472\n|move|p2a: Charizard|Flamethrower|p1a: Toxapex\n|-resisted|p1a: Toxapex\n|-crit|p1a: Toxapex\n|-damage|p1a: Toxapex|18\/100\n|move|p1a: Toxapex|Recover|p1a: Toxapex\n|-heal|p1a: Toxapex|68\/100\n|\n|-weather|SunnyDay|[upkeep]\n|-heal|p1a: Toxapex|74\/100|[from] item: Black Sludge\n|upkeep\n|turn|14\n|-message|insanejokester forfeited.\n|\n|win|Minaisok\n|raw|Minaisok's rating: 1192 &rarr; <strong>1214<\/strong><br \/>(+22 for winning)\n|raw|insanejokester's rating: 1145 &rarr; <strong>1123<\/strong><br \/>(-22 for losing)\n|l|\u2606insanejokester\n","uploadtime":1700334490,"views":13,"p1id":"minaisok","p2id":"insanejokester","formatid":"gen9nationaldexubers","rating":1123,"private":0,"password":""}