{"id":"gen9nationaldexubers-1986128402","p1":"Penter","p2":"RUMYMOME","format":"[Gen 9] National Dex Ubers","log":"|j|\u2606Penter\n|j|\u2606RUMYMOME\n|inactive|Battle timer is ON: inactive players will automatically lose when time's up.\n|t:|1699452928\n|gametype|singles\n|player|p1|Penter|n|\n|player|p2|RUMYMOME|marshal|\n|teamsize|p1|6\n|teamsize|p2|6\n|gen|9\n|tier|[Gen 9] National Dex Ubers\n|rated|Tournament battle\n|rule|HP Percentage Mod: HP is shown in percentages\n|rule|Endless Battle Clause: Forcing endless battles is banned\n|rule|OHKO Clause: OHKO moves are banned\n|rule|Evasion Moves Clause: Evasion moves are banned\n|rule|Evasion Items Clause: Evasion items are banned\n|rule|Species Clause: Limit one of each Pok\u00e9mon\n|rule|Sleep Clause Mod: Limit one foe put to sleep\n|rule|Mega Rayquaza Clause: You cannot mega evolve Rayquaza\n|clearpoke\n|poke|p1|Kyurem-White|\n|poke|p1|Zygarde-Complete|\n|poke|p1|Mewtwo-Mega-X|\n|poke|p1|Necrozma-Dusk-Mane|\n|poke|p1|Arceus-Ground|\n|poke|p1|Yveltal|\n|poke|p2|Kommo-o, M|\n|poke|p2|Kyogre-Primal|\n|poke|p2|Xerneas-*|\n|poke|p2|Aerodactyl-Mega, M|\n|poke|p2|Blaziken-Mega, F|\n|poke|p2|Zacian-Crowned|\n|teampreview\n|j|*Lady Monita \u263d\n|inactive|Penter has 120 seconds left.\n|inactive|RUMYMOME has 120 seconds left.\n|\n|t:|1699452969\n|start\n|switch|p1a: Kyurem|Kyurem-White|100\/100\n|switch|p2a: Zacian|Zacian-Crowned|100\/100\n|-ability|p2a: Zacian|Intrepid Sword|boost\n|-boost|p2a: Zacian|atk|1\n|-ability|p1a: Kyurem|Turboblaze\n|turn|1\n|\n|t:|1699452986\n|switch|p1a: Necrozma|Necrozma-Dusk-Mane|100\/100\n|move|p2a: Zacian|Behemoth Blade|p1a: Necrozma\n|-resisted|p1a: Necrozma\n|-damage|p1a: Necrozma|77\/100\n|\n|upkeep\n|turn|2\n|\n|t:|1699452992\n|move|p2a: Zacian|Swords Dance|p2a: Zacian\n|-boost|p2a: Zacian|atk|2\n|move|p1a: Necrozma|Thunder Wave|p2a: Zacian\n|-status|p2a: Zacian|par\n|\n|upkeep\n|turn|3\n|\n|t:|1699453018\n|move|p2a: Zacian|Close Combat|p1a: Necrozma\n|-damage|p1a: Necrozma|13\/100\n|-unboost|p2a: Zacian|def|1\n|-unboost|p2a: Zacian|spd|1\n|move|p1a: Necrozma|Stealth Rock|p2a: Zacian\n|-sidestart|p2: RUMYMOME|move: Stealth Rock\n|\n|upkeep\n|turn|4\n|inactive|Penter has 120 seconds left.\n|\n|t:|1699453037\n|cant|p2a: Zacian|par\n|move|p1a: Necrozma|Morning Sun|p1a: Necrozma\n|-heal|p1a: Necrozma|63\/100\n|\n|upkeep\n|turn|5\n|\n|t:|1699453042\n|move|p2a: Zacian|Close Combat|p1a: Necrozma\n|-damage|p1a: Necrozma|1\/100\n|-unboost|p2a: Zacian|def|1\n|-unboost|p2a: Zacian|spd|1\n|move|p1a: Necrozma|Sunsteel Strike|p2a: Zacian\n|-enditem|p2a: Zacian|Focus Sash\n|-damage|p2a: Zacian|1\/100 par\n|\n|upkeep\n|turn|6\n|\n|t:|1699453048\n|move|p2a: Zacian|Behemoth Blade|p1a: Necrozma\n|-resisted|p1a: Necrozma\n|-damage|p1a: Necrozma|0 fnt\n|faint|p1a: Necrozma\n|\n|upkeep\n|\n|t:|1699453063\n|switch|p1a: Arceus|Arceus-Ground|100\/100\n|-start|p1a: Arceus|typechange|Normal|[silent]\n|turn|7\n|\n|t:|1699453072\n|move|p1a: Arceus|Earthquake|p2a: Zacian\n|-supereffective|p2a: Zacian\n|-damage|p2a: Zacian|0 fnt\n|faint|p2a: Zacian\n|\n|upkeep\n|\n|t:|1699453083\n|switch|p2a: Kommo-o|Kommo-o, M|100\/100\n|-damage|p2a: Kommo-o|94\/100|[from] Stealth Rock\n|turn|8\n|\n|t:|1699453107\n|move|p1a: Arceus|Thunder Wave|p2a: Kommo-o\n|-status|p2a: Kommo-o|par\n|cant|p2a: Kommo-o|par\n|\n|upkeep\n|turn|9\n|\n|t:|1699453113\n|move|p1a: Arceus|Dragon Dance|p1a: Arceus\n|-boost|p1a: Arceus|atk|1\n|-boost|p1a: Arceus|spe|1\n|cant|p2a: Kommo-o|par\n|\n|upkeep\n|turn|10\n|\n|t:|1699453120\n|move|p1a: Arceus|Earthquake|p2a: Kommo-o\n|-damage|p2a: Kommo-o|41\/100 par\n|-zpower|p2a: Kommo-o\n|move|p2a: Kommo-o|Clangorous Soulblaze|p1a: Arceus|[zeffect]\n|-damage|p1a: Arceus|41\/100\n|-boost|p2a: Kommo-o|atk|1\n|-boost|p2a: Kommo-o|def|1\n|-boost|p2a: Kommo-o|spa|1\n|-boost|p2a: Kommo-o|spd|1\n|-boost|p2a: Kommo-o|spe|1\n|\n|-heal|p1a: Arceus|47\/100|[from] item: Leftovers\n|upkeep\n|turn|11\n|\n|t:|1699453131\n|move|p1a: Arceus|Extreme Speed|p2a: Kommo-o\n|-damage|p2a: Kommo-o|2\/100 par\n|move|p2a: Kommo-o|Aura Sphere|p1a: Arceus\n|-supereffective|p1a: Arceus\n|-crit|p1a: Arceus\n|-damage|p1a: Arceus|0 fnt\n|faint|p1a: Arceus\n|\n|upkeep\n|\n|t:|1699453143\n|switch|p1a: Mewtwo|Mewtwo-Mega-X|100\/100\n|turn|12\n|\n|t:|1699453153\n|move|p1a: Mewtwo|Knock Off|p2a: Kommo-o\n|-resisted|p2a: Kommo-o\n|-damage|p2a: Kommo-o|0 fnt\n|faint|p2a: Kommo-o\n|\n|upkeep\n|\n|t:|1699453157\n|switch|p2a: Xerneas|Xerneas|100\/100\n|-damage|p2a: Xerneas|88\/100|[from] Stealth Rock\n|-ability|p2a: Xerneas|Fairy Aura\n|turn|13\n|inactive|Penter has 120 seconds left.\n|\n|t:|1699453188\n|move|p1a: Mewtwo|Knock Off|p2a: Xerneas\n|-resisted|p2a: Xerneas\n|-damage|p2a: Xerneas|69\/100\n|-enditem|p2a: Xerneas|Power Herb|[from] move: Knock Off|[of] p1a: Mewtwo\n|move|p2a: Xerneas|Geomancy||[still]\n|-prepare|p2a: Xerneas|Geomancy\n|\n|upkeep\n|turn|14\n|inactive|Penter has 120 seconds left.\n|\n|t:|1699453202\n|move|p1a: Mewtwo|Psycho Cut|p2a: Xerneas\n|-damage|p2a: Xerneas|30\/100\n|move|p2a: Xerneas|Geomancy|p2a: Xerneas|[from]lockedmove\n|-boost|p2a: Xerneas|spa|2\n|-boost|p2a: Xerneas|spd|2\n|-boost|p2a: Xerneas|spe|2\n|\n|upkeep\n|turn|15\n|inactive|Penter has 120 seconds left.\n|\n|t:|1699453214\n|move|p2a: Xerneas|Moonblast|p1a: Mewtwo\n|-supereffective|p1a: Mewtwo\n|-damage|p1a: Mewtwo|0 fnt\n|faint|p1a: Mewtwo\n|\n|upkeep\n|inactive|Penter has 120 seconds left.\n|\n|t:|1699453229\n|switch|p1a: Yveltal|Yveltal|100\/100\n|-ability|p1a: Yveltal|Dark Aura\n|turn|16\n|\n|t:|1699453242\n|-terastallize|p1a: Yveltal|Dark\n|move|p1a: Yveltal|Sucker Punch|p2a: Xerneas\n|-resisted|p2a: Xerneas\n|-crit|p2a: Xerneas\n|-damage|p2a: Xerneas|0 fnt\n|faint|p2a: Xerneas\n|\n|upkeep\n|\n|t:|1699453248\n|switch|p2a: Aerodactyl|Aerodactyl-Mega, M|100\/100\n|-damage|p2a: Aerodactyl|76\/100|[from] Stealth Rock\n|turn|17\n|\n|t:|1699453255\n|move|p2a: Aerodactyl|Stone Edge|p1a: Yveltal\n|-damage|p1a: Yveltal|51\/100\n|move|p1a: Yveltal|Knock Off|p2a: Aerodactyl\n|-damage|p2a: Aerodactyl|0 fnt\n|-enditem|p2a: Aerodactyl|Focus Sash|[from] move: Knock Off|[of] p1a: Yveltal\n|faint|p2a: Aerodactyl\n|\n|upkeep\n|\n|t:|1699453263\n|switch|p2a: Blaziken|Blaziken-Mega, F|100\/100\n|-damage|p2a: Blaziken|88\/100|[from] Stealth Rock\n|turn|18\n|\n|t:|1699453269\n|move|p2a: Blaziken|High Jump Kick|p1a: Yveltal\n|-supereffective|p1a: Yveltal\n|-damage|p1a: Yveltal|0 fnt\n|faint|p1a: Yveltal\n|\n|-ability|p2a: Blaziken|Speed Boost|boost\n|-boost|p2a: Blaziken|spe|1\n|upkeep\n|\n|t:|1699453272\n|switch|p1a: Zygarde|Zygarde-Complete|100\/100\n|turn|19\n|\n|t:|1699453277\n|move|p2a: Blaziken|High Jump Kick|p1a: Zygarde|[miss]\n|-miss|p2a: Blaziken|p1a: Zygarde\n|-damage|p2a: Blaziken|38\/100|[from] highjumpkick\n|move|p1a: Zygarde|Dragon Dance|p1a: Zygarde\n|-boost|p1a: Zygarde|atk|1\n|-boost|p1a: Zygarde|spe|1\n|\n|-ability|p2a: Blaziken|Speed Boost|boost\n|-boost|p2a: Blaziken|spe|1\n|upkeep\n|turn|20\n|c|\u2606RUMYMOME|F\n|\n|t:|1699453284\n|move|p2a: Blaziken|High Jump Kick|p1a: Zygarde\n|-damage|p1a: Zygarde|59\/100\n|move|p1a: Zygarde|Thousand Arrows|p2a: Blaziken\n|-supereffective|p2a: Blaziken\n|-damage|p2a: Blaziken|0 fnt\n|faint|p2a: Blaziken\n|\n|-heal|p1a: Zygarde|65\/100|[from] item: Leftovers\n|upkeep\n|\n|t:|1699453287\n|switch|p2a: Kyogre|Kyogre-Primal|100\/100\n|-damage|p2a: Kyogre|88\/100|[from] Stealth Rock\n|-weather|PrimordialSea|[from] ability: Primordial Sea|[of] p2a: Kyogre\n|turn|21\n|inactive|Penter has 120 seconds left.\n|\n|t:|1699453318\n|move|p2a: Kyogre|Ice Beam|p1a: Zygarde\n|-supereffective|p1a: Zygarde\n|-crit|p1a: Zygarde\n|-damage|p1a: Zygarde|0 fnt\n|faint|p1a: Zygarde\n|\n|-weather|PrimordialSea|[upkeep]\n|upkeep\n|\n|t:|1699453320\n|switch|p1a: Kyurem|Kyurem-White|100\/100\n|-ability|p1a: Kyurem|Turboblaze\n|turn|22\n|\n|t:|1699453323\n|move|p2a: Kyogre|Ice Beam|p1a: Kyurem\n|-damage|p1a: Kyurem|73\/100\n|move|p1a: Kyurem|Freeze-Dry|p2a: Kyogre\n|-supereffective|p2a: Kyogre\n|-damage|p2a: Kyogre|33\/100\n|-status|p2a: Kyogre|frz\n|\n|-weather|PrimordialSea|[upkeep]\n|-heal|p1a: Kyurem|79\/100|[from] item: Leftovers\n|upkeep\n|turn|23\n|\n|t:|1699453326\n|-curestatus|p2a: Kyogre|frz|[msg]\n|move|p2a: Kyogre|Ice Beam|p1a: Kyurem\n|-damage|p1a: Kyurem|54\/100\n|move|p1a: Kyurem|Freeze-Dry|p2a: Kyogre\n|-supereffective|p2a: Kyogre\n|-damage|p2a: Kyogre|0 fnt\n|faint|p2a: Kyogre\n|-weather|none\n|\n|win|Penter\n|n|\u2606Penter|penter\n|n|\u2606RUMYMOME|rumymome\n|n|*Lady Monita \u263d|ladymonita\n","uploadtime":1699453327,"views":4,"p1id":"penter","p2id":"rumymome","formatid":"gen9nationaldexubers","rating":0,"private":0,"password":""}