{"id":"gen9nationaldexubers-1993454401","p1":"Angel Karma","p2":"The power of ROCK","format":"[Gen 9] National Dex Ubers","log":"|j|\u2606Angel Karma\n|j|\u2606The power of ROCK\n|t:|1700319919\n|gametype|singles\n|player|p1|Angel Karma|unknown|1399\n|player|p2|The power of ROCK|roark|1517\n|teamsize|p1|6\n|teamsize|p2|6\n|gen|9\n|tier|[Gen 9] National Dex Ubers\n|rated|\n|rule|HP Percentage Mod: HP is shown in percentages\n|rule|Endless Battle Clause: Forcing endless battles is banned\n|rule|OHKO Clause: OHKO moves are banned\n|rule|Evasion Moves Clause: Evasion moves are banned\n|rule|Evasion Items Clause: Evasion items are banned\n|rule|Species Clause: Limit one of each Pok\u00e9mon\n|rule|Sleep Clause Mod: Limit one foe put to sleep\n|rule|Mega Rayquaza Clause: You cannot mega evolve Rayquaza\n|clearpoke\n|poke|p1|Haxorus, M|\n|poke|p1|Groudon|\n|poke|p1|Basculegion, M|\n|poke|p1|Yveltal|\n|poke|p1|Flutter Mane|\n|poke|p1|Lucario, F|\n|poke|p2|Tyranitar, M|\n|poke|p2|Garganacl, M|\n|poke|p2|Aggron, M|\n|poke|p2|Glimmora, F|\n|poke|p2|Probopass, L1, F|\n|poke|p2|Aron, L1, M|\n|teampreview\n|\n|t:|1700319937\n|start\n|switch|p1a: Yveltal|Yveltal|100\/100\n|switch|p2a: Aron|Aron, L1, M|100\/100\n|-ability|p1a: Yveltal|Dark Aura\n|turn|1\n|\n|t:|1700319947\n|switch|p1a: Flutter Mane|Flutter Mane|100\/100\n|move|p2a: Aron|Endeavor|p1a: Flutter Mane\n|-immune|p1a: Flutter Mane\n|\n|upkeep\n|turn|2\n|\n|t:|1700319959\n|switch|p2a: Tyranitar|Tyranitar, M|100\/100\n|-weather|Sandstorm|[from] ability: Sand Stream|[of] p2a: Tyranitar\n|move|p1a: Flutter Mane|Thunder Wave|p2a: Tyranitar\n|-status|p2a: Tyranitar|par\n|\n|-weather|Sandstorm|[upkeep]\n|-damage|p1a: Flutter Mane|95\/100|[from] Sandstorm\n|upkeep\n|turn|3\n|\n|t:|1700319972\n|-activate|p1a: Flutter Mane|move: Pursuit\n|move|p2a: Tyranitar|Pursuit|p1a: Flutter Mane|[from]Pursuit\n|-damage|p1a: Flutter Mane|21\/100\n|-end|p1a: Flutter Mane|Protosynthesis|[silent]\n|switch|p1a: Groudon|Groudon, shiny|100\/100\n|detailschange|p1a: Groudon|Groudon-Primal, shiny\n|-primal|p1a: Groudon|Red Orb\n|-weather|DesolateLand|[from] ability: Desolate Land|[of] p1a: Groudon\n|\n|-weather|DesolateLand|[upkeep]\n|upkeep\n|turn|4\n|\n|t:|1700319986\n|switch|p2a: Aron|Aron, L1, M|100\/100\n|move|p1a: Groudon|Precipice Blades|p2a: Aron\n|-supereffective|p2a: Aron\n|-ability|p2a: Aron|Sturdy\n|-damage|p2a: Aron|9\/100\n|\n|-weather|DesolateLand|[upkeep]\n|upkeep\n|turn|5\n|\n|t:|1700319995\n|-weather|none\n|switch|p1a: Flutter Mane|Flutter Mane|21\/100\n|move|p2a: Aron|Endeavor|p1a: Flutter Mane\n|-immune|p1a: Flutter Mane\n|\n|upkeep\n|turn|6\n|\n|t:|1700320007\n|move|p1a: Flutter Mane|Moonblast|p2a: Aron\n|-resisted|p2a: Aron\n|-damage|p2a: Aron|0 fnt\n|faint|p2a: Aron\n|\n|upkeep\n|\n|t:|1700320009\n|switch|p2a: Tyranitar|Tyranitar, M|100\/100 par\n|-weather|Sandstorm|[from] ability: Sand Stream|[of] p2a: Tyranitar\n|turn|7\n|\n|t:|1700320016\n|move|p1a: Flutter Mane|Moonblast|p2a: Tyranitar\n|-supereffective|p2a: Tyranitar\n|-damage|p2a: Tyranitar|73\/100 par\n|-unboost|p2a: Tyranitar|spa|1\n|cant|p2a: Tyranitar|par\n|\n|-weather|Sandstorm|[upkeep]\n|-damage|p1a: Flutter Mane|15\/100|[from] Sandstorm\n|upkeep\n|turn|8\n|\n|t:|1700320026\n|move|p1a: Flutter Mane|Moonblast|p2a: Tyranitar\n|-supereffective|p2a: Tyranitar\n|-damage|p2a: Tyranitar|45\/100 par\n|cant|p2a: Tyranitar|par\n|\n|-weather|Sandstorm|[upkeep]\n|-damage|p1a: Flutter Mane|9\/100|[from] Sandstorm\n|upkeep\n|turn|9\n|\n|t:|1700320036\n|move|p1a: Flutter Mane|Moonblast|p2a: Tyranitar\n|-supereffective|p2a: Tyranitar\n|-damage|p2a: Tyranitar|15\/100 par\n|move|p2a: Tyranitar|Pursuit|p1a: Flutter Mane\n|-damage|p1a: Flutter Mane|0 fnt\n|faint|p1a: Flutter Mane\n|-end|p1a: Flutter Mane|Protosynthesis|[silent]\n|\n|-weather|Sandstorm|[upkeep]\n|upkeep\n|\n|t:|1700320048\n|switch|p1a: Groudon|Groudon-Primal, shiny|100\/100\n|-weather|DesolateLand|[from] ability: Desolate Land|[of] p1a: Groudon\n|turn|10\n|\n|t:|1700320059\n|-weather|none\n|switch|p1a: Yveltal|Yveltal|100\/100\n|-ability|p1a: Yveltal|Dark Aura\n|move|p2a: Tyranitar|Dragon Tail|p1a: Yveltal\n|-damage|p1a: Yveltal|84\/100\n|drag|p1a: Basculegion|Basculegion, M|100\/100\n|\n|upkeep\n|turn|11\n|\n|t:|1700320072\n|move|p1a: Basculegion|Last Respects|p2a: Tyranitar\n|-resisted|p2a: Tyranitar\n|-damage|p2a: Tyranitar|0 fnt\n|faint|p2a: Tyranitar\n|\n|upkeep\n|\n|t:|1700320082\n|switch|p2a: Glimmora|Glimmora, F|100\/100\n|turn|12\n|\n|t:|1700320086\n|switch|p1a: Yveltal|Yveltal|84\/100\n|-ability|p1a: Yveltal|Dark Aura\n|move|p2a: Glimmora|Mortal Spin|p1a: Yveltal\n|-damage|p1a: Yveltal|79\/100\n|-status|p1a: Yveltal|psn\n|\n|-damage|p1a: Yveltal|66\/100 psn|[from] psn\n|upkeep\n|turn|13\n|\n|t:|1700320098\n|switch|p2a: Garganacl|Garganacl, M|100\/100\n|move|p1a: Yveltal|Dark Pulse|p2a: Garganacl\n|-damage|p2a: Garganacl|58\/100\n|-enditem|p2a: Garganacl|Maranga Berry|[eat]\n|-boost|p2a: Garganacl|spd|1|[from] item: Maranga Berry\n|\n|-damage|p1a: Yveltal|54\/100 psn|[from] psn\n|upkeep\n|turn|14\n|\n|t:|1700320111\n|switch|p1a: Lucario|Lucario, F, shiny|100\/100\n|move|p2a: Garganacl|Recover|p2a: Garganacl\n|-heal|p2a: Garganacl|100\/100\n|\n|upkeep\n|turn|15\n|\n|t:|1700320118\n|detailschange|p1a: Lucario|Lucario-Mega, F, shiny\n|-mega|p1a: Lucario|Lucario|Lucarionite\n|-terastallize|p2a: Garganacl|Ghost\n|move|p1a: Lucario|Hone Claws|p1a: Lucario\n|-boost|p1a: Lucario|atk|1\n|-boost|p1a: Lucario|accuracy|1\n|move|p2a: Garganacl|Iron Defense|p2a: Garganacl\n|-boost|p2a: Garganacl|def|2\n|\n|upkeep\n|turn|16\n|\n|t:|1700320129\n|move|p1a: Lucario|Hone Claws|p1a: Lucario\n|-boost|p1a: Lucario|atk|1\n|-boost|p1a: Lucario|accuracy|1\n|move|p2a: Garganacl|Body Press|p1a: Lucario\n|-supereffective|p1a: Lucario\n|-damage|p1a: Lucario|0 fnt\n|faint|p1a: Lucario\n|\n|upkeep\n|\n|t:|1700320138\n|switch|p1a: Yveltal|Yveltal|54\/100 psn\n|-ability|p1a: Yveltal|Dark Aura\n|turn|17\n|\n|t:|1700320147\n|move|p1a: Yveltal|Dark Pulse|p2a: Garganacl\n|-supereffective|p2a: Garganacl\n|-damage|p2a: Garganacl|45\/100\n|move|p2a: Garganacl|Body Press|p1a: Yveltal\n|-damage|p1a: Yveltal|11\/100 psn\n|\n|-damage|p1a: Yveltal|0 fnt|[from] psn\n|faint|p1a: Yveltal\n|upkeep\n|\n|t:|1700320157\n|switch|p1a: Basculegion|Basculegion, M|100\/100\n|turn|18\n|\n|t:|1700320166\n|switch|p2a: Glimmora|Glimmora, F|100\/100\n|move|p1a: Basculegion|Last Respects|p2a: Glimmora\n|-crit|p2a: Glimmora\n|-damage|p2a: Glimmora|0 fnt\n|-activate|p2a: Glimmora|ability: Toxic Debris\n|-sidestart|p1: Angel Karma|move: Toxic Spikes\n|faint|p2a: Glimmora\n|\n|upkeep\n|\n|t:|1700320170\n|switch|p2a: Probopass|Probopass, L1, F|100\/100\n|turn|19\n|\n|t:|1700320186\n|switch|p1a: Haxorus|Haxorus, M|100\/100\n|-status|p1a: Haxorus|psn\n|-ability|p1a: Haxorus|Mold Breaker\n|move|p2a: Probopass|Pain Split|p1a: Haxorus\n|-sethp|p1a: Haxorus|53\/100 psn|[from] move: Pain Split|[silent]\n|-sethp|p2a: Probopass|100\/100|[from] move: Pain Split\n|\n|-damage|p1a: Haxorus|40\/100 psn|[from] psn\n|upkeep\n|turn|20\n|\n|t:|1700320200\n|move|p2a: Probopass|Protect|p2a: Probopass\n|-singleturn|p2a: Probopass|Protect\n|move|p1a: Haxorus|Iron Head|p2a: Probopass\n|-activate|p2a: Probopass|move: Protect\n|\n|-damage|p1a: Haxorus|28\/100 psn|[from] psn\n|upkeep\n|turn|21\n|\n|t:|1700320209\n|switch|p2a: Garganacl|Garganacl, M, tera:Ghost|45\/100\n|move|p1a: Haxorus|Iron Head|p2a: Garganacl\n|-crit|p2a: Garganacl\n|-damage|p2a: Garganacl|14\/100\n|\n|-damage|p1a: Haxorus|16\/100 psn|[from] psn\n|upkeep\n|turn|22\n|\n|t:|1700320218\n|move|p1a: Haxorus|Outrage|p2a: Garganacl\n|-damage|p2a: Garganacl|0 fnt\n|faint|p2a: Garganacl\n|\n|-damage|p1a: Haxorus|4\/100 psn|[from] psn\n|upkeep\n|\n|t:|1700320223\n|switch|p2a: Probopass|Probopass, L1, F|100\/100\n|turn|23\n|\n|t:|1700320228\n|move|p2a: Probopass|Protect|p2a: Probopass\n|-singleturn|p2a: Probopass|Protect\n|move|p1a: Haxorus|Outrage|p2a: Probopass|[from]lockedmove\n|-activate|p2a: Probopass|move: Protect\n|\n|-damage|p1a: Haxorus|0 fnt|[from] psn\n|faint|p1a: Haxorus\n|upkeep\n|\n|t:|1700320239\n|switch|p1a: Groudon|Groudon-Primal, shiny|100\/100\n|-status|p1a: Groudon|psn\n|-weather|DesolateLand|[from] ability: Desolate Land|[of] p1a: Groudon\n|turn|24\n|\n|t:|1700320250\n|move|p1a: Groudon|Precipice Blades|p2a: Probopass\n|-supereffective|p2a: Probopass\n|-ability|p2a: Probopass|Sturdy\n|-damage|p2a: Probopass|9\/100\n|move|p2a: Probopass|Pain Split|p1a: Groudon\n|-sethp|p1a: Groudon|50\/100 psn|[from] move: Pain Split|[silent]\n|-sethp|p2a: Probopass|100\/100|[from] move: Pain Split\n|\n|-weather|DesolateLand|[upkeep]\n|-damage|p1a: Groudon|38\/100 psn|[from] psn\n|upkeep\n|turn|25\n|\n|t:|1700320262\n|-weather|none\n|switch|p1a: Basculegion|Basculegion, M|100\/100\n|-status|p1a: Basculegion|psn\n|move|p2a: Probopass|Pain Split|p1a: Basculegion\n|-sethp|p1a: Basculegion|52\/100 psn|[from] move: Pain Split|[silent]\n|-sethp|p2a: Probopass|100\/100|[from] move: Pain Split\n|\n|-damage|p1a: Basculegion|40\/100 psn|[from] psn\n|upkeep\n|turn|26\n|\n|t:|1700320278\n|move|p2a: Probopass|Protect|p2a: Probopass\n|-singleturn|p2a: Probopass|Protect\n|move|p1a: Basculegion|Head Smash|p2a: Probopass\n|-activate|p2a: Probopass|move: Protect\n|\n|-damage|p1a: Basculegion|27\/100 psn|[from] psn\n|upkeep\n|turn|27\n|\n|t:|1700320288\n|move|p1a: Basculegion|Head Smash|p2a: Probopass\n|-resisted|p2a: Probopass\n|-ability|p2a: Probopass|Sturdy\n|-damage|p2a: Probopass|9\/100\n|-damage|p1a: Basculegion|26\/100 psn|[from] Recoil\n|move|p2a: Probopass|Pain Split|p1a: Basculegion\n|-sethp|p1a: Basculegion|13\/100 psn|[from] move: Pain Split|[silent]\n|-sethp|p2a: Probopass|100\/100|[from] move: Pain Split\n|\n|-damage|p1a: Basculegion|1\/100 psn|[from] psn\n|upkeep\n|turn|28\n|\n|t:|1700320302\n|switch|p1a: Groudon|Groudon-Primal, shiny|38\/100 psn\n|-weather|DesolateLand|[from] ability: Desolate Land|[of] p1a: Groudon\n|move|p2a: Probopass|Protect||[still]\n|-fail|p2a: Probopass\n|\n|-weather|DesolateLand|[upkeep]\n|-damage|p1a: Groudon|26\/100 psn|[from] psn\n|upkeep\n|turn|29\n|\n|t:|1700320314\n|move|p1a: Groudon|Precipice Blades|p2a: Probopass\n|-supereffective|p2a: Probopass\n|-ability|p2a: Probopass|Sturdy\n|-damage|p2a: Probopass|9\/100\n|move|p2a: Probopass|Pain Split|p1a: Groudon\n|-sethp|p1a: Groudon|13\/100 psn|[from] move: Pain Split|[silent]\n|-sethp|p2a: Probopass|100\/100|[from] move: Pain Split\n|\n|-weather|DesolateLand|[upkeep]\n|-damage|p1a: Groudon|1\/100 psn|[from] psn\n|upkeep\n|turn|30\n|\n|t:|1700320326\n|move|p2a: Probopass|Protect|p2a: Probopass\n|-singleturn|p2a: Probopass|Protect\n|move|p1a: Groudon|Precipice Blades|p2a: Probopass\n|-activate|p2a: Probopass|move: Protect\n|\n|-weather|DesolateLand|[upkeep]\n|-damage|p1a: Groudon|0 fnt|[from] psn\n|faint|p1a: Groudon\n|-weather|none\n|upkeep\n|inactive|Battle timer is ON: inactive players will automatically lose when time's up. (requested by The power of ROCK)\n|inactive|Angel Karma has 120 seconds left.\n|inactive|Angel Karma has 90 seconds left.\n|j| Ineros\n|inactive|Angel Karma has 60 seconds left.\n|l| Ineros\n|inactive|Angel Karma has 30 seconds left.\n|inactive|Angel Karma has 20 seconds left.\n|inactive|Angel Karma has 15 seconds left.\n|inactive|Angel Karma has 10 seconds left.\n|inactive|Angel Karma has 5 seconds left.\n|-message|Angel Karma lost due to inactivity.\n|\n|win|The power of ROCK\n|raw|Angel Karma's rating: 1399 &rarr; <strong>1386<\/strong><br \/>(-13 for losing)\n|raw|The power of ROCK's rating: 1531 &rarr; <strong>1544<\/strong><br \/>(+13 for winning)\n|l|\u2606The power of ROCK\n|j|\u2606The power of ROCK\n|player|p2|The power of ROCK|roark\n","uploadtime":1700320537,"views":7,"p1id":"angelkarma","p2id":"thepowerofrock","formatid":"gen9nationaldexubers","rating":1386,"private":0,"password":""}