{"id":"gen9nationaldexubers-1989849939","p1":"icybro12","p2":"KekuitOgdoada","format":"[Gen 9] National Dex Ubers","log":"|j|\u2606icybro12\n|j|\u2606KekuitOgdoada\n|t:|1699900911\n|gametype|singles\n|player|p1|icybro12|psychic|1277\n|player|p2|KekuitOgdoada|heroine2-conquest|1151\n|teamsize|p1|6\n|teamsize|p2|6\n|gen|9\n|tier|[Gen 9] National Dex Ubers\n|rated|\n|rule|HP Percentage Mod: HP is shown in percentages\n|rule|Endless Battle Clause: Forcing endless battles is banned\n|rule|OHKO Clause: OHKO moves are banned\n|rule|Evasion Moves Clause: Evasion moves are banned\n|rule|Evasion Items Clause: Evasion items are banned\n|rule|Species Clause: Limit one of each Pok\u00e9mon\n|rule|Sleep Clause Mod: Limit one foe put to sleep\n|rule|Mega Rayquaza Clause: You cannot mega evolve Rayquaza\n|clearpoke\n|poke|p1|Metagross|\n|poke|p1|Zekrom|\n|poke|p1|Tapu Bulu|\n|poke|p1|Kartana|\n|poke|p1|Palkia|\n|poke|p1|Araquanid, M|\n|poke|p2|Ogerpon-Hearthflame, F|\n|poke|p2|Ludicolo, M|\n|poke|p2|Volcanion|\n|poke|p2|Sceptile, M|\n|poke|p2|Reshiram|\n|poke|p2|Palkia-Origin|\n|teampreview\n|inactive|Battle timer is ON: inactive players will automatically lose when time's up. (requested by KekuitOgdoada)\n|\n|t:|1699900926\n|start\n|switch|p1a: Tapu Bulu|Tapu Bulu|100\/100\n|switch|p2a: Gholdengone|Reshiram|100\/100\n|-ability|p2a: Gholdengone|Turboblaze\n|-fieldstart|move: Grassy Terrain|[from] ability: Grassy Surge|[of] p1a: Tapu Bulu\n|turn|1\n|\n|t:|1699900929\n|switch|p1a: Araquanid|Araquanid, M|100\/100\n|move|p2a: Gholdengone|Blue Flare|p1a: Araquanid|[miss]\n|-miss|p2a: Gholdengone|p1a: Araquanid\n|\n|upkeep\n|turn|2\n|\n|t:|1699900933\n|move|p2a: Gholdengone|Blue Flare|p1a: Araquanid\n|-damage|p1a: Araquanid|57\/100\n|move|p1a: Araquanid|Sticky Web|p2a: Gholdengone\n|-sidestart|p2: KekuitOgdoada|move: Sticky Web\n|\n|-heal|p1a: Araquanid|63\/100|[from] Grassy Terrain\n|-heal|p1a: Araquanid|69\/100|[from] item: Leftovers\n|upkeep\n|turn|3\n|\n|t:|1699900939\n|move|p2a: Gholdengone|Defog|p1a: Araquanid\n|-unboost|p1a: Araquanid|evasion|1\n|-sideend|p2: KekuitOgdoada|Sticky Web|[from] move: Defog|[of] p2a: Gholdengone\n|-fieldend|move: Grassy Terrain\n|move|p1a: Araquanid|Toxic|p2a: Gholdengone\n|-status|p2a: Gholdengone|tox\n|\n|-heal|p1a: Araquanid|75\/100|[from] item: Leftovers\n|-damage|p2a: Gholdengone|94\/100 tox|[from] psn\n|upkeep\n|turn|4\n|\n|t:|1699900943\n|move|p2a: Gholdengone|Blue Flare|p1a: Araquanid\n|-damage|p1a: Araquanid|28\/100\n|move|p1a: Araquanid|Sticky Web|p2a: Gholdengone\n|-sidestart|p2: KekuitOgdoada|move: Sticky Web\n|\n|-heal|p1a: Araquanid|34\/100|[from] item: Leftovers\n|-damage|p2a: Gholdengone|82\/100 tox|[from] psn\n|upkeep\n|turn|5\n|\n|t:|1699900947\n|move|p2a: Gholdengone|Defog|p1a: Araquanid\n|-unboost|p1a: Araquanid|evasion|1\n|-sideend|p2: KekuitOgdoada|Sticky Web|[from] move: Defog|[of] p2a: Gholdengone\n|move|p1a: Araquanid|Sticky Web|p2a: Gholdengone\n|-sidestart|p2: KekuitOgdoada|move: Sticky Web\n|\n|-heal|p1a: Araquanid|40\/100|[from] item: Leftovers\n|-damage|p2a: Gholdengone|64\/100 tox|[from] psn\n|upkeep\n|turn|6\n|\n|t:|1699900950\n|move|p2a: Gholdengone|Blue Flare|p1a: Araquanid\n|-damage|p1a: Araquanid|0 fnt\n|faint|p1a: Araquanid\n|\n|-damage|p2a: Gholdengone|39\/100 tox|[from] psn\n|upkeep\n|\n|t:|1699900957\n|switch|p1a: Metagross|Metagross|100\/100\n|turn|7\n|\n|t:|1699900960\n|switch|p2a: Volcanion|Volcanion|100\/100\n|-activate|p2a: Volcanion|move: Sticky Web\n|-unboost|p2a: Volcanion|spe|1\n|detailschange|p1a: Metagross|Metagross-Mega\n|-mega|p1a: Metagross|Metagross|Metagrossite\n|move|p1a: Metagross|Earthquake|p2a: Volcanion\n|-supereffective|p2a: Volcanion\n|-damage|p2a: Volcanion|40\/100\n|\n|upkeep\n|turn|8\n|\n|t:|1699900963\n|move|p1a: Metagross|Earthquake|p2a: Volcanion\n|-supereffective|p2a: Volcanion\n|-damage|p2a: Volcanion|0 fnt\n|faint|p2a: Volcanion\n|\n|upkeep\n|\n|t:|1699900968\n|switch|p2a: Gholdengone|Reshiram|39\/100 tox\n|-ability|p2a: Gholdengone|Turboblaze\n|turn|9\n|\n|t:|1699900972\n|-terastallize|p2a: Gholdengone|Flying\n|move|p1a: Metagross|Zen Headbutt|p2a: Gholdengone|[miss]\n|-miss|p1a: Metagross|p2a: Gholdengone\n|move|p2a: Gholdengone|Defog|p1a: Metagross\n|-unboost|p1a: Metagross|evasion|1\n|-sideend|p2: KekuitOgdoada|Sticky Web|[from] move: Defog|[of] p2a: Gholdengone\n|\n|-damage|p2a: Gholdengone|33\/100 tox|[from] psn\n|upkeep\n|turn|10\n|\n|t:|1699900977\n|move|p1a: Metagross|Zen Headbutt|p2a: Gholdengone\n|-damage|p2a: Gholdengone|0 fnt\n|faint|p2a: Gholdengone\n|\n|upkeep\n|\n|t:|1699900981\n|switch|p2a: Palkia-Origi|Palkia-Origin|100\/100\n|-ability|p2a: Palkia-Origi|Pressure\n|turn|11\n|\n|t:|1699900984\n|move|p2a: Palkia-Origi|Fire Blast|p1a: Metagross\n|-supereffective|p1a: Metagross\n|-damage|p1a: Metagross|16\/100\n|move|p1a: Metagross|Zen Headbutt|p2a: Palkia-Origi\n|-damage|p2a: Palkia-Origi|43\/100\n|\n|upkeep\n|turn|12\n|\n|t:|1699900987\n|move|p1a: Metagross|Bullet Punch|p2a: Palkia-Origi\n|-resisted|p2a: Palkia-Origi\n|-damage|p2a: Palkia-Origi|28\/100\n|move|p2a: Palkia-Origi|Hydro Pump|p1a: Metagross\n|-damage|p1a: Metagross|0 fnt\n|faint|p1a: Metagross\n|\n|upkeep\n|\n|t:|1699900997\n|switch|p1a: Kartana|Kartana|100\/100\n|turn|13\n|\n|t:|1699901003\n|move|p1a: Kartana|Knock Off|p2a: Palkia-Origi\n|-damage|p2a: Palkia-Origi|0 fnt\n|faint|p2a: Palkia-Origi\n|-ability|p1a: Kartana|Beast Boost|boost\n|-boost|p1a: Kartana|atk|1\n|\n|upkeep\n|\n|t:|1699901006\n|switch|p2a: Lizard|Sceptile, M|100\/100\n|turn|14\n|\n|t:|1699901011\n|switch|p1a: Tapu Bulu|Tapu Bulu|100\/100\n|-fieldstart|move: Grassy Terrain|[from] ability: Grassy Surge|[of] p1a: Tapu Bulu\n|detailschange|p2a: Lizard|Sceptile-Mega, M\n|-mega|p2a: Lizard|Sceptile|Sceptilite\n|move|p2a: Lizard|Earthquake|p1a: Tapu Bulu\n|-resisted|p1a: Tapu Bulu\n|-crit|p1a: Tapu Bulu\n|-damage|p1a: Tapu Bulu|90\/100\n|\n|-heal|p1a: Tapu Bulu|96\/100|[from] Grassy Terrain\n|upkeep\n|turn|15\n|\n|t:|1699901021\n|switch|p2a: Ogerpon|Ogerpon-Hearthflame, F|100\/100\n|-ability|p2a: Ogerpon|Mold Breaker\n|-terastallize|p1a: Tapu Bulu|Dark\n|move|p1a: Tapu Bulu|Darkest Lariat|p2a: Ogerpon\n|-damage|p2a: Ogerpon|7\/100\n|\n|-heal|p2a: Ogerpon|13\/100|[from] Grassy Terrain\n|-heal|p1a: Tapu Bulu|100\/100|[from] Grassy Terrain\n|upkeep\n|turn|16\n|\n|t:|1699901025\n|move|p2a: Ogerpon|Trailblaze|p1a: Tapu Bulu\n|-damage|p1a: Tapu Bulu|66\/100\n|-boost|p2a: Ogerpon|spe|1\n|move|p1a: Tapu Bulu|Darkest Lariat|p2a: Ogerpon\n|-damage|p2a: Ogerpon|0 fnt\n|faint|p2a: Ogerpon\n|\n|-heal|p1a: Tapu Bulu|72\/100|[from] Grassy Terrain\n|upkeep\n|-message|KekuitOgdoada forfeited.\n|\n|win|icybro12\n|raw|icybro12's rating: 1277 &rarr; <strong>1293<\/strong><br \/>(+16 for winning)\n|raw|KekuitOgdoada's rating: 1151 &rarr; <strong>1135<\/strong><br \/>(-16 for losing)\n|l|\u2606KekuitOgdoada\n","uploadtime":1699901034,"views":6,"p1id":"icybro12","p2id":"kekuitogdoada","formatid":"gen9nationaldexubers","rating":1135,"private":0,"password":""}