{"id":"gen9nationaldexubers-1982751398","p1":"Slumpyboocus","p2":"sandsword","format":"[Gen 9] National Dex Ubers","log":"|j|\u2606Slumpyboocus\n|j|\u2606sandsword\n|t:|1699041481\n|gametype|singles\n|player|p1|Slumpyboocus|ash|\n|player|p2|sandsword|barry|\n|teamsize|p1|6\n|teamsize|p2|6\n|gen|9\n|tier|[Gen 9] National Dex Ubers\n|rule|HP Percentage Mod: HP is shown in percentages\n|rule|Endless Battle Clause: Forcing endless battles is banned\n|rule|OHKO Clause: OHKO moves are banned\n|rule|Evasion Moves Clause: Evasion moves are banned\n|rule|Evasion Items Clause: Evasion items are banned\n|rule|Species Clause: Limit one of each Pok\u00e9mon\n|rule|Sleep Clause Mod: Limit one foe put to sleep\n|rule|Mega Rayquaza Clause: You cannot mega evolve Rayquaza\n|clearpoke\n|poke|p1|Baxcalibur, M|\n|poke|p1|Heatran, F|\n|poke|p1|Scream Tail|\n|poke|p1|Roaring Moon|\n|poke|p1|Zarude-Dada|\n|poke|p1|Mimikyu, M|\n|poke|p2|Excadrill, F|\n|poke|p2|Moltres|\n|poke|p2|Nihilego|\n|poke|p2|Sandy Shocks|\n|poke|p2|Rillaboom, F|\n|poke|p2|Sableye, M|\n|teampreview\n|\n|t:|1699041526\n|start\n|switch|p1a: Dada|Zarude-Dada|100\/100\n|switch|p2a: Rillaboom|Rillaboom, F|100\/100\n|-fieldstart|move: Grassy Terrain|[from] ability: Grassy Surge|[of] p2a: Rillaboom\n|turn|1\n|\n|t:|1699041555\n|switch|p1a: Papa|Scream Tail|100\/100\n|move|p2a: Rillaboom|Knock Off|p1a: Papa\n|-damage|p1a: Papa|70\/100\n|-enditem|p1a: Papa|Light Clay|[from] move: Knock Off|[of] p2a: Rillaboom\n|\n|-heal|p1a: Papa|76\/100|[from] Grassy Terrain\n|upkeep\n|turn|2\n|\n|t:|1699041574\n|move|p1a: Papa|Reflect|p1a: Papa\n|-sidestart|p1: Slumpyboocus|Reflect\n|move|p2a: Rillaboom|U-turn|p1a: Papa\n|-damage|p1a: Papa|66\/100\n|\n|t:|1699041579\n|switch|p2a: Nihilego|Nihilego|100\/100|[from] U-turn\n|\n|-heal|p1a: Papa|72\/100|[from] Grassy Terrain\n|upkeep\n|turn|3\n|\n|t:|1699041594\n|move|p1a: Papa|Light Screen|p1a: Papa\n|-sidestart|p1: Slumpyboocus|move: Light Screen\n|move|p2a: Nihilego|Sludge Wave|p1a: Papa\n|-supereffective|p1a: Papa\n|-damage|p1a: Papa|31\/100\n|\n|-heal|p1a: Papa|38\/100|[from] Grassy Terrain\n|upkeep\n|turn|4\n|\n|t:|1699041614\n|-end|p1a: Papa|Protosynthesis|[silent]\n|switch|p1a: Old Man|Heatran, F|100\/100\n|-item|p1a: Old Man|Air Balloon\n|move|p2a: Nihilego|Hidden Power|p1a: Old Man\n|-immune|p1a: Old Man\n|\n|upkeep\n|turn|5\n|\n|t:|1699041632\n|switch|p2a: Moltres|Moltres|100\/100\n|move|p1a: Old Man|Lava Plume|p2a: Moltres\n|-resisted|p2a: Moltres\n|-damage|p2a: Moltres|79\/100\n|\n|-fieldend|move: Grassy Terrain\n|upkeep\n|turn|6\n|\n|t:|1699041642\n|move|p2a: Moltres|U-turn|p1a: Old Man\n|-resisted|p1a: Old Man\n|-damage|p1a: Old Man|99\/100\n|-enditem|p1a: Old Man|Air Balloon\n|\n|t:|1699041650\n|switch|p2a: Nihilego|Nihilego|100\/100|[from] U-turn\n|move|p1a: Old Man|Power Gem|p2a: Nihilego\n|-damage|p2a: Nihilego|85\/100\n|\n|-sideend|p1: Slumpyboocus|Reflect\n|upkeep\n|turn|7\n|\n|t:|1699041664\n|move|p2a: Nihilego|Hidden Power|p1a: Old Man\n|-supereffective|p1a: Old Man\n|-crit|p1a: Old Man\n|-damage|p1a: Old Man|0 fnt\n|faint|p1a: Old Man\n|-ability|p2a: Nihilego|Beast Boost|boost\n|-boost|p2a: Nihilego|spa|1\n|\n|-sideend|p1: Slumpyboocus|move: Light Screen\n|upkeep\n|\n|t:|1699041675\n|switch|p1a: Dada|Zarude-Dada|100\/100\n|turn|8\n|\n|t:|1699041696\n|switch|p2a: Moltres|Moltres|79\/100\n|move|p1a: Dada|Stomping Tantrum|p2a: Moltres\n|-immune|p2a: Moltres\n|\n|upkeep\n|turn|9\n|\n|t:|1699041702\n|switch|p1a: Papa|Scream Tail|38\/100\n|move|p2a: Moltres|Flamethrower|p1a: Papa\n|-damage|p1a: Papa|3\/100\n|\n|upkeep\n|turn|10\n|\n|t:|1699041710\n|move|p1a: Papa|Light Screen|p1a: Papa\n|-sidestart|p1: Slumpyboocus|move: Light Screen\n|move|p2a: Moltres|U-turn|p1a: Papa\n|-damage|p1a: Papa|0 fnt\n|faint|p1a: Papa\n|-end|p1a: Papa|Protosynthesis|[silent]\n|\n|t:|1699041722\n|switch|p2a: Excadrill|Excadrill, F|100\/100|[from] U-turn\n|-ability|p2a: Excadrill|Mold Breaker\n|\n|upkeep\n|\n|t:|1699041747\n|switch|p1a: Father|Roaring Moon|100\/100\n|-enditem|p1a: Father|Booster Energy\n|-activate|p1a: Father|ability: Protosynthesis|[fromitem]\n|-start|p1a: Father|protosynthesisatk\n|turn|11\n|\n|t:|1699041805\n|switch|p2a: Sableye|Sableye, M|100\/100\n|move|p1a: Father|Dragon Dance|p1a: Father\n|-boost|p1a: Father|atk|1\n|-boost|p1a: Father|spe|1\n|\n|upkeep\n|turn|12\n|\n|t:|1699041818\n|detailschange|p2a: Sableye|Sableye-Mega, M\n|-mega|p2a: Sableye|Sableye|Sablenite\n|move|p1a: Father|Acrobatics|p2a: Sableye\n|-damage|p2a: Sableye|14\/100\n|move|p2a: Sableye|Will-O-Wisp|p1a: Father|[miss]\n|-miss|p2a: Sableye|p1a: Father\n|\n|upkeep\n|turn|13\n|\n|t:|1699041846\n|move|p1a: Father|Acrobatics|p2a: Sableye\n|-damage|p2a: Sableye|0 fnt\n|faint|p2a: Sableye\n|\n|upkeep\n|\n|t:|1699041874\n|switch|p2a: Sandy Shocks|Sandy Shocks|100\/100\n|turn|14\n|\n|t:|1699041879\n|move|p1a: Father|Earthquake|p2a: Sandy Shocks\n|-supereffective|p2a: Sandy Shocks\n|-damage|p2a: Sandy Shocks|0 fnt\n|faint|p2a: Sandy Shocks\n|-end|p2a: Sandy Shocks|Protosynthesis|[silent]\n|\n|-sideend|p1: Slumpyboocus|move: Light Screen\n|upkeep\n|\n|t:|1699041884\n|switch|p2a: Moltres|Moltres|79\/100\n|turn|15\n|\n|t:|1699041892\n|move|p1a: Father|Acrobatics|p2a: Moltres\n|-damage|p2a: Moltres|0 fnt\n|-status|p1a: Father|brn|[from] ability: Flame Body|[of] p2a: Moltres\n|faint|p2a: Moltres\n|\n|-damage|p1a: Father|95\/100 brn|[from] brn\n|upkeep\n|\n|t:|1699041927\n|switch|p2a: Rillaboom|Rillaboom, F|100\/100\n|-fieldstart|move: Grassy Terrain|[from] ability: Grassy Surge|[of] p2a: Rillaboom\n|turn|16\n|\n|t:|1699041937\n|move|p1a: Father|Acrobatics|p2a: Rillaboom\n|-supereffective|p2a: Rillaboom\n|-damage|p2a: Rillaboom|16\/100\n|move|p2a: Rillaboom|U-turn|p1a: Father\n|-supereffective|p1a: Father\n|-damage|p1a: Father|23\/100 brn\n|\n|t:|1699041943\n|switch|p2a: Excadrill|Excadrill, F|100\/100|[from] U-turn\n|-ability|p2a: Excadrill|Mold Breaker\n|\n|-heal|p1a: Father|29\/100 brn|[from] Grassy Terrain\n|-damage|p1a: Father|23\/100 brn|[from] brn\n|upkeep\n|turn|17\n|\n|t:|1699041950\n|move|p1a: Father|Earthquake|p2a: Excadrill\n|-supereffective|p2a: Excadrill\n|-damage|p2a: Excadrill|45\/100\n|move|p2a: Excadrill|Rapid Spin|p1a: Father\n|-damage|p1a: Father|0 fnt\n|-boost|p2a: Excadrill|spe|1\n|faint|p1a: Father\n|-end|p1a: Father|Protosynthesis|[silent]\n|\n|-heal|p2a: Excadrill|51\/100|[from] Grassy Terrain\n|upkeep\n|\n|t:|1699041959\n|switch|p1a: Dada|Zarude-Dada|100\/100\n|turn|18\n|\n|t:|1699041969\n|move|p1a: Dada|Close Combat|p2a: Excadrill\n|-supereffective|p2a: Excadrill\n|-damage|p2a: Excadrill|0 fnt\n|-unboost|p1a: Dada|def|1\n|-unboost|p1a: Dada|spd|1\n|faint|p2a: Excadrill\n|\n|upkeep\n|\n|t:|1699041977\n|switch|p2a: Rillaboom|Rillaboom, F|16\/100\n|turn|19\n|\n|t:|1699041981\n|move|p2a: Rillaboom|Grassy Glide|p1a: Dada\n|-resisted|p1a: Dada\n|-damage|p1a: Dada|74\/100\n|move|p1a: Dada|Close Combat|p2a: Rillaboom\n|-damage|p2a: Rillaboom|0 fnt\n|-unboost|p1a: Dada|def|1\n|-unboost|p1a: Dada|spd|1\n|faint|p2a: Rillaboom\n|\n|-heal|p1a: Dada|80\/100|[from] Grassy Terrain\n|upkeep\n|\n|t:|1699041984\n|switch|p2a: Nihilego|Nihilego|85\/100\n|turn|20\n|\n|t:|1699041993\n|switch|p1a: Pappy|Mimikyu, M, shiny|100\/100\n|move|p2a: Nihilego|Sludge Wave|p1a: Pappy\n|-activate|p1a: Pappy|ability: Disguise\n|-damage|p1a: Pappy|100\/100\n|-status|p1a: Pappy|psn\n|detailschange|p1a: Pappy|Mimikyu-Busted, M, shiny\n|-damage|p1a: Pappy|88\/100 psn|[from] pokemon: Mimikyu-Busted\n|\n|-heal|p1a: Pappy|94\/100 psn|[from] Grassy Terrain\n|-heal|p1a: Pappy|99\/100 psn|[from] item: Leftovers\n|-heal|p2a: Nihilego|92\/100|[from] Grassy Terrain\n|-damage|p1a: Pappy|88\/100 psn|[from] psn\n|-fieldend|move: Grassy Terrain\n|upkeep\n|turn|21\n|\n|t:|1699042018\n|move|p1a: Pappy|Shadow Sneak|p2a: Nihilego\n|-damage|p2a: Nihilego|63\/100\n|move|p2a: Nihilego|Sludge Wave|p1a: Pappy\n|-damage|p1a: Pappy|12\/100 psn\n|\n|-heal|p1a: Pappy|18\/100 psn|[from] item: Leftovers\n|-damage|p1a: Pappy|6\/100 psn|[from] psn\n|upkeep\n|turn|22\n|\n|t:|1699042025\n|move|p1a: Pappy|Shadow Sneak|p2a: Nihilego\n|-damage|p2a: Nihilego|35\/100\n|move|p2a: Nihilego|Power Gem|p1a: Pappy\n|-damage|p1a: Pappy|0 fnt\n|faint|p1a: Pappy\n|-ability|p2a: Nihilego|Beast Boost|boost\n|-boost|p2a: Nihilego|spa|1\n|\n|upkeep\n|\n|t:|1699042033\n|switch|p1a: Dada|Zarude-Dada|80\/100\n|turn|23\n|\n|t:|1699042039\n|move|p1a: Dada|Stomping Tantrum|p2a: Nihilego\n|-supereffective|p2a: Nihilego\n|-damage|p2a: Nihilego|0 fnt\n|faint|p2a: Nihilego\n|\n|win|Slumpyboocus\n|c|\u2606Slumpyboocus|gg\n|c|\u2606sandsword|gg\n","uploadtime":1699042047,"views":12,"p1id":"slumpyboocus","p2id":"sandsword","formatid":"gen9nationaldexubers","rating":0,"private":0,"password":""}