{"id":"gen9nationaldexubers-1992173944","p1":"galaxystudios370","p2":"AttackOnGargaNacl","format":"[Gen 9] National Dex Ubers","log":"|j|\u2606galaxystudios370\n|j|\u2606AttackOnGargaNacl\n|t:|1700161131\n|gametype|singles\n|player|p1|galaxystudios370|hilbert|1553\n|player|p2|AttackOnGargaNacl|266|1595\n|teamsize|p1|6\n|teamsize|p2|6\n|gen|9\n|tier|[Gen 9] National Dex Ubers\n|rated|\n|rule|HP Percentage Mod: HP is shown in percentages\n|rule|Endless Battle Clause: Forcing endless battles is banned\n|rule|OHKO Clause: OHKO moves are banned\n|rule|Evasion Moves Clause: Evasion moves are banned\n|rule|Evasion Items Clause: Evasion items are banned\n|rule|Species Clause: Limit one of each Pok\u00e9mon\n|rule|Sleep Clause Mod: Limit one foe put to sleep\n|rule|Mega Rayquaza Clause: You cannot mega evolve Rayquaza\n|clearpoke\n|poke|p1|Hatterene, F|\n|poke|p1|Calyrex-Ice|\n|poke|p1|Necrozma-Dusk-Mane|\n|poke|p1|Lunala|\n|poke|p1|Mewtwo|\n|poke|p1|Tapu Lele|\n|poke|p2|Marshadow|\n|poke|p2|Arceus|\n|poke|p2|Yveltal|\n|poke|p2|Ho-Oh|\n|poke|p2|Zacian-*|\n|poke|p2|Deoxys-Attack|\n|teampreview\n|inactive|Battle timer is ON: inactive players will automatically lose when time's up. (requested by AttackOnGargaNacl)\n|\n|t:|1700161145\n|start\n|switch|p1a: Monsoon|Tapu Lele|100\/100\n|switch|p2a: Deoxys|Deoxys-Attack|100\/100\n|-ability|p2a: Deoxys|Pressure\n|-fieldstart|move: Psychic Terrain|[from] ability: Psychic Surge|[of] p1a: Monsoon\n|turn|1\n|\n|t:|1700161150\n|switch|p1a: Armstrong|Mewtwo|100\/100\n|-ability|p1a: Armstrong|Pressure\n|-terastallize|p2a: Deoxys|Ghost\n|move|p2a: Deoxys|Shadow Ball|p1a: Armstrong\n|-supereffective|p1a: Armstrong\n|-damage|p1a: Armstrong|0 fnt\n|faint|p1a: Armstrong\n|-damage|p2a: Deoxys|91\/100|[from] item: Life Orb\n|\n|upkeep\n|\n|t:|1700161156\n|switch|p1a: Mistral|Hatterene, F|100\/100\n|turn|2\n|\n|t:|1700161159\n|move|p2a: Deoxys|Shadow Ball|p1a: Mistral\n|-supereffective|p1a: Mistral\n|-enditem|p1a: Mistral|Focus Sash\n|-damage|p1a: Mistral|1\/100\n|-unboost|p1a: Mistral|spd|1\n|-damage|p2a: Deoxys|81\/100|[from] item: Life Orb\n|move|p1a: Mistral|Trick Room|p1a: Mistral\n|-fieldstart|move: Trick Room|[of] p1a: Mistral\n|\n|upkeep\n|turn|3\n|\n|t:|1700161169\n|switch|p2a: Ho-Oh|Ho-Oh|100\/100\n|move|p1a: Mistral|Healing Wish|p1a: Mistral\n|faint|p1a: Mistral\n|\n|upkeep\n|\n|t:|1700161171\n|switch|p1a: Sundowner|Lunala|100\/100\n|turn|4\n|\n|t:|1700161176\n|move|p1a: Sundowner|Meteor Beam||[still]\n|-prepare|p1a: Sundowner|Meteor Beam\n|-boost|p1a: Sundowner|spa|1\n|-enditem|p1a: Sundowner|Power Herb\n|-anim|p1a: Sundowner|Meteor Beam|p2a: Ho-Oh\n|-supereffective|p2a: Ho-Oh\n|-damage|p2a: Ho-Oh|0 fnt\n|faint|p2a: Ho-Oh\n|\n|upkeep\n|\n|t:|1700161179\n|switch|p2a: Yveltal|Yveltal|100\/100\n|-ability|p2a: Yveltal|Dark Aura\n|turn|5\n|\n|t:|1700161184\n|move|p1a: Sundowner|Moonblast|p2a: Yveltal\n|-supereffective|p2a: Yveltal\n|-damage|p2a: Yveltal|0 fnt\n|faint|p2a: Yveltal\n|\n|-fieldend|move: Psychic Terrain\n|upkeep\n|\n|t:|1700161189\n|switch|p2a: Arceus|Arceus|100\/100\n|turn|6\n|\n|t:|1700161197\n|move|p1a: Sundowner|Moonblast|p2a: Arceus\n|-damage|p2a: Arceus|65\/100\n|move|p2a: Arceus|Swords Dance|p2a: Arceus\n|-boost|p2a: Arceus|atk|2\n|\n|-fieldend|move: Trick Room\n|upkeep\n|turn|7\n|\n|t:|1700161206\n|move|p2a: Arceus|Recover|p2a: Arceus\n|-heal|p2a: Arceus|100\/100\n|move|p1a: Sundowner|Trick Room|p1a: Sundowner\n|-fieldstart|move: Trick Room|[of] p1a: Sundowner\n|\n|upkeep\n|turn|8\n|\n|t:|1700161209\n|move|p1a: Sundowner|Moonblast|p2a: Arceus\n|-damage|p2a: Arceus|65\/100\n|move|p2a: Arceus|Swords Dance|p2a: Arceus\n|-boost|p2a: Arceus|atk|2\n|\n|upkeep\n|turn|9\n|\n|t:|1700161212\n|switch|p1a: Monsoon|Tapu Lele|100\/100\n|-fieldstart|move: Psychic Terrain|[from] ability: Psychic Surge|[of] p1a: Monsoon\n|move|p2a: Arceus|Recover|p2a: Arceus\n|-heal|p2a: Arceus|100\/100\n|\n|upkeep\n|turn|10\n|\n|t:|1700161216\n|-terastallize|p1a: Monsoon|Normal\n|move|p1a: Monsoon|Focus Blast|p2a: Arceus|[miss]\n|-miss|p1a: Monsoon|p2a: Arceus\n|move|p2a: Arceus|Shadow Claw|p1a: Monsoon\n|-immune|p1a: Monsoon\n|\n|upkeep\n|turn|11\n|\n|t:|1700161224\n|move|p2a: Arceus|Extreme Speed|p1a: Monsoon\n|-activate|p1a: Monsoon|move: Psychic Terrain\n|move|p1a: Monsoon|Moonblast|p2a: Arceus\n|-damage|p2a: Arceus|64\/100\n|-unboost|p2a: Arceus|spa|1\n|\n|-fieldend|move: Trick Room\n|upkeep\n|turn|12\n|\n|t:|1700161230\n|move|p2a: Arceus|Recover|p2a: Arceus\n|-heal|p2a: Arceus|100\/100\n|move|p1a: Monsoon|Psyshock|p2a: Arceus\n|-damage|p2a: Arceus|57\/100\n|\n|upkeep\n|turn|13\n|\n|t:|1700161237\n|switch|p1a: Blade Wolf|Necrozma-Dusk-Mane|100\/100\n|move|p2a: Arceus|Recover|p2a: Arceus\n|-heal|p2a: Arceus|100\/100\n|\n|-fieldend|move: Psychic Terrain\n|upkeep\n|turn|14\n|\n|t:|1700161241\n|switch|p1a: Monsoon|Tapu Lele, tera:Normal|100\/100\n|-fieldstart|move: Psychic Terrain|[from] ability: Psychic Surge|[of] p1a: Monsoon\n|move|p2a: Arceus|Shadow Claw|p1a: Monsoon\n|-immune|p1a: Monsoon\n|\n|upkeep\n|turn|15\n|\n|t:|1700161252\n|move|p2a: Arceus|Recover||[still]\n|-fail|p2a: Arceus|heal\n|move|p1a: Monsoon|Taunt|p2a: Arceus\n|-start|p2a: Arceus|move: Taunt\n|\n|upkeep\n|turn|16\n|\n|t:|1700161265\n|switch|p2a: Zacian|Zacian-Crowned|100\/100\n|-ability|p2a: Zacian|Intrepid Sword|boost\n|-boost|p2a: Zacian|atk|1\n|move|p1a: Monsoon|Psyshock|p2a: Zacian\n|-resisted|p2a: Zacian\n|-crit|p2a: Zacian\n|-damage|p2a: Zacian|58\/100\n|\n|upkeep\n|turn|17\n|\n|t:|1700161270\n|switch|p1a: Blade Wolf|Necrozma-Dusk-Mane|100\/100\n|move|p2a: Zacian|Swords Dance|p2a: Zacian\n|-boost|p2a: Zacian|atk|2\n|\n|upkeep\n|turn|18\n|\n|t:|1700161275\n|move|p2a: Zacian|Wild Charge|p1a: Blade Wolf\n|-damage|p1a: Blade Wolf|40\/100\n|-damage|p2a: Zacian|39\/100|[from] Recoil\n|move|p1a: Blade Wolf|Trick Room|p1a: Blade Wolf\n|-fieldstart|move: Trick Room|[of] p1a: Blade Wolf\n|\n|-fieldend|move: Psychic Terrain\n|upkeep\n|turn|19\n|\n|t:|1700161278\n|move|p1a: Blade Wolf|Earthquake|p2a: Zacian\n|-supereffective|p2a: Zacian\n|-damage|p2a: Zacian|0 fnt\n|faint|p2a: Zacian\n|\n|upkeep\n|\n|t:|1700161280\n|switch|p2a: Arceus|Arceus|100\/100\n|turn|20\n|\n|t:|1700161287\n|move|p1a: Blade Wolf|Sunsteel Strike|p2a: Arceus\n|-damage|p2a: Arceus|59\/100\n|move|p2a: Arceus|Swords Dance|p2a: Arceus\n|-boost|p2a: Arceus|atk|2\n|\n|upkeep\n|turn|21\n|\n|t:|1700161292\n|switch|p1a: Monsoon|Tapu Lele, tera:Normal|100\/100\n|-fieldstart|move: Psychic Terrain|[from] ability: Psychic Surge|[of] p1a: Monsoon\n|move|p2a: Arceus|Shadow Claw|p1a: Monsoon\n|-immune|p1a: Monsoon\n|\n|upkeep\n|turn|22\n|\n|t:|1700161294\n|move|p1a: Monsoon|Taunt|p2a: Arceus\n|-start|p2a: Arceus|move: Taunt\n|cant|p2a: Arceus|move: Taunt|Recover\n|\n|-fieldend|move: Trick Room\n|upkeep\n|turn|23\n|\n|t:|1700161297\n|move|p2a: Arceus|Shadow Claw|p1a: Monsoon\n|-immune|p1a: Monsoon\n|move|p1a: Monsoon|Psyshock|p2a: Arceus\n|-damage|p2a: Arceus|19\/100\n|\n|upkeep\n|turn|24\n|\n|t:|1700161301\n|switch|p2a: Deoxys|Deoxys-Attack, tera:Ghost|81\/100\n|-ability|p2a: Deoxys|Pressure\n|move|p1a: Monsoon|Psyshock|p2a: Deoxys\n|-damage|p2a: Deoxys|0 fnt\n|faint|p2a: Deoxys\n|\n|upkeep\n|\n|t:|1700161306\n|switch|p2a: duddus|Marshadow|100\/100\n|turn|25\n|\n|t:|1700161325\n|move|p2a: duddus|Spectral Thief|p1a: Monsoon\n|-immune|p1a: Monsoon\n|move|p1a: Monsoon|Psyshock|p2a: duddus\n|-supereffective|p2a: duddus\n|-damage|p2a: duddus|0 fnt\n|faint|p2a: duddus\n|\n|-fieldend|move: Psychic Terrain\n|upkeep\n|\n|t:|1700161327\n|switch|p2a: Arceus|Arceus|19\/100\n|turn|26\n|-message|AttackOnGargaNacl forfeited.\n|\n|win|galaxystudios370\n|raw|galaxystudios370's rating: 1553 &rarr; <strong>1575<\/strong><br \/>(+22 for winning)\n|raw|AttackOnGargaNacl's rating: 1595 &rarr; <strong>1573<\/strong><br \/>(-22 for losing)\n|l|\u2606AttackOnGargaNacl\n|c|\u2606galaxystudios370|finally\n","uploadtime":1700161402,"views":27,"p1id":"galaxystudios370","p2id":"attackongarganacl","formatid":"gen9nationaldexubers","rating":1573,"private":0,"password":""}