{"id":"gen9nationaldexubers-1993935365","p1":"Jothis","p2":"KavinKM7","format":"[Gen 9] National Dex Ubers","log":"|j|\u2606Jothis\n|j|\u2606KavinKM7\n|t:|1700378357\n|gametype|singles\n|player|p1|Jothis|palmer|\n|player|p2|KavinKM7|2|\n|teamsize|p1|6\n|teamsize|p2|6\n|gen|9\n|tier|[Gen 9] National Dex Ubers\n|rule|HP Percentage Mod: HP is shown in percentages\n|rule|Endless Battle Clause: Forcing endless battles is banned\n|rule|OHKO Clause: OHKO moves are banned\n|rule|Evasion Moves Clause: Evasion moves are banned\n|rule|Evasion Items Clause: Evasion items are banned\n|rule|Species Clause: Limit one of each Pok\u00e9mon\n|rule|Sleep Clause Mod: Limit one foe put to sleep\n|rule|Mega Rayquaza Clause: You cannot mega evolve Rayquaza\n|clearpoke\n|poke|p1|Chi-Yu|\n|poke|p1|Ursaluna-Bloodmoon, M|\n|poke|p1|Chien-Pao|\n|poke|p1|Ogerpon-Hearthflame, F|\n|poke|p1|Gardevoir, M|\n|poke|p1|Garchomp, M|\n|poke|p2|Calyrex-Ice|\n|poke|p2|Magearna|\n|poke|p2|Yveltal|\n|poke|p2|Sceptile, F|\n|poke|p2|Deoxys-Attack|\n|poke|p2|Xerneas-*|\n|teampreview\n|inactive|Battle timer is ON: inactive players will automatically lose when time's up. (requested by Jothis)\n|\n|t:|1700378365\n|start\n|switch|p1a: Ogerpon|Ogerpon-Hearthflame, F|100\/100\n|switch|p2a: Magearna|Magearna|100\/100\n|-ability|p1a: Ogerpon|Mold Breaker\n|turn|1\n|\n|t:|1700378377\n|switch|p2a: Yveltal|Yveltal, shiny|100\/100\n|-ability|p2a: Yveltal|Dark Aura\n|-terastallize|p1a: Ogerpon|Fire\n|detailschange|p1a: Ogerpon|Ogerpon-Hearthflame-Tera, F, tera:Fire\n|-ability|p1a: Ogerpon|Embody Aspect (Hearthflame)|boost\n|-boost|p1a: Ogerpon|atk|1\n|move|p1a: Ogerpon|Ivy Cudgel|p2a: Yveltal|[anim] Ivy Cudgel Fire\n|-damage|p2a: Yveltal|12\/100\n|\n|upkeep\n|turn|2\n|\n|t:|1700378391\n|move|p1a: Ogerpon|Trailblaze|p2a: Yveltal\n|-resisted|p2a: Yveltal\n|-damage|p2a: Yveltal|0 fnt\n|-boost|p1a: Ogerpon|spe|1\n|faint|p2a: Yveltal\n|\n|upkeep\n|\n|t:|1700378396\n|switch|p2a: Deoxys|Deoxys-Attack|100\/100\n|-ability|p2a: Deoxys|Pressure\n|turn|3\n|\n|t:|1700378403\n|move|p2a: Deoxys|Stomping Tantrum|p1a: Ogerpon\n|-supereffective|p1a: Ogerpon\n|-damage|p1a: Ogerpon|19\/100\n|move|p1a: Ogerpon|Trailblaze|p2a: Deoxys\n|-damage|p2a: Deoxys|0 fnt\n|-boost|p1a: Ogerpon|spe|1\n|faint|p2a: Deoxys\n|\n|upkeep\n|\n|t:|1700378413\n|switch|p2a: Calyrex|Calyrex-Ice|100\/100\n|-ability|p2a: Calyrex|As One\n|-ability|p2a: Calyrex|Unnerve\n|turn|4\n|\n|t:|1700378424\n|move|p1a: Ogerpon|Ivy Cudgel|p2a: Calyrex|[anim] Ivy Cudgel Fire\n|-supereffective|p2a: Calyrex\n|-damage|p2a: Calyrex|0 fnt\n|faint|p2a: Calyrex\n|\n|upkeep\n|\n|t:|1700378430\n|switch|p2a: Sceptile|Sceptile, F|100\/100\n|turn|5\n|\n|t:|1700378434\n|detailschange|p2a: Sceptile|Sceptile-Mega, F\n|-mega|p2a: Sceptile|Sceptile|Sceptilite\n|move|p1a: Ogerpon|Ivy Cudgel|p2a: Sceptile|[anim] Ivy Cudgel Fire\n|-damage|p2a: Sceptile|0 fnt\n|faint|p2a: Sceptile\n|\n|upkeep\n|\n|t:|1700378440\n|switch|p2a: Xerneas|Xerneas|100\/100\n|-ability|p2a: Xerneas|Fairy Aura\n|turn|6\n|\n|t:|1700378444\n|move|p1a: Ogerpon|Ivy Cudgel|p2a: Xerneas|[anim] Ivy Cudgel Fire\n|-damage|p2a: Xerneas|13\/100\n|move|p2a: Xerneas|Psyshock|p1a: Ogerpon\n|-damage|p1a: Ogerpon|0 fnt\n|faint|p1a: Ogerpon\n|\n|upkeep\n|\n|t:|1700378452\n|switch|p1a: Gardevoir|Gardevoir, M|100\/100\n|turn|7\n|\n|t:|1700378459\n|move|p2a: Xerneas|Moonblast|p1a: Gardevoir\n|-damage|p1a: Gardevoir|45\/100\n|move|p1a: Gardevoir|Trick Room|p1a: Gardevoir\n|-fieldstart|move: Trick Room|[of] p1a: Gardevoir\n|\n|upkeep\n|turn|8\n|\n|t:|1700378465\n|move|p1a: Gardevoir|Healing Wish|p1a: Gardevoir\n|faint|p1a: Gardevoir\n|move|p2a: Xerneas|Moonblast|p1: Gardevoir|[notarget]\n|-fail|p2a: Xerneas\n|\n|upkeep\n|\n|t:|1700378469\n|switch|p1a: Ursaluna|Ursaluna-Bloodmoon, M|100\/100\n|turn|9\n|\n|t:|1700378473\n|move|p1a: Ursaluna|Blood Moon|p2a: Xerneas\n|-damage|p2a: Xerneas|0 fnt\n|faint|p2a: Xerneas\n|\n|upkeep\n|\n|t:|1700378476\n|switch|p2a: Magearna|Magearna|100\/100\n|turn|10\n|\n|t:|1700378483\n|-terastallize|p2a: Magearna|Flying\n|move|p1a: Ursaluna|Earth Power|p2a: Magearna\n|-immune|p2a: Magearna\n|move|p2a: Magearna|Ice Beam|p1a: Ursaluna\n|-supereffective|p1a: Ursaluna\n|-damage|p1a: Ursaluna|32\/100\n|-damage|p2a: Magearna|91\/100|[from] item: Life Orb\n|\n|upkeep\n|turn|11\n|\n|t:|1700378490\n|move|p1a: Ursaluna|Blood Moon|p2a: Magearna\n|-damage|p2a: Magearna|20\/100\n|move|p2a: Magearna|Ice Beam|p1a: Ursaluna\n|-supereffective|p1a: Ursaluna\n|-damage|p1a: Ursaluna|0 fnt\n|faint|p1a: Ursaluna\n|-ability|p2a: Magearna|Soul-Heart|boost\n|-boost|p2a: Magearna|spa|1\n|-damage|p2a: Magearna|10\/100|[from] item: Life Orb\n|\n|-fieldend|move: Trick Room\n|upkeep\n|\n|t:|1700378496\n|switch|p1a: Chien-Pao|Chien-Pao|100\/100\n|-ability|p1a: Chien-Pao|Sword of Ruin\n|turn|12\n|\n|t:|1700378500\n|move|p1a: Chien-Pao|Ice Spinner|p2a: Magearna\n|-supereffective|p2a: Magearna\n|-damage|p2a: Magearna|0 fnt\n|faint|p2a: Magearna\n|\n|win|Jothis\n|l|\u2606KavinKM7\n","uploadtime":1700380139,"views":6,"p1id":"jothis","p2id":"kavinkm7","formatid":"gen9nationaldexubers","rating":0,"private":0,"password":""}