{"id":"gen9nationaldexubers-2000547874","p1":"Halil66","p2":"Mistery Gold","format":"[Gen 9] National Dex Ubers","log":"|j|\u2606Halil66\n|j|\u2606Mistery Gold\n|t:|1701204256\n|gametype|singles\n|player|p1|Halil66|brock|1108\n|player|p2|Mistery Gold|tate|1283\n|teamsize|p1|6\n|teamsize|p2|6\n|gen|9\n|tier|[Gen 9] National Dex Ubers\n|rated|\n|rule|HP Percentage Mod: HP is shown in percentages\n|rule|Endless Battle Clause: Forcing endless battles is banned\n|rule|OHKO Clause: OHKO moves are banned\n|rule|Evasion Moves Clause: Evasion moves are banned\n|rule|Evasion Items Clause: Evasion items are banned\n|rule|Species Clause: Limit one of each Pok\u00e9mon\n|rule|Sleep Clause Mod: Limit one foe put to sleep\n|rule|Mega Rayquaza Clause: You cannot mega evolve Rayquaza\n|clearpoke\n|poke|p1|Charizard, M|\n|poke|p1|Kyurem-Black|\n|poke|p1|Yveltal|\n|poke|p1|Lugia|\n|poke|p1|Melmetal|\n|poke|p1|Darkrai|\n|poke|p2|Xerneas-*|\n|poke|p2|Lucario, M|\n|poke|p2|Greninja-*, M|\n|poke|p2|Palafin, F|\n|poke|p2|Roaring Moon|\n|poke|p2|Gastrodon-East, F|\n|teampreview\n|inactive|Battle timer is ON: inactive players will automatically lose when time's up. (requested by Halil66)\n|inactive|Mistery Gold has 120 seconds left.\n|\n|t:|1701204311\n|start\n|switch|p1a: Darkrai|Darkrai|100\/100\n|switch|p2a: Gastrodon|Gastrodon-East, F|100\/100\n|turn|1\n|\n|t:|1701204325\n|move|p1a: Darkrai|Hypnosis|p2a: Gastrodon|[miss]\n|-miss|p1a: Darkrai|p2a: Gastrodon\n|move|p2a: Gastrodon|Stealth Rock|p1a: Darkrai\n|-sidestart|p1: Halil66|move: Stealth Rock\n|\n|upkeep\n|turn|2\n|\n|t:|1701204333\n|move|p1a: Darkrai|Hypnosis|p2a: Gastrodon\n|-status|p2a: Gastrodon|slp|[from] move: Hypnosis\n|cant|p2a: Gastrodon|slp\n|\n|-damage|p2a: Gastrodon|88\/100 slp|[from] ability: Bad Dreams|[of] p1a: Darkrai\n|upkeep\n|turn|3\n|\n|t:|1701204350\n|move|p1a: Darkrai|Dark Pulse|p2a: Gastrodon\n|-damage|p2a: Gastrodon|50\/100 slp\n|cant|p2a: Gastrodon|slp\n|\n|-heal|p2a: Gastrodon|56\/100 slp|[from] item: Leftovers\n|-damage|p2a: Gastrodon|44\/100 slp|[from] ability: Bad Dreams|[of] p1a: Darkrai\n|upkeep\n|turn|4\n|\n|t:|1701204360\n|move|p1a: Darkrai|Dark Pulse|p2a: Gastrodon\n|-damage|p2a: Gastrodon|4\/100 slp\n|-curestatus|p2a: Gastrodon|slp|[msg]\n|move|p2a: Gastrodon|Toxic|p1a: Darkrai|[miss]\n|-miss|p2a: Gastrodon|p1a: Darkrai\n|\n|-heal|p2a: Gastrodon|10\/100|[from] item: Leftovers\n|upkeep\n|turn|5\n|\n|t:|1701204370\n|move|p1a: Darkrai|Dark Pulse|p2a: Gastrodon\n|-damage|p2a: Gastrodon|0 fnt\n|faint|p2a: Gastrodon\n|\n|upkeep\n|\n|t:|1701204380\n|switch|p2a: Xerneas|Xerneas|100\/100\n|-ability|p2a: Xerneas|Fairy Aura\n|turn|6\n|\n|t:|1701204388\n|move|p1a: Darkrai|Hypnosis|p2a: Xerneas\n|-status|p2a: Xerneas|slp|[from] move: Hypnosis\n|cant|p2a: Xerneas|slp\n|\n|-damage|p2a: Xerneas|88\/100 slp|[from] ability: Bad Dreams|[of] p1a: Darkrai\n|upkeep\n|turn|7\n|\n|t:|1701204409\n|switch|p1a: Kyurem|Kyurem-Black|100\/100\n|-damage|p1a: Kyurem|76\/100|[from] Stealth Rock\n|-ability|p1a: Kyurem|Teravolt\n|cant|p2a: Xerneas|slp\n|\n|upkeep\n|turn|8\n|\n|t:|1701204418\n|move|p1a: Kyurem|Iron Head|p2a: Xerneas\n|-supereffective|p2a: Xerneas\n|-damage|p2a: Xerneas|19\/100 slp\n|-curestatus|p2a: Xerneas|slp|[msg]\n|move|p2a: Xerneas|Geomancy||[still]\n|-prepare|p2a: Xerneas|Geomancy\n|-enditem|p2a: Xerneas|Power Herb\n|-anim|p2a: Xerneas|Geomancy|p2a: Xerneas\n|-boost|p2a: Xerneas|spa|2\n|-boost|p2a: Xerneas|spd|2\n|-boost|p2a: Xerneas|spe|2\n|\n|upkeep\n|turn|9\n|\n|t:|1701204430\n|move|p2a: Xerneas|Moonblast|p1a: Kyurem\n|-supereffective|p1a: Kyurem\n|-damage|p1a: Kyurem|0 fnt\n|faint|p1a: Kyurem\n|\n|upkeep\n|\n|t:|1701204446\n|switch|p1a: Yveltal|Yveltal|100\/100\n|-damage|p1a: Yveltal|76\/100|[from] Stealth Rock\n|-ability|p1a: Yveltal|Dark Aura\n|turn|10\n|\n|t:|1701204456\n|move|p1a: Yveltal|Sucker Punch||[still]\n|-fail|p1a: Yveltal\n|move|p2a: Xerneas|Geomancy||[still]\n|-prepare|p2a: Xerneas|Geomancy\n|\n|-heal|p1a: Yveltal|82\/100|[from] item: Leftovers\n|upkeep\n|turn|11\n|\n|t:|1701204466\n|move|p1a: Yveltal|Sucker Punch||[still]\n|-fail|p1a: Yveltal\n|move|p2a: Xerneas|Geomancy|p2a: Xerneas|[from]lockedmove\n|-boost|p2a: Xerneas|spa|2\n|-boost|p2a: Xerneas|spd|2\n|-boost|p2a: Xerneas|spe|2\n|\n|-heal|p1a: Yveltal|88\/100|[from] item: Leftovers\n|upkeep\n|turn|12\n|\n|t:|1701204480\n|move|p1a: Yveltal|Sucker Punch|p2a: Xerneas\n|-resisted|p2a: Xerneas\n|-damage|p2a: Xerneas|0 fnt\n|faint|p2a: Xerneas\n|\n|-heal|p1a: Yveltal|94\/100|[from] item: Leftovers\n|upkeep\n|\n|t:|1701204485\n|switch|p2a: Greninja|Greninja, M|100\/100\n|turn|13\n|\n|t:|1701204497\n|switch|p1a: Melmetal|Melmetal|100\/100\n|-damage|p1a: Melmetal|94\/100|[from] Stealth Rock\n|-terastallize|p2a: Greninja|Water\n|move|p2a: Greninja|Hydro Pump|p1a: Melmetal\n|-damage|p1a: Melmetal|54\/100\n|\n|upkeep\n|turn|14\n|\n|t:|1701204507\n|move|p2a: Greninja|Hydro Pump|p1a: Melmetal\n|-damage|p1a: Melmetal|7\/100\n|move|p1a: Melmetal|Thunder Punch|p2a: Greninja\n|-supereffective|p2a: Greninja\n|-enditem|p2a: Greninja|Focus Sash\n|-damage|p2a: Greninja|1\/100\n|\n|upkeep\n|turn|15\n|\n|t:|1701204521\n|switch|p1a: Shadow Lugia|Lugia, shiny|100\/100\n|-damage|p1a: Shadow Lugia|75\/100|[from] Stealth Rock\n|move|p2a: Greninja|Dark Pulse|p1a: Shadow Lugia\n|-supereffective|p1a: Shadow Lugia\n|-damage|p1a: Shadow Lugia|34\/100\n|-enditem|p1a: Shadow Lugia|Weakness Policy\n|-boost|p1a: Shadow Lugia|atk|2|[from] item: Weakness Policy\n|-boost|p1a: Shadow Lugia|spa|2|[from] item: Weakness Policy\n|\n|upkeep\n|turn|16\n|\n|t:|1701204545\n|-terastallize|p1a: Shadow Lugia|Water\n|move|p2a: Greninja|Dark Pulse|p1a: Shadow Lugia\n|-damage|p1a: Shadow Lugia|13\/100\n|move|p1a: Shadow Lugia|Recover|p1a: Shadow Lugia\n|-heal|p1a: Shadow Lugia|63\/100\n|\n|upkeep\n|turn|17\n|\n|t:|1701204558\n|move|p2a: Greninja|Grass Knot|p1a: Shadow Lugia\n|-supereffective|p1a: Shadow Lugia\n|-damage|p1a: Shadow Lugia|20\/100\n|move|p1a: Shadow Lugia|Recover|p1a: Shadow Lugia\n|-heal|p1a: Shadow Lugia|70\/100\n|\n|upkeep\n|turn|18\n|\n|t:|1701204568\n|move|p2a: Greninja|Grass Knot|p1a: Shadow Lugia\n|-supereffective|p1a: Shadow Lugia\n|-damage|p1a: Shadow Lugia|27\/100\n|move|p1a: Shadow Lugia|Psychic|p2a: Greninja\n|-damage|p2a: Greninja|0 fnt\n|faint|p2a: Greninja\n|\n|upkeep\n|\n|t:|1701204576\n|switch|p2a: Lucario|Lucario, M|100\/100\n|turn|19\n|\n|t:|1701204590\n|detailschange|p2a: Lucario|Lucario-Mega, M\n|-mega|p2a: Lucario|Lucario|Lucarionite\n|move|p1a: Shadow Lugia|Recover|p1a: Shadow Lugia\n|-heal|p1a: Shadow Lugia|77\/100\n|move|p2a: Lucario|Earthquake|p1a: Shadow Lugia\n|-damage|p1a: Shadow Lugia|50\/100\n|\n|upkeep\n|turn|20\n|\n|t:|1701204599\n|move|p1a: Shadow Lugia|Recover|p1a: Shadow Lugia\n|-heal|p1a: Shadow Lugia|99\/100\n|move|p2a: Lucario|Swords Dance|p2a: Lucario\n|-boost|p2a: Lucario|atk|2\n|\n|upkeep\n|turn|21\n|\n|t:|1701204612\n|move|p2a: Lucario|Bullet Punch|p1a: Shadow Lugia\n|-resisted|p1a: Shadow Lugia\n|-damage|p1a: Shadow Lugia|78\/100\n|move|p1a: Shadow Lugia|Aeroblast|p2a: Lucario\n|-damage|p2a: Lucario|0 fnt\n|faint|p2a: Lucario\n|\n|upkeep\n|\n|t:|1701204622\n|switch|p2a: Roaring Moon|Roaring Moon|100\/100\n|turn|22\n|\n|t:|1701204636\n|move|p2a: Roaring Moon|Dragon Dance|p2a: Roaring Moon\n|-boost|p2a: Roaring Moon|atk|1\n|-boost|p2a: Roaring Moon|spe|1\n|move|p1a: Shadow Lugia|Aeroblast|p2a: Roaring Moon\n|-damage|p2a: Roaring Moon|37\/100\n|\n|upkeep\n|turn|23\n|inactive|Mistery Gold has 120 seconds left.\n|\n|t:|1701204690\n|move|p2a: Roaring Moon|Earthquake|p1a: Shadow Lugia\n|-damage|p1a: Shadow Lugia|39\/100\n|move|p1a: Shadow Lugia|Aeroblast|p2a: Roaring Moon\n|-damage|p2a: Roaring Moon|0 fnt\n|faint|p2a: Roaring Moon\n|-end|p2a: Roaring Moon|Protosynthesis|[silent]\n|\n|upkeep\n|c|\u2606Halil66|PlAy losa\n|\n|t:|1701204700\n|switch|p2a: Palafin|Palafin, F|100\/100\n|turn|24\n|\n|t:|1701204712\n|move|p1a: Shadow Lugia|Aeroblast|p2a: Palafin\n|-damage|p2a: Palafin|3\/100\n|move|p2a: Palafin|Drain Punch|p1a: Shadow Lugia\n|-crit|p1a: Shadow Lugia\n|-damage|p1a: Shadow Lugia|11\/100\n|-heal|p2a: Palafin|20\/100|[from] drain|[of] p1a: Shadow Lugia\n|\n|upkeep\n|turn|25\n|\n|t:|1701204721\n|move|p1a: Shadow Lugia|Aeroblast|p2a: Palafin\n|-damage|p2a: Palafin|0 fnt\n|faint|p2a: Palafin\n|\n|win|Halil66\n|raw|Halil66's rating: 1108 &rarr; <strong>1145<\/strong><br \/>(+37 for winning)\n|raw|Mistery Gold's rating: 1283 &rarr; <strong>1246<\/strong><br \/>(-37 for losing)\n","uploadtime":1701204734,"views":0,"p1id":"halil66","p2id":"misterygold","formatid":"gen9nationaldexubers","rating":1145,"private":0,"password":""}