{"id":"gen9nationaldexubers-1987786907","p1":"Drixzard","p2":"hanagakiUBD","format":"[Gen 9] National Dex Ubers","log":"|j|\u2606Drixzard\n|j|\u2606hanagakiUBD\n|t:|1699636819\n|gametype|singles\n|player|p1|Drixzard|ingo|\n|player|p2|hanagakiUBD|iris-gen5bw2|\n|teamsize|p1|6\n|teamsize|p2|6\n|gen|9\n|tier|[Gen 9] National Dex Ubers\n|rule|HP Percentage Mod: HP is shown in percentages\n|rule|Endless Battle Clause: Forcing endless battles is banned\n|rule|OHKO Clause: OHKO moves are banned\n|rule|Evasion Moves Clause: Evasion moves are banned\n|rule|Evasion Items Clause: Evasion items are banned\n|rule|Species Clause: Limit one of each Pok\u00e9mon\n|rule|Sleep Clause Mod: Limit one foe put to sleep\n|rule|Mega Rayquaza Clause: You cannot mega evolve Rayquaza\n|clearpoke\n|poke|p1|Sableye, F|\n|poke|p1|Dragapult, F|\n|poke|p1|Skeledirge, F|\n|poke|p1|Zoroark-Hisui, F|\n|poke|p1|Annihilape, M|\n|poke|p1|Kingambit, F|\n|poke|p2|Darmanitan-Galar, M|\n|poke|p2|Volcarona, F|\n|poke|p2|Dragapult, F|\n|poke|p2|Alakazam, F|\n|poke|p2|Kingambit, M|\n|poke|p2|Kleavor, M|\n|teampreview\n|inactive|Battle timer is ON: inactive players will automatically lose when time's up. (requested by hanagakiUBD)\n|inactive|Drixzard has 270 seconds left.\n|l|\u2606Drixzard\n|inactive|Drixzard disconnected and has 300 seconds to reconnect!\n|player|p1|\n|inactive|Drixzard has 270 seconds to reconnect!\n|j|\u2606Drixzard\n|inactive|Drixzard reconnected and has 245 seconds left.\n|player|p1|Drixzard|ingo\n|inactive|Drixzard has 240 seconds left.\n|c|\u2606Drixzard|Quita el puto timer nmms\n|c|\u2606hanagakiUBD|Nah\n|c|\u2606Drixzard|Ni que fueras a ganar por timer\n|c|\u2606hanagakiUBD|De hecho si xd\n|c|\u2606Drixzard|Aqu\u00ed no va de eso\n|c|\u2606Drixzard|Quita esa cochinada\n|inactive|Drixzard has 210 seconds left.\n|c|\u2606Drixzard|Mi medalla se gana sin timer si no no hago nada\n|c|\u2606hanagakiUBD|Apura y juega\n|c|\u2606Drixzard|*no hace nada*\n|c|\u2606hanagakiUBD|Ni tu ni yo queremos que esto se alargue\n|c|\u2606Drixzard|Quita el puto timer\n|inactive|Drixzard has 180 seconds left.\n|c|\u2606hanagakiUBD|Porque facil lo dejo asi y ya\n|c|\u2606hanagakiUBD|\u00d1o\n|c|\u2606hanagakiUBD|No lo hare\n|c|\u2606Drixzard|Quitalo we\n|c|\u2606hanagakiUBD|\u00d1o\n|c|\u2606Drixzard|Tons no puedo jugar horita\n|c|\u2606Drixzard|:}\n|inactiveoff|Battle timer is now OFF.\n|\n|t:|1699637003\n|start\n|switch|p1a: Sableye|Sableye, F|100\/100\n|switch|p2a: Volcarona|Volcarona, F, shiny|100\/100\n|turn|1\n|c|\u2606hanagakiUBD|Te demoras mas de 30 segundos por turno\n|c|\u2606hanagakiUBD|Y lo activo\n|\n|t:|1699637015\n|switch|p2a: Kingambit|Kingambit, M|100\/100\n|switch|p1a: Skeledirge|Skeledirge, F|100\/100\n|\n|upkeep\n|turn|2\n|\n|t:|1699637024\n|-end|p2a: Kingambit|fallenundefined|[silent]\n|switch|p2a: Volcarona|Volcarona, F, shiny|100\/100\n|move|p1a: Skeledirge|Will-O-Wisp|p2a: Volcarona\n|-immune|p2a: Volcarona\n|\n|upkeep\n|turn|3\n|\n|t:|1699637028\n|move|p2a: Volcarona|Quiver Dance|p2a: Volcarona\n|-boost|p2a: Volcarona|spa|1\n|-boost|p2a: Volcarona|spd|1\n|-boost|p2a: Volcarona|spe|1\n|move|p1a: Skeledirge|Torch Song|p2a: Volcarona\n|-damage|p2a: Volcarona|63\/100\n|-boost|p1a: Skeledirge|spa|1\n|\n|-heal|p2a: Volcarona|69\/100|[from] item: Leftovers\n|upkeep\n|turn|4\n|\n|t:|1699637035\n|-terastallize|p2a: Volcarona|Dragon\n|move|p2a: Volcarona|Fiery Dance|p1a: Skeledirge\n|-resisted|p1a: Skeledirge\n|-damage|p1a: Skeledirge|76\/100\n|move|p1a: Skeledirge|Torch Song|p2a: Volcarona\n|-resisted|p2a: Volcarona\n|-damage|p2a: Volcarona|44\/100\n|-boost|p1a: Skeledirge|spa|1\n|\n|-heal|p2a: Volcarona|50\/100|[from] item: Leftovers\n|upkeep\n|turn|5\n|\n|t:|1699637044\n|move|p2a: Volcarona|Psychic|p1a: Skeledirge\n|-damage|p1a: Skeledirge|36\/100\n|move|p1a: Skeledirge|Torch Song|p2a: Volcarona\n|-resisted|p2a: Volcarona\n|-damage|p2a: Volcarona|17\/100\n|-boost|p1a: Skeledirge|spa|1\n|\n|-heal|p2a: Volcarona|23\/100|[from] item: Leftovers\n|upkeep\n|turn|6\n|\n|t:|1699637055\n|move|p2a: Volcarona|Psychic|p1a: Skeledirge\n|-damage|p1a: Skeledirge|3\/100\n|move|p1a: Skeledirge|Slack Off|p1a: Skeledirge\n|-heal|p1a: Skeledirge|53\/100\n|\n|-heal|p2a: Volcarona|29\/100|[from] item: Leftovers\n|upkeep\n|turn|7\n|\n|t:|1699637058\n|move|p2a: Volcarona|Psychic|p1a: Skeledirge\n|-damage|p1a: Skeledirge|15\/100\n|move|p1a: Skeledirge|Slack Off|p1a: Skeledirge\n|-heal|p1a: Skeledirge|65\/100\n|\n|-heal|p2a: Volcarona|35\/100|[from] item: Leftovers\n|upkeep\n|turn|8\n|c|\u2606hanagakiUBD|Bro?\n|c|\u2606Drixzard|Y esa suerte?\n|c|\u2606Drixzard|Wtf\n|c|\u2606hanagakiUBD|Njdas\n|c|\u2606Drixzard|Nmms\n|c|\u2606Drixzard|Que paso?\n|c|\u2606hanagakiUBD|Que asco me das encerio\n|c|\u2606Drixzard|Wtf\n|\n|t:|1699637084\n|move|p2a: Volcarona|Psychic|p1a: Skeledirge\n|-damage|p1a: Skeledirge|28\/100\n|move|p1a: Skeledirge|Slack Off|p1a: Skeledirge\n|-heal|p1a: Skeledirge|78\/100\n|\n|-heal|p2a: Volcarona|41\/100|[from] item: Leftovers\n|upkeep\n|turn|9\n|c|\u2606hanagakiUBD|Apurate y juega\n|c|\u2606hanagakiUBD|Ya mucho calentamiento\n|\n|t:|1699637103\n|move|p2a: Volcarona|Psychic|p1a: Skeledirge\n|-damage|p1a: Skeledirge|41\/100\n|move|p1a: Skeledirge|Slack Off|p1a: Skeledirge\n|-heal|p1a: Skeledirge|91\/100\n|\n|-heal|p2a: Volcarona|47\/100|[from] item: Leftovers\n|upkeep\n|turn|10\n|\n|t:|1699637106\n|move|p2a: Volcarona|Psychic|p1a: Skeledirge\n|-damage|p1a: Skeledirge|54\/100\n|move|p1a: Skeledirge|Torch Song|p2a: Volcarona\n|-resisted|p2a: Volcarona\n|-damage|p2a: Volcarona|2\/100\n|-boost|p1a: Skeledirge|spa|1\n|\n|-heal|p2a: Volcarona|8\/100|[from] item: Leftovers\n|upkeep\n|turn|11\n|\n|t:|1699637111\n|move|p2a: Volcarona|Psychic|p1a: Skeledirge\n|-damage|p1a: Skeledirge|20\/100\n|move|p1a: Skeledirge|Slack Off|p1a: Skeledirge\n|-heal|p1a: Skeledirge|70\/100\n|\n|-heal|p2a: Volcarona|14\/100|[from] item: Leftovers\n|upkeep\n|turn|12\n|\n|t:|1699637116\n|move|p2a: Volcarona|Psychic|p1a: Skeledirge\n|-damage|p1a: Skeledirge|33\/100\n|move|p1a: Skeledirge|Slack Off|p1a: Skeledirge\n|-heal|p1a: Skeledirge|83\/100\n|\n|-heal|p2a: Volcarona|20\/100|[from] item: Leftovers\n|upkeep\n|turn|13\n|\n|t:|1699637120\n|move|p2a: Volcarona|Psychic|p1a: Skeledirge\n|-damage|p1a: Skeledirge|43\/100\n|move|p1a: Skeledirge|Torch Song|p2a: Volcarona\n|-resisted|p2a: Volcarona\n|-damage|p2a: Volcarona|0 fnt\n|-boost|p1a: Skeledirge|spa|1\n|faint|p2a: Volcarona\n|\n|upkeep\n|\n|t:|1699637125\n|switch|p2a: Darmanitan|Darmanitan-Galar, M|100\/100\n|turn|14\n|\n|t:|1699637129\n|move|p2a: Darmanitan|Earthquake|p1a: Skeledirge\n|-supereffective|p1a: Skeledirge\n|-damage|p1a: Skeledirge|0 fnt\n|faint|p1a: Skeledirge\n|\n|upkeep\n|\n|t:|1699637147\n|switch|p1a: Sableye|Sableye, F|100\/100\n|turn|15\n|\n|t:|1699637151\n|switch|p2a: Alakazam|Alakazam, F|100\/100\n|detailschange|p1a: Sableye|Sableye-Mega, F\n|-mega|p1a: Sableye|Sableye|Sablenite\n|move|p1a: Sableye|Will-O-Wisp|p2a: Alakazam\n|-status|p2a: Alakazam|brn\n|\n|upkeep\n|turn|16\n|\n|t:|1699637169\n|detailschange|p2a: Alakazam|Alakazam-Mega, F\n|-mega|p2a: Alakazam|Alakazam|Alakazite\n|-ability|p2a: Alakazam|Magic Bounce|[from] ability: Trace|[of] p1a: Sableye\n|move|p2a: Alakazam|Dazzling Gleam|p1a: Sableye\n|-supereffective|p1a: Sableye\n|-damage|p1a: Sableye|34\/100\n|move|p1a: Sableye|Dark Pulse|p2a: Alakazam\n|-supereffective|p2a: Alakazam\n|-damage|p2a: Alakazam|34\/100 brn\n|\n|-damage|p2a: Alakazam|28\/100 brn|[from] brn\n|upkeep\n|turn|17\n|\n|t:|1699637176\n|move|p2a: Alakazam|Dazzling Gleam|p1a: Sableye\n|-supereffective|p1a: Sableye\n|-damage|p1a: Sableye|0 fnt\n|faint|p1a: Sableye\n|\n|-damage|p2a: Alakazam|22\/100 brn|[from] brn\n|upkeep\n|\n|t:|1699637178\n|switch|p1a: Dragapult|Dragapult, F|100\/100\n|turn|18\n|\n|t:|1699637188\n|move|p1a: Dragapult|Shadow Ball|p2a: Alakazam\n|-supereffective|p2a: Alakazam\n|-damage|p2a: Alakazam|0 fnt\n|faint|p2a: Alakazam\n|\n|upkeep\n|\n|t:|1699637202\n|switch|p2a: Kleavor|Kleavor, M|100\/100\n|turn|19\n|\n|t:|1699637209\n|move|p1a: Dragapult|Shadow Ball|p2a: Kleavor\n|-damage|p2a: Kleavor|31\/100\n|move|p2a: Kleavor|Knock Off|p1a: Dragapult\n|-supereffective|p1a: Dragapult\n|-damage|p1a: Dragapult|0 fnt\n|replace|p1a: Zoroark|Zoroark-Hisui, F\n|-end|p1a: Zoroark|Illusion\n|-enditem|p1a: Zoroark|Choice Scarf|[from] move: Knock Off|[of] p2a: Kleavor\n|faint|p1a: Zoroark\n|\n|upkeep\n|\n|t:|1699637228\n|switch|p1a: Dragapult|Dragapult, F|100\/100\n|turn|20\n|\n|t:|1699637235\n|move|p2a: Kleavor|Knock Off|p1a: Dragapult\n|-supereffective|p1a: Dragapult\n|-damage|p1a: Dragapult|0 fnt\n|-enditem|p1a: Dragapult|Choice Specs|[from] move: Knock Off|[of] p2a: Kleavor\n|faint|p1a: Dragapult\n|\n|upkeep\n|c|\u2606hanagakiUBD|Siguiente\n|\n|t:|1699637243\n|switch|p1a: Annihilape|Annihilape, M|100\/100\n|turn|21\n|\n|t:|1699637248\n|move|p2a: Kleavor|Knock Off|p1a: Annihilape\n|-damage|p1a: Annihilape|54\/100\n|-enditem|p1a: Annihilape|Punching Glove|[from] move: Knock Off|[of] p2a: Kleavor\n|move|p1a: Annihilape|Rage Fist|p2a: Kleavor\n|-damage|p2a: Kleavor|0 fnt\n|faint|p2a: Kleavor\n|\n|upkeep\n|\n|t:|1699637257\n|switch|p2a: Darmanitan|Darmanitan-Galar, M|100\/100\n|turn|22\n|\n|t:|1699637261\n|move|p2a: Darmanitan|Earthquake|p1a: Annihilape\n|-damage|p1a: Annihilape|0 fnt\n|faint|p1a: Annihilape\n|\n|upkeep\n|\n|t:|1699637265\n|switch|p1a: Kingambit|Kingambit, F|100\/100\n|-activate|p1a: Kingambit|ability: Supreme Overlord\n|-start|p1a: Kingambit|fallen5|[silent]\n|turn|23\n|\n|t:|1699637273\n|-terastallize|p1a: Kingambit|Ghost\n|move|p2a: Darmanitan|Earthquake|p1a: Kingambit\n|-damage|p1a: Kingambit|59\/100\n|move|p1a: Kingambit|Power-Up Punch|p2a: Darmanitan\n|-supereffective|p2a: Darmanitan\n|-damage|p2a: Darmanitan|29\/100\n|-boost|p1a: Kingambit|atk|1\n|\n|-heal|p1a: Kingambit|65\/100|[from] item: Leftovers\n|upkeep\n|turn|24\n|\n|t:|1699637286\n|move|p1a: Kingambit|Sucker Punch|p2a: Darmanitan\n|-damage|p2a: Darmanitan|0 fnt\n|faint|p2a: Darmanitan\n|\n|-heal|p1a: Kingambit|71\/100|[from] item: Leftovers\n|upkeep\n|\n|t:|1699637288\n|switch|p2a: Dragapult|Dragapult, F, shiny|100\/100\n|turn|25\n|c|\u2606hanagakiUBD|Ya valio\n|\n|t:|1699637295\n|move|p2a: Dragapult|Substitute|p2a: Dragapult\n|-start|p2a: Dragapult|Substitute\n|-damage|p2a: Dragapult|76\/100\n|move|p1a: Kingambit|Tera Blast|p2a: Dragapult|[anim] Tera Blast Ghost\n|-supereffective|p2a: Dragapult\n|-end|p2a: Dragapult|Substitute\n|\n|-heal|p1a: Kingambit|77\/100|[from] item: Leftovers\n|upkeep\n|turn|26\n|\n|t:|1699637305\n|move|p1a: Kingambit|Sucker Punch|p2a: Dragapult\n|-supereffective|p2a: Dragapult\n|-damage|p2a: Dragapult|0 fnt\n|faint|p2a: Dragapult\n|\n|-heal|p1a: Kingambit|83\/100|[from] item: Leftovers\n|upkeep\n|\n|t:|1699637307\n|switch|p2a: Kingambit|Kingambit, M|100\/100\n|-activate|p2a: Kingambit|ability: Supreme Overlord\n|-start|p2a: Kingambit|fallen5|[silent]\n|turn|27\n|\n|t:|1699637313\n|move|p2a: Kingambit|Pursuit|p1a: Kingambit\n|-supereffective|p1a: Kingambit\n|-damage|p1a: Kingambit|13\/100\n|move|p1a: Kingambit|Power-Up Punch|p2a: Kingambit\n|-supereffective|p2a: Kingambit\n|-damage|p2a: Kingambit|0 fnt\n|-boost|p1a: Kingambit|atk|1\n|faint|p2a: Kingambit\n|-end|p2a: Kingambit|fallen5|[silent]\n|\n|win|Drixzard\n|c|\u2606hanagakiUBD|Gg\n|c|\u2606hanagakiUBD|Revancha\n|l|\u2606hanagakiUBD\n","uploadtime":1699637326,"views":7,"p1id":"drixzard","p2id":"hanagakiubd","formatid":"gen9nationaldexubers","rating":0,"private":0,"password":""}