{"id":"gen9nationaldexubers-1992677340","p1":"JustMonika_CARR","p2":"Foster the Sheeple","format":"[Gen 9] National Dex Ubers","log":"|j|\u2606JustMonika_CARR\n|j|\u2606Foster the Sheeple\n|t:|1700224074\n|gametype|singles\n|player|p1|JustMonika_CARR|rosa|1376\n|player|p2|Foster the Sheeple|2|1357\n|teamsize|p1|6\n|teamsize|p2|6\n|gen|9\n|tier|[Gen 9] National Dex Ubers\n|rated|\n|rule|HP Percentage Mod: HP is shown in percentages\n|rule|Endless Battle Clause: Forcing endless battles is banned\n|rule|OHKO Clause: OHKO moves are banned\n|rule|Evasion Moves Clause: Evasion moves are banned\n|rule|Evasion Items Clause: Evasion items are banned\n|rule|Species Clause: Limit one of each Pok\u00e9mon\n|rule|Sleep Clause Mod: Limit one foe put to sleep\n|rule|Mega Rayquaza Clause: You cannot mega evolve Rayquaza\n|clearpoke\n|poke|p1|Marshadow|\n|poke|p1|Lopunny, F|\n|poke|p1|Eternatus|\n|poke|p1|Forretress, F|\n|poke|p1|Pheromosa|\n|poke|p1|Grimmsnarl, M|\n|poke|p2|Espathra, M|\n|poke|p2|Naganadel|\n|poke|p2|Roaring Moon|\n|poke|p2|Annihilape, M|\n|poke|p2|Darmanitan-Galar, F|\n|poke|p2|Urshifu-*, F|\n|teampreview\n|l|\u2606Foster the Sheeple\n|player|p2|\n|c|\u2606JustMonika_CARR|Glhf\n|inactive|Battle timer is ON: inactive players will automatically lose when time's up. (requested by JustMonika_CARR)\n|j|\u2606Foster the Sheeple\n|inactive|Foster the Sheeple reconnected and has 135 seconds left.\n|player|p2|Foster the Sheeple|2\n|inactive|Foster the Sheeple has 120 seconds left.\n|\n|t:|1700224127\n|start\n|switch|p1a: Forretress|Forretress, F, shiny|100\/100\n|switch|p2a: Naganadel|Naganadel|100\/100\n|turn|1\n|\n|t:|1700224135\n|move|p2a: Naganadel|Fire Blast|p1a: Forretress\n|-supereffective|p1a: Forretress\n|-ability|p1a: Forretress|Sturdy\n|-damage|p1a: Forretress|1\/100\n|-enditem|p1a: Forretress|Red Card|[of] p2a: Naganadel\n|drag|p2a: Urshifu|Urshifu-Rapid-Strike, F|100\/100\n|move|p1a: Forretress|Toxic Spikes|p2a: Urshifu\n|-sidestart|p2: Foster the Sheeple|move: Toxic Spikes\n|\n|upkeep\n|turn|2\n|\n|t:|1700224150\n|move|p2a: Urshifu|Trailblaze|p1a: Forretress\n|-resisted|p1a: Forretress\n|-damage|p1a: Forretress|0 fnt\n|-boost|p2a: Urshifu|spe|1\n|faint|p1a: Forretress\n|\n|upkeep\n|\n|t:|1700224157\n|switch|p1a: Grimmsnarl|Grimmsnarl, M, shiny|100\/100\n|turn|3\n|\n|t:|1700224169\n|switch|p2a: Roaring Moon|Roaring Moon|100\/100\n|-status|p2a: Roaring Moon|psn\n|-enditem|p2a: Roaring Moon|Booster Energy\n|-activate|p2a: Roaring Moon|ability: Protosynthesis|[fromitem]\n|-start|p2a: Roaring Moon|protosynthesisatk\n|move|p1a: Grimmsnarl|Spirit Break|p2a: Roaring Moon\n|-supereffective|p2a: Roaring Moon\n|-damage|p2a: Roaring Moon|0 fnt\n|faint|p2a: Roaring Moon\n|-end|p2a: Roaring Moon|Protosynthesis|[silent]\n|\n|upkeep\n|\n|t:|1700224178\n|switch|p2a: Naganadel|Naganadel|100\/100\n|-sideend|p2: Foster the Sheeple|move: Toxic Spikes|[of] p2a: Naganadel\n|turn|4\n|\n|t:|1700224197\n|move|p1a: Grimmsnarl|Light Screen|p1a: Grimmsnarl\n|-sidestart|p1: JustMonika_CARR|move: Light Screen\n|move|p2a: Naganadel|Sludge Wave|p1a: Grimmsnarl\n|-supereffective|p1a: Grimmsnarl\n|-damage|p1a: Grimmsnarl|48\/100\n|-status|p1a: Grimmsnarl|psn\n|\n|-heal|p1a: Grimmsnarl|55\/100 psn|[from] item: Leftovers\n|-damage|p1a: Grimmsnarl|42\/100 psn|[from] psn\n|upkeep\n|turn|5\n|\n|t:|1700224210\n|switch|p1a: Eternatus|Eternatus|100\/100\n|-ability|p1a: Eternatus|Pressure\n|move|p2a: Naganadel|Nasty Plot|p2a: Naganadel\n|-boost|p2a: Naganadel|spa|2\n|\n|upkeep\n|turn|6\n|\n|t:|1700224219\n|-terastallize|p1a: Eternatus|Ground\n|move|p1a: Eternatus|Tera Blast|p2a: Naganadel|[anim] Tera Blast Ground\n|-supereffective|p2a: Naganadel\n|-enditem|p2a: Naganadel|Focus Sash\n|-damage|p2a: Naganadel|1\/100\n|move|p2a: Naganadel|Draco Meteor|p1a: Eternatus\n|-damage|p1a: Eternatus|46\/100\n|-unboost|p2a: Naganadel|spa|2\n|\n|upkeep\n|turn|7\n|inactive|Foster the Sheeple has 120 seconds left.\n|\n|t:|1700224254\n|move|p1a: Eternatus|Tera Blast|p2a: Naganadel|[anim] Tera Blast Ground\n|-supereffective|p2a: Naganadel\n|-damage|p2a: Naganadel|0 fnt\n|faint|p2a: Naganadel\n|\n|upkeep\n|\n|t:|1700224256\n|switch|p2a: Darmanitan|Darmanitan-Galar, F|100\/100\n|turn|8\n|\n|t:|1700224262\n|move|p1a: Eternatus|Tera Blast|p2a: Darmanitan|[anim] Tera Blast Ground\n|-damage|p2a: Darmanitan|16\/100\n|move|p2a: Darmanitan|Icicle Crash|p1a: Eternatus\n|-supereffective|p1a: Eternatus\n|-crit|p1a: Eternatus\n|-damage|p1a: Eternatus|0 fnt\n|faint|p1a: Eternatus\n|\n|-sideend|p1: JustMonika_CARR|move: Light Screen\n|upkeep\n|\n|t:|1700224280\n|switch|p1a: Pheromosa|Pheromosa, shiny|100\/100\n|turn|9\n|\n|t:|1700224285\n|move|p2a: Darmanitan|Icicle Crash|p1a: Pheromosa\n|-enditem|p1a: Pheromosa|Focus Sash\n|-damage|p1a: Pheromosa|1\/100\n|move|p1a: Pheromosa|Rapid Spin|p2a: Darmanitan\n|-crit|p2a: Darmanitan\n|-damage|p2a: Darmanitan|0 fnt\n|-boost|p1a: Pheromosa|spe|1\n|faint|p2a: Darmanitan\n|-ability|p1a: Pheromosa|Beast Boost|boost\n|-boost|p1a: Pheromosa|spa|1\n|\n|upkeep\n|inactive|Foster the Sheeple has 120 seconds left.\n|\n|t:|1700224313\n|switch|p2a: Annihilape|Annihilape, M|100\/100\n|turn|10\n|\n|t:|1700224319\n|switch|p1a: Lopunny|Lopunny, F, shiny|100\/100\n|move|p2a: Annihilape|Drain Punch|p1a: Lopunny\n|-supereffective|p1a: Lopunny\n|-damage|p1a: Lopunny|0 fnt\n|faint|p1a: Lopunny\n|\n|upkeep\n|c|\u2606JustMonika_CARR|Tf\n|c|\u2606JustMonika_CARR|How did you read that lol\n|\n|t:|1700224338\n|switch|p1a: Marshadow|Marshadow|100\/100\n|turn|11\n|inactive|Foster the Sheeple has 120 seconds left.\n|\n|t:|1700224368\n|switch|p2a: Urshifu|Urshifu-Rapid-Strike, F|100\/100\n|move|p1a: Marshadow|Spectral Thief|p2a: Urshifu\n|-damage|p2a: Urshifu|54\/100\n|\n|upkeep\n|turn|12\n|inactive|Foster the Sheeple has 120 seconds left.\n|\n|t:|1700224389\n|switch|p1a: Pheromosa|Pheromosa, shiny|1\/100\n|move|p2a: Urshifu|Trailblaze|p1a: Pheromosa\n|-resisted|p1a: Pheromosa\n|-damage|p1a: Pheromosa|0 fnt\n|-boost|p2a: Urshifu|spe|1\n|faint|p1a: Pheromosa\n|\n|upkeep\n|\n|t:|1700224399\n|switch|p1a: Marshadow|Marshadow|100\/100\n|turn|13\n|c|\u2606JustMonika_CARR|Sigh\n|\n|t:|1700224411\n|move|p2a: Urshifu|Surging Strikes|p1a: Marshadow\n|-crit|p1a: Marshadow\n|-damage|p1a: Marshadow|75\/100\n|-crit|p1a: Marshadow\n|-damage|p1a: Marshadow|48\/100\n|-crit|p1a: Marshadow\n|-damage|p1a: Marshadow|24\/100\n|-hitcount|p1a: Marshadow|3\n|move|p1a: Marshadow|Spectral Thief||[still]\n|-clearpositiveboost|p2a: Urshifu|p1a: Marshadow|move: Spectral Thief\n|-boost|p1a: Marshadow|spe|1\n|-anim|p1a: Marshadow|Spectral Thief|p2a: Urshifu\n|-damage|p2a: Urshifu|10\/100\n|\n|upkeep\n|turn|14\n|c|\u2606JustMonika_CARR|My loss\n|c|\u2606JustMonika_CARR|Great read man\n|\n|t:|1700224426\n|move|p1a: Marshadow|Shadow Sneak|p2a: Urshifu\n|-damage|p2a: Urshifu|0 fnt\n|faint|p2a: Urshifu\n|\n|upkeep\n|\n|t:|1700224429\n|switch|p2a: Espathra|Espathra, M|100\/100\n|turn|15\n|inactive|Foster the Sheeple has 120 seconds left.\n|\n|t:|1700224435\n|move|p2a: Espathra|Protect|p2a: Espathra\n|-singleturn|p2a: Espathra|Protect\n|move|p1a: Marshadow|Force Palm|p2a: Espathra\n|-activate|p2a: Espathra|move: Protect\n|\n|-ability|p2a: Espathra|Speed Boost|boost\n|-boost|p2a: Espathra|spe|1\n|upkeep\n|turn|16\n|inactive|Foster the Sheeple has 120 seconds left.\n|\n|t:|1700224453\n|move|p2a: Espathra|Protect||[still]\n|-fail|p2a: Espathra\n|move|p1a: Marshadow|Spectral Thief||[still]\n|-clearpositiveboost|p2a: Espathra|p1a: Marshadow|move: Spectral Thief\n|-boost|p1a: Marshadow|spe|1\n|-anim|p1a: Marshadow|Spectral Thief|p2a: Espathra\n|-supereffective|p2a: Espathra\n|-damage|p2a: Espathra|0 fnt\n|faint|p2a: Espathra\n|\n|upkeep\n|-message|Foster the Sheeple forfeited.\n|\n|win|JustMonika_CARR\n|raw|JustMonika_CARR's rating: 1376 &rarr; <strong>1395<\/strong><br \/>(+19 for winning)\n|raw|Foster the Sheeple's rating: 1357 &rarr; <strong>1338<\/strong><br \/>(-19 for losing)\n|l|\u2606Foster the Sheeple\n|c|\u2606JustMonika_CARR|Uh\n","uploadtime":1700224473,"views":8,"p1id":"justmonikacarr","p2id":"fosterthesheeple","formatid":"gen9nationaldexubers","rating":1338,"private":0,"password":""}