{"id":"gen9nationaldexubers-1985316570","p1":"MintyRevnant","p2":"Y8247","format":"[Gen 9] National Dex Ubers","log":"|j|\u2606MintyRevnant\n|j|\u2606Y8247\n|t:|1699363739\n|gametype|singles\n|player|p1|MintyRevnant|beauty-gen4dp|\n|player|p2|Y8247|steven|\n|teamsize|p1|6\n|teamsize|p2|6\n|gen|9\n|tier|[Gen 9] National Dex Ubers\n|rule|HP Percentage Mod: HP is shown in percentages\n|rule|Endless Battle Clause: Forcing endless battles is banned\n|rule|OHKO Clause: OHKO moves are banned\n|rule|Evasion Moves Clause: Evasion moves are banned\n|rule|Evasion Items Clause: Evasion items are banned\n|rule|Species Clause: Limit one of each Pok\u00e9mon\n|rule|Sleep Clause Mod: Limit one foe put to sleep\n|rule|Mega Rayquaza Clause: You cannot mega evolve Rayquaza\n|clearpoke\n|poke|p1|Grimmsnarl, M|\n|poke|p1|Iron Valiant|\n|poke|p1|Gardevoir, F|\n|poke|p1|Whimsicott, M|\n|poke|p1|Hatterene, F|\n|poke|p1|Dachsbun, F|\n|poke|p2|Rabsca, M|\n|poke|p2|Forretress, M|\n|poke|p2|Vikavolt, M|\n|poke|p2|Frosmoth, F|\n|poke|p2|Spidops, M|\n|poke|p2|Venomoth, F|\n|teampreview\n|\n|t:|1699363752\n|start\n|switch|p1a: Dachsbun|Dachsbun, F, shiny|100\/100\n|switch|p2a: Spidops|Spidops, M|100\/100\n|turn|1\n|\n|t:|1699363762\n|move|p1a: Dachsbun|Body Press|p2a: Spidops\n|-resisted|p2a: Spidops\n|-damage|p2a: Spidops|89\/100\n|move|p2a: Spidops|Circle Throw|p1a: Dachsbun\n|-resisted|p1a: Dachsbun\n|-damage|p1a: Dachsbun|91\/100\n|drag|p1a: Whimsicott|Whimsicott, M, shiny|100\/100\n|\n|upkeep\n|turn|2\n|\n|t:|1699363777\n|switch|p1a: Hatterene|Hatterene, F, shiny|100\/100\n|move|p2a: Spidops|X-Scissor|p1a: Hatterene\n|-damage|p1a: Hatterene|5\/100\n|\n|-heal|p1a: Hatterene|11\/100|[from] item: Leftovers\n|upkeep\n|turn|3\n|\n|t:|1699363792\n|move|p2a: Spidops|X-Scissor|p1a: Hatterene\n|-damage|p1a: Hatterene|0 fnt\n|faint|p1a: Hatterene\n|\n|upkeep\n|\n|t:|1699363801\n|switch|p1a: Grimmsnarl|Grimmsnarl, M, shiny|100\/100\n|-item|p2a: Spidops|Insect Plate|[from] ability: Frisk|[of] p1a: Grimmsnarl|[identify]\n|turn|4\n|\n|t:|1699363812\n|move|p1a: Grimmsnarl|Play Rough|p2a: Spidops|[miss]\n|-miss|p1a: Grimmsnarl|p2a: Spidops\n|move|p2a: Spidops|Circle Throw|p1a: Grimmsnarl\n|-damage|p1a: Grimmsnarl|86\/100\n|drag|p1a: Whimsicott|Whimsicott, M, shiny|100\/100\n|\n|upkeep\n|turn|5\n|\n|t:|1699363823\n|move|p1a: Whimsicott|Stun Spore|p2a: Spidops|[miss]\n|-miss|p1a: Whimsicott|p2a: Spidops\n|move|p2a: Spidops|X-Scissor|p1a: Whimsicott\n|-damage|p1a: Whimsicott|45\/100\n|\n|upkeep\n|turn|6\n|\n|t:|1699363831\n|move|p1a: Whimsicott|Stun Spore|p2a: Spidops\n|-status|p2a: Spidops|par\n|move|p2a: Spidops|X-Scissor|p1a: Whimsicott\n|-damage|p1a: Whimsicott|0 fnt\n|faint|p1a: Whimsicott\n|\n|upkeep\n|\n|t:|1699363839\n|switch|p1a: Grimmsnarl|Grimmsnarl, M, shiny|86\/100\n|-item|p2a: Spidops|Insect Plate|[from] ability: Frisk|[of] p1a: Grimmsnarl|[identify]\n|turn|7\n|\n|t:|1699363847\n|move|p1a: Grimmsnarl|Play Rough|p2a: Spidops\n|-damage|p2a: Spidops|46\/100 par\n|cant|p2a: Spidops|par\n|\n|upkeep\n|turn|8\n|\n|t:|1699363859\n|switch|p2a: Forretress|Forretress, M|100\/100\n|move|p1a: Grimmsnarl|Draining Kiss|p2a: Forretress\n|-resisted|p2a: Forretress\n|-damage|p2a: Forretress|89\/100\n|-heal|p1a: Grimmsnarl|94\/100|[from] drain|[of] p2a: Forretress\n|\n|-heal|p2a: Forretress|96\/100|[from] item: Leftovers\n|upkeep\n|turn|9\n|\n|t:|1699363876\n|move|p1a: Grimmsnarl|Protect|p1a: Grimmsnarl\n|-singleturn|p1a: Grimmsnarl|Protect\n|move|p2a: Forretress|Stealth Rock|p1a: Grimmsnarl\n|-sidestart|p1: MintyRevnant|move: Stealth Rock\n|\n|-heal|p2a: Forretress|100\/100|[from] item: Leftovers\n|upkeep\n|turn|10\n|\n|t:|1699363889\n|move|p1a: Grimmsnarl|Protect|p1a: Grimmsnarl\n|-singleturn|p1a: Grimmsnarl|Protect\n|move|p2a: Forretress|Explosion|p1a: Grimmsnarl\n|-activate|p1a: Grimmsnarl|move: Protect\n|faint|p2a: Forretress\n|\n|upkeep\n|\n|t:|1699363900\n|switch|p2a: Spidops|Spidops, M|46\/100 par\n|turn|11\n|\n|t:|1699363904\n|move|p2a: Spidops|First Impression|p1a: Grimmsnarl\n|-damage|p1a: Grimmsnarl|57\/100\n|move|p1a: Grimmsnarl|Draining Kiss|p2a: Spidops\n|-damage|p2a: Spidops|29\/100 par\n|-heal|p1a: Grimmsnarl|67\/100|[from] drain|[of] p2a: Spidops\n|\n|upkeep\n|turn|12\n|\n|t:|1699363913\n|move|p1a: Grimmsnarl|Draining Kiss|p2a: Spidops\n|-damage|p2a: Spidops|13\/100 par\n|-heal|p1a: Grimmsnarl|78\/100|[from] drain|[of] p2a: Spidops\n|move|p2a: Spidops|Circle Throw|p1a: Grimmsnarl\n|-damage|p1a: Grimmsnarl|64\/100\n|drag|p1a: Dachsbun|Dachsbun, F, shiny|91\/100\n|-damage|p1a: Dachsbun|79\/100|[from] Stealth Rock\n|\n|upkeep\n|turn|13\n|\n|t:|1699363927\n|move|p1a: Dachsbun|Play Rough|p2a: Spidops\n|-damage|p2a: Spidops|0 fnt\n|faint|p2a: Spidops\n|\n|upkeep\n|\n|t:|1699363944\n|switch|p2a: Valt|Vikavolt, M|100\/100\n|turn|14\n|\n|t:|1699363950\n|move|p1a: Dachsbun|Play Rough|p2a: Valt\n|-damage|p2a: Valt|64\/100\n|move|p2a: Valt|Zap Cannon|p1a: Dachsbun\n|-damage|p1a: Dachsbun|0 fnt\n|faint|p1a: Dachsbun\n|\n|upkeep\n|\n|t:|1699363959\n|switch|p1a: Grimmsnarl|Grimmsnarl, M, shiny|64\/100\n|-damage|p1a: Grimmsnarl|52\/100|[from] Stealth Rock\n|-item|p2a: Valt|Zoom Lens|[from] ability: Frisk|[of] p1a: Grimmsnarl|[identify]\n|turn|15\n|\n|t:|1699363973\n|-terastallize|p1a: Grimmsnarl|Water\n|move|p1a: Grimmsnarl|Play Rough|p2a: Valt\n|-damage|p2a: Valt|30\/100\n|move|p2a: Valt|Thunderbolt|p1a: Grimmsnarl\n|-supereffective|p1a: Grimmsnarl\n|-damage|p1a: Grimmsnarl|0 fnt\n|faint|p1a: Grimmsnarl\n|\n|upkeep\n|\n|t:|1699363984\n|switch|p1a: Nerd|Iron Valiant, shiny|100\/100\n|-damage|p1a: Nerd|94\/100|[from] Stealth Rock\n|-enditem|p1a: Nerd|Booster Energy\n|-activate|p1a: Nerd|ability: Quark Drive|[fromitem]\n|-start|p1a: Nerd|quarkdrivespe\n|turn|16\n|\n|t:|1699364004\n|move|p1a: Nerd|Drain Punch|p2a: Valt\n|-resisted|p2a: Valt\n|-crit|p2a: Valt\n|-damage|p2a: Valt|0 fnt\n|-heal|p1a: Nerd|100\/100|[from] drain|[of] p2a: Valt\n|faint|p2a: Valt\n|\n|upkeep\n|\n|t:|1699364014\n|switch|p2a: What is this|Rabsca, M|100\/100\n|turn|17\n|\n|t:|1699364021\n|move|p1a: Nerd|Psycho Cut|p2a: What is this\n|-resisted|p2a: What is this\n|-damage|p2a: What is this|87\/100\n|move|p2a: What is this|Calm Mind|p2a: What is this\n|-boost|p2a: What is this|spa|1\n|-boost|p2a: What is this|spd|1\n|\n|-heal|p2a: What is this|93\/100|[from] item: Leftovers\n|upkeep\n|turn|18\n|\n|t:|1699364035\n|move|p1a: Nerd|Close Combat|p2a: What is this\n|-resisted|p2a: What is this\n|-damage|p2a: What is this|76\/100\n|-unboost|p1a: Nerd|def|1\n|-unboost|p1a: Nerd|spd|1\n|move|p2a: What is this|Psychic|p1a: Nerd\n|-supereffective|p1a: Nerd\n|-damage|p1a: Nerd|0 fnt\n|faint|p1a: Nerd\n|-end|p1a: Nerd|Quark Drive|[silent]\n|\n|-heal|p2a: What is this|83\/100|[from] item: Leftovers\n|upkeep\n|\n|t:|1699364047\n|switch|p1a: Gardevoir|Gardevoir, F, shiny|100\/100\n|-damage|p1a: Gardevoir|88\/100|[from] Stealth Rock\n|turn|19\n|\n|t:|1699364054\n|detailschange|p1a: Gardevoir|Gardevoir-Mega, F, shiny\n|-mega|p1a: Gardevoir|Gardevoir|Gardevoirite\n|move|p1a: Gardevoir|Hyper Voice|p2a: What is this\n|-damage|p2a: What is this|38\/100\n|move|p2a: What is this|Calm Mind|p2a: What is this\n|-boost|p2a: What is this|spa|1\n|-boost|p2a: What is this|spd|1\n|\n|-heal|p2a: What is this|44\/100|[from] item: Leftovers\n|upkeep\n|turn|20\n|\n|t:|1699364065\n|move|p1a: Gardevoir|Hyper Voice|p2a: What is this\n|-damage|p2a: What is this|12\/100\n|move|p2a: What is this|Bug Buzz|p1a: Gardevoir\n|-damage|p1a: Gardevoir|0 fnt\n|faint|p1a: Gardevoir\n|\n|win|Y8247\n","uploadtime":1699364075,"views":24,"p1id":"mintyrevnant","p2id":"y8247","formatid":"gen9nationaldexubers","rating":0,"private":0,"password":""}