{"id":"gen9nationaldexubers-1979684500","p1":"justhavefun<3","p2":"Stallsun9U","format":"[Gen 9] National Dex Ubers","log":"|j|\u2606justhavefun<3\n|j|\u2606Stallsun9U\n|t:|1698703061\n|gametype|singles\n|player|p1|justhavefun<3|102|1435\n|player|p2|Stallsun9U|veteran|1593\n|teamsize|p1|6\n|teamsize|p2|6\n|gen|9\n|tier|[Gen 9] National Dex Ubers\n|rated|\n|rule|HP Percentage Mod: HP is shown in percentages\n|rule|Endless Battle Clause: Forcing endless battles is banned\n|rule|OHKO Clause: OHKO moves are banned\n|rule|Evasion Moves Clause: Evasion moves are banned\n|rule|Evasion Items Clause: Evasion items are banned\n|rule|Species Clause: Limit one of each Pok\u00e9mon\n|rule|Sleep Clause Mod: Limit one foe put to sleep\n|rule|Mega Rayquaza Clause: You cannot mega evolve Rayquaza\n|clearpoke\n|poke|p1|Umbreon, M|\n|poke|p1|Ferrothorn, M|\n|poke|p1|Chansey, F|\n|poke|p1|Toxapex, F|\n|poke|p1|Great Tusk|\n|poke|p1|Corsola-Galar, F|\n|poke|p2|Deoxys-Speed|\n|poke|p2|Xerneas-*|\n|poke|p2|Kyurem-Black|\n|poke|p2|Arceus|\n|poke|p2|Groudon|\n|poke|p2|Necrozma-Dusk-Mane|\n|teampreview\n|inactive|Battle timer is ON: inactive players will automatically lose when time's up. (requested by Stallsun9U)\n|\n|t:|1698703068\n|start\n|switch|p1a: Ferrothorn|Ferrothorn, M|100\/100\n|switch|p2a: Deoxys|Deoxys-Speed|100\/100\n|-ability|p2a: Deoxys|Pressure\n|turn|1\n|\n|t:|1698703076\n|move|p2a: Deoxys|Magic Coat|p2a: Deoxys\n|-singleturn|p2a: Deoxys|move: Magic Coat\n|move|p1a: Ferrothorn|Gyro Ball|p2a: Deoxys\n|-damage|p2a: Deoxys|38\/100\n|\n|upkeep\n|turn|2\n|\n|t:|1698703081\n|move|p2a: Deoxys|Taunt|p1a: Ferrothorn\n|-start|p1a: Ferrothorn|move: Taunt\n|move|p1a: Ferrothorn|Gyro Ball|p2a: Deoxys\n|-damage|p2a: Deoxys|0 fnt\n|faint|p2a: Deoxys\n|\n|upkeep\n|\n|t:|1698703092\n|switch|p2a: Xerneas|Xerneas|100\/100\n|-ability|p2a: Xerneas|Fairy Aura\n|turn|3\n|\n|t:|1698703097\n|-terastallize|p2a: Xerneas|Electric\n|move|p2a: Xerneas|Substitute|p2a: Xerneas\n|-start|p2a: Xerneas|Substitute\n|-damage|p2a: Xerneas|76\/100\n|move|p1a: Ferrothorn|Gyro Ball|p2a: Xerneas\n|-resisted|p2a: Xerneas\n|-activate|p2a: Xerneas|move: Substitute|[damage]\n|\n|upkeep\n|turn|4\n|\n|t:|1698703106\n|move|p2a: Xerneas|Geomancy||[still]\n|-prepare|p2a: Xerneas|Geomancy\n|-enditem|p2a: Xerneas|Power Herb\n|-anim|p2a: Xerneas|Geomancy|p2a: Xerneas\n|-boost|p2a: Xerneas|spa|2\n|-boost|p2a: Xerneas|spd|2\n|-boost|p2a: Xerneas|spe|2\n|move|p1a: Ferrothorn|Gyro Ball|p2a: Xerneas\n|-resisted|p2a: Xerneas\n|-end|p2a: Xerneas|Substitute\n|\n|-end|p1a: Ferrothorn|move: Taunt\n|upkeep\n|turn|5\n|\n|t:|1698703117\n|switch|p1a: Chansey|Chansey, F|100\/100\n|move|p2a: Xerneas|Substitute|p2a: Xerneas\n|-start|p2a: Xerneas|Substitute\n|-damage|p2a: Xerneas|51\/100\n|\n|upkeep\n|turn|6\n|\n|t:|1698703124\n|move|p2a: Xerneas|Moonblast|p1a: Chansey\n|-damage|p1a: Chansey|59\/100\n|move|p1a: Chansey|Seismic Toss|p2a: Xerneas\n|-activate|p2a: Xerneas|move: Substitute|[damage]\n|\n|upkeep\n|turn|7\n|\n|t:|1698703131\n|move|p2a: Xerneas|Moonblast|p1a: Chansey\n|-damage|p1a: Chansey|10\/100\n|-unboost|p1a: Chansey|spa|1\n|move|p1a: Chansey|Soft-Boiled|p1a: Chansey\n|-heal|p1a: Chansey|60\/100\n|\n|upkeep\n|turn|8\n|\n|t:|1698703141\n|move|p2a: Xerneas|Geomancy||[still]\n|-prepare|p2a: Xerneas|Geomancy\n|move|p1a: Chansey|Soft-Boiled|p1a: Chansey\n|-heal|p1a: Chansey|100\/100\n|\n|upkeep\n|turn|9\n|\n|t:|1698703147\n|move|p2a: Xerneas|Geomancy|p2a: Xerneas|[from]lockedmove\n|-boost|p2a: Xerneas|spa|2\n|-boost|p2a: Xerneas|spd|2\n|-boost|p2a: Xerneas|spe|2\n|move|p1a: Chansey|Seismic Toss|p2a: Xerneas\n|-end|p2a: Xerneas|Substitute\n|\n|upkeep\n|turn|10\n|\n|t:|1698703155\n|move|p2a: Xerneas|Substitute|p2a: Xerneas\n|-start|p2a: Xerneas|Substitute\n|-damage|p2a: Xerneas|26\/100\n|move|p1a: Chansey|Seismic Toss|p2a: Xerneas\n|-activate|p2a: Xerneas|move: Substitute|[damage]\n|\n|upkeep\n|turn|11\n|\n|t:|1698703162\n|move|p2a: Xerneas|Moonblast|p1a: Chansey\n|-damage|p1a: Chansey|33\/100\n|-unboost|p1a: Chansey|spa|1\n|move|p1a: Chansey|Seismic Toss|p2a: Xerneas\n|-end|p2a: Xerneas|Substitute\n|\n|upkeep\n|turn|12\n|\n|t:|1698703170\n|move|p2a: Xerneas|Moonblast|p1a: Chansey\n|-damage|p1a: Chansey|0 fnt\n|faint|p1a: Chansey\n|\n|upkeep\n|\n|t:|1698703173\n|switch|p1a: Ferrothorn|Ferrothorn, M|100\/100\n|turn|13\n|\n|t:|1698703180\n|move|p2a: Xerneas|Moonblast|p1a: Ferrothorn\n|-resisted|p1a: Ferrothorn\n|-damage|p1a: Ferrothorn|2\/100\n|move|p1a: Ferrothorn|Leech Seed|p2a: Xerneas|[miss]\n|-miss|p1a: Ferrothorn|p2a: Xerneas\n|\n|-heal|p1a: Ferrothorn|8\/100|[from] item: Leftovers\n|upkeep\n|turn|14\n|-message|justhavefun<3 forfeited.\n|\n|win|Stallsun9U\n|raw|justhavefun&lt;3's rating: 1435 &rarr; <strong>1424<\/strong><br \/>(-11 for losing)\n|raw|Stallsun9U's rating: 1593 &rarr; <strong>1604<\/strong><br \/>(+11 for winning)\n|l|\u2606justhavefun<3\n|l|\u2606Stallsun9U\n|j|\u2606Stallsun9U\n|player|p2|Stallsun9U|veteran\n","uploadtime":1698703256,"views":13,"p1id":"justhavefun3","p2id":"stallsun9u","formatid":"gen9nationaldexubers","rating":1424,"private":0,"password":""}