{"id":"gen9nationaldexubers-1986807369","p1":"zomboks134","p2":"BlackStar150520","format":"[Gen 9] National Dex Ubers","log":"|j|\u2606zomboks134\n|j|\u2606BlackStar150520\n|t:|1699528191\n|gametype|singles\n|player|p1|zomboks134|pokemaniac|1601\n|player|p2|BlackStar150520|unknown|1790\n|teamsize|p1|6\n|teamsize|p2|6\n|gen|9\n|tier|[Gen 9] National Dex Ubers\n|rated|\n|rule|HP Percentage Mod: HP is shown in percentages\n|rule|Endless Battle Clause: Forcing endless battles is banned\n|rule|OHKO Clause: OHKO moves are banned\n|rule|Evasion Moves Clause: Evasion moves are banned\n|rule|Evasion Items Clause: Evasion items are banned\n|rule|Species Clause: Limit one of each Pok\u00e9mon\n|rule|Sleep Clause Mod: Limit one foe put to sleep\n|rule|Mega Rayquaza Clause: You cannot mega evolve Rayquaza\n|clearpoke\n|poke|p1|Garganacl, F|\n|poke|p1|Kingambit, M|\n|poke|p1|Ditto|\n|poke|p1|Mewtwo|\n|poke|p1|Arceus-Ground|\n|poke|p1|Ho-Oh|\n|poke|p2|Zygarde|\n|poke|p2|Magearna|\n|poke|p2|Ditto|\n|poke|p2|Rayquaza|\n|poke|p2|Arceus-Water|\n|poke|p2|Necrozma-Dusk-Mane|\n|teampreview\n|inactive|Battle timer is ON: inactive players will automatically lose when time's up. (requested by zomboks134)\n|inactive|BlackStar150520 also wants the timer to be on.\n|\n|t:|1699528210\n|start\n|switch|p1a: Arceus|Arceus-Ground|100\/100\n|switch|p2a: Arceus|Arceus-Water|100\/100\n|turn|1\n|inactive|zomboks134 has 120 seconds left.\n|\n|t:|1699528251\n|move|p2a: Arceus|Taunt|p1a: Arceus\n|-start|p1a: Arceus|move: Taunt\n|move|p1a: Arceus|Judgment|p2a: Arceus\n|-damage|p2a: Arceus|71\/100\n|\n|upkeep\n|turn|2\n|inactive|zomboks134 has 90 seconds left.\n|\n|t:|1699528289\n|move|p2a: Arceus|Judgment|p1a: Arceus\n|-supereffective|p1a: Arceus\n|-damage|p1a: Arceus|41\/100\n|move|p1a: Arceus|Judgment|p2a: Arceus\n|-damage|p2a: Arceus|38\/100\n|\n|upkeep\n|turn|3\n|inactive|zomboks134 has 90 seconds left.\n|\n|t:|1699528309\n|switch|p1a: Ho-Oh|Ho-Oh|100\/100\n|move|p2a: Arceus|Recover|p2a: Arceus\n|-heal|p2a: Arceus|88\/100\n|\n|upkeep\n|turn|4\n|\n|t:|1699528321\n|move|p2a: Arceus|Taunt|p1a: Ho-Oh\n|-start|p1a: Ho-Oh|move: Taunt\n|cant|p1a: Ho-Oh|move: Taunt|Toxic\n|\n|upkeep\n|turn|5\n|\n|t:|1699528327\n|switch|p1a: Ditto|Ditto|100\/100\n|-transform|p1a: Ditto|p2a: Arceus|[from] ability: Imposter\n|move|p2a: Arceus|Judgment|p1a: Ditto\n|-resisted|p1a: Ditto\n|-damage|p1a: Ditto|77\/100\n|\n|upkeep\n|turn|6\n|\n|t:|1699528344\n|switch|p2a: Necrozma|Necrozma-Dusk-Mane|100\/100\n|move|p1a: Ditto|Toxic|p2a: Necrozma\n|-immune|p2a: Necrozma\n|\n|upkeep\n|turn|7\n|\n|t:|1699528365\n|switch|p1a: Ho-Oh|Ho-Oh|100\/100\n|move|p2a: Necrozma|Stealth Rock|p1a: Ho-Oh\n|-sidestart|p1: zomboks134|move: Stealth Rock\n|\n|upkeep\n|turn|8\n|\n|t:|1699528374\n|switch|p2a: Arceus|Arceus-Water|88\/100\n|move|p1a: Ho-Oh|Sacred Fire|p2a: Arceus\n|-resisted|p2a: Arceus\n|-damage|p2a: Arceus|73\/100\n|-status|p2a: Arceus|brn\n|\n|-damage|p2a: Arceus|66\/100 brn|[from] brn\n|upkeep\n|turn|9\n|inactive|zomboks134 has 60 seconds left.\n|\n|t:|1699528409\n|switch|p1a: Kingambit|Kingambit, M|100\/100\n|-damage|p1a: Kingambit|94\/100|[from] Stealth Rock\n|move|p2a: Arceus|Taunt|p1a: Kingambit\n|-start|p1a: Kingambit|move: Taunt\n|\n|-damage|p2a: Arceus|60\/100 brn|[from] brn\n|upkeep\n|turn|10\n|\n|t:|1699528425\n|move|p2a: Arceus|Judgment|p1a: Kingambit\n|-damage|p1a: Kingambit|50\/100\n|move|p1a: Kingambit|Knock Off|p2a: Arceus\n|-crit|p2a: Arceus\n|-damage|p2a: Arceus|13\/100 brn\n|\n|-damage|p2a: Arceus|7\/100 brn|[from] brn\n|upkeep\n|turn|11\n|inactive|zomboks134 has 60 seconds left.\n|\n|t:|1699528445\n|move|p1a: Kingambit|Sucker Punch||[still]\n|-fail|p1a: Kingambit\n|move|p2a: Arceus|Recover|p2a: Arceus\n|-heal|p2a: Arceus|57\/100 brn\n|\n|-damage|p2a: Arceus|51\/100 brn|[from] brn\n|-end|p1a: Kingambit|move: Taunt\n|upkeep\n|turn|12\n|inactive|zomboks134 has 60 seconds left.\n|\n|t:|1699528456\n|move|p2a: Arceus|Judgment|p1a: Kingambit\n|-damage|p1a: Kingambit|6\/100\n|move|p1a: Kingambit|Knock Off|p2a: Arceus\n|-damage|p2a: Arceus|18\/100 brn\n|\n|-damage|p2a: Arceus|12\/100 brn|[from] brn\n|upkeep\n|turn|13\n|\n|t:|1699528465\n|-end|p1a: Kingambit|fallenundefined|[silent]\n|switch|p1a: Mewtwo|Mewtwo|100\/100\n|-damage|p1a: Mewtwo|88\/100|[from] Stealth Rock\n|-ability|p1a: Mewtwo|Pressure\n|move|p2a: Arceus|Recover|p2a: Arceus\n|-heal|p2a: Arceus|62\/100 brn\n|\n|-damage|p2a: Arceus|56\/100 brn|[from] brn\n|upkeep\n|turn|14\n|\n|t:|1699528472\n|switch|p2a: Necrozma|Necrozma-Dusk-Mane|100\/100\n|detailschange|p1a: Mewtwo|Mewtwo-Mega-Y\n|-mega|p1a: Mewtwo|Mewtwo|Mewtwonite Y\n|move|p1a: Mewtwo|Psystrike|p2a: Necrozma\n|-resisted|p2a: Necrozma\n|-damage|p2a: Necrozma|85\/100\n|\n|upkeep\n|turn|15\n|\n|t:|1699528481\n|detailschange|p2a: Necrozma|Necrozma-Ultra\n|-burst|p2a: Necrozma|Necrozma|Ultranecrozium Z\n|move|p1a: Mewtwo|Fire Blast|p2a: Necrozma\n|-resisted|p2a: Necrozma\n|-damage|p2a: Necrozma|59\/100\n|move|p2a: Necrozma|Dragon Pulse|p1a: Mewtwo\n|-damage|p1a: Mewtwo|46\/100\n|\n|upkeep\n|turn|16\n|\n|t:|1699528491\n|switch|p2a: Ditto|Ditto, shiny|100\/100\n|-transform|p2a: Ditto|p1a: Mewtwo|[from] ability: Imposter\n|move|p1a: Mewtwo|Ice Beam|p2a: Ditto\n|-damage|p2a: Ditto|58\/100\n|\n|upkeep\n|turn|17\n|inactive|zomboks134 has 90 seconds left.\n|\n|t:|1699528505\n|switch|p1a: Garganacl|Garganacl, F|100\/100\n|-damage|p1a: Garganacl|88\/100|[from] Stealth Rock\n|move|p2a: Ditto|Psystrike|p1a: Garganacl\n|-damage|p1a: Garganacl|54\/100\n|\n|-heal|p1a: Garganacl|60\/100|[from] item: Leftovers\n|upkeep\n|turn|18\n|inactive|zomboks134 has 90 seconds left.\n|\n|t:|1699528515\n|move|p2a: Ditto|Psystrike|p1a: Garganacl\n|-damage|p1a: Garganacl|25\/100\n|move|p1a: Garganacl|Salt Cure|p2a: Ditto\n|-damage|p2a: Ditto|36\/100\n|-start|p2a: Ditto|Salt Cure\n|\n|-heal|p1a: Garganacl|31\/100|[from] item: Leftovers\n|-damage|p2a: Ditto|24\/100|[from] Salt Cure\n|upkeep\n|turn|19\n|inactive|zomboks134 has 90 seconds left.\n|\n|t:|1699528521\n|switch|p2a: Arceus|Arceus-Water|56\/100 brn\n|move|p1a: Garganacl|Recover|p1a: Garganacl\n|-heal|p1a: Garganacl|81\/100\n|\n|-heal|p1a: Garganacl|87\/100|[from] item: Leftovers\n|-damage|p2a: Arceus|50\/100 brn|[from] brn\n|upkeep\n|turn|20\n|inactive|zomboks134 has 90 seconds left.\n|\n|t:|1699528552\n|switch|p1a: Ditto|Ditto|77\/100\n|-damage|p1a: Ditto|65\/100|[from] Stealth Rock\n|-transform|p1a: Ditto|p2a: Arceus|[from] ability: Imposter\n|move|p2a: Arceus|Judgment|p1a: Ditto\n|-resisted|p1a: Ditto\n|-damage|p1a: Ditto|40\/100\n|\n|-damage|p2a: Arceus|44\/100 brn|[from] brn\n|upkeep\n|turn|21\n|\n|t:|1699528565\n|move|p1a: Ditto|Judgment|p2a: Arceus\n|-damage|p2a: Arceus|27\/100 brn\n|move|p2a: Arceus|Judgment|p1a: Ditto\n|-resisted|p1a: Ditto\n|-damage|p1a: Ditto|16\/100\n|\n|-damage|p2a: Arceus|21\/100 brn|[from] brn\n|upkeep\n|turn|22\n|\n|t:|1699528570\n|move|p1a: Ditto|Judgment|p2a: Arceus\n|-damage|p2a: Arceus|3\/100 brn\n|move|p2a: Arceus|Recover|p2a: Arceus\n|-heal|p2a: Arceus|53\/100 brn\n|\n|-damage|p2a: Arceus|47\/100 brn|[from] brn\n|upkeep\n|turn|23\n|\n|t:|1699528581\n|switch|p1a: Ho-Oh|Ho-Oh|100\/100\n|move|p2a: Arceus|Recover|p2a: Arceus\n|-heal|p2a: Arceus|97\/100 brn\n|\n|-damage|p2a: Arceus|91\/100 brn|[from] brn\n|upkeep\n|turn|24\n|\n|t:|1699528599\n|move|p2a: Arceus|Taunt|p1a: Ho-Oh\n|-start|p1a: Ho-Oh|move: Taunt\n|cant|p1a: Ho-Oh|move: Taunt|Defog\n|\n|-damage|p2a: Arceus|85\/100 brn|[from] brn\n|upkeep\n|turn|25\n|\n|t:|1699528605\n|move|p2a: Arceus|Judgment|p1a: Ho-Oh\n|-supereffective|p1a: Ho-Oh\n|-damage|p1a: Ho-Oh|59\/100\n|move|p1a: Ho-Oh|Sacred Fire|p2a: Arceus\n|-resisted|p2a: Arceus\n|-damage|p2a: Arceus|71\/100 brn\n|\n|-damage|p2a: Arceus|64\/100 brn|[from] brn\n|upkeep\n|turn|26\n|inactive|zomboks134 has 60 seconds left.\n|\n|t:|1699528650\n|switch|p1a: Mewtwo|Mewtwo-Mega-Y|46\/100\n|-damage|p1a: Mewtwo|34\/100|[from] Stealth Rock\n|move|p2a: Arceus|Recover|p2a: Arceus\n|-heal|p2a: Arceus|100\/100 brn\n|\n|-damage|p2a: Arceus|94\/100 brn|[from] brn\n|upkeep\n|turn|27\n|\n|t:|1699528657\n|move|p1a: Mewtwo|Psystrike|p2a: Arceus\n|-damage|p2a: Arceus|52\/100 brn\n|move|p2a: Arceus|Judgment|p1a: Mewtwo\n|-damage|p1a: Mewtwo|0 fnt\n|faint|p1a: Mewtwo\n|\n|-damage|p2a: Arceus|46\/100 brn|[from] brn\n|upkeep\n|-message|zomboks134 forfeited.\n|\n|win|BlackStar150520\n|raw|zomboks134's rating: 1601 &rarr; <strong>1591<\/strong><br \/>(-10 for losing)\n|raw|BlackStar150520's rating: 1790 &rarr; <strong>1800<\/strong><br \/>(+10 for winning)\n|l|\u2606zomboks134\n|l|\u2606BlackStar150520\n","uploadtime":1699528671,"views":7,"p1id":"zomboks134","p2id":"blackstar150520","formatid":"gen9nationaldexubers","rating":1591,"private":0,"password":""}