{"id":"gen9nationaldexubers-1979825123","p1":"the bugcatcher pr","p2":"InsertSampleText","format":"[Gen 9] National Dex Ubers","log":"|j|\u2606the bugcatcher pr\n|j|\u2606InsertSampleText\n|t:|1698717145\n|gametype|singles\n|player|p1|the bugcatcher pr|sabrina|1321\n|player|p2|InsertSampleText|unknown|1399\n|teamsize|p1|6\n|teamsize|p2|6\n|gen|9\n|tier|[Gen 9] National Dex Ubers\n|rated|\n|rule|HP Percentage Mod: HP is shown in percentages\n|rule|Endless Battle Clause: Forcing endless battles is banned\n|rule|OHKO Clause: OHKO moves are banned\n|rule|Evasion Moves Clause: Evasion moves are banned\n|rule|Evasion Items Clause: Evasion items are banned\n|rule|Species Clause: Limit one of each Pok\u00e9mon\n|rule|Sleep Clause Mod: Limit one foe put to sleep\n|rule|Mega Rayquaza Clause: You cannot mega evolve Rayquaza\n|clearpoke\n|poke|p1|Pheromosa|\n|poke|p1|Vikavolt, F|\n|poke|p1|Volcarona, M|\n|poke|p1|Centiskorch, F|\n|poke|p1|Scizor, F|\n|poke|p1|Buzzwole|\n|poke|p2|Lopunny, F|\n|poke|p2|Latias, F|\n|poke|p2|Manaphy|\n|poke|p2|Corviknight, M|\n|poke|p2|Magearna|\n|poke|p2|Gliscor, F|\n|teampreview\n|c|\u2606the bugcatcher pr|gl\n|c|\u2606InsertSampleText|u2\n|\n|t:|1698717167\n|start\n|switch|p1a: Vikavolt|Vikavolt, F|100\/100\n|switch|p2a: Fuchsia Fighter|Lopunny, F, shiny|100\/100\n|turn|1\n|\n|t:|1698717172\n|switch|p1a: Volcarona|Volcarona, M|100\/100\n|detailschange|p2a: Fuchsia Fighter|Lopunny-Mega, F, shiny\n|-mega|p2a: Fuchsia Fighter|Lopunny|Lopunnite\n|move|p2a: Fuchsia Fighter|Fake Out|p1a: Volcarona\n|-damage|p1a: Volcarona|83\/100\n|\n|upkeep\n|turn|2\n|c|\u2606the bugcatcher pr|beware\n|c|\u2606the bugcatcher pr|im psychic\n|c|\u2606InsertSampleText|:O\n|\n|t:|1698717189\n|switch|p2a: Big Blue|Manaphy|100\/100\n|move|p1a: Volcarona|Psychic|p2a: Big Blue\n|-damage|p2a: Big Blue|75\/100\n|\n|upkeep\n|turn|3\n|c|\u2606the bugcatcher pr|see my avatar?\n|c|\u2606the bugcatcher pr|its sabrina\n|c|\u2606InsertSampleText|psychic bug leader\n|c|\u2606the bugcatcher pr|indeed\n|c|\u2606the bugcatcher pr|and im old too\n|c|\u2606the bugcatcher pr|this is my 153rd original bug team\n|c|\u2606InsertSampleText|wild\n|c|\u2606InsertSampleText|shooting for 200?\n|c|\u2606the bugcatcher pr|also a real life bugcatcher\n|c|\u2606the bugcatcher pr|200?\n|c|\u2606InsertSampleText|200 bug teams\n|c|\u2606the bugcatcher pr|dont think so\n|c|\u2606the bugcatcher pr|this team has stuck for a while\n|c|\u2606the bugcatcher pr|it gets me wins\n|c|\u2606the bugcatcher pr|i just adjust sometimes\n|\n|t:|1698717314\n|switch|p1a: Scizor|Scizor, F|100\/100\n|move|p2a: Big Blue|Tail Glow|p2a: Big Blue\n|-boost|p2a: Big Blue|spa|3\n|\n|upkeep\n|turn|4\n|c|\u2606InsertSampleText|awesome\n|\n|t:|1698717320\n|detailschange|p1a: Scizor|Scizor-Mega, F\n|-mega|p1a: Scizor|Scizor|Scizorite\n|-zpower|p2a: Big Blue\n|move|p2a: Big Blue|Z-Rain Dance|p2a: Big Blue|[anim]Rain Dance\n|-boost|p2a: Big Blue|spe|1|[zeffect]\n|-weather|RainDance\n|move|p1a: Scizor|Swords Dance|p1a: Scizor\n|-boost|p1a: Scizor|atk|2\n|\n|-weather|RainDance|[upkeep]\n|upkeep\n|turn|5\n|c|\u2606the bugcatcher pr|what does that do?\n|c|\u2606InsertSampleText|z rain dance?\n|c|\u2606the bugcatcher pr|yes\n|c|\u2606InsertSampleText|sets rain and gives me +1 speed\n|\n|t:|1698717351\n|move|p1a: Scizor|Bullet Punch|p2a: Big Blue\n|-resisted|p2a: Big Blue\n|-damage|p2a: Big Blue|38\/100\n|move|p2a: Big Blue|Surf|p1a: Scizor\n|-damage|p1a: Scizor|0 fnt\n|faint|p1a: Scizor\n|\n|-weather|RainDance|[upkeep]\n|upkeep\n|\n|t:|1698717358\n|switch|p1a: Centiskorch|Centiskorch, F|100\/100\n|turn|6\n|c|\u2606the bugcatcher pr|check my centi\n|c|\u2606the bugcatcher pr|it beats walking wake\n|c|\u2606the bugcatcher pr|and primal kyogre\n|c|\u2606InsertSampleText|das hot\n|\n|t:|1698717385\n|-terastallize|p1a: Centiskorch|Steel\n|move|p2a: Big Blue|Surf|p1a: Centiskorch\n|-damage|p1a: Centiskorch|35\/100\n|move|p1a: Centiskorch|Power Whip|p2a: Big Blue\n|-supereffective|p2a: Big Blue\n|-damage|p2a: Big Blue|0 fnt\n|faint|p2a: Big Blue\n|\n|-weather|RainDance|[upkeep]\n|upkeep\n|c|\u2606InsertSampleText|:O\n|\n|t:|1698717400\n|switch|p2a: Gliscor|Gliscor, F|100\/100\n|turn|7\n|\n|t:|1698717405\n|move|p2a: Gliscor|Earthquake|p1a: Centiskorch\n|-supereffective|p1a: Centiskorch\n|-damage|p1a: Centiskorch|0 fnt\n|faint|p1a: Centiskorch\n|\n|-weather|RainDance|[upkeep]\n|-status|p2a: Gliscor|tox|[from] item: Toxic Orb\n|upkeep\n|c|\u2606the bugcatcher pr|but it has 166 def\n|c|\u2606InsertSampleText|rip\n|c|\u2606the bugcatcher pr|450 sp def 400 hp\n|\n|t:|1698717435\n|switch|p1a: Vikavolt|Vikavolt, F|100\/100\n|turn|8\n|\n|t:|1698717450\n|move|p2a: Gliscor|Stone Edge|p1a: Vikavolt|[miss]\n|-miss|p2a: Gliscor|p1a: Vikavolt\n|move|p1a: Vikavolt|Hidden Power|p2a: Gliscor\n|-supereffective|p2a: Gliscor\n|-damage|p2a: Gliscor|0 fnt\n|faint|p2a: Gliscor\n|\n|-weather|none\n|upkeep\n|c|\u2606InsertSampleText|:O\n|c|\u2606the bugcatcher pr|and vika has 420 sp att\n|\n|t:|1698717456\n|switch|p2a: Fuchsia Fighter|Lopunny-Mega, F, shiny|100\/100\n|turn|9\n|\n|t:|1698717461\n|switch|p1a: Volcarona|Volcarona, M|83\/100\n|move|p2a: Fuchsia Fighter|Fake Out|p1a: Volcarona\n|-damage|p1a: Volcarona|64\/100\n|-status|p2a: Fuchsia Fighter|brn|[from] ability: Flame Body|[of] p1a: Volcarona\n|\n|-damage|p2a: Fuchsia Fighter|95\/100 brn|[from] brn\n|upkeep\n|turn|10\n|c|\u2606InsertSampleText|:O\n|\n|t:|1698717474\n|move|p2a: Fuchsia Fighter|Return|p1a: Volcarona\n|-damage|p1a: Volcarona|40\/100\n|move|p1a: Volcarona|Substitute|p1a: Volcarona\n|-start|p1a: Volcarona|Substitute\n|-damage|p1a: Volcarona|15\/100\n|\n|-damage|p2a: Fuchsia Fighter|89\/100 brn|[from] brn\n|upkeep\n|turn|11\n|\n|t:|1698717484\n|move|p2a: Fuchsia Fighter|Return|p1a: Volcarona\n|-activate|p1a: Volcarona|move: Substitute|[damage]\n|move|p1a: Volcarona|Psychic|p2a: Fuchsia Fighter\n|-supereffective|p2a: Fuchsia Fighter\n|-damage|p2a: Fuchsia Fighter|17\/100 brn\n|\n|-damage|p2a: Fuchsia Fighter|11\/100 brn|[from] brn\n|upkeep\n|turn|12\n|\n|t:|1698717495\n|move|p2a: Fuchsia Fighter|Return|p1a: Volcarona\n|-end|p1a: Volcarona|Substitute\n|move|p1a: Volcarona|Fiery Dance|p2a: Fuchsia Fighter\n|-damage|p2a: Fuchsia Fighter|0 fnt\n|faint|p2a: Fuchsia Fighter\n|\n|upkeep\n|\n|t:|1698717499\n|switch|p2a: VX Sagittarii|Latias, F|100\/100\n|turn|13\n|\n|t:|1698717509\n|switch|p1a: Vikavolt|Vikavolt, F|100\/100\n|move|p2a: VX Sagittarii|Psychic|p1a: Vikavolt\n|-damage|p1a: Vikavolt|70\/100\n|\n|upkeep\n|turn|14\n|c|\u2606the bugcatcher pr|this team has 3 assault vest\n|c|\u2606InsertSampleText|cracked\n|\n|t:|1698717535\n|-terastallize|p2a: VX Sagittarii|Electric\n|move|p2a: VX Sagittarii|Mystical Fire|p1a: Vikavolt\n|-supereffective|p1a: Vikavolt\n|-damage|p1a: Vikavolt|38\/100\n|-unboost|p1a: Vikavolt|spa|1\n|move|p1a: Vikavolt|Hidden Power|p2a: VX Sagittarii\n|-damage|p2a: VX Sagittarii|90\/100\n|\n|upkeep\n|turn|15\n|c|\u2606the bugcatcher pr|ditto has no chance\n|\n|t:|1698717571\n|switch|p1a: Buzzwole|Buzzwole|100\/100\n|move|p2a: VX Sagittarii|Mystical Fire|p1a: Buzzwole\n|-supereffective|p1a: Buzzwole\n|-damage|p1a: Buzzwole|43\/100\n|-unboost|p1a: Buzzwole|spa|1\n|\n|upkeep\n|turn|16\n|\n|t:|1698717580\n|move|p2a: VX Sagittarii|Mystical Fire|p1a: Buzzwole\n|-supereffective|p1a: Buzzwole\n|-damage|p1a: Buzzwole|0 fnt\n|faint|p1a: Buzzwole\n|\n|upkeep\n|\n|t:|1698717585\n|switch|p1a: Pheromosa|Pheromosa|100\/100\n|turn|17\n|\n|t:|1698717591\n|switch|p2a: Kraz|Corviknight, M|100\/100\n|-ability|p2a: Kraz|Pressure\n|move|p1a: Pheromosa|Close Combat|p2a: Kraz\n|-damage|p2a: Kraz|57\/100\n|-unboost|p1a: Pheromosa|def|1\n|-unboost|p1a: Pheromosa|spd|1\n|-damage|p1a: Pheromosa|84\/100|[from] item: Rocky Helmet|[of] p2a: Kraz\n|\n|upkeep\n|turn|18\n|\n|t:|1698717600\n|switch|p1a: Volcarona|Volcarona, M|15\/100\n|move|p2a: Kraz|Roost|p2a: Kraz\n|-heal|p2a: Kraz|100\/100\n|-singleturn|p2a: Kraz|move: Roost\n|\n|upkeep\n|turn|19\n|\n|t:|1698717607\n|move|p1a: Volcarona|Fiery Dance|p2a: Kraz\n|-supereffective|p2a: Kraz\n|-damage|p2a: Kraz|36\/100\n|-boost|p1a: Volcarona|spa|1\n|move|p2a: Kraz|U-turn|p1a: Volcarona\n|-resisted|p1a: Volcarona\n|-damage|p1a: Volcarona|9\/100\n|-status|p2a: Kraz|brn|[from] ability: Flame Body|[of] p1a: Volcarona\n|\n|t:|1698717611\n|switch|p2a: VX Sagittarii|Latias, F, tera:Electric|90\/100|[from] U-turn\n|\n|upkeep\n|turn|20\n|\n|t:|1698717618\n|move|p2a: VX Sagittarii|Psychic|p1a: Volcarona\n|-damage|p1a: Volcarona|0 fnt\n|faint|p1a: Volcarona\n|\n|upkeep\n|\n|t:|1698717623\n|switch|p1a: Pheromosa|Pheromosa|84\/100\n|turn|21\n|\n|t:|1698717646\n|move|p1a: Pheromosa|Close Combat|p2a: VX Sagittarii\n|-damage|p2a: VX Sagittarii|2\/100\n|-unboost|p1a: Pheromosa|def|1\n|-unboost|p1a: Pheromosa|spd|1\n|move|p2a: VX Sagittarii|Mystical Fire|p1a: Pheromosa\n|-supereffective|p1a: Pheromosa\n|-damage|p1a: Pheromosa|0 fnt\n|faint|p1a: Pheromosa\n|\n|upkeep\n|c|\u2606the bugcatcher pr|aw\n|c|\u2606InsertSampleText|woah\n|c|\u2606the bugcatcher pr|gg\n|c|\u2606the bugcatcher pr|u win\n|c|\u2606InsertSampleText|close one\n|c|\u2606InsertSampleText|4 hp\n|c|\u2606InsertSampleText|ggs\n|c|\u2606the bugcatcher pr|rng'd\n|\n|t:|1698717664\n|switch|p1a: Vikavolt|Vikavolt, F|38\/100\n|turn|22\n|\n|t:|1698717668\n|move|p2a: VX Sagittarii|Psychic|p1a: Vikavolt\n|-damage|p1a: Vikavolt|6\/100\n|move|p1a: Vikavolt|Thunderbolt|p2a: VX Sagittarii\n|-resisted|p2a: VX Sagittarii\n|-damage|p2a: VX Sagittarii|0 fnt\n|faint|p2a: VX Sagittarii\n|\n|upkeep\n|\n|t:|1698717674\n|switch|p2a: Daisy Bell|Magearna|100\/100\n|turn|23\n|c|\u2606the bugcatcher pr|:P\n|\n|t:|1698717677\n|move|p2a: Daisy Bell|Flash Cannon|p1a: Vikavolt\n|-resisted|p1a: Vikavolt\n|-damage|p1a: Vikavolt|0 fnt\n|faint|p1a: Vikavolt\n|\n|win|InsertSampleText\n|raw|the bugcatcher pr's rating: 1321 &rarr; <strong>1305<\/strong><br \/>(-16 for losing)\n|raw|InsertSampleText's rating: 1399 &rarr; <strong>1415<\/strong><br \/>(+16 for winning)\n|c|\u2606InsertSampleText|ggs\n|l|\u2606the bugcatcher pr\n","uploadtime":1698717697,"views":8,"p1id":"thebugcatcherpr","p2id":"insertsampletext","formatid":"gen9nationaldexubers","rating":1305,"private":0,"password":""}