{"id":"gen9nationaldexubers-1987939697","p1":"Alexandre195","p2":"ThatCommonBoi","format":"[Gen 9] National Dex Ubers","log":"|j|\u2606Alexandre195\n|j|\u2606ThatCommonBoi\n|t:|1699651226\n|gametype|singles\n|player|p1|Alexandre195|nate|1148\n|player|p2|ThatCommonBoi|steven|1114\n|teamsize|p1|6\n|teamsize|p2|6\n|gen|9\n|tier|[Gen 9] National Dex Ubers\n|rated|\n|rule|HP Percentage Mod: HP is shown in percentages\n|rule|Endless Battle Clause: Forcing endless battles is banned\n|rule|OHKO Clause: OHKO moves are banned\n|rule|Evasion Moves Clause: Evasion moves are banned\n|rule|Evasion Items Clause: Evasion items are banned\n|rule|Species Clause: Limit one of each Pok\u00e9mon\n|rule|Sleep Clause Mod: Limit one foe put to sleep\n|rule|Mega Rayquaza Clause: You cannot mega evolve Rayquaza\n|clearpoke\n|poke|p1|Mawile, M|\n|poke|p1|Scizor, M|\n|poke|p1|Aegislash, F|\n|poke|p1|Jirachi|\n|poke|p1|Heatran, M|\n|poke|p1|Kingambit, M|\n|poke|p2|Annihilape, F|\n|poke|p2|Dragapult, M|\n|poke|p2|Ceruledge, F|\n|poke|p2|Cofagrigus, M|\n|poke|p2|Aegislash, F|\n|poke|p2|Dhelmise|\n|teampreview\n|inactive|Battle timer is ON: inactive players will automatically lose when time's up. (requested by Alexandre195)\n|\n|t:|1699651241\n|start\n|switch|p1a: Jirachi|Jirachi|100\/100\n|switch|p2a: Cofagrigus|Cofagrigus, M|100\/100\n|turn|1\n|\n|t:|1699651248\n|move|p1a: Jirachi|Trick|p2a: Cofagrigus\n|-activate|p1a: Jirachi|move: Trick|[of] p2a: Cofagrigus\n|-item|p2a: Cofagrigus|Choice Scarf|[from] move: Trick\n|-item|p1a: Jirachi|Leftovers|[from] move: Trick\n|move|p2a: Cofagrigus|Will-O-Wisp|p1a: Jirachi\n|-status|p1a: Jirachi|brn\n|\n|-damage|p1a: Jirachi|94\/100 brn|[from] brn\n|upkeep\n|turn|2\n|\n|t:|1699651263\n|switch|p1a: Heatran|Heatran, M|100\/100\n|switch|p2a: Ceruledge|Ceruledge, F|100\/100\n|\n|upkeep\n|turn|3\n|\n|t:|1699651274\n|move|p2a: Ceruledge|Bulk Up|p2a: Ceruledge\n|-boost|p2a: Ceruledge|atk|1\n|-boost|p2a: Ceruledge|def|1\n|move|p1a: Heatran|Power Gem|p2a: Ceruledge\n|-supereffective|p2a: Ceruledge\n|-damage|p2a: Ceruledge|49\/100\n|\n|upkeep\n|turn|4\n|\n|t:|1699651283\n|switch|p2a: Annihilape|Annihilape, F|100\/100\n|move|p1a: Heatran|Power Gem|p2a: Annihilape\n|-resisted|p2a: Annihilape\n|-crit|p2a: Annihilape\n|-damage|p2a: Annihilape|88\/100\n|\n|-heal|p2a: Annihilape|95\/100|[from] item: Leftovers\n|upkeep\n|turn|5\n|\n|t:|1699651290\n|move|p2a: Annihilape|Bulk Up|p2a: Annihilape\n|-boost|p2a: Annihilape|atk|1\n|-boost|p2a: Annihilape|def|1\n|move|p1a: Heatran|Will-O-Wisp|p2a: Annihilape\n|-status|p2a: Annihilape|brn\n|\n|-heal|p2a: Annihilape|100\/100 brn|[from] item: Leftovers\n|-damage|p2a: Annihilape|94\/100 brn|[from] brn\n|upkeep\n|turn|6\n|\n|t:|1699651298\n|switch|p1a: Jirachi|Jirachi|94\/100 brn\n|move|p2a: Annihilape|Bulk Up|p2a: Annihilape\n|-boost|p2a: Annihilape|atk|1\n|-boost|p2a: Annihilape|def|1\n|\n|-heal|p1a: Jirachi|100\/100 brn|[from] item: Leftovers\n|-heal|p2a: Annihilape|100\/100 brn|[from] item: Leftovers\n|-damage|p1a: Jirachi|94\/100 brn|[from] brn\n|-damage|p2a: Annihilape|94\/100 brn|[from] brn\n|upkeep\n|turn|7\n|\n|t:|1699651303\n|move|p1a: Jirachi|Zen Headbutt|p2a: Annihilape\n|-supereffective|p2a: Annihilape\n|-damage|p2a: Annihilape|79\/100 brn\n|move|p2a: Annihilape|Bulk Up|p2a: Annihilape\n|-boost|p2a: Annihilape|atk|1\n|-boost|p2a: Annihilape|def|1\n|\n|-heal|p1a: Jirachi|100\/100 brn|[from] item: Leftovers\n|-heal|p2a: Annihilape|85\/100 brn|[from] item: Leftovers\n|-damage|p1a: Jirachi|94\/100 brn|[from] brn\n|-damage|p2a: Annihilape|79\/100 brn|[from] brn\n|upkeep\n|turn|8\n|\n|t:|1699651307\n|move|p1a: Jirachi|Zen Headbutt|p2a: Annihilape\n|-supereffective|p2a: Annihilape\n|-damage|p2a: Annihilape|67\/100 brn\n|move|p2a: Annihilape|Bulk Up|p2a: Annihilape\n|-boost|p2a: Annihilape|atk|1\n|-boost|p2a: Annihilape|def|1\n|\n|-heal|p1a: Jirachi|100\/100 brn|[from] item: Leftovers\n|-heal|p2a: Annihilape|73\/100 brn|[from] item: Leftovers\n|-damage|p1a: Jirachi|94\/100 brn|[from] brn\n|-damage|p2a: Annihilape|67\/100 brn|[from] brn\n|upkeep\n|turn|9\n|\n|t:|1699651311\n|move|p1a: Jirachi|Zen Headbutt|p2a: Annihilape\n|-supereffective|p2a: Annihilape\n|-damage|p2a: Annihilape|56\/100 brn\n|move|p2a: Annihilape|Rage Fist|p1a: Jirachi\n|-supereffective|p1a: Jirachi\n|-damage|p1a: Jirachi|0 fnt\n|faint|p1a: Jirachi\n|\n|-heal|p2a: Annihilape|62\/100 brn|[from] item: Leftovers\n|-damage|p2a: Annihilape|56\/100 brn|[from] brn\n|upkeep\n|\n|t:|1699651318\n|switch|p1a: Aegislash|Aegislash, F|100\/100\n|turn|10\n|\n|t:|1699651323\n|-formechange|p1a: Aegislash|Aegislash-Blade||[from] ability: Stance Change\n|move|p1a: Aegislash|Shadow Sneak|p2a: Annihilape\n|-supereffective|p2a: Annihilape\n|-damage|p2a: Annihilape|37\/100 brn\n|move|p2a: Annihilape|Rage Fist|p1a: Aegislash\n|-supereffective|p1a: Aegislash\n|-damage|p1a: Aegislash|0 fnt\n|faint|p1a: Aegislash\n|\n|-heal|p2a: Annihilape|43\/100 brn|[from] item: Leftovers\n|-damage|p2a: Annihilape|37\/100 brn|[from] brn\n|upkeep\n|\n|t:|1699651327\n|switch|p1a: Heatran|Heatran, M|100\/100\n|turn|11\n|\n|t:|1699651330\n|move|p2a: Annihilape|Drain Punch|p1a: Heatran\n|-supereffective|p1a: Heatran\n|-damage|p1a: Heatran|32\/100\n|-heal|p2a: Annihilape|67\/100 brn|[from] drain|[of] p1a: Heatran\n|move|p1a: Heatran|Magma Storm|p2a: Annihilape\n|-damage|p2a: Annihilape|37\/100 brn\n|-activate|p2a: Annihilape|move: Magma Storm|[of] p1a: Heatran\n|\n|-heal|p2a: Annihilape|43\/100 brn|[from] item: Leftovers\n|-heal|p1a: Heatran|38\/100|[from] item: Leftovers\n|-damage|p2a: Annihilape|37\/100 brn|[from] brn\n|-damage|p2a: Annihilape|25\/100 brn|[from] move: Magma Storm|[partiallytrapped]\n|upkeep\n|turn|12\n|\n|t:|1699651338\n|move|p2a: Annihilape|Drain Punch|p1a: Heatran\n|-supereffective|p1a: Heatran\n|-damage|p1a: Heatran|0 fnt\n|-heal|p2a: Annihilape|41\/100 brn|[from] drain|[of] p1a: Heatran\n|faint|p1a: Heatran\n|\n|-heal|p2a: Annihilape|48\/100 brn|[from] item: Leftovers\n|-damage|p2a: Annihilape|41\/100 brn|[from] brn\n|-end|p2a: Annihilape|Magma Storm|[partiallytrapped]|[silent]\n|upkeep\n|\n|t:|1699651340\n|switch|p1a: Mawile|Mawile, M|100\/100\n|turn|13\n|\n|t:|1699651351\n|detailschange|p1a: Mawile|Mawile-Mega, M\n|-mega|p1a: Mawile|Mawile|Mawilite\n|move|p2a: Annihilape|Rage Fist|p1a: Mawile\n|-damage|p1a: Mawile|0 fnt\n|faint|p1a: Mawile\n|\n|-heal|p2a: Annihilape|48\/100 brn|[from] item: Leftovers\n|-damage|p2a: Annihilape|41\/100 brn|[from] brn\n|upkeep\n|\n|t:|1699651355\n|switch|p1a: Kingambit|Kingambit, M|100\/100\n|-activate|p1a: Kingambit|ability: Supreme Overlord\n|-start|p1a: Kingambit|fallen4|[silent]\n|turn|14\n|\n|t:|1699651360\n|-terastallize|p1a: Kingambit|Ghost\n|move|p2a: Annihilape|Bulk Up|p2a: Annihilape\n|-boost|p2a: Annihilape|atk|1\n|-boost|p2a: Annihilape|def|1\n|move|p1a: Kingambit|Swords Dance|p1a: Kingambit\n|-boost|p1a: Kingambit|atk|2\n|\n|-heal|p2a: Annihilape|48\/100 brn|[from] item: Leftovers\n|-damage|p2a: Annihilape|41\/100 brn|[from] brn\n|upkeep\n|turn|15\n|\n|t:|1699651365\n|move|p1a: Kingambit|Sucker Punch|p2a: Annihilape\n|-damage|p2a: Annihilape|4\/100 brn\n|move|p2a: Annihilape|Rage Fist|p1a: Kingambit\n|-supereffective|p1a: Kingambit\n|-crit|p1a: Kingambit\n|-damage|p1a: Kingambit|0 fnt\n|faint|p1a: Kingambit\n|-end|p1a: Kingambit|fallen4|[silent]\n|\n|-heal|p2a: Annihilape|10\/100 brn|[from] item: Leftovers\n|-damage|p2a: Annihilape|4\/100 brn|[from] brn\n|upkeep\n|\n|t:|1699651369\n|switch|p1a: Scizor|Scizor, M|100\/100\n|turn|16\n|\n|t:|1699651377\n|move|p1a: Scizor|Bullet Punch|p2a: Annihilape\n|-damage|p2a: Annihilape|0 fnt\n|faint|p2a: Annihilape\n|\n|upkeep\n|\n|t:|1699651380\n|switch|p2a: Dragapult|Dragapult, M|100\/100\n|turn|17\n|\n|t:|1699651384\n|move|p2a: Dragapult|Flamethrower|p1a: Scizor\n|-supereffective|p1a: Scizor\n|-damage|p1a: Scizor|0 fnt\n|faint|p1a: Scizor\n|\n|win|ThatCommonBoi\n|raw|Alexandre195's rating: 1148 &rarr; <strong>1121<\/strong><br \/>(-27 for losing)\n|raw|ThatCommonBoi's rating: 1114 &rarr; <strong>1141<\/strong><br \/>(+27 for winning)\n|c|\u2606Alexandre195|gg\n|c|\u2606ThatCommonBoi|gg\n","uploadtime":1699651397,"views":5,"p1id":"alexandre195","p2id":"thatcommonboi","formatid":"gen9nationaldexubers","rating":1121,"private":0,"password":""}