{"id":"gen9nationaldexubers-1982864310","p1":"Charlie98554","p2":"TurboAmongy","format":"[Gen 9] National Dex Ubers","log":"|j|\u2606Charlie98554\n|j|\u2606TurboAmongy\n|t:|1699052617\n|gametype|singles\n|player|p1|Charlie98554|170|1282\n|player|p2|TurboAmongy|clerkf|1180\n|teamsize|p1|5\n|teamsize|p2|6\n|gen|9\n|tier|[Gen 9] National Dex Ubers\n|rated|\n|rule|HP Percentage Mod: HP is shown in percentages\n|rule|Endless Battle Clause: Forcing endless battles is banned\n|rule|OHKO Clause: OHKO moves are banned\n|rule|Evasion Moves Clause: Evasion moves are banned\n|rule|Evasion Items Clause: Evasion items are banned\n|rule|Species Clause: Limit one of each Pok\u00e9mon\n|rule|Sleep Clause Mod: Limit one foe put to sleep\n|rule|Mega Rayquaza Clause: You cannot mega evolve Rayquaza\n|clearpoke\n|poke|p1|Cottonee, L1, F|\n|poke|p1|Togedemaru, L1, F|\n|poke|p1|Kyogre|\n|poke|p1|Cyclizar, F|\n|poke|p1|Zygarde|\n|poke|p2|Flygon, F|\n|poke|p2|Reshiram|\n|poke|p2|Rayquaza|\n|poke|p2|Dragonair, F|\n|poke|p2|Hydreigon, M|\n|poke|p2|Roaring Moon|\n|teampreview\n|\n|t:|1699052631\n|start\n|switch|p1a: Cyclizar|Cyclizar, F|100\/100\n|switch|p2a: Lucoa|Rayquaza|100\/100\n|-ability|p2a: Lucoa|Air Lock\n|turn|1\n|inactive|Battle timer is ON: inactive players will automatically lose when time's up. (requested by TurboAmongy)\n|\n|t:|1699052639\n|move|p1a: Cyclizar|Shed Tail|p1a: Cyclizar\n|-start|p1a: Cyclizar|Substitute|[from] move: Shed Tail\n|-damage|p1a: Cyclizar|50\/100\n|\n|t:|1699052647\n|switch|p1a: Cottonee|Cottonee, L1, F|100\/100|[from] Shed Tail\n|move|p2a: Lucoa|Dragon Ascent|p1a: Cottonee\n|-supereffective|p1a: Cottonee\n|-end|p1a: Cottonee|Substitute\n|-unboost|p2a: Lucoa|def|1\n|-unboost|p2a: Lucoa|spd|1\n|-damage|p2a: Lucoa|91\/100|[from] item: Life Orb\n|\n|upkeep\n|turn|2\n|\n|t:|1699052656\n|move|p2a: Lucoa|Extreme Speed|p1a: Cottonee\n|-enditem|p1a: Cottonee|Focus Sash\n|-damage|p1a: Cottonee|9\/100\n|-damage|p2a: Lucoa|81\/100|[from] item: Life Orb\n|move|p1a: Cottonee|Leech Seed|p2a: Lucoa\n|-start|p2a: Lucoa|move: Leech Seed\n|\n|-damage|p2a: Lucoa|68\/100|[from] Leech Seed|[of] p1a: Cottonee\n|-heal|p1a: Cottonee|100\/100|[silent]\n|upkeep\n|turn|3\n|c|\u2606Charlie98554|!dt extreme-speed\n|raw|<ul class=\"utilichart\"><li class=\"result\"><span class=\"col movenamecol\"><a href=\"https:\/\/dex.pokemonshowdown.com\/moves\/extremespeed\">Extreme Speed<\/a><\/span> <span class=\"col typecol\"><img src=\"\/\/play.pokemonshowdown.com\/sprites\/types\/Normal.png\" alt=\"Normal\" width=\"32\" height=\"14\"><img src=\"\/\/play.pokemonshowdown.com\/sprites\/categories\/Physical.png\" alt=\"Physical\" width=\"32\" height=\"14\"><\/span> <span class=\"col labelcol\"><em>Power<\/em><br>80<\/span> <span class=\"col widelabelcol\"><em>Accuracy<\/em><br>100%<\/span> <span class=\"col pplabelcol\"><em>PP<\/em><br>8<\/span> <span class=\"col movedesccol\">Nearly always goes first.<\/span> <\/li><li style=\"clear:both\"><\/li><\/ul>\n|raw|<font size=\"1\"><font color=\"#686868\">Priority:<\/font> 2&nbsp;|&ThickSpace;<font color=\"#686868\">Gen:<\/font> 2&nbsp;|&ThickSpace;&#10003; Contact&nbsp;|&ThickSpace;<font color=\"#686868\">Z-Power:<\/font> 160&nbsp;|&ThickSpace;<font color=\"#686868\">Dynamax Power:<\/font> 130&nbsp;|&ThickSpace;<font color=\"#686868\">Target:<\/font> One Adjacent Pok\u00e9mon<\/font>\n\n|\n|t:|1699052677\n|switch|p2a: Kanna|Reshiram, shiny|100\/100\n|-ability|p2a: Kanna|Turboblaze\n|move|p1a: Cottonee|Endeavor|p2a: Kanna\n|-damage|p2a: Kanna|4\/100\n|\n|upkeep\n|turn|4\n|\n|t:|1699052685\n|move|p1a: Cottonee|Substitute|p1a: Cottonee\n|-start|p1a: Cottonee|Substitute\n|-damage|p1a: Cottonee|75\/100\n|move|p2a: Kanna|Toxic||[still]\n|-fail|p2a: Kanna\n|\n|upkeep\n|turn|5\n|\n|t:|1699052692\n|move|p1a: Cottonee|Leech Seed|p2a: Kanna|[miss]\n|-miss|p1a: Cottonee|p2a: Kanna\n|move|p2a: Kanna|Roost|p2a: Kanna\n|-heal|p2a: Kanna|54\/100\n|-singleturn|p2a: Kanna|move: Roost\n|\n|upkeep\n|turn|6\n|c|\u2606Charlie98554|UH\n|\n|t:|1699052704\n|move|p1a: Cottonee|Leech Seed|p2a: Kanna\n|-start|p2a: Kanna|move: Leech Seed\n|move|p2a: Kanna|Draco Meteor|p1a: Cottonee\n|-immune|p1a: Cottonee\n|\n|-damage|p2a: Kanna|42\/100|[from] Leech Seed|[of] p1a: Cottonee\n|-heal|p1a: Cottonee|100\/100|[silent]\n|upkeep\n|turn|7\n|c|\u2606Charlie98554|u tupid?\n|inactive|TurboAmongy has 120 seconds left.\n|inactive|TurboAmongy has 90 seconds left.\n|inactive|TurboAmongy has 60 seconds left.\n|inactive|TurboAmongy has 30 seconds left.\n|\n|t:|1699052830\n|switch|p2a: Elma|Dragonair, F|100\/100\n|move|p1a: Cottonee|Protect||[still]\n|-fail|p1a: Cottonee\n|\n|upkeep\n|turn|8\n|inactive|TurboAmongy has 30 seconds left.\n|\n|t:|1699052843\n|move|p1a: Cottonee|Leech Seed|p2a: Elma\n|-start|p2a: Elma|move: Leech Seed\n|move|p2a: Elma|Dragon Dance|p2a: Elma\n|-boost|p2a: Elma|atk|1\n|-boost|p2a: Elma|spe|1\n|\n|-damage|p2a: Elma|88\/100|[from] Leech Seed|[of] p1a: Cottonee\n|upkeep\n|turn|9\n|inactive|TurboAmongy has 30 seconds left.\n|\n|t:|1699052854\n|switch|p2a: Ilulu|Roaring Moon|100\/100\n|-enditem|p2a: Ilulu|Booster Energy\n|-activate|p2a: Ilulu|ability: Protosynthesis|[fromitem]\n|-start|p2a: Ilulu|protosynthesisatk\n|move|p1a: Cottonee|Protect||[still]\n|-fail|p1a: Cottonee\n|\n|upkeep\n|turn|10\n|inactive|TurboAmongy has 30 seconds left.\n|inactive|TurboAmongy has 20 seconds left.\n|\n|t:|1699052872\n|move|p1a: Cottonee|Leech Seed|p2a: Ilulu\n|-hint|Since gen 7, Dark is immune to Prankster moves.\n|-immune|p2a: Ilulu\n|move|p2a: Ilulu|Earthquake|p1a: Cottonee\n|-resisted|p1a: Cottonee\n|-end|p1a: Cottonee|Substitute\n|\n|upkeep\n|turn|11\n|inactive|TurboAmongy has 30 seconds left this turn.\n|c|\u2606TurboAmongy|UUUUH U TUPID?!?!?!?!?!?!\n|inactive|TurboAmongy has 20 seconds left.\n|\n|t:|1699052884\n|move|p1a: Cottonee|Protect|p1a: Cottonee\n|-singleturn|p1a: Cottonee|Protect\n|move|p2a: Ilulu|Earthquake|p1a: Cottonee\n|-activate|p1a: Cottonee|move: Protect\n|\n|upkeep\n|turn|12\n|inactive|TurboAmongy has 30 seconds left this turn.\n|c|\u2606Charlie98554|okay u tried to use toxic and dragon danced on a lvl 1\n|c|\u2606TurboAmongy|UUUUUUUUUUUUUUUUUUUUUUUUUUUUUUUUUUUUH\n|c|\u2606Charlie98554|and used draco on a fairy LMFAO\n|inactive|Charlie98554 has 120 seconds left.\n|\n|t:|1699052918\n|move|p1a: Cottonee|Leech Seed|p2a: Ilulu\n|-hint|Since gen 7, Dark is immune to Prankster moves.\n|-immune|p2a: Ilulu\n|move|p2a: Ilulu|Earthquake|p1a: Cottonee\n|-resisted|p1a: Cottonee\n|-damage|p1a: Cottonee|0 fnt\n|faint|p1a: Cottonee\n|\n|upkeep\n|c|\u2606TurboAmongy|UUUUUUUUUUUUUUUUUUUUUUUUUUUUUUUUUUUUUUUUUUUUUUUUUUUUUUUUUUUUUUUUUH\n|\n|t:|1699052920\n|switch|p1a: Zygarde|Zygarde, shiny|100\/100\n|turn|13\n|c|\u2606Charlie98554|sac\n|inactive|TurboAmongy has 30 seconds left.\n|inactive|TurboAmongy has 20 seconds left.\n|\n|t:|1699052945\n|-terastallize|p2a: Ilulu|Flying\n|move|p2a: Ilulu|Acrobatics|p1a: Zygarde\n|-damage|p1a: Zygarde|42\/100\n|move|p1a: Zygarde|Coil|p1a: Zygarde\n|-boost|p1a: Zygarde|atk|1\n|-boost|p1a: Zygarde|def|1\n|-boost|p1a: Zygarde|accuracy|1\n|\n|-heal|p1a: Zygarde|48\/100|[from] item: Leftovers\n|-activate|p1a: Zygarde|ability: Power Construct\n|detailschange|p1a: Zygarde|Zygarde-Complete, shiny\n|-heal|p1a: Zygarde|66\/100|[silent]\n|upkeep\n|turn|14\n|inactive|TurboAmongy has 30 seconds left this turn.\n|inactive|TurboAmongy has 20 seconds left.\n|\n|t:|1699052957\n|move|p2a: Ilulu|Acrobatics|p1a: Zygarde\n|-damage|p1a: Zygarde|43\/100\n|move|p1a: Zygarde|Coil|p1a: Zygarde\n|-boost|p1a: Zygarde|atk|1\n|-boost|p1a: Zygarde|def|1\n|-boost|p1a: Zygarde|accuracy|1\n|\n|-heal|p1a: Zygarde|49\/100|[from] item: Leftovers\n|upkeep\n|turn|15\n|inactive|TurboAmongy has 30 seconds left this turn.\n|inactive|TurboAmongy has 20 seconds left.\n|\n|t:|1699052968\n|-end|p2a: Ilulu|Protosynthesis|[silent]\n|switch|p2a: Kanna|Reshiram, shiny|42\/100\n|-ability|p2a: Kanna|Turboblaze\n|move|p1a: Zygarde|Coil|p1a: Zygarde\n|-boost|p1a: Zygarde|atk|1\n|-boost|p1a: Zygarde|def|1\n|-boost|p1a: Zygarde|accuracy|1\n|\n|-heal|p1a: Zygarde|55\/100|[from] item: Leftovers\n|upkeep\n|turn|16\n|inactive|TurboAmongy has 30 seconds left this turn.\n|inactive|TurboAmongy has 20 seconds left.\n|\n|t:|1699052980\n|-terastallize|p1a: Zygarde|Fire\n|move|p2a: Kanna|Draco Meteor|p1a: Zygarde\n|-damage|p1a: Zygarde|0 fnt\n|-unboost|p2a: Kanna|spa|2\n|faint|p1a: Zygarde\n|-damage|p2a: Kanna|32\/100|[from] item: Life Orb\n|\n|upkeep\n|inactive|TurboAmongy has 25 seconds left this turn.\n|c|\u2606Charlie98554|ur\n|c|\u2606Charlie98554|wtf\n|c|\u2606TurboAmongy|UUUUUUUUUUU U TUPID?!!??\n|c|\u2606Charlie98554|what the\n|c|\u2606Charlie98554|bro it wouldve been super effective\n|inactive|Charlie98554 has 120 seconds left.\n|c|\u2606Charlie98554|how the fuck did that kill\n|c|\u2606Charlie98554|u are specs.\n|c|\u2606Charlie98554|wAIT UR NOT\n|c|\u2606Charlie98554|WHAT?\n|\n|t:|1699053024\n|switch|p1a: Cyclizar|Cyclizar, F|84\/100\n|turn|17\n|\n|t:|1699053027\n|move|p1a: Cyclizar|Shed Tail|p1a: Cyclizar\n|-start|p1a: Cyclizar|Substitute|[from] move: Shed Tail\n|-damage|p1a: Cyclizar|34\/100\n|\n|t:|1699053031\n|switch|p1a: Kyogre|Kyogre|100\/100|[from] Shed Tail\n|detailschange|p1a: Kyogre|Kyogre-Primal\n|-primal|p1a: Kyogre|Blue Orb\n|-weather|PrimordialSea|[from] ability: Primordial Sea|[of] p1a: Kyogre\n|move|p2a: Kanna|Draco Meteor|p1a: Kyogre|[miss]\n|-miss|p2a: Kanna|p1a: Kyogre\n|\n|-weather|PrimordialSea|[upkeep]\n|upkeep\n|turn|18\n|c|\u2606Charlie98554|LMAO\n|c|\u2606Charlie98554|same thing happened to me.\n|inactive|Charlie98554 has 120 seconds left.\n|c|\u2606Charlie98554|wityh leech seed\n|\n|t:|1699053048\n|move|p1a: Kyogre|Water Spout|p2a: Kanna\n|-damage|p2a: Kanna|0 fnt\n|faint|p2a: Kanna\n|\n|-weather|PrimordialSea|[upkeep]\n|upkeep\n|\n|t:|1699053061\n|switch|p2a: Fafnir|Hydreigon, M|100\/100\n|turn|19\n|\n|t:|1699053071\n|move|p2a: Fafnir|Draco Meteor|p1a: Kyogre\n|-end|p1a: Kyogre|Substitute\n|-unboost|p2a: Fafnir|spa|2\n|move|p1a: Kyogre|Ice Beam|p2a: Fafnir\n|-supereffective|p2a: Fafnir\n|-damage|p2a: Fafnir|8\/100\n|\n|-weather|PrimordialSea|[upkeep]\n|upkeep\n|turn|20\n|\n|t:|1699053080\n|move|p2a: Fafnir|Draco Meteor|p1a: Kyogre\n|-damage|p1a: Kyogre|77\/100\n|-unboost|p2a: Fafnir|spa|2\n|move|p1a: Kyogre|Ancient Power|p2a: Fafnir\n|-damage|p2a: Fafnir|0 fnt\n|-boost|p1a: Kyogre|atk|1\n|-boost|p1a: Kyogre|def|1\n|-boost|p1a: Kyogre|spa|1\n|-boost|p1a: Kyogre|spd|1\n|-boost|p1a: Kyogre|spe|1\n|faint|p2a: Fafnir\n|\n|-weather|PrimordialSea|[upkeep]\n|upkeep\n|c|\u2606Charlie98554|OMG\n|c|\u2606Charlie98554|LOL\n|\n|t:|1699053099\n|switch|p2a: Lucoa|Rayquaza|68\/100\n|-ability|p2a: Lucoa|Air Lock\n|turn|21\n|\n|t:|1699053108\n|move|p2a: Lucoa|Extreme Speed|p1a: Kyogre\n|-damage|p1a: Kyogre|45\/100\n|-damage|p2a: Lucoa|58\/100|[from] item: Life Orb\n|move|p1a: Kyogre|Ice Beam|p2a: Lucoa\n|-supereffective|p2a: Lucoa\n|-damage|p2a: Lucoa|0 fnt\n|faint|p2a: Lucoa\n|\n|-weather|PrimordialSea|[upkeep]\n|upkeep\n|c|\u2606Charlie98554|e speed\n|\n|t:|1699053116\n|switch|p2a: Elma|Dragonair, F|88\/100\n|turn|22\n|\n|t:|1699053123\n|move|p1a: Kyogre|Ice Beam|p2a: Elma\n|-supereffective|p2a: Elma\n|-damage|p2a: Elma|0 fnt\n|faint|p2a: Elma\n|\n|-weather|PrimordialSea|[upkeep]\n|upkeep\n|\n|t:|1699053129\n|switch|p2a: Tohru|Flygon, F|100\/100\n|turn|23\n|\n|t:|1699053140\n|move|p2a: Tohru|Outrage|p1a: Kyogre\n|-damage|p1a: Kyogre|6\/100\n|move|p1a: Kyogre|Ice Beam|p2a: Tohru\n|-supereffective|p2a: Tohru\n|-damage|p2a: Tohru|0 fnt\n|faint|p2a: Tohru\n|\n|-weather|PrimordialSea|[upkeep]\n|upkeep\n|\n|t:|1699053144\n|switch|p2a: Ilulu|Roaring Moon, tera:Flying|100\/100\n|turn|24\n|\n|t:|1699053153\n|move|p1a: Kyogre|Ice Beam|p2a: Ilulu\n|-supereffective|p2a: Ilulu\n|-damage|p2a: Ilulu|0 fnt\n|faint|p2a: Ilulu\n|-end|p2a: Ilulu|Protosynthesis|[silent]\n|\n|win|Charlie98554\n|raw|Charlie98554's rating: 1253 &rarr; <strong>1274<\/strong><br \/>(+21 for winning)\n|raw|TurboAmongy's rating: 1203 &rarr; <strong>1182<\/strong><br \/>(-21 for losing)\n","uploadtime":1699052799,"views":4,"p1id":"charlie98554","p2id":"turboamongy","formatid":"gen9nationaldexubers","rating":1182,"private":0,"password":""}