{"id":"gen9nationaldexubers-1990623382","p1":"daniel4345","p2":"85792195wwww","format":"[Gen 9] National Dex Ubers","log":"|j|\u2606daniel4345\n|j|\u260685792195wwww\n|t:|1699986571\n|gametype|singles\n|player|p1|daniel4345|266|1482\n|player|p2|85792195wwww|mira|1753\n|teamsize|p1|6\n|teamsize|p2|6\n|gen|9\n|tier|[Gen 9] National Dex Ubers\n|rated|\n|rule|HP Percentage Mod: HP is shown in percentages\n|rule|Endless Battle Clause: Forcing endless battles is banned\n|rule|OHKO Clause: OHKO moves are banned\n|rule|Evasion Moves Clause: Evasion moves are banned\n|rule|Evasion Items Clause: Evasion items are banned\n|rule|Species Clause: Limit one of each Pok\u00e9mon\n|rule|Sleep Clause Mod: Limit one foe put to sleep\n|rule|Mega Rayquaza Clause: You cannot mega evolve Rayquaza\n|clearpoke\n|poke|p1|Deoxys-Speed|\n|poke|p1|Groudon|\n|poke|p1|Kyogre|\n|poke|p1|Marshadow|\n|poke|p1|Xerneas-*|\n|poke|p1|Necrozma-Dusk-Mane|\n|poke|p2|Arceus-Ground|\n|poke|p2|Deoxys-Speed|\n|poke|p2|Landorus, M|\n|poke|p2|Zacian-*|\n|poke|p2|Groudon|\n|poke|p2|Kyurem-Black|\n|teampreview\n|\n|t:|1699986598\n|start\n|switch|p1a: Deoxys|Deoxys-Speed|100\/100\n|switch|p2a: Landorus|Landorus, M|100\/100\n|-ability|p1a: Deoxys|Pressure\n|turn|1\n|\n|t:|1699986606\n|move|p1a: Deoxys|Stealth Rock|p2a: Landorus\n|-sidestart|p2: 85792195wwww|move: Stealth Rock\n|move|p2a: Landorus|Earth Power|p1a: Deoxys\n|-enditem|p1a: Deoxys|Focus Sash\n|-damage|p1a: Deoxys|1\/100\n|\n|upkeep\n|turn|2\n|\n|t:|1699986614\n|move|p1a: Deoxys|Spikes|p2a: Landorus\n|-sidestart|p2: 85792195wwww|Spikes\n|move|p2a: Landorus|Earth Power|p1a: Deoxys\n|-damage|p1a: Deoxys|0 fnt\n|faint|p1a: Deoxys\n|\n|upkeep\n|\n|t:|1699986620\n|switch|p1a: Kyogre|Kyogre|100\/100\n|detailschange|p1a: Kyogre|Kyogre-Primal\n|-primal|p1a: Kyogre|Blue Orb\n|-weather|PrimordialSea|[from] ability: Primordial Sea|[of] p1a: Kyogre\n|turn|3\n|\n|t:|1699986627\n|move|p2a: Landorus|Earth Power|p1a: Kyogre\n|-damage|p1a: Kyogre|53\/100\n|move|p1a: Kyogre|Origin Pulse|p2a: Landorus|[miss]\n|-miss|p1a: Kyogre|p2a: Landorus\n|\n|-weather|PrimordialSea|[upkeep]\n|upkeep\n|turn|4\n|\n|t:|1699986634\n|move|p2a: Landorus|Earth Power|p1a: Kyogre\n|-damage|p1a: Kyogre|1\/100\n|move|p1a: Kyogre|Origin Pulse|p2a: Landorus\n|-supereffective|p2a: Landorus\n|-damage|p2a: Landorus|0 fnt\n|faint|p2a: Landorus\n|\n|-weather|PrimordialSea|[upkeep]\n|upkeep\n|\n|t:|1699986643\n|switch|p2a: Deoxys|Deoxys-Speed|100\/100\n|-damage|p2a: Deoxys|88\/100|[from] Stealth Rock\n|-damage|p2a: Deoxys|76\/100|[from] Spikes\n|-ability|p2a: Deoxys|Pressure\n|turn|5\n|\n|t:|1699986652\n|move|p2a: Deoxys|Spikes|p1a: Kyogre\n|-sidestart|p1: daniel4345|Spikes\n|move|p1a: Kyogre|Origin Pulse|p2a: Deoxys\n|-damage|p2a: Deoxys|0 fnt\n|faint|p2a: Deoxys\n|\n|-weather|PrimordialSea|[upkeep]\n|upkeep\n|\n|t:|1699986666\n|switch|p2a: Arceus|Arceus-Ground|100\/100\n|-damage|p2a: Arceus|94\/100|[from] Stealth Rock\n|-damage|p2a: Arceus|82\/100|[from] Spikes\n|turn|6\n|\n|t:|1699986671\n|move|p2a: Arceus|Earthquake|p1a: Kyogre\n|-damage|p1a: Kyogre|0 fnt\n|faint|p1a: Kyogre\n|-weather|none\n|\n|upkeep\n|\n|t:|1699986675\n|switch|p1a: Necrozma|Necrozma-Dusk-Mane|100\/100\n|-damage|p1a: Necrozma|88\/100|[from] Spikes\n|turn|7\n|\n|t:|1699986681\n|-zpower|p2a: Arceus\n|move|p2a: Arceus|Tectonic Rage|p1a: Necrozma|[zeffect]\n|-supereffective|p1a: Necrozma\n|-damage|p1a: Necrozma|0 fnt\n|faint|p1a: Necrozma\n|\n|upkeep\n|\n|t:|1699986685\n|switch|p1a: Xerneas|Xerneas|100\/100\n|-damage|p1a: Xerneas|88\/100|[from] Spikes\n|-ability|p1a: Xerneas|Fairy Aura\n|turn|8\n|\n|t:|1699986694\n|move|p2a: Arceus|Taunt|p1a: Xerneas\n|-start|p1a: Xerneas|move: Taunt\n|cant|p1a: Xerneas|move: Taunt|Geomancy\n|\n|upkeep\n|turn|9\n|\n|t:|1699986701\n|switch|p2a: Kyurem|Kyurem-Black|100\/100\n|-damage|p2a: Kyurem|75\/100|[from] Stealth Rock\n|-damage|p2a: Kyurem|63\/100|[from] Spikes\n|-ability|p2a: Kyurem|Teravolt\n|move|p1a: Xerneas|Moonblast|p2a: Kyurem\n|-supereffective|p2a: Kyurem\n|-damage|p2a: Kyurem|0 fnt\n|faint|p2a: Kyurem\n|\n|upkeep\n|\n|t:|1699986712\n|switch|p2a: Zacian|Zacian-Crowned|100\/100\n|-damage|p2a: Zacian|94\/100|[from] Stealth Rock\n|-damage|p2a: Zacian|82\/100|[from] Spikes\n|-ability|p2a: Zacian|Intrepid Sword|boost\n|-boost|p2a: Zacian|atk|1\n|turn|10\n|\n|t:|1699986719\n|move|p2a: Zacian|Swords Dance|p2a: Zacian\n|-boost|p2a: Zacian|atk|2\n|move|p1a: Xerneas|Moonblast|p2a: Zacian\n|-resisted|p2a: Zacian\n|-damage|p2a: Zacian|52\/100\n|\n|-end|p1a: Xerneas|move: Taunt\n|upkeep\n|turn|11\n|\n|t:|1699986729\n|move|p2a: Zacian|Behemoth Blade|p1a: Xerneas\n|-supereffective|p1a: Xerneas\n|-damage|p1a: Xerneas|0 fnt\n|faint|p1a: Xerneas\n|\n|upkeep\n|\n|t:|1699986731\n|switch|p1a: Marshadow|Marshadow|100\/100\n|-damage|p1a: Marshadow|88\/100|[from] Spikes\n|turn|12\n|\n|t:|1699986739\n|move|p1a: Marshadow|Shadow Sneak|p2a: Zacian\n|-damage|p2a: Zacian|23\/100\n|move|p2a: Zacian|Behemoth Blade|p1a: Marshadow\n|-damage|p1a: Marshadow|0 fnt\n|faint|p1a: Marshadow\n|\n|upkeep\n|\n|t:|1699986742\n|switch|p1a: Groudon|Groudon|100\/100\n|-damage|p1a: Groudon|88\/100|[from] Spikes\n|detailschange|p1a: Groudon|Groudon-Primal\n|-primal|p1a: Groudon|Red Orb\n|-weather|DesolateLand|[from] ability: Desolate Land|[of] p1a: Groudon\n|turn|13\n|\n|t:|1699986753\n|-terastallize|p2a: Zacian|Fighting\n|move|p2a: Zacian|Close Combat|p1a: Groudon\n|-damage|p1a: Groudon|0 fnt\n|-unboost|p2a: Zacian|def|1\n|-unboost|p2a: Zacian|spd|1\n|faint|p1a: Groudon\n|-weather|none\n|\n|win|85792195wwww\n|raw|daniel4345's rating: 1482 &rarr; <strong>1475<\/strong><br \/>(-7 for losing)\n|raw|85792195wwww's rating: 1753 &rarr; <strong>1760<\/strong><br \/>(+7 for winning)\n","uploadtime":1699986763,"views":7,"p1id":"daniel4345","p2id":"85792195wwww","formatid":"gen9nationaldexubers","rating":1475,"private":0,"password":""}