{"id":"gen9nationaldexubers-1996160561","p1":"joker76","p2":"Soyeon is a cutie","format":"[Gen 9] National Dex Ubers","log":"|j|\u2606joker76\n|j|\u2606Soyeon is a cutie\n|t:|1700653138\n|gametype|singles\n|player|p1|joker76|ash-alola|1660\n|player|p2|Soyeon is a cutie|idol|1842\n|teamsize|p1|6\n|teamsize|p2|6\n|gen|9\n|tier|[Gen 9] National Dex Ubers\n|rated|\n|rule|HP Percentage Mod: HP is shown in percentages\n|rule|Endless Battle Clause: Forcing endless battles is banned\n|rule|OHKO Clause: OHKO moves are banned\n|rule|Evasion Moves Clause: Evasion moves are banned\n|rule|Evasion Items Clause: Evasion items are banned\n|rule|Species Clause: Limit one of each Pok\u00e9mon\n|rule|Sleep Clause Mod: Limit one foe put to sleep\n|rule|Mega Rayquaza Clause: You cannot mega evolve Rayquaza\n|clearpoke\n|poke|p1|Hatterene, F|\n|poke|p1|Melmetal|\n|poke|p1|Cresselia, F|\n|poke|p1|Arceus|\n|poke|p1|Kyogre|\n|poke|p1|Groudon|\n|poke|p2|Ditto|\n|poke|p2|Urshifu-*, M|\n|poke|p2|Kingambit, F|\n|poke|p2|Necrozma-Dusk-Mane|\n|poke|p2|Skeledirge, F|\n|poke|p2|Arceus-Ground|\n|teampreview\n|inactive|Battle timer is ON: inactive players will automatically lose when time's up. (requested by Soyeon is a cutie)\n|inactive|Soyeon is a cutie has 120 seconds left.\n|\n|t:|1700653171\n|start\n|switch|p1a: Kyogre|Kyogre, shiny|100\/100\n|switch|p2a: Necrozma|Necrozma-Dusk-Mane|100\/100\n|detailschange|p1a: Kyogre|Kyogre-Primal, shiny\n|-primal|p1a: Kyogre|Blue Orb\n|-weather|PrimordialSea|[from] ability: Primordial Sea|[of] p1a: Kyogre\n|turn|1\n|\n|t:|1700653175\n|detailschange|p2a: Necrozma|Necrozma-Ultra\n|-burst|p2a: Necrozma|Necrozma|Ultranecrozium Z\n|move|p2a: Necrozma|Photon Geyser|p1a: Kyogre\n|-damage|p1a: Kyogre|58\/100\n|move|p1a: Kyogre|Water Spout|p2a: Necrozma\n|-resisted|p2a: Necrozma\n|-damage|p2a: Necrozma|56\/100\n|\n|-weather|PrimordialSea|[upkeep]\n|upkeep\n|turn|2\n|\n|t:|1700653179\n|-zpower|p2a: Necrozma\n|move|p2a: Necrozma|Light That Burns the Sky|p1a: Kyogre|[zeffect]\n|-damage|p1a: Kyogre|0 fnt\n|faint|p1a: Kyogre\n|-weather|none\n|\n|upkeep\n|\n|t:|1700653183\n|switch|p1a: Hatterene|Hatterene, F, shiny|100\/100\n|turn|3\n|\n|t:|1700653200\n|switch|p2a: Skeledirge|Skeledirge, F|100\/100\n|move|p1a: Hatterene|Trick Room|p1a: Hatterene\n|-fieldstart|move: Trick Room|[of] p1a: Hatterene\n|\n|upkeep\n|turn|4\n|\n|t:|1700653205\n|move|p1a: Hatterene|Healing Wish|p1a: Hatterene\n|faint|p1a: Hatterene\n|move|p2a: Skeledirge|Torch Song|p1: Hatterene|[notarget]\n|-fail|p2a: Skeledirge\n|\n|upkeep\n|\n|t:|1700653209\n|switch|p1a: Melmetal|Melmetal, shiny|100\/100\n|turn|5\n|\n|t:|1700653228\n|-terastallize|p1a: Melmetal|Steel\n|move|p1a: Melmetal|Double Iron Bash|p2a: Skeledirge\n|-resisted|p2a: Skeledirge\n|-damage|p2a: Skeledirge|68\/100\n|-resisted|p2a: Skeledirge\n|-damage|p2a: Skeledirge|35\/100\n|-hitcount|p2a: Skeledirge|2\n|move|p2a: Skeledirge|Torch Song|p1a: Melmetal\n|-supereffective|p1a: Melmetal\n|-damage|p1a: Melmetal|46\/100\n|-boost|p2a: Skeledirge|spa|1\n|\n|upkeep\n|turn|6\n|\n|t:|1700653234\n|move|p1a: Melmetal|Double Iron Bash|p2a: Skeledirge\n|-resisted|p2a: Skeledirge\n|-damage|p2a: Skeledirge|2\/100\n|-resisted|p2a: Skeledirge\n|-damage|p2a: Skeledirge|0 fnt\n|faint|p2a: Skeledirge\n|-hitcount|p2: Skeledirge|2\n|\n|upkeep\n|\n|t:|1700653254\n|switch|p2a: Arceus|Arceus-Ground|100\/100\n|turn|7\n|\n|t:|1700653256\n|-terastallize|p2a: Arceus|Water\n|move|p1a: Melmetal|Double Iron Bash|p2a: Arceus\n|-resisted|p2a: Arceus\n|-damage|p2a: Arceus|72\/100\n|-resisted|p2a: Arceus\n|-damage|p2a: Arceus|42\/100\n|-hitcount|p2a: Arceus|2\n|cant|p2a: Arceus|flinch\n|\n|-fieldend|move: Trick Room\n|upkeep\n|turn|8\n|\n|t:|1700653261\n|switch|p1a: Groudon|Groudon, shiny|100\/100\n|detailschange|p1a: Groudon|Groudon-Primal, shiny\n|-primal|p1a: Groudon|Red Orb\n|-weather|DesolateLand|[from] ability: Desolate Land|[of] p1a: Groudon\n|move|p2a: Arceus|Recover|p2a: Arceus\n|-heal|p2a: Arceus|92\/100\n|\n|-weather|DesolateLand|[upkeep]\n|upkeep\n|turn|9\n|\n|t:|1700653265\n|move|p2a: Arceus|Judgment|p1a: Groudon\n|-supereffective|p1a: Groudon\n|-damage|p1a: Groudon|32\/100\n|move|p1a: Groudon|Toxic|p2a: Arceus\n|-status|p2a: Arceus|tox\n|\n|-weather|DesolateLand|[upkeep]\n|-damage|p2a: Arceus|86\/100 tox|[from] psn\n|upkeep\n|turn|10\n|\n|t:|1700653279\n|move|p2a: Arceus|Judgment|p1a: Groudon\n|-supereffective|p1a: Groudon\n|-damage|p1a: Groudon|0 fnt\n|faint|p1a: Groudon\n|-weather|none\n|\n|-damage|p2a: Arceus|74\/100 tox|[from] psn\n|upkeep\n|\n|t:|1700653281\n|switch|p1a: Arceus|Arceus, shiny|100\/100\n|turn|11\n|\n|t:|1700653284\n|move|p2a: Arceus|Taunt|p1a: Arceus\n|-start|p1a: Arceus|move: Taunt\n|cant|p1a: Arceus|move: Taunt|Trick Room\n|\n|-damage|p2a: Arceus|55\/100 tox|[from] psn\n|upkeep\n|turn|12\n|\n|t:|1700653288\n|switch|p2a: Kingambit|Kingambit, F, shiny|100\/100\n|-activate|p2a: Kingambit|ability: Supreme Overlord\n|-start|p2a: Kingambit|fallen1|[silent]\n|move|p1a: Arceus|Extreme Speed|p2a: Kingambit\n|-resisted|p2a: Kingambit\n|-damage|p2a: Kingambit|88\/100\n|\n|upkeep\n|turn|13\n|\n|t:|1700653293\n|move|p1a: Arceus|Extreme Speed|p2a: Kingambit\n|-resisted|p2a: Kingambit\n|-crit|p2a: Kingambit\n|-damage|p2a: Kingambit|72\/100\n|move|p2a: Kingambit|Swords Dance|p2a: Kingambit\n|-boost|p2a: Kingambit|atk|2\n|\n|-end|p1a: Arceus|move: Taunt\n|upkeep\n|turn|14\n|\n|t:|1700653296\n|move|p2a: Kingambit|Knock Off|p1a: Arceus\n|-damage|p1a: Arceus|21\/100\n|-enditem|p1a: Arceus|Chople Berry|[from] move: Knock Off|[of] p2a: Kingambit\n|move|p1a: Arceus|Trick Room|p1a: Arceus\n|-fieldstart|move: Trick Room|[of] p1a: Arceus\n|\n|upkeep\n|turn|15\n|\n|t:|1700653299\n|move|p2a: Kingambit|Swords Dance|p2a: Kingambit\n|-boost|p2a: Kingambit|atk|2\n|move|p1a: Arceus|Healing Wish|p1a: Arceus\n|faint|p1a: Arceus\n|\n|upkeep\n|\n|t:|1700653301\n|switch|p1a: Melmetal|Melmetal, shiny, tera:Steel|46\/100\n|-heal|p1a: Melmetal|100\/100|[from] move: Healing Wish\n|turn|16\n|\n|t:|1700653304\n|move|p2a: Kingambit|Sucker Punch|p1a: Melmetal\n|-damage|p1a: Melmetal|1\/100\n|move|p1a: Melmetal|Earthquake|p2a: Kingambit\n|-supereffective|p2a: Kingambit\n|-damage|p2a: Kingambit|0 fnt\n|faint|p2a: Kingambit\n|-end|p2a: Kingambit|fallen1|[silent]\n|\n|upkeep\n|\n|t:|1700653307\n|switch|p2a: Urshifu|Urshifu, M|100\/100\n|turn|17\n|\n|t:|1700653309\n|move|p2a: Urshifu|Sucker Punch|p1a: Melmetal\n|-damage|p1a: Melmetal|0 fnt\n|faint|p1a: Melmetal\n|-damage|p2a: Urshifu|91\/100|[from] item: Life Orb\n|\n|upkeep\n|-message|joker76 forfeited.\n|\n|win|Soyeon is a cutie\n|raw|joker76's rating: 1660 &rarr; <strong>1650<\/strong><br \/>(-10 for losing)\n|raw|Soyeon is a cutie's rating: 1842 &rarr; <strong>1852<\/strong><br \/>(+10 for winning)\n|l|\u2606joker76\n|l|\u2606Soyeon is a cutie\n","uploadtime":1700653393,"views":0,"p1id":"joker76","p2id":"soyeonisacutie","formatid":"gen9nationaldexubers","rating":1650,"private":0,"password":""}