{"id":"gen9nationaldexubers-1987989399","p1":"abellucas2","p2":"TaTrey","format":"[Gen 9] National Dex Ubers","log":"|j|\u2606abellucas2\n|j|\u2606TaTrey\n|t:|1699656484\n|gametype|singles\n|player|p1|abellucas2|dawn|1050\n|player|p2|TaTrey|giovanni|1220\n|teamsize|p1|6\n|teamsize|p2|6\n|gen|9\n|tier|[Gen 9] National Dex Ubers\n|rated|\n|rule|HP Percentage Mod: HP is shown in percentages\n|rule|Endless Battle Clause: Forcing endless battles is banned\n|rule|OHKO Clause: OHKO moves are banned\n|rule|Evasion Moves Clause: Evasion moves are banned\n|rule|Evasion Items Clause: Evasion items are banned\n|rule|Species Clause: Limit one of each Pok\u00e9mon\n|rule|Sleep Clause Mod: Limit one foe put to sleep\n|rule|Mega Rayquaza Clause: You cannot mega evolve Rayquaza\n|clearpoke\n|poke|p1|Ho-Oh|\n|poke|p1|Jumpluff, M|\n|poke|p1|Dudunsparce-*, F|\n|poke|p1|Kyogre|\n|poke|p1|Snorlax, M|\n|poke|p1|Drapion, F|\n|poke|p2|Dracovish|\n|poke|p2|Urshifu-*, F|\n|poke|p2|Palafin, F|\n|poke|p2|Pelipper, M|\n|poke|p2|Araquanid, M|\n|poke|p2|Basculegion, M|\n|teampreview\n|j| T8rguy\n|l| T8rguy\n|\n|t:|1699656509\n|start\n|switch|p1a: Jumpluff|Jumpluff, M|100\/100\n|switch|p2a: Pelipper|Pelipper, M|100\/100\n|-weather|RainDance|[from] ability: Drizzle|[of] p2a: Pelipper\n|turn|1\n|\n|t:|1699656518\n|move|p1a: Jumpluff|Cotton Guard|p1a: Jumpluff\n|-boost|p1a: Jumpluff|def|3\n|move|p2a: Pelipper|U-turn|p1a: Jumpluff\n|-crit|p1a: Jumpluff\n|-damage|p1a: Jumpluff|82\/100\n|inactive|Battle timer is ON: inactive players will automatically lose when time's up. (requested by abellucas2)\n|\n|t:|1699656528\n|switch|p2a: Araquanid|Araquanid, M|100\/100|[from] U-turn\n|\n|-weather|RainDance|[upkeep]\n|-heal|p1a: Jumpluff|88\/100|[from] item: Leftovers\n|upkeep\n|turn|2\n|\n|t:|1699656535\n|move|p1a: Jumpluff|Cotton Guard|p1a: Jumpluff\n|-boost|p1a: Jumpluff|def|3\n|move|p2a: Araquanid|Toxic|p1a: Jumpluff\n|-status|p1a: Jumpluff|tox\n|\n|-weather|RainDance|[upkeep]\n|-heal|p1a: Jumpluff|95\/100 tox|[from] item: Leftovers\n|-damage|p1a: Jumpluff|88\/100 tox|[from] psn\n|upkeep\n|turn|3\n|\n|t:|1699656545\n|move|p1a: Jumpluff|Sleep Powder|p2a: Araquanid\n|-status|p2a: Araquanid|slp|[from] move: Sleep Powder\n|cant|p2a: Araquanid|slp\n|\n|-weather|RainDance|[upkeep]\n|-heal|p1a: Jumpluff|95\/100 tox|[from] item: Leftovers\n|-damage|p1a: Jumpluff|82\/100 tox|[from] psn\n|upkeep\n|turn|4\n|\n|t:|1699656554\n|switch|p2a: Palafin|Palafin, F|100\/100\n|move|p1a: Jumpluff|Seed Bomb|p2a: Palafin\n|-supereffective|p2a: Palafin\n|-damage|p2a: Palafin|59\/100\n|\n|-weather|RainDance|[upkeep]\n|-heal|p1a: Jumpluff|88\/100 tox|[from] item: Leftovers\n|-damage|p1a: Jumpluff|70\/100 tox|[from] psn\n|upkeep\n|turn|5\n|\n|t:|1699656565\n|move|p1a: Jumpluff|Seed Bomb|p2a: Palafin\n|-supereffective|p2a: Palafin\n|-damage|p2a: Palafin|21\/100\n|move|p2a: Palafin|Flip Turn|p1a: Jumpluff\n|-resisted|p1a: Jumpluff\n|-damage|p1a: Jumpluff|62\/100 tox\n|\n|t:|1699656572\n|detailschange|p2a: Palafin|Palafin-Hero, F\n|switch|p2a: Pelipper|Pelipper, M|100\/100|[from] Flip Turn\n|\n|-weather|RainDance|[upkeep]\n|-heal|p1a: Jumpluff|68\/100 tox|[from] item: Leftovers\n|-damage|p1a: Jumpluff|43\/100 tox|[from] psn\n|upkeep\n|turn|6\n|\n|t:|1699656583\n|move|p1a: Jumpluff|Strength Sap|p2a: Pelipper\n|-unboost|p2a: Pelipper|atk|1\n|-heal|p1a: Jumpluff|80\/100 tox\n|move|p2a: Pelipper|Hurricane|p1a: Jumpluff\n|-supereffective|p1a: Jumpluff\n|-damage|p1a: Jumpluff|1\/100 tox\n|\n|-weather|RainDance|[upkeep]\n|-heal|p1a: Jumpluff|8\/100 tox|[from] item: Leftovers\n|-damage|p1a: Jumpluff|0 fnt|[from] psn\n|faint|p1a: Jumpluff\n|upkeep\n|\n|t:|1699656597\n|switch|p1a: Dudunsparce|Dudunsparce-Three-Segment, F|100\/100\n|turn|7\n|\n|t:|1699656616\n|move|p2a: Pelipper|Hydro Pump|p1a: Dudunsparce\n|-damage|p1a: Dudunsparce|43\/100\n|move|p1a: Dudunsparce|Calm Mind|p1a: Dudunsparce\n|-boost|p1a: Dudunsparce|spa|1\n|-boost|p1a: Dudunsparce|spd|1\n|\n|-weather|RainDance|[upkeep]\n|upkeep\n|turn|8\n|\n|t:|1699656626\n|move|p2a: Pelipper|Hydro Pump|p1a: Dudunsparce\n|-damage|p1a: Dudunsparce|4\/100\n|move|p1a: Dudunsparce|Roost|p1a: Dudunsparce\n|-heal|p1a: Dudunsparce|54\/100\n|-singleturn|p1a: Dudunsparce|move: Roost\n|\n|-weather|none\n|upkeep\n|turn|9\n|\n|t:|1699656634\n|move|p2a: Pelipper|U-turn|p1a: Dudunsparce\n|-damage|p1a: Dudunsparce|50\/100\n|\n|t:|1699656637\n|switch|p2a: Palafin|Palafin-Hero, F|21\/100|[from] U-turn\n|-activate|p2a: Palafin|ability: Zero to Hero\n|move|p1a: Dudunsparce|Boomburst|p2a: Palafin\n|-damage|p2a: Palafin|0 fnt\n|faint|p2a: Palafin\n|-enditem|p1a: Dudunsparce|Throat Spray\n|-boost|p1a: Dudunsparce|spa|1|[from] item: Throat Spray\n|\n|upkeep\n|\n|t:|1699656648\n|switch|p2a: Pelipper|Pelipper, M|100\/100\n|-weather|RainDance|[from] ability: Drizzle|[of] p2a: Pelipper\n|turn|10\n|\n|t:|1699656653\n|move|p2a: Pelipper|Hydro Pump|p1a: Dudunsparce|[miss]\n|-miss|p2a: Pelipper|p1a: Dudunsparce\n|move|p1a: Dudunsparce|Roost|p1a: Dudunsparce\n|-heal|p1a: Dudunsparce|100\/100\n|-singleturn|p1a: Dudunsparce|move: Roost\n|\n|-weather|RainDance|[upkeep]\n|upkeep\n|turn|11\n|\n|t:|1699656661\n|move|p2a: Pelipper|Hydro Pump|p1a: Dudunsparce\n|-damage|p1a: Dudunsparce|62\/100\n|move|p1a: Dudunsparce|Boomburst|p2a: Pelipper\n|-damage|p2a: Pelipper|0 fnt\n|faint|p2a: Pelipper\n|\n|-weather|RainDance|[upkeep]\n|upkeep\n|\n|t:|1699656670\n|switch|p2a: Dracovish|Dracovish|100\/100\n|turn|12\n|\n|t:|1699656674\n|move|p2a: Dracovish|Fishious Rend|p1a: Dudunsparce\n|-damage|p1a: Dudunsparce|2\/100\n|move|p1a: Dudunsparce|Boomburst|p2a: Dracovish\n|-damage|p2a: Dracovish|0 fnt\n|faint|p2a: Dracovish\n|\n|-weather|RainDance|[upkeep]\n|upkeep\n|\n|t:|1699656682\n|switch|p2a: Urshifu|Urshifu-Rapid-Strike, F|100\/100\n|turn|13\n|\n|t:|1699656686\n|move|p2a: Urshifu|Trailblaze|p1a: Dudunsparce\n|-damage|p1a: Dudunsparce|0 fnt\n|-boost|p2a: Urshifu|spe|1\n|faint|p1a: Dudunsparce\n|\n|-weather|RainDance|[upkeep]\n|upkeep\n|\n|t:|1699656695\n|switch|p1a: Kyogre|Kyogre|100\/100\n|detailschange|p1a: Kyogre|Kyogre-Primal\n|-primal|p1a: Kyogre|Blue Orb\n|-weather|PrimordialSea|[from] ability: Primordial Sea|[of] p1a: Kyogre\n|turn|14\n|\n|t:|1699656701\n|move|p2a: Urshifu|Swords Dance|p2a: Urshifu\n|-boost|p2a: Urshifu|atk|2\n|move|p1a: Kyogre|Thunder|p2a: Urshifu\n|-supereffective|p2a: Urshifu\n|-damage|p2a: Urshifu|0 fnt\n|faint|p2a: Urshifu\n|\n|-weather|PrimordialSea|[upkeep]\n|upkeep\n|-message|TaTrey forfeited.\n|\n|win|abellucas2\n|raw|abellucas2's rating: 1050 &rarr; <strong>1097<\/strong><br \/>(+47 for winning)\n|raw|TaTrey's rating: 1220 &rarr; <strong>1184<\/strong><br \/>(-36 for losing)\n|l|\u2606TaTrey\n","uploadtime":1699656711,"views":7,"p1id":"abellucas2","p2id":"tatrey","formatid":"gen9nationaldexubers","rating":1097,"private":0,"password":""}