{"id":"gen9nationaldexubers-1985105507","p1":"Waikiki Woopers","p2":"lelza","format":"[Gen 9] National Dex Ubers","log":"|j|\u2606Waikiki Woopers\n|j|\u2606lelza\n|t:|1699331563\n|gametype|singles\n|player|p1|Waikiki Woopers|swimmer|\n|player|p2|lelza|worker|\n|teamsize|p1|6\n|teamsize|p2|6\n|gen|9\n|tier|[Gen 9] National Dex Ubers\n|rule|HP Percentage Mod: HP is shown in percentages\n|rule|Endless Battle Clause: Forcing endless battles is banned\n|rule|OHKO Clause: OHKO moves are banned\n|rule|Evasion Moves Clause: Evasion moves are banned\n|rule|Evasion Items Clause: Evasion items are banned\n|rule|Species Clause: Limit one of each Pok\u00e9mon\n|rule|Sleep Clause Mod: Limit one foe put to sleep\n|rule|Mega Rayquaza Clause: You cannot mega evolve Rayquaza\n|clearpoke\n|poke|p1|Necrozma-Dusk-Mane|\n|poke|p1|Iron Valiant|\n|poke|p1|Tapu Koko|\n|poke|p1|Gyarados, F|\n|poke|p1|Iron Treads|\n|poke|p1|Nihilego|\n|poke|p2|Latias, F|\n|poke|p2|Chien-Pao|\n|poke|p2|Zapdos|\n|poke|p2|Torterra, M|\n|poke|p2|Sneasler, F|\n|poke|p2|Rotom-Heat|\n|teampreview\n|c|\u2606lelza|gl hf!!\n|c|\u2606Waikiki Woopers|u2!\n|\n|t:|1699331607\n|start\n|switch|p1a: Tim|Tapu Koko, shiny|100\/100\n|switch|p2a: static shock|Zapdos|100\/100\n|-fieldstart|move: Electric Terrain|[from] ability: Electric Surge|[of] p1a: Tim\n|turn|1\n|\n|t:|1699331673\n|move|p1a: Tim|Taunt|p2a: static shock\n|-start|p2a: static shock|move: Taunt\n|cant|p2a: static shock|move: Taunt|Light Screen\n|\n|upkeep\n|turn|2\n|\n|t:|1699331680\n|move|p1a: Tim|Volt Switch|p2a: static shock\n|-damage|p2a: static shock|79\/100\n|\n|t:|1699331683\n|switch|p1a: Free Hat|Nihilego, shiny|100\/100|[from] Volt Switch\n|move|p2a: static shock|Volt Switch|p1a: Free Hat\n|-damage|p1a: Free Hat|85\/100\n|\n|t:|1699331693\n|switch|p2a: pangaea|Torterra, M|100\/100|[from] Volt Switch\n|\n|upkeep\n|turn|3\n|\n|t:|1699331721\n|switch|p1a: Santa?|Gyarados, F, shiny|100\/100\n|-ability|p1a: Santa?|Intimidate|boost\n|-unboost|p2a: pangaea|atk|1\n|move|p2a: pangaea|Iron Defense|p2a: pangaea\n|-boost|p2a: pangaea|def|2\n|\n|upkeep\n|turn|4\n|\n|t:|1699331771\n|move|p1a: Santa?|Toxic|p2a: pangaea\n|-status|p2a: pangaea|tox\n|move|p2a: pangaea|Body Press|p1a: Santa?\n|-resisted|p1a: Santa?\n|-damage|p1a: Santa?|86\/100\n|\n|-heal|p1a: Santa?|92\/100|[from] item: Leftovers\n|-damage|p2a: pangaea|94\/100 tox|[from] psn\n|upkeep\n|turn|5\n|\n|t:|1699331798\n|switch|p1a: MY EYES!!!!!|Necrozma-Dusk-Mane|100\/100\n|switch|p2a: dire claw go brrr|Sneasler, F|100\/100\n|\n|-fieldend|move: Electric Terrain\n|upkeep\n|turn|6\n|\n|t:|1699331852\n|move|p2a: dire claw go brrr|Swords Dance|p2a: dire claw go brrr\n|-boost|p2a: dire claw go brrr|atk|2\n|move|p1a: MY EYES!!!!!|Earthquake|p2a: dire claw go brrr\n|-supereffective|p2a: dire claw go brrr\n|-damage|p2a: dire claw go brrr|0 fnt\n|faint|p2a: dire claw go brrr\n|\n|upkeep\n|\n|t:|1699331868\n|switch|p2a: static shock|Zapdos|79\/100\n|turn|7\n|\n|t:|1699331917\n|switch|p1a: Free Hugs|Iron Treads|100\/100\n|move|p2a: static shock|Reflect|p2a: static shock\n|-sidestart|p2: lelza|Reflect\n|\n|upkeep\n|turn|8\n|\n|t:|1699331936\n|switch|p2a: mr. easy bake|Rotom-Heat, shiny|100\/100\n|move|p1a: Free Hugs|Volt Switch|p2a: mr. easy bake\n|-resisted|p2a: mr. easy bake\n|-damage|p2a: mr. easy bake|95\/100\n|\n|t:|1699331978\n|-end|p1a: Free Hugs|Quark Drive|[silent]\n|switch|p1a: Free Hat|Nihilego, shiny|85\/100|[from] Volt Switch\n|\n|upkeep\n|turn|9\n|\n|t:|1699331998\n|switch|p2a: pangaea|Torterra, M|94\/100 tox\n|move|p1a: Free Hat|Power Gem|p2a: pangaea\n|-resisted|p2a: pangaea\n|-damage|p2a: pangaea|80\/100 tox\n|\n|-damage|p2a: pangaea|74\/100 tox|[from] psn\n|upkeep\n|turn|10\n|\n|t:|1699332009\n|switch|p1a: Santa?|Gyarados, F, shiny|92\/100\n|-ability|p1a: Santa?|Intimidate|boost\n|-unboost|p2a: pangaea|atk|1\n|move|p2a: pangaea|Earthquake|p1a: Santa?\n|-immune|p1a: Santa?\n|\n|-heal|p1a: Santa?|98\/100|[from] item: Leftovers\n|-damage|p2a: pangaea|62\/100 tox|[from] psn\n|upkeep\n|turn|11\n|\n|t:|1699332047\n|switch|p1a: Tim|Tapu Koko, shiny|100\/100\n|-fieldstart|move: Electric Terrain|[from] ability: Electric Surge|[of] p1a: Tim\n|switch|p2a: static shock|Zapdos|79\/100\n|\n|upkeep\n|turn|12\n|\n|t:|1699332071\n|move|p1a: Tim|Taunt|p2a: static shock\n|-start|p2a: static shock|move: Taunt\n|cant|p2a: static shock|move: Taunt|Light Screen\n|\n|upkeep\n|turn|13\n|\n|t:|1699332076\n|switch|p2a: zoomies|Latias, F|100\/100\n|move|p1a: Tim|Dazzling Gleam|p2a: zoomies\n|-supereffective|p2a: zoomies\n|-damage|p2a: zoomies|55\/100\n|\n|upkeep\n|turn|14\n|\n|t:|1699332097\n|detailschange|p2a: zoomies|Latias-Mega, F\n|-mega|p2a: zoomies|Latias|Latiasite\n|move|p1a: Tim|Taunt|p2a: zoomies\n|-start|p2a: zoomies|move: Taunt\n|cant|p2a: zoomies|move: Taunt|Recover\n|\n|-sideend|p2: lelza|Reflect\n|upkeep\n|turn|15\n|\n|t:|1699332121\n|switch|p2a: mr. easy bake|Rotom-Heat, shiny|95\/100\n|move|p1a: Tim|Dazzling Gleam|p2a: mr. easy bake\n|-resisted|p2a: mr. easy bake\n|-damage|p2a: mr. easy bake|83\/100\n|\n|-fieldend|move: Electric Terrain\n|upkeep\n|turn|16\n|\n|t:|1699332137\n|move|p1a: Tim|Taunt|p2a: mr. easy bake\n|-start|p2a: mr. easy bake|move: Taunt\n|move|p2a: mr. easy bake|Volt Switch|p1a: Tim\n|-resisted|p1a: Tim\n|-damage|p1a: Tim|86\/100\n|\n|t:|1699332146\n|switch|p2a: a knife!!|Chien-Pao|100\/100|[from] Volt Switch\n|-ability|p2a: a knife!!|Sword of Ruin\n|\n|upkeep\n|turn|17\n|\n|t:|1699332168\n|switch|p1a: Santa?|Gyarados, F, shiny|98\/100\n|-ability|p1a: Santa?|Intimidate|boost\n|-unboost|p2a: a knife!!|atk|1\n|-terastallize|p2a: a knife!!|Steel\n|move|p2a: a knife!!|Tera Blast|p1a: Santa?|[anim] Tera Blast Steel\n|-resisted|p1a: Santa?\n|-damage|p1a: Santa?|82\/100\n|\n|-heal|p1a: Santa?|89\/100|[from] item: Leftovers\n|upkeep\n|turn|18\n|j| medi34\n|c| medi34|lol these nicknames\n|\n|t:|1699332182\n|switch|p2a: static shock|Zapdos|79\/100\n|move|p1a: Santa?|Earthquake|p2a: static shock\n|-immune|p2a: static shock\n|\n|-heal|p1a: Santa?|95\/100|[from] item: Leftovers\n|upkeep\n|turn|19\n|c| medi34|is this game 1 still?\n|c|\u2606Waikiki Woopers|yeah\n|c|\u2606lelza|ye\n|c| medi34|cooool\n|\n|t:|1699332220\n|switch|p1a: Free Hat|Nihilego, shiny|85\/100\n|move|p2a: static shock|Volt Switch|p1a: Free Hat\n|-damage|p1a: Free Hat|69\/100\n|\n|t:|1699332242\n|switch|p2a: a knife!!|Chien-Pao, tera:Steel|100\/100|[from] Volt Switch\n|-ability|p2a: a knife!!|Sword of Ruin\n|\n|upkeep\n|turn|20\n|\n|t:|1699332294\n|switch|p1a: Santa?|Gyarados, F, shiny|95\/100\n|-ability|p1a: Santa?|Intimidate|boost\n|-unboost|p2a: a knife!!|atk|1\n|move|p2a: a knife!!|Crunch|p1a: Santa?\n|-damage|p1a: Santa?|63\/100\n|\n|-heal|p1a: Santa?|70\/100|[from] item: Leftovers\n|upkeep\n|turn|21\n|\n|t:|1699332314\n|switch|p2a: mr. easy bake|Rotom-Heat, shiny|83\/100\n|switch|p1a: Free Hugs|Iron Treads|100\/100\n|\n|upkeep\n|turn|22\n|\n|t:|1699332324\n|move|p1a: Free Hugs|Volt Switch|p2a: mr. easy bake\n|-resisted|p2a: mr. easy bake\n|-damage|p2a: mr. easy bake|79\/100\n|\n|t:|1699332330\n|-end|p1a: Free Hugs|Quark Drive|[silent]\n|switch|p1a: Tim|Tapu Koko, shiny|86\/100|[from] Volt Switch\n|-fieldstart|move: Electric Terrain|[from] ability: Electric Surge|[of] p1a: Tim\n|move|p2a: mr. easy bake|Overheat|p1a: Tim\n|-damage|p1a: Tim|26\/100\n|-unboost|p2a: mr. easy bake|spa|2\n|\n|upkeep\n|turn|23\n|\n|t:|1699332339\n|move|p1a: Tim|Roost|p1a: Tim\n|-heal|p1a: Tim|76\/100\n|-singleturn|p1a: Tim|move: Roost\n|move|p2a: mr. easy bake|Volt Switch|p1a: Tim\n|-resisted|p1a: Tim\n|-damage|p1a: Tim|68\/100\n|\n|t:|1699332349\n|switch|p2a: a knife!!|Chien-Pao, tera:Steel|100\/100|[from] Volt Switch\n|-ability|p2a: a knife!!|Sword of Ruin\n|\n|upkeep\n|turn|24\n|\n|t:|1699332367\n|move|p2a: a knife!!|Ice Spinner|p1a: Tim\n|-damage|p1a: Tim|1\/100\n|-fieldend|move: Electric Terrain\n|move|p1a: Tim|Volt Switch|p2a: a knife!!\n|-damage|p2a: a knife!!|58\/100\n|c| medi34|oooooh\n|c|\u2606lelza|NOOOO the live\n|c| medi34|that's brutal\n|c|\u2606Waikiki Woopers|that's insane\n|c| medi34|that may have been a roll\n|c| medi34|insane\n|c|\u2606Waikiki Woopers|literally lived on 1\n|c|\u2606lelza|NOOOOOOOOOOOOO\n|c| medi34|actual 1 hp??\n|c|\u2606Waikiki Woopers|yeah\n|c| medi34|:o\n|\n|t:|1699332545\n|switch|p1a: Santa?|Gyarados, F, shiny|70\/100|[from] Volt Switch\n|-ability|p1a: Santa?|Intimidate|boost\n|-unboost|p2a: a knife!!|atk|1\n|\n|-heal|p1a: Santa?|76\/100|[from] item: Leftovers\n|upkeep\n|turn|25\n|\n|t:|1699332592\n|switch|p2a: pangaea|Torterra, M|62\/100 tox\n|move|p1a: Santa?|Toxic|p2a: pangaea\n|-fail|p2a: pangaea|tox\n|\n|-heal|p1a: Santa?|82\/100|[from] item: Leftovers\n|-damage|p2a: pangaea|56\/100 tox|[from] psn\n|upkeep\n|turn|26\n|\n|t:|1699332610\n|move|p1a: Santa?|Ice Fang|p2a: pangaea\n|-supereffective|p2a: pangaea\n|-damage|p2a: pangaea|6\/100 tox\n|-enditem|p2a: pangaea|Iapapa Berry|[eat]\n|-heal|p2a: pangaea|39\/100 tox|[from] item: Iapapa Berry\n|move|p2a: pangaea|Synthesis|p2a: pangaea\n|-heal|p2a: pangaea|89\/100 tox\n|\n|-heal|p1a: Santa?|88\/100|[from] item: Leftovers\n|-damage|p2a: pangaea|77\/100 tox|[from] psn\n|upkeep\n|turn|27\n|\n|t:|1699332625\n|move|p1a: Santa?|Toxic|p2a: pangaea\n|-fail|p2a: pangaea|tox\n|move|p2a: pangaea|Body Press|p1a: Santa?\n|-resisted|p1a: Santa?\n|-damage|p1a: Santa?|80\/100\n|\n|-heal|p1a: Santa?|86\/100|[from] item: Leftovers\n|-damage|p2a: pangaea|59\/100 tox|[from] psn\n|upkeep\n|turn|28\n|\n|t:|1699332636\n|move|p1a: Santa?|Toxic|p2a: pangaea\n|-fail|p2a: pangaea|tox\n|move|p2a: pangaea|Body Press|p1a: Santa?\n|-resisted|p1a: Santa?\n|-damage|p1a: Santa?|79\/100\n|\n|-heal|p1a: Santa?|85\/100|[from] item: Leftovers\n|-damage|p2a: pangaea|34\/100 tox|[from] psn\n|upkeep\n|turn|29\n|\n|t:|1699332645\n|move|p1a: Santa?|Ice Fang|p2a: pangaea\n|-supereffective|p2a: pangaea\n|-damage|p2a: pangaea|0 fnt\n|faint|p2a: pangaea\n|\n|-heal|p1a: Santa?|91\/100|[from] item: Leftovers\n|upkeep\n|\n|t:|1699332667\n|switch|p2a: static shock|Zapdos|79\/100\n|turn|30\n|\n|t:|1699332699\n|switch|p1a: Free Hugs|Iron Treads|100\/100\n|move|p2a: static shock|Light Screen|p2a: static shock\n|-sidestart|p2: lelza|move: Light Screen\n|\n|upkeep\n|turn|31\n|\n|t:|1699332705\n|move|p1a: Free Hugs|Ice Spinner|p2a: static shock\n|-supereffective|p2a: static shock\n|-damage|p2a: static shock|29\/100\n|move|p2a: static shock|Reflect|p2a: static shock\n|-sidestart|p2: lelza|Reflect\n|\n|upkeep\n|turn|32\n|\n|t:|1699332778\n|move|p1a: Free Hugs|Volt Switch|p2a: static shock\n|-damage|p2a: static shock|25\/100\n|\n|t:|1699332788\n|-end|p1a: Free Hugs|Quark Drive|[silent]\n|switch|p1a: Tim|Tapu Koko, shiny|1\/100|[from] Volt Switch\n|-fieldstart|move: Electric Terrain|[from] ability: Electric Surge|[of] p1a: Tim\n|move|p2a: static shock|Toxic|p1a: Tim\n|-status|p1a: Tim|tox\n|\n|-damage|p1a: Tim|0 fnt|[from] psn\n|faint|p1a: Tim\n|upkeep\n|\n|t:|1699332847\n|switch|p1a: Free Hugs|Iron Treads|100\/100\n|-activate|p1a: Free Hugs|ability: Quark Drive\n|-start|p1a: Free Hugs|quarkdrivespe\n|turn|33\n|\n|t:|1699332856\n|switch|p2a: mr. easy bake|Rotom-Heat, shiny|79\/100\n|move|p1a: Free Hugs|Earthquake|p2a: mr. easy bake\n|-immune|p2a: mr. easy bake|[from] ability: Levitate\n|\n|upkeep\n|turn|34\n|\n|t:|1699332958\n|move|p1a: Free Hugs|Volt Switch|p2a: mr. easy bake\n|-resisted|p2a: mr. easy bake\n|-damage|p2a: mr. easy bake|76\/100\n|\n|t:|1699332962\n|-end|p1a: Free Hugs|Quark Drive|[silent]\n|switch|p1a: Free Hat|Nihilego, shiny|69\/100|[from] Volt Switch\n|move|p2a: mr. easy bake|Overheat|p1a: Free Hat\n|-resisted|p1a: Free Hat\n|-damage|p1a: Free Hat|56\/100\n|-unboost|p2a: mr. easy bake|spa|2\n|\n|upkeep\n|turn|35\n|\n|t:|1699333002\n|switch|p1a: MY EYES!!!!!|Necrozma-Dusk-Mane|100\/100\n|move|p2a: mr. easy bake|Volt Switch|p1a: MY EYES!!!!!\n|-damage|p1a: MY EYES!!!!!|88\/100\n|\n|t:|1699333027\n|switch|p2a: zoomies|Latias-Mega, F|55\/100|[from] Volt Switch\n|\n|upkeep\n|turn|36\n|\n|t:|1699333053\n|switch|p1a: Santa?|Gyarados, F, shiny|91\/100\n|-ability|p1a: Santa?|Intimidate|boost\n|-unboost|p2a: zoomies|atk|1\n|move|p2a: zoomies|Recover|p2a: zoomies\n|-heal|p2a: zoomies|100\/100\n|\n|-heal|p1a: Santa?|97\/100|[from] item: Leftovers\n|-fieldend|move: Electric Terrain\n|upkeep\n|turn|37\n|\n|t:|1699333069\n|move|p2a: zoomies|Dragon Pulse|p1a: Santa?\n|-damage|p1a: Santa?|67\/100\n|move|p1a: Santa?|Toxic|p2a: zoomies\n|-status|p2a: zoomies|tox\n|\n|-heal|p1a: Santa?|73\/100|[from] item: Leftovers\n|-damage|p2a: zoomies|94\/100 tox|[from] psn\n|-sideend|p2: lelza|move: Light Screen\n|upkeep\n|turn|38\n|\n|t:|1699333092\n|switch|p2a: mr. easy bake|Rotom-Heat, shiny|76\/100\n|switch|p1a: MY EYES!!!!!|Necrozma-Dusk-Mane|88\/100\n|\n|-sideend|p2: lelza|Reflect\n|upkeep\n|turn|39\n|\n|t:|1699333115\n|detailschange|p1a: MY EYES!!!!!|Necrozma-Ultra\n|-burst|p1a: MY EYES!!!!!|Necrozma|Ultranecrozium Z\n|move|p1a: MY EYES!!!!!|Photon Geyser|p2a: mr. easy bake\n|-damage|p2a: mr. easy bake|18\/100\n|move|p2a: mr. easy bake|Overheat|p1a: MY EYES!!!!!\n|-resisted|p1a: MY EYES!!!!!\n|-damage|p1a: MY EYES!!!!!|63\/100\n|-unboost|p2a: mr. easy bake|spa|2\n|\n|upkeep\n|turn|40\n|\n|t:|1699333142\n|move|p1a: MY EYES!!!!!|Morning Sun|p1a: MY EYES!!!!!\n|-heal|p1a: MY EYES!!!!!|100\/100\n|move|p2a: mr. easy bake|Volt Switch|p1a: MY EYES!!!!!\n|-resisted|p1a: MY EYES!!!!!\n|-damage|p1a: MY EYES!!!!!|94\/100\n|\n|t:|1699333150\n|switch|p2a: a knife!!|Chien-Pao, tera:Steel|58\/100|[from] Volt Switch\n|-ability|p2a: a knife!!|Sword of Ruin\n|\n|upkeep\n|turn|41\n|c| medi34|this is such a chess match\n|c| medi34|i love it\n|\n|t:|1699333220\n|switch|p1a: Free Hugs|Iron Treads|100\/100\n|move|p2a: a knife!!|Ice Spinner|p1a: Free Hugs\n|-damage|p1a: Free Hugs|45\/100\n|\n|upkeep\n|turn|42\n|\n|t:|1699333228\n|-end|p1a: Free Hugs|Quark Drive|[silent]\n|switch|p1a: Santa?|Gyarados, F, shiny|73\/100\n|-ability|p1a: Santa?|Intimidate|boost\n|-unboost|p2a: a knife!!|atk|1\n|move|p2a: a knife!!|Ice Spinner|p1a: Santa?\n|-damage|p1a: Santa?|43\/100\n|\n|-heal|p1a: Santa?|49\/100|[from] item: Leftovers\n|upkeep\n|turn|43\n|\n|t:|1699333266\n|switch|p2a: mr. easy bake|Rotom-Heat, shiny|18\/100\n|move|p1a: Santa?|Earthquake|p2a: mr. easy bake\n|-immune|p2a: mr. easy bake|[from] ability: Levitate\n|\n|-heal|p1a: Santa?|55\/100|[from] item: Leftovers\n|upkeep\n|turn|44\n|\n|t:|1699333299\n|switch|p1a: Free Hugs|Iron Treads|45\/100\n|move|p2a: mr. easy bake|Thunder Wave|p1a: Free Hugs\n|-immune|p1a: Free Hugs\n|\n|upkeep\n|turn|45\n|\n|t:|1699333313\n|switch|p2a: zoomies|Latias-Mega, F|94\/100 tox\n|move|p1a: Free Hugs|Rapid Spin|p2a: zoomies\n|-damage|p2a: zoomies|85\/100 tox\n|-boost|p1a: Free Hugs|spe|1\n|\n|-damage|p2a: zoomies|79\/100 tox|[from] psn\n|upkeep\n|turn|46\n|\n|t:|1699333323\n|move|p1a: Free Hugs|Ice Spinner|p2a: zoomies\n|-supereffective|p2a: zoomies\n|-damage|p2a: zoomies|49\/100 tox\n|move|p2a: zoomies|Calm Mind|p2a: zoomies\n|-boost|p2a: zoomies|spa|1\n|-boost|p2a: zoomies|spd|1\n|\n|-damage|p2a: zoomies|37\/100 tox|[from] psn\n|upkeep\n|turn|47\n|\n|t:|1699333331\n|move|p1a: Free Hugs|Ice Spinner|p2a: zoomies\n|-supereffective|p2a: zoomies\n|-damage|p2a: zoomies|7\/100 tox\n|move|p2a: zoomies|Recover|p2a: zoomies\n|-heal|p2a: zoomies|57\/100 tox\n|\n|-damage|p2a: zoomies|39\/100 tox|[from] psn\n|upkeep\n|turn|48\n|\n|t:|1699333339\n|move|p1a: Free Hugs|Rapid Spin|p2a: zoomies\n|-damage|p2a: zoomies|29\/100 tox\n|-boost|p1a: Free Hugs|spe|1\n|move|p2a: zoomies|Dragon Pulse|p1a: Free Hugs\n|-resisted|p1a: Free Hugs\n|-damage|p1a: Free Hugs|5\/100\n|\n|-damage|p2a: zoomies|5\/100 tox|[from] psn\n|upkeep\n|turn|49\n|\n|t:|1699333353\n|move|p1a: Free Hugs|Rapid Spin|p2a: zoomies\n|-damage|p2a: zoomies|0 fnt\n|-boost|p1a: Free Hugs|spe|1\n|faint|p2a: zoomies\n|\n|upkeep\n|\n|t:|1699333365\n|switch|p2a: mr. easy bake|Rotom-Heat, shiny|18\/100\n|turn|50\n|\n|t:|1699333370\n|move|p1a: Free Hugs|Ice Spinner|p2a: mr. easy bake\n|-resisted|p2a: mr. easy bake\n|-damage|p2a: mr. easy bake|6\/100\n|move|p2a: mr. easy bake|Overheat|p1a: Free Hugs\n|-supereffective|p1a: Free Hugs\n|-damage|p1a: Free Hugs|0 fnt\n|-unboost|p2a: mr. easy bake|spa|2\n|faint|p1a: Free Hugs\n|-end|p1a: Free Hugs|Quark Drive|[silent]\n|\n|upkeep\n|c| medi34|64 PP for rapid spin feels unnecessary\n|c|\u2606lelza|no\n|c|\u2606lelza|absolutely needed\n|c|\u2606Waikiki Woopers|completely necessary\n|\n|t:|1699333396\n|switch|p1a: Free Hat|Nihilego, shiny|56\/100\n|turn|51\n|\n|t:|1699333405\n|move|p1a: Free Hat|Hidden Power|p2a: mr. easy bake\n|-resisted|p2a: mr. easy bake\n|-damage|p2a: mr. easy bake|0 fnt\n|faint|p2a: mr. easy bake\n|-ability|p1a: Free Hat|Beast Boost|boost\n|-boost|p1a: Free Hat|spe|1\n|\n|upkeep\n|c| medi34|32x speed is needed for optimal iron treads\n|\n|t:|1699333414\n|switch|p2a: a knife!!|Chien-Pao, tera:Steel|58\/100\n|-ability|p2a: a knife!!|Sword of Ruin\n|turn|52\n|c|\u2606Waikiki Woopers|^\n|\n|t:|1699333432\n|move|p2a: a knife!!|Ice Spinner|p1a: Free Hat\n|-damage|p1a: Free Hat|0 fnt\n|faint|p1a: Free Hat\n|\n|upkeep\n|\n|t:|1699333440\n|switch|p1a: Galladiator|Iron Valiant, shiny|100\/100\n|turn|53\n|\n|t:|1699333461\n|switch|p2a: static shock|Zapdos|25\/100\n|move|p1a: Galladiator|Close Combat|p2a: static shock\n|-resisted|p2a: static shock\n|-damage|p2a: static shock|0 fnt\n|-unboost|p1a: Galladiator|def|1\n|-unboost|p1a: Galladiator|spd|1\n|faint|p2a: static shock\n|\n|upkeep\n|\n|t:|1699333474\n|switch|p2a: a knife!!|Chien-Pao, tera:Steel|58\/100\n|-ability|p2a: a knife!!|Sword of Ruin\n|turn|54\n|\n|t:|1699333479\n|-end|p1a: Galladiator|Quark Drive|[silent]\n|switch|p1a: Santa?|Gyarados, F, shiny|55\/100\n|-ability|p1a: Santa?|Intimidate|boost\n|-unboost|p2a: a knife!!|atk|1\n|move|p2a: a knife!!|Ice Spinner|p1a: Santa?\n|-damage|p1a: Santa?|26\/100\n|\n|-heal|p1a: Santa?|32\/100|[from] item: Leftovers\n|upkeep\n|turn|55\n|\n|t:|1699333488\n|move|p2a: a knife!!|Ice Spinner|p1a: Santa?\n|-damage|p1a: Santa?|0 fnt\n|faint|p1a: Santa?\n|\n|upkeep\n|c|\u2606lelza|ggs\n|\n|t:|1699333500\n|switch|p1a: Galladiator|Iron Valiant, shiny|100\/100\n|turn|56\n|\n|t:|1699333504\n|move|p2a: a knife!!|Ice Spinner|p1a: Galladiator\n|-damage|p1a: Galladiator|51\/100\n|move|p1a: Galladiator|Close Combat|p2a: a knife!!\n|-supereffective|p2a: a knife!!\n|-damage|p2a: a knife!!|0 fnt\n|-unboost|p1a: Galladiator|def|1\n|-unboost|p1a: Galladiator|spd|1\n|faint|p2a: a knife!!\n|\n|win|Waikiki Woopers\n|l|\u2606lelza\n|c|\u2606Waikiki Woopers|gg\n|c|\u2606Waikiki Woopers|that was insane\n","uploadtime":1699333513,"views":5,"p1id":"waikikiwoopers","p2id":"lelza","formatid":"gen9nationaldexubers","rating":0,"private":0,"password":""}