{"id":"gen9nationaldexubers-1987736230","p1":"aguinaldo124","p2":"saifu.mp4","format":"[Gen 9] National Dex Ubers","log":"|j|\u2606aguinaldo124\n|j|\u2606saifu.mp4\n|t:|1699632248\n|gametype|singles\n|player|p1|aguinaldo124|bruno|1152\n|player|p2|saifu.mp4|hugh|1270\n|teamsize|p1|6\n|teamsize|p2|6\n|gen|9\n|tier|[Gen 9] National Dex Ubers\n|rated|\n|rule|HP Percentage Mod: HP is shown in percentages\n|rule|Endless Battle Clause: Forcing endless battles is banned\n|rule|OHKO Clause: OHKO moves are banned\n|rule|Evasion Moves Clause: Evasion moves are banned\n|rule|Evasion Items Clause: Evasion items are banned\n|rule|Species Clause: Limit one of each Pok\u00e9mon\n|rule|Sleep Clause Mod: Limit one foe put to sleep\n|rule|Mega Rayquaza Clause: You cannot mega evolve Rayquaza\n|clearpoke\n|poke|p1|Yveltal|\n|poke|p1|Ho-Oh|\n|poke|p1|Arceus-Ground|\n|poke|p1|Zacian-*|\n|poke|p1|Kyurem-Black|\n|poke|p1|Ogerpon-Hearthflame, F|\n|poke|p2|Bisharp, F|\n|poke|p2|Espeon, M|\n|poke|p2|Ribombee, F|\n|poke|p2|Iron Valiant|\n|poke|p2|Excadrill, F|\n|poke|p2|Dondozo, F|\n|teampreview\n|inactive|Battle timer is ON: inactive players will automatically lose when time's up. (requested by aguinaldo124)\n|\n|t:|1699632257\n|start\n|switch|p1a: Kyurem|Kyurem-Black|100\/100\n|switch|p2a: 36 Chrome Tabs|Ribombee, F, shiny|100\/100\n|-ability|p1a: Kyurem|Teravolt\n|turn|1\n|\n|t:|1699632270\n|move|p2a: 36 Chrome Tabs|Stun Spore|p1a: Kyurem\n|-status|p1a: Kyurem|par\n|cant|p1a: Kyurem|par\n|\n|upkeep\n|turn|2\n|\n|t:|1699632277\n|move|p2a: 36 Chrome Tabs|Moonblast|p1a: Kyurem\n|-supereffective|p1a: Kyurem\n|-damage|p1a: Kyurem|22\/100 par\n|move|p1a: Kyurem|Dragon Dance|p1a: Kyurem\n|-boost|p1a: Kyurem|atk|1\n|-boost|p1a: Kyurem|spe|1\n|\n|upkeep\n|turn|3\n|\n|t:|1699632285\n|move|p2a: 36 Chrome Tabs|Moonblast|p1a: Kyurem\n|-supereffective|p1a: Kyurem\n|-damage|p1a: Kyurem|0 fnt\n|faint|p1a: Kyurem\n|\n|upkeep\n|\n|t:|1699632292\n|switch|p1a: Ogerpon|Ogerpon-Hearthflame, F|100\/100\n|-ability|p1a: Ogerpon|Mold Breaker\n|turn|4\n|\n|t:|1699632312\n|-terastallize|p1a: Ogerpon|Fire\n|detailschange|p1a: Ogerpon|Ogerpon-Hearthflame-Tera, F, tera:Fire\n|-ability|p1a: Ogerpon|Embody Aspect (Hearthflame)|boost\n|-boost|p1a: Ogerpon|atk|1\n|move|p2a: 36 Chrome Tabs|Sticky Web|p1a: Ogerpon\n|-sidestart|p1: aguinaldo124|move: Sticky Web\n|move|p1a: Ogerpon|Swords Dance|p1a: Ogerpon\n|-boost|p1a: Ogerpon|atk|2\n|\n|upkeep\n|turn|5\n|\n|t:|1699632323\n|move|p2a: 36 Chrome Tabs|Stun Spore|p1a: Ogerpon|[miss]\n|-miss|p2a: 36 Chrome Tabs|p1a: Ogerpon\n|move|p1a: Ogerpon|Ivy Cudgel|p2a: 36 Chrome Tabs\n|-supereffective|p2a: 36 Chrome Tabs\n|-enditem|p2a: 36 Chrome Tabs|Focus Sash\n|-damage|p2a: 36 Chrome Tabs|1\/100\n|\n|upkeep\n|turn|6\n|\n|t:|1699632339\n|move|p2a: 36 Chrome Tabs|Stun Spore|p1a: Ogerpon\n|-status|p1a: Ogerpon|par\n|cant|p1a: Ogerpon|par\n|\n|upkeep\n|turn|7\n|\n|t:|1699632346\n|move|p2a: 36 Chrome Tabs|Moonblast|p1a: Ogerpon\n|-resisted|p1a: Ogerpon\n|-damage|p1a: Ogerpon|79\/100 par\n|-unboost|p1a: Ogerpon|spa|1\n|cant|p1a: Ogerpon|par\n|\n|upkeep\n|turn|8\n|\n|t:|1699632353\n|move|p2a: 36 Chrome Tabs|Moonblast|p1a: Ogerpon\n|-resisted|p1a: Ogerpon\n|-damage|p1a: Ogerpon|57\/100 par\n|cant|p1a: Ogerpon|par\n|\n|upkeep\n|turn|9\n|\n|t:|1699632360\n|move|p2a: 36 Chrome Tabs|Moonblast|p1a: Ogerpon\n|-resisted|p1a: Ogerpon\n|-damage|p1a: Ogerpon|33\/100 par\n|cant|p1a: Ogerpon|par\n|\n|upkeep\n|turn|10\n|\n|t:|1699632367\n|move|p2a: 36 Chrome Tabs|Moonblast|p1a: Ogerpon\n|-resisted|p1a: Ogerpon\n|-crit|p1a: Ogerpon\n|-damage|p1a: Ogerpon|0 fnt\n|faint|p1a: Ogerpon\n|\n|upkeep\n|c|\u2606saifu.mp4|what in the FUCK\n|c|\u2606saifu.mp4|4 times in a row\n|c|\u2606saifu.mp4|i'm sorry bro\n|\n|t:|1699632383\n|switch|p1a: Yveltal|Yveltal|100\/100\n|-ability|p1a: Yveltal|Dark Aura\n|turn|11\n|\n|t:|1699632389\n|move|p2a: 36 Chrome Tabs|Stun Spore|p1a: Yveltal\n|-status|p1a: Yveltal|par\n|move|p1a: Yveltal|Defog|p2a: 36 Chrome Tabs\n|-unboost|p2a: 36 Chrome Tabs|evasion|1\n|-sideend|p1: aguinaldo124|Sticky Web|[from] move: Defog|[of] p1a: Yveltal\n|\n|upkeep\n|turn|12\n|\n|t:|1699632398\n|move|p2a: 36 Chrome Tabs|Sticky Web|p1a: Yveltal\n|-sidestart|p1: aguinaldo124|move: Sticky Web\n|cant|p1a: Yveltal|par\n|\n|upkeep\n|turn|13\n|\n|t:|1699632405\n|move|p2a: 36 Chrome Tabs|Moonblast|p1a: Yveltal\n|-supereffective|p1a: Yveltal\n|-damage|p1a: Yveltal|34\/100 par\n|-unboost|p1a: Yveltal|spa|1\n|move|p1a: Yveltal|Oblivion Wing|p2a: 36 Chrome Tabs\n|-supereffective|p2a: 36 Chrome Tabs\n|-damage|p2a: 36 Chrome Tabs|0 fnt\n|-heal|p1a: Yveltal|34\/100 par|[from] drain|[of] p2a: 36 Chrome Tabs\n|faint|p2a: 36 Chrome Tabs\n|\n|-heal|p1a: Yveltal|41\/100 par|[from] item: Leftovers\n|upkeep\n|inactive|saifu.mp4 has 120 seconds left.\n|-message|aguinaldo124 forfeited.\n|\n|win|saifu.mp4\n|raw|aguinaldo124's rating: 1152 &rarr; <strong>1135<\/strong><br \/>(-17 for losing)\n|raw|saifu.mp4's rating: 1270 &rarr; <strong>1287<\/strong><br \/>(+17 for winning)\n|l|\u2606aguinaldo124\n","uploadtime":1699632449,"views":5,"p1id":"aguinaldo124","p2id":"saifump4","formatid":"gen9nationaldexubers","rating":1135,"private":0,"password":""}