{"id":"gen9nationaldexubers-1980057335","p1":"Pawnnel","p2":"85792195wwww","format":"[Gen 9] National Dex Ubers","log":"|j|\u2606Pawnnel\n|j|\u203d85792195wwww\n|t:|1698752543\n|gametype|singles\n|player|p1|Pawnnel|bianca|1628\n|player|p2|85792195wwww|lady|1752\n|teamsize|p1|6\n|teamsize|p2|6\n|gen|9\n|tier|[Gen 9] National Dex Ubers\n|rated|\n|rule|HP Percentage Mod: HP is shown in percentages\n|rule|Endless Battle Clause: Forcing endless battles is banned\n|rule|OHKO Clause: OHKO moves are banned\n|rule|Evasion Moves Clause: Evasion moves are banned\n|rule|Evasion Items Clause: Evasion items are banned\n|rule|Species Clause: Limit one of each Pok\u00e9mon\n|rule|Sleep Clause Mod: Limit one foe put to sleep\n|rule|Mega Rayquaza Clause: You cannot mega evolve Rayquaza\n|clearpoke\n|poke|p1|Mandibuzz, F|\n|poke|p1|Clodsire, M|\n|poke|p1|Chi-Yu|\n|poke|p1|Dondozo, M|\n|poke|p1|Scizor, M|\n|poke|p1|Kyurem-Black|\n|poke|p2|Zacian-*|\n|poke|p2|Rayquaza|\n|poke|p2|Xerneas-*|\n|poke|p2|Deoxys-Speed|\n|poke|p2|Groudon|\n|poke|p2|Arceus|\n|teampreview\n|\n|t:|1698752554\n|start\n|switch|p1a: Bash|Scizor, M|100\/100\n|switch|p2a: Deoxys|Deoxys-Speed|100\/100\n|-ability|p2a: Deoxys|Pressure\n|turn|1\n|\n|t:|1698752562\n|detailschange|p1a: Bash|Scizor-Mega, M\n|-mega|p1a: Bash|Scizor|Scizorite\n|move|p2a: Deoxys|Stealth Rock|p1a: Bash\n|-sidestart|p1: Pawnnel|move: Stealth Rock\n|move|p1a: Bash|U-turn|p2a: Deoxys\n|-supereffective|p2a: Deoxys\n|-damage|p2a: Deoxys|30\/100\n|-damage|p1a: Bash|84\/100|[from] item: Rocky Helmet|[of] p2a: Deoxys\n|\n|t:|1698752569\n|switch|p1a: Fubuki|Kyurem-Black|100\/100|[from] U-turn\n|-damage|p1a: Fubuki|76\/100|[from] Stealth Rock\n|-ability|p1a: Fubuki|Teravolt\n|\n|upkeep\n|turn|2\n|\n|t:|1698752577\n|-terastallize|p1a: Fubuki|Electric\n|move|p2a: Deoxys|Knock Off|p1a: Fubuki\n|-damage|p1a: Fubuki|60\/100\n|-enditem|p1a: Fubuki|Loaded Dice|[from] move: Knock Off|[of] p2a: Deoxys\n|move|p1a: Fubuki|Substitute|p1a: Fubuki\n|-start|p1a: Fubuki|Substitute\n|-damage|p1a: Fubuki|35\/100\n|\n|upkeep\n|turn|3\n|\n|t:|1698752588\n|move|p2a: Deoxys|Taunt|p1a: Fubuki\n|-start|p1a: Fubuki|move: Taunt\n|cant|p1a: Fubuki|move: Taunt|Dragon Dance\n|\n|upkeep\n|turn|4\n|\n|t:|1698752593\n|move|p2a: Deoxys|Psycho Boost|p1a: Fubuki\n|-end|p1a: Fubuki|Substitute\n|-unboost|p2a: Deoxys|spa|2\n|move|p1a: Fubuki|Icicle Spear|p2a: Deoxys\n|-damage|p2a: Deoxys|11\/100\n|-damage|p2a: Deoxys|0 fnt\n|faint|p2a: Deoxys\n|-hitcount|p2: Deoxys|2\n|\n|upkeep\n|\n|t:|1698752605\n|switch|p2a: Arceus|Arceus|100\/100\n|turn|5\n|\n|t:|1698752609\n|move|p2a: Arceus|Swords Dance|p2a: Arceus\n|-boost|p2a: Arceus|atk|2\n|move|p1a: Fubuki|Icicle Spear|p2a: Arceus\n|-damage|p2a: Arceus|87\/100\n|-damage|p2a: Arceus|73\/100\n|-crit|p2a: Arceus\n|-damage|p2a: Arceus|54\/100\n|-damage|p2a: Arceus|41\/100\n|-hitcount|p2a: Arceus|4\n|\n|-end|p1a: Fubuki|move: Taunt\n|upkeep\n|turn|6\n|\n|t:|1698752621\n|move|p2a: Arceus|Extreme Speed|p1a: Fubuki\n|-damage|p1a: Fubuki|0 fnt\n|faint|p1a: Fubuki\n|-damage|p2a: Arceus|31\/100|[from] item: Life Orb\n|\n|upkeep\n|\n|t:|1698752627\n|switch|p1a: Bog|Dondozo, M|100\/100\n|-damage|p1a: Bog|88\/100|[from] Stealth Rock\n|turn|7\n|\n|t:|1698752636\n|move|p2a: Arceus|Will-O-Wisp|p1a: Bog\n|-status|p1a: Bog|brn\n|move|p1a: Bog|Body Press|p2a: Arceus\n|-supereffective|p2a: Arceus\n|-damage|p2a: Arceus|9\/100\n|\n|-heal|p1a: Bog|94\/100 brn|[from] item: Leftovers\n|-damage|p1a: Bog|88\/100 brn|[from] brn\n|upkeep\n|turn|8\n|\n|t:|1698752647\n|switch|p2a: Rayquaza|Rayquaza|100\/100\n|-ability|p2a: Rayquaza|Air Lock\n|move|p1a: Bog|Body Press|p2a: Rayquaza\n|-resisted|p2a: Rayquaza\n|-damage|p2a: Rayquaza|93\/100\n|\n|-heal|p1a: Bog|94\/100 brn|[from] item: Leftovers\n|-damage|p1a: Bog|88\/100 brn|[from] brn\n|upkeep\n|turn|9\n|\n|t:|1698752659\n|-terastallize|p2a: Rayquaza|Flying\n|move|p2a: Rayquaza|Dragon Ascent|p1a: Bog\n|-damage|p1a: Bog|25\/100 brn\n|-unboost|p2a: Rayquaza|def|1\n|-unboost|p2a: Rayquaza|spd|1\n|move|p1a: Bog|Curse|p1a: Bog\n|-unboost|p1a: Bog|spe|1\n|-boost|p1a: Bog|atk|1\n|-boost|p1a: Bog|def|1\n|\n|-heal|p1a: Bog|31\/100 brn|[from] item: Leftovers\n|-damage|p1a: Bog|25\/100 brn|[from] brn\n|upkeep\n|turn|10\n|\n|t:|1698752675\n|move|p2a: Rayquaza|Dragon Ascent|p1a: Bog\n|-damage|p1a: Bog|0 fnt\n|-unboost|p2a: Rayquaza|def|1\n|-unboost|p2a: Rayquaza|spd|1\n|faint|p1a: Bog\n|\n|upkeep\n|\n|t:|1698752681\n|switch|p1a: Yu|Chi-Yu|100\/100\n|-damage|p1a: Yu|76\/100|[from] Stealth Rock\n|-ability|p1a: Yu|Beads of Ruin\n|turn|11\n|\n|t:|1698752691\n|switch|p2a: Zacian|Zacian-Crowned|100\/100\n|-ability|p2a: Zacian|Intrepid Sword|boost\n|-boost|p2a: Zacian|atk|1\n|move|p1a: Yu|Flamethrower|p2a: Zacian\n|-supereffective|p2a: Zacian\n|-damage|p2a: Zacian|0 fnt\n|faint|p2a: Zacian\n|\n|upkeep\n|\n|t:|1698752704\n|switch|p2a: Groudon|Groudon|100\/100\n|detailschange|p2a: Groudon|Groudon-Primal\n|-primal|p2a: Groudon|Red Orb\n|-weather|DesolateLand|[from] ability: Desolate Land|[of] p2a: Groudon\n|turn|12\n|\n|t:|1698752711\n|switch|p1a: Akechi|Mandibuzz, F|100\/100\n|move|p2a: Groudon|Heat Crash|p1a: Akechi\n|-damage|p1a: Akechi|22\/100\n|\n|-weather|DesolateLand|[upkeep]\n|upkeep\n|turn|13\n|\n|t:|1698752720\n|move|p2a: Groudon|Heat Crash|p1a: Akechi\n|-damage|p1a: Akechi|0 fnt\n|faint|p1a: Akechi\n|\n|-weather|DesolateLand|[upkeep]\n|upkeep\n|\n|t:|1698752725\n|switch|p1a: Yu|Chi-Yu|76\/100\n|-damage|p1a: Yu|51\/100|[from] Stealth Rock\n|-ability|p1a: Yu|Beads of Ruin\n|turn|14\n|\n|t:|1698752731\n|-weather|none\n|switch|p2a: Xerneas|Xerneas|100\/100\n|-ability|p2a: Xerneas|Fairy Aura\n|move|p1a: Yu|Overheat|p2a: Xerneas\n|-damage|p2a: Xerneas|28\/100\n|-unboost|p1a: Yu|spa|2\n|\n|upkeep\n|turn|15\n|\n|t:|1698752742\n|switch|p2a: Groudon|Groudon-Primal|100\/100\n|-weather|DesolateLand|[from] ability: Desolate Land|[of] p2a: Groudon\n|move|p1a: Yu|Overheat|p2a: Groudon\n|-resisted|p2a: Groudon\n|-damage|p2a: Groudon|68\/100\n|-unboost|p1a: Yu|spa|2\n|\n|-weather|DesolateLand|[upkeep]\n|upkeep\n|turn|16\n|\n|t:|1698752752\n|switch|p1a: Bash|Scizor-Mega, M|84\/100\n|-damage|p1a: Bash|72\/100|[from] Stealth Rock\n|move|p2a: Groudon|Heat Crash|p1a: Bash\n|-supereffective|p1a: Bash\n|-damage|p1a: Bash|0 fnt\n|faint|p1a: Bash\n|\n|-weather|DesolateLand|[upkeep]\n|upkeep\n|\n|t:|1698752759\n|switch|p1a: Yu|Chi-Yu|51\/100\n|-damage|p1a: Yu|26\/100|[from] Stealth Rock\n|-ability|p1a: Yu|Beads of Ruin\n|turn|17\n|\n|t:|1698752766\n|-weather|none\n|switch|p2a: Xerneas|Xerneas|28\/100\n|-ability|p2a: Xerneas|Fairy Aura\n|move|p1a: Yu|Overheat|p2a: Xerneas|[miss]\n|-miss|p1a: Yu|p2a: Xerneas\n|\n|upkeep\n|turn|18\n|\n|t:|1698752777\n|move|p1a: Yu|Overheat|p2a: Xerneas\n|-damage|p2a: Xerneas|0 fnt\n|-unboost|p1a: Yu|spa|2\n|faint|p2a: Xerneas\n|\n|upkeep\n|-message|Pawnnel forfeited.\n|\n|win|85792195wwww\n|raw|Pawnnel's rating: 1628 &rarr; <strong>1615<\/strong><br \/>(-13 for losing)\n|raw|85792195wwww's rating: 1752 &rarr; <strong>1765<\/strong><br \/>(+13 for winning)\n|l|\u2606Pawnnel\n|l|\u203d85792195wwww\n","uploadtime":1698752785,"views":7,"p1id":"pawnnel","p2id":"85792195wwww","formatid":"gen9nationaldexubers","rating":1615,"private":0,"password":""}