{"id":"gen9nationaldexubers-1988117788","p1":"hgfbbbvg","p2":"AxeLigh","format":"[Gen 9] National Dex Ubers","log":"|j|\u2606hgfbbbvg\n|j|\u2606AxeLigh\n|t:|1699671727\n|gametype|singles\n|player|p1|hgfbbbvg|101|1140\n|player|p2|AxeLigh|266|1083\n|teamsize|p1|6\n|teamsize|p2|6\n|gen|9\n|tier|[Gen 9] National Dex Ubers\n|rated|\n|rule|HP Percentage Mod: HP is shown in percentages\n|rule|Endless Battle Clause: Forcing endless battles is banned\n|rule|OHKO Clause: OHKO moves are banned\n|rule|Evasion Moves Clause: Evasion moves are banned\n|rule|Evasion Items Clause: Evasion items are banned\n|rule|Species Clause: Limit one of each Pok\u00e9mon\n|rule|Sleep Clause Mod: Limit one foe put to sleep\n|rule|Mega Rayquaza Clause: You cannot mega evolve Rayquaza\n|clearpoke\n|poke|p1|Xerneas-*|\n|poke|p1|Zygarde|\n|poke|p1|Chansey, F|\n|poke|p1|Ferrothorn, F|\n|poke|p1|Ho-Oh|\n|poke|p1|Necrozma-Dusk-Mane|\n|poke|p2|Alakazam, M|\n|poke|p2|Glimmora, F|\n|poke|p2|Zoroark, F|\n|poke|p2|Ferrothorn, M|\n|poke|p2|Cofagrigus, M|\n|poke|p2|Volcarona, M|\n|teampreview\n|inactive|Battle timer is ON: inactive players will automatically lose when time's up. (requested by AxeLigh)\n|\n|t:|1699671758\n|start\n|switch|p1a: Ferrothorn|Ferrothorn, F, shiny|100\/100\n|switch|p2a: Glimmora|Glimmora, F|100\/100\n|turn|1\n|\n|t:|1699671766\n|move|p2a: Glimmora|Stealth Rock|p1a: Ferrothorn\n|-sidestart|p1: hgfbbbvg|move: Stealth Rock\n|move|p1a: Ferrothorn|Thunder Wave|p2a: Glimmora\n|-status|p2a: Glimmora|par\n|\n|upkeep\n|turn|2\n|\n|t:|1699671773\n|move|p2a: Glimmora|Mortal Spin|p1a: Ferrothorn\n|-immune|p1a: Ferrothorn\n|move|p1a: Ferrothorn|Leech Seed|p2a: Glimmora\n|-start|p2a: Glimmora|move: Leech Seed\n|\n|-damage|p2a: Glimmora|88\/100 par|[from] Leech Seed|[of] p1a: Ferrothorn\n|upkeep\n|turn|3\n|\n|t:|1699671781\n|switch|p2a: Volcarona|Volcarona, M|100\/100\n|switch|p1a: Zygarde|Zygarde, shiny|100\/100\n|-damage|p1a: Zygarde|94\/100|[from] Stealth Rock\n|\n|-heal|p1a: Zygarde|100\/100|[from] item: Leftovers\n|upkeep\n|turn|4\n|\n|t:|1699671789\n|move|p2a: Volcarona|Quiver Dance|p2a: Volcarona\n|-boost|p2a: Volcarona|spa|1\n|-boost|p2a: Volcarona|spd|1\n|-boost|p2a: Volcarona|spe|1\n|move|p1a: Zygarde|Glare|p2a: Volcarona\n|-status|p2a: Volcarona|par\n|\n|upkeep\n|turn|5\n|\n|t:|1699671797\n|switch|p1a: Ho-Oh|Ho-Oh, shiny|100\/100\n|cant|p2a: Volcarona|par\n|\n|upkeep\n|turn|6\n|\n|t:|1699671802\n|move|p2a: Volcarona|Quiver Dance|p2a: Volcarona\n|-boost|p2a: Volcarona|spa|1\n|-boost|p2a: Volcarona|spd|1\n|-boost|p2a: Volcarona|spe|1\n|move|p1a: Ho-Oh|Whirlwind|p2a: Volcarona\n|drag|p2a: Alakazam|Alakazam, M|100\/100\n|\n|upkeep\n|turn|7\n|\n|t:|1699671812\n|move|p2a: Alakazam|Charge Beam|p1a: Ho-Oh\n|-supereffective|p1a: Ho-Oh\n|-damage|p1a: Ho-Oh|75\/100\n|move|p1a: Ho-Oh|Sacred Fire|p2a: Alakazam\n|-damage|p2a: Alakazam|0 fnt\n|faint|p2a: Alakazam\n|\n|upkeep\n|\n|t:|1699671822\n|switch|p2a: Glimmora|Glimmora, F|88\/100 par\n|turn|8\n|\n|t:|1699671828\n|switch|p1a: Ferrothorn|Ferrothorn, F, shiny|100\/100\n|-damage|p1a: Ferrothorn|94\/100|[from] Stealth Rock\n|move|p2a: Glimmora|Mortal Spin|p1a: Ferrothorn\n|-immune|p1a: Ferrothorn\n|\n|-heal|p1a: Ferrothorn|100\/100|[from] item: Leftovers\n|upkeep\n|turn|9\n|\n|t:|1699671836\n|move|p2a: Glimmora|Spikes|p1a: Ferrothorn\n|-sidestart|p1: hgfbbbvg|Spikes\n|move|p1a: Ferrothorn|Leech Seed|p2a: Glimmora\n|-start|p2a: Glimmora|move: Leech Seed\n|\n|-damage|p2a: Glimmora|76\/100 par|[from] Leech Seed|[of] p1a: Ferrothorn\n|upkeep\n|turn|10\n|\n|t:|1699671858\n|switch|p2a: Cofagrigus|Cofagrigus, M|100\/100\n|switch|p1a: Ho-Oh|Ho-Oh, shiny|100\/100\n|\n|upkeep\n|turn|11\n|\n|t:|1699671870\n|move|p1a: Ho-Oh|Defog|p2a: Cofagrigus\n|-unboost|p2a: Cofagrigus|evasion|1\n|-sideend|p1: hgfbbbvg|Spikes|[from] move: Defog|[of] p1a: Ho-Oh\n|-sideend|p1: hgfbbbvg|Stealth Rock|[from] move: Defog|[of] p1a: Ho-Oh\n|move|p2a: Cofagrigus|Toxic|p1a: Ho-Oh\n|-status|p1a: Ho-Oh|tox\n|\n|-damage|p1a: Ho-Oh|94\/100 tox|[from] psn\n|upkeep\n|turn|12\n|\n|t:|1699671883\n|switch|p1a: Ferrothorn|Ferrothorn, F, shiny|100\/100\n|switch|p2a: Glimmora|Glimmora, F|76\/100 par\n|\n|upkeep\n|turn|13\n|\n|t:|1699671888\n|switch|p2a: Cofagrigus|Cofagrigus, M|100\/100\n|move|p1a: Ferrothorn|Leech Seed|p2a: Cofagrigus\n|-start|p2a: Cofagrigus|move: Leech Seed\n|\n|-damage|p2a: Cofagrigus|88\/100|[from] Leech Seed|[of] p1a: Ferrothorn\n|upkeep\n|turn|14\n|\n|t:|1699671896\n|move|p2a: Cofagrigus|Trick|p1a: Ferrothorn\n|-activate|p2a: Cofagrigus|move: Trick|[of] p1a: Ferrothorn\n|-item|p1a: Ferrothorn|Choice Specs|[from] move: Trick\n|-item|p2a: Cofagrigus|Leftovers|[from] move: Trick\n|move|p1a: Ferrothorn|Thunder Wave|p2a: Cofagrigus\n|-status|p2a: Cofagrigus|par\n|\n|-heal|p2a: Cofagrigus|94\/100 par|[from] item: Leftovers\n|-damage|p2a: Cofagrigus|82\/100 par|[from] Leech Seed|[of] p1a: Ferrothorn\n|upkeep\n|turn|15\n|\n|t:|1699671906\n|switch|p1a: Ho-Oh|Ho-Oh, shiny|100\/100 tox\n|move|p2a: Cofagrigus|Will-O-Wisp||[still]\n|-fail|p2a: Cofagrigus\n|\n|-heal|p2a: Cofagrigus|88\/100 par|[from] item: Leftovers\n|-damage|p2a: Cofagrigus|75\/100 par|[from] Leech Seed|[of] p1a: Ho-Oh\n|-damage|p1a: Ho-Oh|94\/100 tox|[from] psn\n|upkeep\n|turn|16\n|\n|t:|1699671916\n|switch|p2a: Glimmora|Glimmora, F|76\/100 par\n|move|p1a: Ho-Oh|Sacred Fire|p2a: Glimmora\n|-resisted|p2a: Glimmora\n|-damage|p2a: Glimmora|50\/100 par\n|-activate|p2a: Glimmora|ability: Toxic Debris\n|-sidestart|p1: hgfbbbvg|move: Toxic Spikes\n|\n|-damage|p1a: Ho-Oh|82\/100 tox|[from] psn\n|upkeep\n|turn|17\n|\n|t:|1699671927\n|move|p1a: Ho-Oh|Defog|p2a: Glimmora\n|-unboost|p2a: Glimmora|evasion|1\n|-sideend|p1: hgfbbbvg|Toxic Spikes|[from] move: Defog|[of] p1a: Ho-Oh\n|move|p2a: Glimmora|Stealth Rock|p1a: Ho-Oh\n|-sidestart|p1: hgfbbbvg|move: Stealth Rock\n|\n|-damage|p1a: Ho-Oh|63\/100 tox|[from] psn\n|upkeep\n|turn|18\n|\n|t:|1699671936\n|switch|p1a: Ferrothorn|Ferrothorn, F, shiny|100\/100\n|-damage|p1a: Ferrothorn|94\/100|[from] Stealth Rock\n|move|p2a: Glimmora|Mortal Spin|p1a: Ferrothorn\n|-immune|p1a: Ferrothorn\n|\n|upkeep\n|turn|19\n|\n|t:|1699671943\n|move|p2a: Glimmora|Earth Power|p1a: Ferrothorn\n|-crit|p1a: Ferrothorn\n|-damage|p1a: Ferrothorn|61\/100\n|move|p1a: Ferrothorn|Knock Off|p2a: Glimmora\n|-damage|p2a: Glimmora|25\/100 par\n|-activate|p2a: Glimmora|ability: Toxic Debris\n|-sidestart|p1: hgfbbbvg|move: Toxic Spikes\n|-enditem|p2a: Glimmora|Focus Sash|[from] move: Knock Off|[of] p1a: Ferrothorn\n|\n|upkeep\n|turn|20\n|\n|t:|1699671952\n|switch|p1a: Ho-Oh|Ho-Oh, shiny|96\/100 tox\n|cant|p2a: Glimmora|par\n|\n|-damage|p1a: Ho-Oh|90\/100 tox|[from] psn\n|upkeep\n|turn|21\n|\n|t:|1699671960\n|move|p1a: Ho-Oh|Defog|p2a: Glimmora\n|-unboost|p2a: Glimmora|evasion|1\n|-sideend|p1: hgfbbbvg|Toxic Spikes|[from] move: Defog|[of] p1a: Ho-Oh\n|-sideend|p1: hgfbbbvg|Stealth Rock|[from] move: Defog|[of] p1a: Ho-Oh\n|cant|p2a: Glimmora|par\n|\n|-damage|p1a: Ho-Oh|77\/100 tox|[from] psn\n|upkeep\n|turn|22\n|\n|t:|1699671968\n|move|p1a: Ho-Oh|Sacred Fire|p2a: Glimmora\n|-resisted|p2a: Glimmora\n|-damage|p2a: Glimmora|0 fnt\n|-activate|p2a: Glimmora|ability: Toxic Debris\n|-sidestart|p1: hgfbbbvg|move: Toxic Spikes\n|faint|p2a: Glimmora\n|\n|-damage|p1a: Ho-Oh|59\/100 tox|[from] psn\n|upkeep\n|\n|t:|1699671973\n|switch|p2a: Volcarona|Volcarona, M|100\/100\n|-item|p2a: Volcarona|Air Balloon\n|turn|23\n|\n|t:|1699671980\n|move|p2a: Volcarona|Dark Pulse|p1a: Ho-Oh\n|-damage|p1a: Ho-Oh|35\/100 tox\n|cant|p1a: Ho-Oh|flinch\n|\n|-damage|p1a: Ho-Oh|10\/100 tox|[from] psn\n|upkeep\n|turn|24\n|\n|t:|1699671989\n|switch|p1a: Chansey|Chansey, F, shiny|100\/100\n|-status|p1a: Chansey|psn\n|move|p2a: Volcarona|Sludge Bomb|p1a: Chansey\n|-damage|p1a: Chansey|91\/100 psn\n|\n|-damage|p1a: Chansey|78\/100 psn|[from] psn\n|upkeep\n|turn|25\n|\n|t:|1699672000\n|switch|p2a: Cofagrigus|Cofagrigus, M|75\/100 par\n|move|p1a: Chansey|Thunder Wave|p2a: Cofagrigus\n|-fail|p2a: Cofagrigus|par\n|\n|-heal|p2a: Cofagrigus|82\/100 par|[from] item: Leftovers\n|-damage|p1a: Chansey|66\/100 psn|[from] psn\n|upkeep\n|turn|26\n|\n|t:|1699672017\n|move|p1a: Chansey|Wish|p1a: Chansey\n|cant|p2a: Cofagrigus|par\n|\n|-heal|p2a: Cofagrigus|88\/100 par|[from] item: Leftovers\n|-damage|p1a: Chansey|54\/100 psn|[from] psn\n|upkeep\n|turn|27\n|\n|t:|1699672024\n|-curestatus|p1a: Chansey|psn|[from] ability: Natural Cure\n|switch|p1a: Ho-Oh|Ho-Oh, shiny|43\/100 tox\n|cant|p2a: Cofagrigus|par\n|\n|-heal|p1a: Ho-Oh|100\/100 tox|[from] move: Wish|[wisher] Chansey\n|-heal|p2a: Cofagrigus|94\/100 par|[from] item: Leftovers\n|-damage|p1a: Ho-Oh|94\/100 tox|[from] psn\n|upkeep\n|turn|28\n|\n|t:|1699672035\n|move|p1a: Ho-Oh|Defog|p2a: Cofagrigus\n|-unboost|p2a: Cofagrigus|evasion|1\n|-sideend|p1: hgfbbbvg|Toxic Spikes|[from] move: Defog|[of] p1a: Ho-Oh\n|move|p2a: Cofagrigus|Shadow Ball|p1a: Ho-Oh\n|-crit|p1a: Ho-Oh\n|-damage|p1a: Ho-Oh|71\/100 tox\n|\n|-heal|p2a: Cofagrigus|100\/100 par|[from] item: Leftovers\n|-damage|p1a: Ho-Oh|59\/100 tox|[from] psn\n|upkeep\n|turn|29\n|\n|t:|1699672045\n|switch|p1a: Chansey|Chansey, F, shiny|54\/100\n|move|p2a: Cofagrigus|Shadow Ball|p1a: Chansey\n|-immune|p1a: Chansey\n|\n|upkeep\n|turn|30\n|\n|t:|1699672052\n|switch|p2a: Volcarona|Volcarona, M|100\/100 par\n|move|p1a: Chansey|Wish|p1a: Chansey\n|\n|upkeep\n|turn|31\n|\n|t:|1699672070\n|switch|p1a: Ho-Oh|Ho-Oh, shiny|92\/100 tox\n|move|p2a: Volcarona|Quiver Dance|p2a: Volcarona\n|-boost|p2a: Volcarona|spa|1\n|-boost|p2a: Volcarona|spd|1\n|-boost|p2a: Volcarona|spe|1\n|\n|-heal|p1a: Ho-Oh|100\/100 tox|[from] move: Wish|[wisher] Chansey\n|-damage|p1a: Ho-Oh|94\/100 tox|[from] psn\n|upkeep\n|turn|32\n|\n|t:|1699672080\n|move|p2a: Volcarona|Quiver Dance|p2a: Volcarona\n|-boost|p2a: Volcarona|spa|1\n|-boost|p2a: Volcarona|spd|1\n|-boost|p2a: Volcarona|spe|1\n|move|p1a: Ho-Oh|Whirlwind|p2a: Volcarona\n|drag|p2a: Cofagrigus|Cofagrigus, M|100\/100 par\n|\n|-damage|p1a: Ho-Oh|82\/100 tox|[from] psn\n|upkeep\n|turn|33\n|\n|t:|1699672092\n|switch|p1a: Chansey|Chansey, F, shiny|54\/100\n|move|p2a: Cofagrigus|Shadow Ball|p1a: Chansey\n|-immune|p1a: Chansey\n|\n|upkeep\n|turn|34\n|\n|t:|1699672098\n|move|p1a: Chansey|Wish|p1a: Chansey\n|cant|p2a: Cofagrigus|par\n|\n|upkeep\n|turn|35\n|\n|t:|1699672103\n|switch|p2a: Volcarona|Volcarona, M|100\/100 par\n|move|p1a: Chansey|Seismic Toss|p2a: Volcarona\n|-damage|p2a: Volcarona|68\/100 par\n|\n|-heal|p1a: Chansey|100\/100|[from] move: Wish|[wisher] Chansey\n|upkeep\n|turn|36\n|\n|t:|1699672112\n|switch|p1a: Ho-Oh|Ho-Oh, shiny|100\/100 tox\n|move|p2a: Volcarona|Quiver Dance|p2a: Volcarona\n|-boost|p2a: Volcarona|spa|1\n|-boost|p2a: Volcarona|spd|1\n|-boost|p2a: Volcarona|spe|1\n|\n|-damage|p1a: Ho-Oh|94\/100 tox|[from] psn\n|upkeep\n|turn|37\n|\n|t:|1699672121\n|cant|p2a: Volcarona|par\n|move|p1a: Ho-Oh|Whirlwind|p2a: Volcarona\n|drag|p2a: Cofagrigus|Cofagrigus, M|100\/100 par\n|\n|-damage|p1a: Ho-Oh|82\/100 tox|[from] psn\n|upkeep\n|turn|38\n|\n|t:|1699672128\n|switch|p1a: Chansey|Chansey, F, shiny|100\/100\n|cant|p2a: Cofagrigus|par\n|\n|upkeep\n|turn|39\n|\n|t:|1699672133\n|move|p1a: Chansey|Wish|p1a: Chansey\n|cant|p2a: Cofagrigus|par\n|\n|upkeep\n|turn|40\n|\n|t:|1699672139\n|switch|p1a: Ferrothorn|Ferrothorn, F, shiny|61\/100\n|switch|p2a: Volcarona|Volcarona, M|68\/100 par\n|\n|-heal|p1a: Ferrothorn|100\/100|[from] move: Wish|[wisher] Chansey\n|upkeep\n|turn|41\n|\n|t:|1699672148\n|switch|p1a: Ho-Oh|Ho-Oh, shiny|100\/100 tox\n|move|p2a: Volcarona|Fiery Dance|p1a: Ho-Oh\n|-resisted|p1a: Ho-Oh\n|-damage|p1a: Ho-Oh|88\/100 tox\n|\n|-damage|p1a: Ho-Oh|82\/100 tox|[from] psn\n|upkeep\n|turn|42\n|\n|t:|1699672163\n|switch|p2a: Cofagrigus|Cofagrigus, M|100\/100\n|-item|p2a: Cofagrigus|Air Balloon\n|move|p1a: Ho-Oh|Brave Bird|p2a: Cofagrigus\n|-damage|p2a: Cofagrigus|0 fnt\n|replace|p2a: Zoroark|Zoroark, F\n|-end|p2a: Zoroark|Illusion\n|-enditem|p2a: Zoroark|Air Balloon\n|faint|p2a: Zoroark\n|-damage|p1a: Ho-Oh|60\/100 tox|[from] Recoil\n|\n|-damage|p1a: Ho-Oh|48\/100 tox|[from] psn\n|upkeep\n|\n|t:|1699672175\n|switch|p2a: Volcarona|Volcarona, M|68\/100 par\n|turn|43\n|\n|t:|1699672187\n|switch|p2a: Ferrothorn|Ferrothorn, M|100\/100\n|move|p1a: Ho-Oh|Whirlwind|p2a: Ferrothorn\n|drag|p2a: Volcarona|Volcarona, M|68\/100 par\n|\n|-damage|p1a: Ho-Oh|29\/100 tox|[from] psn\n|upkeep\n|turn|44\n|\n|t:|1699672196\n|switch|p1a: Chansey|Chansey, F, shiny|100\/100\n|switch|p2a: Cofagrigus|Cofagrigus, M|100\/100 par\n|\n|upkeep\n|turn|45\n|\n|t:|1699672203\n|move|p1a: Chansey|Wish|p1a: Chansey\n|cant|p2a: Cofagrigus|par\n|\n|upkeep\n|turn|46\n|\n|t:|1699672207\n|switch|p1a: Ho-Oh|Ho-Oh, shiny|62\/100 tox\n|switch|p2a: Volcarona|Volcarona, M|68\/100 par\n|\n|-heal|p1a: Ho-Oh|100\/100 tox|[from] move: Wish|[wisher] Chansey\n|-damage|p1a: Ho-Oh|94\/100 tox|[from] psn\n|upkeep\n|turn|47\n|\n|t:|1699672217\n|move|p1a: Ho-Oh|Brave Bird|p2a: Volcarona\n|-supereffective|p2a: Volcarona\n|-damage|p2a: Volcarona|0 fnt\n|faint|p2a: Volcarona\n|-damage|p1a: Ho-Oh|77\/100 tox|[from] Recoil\n|\n|-damage|p1a: Ho-Oh|65\/100 tox|[from] psn\n|upkeep\n|\n|t:|1699672222\n|switch|p2a: Cofagrigus|Cofagrigus, M|100\/100 par\n|turn|48\n|\n|t:|1699672230\n|switch|p1a: Chansey|Chansey, F, shiny|100\/100\n|cant|p2a: Cofagrigus|par\n|\n|upkeep\n|turn|49\n|\n|t:|1699672237\n|move|p1a: Chansey|Wish|p1a: Chansey\n|move|p2a: Cofagrigus|Toxic|p1a: Chansey\n|-status|p1a: Chansey|tox\n|\n|-damage|p1a: Chansey|94\/100 tox|[from] psn\n|upkeep\n|turn|50\n|\n|t:|1699672248\n|-curestatus|p1a: Chansey|tox|[from] ability: Natural Cure\n|switch|p1a: Xerneas|Xerneas, shiny|100\/100\n|-ability|p1a: Xerneas|Fairy Aura\n|move|p2a: Cofagrigus|Trick|p1a: Xerneas\n|-activate|p2a: Cofagrigus|move: Trick|[of] p1a: Xerneas\n|-item|p1a: Xerneas|Leftovers|[from] move: Trick\n|-item|p2a: Cofagrigus|Power Herb|[from] move: Trick\n|\n|upkeep\n|turn|51\n|\n|t:|1699672259\n|move|p1a: Xerneas|Aromatherapy|p1a: Xerneas\n|-activate|p1a: Xerneas|move: Aromatherapy\n|-curestatus|p1: Ho-Oh|tox|[msg]\n|move|p2a: Cofagrigus|Toxic|p1a: Xerneas\n|-status|p1a: Xerneas|tox\n|\n|-damage|p1a: Xerneas|94\/100 tox|[from] psn\n|upkeep\n|turn|52\n|\n|t:|1699672268\n|move|p1a: Xerneas|Aromatherapy|p1a: Xerneas\n|-activate|p1a: Xerneas|move: Aromatherapy\n|-curestatus|p1a: Xerneas|tox|[msg]\n|cant|p2a: Cofagrigus|par\n|\n|-heal|p1a: Xerneas|100\/100|[from] item: Leftovers\n|upkeep\n|turn|53\n|\n|t:|1699672276\n|move|p1a: Xerneas|Moonblast|p2a: Cofagrigus\n|-damage|p2a: Cofagrigus|28\/100 par\n|move|p2a: Cofagrigus|Toxic|p1a: Xerneas|[miss]\n|-miss|p2a: Cofagrigus|p1a: Xerneas\n|\n|upkeep\n|turn|54\n|-message|AxeLigh forfeited.\n|\n|win|hgfbbbvg\n|raw|hgfbbbvg's rating: 1140 &rarr; <strong>1161<\/strong><br \/>(+21 for winning)\n|raw|AxeLigh's rating: 1083 &rarr; <strong>1064<\/strong><br \/>(-19 for losing)\n|l|\u2606AxeLigh\n|l|\u2606hgfbbbvg\n","uploadtime":1699672327,"views":5,"p1id":"hgfbbbvg","p2id":"axeligh","formatid":"gen9nationaldexubers","rating":1064,"private":0,"password":""}