{"id":"gen9nationaldexubers-1988136377","p1":"DiosPanzer","p2":"alcatel999","format":"[Gen 9] National Dex Ubers","log":"|j|\u2606DiosPanzer\n|j|\u2606alcatel999\n|t:|1699674136\n|gametype|singles\n|player|p1|DiosPanzer|170|\n|player|p2|alcatel999|rocketgrunt|\n|teamsize|p1|6\n|teamsize|p2|6\n|gen|9\n|tier|[Gen 9] National Dex Ubers\n|rule|HP Percentage Mod: HP is shown in percentages\n|rule|Endless Battle Clause: Forcing endless battles is banned\n|rule|OHKO Clause: OHKO moves are banned\n|rule|Evasion Moves Clause: Evasion moves are banned\n|rule|Evasion Items Clause: Evasion items are banned\n|rule|Species Clause: Limit one of each Pok\u00e9mon\n|rule|Sleep Clause Mod: Limit one foe put to sleep\n|rule|Mega Rayquaza Clause: You cannot mega evolve Rayquaza\n|clearpoke\n|poke|p1|Annihilape, M|\n|poke|p1|Mimikyu, F|\n|poke|p1|Aegislash, F|\n|poke|p1|Skeledirge, F|\n|poke|p1|Banette, F|\n|poke|p1|Corsola-Galar, F|\n|poke|p2|Flutter Mane|\n|poke|p2|Magearna|\n|poke|p2|Zacian-*|\n|poke|p2|Xerneas-*|\n|poke|p2|Arceus-Fairy|\n|poke|p2|Iron Valiant|\n|teampreview\n|c|\u2606DiosPanzer|XDDDDDDDDDDDDDDDDDDDDDDDDDDDDDDDDDDDDDDDDDDDDDDDDDDDDDDDDDDDDDDDDDDDDDDDDDDDDDDDDDDD\n|c|\u2606alcatel999|Como que este team no era\n|c|\u2606DiosPanzer|Aplico la DiosPanzer y se hizo un equipo full legendarios mayores\n|\n|t:|1699674170\n|start\n|switch|p1a: Annihilape|Annihilape, M|100\/100\n|switch|p2a: Iron Valiant|Iron Valiant|100\/100\n|-enditem|p2a: Iron Valiant|Booster Energy\n|-activate|p2a: Iron Valiant|ability: Quark Drive|[fromitem]\n|-start|p2a: Iron Valiant|quarkdrivespe\n|turn|1\n|c|\u2606alcatel999|Xd\n|c|\u2606alcatel999|si\n|\n|t:|1699674179\n|-terastallize|p1a: Annihilape|Water\n|move|p2a: Iron Valiant|Swords Dance|p2a: Iron Valiant\n|-boost|p2a: Iron Valiant|atk|2\n|move|p1a: Annihilape|Bulk Up|p1a: Annihilape\n|-boost|p1a: Annihilape|atk|1\n|-boost|p1a: Annihilape|def|1\n|\n|upkeep\n|turn|2\n|c|\u2606DiosPanzer|Y luego gano\n|c|\u2606DiosPanzer|Te imaginas\n|\n|t:|1699674188\n|move|p2a: Iron Valiant|Close Combat|p1a: Annihilape\n|-damage|p1a: Annihilape|12\/100\n|-unboost|p2a: Iron Valiant|def|1\n|-unboost|p2a: Iron Valiant|spd|1\n|move|p1a: Annihilape|Rage Fist|p2a: Iron Valiant\n|-damage|p2a: Iron Valiant|0 fnt\n|faint|p2a: Iron Valiant\n|-end|p2a: Iron Valiant|Quark Drive|[silent]\n|\n|-heal|p1a: Annihilape|19\/100|[from] item: Leftovers\n|upkeep\n|c|\u2606alcatel999|alta cada seria yo\n|c|\u2606DiosPanzer|Waos\n|c|\u2606alcatel999|si ganas me mato\n|c|\u2606DiosPanzer|Destruido de una\n|c|\u2606DiosPanzer|Me das tu gimnasio si te matas?\n|\n|t:|1699674213\n|switch|p2a: Xerneas|Xerneas|100\/100\n|-ability|p2a: Xerneas|Fairy Aura\n|turn|3\n|c|\u2606alcatel999|nao\n|c|\u2606alcatel999|es de cinde\n|\n|t:|1699674225\n|move|p2a: Xerneas|Thunderbolt|p1a: Annihilape\n|-supereffective|p1a: Annihilape\n|-damage|p1a: Annihilape|0 fnt\n|faint|p1a: Annihilape\n|\n|upkeep\n|c|\u2606DiosPanzer|No geomancy?\n|\n|t:|1699674237\n|switch|p1a: Banette|Banette, F|100\/100\n|turn|4\n|\n|t:|1699674246\n|detailschange|p1a: Banette|Banette-Mega, F\n|-mega|p1a: Banette|Banette|Banettite\n|move|p1a: Banette|Taunt|p2a: Xerneas\n|-start|p2a: Xerneas|move: Taunt\n|move|p2a: Xerneas|Moonblast|p1a: Banette\n|-damage|p1a: Banette|25\/100\n|\n|upkeep\n|turn|5\n|c|\u2606DiosPanzer|A la\n|c|\u2606DiosPanzer|El da\u00f1o\n|\n|t:|1699674264\n|switch|p2a: Zacian|Zacian-Crowned|100\/100\n|-ability|p2a: Zacian|Intrepid Sword|boost\n|-boost|p2a: Zacian|atk|1\n|move|p1a: Banette|Destiny Bond|p1a: Banette\n|-singlemove|p1a: Banette|Destiny Bond\n|\n|upkeep\n|turn|6\n|\n|t:|1699674272\n|move|p1a: Banette|Taunt|p2a: Zacian\n|-start|p2a: Zacian|move: Taunt\n|cant|p2a: Zacian|move: Taunt|Swords Dance\n|\n|upkeep\n|turn|7\n|c|\u2606DiosPanzer|Predict\n|\n|t:|1699674283\n|switch|p2a: Arceus|Arceus-Fairy|100\/100\n|move|p1a: Banette|Destiny Bond|p1a: Banette\n|-singlemove|p1a: Banette|Destiny Bond\n|\n|upkeep\n|turn|8\n|c|\u2606alcatel999|queres que sacrifique\n|\n|t:|1699674290\n|move|p2a: Arceus|Extreme Speed|p1a: Banette\n|-immune|p1a: Banette\n|move|p1a: Banette|Taunt|p2a: Arceus\n|-start|p2a: Arceus|move: Taunt\n|\n|upkeep\n|turn|9\n|c|\u2606DiosPanzer|Bruh\n|\n|t:|1699674302\n|move|p1a: Banette|Destiny Bond|p1a: Banette\n|-singlemove|p1a: Banette|Destiny Bond\n|move|p2a: Arceus|Flare Blitz|p1a: Banette\n|-damage|p1a: Banette|0 fnt\n|faint|p1a: Banette\n|-activate|p1a: Banette|move: Destiny Bond\n|faint|p2a: Arceus\n|\n|upkeep\n|c|\u2606alcatel999|Es por el destiny\n|c|\u2606DiosPanzer|Mate a dios\n|\n|t:|1699674319\n|switch|p2a: Zacian|Zacian-Crowned|100\/100\n|switch|p1a: Mimikyu|Mimikyu, F, shiny|100\/100\n|turn|10\n|\n|t:|1699674331\n|move|p2a: Zacian|Behemoth Blade|p1a: Mimikyu\n|-activate|p1a: Mimikyu|ability: Disguise\n|-damage|p1a: Mimikyu|100\/100\n|detailschange|p1a: Mimikyu|Mimikyu-Busted, F, shiny\n|-damage|p1a: Mimikyu|88\/100|[from] pokemon: Mimikyu-Busted\n|move|p1a: Mimikyu|Swords Dance|p1a: Mimikyu\n|-boost|p1a: Mimikyu|atk|2\n|\n|upkeep\n|turn|11\n|\n|t:|1699674346\n|move|p1a: Mimikyu|Shadow Sneak|p2a: Zacian\n|-crit|p2a: Zacian\n|-damage|p2a: Zacian|56\/100\n|move|p2a: Zacian|Swords Dance|p2a: Zacian\n|-boost|p2a: Zacian|atk|2\n|\n|upkeep\n|turn|12\n|c|\u2606DiosPanzer|a\n|\n|t:|1699674353\n|move|p1a: Mimikyu|Shadow Sneak|p2a: Zacian\n|-damage|p2a: Zacian|27\/100\n|move|p2a: Zacian|Behemoth Blade|p1a: Mimikyu\n|-supereffective|p1a: Mimikyu\n|-damage|p1a: Mimikyu|0 fnt\n|faint|p1a: Mimikyu\n|\n|upkeep\n|c|\u2606DiosPanzer|rroz\n|\n|t:|1699674361\n|switch|p1a: Skeledirge|Skeledirge, F|100\/100\n|turn|13\n|c|\u2606DiosPanzer|Confio en skeleGOD (no es cierto)\n|\n|t:|1699674374\n|move|p2a: Zacian|Play Rough|p1a: Skeledirge\n|-resisted|p1a: Skeledirge\n|-damage|p1a: Skeledirge|77\/100\n|move|p1a: Skeledirge|Torch Song|p2a: Zacian\n|-supereffective|p2a: Zacian\n|-damage|p2a: Zacian|0 fnt\n|-boost|p1a: Skeledirge|spa|1\n|faint|p2a: Zacian\n|\n|-heal|p1a: Skeledirge|83\/100|[from] item: Leftovers\n|upkeep\n|c|\u2606DiosPanzer|A la\n|c|\u2606DiosPanzer|No hace nada\n|\n|t:|1699674382\n|switch|p2a: Flutter Mane|Flutter Mane|100\/100\n|-enditem|p2a: Flutter Mane|Booster Energy\n|-activate|p2a: Flutter Mane|ability: Protosynthesis|[fromitem]\n|-start|p2a: Flutter Mane|protosynthesisspe\n|turn|14\n|c|\u2606DiosPanzer|Como que un cabron fantasma\n|\n|t:|1699674394\n|-terastallize|p2a: Flutter Mane|Fire\n|move|p2a: Flutter Mane|Calm Mind|p2a: Flutter Mane\n|-boost|p2a: Flutter Mane|spa|1\n|-boost|p2a: Flutter Mane|spd|1\n|move|p1a: Skeledirge|Torch Song|p2a: Flutter Mane\n|-resisted|p2a: Flutter Mane\n|-damage|p2a: Flutter Mane|77\/100\n|-boost|p1a: Skeledirge|spa|1\n|\n|-heal|p1a: Skeledirge|89\/100|[from] item: Leftovers\n|upkeep\n|turn|15\n|c|\u2606DiosPanzer|A la\n|c|\u2606DiosPanzer|Predict\n|\n|t:|1699674408\n|move|p2a: Flutter Mane|Shadow Ball|p1a: Skeledirge\n|-supereffective|p1a: Skeledirge\n|-damage|p1a: Skeledirge|31\/100\n|move|p1a: Skeledirge|Hex|p2a: Flutter Mane\n|-damage|p2a: Flutter Mane|25\/100\n|\n|-heal|p1a: Skeledirge|37\/100|[from] item: Leftovers\n|upkeep\n|turn|16\n|c|\u2606DiosPanzer|SkeleGOD\n|c|\u2606alcatel999|Como aguanta\n|c|\u2606alcatel999|gaus\n|\n|t:|1699674424\n|move|p2a: Flutter Mane|Shadow Ball|p1a: Skeledirge\n|-supereffective|p1a: Skeledirge\n|-damage|p1a: Skeledirge|0 fnt\n|faint|p1a: Skeledirge\n|\n|upkeep\n|\n|t:|1699674429\n|switch|p1a: Corsola|Corsola-Galar, F, shiny|100\/100\n|turn|17\n|\n|t:|1699674443\n|move|p2a: Flutter Mane|Shadow Ball|p1a: Corsola\n|-supereffective|p1a: Corsola\n|-damage|p1a: Corsola|33\/100\n|move|p1a: Corsola|Night Shade|p2a: Flutter Mane\n|-damage|p2a: Flutter Mane|0 fnt\n|faint|p2a: Flutter Mane\n|-end|p2a: Flutter Mane|Protosynthesis|[silent]\n|\n|upkeep\n|c|\u2606DiosPanzer|Matematicas rapidas\n|\n|t:|1699674454\n|switch|p2a: Xerneas|Xerneas|100\/100\n|-ability|p2a: Xerneas|Fairy Aura\n|turn|18\n|\n|t:|1699674462\n|move|p2a: Xerneas|Moonblast|p1a: Corsola\n|-crit|p1a: Corsola\n|-damage|p1a: Corsola|0 fnt\n|faint|p1a: Corsola\n|\n|upkeep\n|c|\u2606DiosPanzer|Chale\n|c|\u2606DiosPanzer|Capaz aguantaba sin el critico (no creo)\n|\n|t:|1699674475\n|switch|p1a: Aegislash|Aegislash, F, shiny|100\/100\n|turn|19\n|\n|t:|1699674483\n|move|p2a: Xerneas|Thunderbolt|p1a: Aegislash\n|-damage|p1a: Aegislash|78\/100\n|-formechange|p1a: Aegislash|Aegislash-Blade||[from] ability: Stance Change\n|move|p1a: Aegislash|Iron Head|p2a: Xerneas\n|-supereffective|p2a: Xerneas\n|-damage|p2a: Xerneas|19\/100\n|\n|-heal|p1a: Aegislash|84\/100|[from] item: Leftovers\n|upkeep\n|turn|20\n|\n|t:|1699674492\n|move|p1a: Aegislash|Shadow Sneak|p2a: Xerneas\n|-damage|p2a: Xerneas|0 fnt\n|faint|p2a: Xerneas\n|\n|-heal|p1a: Aegislash|90\/100|[from] item: Leftovers\n|upkeep\n|\n|t:|1699674494\n|switch|p2a: Magearna|Magearna|100\/100\n|turn|21\n|c|\u2606DiosPanzer|Waos\n|\n|t:|1699674499\n|-formechange|p1a: Aegislash|Aegislash||[from] ability: Stance Change\n|move|p1a: Aegislash|King's Shield|p1a: Aegislash\n|-singleturn|p1a: Aegislash|Protect\n|move|p2a: Magearna|Iron Defense|p2a: Magearna\n|-boost|p2a: Magearna|def|2\n|\n|-heal|p1a: Aegislash|96\/100|[from] item: Leftovers\n|upkeep\n|turn|22\n|c|\u2606DiosPanzer|Chae\n|c|\u2606DiosPanzer|Chale\n|c|\u2606DiosPanzer|Ya no creo ganar\n|\n|t:|1699674512\n|move|p2a: Magearna|Calm Mind|p2a: Magearna\n|-boost|p2a: Magearna|spa|1\n|-boost|p2a: Magearna|spd|1\n|move|p1a: Aegislash|Swords Dance|p1a: Aegislash\n|-boost|p1a: Aegislash|atk|2\n|\n|-heal|p1a: Aegislash|100\/100|[from] item: Leftovers\n|upkeep\n|turn|23\n|\n|t:|1699674519\n|move|p2a: Magearna|Iron Defense|p2a: Magearna\n|-boost|p2a: Magearna|def|2\n|-formechange|p1a: Aegislash|Aegislash-Blade||[from] ability: Stance Change\n|move|p1a: Aegislash|Iron Head|p2a: Magearna\n|-damage|p2a: Magearna|75\/100\n|\n|-heal|p2a: Magearna|81\/100|[from] item: Leftovers\n|upkeep\n|turn|24\n|c|\u2606DiosPanzer|Le mete critico\n|c|\u2606DiosPanzer|Te imaginas\n|\n|t:|1699674531\n|-formechange|p1a: Aegislash|Aegislash||[from] ability: Stance Change\n|move|p1a: Aegislash|King's Shield|p1a: Aegislash\n|-singleturn|p1a: Aegislash|Protect\n|move|p2a: Magearna|Iron Defense|p2a: Magearna\n|-boost|p2a: Magearna|def|2\n|\n|-heal|p2a: Magearna|87\/100|[from] item: Leftovers\n|upkeep\n|turn|25\n|c|\u2606alcatel999|waos\n|\n|t:|1699674539\n|move|p2a: Magearna|Draining Kiss|p1a: Aegislash\n|-resisted|p1a: Aegislash\n|-damage|p1a: Aegislash|86\/100\n|-heal|p2a: Magearna|97\/100|[from] drain|[of] p1a: Aegislash\n|-formechange|p1a: Aegislash|Aegislash-Blade||[from] ability: Stance Change\n|move|p1a: Aegislash|Iron Head|p2a: Magearna\n|-damage|p2a: Magearna|78\/100\n|\n|-heal|p2a: Magearna|84\/100|[from] item: Leftovers\n|-heal|p1a: Aegislash|92\/100|[from] item: Leftovers\n|upkeep\n|turn|26\n|c|\u2606DiosPanzer|Ya no hay esperanza\n|\n|t:|1699674551\n|move|p2a: Magearna|Calm Mind|p2a: Magearna\n|-boost|p2a: Magearna|spa|1\n|-boost|p2a: Magearna|spd|1\n|move|p1a: Aegislash|Iron Head|p2a: Magearna\n|-damage|p2a: Magearna|66\/100\n|\n|-heal|p2a: Magearna|72\/100|[from] item: Leftovers\n|-heal|p1a: Aegislash|98\/100|[from] item: Leftovers\n|upkeep\n|turn|27\n|\n|t:|1699674560\n|move|p2a: Magearna|Flash Cannon|p1a: Aegislash\n|-resisted|p1a: Aegislash\n|-damage|p1a: Aegislash|25\/100\n|move|p1a: Aegislash|Iron Head|p2a: Magearna\n|-damage|p2a: Magearna|54\/100\n|\n|-heal|p2a: Magearna|60\/100|[from] item: Leftovers\n|-heal|p1a: Aegislash|31\/100|[from] item: Leftovers\n|upkeep\n|turn|28\n|\n|t:|1699674569\n|-formechange|p1a: Aegislash|Aegislash||[from] ability: Stance Change\n|move|p1a: Aegislash|King's Shield|p1a: Aegislash\n|-singleturn|p1a: Aegislash|Protect\n|move|p2a: Magearna|Draining Kiss|p1a: Aegislash\n|-activate|p1a: Aegislash|move: Protect\n|-unboost|p2a: Magearna|atk|1\n|\n|-heal|p2a: Magearna|66\/100|[from] item: Leftovers\n|-heal|p1a: Aegislash|37\/100|[from] item: Leftovers\n|upkeep\n|turn|29\n|\n|t:|1699674579\n|move|p2a: Magearna|Flash Cannon|p1a: Aegislash\n|-resisted|p1a: Aegislash\n|-damage|p1a: Aegislash|6\/100\n|-formechange|p1a: Aegislash|Aegislash-Blade||[from] ability: Stance Change\n|move|p1a: Aegislash|Iron Head|p2a: Magearna\n|-crit|p2a: Magearna\n|-damage|p2a: Magearna|0 fnt\n|faint|p2a: Magearna\n|\n|win|DiosPanzer\n|c|\u2606alcatel999|Lol\n|c|\u2606DiosPanzer|GG\n|c|\u2606alcatel999|XD\n|c|\u2606alcatel999|gg\n|c|\u2606DiosPanzer|XD\n|c|\u2606alcatel999|soy na mrd\n|l|\u2606alcatel999\n","uploadtime":1699674602,"views":7,"p1id":"diospanzer","p2id":"alcatel999","formatid":"gen9nationaldexubers","rating":0,"private":0,"password":""}