{"id":"gen9nationaldexubers-1983689182","p1":"Malice Incarnate","p2":"PsiFi","format":"[Gen 9] National Dex Ubers","log":"|j|\u2606Malice Incarnate\n|j|\u2606PsiFi\n|t:|1699161307\n|gametype|singles\n|player|p1|Malice Incarnate|palmer|\n|player|p2|PsiFi|steven|\n|teamsize|p1|6\n|teamsize|p2|6\n|gen|9\n|tier|[Gen 9] National Dex Ubers\n|rule|HP Percentage Mod: HP is shown in percentages\n|rule|Endless Battle Clause: Forcing endless battles is banned\n|rule|OHKO Clause: OHKO moves are banned\n|rule|Evasion Moves Clause: Evasion moves are banned\n|rule|Evasion Items Clause: Evasion items are banned\n|rule|Species Clause: Limit one of each Pok\u00e9mon\n|rule|Sleep Clause Mod: Limit one foe put to sleep\n|rule|Mega Rayquaza Clause: You cannot mega evolve Rayquaza\n|clearpoke\n|poke|p1|Scizor, M|\n|poke|p1|Landorus-Therian, M|\n|poke|p1|Greninja-*, M|\n|poke|p1|Corviknight, F|\n|poke|p1|Blissey, F|\n|poke|p1|Conkeldurr, M|\n|poke|p2|Sableye, F|\n|poke|p2|Dragapult, F|\n|poke|p2|Aegislash, M|\n|poke|p2|Lunala|\n|poke|p2|Gholdengo|\n|poke|p2|Skeledirge, F|\n|teampreview\n|inactive|Battle timer is ON: inactive players will automatically lose when time's up. (requested by Malice Incarnate)\n|c|\u2606PsiFi|glhf\n|c|\u2606Malice Incarnate|tera drag corv\n|\n|t:|1699161326\n|start\n|switch|p1a: Greninja|Greninja, M|100\/100\n|switch|p2a: Sableye|Sableye, F|100\/100\n|turn|1\n|\n|t:|1699161335\n|detailschange|p2a: Sableye|Sableye-Mega, F\n|-mega|p2a: Sableye|Sableye|Sablenite\n|move|p1a: Greninja|U-turn|p2a: Sableye\n|-start|p1a: Greninja|typechange|Bug|[from] ability: Protean\n|-damage|p2a: Sableye|75\/100\n|\n|t:|1699161340\n|switch|p1a: Blissey|Blissey, F|100\/100|[from] U-turn\n|move|p2a: Sableye|Foul Play|p1a: Blissey\n|-damage|p1a: Blissey|98\/100\n|\n|upkeep\n|turn|2\n|\n|t:|1699161346\n|move|p2a: Sableye|Taunt|p1a: Blissey\n|-start|p1a: Blissey|move: Taunt\n|cant|p1a: Blissey|move: Taunt|Teleport\n|\n|upkeep\n|turn|3\n|\n|t:|1699161353\n|switch|p1a: Corviknight|Corviknight, F|100\/100\n|-ability|p1a: Corviknight|Pressure\n|switch|p2a: Dragapult|Dragapult, F, shiny|100\/100\n|\n|upkeep\n|turn|4\n|\n|t:|1699161360\n|move|p2a: Dragapult|Substitute|p2a: Dragapult\n|-start|p2a: Dragapult|Substitute\n|-damage|p2a: Dragapult|76\/100\n|move|p1a: Corviknight|Brave Bird|p2a: Dragapult\n|-end|p2a: Dragapult|Substitute\n|-damage|p1a: Corviknight|94\/100|[from] Recoil|[of] p2a: Dragapult\n|\n|-heal|p2a: Dragapult|82\/100|[from] item: Leftovers\n|upkeep\n|turn|5\n|\n|t:|1699161370\n|switch|p2a: Skeledirge|Skeledirge, F|100\/100\n|move|p1a: Corviknight|Brave Bird|p2a: Skeledirge\n|-damage|p2a: Skeledirge|80\/100\n|-damage|p1a: Corviknight|87\/100|[from] Recoil\n|\n|-heal|p2a: Skeledirge|86\/100|[from] item: Leftovers\n|upkeep\n|turn|6\n|\n|t:|1699161379\n|switch|p1a: Conkeldurr|Conkeldurr, M|100\/100\n|move|p2a: Skeledirge|Torch Song|p1a: Conkeldurr\n|-damage|p1a: Conkeldurr|66\/100\n|-boost|p2a: Skeledirge|spa|1\n|\n|-heal|p2a: Skeledirge|92\/100|[from] item: Leftovers\n|-status|p1a: Conkeldurr|brn|[from] item: Flame Orb\n|upkeep\n|turn|7\n|\n|t:|1699161389\n|move|p2a: Skeledirge|Torch Song|p1a: Conkeldurr\n|-damage|p1a: Conkeldurr|10\/100 brn\n|-boost|p2a: Skeledirge|spa|1\n|move|p1a: Conkeldurr|Knock Off|p2a: Skeledirge\n|-supereffective|p2a: Skeledirge\n|-damage|p2a: Skeledirge|26\/100\n|-enditem|p2a: Skeledirge|Leftovers|[from] move: Knock Off|[of] p1a: Conkeldurr\n|\n|-damage|p1a: Conkeldurr|4\/100 brn|[from] brn\n|upkeep\n|turn|8\n|\n|t:|1699161401\n|move|p2a: Skeledirge|Slack Off|p2a: Skeledirge\n|-heal|p2a: Skeledirge|76\/100\n|move|p1a: Conkeldurr|Earthquake|p2a: Skeledirge\n|-supereffective|p2a: Skeledirge\n|-damage|p2a: Skeledirge|6\/100\n|\n|-damage|p1a: Conkeldurr|0 fnt|[from] brn\n|faint|p1a: Conkeldurr\n|upkeep\n|\n|t:|1699161409\n|switch|p1a: Greninja|Greninja, M|100\/100\n|turn|9\n|\n|t:|1699161418\n|switch|p2a: Sableye|Sableye-Mega, F|75\/100\n|move|p1a: Greninja|Dark Pulse|p2a: Sableye\n|-start|p1a: Greninja|typechange|Dark|[from] ability: Protean\n|-damage|p2a: Sableye|53\/100\n|\n|upkeep\n|turn|10\n|\n|t:|1699161424\n|switch|p1a: Scizor|Scizor, M|100\/100\n|move|p2a: Sableye|Recover|p2a: Sableye\n|-heal|p2a: Sableye|100\/100\n|\n|upkeep\n|turn|11\n|\n|t:|1699161428\n|detailschange|p1a: Scizor|Scizor-Mega, M\n|-mega|p1a: Scizor|Scizor|Scizorite\n|move|p1a: Scizor|U-turn|p2a: Sableye\n|-damage|p2a: Sableye|71\/100\n|\n|t:|1699161435\n|switch|p1a: Greninja|Greninja, M|100\/100|[from] U-turn\n|move|p2a: Sableye|Will-O-Wisp|p1a: Greninja\n|-status|p1a: Greninja|brn\n|\n|-damage|p1a: Greninja|95\/100 brn|[from] brn\n|upkeep\n|turn|12\n|\n|t:|1699161442\n|move|p1a: Greninja|Ice Beam|p2a: Sableye\n|-start|p1a: Greninja|typechange|Ice|[from] ability: Protean\n|-damage|p2a: Sableye|46\/100\n|move|p2a: Sableye|Recover|p2a: Sableye\n|-heal|p2a: Sableye|96\/100\n|\n|-damage|p1a: Greninja|89\/100 brn|[from] brn\n|upkeep\n|turn|13\n|\n|t:|1699161450\n|switch|p1a: Corviknight|Corviknight, F|87\/100\n|-ability|p1a: Corviknight|Pressure\n|switch|p2a: Skeledirge|Skeledirge, F|6\/100\n|\n|upkeep\n|turn|14\n|\n|t:|1699161456\n|move|p1a: Corviknight|Brave Bird|p2a: Skeledirge\n|-damage|p2a: Skeledirge|0 fnt\n|faint|p2a: Skeledirge\n|-damage|p1a: Corviknight|85\/100|[from] Recoil\n|\n|upkeep\n|\n|t:|1699161463\n|switch|p2a: Lunala|Lunala|100\/100\n|turn|15\n|\n|t:|1699161468\n|move|p2a: Lunala|Moongeist Beam|p1a: Corviknight\n|-damage|p1a: Corviknight|44\/100\n|move|p1a: Corviknight|U-turn|p2a: Lunala\n|-damage|p2a: Lunala|95\/100\n|\n|t:|1699161477\n|switch|p1a: Greninja|Greninja, M|89\/100 brn|[from] U-turn\n|\n|-damage|p1a: Greninja|83\/100 brn|[from] brn\n|upkeep\n|turn|16\n|\n|t:|1699161481\n|switch|p2a: Sableye|Sableye-Mega, F|96\/100\n|move|p1a: Greninja|Dark Pulse|p2a: Sableye\n|-start|p1a: Greninja|typechange|Dark|[from] ability: Protean\n|-damage|p2a: Sableye|73\/100\n|\n|-damage|p1a: Greninja|77\/100 brn|[from] brn\n|upkeep\n|turn|17\n|\n|t:|1699161488\n|switch|p1a: Blissey|Blissey, F|98\/100\n|move|p2a: Sableye|Foul Play|p1a: Blissey\n|-damage|p1a: Blissey|95\/100\n|\n|upkeep\n|turn|18\n|\n|t:|1699161496\n|switch|p1a: Landorus|Landorus-Therian, M|100\/100\n|-ability|p1a: Landorus|Intimidate|boost\n|-unboost|p2a: Sableye|atk|1\n|move|p2a: Sableye|Taunt|p1a: Landorus\n|-start|p1a: Landorus|move: Taunt\n|\n|upkeep\n|turn|19\n|\n|t:|1699161502\n|move|p1a: Landorus|Earthquake|p2a: Sableye\n|-damage|p2a: Sableye|22\/100\n|move|p2a: Sableye|Will-O-Wisp|p1a: Landorus|[miss]\n|-miss|p2a: Sableye|p1a: Landorus\n|\n|upkeep\n|turn|20\n|c|\u2606Malice Incarnate|huge\n|c|\u2606PsiFi|:(\n|\n|t:|1699161527\n|switch|p2a: Lunala|Lunala|95\/100\n|move|p1a: Landorus|Earthquake|p2a: Lunala\n|-damage|p2a: Lunala|51\/100\n|\n|-end|p1a: Landorus|move: Taunt\n|upkeep\n|turn|21\n|c|\u2606Malice Incarnate|i built poorly and im still bing chilling\n|\n|t:|1699161539\n|switch|p1a: Scizor|Scizor-Mega, M|100\/100\n|move|p2a: Lunala|Roost|p2a: Lunala\n|-heal|p2a: Lunala|100\/100\n|-singleturn|p2a: Lunala|move: Roost\n|\n|upkeep\n|turn|22\n|\n|t:|1699161544\n|-zpower|p2a: Lunala\n|move|p2a: Lunala|Menacing Moonraze Maelstrom|p1a: Scizor|[zeffect]\n|-damage|p1a: Scizor|17\/100\n|move|p1a: Scizor|U-turn|p2a: Lunala\n|-damage|p2a: Lunala|88\/100\n|\n|t:|1699161553\n|switch|p1a: Greninja|Greninja, M|77\/100 brn|[from] U-turn\n|\n|-damage|p1a: Greninja|71\/100 brn|[from] brn\n|upkeep\n|turn|23\n|\n|t:|1699161561\n|switch|p2a: Sableye|Sableye-Mega, F|22\/100\n|move|p1a: Greninja|Dark Pulse|p2a: Sableye\n|-start|p1a: Greninja|typechange|Dark|[from] ability: Protean\n|-damage|p2a: Sableye|0 fnt\n|faint|p2a: Sableye\n|\n|-damage|p1a: Greninja|65\/100 brn|[from] brn\n|upkeep\n|\n|t:|1699161567\n|switch|p2a: Gholdengo|Gholdengo|100\/100\n|turn|24\n|\n|t:|1699161570\n|move|p1a: Greninja|Dark Pulse|p2a: Gholdengo\n|-supereffective|p2a: Gholdengo\n|-damage|p2a: Gholdengo|27\/100\n|move|p2a: Gholdengo|Dazzling Gleam|p1a: Greninja\n|-supereffective|p1a: Greninja\n|-damage|p1a: Greninja|0 fnt\n|faint|p1a: Greninja\n|\n|upkeep\n|\n|t:|1699161580\n|switch|p1a: Landorus|Landorus-Therian, M|100\/100\n|-ability|p1a: Landorus|Intimidate|boost\n|-unboost|p2a: Gholdengo|atk|1\n|turn|25\n|\n|t:|1699161589\n|move|p2a: Gholdengo|Dazzling Gleam|p1a: Landorus\n|-damage|p1a: Landorus|64\/100\n|move|p1a: Landorus|Earthquake|p2a: Gholdengo\n|-supereffective|p2a: Gholdengo\n|-damage|p2a: Gholdengo|0 fnt\n|faint|p2a: Gholdengo\n|\n|upkeep\n|\n|t:|1699161595\n|switch|p2a: Lunala|Lunala|88\/100\n|turn|26\n|\n|t:|1699161600\n|move|p1a: Landorus|Earthquake|p2a: Lunala\n|-damage|p2a: Lunala|40\/100\n|move|p2a: Lunala|Moongeist Beam|p1a: Landorus\n|-damage|p1a: Landorus|9\/100\n|\n|upkeep\n|turn|27\n|\n|t:|1699161612\n|switch|p2a: Aegislash|Aegislash, M|100\/100\n|move|p1a: Landorus|Earthquake|p2a: Aegislash\n|-supereffective|p2a: Aegislash\n|-damage|p2a: Aegislash|13\/100\n|\n|-heal|p2a: Aegislash|19\/100|[from] item: Leftovers\n|upkeep\n|turn|28\n|\n|t:|1699161619\n|switch|p1a: Blissey|Blissey, F|95\/100\n|move|p2a: Aegislash|King's Shield||[still]\n|-fail|p2a: Aegislash\n|\n|-heal|p2a: Aegislash|26\/100|[from] item: Leftovers\n|upkeep\n|turn|29\n|\n|t:|1699161625\n|move|p2a: Aegislash|Substitute|p2a: Aegislash\n|-start|p2a: Aegislash|Substitute\n|-damage|p2a: Aegislash|1\/100\n|move|p1a: Blissey|Counter||[still]\n|-fail|p1a: Blissey\n|\n|-heal|p2a: Aegislash|7\/100|[from] item: Leftovers\n|upkeep\n|turn|30\n|\n|t:|1699161629\n|move|p2a: Aegislash|Toxic|p1a: Blissey\n|-status|p1a: Blissey|tox\n|move|p1a: Blissey|Teleport|p1a: Blissey\n|\n|t:|1699161634\n|-curestatus|p1a: Blissey|tox|[from] ability: Natural Cure\n|switch|p1a: Corviknight|Corviknight, F|44\/100|[from] Teleport\n|-ability|p1a: Corviknight|Pressure\n|\n|-heal|p2a: Aegislash|13\/100|[from] item: Leftovers\n|upkeep\n|turn|31\n|\n|t:|1699161640\n|move|p2a: Aegislash|King's Shield|p2a: Aegislash\n|-singleturn|p2a: Aegislash|Protect\n|move|p1a: Corviknight|Roost|p1a: Corviknight\n|-heal|p1a: Corviknight|94\/100\n|-singleturn|p1a: Corviknight|move: Roost\n|\n|-heal|p2a: Aegislash|19\/100|[from] item: Leftovers\n|upkeep\n|turn|32\n|\n|t:|1699161646\n|move|p1a: Corviknight|U-turn|p2a: Aegislash\n|-resisted|p2a: Aegislash\n|-activate|p2a: Aegislash|move: Substitute|[damage]\n|\n|t:|1699161651\n|switch|p1a: Blissey|Blissey, F|95\/100|[from] U-turn\n|-formechange|p2a: Aegislash|Aegislash-Blade||[from] ability: Stance Change\n|move|p2a: Aegislash|Flash Cannon|p1a: Blissey\n|-crit|p1a: Blissey\n|-damage|p1a: Blissey|73\/100\n|\n|-heal|p2a: Aegislash|26\/100|[from] item: Leftovers\n|upkeep\n|turn|33\n|\n|t:|1699161659\n|move|p2a: Aegislash|Toxic|p1a: Blissey\n|-status|p1a: Blissey|tox\n|move|p1a: Blissey|Teleport|p1a: Blissey\n|\n|t:|1699161664\n|-curestatus|p1a: Blissey|tox|[from] ability: Natural Cure\n|switch|p1a: Scizor|Scizor-Mega, M|17\/100|[from] Teleport\n|\n|-heal|p2a: Aegislash|32\/100|[from] item: Leftovers\n|upkeep\n|turn|34\n|\n|t:|1699161669\n|move|p1a: Scizor|Roost|p1a: Scizor\n|-heal|p1a: Scizor|68\/100\n|-singleturn|p1a: Scizor|move: Roost\n|move|p2a: Aegislash|Flash Cannon|p1a: Scizor\n|-resisted|p1a: Scizor\n|-damage|p1a: Scizor|52\/100\n|\n|-heal|p2a: Aegislash|38\/100|[from] item: Leftovers\n|upkeep\n|turn|35\n|\n|t:|1699161677\n|-formechange|p2a: Aegislash|Aegislash||[from] ability: Stance Change\n|move|p2a: Aegislash|King's Shield|p2a: Aegislash\n|-singleturn|p2a: Aegislash|Protect\n|move|p1a: Scizor|Roost|p1a: Scizor\n|-heal|p1a: Scizor|100\/100\n|-singleturn|p1a: Scizor|move: Roost\n|\n|-heal|p2a: Aegislash|44\/100|[from] item: Leftovers\n|upkeep\n|turn|36\n|\n|t:|1699161684\n|move|p1a: Scizor|Swords Dance|p1a: Scizor\n|-boost|p1a: Scizor|atk|2\n|-formechange|p2a: Aegislash|Aegislash-Blade||[from] ability: Stance Change\n|move|p2a: Aegislash|Flash Cannon|p1a: Scizor\n|-resisted|p1a: Scizor\n|-damage|p1a: Scizor|84\/100\n|\n|-heal|p2a: Aegislash|50\/100|[from] item: Leftovers\n|upkeep\n|turn|37\n|\n|t:|1699161697\n|move|p1a: Scizor|Swords Dance|p1a: Scizor\n|-boost|p1a: Scizor|atk|2\n|move|p2a: Aegislash|Flash Cannon|p1a: Scizor\n|-resisted|p1a: Scizor\n|-damage|p1a: Scizor|68\/100\n|\n|-heal|p2a: Aegislash|57\/100|[from] item: Leftovers\n|upkeep\n|turn|38\n|\n|t:|1699161700\n|-formechange|p2a: Aegislash|Aegislash||[from] ability: Stance Change\n|move|p2a: Aegislash|King's Shield|p2a: Aegislash\n|-singleturn|p2a: Aegislash|Protect\n|move|p1a: Scizor|Roost|p1a: Scizor\n|-heal|p1a: Scizor|100\/100\n|-singleturn|p1a: Scizor|move: Roost\n|\n|-heal|p2a: Aegislash|63\/100|[from] item: Leftovers\n|upkeep\n|turn|39\n|\n|t:|1699161707\n|move|p1a: Scizor|Bullet Punch|p2a: Aegislash\n|-resisted|p2a: Aegislash\n|-end|p2a: Aegislash|Substitute\n|-formechange|p2a: Aegislash|Aegislash-Blade||[from] ability: Stance Change\n|move|p2a: Aegislash|Flash Cannon|p1a: Scizor\n|-resisted|p1a: Scizor\n|-damage|p1a: Scizor|83\/100\n|-unboost|p1a: Scizor|spd|1\n|\n|-heal|p2a: Aegislash|69\/100|[from] item: Leftovers\n|upkeep\n|turn|40\n|\n|t:|1699161716\n|-formechange|p2a: Aegislash|Aegislash||[from] ability: Stance Change\n|move|p2a: Aegislash|King's Shield|p2a: Aegislash\n|-singleturn|p2a: Aegislash|Protect\n|move|p1a: Scizor|Swords Dance|p1a: Scizor\n|-boost|p1a: Scizor|atk|2\n|\n|-heal|p2a: Aegislash|75\/100|[from] item: Leftovers\n|upkeep\n|turn|41\n|\n|t:|1699161724\n|move|p2a: Aegislash|King's Shield|p2a: Aegislash\n|-singleturn|p2a: Aegislash|Protect\n|move|p1a: Scizor|Bullet Punch|p2a: Aegislash\n|-activate|p2a: Aegislash|move: Protect\n|-unboost|p1a: Scizor|atk|1\n|\n|-heal|p2a: Aegislash|81\/100|[from] item: Leftovers\n|upkeep\n|turn|42\n|\n|t:|1699161731\n|move|p1a: Scizor|Bullet Punch|p2a: Aegislash\n|-resisted|p2a: Aegislash\n|-damage|p2a: Aegislash|38\/100\n|-formechange|p2a: Aegislash|Aegislash-Blade||[from] ability: Stance Change\n|move|p2a: Aegislash|Flash Cannon|p1a: Scizor\n|-resisted|p1a: Scizor\n|-damage|p1a: Scizor|58\/100\n|\n|-heal|p2a: Aegislash|44\/100|[from] item: Leftovers\n|upkeep\n|turn|43\n|\n|t:|1699161739\n|-formechange|p2a: Aegislash|Aegislash||[from] ability: Stance Change\n|move|p2a: Aegislash|King's Shield|p2a: Aegislash\n|-singleturn|p2a: Aegislash|Protect\n|move|p1a: Scizor|Roost|p1a: Scizor\n|-heal|p1a: Scizor|100\/100\n|-singleturn|p1a: Scizor|move: Roost\n|\n|-heal|p2a: Aegislash|50\/100|[from] item: Leftovers\n|upkeep\n|turn|44\n|\n|t:|1699161747\n|move|p1a: Scizor|Swords Dance|p1a: Scizor\n|-boost|p1a: Scizor|atk|1\n|-formechange|p2a: Aegislash|Aegislash-Blade||[from] ability: Stance Change\n|move|p2a: Aegislash|Flash Cannon|p1a: Scizor\n|-resisted|p1a: Scizor\n|-damage|p1a: Scizor|78\/100\n|\n|-heal|p2a: Aegislash|56\/100|[from] item: Leftovers\n|upkeep\n|turn|45\n|\n|t:|1699161755\n|-formechange|p2a: Aegislash|Aegislash||[from] ability: Stance Change\n|move|p2a: Aegislash|King's Shield|p2a: Aegislash\n|-singleturn|p2a: Aegislash|Protect\n|move|p1a: Scizor|Roost|p1a: Scizor\n|-heal|p1a: Scizor|100\/100\n|-singleturn|p1a: Scizor|move: Roost\n|\n|-heal|p2a: Aegislash|62\/100|[from] item: Leftovers\n|upkeep\n|turn|46\n|\n|t:|1699161763\n|move|p2a: Aegislash|King's Shield||[still]\n|-fail|p2a: Aegislash\n|move|p1a: Scizor|Bullet Punch|p2a: Aegislash\n|-resisted|p2a: Aegislash\n|-damage|p2a: Aegislash|17\/100\n|\n|-heal|p2a: Aegislash|23\/100|[from] item: Leftovers\n|upkeep\n|turn|47\n|\n|t:|1699161768\n|move|p2a: Aegislash|King's Shield|p2a: Aegislash\n|-singleturn|p2a: Aegislash|Protect\n|move|p1a: Scizor|Bullet Punch|p2a: Aegislash\n|-activate|p2a: Aegislash|move: Protect\n|-unboost|p1a: Scizor|atk|1\n|\n|-heal|p2a: Aegislash|29\/100|[from] item: Leftovers\n|upkeep\n|turn|48\n|\n|t:|1699161777\n|move|p1a: Scizor|Bullet Punch|p2a: Aegislash\n|-resisted|p2a: Aegislash\n|-damage|p2a: Aegislash|0 fnt\n|faint|p2a: Aegislash\n|\n|upkeep\n|\n|t:|1699161792\n|switch|p2a: Lunala|Lunala|40\/100\n|turn|49\n|\n|t:|1699161796\n|move|p1a: Scizor|Bullet Punch|p2a: Lunala\n|-damage|p2a: Lunala|0 fnt\n|faint|p2a: Lunala\n|\n|upkeep\n|\n|t:|1699161799\n|switch|p2a: Dragapult|Dragapult, F, shiny|82\/100\n|turn|50\n|c|\u2606Malice Incarnate|gg\n|\n|t:|1699161802\n|-terastallize|p2a: Dragapult|Ghost\n|move|p1a: Scizor|Bullet Punch|p2a: Dragapult\n|-crit|p2a: Dragapult\n|-damage|p2a: Dragapult|0 fnt\n|faint|p2a: Dragapult\n|\n|win|Malice Incarnate\n|c|\u2606PsiFi|gg\n","uploadtime":1699161810,"views":15,"p1id":"maliceincarnate","p2id":"psifi","formatid":"gen9nationaldexubers","rating":0,"private":0,"password":""}