{"id":"gen9nationaldexubers-1989763445","p1":"bepsi-can","p2":"Dragonnightwing","format":"[Gen 9] National Dex Ubers","log":"|j|\u2606bepsi-can\n|j|\u2606Dragonnightwing\n|t:|1699893683\n|gametype|singles\n|player|p1|bepsi-can|elesa|\n|player|p2|Dragonnightwing|lance|\n|teamsize|p1|6\n|teamsize|p2|6\n|gen|9\n|tier|[Gen 9] National Dex Ubers\n|rule|HP Percentage Mod: HP is shown in percentages\n|rule|Endless Battle Clause: Forcing endless battles is banned\n|rule|OHKO Clause: OHKO moves are banned\n|rule|Evasion Moves Clause: Evasion moves are banned\n|rule|Evasion Items Clause: Evasion items are banned\n|rule|Species Clause: Limit one of each Pok\u00e9mon\n|rule|Sleep Clause Mod: Limit one foe put to sleep\n|rule|Mega Rayquaza Clause: You cannot mega evolve Rayquaza\n|clearpoke\n|poke|p1|Serperior, M|\n|poke|p1|Ditto|\n|poke|p1|Hatterene, F|\n|poke|p1|Porygon-Z|\n|poke|p1|Skeledirge, M|\n|poke|p1|Barraskewda, M|\n|poke|p2|Maushold-Four|\n|poke|p2|Malamar, F|\n|poke|p2|Orthworm, M|\n|poke|p2|Toxapex, F|\n|poke|p2|Dragonite, M|\n|poke|p2|Mamoswine, F|\n|teampreview\n|inactive|Battle timer is ON: inactive players will automatically lose when time's up. (requested by bepsi-can)\n|inactiveoff|Battle timer is now OFF.\n|\n|t:|1699893704\n|start\n|switch|p1a: Heeheehee|Hatterene, F|100\/100\n|switch|p2a: Picket fence lyfe|Maushold-Four|100\/100\n|turn|1\n|\n|t:|1699893714\n|move|p2a: Picket fence lyfe|Crunch|p1a: Heeheehee\n|-damage|p1a: Heeheehee|84\/100\n|move|p1a: Heeheehee|Draining Kiss|p2a: Picket fence lyfe\n|-damage|p2a: Picket fence lyfe|66\/100\n|-heal|p1a: Heeheehee|100\/100|[from] drain|[of] p2a: Picket fence lyfe\n|\n|upkeep\n|turn|2\n|j| El!te 00f\n|c| El!te 00f|lemme invite people\n|c|\u2606bepsi-can|go ahead\n|c|\u2606bepsi-can|i can wait\n|\n|t:|1699893733\n|move|p2a: Picket fence lyfe|Population Bomb|p1a: Heeheehee\n|-damage|p1a: Heeheehee|92\/100\n|-damage|p1a: Heeheehee|83\/100\n|-damage|p1a: Heeheehee|74\/100\n|-damage|p1a: Heeheehee|65\/100\n|-hitcount|p1a: Heeheehee|4\n|move|p1a: Heeheehee|Psyshock|p2a: Picket fence lyfe\n|-damage|p2a: Picket fence lyfe|11\/100\n|\n|-heal|p1a: Heeheehee|71\/100|[from] item: Leftovers\n|upkeep\n|turn|3\n|\n|t:|1699893746\n|move|p2a: Picket fence lyfe|Rest|p2a: Picket fence lyfe\n|-status|p2a: Picket fence lyfe|slp|[from] move: Rest\n|-heal|p2a: Picket fence lyfe|100\/100 slp|[silent]\n|move|p1a: Heeheehee|Draining Kiss|p2a: Picket fence lyfe\n|-damage|p2a: Picket fence lyfe|65\/100 slp\n|-heal|p1a: Heeheehee|95\/100|[from] drain|[of] p2a: Picket fence lyfe\n|\n|-heal|p1a: Heeheehee|100\/100|[from] item: Leftovers\n|upkeep\n|turn|4\n|\n|t:|1699893758\n|cant|p2a: Picket fence lyfe|slp\n|move|p2a: Picket fence lyfe|Sleep Talk|p2a: Picket fence lyfe\n|move|p2a: Picket fence lyfe|Population Bomb|p1a: Heeheehee|[from]move: Sleep Talk\n|-damage|p1a: Heeheehee|91\/100\n|-damage|p1a: Heeheehee|83\/100\n|-crit|p1a: Heeheehee\n|-damage|p1a: Heeheehee|70\/100\n|-damage|p1a: Heeheehee|62\/100\n|-hitcount|p1a: Heeheehee|4\n|move|p1a: Heeheehee|Calm Mind|p1a: Heeheehee\n|-boost|p1a: Heeheehee|spa|1\n|-boost|p1a: Heeheehee|spd|1\n|\n|-heal|p1a: Heeheehee|67\/100|[from] item: Leftovers\n|upkeep\n|turn|5\n|\n|t:|1699893774\n|cant|p2a: Picket fence lyfe|slp\n|move|p2a: Picket fence lyfe|Sleep Talk|p2a: Picket fence lyfe\n|move|p2a: Picket fence lyfe|Rest||[from]move: Sleep Talk|[still]\n|-fail|p2a: Picket fence lyfe\n|move|p1a: Heeheehee|Draining Kiss|p2a: Picket fence lyfe\n|-damage|p2a: Picket fence lyfe|14\/100 slp\n|-heal|p1a: Heeheehee|100\/100|[from] drain|[of] p2a: Picket fence lyfe\n|\n|upkeep\n|turn|6\n|\n|t:|1699893784\n|-curestatus|p2a: Picket fence lyfe|slp|[msg]\n|move|p2a: Picket fence lyfe|Rest|p2a: Picket fence lyfe\n|-status|p2a: Picket fence lyfe|slp|[from] move: Rest\n|-heal|p2a: Picket fence lyfe|100\/100 slp|[silent]\n|move|p1a: Heeheehee|Draining Kiss|p2a: Picket fence lyfe\n|-damage|p2a: Picket fence lyfe|50\/100 slp\n|\n|upkeep\n|turn|7\n|\n|t:|1699893795\n|cant|p2a: Picket fence lyfe|slp\n|move|p2a: Picket fence lyfe|Sleep Talk|p2a: Picket fence lyfe\n|move|p2a: Picket fence lyfe|Population Bomb|p1a: Heeheehee|[from]move: Sleep Talk\n|-damage|p1a: Heeheehee|92\/100\n|-damage|p1a: Heeheehee|83\/100\n|-damage|p1a: Heeheehee|74\/100\n|-damage|p1a: Heeheehee|65\/100\n|-damage|p1a: Heeheehee|57\/100\n|-damage|p1a: Heeheehee|47\/100\n|-damage|p1a: Heeheehee|39\/100\n|-damage|p1a: Heeheehee|31\/100\n|-damage|p1a: Heeheehee|21\/100\n|-damage|p1a: Heeheehee|12\/100\n|-hitcount|p1a: Heeheehee|10\n|move|p1a: Heeheehee|Draining Kiss|p2a: Picket fence lyfe\n|-damage|p2a: Picket fence lyfe|0 fnt\n|-heal|p1a: Heeheehee|46\/100|[from] drain|[of] p2a: Picket fence lyfe\n|faint|p2a: Picket fence lyfe\n|\n|-heal|p1a: Heeheehee|52\/100|[from] item: Leftovers\n|upkeep\n|\n|t:|1699893823\n|switch|p2a: Sarge|Toxapex, F|100\/100\n|turn|8\n|\n|t:|1699893835\n|move|p2a: Sarge|Baneful Bunker|p2a: Sarge\n|-singleturn|p2a: Sarge|move: Protect\n|move|p1a: Heeheehee|Psyshock|p2a: Sarge\n|-activate|p2a: Sarge|move: Protect\n|\n|-heal|p1a: Heeheehee|58\/100|[from] item: Leftovers\n|upkeep\n|turn|9\n|\n|t:|1699893848\n|move|p2a: Sarge|Knock Off|p1a: Heeheehee\n|-damage|p1a: Heeheehee|39\/100\n|-enditem|p1a: Heeheehee|Leftovers|[from] move: Knock Off|[of] p2a: Sarge\n|move|p1a: Heeheehee|Psyshock|p2a: Sarge\n|-supereffective|p2a: Sarge\n|-damage|p2a: Sarge|23\/100\n|\n|-heal|p2a: Sarge|29\/100|[from] item: Leftovers\n|upkeep\n|turn|10\n|\n|t:|1699893859\n|move|p2a: Sarge|Toxic Spikes|p1a: Heeheehee\n|move|p1a: Heeheehee|Toxic Spikes|p2a: Sarge|[from]ability: Magic Bounce\n|-sidestart|p2: Dragonnightwing|move: Toxic Spikes\n|move|p1a: Heeheehee|Draining Kiss|p2a: Sarge\n|-resisted|p2a: Sarge\n|-crit|p2a: Sarge\n|-damage|p2a: Sarge|8\/100\n|-heal|p1a: Heeheehee|54\/100|[from] drain|[of] p2a: Sarge\n|\n|-heal|p2a: Sarge|15\/100|[from] item: Leftovers\n|upkeep\n|turn|11\n|\n|t:|1699893871\n|move|p2a: Sarge|Liquidation|p1a: Heeheehee\n|-damage|p1a: Heeheehee|28\/100\n|move|p1a: Heeheehee|Psyshock|p2a: Sarge\n|-supereffective|p2a: Sarge\n|-damage|p2a: Sarge|0 fnt\n|faint|p2a: Sarge\n|\n|upkeep\n|\n|t:|1699893881\n|switch|p2a: Squirmy|Orthworm, M|100\/100\n|turn|12\n|j| femurdeeznuts\n|\n|t:|1699893887\n|move|p2a: Squirmy|Earthquake|p1a: Heeheehee\n|-damage|p1a: Heeheehee|4\/100\n|move|p1a: Heeheehee|Mystical Fire|p2a: Squirmy\n|-supereffective|p2a: Squirmy\n|-damage|p2a: Squirmy|32\/100\n|-unboost|p2a: Squirmy|spa|1\n|\n|upkeep\n|turn|13\n|\n|t:|1699893898\n|move|p2a: Squirmy|Iron Head|p1a: Heeheehee\n|-supereffective|p1a: Heeheehee\n|-damage|p1a: Heeheehee|0 fnt\n|faint|p1a: Heeheehee\n|\n|upkeep\n|\n|t:|1699893906\n|switch|p1a: Swimmity Swim|Barraskewda, M|100\/100\n|turn|14\n|c|\u2606bepsi-can|holay molay\n|\n|t:|1699893919\n|move|p1a: Swimmity Swim|Liquidation|p2a: Squirmy\n|-damage|p2a: Squirmy|0 fnt\n|faint|p2a: Squirmy\n|\n|upkeep\n|\n|t:|1699893930\n|switch|p2a: Muahaha|Malamar, F|100\/100\n|-status|p2a: Muahaha|psn\n|turn|15\n|\n|t:|1699893943\n|move|p1a: Swimmity Swim|Liquidation|p2a: Muahaha\n|-crit|p2a: Muahaha\n|-damage|p2a: Muahaha|16\/100 psn\n|-damage|p1a: Swimmity Swim|84\/100|[from] item: Rocky Helmet|[of] p2a: Muahaha\n|move|p2a: Muahaha|Facade|p1a: Swimmity Swim\n|-damage|p1a: Swimmity Swim|1\/100\n|\n|-damage|p2a: Muahaha|4\/100 psn|[from] psn\n|upkeep\n|turn|16\n|c|\u2606bepsi-can|holay molay\n|\n|t:|1699893955\n|move|p1a: Swimmity Swim|Liquidation|p2a: Muahaha\n|-damage|p2a: Muahaha|0 fnt\n|-damage|p1a: Swimmity Swim|0 fnt|[from] item: Rocky Helmet|[of] p2a: Muahaha\n|faint|p2a: Muahaha\n|faint|p1a: Swimmity Swim\n|\n|upkeep\n|\n|t:|1699893971\n|switch|p1a: Poor E Gone Zee|Porygon-Z|100\/100\n|switch|p2a: Kiba|Dragonite, M|100\/100\n|-ability|p1a: Poor E Gone Zee|Download|boost\n|-boost|p1a: Poor E Gone Zee|atk|1\n|turn|17\n|\n|t:|1699893980\n|move|p1a: Poor E Gone Zee|Tri Attack|p2a: Kiba\n|-damage|p2a: Kiba|79\/100\n|move|p2a: Kiba|Dragon Dance|p2a: Kiba\n|-boost|p2a: Kiba|atk|1\n|-boost|p2a: Kiba|spe|1\n|\n|upkeep\n|turn|18\n|\n|t:|1699893988\n|move|p2a: Kiba|Extreme Speed|p1a: Poor E Gone Zee\n|-damage|p1a: Poor E Gone Zee|30\/100\n|move|p1a: Poor E Gone Zee|Tri Attack|p2a: Kiba\n|-damage|p2a: Kiba|36\/100\n|\n|upkeep\n|turn|19\n|\n|t:|1699894003\n|move|p2a: Kiba|Dragon Rush|p1a: Poor E Gone Zee\n|-damage|p1a: Poor E Gone Zee|0 fnt\n|faint|p1a: Poor E Gone Zee\n|\n|upkeep\n|\n|t:|1699894007\n|switch|p1a: Eddie|Ditto|100\/100\n|-transform|p1a: Eddie|p2a: Kiba|[from] ability: Imposter\n|turn|20\n|\n|t:|1699894014\n|move|p1a: Eddie|Extreme Speed|p2a: Kiba\n|-damage|p2a: Kiba|0 fnt\n|faint|p2a: Kiba\n|\n|upkeep\n|\n|t:|1699894021\n|switch|p2a: Mimo|Mamoswine, F|100\/100\n|-status|p2a: Mimo|psn\n|turn|21\n|\n|t:|1699894027\n|-terastallize|p1a: Eddie|Normal\n|move|p1a: Eddie|Extreme Speed|p2a: Mimo\n|-damage|p2a: Mimo|38\/100 psn\n|move|p2a: Mimo|Icicle Crash|p1a: Eddie\n|-damage|p1a: Eddie|74\/100\n|\n|-damage|p2a: Mimo|25\/100 psn|[from] psn\n|upkeep\n|turn|22\n|\n|t:|1699894040\n|move|p1a: Eddie|Extreme Speed|p2a: Mimo\n|-damage|p2a: Mimo|0 fnt\n|faint|p2a: Mimo\n|\n|win|bepsi-can\n|c|\u2606bepsi-can|1-0\n|l|\u2606bepsi-can\n|c|\u2606Dragonnightwing|Gg\n","uploadtime":1699894048,"views":9,"p1id":"bepsican","p2id":"dragonnightwing","formatid":"gen9nationaldexubers","rating":0,"private":0,"password":""}