{"id":"gen9nationaldexubers-1992634850","p1":"Rhyfinn 07","p2":"guiguistebe","format":"[Gen 9] National Dex Ubers","log":"|j|\u2606Rhyfinn 07\n|j|\u2606guiguistebe\n|t:|1700218158\n|gametype|singles\n|player|p1|Rhyfinn 07|ninjaboy|1114\n|player|p2|guiguistebe|fisherman-gen4|1098\n|teamsize|p1|6\n|teamsize|p2|6\n|gen|9\n|tier|[Gen 9] National Dex Ubers\n|rated|\n|rule|HP Percentage Mod: HP is shown in percentages\n|rule|Endless Battle Clause: Forcing endless battles is banned\n|rule|OHKO Clause: OHKO moves are banned\n|rule|Evasion Moves Clause: Evasion moves are banned\n|rule|Evasion Items Clause: Evasion items are banned\n|rule|Species Clause: Limit one of each Pok\u00e9mon\n|rule|Sleep Clause Mod: Limit one foe put to sleep\n|rule|Mega Rayquaza Clause: You cannot mega evolve Rayquaza\n|clearpoke\n|poke|p1|Xerneas-*|\n|poke|p1|Marshadow|\n|poke|p1|Groudon|\n|poke|p1|Deoxys-Speed|\n|poke|p1|Necrozma-Dusk-Mane|\n|poke|p1|Pheromosa|\n|poke|p2|Groudon, L99|\n|poke|p2|Ho-Oh|\n|poke|p2|Torkoal, F|\n|poke|p2|Exeggutor, M|\n|poke|p2|Gigalith, M|\n|poke|p2|Rotom-Wash|\n|teampreview\n|inactive|Battle timer is ON: inactive players will automatically lose when time's up. (requested by Rhyfinn 07)\n|\n|t:|1700218169\n|start\n|switch|p1a: Deoxys|Deoxys-Speed, shiny|100\/100\n|switch|p2a: \u65b0\u65f6\u4ee3\u6674\u5929\u961f\u961f\u957f|Torkoal, F|100\/100\n|-ability|p1a: Deoxys|Pressure\n|-weather|SunnyDay|[from] ability: Drought|[of] p2a: \u65b0\u65f6\u4ee3\u6674\u5929\u961f\u961f\u957f\n|turn|1\n|\n|t:|1700218187\n|move|p1a: Deoxys|Taunt|p2a: \u65b0\u65f6\u4ee3\u6674\u5929\u961f\u961f\u957f\n|-start|p2a: \u65b0\u65f6\u4ee3\u6674\u5929\u961f\u961f\u957f|move: Taunt\n|move|p2a: \u65b0\u65f6\u4ee3\u6674\u5929\u961f\u961f\u957f|Flamethrower|p1a: Deoxys\n|-damage|p1a: Deoxys|48\/100\n|\n|-weather|SunnyDay|[upkeep]\n|upkeep\n|turn|2\n|\n|t:|1700218197\n|move|p1a: Deoxys|Stealth Rock|p2a: \u65b0\u65f6\u4ee3\u6674\u5929\u961f\u961f\u957f\n|-sidestart|p2: guiguistebe|move: Stealth Rock\n|move|p2a: \u65b0\u65f6\u4ee3\u6674\u5929\u961f\u961f\u957f|Flamethrower|p1a: Deoxys\n|-damage|p1a: Deoxys|0 fnt\n|faint|p1a: Deoxys\n|\n|-weather|SunnyDay|[upkeep]\n|upkeep\n|\n|t:|1700218201\n|switch|p1a: Groudon|Groudon, shiny|100\/100\n|detailschange|p1a: Groudon|Groudon-Primal, shiny\n|-primal|p1a: Groudon|Red Orb\n|-weather|DesolateLand|[from] ability: Desolate Land|[of] p1a: Groudon\n|turn|3\n|\n|t:|1700218212\n|move|p1a: Groudon|Rock Polish|p1a: Groudon\n|-boost|p1a: Groudon|spe|2\n|move|p2a: \u65b0\u65f6\u4ee3\u6674\u5929\u961f\u961f\u957f|Explosion|p1a: Groudon\n|-damage|p1a: Groudon|69\/100\n|faint|p2a: \u65b0\u65f6\u4ee3\u6674\u5929\u961f\u961f\u957f\n|\n|-weather|DesolateLand|[upkeep]\n|upkeep\n|\n|t:|1700218227\n|switch|p2a: \u6211\u8981\u98de\u516c\u53f8\u673a\u68b0\u8bbe\u8ba1\u5e08|Rotom-Wash|100\/100\n|-damage|p2a: \u6211\u8981\u98de\u516c\u53f8\u673a\u68b0\u8bbe\u8ba1\u5e08|88\/100|[from] Stealth Rock\n|turn|4\n|\n|t:|1700218231\n|move|p1a: Groudon|Solar Beam||[still]\n|-prepare|p1a: Groudon|Solar Beam\n|-anim|p1a: Groudon|Solar Beam|p2a: \u6211\u8981\u98de\u516c\u53f8\u673a\u68b0\u8bbe\u8ba1\u5e08\n|-supereffective|p2a: \u6211\u8981\u98de\u516c\u53f8\u673a\u68b0\u8bbe\u8ba1\u5e08\n|-damage|p2a: \u6211\u8981\u98de\u516c\u53f8\u673a\u68b0\u8bbe\u8ba1\u5e08|0 fnt\n|faint|p2a: \u6211\u8981\u98de\u516c\u53f8\u673a\u68b0\u8bbe\u8ba1\u5e08\n|\n|-weather|DesolateLand|[upkeep]\n|upkeep\n|\n|t:|1700218238\n|switch|p2a: \u6211\u8981\u98de\u516c\u53f8\u6444\u5f71\u5e08|Ho-Oh|100\/100\n|turn|5\n|\n|t:|1700218241\n|move|p1a: Groudon|Flamethrower|p2a: \u6211\u8981\u98de\u516c\u53f8\u6444\u5f71\u5e08\n|-resisted|p2a: \u6211\u8981\u98de\u516c\u53f8\u6444\u5f71\u5e08\n|-damage|p2a: \u6211\u8981\u98de\u516c\u53f8\u6444\u5f71\u5e08|75\/100\n|move|p2a: \u6211\u8981\u98de\u516c\u53f8\u6444\u5f71\u5e08|Dual Wingbeat|p1a: Groudon|[miss]\n|-miss|p2a: \u6211\u8981\u98de\u516c\u53f8\u6444\u5f71\u5e08|p1a: Groudon\n|\n|-weather|DesolateLand|[upkeep]\n|upkeep\n|turn|6\n|\n|t:|1700218249\n|move|p1a: Groudon|Flamethrower|p2a: \u6211\u8981\u98de\u516c\u53f8\u6444\u5f71\u5e08\n|-resisted|p2a: \u6211\u8981\u98de\u516c\u53f8\u6444\u5f71\u5e08\n|-damage|p2a: \u6211\u8981\u98de\u516c\u53f8\u6444\u5f71\u5e08|51\/100\n|move|p2a: \u6211\u8981\u98de\u516c\u53f8\u6444\u5f71\u5e08|Brave Bird|p1a: Groudon\n|-damage|p1a: Groudon|21\/100\n|-damage|p2a: \u6211\u8981\u98de\u516c\u53f8\u6444\u5f71\u5e08|37\/100|[from] Recoil\n|\n|-weather|DesolateLand|[upkeep]\n|upkeep\n|turn|7\n|\n|t:|1700218259\n|move|p1a: Groudon|Flamethrower|p2a: \u6211\u8981\u98de\u516c\u53f8\u6444\u5f71\u5e08\n|-resisted|p2a: \u6211\u8981\u98de\u516c\u53f8\u6444\u5f71\u5e08\n|-damage|p2a: \u6211\u8981\u98de\u516c\u53f8\u6444\u5f71\u5e08|14\/100\n|move|p2a: \u6211\u8981\u98de\u516c\u53f8\u6444\u5f71\u5e08|Roost|p2a: \u6211\u8981\u98de\u516c\u53f8\u6444\u5f71\u5e08\n|-heal|p2a: \u6211\u8981\u98de\u516c\u53f8\u6444\u5f71\u5e08|64\/100\n|-singleturn|p2a: \u6211\u8981\u98de\u516c\u53f8\u6444\u5f71\u5e08|move: Roost\n|\n|-weather|DesolateLand|[upkeep]\n|upkeep\n|turn|8\n|\n|t:|1700218266\n|-weather|none\n|switch|p1a: Xerneas|Xerneas|100\/100\n|-ability|p1a: Xerneas|Fairy Aura\n|move|p2a: \u6211\u8981\u98de\u516c\u53f8\u6444\u5f71\u5e08|Dual Wingbeat|p1a: Xerneas\n|-damage|p1a: Xerneas|79\/100\n|-damage|p1a: Xerneas|58\/100\n|-hitcount|p1a: Xerneas|2\n|\n|upkeep\n|turn|9\n|\n|t:|1700218277\n|-terastallize|p2a: \u6211\u8981\u98de\u516c\u53f8\u6444\u5f71\u5e08|Steel\n|move|p1a: Xerneas|Geomancy||[still]\n|-prepare|p1a: Xerneas|Geomancy\n|-enditem|p1a: Xerneas|Power Herb\n|-anim|p1a: Xerneas|Geomancy|p1a: Xerneas\n|-boost|p1a: Xerneas|spa|2\n|-boost|p1a: Xerneas|spd|2\n|-boost|p1a: Xerneas|spe|2\n|move|p2a: \u6211\u8981\u98de\u516c\u53f8\u6444\u5f71\u5e08|Brave Bird|p1a: Xerneas\n|-damage|p1a: Xerneas|4\/100\n|-damage|p2a: \u6211\u8981\u98de\u516c\u53f8\u6444\u5f71\u5e08|45\/100|[from] Recoil\n|\n|upkeep\n|turn|10\n|\n|t:|1700218290\n|switch|p2a: \u4e0d\u4f1a\u98de\u4fdd\u62a4\u534f\u4f1a\u4f1a\u957f|Groudon, L99|100\/100\n|-damage|p2a: \u4e0d\u4f1a\u98de\u4fdd\u62a4\u534f\u4f1a\u4f1a\u957f|94\/100|[from] Stealth Rock\n|detailschange|p2a: \u4e0d\u4f1a\u98de\u4fdd\u62a4\u534f\u4f1a\u4f1a\u957f|Groudon-Primal, L99\n|-primal|p2a: \u4e0d\u4f1a\u98de\u4fdd\u62a4\u534f\u4f1a\u4f1a\u957f|Red Orb\n|-weather|DesolateLand|[from] ability: Desolate Land|[of] p2a: \u4e0d\u4f1a\u98de\u4fdd\u62a4\u534f\u4f1a\u4f1a\u957f\n|move|p1a: Xerneas|Hidden Power|p2a: \u4e0d\u4f1a\u98de\u4fdd\u62a4\u534f\u4f1a\u4f1a\u957f\n|-resisted|p2a: \u4e0d\u4f1a\u98de\u4fdd\u62a4\u534f\u4f1a\u4f1a\u957f\n|-damage|p2a: \u4e0d\u4f1a\u98de\u4fdd\u62a4\u534f\u4f1a\u4f1a\u957f|71\/100\n|\n|-weather|DesolateLand|[upkeep]\n|upkeep\n|turn|11\n|\n|t:|1700218302\n|move|p1a: Xerneas|Moonblast|p2a: \u4e0d\u4f1a\u98de\u4fdd\u62a4\u534f\u4f1a\u4f1a\u957f\n|-resisted|p2a: \u4e0d\u4f1a\u98de\u4fdd\u62a4\u534f\u4f1a\u4f1a\u957f\n|-damage|p2a: \u4e0d\u4f1a\u98de\u4fdd\u62a4\u534f\u4f1a\u4f1a\u957f|23\/100\n|move|p2a: \u4e0d\u4f1a\u98de\u4fdd\u62a4\u534f\u4f1a\u4f1a\u957f|Earthquake|p1a: Xerneas\n|-crit|p1a: Xerneas\n|-damage|p1a: Xerneas|0 fnt\n|faint|p1a: Xerneas\n|\n|-weather|DesolateLand|[upkeep]\n|upkeep\n|\n|t:|1700218315\n|switch|p1a: Marshadow|Marshadow|100\/100\n|turn|12\n|\n|t:|1700218321\n|move|p1a: Marshadow|Spectral Thief|p2a: \u4e0d\u4f1a\u98de\u4fdd\u62a4\u534f\u4f1a\u4f1a\u957f\n|-damage|p2a: \u4e0d\u4f1a\u98de\u4fdd\u62a4\u534f\u4f1a\u4f1a\u957f|0 fnt\n|faint|p2a: \u4e0d\u4f1a\u98de\u4fdd\u62a4\u534f\u4f1a\u4f1a\u957f\n|-weather|none\n|\n|upkeep\n|\n|t:|1700218329\n|switch|p2a: \u4e0d\u4f1a\u98de\u4fdd\u62a4\u534f\u4f1a\u4e8c\u7ea7\u6210\u5458|Gigalith, M|100\/100\n|-damage|p2a: \u4e0d\u4f1a\u98de\u4fdd\u62a4\u534f\u4f1a\u4e8c\u7ea7\u6210\u5458|88\/100|[from] Stealth Rock\n|-weather|Sandstorm|[from] ability: Sand Stream|[of] p2a: \u4e0d\u4f1a\u98de\u4fdd\u62a4\u534f\u4f1a\u4e8c\u7ea7\u6210\u5458\n|turn|13\n|\n|t:|1700218340\n|move|p1a: Marshadow|Close Combat|p2a: \u4e0d\u4f1a\u98de\u4fdd\u62a4\u534f\u4f1a\u4e8c\u7ea7\u6210\u5458\n|-supereffective|p2a: \u4e0d\u4f1a\u98de\u4fdd\u62a4\u534f\u4f1a\u4e8c\u7ea7\u6210\u5458\n|-damage|p2a: \u4e0d\u4f1a\u98de\u4fdd\u62a4\u534f\u4f1a\u4e8c\u7ea7\u6210\u5458|2\/100\n|-unboost|p1a: Marshadow|def|1\n|-unboost|p1a: Marshadow|spd|1\n|move|p2a: \u4e0d\u4f1a\u98de\u4fdd\u62a4\u534f\u4f1a\u4e8c\u7ea7\u6210\u5458|Stealth Rock|p1a: Marshadow\n|-sidestart|p1: Rhyfinn 07|move: Stealth Rock\n|\n|-weather|Sandstorm|[upkeep]\n|-damage|p1a: Marshadow|94\/100|[from] Sandstorm\n|-heal|p2a: \u4e0d\u4f1a\u98de\u4fdd\u62a4\u534f\u4f1a\u4e8c\u7ea7\u6210\u5458|8\/100|[from] item: Leftovers\n|upkeep\n|turn|14\n|-message|guiguistebe forfeited.\n|\n|win|Rhyfinn 07\n|raw|Rhyfinn 07's rating: 1114 &rarr; <strong>1136<\/strong><br \/>(+22 for winning)\n|raw|guiguistebe's rating: 1075 &rarr; <strong>1056<\/strong><br \/>(-19 for losing)\n|l|\u2606guiguistebe\n","uploadtime":1700218354,"views":7,"p1id":"rhyfinn07","p2id":"guiguistebe","formatid":"gen9nationaldexubers","rating":1056,"private":0,"password":""}