{"id":"gen9nationaldexubers-1996950193","p1":"TigerKing Tarun","p2":"09-10a","format":"[Gen 9] National Dex Ubers","log":"|j|\u2606TigerKing Tarun\n|j|\u260609-10a\n|t:|1700748659\n|gametype|singles\n|player|p1|TigerKing Tarun|red|1475\n|player|p2|09-10a|schoolkid-gen4dp|1732\n|teamsize|p1|6\n|teamsize|p2|6\n|gen|9\n|tier|[Gen 9] National Dex Ubers\n|rated|\n|rule|HP Percentage Mod: HP is shown in percentages\n|rule|Endless Battle Clause: Forcing endless battles is banned\n|rule|OHKO Clause: OHKO moves are banned\n|rule|Evasion Moves Clause: Evasion moves are banned\n|rule|Evasion Items Clause: Evasion items are banned\n|rule|Species Clause: Limit one of each Pok\u00e9mon\n|rule|Sleep Clause Mod: Limit one foe put to sleep\n|rule|Mega Rayquaza Clause: You cannot mega evolve Rayquaza\n|clearpoke\n|poke|p1|Melmetal|\n|poke|p1|Cresselia, F|\n|poke|p1|Regidrago|\n|poke|p1|Hatterene, F|\n|poke|p1|Arceus|\n|poke|p1|Basculegion, M|\n|poke|p2|Marshadow|\n|poke|p2|Ho-Oh|\n|poke|p2|Necrozma-Dusk-Mane|\n|poke|p2|Groudon, L99|\n|poke|p2|Arceus-Ground|\n|poke|p2|Yveltal|\n|teampreview\n|inactive|Battle timer is ON: inactive players will automatically lose when time's up. (requested by 09-10a)\n|inactive|09-10a has 120 seconds left.\n|inactive|09-10a has 90 seconds left.\n|\n|t:|1700748736\n|start\n|switch|p1a: \u87ba\u5e3d|Hatterene, F|100\/100\n|switch|p2a: Ho-Oh|Ho-Oh, shiny|100\/100\n|turn|1\n|\n|t:|1700748744\n|move|p2a: Ho-Oh|Sacred Fire|p1a: \u87ba\u5e3d\n|-damage|p1a: \u87ba\u5e3d|36\/100\n|-status|p1a: \u87ba\u5e3d|brn\n|move|p1a: \u87ba\u5e3d|Nuzzle|p2a: Ho-Oh\n|-supereffective|p2a: Ho-Oh\n|-damage|p2a: Ho-Oh|97\/100\n|-status|p2a: Ho-Oh|par\n|\n|-damage|p1a: \u87ba\u5e3d|30\/100 brn|[from] brn\n|upkeep\n|turn|2\n|inactive|09-10a has 120 seconds left.\n|\n|t:|1700748790\n|cant|p2a: Ho-Oh|par\n|move|p1a: \u87ba\u5e3d|Trick Room|p1a: \u87ba\u5e3d\n|-fieldstart|move: Trick Room|[of] p1a: \u87ba\u5e3d\n|\n|-damage|p1a: \u87ba\u5e3d|24\/100 brn|[from] brn\n|upkeep\n|turn|3\n|inactive|09-10a has 90 seconds left.\n|\n|t:|1700748830\n|switch|p2a: Necrozma|Necrozma-Dusk-Mane, shiny|100\/100\n|move|p1a: \u87ba\u5e3d|Healing Wish|p1a: \u87ba\u5e3d\n|faint|p1a: \u87ba\u5e3d\n|\n|upkeep\n|\n|t:|1700748838\n|switch|p1a: Regidrago|Regidrago, shiny|100\/100\n|turn|4\n|inactive|09-10a has 90 seconds left.\n|\n|t:|1700748843\n|-terastallize|p1a: Regidrago|Dragon\n|move|p1a: Regidrago|Dragon Energy|p2a: Necrozma\n|-resisted|p2a: Necrozma\n|-damage|p2a: Necrozma|28\/100\n|move|p2a: Necrozma|Moonlight|p2a: Necrozma\n|-heal|p2a: Necrozma|78\/100\n|\n|upkeep\n|turn|5\n|\n|t:|1700748854\n|move|p1a: Regidrago|Dragon Energy|p2a: Necrozma\n|-resisted|p2a: Necrozma\n|-damage|p2a: Necrozma|11\/100\n|-zpower|p2a: Necrozma\n|move|p2a: Necrozma|Searing Sunraze Smash|p1a: Regidrago|[zeffect]\n|-damage|p1a: Regidrago|0 fnt\n|faint|p1a: Regidrago\n|\n|upkeep\n|inactive|TigerKing Tarun has 120 seconds left.\n|\n|t:|1700748883\n|switch|p1a: \u628a\u4f60\u6376\u6210sb|Melmetal|100\/100\n|turn|6\n|inactive|09-10a has 90 seconds left.\n|\n|t:|1700748920\n|move|p1a: \u628a\u4f60\u6376\u6210sb|Double Iron Bash|p2a: Necrozma\n|-resisted|p2a: Necrozma\n|-damage|p2a: Necrozma|0 fnt\n|faint|p2a: Necrozma\n|-hitcount|p2: Necrozma|1\n|\n|-fieldend|move: Trick Room\n|upkeep\n|\n|t:|1700748923\n|switch|p2a: Groudon|Groudon, L99, shiny|100\/100\n|detailschange|p2a: Groudon|Groudon-Primal, L99, shiny\n|-primal|p2a: Groudon|Red Orb\n|-weather|DesolateLand|[from] ability: Desolate Land|[of] p2a: Groudon\n|turn|7\n|inactive|TigerKing Tarun has 120 seconds left.\n|inactive|09-10a has 60 seconds left.\n|\n|t:|1700748962\n|move|p2a: Groudon|Spikes|p1a: \u628a\u4f60\u6376\u6210sb\n|-sidestart|p1: TigerKing Tarun|Spikes\n|move|p1a: \u628a\u4f60\u6376\u6210sb|Double Iron Bash|p2a: Groudon\n|-resisted|p2a: Groudon\n|-damage|p2a: Groudon|86\/100\n|-resisted|p2a: Groudon\n|-damage|p2a: Groudon|71\/100\n|-hitcount|p2a: Groudon|2\n|\n|-weather|DesolateLand|[upkeep]\n|upkeep\n|turn|8\n|\n|t:|1700748969\n|move|p2a: Groudon|Precipice Blades|p1a: \u628a\u4f60\u6376\u6210sb\n|-supereffective|p1a: \u628a\u4f60\u6376\u6210sb\n|-damage|p1a: \u628a\u4f60\u6376\u6210sb|28\/100\n|move|p1a: \u628a\u4f60\u6376\u6210sb|Double Iron Bash|p2a: Groudon\n|-resisted|p2a: Groudon\n|-damage|p2a: Groudon|56\/100\n|-resisted|p2a: Groudon\n|-damage|p2a: Groudon|40\/100\n|-hitcount|p2a: Groudon|2\n|\n|-weather|DesolateLand|[upkeep]\n|upkeep\n|turn|9\n|inactive|TigerKing Tarun has 120 seconds left.\n|inactive|09-10a has 60 seconds left.\n|inactive|09-10a has 30 seconds left.\n|\n|t:|1700749020\n|switch|p1a: \u7f8e\u68a6|Cresselia, F|100\/100\n|move|p2a: Groudon|Precipice Blades|p1a: \u7f8e\u68a6\n|-immune|p1a: \u7f8e\u68a6|[from] ability: Levitate\n|\n|-weather|DesolateLand|[upkeep]\n|upkeep\n|turn|10\n|inactive|09-10a has 30 seconds left.\n|\n|t:|1700749031\n|move|p1a: \u7f8e\u68a6|Toxic|p2a: Groudon\n|-status|p2a: Groudon|tox\n|move|p2a: Groudon|Dragon Tail|p1a: \u7f8e\u68a6\n|-damage|p1a: \u7f8e\u68a6|88\/100\n|drag|p1a: \u628a\u4f60\u6376\u6210sb|Melmetal|28\/100\n|-heal|p1a: \u628a\u4f60\u6376\u6210sb|100\/100|[from] move: Healing Wish\n|-damage|p1a: \u628a\u4f60\u6376\u6210sb|88\/100|[from] Spikes\n|\n|-weather|DesolateLand|[upkeep]\n|-damage|p2a: Groudon|34\/100 tox|[from] psn\n|upkeep\n|turn|11\n|\n|t:|1700749040\n|move|p2a: Groudon|Spikes|p1a: \u628a\u4f60\u6376\u6210sb\n|-sidestart|p1: TigerKing Tarun|Spikes\n|move|p1a: \u628a\u4f60\u6376\u6210sb|Double Iron Bash|p2a: Groudon\n|-resisted|p2a: Groudon\n|-damage|p2a: Groudon|20\/100 tox\n|-resisted|p2a: Groudon\n|-damage|p2a: Groudon|6\/100 tox\n|-hitcount|p2a: Groudon|2\n|\n|-weather|DesolateLand|[upkeep]\n|-damage|p2a: Groudon|0 fnt|[from] psn\n|faint|p2a: Groudon\n|-weather|none\n|upkeep\n|\n|t:|1700749048\n|switch|p2a: Marshadow|Marshadow|100\/100\n|turn|12\n|\n|t:|1700749051\n|move|p2a: Marshadow|Close Combat|p1a: \u628a\u4f60\u6376\u6210sb\n|-supereffective|p1a: \u628a\u4f60\u6376\u6210sb\n|-damage|p1a: \u628a\u4f60\u6376\u6210sb|0 fnt\n|-unboost|p2a: Marshadow|def|1\n|-unboost|p2a: Marshadow|spd|1\n|faint|p1a: \u628a\u4f60\u6376\u6210sb\n|\n|upkeep\n|inactive|TigerKing Tarun has 120 seconds left.\n|\n|t:|1700749063\n|switch|p1a: \u7f8e\u68a6|Cresselia, F|88\/100\n|turn|13\n|inactive|TigerKing Tarun has 120 seconds left.\n|inactive|09-10a has 60 seconds left.\n|\n|t:|1700749075\n|switch|p2a: Ho-Oh|Ho-Oh, shiny|100\/100 par\n|move|p1a: \u7f8e\u68a6|Trick Room|p1a: \u7f8e\u68a6\n|-fieldstart|move: Trick Room|[of] p1a: \u7f8e\u68a6\n|\n|upkeep\n|turn|14\n|inactive|09-10a has 60 seconds left.\n|inactive|TigerKing Tarun has 120 seconds left.\n|\n|t:|1700749106\n|move|p1a: \u7f8e\u68a6|Lunar Dance|p1a: \u7f8e\u68a6\n|faint|p1a: \u7f8e\u68a6\n|move|p2a: Ho-Oh|Whirlwind|p1: \u7f8e\u68a6|[notarget]\n|-fail|p2a: Ho-Oh\n|\n|upkeep\n|\n|t:|1700749112\n|switch|p1a: Basculegion|Basculegion, M, shiny|100\/100\n|-damage|p1a: Basculegion|84\/100|[from] Spikes\n|turn|15\n|inactive|TigerKing Tarun has 120 seconds left.\n|\n|t:|1700749117\n|move|p1a: Basculegion|Last Respects|p2a: Ho-Oh\n|-damage|p2a: Ho-Oh|0 fnt\n|faint|p2a: Ho-Oh\n|\n|upkeep\n|\n|t:|1700749126\n|switch|p2a: Yveltal|Yveltal, shiny|100\/100\n|-ability|p2a: Yveltal|Dark Aura\n|turn|16\n|\n|t:|1700749136\n|move|p1a: Basculegion|Last Respects|p2a: Yveltal\n|-resisted|p2a: Yveltal\n|-damage|p2a: Yveltal|18\/100\n|move|p2a: Yveltal|Foul Play|p1a: Basculegion\n|-supereffective|p1a: Basculegion\n|-damage|p1a: Basculegion|0 fnt\n|faint|p1a: Basculegion\n|\n|upkeep\n|\n|t:|1700749145\n|switch|p1a: Arceus|Arceus|100\/100\n|-damage|p1a: Arceus|84\/100|[from] Spikes\n|turn|17\n|-message|TigerKing Tarun forfeited.\n|\n|win|09-10a\n|raw|TigerKing Tarun's rating: 1475 &rarr; <strong>1468<\/strong><br \/>(-7 for losing)\n|raw|09-10a's rating: 1740 &rarr; <strong>1747<\/strong><br \/>(+7 for winning)\n|l|\u2606TigerKing Tarun\n|l|\u260609-10a\n","uploadtime":1700749161,"views":1,"p1id":"tigerkingtarun","p2id":"0910a","formatid":"gen9nationaldexubers","rating":1468,"private":0,"password":""}