{"id":"gen9nationaldexubers-1979735931","p1":"TACOB3I","p2":"Siege Team","format":"[Gen 9] National Dex Ubers","log":"|j|\u2606TACOB3I\n|j|\u2606Siege Team\n|t:|1698707935\n|gametype|singles\n|player|p1|TACOB3I|ghetsis|1446\n|player|p2|Siege Team|veteran|1513\n|teamsize|p1|6\n|teamsize|p2|6\n|gen|9\n|tier|[Gen 9] National Dex Ubers\n|rated|\n|rule|HP Percentage Mod: HP is shown in percentages\n|rule|Endless Battle Clause: Forcing endless battles is banned\n|rule|OHKO Clause: OHKO moves are banned\n|rule|Evasion Moves Clause: Evasion moves are banned\n|rule|Evasion Items Clause: Evasion items are banned\n|rule|Species Clause: Limit one of each Pok\u00e9mon\n|rule|Sleep Clause Mod: Limit one foe put to sleep\n|rule|Mega Rayquaza Clause: You cannot mega evolve Rayquaza\n|clearpoke\n|poke|p1|Groudon|\n|poke|p1|Rayquaza|\n|poke|p1|Kangaskhan, F|\n|poke|p1|Kingambit, M|\n|poke|p1|Grimmsnarl, M|\n|poke|p1|Kyogre|\n|poke|p2|Necrozma-Dusk-Mane|\n|poke|p2|Dialga-Origin|\n|poke|p2|Groudon|\n|poke|p2|Rayquaza|\n|poke|p2|Arceus|\n|poke|p2|Eternatus|\n|teampreview\n|inactive|Battle timer is ON: inactive players will automatically lose when time's up. (requested by Siege Team)\n|\n|t:|1698707963\n|start\n|switch|p1a: Groudon|Groudon|100\/100\n|switch|p2a: Groudon|Groudon|100\/100\n|detailschange|p2a: Groudon|Groudon-Primal\n|-primal|p2a: Groudon|Red Orb\n|-weather|DesolateLand|[from] ability: Desolate Land|[of] p2a: Groudon\n|detailschange|p1a: Groudon|Groudon-Primal\n|-primal|p1a: Groudon|Red Orb\n|turn|1\n|\n|t:|1698707975\n|switch|p2a: Rayquaza|Rayquaza|100\/100\n|-ability|p2a: Rayquaza|Air Lock\n|-weather|none\n|switch|p1a: Rayquaza|Rayquaza|100\/100\n|-ability|p1a: Rayquaza|Air Lock\n|\n|upkeep\n|turn|2\n|\n|t:|1698707982\n|move|p2a: Rayquaza|Dragon Pulse|p1a: Rayquaza\n|-supereffective|p1a: Rayquaza\n|-damage|p1a: Rayquaza|10\/100\n|move|p1a: Rayquaza|Draco Meteor|p2a: Rayquaza\n|-supereffective|p2a: Rayquaza\n|-enditem|p2a: Rayquaza|Focus Sash\n|-damage|p2a: Rayquaza|1\/100\n|-unboost|p1a: Rayquaza|spa|2\n|-damage|p1a: Rayquaza|0 fnt|[from] item: Life Orb\n|faint|p1a: Rayquaza\n|\n|upkeep\n|\n|t:|1698707988\n|switch|p1a: Kangaskhan|Kangaskhan, F|100\/100\n|turn|3\n|\n|t:|1698707993\n|switch|p2a: Eternatus|Eternatus|100\/100\n|-ability|p2a: Eternatus|Pressure\n|move|p1a: Kangaskhan|Fake Out|p2a: Eternatus\n|-damage|p2a: Eternatus|89\/100\n|-damage|p1a: Kangaskhan|84\/100|[from] item: Rocky Helmet|[of] p2a: Eternatus\n|\n|upkeep\n|turn|4\n|\n|t:|1698708000\n|detailschange|p1a: Kangaskhan|Kangaskhan-Mega, F\n|-mega|p1a: Kangaskhan|Kangaskhan|Kangaskhanite\n|move|p2a: Eternatus|Reflect|p2a: Eternatus\n|-sidestart|p2: Siege Team|Reflect\n|move|p1a: Kangaskhan|Icy Wind|p2a: Eternatus\n|-supereffective|p2a: Eternatus\n|-damage|p2a: Eternatus|78\/100\n|-unboost|p2a: Eternatus|spe|1\n|-supereffective|p2a: Eternatus\n|-damage|p2a: Eternatus|74\/100\n|-unboost|p2a: Eternatus|spe|1\n|-hitcount|p2a: Eternatus|2\n|\n|upkeep\n|turn|5\n|\n|t:|1698708010\n|switch|p1a: \ud83d\ude08|Grimmsnarl, M|100\/100\n|move|p2a: Eternatus|Dynamax Cannon|p1a: \ud83d\ude08\n|-immune|p1a: \ud83d\ude08\n|\n|upkeep\n|turn|6\n|\n|t:|1698708015\n|move|p1a: \ud83d\ude08|Thunder Wave|p2a: Eternatus\n|-status|p2a: Eternatus|par\n|move|p2a: Eternatus|Toxic|p1a: \ud83d\ude08\n|-status|p1a: \ud83d\ude08|tox\n|\n|-damage|p1a: \ud83d\ude08|94\/100 tox|[from] psn\n|upkeep\n|turn|7\n|\n|t:|1698708023\n|move|p1a: \ud83d\ude08|Taunt|p2a: Eternatus\n|-start|p2a: Eternatus|move: Taunt\n|move|p2a: Eternatus|Mystical Fire|p1a: \ud83d\ude08\n|-damage|p1a: \ud83d\ude08|74\/100 tox\n|-unboost|p1a: \ud83d\ude08|spa|1\n|\n|-damage|p1a: \ud83d\ude08|62\/100 tox|[from] psn\n|upkeep\n|turn|8\n|\n|t:|1698708031\n|move|p1a: \ud83d\ude08|Reflect|p1a: \ud83d\ude08\n|-sidestart|p1: TACOB3I|Reflect\n|move|p2a: Eternatus|Mystical Fire|p1a: \ud83d\ude08\n|-damage|p1a: \ud83d\ude08|43\/100 tox\n|-unboost|p1a: \ud83d\ude08|spa|1\n|\n|-damage|p1a: \ud83d\ude08|24\/100 tox|[from] psn\n|-sideend|p2: Siege Team|Reflect\n|upkeep\n|turn|9\n|\n|t:|1698708042\n|switch|p1a: Kyogre|Kyogre|100\/100\n|detailschange|p1a: Kyogre|Kyogre-Primal\n|-primal|p1a: Kyogre|Blue Orb\n|-weather|PrimordialSea|[from] ability: Primordial Sea|[of] p1a: Kyogre\n|switch|p2a: Arceus|Arceus|100\/100\n|\n|-weather|PrimordialSea|[upkeep]\n|upkeep\n|turn|10\n|\n|t:|1698708055\n|switch|p2a: Groudon|Groudon-Primal|100\/100\n|-weather|DesolateLand|[from] ability: Desolate Land|[of] p2a: Groudon\n|move|p1a: Kyogre|Water Spout||[still]\n|-fail|p1a: Kyogre|Water Spout|[from] Desolate Land\n|\n|-weather|DesolateLand|[upkeep]\n|upkeep\n|turn|11\n|\n|t:|1698708063\n|move|p2a: Groudon|Bulk Up|p2a: Groudon\n|-boost|p2a: Groudon|atk|1\n|-boost|p2a: Groudon|def|1\n|move|p1a: Kyogre|Ice Beam|p2a: Groudon\n|-damage|p2a: Groudon|58\/100\n|\n|-weather|DesolateLand|[upkeep]\n|upkeep\n|turn|12\n|\n|t:|1698708074\n|move|p2a: Groudon|Earthquake|p1a: Kyogre\n|-damage|p1a: Kyogre|54\/100\n|move|p1a: Kyogre|Ice Beam|p2a: Groudon\n|-damage|p2a: Groudon|15\/100\n|\n|-weather|DesolateLand|[upkeep]\n|upkeep\n|turn|13\n|\n|t:|1698708080\n|move|p2a: Groudon|Earthquake|p1a: Kyogre\n|-damage|p1a: Kyogre|5\/100\n|move|p1a: Kyogre|Ice Beam|p2a: Groudon\n|-damage|p2a: Groudon|0 fnt\n|faint|p2a: Groudon\n|-weather|none\n|\n|upkeep\n|\n|t:|1698708088\n|switch|p2a: Rayquaza|Rayquaza|1\/100\n|-ability|p2a: Rayquaza|Air Lock\n|turn|14\n|\n|t:|1698708092\n|switch|p1a: \ud83d\ude08|Grimmsnarl, M|24\/100 tox\n|move|p2a: Rayquaza|Surf|p1a: \ud83d\ude08\n|-damage|p1a: \ud83d\ude08|0 fnt\n|faint|p1a: \ud83d\ude08\n|\n|upkeep\n|\n|t:|1698708094\n|switch|p1a: Kangaskhan|Kangaskhan-Mega, F|84\/100\n|turn|15\n|\n|t:|1698708099\n|switch|p2a: Eternatus|Eternatus|74\/100 par\n|-ability|p2a: Eternatus|Pressure\n|move|p1a: Kangaskhan|Fake Out|p2a: Eternatus\n|-damage|p2a: Eternatus|59\/100 par\n|-damage|p1a: Kangaskhan|68\/100|[from] item: Rocky Helmet|[of] p2a: Eternatus\n|-damage|p2a: Eternatus|56\/100 par\n|-damage|p1a: Kangaskhan|51\/100|[from] item: Rocky Helmet|[of] p2a: Eternatus\n|-hitcount|p2a: Eternatus|2\n|\n|-sideend|p1: TACOB3I|Reflect\n|upkeep\n|turn|16\n|\n|t:|1698708110\n|move|p1a: Kangaskhan|Icy Wind|p2a: Eternatus\n|-supereffective|p2a: Eternatus\n|-damage|p2a: Eternatus|43\/100 par\n|-unboost|p2a: Eternatus|spe|1\n|-supereffective|p2a: Eternatus\n|-damage|p2a: Eternatus|40\/100 par\n|-unboost|p2a: Eternatus|spe|1\n|-hitcount|p2a: Eternatus|2\n|cant|p2a: Eternatus|par\n|\n|upkeep\n|turn|17\n|\n|t:|1698708119\n|move|p1a: Kangaskhan|Icy Wind|p2a: Eternatus\n|-supereffective|p2a: Eternatus\n|-damage|p2a: Eternatus|29\/100 par\n|-unboost|p2a: Eternatus|spe|1\n|-supereffective|p2a: Eternatus\n|-damage|p2a: Eternatus|26\/100 par\n|-unboost|p2a: Eternatus|spe|1\n|-hitcount|p2a: Eternatus|2\n|move|p2a: Eternatus|Reflect|p2a: Eternatus\n|-sidestart|p2: Siege Team|Reflect\n|\n|upkeep\n|turn|18\n|\n|t:|1698708127\n|move|p1a: Kangaskhan|Seismic Toss|p2a: Eternatus\n|-damage|p2a: Eternatus|5\/100 par\n|-damage|p1a: Kangaskhan|35\/100|[from] item: Rocky Helmet|[of] p2a: Eternatus\n|-damage|p2a: Eternatus|0 fnt\n|-damage|p1a: Kangaskhan|18\/100|[from] item: Rocky Helmet|[of] p2a: Eternatus\n|faint|p2a: Eternatus\n|-hitcount|p2: Eternatus|2\n|\n|upkeep\n|\n|t:|1698708148\n|switch|p2a: Arceus|Arceus|100\/100\n|turn|19\n|\n|t:|1698708153\n|move|p2a: Arceus|Extreme Speed|p1a: Kangaskhan\n|-damage|p1a: Kangaskhan|0 fnt\n|faint|p1a: Kangaskhan\n|-damage|p2a: Arceus|91\/100|[from] item: Life Orb\n|\n|upkeep\n|\n|t:|1698708156\n|switch|p1a: Kyogre|Kyogre-Primal|5\/100\n|-weather|PrimordialSea|[from] ability: Primordial Sea|[of] p1a: Kyogre\n|turn|20\n|\n|t:|1698708160\n|move|p2a: Arceus|Extreme Speed|p1a: Kyogre\n|-damage|p1a: Kyogre|0 fnt\n|faint|p1a: Kyogre\n|-weather|none\n|-damage|p2a: Arceus|81\/100|[from] item: Life Orb\n|\n|upkeep\n|\n|t:|1698708163\n|switch|p1a: Groudon|Groudon-Primal|100\/100\n|-weather|DesolateLand|[from] ability: Desolate Land|[of] p1a: Groudon\n|turn|21\n|\n|t:|1698708170\n|move|p2a: Arceus|Dragon Dance|p2a: Arceus\n|-boost|p2a: Arceus|atk|1\n|-boost|p2a: Arceus|spe|1\n|move|p1a: Groudon|Precipice Blades|p2a: Arceus\n|-damage|p2a: Arceus|47\/100\n|\n|-weather|DesolateLand|[upkeep]\n|-sideend|p2: Siege Team|Reflect\n|upkeep\n|turn|22\n|\n|t:|1698708176\n|move|p2a: Arceus|Extreme Speed|p1a: Groudon\n|-damage|p1a: Groudon|60\/100\n|-damage|p2a: Arceus|37\/100|[from] item: Life Orb\n|move|p1a: Groudon|Precipice Blades|p2a: Arceus\n|-damage|p2a: Arceus|0 fnt\n|faint|p2a: Arceus\n|\n|-weather|DesolateLand|[upkeep]\n|upkeep\n|\n|t:|1698708183\n|switch|p2a: Rayquaza|Rayquaza|1\/100\n|-ability|p2a: Rayquaza|Air Lock\n|turn|23\n|\n|t:|1698708186\n|-weather|none\n|switch|p1a: Gabriel gambit|Kingambit, M|100\/100\n|-activate|p1a: Gabriel gambit|ability: Supreme Overlord\n|-start|p1a: Gabriel gambit|fallen4|[silent]\n|move|p2a: Rayquaza|Surf|p1a: Gabriel gambit\n|-damage|p1a: Gabriel gambit|66\/100\n|\n|upkeep\n|turn|24\n|\n|t:|1698708193\n|move|p1a: Gabriel gambit|Sucker Punch|p2a: Rayquaza\n|-damage|p2a: Rayquaza|0 fnt\n|faint|p2a: Rayquaza\n|\n|upkeep\n|\n|t:|1698708197\n|switch|p2a: Necrozma|Necrozma-Dusk-Mane|100\/100\n|turn|25\n|\n|t:|1698708202\n|-terastallize|p2a: Necrozma|Ground\n|move|p1a: Gabriel gambit|Kowtow Cleave|p2a: Necrozma\n|-crit|p2a: Necrozma\n|-damage|p2a: Necrozma|26\/100\n|move|p2a: Necrozma|Trick Room|p2a: Necrozma\n|-fieldstart|move: Trick Room|[of] p2a: Necrozma\n|\n|upkeep\n|turn|26\n|\n|t:|1698708209\n|-terastallize|p1a: Gabriel gambit|Flying\n|move|p1a: Gabriel gambit|Sucker Punch|p2a: Necrozma\n|-crit|p2a: Necrozma\n|-damage|p2a: Necrozma|0 fnt\n|faint|p2a: Necrozma\n|\n|upkeep\n|\n|t:|1698708214\n|switch|p2a: Dialga|Dialga-Origin|100\/100\n|-ability|p2a: Dialga|Pressure\n|turn|27\n|\n|t:|1698708218\n|move|p1a: Gabriel gambit|Low Kick|p2a: Dialga\n|-supereffective|p2a: Dialga\n|-damage|p2a: Dialga|2\/100\n|move|p2a: Dialga|Flash Cannon|p1a: Gabriel gambit\n|-damage|p1a: Gabriel gambit|2\/100\n|\n|upkeep\n|turn|28\n|-message|Siege Team forfeited.\n|\n|win|TACOB3I\n|raw|TACOB3I's rating: 1446 &rarr; <strong>1470<\/strong><br \/>(+24 for winning)\n|raw|Siege Team's rating: 1513 &rarr; <strong>1489<\/strong><br \/>(-24 for losing)\n|l|\u2606Siege Team\n","uploadtime":1698708234,"views":15,"p1id":"tacob3i","p2id":"siegeteam","formatid":"gen9nationaldexubers","rating":1470,"private":0,"password":""}