{"id":"gen9nationaldexubers-1998040603","p1":"sylwcj","p2":"Treecko28","format":"[Gen 9] National Dex Ubers","log":"|j|\u2606sylwcj\n|j|\u2606Treecko28\n|t:|1700882483\n|gametype|singles\n|player|p1|sylwcj|265|1403\n|player|p2|Treecko28|gardenia|1324\n|teamsize|p1|6\n|teamsize|p2|6\n|gen|9\n|tier|[Gen 9] National Dex Ubers\n|rated|\n|rule|HP Percentage Mod: HP is shown in percentages\n|rule|Endless Battle Clause: Forcing endless battles is banned\n|rule|OHKO Clause: OHKO moves are banned\n|rule|Evasion Moves Clause: Evasion moves are banned\n|rule|Evasion Items Clause: Evasion items are banned\n|rule|Species Clause: Limit one of each Pok\u00e9mon\n|rule|Sleep Clause Mod: Limit one foe put to sleep\n|rule|Mega Rayquaza Clause: You cannot mega evolve Rayquaza\n|clearpoke\n|poke|p1|Calyrex-Ice|\n|poke|p1|Solgaleo|\n|poke|p1|Melmetal|\n|poke|p1|Regieleki|\n|poke|p1|Ho-Oh|\n|poke|p1|Kyogre|\n|poke|p2|Pelipper, F|\n|poke|p2|Ferrothorn, F|\n|poke|p2|Serperior, M|\n|poke|p2|Dragapult, M|\n|poke|p2|Smeargle, M|\n|poke|p2|Basculegion, M|\n|teampreview\n|\n|t:|1700882522\n|start\n|switch|p1a: Ho-Oh|Ho-Oh, shiny|100\/100\n|switch|p2a: Smeargle|Smeargle, M|100\/100\n|turn|1\n|\n|t:|1700882541\n|move|p2a: Smeargle|Spore|p1a: Ho-Oh\n|-status|p1a: Ho-Oh|slp|[from] move: Spore\n|cant|p1a: Ho-Oh|slp\n|\n|upkeep\n|turn|2\n|\n|t:|1700882546\n|switch|p2a: Pelipper|Pelipper, F|100\/100\n|-weather|RainDance|[from] ability: Drizzle|[of] p2a: Pelipper\n|cant|p1a: Ho-Oh|slp\n|\n|-weather|RainDance|[upkeep]\n|upkeep\n|turn|3\n|\n|t:|1700882551\n|move|p2a: Pelipper|U-turn|p1a: Ho-Oh\n|-resisted|p1a: Ho-Oh\n|-damage|p1a: Ho-Oh|99\/100 slp\n|\n|t:|1700882554\n|switch|p2a: Basculegion|Basculegion, M|100\/100|[from] U-turn\n|cant|p1a: Ho-Oh|slp\n|\n|-weather|RainDance|[upkeep]\n|upkeep\n|turn|4\n|inactive|Battle timer is ON: inactive players will automatically lose when time's up. (requested by Treecko28)\n|\n|t:|1700882593\n|switch|p1a: Solgaleo|Solgaleo, shiny|100\/100\n|-terastallize|p2a: Basculegion|Water\n|move|p2a: Basculegion|Liquidation|p1a: Solgaleo\n|-damage|p1a: Solgaleo|35\/100\n|-damage|p2a: Basculegion|84\/100|[from] item: Rocky Helmet|[of] p1a: Solgaleo\n|\n|-weather|RainDance|[upkeep]\n|upkeep\n|turn|5\n|\n|t:|1700882607\n|-terastallize|p1a: Solgaleo|Water\n|move|p2a: Basculegion|Liquidation|p1a: Solgaleo\n|-resisted|p1a: Solgaleo\n|-damage|p1a: Solgaleo|2\/100\n|-damage|p2a: Basculegion|67\/100|[from] item: Rocky Helmet|[of] p1a: Solgaleo\n|move|p1a: Solgaleo|Morning Sun|p1a: Solgaleo\n|-heal|p1a: Solgaleo|26\/100\n|\n|-weather|RainDance|[upkeep]\n|upkeep\n|turn|6\n|\n|t:|1700882626\n|switch|p1a: Kyogre|Kyogre, shiny|100\/100\n|detailschange|p1a: Kyogre|Kyogre-Primal, shiny\n|-primal|p1a: Kyogre|Blue Orb\n|-weather|PrimordialSea|[from] ability: Primordial Sea|[of] p1a: Kyogre\n|move|p2a: Basculegion|Liquidation|p1a: Kyogre\n|-resisted|p1a: Kyogre\n|-damage|p1a: Kyogre|43\/100\n|\n|-weather|PrimordialSea|[upkeep]\n|upkeep\n|turn|7\n|\n|t:|1700882643\n|move|p2a: Basculegion|Liquidation|p1a: Kyogre\n|-resisted|p1a: Kyogre\n|-damage|p1a: Kyogre|0 fnt\n|faint|p1a: Kyogre\n|-weather|none\n|\n|upkeep\n|\n|t:|1700882652\n|switch|p1a: Solgaleo|Solgaleo, shiny, tera:Water|26\/100\n|turn|8\n|\n|t:|1700882659\n|switch|p2a: Pelipper|Pelipper, F|100\/100\n|-weather|RainDance|[from] ability: Drizzle|[of] p2a: Pelipper\n|move|p1a: Solgaleo|Morning Sun|p1a: Solgaleo\n|-heal|p1a: Solgaleo|51\/100\n|\n|-weather|RainDance|[upkeep]\n|upkeep\n|turn|9\n|\n|t:|1700882666\n|move|p2a: Pelipper|Hurricane|p1a: Solgaleo\n|-damage|p1a: Solgaleo|25\/100\n|-start|p1a: Solgaleo|confusion\n|-activate|p1a: Solgaleo|confusion\n|move|p1a: Solgaleo|Trick Room|p1a: Solgaleo\n|-fieldstart|move: Trick Room|[of] p1a: Solgaleo\n|\n|-weather|RainDance|[upkeep]\n|upkeep\n|turn|10\n|\n|t:|1700882675\n|move|p2a: Pelipper|U-turn|p1a: Solgaleo\n|-damage|p1a: Solgaleo|21\/100\n|-damage|p2a: Pelipper|84\/100|[from] item: Rocky Helmet|[of] p1a: Solgaleo\n|\n|t:|1700882679\n|switch|p2a: Ferrothorn|Ferrothorn, F|100\/100|[from] U-turn\n|-activate|p1a: Solgaleo|confusion\n|move|p1a: Solgaleo|Teleport|p1a: Solgaleo\n|\n|t:|1700882689\n|switch|p1a: Calyrex|Calyrex-Ice|100\/100|[from] Teleport\n|-ability|p1a: Calyrex|As One\n|-ability|p1a: Calyrex|Unnerve\n|\n|-weather|RainDance|[upkeep]\n|upkeep\n|turn|11\n|\n|t:|1700882695\n|move|p2a: Ferrothorn|Leech Seed|p1a: Calyrex\n|-start|p1a: Calyrex|move: Leech Seed\n|move|p1a: Calyrex|Glacial Lance|p2a: Ferrothorn\n|-damage|p2a: Ferrothorn|38\/100\n|-damage|p1a: Calyrex|91\/100|[from] item: Life Orb\n|\n|-weather|RainDance|[upkeep]\n|-heal|p2a: Ferrothorn|44\/100|[from] item: Leftovers\n|-damage|p1a: Calyrex|78\/100|[from] Leech Seed|[of] p2a: Ferrothorn\n|-heal|p2a: Ferrothorn|58\/100|[silent]\n|upkeep\n|turn|12\n|\n|t:|1700882711\n|move|p2a: Ferrothorn|Protect|p2a: Ferrothorn\n|-singleturn|p2a: Ferrothorn|Protect\n|move|p1a: Calyrex|Glacial Lance|p2a: Ferrothorn\n|-activate|p2a: Ferrothorn|move: Protect\n|\n|-weather|RainDance|[upkeep]\n|-heal|p2a: Ferrothorn|65\/100|[from] item: Leftovers\n|-damage|p1a: Calyrex|66\/100|[from] Leech Seed|[of] p2a: Ferrothorn\n|-heal|p2a: Ferrothorn|79\/100|[silent]\n|upkeep\n|turn|13\n|\n|t:|1700882715\n|move|p2a: Ferrothorn|Knock Off|p1a: Calyrex\n|-supereffective|p1a: Calyrex\n|-damage|p1a: Calyrex|41\/100\n|-enditem|p1a: Calyrex|Life Orb|[from] move: Knock Off|[of] p2a: Ferrothorn\n|move|p1a: Calyrex|Close Combat|p2a: Ferrothorn\n|-supereffective|p2a: Ferrothorn\n|-damage|p2a: Ferrothorn|10\/100\n|-unboost|p1a: Calyrex|def|1\n|-unboost|p1a: Calyrex|spd|1\n|-damage|p1a: Calyrex|29\/100|[from] ability: Iron Barbs|[of] p2a: Ferrothorn\n|\n|-weather|RainDance|[upkeep]\n|-heal|p2a: Ferrothorn|16\/100|[from] item: Leftovers\n|-damage|p1a: Calyrex|16\/100|[from] Leech Seed|[of] p2a: Ferrothorn\n|-heal|p2a: Ferrothorn|31\/100|[silent]\n|-fieldend|move: Trick Room\n|upkeep\n|turn|14\n|\n|t:|1700882741\n|move|p2a: Ferrothorn|Protect|p2a: Ferrothorn\n|-singleturn|p2a: Ferrothorn|Protect\n|move|p1a: Calyrex|High Horsepower|p2a: Ferrothorn\n|-activate|p2a: Ferrothorn|move: Protect\n|\n|-weather|RainDance|[upkeep]\n|-heal|p2a: Ferrothorn|37\/100|[from] item: Leftovers\n|-damage|p1a: Calyrex|4\/100|[from] Leech Seed|[of] p2a: Ferrothorn\n|-heal|p2a: Ferrothorn|51\/100|[silent]\n|upkeep\n|turn|15\n|\n|t:|1700882751\n|move|p2a: Ferrothorn|Protect||[still]\n|-fail|p2a: Ferrothorn\n|move|p1a: Calyrex|Glacial Lance|p2a: Ferrothorn\n|-damage|p2a: Ferrothorn|2\/100\n|\n|-weather|none\n|-heal|p2a: Ferrothorn|8\/100|[from] item: Leftovers\n|-damage|p1a: Calyrex|0 fnt|[from] Leech Seed|[of] p2a: Ferrothorn\n|-heal|p2a: Ferrothorn|12\/100|[silent]\n|faint|p1a: Calyrex\n|upkeep\n|\n|t:|1700882758\n|switch|p1a: Ho-Oh|Ho-Oh, shiny|100\/100 slp\n|turn|16\n|\n|t:|1700882765\n|switch|p2a: Pelipper|Pelipper, F|84\/100\n|-weather|RainDance|[from] ability: Drizzle|[of] p2a: Pelipper\n|-curestatus|p1a: Ho-Oh|slp|[msg]\n|move|p1a: Ho-Oh|Sacred Fire|p2a: Pelipper\n|-resisted|p2a: Pelipper\n|-damage|p2a: Pelipper|75\/100\n|-status|p2a: Pelipper|brn\n|\n|-weather|RainDance|[upkeep]\n|-damage|p2a: Pelipper|69\/100 brn|[from] brn\n|upkeep\n|turn|17\n|\n|t:|1700882780\n|move|p1a: Ho-Oh|Brave Bird|p2a: Pelipper\n|-damage|p2a: Pelipper|26\/100 brn\n|-damage|p1a: Ho-Oh|89\/100|[from] Recoil\n|move|p2a: Pelipper|U-turn|p1a: Ho-Oh\n|-resisted|p1a: Ho-Oh\n|-damage|p1a: Ho-Oh|88\/100\n|\n|t:|1700882787\n|switch|p2a: Basculegion|Basculegion, M, tera:Water|67\/100|[from] U-turn\n|\n|-weather|RainDance|[upkeep]\n|upkeep\n|turn|18\n|\n|t:|1700882795\n|switch|p1a: Solgaleo|Solgaleo, shiny, tera:Water|21\/100\n|move|p2a: Basculegion|Liquidation|p1a: Solgaleo\n|-resisted|p1a: Solgaleo\n|-damage|p1a: Solgaleo|0 fnt\n|-damage|p2a: Basculegion|51\/100|[from] item: Rocky Helmet|[of] p1a: Solgaleo\n|faint|p1a: Solgaleo\n|\n|-weather|RainDance|[upkeep]\n|upkeep\n|\n|t:|1700882811\n|switch|p1a: Melmetal|Melmetal|100\/100\n|turn|19\n|\n|t:|1700882821\n|move|p2a: Basculegion|Liquidation|p1a: Melmetal\n|-damage|p1a: Melmetal|25\/100\n|move|p1a: Melmetal|Thunder Punch|p2a: Basculegion\n|-supereffective|p2a: Basculegion\n|-damage|p2a: Basculegion|0 fnt\n|faint|p2a: Basculegion\n|\n|-weather|RainDance|[upkeep]\n|upkeep\n|\n|t:|1700882832\n|switch|p2a: Smeargle|Smeargle, M|100\/100\n|turn|20\n|\n|t:|1700882839\n|move|p2a: Smeargle|Revival Blessing|p2a: Smeargle\n|\n|t:|1700882841\n|-heal|p2: Basculegion|50\/100|[from] move: Revival Blessing\n|move|p1a: Melmetal|Thunder Punch|p2a: Smeargle\n|-damage|p2a: Smeargle|0 fnt\n|faint|p2a: Smeargle\n|\n|-weather|RainDance|[upkeep]\n|upkeep\n|\n|t:|1700882848\n|switch|p2a: Basculegion|Basculegion, M|50\/100\n|turn|21\n|\n|t:|1700882855\n|move|p2a: Basculegion|Liquidation|p1a: Melmetal\n|-damage|p1a: Melmetal|0 fnt\n|faint|p1a: Melmetal\n|\n|-weather|RainDance|[upkeep]\n|upkeep\n|\n|t:|1700882859\n|switch|p1a: Ho-Oh|Ho-Oh, shiny|100\/100\n|turn|22\n|\n|t:|1700882864\n|move|p2a: Basculegion|Liquidation|p1a: Ho-Oh\n|-supereffective|p1a: Ho-Oh\n|-crit|p1a: Ho-Oh\n|-damage|p1a: Ho-Oh|0 fnt\n|faint|p1a: Ho-Oh\n|\n|-weather|RainDance|[upkeep]\n|upkeep\n|\n|t:|1700882868\n|switch|p1a: Regieleki|Regieleki, shiny|100\/100\n|turn|23\n|\n|t:|1700882873\n|move|p2a: Basculegion|Liquidation|p1a: Regieleki\n|-damage|p1a: Regieleki|0 fnt\n|faint|p1a: Regieleki\n|\n|win|Treecko28\n|raw|sylwcj's rating: 1403 &rarr; <strong>1379<\/strong><br \/>(-24 for losing)\n|raw|Treecko28's rating: 1324 &rarr; <strong>1348<\/strong><br \/>(+24 for winning)\n","uploadtime":1700882901,"views":1,"p1id":"sylwcj","p2id":"treecko28","formatid":"gen9nationaldexubers","rating":1348,"private":0,"password":""}