{"id":"gen9nationaldexubers-1978536488","p1":"letch","p2":"Angel Karma","format":"[Gen 9] National Dex Ubers","log":"|j|\u2606letch\n|j|\u2606Angel Karma\n|t:|1698552219\n|gametype|singles\n|player|p1|letch|wallace|1421\n|player|p2|Angel Karma|unknown|1491\n|teamsize|p1|6\n|teamsize|p2|6\n|gen|9\n|tier|[Gen 9] National Dex Ubers\n|rated|\n|rule|HP Percentage Mod: HP is shown in percentages\n|rule|Endless Battle Clause: Forcing endless battles is banned\n|rule|OHKO Clause: OHKO moves are banned\n|rule|Evasion Moves Clause: Evasion moves are banned\n|rule|Evasion Items Clause: Evasion items are banned\n|rule|Species Clause: Limit one of each Pok\u00e9mon\n|rule|Sleep Clause Mod: Limit one foe put to sleep\n|rule|Mega Rayquaza Clause: You cannot mega evolve Rayquaza\n|clearpoke\n|poke|p1|Kyurem-Black|\n|poke|p1|Necrozma-Dusk-Mane|\n|poke|p1|Dragapult, M|\n|poke|p1|Arceus-Dark|\n|poke|p1|Magearna-Original|\n|poke|p1|Groudon|\n|poke|p2|Haxorus, M|\n|poke|p2|Groudon|\n|poke|p2|Skarmory, F|\n|poke|p2|Yveltal|\n|poke|p2|Flutter Mane|\n|poke|p2|Lucario, F|\n|teampreview\n|\n|t:|1698552236\n|start\n|switch|p1a: Arceus|Arceus-Dark|100\/100\n|switch|p2a: Yveltal|Yveltal|100\/100\n|-ability|p2a: Yveltal|Dark Aura\n|turn|1\n|\n|t:|1698552252\n|switch|p2a: Lucario|Lucario, F, shiny|100\/100\n|move|p1a: Arceus|Calm Mind|p1a: Arceus\n|-boost|p1a: Arceus|spa|1\n|-boost|p1a: Arceus|spd|1\n|\n|upkeep\n|turn|2\n|\n|t:|1698552264\n|switch|p1a: Dragapult|Dragapult, M, shiny|100\/100\n|detailschange|p2a: Lucario|Lucario-Mega, F, shiny\n|-mega|p2a: Lucario|Lucario|Lucarionite\n|move|p2a: Lucario|High Jump Kick|p1a: Dragapult\n|-immune|p1a: Dragapult\n|-damage|p2a: Lucario|50\/100|[from] highjumpkick\n|\n|upkeep\n|turn|3\n|\n|t:|1698552275\n|switch|p2a: Skarmory|Skarmory, F|100\/100\n|move|p1a: Dragapult|Phantom Force||[still]\n|-prepare|p1a: Dragapult|Phantom Force\n|\n|upkeep\n|turn|4\n|\n|t:|1698552281\n|move|p1a: Dragapult|Phantom Force|p2a: Skarmory|[from]lockedmove\n|-damage|p2a: Skarmory|43\/100\n|-ability|p2a: Skarmory|Weak Armor|boost\n|-unboost|p2a: Skarmory|def|1\n|-boost|p2a: Skarmory|spe|2\n|-damage|p1a: Dragapult|91\/100|[from] item: Life Orb\n|move|p2a: Skarmory|Swords Dance|p2a: Skarmory\n|-boost|p2a: Skarmory|atk|2\n|\n|upkeep\n|turn|5\n|\n|t:|1698552302\n|move|p2a: Skarmory|Drill Peck|p1a: Dragapult\n|-damage|p1a: Dragapult|12\/100\n|move|p1a: Dragapult|Dragon Dance|p1a: Dragapult\n|-boost|p1a: Dragapult|atk|1\n|-boost|p1a: Dragapult|spe|1\n|\n|upkeep\n|turn|6\n|\n|t:|1698552310\n|move|p1a: Dragapult|Dragon Darts|p2a: Skarmory\n|-resisted|p2a: Skarmory\n|-damage|p2a: Skarmory|8\/100\n|-ability|p2a: Skarmory|Weak Armor|boost\n|-unboost|p2a: Skarmory|def|1\n|-boost|p2a: Skarmory|spe|2\n|-anim|p1a: Dragapult|Dragon Darts|p2a: Skarmory\n|-resisted|p2a: Skarmory\n|-damage|p2a: Skarmory|0 fnt\n|faint|p2a: Skarmory\n|-damage|p1a: Dragapult|2\/100|[from] item: Life Orb\n|\n|upkeep\n|\n|t:|1698552322\n|switch|p2a: Lucario|Lucario-Mega, F, shiny|50\/100\n|turn|7\n|\n|t:|1698552334\n|switch|p1a: Necrozma|Necrozma-Dusk-Mane|100\/100\n|move|p2a: Lucario|Bullet Punch|p1a: Necrozma\n|-resisted|p1a: Necrozma\n|-damage|p1a: Necrozma|88\/100\n|\n|upkeep\n|turn|8\n|\n|t:|1698552342\n|switch|p2a: Groudon|Groudon, shiny|100\/100\n|detailschange|p2a: Groudon|Groudon-Primal, shiny\n|-primal|p2a: Groudon|Red Orb\n|-weather|DesolateLand|[from] ability: Desolate Land|[of] p2a: Groudon\n|move|p1a: Necrozma|Rock Tomb|p2a: Groudon\n|-damage|p2a: Groudon|87\/100\n|-unboost|p2a: Groudon|spe|1\n|\n|-weather|DesolateLand|[upkeep]\n|upkeep\n|turn|9\n|\n|t:|1698552354\n|detailschange|p1a: Necrozma|Necrozma-Ultra\n|-burst|p1a: Necrozma|Necrozma|Ultranecrozium Z\n|move|p1a: Necrozma|Earth Power|p2a: Groudon\n|-supereffective|p2a: Groudon\n|-damage|p2a: Groudon|0 fnt\n|faint|p2a: Groudon\n|-weather|none\n|\n|upkeep\n|\n|t:|1698552363\n|switch|p2a: Haxorus|Haxorus, M|100\/100\n|-ability|p2a: Haxorus|Mold Breaker\n|turn|10\n|\n|t:|1698552368\n|-terastallize|p2a: Haxorus|Steel\n|move|p1a: Necrozma|Dragon Pulse|p2a: Haxorus\n|-resisted|p2a: Haxorus\n|-damage|p2a: Haxorus|60\/100\n|move|p2a: Haxorus|Dragon Dance|p2a: Haxorus\n|-boost|p2a: Haxorus|atk|1\n|-boost|p2a: Haxorus|spe|1\n|\n|upkeep\n|turn|11\n|\n|t:|1698552382\n|move|p2a: Haxorus|Outrage|p1a: Necrozma\n|-supereffective|p1a: Necrozma\n|-damage|p1a: Necrozma|0 fnt\n|faint|p1a: Necrozma\n|\n|upkeep\n|\n|t:|1698552387\n|switch|p1a: Magearna|Magearna-Original|100\/100\n|turn|12\n|\n|t:|1698552391\n|move|p2a: Haxorus|Outrage|p1a: Magearna|[from]lockedmove\n|-immune|p1a: Magearna\n|move|p1a: Magearna|Shift Gear|p1a: Magearna\n|-boost|p1a: Magearna|spe|2\n|-boost|p1a: Magearna|atk|1\n|-enditem|p2a: Haxorus|Mirror Herb\n|-boost|p2a: Haxorus|spe|2|[from] item: Mirror Herb\n|-boost|p2a: Haxorus|atk|1|[from] item: Mirror Herb\n|\n|upkeep\n|turn|13\n|\n|t:|1698552401\n|move|p2a: Haxorus|Earthquake|p1a: Magearna\n|-supereffective|p1a: Magearna\n|-damage|p1a: Magearna|0 fnt\n|faint|p1a: Magearna\n|\n|upkeep\n|\n|t:|1698552416\n|switch|p1a: Arceus|Arceus-Dark|100\/100\n|turn|14\n|\n|t:|1698552420\n|move|p2a: Haxorus|Outrage|p1a: Arceus\n|-damage|p1a: Arceus|9\/100\n|move|p1a: Arceus|Judgment|p2a: Haxorus\n|-damage|p2a: Haxorus|0 fnt\n|faint|p2a: Haxorus\n|\n|upkeep\n|\n|t:|1698552431\n|switch|p2a: Yveltal|Yveltal|100\/100\n|-ability|p2a: Yveltal|Dark Aura\n|turn|15\n|\n|t:|1698552442\n|move|p2a: Yveltal|Dark Pulse|p1a: Arceus\n|-resisted|p1a: Arceus\n|-damage|p1a: Arceus|0 fnt\n|faint|p1a: Arceus\n|\n|upkeep\n|\n|t:|1698552458\n|switch|p1a: Kyurem|Kyurem-Black|100\/100\n|-ability|p1a: Kyurem|Teravolt\n|turn|16\n|\n|t:|1698552463\n|-terastallize|p1a: Kyurem|Electric\n|move|p2a: Yveltal|Dark Pulse|p1a: Kyurem\n|-damage|p1a: Kyurem|43\/100\n|move|p1a: Kyurem|Dragon Dance|p1a: Kyurem\n|-boost|p1a: Kyurem|atk|1\n|-boost|p1a: Kyurem|spe|1\n|\n|upkeep\n|turn|17\n|\n|t:|1698552473\n|move|p2a: Yveltal|Dark Pulse|p1a: Kyurem\n|-damage|p1a: Kyurem|0 fnt\n|faint|p1a: Kyurem\n|\n|upkeep\n|\n|t:|1698552479\n|switch|p1a: Groudon|Groudon|100\/100\n|detailschange|p1a: Groudon|Groudon-Primal\n|-primal|p1a: Groudon|Red Orb\n|-weather|DesolateLand|[from] ability: Desolate Land|[of] p1a: Groudon\n|turn|18\n|\n|t:|1698552485\n|move|p2a: Yveltal|Dark Pulse|p1a: Groudon\n|-damage|p1a: Groudon|32\/100\n|move|p1a: Groudon|Heat Crash|p2a: Yveltal\n|-damage|p2a: Yveltal|10\/100\n|\n|-weather|DesolateLand|[upkeep]\n|upkeep\n|turn|19\n|\n|t:|1698552492\n|move|p2a: Yveltal|Dark Pulse|p1a: Groudon\n|-damage|p1a: Groudon|0 fnt\n|faint|p1a: Groudon\n|-weather|none\n|\n|upkeep\n|\n|t:|1698552496\n|switch|p1a: Dragapult|Dragapult, M, shiny|2\/100\n|turn|20\n|\n|t:|1698552503\n|move|p2a: Yveltal|Dark Pulse|p1a: Dragapult\n|-supereffective|p1a: Dragapult\n|-crit|p1a: Dragapult\n|-damage|p1a: Dragapult|0 fnt\n|faint|p1a: Dragapult\n|\n|win|Angel Karma\n|raw|letch's rating: 1421 &rarr; <strong>1405<\/strong><br \/>(-16 for losing)\n|raw|Angel Karma's rating: 1491 &rarr; <strong>1507<\/strong><br \/>(+16 for winning)\n|l|\u2606letch\n","uploadtime":1698552520,"views":12,"p1id":"letch","p2id":"angelkarma","formatid":"gen9nationaldexubers","rating":1405,"private":0,"password":""}