{"id":"gen9nationaldexubers-1980339348","p1":"Animekiller223","p2":"schoolteen","format":"[Gen 9] National Dex Ubers","log":"|j|\u2606Animekiller223\n|j|\u2606schoolteen\n|t:|1698776578\n|gametype|singles\n|player|p1|Animekiller223|linebacker|\n|player|p2|schoolteen|cheryl|\n|teamsize|p1|6\n|teamsize|p2|6\n|gen|9\n|tier|[Gen 9] National Dex Ubers\n|rule|HP Percentage Mod: HP is shown in percentages\n|rule|Endless Battle Clause: Forcing endless battles is banned\n|rule|OHKO Clause: OHKO moves are banned\n|rule|Evasion Moves Clause: Evasion moves are banned\n|rule|Evasion Items Clause: Evasion items are banned\n|rule|Species Clause: Limit one of each Pok\u00e9mon\n|rule|Sleep Clause Mod: Limit one foe put to sleep\n|rule|Mega Rayquaza Clause: You cannot mega evolve Rayquaza\n|clearpoke\n|poke|p1|Groudon|\n|poke|p1|Iron Bundle|\n|poke|p1|Yveltal|\n|poke|p1|Sneasler, M|\n|poke|p1|Xerneas-*|\n|poke|p1|Lugia|\n|poke|p2|Necrozma-Dusk-Mane|\n|poke|p2|Eelektross, F|\n|poke|p2|Araquanid, F|\n|poke|p2|Decidueye-Hisui, F|\n|poke|p2|Dialga|\n|poke|p2|Barraskewda, F|\n|teampreview\n|inactive|Battle timer is ON: inactive players will automatically lose when time's up. (requested by schoolteen)\n|\n|t:|1698776597\n|start\n|switch|p1a: Groudon|Groudon, shiny|100\/100\n|switch|p2a: Dialga|Dialga|100\/100\n|-ability|p2a: Dialga|Pressure\n|detailschange|p1a: Groudon|Groudon-Primal, shiny\n|-primal|p1a: Groudon|Red Orb\n|-weather|DesolateLand|[from] ability: Desolate Land|[of] p1a: Groudon\n|turn|1\n|inactive|schoolteen has 270 seconds left.\n|\n|t:|1698776629\n|move|p1a: Groudon|Heat Crash|p2a: Dialga\n|-damage|p2a: Dialga|69\/100\n|move|p2a: Dialga|Earth Power|p1a: Groudon\n|-supereffective|p1a: Groudon\n|-damage|p1a: Groudon|15\/100\n|\n|-weather|DesolateLand|[upkeep]\n|upkeep\n|turn|2\n|inactive|schoolteen has 270 seconds left.\n|\n|t:|1698776640\n|switch|p2a: Eelektross|Eelektross, F|100\/100\n|move|p1a: Groudon|Dragon Claw|p2a: Eelektross\n|-damage|p2a: Eelektross|59\/100\n|\n|-weather|DesolateLand|[upkeep]\n|upkeep\n|turn|3\n|inactive|schoolteen has 270 seconds left.\n|\n|t:|1698776653\n|move|p1a: Groudon|Rock Polish|p1a: Groudon\n|-boost|p1a: Groudon|spe|2\n|move|p2a: Eelektross|Thunder Punch|p1a: Groudon\n|-immune|p1a: Groudon\n|\n|-weather|DesolateLand|[upkeep]\n|upkeep\n|turn|4\n|\n|t:|1698776659\n|move|p1a: Groudon|Heat Crash|p2a: Eelektross\n|-damage|p2a: Eelektross|0 fnt\n|faint|p2a: Eelektross\n|\n|-weather|DesolateLand|[upkeep]\n|upkeep\n|inactive|schoolteen has 270 seconds left.\n|\n|t:|1698776675\n|switch|p2a: Barraskewda|Barraskewda, F|100\/100\n|turn|5\n|inactive|schoolteen has 270 seconds left.\n|\n|t:|1698776695\n|move|p2a: Barraskewda|Close Combat|p1a: Groudon\n|-damage|p1a: Groudon|0 fnt\n|-unboost|p2a: Barraskewda|def|1\n|-unboost|p2a: Barraskewda|spd|1\n|faint|p1a: Groudon\n|-weather|none\n|\n|upkeep\n|\n|t:|1698776703\n|switch|p1a: Iron bird|Iron Bundle|100\/100\n|-enditem|p1a: Iron bird|Booster Energy\n|-activate|p1a: Iron bird|ability: Quark Drive|[fromitem]\n|-start|p1a: Iron bird|quarkdrivespe\n|turn|6\n|inactive|schoolteen has 270 seconds left.\n|\n|t:|1698776713\n|switch|p2a: Dialga|Dialga|69\/100\n|-ability|p2a: Dialga|Pressure\n|move|p1a: Iron bird|Freeze-Dry|p2a: Dialga\n|-damage|p2a: Dialga|38\/100\n|\n|upkeep\n|turn|7\n|\n|t:|1698776735\n|-end|p1a: Iron bird|Quark Drive|[silent]\n|switch|p1a: Yveltal|Yveltal|100\/100\n|-ability|p1a: Yveltal|Dark Aura\n|move|p2a: Dialga|Flash Cannon|p1a: Yveltal\n|-damage|p1a: Yveltal|50\/100\n|\n|upkeep\n|turn|8\n|\n|t:|1698776747\n|move|p1a: Yveltal|Dark Pulse|p2a: Dialga\n|-damage|p2a: Dialga|0 fnt\n|faint|p2a: Dialga\n|\n|upkeep\n|\n|t:|1698776756\n|switch|p2a: Barraskewda|Barraskewda, F|100\/100\n|turn|9\n|\n|t:|1698776764\n|-terastallize|p2a: Barraskewda|Water\n|move|p1a: Yveltal|Sucker Punch|p2a: Barraskewda\n|-damage|p2a: Barraskewda|13\/100\n|move|p2a: Barraskewda|Liquidation|p1a: Yveltal\n|-damage|p1a: Yveltal|0 fnt\n|faint|p1a: Yveltal\n|\n|upkeep\n|\n|t:|1698776774\n|switch|p1a: Lugia|Lugia|100\/100\n|turn|10\n|\n|t:|1698776783\n|switch|p2a: Araquanid|Araquanid, F|100\/100\n|move|p1a: Lugia|Calm Mind|p1a: Lugia\n|-boost|p1a: Lugia|spa|1\n|-boost|p1a: Lugia|spd|1\n|\n|upkeep\n|turn|11\n|\n|t:|1698776795\n|move|p1a: Lugia|Aeroblast|p2a: Araquanid\n|-supereffective|p2a: Araquanid\n|-damage|p2a: Araquanid|0 fnt\n|faint|p2a: Araquanid\n|\n|upkeep\n|\n|t:|1698776805\n|switch|p2a: Necrozma|Necrozma-Dusk-Mane|100\/100\n|turn|12\n|\n|t:|1698776813\n|move|p1a: Lugia|Calm Mind|p1a: Lugia\n|-boost|p1a: Lugia|spa|1\n|-boost|p1a: Lugia|spd|1\n|move|p2a: Necrozma|Cosmic Power|p2a: Necrozma\n|-boost|p2a: Necrozma|def|1\n|-boost|p2a: Necrozma|spd|1\n|\n|upkeep\n|turn|13\n|\n|t:|1698776825\n|move|p1a: Lugia|Aeroblast|p2a: Necrozma\n|-resisted|p2a: Necrozma\n|-crit|p2a: Necrozma\n|-damage|p2a: Necrozma|51\/100\n|move|p2a: Necrozma|Dragon Dance|p2a: Necrozma\n|-boost|p2a: Necrozma|atk|1\n|-boost|p2a: Necrozma|spe|1\n|\n|upkeep\n|turn|14\n|\n|t:|1698776838\n|move|p2a: Necrozma|Morning Sun|p2a: Necrozma\n|-heal|p2a: Necrozma|100\/100\n|move|p1a: Lugia|Aeroblast|p2a: Necrozma\n|-resisted|p2a: Necrozma\n|-crit|p2a: Necrozma\n|-damage|p2a: Necrozma|49\/100\n|\n|upkeep\n|turn|15\n|\n|t:|1698776857\n|move|p2a: Necrozma|Sunsteel Strike|p1a: Lugia\n|-damage|p1a: Lugia|41\/100\n|move|p1a: Lugia|Aeroblast|p2a: Necrozma\n|-resisted|p2a: Necrozma\n|-damage|p2a: Necrozma|30\/100\n|\n|-heal|p1a: Lugia|47\/100|[from] item: Leftovers\n|upkeep\n|turn|16\n|\n|t:|1698776872\n|move|p2a: Necrozma|Morning Sun|p2a: Necrozma\n|-heal|p2a: Necrozma|80\/100\n|move|p1a: Lugia|Recover|p1a: Lugia\n|-heal|p1a: Lugia|97\/100\n|\n|-heal|p1a: Lugia|100\/100|[from] item: Leftovers\n|upkeep\n|turn|17\n|\n|t:|1698776881\n|move|p2a: Necrozma|Cosmic Power|p2a: Necrozma\n|-boost|p2a: Necrozma|def|1\n|-boost|p2a: Necrozma|spd|1\n|move|p1a: Lugia|Aeroblast|p2a: Necrozma\n|-resisted|p2a: Necrozma\n|-damage|p2a: Necrozma|63\/100\n|\n|upkeep\n|turn|18\n|\n|t:|1698776894\n|move|p2a: Necrozma|Cosmic Power|p2a: Necrozma\n|-boost|p2a: Necrozma|def|1\n|-boost|p2a: Necrozma|spd|1\n|move|p1a: Lugia|Aeroblast|p2a: Necrozma\n|-resisted|p2a: Necrozma\n|-damage|p2a: Necrozma|51\/100\n|\n|upkeep\n|turn|19\n|\n|t:|1698776910\n|switch|p1a: Sneasler|Sneasler, M|100\/100\n|move|p2a: Necrozma|Morning Sun|p2a: Necrozma\n|-heal|p2a: Necrozma|100\/100\n|\n|upkeep\n|turn|20\n|\n|t:|1698776920\n|move|p1a: Sneasler|Lash Out|p2a: Necrozma\n|-supereffective|p2a: Necrozma\n|-damage|p2a: Necrozma|88\/100\n|-enditem|p2a: Necrozma|Weakness Policy\n|-boost|p2a: Necrozma|atk|2|[from] item: Weakness Policy\n|-boost|p2a: Necrozma|spa|2|[from] item: Weakness Policy\n|move|p2a: Necrozma|Sunsteel Strike|p1a: Sneasler\n|-damage|p1a: Sneasler|0 fnt\n|faint|p1a: Sneasler\n|\n|upkeep\n|-message|Animekiller223 forfeited.\n|\n|win|schoolteen\n|l|\u2606Animekiller223\n","uploadtime":1698776951,"views":8,"p1id":"animekiller223","p2id":"schoolteen","formatid":"gen9nationaldexubers","rating":0,"private":0,"password":""}