{"id":"gen9nationaldexubers-1992277864","p1":"VEN0M-MODE\u2716\ufe0f","p2":"SlamOnyx","format":"[Gen 9] National Dex Ubers","log":"|j|\u2606VEN0M-MODE\u2716\ufe0f\n|j|\u2606SlamOnyx\n|t:|1700170221\n|gametype|singles\n|player|p1|VEN0M-MODE\u2716\ufe0f|plumeria|1083\n|player|p2|SlamOnyx|volo|1032\n|teamsize|p1|6\n|teamsize|p2|6\n|gen|9\n|tier|[Gen 9] National Dex Ubers\n|rated|\n|rule|HP Percentage Mod: HP is shown in percentages\n|rule|Endless Battle Clause: Forcing endless battles is banned\n|rule|OHKO Clause: OHKO moves are banned\n|rule|Evasion Moves Clause: Evasion moves are banned\n|rule|Evasion Items Clause: Evasion items are banned\n|rule|Species Clause: Limit one of each Pok\u00e9mon\n|rule|Sleep Clause Mod: Limit one foe put to sleep\n|rule|Mega Rayquaza Clause: You cannot mega evolve Rayquaza\n|clearpoke\n|poke|p1|Ariados, F|\n|poke|p1|Silvally-*|\n|poke|p1|Okidogi, M|\n|poke|p1|Iron Moth|\n|poke|p1|Naganadel|\n|poke|p1|Muk-Alola, F|\n|poke|p2|Diglett, F|\n|poke|p2|Dugtrio, F|\n|poke|p2|Slither Wing|\n|poke|p2|Passimian, M|\n|poke|p2|Eevee, F|\n|poke|p2|Charizard, F|\n|teampreview\n|inactive|Battle timer is ON: inactive players will automatically lose when time's up. (requested by SlamOnyx)\n|\n|t:|1700170226\n|start\n|switch|p1a: \ud83d\udfea\u2623\ufe0eNAGANADEL\u2623\ufe0e\ud83d\udfea|Naganadel|100\/100\n|switch|p2a: Serengeti|Eevee, F|100\/100\n|turn|1\n|\n|t:|1700170234\n|move|p1a: \ud83d\udfea\u2623\ufe0eNAGANADEL\u2623\ufe0e\ud83d\udfea|Sludge Wave|p2a: Serengeti\n|-damage|p2a: Serengeti|5\/100\n|-zpower|p2a: Serengeti\n|move|p2a: Serengeti|Extreme Evoboost|p2a: Serengeti\n|-boost|p2a: Serengeti|atk|2\n|-boost|p2a: Serengeti|def|2\n|-boost|p2a: Serengeti|spa|2\n|-boost|p2a: Serengeti|spd|2\n|-boost|p2a: Serengeti|spe|2\n|\n|upkeep\n|turn|2\n|j| bugcatcherflatz \u269d\u5f61\n|\n|t:|1700170245\n|move|p1a: \ud83d\udfea\u2623\ufe0eNAGANADEL\u2623\ufe0e\ud83d\udfea|Sludge Wave|p2a: Serengeti\n|-damage|p2a: Serengeti|0 fnt\n|faint|p2a: Serengeti\n|-ability|p1a: \ud83d\udfea\u2623\ufe0eNAGANADEL\u2623\ufe0e\ud83d\udfea|Beast Boost|boost\n|-boost|p1a: \ud83d\udfea\u2623\ufe0eNAGANADEL\u2623\ufe0e\ud83d\udfea|spa|1\n|\n|upkeep\n|\n|t:|1700170248\n|switch|p2a: Duggy|Diglett, F|100\/100\n|turn|3\n|\n|t:|1700170257\n|-terastallize|p1a: \ud83d\udfea\u2623\ufe0eNAGANADEL\u2623\ufe0e\ud83d\udfea|Poison\n|move|p1a: \ud83d\udfea\u2623\ufe0eNAGANADEL\u2623\ufe0e\ud83d\udfea|Sludge Wave|p2a: Duggy\n|-resisted|p2a: Duggy\n|-enditem|p2a: Duggy|Focus Sash\n|-damage|p2a: Duggy|1\/100\n|move|p2a: Duggy|Earthquake|p1a: \ud83d\udfea\u2623\ufe0eNAGANADEL\u2623\ufe0e\ud83d\udfea\n|-supereffective|p1a: \ud83d\udfea\u2623\ufe0eNAGANADEL\u2623\ufe0e\ud83d\udfea\n|-damage|p1a: \ud83d\udfea\u2623\ufe0eNAGANADEL\u2623\ufe0e\ud83d\udfea|8\/100\n|\n|upkeep\n|turn|4\n|\n|t:|1700170267\n|move|p1a: \ud83d\udfea\u2623\ufe0eNAGANADEL\u2623\ufe0e\ud83d\udfea|Sludge Wave|p2a: Duggy\n|-resisted|p2a: Duggy\n|-damage|p2a: Duggy|0 fnt\n|faint|p2a: Duggy\n|-ability|p1a: \ud83d\udfea\u2623\ufe0eNAGANADEL\u2623\ufe0e\ud83d\udfea|Beast Boost|boost\n|-boost|p1a: \ud83d\udfea\u2623\ufe0eNAGANADEL\u2623\ufe0e\ud83d\udfea|spa|1\n|\n|upkeep\n|\n|t:|1700170270\n|switch|p2a: Three Duggy|Dugtrio, F|100\/100\n|turn|5\n|\n|t:|1700170275\n|move|p2a: Three Duggy|Earthquake|p1a: \ud83d\udfea\u2623\ufe0eNAGANADEL\u2623\ufe0e\ud83d\udfea\n|-supereffective|p1a: \ud83d\udfea\u2623\ufe0eNAGANADEL\u2623\ufe0e\ud83d\udfea\n|-damage|p1a: \ud83d\udfea\u2623\ufe0eNAGANADEL\u2623\ufe0e\ud83d\udfea|0 fnt\n|faint|p1a: \ud83d\udfea\u2623\ufe0eNAGANADEL\u2623\ufe0e\ud83d\udfea\n|\n|upkeep\n|\n|t:|1700170283\n|switch|p1a: \ud83d\udfea\u2623\ufe0eARIDOS\u2623\ufe0e\ud83d\udfea|Ariados, F|100\/100\n|turn|6\n|\n|t:|1700170289\n|move|p2a: Three Duggy|Earthquake|p1a: \ud83d\udfea\u2623\ufe0eARIDOS\u2623\ufe0e\ud83d\udfea\n|-damage|p1a: \ud83d\udfea\u2623\ufe0eARIDOS\u2623\ufe0e\ud83d\udfea|46\/100\n|move|p1a: \ud83d\udfea\u2623\ufe0eARIDOS\u2623\ufe0e\ud83d\udfea|Toxic Thread|p2a: Three Duggy\n|-unboost|p2a: Three Duggy|spe|1\n|-status|p2a: Three Duggy|psn\n|\n|-damage|p2a: Three Duggy|88\/100 psn|[from] psn\n|upkeep\n|turn|7\n|\n|t:|1700170300\n|move|p1a: \ud83d\udfea\u2623\ufe0eARIDOS\u2623\ufe0e\ud83d\udfea|Protect|p1a: \ud83d\udfea\u2623\ufe0eARIDOS\u2623\ufe0e\ud83d\udfea\n|-singleturn|p1a: \ud83d\udfea\u2623\ufe0eARIDOS\u2623\ufe0e\ud83d\udfea|Protect\n|move|p2a: Three Duggy|Stone Edge|p1a: \ud83d\udfea\u2623\ufe0eARIDOS\u2623\ufe0e\ud83d\udfea\n|-activate|p1a: \ud83d\udfea\u2623\ufe0eARIDOS\u2623\ufe0e\ud83d\udfea|move: Protect\n|\n|-damage|p2a: Three Duggy|76\/100 psn|[from] psn\n|upkeep\n|turn|8\n|\n|t:|1700170311\n|move|p2a: Three Duggy|Stone Edge|p1a: \ud83d\udfea\u2623\ufe0eARIDOS\u2623\ufe0e\ud83d\udfea\n|-supereffective|p1a: \ud83d\udfea\u2623\ufe0eARIDOS\u2623\ufe0e\ud83d\udfea\n|-damage|p1a: \ud83d\udfea\u2623\ufe0eARIDOS\u2623\ufe0e\ud83d\udfea|0 fnt\n|faint|p1a: \ud83d\udfea\u2623\ufe0eARIDOS\u2623\ufe0e\ud83d\udfea\n|\n|-damage|p2a: Three Duggy|64\/100 psn|[from] psn\n|upkeep\n|\n|t:|1700170330\n|switch|p1a: \ud83d\udfea\u2623\ufe0eMUKUM-UP\u2623\ufe0e\ud83d\udfea|Muk-Alola, F, shiny|100\/100\n|turn|9\n|\n|t:|1700170344\n|move|p2a: Three Duggy|Earthquake|p1a: \ud83d\udfea\u2623\ufe0eMUKUM-UP\u2623\ufe0e\ud83d\udfea\n|-supereffective|p1a: \ud83d\udfea\u2623\ufe0eMUKUM-UP\u2623\ufe0e\ud83d\udfea\n|-damage|p1a: \ud83d\udfea\u2623\ufe0eMUKUM-UP\u2623\ufe0e\ud83d\udfea|0 fnt\n|faint|p1a: \ud83d\udfea\u2623\ufe0eMUKUM-UP\u2623\ufe0e\ud83d\udfea\n|\n|-damage|p2a: Three Duggy|51\/100 psn|[from] psn\n|upkeep\n|\n|t:|1700170352\n|switch|p1a: \ud83d\udfeaSILVALLY\u2623\ufe0eVENOM|Silvally-Poison|100\/100\n|turn|10\n|\n|t:|1700170362\n|move|p1a: \ud83d\udfeaSILVALLY\u2623\ufe0eVENOM|Multi-Attack|p2a: Three Duggy\n|-resisted|p2a: Three Duggy\n|-damage|p2a: Three Duggy|0 fnt\n|faint|p2a: Three Duggy\n|\n|upkeep\n|\n|t:|1700170366\n|switch|p2a: Slytherin|Slither Wing|100\/100\n|-enditem|p2a: Slytherin|Booster Energy\n|-activate|p2a: Slytherin|ability: Protosynthesis|[fromitem]\n|-start|p2a: Slytherin|protosynthesisatk\n|turn|11\n|\n|t:|1700170372\n|move|p2a: Slytherin|First Impression|p1a: \ud83d\udfeaSILVALLY\u2623\ufe0eVENOM\n|-resisted|p1a: \ud83d\udfeaSILVALLY\u2623\ufe0eVENOM\n|-damage|p1a: \ud83d\udfeaSILVALLY\u2623\ufe0eVENOM|69\/100\n|move|p1a: \ud83d\udfeaSILVALLY\u2623\ufe0eVENOM|Poison Fang|p2a: Slytherin\n|-damage|p2a: Slytherin|71\/100\n|-status|p2a: Slytherin|tox\n|\n|-damage|p2a: Slytherin|64\/100 tox|[from] psn\n|upkeep\n|turn|12\n|\n|t:|1700170384\n|move|p1a: \ud83d\udfeaSILVALLY\u2623\ufe0eVENOM|Multi-Attack|p2a: Slytherin\n|-damage|p2a: Slytherin|0 fnt\n|faint|p2a: Slytherin\n|-end|p2a: Slytherin|Protosynthesis|[silent]\n|\n|upkeep\n|\n|t:|1700170387\n|switch|p2a: Thank you Ernesto|Passimian, M|100\/100\n|turn|13\n|\n|t:|1700170392\n|move|p1a: \ud83d\udfeaSILVALLY\u2623\ufe0eVENOM|Poison Fang|p2a: Thank you Ernesto\n|-damage|p2a: Thank you Ernesto|78\/100\n|move|p2a: Thank you Ernesto|Earthquake|p1a: \ud83d\udfeaSILVALLY\u2623\ufe0eVENOM\n|-supereffective|p1a: \ud83d\udfeaSILVALLY\u2623\ufe0eVENOM\n|-damage|p1a: \ud83d\udfeaSILVALLY\u2623\ufe0eVENOM|4\/100\n|\n|upkeep\n|turn|14\n|\n|t:|1700170400\n|move|p2a: Thank you Ernesto|Vacuum Wave|p1a: \ud83d\udfeaSILVALLY\u2623\ufe0eVENOM\n|-resisted|p1a: \ud83d\udfeaSILVALLY\u2623\ufe0eVENOM\n|-damage|p1a: \ud83d\udfeaSILVALLY\u2623\ufe0eVENOM|0 fnt\n|faint|p1a: \ud83d\udfeaSILVALLY\u2623\ufe0eVENOM\n|\n|upkeep\n|\n|t:|1700170405\n|switch|p1a: \ud83d\udfea\u2623\ufe0eOKIDOGI\u2623\ufe0e\ud83d\udfea|Okidogi, M|100\/100\n|turn|15\n|\n|t:|1700170410\n|move|p2a: Thank you Ernesto|Earthquake|p1a: \ud83d\udfea\u2623\ufe0eOKIDOGI\u2623\ufe0e\ud83d\udfea\n|-supereffective|p1a: \ud83d\udfea\u2623\ufe0eOKIDOGI\u2623\ufe0e\ud83d\udfea\n|-damage|p1a: \ud83d\udfea\u2623\ufe0eOKIDOGI\u2623\ufe0e\ud83d\udfea|36\/100\n|move|p1a: \ud83d\udfea\u2623\ufe0eOKIDOGI\u2623\ufe0e\ud83d\udfea|Poison Fang|p2a: Thank you Ernesto\n|-damage|p2a: Thank you Ernesto|37\/100\n|-status|p2a: Thank you Ernesto|tox\n|\n|-damage|p2a: Thank you Ernesto|31\/100 tox|[from] psn\n|upkeep\n|turn|16\n|\n|t:|1700170422\n|move|p2a: Thank you Ernesto|Earthquake|p1a: \ud83d\udfea\u2623\ufe0eOKIDOGI\u2623\ufe0e\ud83d\udfea\n|-supereffective|p1a: \ud83d\udfea\u2623\ufe0eOKIDOGI\u2623\ufe0e\ud83d\udfea\n|-damage|p1a: \ud83d\udfea\u2623\ufe0eOKIDOGI\u2623\ufe0e\ud83d\udfea|0 fnt\n|faint|p1a: \ud83d\udfea\u2623\ufe0eOKIDOGI\u2623\ufe0e\ud83d\udfea\n|\n|-damage|p2a: Thank you Ernesto|19\/100 tox|[from] psn\n|upkeep\n|\n|t:|1700170429\n|switch|p1a: \ud83d\udfea\u2623\ufe0eIRON MOTH\u2623\ufe0e\ud83d\udfea|Iron Moth|100\/100\n|-enditem|p1a: \ud83d\udfea\u2623\ufe0eIRON MOTH\u2623\ufe0e\ud83d\udfea|Booster Energy\n|-activate|p1a: \ud83d\udfea\u2623\ufe0eIRON MOTH\u2623\ufe0e\ud83d\udfea|ability: Quark Drive|[fromitem]\n|-start|p1a: \ud83d\udfea\u2623\ufe0eIRON MOTH\u2623\ufe0e\ud83d\udfea|quarkdrivespa\n|turn|17\n|\n|t:|1700170435\n|move|p1a: \ud83d\udfea\u2623\ufe0eIRON MOTH\u2623\ufe0e\ud83d\udfea|Sludge Wave|p2a: Thank you Ernesto\n|-crit|p2a: Thank you Ernesto\n|-damage|p2a: Thank you Ernesto|0 fnt\n|faint|p2a: Thank you Ernesto\n|\n|upkeep\n|\n|t:|1700170437\n|switch|p2a: DaCountryOfBrazil|Charizard, F, shiny|100\/100\n|turn|18\n|\n|t:|1700170443\n|move|p2a: DaCountryOfBrazil|Dragon Breath|p1a: \ud83d\udfea\u2623\ufe0eIRON MOTH\u2623\ufe0e\ud83d\udfea\n|-damage|p1a: \ud83d\udfea\u2623\ufe0eIRON MOTH\u2623\ufe0e\ud83d\udfea|78\/100\n|-status|p1a: \ud83d\udfea\u2623\ufe0eIRON MOTH\u2623\ufe0e\ud83d\udfea|par\n|cant|p1a: \ud83d\udfea\u2623\ufe0eIRON MOTH\u2623\ufe0e\ud83d\udfea|par\n|\n|upkeep\n|turn|19\n|\n|t:|1700170461\n|move|p2a: DaCountryOfBrazil|Dragon Pulse|p1a: \ud83d\udfea\u2623\ufe0eIRON MOTH\u2623\ufe0e\ud83d\udfea\n|-damage|p1a: \ud83d\udfea\u2623\ufe0eIRON MOTH\u2623\ufe0e\ud83d\udfea|44\/100 par\n|move|p1a: \ud83d\udfea\u2623\ufe0eIRON MOTH\u2623\ufe0e\ud83d\udfea|Sludge Wave|p2a: DaCountryOfBrazil\n|-damage|p2a: DaCountryOfBrazil|4\/100\n|\n|upkeep\n|turn|20\n|\n|t:|1700170468\n|move|p2a: DaCountryOfBrazil|Dragon Pulse|p1a: \ud83d\udfea\u2623\ufe0eIRON MOTH\u2623\ufe0e\ud83d\udfea\n|-damage|p1a: \ud83d\udfea\u2623\ufe0eIRON MOTH\u2623\ufe0e\ud83d\udfea|11\/100 par\n|move|p1a: \ud83d\udfea\u2623\ufe0eIRON MOTH\u2623\ufe0e\ud83d\udfea|Acid Spray|p2a: DaCountryOfBrazil\n|-damage|p2a: DaCountryOfBrazil|0 fnt\n|faint|p2a: DaCountryOfBrazil\n|\n|win|VEN0M-MODE\u2716\ufe0f\n|raw|VEN0M-MODE\u2716\ufe0f's rating: 1083 &rarr; <strong>1107<\/strong><br \/>(+24 for winning)\n|raw|SlamOnyx's rating: 1032 &rarr; <strong>1019<\/strong><br \/>(-13 for losing)\n|l| bugcatcherflatz \u269d\u5f61\n|l|\u2606SlamOnyx\n","uploadtime":1700170481,"views":10,"p1id":"ven0mmode","p2id":"slamonyx","formatid":"gen9nationaldexubers","rating":1019,"private":0,"password":""}