{"id":"gen9nationaldexubers-1987315209","p1":"tipoGhost","p2":"3eveeJ","format":"[Gen 9] National Dex Ubers","log":"|j|\u2606tipoGhost\n|j|\u26063eveeJ\n|t:|1699576564\n|gametype|singles\n|player|p1|tipoGhost|psychic-gen4|1000\n|player|p2|3eveeJ|cheryl|1105\n|teamsize|p1|6\n|teamsize|p2|6\n|gen|9\n|tier|[Gen 9] National Dex Ubers\n|rated|\n|rule|HP Percentage Mod: HP is shown in percentages\n|rule|Endless Battle Clause: Forcing endless battles is banned\n|rule|OHKO Clause: OHKO moves are banned\n|rule|Evasion Moves Clause: Evasion moves are banned\n|rule|Evasion Items Clause: Evasion items are banned\n|rule|Species Clause: Limit one of each Pok\u00e9mon\n|rule|Sleep Clause Mod: Limit one foe put to sleep\n|rule|Mega Rayquaza Clause: You cannot mega evolve Rayquaza\n|clearpoke\n|poke|p1|Darkrai|\n|poke|p1|Rotom-Wash|\n|poke|p1|Gliscor, F|\n|poke|p1|Blaziken, M|\n|poke|p1|Gengar, M|\n|poke|p1|Ferrothorn, F|\n|poke|p2|Togedemaru, L1, F|\n|poke|p2|Cyclizar, M|\n|poke|p2|Glimmora, M|\n|poke|p2|Corviknight, M|\n|poke|p2|Orthworm, F|\n|poke|p2|Bellibolt, F|\n|teampreview\n|\n|t:|1699576570\n|start\n|switch|p1a: Blade|Blaziken, M|100\/100\n|switch|p2a: This is a test|Glimmora, M|100\/100\n|turn|1\n|\n|t:|1699576576\n|detailschange|p1a: Blade|Blaziken-Mega, M\n|-mega|p1a: Blade|Blaziken|Blazikenite\n|move|p1a: Blade|Brick Break|p2a: This is a test\n|-damage|p2a: This is a test|53\/100\n|-damage|p1a: Blade|84\/100|[from] item: Rocky Helmet|[of] p2a: This is a test\n|-activate|p2a: This is a test|ability: Toxic Debris\n|-sidestart|p1: tipoGhost|move: Toxic Spikes\n|move|p2a: This is a test|Stealth Rock|p1a: Blade\n|-sidestart|p1: tipoGhost|move: Stealth Rock\n|\n|-ability|p1a: Blade|Speed Boost|boost\n|-boost|p1a: Blade|spe|1\n|upkeep\n|turn|2\n|\n|t:|1699576585\n|move|p2a: This is a test|Spiky Shield|p2a: This is a test\n|-singleturn|p2a: This is a test|move: Protect\n|move|p1a: Blade|Brick Break|p2a: This is a test\n|-activate|p2a: This is a test|move: Protect\n|-damage|p1a: Blade|72\/100|[from] Spiky Shield|[of] p2a: This is a test\n|\n|-ability|p1a: Blade|Speed Boost|boost\n|-boost|p1a: Blade|spe|1\n|upkeep\n|turn|3\n|\n|t:|1699576594\n|move|p1a: Blade|Brick Break|p2a: This is a test\n|-damage|p2a: This is a test|4\/100\n|-damage|p1a: Blade|55\/100|[from] item: Rocky Helmet|[of] p2a: This is a test\n|-activate|p2a: This is a test|ability: Toxic Debris\n|-sidestart|p1: tipoGhost|move: Toxic Spikes\n|move|p2a: This is a test|Spikes|p1a: Blade\n|-sidestart|p1: tipoGhost|Spikes\n|\n|-ability|p1a: Blade|Speed Boost|boost\n|-boost|p1a: Blade|spe|1\n|upkeep\n|turn|4\n|\n|t:|1699576603\n|move|p2a: This is a test|Spiky Shield|p2a: This is a test\n|-singleturn|p2a: This is a test|move: Protect\n|move|p1a: Blade|Brick Break|p2a: This is a test\n|-activate|p2a: This is a test|move: Protect\n|-damage|p1a: Blade|43\/100|[from] Spiky Shield|[of] p2a: This is a test\n|\n|-ability|p1a: Blade|Speed Boost|boost\n|-boost|p1a: Blade|spe|1\n|upkeep\n|turn|5\n|\n|t:|1699576612\n|move|p1a: Blade|Brick Break|p2a: This is a test\n|-damage|p2a: This is a test|0 fnt\n|-damage|p1a: Blade|26\/100|[from] item: Rocky Helmet|[of] p2a: This is a test\n|faint|p2a: This is a test\n|\n|-ability|p1a: Blade|Speed Boost|boost\n|-boost|p1a: Blade|spe|1\n|upkeep\n|\n|t:|1699576619\n|switch|p2a: Togedemaru|Togedemaru, L1, F|100\/100\n|turn|6\n|\n|t:|1699576622\n|move|p2a: Togedemaru|Fake Out|p1a: Blade\n|-damage|p1a: Blade|26\/100\n|cant|p1a: Blade|flinch\n|\n|-ability|p1a: Blade|Speed Boost|boost\n|-boost|p1a: Blade|spe|1\n|upkeep\n|turn|7\n|\n|t:|1699576631\n|move|p2a: Togedemaru|Spiky Shield|p2a: Togedemaru\n|-singleturn|p2a: Togedemaru|move: Protect\n|move|p1a: Blade|Blaze Kick|p2a: Togedemaru\n|-activate|p2a: Togedemaru|move: Protect\n|-damage|p1a: Blade|13\/100|[from] Spiky Shield|[of] p2a: Togedemaru\n|\n|upkeep\n|turn|8\n|\n|t:|1699576639\n|move|p1a: Blade|Blaze Kick|p2a: Togedemaru\n|-supereffective|p2a: Togedemaru\n|-crit|p2a: Togedemaru\n|-ability|p2a: Togedemaru|Sturdy\n|-damage|p2a: Togedemaru|9\/100\n|-status|p2a: Togedemaru|brn\n|move|p2a: Togedemaru|Endeavor|p1a: Blade\n|-damage|p1a: Blade|1\/100\n|-heal|p2a: Togedemaru|42\/100 brn|[from] item: Shell Bell|[of] p1a: Blade\n|\n|-damage|p2a: Togedemaru|34\/100 brn|[from] brn\n|upkeep\n|turn|9\n|\n|t:|1699576652\n|move|p2a: Togedemaru|Spiky Shield|p2a: Togedemaru\n|-singleturn|p2a: Togedemaru|move: Protect\n|move|p1a: Blade|Blaze Kick|p2a: Togedemaru\n|-activate|p2a: Togedemaru|move: Protect\n|-damage|p1a: Blade|0 fnt|[from] Spiky Shield|[of] p2a: Togedemaru\n|faint|p1a: Blade\n|\n|-damage|p2a: Togedemaru|25\/100 brn|[from] brn\n|upkeep\n|\n|t:|1699576656\n|switch|p1a: Molezinha|Rotom-Wash|100\/100\n|-damage|p1a: Molezinha|88\/100|[from] Stealth Rock\n|turn|10\n|\n|t:|1699576665\n|switch|p2a: Orthworm|Orthworm, F|100\/100\n|move|p1a: Molezinha|Defog|p2a: Orthworm\n|-unboost|p2a: Orthworm|evasion|1\n|-sideend|p1: tipoGhost|Spikes|[from] move: Defog|[of] p1a: Molezinha\n|-sideend|p1: tipoGhost|Toxic Spikes|[from] move: Defog|[of] p1a: Molezinha\n|-sideend|p1: tipoGhost|Stealth Rock|[from] move: Defog|[of] p1a: Molezinha\n|\n|upkeep\n|turn|11\n|\n|t:|1699576682\n|switch|p1a: Barbara|Gliscor, F|100\/100\n|move|p2a: Orthworm|Shed Tail|p2a: Orthworm\n|-start|p2a: Orthworm|Substitute|[from] move: Shed Tail\n|-damage|p2a: Orthworm|50\/100\n|\n|t:|1699576688\n|switch|p2a: Togedemaru|Togedemaru, L1, F|25\/100 brn|[from] Shed Tail\n|\n|-damage|p2a: Togedemaru|17\/100 brn|[from] brn\n|-status|p1a: Barbara|tox|[from] item: Toxic Orb\n|upkeep\n|turn|12\n|\n|t:|1699576698\n|move|p2a: Togedemaru|Fake Out|p1a: Barbara\n|-damage|p1a: Barbara|99\/100 tox\n|-heal|p2a: Togedemaru|25\/100 brn|[from] item: Shell Bell|[of] p1a: Barbara\n|cant|p1a: Barbara|flinch\n|\n|-heal|p1a: Barbara|100\/100 tox|[from] ability: Poison Heal\n|-damage|p2a: Togedemaru|17\/100 brn|[from] brn\n|upkeep\n|turn|13\n|\n|t:|1699576707\n|move|p1a: Barbara|Earthquake|p2a: Togedemaru\n|-supereffective|p2a: Togedemaru\n|-end|p2a: Togedemaru|Substitute\n|move|p2a: Togedemaru|Endeavor|p1a: Barbara\n|-damage|p1a: Barbara|1\/100 tox\n|-heal|p2a: Togedemaru|100\/100 brn|[from] item: Shell Bell|[of] p1a: Barbara\n|\n|-heal|p1a: Barbara|13\/100 tox|[from] ability: Poison Heal\n|-damage|p2a: Togedemaru|92\/100 brn|[from] brn\n|upkeep\n|turn|14\n|\n|t:|1699576718\n|move|p2a: Togedemaru|Spiky Shield|p2a: Togedemaru\n|-singleturn|p2a: Togedemaru|move: Protect\n|move|p1a: Barbara|Earthquake|p2a: Togedemaru\n|-activate|p2a: Togedemaru|move: Protect\n|\n|-heal|p1a: Barbara|26\/100 tox|[from] ability: Poison Heal\n|-damage|p2a: Togedemaru|84\/100 brn|[from] brn\n|upkeep\n|turn|15\n|\n|t:|1699576727\n|switch|p2a: Corviknight|Corviknight, M|100\/100\n|move|p1a: Barbara|Earthquake|p2a: Corviknight\n|-immune|p2a: Corviknight\n|\n|-heal|p1a: Barbara|38\/100 tox|[from] ability: Poison Heal\n|upkeep\n|turn|16\n|\n|t:|1699576735\n|move|p1a: Barbara|Protect|p1a: Barbara\n|-singleturn|p1a: Barbara|Protect\n|move|p2a: Corviknight|Taunt|p1a: Barbara\n|-activate|p1a: Barbara|move: Protect\n|\n|-heal|p1a: Barbara|50\/100 tox|[from] ability: Poison Heal\n|upkeep\n|turn|17\n|\n|t:|1699576742\n|move|p1a: Barbara|Stone Edge|p2a: Corviknight\n|-damage|p2a: Corviknight|84\/100\n|move|p2a: Corviknight|Taunt|p1a: Barbara\n|-start|p1a: Barbara|move: Taunt\n|\n|-heal|p1a: Barbara|62\/100 tox|[from] ability: Poison Heal\n|upkeep\n|turn|18\n|\n|t:|1699576750\n|switch|p1a: Nightmare|Darkrai, shiny|100\/100\n|move|p2a: Corviknight|U-turn|p1a: Nightmare\n|-supereffective|p1a: Nightmare\n|-crit|p1a: Nightmare\n|-damage|p1a: Nightmare|31\/100\n|\n|t:|1699576756\n|switch|p2a: Cyclizar|Cyclizar, M|100\/100|[from] U-turn\n|\n|upkeep\n|turn|19\n|\n|t:|1699576760\n|move|p2a: Cyclizar|Shed Tail|p2a: Cyclizar\n|-start|p2a: Cyclizar|Substitute|[from] move: Shed Tail\n|-damage|p2a: Cyclizar|50\/100\n|\n|t:|1699576764\n|switch|p2a: Corviknight|Corviknight, M|84\/100|[from] Shed Tail\n|move|p1a: Nightmare|Hypnosis||[still]\n|-fail|p1a: Nightmare\n|\n|upkeep\n|turn|20\n|\n|t:|1699576772\n|switch|p1a: Molezinha|Rotom-Wash|88\/100\n|move|p2a: Corviknight|U-turn|p1a: Molezinha\n|-damage|p1a: Molezinha|61\/100\n|\n|t:|1699576779\n|switch|p2a: Bellibolt|Bellibolt, F|100\/100|[from] U-turn\n|\n|upkeep\n|turn|21\n|\n|t:|1699576791\n|switch|p1a: Barbara|Gliscor, F|62\/100 tox\n|move|p2a: Bellibolt|Sucker Punch||[still]\n|-fail|p2a: Bellibolt\n|\n|-heal|p1a: Barbara|74\/100 tox|[from] ability: Poison Heal\n|upkeep\n|turn|22\n|\n|t:|1699576798\n|move|p1a: Barbara|Stone Edge|p2a: Bellibolt\n|-damage|p2a: Bellibolt|89\/100\n|-start|p2a: Bellibolt|Charge|Stone Edge|[from] ability: Electromorphosis\n|move|p2a: Bellibolt|Muddy Water|p1a: Barbara\n|-supereffective|p1a: Barbara\n|-damage|p1a: Barbara|20\/100 tox\n|\n|-heal|p2a: Bellibolt|95\/100|[from] item: Leftovers\n|-heal|p1a: Barbara|33\/100 tox|[from] ability: Poison Heal\n|upkeep\n|turn|23\n|\n|t:|1699576807\n|move|p1a: Barbara|Earthquake|p2a: Bellibolt\n|-supereffective|p2a: Bellibolt\n|-damage|p2a: Bellibolt|57\/100\n|-start|p2a: Bellibolt|Charge|Earthquake|[from] ability: Electromorphosis\n|move|p2a: Bellibolt|Muddy Water|p1a: Barbara\n|-supereffective|p1a: Barbara\n|-damage|p1a: Barbara|0 fnt\n|faint|p1a: Barbara\n|\n|-heal|p2a: Bellibolt|63\/100|[from] item: Leftovers\n|upkeep\n|\n|t:|1699576812\n|switch|p1a: Nightmare|Darkrai, shiny|31\/100\n|turn|24\n|\n|t:|1699576823\n|move|p1a: Nightmare|Hypnosis|p2a: Bellibolt|[miss]\n|-miss|p1a: Nightmare|p2a: Bellibolt\n|move|p2a: Bellibolt|Volt Switch|p1a: Nightmare\n|-damage|p1a: Nightmare|0 fnt\n|faint|p1a: Nightmare\n|-end|p2a: Bellibolt|Charge|[silent]\n|\n|t:|1699576830\n|switch|p2a: Orthworm|Orthworm, F|50\/100|[from] Volt Switch\n|\n|upkeep\n|\n|t:|1699576839\n|switch|p1a: Macrower|Gengar, M|100\/100\n|turn|25\n|\n|t:|1699576845\n|-terastallize|p1a: Macrower|Fairy\n|move|p2a: Orthworm|Protect|p2a: Orthworm\n|-singleturn|p2a: Orthworm|Protect\n|move|p1a: Macrower|Destiny Bond|p1a: Macrower\n|-singlemove|p1a: Macrower|Destiny Bond\n|\n|-damage|p1a: Macrower|88\/100|[from] item: Black Sludge\n|upkeep\n|turn|26\n|\n|t:|1699576852\n|move|p1a: Macrower|Shadow Ball|p2a: Orthworm\n|-damage|p2a: Orthworm|12\/100\n|move|p2a: Orthworm|Coil|p2a: Orthworm\n|-boost|p2a: Orthworm|atk|1\n|-boost|p2a: Orthworm|def|1\n|-boost|p2a: Orthworm|accuracy|1\n|\n|-damage|p1a: Macrower|76\/100|[from] item: Black Sludge\n|upkeep\n|turn|27\n|\n|t:|1699576863\n|move|p1a: Macrower|Shadow Ball|p2a: Orthworm\n|-damage|p2a: Orthworm|0 fnt\n|faint|p2a: Orthworm\n|\n|-damage|p1a: Macrower|63\/100|[from] item: Black Sludge\n|upkeep\n|\n|t:|1699576869\n|switch|p2a: Corviknight|Corviknight, M|84\/100\n|turn|28\n|\n|t:|1699576873\n|move|p1a: Macrower|Hypnosis|p2a: Corviknight\n|-status|p2a: Corviknight|slp|[from] move: Hypnosis\n|cant|p2a: Corviknight|slp\n|\n|-damage|p1a: Macrower|51\/100|[from] item: Black Sludge\n|upkeep\n|turn|29\n|\n|t:|1699576880\n|move|p1a: Macrower|Shadow Ball|p2a: Corviknight\n|-damage|p2a: Corviknight|46\/100 slp\n|cant|p2a: Corviknight|slp\n|\n|-damage|p1a: Macrower|38\/100|[from] item: Black Sludge\n|upkeep\n|turn|30\n|\n|t:|1699576886\n|move|p1a: Macrower|Shadow Ball|p2a: Corviknight\n|-damage|p2a: Corviknight|9\/100 slp\n|cant|p2a: Corviknight|slp\n|\n|-damage|p1a: Macrower|26\/100|[from] item: Black Sludge\n|upkeep\n|turn|31\n|\n|t:|1699576894\n|move|p1a: Macrower|Shadow Ball|p2a: Corviknight\n|-damage|p2a: Corviknight|0 fnt\n|faint|p2a: Corviknight\n|\n|-damage|p1a: Macrower|13\/100|[from] item: Black Sludge\n|upkeep\n|\n|t:|1699576900\n|switch|p2a: Bellibolt|Bellibolt, F|63\/100\n|turn|32\n|\n|t:|1699576904\n|move|p1a: Macrower|Hypnosis|p2a: Bellibolt\n|-status|p2a: Bellibolt|slp|[from] move: Hypnosis\n|cant|p2a: Bellibolt|slp\n|\n|-damage|p1a: Macrower|1\/100|[from] item: Black Sludge\n|-heal|p2a: Bellibolt|69\/100 slp|[from] item: Leftovers\n|upkeep\n|turn|33\n|\n|t:|1699576914\n|move|p1a: Macrower|Sludge Wave|p2a: Bellibolt\n|-damage|p2a: Bellibolt|28\/100 slp\n|-start|p2a: Bellibolt|Charge|Sludge Wave|[from] ability: Electromorphosis\n|-curestatus|p2a: Bellibolt|slp|[msg]\n|move|p2a: Bellibolt|Slack Off|p2a: Bellibolt\n|-heal|p2a: Bellibolt|78\/100\n|\n|-damage|p1a: Macrower|0 fnt|[from] item: Black Sludge\n|faint|p1a: Macrower\n|-heal|p2a: Bellibolt|84\/100|[from] item: Leftovers\n|upkeep\n|\n|t:|1699576918\n|switch|p1a: Iron Mandei|Ferrothorn, F|100\/100\n|turn|34\n|\n|t:|1699576930\n|move|p2a: Bellibolt|Volt Switch|p1a: Iron Mandei\n|-resisted|p1a: Iron Mandei\n|-damage|p1a: Iron Mandei|80\/100\n|-end|p2a: Bellibolt|Charge|[silent]\n|\n|t:|1699576934\n|switch|p2a: Cyclizar|Cyclizar, M|83\/100|[from] Volt Switch\n|move|p1a: Iron Mandei|Leech Seed|p2a: Cyclizar\n|-start|p2a: Cyclizar|move: Leech Seed\n|\n|-heal|p1a: Iron Mandei|86\/100|[from] item: Leftovers\n|-damage|p2a: Cyclizar|71\/100|[from] Leech Seed|[of] p1a: Iron Mandei\n|-heal|p1a: Iron Mandei|96\/100|[silent]\n|upkeep\n|turn|35\n|\n|t:|1699576946\n|move|p2a: Cyclizar|Fire Fang|p1a: Iron Mandei\n|-supereffective|p1a: Iron Mandei\n|-damage|p1a: Iron Mandei|53\/100\n|-damage|p2a: Cyclizar|59\/100|[from] ability: Iron Barbs|[of] p1a: Iron Mandei\n|move|p1a: Iron Mandei|Body Press|p2a: Cyclizar\n|-supereffective|p2a: Cyclizar\n|-damage|p2a: Cyclizar|0 fnt\n|faint|p2a: Cyclizar\n|\n|-heal|p1a: Iron Mandei|59\/100|[from] item: Leftovers\n|upkeep\n|\n|t:|1699576956\n|switch|p2a: Togedemaru|Togedemaru, L1, F|84\/100 brn\n|turn|36\n|\n|t:|1699576967\n|move|p2a: Togedemaru|Spiky Shield|p2a: Togedemaru\n|-singleturn|p2a: Togedemaru|move: Protect\n|move|p1a: Iron Mandei|Leech Seed|p2a: Togedemaru\n|-activate|p2a: Togedemaru|move: Protect\n|\n|-heal|p1a: Iron Mandei|66\/100|[from] item: Leftovers\n|-damage|p2a: Togedemaru|75\/100 brn|[from] brn\n|upkeep\n|turn|37\n|\n|t:|1699576975\n|move|p1a: Iron Mandei|Leech Seed|p2a: Togedemaru\n|-start|p2a: Togedemaru|move: Leech Seed\n|move|p2a: Togedemaru|Endeavor|p1a: Iron Mandei\n|-damage|p1a: Iron Mandei|3\/100\n|-damage|p2a: Togedemaru|67\/100 brn|[from] ability: Iron Barbs|[of] p1a: Iron Mandei\n|-heal|p2a: Togedemaru|100\/100 brn|[from] item: Shell Bell|[of] p1a: Iron Mandei\n|\n|-heal|p1a: Iron Mandei|9\/100|[from] item: Leftovers\n|-damage|p2a: Togedemaru|92\/100 brn|[from] Leech Seed|[of] p1a: Iron Mandei\n|-heal|p1a: Iron Mandei|10\/100|[silent]\n|-damage|p2a: Togedemaru|84\/100 brn|[from] brn\n|upkeep\n|turn|38\n|\n|t:|1699576987\n|move|p2a: Togedemaru|Spiky Shield|p2a: Togedemaru\n|-singleturn|p2a: Togedemaru|move: Protect\n|move|p1a: Iron Mandei|Body Press|p2a: Togedemaru\n|-activate|p2a: Togedemaru|move: Protect\n|-damage|p1a: Iron Mandei|0 fnt|[from] Spiky Shield|[of] p2a: Togedemaru\n|faint|p1a: Iron Mandei\n|\n|-damage|p2a: Togedemaru|75\/100 brn|[from] brn\n|upkeep\n|\n|t:|1699576990\n|switch|p1a: Molezinha|Rotom-Wash|61\/100\n|turn|39\n|\n|t:|1699577000\n|switch|p2a: Bellibolt|Bellibolt, F|84\/100\n|move|p1a: Molezinha|Hydro Pump|p2a: Bellibolt|[miss]\n|-miss|p1a: Molezinha|p2a: Bellibolt\n|\n|-heal|p2a: Bellibolt|91\/100|[from] item: Leftovers\n|upkeep\n|turn|40\n|\n|t:|1699577009\n|move|p2a: Bellibolt|Sucker Punch|p1a: Molezinha\n|-damage|p1a: Molezinha|45\/100\n|move|p1a: Molezinha|Hydro Pump|p2a: Bellibolt|[miss]\n|-miss|p1a: Molezinha|p2a: Bellibolt\n|\n|-heal|p2a: Bellibolt|97\/100|[from] item: Leftovers\n|upkeep\n|turn|41\n|\n|t:|1699577016\n|move|p1a: Molezinha|Hydro Pump|p2a: Bellibolt\n|-damage|p2a: Bellibolt|53\/100\n|-start|p2a: Bellibolt|Charge|Hydro Pump|[from] ability: Electromorphosis\n|move|p2a: Bellibolt|Muddy Water|p1a: Molezinha\n|-resisted|p1a: Molezinha\n|-damage|p1a: Molezinha|31\/100\n|\n|-heal|p2a: Bellibolt|59\/100|[from] item: Leftovers\n|upkeep\n|turn|42\n|\n|t:|1699577025\n|move|p1a: Molezinha|Volt Switch|p2a: Bellibolt\n|-resisted|p2a: Bellibolt\n|-damage|p2a: Bellibolt|44\/100\n|-start|p2a: Bellibolt|Charge|Volt Switch|[from] ability: Electromorphosis\n|move|p2a: Bellibolt|Volt Switch|p1a: Molezinha\n|-damage|p1a: Molezinha|0 fnt\n|faint|p1a: Molezinha\n|-end|p2a: Bellibolt|Charge|[silent]\n|\n|win|3eveeJ\n|raw|tipoGhost's rating: 1000 &rarr; <strong>1000<\/strong><br \/>(+0 for losing)\n|raw|3eveeJ's rating: 1105 &rarr; <strong>1123<\/strong><br \/>(+18 for winning)\n|l|\u2606tipoGhost\n|c|\u26063eveeJ|gg\n","uploadtime":1699577041,"views":27,"p1id":"tipoghost","p2id":"3eveej","formatid":"gen9nationaldexubers","rating":1000,"private":0,"password":""}