{"id":"gen9nationaldexubers-1985060023","p1":"DustNstuff","p2":"sicily is annoying","format":"[Gen 9] National Dex Ubers","log":"|j|\u2606DustNstuff\n|j|\u2606sicily is annoying\n|t:|1699325858\n|gametype|singles\n|player|p1|DustNstuff|boarder|1000\n|player|p2|sicily is annoying|cynthia-gen4|1108\n|teamsize|p1|3\n|teamsize|p2|6\n|gen|9\n|tier|[Gen 9] National Dex Ubers\n|rated|\n|rule|HP Percentage Mod: HP is shown in percentages\n|rule|Endless Battle Clause: Forcing endless battles is banned\n|rule|OHKO Clause: OHKO moves are banned\n|rule|Evasion Moves Clause: Evasion moves are banned\n|rule|Evasion Items Clause: Evasion items are banned\n|rule|Species Clause: Limit one of each Pok\u00e9mon\n|rule|Sleep Clause Mod: Limit one foe put to sleep\n|rule|Mega Rayquaza Clause: You cannot mega evolve Rayquaza\n|clearpoke\n|poke|p1|Shuckle, M|\n|poke|p1|Durant, L1, F|\n|poke|p1|Dugtrio, M|\n|poke|p2|Maushold-Four|\n|poke|p2|Xerneas-*|\n|poke|p2|Blaziken, M|\n|poke|p2|Spectrier|\n|poke|p2|Magearna|\n|poke|p2|Genesect-Douse|\n|teampreview\n|\n|t:|1699325868\n|start\n|switch|p1a: Shuckle|Shuckle, M|100\/100\n|switch|p2a: Genesect|Genesect-Douse, shiny|100\/100\n|-ability|p2a: Genesect|Download|boost\n|-boost|p2a: Genesect|atk|1\n|turn|1\n|\n|t:|1699325881\n|move|p2a: Genesect|Extreme Speed|p1a: Shuckle\n|-resisted|p1a: Shuckle\n|-damage|p1a: Shuckle|85\/100\n|move|p1a: Shuckle|Sticky Web|p2a: Genesect\n|-sidestart|p2: sicily is annoying|move: Sticky Web\n|\n|upkeep\n|turn|2\n|\n|t:|1699325891\n|-terastallize|p2a: Genesect|Bug\n|move|p2a: Genesect|Magic Coat|p2a: Genesect\n|-singleturn|p2a: Genesect|move: Magic Coat\n|move|p1a: Shuckle|Stealth Rock|p2a: Genesect\n|move|p2a: Genesect|Stealth Rock|p1a: Shuckle|[from]Magic Coat\n|-sidestart|p1: DustNstuff|move: Stealth Rock\n|\n|upkeep\n|turn|3\n|\n|t:|1699325903\n|move|p2a: Genesect|Shift Gear|p2a: Genesect\n|-boost|p2a: Genesect|spe|2\n|-boost|p2a: Genesect|atk|1\n|move|p1a: Shuckle|Stealth Rock|p2a: Genesect\n|-sidestart|p2: sicily is annoying|move: Stealth Rock\n|\n|upkeep\n|turn|4\n|\n|t:|1699325914\n|switch|p1a: Durant|Durant, L1, F|100\/100\n|-damage|p1a: Durant|92\/100|[from] Stealth Rock\n|move|p2a: Genesect|Shift Gear|p2a: Genesect\n|-boost|p2a: Genesect|spe|2\n|-boost|p2a: Genesect|atk|1\n|\n|upkeep\n|turn|5\n|\n|t:|1699325922\n|move|p2a: Genesect|Shift Gear|p2a: Genesect\n|-boost|p2a: Genesect|spe|2\n|-boost|p2a: Genesect|atk|1\n|move|p1a: Durant|Entrainment|p2a: Genesect\n|-endability|p2a: Genesect|Download|[from] move: Entrainment\n|-ability|p2a: Genesect|Truant|[from] move: Entrainment\n|\n|upkeep\n|turn|6\n|\n|t:|1699325931\n|switch|p1a: Dugtrio|Dugtrio, M|100\/100\n|-damage|p1a: Dugtrio|94\/100|[from] Stealth Rock\n|cant|p2a: Genesect|ability: Truant\n|\n|upkeep\n|turn|7\n|\n|t:|1699325939\n|move|p1a: Dugtrio|Protect|p1a: Dugtrio\n|-singleturn|p1a: Dugtrio|Protect\n|move|p2a: Genesect|Extreme Speed|p1a: Dugtrio\n|-activate|p1a: Dugtrio|move: Protect\n|\n|upkeep\n|turn|8\n|\n|t:|1699325950\n|cant|p2a: Genesect|ability: Truant\n|move|p1a: Dugtrio|Hone Claws|p1a: Dugtrio\n|-boost|p1a: Dugtrio|atk|1\n|-boost|p1a: Dugtrio|accuracy|1\n|\n|upkeep\n|turn|9\n|\n|t:|1699325963\n|move|p1a: Dugtrio|Protect|p1a: Dugtrio\n|-singleturn|p1a: Dugtrio|Protect\n|move|p2a: Genesect|Shift Gear|p2a: Genesect\n|-boost|p2a: Genesect|spe|0\n|-boost|p2a: Genesect|atk|1\n|\n|upkeep\n|turn|10\n|\n|t:|1699325974\n|cant|p2a: Genesect|ability: Truant\n|move|p1a: Dugtrio|Hone Claws|p1a: Dugtrio\n|-boost|p1a: Dugtrio|atk|1\n|-boost|p1a: Dugtrio|accuracy|1\n|\n|upkeep\n|turn|11\n|\n|t:|1699325983\n|move|p2a: Genesect|Magic Coat|p2a: Genesect\n|-singleturn|p2a: Genesect|move: Magic Coat\n|move|p1a: Dugtrio|Protect||[still]\n|-fail|p1a: Dugtrio\n|\n|upkeep\n|turn|12\n|\n|t:|1699325994\n|cant|p2a: Genesect|ability: Truant\n|move|p1a: Dugtrio|Hone Claws|p1a: Dugtrio\n|-boost|p1a: Dugtrio|atk|1\n|-boost|p1a: Dugtrio|accuracy|1\n|\n|upkeep\n|turn|13\n|\n|t:|1699326000\n|move|p1a: Dugtrio|Protect|p1a: Dugtrio\n|-singleturn|p1a: Dugtrio|Protect\n|move|p2a: Genesect|Leech Life|p1a: Dugtrio\n|-activate|p1a: Dugtrio|move: Protect\n|\n|upkeep\n|turn|14\n|\n|t:|1699326008\n|cant|p2a: Genesect|ability: Truant\n|move|p1a: Dugtrio|Hone Claws|p1a: Dugtrio\n|-boost|p1a: Dugtrio|atk|1\n|-boost|p1a: Dugtrio|accuracy|1\n|\n|upkeep\n|turn|15\n|\n|t:|1699326015\n|move|p1a: Dugtrio|Protect|p1a: Dugtrio\n|-singleturn|p1a: Dugtrio|Protect\n|move|p2a: Genesect|Leech Life|p1a: Dugtrio\n|-activate|p1a: Dugtrio|move: Protect\n|\n|upkeep\n|turn|16\n|\n|t:|1699326021\n|cant|p2a: Genesect|ability: Truant\n|move|p1a: Dugtrio|Hone Claws|p1a: Dugtrio\n|-boost|p1a: Dugtrio|atk|1\n|-boost|p1a: Dugtrio|accuracy|1\n|\n|upkeep\n|turn|17\n|\n|t:|1699326028\n|move|p1a: Dugtrio|Protect|p1a: Dugtrio\n|-singleturn|p1a: Dugtrio|Protect\n|move|p2a: Genesect|Leech Life|p1a: Dugtrio\n|-activate|p1a: Dugtrio|move: Protect\n|\n|upkeep\n|turn|18\n|\n|t:|1699326035\n|cant|p2a: Genesect|ability: Truant\n|move|p1a: Dugtrio|Hone Claws|p1a: Dugtrio\n|-boost|p1a: Dugtrio|atk|1\n|-boost|p1a: Dugtrio|accuracy|1\n|\n|upkeep\n|turn|19\n|\n|t:|1699326044\n|move|p1a: Dugtrio|Protect|p1a: Dugtrio\n|-singleturn|p1a: Dugtrio|Protect\n|move|p2a: Genesect|Leech Life|p1a: Dugtrio\n|-activate|p1a: Dugtrio|move: Protect\n|\n|upkeep\n|turn|20\n|\n|t:|1699326050\n|cant|p2a: Genesect|ability: Truant\n|move|p1a: Dugtrio|Hone Claws|p1a: Dugtrio\n|-boost|p1a: Dugtrio|atk|0\n|-boost|p1a: Dugtrio|accuracy|0\n|\n|upkeep\n|turn|21\n|\n|t:|1699326057\n|move|p1a: Dugtrio|Protect|p1a: Dugtrio\n|-singleturn|p1a: Dugtrio|Protect\n|move|p2a: Genesect|Leech Life|p1a: Dugtrio\n|-activate|p1a: Dugtrio|move: Protect\n|\n|upkeep\n|turn|22\n|\n|t:|1699326067\n|cant|p2a: Genesect|ability: Truant\n|move|p1a: Dugtrio|Stone Edge|p2a: Genesect\n|-supereffective|p2a: Genesect\n|-damage|p2a: Genesect|0 fnt\n|faint|p2a: Genesect\n|\n|upkeep\n|\n|t:|1699326081\n|switch|p2a: Spectrier|Spectrier|100\/100\n|-activate|p2a: Spectrier|move: Sticky Web\n|-unboost|p2a: Spectrier|spe|1\n|-damage|p2a: Spectrier|88\/100|[from] Stealth Rock\n|turn|23\n|\n|t:|1699326090\n|move|p1a: Dugtrio|Stone Edge|p2a: Spectrier\n|-damage|p2a: Spectrier|0 fnt\n|faint|p2a: Spectrier\n|\n|upkeep\n|\n|t:|1699326104\n|switch|p2a: Blaziken|Blaziken, M|100\/100\n|-activate|p2a: Blaziken|move: Sticky Web\n|-unboost|p2a: Blaziken|spe|1\n|-damage|p2a: Blaziken|88\/100|[from] Stealth Rock\n|turn|24\n|\n|t:|1699326114\n|detailschange|p2a: Blaziken|Blaziken-Mega, M\n|-mega|p2a: Blaziken|Blaziken|Blazikenite\n|move|p1a: Dugtrio|Earthquake|p2a: Blaziken\n|-supereffective|p2a: Blaziken\n|-damage|p2a: Blaziken|0 fnt\n|faint|p2a: Blaziken\n|\n|upkeep\n|\n|t:|1699326125\n|switch|p2a: Magearna|Magearna|100\/100\n|-activate|p2a: Magearna|move: Sticky Web\n|-unboost|p2a: Magearna|spe|1\n|-damage|p2a: Magearna|94\/100|[from] Stealth Rock\n|turn|25\n|\n|t:|1699326137\n|move|p1a: Dugtrio|Stone Edge|p2a: Magearna\n|-resisted|p2a: Magearna\n|-damage|p2a: Magearna|49\/100\n|move|p2a: Magearna|Draining Kiss|p1a: Dugtrio\n|-damage|p1a: Dugtrio|37\/100\n|-heal|p2a: Magearna|74\/100|[from] drain|[of] p1a: Dugtrio\n|\n|-heal|p2a: Magearna|80\/100|[from] item: Leftovers\n|upkeep\n|turn|26\n|\n|t:|1699326147\n|move|p1a: Dugtrio|Earthquake|p2a: Magearna\n|-supereffective|p2a: Magearna\n|-damage|p2a: Magearna|0 fnt\n|faint|p2a: Magearna\n|\n|upkeep\n|\n|t:|1699326152\n|switch|p2a: Xerneas|Xerneas|100\/100\n|-activate|p2a: Xerneas|move: Sticky Web\n|-unboost|p2a: Xerneas|spe|1\n|-damage|p2a: Xerneas|88\/100|[from] Stealth Rock\n|-ability|p2a: Xerneas|Fairy Aura\n|turn|27\n|\n|t:|1699326162\n|move|p1a: Dugtrio|Earthquake|p2a: Xerneas\n|-damage|p2a: Xerneas|0 fnt\n|faint|p2a: Xerneas\n|\n|upkeep\n|\n|t:|1699326166\n|switch|p2a: Maushold|Maushold-Four|100\/100\n|-activate|p2a: Maushold|move: Sticky Web\n|-unboost|p2a: Maushold|spe|1\n|-damage|p2a: Maushold|88\/100|[from] Stealth Rock\n|turn|28\n|\n|t:|1699326172\n|move|p2a: Maushold|Protect|p2a: Maushold\n|-singleturn|p2a: Maushold|Protect\n|move|p1a: Dugtrio|Earthquake|p2a: Maushold\n|-activate|p2a: Maushold|move: Protect\n|\n|upkeep\n|turn|29\n|\n|t:|1699326179\n|move|p2a: Maushold|Protect||[still]\n|-fail|p2a: Maushold\n|move|p1a: Dugtrio|Earthquake|p2a: Maushold\n|-damage|p2a: Maushold|0 fnt\n|faint|p2a: Maushold\n|\n|win|DustNstuff\n|raw|DustNstuff's rating: 1000 &rarr; <strong>1052<\/strong><br \/>(+52 for winning)\n|raw|sicily is annoying's rating: 1108 &rarr; <strong>1075<\/strong><br \/>(-33 for losing)\n|c|\u2606DustNstuff|Gg\n|l|\u2606sicily is annoying\n","uploadtime":1699326195,"views":5,"p1id":"dustnstuff","p2id":"sicilyisannoying","formatid":"gen9nationaldexubers","rating":1052,"private":0,"password":""}