{"id":"gen9nationaldexubers-1994330445","p1":"ezrathycc","p2":"TheSnommunistParty","format":"[Gen 9] National Dex Ubers","log":"|j|\u2606ezrathycc\n|j|\u2606TheSnommunistParty\n|t:|1700431834\n|gametype|singles\n|player|p1|ezrathycc|ghetsis|\n|player|p2|TheSnommunistParty|sabrina|\n|teamsize|p1|6\n|teamsize|p2|6\n|gen|9\n|tier|[Gen 9] National Dex Ubers\n|rule|HP Percentage Mod: HP is shown in percentages\n|rule|Endless Battle Clause: Forcing endless battles is banned\n|rule|OHKO Clause: OHKO moves are banned\n|rule|Evasion Moves Clause: Evasion moves are banned\n|rule|Evasion Items Clause: Evasion items are banned\n|rule|Species Clause: Limit one of each Pok\u00e9mon\n|rule|Sleep Clause Mod: Limit one foe put to sleep\n|rule|Mega Rayquaza Clause: You cannot mega evolve Rayquaza\n|clearpoke\n|poke|p1|Iron Bundle|\n|poke|p1|Iron Valiant|\n|poke|p1|Pincurchin, F|\n|poke|p1|Regigigas|\n|poke|p1|Corviknight, F|\n|poke|p1|Bidoof, M|\n|poke|p2|Alakazam, M|\n|poke|p2|Glimmora, M|\n|poke|p2|Tinkaton, F|\n|poke|p2|Eiscue, M|\n|poke|p2|Sinistcha|\n|poke|p2|Drakloak, F|\n|teampreview\n|j| PorygonTheBot\n|c| PorygonTheBot|I'm here now, the battle can get started!\n|j| WesFromOaksLab\n|\n|t:|1700431881\n|start\n|switch|p1a: GOD|Bidoof, M, shiny|100\/100\n|switch|p2a: Spoon|Alakazam, M|100\/100\n|turn|1\n|\n|t:|1700431908\n|detailschange|p2a: Spoon|Alakazam-Mega, M\n|-mega|p2a: Spoon|Alakazam|Alakazite\n|-ability|p2a: Spoon|Simple|[from] ability: Trace|[of] p1a: GOD\n|move|p2a: Spoon|Drain Punch|p1a: GOD\n|-supereffective|p1a: GOD\n|-damage|p1a: GOD|41\/100\n|move|p1a: GOD|Stealth Rock|p2a: Spoon\n|-sidestart|p2: TheSnommunistParty|move: Stealth Rock\n|\n|upkeep\n|turn|2\n|\n|t:|1700431921\n|move|p2a: Spoon|Drain Punch|p1a: GOD\n|-supereffective|p1a: GOD\n|-damage|p1a: GOD|0 fnt\n|faint|p1a: GOD\n|\n|upkeep\n|\n|t:|1700431929\n|switch|p1a: Ligma|Pincurchin, F|100\/100\n|-fieldstart|move: Electric Terrain|[from] ability: Electric Surge|[of] p1a: Ligma\n|turn|3\n|\n|t:|1700431963\n|switch|p2a: Glimmer~|Glimmora, M|100\/100\n|-damage|p2a: Glimmer~|88\/100|[from] Stealth Rock\n|move|p1a: Ligma|Spikes|p2a: Glimmer~\n|-sidestart|p2: TheSnommunistParty|Spikes\n|\n|upkeep\n|turn|4\n|\n|t:|1700431976\n|move|p2a: Glimmer~|Mortal Spin|p1a: Ligma\n|-damage|p1a: Ligma|95\/100\n|-status|p1a: Ligma|psn\n|-sideend|p2: TheSnommunistParty|Spikes|[from] move: Mortal Spin|[of] p2a: Glimmer~\n|-sideend|p2: TheSnommunistParty|Stealth Rock|[from] move: Mortal Spin|[of] p2a: Glimmer~\n|move|p1a: Ligma|Substitute|p1a: Ligma\n|-start|p1a: Ligma|Substitute\n|-damage|p1a: Ligma|70\/100 psn\n|\n|-damage|p1a: Ligma|58\/100 psn|[from] psn\n|upkeep\n|turn|5\n|\n|t:|1700431989\n|move|p2a: Glimmer~|Stealth Rock|p1a: Ligma\n|-sidestart|p1: ezrathycc|move: Stealth Rock\n|move|p1a: Ligma|Recover|p1a: Ligma\n|-heal|p1a: Ligma|100\/100 psn\n|\n|-damage|p1a: Ligma|88\/100 psn|[from] psn\n|upkeep\n|turn|6\n|\n|t:|1700432004\n|move|p2a: Glimmer~|Spikes|p1a: Ligma\n|-sidestart|p1: ezrathycc|Spikes\n|move|p1a: Ligma|Spikes|p2a: Glimmer~\n|-sidestart|p2: TheSnommunistParty|Spikes\n|\n|-damage|p1a: Ligma|76\/100 psn|[from] psn\n|upkeep\n|turn|7\n|\n|t:|1700432030\n|switch|p1a: HarveyBirdmanEsq|Corviknight, F|100\/100\n|move|p2a: Glimmer~|Spikes|p1a: HarveyBirdmanEsq\n|-sidestart|p1: ezrathycc|Spikes\n|\n|upkeep\n|turn|8\n|\n|t:|1700432112\n|switch|p2a: Galaga|Drakloak, F|100\/100\n|-damage|p2a: Galaga|88\/100|[from] Spikes\n|move|p1a: HarveyBirdmanEsq|Defog|p2a: Galaga\n|-unboost|p2a: Galaga|evasion|1\n|-sideend|p2: TheSnommunistParty|Spikes|[from] move: Defog|[of] p1a: HarveyBirdmanEsq\n|-sideend|p1: ezrathycc|Spikes|[from] move: Defog|[of] p1a: HarveyBirdmanEsq\n|-sideend|p1: ezrathycc|Stealth Rock|[from] move: Defog|[of] p1a: HarveyBirdmanEsq\n|-fieldend|move: Electric Terrain\n|\n|upkeep\n|turn|9\n|\n|t:|1700432137\n|move|p2a: Galaga|Scald|p1a: HarveyBirdmanEsq\n|-damage|p1a: HarveyBirdmanEsq|89\/100\n|move|p1a: HarveyBirdmanEsq|U-turn|p2a: Galaga\n|-resisted|p2a: Galaga\n|-damage|p2a: Galaga|76\/100\n|\n|t:|1700432142\n|switch|p1a: Ligma|Pincurchin, F|76\/100 psn|[from] U-turn\n|-fieldstart|move: Electric Terrain|[from] ability: Electric Surge|[of] p1a: Ligma\n|\n|-damage|p1a: Ligma|63\/100 psn|[from] psn\n|upkeep\n|turn|10\n|\n|t:|1700432159\n|move|p2a: Galaga|Outrage|p1a: Ligma\n|-damage|p1a: Ligma|21\/100 psn\n|move|p1a: Ligma|Spikes|p2a: Galaga\n|-sidestart|p2: TheSnommunistParty|Spikes\n|\n|-damage|p1a: Ligma|9\/100 psn|[from] psn\n|upkeep\n|turn|11\n|\n|t:|1700432166\n|move|p2a: Galaga|Outrage|p1a: Ligma|[from]lockedmove\n|-damage|p1a: Ligma|0 fnt\n|faint|p1a: Ligma\n|-start|p2a: Galaga|confusion|[fatigue]\n|\n|upkeep\n|\n|t:|1700432184\n|switch|p1a: D3L1-B0T|Iron Bundle|100\/100\n|-activate|p1a: D3L1-B0T|ability: Quark Drive\n|-start|p1a: D3L1-B0T|quarkdrivespa\n|turn|12\n|\n|t:|1700432201\n|switch|p2a: Glimmer~|Glimmora, M|88\/100\n|-damage|p2a: Glimmer~|76\/100|[from] Spikes\n|move|p1a: D3L1-B0T|Ice Beam|p2a: Glimmer~\n|-damage|p2a: Glimmer~|0 fnt\n|faint|p2a: Glimmer~\n|\n|upkeep\n|\n|t:|1700432234\n|switch|p2a: Galaga|Drakloak, F|76\/100\n|-damage|p2a: Galaga|64\/100|[from] Spikes\n|turn|13\n|\n|t:|1700432240\n|move|p1a: D3L1-B0T|Ice Beam|p2a: Galaga\n|-supereffective|p2a: Galaga\n|-damage|p2a: Galaga|0 fnt\n|-start|p1a: D3L1-B0T|Disable|Ice Beam|[from] ability: Cursed Body|[of] p2a: Galaga\n|faint|p2a: Galaga\n|\n|upkeep\n|\n|t:|1700432254\n|switch|p2a: Boba|Sinistcha|100\/100\n|turn|14\n|\n|t:|1700432265\n|-end|p1a: D3L1-B0T|Quark Drive|[silent]\n|switch|p1a: Barbenheimer|Iron Valiant|100\/100\n|-activate|p1a: Barbenheimer|ability: Quark Drive\n|-start|p1a: Barbenheimer|quarkdriveatk\n|move|p2a: Boba|Stun Spore|p1a: Barbenheimer\n|-status|p1a: Barbenheimer|par\n|\n|upkeep\n|turn|15\n|\n|t:|1700432288\n|switch|p2a: Amy Rose|Tinkaton, F|100\/100\n|-damage|p2a: Amy Rose|88\/100|[from] Spikes\n|move|p1a: Barbenheimer|Shadow Sneak|p2a: Amy Rose\n|-damage|p2a: Amy Rose|61\/100\n|-enditem|p1a: Barbenheimer|Choice Scarf|[silent]|[from] ability: Pickpocket|[of] p1a: Barbenheimer\n|-item|p2a: Amy Rose|Choice Scarf|[from] ability: Pickpocket|[of] p1a: Barbenheimer\n|\n|upkeep\n|turn|16\n|\n|t:|1700432308\n|move|p2a: Amy Rose|Draining Kiss|p1a: Barbenheimer\n|-supereffective|p1a: Barbenheimer\n|-damage|p1a: Barbenheimer|60\/100 par\n|-heal|p2a: Amy Rose|89\/100|[from] drain|[of] p1a: Barbenheimer\n|move|p1a: Barbenheimer|Close Combat|p2a: Amy Rose\n|-damage|p2a: Amy Rose|0 fnt\n|-unboost|p1a: Barbenheimer|def|1\n|-unboost|p1a: Barbenheimer|spd|1\n|faint|p2a: Amy Rose\n|\n|-fieldend|move: Electric Terrain\n|-end|p1a: Barbenheimer|Quark Drive\n|upkeep\n|\n|t:|1700432344\n|switch|p2a: Mumbo|Eiscue, M|100\/100\n|-damage|p2a: Mumbo|88\/100|[from] Spikes\n|turn|17\n|\n|t:|1700432355\n|-end|p1a: Barbenheimer|Quark Drive|[silent]\n|switch|p1a: Malus|Regigigas|100\/100\n|-start|p1a: Malus|ability: Slow Start\n|move|p2a: Mumbo|Hail|p2a: Mumbo\n|-weather|Hail\n|\n|-weather|Hail|[upkeep]\n|-damage|p1a: Malus|94\/100|[from] Hail\n|-heal|p1a: Malus|100\/100|[from] item: Leftovers\n|upkeep\n|turn|18\n|\n|t:|1700432383\n|move|p2a: Mumbo|Flip Turn|p1a: Malus\n|-damage|p1a: Malus|92\/100\n|\n|t:|1700432388\n|switch|p2a: Spoon|Alakazam-Mega, M|100\/100|[from] Flip Turn\n|-damage|p2a: Spoon|88\/100|[from] Spikes\n|-start|p2a: Spoon|ability: Slow Start\n|-ability|p2a: Spoon|Slow Start|[from] ability: Trace|[of] p1a: Malus\n|move|p1a: Malus|Earth Power|p2a: Spoon\n|-damage|p2a: Spoon|63\/100\n|\n|-weather|Hail|[upkeep]\n|-damage|p2a: Spoon|57\/100|[from] Hail\n|-damage|p1a: Malus|86\/100|[from] Hail\n|-heal|p1a: Malus|92\/100|[from] item: Leftovers\n|upkeep\n|turn|19\n|\n|t:|1700432414\n|-terastallize|p1a: Malus|Ground\n|move|p2a: Spoon|Drain Punch|p1a: Malus\n|-damage|p1a: Malus|86\/100\n|-heal|p2a: Spoon|62\/100|[from] drain|[of] p1a: Malus\n|move|p1a: Malus|Thunder Wave|p2a: Spoon\n|-status|p2a: Spoon|par\n|\n|-weather|Hail|[upkeep]\n|-damage|p2a: Spoon|56\/100 par|[from] Hail\n|-damage|p1a: Malus|79\/100|[from] Hail\n|-heal|p1a: Malus|86\/100|[from] item: Leftovers\n|upkeep\n|turn|20\n|\n|t:|1700432435\n|-end|p2a: Spoon|Slow Start|[silent]\n|switch|p2a: Boba|Sinistcha|100\/100\n|move|p1a: Malus|Substitute|p1a: Malus\n|-start|p1a: Malus|Substitute\n|-damage|p1a: Malus|61\/100\n|\n|-weather|Hail|[upkeep]\n|-damage|p2a: Boba|94\/100|[from] Hail\n|-damage|p1a: Malus|54\/100|[from] Hail\n|-heal|p1a: Malus|61\/100|[from] item: Leftovers\n|upkeep\n|turn|21\n|\n|t:|1700432445\n|move|p2a: Boba|Life Dew|p2a: Boba\n|-heal|p2a: Boba|100\/100\n|move|p1a: Malus|Thunder Wave|p2a: Boba\n|-status|p2a: Boba|par\n|\n|-weather|none\n|-heal|p1a: Malus|67\/100|[from] item: Leftovers\n|-end|p1a: Malus|Slow Start\n|upkeep\n|turn|22\n|\n|t:|1700432477\n|move|p1a: Malus|Earthquake|p2a: Boba\n|-resisted|p2a: Boba\n|-damage|p2a: Boba|82\/100 par\n|move|p2a: Boba|Matcha Gotcha|p1a: Malus\n|-supereffective|p1a: Malus\n|-end|p1a: Malus|Substitute\n|-heal|p2a: Boba|96\/100 par|[from] drain|[of] p1a: Malus\n|\n|-heal|p1a: Malus|73\/100|[from] item: Leftovers\n|upkeep\n|turn|23\n|\n|t:|1700432496\n|-end|p1a: Malus|Slow Start|[silent]\n|switch|p1a: HarveyBirdmanEsq|Corviknight, F|89\/100\n|move|p2a: Boba|Stun Spore|p1a: HarveyBirdmanEsq\n|-status|p1a: HarveyBirdmanEsq|par\n|\n|upkeep\n|turn|24\n|\n|t:|1700432512\n|switch|p2a: Mumbo|Eiscue, M|88\/100\n|-damage|p2a: Mumbo|76\/100|[from] Spikes\n|move|p1a: HarveyBirdmanEsq|Bulk Up|p1a: HarveyBirdmanEsq\n|-boost|p1a: HarveyBirdmanEsq|atk|1\n|-boost|p1a: HarveyBirdmanEsq|def|1\n|\n|upkeep\n|turn|25\n|\n|t:|1700432522\n|move|p2a: Mumbo|Hail|p2a: Mumbo\n|-weather|Hail\n|move|p1a: HarveyBirdmanEsq|Bulk Up|p1a: HarveyBirdmanEsq\n|-boost|p1a: HarveyBirdmanEsq|atk|1\n|-boost|p1a: HarveyBirdmanEsq|def|1\n|\n|-weather|Hail|[upkeep]\n|-damage|p1a: HarveyBirdmanEsq|83\/100 par|[from] Hail\n|upkeep\n|turn|26\n|\n|t:|1700432530\n|move|p2a: Mumbo|Blizzard|p1a: HarveyBirdmanEsq\n|-damage|p1a: HarveyBirdmanEsq|43\/100 par\n|cant|p1a: HarveyBirdmanEsq|par\n|\n|-weather|Hail|[upkeep]\n|-damage|p1a: HarveyBirdmanEsq|37\/100 par|[from] Hail\n|upkeep\n|turn|27\n|\n|t:|1700432549\n|switch|p1a: D3L1-B0T|Iron Bundle|100\/100\n|move|p2a: Mumbo|Blizzard|p1a: D3L1-B0T\n|-resisted|p1a: D3L1-B0T\n|-damage|p1a: D3L1-B0T|82\/100\n|\n|-weather|Hail|[upkeep]\n|upkeep\n|turn|28\n|\n|t:|1700432585\n|move|p1a: D3L1-B0T|Hydro Pump|p2a: Mumbo\n|-damage|p2a: Mumbo|0 fnt\n|faint|p2a: Mumbo\n|\n|-weather|Hail|[upkeep]\n|upkeep\n|\n|t:|1700432591\n|switch|p2a: Spoon|Alakazam-Mega, M|56\/100 par\n|-damage|p2a: Spoon|44\/100 par|[from] Spikes\n|turn|29\n|\n|t:|1700432622\n|move|p1a: D3L1-B0T|Hydro Pump|p2a: Spoon\n|-damage|p2a: Spoon|0 fnt\n|faint|p2a: Spoon\n|\n|-weather|none\n|upkeep\n|\n|t:|1700432628\n|switch|p2a: Boba|Sinistcha|96\/100 par\n|turn|30\n|\n|t:|1700432651\n|-end|p1a: D3L1-B0T|Quark Drive|[silent]\n|switch|p1a: HarveyBirdmanEsq|Corviknight, F|37\/100 par\n|cant|p2a: Boba|par\n|\n|upkeep\n|turn|31\n|l| WesFromOaksLab\n|\n|t:|1700432664\n|move|p1a: HarveyBirdmanEsq|U-turn|p2a: Boba\n|-damage|p2a: Boba|87\/100 par\n|\n|t:|1700432667\n|switch|p1a: Barbenheimer|Iron Valiant|60\/100 par|[from] U-turn\n|move|p2a: Boba|Matcha Gotcha|p1a: Barbenheimer\n|-damage|p1a: Barbenheimer|12\/100 par\n|-heal|p2a: Boba|100\/100 par|[from] drain|[of] p1a: Barbenheimer\n|\n|upkeep\n|turn|32\n|\n|t:|1700432677\n|move|p1a: Barbenheimer|X-Scissor|p2a: Boba\n|-damage|p2a: Boba|80\/100 par\n|move|p2a: Boba|Matcha Gotcha|p1a: Barbenheimer\n|-damage|p1a: Barbenheimer|0 fnt\n|-heal|p2a: Boba|85\/100 par|[from] drain|[of] p1a: Barbenheimer\n|faint|p1a: Barbenheimer\n|-end|p1a: Barbenheimer|Quark Drive|[silent]\n|\n|upkeep\n|\n|t:|1700432687\n|switch|p1a: HarveyBirdmanEsq|Corviknight, F|37\/100 par\n|turn|33\n|\n|t:|1700432698\n|move|p1a: HarveyBirdmanEsq|Brave Bird|p2a: Boba\n|-supereffective|p2a: Boba\n|-damage|p2a: Boba|32\/100 par\n|-damage|p1a: HarveyBirdmanEsq|22\/100 par|[from] Recoil\n|move|p2a: Boba|Strength Sap|p1a: HarveyBirdmanEsq\n|-ability|p1a: HarveyBirdmanEsq|Mirror Armor\n|-unboost|p2a: Boba|atk|1\n|-heal|p2a: Boba|98\/100 par\n|\n|upkeep\n|turn|34\n|\n|t:|1700432710\n|move|p1a: HarveyBirdmanEsq|Bulk Up|p1a: HarveyBirdmanEsq\n|-boost|p1a: HarveyBirdmanEsq|atk|1\n|-boost|p1a: HarveyBirdmanEsq|def|1\n|move|p2a: Boba|Matcha Gotcha|p1a: HarveyBirdmanEsq\n|-resisted|p1a: HarveyBirdmanEsq\n|-damage|p1a: HarveyBirdmanEsq|13\/100 par\n|-heal|p2a: Boba|100\/100 par|[from] drain|[of] p1a: HarveyBirdmanEsq\n|\n|upkeep\n|turn|35\n|\n|t:|1700432722\n|move|p1a: HarveyBirdmanEsq|Brave Bird|p2a: Boba\n|-supereffective|p2a: Boba\n|-damage|p2a: Boba|22\/100 par\n|-damage|p1a: HarveyBirdmanEsq|0 fnt|[from] Recoil\n|faint|p1a: HarveyBirdmanEsq\n|cant|p2a: Boba|par\n|\n|upkeep\n|\n|t:|1700432729\n|switch|p1a: D3L1-B0T|Iron Bundle|82\/100\n|turn|36\n|\n|t:|1700432733\n|move|p1a: D3L1-B0T|Ice Beam|p2a: Boba\n|-supereffective|p2a: Boba\n|-damage|p2a: Boba|0 fnt\n|faint|p2a: Boba\n|\n|win|ezrathycc\n","uploadtime":1700432735,"views":39,"p1id":"ezrathycc","p2id":"thesnommunistparty","formatid":"gen9nationaldexubers","rating":0,"private":0,"password":null}