{"id":"gen9nationaldexubers-1994542083","p1":"Trainitar3","p2":"jimbo123456789","format":"[Gen 9] National Dex Ubers","log":"|j|\u2606Trainitar3\n|j|\u2606jimbo123456789\n|t:|1700456997\n|gametype|singles\n|player|p1|Trainitar3|ninjaboy|1323\n|player|p2|jimbo123456789|265|1349\n|teamsize|p1|6\n|teamsize|p2|6\n|gen|9\n|tier|[Gen 9] National Dex Ubers\n|rated|\n|rule|HP Percentage Mod: HP is shown in percentages\n|rule|Endless Battle Clause: Forcing endless battles is banned\n|rule|OHKO Clause: OHKO moves are banned\n|rule|Evasion Moves Clause: Evasion moves are banned\n|rule|Evasion Items Clause: Evasion items are banned\n|rule|Species Clause: Limit one of each Pok\u00e9mon\n|rule|Sleep Clause Mod: Limit one foe put to sleep\n|rule|Mega Rayquaza Clause: You cannot mega evolve Rayquaza\n|clearpoke\n|poke|p1|Xerneas-*|\n|poke|p1|Marshadow|\n|poke|p1|Groudon|\n|poke|p1|Deoxys-Speed|\n|poke|p1|Necrozma-Dusk-Mane|\n|poke|p1|Pheromosa|\n|poke|p2|Groudon|\n|poke|p2|Regieleki|\n|poke|p2|Zacian-*|\n|poke|p2|Necrozma-Dawn-Wings|\n|poke|p2|Zygarde|\n|poke|p2|Lugia|\n|teampreview\n|inactive|Battle timer is ON: inactive players will automatically lose when time's up. (requested by jimbo123456789)\n|inactive|Trainitar3 also wants the timer to be on.\n|\n|t:|1700457008\n|start\n|switch|p1a: Deoxys|Deoxys-Speed, shiny|100\/100\n|switch|p2a: Zacian|Zacian-Crowned, shiny|100\/100\n|-ability|p1a: Deoxys|Pressure\n|-ability|p2a: Zacian|Intrepid Sword|boost\n|-boost|p2a: Zacian|atk|1\n|turn|1\n|\n|t:|1700457035\n|move|p1a: Deoxys|Stealth Rock|p2a: Zacian\n|-sidestart|p2: jimbo123456789|move: Stealth Rock\n|move|p2a: Zacian|Swords Dance|p2a: Zacian\n|-boost|p2a: Zacian|atk|2\n|\n|upkeep\n|turn|2\n|\n|t:|1700457046\n|move|p1a: Deoxys|Spikes|p2a: Zacian\n|-sidestart|p2: jimbo123456789|Spikes\n|move|p2a: Zacian|Behemoth Blade|p1a: Deoxys\n|-enditem|p1a: Deoxys|Focus Sash\n|-damage|p1a: Deoxys|1\/100\n|\n|upkeep\n|turn|3\n|\n|t:|1700457062\n|move|p1a: Deoxys|Spikes|p2a: Zacian\n|-sidestart|p2: jimbo123456789|Spikes\n|move|p2a: Zacian|Behemoth Blade|p1a: Deoxys\n|-damage|p1a: Deoxys|0 fnt\n|faint|p1a: Deoxys\n|\n|upkeep\n|\n|t:|1700457067\n|switch|p1a: Marshadow|Marshadow|100\/100\n|turn|4\n|\n|t:|1700457083\n|switch|p2a: Zygarde|Zygarde, shiny|100\/100\n|-damage|p2a: Zygarde|94\/100|[from] Stealth Rock\n|-damage|p2a: Zygarde|78\/100|[from] Spikes\n|move|p1a: Marshadow|Spectral Thief|p2a: Zygarde\n|-damage|p2a: Zygarde|44\/100\n|\n|-heal|p2a: Zygarde|50\/100|[from] item: Leftovers\n|-activate|p2a: Zygarde|ability: Power Construct\n|detailschange|p2a: Zygarde|Zygarde-Complete, shiny\n|-heal|p2a: Zygarde|68\/100|[silent]\n|upkeep\n|turn|5\n|\n|t:|1700457095\n|move|p1a: Marshadow|Spectral Thief|p2a: Zygarde\n|-damage|p2a: Zygarde|47\/100\n|move|p2a: Zygarde|Core Enforcer|p1a: Marshadow\n|-damage|p1a: Marshadow|67\/100\n|-endability|p1a: Marshadow\n|\n|-heal|p2a: Zygarde|53\/100|[from] item: Leftovers\n|upkeep\n|turn|6\n|\n|t:|1700457106\n|move|p1a: Marshadow|Spectral Thief|p2a: Zygarde\n|-damage|p2a: Zygarde|33\/100\n|move|p2a: Zygarde|Core Enforcer|p1a: Marshadow\n|-damage|p1a: Marshadow|30\/100\n|\n|-heal|p2a: Zygarde|39\/100|[from] item: Leftovers\n|upkeep\n|turn|7\n|\n|t:|1700457118\n|switch|p1a: Xerneas|Xerneas|100\/100\n|-ability|p1a: Xerneas|Fairy Aura\n|move|p2a: Zygarde|Core Enforcer|p1a: Xerneas\n|-immune|p1a: Xerneas\n|\n|-heal|p2a: Zygarde|45\/100|[from] item: Leftovers\n|upkeep\n|turn|8\n|\n|t:|1700457131\n|switch|p2a: Zacian|Zacian-Crowned, shiny|100\/100\n|-damage|p2a: Zacian|94\/100|[from] Stealth Rock\n|-damage|p2a: Zacian|78\/100|[from] Spikes\n|move|p1a: Xerneas|Geomancy||[still]\n|-prepare|p1a: Xerneas|Geomancy\n|-enditem|p1a: Xerneas|Power Herb\n|-anim|p1a: Xerneas|Geomancy|p1a: Xerneas\n|-boost|p1a: Xerneas|spa|2\n|-boost|p1a: Xerneas|spd|2\n|-boost|p1a: Xerneas|spe|2\n|\n|upkeep\n|turn|9\n|\n|t:|1700457138\n|move|p1a: Xerneas|Hidden Power|p2a: Zacian\n|-supereffective|p2a: Zacian\n|-damage|p2a: Zacian|0 fnt\n|faint|p2a: Zacian\n|\n|upkeep\n|\n|t:|1700457156\n|switch|p2a: Groudon|Groudon, shiny|100\/100\n|-damage|p2a: Groudon|94\/100|[from] Stealth Rock\n|-damage|p2a: Groudon|78\/100|[from] Spikes\n|detailschange|p2a: Groudon|Groudon-Primal, shiny\n|-primal|p2a: Groudon|Red Orb\n|-weather|DesolateLand|[from] ability: Desolate Land|[of] p2a: Groudon\n|turn|10\n|\n|t:|1700457167\n|move|p1a: Xerneas|Moonblast|p2a: Groudon\n|-resisted|p2a: Groudon\n|-crit|p2a: Groudon\n|-damage|p2a: Groudon|0 fnt\n|faint|p2a: Groudon\n|-weather|none\n|\n|upkeep\n|j| Cheese Miestro\n|-message|jimbo123456789 forfeited.\n|\n|win|Trainitar3\n|raw|Trainitar3's rating: 1344 &rarr; <strong>1364<\/strong><br \/>(+20 for winning)\n|raw|jimbo123456789's rating: 1349 &rarr; <strong>1329<\/strong><br \/>(-20 for losing)\n|l|\u2606jimbo123456789\n","uploadtime":1700457189,"views":3,"p1id":"trainitar3","p2id":"jimbo123456789","formatid":"gen9nationaldexubers","rating":1329,"private":0,"password":""}