{"id":"gen9nationaldexubers-1991910740","p1":"118\u221ae980","p2":"JustMonika_CARR","format":"[Gen 9] National Dex Ubers","log":"|j|\u2606118\u221ae980\n|j|\u2606JustMonika_CARR\n|t:|1700137066\n|gametype|singles\n|player|p1|118\u221ae980|aromalady|1399\n|player|p2|JustMonika_CARR|rosa|1477\n|teamsize|p1|6\n|teamsize|p2|6\n|gen|9\n|tier|[Gen 9] National Dex Ubers\n|rated|\n|rule|HP Percentage Mod: HP is shown in percentages\n|rule|Endless Battle Clause: Forcing endless battles is banned\n|rule|OHKO Clause: OHKO moves are banned\n|rule|Evasion Moves Clause: Evasion moves are banned\n|rule|Evasion Items Clause: Evasion items are banned\n|rule|Species Clause: Limit one of each Pok\u00e9mon\n|rule|Sleep Clause Mod: Limit one foe put to sleep\n|rule|Mega Rayquaza Clause: You cannot mega evolve Rayquaza\n|clearpoke\n|poke|p1|Arceus|\n|poke|p1|Groudon|\n|poke|p1|Blaziken, F|\n|poke|p1|Necrozma-Dusk-Mane|\n|poke|p1|Zacian-*|\n|poke|p1|Tapu Koko|\n|poke|p2|Marshadow|\n|poke|p2|Lopunny, F|\n|poke|p2|Dialga|\n|poke|p2|Forretress, F|\n|poke|p2|Pheromosa|\n|poke|p2|Grimmsnarl, M|\n|teampreview\n|c|\u2606JustMonika_CARR|Glhf\n|\n|t:|1700137109\n|start\n|switch|p1a: Blaziken|Blaziken, F|100\/100\n|switch|p2a: Forretress|Forretress, F, shiny|100\/100\n|turn|1\n|\n|t:|1700137116\n|detailschange|p1a: Blaziken|Blaziken-Mega, F\n|-mega|p1a: Blaziken|Blaziken|Blazikenite\n|move|p1a: Blaziken|Swords Dance|p1a: Blaziken\n|-boost|p1a: Blaziken|atk|2\n|move|p2a: Forretress|Toxic Spikes|p1a: Blaziken\n|-sidestart|p1: 118\u221ae980|move: Toxic Spikes\n|\n|-ability|p1a: Blaziken|Speed Boost|boost\n|-boost|p1a: Blaziken|spe|1\n|upkeep\n|turn|2\n|\n|t:|1700137135\n|move|p1a: Blaziken|Flare Blitz|p2a: Forretress\n|-supereffective|p2a: Forretress\n|-ability|p2a: Forretress|Sturdy\n|-damage|p2a: Forretress|1\/100\n|-damage|p1a: Blaziken|62\/100|[from] Recoil\n|-enditem|p2a: Forretress|Red Card|[of] p1a: Blaziken\n|drag|p1a: Arceus|Arceus|100\/100\n|-status|p1a: Arceus|psn\n|move|p2a: Forretress|Stealth Rock|p1a: Arceus\n|-sidestart|p1: 118\u221ae980|move: Stealth Rock\n|\n|-damage|p1a: Arceus|88\/100 psn|[from] psn\n|upkeep\n|turn|3\n|\n|t:|1700137148\n|move|p1a: Arceus|Swords Dance|p1a: Arceus\n|-boost|p1a: Arceus|atk|2\n|move|p2a: Forretress|Toxic Spikes|p1a: Arceus\n|-sidestart|p1: 118\u221ae980|move: Toxic Spikes\n|\n|-damage|p1a: Arceus|76\/100 psn|[from] psn\n|upkeep\n|turn|4\n|\n|t:|1700137160\n|move|p2a: Forretress|Endure|p2a: Forretress\n|-singleturn|p2a: Forretress|move: Endure\n|move|p1a: Arceus|Swords Dance|p1a: Arceus\n|-boost|p1a: Arceus|atk|2\n|\n|-damage|p1a: Arceus|63\/100 psn|[from] psn\n|upkeep\n|turn|5\n|\n|t:|1700137168\n|move|p1a: Arceus|Recover|p1a: Arceus\n|-heal|p1a: Arceus|100\/100 psn\n|move|p2a: Forretress|Rapid Spin|p1a: Arceus\n|-damage|p1a: Arceus|94\/100 psn\n|-boost|p2a: Forretress|spe|1\n|\n|-damage|p1a: Arceus|81\/100 psn|[from] psn\n|upkeep\n|turn|6\n|\n|t:|1700137178\n|move|p1a: Arceus|Swords Dance|p1a: Arceus\n|-boost|p1a: Arceus|atk|2\n|move|p2a: Forretress|Rapid Spin|p1a: Arceus\n|-damage|p1a: Arceus|75\/100 psn\n|-boost|p2a: Forretress|spe|1\n|\n|-damage|p1a: Arceus|62\/100 psn|[from] psn\n|upkeep\n|turn|7\n|\n|t:|1700137187\n|move|p2a: Forretress|Endure|p2a: Forretress\n|-singleturn|p2a: Forretress|move: Endure\n|move|p1a: Arceus|Recover|p1a: Arceus\n|-heal|p1a: Arceus|100\/100 psn\n|\n|-damage|p1a: Arceus|88\/100 psn|[from] psn\n|upkeep\n|turn|8\n|\n|t:|1700137196\n|move|p1a: Arceus|Earthquake|p2a: Forretress\n|-damage|p2a: Forretress|0 fnt\n|faint|p2a: Forretress\n|\n|-damage|p1a: Arceus|76\/100 psn|[from] psn\n|upkeep\n|\n|t:|1700137203\n|switch|p2a: Marshadow|Marshadow|100\/100\n|turn|9\n|\n|t:|1700137209\n|move|p2a: Marshadow|Spectral Thief|p1a: Arceus\n|-immune|p1a: Arceus\n|move|p1a: Arceus|Earthquake|p2a: Marshadow\n|-enditem|p2a: Marshadow|Focus Sash\n|-damage|p2a: Marshadow|1\/100\n|\n|-damage|p1a: Arceus|63\/100 psn|[from] psn\n|upkeep\n|turn|10\n|\n|t:|1700137221\n|move|p2a: Marshadow|Spectral Thief|p1a: Arceus\n|-immune|p1a: Arceus\n|move|p1a: Arceus|Recover|p1a: Arceus\n|-heal|p1a: Arceus|100\/100 psn\n|\n|-damage|p1a: Arceus|88\/100 psn|[from] psn\n|upkeep\n|turn|11\n|inactive|Battle timer is ON: inactive players will automatically lose when time's up. (requested by 118\u221ae980)\n|\n|t:|1700137231\n|move|p2a: Marshadow|Drain Punch|p1a: Arceus\n|-supereffective|p1a: Arceus\n|-damage|p1a: Arceus|37\/100 psn\n|-heal|p2a: Marshadow|36\/100|[from] drain|[of] p1a: Arceus\n|move|p1a: Arceus|Earthquake|p2a: Marshadow\n|-crit|p2a: Marshadow\n|-damage|p2a: Marshadow|0 fnt\n|faint|p2a: Marshadow\n|\n|-damage|p1a: Arceus|24\/100 psn|[from] psn\n|upkeep\n|\n|t:|1700137242\n|switch|p2a: Grimmsnarl|Grimmsnarl, M, shiny|100\/100\n|turn|12\n|\n|t:|1700137249\n|move|p2a: Grimmsnarl|Taunt|p1a: Arceus\n|-start|p1a: Arceus|move: Taunt\n|cant|p1a: Arceus|move: Taunt|Recover\n|\n|-damage|p1a: Arceus|12\/100 psn|[from] psn\n|upkeep\n|turn|13\n|\n|t:|1700137256\n|move|p1a: Arceus|Extreme Speed|p2a: Grimmsnarl\n|-damage|p2a: Grimmsnarl|0 fnt\n|faint|p2a: Grimmsnarl\n|\n|-damage|p1a: Arceus|0 fnt|[from] psn\n|faint|p1a: Arceus\n|upkeep\n|\n|t:|1700137265\n|switch|p1a: Necrozma|Necrozma-Dusk-Mane|100\/100\n|switch|p2a: Pheromosa|Pheromosa, shiny|100\/100\n|-damage|p1a: Necrozma|94\/100|[from] Stealth Rock\n|turn|14\n|\n|t:|1700137274\n|detailschange|p1a: Necrozma|Necrozma-Ultra\n|-burst|p1a: Necrozma|Necrozma|Ultranecrozium Z\n|move|p2a: Pheromosa|Bug Buzz|p1a: Necrozma\n|-supereffective|p1a: Necrozma\n|-damage|p1a: Necrozma|0 fnt\n|faint|p1a: Necrozma\n|-ability|p2a: Pheromosa|Beast Boost|boost\n|-boost|p2a: Pheromosa|spa|1\n|\n|upkeep\n|\n|t:|1700137295\n|switch|p1a: Zacian|Zacian-Crowned|100\/100\n|-damage|p1a: Zacian|94\/100|[from] Stealth Rock\n|-ability|p1a: Zacian|Intrepid Sword|boost\n|-boost|p1a: Zacian|atk|1\n|turn|15\n|\n|t:|1700137304\n|move|p1a: Zacian|Behemoth Blade|p2a: Pheromosa\n|-enditem|p2a: Pheromosa|Focus Sash\n|-damage|p2a: Pheromosa|1\/100\n|move|p2a: Pheromosa|Rapid Spin|p1a: Zacian\n|-resisted|p1a: Zacian\n|-damage|p1a: Zacian|88\/100\n|-boost|p2a: Pheromosa|spe|1\n|\n|upkeep\n|turn|16\n|\n|t:|1700137315\n|move|p1a: Zacian|Quick Attack|p2a: Pheromosa\n|-damage|p2a: Pheromosa|0 fnt\n|faint|p2a: Pheromosa\n|\n|upkeep\n|\n|t:|1700137321\n|switch|p2a: Dialga|Dialga, shiny|100\/100\n|-ability|p2a: Dialga|Pressure\n|turn|17\n|\n|t:|1700137342\n|-terastallize|p2a: Dialga|Ground\n|move|p1a: Zacian|Behemoth Blade|p2a: Dialga\n|-damage|p2a: Dialga|24\/100\n|move|p2a: Dialga|Earth Power|p1a: Zacian\n|-supereffective|p1a: Zacian\n|-damage|p1a: Zacian|0 fnt\n|faint|p1a: Zacian\n|\n|upkeep\n|inactive|118\u221ae980 has 120 seconds left.\n|\n|t:|1700137369\n|switch|p1a: Tapu Koko|Tapu Koko|100\/100\n|-status|p1a: Tapu Koko|tox\n|-damage|p1a: Tapu Koko|88\/100 tox|[from] Stealth Rock\n|-fieldstart|move: Electric Terrain|[from] ability: Electric Surge|[of] p1a: Tapu Koko\n|turn|18\n|\n|t:|1700137391\n|move|p2a: Dialga|Earth Power|p1a: Tapu Koko\n|-supereffective|p1a: Tapu Koko\n|-damage|p1a: Tapu Koko|0 fnt\n|faint|p1a: Tapu Koko\n|\n|upkeep\n|\n|t:|1700137410\n|switch|p1a: Groudon|Groudon|100\/100\n|-status|p1a: Groudon|tox\n|-damage|p1a: Groudon|94\/100 tox|[from] Stealth Rock\n|detailschange|p1a: Groudon|Groudon-Primal\n|-primal|p1a: Groudon|Red Orb\n|-weather|DesolateLand|[from] ability: Desolate Land|[of] p1a: Groudon\n|turn|19\n|\n|t:|1700137418\n|move|p2a: Dialga|Earth Power|p1a: Groudon\n|-supereffective|p1a: Groudon\n|-damage|p1a: Groudon|0 fnt\n|faint|p1a: Groudon\n|-weather|none\n|\n|upkeep\n|\n|t:|1700137422\n|switch|p1a: Blaziken|Blaziken-Mega, F|62\/100\n|-status|p1a: Blaziken|tox\n|-damage|p1a: Blaziken|49\/100 tox|[from] Stealth Rock\n|turn|20\n|inactive|118\u221ae980 has 120 seconds left.\n|\n|t:|1700137429\n|move|p2a: Dialga|Earth Power|p1a: Blaziken\n|-supereffective|p1a: Blaziken\n|-damage|p1a: Blaziken|0 fnt\n|faint|p1a: Blaziken\n|\n|win|JustMonika_CARR\n|raw|118\u221ae980's rating: 1399 &rarr; <strong>1383<\/strong><br \/>(-16 for losing)\n|raw|JustMonika_CARR's rating: 1477 &rarr; <strong>1493<\/strong><br \/>(+16 for winning)\n","uploadtime":1700137438,"views":7,"p1id":"118e980","p2id":"justmonikacarr","formatid":"gen9nationaldexubers","rating":1383,"private":0,"password":""}