{"id":"gen9nationaldexubers-1992261104","p1":"QueenLilith<3","p2":"ash ketchum 345","format":"[Gen 9] National Dex Ubers","log":"|j|\u2606QueenLilith<3\n|j|\u2606ash ketchum 345\n|t:|1700168678\n|gametype|singles\n|player|p1|QueenLilith<3|clair|1063\n|player|p2|ash ketchum 345|ash|1110\n|teamsize|p1|6\n|teamsize|p2|6\n|gen|9\n|tier|[Gen 9] National Dex Ubers\n|rated|\n|rule|HP Percentage Mod: HP is shown in percentages\n|rule|Endless Battle Clause: Forcing endless battles is banned\n|rule|OHKO Clause: OHKO moves are banned\n|rule|Evasion Moves Clause: Evasion moves are banned\n|rule|Evasion Items Clause: Evasion items are banned\n|rule|Species Clause: Limit one of each Pok\u00e9mon\n|rule|Sleep Clause Mod: Limit one foe put to sleep\n|rule|Mega Rayquaza Clause: You cannot mega evolve Rayquaza\n|clearpoke\n|poke|p1|Durant, F|\n|poke|p1|Dugtrio, F|\n|poke|p1|Aron, L1, F|\n|poke|p1|Tyranitar, F|\n|poke|p1|Ninjask, F|\n|poke|p1|Accelgor, M|\n|poke|p2|Lucario, F|\n|poke|p2|Dragonite, M|\n|poke|p2|Dracovish|\n|poke|p2|Sirfetch\u2019d, F|\n|poke|p2|Gengar, F|\n|poke|p2|Pikachu, F|\n|teampreview\n|inactive|Battle timer is ON: inactive players will automatically lose when time's up. (requested by QueenLilith<3)\n|\n|t:|1700168685\n|start\n|switch|p1a: Durant|Durant, F|100\/100\n|switch|p2a: Dracovish|Dracovish|100\/100\n|turn|1\n|\n|t:|1700168690\n|move|p2a: Dracovish|Fishious Rend|p1a: Durant\n|-damage|p1a: Durant|0 fnt\n|faint|p1a: Durant\n|\n|upkeep\n|\n|t:|1700168695\n|switch|p1a: Aron|Aron, L1, F|100\/100\n|turn|2\n|\n|t:|1700168701\n|switch|p2a: Gengar|Gengar, F|100\/100\n|move|p1a: Aron|Endeavor|p2a: Gengar\n|-immune|p2a: Gengar\n|\n|upkeep\n|turn|3\n|\n|t:|1700168714\n|switch|p1a: Dugtrio|Dugtrio, F|100\/100\n|move|p2a: Gengar|Shadow Ball|p1a: Dugtrio\n|-damage|p1a: Dugtrio|17\/100\n|\n|upkeep\n|turn|4\n|\n|t:|1700168725\n|switch|p2a: Dragonite|Dragonite, M|100\/100\n|move|p1a: Dugtrio|Earthquake|p2a: Dragonite\n|-immune|p2a: Dragonite\n|\n|upkeep\n|turn|5\n|c|\u2606QueenLilith<3|lol arena trap and you swap hacker\n|\n|t:|1700168749\n|move|p2a: Dragonite|Extreme Speed|p1a: Dugtrio\n|-damage|p1a: Dugtrio|0 fnt\n|faint|p1a: Dugtrio\n|\n|upkeep\n|\n|t:|1700168753\n|switch|p1a: Tyranitar|Tyranitar, F|100\/100\n|-weather|Sandstorm|[from] ability: Sand Stream|[of] p1a: Tyranitar\n|turn|6\n|\n|t:|1700168773\n|move|p2a: Dragonite|Dragon Dance|p2a: Dragonite\n|-boost|p2a: Dragonite|atk|1\n|-boost|p2a: Dragonite|spe|1\n|move|p1a: Tyranitar|Rock Slide|p2a: Dragonite\n|-supereffective|p2a: Dragonite\n|-damage|p2a: Dragonite|57\/100\n|\n|-weather|Sandstorm|[upkeep]\n|-damage|p2a: Dragonite|51\/100|[from] Sandstorm\n|upkeep\n|turn|7\n|c|\u2606ash ketchum 345|do you know how arena trap works?\n|inactive|QueenLilith<3 has 120 seconds left.\n|\n|t:|1700168807\n|move|p2a: Dragonite|Dragon Claw|p1a: Tyranitar\n|-damage|p1a: Tyranitar|25\/100\n|move|p1a: Tyranitar|Rock Slide|p2a: Dragonite\n|-supereffective|p2a: Dragonite\n|-damage|p2a: Dragonite|0 fnt\n|faint|p2a: Dragonite\n|\n|-weather|Sandstorm|[upkeep]\n|upkeep\n|c|\u2606QueenLilith<3|Yes it traps the opponent\n|\n|t:|1700168817\n|switch|p2a: Gengar|Gengar, F|100\/100\n|turn|8\n|inactive|QueenLilith<3 has 120 seconds left.\n|c|\u2606QueenLilith<3|ive played pokemon for 11 years and im 21 i know how most things work related to pokemon\n|\n|t:|1700168853\n|move|p2a: Gengar|Hidden Power|p1a: Tyranitar\n|-damage|p1a: Tyranitar|11\/100\n|move|p1a: Tyranitar|Earthquake|p2a: Gengar\n|-supereffective|p2a: Gengar\n|-damage|p2a: Gengar|0 fnt\n|faint|p2a: Gengar\n|\n|-weather|Sandstorm|[upkeep]\n|upkeep\n|\n|t:|1700168861\n|switch|p2a: Pikachu|Pikachu, F|100\/100\n|turn|9\n|\n|t:|1700168865\n|switch|p1a: Accelgor|Accelgor, M|100\/100\n|move|p2a: Pikachu|Fake Out|p1a: Accelgor\n|-damage|p1a: Accelgor|67\/100\n|\n|-weather|Sandstorm|[upkeep]\n|-damage|p1a: Accelgor|61\/100|[from] Sandstorm\n|-damage|p2a: Pikachu|94\/100|[from] Sandstorm\n|upkeep\n|turn|10\n|inactive|QueenLilith<3 has 120 seconds left.\n|\n|t:|1700168879\n|move|p2a: Pikachu|Extreme Speed|p1a: Accelgor\n|-damage|p1a: Accelgor|0 fnt\n|faint|p1a: Accelgor\n|\n|-weather|Sandstorm|[upkeep]\n|-damage|p2a: Pikachu|88\/100|[from] Sandstorm\n|upkeep\n|inactive|QueenLilith<3 has 120 seconds left.\n|inactive|QueenLilith<3 has 90 seconds left.\n|\n|t:|1700168938\n|switch|p1a: Aron|Aron, L1, F|100\/100\n|turn|11\n|\n|t:|1700168963\n|move|p2a: Pikachu|Volt Tackle|p1a: Aron\n|-ability|p1a: Aron|Sturdy\n|-damage|p1a: Aron|9\/100\n|-damage|p2a: Pikachu|86\/100|[from] Recoil\n|move|p1a: Aron|Endeavor|p2a: Pikachu\n|-damage|p2a: Pikachu|1\/100\n|-heal|p1a: Aron|100\/100|[from] item: Shell Bell|[of] p2a: Pikachu\n|\n|-weather|Sandstorm|[upkeep]\n|-damage|p2a: Pikachu|0 fnt|[from] Sandstorm\n|faint|p2a: Pikachu\n|upkeep\n|\n|t:|1700168976\n|switch|p2a: Lucario|Lucario, F|100\/100\n|turn|12\n|inactive|QueenLilith<3 has 90 seconds left.\n|\n|t:|1700168988\n|detailschange|p2a: Lucario|Lucario-Mega, F\n|-mega|p2a: Lucario|Lucario|Lucarionite\n|move|p2a: Lucario|Bullet Punch|p1a: Aron\n|-ability|p1a: Aron|Sturdy\n|-damage|p1a: Aron|9\/100\n|move|p1a: Aron|Endeavor|p2a: Lucario\n|-damage|p2a: Lucario|1\/100\n|-heal|p1a: Aron|100\/100|[from] item: Shell Bell|[of] p2a: Lucario\n|\n|-weather|Sandstorm|[upkeep]\n|upkeep\n|turn|13\n|\n|t:|1700168998\n|switch|p1a: Tyranitar|Tyranitar, F|11\/100\n|move|p2a: Lucario|Close Combat|p1a: Tyranitar\n|-supereffective|p1a: Tyranitar\n|-damage|p1a: Tyranitar|0 fnt\n|-unboost|p2a: Lucario|def|1\n|-unboost|p2a: Lucario|spd|1\n|faint|p1a: Tyranitar\n|\n|-weather|none\n|upkeep\n|\n|t:|1700169003\n|switch|p1a: Ninjask|Ninjask, F|100\/100\n|turn|14\n|\n|t:|1700169007\n|move|p1a: Ninjask|Protect|p1a: Ninjask\n|-singleturn|p1a: Ninjask|Protect\n|move|p2a: Lucario|Bullet Punch|p1a: Ninjask\n|-activate|p1a: Ninjask|move: Protect\n|\n|-ability|p1a: Ninjask|Speed Boost|boost\n|-boost|p1a: Ninjask|spe|1\n|upkeep\n|turn|15\n|\n|t:|1700169011\n|move|p2a: Lucario|Bullet Punch|p1a: Ninjask\n|-damage|p1a: Ninjask|27\/100\n|move|p1a: Ninjask|Acrobatics|p2a: Lucario\n|-crit|p2a: Lucario\n|-damage|p2a: Lucario|0 fnt\n|faint|p2a: Lucario\n|\n|-ability|p1a: Ninjask|Speed Boost|boost\n|-boost|p1a: Ninjask|spe|1\n|upkeep\n|\n|t:|1700169037\n|switch|p2a: Dracovish|Dracovish|100\/100\n|turn|16\n|\n|t:|1700169041\n|move|p1a: Ninjask|Protect|p1a: Ninjask\n|-singleturn|p1a: Ninjask|Protect\n|move|p2a: Dracovish|Fishious Rend|p1a: Ninjask\n|-activate|p1a: Ninjask|move: Protect\n|\n|-ability|p1a: Ninjask|Speed Boost|boost\n|-boost|p1a: Ninjask|spe|1\n|upkeep\n|turn|17\n|\n|t:|1700169045\n|move|p1a: Ninjask|Acrobatics|p2a: Dracovish\n|-damage|p2a: Dracovish|56\/100\n|move|p2a: Dracovish|Fishious Rend|p1a: Ninjask\n|-damage|p1a: Ninjask|0 fnt\n|faint|p1a: Ninjask\n|\n|upkeep\n|-message|ash ketchum 345 forfeited.\n|\n|win|QueenLilith<3\n|raw|QueenLilith&lt;3's rating: 1063 &rarr; <strong>1098<\/strong><br \/>(+35 for winning)\n|raw|ash ketchum 345's rating: 1110 &rarr; <strong>1082<\/strong><br \/>(-28 for losing)\n|l|\u2606ash ketchum 345\n|l|\u2606QueenLilith<3\n|j|\u2606QueenLilith<3\n|player|p1|QueenLilith<3|clair\n","uploadtime":1700169059,"views":10,"p1id":"queenlilith3","p2id":"ashketchum345","formatid":"gen9nationaldexubers","rating":1082,"private":0,"password":""}