{"id":"gen9nationaldexubers-1981909512","p1":"Bug Maniac Swaggy","p2":"ArcticIzagi","format":"[Gen 9] National Dex Ubers","log":"|j|\u2606Bug Maniac Swaggy\n|j|\u2606ArcticIzagi\n|t:|1698950900\n|gametype|singles\n|player|p1|Bug Maniac Swaggy|whitney|\n|player|p2|ArcticIzagi|sycamore|\n|teamsize|p1|6\n|teamsize|p2|6\n|gen|9\n|tier|[Gen 9] National Dex Ubers\n|rule|HP Percentage Mod: HP is shown in percentages\n|rule|Endless Battle Clause: Forcing endless battles is banned\n|rule|OHKO Clause: OHKO moves are banned\n|rule|Evasion Moves Clause: Evasion moves are banned\n|rule|Evasion Items Clause: Evasion items are banned\n|rule|Species Clause: Limit one of each Pok\u00e9mon\n|rule|Sleep Clause Mod: Limit one foe put to sleep\n|rule|Mega Rayquaza Clause: You cannot mega evolve Rayquaza\n|clearpoke\n|poke|p1|Charizard, M|\n|poke|p1|Iron Valiant|\n|poke|p1|Sinistcha-Masterpiece|\n|poke|p1|Zapdos|\n|poke|p1|Ferrothorn, M|\n|poke|p1|Landorus-Therian, M|\n|poke|p2|Diancie|\n|poke|p2|Coalossal, F|\n|poke|p2|Tyranitar, F|\n|poke|p2|Ogerpon-Cornerstone, F|\n|poke|p2|Terrakion|\n|poke|p2|Nihilego|\n|teampreview\n|c|\u2606Bug Maniac Swaggy|water sinistcha\n|c|\u2606Bug Maniac Swaggy|glhf\n|c|\u2606ArcticIzagi|glhf\n|\n|t:|1698950929\n|start\n|switch|p1a: Non Funkible Token|Landorus-Therian, M|100\/100\n|switch|p2a: Antlion|Tyranitar, F|100\/100\n|-ability|p1a: Non Funkible Token|Intimidate|boost\n|-unboost|p2a: Antlion|atk|1\n|-weather|Sandstorm|[from] ability: Sand Stream|[of] p2a: Antlion\n|turn|1\n|j| Destinum\n|\n|t:|1698950948\n|move|p1a: Non Funkible Token|U-turn|p2a: Antlion\n|-supereffective|p2a: Antlion\n|-damage|p2a: Antlion|59\/100\n|\n|t:|1698950954\n|switch|p1a: Terminal Ludicity|Ferrothorn, M|100\/100|[from] U-turn\n|move|p2a: Antlion|Ice Beam|p1a: Terminal Ludicity\n|-damage|p1a: Terminal Ludicity|86\/100\n|\n|-weather|Sandstorm|[upkeep]\n|-heal|p1a: Terminal Ludicity|93\/100|[from] item: Leftovers\n|upkeep\n|turn|2\n|\n|t:|1698950966\n|switch|p2a: SummerVacationWar|Coalossal, F|100\/100\n|move|p1a: Terminal Ludicity|Stealth Rock|p2a: SummerVacationWar\n|-sidestart|p2: ArcticIzagi|move: Stealth Rock\n|\n|-weather|Sandstorm|[upkeep]\n|-heal|p1a: Terminal Ludicity|99\/100|[from] item: Leftovers\n|upkeep\n|turn|3\n|\n|t:|1698951022\n|switch|p1a: Misericorde|Sinistcha-Masterpiece|100\/100\n|move|p2a: SummerVacationWar|Will-O-Wisp|p1a: Misericorde\n|-status|p1a: Misericorde|brn\n|\n|-weather|Sandstorm|[upkeep]\n|-damage|p1a: Misericorde|94\/100 brn|[from] Sandstorm\n|-heal|p1a: Misericorde|100\/100 brn|[from] item: Leftovers\n|-damage|p1a: Misericorde|98\/100 brn|[from] brn\n|upkeep\n|turn|4\n|\n|t:|1698951062\n|switch|p2a: Hikattero Justice|Ogerpon-Cornerstone, F|100\/100\n|-damage|p2a: Hikattero Justice|88\/100|[from] Stealth Rock\n|-terastallize|p1a: Misericorde|Water\n|move|p1a: Misericorde|Calm Mind|p1a: Misericorde\n|-boost|p1a: Misericorde|spa|1\n|-boost|p1a: Misericorde|spd|1\n|\n|-weather|Sandstorm|[upkeep]\n|-damage|p1a: Misericorde|92\/100 brn|[from] Sandstorm\n|-heal|p1a: Misericorde|98\/100 brn|[from] item: Leftovers\n|-damage|p1a: Misericorde|95\/100 brn|[from] brn\n|upkeep\n|turn|5\n|\n|t:|1698951075\n|move|p2a: Hikattero Justice|Swords Dance|p2a: Hikattero Justice\n|-boost|p2a: Hikattero Justice|atk|2\n|move|p1a: Misericorde|Strength Sap|p2a: Hikattero Justice\n|-unboost|p2a: Hikattero Justice|atk|1\n|-heal|p1a: Misericorde|100\/100 brn\n|\n|-weather|none\n|-damage|p1a: Misericorde|98\/100 brn|[from] brn\n|upkeep\n|turn|6\n|\n|t:|1698951199\n|switch|p1a: Howl|Charizard, M|100\/100\n|move|p2a: Hikattero Justice|Horn Leech|p1a: Howl\n|-resisted|p1a: Howl\n|-damage|p1a: Howl|82\/100\n|-heal|p2a: Hikattero Justice|99\/100|[from] drain|[of] p1a: Howl\n|\n|upkeep\n|turn|7\n|j| Astro Rifk\n|\n|t:|1698951213\n|detailschange|p1a: Howl|Charizard-Mega-Y, M\n|-mega|p1a: Howl|Charizard|Charizardite Y\n|-weather|SunnyDay|[from] ability: Drought|[of] p1a: Howl\n|move|p2a: Hikattero Justice|Ivy Cudgel|p1a: Howl\n|-supereffective|p1a: Howl\n|-damage|p1a: Howl|0 fnt\n|faint|p1a: Howl\n|\n|-weather|SunnyDay|[upkeep]\n|upkeep\n|\n|t:|1698951239\n|switch|p1a: Spectrum of Sin|Iron Valiant|100\/100\n|turn|8\n|\n|t:|1698951335\n|-terastallize|p2a: Hikattero Justice|Rock\n|detailschange|p2a: Hikattero Justice|Ogerpon-Cornerstone-Tera, F, tera:Rock\n|-ability|p2a: Hikattero Justice|Embody Aspect (Cornerstone)|boost\n|-boost|p2a: Hikattero Justice|def|1\n|move|p1a: Spectrum of Sin|Close Combat|p2a: Hikattero Justice\n|-supereffective|p2a: Hikattero Justice\n|-damage|p2a: Hikattero Justice|0 fnt\n|-unboost|p1a: Spectrum of Sin|def|1\n|-unboost|p1a: Spectrum of Sin|spd|1\n|faint|p2a: Hikattero Justice\n|-damage|p1a: Spectrum of Sin|91\/100|[from] item: Life Orb\n|\n|-weather|SunnyDay|[upkeep]\n|upkeep\n|\n|t:|1698951352\n|switch|p2a: Tadamono|Terrakion|100\/100\n|-damage|p2a: Tadamono|94\/100|[from] Stealth Rock\n|turn|9\n|j| Moonz_e\n|\n|t:|1698951379\n|-end|p1a: Spectrum of Sin|Quark Drive|[silent]\n|switch|p1a: Fitnah|Zapdos|100\/100\n|move|p2a: Tadamono|Stone Edge|p1a: Fitnah\n|-supereffective|p1a: Fitnah\n|-damage|p1a: Fitnah|23\/100\n|\n|-weather|SunnyDay|[upkeep]\n|upkeep\n|turn|10\n|c| Moonz_e|Which game is it?\n|c| Moonz_e|I was meditating\n|c|\u2606Bug Maniac Swaggy|2\n|j| skechiart\n|c|\u2606Bug Maniac Swaggy|i lost game 1\n|c| Moonz_e|I see\n|c|\u2606ArcticIzagi|hi\n|c| Moonz_e|Hello\n|\n|t:|1698951405\n|move|p2a: Tadamono|Stone Edge|p1a: Fitnah\n|-supereffective|p1a: Fitnah\n|-damage|p1a: Fitnah|0 fnt\n|faint|p1a: Fitnah\n|\n|-weather|SunnyDay|[upkeep]\n|upkeep\n|\n|t:|1698951416\n|switch|p1a: Non Funkible Token|Landorus-Therian, M|100\/100\n|-ability|p1a: Non Funkible Token|Intimidate|boost\n|-unboost|p2a: Tadamono|atk|1\n|turn|11\n|c| Astro Rifk|hii\n|\n|t:|1698951425\n|move|p2a: Tadamono|Stone Edge|p1a: Non Funkible Token\n|-crit|p1a: Non Funkible Token\n|-damage|p1a: Non Funkible Token|14\/100\n|move|p1a: Non Funkible Token|Earthquake|p2a: Tadamono\n|-supereffective|p2a: Tadamono\n|-damage|p2a: Tadamono|0 fnt\n|faint|p2a: Tadamono\n|\n|-weather|none\n|upkeep\n|c| Astro Rifk|anyway kill terrak w hammers as usual\n|\n|t:|1698951441\n|switch|p2a: SummerVacationWar|Coalossal, F|100\/100\n|turn|12\n|\n|t:|1698951479\n|move|p1a: Non Funkible Token|Earthquake|p2a: SummerVacationWar\n|-supereffective|p2a: SummerVacationWar\n|-damage|p2a: SummerVacationWar|0 fnt\n|faint|p2a: SummerVacationWar\n|\n|upkeep\n|c|\u2606ArcticIzagi|I think I'm fucked\n|\n|t:|1698951511\n|switch|p2a: Banquet|Diancie|100\/100\n|-damage|p2a: Banquet|88\/100|[from] Stealth Rock\n|turn|13\n|\n|t:|1698951525\n|switch|p1a: Terminal Ludicity|Ferrothorn, M|99\/100\n|move|p2a: Banquet|Diamond Storm|p1a: Terminal Ludicity\n|-resisted|p1a: Terminal Ludicity\n|-damage|p1a: Terminal Ludicity|87\/100\n|-boost|p2a: Banquet|def|2\n|\n|-heal|p1a: Terminal Ludicity|94\/100|[from] item: Leftovers\n|upkeep\n|turn|14\n|l| skechiart\n|\n|t:|1698951549\n|detailschange|p2a: Banquet|Diancie-Mega\n|-mega|p2a: Banquet|Diancie|Diancite\n|move|p2a: Banquet|Mystical Fire|p1a: Terminal Ludicity\n|-supereffective|p1a: Terminal Ludicity\n|-damage|p1a: Terminal Ludicity|10\/100\n|-unboost|p1a: Terminal Ludicity|spa|1\n|move|p1a: Terminal Ludicity|Leech Seed|p2a: Banquet\n|move|p2a: Banquet|Leech Seed|p1a: Terminal Ludicity|[from]ability: Magic Bounce\n|-immune|p1a: Terminal Ludicity\n|\n|-heal|p1a: Terminal Ludicity|16\/100|[from] item: Leftovers\n|upkeep\n|turn|15\n|c|\u2606Bug Maniac Swaggy|misclick fuck\n|c| Moonz_e|Tragic\n|c|\u2606Bug Maniac Swaggy|all good\n|\n|t:|1698951571\n|move|p2a: Banquet|Diamond Storm|p1a: Terminal Ludicity\n|-resisted|p1a: Terminal Ludicity\n|-damage|p1a: Terminal Ludicity|0 fnt\n|faint|p1a: Terminal Ludicity\n|\n|upkeep\n|c|\u2606ArcticIzagi|are we back?\n|\n|t:|1698951577\n|switch|p1a: Misericorde|Sinistcha-Masterpiece, tera:Water|98\/100 brn\n|turn|16\n|\n|t:|1698951587\n|move|p2a: Banquet|Moonblast|p1a: Misericorde\n|-damage|p1a: Misericorde|39\/100 brn\n|move|p1a: Misericorde|Matcha Gotcha|p2a: Banquet\n|-supereffective|p2a: Banquet\n|-damage|p2a: Banquet|0 fnt\n|-heal|p1a: Misericorde|69\/100 brn|[from] drain|[of] p2a: Banquet\n|faint|p2a: Banquet\n|\n|-heal|p1a: Misericorde|75\/100 brn|[from] item: Leftovers\n|-damage|p1a: Misericorde|72\/100 brn|[from] brn\n|upkeep\n|c| Moonz_e|Slorp\n|c| Astro Rifk|sloep\n|\n|t:|1698951613\n|switch|p2a: Antlion|Tyranitar, F|59\/100\n|-damage|p2a: Antlion|47\/100|[from] Stealth Rock\n|-weather|Sandstorm|[from] ability: Sand Stream|[of] p2a: Antlion\n|turn|17\n|\n|t:|1698951623\n|move|p1a: Misericorde|Strength Sap|p2a: Antlion\n|-unboost|p2a: Antlion|atk|1\n|-heal|p1a: Misericorde|100\/100 brn\n|move|p2a: Antlion|Knock Off|p1a: Misericorde\n|-damage|p1a: Misericorde|79\/100 brn\n|-enditem|p1a: Misericorde|Leftovers|[from] move: Knock Off|[of] p2a: Antlion\n|\n|-weather|Sandstorm|[upkeep]\n|-damage|p1a: Misericorde|73\/100 brn|[from] Sandstorm\n|-damage|p1a: Misericorde|70\/100 brn|[from] brn\n|upkeep\n|turn|18\n|\n|t:|1698951656\n|switch|p1a: Spectrum of Sin|Iron Valiant|91\/100\n|switch|p2a: Dr. Herbert|Nihilego|100\/100\n|-damage|p2a: Dr. Herbert|88\/100|[from] Stealth Rock\n|\n|-weather|Sandstorm|[upkeep]\n|-damage|p1a: Spectrum of Sin|85\/100|[from] Sandstorm\n|upkeep\n|turn|19\n|\n|t:|1698951678\n|move|p1a: Spectrum of Sin|Close Combat|p2a: Dr. Herbert\n|-damage|p2a: Dr. Herbert|0 fnt\n|-unboost|p1a: Spectrum of Sin|def|1\n|-unboost|p1a: Spectrum of Sin|spd|1\n|faint|p2a: Dr. Herbert\n|-damage|p1a: Spectrum of Sin|75\/100|[from] item: Life Orb\n|\n|-weather|Sandstorm|[upkeep]\n|-damage|p1a: Spectrum of Sin|69\/100|[from] Sandstorm\n|upkeep\n|c|\u2606Bug Maniac Swaggy|gg\n|c|\u2606ArcticIzagi|gg\n|\n|t:|1698951686\n|switch|p2a: Antlion|Tyranitar, F|47\/100\n|-damage|p2a: Antlion|35\/100|[from] Stealth Rock\n|turn|20\n|\n|t:|1698951695\n|move|p1a: Spectrum of Sin|Close Combat|p2a: Antlion\n|-supereffective|p2a: Antlion\n|-damage|p2a: Antlion|0 fnt\n|-unboost|p1a: Spectrum of Sin|def|1\n|-unboost|p1a: Spectrum of Sin|spd|1\n|faint|p2a: Antlion\n|-damage|p1a: Spectrum of Sin|59\/100|[from] item: Life Orb\n|\n|win|Bug Maniac Swaggy\n|l| Moonz_e\n|j| El Zappo\n|c| Destinum|You 100% threw by going Tyranitar and not just Nihilego immediately.\n|c|\u2606ArcticIzagi|lost when I lost terrak\n|l|\u2606ArcticIzagi\n|l|\u2606Bug Maniac Swaggy\n|c| Destinum|Nihilego would have swept.\n","uploadtime":1698951701,"views":15,"p1id":"bugmaniacswaggy","p2id":"arcticizagi","formatid":"gen9nationaldexubers","rating":0,"private":0,"password":""}