{"id":"gen9nationaldexubers-1999362489","p1":"ib71","p2":"Mew the troll","format":"[Gen 9] National Dex Ubers","log":"|j|\u2606ib71\n|j|\u2606Mew the troll\n|t:|1701067006\n|gametype|singles\n|player|p1|ib71|steven|1054\n|player|p2|Mew the troll|lass-gen4|1131\n|teamsize|p1|6\n|teamsize|p2|6\n|gen|9\n|tier|[Gen 9] National Dex Ubers\n|rated|\n|rule|HP Percentage Mod: HP is shown in percentages\n|rule|Endless Battle Clause: Forcing endless battles is banned\n|rule|OHKO Clause: OHKO moves are banned\n|rule|Evasion Moves Clause: Evasion moves are banned\n|rule|Evasion Items Clause: Evasion items are banned\n|rule|Species Clause: Limit one of each Pok\u00e9mon\n|rule|Sleep Clause Mod: Limit one foe put to sleep\n|rule|Mega Rayquaza Clause: You cannot mega evolve Rayquaza\n|clearpoke\n|poke|p1|Kyurem-Black|\n|poke|p1|Xerneas-*|\n|poke|p1|Necrozma-Dusk-Mane|\n|poke|p1|Groudon|\n|poke|p1|Deoxys-Speed|\n|poke|p1|Rayquaza|\n|poke|p2|Venusaur, F|\n|poke|p2|Mightyena, F|\n|poke|p2|Lycanroc-Midnight, F|\n|poke|p2|Skarmory, F|\n|poke|p2|Darmanitan-Galar, M|\n|poke|p2|Necrozma-Dawn-Wings|\n|teampreview\n|\n|t:|1701067010\n|start\n|switch|p1a: Rayquaza|Rayquaza|100\/100\n|switch|p2a: Furry cutter|Venusaur, F|100\/100\n|-ability|p1a: Rayquaza|Air Lock\n|turn|1\n|\n|t:|1701067021\n|detailschange|p2a: Furry cutter|Venusaur-Mega, F\n|-mega|p2a: Furry cutter|Venusaur|Venusaurite\n|move|p1a: Rayquaza|Dragon Dance|p1a: Rayquaza\n|-boost|p1a: Rayquaza|atk|1\n|-boost|p1a: Rayquaza|spe|1\n|move|p2a: Furry cutter|Curse|p2a: Furry cutter\n|-unboost|p2a: Furry cutter|spe|1\n|-boost|p2a: Furry cutter|atk|1\n|-boost|p2a: Furry cutter|def|1\n|\n|upkeep\n|turn|2\n|\n|t:|1701067031\n|switch|p1a: Groudon|Groudon|100\/100\n|detailschange|p1a: Groudon|Groudon-Primal\n|-primal|p1a: Groudon|Red Orb\n|-weather|DesolateLand|[from] ability: Desolate Land|[of] p1a: Groudon\n|move|p2a: Furry cutter|Leech Seed|p1a: Groudon\n|-start|p1a: Groudon|move: Leech Seed\n|\n|-weather|DesolateLand|[upkeep]\n|-damage|p1a: Groudon|88\/100|[from] Leech Seed|[of] p2a: Furry cutter\n|upkeep\n|turn|3\n|\n|t:|1701067039\n|move|p1a: Groudon|Eruption|p2a: Furry cutter\n|-supereffective|p2a: Furry cutter\n|-damage|p2a: Furry cutter|29\/100\n|move|p2a: Furry cutter|Fury Cutter|p1a: Groudon\n|-resisted|p1a: Groudon\n|-damage|p1a: Groudon|84\/100\n|\n|-weather|DesolateLand|[upkeep]\n|-damage|p1a: Groudon|71\/100|[from] Leech Seed|[of] p2a: Furry cutter\n|-heal|p2a: Furry cutter|43\/100|[silent]\n|upkeep\n|turn|4\n|\n|t:|1701067047\n|move|p1a: Groudon|Eruption|p2a: Furry cutter\n|-supereffective|p2a: Furry cutter\n|-damage|p2a: Furry cutter|0 fnt\n|faint|p2a: Furry cutter\n|\n|-weather|DesolateLand|[upkeep]\n|upkeep\n|inactive|Battle timer is ON: inactive players will automatically lose when time's up. (requested by ib71)\n|\n|t:|1701067052\n|switch|p2a: Welcome back|Mightyena, F|100\/100\n|turn|5\n|\n|t:|1701067061\n|move|p1a: Groudon|Precipice Blades|p2a: Welcome back\n|-damage|p2a: Welcome back|0 fnt\n|faint|p2a: Welcome back\n|\n|-weather|DesolateLand|[upkeep]\n|upkeep\n|\n|t:|1701067065\n|switch|p2a: Wolf pack|Lycanroc-Midnight, F|100\/100\n|turn|6\n|\n|t:|1701067075\n|move|p1a: Groudon|Precipice Blades|p2a: Wolf pack\n|-supereffective|p2a: Wolf pack\n|-enditem|p2a: Wolf pack|Focus Sash\n|-damage|p2a: Wolf pack|1\/100\n|move|p2a: Wolf pack|Counter|p1a: Groudon\n|-damage|p1a: Groudon|0 fnt\n|faint|p1a: Groudon\n|-weather|none\n|\n|upkeep\n|\n|t:|1701067080\n|switch|p1a: Rayquaza|Rayquaza|100\/100\n|-ability|p1a: Rayquaza|Air Lock\n|turn|7\n|\n|t:|1701067085\n|move|p1a: Rayquaza|Dragon Ascent|p2a: Wolf pack\n|-resisted|p2a: Wolf pack\n|-damage|p2a: Wolf pack|0 fnt\n|-unboost|p1a: Rayquaza|def|1\n|-unboost|p1a: Rayquaza|spd|1\n|faint|p2a: Wolf pack\n|\n|upkeep\n|\n|t:|1701067091\n|switch|p2a: C R I N G E|Skarmory, F|100\/100\n|turn|8\n|\n|t:|1701067097\n|move|p1a: Rayquaza|Dragon Ascent|p2a: C R I N G E\n|-resisted|p2a: C R I N G E\n|-damage|p2a: C R I N G E|78\/100\n|-unboost|p1a: Rayquaza|def|1\n|-unboost|p1a: Rayquaza|spd|1\n|-ability|p2a: C R I N G E|Weak Armor|boost\n|-unboost|p2a: C R I N G E|def|1\n|-boost|p2a: C R I N G E|spe|2\n|move|p2a: C R I N G E|Swords Dance|p2a: C R I N G E\n|-boost|p2a: C R I N G E|atk|2\n|\n|upkeep\n|turn|9\n|\n|t:|1701067108\n|move|p2a: C R I N G E|Brave Bird|p1a: Rayquaza\n|-crit|p1a: Rayquaza\n|-damage|p1a: Rayquaza|0 fnt\n|faint|p1a: Rayquaza\n|-damage|p2a: C R I N G E|35\/100|[from] Recoil\n|-enditem|p2a: C R I N G E|Sitrus Berry|[eat]\n|-heal|p2a: C R I N G E|59\/100|[from] item: Sitrus Berry\n|\n|upkeep\n|\n|t:|1701067116\n|switch|p1a: Kyurem|Kyurem-Black|100\/100\n|-ability|p1a: Kyurem|Teravolt\n|turn|10\n|\n|t:|1701067121\n|move|p2a: C R I N G E|Iron Head|p1a: Kyurem\n|-supereffective|p1a: Kyurem\n|-damage|p1a: Kyurem|15\/100\n|move|p1a: Kyurem|Fusion Bolt|p2a: C R I N G E\n|-supereffective|p2a: C R I N G E\n|-damage|p2a: C R I N G E|0 fnt\n|faint|p2a: C R I N G E\n|\n|upkeep\n|\n|t:|1701067129\n|switch|p2a: I fucking can't|Darmanitan-Galar, M|100\/100\n|turn|11\n|\n|t:|1701067140\n|-terastallize|p2a: I fucking can't|Ground\n|move|p2a: I fucking can't|Earthquake|p1a: Kyurem\n|-damage|p1a: Kyurem|0 fnt\n|faint|p1a: Kyurem\n|\n|upkeep\n|\n|t:|1701067151\n|switch|p1a: Deoxys|Deoxys-Speed|100\/100\n|-ability|p1a: Deoxys|Pressure\n|turn|12\n|\n|t:|1701067156\n|move|p1a: Deoxys|Dark Pulse|p2a: I fucking can't\n|-damage|p2a: I fucking can't|72\/100\n|cant|p2a: I fucking can't|flinch\n|\n|upkeep\n|turn|13\n|\n|t:|1701067162\n|switch|p1a: Xerneas|Xerneas|100\/100\n|-ability|p1a: Xerneas|Fairy Aura\n|move|p2a: I fucking can't|Earthquake|p1a: Xerneas\n|-damage|p1a: Xerneas|1\/100\n|\n|upkeep\n|turn|14\n|\n|t:|1701067168\n|move|p1a: Xerneas|Close Combat|p2a: I fucking can't\n|-damage|p2a: I fucking can't|10\/100\n|-unboost|p1a: Xerneas|def|1\n|-unboost|p1a: Xerneas|spd|1\n|move|p2a: I fucking can't|Earthquake|p1a: Xerneas\n|-damage|p1a: Xerneas|0 fnt\n|faint|p1a: Xerneas\n|\n|upkeep\n|\n|t:|1701067176\n|switch|p1a: Deoxys|Deoxys-Speed|100\/100\n|-ability|p1a: Deoxys|Pressure\n|turn|15\n|\n|t:|1701067180\n|move|p1a: Deoxys|Psycho Boost|p2a: I fucking can't\n|-damage|p2a: I fucking can't|0 fnt\n|-unboost|p1a: Deoxys|spa|2\n|faint|p2a: I fucking can't\n|\n|upkeep\n|\n|t:|1701067185\n|switch|p2a: Please kill me|Necrozma-Dawn-Wings|100\/100\n|turn|16\n|\n|t:|1701067194\n|move|p1a: Deoxys|Psycho Boost|p2a: Please kill me\n|-resisted|p2a: Please kill me\n|-damage|p2a: Please kill me|92\/100\n|-unboost|p1a: Deoxys|spa|2\n|move|p2a: Please kill me|Swords Dance|p2a: Please kill me\n|-boost|p2a: Please kill me|atk|2\n|\n|upkeep\n|turn|17\n|\n|t:|1701067202\n|switch|p1a: Necrozma|Necrozma-Dusk-Mane|100\/100\n|move|p2a: Please kill me|Swords Dance|p2a: Please kill me\n|-boost|p2a: Please kill me|atk|2\n|\n|upkeep\n|turn|18\n|\n|t:|1701067210\n|detailschange|p2a: Please kill me|Necrozma-Ultra\n|-burst|p2a: Please kill me|Necrozma|Ultranecrozium Z\n|detailschange|p1a: Necrozma|Necrozma-Ultra\n|-burst|p1a: Necrozma|Necrozma|Ultranecrozium Z\n|move|p2a: Please kill me|Earthquake|p1a: Necrozma\n|-damage|p1a: Necrozma|0 fnt\n|faint|p1a: Necrozma\n|\n|upkeep\n|\n|t:|1701067217\n|switch|p1a: Deoxys|Deoxys-Speed|100\/100\n|-ability|p1a: Deoxys|Pressure\n|turn|19\n|\n|t:|1701067224\n|-terastallize|p1a: Deoxys|Psychic\n|move|p1a: Deoxys|Psycho Boost|p2a: Please kill me\n|-resisted|p2a: Please kill me\n|-damage|p2a: Please kill me|62\/100\n|-unboost|p1a: Deoxys|spa|2\n|-zpower|p2a: Please kill me\n|move|p2a: Please kill me|Light That Burns the Sky|p1a: Deoxys|[zeffect]\n|-resisted|p1a: Deoxys\n|-damage|p1a: Deoxys|0 fnt\n|faint|p1a: Deoxys\n|\n|win|Mew the troll\n|raw|ib71's rating: 1054 &rarr; <strong>1040<\/strong><br \/>(-14 for losing)\n|raw|Mew the troll's rating: 1131 &rarr; <strong>1151<\/strong><br \/>(+20 for winning)\n|l|\u2606ib71\n","uploadtime":1701067238,"views":2,"p1id":"ib71","p2id":"mewthetroll","formatid":"gen9nationaldexubers","rating":1040,"private":0,"password":""}