{"id":"gen9nationaldexubers-1990892313","p1":"85792195wwww","p2":"nfyhsueryfgius","format":"[Gen 9] National Dex Ubers","log":"|j|\u260685792195wwww\n|j|\u2606nfyhsueryfgius\n|t:|1700012102\n|gametype|singles\n|player|p1|85792195wwww|mira|1728\n|player|p2|nfyhsueryfgius|ghetsis|1731\n|teamsize|p1|6\n|teamsize|p2|6\n|gen|9\n|tier|[Gen 9] National Dex Ubers\n|rated|\n|rule|HP Percentage Mod: HP is shown in percentages\n|rule|Endless Battle Clause: Forcing endless battles is banned\n|rule|OHKO Clause: OHKO moves are banned\n|rule|Evasion Moves Clause: Evasion moves are banned\n|rule|Evasion Items Clause: Evasion items are banned\n|rule|Species Clause: Limit one of each Pok\u00e9mon\n|rule|Sleep Clause Mod: Limit one foe put to sleep\n|rule|Mega Rayquaza Clause: You cannot mega evolve Rayquaza\n|clearpoke\n|poke|p1|Xerneas-*|\n|poke|p1|Deoxys-Speed|\n|poke|p1|Zacian-*|\n|poke|p1|Arceus|\n|poke|p1|Groudon|\n|poke|p1|Zekrom|\n|poke|p2|Necrozma-Dusk-Mane|\n|poke|p2|Arceus-Ground|\n|poke|p2|Groudon|\n|poke|p2|Ho-Oh|\n|poke|p2|Yveltal|\n|poke|p2|Marshadow|\n|teampreview\n|\n|t:|1700012119\n|start\n|switch|p1a: Deoxys|Deoxys-Speed|100\/100\n|switch|p2a: Arceus|Arceus-Ground|100\/100\n|-ability|p1a: Deoxys|Pressure\n|turn|1\n|\n|t:|1700012127\n|move|p1a: Deoxys|Stealth Rock|p2a: Arceus\n|-sidestart|p2: nfyhsueryfgius|move: Stealth Rock\n|move|p2a: Arceus|Judgment|p1a: Deoxys\n|-damage|p1a: Deoxys|42\/100\n|\n|upkeep\n|turn|2\n|\n|t:|1700012134\n|move|p1a: Deoxys|Taunt|p2a: Arceus\n|-start|p2a: Arceus|move: Taunt\n|move|p2a: Arceus|Judgment|p1a: Deoxys\n|-damage|p1a: Deoxys|0 fnt\n|faint|p1a: Deoxys\n|\n|upkeep\n|\n|t:|1700012145\n|switch|p1a: Xerneas|Xerneas|100\/100\n|-ability|p1a: Xerneas|Fairy Aura\n|turn|3\n|\n|t:|1700012151\n|switch|p2a: Necrozma|Necrozma-Dusk-Mane|100\/100\n|-damage|p2a: Necrozma|94\/100|[from] Stealth Rock\n|move|p1a: Xerneas|Geomancy||[still]\n|-prepare|p1a: Xerneas|Geomancy\n|-enditem|p1a: Xerneas|Power Herb\n|-anim|p1a: Xerneas|Geomancy|p1a: Xerneas\n|-boost|p1a: Xerneas|spa|2\n|-boost|p1a: Xerneas|spd|2\n|-boost|p1a: Xerneas|spe|2\n|\n|upkeep\n|turn|4\n|\n|t:|1700012162\n|-terastallize|p1a: Xerneas|Fighting\n|move|p1a: Xerneas|Focus Blast|p2a: Necrozma|[miss]\n|-miss|p1a: Xerneas|p2a: Necrozma\n|-zpower|p2a: Necrozma\n|move|p2a: Necrozma|Searing Sunraze Smash|p1a: Xerneas|[zeffect]\n|-damage|p1a: Xerneas|23\/100\n|\n|upkeep\n|turn|5\n|\n|t:|1700012176\n|move|p1a: Xerneas|Focus Blast|p2a: Necrozma\n|-damage|p2a: Necrozma|7\/100\n|move|p2a: Necrozma|Sunsteel Strike|p1a: Xerneas\n|-damage|p1a: Xerneas|0 fnt\n|faint|p1a: Xerneas\n|\n|upkeep\n|\n|t:|1700012185\n|switch|p1a: Zekrom|Zekrom|100\/100\n|-ability|p1a: Zekrom|Teravolt\n|turn|6\n|\n|t:|1700012192\n|switch|p2a: Arceus|Arceus-Ground|100\/100\n|-damage|p2a: Arceus|94\/100|[from] Stealth Rock\n|move|p1a: Zekrom|Dragon Dance|p1a: Zekrom\n|-boost|p1a: Zekrom|atk|1\n|-boost|p1a: Zekrom|spe|1\n|\n|upkeep\n|turn|7\n|\n|t:|1700012200\n|move|p1a: Zekrom|Substitute|p1a: Zekrom\n|-start|p1a: Zekrom|Substitute\n|-damage|p1a: Zekrom|76\/100\n|move|p2a: Arceus|Judgment|p1a: Zekrom\n|-supereffective|p1a: Zekrom\n|-end|p1a: Zekrom|Substitute\n|\n|upkeep\n|turn|8\n|\n|t:|1700012208\n|-zpower|p1a: Zekrom\n|move|p1a: Zekrom|Devastating Drake|p2a: Arceus|[zeffect]\n|-damage|p2a: Arceus|0 fnt\n|faint|p2a: Arceus\n|\n|upkeep\n|\n|t:|1700012218\n|switch|p2a: Groudon|Groudon|100\/100\n|-damage|p2a: Groudon|94\/100|[from] Stealth Rock\n|detailschange|p2a: Groudon|Groudon-Primal\n|-primal|p2a: Groudon|Red Orb\n|-weather|DesolateLand|[from] ability: Desolate Land|[of] p2a: Groudon\n|turn|9\n|\n|t:|1700012226\n|move|p1a: Zekrom|Substitute|p1a: Zekrom\n|-start|p1a: Zekrom|Substitute\n|-damage|p1a: Zekrom|51\/100\n|move|p2a: Groudon|Precipice Blades|p1a: Zekrom\n|-supereffective|p1a: Zekrom\n|-end|p1a: Zekrom|Substitute\n|\n|-weather|DesolateLand|[upkeep]\n|upkeep\n|turn|10\n|\n|t:|1700012233\n|move|p1a: Zekrom|Substitute|p1a: Zekrom\n|-start|p1a: Zekrom|Substitute\n|-damage|p1a: Zekrom|26\/100\n|move|p2a: Groudon|Precipice Blades|p1a: Zekrom\n|-supereffective|p1a: Zekrom\n|-end|p1a: Zekrom|Substitute\n|\n|-weather|DesolateLand|[upkeep]\n|upkeep\n|turn|11\n|\n|t:|1700012241\n|move|p1a: Zekrom|Outrage|p2a: Groudon\n|-crit|p2a: Groudon\n|-damage|p2a: Groudon|0 fnt\n|faint|p2a: Groudon\n|-weather|none\n|\n|upkeep\n|\n|t:|1700012244\n|switch|p2a: Marshadow|Marshadow|100\/100\n|-damage|p2a: Marshadow|94\/100|[from] Stealth Rock\n|turn|12\n|\n|t:|1700012251\n|move|p2a: Marshadow|Shadow Sneak|p1a: Zekrom\n|-damage|p1a: Zekrom|0 fnt\n|faint|p1a: Zekrom\n|-damage|p2a: Marshadow|84\/100|[from] item: Life Orb\n|\n|upkeep\n|\n|t:|1700012259\n|switch|p1a: Groudon|Groudon|100\/100\n|detailschange|p1a: Groudon|Groudon-Primal\n|-primal|p1a: Groudon|Red Orb\n|-weather|DesolateLand|[from] ability: Desolate Land|[of] p1a: Groudon\n|turn|13\n|\n|t:|1700012265\n|switch|p2a: Necrozma|Necrozma-Dusk-Mane|7\/100\n|-damage|p2a: Necrozma|1\/100|[from] Stealth Rock\n|move|p1a: Groudon|Rock Polish|p1a: Groudon\n|-boost|p1a: Groudon|spe|2\n|\n|-weather|DesolateLand|[upkeep]\n|upkeep\n|turn|14\n|\n|t:|1700012274\n|move|p1a: Groudon|Swords Dance|p1a: Groudon\n|-boost|p1a: Groudon|atk|2\n|move|p2a: Necrozma|Sunsteel Strike|p1a: Groudon\n|-resisted|p1a: Groudon\n|-damage|p1a: Groudon|87\/100\n|\n|-weather|DesolateLand|[upkeep]\n|upkeep\n|turn|15\n|\n|t:|1700012282\n|move|p1a: Groudon|Swords Dance|p1a: Groudon\n|-boost|p1a: Groudon|atk|2\n|move|p2a: Necrozma|Sunsteel Strike|p1a: Groudon\n|-resisted|p1a: Groudon\n|-damage|p1a: Groudon|71\/100\n|\n|-weather|DesolateLand|[upkeep]\n|upkeep\n|turn|16\n|\n|t:|1700012291\n|move|p1a: Groudon|Heat Crash|p2a: Necrozma\n|-supereffective|p2a: Necrozma\n|-damage|p2a: Necrozma|0 fnt\n|faint|p2a: Necrozma\n|\n|-weather|DesolateLand|[upkeep]\n|upkeep\n|\n|t:|1700012294\n|switch|p2a: Ho-Oh|Ho-Oh|100\/100\n|turn|17\n|\n|t:|1700012299\n|move|p1a: Groudon|Heat Crash|p2a: Ho-Oh\n|-resisted|p2a: Ho-Oh\n|-damage|p2a: Ho-Oh|0 fnt\n|faint|p2a: Ho-Oh\n|\n|-weather|DesolateLand|[upkeep]\n|upkeep\n|\n|t:|1700012306\n|switch|p2a: Yveltal|Yveltal|100\/100\n|-damage|p2a: Yveltal|76\/100|[from] Stealth Rock\n|-ability|p2a: Yveltal|Dark Aura\n|turn|18\n|\n|t:|1700012312\n|move|p2a: Yveltal|Sucker Punch|p1a: Groudon\n|-damage|p1a: Groudon|43\/100\n|-damage|p2a: Yveltal|66\/100|[from] item: Life Orb\n|move|p1a: Groudon|Heat Crash|p2a: Yveltal\n|-damage|p2a: Yveltal|0 fnt\n|faint|p2a: Yveltal\n|\n|-weather|DesolateLand|[upkeep]\n|upkeep\n|\n|t:|1700012314\n|switch|p2a: Marshadow|Marshadow|84\/100\n|-damage|p2a: Marshadow|78\/100|[from] Stealth Rock\n|turn|19\n|\n|t:|1700012324\n|-terastallize|p2a: Marshadow|Ghost\n|move|p2a: Marshadow|Shadow Sneak|p1a: Groudon\n|-damage|p1a: Groudon|12\/100\n|-damage|p2a: Marshadow|68\/100|[from] item: Life Orb\n|move|p1a: Groudon|Heat Crash|p2a: Marshadow\n|-damage|p2a: Marshadow|0 fnt\n|faint|p2a: Marshadow\n|\n|win|85792195wwww\n|raw|85792195wwww's rating: 1728 &rarr; <strong>1748<\/strong><br \/>(+20 for winning)\n|raw|nfyhsueryfgius's rating: 1731 &rarr; <strong>1711<\/strong><br \/>(-20 for losing)\n|l|\u2606nfyhsueryfgius\n","uploadtime":1700012336,"views":7,"p1id":"85792195wwww","p2id":"nfyhsueryfgius","formatid":"gen9nationaldexubers","rating":1711,"private":0,"password":""}