{"id":"gen9nationaldexubers-1979101453","p1":"Guj Genera","p2":"k7eenex","format":"[Gen 9] National Dex Ubers","log":"|j|\u2606Guj Genera\n|j|\u2606k7eenex\n|t:|1698632347\n|gametype|singles\n|player|p1|Guj Genera|red|\n|player|p2|k7eenex|hiker-gen4|\n|teamsize|p1|6\n|teamsize|p2|6\n|gen|9\n|tier|[Gen 9] National Dex Ubers\n|rule|HP Percentage Mod: HP is shown in percentages\n|rule|Endless Battle Clause: Forcing endless battles is banned\n|rule|OHKO Clause: OHKO moves are banned\n|rule|Evasion Moves Clause: Evasion moves are banned\n|rule|Evasion Items Clause: Evasion items are banned\n|rule|Species Clause: Limit one of each Pok\u00e9mon\n|rule|Sleep Clause Mod: Limit one foe put to sleep\n|rule|Mega Rayquaza Clause: You cannot mega evolve Rayquaza\n|clearpoke\n|poke|p1|Latios, M|\n|poke|p1|Urshifu-*, M|\n|poke|p1|Clefable, F|\n|poke|p1|Ogerpon, F|\n|poke|p1|Blaziken, F|\n|poke|p1|Donphan, M|\n|poke|p2|Terrakion|\n|poke|p2|Aerodactyl, F|\n|poke|p2|Kleavor, F|\n|poke|p2|Ogerpon-Cornerstone, F|\n|poke|p2|Rhyperior, M|\n|poke|p2|Coalossal, M|\n|teampreview\n|inactive|Battle timer is ON: inactive players will automatically lose when time's up. (requested by Guj Genera)\n|\n|t:|1698632354\n|start\n|switch|p1a: Clefable|Clefable, F, shiny|100\/100\n|switch|p2a: WHIP ITS|Kleavor, F|100\/100\n|turn|1\n|\n|t:|1698632374\n|move|p2a: WHIP ITS|U-turn|p1a: Clefable\n|-resisted|p1a: Clefable\n|-damage|p1a: Clefable|78\/100\n|\n|t:|1698632377\n|switch|p2a: Dopamine|Ogerpon-Cornerstone, F|100\/100|[from] U-turn\n|move|p1a: Clefable|Cosmic Power|p1a: Clefable\n|-boost|p1a: Clefable|def|1\n|-boost|p1a: Clefable|spd|1\n|\n|-heal|p1a: Clefable|84\/100|[from] item: Leftovers\n|upkeep\n|turn|2\n|\n|t:|1698632380\n|move|p2a: Dopamine|Swords Dance|p2a: Dopamine\n|-boost|p2a: Dopamine|atk|2\n|move|p1a: Clefable|Cosmic Power|p1a: Clefable\n|-boost|p1a: Clefable|def|1\n|-boost|p1a: Clefable|spd|1\n|\n|-heal|p1a: Clefable|90\/100|[from] item: Leftovers\n|upkeep\n|turn|3\n|\n|t:|1698632385\n|move|p2a: Dopamine|Ivy Cudgel|p1a: Clefable\n|-crit|p1a: Clefable\n|-damage|p1a: Clefable|0 fnt\n|faint|p1a: Clefable\n|\n|upkeep\n|\n|t:|1698632394\n|switch|p1a: Latios|Latios, M, shiny|100\/100\n|turn|4\n|\n|t:|1698632399\n|detailschange|p1a: Latios|Latios-Mega, M, shiny\n|-mega|p1a: Latios|Latios|Latiosite\n|move|p1a: Latios|Aura Sphere|p2a: Dopamine\n|-supereffective|p2a: Dopamine\n|-damage|p2a: Dopamine|27\/100\n|move|p2a: Dopamine|Knock Off|p1a: Latios\n|-supereffective|p1a: Latios\n|-damage|p1a: Latios|0 fnt\n|faint|p1a: Latios\n|\n|upkeep\n|\n|t:|1698632407\n|switch|p1a: Ogerpon|Ogerpon, F|100\/100\n|turn|5\n|\n|t:|1698632434\n|move|p2a: Dopamine|Ivy Cudgel|p1a: Ogerpon\n|-damage|p1a: Ogerpon|0 fnt\n|faint|p1a: Ogerpon\n|\n|upkeep\n|\n|t:|1698632440\n|switch|p1a: Blaziken|Blaziken, F, shiny|100\/100\n|turn|6\n|inactive|k7eenex has 270 seconds left.\n|\n|t:|1698632462\n|move|p1a: Blaziken|Protect|p1a: Blaziken\n|-singleturn|p1a: Blaziken|Protect\n|move|p2a: Dopamine|Ivy Cudgel|p1a: Blaziken\n|-activate|p1a: Blaziken|move: Protect\n|\n|-ability|p1a: Blaziken|Speed Boost|boost\n|-boost|p1a: Blaziken|spe|1\n|upkeep\n|turn|7\n|\n|t:|1698632471\n|move|p1a: Blaziken|Blaze Kick|p2a: Dopamine\n|-crit|p2a: Dopamine\n|-damage|p2a: Dopamine|0 fnt\n|faint|p2a: Dopamine\n|\n|-ability|p1a: Blaziken|Speed Boost|boost\n|-boost|p1a: Blaziken|spe|1\n|upkeep\n|\n|t:|1698632474\n|switch|p2a: Pinhead Larry|Rhyperior, M|100\/100\n|turn|8\n|\n|t:|1698632478\n|move|p1a: Blaziken|High Jump Kick|p2a: Pinhead Larry\n|-supereffective|p2a: Pinhead Larry\n|-enditem|p2a: Pinhead Larry|Chople Berry|[eat]\n|-enditem|p2a: Pinhead Larry|Chople Berry|[weaken]\n|-damage|p2a: Pinhead Larry|72\/100\n|move|p2a: Pinhead Larry|Earthquake|p1a: Blaziken\n|-supereffective|p1a: Blaziken\n|-damage|p1a: Blaziken|0 fnt\n|faint|p1a: Blaziken\n|\n|upkeep\n|\n|t:|1698632481\n|switch|p1a: Urshifu|Urshifu-Rapid-Strike, M|100\/100\n|turn|9\n|\n|t:|1698632489\n|switch|p2a: BUFFALO WINGS|Coalossal, M|100\/100\n|move|p1a: Urshifu|Surging Strikes|p2a: BUFFALO WINGS\n|-supereffective|p2a: BUFFALO WINGS\n|-crit|p2a: BUFFALO WINGS\n|-damage|p2a: BUFFALO WINGS|61\/100\n|-damage|p1a: Urshifu|84\/100|[from] item: Rocky Helmet|[of] p2a: BUFFALO WINGS\n|-supereffective|p2a: BUFFALO WINGS\n|-crit|p2a: BUFFALO WINGS\n|-damage|p2a: BUFFALO WINGS|17\/100\n|-damage|p1a: Urshifu|68\/100|[from] item: Rocky Helmet|[of] p2a: BUFFALO WINGS\n|-supereffective|p2a: BUFFALO WINGS\n|-crit|p2a: BUFFALO WINGS\n|-damage|p2a: BUFFALO WINGS|0 fnt\n|-damage|p1a: Urshifu|51\/100|[from] item: Rocky Helmet|[of] p2a: BUFFALO WINGS\n|faint|p2a: BUFFALO WINGS\n|-hitcount|p2: BUFFALO WINGS|3\n|\n|upkeep\n|\n|t:|1698632505\n|switch|p2a: Mo Murda|Terrakion|100\/100\n|turn|10\n|\n|t:|1698632510\n|-zpower|p2a: Mo Murda\n|move|p2a: Mo Murda|All-Out Pummeling|p1a: Urshifu|[zeffect]\n|-damage|p1a: Urshifu|0 fnt\n|faint|p1a: Urshifu\n|\n|upkeep\n|\n|t:|1698632512\n|switch|p1a: Donphan|Donphan, M, shiny|100\/100\n|turn|11\n|\n|t:|1698632519\n|move|p2a: Mo Murda|Close Combat|p1a: Donphan\n|-damage|p1a: Donphan|50\/100\n|-unboost|p2a: Mo Murda|def|1\n|-unboost|p2a: Mo Murda|spd|1\n|move|p1a: Donphan|Earthquake|p2a: Mo Murda\n|-supereffective|p2a: Mo Murda\n|-damage|p2a: Mo Murda|0 fnt\n|faint|p2a: Mo Murda\n|\n|upkeep\n|\n|t:|1698632532\n|switch|p2a: WHIP ITS|Kleavor, F|100\/100\n|turn|12\n|\n|t:|1698632536\n|move|p2a: WHIP ITS|X-Scissor|p1a: Donphan\n|-damage|p1a: Donphan|1\/100\n|move|p1a: Donphan|Earthquake|p2a: WHIP ITS\n|-damage|p2a: WHIP ITS|29\/100\n|\n|upkeep\n|turn|13\n|\n|t:|1698632542\n|move|p2a: WHIP ITS|X-Scissor|p1a: Donphan\n|-damage|p1a: Donphan|0 fnt\n|faint|p1a: Donphan\n|\n|win|k7eenex\n","uploadtime":1698632547,"views":12,"p1id":"gujgenera","p2id":"k7eenex","formatid":"gen9nationaldexubers","rating":0,"private":0,"password":""}