{"id":"gen9nationaldexubers-1989206984","p1":"Meeewww615987","p2":"John-Halsey","format":"[Gen 9] National Dex Ubers","log":"|j|\u2606Meeewww615987\n|j|\u2606John-Halsey\n|t:|1699823421\n|gametype|singles\n|player|p1|Meeewww615987|musician|1205\n|player|p2|John-Halsey|veteran|1121\n|teamsize|p1|6\n|teamsize|p2|6\n|gen|9\n|tier|[Gen 9] National Dex Ubers\n|rated|\n|rule|HP Percentage Mod: HP is shown in percentages\n|rule|Endless Battle Clause: Forcing endless battles is banned\n|rule|OHKO Clause: OHKO moves are banned\n|rule|Evasion Moves Clause: Evasion moves are banned\n|rule|Evasion Items Clause: Evasion items are banned\n|rule|Species Clause: Limit one of each Pok\u00e9mon\n|rule|Sleep Clause Mod: Limit one foe put to sleep\n|rule|Mega Rayquaza Clause: You cannot mega evolve Rayquaza\n|clearpoke\n|poke|p1|Zacian-*|\n|poke|p1|Gliscor, M|\n|poke|p1|Serperior, M|\n|poke|p1|Goodra-Hisui, F|\n|poke|p1|Kingambit, F|\n|poke|p1|Togekiss, F|\n|poke|p2|Blaziken, M|\n|poke|p2|Nidoking, M|\n|poke|p2|Crobat, M|\n|poke|p2|Ceruledge, M|\n|poke|p2|Suicune|\n|poke|p2|Ninetales-Alola, F|\n|teampreview\n|c|\u2606Meeewww615987|Glhf\n|\n|t:|1699823435\n|start\n|switch|p1a: Gliscor|Gliscor, M|100\/100\n|switch|p2a: Ninetales|Ninetales-Alola, F|100\/100\n|-weather|Snow|[from] ability: Snow Warning|[of] p2a: Ninetales\n|turn|1\n|c|\u2606John-Halsey|u2\n|c|\u2606Meeewww615987|Buh bye\n|\n|t:|1699823449\n|move|p1a: Gliscor|Protect|p1a: Gliscor\n|-singleturn|p1a: Gliscor|Protect\n|move|p2a: Ninetales|Aurora Veil|p2a: Ninetales\n|-sidestart|p2: John-Halsey|move: Aurora Veil\n|\n|-weather|Snow|[upkeep]\n|-status|p1a: Gliscor|tox|[from] item: Toxic Orb\n|upkeep\n|turn|2\n|\n|t:|1699823458\n|switch|p1a: Goodra|Goodra-Hisui, F|100\/100\n|move|p2a: Ninetales|Blizzard|p1a: Goodra\n|-damage|p1a: Goodra|87\/100\n|\n|-weather|Snow|[upkeep]\n|upkeep\n|turn|3\n|\n|t:|1699823480\n|switch|p2a: Crobat|Crobat, M|100\/100\n|move|p1a: Goodra|Flash Cannon|p2a: Crobat\n|-damage|p2a: Crobat|76\/100\n|\n|-weather|Snow|[upkeep]\n|upkeep\n|turn|4\n|\n|t:|1699823490\n|move|p2a: Crobat|Super Fang|p1a: Goodra\n|-damage|p1a: Goodra|44\/100\n|move|p1a: Goodra|Ice Beam|p2a: Crobat\n|-supereffective|p2a: Crobat\n|-damage|p2a: Crobat|40\/100\n|\n|-weather|Snow|[upkeep]\n|upkeep\n|turn|5\n|\n|t:|1699823502\n|move|p2a: Crobat|U-turn|p1a: Goodra\n|-resisted|p1a: Goodra\n|-damage|p1a: Goodra|37\/100\n|\n|t:|1699823504\n|switch|p2a: Ceruledge|Ceruledge, M|100\/100|[from] U-turn\n|-item|p2a: Ceruledge|Air Balloon\n|move|p1a: Goodra|Ice Beam|p2a: Ceruledge\n|-resisted|p2a: Ceruledge\n|-damage|p2a: Ceruledge|91\/100\n|-enditem|p2a: Ceruledge|Air Balloon\n|\n|-weather|none\n|upkeep\n|turn|6\n|\n|t:|1699823518\n|move|p2a: Ceruledge|Bitter Blade|p1a: Goodra\n|-damage|p1a: Goodra|0 fnt\n|-heal|p2a: Ceruledge|100\/100|[from] drain|[of] p1a: Goodra\n|faint|p1a: Goodra\n|\n|upkeep\n|\n|t:|1699823524\n|switch|p1a: Gliscor|Gliscor, M|100\/100 tox\n|turn|7\n|\n|t:|1699823532\n|switch|p2a: Suicune|Suicune|100\/100\n|-ability|p2a: Suicune|Pressure\n|move|p1a: Gliscor|Earthquake|p2a: Suicune\n|-damage|p2a: Suicune|84\/100\n|\n|-heal|p2a: Suicune|91\/100|[from] item: Leftovers\n|upkeep\n|turn|8\n|\n|t:|1699823540\n|switch|p1a: Serperior|Serperior, M|100\/100\n|move|p2a: Suicune|Calm Mind|p2a: Suicune\n|-boost|p2a: Suicune|spa|1\n|-boost|p2a: Suicune|spd|1\n|\n|-heal|p2a: Suicune|97\/100|[from] item: Leftovers\n|-sideend|p2: John-Halsey|move: Aurora Veil\n|upkeep\n|turn|9\n|\n|t:|1699823552\n|-terastallize|p1a: Serperior|Grass\n|move|p1a: Serperior|Leaf Storm|p2a: Suicune\n|-supereffective|p2a: Suicune\n|-damage|p2a: Suicune|0 fnt\n|-boost|p1a: Serperior|spa|2\n|faint|p2a: Suicune\n|\n|upkeep\n|\n|t:|1699823561\n|switch|p2a: Ninetales|Ninetales-Alola, F|100\/100\n|-weather|Snow|[from] ability: Snow Warning|[of] p2a: Ninetales\n|turn|10\n|\n|t:|1699823570\n|move|p1a: Serperior|Leaf Storm|p2a: Ninetales|[miss]\n|-miss|p1a: Serperior|p2a: Ninetales\n|move|p2a: Ninetales|Aurora Veil|p2a: Ninetales\n|-sidestart|p2: John-Halsey|move: Aurora Veil\n|\n|-weather|Snow|[upkeep]\n|upkeep\n|turn|11\n|\n|t:|1699823577\n|-terastallize|p2a: Ninetales|Ice\n|move|p1a: Serperior|Leaf Storm|p2a: Ninetales|[miss]\n|-miss|p1a: Serperior|p2a: Ninetales\n|move|p2a: Ninetales|Blizzard|p1a: Serperior\n|-supereffective|p1a: Serperior\n|-damage|p1a: Serperior|6\/100\n|\n|-weather|Snow|[upkeep]\n|upkeep\n|turn|12\n|\n|t:|1699823586\n|move|p1a: Serperior|Leaf Storm|p2a: Ninetales\n|-damage|p2a: Ninetales|0 fnt\n|-boost|p1a: Serperior|spa|2\n|faint|p2a: Ninetales\n|\n|-weather|Snow|[upkeep]\n|upkeep\n|\n|t:|1699823593\n|switch|p2a: Ceruledge|Ceruledge, M|100\/100\n|turn|13\n|\n|t:|1699823597\n|move|p2a: Ceruledge|Shadow Sneak|p1a: Serperior\n|-damage|p1a: Serperior|0 fnt\n|faint|p1a: Serperior\n|\n|-weather|Snow|[upkeep]\n|upkeep\n|\n|t:|1699823603\n|switch|p1a: Gliscor|Gliscor, M|100\/100 tox\n|turn|14\n|\n|t:|1699823610\n|switch|p2a: Crobat|Crobat, M|40\/100\n|move|p1a: Gliscor|Earthquake|p2a: Crobat\n|-immune|p2a: Crobat\n|\n|-weather|none\n|upkeep\n|turn|15\n|\n|t:|1699823619\n|move|p1a: Gliscor|Protect|p1a: Gliscor\n|-singleturn|p1a: Gliscor|Protect\n|move|p2a: Crobat|Super Fang|p1a: Gliscor\n|-activate|p1a: Gliscor|move: Protect\n|\n|upkeep\n|turn|16\n|\n|t:|1699823628\n|switch|p1a: Kingambit|Kingambit, F|100\/100\n|-activate|p1a: Kingambit|ability: Supreme Overlord\n|-start|p1a: Kingambit|fallen2|[silent]\n|move|p2a: Crobat|Super Fang|p1a: Kingambit\n|-damage|p1a: Kingambit|50\/100\n|\n|upkeep\n|turn|17\n|\n|t:|1699823643\n|switch|p2a: Blaziken|Blaziken, M|100\/100\n|move|p1a: Kingambit|Kowtow Cleave|p2a: Blaziken\n|-resisted|p2a: Blaziken\n|-damage|p2a: Blaziken|71\/100\n|-damage|p1a: Kingambit|41\/100|[from] item: Life Orb\n|\n|-sideend|p2: John-Halsey|move: Aurora Veil\n|upkeep\n|turn|18\n|\n|t:|1699823656\n|detailschange|p2a: Blaziken|Blaziken-Mega, M\n|-mega|p2a: Blaziken|Blaziken|Blazikenite\n|move|p2a: Blaziken|Protect|p2a: Blaziken\n|-singleturn|p2a: Blaziken|Protect\n|move|p1a: Kingambit|Sucker Punch||[still]\n|-fail|p1a: Kingambit\n|\n|-ability|p2a: Blaziken|Speed Boost|boost\n|-boost|p2a: Blaziken|spe|1\n|upkeep\n|turn|19\n|\n|t:|1699823665\n|move|p2a: Blaziken|Swords Dance|p2a: Blaziken\n|-boost|p2a: Blaziken|atk|2\n|move|p1a: Kingambit|Brick Break|p2a: Blaziken\n|-damage|p2a: Blaziken|13\/100\n|-damage|p1a: Kingambit|31\/100|[from] item: Life Orb\n|\n|-ability|p2a: Blaziken|Speed Boost|boost\n|-boost|p2a: Blaziken|spe|1\n|upkeep\n|turn|20\n|\n|t:|1699823674\n|move|p2a: Blaziken|Protect|p2a: Blaziken\n|-singleturn|p2a: Blaziken|Protect\n|move|p1a: Kingambit|Sucker Punch||[still]\n|-fail|p1a: Kingambit\n|\n|-ability|p2a: Blaziken|Speed Boost|boost\n|-boost|p2a: Blaziken|spe|1\n|upkeep\n|turn|21\n|\n|t:|1699823681\n|move|p2a: Blaziken|Earthquake|p1a: Kingambit\n|-supereffective|p1a: Kingambit\n|-crit|p1a: Kingambit\n|-damage|p1a: Kingambit|0 fnt\n|faint|p1a: Kingambit\n|-end|p1a: Kingambit|fallen2|[silent]\n|\n|-ability|p2a: Blaziken|Speed Boost|boost\n|-boost|p2a: Blaziken|spe|1\n|upkeep\n|\n|t:|1699823688\n|switch|p1a: Togekiss|Togekiss, F|100\/100\n|turn|22\n|\n|t:|1699823701\n|switch|p2a: Nidoking|Nidoking, M|100\/100\n|move|p1a: Togekiss|Thunder Wave|p2a: Nidoking\n|-immune|p2a: Nidoking\n|\n|upkeep\n|turn|23\n|\n|t:|1699823713\n|move|p2a: Nidoking|Ice Beam|p1a: Togekiss\n|-supereffective|p1a: Togekiss\n|-damage|p1a: Togekiss|55\/100\n|move|p1a: Togekiss|Air Slash|p2a: Nidoking\n|-crit|p2a: Nidoking\n|-damage|p2a: Nidoking|10\/100\n|\n|-heal|p1a: Togekiss|61\/100|[from] item: Leftovers\n|upkeep\n|turn|24\n|\n|t:|1699823731\n|move|p2a: Nidoking|Ice Beam|p1a: Togekiss\n|-supereffective|p1a: Togekiss\n|-damage|p1a: Togekiss|9\/100\n|move|p1a: Togekiss|Air Slash|p2a: Nidoking\n|-damage|p2a: Nidoking|0 fnt\n|faint|p2a: Nidoking\n|\n|-heal|p1a: Togekiss|15\/100|[from] item: Leftovers\n|upkeep\n|\n|t:|1699823742\n|switch|p2a: Ceruledge|Ceruledge, M|100\/100\n|turn|25\n|\n|t:|1699823749\n|move|p2a: Ceruledge|Shadow Sneak|p1a: Togekiss\n|-damage|p1a: Togekiss|0 fnt\n|faint|p1a: Togekiss\n|\n|upkeep\n|\n|t:|1699823753\n|switch|p1a: Zacian|Zacian-Crowned|100\/100\n|-ability|p1a: Zacian|Intrepid Sword|boost\n|-boost|p1a: Zacian|atk|1\n|turn|26\n|\n|t:|1699823762\n|move|p1a: Zacian|Behemoth Blade|p2a: Ceruledge\n|-resisted|p2a: Ceruledge\n|-damage|p2a: Ceruledge|43\/100\n|-ability|p2a: Ceruledge|Weak Armor|boost\n|-unboost|p2a: Ceruledge|def|1\n|-boost|p2a: Ceruledge|spe|2\n|move|p2a: Ceruledge|Bitter Blade|p1a: Zacian\n|-supereffective|p1a: Zacian\n|-damage|p1a: Zacian|15\/100\n|-heal|p2a: Ceruledge|91\/100|[from] drain|[of] p1a: Zacian\n|\n|upkeep\n|turn|27\n|\n|t:|1699823774\n|move|p2a: Ceruledge|Bitter Blade|p1a: Zacian\n|-supereffective|p1a: Zacian\n|-damage|p1a: Zacian|0 fnt\n|-heal|p2a: Ceruledge|99\/100|[from] drain|[of] p1a: Zacian\n|faint|p1a: Zacian\n|\n|upkeep\n|\n|t:|1699823780\n|switch|p1a: Gliscor|Gliscor, M|100\/100 tox\n|turn|28\n|\n|t:|1699823783\n|move|p1a: Gliscor|Protect|p1a: Gliscor\n|-singleturn|p1a: Gliscor|Protect\n|move|p2a: Ceruledge|Bulk Up|p2a: Ceruledge\n|-boost|p2a: Ceruledge|atk|1\n|-boost|p2a: Ceruledge|def|1\n|\n|upkeep\n|turn|29\n|\n|t:|1699823790\n|move|p2a: Ceruledge|Bitter Blade|p1a: Gliscor\n|-damage|p1a: Gliscor|37\/100 tox\n|-heal|p2a: Ceruledge|100\/100|[from] drain|[of] p1a: Gliscor\n|move|p1a: Gliscor|Earthquake|p2a: Ceruledge\n|-supereffective|p2a: Ceruledge\n|-damage|p2a: Ceruledge|0 fnt\n|faint|p2a: Ceruledge\n|\n|-heal|p1a: Gliscor|49\/100 tox|[from] ability: Poison Heal\n|upkeep\n|c|\u2606Meeewww615987|Wow good job\n|c|\u2606Meeewww615987|gg\n|c|\u2606John-Halsey|not finish\n|\n|t:|1699823810\n|switch|p2a: Blaziken|Blaziken-Mega, M|13\/100\n|turn|30\n|c|\u2606Meeewww615987|I know but you\u2019re gonna win\n|\n|t:|1699823824\n|move|p2a: Blaziken|Close Combat|p1a: Gliscor\n|-resisted|p1a: Gliscor\n|-damage|p1a: Gliscor|16\/100 tox\n|-unboost|p2a: Blaziken|def|1\n|-unboost|p2a: Blaziken|spd|1\n|move|p1a: Gliscor|Earthquake|p2a: Blaziken\n|-supereffective|p2a: Blaziken\n|-damage|p2a: Blaziken|0 fnt\n|faint|p2a: Blaziken\n|\n|-heal|p1a: Gliscor|28\/100 tox|[from] ability: Poison Heal\n|upkeep\n|c|\u2606John-Halsey|nop\n|c|\u2606John-Halsey|x)\n|c|\u2606Meeewww615987|Actually maybe I have a chance\n|\n|t:|1699823834\n|switch|p2a: Crobat|Crobat, M|40\/100\n|turn|31\n|c|\u2606John-Halsey|spoiler alert\n|c|\u2606John-Halsey|i don't have dmg on this\n|\n|t:|1699823854\n|move|p1a: Gliscor|Protect|p1a: Gliscor\n|-singleturn|p1a: Gliscor|Protect\n|move|p2a: Crobat|Super Fang|p1a: Gliscor\n|-activate|p1a: Gliscor|move: Protect\n|\n|-heal|p1a: Gliscor|41\/100 tox|[from] ability: Poison Heal\n|upkeep\n|turn|32\n|\n|t:|1699823870\n|move|p2a: Crobat|Super Fang|p1a: Gliscor\n|-damage|p1a: Gliscor|21\/100 tox\n|move|p1a: Gliscor|Acrobatics|p2a: Crobat\n|-damage|p2a: Crobat|14\/100\n|\n|-heal|p1a: Gliscor|33\/100 tox|[from] ability: Poison Heal\n|upkeep\n|turn|33\n|c|\u2606John-Halsey|u win bro\n|c|\u2606John-Halsey|<3\n|\n|t:|1699823883\n|move|p2a: Crobat|Super Fang|p1a: Gliscor\n|-damage|p1a: Gliscor|17\/100 tox\n|move|p1a: Gliscor|Acrobatics|p2a: Crobat\n|-damage|p2a: Crobat|0 fnt\n|faint|p2a: Crobat\n|\n|win|Meeewww615987\n|raw|Meeewww615987's rating: 1205 &rarr; <strong>1224<\/strong><br \/>(+19 for winning)\n|raw|John-Halsey's rating: 1121 &rarr; <strong>1102<\/strong><br \/>(-19 for losing)\n|c|\u2606John-Halsey|gg\n|l|\u2606Meeewww615987\n","uploadtime":1699824160,"views":6,"p1id":"meeewww615987","p2id":"johnhalsey","formatid":"gen9nationaldexubers","rating":1102,"private":0,"password":""}