{"id":"gen9nationaldexubers-1990475525","p1":"PhobosYeah","p2":"egg yolk(past)","format":"[Gen 9] National Dex Ubers","log":"|j|\u2606PhobosYeah\n|j|\u2606egg yolk(past)\n|t:|1699974429\n|gametype|singles\n|player|p1|PhobosYeah|roughneck|1368\n|player|p2|egg yolk(past)|101|1289\n|teamsize|p1|6\n|teamsize|p2|6\n|gen|9\n|tier|[Gen 9] National Dex Ubers\n|rated|\n|rule|HP Percentage Mod: HP is shown in percentages\n|rule|Endless Battle Clause: Forcing endless battles is banned\n|rule|OHKO Clause: OHKO moves are banned\n|rule|Evasion Moves Clause: Evasion moves are banned\n|rule|Evasion Items Clause: Evasion items are banned\n|rule|Species Clause: Limit one of each Pok\u00e9mon\n|rule|Sleep Clause Mod: Limit one foe put to sleep\n|rule|Mega Rayquaza Clause: You cannot mega evolve Rayquaza\n|clearpoke\n|poke|p1|Ditto|\n|poke|p1|Smeargle, F|\n|poke|p1|Kangaskhan, F|\n|poke|p1|Zoroark-Hisui, F|\n|poke|p1|Ursaluna-Bloodmoon, M|\n|poke|p1|Arceus|\n|poke|p2|Kingambit, F|\n|poke|p2|Mewtwo|\n|poke|p2|Indeedee, M|\n|poke|p2|Ursaluna-Bloodmoon, M|\n|poke|p2|Cloyster, F|\n|poke|p2|Clefable, F|\n|teampreview\n|c|\u2606PhobosYeah|GLHF\n|c|\u2606egg yolk(past)|glhffffffff\n|\n|t:|1699974441\n|start\n|switch|p1a: Smeargle|Smeargle, F|100\/100\n|switch|p2a: oh|Cloyster, F|100\/100\n|turn|1\n|\n|t:|1699974446\n|move|p1a: Smeargle|Spore|p2a: oh\n|-status|p2a: oh|slp|[from] move: Spore\n|cant|p2a: oh|slp\n|\n|-ability|p1a: Smeargle|Moody|boost\n|-boost|p1a: Smeargle|spe|2\n|-unboost|p1a: Smeargle|spd|1\n|upkeep\n|turn|2\n|\n|t:|1699974455\n|switch|p2a: Clefable|Clefable, F|100\/100\n|move|p1a: Smeargle|Sticky Web|p2a: Clefable\n|-sidestart|p2: egg yolk(past)|move: Sticky Web\n|\n|-ability|p1a: Smeargle|Moody|boost\n|-boost|p1a: Smeargle|def|2\n|-unboost|p1a: Smeargle|spd|1\n|upkeep\n|turn|3\n|\n|t:|1699974462\n|move|p1a: Smeargle|Shed Tail|p1a: Smeargle\n|-start|p1a: Smeargle|Substitute|[from] move: Shed Tail\n|-damage|p1a: Smeargle|50\/100\n|\n|t:|1699974466\n|switch|p1a: Arceus|Arceus|100\/100|[from] Shed Tail\n|move|p2a: Clefable|Cosmic Power|p2a: Clefable\n|-boost|p2a: Clefable|def|1\n|-boost|p2a: Clefable|spd|1\n|\n|upkeep\n|turn|4\n|\n|t:|1699974473\n|move|p1a: Arceus|Swords Dance|p1a: Arceus\n|-boost|p1a: Arceus|atk|2\n|move|p2a: Clefable|Cosmic Power|p2a: Clefable\n|-boost|p2a: Clefable|def|1\n|-boost|p2a: Clefable|spd|1\n|\n|upkeep\n|turn|5\n|\n|t:|1699974479\n|move|p1a: Arceus|Swords Dance|p1a: Arceus\n|-boost|p1a: Arceus|atk|2\n|move|p2a: Clefable|Draining Kiss|p1a: Arceus\n|-activate|p1a: Arceus|move: Substitute|[damage]\n|\n|upkeep\n|turn|6\n|\n|t:|1699974485\n|move|p1a: Arceus|Swords Dance|p1a: Arceus\n|-boost|p1a: Arceus|atk|2\n|move|p2a: Clefable|Cosmic Power|p2a: Clefable\n|-boost|p2a: Clefable|def|1\n|-boost|p2a: Clefable|spd|1\n|\n|upkeep\n|turn|7\n|\n|t:|1699974494\n|-terastallize|p1a: Arceus|Normal\n|move|p1a: Arceus|Extreme Speed|p2a: Clefable\n|-damage|p2a: Clefable|66\/100\n|move|p2a: Clefable|Psychic|p1a: Arceus\n|-crit|p1a: Arceus\n|-end|p1a: Arceus|Substitute\n|\n|-heal|p2a: Clefable|72\/100|[from] item: Leftovers\n|upkeep\n|turn|8\n|\n|t:|1699974504\n|move|p1a: Arceus|Extreme Speed|p2a: Clefable\n|-damage|p2a: Clefable|36\/100\n|move|p2a: Clefable|Draining Kiss|p1a: Arceus\n|-damage|p1a: Arceus|86\/100\n|-heal|p2a: Clefable|49\/100|[from] drain|[of] p1a: Arceus\n|\n|-heal|p2a: Clefable|55\/100|[from] item: Leftovers\n|upkeep\n|turn|9\n|\n|t:|1699974512\n|move|p1a: Arceus|Extreme Speed|p2a: Clefable\n|-damage|p2a: Clefable|21\/100\n|move|p2a: Clefable|Soft-Boiled|p2a: Clefable\n|-heal|p2a: Clefable|71\/100\n|\n|-heal|p2a: Clefable|77\/100|[from] item: Leftovers\n|upkeep\n|turn|10\n|\n|t:|1699974519\n|move|p1a: Arceus|Extreme Speed|p2a: Clefable\n|-damage|p2a: Clefable|41\/100\n|move|p2a: Clefable|Soft-Boiled|p2a: Clefable\n|-heal|p2a: Clefable|91\/100\n|\n|-heal|p2a: Clefable|97\/100|[from] item: Leftovers\n|upkeep\n|turn|11\n|\n|t:|1699974528\n|move|p1a: Arceus|Earthquake|p2a: Clefable\n|-damage|p2a: Clefable|78\/100\n|move|p2a: Clefable|Psychic|p1a: Arceus\n|-damage|p1a: Arceus|67\/100\n|\n|-heal|p2a: Clefable|84\/100|[from] item: Leftovers\n|upkeep\n|turn|12\n|\n|t:|1699974539\n|move|p1a: Arceus|Extreme Speed|p2a: Clefable\n|-damage|p2a: Clefable|44\/100\n|move|p2a: Clefable|Cosmic Power|p2a: Clefable\n|-boost|p2a: Clefable|def|1\n|-boost|p2a: Clefable|spd|1\n|\n|-heal|p2a: Clefable|50\/100|[from] item: Leftovers\n|upkeep\n|turn|13\n|\n|t:|1699974552\n|switch|p1a: Ditto|Ditto, shiny|100\/100\n|-transform|p1a: Ditto|p2a: Clefable|[from] ability: Imposter\n|move|p2a: Clefable|Soft-Boiled|p2a: Clefable\n|-heal|p2a: Clefable|99\/100\n|\n|-heal|p2a: Clefable|100\/100|[from] item: Leftovers\n|upkeep\n|turn|14\n|\n|t:|1699974568\n|move|p1a: Ditto|Psychic|p2a: Clefable\n|-damage|p2a: Clefable|73\/100\n|move|p2a: Clefable|Psychic|p1a: Ditto\n|-damage|p1a: Ditto|71\/100\n|\n|-heal|p2a: Clefable|79\/100|[from] item: Leftovers\n|upkeep\n|turn|15\n|\n|t:|1699974579\n|move|p1a: Ditto|Psychic|p2a: Clefable\n|-damage|p2a: Clefable|48\/100\n|move|p2a: Clefable|Psychic|p1a: Ditto\n|-damage|p1a: Ditto|39\/100\n|\n|-heal|p2a: Clefable|54\/100|[from] item: Leftovers\n|upkeep\n|turn|16\n|\n|t:|1699974587\n|move|p1a: Ditto|Psychic|p2a: Clefable\n|-damage|p2a: Clefable|26\/100\n|move|p2a: Clefable|Cosmic Power|p2a: Clefable\n|-boost|p2a: Clefable|def|1\n|-boost|p2a: Clefable|spd|1\n|\n|-heal|p2a: Clefable|32\/100|[from] item: Leftovers\n|upkeep\n|turn|17\n|\n|t:|1699974595\n|move|p1a: Ditto|Psychic|p2a: Clefable\n|-damage|p2a: Clefable|4\/100\n|-unboost|p2a: Clefable|spd|1\n|move|p2a: Clefable|Soft-Boiled|p2a: Clefable\n|-heal|p2a: Clefable|54\/100\n|\n|-heal|p2a: Clefable|60\/100|[from] item: Leftovers\n|upkeep\n|turn|18\n|\n|t:|1699974603\n|move|p1a: Ditto|Psychic|p2a: Clefable\n|-damage|p2a: Clefable|31\/100\n|move|p2a: Clefable|Soft-Boiled|p2a: Clefable\n|-heal|p2a: Clefable|81\/100\n|\n|-heal|p2a: Clefable|87\/100|[from] item: Leftovers\n|upkeep\n|turn|19\n|\n|t:|1699974627\n|switch|p1a: Smeargle|Smeargle, F|50\/100\n|move|p2a: Clefable|Psychic|p1a: Smeargle\n|-damage|p1a: Smeargle|0 fnt\n|faint|p1a: Smeargle\n|\n|-heal|p2a: Clefable|93\/100|[from] item: Leftovers\n|upkeep\n|\n|t:|1699974641\n|switch|p1a: Kangaskhan|Kangaskhan, F, shiny|100\/100\n|turn|20\n|\n|t:|1699974646\n|detailschange|p1a: Kangaskhan|Kangaskhan-Mega, F, shiny\n|-mega|p1a: Kangaskhan|Kangaskhan|Kangaskhanite\n|move|p1a: Kangaskhan|Fake Out|p2a: Clefable\n|-damage|p2a: Clefable|84\/100\n|-damage|p2a: Clefable|82\/100\n|-hitcount|p2a: Clefable|2\n|cant|p2a: Clefable|flinch\n|\n|-heal|p2a: Clefable|88\/100|[from] item: Leftovers\n|upkeep\n|turn|21\n|\n|t:|1699974654\n|move|p1a: Kangaskhan|Seismic Toss|p2a: Clefable\n|-damage|p2a: Clefable|58\/100\n|-damage|p2a: Clefable|28\/100\n|-hitcount|p2a: Clefable|2\n|move|p2a: Clefable|Cosmic Power|p2a: Clefable\n|-boost|p2a: Clefable|def|1\n|-boost|p2a: Clefable|spd|1\n|\n|-heal|p2a: Clefable|34\/100|[from] item: Leftovers\n|upkeep\n|turn|22\n|\n|t:|1699974663\n|move|p1a: Kangaskhan|Seismic Toss|p2a: Clefable\n|-damage|p2a: Clefable|4\/100\n|-damage|p2a: Clefable|0 fnt\n|faint|p2a: Clefable\n|-hitcount|p2: Clefable|2\n|\n|upkeep\n|\n|t:|1699974672\n|switch|p2a: Ursaluna|Ursaluna-Bloodmoon, M|100\/100\n|-activate|p2a: Ursaluna|move: Sticky Web\n|-unboost|p2a: Ursaluna|spe|1\n|turn|23\n|\n|t:|1699974679\n|move|p2a: Ursaluna|Vacuum Wave|p1a: Kangaskhan\n|-supereffective|p1a: Kangaskhan\n|-damage|p1a: Kangaskhan|68\/100\n|move|p1a: Kangaskhan|Seismic Toss|p2a: Ursaluna\n|-damage|p2a: Ursaluna|77\/100\n|-damage|p2a: Ursaluna|54\/100\n|-hitcount|p2a: Ursaluna|2\n|\n|-heal|p2a: Ursaluna|60\/100|[from] item: Leftovers\n|upkeep\n|turn|24\n|\n|t:|1699974687\n|move|p1a: Kangaskhan|Seismic Toss|p2a: Ursaluna\n|-damage|p2a: Ursaluna|37\/100\n|-damage|p2a: Ursaluna|14\/100\n|-hitcount|p2a: Ursaluna|2\n|move|p2a: Ursaluna|Calm Mind|p2a: Ursaluna\n|-boost|p2a: Ursaluna|spa|1\n|-boost|p2a: Ursaluna|spd|1\n|\n|-heal|p2a: Ursaluna|20\/100|[from] item: Leftovers\n|upkeep\n|turn|25\n|\n|t:|1699974695\n|move|p2a: Ursaluna|Vacuum Wave|p1a: Kangaskhan\n|-supereffective|p1a: Kangaskhan\n|-damage|p1a: Kangaskhan|20\/100\n|move|p1a: Kangaskhan|Seismic Toss|p2a: Ursaluna\n|-damage|p2a: Ursaluna|0 fnt\n|faint|p2a: Ursaluna\n|-hitcount|p2: Ursaluna|1\n|\n|upkeep\n|\n|t:|1699974704\n|switch|p2a: Indeedee|Indeedee, M|100\/100\n|-activate|p2a: Indeedee|move: Sticky Web\n|-unboost|p2a: Indeedee|spe|1\n|-fieldstart|move: Psychic Terrain|[from] ability: Psychic Surge|[of] p2a: Indeedee\n|turn|26\n|\n|t:|1699974715\n|move|p2a: Indeedee|Fake Out|p1a: Kangaskhan\n|-activate|p1a: Kangaskhan|move: Psychic Terrain\n|move|p1a: Kangaskhan|Seismic Toss|p2a: Indeedee\n|-damage|p2a: Indeedee|62\/100\n|-damage|p2a: Indeedee|24\/100\n|-enditem|p2a: Indeedee|Aguav Berry|[eat]\n|-heal|p2a: Indeedee|57\/100|[from] item: Aguav Berry\n|-hitcount|p2a: Indeedee|2\n|\n|upkeep\n|turn|27\n|\n|t:|1699974723\n|move|p1a: Kangaskhan|Seismic Toss|p2a: Indeedee\n|-damage|p2a: Indeedee|19\/100\n|-damage|p2a: Indeedee|0 fnt\n|faint|p2a: Indeedee\n|-hitcount|p2: Indeedee|2\n|\n|upkeep\n|\n|t:|1699974727\n|switch|p2a: Nugget|Mewtwo|100\/100\n|-activate|p2a: Nugget|move: Sticky Web\n|-unboost|p2a: Nugget|spe|1\n|-ability|p2a: Nugget|Pressure\n|turn|28\n|\n|t:|1699974735\n|detailschange|p2a: Nugget|Mewtwo-Mega-Y\n|-mega|p2a: Nugget|Mewtwo|Mewtwonite Y\n|move|p1a: Kangaskhan|Sucker Punch|p2a: Nugget\n|-activate|p2a: Nugget|move: Psychic Terrain\n|move|p2a: Nugget|Expanding Force|p1a: Kangaskhan\n|-damage|p1a: Kangaskhan|0 fnt\n|faint|p1a: Kangaskhan\n|\n|upkeep\n|\n|t:|1699974744\n|switch|p1a: Ditto|Ditto, shiny|39\/100\n|-transform|p1a: Ditto|p2a: Nugget|[from] ability: Imposter\n|turn|29\n|\n|t:|1699974755\n|move|p1a: Ditto|Expanding Force|p2a: Nugget\n|-resisted|p2a: Nugget\n|-damage|p2a: Nugget|53\/100\n|move|p2a: Nugget|Earth Power|p1a: Ditto\n|-damage|p1a: Ditto|0 fnt\n|faint|p1a: Ditto\n|\n|upkeep\n|\n|t:|1699974764\n|switch|p1a: Arceus|Arceus, tera:Normal|67\/100\n|turn|30\n|\n|t:|1699974769\n|move|p1a: Arceus|Extreme Speed|p2a: Nugget\n|-activate|p2a: Nugget|move: Psychic Terrain\n|move|p2a: Nugget|Expanding Force|p1a: Arceus\n|-damage|p1a: Arceus|0 fnt\n|faint|p1a: Arceus\n|\n|-fieldend|move: Psychic Terrain\n|upkeep\n|\n|t:|1699974788\n|switch|p1a: Ursaluna|Ursaluna-Bloodmoon, M|100\/100\n|turn|31\n|\n|t:|1699974797\n|move|p1a: Ursaluna|Shadow Ball|p2a: Nugget\n|-supereffective|p2a: Nugget\n|-damage|p2a: Nugget|0 fnt\n|faint|p2a: Nugget\n|\n|upkeep\n|\n|t:|1699974801\n|switch|p2a: Lord|Kingambit, F|100\/100\n|-activate|p2a: Lord|move: Sticky Web\n|-unboost|p2a: Lord|spe|1\n|-activate|p2a: Lord|ability: Supreme Overlord\n|-start|p2a: Lord|fallen4|[silent]\n|turn|32\n|\n|t:|1699974809\n|switch|p1a: Ursaluna|Ursaluna-Bloodmoon, M|100\/100\n|-terastallize|p2a: Lord|Dark\n|move|p2a: Lord|Sucker Punch||[still]\n|-fail|p2a: Lord\n|\n|upkeep\n|turn|33\n|\n|t:|1699974825\n|move|p1a: Ursaluna|Blood Moon|p2a: Lord\n|-damage|p2a: Lord|16\/100\n|move|p2a: Lord|Pursuit|p1a: Ursaluna\n|-damage|p1a: Ursaluna|62\/100\n|\n|-heal|p1a: Ursaluna|68\/100|[from] item: Leftovers\n|-heal|p2a: Lord|23\/100|[from] item: Leftovers\n|upkeep\n|turn|34\n|\n|t:|1699974835\n|move|p2a: Lord|Sucker Punch|p1a: Ursaluna\n|-damage|p1a: Ursaluna|10\/100\n|move|p1a: Ursaluna|Moonblast|p2a: Lord\n|-supereffective|p2a: Lord\n|-damage|p2a: Lord|0 fnt\n|faint|p2a: Lord\n|-end|p2a: Lord|fallen4|[silent]\n|\n|-heal|p1a: Ursaluna|16\/100|[from] item: Leftovers\n|upkeep\n|\n|t:|1699974838\n|switch|p2a: oh|Cloyster, F|100\/100 slp\n|-activate|p2a: oh|move: Sticky Web\n|-unboost|p2a: oh|spe|1\n|turn|35\n|\n|t:|1699974848\n|move|p1a: Ursaluna|Blood Moon|p2a: oh\n|-enditem|p2a: oh|Focus Sash\n|-damage|p2a: oh|1\/100 slp\n|-curestatus|p2a: oh|slp|[msg]\n|move|p2a: oh|Shell Smash|p2a: oh\n|-unboost|p2a: oh|def|1\n|-unboost|p2a: oh|spd|1\n|-boost|p2a: oh|atk|2\n|-boost|p2a: oh|spa|2\n|-boost|p2a: oh|spe|2\n|\n|-heal|p1a: Ursaluna|22\/100|[from] item: Leftovers\n|upkeep\n|turn|36\n|\n|t:|1699974867\n|move|p2a: oh|Icicle Spear|p1a: Ursaluna\n|-supereffective|p1a: Ursaluna\n|-damage|p1a: Ursaluna|0 fnt\n|faint|p1a: Ursaluna\n|-hitcount|p1: Ursaluna|1\n|\n|upkeep\n|\n|t:|1699974872\n|switch|p1a: Zoroark|Zoroark-Hisui, F|100\/100\n|turn|37\n|\n|t:|1699974882\n|move|p2a: oh|Rock Blast|p1a: Zoroark\n|-damage|p1a: Zoroark|71\/100\n|-damage|p1a: Zoroark|37\/100\n|-damage|p1a: Zoroark|6\/100\n|-damage|p1a: Zoroark|0 fnt\n|faint|p1a: Zoroark\n|-hitcount|p1: Zoroark|4\n|\n|win|egg yolk(past)\n|raw|PhobosYeah's rating: 1368 &rarr; <strong>1344<\/strong><br \/>(-24 for losing)\n|raw|egg yolk(past)'s rating: 1289 &rarr; <strong>1320<\/strong><br \/>(+31 for winning)\n|c|\u2606PhobosYeah|GG\n|c|\u2606egg yolk(past)|gg\n","uploadtime":1699974901,"views":6,"p1id":"phobosyeah","p2id":"eggyolkpast","formatid":"gen9nationaldexubers","rating":1320,"private":0,"password":""}