{"id":"gen9nationaldexubers-1994510608","p1":"electroshibe","p2":"ArgenPolmerica","format":"[Gen 9] National Dex Ubers","log":"|j|\u2606electroshibe\n|j|\u2606ArgenPolmerica\n|t:|1700452582\n|gametype|singles\n|player|p1|electroshibe|alec-anime|1213\n|player|p2|ArgenPolmerica|101|1103\n|teamsize|p1|6\n|teamsize|p2|6\n|gen|9\n|tier|[Gen 9] National Dex Ubers\n|rated|\n|rule|HP Percentage Mod: HP is shown in percentages\n|rule|Endless Battle Clause: Forcing endless battles is banned\n|rule|OHKO Clause: OHKO moves are banned\n|rule|Evasion Moves Clause: Evasion moves are banned\n|rule|Evasion Items Clause: Evasion items are banned\n|rule|Species Clause: Limit one of each Pok\u00e9mon\n|rule|Sleep Clause Mod: Limit one foe put to sleep\n|rule|Mega Rayquaza Clause: You cannot mega evolve Rayquaza\n|clearpoke\n|poke|p1|Absol, M|\n|poke|p1|Victini|\n|poke|p1|Arcanine-Hisui, F|\n|poke|p1|Sneasler, F|\n|poke|p1|Ninetales-Alola, M|\n|poke|p1|Braviary-Hisui, M|\n|poke|p2|Dragonite, F|\n|poke|p2|Dracovish|\n|poke|p2|Sirfetch\u2019d, F|\n|poke|p2|Gengar, M|\n|poke|p2|Lucario, F|\n|poke|p2|Pikachu, F|\n|teampreview\n|\n|t:|1700452599\n|start\n|switch|p1a: Slap|Sneasler, F|100\/100\n|switch|p2a: Pikachu|Pikachu, F|100\/100\n|turn|1\n|\n|t:|1700452605\n|move|p1a: Slap|Fake Out|p2a: Pikachu\n|-enditem|p1a: Slap|Normal Gem|[from] gem\n|-damage|p2a: Pikachu|31\/100\n|cant|p2a: Pikachu|flinch\n|\n|upkeep\n|turn|2\n|\n|t:|1700452615\n|move|p1a: Slap|Acrobatics|p2a: Pikachu\n|-resisted|p2a: Pikachu\n|-damage|p2a: Pikachu|0 fnt\n|faint|p2a: Pikachu\n|\n|upkeep\n|\n|t:|1700452619\n|switch|p2a: Dragonite|Dragonite, F|100\/100\n|turn|3\n|\n|t:|1700452622\n|move|p1a: Slap|Dire Claw|p2a: Dragonite\n|-damage|p2a: Dragonite|75\/100\n|-status|p2a: Dragonite|psn\n|move|p2a: Dragonite|Dragon Dance|p2a: Dragonite\n|-boost|p2a: Dragonite|atk|1\n|-boost|p2a: Dragonite|spe|1\n|\n|-damage|p2a: Dragonite|63\/100 psn|[from] psn\n|upkeep\n|turn|4\n|\n|t:|1700452634\n|move|p1a: Slap|Dire Claw|p2a: Dragonite\n|-damage|p2a: Dragonite|9\/100 psn\n|move|p2a: Dragonite|Iron Head|p1a: Slap\n|-damage|p1a: Slap|16\/100\n|\n|-damage|p2a: Dragonite|0 fnt|[from] psn\n|faint|p2a: Dragonite\n|upkeep\n|\n|t:|1700452644\n|switch|p2a: Gengar|Gengar, M|100\/100\n|turn|5\n|\n|t:|1700452649\n|move|p1a: Slap|Acrobatics|p2a: Gengar\n|-damage|p2a: Gengar|14\/100\n|-start|p1a: Slap|Disable|Acrobatics|[from] ability: Cursed Body|[of] p2a: Gengar\n|move|p2a: Gengar|Nasty Plot|p2a: Gengar\n|-boost|p2a: Gengar|spa|2\n|\n|upkeep\n|turn|6\n|\n|t:|1700452656\n|move|p1a: Slap|Dire Claw|p2a: Gengar\n|-resisted|p2a: Gengar\n|-damage|p2a: Gengar|0 fnt\n|faint|p2a: Gengar\n|\n|upkeep\n|\n|t:|1700452661\n|switch|p2a: Dracovish|Dracovish|100\/100\n|turn|7\n|\n|t:|1700452665\n|move|p1a: Slap|Dire Claw|p2a: Dracovish\n|-crit|p2a: Dracovish\n|-damage|p2a: Dracovish|27\/100\n|-status|p2a: Dracovish|psn\n|move|p2a: Dracovish|Fishious Rend|p1a: Slap\n|-damage|p1a: Slap|0 fnt\n|faint|p1a: Slap\n|\n|-damage|p2a: Dracovish|15\/100 psn|[from] psn\n|upkeep\n|\n|t:|1700452670\n|switch|p1a: Amaterasu|Arcanine-Hisui, F|100\/100\n|turn|8\n|\n|t:|1700452676\n|move|p1a: Amaterasu|Extreme Speed|p2a: Dracovish\n|-damage|p2a: Dracovish|0 fnt\n|faint|p2a: Dracovish\n|\n|upkeep\n|-message|ArgenPolmerica forfeited.\n|\n|win|electroshibe\n|raw|electroshibe's rating: 1213 &rarr; <strong>1230<\/strong><br \/>(+17 for winning)\n|raw|ArgenPolmerica's rating: 1103 &rarr; <strong>1086<\/strong><br \/>(-17 for losing)\n|l|\u2606ArgenPolmerica\n","uploadtime":1700452689,"views":9,"p1id":"electroshibe","p2id":"argenpolmerica","formatid":"gen9nationaldexubers","rating":1086,"private":0,"password":""}