{"id":"gen9nationaldexubers-1991154840","p1":"Void Puppeteer","p2":"wdymthenameisthere","format":"[Gen 9] National Dex Ubers","log":"|j|\u2606Void Puppeteer\n|j|\u2606wdymthenameisthere\n|t:|1700051089\n|gametype|singles\n|player|p1|Void Puppeteer|colress|1133\n|player|p2|wdymthenameisthere|volkner|1127\n|teamsize|p1|6\n|teamsize|p2|6\n|gen|9\n|tier|[Gen 9] National Dex Ubers\n|rated|\n|rule|HP Percentage Mod: HP is shown in percentages\n|rule|Endless Battle Clause: Forcing endless battles is banned\n|rule|OHKO Clause: OHKO moves are banned\n|rule|Evasion Moves Clause: Evasion moves are banned\n|rule|Evasion Items Clause: Evasion items are banned\n|rule|Species Clause: Limit one of each Pok\u00e9mon\n|rule|Sleep Clause Mod: Limit one foe put to sleep\n|rule|Mega Rayquaza Clause: You cannot mega evolve Rayquaza\n|clearpoke\n|poke|p1|Gliscor, F|\n|poke|p1|Golurk|\n|poke|p1|Nidoking, M|\n|poke|p1|Claydol|\n|poke|p1|Steelix, F|\n|poke|p1|Groudon|\n|poke|p2|Dracovish|\n|poke|p2|Eternatus|\n|poke|p2|Kingambit, F|\n|poke|p2|Ferrothorn, M|\n|poke|p2|Mewtwo|\n|poke|p2|Groudon|\n|teampreview\n|\n|t:|1700051097\n|start\n|switch|p1a: Gliscor|Gliscor, F|100\/100\n|switch|p2a: Ferrothorn|Ferrothorn, M|100\/100\n|turn|1\n|\n|t:|1700051102\n|move|p1a: Gliscor|Earthquake|p2a: Ferrothorn\n|-damage|p2a: Ferrothorn|66\/100\n|move|p2a: Ferrothorn|Stealth Rock|p1a: Gliscor\n|-sidestart|p1: Void Puppeteer|move: Stealth Rock\n|\n|-status|p1a: Gliscor|tox|[from] item: Toxic Orb\n|upkeep\n|turn|2\n|\n|t:|1700051109\n|move|p1a: Gliscor|Earthquake|p2a: Ferrothorn\n|-damage|p2a: Ferrothorn|31\/100\n|move|p2a: Ferrothorn|Spikes|p1a: Gliscor\n|-sidestart|p1: Void Puppeteer|Spikes\n|\n|upkeep\n|turn|3\n|\n|t:|1700051114\n|move|p1a: Gliscor|Earthquake|p2a: Ferrothorn\n|-damage|p2a: Ferrothorn|0 fnt\n|faint|p2a: Ferrothorn\n|\n|upkeep\n|\n|t:|1700051120\n|switch|p2a: Dracovish|Dracovish, shiny|100\/100\n|turn|4\n|\n|t:|1700051125\n|-terastallize|p2a: Dracovish|Water\n|move|p2a: Dracovish|Fishious Rend|p1a: Gliscor\n|-supereffective|p1a: Gliscor\n|-damage|p1a: Gliscor|0 fnt\n|faint|p1a: Gliscor\n|\n|upkeep\n|\n|t:|1700051130\n|switch|p1a: Groudon|Groudon|100\/100\n|-damage|p1a: Groudon|94\/100|[from] Stealth Rock\n|-damage|p1a: Groudon|82\/100|[from] Spikes\n|detailschange|p1a: Groudon|Groudon-Primal\n|-primal|p1a: Groudon|Red Orb\n|-weather|DesolateLand|[from] ability: Desolate Land|[of] p1a: Groudon\n|turn|5\n|\n|t:|1700051142\n|switch|p2a: Groudon|Groudon|100\/100\n|detailschange|p2a: Groudon|Groudon-Primal\n|-primal|p2a: Groudon|Red Orb\n|move|p1a: Groudon|Rock Polish|p1a: Groudon\n|-boost|p1a: Groudon|spe|2\n|\n|-weather|DesolateLand|[upkeep]\n|upkeep\n|turn|6\n|\n|t:|1700051152\n|move|p1a: Groudon|Precipice Blades|p2a: Groudon\n|-supereffective|p2a: Groudon\n|-damage|p2a: Groudon|0 fnt\n|faint|p2a: Groudon\n|\n|-weather|DesolateLand|[upkeep]\n|upkeep\n|\n|t:|1700051159\n|switch|p2a: Dracovish|Dracovish, shiny, tera:Water|100\/100\n|turn|7\n|\n|t:|1700051163\n|move|p1a: Groudon|Dragon Claw|p2a: Dracovish\n|-crit|p2a: Dracovish\n|-damage|p2a: Dracovish|40\/100\n|move|p2a: Dracovish|Low Kick|p1a: Groudon\n|-damage|p1a: Groudon|62\/100\n|\n|-weather|DesolateLand|[upkeep]\n|upkeep\n|turn|8\n|\n|t:|1700051172\n|switch|p2a: Mewtwo|Mewtwo|100\/100\n|-ability|p2a: Mewtwo|Unnerve\n|move|p1a: Groudon|Dragon Claw|p2a: Mewtwo\n|-damage|p2a: Mewtwo|60\/100\n|\n|-weather|DesolateLand|[upkeep]\n|upkeep\n|turn|9\n|\n|t:|1700051182\n|detailschange|p2a: Mewtwo|Mewtwo-Mega-Y\n|-mega|p2a: Mewtwo|Mewtwo|Mewtwonite Y\n|move|p1a: Groudon|Fire Punch|p2a: Mewtwo\n|-damage|p2a: Mewtwo|0 fnt\n|faint|p2a: Mewtwo\n|\n|-weather|DesolateLand|[upkeep]\n|upkeep\n|\n|t:|1700051187\n|switch|p2a: Eternatus|Eternatus|100\/100\n|-ability|p2a: Eternatus|Pressure\n|turn|10\n|\n|t:|1700051191\n|move|p1a: Groudon|Dragon Claw|p2a: Eternatus\n|-supereffective|p2a: Eternatus\n|-damage|p2a: Eternatus|21\/100\n|move|p2a: Eternatus|Agility|p2a: Eternatus\n|-boost|p2a: Eternatus|spe|2\n|\n|-weather|DesolateLand|[upkeep]\n|upkeep\n|turn|11\n|\n|t:|1700051199\n|move|p2a: Eternatus|Dynamax Cannon|p1a: Groudon\n|-damage|p1a: Groudon|0 fnt\n|faint|p1a: Groudon\n|-weather|none\n|\n|upkeep\n|\n|t:|1700051207\n|switch|p1a: Claydol|Claydol|100\/100\n|-damage|p1a: Claydol|94\/100|[from] Stealth Rock\n|turn|12\n|\n|t:|1700051212\n|move|p2a: Eternatus|Dynamax Cannon|p1a: Claydol\n|-damage|p1a: Claydol|41\/100\n|move|p1a: Claydol|Trick Room|p1a: Claydol\n|-fieldstart|move: Trick Room|[of] p1a: Claydol\n|\n|upkeep\n|turn|13\n|\n|t:|1700051219\n|move|p1a: Claydol|Explosion|p2a: Eternatus\n|-damage|p2a: Eternatus|0 fnt\n|faint|p1a: Claydol\n|faint|p2a: Eternatus\n|\n|upkeep\n|\n|t:|1700051233\n|switch|p1a: Golurk|Golurk|100\/100\n|switch|p2a: Kingambit|Kingambit, F|100\/100\n|-activate|p2a: Kingambit|ability: Supreme Overlord\n|-start|p2a: Kingambit|fallen4|[silent]\n|-damage|p1a: Golurk|94\/100|[from] Stealth Rock\n|-damage|p1a: Golurk|82\/100|[from] Spikes\n|turn|14\n|\n|t:|1700051240\n|move|p2a: Kingambit|Knock Off|p1a: Golurk\n|-supereffective|p1a: Golurk\n|-damage|p1a: Golurk|0 fnt\n|-enditem|p1a: Golurk|Assault Vest|[from] move: Knock Off|[of] p2a: Kingambit\n|faint|p1a: Golurk\n|\n|upkeep\n|c|\u2606Void Puppeteer|Huh\n|\n|t:|1700051255\n|switch|p1a: Steelix|Steelix, F, shiny|100\/100\n|-damage|p1a: Steelix|97\/100|[from] Stealth Rock\n|-damage|p1a: Steelix|85\/100|[from] Spikes\n|turn|15\n|\n|t:|1700051263\n|detailschange|p1a: Steelix|Steelix-Mega, F, shiny\n|-mega|p1a: Steelix|Steelix|Steelixite\n|move|p1a: Steelix|Body Press|p2a: Kingambit\n|-supereffective|p2a: Kingambit\n|-crit|p2a: Kingambit\n|-enditem|p2a: Kingambit|Focus Sash\n|-damage|p2a: Kingambit|1\/100\n|move|p2a: Kingambit|Knock Off|p1a: Steelix\n|-damage|p1a: Steelix|66\/100\n|\n|upkeep\n|turn|16\n|\n|t:|1700051276\n|move|p1a: Steelix|Body Press|p2a: Kingambit\n|-supereffective|p2a: Kingambit\n|-crit|p2a: Kingambit\n|-damage|p2a: Kingambit|0 fnt\n|faint|p2a: Kingambit\n|-end|p2a: Kingambit|fallen4|[silent]\n|\n|-fieldend|move: Trick Room\n|upkeep\n|\n|t:|1700051281\n|switch|p2a: Dracovish|Dracovish, shiny, tera:Water|40\/100\n|turn|17\n|\n|t:|1700051289\n|move|p2a: Dracovish|Fishious Rend|p1a: Steelix\n|-supereffective|p1a: Steelix\n|-damage|p1a: Steelix|0 fnt\n|faint|p1a: Steelix\n|\n|upkeep\n|\n|t:|1700051292\n|switch|p1a: Nidoking|Nidoking, M|100\/100\n|-damage|p1a: Nidoking|95\/100|[from] Stealth Rock\n|-damage|p1a: Nidoking|82\/100|[from] Spikes\n|turn|18\n|\n|t:|1700051297\n|-terastallize|p1a: Nidoking|Poison\n|move|p2a: Dracovish|Fishious Rend|p1a: Nidoking\n|-damage|p1a: Nidoking|0 fnt\n|faint|p1a: Nidoking\n|\n|win|wdymthenameisthere\n|raw|Void Puppeteer's rating: 1133 &rarr; <strong>1108<\/strong><br \/>(-25 for losing)\n|raw|wdymthenameisthere's rating: 1127 &rarr; <strong>1152<\/strong><br \/>(+25 for winning)\n","uploadtime":1700051302,"views":9,"p1id":"voidpuppeteer","p2id":"wdymthenameisthere","formatid":"gen9nationaldexubers","rating":1108,"private":0,"password":""}