{"id":"gen9nationaldexubers-1979705271","p1":"TACOB3I","p2":"ANGRY BALL","format":"[Gen 9] National Dex Ubers","log":"|j|\u2606TACOB3I\n|j|\u2606ANGRY BALL\n|t:|1698704986\n|gametype|singles\n|player|p1|TACOB3I|ghetsis|1363\n|player|p2|ANGRY BALL|caitlin|1427\n|teamsize|p1|6\n|teamsize|p2|6\n|gen|9\n|tier|[Gen 9] National Dex Ubers\n|rated|\n|rule|HP Percentage Mod: HP is shown in percentages\n|rule|Endless Battle Clause: Forcing endless battles is banned\n|rule|OHKO Clause: OHKO moves are banned\n|rule|Evasion Moves Clause: Evasion moves are banned\n|rule|Evasion Items Clause: Evasion items are banned\n|rule|Species Clause: Limit one of each Pok\u00e9mon\n|rule|Sleep Clause Mod: Limit one foe put to sleep\n|rule|Mega Rayquaza Clause: You cannot mega evolve Rayquaza\n|clearpoke\n|poke|p1|Groudon|\n|poke|p1|Rayquaza|\n|poke|p1|Kangaskhan, F|\n|poke|p1|Kingambit, F|\n|poke|p1|Grimmsnarl, M|\n|poke|p1|Kyogre|\n|poke|p2|Arceus-Dark|\n|poke|p2|Flutter Mane|\n|poke|p2|Palkia-Origin|\n|poke|p2|Groudon|\n|poke|p2|Kyurem-Black|\n|poke|p2|Braviary-Hisui, M|\n|teampreview\n|inactive|Battle timer is ON: inactive players will automatically lose when time's up. (requested by ANGRY BALL)\n|\n|t:|1698705007\n|start\n|switch|p1a: Kyogre|Kyogre|100\/100\n|switch|p2a: Flutter Mane|Flutter Mane|100\/100\n|detailschange|p1a: Kyogre|Kyogre-Primal\n|-primal|p1a: Kyogre|Blue Orb\n|-weather|PrimordialSea|[from] ability: Primordial Sea|[of] p1a: Kyogre\n|turn|1\n|\n|t:|1698705020\n|-end|p2a: Flutter Mane|Protosynthesis|[silent]\n|switch|p2a: Groudon|Groudon, shiny|100\/100\n|detailschange|p2a: Groudon|Groudon-Primal, shiny\n|-primal|p2a: Groudon|Red Orb\n|-weather|DesolateLand|[from] ability: Desolate Land|[of] p2a: Groudon\n|move|p1a: Kyogre|Ancient Power|p2a: Groudon\n|-damage|p2a: Groudon|66\/100\n|\n|-weather|DesolateLand|[upkeep]\n|upkeep\n|turn|2\n|\n|t:|1698705029\n|switch|p1a: Rayquaza|Rayquaza|100\/100\n|-ability|p1a: Rayquaza|Air Lock\n|move|p2a: Groudon|Precipice Blades|p1a: Rayquaza\n|-immune|p1a: Rayquaza\n|\n|-weather|DesolateLand|[upkeep]\n|upkeep\n|turn|3\n|\n|t:|1698705033\n|-weather|none\n|switch|p2a: Palkia|Palkia-Origin|100\/100\n|-ability|p2a: Palkia|Pressure\n|move|p1a: Rayquaza|Surf|p2a: Palkia\n|-resisted|p2a: Palkia\n|-damage|p2a: Palkia|91\/100\n|-damage|p1a: Rayquaza|91\/100|[from] item: Life Orb\n|\n|upkeep\n|turn|4\n|\n|t:|1698705037\n|-terastallize|p1a: Rayquaza|Fairy\n|move|p2a: Palkia|Thunder Wave|p1a: Rayquaza\n|-status|p1a: Rayquaza|par\n|move|p1a: Rayquaza|Draco Meteor|p2a: Palkia\n|-supereffective|p2a: Palkia\n|-damage|p2a: Palkia|0 fnt\n|-unboost|p1a: Rayquaza|spa|2\n|faint|p2a: Palkia\n|-damage|p1a: Rayquaza|81\/100 par|[from] item: Life Orb\n|\n|upkeep\n|\n|t:|1698705045\n|switch|p2a: Braviary|Braviary-Hisui, M|100\/100\n|turn|5\n|\n|t:|1698705047\n|move|p2a: Braviary|Agility|p2a: Braviary\n|-boost|p2a: Braviary|spe|2\n|move|p1a: Rayquaza|V-create|p2a: Braviary\n|-damage|p2a: Braviary|0 fnt\n|-unboost|p1a: Rayquaza|spe|1\n|-unboost|p1a: Rayquaza|def|1\n|-unboost|p1a: Rayquaza|spd|1\n|faint|p2a: Braviary\n|-damage|p1a: Rayquaza|71\/100 par|[from] item: Life Orb\n|\n|upkeep\n|-message|ANGRY BALL forfeited.\n|\n|win|TACOB3I\n|raw|TACOB3I's rating: 1363 &rarr; <strong>1387<\/strong><br \/>(+24 for winning)\n|raw|ANGRY BALL's rating: 1427 &rarr; <strong>1403<\/strong><br \/>(-24 for losing)\n|l|\u2606ANGRY BALL\n","uploadtime":1698705070,"views":8,"p1id":"tacob3i","p2id":"angryball","formatid":"gen9nationaldexubers","rating":1387,"private":0,"password":""}