{"id":"gen9nationaldexubers-1979216972","p1":"HiroIsHere","p2":"Snorkle Porkle","format":"[Gen 9] National Dex Ubers","log":"|j|\u2606HiroIsHere\n|j|\u2606Snorkle Porkle\n|t:|1698654116\n|gametype|singles\n|player|p1|HiroIsHere|dawn-gen4pt|1078\n|player|p2|Snorkle Porkle|265|1029\n|teamsize|p1|6\n|teamsize|p2|6\n|gen|9\n|tier|[Gen 9] National Dex Ubers\n|rated|\n|rule|HP Percentage Mod: HP is shown in percentages\n|rule|Endless Battle Clause: Forcing endless battles is banned\n|rule|OHKO Clause: OHKO moves are banned\n|rule|Evasion Moves Clause: Evasion moves are banned\n|rule|Evasion Items Clause: Evasion items are banned\n|rule|Species Clause: Limit one of each Pok\u00e9mon\n|rule|Sleep Clause Mod: Limit one foe put to sleep\n|rule|Mega Rayquaza Clause: You cannot mega evolve Rayquaza\n|clearpoke\n|poke|p1|Clefable, M|\n|poke|p1|Dragapult, M|\n|poke|p1|Ogerpon-Hearthflame, F|\n|poke|p1|Jirachi|\n|poke|p1|Glimmora, F|\n|poke|p1|Lopunny, F|\n|poke|p2|Tapu Koko|\n|poke|p2|Dragapult, F|\n|poke|p2|Dondozo, M|\n|poke|p2|Phione|\n|poke|p2|Metagross|\n|poke|p2|Archeops, F|\n|teampreview\n|\n|t:|1698654142\n|start\n|switch|p1a: Jirachi|Jirachi|100\/100\n|switch|p2a: Headache|Archeops, F|100\/100\n|turn|1\n|\n|t:|1698654149\n|move|p2a: Headache|Earthquake|p1a: Jirachi\n|-supereffective|p1a: Jirachi\n|-damage|p1a: Jirachi|28\/100\n|move|p1a: Jirachi|Ancient Power|p2a: Headache\n|-supereffective|p2a: Headache\n|-damage|p2a: Headache|53\/100\n|\n|-heal|p1a: Jirachi|34\/100|[from] item: Leftovers\n|upkeep\n|turn|2\n|\n|t:|1698654171\n|switch|p1a: Clefable|Clefable, M|100\/100\n|move|p2a: Headache|Earthquake|p1a: Clefable\n|-damage|p1a: Clefable|68\/100\n|\n|-heal|p1a: Clefable|74\/100|[from] item: Leftovers\n|upkeep\n|turn|3\n|\n|t:|1698654184\n|switch|p2a: Buried Treasure|Metagross, shiny|100\/100\n|move|p1a: Clefable|Calm Mind|p1a: Clefable\n|-boost|p1a: Clefable|spa|1\n|-boost|p1a: Clefable|spd|1\n|\n|-heal|p1a: Clefable|80\/100|[from] item: Leftovers\n|upkeep\n|turn|4\n|\n|t:|1698654202\n|switch|p1a: Ogerpon|Ogerpon-Hearthflame, F|100\/100\n|-ability|p1a: Ogerpon|Mold Breaker\n|move|p2a: Buried Treasure|Earthquake|p1a: Ogerpon\n|-damage|p1a: Ogerpon|61\/100\n|\n|upkeep\n|turn|5\n|\n|t:|1698654219\n|switch|p2a: Manaphie|Phione|100\/100\n|move|p1a: Ogerpon|Ivy Cudgel|p2a: Manaphie\n|-resisted|p2a: Manaphie\n|-damage|p2a: Manaphie|65\/100\n|\n|upkeep\n|turn|6\n|\n|t:|1698654236\n|-terastallize|p2a: Manaphie|Grass\n|move|p1a: Ogerpon|Seed Bomb|p2a: Manaphie\n|-resisted|p2a: Manaphie\n|-damage|p2a: Manaphie|36\/100\n|move|p2a: Manaphie|Scald|p1a: Ogerpon\n|-damage|p1a: Ogerpon|19\/100\n|\n|upkeep\n|turn|7\n|\n|t:|1698654263\n|switch|p2a: Your Mom|Dondozo, M|100\/100\n|move|p1a: Ogerpon|Ivy Cudgel|p2a: Your Mom\n|-resisted|p2a: Your Mom\n|-damage|p2a: Your Mom|86\/100\n|\n|-heal|p2a: Your Mom|92\/100|[from] item: Leftovers\n|upkeep\n|turn|8\n|\n|t:|1698654275\n|switch|p2a: Buried Treasure|Metagross, shiny|100\/100\n|move|p1a: Ogerpon|Seed Bomb|p2a: Buried Treasure\n|-resisted|p2a: Buried Treasure\n|-damage|p2a: Buried Treasure|83\/100\n|\n|upkeep\n|turn|9\n|\n|t:|1698654281\n|move|p2a: Buried Treasure|Bullet Punch|p1a: Ogerpon\n|-resisted|p1a: Ogerpon\n|-damage|p1a: Ogerpon|6\/100\n|move|p1a: Ogerpon|Ivy Cudgel|p2a: Buried Treasure\n|-supereffective|p2a: Buried Treasure\n|-damage|p2a: Buried Treasure|0 fnt\n|faint|p2a: Buried Treasure\n|\n|upkeep\n|\n|t:|1698654296\n|switch|p2a: hoo hah tiki tiki|Tapu Koko|100\/100\n|-fieldstart|move: Electric Terrain|[from] ability: Electric Surge|[of] p2a: hoo hah tiki tiki\n|turn|10\n|\n|t:|1698654314\n|switch|p1a: Clefable|Clefable, M|80\/100\n|move|p2a: hoo hah tiki tiki|Dazzling Gleam|p1a: Clefable\n|-damage|p1a: Clefable|43\/100\n|-damage|p2a: hoo hah tiki tiki|91\/100|[from] item: Life Orb\n|\n|-heal|p1a: Clefable|49\/100|[from] item: Leftovers\n|upkeep\n|turn|11\n|\n|t:|1698654324\n|move|p2a: hoo hah tiki tiki|Dazzling Gleam|p1a: Clefable\n|-damage|p1a: Clefable|10\/100\n|-damage|p2a: hoo hah tiki tiki|81\/100|[from] item: Life Orb\n|move|p1a: Clefable|Wish|p1a: Clefable\n|\n|-heal|p1a: Clefable|16\/100|[from] item: Leftovers\n|upkeep\n|turn|12\n|\n|t:|1698654338\n|switch|p1a: Glimmora|Glimmora, F|100\/100\n|move|p2a: hoo hah tiki tiki|Dazzling Gleam|p1a: Glimmora\n|-resisted|p1a: Glimmora\n|-damage|p1a: Glimmora|68\/100\n|-damage|p2a: hoo hah tiki tiki|71\/100|[from] item: Life Orb\n|\n|-heal|p1a: Glimmora|100\/100|[from] move: Wish|[wisher] Clefable\n|upkeep\n|turn|13\n|\n|t:|1698654354\n|move|p2a: hoo hah tiki tiki|U-turn|p1a: Glimmora\n|-resisted|p1a: Glimmora\n|-damage|p1a: Glimmora|89\/100\n|-activate|p1a: Glimmora|ability: Toxic Debris\n|-sidestart|p2: Snorkle Porkle|move: Toxic Spikes\n|-damage|p2a: hoo hah tiki tiki|61\/100|[from] item: Life Orb\n|\n|t:|1698654360\n|switch|p2a: Headache|Archeops, F|53\/100|[from] U-turn\n|move|p1a: Glimmora|Stealth Rock|p2a: Headache\n|-sidestart|p2: Snorkle Porkle|move: Stealth Rock\n|\n|-heal|p1a: Glimmora|95\/100|[from] item: Black Sludge\n|upkeep\n|turn|14\n|\n|t:|1698654387\n|switch|p1a: Clefable|Clefable, M|16\/100\n|move|p2a: Headache|Defog|p1a: Clefable\n|-unboost|p1a: Clefable|evasion|1\n|-sideend|p2: Snorkle Porkle|Toxic Spikes|[from] move: Defog|[of] p2a: Headache\n|-sideend|p2: Snorkle Porkle|Stealth Rock|[from] move: Defog|[of] p2a: Headache\n|-fieldend|move: Electric Terrain\n|\n|-heal|p1a: Clefable|22\/100|[from] item: Leftovers\n|upkeep\n|turn|15\n|\n|t:|1698654396\n|move|p2a: Headache|Earthquake|p1a: Clefable\n|-damage|p1a: Clefable|0 fnt\n|faint|p1a: Clefable\n|\n|upkeep\n|\n|t:|1698654405\n|switch|p1a: Lopunny|Lopunny, F, shiny|100\/100\n|turn|16\n|\n|t:|1698654414\n|switch|p2a: Danny Phantom|Dragapult, F|100\/100\n|detailschange|p1a: Lopunny|Lopunny-Mega, F, shiny\n|-mega|p1a: Lopunny|Lopunny|Lopunnite\n|move|p1a: Lopunny|High Jump Kick|p2a: Danny Phantom\n|-damage|p2a: Danny Phantom|24\/100\n|\n|upkeep\n|turn|17\n|\n|t:|1698654434\n|switch|p2a: Manaphie|Phione, tera:Grass|36\/100\n|move|p1a: Lopunny|Drain Punch|p2a: Manaphie\n|-damage|p2a: Manaphie|0 fnt\n|faint|p2a: Manaphie\n|\n|upkeep\n|\n|t:|1698654454\n|switch|p2a: Your Mom|Dondozo, M|92\/100\n|turn|18\n|\n|t:|1698654460\n|move|p1a: Lopunny|Thunder Wave|p2a: Your Mom|[miss]\n|-miss|p1a: Lopunny|p2a: Your Mom\n|move|p2a: Your Mom|Liquidation|p1a: Lopunny\n|-damage|p1a: Lopunny|60\/100\n|\n|-heal|p2a: Your Mom|99\/100|[from] item: Leftovers\n|upkeep\n|turn|19\n|\n|t:|1698654469\n|move|p1a: Lopunny|Thunder Wave|p2a: Your Mom\n|-status|p2a: Your Mom|par\n|move|p2a: Your Mom|Liquidation|p1a: Lopunny\n|-damage|p1a: Lopunny|18\/100\n|-unboost|p1a: Lopunny|def|1\n|\n|-heal|p2a: Your Mom|100\/100 par|[from] item: Leftovers\n|upkeep\n|turn|20\n|\n|t:|1698654483\n|move|p1a: Lopunny|Fake Out||[still]\n|-hint|Fake Out only works on your first turn out.\n|-fail|p1a: Lopunny\n|move|p2a: Your Mom|Liquidation|p1a: Lopunny\n|-damage|p1a: Lopunny|0 fnt\n|faint|p1a: Lopunny\n|\n|upkeep\n|\n|t:|1698654494\n|switch|p1a: Ogerpon|Ogerpon-Hearthflame, F|6\/100\n|-ability|p1a: Ogerpon|Mold Breaker\n|turn|21\n|\n|t:|1698654503\n|move|p1a: Ogerpon|Seed Bomb|p2a: Your Mom\n|-supereffective|p2a: Your Mom\n|-damage|p2a: Your Mom|54\/100 par\n|cant|p2a: Your Mom|par\n|\n|-heal|p2a: Your Mom|60\/100 par|[from] item: Leftovers\n|upkeep\n|turn|22\n|\n|t:|1698654512\n|move|p1a: Ogerpon|Seed Bomb|p2a: Your Mom\n|-supereffective|p2a: Your Mom\n|-damage|p2a: Your Mom|13\/100 par\n|move|p2a: Your Mom|Rest|p2a: Your Mom\n|-status|p2a: Your Mom|slp|[from] move: Rest\n|-heal|p2a: Your Mom|100\/100 slp|[silent]\n|\n|upkeep\n|turn|23\n|\n|t:|1698654522\n|move|p1a: Ogerpon|Seed Bomb|p2a: Your Mom\n|-supereffective|p2a: Your Mom\n|-damage|p2a: Your Mom|56\/100 slp\n|cant|p2a: Your Mom|slp\n|move|p2a: Your Mom|Sleep Talk|p2a: Your Mom\n|move|p2a: Your Mom|Ice Fang|p1a: Ogerpon|[from]move: Sleep Talk\n|-damage|p1a: Ogerpon|0 fnt\n|faint|p1a: Ogerpon\n|\n|-heal|p2a: Your Mom|62\/100 slp|[from] item: Leftovers\n|upkeep\n|\n|t:|1698654543\n|switch|p1a: Dragapult|Dragapult, M|100\/100\n|turn|24\n|\n|t:|1698654558\n|move|p1a: Dragapult|Dragon Dance|p1a: Dragapult\n|-boost|p1a: Dragapult|atk|1\n|-boost|p1a: Dragapult|spe|1\n|cant|p2a: Your Mom|slp\n|move|p2a: Your Mom|Sleep Talk|p2a: Your Mom\n|move|p2a: Your Mom|Ice Fang|p1a: Dragapult|[from]move: Sleep Talk\n|-supereffective|p1a: Dragapult\n|-damage|p1a: Dragapult|62\/100\n|-status|p1a: Dragapult|frz\n|\n|-heal|p2a: Your Mom|68\/100 slp|[from] item: Leftovers\n|upkeep\n|turn|25\n|c|\u2606HiroIsHere|dude what are the chances lmao\n|\n|t:|1698654580\n|-curestatus|p1a: Dragapult|frz|[msg]\n|move|p1a: Dragapult|Dragon Darts|p2a: Your Mom\n|-damage|p2a: Your Mom|57\/100 slp\n|-anim|p1a: Dragapult|Dragon Darts|p2a: Your Mom\n|-damage|p2a: Your Mom|46\/100 slp\n|-curestatus|p2a: Your Mom|slp|[msg]\n|move|p2a: Your Mom|Sleep Talk||[still]\n|-fail|p2a: Your Mom\n|\n|-heal|p2a: Your Mom|52\/100|[from] item: Leftovers\n|upkeep\n|turn|26\n|c|\u2606HiroIsHere|bruh\n|\n|t:|1698654597\n|-terastallize|p1a: Dragapult|Dragon\n|move|p1a: Dragapult|Dragon Darts|p2a: Your Mom\n|-damage|p2a: Your Mom|37\/100\n|-anim|p1a: Dragapult|Dragon Darts|p2a: Your Mom\n|-damage|p2a: Your Mom|22\/100\n|move|p2a: Your Mom|Rest|p2a: Your Mom\n|-status|p2a: Your Mom|slp|[from] move: Rest\n|-heal|p2a: Your Mom|100\/100 slp|[silent]\n|\n|upkeep\n|turn|27\n|\n|t:|1698654607\n|move|p1a: Dragapult|Dragon Dance|p1a: Dragapult\n|-boost|p1a: Dragapult|atk|1\n|-boost|p1a: Dragapult|spe|1\n|cant|p2a: Your Mom|slp\n|move|p2a: Your Mom|Sleep Talk|p2a: Your Mom\n|move|p2a: Your Mom|Rest||[from]move: Sleep Talk|[still]\n|-fail|p2a: Your Mom\n|\n|upkeep\n|turn|28\n|\n|t:|1698654614\n|move|p1a: Dragapult|Dragon Dance|p1a: Dragapult\n|-boost|p1a: Dragapult|atk|1\n|-boost|p1a: Dragapult|spe|1\n|cant|p2a: Your Mom|slp\n|move|p2a: Your Mom|Sleep Talk|p2a: Your Mom\n|move|p2a: Your Mom|Ice Fang|p1a: Dragapult|[from]move: Sleep Talk|[miss]\n|-miss|p2a: Your Mom|p1a: Dragapult\n|\n|upkeep\n|turn|29\n|c|\u2606HiroIsHere|what is this rng\n|c|\u2606HiroIsHere|lol\n|\n|t:|1698654628\n|move|p1a: Dragapult|Dragon Dance|p1a: Dragapult\n|-boost|p1a: Dragapult|atk|1\n|-boost|p1a: Dragapult|spe|1\n|-curestatus|p2a: Your Mom|slp|[msg]\n|move|p2a: Your Mom|Sleep Talk||[still]\n|-fail|p2a: Your Mom\n|\n|upkeep\n|turn|30\n|\n|t:|1698654639\n|move|p1a: Dragapult|Phantom Force||[still]\n|-prepare|p1a: Dragapult|Phantom Force\n|move|p2a: Your Mom|Ice Fang|p1a: Dragapult|[miss]\n|-miss|p2a: Your Mom|p1a: Dragapult\n|\n|upkeep\n|turn|31\n|\n|t:|1698654653\n|move|p1a: Dragapult|Phantom Force|p2a: Your Mom|[from]lockedmove\n|-damage|p2a: Your Mom|81\/100\n|move|p2a: Your Mom|Ice Fang|p1a: Dragapult\n|-supereffective|p1a: Dragapult\n|-damage|p1a: Dragapult|23\/100\n|\n|-heal|p2a: Your Mom|87\/100|[from] item: Leftovers\n|upkeep\n|turn|32\n|\n|t:|1698654662\n|move|p1a: Dragapult|Dragon Darts|p2a: Your Mom\n|-damage|p2a: Your Mom|72\/100\n|-anim|p1a: Dragapult|Dragon Darts|p2a: Your Mom\n|-damage|p2a: Your Mom|56\/100\n|move|p2a: Your Mom|Ice Fang|p1a: Dragapult\n|-supereffective|p1a: Dragapult\n|-damage|p1a: Dragapult|0 fnt\n|faint|p1a: Dragapult\n|\n|-heal|p2a: Your Mom|62\/100|[from] item: Leftovers\n|upkeep\n|\n|t:|1698654676\n|switch|p1a: Glimmora|Glimmora, F|95\/100\n|turn|33\n|\n|t:|1698654686\n|switch|p2a: Headache|Archeops, F|53\/100\n|move|p1a: Glimmora|Toxic|p2a: Headache\n|-status|p2a: Headache|tox\n|\n|-heal|p1a: Glimmora|100\/100|[from] item: Black Sludge\n|-damage|p2a: Headache|47\/100 tox|[from] psn\n|upkeep\n|turn|34\n|\n|t:|1698654697\n|move|p2a: Headache|Earthquake|p1a: Glimmora\n|-supereffective|p1a: Glimmora\n|-damage|p1a: Glimmora|1\/100\n|-activate|p1a: Glimmora|ability: Toxic Debris\n|-sidestart|p2: Snorkle Porkle|move: Toxic Spikes\n|move|p1a: Glimmora|Energy Ball|p2a: Headache\n|-damage|p2a: Headache|0 fnt\n|faint|p2a: Headache\n|\n|-heal|p1a: Glimmora|8\/100|[from] item: Black Sludge\n|upkeep\n|\n|t:|1698654712\n|switch|p2a: Danny Phantom|Dragapult, F|24\/100\n|-status|p2a: Danny Phantom|psn\n|turn|35\n|\n|t:|1698654720\n|move|p2a: Danny Phantom|Flamethrower|p1a: Glimmora\n|-resisted|p1a: Glimmora\n|-damage|p1a: Glimmora|0 fnt\n|faint|p1a: Glimmora\n|\n|-damage|p2a: Danny Phantom|12\/100 psn|[from] psn\n|upkeep\n|\n|t:|1698654726\n|switch|p1a: Jirachi|Jirachi|34\/100\n|turn|36\n|\n|t:|1698654730\n|move|p2a: Danny Phantom|Flamethrower|p1a: Jirachi\n|-supereffective|p1a: Jirachi\n|-crit|p1a: Jirachi\n|-damage|p1a: Jirachi|0 fnt\n|faint|p1a: Jirachi\n|\n|win|Snorkle Porkle\n|raw|HiroIsHere's rating: 1078 &rarr; <strong>1053<\/strong><br \/>(-25 for losing)\n|raw|Snorkle Porkle's rating: 1029 &rarr; <strong>1070<\/strong><br \/>(+41 for winning)\n|l|\u2606HiroIsHere\n","uploadtime":1698654739,"views":10,"p1id":"hiroishere","p2id":"snorkleporkle","formatid":"gen9nationaldexubers","rating":1053,"private":0,"password":""}