{"id":"gen9nationaldexubers-1988815089","p1":"RedGlitcher30","p2":"Raditrainer","format":"[Gen 9] National Dex Ubers","log":"|j|\u2606RedGlitcher30\n|j|\u2606Raditrainer\n|t:|1699767210\n|gametype|singles\n|player|p1|RedGlitcher30|lance|\n|player|p2|Raditrainer|gambler|\n|teamsize|p1|6\n|teamsize|p2|6\n|gen|9\n|tier|[Gen 9] National Dex Ubers\n|rule|HP Percentage Mod: HP is shown in percentages\n|rule|Endless Battle Clause: Forcing endless battles is banned\n|rule|OHKO Clause: OHKO moves are banned\n|rule|Evasion Moves Clause: Evasion moves are banned\n|rule|Evasion Items Clause: Evasion items are banned\n|rule|Species Clause: Limit one of each Pok\u00e9mon\n|rule|Sleep Clause Mod: Limit one foe put to sleep\n|rule|Mega Rayquaza Clause: You cannot mega evolve Rayquaza\n|clearpoke\n|poke|p1|Gyarados, F|\n|poke|p1|Skeledirge, M|\n|poke|p1|Tyrantrum, M|\n|poke|p1|Charizard, M|\n|poke|p1|Dragapult, M|\n|poke|p1|Kommo-o, M|\n|poke|p2|Groudon|\n|poke|p2|Kyogre|\n|poke|p2|Zekrom|\n|poke|p2|Gardevoir, F|\n|poke|p2|Alakazam, M|\n|poke|p2|Garchomp, M|\n|teampreview\n|inactive|Battle timer is ON: inactive players will automatically lose when time's up. (requested by RedGlitcher30)\n|\n|t:|1699767229\n|start\n|switch|p1a: Tyrantrum|Tyrantrum, M|100\/100\n|switch|p2a: Groudon|Groudon|100\/100\n|detailschange|p2a: Groudon|Groudon-Primal\n|-primal|p2a: Groudon|Red Orb\n|-weather|DesolateLand|[from] ability: Desolate Land|[of] p2a: Groudon\n|turn|1\n|inactive|Raditrainer has 270 seconds left.\n|\n|t:|1699767267\n|switch|p1a: Kommo-o|Kommo-o, M|100\/100\n|move|p2a: Groudon|Precipice Blades|p1a: Kommo-o\n|-damage|p1a: Kommo-o|35\/100\n|\n|-weather|DesolateLand|[upkeep]\n|upkeep\n|turn|2\n|inactive|Raditrainer has 270 seconds left.\n|\n|t:|1699767281\n|-weather|none\n|switch|p2a: Kyogre|Kyogre|100\/100\n|detailschange|p2a: Kyogre|Kyogre-Primal\n|-primal|p2a: Kyogre|Blue Orb\n|-weather|PrimordialSea|[from] ability: Primordial Sea|[of] p2a: Kyogre\n|-zpower|p1a: Kommo-o\n|move|p1a: Kommo-o|Clangorous Soulblaze|p2a: Kyogre|[zeffect]\n|-damage|p2a: Kyogre|57\/100\n|-boost|p1a: Kommo-o|atk|1\n|-boost|p1a: Kommo-o|def|1\n|-boost|p1a: Kommo-o|spa|1\n|-boost|p1a: Kommo-o|spd|1\n|-boost|p1a: Kommo-o|spe|1\n|\n|-weather|PrimordialSea|[upkeep]\n|upkeep\n|turn|3\n|inactive|Raditrainer has 270 seconds left.\n|\n|t:|1699767301\n|move|p2a: Kyogre|Hydro Pump|p1a: Kommo-o\n|-resisted|p1a: Kommo-o\n|-damage|p1a: Kommo-o|3\/100\n|move|p1a: Kommo-o|Thunder Punch|p2a: Kyogre\n|-supereffective|p2a: Kyogre\n|-damage|p2a: Kyogre|0 fnt\n|faint|p2a: Kyogre\n|-weather|none\n|\n|upkeep\n|\n|t:|1699767312\n|switch|p2a: Garchomp|Garchomp, M|100\/100\n|turn|4\n|\n|t:|1699767317\n|move|p2a: Garchomp|Dragon Claw|p1a: Kommo-o\n|-supereffective|p1a: Kommo-o\n|-damage|p1a: Kommo-o|0 fnt\n|faint|p1a: Kommo-o\n|\n|upkeep\n|\n|t:|1699767329\n|switch|p1a: Dragapult|Dragapult, M|100\/100\n|turn|5\n|\n|t:|1699767345\n|switch|p2a: Alakazam|Alakazam, M|100\/100\n|move|p1a: Dragapult|Phantom Force||[still]\n|-prepare|p1a: Dragapult|Phantom Force\n|\n|upkeep\n|turn|6\n|\n|t:|1699767354\n|move|p1a: Dragapult|Phantom Force|p2a: Alakazam|[from]lockedmove\n|-supereffective|p2a: Alakazam\n|-damage|p2a: Alakazam|0 fnt\n|faint|p2a: Alakazam\n|\n|upkeep\n|\n|t:|1699767362\n|switch|p2a: Gardevoir|Gardevoir, F|100\/100\n|turn|7\n|\n|t:|1699767368\n|move|p1a: Dragapult|Phantom Force||[still]\n|-prepare|p1a: Dragapult|Phantom Force\n|move|p2a: Gardevoir|Dazzling Gleam|p1a: Dragapult|[miss]\n|-miss|p2a: Gardevoir|p1a: Dragapult\n|\n|upkeep\n|turn|8\n|inactive|Raditrainer has 270 seconds left.\n|\n|t:|1699767375\n|switch|p2a: Zekrom|Zekrom|100\/100\n|-ability|p2a: Zekrom|Teravolt\n|move|p1a: Dragapult|Phantom Force|p2a: Zekrom|[from]lockedmove\n|-damage|p2a: Zekrom|59\/100\n|\n|upkeep\n|turn|9\n|\n|t:|1699767385\n|move|p1a: Dragapult|Dragon Darts|p2a: Zekrom\n|-supereffective|p2a: Zekrom\n|-damage|p2a: Zekrom|1\/100\n|-anim|p1a: Dragapult|Dragon Darts|p2a: Zekrom\n|-supereffective|p2a: Zekrom\n|-damage|p2a: Zekrom|0 fnt\n|faint|p2a: Zekrom\n|\n|upkeep\n|\n|t:|1699767394\n|switch|p2a: Garchomp|Garchomp, M|100\/100\n|turn|10\n|\n|t:|1699767398\n|move|p1a: Dragapult|Dragon Darts|p2a: Garchomp\n|-supereffective|p2a: Garchomp\n|-damage|p2a: Garchomp|37\/100\n|-anim|p1a: Dragapult|Dragon Darts|p2a: Garchomp\n|-supereffective|p2a: Garchomp\n|-damage|p2a: Garchomp|0 fnt\n|faint|p2a: Garchomp\n|\n|upkeep\n|\n|t:|1699767407\n|switch|p2a: Groudon|Groudon-Primal|100\/100\n|-weather|DesolateLand|[from] ability: Desolate Land|[of] p2a: Groudon\n|turn|11\n|\n|t:|1699767413\n|switch|p1a: Aqua|Gyarados, F|100\/100\n|-ability|p1a: Aqua|Intimidate|boost\n|-unboost|p2a: Groudon|atk|1\n|move|p2a: Groudon|Fire Fang|p1a: Aqua\n|-resisted|p1a: Aqua\n|-damage|p1a: Aqua|74\/100\n|\n|-weather|DesolateLand|[upkeep]\n|upkeep\n|turn|12\n|\n|t:|1699767422\n|-weather|none\n|switch|p2a: Gardevoir|Gardevoir, F|100\/100\n|move|p1a: Aqua|Scald|p2a: Gardevoir\n|-damage|p2a: Gardevoir|68\/100\n|\n|upkeep\n|turn|13\n|\n|t:|1699767434\n|move|p2a: Gardevoir|Draining Kiss|p1a: Aqua\n|-damage|p1a: Aqua|50\/100\n|-heal|p2a: Gardevoir|89\/100|[from] drain|[of] p1a: Aqua\n|move|p1a: Aqua|Dark Pulse|p2a: Gardevoir\n|-damage|p2a: Gardevoir|68\/100\n|\n|upkeep\n|turn|14\n|\n|t:|1699767444\n|move|p2a: Gardevoir|Expanding Force|p1a: Aqua\n|-damage|p1a: Aqua|12\/100\n|move|p1a: Aqua|Blizzard|p2a: Gardevoir|[miss]\n|-miss|p1a: Aqua|p2a: Gardevoir\n|\n|upkeep\n|turn|15\n|\n|t:|1699767457\n|switch|p1a: Dragapult|Dragapult, M|100\/100\n|move|p2a: Gardevoir|Expanding Force|p1a: Dragapult\n|-damage|p1a: Dragapult|44\/100\n|\n|upkeep\n|turn|16\n|\n|t:|1699767464\n|switch|p2a: Groudon|Groudon-Primal|100\/100\n|-weather|DesolateLand|[from] ability: Desolate Land|[of] p2a: Groudon\n|move|p1a: Dragapult|Phantom Force||[still]\n|-prepare|p1a: Dragapult|Phantom Force\n|\n|-weather|DesolateLand|[upkeep]\n|upkeep\n|turn|17\n|\n|t:|1699767471\n|move|p1a: Dragapult|Phantom Force|p2a: Groudon|[from]lockedmove\n|-damage|p2a: Groudon|71\/100\n|move|p2a: Groudon|Fire Blast|p1a: Dragapult\n|-resisted|p1a: Dragapult\n|-damage|p1a: Dragapult|0 fnt\n|faint|p1a: Dragapult\n|\n|-weather|DesolateLand|[upkeep]\n|upkeep\n|\n|t:|1699767484\n|switch|p1a: Sckelo|Skeledirge, M|100\/100\n|turn|18\n|\n|t:|1699767490\n|-weather|none\n|switch|p2a: Gardevoir|Gardevoir, F|68\/100\n|move|p1a: Sckelo|Yawn|p2a: Gardevoir\n|-start|p2a: Gardevoir|move: Yawn|[of] p1a: Sckelo\n|\n|upkeep\n|turn|19\n|\n|t:|1699767499\n|move|p2a: Gardevoir|Expanding Force|p1a: Sckelo\n|-damage|p1a: Sckelo|47\/100\n|move|p1a: Sckelo|Shadow Ball|p2a: Gardevoir\n|-supereffective|p2a: Gardevoir\n|-damage|p2a: Gardevoir|0 fnt\n|faint|p2a: Gardevoir\n|\n|upkeep\n|\n|t:|1699767509\n|switch|p2a: Groudon|Groudon-Primal|71\/100\n|-weather|DesolateLand|[from] ability: Desolate Land|[of] p2a: Groudon\n|turn|20\n|\n|t:|1699767515\n|move|p2a: Groudon|Precipice Blades|p1a: Sckelo|[miss]\n|-miss|p2a: Groudon|p1a: Sckelo\n|move|p1a: Sckelo|Yawn|p2a: Groudon\n|-start|p2a: Groudon|move: Yawn|[of] p1a: Sckelo\n|\n|-weather|DesolateLand|[upkeep]\n|upkeep\n|turn|21\n|\n|t:|1699767524\n|move|p2a: Groudon|Fire Blast|p1a: Sckelo\n|-resisted|p1a: Sckelo\n|-damage|p1a: Sckelo|0 fnt\n|faint|p1a: Sckelo\n|\n|-weather|DesolateLand|[upkeep]\n|-end|p2a: Groudon|move: Yawn|[silent]\n|-status|p2a: Groudon|slp\n|upkeep\n|\n|t:|1699767533\n|switch|p1a: Charizard|Charizard, M|100\/100\n|turn|22\n|\n|t:|1699767541\n|cant|p2a: Groudon|slp\n|move|p1a: Charizard|Air Slash|p2a: Groudon\n|-damage|p2a: Groudon|23\/100 slp\n|\n|-weather|DesolateLand|[upkeep]\n|upkeep\n|turn|23\n|\n|t:|1699767551\n|-curestatus|p2a: Groudon|slp|[msg]\n|move|p2a: Groudon|Fire Fang|p1a: Charizard\n|-resisted|p1a: Charizard\n|-damage|p1a: Charizard|52\/100\n|move|p1a: Charizard|Air Slash|p2a: Groudon\n|-damage|p2a: Groudon|0 fnt\n|faint|p2a: Groudon\n|-weather|none\n|\n|win|RedGlitcher30\n","uploadtime":1699767568,"views":10,"p1id":"redglitcher30","p2id":"raditrainer","formatid":"gen9nationaldexubers","rating":0,"private":0,"password":""}