{"id":"gen9nationaldexubers-1992330517","p1":"lanciepoo","p2":"oceanmandurk","format":"[Gen 9] National Dex Ubers","log":"|j|\u2606lanciepoo\n|j|\u2606oceanmandurk\n|t:|1700175400\n|gametype|singles\n|player|p1|lanciepoo|baker|\n|player|p2|oceanmandurk|101|\n|teamsize|p1|6\n|teamsize|p2|6\n|gen|9\n|tier|[Gen 9] National Dex Ubers\n|rule|HP Percentage Mod: HP is shown in percentages\n|rule|Endless Battle Clause: Forcing endless battles is banned\n|rule|OHKO Clause: OHKO moves are banned\n|rule|Evasion Moves Clause: Evasion moves are banned\n|rule|Evasion Items Clause: Evasion items are banned\n|rule|Species Clause: Limit one of each Pok\u00e9mon\n|rule|Sleep Clause Mod: Limit one foe put to sleep\n|rule|Mega Rayquaza Clause: You cannot mega evolve Rayquaza\n|clearpoke\n|poke|p1|Flygon, M|\n|poke|p1|Aegislash, M|\n|poke|p1|Audino, F|\n|poke|p1|Swampert, M|\n|poke|p1|Aerodactyl, F|\n|poke|p1|Iron Moth|\n|poke|p2|Deoxys-Speed|\n|poke|p2|Volcanion|\n|poke|p2|Tapu Bulu|\n|poke|p2|Gligar, F|\n|poke|p2|Weavile, F|\n|poke|p2|Magnezone|\n|teampreview\n|c|\u2606oceanmandurk|gl hf\n|c|\u2606lanciepoo|u2\n|\n|t:|1700175504\n|start\n|switch|p1a: Iron Moth|Iron Moth|100\/100\n|switch|p2a: Gliscor Jr.|Gligar, F, shiny|100\/100\n|turn|1\n|\n|t:|1700175517\n|-end|p1a: Iron Moth|Quark Drive|[silent]\n|switch|p1a: Swampert|Swampert, M|100\/100\n|move|p2a: Gliscor Jr.|Stealth Rock|p1a: Swampert\n|-sidestart|p1: lanciepoo|move: Stealth Rock\n|\n|upkeep\n|turn|2\n|\n|t:|1700175529\n|switch|p2a: Horny|Tapu Bulu, shiny|100\/100\n|-fieldstart|move: Grassy Terrain|[from] ability: Grassy Surge|[of] p2a: Horny\n|move|p1a: Swampert|Flip Turn|p2a: Horny\n|-resisted|p2a: Horny\n|-damage|p2a: Horny|91\/100\n|\n|t:|1700175547\n|switch|p1a: Aerodactyl|Aerodactyl, F|100\/100|[from] Flip Turn\n|-damage|p1a: Aerodactyl|76\/100|[from] Stealth Rock\n|\n|-heal|p2a: Horny|98\/100|[from] Grassy Terrain\n|upkeep\n|turn|3\n|\n|t:|1700175561\n|switch|p2a: Gliscor Jr.|Gligar, F, shiny|100\/100\n|detailschange|p1a: Aerodactyl|Aerodactyl-Mega, F\n|-mega|p1a: Aerodactyl|Aerodactyl|Aerodactylite\n|move|p1a: Aerodactyl|Dual Wingbeat|p2a: Gliscor Jr.|[miss]\n|-miss|p1a: Aerodactyl|p2a: Gliscor Jr.\n|\n|upkeep\n|turn|4\n|\n|t:|1700175569\n|switch|p1a: Flygon|Flygon, M|100\/100\n|-damage|p1a: Flygon|94\/100|[from] Stealth Rock\n|move|p2a: Gliscor Jr.|Toxic|p1a: Flygon\n|-status|p1a: Flygon|tox\n|\n|-heal|p1a: Flygon|100\/100 tox|[from] item: Leftovers\n|-damage|p1a: Flygon|94\/100 tox|[from] psn\n|upkeep\n|turn|5\n|\n|t:|1700175586\n|move|p1a: Flygon|Defog|p2a: Gliscor Jr.\n|-unboost|p2a: Gliscor Jr.|evasion|1\n|-sideend|p1: lanciepoo|Stealth Rock|[from] move: Defog|[of] p1a: Flygon\n|-fieldend|move: Grassy Terrain\n|move|p2a: Gliscor Jr.|Knock Off|p1a: Flygon\n|-damage|p1a: Flygon|74\/100 tox\n|-enditem|p1a: Flygon|Leftovers|[from] move: Knock Off|[of] p2a: Gliscor Jr.\n|\n|-damage|p1a: Flygon|62\/100 tox|[from] psn\n|upkeep\n|turn|6\n|\n|t:|1700175594\n|move|p1a: Flygon|U-turn|p2a: Gliscor Jr.\n|-resisted|p2a: Gliscor Jr.\n|-damage|p2a: Gliscor Jr.|96\/100\n|\n|t:|1700175604\n|switch|p1a: Aerodactyl|Aerodactyl-Mega, F|76\/100|[from] U-turn\n|move|p2a: Gliscor Jr.|Stealth Rock|p1a: Aerodactyl\n|-sidestart|p1: lanciepoo|move: Stealth Rock\n|\n|upkeep\n|turn|7\n|\n|t:|1700175607\n|move|p1a: Aerodactyl|Dragon Dance|p1a: Aerodactyl\n|-boost|p1a: Aerodactyl|atk|1\n|-boost|p1a: Aerodactyl|spe|1\n|move|p2a: Gliscor Jr.|Toxic|p1a: Aerodactyl\n|-status|p1a: Aerodactyl|tox\n|\n|-damage|p1a: Aerodactyl|70\/100 tox|[from] psn\n|upkeep\n|turn|8\n|\n|t:|1700175617\n|move|p1a: Aerodactyl|Stone Edge|p2a: Gliscor Jr.\n|-crit|p2a: Gliscor Jr.\n|-damage|p2a: Gliscor Jr.|31\/100\n|move|p2a: Gliscor Jr.|Knock Off|p1a: Aerodactyl\n|-damage|p1a: Aerodactyl|53\/100 tox\n|\n|-damage|p1a: Aerodactyl|41\/100 tox|[from] psn\n|upkeep\n|turn|9\n|\n|t:|1700175624\n|move|p1a: Aerodactyl|Dual Wingbeat|p2a: Gliscor Jr.\n|-damage|p2a: Gliscor Jr.|10\/100\n|-damage|p2a: Gliscor Jr.|0 fnt\n|faint|p2a: Gliscor Jr.\n|-hitcount|p2: Gliscor Jr.|2\n|\n|-damage|p1a: Aerodactyl|23\/100 tox|[from] psn\n|upkeep\n|\n|t:|1700175628\n|switch|p2a: Red Chain|Weavile, F|100\/100\n|-ability|p2a: Red Chain|Pressure\n|turn|10\n|\n|t:|1700175633\n|switch|p1a: Swampert|Swampert, M|100\/100\n|-damage|p1a: Swampert|94\/100|[from] Stealth Rock\n|move|p2a: Red Chain|Ice Shard|p1a: Swampert\n|-damage|p1a: Swampert|82\/100\n|\n|upkeep\n|turn|11\n|\n|t:|1700175644\n|switch|p2a: Horny|Tapu Bulu, shiny|98\/100\n|-fieldstart|move: Grassy Terrain|[from] ability: Grassy Surge|[of] p2a: Horny\n|move|p1a: Swampert|Flip Turn|p2a: Horny\n|-resisted|p2a: Horny\n|-damage|p2a: Horny|89\/100\n|\n|t:|1700175649\n|switch|p1a: Iron Moth|Iron Moth|100\/100|[from] Flip Turn\n|\n|-heal|p2a: Horny|95\/100|[from] Grassy Terrain\n|upkeep\n|turn|12\n|\n|t:|1700175674\n|switch|p2a: Jogo|Volcanion|100\/100\n|move|p1a: Iron Moth|Toxic Spikes|p2a: Jogo\n|-sidestart|p2: oceanmandurk|move: Toxic Spikes\n|\n|upkeep\n|turn|13\n|\n|t:|1700175693\n|-end|p1a: Iron Moth|Quark Drive|[silent]\n|switch|p1a: Swampert|Swampert, M|82\/100\n|-damage|p1a: Swampert|76\/100|[from] Stealth Rock\n|move|p2a: Jogo|Steam Eruption|p1a: Swampert\n|-damage|p1a: Swampert|43\/100\n|\n|-heal|p1a: Swampert|50\/100|[from] Grassy Terrain\n|upkeep\n|turn|14\n|\n|t:|1700175699\n|move|p2a: Jogo|Steam Eruption|p1a: Swampert\n|-damage|p1a: Swampert|17\/100\n|-status|p1a: Swampert|brn\n|move|p1a: Swampert|Earthquake|p2a: Jogo\n|-supereffective|p2a: Jogo\n|-damage|p2a: Jogo|86\/100\n|\n|-heal|p2a: Jogo|93\/100|[from] Grassy Terrain\n|-heal|p2a: Jogo|99\/100|[from] item: Leftovers\n|-heal|p1a: Swampert|23\/100 brn|[from] Grassy Terrain\n|-damage|p1a: Swampert|17\/100 brn|[from] brn\n|upkeep\n|turn|15\n|\n|t:|1700175714\n|move|p2a: Jogo|Steam Eruption|p1a: Swampert\n|-damage|p1a: Swampert|0 fnt\n|faint|p1a: Swampert\n|\n|-heal|p2a: Jogo|100\/100|[from] Grassy Terrain\n|-fieldend|move: Grassy Terrain\n|upkeep\n|\n|t:|1700175718\n|switch|p1a: Aegislash|Aegislash, M|100\/100\n|-damage|p1a: Aegislash|94\/100|[from] Stealth Rock\n|turn|16\n|c|\u2606lanciepoo|oops\n|\n|t:|1700175747\n|switch|p1a: Flygon|Flygon, M|62\/100 tox\n|-damage|p1a: Flygon|56\/100 tox|[from] Stealth Rock\n|move|p2a: Jogo|Flamethrower|p1a: Flygon\n|-resisted|p1a: Flygon\n|-damage|p1a: Flygon|38\/100 tox\n|\n|-damage|p1a: Flygon|32\/100 tox|[from] psn\n|upkeep\n|turn|17\n|\n|t:|1700175766\n|move|p2a: Jogo|Protect|p2a: Jogo\n|-singleturn|p2a: Jogo|Protect\n|move|p1a: Flygon|U-turn|p2a: Jogo\n|-activate|p2a: Jogo|move: Protect\n|\n|-damage|p1a: Flygon|20\/100 tox|[from] psn\n|upkeep\n|turn|18\n|\n|t:|1700175771\n|switch|p2a: Horny|Tapu Bulu, shiny|95\/100\n|-status|p2a: Horny|psn\n|-fieldstart|move: Grassy Terrain|[from] ability: Grassy Surge|[of] p2a: Horny\n|move|p1a: Flygon|U-turn|p2a: Horny\n|-damage|p2a: Horny|82\/100 psn\n|\n|t:|1700175779\n|switch|p1a: Iron Moth|Iron Moth|100\/100|[from] U-turn\n|\n|-heal|p2a: Horny|89\/100 psn|[from] Grassy Terrain\n|-damage|p2a: Horny|76\/100 psn|[from] psn\n|upkeep\n|turn|19\n|\n|t:|1700175783\n|move|p1a: Iron Moth|Sludge Wave|p2a: Horny\n|-supereffective|p2a: Horny\n|-damage|p2a: Horny|0 fnt\n|faint|p2a: Horny\n|\n|upkeep\n|\n|t:|1700175794\n|switch|p2a: Jogo|Volcanion|100\/100\n|-status|p2a: Jogo|psn\n|turn|20\n|\n|t:|1700175804\n|-end|p1a: Iron Moth|Quark Drive|[silent]\n|switch|p1a: Audino|Audino, F|100\/100\n|-damage|p1a: Audino|88\/100|[from] Stealth Rock\n|move|p2a: Jogo|Steam Eruption|p1a: Audino\n|-damage|p1a: Audino|39\/100\n|\n|-heal|p1a: Audino|45\/100|[from] Grassy Terrain\n|-heal|p1a: Audino|51\/100|[from] item: Leftovers\n|-damage|p2a: Jogo|88\/100 psn|[from] psn\n|upkeep\n|turn|21\n|\n|t:|1700175813\n|move|p1a: Audino|Protect|p1a: Audino\n|-singleturn|p1a: Audino|Protect\n|move|p2a: Jogo|Toxic|p1a: Audino\n|-activate|p1a: Audino|move: Protect\n|\n|-heal|p2a: Jogo|94\/100 psn|[from] Grassy Terrain\n|-heal|p2a: Jogo|99\/100 psn|[from] item: Leftovers\n|-heal|p1a: Audino|57\/100|[from] Grassy Terrain\n|-heal|p1a: Audino|63\/100|[from] item: Leftovers\n|-damage|p2a: Jogo|88\/100 psn|[from] psn\n|upkeep\n|turn|22\n|\n|t:|1700175822\n|move|p2a: Jogo|Toxic|p1a: Audino\n|-status|p1a: Audino|tox\n|move|p1a: Audino|Wish|p1a: Audino\n|\n|-heal|p2a: Jogo|94\/100 psn|[from] Grassy Terrain\n|-heal|p2a: Jogo|99\/100 psn|[from] item: Leftovers\n|-heal|p1a: Audino|70\/100 tox|[from] Grassy Terrain\n|-heal|p1a: Audino|76\/100 tox|[from] item: Leftovers\n|-damage|p2a: Jogo|88\/100 psn|[from] psn\n|-damage|p1a: Audino|70\/100 tox|[from] psn\n|-fieldend|move: Grassy Terrain\n|upkeep\n|turn|23\n|\n|t:|1700175826\n|switch|p2a: Third Eye|Magnezone|100\/100\n|move|p1a: Audino|Knock Off|p2a: Third Eye\n|-damage|p2a: Third Eye|89\/100\n|-enditem|p2a: Third Eye|Shuca Berry|[from] move: Knock Off|[of] p1a: Audino\n|\n|-heal|p1a: Audino|100\/100 tox|[from] move: Wish|[wisher] Audino\n|-damage|p1a: Audino|88\/100 tox|[from] psn\n|upkeep\n|turn|24\n|\n|t:|1700175837\n|move|p2a: Third Eye|Flash Cannon|p1a: Audino\n|-damage|p1a: Audino|52\/100 tox\n|move|p1a: Audino|Wish|p1a: Audino\n|\n|-heal|p1a: Audino|58\/100 tox|[from] item: Leftovers\n|-damage|p1a: Audino|40\/100 tox|[from] psn\n|upkeep\n|turn|25\n|\n|t:|1700175845\n|switch|p1a: Aegislash|Aegislash, M|94\/100\n|-damage|p1a: Aegislash|88\/100|[from] Stealth Rock\n|move|p2a: Third Eye|Flash Cannon|p1a: Aegislash\n|-resisted|p1a: Aegislash\n|-damage|p1a: Aegislash|68\/100\n|\n|-heal|p1a: Aegislash|100\/100|[from] move: Wish|[wisher] Audino\n|upkeep\n|turn|26\n|\n|t:|1700175853\n|move|p2a: Third Eye|Thunderbolt|p1a: Aegislash\n|-damage|p1a: Aegislash|63\/100\n|-formechange|p1a: Aegislash|Aegislash-Blade||[from] ability: Stance Change\n|move|p1a: Aegislash|Shadow Ball|p2a: Third Eye\n|-damage|p2a: Third Eye|34\/100\n|\n|upkeep\n|turn|27\n|\n|t:|1700175870\n|-formechange|p1a: Aegislash|Aegislash||[from] ability: Stance Change\n|move|p1a: Aegislash|King's Shield|p1a: Aegislash\n|-singleturn|p1a: Aegislash|Protect\n|move|p2a: Third Eye|Thunderbolt|p1a: Aegislash\n|-activate|p1a: Aegislash|move: Protect\n|\n|upkeep\n|turn|28\n|\n|t:|1700175882\n|move|p2a: Third Eye|Volt Switch|p1a: Aegislash\n|-damage|p1a: Aegislash|34\/100\n|\n|t:|1700175885\n|switch|p2a: Red Chain|Weavile, F|100\/100|[from] Volt Switch\n|-ability|p2a: Red Chain|Pressure\n|-formechange|p1a: Aegislash|Aegislash-Blade||[from] ability: Stance Change\n|move|p1a: Aegislash|Shadow Ball|p2a: Red Chain\n|-resisted|p2a: Red Chain\n|-damage|p2a: Red Chain|72\/100\n|\n|upkeep\n|turn|29\n|\n|t:|1700175897\n|-formechange|p1a: Aegislash|Aegislash||[from] ability: Stance Change\n|move|p1a: Aegislash|King's Shield|p1a: Aegislash\n|-singleturn|p1a: Aegislash|Protect\n|move|p2a: Red Chain|Swords Dance|p2a: Red Chain\n|-boost|p2a: Red Chain|atk|2\n|\n|upkeep\n|turn|30\n|\n|t:|1700175907\n|move|p2a: Red Chain|Knock Off|p1a: Aegislash\n|-supereffective|p1a: Aegislash\n|-enditem|p1a: Aegislash|Colbur Berry|[eat]\n|-enditem|p1a: Aegislash|Colbur Berry|[weaken]\n|-damage|p1a: Aegislash|0 fnt\n|faint|p1a: Aegislash\n|\n|upkeep\n|\n|t:|1700175911\n|switch|p1a: Iron Moth|Iron Moth|100\/100\n|turn|31\n|\n|t:|1700175915\n|move|p2a: Red Chain|Knock Off|p1a: Iron Moth\n|-damage|p1a: Iron Moth|0 fnt\n|-enditem|p1a: Iron Moth|Heavy-Duty Boots|[from] move: Knock Off|[of] p2a: Red Chain\n|faint|p1a: Iron Moth\n|-end|p1a: Iron Moth|Quark Drive|[silent]\n|\n|upkeep\n|\n|t:|1700175922\n|switch|p1a: Aerodactyl|Aerodactyl-Mega, F|23\/100 tox\n|-damage|p1a: Aerodactyl|0 fnt|[from] Stealth Rock\n|faint|p1a: Aerodactyl\n|\n|t:|1700175927\n|switch|p1a: Flygon|Flygon, M|20\/100 tox\n|-damage|p1a: Flygon|14\/100 tox|[from] Stealth Rock\n|turn|32\n|\n|t:|1700175930\n|move|p2a: Red Chain|Ice Shard|p1a: Flygon\n|-supereffective|p1a: Flygon\n|-damage|p1a: Flygon|0 fnt\n|faint|p1a: Flygon\n|\n|upkeep\n|\n|t:|1700175932\n|switch|p1a: Audino|Audino, F|73\/100 tox\n|-damage|p1a: Audino|60\/100 tox|[from] Stealth Rock\n|turn|33\n|\n|t:|1700175935\n|move|p2a: Red Chain|Knock Off|p1a: Audino\n|-damage|p1a: Audino|0 fnt\n|-enditem|p1a: Audino|Leftovers|[from] move: Knock Off|[of] p2a: Red Chain\n|faint|p1a: Audino\n|\n|win|oceanmandurk\n|c|\u2606lanciepoo|gg\n|c|\u2606oceanmandurk|gg\n|c|\u2606lanciepoo|can u send replay?\n|c|\u2606oceanmandurk|yeah sure\n|c|\u2606lanciepoo|ty\n","uploadtime":1700175953,"views":23,"p1id":"lanciepoo","p2id":"oceanmandurk","formatid":"gen9nationaldexubers","rating":0,"private":0,"password":""}