{"id":"gen9nationaldexubers-1998548989","p1":"PeetaWard","p2":"hexosm","format":"[Gen 9] National Dex Ubers","log":"|j|\u2606PeetaWard\n|j|\u2606hexosm\n|t:|1700955039\n|gametype|singles\n|player|p1|PeetaWard|1|\n|player|p2|hexosm|102|\n|teamsize|p1|6\n|teamsize|p2|6\n|gen|9\n|tier|[Gen 9] National Dex Ubers\n|rule|HP Percentage Mod: HP is shown in percentages\n|rule|Endless Battle Clause: Forcing endless battles is banned\n|rule|OHKO Clause: OHKO moves are banned\n|rule|Evasion Moves Clause: Evasion moves are banned\n|rule|Evasion Items Clause: Evasion items are banned\n|rule|Species Clause: Limit one of each Pok\u00e9mon\n|rule|Sleep Clause Mod: Limit one foe put to sleep\n|rule|Mega Rayquaza Clause: You cannot mega evolve Rayquaza\n|clearpoke\n|poke|p1|Celesteela|\n|poke|p1|Eelektross, M|\n|poke|p1|Type: Null|\n|poke|p1|Beedrill, M|\n|poke|p1|Tornadus-Therian, M|\n|poke|p1|Samurott-Hisui, M|\n|poke|p2|Alomomola, M|\n|poke|p2|Great Tusk|\n|poke|p2|Tapu Lele|\n|poke|p2|Cinderace, F|\n|poke|p2|Magneton|\n|poke|p2|Abomasnow, F|\n|teampreview\n|\n|t:|1700955062\n|start\n|switch|p1a: Samurott|Samurott-Hisui, M, shiny|100\/100\n|switch|p2a: Tapu Lele|Tapu Lele|100\/100\n|-fieldstart|move: Psychic Terrain|[from] ability: Psychic Surge|[of] p2a: Tapu Lele\n|turn|1\n|\n|t:|1700955073\n|-terastallize|p2a: Tapu Lele|Psychic\n|move|p2a: Tapu Lele|Future Sight|p1a: Samurott\n|-start|p2a: Tapu Lele|move: Future Sight\n|move|p1a: Samurott|Ceaseless Edge|p2a: Tapu Lele\n|-supereffective|p2a: Tapu Lele\n|-damage|p2a: Tapu Lele|0 fnt\n|-sidestart|p2: hexosm|Spikes\n|faint|p2a: Tapu Lele\n|\n|upkeep\n|\n|t:|1700955083\n|switch|p2a: Magneton|Magneton|100\/100\n|-damage|p2a: Magneton|88\/100|[from] Spikes\n|turn|2\n|\n|t:|1700955095\n|move|p1a: Samurott|Knock Off|p2a: Magneton\n|-damage|p2a: Magneton|44\/100\n|-enditem|p2a: Magneton|Eviolite|[from] move: Knock Off|[of] p1a: Samurott\n|move|p2a: Magneton|Thunderbolt|p1a: Samurott\n|-supereffective|p1a: Samurott\n|-damage|p1a: Samurott|0 fnt\n|faint|p1a: Samurott\n|\n|upkeep\n|\n|t:|1700955103\n|switch|p1a: Celesteela|Celesteela|100\/100\n|turn|3\n|\n|t:|1700955110\n|switch|p2a: Abomasnow|Abomasnow, F|100\/100\n|-damage|p2a: Abomasnow|88\/100|[from] Spikes\n|-weather|Snow|[from] ability: Snow Warning|[of] p2a: Abomasnow\n|move|p1a: Celesteela|Fire Blast|p2a: Abomasnow\n|-supereffective|p2a: Abomasnow\n|-damage|p2a: Abomasnow|0 fnt\n|faint|p2a: Abomasnow\n|-ability|p1a: Celesteela|Beast Boost|boost\n|-boost|p1a: Celesteela|spa|1\n|\n|-weather|Snow|[upkeep]\n|-end|p1a: Celesteela|move: Future Sight\n|-resisted|p1a: Celesteela\n|-damage|p1a: Celesteela|58\/100\n|upkeep\n|\n|t:|1700955134\n|switch|p2a: Cinderace|Cinderace, F|100\/100\n|turn|4\n|\n|t:|1700955141\n|move|p2a: Cinderace|Sucker Punch|p1a: Celesteela\n|-start|p2a: Cinderace|typechange|Dark|[from] ability: Libero\n|-hint|Psychic Terrain doesn't affect Pok\u00e9mon immune to Ground.\n|-damage|p1a: Celesteela|25\/100\n|move|p1a: Celesteela|Meteor Beam||[still]\n|-prepare|p1a: Celesteela|Meteor Beam\n|-boost|p1a: Celesteela|spa|1\n|-enditem|p1a: Celesteela|Power Herb\n|-anim|p1a: Celesteela|Meteor Beam|p2a: Cinderace|[miss]\n|-miss|p1a: Celesteela|p2a: Cinderace\n|\n|-weather|Snow|[upkeep]\n|upkeep\n|turn|5\n|\n|t:|1700955170\n|move|p2a: Cinderace|Sucker Punch||[still]\n|-fail|p2a: Cinderace\n|move|p1a: Celesteela|Autotomize|p1a: Celesteela\n|-boost|p1a: Celesteela|spe|2\n|-start|p1a: Celesteela|Autotomize\n|\n|-weather|Snow|[upkeep]\n|-fieldend|move: Psychic Terrain\n|upkeep\n|turn|6\n|\n|t:|1700955183\n|move|p1a: Celesteela|Air Slash|p2a: Cinderace\n|-crit|p2a: Cinderace\n|-damage|p2a: Cinderace|0 fnt\n|faint|p2a: Cinderace\n|-ability|p1a: Celesteela|Beast Boost|boost\n|-boost|p1a: Celesteela|spa|1\n|\n|-weather|Snow|[upkeep]\n|upkeep\n|\n|t:|1700955212\n|switch|p2a: Great Tusk|Great Tusk|100\/100\n|-damage|p2a: Great Tusk|88\/100|[from] Spikes\n|-enditem|p2a: Great Tusk|Booster Energy\n|-activate|p2a: Great Tusk|ability: Protosynthesis|[fromitem]\n|-start|p2a: Great Tusk|protosynthesisatk\n|turn|7\n|\n|t:|1700955223\n|move|p1a: Celesteela|Air Slash|p2a: Great Tusk\n|-supereffective|p2a: Great Tusk\n|-damage|p2a: Great Tusk|0 fnt\n|faint|p2a: Great Tusk\n|-end|p2a: Great Tusk|Protosynthesis|[silent]\n|-ability|p1a: Celesteela|Beast Boost|boost\n|-boost|p1a: Celesteela|spa|1\n|\n|-weather|none\n|upkeep\n|\n|t:|1700955229\n|switch|p2a: Magneton|Magneton|44\/100\n|-damage|p2a: Magneton|32\/100|[from] Spikes\n|turn|8\n|\n|t:|1700955234\n|move|p1a: Celesteela|Air Slash|p2a: Magneton\n|-resisted|p2a: Magneton\n|-damage|p2a: Magneton|0 fnt\n|faint|p2a: Magneton\n|-ability|p1a: Celesteela|Beast Boost|boost\n|-boost|p1a: Celesteela|spa|1\n|\n|upkeep\n|\n|t:|1700955240\n|switch|p2a: Alomomola|Alomomola, M|100\/100\n|-damage|p2a: Alomomola|88\/100|[from] Spikes\n|turn|9\n|\n|t:|1700955248\n|move|p1a: Celesteela|Air Slash|p2a: Alomomola\n|-damage|p2a: Alomomola|0 fnt\n|faint|p2a: Alomomola\n|\n|win|PeetaWard\n","uploadtime":1700955258,"views":21,"p1id":"peetaward","p2id":"hexosm","formatid":"gen9nationaldexubers","rating":0,"private":0,"password":""}