{"id":"gen9nationaldexubers-1982147526","p1":"froggitgod","p2":"SerasVSpectra","format":"[Gen 9] National Dex Ubers","log":"|j|\u2606froggitgod\n|j|\u2606SerasVSpectra\n|t:|1698972748\n|gametype|singles\n|player|p1|froggitgod|hilbert|1471\n|player|p2|SerasVSpectra|guitarist|1501\n|teamsize|p1|6\n|teamsize|p2|6\n|gen|9\n|tier|[Gen 9] National Dex Ubers\n|rated|\n|rule|HP Percentage Mod: HP is shown in percentages\n|rule|Endless Battle Clause: Forcing endless battles is banned\n|rule|OHKO Clause: OHKO moves are banned\n|rule|Evasion Moves Clause: Evasion moves are banned\n|rule|Evasion Items Clause: Evasion items are banned\n|rule|Species Clause: Limit one of each Pok\u00e9mon\n|rule|Sleep Clause Mod: Limit one foe put to sleep\n|rule|Mega Rayquaza Clause: You cannot mega evolve Rayquaza\n|clearpoke\n|poke|p1|Lucario, M|\n|poke|p1|Rayquaza|\n|poke|p1|Kyogre|\n|poke|p1|Mewtwo|\n|poke|p1|Darkrai|\n|poke|p1|Arceus|\n|poke|p2|Deoxys-Attack|\n|poke|p2|Necrozma-Dawn-Wings|\n|poke|p2|Excadrill, F|\n|poke|p2|Indeedee, M|\n|poke|p2|Shuckle, M|\n|poke|p2|Groudon|\n|teampreview\n|\n|t:|1698972758\n|start\n|switch|p1a: Darkrai|Darkrai|100\/100\n|switch|p2a: Indeedee|Indeedee, M|100\/100\n|-fieldstart|move: Psychic Terrain|[from] ability: Psychic Surge|[of] p2a: Indeedee\n|turn|1\n|\n|t:|1698972767\n|switch|p2a: Shuckle|Shuckle, M|100\/100\n|move|p1a: Darkrai|Hypnosis|p2a: Shuckle|[miss]\n|-miss|p1a: Darkrai|p2a: Shuckle\n|-enditem|p1a: Darkrai|Blunder Policy\n|-boost|p1a: Darkrai|spe|2\n|\n|upkeep\n|turn|2\n|\n|t:|1698972777\n|move|p1a: Darkrai|Hypnosis|p2a: Shuckle\n|-status|p2a: Shuckle|slp|[from] move: Hypnosis\n|cant|p2a: Shuckle|slp\n|\n|-damage|p2a: Shuckle|88\/100 slp|[from] ability: Bad Dreams|[of] p1a: Darkrai\n|upkeep\n|turn|3\n|\n|t:|1698972780\n|move|p1a: Darkrai|Nasty Plot|p1a: Darkrai\n|-boost|p1a: Darkrai|spa|2\n|-curestatus|p2a: Shuckle|slp|[msg]\n|move|p2a: Shuckle|Sticky Web|p1a: Darkrai\n|-sidestart|p1: froggitgod|move: Sticky Web\n|\n|upkeep\n|turn|4\n|\n|t:|1698972787\n|move|p1a: Darkrai|Dark Pulse|p2a: Shuckle\n|-damage|p2a: Shuckle|34\/100\n|-enditem|p2a: Shuckle|Red Card|[of] p1a: Darkrai\n|drag|p1a: Mewtwo|Mewtwo|100\/100\n|-ability|p1a: Mewtwo|Unnerve\n|-activate|p1a: Mewtwo|move: Sticky Web\n|-unboost|p1a: Mewtwo|spe|1\n|move|p2a: Shuckle|Stealth Rock|p1a: Mewtwo\n|-sidestart|p1: froggitgod|move: Stealth Rock\n|\n|upkeep\n|turn|5\n|inactive|Battle timer is ON: inactive players will automatically lose when time's up. (requested by SerasVSpectra)\n|\n|t:|1698972802\n|move|p1a: Mewtwo|Psystrike|p2a: Shuckle\n|-damage|p2a: Shuckle|0 fnt\n|faint|p2a: Shuckle\n|\n|upkeep\n|c|\u2606SerasVSpectra|Gl and hf\n|\n|t:|1698972809\n|switch|p2a: Necrozma|Necrozma-Dawn-Wings|100\/100\n|turn|6\n|\n|t:|1698972826\n|switch|p1a: Kyogre|Kyogre, shiny|100\/100\n|-activate|p1a: Kyogre|move: Sticky Web\n|-unboost|p1a: Kyogre|spe|1\n|-damage|p1a: Kyogre|88\/100|[from] Stealth Rock\n|detailschange|p1a: Kyogre|Kyogre-Primal, shiny\n|-primal|p1a: Kyogre|Blue Orb\n|-weather|PrimordialSea|[from] ability: Primordial Sea|[of] p1a: Kyogre\n|detailschange|p2a: Necrozma|Necrozma-Ultra\n|-burst|p2a: Necrozma|Necrozma|Ultranecrozium Z\n|move|p2a: Necrozma|Moongeist Beam|p1a: Kyogre\n|-damage|p1a: Kyogre|64\/100\n|\n|-weather|PrimordialSea|[upkeep]\n|upkeep\n|turn|7\n|\n|t:|1698972842\n|switch|p2a: Groudon|Groudon, shiny|100\/100\n|detailschange|p2a: Groudon|Groudon-Primal, shiny\n|-primal|p2a: Groudon|Red Orb\n|-weather|DesolateLand|[from] ability: Desolate Land|[of] p2a: Groudon\n|move|p1a: Kyogre|Ice Beam|p2a: Groudon\n|-damage|p2a: Groudon|54\/100\n|\n|-weather|DesolateLand|[upkeep]\n|upkeep\n|turn|8\n|\n|t:|1698972854\n|move|p2a: Groudon|Fire Punch|p1a: Kyogre\n|-resisted|p1a: Kyogre\n|-damage|p1a: Kyogre|22\/100\n|move|p1a: Kyogre|Ice Beam|p2a: Groudon\n|-damage|p2a: Groudon|3\/100\n|\n|-weather|DesolateLand|[upkeep]\n|-fieldend|move: Psychic Terrain\n|upkeep\n|turn|9\n|\n|t:|1698972864\n|move|p2a: Groudon|Fire Punch|p1a: Kyogre\n|-resisted|p1a: Kyogre\n|-damage|p1a: Kyogre|0 fnt\n|faint|p1a: Kyogre\n|\n|-weather|DesolateLand|[upkeep]\n|upkeep\n|\n|t:|1698972868\n|switch|p1a: Rayquaza|Rayquaza, shiny|100\/100\n|-ability|p1a: Rayquaza|Air Lock\n|turn|10\n|\n|t:|1698972885\n|move|p1a: Rayquaza|Dragon Dance|p1a: Rayquaza\n|-boost|p1a: Rayquaza|atk|1\n|-boost|p1a: Rayquaza|spe|1\n|move|p2a: Groudon|Fire Punch|p1a: Rayquaza\n|-resisted|p1a: Rayquaza\n|-damage|p1a: Rayquaza|70\/100\n|\n|-weather|DesolateLand|[upkeep]\n|upkeep\n|turn|11\n|\n|t:|1698972890\n|move|p1a: Rayquaza|Dragon Dance|p1a: Rayquaza\n|-boost|p1a: Rayquaza|atk|1\n|-boost|p1a: Rayquaza|spe|1\n|move|p2a: Groudon|Fire Punch|p1a: Rayquaza\n|-resisted|p1a: Rayquaza\n|-damage|p1a: Rayquaza|43\/100\n|-status|p1a: Rayquaza|brn\n|\n|-weather|DesolateLand|[upkeep]\n|-damage|p1a: Rayquaza|37\/100 brn|[from] brn\n|upkeep\n|turn|12\n|\n|t:|1698972905\n|-terastallize|p1a: Rayquaza|Normal\n|move|p1a: Rayquaza|Extreme Speed|p2a: Groudon\n|-damage|p2a: Groudon|0 fnt\n|faint|p2a: Groudon\n|-weather|none\n|\n|-damage|p1a: Rayquaza|30\/100 brn|[from] brn\n|upkeep\n|\n|t:|1698972910\n|switch|p2a: Deoxys|Deoxys-Attack|100\/100\n|-ability|p2a: Deoxys|Pressure\n|turn|13\n|\n|t:|1698972920\n|move|p2a: Deoxys|Extreme Speed|p1a: Rayquaza\n|-damage|p1a: Rayquaza|0 fnt\n|faint|p1a: Rayquaza\n|\n|upkeep\n|\n|t:|1698972936\n|switch|p1a: Lucario|Lucario, M|100\/100\n|-activate|p1a: Lucario|move: Sticky Web\n|-unboost|p1a: Lucario|spe|1\n|-damage|p1a: Lucario|98\/100|[from] Stealth Rock\n|turn|14\n|\n|t:|1698972943\n|detailschange|p1a: Lucario|Lucario-Mega, M\n|-mega|p1a: Lucario|Lucario|Lucarionite\n|-terastallize|p2a: Deoxys|Psychic\n|move|p2a: Deoxys|Psychic|p1a: Lucario\n|-damage|p1a: Lucario|0 fnt\n|faint|p1a: Lucario\n|\n|upkeep\n|\n|t:|1698972954\n|switch|p1a: Darkrai|Darkrai|100\/100\n|-activate|p1a: Darkrai|move: Sticky Web\n|-unboost|p1a: Darkrai|spe|1\n|-damage|p1a: Darkrai|88\/100|[from] Stealth Rock\n|turn|15\n|\n|t:|1698972960\n|switch|p2a: Indeedee|Indeedee, M|100\/100\n|-fieldstart|move: Psychic Terrain|[from] ability: Psychic Surge|[of] p2a: Indeedee\n|move|p1a: Darkrai|Hypnosis|p2a: Indeedee\n|-status|p2a: Indeedee|slp|[from] move: Hypnosis\n|\n|-damage|p2a: Indeedee|88\/100 slp|[from] ability: Bad Dreams|[of] p1a: Darkrai\n|upkeep\n|turn|16\n|\n|t:|1698972969\n|cant|p2a: Indeedee|slp\n|move|p1a: Darkrai|Dark Pulse|p2a: Indeedee\n|-supereffective|p2a: Indeedee\n|-crit|p2a: Indeedee\n|-damage|p2a: Indeedee|0 fnt\n|faint|p2a: Indeedee\n|\n|upkeep\n|\n|t:|1698972976\n|switch|p2a: Excadrill|Excadrill, F|100\/100\n|-ability|p2a: Excadrill|Mold Breaker\n|-item|p2a: Excadrill|Air Balloon\n|turn|17\n|\n|t:|1698972992\n|move|p2a: Excadrill|Earthquake|p1a: Darkrai\n|-damage|p1a: Darkrai|16\/100\n|move|p1a: Darkrai|Dark Pulse|p2a: Excadrill\n|-damage|p2a: Excadrill|39\/100\n|-enditem|p2a: Excadrill|Air Balloon\n|\n|upkeep\n|turn|18\n|\n|t:|1698973000\n|move|p2a: Excadrill|Iron Head|p1a: Darkrai\n|-damage|p1a: Darkrai|0 fnt\n|faint|p1a: Darkrai\n|\n|upkeep\n|\n|t:|1698973004\n|switch|p1a: Mewtwo|Mewtwo|100\/100\n|-ability|p1a: Mewtwo|Unnerve\n|-activate|p1a: Mewtwo|move: Sticky Web\n|-unboost|p1a: Mewtwo|spe|1\n|-damage|p1a: Mewtwo|88\/100|[from] Stealth Rock\n|turn|19\n|\n|t:|1698973014\n|move|p2a: Excadrill|Earthquake|p1a: Mewtwo\n|-damage|p1a: Mewtwo|28\/100\n|move|p1a: Mewtwo|Earth Power|p2a: Excadrill\n|-supereffective|p2a: Excadrill\n|-damage|p2a: Excadrill|0 fnt\n|faint|p2a: Excadrill\n|\n|upkeep\n|\n|t:|1698973019\n|switch|p2a: Deoxys|Deoxys-Attack, tera:Psychic|100\/100\n|-ability|p2a: Deoxys|Pressure\n|turn|20\n|\n|t:|1698973024\n|move|p2a: Deoxys|Psychic|p1a: Mewtwo\n|-resisted|p1a: Mewtwo\n|-damage|p1a: Mewtwo|0 fnt\n|faint|p1a: Mewtwo\n|\n|upkeep\n|c|\u2606SerasVSpectra|Gg\n|\n|t:|1698973030\n|switch|p1a: Arceus|Arceus|100\/100\n|-activate|p1a: Arceus|move: Sticky Web\n|-unboost|p1a: Arceus|spe|1\n|-damage|p1a: Arceus|88\/100|[from] Stealth Rock\n|turn|21\n|\n|t:|1698973047\n|move|p2a: Deoxys|Nasty Plot|p2a: Deoxys\n|-boost|p2a: Deoxys|spa|2\n|move|p1a: Arceus|Shadow Claw|p2a: Deoxys\n|-supereffective|p2a: Deoxys\n|-enditem|p2a: Deoxys|Focus Sash\n|-damage|p2a: Deoxys|1\/100\n|\n|upkeep\n|turn|22\n|\n|t:|1698973067\n|move|p2a: Deoxys|Psychic|p1a: Arceus\n|-damage|p1a: Arceus|0 fnt\n|faint|p1a: Arceus\n|\n|win|SerasVSpectra\n|raw|froggitgod's rating: 1471 &rarr; <strong>1453<\/strong><br \/>(-18 for losing)\n|raw|SerasVSpectra's rating: 1501 &rarr; <strong>1519<\/strong><br \/>(+18 for winning)\n|l|\u2606froggitgod\n","uploadtime":1698973075,"views":9,"p1id":"froggitgod","p2id":"serasvspectra","formatid":"gen9nationaldexubers","rating":1453,"private":0,"password":""}