{"id":"gen9nationaldexubers-1979676804","p1":"Rayquaza59","p2":"Plastic_hand","format":"[Gen 9] National Dex Ubers","log":"|j|\u2606Rayquaza59\n|j|\u2606Plastic_hand\n|t:|1698702339\n|gametype|singles\n|player|p1|Rayquaza59|unknownf|\n|player|p2|Plastic_hand|shauntal|\n|teamsize|p1|2\n|teamsize|p2|2\n|gen|9\n|tier|[Gen 9] National Dex Ubers\n|rule|HP Percentage Mod: HP is shown in percentages\n|rule|Endless Battle Clause: Forcing endless battles is banned\n|rule|OHKO Clause: OHKO moves are banned\n|rule|Evasion Moves Clause: Evasion moves are banned\n|rule|Evasion Items Clause: Evasion items are banned\n|rule|Species Clause: Limit one of each Pok\u00e9mon\n|rule|Sleep Clause Mod: Limit one foe put to sleep\n|rule|Mega Rayquaza Clause: You cannot mega evolve Rayquaza\n|clearpoke\n|poke|p1|Froakie, L6, F|\n|poke|p1|Tyrunt, L6, M|\n|poke|p2|Flabe\u0301be\u0301-Yellow, L8, F|\n|poke|p2|Mimikyu, L8, F|\n|teampreview\n|\n|t:|1698702371\n|start\n|switch|p1a: Tyrunt|Tyrunt, L6, M, shiny|100\/100\n|switch|p2a: Flabe\u0301be\u0301|Flabe\u0301be\u0301-Yellow, L8, F|100\/100\n|turn|1\n|\n|t:|1698702383\n|move|p1a: Tyrunt|Fire Fang|p2a: Flabe\u0301be\u0301\n|-damage|p2a: Flabe\u0301be\u0301|56\/100\n|move|p2a: Flabe\u0301be\u0301|Tackle|p1a: Tyrunt\n|-resisted|p1a: Tyrunt\n|-damage|p1a: Tyrunt|93\/100\n|\n|upkeep\n|turn|2\n|\n|t:|1698702401\n|move|p2a: Flabe\u0301be\u0301|Tackle|p1a: Tyrunt\n|-resisted|p1a: Tyrunt\n|-damage|p1a: Tyrunt|86\/100\n|move|p1a: Tyrunt|Fire Fang|p2a: Flabe\u0301be\u0301\n|-damage|p2a: Flabe\u0301be\u0301|12\/100\n|\n|upkeep\n|turn|3\n|\n|t:|1698702410\n|move|p1a: Tyrunt|Iron Defense|p1a: Tyrunt\n|-boost|p1a: Tyrunt|def|2\n|move|p2a: Flabe\u0301be\u0301|Tackle|p1a: Tyrunt\n|-resisted|p1a: Tyrunt\n|-damage|p1a: Tyrunt|82\/100\n|\n|upkeep\n|turn|4\n|\n|t:|1698702417\n|move|p1a: Tyrunt|Fire Fang|p2a: Flabe\u0301be\u0301\n|-damage|p2a: Flabe\u0301be\u0301|0 fnt\n|faint|p2a: Flabe\u0301be\u0301\n|\n|upkeep\n|\n|t:|1698702419\n|switch|p2a: Mimikyu|Mimikyu, L8, F|100\/100\n|turn|5\n|\n|t:|1698702425\n|move|p2a: Mimikyu|Wood Hammer|p1a: Tyrunt\n|-damage|p1a: Tyrunt|41\/100\n|-damage|p2a: Mimikyu|87\/100|[from] Recoil\n|move|p1a: Tyrunt|Toxic|p2a: Mimikyu\n|-status|p2a: Mimikyu|tox\n|\n|-damage|p2a: Mimikyu|83\/100 tox|[from] psn\n|upkeep\n|turn|6\n|\n|t:|1698702436\n|move|p2a: Mimikyu|Wood Hammer|p1a: Tyrunt\n|-damage|p1a: Tyrunt|4\/100\n|-damage|p2a: Mimikyu|73\/100 tox|[from] Recoil\n|move|p1a: Tyrunt|Fire Fang|p2a: Mimikyu\n|-activate|p2a: Mimikyu|ability: Disguise\n|-damage|p2a: Mimikyu|73\/100 tox\n|detailschange|p2a: Mimikyu|Mimikyu-Busted, L8, F\n|-damage|p2a: Mimikyu|63\/100 tox|[from] pokemon: Mimikyu-Busted\n|\n|-damage|p2a: Mimikyu|56\/100 tox|[from] psn\n|upkeep\n|turn|7\n|\n|t:|1698702451\n|move|p2a: Mimikyu|Shadow Sneak|p1a: Tyrunt\n|-damage|p1a: Tyrunt|0 fnt\n|faint|p1a: Tyrunt\n|\n|-damage|p2a: Mimikyu|45\/100 tox|[from] psn\n|upkeep\n|\n|t:|1698702459\n|switch|p1a: Froakie|Froakie, L6, F|100\/100\n|turn|8\n|\n|t:|1698702463\n|move|p1a: Froakie|Protect|p1a: Froakie\n|-singleturn|p1a: Froakie|Protect\n|move|p2a: Mimikyu|Copycat||[still]\n|-fail|p2a: Mimikyu\n|\n|-damage|p2a: Mimikyu|32\/100 tox|[from] psn\n|upkeep\n|turn|9\n|\n|t:|1698702471\n|move|p1a: Froakie|Quick Attack|p2a: Mimikyu\n|-immune|p2a: Mimikyu\n|move|p2a: Mimikyu|Scratch|p1a: Froakie\n|-damage|p1a: Froakie|67\/100\n|\n|-damage|p2a: Mimikyu|14\/100 tox|[from] psn\n|upkeep\n|turn|10\n|\n|t:|1698702480\n|move|p1a: Froakie|Protect|p1a: Froakie\n|-singleturn|p1a: Froakie|Protect\n|move|p2a: Mimikyu|Copycat||[still]\n|-fail|p2a: Mimikyu\n|\n|-damage|p2a: Mimikyu|0 fnt|[from] psn\n|faint|p2a: Mimikyu\n|\n|win|Rayquaza59\n|upkeep\n|l|\u2606Plastic_hand\n","uploadtime":1698702492,"views":12,"p1id":"rayquaza59","p2id":"plastichand","formatid":"gen9nationaldexubers","rating":0,"private":0,"password":""}