{"id":"gen9nationaldexubers-1979367034","p1":"femurdeeznuts","p2":"ozzey","format":"[Gen 9] National Dex Ubers","log":"|j|\u2606femurdeeznuts\n|j|\u2606ozzey\n|t:|1698676951\n|gametype|singles\n|player|p1|femurdeeznuts|1|\n|player|p2|ozzey|bugcatcher-gen4dp|\n|teamsize|p1|6\n|teamsize|p2|6\n|gen|9\n|tier|[Gen 9] National Dex Ubers\n|rule|HP Percentage Mod: HP is shown in percentages\n|rule|Endless Battle Clause: Forcing endless battles is banned\n|rule|OHKO Clause: OHKO moves are banned\n|rule|Evasion Moves Clause: Evasion moves are banned\n|rule|Evasion Items Clause: Evasion items are banned\n|rule|Species Clause: Limit one of each Pok\u00e9mon\n|rule|Sleep Clause Mod: Limit one foe put to sleep\n|rule|Mega Rayquaza Clause: You cannot mega evolve Rayquaza\n|clearpoke\n|poke|p1|Mimikyu, F|\n|poke|p1|Gliscor, M|\n|poke|p1|Darmanitan-Galar, F|\n|poke|p1|Shuckle, F|\n|poke|p1|Gholdengo|\n|poke|p1|Cyclizar, M|\n|poke|p2|Lokix, M|\n|poke|p2|Volcarona, F|\n|poke|p2|Beedrill, M|\n|poke|p2|Ribombee, F|\n|poke|p2|Yanmega, M|\n|poke|p2|Golisopod, F|\n|teampreview\n|inactive|Battle timer is ON: inactive players will automatically lose when time's up. (requested by femurdeeznuts)\n|inactive|ozzey also wants the timer to be on.\n|\n|t:|1698676961\n|start\n|switch|p1a: Pure Rizz|Shuckle, F, shiny|100\/100\n|switch|p2a: White lady|Ribombee, F|100\/100\n|turn|1\n|\n|t:|1698676971\n|move|p2a: White lady|Sticky Web|p1a: Pure Rizz\n|-sidestart|p1: femurdeeznuts|move: Sticky Web\n|move|p1a: Pure Rizz|Sticky Web|p2a: White lady\n|-sidestart|p2: ozzey|move: Sticky Web\n|\n|upkeep\n|turn|2\n|\n|t:|1698676978\n|move|p2a: White lady|Quiver Dance|p2a: White lady\n|-boost|p2a: White lady|spa|1\n|-boost|p2a: White lady|spd|1\n|-boost|p2a: White lady|spe|1\n|move|p1a: Pure Rizz|Stealth Rock|p2a: White lady\n|-sidestart|p2: ozzey|move: Stealth Rock\n|\n|upkeep\n|turn|3\n|\n|t:|1698676982\n|move|p2a: White lady|Quiver Dance|p2a: White lady\n|-boost|p2a: White lady|spa|1\n|-boost|p2a: White lady|spd|1\n|-boost|p2a: White lady|spe|1\n|move|p1a: Pure Rizz|Encore|p2a: White lady\n|-start|p2a: White lady|Encore\n|\n|upkeep\n|turn|4\n|\n|t:|1698676991\n|switch|p1a: Johnny from GGST|Gholdengo|100\/100\n|move|p2a: White lady|Quiver Dance|p2a: White lady\n|-boost|p2a: White lady|spa|1\n|-boost|p2a: White lady|spd|1\n|-boost|p2a: White lady|spe|1\n|\n|upkeep\n|turn|5\n|\n|t:|1698677003\n|switch|p1a: Leo Whitefang|Darmanitan-Galar, F|100\/100\n|-activate|p1a: Leo Whitefang|move: Sticky Web\n|-unboost|p1a: Leo Whitefang|spe|1\n|move|p2a: White lady|Quiver Dance|p2a: White lady\n|-boost|p2a: White lady|spa|1\n|-boost|p2a: White lady|spd|1\n|-boost|p2a: White lady|spe|1\n|\n|upkeep\n|turn|6\n|\n|t:|1698677010\n|move|p2a: White lady|Quiver Dance|p2a: White lady\n|-boost|p2a: White lady|spa|1\n|-boost|p2a: White lady|spd|1\n|-boost|p2a: White lady|spe|1\n|move|p1a: Leo Whitefang|Flare Blitz|p2a: White lady\n|-supereffective|p2a: White lady\n|-enditem|p2a: White lady|Focus Sash\n|-damage|p2a: White lady|1\/100\n|-damage|p1a: Leo Whitefang|76\/100|[from] Recoil\n|\n|-end|p2a: White lady|Encore\n|upkeep\n|turn|7\n|\n|t:|1698677015\n|switch|p1a: Pure Rizz|Shuckle, F, shiny|100\/100\n|-activate|p1a: Pure Rizz|move: Sticky Web\n|-unboost|p1a: Pure Rizz|spe|1\n|move|p2a: White lady|Moonblast|p1a: Pure Rizz\n|-damage|p1a: Pure Rizz|14\/100\n|-unboost|p1a: Pure Rizz|spa|1\n|\n|upkeep\n|turn|8\n|\n|t:|1698677025\n|move|p2a: White lady|Moonblast|p1a: Pure Rizz\n|-damage|p1a: Pure Rizz|0 fnt\n|faint|p1a: Pure Rizz\n|\n|upkeep\n|\n|t:|1698677027\n|switch|p1a: Average 13 yr old|Mimikyu, F, shiny|100\/100\n|-activate|p1a: Average 13 yr old|move: Sticky Web\n|-unboost|p1a: Average 13 yr old|spe|1\n|turn|9\n|\n|t:|1698677034\n|move|p1a: Average 13 yr old|Shadow Sneak|p2a: White lady\n|-damage|p2a: White lady|0 fnt\n|faint|p2a: White lady\n|-damage|p1a: Average 13 yr old|91\/100|[from] item: Life Orb\n|\n|upkeep\n|\n|t:|1698677037\n|switch|p2a: Quirrel|Yanmega, M|100\/100\n|turn|10\n|\n|t:|1698677049\n|switch|p1a: Mothman|Gliscor, M|100\/100\n|move|p2a: Quirrel|Defog|p1a: Mothman\n|-unboost|p1a: Mothman|evasion|1\n|-sideend|p1: femurdeeznuts|Sticky Web|[from] move: Defog|[of] p2a: Quirrel\n|-sideend|p2: ozzey|Stealth Rock|[from] move: Defog|[of] p2a: Quirrel\n|-sideend|p2: ozzey|Sticky Web|[from] move: Defog|[of] p2a: Quirrel\n|\n|-ability|p2a: Quirrel|Speed Boost|boost\n|-boost|p2a: Quirrel|spe|1\n|-status|p1a: Mothman|tox|[from] item: Toxic Orb\n|upkeep\n|turn|11\n|\n|t:|1698677059\n|move|p2a: Quirrel|Shadow Ball|p1a: Mothman\n|-crit|p1a: Mothman\n|-damage|p1a: Mothman|59\/100 tox\n|move|p1a: Mothman|Toxic|p2a: Quirrel\n|-status|p2a: Quirrel|tox\n|\n|-damage|p2a: Quirrel|94\/100 tox|[from] psn\n|-heal|p1a: Mothman|71\/100 tox|[from] ability: Poison Heal\n|-ability|p2a: Quirrel|Speed Boost|boost\n|-boost|p2a: Quirrel|spe|1\n|upkeep\n|turn|12\n|\n|t:|1698677067\n|move|p2a: Quirrel|Defog|p1a: Mothman\n|-unboost|p1a: Mothman|evasion|1\n|move|p1a: Mothman|Roost|p1a: Mothman\n|-heal|p1a: Mothman|100\/100 tox\n|-singleturn|p1a: Mothman|move: Roost\n|\n|-damage|p2a: Quirrel|82\/100 tox|[from] psn\n|-ability|p2a: Quirrel|Speed Boost|boost\n|-boost|p2a: Quirrel|spe|1\n|upkeep\n|turn|13\n|\n|t:|1698677071\n|move|p2a: Quirrel|Air Slash|p1a: Mothman\n|-damage|p1a: Mothman|63\/100 tox\n|move|p1a: Mothman|Knock Off|p2a: Quirrel\n|-damage|p2a: Quirrel|54\/100 tox\n|-enditem|p2a: Quirrel|Heavy-Duty Boots|[from] move: Knock Off|[of] p1a: Mothman\n|\n|-damage|p2a: Quirrel|36\/100 tox|[from] psn\n|-heal|p1a: Mothman|76\/100 tox|[from] ability: Poison Heal\n|-ability|p2a: Quirrel|Speed Boost|boost\n|-boost|p2a: Quirrel|spe|1\n|upkeep\n|turn|14\n|\n|t:|1698677076\n|move|p2a: Quirrel|Air Slash|p1a: Mothman\n|-damage|p1a: Mothman|35\/100 tox\n|move|p1a: Mothman|Roost|p1a: Mothman\n|-heal|p1a: Mothman|85\/100 tox\n|-singleturn|p1a: Mothman|move: Roost\n|\n|-damage|p2a: Quirrel|12\/100 tox|[from] psn\n|-heal|p1a: Mothman|97\/100 tox|[from] ability: Poison Heal\n|-ability|p2a: Quirrel|Speed Boost|boost\n|-boost|p2a: Quirrel|spe|1\n|upkeep\n|turn|15\n|\n|t:|1698677087\n|switch|p1a: Johnny from GGST|Gholdengo|100\/100\n|move|p2a: Quirrel|Air Slash|p1a: Johnny from GGST\n|-resisted|p1a: Johnny from GGST\n|-damage|p1a: Johnny from GGST|80\/100\n|\n|-damage|p2a: Quirrel|0 fnt|[from] psn\n|faint|p2a: Quirrel\n|upkeep\n|\n|t:|1698677091\n|switch|p2a: Sealed vessel|Beedrill, M, shiny|100\/100\n|turn|16\n|\n|t:|1698677099\n|detailschange|p2a: Sealed vessel|Beedrill-Mega, M, shiny\n|-mega|p2a: Sealed vessel|Beedrill|Beedrillite\n|move|p2a: Sealed vessel|Knock Off|p1a: Johnny from GGST\n|-supereffective|p1a: Johnny from GGST\n|-damage|p1a: Johnny from GGST|0 fnt\n|-enditem|p1a: Johnny from GGST|Heavy-Duty Boots|[from] move: Knock Off|[of] p2a: Sealed vessel\n|faint|p1a: Johnny from GGST\n|\n|upkeep\n|\n|t:|1698677111\n|switch|p1a: Mothman|Gliscor, M|97\/100 tox\n|turn|17\n|\n|t:|1698677115\n|switch|p2a: Hollow Knight|Lokix, M|100\/100\n|move|p1a: Mothman|Knock Off|p2a: Hollow Knight\n|-resisted|p2a: Hollow Knight\n|-damage|p2a: Hollow Knight|86\/100\n|-enditem|p2a: Hollow Knight|Life Orb|[from] move: Knock Off|[of] p1a: Mothman\n|\n|-heal|p1a: Mothman|100\/100 tox|[from] ability: Poison Heal\n|upkeep\n|turn|18\n|\n|t:|1698677122\n|move|p2a: Hollow Knight|First Impression|p1a: Mothman\n|-resisted|p1a: Mothman\n|-damage|p1a: Mothman|76\/100 tox\n|move|p1a: Mothman|Toxic|p2a: Hollow Knight\n|-status|p2a: Hollow Knight|tox\n|\n|-damage|p2a: Hollow Knight|80\/100 tox|[from] psn\n|-heal|p1a: Mothman|88\/100 tox|[from] ability: Poison Heal\n|upkeep\n|turn|19\n|\n|t:|1698677129\n|move|p2a: Hollow Knight|Axe Kick|p1a: Mothman|[miss]\n|-miss|p2a: Hollow Knight|p1a: Mothman\n|-damage|p2a: Hollow Knight|30\/100 tox|[from] highjumpkick\n|move|p1a: Mothman|Knock Off|p2a: Hollow Knight\n|-resisted|p2a: Hollow Knight\n|-crit|p2a: Hollow Knight\n|-damage|p2a: Hollow Knight|15\/100 tox\n|\n|-damage|p2a: Hollow Knight|3\/100 tox|[from] psn\n|-heal|p1a: Mothman|100\/100 tox|[from] ability: Poison Heal\n|upkeep\n|turn|20\n|\n|t:|1698677133\n|move|p2a: Hollow Knight|Axe Kick|p1a: Mothman\n|-resisted|p1a: Mothman\n|-damage|p1a: Mothman|77\/100 tox\n|move|p1a: Mothman|Roost|p1a: Mothman\n|-heal|p1a: Mothman|100\/100 tox\n|-singleturn|p1a: Mothman|move: Roost\n|\n|-damage|p2a: Hollow Knight|0 fnt|[from] psn\n|faint|p2a: Hollow Knight\n|upkeep\n|\n|t:|1698677142\n|switch|p2a: Baldur|Golisopod, F|100\/100\n|turn|21\n|\n|t:|1698677145\n|move|p1a: Mothman|Toxic|p2a: Baldur\n|-status|p2a: Baldur|tox\n|move|p2a: Baldur|Waterfall|p1a: Mothman\n|-supereffective|p1a: Mothman\n|-damage|p1a: Mothman|43\/100 tox\n|\n|-heal|p1a: Mothman|55\/100 tox|[from] ability: Poison Heal\n|-damage|p2a: Baldur|94\/100 tox|[from] psn\n|upkeep\n|turn|22\n|\n|t:|1698677150\n|-terastallize|p1a: Mothman|Water\n|move|p1a: Mothman|Roost|p1a: Mothman\n|-heal|p1a: Mothman|100\/100 tox\n|move|p2a: Baldur|Waterfall|p1a: Mothman\n|-resisted|p1a: Mothman\n|-damage|p1a: Mothman|85\/100 tox\n|\n|-heal|p1a: Mothman|97\/100 tox|[from] ability: Poison Heal\n|-damage|p2a: Baldur|82\/100 tox|[from] psn\n|upkeep\n|turn|23\n|\n|t:|1698677156\n|move|p1a: Mothman|Knock Off|p2a: Baldur\n|-damage|p2a: Baldur|67\/100 tox\n|-enditem|p2a: Baldur|Assault Vest|[from] move: Knock Off|[of] p1a: Mothman\n|move|p2a: Baldur|Drill Run|p1a: Mothman|[miss]\n|-miss|p2a: Baldur|p1a: Mothman\n|\n|-heal|p1a: Mothman|100\/100 tox|[from] ability: Poison Heal\n|-damage|p2a: Baldur|48\/100 tox|[from] psn\n|upkeep\n|-activate|p2a: Baldur|ability: Emergency Exit\n|\n|t:|1698677160\n|switch|p2a: Hornet|Volcarona, F|100\/100\n|turn|24\n|\n|t:|1698677165\n|-terastallize|p2a: Hornet|Bug\n|move|p2a: Hornet|Giga Drain|p1a: Mothman\n|-supereffective|p1a: Mothman\n|-damage|p1a: Mothman|44\/100 tox\n|move|p1a: Mothman|Toxic|p2a: Hornet\n|-status|p2a: Hornet|tox\n|\n|-damage|p2a: Hornet|94\/100 tox|[from] psn\n|-heal|p1a: Mothman|56\/100 tox|[from] ability: Poison Heal\n|upkeep\n|turn|25\n|\n|t:|1698677177\n|switch|p1a: Ford F150|Cyclizar, M|100\/100\n|move|p2a: Hornet|Giga Drain|p1a: Ford F150\n|-resisted|p1a: Ford F150\n|-damage|p1a: Ford F150|81\/100\n|-heal|p2a: Hornet|100\/100 tox|[from] drain|[of] p1a: Ford F150\n|\n|-damage|p2a: Hornet|88\/100 tox|[from] psn\n|upkeep\n|turn|26\n|\n|t:|1698677184\n|switch|p2a: Baldur|Golisopod, F|48\/100 tox\n|move|p1a: Ford F150|Shed Tail|p1a: Ford F150\n|-start|p1a: Ford F150|Substitute|[from] move: Shed Tail\n|-damage|p1a: Ford F150|31\/100\n|\n|t:|1698677193\n|switch|p1a: Leo Whitefang|Darmanitan-Galar, F|76\/100|[from] Shed Tail\n|\n|-damage|p2a: Baldur|42\/100 tox|[from] psn\n|upkeep\n|turn|27\n|\n|t:|1698677197\n|move|p2a: Baldur|First Impression|p1a: Leo Whitefang\n|-end|p1a: Leo Whitefang|Substitute\n|move|p1a: Leo Whitefang|Flare Blitz|p2a: Baldur\n|-damage|p2a: Baldur|0 fnt\n|faint|p2a: Baldur\n|-damage|p1a: Leo Whitefang|65\/100|[from] Recoil\n|\n|upkeep\n|\n|t:|1698677209\n|switch|p2a: Sealed vessel|Beedrill-Mega, M, shiny|100\/100\n|turn|28\n|\n|t:|1698677214\n|move|p2a: Sealed vessel|Knock Off|p1a: Leo Whitefang\n|-damage|p1a: Leo Whitefang|8\/100\n|-enditem|p1a: Leo Whitefang|Choice Band|[from] move: Knock Off|[of] p2a: Sealed vessel\n|move|p1a: Leo Whitefang|Flare Blitz|p2a: Sealed vessel\n|-supereffective|p2a: Sealed vessel\n|-damage|p2a: Sealed vessel|0 fnt\n|faint|p2a: Sealed vessel\n|-damage|p1a: Leo Whitefang|0 fnt|[from] Recoil\n|faint|p1a: Leo Whitefang\n|\n|upkeep\n|\n|t:|1698677222\n|switch|p2a: Hornet|Volcarona, F, tera:Bug|88\/100 tox\n|switch|p1a: Mothman|Gliscor, M, tera:Water|56\/100 tox\n|turn|29\n|\n|t:|1698677229\n|switch|p1a: Ford F150|Cyclizar, M|64\/100\n|move|p2a: Hornet|Giga Drain|p1a: Ford F150\n|-resisted|p1a: Ford F150\n|-damage|p1a: Ford F150|47\/100\n|-heal|p2a: Hornet|98\/100 tox|[from] drain|[of] p1a: Ford F150\n|\n|-damage|p2a: Hornet|92\/100 tox|[from] psn\n|upkeep\n|turn|30\n|\n|t:|1698677237\n|move|p1a: Ford F150|Draco Meteor|p2a: Hornet\n|-damage|p2a: Hornet|54\/100 tox\n|-unboost|p1a: Ford F150|spa|2\n|move|p2a: Hornet|Psychic|p1a: Ford F150\n|-damage|p1a: Ford F150|0 fnt\n|faint|p1a: Ford F150\n|\n|-damage|p2a: Hornet|42\/100 tox|[from] psn\n|upkeep\n|\n|t:|1698677244\n|switch|p1a: Average 13 yr old|Mimikyu, F, shiny|91\/100\n|turn|31\n|\n|t:|1698677248\n|move|p2a: Hornet|Giga Drain|p1a: Average 13 yr old\n|-activate|p1a: Average 13 yr old|ability: Disguise\n|-damage|p1a: Average 13 yr old|91\/100\n|detailschange|p1a: Average 13 yr old|Mimikyu-Busted, F, shiny\n|-damage|p1a: Average 13 yr old|78\/100|[from] pokemon: Mimikyu-Busted\n|move|p1a: Average 13 yr old|Shadow Claw|p2a: Hornet\n|-damage|p2a: Hornet|0 fnt\n|-status|p1a: Average 13 yr old|brn|[from] ability: Flame Body|[of] p2a: Hornet\n|faint|p2a: Hornet\n|-damage|p1a: Average 13 yr old|68\/100 brn|[from] item: Life Orb\n|\n|win|femurdeeznuts\n|c|\u2606femurdeeznuts|gg\n|c|\u2606ozzey|Gg wp\n|l|\u2606femurdeeznuts\n|l|\u2606ozzey\n|j|\u2606femurdeeznuts\n|player|p1|femurdeeznuts|1\n|j|\u2606ozzey\n|player|p2|ozzey|bugcatcher-gen4dp\n","uploadtime":1698677425,"views":10,"p1id":"femurdeeznuts","p2id":"ozzey","formatid":"gen9nationaldexubers","rating":0,"private":0,"password":""}