{"id":"gen9nationaldexubers-1983956669","p1":"TheRealDiabeto","p2":"AstroCheeseChamp","format":"[Gen 9] National Dex Ubers","log":"|j|\u2606TheRealDiabeto\n|j|\u2606AstroCheeseChamp\n|t:|1699203978\n|gametype|singles\n|player|p1|TheRealDiabeto|youngster-gen4dp|\n|player|p2|AstroCheeseChamp|lusamine-masters|\n|teamsize|p1|6\n|teamsize|p2|6\n|gen|9\n|tier|[Gen 9] National Dex Ubers\n|rule|HP Percentage Mod: HP is shown in percentages\n|rule|Endless Battle Clause: Forcing endless battles is banned\n|rule|OHKO Clause: OHKO moves are banned\n|rule|Evasion Moves Clause: Evasion moves are banned\n|rule|Evasion Items Clause: Evasion items are banned\n|rule|Species Clause: Limit one of each Pok\u00e9mon\n|rule|Sleep Clause Mod: Limit one foe put to sleep\n|rule|Mega Rayquaza Clause: You cannot mega evolve Rayquaza\n|clearpoke\n|poke|p1|Sneasler, F|\n|poke|p1|Rillaboom, M|\n|poke|p1|Glimmora, F|\n|poke|p1|Ogerpon-Wellspring, F|\n|poke|p1|Zapdos|\n|poke|p1|Diancie|\n|poke|p2|Blaziken, F|\n|poke|p2|Volcanion|\n|poke|p2|Blacephalon|\n|poke|p2|Victini|\n|poke|p2|Charizard, M|\n|poke|p2|Iron Moth|\n|teampreview\n|inactive|Battle timer is ON: inactive players will automatically lose when time's up. (requested by AstroCheeseChamp)\n|inactiveoff|Battle timer is now OFF.\n|c|\u2606AstroCheeseChamp|glhf\n|c|\u2606TheRealDiabeto|glhf\n|\n|t:|1699204041\n|start\n|switch|p1a: Glimmora|Glimmora, F|100\/100\n|switch|p2a: Stir Fry|Blaziken, F|100\/100\n|turn|1\n|\n|t:|1699204047\n|move|p1a: Glimmora|Spikes|p2a: Stir Fry\n|-sidestart|p2: AstroCheeseChamp|Spikes\n|move|p2a: Stir Fry|Focus Blast|p1a: Glimmora|[miss]\n|-miss|p2a: Stir Fry|p1a: Glimmora\n|\n|-ability|p2a: Stir Fry|Speed Boost|boost\n|-boost|p2a: Stir Fry|spe|1\n|upkeep\n|turn|2\n|c|\u2606AstroCheeseChamp|*Facepalm*\n|\n|t:|1699204054\n|move|p2a: Stir Fry|Focus Blast|p1a: Glimmora\n|-damage|p1a: Glimmora|1\/100\n|-damage|p2a: Stir Fry|91\/100|[from] item: Life Orb\n|move|p1a: Glimmora|Spikes|p2a: Stir Fry\n|-sidestart|p2: AstroCheeseChamp|Spikes\n|\n|-ability|p2a: Stir Fry|Speed Boost|boost\n|-boost|p2a: Stir Fry|spe|1\n|upkeep\n|turn|3\n|\n|t:|1699204062\n|move|p2a: Stir Fry|Hidden Power|p1a: Glimmora\n|-damage|p1a: Glimmora|0 fnt\n|faint|p1a: Glimmora\n|-damage|p2a: Stir Fry|81\/100|[from] item: Life Orb\n|\n|-ability|p2a: Stir Fry|Speed Boost|boost\n|-boost|p2a: Stir Fry|spe|1\n|upkeep\n|\n|t:|1699204080\n|switch|p1a: Ogerpon|Ogerpon-Wellspring, F|100\/100\n|turn|4\n|\n|t:|1699204100\n|switch|p2a: Steaming|Volcanion|100\/100\n|move|p1a: Ogerpon|Play Rough|p2a: Steaming\n|-resisted|p2a: Steaming\n|-damage|p2a: Steaming|87\/100\n|\n|upkeep\n|turn|5\n|\n|t:|1699204123\n|switch|p1a: Zapdos|Zapdos, shiny|100\/100\n|move|p2a: Steaming|Steam Eruption|p1a: Zapdos\n|-damage|p1a: Zapdos|35\/100\n|\n|upkeep\n|turn|6\n|\n|t:|1699204138\n|switch|p2a: Deep Fry|Blacephalon|100\/100\n|-damage|p2a: Deep Fry|84\/100|[from] Spikes\n|move|p1a: Zapdos|Volt Switch|p2a: Deep Fry\n|-damage|p2a: Deep Fry|37\/100\n|\n|t:|1699204151\n|switch|p1a: Ogerpon|Ogerpon-Wellspring, F|100\/100|[from] Volt Switch\n|\n|upkeep\n|turn|7\n|\n|t:|1699204161\n|move|p2a: Deep Fry|Flamethrower|p1a: Ogerpon\n|-damage|p1a: Ogerpon|36\/100\n|move|p1a: Ogerpon|Horn Leech|p2a: Deep Fry\n|-resisted|p2a: Deep Fry\n|-damage|p2a: Deep Fry|0 fnt\n|-heal|p1a: Ogerpon|51\/100|[from] drain|[of] p2a: Deep Fry\n|faint|p2a: Deep Fry\n|\n|upkeep\n|\n|t:|1699204165\n|switch|p2a: Steaming|Volcanion|87\/100\n|turn|8\n|\n|t:|1699204177\n|switch|p1a: Diancie|Diancie|100\/100\n|move|p2a: Steaming|Defog|p1a: Diancie\n|-fail|p1a: Diancie|unboost|[from] ability: Clear Body|[of] p1a: Diancie\n|-sideend|p2: AstroCheeseChamp|Spikes|[from] move: Defog|[of] p2a: Steaming\n|\n|upkeep\n|turn|9\n|\n|t:|1699204202\n|detailschange|p1a: Diancie|Diancie-Mega\n|-mega|p1a: Diancie|Diancie|Diancite\n|move|p1a: Diancie|Earth Power|p2a: Steaming\n|-supereffective|p2a: Steaming\n|-damage|p2a: Steaming|12\/100\n|move|p2a: Steaming|Steam Eruption|p1a: Diancie\n|-supereffective|p1a: Diancie\n|-damage|p1a: Diancie|0 fnt\n|faint|p1a: Diancie\n|\n|upkeep\n|c|\u2606AstroCheeseChamp|YESSSS\n|\n|t:|1699204212\n|switch|p1a: Sneasler|Sneasler, F|100\/100\n|turn|10\n|c|\u2606TheRealDiabeto|not clicking diamond storm probably just lost me the game didn't it\n|\n|t:|1699204233\n|switch|p2a: Pressure Cook|Iron Moth, shiny|100\/100\n|move|p1a: Sneasler|Acrobatics|p2a: Pressure Cook\n|-damage|p2a: Pressure Cook|64\/100\n|\n|upkeep\n|turn|11\n|c|\u2606AstroCheeseChamp|That was actually still a roll to kill\n|\n|t:|1699204252\n|switch|p1a: Ogerpon|Ogerpon-Wellspring, F|51\/100\n|move|p2a: Pressure Cook|Fire Blast|p1a: Ogerpon\n|-damage|p1a: Ogerpon|0 fnt\n|faint|p1a: Ogerpon\n|\n|upkeep\n|\n|t:|1699204261\n|switch|p1a: Zapdos|Zapdos, shiny|35\/100\n|turn|12\n|\n|t:|1699204264\n|move|p2a: Pressure Cook|Fire Blast|p1a: Zapdos\n|-damage|p1a: Zapdos|0 fnt\n|faint|p1a: Zapdos\n|\n|upkeep\n|\n|t:|1699204270\n|switch|p1a: Sneasler|Sneasler, F|100\/100\n|turn|13\n|\n|t:|1699204283\n|switch|p1a: Rillaboom|Rillaboom, M|100\/100\n|-fieldstart|move: Grassy Terrain|[from] ability: Grassy Surge|[of] p1a: Rillaboom\n|move|p2a: Pressure Cook|Fire Blast|p1a: Rillaboom\n|-supereffective|p1a: Rillaboom\n|-damage|p1a: Rillaboom|0 fnt\n|faint|p1a: Rillaboom\n|\n|-heal|p2a: Pressure Cook|70\/100|[from] Grassy Terrain\n|upkeep\n|\n|t:|1699204293\n|switch|p1a: Sneasler|Sneasler, F|100\/100\n|-enditem|p1a: Sneasler|Grassy Seed\n|-boost|p1a: Sneasler|def|1|[from] item: Grassy Seed\n|turn|14\n|\n|t:|1699204302\n|move|p1a: Sneasler|Acrobatics|p2a: Pressure Cook\n|-damage|p2a: Pressure Cook|0 fnt\n|faint|p2a: Pressure Cook\n|-end|p2a: Pressure Cook|Quark Drive|[silent]\n|\n|upkeep\n|c|\u2606AstroCheeseChamp|that can't be right\n|c|\u2606AstroCheeseChamp|oh it is\n|c|\u2606AstroCheeseChamp|my calc had defense EVs by default for some reason ok\n|c|\u2606TheRealDiabeto|what was the calculator command again?\n|\n|t:|1699204357\n|switch|p2a: Sear|Victini|100\/100\n|turn|15\n|c|\u2606AstroCheeseChamp|not using that dw\n|c|\u2606TheRealDiabeto|i meant for me\n|\n|t:|1699204373\n|move|p1a: Sneasler|Acrobatics|p2a: Sear\n|-damage|p2a: Sear|60\/100\n|move|p2a: Sear|Searing Shot|p1a: Sneasler\n|-damage|p1a: Sneasler|39\/100\n|\n|-heal|p1a: Sneasler|45\/100|[from] Grassy Terrain\n|-heal|p2a: Sear|66\/100|[from] Grassy Terrain\n|upkeep\n|turn|16\n|\n|t:|1699204386\n|move|p1a: Sneasler|Dire Claw|p2a: Sear\n|-crit|p2a: Sear\n|-damage|p2a: Sear|1\/100\n|-status|p2a: Sear|slp\n|cant|p2a: Sear|slp\n|\n|-heal|p1a: Sneasler|51\/100|[from] Grassy Terrain\n|-heal|p2a: Sear|8\/100 slp|[from] Grassy Terrain\n|upkeep\n|turn|17\n|c|\u2606AstroCheeseChamp|crit ma-\n|c|\u2606AstroCheeseChamp|oh\n|c|\u2606TheRealDiabeto|aint no way\n|\n|t:|1699204405\n|switch|p2a: Steaming|Volcanion|12\/100\n|move|p1a: Sneasler|Acrobatics|p2a: Steaming\n|-damage|p2a: Steaming|0 fnt\n|faint|p2a: Steaming\n|\n|-heal|p1a: Sneasler|57\/100|[from] Grassy Terrain\n|upkeep\n|\n|t:|1699204410\n|switch|p2a: Broil|Charizard, M|100\/100\n|turn|18\n|\n|t:|1699204420\n|detailschange|p2a: Broil|Charizard-Mega-X, M\n|-mega|p2a: Broil|Charizard|Charizardite X\n|move|p1a: Sneasler|Dire Claw|p2a: Broil\n|-damage|p2a: Broil|56\/100\n|move|p2a: Broil|Flare Blitz|p1a: Sneasler\n|-damage|p1a: Sneasler|0 fnt\n|faint|p1a: Sneasler\n|-damage|p2a: Broil|37\/100|[from] Recoil\n|\n|win|AstroCheeseChamp\n|c|\u2606AstroCheeseChamp|gg\n|c|\u2606TheRealDiabeto|gg\n","uploadtime":1699204430,"views":12,"p1id":"therealdiabeto","p2id":"astrocheesechamp","formatid":"gen9nationaldexubers","rating":0,"private":0,"password":""}