{"id":"gen9nationaldexubers-1984373768","p1":"FisheePhishee","p2":"FoxasBat","format":"[Gen 9] National Dex Ubers","log":"|j|\u2606FisheePhishee\n|j|\u2606FoxasBat\n|t:|1699251804\n|gametype|singles\n|player|p1|FisheePhishee|266|\n|player|p2|FoxasBat|170|\n|teamsize|p1|6\n|teamsize|p2|6\n|gen|9\n|tier|[Gen 9] National Dex Ubers\n|rule|HP Percentage Mod: HP is shown in percentages\n|rule|Endless Battle Clause: Forcing endless battles is banned\n|rule|OHKO Clause: OHKO moves are banned\n|rule|Evasion Moves Clause: Evasion moves are banned\n|rule|Evasion Items Clause: Evasion items are banned\n|rule|Species Clause: Limit one of each Pok\u00e9mon\n|rule|Sleep Clause Mod: Limit one foe put to sleep\n|rule|Mega Rayquaza Clause: You cannot mega evolve Rayquaza\n|clearpoke\n|poke|p1|Toxapex, F|\n|poke|p1|Ceruledge, M|\n|poke|p1|Slither Wing|\n|poke|p1|Vivillon, F|\n|poke|p1|Perrserker, F|\n|poke|p1|Krokorok, M|\n|poke|p2|Clodsire, M|\n|poke|p2|Roaring Moon|\n|poke|p2|Armarouge, M|\n|poke|p2|Decidueye, F|\n|poke|p2|Sliggoo-Hisui, M|\n|poke|p2|Dunsparce, M|\n|teampreview\n|\n|t:|1699251821\n|start\n|switch|p1a: Toxapex|Toxapex, F|100\/100\n|switch|p2a: Dunsparce|Dunsparce, M|100\/100\n|turn|1\n|\n|t:|1699251831\n|move|p2a: Dunsparce|Coil|p2a: Dunsparce\n|-boost|p2a: Dunsparce|atk|1\n|-boost|p2a: Dunsparce|def|1\n|-boost|p2a: Dunsparce|accuracy|1\n|move|p1a: Toxapex|Scald|p2a: Dunsparce\n|-damage|p2a: Dunsparce|85\/100\n|-status|p2a: Dunsparce|brn\n|\n|-heal|p2a: Dunsparce|92\/100 brn|[from] item: Leftovers\n|-damage|p2a: Dunsparce|85\/100 brn|[from] brn\n|upkeep\n|turn|2\n|\n|t:|1699251863\n|switch|p1a: Perrserker|Perrserker, F|100\/100\n|move|p2a: Dunsparce|Coil|p2a: Dunsparce\n|-boost|p2a: Dunsparce|atk|1\n|-boost|p2a: Dunsparce|def|1\n|-boost|p2a: Dunsparce|accuracy|1\n|\n|-heal|p2a: Dunsparce|92\/100 brn|[from] item: Leftovers\n|-damage|p2a: Dunsparce|85\/100 brn|[from] brn\n|upkeep\n|turn|3\n|j| HeirEhm\n|\n|t:|1699251884\n|move|p1a: Perrserker|Fake Out|p2a: Dunsparce\n|-damage|p2a: Dunsparce|77\/100 brn\n|cant|p2a: Dunsparce|flinch\n|\n|-heal|p2a: Dunsparce|84\/100 brn|[from] item: Leftovers\n|-damage|p2a: Dunsparce|77\/100 brn|[from] brn\n|upkeep\n|turn|4\n|\n|t:|1699251893\n|move|p1a: Perrserker|Close Combat|p2a: Dunsparce\n|-supereffective|p2a: Dunsparce\n|-damage|p2a: Dunsparce|29\/100 brn\n|-unboost|p1a: Perrserker|def|1\n|-unboost|p1a: Perrserker|spd|1\n|move|p2a: Dunsparce|Earth Power|p1a: Perrserker\n|-supereffective|p1a: Perrserker\n|-crit|p1a: Perrserker\n|-damage|p1a: Perrserker|38\/100\n|-unboost|p1a: Perrserker|spd|1\n|\n|-heal|p2a: Dunsparce|35\/100 brn|[from] item: Leftovers\n|-damage|p2a: Dunsparce|29\/100 brn|[from] brn\n|upkeep\n|turn|5\n|\n|t:|1699251916\n|move|p1a: Perrserker|Close Combat|p2a: Dunsparce\n|-supereffective|p2a: Dunsparce\n|-damage|p2a: Dunsparce|0 fnt\n|-unboost|p1a: Perrserker|def|1\n|-unboost|p1a: Perrserker|spd|1\n|faint|p2a: Dunsparce\n|\n|upkeep\n|\n|t:|1699251938\n|switch|p2a: Armarouge|Armarouge, M|100\/100\n|turn|6\n|\n|t:|1699251982\n|move|p2a: Armarouge|Flamethrower|p1a: Perrserker\n|-supereffective|p1a: Perrserker\n|-damage|p1a: Perrserker|0 fnt\n|faint|p1a: Perrserker\n|\n|upkeep\n|\n|t:|1699252015\n|switch|p1a: Ceruledge|Ceruledge, M, shiny|100\/100\n|turn|7\n|\n|t:|1699252046\n|move|p1a: Ceruledge|Bulk Up|p1a: Ceruledge\n|-boost|p1a: Ceruledge|atk|1\n|-boost|p1a: Ceruledge|def|1\n|move|p2a: Armarouge|Calm Mind|p2a: Armarouge\n|-boost|p2a: Armarouge|spa|1\n|-boost|p2a: Armarouge|spd|1\n|\n|upkeep\n|turn|8\n|\n|t:|1699252119\n|-terastallize|p2a: Armarouge|Fighting\n|move|p2a: Armarouge|Endure|p2a: Armarouge\n|-singleturn|p2a: Armarouge|move: Endure\n|move|p1a: Ceruledge|Shadow Sneak|p2a: Armarouge\n|-damage|p2a: Armarouge|67\/100\n|-ability|p2a: Armarouge|Weak Armor|boost\n|-unboost|p2a: Armarouge|def|1\n|-boost|p2a: Armarouge|spe|2\n|\n|upkeep\n|turn|9\n|\n|t:|1699252175\n|move|p1a: Ceruledge|Shadow Sneak|p2a: Armarouge\n|-damage|p2a: Armarouge|18\/100\n|-ability|p2a: Armarouge|Weak Armor|boost\n|-unboost|p2a: Armarouge|def|1\n|-boost|p2a: Armarouge|spe|2\n|move|p2a: Armarouge|Calm Mind|p2a: Armarouge\n|-boost|p2a: Armarouge|spa|1\n|-boost|p2a: Armarouge|spd|1\n|\n|upkeep\n|turn|10\n|\n|t:|1699252199\n|move|p2a: Armarouge|Stored Power|p1a: Ceruledge\n|-damage|p1a: Ceruledge|0 fnt\n|faint|p1a: Ceruledge\n|\n|upkeep\n|\n|t:|1699252219\n|switch|p1a: Toxapex|Toxapex, F|100\/100\n|turn|11\n|\n|t:|1699252223\n|move|p2a: Armarouge|Stored Power|p1a: Toxapex\n|-supereffective|p1a: Toxapex\n|-damage|p1a: Toxapex|0 fnt\n|faint|p1a: Toxapex\n|\n|upkeep\n|\n|t:|1699252231\n|switch|p1a: Krokorok|Krokorok, M|100\/100\n|-ability|p1a: Krokorok|Intimidate|boost\n|-unboost|p2a: Armarouge|atk|1\n|turn|12\n|\n|t:|1699252246\n|move|p2a: Armarouge|Flamethrower|p1a: Krokorok\n|-damage|p1a: Krokorok|0 fnt\n|faint|p1a: Krokorok\n|\n|upkeep\n|\n|t:|1699252252\n|switch|p1a: Vivillon|Vivillon, F|100\/100\n|turn|13\n|\n|t:|1699252257\n|move|p2a: Armarouge|Stored Power|p1a: Vivillon\n|-damage|p1a: Vivillon|0 fnt\n|faint|p1a: Vivillon\n|\n|upkeep\n|\n|t:|1699252261\n|switch|p1a: Slither Wing|Slither Wing|100\/100\n|-enditem|p1a: Slither Wing|Booster Energy\n|-activate|p1a: Slither Wing|ability: Protosynthesis|[fromitem]\n|-start|p1a: Slither Wing|protosynthesisatk\n|turn|14\n|\n|t:|1699252272\n|move|p1a: Slither Wing|First Impression|p2a: Armarouge\n|-resisted|p2a: Armarouge\n|-damage|p2a: Armarouge|0 fnt\n|faint|p2a: Armarouge\n|\n|upkeep\n|\n|t:|1699252288\n|switch|p2a: Roaring Moon|Roaring Moon|100\/100\n|-enditem|p2a: Roaring Moon|Booster Energy\n|-activate|p2a: Roaring Moon|ability: Protosynthesis|[fromitem]\n|-start|p2a: Roaring Moon|protosynthesisatk\n|turn|15\n|\n|t:|1699252294\n|move|p2a: Roaring Moon|Acrobatics|p1a: Slither Wing\n|-supereffective|p1a: Slither Wing\n|-damage|p1a: Slither Wing|0 fnt\n|faint|p1a: Slither Wing\n|-end|p1a: Slither Wing|Protosynthesis|[silent]\n|\n|win|FoxasBat\n","uploadtime":1699252297,"views":10,"p1id":"fisheephishee","p2id":"foxasbat","formatid":"gen9nationaldexubers","rating":0,"private":0,"password":""}