{"id":"gen9nationaldexubers-1978900541","p1":"One134e","p2":"aguinaldo124","format":"[Gen 9] National Dex Ubers","log":"|j|\u2606One134e\n|j|\u2606aguinaldo124\n|t:|1698608137\n|gametype|singles\n|player|p1|One134e|265|1094\n|player|p2|aguinaldo124|red|1085\n|teamsize|p1|6\n|teamsize|p2|6\n|gen|9\n|tier|[Gen 9] National Dex Ubers\n|rated|\n|rule|HP Percentage Mod: HP is shown in percentages\n|rule|Endless Battle Clause: Forcing endless battles is banned\n|rule|OHKO Clause: OHKO moves are banned\n|rule|Evasion Moves Clause: Evasion moves are banned\n|rule|Evasion Items Clause: Evasion items are banned\n|rule|Species Clause: Limit one of each Pok\u00e9mon\n|rule|Sleep Clause Mod: Limit one foe put to sleep\n|rule|Mega Rayquaza Clause: You cannot mega evolve Rayquaza\n|clearpoke\n|poke|p1|Kingambit, M|\n|poke|p1|Skarmory, F|\n|poke|p1|Mimikyu, F|\n|poke|p1|Aggron, F|\n|poke|p1|Iron Valiant|\n|poke|p1|Hydreigon, M|\n|poke|p2|Braviary-Hisui, M|\n|poke|p2|Togekiss, F|\n|poke|p2|Aerodactyl, M|\n|poke|p2|Gyarados, M|\n|poke|p2|Gliscor, M|\n|poke|p2|Mandibuzz, F|\n|teampreview\n|inactive|Battle timer is ON: inactive players will automatically lose when time's up. (requested by aguinaldo124)\n|\n|t:|1698608147\n|start\n|switch|p1a: Hydreigon|Hydreigon, M|100\/100\n|switch|p2a: Gyarados|Gyarados, M|100\/100\n|turn|1\n|\n|t:|1698608159\n|move|p2a: Gyarados|Dragon Dance|p2a: Gyarados\n|-boost|p2a: Gyarados|atk|1\n|-boost|p2a: Gyarados|spe|1\n|move|p1a: Hydreigon|Scale Shot|p2a: Gyarados\n|-damage|p2a: Gyarados|87\/100\n|-damage|p2a: Gyarados|74\/100\n|-damage|p2a: Gyarados|62\/100\n|-hitcount|p2a: Gyarados|3\n|-unboost|p1a: Hydreigon|def|1\n|-boost|p1a: Hydreigon|spe|1\n|\n|-heal|p2a: Gyarados|68\/100|[from] item: Leftovers\n|upkeep\n|turn|2\n|\n|t:|1698608187\n|move|p2a: Gyarados|Waterfall|p1a: Hydreigon\n|-resisted|p1a: Hydreigon\n|-damage|p1a: Hydreigon|49\/100\n|move|p1a: Hydreigon|Dark Pulse|p2a: Gyarados\n|-damage|p2a: Gyarados|29\/100\n|\n|-heal|p2a: Gyarados|35\/100|[from] item: Leftovers\n|upkeep\n|turn|3\n|\n|t:|1698608196\n|move|p2a: Gyarados|Waterfall|p1a: Hydreigon\n|-resisted|p1a: Hydreigon\n|-damage|p1a: Hydreigon|1\/100\n|move|p1a: Hydreigon|Dark Pulse|p2a: Gyarados\n|-damage|p2a: Gyarados|0 fnt\n|faint|p2a: Gyarados\n|\n|upkeep\n|c|\u2606aguinaldo124|Dude\n|c|\u2606aguinaldo124|Rng is joking whit me rn\n|\n|t:|1698608219\n|switch|p2a: Aerodactyl|Aerodactyl, M|100\/100\n|turn|4\n|\n|t:|1698608228\n|detailschange|p2a: Aerodactyl|Aerodactyl-Mega, M\n|-mega|p2a: Aerodactyl|Aerodactyl|Aerodactylite\n|move|p2a: Aerodactyl|Dual Wingbeat|p1a: Hydreigon\n|-damage|p1a: Hydreigon|0 fnt\n|faint|p1a: Hydreigon\n|-hitcount|p1: Hydreigon|1\n|\n|upkeep\n|inactive|One134e has 120 seconds left.\n|\n|t:|1698608255\n|switch|p1a: Kingambit|Kingambit, M|100\/100\n|-activate|p1a: Kingambit|ability: Supreme Overlord\n|-start|p1a: Kingambit|fallen1|[silent]\n|turn|5\n|inactive|One134e has 120 seconds left.\n|\n|t:|1698608273\n|move|p2a: Aerodactyl|Hone Claws|p2a: Aerodactyl\n|-boost|p2a: Aerodactyl|atk|1\n|-boost|p2a: Aerodactyl|accuracy|1\n|move|p1a: Kingambit|Iron Head|p2a: Aerodactyl\n|-supereffective|p2a: Aerodactyl\n|-damage|p2a: Aerodactyl|0 fnt\n|faint|p2a: Aerodactyl\n|\n|upkeep\n|\n|t:|1698608283\n|switch|p2a: Gliscor|Gliscor, M|100\/100\n|turn|6\n|inactive|One134e has 120 seconds left.\n|\n|t:|1698608295\n|move|p1a: Kingambit|Sucker Punch||[still]\n|-fail|p1a: Kingambit\n|move|p2a: Gliscor|Swords Dance|p2a: Gliscor\n|-boost|p2a: Gliscor|atk|2\n|\n|-status|p2a: Gliscor|tox|[from] item: Toxic Orb\n|upkeep\n|turn|7\n|\n|t:|1698608304\n|move|p1a: Kingambit|Sucker Punch|p2a: Gliscor\n|-damage|p2a: Gliscor|63\/100 tox\n|move|p2a: Gliscor|Crabhammer|p1a: Kingambit\n|-damage|p1a: Kingambit|53\/100\n|\n|-heal|p2a: Gliscor|76\/100 tox|[from] ability: Poison Heal\n|upkeep\n|turn|8\n|\n|t:|1698608314\n|move|p2a: Gliscor|Swords Dance|p2a: Gliscor\n|-boost|p2a: Gliscor|atk|2\n|move|p1a: Kingambit|Iron Head|p2a: Gliscor\n|-damage|p2a: Gliscor|30\/100 tox\n|\n|-heal|p2a: Gliscor|42\/100 tox|[from] ability: Poison Heal\n|upkeep\n|turn|9\n|\n|t:|1698608325\n|-terastallize|p2a: Gliscor|Water\n|move|p1a: Kingambit|Sucker Punch|p2a: Gliscor\n|-damage|p2a: Gliscor|6\/100 tox\n|move|p2a: Gliscor|Earthquake|p1a: Kingambit\n|-supereffective|p1a: Kingambit\n|-damage|p1a: Kingambit|0 fnt\n|faint|p1a: Kingambit\n|-end|p1a: Kingambit|fallen1|[silent]\n|\n|-heal|p2a: Gliscor|18\/100 tox|[from] ability: Poison Heal\n|upkeep\n|\n|t:|1698608340\n|switch|p1a: Mimikyu|Mimikyu, F|100\/100\n|turn|10\n|\n|t:|1698608349\n|move|p2a: Gliscor|Dual Wingbeat|p1a: Mimikyu\n|-activate|p1a: Mimikyu|ability: Disguise\n|-damage|p1a: Mimikyu|100\/100\n|detailschange|p1a: Mimikyu|Mimikyu-Busted, F\n|-damage|p1a: Mimikyu|88\/100|[from] pokemon: Mimikyu-Busted\n|-damage|p1a: Mimikyu|15\/100\n|-hitcount|p1a: Mimikyu|2\n|move|p1a: Mimikyu|Shadow Claw|p2a: Gliscor\n|-damage|p2a: Gliscor|0 fnt\n|faint|p2a: Gliscor\n|\n|upkeep\n|\n|t:|1698608361\n|switch|p2a: Braviary|Braviary-Hisui, M, shiny|100\/100\n|turn|11\n|\n|t:|1698608367\n|move|p1a: Mimikyu|Shadow Claw|p2a: Braviary\n|-supereffective|p2a: Braviary\n|-damage|p2a: Braviary|42\/100\n|move|p2a: Braviary|Esper Wing|p1a: Mimikyu\n|-damage|p1a: Mimikyu|0 fnt\n|-boost|p2a: Braviary|spe|1\n|faint|p1a: Mimikyu\n|\n|upkeep\n|\n|t:|1698608387\n|switch|p1a: Aggron|Aggron, F|100\/100\n|turn|12\n|\n|t:|1698608402\n|detailschange|p1a: Aggron|Aggron-Mega, F\n|-mega|p1a: Aggron|Aggron|Aggronite\n|move|p2a: Braviary|Air Slash|p1a: Aggron\n|-resisted|p1a: Aggron\n|-damage|p1a: Aggron|56\/100\n|move|p1a: Aggron|Heavy Slam|p2a: Braviary\n|-damage|p2a: Braviary|0 fnt\n|faint|p2a: Braviary\n|\n|upkeep\n|\n|t:|1698608411\n|switch|p2a: Togekiss|Togekiss, F|100\/100\n|turn|13\n|\n|t:|1698608416\n|move|p2a: Togekiss|Fire Blast|p1a: Aggron\n|-supereffective|p1a: Aggron\n|-damage|p1a: Aggron|0 fnt\n|faint|p1a: Aggron\n|\n|upkeep\n|\n|t:|1698608433\n|switch|p1a: Iron Valiant|Iron Valiant|100\/100\n|-enditem|p1a: Iron Valiant|Booster Energy\n|-activate|p1a: Iron Valiant|ability: Quark Drive|[fromitem]\n|-start|p1a: Iron Valiant|quarkdriveatk\n|turn|14\n|\n|t:|1698608442\n|move|p1a: Iron Valiant|Spirit Break|p2a: Togekiss\n|-damage|p2a: Togekiss|38\/100\n|-unboost|p2a: Togekiss|spa|1\n|move|p2a: Togekiss|Extrasensory|p1a: Iron Valiant\n|-supereffective|p1a: Iron Valiant\n|-crit|p1a: Iron Valiant\n|-damage|p1a: Iron Valiant|0 fnt\n|faint|p1a: Iron Valiant\n|-end|p1a: Iron Valiant|Quark Drive|[silent]\n|\n|upkeep\n|\n|t:|1698608452\n|switch|p1a: Skarmory|Skarmory, F|100\/100\n|turn|15\n|\n|t:|1698608457\n|move|p2a: Togekiss|Fire Blast|p1a: Skarmory|[miss]\n|-miss|p2a: Togekiss|p1a: Skarmory\n|move|p1a: Skarmory|Flash Cannon|p2a: Togekiss\n|-supereffective|p2a: Togekiss\n|-damage|p2a: Togekiss|13\/100\n|\n|upkeep\n|turn|16\n|\n|t:|1698608466\n|-terastallize|p1a: Skarmory|Steel\n|move|p2a: Togekiss|Fire Blast|p1a: Skarmory\n|-supereffective|p1a: Skarmory\n|-crit|p1a: Skarmory\n|-damage|p1a: Skarmory|0 fnt\n|faint|p1a: Skarmory\n|\n|win|aguinaldo124\n|raw|One134e's rating: 1094 &rarr; <strong>1069<\/strong><br \/>(-25 for losing)\n|raw|aguinaldo124's rating: 1085 &rarr; <strong>1113<\/strong><br \/>(+28 for winning)\n","uploadtime":1698608475,"views":8,"p1id":"one134e","p2id":"aguinaldo124","formatid":"gen9nationaldexubers","rating":1069,"private":0,"password":""}