{"id":"gen9nationaldexubers-1991517220","p1":"AaPilleri","p2":"VonBlossom","format":"[Gen 9] National Dex Ubers","log":"|j|\u2606AaPilleri\n|j|\u2606VonBlossom\n|t:|1700084202\n|gametype|singles\n|player|p1|AaPilleri|shadowtriad|1022\n|player|p2|VonBlossom|lillie|1099\n|teamsize|p1|6\n|teamsize|p2|6\n|gen|9\n|tier|[Gen 9] National Dex Ubers\n|rated|\n|rule|HP Percentage Mod: HP is shown in percentages\n|rule|Endless Battle Clause: Forcing endless battles is banned\n|rule|OHKO Clause: OHKO moves are banned\n|rule|Evasion Moves Clause: Evasion moves are banned\n|rule|Evasion Items Clause: Evasion items are banned\n|rule|Species Clause: Limit one of each Pok\u00e9mon\n|rule|Sleep Clause Mod: Limit one foe put to sleep\n|rule|Mega Rayquaza Clause: You cannot mega evolve Rayquaza\n|clearpoke\n|poke|p1|Empoleon, F|\n|poke|p1|Staraptor, F|\n|poke|p1|Roserade, M|\n|poke|p1|Luxray, M|\n|poke|p1|Garchomp, M|\n|poke|p1|Gyarados, M|\n|poke|p2|Lunala|\n|poke|p2|Solgaleo|\n|poke|p2|Ninetales-Alola, F|\n|poke|p2|Clefable, F|\n|poke|p2|Ribombee, M|\n|poke|p2|Comfey, M|\n|teampreview\n|inactive|Battle timer is ON: inactive players will automatically lose when time's up. (requested by VonBlossom)\n|\n|t:|1700084214\n|start\n|switch|p1a: Bal\u0131k|Gyarados, M|100\/100\n|switch|p2a: Ribombee|Ribombee, M, shiny|100\/100\n|turn|1\n|\n|t:|1700084222\n|move|p2a: Ribombee|Sticky Web|p1a: Bal\u0131k\n|-sidestart|p1: AaPilleri|move: Sticky Web\n|move|p1a: Bal\u0131k|Rain Dance|p1a: Bal\u0131k\n|-weather|RainDance\n|\n|-weather|RainDance|[upkeep]\n|upkeep\n|turn|2\n|\n|t:|1700084230\n|move|p2a: Ribombee|Toxic|p1a: Bal\u0131k\n|-status|p1a: Bal\u0131k|tox\n|move|p1a: Bal\u0131k|Dragon Dance|p1a: Bal\u0131k\n|-boost|p1a: Bal\u0131k|atk|1\n|-boost|p1a: Bal\u0131k|spe|1\n|\n|-weather|RainDance|[upkeep]\n|-damage|p1a: Bal\u0131k|94\/100 tox|[from] psn\n|upkeep\n|turn|3\n|\n|t:|1700084240\n|move|p1a: Bal\u0131k|Bounce||[still]\n|-prepare|p1a: Bal\u0131k|Bounce\n|move|p2a: Ribombee|U-turn|p1a: Bal\u0131k|[miss]\n|-miss|p2a: Ribombee|p1a: Bal\u0131k\n|\n|-weather|RainDance|[upkeep]\n|-damage|p1a: Bal\u0131k|82\/100 tox|[from] psn\n|upkeep\n|turn|4\n|\n|t:|1700084251\n|move|p1a: Bal\u0131k|Bounce|p2a: Ribombee|[from]lockedmove\n|-supereffective|p2a: Ribombee\n|-enditem|p2a: Ribombee|Focus Sash\n|-damage|p2a: Ribombee|1\/100\n|move|p2a: Ribombee|U-turn|p1a: Bal\u0131k\n|-resisted|p1a: Bal\u0131k\n|-damage|p1a: Bal\u0131k|72\/100 tox\n|\n|t:|1700084261\n|switch|p2a: Snowy|Ninetales-Alola, F|100\/100|[from] U-turn\n|-weather|Snow|[from] ability: Snow Warning|[of] p2a: Snowy\n|\n|-weather|Snow|[upkeep]\n|-damage|p1a: Bal\u0131k|54\/100 tox|[from] psn\n|upkeep\n|turn|5\n|\n|t:|1700084278\n|move|p1a: Bal\u0131k|Dragon Dance|p1a: Bal\u0131k\n|-boost|p1a: Bal\u0131k|atk|1\n|-boost|p1a: Bal\u0131k|spe|1\n|move|p2a: Snowy|Aurora Veil|p2a: Snowy\n|-sidestart|p2: VonBlossom|move: Aurora Veil\n|\n|-weather|Snow|[upkeep]\n|-damage|p1a: Bal\u0131k|30\/100 tox|[from] psn\n|upkeep\n|turn|6\n|\n|t:|1700084290\n|move|p1a: Bal\u0131k|Aqua Tail|p2a: Snowy\n|-damage|p2a: Snowy|53\/100\n|move|p2a: Snowy|Encore|p1a: Bal\u0131k\n|-start|p1a: Bal\u0131k|Encore\n|\n|-weather|Snow|[upkeep]\n|-damage|p1a: Bal\u0131k|0 fnt|[from] psn\n|faint|p1a: Bal\u0131k\n|upkeep\n|\n|t:|1700084302\n|switch|p1a: Fas\u00fclye|Garchomp, M|100\/100\n|-activate|p1a: Fas\u00fclye|move: Sticky Web\n|-unboost|p1a: Fas\u00fclye|spe|1\n|turn|7\n|\n|t:|1700084310\n|switch|p2a: Clefable|Clefable, F|100\/100\n|detailschange|p1a: Fas\u00fclye|Garchomp-Mega, M\n|-mega|p1a: Fas\u00fclye|Garchomp|Garchompite\n|move|p1a: Fas\u00fclye|Fire Fang|p2a: Clefable\n|-damage|p2a: Clefable|92\/100\n|\n|-weather|Snow|[upkeep]\n|-heal|p2a: Clefable|98\/100|[from] item: Leftovers\n|upkeep\n|turn|8\n|\n|t:|1700084323\n|switch|p1a: Ku\u015f|Staraptor, F|100\/100\n|move|p2a: Clefable|Stealth Rock|p1a: Ku\u015f\n|-sidestart|p1: AaPilleri|move: Stealth Rock\n|\n|-weather|none\n|-heal|p2a: Clefable|100\/100|[from] item: Leftovers\n|upkeep\n|turn|9\n|\n|t:|1700084333\n|move|p2a: Clefable|Wish|p2a: Clefable\n|move|p1a: Ku\u015f|Whirlwind|p2a: Clefable\n|drag|p2a: Snowy|Ninetales-Alola, F|53\/100\n|-weather|Snow|[from] ability: Snow Warning|[of] p2a: Snowy\n|\n|-weather|Snow|[upkeep]\n|upkeep\n|turn|10\n|\n|t:|1700084342\n|move|p2a: Snowy|Draining Kiss|p1a: Ku\u015f\n|-damage|p1a: Ku\u015f|68\/100\n|-heal|p2a: Snowy|79\/100|[from] drain|[of] p1a: Ku\u015f\n|move|p1a: Ku\u015f|Close Combat|p2a: Snowy\n|-damage|p2a: Snowy|59\/100\n|-unboost|p1a: Ku\u015f|def|1\n|-unboost|p1a: Ku\u015f|spd|1\n|\n|-weather|Snow|[upkeep]\n|-heal|p2a: Snowy|100\/100|[from] move: Wish|[wisher] Clefable\n|upkeep\n|turn|11\n|\n|t:|1700084358\n|move|p2a: Snowy|Blizzard|p1a: Ku\u015f\n|-supereffective|p1a: Ku\u015f\n|-damage|p1a: Ku\u015f|0 fnt\n|faint|p1a: Ku\u015f\n|\n|-weather|Snow|[upkeep]\n|upkeep\n|\n|t:|1700084371\n|switch|p1a: Empoleon|Empoleon, F|100\/100\n|-damage|p1a: Empoleon|94\/100|[from] Stealth Rock\n|-item|p1a: Empoleon|Air Balloon\n|turn|12\n|\n|t:|1700084391\n|move|p2a: Snowy|Draining Kiss|p1a: Empoleon\n|-resisted|p1a: Empoleon\n|-damage|p1a: Empoleon|85\/100\n|-enditem|p1a: Empoleon|Air Balloon\n|move|p1a: Empoleon|Rock Slide|p2a: Snowy\n|-supereffective|p2a: Snowy\n|-crit|p2a: Snowy\n|-damage|p2a: Snowy|42\/100\n|\n|-weather|Snow|[upkeep]\n|-sideend|p2: VonBlossom|move: Aurora Veil\n|upkeep\n|turn|13\n|\n|t:|1700084416\n|move|p2a: Snowy|Aurora Veil|p2a: Snowy\n|-sidestart|p2: VonBlossom|move: Aurora Veil\n|move|p1a: Empoleon|Rock Slide|p2a: Snowy|[miss]\n|-miss|p1a: Empoleon|p2a: Snowy\n|\n|-weather|none\n|upkeep\n|turn|14\n|\n|t:|1700084425\n|move|p2a: Snowy|Draining Kiss|p1a: Empoleon\n|-resisted|p1a: Empoleon\n|-damage|p1a: Empoleon|74\/100\n|-heal|p2a: Snowy|51\/100|[from] drain|[of] p1a: Empoleon\n|move|p1a: Empoleon|Rock Slide|p2a: Snowy\n|-supereffective|p2a: Snowy\n|-damage|p2a: Snowy|22\/100\n|\n|upkeep\n|turn|15\n|\n|t:|1700084437\n|switch|p2a: Ribombee|Ribombee, M, shiny|1\/100\n|move|p1a: Empoleon|Rock Slide|p2a: Ribombee\n|-supereffective|p2a: Ribombee\n|-damage|p2a: Ribombee|0 fnt\n|faint|p2a: Ribombee\n|\n|upkeep\n|\n|t:|1700084446\n|switch|p2a: Clefable|Clefable, F|100\/100\n|turn|16\n|\n|t:|1700084459\n|switch|p1a: Fare|Luxray, M|100\/100\n|-damage|p1a: Fare|88\/100|[from] Stealth Rock\n|-ability|p1a: Fare|Intimidate|boost\n|-unboost|p2a: Clefable|atk|1\n|-item|p1a: Fare|Air Balloon\n|move|p2a: Clefable|Calm Mind|p2a: Clefable\n|-boost|p2a: Clefable|spa|1\n|-boost|p2a: Clefable|spd|1\n|\n|upkeep\n|turn|17\n|\n|t:|1700084470\n|move|p1a: Fare|Light Screen|p1a: Fare\n|-sidestart|p1: AaPilleri|move: Light Screen\n|move|p2a: Clefable|Wish|p2a: Clefable\n|\n|upkeep\n|turn|18\n|\n|t:|1700084480\n|switch|p1a: H\u00fcseyin|Roserade, M|100\/100\n|-activate|p1a: H\u00fcseyin|move: Sticky Web\n|-unboost|p1a: H\u00fcseyin|spe|1\n|-damage|p1a: H\u00fcseyin|88\/100|[from] Stealth Rock\n|move|p2a: Clefable|Calm Mind|p2a: Clefable\n|-boost|p2a: Clefable|spa|1\n|-boost|p2a: Clefable|spd|1\n|\n|-heal|p1a: H\u00fcseyin|94\/100|[from] item: Black Sludge\n|upkeep\n|turn|19\n|\n|t:|1700084496\n|switch|p2a: Snowy|Ninetales-Alola, F|22\/100\n|-weather|Snow|[from] ability: Snow Warning|[of] p2a: Snowy\n|move|p1a: H\u00fcseyin|Toxic|p2a: Snowy\n|-status|p2a: Snowy|tox\n|\n|-weather|Snow|[upkeep]\n|-heal|p1a: H\u00fcseyin|100\/100|[from] item: Black Sludge\n|-damage|p2a: Snowy|15\/100 tox|[from] psn\n|upkeep\n|turn|20\n|\n|t:|1700084509\n|switch|p1a: Empoleon|Empoleon, F|74\/100\n|-activate|p1a: Empoleon|move: Sticky Web\n|-unboost|p1a: Empoleon|spe|1\n|-ability|p1a: Empoleon|Competitive|boost\n|-boost|p1a: Empoleon|spa|2\n|-damage|p1a: Empoleon|68\/100|[from] Stealth Rock\n|move|p2a: Snowy|Encore||[still]\n|-fail|p2a: Snowy\n|\n|-weather|Snow|[upkeep]\n|-damage|p2a: Snowy|3\/100 tox|[from] psn\n|-sideend|p2: VonBlossom|move: Aurora Veil\n|upkeep\n|turn|21\n|\n|t:|1700084526\n|move|p2a: Snowy|Blizzard|p1a: Empoleon\n|-resisted|p1a: Empoleon\n|-damage|p1a: Empoleon|62\/100\n|move|p1a: Empoleon|Swift|p2a: Snowy\n|-damage|p2a: Snowy|0 fnt\n|faint|p2a: Snowy\n|\n|-weather|Snow|[upkeep]\n|-sideend|p1: AaPilleri|move: Light Screen\n|upkeep\n|\n|t:|1700084538\n|switch|p2a: Comfey|Comfey, M, shiny|100\/100\n|turn|22\n|\n|t:|1700084566\n|move|p2a: Comfey|Calm Mind|p2a: Comfey\n|-boost|p2a: Comfey|spa|1\n|-boost|p2a: Comfey|spd|1\n|move|p1a: Empoleon|Roost|p1a: Empoleon\n|-heal|p1a: Empoleon|100\/100\n|-singleturn|p1a: Empoleon|move: Roost\n|\n|-weather|Snow|[upkeep]\n|upkeep\n|turn|23\n|\n|t:|1700084577\n|move|p2a: Comfey|Calm Mind|p2a: Comfey\n|-boost|p2a: Comfey|spa|1\n|-boost|p2a: Comfey|spd|1\n|move|p1a: Empoleon|Swift|p2a: Comfey\n|-damage|p2a: Comfey|84\/100\n|\n|-weather|none\n|upkeep\n|turn|24\n|\n|t:|1700084586\n|move|p2a: Comfey|Draining Kiss|p1a: Empoleon\n|-resisted|p1a: Empoleon\n|-damage|p1a: Empoleon|78\/100\n|-heal|p2a: Comfey|100\/100|[from] drain|[of] p1a: Empoleon\n|-damage|p2a: Comfey|91\/100|[from] item: Life Orb\n|move|p1a: Empoleon|Haze|p1a: Empoleon\n|-clearallboost\n|\n|upkeep\n|turn|25\n|\n|t:|1700084601\n|move|p1a: Empoleon|Rock Slide|p2a: Comfey\n|-damage|p2a: Comfey|71\/100\n|move|p2a: Comfey|Calm Mind|p2a: Comfey\n|-boost|p2a: Comfey|spa|1\n|-boost|p2a: Comfey|spd|1\n|\n|upkeep\n|turn|26\n|\n|t:|1700084609\n|move|p1a: Empoleon|Rock Slide|p2a: Comfey\n|-damage|p2a: Comfey|53\/100\n|move|p2a: Comfey|Stored Power|p1a: Empoleon\n|-resisted|p1a: Empoleon\n|-damage|p1a: Empoleon|65\/100\n|-damage|p2a: Comfey|44\/100|[from] item: Life Orb\n|\n|upkeep\n|turn|27\n|\n|t:|1700084618\n|move|p2a: Comfey|Draining Kiss|p1a: Empoleon\n|-resisted|p1a: Empoleon\n|-damage|p1a: Empoleon|46\/100\n|-heal|p2a: Comfey|58\/100|[from] drain|[of] p1a: Empoleon\n|-damage|p2a: Comfey|48\/100|[from] item: Life Orb\n|move|p1a: Empoleon|Rock Slide|p2a: Comfey\n|-damage|p2a: Comfey|28\/100\n|\n|upkeep\n|turn|28\n|\n|t:|1700084629\n|move|p1a: Empoleon|Haze|p1a: Empoleon\n|-clearallboost\n|move|p2a: Comfey|Calm Mind|p2a: Comfey\n|-boost|p2a: Comfey|spa|1\n|-boost|p2a: Comfey|spd|1\n|\n|upkeep\n|turn|29\n|\n|t:|1700084636\n|move|p1a: Empoleon|Roost|p1a: Empoleon\n|-heal|p1a: Empoleon|96\/100\n|-singleturn|p1a: Empoleon|move: Roost\n|move|p2a: Comfey|Calm Mind|p2a: Comfey\n|-boost|p2a: Comfey|spa|1\n|-boost|p2a: Comfey|spd|1\n|\n|upkeep\n|turn|30\n|\n|t:|1700084645\n|-terastallize|p2a: Comfey|Psychic\n|move|p1a: Empoleon|Haze|p1a: Empoleon\n|-clearallboost\n|move|p2a: Comfey|Stored Power|p1a: Empoleon\n|-resisted|p1a: Empoleon\n|-damage|p1a: Empoleon|81\/100\n|-damage|p2a: Comfey|18\/100|[from] item: Life Orb\n|\n|upkeep\n|turn|31\n|c|\u2606VonBlossom|FRR\n|\n|t:|1700084656\n|switch|p2a: Clefable|Clefable, F|100\/100\n|move|p1a: Empoleon|Rock Slide|p2a: Clefable\n|-damage|p2a: Clefable|85\/100\n|\n|-heal|p2a: Clefable|91\/100|[from] item: Leftovers\n|upkeep\n|turn|32\n|\n|t:|1700084667\n|move|p1a: Empoleon|Rock Slide|p2a: Clefable\n|-damage|p2a: Clefable|76\/100\n|move|p2a: Clefable|Calm Mind|p2a: Clefable\n|-boost|p2a: Clefable|spa|1\n|-boost|p2a: Clefable|spd|1\n|\n|-heal|p2a: Clefable|82\/100|[from] item: Leftovers\n|upkeep\n|turn|33\n|\n|t:|1700084677\n|move|p1a: Empoleon|Rock Slide|p2a: Clefable\n|-damage|p2a: Clefable|66\/100\n|move|p2a: Clefable|Calm Mind|p2a: Clefable\n|-boost|p2a: Clefable|spa|1\n|-boost|p2a: Clefable|spd|1\n|\n|-heal|p2a: Clefable|72\/100|[from] item: Leftovers\n|upkeep\n|turn|34\n|\n|t:|1700084686\n|move|p1a: Empoleon|Haze|p1a: Empoleon\n|-clearallboost\n|move|p2a: Clefable|Moonblast|p1a: Empoleon\n|-resisted|p1a: Empoleon\n|-damage|p1a: Empoleon|64\/100\n|-unboost|p1a: Empoleon|spa|1\n|-ability|p1a: Empoleon|Competitive|boost\n|-boost|p1a: Empoleon|spa|2\n|\n|-heal|p2a: Clefable|78\/100|[from] item: Leftovers\n|upkeep\n|turn|35\n|\n|t:|1700084699\n|move|p1a: Empoleon|Swift|p2a: Clefable\n|-damage|p2a: Clefable|64\/100\n|move|p2a: Clefable|Wish|p2a: Clefable\n|\n|-heal|p2a: Clefable|70\/100|[from] item: Leftovers\n|upkeep\n|turn|36\n|\n|t:|1700084714\n|move|p1a: Empoleon|Swift|p2a: Clefable\n|-damage|p2a: Clefable|55\/100\n|move|p2a: Clefable|Calm Mind|p2a: Clefable\n|-boost|p2a: Clefable|spa|1\n|-boost|p2a: Clefable|spd|1\n|\n|-heal|p2a: Clefable|100\/100|[from] move: Wish|[wisher] Clefable\n|upkeep\n|turn|37\n|\n|t:|1700084724\n|move|p1a: Empoleon|Haze|p1a: Empoleon\n|-clearallboost\n|move|p2a: Clefable|Moonblast|p1a: Empoleon\n|-resisted|p1a: Empoleon\n|-damage|p1a: Empoleon|46\/100\n|\n|upkeep\n|turn|38\n|\n|t:|1700084732\n|move|p1a: Empoleon|Roost|p1a: Empoleon\n|-heal|p1a: Empoleon|97\/100\n|-singleturn|p1a: Empoleon|move: Roost\n|move|p2a: Clefable|Calm Mind|p2a: Clefable\n|-boost|p2a: Clefable|spa|1\n|-boost|p2a: Clefable|spd|1\n|\n|upkeep\n|turn|39\n|\n|t:|1700084739\n|move|p1a: Empoleon|Haze|p1a: Empoleon\n|-clearallboost\n|move|p2a: Clefable|Moonblast|p1a: Empoleon\n|-resisted|p1a: Empoleon\n|-damage|p1a: Empoleon|81\/100\n|\n|upkeep\n|turn|40\n|\n|t:|1700084747\n|switch|p1a: H\u00fcseyin|Roserade, M|100\/100\n|-activate|p1a: H\u00fcseyin|move: Sticky Web\n|-unboost|p1a: H\u00fcseyin|spe|1\n|-damage|p1a: H\u00fcseyin|88\/100|[from] Stealth Rock\n|move|p2a: Clefable|Moonblast|p1a: H\u00fcseyin\n|-resisted|p1a: H\u00fcseyin\n|-damage|p1a: H\u00fcseyin|77\/100\n|\n|-heal|p1a: H\u00fcseyin|83\/100|[from] item: Black Sludge\n|upkeep\n|turn|41\n|\n|t:|1700084758\n|move|p2a: Clefable|Wish|p2a: Clefable\n|move|p1a: H\u00fcseyin|Toxic|p2a: Clefable\n|-status|p2a: Clefable|tox\n|\n|-heal|p1a: H\u00fcseyin|89\/100|[from] item: Black Sludge\n|-damage|p2a: Clefable|94\/100 tox|[from] psn\n|upkeep\n|turn|42\n|\n|t:|1700084767\n|switch|p2a: Comfey|Comfey, M, shiny, tera:Psychic|18\/100\n|move|p1a: H\u00fcseyin|Giga Drain|p2a: Comfey\n|-damage|p2a: Comfey|0 fnt\n|-heal|p1a: H\u00fcseyin|98\/100|[from] drain|[of] p2a: Comfey\n|faint|p2a: Comfey\n|\n|-heal|p1a: H\u00fcseyin|100\/100|[from] item: Black Sludge\n|upkeep\n|inactive|VonBlossom has 120 seconds left.\n|\n|t:|1700084821\n|switch|p2a: Solgaleo|Solgaleo|100\/100\n|turn|43\n|\n|t:|1700084847\n|move|p2a: Solgaleo|Earthquake|p1a: H\u00fcseyin\n|-damage|p1a: H\u00fcseyin|44\/100\n|move|p1a: H\u00fcseyin|Sleep Powder|p2a: Solgaleo\n|-status|p2a: Solgaleo|slp|[from] move: Sleep Powder\n|\n|-heal|p1a: H\u00fcseyin|50\/100|[from] item: Black Sludge\n|upkeep\n|turn|44\n|\n|t:|1700084857\n|cant|p2a: Solgaleo|slp\n|move|p1a: H\u00fcseyin|Nightmare|p2a: Solgaleo\n|-start|p2a: Solgaleo|Nightmare\n|\n|-heal|p1a: H\u00fcseyin|56\/100|[from] item: Black Sludge\n|-damage|p2a: Solgaleo|76\/100 slp|[from] Nightmare\n|upkeep\n|turn|45\n|\n|t:|1700084867\n|-curestatus|p2a: Solgaleo|slp|[msg]\n|-end|p2a: Solgaleo|Nightmare|[silent]\n|move|p2a: Solgaleo|Earthquake|p1a: H\u00fcseyin\n|-damage|p1a: H\u00fcseyin|0 fnt\n|faint|p1a: H\u00fcseyin\n|\n|upkeep\n|\n|t:|1700084876\n|switch|p1a: Fare|Luxray, M|88\/100\n|-damage|p1a: Fare|76\/100|[from] Stealth Rock\n|-ability|p1a: Fare|Intimidate|boost\n|-fail|p2a: Solgaleo|unboost|[from] ability: Full Metal Body|[of] p2a: Solgaleo\n|-item|p1a: Fare|Air Balloon\n|turn|46\n|inactive|VonBlossom has 120 seconds left.\n|\n|t:|1700084897\n|move|p2a: Solgaleo|Earthquake|p1a: Fare\n|-immune|p1a: Fare\n|move|p1a: Fare|Light Screen|p1a: Fare\n|-sidestart|p1: AaPilleri|move: Light Screen\n|\n|upkeep\n|turn|47\n|\n|t:|1700084906\n|move|p2a: Solgaleo|Sunsteel Strike|p1a: Fare\n|-resisted|p1a: Fare\n|-damage|p1a: Fare|42\/100\n|-enditem|p1a: Fare|Air Balloon\n|move|p1a: Fare|Wild Charge|p2a: Solgaleo\n|-damage|p2a: Solgaleo|46\/100\n|-damage|p1a: Fare|34\/100|[from] Recoil\n|\n|upkeep\n|turn|48\n|\n|t:|1700084918\n|-terastallize|p1a: Fare|Fairy\n|move|p2a: Solgaleo|Earthquake|p1a: Fare\n|-damage|p1a: Fare|0 fnt\n|faint|p1a: Fare\n|\n|upkeep\n|\n|t:|1700084925\n|switch|p1a: Fas\u00fclye|Garchomp-Mega, M|100\/100\n|-activate|p1a: Fas\u00fclye|move: Sticky Web\n|-unboost|p1a: Fas\u00fclye|spe|1\n|-damage|p1a: Fas\u00fclye|94\/100|[from] Stealth Rock\n|turn|49\n|inactive|VonBlossom has 120 seconds left.\n|\n|t:|1700084933\n|switch|p2a: Clefable|Clefable, F|94\/100 tox\n|move|p1a: Fas\u00fclye|Swords Dance|p1a: Fas\u00fclye\n|-boost|p1a: Fas\u00fclye|atk|2\n|\n|-heal|p2a: Clefable|100\/100 tox|[from] item: Leftovers\n|-damage|p2a: Clefable|94\/100 tox|[from] psn\n|upkeep\n|turn|50\n|inactive|VonBlossom has 120 seconds left.\n|\n|t:|1700084947\n|move|p1a: Fas\u00fclye|Earthquake|p2a: Clefable\n|-damage|p2a: Clefable|51\/100 tox\n|move|p2a: Clefable|Moonblast|p1a: Fas\u00fclye\n|-supereffective|p1a: Fas\u00fclye\n|-damage|p1a: Fas\u00fclye|65\/100\n|\n|-heal|p2a: Clefable|57\/100 tox|[from] item: Leftovers\n|-damage|p2a: Clefable|45\/100 tox|[from] psn\n|-sideend|p1: AaPilleri|move: Light Screen\n|upkeep\n|turn|51\n|inactive|VonBlossom has 120 seconds left.\n|\n|t:|1700084958\n|move|p1a: Fas\u00fclye|Swords Dance|p1a: Fas\u00fclye\n|-boost|p1a: Fas\u00fclye|atk|2\n|move|p2a: Clefable|Wish|p2a: Clefable\n|\n|-heal|p2a: Clefable|51\/100 tox|[from] item: Leftovers\n|-damage|p2a: Clefable|32\/100 tox|[from] psn\n|upkeep\n|turn|52\n|\n|t:|1700084967\n|switch|p2a: Solgaleo|Solgaleo|46\/100\n|move|p1a: Fas\u00fclye|Earthquake|p2a: Solgaleo\n|-supereffective|p2a: Solgaleo\n|-damage|p2a: Solgaleo|0 fnt\n|faint|p2a: Solgaleo\n|\n|upkeep\n|\n|t:|1700084975\n|switch|p2a: Clefable|Clefable, F|32\/100 tox\n|turn|53\n|\n|t:|1700084980\n|move|p1a: Fas\u00fclye|Earthquake|p2a: Clefable\n|-damage|p2a: Clefable|0 fnt\n|faint|p2a: Clefable\n|\n|upkeep\n|\n|t:|1700084985\n|switch|p2a: Nebby|Lunala|100\/100\n|turn|54\n|\n|t:|1700085004\n|move|p2a: Nebby|Moonblast|p1a: Fas\u00fclye\n|-supereffective|p1a: Fas\u00fclye\n|-damage|p1a: Fas\u00fclye|9\/100\n|move|p1a: Fas\u00fclye|Earthquake|p2a: Nebby\n|-damage|p2a: Nebby|33\/100\n|\n|upkeep\n|turn|55\n|\n|t:|1700085019\n|switch|p1a: Empoleon|Empoleon, F|81\/100\n|-activate|p1a: Empoleon|move: Sticky Web\n|-unboost|p1a: Empoleon|spe|1\n|-ability|p1a: Empoleon|Competitive|boost\n|-boost|p1a: Empoleon|spa|2\n|-damage|p1a: Empoleon|75\/100|[from] Stealth Rock\n|move|p2a: Nebby|Moonblast|p1a: Empoleon\n|-resisted|p1a: Empoleon\n|-damage|p1a: Empoleon|56\/100\n|\n|upkeep\n|turn|56\n|\n|t:|1700085033\n|move|p2a: Nebby|Moonlight|p2a: Nebby\n|-heal|p2a: Nebby|82\/100\n|move|p1a: Empoleon|Rock Slide|p2a: Nebby\n|-damage|p2a: Nebby|64\/100\n|\n|upkeep\n|turn|57\n|\n|t:|1700085042\n|move|p2a: Nebby|Moongeist Beam|p1a: Empoleon\n|-damage|p1a: Empoleon|0 fnt\n|faint|p1a: Empoleon\n|\n|upkeep\n|\n|t:|1700085047\n|switch|p1a: Fas\u00fclye|Garchomp-Mega, M|9\/100\n|-activate|p1a: Fas\u00fclye|move: Sticky Web\n|-unboost|p1a: Fas\u00fclye|spe|1\n|-damage|p1a: Fas\u00fclye|3\/100|[from] Stealth Rock\n|turn|58\n|\n|t:|1700085058\n|move|p2a: Nebby|Moonlight|p2a: Nebby\n|-heal|p2a: Nebby|100\/100\n|move|p1a: Fas\u00fclye|Fire Fang|p2a: Nebby\n|-crit|p2a: Nebby\n|-damage|p2a: Nebby|83\/100\n|-status|p2a: Nebby|brn\n|\n|-damage|p2a: Nebby|77\/100 brn|[from] brn\n|upkeep\n|turn|59\n|\n|t:|1700085069\n|move|p2a: Nebby|Moonblast|p1a: Fas\u00fclye\n|-supereffective|p1a: Fas\u00fclye\n|-damage|p1a: Fas\u00fclye|0 fnt\n|faint|p1a: Fas\u00fclye\n|\n|win|VonBlossom\n|raw|AaPilleri's rating: 1022 &rarr; <strong>1012<\/strong><br \/>(-10 for losing)\n|raw|VonBlossom's rating: 1099 &rarr; <strong>1119<\/strong><br \/>(+20 for winning)\n|l|\u2606AaPilleri\n|c|\u2606VonBlossom|Gg good ba5tle\n|c|\u2606VonBlossom|Battle*\n","uploadtime":1700085093,"views":14,"p1id":"aapilleri","p2id":"vonblossom","formatid":"gen9nationaldexubers","rating":1012,"private":0,"password":""}