{"id":"gen9nationaldexubers-1993822058","p1":"Rhyfinn08","p2":"Vibraphonic","format":"[Gen 9] National Dex Ubers","log":"|j|\u2606Rhyfinn08\n|j|\u2606Vibraphonic\n|t:|1700361530\n|gametype|singles\n|player|p1|Rhyfinn08|ninjaboy|1185\n|player|p2|Vibraphonic|camper|1319\n|teamsize|p1|6\n|teamsize|p2|6\n|gen|9\n|tier|[Gen 9] National Dex Ubers\n|rated|\n|rule|HP Percentage Mod: HP is shown in percentages\n|rule|Endless Battle Clause: Forcing endless battles is banned\n|rule|OHKO Clause: OHKO moves are banned\n|rule|Evasion Moves Clause: Evasion moves are banned\n|rule|Evasion Items Clause: Evasion items are banned\n|rule|Species Clause: Limit one of each Pok\u00e9mon\n|rule|Sleep Clause Mod: Limit one foe put to sleep\n|rule|Mega Rayquaza Clause: You cannot mega evolve Rayquaza\n|clearpoke\n|poke|p1|Xerneas-*|\n|poke|p1|Marshadow|\n|poke|p1|Groudon|\n|poke|p1|Deoxys-Speed|\n|poke|p1|Necrozma-Dusk-Mane|\n|poke|p1|Pheromosa|\n|poke|p2|Groudon|\n|poke|p2|Ho-Oh|\n|poke|p2|Yveltal|\n|poke|p2|Xerneas-*|\n|poke|p2|Necrozma-Dusk-Mane|\n|poke|p2|Palkia-Origin|\n|teampreview\n|inactive|Battle timer is ON: inactive players will automatically lose when time's up. (requested by Rhyfinn08)\n|\n|t:|1700361544\n|start\n|switch|p1a: Deoxys|Deoxys-Speed, shiny|100\/100\n|switch|p2a: Yvltl|Yveltal|100\/100\n|-ability|p1a: Deoxys|Pressure\n|-ability|p2a: Yvltl|Dark Aura\n|turn|1\n|\n|t:|1700361552\n|move|p1a: Deoxys|Stealth Rock|p2a: Yvltl\n|-sidestart|p2: Vibraphonic|move: Stealth Rock\n|move|p2a: Yvltl|Dark Pulse|p1a: Deoxys\n|-supereffective|p1a: Deoxys\n|-enditem|p1a: Deoxys|Focus Sash\n|-damage|p1a: Deoxys|1\/100\n|-damage|p2a: Yvltl|91\/100|[from] item: Life Orb\n|\n|upkeep\n|turn|2\n|\n|t:|1700361559\n|move|p1a: Deoxys|Spikes|p2a: Yvltl\n|-sidestart|p2: Vibraphonic|Spikes\n|move|p2a: Yvltl|Taunt|p1a: Deoxys\n|-start|p1a: Deoxys|move: Taunt\n|\n|upkeep\n|turn|3\n|\n|t:|1700361563\n|-activate|p1a: Deoxys|move: Struggle\n|move|p1a: Deoxys|Struggle|p2a: Yvltl\n|-damage|p2a: Yvltl|82\/100\n|-damage|p1a: Deoxys|0 fnt|[from] recoil\n|faint|p1a: Deoxys\n|move|p2a: Yvltl|Oblivion Wing|p1: Deoxys|[notarget]\n|-fail|p2a: Yvltl\n|\n|upkeep\n|\n|t:|1700361575\n|switch|p1a: Pheromosa|Pheromosa, shiny|100\/100\n|turn|4\n|\n|t:|1700361578\n|switch|p2a: Ho-Ho|Ho-Oh, shiny|100\/100\n|move|p1a: Pheromosa|Ice Beam|p2a: Ho-Ho\n|-damage|p2a: Ho-Ho|79\/100\n|-damage|p1a: Pheromosa|91\/100|[from] item: Life Orb\n|\n|upkeep\n|turn|5\n|\n|t:|1700361584\n|switch|p1a: Xerneas|Xerneas|100\/100\n|-ability|p1a: Xerneas|Fairy Aura\n|move|p2a: Ho-Ho|Defog|p1a: Xerneas\n|-unboost|p1a: Xerneas|evasion|1\n|-sideend|p2: Vibraphonic|Spikes|[from] move: Defog|[of] p2a: Ho-Ho\n|-sideend|p2: Vibraphonic|Stealth Rock|[from] move: Defog|[of] p2a: Ho-Ho\n|\n|upkeep\n|turn|6\n|\n|t:|1700361592\n|move|p1a: Xerneas|Geomancy||[still]\n|-prepare|p1a: Xerneas|Geomancy\n|-enditem|p1a: Xerneas|Power Herb\n|-anim|p1a: Xerneas|Geomancy|p1a: Xerneas\n|-boost|p1a: Xerneas|spa|2\n|-boost|p1a: Xerneas|spd|2\n|-boost|p1a: Xerneas|spe|2\n|move|p2a: Ho-Ho|Whirlwind|p1a: Xerneas\n|drag|p1a: Necrozma|Necrozma-Dusk-Mane, shiny|100\/100\n|\n|upkeep\n|turn|7\n|\n|t:|1700361600\n|switch|p2a: Groundon|Groudon, shiny|100\/100\n|detailschange|p2a: Groundon|Groudon-Primal, shiny\n|-primal|p2a: Groundon|Red Orb\n|-weather|DesolateLand|[from] ability: Desolate Land|[of] p2a: Groundon\n|move|p1a: Necrozma|Dragon Dance|p1a: Necrozma\n|-boost|p1a: Necrozma|atk|1\n|-boost|p1a: Necrozma|spe|1\n|\n|-weather|DesolateLand|[upkeep]\n|upkeep\n|turn|8\n|\n|t:|1700361610\n|detailschange|p1a: Necrozma|Necrozma-Ultra, shiny\n|-burst|p1a: Necrozma|Necrozma|Ultranecrozium Z\n|move|p1a: Necrozma|Earthquake|p2a: Groundon\n|-supereffective|p2a: Groundon\n|-damage|p2a: Groundon|21\/100\n|move|p2a: Groundon|Precipice Blades|p1a: Necrozma\n|-damage|p1a: Necrozma|26\/100\n|\n|-weather|DesolateLand|[upkeep]\n|upkeep\n|turn|9\n|\n|t:|1700361619\n|move|p1a: Necrozma|Earthquake|p2a: Groundon\n|-supereffective|p2a: Groundon\n|-damage|p2a: Groundon|0 fnt\n|faint|p2a: Groundon\n|-weather|none\n|\n|upkeep\n|\n|t:|1700361645\n|switch|p2a: Ho-Ho|Ho-Oh, shiny|100\/100\n|turn|10\n|\n|t:|1700361649\n|-zpower|p1a: Necrozma\n|move|p1a: Necrozma|Light That Burns the Sky|p2a: Ho-Ho|[zeffect]\n|-damage|p2a: Ho-Ho|0 fnt\n|faint|p2a: Ho-Ho\n|\n|upkeep\n|\n|t:|1700361655\n|switch|p2a: Yvltl|Yveltal|82\/100\n|-ability|p2a: Yvltl|Dark Aura\n|turn|11\n|\n|t:|1700361660\n|move|p2a: Yvltl|Sucker Punch|p1a: Necrozma\n|-supereffective|p1a: Necrozma\n|-damage|p1a: Necrozma|0 fnt\n|faint|p1a: Necrozma\n|-damage|p2a: Yvltl|73\/100|[from] item: Life Orb\n|\n|upkeep\n|\n|t:|1700361665\n|switch|p1a: Pheromosa|Pheromosa, shiny|91\/100\n|turn|12\n|\n|t:|1700361681\n|move|p1a: Pheromosa|Ice Beam|p2a: Yvltl\n|-supereffective|p2a: Yvltl\n|-damage|p2a: Yvltl|0 fnt\n|faint|p2a: Yvltl\n|-ability|p1a: Pheromosa|Beast Boost|boost\n|-boost|p1a: Pheromosa|spe|1\n|-damage|p1a: Pheromosa|81\/100|[from] item: Life Orb\n|\n|upkeep\n|\n|t:|1700361692\n|switch|p2a: Necrozpa|Necrozma-Dusk-Mane|100\/100\n|turn|13\n|\n|t:|1700361706\n|move|p1a: Pheromosa|Taunt|p2a: Necrozpa\n|-start|p2a: Necrozpa|move: Taunt\n|move|p2a: Necrozpa|Photon Geyser|p1a: Pheromosa\n|-supereffective|p1a: Pheromosa\n|-damage|p1a: Pheromosa|0 fnt\n|faint|p1a: Pheromosa\n|\n|upkeep\n|\n|t:|1700361710\n|switch|p1a: Groudon|Groudon, shiny|100\/100\n|detailschange|p1a: Groudon|Groudon-Primal, shiny\n|-primal|p1a: Groudon|Red Orb\n|-weather|DesolateLand|[from] ability: Desolate Land|[of] p1a: Groudon\n|turn|14\n|\n|t:|1700361720\n|switch|p2a: HONSE|Palkia-Origin|100\/100\n|-ability|p2a: HONSE|Pressure\n|move|p1a: Groudon|Rock Polish|p1a: Groudon\n|-boost|p1a: Groudon|spe|2\n|\n|-weather|DesolateLand|[upkeep]\n|upkeep\n|turn|15\n|\n|t:|1700361730\n|move|p1a: Groudon|Earth Power|p2a: HONSE\n|-damage|p2a: HONSE|50\/100\n|move|p2a: HONSE|Spacial Rend|p1a: Groudon\n|-damage|p1a: Groudon|25\/100\n|\n|-weather|DesolateLand|[upkeep]\n|upkeep\n|turn|16\n|\n|t:|1700361735\n|move|p1a: Groudon|Earth Power|p2a: HONSE\n|-damage|p2a: HONSE|0 fnt\n|faint|p2a: HONSE\n|\n|-weather|DesolateLand|[upkeep]\n|upkeep\n|\n|t:|1700361740\n|switch|p2a: Necrozpa|Necrozma-Dusk-Mane|100\/100\n|turn|17\n|\n|t:|1700361745\n|-terastallize|p2a: Necrozpa|Water\n|move|p1a: Groudon|Flamethrower|p2a: Necrozpa\n|-resisted|p2a: Necrozpa\n|-damage|p2a: Necrozpa|74\/100\n|-status|p2a: Necrozpa|brn\n|move|p2a: Necrozpa|Photon Geyser|p1a: Groudon\n|-damage|p1a: Groudon|9\/100\n|\n|-weather|DesolateLand|[upkeep]\n|-heal|p2a: Necrozpa|80\/100 brn|[from] item: Leftovers\n|-damage|p2a: Necrozpa|74\/100 brn|[from] brn\n|upkeep\n|turn|18\n|\n|t:|1700361759\n|move|p1a: Groudon|Solar Beam||[still]\n|-prepare|p1a: Groudon|Solar Beam\n|-anim|p1a: Groudon|Solar Beam|p2a: Necrozpa\n|-supereffective|p2a: Necrozpa\n|-damage|p2a: Necrozpa|23\/100 brn\n|move|p2a: Necrozpa|Photon Geyser|p1a: Groudon\n|-damage|p1a: Groudon|0 fnt\n|faint|p1a: Groudon\n|-weather|none\n|\n|-heal|p2a: Necrozpa|29\/100 brn|[from] item: Leftovers\n|-damage|p2a: Necrozpa|23\/100 brn|[from] brn\n|upkeep\n|\n|t:|1700361770\n|switch|p1a: Xerneas|Xerneas|100\/100\n|-ability|p1a: Xerneas|Fairy Aura\n|turn|19\n|\n|t:|1700361784\n|-terastallize|p1a: Xerneas|Fire\n|move|p1a: Xerneas|Geomancy||[still]\n|-prepare|p1a: Xerneas|Geomancy\n|move|p2a: Necrozpa|Sunsteel Strike|p1a: Xerneas\n|-resisted|p1a: Xerneas\n|-damage|p1a: Xerneas|90\/100\n|\n|-heal|p2a: Necrozpa|29\/100 brn|[from] item: Leftovers\n|-damage|p2a: Necrozpa|23\/100 brn|[from] brn\n|upkeep\n|turn|20\n|\n|t:|1700361794\n|move|p1a: Xerneas|Geomancy|p1a: Xerneas|[from]lockedmove\n|-boost|p1a: Xerneas|spa|2\n|-boost|p1a: Xerneas|spd|2\n|-boost|p1a: Xerneas|spe|2\n|move|p2a: Necrozpa|Photon Geyser|p1a: Xerneas\n|-damage|p1a: Xerneas|67\/100\n|\n|-heal|p2a: Necrozpa|29\/100 brn|[from] item: Leftovers\n|-damage|p2a: Necrozpa|23\/100 brn|[from] brn\n|upkeep\n|turn|21\n|\n|t:|1700361805\n|move|p1a: Xerneas|Moonblast|p2a: Necrozpa\n|-damage|p2a: Necrozpa|0 fnt\n|faint|p2a: Necrozpa\n|\n|upkeep\n|\n|t:|1700361809\n|switch|p2a: John Deere|Xerneas|100\/100\n|-ability|p2a: John Deere|Fairy Aura\n|turn|22\n|\n|t:|1700361814\n|move|p1a: Xerneas|Moonblast|p2a: John Deere\n|-damage|p2a: John Deere|0 fnt\n|faint|p2a: John Deere\n|\n|win|Rhyfinn08\n|raw|Rhyfinn08's rating: 1185 &rarr; <strong>1219<\/strong><br \/>(+34 for winning)\n|raw|Vibraphonic's rating: 1319 &rarr; <strong>1292<\/strong><br \/>(-27 for losing)\n|l|\u2606Vibraphonic\n","uploadtime":1700361820,"views":6,"p1id":"rhyfinn08","p2id":"vibraphonic","formatid":"gen9nationaldexubers","rating":1219,"private":0,"password":""}