{"id":"gen9nationaldexubers-1992719581","p1":"Crimsonnnnnn","p2":"WishesArePure","format":"[Gen 9] National Dex Ubers","log":"|j|\u2606Crimsonnnnnn\n|j|\u2606WishesArePure\n|t:|1700228880\n|gametype|singles\n|player|p1|Crimsonnnnnn|bellelba|1202\n|player|p2|WishesArePure|whitney|1165\n|teamsize|p1|6\n|teamsize|p2|6\n|gen|9\n|tier|[Gen 9] National Dex Ubers\n|rated|\n|rule|HP Percentage Mod: HP is shown in percentages\n|rule|Endless Battle Clause: Forcing endless battles is banned\n|rule|OHKO Clause: OHKO moves are banned\n|rule|Evasion Moves Clause: Evasion moves are banned\n|rule|Evasion Items Clause: Evasion items are banned\n|rule|Species Clause: Limit one of each Pok\u00e9mon\n|rule|Sleep Clause Mod: Limit one foe put to sleep\n|rule|Mega Rayquaza Clause: You cannot mega evolve Rayquaza\n|clearpoke\n|poke|p1|Marshadow|\n|poke|p1|Chien-Pao|\n|poke|p1|Deoxys-Speed|\n|poke|p1|Kyurem-Black|\n|poke|p1|Zacian-*|\n|poke|p1|Arceus-Fire|\n|poke|p2|Lucario, M|\n|poke|p2|Lunala|\n|poke|p2|Breloom, M|\n|poke|p2|Goodra-Hisui, M|\n|poke|p2|Sylveon, M|\n|poke|p2|Yveltal|\n|teampreview\n|inactive|Battle timer is ON: inactive players will automatically lose when time's up. (requested by WishesArePure)\n|\n|t:|1700228904\n|start\n|switch|p1a: Deoxys|Deoxys-Speed|100\/100\n|switch|p2a: Paw|Lucario, M, shiny|100\/100\n|-ability|p1a: Deoxys|Pressure\n|turn|1\n|\n|t:|1700228916\n|detailschange|p2a: Paw|Lucario-Mega, M, shiny\n|-mega|p2a: Paw|Lucario|Lucarionite\n|move|p2a: Paw|Bullet Punch|p1a: Deoxys\n|-damage|p1a: Deoxys|66\/100\n|move|p1a: Deoxys|Taunt|p2a: Paw\n|-start|p2a: Paw|move: Taunt\n|\n|upkeep\n|turn|2\n|\n|t:|1700228925\n|move|p1a: Deoxys|Stealth Rock|p2a: Paw\n|-sidestart|p2: WishesArePure|move: Stealth Rock\n|move|p2a: Paw|Meteor Mash|p1a: Deoxys\n|-damage|p1a: Deoxys|0 fnt\n|faint|p1a: Deoxys\n|\n|upkeep\n|\n|t:|1700228934\n|switch|p1a: Marshadow|Marshadow|100\/100\n|turn|3\n|\n|t:|1700228950\n|move|p1a: Marshadow|Swagger|p2a: Paw\n|-boost|p2a: Paw|atk|2\n|-enditem|p1a: Marshadow|Mirror Herb\n|-boost|p1a: Marshadow|atk|2|[from] item: Mirror Herb\n|-start|p2a: Paw|confusion\n|-activate|p2a: Paw|confusion\n|-damage|p2a: Paw|61\/100|[from] confusion\n|\n|upkeep\n|turn|4\n|\n|t:|1700228963\n|-terastallize|p1a: Marshadow|Ghost\n|-end|p2a: Paw|confusion\n|move|p2a: Paw|Bullet Punch|p1a: Marshadow\n|-damage|p1a: Marshadow|27\/100\n|move|p1a: Marshadow|Spectral Thief||[still]\n|-clearpositiveboost|p2a: Paw|p1a: Marshadow|move: Spectral Thief\n|-boost|p1a: Marshadow|atk|2\n|-anim|p1a: Marshadow|Spectral Thief|p2a: Paw\n|-damage|p2a: Paw|0 fnt\n|faint|p2a: Paw\n|\n|upkeep\n|\n|t:|1700228971\n|switch|p2a: Yveltal|Yveltal|100\/100\n|-damage|p2a: Yveltal|76\/100|[from] Stealth Rock\n|-ability|p2a: Yveltal|Dark Aura\n|turn|5\n|\n|t:|1700228982\n|move|p2a: Yveltal|Sucker Punch|p1a: Marshadow\n|-supereffective|p1a: Marshadow\n|-damage|p1a: Marshadow|0 fnt\n|faint|p1a: Marshadow\n|-damage|p2a: Yveltal|66\/100|[from] item: Life Orb\n|\n|upkeep\n|\n|t:|1700228986\n|switch|p1a: Zacian|Zacian-Crowned|100\/100\n|-ability|p1a: Zacian|Intrepid Sword|boost\n|-boost|p1a: Zacian|atk|1\n|turn|6\n|\n|t:|1700229002\n|switch|p2a: Goodra|Goodra-Hisui, M|100\/100\n|-damage|p2a: Goodra|94\/100|[from] Stealth Rock\n|move|p1a: Zacian|Swords Dance|p1a: Zacian\n|-boost|p1a: Zacian|atk|2\n|\n|upkeep\n|turn|7\n|\n|t:|1700229017\n|-terastallize|p2a: Goodra|Steel\n|move|p1a: Zacian|Behemoth Blade|p2a: Goodra\n|-resisted|p2a: Goodra\n|-damage|p2a: Goodra|26\/100\n|-ability|p2a: Goodra|Gooey\n|-unboost|p1a: Zacian|spe|1\n|move|p2a: Goodra|Flamethrower|p1a: Zacian\n|-supereffective|p1a: Zacian\n|-damage|p1a: Zacian|46\/100\n|\n|upkeep\n|turn|8\n|\n|t:|1700229027\n|move|p1a: Zacian|Behemoth Blade|p2a: Goodra\n|-resisted|p2a: Goodra\n|-damage|p2a: Goodra|0 fnt\n|-ability|p2a: Goodra|Gooey\n|-unboost|p1a: Zacian|spe|1\n|faint|p2a: Goodra\n|\n|upkeep\n|c|\u2606Crimsonnnnnn|bruh\n|c|\u2606Crimsonnnnnn|hate that ability\n|\n|t:|1700229049\n|switch|p2a: Yveltal|Yveltal|66\/100\n|-damage|p2a: Yveltal|41\/100|[from] Stealth Rock\n|-ability|p2a: Yveltal|Dark Aura\n|turn|9\n|\n|t:|1700229063\n|move|p2a: Yveltal|Oblivion Wing|p1a: Zacian\n|-resisted|p1a: Zacian\n|-damage|p1a: Zacian|20\/100\n|-heal|p2a: Yveltal|56\/100|[from] drain|[of] p1a: Zacian\n|-damage|p2a: Yveltal|47\/100|[from] item: Life Orb\n|move|p1a: Zacian|Wild Charge|p2a: Yveltal\n|-supereffective|p2a: Yveltal\n|-damage|p2a: Yveltal|0 fnt\n|faint|p2a: Yveltal\n|-damage|p1a: Zacian|6\/100|[from] Recoil\n|\n|upkeep\n|\n|t:|1700229073\n|switch|p2a: Breloom|Breloom, M|100\/100\n|-damage|p2a: Breloom|94\/100|[from] Stealth Rock\n|turn|10\n|c|\u2606WishesArePure|don't complain\n|\n|t:|1700229097\n|move|p2a: Breloom|Mach Punch|p1a: Zacian\n|-damage|p1a: Zacian|0 fnt\n|faint|p1a: Zacian\n|\n|-status|p2a: Breloom|tox|[from] item: Toxic Orb\n|upkeep\n|c|\u2606WishesArePure|zacian moment\n|\n|t:|1700229107\n|switch|p1a: Arceus|Arceus-Fire|100\/100\n|turn|11\n|\n|t:|1700229121\n|move|p1a: Arceus|Calm Mind|p1a: Arceus\n|-boost|p1a: Arceus|spa|1\n|-boost|p1a: Arceus|spd|1\n|move|p2a: Breloom|Spore|p1a: Arceus\n|-status|p1a: Arceus|slp|[from] move: Spore\n|\n|-heal|p2a: Breloom|100\/100 tox|[from] ability: Poison Heal\n|upkeep\n|turn|12\n|\n|t:|1700229126\n|cant|p1a: Arceus|slp\n|move|p2a: Breloom|Swords Dance|p2a: Breloom\n|-boost|p2a: Breloom|atk|2\n|\n|upkeep\n|turn|13\n|c|\u2606Crimsonnnnnn|waw\n|\n|t:|1700229132\n|cant|p1a: Arceus|slp\n|move|p2a: Breloom|Drain Punch|p1a: Arceus\n|-damage|p1a: Arceus|37\/100 slp\n|\n|upkeep\n|turn|14\n|\n|t:|1700229138\n|move|p2a: Breloom|Mach Punch|p1a: Arceus\n|-damage|p1a: Arceus|0 fnt\n|faint|p1a: Arceus\n|\n|upkeep\n|\n|t:|1700229142\n|switch|p1a: Kyurem|Kyurem-Black|100\/100\n|-ability|p1a: Kyurem|Teravolt\n|turn|15\n|\n|t:|1700229153\n|move|p2a: Breloom|Mach Punch|p1a: Kyurem\n|-supereffective|p1a: Kyurem\n|-damage|p1a: Kyurem|23\/100\n|move|p1a: Kyurem|Icicle Spear|p2a: Breloom\n|-supereffective|p2a: Breloom\n|-damage|p2a: Breloom|55\/100 tox\n|-supereffective|p2a: Breloom\n|-damage|p2a: Breloom|12\/100 tox\n|-supereffective|p2a: Breloom\n|-damage|p2a: Breloom|0 fnt\n|faint|p2a: Breloom\n|-hitcount|p2: Breloom|3\n|\n|upkeep\n|\n|t:|1700229162\n|switch|p2a: Lunala|Lunala|100\/100\n|-damage|p2a: Lunala|88\/100|[from] Stealth Rock\n|turn|16\n|\n|t:|1700229179\n|move|p2a: Lunala|Moonblast|p1a: Kyurem\n|-supereffective|p1a: Kyurem\n|-damage|p1a: Kyurem|0 fnt\n|faint|p1a: Kyurem\n|\n|upkeep\n|\n|t:|1700229181\n|switch|p1a: Chien-Pao|Chien-Pao|100\/100\n|-ability|p1a: Chien-Pao|Sword of Ruin\n|turn|17\n|\n|t:|1700229193\n|move|p1a: Chien-Pao|Swords Dance|p1a: Chien-Pao\n|-boost|p1a: Chien-Pao|atk|2\n|move|p2a: Lunala|Meteor Beam||[still]\n|-prepare|p2a: Lunala|Meteor Beam\n|-boost|p2a: Lunala|spa|1\n|-enditem|p2a: Lunala|Power Herb\n|-anim|p2a: Lunala|Meteor Beam|p1a: Chien-Pao\n|-supereffective|p1a: Chien-Pao\n|-damage|p1a: Chien-Pao|0 fnt\n|faint|p1a: Chien-Pao\n|\n|win|WishesArePure\n|raw|Crimsonnnnnn's rating: 1202 &rarr; <strong>1174<\/strong><br \/>(-28 for losing)\n|raw|WishesArePure's rating: 1165 &rarr; <strong>1193<\/strong><br \/>(+28 for winning)\n|c|\u2606Crimsonnnnnn|gg\n|l|\u2606Crimsonnnnnn\n|c|\u2606WishesArePure|gg\n","uploadtime":1700229229,"views":7,"p1id":"crimsonnnnnn","p2id":"wishesarepure","formatid":"gen9nationaldexubers","rating":1174,"private":0,"password":""}