{"id":"gen9nationaldexubers-1986080821","p1":"Rhyfinn sr.","p2":"Ducman501","format":"[Gen 9] National Dex Ubers","log":"|j|\u2606Rhyfinn sr.\n|j|\u2606Ducman501\n|t:|1699447888\n|gametype|singles\n|player|p1|Rhyfinn sr.|alder|1067\n|player|p2|Ducman501|kieran|1000\n|teamsize|p1|6\n|teamsize|p2|6\n|gen|9\n|tier|[Gen 9] National Dex Ubers\n|rated|\n|rule|HP Percentage Mod: HP is shown in percentages\n|rule|Endless Battle Clause: Forcing endless battles is banned\n|rule|OHKO Clause: OHKO moves are banned\n|rule|Evasion Moves Clause: Evasion moves are banned\n|rule|Evasion Items Clause: Evasion items are banned\n|rule|Species Clause: Limit one of each Pok\u00e9mon\n|rule|Sleep Clause Mod: Limit one foe put to sleep\n|rule|Mega Rayquaza Clause: You cannot mega evolve Rayquaza\n|clearpoke\n|poke|p1|Groudon|\n|poke|p1|Ho-Oh|\n|poke|p1|Xerneas-*|\n|poke|p1|Marshadow|\n|poke|p1|Urshifu-*, F|\n|poke|p1|Necrozma-Dusk-Mane|\n|poke|p2|Deoxys-Speed|\n|poke|p2|Genesect-Douse|\n|poke|p2|Kartana|\n|poke|p2|Necrozma-Dusk-Mane|\n|poke|p2|Blaziken, M|\n|poke|p2|Ogerpon, F|\n|teampreview\n|inactive|Battle timer is ON: inactive players will automatically lose when time's up. (requested by Rhyfinn sr.)\n|\n|t:|1699447910\n|start\n|switch|p1a: Urshifu|Urshifu, F|100\/100\n|switch|p2a: Phil|Deoxys-Speed, shiny|100\/100\n|-ability|p2a: Phil|Pressure\n|turn|1\n|c|\u2606Ducman501|Love how Mega Rayquaza has its own clause\n|\n|t:|1699447921\n|move|p2a: Phil|Stealth Rock|p1a: Urshifu\n|-sidestart|p1: Rhyfinn sr.|move: Stealth Rock\n|move|p1a: Urshifu|Wicked Blow|p2a: Phil\n|-supereffective|p2a: Phil\n|-crit|p2a: Phil\n|-enditem|p2a: Phil|Focus Sash\n|-damage|p2a: Phil|1\/100\n|\n|upkeep\n|turn|2\n|\n|t:|1699447928\n|move|p2a: Phil|Superpower|p1a: Urshifu\n|-supereffective|p1a: Urshifu\n|-damage|p1a: Urshifu|42\/100\n|-unboost|p2a: Phil|atk|1\n|-unboost|p2a: Phil|def|1\n|move|p1a: Urshifu|Wicked Blow|p2a: Phil\n|-supereffective|p2a: Phil\n|-crit|p2a: Phil\n|-damage|p2a: Phil|0 fnt\n|faint|p2a: Phil\n|\n|upkeep\n|\n|t:|1699447944\n|switch|p2a: SANIC|Blaziken, M, shiny|100\/100\n|turn|3\n|\n|t:|1699447951\n|switch|p1a: Ho-Oh|Ho-Oh|100\/100\n|detailschange|p2a: SANIC|Blaziken-Mega, M, shiny\n|-mega|p2a: SANIC|Blaziken|Blazikenite\n|move|p2a: SANIC|Bulk Up|p2a: SANIC\n|-boost|p2a: SANIC|atk|1\n|-boost|p2a: SANIC|def|1\n|\n|-ability|p2a: SANIC|Speed Boost|boost\n|-boost|p2a: SANIC|spe|1\n|upkeep\n|turn|4\n|\n|t:|1699447967\n|move|p2a: SANIC|Brave Bird|p1a: Ho-Oh\n|-damage|p1a: Ho-Oh|34\/100\n|-damage|p2a: SANIC|70\/100|[from] Recoil\n|move|p1a: Ho-Oh|Defog|p2a: SANIC\n|-unboost|p2a: SANIC|evasion|1\n|-sideend|p1: Rhyfinn sr.|Stealth Rock|[from] move: Defog|[of] p1a: Ho-Oh\n|\n|-ability|p2a: SANIC|Speed Boost|boost\n|-boost|p2a: SANIC|spe|1\n|upkeep\n|turn|5\n|\n|t:|1699447977\n|switch|p1a: Urshifu|Urshifu, F|42\/100\n|move|p2a: SANIC|Brave Bird|p1a: Urshifu\n|-supereffective|p1a: Urshifu\n|-crit|p1a: Urshifu\n|-damage|p1a: Urshifu|0 fnt\n|faint|p1a: Urshifu\n|-damage|p2a: SANIC|54\/100|[from] Recoil\n|\n|-ability|p2a: SANIC|Speed Boost|boost\n|-boost|p2a: SANIC|spe|1\n|upkeep\n|\n|t:|1699447993\n|switch|p1a: Groudon|Groudon|100\/100\n|detailschange|p1a: Groudon|Groudon-Primal\n|-primal|p1a: Groudon|Red Orb\n|-weather|DesolateLand|[from] ability: Desolate Land|[of] p1a: Groudon\n|turn|6\n|\n|t:|1699448002\n|move|p2a: SANIC|Close Combat|p1a: Groudon\n|-damage|p1a: Groudon|11\/100\n|-unboost|p2a: SANIC|def|1\n|-unboost|p2a: SANIC|spd|1\n|move|p1a: Groudon|Precipice Blades|p2a: SANIC\n|-supereffective|p2a: SANIC\n|-crit|p2a: SANIC\n|-damage|p2a: SANIC|0 fnt\n|faint|p2a: SANIC\n|\n|-weather|DesolateLand|[upkeep]\n|upkeep\n|\n|t:|1699448008\n|switch|p2a: Joeverpon|Ogerpon, F|100\/100\n|turn|7\n|\n|t:|1699448016\n|-weather|none\n|switch|p1a: Ho-Oh|Ho-Oh|67\/100\n|-terastallize|p2a: Joeverpon|Grass\n|detailschange|p2a: Joeverpon|Ogerpon-Teal-Tera, F, tera:Grass\n|-ability|p2a: Joeverpon|Embody Aspect (Teal)|boost\n|-boost|p2a: Joeverpon|spe|1\n|move|p2a: Joeverpon|Swords Dance|p2a: Joeverpon\n|-boost|p2a: Joeverpon|atk|2\n|\n|upkeep\n|turn|8\n|\n|t:|1699448024\n|move|p2a: Joeverpon|Knock Off|p1a: Ho-Oh\n|-damage|p1a: Ho-Oh|14\/100\n|-enditem|p1a: Ho-Oh|Heavy-Duty Boots|[from] move: Knock Off|[of] p2a: Joeverpon\n|move|p1a: Ho-Oh|Sacred Fire|p2a: Joeverpon\n|-supereffective|p2a: Joeverpon\n|-enditem|p2a: Joeverpon|Focus Sash\n|-damage|p2a: Joeverpon|1\/100\n|\n|upkeep\n|turn|9\n|\n|t:|1699448032\n|move|p2a: Joeverpon|Knock Off|p1a: Ho-Oh\n|-damage|p1a: Ho-Oh|0 fnt\n|faint|p1a: Ho-Oh\n|\n|upkeep\n|\n|t:|1699448036\n|switch|p1a: Marshadow|Marshadow|100\/100\n|turn|10\n|\n|t:|1699448040\n|move|p1a: Marshadow|Shadow Sneak|p2a: Joeverpon\n|-damage|p2a: Joeverpon|0 fnt\n|faint|p2a: Joeverpon\n|\n|upkeep\n|\n|t:|1699448044\n|switch|p2a: Wow!|Genesect-Douse|100\/100\n|-ability|p2a: Wow!|Download|boost\n|-boost|p2a: Wow!|atk|1\n|turn|11\n|\n|t:|1699448054\n|switch|p1a: Groudon|Groudon-Primal|11\/100\n|-weather|DesolateLand|[from] ability: Desolate Land|[of] p1a: Groudon\n|move|p2a: Wow!|Techno Blast||[still]\n|-fail|p2a: Wow!|Techno Blast|[from] Desolate Land\n|\n|-weather|DesolateLand|[upkeep]\n|upkeep\n|turn|12\n|\n|t:|1699448062\n|move|p2a: Wow!|Flash Cannon|p1a: Groudon\n|-resisted|p1a: Groudon\n|-damage|p1a: Groudon|0 fnt\n|faint|p1a: Groudon\n|-weather|none\n|\n|upkeep\n|\n|t:|1699448069\n|switch|p1a: Xerneas|Xerneas|100\/100\n|-ability|p1a: Xerneas|Fairy Aura\n|turn|13\n|\n|t:|1699448073\n|-terastallize|p1a: Xerneas|Fire\n|move|p2a: Wow!|Flash Cannon|p1a: Xerneas\n|-resisted|p1a: Xerneas\n|-damage|p1a: Xerneas|85\/100\n|move|p1a: Xerneas|Geomancy||[still]\n|-prepare|p1a: Xerneas|Geomancy\n|-enditem|p1a: Xerneas|Power Herb\n|-anim|p1a: Xerneas|Geomancy|p1a: Xerneas\n|-boost|p1a: Xerneas|spa|2\n|-boost|p1a: Xerneas|spd|2\n|-boost|p1a: Xerneas|spe|2\n|\n|upkeep\n|turn|14\n|\n|t:|1699448078\n|move|p1a: Xerneas|Hidden Power|p2a: Wow!\n|-supereffective|p2a: Wow!\n|-damage|p2a: Wow!|0 fnt\n|faint|p2a: Wow!\n|\n|upkeep\n|\n|t:|1699448082\n|switch|p2a: Sayaka Miki|Kartana, shiny|100\/100\n|turn|15\n|\n|t:|1699448089\n|move|p1a: Xerneas|Hidden Power|p2a: Sayaka Miki\n|-supereffective|p2a: Sayaka Miki\n|-enditem|p2a: Sayaka Miki|Focus Sash\n|-damage|p2a: Sayaka Miki|1\/100\n|move|p2a: Sayaka Miki|Sacred Sword|p1a: Xerneas\n|-damage|p1a: Xerneas|51\/100\n|\n|upkeep\n|turn|16\n|\n|t:|1699448096\n|move|p1a: Xerneas|Hidden Power|p2a: Sayaka Miki\n|-supereffective|p2a: Sayaka Miki\n|-damage|p2a: Sayaka Miki|0 fnt\n|faint|p2a: Sayaka Miki\n|\n|upkeep\n|\n|t:|1699448099\n|switch|p2a: Tiro Finale!|Necrozma-Dusk-Mane, shiny|100\/100\n|turn|17\n|\n|t:|1699448112\n|move|p1a: Xerneas|Hidden Power|p2a: Tiro Finale!\n|-supereffective|p2a: Tiro Finale!\n|-damage|p2a: Tiro Finale!|0 fnt\n|faint|p2a: Tiro Finale!\n|\n|win|Rhyfinn sr.\n|raw|Rhyfinn sr.'s rating: 1067 &rarr; <strong>1091<\/strong><br \/>(+24 for winning)\n|raw|Ducman501's rating: 1000 &rarr; <strong>1000<\/strong><br \/>(+0 for losing)\n|c|\u2606Ducman501|gg\n","uploadtime":1699448118,"views":27,"p1id":"rhyfinnsr","p2id":"ducman501","formatid":"gen9nationaldexubers","rating":1000,"private":0,"password":""}