{"id":"gen9nationaldexubers-1997827824","p1":"Quizzle_tip","p2":"KingoftheTitans","format":"[Gen 9] National Dex Ubers","log":"|j|\u2606Quizzle_tip\n|j|\u2606KingoftheTitans\n|t:|1700857051\n|gametype|singles\n|player|p1|Quizzle_tip|n|1258\n|player|p2|KingoftheTitans|266|1239\n|teamsize|p1|6\n|teamsize|p2|6\n|gen|9\n|tier|[Gen 9] National Dex Ubers\n|rated|\n|rule|HP Percentage Mod: HP is shown in percentages\n|rule|Endless Battle Clause: Forcing endless battles is banned\n|rule|OHKO Clause: OHKO moves are banned\n|rule|Evasion Moves Clause: Evasion moves are banned\n|rule|Evasion Items Clause: Evasion items are banned\n|rule|Species Clause: Limit one of each Pok\u00e9mon\n|rule|Sleep Clause Mod: Limit one foe put to sleep\n|rule|Mega Rayquaza Clause: You cannot mega evolve Rayquaza\n|clearpoke\n|poke|p1|Hydreigon, M|\n|poke|p1|Raichu, F|\n|poke|p1|Mewtwo|\n|poke|p1|Aegislash, M|\n|poke|p1|Greninja-*, M|\n|poke|p1|Sylveon, F|\n|poke|p2|Tornadus, M|\n|poke|p2|Buzzwole|\n|poke|p2|Breloom, M|\n|poke|p2|Bronzong|\n|poke|p2|Sceptile, M|\n|poke|p2|Basculegion, M|\n|teampreview\n|\n|t:|1700857084\n|start\n|switch|p1a: Mewtwo|Mewtwo|100\/100\n|switch|p2a: Bronzong|Bronzong|100\/100\n|-ability|p1a: Mewtwo|Pressure\n|turn|1\n|\n|t:|1700857094\n|move|p1a: Mewtwo|Shadow Ball|p2a: Bronzong\n|-supereffective|p2a: Bronzong\n|-crit|p2a: Bronzong\n|-damage|p2a: Bronzong|40\/100\n|-unboost|p2a: Bronzong|spd|1\n|move|p2a: Bronzong|Stealth Rock|p1a: Mewtwo\n|-sidestart|p1: Quizzle_tip|move: Stealth Rock\n|\n|-heal|p2a: Bronzong|46\/100|[from] item: Leftovers\n|upkeep\n|turn|2\n|\n|t:|1700857104\n|move|p1a: Mewtwo|Shadow Ball|p2a: Bronzong\n|-supereffective|p2a: Bronzong\n|-damage|p2a: Bronzong|0 fnt\n|faint|p2a: Bronzong\n|\n|upkeep\n|\n|t:|1700857133\n|switch|p2a: Tornadus|Tornadus, M|100\/100\n|turn|3\n|\n|t:|1700857177\n|move|p2a: Tornadus|Tailwind|p2a: Tornadus\n|-sidestart|p2: KingoftheTitans|move: Tailwind\n|move|p1a: Mewtwo|Ice Beam|p2a: Tornadus\n|-supereffective|p2a: Tornadus\n|-crit|p2a: Tornadus\n|-damage|p2a: Tornadus|0 fnt\n|faint|p2a: Tornadus\n|\n|upkeep\n|\n|t:|1700857184\n|switch|p2a: Breloom|Breloom, M|100\/100\n|turn|4\n|\n|t:|1700857187\n|move|p2a: Breloom|Spore|p1a: Mewtwo\n|-status|p1a: Mewtwo|slp|[from] move: Spore\n|cant|p1a: Mewtwo|slp\n|\n|upkeep\n|turn|5\n|\n|t:|1700857192\n|move|p2a: Breloom|Rock Tomb|p1a: Mewtwo\n|-damage|p1a: Mewtwo|66\/100 slp\n|-unboost|p1a: Mewtwo|spe|1\n|cant|p1a: Mewtwo|slp\n|\n|upkeep\n|turn|6\n|\n|t:|1700857197\n|move|p2a: Breloom|Rock Tomb|p1a: Mewtwo|[miss]\n|-miss|p2a: Breloom|p1a: Mewtwo\n|cant|p1a: Mewtwo|slp\n|\n|-sideend|p2: KingoftheTitans|move: Tailwind\n|upkeep\n|turn|7\n|\n|t:|1700857205\n|move|p2a: Breloom|Rock Tomb|p1a: Mewtwo\n|-damage|p1a: Mewtwo|33\/100 slp\n|-unboost|p1a: Mewtwo|spe|1\n|-curestatus|p1a: Mewtwo|slp|[msg]\n|move|p1a: Mewtwo|Psystrike|p2a: Breloom\n|-supereffective|p2a: Breloom\n|-enditem|p2a: Breloom|Focus Sash\n|-damage|p2a: Breloom|1\/100\n|\n|upkeep\n|turn|8\n|\n|t:|1700857225\n|move|p2a: Breloom|Rock Tomb|p1a: Mewtwo\n|-damage|p1a: Mewtwo|0 fnt\n|faint|p1a: Mewtwo\n|\n|upkeep\n|\n|t:|1700857229\n|switch|p1a: Greninja|Greninja, M|100\/100\n|-damage|p1a: Greninja|88\/100|[from] Stealth Rock\n|turn|9\n|\n|t:|1700857241\n|switch|p2a: Sceptile|Sceptile, M|100\/100\n|move|p1a: Greninja|Water Shuriken|p2a: Sceptile\n|-resisted|p2a: Sceptile\n|-damage|p2a: Sceptile|96\/100\n|-resisted|p2a: Sceptile\n|-damage|p2a: Sceptile|91\/100\n|-hitcount|p2a: Sceptile|2\n|\n|upkeep\n|turn|10\n|\n|t:|1700857250\n|detailschange|p2a: Sceptile|Sceptile-Mega, M\n|-mega|p2a: Sceptile|Sceptile|Sceptilite\n|move|p2a: Sceptile|Leaf Storm|p1a: Greninja\n|-supereffective|p1a: Greninja\n|-damage|p1a: Greninja|0 fnt\n|-unboost|p2a: Sceptile|spa|2\n|faint|p1a: Greninja\n|\n|upkeep\n|\n|t:|1700857264\n|switch|p1a: Hydreigon|Hydreigon, M|100\/100\n|-damage|p1a: Hydreigon|88\/100|[from] Stealth Rock\n|turn|11\n|\n|t:|1700857269\n|switch|p2a: Buzzwole|Buzzwole, shiny|100\/100\n|-terastallize|p1a: Hydreigon|Fire\n|move|p1a: Hydreigon|Stealth Rock|p2a: Buzzwole\n|-sidestart|p2: KingoftheTitans|move: Stealth Rock\n|\n|upkeep\n|turn|12\n|\n|t:|1700857278\n|move|p1a: Hydreigon|Flamethrower|p2a: Buzzwole\n|-supereffective|p2a: Buzzwole\n|-damage|p2a: Buzzwole|0 fnt\n|faint|p2a: Buzzwole\n|-damage|p1a: Hydreigon|78\/100|[from] item: Life Orb\n|\n|upkeep\n|\n|t:|1700857284\n|switch|p2a: Breloom|Breloom, M|1\/100\n|-damage|p2a: Breloom|0 fnt|[from] Stealth Rock\n|faint|p2a: Breloom\n|\n|t:|1700857288\n|switch|p2a: Sceptile|Sceptile-Mega, M|91\/100\n|-damage|p2a: Sceptile|79\/100|[from] Stealth Rock\n|turn|13\n|\n|t:|1700857294\n|move|p2a: Sceptile|Dragon Pulse|p1a: Hydreigon\n|-damage|p1a: Hydreigon|28\/100\n|move|p1a: Hydreigon|Dragon Pulse|p2a: Sceptile\n|-supereffective|p2a: Sceptile\n|-damage|p2a: Sceptile|0 fnt\n|faint|p2a: Sceptile\n|-damage|p1a: Hydreigon|18\/100|[from] item: Life Orb\n|\n|upkeep\n|\n|t:|1700857301\n|switch|p2a: Basculegion|Basculegion, M|100\/100\n|-damage|p2a: Basculegion|88\/100|[from] Stealth Rock\n|turn|14\n|\n|t:|1700857323\n|move|p2a: Basculegion|Last Respects|p1a: Hydreigon\n|-damage|p1a: Hydreigon|0 fnt\n|faint|p1a: Hydreigon\n|\n|upkeep\n|\n|t:|1700857326\n|switch|p1a: Sylveon|Sylveon, F|100\/100\n|-damage|p1a: Sylveon|88\/100|[from] Stealth Rock\n|turn|15\n|\n|t:|1700857330\n|move|p2a: Basculegion|Last Respects|p1a: Sylveon\n|-damage|p1a: Sylveon|0 fnt\n|faint|p1a: Sylveon\n|\n|upkeep\n|\n|t:|1700857344\n|switch|p1a: Raichu|Raichu, F|100\/100\n|-damage|p1a: Raichu|88\/100|[from] Stealth Rock\n|turn|16\n|\n|t:|1700857349\n|move|p2a: Basculegion|Last Respects|p1a: Raichu\n|-damage|p1a: Raichu|0 fnt\n|faint|p1a: Raichu\n|\n|upkeep\n|\n|t:|1700857351\n|switch|p1a: Aegislash|Aegislash, M, shiny|100\/100\n|-damage|p1a: Aegislash|94\/100|[from] Stealth Rock\n|turn|17\n|\n|t:|1700857360\n|-terastallize|p2a: Basculegion|Ghost\n|-formechange|p1a: Aegislash|Aegislash-Blade||[from] ability: Stance Change\n|move|p1a: Aegislash|Shadow Sneak|p2a: Basculegion\n|-supereffective|p2a: Basculegion\n|-damage|p2a: Basculegion|26\/100\n|move|p2a: Basculegion|Last Respects|p1a: Aegislash\n|-supereffective|p1a: Aegislash\n|-damage|p1a: Aegislash|0 fnt\n|faint|p1a: Aegislash\n|\n|win|KingoftheTitans\n|raw|Quizzle_tip's rating: 1258 &rarr; <strong>1232<\/strong><br \/>(-26 for losing)\n|raw|KingoftheTitans's rating: 1239 &rarr; <strong>1265<\/strong><br \/>(+26 for winning)\n|c|\u2606KingoftheTitans|YAS!\n","uploadtime":1700857370,"views":1,"p1id":"quizzletip","p2id":"kingofthetitans","formatid":"gen9nationaldexubers","rating":1232,"private":0,"password":""}