{"id":"gen9nationaldexubers-1980746907","p1":"Just B3A$T","p2":"Holiss77","format":"[Gen 9] National Dex Ubers","log":"|j|\u2606Just B3A$T\n|j|\u2606Holiss77\n|t:|1698824843\n|gametype|singles\n|player|p1|Just B3A$T|noland|\n|player|p2|Holiss77|lucas|\n|teamsize|p1|6\n|teamsize|p2|6\n|gen|9\n|tier|[Gen 9] National Dex Ubers\n|rule|HP Percentage Mod: HP is shown in percentages\n|rule|Endless Battle Clause: Forcing endless battles is banned\n|rule|OHKO Clause: OHKO moves are banned\n|rule|Evasion Moves Clause: Evasion moves are banned\n|rule|Evasion Items Clause: Evasion items are banned\n|rule|Species Clause: Limit one of each Pok\u00e9mon\n|rule|Sleep Clause Mod: Limit one foe put to sleep\n|rule|Mega Rayquaza Clause: You cannot mega evolve Rayquaza\n|clearpoke\n|poke|p1|Houndoom, M|\n|poke|p1|Aegislash, M|\n|poke|p1|Genesect|\n|poke|p1|Kartana|\n|poke|p1|Heatran, M|\n|poke|p1|Corviknight, M|\n|poke|p2|Kartana|\n|poke|p2|Tapu Lele|\n|poke|p2|Rillaboom, M|\n|poke|p2|Sneasler, M|\n|poke|p2|Zapdos|\n|poke|p2|Rotom-Wash|\n|teampreview\n|inactive|Battle timer is ON: inactive players will automatically lose when time's up. (requested by Just B3A$T)\n|inactive|Just B3A$T has 270 seconds left.\n|c|\u2606Just B3A$T|Hmm....\n|c|\u2606Holiss77|What?\n|inactive|Just B3A$T has 240 seconds left.\n|c|\u2606Holiss77|Is there a problem?\n|c|\u2606Just B3A$T|Taste my steeled fangs of vengeance!\n|c|\u2606Just B3A$T|it's a gym leader thing\n|c|\u2606Just B3A$T|only i do this\n|c|\u2606Just B3A$T|idk\n|inactive|Just B3A$T has 210 seconds left.\n|\n|t:|1698824935\n|start\n|switch|p1a: Fullmetal|Corviknight, M, shiny|100\/100\n|switch|p2a: Mabe|Rotom-Wash, shiny|100\/100\n|turn|1\n|\n|t:|1698824945\n|switch|p1a: lava pepe|Heatran, M|100\/100\n|move|p2a: Mabe|Volt Switch|p1a: lava pepe\n|-damage|p1a: lava pepe|81\/100\n|\n|t:|1698824954\n|switch|p2a: Foxx's Gold Digger|Sneasler, M, shiny|100\/100|[from] Volt Switch\n|\n|-heal|p1a: lava pepe|87\/100|[from] item: Leftovers\n|upkeep\n|turn|2\n|\n|t:|1698824968\n|switch|p2a: Mabe|Rotom-Wash, shiny|100\/100\n|switch|p1a: Aegis|Aegislash, M, shiny|100\/100\n|\n|upkeep\n|turn|3\n|\n|t:|1698824975\n|move|p1a: Aegis|King's Shield|p1a: Aegis\n|-singleturn|p1a: Aegis|Protect\n|move|p2a: Mabe|Hydro Pump|p1a: Aegis\n|-activate|p1a: Aegis|move: Protect\n|\n|upkeep\n|turn|4\n|\n|t:|1698824980\n|move|p2a: Mabe|Volt Switch|p1a: Aegis\n|-damage|p1a: Aegis|80\/100\n|\n|t:|1698824984\n|switch|p2a: Zapdos|Zapdos|100\/100|[from] Volt Switch\n|-formechange|p1a: Aegis|Aegislash-Blade||[from] ability: Stance Change\n|move|p1a: Aegis|Shadow Ball|p2a: Zapdos\n|-damage|p2a: Zapdos|55\/100\n|\n|upkeep\n|turn|5\n|\n|t:|1698824988\n|-formechange|p1a: Aegis|Aegislash||[from] ability: Stance Change\n|move|p1a: Aegis|King's Shield|p1a: Aegis\n|-singleturn|p1a: Aegis|Protect\n|move|p2a: Zapdos|Roost|p2a: Zapdos\n|-heal|p2a: Zapdos|100\/100\n|-singleturn|p2a: Zapdos|move: Roost\n|\n|upkeep\n|turn|6\n|\n|t:|1698824994\n|move|p2a: Zapdos|U-turn|p1a: Aegis\n|-resisted|p1a: Aegis\n|-damage|p1a: Aegis|77\/100\n|\n|t:|1698824999\n|switch|p2a: Mabe|Rotom-Wash, shiny|100\/100|[from] U-turn\n|-formechange|p1a: Aegis|Aegislash-Blade||[from] ability: Stance Change\n|move|p1a: Aegis|Shadow Ball|p2a: Mabe\n|-damage|p2a: Mabe|58\/100\n|-unboost|p2a: Mabe|spd|1\n|\n|-heal|p2a: Mabe|64\/100|[from] item: Leftovers\n|upkeep\n|turn|7\n|\n|t:|1698825010\n|-formechange|p1a: Aegis|Aegislash||[from] ability: Stance Change\n|move|p1a: Aegis|King's Shield|p1a: Aegis\n|-singleturn|p1a: Aegis|Protect\n|move|p2a: Mabe|Pain Split|p1a: Aegis\n|-sethp|p1a: Aegis|65\/100|[from] move: Pain Split|[silent]\n|-sethp|p2a: Mabe|78\/100|[from] move: Pain Split\n|\n|-heal|p2a: Mabe|84\/100|[from] item: Leftovers\n|upkeep\n|turn|8\n|\n|t:|1698825015\n|move|p2a: Mabe|Volt Switch|p1a: Aegis\n|-damage|p1a: Aegis|46\/100\n|\n|t:|1698825024\n|switch|p2a: Russel|Rillaboom, M|100\/100|[from] Volt Switch\n|-fieldstart|move: Grassy Terrain|[from] ability: Grassy Surge|[of] p2a: Russel\n|-formechange|p1a: Aegis|Aegislash-Blade||[from] ability: Stance Change\n|move|p1a: Aegis|Shadow Ball|p2a: Russel\n|-damage|p2a: Russel|43\/100\n|\n|-heal|p2a: Russel|49\/100|[from] Grassy Terrain\n|-heal|p1a: Aegis|52\/100|[from] Grassy Terrain\n|upkeep\n|turn|9\n|\n|t:|1698825029\n|move|p2a: Russel|Swords Dance|p2a: Russel\n|-boost|p2a: Russel|atk|2\n|move|p1a: Aegis|Shadow Ball|p2a: Russel\n|-damage|p2a: Russel|0 fnt\n|faint|p2a: Russel\n|\n|-heal|p1a: Aegis|59\/100|[from] Grassy Terrain\n|upkeep\n|\n|t:|1698825032\n|switch|p2a: Tapu Lele|Tapu Lele, shiny|100\/100\n|-fieldstart|move: Psychic Terrain|[from] ability: Psychic Surge|[of] p2a: Tapu Lele\n|turn|10\n|\n|t:|1698825037\n|move|p2a: Tapu Lele|Hidden Power|p1a: Aegis\n|-supereffective|p1a: Aegis\n|-damage|p1a: Aegis|0 fnt\n|faint|p1a: Aegis\n|\n|upkeep\n|c|\u2606Just B3A$T|right\n|\n|t:|1698825044\n|switch|p1a: Hellhound|Houndoom, M|100\/100\n|turn|11\n|\n|t:|1698825054\n|switch|p2a: Mabe|Rotom-Wash, shiny|84\/100\n|detailschange|p1a: Hellhound|Houndoom-Mega, M\n|-mega|p1a: Hellhound|Houndoom|Houndoominite\n|move|p1a: Hellhound|Sludge Bomb|p2a: Mabe\n|-damage|p2a: Mabe|53\/100\n|\n|-heal|p2a: Mabe|58\/100|[from] item: Leftovers\n|upkeep\n|turn|12\n|j| Very shifty grunt\n|\n|t:|1698825063\n|switch|p1a: lava pepe|Heatran, M|87\/100\n|move|p2a: Mabe|Volt Switch|p1a: lava pepe\n|-damage|p1a: lava pepe|68\/100\n|\n|t:|1698825069\n|switch|p2a: Foxx's Gold Digger|Sneasler, M, shiny|100\/100|[from] Volt Switch\n|\n|-heal|p1a: lava pepe|75\/100|[from] item: Leftovers\n|upkeep\n|turn|13\n|\n|t:|1698825075\n|-terastallize|p2a: Foxx's Gold Digger|Ground\n|move|p1a: lava pepe|Protect|p1a: lava pepe\n|-singleturn|p1a: lava pepe|Protect\n|move|p2a: Foxx's Gold Digger|Tera Blast|p1a: lava pepe|[anim] Tera Blast Ground\n|-activate|p1a: lava pepe|move: Protect\n|\n|-heal|p1a: lava pepe|81\/100|[from] item: Leftovers\n|upkeep\n|turn|14\n|\n|t:|1698825082\n|switch|p1a: Fullmetal|Corviknight, M, shiny|100\/100\n|move|p2a: Foxx's Gold Digger|Swords Dance|p2a: Foxx's Gold Digger\n|-boost|p2a: Foxx's Gold Digger|atk|2\n|\n|-fieldend|move: Psychic Terrain\n|upkeep\n|turn|15\n|\n|t:|1698825090\n|move|p2a: Foxx's Gold Digger|Swords Dance|p2a: Foxx's Gold Digger\n|-boost|p2a: Foxx's Gold Digger|atk|2\n|move|p1a: Fullmetal|Brave Bird|p2a: Foxx's Gold Digger\n|-damage|p2a: Foxx's Gold Digger|29\/100\n|-damage|p1a: Fullmetal|83\/100|[from] Recoil\n|\n|-heal|p1a: Fullmetal|89\/100|[from] item: Leftovers\n|upkeep\n|turn|16\n|\n|t:|1698825097\n|move|p2a: Foxx's Gold Digger|Acrobatics|p1a: Fullmetal\n|-resisted|p1a: Fullmetal\n|-damage|p1a: Fullmetal|71\/100\n|move|p1a: Fullmetal|Brave Bird|p2a: Foxx's Gold Digger\n|-crit|p2a: Foxx's Gold Digger\n|-damage|p2a: Foxx's Gold Digger|0 fnt\n|faint|p2a: Foxx's Gold Digger\n|-damage|p1a: Fullmetal|64\/100|[from] Recoil\n|\n|-heal|p1a: Fullmetal|70\/100|[from] item: Leftovers\n|upkeep\n|c|\u2606Just B3A$T|welp\n|\n|t:|1698825102\n|switch|p2a: Tapu Lele|Tapu Lele, shiny|100\/100\n|-fieldstart|move: Psychic Terrain|[from] ability: Psychic Surge|[of] p2a: Tapu Lele\n|turn|17\n|\n|t:|1698825109\n|switch|p1a: lava pepe|Heatran, M|81\/100\n|move|p2a: Tapu Lele|Charge Beam|p1a: lava pepe\n|-damage|p1a: lava pepe|62\/100\n|-boost|p2a: Tapu Lele|spa|1\n|\n|-heal|p1a: lava pepe|68\/100|[from] item: Leftovers\n|upkeep\n|turn|18\n|\n|t:|1698825118\n|switch|p2a: Mabe|Rotom-Wash, shiny|58\/100\n|move|p1a: lava pepe|Toxic|p2a: Mabe\n|-status|p2a: Mabe|tox\n|\n|-heal|p2a: Mabe|64\/100 tox|[from] item: Leftovers\n|-heal|p1a: lava pepe|75\/100|[from] item: Leftovers\n|-damage|p2a: Mabe|58\/100 tox|[from] psn\n|upkeep\n|turn|19\n|\n|t:|1698825128\n|move|p1a: lava pepe|Protect|p1a: lava pepe\n|-singleturn|p1a: lava pepe|Protect\n|move|p2a: Mabe|Pain Split|p1a: lava pepe\n|-activate|p1a: lava pepe|move: Protect\n|\n|-heal|p2a: Mabe|64\/100 tox|[from] item: Leftovers\n|-heal|p1a: lava pepe|81\/100|[from] item: Leftovers\n|-damage|p2a: Mabe|53\/100 tox|[from] psn\n|upkeep\n|turn|20\n|\n|t:|1698825135\n|move|p2a: Mabe|Hydro Pump|p1a: lava pepe|[miss]\n|-miss|p2a: Mabe|p1a: lava pepe\n|move|p1a: lava pepe|Stealth Rock|p2a: Mabe\n|-sidestart|p2: Holiss77|move: Stealth Rock\n|\n|-heal|p2a: Mabe|58\/100 tox|[from] item: Leftovers\n|-heal|p1a: lava pepe|87\/100|[from] item: Leftovers\n|-damage|p2a: Mabe|41\/100 tox|[from] psn\n|upkeep\n|turn|21\n|\n|t:|1698825146\n|move|p2a: Mabe|Pain Split|p1a: lava pepe\n|-sethp|p1a: lava pepe|58\/100|[from] move: Pain Split|[silent]\n|-sethp|p2a: Mabe|83\/100 tox|[from] move: Pain Split\n|move|p1a: lava pepe|Magma Storm|p2a: Mabe|[miss]\n|-miss|p1a: lava pepe|p2a: Mabe\n|\n|-heal|p2a: Mabe|89\/100 tox|[from] item: Leftovers\n|-heal|p1a: lava pepe|64\/100|[from] item: Leftovers\n|-damage|p2a: Mabe|65\/100 tox|[from] psn\n|-fieldend|move: Psychic Terrain\n|upkeep\n|turn|22\n|c|\u2606Just B3A$T|that'\n|c|\u2606Just B3A$T|s\n|c|\u2606Just B3A$T|karma\n|c|\u2606Just B3A$T|ig\n|\n|t:|1698825162\n|switch|p2a: Zapdos|Zapdos|100\/100\n|move|p1a: lava pepe|Protect||[still]\n|-fail|p1a: lava pepe\n|\n|-heal|p1a: lava pepe|70\/100|[from] item: Leftovers\n|upkeep\n|turn|23\n|\n|t:|1698825171\n|switch|p2a: Mabe|Rotom-Wash, shiny|65\/100 tox\n|-damage|p2a: Mabe|53\/100 tox|[from] Stealth Rock\n|move|p1a: lava pepe|Magma Storm|p2a: Mabe|[miss]\n|-miss|p1a: lava pepe|p2a: Mabe\n|\n|-heal|p2a: Mabe|58\/100 tox|[from] item: Leftovers\n|-heal|p1a: lava pepe|76\/100|[from] item: Leftovers\n|-damage|p2a: Mabe|53\/100 tox|[from] psn\n|upkeep\n|turn|24\n|c|\u2606Just B3A$T|now that's too much\n|\n|t:|1698825183\n|move|p1a: lava pepe|Protect|p1a: lava pepe\n|-singleturn|p1a: lava pepe|Protect\n|move|p2a: Mabe|Hydro Pump|p1a: lava pepe\n|-activate|p1a: lava pepe|move: Protect\n|\n|-heal|p2a: Mabe|58\/100 tox|[from] item: Leftovers\n|-heal|p1a: lava pepe|83\/100|[from] item: Leftovers\n|-damage|p2a: Mabe|47\/100 tox|[from] psn\n|upkeep\n|turn|25\n|\n|t:|1698825186\n|switch|p1a: Fullmetal|Corviknight, M, shiny|70\/100\n|move|p2a: Mabe|Pain Split|p1a: Fullmetal\n|-sethp|p1a: Fullmetal|51\/100|[from] move: Pain Split|[silent]\n|-sethp|p2a: Mabe|75\/100 tox|[from] move: Pain Split\n|\n|-heal|p2a: Mabe|81\/100 tox|[from] item: Leftovers\n|-heal|p1a: Fullmetal|57\/100|[from] item: Leftovers\n|-damage|p2a: Mabe|63\/100 tox|[from] psn\n|upkeep\n|turn|26\n|\n|t:|1698825200\n|move|p2a: Mabe|Volt Switch|p1a: Fullmetal\n|-supereffective|p1a: Fullmetal\n|-damage|p1a: Fullmetal|11\/100\n|\n|t:|1698825204\n|switch|p2a: Tapu Lele|Tapu Lele, shiny|100\/100|[from] Volt Switch\n|-damage|p2a: Tapu Lele|88\/100|[from] Stealth Rock\n|-fieldstart|move: Psychic Terrain|[from] ability: Psychic Surge|[of] p2a: Tapu Lele\n|move|p1a: Fullmetal|Brave Bird|p2a: Tapu Lele\n|-damage|p2a: Tapu Lele|35\/100\n|-damage|p1a: Fullmetal|0 fnt|[from] Recoil\n|faint|p1a: Fullmetal\n|\n|upkeep\n|\n|t:|1698825211\n|switch|p1a: lava pepe|Heatran, M|83\/100\n|turn|27\n|\n|t:|1698825229\n|move|p2a: Tapu Lele|Psyshock|p1a: lava pepe\n|-resisted|p1a: lava pepe\n|-damage|p1a: lava pepe|49\/100\n|move|p1a: lava pepe|Magma Storm|p2a: Tapu Lele|[miss]\n|-miss|p1a: lava pepe|p2a: Tapu Lele\n|\n|-heal|p1a: lava pepe|55\/100|[from] item: Leftovers\n|upkeep\n|turn|28\n|c|\u2606Just B3A$T|wish it didnt miss\n|\n|t:|1698825239\n|move|p1a: lava pepe|Protect|p1a: lava pepe\n|-singleturn|p1a: lava pepe|Protect\n|move|p2a: Tapu Lele|Psyshock|p1a: lava pepe\n|-activate|p1a: lava pepe|move: Protect\n|\n|-heal|p1a: lava pepe|61\/100|[from] item: Leftovers\n|upkeep\n|turn|29\n|\n|t:|1698825241\n|move|p2a: Tapu Lele|Psyshock|p1a: lava pepe\n|-resisted|p1a: lava pepe\n|-damage|p1a: lava pepe|28\/100\n|move|p1a: lava pepe|Magma Storm|p2a: Tapu Lele\n|-damage|p2a: Tapu Lele|0 fnt\n|faint|p2a: Tapu Lele\n|\n|-heal|p1a: lava pepe|35\/100|[from] item: Leftovers\n|upkeep\n|c|\u2606Just B3A$T|pog\n|\n|t:|1698825247\n|switch|p2a: Enma|Kartana, shiny|100\/100\n|-damage|p2a: Enma|94\/100|[from] Stealth Rock\n|turn|30\n|\n|t:|1698825253\n|move|p1a: lava pepe|Protect|p1a: lava pepe\n|-singleturn|p1a: lava pepe|Protect\n|move|p2a: Enma|Sacred Sword|p1a: lava pepe\n|-activate|p1a: lava pepe|move: Protect\n|\n|-heal|p1a: lava pepe|41\/100|[from] item: Leftovers\n|-fieldend|move: Psychic Terrain\n|upkeep\n|turn|31\n|\n|t:|1698825258\n|move|p2a: Enma|Sacred Sword|p1a: lava pepe\n|-supereffective|p1a: lava pepe\n|-damage|p1a: lava pepe|0 fnt\n|faint|p1a: lava pepe\n|-ability|p2a: Enma|Beast Boost|boost\n|-boost|p2a: Enma|atk|1\n|\n|upkeep\n|\n|t:|1698825261\n|switch|p1a: Hellhound|Houndoom-Mega, M|100\/100\n|turn|32\n|\n|t:|1698825265\n|move|p2a: Enma|Sacred Sword|p1a: Hellhound\n|-supereffective|p1a: Hellhound\n|-damage|p1a: Hellhound|0 fnt\n|faint|p1a: Hellhound\n|-ability|p2a: Enma|Beast Boost|boost\n|-boost|p2a: Enma|atk|1\n|\n|upkeep\n|c|\u2606Just B3A$T|scarf\n|c|\u2606Just B3A$T|huh\n|\n|t:|1698825278\n|switch|p1a: Blade|Kartana, shiny|100\/100\n|turn|33\n|c|\u2606Holiss77|A good ol kart speedtie\n|c|\u2606Just B3A$T|ye\n|c|\u2606Holiss77|Gotta love those\n|\n|t:|1698825306\n|-terastallize|p1a: Blade|Fire\n|move|p2a: Enma|Sacred Sword|p1a: Blade\n|-damage|p1a: Blade|29\/100\n|move|p1a: Blade|Sacred Sword|p2a: Enma\n|-supereffective|p2a: Enma\n|-damage|p2a: Enma|5\/100\n|-damage|p1a: Blade|19\/100|[from] item: Life Orb\n|\n|upkeep\n|turn|34\n|c|\u2606Just B3A$T|except it isnt\n|c|\u2606Just B3A$T|mine's bb speed kart\n|c|\u2606Holiss77|Plot twist\n|inactive|Just B3A$T has 270 seconds left.\n|\n|t:|1698825336\n|move|p2a: Enma|Sacred Sword|p1a: Blade\n|-damage|p1a: Blade|0 fnt\n|faint|p1a: Blade\n|-ability|p2a: Enma|Beast Boost|boost\n|-boost|p2a: Enma|atk|1\n|\n|upkeep\n|\n|t:|1698825337\n|switch|p1a: Ginesect|Genesect, shiny|100\/100\n|-ability|p1a: Ginesect|Download|boost\n|-boost|p1a: Ginesect|spa|1\n|turn|35\n|\n|t:|1698825344\n|move|p1a: Ginesect|Extreme Speed|p2a: Enma\n|-resisted|p2a: Enma\n|-damage|p2a: Enma|0 fnt\n|faint|p2a: Enma\n|\n|upkeep\n|\n|t:|1698825348\n|switch|p2a: Zapdos|Zapdos|100\/100\n|turn|36\n|c|\u2606Just B3A$T|this is probably it\n|\n|t:|1698825356\n|move|p1a: Ginesect|Shift Gear|p1a: Ginesect\n|-boost|p1a: Ginesect|spe|2\n|-boost|p1a: Ginesect|atk|1\n|move|p2a: Zapdos|Heat Wave|p1a: Ginesect\n|-supereffective|p1a: Ginesect\n|-damage|p1a: Ginesect|0 fnt\n|faint|p1a: Ginesect\n|\n|win|Holiss77\n|c|\u2606Just B3A$T|damn\n|c|\u2606Just B3A$T|gg\n|c|\u2606Holiss77|Gg\n|c|\u2606Holiss77|What do.i do now?\n|c|\u2606Just B3A$T|nothing\n","uploadtime":1698825367,"views":26,"p1id":"justb3at","p2id":"holiss77","formatid":"gen9nationaldexubers","rating":0,"private":0,"password":""}