{"id":"gen9nationaldexubers-1981326485","p1":"DropAAmogus","p2":"NassBug","format":"[Gen 9] National Dex Ubers","log":"|j|\u2606DropAAmogus\n|j|\u2606NassBug\n|t:|1698883923\n|gametype|singles\n|player|p1|DropAAmogus|101|\n|player|p2|NassBug|may-masters3|\n|teamsize|p1|6\n|teamsize|p2|6\n|gen|9\n|tier|[Gen 9] National Dex Ubers\n|rule|HP Percentage Mod: HP is shown in percentages\n|rule|Endless Battle Clause: Forcing endless battles is banned\n|rule|OHKO Clause: OHKO moves are banned\n|rule|Evasion Moves Clause: Evasion moves are banned\n|rule|Evasion Items Clause: Evasion items are banned\n|rule|Species Clause: Limit one of each Pok\u00e9mon\n|rule|Sleep Clause Mod: Limit one foe put to sleep\n|rule|Mega Rayquaza Clause: You cannot mega evolve Rayquaza\n|clearpoke\n|poke|p1|Garganacl, M|\n|poke|p1|Corviknight, F|\n|poke|p1|Zacian-*|\n|poke|p1|Manaphy|\n|poke|p1|Hatterene, F|\n|poke|p1|Marshadow|\n|poke|p2|Zygarde|\n|poke|p2|Marshadow|\n|poke|p2|Necrozma-Dusk-Mane|\n|poke|p2|Tapu Koko|\n|poke|p2|Ogerpon-Hearthflame, F|\n|poke|p2|Chien-Pao|\n|teampreview\n|inactive|Battle timer is ON: inactive players will automatically lose when time's up. (requested by DropAAmogus)\n|\n|t:|1698883930\n|start\n|switch|p1a: Garganacl|Garganacl, M|100\/100\n|switch|p2a: Necrozma|Necrozma-Dusk-Mane, shiny|100\/100\n|turn|1\n|\n|t:|1698883937\n|move|p2a: Necrozma|Dragon Dance|p2a: Necrozma\n|-boost|p2a: Necrozma|atk|1\n|-boost|p2a: Necrozma|spe|1\n|move|p1a: Garganacl|Salt Cure|p2a: Necrozma\n|-resisted|p2a: Necrozma\n|-crit|p2a: Necrozma\n|-damage|p2a: Necrozma|92\/100\n|-start|p2a: Necrozma|Salt Cure\n|\n|-damage|p2a: Necrozma|67\/100|[from] Salt Cure\n|upkeep\n|turn|2\n|\n|t:|1698883945\n|move|p2a: Necrozma|Sunsteel Strike|p1a: Garganacl\n|-supereffective|p1a: Garganacl\n|-damage|p1a: Garganacl|0 fnt\n|faint|p1a: Garganacl\n|\n|-damage|p2a: Necrozma|42\/100|[from] Salt Cure\n|upkeep\n|\n|t:|1698883952\n|switch|p1a: Manaphy|Manaphy|100\/100\n|turn|3\n|c|\u2606DropAAmogus|te curei com sal\n|c|\u2606NassBug|Salt cure deveeria acabar quando ru morre '-'\n|\n|t:|1698883969\n|move|p2a: Necrozma|Photon Geyser|p1a: Manaphy\n|-damage|p1a: Manaphy|7\/100\n|move|p1a: Manaphy|Tail Glow|p1a: Manaphy\n|-boost|p1a: Manaphy|spa|3\n|\n|-heal|p1a: Manaphy|13\/100|[from] item: Leftovers\n|-damage|p2a: Necrozma|18\/100|[from] Salt Cure\n|upkeep\n|turn|4\n|c|\u2606NassBug|?\n|\n|t:|1698883983\n|switch|p1a: Hatterene|Hatterene, F|100\/100\n|move|p2a: Necrozma|Photon Geyser|p1a: Hatterene\n|-resisted|p1a: Hatterene\n|-damage|p1a: Hatterene|26\/100\n|\n|-heal|p1a: Hatterene|31\/100|[from] item: Leftovers\n|-damage|p2a: Necrozma|0 fnt|[from] Salt Cure\n|faint|p2a: Necrozma\n|upkeep\n|c|\u2606NassBug|Pq tail glow\n|c|\u2606NassBug|'-'\n|c|\u2606DropAAmogus|pq s\n|c|\u2606DropAAmogus|pra stab surf\n|inactive|NassBug has 270 seconds left.\n|\n|t:|1698884016\n|switch|p2a: Tapu Koko|Tapu Koko|100\/100\n|-fieldstart|move: Electric Terrain|[from] ability: Electric Surge|[of] p2a: Tapu Koko\n|-item|p2a: Tapu Koko|Air Balloon\n|turn|5\n|\n|t:|1698884025\n|-terastallize|p1a: Hatterene|Psychic\n|move|p2a: Tapu Koko|Volt Switch|p1a: Hatterene\n|-damage|p1a: Hatterene|0 fnt\n|faint|p1a: Hatterene\n|c|\u2606NassBug|?\n|c|\u2606DropAAmogus|????\n|inactive|NassBug has 270 seconds left.\n|c|\u2606DropAAmogus|PQ AIR BALLOON\n|\n|t:|1698884049\n|switch|p2a: Ogerpon|Ogerpon-Hearthflame, F|100\/100|[from] Volt Switch\n|-ability|p2a: Ogerpon|Mold Breaker\n|\n|upkeep\n|\n|t:|1698884056\n|switch|p1a: Marshadow|Marshadow|100\/100\n|turn|6\n|inactive|NassBug has 270 seconds left.\n|c|\u2606NassBug|Sticky web\n|\n|t:|1698884085\n|move|p1a: Marshadow|Bulk Up|p1a: Marshadow\n|-boost|p1a: Marshadow|atk|1\n|-boost|p1a: Marshadow|def|1\n|move|p2a: Ogerpon|Knock Off|p1a: Marshadow\n|-damage|p1a: Marshadow|78\/100\n|\n|upkeep\n|turn|7\n|\n|t:|1698884094\n|move|p1a: Marshadow|Bulk Up|p1a: Marshadow\n|-boost|p1a: Marshadow|atk|1\n|-boost|p1a: Marshadow|def|1\n|move|p2a: Ogerpon|Trailblaze|p1a: Marshadow\n|-damage|p1a: Marshadow|61\/100\n|-boost|p2a: Ogerpon|spe|1\n|\n|upkeep\n|turn|8\n|\n|t:|1698884104\n|move|p2a: Ogerpon|Swords Dance|p2a: Ogerpon\n|-boost|p2a: Ogerpon|atk|2\n|move|p1a: Marshadow|Spectral Thief||[still]\n|-clearpositiveboost|p2a: Ogerpon|p1a: Marshadow|move: Spectral Thief\n|-boost|p1a: Marshadow|atk|2\n|-boost|p1a: Marshadow|spe|1\n|-anim|p1a: Marshadow|Spectral Thief|p2a: Ogerpon\n|-damage|p2a: Ogerpon|0 fnt\n|faint|p2a: Ogerpon\n|\n|upkeep\n|\n|t:|1698884109\n|switch|p2a: Marshadow|Marshadow|100\/100\n|turn|9\n|c|\u2606DropAAmogus|thanks\n|inactive|NassBug has 270 seconds left.\n|\n|t:|1698884134\n|-zpower|p1a: Marshadow\n|move|p1a: Marshadow|Soul-Stealing 7-Star Strike|p2a: Marshadow|[zeffect]\n|-supereffective|p2a: Marshadow\n|-enditem|p2a: Marshadow|Focus Sash\n|-damage|p2a: Marshadow|1\/100\n|move|p2a: Marshadow|Spectral Thief||[still]\n|-clearpositiveboost|p1a: Marshadow|p2a: Marshadow|move: Spectral Thief\n|-boost|p2a: Marshadow|atk|4\n|-boost|p2a: Marshadow|def|2\n|-boost|p2a: Marshadow|spe|1\n|-anim|p2a: Marshadow|Spectral Thief|p1a: Marshadow\n|-supereffective|p1a: Marshadow\n|-damage|p1a: Marshadow|0 fnt\n|faint|p1a: Marshadow\n|\n|-fieldend|move: Electric Terrain\n|upkeep\n|c|\u2606DropAAmogus|o meu e mais rapido\n|c|\u2606NassBug|Thanks\n|c|\u2606DropAAmogus|ah\n|inactive|DropAAmogus has 270 seconds left.\n|c|\u2606NassBug|Gg\n|\n|t:|1698884156\n|switch|p1a: Corviknight|Corviknight, F|100\/100\n|turn|10\n|inactive|DropAAmogus has 270 seconds left.\n|inactive|NassBug has 270 seconds left.\n|\n|t:|1698884166\n|-terastallize|p2a: Marshadow|Ghost\n|move|p2a: Marshadow|Spectral Thief|p1a: Corviknight\n|-damage|p1a: Corviknight|0 fnt\n|faint|p1a: Corviknight\n|\n|upkeep\n|inactive|DropAAmogus has 270 seconds left.\n|\n|t:|1698884175\n|switch|p1a: Zacian|Zacian-Crowned|100\/100\n|-ability|p1a: Zacian|Intrepid Sword|boost\n|-boost|p1a: Zacian|atk|1\n|turn|11\n|\n|t:|1698884182\n|move|p2a: Marshadow|Spectral Thief||[still]\n|-clearpositiveboost|p1a: Zacian|p2a: Marshadow|move: Spectral Thief\n|-boost|p2a: Marshadow|atk|1\n|-anim|p2a: Marshadow|Spectral Thief|p1a: Zacian\n|-damage|p1a: Zacian|0 fnt\n|faint|p1a: Zacian\n|\n|upkeep\n|-message|DropAAmogus forfeited.\n|\n|win|NassBug\n|l|\u2606DropAAmogus\n|c|\u2606NassBug|Gg\n","uploadtime":1698884270,"views":12,"p1id":"dropaamogus","p2id":"nassbug","formatid":"gen9nationaldexubers","rating":0,"private":0,"password":""}