{"id":"gen9nationaldexubers-2000522227","p1":"legospooder","p2":"hollyxkid","format":"[Gen 9] National Dex Ubers","log":"|j|\u2606legospooder\n|j|\u2606hollyxkid\n|t:|1701201922\n|gametype|singles\n|player|p1|legospooder|grimsley|\n|player|p2|hollyxkid|lady|\n|teamsize|p1|6\n|teamsize|p2|6\n|gen|9\n|tier|[Gen 9] National Dex Ubers\n|rule|HP Percentage Mod: HP is shown in percentages\n|rule|Endless Battle Clause: Forcing endless battles is banned\n|rule|OHKO Clause: OHKO moves are banned\n|rule|Evasion Moves Clause: Evasion moves are banned\n|rule|Evasion Items Clause: Evasion items are banned\n|rule|Species Clause: Limit one of each Pok\u00e9mon\n|rule|Sleep Clause Mod: Limit one foe put to sleep\n|rule|Mega Rayquaza Clause: You cannot mega evolve Rayquaza\n|clearpoke\n|poke|p1|Kleavor, F|\n|poke|p1|Beedrill, M|\n|poke|p1|Greninja-*, F|\n|poke|p1|Iron Treads|\n|poke|p1|Iron Valiant|\n|poke|p1|Tapu Koko|\n|poke|p2|Lopunny, F|\n|poke|p2|Blissey, F|\n|poke|p2|Ditto|\n|poke|p2|Zoroark-Hisui, M|\n|poke|p2|Staraptor, F|\n|poke|p2|Ursaluna-Bloodmoon, M|\n|teampreview\n|c|\u2606hollyxkid|glhf\n|c|\u2606legospooder|u2\n|c|\u2606hollyxkid|tera?\n|\n|t:|1701201943\n|start\n|switch|p1a: Antony|Kleavor, F|100\/100\n|switch|p2a: Jackie|Lopunny, F|100\/100\n|turn|1\n|c|\u2606legospooder|valiant is electric\n|c|\u2606hollyxkid|thx\n|\n|t:|1701201956\n|detailschange|p2a: Jackie|Lopunny-Mega, F\n|-mega|p2a: Jackie|Lopunny|Lopunnite\n|move|p2a: Jackie|Fake Out|p1a: Antony\n|-resisted|p1a: Antony\n|-damage|p1a: Antony|87\/100\n|cant|p1a: Antony|flinch\n|\n|upkeep\n|turn|2\n|\n|t:|1701201972\n|move|p1a: Antony|Psycho Cut|p2a: Jackie\n|-supereffective|p2a: Jackie\n|-damage|p2a: Jackie|5\/100\n|move|p2a: Jackie|Close Combat|p1a: Antony\n|-damage|p1a: Antony|1\/100\n|-unboost|p2a: Jackie|def|1\n|-unboost|p2a: Jackie|spd|1\n|\n|upkeep\n|turn|3\n|c|\u2606legospooder|2HP\n|\n|t:|1701201988\n|switch|p2a: Hifumi|Staraptor, F|100\/100\n|-ability|p2a: Hifumi|Intimidate|boost\n|-unboost|p1a: Antony|atk|1\n|move|p1a: Antony|Psycho Cut|p2a: Hifumi\n|-damage|p2a: Hifumi|80\/100\n|\n|upkeep\n|turn|4\n|c|\u2606hollyxkid|im on 13\n|\n|t:|1701202007\n|switch|p1a: Dalot|Tapu Koko|100\/100\n|-fieldstart|move: Electric Terrain|[from] ability: Electric Surge|[of] p1a: Dalot\n|move|p2a: Hifumi|U-turn|p1a: Dalot\n|-resisted|p1a: Dalot\n|-damage|p1a: Dalot|88\/100\n|\n|t:|1701202023\n|switch|p2a: Tess|Blissey, F|100\/100|[from] U-turn\n|\n|upkeep\n|turn|5\n|\n|t:|1701202039\n|move|p1a: Dalot|Volt Switch|p2a: Tess\n|-damage|p2a: Tess|86\/100\n|\n|t:|1701202042\n|switch|p1a: Antony|Kleavor, F|1\/100|[from] Volt Switch\n|move|p2a: Tess|Toxic|p1a: Antony\n|-status|p1a: Antony|tox\n|\n|-damage|p1a: Antony|0 fnt|[from] psn\n|faint|p1a: Antony\n|upkeep\n|c|\u2606legospooder|lmao\n|\n|t:|1701202068\n|switch|p1a: Rashford|Iron Treads|100\/100\n|-activate|p1a: Rashford|ability: Quark Drive\n|-start|p1a: Rashford|quarkdrivespe\n|turn|6\n|\n|t:|1701202087\n|switch|p2a: Hifumi|Staraptor, F|80\/100\n|-ability|p2a: Hifumi|Intimidate|boost\n|-unboost|p1a: Rashford|atk|1\n|move|p1a: Rashford|Knock Off|p2a: Hifumi\n|-damage|p2a: Hifumi|64\/100\n|-enditem|p2a: Hifumi|Heavy-Duty Boots|[from] move: Knock Off|[of] p1a: Rashford\n|\n|upkeep\n|turn|7\n|\n|t:|1701202102\n|-end|p1a: Rashford|Quark Drive|[silent]\n|switch|p1a: H\u00f8jlund|Beedrill, M|100\/100\n|move|p2a: Hifumi|Roost|p2a: Hifumi\n|-heal|p2a: Hifumi|100\/100\n|-singleturn|p2a: Hifumi|move: Roost\n|\n|upkeep\n|turn|8\n|\n|t:|1701202112\n|detailschange|p1a: H\u00f8jlund|Beedrill-Mega, M\n|-mega|p1a: H\u00f8jlund|Beedrill|Beedrillite\n|move|p1a: H\u00f8jlund|U-turn|p2a: Hifumi\n|-resisted|p2a: Hifumi\n|-damage|p2a: Hifumi|79\/100\n|\n|t:|1701202126\n|switch|p1a: Dalot|Tapu Koko|88\/100|[from] U-turn\n|move|p2a: Hifumi|Brave Bird|p1a: Dalot\n|-resisted|p1a: Dalot\n|-damage|p1a: Dalot|56\/100\n|-damage|p2a: Hifumi|71\/100|[from] Recoil\n|\n|-fieldend|move: Electric Terrain\n|upkeep\n|turn|9\n|\n|t:|1701202145\n|switch|p1a: Garnacho|Iron Valiant|100\/100\n|switch|p2a: Tess|Blissey, F|86\/100\n|\n|upkeep\n|turn|10\n|\n|t:|1701202154\n|switch|p2a: Hifumi|Staraptor, F|71\/100\n|-ability|p2a: Hifumi|Intimidate|boost\n|-unboost|p1a: Garnacho|atk|1\n|move|p1a: Garnacho|Focus Blast|p2a: Hifumi\n|-damage|p2a: Hifumi|0 fnt\n|faint|p2a: Hifumi\n|-damage|p1a: Garnacho|91\/100|[from] item: Life Orb\n|\n|upkeep\n|\n|t:|1701202161\n|switch|p2a: Frank|Ursaluna-Bloodmoon, M|100\/100\n|turn|11\n|\n|t:|1701202168\n|move|p1a: Garnacho|Focus Blast|p2a: Frank\n|-immune|p2a: Frank\n|move|p2a: Frank|Nasty Plot|p2a: Frank\n|-boost|p2a: Frank|spa|2\n|\n|upkeep\n|turn|12\n|c|\u2606legospooder|huh\n|c|\u2606legospooder|oh\n|\n|t:|1701202183\n|move|p1a: Garnacho|Encore|p2a: Frank\n|-start|p2a: Frank|Encore\n|move|p2a: Frank|Nasty Plot|p2a: Frank\n|-boost|p2a: Frank|spa|2\n|\n|upkeep\n|turn|13\n|c|\u2606legospooder|get fucd\n|c|\u2606hollyxkid|nooooooooooooo\n|\n|t:|1701202199\n|switch|p2a: Tess|Blissey, F|86\/100\n|move|p1a: Garnacho|Moonblast|p2a: Tess\n|-damage|p2a: Tess|65\/100\n|-damage|p1a: Garnacho|81\/100|[from] item: Life Orb\n|\n|upkeep\n|turn|14\n|c|\u2606legospooder|honestly thought it was bullet proof ursaluna for a second xD\n|\n|t:|1701202231\n|-end|p1a: Garnacho|Quark Drive|[silent]\n|switch|p1a: Rashford|Iron Treads|100\/100\n|move|p2a: Tess|Teleport|p2a: Tess\n|\n|t:|1701202241\n|switch|p2a: Frank|Ursaluna-Bloodmoon, M|100\/100|[from] Teleport\n|\n|upkeep\n|turn|15\n|\n|t:|1701202253\n|move|p1a: Rashford|Knock Off|p2a: Frank\n|-damage|p2a: Frank|86\/100\n|-enditem|p2a: Frank|Leftovers|[from] move: Knock Off|[of] p1a: Rashford\n|move|p2a: Frank|Calm Mind|p2a: Frank\n|-boost|p2a: Frank|spa|1\n|-boost|p2a: Frank|spd|1\n|\n|upkeep\n|turn|16\n|\n|t:|1701202270\n|-end|p1a: Rashford|Quark Drive|[silent]\n|switch|p1a: Garnacho|Iron Valiant|81\/100\n|move|p2a: Frank|Blood Moon|p1a: Garnacho\n|-damage|p1a: Garnacho|0 fnt\n|faint|p1a: Garnacho\n|-end|p1a: Garnacho|Quark Drive|[silent]\n|\n|upkeep\n|\n|t:|1701202291\n|switch|p1a: Sancho|Greninja, F|100\/100\n|turn|17\n|\n|t:|1701202303\n|switch|p2a: Tess|Blissey, F|65\/100\n|move|p1a: Sancho|Hydro Pump|p2a: Tess\n|-start|p1a: Sancho|typechange|Water|[from] ability: Protean\n|-damage|p2a: Tess|38\/100\n|\n|upkeep\n|turn|18\n|\n|t:|1701202313\n|switch|p1a: H\u00f8jlund|Beedrill-Mega, M|100\/100\n|move|p2a: Tess|Soft-Boiled|p2a: Tess\n|-heal|p2a: Tess|88\/100\n|\n|upkeep\n|turn|19\n|\n|t:|1701202327\n|move|p1a: H\u00f8jlund|Poison Jab|p2a: Tess\n|-crit|p2a: Tess\n|-damage|p2a: Tess|3\/100\n|move|p2a: Tess|Teleport|p2a: Tess\n|\n|t:|1701202343\n|switch|p2a: Jackie|Lopunny-Mega, F|5\/100|[from] Teleport\n|\n|upkeep\n|turn|20\n|\n|t:|1701202350\n|move|p2a: Jackie|Fake Out|p1a: H\u00f8jlund\n|-damage|p1a: H\u00f8jlund|42\/100\n|cant|p1a: H\u00f8jlund|flinch\n|\n|upkeep\n|turn|21\n|\n|t:|1701202364\n|switch|p2a: Tess|Blissey, F|3\/100\n|move|p1a: H\u00f8jlund|Fell Stinger|p2a: Tess\n|-damage|p2a: Tess|0 fnt\n|faint|p2a: Tess\n|-boost|p1a: H\u00f8jlund|atk|3\n|\n|upkeep\n|\n|t:|1701202368\n|switch|p2a: Jackie|Lopunny-Mega, F|5\/100\n|turn|22\n|\n|t:|1701202376\n|switch|p1a: Rashford|Iron Treads|100\/100\n|move|p2a: Jackie|Fake Out|p1a: Rashford\n|-resisted|p1a: Rashford\n|-damage|p1a: Rashford|91\/100\n|\n|upkeep\n|turn|23\n|c|\u2606legospooder|was almost a sweep\n|\n|t:|1701202388\n|move|p2a: Jackie|U-turn|p1a: Rashford\n|-resisted|p1a: Rashford\n|-damage|p1a: Rashford|79\/100\n|c|\u2606hollyxkid|sad hojlund moment\n|c|\u2606legospooder|too bad that thing is crazy\n|c|\u2606legospooder|its like h\u00f8jlund irl\n|c|\u2606hollyxkid|(i really wanted his stingy ass at milan)\n|\n|t:|1701202420\n|switch|p2a: Frank|Ursaluna-Bloodmoon, M|86\/100|[from] U-turn\n|move|p1a: Rashford|Rapid Spin|p2a: Frank\n|-damage|p2a: Frank|79\/100\n|-boost|p1a: Rashford|spe|1\n|\n|upkeep\n|turn|24\n|\n|t:|1701202445\n|move|p1a: Rashford|Earthquake|p2a: Frank\n|-damage|p2a: Frank|55\/100\n|move|p2a: Frank|Calm Mind|p2a: Frank\n|-boost|p2a: Frank|spa|1\n|-boost|p2a: Frank|spd|1\n|\n|upkeep\n|turn|25\n|\n|t:|1701202451\n|move|p1a: Rashford|Earthquake|p2a: Frank\n|-damage|p2a: Frank|31\/100\n|move|p2a: Frank|Moonlight|p2a: Frank\n|-heal|p2a: Frank|81\/100\n|\n|upkeep\n|turn|26\n|c|\u2606legospooder|Brug\n|\n|t:|1701202462\n|move|p1a: Rashford|Earthquake|p2a: Frank\n|-damage|p2a: Frank|56\/100\n|move|p2a: Frank|Blood Moon|p1a: Rashford\n|-resisted|p1a: Rashford\n|-damage|p1a: Rashford|34\/100\n|\n|upkeep\n|turn|27\n|\n|t:|1701202482\n|move|p1a: Rashford|Earthquake|p2a: Frank\n|-damage|p2a: Frank|32\/100\n|move|p2a: Frank|Moonlight|p2a: Frank\n|-heal|p2a: Frank|82\/100\n|\n|upkeep\n|turn|28\n|\n|t:|1701202491\n|move|p1a: Rashford|Earthquake|p2a: Frank\n|-damage|p2a: Frank|58\/100\n|move|p2a: Frank|Calm Mind|p2a: Frank\n|-boost|p2a: Frank|spa|1\n|-boost|p2a: Frank|spd|1\n|\n|upkeep\n|turn|29\n|\n|t:|1701202502\n|move|p1a: Rashford|Earthquake|p2a: Frank\n|-damage|p2a: Frank|33\/100\n|move|p2a: Frank|Moonlight|p2a: Frank\n|-heal|p2a: Frank|83\/100\n|\n|upkeep\n|turn|30\n|\n|t:|1701202509\n|move|p2a: Frank|Vacuum Wave|p1a: Rashford\n|-supereffective|p1a: Rashford\n|-damage|p1a: Rashford|0 fnt\n|faint|p1a: Rashford\n|-end|p1a: Rashford|Quark Drive|[silent]\n|\n|upkeep\n|\n|t:|1701202516\n|switch|p1a: H\u00f8jlund|Beedrill-Mega, M|42\/100\n|turn|31\n|\n|t:|1701202533\n|move|p1a: H\u00f8jlund|U-turn|p2a: Frank\n|-damage|p2a: Frank|58\/100\n|\n|t:|1701202541\n|switch|p1a: Dalot|Tapu Koko|56\/100|[from] U-turn\n|-fieldstart|move: Electric Terrain|[from] ability: Electric Surge|[of] p1a: Dalot\n|move|p2a: Frank|Blood Moon|p1a: Dalot\n|-damage|p1a: Dalot|0 fnt\n|faint|p1a: Dalot\n|\n|upkeep\n|c|\u2606legospooder|why tf is he this tanky btw\n|\n|t:|1701202558\n|switch|p1a: Sancho|Greninja, F|100\/100\n|turn|32\n|c|\u2606hollyxkid|cause it frank\n|c|\u2606legospooder|fair\n|\n|t:|1701202575\n|move|p2a: Frank|Vacuum Wave|p1a: Sancho\n|-supereffective|p1a: Sancho\n|-damage|p1a: Sancho|29\/100\n|move|p1a: Sancho|Hydro Pump|p2a: Frank\n|-start|p1a: Sancho|typechange|Water|[from] ability: Protean\n|-supereffective|p2a: Frank\n|-damage|p2a: Frank|0 fnt\n|faint|p2a: Frank\n|\n|upkeep\n|\n|t:|1701202579\n|switch|p2a: Jackie|Lopunny-Mega, F|5\/100\n|turn|33\n|c|\u2606legospooder|OOOOH MY GOD\n|\n|t:|1701202587\n|move|p2a: Jackie|Fake Out|p1a: Sancho\n|-damage|p1a: Sancho|0 fnt\n|faint|p1a: Sancho\n|\n|upkeep\n|\n|t:|1701202594\n|switch|p1a: H\u00f8jlund|Beedrill-Mega, M|42\/100\n|turn|34\n|\n|t:|1701202603\n|move|p1a: H\u00f8jlund|Fell Stinger|p2a: Jackie\n|-resisted|p2a: Jackie\n|-damage|p2a: Jackie|0 fnt\n|faint|p2a: Jackie\n|-boost|p1a: H\u00f8jlund|atk|3\n|\n|upkeep\n|\n|t:|1701202606\n|switch|p2a: matt|Ditto|100\/100\n|turn|35\n|c|\u2606legospooder|huh\n|c|\u2606legospooder|oh\n|\n|t:|1701202640\n|move|p1a: H\u00f8jlund|Poison Jab|p2a: matt\n|-resisted|p2a: matt\n|-enditem|p2a: matt|Focus Sash\n|-damage|p2a: matt|1\/100\n|replace|p2a: Damien|Zoroark-Hisui, M\n|-end|p2a: Damien|Illusion\n|move|p2a: Damien|Hyper Voice|p1a: H\u00f8jlund\n|-damage|p1a: H\u00f8jlund|0 fnt\n|faint|p1a: H\u00f8jlund\n|\n|win|hollyxkid\n|c|\u2606legospooder|gg\n|c|\u2606hollyxkid|gg\n|l|\u2606hollyxkid\n","uploadtime":1701202665,"views":9,"p1id":"legospooder","p2id":"hollyxkid","formatid":"gen9nationaldexubers","rating":0,"private":0,"password":""}