{"id":"gen9nationaldexubers-1979497733","p1":"Gtg g u2","p2":"OverdriveOnslaught","format":"[Gen 9] National Dex Ubers","log":"|j|\u2606Gtg g u2\n|j|\u2606OverdriveOnslaught\n|t:|1698687375\n|gametype|singles\n|player|p1|Gtg g u2|red-masters|1099\n|player|p2|OverdriveOnslaught|bellelba|1058\n|teamsize|p1|6\n|teamsize|p2|4\n|gen|9\n|tier|[Gen 9] National Dex Ubers\n|rated|\n|rule|HP Percentage Mod: HP is shown in percentages\n|rule|Endless Battle Clause: Forcing endless battles is banned\n|rule|OHKO Clause: OHKO moves are banned\n|rule|Evasion Moves Clause: Evasion moves are banned\n|rule|Evasion Items Clause: Evasion items are banned\n|rule|Species Clause: Limit one of each Pok\u00e9mon\n|rule|Sleep Clause Mod: Limit one foe put to sleep\n|rule|Mega Rayquaza Clause: You cannot mega evolve Rayquaza\n|clearpoke\n|poke|p1|Pikachu, M|\n|poke|p1|Rillaboom, M|\n|poke|p1|Cramorant, M|\n|poke|p1|Grapploct, M|\n|poke|p1|Centiskorch, M|\n|poke|p1|Runerigus, F|\n|poke|p2|Zapdos|\n|poke|p2|Ogerpon-Wellspring, F|\n|poke|p2|Muk-Alola, M|\n|poke|p2|Groudon|\n|teampreview\n|\n|t:|1698687383\n|start\n|switch|p1a: Grapploct|Grapploct, M|100\/100\n|switch|p2a: Ogerpon|Ogerpon-Wellspring, F|100\/100\n|turn|1\n|inactive|Battle timer is ON: inactive players will automatically lose when time's up. (requested by Gtg g u2)\n|\n|t:|1698687391\n|move|p2a: Ogerpon|Leech Seed|p1a: Grapploct\n|-start|p1a: Grapploct|move: Leech Seed\n|move|p1a: Grapploct|Octolock|p2a: Ogerpon\n|-start|p2a: Ogerpon|move: Octolock|[of] p1a: Grapploct\n|\n|-damage|p1a: Grapploct|88\/100|[from] Leech Seed|[of] p2a: Ogerpon\n|-unboost|p2a: Ogerpon|def|1\n|-unboost|p2a: Ogerpon|spd|1\n|upkeep\n|turn|2\n|\n|t:|1698687399\n|move|p2a: Ogerpon|Power Whip|p1a: Grapploct\n|-damage|p1a: Grapploct|16\/100\n|move|p1a: Grapploct|Drain Punch|p2a: Ogerpon\n|-damage|p2a: Ogerpon|47\/100\n|-heal|p1a: Grapploct|43\/100|[from] drain|[of] p2a: Ogerpon\n|\n|-heal|p1a: Grapploct|49\/100|[from] item: Leftovers\n|-damage|p1a: Grapploct|37\/100|[from] Leech Seed|[of] p2a: Ogerpon\n|-heal|p2a: Ogerpon|59\/100|[silent]\n|-unboost|p2a: Ogerpon|def|1\n|-unboost|p2a: Ogerpon|spd|1\n|upkeep\n|turn|3\n|\n|t:|1698687411\n|move|p2a: Ogerpon|Power Whip|p1a: Grapploct\n|-damage|p1a: Grapploct|0 fnt\n|faint|p1a: Grapploct\n|\n|-end|p2a: Ogerpon|Octolock|[partiallytrapped]|[silent]\n|upkeep\n|\n|t:|1698687416\n|switch|p1a: Rillaboom|Rillaboom, M|100\/100\n|-fieldstart|move: Grassy Terrain|[from] ability: Grassy Surge|[of] p1a: Rillaboom\n|turn|4\n|\n|t:|1698687423\n|switch|p2a: Zapdos|Zapdos|100\/100\n|move|p1a: Rillaboom|Grassy Glide|p2a: Zapdos\n|-resisted|p2a: Zapdos\n|-crit|p2a: Zapdos\n|-damage|p2a: Zapdos|63\/100\n|-status|p1a: Rillaboom|par|[from] ability: Static|[of] p2a: Zapdos\n|-damage|p1a: Rillaboom|91\/100 par|[from] item: Life Orb\n|\n|-heal|p1a: Rillaboom|97\/100 par|[from] Grassy Terrain\n|upkeep\n|turn|5\n|\n|t:|1698687434\n|switch|p1a: Pikachu|Pikachu, M|100\/100\n|move|p2a: Zapdos|Hurricane|p1a: Pikachu|[miss]\n|-miss|p2a: Zapdos|p1a: Pikachu\n|\n|upkeep\n|turn|6\n|\n|t:|1698687442\n|move|p1a: Pikachu|Thunderbolt|p2a: Zapdos\n|-damage|p2a: Zapdos|25\/100\n|move|p2a: Zapdos|Hurricane|p1a: Pikachu\n|-resisted|p1a: Pikachu\n|-damage|p1a: Pikachu|24\/100\n|\n|-heal|p1a: Pikachu|30\/100|[from] Grassy Terrain\n|upkeep\n|turn|7\n|\n|t:|1698687451\n|switch|p2a: Muk|Muk-Alola, M, shiny|100\/100\n|move|p1a: Pikachu|Play Rough|p2a: Muk\n|-damage|p2a: Muk|64\/100\n|-unboost|p2a: Muk|atk|1\n|\n|-heal|p1a: Pikachu|36\/100|[from] Grassy Terrain\n|-heal|p2a: Muk|70\/100|[from] Grassy Terrain\n|-heal|p2a: Muk|76\/100|[from] item: Black Sludge\n|upkeep\n|turn|8\n|\n|t:|1698687461\n|move|p2a: Muk|Shadow Sneak|p1a: Pikachu\n|-damage|p1a: Pikachu|8\/100\n|move|p1a: Pikachu|Thunderbolt|p2a: Muk\n|-damage|p2a: Muk|48\/100\n|-status|p2a: Muk|par\n|\n|-heal|p1a: Pikachu|14\/100|[from] Grassy Terrain\n|-heal|p2a: Muk|55\/100 par|[from] Grassy Terrain\n|-heal|p2a: Muk|61\/100 par|[from] item: Black Sludge\n|-fieldend|move: Grassy Terrain\n|upkeep\n|turn|9\n|-message|OverdriveOnslaught forfeited.\n|\n|win|Gtg g u2\n|raw|Gtg g u2's rating: 1099 &rarr; <strong>1121<\/strong><br \/>(+22 for winning)\n|raw|OverdriveOnslaught's rating: 1058 &rarr; <strong>1041<\/strong><br \/>(-17 for losing)\n|l|\u2606OverdriveOnslaught\n","uploadtime":1698687472,"views":27,"p1id":"gtggu2","p2id":"overdriveonslaught","formatid":"gen9nationaldexubers","rating":1041,"private":0,"password":""}