{"id":"gen9nationaldexubers-1987100480","p1":"pokegirl457","p2":"Cryolist","format":"[Gen 9] National Dex Ubers","log":"|j|\u2606pokegirl457\n|j|\u2606Cryolist\n|t:|1699556074\n|gametype|singles\n|player|p1|pokegirl457|iris-gen5bw2|1004\n|player|p2|Cryolist|jupiter|1159\n|teamsize|p1|6\n|teamsize|p2|6\n|gen|9\n|tier|[Gen 9] National Dex Ubers\n|rated|\n|rule|HP Percentage Mod: HP is shown in percentages\n|rule|Endless Battle Clause: Forcing endless battles is banned\n|rule|OHKO Clause: OHKO moves are banned\n|rule|Evasion Moves Clause: Evasion moves are banned\n|rule|Evasion Items Clause: Evasion items are banned\n|rule|Species Clause: Limit one of each Pok\u00e9mon\n|rule|Sleep Clause Mod: Limit one foe put to sleep\n|rule|Mega Rayquaza Clause: You cannot mega evolve Rayquaza\n|clearpoke\n|poke|p1|Necrozma-Dusk-Mane|\n|poke|p1|Dracovish|\n|poke|p1|Groudon|\n|poke|p1|Xerneas-*|\n|poke|p1|Zacian-*|\n|poke|p1|Giratina-Origin|\n|poke|p2|Kangaskhan, F|\n|poke|p2|Bibarel, F|\n|poke|p2|Silvally-*|\n|poke|p2|Arceus|\n|poke|p2|Porygon-Z|\n|poke|p2|Swellow, F|\n|teampreview\n|inactive|Battle timer is ON: inactive players will automatically lose when time's up. (requested by pokegirl457)\n|inactive|Cryolist also wants the timer to be on.\n|c|\u2606pokegirl457|Mono normal?\n|c|\u2606Cryolist|yes\n|\n|t:|1699556093\n|start\n|switch|p1a: Zacian|Zacian-Crowned, shiny|100\/100\n|switch|p2a: Copy|Silvally|100\/100\n|-ability|p1a: Zacian|Intrepid Sword|boost\n|-boost|p1a: Zacian|atk|1\n|turn|1\n|c|\u2606pokegirl457|Well u are in for a rude awakening\n|\n|t:|1699556107\n|move|p1a: Zacian|Close Combat|p2a: Copy\n|-supereffective|p2a: Copy\n|-damage|p2a: Copy|0 fnt\n|-unboost|p1a: Zacian|def|1\n|-unboost|p1a: Zacian|spd|1\n|faint|p2a: Copy\n|\n|upkeep\n|\n|t:|1699556122\n|switch|p2a: Nutty|Bibarel, F|100\/100\n|turn|2\n|\n|t:|1699556126\n|move|p1a: Zacian|Close Combat|p2a: Nutty\n|-supereffective|p2a: Nutty\n|-enditem|p2a: Nutty|Focus Sash\n|-damage|p2a: Nutty|1\/100\n|-unboost|p1a: Zacian|def|1\n|-unboost|p1a: Zacian|spd|1\n|move|p2a: Nutty|Swords Dance|p2a: Nutty\n|-boost|p2a: Nutty|atk|4\n|\n|upkeep\n|turn|3\n|\n|t:|1699556132\n|move|p2a: Nutty|Aqua Jet|p1a: Zacian\n|-damage|p1a: Zacian|0 fnt\n|faint|p1a: Zacian\n|\n|upkeep\n|\n|t:|1699556142\n|switch|p1a: Dracovish|Dracovish|100\/100\n|turn|4\n|\n|t:|1699556145\n|-terastallize|p2a: Nutty|Normal\n|move|p2a: Nutty|Quick Attack|p1a: Dracovish\n|-damage|p1a: Dracovish|40\/100\n|move|p1a: Dracovish|Crunch|p2a: Nutty\n|-damage|p2a: Nutty|0 fnt\n|faint|p2a: Nutty\n|\n|upkeep\n|\n|t:|1699556150\n|switch|p2a: MOTHER|Kangaskhan, F, shiny|100\/100\n|turn|5\n|inactive|pokegirl457 has 120 seconds left.\n|\n|t:|1699556180\n|switch|p1a: Necrozma|Necrozma-Dusk-Mane, shiny|100\/100\n|detailschange|p2a: MOTHER|Kangaskhan-Mega, F, shiny\n|-mega|p2a: MOTHER|Kangaskhan|Kangaskhanite\n|move|p2a: MOTHER|Fake Out|p1a: Necrozma\n|-resisted|p1a: Necrozma\n|-damage|p1a: Necrozma|92\/100\n|-resisted|p1a: Necrozma\n|-damage|p1a: Necrozma|90\/100\n|-hitcount|p1a: Necrozma|2\n|\n|upkeep\n|turn|6\n|\n|t:|1699556191\n|switch|p2a: God|Arceus|100\/100\n|detailschange|p1a: Necrozma|Necrozma-Ultra, shiny\n|-burst|p1a: Necrozma|Necrozma|Ultranecrozium Z\n|move|p1a: Necrozma|Photon Geyser|p2a: God\n|-damage|p2a: God|55\/100\n|\n|-heal|p2a: God|61\/100|[from] item: Leftovers\n|upkeep\n|turn|7\n|inactive|pokegirl457 has 120 seconds left.\n|\n|t:|1699556208\n|-zpower|p1a: Necrozma\n|move|p1a: Necrozma|Light That Burns the Sky|p2a: God|[zeffect]\n|-damage|p2a: God|0 fnt\n|faint|p2a: God\n|\n|upkeep\n|\n|t:|1699556213\n|switch|p2a: Sonar|Swellow, F|100\/100\n|turn|8\n|\n|t:|1699556227\n|move|p2a: Sonar|Protect|p2a: Sonar\n|-singleturn|p2a: Sonar|Protect\n|move|p1a: Necrozma|Sunsteel Strike|p2a: Sonar\n|-activate|p2a: Sonar|move: Protect\n|\n|-status|p2a: Sonar|brn|[from] item: Flame Orb\n|upkeep\n|turn|9\n|\n|t:|1699556234\n|move|p2a: Sonar|Facade|p1a: Necrozma\n|-damage|p1a: Necrozma|1\/100\n|move|p1a: Necrozma|Sunsteel Strike|p2a: Sonar\n|-crit|p2a: Sonar\n|-damage|p2a: Sonar|0 fnt\n|faint|p2a: Sonar\n|\n|upkeep\n|\n|t:|1699556238\n|switch|p2a: MOTHER|Kangaskhan-Mega, F, shiny|100\/100\n|turn|10\n|\n|t:|1699556254\n|move|p1a: Necrozma|Photon Geyser|p2a: MOTHER\n|-damage|p2a: MOTHER|36\/100\n|move|p2a: MOTHER|Power-Up Punch|p1a: Necrozma\n|-resisted|p1a: Necrozma\n|-damage|p1a: Necrozma|0 fnt\n|-boost|p2a: MOTHER|atk|1\n|faint|p1a: Necrozma\n|-hitcount|p1: Necrozma|1\n|\n|upkeep\n|inactive|pokegirl457 has 120 seconds left.\n|\n|t:|1699556279\n|switch|p1a: Giratina|Giratina-Origin, shiny|100\/100\n|turn|11\n|\n|t:|1699556283\n|move|p2a: MOTHER|Thief|p1a: Giratina\n|-supereffective|p1a: Giratina\n|-damage|p1a: Giratina|58\/100\n|-supereffective|p1a: Giratina\n|-damage|p1a: Giratina|48\/100\n|-hitcount|p1a: Giratina|2\n|move|p1a: Giratina|Poltergeist|p2a: MOTHER\n|-immune|p2a: MOTHER\n|\n|upkeep\n|turn|12\n|\n|t:|1699556288\n|move|p2a: MOTHER|Thief|p1a: Giratina\n|-supereffective|p1a: Giratina\n|-damage|p1a: Giratina|9\/100\n|-supereffective|p1a: Giratina\n|-damage|p1a: Giratina|0 fnt\n|faint|p1a: Giratina\n|-hitcount|p1: Giratina|2\n|\n|upkeep\n|\n|t:|1699556296\n|switch|p1a: Groudon|Groudon, shiny|100\/100\n|detailschange|p1a: Groudon|Groudon-Primal, shiny\n|-primal|p1a: Groudon|Red Orb\n|-weather|DesolateLand|[from] ability: Desolate Land|[of] p1a: Groudon\n|turn|13\n|\n|t:|1699556299\n|move|p2a: MOTHER|Dizzy Punch|p1a: Groudon\n|-damage|p1a: Groudon|64\/100\n|-damage|p1a: Groudon|55\/100\n|-start|p1a: Groudon|confusion\n|-hitcount|p1a: Groudon|2\n|-activate|p1a: Groudon|confusion\n|-damage|p1a: Groudon|42\/100|[from] confusion\n|\n|-weather|DesolateLand|[upkeep]\n|upkeep\n|turn|14\n|inactive|pokegirl457 has 120 seconds left.\n|l|\u2606pokegirl457\n|inactive|pokegirl457 disconnected and has a minute to reconnect!\n|player|p1|\n|inactive|pokegirl457 has 30 seconds to reconnect!\n|inactive|pokegirl457 has 20 seconds to reconnect!\n|inactive|pokegirl457 has 15 seconds to reconnect!\n|c|\u2606Cryolist|LMAO\n|inactive|pokegirl457 has 10 seconds to reconnect!\n|c|\u2606Cryolist|SO MUCH FOR A RUDE AWAKENING\n|inactive|pokegirl457 has 5 seconds to reconnect!\n|-message|pokegirl457 lost due to inactivity.\n|\n|win|Cryolist\n|raw|pokegirl457's rating: 1004 &rarr; <strong>1000<\/strong><br \/>(-4 for losing)\n|raw|Cryolist's rating: 1159 &rarr; <strong>1174<\/strong><br \/>(+15 for winning)\n","uploadtime":1699556419,"views":14,"p1id":"pokegirl457","p2id":"cryolist","formatid":"gen9nationaldexubers","rating":1000,"private":0,"password":""}