{"id":"gen9nationaldexubers-1980088472","p1":"Fapa's Nub","p2":"TheThanatos","format":"[Gen 9] National Dex Ubers","log":"|j|\u2606Fapa's Nub\n|j|\u2606TheThanatos\n|t:|1698756054\n|gametype|singles\n|player|p1|Fapa's Nub|1|1304\n|player|p2|TheThanatos|red|1369\n|teamsize|p1|6\n|teamsize|p2|6\n|gen|9\n|tier|[Gen 9] National Dex Ubers\n|rated|\n|rule|HP Percentage Mod: HP is shown in percentages\n|rule|Endless Battle Clause: Forcing endless battles is banned\n|rule|OHKO Clause: OHKO moves are banned\n|rule|Evasion Moves Clause: Evasion moves are banned\n|rule|Evasion Items Clause: Evasion items are banned\n|rule|Species Clause: Limit one of each Pok\u00e9mon\n|rule|Sleep Clause Mod: Limit one foe put to sleep\n|rule|Mega Rayquaza Clause: You cannot mega evolve Rayquaza\n|clearpoke\n|poke|p1|Deoxys-Attack|\n|poke|p1|Lopunny, M|\n|poke|p1|Groudon|\n|poke|p1|Ho-Oh|\n|poke|p1|Yveltal|\n|poke|p1|Lunala|\n|poke|p2|Palafin, F|\n|poke|p2|Alakazam, F|\n|poke|p2|Kyurem-Black|\n|poke|p2|Samurott-Hisui, F|\n|poke|p2|Deoxys-Defense|\n|poke|p2|Landorus, M|\n|teampreview\n|\n|t:|1698756064\n|start\n|switch|p1a: Groudon|Groudon|100\/100\n|switch|p2a: Samurott|Samurott-Hisui, F|100\/100\n|detailschange|p1a: Groudon|Groudon-Primal\n|-primal|p1a: Groudon|Red Orb\n|-weather|DesolateLand|[from] ability: Desolate Land|[of] p1a: Groudon\n|turn|1\n|inactive|Battle timer is ON: inactive players will automatically lose when time's up. (requested by Fapa's Nub)\n|\n|t:|1698756068\n|move|p2a: Samurott|Ceaseless Edge|p1a: Groudon\n|-damage|p1a: Groudon|78\/100\n|-sidestart|p1: Fapa's Nub|Spikes\n|move|p1a: Groudon|Stealth Rock|p2a: Samurott\n|-sidestart|p2: TheThanatos|move: Stealth Rock\n|\n|-weather|DesolateLand|[upkeep]\n|upkeep\n|turn|2\n|\n|t:|1698756074\n|move|p2a: Samurott|Ceaseless Edge|p1a: Groudon\n|-damage|p1a: Groudon|55\/100\n|-sidestart|p1: Fapa's Nub|Spikes\n|move|p1a: Groudon|Swords Dance|p1a: Groudon\n|-boost|p1a: Groudon|atk|2\n|\n|-weather|DesolateLand|[upkeep]\n|upkeep\n|turn|3\n|\n|t:|1698756085\n|move|p2a: Samurott|Ceaseless Edge|p1a: Groudon\n|-damage|p1a: Groudon|32\/100\n|-sidestart|p1: Fapa's Nub|Spikes\n|move|p1a: Groudon|Precipice Blades|p2a: Samurott\n|-enditem|p2a: Samurott|Focus Sash\n|-damage|p2a: Samurott|1\/100\n|\n|-weather|DesolateLand|[upkeep]\n|upkeep\n|turn|4\n|\n|t:|1698756094\n|-weather|none\n|switch|p1a: Yveltal|Yveltal|100\/100\n|-ability|p1a: Yveltal|Dark Aura\n|move|p2a: Samurott|Ceaseless Edge|p1a: Yveltal\n|-resisted|p1a: Yveltal\n|-damage|p1a: Yveltal|79\/100\n|\n|upkeep\n|turn|5\n|\n|t:|1698756102\n|move|p1a: Yveltal|U-turn|p2a: Samurott\n|-supereffective|p2a: Samurott\n|-damage|p2a: Samurott|0 fnt\n|faint|p2a: Samurott\n|\n|t:|1698756107\n|switch|p1a: Ho-Oh|Ho-Oh|100\/100|[from] U-turn\n|\n|upkeep\n|\n|t:|1698756116\n|switch|p2a: Kyurem|Kyurem-Black|100\/100\n|-damage|p2a: Kyurem|76\/100|[from] Stealth Rock\n|-ability|p2a: Kyurem|Teravolt\n|turn|6\n|\n|t:|1698756120\n|move|p2a: Kyurem|Dragon Dance|p2a: Kyurem\n|-boost|p2a: Kyurem|atk|1\n|-boost|p2a: Kyurem|spe|1\n|move|p1a: Ho-Oh|Defog|p2a: Kyurem\n|-unboost|p2a: Kyurem|evasion|1\n|-sideend|p2: TheThanatos|Stealth Rock|[from] move: Defog|[of] p1a: Ho-Oh\n|-sideend|p1: Fapa's Nub|Spikes|[from] move: Defog|[of] p1a: Ho-Oh\n|\n|upkeep\n|turn|7\n|\n|t:|1698756128\n|move|p2a: Kyurem|Scale Shot|p1a: Ho-Oh|[miss]\n|-miss|p2a: Kyurem|p1a: Ho-Oh\n|move|p1a: Ho-Oh|Whirlwind|p2a: Kyurem\n|drag|p2a: Deoxys|Deoxys-Defense|100\/100\n|-ability|p2a: Deoxys|Pressure\n|\n|upkeep\n|turn|8\n|\n|t:|1698756137\n|switch|p1a: Yveltal|Yveltal|79\/100\n|-ability|p1a: Yveltal|Dark Aura\n|move|p2a: Deoxys|Toxic|p1a: Yveltal\n|-status|p1a: Yveltal|tox\n|\n|-damage|p1a: Yveltal|73\/100 tox|[from] psn\n|upkeep\n|turn|9\n|\n|t:|1698756146\n|move|p1a: Yveltal|U-turn|p2a: Deoxys\n|-supereffective|p2a: Deoxys\n|-damage|p2a: Deoxys|79\/100\n|\n|t:|1698756155\n|switch|p1a: Lunala|Lunala|100\/100|[from] U-turn\n|move|p2a: Deoxys|Cosmic Power|p2a: Deoxys\n|-boost|p2a: Deoxys|def|1\n|-boost|p2a: Deoxys|spd|1\n|\n|-heal|p2a: Deoxys|85\/100|[from] item: Leftovers\n|upkeep\n|turn|10\n|\n|t:|1698756161\n|-terastallize|p2a: Deoxys|Poison\n|move|p1a: Lunala|Calm Mind|p1a: Lunala\n|-boost|p1a: Lunala|spa|1\n|-boost|p1a: Lunala|spd|1\n|move|p2a: Deoxys|Toxic|p1a: Lunala\n|-status|p1a: Lunala|tox\n|\n|-heal|p2a: Deoxys|91\/100|[from] item: Leftovers\n|-damage|p1a: Lunala|94\/100 tox|[from] psn\n|upkeep\n|turn|11\n|\n|t:|1698756169\n|-zpower|p1a: Lunala\n|move|p1a: Lunala|Menacing Moonraze Maelstrom|p2a: Deoxys|[zeffect]\n|-crit|p2a: Deoxys\n|-damage|p2a: Deoxys|0 fnt\n|faint|p2a: Deoxys\n|\n|-damage|p1a: Lunala|82\/100 tox|[from] psn\n|upkeep\n|\n|t:|1698756181\n|switch|p2a: Palafin|Palafin, F|100\/100\n|turn|12\n|\n|t:|1698756186\n|detailschange|p2a: Palafin|Palafin-Hero, F\n|switch|p2a: Kyurem|Kyurem-Black|76\/100\n|-ability|p2a: Kyurem|Teravolt\n|move|p1a: Lunala|Moongeist Beam|p2a: Kyurem\n|-damage|p2a: Kyurem|0 fnt\n|faint|p2a: Kyurem\n|\n|-damage|p1a: Lunala|64\/100 tox|[from] psn\n|upkeep\n|\n|t:|1698756199\n|switch|p2a: Landorus|Landorus, M|100\/100\n|turn|13\n|\n|t:|1698756211\n|switch|p1a: Ho-Oh|Ho-Oh|100\/100\n|move|p2a: Landorus|Sandsear Storm|p1a: Ho-Oh\n|-immune|p1a: Ho-Oh\n|\n|upkeep\n|turn|14\n|\n|t:|1698756219\n|move|p2a: Landorus|Psychic|p1a: Ho-Oh\n|-damage|p1a: Ho-Oh|74\/100\n|move|p1a: Ho-Oh|Toxic|p2a: Landorus\n|-status|p2a: Landorus|tox\n|\n|-damage|p2a: Landorus|95\/100 tox|[from] psn\n|upkeep\n|turn|15\n|\n|t:|1698756224\n|switch|p1a: Yveltal|Yveltal|73\/100 tox\n|-ability|p1a: Yveltal|Dark Aura\n|move|p2a: Landorus|Stealth Rock|p1a: Yveltal\n|-sidestart|p1: Fapa's Nub|move: Stealth Rock\n|\n|-damage|p2a: Landorus|83\/100 tox|[from] psn\n|-damage|p1a: Yveltal|67\/100 tox|[from] psn\n|upkeep\n|turn|16\n|\n|t:|1698756231\n|move|p2a: Landorus|Focus Blast|p1a: Yveltal\n|-damage|p1a: Yveltal|16\/100 tox\n|move|p1a: Yveltal|U-turn|p2a: Landorus\n|-resisted|p2a: Landorus\n|-damage|p2a: Landorus|72\/100 tox\n|\n|t:|1698756239\n|switch|p1a: Deoxys|Deoxys-Attack|100\/100|[from] U-turn\n|-damage|p1a: Deoxys|88\/100|[from] Stealth Rock\n|-ability|p1a: Deoxys|Pressure\n|\n|-damage|p2a: Landorus|54\/100 tox|[from] psn\n|upkeep\n|turn|17\n|\n|t:|1698756245\n|move|p1a: Deoxys|Ice Beam|p2a: Landorus\n|-supereffective|p2a: Landorus\n|-damage|p2a: Landorus|0 fnt\n|faint|p2a: Landorus\n|-damage|p1a: Deoxys|79\/100|[from] item: Life Orb\n|\n|upkeep\n|\n|t:|1698756249\n|switch|p2a: Palafin|Palafin-Hero, F|100\/100\n|-activate|p2a: Palafin|ability: Zero to Hero\n|turn|18\n|\n|t:|1698756252\n|switch|p1a: Groudon|Groudon-Primal|32\/100\n|-damage|p1a: Groudon|19\/100|[from] Stealth Rock\n|-weather|DesolateLand|[from] ability: Desolate Land|[of] p1a: Groudon\n|move|p2a: Palafin|Bulk Up|p2a: Palafin\n|-boost|p2a: Palafin|atk|1\n|-boost|p2a: Palafin|def|1\n|\n|-weather|DesolateLand|[upkeep]\n|upkeep\n|turn|19\n|\n|t:|1698756261\n|move|p2a: Palafin|Bulk Up|p2a: Palafin\n|-boost|p2a: Palafin|atk|1\n|-boost|p2a: Palafin|def|1\n|move|p1a: Groudon|Precipice Blades|p2a: Palafin\n|-damage|p2a: Palafin|64\/100\n|\n|-weather|DesolateLand|[upkeep]\n|-heal|p2a: Palafin|70\/100|[from] item: Leftovers\n|upkeep\n|turn|20\n|\n|t:|1698756268\n|move|p2a: Palafin|Bulk Up|p2a: Palafin\n|-boost|p2a: Palafin|atk|1\n|-boost|p2a: Palafin|def|1\n|move|p1a: Groudon|Stealth Rock|p2a: Palafin\n|-sidestart|p2: TheThanatos|move: Stealth Rock\n|\n|-weather|DesolateLand|[upkeep]\n|-heal|p2a: Palafin|76\/100|[from] item: Leftovers\n|upkeep\n|turn|21\n|\n|t:|1698756274\n|move|p2a: Palafin|Bulk Up|p2a: Palafin\n|-boost|p2a: Palafin|atk|1\n|-boost|p2a: Palafin|def|1\n|move|p1a: Groudon|Stone Edge|p2a: Palafin\n|-damage|p2a: Palafin|64\/100\n|\n|-weather|DesolateLand|[upkeep]\n|-heal|p2a: Palafin|70\/100|[from] item: Leftovers\n|upkeep\n|turn|22\n|\n|t:|1698756281\n|move|p2a: Palafin|Drain Punch|p1a: Groudon\n|-damage|p1a: Groudon|0 fnt\n|-heal|p2a: Palafin|79\/100|[from] drain|[of] p1a: Groudon\n|faint|p1a: Groudon\n|-weather|none\n|\n|-heal|p2a: Palafin|85\/100|[from] item: Leftovers\n|upkeep\n|\n|t:|1698756291\n|switch|p1a: Lopunny|Lopunny, M|100\/100\n|-damage|p1a: Lopunny|88\/100|[from] Stealth Rock\n|turn|23\n|\n|t:|1698756297\n|detailschange|p1a: Lopunny|Lopunny-Mega, M\n|-mega|p1a: Lopunny|Lopunny|Lopunnite\n|move|p1a: Lopunny|Fake Out|p2a: Palafin\n|-damage|p2a: Palafin|78\/100\n|cant|p2a: Palafin|flinch\n|\n|-heal|p2a: Palafin|84\/100|[from] item: Leftovers\n|upkeep\n|turn|24\n|\n|t:|1698756307\n|move|p1a: Lopunny|Healing Wish|p1a: Lopunny\n|faint|p1a: Lopunny\n|move|p2a: Palafin|Drain Punch|p1: Lopunny|[notarget]\n|-fail|p2a: Palafin\n|\n|-heal|p2a: Palafin|90\/100|[from] item: Leftovers\n|upkeep\n|\n|t:|1698756314\n|switch|p1a: Deoxys|Deoxys-Attack|79\/100\n|-heal|p1a: Deoxys|100\/100|[from] move: Healing Wish\n|-damage|p1a: Deoxys|88\/100|[from] Stealth Rock\n|-ability|p1a: Deoxys|Pressure\n|turn|25\n|\n|t:|1698756318\n|move|p2a: Palafin|Jet Punch|p1a: Deoxys\n|-damage|p1a: Deoxys|0 fnt\n|faint|p1a: Deoxys\n|\n|-heal|p2a: Palafin|97\/100|[from] item: Leftovers\n|upkeep\n|\n|t:|1698756323\n|switch|p1a: Lunala|Lunala|64\/100 tox\n|-damage|p1a: Lunala|52\/100 tox|[from] Stealth Rock\n|turn|26\n|-message|Fapa's Nub forfeited.\n|\n|win|TheThanatos\n|raw|Fapa&apos;s Nub's rating: 1304 &rarr; <strong>1288<\/strong><br \/>(-16 for losing)\n|raw|TheThanatos's rating: 1369 &rarr; <strong>1385<\/strong><br \/>(+16 for winning)\n|l|\u2606Fapa's Nub\n","uploadtime":1698756346,"views":6,"p1id":"fapasnub","p2id":"thethanatos","formatid":"gen9nationaldexubers","rating":1288,"private":0,"password":""}