{"id":"gen9nationaldexubers-1998573427","p1":"visi2020","p2":"maxand25564","format":"[Gen 9] National Dex Ubers","log":"|j|\u2606visi2020\n|j|\u2606maxand25564\n|t:|1700958043\n|gametype|singles\n|player|p1|visi2020|169|1111\n|player|p2|maxand25564|lucas|1114\n|teamsize|p1|6\n|teamsize|p2|6\n|gen|9\n|tier|[Gen 9] National Dex Ubers\n|rated|\n|rule|HP Percentage Mod: HP is shown in percentages\n|rule|Endless Battle Clause: Forcing endless battles is banned\n|rule|OHKO Clause: OHKO moves are banned\n|rule|Evasion Moves Clause: Evasion moves are banned\n|rule|Evasion Items Clause: Evasion items are banned\n|rule|Species Clause: Limit one of each Pok\u00e9mon\n|rule|Sleep Clause Mod: Limit one foe put to sleep\n|rule|Mega Rayquaza Clause: You cannot mega evolve Rayquaza\n|clearpoke\n|poke|p1|Lucario, M|\n|poke|p1|Ceruledge, M|\n|poke|p1|Gliscor, F|\n|poke|p1|Samurott-Hisui, M|\n|poke|p1|Dipplin, M|\n|poke|p1|Vikavolt, F|\n|poke|p2|Blaziken, M|\n|poke|p2|Groudon|\n|poke|p2|Arceus-Dragon|\n|poke|p2|Eternatus|\n|poke|p2|Alakazam, M|\n|poke|p2|Mewtwo|\n|teampreview\n|\n|t:|1700958050\n|start\n|switch|p1a: Dipplin|Dipplin, M, shiny|100\/100\n|switch|p2a: Blaziken|Blaziken, M|100\/100\n|-ability|p1a: Dipplin|Supersweet Syrup\n|-ability|p1a: Dipplin|Supersweet Syrup|boost\n|-unboost|p2a: Blaziken|evasion|1\n|turn|1\n|\n|t:|1700958072\n|move|p2a: Blaziken|Earthquake|p1a: Dipplin\n|-resisted|p1a: Dipplin\n|-damage|p1a: Dipplin|85\/100\n|move|p1a: Dipplin|Syrup Bomb|p2a: Blaziken\n|-resisted|p2a: Blaziken\n|-damage|p2a: Blaziken|78\/100\n|-start|p2a: Blaziken|Syrup Bomb\n|\n|-heal|p1a: Dipplin|91\/100|[from] item: Leftovers\n|-unboost|p2a: Blaziken|spe|1\n|-ability|p2a: Blaziken|Speed Boost|boost\n|-boost|p2a: Blaziken|spe|1\n|upkeep\n|turn|2\n|\n|t:|1700958142\n|move|p2a: Blaziken|Blaze Kick|p1a: Dipplin\n|-damage|p1a: Dipplin|49\/100\n|move|p1a: Dipplin|Dragon Pulse|p2a: Blaziken\n|-damage|p2a: Blaziken|19\/100\n|\n|-heal|p1a: Dipplin|55\/100|[from] item: Leftovers\n|-unboost|p2a: Blaziken|spe|1\n|-ability|p2a: Blaziken|Speed Boost|boost\n|-boost|p2a: Blaziken|spe|1\n|upkeep\n|turn|3\n|\n|t:|1700958153\n|move|p2a: Blaziken|Blaze Kick|p1a: Dipplin\n|-damage|p1a: Dipplin|17\/100\n|move|p1a: Dipplin|Dragon Pulse|p2a: Blaziken\n|-damage|p2a: Blaziken|0 fnt\n|faint|p2a: Blaziken\n|\n|-heal|p1a: Dipplin|23\/100|[from] item: Leftovers\n|upkeep\n|\n|t:|1700958163\n|switch|p2a: Mewtwo|Mewtwo|100\/100\n|-ability|p2a: Mewtwo|Pressure\n|turn|4\n|\n|t:|1700958173\n|move|p2a: Mewtwo|Psystrike|p1a: Dipplin\n|-damage|p1a: Dipplin|0 fnt\n|faint|p1a: Dipplin\n|\n|upkeep\n|\n|t:|1700958178\n|switch|p1a: Samurott|Samurott-Hisui, M, shiny|100\/100\n|turn|5\n|\n|t:|1700958187\n|move|p2a: Mewtwo|Dark Pulse|p1a: Samurott\n|-resisted|p1a: Samurott\n|-damage|p1a: Samurott|79\/100\n|move|p1a: Samurott|Ceaseless Edge|p2a: Mewtwo\n|-supereffective|p2a: Mewtwo\n|-damage|p2a: Mewtwo|0 fnt\n|-sidestart|p2: maxand25564|Spikes\n|faint|p2a: Mewtwo\n|\n|upkeep\n|\n|t:|1700958197\n|switch|p2a: Groudon|Groudon|100\/100\n|-damage|p2a: Groudon|88\/100|[from] Spikes\n|detailschange|p2a: Groudon|Groudon-Primal\n|-primal|p2a: Groudon|Red Orb\n|-weather|DesolateLand|[from] ability: Desolate Land|[of] p2a: Groudon\n|turn|6\n|\n|t:|1700958217\n|switch|p1a: Gliscor|Gliscor, F, shiny|100\/100\n|move|p2a: Groudon|Precipice Blades|p1a: Gliscor\n|-immune|p1a: Gliscor\n|\n|-weather|DesolateLand|[upkeep]\n|-status|p1a: Gliscor|tox|[from] item: Toxic Orb\n|upkeep\n|turn|7\n|\n|t:|1700958227\n|move|p1a: Gliscor|Earthquake|p2a: Groudon\n|-supereffective|p2a: Groudon\n|-damage|p2a: Groudon|39\/100\n|move|p2a: Groudon|Brick Break|p1a: Gliscor\n|-resisted|p1a: Gliscor\n|-damage|p1a: Gliscor|82\/100 tox\n|\n|-weather|DesolateLand|[upkeep]\n|-heal|p1a: Gliscor|94\/100 tox|[from] ability: Poison Heal\n|upkeep\n|turn|8\n|\n|t:|1700958238\n|-weather|none\n|switch|p2a: Alakazam|Alakazam, M|100\/100\n|-damage|p2a: Alakazam|88\/100|[from] Spikes\n|move|p1a: Gliscor|Earthquake|p2a: Alakazam\n|-damage|p2a: Alakazam|0 fnt\n|faint|p2a: Alakazam\n|\n|-heal|p1a: Gliscor|100\/100 tox|[from] ability: Poison Heal\n|upkeep\n|\n|t:|1700958249\n|switch|p2a: Eternatus|Eternatus|100\/100\n|-damage|p2a: Eternatus|88\/100|[from] Spikes\n|-ability|p2a: Eternatus|Pressure\n|turn|9\n|\n|t:|1700958258\n|move|p1a: Gliscor|Earthquake|p2a: Eternatus\n|-supereffective|p2a: Eternatus\n|-damage|p2a: Eternatus|27\/100\n|move|p2a: Eternatus|Dynamax Cannon|p1a: Gliscor\n|-crit|p1a: Gliscor\n|-damage|p1a: Gliscor|0 fnt\n|faint|p1a: Gliscor\n|\n|-heal|p2a: Eternatus|34\/100|[from] item: Leftovers\n|upkeep\n|\n|t:|1700958273\n|switch|p1a: Ceruledge|Ceruledge, M, shiny|100\/100\n|turn|10\n|\n|t:|1700958279\n|switch|p2a: Arceus|Arceus-Dragon|100\/100\n|-damage|p2a: Arceus|88\/100|[from] Spikes\n|move|p1a: Ceruledge|Psycho Cut|p2a: Arceus\n|-crit|p2a: Arceus\n|-damage|p2a: Arceus|63\/100\n|\n|upkeep\n|turn|11\n|\n|t:|1700958289\n|move|p1a: Ceruledge|Destiny Bond|p1a: Ceruledge\n|-singlemove|p1a: Ceruledge|Destiny Bond\n|move|p2a: Arceus|Earthquake|p1a: Ceruledge\n|-supereffective|p1a: Ceruledge\n|-damage|p1a: Ceruledge|0 fnt\n|faint|p1a: Ceruledge\n|-activate|p1a: Ceruledge|move: Destiny Bond\n|faint|p2a: Arceus\n|\n|upkeep\n|\n|t:|1700958299\n|switch|p1a: Vikavolt|Vikavolt, F, shiny|100\/100\n|switch|p2a: Eternatus|Eternatus|34\/100\n|-damage|p2a: Eternatus|21\/100|[from] Spikes\n|-ability|p2a: Eternatus|Pressure\n|turn|12\n|-activate|p1a: Vikavolt|item: Quick Claw\n|\n|t:|1700958313\n|move|p1a: Vikavolt|Thunder Wave|p2a: Eternatus|[miss]\n|-miss|p1a: Vikavolt|p2a: Eternatus\n|move|p2a: Eternatus|Dynamax Cannon|p1a: Vikavolt\n|-damage|p1a: Vikavolt|24\/100\n|\n|-heal|p2a: Eternatus|27\/100|[from] item: Leftovers\n|upkeep\n|turn|13\n|\n|t:|1700958325\n|move|p2a: Eternatus|Dynamax Cannon|p1a: Vikavolt\n|-damage|p1a: Vikavolt|0 fnt\n|faint|p1a: Vikavolt\n|\n|-heal|p2a: Eternatus|34\/100|[from] item: Leftovers\n|upkeep\n|\n|t:|1700958332\n|switch|p1a: Samurott|Samurott-Hisui, M, shiny|79\/100\n|turn|14\n|\n|t:|1700958342\n|-terastallize|p1a: Samurott|Water\n|move|p2a: Eternatus|Dynamax Cannon|p1a: Samurott\n|-damage|p1a: Samurott|0 fnt\n|faint|p1a: Samurott\n|\n|-heal|p2a: Eternatus|40\/100|[from] item: Leftovers\n|upkeep\n|\n|t:|1700958349\n|switch|p1a: Lucario|Lucario, M, shiny|100\/100\n|turn|15\n|\n|t:|1700958359\n|detailschange|p1a: Lucario|Lucario-Mega, M, shiny\n|-mega|p1a: Lucario|Lucario|Lucarionite\n|move|p1a: Lucario|Flash Cannon|p2a: Eternatus\n|-damage|p2a: Eternatus|0 fnt\n|faint|p2a: Eternatus\n|\n|upkeep\n|\n|t:|1700958367\n|switch|p2a: Groudon|Groudon-Primal|39\/100\n|-damage|p2a: Groudon|27\/100|[from] Spikes\n|-weather|DesolateLand|[from] ability: Desolate Land|[of] p2a: Groudon\n|turn|16\n|\n|t:|1700958379\n|move|p1a: Lucario|Aura Sphere|p2a: Groudon\n|-damage|p2a: Groudon|0 fnt\n|faint|p2a: Groudon\n|-weather|none\n|\n|win|visi2020\n|raw|visi2020's rating: 1111 &rarr; <strong>1136<\/strong><br \/>(+25 for winning)\n|raw|maxand25564's rating: 1114 &rarr; <strong>1089<\/strong><br \/>(-25 for losing)\n|l|\u2606maxand25564\n","uploadtime":1700958390,"views":9,"p1id":"visi2020","p2id":"maxand25564","formatid":"gen9nationaldexubers","rating":1089,"private":0,"password":""}