{"id":"gen9nationaldexubers-1983851342","p1":"The power of ROCK","p2":"sussuspotussus","format":"[Gen 9] National Dex Ubers","log":"|j|\u2606The power of ROCK\n|j|\u2606sussuspotussus\n|t:|1699191710\n|gametype|singles\n|player|p1|The power of ROCK|roark|\n|player|p2|sussuspotussus|acetrainer|\n|teamsize|p1|6\n|teamsize|p2|6\n|gen|9\n|tier|[Gen 9] National Dex Ubers\n|rule|HP Percentage Mod: HP is shown in percentages\n|rule|Endless Battle Clause: Forcing endless battles is banned\n|rule|OHKO Clause: OHKO moves are banned\n|rule|Evasion Moves Clause: Evasion moves are banned\n|rule|Evasion Items Clause: Evasion items are banned\n|rule|Species Clause: Limit one of each Pok\u00e9mon\n|rule|Sleep Clause Mod: Limit one foe put to sleep\n|rule|Mega Rayquaza Clause: You cannot mega evolve Rayquaza\n|clearpoke\n|poke|p1|Tyranitar, F|\n|poke|p1|Garganacl, M|\n|poke|p1|Aggron, F|\n|poke|p1|Glimmora, F|\n|poke|p1|Cradily, F|\n|poke|p1|Probopass, L1, F|\n|poke|p2|Lucario, F|\n|poke|p2|Magearna|\n|poke|p2|Jirachi|\n|poke|p2|Bisharp, M|\n|poke|p2|Tinkaton, F|\n|poke|p2|Excadrill, F|\n|teampreview\n|inactive|Battle timer is ON: inactive players will automatically lose when time's up. (requested by sussuspotussus)\n|c|\u2606sussuspotussus|THIS time\n|c|\u2606The power of ROCK|I changed to my main just 4 u\n|c|\u2606sussuspotussus|okay\n|c|\u2606The power of ROCK|Since im on my main i'll give you the badge if you win\n|inactive|The power of ROCK has 270 seconds left.\n|c|\u2606sussuspotussus|ok\n|c|\u2606The power of ROCK|if you **CAN** win that is\n|\n|t:|1699191750\n|start\n|switch|p1a: Aggron|Aggron, F|100\/100\n|switch|p2a: Excadrill|Excadrill, F|100\/100\n|-ability|p2a: Excadrill|Mold Breaker\n|turn|1\n|c|\u2606sussuspotussus|most likely wont\n|\n|t:|1699191761\n|detailschange|p1a: Aggron|Aggron-Mega, F\n|-mega|p1a: Aggron|Aggron|Aggronite\n|move|p2a: Excadrill|Earthquake|p1a: Aggron\n|-supereffective|p1a: Aggron\n|-damage|p1a: Aggron|57\/100\n|move|p1a: Aggron|Body Press|p2a: Excadrill\n|-supereffective|p2a: Excadrill\n|-enditem|p2a: Excadrill|Focus Sash\n|-damage|p2a: Excadrill|1\/100\n|\n|upkeep\n|turn|2\n|\n|t:|1699191770\n|move|p2a: Excadrill|Rock Tomb|p1a: Aggron\n|-resisted|p1a: Aggron\n|-damage|p1a: Aggron|53\/100\n|-unboost|p1a: Aggron|spe|1\n|move|p1a: Aggron|Body Press|p2a: Excadrill\n|-supereffective|p2a: Excadrill\n|-damage|p2a: Excadrill|0 fnt\n|faint|p2a: Excadrill\n|\n|upkeep\n|\n|t:|1699191787\n|switch|p2a: Magearna|Magearna|100\/100\n|turn|3\n|\n|t:|1699191807\n|switch|p1a: Garganacl|Garganacl, M|100\/100\n|move|p2a: Magearna|Iron Defense|p2a: Magearna\n|-boost|p2a: Magearna|def|2\n|\n|upkeep\n|turn|4\n|\n|t:|1699191817\n|-terastallize|p1a: Garganacl|Ghost\n|move|p2a: Magearna|Calm Mind|p2a: Magearna\n|-boost|p2a: Magearna|spa|1\n|-boost|p2a: Magearna|spd|1\n|move|p1a: Garganacl|Salt Cure|p2a: Magearna\n|-resisted|p2a: Magearna\n|-damage|p2a: Magearna|98\/100\n|-start|p2a: Magearna|Salt Cure\n|\n|-heal|p2a: Magearna|100\/100|[from] item: Leftovers\n|-damage|p2a: Magearna|76\/100|[from] Salt Cure\n|upkeep\n|turn|5\n|\n|t:|1699191839\n|switch|p1a: Tyranitar|Tyranitar, F|100\/100\n|-weather|Sandstorm|[from] ability: Sand Stream|[of] p1a: Tyranitar\n|move|p2a: Magearna|Stored Power|p1a: Tyranitar\n|-immune|p1a: Tyranitar\n|\n|-weather|Sandstorm|[upkeep]\n|-heal|p2a: Magearna|82\/100|[from] item: Leftovers\n|-damage|p2a: Magearna|57\/100|[from] Salt Cure\n|upkeep\n|turn|6\n|inactive|The power of ROCK has 270 seconds left.\n|\n|t:|1699191875\n|move|p2a: Magearna|Draining Kiss|p1a: Tyranitar\n|-supereffective|p1a: Tyranitar\n|-damage|p1a: Tyranitar|84\/100\n|-heal|p2a: Magearna|71\/100|[from] drain|[of] p1a: Tyranitar\n|move|p1a: Tyranitar|Knock Off|p2a: Magearna\n|-resisted|p2a: Magearna\n|-damage|p2a: Magearna|64\/100\n|-enditem|p2a: Magearna|Leftovers|[from] move: Knock Off|[of] p1a: Tyranitar\n|\n|-weather|Sandstorm|[upkeep]\n|-damage|p2a: Magearna|39\/100|[from] Salt Cure\n|upkeep\n|turn|7\n|inactive|The power of ROCK has 270 seconds left.\n|\n|t:|1699191894\n|move|p2a: Magearna|Draining Kiss|p1a: Tyranitar\n|-supereffective|p1a: Tyranitar\n|-damage|p1a: Tyranitar|68\/100\n|-heal|p2a: Magearna|53\/100|[from] drain|[of] p1a: Tyranitar\n|move|p1a: Tyranitar|Rock Blast|p2a: Magearna\n|-resisted|p2a: Magearna\n|-damage|p2a: Magearna|51\/100\n|-resisted|p2a: Magearna\n|-damage|p2a: Magearna|50\/100\n|-resisted|p2a: Magearna\n|-damage|p2a: Magearna|48\/100\n|-resisted|p2a: Magearna\n|-damage|p2a: Magearna|47\/100\n|-hitcount|p2a: Magearna|4\n|\n|-weather|Sandstorm|[upkeep]\n|-damage|p2a: Magearna|22\/100|[from] Salt Cure\n|upkeep\n|turn|8\n|inactive|The power of ROCK has 270 seconds left.\n|\n|t:|1699191908\n|switch|p1a: Cradily|Cradily, F|100\/100\n|move|p2a: Magearna|Draining Kiss|p1a: Cradily\n|-damage|p1a: Cradily|85\/100\n|-heal|p2a: Magearna|34\/100|[from] drain|[of] p1a: Cradily\n|\n|-weather|Sandstorm|[upkeep]\n|-damage|p2a: Magearna|9\/100|[from] Salt Cure\n|upkeep\n|turn|9\n|inactive|sussuspotussus has 270 seconds left.\n|c|\u2606The power of ROCK|on my main i am focused and respectful\n|c|\u2606The power of ROCK|i even say gg\n|\n|t:|1699191942\n|move|p2a: Magearna|Stored Power|p1a: Cradily\n|-damage|p1a: Cradily|64\/100\n|move|p1a: Cradily|Leech Seed|p2a: Magearna\n|-start|p2a: Magearna|move: Leech Seed\n|\n|-weather|none\n|-damage|p2a: Magearna|0 fnt|[from] Leech Seed|[of] p1a: Cradily\n|-heal|p1a: Cradily|73\/100|[silent]\n|faint|p2a: Magearna\n|upkeep\n|inactive|sussuspotussus has 240 seconds left.\n|\n|t:|1699191991\n|switch|p2a: Jirachi|Jirachi|100\/100\n|turn|10\n|inactive|The power of ROCK has 270 seconds left.\n|\n|t:|1699192018\n|switch|p1a: Garganacl|Garganacl, M, tera:Ghost|100\/100\n|move|p2a: Jirachi|Iron Head|p1a: Garganacl\n|-crit|p1a: Garganacl\n|-damage|p1a: Garganacl|71\/100\n|\n|upkeep\n|turn|11\n|\n|t:|1699192024\n|move|p2a: Jirachi|Iron Head|p1a: Garganacl\n|-damage|p1a: Garganacl|52\/100\n|cant|p1a: Garganacl|flinch\n|\n|upkeep\n|turn|12\n|inactive|sussuspotussus has 240 seconds left.\n|c|\u2606The power of ROCK|oh no\n|\n|t:|1699192031\n|move|p2a: Jirachi|Iron Head|p1a: Garganacl\n|-damage|p1a: Garganacl|34\/100\n|cant|p1a: Garganacl|flinch\n|\n|upkeep\n|turn|13\n|c|\u2606The power of ROCK|can you not\n|\n|t:|1699192039\n|move|p2a: Jirachi|Iron Head|p1a: Garganacl\n|-damage|p1a: Garganacl|17\/100\n|move|p1a: Garganacl|Recover|p1a: Garganacl\n|-heal|p1a: Garganacl|67\/100\n|\n|upkeep\n|turn|14\n|\n|t:|1699192046\n|move|p2a: Jirachi|Iron Head|p1a: Garganacl\n|-damage|p1a: Garganacl|47\/100\n|move|p1a: Garganacl|Salt Cure|p2a: Jirachi\n|-resisted|p2a: Jirachi\n|-damage|p2a: Jirachi|95\/100\n|-start|p2a: Jirachi|Salt Cure\n|\n|-heal|p2a: Jirachi|100\/100|[from] item: Leftovers\n|-damage|p2a: Jirachi|75\/100|[from] Salt Cure\n|upkeep\n|turn|15\n|\n|t:|1699192053\n|move|p2a: Jirachi|Iron Head|p1a: Garganacl\n|-damage|p1a: Garganacl|27\/100\n|move|p1a: Garganacl|Recover|p1a: Garganacl\n|-heal|p1a: Garganacl|77\/100\n|\n|-heal|p2a: Jirachi|82\/100|[from] item: Leftovers\n|-damage|p2a: Jirachi|57\/100|[from] Salt Cure\n|upkeep\n|turn|16\n|\n|t:|1699192059\n|move|p2a: Jirachi|Iron Head|p1a: Garganacl\n|-damage|p1a: Garganacl|59\/100\n|cant|p1a: Garganacl|flinch\n|\n|-heal|p2a: Jirachi|63\/100|[from] item: Leftovers\n|-damage|p2a: Jirachi|38\/100|[from] Salt Cure\n|upkeep\n|turn|17\n|\n|t:|1699192066\n|move|p2a: Jirachi|Iron Head|p1a: Garganacl\n|-damage|p1a: Garganacl|39\/100\n|cant|p1a: Garganacl|flinch\n|\n|-heal|p2a: Jirachi|44\/100|[from] item: Leftovers\n|-damage|p2a: Jirachi|19\/100|[from] Salt Cure\n|upkeep\n|turn|18\n|c|\u2606The power of ROCK|please\n|\n|t:|1699192070\n|move|p2a: Jirachi|Wish|p2a: Jirachi\n|move|p1a: Garganacl|Recover|p1a: Garganacl\n|-heal|p1a: Garganacl|89\/100\n|\n|-heal|p2a: Jirachi|25\/100|[from] item: Leftovers\n|-damage|p2a: Jirachi|0 fnt|[from] Salt Cure\n|faint|p2a: Jirachi\n|upkeep\n|\n|t:|1699192080\n|switch|p2a: Bisharp|Bisharp, M|100\/100\n|turn|19\n|\n|t:|1699192097\n|switch|p1a: Aggron|Aggron-Mega, F|53\/100\n|move|p2a: Bisharp|Swords Dance|p2a: Bisharp\n|-boost|p2a: Bisharp|atk|2\n|\n|upkeep\n|turn|20\n|\n|t:|1699192109\n|move|p2a: Bisharp|Night Slash|p1a: Aggron\n|-damage|p1a: Aggron|23\/100\n|move|p1a: Aggron|Rest|p1a: Aggron\n|-status|p1a: Aggron|slp|[from] move: Rest\n|-heal|p1a: Aggron|100\/100 slp|[silent]\n|\n|upkeep\n|turn|21\n|\n|t:|1699192119\n|move|p2a: Bisharp|Swords Dance|p2a: Bisharp\n|-boost|p2a: Bisharp|atk|2\n|cant|p1a: Aggron|slp\n|move|p1a: Aggron|Sleep Talk|p1a: Aggron\n|move|p1a: Aggron|Iron Defense|p1a: Aggron|[from]move: Sleep Talk\n|-boost|p1a: Aggron|def|2\n|\n|upkeep\n|turn|22\n|inactive|sussuspotussus has 270 seconds left.\n|\n|t:|1699192158\n|move|p2a: Bisharp|Night Slash|p1a: Aggron\n|-damage|p1a: Aggron|77\/100 slp\n|cant|p1a: Aggron|slp\n|move|p1a: Aggron|Sleep Talk|p1a: Aggron\n|move|p1a: Aggron|Body Press|p2a: Bisharp|[from]move: Sleep Talk\n|-supereffective|p2a: Bisharp\n|-damage|p2a: Bisharp|0 fnt\n|faint|p2a: Bisharp\n|\n|upkeep\n|\n|t:|1699192167\n|switch|p2a: Tinkaton|Tinkaton, F|100\/100\n|-ability|p2a: Tinkaton|Mold Breaker\n|turn|23\n|\n|t:|1699192178\n|move|p2a: Tinkaton|Gigaton Hammer|p1a: Aggron\n|-resisted|p1a: Aggron\n|-damage|p1a: Aggron|73\/100 slp\n|-curestatus|p1a: Aggron|slp|[msg]\n|move|p1a: Aggron|Body Press|p2a: Tinkaton\n|-damage|p2a: Tinkaton|0 fnt\n|faint|p2a: Tinkaton\n|\n|upkeep\n|\n|t:|1699192182\n|switch|p2a: Lucario|Lucario, F|100\/100\n|turn|24\n|\n|t:|1699192191\n|detailschange|p2a: Lucario|Lucario-Mega, F\n|-mega|p2a: Lucario|Lucario|Lucarionite\n|move|p2a: Lucario|Substitute|p2a: Lucario\n|-start|p2a: Lucario|Substitute\n|-damage|p2a: Lucario|76\/100\n|move|p1a: Aggron|Body Press|p2a: Lucario\n|-supereffective|p2a: Lucario\n|-end|p2a: Lucario|Substitute\n|\n|upkeep\n|turn|25\n|inactive|sussuspotussus has 270 seconds left.\n|\n|t:|1699192201\n|move|p2a: Lucario|Substitute|p2a: Lucario\n|-start|p2a: Lucario|Substitute\n|-damage|p2a: Lucario|51\/100\n|move|p1a: Aggron|Body Press|p2a: Lucario\n|-supereffective|p2a: Lucario\n|-end|p2a: Lucario|Substitute\n|\n|upkeep\n|turn|26\n|\n|t:|1699192208\n|move|p2a: Lucario|Substitute|p2a: Lucario\n|-start|p2a: Lucario|Substitute\n|-damage|p2a: Lucario|26\/100\n|move|p1a: Aggron|Body Press|p2a: Lucario\n|-supereffective|p2a: Lucario\n|-end|p2a: Lucario|Substitute\n|\n|upkeep\n|turn|27\n|\n|t:|1699192223\n|move|p2a: Lucario|Reversal|p1a: Aggron\n|-supereffective|p1a: Aggron\n|-damage|p1a: Aggron|53\/100\n|move|p1a: Aggron|Body Press|p2a: Lucario\n|-supereffective|p2a: Lucario\n|-damage|p2a: Lucario|0 fnt\n|faint|p2a: Lucario\n|\n|win|The power of ROCK\n|c|\u2606The power of ROCK|gg : )\n","uploadtime":1699192227,"views":3,"p1id":"thepowerofrock","p2id":"sussuspotussus","formatid":"gen9nationaldexubers","rating":0,"private":0,"password":""}