{"id":"gen9nationaldexubers-1988677721","p1":"xikeso","p2":"hyrz96","format":"[Gen 9] National Dex Ubers","log":"|j|\u2606xikeso\n|j|\u2606hyrz96\n|t:|1699749508\n|gametype|singles\n|player|p1|xikeso|iono|1417\n|player|p2|hyrz96|266|1575\n|teamsize|p1|6\n|teamsize|p2|6\n|gen|9\n|tier|[Gen 9] National Dex Ubers\n|rated|\n|rule|HP Percentage Mod: HP is shown in percentages\n|rule|Endless Battle Clause: Forcing endless battles is banned\n|rule|OHKO Clause: OHKO moves are banned\n|rule|Evasion Moves Clause: Evasion moves are banned\n|rule|Evasion Items Clause: Evasion items are banned\n|rule|Species Clause: Limit one of each Pok\u00e9mon\n|rule|Sleep Clause Mod: Limit one foe put to sleep\n|rule|Mega Rayquaza Clause: You cannot mega evolve Rayquaza\n|clearpoke\n|poke|p1|Whimsicott, F|\n|poke|p1|Basculegion, M|\n|poke|p1|Arceus|\n|poke|p1|Groudon|\n|poke|p1|Xerneas-*|\n|poke|p1|Ho-Oh|\n|poke|p2|Arceus-Ground|\n|poke|p2|Zygarde|\n|poke|p2|Ho-Oh|\n|poke|p2|Xerneas-*|\n|poke|p2|Mewtwo|\n|poke|p2|Tyranitar, M|\n|teampreview\n|inactive|Battle timer is ON: inactive players will automatically lose when time's up. (requested by xikeso)\n|\n|t:|1699749521\n|start\n|switch|p1a: Groudon|Groudon, shiny|100\/100\n|switch|p2a: Tyranitar|Tyranitar, M|100\/100\n|-weather|Sandstorm|[from] ability: Sand Stream|[of] p2a: Tyranitar\n|detailschange|p1a: Groudon|Groudon-Primal, shiny\n|-primal|p1a: Groudon|Red Orb\n|-weather|DesolateLand|[from] ability: Desolate Land|[of] p1a: Groudon\n|turn|1\n|\n|t:|1699749535\n|switch|p2a: Ho-Oh|Ho-Oh|100\/100\n|move|p1a: Groudon|Rock Polish|p1a: Groudon\n|-boost|p1a: Groudon|spe|2\n|\n|-weather|DesolateLand|[upkeep]\n|upkeep\n|turn|2\n|\n|t:|1699749542\n|move|p1a: Groudon|Stone Edge|p2a: Ho-Oh\n|-supereffective|p2a: Ho-Oh\n|-crit|p2a: Ho-Oh\n|-damage|p2a: Ho-Oh|0 fnt\n|faint|p2a: Ho-Oh\n|\n|-weather|DesolateLand|[upkeep]\n|upkeep\n|\n|t:|1699749549\n|switch|p2a: Arceus|Arceus-Ground|100\/100\n|turn|3\n|\n|t:|1699749562\n|move|p1a: Groudon|Precipice Blades|p2a: Arceus\n|-damage|p2a: Arceus|41\/100\n|move|p2a: Arceus|Earthquake|p1a: Groudon\n|-supereffective|p1a: Groudon\n|-damage|p1a: Groudon|20\/100\n|\n|-weather|DesolateLand|[upkeep]\n|upkeep\n|turn|4\n|\n|t:|1699749571\n|move|p2a: Arceus|Extreme Speed|p1a: Groudon\n|-damage|p1a: Groudon|3\/100\n|move|p1a: Groudon|Heat Crash|p2a: Arceus\n|-damage|p2a: Arceus|0 fnt\n|faint|p2a: Arceus\n|\n|-weather|DesolateLand|[upkeep]\n|upkeep\n|\n|t:|1699749580\n|switch|p2a: Zygarde|Zygarde|100\/100\n|turn|5\n|\n|t:|1699749611\n|-weather|none\n|switch|p1a: Arceus|Arceus|100\/100\n|move|p2a: Zygarde|Coil|p2a: Zygarde\n|-boost|p2a: Zygarde|atk|1\n|-boost|p2a: Zygarde|def|1\n|-boost|p2a: Zygarde|accuracy|1\n|\n|upkeep\n|turn|6\n|\n|t:|1699749620\n|move|p1a: Arceus|Will-O-Wisp|p2a: Zygarde\n|-status|p2a: Zygarde|brn\n|move|p2a: Zygarde|Thousand Arrows|p1a: Arceus\n|-damage|p1a: Arceus|80\/100\n|\n|-damage|p2a: Zygarde|94\/100 brn|[from] brn\n|upkeep\n|turn|7\n|\n|t:|1699749635\n|switch|p1a: Groudon|Groudon-Primal, shiny|3\/100\n|-weather|DesolateLand|[from] ability: Desolate Land|[of] p1a: Groudon\n|switch|p2a: Tyranitar|Tyranitar, M|100\/100\n|-ability|p2a: Tyranitar|Sand Stream|[from] desolateland|[fail]\n|\n|-weather|DesolateLand|[upkeep]\n|upkeep\n|turn|8\n|\n|t:|1699749646\n|detailschange|p2a: Tyranitar|Tyranitar-Mega, M\n|-mega|p2a: Tyranitar|Tyranitar|Tyranitarite\n|-ability|p2a: Tyranitar|Sand Stream|[from] desolateland|[fail]\n|move|p1a: Groudon|Precipice Blades|p2a: Tyranitar\n|-supereffective|p2a: Tyranitar\n|-damage|p2a: Tyranitar|2\/100\n|move|p2a: Tyranitar|Stealth Rock|p1a: Groudon\n|-sidestart|p1: xikeso|move: Stealth Rock\n|\n|-weather|DesolateLand|[upkeep]\n|upkeep\n|turn|9\n|\n|t:|1699749656\n|move|p1a: Groudon|Heat Crash|p2a: Tyranitar\n|-resisted|p2a: Tyranitar\n|-damage|p2a: Tyranitar|0 fnt\n|faint|p2a: Tyranitar\n|\n|-weather|DesolateLand|[upkeep]\n|upkeep\n|\n|t:|1699749662\n|switch|p2a: Mewtwo|Mewtwo|100\/100\n|-ability|p2a: Mewtwo|Pressure\n|turn|10\n|\n|t:|1699749670\n|move|p2a: Mewtwo|Psystrike|p1a: Groudon\n|-damage|p1a: Groudon|0 fnt\n|faint|p1a: Groudon\n|-weather|none\n|\n|upkeep\n|\n|t:|1699749684\n|switch|p1a: Arceus|Arceus|80\/100\n|-damage|p1a: Arceus|68\/100|[from] Stealth Rock\n|turn|11\n|\n|t:|1699749688\n|move|p1a: Arceus|Extreme Speed|p2a: Mewtwo\n|-damage|p2a: Mewtwo|48\/100\n|move|p2a: Mewtwo|Psystrike|p1a: Arceus\n|-damage|p1a: Arceus|26\/100\n|\n|upkeep\n|turn|12\n|\n|t:|1699749698\n|switch|p2a: Zygarde|Zygarde|94\/100 brn\n|-terastallize|p1a: Arceus|Normal\n|move|p1a: Arceus|Extreme Speed|p2a: Zygarde\n|-damage|p2a: Zygarde|41\/100 brn\n|\n|-heal|p2a: Zygarde|47\/100 brn|[from] item: Leftovers\n|-damage|p2a: Zygarde|41\/100 brn|[from] brn\n|-activate|p2a: Zygarde|ability: Power Construct\n|detailschange|p2a: Zygarde|Zygarde-Complete\n|-heal|p2a: Zygarde|62\/100 brn|[silent]\n|upkeep\n|turn|13\n|\n|t:|1699749717\n|move|p1a: Arceus|Swords Dance|p1a: Arceus\n|-boost|p1a: Arceus|atk|2\n|move|p2a: Zygarde|Thousand Arrows|p1a: Arceus\n|-damage|p1a: Arceus|11\/100\n|\n|-heal|p2a: Zygarde|68\/100 brn|[from] item: Leftovers\n|-damage|p2a: Zygarde|62\/100 brn|[from] brn\n|upkeep\n|turn|14\n|\n|t:|1699749727\n|move|p1a: Arceus|Extreme Speed|p2a: Zygarde\n|-damage|p2a: Zygarde|1\/100 brn\n|move|p2a: Zygarde|Thousand Arrows|p1a: Arceus\n|-damage|p1a: Arceus|0 fnt\n|faint|p1a: Arceus\n|\n|-heal|p2a: Zygarde|7\/100 brn|[from] item: Leftovers\n|-damage|p2a: Zygarde|1\/100 brn|[from] brn\n|upkeep\n|\n|t:|1699749740\n|switch|p1a: Xerneas|Xerneas|100\/100\n|-damage|p1a: Xerneas|88\/100|[from] Stealth Rock\n|-ability|p1a: Xerneas|Fairy Aura\n|turn|15\n|\n|t:|1699749748\n|move|p1a: Xerneas|Geomancy||[still]\n|-prepare|p1a: Xerneas|Geomancy\n|-enditem|p1a: Xerneas|Power Herb\n|-anim|p1a: Xerneas|Geomancy|p1a: Xerneas\n|-boost|p1a: Xerneas|spa|2\n|-boost|p1a: Xerneas|spd|2\n|-boost|p1a: Xerneas|spe|2\n|move|p2a: Zygarde|Thousand Arrows|p1a: Xerneas\n|-crit|p1a: Xerneas\n|-damage|p1a: Xerneas|59\/100\n|\n|-heal|p2a: Zygarde|7\/100 brn|[from] item: Leftovers\n|-damage|p2a: Zygarde|1\/100 brn|[from] brn\n|upkeep\n|turn|16\n|\n|t:|1699749769\n|-terastallize|p2a: Zygarde|Normal\n|move|p2a: Zygarde|Extreme Speed|p1a: Xerneas\n|-damage|p1a: Xerneas|42\/100\n|move|p1a: Xerneas|Moonblast|p2a: Zygarde\n|-damage|p2a: Zygarde|0 fnt\n|faint|p2a: Zygarde\n|\n|upkeep\n|\n|t:|1699749778\n|switch|p2a: Mewtwo|Mewtwo|48\/100\n|-ability|p2a: Mewtwo|Pressure\n|turn|17\n|\n|t:|1699749784\n|move|p1a: Xerneas|Moonblast|p2a: Mewtwo\n|-damage|p2a: Mewtwo|0 fnt\n|faint|p2a: Mewtwo\n|\n|upkeep\n|\n|t:|1699749791\n|switch|p2a: Xerneas|Xerneas|100\/100\n|-ability|p2a: Xerneas|Fairy Aura\n|turn|18\n|\n|t:|1699749796\n|move|p1a: Xerneas|Moonblast|p2a: Xerneas\n|-damage|p2a: Xerneas|0 fnt\n|faint|p2a: Xerneas\n|\n|win|xikeso\n|raw|xikeso's rating: 1417 &rarr; <strong>1446<\/strong><br \/>(+29 for winning)\n|raw|hyrz96's rating: 1575 &rarr; <strong>1546<\/strong><br \/>(-29 for losing)\n|l|\u2606hyrz96\n","uploadtime":1699749804,"views":6,"p1id":"xikeso","p2id":"hyrz96","formatid":"gen9nationaldexubers","rating":1446,"private":0,"password":""}