{"id":"gen9nationaldexubers-1986151173","p1":"abognus","p2":"AerixThorn","format":"[Gen 9] National Dex Ubers","log":"|j|\u2606abognus\n|j|\u2606AerixThorn\n|t:|1699455041\n|gametype|singles\n|player|p1|abognus|burglar|1089\n|player|p2|AerixThorn|pryce|1102\n|teamsize|p1|6\n|teamsize|p2|6\n|gen|9\n|tier|[Gen 9] National Dex Ubers\n|rated|\n|rule|HP Percentage Mod: HP is shown in percentages\n|rule|Endless Battle Clause: Forcing endless battles is banned\n|rule|OHKO Clause: OHKO moves are banned\n|rule|Evasion Moves Clause: Evasion moves are banned\n|rule|Evasion Items Clause: Evasion items are banned\n|rule|Species Clause: Limit one of each Pok\u00e9mon\n|rule|Sleep Clause Mod: Limit one foe put to sleep\n|rule|Mega Rayquaza Clause: You cannot mega evolve Rayquaza\n|clearpoke\n|poke|p1|Deoxys-Attack|\n|poke|p1|Darmanitan-Galar, F|\n|poke|p1|Eternatus|\n|poke|p1|Mewtwo|\n|poke|p1|Celesteela|\n|poke|p1|Xurkitree|\n|poke|p2|Munkidori, M|\n|poke|p2|Infernape, F|\n|poke|p2|Annihilape, F|\n|poke|p2|Darmanitan-Galar, F|\n|poke|p2|Zarude|\n|poke|p2|Ambipom, M|\n|teampreview\n|inactive|Battle timer is ON: inactive players will automatically lose when time's up. (requested by AerixThorn)\n|c|\u2606abognus|Hi\n|\n|t:|1699455047\n|start\n|switch|p1a: Specimen (Attack)|Deoxys-Attack|100\/100\n|switch|p2a: M O N K E|Ambipom, M|100\/100\n|-ability|p1a: Specimen (Attack)|Pressure\n|turn|1\n|\n|t:|1699455056\n|move|p1a: Specimen (Attack)|Extreme Speed|p2a: M O N K E\n|-damage|p2a: M O N K E|38\/100\n|move|p2a: M O N K E|Knock Off|p1a: Specimen (Attack)\n|-supereffective|p1a: Specimen (Attack)\n|-damage|p1a: Specimen (Attack)|0 fnt\n|-enditem|p1a: Specimen (Attack)|Weakness Policy|[from] move: Knock Off|[of] p2a: M O N K E\n|faint|p1a: Specimen (Attack)\n|\n|upkeep\n|\n|t:|1699455073\n|switch|p1a: Specimen (Special)|Mewtwo, shiny|100\/100\n|-ability|p1a: Specimen (Special)|Unnerve\n|turn|2\n|\n|t:|1699455084\n|detailschange|p1a: Specimen (Special)|Mewtwo-Mega-Y, shiny\n|-mega|p1a: Specimen (Special)|Mewtwo|Mewtwonite Y\n|move|p1a: Specimen (Special)|Aura Sphere|p2a: M O N K E\n|-supereffective|p2a: M O N K E\n|-damage|p2a: M O N K E|0 fnt\n|faint|p2a: M O N K E\n|\n|upkeep\n|\n|t:|1699455095\n|switch|p2a: M O N K E DAD|Zarude|100\/100\n|turn|3\n|\n|t:|1699455102\n|move|p1a: Specimen (Special)|Aura Sphere|p2a: M O N K E DAD\n|-supereffective|p2a: M O N K E DAD\n|-damage|p2a: M O N K E DAD|24\/100\n|move|p2a: M O N K E DAD|Darkest Lariat|p1a: Specimen (Special)\n|-supereffective|p1a: Specimen (Special)\n|-damage|p1a: Specimen (Special)|0 fnt\n|faint|p1a: Specimen (Special)\n|\n|upkeep\n|\n|t:|1699455116\n|switch|p1a: Specimen (Meteor)|Eternatus|100\/100\n|-ability|p1a: Specimen (Meteor)|Pressure\n|turn|4\n|\n|t:|1699455126\n|move|p1a: Specimen (Meteor)|Flamethrower|p2a: M O N K E DAD\n|-supereffective|p2a: M O N K E DAD\n|-damage|p2a: M O N K E DAD|0 fnt\n|faint|p2a: M O N K E DAD\n|\n|upkeep\n|\n|t:|1699455132\n|switch|p2a: M O N K E YETI|Darmanitan-Galar, F|100\/100\n|turn|5\n|\n|t:|1699455136\n|move|p2a: M O N K E YETI|Ice Punch|p1a: Specimen (Meteor)\n|-supereffective|p1a: Specimen (Meteor)\n|-damage|p1a: Specimen (Meteor)|0 fnt\n|faint|p1a: Specimen (Meteor)\n|\n|upkeep\n|\n|t:|1699455152\n|switch|p1a: Specimen (Rage)|Darmanitan-Galar, F, shiny|100\/100\n|turn|6\n|\n|t:|1699455157\n|switch|p2a: M O N K E TIME|Munkidori, M|100\/100\n|move|p1a: Specimen (Rage)|Fire Punch|p2a: M O N K E TIME\n|-damage|p2a: M O N K E TIME|34\/100\n|\n|-heal|p2a: M O N K E TIME|40\/100|[from] item: Leftovers\n|upkeep\n|turn|7\n|\n|t:|1699455169\n|move|p1a: Specimen (Rage)|Fire Punch|p2a: M O N K E TIME\n|-damage|p2a: M O N K E TIME|0 fnt\n|faint|p2a: M O N K E TIME\n|\n|upkeep\n|\n|t:|1699455176\n|switch|p2a: M O N K E FIST|Infernape, F|100\/100\n|turn|8\n|\n|t:|1699455184\n|move|p1a: Specimen (Rage)|Fire Punch|p2a: M O N K E FIST\n|-resisted|p2a: M O N K E FIST\n|-damage|p2a: M O N K E FIST|67\/100\n|move|p2a: M O N K E FIST|Drain Punch|p1a: Specimen (Rage)\n|-supereffective|p1a: Specimen (Rage)\n|-damage|p1a: Specimen (Rage)|0 fnt\n|-heal|p2a: M O N K E FIST|100\/100|[from] drain|[of] p1a: Specimen (Rage)\n|faint|p1a: Specimen (Rage)\n|\n|upkeep\n|\n|t:|1699455196\n|switch|p1a: Specimen (Storm)|Xurkitree, shiny|100\/100\n|turn|9\n|\n|t:|1699455205\n|-terastallize|p2a: M O N K E FIST|Fire\n|move|p1a: Specimen (Storm)|Dazzling Gleam|p2a: M O N K E FIST\n|-resisted|p2a: M O N K E FIST\n|-damage|p2a: M O N K E FIST|75\/100\n|move|p2a: M O N K E FIST|Fire Punch|p1a: Specimen (Storm)\n|-damage|p1a: Specimen (Storm)|19\/100\n|\n|upkeep\n|turn|10\n|\n|t:|1699455214\n|move|p2a: M O N K E FIST|Mach Punch|p1a: Specimen (Storm)\n|-damage|p1a: Specimen (Storm)|0 fnt\n|faint|p1a: Specimen (Storm)\n|\n|upkeep\n|\n|t:|1699455218\n|switch|p1a: Specimen (Rocket)|Celesteela, shiny|100\/100\n|turn|11\n|\n|t:|1699455223\n|move|p2a: M O N K E FIST|Fire Punch|p1a: Specimen (Rocket)\n|-supereffective|p1a: Specimen (Rocket)\n|-enditem|p1a: Specimen (Rocket)|Focus Sash\n|-damage|p1a: Specimen (Rocket)|1\/100\n|move|p1a: Specimen (Rocket)|Earthquake|p2a: M O N K E FIST\n|-supereffective|p2a: M O N K E FIST\n|-damage|p2a: M O N K E FIST|0 fnt\n|faint|p2a: M O N K E FIST\n|-ability|p1a: Specimen (Rocket)|Beast Boost|boost\n|-boost|p1a: Specimen (Rocket)|atk|1\n|\n|upkeep\n|\n|t:|1699455231\n|switch|p2a: M O N K E YETI|Darmanitan-Galar, F|100\/100\n|turn|12\n|c|\u2606abognus|GG\n|\n|t:|1699455237\n|move|p2a: M O N K E YETI|Fire Punch|p1a: Specimen (Rocket)\n|-supereffective|p1a: Specimen (Rocket)\n|-damage|p1a: Specimen (Rocket)|0 fnt\n|faint|p1a: Specimen (Rocket)\n|\n|win|AerixThorn\n|raw|abognus's rating: 1089 &rarr; <strong>1067<\/strong><br \/>(-22 for losing)\n|raw|AerixThorn's rating: 1102 &rarr; <strong>1126<\/strong><br \/>(+24 for winning)\n|c|\u2606abognus|Nice monkes\n|l|\u2606abognus\n","uploadtime":1699455282,"views":29,"p1id":"abognus","p2id":"aerixthorn","formatid":"gen9nationaldexubers","rating":1067,"private":0,"password":""}