{"id":"gen9nationaldexubers-2000291082","p1":"Gtg g u2","p2":"yxszd","format":"[Gen 9] National Dex Ubers","log":"|j|\u2606Gtg g u2\n|j|\u2606yxszd\n|t:|1701181903\n|gametype|singles\n|player|p1|Gtg g u2|chase|1162\n|player|p2|yxszd|dawn-gen4pt|1310\n|teamsize|p1|6\n|teamsize|p2|6\n|gen|9\n|tier|[Gen 9] National Dex Ubers\n|rated|\n|rule|HP Percentage Mod: HP is shown in percentages\n|rule|Endless Battle Clause: Forcing endless battles is banned\n|rule|OHKO Clause: OHKO moves are banned\n|rule|Evasion Moves Clause: Evasion moves are banned\n|rule|Evasion Items Clause: Evasion items are banned\n|rule|Species Clause: Limit one of each Pok\u00e9mon\n|rule|Sleep Clause Mod: Limit one foe put to sleep\n|rule|Mega Rayquaza Clause: You cannot mega evolve Rayquaza\n|clearpoke\n|poke|p1|Pikachu, M|\n|poke|p1|Kleavor, M|\n|poke|p1|Gengar, M|\n|poke|p1|Lucario, M|\n|poke|p1|Flygon, F|\n|poke|p1|Melmetal|\n|poke|p2|Banette, F|\n|poke|p2|Alomomola, F|\n|poke|p2|Landorus-Therian, M|\n|poke|p2|Heatran, F|\n|poke|p2|Gholdengo|\n|poke|p2|Ursaluna-Bloodmoon, M|\n|teampreview\n|inactive|Battle timer is ON: inactive players will automatically lose when time's up. (requested by Gtg g u2)\n|\n|t:|1701181919\n|start\n|switch|p1a: Kleavor|Kleavor, M|100\/100\n|switch|p2a: Landorus|Landorus-Therian, M|100\/100\n|-ability|p2a: Landorus|Intimidate|boost\n|-unboost|p1a: Kleavor|atk|1\n|turn|1\n|\n|t:|1701181936\n|-zpower|p2a: Landorus\n|move|p2a: Landorus|Supersonic Skystrike|p1a: Kleavor|[zeffect]\n|-damage|p1a: Kleavor|0 fnt\n|faint|p1a: Kleavor\n|\n|upkeep\n|\n|t:|1701181955\n|switch|p1a: Gengar|Gengar, M|100\/100\n|turn|2\n|\n|t:|1701181960\n|switch|p2a: Ursaluna|Ursaluna-Bloodmoon, M|100\/100\n|move|p1a: Gengar|Shadow Ball|p2a: Ursaluna\n|-immune|p2a: Ursaluna\n|\n|upkeep\n|turn|3\n|\n|t:|1701181967\n|switch|p1a: Flygon|Flygon, F|100\/100\n|move|p2a: Ursaluna|Blood Moon|p1a: Flygon\n|-damage|p1a: Flygon|0 fnt\n|faint|p1a: Flygon\n|\n|upkeep\n|\n|t:|1701181969\n|switch|p1a: Lucario|Lucario, M|100\/100\n|turn|4\n|\n|t:|1701181973\n|detailschange|p1a: Lucario|Lucario-Mega, M\n|-mega|p1a: Lucario|Lucario|Lucarionite\n|move|p1a: Lucario|Aura Sphere|p2a: Ursaluna\n|-supereffective|p2a: Ursaluna\n|-damage|p2a: Ursaluna|30\/100\n|move|p2a: Ursaluna|Earth Power|p1a: Lucario\n|-supereffective|p1a: Lucario\n|-damage|p1a: Lucario|0 fnt\n|faint|p1a: Lucario\n|\n|upkeep\n|\n|t:|1701181976\n|switch|p1a: Pikachu|Pikachu, M|100\/100\n|turn|5\n|\n|t:|1701181984\n|switch|p2a: Gholdengo|Gholdengo|100\/100\n|move|p1a: Pikachu|Surf|p2a: Gholdengo\n|-damage|p2a: Gholdengo|73\/100\n|\n|upkeep\n|turn|6\n|\n|t:|1701181990\n|move|p1a: Pikachu|Thunderbolt|p2a: Gholdengo\n|-damage|p2a: Gholdengo|29\/100\n|move|p2a: Gholdengo|Make It Rain|p1a: Pikachu\n|-resisted|p1a: Pikachu\n|-damage|p1a: Pikachu|0 fnt\n|-unboost|p2a: Gholdengo|spa|1\n|faint|p1a: Pikachu\n|\n|upkeep\n|\n|t:|1701181993\n|switch|p1a: Gengar|Gengar, M|100\/100\n|turn|7\n|\n|t:|1701181995\n|switch|p2a: Ursaluna|Ursaluna-Bloodmoon, M|30\/100\n|move|p1a: Gengar|Shadow Ball|p2a: Ursaluna\n|-immune|p2a: Ursaluna\n|\n|upkeep\n|turn|8\n|\n|t:|1701182000\n|move|p1a: Gengar|Dazzling Gleam|p2a: Ursaluna\n|-damage|p2a: Ursaluna|14\/100\n|move|p2a: Ursaluna|Earth Power|p1a: Gengar\n|-supereffective|p1a: Gengar\n|-enditem|p1a: Gengar|Focus Sash\n|-damage|p1a: Gengar|1\/100\n|\n|upkeep\n|turn|9\n|\n|t:|1701182003\n|move|p2a: Ursaluna|Vacuum Wave|p1a: Gengar\n|-resisted|p1a: Gengar\n|-damage|p1a: Gengar|0 fnt\n|faint|p1a: Gengar\n|\n|upkeep\n|\n|t:|1701182005\n|switch|p1a: Melmetal|Melmetal|100\/100\n|turn|10\n|\n|t:|1701182008\n|-terastallize|p1a: Melmetal|Ground\n|move|p2a: Ursaluna|Earth Power|p1a: Melmetal\n|-damage|p1a: Melmetal|68\/100\n|move|p1a: Melmetal|Double Iron Bash|p2a: Ursaluna\n|-damage|p2a: Ursaluna|0 fnt\n|faint|p2a: Ursaluna\n|-hitcount|p2: Ursaluna|1\n|\n|upkeep\n|\n|t:|1701182014\n|switch|p2a: Banette|Banette, F|100\/100\n|-item|p1a: Melmetal|Assault Vest|[from] ability: Frisk|[of] p2a: Banette|[identify]\n|turn|11\n|\n|t:|1701182017\n|detailschange|p2a: Banette|Banette-Mega, F\n|-mega|p2a: Banette|Banette|Banettite\n|move|p2a: Banette|Poltergeist|p1a: Melmetal\n|-activate|p1a: Melmetal|move: Poltergeist|Assault Vest\n|-damage|p1a: Melmetal|29\/100\n|move|p1a: Melmetal|Double Iron Bash|p2a: Banette\n|-damage|p2a: Banette|41\/100\n|-damage|p2a: Banette|0 fnt\n|faint|p2a: Banette\n|-hitcount|p2: Banette|2\n|\n|upkeep\n|\n|t:|1701182024\n|switch|p2a: Gholdengo|Gholdengo|29\/100\n|turn|12\n|\n|t:|1701182026\n|move|p2a: Gholdengo|Make It Rain|p1a: Melmetal\n|-damage|p1a: Melmetal|0 fnt\n|-unboost|p2a: Gholdengo|spa|1\n|faint|p1a: Melmetal\n|\n|win|yxszd\n|raw|Gtg g u2's rating: 1162 &rarr; <strong>1147<\/strong><br \/>(-15 for losing)\n|raw|yxszd's rating: 1310 &rarr; <strong>1322<\/strong><br \/>(+12 for winning)\n","uploadtime":1701182030,"views":1,"p1id":"gtggu2","p2id":"yxszd","formatid":"gen9nationaldexubers","rating":1147,"private":0,"password":""}