{"id":"gen9nationaldexubers-1997691190","p1":"Razorgliscor472","p2":"Djujao","format":"[Gen 9] National Dex Ubers","log":"|j|\u2606Razorgliscor472\n|j|\u2606Djujao\n|t:|1700842264\n|gametype|singles\n|player|p1|Razorgliscor472|266|\n|player|p2|Djujao|pilot|\n|teamsize|p1|6\n|teamsize|p2|6\n|gen|9\n|tier|[Gen 9] National Dex Ubers\n|rule|HP Percentage Mod: HP is shown in percentages\n|rule|Endless Battle Clause: Forcing endless battles is banned\n|rule|OHKO Clause: OHKO moves are banned\n|rule|Evasion Moves Clause: Evasion moves are banned\n|rule|Evasion Items Clause: Evasion items are banned\n|rule|Species Clause: Limit one of each Pok\u00e9mon\n|rule|Sleep Clause Mod: Limit one foe put to sleep\n|rule|Mega Rayquaza Clause: You cannot mega evolve Rayquaza\n|clearpoke\n|poke|p1|Zygarde|\n|poke|p1|Pelipper, M|\n|poke|p1|Swampert, M|\n|poke|p1|Seismitoad, F|\n|poke|p1|Mamoswine, F|\n|poke|p1|Iron Treads|\n|poke|p2|Ribombee, F|\n|poke|p2|Gholdengo|\n|poke|p2|Great Tusk|\n|poke|p2|Dragonite, F|\n|poke|p2|Greninja-*, M|\n|poke|p2|Clodsire, F|\n|teampreview\n|c|\u2606Djujao|glhf\n|c|\u2606Razorgliscor472|U2\n|\n|t:|1700842305\n|start\n|switch|p1a: Iron Treads|Iron Treads|100\/100\n|switch|p2a: Clodsire|Clodsire, F|100\/100\n|turn|1\n|\n|t:|1700842327\n|switch|p2a: Dragonite|Dragonite, F|100\/100\n|move|p1a: Iron Treads|Earthquake|p2a: Dragonite\n|-immune|p2a: Dragonite\n|\n|upkeep\n|turn|2\n|\n|t:|1700842339\n|move|p1a: Iron Treads|Iron Head|p2a: Dragonite\n|-damage|p2a: Dragonite|81\/100\n|move|p2a: Dragonite|Dragon Dance|p2a: Dragonite\n|-boost|p2a: Dragonite|atk|1\n|-boost|p2a: Dragonite|spe|1\n|\n|upkeep\n|turn|3\n|\n|t:|1700842345\n|move|p2a: Dragonite|Earthquake|p1a: Iron Treads\n|-supereffective|p1a: Iron Treads\n|-damage|p1a: Iron Treads|0 fnt\n|faint|p1a: Iron Treads\n|-end|p1a: Iron Treads|Quark Drive|[silent]\n|\n|upkeep\n|\n|t:|1700842350\n|switch|p1a: Mamoswine|Mamoswine, F|100\/100\n|turn|4\n|\n|t:|1700842360\n|move|p2a: Dragonite|Outrage|p1a: Mamoswine\n|-damage|p1a: Mamoswine|0 fnt\n|faint|p1a: Mamoswine\n|\n|upkeep\n|\n|t:|1700842363\n|switch|p1a: Pelipper|Pelipper, M|100\/100\n|-weather|RainDance|[from] ability: Drizzle|[of] p1a: Pelipper\n|turn|5\n|\n|t:|1700842367\n|move|p2a: Dragonite|Outrage|p1a: Pelipper|[from]lockedmove\n|-damage|p1a: Pelipper|21\/100\n|move|p1a: Pelipper|U-turn|p2a: Dragonite\n|-resisted|p2a: Dragonite\n|-damage|p2a: Dragonite|76\/100\n|\n|t:|1700842370\n|switch|p1a: Swampert|Swampert, M|100\/100|[from] U-turn\n|\n|-weather|RainDance|[upkeep]\n|upkeep\n|turn|6\n|\n|t:|1700842376\n|detailschange|p1a: Swampert|Swampert-Mega, M\n|-mega|p1a: Swampert|Swampert|Swampertite\n|move|p1a: Swampert|Ice Punch|p2a: Dragonite\n|-supereffective|p2a: Dragonite\n|-damage|p2a: Dragonite|0 fnt\n|faint|p2a: Dragonite\n|\n|-weather|RainDance|[upkeep]\n|upkeep\n|\n|t:|1700842402\n|switch|p2a: Greninja|Greninja, M|100\/100\n|turn|7\n|\n|t:|1700842409\n|-terastallize|p2a: Greninja|Grass\n|move|p1a: Swampert|Earthquake|p2a: Greninja\n|-resisted|p2a: Greninja\n|-damage|p2a: Greninja|56\/100\n|move|p2a: Greninja|Tera Blast|p1a: Swampert|[anim] Tera Blast Grass\n|-supereffective|p1a: Swampert\n|-damage|p1a: Swampert|0 fnt\n|faint|p1a: Swampert\n|-ability|p2a: Greninja|Battle Bond|boost\n|-boost|p2a: Greninja|atk|1\n|-boost|p2a: Greninja|spa|1\n|-boost|p2a: Greninja|spe|1\n|-activate|p2a: Greninja|ability: Battle Bond\n|-damage|p2a: Greninja|46\/100|[from] item: Life Orb\n|\n|-weather|RainDance|[upkeep]\n|upkeep\n|\n|t:|1700842414\n|switch|p1a: Zygarde|Zygarde|100\/100\n|-ability|p1a: Zygarde|Aura Break\n|turn|8\n|\n|t:|1700842430\n|-terastallize|p1a: Zygarde|Steel\n|move|p2a: Greninja|Ice Beam|p1a: Zygarde\n|-resisted|p1a: Zygarde\n|-damage|p1a: Zygarde|84\/100\n|-damage|p2a: Greninja|37\/100|[from] item: Life Orb\n|move|p1a: Zygarde|Glare|p2a: Greninja\n|-status|p2a: Greninja|par\n|\n|-weather|RainDance|[upkeep]\n|-heal|p1a: Zygarde|90\/100|[from] item: Leftovers\n|upkeep\n|turn|9\n|\n|t:|1700842441\n|cant|p2a: Greninja|par\n|move|p1a: Zygarde|Substitute|p1a: Zygarde\n|-start|p1a: Zygarde|Substitute\n|-damage|p1a: Zygarde|65\/100\n|\n|-weather|RainDance|[upkeep]\n|-heal|p1a: Zygarde|71\/100|[from] item: Leftovers\n|upkeep\n|turn|10\n|\n|t:|1700842448\n|move|p2a: Greninja|Water Shuriken|p1a: Zygarde\n|-activate|p1a: Zygarde|move: Substitute|[damage]\n|-end|p1a: Zygarde|Substitute\n|-damage|p1a: Zygarde|57\/100\n|-damage|p1a: Zygarde|45\/100\n|-hitcount|p1a: Zygarde|4\n|-damage|p2a: Greninja|27\/100 par|[from] item: Life Orb\n|move|p1a: Zygarde|Coil|p1a: Zygarde\n|-boost|p1a: Zygarde|atk|1\n|-boost|p1a: Zygarde|def|1\n|-boost|p1a: Zygarde|accuracy|1\n|\n|-weather|RainDance|[upkeep]\n|-heal|p1a: Zygarde|51\/100|[from] item: Leftovers\n|upkeep\n|turn|11\n|\n|t:|1700842460\n|move|p2a: Greninja|Water Shuriken|p1a: Zygarde\n|-damage|p1a: Zygarde|39\/100\n|-damage|p1a: Zygarde|26\/100\n|-damage|p1a: Zygarde|14\/100\n|-hitcount|p1a: Zygarde|3\n|-damage|p2a: Greninja|17\/100 par|[from] item: Life Orb\n|move|p1a: Zygarde|Thousand Arrows|p2a: Greninja\n|-resisted|p2a: Greninja\n|-damage|p2a: Greninja|0 fnt\n|faint|p2a: Greninja\n|\n|-weather|RainDance|[upkeep]\n|-heal|p1a: Zygarde|20\/100|[from] item: Leftovers\n|upkeep\n|\n|t:|1700842479\n|switch|p2a: Ribombee|Ribombee, F|100\/100\n|turn|12\n|\n|t:|1700842496\n|move|p2a: Ribombee|U-turn|p1a: Zygarde\n|-resisted|p1a: Zygarde\n|-damage|p1a: Zygarde|17\/100\n|\n|t:|1700842502\n|switch|p2a: Clodsire|Clodsire, F|100\/100|[from] U-turn\n|move|p1a: Zygarde|Glare|p2a: Clodsire\n|-status|p2a: Clodsire|par\n|\n|-weather|none\n|-heal|p1a: Zygarde|23\/100|[from] item: Leftovers\n|upkeep\n|turn|13\n|\n|t:|1700842511\n|move|p1a: Zygarde|Thousand Arrows|p2a: Clodsire\n|-supereffective|p2a: Clodsire\n|-crit|p2a: Clodsire\n|-damage|p2a: Clodsire|0 fnt\n|faint|p2a: Clodsire\n|\n|-heal|p1a: Zygarde|29\/100|[from] item: Leftovers\n|upkeep\n|\n|t:|1700842518\n|switch|p2a: Gholdengo|Gholdengo|100\/100\n|turn|14\n|\n|t:|1700842525\n|move|p2a: Gholdengo|Shadow Ball|p1a: Zygarde\n|-damage|p1a: Zygarde|1\/100\n|move|p1a: Zygarde|Thousand Arrows|p2a: Gholdengo\n|-supereffective|p2a: Gholdengo\n|-damage|p2a: Gholdengo|0 fnt\n|faint|p2a: Gholdengo\n|\n|-heal|p1a: Zygarde|7\/100|[from] item: Leftovers\n|upkeep\n|\n|t:|1700842534\n|switch|p2a: Great Tusk|Great Tusk|100\/100\n|turn|15\n|\n|t:|1700842545\n|switch|p1a: Pelipper|Pelipper, M|21\/100\n|-weather|RainDance|[from] ability: Drizzle|[of] p1a: Pelipper\n|move|p2a: Great Tusk|Close Combat|p1a: Pelipper\n|-resisted|p1a: Pelipper\n|-damage|p1a: Pelipper|0 fnt\n|-unboost|p2a: Great Tusk|def|1\n|-unboost|p2a: Great Tusk|spd|1\n|faint|p1a: Pelipper\n|\n|-weather|RainDance|[upkeep]\n|upkeep\n|\n|t:|1700842551\n|switch|p1a: Seismitoad|Seismitoad, F|100\/100\n|turn|16\n|\n|t:|1700842564\n|move|p1a: Seismitoad|Weather Ball|p2a: Great Tusk\n|-supereffective|p2a: Great Tusk\n|-damage|p2a: Great Tusk|0 fnt\n|faint|p2a: Great Tusk\n|-end|p2a: Great Tusk|Protosynthesis|[silent]\n|-damage|p1a: Seismitoad|91\/100|[from] item: Life Orb\n|\n|-weather|RainDance|[upkeep]\n|upkeep\n|\n|t:|1700842571\n|switch|p2a: Ribombee|Ribombee, F|100\/100\n|turn|17\n|\n|t:|1700842581\n|move|p1a: Seismitoad|Weather Ball|p2a: Ribombee\n|-enditem|p2a: Ribombee|Focus Sash\n|-damage|p2a: Ribombee|1\/100\n|-damage|p1a: Seismitoad|81\/100|[from] item: Life Orb\n|move|p2a: Ribombee|Energy Ball|p1a: Seismitoad\n|-supereffective|p1a: Seismitoad\n|-damage|p1a: Seismitoad|0 fnt\n|faint|p1a: Seismitoad\n|\n|-weather|RainDance|[upkeep]\n|upkeep\n|\n|t:|1700842584\n|switch|p1a: Zygarde|Zygarde, tera:Steel|7\/100\n|-ability|p1a: Zygarde|Aura Break\n|turn|18\n|\n|t:|1700842596\n|move|p2a: Ribombee|Moonblast|p1a: Zygarde\n|-resisted|p1a: Zygarde\n|-damage|p1a: Zygarde|0 fnt\n|faint|p1a: Zygarde\n|\n|win|Djujao\n|c|\u2606Djujao|gg\n|c|\u2606Razorgliscor472|Gg\n","uploadtime":1700842603,"views":1,"p1id":"razorgliscor472","p2id":"djujao","formatid":"gen9nationaldexubers","rating":0,"private":0,"password":""}