{"id":"gen9nationaldexubers-1989888064","p1":"CommanderRT18","p2":"soclose33312","format":"[Gen 9] National Dex Ubers","log":"|j|\u2606CommanderRT18\n|j|\u2606soclose33312\n|t:|1699904073\n|gametype|singles\n|player|p1|CommanderRT18|lucas|1091\n|player|p2|soclose33312|bellelba|1104\n|teamsize|p1|6\n|teamsize|p2|6\n|gen|9\n|tier|[Gen 9] National Dex Ubers\n|rated|\n|rule|HP Percentage Mod: HP is shown in percentages\n|rule|Endless Battle Clause: Forcing endless battles is banned\n|rule|OHKO Clause: OHKO moves are banned\n|rule|Evasion Moves Clause: Evasion moves are banned\n|rule|Evasion Items Clause: Evasion items are banned\n|rule|Species Clause: Limit one of each Pok\u00e9mon\n|rule|Sleep Clause Mod: Limit one foe put to sleep\n|rule|Mega Rayquaza Clause: You cannot mega evolve Rayquaza\n|clearpoke\n|poke|p1|Blaziken, M|\n|poke|p1|Latias, F|\n|poke|p1|Rayquaza|\n|poke|p1|Kyurem-Black|\n|poke|p1|Venusaur, M|\n|poke|p1|Aggron, M|\n|poke|p2|Ariados, F|\n|poke|p2|Ceruledge, M|\n|poke|p2|Ting-Lu|\n|poke|p2|Zapdos|\n|poke|p2|Uxie|\n|poke|p2|Cloyster, M|\n|teampreview\n|\n|t:|1699904079\n|start\n|switch|p1a: Venusaur|Venusaur, M, shiny|100\/100\n|switch|p2a: Ariados|Ariados, F|100\/100\n|turn|1\n|\n|t:|1699904088\n|switch|p1a: Aggron|Aggron, M, shiny|100\/100\n|move|p2a: Ariados|Sticky Web|p1a: Aggron\n|-sidestart|p1: CommanderRT18|move: Sticky Web\n|\n|upkeep\n|turn|2\n|\n|t:|1699904096\n|move|p1a: Aggron|Earthquake|p2a: Ariados\n|-damage|p2a: Ariados|61\/100\n|move|p2a: Ariados|Knock Off|p1a: Aggron\n|-damage|p1a: Aggron|88\/100\n|\n|upkeep\n|turn|3\n|\n|t:|1699904115\n|switch|p2a: Uxie|Uxie|100\/100\n|move|p1a: Aggron|Iron Head|p2a: Uxie\n|-damage|p2a: Uxie|75\/100\n|\n|upkeep\n|turn|4\n|\n|t:|1699904122\n|move|p2a: Uxie|Reflect|p2a: Uxie\n|-sidestart|p2: soclose33312|Reflect\n|move|p1a: Aggron|Iron Defense|p1a: Aggron\n|-boost|p1a: Aggron|def|2\n|\n|upkeep\n|turn|5\n|\n|t:|1699904126\n|move|p2a: Uxie|Light Screen|p2a: Uxie\n|-sidestart|p2: soclose33312|move: Light Screen\n|move|p1a: Aggron|Iron Defense|p1a: Aggron\n|-boost|p1a: Aggron|def|2\n|\n|upkeep\n|turn|6\n|\n|t:|1699904132\n|move|p2a: Uxie|Yawn|p1a: Aggron\n|-start|p1a: Aggron|move: Yawn|[of] p2a: Uxie\n|move|p1a: Aggron|Iron Defense|p1a: Aggron\n|-boost|p1a: Aggron|def|2\n|\n|upkeep\n|turn|7\n|\n|t:|1699904137\n|move|p2a: Uxie|Memento|p1a: Aggron\n|-unboost|p1a: Aggron|atk|2\n|-unboost|p1a: Aggron|spa|2\n|faint|p2a: Uxie\n|move|p1a: Aggron|Body Press|p2: Uxie|[notarget]\n|-fail|p1a: Aggron\n|\n|-end|p1a: Aggron|move: Yawn|[silent]\n|-status|p1a: Aggron|slp\n|upkeep\n|\n|t:|1699904143\n|switch|p2a: Shin|Ceruledge, M|100\/100\n|turn|8\n|\n|t:|1699904154\n|move|p2a: Shin|Swords Dance|p2a: Shin\n|-boost|p2a: Shin|atk|2\n|cant|p1a: Aggron|slp\n|\n|upkeep\n|turn|9\n|\n|t:|1699904161\n|move|p2a: Shin|Swords Dance|p2a: Shin\n|-boost|p2a: Shin|atk|2\n|-curestatus|p1a: Aggron|slp|[msg]\n|move|p1a: Aggron|Earthquake|p2a: Shin\n|-supereffective|p2a: Shin\n|-damage|p2a: Shin|82\/100\n|-ability|p2a: Shin|Weak Armor|boost\n|-unboost|p2a: Shin|def|1\n|-boost|p2a: Shin|spe|2\n|-enditem|p2a: Shin|Weakness Policy\n|-boost|p2a: Shin|atk|2|[from] item: Weakness Policy\n|-boost|p2a: Shin|spa|2|[from] item: Weakness Policy\n|\n|upkeep\n|turn|10\n|\n|t:|1699904173\n|move|p2a: Shin|Close Combat|p1a: Aggron\n|-supereffective|p1a: Aggron\n|-damage|p1a: Aggron|0 fnt\n|-unboost|p2a: Shin|def|1\n|-unboost|p2a: Shin|spd|1\n|faint|p1a: Aggron\n|\n|upkeep\n|\n|t:|1699904188\n|switch|p1a: Kyurem|Kyurem-Black, shiny|100\/100\n|-activate|p1a: Kyurem|move: Sticky Web\n|-unboost|p1a: Kyurem|spe|1\n|-ability|p1a: Kyurem|Teravolt\n|turn|11\n|\n|t:|1699904199\n|move|p2a: Shin|Poltergeist|p1a: Kyurem\n|-activate|p1a: Kyurem|move: Poltergeist|Assault Vest\n|-damage|p1a: Kyurem|0 fnt\n|faint|p1a: Kyurem\n|\n|-sideend|p2: soclose33312|Reflect\n|upkeep\n|\n|t:|1699904207\n|switch|p1a: Rayquaza|Rayquaza, shiny|100\/100\n|-ability|p1a: Rayquaza|Air Lock\n|turn|12\n|\n|t:|1699904221\n|-terastallize|p1a: Rayquaza|Fairy\n|move|p2a: Shin|Poltergeist|p1a: Rayquaza\n|-activate|p1a: Rayquaza|move: Poltergeist|Leftovers\n|-damage|p1a: Rayquaza|0 fnt\n|faint|p1a: Rayquaza\n|\n|-sideend|p2: soclose33312|move: Light Screen\n|upkeep\n|\n|t:|1699904233\n|switch|p1a: Blaziken|Blaziken, M, shiny|100\/100\n|-activate|p1a: Blaziken|move: Sticky Web\n|-unboost|p1a: Blaziken|spe|1\n|turn|13\n|\n|t:|1699904238\n|switch|p1a: Venusaur|Venusaur, M, shiny|100\/100\n|-activate|p1a: Venusaur|move: Sticky Web\n|-unboost|p1a: Venusaur|spe|1\n|move|p2a: Shin|Poltergeist|p1a: Venusaur\n|-activate|p1a: Venusaur|move: Poltergeist|Poisonium Z\n|-damage|p1a: Venusaur|0 fnt\n|faint|p1a: Venusaur\n|\n|upkeep\n|\n|t:|1699904249\n|switch|p1a: Blaziken|Blaziken, M, shiny|100\/100\n|-activate|p1a: Blaziken|move: Sticky Web\n|-unboost|p1a: Blaziken|spe|1\n|turn|14\n|\n|t:|1699904256\n|detailschange|p1a: Blaziken|Blaziken-Mega, M, shiny\n|-mega|p1a: Blaziken|Blaziken|Blazikenite\n|move|p2a: Shin|Poltergeist|p1a: Blaziken\n|-activate|p1a: Blaziken|move: Poltergeist|Blazikenite\n|-damage|p1a: Blaziken|0 fnt\n|faint|p1a: Blaziken\n|\n|upkeep\n|\n|t:|1699904262\n|switch|p1a: Latias|Latias, F, shiny|100\/100\n|turn|15\n|c|\u2606soclose33312|lmaoo\n|\n|t:|1699904266\n|move|p2a: Shin|Poltergeist|p1a: Latias\n|-activate|p1a: Latias|move: Poltergeist|Latiasite\n|-supereffective|p1a: Latias\n|-damage|p1a: Latias|0 fnt\n|faint|p1a: Latias\n|\n|win|soclose33312\n|raw|CommanderRT18's rating: 1091 &rarr; <strong>1068<\/strong><br \/>(-23 for losing)\n|raw|soclose33312's rating: 1104 &rarr; <strong>1128<\/strong><br \/>(+24 for winning)\n|l|\u2606CommanderRT18\n","uploadtime":1699904288,"views":11,"p1id":"commanderrt18","p2id":"soclose33312","formatid":"gen9nationaldexubers","rating":1068,"private":0,"password":""}