{"id":"gen9nationaldexubers-1986610517","p1":"Mr.Shadowdusk","p2":"DracoAxel","format":"[Gen 9] National Dex Ubers","log":"|j|\u2606Mr.Shadowdusk\n|j|\u2606DracoAxel\n|t:|1699497628\n|gametype|singles\n|player|p1|Mr.Shadowdusk|ghetsis|\n|player|p2|DracoAxel|nate|\n|teamsize|p1|6\n|teamsize|p2|6\n|gen|9\n|tier|[Gen 9] National Dex Ubers\n|rule|HP Percentage Mod: HP is shown in percentages\n|rule|Endless Battle Clause: Forcing endless battles is banned\n|rule|OHKO Clause: OHKO moves are banned\n|rule|Evasion Moves Clause: Evasion moves are banned\n|rule|Evasion Items Clause: Evasion items are banned\n|rule|Species Clause: Limit one of each Pok\u00e9mon\n|rule|Sleep Clause Mod: Limit one foe put to sleep\n|rule|Mega Rayquaza Clause: You cannot mega evolve Rayquaza\n|clearpoke\n|poke|p1|Ninetales-Alola, M|\n|poke|p1|Blaziken, F|\n|poke|p1|Hydreigon, F|\n|poke|p1|Ferrothorn, M|\n|poke|p1|Mantine, M|\n|poke|p1|Baxcalibur, M|\n|poke|p2|Torkoal, F|\n|poke|p2|Blaziken, M|\n|poke|p2|Skeledirge, F|\n|poke|p2|Cinderace, F|\n|poke|p2|Venusaur, F|\n|poke|p2|Volcarona, M|\n|teampreview\n|\n|t:|1699497637\n|start\n|switch|p1a: Hydreigon|Hydreigon, F|100\/100\n|switch|p2a: El solecito|Torkoal, F|100\/100\n|-weather|SunnyDay|[from] ability: Drought|[of] p2a: El solecito\n|turn|1\n|\n|t:|1699497647\n|-terastallize|p1a: Hydreigon|Poison\n|move|p1a: Hydreigon|Substitute|p1a: Hydreigon\n|-start|p1a: Hydreigon|Substitute\n|-damage|p1a: Hydreigon|76\/100\n|move|p2a: El solecito|Overheat|p1a: Hydreigon|[miss]\n|-miss|p2a: El solecito|p1a: Hydreigon\n|\n|-weather|SunnyDay|[upkeep]\n|-heal|p1a: Hydreigon|82\/100|[from] item: Leftovers\n|upkeep\n|turn|2\n|\n|t:|1699497655\n|move|p1a: Hydreigon|Nasty Plot|p1a: Hydreigon\n|-boost|p1a: Hydreigon|spa|2\n|move|p2a: El solecito|Overheat|p1a: Hydreigon\n|-end|p1a: Hydreigon|Substitute\n|-unboost|p2a: El solecito|spa|2\n|-enditem|p2a: El solecito|Eject Pack\n|\n|t:|1699497658\n|switch|p2a: Mariwano|Venusaur, F|100\/100\n|\n|-weather|SunnyDay|[upkeep]\n|-heal|p1a: Hydreigon|88\/100|[from] item: Leftovers\n|upkeep\n|turn|3\n|\n|t:|1699497678\n|switch|p1a: Ninetales|Ninetales-Alola, M|100\/100\n|-weather|Snow|[from] ability: Snow Warning|[of] p1a: Ninetales\n|-terastallize|p2a: Mariwano|Fire\n|move|p2a: Mariwano|Weather Ball|p1a: Ninetales\n|-resisted|p1a: Ninetales\n|-damage|p1a: Ninetales|74\/100\n|-damage|p2a: Mariwano|91\/100|[from] item: Life Orb\n|\n|-weather|Snow|[upkeep]\n|upkeep\n|turn|4\n|\n|t:|1699497691\n|move|p1a: Ninetales|Aurora Veil|p1a: Ninetales\n|-sidestart|p1: Mr.Shadowdusk|move: Aurora Veil\n|move|p2a: Mariwano|Sludge Bomb|p1a: Ninetales\n|-supereffective|p1a: Ninetales\n|-damage|p1a: Ninetales|10\/100\n|-damage|p2a: Mariwano|81\/100|[from] item: Life Orb\n|\n|-weather|Snow|[upkeep]\n|upkeep\n|turn|5\n|\n|t:|1699497702\n|switch|p2a: El solecito|Torkoal, F|100\/100\n|-weather|SunnyDay|[from] ability: Drought|[of] p2a: El solecito\n|move|p1a: Ninetales|Moonblast|p2a: El solecito\n|-resisted|p2a: El solecito\n|-damage|p2a: El solecito|81\/100\n|\n|-weather|SunnyDay|[upkeep]\n|upkeep\n|turn|6\n|\n|t:|1699497718\n|switch|p1a: Baxcalibur|Baxcalibur, M|100\/100\n|move|p2a: El solecito|Stealth Rock|p1a: Baxcalibur\n|-sidestart|p1: Mr.Shadowdusk|move: Stealth Rock\n|\n|-weather|SunnyDay|[upkeep]\n|upkeep\n|turn|7\n|\n|t:|1699497724\n|move|p1a: Baxcalibur|Swords Dance|p1a: Baxcalibur\n|-boost|p1a: Baxcalibur|atk|2\n|move|p2a: El solecito|Overheat|p1a: Baxcalibur\n|-damage|p1a: Baxcalibur|71\/100\n|-unboost|p2a: El solecito|spa|2\n|-ability|p1a: Baxcalibur|Thermal Exchange|boost\n|-boost|p1a: Baxcalibur|atk|1\n|\n|-weather|SunnyDay|[upkeep]\n|upkeep\n|turn|8\n|\n|t:|1699497738\n|switch|p2a: Mariposo|Volcarona, M|100\/100\n|move|p1a: Baxcalibur|Scale Shot|p2a: Mariposo\n|-damage|p2a: Mariposo|42\/100\n|-damage|p2a: Mariposo|0 fnt\n|faint|p2a: Mariposo\n|-hitcount|p2: Mariposo|2\n|-unboost|p1a: Baxcalibur|def|1\n|-boost|p1a: Baxcalibur|spe|1\n|\n|-weather|SunnyDay|[upkeep]\n|upkeep\n|\n|t:|1699497743\n|switch|p2a: Turbofollada|Blaziken, M|100\/100\n|turn|9\n|\n|t:|1699497753\n|detailschange|p2a: Turbofollada|Blaziken-Mega, M\n|-mega|p2a: Turbofollada|Blaziken|Blazikenite\n|move|p2a: Turbofollada|Protect|p2a: Turbofollada\n|-singleturn|p2a: Turbofollada|Protect\n|move|p1a: Baxcalibur|Scale Shot|p2a: Turbofollada\n|-activate|p2a: Turbofollada|move: Protect\n|\n|-weather|none\n|-ability|p2a: Turbofollada|Speed Boost|boost\n|-boost|p2a: Turbofollada|spe|1\n|upkeep\n|turn|10\n|\n|t:|1699497787\n|switch|p1a: Mantine|Mantine, M|100\/100\n|move|p2a: Turbofollada|Close Combat|p1a: Mantine\n|-resisted|p1a: Mantine\n|-damage|p1a: Mantine|82\/100\n|-unboost|p2a: Turbofollada|def|1\n|-unboost|p2a: Turbofollada|spd|1\n|\n|-ability|p2a: Turbofollada|Speed Boost|boost\n|-boost|p2a: Turbofollada|spe|1\n|upkeep\n|turn|11\n|\n|t:|1699497840\n|move|p2a: Turbofollada|Thunder Punch|p1a: Mantine\n|-supereffective|p1a: Mantine\n|-damage|p1a: Mantine|22\/100\n|move|p1a: Mantine|Defog|p2a: Turbofollada\n|-unboost|p2a: Turbofollada|evasion|1\n|-sideend|p1: Mr.Shadowdusk|Stealth Rock|[from] move: Defog|[of] p1a: Mantine\n|\n|-sideend|p1: Mr.Shadowdusk|move: Aurora Veil\n|-ability|p2a: Turbofollada|Speed Boost|boost\n|-boost|p2a: Turbofollada|spe|1\n|upkeep\n|turn|12\n|\n|t:|1699497851\n|move|p2a: Turbofollada|Close Combat|p1a: Mantine\n|-resisted|p1a: Mantine\n|-crit|p1a: Mantine\n|-damage|p1a: Mantine|0 fnt\n|-unboost|p2a: Turbofollada|def|1\n|-unboost|p2a: Turbofollada|spd|1\n|faint|p1a: Mantine\n|\n|-ability|p2a: Turbofollada|Speed Boost|boost\n|-boost|p2a: Turbofollada|spe|1\n|upkeep\n|\n|t:|1699497863\n|switch|p1a: Hydreigon|Hydreigon, F, tera:Poison|88\/100\n|turn|13\n|\n|t:|1699497869\n|move|p2a: Turbofollada|Close Combat|p1a: Hydreigon\n|-resisted|p1a: Hydreigon\n|-damage|p1a: Hydreigon|46\/100\n|-unboost|p2a: Turbofollada|def|1\n|-unboost|p2a: Turbofollada|spd|1\n|move|p1a: Hydreigon|Tera Blast|p2a: Turbofollada|[anim] Tera Blast Poison\n|-damage|p2a: Turbofollada|0 fnt\n|faint|p2a: Turbofollada\n|\n|-heal|p1a: Hydreigon|52\/100|[from] item: Leftovers\n|upkeep\n|\n|t:|1699497874\n|switch|p2a: El solecito|Torkoal, F|81\/100\n|-weather|SunnyDay|[from] ability: Drought|[of] p2a: El solecito\n|turn|14\n|\n|t:|1699497878\n|move|p1a: Hydreigon|Substitute|p1a: Hydreigon\n|-start|p1a: Hydreigon|Substitute\n|-damage|p1a: Hydreigon|27\/100\n|move|p2a: El solecito|Yawn||[still]\n|-fail|p2a: El solecito\n|\n|-weather|SunnyDay|[upkeep]\n|-heal|p1a: Hydreigon|33\/100|[from] item: Leftovers\n|upkeep\n|turn|15\n|\n|t:|1699497884\n|switch|p2a: Mariwano|Venusaur, F, tera:Fire|81\/100\n|move|p1a: Hydreigon|Nasty Plot|p1a: Hydreigon\n|-boost|p1a: Hydreigon|spa|2\n|\n|-weather|SunnyDay|[upkeep]\n|-heal|p1a: Hydreigon|39\/100|[from] item: Leftovers\n|upkeep\n|turn|16\n|\n|t:|1699497891\n|move|p2a: Mariwano|Weather Ball|p1a: Hydreigon\n|-end|p1a: Hydreigon|Substitute\n|-damage|p2a: Mariwano|71\/100|[from] item: Life Orb\n|move|p1a: Hydreigon|Tera Blast|p2a: Mariwano|[anim] Tera Blast Poison\n|-damage|p2a: Mariwano|0 fnt\n|faint|p2a: Mariwano\n|\n|-weather|SunnyDay|[upkeep]\n|-heal|p1a: Hydreigon|45\/100|[from] item: Leftovers\n|upkeep\n|\n|t:|1699497894\n|switch|p2a: Skelegod|Skeledirge, F|100\/100\n|turn|17\n|\n|t:|1699497902\n|move|p1a: Hydreigon|Dark Pulse|p2a: Skelegod\n|-supereffective|p2a: Skelegod\n|-damage|p2a: Skelegod|28\/100\n|move|p2a: Skelegod|Torch Song|p1a: Hydreigon\n|-damage|p1a: Hydreigon|0 fnt\n|-boost|p2a: Skelegod|spa|1\n|faint|p1a: Hydreigon\n|\n|-weather|SunnyDay|[upkeep]\n|-heal|p2a: Skelegod|34\/100|[from] item: Leftovers\n|upkeep\n|\n|t:|1699497914\n|switch|p1a: Baxcalibur|Baxcalibur, M|71\/100\n|turn|18\n|\n|t:|1699497965\n|move|p1a: Baxcalibur|Scale Shot|p2a: Skelegod\n|-damage|p2a: Skelegod|23\/100\n|-damage|p2a: Skelegod|13\/100\n|-damage|p2a: Skelegod|2\/100\n|-damage|p2a: Skelegod|0 fnt\n|faint|p2a: Skelegod\n|-hitcount|p2: Skelegod|4\n|-unboost|p1a: Baxcalibur|def|1\n|-boost|p1a: Baxcalibur|spe|1\n|\n|-weather|none\n|upkeep\n|\n|t:|1699497971\n|switch|p2a: El solecito|Torkoal, F|81\/100\n|-weather|SunnyDay|[from] ability: Drought|[of] p2a: El solecito\n|turn|19\n|\n|t:|1699497978\n|move|p1a: Baxcalibur|Swords Dance|p1a: Baxcalibur\n|-boost|p1a: Baxcalibur|atk|2\n|move|p2a: El solecito|Yawn|p1a: Baxcalibur\n|-start|p1a: Baxcalibur|move: Yawn|[of] p2a: El solecito\n|\n|-weather|SunnyDay|[upkeep]\n|upkeep\n|turn|20\n|\n|t:|1699497983\n|move|p1a: Baxcalibur|Scale Shot|p2a: El solecito\n|-damage|p2a: El solecito|60\/100\n|-damage|p2a: El solecito|38\/100\n|-damage|p2a: El solecito|19\/100\n|-damage|p2a: El solecito|0 fnt\n|faint|p2a: El solecito\n|-hitcount|p2: El solecito|4\n|-unboost|p1a: Baxcalibur|def|1\n|-boost|p1a: Baxcalibur|spe|1\n|\n|-weather|SunnyDay|[upkeep]\n|-end|p1a: Baxcalibur|move: Yawn|[silent]\n|-status|p1a: Baxcalibur|slp\n|upkeep\n|\n|t:|1699497987\n|switch|p2a: Messi.siuuuu|Cinderace, F|100\/100\n|turn|21\n|\n|t:|1699497995\n|switch|p1a: Ninetales|Ninetales-Alola, M|10\/100\n|-weather|Snow|[from] ability: Snow Warning|[of] p1a: Ninetales\n|move|p2a: Messi.siuuuu|Pyro Ball|p1a: Ninetales\n|-supereffective|p1a: Ninetales\n|-damage|p1a: Ninetales|0 fnt\n|faint|p1a: Ninetales\n|-damage|p2a: Messi.siuuuu|91\/100|[from] item: Life Orb\n|\n|-weather|Snow|[upkeep]\n|upkeep\n|\n|t:|1699498001\n|switch|p1a: Blaziken|Blaziken, F|100\/100\n|turn|22\n|\n|t:|1699498007\n|detailschange|p1a: Blaziken|Blaziken-Mega, F\n|-mega|p1a: Blaziken|Blaziken|Blazikenite\n|move|p1a: Blaziken|Protect|p1a: Blaziken\n|-singleturn|p1a: Blaziken|Protect\n|move|p2a: Messi.siuuuu|Pyro Ball|p1a: Blaziken\n|-activate|p1a: Blaziken|move: Protect\n|\n|-weather|Snow|[upkeep]\n|-ability|p1a: Blaziken|Speed Boost|boost\n|-boost|p1a: Blaziken|spe|1\n|upkeep\n|turn|23\n|\n|t:|1699498014\n|move|p1a: Blaziken|Close Combat|p2a: Messi.siuuuu\n|-damage|p2a: Messi.siuuuu|0 fnt\n|-unboost|p1a: Blaziken|def|1\n|-unboost|p1a: Blaziken|spd|1\n|faint|p2a: Messi.siuuuu\n|\n|win|Mr.Shadowdusk\n|l|\u2606DracoAxel\n","uploadtime":1699498034,"views":10,"p1id":"mrshadowdusk","p2id":"dracoaxel","formatid":"gen9nationaldexubers","rating":0,"private":0,"password":""}