{"id":"gen9nationaldexubers-1993500190","p1":"PIXIE-MODE\u2665\ufe0f","p2":"AxeLigh","format":"[Gen 9] National Dex Ubers","log":"|j|\u2606PIXIE-MODE\u2665\ufe0f\n|j|\u2606AxeLigh\n|t:|1700325233\n|gametype|singles\n|player|p1|PIXIE-MODE\u2665\ufe0f|valerie|1089\n|player|p2|AxeLigh|265|1042\n|teamsize|p1|6\n|teamsize|p2|6\n|gen|9\n|tier|[Gen 9] National Dex Ubers\n|rated|\n|rule|HP Percentage Mod: HP is shown in percentages\n|rule|Endless Battle Clause: Forcing endless battles is banned\n|rule|OHKO Clause: OHKO moves are banned\n|rule|Evasion Moves Clause: Evasion moves are banned\n|rule|Evasion Items Clause: Evasion items are banned\n|rule|Species Clause: Limit one of each Pok\u00e9mon\n|rule|Sleep Clause Mod: Limit one foe put to sleep\n|rule|Mega Rayquaza Clause: You cannot mega evolve Rayquaza\n|clearpoke\n|poke|p1|Mimikyu, F|\n|poke|p1|Flutter Mane|\n|poke|p1|Hatterene, F|\n|poke|p1|Whimsicott, F|\n|poke|p1|Tinkaton, F|\n|poke|p1|Arceus-Fairy|\n|poke|p2|Abomasnow, M|\n|poke|p2|Darmanitan-Galar, M|\n|poke|p2|Mamoswine, M|\n|poke|p2|Blaziken, M|\n|poke|p2|Rapidash-Galar, F|\n|poke|p2|Palafin, M|\n|teampreview\n|inactive|Battle timer is ON: inactive players will automatically lose when time's up. (requested by AxeLigh)\n|\n|t:|1700325247\n|start\n|switch|p1a: \ud83d\udc97WHIMSICOTT\ud83d\udc96\ud83d\udc8b|Whimsicott, F, shiny|100\/100\n|switch|p2a: Mamoswine|Mamoswine, M|100\/100\n|turn|1\n|\n|t:|1700325258\n|move|p1a: \ud83d\udc97WHIMSICOTT\ud83d\udc96\ud83d\udc8b|Charm|p2a: Mamoswine\n|-unboost|p2a: Mamoswine|atk|2\n|move|p2a: Mamoswine|Ice Shard|p1a: \ud83d\udc97WHIMSICOTT\ud83d\udc96\ud83d\udc8b\n|-supereffective|p1a: \ud83d\udc97WHIMSICOTT\ud83d\udc96\ud83d\udc8b\n|-damage|p1a: \ud83d\udc97WHIMSICOTT\ud83d\udc96\ud83d\udc8b|63\/100\n|\n|upkeep\n|turn|2\n|\n|t:|1700325267\n|move|p1a: \ud83d\udc97WHIMSICOTT\ud83d\udc96\ud83d\udc8b|Misty Terrain|p1a: \ud83d\udc97WHIMSICOTT\ud83d\udc96\ud83d\udc8b\n|-fieldstart|move: Misty Terrain\n|move|p2a: Mamoswine|Stealth Rock|p1a: \ud83d\udc97WHIMSICOTT\ud83d\udc96\ud83d\udc8b\n|-sidestart|p1: PIXIE-MODE\u2665\ufe0f|move: Stealth Rock\n|\n|upkeep\n|turn|3\n|\n|t:|1700325277\n|switch|p1a: \ud83d\udc96HATTERENE\ud83d\udc96\ud83d\udc8b|Hatterene, F, shiny|100\/100\n|-damage|p1a: \ud83d\udc96HATTERENE\ud83d\udc96\ud83d\udc8b|88\/100|[from] Stealth Rock\n|move|p2a: Mamoswine|Ice Shard|p1a: \ud83d\udc96HATTERENE\ud83d\udc96\ud83d\udc8b\n|-damage|p1a: \ud83d\udc96HATTERENE\ud83d\udc96\ud83d\udc8b|75\/100\n|\n|upkeep\n|turn|4\n|\n|t:|1700325285\n|move|p2a: Mamoswine|Stomping Tantrum|p1a: \ud83d\udc96HATTERENE\ud83d\udc96\ud83d\udc8b\n|-damage|p1a: \ud83d\udc96HATTERENE\ud83d\udc96\ud83d\udc8b|49\/100\n|move|p1a: \ud83d\udc96HATTERENE\ud83d\udc96\ud83d\udc8b|Misty Explosion|p2a: Mamoswine\n|-enditem|p2a: Mamoswine|Focus Sash\n|-damage|p2a: Mamoswine|1\/100\n|faint|p1a: \ud83d\udc96HATTERENE\ud83d\udc96\ud83d\udc8b\n|\n|upkeep\n|\n|t:|1700325303\n|switch|p1a: \ud83d\udc96ARCEUS-FAIRY\ud83d\udc96|Arceus-Fairy|100\/100\n|-damage|p1a: \ud83d\udc96ARCEUS-FAIRY\ud83d\udc96|88\/100|[from] Stealth Rock\n|turn|5\n|\n|t:|1700325310\n|move|p2a: Mamoswine|Ice Shard|p1a: \ud83d\udc96ARCEUS-FAIRY\ud83d\udc96\n|-damage|p1a: \ud83d\udc96ARCEUS-FAIRY\ud83d\udc96|78\/100\n|move|p1a: \ud83d\udc96ARCEUS-FAIRY\ud83d\udc96|Calm Mind|p1a: \ud83d\udc96ARCEUS-FAIRY\ud83d\udc96\n|-boost|p1a: \ud83d\udc96ARCEUS-FAIRY\ud83d\udc96|spa|1\n|-boost|p1a: \ud83d\udc96ARCEUS-FAIRY\ud83d\udc96|spd|1\n|\n|upkeep\n|turn|6\n|\n|t:|1700325319\n|move|p2a: Mamoswine|Ice Shard|p1a: \ud83d\udc96ARCEUS-FAIRY\ud83d\udc96\n|-damage|p1a: \ud83d\udc96ARCEUS-FAIRY\ud83d\udc96|70\/100\n|move|p1a: \ud83d\udc96ARCEUS-FAIRY\ud83d\udc96|Judgment|p2a: Mamoswine\n|-damage|p2a: Mamoswine|0 fnt\n|faint|p2a: Mamoswine\n|\n|upkeep\n|\n|t:|1700325327\n|switch|p2a: Palafin|Palafin, M|100\/100\n|turn|7\n|\n|t:|1700325341\n|detailschange|p2a: Palafin|Palafin-Hero, M\n|switch|p2a: Blaziken|Blaziken, M|100\/100\n|move|p1a: \ud83d\udc96ARCEUS-FAIRY\ud83d\udc96|Recover|p1a: \ud83d\udc96ARCEUS-FAIRY\ud83d\udc96\n|-heal|p1a: \ud83d\udc96ARCEUS-FAIRY\ud83d\udc96|100\/100\n|\n|upkeep\n|turn|8\n|\n|t:|1700325349\n|-terastallize|p1a: \ud83d\udc96ARCEUS-FAIRY\ud83d\udc96|Fairy\n|-terastallize|p2a: Blaziken|Fire\n|move|p1a: \ud83d\udc96ARCEUS-FAIRY\ud83d\udc96|Judgment|p2a: Blaziken\n|-resisted|p2a: Blaziken\n|-damage|p2a: Blaziken|10\/100\n|move|p2a: Blaziken|Flamethrower|p1a: \ud83d\udc96ARCEUS-FAIRY\ud83d\udc96\n|-damage|p1a: \ud83d\udc96ARCEUS-FAIRY\ud83d\udc96|72\/100\n|\n|-ability|p2a: Blaziken|Speed Boost|boost\n|-boost|p2a: Blaziken|spe|1\n|upkeep\n|turn|9\n|\n|t:|1700325363\n|move|p2a: Blaziken|Flamethrower|p1a: \ud83d\udc96ARCEUS-FAIRY\ud83d\udc96\n|-damage|p1a: \ud83d\udc96ARCEUS-FAIRY\ud83d\udc96|40\/100\n|move|p1a: \ud83d\udc96ARCEUS-FAIRY\ud83d\udc96|Judgment|p2a: Blaziken\n|-resisted|p2a: Blaziken\n|-damage|p2a: Blaziken|0 fnt\n|faint|p2a: Blaziken\n|\n|-fieldend|Misty Terrain\n|upkeep\n|\n|t:|1700325369\n|switch|p2a: Abomasnow|Abomasnow, M|100\/100\n|turn|10\n|\n|t:|1700325375\n|detailschange|p2a: Abomasnow|Abomasnow-Mega, M\n|-mega|p2a: Abomasnow|Abomasnow|Abomasite\n|-weather|Snow|[from] ability: Snow Warning|[of] p2a: Abomasnow\n|move|p1a: \ud83d\udc96ARCEUS-FAIRY\ud83d\udc96|Recover|p1a: \ud83d\udc96ARCEUS-FAIRY\ud83d\udc96\n|-heal|p1a: \ud83d\udc96ARCEUS-FAIRY\ud83d\udc96|90\/100\n|move|p2a: Abomasnow|Aurora Veil|p2a: Abomasnow\n|-sidestart|p2: AxeLigh|move: Aurora Veil\n|\n|-weather|Snow|[upkeep]\n|upkeep\n|turn|11\n|\n|t:|1700325387\n|switch|p2a: Darmanitan|Darmanitan-Galar, M|100\/100\n|move|p1a: \ud83d\udc96ARCEUS-FAIRY\ud83d\udc96|Misty Terrain|p1a: \ud83d\udc96ARCEUS-FAIRY\ud83d\udc96\n|-fieldstart|move: Misty Terrain\n|\n|-weather|Snow|[upkeep]\n|upkeep\n|turn|12\n|\n|t:|1700325394\n|move|p1a: \ud83d\udc96ARCEUS-FAIRY\ud83d\udc96|Judgment|p2a: Darmanitan\n|-damage|p2a: Darmanitan|16\/100\n|move|p2a: Darmanitan|Flare Blitz|p1a: \ud83d\udc96ARCEUS-FAIRY\ud83d\udc96\n|-damage|p1a: \ud83d\udc96ARCEUS-FAIRY\ud83d\udc96|55\/100\n|-damage|p2a: Darmanitan|3\/100|[from] Recoil\n|\n|-weather|Snow|[upkeep]\n|-heal|p2a: Darmanitan|9\/100|[from] item: Leftovers\n|-formechange|p2a: Darmanitan|Darmanitan-Galar-Zen|\n|upkeep\n|turn|13\n|\n|t:|1700325405\n|move|p2a: Darmanitan|Ice Punch|p1a: \ud83d\udc96ARCEUS-FAIRY\ud83d\udc96\n|-damage|p1a: \ud83d\udc96ARCEUS-FAIRY\ud83d\udc96|21\/100\n|move|p1a: \ud83d\udc96ARCEUS-FAIRY\ud83d\udc96|Judgment|p2a: Darmanitan\n|-resisted|p2a: Darmanitan\n|-damage|p2a: Darmanitan|0 fnt\n|faint|p2a: Darmanitan\n|\n|-weather|Snow|[upkeep]\n|upkeep\n|\n|t:|1700325412\n|switch|p2a: Palafin|Palafin-Hero, M|100\/100\n|-activate|p2a: Palafin|ability: Zero to Hero\n|turn|14\n|\n|t:|1700325420\n|move|p2a: Palafin|Jet Punch|p1a: \ud83d\udc96ARCEUS-FAIRY\ud83d\udc96\n|-damage|p1a: \ud83d\udc96ARCEUS-FAIRY\ud83d\udc96|0 fnt\n|faint|p1a: \ud83d\udc96ARCEUS-FAIRY\ud83d\udc96\n|\n|-weather|none\n|-sideend|p2: AxeLigh|move: Aurora Veil\n|upkeep\n|\n|t:|1700325430\n|switch|p1a: \ud83d\udc96FLUTTER MANE\ud83d\udc97\ud83d\udc8b|Flutter Mane, shiny|100\/100\n|-damage|p1a: \ud83d\udc96FLUTTER MANE\ud83d\udc97\ud83d\udc8b|88\/100|[from] Stealth Rock\n|-enditem|p1a: \ud83d\udc96FLUTTER MANE\ud83d\udc97\ud83d\udc8b|Booster Energy\n|-activate|p1a: \ud83d\udc96FLUTTER MANE\ud83d\udc97\ud83d\udc8b|ability: Protosynthesis|[fromitem]\n|-start|p1a: \ud83d\udc96FLUTTER MANE\ud83d\udc97\ud83d\udc8b|protosynthesisspa\n|turn|15\n|\n|t:|1700325442\n|move|p2a: Palafin|Jet Punch|p1a: \ud83d\udc96FLUTTER MANE\ud83d\udc97\ud83d\udc8b\n|-damage|p1a: \ud83d\udc96FLUTTER MANE\ud83d\udc97\ud83d\udc8b|10\/100\n|move|p1a: \ud83d\udc96FLUTTER MANE\ud83d\udc97\ud83d\udc8b|Draining Kiss|p2a: Palafin\n|-damage|p2a: Palafin|55\/100\n|-heal|p1a: \ud83d\udc96FLUTTER MANE\ud83d\udc97\ud83d\udc8b|57\/100|[from] drain|[of] p2a: Palafin\n|\n|-fieldend|Misty Terrain\n|upkeep\n|turn|16\n|\n|t:|1700325456\n|-end|p1a: \ud83d\udc96FLUTTER MANE\ud83d\udc97\ud83d\udc8b|Protosynthesis|[silent]\n|switch|p1a: \ud83d\udc97WHIMSICOTT\ud83d\udc96\ud83d\udc8b|Whimsicott, F, shiny|63\/100\n|-damage|p1a: \ud83d\udc97WHIMSICOTT\ud83d\udc96\ud83d\udc8b|51\/100|[from] Stealth Rock\n|move|p2a: Palafin|Jet Punch|p1a: \ud83d\udc97WHIMSICOTT\ud83d\udc96\ud83d\udc8b\n|-resisted|p1a: \ud83d\udc97WHIMSICOTT\ud83d\udc96\ud83d\udc8b\n|-damage|p1a: \ud83d\udc97WHIMSICOTT\ud83d\udc96\ud83d\udc8b|23\/100\n|\n|upkeep\n|turn|17\n|\n|t:|1700325464\n|move|p1a: \ud83d\udc97WHIMSICOTT\ud83d\udc96\ud83d\udc8b|Charm|p2a: Palafin\n|-unboost|p2a: Palafin|atk|2\n|move|p2a: Palafin|Ice Punch|p1a: \ud83d\udc97WHIMSICOTT\ud83d\udc96\ud83d\udc8b\n|-supereffective|p1a: \ud83d\udc97WHIMSICOTT\ud83d\udc96\ud83d\udc8b\n|-damage|p1a: \ud83d\udc97WHIMSICOTT\ud83d\udc96\ud83d\udc8b|0 fnt\n|faint|p1a: \ud83d\udc97WHIMSICOTT\ud83d\udc96\ud83d\udc8b\n|\n|upkeep\n|\n|t:|1700325493\n|switch|p1a: \ud83d\udc96FLUTTER MANE\ud83d\udc97\ud83d\udc8b|Flutter Mane, shiny|57\/100\n|-damage|p1a: \ud83d\udc96FLUTTER MANE\ud83d\udc97\ud83d\udc8b|45\/100|[from] Stealth Rock\n|turn|18\n|\n|t:|1700325500\n|switch|p2a: Rapidash|Rapidash-Galar, F|100\/100\n|move|p1a: \ud83d\udc96FLUTTER MANE\ud83d\udc97\ud83d\udc8b|Moonblast|p2a: Rapidash\n|-damage|p2a: Rapidash|41\/100\n|\n|upkeep\n|turn|19\n|\n|t:|1700325512\n|move|p1a: \ud83d\udc96FLUTTER MANE\ud83d\udc97\ud83d\udc8b|Draining Kiss|p2a: Rapidash\n|-damage|p2a: Rapidash|9\/100\n|-heal|p1a: \ud83d\udc96FLUTTER MANE\ud83d\udc97\ud83d\udc8b|71\/100|[from] drain|[of] p2a: Rapidash\n|move|p2a: Rapidash|Drill Run|p1a: \ud83d\udc96FLUTTER MANE\ud83d\udc97\ud83d\udc8b\n|-damage|p1a: \ud83d\udc96FLUTTER MANE\ud83d\udc97\ud83d\udc8b|17\/100\n|\n|upkeep\n|turn|20\n|\n|t:|1700325520\n|move|p1a: \ud83d\udc96FLUTTER MANE\ud83d\udc97\ud83d\udc8b|Moonblast|p2a: Rapidash\n|-damage|p2a: Rapidash|0 fnt\n|faint|p2a: Rapidash\n|\n|upkeep\n|\n|t:|1700325524\n|switch|p2a: Abomasnow|Abomasnow-Mega, M|100\/100\n|-weather|Snow|[from] ability: Snow Warning|[of] p2a: Abomasnow\n|turn|21\n|\n|t:|1700325537\n|move|p1a: \ud83d\udc96FLUTTER MANE\ud83d\udc97\ud83d\udc8b|Moonblast|p2a: Abomasnow\n|-damage|p2a: Abomasnow|49\/100\n|move|p2a: Abomasnow|Aurora Veil|p2a: Abomasnow\n|-sidestart|p2: AxeLigh|move: Aurora Veil\n|\n|-weather|Snow|[upkeep]\n|upkeep\n|turn|22\n|\n|t:|1700325544\n|move|p1a: \ud83d\udc96FLUTTER MANE\ud83d\udc97\ud83d\udc8b|Moonblast|p2a: Abomasnow\n|-damage|p2a: Abomasnow|25\/100\n|-unboost|p2a: Abomasnow|spa|1\n|move|p2a: Abomasnow|Giga Drain|p1a: \ud83d\udc96FLUTTER MANE\ud83d\udc97\ud83d\udc8b\n|-damage|p1a: \ud83d\udc96FLUTTER MANE\ud83d\udc97\ud83d\udc8b|0 fnt\n|-heal|p2a: Abomasnow|31\/100|[from] drain|[of] p1a: \ud83d\udc96FLUTTER MANE\ud83d\udc97\ud83d\udc8b\n|faint|p1a: \ud83d\udc96FLUTTER MANE\ud83d\udc97\ud83d\udc8b\n|-end|p1a: \ud83d\udc96FLUTTER MANE\ud83d\udc97\ud83d\udc8b|Protosynthesis|[silent]\n|\n|-weather|Snow|[upkeep]\n|upkeep\n|\n|t:|1700325555\n|switch|p1a: \u26d3\ufe0f\ud83d\udc97TINKATON\ud83d\udc97\u26d3\ufe0f\ud83d\udc8b|Tinkaton, F, shiny|100\/100\n|-damage|p1a: \u26d3\ufe0f\ud83d\udc97TINKATON\ud83d\udc97\u26d3\ufe0f\ud83d\udc8b|94\/100|[from] Stealth Rock\n|-ability|p1a: \u26d3\ufe0f\ud83d\udc97TINKATON\ud83d\udc97\u26d3\ufe0f\ud83d\udc8b|Mold Breaker\n|turn|23\n|\n|t:|1700325562\n|move|p1a: \u26d3\ufe0f\ud83d\udc97TINKATON\ud83d\udc97\u26d3\ufe0f\ud83d\udc8b|Swords Dance|p1a: \u26d3\ufe0f\ud83d\udc97TINKATON\ud83d\udc97\u26d3\ufe0f\ud83d\udc8b\n|-boost|p1a: \u26d3\ufe0f\ud83d\udc97TINKATON\ud83d\udc97\u26d3\ufe0f\ud83d\udc8b|atk|2\n|move|p2a: Abomasnow|Chilling Water|p1a: \u26d3\ufe0f\ud83d\udc97TINKATON\ud83d\udc97\u26d3\ufe0f\ud83d\udc8b\n|-damage|p1a: \u26d3\ufe0f\ud83d\udc97TINKATON\ud83d\udc97\u26d3\ufe0f\ud83d\udc8b|83\/100\n|-unboost|p1a: \u26d3\ufe0f\ud83d\udc97TINKATON\ud83d\udc97\u26d3\ufe0f\ud83d\udc8b|atk|1\n|\n|-weather|Snow|[upkeep]\n|upkeep\n|turn|24\n|\n|t:|1700325581\n|move|p1a: \u26d3\ufe0f\ud83d\udc97TINKATON\ud83d\udc97\u26d3\ufe0f\ud83d\udc8b|Gigaton Hammer|p2a: Abomasnow\n|-supereffective|p2a: Abomasnow\n|-damage|p2a: Abomasnow|0 fnt\n|faint|p2a: Abomasnow\n|\n|-weather|Snow|[upkeep]\n|upkeep\n|\n|t:|1700325588\n|switch|p2a: Palafin|Palafin-Hero, M|55\/100\n|turn|25\n|\n|t:|1700325594\n|move|p2a: Palafin|Drain Punch|p1a: \u26d3\ufe0f\ud83d\udc97TINKATON\ud83d\udc97\u26d3\ufe0f\ud83d\udc8b\n|-crit|p1a: \u26d3\ufe0f\ud83d\udc97TINKATON\ud83d\udc97\u26d3\ufe0f\ud83d\udc8b\n|-damage|p1a: \u26d3\ufe0f\ud83d\udc97TINKATON\ud83d\udc97\u26d3\ufe0f\ud83d\udc8b|21\/100\n|-heal|p2a: Palafin|83\/100|[from] drain|[of] p1a: \u26d3\ufe0f\ud83d\udc97TINKATON\ud83d\udc97\u26d3\ufe0f\ud83d\udc8b\n|move|p1a: \u26d3\ufe0f\ud83d\udc97TINKATON\ud83d\udc97\u26d3\ufe0f\ud83d\udc8b|Play Rough|p2a: Palafin\n|-damage|p2a: Palafin|52\/100\n|-unboost|p2a: Palafin|atk|1\n|\n|-weather|none\n|-sideend|p2: AxeLigh|move: Aurora Veil\n|upkeep\n|turn|26\n|\n|t:|1700325610\n|switch|p1a: \ud83d\udc97MIMIKIYU\ud83d\udc97\ud83d\udc8b|Mimikyu, F|100\/100\n|-damage|p1a: \ud83d\udc97MIMIKIYU\ud83d\udc97\ud83d\udc8b|88\/100|[from] Stealth Rock\n|move|p2a: Palafin|Drain Punch|p1a: \ud83d\udc97MIMIKIYU\ud83d\udc97\ud83d\udc8b\n|-immune|p1a: \ud83d\udc97MIMIKIYU\ud83d\udc97\ud83d\udc8b\n|\n|upkeep\n|turn|27\n|\n|t:|1700325619\n|move|p2a: Palafin|Jet Punch|p1a: \ud83d\udc97MIMIKIYU\ud83d\udc97\ud83d\udc8b\n|-activate|p1a: \ud83d\udc97MIMIKIYU\ud83d\udc97\ud83d\udc8b|ability: Disguise\n|-damage|p1a: \ud83d\udc97MIMIKIYU\ud83d\udc97\ud83d\udc8b|88\/100\n|detailschange|p1a: \ud83d\udc97MIMIKIYU\ud83d\udc97\ud83d\udc8b|Mimikyu-Busted, F\n|-damage|p1a: \ud83d\udc97MIMIKIYU\ud83d\udc97\ud83d\udc8b|76\/100|[from] pokemon: Mimikyu-Busted\n|-zpower|p1a: \ud83d\udc97MIMIKIYU\ud83d\udc97\ud83d\udc8b\n|move|p1a: \ud83d\udc97MIMIKIYU\ud83d\udc97\ud83d\udc8b|Let's Snuggle Forever|p2a: Palafin|[zeffect]\n|-damage|p2a: Palafin|0 fnt\n|faint|p2a: Palafin\n|\n|win|PIXIE-MODE\u2665\ufe0f\n|raw|PIXIE-MODE\u2665\ufe0f's rating: 1089 &rarr; <strong>1112<\/strong><br \/>(+23 for winning)\n|raw|AxeLigh's rating: 1042 &rarr; <strong>1028<\/strong><br \/>(-14 for losing)\n|l|\u2606AxeLigh\n","uploadtime":1700325882,"views":6,"p1id":"pixiemode","p2id":"axeligh","formatid":"gen9nationaldexubers","rating":1028,"private":0,"password":""}