{"id":"gen9nationaldexubers-1992435301","p1":"Italoo.op6","p2":"Arnaenaed \u223e","format":"[Gen 9] National Dex Ubers","log":"|j|\u2606Italoo.op6\n|j|\u2606Arnaenaed \u223e\n|t:|1700187255\n|gametype|singles\n|player|p1|Italoo.op6|ghetsis|1072\n|player|p2|Arnaenaed \u223e|kofu|1084\n|teamsize|p1|6\n|teamsize|p2|6\n|gen|9\n|tier|[Gen 9] National Dex Ubers\n|rated|\n|rule|HP Percentage Mod: HP is shown in percentages\n|rule|Endless Battle Clause: Forcing endless battles is banned\n|rule|OHKO Clause: OHKO moves are banned\n|rule|Evasion Moves Clause: Evasion moves are banned\n|rule|Evasion Items Clause: Evasion items are banned\n|rule|Species Clause: Limit one of each Pok\u00e9mon\n|rule|Sleep Clause Mod: Limit one foe put to sleep\n|rule|Mega Rayquaza Clause: You cannot mega evolve Rayquaza\n|clearpoke\n|poke|p1|Mimikyu, F|\n|poke|p1|Ferrothorn, F|\n|poke|p1|Pheromosa|\n|poke|p1|Gliscor, F|\n|poke|p1|Rotom-Wash|\n|poke|p1|Tyrantrum, F|\n|poke|p2|Politoed, F|\n|poke|p2|Poliwrath, M|\n|poke|p2|Basculegion, M|\n|poke|p2|Ludicolo, M|\n|poke|p2|Cramorant, F|\n|poke|p2|Empoleon, F|\n|teampreview\n|inactive|Battle timer is ON: inactive players will automatically lose when time's up. (requested by Italoo.op6)\n|\n|t:|1700187271\n|start\n|switch|p1a: Ferrothorn|Ferrothorn, F|100\/100\n|switch|p2a: Politoed|Politoed, F|100\/100\n|-weather|RainDance|[from] ability: Drizzle|[of] p2a: Politoed\n|turn|1\n|inactive|Italoo.op6 has 120 seconds left.\n|\n|t:|1700187301\n|switch|p2a: Cramorant|Cramorant, F|100\/100\n|move|p1a: Ferrothorn|Leech Seed|p2a: Cramorant\n|-start|p2a: Cramorant|move: Leech Seed\n|\n|-weather|RainDance|[upkeep]\n|-damage|p2a: Cramorant|88\/100|[from] Leech Seed|[of] p1a: Ferrothorn\n|upkeep\n|turn|2\n|inactive|Italoo.op6 has 120 seconds left.\n|\n|t:|1700187321\n|switch|p2a: Ludicolo|Ludicolo, M|100\/100\n|move|p1a: Ferrothorn|Seed Bomb|p2a: Ludicolo\n|-damage|p2a: Ludicolo|56\/100\n|\n|-weather|RainDance|[upkeep]\n|upkeep\n|turn|3\n|\n|t:|1700187331\n|move|p2a: Ludicolo|Ice Beam|p1a: Ferrothorn\n|-damage|p1a: Ferrothorn|72\/100\n|-damage|p2a: Ludicolo|46\/100|[from] item: Life Orb\n|move|p1a: Ferrothorn|Seed Bomb|p2a: Ludicolo\n|-damage|p2a: Ludicolo|0 fnt\n|faint|p2a: Ludicolo\n|\n|-weather|RainDance|[upkeep]\n|-heal|p1a: Ferrothorn|78\/100|[from] item: Leftovers\n|upkeep\n|\n|t:|1700187338\n|switch|p2a: Poliwrath|Poliwrath, M|100\/100\n|turn|4\n|\n|t:|1700187341\n|move|p2a: Poliwrath|Close Combat|p1a: Ferrothorn\n|-supereffective|p1a: Ferrothorn\n|-damage|p1a: Ferrothorn|0 fnt\n|-unboost|p2a: Poliwrath|def|1\n|-unboost|p2a: Poliwrath|spd|1\n|-damage|p2a: Poliwrath|88\/100|[from] ability: Iron Barbs|[of] p1a: Ferrothorn\n|faint|p1a: Ferrothorn\n|-damage|p2a: Poliwrath|78\/100|[from] item: Life Orb\n|\n|-weather|RainDance|[upkeep]\n|upkeep\n|inactive|Italoo.op6 has 120 seconds left.\n|\n|t:|1700187361\n|switch|p1a: Rotom|Rotom-Wash, shiny|100\/100\n|turn|5\n|\n|t:|1700187368\n|move|p2a: Poliwrath|Close Combat|p1a: Rotom\n|-damage|p1a: Rotom|28\/100\n|-unboost|p2a: Poliwrath|def|1\n|-unboost|p2a: Poliwrath|spd|1\n|-damage|p2a: Poliwrath|68\/100|[from] item: Life Orb\n|move|p1a: Rotom|Discharge|p2a: Poliwrath\n|-supereffective|p2a: Poliwrath\n|-damage|p2a: Poliwrath|0 fnt\n|faint|p2a: Poliwrath\n|\n|-weather|RainDance|[upkeep]\n|-heal|p1a: Rotom|34\/100|[from] item: Leftovers\n|upkeep\n|\n|t:|1700187386\n|switch|p2a: Basculegion|Basculegion, M|100\/100\n|turn|6\n|\n|t:|1700187396\n|move|p2a: Basculegion|Wave Crash|p1a: Rotom\n|-resisted|p1a: Rotom\n|-damage|p1a: Rotom|0 fnt\n|faint|p1a: Rotom\n|-damage|p2a: Basculegion|93\/100|[from] Recoil\n|\n|-weather|RainDance|[upkeep]\n|upkeep\n|\n|t:|1700187401\n|switch|p1a: Mimikyu|Mimikyu, F|100\/100\n|turn|7\n|\n|t:|1700187413\n|switch|p2a: Empoleon|Empoleon, F|100\/100\n|move|p1a: Mimikyu|Swords Dance|p1a: Mimikyu\n|-boost|p1a: Mimikyu|atk|2\n|\n|-weather|RainDance|[upkeep]\n|upkeep\n|turn|8\n|\n|t:|1700187425\n|switch|p1a: Pheromosa|Pheromosa, shiny|100\/100\n|move|p2a: Empoleon|Flip Turn|p1a: Pheromosa\n|-damage|p1a: Pheromosa|31\/100\n|\n|t:|1700187433\n|switch|p2a: Basculegion|Basculegion, M|93\/100|[from] Flip Turn\n|\n|-weather|none\n|upkeep\n|turn|9\n|\n|t:|1700187446\n|move|p2a: Basculegion|Aqua Jet|p1a: Pheromosa\n|-damage|p1a: Pheromosa|0 fnt\n|faint|p1a: Pheromosa\n|\n|upkeep\n|\n|t:|1700187454\n|switch|p1a: Mimikyu|Mimikyu, F|100\/100\n|turn|10\n|\n|t:|1700187456\n|move|p2a: Basculegion|Aqua Jet|p1a: Mimikyu\n|-activate|p1a: Mimikyu|ability: Disguise\n|-damage|p1a: Mimikyu|100\/100\n|detailschange|p1a: Mimikyu|Mimikyu-Busted, F\n|-damage|p1a: Mimikyu|88\/100|[from] pokemon: Mimikyu-Busted\n|move|p1a: Mimikyu|Swords Dance|p1a: Mimikyu\n|-boost|p1a: Mimikyu|atk|2\n|\n|upkeep\n|turn|11\n|\n|t:|1700187462\n|switch|p2a: Politoed|Politoed, F|100\/100\n|-weather|RainDance|[from] ability: Drizzle|[of] p2a: Politoed\n|move|p1a: Mimikyu|Shadow Sneak|p2a: Politoed\n|-crit|p2a: Politoed\n|-damage|p2a: Politoed|64\/100\n|\n|-weather|RainDance|[upkeep]\n|upkeep\n|turn|12\n|\n|t:|1700187471\n|-zpower|p1a: Mimikyu\n|move|p1a: Mimikyu|Let's Snuggle Forever|p2a: Politoed|[zeffect]\n|-damage|p2a: Politoed|0 fnt\n|faint|p2a: Politoed\n|\n|-weather|RainDance|[upkeep]\n|upkeep\n|\n|t:|1700187485\n|switch|p2a: Empoleon|Empoleon, F|100\/100\n|turn|13\n|\n|t:|1700187497\n|switch|p1a: Tyrantrum|Tyrantrum, F, shiny|100\/100\n|move|p2a: Empoleon|Surf|p1a: Tyrantrum\n|-damage|p1a: Tyrantrum|15\/100\n|\n|-weather|RainDance|[upkeep]\n|upkeep\n|turn|14\n|\n|t:|1700187506\n|move|p1a: Tyrantrum|Head Smash|p2a: Empoleon\n|-resisted|p2a: Empoleon\n|-crit|p2a: Empoleon\n|-damage|p2a: Empoleon|26\/100\n|-damage|p1a: Tyrantrum|5\/100|[from] item: Life Orb\n|move|p2a: Empoleon|Flip Turn|p1a: Tyrantrum\n|-damage|p1a: Tyrantrum|0 fnt\n|faint|p1a: Tyrantrum\n|\n|t:|1700187524\n|switch|p2a: Cramorant|Cramorant, F|88\/100|[from] Flip Turn\n|\n|-weather|RainDance|[upkeep]\n|upkeep\n|\n|t:|1700187534\n|switch|p1a: Gliscor|Gliscor, F|100\/100\n|turn|15\n|\n|t:|1700187540\n|move|p2a: Cramorant|Surf|p1a: Gliscor\n|-formechange|p2a: Cramorant|Cramorant-Gulping|\n|-supereffective|p1a: Gliscor\n|-damage|p1a: Gliscor|0 fnt\n|faint|p1a: Gliscor\n|\n|-weather|RainDance|[upkeep]\n|upkeep\n|\n|t:|1700187546\n|switch|p1a: Mimikyu|Mimikyu-Busted, F|88\/100\n|turn|16\n|\n|t:|1700187562\n|move|p1a: Mimikyu|Shadow Sneak|p2a: Cramorant\n|-damage|p2a: Cramorant|58\/100\n|-damage|p1a: Mimikyu|63\/100|[from] ability: Gulp Missile|[of] p2a: Cramorant\n|-unboost|p1a: Mimikyu|def|1\n|-formechange|p2a: Cramorant|Cramorant|\n|move|p2a: Cramorant|Surf|p1a: Mimikyu\n|-formechange|p2a: Cramorant|Cramorant-Gulping|\n|-damage|p1a: Mimikyu|0 fnt\n|faint|p1a: Mimikyu\n|\n|win|Arnaenaed \u223e\n|raw|Italoo.op6's rating: 1072 &rarr; <strong>1052<\/strong><br \/>(-20 for losing)\n|raw|Arnaenaed \u223e's rating: 1084 &rarr; <strong>1110<\/strong><br \/>(+26 for winning)\n|l|\u2606Italoo.op6\n","uploadtime":1700188212,"views":8,"p1id":"italooop6","p2id":"arnaenaed","formatid":"gen9nationaldexubers","rating":1052,"private":0,"password":""}