{"id":"gen9nationaldexubers-1997027912","p1":"MrTRB","p2":"Xanvoir","format":"[Gen 9] National Dex Ubers","log":"|j|\u2606MrTRB\n|j|\u2606Xanvoir\n|t:|1700757208\n|gametype|singles\n|player|p1|MrTRB|benga|\n|player|p2|Xanvoir|grimsley|\n|teamsize|p1|3\n|teamsize|p2|3\n|gen|9\n|tier|[Gen 9] National Dex Ubers\n|rule|HP Percentage Mod: HP is shown in percentages\n|rule|Endless Battle Clause: Forcing endless battles is banned\n|rule|OHKO Clause: OHKO moves are banned\n|rule|Evasion Moves Clause: Evasion moves are banned\n|rule|Evasion Items Clause: Evasion items are banned\n|rule|Species Clause: Limit one of each Pok\u00e9mon\n|rule|Sleep Clause Mod: Limit one foe put to sleep\n|rule|Mega Rayquaza Clause: You cannot mega evolve Rayquaza\n|clearpoke\n|poke|p1|Garganacl, F|\n|poke|p1|Infernape, M|\n|poke|p1|Palafin, F|\n|poke|p2|Ninetales-Alola, F|\n|poke|p2|Darmanitan-Galar, F|\n|poke|p2|Weavile, M|\n|teampreview\n|c|\u2606MrTRB|dear gods\n|l|\u2606Xanvoir\n|player|p2|\n|j| CloysterEnjoyer\n|j|\u2606Xanvoir\n|player|p2|Xanvoir|grimsley\n|j| RaVeDreNch\n|\n|t:|1700757236\n|start\n|switch|p1a: Palafin|Palafin, F|100\/100\n|switch|p2a: Ninetales|Ninetales-Alola, F|100\/100\n|turn|1\n|\n|t:|1700757247\n|move|p1a: Palafin|Jet Punch|p2a: Ninetales\n|-damage|p2a: Ninetales|66\/100\n|move|p2a: Ninetales|Aurora Veil||[still]\n|-fail|p2a: Ninetales\n|\n|upkeep\n|turn|2\n|c| CloysterEnjoyer|i hate screens so much\n|c|\u2606Xanvoir|Shit wait\n|c|\u2606MrTRB|i\n|c|\u2606Xanvoir|there\u2019s a problem\n|c| CloysterEnjoyer|what?\n|c|\u2606MrTRB|i think you forgot snow warning\n|c|\u2606Xanvoir|yeah I forgot snow warning lmao\n|c| CloysterEnjoyer|oof\n|c|\u2606MrTRB|well\n|c|\u2606MrTRB|should we\n|c|\u2606Xanvoir|Do we rematch or go on with it ?\n|c|\u2606MrTRB|should we keep it going or\n|c|\u2606MrTRB|i'd say\n|c|\u2606MrTRB|keep it rolling\n|c|\u2606MrTRB|for the funny\n|\n|t:|1700757305\n|detailschange|p1a: Palafin|Palafin-Hero, F\n|switch|p1a: Garganacl|Garganacl, F|100\/100\n|move|p2a: Ninetales|Freeze-Dry|p1a: Garganacl\n|-damage|p1a: Garganacl|82\/100\n|\n|-heal|p1a: Garganacl|89\/100|[from] item: Leftovers\n|upkeep\n|turn|3\n|\n|t:|1700757316\n|move|p2a: Ninetales|Moonblast|p1a: Garganacl\n|-damage|p1a: Garganacl|67\/100\n|-unboost|p1a: Garganacl|spa|1\n|move|p1a: Garganacl|Salt Cure|p2a: Ninetales\n|-supereffective|p2a: Ninetales\n|-damage|p2a: Ninetales|23\/100\n|-start|p2a: Ninetales|Salt Cure\n|\n|-heal|p1a: Garganacl|73\/100|[from] item: Leftovers\n|-damage|p2a: Ninetales|11\/100|[from] Salt Cure\n|upkeep\n|turn|4\n|c|\u2606Xanvoir|Sad\n|\n|t:|1700757323\n|move|p2a: Ninetales|Moonblast|p1a: Garganacl\n|-damage|p1a: Garganacl|49\/100\n|move|p1a: Garganacl|Iron Defense|p1a: Garganacl\n|-boost|p1a: Garganacl|def|2\n|\n|-heal|p1a: Garganacl|55\/100|[from] item: Leftovers\n|-damage|p2a: Ninetales|0 fnt|[from] Salt Cure\n|faint|p2a: Ninetales\n|upkeep\n|\n|t:|1700757327\n|switch|p2a: Darmanitan|Darmanitan-Galar, F|100\/100\n|turn|5\n|\n|t:|1700757336\n|move|p2a: Darmanitan|Earthquake|p1a: Garganacl\n|-supereffective|p1a: Garganacl\n|-crit|p1a: Garganacl\n|-damage|p1a: Garganacl|0 fnt\n|faint|p1a: Garganacl\n|\n|upkeep\n|\n|t:|1700757350\n|switch|p1a: Palafin|Palafin-Hero, F|100\/100\n|-activate|p1a: Palafin|ability: Zero to Hero\n|turn|6\n|\n|t:|1700757359\n|move|p2a: Darmanitan|Earthquake|p1a: Palafin\n|-damage|p1a: Palafin|52\/100\n|move|p1a: Palafin|Drain Punch|p2a: Darmanitan\n|-supereffective|p2a: Darmanitan\n|-damage|p2a: Darmanitan|10\/100\n|-heal|p1a: Palafin|91\/100|[from] drain|[of] p2a: Darmanitan\n|\n|-heal|p1a: Palafin|97\/100|[from] item: Leftovers\n|upkeep\n|turn|7\n|c|\u2606Xanvoir|Lol\n|\n|t:|1700757368\n|move|p1a: Palafin|Jet Punch|p2a: Darmanitan\n|-damage|p2a: Darmanitan|0 fnt\n|faint|p2a: Darmanitan\n|\n|-heal|p1a: Palafin|100\/100|[from] item: Leftovers\n|upkeep\n|\n|t:|1700757370\n|switch|p2a: Weavile|Weavile, M|100\/100\n|turn|8\n|\n|t:|1700757376\n|move|p2a: Weavile|Swords Dance|p2a: Weavile\n|-boost|p2a: Weavile|atk|2\n|move|p1a: Palafin|Drain Punch|p2a: Weavile\n|-supereffective|p2a: Weavile\n|-enditem|p2a: Weavile|Focus Sash\n|-damage|p2a: Weavile|1\/100\n|-enditem|p1a: Palafin|Leftovers|[silent]|[from] ability: Pickpocket|[of] p1a: Palafin\n|-item|p2a: Weavile|Leftovers|[from] ability: Pickpocket|[of] p1a: Palafin\n|\n|-heal|p2a: Weavile|7\/100|[from] item: Leftovers\n|upkeep\n|turn|9\n|c| CloysterEnjoyer|leftovers hmm\n|c|\u2606MrTRB|indeed\n|\n|t:|1700757388\n|move|p2a: Weavile|Ice Shard|p1a: Palafin\n|-resisted|p1a: Palafin\n|-damage|p1a: Palafin|85\/100\n|move|p1a: Palafin|Jet Punch|p2a: Weavile\n|-damage|p2a: Weavile|0 fnt\n|faint|p2a: Weavile\n|\n|win|MrTRB\n|c|\u2606Xanvoir|Yeah nah\n|c| CloysterEnjoyer|thought you had choice band\n|c|\u2606Xanvoir|I ran pickpocket\n|c|\u2606Xanvoir|Anyway\n|c|\u2606MrTRB|gg\n|c|\u2606Xanvoir|that was sad\n","uploadtime":1700757408,"views":1,"p1id":"mrtrb","p2id":"xanvoir","formatid":"gen9nationaldexubers","rating":0,"private":0,"password":""}