{"id":"gen9nationaldexubers-1999702873","p1":"Zake202012","p2":"hightopfade69","format":"[Gen 9] National Dex Ubers","log":"|j|\u2606Zake202012\n|j|\u203dhightopfade69\n|t:|1701109218\n|gametype|singles\n|player|p1|Zake202012|n|1343\n|player|p2|hightopfade69|1|1283\n|teamsize|p1|6\n|teamsize|p2|6\n|gen|9\n|tier|[Gen 9] National Dex Ubers\n|rated|\n|rule|HP Percentage Mod: HP is shown in percentages\n|rule|Endless Battle Clause: Forcing endless battles is banned\n|rule|OHKO Clause: OHKO moves are banned\n|rule|Evasion Moves Clause: Evasion moves are banned\n|rule|Evasion Items Clause: Evasion items are banned\n|rule|Species Clause: Limit one of each Pok\u00e9mon\n|rule|Sleep Clause Mod: Limit one foe put to sleep\n|rule|Mega Rayquaza Clause: You cannot mega evolve Rayquaza\n|clearpoke\n|poke|p1|Arceus|\n|poke|p1|Aggron, F|\n|poke|p1|Ceruledge, M|\n|poke|p1|Serperior, M|\n|poke|p1|Polteageist|\n|poke|p1|Maushold|\n|poke|p2|Palafin, M|\n|poke|p2|Mewtwo|\n|poke|p2|Annihilape, F|\n|poke|p2|Gholdengo|\n|poke|p2|Ninetales-Alola, M|\n|poke|p2|Kyurem-Black|\n|teampreview\n|inactive|Battle timer is ON: inactive players will automatically lose when time's up. (requested by Zake202012)\n|\n|t:|1701109228\n|start\n|switch|p1a: Arceus|Arceus|100\/100\n|switch|p2a: Ninetales|Ninetales-Alola, M|100\/100\n|-weather|Snow|[from] ability: Snow Warning|[of] p2a: Ninetales\n|turn|1\n|\n|t:|1701109233\n|move|p2a: Ninetales|Aurora Veil|p2a: Ninetales\n|-sidestart|p2: hightopfade69|move: Aurora Veil\n|move|p1a: Arceus|Cosmic Power|p1a: Arceus\n|-boost|p1a: Arceus|def|1\n|-boost|p1a: Arceus|spd|1\n|\n|-weather|Snow|[upkeep]\n|upkeep\n|turn|2\n|\n|t:|1701109239\n|switch|p2a: Gholdengo|Gholdengo|100\/100\n|move|p1a: Arceus|Cosmic Power|p1a: Arceus\n|-boost|p1a: Arceus|def|1\n|-boost|p1a: Arceus|spd|1\n|\n|-weather|Snow|[upkeep]\n|upkeep\n|turn|3\n|\n|t:|1701109250\n|move|p1a: Arceus|Cosmic Power|p1a: Arceus\n|-boost|p1a: Arceus|def|1\n|-boost|p1a: Arceus|spd|1\n|move|p2a: Gholdengo|Thunder Wave|p1a: Arceus\n|-status|p1a: Arceus|par\n|\n|-weather|Snow|[upkeep]\n|upkeep\n|turn|4\n|\n|t:|1701109264\n|switch|p2a: Palafin|Palafin, M|100\/100\n|move|p1a: Arceus|Cosmic Power|p1a: Arceus\n|-boost|p1a: Arceus|def|1\n|-boost|p1a: Arceus|spd|1\n|\n|-weather|Snow|[upkeep]\n|upkeep\n|turn|5\n|\n|t:|1701109269\n|move|p2a: Palafin|Bulk Up|p2a: Palafin\n|-boost|p2a: Palafin|atk|1\n|-boost|p2a: Palafin|def|1\n|move|p1a: Arceus|Cosmic Power|p1a: Arceus\n|-boost|p1a: Arceus|def|1\n|-boost|p1a: Arceus|spd|1\n|\n|-weather|none\n|upkeep\n|turn|6\n|\n|t:|1701109274\n|move|p2a: Palafin|Bulk Up|p2a: Palafin\n|-boost|p2a: Palafin|atk|1\n|-boost|p2a: Palafin|def|1\n|move|p1a: Arceus|Stored Power|p2a: Palafin\n|-damage|p2a: Palafin|62\/100\n|-enditem|p2a: Palafin|Eject Button\n|\n|t:|1701109279\n|detailschange|p2a: Palafin|Palafin-Hero, M\n|switch|p2a: Kyurem|Kyurem-Black|100\/100\n|-ability|p2a: Kyurem|Teravolt\n|\n|upkeep\n|turn|7\n|\n|t:|1701109286\n|move|p2a: Kyurem|Dragon Dance|p2a: Kyurem\n|-boost|p2a: Kyurem|atk|1\n|-boost|p2a: Kyurem|spe|1\n|move|p1a: Arceus|Body Press|p2a: Kyurem\n|-supereffective|p2a: Kyurem\n|-damage|p2a: Kyurem|27\/100\n|\n|upkeep\n|turn|8\n|\n|t:|1701109295\n|move|p2a: Kyurem|Outrage|p1a: Arceus\n|-damage|p1a: Arceus|79\/100 par\n|move|p1a: Arceus|Body Press|p2a: Kyurem\n|-supereffective|p2a: Kyurem\n|-damage|p2a: Kyurem|0 fnt\n|faint|p2a: Kyurem\n|\n|-heal|p1a: Arceus|85\/100 par|[from] item: Leftovers\n|-sideend|p2: hightopfade69|move: Aurora Veil\n|upkeep\n|\n|t:|1701109301\n|switch|p2a: Annihilape|Annihilape, F|100\/100\n|turn|9\n|\n|t:|1701109305\n|move|p2a: Annihilape|Bulk Up|p2a: Annihilape\n|-boost|p2a: Annihilape|atk|1\n|-boost|p2a: Annihilape|def|1\n|move|p1a: Arceus|Stored Power|p2a: Annihilape\n|-supereffective|p2a: Annihilape\n|-damage|p2a: Annihilape|0 fnt\n|faint|p2a: Annihilape\n|\n|-heal|p1a: Arceus|91\/100 par|[from] item: Leftovers\n|upkeep\n|\n|t:|1701109312\n|switch|p2a: Gholdengo|Gholdengo|100\/100\n|turn|10\n|j| ghgjjhjhhjhgfggvgg\n|\n|t:|1701109317\n|move|p2a: Gholdengo|Hex|p1a: Arceus\n|-immune|p1a: Arceus\n|move|p1a: Arceus|Stored Power|p2a: Gholdengo\n|-resisted|p2a: Gholdengo\n|-damage|p2a: Gholdengo|70\/100\n|\n|-heal|p2a: Gholdengo|76\/100|[from] item: Leftovers\n|-heal|p1a: Arceus|97\/100 par|[from] item: Leftovers\n|upkeep\n|turn|11\n|\n|t:|1701109323\n|move|p2a: Gholdengo|Recover|p2a: Gholdengo\n|-heal|p2a: Gholdengo|100\/100\n|cant|p1a: Arceus|par\n|\n|-heal|p1a: Arceus|100\/100 par|[from] item: Leftovers\n|upkeep\n|turn|12\n|l| ghgjjhjhhjhgfggvgg\n|\n|t:|1701109332\n|move|p2a: Gholdengo|Make It Rain|p1a: Arceus\n|-damage|p1a: Arceus|86\/100 par\n|-unboost|p2a: Gholdengo|spa|1\n|cant|p1a: Arceus|par\n|\n|-heal|p1a: Arceus|92\/100 par|[from] item: Leftovers\n|upkeep\n|turn|13\n|\n|t:|1701109344\n|move|p2a: Gholdengo|Recover||[still]\n|-fail|p2a: Gholdengo|heal\n|move|p1a: Arceus|Cosmic Power|p1a: Arceus\n|-boost|p1a: Arceus|def|1\n|-boost|p1a: Arceus|spd|1\n|\n|-heal|p1a: Arceus|98\/100 par|[from] item: Leftovers\n|upkeep\n|turn|14\n|\n|t:|1701109352\n|move|p2a: Gholdengo|Thunder Wave|p1a: Arceus\n|-fail|p1a: Arceus|par\n|move|p1a: Arceus|Recover|p1a: Arceus\n|-heal|p1a: Arceus|100\/100 par\n|\n|upkeep\n|turn|15\n|\n|t:|1701109359\n|move|p2a: Gholdengo|Thunder Wave|p1a: Arceus\n|-fail|p1a: Arceus|par\n|move|p1a: Arceus|Stored Power|p2a: Gholdengo\n|-resisted|p2a: Gholdengo\n|-damage|p2a: Gholdengo|64\/100\n|\n|-heal|p2a: Gholdengo|70\/100|[from] item: Leftovers\n|upkeep\n|turn|16\n|\n|t:|1701109381\n|move|p2a: Gholdengo|Thunder Wave|p1a: Arceus\n|-fail|p1a: Arceus|par\n|move|p1a: Arceus|Body Press|p2a: Gholdengo\n|-immune|p2a: Gholdengo\n|\n|-heal|p2a: Gholdengo|76\/100|[from] item: Leftovers\n|upkeep\n|turn|17\n|\n|t:|1701109390\n|move|p2a: Gholdengo|Thunder Wave|p1a: Arceus\n|-fail|p1a: Arceus|par\n|move|p1a: Arceus|Stored Power|p2a: Gholdengo\n|-resisted|p2a: Gholdengo\n|-damage|p2a: Gholdengo|37\/100\n|\n|-heal|p2a: Gholdengo|43\/100|[from] item: Leftovers\n|upkeep\n|turn|18\n|\n|t:|1701109401\n|move|p2a: Gholdengo|Recover|p2a: Gholdengo\n|-heal|p2a: Gholdengo|93\/100\n|move|p1a: Arceus|Body Press|p2a: Gholdengo\n|-immune|p2a: Gholdengo\n|\n|-heal|p2a: Gholdengo|99\/100|[from] item: Leftovers\n|upkeep\n|turn|19\n|\n|t:|1701109410\n|move|p2a: Gholdengo|Hex|p1a: Arceus\n|-immune|p1a: Arceus\n|cant|p1a: Arceus|par\n|\n|-heal|p2a: Gholdengo|100\/100|[from] item: Leftovers\n|upkeep\n|turn|20\n|\n|t:|1701109426\n|move|p2a: Gholdengo|Thunder Wave|p1a: Arceus\n|-fail|p1a: Arceus|par\n|move|p1a: Arceus|Stored Power|p2a: Gholdengo\n|-resisted|p2a: Gholdengo\n|-damage|p2a: Gholdengo|63\/100\n|\n|-heal|p2a: Gholdengo|69\/100|[from] item: Leftovers\n|upkeep\n|turn|21\n|\n|t:|1701109435\n|move|p2a: Gholdengo|Hex|p1a: Arceus\n|-immune|p1a: Arceus\n|move|p1a: Arceus|Stored Power|p2a: Gholdengo\n|-resisted|p2a: Gholdengo\n|-damage|p2a: Gholdengo|33\/100\n|\n|-heal|p2a: Gholdengo|39\/100|[from] item: Leftovers\n|upkeep\n|turn|22\n|\n|t:|1701109451\n|move|p2a: Gholdengo|Recover|p2a: Gholdengo\n|-heal|p2a: Gholdengo|89\/100\n|move|p1a: Arceus|Stored Power|p2a: Gholdengo\n|-resisted|p2a: Gholdengo\n|-damage|p2a: Gholdengo|53\/100\n|\n|-heal|p2a: Gholdengo|59\/100|[from] item: Leftovers\n|upkeep\n|turn|23\n|\n|t:|1701109458\n|move|p2a: Gholdengo|Recover|p2a: Gholdengo\n|-heal|p2a: Gholdengo|100\/100\n|cant|p1a: Arceus|par\n|\n|upkeep\n|turn|24\n|\n|t:|1701109467\n|move|p2a: Gholdengo|Hex|p1a: Arceus\n|-immune|p1a: Arceus\n|move|p1a: Arceus|Stored Power|p2a: Gholdengo\n|-resisted|p2a: Gholdengo\n|-damage|p2a: Gholdengo|62\/100\n|\n|-heal|p2a: Gholdengo|68\/100|[from] item: Leftovers\n|upkeep\n|turn|25\n|-message|hightopfade69 forfeited.\n|\n|win|Zake202012\n|raw|Zake202012's rating: 1317 &rarr; <strong>1335<\/strong><br \/>(+18 for winning)\n|raw|hightopfade69's rating: 1283 &rarr; <strong>1260<\/strong><br \/>(-23 for losing)\n","uploadtime":1701109480,"views":1,"p1id":"zake202012","p2id":"hightopfade69","formatid":"gen9nationaldexubers","rating":1260,"private":0,"password":""}