{"id":"gen9nationaldexubers-1986802623","p1":"BlackStar150520","p2":"Irfanayan","format":"[Gen 9] National Dex Ubers","log":"|j|\u2606BlackStar150520\n|j|\u2606Irfanayan\n|t:|1699527482\n|gametype|singles\n|player|p1|BlackStar150520|unknown|1777\n|player|p2|Irfanayan|169|1651\n|teamsize|p1|6\n|teamsize|p2|6\n|gen|9\n|tier|[Gen 9] National Dex Ubers\n|rated|\n|rule|HP Percentage Mod: HP is shown in percentages\n|rule|Endless Battle Clause: Forcing endless battles is banned\n|rule|OHKO Clause: OHKO moves are banned\n|rule|Evasion Moves Clause: Evasion moves are banned\n|rule|Evasion Items Clause: Evasion items are banned\n|rule|Species Clause: Limit one of each Pok\u00e9mon\n|rule|Sleep Clause Mod: Limit one foe put to sleep\n|rule|Mega Rayquaza Clause: You cannot mega evolve Rayquaza\n|clearpoke\n|poke|p1|Zygarde|\n|poke|p1|Magearna|\n|poke|p1|Ditto|\n|poke|p1|Rayquaza|\n|poke|p1|Arceus-Water|\n|poke|p1|Necrozma-Dusk-Mane|\n|poke|p2|Groudon|\n|poke|p2|Xerneas-*|\n|poke|p2|Arceus|\n|poke|p2|Necrozma-Dusk-Mane|\n|poke|p2|Zygarde|\n|poke|p2|Lugia|\n|teampreview\n|inactive|Battle timer is ON: inactive players will automatically lose when time's up. (requested by BlackStar150520)\n|l|\u2606Irfanayan\n|inactive|Irfanayan disconnected and has a minute to reconnect!\n|player|p2|\n|inactive|Irfanayan has 30 seconds to reconnect!\n|j|\u2606Irfanayan\n|inactive|Irfanayan reconnected and has 105 seconds left.\n|player|p2|Irfanayan|169\n|\n|t:|1699527538\n|start\n|switch|p1a: Arceus|Arceus-Water|100\/100\n|switch|p2a: Lugia|Lugia|100\/100\n|-ability|p2a: Lugia|Pressure\n|turn|1\n|\n|t:|1699527556\n|move|p1a: Arceus|Taunt|p2a: Lugia\n|-start|p2a: Lugia|move: Taunt\n|move|p2a: Lugia|Whirlpool|p1a: Arceus\n|-resisted|p1a: Arceus\n|-damage|p1a: Arceus|98\/100\n|-activate|p1a: Arceus|move: Whirlpool|[of] p2a: Lugia\n|\n|-damage|p1a: Arceus|86\/100|[from] move: Whirlpool|[partiallytrapped]\n|upkeep\n|turn|2\n|\n|t:|1699527568\n|move|p1a: Arceus|Toxic|p2a: Lugia\n|-status|p2a: Lugia|tox\n|move|p2a: Lugia|Whirlpool|p1a: Arceus\n|-resisted|p1a: Arceus\n|-damage|p1a: Arceus|83\/100\n|\n|-damage|p2a: Lugia|94\/100 tox|[from] psn\n|-damage|p1a: Arceus|71\/100|[from] move: Whirlpool|[partiallytrapped]\n|upkeep\n|turn|3\n|\n|t:|1699527579\n|move|p1a: Arceus|Judgment|p2a: Lugia\n|-damage|p2a: Lugia|72\/100 tox\n|move|p2a: Lugia|Whirlpool|p1a: Arceus|[miss]\n|-miss|p2a: Lugia|p1a: Arceus\n|\n|-heal|p2a: Lugia|78\/100 tox|[from] item: Leftovers\n|-damage|p2a: Lugia|65\/100 tox|[from] psn\n|-damage|p1a: Arceus|58\/100|[from] move: Whirlpool|[partiallytrapped]\n|-end|p2a: Lugia|move: Taunt\n|upkeep\n|turn|4\n|\n|t:|1699527592\n|move|p1a: Arceus|Taunt|p2a: Lugia\n|-start|p2a: Lugia|move: Taunt\n|cant|p2a: Lugia|move: Taunt|Toxic\n|\n|-heal|p2a: Lugia|72\/100 tox|[from] item: Leftovers\n|-damage|p2a: Lugia|53\/100 tox|[from] psn\n|-damage|p1a: Arceus|46\/100|[from] move: Whirlpool|[partiallytrapped]\n|upkeep\n|turn|5\n|\n|t:|1699527603\n|move|p1a: Arceus|Recover|p1a: Arceus\n|-heal|p1a: Arceus|96\/100\n|move|p2a: Lugia|Whirlpool|p1a: Arceus\n|-resisted|p1a: Arceus\n|-damage|p1a: Arceus|94\/100\n|\n|-heal|p2a: Lugia|59\/100 tox|[from] item: Leftovers\n|-damage|p2a: Lugia|34\/100 tox|[from] psn\n|-end|p1a: Arceus|Whirlpool|[partiallytrapped]\n|upkeep\n|turn|6\n|\n|t:|1699527614\n|move|p1a: Arceus|Judgment|p2a: Lugia\n|-damage|p2a: Lugia|11\/100 tox\n|move|p2a: Lugia|Whirlpool|p1a: Arceus|[miss]\n|-miss|p2a: Lugia|p1a: Arceus\n|\n|-heal|p2a: Lugia|17\/100 tox|[from] item: Leftovers\n|-damage|p2a: Lugia|0 fnt|[from] psn\n|faint|p2a: Lugia\n|upkeep\n|inactive|Irfanayan has 120 seconds left.\n|\n|t:|1699527639\n|switch|p2a: Necrozma|Necrozma-Dusk-Mane|100\/100\n|turn|7\n|\n|t:|1699527647\n|move|p1a: Arceus|Taunt|p2a: Necrozma\n|-start|p2a: Necrozma|move: Taunt\n|move|p2a: Necrozma|Photon Geyser|p1a: Arceus\n|-damage|p1a: Arceus|61\/100\n|\n|upkeep\n|turn|8\n|\n|t:|1699527659\n|detailschange|p2a: Necrozma|Necrozma-Ultra\n|-burst|p2a: Necrozma|Necrozma|Ultranecrozium Z\n|move|p2a: Necrozma|Photon Geyser|p1a: Arceus\n|-damage|p1a: Arceus|20\/100\n|move|p1a: Arceus|Recover|p1a: Arceus\n|-heal|p1a: Arceus|70\/100\n|\n|upkeep\n|turn|9\n|\n|t:|1699527672\n|switch|p1a: Necrozma|Necrozma-Dusk-Mane|100\/100\n|-zpower|p2a: Necrozma\n|move|p2a: Necrozma|Light That Burns the Sky|p1a: Necrozma|[zeffect]\n|-resisted|p1a: Necrozma\n|-damage|p1a: Necrozma|72\/100\n|\n|-end|p2a: Necrozma|move: Taunt\n|upkeep\n|turn|10\n|\n|t:|1699527682\n|detailschange|p1a: Necrozma|Necrozma-Ultra\n|-burst|p1a: Necrozma|Necrozma|Ultranecrozium Z\n|move|p2a: Necrozma|Earth Power|p1a: Necrozma\n|-damage|p1a: Necrozma|34\/100\n|-unboost|p1a: Necrozma|spd|1\n|move|p1a: Necrozma|Dragon Pulse|p2a: Necrozma\n|-supereffective|p2a: Necrozma\n|-damage|p2a: Necrozma|0 fnt\n|faint|p2a: Necrozma\n|\n|upkeep\n|inactive|Irfanayan has 120 seconds left.\n|\n|t:|1699527703\n|switch|p2a: Arceus|Arceus|100\/100\n|turn|11\n|\n|t:|1699527713\n|switch|p1a: Zygarde|Zygarde, shiny|100\/100\n|move|p2a: Arceus|Extreme Speed|p1a: Zygarde\n|-damage|p1a: Zygarde|52\/100\n|-damage|p2a: Arceus|91\/100|[from] item: Life Orb\n|\n|-heal|p1a: Zygarde|58\/100|[from] item: Leftovers\n|upkeep\n|turn|12\n|inactive|Irfanayan has 120 seconds left.\n|\n|t:|1699527727\n|move|p1a: Zygarde|Thousand Arrows|p2a: Arceus\n|-damage|p2a: Arceus|63\/100\n|move|p2a: Arceus|Taunt|p1a: Zygarde\n|-start|p1a: Zygarde|move: Taunt\n|\n|-heal|p1a: Zygarde|64\/100|[from] item: Leftovers\n|upkeep\n|turn|13\n|inactive|Irfanayan has 120 seconds left.\n|\n|t:|1699527750\n|switch|p2a: Xerneas|Xerneas|100\/100\n|-ability|p2a: Xerneas|Fairy Aura\n|move|p1a: Zygarde|Thousand Arrows|p2a: Xerneas\n|-damage|p2a: Xerneas|72\/100\n|\n|-heal|p1a: Zygarde|71\/100|[from] item: Leftovers\n|upkeep\n|turn|14\n|\n|t:|1699527763\n|switch|p1a: Magearna|Magearna|100\/100\n|move|p2a: Xerneas|Moonblast|p1a: Magearna\n|-resisted|p1a: Magearna\n|-damage|p1a: Magearna|80\/100\n|\n|upkeep\n|turn|15\n|\n|t:|1699527779\n|switch|p2a: Groudon|Groudon|100\/100\n|detailschange|p2a: Groudon|Groudon-Primal\n|-primal|p2a: Groudon|Red Orb\n|-weather|DesolateLand|[from] ability: Desolate Land|[of] p2a: Groudon\n|move|p1a: Magearna|Fleur Cannon|p2a: Groudon\n|-resisted|p2a: Groudon\n|-damage|p2a: Groudon|73\/100\n|-unboost|p1a: Magearna|spa|2\n|\n|-weather|DesolateLand|[upkeep]\n|upkeep\n|turn|16\n|l|\u2606Irfanayan\n|inactive|Irfanayan disconnected and has a minute to reconnect!\n|player|p2|\n|inactive|Irfanayan has 30 seconds to reconnect!\n|j|\u2606Irfanayan\n|inactive|Irfanayan reconnected and has 70 seconds left.\n|player|p2|Irfanayan|169\n|\n|t:|1699527832\n|switch|p1a: Zygarde|Zygarde, shiny|71\/100\n|move|p2a: Groudon|Fire Punch|p1a: Zygarde\n|-resisted|p1a: Zygarde\n|-damage|p1a: Zygarde|38\/100\n|\n|-weather|DesolateLand|[upkeep]\n|-heal|p1a: Zygarde|44\/100|[from] item: Leftovers\n|-activate|p1a: Zygarde|ability: Power Construct\n|detailschange|p1a: Zygarde|Zygarde-Complete, shiny\n|-heal|p1a: Zygarde|65\/100|[silent]\n|upkeep\n|turn|17\n|\n|t:|1699527846\n|move|p1a: Zygarde|Thousand Arrows|p2a: Groudon\n|-supereffective|p2a: Groudon\n|-damage|p2a: Groudon|31\/100\n|move|p2a: Groudon|Precipice Blades|p1a: Zygarde\n|-damage|p1a: Zygarde|19\/100\n|\n|-weather|DesolateLand|[upkeep]\n|-heal|p1a: Zygarde|25\/100|[from] item: Leftovers\n|upkeep\n|turn|18\n|l|\u2606Irfanayan\n|inactive|Irfanayan disconnected and has a minute to reconnect!\n|player|p2|\n|j|\u2606Irfanayan\n|inactive|Irfanayan reconnected and has 55 seconds left.\n|player|p2|Irfanayan|169\n|\n|t:|1699527874\n|move|p1a: Zygarde|Thousand Arrows|p2a: Groudon\n|-supereffective|p2a: Groudon\n|-damage|p2a: Groudon|0 fnt\n|faint|p2a: Groudon\n|-weather|none\n|\n|-heal|p1a: Zygarde|31\/100|[from] item: Leftovers\n|upkeep\n|\n|t:|1699527887\n|switch|p2a: Zygarde|Zygarde|100\/100\n|turn|19\n|\n|t:|1699527903\n|switch|p1a: Arceus|Arceus-Water|70\/100\n|move|p2a: Zygarde|Dragon Dance|p2a: Zygarde\n|-boost|p2a: Zygarde|atk|1\n|-boost|p2a: Zygarde|spe|1\n|\n|upkeep\n|turn|20\n|inactive|Irfanayan has 60 seconds left.\n|\n|t:|1699527927\n|move|p1a: Arceus|Toxic|p2a: Zygarde\n|-status|p2a: Zygarde|tox\n|move|p2a: Zygarde|Dragon Tail|p1a: Arceus\n|-damage|p1a: Arceus|50\/100\n|drag|p1a: Magearna|Magearna|80\/100\n|\n|-damage|p2a: Zygarde|94\/100 tox|[from] psn\n|upkeep\n|turn|21\n|\n|t:|1699527943\n|switch|p1a: Zygarde|Zygarde-Complete, shiny|31\/100\n|move|p2a: Zygarde|Dragon Dance|p2a: Zygarde\n|-boost|p2a: Zygarde|atk|1\n|-boost|p2a: Zygarde|spe|1\n|\n|-heal|p2a: Zygarde|100\/100 tox|[from] item: Leftovers\n|-heal|p1a: Zygarde|37\/100|[from] item: Leftovers\n|-damage|p2a: Zygarde|88\/100 tox|[from] psn\n|upkeep\n|turn|22\n|\n|t:|1699527954\n|move|p1a: Zygarde|Extreme Speed|p2a: Zygarde\n|-damage|p2a: Zygarde|75\/100 tox\n|move|p2a: Zygarde|Thousand Arrows|p1a: Zygarde\n|-damage|p1a: Zygarde|5\/100\n|\n|-heal|p2a: Zygarde|81\/100 tox|[from] item: Leftovers\n|-heal|p1a: Zygarde|11\/100|[from] item: Leftovers\n|-damage|p2a: Zygarde|63\/100 tox|[from] psn\n|upkeep\n|turn|23\n|\n|t:|1699527977\n|move|p1a: Zygarde|Extreme Speed|p2a: Zygarde\n|-damage|p2a: Zygarde|50\/100 tox\n|move|p2a: Zygarde|Thousand Arrows|p1a: Zygarde\n|-crit|p1a: Zygarde\n|-damage|p1a: Zygarde|0 fnt\n|faint|p1a: Zygarde\n|\n|-heal|p2a: Zygarde|56\/100 tox|[from] item: Leftovers\n|-damage|p2a: Zygarde|31\/100 tox|[from] psn\n|-activate|p2a: Zygarde|ability: Power Construct\n|detailschange|p2a: Zygarde|Zygarde-Complete\n|-heal|p2a: Zygarde|55\/100 tox|[silent]\n|upkeep\n|inactive|BlackStar150520 has 120 seconds left.\n|j| hexagonereal\n|\n|t:|1699527997\n|switch|p1a: Ditto|Ditto, shiny|100\/100\n|-transform|p1a: Ditto|p2a: Zygarde|[from] ability: Imposter\n|turn|24\n|\n|t:|1699528003\n|move|p1a: Ditto|Thousand Arrows|p2a: Zygarde\n|-damage|p2a: Zygarde|31\/100 tox\n|move|p2a: Zygarde|Dragon Tail|p1a: Ditto\n|-supereffective|p1a: Ditto\n|-damage|p1a: Ditto|40\/100\n|drag|p1a: Rayquaza|Rayquaza|100\/100\n|-ability|p1a: Rayquaza|Air Lock\n|\n|-heal|p2a: Zygarde|37\/100 tox|[from] item: Leftovers\n|-damage|p2a: Zygarde|7\/100 tox|[from] psn\n|upkeep\n|turn|25\n|inactive|Irfanayan has 60 seconds left.\n|\n|t:|1699528017\n|move|p1a: Rayquaza|Extreme Speed|p2a: Zygarde\n|-damage|p2a: Zygarde|0 fnt\n|faint|p2a: Zygarde\n|\n|upkeep\n|\n|t:|1699528024\n|switch|p2a: Xerneas|Xerneas|72\/100\n|-ability|p2a: Xerneas|Fairy Aura\n|turn|26\n|inactive|Irfanayan has 60 seconds left.\n|\n|t:|1699528030\n|switch|p1a: Magearna|Magearna|80\/100\n|move|p2a: Xerneas|Geomancy||[still]\n|-prepare|p2a: Xerneas|Geomancy\n|-enditem|p2a: Xerneas|Power Herb\n|-anim|p2a: Xerneas|Geomancy|p2a: Xerneas\n|-boost|p2a: Xerneas|spa|2\n|-boost|p2a: Xerneas|spd|2\n|-boost|p2a: Xerneas|spe|2\n|\n|upkeep\n|turn|27\n|inactive|Irfanayan has 60 seconds left.\n|\n|t:|1699528045\n|move|p2a: Xerneas|Thunderbolt|p1a: Magearna\n|-crit|p1a: Magearna\n|-damage|p1a: Magearna|10\/100\n|move|p1a: Magearna|Heart Swap|p2a: Xerneas\n|-swapboost|p1a: Magearna|p2a: Xerneas|[from] move: Heart Swap\n|\n|upkeep\n|turn|28\n|inactive|Irfanayan has 60 seconds left.\n|\n|t:|1699528061\n|-terastallize|p2a: Xerneas|Steel\n|move|p1a: Magearna|Pain Split|p2a: Xerneas\n|-sethp|p2a: Xerneas|40\/100|[from] move: Pain Split|[silent]\n|-sethp|p1a: Magearna|45\/100|[from] move: Pain Split\n|move|p2a: Xerneas|Thunderbolt|p1a: Magearna\n|-damage|p1a: Magearna|35\/100\n|\n|upkeep\n|turn|29\n|\n|t:|1699528076\n|move|p1a: Magearna|Fleur Cannon|p2a: Xerneas\n|-resisted|p2a: Xerneas\n|-damage|p2a: Xerneas|0 fnt\n|-unboost|p1a: Magearna|spa|2\n|faint|p2a: Xerneas\n|-ability|p1a: Magearna|Soul-Heart|boost\n|-boost|p1a: Magearna|spa|1\n|\n|upkeep\n|inactive|Irfanayan has 30 seconds left.\n|\n|t:|1699528106\n|switch|p2a: Arceus|Arceus|63\/100\n|turn|30\n|\n|t:|1699528113\n|move|p2a: Arceus|Extreme Speed|p1a: Magearna\n|-resisted|p1a: Magearna\n|-damage|p1a: Magearna|13\/100\n|-damage|p2a: Arceus|53\/100|[from] item: Life Orb\n|move|p1a: Magearna|Fleur Cannon|p2a: Arceus\n|-damage|p2a: Arceus|0 fnt\n|-unboost|p1a: Magearna|spa|2\n|faint|p2a: Arceus\n|\n|win|BlackStar150520\n|raw|BlackStar150520's rating: 1777 &rarr; <strong>1790<\/strong><br \/>(+13 for winning)\n|raw|Irfanayan's rating: 1651 &rarr; <strong>1638<\/strong><br \/>(-13 for losing)\n|l|\u2606Irfanayan\n|l|\u2606BlackStar150520\n|l| hexagonereal\n","uploadtime":1699528183,"views":5,"p1id":"blackstar150520","p2id":"irfanayan","formatid":"gen9nationaldexubers","rating":1638,"private":0,"password":""}