{"id":"gen9nationaldexubers-1999412814","p1":"Th3Soci3ty","p2":"harvedru19","format":"[Gen 9] National Dex Ubers","log":"|j|\u2606Th3Soci3ty\n|j|\u2606harvedru19\n|t:|1701076280\n|gametype|singles\n|player|p1|Th3Soci3ty|zinzolin|1000\n|player|p2|harvedru19|tate|1042\n|teamsize|p1|5\n|teamsize|p2|6\n|gen|9\n|tier|[Gen 9] National Dex Ubers\n|rated|\n|rule|HP Percentage Mod: HP is shown in percentages\n|rule|Endless Battle Clause: Forcing endless battles is banned\n|rule|OHKO Clause: OHKO moves are banned\n|rule|Evasion Moves Clause: Evasion moves are banned\n|rule|Evasion Items Clause: Evasion items are banned\n|rule|Species Clause: Limit one of each Pok\u00e9mon\n|rule|Sleep Clause Mod: Limit one foe put to sleep\n|rule|Mega Rayquaza Clause: You cannot mega evolve Rayquaza\n|clearpoke\n|poke|p1|Forretress, F|\n|poke|p1|Scolipede, M|\n|poke|p1|Araquanid, M|\n|poke|p1|Vikavolt, F|\n|poke|p1|Escavalier, F|\n|poke|p2|Sableye, F|\n|poke|p2|Klefki, F|\n|poke|p2|Araquanid, M|\n|poke|p2|Minior-Indigo|\n|poke|p2|Flutter Mane|\n|poke|p2|Serperior, M|\n|teampreview\n|\n|t:|1701076286\n|start\n|switch|p1a: Forretress|Forretress, F|100\/100\n|switch|p2a: Sableye|Sableye, F|100\/100\n|turn|1\n|\n|t:|1701076292\n|move|p2a: Sableye|Taunt|p1a: Forretress\n|-start|p1a: Forretress|move: Taunt\n|cant|p1a: Forretress|move: Taunt|Spikes\n|\n|upkeep\n|turn|2\n|\n|t:|1701076302\n|move|p2a: Sableye|Will-O-Wisp|p1a: Forretress\n|-status|p1a: Forretress|brn\n|move|p1a: Forretress|Rapid Spin|p2a: Sableye\n|-immune|p2a: Sableye\n|\n|-damage|p1a: Forretress|94\/100 brn|[from] brn\n|upkeep\n|turn|3\n|\n|t:|1701076307\n|move|p2a: Sableye|Disable|p1a: Forretress\n|-start|p1a: Forretress|Disable|Rapid Spin\n|cant|p1a: Forretress|Disable|Rapid Spin\n|\n|-heal|p1a: Forretress|100\/100 brn|[from] item: Leftovers\n|-damage|p1a: Forretress|94\/100 brn|[from] brn\n|-end|p1a: Forretress|move: Taunt\n|upkeep\n|turn|4\n|\n|t:|1701076314\n|move|p2a: Sableye|Foul Play|p1a: Forretress\n|-damage|p1a: Forretress|75\/100 brn\n|move|p1a: Forretress|Spikes|p2a: Sableye\n|-sidestart|p2: harvedru19|Spikes\n|\n|-heal|p1a: Forretress|81\/100 brn|[from] item: Leftovers\n|-damage|p1a: Forretress|75\/100 brn|[from] brn\n|upkeep\n|turn|5\n|\n|t:|1701076317\n|move|p2a: Sableye|Taunt|p1a: Forretress\n|-start|p1a: Forretress|move: Taunt\n|cant|p1a: Forretress|move: Taunt|Stealth Rock\n|\n|-heal|p1a: Forretress|81\/100 brn|[from] item: Leftovers\n|-damage|p1a: Forretress|75\/100 brn|[from] brn\n|upkeep\n|turn|6\n|\n|t:|1701076324\n|move|p2a: Sableye|Foul Play|p1a: Forretress\n|-damage|p1a: Forretress|56\/100 brn\n|-activate|p1a: Forretress|move: Struggle\n|move|p1a: Forretress|Struggle|p2a: Sableye\n|-damage|p2a: Sableye|94\/100\n|-damage|p1a: Forretress|31\/100 brn|[from] recoil\n|\n|-heal|p1a: Forretress|37\/100 brn|[from] item: Leftovers\n|-damage|p1a: Forretress|31\/100 brn|[from] brn\n|-end|p1a: Forretress|Disable\n|upkeep\n|turn|7\n|\n|t:|1701076335\n|move|p2a: Sableye|Foul Play|p1a: Forretress\n|-crit|p1a: Forretress\n|-damage|p1a: Forretress|2\/100 brn\n|move|p1a: Forretress|Rapid Spin|p2a: Sableye\n|-immune|p2a: Sableye\n|\n|-heal|p1a: Forretress|9\/100 brn|[from] item: Leftovers\n|-damage|p1a: Forretress|2\/100 brn|[from] brn\n|-end|p1a: Forretress|move: Taunt\n|upkeep\n|turn|8\n|\n|t:|1701076339\n|move|p2a: Sableye|Foul Play|p1a: Forretress\n|-damage|p1a: Forretress|0 fnt\n|faint|p1a: Forretress\n|\n|upkeep\n|\n|t:|1701076349\n|switch|p1a: Araquanid|Araquanid, M|100\/100\n|turn|9\n|\n|t:|1701076353\n|move|p2a: Sableye|Taunt|p1a: Araquanid\n|-start|p1a: Araquanid|move: Taunt\n|cant|p1a: Araquanid|move: Taunt|Sticky Web\n|\n|upkeep\n|turn|10\n|\n|t:|1701076359\n|move|p2a: Sableye|Disable||[still]\n|-fail|p2a: Sableye\n|move|p1a: Araquanid|Leech Life|p2a: Sableye\n|-damage|p2a: Sableye|70\/100\n|\n|upkeep\n|turn|11\n|\n|t:|1701076363\n|move|p2a: Sableye|Disable|p1a: Araquanid\n|-start|p1a: Araquanid|Disable|Leech Life\n|cant|p1a: Araquanid|Disable|Leech Life\n|\n|-end|p1a: Araquanid|move: Taunt\n|upkeep\n|turn|12\n|\n|t:|1701076369\n|move|p2a: Sableye|Taunt|p1a: Araquanid\n|-start|p1a: Araquanid|move: Taunt\n|cant|p1a: Araquanid|move: Taunt|Sticky Web\n|\n|upkeep\n|turn|13\n|\n|t:|1701076371\n|move|p2a: Sableye|Will-O-Wisp|p1a: Araquanid\n|-immune|p1a: Araquanid|[from] ability: Water Bubble\n|move|p1a: Araquanid|Liquidation|p2a: Sableye\n|-damage|p2a: Sableye|25\/100\n|\n|upkeep\n|turn|14\n|\n|t:|1701076377\n|move|p2a: Sableye|Foul Play|p1a: Araquanid\n|-crit|p1a: Araquanid\n|-damage|p1a: Araquanid|58\/100\n|move|p1a: Araquanid|Liquidation|p2a: Sableye\n|-damage|p2a: Sableye|0 fnt\n|faint|p2a: Sableye\n|\n|-heal|p1a: Araquanid|64\/100|[from] item: Leftovers\n|-end|p1a: Araquanid|move: Taunt\n|-end|p1a: Araquanid|Disable\n|upkeep\n|\n|t:|1701076381\n|switch|p2a: Minior|Minior-Indigo|100\/100\n|-formechange|p2a: Minior|Minior-Meteor||[from] ability: Shields Down\n|turn|15\n|\n|t:|1701076384\n|move|p2a: Minior|Shell Smash|p2a: Minior\n|-unboost|p2a: Minior|def|1\n|-unboost|p2a: Minior|spd|1\n|-boost|p2a: Minior|atk|2\n|-boost|p2a: Minior|spa|2\n|-boost|p2a: Minior|spe|2\n|-enditem|p2a: Minior|White Herb\n|-clearnegativeboost|p2a: Minior|[silent]\n|move|p1a: Araquanid|Liquidation|p2a: Minior\n|-supereffective|p2a: Minior\n|-crit|p2a: Minior\n|-damage|p2a: Minior|0 fnt\n|faint|p2a: Minior\n|\n|-heal|p1a: Araquanid|70\/100|[from] item: Leftovers\n|upkeep\n|\n|t:|1701076394\n|switch|p2a: Araquanid|Araquanid, M|100\/100\n|-damage|p2a: Araquanid|88\/100|[from] Spikes\n|turn|16\n|\n|t:|1701076397\n|move|p1a: Araquanid|Sticky Web|p2a: Araquanid\n|-sidestart|p2: harvedru19|move: Sticky Web\n|move|p2a: Araquanid|Sticky Web|p1a: Araquanid\n|-sidestart|p1: Th3Soci3ty|move: Sticky Web\n|\n|-heal|p2a: Araquanid|94\/100|[from] item: Leftovers\n|-heal|p1a: Araquanid|76\/100|[from] item: Leftovers\n|upkeep\n|turn|17\n|\n|t:|1701076402\n|move|p2a: Araquanid|Crunch|p1a: Araquanid\n|-damage|p1a: Araquanid|59\/100\n|move|p1a: Araquanid|Leech Life|p2a: Araquanid\n|-damage|p2a: Araquanid|75\/100\n|-heal|p1a: Araquanid|68\/100|[from] drain|[of] p2a: Araquanid\n|\n|-heal|p1a: Araquanid|75\/100|[from] item: Leftovers\n|-heal|p2a: Araquanid|81\/100|[from] item: Leftovers\n|upkeep\n|turn|18\n|-message|harvedru19 forfeited.\n|\n|win|Th3Soci3ty\n|raw|Th3Soci3ty's rating: 1000 &rarr; <strong>1045<\/strong><br \/>(+45 for winning)\n|raw|harvedru19's rating: 1042 &rarr; <strong>1024<\/strong><br \/>(-18 for losing)\n|l|\u2606harvedru19\n","uploadtime":1701076410,"views":1,"p1id":"th3soci3ty","p2id":"harvedru19","formatid":"gen9nationaldexubers","rating":1024,"private":0,"password":""}