{"id":"gen9nationaldexubers-1983659013","p1":"doubletrouble83","p2":"xyljg11451424","format":"[Gen 9] National Dex Ubers","log":"|j|\u2606doubletrouble83\n|j|\u2606xyljg11451424\n|t:|1699155096\n|gametype|singles\n|player|p1|doubletrouble83|n|1328\n|player|p2|xyljg11451424|iris|1480\n|teamsize|p1|6\n|teamsize|p2|6\n|gen|9\n|tier|[Gen 9] National Dex Ubers\n|rated|\n|rule|HP Percentage Mod: HP is shown in percentages\n|rule|Endless Battle Clause: Forcing endless battles is banned\n|rule|OHKO Clause: OHKO moves are banned\n|rule|Evasion Moves Clause: Evasion moves are banned\n|rule|Evasion Items Clause: Evasion items are banned\n|rule|Species Clause: Limit one of each Pok\u00e9mon\n|rule|Sleep Clause Mod: Limit one foe put to sleep\n|rule|Mega Rayquaza Clause: You cannot mega evolve Rayquaza\n|clearpoke\n|poke|p1|Basculegion, M|\n|poke|p1|Zygarde|\n|poke|p1|Marshadow|\n|poke|p1|Deoxys-Speed|\n|poke|p1|Zacian-*|\n|poke|p1|Pelipper, M|\n|poke|p2|Arceus-Ground|\n|poke|p2|Groudon|\n|poke|p2|Necrozma-Dusk-Mane|\n|poke|p2|Ho-Oh|\n|poke|p2|Mewtwo|\n|poke|p2|Kyogre|\n|teampreview\n|inactive|Battle timer is ON: inactive players will automatically lose when time's up. (requested by doubletrouble83)\n|\n|t:|1699155115\n|start\n|switch|p1a: Deoxys|Deoxys-Speed|100\/100\n|switch|p2a: Groudon|Groudon, shiny|100\/100\n|-ability|p1a: Deoxys|Pressure\n|detailschange|p2a: Groudon|Groudon-Primal, shiny\n|-primal|p2a: Groudon|Red Orb\n|-weather|DesolateLand|[from] ability: Desolate Land|[of] p2a: Groudon\n|turn|1\n|\n|t:|1699155125\n|move|p1a: Deoxys|Taunt|p2a: Groudon\n|-start|p2a: Groudon|move: Taunt\n|cant|p2a: Groudon|move: Taunt|Stealth Rock\n|\n|-weather|DesolateLand|[upkeep]\n|upkeep\n|turn|2\n|\n|t:|1699155132\n|move|p1a: Deoxys|Stealth Rock|p2a: Groudon\n|-sidestart|p2: xyljg11451424|move: Stealth Rock\n|move|p2a: Groudon|Heat Crash|p1a: Deoxys\n|-enditem|p1a: Deoxys|Focus Sash\n|-damage|p1a: Deoxys|1\/100\n|\n|-weather|DesolateLand|[upkeep]\n|upkeep\n|turn|3\n|\n|t:|1699155140\n|move|p1a: Deoxys|Spikes|p2a: Groudon\n|-sidestart|p2: xyljg11451424|Spikes\n|move|p2a: Groudon|Rock Tomb|p1a: Deoxys\n|-damage|p1a: Deoxys|0 fnt\n|faint|p1a: Deoxys\n|\n|-weather|DesolateLand|[upkeep]\n|-end|p2a: Groudon|move: Taunt\n|upkeep\n|\n|t:|1699155148\n|switch|p1a: Zygarde|Zygarde|100\/100\n|turn|4\n|\n|t:|1699155152\n|move|p1a: Zygarde|Substitute|p1a: Zygarde\n|-start|p1a: Zygarde|Substitute\n|-damage|p1a: Zygarde|76\/100\n|move|p2a: Groudon|Rock Tomb|p1a: Zygarde\n|-resisted|p1a: Zygarde\n|-crit|p1a: Zygarde\n|-activate|p1a: Zygarde|move: Substitute|[damage]\n|\n|-weather|DesolateLand|[upkeep]\n|-heal|p1a: Zygarde|82\/100|[from] item: Leftovers\n|upkeep\n|turn|5\n|\n|t:|1699155161\n|move|p1a: Zygarde|Dragon Dance|p1a: Zygarde\n|-boost|p1a: Zygarde|atk|1\n|-boost|p1a: Zygarde|spe|1\n|move|p2a: Groudon|Earthquake|p1a: Zygarde\n|-end|p1a: Zygarde|Substitute\n|\n|-weather|DesolateLand|[upkeep]\n|-heal|p1a: Zygarde|88\/100|[from] item: Leftovers\n|upkeep\n|turn|6\n|\n|t:|1699155172\n|move|p1a: Zygarde|Thousand Arrows|p2a: Groudon\n|-supereffective|p2a: Groudon\n|-damage|p2a: Groudon|25\/100\n|move|p2a: Groudon|Earthquake|p1a: Zygarde\n|-damage|p1a: Zygarde|34\/100\n|\n|-weather|DesolateLand|[upkeep]\n|-heal|p1a: Zygarde|40\/100|[from] item: Leftovers\n|-activate|p1a: Zygarde|ability: Power Construct\n|detailschange|p1a: Zygarde|Zygarde-Complete\n|-heal|p1a: Zygarde|63\/100|[silent]\n|upkeep\n|turn|7\n|\n|t:|1699155184\n|move|p1a: Zygarde|Thousand Arrows|p2a: Groudon\n|-supereffective|p2a: Groudon\n|-damage|p2a: Groudon|0 fnt\n|faint|p2a: Groudon\n|-weather|none\n|\n|-heal|p1a: Zygarde|69\/100|[from] item: Leftovers\n|upkeep\n|\n|t:|1699155192\n|switch|p2a: Ho-Oh|Ho-Oh, shiny|100\/100\n|turn|8\n|\n|t:|1699155196\n|move|p1a: Zygarde|Thousand Arrows|p2a: Ho-Oh\n|-damage|p2a: Ho-Oh|47\/100\n|-start|p2a: Ho-Oh|Smack Down\n|move|p2a: Ho-Oh|Defog|p1a: Zygarde\n|-unboost|p1a: Zygarde|evasion|1\n|-sideend|p2: xyljg11451424|Spikes|[from] move: Defog|[of] p2a: Ho-Oh\n|-sideend|p2: xyljg11451424|Stealth Rock|[from] move: Defog|[of] p2a: Ho-Oh\n|\n|-heal|p1a: Zygarde|75\/100|[from] item: Leftovers\n|upkeep\n|turn|9\n|\n|t:|1699155209\n|move|p1a: Zygarde|Thousand Arrows|p2a: Ho-Oh\n|-supereffective|p2a: Ho-Oh\n|-damage|p2a: Ho-Oh|0 fnt\n|faint|p2a: Ho-Oh\n|\n|-heal|p1a: Zygarde|82\/100|[from] item: Leftovers\n|upkeep\n|\n|t:|1699155220\n|switch|p2a: Kyogre|Kyogre, shiny|100\/100\n|-weather|RainDance|[from] ability: Drizzle|[of] p2a: Kyogre\n|turn|10\n|\n|t:|1699155225\n|move|p2a: Kyogre|Ice Beam|p1a: Zygarde\n|-supereffective|p1a: Zygarde\n|-damage|p1a: Zygarde|1\/100\n|move|p1a: Zygarde|Thousand Arrows|p2a: Kyogre\n|-damage|p2a: Kyogre|40\/100\n|\n|-weather|RainDance|[upkeep]\n|-heal|p1a: Zygarde|7\/100|[from] item: Leftovers\n|upkeep\n|turn|11\n|\n|t:|1699155235\n|move|p2a: Kyogre|Ice Beam|p1a: Zygarde\n|-supereffective|p1a: Zygarde\n|-damage|p1a: Zygarde|0 fnt\n|faint|p1a: Zygarde\n|\n|-weather|RainDance|[upkeep]\n|upkeep\n|\n|t:|1699155240\n|switch|p1a: Zacian|Zacian-Crowned|100\/100\n|-ability|p1a: Zacian|Intrepid Sword|boost\n|-boost|p1a: Zacian|atk|1\n|turn|12\n|inactive|xyljg11451424 has 120 seconds left.\n|inactive|xyljg11451424 has 90 seconds left.\n|\n|t:|1699155326\n|switch|p2a: Arceus|Arceus-Ground, shiny|100\/100\n|move|p1a: Zacian|Play Rough|p2a: Arceus\n|-damage|p2a: Arceus|36\/100\n|\n|-weather|RainDance|[upkeep]\n|upkeep\n|turn|13\n|inactive|doubletrouble83 has 120 seconds left.\n|\n|t:|1699155350\n|move|p1a: Zacian|Play Rough|p2a: Arceus\n|-damage|p2a: Arceus|0 fnt\n|faint|p2a: Arceus\n|\n|-weather|RainDance|[upkeep]\n|upkeep\n|inactive|xyljg11451424 has 60 seconds left.\n|inactive|xyljg11451424 has 30 seconds left.\n|\n|t:|1699155400\n|switch|p2a: Kyogre|Kyogre, shiny|40\/100\n|turn|14\n|inactive|xyljg11451424 has 30 seconds left.\n|\n|t:|1699155406\n|-terastallize|p2a: Kyogre|Water\n|move|p2a: Kyogre|Origin Pulse|p1a: Zacian|[miss]\n|-miss|p2a: Kyogre|p1a: Zacian\n|move|p1a: Zacian|Wild Charge|p2a: Kyogre\n|-supereffective|p2a: Kyogre\n|-damage|p2a: Kyogre|0 fnt\n|faint|p2a: Kyogre\n|-damage|p1a: Zacian|90\/100|[from] Recoil\n|\n|-weather|none\n|upkeep\n|inactive|xyljg11451424 has 30 seconds left.\n|\n|t:|1699155419\n|switch|p2a: Necrozma|Necrozma-Dusk-Mane|100\/100\n|turn|15\n|inactive|xyljg11451424 has 30 seconds left.\n|inactive|xyljg11451424 has 20 seconds left.\n|\n|t:|1699155435\n|move|p1a: Zacian|Behemoth Blade|p2a: Necrozma\n|-resisted|p2a: Necrozma\n|-damage|p2a: Necrozma|66\/100\n|move|p2a: Necrozma|Earthquake|p1a: Zacian\n|-supereffective|p1a: Zacian\n|-damage|p1a: Zacian|11\/100\n|\n|upkeep\n|turn|16\n|inactive|xyljg11451424 has 30 seconds left this turn.\n|\n|t:|1699155443\n|move|p1a: Zacian|Behemoth Blade|p2a: Necrozma\n|-resisted|p2a: Necrozma\n|-damage|p2a: Necrozma|29\/100\n|move|p2a: Necrozma|Earthquake|p1a: Zacian\n|-supereffective|p1a: Zacian\n|-damage|p1a: Zacian|0 fnt\n|faint|p1a: Zacian\n|\n|upkeep\n|inactive|xyljg11451424 has 30 seconds left this turn.\n|\n|t:|1699155450\n|switch|p1a: Marshadow|Marshadow|100\/100\n|turn|17\n|\n|t:|1699155454\n|detailschange|p2a: Necrozma|Necrozma-Ultra\n|-burst|p2a: Necrozma|Necrozma|Ultranecrozium Z\n|move|p2a: Necrozma|Photon Geyser|p1a: Marshadow\n|-supereffective|p1a: Marshadow\n|-enditem|p1a: Marshadow|Focus Sash\n|-damage|p1a: Marshadow|1\/100\n|move|p1a: Marshadow|Close Combat|p2a: Necrozma\n|-resisted|p2a: Necrozma\n|-damage|p2a: Necrozma|0 fnt\n|-unboost|p1a: Marshadow|def|1\n|-unboost|p1a: Marshadow|spd|1\n|faint|p2a: Necrozma\n|\n|upkeep\n|inactive|xyljg11451424 has 30 seconds left.\n|\n|t:|1699155469\n|switch|p2a: Mewtwo|Mewtwo|100\/100\n|-ability|p2a: Mewtwo|Unnerve\n|turn|18\n|inactive|xyljg11451424 has 30 seconds left.\n|\n|t:|1699155480\n|detailschange|p2a: Mewtwo|Mewtwo-Mega-Y\n|-mega|p2a: Mewtwo|Mewtwo|Mewtwonite Y\n|move|p2a: Mewtwo|Flamethrower|p1a: Marshadow\n|-damage|p1a: Marshadow|0 fnt\n|faint|p1a: Marshadow\n|\n|upkeep\n|\n|t:|1699155486\n|switch|p1a: Pelipper|Pelipper, M|100\/100\n|-weather|RainDance|[from] ability: Drizzle|[of] p1a: Pelipper\n|turn|19\n|\n|t:|1699155490\n|move|p2a: Mewtwo|Psystrike|p1a: Pelipper\n|-damage|p1a: Pelipper|48\/100\n|move|p1a: Pelipper|Scald|p2a: Mewtwo\n|-damage|p2a: Mewtwo|70\/100\n|\n|-weather|RainDance|[upkeep]\n|upkeep\n|turn|20\n|\n|t:|1699155499\n|move|p2a: Mewtwo|Nasty Plot|p2a: Mewtwo\n|-boost|p2a: Mewtwo|spa|2\n|move|p1a: Pelipper|Scald|p2a: Mewtwo\n|-damage|p2a: Mewtwo|37\/100\n|\n|-weather|RainDance|[upkeep]\n|upkeep\n|turn|21\n|\n|t:|1699155507\n|move|p2a: Mewtwo|Psystrike|p1a: Pelipper\n|-damage|p1a: Pelipper|0 fnt\n|faint|p1a: Pelipper\n|\n|-weather|RainDance|[upkeep]\n|upkeep\n|\n|t:|1699155511\n|switch|p1a: Basculegion|Basculegion, M|100\/100\n|turn|22\n|\n|t:|1699155520\n|move|p1a: Basculegion|Last Respects|p2a: Mewtwo\n|-supereffective|p2a: Mewtwo\n|-damage|p2a: Mewtwo|0 fnt\n|faint|p2a: Mewtwo\n|\n|win|doubletrouble83\n|raw|doubletrouble83's rating: 1328 &rarr; <strong>1356<\/strong><br \/>(+28 for winning)\n|raw|xyljg11451424's rating: 1480 &rarr; <strong>1452<\/strong><br \/>(-28 for losing)\n|l|\u2606xyljg11451424\n","uploadtime":1699155538,"views":7,"p1id":"doubletrouble83","p2id":"xyljg11451424","formatid":"gen9nationaldexubers","rating":1356,"private":0,"password":""}