{"id":"gen9nationaldexubers-1980087290","p1":"plss master","p2":"Careca Safadinha","format":"[Gen 9] National Dex Ubers","log":"|j|\u2606plss master\n|j|\u2606Careca Safadinha\n|t:|1698755934\n|gametype|singles\n|player|p1|plss master|sailor|1000\n|player|p2|Careca Safadinha|265|1000\n|teamsize|p1|6\n|teamsize|p2|6\n|gen|9\n|tier|[Gen 9] National Dex Ubers\n|rated|\n|rule|HP Percentage Mod: HP is shown in percentages\n|rule|Endless Battle Clause: Forcing endless battles is banned\n|rule|OHKO Clause: OHKO moves are banned\n|rule|Evasion Moves Clause: Evasion moves are banned\n|rule|Evasion Items Clause: Evasion items are banned\n|rule|Species Clause: Limit one of each Pok\u00e9mon\n|rule|Sleep Clause Mod: Limit one foe put to sleep\n|rule|Mega Rayquaza Clause: You cannot mega evolve Rayquaza\n|clearpoke\n|poke|p1|Tyranitar, F|\n|poke|p1|Golem, F|\n|poke|p1|Cradily, F|\n|poke|p1|Kabutops, M|\n|poke|p1|Bastiodon, M|\n|poke|p1|Sudowoodo, M|\n|poke|p2|Tyrantrum, F|\n|poke|p2|Gliscor, M|\n|poke|p2|Umbreon, M|\n|poke|p2|Greninja-*, M|\n|poke|p2|Grimmsnarl, M|\n|poke|p2|Darmanitan-Galar, M|\n|teampreview\n|\n|t:|1698755946\n|start\n|switch|p1a: Nokron|Golem, F|100\/100\n|switch|p2a: Grimmsnarl|Grimmsnarl, M|100\/100\n|turn|1\n|\n|t:|1698755954\n|move|p2a: Grimmsnarl|Reflect|p2a: Grimmsnarl\n|-sidestart|p2: Careca Safadinha|Reflect\n|move|p1a: Nokron|Stealth Rock|p2a: Grimmsnarl\n|-sidestart|p2: Careca Safadinha|move: Stealth Rock\n|\n|upkeep\n|turn|2\n|\n|t:|1698755959\n|move|p2a: Grimmsnarl|Light Screen|p2a: Grimmsnarl\n|-sidestart|p2: Careca Safadinha|move: Light Screen\n|move|p1a: Nokron|Roar|p2a: Grimmsnarl\n|drag|p2a: Greninja|Greninja, M|100\/100\n|-damage|p2a: Greninja|88\/100|[from] Stealth Rock\n|\n|upkeep\n|turn|3\n|\n|t:|1698755972\n|switch|p1a: Ayre|Cradily, F|100\/100\n|move|p2a: Greninja|Water Shuriken|p1a: Ayre\n|-damage|p1a: Ayre|91\/100\n|-damage|p1a: Ayre|83\/100\n|-damage|p1a: Ayre|74\/100\n|-hitcount|p1a: Ayre|3\n|\n|-heal|p1a: Ayre|80\/100|[from] item: Leftovers\n|upkeep\n|turn|4\n|\n|t:|1698755991\n|switch|p2a: Gliscor|Gliscor, M|100\/100\n|-damage|p2a: Gliscor|88\/100|[from] Stealth Rock\n|move|p1a: Ayre|Toxic|p2a: Gliscor\n|-status|p2a: Gliscor|tox\n|\n|-heal|p1a: Ayre|86\/100|[from] item: Leftovers\n|-heal|p2a: Gliscor|100\/100 tox|[from] ability: Poison Heal\n|upkeep\n|turn|5\n|\n|t:|1698756002\n|move|p2a: Gliscor|Defog|p1a: Ayre\n|-unboost|p1a: Ayre|evasion|1\n|-sideend|p2: Careca Safadinha|Stealth Rock|[from] move: Defog|[of] p2a: Gliscor\n|move|p1a: Ayre|Confuse Ray|p2a: Gliscor\n|-start|p2a: Gliscor|confusion\n|\n|-heal|p1a: Ayre|92\/100|[from] item: Leftovers\n|upkeep\n|turn|6\n|\n|t:|1698756013\n|-activate|p2a: Gliscor|confusion\n|move|p2a: Gliscor|Earthquake|p1a: Ayre\n|-damage|p1a: Ayre|66\/100\n|move|p1a: Ayre|Energy Ball|p2a: Gliscor\n|-damage|p2a: Gliscor|84\/100 tox\n|\n|-heal|p1a: Ayre|73\/100|[from] item: Leftovers\n|-heal|p2a: Gliscor|97\/100 tox|[from] ability: Poison Heal\n|upkeep\n|turn|7\n|\n|t:|1698756035\n|-activate|p2a: Gliscor|confusion\n|move|p2a: Gliscor|Knock Off|p1a: Ayre\n|-damage|p1a: Ayre|56\/100\n|-enditem|p1a: Ayre|Leftovers|[from] move: Knock Off|[of] p2a: Gliscor\n|move|p1a: Ayre|Energy Ball|p2a: Gliscor\n|-damage|p2a: Gliscor|79\/100 tox\n|\n|-heal|p2a: Gliscor|91\/100 tox|[from] ability: Poison Heal\n|upkeep\n|turn|8\n|\n|t:|1698756048\n|-activate|p2a: Gliscor|confusion\n|move|p2a: Gliscor|Earthquake|p1a: Ayre\n|-damage|p1a: Ayre|32\/100\n|move|p1a: Ayre|Energy Ball|p2a: Gliscor\n|-damage|p2a: Gliscor|76\/100 tox\n|\n|-heal|p2a: Gliscor|88\/100 tox|[from] ability: Poison Heal\n|-sideend|p2: Careca Safadinha|Reflect\n|upkeep\n|turn|9\n|\n|t:|1698756060\n|-end|p2a: Gliscor|confusion\n|move|p2a: Gliscor|Earthquake|p1a: Ayre\n|-damage|p1a: Ayre|8\/100\n|move|p1a: Ayre|Confuse Ray|p2a: Gliscor\n|-start|p2a: Gliscor|confusion\n|\n|-heal|p2a: Gliscor|100\/100 tox|[from] ability: Poison Heal\n|-sideend|p2: Careca Safadinha|move: Light Screen\n|upkeep\n|turn|10\n|\n|t:|1698756073\n|-activate|p2a: Gliscor|confusion\n|-damage|p2a: Gliscor|95\/100 tox|[from] confusion\n|move|p1a: Ayre|Energy Ball|p2a: Gliscor\n|-damage|p2a: Gliscor|64\/100 tox\n|\n|-heal|p2a: Gliscor|76\/100 tox|[from] ability: Poison Heal\n|upkeep\n|turn|11\n|\n|t:|1698756081\n|-activate|p2a: Gliscor|confusion\n|move|p2a: Gliscor|Earthquake|p1a: Ayre\n|-damage|p1a: Ayre|0 fnt\n|faint|p1a: Ayre\n|\n|-heal|p2a: Gliscor|89\/100 tox|[from] ability: Poison Heal\n|upkeep\n|\n|t:|1698756097\n|switch|p1a: Nokron|Golem, F|100\/100\n|turn|12\n|\n|t:|1698756106\n|-terastallize|p1a: Nokron|Normal\n|-activate|p2a: Gliscor|confusion\n|move|p2a: Gliscor|Earthquake|p1a: Nokron\n|-damage|p1a: Nokron|75\/100\n|move|p1a: Nokron|Explosion|p2a: Gliscor\n|-damage|p2a: Gliscor|20\/100 tox\n|faint|p1a: Nokron\n|\n|-heal|p2a: Gliscor|33\/100 tox|[from] ability: Poison Heal\n|upkeep\n|-message|plss master forfeited.\n|\n|win|Careca Safadinha\n|raw|plss master's rating: 1000 &rarr; <strong>1000<\/strong><br \/>(+0 for losing)\n|raw|Careca Safadinha's rating: 1000 &rarr; <strong>1040<\/strong><br \/>(+40 for winning)\n|l|\u2606plss master\n","uploadtime":1698756118,"views":5,"p1id":"plssmaster","p2id":"carecasafadinha","formatid":"gen9nationaldexubers","rating":1000,"private":0,"password":""}