{"id":"gen9nationaldexubers-1989030503","p1":"AERO-M0DE\u2b06\ufe0f","p2":"MercuryCH","format":"[Gen 9] National Dex Ubers","log":"|j|\u2606AERO-M0DE\u2b06\ufe0f\n|j|\u2606MercuryCH\n|t:|1699804283\n|gametype|singles\n|player|p1|AERO-M0DE\u2b06\ufe0f|winona-gen6|1126\n|player|p2|MercuryCH|170|1056\n|teamsize|p1|6\n|teamsize|p2|6\n|gen|9\n|tier|[Gen 9] National Dex Ubers\n|rated|\n|rule|HP Percentage Mod: HP is shown in percentages\n|rule|Endless Battle Clause: Forcing endless battles is banned\n|rule|OHKO Clause: OHKO moves are banned\n|rule|Evasion Moves Clause: Evasion moves are banned\n|rule|Evasion Items Clause: Evasion items are banned\n|rule|Species Clause: Limit one of each Pok\u00e9mon\n|rule|Sleep Clause Mod: Limit one foe put to sleep\n|rule|Mega Rayquaza Clause: You cannot mega evolve Rayquaza\n|clearpoke\n|poke|p1|Skarmory, F|\n|poke|p1|Talonflame, M|\n|poke|p1|Crobat, M|\n|poke|p1|Noivern, M|\n|poke|p1|Lugia|\n|poke|p1|Arceus-Flying|\n|poke|p2|Garchomp, F|\n|poke|p2|Tyranitar, F|\n|poke|p2|Swampert, M|\n|poke|p2|Ferrothorn, F|\n|poke|p2|Audino, F|\n|poke|p2|Latios, M|\n|teampreview\n|\n|t:|1699804298\n|start\n|switch|p1a: \ud83c\udf2cTALONFLAME\ud83c\udf2a\ud83c\udf2a|Talonflame, M, shiny|100\/100\n|switch|p2a: Audino|Audino, F|100\/100\n|turn|1\n|\n|t:|1699804313\n|switch|p1a: \ud83c\udf2cSKARMORY\ud83c\udf2a\ud83c\udf2a|Skarmory, F, shiny|100\/100\n|detailschange|p2a: Audino|Audino-Mega, F\n|-mega|p2a: Audino|Audino|Audinite\n|move|p2a: Audino|Knock Off|p1a: \ud83c\udf2cSKARMORY\ud83c\udf2a\ud83c\udf2a\n|-damage|p1a: \ud83c\udf2cSKARMORY\ud83c\udf2a\ud83c\udf2a|88\/100\n|-ability|p1a: \ud83c\udf2cSKARMORY\ud83c\udf2a\ud83c\udf2a|Weak Armor|boost\n|-unboost|p1a: \ud83c\udf2cSKARMORY\ud83c\udf2a\ud83c\udf2a|def|1\n|-boost|p1a: \ud83c\udf2cSKARMORY\ud83c\udf2a\ud83c\udf2a|spe|2\n|-enditem|p1a: \ud83c\udf2cSKARMORY\ud83c\udf2a\ud83c\udf2a|Sharp Beak|[from] move: Knock Off|[of] p2a: Audino\n|\n|upkeep\n|turn|2\n|\n|t:|1699804328\n|move|p1a: \ud83c\udf2cSKARMORY\ud83c\udf2a\ud83c\udf2a|Swords Dance|p1a: \ud83c\udf2cSKARMORY\ud83c\udf2a\ud83c\udf2a\n|-boost|p1a: \ud83c\udf2cSKARMORY\ud83c\udf2a\ud83c\udf2a|atk|2\n|move|p2a: Audino|Knock Off|p1a: \ud83c\udf2cSKARMORY\ud83c\udf2a\ud83c\udf2a\n|-damage|p1a: \ud83c\udf2cSKARMORY\ud83c\udf2a\ud83c\udf2a|74\/100\n|-ability|p1a: \ud83c\udf2cSKARMORY\ud83c\udf2a\ud83c\udf2a|Weak Armor|boost\n|-unboost|p1a: \ud83c\udf2cSKARMORY\ud83c\udf2a\ud83c\udf2a|def|1\n|-boost|p1a: \ud83c\udf2cSKARMORY\ud83c\udf2a\ud83c\udf2a|spe|2\n|\n|upkeep\n|turn|3\n|\n|t:|1699804342\n|move|p2a: Audino|Protect|p2a: Audino\n|-singleturn|p2a: Audino|Protect\n|move|p1a: \ud83c\udf2cSKARMORY\ud83c\udf2a\ud83c\udf2a|Swords Dance|p1a: \ud83c\udf2cSKARMORY\ud83c\udf2a\ud83c\udf2a\n|-boost|p1a: \ud83c\udf2cSKARMORY\ud83c\udf2a\ud83c\udf2a|atk|2\n|\n|upkeep\n|turn|4\n|\n|t:|1699804354\n|move|p1a: \ud83c\udf2cSKARMORY\ud83c\udf2a\ud83c\udf2a|Drill Peck|p2a: Audino\n|-damage|p2a: Audino|42\/100\n|move|p2a: Audino|Wish|p2a: Audino\n|\n|upkeep\n|turn|5\n|\n|t:|1699804360\n|move|p2a: Audino|Protect|p2a: Audino\n|-singleturn|p2a: Audino|Protect\n|move|p1a: \ud83c\udf2cSKARMORY\ud83c\udf2a\ud83c\udf2a|Swords Dance|p1a: \ud83c\udf2cSKARMORY\ud83c\udf2a\ud83c\udf2a\n|-boost|p1a: \ud83c\udf2cSKARMORY\ud83c\udf2a\ud83c\udf2a|atk|2\n|\n|-heal|p2a: Audino|92\/100|[from] move: Wish|[wisher] Audino\n|upkeep\n|turn|6\n|\n|t:|1699804380\n|switch|p2a: Latios|Latios, M|100\/100\n|move|p1a: \ud83c\udf2cSKARMORY\ud83c\udf2a\ud83c\udf2a|Drill Peck|p2a: Latios\n|-damage|p2a: Latios|0 fnt\n|faint|p2a: Latios\n|\n|upkeep\n|\n|t:|1699804392\n|switch|p2a: Garchomp|Garchomp, F|100\/100\n|turn|7\n|\n|t:|1699804404\n|move|p1a: \ud83c\udf2cSKARMORY\ud83c\udf2a\ud83c\udf2a|Drill Peck|p2a: Garchomp\n|-damage|p2a: Garchomp|0 fnt\n|-damage|p1a: \ud83c\udf2cSKARMORY\ud83c\udf2a\ud83c\udf2a|62\/100|[from] ability: Rough Skin|[of] p2a: Garchomp\n|faint|p2a: Garchomp\n|\n|upkeep\n|\n|t:|1699804412\n|switch|p2a: Ferrothorn|Ferrothorn, F|100\/100\n|turn|8\n|\n|t:|1699804419\n|move|p1a: \ud83c\udf2cSKARMORY\ud83c\udf2a\ud83c\udf2a|Drill Peck|p2a: Ferrothorn\n|-damage|p2a: Ferrothorn|13\/100\n|-damage|p1a: \ud83c\udf2cSKARMORY\ud83c\udf2a\ud83c\udf2a|50\/100|[from] ability: Iron Barbs|[of] p2a: Ferrothorn\n|move|p2a: Ferrothorn|Gyro Ball|p1a: \ud83c\udf2cSKARMORY\ud83c\udf2a\ud83c\udf2a\n|-resisted|p1a: \ud83c\udf2cSKARMORY\ud83c\udf2a\ud83c\udf2a\n|-damage|p1a: \ud83c\udf2cSKARMORY\ud83c\udf2a\ud83c\udf2a|1\/100\n|-ability|p1a: \ud83c\udf2cSKARMORY\ud83c\udf2a\ud83c\udf2a|Weak Armor|boost\n|-unboost|p1a: \ud83c\udf2cSKARMORY\ud83c\udf2a\ud83c\udf2a|def|1\n|-boost|p1a: \ud83c\udf2cSKARMORY\ud83c\udf2a\ud83c\udf2a|spe|2\n|\n|-heal|p2a: Ferrothorn|20\/100|[from] item: Leftovers\n|upkeep\n|turn|9\n|\n|t:|1699804451\n|switch|p2a: Swampert|Swampert, M|100\/100\n|move|p1a: \ud83c\udf2cSKARMORY\ud83c\udf2a\ud83c\udf2a|Drill Peck|p2a: Swampert\n|-damage|p2a: Swampert|0 fnt\n|faint|p2a: Swampert\n|\n|upkeep\n|\n|t:|1699804458\n|switch|p2a: Tyranitar|Tyranitar, F|100\/100\n|-weather|Sandstorm|[from] ability: Sand Stream|[of] p2a: Tyranitar\n|turn|10\n|\n|t:|1699804470\n|move|p1a: \ud83c\udf2cSKARMORY\ud83c\udf2a\ud83c\udf2a|Brave Bird|p2a: Tyranitar\n|-resisted|p2a: Tyranitar\n|-damage|p2a: Tyranitar|22\/100\n|-damage|p1a: \ud83c\udf2cSKARMORY\ud83c\udf2a\ud83c\udf2a|0 fnt|[from] Recoil\n|faint|p1a: \ud83c\udf2cSKARMORY\ud83c\udf2a\ud83c\udf2a\n|move|p2a: Tyranitar|Fire Punch|p1: \ud83c\udf2cSKARMORY\ud83c\udf2a\ud83c\udf2a|[notarget]\n|-fail|p2a: Tyranitar\n|\n|-weather|Sandstorm|[upkeep]\n|upkeep\n|\n|t:|1699804483\n|switch|p1a: \ud83c\udf2cTALONFLAME\ud83c\udf2a\ud83c\udf2a|Talonflame, M, shiny|100\/100\n|turn|11\n|\n|t:|1699804489\n|move|p1a: \ud83c\udf2cTALONFLAME\ud83c\udf2a\ud83c\udf2a|Rain Dance|p1a: \ud83c\udf2cTALONFLAME\ud83c\udf2a\ud83c\udf2a\n|-weather|RainDance\n|move|p2a: Tyranitar|Stone Edge|p1a: \ud83c\udf2cTALONFLAME\ud83c\udf2a\ud83c\udf2a\n|-supereffective|p1a: \ud83c\udf2cTALONFLAME\ud83c\udf2a\ud83c\udf2a\n|-damage|p1a: \ud83c\udf2cTALONFLAME\ud83c\udf2a\ud83c\udf2a|0 fnt\n|faint|p1a: \ud83c\udf2cTALONFLAME\ud83c\udf2a\ud83c\udf2a\n|\n|-weather|RainDance|[upkeep]\n|upkeep\n|\n|t:|1699804498\n|switch|p1a: \ud83c\udf2cARCEUS-FLYING\ud83c\udf2a|Arceus-Flying|100\/100\n|turn|12\n|\n|t:|1699804505\n|move|p1a: \ud83c\udf2cARCEUS-FLYING\ud83c\udf2a|Hurricane|p2a: Tyranitar\n|-resisted|p2a: Tyranitar\n|-damage|p2a: Tyranitar|0 fnt\n|faint|p2a: Tyranitar\n|\n|-weather|RainDance|[upkeep]\n|upkeep\n|\n|t:|1699804512\n|switch|p2a: Ferrothorn|Ferrothorn, F|20\/100\n|turn|13\n|\n|t:|1699804521\n|move|p1a: \ud83c\udf2cARCEUS-FLYING\ud83c\udf2a|Hurricane|p2a: Ferrothorn\n|-damage|p2a: Ferrothorn|0 fnt\n|faint|p2a: Ferrothorn\n|\n|-weather|RainDance|[upkeep]\n|upkeep\n|\n|t:|1699804529\n|switch|p2a: Audino|Audino-Mega, F|92\/100\n|turn|14\n|\n|t:|1699804535\n|-terastallize|p1a: \ud83c\udf2cARCEUS-FLYING\ud83c\udf2a|Flying\n|move|p1a: \ud83c\udf2cARCEUS-FLYING\ud83c\udf2a|Judgment|p2a: Audino\n|-damage|p2a: Audino|51\/100\n|move|p2a: Audino|Knock Off|p1a: \ud83c\udf2cARCEUS-FLYING\ud83c\udf2a\n|-damage|p1a: \ud83c\udf2cARCEUS-FLYING\ud83c\udf2a|93\/100\n|\n|-weather|RainDance|[upkeep]\n|upkeep\n|turn|15\n|\n|t:|1699804545\n|move|p1a: \ud83c\udf2cARCEUS-FLYING\ud83c\udf2a|Hurricane|p2a: Audino\n|-damage|p2a: Audino|3\/100\n|move|p2a: Audino|Wish|p2a: Audino\n|\n|-weather|RainDance|[upkeep]\n|upkeep\n|turn|16\n|\n|t:|1699804553\n|move|p2a: Audino|Protect|p2a: Audino\n|-singleturn|p2a: Audino|Protect\n|move|p1a: \ud83c\udf2cARCEUS-FLYING\ud83c\udf2a|Hurricane|p2a: Audino\n|-activate|p2a: Audino|move: Protect\n|\n|-weather|RainDance|[upkeep]\n|-heal|p2a: Audino|53\/100|[from] move: Wish|[wisher] Audino\n|upkeep\n|turn|17\n|\n|t:|1699804566\n|move|p1a: \ud83c\udf2cARCEUS-FLYING\ud83c\udf2a|Hurricane|p2a: Audino\n|-damage|p2a: Audino|9\/100\n|move|p2a: Audino|Wish|p2a: Audino\n|\n|-weather|RainDance|[upkeep]\n|upkeep\n|turn|18\n|-message|MercuryCH forfeited.\n|\n|win|AERO-M0DE\u2b06\ufe0f\n|raw|AERO-M0DE\u2b06\ufe0f's rating: 1126 &rarr; <strong>1146<\/strong><br \/>(+20 for winning)\n|raw|MercuryCH's rating: 1056 &rarr; <strong>1041<\/strong><br \/>(-15 for losing)\n|l|\u2606MercuryCH\n","uploadtime":1699804739,"views":5,"p1id":"aerom0de","p2id":"mercurych","formatid":"gen9nationaldexubers","rating":1041,"private":0,"password":""}