{"id":"gen9nationaldexubers-1980512146","p1":"DracoAxel","p2":"Drixzard","format":"[Gen 9] National Dex Ubers","log":"|j|\u2606DracoAxel\n|j|\u2606Drixzard\n|t:|1698792159\n|gametype|singles\n|player|p1|DracoAxel|nate|\n|player|p2|Drixzard|2|\n|teamsize|p1|6\n|teamsize|p2|6\n|gen|9\n|tier|[Gen 9] National Dex Ubers\n|rule|HP Percentage Mod: HP is shown in percentages\n|rule|Endless Battle Clause: Forcing endless battles is banned\n|rule|OHKO Clause: OHKO moves are banned\n|rule|Evasion Moves Clause: Evasion moves are banned\n|rule|Evasion Items Clause: Evasion items are banned\n|rule|Species Clause: Limit one of each Pok\u00e9mon\n|rule|Sleep Clause Mod: Limit one foe put to sleep\n|rule|Mega Rayquaza Clause: You cannot mega evolve Rayquaza\n|clearpoke\n|poke|p1|Infernape, F|\n|poke|p1|Torterra, F|\n|poke|p1|Staraptor, M|\n|poke|p1|Garchomp, F|\n|poke|p1|Gliscor, F|\n|poke|p1|Floatzel, F|\n|poke|p2|Melmetal|\n|poke|p2|Incineroar, M|\n|poke|p2|Decidueye-Hisui, F|\n|poke|p2|Naganadel|\n|poke|p2|Rotom-Wash|\n|poke|p2|Lycanroc-Dusk, M|\n|teampreview\n|\n|t:|1698792180\n|start\n|switch|p1a: Infernape|Infernape, F|100\/100\n|switch|p2a: Incineroar|Incineroar, M|100\/100\n|-ability|p2a: Incineroar|Intimidate|boost\n|-unboost|p1a: Infernape|atk|1\n|turn|1\n|\n|t:|1698792191\n|-terastallize|p2a: Incineroar|Water\n|move|p1a: Infernape|Mach Punch|p2a: Incineroar\n|-damage|p2a: Incineroar|87\/100\n|move|p2a: Incineroar|Earthquake|p1a: Infernape\n|-supereffective|p1a: Infernape\n|-enditem|p1a: Infernape|Focus Sash\n|-damage|p1a: Infernape|1\/100\n|\n|-heal|p2a: Incineroar|93\/100|[from] item: Leftovers\n|upkeep\n|turn|2\n|\n|t:|1698792201\n|move|p1a: Infernape|Drain Punch|p2a: Incineroar\n|-crit|p2a: Incineroar\n|-damage|p2a: Incineroar|31\/100\n|-heal|p1a: Infernape|42\/100|[from] drain|[of] p2a: Incineroar\n|move|p2a: Incineroar|Flare Blitz|p1a: Infernape\n|-resisted|p1a: Infernape\n|-damage|p1a: Infernape|0 fnt\n|faint|p1a: Infernape\n|-damage|p2a: Incineroar|21\/100|[from] Recoil\n|\n|-heal|p2a: Incineroar|27\/100|[from] item: Leftovers\n|upkeep\n|\n|t:|1698792211\n|switch|p1a: Torterra|Torterra, F|100\/100\n|turn|3\n|\n|t:|1698792221\n|move|p2a: Incineroar|Flare Blitz|p1a: Torterra\n|-supereffective|p1a: Torterra\n|-damage|p1a: Torterra|8\/100\n|-damage|p2a: Incineroar|2\/100|[from] Recoil\n|move|p1a: Torterra|Wood Hammer|p2a: Incineroar\n|-supereffective|p2a: Incineroar\n|-damage|p2a: Incineroar|0 fnt\n|faint|p2a: Incineroar\n|-damage|p1a: Torterra|8\/100|[from] Recoil\n|\n|upkeep\n|\n|t:|1698792227\n|switch|p2a: Lycanroc|Lycanroc-Dusk, M|100\/100\n|turn|4\n|\n|t:|1698792231\n|move|p2a: Lycanroc|Accelerock|p1a: Torterra\n|-resisted|p1a: Torterra\n|-damage|p1a: Torterra|0 fnt\n|faint|p1a: Torterra\n|\n|upkeep\n|\n|t:|1698792238\n|switch|p1a: Floatzel|Floatzel, F|100\/100\n|turn|5\n|\n|t:|1698792254\n|move|p1a: Floatzel|Wave Crash|p2a: Lycanroc\n|-supereffective|p2a: Lycanroc\n|-damage|p2a: Lycanroc|0 fnt\n|faint|p2a: Lycanroc\n|-damage|p1a: Floatzel|70\/100|[from] Recoil\n|\n|upkeep\n|\n|t:|1698792262\n|switch|p2a: Rotom|Rotom-Wash|100\/100\n|turn|6\n|\n|t:|1698792269\n|switch|p1a: Gliscor|Gliscor, F|100\/100\n|move|p2a: Rotom|Volt Switch|p1a: Gliscor\n|-immune|p1a: Gliscor\n|\n|-status|p1a: Gliscor|tox|[from] item: Toxic Orb\n|upkeep\n|turn|7\n|\n|t:|1698792282\n|switch|p2a: Naganadel|Naganadel|100\/100\n|move|p1a: Gliscor|Fling|p2a: Naganadel\n|-damage|p2a: Naganadel|87\/100\n|-enditem|p1a: Gliscor|Toxic Orb|[from] move: Fling\n|\n|upkeep\n|turn|8\n|\n|t:|1698792287\n|move|p2a: Naganadel|Tailwind|p2a: Naganadel\n|-sidestart|p2: Drixzard|move: Tailwind\n|move|p1a: Gliscor|Earthquake|p2a: Naganadel\n|-supereffective|p2a: Naganadel\n|-damage|p2a: Naganadel|0 fnt\n|faint|p2a: Naganadel\n|\n|upkeep\n|\n|t:|1698792291\n|switch|p2a: Decidueye|Decidueye-Hisui, F|100\/100\n|turn|9\n|\n|t:|1698792307\n|switch|p2a: Rotom|Rotom-Wash|100\/100\n|move|p1a: Gliscor|Facade|p2a: Rotom\n|-damage|p2a: Rotom|45\/100\n|\n|upkeep\n|turn|10\n|\n|t:|1698792318\n|move|p2a: Rotom|Hydro Pump|p1a: Gliscor\n|-supereffective|p1a: Gliscor\n|-damage|p1a: Gliscor|0 fnt\n|faint|p1a: Gliscor\n|\n|upkeep\n|\n|t:|1698792327\n|switch|p1a: Staraptor|Staraptor, M|100\/100\n|turn|11\n|\n|t:|1698792336\n|switch|p2a: Melmetal|Melmetal|100\/100\n|move|p1a: Staraptor|Brave Bird|p2a: Melmetal\n|-resisted|p2a: Melmetal\n|-damage|p2a: Melmetal|81\/100\n|-damage|p1a: Staraptor|91\/100|[from] Recoil\n|\n|-sideend|p2: Drixzard|move: Tailwind\n|upkeep\n|turn|12\n|\n|t:|1698792345\n|switch|p1a: Floatzel|Floatzel, F|70\/100\n|move|p2a: Melmetal|Ice Punch|p1a: Floatzel\n|-resisted|p1a: Floatzel\n|-damage|p1a: Floatzel|17\/100\n|\n|upkeep\n|turn|13\n|\n|t:|1698792351\n|move|p1a: Floatzel|Wave Crash|p2a: Melmetal\n|-damage|p2a: Melmetal|35\/100\n|-damage|p1a: Floatzel|0 fnt|[from] Recoil\n|faint|p1a: Floatzel\n|move|p2a: Melmetal|Ice Punch|p1: Floatzel|[notarget]\n|-fail|p2a: Melmetal\n|\n|upkeep\n|\n|t:|1698792355\n|switch|p1a: Garchomp|Garchomp, F|100\/100\n|turn|14\n|\n|t:|1698792363\n|move|p1a: Garchomp|Outrage|p2a: Melmetal\n|-resisted|p2a: Melmetal\n|-damage|p2a: Melmetal|15\/100\n|move|p2a: Melmetal|Ice Punch|p1a: Garchomp\n|-supereffective|p1a: Garchomp\n|-damage|p1a: Garchomp|0 fnt\n|-damage|p2a: Melmetal|3\/100|[from] ability: Rough Skin|[of] p1a: Garchomp\n|faint|p1a: Garchomp\n|\n|upkeep\n|\n|t:|1698792368\n|switch|p1a: Staraptor|Staraptor, M|91\/100\n|turn|15\n|\n|t:|1698792371\n|move|p1a: Staraptor|Brave Bird|p2a: Melmetal\n|-resisted|p2a: Melmetal\n|-damage|p2a: Melmetal|0 fnt\n|faint|p2a: Melmetal\n|-damage|p1a: Staraptor|90\/100|[from] Recoil\n|\n|upkeep\n|\n|t:|1698792380\n|switch|p2a: Decidueye|Decidueye-Hisui, F|100\/100\n|turn|16\n|\n|t:|1698792395\n|move|p1a: Staraptor|Brave Bird|p2a: Decidueye\n|-supereffective|p2a: Decidueye\n|-damage|p2a: Decidueye|0 fnt\n|faint|p2a: Decidueye\n|-damage|p1a: Staraptor|56\/100|[from] Recoil\n|\n|upkeep\n|\n|t:|1698792398\n|switch|p2a: Rotom|Rotom-Wash|45\/100\n|turn|17\n|\n|t:|1698792401\n|move|p1a: Staraptor|Brave Bird|p2a: Rotom\n|-resisted|p2a: Rotom\n|-crit|p2a: Rotom\n|-damage|p2a: Rotom|0 fnt\n|faint|p2a: Rotom\n|-damage|p1a: Staraptor|45\/100|[from] Recoil\n|\n|win|DracoAxel\n|l|\u2606Drixzard\n","uploadtime":1698792424,"views":13,"p1id":"dracoaxel","p2id":"drixzard","formatid":"gen9nationaldexubers","rating":0,"private":0,"password":""}