{"id":"gen9nationaldexubers-1978285577","p1":"whaah","p2":"JustMonika_CARR","format":"[Gen 9] National Dex Ubers","log":"|j|\u2606whaah\n|j|\u2606JustMonika_CARR\n|t:|1698520937\n|gametype|singles\n|player|p1|whaah|plasmagrunt-gen5bw|1370\n|player|p2|JustMonika_CARR|dawn|1511\n|teamsize|p1|6\n|teamsize|p2|6\n|gen|9\n|tier|[Gen 9] National Dex Ubers\n|rated|\n|rule|HP Percentage Mod: HP is shown in percentages\n|rule|Endless Battle Clause: Forcing endless battles is banned\n|rule|OHKO Clause: OHKO moves are banned\n|rule|Evasion Moves Clause: Evasion moves are banned\n|rule|Evasion Items Clause: Evasion items are banned\n|rule|Species Clause: Limit one of each Pok\u00e9mon\n|rule|Sleep Clause Mod: Limit one foe put to sleep\n|rule|Mega Rayquaza Clause: You cannot mega evolve Rayquaza\n|clearpoke\n|poke|p1|Grimmsnarl, M|\n|poke|p1|Kyurem-Black|\n|poke|p1|Xerneas-*|\n|poke|p1|Ho-Oh|\n|poke|p1|Necrozma-Dusk-Mane|\n|poke|p1|Groudon|\n|poke|p2|Yveltal|\n|poke|p2|Skarmory, F|\n|poke|p2|Gothitelle, F|\n|poke|p2|Deoxys-Speed|\n|poke|p2|Shuckle, M|\n|poke|p2|Durant, F|\n|teampreview\n|j| RealSaad\n|inactive|Battle timer is ON: inactive players will automatically lose when time's up. (requested by whaah)\n|\n|t:|1698520945\n|start\n|switch|p1a: Grimmsnarl|Grimmsnarl, M|100\/100\n|switch|p2a: Skarmory|Skarmory, F, shiny|100\/100\n|turn|1\n|c| RealSaad|dont fall for his durant trick\n|l| RealSaad\n|c|\u2606JustMonika_CARR|glhf\n|c|\u2606JustMonika_CARR|Oh\n|c|\u2606JustMonika_CARR|Kek\n|inactive|JustMonika_CARR has 120 seconds left.\n|c|\u2606whaah|good luck\n|\n|t:|1698521005\n|move|p1a: Grimmsnarl|Reflect|p1a: Grimmsnarl\n|-sidestart|p1: whaah|Reflect\n|move|p2a: Skarmory|Stealth Rock|p1a: Grimmsnarl\n|-sidestart|p1: whaah|move: Stealth Rock\n|\n|upkeep\n|turn|2\n|\n|t:|1698521011\n|move|p1a: Grimmsnarl|Light Screen|p1a: Grimmsnarl\n|-sidestart|p1: whaah|move: Light Screen\n|move|p2a: Skarmory|Whirlwind|p1a: Grimmsnarl\n|drag|p1a: Ho-Oh|Ho-Oh|100\/100\n|\n|upkeep\n|turn|3\n|\n|t:|1698521019\n|move|p1a: Ho-Oh|Sacred Fire|p2a: Skarmory\n|-supereffective|p2a: Skarmory\n|-damage|p2a: Skarmory|37\/100\n|move|p2a: Skarmory|Whirlwind|p1a: Ho-Oh\n|drag|p1a: Grimmsnarl|Grimmsnarl, M|100\/100\n|-damage|p1a: Grimmsnarl|88\/100|[from] Stealth Rock\n|\n|-heal|p2a: Skarmory|43\/100|[from] item: Leftovers\n|upkeep\n|turn|4\n|\n|t:|1698521028\n|move|p1a: Grimmsnarl|Taunt|p2a: Skarmory\n|-start|p2a: Skarmory|move: Taunt\n|cant|p2a: Skarmory|move: Taunt|Spikes\n|\n|-heal|p2a: Skarmory|49\/100|[from] item: Leftovers\n|upkeep\n|turn|5\n|inactive|JustMonika_CARR has 120 seconds left.\n|\n|t:|1698521035\n|switch|p2a: Yveltal|Yveltal, shiny|100\/100\n|-ability|p2a: Yveltal|Dark Aura\n|switch|p1a: Ho-Oh|Ho-Oh|100\/100\n|\n|upkeep\n|turn|6\n|\n|t:|1698521046\n|move|p1a: Ho-Oh|Defog|p2a: Yveltal\n|-unboost|p2a: Yveltal|evasion|1\n|-sideend|p1: whaah|Stealth Rock|[from] move: Defog|[of] p1a: Ho-Oh\n|move|p2a: Yveltal|Taunt|p1a: Ho-Oh\n|-start|p1a: Ho-Oh|move: Taunt\n|\n|upkeep\n|turn|7\n|\n|t:|1698521054\n|move|p1a: Ho-Oh|Sacred Fire|p2a: Yveltal\n|-damage|p2a: Yveltal|73\/100\n|-status|p2a: Yveltal|brn\n|move|p2a: Yveltal|Dark Pulse|p1a: Ho-Oh\n|-damage|p1a: Ho-Oh|88\/100\n|\n|-heal|p2a: Yveltal|79\/100 brn|[from] item: Leftovers\n|-damage|p2a: Yveltal|73\/100 brn|[from] brn\n|upkeep\n|turn|8\n|\n|t:|1698521070\n|switch|p1a: Grimmsnarl|Grimmsnarl, M|88\/100\n|move|p2a: Yveltal|Defog|p1a: Grimmsnarl\n|-unboost|p1a: Grimmsnarl|evasion|1\n|-sideend|p1: whaah|Reflect\n|-sideend|p1: whaah|move: Light Screen\n|\n|-heal|p2a: Yveltal|79\/100 brn|[from] item: Leftovers\n|-damage|p2a: Yveltal|73\/100 brn|[from] brn\n|upkeep\n|turn|9\n|\n|t:|1698521079\n|move|p1a: Grimmsnarl|Taunt|p2a: Yveltal\n|-hint|Since gen 7, Dark is immune to Prankster moves.\n|-immune|p2a: Yveltal\n|move|p2a: Yveltal|Taunt|p1a: Grimmsnarl\n|-start|p1a: Grimmsnarl|move: Taunt\n|\n|-heal|p2a: Yveltal|79\/100 brn|[from] item: Leftovers\n|-damage|p2a: Yveltal|73\/100 brn|[from] brn\n|upkeep\n|turn|10\n|\n|t:|1698521091\n|switch|p1a: Groudon|Groudon|100\/100\n|detailschange|p1a: Groudon|Groudon-Primal\n|-primal|p1a: Groudon|Red Orb\n|-weather|DesolateLand|[from] ability: Desolate Land|[of] p1a: Groudon\n|move|p2a: Yveltal|Dark Pulse|p1a: Groudon\n|-damage|p1a: Groudon|52\/100\n|\n|-weather|DesolateLand|[upkeep]\n|-heal|p2a: Yveltal|79\/100 brn|[from] item: Leftovers\n|-damage|p2a: Yveltal|73\/100 brn|[from] brn\n|upkeep\n|turn|11\n|\n|t:|1698521103\n|move|p1a: Groudon|Stone Edge|p2a: Yveltal\n|-supereffective|p2a: Yveltal\n|-damage|p2a: Yveltal|13\/100 brn\n|move|p2a: Yveltal|Taunt|p1a: Groudon\n|-start|p1a: Groudon|move: Taunt\n|\n|-weather|DesolateLand|[upkeep]\n|-heal|p2a: Yveltal|19\/100 brn|[from] item: Leftovers\n|-damage|p2a: Yveltal|13\/100 brn|[from] brn\n|upkeep\n|turn|12\n|\n|t:|1698521111\n|-weather|none\n|switch|p1a: Ho-Oh|Ho-Oh|100\/100\n|move|p2a: Yveltal|Sucker Punch||[still]\n|-fail|p2a: Yveltal\n|\n|-heal|p2a: Yveltal|19\/100 brn|[from] item: Leftovers\n|-damage|p2a: Yveltal|13\/100 brn|[from] brn\n|upkeep\n|turn|13\n|\n|t:|1698521128\n|move|p2a: Yveltal|Sucker Punch|p1a: Ho-Oh\n|-damage|p1a: Ho-Oh|87\/100\n|move|p1a: Ho-Oh|Sacred Fire|p2a: Yveltal\n|-damage|p2a: Yveltal|0 fnt\n|faint|p2a: Yveltal\n|\n|upkeep\n|\n|t:|1698521134\n|switch|p2a: Durant|Durant, F, shiny|100\/100\n|turn|14\n|\n|t:|1698521143\n|switch|p1a: Groudon|Groudon-Primal|52\/100\n|-weather|DesolateLand|[from] ability: Desolate Land|[of] p1a: Groudon\n|move|p2a: Durant|Entrainment|p1a: Groudon\n|-weather|none\n|-endability|p1a: Groudon|Desolate Land|[from] move: Entrainment\n|-ability|p1a: Groudon|Truant|[from] move: Entrainment\n|\n|upkeep\n|turn|15\n|\n|t:|1698521153\n|switch|p2a: Gothitelle|Gothitelle, F, shiny|100\/100\n|move|p1a: Groudon|Precipice Blades|p2a: Gothitelle|[miss]\n|-miss|p1a: Groudon|p2a: Gothitelle\n|\n|upkeep\n|turn|16\n|c|\u2606JustMonika_CARR|I win\n|\n|t:|1698521165\n|cant|p1a: Groudon|ability: Truant\n|move|p2a: Gothitelle|Substitute|p2a: Gothitelle\n|-start|p2a: Gothitelle|Substitute\n|-damage|p2a: Gothitelle|75\/100\n|\n|upkeep\n|turn|17\n|c|\u2606JustMonika_CARR|Well, maybe not\n|c|\u2606JustMonika_CARR|But still\n|\n|t:|1698521176\n|move|p1a: Groudon|Hone Claws|p1a: Groudon\n|-boost|p1a: Groudon|atk|1\n|-boost|p1a: Groudon|accuracy|1\n|move|p2a: Gothitelle|Substitute|p2a: Gothitelle\n|-fail|p2a: Gothitelle|move: Substitute\n|\n|upkeep\n|turn|18\n|\n|t:|1698521185\n|cant|p1a: Groudon|ability: Truant\n|move|p2a: Gothitelle|Dark Pulse|p1a: Groudon\n|-damage|p1a: Groudon|26\/100\n|\n|upkeep\n|turn|19\n|\n|t:|1698521204\n|move|p1a: Groudon|Rock Polish|p1a: Groudon\n|-boost|p1a: Groudon|spe|2\n|move|p2a: Gothitelle|Substitute|p2a: Gothitelle\n|-fail|p2a: Gothitelle|move: Substitute\n|\n|upkeep\n|turn|20\n|\n|t:|1698521221\n|cant|p1a: Groudon|ability: Truant\n|move|p2a: Gothitelle|Substitute|p2a: Gothitelle\n|-fail|p2a: Gothitelle|move: Substitute\n|\n|upkeep\n|turn|21\n|\n|t:|1698521232\n|move|p1a: Groudon|Precipice Blades|p2a: Gothitelle\n|-crit|p2a: Gothitelle\n|-end|p2a: Gothitelle|Substitute\n|move|p2a: Gothitelle|Substitute|p2a: Gothitelle\n|-start|p2a: Gothitelle|Substitute\n|-damage|p2a: Gothitelle|50\/100\n|\n|upkeep\n|turn|22\n|\n|t:|1698521239\n|cant|p1a: Groudon|ability: Truant\n|move|p2a: Gothitelle|Substitute|p2a: Gothitelle\n|-fail|p2a: Gothitelle|move: Substitute\n|\n|upkeep\n|turn|23\n|\n|t:|1698521243\n|move|p1a: Groudon|Hone Claws|p1a: Groudon\n|-boost|p1a: Groudon|atk|1\n|-boost|p1a: Groudon|accuracy|1\n|move|p2a: Gothitelle|Substitute|p2a: Gothitelle\n|-fail|p2a: Gothitelle|move: Substitute\n|\n|upkeep\n|turn|24\n|\n|t:|1698521250\n|cant|p1a: Groudon|ability: Truant\n|move|p2a: Gothitelle|Substitute|p2a: Gothitelle\n|-fail|p2a: Gothitelle|move: Substitute\n|\n|upkeep\n|turn|25\n|\n|t:|1698521256\n|move|p1a: Groudon|Precipice Blades|p2a: Gothitelle\n|-end|p2a: Gothitelle|Substitute\n|move|p2a: Gothitelle|Substitute|p2a: Gothitelle\n|-start|p2a: Gothitelle|Substitute\n|-damage|p2a: Gothitelle|25\/100\n|-enditem|p2a: Gothitelle|Starf Berry|[eat]\n|-boost|p2a: Gothitelle|spd|2|[from] item: Starf Berry\n|\n|upkeep\n|turn|26\n|\n|t:|1698521269\n|cant|p1a: Groudon|ability: Truant\n|move|p2a: Gothitelle|Recycle|p2a: Gothitelle\n|-item|p2a: Gothitelle|Starf Berry|[from] move: Recycle\n|-enditem|p2a: Gothitelle|Starf Berry|[eat]\n|-boost|p2a: Gothitelle|atk|2|[from] item: Starf Berry\n|\n|upkeep\n|turn|27\n|\n|t:|1698521276\n|move|p2a: Gothitelle|Protect|p2a: Gothitelle\n|-singleturn|p2a: Gothitelle|Protect\n|move|p1a: Groudon|Rock Polish|p1a: Groudon\n|-boost|p1a: Groudon|spe|2\n|\n|upkeep\n|turn|28\n|\n|t:|1698521281\n|cant|p1a: Groudon|ability: Truant\n|move|p2a: Gothitelle|Recycle|p2a: Gothitelle\n|-item|p2a: Gothitelle|Starf Berry|[from] move: Recycle\n|-enditem|p2a: Gothitelle|Starf Berry|[eat]\n|-boost|p2a: Gothitelle|spa|2|[from] item: Starf Berry\n|\n|upkeep\n|turn|29\n|\n|t:|1698521292\n|move|p2a: Gothitelle|Protect|p2a: Gothitelle\n|-singleturn|p2a: Gothitelle|Protect\n|move|p1a: Groudon|Precipice Blades|p2a: Gothitelle\n|-activate|p2a: Gothitelle|move: Protect\n|\n|upkeep\n|turn|30\n|\n|t:|1698521298\n|cant|p1a: Groudon|ability: Truant\n|move|p2a: Gothitelle|Recycle|p2a: Gothitelle\n|-item|p2a: Gothitelle|Starf Berry|[from] move: Recycle\n|-enditem|p2a: Gothitelle|Starf Berry|[eat]\n|-boost|p2a: Gothitelle|spd|2|[from] item: Starf Berry\n|\n|upkeep\n|turn|31\n|\n|t:|1698521302\n|move|p2a: Gothitelle|Protect|p2a: Gothitelle\n|-singleturn|p2a: Gothitelle|Protect\n|move|p1a: Groudon|Precipice Blades|p2a: Gothitelle\n|-activate|p2a: Gothitelle|move: Protect\n|\n|upkeep\n|turn|32\n|\n|t:|1698521308\n|cant|p1a: Groudon|ability: Truant\n|move|p2a: Gothitelle|Recycle|p2a: Gothitelle\n|-item|p2a: Gothitelle|Starf Berry|[from] move: Recycle\n|-enditem|p2a: Gothitelle|Starf Berry|[eat]\n|-boost|p2a: Gothitelle|def|2|[from] item: Starf Berry\n|\n|upkeep\n|turn|33\n|\n|t:|1698521311\n|move|p2a: Gothitelle|Protect|p2a: Gothitelle\n|-singleturn|p2a: Gothitelle|Protect\n|move|p1a: Groudon|Hone Claws|p1a: Groudon\n|-boost|p1a: Groudon|atk|1\n|-boost|p1a: Groudon|accuracy|1\n|\n|upkeep\n|turn|34\n|\n|t:|1698521315\n|cant|p1a: Groudon|ability: Truant\n|move|p2a: Gothitelle|Recycle|p2a: Gothitelle\n|-item|p2a: Gothitelle|Starf Berry|[from] move: Recycle\n|-enditem|p2a: Gothitelle|Starf Berry|[eat]\n|-boost|p2a: Gothitelle|spd|2|[from] item: Starf Berry\n|\n|upkeep\n|turn|35\n|\n|t:|1698521319\n|move|p2a: Gothitelle|Protect|p2a: Gothitelle\n|-singleturn|p2a: Gothitelle|Protect\n|move|p1a: Groudon|Hone Claws|p1a: Groudon\n|-boost|p1a: Groudon|atk|1\n|-boost|p1a: Groudon|accuracy|1\n|\n|upkeep\n|turn|36\n|\n|t:|1698521329\n|cant|p1a: Groudon|ability: Truant\n|move|p2a: Gothitelle|Recycle|p2a: Gothitelle\n|-item|p2a: Gothitelle|Starf Berry|[from] move: Recycle\n|-enditem|p2a: Gothitelle|Starf Berry|[eat]\n|-boost|p2a: Gothitelle|def|2|[from] item: Starf Berry\n|\n|upkeep\n|turn|37\n|\n|t:|1698521337\n|move|p2a: Gothitelle|Protect|p2a: Gothitelle\n|-singleturn|p2a: Gothitelle|Protect\n|move|p1a: Groudon|Hone Claws|p1a: Groudon\n|-boost|p1a: Groudon|atk|1\n|-boost|p1a: Groudon|accuracy|1\n|\n|upkeep\n|turn|38\n|\n|t:|1698521342\n|cant|p1a: Groudon|ability: Truant\n|move|p2a: Gothitelle|Recycle|p2a: Gothitelle\n|-item|p2a: Gothitelle|Starf Berry|[from] move: Recycle\n|-enditem|p2a: Gothitelle|Starf Berry|[eat]\n|-boost|p2a: Gothitelle|def|2|[from] item: Starf Berry\n|\n|upkeep\n|turn|39\n|\n|t:|1698521347\n|move|p1a: Groudon|Rock Polish|p1a: Groudon\n|-boost|p1a: Groudon|spe|2\n|move|p2a: Gothitelle|Recycle|p2a: Gothitelle\n|-item|p2a: Gothitelle|Starf Berry|[from] move: Recycle\n|-enditem|p2a: Gothitelle|Starf Berry|[eat]\n|-boost|p2a: Gothitelle|spa|2|[from] item: Starf Berry\n|\n|upkeep\n|turn|40\n|\n|t:|1698521354\n|cant|p1a: Groudon|ability: Truant\n|move|p2a: Gothitelle|Recycle|p2a: Gothitelle\n|-item|p2a: Gothitelle|Starf Berry|[from] move: Recycle\n|-enditem|p2a: Gothitelle|Starf Berry|[eat]\n|-boost|p2a: Gothitelle|atk|2|[from] item: Starf Berry\n|\n|upkeep\n|turn|41\n|\n|t:|1698521362\n|move|p2a: Gothitelle|Protect|p2a: Gothitelle\n|-singleturn|p2a: Gothitelle|Protect\n|move|p1a: Groudon|Precipice Blades|p2a: Gothitelle\n|-activate|p2a: Gothitelle|move: Protect\n|\n|upkeep\n|turn|42\n|\n|t:|1698521365\n|cant|p1a: Groudon|ability: Truant\n|move|p2a: Gothitelle|Recycle|p2a: Gothitelle\n|-item|p2a: Gothitelle|Starf Berry|[from] move: Recycle\n|-enditem|p2a: Gothitelle|Starf Berry|[eat]\n|-boost|p2a: Gothitelle|atk|2|[from] item: Starf Berry\n|\n|upkeep\n|turn|43\n|\n|t:|1698521371\n|move|p2a: Gothitelle|Protect|p2a: Gothitelle\n|-singleturn|p2a: Gothitelle|Protect\n|move|p1a: Groudon|Stone Edge|p2a: Gothitelle\n|-activate|p2a: Gothitelle|move: Protect\n|\n|upkeep\n|turn|44\n|\n|t:|1698521374\n|cant|p1a: Groudon|ability: Truant\n|move|p2a: Gothitelle|Recycle|p2a: Gothitelle\n|-item|p2a: Gothitelle|Starf Berry|[from] move: Recycle\n|-enditem|p2a: Gothitelle|Starf Berry|[eat]\n|-boost|p2a: Gothitelle|spa|2|[from] item: Starf Berry\n|\n|upkeep\n|turn|45\n|\n|t:|1698521378\n|move|p2a: Gothitelle|Protect|p2a: Gothitelle\n|-singleturn|p2a: Gothitelle|Protect\n|move|p1a: Groudon|Precipice Blades|p2a: Gothitelle\n|-activate|p2a: Gothitelle|move: Protect\n|\n|upkeep\n|turn|46\n|\n|t:|1698521387\n|cant|p1a: Groudon|ability: Truant\n|move|p2a: Gothitelle|Recycle|p2a: Gothitelle\n|-item|p2a: Gothitelle|Starf Berry|[from] move: Recycle\n|-enditem|p2a: Gothitelle|Starf Berry|[eat]\n|-boost|p2a: Gothitelle|spe|2|[from] item: Starf Berry\n|\n|upkeep\n|turn|47\n|\n|t:|1698521392\n|move|p2a: Gothitelle|Protect|p2a: Gothitelle\n|-singleturn|p2a: Gothitelle|Protect\n|move|p1a: Groudon|Hone Claws|p1a: Groudon\n|-boost|p1a: Groudon|atk|1\n|-boost|p1a: Groudon|accuracy|1\n|\n|upkeep\n|turn|48\n|\n|t:|1698521395\n|cant|p1a: Groudon|ability: Truant\n|move|p2a: Gothitelle|Recycle|p2a: Gothitelle\n|-item|p2a: Gothitelle|Starf Berry|[from] move: Recycle\n|-enditem|p2a: Gothitelle|Starf Berry|[eat]\n|-boost|p2a: Gothitelle|spe|2|[from] item: Starf Berry\n|\n|upkeep\n|turn|49\n|\n|t:|1698521397\n|move|p2a: Gothitelle|Protect|p2a: Gothitelle\n|-singleturn|p2a: Gothitelle|Protect\n|move|p1a: Groudon|Precipice Blades|p2a: Gothitelle\n|-activate|p2a: Gothitelle|move: Protect\n|\n|upkeep\n|turn|50\n|\n|t:|1698521401\n|cant|p1a: Groudon|ability: Truant\n|move|p2a: Gothitelle|Recycle|p2a: Gothitelle\n|-item|p2a: Gothitelle|Starf Berry|[from] move: Recycle\n|-enditem|p2a: Gothitelle|Starf Berry|[eat]\n|-boost|p2a: Gothitelle|spe|2|[from] item: Starf Berry\n|\n|upkeep\n|turn|51\n|\n|t:|1698521410\n|move|p2a: Gothitelle|Protect|p2a: Gothitelle\n|-singleturn|p2a: Gothitelle|Protect\n|move|p1a: Groudon|Rock Polish|p1a: Groudon\n|-boost|p1a: Groudon|spe|0\n|\n|upkeep\n|turn|52\n|\n|t:|1698521418\n|cant|p1a: Groudon|ability: Truant\n|move|p2a: Gothitelle|Dark Pulse|p1a: Groudon\n|-damage|p1a: Groudon|0 fnt\n|faint|p1a: Groudon\n|\n|upkeep\n|\n|t:|1698521424\n|switch|p1a: Ho-Oh|Ho-Oh|100\/100\n|turn|53\n|\n|t:|1698521429\n|move|p2a: Gothitelle|Dark Pulse|p1a: Ho-Oh\n|-damage|p1a: Ho-Oh|55\/100\n|move|p1a: Ho-Oh|Whirlwind|p2a: Gothitelle\n|drag|p2a: Skarmory|Skarmory, F, shiny|49\/100\n|\n|-heal|p2a: Skarmory|55\/100|[from] item: Leftovers\n|upkeep\n|turn|54\n|c|\u2606JustMonika_CARR|Knew it\n|c|\u2606JustMonika_CARR|Been a while since i last saw a whirlwind Ho-oh\n|inactive|JustMonika_CARR has 120 seconds left.\n|c|\u2606JustMonika_CARR|Smart\n|\n|t:|1698521463\n|move|p1a: Ho-Oh|Sacred Fire|p2a: Skarmory\n|-supereffective|p2a: Skarmory\n|-damage|p2a: Skarmory|0 fnt\n|faint|p2a: Skarmory\n|\n|upkeep\n|inactive|JustMonika_CARR has 120 seconds left.\n|\n|t:|1698521475\n|switch|p2a: Deoxys|Deoxys-Speed, shiny|100\/100\n|-ability|p2a: Deoxys|Pressure\n|turn|55\n|\n|t:|1698521491\n|move|p2a: Deoxys|Toxic|p1a: Ho-Oh\n|-status|p1a: Ho-Oh|tox\n|move|p1a: Ho-Oh|Toxic|p2a: Deoxys\n|-status|p2a: Deoxys|tox\n|\n|-damage|p2a: Deoxys|95\/100 tox|[from] psn\n|-damage|p1a: Ho-Oh|49\/100 tox|[from] psn\n|upkeep\n|turn|56\n|c|\u2606JustMonika_CARR|Guess I lose\n|\n|t:|1698521502\n|switch|p1a: Grimmsnarl|Grimmsnarl, M|88\/100\n|move|p2a: Deoxys|Reflect|p2a: Deoxys\n|-sidestart|p2: JustMonika_CARR|Reflect\n|\n|-damage|p2a: Deoxys|83\/100 tox|[from] psn\n|upkeep\n|turn|57\n|\n|t:|1698521508\n|move|p1a: Grimmsnarl|Taunt|p2a: Deoxys\n|-start|p2a: Deoxys|move: Taunt\n|cant|p2a: Deoxys|move: Taunt|Toxic\n|\n|-damage|p2a: Deoxys|65\/100 tox|[from] psn\n|upkeep\n|turn|58\n|\n|t:|1698521525\n|switch|p2a: Durant|Durant, F, shiny|100\/100\n|move|p1a: Grimmsnarl|Light Screen|p1a: Grimmsnarl\n|-sidestart|p1: whaah|move: Light Screen\n|\n|upkeep\n|turn|59\n|\n|t:|1698521531\n|switch|p1a: Ho-Oh|Ho-Oh|83\/100 tox\n|move|p2a: Durant|Iron Head|p1a: Ho-Oh\n|-resisted|p1a: Ho-Oh\n|-damage|p1a: Ho-Oh|71\/100 tox\n|\n|-damage|p1a: Ho-Oh|65\/100 tox|[from] psn\n|upkeep\n|turn|60\n|\n|t:|1698521547\n|switch|p2a: Deoxys|Deoxys-Speed, shiny|65\/100 tox\n|-ability|p2a: Deoxys|Pressure\n|move|p1a: Ho-Oh|Sacred Fire|p2a: Deoxys\n|-damage|p2a: Deoxys|38\/100 tox\n|\n|-damage|p2a: Deoxys|33\/100 tox|[from] psn\n|-damage|p1a: Ho-Oh|53\/100 tox|[from] psn\n|upkeep\n|turn|61\n|\n|t:|1698521557\n|switch|p1a: Xerneas|Xerneas|100\/100\n|-ability|p1a: Xerneas|Fairy Aura\n|move|p2a: Deoxys|Light Screen|p2a: Deoxys\n|-sidestart|p2: JustMonika_CARR|move: Light Screen\n|\n|-damage|p2a: Deoxys|21\/100 tox|[from] psn\n|upkeep\n|turn|62\n|\n|t:|1698521567\n|move|p2a: Deoxys|Toxic|p1a: Xerneas\n|-status|p1a: Xerneas|tox\n|move|p1a: Xerneas|Moonblast|p2a: Deoxys\n|-damage|p2a: Deoxys|0 fnt\n|faint|p2a: Deoxys\n|\n|-damage|p1a: Xerneas|94\/100 tox|[from] psn\n|upkeep\n|\n|t:|1698521580\n|switch|p2a: Durant|Durant, F, shiny|100\/100\n|turn|63\n|\n|t:|1698521601\n|move|p2a: Durant|Entrainment|p1a: Xerneas\n|-endability|p1a: Xerneas|Fairy Aura|[from] move: Entrainment\n|-ability|p1a: Xerneas|Truant|[from] move: Entrainment\n|move|p1a: Xerneas|Aromatherapy|p1a: Xerneas\n|-activate|p1a: Xerneas|move: Aromatherapy\n|-curestatus|p1a: Xerneas|tox|[msg]\n|-curestatus|p1: Ho-Oh|tox|[msg]\n|\n|-sideend|p2: JustMonika_CARR|Reflect\n|upkeep\n|turn|64\n|\n|t:|1698521611\n|switch|p1a: Ho-Oh|Ho-Oh|86\/100\n|cant|p2a: Durant|ability: Truant\n|\n|upkeep\n|turn|65\n|\n|t:|1698521622\n|move|p2a: Durant|Entrainment|p1a: Ho-Oh\n|-endability|p1a: Ho-Oh|Regenerator|[from] move: Entrainment\n|-ability|p1a: Ho-Oh|Truant|[from] move: Entrainment\n|move|p1a: Ho-Oh|Toxic|p2a: Durant\n|-immune|p2a: Durant\n|\n|-sideend|p1: whaah|move: Light Screen\n|upkeep\n|turn|66\n|\n|t:|1698521629\n|switch|p1a: Grimmsnarl|Grimmsnarl, M|88\/100\n|cant|p2a: Durant|ability: Truant\n|\n|upkeep\n|turn|67\n|\n|t:|1698521637\n|move|p1a: Grimmsnarl|Taunt|p2a: Durant\n|-start|p2a: Durant|move: Taunt\n|cant|p2a: Durant|move: Taunt|Entrainment\n|\n|upkeep\n|turn|68\n|\n|t:|1698521650\n|move|p1a: Grimmsnarl|Parting Shot|p2a: Durant\n|-unboost|p2a: Durant|atk|1\n|-unboost|p2a: Durant|spa|1\n|\n|t:|1698521656\n|switch|p1a: Kyurem|Kyurem-Black|100\/100|[from] Parting Shot\n|-ability|p1a: Kyurem|Teravolt\n|cant|p2a: Durant|ability: Truant\n|\n|-sideend|p2: JustMonika_CARR|move: Light Screen\n|upkeep\n|turn|69\n|\n|t:|1698521669\n|-activate|p2a: Durant|move: Struggle\n|move|p2a: Durant|Struggle|p1a: Kyurem\n|-damage|p1a: Kyurem|92\/100\n|-damage|p2a: Durant|75\/100|[from] recoil\n|move|p1a: Kyurem|Icicle Spear|p2a: Durant\n|-resisted|p2a: Durant\n|-damage|p2a: Durant|66\/100\n|-resisted|p2a: Durant\n|-damage|p2a: Durant|57\/100\n|-resisted|p2a: Durant\n|-damage|p2a: Durant|47\/100\n|-resisted|p2a: Durant\n|-damage|p2a: Durant|37\/100\n|-hitcount|p2a: Durant|4\n|\n|-end|p2a: Durant|move: Taunt\n|upkeep\n|turn|70\n|\n|t:|1698521689\n|cant|p2a: Durant|ability: Truant\n|move|p1a: Kyurem|Fusion Bolt|p2a: Durant\n|-damage|p2a: Durant|0 fnt\n|faint|p2a: Durant\n|\n|upkeep\n|\n|t:|1698521696\n|switch|p2a: Gothitelle|Gothitelle, F, shiny|25\/100\n|turn|71\n|\n|t:|1698521707\n|move|p1a: Kyurem|Icicle Spear|p2a: Gothitelle\n|-damage|p2a: Gothitelle|10\/100\n|-crit|p2a: Gothitelle\n|-damage|p2a: Gothitelle|0 fnt\n|faint|p2a: Gothitelle\n|-hitcount|p2: Gothitelle|2\n|\n|upkeep\n|\n|t:|1698521713\n|switch|p2a: Shuckle|Shuckle, M, shiny|100\/100\n|turn|72\n|c|\u2606whaah|gg\n|\n|t:|1698521719\n|move|p1a: Kyurem|Icicle Spear|p2a: Shuckle\n|-damage|p2a: Shuckle|90\/100\n|-damage|p2a: Shuckle|79\/100\n|-damage|p2a: Shuckle|70\/100\n|-damage|p2a: Shuckle|59\/100\n|-hitcount|p2a: Shuckle|4\n|move|p2a: Shuckle|Shell Smash|p2a: Shuckle\n|-boost|p2a: Shuckle|def|1\n|-boost|p2a: Shuckle|spd|1\n|-unboost|p2a: Shuckle|atk|2\n|-unboost|p2a: Shuckle|spa|2\n|-unboost|p2a: Shuckle|spe|2\n|\n|upkeep\n|turn|73\n|\n|t:|1698521731\n|move|p1a: Kyurem|Dragon Dance|p1a: Kyurem\n|-boost|p1a: Kyurem|atk|1\n|-boost|p1a: Kyurem|spe|1\n|move|p2a: Shuckle|Shell Smash|p2a: Shuckle\n|-boost|p2a: Shuckle|def|1\n|-boost|p2a: Shuckle|spd|1\n|-unboost|p2a: Shuckle|atk|2\n|-unboost|p2a: Shuckle|spa|2\n|-unboost|p2a: Shuckle|spe|2\n|\n|upkeep\n|turn|74\n|\n|t:|1698521739\n|move|p1a: Kyurem|Icicle Spear|p2a: Shuckle\n|-damage|p2a: Shuckle|51\/100\n|-damage|p2a: Shuckle|44\/100\n|-damage|p2a: Shuckle|35\/100\n|-damage|p2a: Shuckle|25\/100\n|-hitcount|p2a: Shuckle|4\n|move|p2a: Shuckle|Shell Smash|p2a: Shuckle\n|-boost|p2a: Shuckle|def|1\n|-boost|p2a: Shuckle|spd|1\n|-unboost|p2a: Shuckle|atk|2\n|-unboost|p2a: Shuckle|spa|2\n|-unboost|p2a: Shuckle|spe|2\n|\n|upkeep\n|turn|75\n|\n|t:|1698521754\n|move|p1a: Kyurem|Fusion Bolt|p2a: Shuckle\n|-damage|p2a: Shuckle|10\/100\n|move|p2a: Shuckle|Rest|p2a: Shuckle\n|-status|p2a: Shuckle|slp|[from] move: Rest\n|-heal|p2a: Shuckle|100\/100 slp|[silent]\n|-enditem|p2a: Shuckle|Chesto Berry|[eat]\n|-curestatus|p2a: Shuckle|slp|[msg]\n|\n|upkeep\n|turn|76\n|\n|t:|1698521769\n|move|p1a: Kyurem|Dragon Dance|p1a: Kyurem\n|-boost|p1a: Kyurem|atk|1\n|-boost|p1a: Kyurem|spe|1\n|move|p2a: Shuckle|Toxic|p1a: Kyurem\n|-status|p1a: Kyurem|tox\n|\n|-damage|p1a: Kyurem|86\/100 tox|[from] psn\n|upkeep\n|turn|77\n|\n|t:|1698521781\n|move|p1a: Kyurem|Iron Head|p2a: Shuckle\n|-supereffective|p2a: Shuckle\n|-damage|p2a: Shuckle|68\/100\n|move|p2a: Shuckle|Shell Smash|p2a: Shuckle\n|-boost|p2a: Shuckle|def|1\n|-boost|p2a: Shuckle|spd|1\n|-unboost|p2a: Shuckle|atk|0\n|-unboost|p2a: Shuckle|spa|0\n|-unboost|p2a: Shuckle|spe|0\n|\n|-damage|p1a: Kyurem|74\/100 tox|[from] psn\n|upkeep\n|turn|78\n|\n|t:|1698521791\n|switch|p1a: Xerneas|Xerneas|94\/100\n|-ability|p1a: Xerneas|Fairy Aura\n|-terastallize|p2a: Shuckle|Electric\n|move|p2a: Shuckle|Shell Smash|p2a: Shuckle\n|-boost|p2a: Shuckle|def|1\n|-boost|p2a: Shuckle|spd|1\n|-unboost|p2a: Shuckle|atk|0\n|-unboost|p2a: Shuckle|spa|0\n|-unboost|p2a: Shuckle|spe|0\n|\n|upkeep\n|turn|79\n|\n|t:|1698521806\n|move|p1a: Xerneas|Aromatherapy|p1a: Xerneas\n|-activate|p1a: Xerneas|move: Aromatherapy\n|-curestatus|p1: Kyurem|tox|[msg]\n|move|p2a: Shuckle|Infestation|p1a: Xerneas\n|-resisted|p1a: Xerneas\n|-damage|p1a: Xerneas|94\/100\n|-activate|p1a: Xerneas|move: Infestation|[of] p2a: Shuckle\n|\n|-damage|p1a: Xerneas|82\/100|[from] move: Infestation|[partiallytrapped]\n|upkeep\n|turn|80\n|\n|t:|1698521816\n|move|p1a: Xerneas|Geomancy||[still]\n|-prepare|p1a: Xerneas|Geomancy\n|-enditem|p1a: Xerneas|Power Herb\n|-anim|p1a: Xerneas|Geomancy|p1a: Xerneas\n|-boost|p1a: Xerneas|spa|2\n|-boost|p1a: Xerneas|spd|2\n|-boost|p1a: Xerneas|spe|2\n|move|p2a: Shuckle|Shell Smash|p2a: Shuckle\n|-boost|p2a: Shuckle|def|1\n|-boost|p2a: Shuckle|spd|1\n|-unboost|p2a: Shuckle|atk|0\n|-unboost|p2a: Shuckle|spa|0\n|-unboost|p2a: Shuckle|spe|0\n|\n|-damage|p1a: Xerneas|69\/100|[from] move: Infestation|[partiallytrapped]\n|upkeep\n|turn|81\n|\n|t:|1698521827\n|move|p1a: Xerneas|Moonblast|p2a: Shuckle\n|-damage|p2a: Shuckle|47\/100\n|move|p2a: Shuckle|Toxic|p1a: Xerneas\n|-status|p1a: Xerneas|tox\n|\n|-damage|p1a: Xerneas|63\/100 tox|[from] psn\n|-damage|p1a: Xerneas|51\/100 tox|[from] move: Infestation|[partiallytrapped]\n|upkeep\n|turn|82\n|\n|t:|1698521842\n|move|p1a: Xerneas|Moonblast|p2a: Shuckle\n|-damage|p2a: Shuckle|28\/100\n|-boost|p2a: Shuckle|spa|1\n|move|p2a: Shuckle|Infestation|p1a: Xerneas\n|-resisted|p1a: Xerneas\n|-damage|p1a: Xerneas|51\/100 tox\n|\n|-damage|p1a: Xerneas|38\/100 tox|[from] psn\n|-damage|p1a: Xerneas|26\/100 tox|[from] move: Infestation|[partiallytrapped]\n|upkeep\n|turn|83\n|\n|t:|1698521851\n|move|p1a: Xerneas|Aromatherapy|p1a: Xerneas\n|-activate|p1a: Xerneas|move: Aromatherapy\n|-curestatus|p1a: Xerneas|tox|[msg]\n|move|p2a: Shuckle|Rest|p2a: Shuckle\n|-status|p2a: Shuckle|slp|[from] move: Rest\n|-heal|p2a: Shuckle|100\/100 slp|[silent]\n|\n|-damage|p1a: Xerneas|14\/100|[from] move: Infestation|[partiallytrapped]\n|upkeep\n|turn|84\n|\n|t:|1698521859\n|move|p1a: Xerneas|Geomancy||[still]\n|-prepare|p1a: Xerneas|Geomancy\n|cant|p2a: Shuckle|slp\n|\n|-end|p1a: Xerneas|Infestation|[partiallytrapped]\n|upkeep\n|turn|85\n|\n|t:|1698521864\n|move|p1a: Xerneas|Geomancy|p1a: Xerneas|[from]lockedmove\n|-boost|p1a: Xerneas|spa|2\n|-boost|p1a: Xerneas|spd|2\n|-boost|p1a: Xerneas|spe|2\n|cant|p2a: Shuckle|slp\n|\n|upkeep\n|turn|86\n|\n|t:|1698521878\n|move|p1a: Xerneas|Moonblast|p2a: Shuckle\n|-damage|p2a: Shuckle|72\/100 slp\n|-curestatus|p2a: Shuckle|slp|[msg]\n|move|p2a: Shuckle|Infestation|p1a: Xerneas\n|-resisted|p1a: Xerneas\n|-damage|p1a: Xerneas|13\/100\n|-activate|p1a: Xerneas|move: Infestation|[of] p2a: Shuckle\n|\n|-damage|p1a: Xerneas|1\/100|[from] move: Infestation|[partiallytrapped]\n|upkeep\n|turn|87\n|\n|t:|1698521893\n|move|p1a: Xerneas|Moonblast|p2a: Shuckle\n|-damage|p2a: Shuckle|40\/100\n|-boost|p2a: Shuckle|spa|1\n|move|p2a: Shuckle|Toxic|p1a: Xerneas\n|-status|p1a: Xerneas|tox\n|\n|-damage|p1a: Xerneas|0 fnt|[from] psn\n|faint|p1a: Xerneas\n|upkeep\n|\n|t:|1698521904\n|switch|p1a: Grimmsnarl|Grimmsnarl, M|88\/100\n|turn|88\n|\n|t:|1698521921\n|move|p1a: Grimmsnarl|Taunt|p2a: Shuckle\n|-start|p2a: Shuckle|move: Taunt\n|move|p2a: Shuckle|Infestation|p1a: Grimmsnarl\n|-damage|p1a: Grimmsnarl|87\/100\n|-activate|p1a: Grimmsnarl|move: Infestation|[of] p2a: Shuckle\n|\n|-damage|p1a: Grimmsnarl|75\/100|[from] move: Infestation|[partiallytrapped]\n|upkeep\n|turn|89\n|\n|t:|1698521935\n|move|p1a: Grimmsnarl|Light Screen|p1a: Grimmsnarl\n|-sidestart|p1: whaah|move: Light Screen\n|move|p2a: Shuckle|Infestation|p1a: Grimmsnarl\n|-damage|p1a: Grimmsnarl|75\/100\n|\n|-damage|p1a: Grimmsnarl|62\/100|[from] move: Infestation|[partiallytrapped]\n|upkeep\n|turn|90\n|\n|t:|1698521940\n|move|p1a: Grimmsnarl|Reflect|p1a: Grimmsnarl\n|-sidestart|p1: whaah|Reflect\n|move|p2a: Shuckle|Infestation|p1a: Grimmsnarl\n|-damage|p1a: Grimmsnarl|62\/100\n|\n|-damage|p1a: Grimmsnarl|49\/100|[from] move: Infestation|[partiallytrapped]\n|-end|p2a: Shuckle|move: Taunt\n|upkeep\n|turn|91\n|\n|t:|1698521959\n|move|p1a: Grimmsnarl|Parting Shot|p2a: Shuckle\n|-boost|p2a: Shuckle|atk|1\n|-boost|p2a: Shuckle|spa|1\n|\n|t:|1698521964\n|switch|p1a: Ho-Oh|Ho-Oh|86\/100|[from] Parting Shot\n|move|p2a: Shuckle|Infestation|p1a: Ho-Oh\n|-resisted|p1a: Ho-Oh\n|-crit|p1a: Ho-Oh\n|-damage|p1a: Ho-Oh|86\/100\n|-activate|p1a: Ho-Oh|move: Infestation|[of] p2a: Shuckle\n|\n|-damage|p1a: Ho-Oh|74\/100|[from] move: Infestation|[partiallytrapped]\n|upkeep\n|turn|92\n|\n|t:|1698521975\n|move|p1a: Ho-Oh|Toxic|p2a: Shuckle\n|-status|p2a: Shuckle|tox\n|move|p2a: Shuckle|Toxic|p1a: Ho-Oh\n|-status|p1a: Ho-Oh|tox\n|\n|-damage|p1a: Ho-Oh|68\/100 tox|[from] psn\n|-damage|p2a: Shuckle|34\/100 tox|[from] psn\n|-damage|p1a: Ho-Oh|55\/100 tox|[from] move: Infestation|[partiallytrapped]\n|upkeep\n|turn|93\n|\n|t:|1698521985\n|move|p1a: Ho-Oh|Sacred Fire|p2a: Shuckle\n|-damage|p2a: Shuckle|27\/100 tox\n|move|p2a: Shuckle|Rest|p2a: Shuckle\n|-status|p2a: Shuckle|slp|[from] move: Rest\n|-heal|p2a: Shuckle|100\/100 slp|[silent]\n|\n|-damage|p1a: Ho-Oh|43\/100 tox|[from] psn\n|-damage|p1a: Ho-Oh|31\/100 tox|[from] move: Infestation|[partiallytrapped]\n|upkeep\n|turn|94\n|\n|t:|1698521995\n|cant|p2a: Shuckle|slp\n|move|p1a: Ho-Oh|Whirlwind||[still]\n|-fail|p1a: Ho-Oh\n|\n|-damage|p1a: Ho-Oh|13\/100 tox|[from] psn\n|-damage|p1a: Ho-Oh|1\/100 tox|[from] move: Infestation|[partiallytrapped]\n|upkeep\n|turn|95\n|\n|t:|1698522002\n|move|p1a: Ho-Oh|Sacred Fire|p2a: Shuckle\n|-damage|p2a: Shuckle|93\/100 slp\n|cant|p2a: Shuckle|slp\n|\n|-damage|p1a: Ho-Oh|0 fnt|[from] psn\n|faint|p1a: Ho-Oh\n|upkeep\n|\n|t:|1698522012\n|switch|p1a: Necrozma|Necrozma-Dusk-Mane|100\/100\n|turn|96\n|\n|t:|1698522018\n|move|p1a: Necrozma|Dragon Dance|p1a: Necrozma\n|-boost|p1a: Necrozma|atk|1\n|-boost|p1a: Necrozma|spe|1\n|-curestatus|p2a: Shuckle|slp|[msg]\n|move|p2a: Shuckle|Infestation|p1a: Necrozma\n|-damage|p1a: Necrozma|99\/100\n|-activate|p1a: Necrozma|move: Infestation|[of] p2a: Shuckle\n|\n|-damage|p1a: Necrozma|88\/100|[from] move: Infestation|[partiallytrapped]\n|-sideend|p1: whaah|move: Light Screen\n|upkeep\n|turn|97\n|inactive|whaah has 120 seconds left.\n|\n|t:|1698522039\n|move|p1a: Necrozma|Dragon Dance|p1a: Necrozma\n|-boost|p1a: Necrozma|atk|1\n|-boost|p1a: Necrozma|spe|1\n|move|p2a: Shuckle|Shell Smash|p2a: Shuckle\n|-boost|p2a: Shuckle|def|0\n|-boost|p2a: Shuckle|spd|0\n|-unboost|p2a: Shuckle|atk|1\n|-unboost|p2a: Shuckle|spa|2\n|-unboost|p2a: Shuckle|spe|0\n|\n|-damage|p1a: Necrozma|75\/100|[from] move: Infestation|[partiallytrapped]\n|-sideend|p1: whaah|Reflect\n|upkeep\n|turn|98\n|\n|t:|1698522054\n|move|p1a: Necrozma|Dragon Dance|p1a: Necrozma\n|-boost|p1a: Necrozma|atk|1\n|-boost|p1a: Necrozma|spe|1\n|move|p2a: Shuckle|Shell Smash|p2a: Shuckle\n|-boost|p2a: Shuckle|def|0\n|-boost|p2a: Shuckle|spd|0\n|-unboost|p2a: Shuckle|atk|0\n|-unboost|p2a: Shuckle|spa|1\n|-unboost|p2a: Shuckle|spe|0\n|\n|-damage|p1a: Necrozma|63\/100|[from] move: Infestation|[partiallytrapped]\n|upkeep\n|turn|99\n|\n|t:|1698522066\n|move|p1a: Necrozma|Earthquake|p2a: Shuckle\n|-supereffective|p2a: Shuckle\n|-damage|p2a: Shuckle|60\/100\n|move|p2a: Shuckle|Shell Smash|p2a: Shuckle\n|-boost|p2a: Shuckle|def|0\n|-boost|p2a: Shuckle|spd|0\n|-unboost|p2a: Shuckle|atk|0\n|-unboost|p2a: Shuckle|spa|0\n|-unboost|p2a: Shuckle|spe|0\n|\n|-damage|p1a: Necrozma|51\/100|[from] move: Infestation|[partiallytrapped]\n|upkeep\n|turn|100\n|inactive|JustMonika_CARR has 120 seconds left.\n|\n|t:|1698522088\n|move|p1a: Necrozma|Earthquake|p2a: Shuckle\n|-supereffective|p2a: Shuckle\n|-crit|p2a: Shuckle\n|-damage|p2a: Shuckle|0 fnt\n|faint|p2a: Shuckle\n|\n|win|whaah\n|raw|whaah's rating: 1370 &rarr; <strong>1398<\/strong><br \/>(+28 for winning)\n|raw|JustMonika_CARR's rating: 1511 &rarr; <strong>1483<\/strong><br \/>(-28 for losing)\n|c|\u2606JustMonika_CARR|Lmao\n|c|\u2606JustMonika_CARR|gg\n|l|\u2606JustMonika_CARR\n|c|\u2606whaah|gg\n","uploadtime":1698522170,"views":7,"p1id":"whaah","p2id":"justmonikacarr","formatid":"gen9nationaldexubers","rating":1398,"private":0,"password":""}