{"id":"gen9nationaldexubers-1995126761","p1":"Vahdrak","p2":"Jamesccar2","format":"[Gen 9] National Dex Ubers","log":"|j|\u203dVahdrak\n|j|\u203dJamesccar2\n|t:|1700525520\n|gametype|singles\n|player|p1|Vahdrak|ingo|\n|player|p2|Jamesccar2|brycen|\n|teamsize|p1|6\n|teamsize|p2|6\n|gen|9\n|tier|[Gen 9] National Dex Ubers\n|rule|HP Percentage Mod: HP is shown in percentages\n|rule|Endless Battle Clause: Forcing endless battles is banned\n|rule|OHKO Clause: OHKO moves are banned\n|rule|Evasion Moves Clause: Evasion moves are banned\n|rule|Evasion Items Clause: Evasion items are banned\n|rule|Species Clause: Limit one of each Pok\u00e9mon\n|rule|Sleep Clause Mod: Limit one foe put to sleep\n|rule|Mega Rayquaza Clause: You cannot mega evolve Rayquaza\n|clearpoke\n|poke|p1|Cetitan, M|\n|poke|p1|Ursaluna-Bloodmoon, M|\n|poke|p1|Iron Bundle|\n|poke|p1|Abomasnow, M|\n|poke|p1|Kilowattrel, M|\n|poke|p1|Scream Tail|\n|poke|p2|Glimmora, F|\n|poke|p2|Rotom-Frost|\n|poke|p2|Quaquaval, M|\n|poke|p2|Ceruledge, M|\n|poke|p2|Lucario, M|\n|poke|p2|Kingambit, M|\n|teampreview\n|inactive|Battle timer is ON: inactive players will automatically lose when time's up. (requested by Vahdrak)\n|\n|t:|1700525529\n|start\n|switch|p1a: Abomasnow|Abomasnow, M, shiny|100\/100\n|switch|p2a: Glimmora|Glimmora, F, shiny|100\/100\n|-weather|Snow|[from] ability: Snow Warning|[of] p1a: Abomasnow\n|turn|1\n|\n|t:|1700525537\n|move|p2a: Glimmora|Stealth Rock|p1a: Abomasnow\n|-sidestart|p1: Vahdrak|move: Stealth Rock\n|move|p1a: Abomasnow|Aurora Veil|p1a: Abomasnow\n|-sidestart|p1: Vahdrak|move: Aurora Veil\n|\n|-weather|Snow|[upkeep]\n|upkeep\n|turn|2\n|\n|t:|1700525544\n|switch|p1a: Iron Bundle|Iron Bundle|100\/100\n|move|p2a: Glimmora|Mortal Spin|p1a: Iron Bundle\n|-damage|p1a: Iron Bundle|98\/100\n|-status|p1a: Iron Bundle|psn\n|\n|-weather|Snow|[upkeep]\n|-damage|p1a: Iron Bundle|85\/100 psn|[from] psn\n|upkeep\n|turn|3\n|\n|t:|1700525558\n|move|p2a: Glimmora|Spiky Shield|p2a: Glimmora\n|-singleturn|p2a: Glimmora|move: Protect\n|move|p1a: Iron Bundle|Taunt|p2a: Glimmora\n|-activate|p2a: Glimmora|move: Protect\n|\n|-weather|Snow|[upkeep]\n|-damage|p1a: Iron Bundle|73\/100 psn|[from] psn\n|upkeep\n|turn|4\n|inactive|Jamesccar2 has 270 seconds left.\n|\n|t:|1700525594\n|switch|p2a: Lucario|Lucario, M, shiny|100\/100\n|move|p1a: Iron Bundle|Taunt|p2a: Lucario\n|-start|p2a: Lucario|move: Taunt\n|\n|-weather|Snow|[upkeep]\n|-damage|p1a: Iron Bundle|61\/100 psn|[from] psn\n|upkeep\n|turn|5\n|inactive|Jamesccar2 has 270 seconds left.\n|\n|t:|1700525605\n|-end|p1a: Iron Bundle|Quark Drive|[silent]\n|switch|p1a: Cetitan|Cetitan, M|100\/100\n|-damage|p1a: Cetitan|76\/100|[from] Stealth Rock\n|move|p2a: Lucario|Close Combat|p1a: Cetitan\n|-supereffective|p1a: Cetitan\n|-crit|p1a: Cetitan\n|-damage|p1a: Cetitan|0 fnt\n|-unboost|p2a: Lucario|def|1\n|-unboost|p2a: Lucario|spd|1\n|faint|p1a: Cetitan\n|-damage|p2a: Lucario|91\/100|[from] item: Life Orb\n|\n|-weather|Snow|[upkeep]\n|-sideend|p1: Vahdrak|move: Aurora Veil\n|upkeep\n|inactive|Vahdrak has 270 seconds left.\n|\n|t:|1700525641\n|switch|p1a: Abomasnow|Abomasnow, M, shiny|100\/100\n|-damage|p1a: Abomasnow|76\/100|[from] Stealth Rock\n|turn|6\n|\n|t:|1700525649\n|move|p2a: Lucario|Meteor Mash|p1a: Abomasnow|[miss]\n|-miss|p2a: Lucario|p1a: Abomasnow\n|move|p1a: Abomasnow|Earth Power|p2a: Lucario\n|-supereffective|p2a: Lucario\n|-damage|p2a: Lucario|0 fnt\n|faint|p2a: Lucario\n|\n|-weather|Snow|[upkeep]\n|upkeep\n|\n|t:|1700525653\n|switch|p2a: Ceruledge|Ceruledge, M, shiny|100\/100\n|turn|7\n|inactive|Vahdrak has 270 seconds left.\n|\n|t:|1700525670\n|switch|p1a: Iron Bundle|Iron Bundle|61\/100 psn\n|move|p2a: Ceruledge|Bulk Up|p2a: Ceruledge\n|-boost|p2a: Ceruledge|atk|1\n|-boost|p2a: Ceruledge|def|1\n|\n|-weather|Snow|[upkeep]\n|-damage|p1a: Iron Bundle|49\/100 psn|[from] psn\n|upkeep\n|turn|8\n|inactive|Vahdrak has 270 seconds left.\n|\n|t:|1700525682\n|move|p1a: Iron Bundle|Hydro Pump|p2a: Ceruledge\n|-supereffective|p2a: Ceruledge\n|-damage|p2a: Ceruledge|17\/100\n|move|p2a: Ceruledge|Bitter Blade|p1a: Iron Bundle\n|-damage|p1a: Iron Bundle|1\/100 psn\n|-heal|p2a: Ceruledge|34\/100|[from] drain|[of] p1a: Iron Bundle\n|\n|-weather|none\n|-damage|p1a: Iron Bundle|0 fnt|[from] psn\n|faint|p1a: Iron Bundle\n|-end|p1a: Iron Bundle|Quark Drive|[silent]\n|upkeep\n|inactive|Vahdrak has 270 seconds left.\n|\n|t:|1700525697\n|switch|p1a: Kilowattrel|Kilowattrel, M|100\/100\n|turn|9\n|\n|t:|1700525708\n|move|p2a: Ceruledge|Shadow Sneak|p1a: Kilowattrel\n|-damage|p1a: Kilowattrel|55\/100\n|move|p1a: Kilowattrel|Thunderbolt|p2a: Ceruledge\n|-damage|p2a: Ceruledge|7\/100\n|\n|upkeep\n|turn|10\n|inactive|Vahdrak has 270 seconds left.\n|\n|t:|1700525717\n|move|p2a: Ceruledge|Shadow Sneak|p1a: Kilowattrel\n|-crit|p1a: Kilowattrel\n|-damage|p1a: Kilowattrel|0 fnt\n|faint|p1a: Kilowattrel\n|\n|upkeep\n|inactive|Vahdrak has 270 seconds left.\n|\n|t:|1700525724\n|switch|p1a: Scream Tail|Scream Tail|100\/100\n|-damage|p1a: Scream Tail|88\/100|[from] Stealth Rock\n|turn|11\n|\n|t:|1700525731\n|move|p2a: Ceruledge|Shadow Sneak|p1a: Scream Tail\n|-supereffective|p1a: Scream Tail\n|-damage|p1a: Scream Tail|51\/100\n|move|p1a: Scream Tail|Dazzling Gleam|p2a: Ceruledge\n|-resisted|p2a: Ceruledge\n|-damage|p2a: Ceruledge|0 fnt\n|faint|p2a: Ceruledge\n|\n|-heal|p1a: Scream Tail|57\/100|[from] item: Leftovers\n|upkeep\n|\n|t:|1700525736\n|switch|p2a: Glimmora|Glimmora, F, shiny|100\/100\n|turn|12\n|\n|t:|1700525748\n|-end|p1a: Scream Tail|Protosynthesis|[silent]\n|switch|p1a: Ursaluna|Ursaluna-Bloodmoon, M|100\/100\n|-damage|p1a: Ursaluna|95\/100|[from] Stealth Rock\n|move|p2a: Glimmora|Mortal Spin|p1a: Ursaluna\n|-resisted|p1a: Ursaluna\n|-damage|p1a: Ursaluna|92\/100\n|-status|p1a: Ursaluna|psn\n|\n|-heal|p1a: Ursaluna|98\/100 psn|[from] item: Leftovers\n|-damage|p1a: Ursaluna|86\/100 psn|[from] psn\n|upkeep\n|turn|13\n|\n|t:|1700525770\n|move|p2a: Glimmora|Earth Power|p1a: Ursaluna\n|-damage|p1a: Ursaluna|53\/100 psn\n|move|p1a: Ursaluna|Earth Power|p2a: Glimmora\n|-supereffective|p2a: Glimmora\n|-enditem|p2a: Glimmora|Focus Sash\n|-damage|p2a: Glimmora|1\/100\n|\n|-heal|p1a: Ursaluna|59\/100 psn|[from] item: Leftovers\n|-damage|p1a: Ursaluna|47\/100 psn|[from] psn\n|upkeep\n|turn|14\n|\n|t:|1700525784\n|move|p2a: Glimmora|Spiky Shield|p2a: Glimmora\n|-singleturn|p2a: Glimmora|move: Protect\n|move|p1a: Ursaluna|Moonlight|p1a: Ursaluna\n|-heal|p1a: Ursaluna|97\/100 psn\n|\n|-heal|p1a: Ursaluna|100\/100 psn|[from] item: Leftovers\n|-damage|p1a: Ursaluna|88\/100 psn|[from] psn\n|upkeep\n|turn|15\n|\n|t:|1700525796\n|move|p2a: Glimmora|Earth Power|p1a: Ursaluna\n|-damage|p1a: Ursaluna|53\/100 psn\n|move|p1a: Ursaluna|Earth Power|p2a: Glimmora\n|-supereffective|p2a: Glimmora\n|-damage|p2a: Glimmora|0 fnt\n|faint|p2a: Glimmora\n|\n|-heal|p1a: Ursaluna|59\/100 psn|[from] item: Leftovers\n|-damage|p1a: Ursaluna|47\/100 psn|[from] psn\n|upkeep\n|\n|t:|1700525802\n|switch|p2a: Quaquaval|Quaquaval, M, shiny|100\/100\n|turn|16\n|\n|t:|1700525815\n|switch|p1a: Abomasnow|Abomasnow, M, shiny|76\/100\n|-damage|p1a: Abomasnow|51\/100|[from] Stealth Rock\n|-weather|Snow|[from] ability: Snow Warning|[of] p1a: Abomasnow\n|move|p2a: Quaquaval|Aqua Step|p1a: Abomasnow\n|-resisted|p1a: Abomasnow\n|-damage|p1a: Abomasnow|34\/100\n|-boost|p2a: Quaquaval|spe|1\n|\n|-weather|Snow|[upkeep]\n|upkeep\n|turn|17\n|inactive|Vahdrak has 270 seconds left.\n|\n|t:|1700525840\n|move|p2a: Quaquaval|Aqua Step|p1a: Abomasnow\n|-resisted|p1a: Abomasnow\n|-damage|p1a: Abomasnow|18\/100\n|-boost|p2a: Quaquaval|spe|1\n|move|p1a: Abomasnow|Leaf Storm|p2a: Quaquaval\n|-supereffective|p2a: Quaquaval\n|-damage|p2a: Quaquaval|0 fnt\n|-unboost|p1a: Abomasnow|spa|2\n|faint|p2a: Quaquaval\n|\n|-weather|Snow|[upkeep]\n|upkeep\n|\n|t:|1700525850\n|switch|p2a: Rotom|Rotom-Frost, shiny|100\/100\n|turn|18\n|\n|t:|1700525866\n|-terastallize|p2a: Rotom|Electric\n|move|p2a: Rotom|Volt Switch|p1a: Abomasnow\n|-resisted|p1a: Abomasnow\n|-damage|p1a: Abomasnow|0 fnt\n|faint|p1a: Abomasnow\n|\n|t:|1700525871\n|switch|p2a: Kingambit|Kingambit, M, shiny|100\/100|[from] Volt Switch\n|-activate|p2a: Kingambit|ability: Supreme Overlord\n|-start|p2a: Kingambit|fallen4|[silent]\n|\n|-weather|Snow|[upkeep]\n|upkeep\n|\n|t:|1700525878\n|switch|p1a: Ursaluna|Ursaluna-Bloodmoon, M|47\/100 psn\n|-damage|p1a: Ursaluna|41\/100 psn|[from] Stealth Rock\n|turn|19\n|\n|t:|1700525888\n|-end|p2a: Kingambit|fallen4|[silent]\n|switch|p2a: Rotom|Rotom-Frost, shiny, tera:Electric|100\/100\n|move|p1a: Ursaluna|Moonlight|p1a: Ursaluna\n|-heal|p1a: Ursaluna|66\/100 psn\n|\n|-weather|Snow|[upkeep]\n|-heal|p1a: Ursaluna|72\/100 psn|[from] item: Leftovers\n|-damage|p1a: Ursaluna|60\/100 psn|[from] psn\n|upkeep\n|turn|20\n|\n|t:|1700525898\n|move|p2a: Rotom|Blizzard|p1a: Ursaluna\n|-supereffective|p1a: Ursaluna\n|-crit|p1a: Ursaluna\n|-damage|p1a: Ursaluna|0 fnt\n|faint|p1a: Ursaluna\n|\n|-weather|Snow|[upkeep]\n|upkeep\n|\n|t:|1700525901\n|switch|p1a: Scream Tail|Scream Tail|57\/100\n|-damage|p1a: Scream Tail|45\/100|[from] Stealth Rock\n|turn|21\n|\n|t:|1700525914\n|move|p1a: Scream Tail|Wish|p1a: Scream Tail\n|move|p2a: Rotom|Thunderbolt|p1a: Scream Tail\n|-damage|p1a: Scream Tail|8\/100\n|-status|p1a: Scream Tail|par\n|\n|-weather|Snow|[upkeep]\n|-heal|p1a: Scream Tail|14\/100 par|[from] item: Leftovers\n|upkeep\n|turn|22\n|\n|t:|1700525923\n|move|p1a: Scream Tail|Protect|p1a: Scream Tail\n|-singleturn|p1a: Scream Tail|Protect\n|move|p2a: Rotom|Thunderbolt|p1a: Scream Tail\n|-activate|p1a: Scream Tail|move: Protect\n|\n|-weather|Snow|[upkeep]\n|-heal|p1a: Scream Tail|64\/100 par|[from] move: Wish|[wisher] Scream Tail\n|-heal|p1a: Scream Tail|71\/100 par|[from] item: Leftovers\n|upkeep\n|turn|23\n|\n|t:|1700525932\n|move|p2a: Rotom|Will-O-Wisp||[still]\n|-fail|p2a: Rotom\n|move|p1a: Scream Tail|Wish|p1a: Scream Tail\n|\n|-weather|none\n|-heal|p1a: Scream Tail|77\/100 par|[from] item: Leftovers\n|upkeep\n|turn|24\n|\n|t:|1700525938\n|move|p1a: Scream Tail|Protect|p1a: Scream Tail\n|-singleturn|p1a: Scream Tail|Protect\n|move|p2a: Rotom|Blizzard|p1a: Scream Tail\n|-activate|p1a: Scream Tail|move: Protect\n|\n|-heal|p1a: Scream Tail|100\/100 par|[from] move: Wish|[wisher] Scream Tail\n|upkeep\n|turn|25\n|\n|t:|1700525946\n|move|p2a: Rotom|Thunderbolt|p1a: Scream Tail\n|-damage|p1a: Scream Tail|64\/100 par\n|cant|p1a: Scream Tail|par\n|\n|-heal|p1a: Scream Tail|70\/100 par|[from] item: Leftovers\n|upkeep\n|turn|26\n|\n|t:|1700525957\n|move|p2a: Rotom|Blizzard|p1a: Scream Tail\n|-damage|p1a: Scream Tail|35\/100 par\n|move|p1a: Scream Tail|Dazzling Gleam|p2a: Rotom\n|-damage|p2a: Rotom|76\/100\n|\n|-heal|p1a: Scream Tail|42\/100 par|[from] item: Leftovers\n|upkeep\n|turn|27\n|\n|t:|1700525963\n|move|p2a: Rotom|Thunderbolt|p1a: Scream Tail\n|-crit|p1a: Scream Tail\n|-damage|p1a: Scream Tail|0 fnt\n|faint|p1a: Scream Tail\n|-end|p1a: Scream Tail|Protosynthesis|[silent]\n|\n|win|Jamesccar2\n|l|\u203dVahdrak\n","uploadtime":1700525971,"views":17,"p1id":"vahdrak","p2id":"jamesccar2","formatid":"gen9nationaldexubers","rating":0,"private":0,"password":""}