{"id":"gen9nationaldexubers-1983505141","p1":"Hazervex2.0","p2":"Dynomite101","format":"[Gen 9] National Dex Ubers","log":"|j|\u2606Hazervex2.0\n|j|\u2606Dynomite101\n|t:|1699137369\n|gametype|singles\n|player|p1|Hazervex2.0|giovanni|1219\n|player|p2|Dynomite101|nate|1346\n|teamsize|p1|6\n|teamsize|p2|6\n|gen|9\n|tier|[Gen 9] National Dex Ubers\n|rated|\n|rule|HP Percentage Mod: HP is shown in percentages\n|rule|Endless Battle Clause: Forcing endless battles is banned\n|rule|OHKO Clause: OHKO moves are banned\n|rule|Evasion Moves Clause: Evasion moves are banned\n|rule|Evasion Items Clause: Evasion items are banned\n|rule|Species Clause: Limit one of each Pok\u00e9mon\n|rule|Sleep Clause Mod: Limit one foe put to sleep\n|rule|Mega Rayquaza Clause: You cannot mega evolve Rayquaza\n|clearpoke\n|poke|p1|Empoleon, M|\n|poke|p1|Garchomp, M|\n|poke|p1|Toxicroak, M|\n|poke|p1|Staraptor, M|\n|poke|p1|Abomasnow, M|\n|poke|p1|Gengar, M|\n|poke|p2|Garchomp, M|\n|poke|p2|Charizard, M|\n|poke|p2|Scizor, M|\n|poke|p2|Greninja-*, M|\n|poke|p2|Aegislash, M|\n|poke|p2|Grimmsnarl, M|\n|teampreview\n|inactive|Battle timer is ON: inactive players will automatically lose when time's up. (requested by Dynomite101)\n|\n|t:|1699137395\n|start\n|switch|p1a: Abomasnow|Abomasnow, M|100\/100\n|switch|p2a: Grim|Grimmsnarl, M|100\/100\n|-weather|Snow|[from] ability: Snow Warning|[of] p1a: Abomasnow\n|turn|1\n|\n|t:|1699137403\n|move|p1a: Abomasnow|Aurora Veil|p1a: Abomasnow\n|-sidestart|p1: Hazervex2.0|move: Aurora Veil\n|move|p2a: Grim|Spirit Break|p1a: Abomasnow\n|-damage|p1a: Abomasnow|90\/100\n|-unboost|p1a: Abomasnow|spa|1\n|\n|-weather|Snow|[upkeep]\n|upkeep\n|turn|2\n|\n|t:|1699137417\n|switch|p1a: Garchomp|Garchomp, M|100\/100\n|move|p2a: Grim|Light Screen|p2a: Grim\n|-sidestart|p2: Dynomite101|move: Light Screen\n|\n|-weather|Snow|[upkeep]\n|upkeep\n|turn|3\n|\n|t:|1699137423\n|detailschange|p1a: Garchomp|Garchomp-Mega, M\n|-mega|p1a: Garchomp|Garchomp|Garchompite\n|move|p1a: Garchomp|Swords Dance|p1a: Garchomp\n|-boost|p1a: Garchomp|atk|2\n|move|p2a: Grim|Spirit Break|p1a: Garchomp\n|-supereffective|p1a: Garchomp\n|-damage|p1a: Garchomp|77\/100\n|-unboost|p1a: Garchomp|spa|1\n|\n|-weather|Snow|[upkeep]\n|upkeep\n|turn|4\n|\n|t:|1699137433\n|move|p2a: Grim|Reflect|p2a: Grim\n|-sidestart|p2: Dynomite101|Reflect\n|move|p1a: Garchomp|Earthquake|p2a: Grim\n|-damage|p2a: Grim|27\/100\n|\n|-weather|Snow|[upkeep]\n|upkeep\n|turn|5\n|\n|t:|1699137441\n|switch|p2a: Ceasar|Charizard, M, shiny|100\/100\n|move|p1a: Garchomp|Fire Fang|p2a: Ceasar\n|-resisted|p2a: Ceasar\n|-damage|p2a: Ceasar|82\/100\n|\n|-weather|none\n|upkeep\n|turn|6\n|\n|t:|1699137448\n|switch|p2a: Grim|Grimmsnarl, M|27\/100\n|move|p1a: Garchomp|Scale Shot|p2a: Grim\n|-immune|p2a: Grim\n|\n|upkeep\n|turn|7\n|\n|t:|1699137455\n|move|p1a: Garchomp|Fire Fang|p2a: Grim\n|-damage|p2a: Grim|0 fnt\n|faint|p2a: Grim\n|\n|upkeep\n|\n|t:|1699137463\n|switch|p2a: Edge|Aegislash, M|100\/100\n|turn|8\n|\n|t:|1699137467\n|move|p2a: Edge|King's Shield|p2a: Edge\n|-singleturn|p2a: Edge|Protect\n|move|p1a: Garchomp|Earthquake|p2a: Edge\n|-activate|p2a: Edge|move: Protect\n|\n|-sideend|p1: Hazervex2.0|move: Aurora Veil\n|upkeep\n|turn|9\n|\n|t:|1699137474\n|move|p1a: Garchomp|Earthquake|p2a: Edge\n|-supereffective|p2a: Edge\n|-damage|p2a: Edge|0 fnt\n|faint|p2a: Edge\n|\n|-sideend|p2: Dynomite101|move: Light Screen\n|upkeep\n|\n|t:|1699137476\n|switch|p2a: Cross|Garchomp, M|100\/100\n|turn|10\n|inactive|Hazervex2.0 has 120 seconds left.\n|\n|t:|1699137512\n|move|p2a: Cross|Scale Shot|p1a: Garchomp\n|-supereffective|p1a: Garchomp\n|-damage|p1a: Garchomp|55\/100\n|-supereffective|p1a: Garchomp\n|-damage|p1a: Garchomp|31\/100\n|-supereffective|p1a: Garchomp\n|-damage|p1a: Garchomp|8\/100\n|-hitcount|p1a: Garchomp|3\n|-unboost|p2a: Cross|def|1\n|-boost|p2a: Cross|spe|1\n|move|p1a: Garchomp|Scale Shot|p2a: Cross\n|-supereffective|p2a: Cross\n|-damage|p2a: Cross|51\/100\n|-supereffective|p2a: Cross\n|-damage|p2a: Cross|5\/100\n|-hitcount|p2a: Cross|2\n|-unboost|p1a: Garchomp|def|1\n|-boost|p1a: Garchomp|spe|1\n|\n|upkeep\n|turn|11\n|inactive|Hazervex2.0 has 120 seconds left.\n|\n|t:|1699137530\n|move|p2a: Cross|Earthquake|p1a: Garchomp\n|-damage|p1a: Garchomp|0 fnt\n|faint|p1a: Garchomp\n|\n|-sideend|p2: Dynomite101|Reflect\n|upkeep\n|\n|t:|1699137537\n|switch|p1a: Toxicroak|Toxicroak, M|100\/100\n|turn|12\n|\n|t:|1699137541\n|move|p1a: Toxicroak|Sucker Punch||[still]\n|-fail|p1a: Toxicroak\n|move|p2a: Cross|Swords Dance|p2a: Cross\n|-boost|p2a: Cross|atk|2\n|\n|upkeep\n|turn|13\n|inactive|Hazervex2.0 has 120 seconds left.\n|\n|t:|1699137551\n|move|p1a: Toxicroak|Sucker Punch||[still]\n|-fail|p1a: Toxicroak\n|move|p2a: Cross|Swords Dance|p2a: Cross\n|-boost|p2a: Cross|atk|2\n|\n|upkeep\n|turn|14\n|\n|t:|1699137558\n|-zpower|p2a: Cross\n|move|p2a: Cross|Continental Crush|p1a: Toxicroak|[zeffect]\n|-resisted|p1a: Toxicroak\n|-damage|p1a: Toxicroak|0 fnt\n|faint|p1a: Toxicroak\n|\n|upkeep\n|inactive|Hazervex2.0 has 120 seconds left.\n|\n|t:|1699137573\n|switch|p1a: Staraptor|Staraptor, M|100\/100\n|turn|15\n|\n|t:|1699137578\n|move|p2a: Cross|Stone Edge|p1a: Staraptor\n|-supereffective|p1a: Staraptor\n|-damage|p1a: Staraptor|0 fnt\n|faint|p1a: Staraptor\n|\n|upkeep\n|\n|t:|1699137583\n|switch|p1a: Empoleon|Empoleon, M|100\/100\n|turn|16\n|\n|t:|1699137588\n|-terastallize|p1a: Empoleon|Fairy\n|move|p2a: Cross|Earthquake|p1a: Empoleon\n|-damage|p1a: Empoleon|0 fnt\n|faint|p1a: Empoleon\n|\n|upkeep\n|-message|Hazervex2.0 forfeited.\n|\n|win|Dynomite101\n|raw|Hazervex2.0's rating: 1219 &rarr; <strong>1203<\/strong><br \/>(-16 for losing)\n|raw|Dynomite101's rating: 1346 &rarr; <strong>1359<\/strong><br \/>(+13 for winning)\n|l|\u2606Hazervex2.0\n","uploadtime":1699137607,"views":7,"p1id":"hazervex20","p2id":"dynomite101","formatid":"gen9nationaldexubers","rating":1203,"private":0,"password":""}