{"id":"gen9nationaldexubers-1980642602","p1":"YouGetBlocked","p2":"KarmaNightraide","format":"[Gen 9] National Dex Ubers","log":"|j|\u2606YouGetBlocked\n|j|\u2606KarmaNightraide\n|t:|1698806807\n|gametype|singles\n|player|p1|YouGetBlocked|101|1213\n|player|p2|KarmaNightraide|unknown|1102\n|teamsize|p1|6\n|teamsize|p2|6\n|gen|9\n|tier|[Gen 9] National Dex Ubers\n|rated|\n|rule|HP Percentage Mod: HP is shown in percentages\n|rule|Endless Battle Clause: Forcing endless battles is banned\n|rule|OHKO Clause: OHKO moves are banned\n|rule|Evasion Moves Clause: Evasion moves are banned\n|rule|Evasion Items Clause: Evasion items are banned\n|rule|Species Clause: Limit one of each Pok\u00e9mon\n|rule|Sleep Clause Mod: Limit one foe put to sleep\n|rule|Mega Rayquaza Clause: You cannot mega evolve Rayquaza\n|clearpoke\n|poke|p1|Rayquaza|\n|poke|p1|Zacian-*|\n|poke|p1|Xerneas-*|\n|poke|p1|Kyogre|\n|poke|p1|Marshadow|\n|poke|p1|Smeargle, M|\n|poke|p2|Aegislash, F|\n|poke|p2|Ceruledge, F|\n|poke|p2|Basculegion, M|\n|poke|p2|Mimikyu, M|\n|poke|p2|Mismagius, F|\n|poke|p2|Gourgeist-*, F|\n|teampreview\n|\n|t:|1698806817\n|start\n|switch|p1a: duh duh uh|Smeargle, M|100\/100\n|switch|p2a: Witch|Mismagius, F|100\/100\n|turn|1\n|c|\u2606YouGetBlocked|interesting theme team\n|c|\u2606YouGetBlocked|if it is\n|\n|t:|1698806838\n|switch|p2a: Pumpin|Gourgeist-Small, F|100\/100\n|-item|p1a: duh duh uh|Focus Sash|[from] ability: Frisk|[of] p2a: Pumpin|[identify]\n|move|p1a: duh duh uh|Spore|p2a: Pumpin\n|-immune|p2a: Pumpin\n|\n|upkeep\n|turn|2\n|\n|t:|1698806848\n|-zpower|p2a: Pumpin\n|move|p2a: Pumpin|Z-Trick-or-Treat|p1a: duh duh uh|[anim]Trick-or-Treat\n|-boost|p2a: Pumpin|atk|1|[zeffect]\n|-boost|p2a: Pumpin|def|1|[zeffect]\n|-boost|p2a: Pumpin|spa|1|[zeffect]\n|-boost|p2a: Pumpin|spd|1|[zeffect]\n|-boost|p2a: Pumpin|spe|1|[zeffect]\n|-start|p1a: duh duh uh|typeadd|Ghost|[from] move: Trick-or-Treat\n|move|p1a: duh duh uh|Sticky Web|p2a: Pumpin\n|-sidestart|p2: KarmaNightraide|move: Sticky Web\n|\n|upkeep\n|turn|3\n|\n|t:|1698806860\n|move|p2a: Pumpin|Poltergeist|p1a: duh duh uh\n|-immune|p1a: duh duh uh\n|move|p1a: duh duh uh|Tailwind|p1a: duh duh uh\n|-sidestart|p1: YouGetBlocked|move: Tailwind\n|\n|upkeep\n|turn|4\n|\n|t:|1698806873\n|move|p1a: duh duh uh|Spore|p2a: Pumpin\n|-immune|p2a: Pumpin\n|move|p2a: Pumpin|Power Whip|p1a: duh duh uh\n|-enditem|p1a: duh duh uh|Focus Sash\n|-damage|p1a: duh duh uh|1\/100\n|\n|upkeep\n|turn|5\n|\n|t:|1698806885\n|move|p1a: duh duh uh|Tailwind||[still]\n|-fail|p1a: duh duh uh\n|move|p2a: Pumpin|Skitter Smack|p1a: duh duh uh|[miss]\n|-miss|p2a: Pumpin|p1a: duh duh uh\n|\n|upkeep\n|turn|6\n|\n|t:|1698806892\n|move|p1a: duh duh uh|Tailwind||[still]\n|-fail|p1a: duh duh uh\n|move|p2a: Pumpin|Skitter Smack|p1a: duh duh uh\n|-resisted|p1a: duh duh uh\n|-damage|p1a: duh duh uh|0 fnt\n|faint|p1a: duh duh uh\n|\n|-sideend|p1: YouGetBlocked|move: Tailwind\n|upkeep\n|\n|t:|1698806896\n|switch|p1a: dagnabti!|Marshadow|100\/100\n|turn|7\n|c|\u2606YouGetBlocked|bru its all over\n|\n|t:|1698806904\n|move|p2a: Pumpin|Poltergeist|p1a: dagnabti!\n|-activate|p1a: dagnabti!|move: Poltergeist|Focus Sash\n|-supereffective|p1a: dagnabti!\n|-enditem|p1a: dagnabti!|Focus Sash\n|-damage|p1a: dagnabti!|1\/100\n|move|p1a: dagnabti!|Spectral Thief||[still]\n|-clearpositiveboost|p2a: Pumpin|p1a: dagnabti!|move: Spectral Thief\n|-boost|p1a: dagnabti!|atk|1\n|-boost|p1a: dagnabti!|def|1\n|-boost|p1a: dagnabti!|spa|1\n|-boost|p1a: dagnabti!|spd|1\n|-boost|p1a: dagnabti!|spe|1\n|-anim|p1a: dagnabti!|Spectral Thief|p2a: Pumpin\n|-supereffective|p2a: Pumpin\n|-damage|p2a: Pumpin|0 fnt\n|faint|p2a: Pumpin\n|\n|upkeep\n|\n|t:|1698806923\n|switch|p2a: Excalasey|Aegislash, F|100\/100\n|-activate|p2a: Excalasey|move: Sticky Web\n|-unboost|p2a: Excalasey|spe|1\n|turn|8\n|\n|t:|1698806933\n|move|p1a: dagnabti!|Shadow Sneak|p2a: Excalasey\n|-supereffective|p2a: Excalasey\n|-damage|p2a: Excalasey|8\/100\n|-formechange|p2a: Excalasey|Aegislash-Blade||[from] ability: Stance Change\n|move|p2a: Excalasey|Shadow Sneak|p1a: dagnabti!\n|-supereffective|p1a: dagnabti!\n|-damage|p1a: dagnabti!|0 fnt\n|faint|p1a: dagnabti!\n|\n|upkeep\n|inactive|Battle timer is ON: inactive players will automatically lose when time's up. (requested by KarmaNightraide)\n|\n|t:|1698806947\n|switch|p1a: Quazar|Rayquaza|100\/100\n|-ability|p1a: Quazar|Air Lock\n|turn|9\n|\n|t:|1698806964\n|-formechange|p2a: Excalasey|Aegislash||[from] ability: Stance Change\n|move|p2a: Excalasey|King's Shield|p2a: Excalasey\n|-singleturn|p2a: Excalasey|Protect\n|move|p1a: Quazar|Dragon Dance|p1a: Quazar\n|-boost|p1a: Quazar|atk|1\n|-boost|p1a: Quazar|spe|1\n|\n|upkeep\n|turn|10\n|\n|t:|1698806976\n|-formechange|p2a: Excalasey|Aegislash-Blade||[from] ability: Stance Change\n|move|p2a: Excalasey|Shadow Sneak|p1a: Quazar\n|-damage|p1a: Quazar|75\/100\n|move|p1a: Quazar|Dragon Ascent|p2a: Excalasey\n|-resisted|p2a: Excalasey\n|-damage|p2a: Excalasey|0 fnt\n|-unboost|p1a: Quazar|def|1\n|-unboost|p1a: Quazar|spd|1\n|faint|p2a: Excalasey\n|\n|upkeep\n|\n|t:|1698806988\n|switch|p2a: Lil guy my man|Mimikyu, M|100\/100\n|-activate|p2a: Lil guy my man|move: Sticky Web\n|-unboost|p2a: Lil guy my man|spe|1\n|turn|11\n|\n|t:|1698806993\n|move|p1a: Quazar|Outrage|p2a: Lil guy my man\n|-immune|p2a: Lil guy my man\n|move|p2a: Lil guy my man|Play Rough|p1a: Quazar\n|-supereffective|p1a: Quazar\n|-damage|p1a: Quazar|0 fnt\n|faint|p1a: Quazar\n|\n|upkeep\n|\n|t:|1698807002\n|switch|p1a: Arooo!|Zacian-Crowned|100\/100\n|-ability|p1a: Arooo!|Intrepid Sword|boost\n|-boost|p1a: Arooo!|atk|1\n|turn|12\n|\n|t:|1698807022\n|move|p1a: Arooo!|Behemoth Blade|p2a: Lil guy my man\n|-activate|p2a: Lil guy my man|ability: Disguise\n|-damage|p2a: Lil guy my man|100\/100\n|detailschange|p2a: Lil guy my man|Mimikyu-Busted, M\n|-damage|p2a: Lil guy my man|88\/100|[from] pokemon: Mimikyu-Busted\n|move|p2a: Lil guy my man|Drain Punch|p1a: Arooo!\n|-damage|p1a: Arooo!|83\/100\n|-heal|p2a: Lil guy my man|99\/100|[from] drain|[of] p1a: Arooo!\n|\n|upkeep\n|turn|13\n|inactive|YouGetBlocked has 120 seconds left.\n|\n|t:|1698807055\n|move|p2a: Lil guy my man|Shadow Sneak|p1a: Arooo!\n|-damage|p1a: Arooo!|68\/100\n|move|p1a: Arooo!|Behemoth Blade|p2a: Lil guy my man\n|-supereffective|p2a: Lil guy my man\n|-damage|p2a: Lil guy my man|0 fnt\n|faint|p2a: Lil guy my man\n|\n|upkeep\n|\n|t:|1698807064\n|switch|p2a: Widowmaker|Ceruledge, F|100\/100\n|-activate|p2a: Widowmaker|move: Sticky Web\n|-unboost|p2a: Widowmaker|spe|1\n|turn|14\n|\n|t:|1698807073\n|move|p1a: Arooo!|Behemoth Blade|p2a: Widowmaker\n|-resisted|p2a: Widowmaker\n|-damage|p2a: Widowmaker|42\/100\n|-ability|p2a: Widowmaker|Weak Armor|boost\n|-unboost|p2a: Widowmaker|def|1\n|-boost|p2a: Widowmaker|spe|2\n|move|p2a: Widowmaker|Swords Dance|p2a: Widowmaker\n|-boost|p2a: Widowmaker|atk|2\n|\n|upkeep\n|turn|15\n|\n|t:|1698807087\n|move|p2a: Widowmaker|Bitter Blade|p1a: Arooo!\n|-supereffective|p1a: Arooo!\n|-damage|p1a: Arooo!|0 fnt\n|-heal|p2a: Widowmaker|80\/100|[from] drain|[of] p1a: Arooo!\n|faint|p1a: Arooo!\n|\n|upkeep\n|\n|t:|1698807091\n|switch|p1a: Conxern|Xerneas|100\/100\n|-ability|p1a: Conxern|Fairy Aura\n|turn|16\n|\n|t:|1698807120\n|-terastallize|p2a: Widowmaker|Fire\n|move|p2a: Widowmaker|Bitter Blade|p1a: Conxern\n|-damage|p1a: Conxern|11\/100\n|-heal|p2a: Widowmaker|100\/100|[from] drain|[of] p1a: Conxern\n|move|p1a: Conxern|Geomancy||[still]\n|-prepare|p1a: Conxern|Geomancy\n|-enditem|p1a: Conxern|Power Herb\n|-anim|p1a: Conxern|Geomancy|p1a: Conxern\n|-boost|p1a: Conxern|spa|2\n|-boost|p1a: Conxern|spd|2\n|-boost|p1a: Conxern|spe|2\n|\n|upkeep\n|turn|17\n|\n|t:|1698807148\n|move|p1a: Conxern|Dazzling Gleam|p2a: Widowmaker\n|-resisted|p2a: Widowmaker\n|-damage|p2a: Widowmaker|30\/100\n|move|p2a: Widowmaker|Bitter Blade|p1a: Conxern\n|-damage|p1a: Conxern|0 fnt\n|-heal|p2a: Widowmaker|38\/100|[from] drain|[of] p1a: Conxern\n|faint|p1a: Conxern\n|\n|upkeep\n|\n|t:|1698807156\n|switch|p1a: We Got Prime|Kyogre|100\/100\n|detailschange|p1a: We Got Prime|Kyogre-Primal\n|-primal|p1a: We Got Prime|Blue Orb\n|-weather|PrimordialSea|[from] ability: Primordial Sea|[of] p1a: We Got Prime\n|turn|18\n|inactive|KarmaNightraide has 120 seconds left.\n|\n|t:|1698807177\n|move|p2a: Widowmaker|Dragon Claw|p1a: We Got Prime\n|-damage|p1a: We Got Prime|57\/100\n|move|p1a: We Got Prime|Surf|p2a: Widowmaker\n|-supereffective|p2a: Widowmaker\n|-damage|p2a: Widowmaker|0 fnt\n|faint|p2a: Widowmaker\n|\n|-weather|PrimordialSea|[upkeep]\n|upkeep\n|inactive|KarmaNightraide has 120 seconds left.\n|\n|t:|1698807186\n|switch|p2a: Witch|Mismagius, F|100\/100\n|turn|19\n|\n|t:|1698807191\n|move|p2a: Witch|Thunderbolt|p1a: We Got Prime\n|-supereffective|p1a: We Got Prime\n|-damage|p1a: We Got Prime|26\/100\n|move|p1a: We Got Prime|Surf|p2a: Witch\n|-enditem|p2a: Witch|Focus Sash\n|-damage|p2a: Witch|1\/100\n|\n|-weather|PrimordialSea|[upkeep]\n|upkeep\n|turn|20\n|\n|t:|1698807199\n|move|p2a: Witch|Thunderbolt|p1a: We Got Prime\n|-supereffective|p1a: We Got Prime\n|-damage|p1a: We Got Prime|0 fnt\n|faint|p1a: We Got Prime\n|-weather|none\n|\n|win|KarmaNightraide\n|raw|YouGetBlocked's rating: 1213 &rarr; <strong>1180<\/strong><br \/>(-33 for losing)\n|raw|KarmaNightraide's rating: 1102 &rarr; <strong>1135<\/strong><br \/>(+33 for winning)\n|l|\u2606YouGetBlocked\n","uploadtime":1698807206,"views":15,"p1id":"yougetblocked","p2id":"karmanightraide","formatid":"gen9nationaldexubers","rating":1135,"private":0,"password":""}