{"id":"gen9nationaldexubers-1989272720","p1":"Slixy3","p2":"Svinekjott","format":"[Gen 9] National Dex Ubers","log":"|j|\u2606Slixy3\n|j|\u2606Svinekjott\n|t:|1699830461\n|gametype|singles\n|player|p1|Slixy3|benga|1151\n|player|p2|Svinekjott|cynthia-gen4|1073\n|teamsize|p1|6\n|teamsize|p2|6\n|gen|9\n|tier|[Gen 9] National Dex Ubers\n|rated|\n|rule|HP Percentage Mod: HP is shown in percentages\n|rule|Endless Battle Clause: Forcing endless battles is banned\n|rule|OHKO Clause: OHKO moves are banned\n|rule|Evasion Moves Clause: Evasion moves are banned\n|rule|Evasion Items Clause: Evasion items are banned\n|rule|Species Clause: Limit one of each Pok\u00e9mon\n|rule|Sleep Clause Mod: Limit one foe put to sleep\n|rule|Mega Rayquaza Clause: You cannot mega evolve Rayquaza\n|clearpoke\n|poke|p1|Deoxys-Attack|\n|poke|p1|Zacian-*|\n|poke|p1|Urshifu-*, M|\n|poke|p1|Roserade, M|\n|poke|p1|Groudon|\n|poke|p1|Garchomp, F|\n|poke|p2|Gourgeist-*, M|\n|poke|p2|Cofagrigus, M|\n|poke|p2|Golurk|\n|poke|p2|Giratina-Origin|\n|poke|p2|Aegislash, F|\n|poke|p2|Marowak-Alola, F|\n|teampreview\n|\n|t:|1699830493\n|start\n|switch|p1a: Saitan|Urshifu, M|100\/100\n|switch|p2a: Cofagrigus|Cofagrigus, M, shiny|100\/100\n|turn|1\n|\n|t:|1699830506\n|move|p1a: Saitan|Wicked Blow|p2a: Cofagrigus\n|-supereffective|p2a: Cofagrigus\n|-crit|p2a: Cofagrigus\n|-damage|p2a: Cofagrigus|0 fnt\n|-activate|p2a: Cofagrigus|ability: Mummy|Unseen Fist|[of] p1a: Saitan\n|faint|p2a: Cofagrigus\n|\n|upkeep\n|\n|t:|1699830515\n|switch|p2a: Aegislash|Aegislash, F|100\/100\n|turn|2\n|\n|t:|1699830521\n|-terastallize|p1a: Saitan|Fighting\n|move|p2a: Aegislash|King's Shield|p2a: Aegislash\n|-singleturn|p2a: Aegislash|Protect\n|move|p1a: Saitan|Wicked Blow|p2a: Aegislash\n|-activate|p2a: Aegislash|move: Protect\n|-unboost|p1a: Saitan|atk|1\n|\n|upkeep\n|turn|3\n|\n|t:|1699830540\n|move|p1a: Saitan|Wicked Blow|p2a: Aegislash\n|-supereffective|p2a: Aegislash\n|-crit|p2a: Aegislash\n|-damage|p2a: Aegislash|0 fnt\n|faint|p2a: Aegislash\n|\n|upkeep\n|\n|t:|1699830553\n|switch|p2a: Golurk|Golurk, shiny|100\/100\n|turn|4\n|inactive|Battle timer is ON: inactive players will automatically lose when time's up. (requested by Svinekjott)\n|\n|t:|1699830577\n|move|p2a: Golurk|Dynamic Punch|p1a: Saitan\n|-damage|p1a: Saitan|67\/100\n|-start|p1a: Saitan|confusion\n|-activate|p1a: Saitan|ability: Mummy|No Guard|[of] p2a: Golurk\n|-activate|p1a: Saitan|confusion\n|move|p1a: Saitan|Wicked Blow|p2a: Golurk\n|-supereffective|p2a: Golurk\n|-crit|p2a: Golurk\n|-damage|p2a: Golurk|0 fnt\n|faint|p2a: Golurk\n|\n|upkeep\n|\n|t:|1699830604\n|switch|p2a: Marowak|Marowak-Alola, F, shiny|100\/100\n|turn|5\n|\n|t:|1699830611\n|switch|p1a: Fel|Zacian-Crowned, shiny|100\/100\n|-ability|p1a: Fel|Intrepid Sword|boost\n|-boost|p1a: Fel|atk|1\n|-terastallize|p2a: Marowak|Dragon\n|move|p2a: Marowak|Outrage|p1a: Fel\n|-immune|p1a: Fel\n|\n|upkeep\n|turn|6\n|\n|t:|1699830632\n|switch|p1a: Baki Hanma|Garchomp, F, shiny|100\/100\n|move|p2a: Marowak|Bonemerang|p1a: Baki Hanma\n|-damage|p1a: Baki Hanma|72\/100\n|-damage|p1a: Baki Hanma|45\/100\n|-hitcount|p1a: Baki Hanma|2\n|\n|upkeep\n|turn|7\n|\n|t:|1699830646\n|detailschange|p1a: Baki Hanma|Garchomp-Mega, F, shiny\n|-mega|p1a: Baki Hanma|Garchomp|Garchompite\n|move|p1a: Baki Hanma|Earthquake|p2a: Marowak\n|-damage|p2a: Marowak|39\/100\n|move|p2a: Marowak|Bonemerang|p1a: Baki Hanma\n|-damage|p1a: Baki Hanma|23\/100\n|-damage|p1a: Baki Hanma|0 fnt\n|faint|p1a: Baki Hanma\n|-hitcount|p1: Baki Hanma|2\n|\n|upkeep\n|\n|t:|1699830656\n|switch|p1a: Kaya|Roserade, M, shiny|100\/100\n|turn|8\n|\n|t:|1699830666\n|move|p1a: Kaya|Spikes|p2a: Marowak\n|-sidestart|p2: Svinekjott|Spikes\n|move|p2a: Marowak|Flame Charge|p1a: Kaya\n|-supereffective|p1a: Kaya\n|-damage|p1a: Kaya|24\/100\n|-boost|p2a: Marowak|spe|1\n|-damage|p2a: Marowak|23\/100|[from] item: Rocky Helmet|[of] p1a: Kaya\n|-status|p2a: Marowak|psn|[from] ability: Poison Point|[of] p1a: Kaya\n|\n|-damage|p2a: Marowak|10\/100 psn|[from] psn\n|upkeep\n|turn|9\n|inactive|Slixy3 has 120 seconds left.\n|\n|t:|1699830696\n|move|p2a: Marowak|Bonemerang|p1a: Kaya\n|-damage|p1a: Kaya|0 fnt\n|faint|p1a: Kaya\n|-hitcount|p1: Kaya|1\n|\n|-damage|p2a: Marowak|0 fnt|[from] psn\n|faint|p2a: Marowak\n|upkeep\n|\n|t:|1699830703\n|switch|p1a: Freiza|Deoxys-Attack|100\/100\n|switch|p2a: Gourgeist|Gourgeist-Super, M, shiny|100\/100\n|-ability|p1a: Freiza|Pressure\n|-damage|p2a: Gourgeist|88\/100|[from] Spikes\n|-item|p1a: Freiza|Focus Sash|[from] ability: Frisk|[of] p2a: Gourgeist|[identify]\n|turn|10\n|inactive|Slixy3 has 120 seconds left.\n|\n|t:|1699830720\n|move|p1a: Freiza|Dark Pulse|p2a: Gourgeist\n|-supereffective|p2a: Gourgeist\n|-damage|p2a: Gourgeist|0 fnt\n|faint|p2a: Gourgeist\n|\n|upkeep\n|\n|t:|1699830722\n|switch|p2a: Giratina|Giratina-Origin, shiny|100\/100\n|turn|11\n|\n|t:|1699830727\n|move|p1a: Freiza|Nasty Plot|p1a: Freiza\n|-boost|p1a: Freiza|spa|2\n|move|p2a: Giratina|Shadow Ball|p1a: Freiza\n|-supereffective|p1a: Freiza\n|-enditem|p1a: Freiza|Focus Sash\n|-damage|p1a: Freiza|1\/100\n|\n|upkeep\n|turn|12\n|c|\u2606Svinekjott|gg\n|\n|t:|1699830740\n|switch|p1a: Yujiro Hanma|Groudon|100\/100\n|detailschange|p1a: Yujiro Hanma|Groudon-Primal\n|-primal|p1a: Yujiro Hanma|Red Orb\n|-weather|DesolateLand|[from] ability: Desolate Land|[of] p1a: Yujiro Hanma\n|move|p2a: Giratina|Shadow Ball|p1a: Yujiro Hanma\n|-damage|p1a: Yujiro Hanma|53\/100\n|\n|-weather|DesolateLand|[upkeep]\n|upkeep\n|turn|13\n|\n|t:|1699830748\n|move|p1a: Yujiro Hanma|Thunder Wave|p2a: Giratina\n|-status|p2a: Giratina|par\n|move|p2a: Giratina|Dragon Pulse|p1a: Yujiro Hanma\n|-damage|p1a: Yujiro Hanma|0 fnt\n|faint|p1a: Yujiro Hanma\n|-weather|none\n|\n|upkeep\n|\n|t:|1699830756\n|switch|p1a: Freiza|Deoxys-Attack|1\/100\n|-ability|p1a: Freiza|Pressure\n|turn|14\n|\n|t:|1699830760\n|move|p1a: Freiza|Psychic|p2a: Giratina\n|-damage|p2a: Giratina|62\/100 par\n|move|p2a: Giratina|Shadow Ball|p1a: Freiza\n|-supereffective|p1a: Freiza\n|-damage|p1a: Freiza|0 fnt\n|faint|p1a: Freiza\n|\n|upkeep\n|\n|t:|1699830767\n|switch|p1a: Fel|Zacian-Crowned, shiny|100\/100\n|turn|15\n|\n|t:|1699830772\n|move|p1a: Fel|Swords Dance|p1a: Fel\n|-boost|p1a: Fel|atk|2\n|cant|p2a: Giratina|par\n|\n|upkeep\n|turn|16\n|\n|t:|1699830779\n|move|p1a: Fel|Swords Dance|p1a: Fel\n|-boost|p1a: Fel|atk|2\n|move|p2a: Giratina|Shadow Ball|p1a: Fel\n|-damage|p1a: Fel|55\/100\n|-unboost|p1a: Fel|spd|1\n|\n|upkeep\n|turn|17\n|\n|t:|1699830793\n|switch|p1a: Saitan|Urshifu, M, tera:Fighting|67\/100\n|move|p2a: Giratina|Shadow Ball|p1a: Saitan\n|-damage|p1a: Saitan|0 fnt\n|faint|p1a: Saitan\n|\n|upkeep\n|\n|t:|1699830799\n|switch|p1a: Fel|Zacian-Crowned, shiny|55\/100\n|turn|18\n|\n|t:|1699830803\n|move|p1a: Fel|Behemoth Blade|p2a: Giratina\n|-damage|p2a: Giratina|21\/100 par\n|move|p2a: Giratina|Shadow Ball|p1a: Fel\n|-damage|p1a: Fel|15\/100\n|\n|upkeep\n|turn|19\n|\n|t:|1699830810\n|move|p1a: Fel|Close Combat|p2a: Giratina\n|-immune|p2a: Giratina\n|move|p2a: Giratina|Shadow Ball|p1a: Fel\n|-damage|p1a: Fel|0 fnt\n|faint|p1a: Fel\n|\n|win|Svinekjott\n|raw|Slixy3's rating: 1151 &rarr; <strong>1120<\/strong><br \/>(-31 for losing)\n|raw|Svinekjott's rating: 1073 &rarr; <strong>1108<\/strong><br \/>(+35 for winning)\n|c|\u2606Svinekjott|bro what\n|c|\u2606Slixy3|i was playing to much\n","uploadtime":1699830829,"views":6,"p1id":"slixy3","p2id":"svinekjott","formatid":"gen9nationaldexubers","rating":1108,"private":0,"password":""}