{"id":"gen9nationaldexubers-1981251185","p1":"EeveeGirlStar","p2":"BloodPlum","format":"[Gen 9] National Dex Ubers","log":"|j|\u2606EeveeGirlStar\n|j|\u2606BloodPlum\n|t:|1698876458\n|gametype|singles\n|player|p1|EeveeGirlStar|266|\n|player|p2|BloodPlum|parasollady|\n|teamsize|p1|6\n|teamsize|p2|6\n|gen|9\n|tier|[Gen 9] National Dex Ubers\n|rule|HP Percentage Mod: HP is shown in percentages\n|rule|Endless Battle Clause: Forcing endless battles is banned\n|rule|OHKO Clause: OHKO moves are banned\n|rule|Evasion Moves Clause: Evasion moves are banned\n|rule|Evasion Items Clause: Evasion items are banned\n|rule|Species Clause: Limit one of each Pok\u00e9mon\n|rule|Sleep Clause Mod: Limit one foe put to sleep\n|rule|Mega Rayquaza Clause: You cannot mega evolve Rayquaza\n|clearpoke\n|poke|p1|Torkoal, M|\n|poke|p1|Charizard, M|\n|poke|p1|Iron Moth|\n|poke|p1|Scovillain, M|\n|poke|p1|Volcanion|\n|poke|p1|Ceruledge, M|\n|poke|p2|Scizor, M|\n|poke|p2|Volcarona, M|\n|poke|p2|Araquanid, F|\n|poke|p2|Ribombee, F|\n|poke|p2|Heracross, M|\n|poke|p2|Kleavor, M|\n|teampreview\n|c|\u2606EeveeGirlStar|glhf\n|j| Moonz_e\n|c|\u2606BloodPlum|Gl Hf\n|\n|t:|1698876473\n|start\n|switch|p1a: If I Catch Fire|Volcanion|100\/100\n|switch|p2a: Kleavor|Kleavor, M|100\/100\n|turn|1\n|j| Bug Maniac Swaggy\n|\n|t:|1698876478\n|move|p2a: Kleavor|Stone Axe|p1a: If I Catch Fire\n|-supereffective|p1a: If I Catch Fire\n|-damage|p1a: If I Catch Fire|21\/100\n|-sidestart|p1: EeveeGirlStar|move: Stealth Rock\n|move|p1a: If I Catch Fire|Steam Eruption|p2a: Kleavor\n|-supereffective|p2a: Kleavor\n|-damage|p2a: Kleavor|0 fnt\n|faint|p2a: Kleavor\n|\n|upkeep\n|\n|t:|1698876482\n|switch|p2a: Araquanid|Araquanid, F|100\/100\n|turn|2\n|\n|t:|1698876486\n|move|p1a: If I Catch Fire|Defog|p2a: Araquanid\n|-unboost|p2a: Araquanid|evasion|1\n|-sideend|p1: EeveeGirlStar|Stealth Rock|[from] move: Defog|[of] p1a: If I Catch Fire\n|move|p2a: Araquanid|Sticky Web|p1a: If I Catch Fire\n|-sidestart|p1: EeveeGirlStar|move: Sticky Web\n|\n|upkeep\n|turn|3\n|\n|t:|1698876493\n|move|p1a: If I Catch Fire|Defog|p2a: Araquanid\n|-unboost|p2a: Araquanid|evasion|1\n|-sideend|p1: EeveeGirlStar|Sticky Web|[from] move: Defog|[of] p1a: If I Catch Fire\n|move|p2a: Araquanid|Lunge|p1a: If I Catch Fire\n|-resisted|p1a: If I Catch Fire\n|-damage|p1a: If I Catch Fire|12\/100\n|-unboost|p1a: If I Catch Fire|atk|1\n|\n|upkeep\n|turn|4\n|\n|t:|1698876497\n|move|p1a: If I Catch Fire|Flamethrower|p2a: Araquanid\n|-damage|p2a: Araquanid|85\/100\n|move|p2a: Araquanid|Lunge|p1a: If I Catch Fire\n|-resisted|p1a: If I Catch Fire\n|-damage|p1a: If I Catch Fire|4\/100\n|-unboost|p1a: If I Catch Fire|atk|1\n|\n|-heal|p2a: Araquanid|92\/100|[from] item: Leftovers\n|upkeep\n|turn|5\n|\n|t:|1698876501\n|move|p1a: If I Catch Fire|Flamethrower|p2a: Araquanid\n|-damage|p2a: Araquanid|76\/100\n|move|p2a: Araquanid|Lunge|p1a: If I Catch Fire\n|-resisted|p1a: If I Catch Fire\n|-damage|p1a: If I Catch Fire|0 fnt\n|faint|p1a: If I Catch Fire\n|\n|-heal|p2a: Araquanid|83\/100|[from] item: Leftovers\n|upkeep\n|\n|t:|1698876505\n|switch|p1a: Burning Pile|Charizard, M|100\/100\n|turn|6\n|\n|t:|1698876508\n|detailschange|p1a: Burning Pile|Charizard-Mega-X, M\n|-mega|p1a: Burning Pile|Charizard|Charizardite X\n|move|p1a: Burning Pile|Dragon Dance|p1a: Burning Pile\n|-boost|p1a: Burning Pile|atk|1\n|-boost|p1a: Burning Pile|spe|1\n|move|p2a: Araquanid|Liquidation|p1a: Burning Pile\n|-damage|p1a: Burning Pile|54\/100\n|\n|-heal|p2a: Araquanid|89\/100|[from] item: Leftovers\n|upkeep\n|turn|7\n|j| SkillzBP\n|j| standardbandard23\n|c| standardbandard23|remember guys no tera\n|\n|t:|1698876522\n|move|p1a: Burning Pile|Flare Blitz|p2a: Araquanid\n|-damage|p2a: Araquanid|20\/100\n|-damage|p1a: Burning Pile|28\/100|[from] Recoil\n|move|p2a: Araquanid|Toxic|p1a: Burning Pile\n|-status|p1a: Burning Pile|tox\n|\n|-heal|p2a: Araquanid|26\/100|[from] item: Leftovers\n|-damage|p1a: Burning Pile|22\/100 tox|[from] psn\n|upkeep\n|turn|8\n|c| Moonz_e|You were really detwrmined to get the lunge\n|\n|t:|1698876529\n|move|p1a: Burning Pile|Dragon Claw|p2a: Araquanid\n|-damage|p2a: Araquanid|0 fnt\n|faint|p2a: Araquanid\n|\n|-damage|p1a: Burning Pile|10\/100 tox|[from] psn\n|upkeep\n|j| IncandescentCandle\n|\n|t:|1698876537\n|switch|p2a: Scizor|Scizor, M|100\/100\n|turn|9\n|\n|t:|1698876545\n|detailschange|p2a: Scizor|Scizor-Mega, M\n|-mega|p2a: Scizor|Scizor|Scizorite\n|move|p2a: Scizor|Bullet Punch|p1a: Burning Pile\n|-resisted|p1a: Burning Pile\n|-damage|p1a: Burning Pile|0 fnt\n|faint|p1a: Burning Pile\n|\n|upkeep\n|\n|t:|1698876547\n|switch|p1a: All Lit Up|Iron Moth|100\/100\n|turn|10\n|c| Moonz_e|Oh why are you playing in ubers?\n|j| Jack0lantern89\n|\n|t:|1698876560\n|switch|p2a: Volcarona|Volcarona, M|100\/100\n|move|p1a: All Lit Up|Fiery Dance|p2a: Volcarona\n|-damage|p2a: Volcarona|55\/100\n|-boost|p1a: All Lit Up|spa|1\n|\n|upkeep\n|turn|11\n|c|\u2606EeveeGirlStar|oops\n|c| IncandescentCandle|idk\n|c|\u2606EeveeGirlStar|we are silly people\n|c| Bug Maniac Swaggy|its fine as long as neither of them tera\n|\n|t:|1698876566\n|move|p1a: All Lit Up|Fiery Dance|p2a: Volcarona\n|-damage|p2a: Volcarona|0 fnt\n|faint|p2a: Volcarona\n|\n|upkeep\n|\n|t:|1698876577\n|switch|p2a: Ribombee|Ribombee, F|100\/100\n|turn|12\n|\n|t:|1698876579\n|move|p1a: All Lit Up|Fiery Dance|p2a: Ribombee\n|-supereffective|p2a: Ribombee\n|-damage|p2a: Ribombee|0 fnt\n|faint|p2a: Ribombee\n|\n|upkeep\n|\n|t:|1698876581\n|switch|p2a: Heracross|Heracross, M|100\/100\n|turn|13\n|\n|t:|1698876584\n|move|p1a: All Lit Up|Fiery Dance|p2a: Heracross\n|-supereffective|p2a: Heracross\n|-damage|p2a: Heracross|0 fnt\n|faint|p2a: Heracross\n|\n|upkeep\n|j| SkechiArt\n|c| Moonz_e|I know it is\n|j| Viviexists\n|\n|t:|1698876587\n|switch|p2a: Scizor|Scizor-Mega, M|100\/100\n|turn|14\n|c| Moonz_e|But\n|c| Moonz_e|You know\n|\n|t:|1698876591\n|move|p1a: All Lit Up|Fiery Dance|p2a: Scizor\n|-supereffective|p2a: Scizor\n|-damage|p2a: Scizor|0 fnt\n|faint|p2a: Scizor\n|\n|win|EeveeGirlStar\n|c|\u2606EeveeGirlStar|gg\n|c| IncandescentCandle|fire moment\n|c| Moonz_e|Risk is low but never 0\n|l| Viviexists\n|l|\u2606BloodPlum\n|l| Bug Maniac Swaggy\n|c| Moonz_e|Yeah fire momemt\n|l| SkillzBP\n|c| standardbandard23|imagine not having a fire answer\n|j| Viviexists\n|l| Viviexists\n|l| Moonz_e\n|l| standardbandard23\n|c| IncandescentCandle|i mean bug has a fire answer its just not immortal\n|l| Jack0lantern89\n|l|\u2606EeveeGirlStar\n","uploadtime":1698876771,"views":10,"p1id":"eeveegirlstar","p2id":"bloodplum","formatid":"gen9nationaldexubers","rating":0,"private":0,"password":""}