{"id":"gen9nationaldexubers-1981239747","p1":"ANinjaDude","p2":"Holiss77","format":"[Gen 9] National Dex Ubers","log":"|j|\u2606ANinjaDude\n|j|\u2606Holiss77\n|t:|1698875392\n|gametype|singles\n|player|p1|ANinjaDude|volkner|\n|player|p2|Holiss77|lucas|\n|teamsize|p1|6\n|teamsize|p2|6\n|gen|9\n|tier|[Gen 9] National Dex Ubers\n|rule|HP Percentage Mod: HP is shown in percentages\n|rule|Endless Battle Clause: Forcing endless battles is banned\n|rule|OHKO Clause: OHKO moves are banned\n|rule|Evasion Moves Clause: Evasion moves are banned\n|rule|Evasion Items Clause: Evasion items are banned\n|rule|Species Clause: Limit one of each Pok\u00e9mon\n|rule|Sleep Clause Mod: Limit one foe put to sleep\n|rule|Mega Rayquaza Clause: You cannot mega evolve Rayquaza\n|clearpoke\n|poke|p1|Landorus-Therian, M|\n|poke|p1|Celesteela|\n|poke|p1|Thundurus-Therian, M|\n|poke|p1|Dragonite, M|\n|poke|p1|Shaymin-Sky|\n|poke|p1|Lopunny, M|\n|poke|p2|Kartana|\n|poke|p2|Tapu Lele|\n|poke|p2|Sneasler, M|\n|poke|p2|Rillaboom, F|\n|poke|p2|Zapdos|\n|poke|p2|Rotom-Wash|\n|teampreview\n|inactive|Battle timer is ON: inactive players will automatically lose when time's up. (requested by ANinjaDude)\n|c|\u2606ANinjaDude|glhf\n|\n|t:|1698875412\n|start\n|switch|p1a: Landorus|Landorus-Therian, M|100\/100\n|switch|p2a: Rotom|Rotom-Wash|100\/100\n|-ability|p1a: Landorus|Intimidate|boost\n|-unboost|p2a: Rotom|atk|1\n|turn|1\n|\n|t:|1698875425\n|move|p1a: Landorus|Stealth Rock|p2a: Rotom\n|-sidestart|p2: Holiss77|move: Stealth Rock\n|move|p2a: Rotom|Hidden Power|p1a: Landorus\n|-supereffective|p1a: Landorus\n|-enditem|p1a: Landorus|Focus Sash\n|-damage|p1a: Landorus|1\/100\n|\n|upkeep\n|turn|2\n|inactive|Holiss77 has 270 seconds left.\n|\n|t:|1698875463\n|switch|p2a: Rillaboom|Rillaboom, F|100\/100\n|-damage|p2a: Rillaboom|88\/100|[from] Stealth Rock\n|-fieldstart|move: Grassy Terrain|[from] ability: Grassy Surge|[of] p2a: Rillaboom\n|move|p1a: Landorus|Explosion|p2a: Rillaboom\n|-damage|p2a: Rillaboom|15\/100\n|faint|p1a: Landorus\n|\n|-heal|p2a: Rillaboom|22\/100|[from] Grassy Terrain\n|upkeep\n|\n|t:|1698875468\n|switch|p1a: Shaymin|Shaymin-Sky|100\/100\n|turn|3\n|\n|t:|1698875474\n|switch|p2a: Zapdos|Zapdos|100\/100\n|move|p1a: Shaymin|Air Slash|p2a: Zapdos\n|-resisted|p2a: Zapdos\n|-damage|p2a: Zapdos|81\/100\n|\n|upkeep\n|turn|4\n|\n|t:|1698875480\n|move|p1a: Shaymin|Air Slash|p2a: Zapdos\n|-resisted|p2a: Zapdos\n|-damage|p2a: Zapdos|59\/100\n|move|p2a: Zapdos|Discharge|p1a: Shaymin\n|-damage|p1a: Shaymin|45\/100\n|-status|p1a: Shaymin|par\n|\n|upkeep\n|turn|5\n|\n|t:|1698875490\n|move|p2a: Zapdos|Roost|p2a: Zapdos\n|-heal|p2a: Zapdos|100\/100\n|-singleturn|p2a: Zapdos|move: Roost\n|cant|p1a: Shaymin|par\n|\n|upkeep\n|turn|6\n|\n|t:|1698875497\n|switch|p1a: Thundurus|Thundurus-Therian, M|100\/100\n|move|p2a: Zapdos|Hurricane|p1a: Thundurus\n|-resisted|p1a: Thundurus\n|-damage|p1a: Thundurus|61\/100\n|\n|-fieldend|move: Grassy Terrain\n|upkeep\n|turn|7\n|\n|t:|1698875506\n|move|p1a: Thundurus|Nasty Plot|p1a: Thundurus\n|-boost|p1a: Thundurus|spa|2\n|move|p2a: Zapdos|Defog|p1a: Thundurus\n|-unboost|p1a: Thundurus|evasion|1\n|-sideend|p2: Holiss77|Stealth Rock|[from] move: Defog|[of] p2a: Zapdos\n|\n|upkeep\n|turn|8\n|\n|t:|1698875517\n|move|p1a: Thundurus|Thunderbolt|p2a: Zapdos\n|-damage|p2a: Zapdos|0 fnt\n|faint|p2a: Zapdos\n|\n|upkeep\n|\n|t:|1698875528\n|switch|p2a: Enma|Kartana, shiny|100\/100\n|turn|9\n|\n|t:|1698875534\n|move|p2a: Enma|Knock Off|p1a: Thundurus\n|-damage|p1a: Thundurus|0 fnt\n|-enditem|p1a: Thundurus|Heavy-Duty Boots|[from] move: Knock Off|[of] p2a: Enma\n|faint|p1a: Thundurus\n|-ability|p2a: Enma|Beast Boost|boost\n|-boost|p2a: Enma|atk|1\n|\n|upkeep\n|\n|t:|1698875538\n|switch|p1a: Lopunny|Lopunny, M|100\/100\n|turn|10\n|\n|t:|1698875545\n|switch|p2a: Rillaboom|Rillaboom, F|22\/100\n|-fieldstart|move: Grassy Terrain|[from] ability: Grassy Surge|[of] p2a: Rillaboom\n|detailschange|p1a: Lopunny|Lopunny-Mega, M\n|-mega|p1a: Lopunny|Lopunny|Lopunnite\n|move|p1a: Lopunny|Fake Out|p2a: Rillaboom\n|-damage|p2a: Rillaboom|4\/100\n|\n|-heal|p2a: Rillaboom|10\/100|[from] Grassy Terrain\n|upkeep\n|turn|11\n|\n|t:|1698875557\n|move|p1a: Lopunny|U-turn|p2a: Rillaboom\n|-supereffective|p2a: Rillaboom\n|-damage|p2a: Rillaboom|0 fnt\n|faint|p2a: Rillaboom\n|\n|t:|1698875560\n|switch|p1a: Celesteela|Celesteela|100\/100|[from] U-turn\n|\n|upkeep\n|\n|t:|1698875564\n|switch|p2a: Sneasler|Sneasler, M|100\/100\n|-enditem|p2a: Sneasler|Grassy Seed\n|-boost|p2a: Sneasler|def|1|[from] item: Grassy Seed\n|turn|12\n|\n|t:|1698875579\n|-terastallize|p2a: Sneasler|Electric\n|move|p2a: Sneasler|Swords Dance|p2a: Sneasler\n|-boost|p2a: Sneasler|atk|2\n|move|p1a: Celesteela|Air Slash|p2a: Sneasler\n|-resisted|p2a: Sneasler\n|-damage|p2a: Sneasler|79\/100\n|\n|-heal|p2a: Sneasler|85\/100|[from] Grassy Terrain\n|upkeep\n|turn|13\n|\n|t:|1698875587\n|-terastallize|p1a: Celesteela|Dragon\n|move|p2a: Sneasler|Tera Blast|p1a: Celesteela|[anim] Tera Blast Electric\n|-resisted|p1a: Celesteela\n|-damage|p1a: Celesteela|52\/100\n|move|p1a: Celesteela|Meteor Beam||[still]\n|-prepare|p1a: Celesteela|Meteor Beam\n|-boost|p1a: Celesteela|spa|1\n|-enditem|p1a: Celesteela|Power Herb\n|-anim|p1a: Celesteela|Meteor Beam|p2a: Sneasler|[miss]\n|-miss|p1a: Celesteela|p2a: Sneasler\n|\n|-heal|p2a: Sneasler|91\/100|[from] Grassy Terrain\n|-heal|p1a: Celesteela|58\/100|[from] Grassy Terrain\n|upkeep\n|turn|14\n|c|\u2606ANinjaDude|bruh\n|\n|t:|1698875596\n|move|p2a: Sneasler|Dire Claw|p1a: Celesteela\n|-damage|p1a: Celesteela|0 fnt\n|faint|p1a: Celesteela\n|\n|-heal|p2a: Sneasler|97\/100|[from] Grassy Terrain\n|-fieldend|move: Grassy Terrain\n|upkeep\n|\n|t:|1698875601\n|switch|p1a: Lopunny|Lopunny-Mega, M|100\/100\n|turn|15\n|\n|t:|1698875611\n|move|p1a: Lopunny|Fake Out|p2a: Sneasler\n|-damage|p2a: Sneasler|72\/100\n|cant|p2a: Sneasler|flinch\n|\n|upkeep\n|turn|16\n|\n|t:|1698875617\n|switch|p1a: Shaymin|Shaymin-Sky|45\/100 par\n|move|p2a: Sneasler|Dire Claw|p1a: Shaymin\n|-supereffective|p1a: Shaymin\n|-damage|p1a: Shaymin|0 fnt\n|faint|p1a: Shaymin\n|\n|upkeep\n|\n|t:|1698875621\n|switch|p1a: Dragonite|Dragonite, M|100\/100\n|turn|17\n|\n|t:|1698875625\n|move|p2a: Sneasler|Dire Claw|p1a: Dragonite\n|-damage|p1a: Dragonite|53\/100\n|-status|p1a: Dragonite|psn\n|move|p1a: Dragonite|Earthquake|p2a: Sneasler\n|-supereffective|p2a: Sneasler\n|-damage|p2a: Sneasler|0 fnt\n|faint|p2a: Sneasler\n|\n|-damage|p1a: Dragonite|40\/100 psn|[from] psn\n|upkeep\n|\n|t:|1698875635\n|switch|p2a: Tapu Lele|Tapu Lele, shiny|100\/100\n|-fieldstart|move: Psychic Terrain|[from] ability: Psychic Surge|[of] p2a: Tapu Lele\n|turn|18\n|\n|t:|1698875641\n|move|p2a: Tapu Lele|Psychic|p1a: Dragonite\n|-damage|p1a: Dragonite|0 fnt\n|faint|p1a: Dragonite\n|\n|upkeep\n|\n|t:|1698875644\n|switch|p1a: Lopunny|Lopunny-Mega, M|100\/100\n|turn|19\n|\n|t:|1698875646\n|move|p1a: Lopunny|Return|p2a: Tapu Lele\n|-damage|p2a: Tapu Lele|20\/100\n|move|p2a: Tapu Lele|Psychic|p1a: Lopunny\n|-supereffective|p1a: Lopunny\n|-damage|p1a: Lopunny|0 fnt\n|faint|p1a: Lopunny\n|\n|win|Holiss77\n|c|\u2606ANinjaDude|ggs\n|c|\u2606Holiss77|Gg\n","uploadtime":1698875655,"views":9,"p1id":"aninjadude","p2id":"holiss77","formatid":"gen9nationaldexubers","rating":0,"private":0,"password":""}