{"id":"gen9nationaldexubers-1991767899","p1":"Fazykins","p2":"Fazy1","format":"[Gen 9] National Dex Ubers","log":"|j|\u2606Fazykins\n|j|\u2606Fazy1\n|t:|1700113752\n|gametype|singles\n|player|p1|Fazykins|2|\n|player|p2|Fazy1|2|\n|teamsize|p1|1\n|teamsize|p2|1\n|gen|9\n|tier|[Gen 9] National Dex Ubers\n|rule|HP Percentage Mod: HP is shown in percentages\n|rule|Endless Battle Clause: Forcing endless battles is banned\n|rule|OHKO Clause: OHKO moves are banned\n|rule|Evasion Moves Clause: Evasion moves are banned\n|rule|Evasion Items Clause: Evasion items are banned\n|rule|Species Clause: Limit one of each Pok\u00e9mon\n|rule|Sleep Clause Mod: Limit one foe put to sleep\n|rule|Mega Rayquaza Clause: You cannot mega evolve Rayquaza\n|clearpoke\n|poke|p1|Spearow, M|\n|poke|p2|Quaquaval, F|\n|teampreview\n|\n|t:|1700113756\n|start\n|switch|p1a: Spearow|Spearow, M|100\/100\n|switch|p2a: Quaquaval|Quaquaval, F|100\/100\n|turn|1\n|\n|t:|1700113790\n|move|p2a: Quaquaval|Ice Spinner|p1a: Spearow\n|-supereffective|p1a: Spearow\n|-damage|p1a: Spearow|33\/100\n|move|p1a: Spearow|Tailwind|p1a: Spearow\n|-sidestart|p1: Fazykins|move: Tailwind\n|\n|upkeep\n|turn|2\n|\n|t:|1700113795\n|move|p1a: Spearow|Roost|p1a: Spearow\n|-heal|p1a: Spearow|83\/100\n|-singleturn|p1a: Spearow|move: Roost\n|move|p2a: Quaquaval|Ice Spinner|p1a: Spearow\n|-damage|p1a: Spearow|56\/100\n|\n|upkeep\n|turn|3\n|\n|t:|1700113802\n|move|p1a: Spearow|Feather Dance|p2a: Quaquaval\n|-unboost|p2a: Quaquaval|atk|2\n|move|p2a: Quaquaval|Ice Spinner|p1a: Spearow\n|-supereffective|p1a: Spearow\n|-damage|p1a: Spearow|20\/100\n|\n|upkeep\n|turn|4\n|\n|t:|1700113809\n|move|p1a: Spearow|Roost|p1a: Spearow\n|-heal|p1a: Spearow|70\/100\n|-singleturn|p1a: Spearow|move: Roost\n|move|p2a: Quaquaval|Ice Spinner|p1a: Spearow\n|-damage|p1a: Spearow|56\/100\n|\n|-sideend|p1: Fazykins|move: Tailwind\n|upkeep\n|turn|5\n|\n|t:|1700113817\n|move|p2a: Quaquaval|Ice Spinner|p1a: Spearow\n|-supereffective|p1a: Spearow\n|-damage|p1a: Spearow|23\/100\n|move|p1a: Spearow|Tailwind|p1a: Spearow\n|-sidestart|p1: Fazykins|move: Tailwind\n|\n|upkeep\n|turn|6\n|\n|t:|1700113823\n|move|p1a: Spearow|Roost|p1a: Spearow\n|-heal|p1a: Spearow|73\/100\n|-singleturn|p1a: Spearow|move: Roost\n|move|p2a: Quaquaval|Ice Spinner|p1a: Spearow\n|-damage|p1a: Spearow|59\/100\n|\n|upkeep\n|turn|7\n|\n|t:|1700113830\n|move|p1a: Spearow|Roost|p1a: Spearow\n|-heal|p1a: Spearow|100\/100\n|-singleturn|p1a: Spearow|move: Roost\n|move|p2a: Quaquaval|Ice Spinner|p1a: Spearow\n|-damage|p1a: Spearow|85\/100\n|\n|upkeep\n|turn|8\n|\n|t:|1700113836\n|move|p1a: Spearow|Feather Dance|p2a: Quaquaval\n|-unboost|p2a: Quaquaval|atk|2\n|move|p2a: Quaquaval|Ice Spinner|p1a: Spearow\n|-supereffective|p1a: Spearow\n|-damage|p1a: Spearow|63\/100\n|\n|-sideend|p1: Fazykins|move: Tailwind\n|upkeep\n|turn|9\n|\n|t:|1700113843\n|move|p2a: Quaquaval|Ice Spinner|p1a: Spearow\n|-supereffective|p1a: Spearow\n|-damage|p1a: Spearow|41\/100\n|move|p1a: Spearow|Tailwind|p1a: Spearow\n|-sidestart|p1: Fazykins|move: Tailwind\n|\n|upkeep\n|turn|10\n|\n|t:|1700113849\n|move|p1a: Spearow|Roost|p1a: Spearow\n|-heal|p1a: Spearow|91\/100\n|-singleturn|p1a: Spearow|move: Roost\n|move|p2a: Quaquaval|Ice Spinner|p1a: Spearow\n|-damage|p1a: Spearow|81\/100\n|\n|upkeep\n|turn|11\n|\n|t:|1700113855\n|move|p1a: Spearow|Toxic|p2a: Quaquaval\n|-status|p2a: Quaquaval|tox\n|move|p2a: Quaquaval|Ice Spinner|p1a: Spearow\n|-supereffective|p1a: Spearow\n|-damage|p1a: Spearow|59\/100\n|\n|-damage|p2a: Quaquaval|94\/100 tox|[from] psn\n|upkeep\n|turn|12\n|\n|t:|1700113862\n|move|p1a: Spearow|Roost|p1a: Spearow\n|-heal|p1a: Spearow|100\/100\n|-singleturn|p1a: Spearow|move: Roost\n|move|p2a: Quaquaval|Ice Spinner|p1a: Spearow\n|-damage|p1a: Spearow|91\/100\n|\n|-damage|p2a: Quaquaval|82\/100 tox|[from] psn\n|-sideend|p1: Fazykins|move: Tailwind\n|upkeep\n|turn|13\n|\n|t:|1700113868\n|move|p2a: Quaquaval|Ice Spinner|p1a: Spearow\n|-supereffective|p1a: Spearow\n|-damage|p1a: Spearow|67\/100\n|move|p1a: Spearow|Tailwind|p1a: Spearow\n|-sidestart|p1: Fazykins|move: Tailwind\n|\n|-damage|p2a: Quaquaval|64\/100 tox|[from] psn\n|upkeep\n|turn|14\n|\n|t:|1700113874\n|move|p1a: Spearow|Feather Dance|p2a: Quaquaval\n|-unboost|p2a: Quaquaval|atk|2\n|move|p2a: Quaquaval|Ice Spinner|p1a: Spearow\n|-supereffective|p1a: Spearow\n|-damage|p1a: Spearow|49\/100\n|\n|-damage|p2a: Quaquaval|39\/100 tox|[from] psn\n|upkeep\n|turn|15\n|\n|t:|1700113883\n|move|p1a: Spearow|Roost|p1a: Spearow\n|-heal|p1a: Spearow|99\/100\n|-singleturn|p1a: Spearow|move: Roost\n|move|p2a: Quaquaval|Ice Spinner|p1a: Spearow\n|-damage|p1a: Spearow|92\/100\n|\n|-damage|p2a: Quaquaval|9\/100 tox|[from] psn\n|upkeep\n|turn|16\n|\n|t:|1700113890\n|move|p1a: Spearow|Roost|p1a: Spearow\n|-heal|p1a: Spearow|100\/100\n|-singleturn|p1a: Spearow|move: Roost\n|move|p2a: Quaquaval|Ice Spinner|p1a: Spearow\n|-damage|p1a: Spearow|93\/100\n|\n|-damage|p2a: Quaquaval|0 fnt|[from] psn\n|faint|p2a: Quaquaval\n|\n|win|Fazykins\n|upkeep\n|c|\u2606Fazy1|!showset 1\n|c| Fazy1|\/raw <div class=\"infobox\">Quaquaval (F) @ Expert Belt  <br \/>Ability: Moxie  <br \/>Tera Type: Water  <br \/>EVs: 252 Atk &#x2f; 4 SpD &#x2f; 252 Spe  <br \/>Jolly Nature  <br \/>- Close Combat  <br \/>- Aqua Step  <br \/>- Aqua Jet  <br \/>- Ice Spinner  <br \/><br \/><\/div>\n|c|\u2606Fazy1|aqua jet wasnt used because its max hp max def+ spearow holding an eviolite\n|c|\u2606Fazy1|ice spinner was expert belt boosted so you can imagine jet wasnt doing shit\n|c|\u2606Fazy1|at -2 it does 10-13% to spearow and would **not** have killed meaning not going for it wasnt a throw\n","uploadtime":1700113985,"views":8,"p1id":"fazykins","p2id":"fazy1","formatid":"gen9nationaldexubers","rating":0,"private":0,"password":""}