{"id":"gen9nationaldexubers-1985625943","p1":"Finpom","p2":"Kabuto003","format":"[Gen 9] National Dex Ubers","log":"|j|\u2606Finpom\n|j|\u2606Kabuto003\n|t:|1699390183\n|gametype|singles\n|player|p1|Finpom|ingo|1251\n|player|p2|Kabuto003|ghetsis-gen5bw|1173\n|teamsize|p1|6\n|teamsize|p2|6\n|gen|9\n|tier|[Gen 9] National Dex Ubers\n|rated|\n|rule|HP Percentage Mod: HP is shown in percentages\n|rule|Endless Battle Clause: Forcing endless battles is banned\n|rule|OHKO Clause: OHKO moves are banned\n|rule|Evasion Moves Clause: Evasion moves are banned\n|rule|Evasion Items Clause: Evasion items are banned\n|rule|Species Clause: Limit one of each Pok\u00e9mon\n|rule|Sleep Clause Mod: Limit one foe put to sleep\n|rule|Mega Rayquaza Clause: You cannot mega evolve Rayquaza\n|clearpoke\n|poke|p1|Mawile, F|\n|poke|p1|Galvantula, M|\n|poke|p1|Weavile, F|\n|poke|p1|Gliscor, M|\n|poke|p1|Blacephalon|\n|poke|p1|Cyclizar, F|\n|poke|p2|Mewtwo|\n|poke|p2|Necrozma-Dawn-Wings|\n|poke|p2|Ho-Oh|\n|poke|p2|Roaring Moon|\n|poke|p2|Baxcalibur, M|\n|poke|p2|Annihilape, F|\n|teampreview\n|inactive|Battle timer is ON: inactive players will automatically lose when time's up. (requested by Kabuto003)\n|inactive|Finpom also wants the timer to be on.\n|\n|t:|1699390189\n|start\n|switch|p1a: Galvantula|Galvantula, M|100\/100\n|switch|p2a: Necrozma|Necrozma-Dawn-Wings|100\/100\n|turn|1\n|\n|t:|1699390203\n|detailschange|p2a: Necrozma|Necrozma-Ultra\n|-burst|p2a: Necrozma|Necrozma|Ultranecrozium Z\n|move|p2a: Necrozma|Moongeist Beam|p1a: Galvantula\n|-crit|p1a: Galvantula\n|-enditem|p1a: Galvantula|Focus Sash\n|-damage|p1a: Galvantula|1\/100\n|move|p1a: Galvantula|Sticky Web|p2a: Necrozma\n|-sidestart|p2: Kabuto003|move: Sticky Web\n|\n|upkeep\n|turn|2\n|\n|t:|1699390217\n|move|p1a: Galvantula|Protect|p1a: Galvantula\n|-singleturn|p1a: Galvantula|Protect\n|move|p2a: Necrozma|Psyshock|p1a: Galvantula\n|-activate|p1a: Galvantula|move: Protect\n|\n|upkeep\n|turn|3\n|c|\u2606Finpom|galvantula my beloved\n|\n|t:|1699390223\n|move|p2a: Necrozma|Psyshock|p1a: Galvantula\n|-damage|p1a: Galvantula|0 fnt\n|faint|p1a: Galvantula\n|\n|upkeep\n|\n|t:|1699390225\n|switch|p1a: Weavile|Weavile, F|100\/100\n|-ability|p1a: Weavile|Pressure\n|turn|4\n|\n|t:|1699390238\n|move|p1a: Weavile|Fake Out|p2a: Necrozma\n|-damage|p2a: Necrozma|86\/100\n|cant|p2a: Necrozma|flinch\n|\n|upkeep\n|turn|5\n|\n|t:|1699390251\n|move|p2a: Necrozma|Moongeist Beam|p1a: Weavile\n|-resisted|p1a: Weavile\n|-damage|p1a: Weavile|73\/100\n|move|p1a: Weavile|Knock Off|p2a: Necrozma\n|-supereffective|p2a: Necrozma\n|-damage|p2a: Necrozma|22\/100\n|\n|upkeep\n|turn|6\n|\n|t:|1699390258\n|move|p1a: Weavile|Ice Shard|p2a: Necrozma\n|-supereffective|p2a: Necrozma\n|-damage|p2a: Necrozma|0 fnt\n|faint|p2a: Necrozma\n|\n|upkeep\n|inactive|Kabuto003 has 120 seconds left.\n|\n|t:|1699390290\n|switch|p2a: Mewtwo|Mewtwo|100\/100\n|-activate|p2a: Mewtwo|move: Sticky Web\n|-unboost|p2a: Mewtwo|spe|1\n|-ability|p2a: Mewtwo|Pressure\n|turn|7\n|\n|t:|1699390298\n|detailschange|p2a: Mewtwo|Mewtwo-Mega-X\n|-mega|p2a: Mewtwo|Mewtwo|Mewtwonite X\n|move|p1a: Weavile|Knock Off|p2a: Mewtwo\n|-damage|p2a: Mewtwo|69\/100\n|move|p2a: Mewtwo|Bulk Up|p2a: Mewtwo\n|-boost|p2a: Mewtwo|atk|1\n|-boost|p2a: Mewtwo|def|1\n|\n|upkeep\n|turn|8\n|\n|t:|1699390312\n|move|p1a: Weavile|Triple Axel|p2a: Mewtwo\n|-damage|p2a: Mewtwo|63\/100\n|-damage|p2a: Mewtwo|50\/100\n|-damage|p2a: Mewtwo|31\/100\n|-hitcount|p2a: Mewtwo|3\n|move|p2a: Mewtwo|Drain Punch|p1a: Weavile\n|-supereffective|p1a: Weavile\n|-damage|p1a: Weavile|0 fnt\n|-heal|p2a: Mewtwo|60\/100|[from] drain|[of] p1a: Weavile\n|faint|p1a: Weavile\n|\n|upkeep\n|\n|t:|1699390325\n|switch|p1a: Blacephalon|Blacephalon|100\/100\n|turn|9\n|\n|t:|1699390339\n|move|p1a: Blacephalon|Shadow Ball|p2a: Mewtwo\n|-supereffective|p2a: Mewtwo\n|-damage|p2a: Mewtwo|0 fnt\n|faint|p2a: Mewtwo\n|-ability|p1a: Blacephalon|Beast Boost|boost\n|-boost|p1a: Blacephalon|spa|1\n|\n|upkeep\n|\n|t:|1699390353\n|switch|p2a: Annihilape|Annihilape, F, shiny|100\/100\n|-activate|p2a: Annihilape|move: Sticky Web\n|-unboost|p2a: Annihilape|spe|1\n|turn|10\n|\n|t:|1699390359\n|move|p1a: Blacephalon|Shadow Ball|p2a: Annihilape\n|-supereffective|p2a: Annihilape\n|-damage|p2a: Annihilape|0 fnt\n|faint|p2a: Annihilape\n|-ability|p1a: Blacephalon|Beast Boost|boost\n|-boost|p1a: Blacephalon|spa|1\n|\n|upkeep\n|\n|t:|1699390367\n|switch|p2a: Roaring Moon|Roaring Moon, shiny|100\/100\n|-activate|p2a: Roaring Moon|move: Sticky Web\n|-unboost|p2a: Roaring Moon|spe|1\n|turn|11\n|\n|t:|1699390371\n|move|p1a: Blacephalon|Shadow Ball|p2a: Roaring Moon\n|-resisted|p2a: Roaring Moon\n|-damage|p2a: Roaring Moon|50\/100\n|move|p2a: Roaring Moon|Crunch|p1a: Blacephalon\n|-supereffective|p1a: Blacephalon\n|-damage|p1a: Blacephalon|0 fnt\n|faint|p1a: Blacephalon\n|\n|upkeep\n|\n|t:|1699390374\n|switch|p1a: Mawile|Mawile, F|100\/100\n|turn|12\n|\n|t:|1699390390\n|detailschange|p1a: Mawile|Mawile-Mega, F\n|-mega|p1a: Mawile|Mawile|Mawilite\n|move|p2a: Roaring Moon|Earthquake|p1a: Mawile\n|-supereffective|p1a: Mawile\n|-damage|p1a: Mawile|15\/100\n|move|p1a: Mawile|Play Rough|p2a: Roaring Moon\n|-supereffective|p2a: Roaring Moon\n|-damage|p2a: Roaring Moon|0 fnt\n|faint|p2a: Roaring Moon\n|-end|p2a: Roaring Moon|Protosynthesis|[silent]\n|\n|upkeep\n|c|\u2606Finpom|3 dragon types 2 fighting types\n|c|\u2606Finpom|how do you  hit fairies\n|\n|t:|1699390401\n|switch|p2a: Ho-Oh|Ho-Oh, shiny|100\/100\n|-ability|p2a: Ho-Oh|Pressure\n|turn|13\n|\n|t:|1699390413\n|move|p1a: Mawile|Sucker Punch|p2a: Ho-Oh\n|-damage|p2a: Ho-Oh|51\/100\n|move|p2a: Ho-Oh|Zen Headbutt|p1a: Mawile|[miss]\n|-miss|p2a: Ho-Oh|p1a: Mawile\n|\n|upkeep\n|turn|14\n|\n|t:|1699390420\n|move|p1a: Mawile|Sucker Punch|p2a: Ho-Oh\n|-damage|p2a: Ho-Oh|6\/100\n|move|p2a: Ho-Oh|Frustration|p1a: Mawile\n|-resisted|p1a: Mawile\n|-damage|p1a: Mawile|0 fnt\n|faint|p1a: Mawile\n|-damage|p2a: Ho-Oh|0 fnt|[from] item: Life Orb\n|faint|p2a: Ho-Oh\n|\n|upkeep\n|\n|t:|1699390431\n|switch|p2a: Baxcalibur|Baxcalibur, M, shiny|100\/100\n|switch|p1a: Cyclizar|Cyclizar, F|100\/100\n|-activate|p2a: Baxcalibur|move: Sticky Web\n|-unboost|p2a: Baxcalibur|spe|1\n|turn|15\n|\n|t:|1699390441\n|move|p2a: Baxcalibur|Ice Shard|p1a: Cyclizar\n|-supereffective|p1a: Cyclizar\n|-damage|p1a: Cyclizar|2\/100\n|-damage|p2a: Baxcalibur|91\/100|[from] item: Life Orb\n|move|p1a: Cyclizar|Shed Tail|p1a: Cyclizar\n|-fail|p1a: Cyclizar|move: Shed Tail|[weak]\n|\n|upkeep\n|turn|16\n|c|\u2606Finpom|oh yeah this thing has 2 defense\n|\n|t:|1699390452\n|move|p2a: Baxcalibur|Ice Shard|p1a: Cyclizar\n|-supereffective|p1a: Cyclizar\n|-damage|p1a: Cyclizar|0 fnt\n|faint|p1a: Cyclizar\n|-damage|p2a: Baxcalibur|81\/100|[from] item: Life Orb\n|\n|upkeep\n|\n|t:|1699390453\n|switch|p1a: Gliscor|Gliscor, M|100\/100\n|turn|17\n|\n|t:|1699390458\n|-terastallize|p1a: Gliscor|Steel\n|move|p2a: Baxcalibur|Ice Shard|p1a: Gliscor\n|-resisted|p1a: Gliscor\n|-damage|p1a: Gliscor|91\/100\n|-damage|p2a: Baxcalibur|71\/100|[from] item: Life Orb\n|move|p1a: Gliscor|Toxic|p2a: Baxcalibur\n|-status|p2a: Baxcalibur|tox\n|\n|-damage|p2a: Baxcalibur|64\/100 tox|[from] psn\n|upkeep\n|turn|18\n|\n|t:|1699390470\n|move|p1a: Gliscor|Protect|p1a: Gliscor\n|-singleturn|p1a: Gliscor|Protect\n|move|p2a: Baxcalibur|Earthquake|p1a: Gliscor\n|-activate|p1a: Gliscor|move: Protect\n|\n|-damage|p2a: Baxcalibur|52\/100 tox|[from] psn\n|upkeep\n|turn|19\n|\n|t:|1699390477\n|move|p1a: Gliscor|Earthquake|p2a: Baxcalibur\n|-damage|p2a: Baxcalibur|21\/100 tox\n|move|p2a: Baxcalibur|Earthquake|p1a: Gliscor\n|-supereffective|p1a: Gliscor\n|-damage|p1a: Gliscor|32\/100\n|-damage|p2a: Baxcalibur|11\/100 tox|[from] item: Life Orb\n|\n|-damage|p2a: Baxcalibur|0 fnt|[from] psn\n|faint|p2a: Baxcalibur\n|\n|win|Finpom\n|upkeep\n|raw|Finpom's rating: 1251 &rarr; <strong>1270<\/strong><br \/>(+19 for winning)\n|raw|Kabuto003's rating: 1173 &rarr; <strong>1154<\/strong><br \/>(-19 for losing)\n|l|\u2606Kabuto003\n","uploadtime":1699390488,"views":4,"p1id":"finpom","p2id":"kabuto003","formatid":"gen9nationaldexubers","rating":1154,"private":0,"password":""}