{"id":"gen9nationaldexubers-1991562846","p1":"Wiber","p2":"mr Deuzp","format":"[Gen 9] National Dex Ubers","log":"|j|\u2606Wiber\n|j|\u2606mr Deuzp\n|t:|1700088688\n|gametype|singles\n|player|p1|Wiber|elesa|1281\n|player|p2|mr Deuzp|shadowtriad|1346\n|teamsize|p1|6\n|teamsize|p2|6\n|gen|9\n|tier|[Gen 9] National Dex Ubers\n|rated|\n|rule|HP Percentage Mod: HP is shown in percentages\n|rule|Endless Battle Clause: Forcing endless battles is banned\n|rule|OHKO Clause: OHKO moves are banned\n|rule|Evasion Moves Clause: Evasion moves are banned\n|rule|Evasion Items Clause: Evasion items are banned\n|rule|Species Clause: Limit one of each Pok\u00e9mon\n|rule|Sleep Clause Mod: Limit one foe put to sleep\n|rule|Mega Rayquaza Clause: You cannot mega evolve Rayquaza\n|clearpoke\n|poke|p1|Mewtwo|\n|poke|p1|Magearna|\n|poke|p1|Banette, F|\n|poke|p1|Groudon|\n|poke|p1|Ho-Oh|\n|poke|p1|Beedrill, M|\n|poke|p2|Urshifu-*, M|\n|poke|p2|Salamence, M|\n|poke|p2|Groudon|\n|poke|p2|Darmanitan-Galar, M|\n|poke|p2|Necrozma-Dawn-Wings|\n|poke|p2|Dracovish|\n|teampreview\n|inactive|Battle timer is ON: inactive players will automatically lose when time's up. (requested by Wiber)\n|\n|t:|1700088701\n|start\n|switch|p1a: Banette|Banette, F|100\/100\n|switch|p2a: Darmanitan|Darmanitan-Galar, M, shiny|100\/100\n|turn|1\n|\n|t:|1700088704\n|detailschange|p1a: Banette|Banette-Mega, F\n|-mega|p1a: Banette|Banette|Banettite\n|move|p1a: Banette|Thunder Wave|p2a: Darmanitan\n|-status|p2a: Darmanitan|par\n|cant|p2a: Darmanitan|par\n|\n|upkeep\n|turn|2\n|\n|t:|1700088714\n|switch|p1a: Groudon|Groudon|100\/100\n|detailschange|p1a: Groudon|Groudon-Primal\n|-primal|p1a: Groudon|Red Orb\n|-weather|DesolateLand|[from] ability: Desolate Land|[of] p1a: Groudon\n|move|p2a: Darmanitan|U-turn|p1a: Groudon\n|-resisted|p1a: Groudon\n|-damage|p1a: Groudon|92\/100\n|\n|t:|1700088722\n|switch|p2a: Urshifu|Urshifu, M|100\/100|[from] U-turn\n|\n|-weather|DesolateLand|[upkeep]\n|upkeep\n|turn|3\n|\n|t:|1700088733\n|move|p2a: Urshifu|Wicked Blow|p1a: Groudon\n|-crit|p1a: Groudon\n|-damage|p1a: Groudon|65\/100\n|move|p1a: Groudon|Heat Crash|p2a: Urshifu\n|-enditem|p2a: Urshifu|Focus Sash\n|-damage|p2a: Urshifu|1\/100\n|\n|-weather|DesolateLand|[upkeep]\n|upkeep\n|turn|4\n|\n|t:|1700088741\n|move|p2a: Urshifu|Acrobatics|p1a: Groudon\n|-damage|p1a: Groudon|49\/100\n|move|p1a: Groudon|Stealth Rock|p2a: Urshifu\n|-sidestart|p2: mr Deuzp|move: Stealth Rock\n|\n|-weather|DesolateLand|[upkeep]\n|upkeep\n|turn|5\n|\n|t:|1700088744\n|move|p2a: Urshifu|Acrobatics|p1a: Groudon\n|-damage|p1a: Groudon|33\/100\n|move|p1a: Groudon|Heat Crash|p2a: Urshifu\n|-damage|p2a: Urshifu|0 fnt\n|faint|p2a: Urshifu\n|\n|-weather|DesolateLand|[upkeep]\n|upkeep\n|\n|t:|1700088750\n|switch|p2a: Groudon|Groudon, shiny|100\/100\n|-damage|p2a: Groudon|94\/100|[from] Stealth Rock\n|detailschange|p2a: Groudon|Groudon-Primal, shiny\n|-primal|p2a: Groudon|Red Orb\n|turn|6\n|\n|t:|1700088754\n|move|p2a: Groudon|Rock Polish|p2a: Groudon\n|-boost|p2a: Groudon|spe|2\n|move|p1a: Groudon|Precipice Blades|p2a: Groudon|[miss]\n|-miss|p1a: Groudon|p2a: Groudon\n|\n|-weather|DesolateLand|[upkeep]\n|upkeep\n|turn|7\n|\n|t:|1700088761\n|move|p2a: Groudon|Precipice Blades|p1a: Groudon\n|-supereffective|p1a: Groudon\n|-damage|p1a: Groudon|0 fnt\n|faint|p1a: Groudon\n|\n|-weather|DesolateLand|[upkeep]\n|upkeep\n|\n|t:|1700088767\n|switch|p1a: Ho-Oh|Ho-Oh|100\/100\n|turn|8\n|\n|t:|1700088769\n|move|p2a: Groudon|Heat Crash|p1a: Ho-Oh\n|-resisted|p1a: Ho-Oh\n|-damage|p1a: Ho-Oh|41\/100\n|move|p1a: Ho-Oh|Toxic|p2a: Groudon\n|-status|p2a: Groudon|tox\n|\n|-weather|DesolateLand|[upkeep]\n|-damage|p2a: Groudon|88\/100 tox|[from] psn\n|upkeep\n|turn|9\n|\n|t:|1700088787\n|switch|p1a: Banette|Banette-Mega, F|100\/100\n|move|p2a: Groudon|Heat Crash|p1a: Banette\n|-damage|p1a: Banette|0 fnt\n|faint|p1a: Banette\n|\n|-weather|DesolateLand|[upkeep]\n|-damage|p2a: Groudon|76\/100 tox|[from] psn\n|upkeep\n|\n|t:|1700088790\n|switch|p1a: Ho-Oh|Ho-Oh|74\/100\n|turn|10\n|\n|t:|1700088792\n|move|p2a: Groudon|Heat Crash|p1a: Ho-Oh\n|-resisted|p1a: Ho-Oh\n|-damage|p1a: Ho-Oh|14\/100\n|move|p1a: Ho-Oh|Roost|p1a: Ho-Oh\n|-heal|p1a: Ho-Oh|64\/100\n|-singleturn|p1a: Ho-Oh|move: Roost\n|\n|-weather|DesolateLand|[upkeep]\n|-damage|p2a: Groudon|57\/100 tox|[from] psn\n|upkeep\n|turn|11\n|\n|t:|1700088803\n|move|p2a: Groudon|Body Press|p1a: Ho-Oh\n|-resisted|p1a: Ho-Oh\n|-damage|p1a: Ho-Oh|52\/100\n|move|p1a: Ho-Oh|Roost|p1a: Ho-Oh\n|-heal|p1a: Ho-Oh|100\/100\n|-singleturn|p1a: Ho-Oh|move: Roost\n|\n|-weather|DesolateLand|[upkeep]\n|-damage|p2a: Groudon|33\/100 tox|[from] psn\n|upkeep\n|turn|12\n|\n|t:|1700088814\n|-weather|none\n|switch|p2a: Dracovish|Dracovish, shiny|100\/100\n|-damage|p2a: Dracovish|88\/100|[from] Stealth Rock\n|move|p1a: Ho-Oh|Roost||[still]\n|-fail|p1a: Ho-Oh|heal\n|\n|upkeep\n|turn|13\n|\n|t:|1700088828\n|switch|p1a: Beedrill|Beedrill, M|100\/100\n|-terastallize|p2a: Dracovish|Water\n|move|p2a: Dracovish|Fishious Rend|p1a: Beedrill\n|-damage|p1a: Beedrill|0 fnt\n|faint|p1a: Beedrill\n|\n|upkeep\n|\n|t:|1700088835\n|switch|p1a: Magearna|Magearna|100\/100\n|turn|14\n|\n|t:|1700088838\n|move|p2a: Dracovish|Fishious Rend|p1a: Magearna\n|-damage|p1a: Magearna|0 fnt\n|faint|p1a: Magearna\n|\n|upkeep\n|\n|t:|1700088843\n|switch|p1a: Mewtwo|Mewtwo|100\/100\n|-ability|p1a: Mewtwo|Pressure\n|turn|15\n|\n|t:|1700088856\n|move|p2a: Dracovish|Fishious Rend|p1a: Mewtwo\n|-damage|p1a: Mewtwo|0 fnt\n|faint|p1a: Mewtwo\n|\n|upkeep\n|\n|t:|1700088860\n|switch|p1a: Ho-Oh|Ho-Oh|100\/100\n|turn|16\n|\n|t:|1700088863\n|move|p2a: Dracovish|Fishious Rend|p1a: Ho-Oh\n|-supereffective|p1a: Ho-Oh\n|-damage|p1a: Ho-Oh|0 fnt\n|faint|p1a: Ho-Oh\n|\n|win|mr Deuzp\n|raw|Wiber's rating: 1281 &rarr; <strong>1261<\/strong><br \/>(-20 for losing)\n|raw|mr Deuzp's rating: 1346 &rarr; <strong>1362<\/strong><br \/>(+16 for winning)\n|l|\u2606Wiber\n","uploadtime":1700088875,"views":10,"p1id":"wiber","p2id":"mrdeuzp","formatid":"gen9nationaldexubers","rating":1261,"private":0,"password":""}