{"id":"gen9nationaldexubers-1988114406","p1":"HarmTurtle","p2":"Rio34","format":"[Gen 9] National Dex Ubers","log":"|j|\u2606HarmTurtle\n|j|\u2606Rio34\n|t:|1699671302\n|gametype|singles\n|player|p1|HarmTurtle|carmine-festival|\n|player|p2|Rio34|riley|\n|teamsize|p1|6\n|teamsize|p2|6\n|gen|9\n|tier|[Gen 9] National Dex Ubers\n|rule|HP Percentage Mod: HP is shown in percentages\n|rule|Endless Battle Clause: Forcing endless battles is banned\n|rule|OHKO Clause: OHKO moves are banned\n|rule|Evasion Moves Clause: Evasion moves are banned\n|rule|Evasion Items Clause: Evasion items are banned\n|rule|Species Clause: Limit one of each Pok\u00e9mon\n|rule|Sleep Clause Mod: Limit one foe put to sleep\n|rule|Mega Rayquaza Clause: You cannot mega evolve Rayquaza\n|clearpoke\n|poke|p1|Veluza, F|\n|poke|p1|Mr. Rime, F|\n|poke|p1|Tauros, M|\n|poke|p1|Azumarill, F|\n|poke|p1|Brute Bonnet|\n|poke|p1|Sandy Shocks|\n|poke|p2|Celesteela|\n|poke|p2|Ariados, M|\n|poke|p2|Mismagius, F|\n|poke|p2|Noivern, M|\n|poke|p2|Kingdra, M|\n|poke|p2|Gengar, M|\n|teampreview\n|j| DarthBowser151\n|c|\u2606HarmTurtle|gl hf! part 2\n|\n|t:|1699671326\n|start\n|switch|p1a: brutish bonbon|Brute Bonnet|100\/100\n|switch|p2a: Ariados|Ariados, M|100\/100\n|turn|1\n|\n|t:|1699671335\n|move|p1a: brutish bonbon|Spore|p2a: Ariados\n|-status|p2a: Ariados|slp|[from] move: Spore\n|cant|p2a: Ariados|slp\n|\n|upkeep\n|turn|2\n|\n|t:|1699671349\n|-end|p1a: brutish bonbon|Protosynthesis|[silent]\n|switch|p1a: ye ol' rimes|Mr. Rime, F, shiny|100\/100\n|-curestatus|p2a: Ariados|slp|[msg]\n|move|p2a: Ariados|Sticky Web|p1a: ye ol' rimes\n|-sidestart|p1: HarmTurtle|move: Sticky Web\n|\n|upkeep\n|turn|3\n|\n|t:|1699671359\n|move|p1a: ye ol' rimes|Rapid Spin|p2a: Ariados\n|-damage|p2a: Ariados|88\/100\n|-boost|p1a: ye ol' rimes|spe|1\n|-sideend|p1: HarmTurtle|Sticky Web|[from] move: Rapid Spin|[of] p1a: ye ol' rimes\n|move|p2a: Ariados|X-Scissor|p1a: ye ol' rimes\n|-supereffective|p1a: ye ol' rimes\n|-damage|p1a: ye ol' rimes|35\/100\n|\n|-heal|p2a: Ariados|94\/100|[from] item: Leftovers\n|upkeep\n|turn|4\n|\n|t:|1699671384\n|switch|p1a: the OG|Tauros, M|100\/100\n|move|p2a: Ariados|X-Scissor|p1a: the OG\n|-damage|p1a: the OG|71\/100\n|\n|-heal|p2a: Ariados|99\/100|[from] item: Leftovers\n|upkeep\n|turn|5\n|\n|t:|1699671397\n|move|p2a: Ariados|Sucker Punch|p1a: the OG\n|-damage|p1a: the OG|54\/100\n|move|p1a: the OG|Rock Slide|p2a: Ariados\n|-supereffective|p2a: Ariados\n|-damage|p2a: Ariados|3\/100\n|\n|-heal|p2a: Ariados|10\/100|[from] item: Leftovers\n|upkeep\n|turn|6\n|\n|t:|1699671410\n|move|p2a: Ariados|Sucker Punch|p1a: the OG\n|-damage|p1a: the OG|36\/100\n|move|p1a: the OG|Iron Head|p2a: Ariados\n|-damage|p2a: Ariados|0 fnt\n|faint|p2a: Ariados\n|\n|upkeep\n|\n|t:|1699671419\n|switch|p2a: Kingdra|Kingdra, M|100\/100\n|turn|7\n|\n|t:|1699671448\n|move|p1a: the OG|Double-Edge|p2a: Kingdra\n|-damage|p2a: Kingdra|19\/100\n|-damage|p1a: the OG|9\/100|[from] Recoil\n|-damage|p1a: the OG|0 fnt|[from] item: Life Orb\n|faint|p1a: the OG\n|move|p2a: Kingdra|Flip Turn|p1: the OG|[notarget]\n|-fail|p2a: Kingdra\n|\n|upkeep\n|\n|t:|1699671477\n|switch|p1a: fizzy pop|Azumarill, F|100\/100\n|turn|8\n|\n|t:|1699671483\n|move|p2a: Kingdra|Flip Turn|p1a: fizzy pop\n|-resisted|p1a: fizzy pop\n|-damage|p1a: fizzy pop|88\/100\n|-damage|p2a: Kingdra|9\/100|[from] item: Life Orb\n|\n|t:|1699671497\n|switch|p2a: Mismagius|Mismagius, F|100\/100|[from] Flip Turn\n|move|p1a: fizzy pop|Ice Spinner|p2a: Mismagius\n|-damage|p2a: Mismagius|18\/100\n|\n|-heal|p2a: Mismagius|24\/100|[from] item: Leftovers\n|upkeep\n|turn|9\n|\n|t:|1699671525\n|switch|p1a: sandy socks|Sandy Shocks|100\/100\n|-enditem|p1a: sandy socks|Booster Energy\n|-activate|p1a: sandy socks|ability: Protosynthesis|[fromitem]\n|-start|p1a: sandy socks|protosynthesisspe\n|move|p2a: Mismagius|Will-O-Wisp|p1a: sandy socks\n|-status|p1a: sandy socks|brn\n|\n|-heal|p2a: Mismagius|30\/100|[from] item: Leftovers\n|-damage|p1a: sandy socks|94\/100 brn|[from] brn\n|upkeep\n|turn|10\n|\n|t:|1699671536\n|move|p1a: sandy socks|Stealth Rock|p2a: Mismagius\n|-sidestart|p2: Rio34|move: Stealth Rock\n|move|p2a: Mismagius|Hex|p1a: sandy socks\n|-damage|p1a: sandy socks|38\/100 brn\n|\n|-heal|p2a: Mismagius|36\/100|[from] item: Leftovers\n|-damage|p1a: sandy socks|32\/100 brn|[from] brn\n|upkeep\n|turn|11\n|\n|t:|1699671545\n|move|p1a: sandy socks|Discharge|p2a: Mismagius\n|-damage|p2a: Mismagius|0 fnt\n|faint|p2a: Mismagius\n|\n|-damage|p1a: sandy socks|26\/100 brn|[from] brn\n|upkeep\n|\n|t:|1699671552\n|switch|p2a: Noivern|Noivern, M, shiny|100\/100\n|turn|12\n|\n|t:|1699671557\n|move|p1a: sandy socks|Discharge|p2a: Noivern\n|-damage|p2a: Noivern|49\/100\n|move|p2a: Noivern|Defog|p1a: sandy socks\n|-unboost|p1a: sandy socks|evasion|1\n|-sideend|p2: Rio34|Stealth Rock|[from] move: Defog|[of] p2a: Noivern\n|\n|-damage|p1a: sandy socks|20\/100 brn|[from] brn\n|upkeep\n|turn|13\n|\n|t:|1699671568\n|move|p1a: sandy socks|Discharge|p2a: Noivern\n|-damage|p2a: Noivern|0 fnt\n|faint|p2a: Noivern\n|\n|-damage|p1a: sandy socks|14\/100 brn|[from] brn\n|upkeep\n|\n|t:|1699671577\n|switch|p2a: Kingdra|Kingdra, M|9\/100\n|turn|14\n|\n|t:|1699671582\n|move|p1a: sandy socks|Stealth Rock|p2a: Kingdra\n|-sidestart|p2: Rio34|move: Stealth Rock\n|move|p2a: Kingdra|Scald|p1a: sandy socks\n|-supereffective|p1a: sandy socks\n|-damage|p1a: sandy socks|0 fnt\n|faint|p1a: sandy socks\n|-end|p1a: sandy socks|Protosynthesis|[silent]\n|-damage|p2a: Kingdra|0 fnt|[from] item: Life Orb\n|faint|p2a: Kingdra\n|\n|upkeep\n|\n|t:|1699671615\n|switch|p1a: fizzy pop|Azumarill, F|88\/100\n|switch|p2a: Gengar|Gengar, M|100\/100\n|-damage|p2a: Gengar|88\/100|[from] Stealth Rock\n|turn|15\n|\n|t:|1699671622\n|-terastallize|p1a: fizzy pop|Water\n|move|p1a: fizzy pop|Aqua Jet|p2a: Gengar\n|-damage|p2a: Gengar|0 fnt\n|faint|p2a: Gengar\n|\n|upkeep\n|\n|t:|1699671636\n|switch|p2a: Celesteela|Celesteela|100\/100\n|-damage|p2a: Celesteela|88\/100|[from] Stealth Rock\n|turn|16\n|\n|t:|1699671656\n|move|p1a: fizzy pop|Aqua Jet|p2a: Celesteela\n|-damage|p2a: Celesteela|43\/100\n|move|p2a: Celesteela|Zen Headbutt|p1a: fizzy pop\n|-damage|p1a: fizzy pop|57\/100\n|\n|-heal|p2a: Celesteela|49\/100|[from] item: Leftovers\n|upkeep\n|turn|17\n|\n|t:|1699671677\n|-terastallize|p2a: Celesteela|Steel\n|move|p1a: fizzy pop|Aqua Jet|p2a: Celesteela\n|-damage|p2a: Celesteela|4\/100\n|move|p2a: Celesteela|Gyro Ball|p1a: fizzy pop\n|-resisted|p1a: fizzy pop\n|-damage|p1a: fizzy pop|43\/100\n|\n|-heal|p2a: Celesteela|10\/100|[from] item: Leftovers\n|upkeep\n|turn|18\n|\n|t:|1699671686\n|move|p1a: fizzy pop|Aqua Jet|p2a: Celesteela\n|-damage|p2a: Celesteela|0 fnt\n|faint|p2a: Celesteela\n|\n|win|HarmTurtle\n","uploadtime":1699671692,"views":5,"p1id":"harmturtle","p2id":"rio34","formatid":"gen9nationaldexubers","rating":0,"private":0,"password":""}