{"id":"gen9nationaldexubers-1988598602","p1":"Death of Mimikyu","p2":"Scyche","format":"[Gen 9] National Dex Ubers","log":"|j|\u2606Death of Mimikyu\n|j|\u2606Scyche\n|t:|1699740382\n|gametype|singles\n|player|p1|Death of Mimikyu|cynthia-masters3|\n|player|p2|Scyche|morty-masters|\n|teamsize|p1|6\n|teamsize|p2|6\n|gen|9\n|tier|[Gen 9] National Dex Ubers\n|rule|HP Percentage Mod: HP is shown in percentages\n|rule|Endless Battle Clause: Forcing endless battles is banned\n|rule|OHKO Clause: OHKO moves are banned\n|rule|Evasion Moves Clause: Evasion moves are banned\n|rule|Evasion Items Clause: Evasion items are banned\n|rule|Species Clause: Limit one of each Pok\u00e9mon\n|rule|Sleep Clause Mod: Limit one foe put to sleep\n|rule|Mega Rayquaza Clause: You cannot mega evolve Rayquaza\n|clearpoke\n|poke|p1|Necrozma-Dawn-Wings|\n|poke|p1|Roaring Moon|\n|poke|p1|Ogerpon-Wellspring, F|\n|poke|p1|Iron Hands|\n|poke|p1|Garganacl, F|\n|poke|p1|Kleavor, M|\n|poke|p2|Deoxys-Speed|\n|poke|p2|Houndstone, M|\n|poke|p2|Zygarde|\n|poke|p2|Tyranitar, M|\n|poke|p2|Excadrill, F|\n|poke|p2|Landorus, M|\n|teampreview\n|inactive|Battle timer is ON: inactive players will automatically lose when time's up. (requested by Death of Mimikyu)\n|c|\u2606Death of Mimikyu|glhf\n|\n|t:|1699740406\n|start\n|switch|p1a: Roaring Moon|Roaring Moon|100\/100\n|switch|p2a: Dio|Deoxys-Speed, shiny|100\/100\n|-ability|p2a: Dio|Pressure\n|turn|1\n|c|\u2606Scyche|you too\n|\n|t:|1699740414\n|move|p2a: Dio|Stealth Rock|p1a: Roaring Moon\n|-sidestart|p1: Death of Mimikyu|move: Stealth Rock\n|move|p1a: Roaring Moon|Dragon Dance|p1a: Roaring Moon\n|-boost|p1a: Roaring Moon|atk|1\n|-boost|p1a: Roaring Moon|spe|1\n|\n|upkeep\n|turn|2\n|\n|t:|1699740418\n|move|p1a: Roaring Moon|Knock Off|p2a: Dio\n|-supereffective|p2a: Dio\n|-enditem|p2a: Dio|Focus Sash\n|-damage|p2a: Dio|1\/100\n|move|p2a: Dio|Taunt|p1a: Roaring Moon\n|-start|p1a: Roaring Moon|move: Taunt\n|\n|upkeep\n|turn|3\n|\n|t:|1699740426\n|move|p1a: Roaring Moon|Knock Off|p2a: Dio\n|-supereffective|p2a: Dio\n|-damage|p2a: Dio|0 fnt\n|faint|p2a: Dio\n|\n|upkeep\n|\n|t:|1699740428\n|switch|p2a: Tygarde|Tyranitar, M, shiny|100\/100\n|-weather|Sandstorm|[from] ability: Sand Stream|[of] p2a: Tygarde\n|turn|4\n|\n|t:|1699740435\n|-terastallize|p2a: Tygarde|Fairy\n|move|p1a: Roaring Moon|Earthquake|p2a: Tygarde\n|-damage|p2a: Tygarde|51\/100\n|move|p2a: Tygarde|Thunder Wave|p1a: Roaring Moon\n|-status|p1a: Roaring Moon|par\n|\n|-weather|Sandstorm|[upkeep]\n|-damage|p1a: Roaring Moon|95\/100 par|[from] Sandstorm\n|-damage|p2a: Tygarde|45\/100|[from] Sandstorm\n|upkeep\n|turn|5\n|\n|t:|1699740443\n|switch|p2a: Lando|Landorus, M, shiny|100\/100\n|move|p1a: Roaring Moon|Earthquake|p2a: Lando\n|-immune|p2a: Lando\n|\n|-weather|Sandstorm|[upkeep]\n|-damage|p1a: Roaring Moon|89\/100 par|[from] Sandstorm\n|-end|p1a: Roaring Moon|move: Taunt\n|upkeep\n|turn|6\n|c|\u2606Death of Mimikyu|it learns twave?\n|c|\u2606Death of Mimikyu|interesting\n|\n|t:|1699740451\n|move|p2a: Lando|Earth Power|p1a: Roaring Moon\n|-damage|p1a: Roaring Moon|24\/100 par\n|move|p1a: Roaring Moon|Knock Off|p2a: Lando\n|-damage|p2a: Lando|0 fnt\n|-enditem|p2a: Lando|Life Orb|[from] move: Knock Off|[of] p1a: Roaring Moon\n|faint|p2a: Lando\n|\n|-weather|Sandstorm|[upkeep]\n|-damage|p1a: Roaring Moon|18\/100 par|[from] Sandstorm\n|upkeep\n|c|\u2606Scyche|yeah haha, one of my favorite pokemon of all tiem\n|\n|t:|1699740464\n|switch|p2a: Simon|Excadrill, F, shiny|100\/100\n|turn|7\n|c|\u2606Death of Mimikyu|fair lol\n|\n|t:|1699740473\n|move|p2a: Simon|Iron Head|p1a: Roaring Moon\n|-damage|p1a: Roaring Moon|0 fnt\n|faint|p1a: Roaring Moon\n|-end|p1a: Roaring Moon|Protosynthesis|[silent]\n|\n|-weather|Sandstorm|[upkeep]\n|upkeep\n|\n|t:|1699740475\n|switch|p1a: Necrozma|Necrozma-Dawn-Wings|100\/100\n|-damage|p1a: Necrozma|88\/100|[from] Stealth Rock\n|turn|8\n|\n|t:|1699740485\n|detailschange|p1a: Necrozma|Necrozma-Ultra\n|-burst|p1a: Necrozma|Necrozma|Ultranecrozium Z\n|move|p2a: Simon|Earthquake|p1a: Necrozma\n|-damage|p1a: Necrozma|41\/100\n|move|p1a: Necrozma|Moongeist Beam|p2a: Simon\n|-damage|p2a: Simon|44\/100\n|\n|-weather|Sandstorm|[upkeep]\n|-damage|p1a: Necrozma|35\/100|[from] Sandstorm\n|upkeep\n|turn|9\n|\n|t:|1699740494\n|move|p2a: Simon|Earthquake|p1a: Necrozma\n|-damage|p1a: Necrozma|0 fnt\n|faint|p1a: Necrozma\n|\n|-weather|Sandstorm|[upkeep]\n|upkeep\n|\n|t:|1699740502\n|switch|p1a: Kleavor|Kleavor, M|100\/100\n|-damage|p1a: Kleavor|76\/100|[from] Stealth Rock\n|turn|10\n|\n|t:|1699740522\n|move|p2a: Simon|Iron Head|p1a: Kleavor\n|-supereffective|p1a: Kleavor\n|-damage|p1a: Kleavor|0 fnt\n|faint|p1a: Kleavor\n|\n|-weather|Sandstorm|[upkeep]\n|upkeep\n|\n|t:|1699740526\n|switch|p1a: Ogerpon|Ogerpon-Wellspring, F|100\/100\n|-damage|p1a: Ogerpon|88\/100|[from] Stealth Rock\n|turn|11\n|c|\u2606Death of Mimikyu|rip kleavor\n|\n|t:|1699740546\n|move|p2a: Simon|Earthquake|p1a: Ogerpon\n|-resisted|p1a: Ogerpon\n|-damage|p1a: Ogerpon|54\/100\n|move|p1a: Ogerpon|Trailblaze|p2a: Simon\n|-damage|p2a: Simon|3\/100\n|-boost|p1a: Ogerpon|spe|1\n|\n|-weather|none\n|upkeep\n|turn|12\n|\n|t:|1699740557\n|switch|p2a: Tygarde|Tyranitar, M, shiny, tera:Fairy|45\/100\n|-weather|Sandstorm|[from] ability: Sand Stream|[of] p2a: Tygarde\n|move|p1a: Ogerpon|Trailblaze|p2a: Tygarde\n|-damage|p2a: Tygarde|23\/100\n|-boost|p1a: Ogerpon|spe|1\n|\n|-weather|Sandstorm|[upkeep]\n|-damage|p1a: Ogerpon|48\/100|[from] Sandstorm\n|-damage|p2a: Tygarde|16\/100|[from] Sandstorm\n|upkeep\n|turn|13\n|\n|t:|1699740565\n|move|p1a: Ogerpon|Horn Leech|p2a: Tygarde\n|-damage|p2a: Tygarde|0 fnt\n|-heal|p1a: Ogerpon|59\/100|[from] drain|[of] p2a: Tygarde\n|faint|p2a: Tygarde\n|\n|-weather|Sandstorm|[upkeep]\n|-damage|p1a: Ogerpon|53\/100|[from] Sandstorm\n|upkeep\n|\n|t:|1699740579\n|switch|p2a: Gome|Houndstone, M, shiny|100\/100\n|turn|14\n|inactive|Death of Mimikyu has 270 seconds left.\n|\n|t:|1699740620\n|-terastallize|p1a: Ogerpon|Water\n|detailschange|p1a: Ogerpon|Ogerpon-Wellspring-Tera, F, tera:Water\n|-ability|p1a: Ogerpon|Embody Aspect (Wellspring)|boost\n|-boost|p1a: Ogerpon|spd|1\n|move|p1a: Ogerpon|Ivy Cudgel|p2a: Gome\n|-damage|p2a: Gome|10\/100\n|move|p2a: Gome|Last Respects|p1a: Ogerpon\n|-damage|p1a: Ogerpon|0 fnt\n|faint|p1a: Ogerpon\n|\n|-weather|Sandstorm|[upkeep]\n|upkeep\n|c|\u2606Death of Mimikyu|Damn\n|c|\u2606Death of Mimikyu|I knew i shouldve sd'd\n|\n|t:|1699740642\n|switch|p1a: Garganacl|Garganacl, F|100\/100\n|-damage|p1a: Garganacl|88\/100|[from] Stealth Rock\n|turn|15\n|\n|t:|1699740644\n|move|p2a: Gome|Last Respects|p1a: Garganacl\n|-damage|p1a: Garganacl|36\/100\n|move|p1a: Garganacl|Iron Defense|p1a: Garganacl\n|-boost|p1a: Garganacl|def|2\n|\n|-weather|Sandstorm|[upkeep]\n|-heal|p1a: Garganacl|42\/100|[from] item: Leftovers\n|upkeep\n|turn|16\n|\n|t:|1699740648\n|move|p2a: Gome|Last Respects|p1a: Garganacl\n|-damage|p1a: Garganacl|17\/100\n|move|p1a: Garganacl|Recover|p1a: Garganacl\n|-heal|p1a: Garganacl|67\/100\n|\n|-weather|Sandstorm|[upkeep]\n|-heal|p1a: Garganacl|73\/100|[from] item: Leftovers\n|upkeep\n|turn|17\n|\n|t:|1699740652\n|switch|p2a: Simon|Excadrill, F, shiny|3\/100\n|move|p1a: Garganacl|Iron Defense|p1a: Garganacl\n|-boost|p1a: Garganacl|def|2\n|\n|-weather|Sandstorm|[upkeep]\n|-heal|p1a: Garganacl|79\/100|[from] item: Leftovers\n|upkeep\n|turn|18\n|\n|t:|1699740656\n|move|p2a: Simon|Iron Head|p1a: Garganacl\n|-supereffective|p1a: Garganacl\n|-damage|p1a: Garganacl|61\/100\n|cant|p1a: Garganacl|flinch\n|\n|-weather|Sandstorm|[upkeep]\n|-heal|p1a: Garganacl|67\/100|[from] item: Leftovers\n|upkeep\n|turn|19\n|\n|t:|1699740659\n|switch|p2a: Gome|Houndstone, M, shiny|10\/100\n|move|p1a: Garganacl|Recover|p1a: Garganacl\n|-heal|p1a: Garganacl|100\/100\n|\n|-weather|none\n|upkeep\n|turn|20\n|\n|t:|1699740663\n|move|p2a: Gome|Trick|p1a: Garganacl\n|-activate|p2a: Gome|move: Trick|[of] p1a: Garganacl\n|-item|p1a: Garganacl|Choice Band|[from] move: Trick\n|-item|p2a: Gome|Leftovers|[from] move: Trick\n|move|p1a: Garganacl|Salt Cure|p2a: Gome\n|-damage|p2a: Gome|0 fnt\n|faint|p2a: Gome\n|\n|upkeep\n|\n|t:|1699740667\n|switch|p2a: Zygadre|Zygarde, shiny|100\/100\n|turn|21\n|\n|t:|1699740670\n|move|p2a: Zygadre|Substitute|p2a: Zygadre\n|-start|p2a: Zygadre|Substitute\n|-damage|p2a: Zygadre|76\/100\n|move|p1a: Garganacl|Salt Cure|p2a: Zygadre\n|-resisted|p2a: Zygadre\n|-activate|p2a: Zygadre|move: Substitute|[damage]\n|\n|-heal|p2a: Zygadre|82\/100|[from] item: Leftovers\n|upkeep\n|turn|22\n|\n|t:|1699740697\n|move|p2a: Zygadre|Dragon Dance|p2a: Zygadre\n|-boost|p2a: Zygadre|atk|1\n|-boost|p2a: Zygadre|spe|1\n|move|p1a: Garganacl|Salt Cure|p2a: Zygadre\n|-resisted|p2a: Zygadre\n|-activate|p2a: Zygadre|move: Substitute|[damage]\n|\n|-heal|p2a: Zygadre|88\/100|[from] item: Leftovers\n|upkeep\n|turn|23\n|\n|t:|1699740703\n|switch|p1a: Iron Hands|Iron Hands|100\/100\n|-damage|p1a: Iron Hands|94\/100|[from] Stealth Rock\n|move|p2a: Zygadre|Dragon Dance|p2a: Zygadre\n|-boost|p2a: Zygadre|atk|1\n|-boost|p2a: Zygadre|spe|1\n|\n|-heal|p2a: Zygadre|94\/100|[from] item: Leftovers\n|upkeep\n|turn|24\n|c|\u2606Death of Mimikyu|ggs lol\n|c|\u2606Death of Mimikyu|not too bad of a game actually\n|\n|t:|1699740715\n|move|p2a: Zygadre|Thousand Arrows|p1a: Iron Hands\n|-supereffective|p1a: Iron Hands\n|-damage|p1a: Iron Hands|0 fnt\n|faint|p1a: Iron Hands\n|-end|p1a: Iron Hands|Quark Drive|[silent]\n|\n|-heal|p2a: Zygadre|99\/100|[from] item: Leftovers\n|upkeep\n|\n|t:|1699740717\n|switch|p1a: Garganacl|Garganacl, F|100\/100\n|-damage|p1a: Garganacl|88\/100|[from] Stealth Rock\n|turn|25\n|\n|t:|1699740721\n|move|p2a: Zygadre|Thousand Arrows|p1a: Garganacl\n|-supereffective|p1a: Garganacl\n|-damage|p1a: Garganacl|0 fnt\n|faint|p1a: Garganacl\n|\n|win|Scyche\n|c|\u2606Death of Mimikyu|ggs\n|c|\u2606Scyche|Gg!\n|c|\u2606Scyche|Yeah, it was close\n","uploadtime":1699740733,"views":38,"p1id":"deathofmimikyu","p2id":"scyche","formatid":"gen9nationaldexubers","rating":0,"private":0,"password":""}