{"id":"gen9nationaldexubers-1989230602","p1":"Razorgliscor472","p2":"Aroma Nobody","format":"[Gen 9] National Dex Ubers","log":"|j|\u2606Razorgliscor472\n|j|\u2606Aroma Nobody\n|t:|1699825906\n|gametype|singles\n|player|p1|Razorgliscor472|265|\n|player|p2|Aroma Nobody|turo-ai|\n|teamsize|p1|6\n|teamsize|p2|6\n|gen|9\n|tier|[Gen 9] National Dex Ubers\n|rule|HP Percentage Mod: HP is shown in percentages\n|rule|Endless Battle Clause: Forcing endless battles is banned\n|rule|OHKO Clause: OHKO moves are banned\n|rule|Evasion Moves Clause: Evasion moves are banned\n|rule|Evasion Items Clause: Evasion items are banned\n|rule|Species Clause: Limit one of each Pok\u00e9mon\n|rule|Sleep Clause Mod: Limit one foe put to sleep\n|rule|Mega Rayquaza Clause: You cannot mega evolve Rayquaza\n|clearpoke\n|poke|p1|Gliscor, F|\n|poke|p1|Garganacl, M|\n|poke|p1|Rotom-Wash|\n|poke|p1|Gholdengo|\n|poke|p1|Dragonite, F|\n|poke|p1|Sneasler, M|\n|poke|p2|Walking Wake|\n|poke|p2|Torkoal, M|\n|poke|p2|Urshifu-*, M|\n|poke|p2|Iron Bundle|\n|poke|p2|Greninja-*, M|\n|poke|p2|Slowbro, M|\n|teampreview\n|c|\u2606Aroma Nobody|glhf\n|c|\u2606Razorgliscor472|Glhf\n|\n|t:|1699825937\n|start\n|switch|p1a: Sneasler|Sneasler, M|100\/100\n|switch|p2a: Iron Bundle|Iron Bundle|100\/100\n|turn|1\n|\n|t:|1699825950\n|-zpower|p2a: Iron Bundle\n|move|p2a: Iron Bundle|Hydro Vortex|p1a: Sneasler|[zeffect]\n|-damage|p1a: Sneasler|0 fnt\n|faint|p1a: Sneasler\n|\n|upkeep\n|\n|t:|1699825953\n|switch|p1a: Garganacl|Garganacl, M|100\/100\n|turn|2\n|c|\u2606Aroma Nobody|go away\n|\n|t:|1699825956\n|-terastallize|p1a: Garganacl|Water\n|move|p2a: Iron Bundle|Hydro Pump|p1a: Garganacl\n|-resisted|p1a: Garganacl\n|-damage|p1a: Garganacl|81\/100\n|move|p1a: Garganacl|Salt Cure|p2a: Iron Bundle\n|-supereffective|p2a: Iron Bundle\n|-damage|p2a: Iron Bundle|64\/100\n|-start|p2a: Iron Bundle|Salt Cure\n|\n|-heal|p1a: Garganacl|87\/100|[from] item: Leftovers\n|-damage|p2a: Iron Bundle|39\/100|[from] Salt Cure\n|upkeep\n|turn|3\n|c|\u2606Razorgliscor472|Holy predict\n|c|\u2606Aroma Nobody|welp\n|\n|t:|1699825966\n|move|p2a: Iron Bundle|Freeze-Dry|p1a: Garganacl\n|-supereffective|p1a: Garganacl\n|-damage|p1a: Garganacl|44\/100\n|move|p1a: Garganacl|Stealth Rock|p2a: Iron Bundle\n|-sidestart|p2: Aroma Nobody|move: Stealth Rock\n|\n|-heal|p1a: Garganacl|50\/100|[from] item: Leftovers\n|-damage|p2a: Iron Bundle|14\/100|[from] Salt Cure\n|upkeep\n|turn|4\n|\n|t:|1699825974\n|move|p1a: Garganacl|Protect|p1a: Garganacl\n|-singleturn|p1a: Garganacl|Protect\n|move|p2a: Iron Bundle|Freeze-Dry|p1a: Garganacl\n|-activate|p1a: Garganacl|move: Protect\n|\n|-heal|p1a: Garganacl|56\/100|[from] item: Leftovers\n|-damage|p2a: Iron Bundle|0 fnt|[from] Salt Cure\n|faint|p2a: Iron Bundle\n|-end|p2a: Iron Bundle|Quark Drive|[silent]\n|upkeep\n|\n|t:|1699825998\n|switch|p2a: Walking Wake|Walking Wake|100\/100\n|-damage|p2a: Walking Wake|88\/100|[from] Stealth Rock\n|-enditem|p2a: Walking Wake|Booster Energy\n|-activate|p2a: Walking Wake|ability: Protosynthesis|[fromitem]\n|-start|p2a: Walking Wake|protosynthesisspa\n|turn|5\n|\n|t:|1699826004\n|move|p2a: Walking Wake|Substitute|p2a: Walking Wake\n|-start|p2a: Walking Wake|Substitute\n|-damage|p2a: Walking Wake|63\/100\n|move|p1a: Garganacl|Recover|p1a: Garganacl\n|-heal|p1a: Garganacl|100\/100\n|\n|upkeep\n|turn|6\n|\n|t:|1699826013\n|switch|p1a: Gholdengo|Gholdengo|100\/100\n|move|p2a: Walking Wake|Dragon Pulse|p1a: Gholdengo\n|-resisted|p1a: Gholdengo\n|-damage|p1a: Gholdengo|68\/100\n|\n|upkeep\n|turn|7\n|\n|t:|1699826018\n|move|p1a: Gholdengo|Shadow Ball|p2a: Walking Wake\n|-end|p2a: Walking Wake|Substitute\n|move|p2a: Walking Wake|Flamethrower|p1a: Gholdengo\n|-supereffective|p1a: Gholdengo\n|-damage|p1a: Gholdengo|0 fnt\n|faint|p1a: Gholdengo\n|\n|upkeep\n|\n|t:|1699826027\n|switch|p1a: Rotom|Rotom-Wash|100\/100\n|turn|8\n|\n|t:|1699826036\n|move|p2a: Walking Wake|Dragon Pulse|p1a: Rotom\n|-damage|p1a: Rotom|39\/100\n|-zpower|p1a: Rotom\n|move|p1a: Rotom|Gigavolt Havoc|p2a: Walking Wake|[zeffect]\n|-damage|p2a: Walking Wake|9\/100\n|\n|upkeep\n|turn|9\n|\n|t:|1699826048\n|move|p2a: Walking Wake|Dragon Pulse|p1a: Rotom\n|-damage|p1a: Rotom|0 fnt\n|faint|p1a: Rotom\n|\n|upkeep\n|\n|t:|1699826053\n|switch|p1a: Dragonite|Dragonite, F|100\/100\n|turn|10\n|\n|t:|1699826070\n|move|p1a: Dragonite|Extreme Speed|p2a: Walking Wake\n|-damage|p2a: Walking Wake|0 fnt\n|faint|p2a: Walking Wake\n|-end|p2a: Walking Wake|Protosynthesis|[silent]\n|\n|upkeep\n|\n|t:|1699826075\n|switch|p2a: Slowbro|Slowbro, M|100\/100\n|-damage|p2a: Slowbro|88\/100|[from] Stealth Rock\n|turn|11\n|\n|t:|1699826080\n|switch|p1a: Garganacl|Garganacl, M, tera:Water|100\/100\n|detailschange|p2a: Slowbro|Slowbro-Mega, M\n|-mega|p2a: Slowbro|Slowbro|Slowbronite\n|move|p2a: Slowbro|Scald|p1a: Garganacl\n|-resisted|p1a: Garganacl\n|-damage|p1a: Garganacl|88\/100\n|\n|-heal|p1a: Garganacl|94\/100|[from] item: Leftovers\n|upkeep\n|turn|12\n|\n|t:|1699826090\n|move|p1a: Garganacl|Salt Cure|p2a: Slowbro\n|-damage|p2a: Slowbro|82\/100\n|-start|p2a: Slowbro|Salt Cure\n|move|p2a: Slowbro|Calm Mind|p2a: Slowbro\n|-boost|p2a: Slowbro|spa|1\n|-boost|p2a: Slowbro|spd|1\n|\n|-heal|p1a: Garganacl|100\/100|[from] item: Leftovers\n|-damage|p2a: Slowbro|57\/100|[from] Salt Cure\n|upkeep\n|turn|13\n|\n|t:|1699826099\n|move|p1a: Garganacl|Protect|p1a: Garganacl\n|-singleturn|p1a: Garganacl|Protect\n|move|p2a: Slowbro|Slack Off|p2a: Slowbro\n|-heal|p2a: Slowbro|100\/100\n|\n|-damage|p2a: Slowbro|76\/100|[from] Salt Cure\n|upkeep\n|turn|14\n|\n|t:|1699826103\n|move|p1a: Garganacl|Salt Cure|p2a: Slowbro\n|-damage|p2a: Slowbro|70\/100\n|move|p2a: Slowbro|Calm Mind|p2a: Slowbro\n|-boost|p2a: Slowbro|spa|1\n|-boost|p2a: Slowbro|spd|1\n|\n|-damage|p2a: Slowbro|45\/100|[from] Salt Cure\n|upkeep\n|turn|15\n|\n|t:|1699826108\n|move|p1a: Garganacl|Protect|p1a: Garganacl\n|-singleturn|p1a: Garganacl|Protect\n|move|p2a: Slowbro|Slack Off|p2a: Slowbro\n|-heal|p2a: Slowbro|95\/100\n|\n|-damage|p2a: Slowbro|71\/100|[from] Salt Cure\n|upkeep\n|turn|16\n|\n|t:|1699826111\n|move|p1a: Garganacl|Salt Cure|p2a: Slowbro\n|-damage|p2a: Slowbro|65\/100\n|move|p2a: Slowbro|Psyshock|p1a: Garganacl\n|-damage|p1a: Garganacl|55\/100\n|\n|-heal|p1a: Garganacl|61\/100|[from] item: Leftovers\n|-damage|p2a: Slowbro|40\/100|[from] Salt Cure\n|upkeep\n|turn|17\n|\n|t:|1699826114\n|move|p1a: Garganacl|Protect|p1a: Garganacl\n|-singleturn|p1a: Garganacl|Protect\n|move|p2a: Slowbro|Slack Off|p2a: Slowbro\n|-heal|p2a: Slowbro|90\/100\n|\n|-heal|p1a: Garganacl|67\/100|[from] item: Leftovers\n|-damage|p2a: Slowbro|65\/100|[from] Salt Cure\n|upkeep\n|turn|18\n|\n|t:|1699826119\n|move|p1a: Garganacl|Recover|p1a: Garganacl\n|-heal|p1a: Garganacl|100\/100\n|move|p2a: Slowbro|Calm Mind|p2a: Slowbro\n|-boost|p2a: Slowbro|spa|1\n|-boost|p2a: Slowbro|spd|1\n|\n|-damage|p2a: Slowbro|41\/100|[from] Salt Cure\n|upkeep\n|turn|19\n|\n|t:|1699826123\n|move|p1a: Garganacl|Protect|p1a: Garganacl\n|-singleturn|p1a: Garganacl|Protect\n|move|p2a: Slowbro|Slack Off|p2a: Slowbro\n|-heal|p2a: Slowbro|91\/100\n|\n|-damage|p2a: Slowbro|66\/100|[from] Salt Cure\n|upkeep\n|turn|20\n|\n|t:|1699826131\n|move|p1a: Garganacl|Salt Cure|p2a: Slowbro\n|-damage|p2a: Slowbro|60\/100\n|move|p2a: Slowbro|Slack Off|p2a: Slowbro\n|-heal|p2a: Slowbro|100\/100\n|\n|-damage|p2a: Slowbro|76\/100|[from] Salt Cure\n|upkeep\n|turn|21\n|\n|t:|1699826139\n|move|p1a: Garganacl|Protect|p1a: Garganacl\n|-singleturn|p1a: Garganacl|Protect\n|move|p2a: Slowbro|Psyshock|p1a: Garganacl\n|-activate|p1a: Garganacl|move: Protect\n|\n|-damage|p2a: Slowbro|51\/100|[from] Salt Cure\n|upkeep\n|turn|22\n|\n|t:|1699826143\n|move|p1a: Garganacl|Salt Cure|p2a: Slowbro\n|-damage|p2a: Slowbro|45\/100\n|move|p2a: Slowbro|Psyshock|p1a: Garganacl\n|-damage|p1a: Garganacl|45\/100\n|\n|-heal|p1a: Garganacl|51\/100|[from] item: Leftovers\n|-damage|p2a: Slowbro|21\/100|[from] Salt Cure\n|upkeep\n|turn|23\n|\n|t:|1699826151\n|move|p1a: Garganacl|Protect|p1a: Garganacl\n|-singleturn|p1a: Garganacl|Protect\n|move|p2a: Slowbro|Slack Off|p2a: Slowbro\n|-heal|p2a: Slowbro|71\/100\n|\n|-heal|p1a: Garganacl|57\/100|[from] item: Leftovers\n|-damage|p2a: Slowbro|46\/100|[from] Salt Cure\n|upkeep\n|turn|24\n|\n|t:|1699826158\n|move|p1a: Garganacl|Recover|p1a: Garganacl\n|-heal|p1a: Garganacl|100\/100\n|move|p2a: Slowbro|Psyshock|p1a: Garganacl\n|-crit|p1a: Garganacl\n|-damage|p1a: Garganacl|20\/100\n|\n|-heal|p1a: Garganacl|26\/100|[from] item: Leftovers\n|-damage|p2a: Slowbro|21\/100|[from] Salt Cure\n|upkeep\n|turn|25\n|\n|t:|1699826165\n|move|p1a: Garganacl|Protect|p1a: Garganacl\n|-singleturn|p1a: Garganacl|Protect\n|move|p2a: Slowbro|Slack Off|p2a: Slowbro\n|-heal|p2a: Slowbro|71\/100\n|\n|-heal|p1a: Garganacl|32\/100|[from] item: Leftovers\n|-damage|p2a: Slowbro|46\/100|[from] Salt Cure\n|upkeep\n|turn|26\n|\n|t:|1699826170\n|move|p1a: Garganacl|Recover|p1a: Garganacl\n|-heal|p1a: Garganacl|82\/100\n|move|p2a: Slowbro|Psyshock|p1a: Garganacl\n|-damage|p1a: Garganacl|23\/100\n|\n|-heal|p1a: Garganacl|29\/100|[from] item: Leftovers\n|-damage|p2a: Slowbro|21\/100|[from] Salt Cure\n|upkeep\n|turn|27\n|\n|t:|1699826175\n|move|p1a: Garganacl|Protect|p1a: Garganacl\n|-singleturn|p1a: Garganacl|Protect\n|move|p2a: Slowbro|Slack Off|p2a: Slowbro\n|-heal|p2a: Slowbro|71\/100\n|\n|-heal|p1a: Garganacl|35\/100|[from] item: Leftovers\n|-damage|p2a: Slowbro|46\/100|[from] Salt Cure\n|upkeep\n|turn|28\n|\n|t:|1699826180\n|move|p1a: Garganacl|Recover|p1a: Garganacl\n|-heal|p1a: Garganacl|85\/100\n|move|p2a: Slowbro|Psyshock|p1a: Garganacl\n|-damage|p1a: Garganacl|32\/100\n|\n|-heal|p1a: Garganacl|39\/100|[from] item: Leftovers\n|-damage|p2a: Slowbro|21\/100|[from] Salt Cure\n|upkeep\n|turn|29\n|\n|t:|1699826184\n|move|p1a: Garganacl|Protect|p1a: Garganacl\n|-singleturn|p1a: Garganacl|Protect\n|move|p2a: Slowbro|Psyshock|p1a: Garganacl\n|-activate|p1a: Garganacl|move: Protect\n|\n|-heal|p1a: Garganacl|45\/100|[from] item: Leftovers\n|-damage|p2a: Slowbro|0 fnt|[from] Salt Cure\n|faint|p2a: Slowbro\n|upkeep\n|\n|t:|1699826189\n|switch|p2a: Urshifu|Urshifu-Rapid-Strike, M|100\/100\n|-damage|p2a: Urshifu|94\/100|[from] Stealth Rock\n|turn|30\n|\n|t:|1699826202\n|switch|p1a: Dragonite|Dragonite, F|100\/100\n|move|p2a: Urshifu|Close Combat|p1a: Dragonite\n|-resisted|p1a: Dragonite\n|-damage|p1a: Dragonite|74\/100\n|-unboost|p2a: Urshifu|def|1\n|-unboost|p2a: Urshifu|spd|1\n|\n|upkeep\n|turn|31\n|\n|t:|1699826207\n|switch|p2a: Torkoal|Torkoal, M|100\/100\n|-damage|p2a: Torkoal|76\/100|[from] Stealth Rock\n|-weather|SunnyDay|[from] ability: Drought|[of] p2a: Torkoal\n|move|p1a: Dragonite|Dragon Dance|p1a: Dragonite\n|-boost|p1a: Dragonite|atk|1\n|-boost|p1a: Dragonite|spe|1\n|\n|-weather|SunnyDay|[upkeep]\n|upkeep\n|turn|32\n|\n|t:|1699826212\n|move|p1a: Dragonite|Earthquake|p2a: Torkoal\n|-supereffective|p2a: Torkoal\n|-damage|p2a: Torkoal|13\/100\n|move|p2a: Torkoal|Overheat|p1a: Dragonite\n|-resisted|p1a: Dragonite\n|-damage|p1a: Dragonite|45\/100\n|-unboost|p2a: Torkoal|spa|2\n|-enditem|p2a: Torkoal|Eject Pack\n|\n|t:|1699826216\n|switch|p2a: Greninja|Greninja, M|100\/100\n|-damage|p2a: Greninja|88\/100|[from] Stealth Rock\n|\n|-weather|SunnyDay|[upkeep]\n|upkeep\n|turn|33\n|\n|t:|1699826232\n|move|p2a: Greninja|Ice Beam|p1a: Dragonite\n|-start|p2a: Greninja|typechange|Ice|[from] ability: Protean\n|-supereffective|p1a: Dragonite\n|-damage|p1a: Dragonite|0 fnt\n|faint|p1a: Dragonite\n|\n|-weather|SunnyDay|[upkeep]\n|upkeep\n|\n|t:|1699826237\n|switch|p1a: Garganacl|Garganacl, M, tera:Water|45\/100\n|turn|34\n|\n|t:|1699826244\n|switch|p2a: Torkoal|Torkoal, M|13\/100\n|-damage|p2a: Torkoal|0 fnt|[from] Stealth Rock\n|faint|p2a: Torkoal\n|move|p1a: Garganacl|Protect||[still]\n|-fail|p1a: Garganacl\n|\n|-weather|SunnyDay|[upkeep]\n|-heal|p1a: Garganacl|51\/100|[from] item: Leftovers\n|upkeep\n|\n|t:|1699826247\n|switch|p2a: Urshifu|Urshifu-Rapid-Strike, M|94\/100\n|-damage|p2a: Urshifu|88\/100|[from] Stealth Rock\n|turn|35\n|\n|t:|1699826261\n|switch|p1a: Gliscor|Gliscor, F|100\/100\n|move|p2a: Urshifu|Close Combat|p1a: Gliscor\n|-resisted|p1a: Gliscor\n|-damage|p1a: Gliscor|64\/100\n|-unboost|p2a: Urshifu|def|1\n|-unboost|p2a: Urshifu|spd|1\n|\n|-weather|none\n|-status|p1a: Gliscor|tox|[from] item: Toxic Orb\n|upkeep\n|turn|36\n|\n|t:|1699826274\n|switch|p2a: Greninja|Greninja, M|88\/100\n|-damage|p2a: Greninja|76\/100|[from] Stealth Rock\n|move|p1a: Gliscor|Earthquake|p2a: Greninja\n|-damage|p2a: Greninja|23\/100\n|\n|-heal|p1a: Gliscor|77\/100 tox|[from] ability: Poison Heal\n|upkeep\n|turn|37\n|\n|t:|1699826296\n|-terastallize|p2a: Greninja|Dark\n|move|p2a: Greninja|Dark Pulse|p1a: Gliscor\n|-damage|p1a: Gliscor|36\/100 tox\n|move|p1a: Gliscor|Earthquake|p2a: Greninja\n|-damage|p2a: Greninja|0 fnt\n|faint|p2a: Greninja\n|\n|-heal|p1a: Gliscor|49\/100 tox|[from] ability: Poison Heal\n|upkeep\n|\n|t:|1699826301\n|switch|p2a: Urshifu|Urshifu-Rapid-Strike, M|88\/100\n|-damage|p2a: Urshifu|82\/100|[from] Stealth Rock\n|turn|38\n|\n|t:|1699826304\n|move|p2a: Urshifu|Close Combat|p1a: Gliscor\n|-resisted|p1a: Gliscor\n|-damage|p1a: Gliscor|14\/100 tox\n|-unboost|p2a: Urshifu|def|1\n|-unboost|p2a: Urshifu|spd|1\n|move|p1a: Gliscor|Earthquake|p2a: Urshifu\n|-damage|p2a: Urshifu|33\/100\n|\n|-heal|p1a: Gliscor|26\/100 tox|[from] ability: Poison Heal\n|upkeep\n|turn|39\n|\n|t:|1699826310\n|move|p2a: Urshifu|Close Combat|p1a: Gliscor\n|-resisted|p1a: Gliscor\n|-damage|p1a: Gliscor|0 fnt\n|-unboost|p2a: Urshifu|def|1\n|-unboost|p2a: Urshifu|spd|1\n|faint|p1a: Gliscor\n|\n|upkeep\n|\n|t:|1699826313\n|switch|p1a: Garganacl|Garganacl, M, tera:Water|51\/100\n|turn|40\n|c|\u2606Aroma Nobody|gg\n|\n|t:|1699826316\n|move|p2a: Urshifu|Close Combat|p1a: Garganacl\n|-damage|p1a: Garganacl|0 fnt\n|-unboost|p2a: Urshifu|def|1\n|-unboost|p2a: Urshifu|spd|1\n|faint|p1a: Garganacl\n|\n|win|Aroma Nobody\n|c|\u2606Razorgliscor472|L\n|c|\u2606Razorgliscor472|At least i have no cooldown\n|c|\u2606Aroma Nobody|oh why?\n|c|\u2606Razorgliscor472|I got the terrain badge\n|c|\u2606Aroma Nobody|D:\n","uploadtime":1699826347,"views":4,"p1id":"razorgliscor472","p2id":"aromanobody","formatid":"gen9nationaldexubers","rating":0,"private":0,"password":""}