{"id":"gen9nationaldexubers-1999077827","p1":"topszy","p2":"85792195wwww","format":"[Gen 9] National Dex Ubers","log":"|j|\u2606topszy\n|j|\u260685792195wwww\n|t:|1701030780\n|gametype|singles\n|player|p1|topszy|2|1701\n|player|p2|85792195wwww|mira|1743\n|teamsize|p1|6\n|teamsize|p2|6\n|gen|9\n|tier|[Gen 9] National Dex Ubers\n|rated|\n|rule|HP Percentage Mod: HP is shown in percentages\n|rule|Endless Battle Clause: Forcing endless battles is banned\n|rule|OHKO Clause: OHKO moves are banned\n|rule|Evasion Moves Clause: Evasion moves are banned\n|rule|Evasion Items Clause: Evasion items are banned\n|rule|Species Clause: Limit one of each Pok\u00e9mon\n|rule|Sleep Clause Mod: Limit one foe put to sleep\n|rule|Mega Rayquaza Clause: You cannot mega evolve Rayquaza\n|clearpoke\n|poke|p1|Yveltal|\n|poke|p1|Groudon|\n|poke|p1|Marshadow|\n|poke|p1|Ho-Oh|\n|poke|p1|Xerneas-*|\n|poke|p1|Zygarde|\n|poke|p2|Arceus|\n|poke|p2|Zacian-*|\n|poke|p2|Xerneas-*|\n|poke|p2|Kyogre|\n|poke|p2|Groudon|\n|poke|p2|Deoxys-Speed|\n|teampreview\n|\n|t:|1701030792\n|start\n|switch|p1a: Marshadow|Marshadow|100\/100\n|switch|p2a: Deoxys|Deoxys-Speed|100\/100\n|-ability|p2a: Deoxys|Pressure\n|turn|1\n|\n|t:|1701030800\n|move|p2a: Deoxys|Thunder Wave|p1a: Marshadow\n|-status|p1a: Marshadow|par\n|move|p1a: Marshadow|Spectral Thief|p2a: Deoxys\n|-supereffective|p2a: Deoxys\n|-damage|p2a: Deoxys|0 fnt\n|faint|p2a: Deoxys\n|\n|upkeep\n|\n|t:|1701030816\n|switch|p2a: Xerneas|Xerneas|100\/100\n|-ability|p2a: Xerneas|Fairy Aura\n|turn|2\n|\n|t:|1701030822\n|switch|p1a: Ho-Oh|Ho-Oh|100\/100\n|move|p2a: Xerneas|Psyshock|p1a: Ho-Oh\n|-damage|p1a: Ho-Oh|73\/100\n|\n|upkeep\n|turn|3\n|\n|t:|1701030830\n|switch|p2a: Zacian|Zacian-Crowned|100\/100\n|-ability|p2a: Zacian|Intrepid Sword|boost\n|-boost|p2a: Zacian|atk|1\n|move|p1a: Ho-Oh|Toxic|p2a: Zacian\n|-immune|p2a: Zacian\n|\n|upkeep\n|turn|4\n|\n|t:|1701030840\n|-terastallize|p1a: Ho-Oh|Grass\n|move|p2a: Zacian|Wild Charge|p1a: Ho-Oh\n|-resisted|p1a: Ho-Oh\n|-damage|p1a: Ho-Oh|47\/100\n|-damage|p2a: Zacian|92\/100|[from] Recoil\n|move|p1a: Ho-Oh|Whirlwind|p2a: Zacian\n|drag|p2a: Groudon|Groudon|100\/100\n|detailschange|p2a: Groudon|Groudon-Primal\n|-primal|p2a: Groudon|Red Orb\n|-weather|DesolateLand|[from] ability: Desolate Land|[of] p2a: Groudon\n|\n|-weather|DesolateLand|[upkeep]\n|upkeep\n|turn|5\n|\n|t:|1701030855\n|-weather|none\n|switch|p2a: Xerneas|Xerneas|100\/100\n|-ability|p2a: Xerneas|Fairy Aura\n|switch|p1a: Zygarde|Zygarde|100\/100\n|\n|upkeep\n|turn|6\n|\n|t:|1701030866\n|switch|p1a: Ho-Oh|Ho-Oh, tera:Grass|81\/100\n|move|p2a: Xerneas|Moonblast|p1a: Ho-Oh\n|-damage|p1a: Ho-Oh|49\/100\n|\n|upkeep\n|turn|7\n|\n|t:|1701030875\n|switch|p2a: Kyogre|Kyogre|100\/100\n|detailschange|p2a: Kyogre|Kyogre-Primal\n|-primal|p2a: Kyogre|Blue Orb\n|-weather|PrimordialSea|[from] ability: Primordial Sea|[of] p2a: Kyogre\n|move|p1a: Ho-Oh|Sacred Fire||[still]\n|-fail|p1a: Ho-Oh|Sacred Fire|[from] Primordial Sea\n|\n|-weather|PrimordialSea|[upkeep]\n|upkeep\n|turn|8\n|\n|t:|1701030884\n|switch|p1a: Groudon|Groudon|100\/100\n|detailschange|p1a: Groudon|Groudon-Primal\n|-primal|p1a: Groudon|Red Orb\n|-weather|DesolateLand|[from] ability: Desolate Land|[of] p1a: Groudon\n|move|p2a: Kyogre|Ice Beam|p1a: Groudon\n|-damage|p1a: Groudon|59\/100\n|\n|-weather|DesolateLand|[upkeep]\n|upkeep\n|turn|9\n|\n|t:|1701030895\n|switch|p2a: Zacian|Zacian-Crowned|92\/100\n|move|p1a: Groudon|Precipice Blades|p2a: Zacian\n|-supereffective|p2a: Zacian\n|-crit|p2a: Zacian\n|-damage|p2a: Zacian|0 fnt\n|faint|p2a: Zacian\n|\n|-weather|DesolateLand|[upkeep]\n|upkeep\n|\n|t:|1701030903\n|switch|p2a: Kyogre|Kyogre-Primal|100\/100\n|-weather|PrimordialSea|[from] ability: Primordial Sea|[of] p2a: Kyogre\n|turn|10\n|\n|t:|1701030947\n|switch|p1a: Marshadow|Marshadow|100\/100 par\n|move|p2a: Kyogre|Water Spout|p1a: Marshadow\n|-enditem|p1a: Marshadow|Focus Sash\n|-damage|p1a: Marshadow|1\/100 par\n|\n|-weather|PrimordialSea|[upkeep]\n|upkeep\n|turn|11\n|inactive|Battle timer is ON: inactive players will automatically lose when time's up. (requested by 85792195wwww)\n|\n|t:|1701030955\n|cant|p1a: Marshadow|par\n|move|p2a: Kyogre|Ice Beam|p1a: Marshadow\n|-damage|p1a: Marshadow|0 fnt\n|faint|p1a: Marshadow\n|\n|-weather|PrimordialSea|[upkeep]\n|upkeep\n|\n|t:|1701030961\n|switch|p1a: Groudon|Groudon-Primal|59\/100\n|-weather|DesolateLand|[from] ability: Desolate Land|[of] p1a: Groudon\n|turn|12\n|\n|t:|1701030968\n|switch|p2a: Groudon|Groudon-Primal|100\/100\n|move|p1a: Groudon|Precipice Blades|p2a: Groudon\n|-supereffective|p2a: Groudon\n|-damage|p2a: Groudon|1\/100\n|\n|-weather|DesolateLand|[upkeep]\n|upkeep\n|turn|13\n|\n|t:|1701030976\n|switch|p1a: Zygarde|Zygarde|100\/100\n|move|p2a: Groudon|Earthquake|p1a: Zygarde\n|-damage|p1a: Zygarde|63\/100\n|\n|-weather|DesolateLand|[upkeep]\n|-heal|p1a: Zygarde|69\/100|[from] item: Leftovers\n|upkeep\n|turn|14\n|\n|t:|1701030985\n|move|p1a: Zygarde|Thousand Arrows|p2a: Groudon\n|-supereffective|p2a: Groudon\n|-damage|p2a: Groudon|0 fnt\n|faint|p2a: Groudon\n|-weather|none\n|\n|-heal|p1a: Zygarde|75\/100|[from] item: Leftovers\n|upkeep\n|\n|t:|1701030998\n|switch|p2a: Kyogre|Kyogre-Primal|100\/100\n|-weather|PrimordialSea|[from] ability: Primordial Sea|[of] p2a: Kyogre\n|turn|15\n|\n|t:|1701031010\n|switch|p1a: Groudon|Groudon-Primal|59\/100\n|-weather|DesolateLand|[from] ability: Desolate Land|[of] p1a: Groudon\n|move|p2a: Kyogre|Ice Beam|p1a: Groudon\n|-damage|p1a: Groudon|16\/100\n|\n|-weather|DesolateLand|[upkeep]\n|upkeep\n|turn|16\n|\n|t:|1701031032\n|switch|p2a: Arceus|Arceus|100\/100\n|move|p1a: Groudon|Precipice Blades|p2a: Arceus\n|-damage|p2a: Arceus|36\/100\n|\n|-weather|DesolateLand|[upkeep]\n|upkeep\n|turn|17\n|\n|t:|1701031039\n|move|p2a: Arceus|Swords Dance|p2a: Arceus\n|-boost|p2a: Arceus|atk|2\n|move|p1a: Groudon|Heat Crash|p2a: Arceus\n|-damage|p2a: Arceus|0 fnt\n|faint|p2a: Arceus\n|\n|-weather|DesolateLand|[upkeep]\n|upkeep\n|\n|t:|1701031054\n|switch|p2a: Xerneas|Xerneas|100\/100\n|-ability|p2a: Xerneas|Fairy Aura\n|turn|18\n|\n|t:|1701031079\n|-weather|none\n|switch|p1a: Ho-Oh|Ho-Oh, tera:Grass|82\/100\n|move|p2a: Xerneas|Geomancy||[still]\n|-prepare|p2a: Xerneas|Geomancy\n|-enditem|p2a: Xerneas|Power Herb\n|-anim|p2a: Xerneas|Geomancy|p2a: Xerneas\n|-boost|p2a: Xerneas|spa|2\n|-boost|p2a: Xerneas|spd|2\n|-boost|p2a: Xerneas|spe|2\n|\n|upkeep\n|turn|19\n|\n|t:|1701031089\n|-terastallize|p2a: Xerneas|Fairy\n|move|p2a: Xerneas|Moonblast|p1a: Ho-Oh\n|-damage|p1a: Ho-Oh|0 fnt\n|faint|p1a: Ho-Oh\n|\n|upkeep\n|-message|topszy forfeited.\n|\n|win|85792195wwww\n|raw|topszy's rating: 1701 &rarr; <strong>1683<\/strong><br \/>(-18 for losing)\n|raw|85792195wwww's rating: 1743 &rarr; <strong>1761<\/strong><br \/>(+18 for winning)\n|l|\u2606topszy\n","uploadtime":1701031114,"views":2,"p1id":"topszy","p2id":"85792195wwww","formatid":"gen9nationaldexubers","rating":1683,"private":0,"password":""}