{"id":"gen9nationaldexubers-1989970477","p1":"AegiSwaggy","p2":"Snapteryx","format":"[Gen 9] National Dex Ubers","log":"|j|\u2606AegiSwaggy\n|j|\u2606Snapteryx\n|t:|1699911284\n|gametype|singles\n|player|p1|AegiSwaggy|yellow|\n|player|p2|Snapteryx|allister|\n|teamsize|p1|6\n|teamsize|p2|6\n|gen|9\n|tier|[Gen 9] National Dex Ubers\n|rule|HP Percentage Mod: HP is shown in percentages\n|rule|Endless Battle Clause: Forcing endless battles is banned\n|rule|OHKO Clause: OHKO moves are banned\n|rule|Evasion Moves Clause: Evasion moves are banned\n|rule|Evasion Items Clause: Evasion items are banned\n|rule|Species Clause: Limit one of each Pok\u00e9mon\n|rule|Sleep Clause Mod: Limit one foe put to sleep\n|rule|Mega Rayquaza Clause: You cannot mega evolve Rayquaza\n|clearpoke\n|poke|p1|Aegislash, M|\n|poke|p1|Garganacl, F|\n|poke|p1|Skeledirge, M|\n|poke|p1|Greninja-*, M|\n|poke|p1|Venusaur, M|\n|poke|p1|Great Tusk|\n|poke|p2|Gliscor, F|\n|poke|p2|Corviknight, M|\n|poke|p2|Mantine, F|\n|poke|p2|Landorus, M|\n|poke|p2|Charizard, F|\n|poke|p2|Zapdos-Galar|\n|teampreview\n|c|\u2606AegiSwaggy|glhf\n|c|\u2606Snapteryx|Gl\n|\n|t:|1699911322\n|start\n|switch|p1a: The Capricious|Greninja, M|100\/100\n|switch|p2a: Delta Airlines|Corviknight, M, shiny|100\/100\n|-ability|p2a: Delta Airlines|Pressure\n|turn|1\n|\n|t:|1699911337\n|move|p1a: The Capricious|Hydro Pump|p2a: Delta Airlines|[miss]\n|-start|p1a: The Capricious|typechange|Water|[from] ability: Protean\n|-miss|p1a: The Capricious|p2a: Delta Airlines\n|move|p2a: Delta Airlines|U-turn|p1a: The Capricious\n|-damage|p1a: The Capricious|78\/100\n|j| El Zappo\n|l| El Zappo\n|\n|t:|1699911397\n|switch|p2a: Charizard|Charizard, F|100\/100|[from] U-turn\n|\n|upkeep\n|turn|2\n|\n|t:|1699911433\n|switch|p1a: The Dauntless|Venusaur, M|100\/100\n|detailschange|p2a: Charizard|Charizard-Mega-Y, F\n|-mega|p2a: Charizard|Charizard|Charizardite Y\n|-weather|SunnyDay|[from] ability: Drought|[of] p2a: Charizard\n|move|p2a: Charizard|Solar Beam||[still]\n|-prepare|p2a: Charizard|Solar Beam\n|-anim|p2a: Charizard|Solar Beam|p1a: The Dauntless\n|-resisted|p1a: The Dauntless\n|-damage|p1a: The Dauntless|92\/100\n|\n|-weather|SunnyDay|[upkeep]\n|upkeep\n|turn|3\n|j| Awesomeacuz13\n|\n|t:|1699911450\n|detailschange|p1a: The Dauntless|Venusaur-Mega, M\n|-mega|p1a: The Dauntless|Venusaur|Venusaurite\n|move|p2a: Charizard|Air Slash|p1a: The Dauntless|[miss]\n|-miss|p2a: Charizard|p1a: The Dauntless\n|move|p1a: The Dauntless|Synthesis|p1a: The Dauntless\n|-heal|p1a: The Dauntless|100\/100\n|\n|-weather|SunnyDay|[upkeep]\n|upkeep\n|turn|4\n|l| Awesomeacuz13\n|j| El Zappo\n|\n|t:|1699911468\n|switch|p1a: The Curdled|Garganacl, F|100\/100\n|move|p2a: Charizard|Air Slash|p1a: The Curdled\n|-resisted|p1a: The Curdled\n|-damage|p1a: The Curdled|86\/100\n|\n|-weather|SunnyDay|[upkeep]\n|-heal|p1a: The Curdled|92\/100|[from] item: Leftovers\n|upkeep\n|turn|5\n|\n|t:|1699911503\n|switch|p2a: L*ndorus|Landorus, M|100\/100\n|move|p1a: The Curdled|Salt Cure|p2a: L*ndorus\n|-damage|p2a: L*ndorus|85\/100\n|-start|p2a: L*ndorus|Salt Cure\n|\n|-weather|SunnyDay|[upkeep]\n|-heal|p1a: The Curdled|98\/100|[from] item: Leftovers\n|-damage|p2a: L*ndorus|72\/100|[from] Salt Cure\n|upkeep\n|turn|6\n|\n|t:|1699911593\n|switch|p1a: The Benighted|Skeledirge, M|100\/100\n|-item|p1a: The Benighted|Air Balloon\n|move|p2a: L*ndorus|U-turn|p1a: The Benighted\n|-resisted|p1a: The Benighted\n|-crit|p1a: The Benighted\n|-damage|p1a: The Benighted|94\/100\n|-enditem|p1a: The Benighted|Air Balloon\n|-damage|p2a: L*ndorus|63\/100|[from] item: Life Orb\n|\n|t:|1699911609\n|switch|p2a: Snippy Boi|Gliscor, F, shiny|100\/100|[from] U-turn\n|\n|-weather|none\n|-status|p2a: Snippy Boi|tox|[from] item: Toxic Orb\n|upkeep\n|turn|7\n|\n|t:|1699911636\n|move|p2a: Snippy Boi|U-turn|p1a: The Benighted\n|-resisted|p1a: The Benighted\n|-damage|p1a: The Benighted|92\/100\n|\n|t:|1699911652\n|switch|p2a: Alula|Mantine, F, shiny|100\/100|[from] U-turn\n|move|p1a: The Benighted|Will-O-Wisp|p2a: Alula\n|-status|p2a: Alula|brn\n|\n|-damage|p2a: Alula|94\/100 brn|[from] brn\n|upkeep\n|turn|8\n|\n|t:|1699911675\n|switch|p2a: Charizard|Charizard-Mega-Y, F|100\/100\n|-weather|SunnyDay|[from] ability: Drought|[of] p2a: Charizard\n|switch|p1a: The Dauntless|Venusaur-Mega, M|100\/100\n|\n|-weather|SunnyDay|[upkeep]\n|upkeep\n|turn|9\n|\n|t:|1699911699\n|move|p2a: Charizard|Air Slash|p1a: The Dauntless\n|-supereffective|p1a: The Dauntless\n|-damage|p1a: The Dauntless|42\/100\n|move|p1a: The Dauntless|Leech Seed|p2a: Charizard\n|-start|p2a: Charizard|move: Leech Seed\n|\n|-weather|SunnyDay|[upkeep]\n|-damage|p2a: Charizard|88\/100|[from] Leech Seed|[of] p1a: The Dauntless\n|-heal|p1a: The Dauntless|52\/100|[silent]\n|upkeep\n|turn|10\n|\n|t:|1699911728\n|switch|p1a: The Benighted|Skeledirge, M|92\/100\n|move|p2a: Charizard|Solar Beam||[still]\n|-prepare|p2a: Charizard|Solar Beam\n|-anim|p2a: Charizard|Solar Beam|p1a: The Benighted\n|-resisted|p1a: The Benighted\n|-damage|p1a: The Benighted|71\/100\n|\n|-weather|SunnyDay|[upkeep]\n|-damage|p2a: Charizard|76\/100|[from] Leech Seed|[of] p1a: The Benighted\n|-heal|p1a: The Benighted|80\/100|[silent]\n|upkeep\n|turn|11\n|\n|t:|1699911761\n|switch|p2a: Snippy Boi|Gliscor, F, shiny|100\/100 tox\n|move|p1a: The Benighted|Will-O-Wisp||[still]\n|-fail|p1a: The Benighted\n|\n|-weather|SunnyDay|[upkeep]\n|upkeep\n|turn|12\n|\n|t:|1699911800\n|move|p2a: Snippy Boi|U-turn|p1a: The Benighted\n|-resisted|p1a: The Benighted\n|-damage|p1a: The Benighted|78\/100\n|\n|t:|1699911804\n|switch|p2a: Alula|Mantine, F, shiny|94\/100 brn|[from] U-turn\n|move|p1a: The Benighted|Torch Song|p2a: Alula\n|-resisted|p2a: Alula\n|-damage|p2a: Alula|82\/100 brn\n|-boost|p1a: The Benighted|spa|1\n|\n|-weather|none\n|-damage|p2a: Alula|76\/100 brn|[from] brn\n|upkeep\n|turn|13\n|\n|t:|1699911842\n|move|p2a: Alula|Toxic|p1a: The Benighted\n|-status|p1a: The Benighted|tox\n|move|p1a: The Benighted|Torch Song|p2a: Alula\n|-resisted|p2a: Alula\n|-damage|p2a: Alula|64\/100 brn\n|-boost|p1a: The Benighted|spa|1\n|\n|-damage|p1a: The Benighted|72\/100 tox|[from] psn\n|-damage|p2a: Alula|58\/100 brn|[from] brn\n|upkeep\n|turn|14\n|\n|t:|1699911875\n|move|p2a: Alula|Roost|p2a: Alula\n|-heal|p2a: Alula|100\/100 brn\n|-singleturn|p2a: Alula|move: Roost\n|move|p1a: The Benighted|Hex|p2a: Alula\n|-damage|p2a: Alula|51\/100 brn\n|\n|-damage|p1a: The Benighted|59\/100 tox|[from] psn\n|-damage|p2a: Alula|45\/100 brn|[from] brn\n|upkeep\n|turn|15\n|\n|t:|1699911896\n|switch|p1a: The Curdled|Garganacl, F|98\/100\n|move|p2a: Alula|Roost|p2a: Alula\n|-heal|p2a: Alula|95\/100 brn\n|-singleturn|p2a: Alula|move: Roost\n|\n|-heal|p1a: The Curdled|100\/100|[from] item: Leftovers\n|-damage|p2a: Alula|89\/100 brn|[from] brn\n|upkeep\n|turn|16\n|\n|t:|1699912017\n|switch|p2a: Calamus|Zapdos-Galar|100\/100\n|move|p1a: The Curdled|Iron Defense|p1a: The Curdled\n|-boost|p1a: The Curdled|def|2\n|\n|upkeep\n|turn|17\n|\n|t:|1699912048\n|move|p2a: Calamus|Thunderous Kick|p1a: The Curdled\n|-supereffective|p1a: The Curdled\n|-damage|p1a: The Curdled|69\/100\n|-unboost|p1a: The Curdled|def|1\n|move|p1a: The Curdled|Body Press|p2a: Calamus\n|-resisted|p2a: Calamus\n|-crit|p2a: Calamus\n|-damage|p2a: Calamus|71\/100\n|\n|-heal|p1a: The Curdled|75\/100|[from] item: Leftovers\n|upkeep\n|turn|18\n|\n|t:|1699912073\n|move|p2a: Calamus|Thunderous Kick|p1a: The Curdled\n|-supereffective|p1a: The Curdled\n|-damage|p1a: The Curdled|34\/100\n|-unboost|p1a: The Curdled|def|1\n|move|p1a: The Curdled|Iron Defense|p1a: The Curdled\n|-boost|p1a: The Curdled|def|2\n|\n|-heal|p1a: The Curdled|40\/100|[from] item: Leftovers\n|upkeep\n|turn|19\n|\n|t:|1699912109\n|move|p2a: Calamus|Thunderous Kick|p1a: The Curdled\n|-supereffective|p1a: The Curdled\n|-damage|p1a: The Curdled|6\/100\n|-unboost|p1a: The Curdled|def|1\n|move|p1a: The Curdled|Recover|p1a: The Curdled\n|-heal|p1a: The Curdled|56\/100\n|\n|-heal|p1a: The Curdled|62\/100|[from] item: Leftovers\n|upkeep\n|turn|20\n|\n|t:|1699912119\n|switch|p1a: The Deceiver|Aegislash, M, shiny|100\/100\n|move|p2a: Calamus|Thunderous Kick|p1a: The Deceiver\n|-immune|p1a: The Deceiver\n|\n|upkeep\n|turn|21\n|\n|t:|1699912163\n|switch|p2a: Snippy Boi|Gliscor, F, shiny|100\/100 tox\n|switch|p1a: The Curdled|Garganacl, F|62\/100\n|\n|-heal|p1a: The Curdled|68\/100|[from] item: Leftovers\n|upkeep\n|turn|22\n|\n|t:|1699912172\n|move|p2a: Snippy Boi|Stealth Rock|p1a: The Curdled\n|-sidestart|p1: AegiSwaggy|move: Stealth Rock\n|move|p1a: The Curdled|Recover|p1a: The Curdled\n|-heal|p1a: The Curdled|100\/100\n|\n|upkeep\n|turn|23\n|\n|t:|1699912178\n|move|p2a: Snippy Boi|Earthquake|p1a: The Curdled\n|-supereffective|p1a: The Curdled\n|-damage|p1a: The Curdled|54\/100\n|move|p1a: The Curdled|Salt Cure|p2a: Snippy Boi\n|-damage|p2a: Snippy Boi|91\/100 tox\n|-start|p2a: Snippy Boi|Salt Cure\n|\n|-heal|p1a: The Curdled|61\/100|[from] item: Leftovers\n|-heal|p2a: Snippy Boi|100\/100 tox|[from] ability: Poison Heal\n|-damage|p2a: Snippy Boi|88\/100 tox|[from] Salt Cure\n|upkeep\n|turn|24\n|\n|t:|1699912234\n|-terastallize|p1a: The Curdled|Fairy\n|move|p2a: Snippy Boi|Earthquake|p1a: The Curdled\n|-damage|p1a: The Curdled|40\/100\n|move|p1a: The Curdled|Recover|p1a: The Curdled\n|-heal|p1a: The Curdled|90\/100\n|\n|-heal|p1a: The Curdled|96\/100|[from] item: Leftovers\n|-heal|p2a: Snippy Boi|100\/100 tox|[from] ability: Poison Heal\n|-damage|p2a: Snippy Boi|88\/100 tox|[from] Salt Cure\n|upkeep\n|turn|25\n|\n|t:|1699912254\n|move|p2a: Snippy Boi|Earthquake|p1a: The Curdled\n|-damage|p1a: The Curdled|72\/100\n|move|p1a: The Curdled|Iron Defense|p1a: The Curdled\n|-boost|p1a: The Curdled|def|2\n|\n|-heal|p1a: The Curdled|78\/100|[from] item: Leftovers\n|-heal|p2a: Snippy Boi|100\/100 tox|[from] ability: Poison Heal\n|-damage|p2a: Snippy Boi|88\/100 tox|[from] Salt Cure\n|upkeep\n|turn|26\n|\n|t:|1699912307\n|move|p2a: Snippy Boi|U-turn|p1a: The Curdled\n|-resisted|p1a: The Curdled\n|-damage|p1a: The Curdled|76\/100\n|\n|t:|1699912309\n|switch|p2a: L*ndorus|Landorus, M|63\/100|[from] U-turn\n|move|p1a: The Curdled|Salt Cure|p2a: L*ndorus\n|-damage|p2a: L*ndorus|45\/100\n|-start|p2a: L*ndorus|Salt Cure\n|\n|-heal|p1a: The Curdled|82\/100|[from] item: Leftovers\n|-damage|p2a: L*ndorus|32\/100|[from] Salt Cure\n|upkeep\n|turn|27\n|\n|t:|1699912416\n|switch|p2a: Calamus|Zapdos-Galar|71\/100\n|switch|p1a: The Deceiver|Aegislash, M, shiny|100\/100\n|-damage|p1a: The Deceiver|94\/100|[from] Stealth Rock\n|\n|-heal|p1a: The Deceiver|100\/100|[from] item: Leftovers\n|upkeep\n|turn|28\n|\n|t:|1699912435\n|move|p2a: Calamus|Knock Off|p1a: The Deceiver\n|-supereffective|p1a: The Deceiver\n|-damage|p1a: The Deceiver|47\/100\n|-enditem|p1a: The Deceiver|Leftovers|[from] move: Knock Off|[of] p2a: Calamus\n|-formechange|p1a: The Deceiver|Aegislash-Blade||[from] ability: Stance Change\n|move|p1a: The Deceiver|Shadow Ball|p2a: Calamus\n|-damage|p2a: Calamus|24\/100\n|\n|upkeep\n|turn|29\n|\n|t:|1699912460\n|switch|p2a: Snippy Boi|Gliscor, F, shiny|88\/100 tox\n|move|p1a: The Deceiver|Shadow Ball|p2a: Snippy Boi\n|-damage|p2a: Snippy Boi|48\/100 tox\n|-unboost|p2a: Snippy Boi|spd|1\n|\n|-heal|p2a: Snippy Boi|60\/100 tox|[from] ability: Poison Heal\n|upkeep\n|turn|30\n|\n|t:|1699912492\n|switch|p2a: Calamus|Zapdos-Galar|24\/100\n|-formechange|p1a: The Deceiver|Aegislash||[from] ability: Stance Change\n|move|p1a: The Deceiver|King's Shield||[still]\n|-fail|p1a: The Deceiver\n|\n|upkeep\n|turn|31\n|\n|t:|1699912510\n|move|p2a: Calamus|Knock Off|p1a: The Deceiver\n|-supereffective|p1a: The Deceiver\n|-damage|p1a: The Deceiver|16\/100\n|-formechange|p1a: The Deceiver|Aegislash-Blade||[from] ability: Stance Change\n|move|p1a: The Deceiver|Shadow Ball|p2a: Calamus\n|-damage|p2a: Calamus|0 fnt\n|faint|p2a: Calamus\n|\n|upkeep\n|\n|t:|1699912526\n|switch|p2a: Charizard|Charizard-Mega-Y, F|76\/100\n|-weather|SunnyDay|[from] ability: Drought|[of] p2a: Charizard\n|turn|32\n|\n|t:|1699912540\n|move|p2a: Charizard|Air Slash|p1a: The Deceiver\n|-resisted|p1a: The Deceiver\n|-damage|p1a: The Deceiver|0 fnt\n|faint|p1a: The Deceiver\n|\n|-weather|SunnyDay|[upkeep]\n|upkeep\n|\n|t:|1699912651\n|switch|p1a: The Benighted|Skeledirge, M|59\/100 tox\n|-damage|p1a: The Benighted|34\/100 tox|[from] Stealth Rock\n|turn|33\n|\n|t:|1699912682\n|move|p2a: Charizard|Air Slash|p1a: The Benighted\n|-damage|p1a: The Benighted|0 fnt\n|faint|p1a: The Benighted\n|\n|-weather|SunnyDay|[upkeep]\n|upkeep\n|\n|t:|1699912816\n|switch|p1a: The Capricious|Greninja, M|78\/100\n|-damage|p1a: The Capricious|65\/100|[from] Stealth Rock\n|turn|34\n|\n|t:|1699912872\n|move|p1a: The Capricious|U-turn|p2a: Charizard\n|-start|p1a: The Capricious|typechange|Bug|[from] ability: Protean\n|-resisted|p2a: Charizard\n|-damage|p2a: Charizard|68\/100\n|\n|t:|1699912899\n|switch|p1a: The Dauntless|Venusaur-Mega, M|52\/100|[from] U-turn\n|-damage|p1a: The Dauntless|40\/100|[from] Stealth Rock\n|move|p2a: Charizard|Air Slash|p1a: The Dauntless\n|-supereffective|p1a: The Dauntless\n|-damage|p1a: The Dauntless|0 fnt\n|faint|p1a: The Dauntless\n|\n|-weather|SunnyDay|[upkeep]\n|upkeep\n|\n|t:|1699912908\n|switch|p1a: The Curdled|Garganacl, F, tera:Fairy|82\/100\n|-damage|p1a: The Curdled|70\/100|[from] Stealth Rock\n|turn|35\n|\n|t:|1699912919\n|move|p2a: Charizard|Flamethrower|p1a: The Curdled\n|-damage|p1a: The Curdled|14\/100\n|move|p1a: The Curdled|Salt Cure|p2a: Charizard\n|-supereffective|p2a: Charizard\n|-damage|p2a: Charizard|0 fnt\n|faint|p2a: Charizard\n|\n|-weather|SunnyDay|[upkeep]\n|-heal|p1a: The Curdled|21\/100|[from] item: Leftovers\n|upkeep\n|\n|t:|1699912922\n|switch|p2a: L*ndorus|Landorus, M|32\/100\n|turn|36\n|\n|t:|1699912984\n|move|p2a: L*ndorus|Earth Power|p1a: The Curdled\n|-damage|p1a: The Curdled|0 fnt\n|faint|p1a: The Curdled\n|\n|-weather|none\n|upkeep\n|\n|t:|1699912988\n|switch|p1a: The Capricious|Greninja, M|65\/100\n|-damage|p1a: The Capricious|53\/100|[from] Stealth Rock\n|turn|37\n|\n|t:|1699913011\n|switch|p2a: Snippy Boi|Gliscor, F, shiny|60\/100 tox\n|move|p1a: The Capricious|U-turn|p2a: Snippy Boi\n|-start|p1a: The Capricious|typechange|Bug|[from] ability: Protean\n|-resisted|p2a: Snippy Boi\n|-damage|p2a: Snippy Boi|52\/100 tox\n|\n|t:|1699913014\n|switch|p1a: The Savage|Great Tusk|100\/100|[from] U-turn\n|-damage|p1a: The Savage|98\/100|[from] Stealth Rock\n|\n|-heal|p2a: Snippy Boi|65\/100 tox|[from] ability: Poison Heal\n|upkeep\n|turn|38\n|\n|t:|1699913032\n|move|p1a: The Savage|Stone Edge|p2a: Snippy Boi\n|-damage|p2a: Snippy Boi|29\/100 tox\n|move|p2a: Snippy Boi|U-turn|p1a: The Savage\n|-resisted|p1a: The Savage\n|-damage|p1a: The Savage|92\/100\n|\n|t:|1699913043\n|switch|p2a: L*ndorus|Landorus, M|32\/100|[from] U-turn\n|\n|upkeep\n|turn|39\n|\n|t:|1699913053\n|move|p2a: L*ndorus|Earth Power|p1a: The Savage\n|-damage|p1a: The Savage|0 fnt\n|faint|p1a: The Savage\n|-end|p1a: The Savage|Protosynthesis|[silent]\n|\n|upkeep\n|\n|t:|1699913056\n|switch|p1a: The Capricious|Greninja, M|53\/100\n|-damage|p1a: The Capricious|41\/100|[from] Stealth Rock\n|turn|40\n|c|\u2606Snapteryx|Ggwp\n|c|\u2606AegiSwaggy|gg\n|c|\u2606Snapteryx|This was one of the closest matches vs this team I think\n|c|\u2606AegiSwaggy|yeah i did better today\n|c|\u2606AegiSwaggy|but made some misplays towards the end\n|\n|t:|1699913111\n|move|p1a: The Capricious|Ice Beam|p2a: L*ndorus\n|-start|p1a: The Capricious|typechange|Ice|[from] ability: Protean\n|-supereffective|p2a: L*ndorus\n|-damage|p2a: L*ndorus|0 fnt\n|faint|p2a: L*ndorus\n|\n|upkeep\n|\n|t:|1699913120\n|switch|p2a: Alula|Mantine, F, shiny|89\/100 brn\n|turn|41\n|\n|t:|1699913132\n|-terastallize|p2a: Alula|Water\n|move|p1a: The Capricious|Ice Beam|p2a: Alula\n|-resisted|p2a: Alula\n|-damage|p2a: Alula|78\/100 brn\n|move|p2a: Alula|Scald|p1a: The Capricious\n|-damage|p1a: The Capricious|0 fnt\n|faint|p1a: The Capricious\n|\n|win|Snapteryx\n|l| El Zappo\n","uploadtime":1699913140,"views":10,"p1id":"aegiswaggy","p2id":"snapteryx","formatid":"gen9nationaldexubers","rating":0,"private":0,"password":""}