{"id":"gen9nationaldexubers-1984006230","p1":"RedStarNana","p2":"BigMommaBadger","format":"[Gen 9] National Dex Ubers","log":"|j|\u2606RedStarNana\n|j|\u2606BigMommaBadger\n|t:|1699209084\n|gametype|singles\n|player|p1|RedStarNana|flannery|1054\n|player|p2|BigMommaBadger|1|1108\n|teamsize|p1|6\n|teamsize|p2|6\n|gen|9\n|tier|[Gen 9] National Dex Ubers\n|rated|\n|rule|HP Percentage Mod: HP is shown in percentages\n|rule|Endless Battle Clause: Forcing endless battles is banned\n|rule|OHKO Clause: OHKO moves are banned\n|rule|Evasion Moves Clause: Evasion moves are banned\n|rule|Evasion Items Clause: Evasion items are banned\n|rule|Species Clause: Limit one of each Pok\u00e9mon\n|rule|Sleep Clause Mod: Limit one foe put to sleep\n|rule|Mega Rayquaza Clause: You cannot mega evolve Rayquaza\n|clearpoke\n|poke|p1|Corsola-Galar, M|\n|poke|p1|Inteleon, M|\n|poke|p1|Grimmsnarl, M|\n|poke|p1|Galvantula, M|\n|poke|p1|Mr. Rime, M|\n|poke|p1|Eternatus|\n|poke|p2|Reshiram|\n|poke|p2|Arceus-Water|\n|poke|p2|Ogerpon-Cornerstone, F|\n|poke|p2|Marshadow|\n|poke|p2|Mewtwo|\n|poke|p2|Zacian-*|\n|teampreview\n|\n|t:|1699209096\n|start\n|switch|p1a: Gemma|Galvantula, M|100\/100\n|switch|p2a: Athena|Zacian-Crowned, shiny|100\/100\n|-ability|p2a: Athena|Intrepid Sword|boost\n|-boost|p2a: Athena|atk|1\n|turn|1\n|\n|t:|1699209125\n|move|p2a: Athena|Swords Dance|p2a: Athena\n|-boost|p2a: Athena|atk|2\n|move|p1a: Gemma|Thunder Wave|p2a: Athena\n|-status|p2a: Athena|par\n|\n|upkeep\n|turn|2\n|\n|t:|1699209132\n|move|p1a: Gemma|Sticky Web|p2a: Athena\n|-sidestart|p2: BigMommaBadger|move: Sticky Web\n|move|p2a: Athena|Behemoth Blade|p1a: Gemma\n|-resisted|p1a: Gemma\n|-enditem|p1a: Gemma|Focus Sash\n|-damage|p1a: Gemma|1\/100\n|\n|upkeep\n|turn|3\n|\n|t:|1699209139\n|move|p1a: Gemma|String Shot|p2a: Athena\n|-unboost|p2a: Athena|spe|2\n|cant|p2a: Athena|par\n|\n|upkeep\n|turn|4\n|\n|t:|1699209145\n|move|p1a: Gemma|Bug Buzz|p2a: Athena\n|-resisted|p2a: Athena\n|-damage|p2a: Athena|92\/100 par\n|cant|p2a: Athena|par\n|\n|upkeep\n|turn|5\n|\n|t:|1699209151\n|move|p1a: Gemma|Bug Buzz|p2a: Athena\n|-resisted|p2a: Athena\n|-damage|p2a: Athena|83\/100 par\n|move|p2a: Athena|Sacred Sword|p1a: Gemma\n|-resisted|p1a: Gemma\n|-damage|p1a: Gemma|0 fnt\n|faint|p1a: Gemma\n|\n|upkeep\n|\n|t:|1699209166\n|switch|p1a: Gizmo|Grimmsnarl, M|100\/100\n|turn|6\n|\n|t:|1699209171\n|move|p1a: Gizmo|Reflect|p1a: Gizmo\n|-sidestart|p1: RedStarNana|Reflect\n|cant|p2a: Athena|par\n|\n|upkeep\n|turn|7\n|\n|t:|1699209175\n|move|p1a: Gizmo|Light Screen|p1a: Gizmo\n|-sidestart|p1: RedStarNana|move: Light Screen\n|move|p2a: Athena|Behemoth Blade|p1a: Gizmo\n|-supereffective|p1a: Gizmo\n|-damage|p1a: Gizmo|0 fnt\n|faint|p1a: Gizmo\n|\n|upkeep\n|\n|t:|1699209182\n|switch|p1a: Siphon|Corsola-Galar, M|100\/100\n|turn|8\n|\n|t:|1699209187\n|cant|p2a: Athena|par\n|move|p1a: Siphon|Strength Sap|p2a: Athena\n|-unboost|p2a: Athena|atk|1\n|\n|upkeep\n|turn|9\n|\n|t:|1699209194\n|move|p2a: Athena|Behemoth Blade|p1a: Siphon\n|-damage|p1a: Siphon|66\/100\n|move|p1a: Siphon|Whirlpool|p2a: Athena\n|-damage|p2a: Athena|77\/100 par\n|-activate|p2a: Athena|move: Whirlpool|[of] p1a: Siphon\n|\n|-damage|p2a: Athena|64\/100 par|[from] move: Whirlpool|[partiallytrapped]\n|upkeep\n|turn|10\n|\n|t:|1699209204\n|cant|p2a: Athena|par\n|move|p1a: Siphon|Strength Sap|p2a: Athena\n|-unboost|p2a: Athena|atk|1\n|-heal|p1a: Siphon|100\/100\n|\n|-damage|p2a: Athena|52\/100 par|[from] move: Whirlpool|[partiallytrapped]\n|upkeep\n|turn|11\n|\n|t:|1699209213\n|cant|p2a: Athena|par\n|move|p1a: Siphon|Substitute|p1a: Siphon\n|-start|p1a: Siphon|Substitute\n|-damage|p1a: Siphon|76\/100\n|\n|-damage|p2a: Athena|40\/100 par|[from] move: Whirlpool|[partiallytrapped]\n|upkeep\n|turn|12\n|\n|t:|1699209220\n|move|p2a: Athena|Swords Dance|p2a: Athena\n|-boost|p2a: Athena|atk|2\n|move|p1a: Siphon|Strength Sap|p2a: Athena\n|-unboost|p2a: Athena|atk|1\n|-heal|p1a: Siphon|100\/100\n|\n|-damage|p2a: Athena|28\/100 par|[from] move: Whirlpool|[partiallytrapped]\n|upkeep\n|turn|13\n|\n|t:|1699209231\n|move|p2a: Athena|Swords Dance|p2a: Athena\n|-boost|p2a: Athena|atk|2\n|move|p1a: Siphon|Whirlpool|p2a: Athena\n|-damage|p2a: Athena|22\/100 par\n|\n|-damage|p2a: Athena|10\/100 par|[from] move: Whirlpool|[partiallytrapped]\n|-sideend|p1: RedStarNana|Reflect\n|upkeep\n|turn|14\n|\n|t:|1699209242\n|move|p2a: Athena|Swords Dance|p2a: Athena\n|-boost|p2a: Athena|atk|2\n|move|p1a: Siphon|Strength Sap|p2a: Athena\n|-unboost|p2a: Athena|atk|1\n|\n|-end|p2a: Athena|Whirlpool|[partiallytrapped]\n|-sideend|p1: RedStarNana|move: Light Screen\n|upkeep\n|turn|15\n|\n|t:|1699209251\n|move|p2a: Athena|Behemoth Blade|p1a: Siphon\n|-end|p1a: Siphon|Substitute\n|move|p1a: Siphon|Whirlpool|p2a: Athena\n|-damage|p2a: Athena|4\/100 par\n|-activate|p2a: Athena|move: Whirlpool|[of] p1a: Siphon\n|\n|-damage|p2a: Athena|0 fnt|[from] move: Whirlpool|[partiallytrapped]\n|faint|p2a: Athena\n|upkeep\n|\n|t:|1699209257\n|switch|p2a: Psyche|Mewtwo, shiny|100\/100\n|-activate|p2a: Psyche|move: Sticky Web\n|-unboost|p2a: Psyche|spe|1\n|-ability|p2a: Psyche|Pressure\n|turn|16\n|\n|t:|1699209267\n|detailschange|p2a: Psyche|Mewtwo-Mega-Y, shiny\n|-mega|p2a: Psyche|Mewtwo|Mewtwonite Y\n|move|p2a: Psyche|Dark Pulse|p1a: Siphon\n|-supereffective|p1a: Siphon\n|-damage|p1a: Siphon|51\/100\n|move|p1a: Siphon|Substitute|p1a: Siphon\n|-start|p1a: Siphon|Substitute\n|-damage|p1a: Siphon|27\/100\n|\n|upkeep\n|turn|17\n|\n|t:|1699209276\n|-terastallize|p1a: Siphon|Normal\n|move|p2a: Psyche|Dark Pulse|p1a: Siphon\n|-end|p1a: Siphon|Substitute\n|move|p1a: Siphon|Strength Sap|p2a: Psyche\n|-unboost|p2a: Psyche|atk|1\n|-heal|p1a: Siphon|100\/100\n|\n|upkeep\n|turn|18\n|\n|t:|1699209286\n|move|p2a: Psyche|Aura Sphere|p1a: Siphon\n|-supereffective|p1a: Siphon\n|-damage|p1a: Siphon|51\/100\n|move|p1a: Siphon|Will-O-Wisp|p2a: Psyche|[miss]\n|-miss|p1a: Siphon|p2a: Psyche\n|\n|upkeep\n|turn|19\n|\n|t:|1699209294\n|move|p2a: Psyche|Aura Sphere|p1a: Siphon\n|-supereffective|p1a: Siphon\n|-damage|p1a: Siphon|0 fnt\n|faint|p1a: Siphon\n|\n|upkeep\n|\n|t:|1699209299\n|switch|p1a: Scaler|Inteleon, M|100\/100\n|turn|20\n|\n|t:|1699209304\n|move|p1a: Scaler|Shadow Ball|p2a: Psyche\n|-supereffective|p2a: Psyche\n|-damage|p2a: Psyche|38\/100\n|-damage|p1a: Scaler|91\/100|[from] item: Life Orb\n|move|p2a: Psyche|Psystrike|p1a: Scaler\n|-damage|p1a: Scaler|0 fnt\n|faint|p1a: Scaler\n|\n|upkeep\n|\n|t:|1699209314\n|switch|p1a: Mr. Rime|Mr. Rime, M|100\/100\n|turn|21\n|\n|t:|1699209318\n|move|p2a: Psyche|Flamethrower|p1a: Mr. Rime\n|-supereffective|p1a: Mr. Rime\n|-damage|p1a: Mr. Rime|15\/100\n|move|p1a: Mr. Rime|Calm Mind|p1a: Mr. Rime\n|-boost|p1a: Mr. Rime|spa|1\n|-boost|p1a: Mr. Rime|spd|1\n|\n|-heal|p1a: Mr. Rime|21\/100|[from] item: Leftovers\n|upkeep\n|turn|22\n|-message|RedStarNana forfeited.\n|\n|win|BigMommaBadger\n|raw|RedStarNana's rating: 1054 &rarr; <strong>1039<\/strong><br \/>(-15 for losing)\n|raw|BigMommaBadger's rating: 1108 &rarr; <strong>1129<\/strong><br \/>(+21 for winning)\n|l|\u2606RedStarNana\n","uploadtime":1699209325,"views":4,"p1id":"redstarnana","p2id":"bigmommabadger","formatid":"gen9nationaldexubers","rating":1039,"private":0,"password":""}