{"id":"gen9nationaldexubers-1993844689","p1":"slaypch","p2":"D Hazey","format":"[Gen 9] National Dex Ubers","log":"|j|\u2606slaypch\n|j|\u2606D Hazey\n|t:|1700364390\n|gametype|singles\n|player|p1|slaypch|scientistf|\n|player|p2|D Hazey|ethan|\n|teamsize|p1|6\n|teamsize|p2|6\n|gen|9\n|tier|[Gen 9] National Dex Ubers\n|rule|HP Percentage Mod: HP is shown in percentages\n|rule|Endless Battle Clause: Forcing endless battles is banned\n|rule|OHKO Clause: OHKO moves are banned\n|rule|Evasion Moves Clause: Evasion moves are banned\n|rule|Evasion Items Clause: Evasion items are banned\n|rule|Species Clause: Limit one of each Pok\u00e9mon\n|rule|Sleep Clause Mod: Limit one foe put to sleep\n|rule|Mega Rayquaza Clause: You cannot mega evolve Rayquaza\n|clearpoke\n|poke|p1|Iron Bundle|\n|poke|p1|Corviknight, M|\n|poke|p1|Ting-Lu|\n|poke|p1|Hawlucha, M|\n|poke|p1|Magmortar, F|\n|poke|p1|Eldegoss, F|\n|poke|p2|Torterra, F|\n|poke|p2|Nihilego|\n|poke|p2|Metagross|\n|poke|p2|Mienshao, F|\n|poke|p2|Slowking, M|\n|poke|p2|Golbat, M|\n|teampreview\n|c|\u2606D Hazey|Yo\n|c|\u2606slaypch|yurr\n|c|\u2606D Hazey|Am on mobile, could you send the link?\n|c|\u2606slaypch|yeth\n|j| youcheddarwerk\n|c| youcheddarwerk|Gay ass mons\n|c|\u2606D Hazey|The best kind\n|l| youcheddarwerk\n|j| MaxPropaganda\n|j| donut852\n|j| youcheddarwerk\n|j| cookiesinmilk\n|c|\u2606D Hazey|You ready?\n|l| youcheddarwerk\n|c|\u2606slaypch|yup\n|c|\u2606D Hazey|Glhf\n|c|\u2606slaypch|u2\n|j| theedevyn\n|\n|t:|1700364728\n|start\n|switch|p1a: gagordar|Magmortar, F, shiny|100\/100\n|switch|p2a: brouhaha|Metagross, shiny|100\/100\n|turn|1\n|c| cookiesinmilk|Mother eldegloss\n|l| theedevyn\n|\n|t:|1700364754\n|move|p1a: gagordar|Thunderbolt|p2a: brouhaha\n|-damage|p2a: brouhaha|71\/100\n|move|p2a: brouhaha|Explosion|p1a: gagordar\n|-damage|p1a: gagordar|0 fnt\n|faint|p2a: brouhaha\n|faint|p1a: gagordar\n|\n|upkeep\n|inactive|Battle timer is ON: inactive players will automatically lose when time's up. (requested by D Hazey)\n|c| MaxPropaganda|I see we gentlemaned to a 5v5\n|c|\u2606D Hazey|Lmao\n|\n|t:|1700364795\n|switch|p1a: hydrogen bomb|Iron Bundle|100\/100\n|switch|p2a: taradiddle|Slowking, M, shiny|100\/100\n|-enditem|p1a: hydrogen bomb|Booster Energy\n|-activate|p1a: hydrogen bomb|ability: Quark Drive|[fromitem]\n|-start|p1a: hydrogen bomb|quarkdrivespa\n|turn|2\n|j| duke omelette\n|c| donut852|sparks are flying in this heated battle\n|\n|t:|1700364808\n|move|p1a: hydrogen bomb|Freeze-Dry|p2a: taradiddle\n|-supereffective|p2a: taradiddle\n|-damage|p2a: taradiddle|13\/100\n|move|p2a: taradiddle|Power Gem|p1a: hydrogen bomb\n|-supereffective|p1a: hydrogen bomb\n|-damage|p1a: hydrogen bomb|0 fnt\n|faint|p1a: hydrogen bomb\n|-end|p1a: hydrogen bomb|Quark Drive|[silent]\n|\n|-heal|p2a: taradiddle|19\/100|[from] item: Leftovers\n|upkeep\n|\n|t:|1700364818\n|switch|p1a: small pizza|Corviknight, M|100\/100\n|turn|3\n|\n|t:|1700364831\n|switch|p2a: bone paint|Golbat, M|100\/100\n|move|p1a: small pizza|U-turn|p2a: bone paint\n|-resisted|p2a: bone paint\n|-crit|p2a: bone paint\n|-damage|p2a: bone paint|96\/100\n|j| theedevyn\n|\n|t:|1700364854\n|switch|p1a: weed bowl|Ting-Lu|100\/100|[from] U-turn\n|-ability|p1a: weed bowl|Vessel of Ruin\n|\n|upkeep\n|turn|4\n|\n|t:|1700364864\n|move|p2a: bone paint|U-turn|p1a: weed bowl\n|-supereffective|p1a: weed bowl\n|-damage|p1a: weed bowl|87\/100\n|\n|t:|1700364877\n|switch|p2a: whisper gulp|Mienshao, F, shiny|100\/100|[from] U-turn\n|move|p1a: weed bowl|Ruination|p2a: whisper gulp\n|-damage|p2a: whisper gulp|51\/100\n|\n|-heal|p1a: weed bowl|93\/100|[from] item: Leftovers\n|upkeep\n|turn|5\n|\n|t:|1700364894\n|switch|p1a: small pizza|Corviknight, M|100\/100\n|move|p2a: whisper gulp|U-turn|p1a: small pizza\n|-resisted|p1a: small pizza\n|-damage|p1a: small pizza|97\/100\n|-damage|p2a: whisper gulp|34\/100|[from] item: Rocky Helmet|[of] p1a: small pizza\n|\n|t:|1700364908\n|switch|p2a: nebulize|Nihilego|100\/100|[from] U-turn\n|\n|upkeep\n|turn|6\n|\n|t:|1700364919\n|switch|p1a: weed bowl|Ting-Lu|93\/100\n|-ability|p1a: weed bowl|Vessel of Ruin\n|move|p2a: nebulize|Thunder|p1a: weed bowl\n|-immune|p1a: weed bowl\n|\n|-heal|p1a: weed bowl|99\/100|[from] item: Leftovers\n|upkeep\n|turn|7\n|inactive|D Hazey has 270 seconds left.\n|\n|t:|1700364940\n|switch|p2a: bone paint|Golbat, M|96\/100\n|move|p1a: weed bowl|Ruination|p2a: bone paint\n|-damage|p2a: bone paint|48\/100\n|\n|-heal|p1a: weed bowl|100\/100|[from] item: Leftovers\n|upkeep\n|turn|8\n|inactive|D Hazey has 270 seconds left.\n|\n|t:|1700364953\n|switch|p1a: small pizza|Corviknight, M|97\/100\n|move|p2a: bone paint|U-turn|p1a: small pizza\n|-resisted|p1a: small pizza\n|-damage|p1a: small pizza|95\/100\n|-damage|p2a: bone paint|32\/100|[from] item: Rocky Helmet|[of] p1a: small pizza\n|n| duke omelette|dukeomelette\n|inactive|D Hazey has 270 seconds left.\n|\n|t:|1700364975\n|switch|p2a: taradiddle|Slowking, M, shiny|53\/100|[from] U-turn\n|\n|-heal|p2a: taradiddle|59\/100|[from] item: Leftovers\n|upkeep\n|turn|9\n|inactive|slaypch has 270 seconds left.\n|\n|t:|1700365031\n|switch|p1a: weed bowl|Ting-Lu|100\/100\n|-ability|p1a: weed bowl|Vessel of Ruin\n|move|p2a: taradiddle|Fire Blast|p1a: weed bowl\n|-damage|p1a: weed bowl|82\/100\n|-status|p1a: weed bowl|brn\n|\n|-heal|p1a: weed bowl|88\/100 brn|[from] item: Leftovers\n|-heal|p2a: taradiddle|65\/100|[from] item: Leftovers\n|-damage|p1a: weed bowl|82\/100 brn|[from] brn\n|upkeep\n|turn|10\n|inactive|slaypch has 240 seconds left.\n|\n|t:|1700365056\n|move|p1a: weed bowl|Ruination|p2a: taradiddle\n|-damage|p2a: taradiddle|33\/100\n|move|p2a: taradiddle|Scald|p1a: weed bowl\n|-supereffective|p1a: weed bowl\n|-damage|p1a: weed bowl|45\/100 brn\n|\n|-heal|p1a: weed bowl|51\/100 brn|[from] item: Leftovers\n|-heal|p2a: taradiddle|39\/100|[from] item: Leftovers\n|-damage|p1a: weed bowl|45\/100 brn|[from] brn\n|upkeep\n|turn|11\n|inactive|slaypch has 240 seconds left.\n|\n|t:|1700365069\n|switch|p1a: coughing baby|Eldegoss, F, shiny|100\/100\n|move|p2a: taradiddle|Scald|p1a: coughing baby\n|-resisted|p1a: coughing baby\n|-damage|p1a: coughing baby|88\/100\n|\n|-heal|p2a: taradiddle|45\/100|[from] item: Leftovers\n|upkeep\n|turn|12\n|inactive|slaypch has 240 seconds left.\n|\n|t:|1700365098\n|switch|p2a: bone paint|Golbat, M|32\/100\n|move|p1a: coughing baby|Pollen Puff|p2a: bone paint\n|-resisted|p2a: bone paint\n|-damage|p2a: bone paint|29\/100\n|\n|upkeep\n|turn|13\n|\n|t:|1700365108\n|-activate|p1a: coughing baby|move: Pursuit\n|move|p2a: bone paint|Pursuit|p1a: coughing baby|[from]Pursuit\n|-damage|p1a: coughing baby|70\/100\n|switch|p1a: small pizza|Corviknight, M|95\/100\n|\n|upkeep\n|turn|14\n|inactive|D Hazey has 240 seconds left.\n|\n|t:|1700365135\n|move|p2a: bone paint|U-turn|p1a: small pizza\n|-resisted|p1a: small pizza\n|-damage|p1a: small pizza|93\/100\n|-damage|p2a: bone paint|13\/100|[from] item: Rocky Helmet|[of] p1a: small pizza\n|\n|t:|1700365141\n|switch|p2a: whisper gulp|Mienshao, F, shiny|67\/100|[from] U-turn\n|move|p1a: small pizza|Brave Bird|p2a: whisper gulp\n|-supereffective|p2a: whisper gulp\n|-damage|p2a: whisper gulp|0 fnt\n|faint|p2a: whisper gulp\n|-damage|p1a: small pizza|78\/100|[from] Recoil\n|\n|upkeep\n|\n|t:|1700365160\n|switch|p2a: drive's at 90|Torterra, F|100\/100\n|turn|15\n|inactive|slaypch has 240 seconds left.\n|inactive|D Hazey has 210 seconds left.\n|\n|t:|1700365199\n|switch|p2a: bone paint|Golbat, M|13\/100\n|move|p1a: small pizza|Brave Bird|p2a: bone paint\n|-damage|p2a: bone paint|0 fnt\n|faint|p2a: bone paint\n|-damage|p1a: small pizza|75\/100|[from] Recoil\n|\n|upkeep\n|inactive|D Hazey has 210 seconds left.\n|\n|t:|1700365213\n|switch|p2a: taradiddle|Slowking, M, shiny|78\/100\n|turn|16\n|inactive|D Hazey has 210 seconds left.\n|\n|t:|1700365234\n|switch|p1a: weed bowl|Ting-Lu|45\/100 brn\n|-ability|p1a: weed bowl|Vessel of Ruin\n|move|p2a: taradiddle|Fire Blast|p1a: weed bowl|[miss]\n|-miss|p2a: taradiddle|p1a: weed bowl\n|\n|-heal|p1a: weed bowl|51\/100 brn|[from] item: Leftovers\n|-heal|p2a: taradiddle|84\/100|[from] item: Leftovers\n|-damage|p1a: weed bowl|45\/100 brn|[from] brn\n|upkeep\n|turn|17\n|inactive|D Hazey has 210 seconds left.\n|\n|t:|1700365255\n|move|p1a: weed bowl|Ruination|p2a: taradiddle\n|-damage|p2a: taradiddle|42\/100\n|move|p2a: taradiddle|Scald|p1a: weed bowl\n|-supereffective|p1a: weed bowl\n|-damage|p1a: weed bowl|7\/100 brn\n|\n|-heal|p1a: weed bowl|13\/100 brn|[from] item: Leftovers\n|-heal|p2a: taradiddle|48\/100|[from] item: Leftovers\n|-damage|p1a: weed bowl|7\/100 brn|[from] brn\n|upkeep\n|turn|18\n|inactive|D Hazey has 180 seconds left.\n|\n|t:|1700365282\n|move|p1a: weed bowl|Ruination|p2a: taradiddle\n|-damage|p2a: taradiddle|25\/100\n|move|p2a: taradiddle|Fire Blast|p1a: weed bowl\n|-damage|p1a: weed bowl|0 fnt\n|faint|p1a: weed bowl\n|\n|-heal|p2a: taradiddle|31\/100|[from] item: Leftovers\n|upkeep\n|inactive|slaypch has 210 seconds left.\n|inactive|slaypch has 180 seconds left.\n|\n|t:|1700365346\n|switch|p1a: cap'n k'nuckles|Hawlucha, M|100\/100\n|turn|19\n|inactive|D Hazey has 180 seconds left.\n|\n|t:|1700365385\n|move|p1a: cap'n k'nuckles|Substitute|p1a: cap'n k'nuckles\n|-start|p1a: cap'n k'nuckles|Substitute\n|-damage|p1a: cap'n k'nuckles|76\/100\n|move|p2a: taradiddle|Scald|p1a: cap'n k'nuckles\n|-end|p1a: cap'n k'nuckles|Substitute\n|\n|-heal|p2a: taradiddle|37\/100|[from] item: Leftovers\n|upkeep\n|turn|20\n|inactive|slaypch has 180 seconds left.\n|\n|t:|1700365402\n|switch|p1a: coughing baby|Eldegoss, F, shiny|100\/100\n|move|p2a: taradiddle|Scald|p1a: coughing baby\n|-resisted|p1a: coughing baby\n|-damage|p1a: coughing baby|88\/100\n|-status|p1a: coughing baby|brn\n|\n|-heal|p2a: taradiddle|43\/100|[from] item: Leftovers\n|-damage|p1a: coughing baby|82\/100 brn|[from] brn\n|upkeep\n|turn|21\n|inactive|slaypch has 180 seconds left.\n|\n|t:|1700365419\n|switch|p1a: small pizza|Corviknight, M|75\/100\n|move|p2a: taradiddle|Fire Blast|p1a: small pizza\n|-supereffective|p1a: small pizza\n|-damage|p1a: small pizza|9\/100\n|\n|-heal|p2a: taradiddle|49\/100|[from] item: Leftovers\n|upkeep\n|turn|22\n|inactive|D Hazey has 150 seconds left.\n|\n|t:|1700365443\n|move|p1a: small pizza|Brave Bird|p2a: taradiddle\n|-damage|p2a: taradiddle|11\/100\n|-damage|p1a: small pizza|0 fnt|[from] Recoil\n|faint|p1a: small pizza\n|move|p2a: taradiddle|Fire Blast|p1: small pizza|[notarget]\n|-fail|p2a: taradiddle\n|\n|-heal|p2a: taradiddle|17\/100|[from] item: Leftovers\n|upkeep\n|\n|t:|1700365446\n|switch|p1a: cap'n k'nuckles|Hawlucha, M|76\/100\n|turn|23\n|inactive|slaypch has 180 seconds left.\n|\n|t:|1700365467\n|move|p1a: cap'n k'nuckles|Close Combat|p2a: taradiddle\n|-resisted|p2a: taradiddle\n|-damage|p2a: taradiddle|0 fnt\n|-unboost|p1a: cap'n k'nuckles|def|1\n|-unboost|p1a: cap'n k'nuckles|spd|1\n|-enditem|p1a: cap'n k'nuckles|White Herb\n|-clearnegativeboost|p1a: cap'n k'nuckles|[silent]\n|faint|p2a: taradiddle\n|\n|upkeep\n|inactive|D Hazey has 150 seconds left.\n|\n|t:|1700365484\n|switch|p2a: drive's at 90|Torterra, F|100\/100\n|turn|24\n|inactive|D Hazey has 150 seconds left.\n|inactive|slaypch has 150 seconds left.\n|inactive|slaypch has 120 seconds left.\n|c|\u2606D Hazey|This is a little close\n|inactive|slaypch has 90 seconds left.\n|\n|t:|1700365598\n|-terastallize|p1a: cap'n k'nuckles|Flying\n|-terastallize|p2a: drive's at 90|Electric\n|move|p1a: cap'n k'nuckles|Acrobatics|p2a: drive's at 90\n|-resisted|p2a: drive's at 90\n|-damage|p2a: drive's at 90|71\/100\n|move|p2a: drive's at 90|Tera Blast|p1a: cap'n k'nuckles|[anim] Tera Blast Electric\n|-supereffective|p1a: cap'n k'nuckles\n|-damage|p1a: cap'n k'nuckles|0 fnt\n|faint|p1a: cap'n k'nuckles\n|\n|upkeep\n|\n|t:|1700365604\n|switch|p1a: coughing baby|Eldegoss, F, shiny|100\/100 brn\n|turn|25\n|inactive|D Hazey has 150 seconds left.\n|\n|t:|1700365623\n|move|p2a: drive's at 90|Shell Smash|p2a: drive's at 90\n|-unboost|p2a: drive's at 90|def|1\n|-unboost|p2a: drive's at 90|spd|1\n|-boost|p2a: drive's at 90|atk|2\n|-boost|p2a: drive's at 90|spa|2\n|-boost|p2a: drive's at 90|spe|2\n|move|p1a: coughing baby|Pollen Puff|p2a: drive's at 90\n|-damage|p2a: drive's at 90|42\/100\n|\n|-damage|p1a: coughing baby|94\/100 brn|[from] brn\n|upkeep\n|turn|26\n|inactive|D Hazey has 150 seconds left.\n|\n|t:|1700365658\n|move|p2a: drive's at 90|Tera Blast|p1a: coughing baby|[anim] Tera Blast Electric\n|-resisted|p1a: coughing baby\n|-damage|p1a: coughing baby|45\/100 brn\n|move|p1a: coughing baby|Pollen Puff|p2a: drive's at 90\n|-damage|p2a: drive's at 90|14\/100\n|\n|-damage|p1a: coughing baby|39\/100 brn|[from] brn\n|upkeep\n|turn|27\n|inactive|slaypch has 60 seconds left.\n|\n|t:|1700365694\n|move|p2a: drive's at 90|Tera Blast|p1a: coughing baby|[anim] Tera Blast Electric\n|-resisted|p1a: coughing baby\n|-damage|p1a: coughing baby|0 fnt\n|faint|p1a: coughing baby\n|\n|win|D Hazey\n|c|\u2606D Hazey|Gg's\n|c|\u2606slaypch|gg\n|l| MaxPropaganda\n|l| cookiesinmilk\n","uploadtime":1700365701,"views":37,"p1id":"slaypch","p2id":"dhazey","formatid":"gen9nationaldexubers","rating":0,"private":0,"password":""}