{"id":"gen9nationaldexubers-1983314663","p1":"AdvilPills","p2":"Flames98765","format":"[Gen 9] National Dex Ubers","log":"|j|\u2606AdvilPills\n|j|\u2606Flames98765\n|t:|1699117275\n|gametype|singles\n|player|p1|AdvilPills|266|\n|player|p2|Flames98765|jasmine|\n|teamsize|p1|6\n|teamsize|p2|6\n|gen|9\n|tier|[Gen 9] National Dex Ubers\n|rule|HP Percentage Mod: HP is shown in percentages\n|rule|Endless Battle Clause: Forcing endless battles is banned\n|rule|OHKO Clause: OHKO moves are banned\n|rule|Evasion Moves Clause: Evasion moves are banned\n|rule|Evasion Items Clause: Evasion items are banned\n|rule|Species Clause: Limit one of each Pok\u00e9mon\n|rule|Sleep Clause Mod: Limit one foe put to sleep\n|rule|Mega Rayquaza Clause: You cannot mega evolve Rayquaza\n|clearpoke\n|poke|p1|Giratina-Origin|\n|poke|p1|Gliscor, M|\n|poke|p1|Corviknight, M|\n|poke|p1|Kommo-o, F|\n|poke|p1|Lopunny, M|\n|poke|p1|Volcarona, F|\n|poke|p2|Tapu Koko|\n|poke|p2|Leavanny, M|\n|poke|p2|Xurkitree|\n|poke|p2|Serperior, F|\n|poke|p2|Kartana|\n|poke|p2|Zekrom|\n|teampreview\n|c|\u2606AdvilPills|glhf\n|c|\u2606Flames98765|you too\n|inactive|Battle timer is ON: inactive players will automatically lose when time's up. (requested by AdvilPills)\n|\n|t:|1699117317\n|start\n|switch|p1a: Gliscor|Gliscor, M|100\/100\n|switch|p2a: Xurkitree|Xurkitree|100\/100\n|turn|1\n|\n|t:|1699117324\n|move|p1a: Gliscor|Earthquake|p2a: Xurkitree\n|-supereffective|p2a: Xurkitree\n|-damage|p2a: Xurkitree|0 fnt\n|faint|p2a: Xurkitree\n|\n|-status|p1a: Gliscor|tox|[from] item: Toxic Orb\n|upkeep\n|\n|t:|1699117341\n|switch|p2a: Serperior|Serperior, F|100\/100\n|turn|2\n|\n|t:|1699117355\n|switch|p1a: Corviknight|Corviknight, M|100\/100\n|move|p2a: Serperior|Leaf Storm|p1a: Corviknight\n|-resisted|p1a: Corviknight\n|-damage|p1a: Corviknight|88\/100\n|-boost|p2a: Serperior|spa|2\n|\n|-heal|p1a: Corviknight|94\/100|[from] item: Leftovers\n|upkeep\n|turn|3\n|\n|t:|1699117377\n|-terastallize|p2a: Serperior|Fire\n|move|p2a: Serperior|Leaf Storm|p1a: Corviknight\n|-resisted|p1a: Corviknight\n|-damage|p1a: Corviknight|73\/100\n|-boost|p2a: Serperior|spa|2\n|move|p1a: Corviknight|Brave Bird|p2a: Serperior\n|-damage|p2a: Serperior|58\/100\n|-damage|p1a: Corviknight|63\/100|[from] Recoil\n|\n|-heal|p2a: Serperior|64\/100|[from] item: Leftovers\n|-heal|p1a: Corviknight|69\/100|[from] item: Leftovers\n|upkeep\n|turn|4\n|inactive|Flames98765 has 270 seconds left.\n|\n|t:|1699117393\n|move|p2a: Serperior|Hidden Power|p1a: Corviknight\n|-supereffective|p1a: Corviknight\n|-damage|p1a: Corviknight|0 fnt\n|faint|p1a: Corviknight\n|\n|-heal|p2a: Serperior|70\/100|[from] item: Leftovers\n|upkeep\n|\n|t:|1699117400\n|switch|p1a: Volcarona|Volcarona, F|100\/100\n|turn|5\n|inactive|Flames98765 has 270 seconds left.\n|\n|t:|1699117426\n|move|p2a: Serperior|Glare|p1a: Volcarona\n|-status|p1a: Volcarona|par\n|move|p1a: Volcarona|Fiery Dance|p2a: Serperior\n|-resisted|p2a: Serperior\n|-damage|p2a: Serperior|40\/100\n|\n|-heal|p2a: Serperior|47\/100|[from] item: Leftovers\n|upkeep\n|turn|6\n|\n|t:|1699117434\n|move|p2a: Serperior|Hidden Power|p1a: Volcarona\n|-damage|p1a: Volcarona|35\/100 par\n|move|p1a: Volcarona|Quiver Dance|p1a: Volcarona\n|-boost|p1a: Volcarona|spa|1\n|-boost|p1a: Volcarona|spd|1\n|-boost|p1a: Volcarona|spe|1\n|\n|-heal|p2a: Serperior|53\/100|[from] item: Leftovers\n|upkeep\n|turn|7\n|\n|t:|1699117442\n|move|p2a: Serperior|Hidden Power|p1a: Volcarona\n|-damage|p1a: Volcarona|0 fnt\n|faint|p1a: Volcarona\n|\n|-heal|p2a: Serperior|59\/100|[from] item: Leftovers\n|upkeep\n|\n|t:|1699117445\n|switch|p1a: Lopunny|Lopunny, M|100\/100\n|turn|8\n|inactive|Flames98765 has 270 seconds left.\n|\n|t:|1699117477\n|switch|p2a: Leavanny|Leavanny, M|100\/100\n|detailschange|p1a: Lopunny|Lopunny-Mega, M\n|-mega|p1a: Lopunny|Lopunny|Lopunnite\n|move|p1a: Lopunny|Fake Out|p2a: Leavanny\n|-damage|p2a: Leavanny|68\/100\n|\n|upkeep\n|turn|9\n|inactive|Flames98765 has 270 seconds left.\n|\n|t:|1699117491\n|move|p2a: Leavanny|Leaf Blade|p1a: Lopunny\n|-damage|p1a: Lopunny|47\/100\n|move|p1a: Lopunny|Fire Punch|p2a: Leavanny\n|-supereffective|p2a: Leavanny\n|-damage|p2a: Leavanny|0 fnt\n|faint|p2a: Leavanny\n|\n|upkeep\n|inactive|Flames98765 has 240 seconds left.\n|\n|t:|1699117524\n|switch|p2a: Zekrom|Zekrom|100\/100\n|-ability|p2a: Zekrom|Teravolt\n|turn|10\n|\n|t:|1699117532\n|move|p1a: Lopunny|Close Combat|p2a: Zekrom\n|-crit|p2a: Zekrom\n|-damage|p2a: Zekrom|25\/100\n|-unboost|p1a: Lopunny|def|1\n|-unboost|p1a: Lopunny|spd|1\n|move|p2a: Zekrom|Dragon Claw|p1a: Lopunny\n|-damage|p1a: Lopunny|0 fnt\n|faint|p1a: Lopunny\n|\n|upkeep\n|\n|t:|1699117546\n|switch|p1a: Gliscor|Gliscor, M|100\/100 tox\n|turn|11\n|\n|t:|1699117556\n|move|p1a: Gliscor|Earthquake|p2a: Zekrom\n|-supereffective|p2a: Zekrom\n|-damage|p2a: Zekrom|0 fnt\n|faint|p2a: Zekrom\n|\n|upkeep\n|inactive|Flames98765 has 240 seconds left.\n|\n|t:|1699117574\n|switch|p2a: Serperior|Serperior, F, tera:Fire|59\/100\n|turn|12\n|\n|t:|1699117579\n|move|p2a: Serperior|Leaf Storm|p1a: Gliscor\n|-damage|p1a: Gliscor|25\/100 tox\n|-boost|p2a: Serperior|spa|2\n|move|p1a: Gliscor|Earthquake|p2a: Serperior\n|-supereffective|p2a: Serperior\n|-damage|p2a: Serperior|0 fnt\n|faint|p2a: Serperior\n|\n|-heal|p1a: Gliscor|37\/100 tox|[from] ability: Poison Heal\n|upkeep\n|\n|t:|1699117589\n|switch|p2a: Kartana|Kartana|100\/100\n|turn|13\n|\n|t:|1699117604\n|switch|p1a: Giratina|Giratina-Origin|100\/100\n|move|p2a: Kartana|Swords Dance|p2a: Kartana\n|-boost|p2a: Kartana|atk|2\n|\n|upkeep\n|turn|14\n|\n|t:|1699117610\n|move|p2a: Kartana|Knock Off|p1a: Giratina\n|-supereffective|p1a: Giratina\n|-damage|p1a: Giratina|18\/100\n|move|p1a: Giratina|Will-O-Wisp|p2a: Kartana\n|-status|p2a: Kartana|brn\n|\n|-damage|p2a: Kartana|94\/100 brn|[from] brn\n|upkeep\n|turn|15\n|\n|t:|1699117630\n|move|p2a: Kartana|Smart Strike|p1a: Giratina\n|-damage|p1a: Giratina|0 fnt\n|faint|p1a: Giratina\n|-ability|p2a: Kartana|Beast Boost|boost\n|-boost|p2a: Kartana|atk|1\n|\n|-damage|p2a: Kartana|88\/100 brn|[from] brn\n|upkeep\n|\n|t:|1699117633\n|switch|p1a: Kommo-o|Kommo-o, F|100\/100\n|turn|16\n|\n|t:|1699117646\n|switch|p2a: Tapu Koko|Tapu Koko|100\/100\n|-fieldstart|move: Electric Terrain|[from] ability: Electric Surge|[of] p2a: Tapu Koko\n|move|p1a: Kommo-o|Clangorous Soul|p1a: Kommo-o\n|-boost|p1a: Kommo-o|atk|1\n|-boost|p1a: Kommo-o|def|1\n|-boost|p1a: Kommo-o|spa|1\n|-boost|p1a: Kommo-o|spd|1\n|-boost|p1a: Kommo-o|spe|1\n|-damage|p1a: Kommo-o|68\/100\n|\n|upkeep\n|turn|17\n|\n|t:|1699117657\n|move|p1a: Kommo-o|Boomburst|p2a: Tapu Koko\n|-damage|p2a: Tapu Koko|41\/100\n|move|p2a: Tapu Koko|Dazzling Gleam|p1a: Kommo-o\n|-supereffective|p1a: Kommo-o\n|-damage|p1a: Kommo-o|0 fnt\n|faint|p1a: Kommo-o\n|\n|upkeep\n|\n|t:|1699117659\n|switch|p1a: Gliscor|Gliscor, M|37\/100 tox\n|turn|18\n|\n|t:|1699117667\n|move|p2a: Tapu Koko|Dazzling Gleam|p1a: Gliscor\n|-damage|p1a: Gliscor|0 fnt\n|faint|p1a: Gliscor\n|\n|win|Flames98765\n|c|\u2606Flames98765|gg\n|c|\u2606AdvilPills|gg\n","uploadtime":1699117675,"views":8,"p1id":"advilpills","p2id":"flames98765","formatid":"gen9nationaldexubers","rating":0,"private":0,"password":""}