{"id":"gen9nationaldexubers-1993707141","p1":"Conwynaut","p2":"UnknownKirdy","format":"[Gen 9] National Dex Ubers","log":"|j|\u2606Conwynaut\n|j|\u2606UnknownKirdy\n|t:|1700347802\n|gametype|singles\n|player|p1|Conwynaut|169|1179\n|player|p2|UnknownKirdy|emmet|1091\n|teamsize|p1|6\n|teamsize|p2|6\n|gen|9\n|tier|[Gen 9] National Dex Ubers\n|rated|\n|rule|HP Percentage Mod: HP is shown in percentages\n|rule|Endless Battle Clause: Forcing endless battles is banned\n|rule|OHKO Clause: OHKO moves are banned\n|rule|Evasion Moves Clause: Evasion moves are banned\n|rule|Evasion Items Clause: Evasion items are banned\n|rule|Species Clause: Limit one of each Pok\u00e9mon\n|rule|Sleep Clause Mod: Limit one foe put to sleep\n|rule|Mega Rayquaza Clause: You cannot mega evolve Rayquaza\n|clearpoke\n|poke|p1|Marshadow|\n|poke|p1|Melmetal|\n|poke|p1|Dracovish|\n|poke|p1|Xerneas-*|\n|poke|p1|Ogerpon-Hearthflame, F|\n|poke|p1|Necrozma-Dawn-Wings|\n|poke|p2|Altaria, M|\n|poke|p2|Dragonite, F|\n|poke|p2|Latios, M|\n|poke|p2|Roaring Moon|\n|poke|p2|Tyrantrum, F|\n|poke|p2|Dragalge, F|\n|teampreview\n|inactive|Battle timer is ON: inactive players will automatically lose when time's up. (requested by Conwynaut)\n|\n|t:|1700347829\n|start\n|switch|p1a: Necrozma|Necrozma-Dawn-Wings|100\/100\n|switch|p2a: Roaring Moon|Roaring Moon|100\/100\n|turn|1\n|\n|t:|1700347848\n|switch|p1a: Xerneas|Xerneas|100\/100\n|-ability|p1a: Xerneas|Fairy Aura\n|move|p2a: Roaring Moon|Jaw Lock|p1a: Xerneas\n|-resisted|p1a: Xerneas\n|-damage|p1a: Xerneas|80\/100\n|-activate|p2a: Roaring Moon|trapped\n|-activate|p1a: Xerneas|trapped\n|\n|upkeep\n|turn|2\n|\n|t:|1700347859\n|-terastallize|p2a: Roaring Moon|Steel\n|move|p2a: Roaring Moon|Iron Head|p1a: Xerneas\n|-supereffective|p1a: Xerneas\n|-damage|p1a: Xerneas|7\/100\n|move|p1a: Xerneas|Geomancy||[still]\n|-prepare|p1a: Xerneas|Geomancy\n|-enditem|p1a: Xerneas|Power Herb\n|-anim|p1a: Xerneas|Geomancy|p1a: Xerneas\n|-boost|p1a: Xerneas|spa|2\n|-boost|p1a: Xerneas|spd|2\n|-boost|p1a: Xerneas|spe|2\n|\n|upkeep\n|turn|3\n|\n|t:|1700347878\n|move|p1a: Xerneas|Psychic|p2a: Roaring Moon\n|-resisted|p2a: Roaring Moon\n|-damage|p2a: Roaring Moon|67\/100\n|move|p2a: Roaring Moon|Iron Head|p1a: Xerneas\n|-supereffective|p1a: Xerneas\n|-damage|p1a: Xerneas|0 fnt\n|faint|p1a: Xerneas\n|\n|-heal|p2a: Roaring Moon|73\/100|[from] item: Leftovers\n|upkeep\n|\n|t:|1700347892\n|switch|p1a: Ogerpon|Ogerpon-Hearthflame, F|100\/100\n|-ability|p1a: Ogerpon|Mold Breaker\n|turn|4\n|\n|t:|1700347904\n|-end|p2a: Roaring Moon|Protosynthesis|[silent]\n|switch|p2a: Tyrantrum|Tyrantrum, F, shiny|100\/100\n|move|p1a: Ogerpon|Ivy Cudgel|p2a: Tyrantrum|[anim] Ivy Cudgel Fire\n|-resisted|p2a: Tyrantrum\n|-crit|p2a: Tyrantrum\n|-damage|p2a: Tyrantrum|78\/100\n|\n|upkeep\n|turn|5\n|\n|t:|1700347912\n|move|p2a: Tyrantrum|Head Smash|p1a: Ogerpon\n|-supereffective|p1a: Ogerpon\n|-damage|p1a: Ogerpon|0 fnt\n|faint|p1a: Ogerpon\n|\n|upkeep\n|\n|t:|1700347932\n|switch|p1a: Dracovish|Dracovish|100\/100\n|turn|6\n|\n|t:|1700347940\n|move|p1a: Dracovish|Fishious Rend|p2a: Tyrantrum\n|-damage|p2a: Tyrantrum|0 fnt\n|faint|p2a: Tyrantrum\n|\n|upkeep\n|\n|t:|1700347970\n|switch|p2a: Dragonite|Dragonite, F|100\/100\n|turn|7\n|\n|t:|1700347976\n|move|p2a: Dragonite|Extreme Speed|p1a: Dracovish\n|-damage|p1a: Dracovish|68\/100\n|move|p1a: Dracovish|Fishious Rend|p2a: Dragonite\n|-resisted|p2a: Dragonite\n|-damage|p2a: Dragonite|88\/100\n|\n|-heal|p2a: Dragonite|94\/100|[from] item: Leftovers\n|upkeep\n|turn|8\n|\n|t:|1700347989\n|move|p2a: Dragonite|Extreme Speed|p1a: Dracovish\n|-damage|p1a: Dracovish|36\/100\n|move|p1a: Dracovish|Fishious Rend|p2a: Dragonite\n|-resisted|p2a: Dragonite\n|-damage|p2a: Dragonite|71\/100\n|\n|-heal|p2a: Dragonite|77\/100|[from] item: Leftovers\n|upkeep\n|turn|9\n|\n|t:|1700347999\n|move|p2a: Dragonite|Extreme Speed|p1a: Dracovish\n|-damage|p1a: Dracovish|0 fnt\n|faint|p1a: Dracovish\n|\n|-heal|p2a: Dragonite|83\/100|[from] item: Leftovers\n|upkeep\n|\n|t:|1700348010\n|switch|p1a: Melmetal|Melmetal|100\/100\n|turn|10\n|\n|t:|1700348020\n|move|p2a: Dragonite|Fire Punch|p1a: Melmetal\n|-supereffective|p1a: Melmetal\n|-damage|p1a: Melmetal|68\/100\n|move|p1a: Melmetal|Double Iron Bash|p2a: Dragonite\n|-damage|p2a: Dragonite|33\/100\n|-damage|p2a: Dragonite|0 fnt\n|faint|p2a: Dragonite\n|-hitcount|p2: Dragonite|2\n|-damage|p1a: Melmetal|59\/100|[from] item: Life Orb\n|\n|upkeep\n|\n|t:|1700348031\n|switch|p2a: Altaria|Altaria, M|100\/100\n|turn|11\n|\n|t:|1700348036\n|move|p2a: Altaria|Fire Blast|p1a: Melmetal\n|-supereffective|p1a: Melmetal\n|-damage|p1a: Melmetal|0 fnt\n|faint|p1a: Melmetal\n|\n|upkeep\n|\n|t:|1700348045\n|switch|p1a: Necrozma|Necrozma-Dawn-Wings|100\/100\n|turn|12\n|\n|t:|1700348053\n|detailschange|p1a: Necrozma|Necrozma-Ultra\n|-burst|p1a: Necrozma|Necrozma|Ultranecrozium Z\n|detailschange|p2a: Altaria|Altaria-Mega, M\n|-mega|p2a: Altaria|Altaria|Altarianite\n|move|p1a: Necrozma|Moongeist Beam|p2a: Altaria\n|-damage|p2a: Altaria|58\/100\n|move|p2a: Altaria|Hyper Voice|p1a: Necrozma\n|-supereffective|p1a: Necrozma\n|-damage|p1a: Necrozma|1\/100\n|\n|upkeep\n|turn|13\n|\n|t:|1700348074\n|-zpower|p1a: Necrozma\n|move|p1a: Necrozma|Light That Burns the Sky|p2a: Altaria|[zeffect]\n|-damage|p2a: Altaria|0 fnt\n|faint|p2a: Altaria\n|\n|upkeep\n|\n|t:|1700348084\n|switch|p2a: Latios|Latios, M, shiny|100\/100\n|turn|14\n|\n|t:|1700348089\n|move|p2a: Latios|Shadow Ball|p1a: Necrozma\n|-supereffective|p1a: Necrozma\n|-damage|p1a: Necrozma|0 fnt\n|faint|p1a: Necrozma\n|\n|upkeep\n|\n|t:|1700348098\n|switch|p1a: Marshadow|Marshadow|100\/100\n|turn|15\n|\n|t:|1700348112\n|-terastallize|p1a: Marshadow|Ghost\n|move|p1a: Marshadow|Poltergeist|p2a: Latios\n|-activate|p2a: Latios|move: Poltergeist|Soul Dew\n|-supereffective|p2a: Latios\n|-damage|p2a: Latios|0 fnt\n|faint|p2a: Latios\n|\n|upkeep\n|\n|t:|1700348121\n|switch|p2a: Roaring Moon|Roaring Moon, tera:Steel|73\/100\n|turn|16\n|\n|t:|1700348127\n|move|p1a: Marshadow|Close Combat|p2a: Roaring Moon\n|-supereffective|p2a: Roaring Moon\n|-damage|p2a: Roaring Moon|0 fnt\n|-unboost|p1a: Marshadow|def|1\n|-unboost|p1a: Marshadow|spd|1\n|faint|p2a: Roaring Moon\n|-end|p2a: Roaring Moon|Protosynthesis|[silent]\n|\n|upkeep\n|\n|t:|1700348132\n|switch|p2a: Dragalge|Dragalge, F, shiny|100\/100\n|turn|17\n|\n|t:|1700348142\n|move|p1a: Marshadow|Poltergeist|p2a: Dragalge\n|-activate|p2a: Dragalge|move: Poltergeist|Black Sludge\n|-damage|p2a: Dragalge|22\/100\n|move|p2a: Dragalge|Draco Meteor|p1a: Marshadow\n|-enditem|p1a: Marshadow|Focus Sash\n|-damage|p1a: Marshadow|1\/100\n|-unboost|p2a: Dragalge|spa|2\n|\n|-heal|p2a: Dragalge|28\/100|[from] item: Black Sludge\n|upkeep\n|turn|18\n|\n|t:|1700348155\n|move|p2a: Dragalge|Protect|p2a: Dragalge\n|-singleturn|p2a: Dragalge|Protect\n|move|p1a: Marshadow|Poltergeist|p2a: Dragalge\n|-activate|p2a: Dragalge|move: Protect\n|\n|-heal|p2a: Dragalge|34\/100|[from] item: Black Sludge\n|upkeep\n|turn|19\n|\n|t:|1700348167\n|move|p1a: Marshadow|Close Combat|p2a: Dragalge\n|-resisted|p2a: Dragalge\n|-damage|p2a: Dragalge|1\/100\n|-unboost|p1a: Marshadow|def|1\n|-unboost|p1a: Marshadow|spd|1\n|move|p2a: Dragalge|Sludge Wave|p1a: Marshadow\n|-resisted|p1a: Marshadow\n|-damage|p1a: Marshadow|0 fnt\n|faint|p1a: Marshadow\n|\n|win|UnknownKirdy\n|raw|Conwynaut's rating: 1179 &rarr; <strong>1148<\/strong><br \/>(-31 for losing)\n|raw|UnknownKirdy's rating: 1091 &rarr; <strong>1124<\/strong><br \/>(+33 for winning)\n|l|\u2606Conwynaut\n","uploadtime":1700348178,"views":7,"p1id":"conwynaut","p2id":"unknownkirdy","formatid":"gen9nationaldexubers","rating":1124,"private":0,"password":""}