{"id":"gen9nationaldexubers-1993457523","p1":"Pauliferwe","p2":"meneze16","format":"[Gen 9] National Dex Ubers","log":"|j|\u2606Pauliferwe\n|j|\u2606meneze16\n|t:|1700320289\n|gametype|singles\n|player|p1|Pauliferwe|marley|1105\n|player|p2|meneze16|101|1110\n|teamsize|p1|6\n|teamsize|p2|6\n|gen|9\n|tier|[Gen 9] National Dex Ubers\n|rated|\n|rule|HP Percentage Mod: HP is shown in percentages\n|rule|Endless Battle Clause: Forcing endless battles is banned\n|rule|OHKO Clause: OHKO moves are banned\n|rule|Evasion Moves Clause: Evasion moves are banned\n|rule|Evasion Items Clause: Evasion items are banned\n|rule|Species Clause: Limit one of each Pok\u00e9mon\n|rule|Sleep Clause Mod: Limit one foe put to sleep\n|rule|Mega Rayquaza Clause: You cannot mega evolve Rayquaza\n|clearpoke\n|poke|p1|Tyranitar, M|\n|poke|p1|Houndstone, F|\n|poke|p1|Dracozolt|\n|poke|p1|Victini|\n|poke|p1|Kingambit, F|\n|poke|p1|Samurott-Hisui, F|\n|poke|p2|Garchomp, F|\n|poke|p2|Ferrothorn, F|\n|poke|p2|Volcarona, M|\n|poke|p2|Dragapult, F|\n|poke|p2|Clefable, M|\n|poke|p2|Zeraora|\n|teampreview\n|\n|t:|1700320296\n|start\n|switch|p1a: Samurott|Samurott-Hisui, F|100\/100\n|switch|p2a: Volcarona|Volcarona, M|100\/100\n|turn|1\n|inactive|Battle timer is ON: inactive players will automatically lose when time's up. (requested by meneze16)\n|\n|t:|1700320305\n|-terastallize|p2a: Volcarona|Bug\n|move|p2a: Volcarona|Bug Buzz|p1a: Samurott\n|-supereffective|p1a: Samurott\n|-enditem|p1a: Samurott|Focus Sash\n|-damage|p1a: Samurott|1\/100\n|move|p1a: Samurott|Ceaseless Edge|p2a: Volcarona\n|-damage|p2a: Volcarona|33\/100\n|-status|p1a: Samurott|brn|[from] ability: Flame Body|[of] p2a: Volcarona\n|-sidestart|p2: meneze16|Spikes\n|\n|-damage|p1a: Samurott|0 fnt|[from] brn\n|faint|p1a: Samurott\n|upkeep\n|\n|t:|1700320323\n|switch|p1a: Kingambit|Kingambit, F|100\/100\n|-activate|p1a: Kingambit|ability: Supreme Overlord\n|-start|p1a: Kingambit|fallen1|[silent]\n|turn|2\n|\n|t:|1700320330\n|-terastallize|p1a: Kingambit|Fire\n|move|p1a: Kingambit|Sucker Punch|p2a: Volcarona\n|-damage|p2a: Volcarona|0 fnt\n|faint|p2a: Volcarona\n|\n|upkeep\n|\n|t:|1700320343\n|switch|p2a: Garchomp|Garchomp, F, shiny|100\/100\n|-damage|p2a: Garchomp|88\/100|[from] Spikes\n|turn|3\n|\n|t:|1700320366\n|-end|p1a: Kingambit|fallen1|[silent]\n|switch|p1a: Tita|Tyranitar, M, shiny|100\/100\n|-weather|Sandstorm|[from] ability: Sand Stream|[of] p1a: Tita\n|move|p2a: Garchomp|Earthquake|p1a: Tita\n|-supereffective|p1a: Tita\n|-damage|p1a: Tita|27\/100\n|\n|-weather|Sandstorm|[upkeep]\n|-heal|p2a: Garchomp|94\/100|[from] item: Leftovers\n|upkeep\n|turn|4\n|\n|t:|1700320380\n|switch|p1a: Houndstone|Houndstone, F|100\/100\n|move|p2a: Garchomp|Dragon Tail|p1a: Houndstone\n|-damage|p1a: Houndstone|68\/100\n|drag|p1a: Kingambit|Kingambit, F, tera:Fire|100\/100\n|-activate|p1a: Kingambit|ability: Supreme Overlord\n|-start|p1a: Kingambit|fallen1|[silent]\n|\n|-weather|Sandstorm|[upkeep]\n|-damage|p1a: Kingambit|94\/100|[from] Sandstorm\n|-heal|p2a: Garchomp|100\/100|[from] item: Leftovers\n|-heal|p1a: Kingambit|100\/100|[from] item: Leftovers\n|upkeep\n|turn|5\n|inactive|Pauliferwe has 120 seconds left.\n|\n|t:|1700320401\n|move|p1a: Kingambit|Sucker Punch|p2a: Garchomp\n|-damage|p2a: Garchomp|71\/100\n|-damage|p1a: Kingambit|88\/100|[from] ability: Rough Skin|[of] p2a: Garchomp\n|move|p2a: Garchomp|Earthquake|p1a: Kingambit\n|-supereffective|p1a: Kingambit\n|-damage|p1a: Kingambit|19\/100\n|\n|-weather|Sandstorm|[upkeep]\n|-damage|p1a: Kingambit|13\/100|[from] Sandstorm\n|-heal|p2a: Garchomp|77\/100|[from] item: Leftovers\n|-heal|p1a: Kingambit|19\/100|[from] item: Leftovers\n|upkeep\n|turn|6\n|inactive|Pauliferwe has 120 seconds left.\n|\n|t:|1700320414\n|-end|p1a: Kingambit|fallen1|[silent]\n|switch|p1a: Houndstone|Houndstone, F|68\/100\n|move|p2a: Garchomp|Stealth Rock|p1a: Houndstone\n|-sidestart|p1: Pauliferwe|move: Stealth Rock\n|\n|-weather|Sandstorm|[upkeep]\n|-heal|p2a: Garchomp|83\/100|[from] item: Leftovers\n|upkeep\n|turn|7\n|\n|t:|1700320420\n|move|p1a: Houndstone|Play Rough|p2a: Garchomp\n|-supereffective|p2a: Garchomp\n|-damage|p2a: Garchomp|41\/100\n|-damage|p1a: Houndstone|55\/100|[from] ability: Rough Skin|[of] p2a: Garchomp\n|move|p2a: Garchomp|Dragon Tail|p1a: Houndstone\n|-damage|p1a: Houndstone|23\/100\n|drag|p1a: Pot\u00f3n|Dracozolt, shiny|100\/100\n|-damage|p1a: Pot\u00f3n|88\/100|[from] Stealth Rock\n|\n|-weather|Sandstorm|[upkeep]\n|-heal|p2a: Garchomp|47\/100|[from] item: Leftovers\n|upkeep\n|turn|8\n|\n|t:|1700320433\n|move|p1a: Pot\u00f3n|Draco Meteor|p2a: Garchomp\n|-supereffective|p2a: Garchomp\n|-damage|p2a: Garchomp|0 fnt\n|-unboost|p1a: Pot\u00f3n|spa|2\n|faint|p2a: Garchomp\n|-damage|p1a: Pot\u00f3n|78\/100|[from] item: Life Orb\n|\n|-weather|Sandstorm|[upkeep]\n|upkeep\n|\n|t:|1700320446\n|switch|p2a: Dragapult|Dragapult, F|100\/100\n|-damage|p2a: Dragapult|88\/100|[from] Spikes\n|turn|9\n|\n|t:|1700320457\n|move|p1a: Pot\u00f3n|Bolt Beak|p2a: Dragapult\n|-resisted|p2a: Dragapult\n|-damage|p2a: Dragapult|18\/100\n|-damage|p1a: Pot\u00f3n|68\/100|[from] item: Life Orb\n|move|p2a: Dragapult|Draco Meteor|p1a: Pot\u00f3n\n|-supereffective|p1a: Pot\u00f3n\n|-damage|p1a: Pot\u00f3n|0 fnt\n|-unboost|p2a: Dragapult|spa|2\n|faint|p1a: Pot\u00f3n\n|\n|-weather|Sandstorm|[upkeep]\n|-damage|p2a: Dragapult|12\/100|[from] Sandstorm\n|upkeep\n|\n|t:|1700320463\n|switch|p1a: Houndstone|Houndstone, F|23\/100\n|-damage|p1a: Houndstone|11\/100|[from] Stealth Rock\n|turn|10\n|\n|t:|1700320473\n|move|p1a: Houndstone|Last Respects|p2a: Dragapult\n|-supereffective|p2a: Dragapult\n|-damage|p2a: Dragapult|0 fnt\n|faint|p2a: Dragapult\n|\n|-weather|none\n|upkeep\n|\n|t:|1700320483\n|switch|p2a: Zeraora|Zeraora|100\/100\n|turn|11\n|\n|t:|1700320497\n|move|p2a: Zeraora|Plasma Fists|p1a: Houndstone\n|-damage|p1a: Houndstone|0 fnt\n|-fieldactivate|move: Ion Deluge\n|-hint|Normal-type moves become Electric-type after using Plasma Fists.\n|faint|p1a: Houndstone\n|\n|upkeep\n|\n|t:|1700320503\n|switch|p1a: Kingambit|Kingambit, F, tera:Fire|19\/100\n|-damage|p1a: Kingambit|0 fnt|[from] Stealth Rock\n|faint|p1a: Kingambit\n|-end|p1a: Kingambit|fallen1|[silent]\n|\n|t:|1700320508\n|switch|p1a: Victini|Victini|100\/100\n|-damage|p1a: Victini|76\/100|[from] Stealth Rock\n|turn|12\n|\n|t:|1700320514\n|move|p2a: Zeraora|Plasma Fists|p1a: Victini\n|-damage|p1a: Victini|26\/100\n|-fieldactivate|move: Ion Deluge\n|-hint|Normal-type moves become Electric-type after using Plasma Fists.\n|-zpower|p1a: Victini\n|move|p1a: Victini|Z-Celebrate|p1a: Victini|[anim]Celebrate\n|-boost|p1a: Victini|atk|1|[zeffect]\n|-boost|p1a: Victini|def|1|[zeffect]\n|-boost|p1a: Victini|spa|1|[zeffect]\n|-boost|p1a: Victini|spd|1|[zeffect]\n|-boost|p1a: Victini|spe|1|[zeffect]\n|-activate|p1a: Victini|move: Celebrate\n|\n|upkeep\n|turn|13\n|inactive|Pauliferwe has 120 seconds left.\n|\n|t:|1700320568\n|move|p1a: Victini|Stored Power|p2a: Zeraora\n|-damage|p2a: Zeraora|0 fnt\n|faint|p2a: Zeraora\n|\n|upkeep\n|\n|t:|1700320576\n|switch|p2a: Ferrothorn|Ferrothorn, F|100\/100\n|-damage|p2a: Ferrothorn|88\/100|[from] Spikes\n|turn|14\n|\n|t:|1700320586\n|move|p1a: Victini|Searing Shot|p2a: Ferrothorn\n|-supereffective|p2a: Ferrothorn\n|-damage|p2a: Ferrothorn|0 fnt\n|faint|p2a: Ferrothorn\n|\n|upkeep\n|\n|t:|1700320590\n|switch|p2a: Clefable|Clefable, M|100\/100\n|turn|15\n|\n|t:|1700320593\n|move|p1a: Victini|Stored Power|p2a: Clefable\n|-damage|p2a: Clefable|23\/100\n|move|p2a: Clefable|Moonblast|p1a: Victini\n|-resisted|p1a: Victini\n|-damage|p1a: Victini|17\/100\n|\n|-heal|p2a: Clefable|29\/100|[from] item: Leftovers\n|upkeep\n|turn|16\n|\n|t:|1700320600\n|move|p1a: Victini|Stored Power|p2a: Clefable\n|-damage|p2a: Clefable|0 fnt\n|faint|p2a: Clefable\n|\n|win|Pauliferwe\n|raw|Pauliferwe's rating: 1105 &rarr; <strong>1130<\/strong><br \/>(+25 for winning)\n|raw|meneze16's rating: 1110 &rarr; <strong>1085<\/strong><br \/>(-25 for losing)\n|l|\u2606meneze16\n","uploadtime":1700320608,"views":16,"p1id":"pauliferwe","p2id":"meneze16","formatid":"gen9nationaldexubers","rating":1085,"private":0,"password":""}