{"id":"gen9nationaldexubers-1984841793","p1":"akkakaka","p2":"TRIPLE RILABOOM","format":"[Gen 9] National Dex Ubers","log":"|j|\u2606akkakaka\n|j|\u2606TRIPLE RILABOOM\n|t:|1699303596\n|gametype|singles\n|player|p1|akkakaka|266|1207\n|player|p2|TRIPLE RILABOOM|2|1116\n|teamsize|p1|6\n|teamsize|p2|3\n|gen|9\n|tier|[Gen 9] National Dex Ubers\n|rated|\n|rule|HP Percentage Mod: HP is shown in percentages\n|rule|Endless Battle Clause: Forcing endless battles is banned\n|rule|OHKO Clause: OHKO moves are banned\n|rule|Evasion Moves Clause: Evasion moves are banned\n|rule|Evasion Items Clause: Evasion items are banned\n|rule|Species Clause: Limit one of each Pok\u00e9mon\n|rule|Sleep Clause Mod: Limit one foe put to sleep\n|rule|Mega Rayquaza Clause: You cannot mega evolve Rayquaza\n|clearpoke\n|poke|p1|Calyrex-Ice|\n|poke|p1|Hatterene, F|\n|poke|p1|Cresselia, F|\n|poke|p1|Slowking, F|\n|poke|p1|Metagross|\n|poke|p1|Malamar, M|\n|poke|p2|Azumarill, M|\n|poke|p2|Lucario, F|\n|poke|p2|Ninetales-Alola, M|\n|teampreview\n|\n|t:|1699303608\n|start\n|switch|p1a: Hatterene|Hatterene, F|100\/100\n|switch|p2a: Ninetales|Ninetales-Alola, M, shiny|100\/100\n|-weather|Snow|[from] ability: Snow Warning|[of] p2a: Ninetales\n|turn|1\n|\n|t:|1699303614\n|move|p2a: Ninetales|Aurora Veil|p2a: Ninetales\n|-sidestart|p2: TRIPLE RILABOOM|move: Aurora Veil\n|move|p1a: Hatterene|Trick Room|p1a: Hatterene\n|-fieldstart|move: Trick Room|[of] p1a: Hatterene\n|\n|-weather|Snow|[upkeep]\n|upkeep\n|turn|2\n|\n|t:|1699303623\n|switch|p2a: Azumarill|Azumarill, M, shiny|100\/100\n|move|p1a: Hatterene|Psyshock|p2a: Azumarill\n|-damage|p2a: Azumarill|80\/100\n|\n|-weather|Snow|[upkeep]\n|-heal|p2a: Azumarill|86\/100|[from] item: Leftovers\n|upkeep\n|turn|3\n|\n|t:|1699303636\n|move|p1a: Hatterene|Dazzling Gleam|p2a: Azumarill\n|-damage|p2a: Azumarill|65\/100\n|move|p2a: Azumarill|Perish Song|p2a: Azumarill\n|-start|p1a: Hatterene|perish3|[silent]\n|-start|p2a: Azumarill|perish3|[silent]\n|-fieldactivate|move: Perish Song\n|\n|-weather|Snow|[upkeep]\n|-heal|p2a: Azumarill|71\/100|[from] item: Leftovers\n|-start|p1a: Hatterene|perish3\n|-start|p2a: Azumarill|perish3\n|upkeep\n|turn|4\n|\n|t:|1699303647\n|move|p1a: Hatterene|Dazzling Gleam|p2a: Azumarill\n|-damage|p2a: Azumarill|53\/100\n|move|p2a: Azumarill|Surf|p1a: Hatterene\n|-damage|p1a: Hatterene|78\/100\n|\n|-weather|Snow|[upkeep]\n|-heal|p2a: Azumarill|59\/100|[from] item: Leftovers\n|-start|p1a: Hatterene|perish2\n|-start|p2a: Azumarill|perish2\n|upkeep\n|turn|5\n|\n|t:|1699303662\n|switch|p1a: Metagross|Metagross|100\/100\n|move|p2a: Azumarill|Protect||[still]\n|-fail|p2a: Azumarill\n|\n|-weather|none\n|-heal|p2a: Azumarill|65\/100|[from] item: Leftovers\n|-start|p2a: Azumarill|perish1\n|-fieldend|move: Trick Room\n|upkeep\n|turn|6\n|\n|t:|1699303671\n|detailschange|p1a: Metagross|Metagross-Mega\n|-mega|p1a: Metagross|Metagross|Metagrossite\n|move|p1a: Metagross|Cosmic Power|p1a: Metagross\n|-boost|p1a: Metagross|def|1\n|-boost|p1a: Metagross|spd|1\n|move|p2a: Azumarill|Belly Drum|p2a: Azumarill\n|-damage|p2a: Azumarill|15\/100\n|-setboost|p2a: Azumarill|atk|6|[from] move: Belly Drum\n|\n|-heal|p2a: Azumarill|21\/100|[from] item: Leftovers\n|-start|p2a: Azumarill|perish0\n|faint|p2a: Azumarill\n|upkeep\n|\n|t:|1699303682\n|switch|p2a: Lucario|Lucario, F, shiny|100\/100\n|turn|7\n|\n|t:|1699303686\n|move|p2a: Lucario|Copycat|p2a: Lucario\n|move|p2a: Lucario|Belly Drum|p2a: Lucario|[from]move: Copycat\n|-damage|p2a: Lucario|50\/100\n|-setboost|p2a: Lucario|atk|6|[from] move: Belly Drum\n|move|p1a: Metagross|Cosmic Power|p1a: Metagross\n|-boost|p1a: Metagross|def|1\n|-boost|p1a: Metagross|spd|1\n|\n|upkeep\n|turn|8\n|\n|t:|1699303695\n|detailschange|p2a: Lucario|Lucario-Mega, F, shiny\n|-mega|p2a: Lucario|Lucario|Lucarionite\n|move|p2a: Lucario|Drain Punch|p1a: Metagross\n|-damage|p1a: Metagross|39\/100\n|-heal|p2a: Lucario|83\/100|[from] drain|[of] p1a: Metagross\n|move|p1a: Metagross|Iron Head|p2a: Lucario\n|-resisted|p2a: Lucario\n|-damage|p2a: Lucario|70\/100\n|\n|-sideend|p2: TRIPLE RILABOOM|move: Aurora Veil\n|upkeep\n|turn|9\n|\n|t:|1699303707\n|move|p2a: Lucario|Drain Punch|p1a: Metagross\n|-damage|p1a: Metagross|0 fnt\n|-heal|p2a: Lucario|90\/100|[from] drain|[of] p1a: Metagross\n|faint|p1a: Metagross\n|\n|upkeep\n|\n|t:|1699303715\n|switch|p1a: Malamar|Malamar, M|100\/100\n|turn|10\n|\n|t:|1699303721\n|move|p2a: Lucario|Drain Punch|p1a: Malamar\n|-enditem|p1a: Malamar|Focus Sash\n|-damage|p1a: Malamar|1\/100\n|-heal|p2a: Lucario|100\/100|[from] drain|[of] p1a: Malamar\n|move|p1a: Malamar|Trick Room|p1a: Malamar\n|-fieldstart|move: Trick Room|[of] p1a: Malamar\n|\n|upkeep\n|turn|11\n|\n|t:|1699303728\n|move|p2a: Lucario|Bullet Punch|p1a: Malamar\n|-damage|p1a: Malamar|0 fnt\n|faint|p1a: Malamar\n|\n|upkeep\n|\n|t:|1699303747\n|switch|p1a: Hatterene|Hatterene, F|78\/100\n|turn|12\n|\n|t:|1699303752\n|move|p2a: Lucario|Bullet Punch|p1a: Hatterene\n|-supereffective|p1a: Hatterene\n|-damage|p1a: Hatterene|0 fnt\n|faint|p1a: Hatterene\n|\n|upkeep\n|\n|t:|1699303757\n|switch|p1a: Slowking|Slowking, F|100\/100\n|turn|13\n|\n|t:|1699303769\n|move|p2a: Lucario|Extreme Speed|p1a: Slowking\n|-enditem|p1a: Slowking|Focus Sash\n|-damage|p1a: Slowking|1\/100\n|move|p1a: Slowking|Scald|p2a: Lucario\n|-damage|p2a: Lucario|66\/100\n|\n|upkeep\n|turn|14\n|\n|t:|1699303776\n|move|p2a: Lucario|Bullet Punch|p1a: Slowking\n|-resisted|p1a: Slowking\n|-damage|p1a: Slowking|0 fnt\n|faint|p1a: Slowking\n|\n|-fieldend|move: Trick Room\n|upkeep\n|\n|t:|1699303781\n|switch|p1a: Cresselia|Cresselia, F|100\/100\n|turn|15\n|\n|t:|1699303790\n|move|p2a: Lucario|Bullet Punch|p1a: Cresselia\n|-damage|p1a: Cresselia|30\/100\n|move|p1a: Cresselia|Trick Room|p1a: Cresselia\n|-fieldstart|move: Trick Room|[of] p1a: Cresselia\n|\n|upkeep\n|turn|16\n|\n|t:|1699303798\n|move|p2a: Lucario|Bullet Punch|p1a: Cresselia\n|-damage|p1a: Cresselia|0 fnt\n|faint|p1a: Cresselia\n|\n|upkeep\n|\n|t:|1699303804\n|switch|p1a: Calyrex|Calyrex-Ice|100\/100\n|-ability|p1a: Calyrex|As One\n|-ability|p1a: Calyrex|Unnerve\n|turn|17\n|\n|t:|1699303815\n|move|p2a: Lucario|Bullet Punch|p1a: Calyrex\n|-supereffective|p1a: Calyrex\n|-damage|p1a: Calyrex|0 fnt\n|faint|p1a: Calyrex\n|\n|win|TRIPLE RILABOOM\n|raw|akkakaka's rating: 1207 &rarr; <strong>1176<\/strong><br \/>(-31 for losing)\n|raw|TRIPLE RILABOOM's rating: 1116 &rarr; <strong>1147<\/strong><br \/>(+31 for winning)\n|l|\u2606akkakaka\n","uploadtime":1699303824,"views":12,"p1id":"akkakaka","p2id":"triplerilaboom","formatid":"gen9nationaldexubers","rating":1147,"private":0,"password":""}