{"id":"gen9nationaldexubers-1986869942","p1":"bepsi-can","p2":"Justznic","format":"[Gen 9] National Dex Ubers","log":"|j|\u2606bepsi-can\n|j|\u2606Justznic\n|t:|1699536168\n|gametype|singles\n|player|p1|bepsi-can|elesa|1326\n|player|p2|Justznic|2|1488\n|teamsize|p1|6\n|teamsize|p2|6\n|gen|9\n|tier|[Gen 9] National Dex Ubers\n|rated|\n|rule|HP Percentage Mod: HP is shown in percentages\n|rule|Endless Battle Clause: Forcing endless battles is banned\n|rule|OHKO Clause: OHKO moves are banned\n|rule|Evasion Moves Clause: Evasion moves are banned\n|rule|Evasion Items Clause: Evasion items are banned\n|rule|Species Clause: Limit one of each Pok\u00e9mon\n|rule|Sleep Clause Mod: Limit one foe put to sleep\n|rule|Mega Rayquaza Clause: You cannot mega evolve Rayquaza\n|clearpoke\n|poke|p1|Serperior, M|\n|poke|p1|Ditto|\n|poke|p1|Hatterene, F|\n|poke|p1|Porygon-Z|\n|poke|p1|Skeledirge, F|\n|poke|p1|Starmie|\n|poke|p2|Orthworm, M|\n|poke|p2|Kyurem-Black|\n|poke|p2|Ditto|\n|poke|p2|Mew|\n|poke|p2|Klefki, M|\n|poke|p2|Mewtwo|\n|teampreview\n|inactive|Battle timer is ON: inactive players will automatically lose when time's up. (requested by Justznic)\n|inactive|bepsi-can also wants the timer to be on.\n|\n|t:|1699536189\n|start\n|switch|p1a: Heeheehee|Hatterene, F|100\/100\n|switch|p2a: Kyurem|Kyurem-Black|100\/100\n|-ability|p2a: Kyurem|Teravolt\n|turn|1\n|\n|t:|1699536194\n|move|p2a: Kyurem|Icicle Spear|p1a: Heeheehee\n|-damage|p1a: Heeheehee|87\/100\n|-damage|p1a: Heeheehee|74\/100\n|-damage|p1a: Heeheehee|60\/100\n|-damage|p1a: Heeheehee|46\/100\n|-hitcount|p1a: Heeheehee|4\n|move|p1a: Heeheehee|Draining Kiss|p2a: Kyurem\n|-supereffective|p2a: Kyurem\n|-damage|p2a: Kyurem|59\/100\n|-heal|p1a: Heeheehee|84\/100|[from] drain|[of] p2a: Kyurem\n|\n|-heal|p1a: Heeheehee|90\/100|[from] item: Leftovers\n|upkeep\n|turn|2\n|\n|t:|1699536205\n|-terastallize|p2a: Kyurem|Fire\n|move|p2a: Kyurem|Icicle Spear|p1a: Heeheehee\n|-damage|p1a: Heeheehee|77\/100\n|-damage|p1a: Heeheehee|62\/100\n|-damage|p1a: Heeheehee|48\/100\n|-damage|p1a: Heeheehee|34\/100\n|-damage|p1a: Heeheehee|19\/100\n|-hitcount|p1a: Heeheehee|5\n|move|p1a: Heeheehee|Draining Kiss|p2a: Kyurem\n|-resisted|p2a: Kyurem\n|-damage|p2a: Kyurem|48\/100\n|-heal|p1a: Heeheehee|30\/100|[from] drain|[of] p2a: Kyurem\n|\n|-heal|p1a: Heeheehee|36\/100|[from] item: Leftovers\n|upkeep\n|turn|3\n|\n|t:|1699536218\n|switch|p1a: Starmie|Starmie|100\/100\n|move|p2a: Kyurem|Icicle Spear|p1a: Starmie\n|-resisted|p1a: Starmie\n|-damage|p1a: Starmie|88\/100\n|-resisted|p1a: Starmie\n|-damage|p1a: Starmie|76\/100\n|-resisted|p1a: Starmie\n|-damage|p1a: Starmie|63\/100\n|-resisted|p1a: Starmie\n|-damage|p1a: Starmie|51\/100\n|-resisted|p1a: Starmie\n|-damage|p1a: Starmie|40\/100\n|-hitcount|p1a: Starmie|5\n|\n|upkeep\n|turn|4\n|\n|t:|1699536234\n|move|p1a: Starmie|Scald|p2a: Kyurem\n|-supereffective|p2a: Kyurem\n|-damage|p2a: Kyurem|0 fnt\n|faint|p2a: Kyurem\n|-damage|p1a: Starmie|30\/100|[from] item: Life Orb\n|\n|upkeep\n|\n|t:|1699536251\n|switch|p2a: Ditto|Ditto|100\/100\n|-transform|p2a: Ditto|p1a: Starmie|[from] ability: Imposter\n|turn|5\n|\n|t:|1699536258\n|switch|p1a: Poor E Gone Zee|Porygon-Z|100\/100\n|-ability|p1a: Poor E Gone Zee|Download|boost\n|-boost|p1a: Poor E Gone Zee|atk|1\n|move|p2a: Ditto|Thunderbolt|p1a: Poor E Gone Zee\n|-damage|p1a: Poor E Gone Zee|76\/100\n|\n|upkeep\n|turn|6\n|\n|t:|1699536264\n|switch|p2a: Klefki|Klefki, M|100\/100\n|move|p1a: Poor E Gone Zee|Discharge|p2a: Klefki\n|-damage|p2a: Klefki|77\/100\n|\n|-status|p2a: Klefki|brn|[from] item: Flame Orb\n|upkeep\n|turn|7\n|\n|t:|1699536271\n|switch|p1a: Heeheehee|Hatterene, F|36\/100\n|move|p2a: Klefki|Switcheroo|p1a: Heeheehee\n|-activate|p2a: Klefki|move: Trick|[of] p1a: Heeheehee\n|-item|p1a: Heeheehee|Flame Orb|[from] move: Switcheroo\n|-item|p2a: Klefki|Leftovers|[from] move: Switcheroo\n|\n|-heal|p2a: Klefki|83\/100 brn|[from] item: Leftovers\n|-damage|p2a: Klefki|77\/100 brn|[from] brn\n|-status|p1a: Heeheehee|brn|[from] item: Flame Orb\n|upkeep\n|turn|8\n|\n|t:|1699536281\n|move|p2a: Klefki|Reflect|p2a: Klefki\n|-sidestart|p2: Justznic|Reflect\n|move|p1a: Heeheehee|Calm Mind|p1a: Heeheehee\n|-boost|p1a: Heeheehee|spa|1\n|-boost|p1a: Heeheehee|spd|1\n|\n|-heal|p2a: Klefki|83\/100 brn|[from] item: Leftovers\n|-damage|p2a: Klefki|77\/100 brn|[from] brn\n|-damage|p1a: Heeheehee|30\/100 brn|[from] brn\n|upkeep\n|turn|9\n|inactive|Justznic has 120 seconds left.\n|\n|t:|1699536312\n|switch|p2a: Ditto|Ditto|100\/100\n|-transform|p2a: Ditto|p1a: Heeheehee|[from] ability: Imposter\n|move|p1a: Heeheehee|Mystical Fire|p2a: Ditto\n|-damage|p2a: Ditto|77\/100\n|-unboost|p2a: Ditto|spa|1\n|\n|-damage|p1a: Heeheehee|24\/100 brn|[from] brn\n|upkeep\n|turn|10\n|\n|t:|1699536320\n|move|p2a: Ditto|Mystical Fire|p1a: Heeheehee\n|-damage|p1a: Heeheehee|8\/100 brn\n|-unboost|p1a: Heeheehee|spa|1\n|move|p1a: Heeheehee|Mystical Fire|p2a: Ditto\n|-damage|p2a: Ditto|60\/100\n|-unboost|p2a: Ditto|spa|1\n|\n|-damage|p1a: Heeheehee|2\/100 brn|[from] brn\n|upkeep\n|turn|11\n|\n|t:|1699536326\n|move|p2a: Ditto|Mystical Fire|p1a: Heeheehee\n|-damage|p1a: Heeheehee|0 fnt\n|faint|p1a: Heeheehee\n|\n|upkeep\n|\n|t:|1699536341\n|switch|p1a: Starmie|Starmie|30\/100\n|turn|12\n|\n|t:|1699536364\n|move|p1a: Starmie|Scald|p2a: Ditto\n|-damage|p2a: Ditto|25\/100\n|-damage|p1a: Starmie|20\/100|[from] item: Life Orb\n|move|p2a: Ditto|Mystical Fire|p1a: Starmie\n|-resisted|p1a: Starmie\n|-damage|p1a: Starmie|9\/100\n|-unboost|p1a: Starmie|spa|1\n|\n|-sideend|p2: Justznic|Reflect\n|upkeep\n|turn|13\n|\n|t:|1699536377\n|switch|p2a: Klefki|Klefki, M|77\/100 brn\n|move|p1a: Starmie|Scald|p2a: Klefki\n|-damage|p2a: Klefki|51\/100 brn\n|-damage|p1a: Starmie|0 fnt|[from] item: Life Orb\n|faint|p1a: Starmie\n|\n|-heal|p2a: Klefki|57\/100 brn|[from] item: Leftovers\n|-damage|p2a: Klefki|51\/100 brn|[from] brn\n|upkeep\n|\n|t:|1699536392\n|switch|p1a: Bald Boy|Skeledirge, F|100\/100\n|turn|14\n|\n|t:|1699536401\n|move|p2a: Klefki|Toxic|p1a: Bald Boy|[miss]\n|-miss|p2a: Klefki|p1a: Bald Boy\n|move|p1a: Bald Boy|Torch Song|p2a: Klefki\n|-supereffective|p2a: Klefki\n|-damage|p2a: Klefki|0 fnt\n|-boost|p1a: Bald Boy|spa|1\n|faint|p2a: Klefki\n|\n|upkeep\n|\n|t:|1699536425\n|switch|p2a: Mew|Mew|100\/100\n|turn|15\n|\n|t:|1699536429\n|move|p2a: Mew|Imprison|p2a: Mew\n|-start|p2a: Mew|move: Imprison\n|move|p1a: Bald Boy|Substitute|p1a: Bald Boy\n|-start|p1a: Bald Boy|Substitute\n|-damage|p1a: Bald Boy|76\/100\n|\n|-heal|p1a: Bald Boy|82\/100|[from] item: Leftovers\n|upkeep\n|turn|16\n|\n|t:|1699536438\n|move|p2a: Mew|Psychic|p1a: Bald Boy\n|-end|p1a: Bald Boy|Substitute\n|move|p1a: Bald Boy|Torch Song|p2a: Mew\n|-damage|p2a: Mew|61\/100\n|-boost|p1a: Bald Boy|spa|1\n|\n|-heal|p1a: Bald Boy|88\/100|[from] item: Leftovers\n|upkeep\n|turn|17\n|\n|t:|1699536442\n|move|p2a: Mew|Transform|p1a: Bald Boy\n|-transform|p2a: Mew|p1a: Bald Boy\n|cant|p1a: Bald Boy|move: Imprison|Hex\n|\n|-heal|p1a: Bald Boy|94\/100|[from] item: Leftovers\n|upkeep\n|turn|18\n|\n|t:|1699536452\n|switch|p1a: Poor E Gone Zee|Porygon-Z|76\/100\n|-ability|p1a: Poor E Gone Zee|Download|boost\n|-boost|p1a: Poor E Gone Zee|spa|1\n|move|p2a: Mew|Substitute|p2a: Mew\n|-start|p2a: Mew|Substitute\n|-damage|p2a: Mew|36\/100\n|\n|upkeep\n|turn|19\n|\n|t:|1699536458\n|move|p1a: Poor E Gone Zee|Dark Pulse|p2a: Mew\n|-supereffective|p2a: Mew\n|-end|p2a: Mew|Substitute\n|move|p2a: Mew|Torch Song|p1a: Poor E Gone Zee\n|-damage|p1a: Poor E Gone Zee|20\/100\n|-boost|p2a: Mew|spa|1\n|\n|upkeep\n|turn|20\n|c|\u2606bepsi-can|thats a cool set\n|\n|t:|1699536470\n|switch|p2a: Ditto|Ditto|25\/100\n|-transform|p2a: Ditto|p1a: Poor E Gone Zee|[from] ability: Imposter\n|-ability|p2a: Ditto|Download|boost\n|-boost|p2a: Ditto|atk|1\n|move|p1a: Poor E Gone Zee|Dark Pulse|p2a: Ditto\n|-damage|p2a: Ditto|0 fnt\n|faint|p2a: Ditto\n|\n|upkeep\n|c|\u2606bepsi-can|you come up with that yourself?\n|\n|t:|1699536479\n|switch|p2a: Mewtwo|Mewtwo|100\/100\n|-ability|p2a: Mewtwo|Pressure\n|turn|21\n|\n|t:|1699536484\n|detailschange|p2a: Mewtwo|Mewtwo-Mega-X\n|-mega|p2a: Mewtwo|Mewtwo|Mewtwonite X\n|move|p2a: Mewtwo|Bulk Up|p2a: Mewtwo\n|-boost|p2a: Mewtwo|atk|1\n|-boost|p2a: Mewtwo|def|1\n|move|p1a: Poor E Gone Zee|Shadow Ball|p2a: Mewtwo\n|-supereffective|p2a: Mewtwo\n|-damage|p2a: Mewtwo|14\/100\n|-unboost|p2a: Mewtwo|spd|1\n|\n|upkeep\n|turn|22\n|\n|t:|1699536493\n|move|p2a: Mewtwo|Drain Punch|p1a: Poor E Gone Zee\n|-supereffective|p1a: Poor E Gone Zee\n|-damage|p1a: Poor E Gone Zee|0 fnt\n|-heal|p2a: Mewtwo|23\/100|[from] drain|[of] p1a: Poor E Gone Zee\n|faint|p1a: Poor E Gone Zee\n|\n|upkeep\n|\n|t:|1699536500\n|switch|p1a: Eddie|Ditto|100\/100\n|-transform|p1a: Eddie|p2a: Mewtwo|[from] ability: Imposter\n|turn|23\n|\n|t:|1699536506\n|move|p1a: Eddie|Zen Headbutt|p2a: Mewtwo\n|-damage|p2a: Mewtwo|0 fnt\n|faint|p2a: Mewtwo\n|\n|upkeep\n|c|\u2606Justznic|Ye i thought of it\n|c|\u2606bepsi-can|oh cool\n|\n|t:|1699536533\n|switch|p2a: Orthworm|Orthworm, M|100\/100\n|turn|24\n|\n|t:|1699536538\n|switch|p1a: Bald Boy|Skeledirge, F|94\/100\n|move|p2a: Orthworm|Iron Defense|p2a: Orthworm\n|-boost|p2a: Orthworm|def|2\n|\n|-heal|p1a: Bald Boy|99\/100|[from] item: Leftovers\n|upkeep\n|turn|25\n|c|\u2606bepsi-can|i also like the orthworm\n|\n|t:|1699536546\n|move|p1a: Bald Boy|Substitute|p1a: Bald Boy\n|-start|p1a: Bald Boy|Substitute\n|-damage|p1a: Bald Boy|75\/100\n|move|p2a: Orthworm|Shed Tail|p2a: Orthworm\n|-start|p2a: Orthworm|Substitute|[from] move: Shed Tail\n|-damage|p2a: Orthworm|50\/100\n|-enditem|p2a: Orthworm|Sitrus Berry|[eat]\n|-heal|p2a: Orthworm|75\/100|[from] item: Sitrus Berry\n|\n|t:|1699536548\n|switch|p2a: Mew|Mew|36\/100|[from] Shed Tail\n|\n|-heal|p1a: Bald Boy|81\/100|[from] item: Leftovers\n|upkeep\n|turn|26\n|c|\u2606bepsi-can|pretty good counter meta lead\n|\n|t:|1699536556\n|move|p2a: Mew|Psychic|p1a: Bald Boy\n|-end|p1a: Bald Boy|Substitute\n|move|p1a: Bald Boy|Torch Song|p2a: Mew\n|-damage|p2a: Mew|11\/100\n|-boost|p1a: Bald Boy|spa|1\n|\n|-heal|p1a: Bald Boy|87\/100|[from] item: Leftovers\n|upkeep\n|turn|27\n|\n|t:|1699536562\n|-zpower|p2a: Mew\n|move|p2a: Mew|Z-Transform|p1a: Bald Boy|[anim]Transform\n|-heal|p2a: Mew|100\/100|[zeffect]\n|-transform|p2a: Mew|p1a: Bald Boy\n|move|p1a: Bald Boy|Torch Song|p2a: Mew\n|-resisted|p2a: Mew\n|-damage|p2a: Mew|86\/100\n|-boost|p1a: Bald Boy|spa|1\n|\n|-heal|p1a: Bald Boy|93\/100|[from] item: Leftovers\n|upkeep\n|turn|28\n|c|\u2606Justznic|Ye but it doenst work everytime\n|c|\u2606bepsi-can|hmmm\n|c|\u2606bepsi-can|i have no idea what to do here\n|inactive|bepsi-can has 120 seconds left.\n|\n|t:|1699536594\n|move|p2a: Mew|Hex|p1a: Bald Boy\n|-supereffective|p1a: Bald Boy\n|-damage|p1a: Bald Boy|50\/100\n|move|p1a: Bald Boy|Substitute|p1a: Bald Boy\n|-start|p1a: Bald Boy|Substitute\n|-damage|p1a: Bald Boy|25\/100\n|\n|-heal|p1a: Bald Boy|31\/100|[from] item: Leftovers\n|upkeep\n|turn|29\n|\n|t:|1699536601\n|move|p2a: Mew|Torch Song|p1a: Bald Boy\n|-resisted|p1a: Bald Boy\n|-damage|p1a: Bald Boy|19\/100\n|-boost|p2a: Mew|spa|1\n|move|p1a: Bald Boy|Hex|p2a: Mew\n|-supereffective|p2a: Mew\n|-end|p2a: Mew|Substitute\n|\n|-heal|p1a: Bald Boy|25\/100|[from] item: Leftovers\n|upkeep\n|turn|30\n|\n|t:|1699536609\n|move|p2a: Mew|Substitute|p2a: Mew\n|-start|p2a: Mew|Substitute\n|-damage|p2a: Mew|61\/100\n|move|p1a: Bald Boy|Hex|p2a: Mew\n|-supereffective|p2a: Mew\n|-end|p2a: Mew|Substitute\n|\n|-heal|p1a: Bald Boy|31\/100|[from] item: Leftovers\n|upkeep\n|turn|31\n|\n|t:|1699536616\n|move|p2a: Mew|Torch Song|p1a: Bald Boy\n|-resisted|p1a: Bald Boy\n|-damage|p1a: Bald Boy|17\/100\n|-boost|p2a: Mew|spa|1\n|move|p1a: Bald Boy|Hex|p2a: Mew\n|-supereffective|p2a: Mew\n|-damage|p2a: Mew|15\/100\n|\n|-heal|p1a: Bald Boy|23\/100|[from] item: Leftovers\n|upkeep\n|turn|32\n|\n|t:|1699536626\n|move|p1a: Bald Boy|Hex|p2a: Mew\n|-supereffective|p2a: Mew\n|-damage|p2a: Mew|0 fnt\n|faint|p2a: Mew\n|\n|-heal|p1a: Bald Boy|29\/100|[from] item: Leftovers\n|upkeep\n|\n|t:|1699536628\n|switch|p2a: Orthworm|Orthworm, M|75\/100\n|turn|33\n|\n|t:|1699536631\n|move|p1a: Bald Boy|Torch Song|p2a: Orthworm\n|-supereffective|p2a: Orthworm\n|-damage|p2a: Orthworm|0 fnt\n|-boost|p1a: Bald Boy|spa|1\n|faint|p2a: Orthworm\n|\n|win|bepsi-can\n|raw|bepsi-can's rating: 1326 &rarr; <strong>1355<\/strong><br \/>(+29 for winning)\n|raw|Justznic's rating: 1488 &rarr; <strong>1459<\/strong><br \/>(-29 for losing)\n|c|\u2606Justznic|Now im dead\n|c|\u2606bepsi-can|gg\n|c|\u2606bepsi-can|wp\n|c|\u2606Justznic|Gg\n","uploadtime":1699536644,"views":31,"p1id":"bepsican","p2id":"justznic","formatid":"gen9nationaldexubers","rating":1355,"private":0,"password":""}