{"id":"gen9nationaldexubers-1985053357","p1":"Soup56168","p2":"tyhanssb","format":"[Gen 9] National Dex Ubers","log":"|j|\u2606Soup56168\n|j|\u2606tyhanssb\n|t:|1699325104\n|gametype|singles\n|player|p1|Soup56168|fisherman-gen4|\n|player|p2|tyhanssb|doubleteam|\n|teamsize|p1|6\n|teamsize|p2|6\n|gen|9\n|tier|[Gen 9] National Dex Ubers\n|rule|HP Percentage Mod: HP is shown in percentages\n|rule|Endless Battle Clause: Forcing endless battles is banned\n|rule|OHKO Clause: OHKO moves are banned\n|rule|Evasion Moves Clause: Evasion moves are banned\n|rule|Evasion Items Clause: Evasion items are banned\n|rule|Species Clause: Limit one of each Pok\u00e9mon\n|rule|Sleep Clause Mod: Limit one foe put to sleep\n|rule|Mega Rayquaza Clause: You cannot mega evolve Rayquaza\n|clearpoke\n|poke|p1|Annihilape, M|\n|poke|p1|Gyarados, M|\n|poke|p1|Iron Hands|\n|poke|p1|Greedent, F|\n|poke|p1|Hydreigon, M|\n|poke|p1|Ditto|\n|poke|p2|Scovillain, M|\n|poke|p2|Scizor, M|\n|poke|p2|Necrozma-Dawn-Wings|\n|poke|p2|Dragapult, M|\n|poke|p2|Blissey, F|\n|poke|p2|Annihilape, F|\n|teampreview\n|\n|t:|1699325111\n|start\n|switch|p1a: AMOUNG US|Ditto|100\/100\n|switch|p2a: Dragapult|Dragapult, M|100\/100\n|-transform|p1a: AMOUNG US|p2a: Dragapult|[from] ability: Imposter\n|turn|1\n|\n|t:|1699325121\n|-terastallize|p2a: Dragapult|Fire\n|-terastallize|p1a: AMOUNG US|Fairy\n|move|p2a: Dragapult|Dragon Darts|p1a: AMOUNG US\n|-immune|p1a: AMOUNG US\n|move|p1a: AMOUNG US|Dragon Darts|p2a: Dragapult\n|-damage|p2a: Dragapult|70\/100\n|-anim|p1a: AMOUNG US|Dragon Darts|p2a: Dragapult\n|-damage|p2a: Dragapult|38\/100\n|\n|upkeep\n|turn|2\n|\n|t:|1699325134\n|move|p1a: AMOUNG US|Dragon Darts|p2a: Dragapult\n|-crit|p2a: Dragapult\n|-damage|p2a: Dragapult|0 fnt\n|faint|p2a: Dragapult\n|\n|upkeep\n|\n|t:|1699325143\n|switch|p2a: Scizor|Scizor, M|100\/100\n|turn|3\n|\n|t:|1699325146\n|detailschange|p2a: Scizor|Scizor-Mega, M\n|-mega|p2a: Scizor|Scizor|Scizorite\n|move|p2a: Scizor|Bullet Punch|p1a: AMOUNG US\n|-supereffective|p1a: AMOUNG US\n|-damage|p1a: AMOUNG US|6\/100\n|move|p1a: AMOUNG US|Dragon Darts|p2a: Scizor\n|-resisted|p2a: Scizor\n|-damage|p2a: Scizor|93\/100\n|-anim|p1a: AMOUNG US|Dragon Darts|p2a: Scizor\n|-resisted|p2a: Scizor\n|-damage|p2a: Scizor|83\/100\n|\n|upkeep\n|turn|4\n|\n|t:|1699325158\n|move|p2a: Scizor|Bullet Punch|p1a: AMOUNG US\n|-supereffective|p1a: AMOUNG US\n|-damage|p1a: AMOUNG US|0 fnt\n|faint|p1a: AMOUNG US\n|\n|upkeep\n|\n|t:|1699325166\n|switch|p1a: dragoon|Hydreigon, M|100\/100\n|turn|5\n|\n|t:|1699325174\n|move|p2a: Scizor|Bullet Punch|p1a: dragoon\n|-damage|p1a: dragoon|68\/100\n|move|p1a: dragoon|Earthquake|p2a: Scizor\n|-damage|p2a: Scizor|63\/100\n|\n|upkeep\n|turn|6\n|\n|t:|1699325180\n|move|p2a: Scizor|Bullet Punch|p1a: dragoon\n|-damage|p1a: dragoon|37\/100\n|move|p1a: dragoon|Dragon Dance|p1a: dragoon\n|-boost|p1a: dragoon|atk|1\n|-boost|p1a: dragoon|spe|1\n|\n|upkeep\n|turn|7\n|\n|t:|1699325187\n|move|p2a: Scizor|Bullet Punch|p1a: dragoon\n|-damage|p1a: dragoon|9\/100\n|move|p1a: dragoon|Outrage|p2a: Scizor\n|-resisted|p2a: Scizor\n|-damage|p2a: Scizor|38\/100\n|\n|upkeep\n|turn|8\n|\n|t:|1699325193\n|move|p2a: Scizor|Bullet Punch|p1a: dragoon\n|-damage|p1a: dragoon|0 fnt\n|faint|p1a: dragoon\n|\n|upkeep\n|\n|t:|1699325198\n|switch|p1a: feesh|Gyarados, M, shiny|100\/100\n|-ability|p1a: feesh|Intimidate|boost\n|-unboost|p2a: Scizor|atk|1\n|turn|9\n|\n|t:|1699325206\n|move|p1a: feesh|Fire Blast|p2a: Scizor\n|-supereffective|p2a: Scizor\n|-damage|p2a: Scizor|0 fnt\n|faint|p2a: Scizor\n|\n|upkeep\n|\n|t:|1699325212\n|switch|p2a: Blissey|Blissey, F|100\/100\n|turn|10\n|\n|t:|1699325217\n|move|p1a: feesh|Dark Pulse|p2a: Blissey\n|-damage|p2a: Blissey|96\/100\n|move|p2a: Blissey|Toxic|p1a: feesh\n|-status|p1a: feesh|tox\n|\n|-heal|p2a: Blissey|100\/100|[from] item: Leftovers\n|-damage|p1a: feesh|94\/100 tox|[from] psn\n|upkeep\n|turn|11\n|\n|t:|1699325236\n|switch|p2a: Scovillain|Scovillain, M|100\/100\n|move|p1a: feesh|Fire Blast|p2a: Scovillain|[miss]\n|-miss|p1a: feesh|p2a: Scovillain\n|\n|-damage|p1a: feesh|82\/100 tox|[from] psn\n|upkeep\n|turn|12\n|\n|t:|1699325248\n|move|p1a: feesh|Dark Pulse|p2a: Scovillain\n|-damage|p2a: Scovillain|84\/100\n|move|p2a: Scovillain|Leech Seed|p1a: feesh\n|-start|p1a: feesh|move: Leech Seed\n|\n|-heal|p2a: Scovillain|91\/100|[from] item: Leftovers\n|-damage|p1a: feesh|70\/100 tox|[from] Leech Seed|[of] p2a: Scovillain\n|-heal|p2a: Scovillain|100\/100|[silent]\n|-damage|p1a: feesh|51\/100 tox|[from] psn\n|upkeep\n|turn|13\n|\n|t:|1699325258\n|move|p1a: feesh|Hydro Pump|p2a: Scovillain\n|-damage|p2a: Scovillain|70\/100\n|move|p2a: Scovillain|Substitute|p2a: Scovillain\n|-start|p2a: Scovillain|Substitute\n|-damage|p2a: Scovillain|45\/100\n|\n|-heal|p2a: Scovillain|52\/100|[from] item: Leftovers\n|-damage|p1a: feesh|39\/100 tox|[from] Leech Seed|[of] p2a: Scovillain\n|-heal|p2a: Scovillain|69\/100|[silent]\n|-damage|p1a: feesh|14\/100 tox|[from] psn\n|upkeep\n|turn|14\n|\n|t:|1699325272\n|move|p2a: Scovillain|Protect|p2a: Scovillain\n|-singleturn|p2a: Scovillain|Protect\n|move|p1a: feesh|Hydro Pump|p2a: Scovillain\n|-activate|p2a: Scovillain|move: Protect\n|\n|-heal|p2a: Scovillain|75\/100|[from] item: Leftovers\n|-damage|p1a: feesh|2\/100 tox|[from] Leech Seed|[of] p2a: Scovillain\n|-heal|p2a: Scovillain|92\/100|[silent]\n|-damage|p1a: feesh|0 fnt|[from] psn\n|faint|p1a: feesh\n|upkeep\n|\n|t:|1699325288\n|switch|p1a: big hands|Iron Hands|100\/100\n|turn|15\n|\n|t:|1699325320\n|move|p1a: big hands|Fake Out|p2a: Scovillain\n|-crit|p2a: Scovillain\n|-activate|p2a: Scovillain|move: Substitute|[damage]\n|move|p2a: Scovillain|Leech Seed|p1a: big hands\n|-start|p1a: big hands|move: Leech Seed\n|\n|-heal|p2a: Scovillain|99\/100|[from] item: Leftovers\n|-damage|p1a: big hands|88\/100|[from] Leech Seed|[of] p2a: Scovillain\n|-heal|p2a: Scovillain|100\/100|[silent]\n|upkeep\n|turn|16\n|\n|t:|1699325331\n|switch|p2a: Blissey|Blissey, F|100\/100\n|move|p1a: big hands|Fire Punch|p2a: Blissey\n|-damage|p2a: Blissey|53\/100\n|\n|-heal|p2a: Blissey|59\/100|[from] item: Leftovers\n|-damage|p1a: big hands|76\/100|[from] Leech Seed|[of] p2a: Blissey\n|-heal|p2a: Blissey|68\/100|[silent]\n|upkeep\n|turn|17\n|\n|t:|1699325340\n|move|p1a: big hands|Close Combat|p2a: Blissey\n|-supereffective|p2a: Blissey\n|-damage|p2a: Blissey|0 fnt\n|-unboost|p1a: big hands|def|1\n|-unboost|p1a: big hands|spd|1\n|faint|p2a: Blissey\n|\n|upkeep\n|\n|t:|1699325346\n|switch|p2a: Annihilape|Annihilape, F|100\/100\n|turn|18\n|\n|t:|1699325350\n|move|p2a: Annihilape|Encore|p1a: big hands\n|-start|p1a: big hands|Encore\n|move|p1a: big hands|Close Combat|p2a: Annihilape\n|-immune|p2a: Annihilape\n|\n|-damage|p1a: big hands|63\/100|[from] Leech Seed|[of] p2a: Annihilape\n|upkeep\n|turn|19\n|\n|t:|1699325359\n|move|p2a: Annihilape|Power-Up Punch|p1a: big hands\n|-damage|p1a: big hands|49\/100\n|-boost|p2a: Annihilape|atk|1\n|move|p1a: big hands|Close Combat|p2a: Annihilape\n|-immune|p2a: Annihilape\n|\n|-damage|p1a: big hands|37\/100|[from] Leech Seed|[of] p2a: Annihilape\n|upkeep\n|turn|20\n|\n|t:|1699325368\n|move|p2a: Annihilape|Power-Up Punch|p1a: big hands\n|-damage|p1a: big hands|16\/100\n|-boost|p2a: Annihilape|atk|1\n|move|p1a: big hands|Close Combat|p2a: Annihilape\n|-immune|p2a: Annihilape\n|\n|-damage|p1a: big hands|3\/100|[from] Leech Seed|[of] p2a: Annihilape\n|-end|p1a: big hands|Encore\n|upkeep\n|turn|21\n|\n|t:|1699325378\n|move|p2a: Annihilape|Power-Up Punch|p1a: big hands\n|-damage|p1a: big hands|0 fnt\n|-boost|p2a: Annihilape|atk|1\n|faint|p1a: big hands\n|-end|p1a: big hands|Quark Drive|[silent]\n|\n|upkeep\n|\n|t:|1699325386\n|switch|p1a: Munkey|Annihilape, M|100\/100\n|turn|22\n|\n|t:|1699325390\n|move|p2a: Annihilape|Rage Fist|p1a: Munkey\n|-supereffective|p1a: Munkey\n|-damage|p1a: Munkey|0 fnt\n|faint|p1a: Munkey\n|\n|upkeep\n|-message|Soup56168 forfeited.\n|\n|win|tyhanssb\n|l|\u2606Soup56168\n","uploadtime":1699325405,"views":7,"p1id":"soup56168","p2id":"tyhanssb","formatid":"gen9nationaldexubers","rating":0,"private":0,"password":""}