{"id":"gen9nationaldexubers-1978364491","p1":"Angel Karma","p2":"MrBest2023","format":"[Gen 9] National Dex Ubers","log":"|j|\u2606Angel Karma\n|j|\u2606MrBest2023\n|t:|1698529767\n|gametype|singles\n|player|p1|Angel Karma|unknown|1394\n|player|p2|MrBest2023|unknown|1269\n|teamsize|p1|6\n|teamsize|p2|6\n|gen|9\n|tier|[Gen 9] National Dex Ubers\n|rated|\n|rule|HP Percentage Mod: HP is shown in percentages\n|rule|Endless Battle Clause: Forcing endless battles is banned\n|rule|OHKO Clause: OHKO moves are banned\n|rule|Evasion Moves Clause: Evasion moves are banned\n|rule|Evasion Items Clause: Evasion items are banned\n|rule|Species Clause: Limit one of each Pok\u00e9mon\n|rule|Sleep Clause Mod: Limit one foe put to sleep\n|rule|Mega Rayquaza Clause: You cannot mega evolve Rayquaza\n|clearpoke\n|poke|p1|Haxorus, M|\n|poke|p1|Groudon|\n|poke|p1|Skarmory, F|\n|poke|p1|Yveltal|\n|poke|p1|Flutter Mane|\n|poke|p1|Lucario, M|\n|poke|p2|Dondozo, M|\n|poke|p2|Melmetal|\n|poke|p2|Lunala|\n|poke|p2|Zygarde|\n|poke|p2|Ho-Oh|\n|poke|p2|Arceus|\n|teampreview\n|\n|t:|1698529785\n|start\n|switch|p1a: Skarmory|Skarmory, F|100\/100\n|switch|p2a: Rainbow|Ho-Oh|100\/100\n|turn|1\n|\n|t:|1698529803\n|switch|p1a: Groudon|Groudon, shiny|100\/100\n|detailschange|p1a: Groudon|Groudon-Primal, shiny\n|-primal|p1a: Groudon|Red Orb\n|-weather|DesolateLand|[from] ability: Desolate Land|[of] p1a: Groudon\n|move|p2a: Rainbow|Sacred Fire|p1a: Groudon\n|-resisted|p1a: Groudon\n|-damage|p1a: Groudon|77\/100\n|\n|-weather|DesolateLand|[upkeep]\n|upkeep\n|turn|2\n|\n|t:|1698529819\n|switch|p2a: Snek|Zygarde|100\/100\n|-weather|none\n|switch|p1a: Lucario|Lucario, M, shiny|100\/100\n|\n|upkeep\n|turn|3\n|\n|t:|1698529829\n|switch|p1a: Flutter Mane|Flutter Mane|100\/100\n|move|p2a: Snek|Coil|p2a: Snek\n|-boost|p2a: Snek|atk|1\n|-boost|p2a: Snek|def|1\n|-boost|p2a: Snek|accuracy|1\n|\n|upkeep\n|turn|4\n|\n|t:|1698529836\n|-terastallize|p2a: Snek|Water\n|move|p1a: Flutter Mane|Moonblast|p2a: Snek\n|-damage|p2a: Snek|60\/100\n|move|p2a: Snek|Thousand Arrows|p1a: Flutter Mane\n|-enditem|p1a: Flutter Mane|Focus Sash\n|-damage|p1a: Flutter Mane|1\/100\n|\n|-heal|p2a: Snek|66\/100|[from] item: Leftovers\n|upkeep\n|turn|5\n|\n|t:|1698529851\n|move|p1a: Flutter Mane|Thunder Wave|p2a: Snek\n|-status|p2a: Snek|par\n|move|p2a: Snek|Thousand Arrows|p1a: Flutter Mane\n|-damage|p1a: Flutter Mane|0 fnt\n|faint|p1a: Flutter Mane\n|-end|p1a: Flutter Mane|Protosynthesis|[silent]\n|\n|-heal|p2a: Snek|73\/100 par|[from] item: Leftovers\n|upkeep\n|\n|t:|1698529863\n|switch|p1a: Yveltal|Yveltal|100\/100\n|-ability|p1a: Yveltal|Dark Aura\n|turn|6\n|\n|t:|1698529869\n|-terastallize|p1a: Yveltal|Dark\n|move|p1a: Yveltal|Dark Pulse|p2a: Snek\n|-damage|p2a: Snek|0 fnt\n|faint|p2a: Snek\n|\n|upkeep\n|\n|t:|1698529875\n|switch|p2a: Butt plug|Melmetal|100\/100\n|turn|7\n|\n|t:|1698529883\n|move|p1a: Yveltal|Dark Pulse|p2a: Butt plug\n|-damage|p2a: Butt plug|12\/100\n|cant|p2a: Butt plug|flinch\n|\n|upkeep\n|turn|8\n|c|\u2606MrBest2023|oof\n|\n|t:|1698529890\n|move|p1a: Yveltal|Dark Pulse|p2a: Butt plug\n|-damage|p2a: Butt plug|0 fnt\n|faint|p2a: Butt plug\n|\n|upkeep\n|\n|t:|1698529896\n|switch|p2a: DA MOON|Lunala|100\/100\n|turn|9\n|\n|t:|1698529901\n|move|p1a: Yveltal|Dark Pulse|p2a: DA MOON\n|-supereffective|p2a: DA MOON\n|-damage|p2a: DA MOON|0 fnt\n|faint|p2a: DA MOON\n|\n|upkeep\n|\n|t:|1698529907\n|switch|p2a: DONDOZO KILLER|Arceus|100\/100\n|turn|10\n|\n|t:|1698529911\n|move|p1a: Yveltal|Dark Pulse|p2a: DONDOZO KILLER\n|-damage|p2a: DONDOZO KILLER|50\/100\n|move|p2a: DONDOZO KILLER|Cosmic Power|p2a: DONDOZO KILLER\n|-boost|p2a: DONDOZO KILLER|def|1\n|-boost|p2a: DONDOZO KILLER|spd|1\n|\n|-heal|p2a: DONDOZO KILLER|56\/100|[from] item: Leftovers\n|upkeep\n|turn|11\n|\n|t:|1698529921\n|move|p1a: Yveltal|Dark Pulse|p2a: DONDOZO KILLER\n|-damage|p2a: DONDOZO KILLER|22\/100\n|move|p2a: DONDOZO KILLER|Cosmic Power|p2a: DONDOZO KILLER\n|-boost|p2a: DONDOZO KILLER|def|1\n|-boost|p2a: DONDOZO KILLER|spd|1\n|\n|-heal|p2a: DONDOZO KILLER|28\/100|[from] item: Leftovers\n|upkeep\n|turn|12\n|\n|t:|1698529931\n|move|p1a: Yveltal|Dark Pulse|p2a: DONDOZO KILLER\n|-damage|p2a: DONDOZO KILLER|0 fnt\n|faint|p2a: DONDOZO KILLER\n|\n|upkeep\n|\n|t:|1698529935\n|switch|p2a: TUB OF LARD|Dondozo, M|100\/100\n|turn|13\n|\n|t:|1698529939\n|move|p1a: Yveltal|Dark Pulse|p2a: TUB OF LARD\n|-damage|p2a: TUB OF LARD|25\/100\n|move|p2a: TUB OF LARD|Liquidation|p1a: Yveltal\n|-damage|p1a: Yveltal|64\/100\n|\n|-heal|p2a: TUB OF LARD|32\/100|[from] item: Leftovers\n|upkeep\n|turn|14\n|\n|t:|1698529949\n|move|p1a: Yveltal|Dark Pulse|p2a: TUB OF LARD\n|-damage|p2a: TUB OF LARD|0 fnt\n|faint|p2a: TUB OF LARD\n|\n|upkeep\n|\n|t:|1698529953\n|switch|p2a: Rainbow|Ho-Oh|100\/100\n|turn|15\n|\n|t:|1698529957\n|move|p1a: Yveltal|Dark Pulse|p2a: Rainbow\n|-damage|p2a: Rainbow|54\/100\n|move|p2a: Rainbow|Sacred Fire|p1a: Yveltal\n|-damage|p1a: Yveltal|21\/100\n|\n|upkeep\n|turn|16\n|\n|t:|1698529964\n|move|p1a: Yveltal|Dark Pulse|p2a: Rainbow\n|-damage|p2a: Rainbow|9\/100\n|cant|p2a: Rainbow|flinch\n|\n|upkeep\n|turn|17\n|\n|t:|1698529977\n|move|p1a: Yveltal|Dark Pulse|p2a: Rainbow\n|-damage|p2a: Rainbow|0 fnt\n|faint|p2a: Rainbow\n|\n|win|Angel Karma\n|raw|Angel Karma's rating: 1394 &rarr; <strong>1407<\/strong><br \/>(+13 for winning)\n|raw|MrBest2023's rating: 1269 &rarr; <strong>1253<\/strong><br \/>(-16 for losing)\n|c|\u2606MrBest2023|oof\n|l|\u2606MrBest2023\n","uploadtime":1698529984,"views":12,"p1id":"angelkarma","p2id":"mrbest2023","formatid":"gen9nationaldexubers","rating":1253,"private":0,"password":""}