{"id":"gen9nationaldexubers-1978595300","p1":"st.john52","p2":"insanejokester","format":"[Gen 9] National Dex Ubers","log":"|j|\u2606st.john52\n|j|\u2606insanejokester\n|t:|1698562936\n|gametype|singles\n|player|p1|st.john52|clay|1100\n|player|p2|insanejokester|flannery|1127\n|teamsize|p1|6\n|teamsize|p2|6\n|gen|9\n|tier|[Gen 9] National Dex Ubers\n|rated|\n|rule|HP Percentage Mod: HP is shown in percentages\n|rule|Endless Battle Clause: Forcing endless battles is banned\n|rule|OHKO Clause: OHKO moves are banned\n|rule|Evasion Moves Clause: Evasion moves are banned\n|rule|Evasion Items Clause: Evasion items are banned\n|rule|Species Clause: Limit one of each Pok\u00e9mon\n|rule|Sleep Clause Mod: Limit one foe put to sleep\n|rule|Mega Rayquaza Clause: You cannot mega evolve Rayquaza\n|clearpoke\n|poke|p1|Galvantula, M|\n|poke|p1|Roserade, M|\n|poke|p1|Carracosta, M|\n|poke|p1|Heracross, M|\n|poke|p1|Blacephalon|\n|poke|p1|Ambipom, M|\n|poke|p2|Dragapult, F|\n|poke|p2|Blastoise, M|\n|poke|p2|Magearna|\n|poke|p2|Slowking-Galar, F|\n|poke|p2|Infernape, F|\n|poke|p2|Shaymin-Sky|\n|teampreview\n|inactive|Battle timer is ON: inactive players will automatically lose when time's up. (requested by st.john52)\n|\n|t:|1698562945\n|start\n|switch|p1a: Galvantula|Galvantula, M, shiny|100\/100\n|switch|p2a: Dragapult|Dragapult, F|100\/100\n|turn|1\n|\n|t:|1698562959\n|move|p2a: Dragapult|Dragon Darts|p1a: Galvantula\n|-damage|p1a: Galvantula|51\/100\n|-anim|p2a: Dragapult|Dragon Darts|p1a: Galvantula\n|-damage|p1a: Galvantula|8\/100\n|move|p1a: Galvantula|Sticky Web|p2a: Dragapult\n|-sidestart|p2: insanejokester|move: Sticky Web\n|\n|upkeep\n|turn|2\n|\n|t:|1698562968\n|move|p2a: Dragapult|Dragon Darts|p1a: Galvantula\n|-damage|p1a: Galvantula|0 fnt\n|faint|p1a: Galvantula\n|\n|upkeep\n|\n|t:|1698562984\n|switch|p1a: Roserade|Roserade, M, shiny|100\/100\n|turn|3\n|\n|t:|1698562995\n|move|p2a: Dragapult|Dragon Darts|p1a: Roserade\n|-damage|p1a: Roserade|53\/100\n|-anim|p2a: Dragapult|Dragon Darts|p1a: Roserade\n|-damage|p1a: Roserade|10\/100\n|move|p1a: Roserade|Shadow Ball|p2a: Dragapult\n|-supereffective|p2a: Dragapult\n|-damage|p2a: Dragapult|21\/100\n|-start|p1a: Roserade|Disable|Shadow Ball|[from] ability: Cursed Body|[of] p2a: Dragapult\n|\n|-heal|p1a: Roserade|16\/100|[from] item: Black Sludge\n|upkeep\n|turn|4\n|\n|t:|1698563009\n|move|p2a: Dragapult|Dragon Darts|p1a: Roserade\n|-damage|p1a: Roserade|0 fnt\n|faint|p1a: Roserade\n|\n|upkeep\n|\n|t:|1698563015\n|switch|p1a: Ambipom|Ambipom, M, shiny|100\/100\n|turn|5\n|\n|t:|1698563022\n|move|p2a: Dragapult|Dragon Darts|p1a: Ambipom\n|-damage|p1a: Ambipom|57\/100\n|-anim|p2a: Dragapult|Dragon Darts|p1a: Ambipom\n|-damage|p1a: Ambipom|15\/100\n|move|p1a: Ambipom|Ice Punch|p2a: Dragapult\n|-supereffective|p2a: Dragapult\n|-damage|p2a: Dragapult|0 fnt\n|faint|p2a: Dragapult\n|\n|upkeep\n|\n|t:|1698563040\n|switch|p2a: Infernape|Infernape, F|100\/100\n|-activate|p2a: Infernape|move: Sticky Web\n|-unboost|p2a: Infernape|spe|1\n|turn|6\n|\n|t:|1698563047\n|switch|p1a: Blacephalon|Blacephalon, shiny|100\/100\n|move|p2a: Infernape|Fake Out|p1a: Blacephalon\n|-immune|p1a: Blacephalon\n|\n|upkeep\n|turn|7\n|\n|t:|1698563060\n|switch|p2a: Slowking|Slowking-Galar, F|100\/100\n|-activate|p2a: Slowking|move: Sticky Web\n|-unboost|p2a: Slowking|spe|1\n|move|p1a: Blacephalon|Calm Mind|p1a: Blacephalon\n|-boost|p1a: Blacephalon|spa|1\n|-boost|p1a: Blacephalon|spd|1\n|\n|upkeep\n|turn|8\n|\n|t:|1698563074\n|move|p1a: Blacephalon|Dark Pulse|p2a: Slowking\n|-supereffective|p2a: Slowking\n|-damage|p2a: Slowking|12\/100\n|move|p2a: Slowking|Psychic|p1a: Blacephalon\n|-damage|p1a: Blacephalon|50\/100\n|-unboost|p1a: Blacephalon|spd|1\n|\n|-heal|p1a: Blacephalon|56\/100|[from] item: Leftovers\n|-heal|p2a: Slowking|18\/100|[from] item: Black Sludge\n|upkeep\n|turn|9\n|\n|t:|1698563084\n|move|p1a: Blacephalon|Dark Pulse|p2a: Slowking\n|-supereffective|p2a: Slowking\n|-damage|p2a: Slowking|0 fnt\n|faint|p2a: Slowking\n|-ability|p1a: Blacephalon|Beast Boost|boost\n|-boost|p1a: Blacephalon|spa|1\n|\n|-heal|p1a: Blacephalon|62\/100|[from] item: Leftovers\n|upkeep\n|\n|t:|1698563096\n|switch|p2a: Shaymin|Shaymin-Sky|100\/100\n|turn|10\n|\n|t:|1698563104\n|move|p2a: Shaymin|Earth Power|p1a: Blacephalon\n|-supereffective|p1a: Blacephalon\n|-crit|p1a: Blacephalon\n|-damage|p1a: Blacephalon|0 fnt\n|faint|p1a: Blacephalon\n|-damage|p2a: Shaymin|91\/100|[from] item: Life Orb\n|\n|upkeep\n|\n|t:|1698563110\n|switch|p1a: Ambipom|Ambipom, M, shiny|15\/100\n|turn|11\n|\n|t:|1698563122\n|move|p1a: Ambipom|Fake Out|p2a: Shaymin\n|-damage|p2a: Shaymin|59\/100\n|cant|p2a: Shaymin|flinch\n|\n|upkeep\n|turn|12\n|\n|t:|1698563128\n|move|p2a: Shaymin|Dazzling Gleam|p1a: Ambipom\n|-damage|p1a: Ambipom|0 fnt\n|faint|p1a: Ambipom\n|-damage|p2a: Shaymin|49\/100|[from] item: Life Orb\n|\n|upkeep\n|\n|t:|1698563130\n|switch|p1a: Carracosta|Carracosta, M, shiny|100\/100\n|turn|13\n|\n|t:|1698563137\n|move|p2a: Shaymin|Air Slash|p1a: Carracosta\n|-resisted|p1a: Carracosta\n|-crit|p1a: Carracosta\n|-damage|p1a: Carracosta|43\/100\n|-damage|p2a: Shaymin|39\/100|[from] item: Life Orb\n|cant|p1a: Carracosta|flinch\n|\n|upkeep\n|turn|14\n|\n|t:|1698563145\n|move|p1a: Carracosta|Aqua Jet|p2a: Shaymin\n|-resisted|p2a: Shaymin\n|-damage|p2a: Shaymin|27\/100\n|move|p2a: Shaymin|Air Slash|p1a: Carracosta|[miss]\n|-miss|p2a: Shaymin|p1a: Carracosta\n|\n|upkeep\n|turn|15\n|\n|t:|1698563152\n|move|p2a: Shaymin|Air Slash|p1a: Carracosta\n|-resisted|p1a: Carracosta\n|-damage|p1a: Carracosta|1\/100\n|-damage|p2a: Shaymin|17\/100|[from] item: Life Orb\n|move|p1a: Carracosta|Rock Slide|p2a: Shaymin\n|-supereffective|p2a: Shaymin\n|-damage|p2a: Shaymin|0 fnt\n|faint|p2a: Shaymin\n|\n|upkeep\n|\n|t:|1698563166\n|switch|p2a: Infernape|Infernape, F|100\/100\n|-activate|p2a: Infernape|move: Sticky Web\n|-unboost|p2a: Infernape|spe|1\n|turn|16\n|\n|t:|1698563173\n|move|p2a: Infernape|Fake Out|p1a: Carracosta\n|-resisted|p1a: Carracosta\n|-damage|p1a: Carracosta|0 fnt\n|-damage|p2a: Infernape|84\/100|[from] item: Rocky Helmet|[of] p1a: Carracosta\n|faint|p1a: Carracosta\n|-damage|p2a: Infernape|74\/100|[from] item: Life Orb\n|\n|upkeep\n|\n|t:|1698563176\n|switch|p1a: Heracross|Heracross, M, shiny|100\/100\n|turn|17\n|\n|t:|1698563190\n|-terastallize|p1a: Heracross|Fighting\n|move|p1a: Heracross|Close Combat|p2a: Infernape\n|-damage|p2a: Infernape|0 fnt\n|-unboost|p1a: Heracross|def|1\n|-unboost|p1a: Heracross|spd|1\n|faint|p2a: Infernape\n|-ability|p1a: Heracross|Moxie|boost\n|-boost|p1a: Heracross|atk|1\n|\n|upkeep\n|\n|t:|1698563209\n|switch|p2a: Magearna|Magearna|100\/100\n|-activate|p2a: Magearna|move: Sticky Web\n|-unboost|p2a: Magearna|spe|1\n|turn|18\n|\n|t:|1698563219\n|move|p1a: Heracross|Close Combat|p2a: Magearna\n|-damage|p2a: Magearna|0 fnt\n|-unboost|p1a: Heracross|def|1\n|-unboost|p1a: Heracross|spd|1\n|faint|p2a: Magearna\n|-ability|p1a: Heracross|Moxie|boost\n|-boost|p1a: Heracross|atk|1\n|\n|upkeep\n|inactive|insanejokester has 120 seconds left.\n|\n|t:|1698563245\n|switch|p2a: Blastoise|Blastoise, M|100\/100\n|-activate|p2a: Blastoise|move: Sticky Web\n|-unboost|p2a: Blastoise|spe|1\n|turn|19\n|\n|t:|1698563254\n|detailschange|p2a: Blastoise|Blastoise-Mega, M\n|-mega|p2a: Blastoise|Blastoise|Blastoisinite\n|move|p1a: Heracross|Close Combat|p2a: Blastoise\n|-damage|p2a: Blastoise|0 fnt\n|-unboost|p1a: Heracross|def|1\n|-unboost|p1a: Heracross|spd|1\n|faint|p2a: Blastoise\n|\n|win|st.john52\n|raw|st.john52's rating: 1100 &rarr; <strong>1127<\/strong><br \/>(+27 for winning)\n|raw|insanejokester's rating: 1127 &rarr; <strong>1100<\/strong><br \/>(-27 for losing)\n|l|\u2606insanejokester\n","uploadtime":1698563266,"views":11,"p1id":"stjohn52","p2id":"insanejokester","formatid":"gen9nationaldexubers","rating":1100,"private":0,"password":""}