{"id":"gen9nationaldexubers-1992838619","p1":"aquiles meo","p2":"Mk120","format":"[Gen 9] National Dex Ubers","log":"|j|\u2606aquiles meo\n|j|\u2606Mk120\n|t:|1700239833\n|gametype|singles\n|player|p1|aquiles meo|ethan|1190\n|player|p2|Mk120|youngster-gen4dp|1291\n|teamsize|p1|6\n|teamsize|p2|6\n|gen|9\n|tier|[Gen 9] National Dex Ubers\n|rated|\n|rule|HP Percentage Mod: HP is shown in percentages\n|rule|Endless Battle Clause: Forcing endless battles is banned\n|rule|OHKO Clause: OHKO moves are banned\n|rule|Evasion Moves Clause: Evasion moves are banned\n|rule|Evasion Items Clause: Evasion items are banned\n|rule|Species Clause: Limit one of each Pok\u00e9mon\n|rule|Sleep Clause Mod: Limit one foe put to sleep\n|rule|Mega Rayquaza Clause: You cannot mega evolve Rayquaza\n|clearpoke\n|poke|p1|Jirachi|\n|poke|p1|Ho-Oh|\n|poke|p1|Rayquaza|\n|poke|p1|Pidgeot, M|\n|poke|p1|Lucario, M|\n|poke|p1|Luxray, M|\n|poke|p2|Giratina-Origin|\n|poke|p2|Lunala|\n|poke|p2|Necrozma-Dawn-Wings|\n|poke|p2|Marshadow|\n|poke|p2|Blacephalon|\n|poke|p2|Arceus-Ghost|\n|teampreview\n|\n|t:|1700239842\n|start\n|switch|p1a: Rayquaza|Rayquaza|100\/100\n|switch|p2a: Necrozma|Necrozma-Dawn-Wings, shiny|100\/100\n|-ability|p1a: Rayquaza|Air Lock\n|turn|1\n|inactive|Battle timer is ON: inactive players will automatically lose when time's up. (requested by aquiles meo)\n|c|\u2606aquiles meo|weak necrozma dawn wings\n|c|\u2606aquiles meo|Oh woops\n|c|\u2606aquiles meo|damnit\n|c|\u2606aquiles meo|!weak necrozma dawn wings\n|c| aquiles meo|\/raw <div class=\"infobox\">Necrozma-Dawn-Wings (ignoring abilities):<br \/><span class=\"message-effect-weak\">Weaknesses<\/span>: <b>Dark<\/b>, <b>Ghost<\/b><br \/><span class=\"message-effect-resist\">Resistances<\/span>: Poison, Psychic<br \/><span class=\"message-effect-immune\">Immunities<\/span>: Fighting, Normal, Trapping<\/div>\n|c|\u2606aquiles meo|Okay\n|\n|t:|1700239889\n|switch|p1a: Jirachi|Jirachi|100\/100\n|detailschange|p2a: Necrozma|Necrozma-Ultra, shiny\n|-burst|p2a: Necrozma|Necrozma|Ultranecrozium Z\n|move|p2a: Necrozma|Calm Mind|p2a: Necrozma\n|-boost|p2a: Necrozma|spa|1\n|-boost|p2a: Necrozma|spd|1\n|\n|upkeep\n|turn|2\n|\n|t:|1700239905\n|move|p2a: Necrozma|Moongeist Beam|p1a: Jirachi\n|-supereffective|p1a: Jirachi\n|-damage|p1a: Jirachi|0 fnt\n|faint|p1a: Jirachi\n|\n|upkeep\n|\n|t:|1700239922\n|switch|p1a: Rayquaza|Rayquaza|100\/100\n|-ability|p1a: Rayquaza|Air Lock\n|turn|3\n|\n|t:|1700239944\n|-terastallize|p1a: Rayquaza|Flying\n|move|p2a: Necrozma|Moongeist Beam|p1a: Rayquaza\n|-damage|p1a: Rayquaza|28\/100\n|move|p1a: Rayquaza|Dragon Pulse|p2a: Necrozma\n|-supereffective|p2a: Necrozma\n|-damage|p2a: Necrozma|34\/100\n|\n|-heal|p1a: Rayquaza|34\/100|[from] item: Leftovers\n|upkeep\n|turn|4\n|\n|t:|1700239954\n|move|p1a: Rayquaza|Extreme Speed|p2a: Necrozma\n|-damage|p2a: Necrozma|4\/100\n|move|p2a: Necrozma|Expanding Force|p1a: Rayquaza\n|-damage|p1a: Rayquaza|0 fnt\n|faint|p1a: Rayquaza\n|\n|upkeep\n|\n|t:|1700239959\n|switch|p1a: Lucario|Lucario, M, shiny|100\/100\n|turn|5\n|\n|t:|1700239964\n|detailschange|p1a: Lucario|Lucario-Mega, M, shiny\n|-mega|p1a: Lucario|Lucario|Lucarionite\n|move|p1a: Lucario|Bullet Punch|p2a: Necrozma\n|-damage|p2a: Necrozma|0 fnt\n|faint|p2a: Necrozma\n|\n|upkeep\n|\n|t:|1700239970\n|switch|p2a: Marshadow|Marshadow|100\/100\n|turn|6\n|\n|t:|1700239983\n|switch|p1a: Pidgeot|Pidgeot, M|100\/100\n|move|p2a: Marshadow|Close Combat|p1a: Pidgeot\n|-damage|p1a: Pidgeot|0 fnt\n|-unboost|p2a: Marshadow|def|1\n|-unboost|p2a: Marshadow|spd|1\n|faint|p1a: Pidgeot\n|-damage|p2a: Marshadow|91\/100|[from] item: Life Orb\n|\n|upkeep\n|\n|t:|1700239997\n|switch|p1a: Ho-Oh|Ho-Oh|100\/100\n|turn|7\n|\n|t:|1700240003\n|move|p2a: Marshadow|Knock Off|p1a: Ho-Oh\n|-damage|p1a: Ho-Oh|60\/100\n|-enditem|p1a: Ho-Oh|Heavy-Duty Boots|[from] move: Knock Off|[of] p2a: Marshadow\n|-damage|p2a: Marshadow|81\/100|[from] item: Life Orb\n|move|p1a: Ho-Oh|Burn Up|p2a: Marshadow\n|-damage|p2a: Marshadow|0 fnt\n|-start|p1a: Ho-Oh|typechange|???\/Flying|[from] move: Burn Up\n|faint|p2a: Marshadow\n|\n|upkeep\n|\n|t:|1700240014\n|switch|p2a: Giratina|Giratina-Origin|100\/100\n|turn|8\n|inactive|aquiles meo has 120 seconds left.\n|\n|t:|1700240049\n|switch|p1a: Luxray|Luxray, M, shiny|100\/100\n|move|p2a: Giratina|Shadow Ball|p1a: Luxray\n|-crit|p1a: Luxray\n|-damage|p1a: Luxray|0 fnt\n|faint|p1a: Luxray\n|\n|upkeep\n|inactive|aquiles meo has 120 seconds left.\n|\n|t:|1700240063\n|switch|p1a: Ho-Oh|Ho-Oh|93\/100\n|turn|9\n|inactive|aquiles meo has 120 seconds left.\n|inactiveoff|Battle timer is now OFF.\n|\n|t:|1700240082\n|move|p1a: Ho-Oh|Burn Up|p2a: Giratina\n|-resisted|p2a: Giratina\n|-damage|p2a: Giratina|82\/100\n|-start|p1a: Ho-Oh|typechange|???\/Flying|[from] move: Burn Up\n|move|p2a: Giratina|Shadow Ball|p1a: Ho-Oh\n|-damage|p1a: Ho-Oh|60\/100\n|\n|upkeep\n|turn|10\n|c|\u2606Mk120|nuh uh\n|inactive|Battle timer is ON: inactive players will automatically lose when time's up. (requested by Mk120)\n|c|\u2606aquiles meo|go for it\n|\n|t:|1700240096\n|switch|p1a: Lucario|Lucario-Mega, M, shiny|100\/100\n|move|p2a: Giratina|Draco Meteor|p1a: Lucario\n|-resisted|p1a: Lucario\n|-damage|p1a: Lucario|32\/100\n|-unboost|p2a: Giratina|spa|2\n|\n|upkeep\n|turn|11\n|c|\u2606aquiles meo|I mean Im dead either way\n|inactive|aquiles meo has 120 seconds left.\n|\n|t:|1700240119\n|switch|p1a: Ho-Oh|Ho-Oh|93\/100\n|move|p2a: Giratina|Aura Sphere|p1a: Ho-Oh\n|-resisted|p1a: Ho-Oh\n|-damage|p1a: Ho-Oh|88\/100\n|\n|upkeep\n|turn|12\n|inactive|aquiles meo has 120 seconds left.\n|\n|t:|1700240133\n|move|p1a: Ho-Oh|Ancient Power|p2a: Giratina\n|-damage|p2a: Giratina|69\/100\n|move|p2a: Giratina|Shadow Ball|p1a: Ho-Oh\n|-damage|p1a: Ho-Oh|72\/100\n|-unboost|p1a: Ho-Oh|spd|1\n|\n|upkeep\n|turn|13\n|inactive|aquiles meo has 120 seconds left.\n|\n|t:|1700240143\n|switch|p2a: Arceus|Arceus-Ghost|100\/100\n|move|p1a: Ho-Oh|Ancient Power|p2a: Arceus\n|-damage|p2a: Arceus|85\/100\n|\n|upkeep\n|turn|14\n|inactive|aquiles meo has 120 seconds left.\n|\n|t:|1700240154\n|-zpower|p2a: Arceus\n|move|p2a: Arceus|Never-Ending Nightmare|p1a: Ho-Oh|[zeffect]\n|-damage|p1a: Ho-Oh|0 fnt\n|faint|p1a: Ho-Oh\n|\n|upkeep\n|inactive|aquiles meo has 120 seconds left.\n|\n|t:|1700240160\n|switch|p1a: Lucario|Lucario-Mega, M, shiny|32\/100\n|turn|15\n|inactive|aquiles meo has 120 seconds left.\n|\n|t:|1700240171\n|move|p1a: Lucario|Bullet Punch|p2a: Arceus\n|-damage|p2a: Arceus|63\/100\n|move|p2a: Arceus|Shadow Force||[still]\n|-prepare|p2a: Arceus|Shadow Force\n|\n|upkeep\n|turn|16\n|c|\u2606Mk120|hehehehehe\n|inactive|aquiles meo has 120 seconds left.\n|c|\u2606aquiles meo|gg wp\n|\n|t:|1700240185\n|move|p2a: Arceus|Shadow Force|p1a: Lucario|[from]lockedmove\n|-damage|p1a: Lucario|0 fnt\n|faint|p1a: Lucario\n|\n|win|Mk120\n|raw|aquiles meo's rating: 1190 &rarr; <strong>1172<\/strong><br \/>(-18 for losing)\n|raw|Mk120's rating: 1291 &rarr; <strong>1309<\/strong><br \/>(+18 for winning)\n|c|\u2606Mk120|gg\n|c|\u2606aquiles meo|damn good rating\n|l|\u2606Mk120\n","uploadtime":1700240715,"views":8,"p1id":"aquilesmeo","p2id":"mk120","formatid":"gen9nationaldexubers","rating":1172,"private":0,"password":""}