{"id":"gen9nationaldexubers-1996525584","p1":"Alucs","p2":"Omey","format":"[Gen 9] National Dex Ubers","log":"|j|\u2606Alucs\n|j|\u2606Omey\n|t:|1700690637\n|gametype|singles\n|player|p1|Alucs|zossie|\n|player|p2|Omey|galacticgrunt|\n|teamsize|p1|4\n|teamsize|p2|4\n|gen|9\n|tier|[Gen 9] National Dex Ubers\n|rule|HP Percentage Mod: HP is shown in percentages\n|rule|Endless Battle Clause: Forcing endless battles is banned\n|rule|OHKO Clause: OHKO moves are banned\n|rule|Evasion Moves Clause: Evasion moves are banned\n|rule|Evasion Items Clause: Evasion items are banned\n|rule|Species Clause: Limit one of each Pok\u00e9mon\n|rule|Sleep Clause Mod: Limit one foe put to sleep\n|rule|Mega Rayquaza Clause: You cannot mega evolve Rayquaza\n|clearpoke\n|poke|p1|Steelix, M|\n|poke|p1|Greninja-*, M|\n|poke|p1|Rampardos, M|\n|poke|p1|Alakazam, F|\n|poke|p2|Victini|\n|poke|p2|Noctowl, M|\n|poke|p2|Hoopa-Unbound|\n|poke|p2|Samurott, M|\n|teampreview\n|inactive|Battle timer is ON: inactive players will automatically lose when time's up. (requested by Alucs)\n|inactive|Alucs has 270 seconds left.\n|inactive|Omey has 270 seconds left.\n|inactiveoff|Battle timer is now OFF.\n|\n|t:|1700690676\n|start\n|switch|p1a: What da spoon doin|Alakazam, F, shiny|100\/100\n|switch|p2a: Bad even in ZU|Noctowl, M|100\/100\n|turn|1\n|\n|t:|1700690683\n|move|p1a: What da spoon doin|Zen Headbutt|p2a: Bad even in ZU\n|-damage|p2a: Bad even in ZU|42\/100\n|move|p2a: Bad even in ZU|Hypnosis|p1a: What da spoon doin\n|-status|p1a: What da spoon doin|slp|[from] move: Hypnosis\n|\n|upkeep\n|turn|2\n|\n|t:|1700690691\n|cant|p1a: What da spoon doin|slp\n|move|p2a: Bad even in ZU|Roost|p2a: Bad even in ZU\n|-heal|p2a: Bad even in ZU|92\/100\n|-singleturn|p2a: Bad even in ZU|move: Roost\n|\n|upkeep\n|turn|3\n|\n|t:|1700690696\n|-curestatus|p1a: What da spoon doin|slp|[msg]\n|move|p1a: What da spoon doin|Zen Headbutt|p2a: Bad even in ZU\n|-damage|p2a: Bad even in ZU|37\/100\n|move|p2a: Bad even in ZU|Hurricane|p1a: What da spoon doin|[miss]\n|-miss|p2a: Bad even in ZU|p1a: What da spoon doin\n|-enditem|p2a: Bad even in ZU|Blunder Policy\n|-boost|p2a: Bad even in ZU|spe|2\n|\n|upkeep\n|turn|4\n|c|\u2606Alucs|oh no\n|c|\u2606Omey|SPEED\n|\n|t:|1700690709\n|move|p2a: Bad even in ZU|Hypnosis|p1a: What da spoon doin\n|-status|p1a: What da spoon doin|slp|[from] move: Hypnosis\n|cant|p1a: What da spoon doin|slp\n|\n|upkeep\n|turn|5\n|\n|t:|1700690711\n|move|p2a: Bad even in ZU|Roost|p2a: Bad even in ZU\n|-heal|p2a: Bad even in ZU|87\/100\n|-singleturn|p2a: Bad even in ZU|move: Roost\n|cant|p1a: What da spoon doin|slp\n|\n|upkeep\n|turn|6\n|\n|t:|1700690723\n|move|p2a: Bad even in ZU|Nasty Plot|p2a: Bad even in ZU\n|-boost|p2a: Bad even in ZU|spa|2\n|-curestatus|p1a: What da spoon doin|slp|[msg]\n|move|p1a: What da spoon doin|Substitute|p1a: What da spoon doin\n|-start|p1a: What da spoon doin|Substitute\n|-damage|p1a: What da spoon doin|76\/100\n|\n|upkeep\n|turn|7\n|\n|t:|1700690728\n|-singleturn|p1a: What da spoon doin|move: Focus Punch\n|move|p2a: Bad even in ZU|Hurricane|p1a: What da spoon doin\n|-end|p1a: What da spoon doin|Substitute\n|move|p1a: What da spoon doin|Focus Punch|p2a: Bad even in ZU\n|-damage|p2a: Bad even in ZU|14\/100\n|\n|upkeep\n|turn|8\n|\n|t:|1700690736\n|move|p2a: Bad even in ZU|Hurricane|p1a: What da spoon doin\n|-damage|p1a: What da spoon doin|0 fnt\n|faint|p1a: What da spoon doin\n|\n|upkeep\n|\n|t:|1700690741\n|switch|p1a: Rockenheimer|Rampardos, M, shiny|100\/100\n|-ability|p1a: Rockenheimer|Mold Breaker\n|turn|9\n|c|\u2606Omey|my boi noctowl\n|\n|t:|1700690750\n|move|p2a: Bad even in ZU|Hypnosis|p1a: Rockenheimer|[miss]\n|-miss|p2a: Bad even in ZU|p1a: Rockenheimer\n|move|p1a: Rockenheimer|Head Smash|p2a: Bad even in ZU\n|-supereffective|p2a: Bad even in ZU\n|-damage|p2a: Bad even in ZU|0 fnt\n|faint|p2a: Bad even in ZU\n|-damage|p1a: Rockenheimer|94\/100|[from] Recoil\n|\n|upkeep\n|c|\u2606Alucs|the goat\n|c|\u2606Alucs|never forgotten\n|\n|t:|1700690766\n|switch|p2a: Monopoly|Samurott, M|100\/100\n|turn|10\n|\n|t:|1700690772\n|switch|p1a: Severus Snape|Steelix, M, shiny|100\/100\n|move|p2a: Monopoly|Liquidation|p1a: Severus Snape\n|-supereffective|p1a: Severus Snape\n|-damage|p1a: Severus Snape|61\/100\n|-unboost|p1a: Severus Snape|def|1\n|\n|upkeep\n|turn|11\n|\n|t:|1700690790\n|detailschange|p1a: Severus Snape|Steelix-Mega, M, shiny\n|-mega|p1a: Severus Snape|Steelix|Steelixite\n|move|p2a: Monopoly|Liquidation|p1a: Severus Snape\n|-supereffective|p1a: Severus Snape\n|-damage|p1a: Severus Snape|7\/100\n|move|p1a: Severus Snape|Earthquake|p2a: Monopoly\n|-damage|p2a: Monopoly|39\/100\n|\n|upkeep\n|turn|12\n|c|\u2606Omey|o its mega\n|c|\u2606Alucs|yep\n|\n|t:|1700690820\n|move|p2a: Monopoly|Liquidation|p1a: Severus Snape\n|-supereffective|p1a: Severus Snape\n|-damage|p1a: Severus Snape|0 fnt\n|faint|p1a: Severus Snape\n|\n|upkeep\n|\n|t:|1700690823\n|switch|p1a: Mizu no Kokyu|Greninja, M|100\/100\n|turn|13\n|\n|t:|1700690838\n|move|p1a: Mizu no Kokyu|Power-Up Punch|p2a: Monopoly\n|-start|p1a: Mizu no Kokyu|typechange|Fighting|[from] ability: Protean\n|-damage|p2a: Monopoly|9\/100\n|-boost|p1a: Mizu no Kokyu|atk|1\n|-damage|p1a: Mizu no Kokyu|91\/100|[from] item: Life Orb\n|move|p2a: Monopoly|Liquidation|p1a: Mizu no Kokyu\n|-damage|p1a: Mizu no Kokyu|19\/100\n|\n|upkeep\n|turn|14\n|c|\u2606Alucs|that's a lotta damage\n|\n|t:|1700690854\n|move|p1a: Mizu no Kokyu|Power-Up Punch|p2a: Monopoly\n|-damage|p2a: Monopoly|0 fnt\n|-boost|p1a: Mizu no Kokyu|atk|1\n|faint|p2a: Monopoly\n|-damage|p1a: Mizu no Kokyu|9\/100|[from] item: Life Orb\n|\n|upkeep\n|\n|t:|1700690879\n|switch|p2a: Who?|Hoopa-Unbound|100\/100\n|turn|15\n|\n|t:|1700690890\n|move|p1a: Mizu no Kokyu|Low Kick|p2a: Who?\n|-damage|p2a: Who?|0 fnt\n|faint|p2a: Who?\n|-damage|p1a: Mizu no Kokyu|0 fnt|[from] item: Life Orb\n|faint|p1a: Mizu no Kokyu\n|\n|upkeep\n|\n|t:|1700690894\n|switch|p1a: Rockenheimer|Rampardos, M, shiny|94\/100\n|switch|p2a: DontGetCocky|Victini|100\/100\n|-ability|p1a: Rockenheimer|Mold Breaker\n|turn|16\n|c|\u2606Alucs|live\n|c|\u2606Alucs|pls\n|c|\u2606Omey|i eat\n|\n|t:|1700690906\n|move|p2a: DontGetCocky|Swagger|p1a: Rockenheimer\n|-boost|p1a: Rockenheimer|atk|2\n|-start|p1a: Rockenheimer|confusion\n|-activate|p1a: Rockenheimer|confusion\n|move|p1a: Rockenheimer|Head Smash|p2a: DontGetCocky\n|-supereffective|p2a: DontGetCocky\n|-damage|p2a: DontGetCocky|0 fnt\n|faint|p2a: DontGetCocky\n|-damage|p1a: Rockenheimer|50\/100|[from] Recoil\n|\n|win|Alucs\n|c|\u2606Alucs|LOL\n|c|\u2606Omey|damn\n|c|\u2606Alucs|+2 252+ Atk Choice Band Mold Breaker Rampardos Head Smash vs. 0 HP \/ 0 Def Victini: 1926-2268 (564.8 - 665.1%) -- guaranteed OHKO\n|c|\u2606Omey|think that was my only out\n|c|\u2606Alucs|YOU ALMOST ATE\n|c|\u2606Alucs|so close\n|c|\u2606Omey|GGs\n|c|\u2606Alucs|gg!\n|c|\u2606Alucs|that gren went so hard for no reason\n|c|\u2606Omey|will you post replays?\n|c|\u2606Omey|yeah it really did\n|c|\u2606Alucs|ye will do\n","uploadtime":1700690932,"views":3,"p1id":"alucs","p2id":"omey","formatid":"gen9nationaldexubers","rating":0,"private":0,"password":""}