{"id":"gen9nationaldexubers-1978648606","p1":"Dreepy Airlines","p2":"Dozkek","format":"[Gen 9] National Dex Ubers","log":"|j|\u2606Dreepy Airlines\n|j|\u2606Dozkek\n|t:|1698574444\n|gametype|singles\n|player|p1|Dreepy Airlines|elesa-masters2|\n|player|p2|Dozkek|adaman|\n|teamsize|p1|6\n|teamsize|p2|6\n|gen|9\n|tier|[Gen 9] National Dex Ubers\n|rule|HP Percentage Mod: HP is shown in percentages\n|rule|Endless Battle Clause: Forcing endless battles is banned\n|rule|OHKO Clause: OHKO moves are banned\n|rule|Evasion Moves Clause: Evasion moves are banned\n|rule|Evasion Items Clause: Evasion items are banned\n|rule|Species Clause: Limit one of each Pok\u00e9mon\n|rule|Sleep Clause Mod: Limit one foe put to sleep\n|rule|Mega Rayquaza Clause: You cannot mega evolve Rayquaza\n|clearpoke\n|poke|p1|Lopunny, F|\n|poke|p1|Ursaluna-Bloodmoon, M|\n|poke|p1|Porygon-Z|\n|poke|p1|Chansey, F|\n|poke|p1|Ditto|\n|poke|p1|Zoroark-Hisui, F|\n|poke|p2|Tapu Koko|\n|poke|p2|Magearna|\n|poke|p2|Iron Valiant|\n|poke|p2|Tapu Bulu|\n|poke|p2|Tapu Lele|\n|poke|p2|Ursaluna, M|\n|teampreview\n|inactive|Battle timer is ON: inactive players will automatically lose when time's up. (requested by Dozkek)\n|inactive|Dozkek has 270 seconds left.\n|\n|t:|1698574479\n|start\n|switch|p1a: Lopunny|Lopunny, F|100\/100\n|switch|p2a: Tapu Koko|Tapu Koko|100\/100\n|-fieldstart|move: Electric Terrain|[from] ability: Electric Surge|[of] p2a: Tapu Koko\n|turn|1\n|c|\u2606Dozkek|Hf\n|\n|t:|1698574492\n|detailschange|p1a: Lopunny|Lopunny-Mega, F\n|-mega|p1a: Lopunny|Lopunny|Lopunnite\n|move|p1a: Lopunny|U-turn|p2a: Tapu Koko\n|-resisted|p2a: Tapu Koko\n|-damage|p2a: Tapu Koko|87\/100\n|c|\u2606Dreepy Airlines|hf\n|inactive|Dreepy Airlines has 270 seconds left.\n|\n|t:|1698574536\n|switch|p1a: Chansey|Chansey, F|100\/100|[from] U-turn\n|move|p2a: Tapu Koko|Reflect|p2a: Tapu Koko\n|-sidestart|p2: Dozkek|Reflect\n|\n|upkeep\n|turn|2\n|\n|t:|1698574543\n|move|p2a: Tapu Koko|U-turn|p1a: Chansey\n|-crit|p1a: Chansey\n|-damage|p1a: Chansey|83\/100\n|\n|t:|1698574550\n|switch|p2a: Magearna|Magearna|100\/100|[from] U-turn\n|move|p1a: Chansey|Stealth Rock|p2a: Magearna\n|-sidestart|p2: Dozkek|move: Stealth Rock\n|\n|upkeep\n|turn|3\n|inactive|Dreepy Airlines has 270 seconds left.\n|\n|t:|1698574562\n|switch|p2a: Ursaluna|Ursaluna, M|100\/100\n|-damage|p2a: Ursaluna|94\/100|[from] Stealth Rock\n|move|p1a: Chansey|Seismic Toss|p2a: Ursaluna\n|-damage|p2a: Ursaluna|71\/100\n|\n|-status|p2a: Ursaluna|brn|[from] item: Flame Orb\n|upkeep\n|turn|4\n|c|\u2606Dozkek|Whyd i go mag fr\n|c|\u2606Dreepy Airlines|interesting stuff\n|inactive|Dreepy Airlines has 270 seconds left.\n|inactive|Dozkek has 270 seconds left.\n|\n|t:|1698574609\n|switch|p1a: Ursaluna|Ursaluna-Bloodmoon, M|100\/100\n|move|p2a: Ursaluna|Facade|p1a: Ursaluna\n|-damage|p1a: Ursaluna|33\/100\n|\n|-heal|p1a: Ursaluna|39\/100|[from] item: Leftovers\n|-damage|p2a: Ursaluna|65\/100 brn|[from] brn\n|upkeep\n|turn|5\n|inactive|Dozkek has 240 seconds left.\n|\n|t:|1698574639\n|switch|p2a: Tapu Bulu|Tapu Bulu|100\/100\n|-damage|p2a: Tapu Bulu|88\/100|[from] Stealth Rock\n|-fieldstart|move: Grassy Terrain|[from] ability: Grassy Surge|[of] p2a: Tapu Bulu\n|move|p1a: Ursaluna|Blood Moon|p2a: Tapu Bulu\n|-damage|p2a: Tapu Bulu|21\/100\n|\n|-heal|p2a: Tapu Bulu|27\/100|[from] Grassy Terrain\n|-heal|p2a: Tapu Bulu|33\/100|[from] item: Leftovers\n|-heal|p1a: Ursaluna|45\/100|[from] Grassy Terrain\n|-heal|p1a: Ursaluna|51\/100|[from] item: Leftovers\n|upkeep\n|turn|6\n|inactive|Dozkek has 240 seconds left.\n|c|\u2606Dreepy Airlines|bonk\n|\n|t:|1698574657\n|move|p2a: Tapu Bulu|Horn Leech|p1a: Ursaluna\n|-supereffective|p1a: Ursaluna\n|-damage|p1a: Ursaluna|4\/100\n|-heal|p2a: Tapu Bulu|64\/100|[from] drain|[of] p1a: Ursaluna\n|move|p1a: Ursaluna|Moonlight|p1a: Ursaluna\n|-heal|p1a: Ursaluna|54\/100\n|\n|-heal|p2a: Tapu Bulu|70\/100|[from] Grassy Terrain\n|-heal|p2a: Tapu Bulu|76\/100|[from] item: Leftovers\n|-heal|p1a: Ursaluna|60\/100|[from] Grassy Terrain\n|-heal|p1a: Ursaluna|66\/100|[from] item: Leftovers\n|upkeep\n|turn|7\n|c|\u2606Dozkek|Bruh\n|inactive|Dozkek has 210 seconds left.\n|\n|t:|1698574701\n|-terastallize|p1a: Ursaluna|Poison\n|move|p2a: Tapu Bulu|Horn Leech|p1a: Ursaluna\n|-resisted|p1a: Ursaluna\n|-damage|p1a: Ursaluna|52\/100\n|-heal|p2a: Tapu Bulu|85\/100|[from] drain|[of] p1a: Ursaluna\n|move|p1a: Ursaluna|Calm Mind|p1a: Ursaluna\n|-boost|p1a: Ursaluna|spa|1\n|-boost|p1a: Ursaluna|spd|1\n|\n|-heal|p2a: Tapu Bulu|91\/100|[from] Grassy Terrain\n|-heal|p2a: Tapu Bulu|98\/100|[from] item: Leftovers\n|-heal|p1a: Ursaluna|58\/100|[from] Grassy Terrain\n|-heal|p1a: Ursaluna|64\/100|[from] item: Leftovers\n|upkeep\n|turn|8\n|\n|t:|1698574731\n|switch|p2a: Tapu Koko|Tapu Koko|87\/100\n|-damage|p2a: Tapu Koko|74\/100|[from] Stealth Rock\n|-fieldstart|move: Electric Terrain|[from] ability: Electric Surge|[of] p2a: Tapu Koko\n|move|p1a: Ursaluna|Blood Moon|p2a: Tapu Koko\n|-damage|p2a: Tapu Koko|0 fnt\n|faint|p2a: Tapu Koko\n|\n|-heal|p1a: Ursaluna|70\/100|[from] item: Leftovers\n|-sideend|p2: Dozkek|Reflect\n|upkeep\n|inactive|Dozkek has 180 seconds left.\n|\n|t:|1698574745\n|switch|p2a: Tapu Lele|Tapu Lele|100\/100\n|-damage|p2a: Tapu Lele|88\/100|[from] Stealth Rock\n|-fieldstart|move: Psychic Terrain|[from] ability: Psychic Surge|[of] p2a: Tapu Lele\n|turn|9\n|\n|t:|1698574753\n|switch|p1a: Chansey|Chansey, F|83\/100\n|move|p2a: Tapu Lele|Psychic|p1a: Chansey\n|-damage|p1a: Chansey|64\/100\n|-unboost|p1a: Chansey|spd|1\n|\n|upkeep\n|turn|10\n|\n|t:|1698574766\n|switch|p2a: Ursaluna|Ursaluna, M|65\/100 brn\n|-damage|p2a: Ursaluna|59\/100 brn|[from] Stealth Rock\n|move|p1a: Chansey|Soft-Boiled|p1a: Chansey\n|-heal|p1a: Chansey|100\/100\n|\n|-damage|p2a: Ursaluna|53\/100 brn|[from] brn\n|upkeep\n|turn|11\n|c|\u2606Dreepy Airlines|haha no psyshock\n|inactive|Dozkek has 180 seconds left.\n|\n|t:|1698574788\n|move|p2a: Ursaluna|Headlong Rush|p1a: Chansey\n|-damage|p1a: Chansey|29\/100\n|-unboost|p2a: Ursaluna|def|1\n|-unboost|p2a: Ursaluna|spd|1\n|move|p1a: Chansey|Seismic Toss|p2a: Ursaluna\n|-damage|p2a: Ursaluna|30\/100 brn\n|\n|-damage|p2a: Ursaluna|24\/100 brn|[from] brn\n|upkeep\n|turn|12\n|c|\u2606Dreepy Airlines|egg no do anything\n|inactive|Dozkek has 180 seconds left.\n|\n|t:|1698574797\n|move|p2a: Ursaluna|Headlong Rush|p1a: Chansey\n|-damage|p1a: Chansey|0 fnt\n|-unboost|p2a: Ursaluna|def|1\n|-unboost|p2a: Ursaluna|spd|1\n|faint|p1a: Chansey\n|\n|-damage|p2a: Ursaluna|18\/100 brn|[from] brn\n|upkeep\n|\n|t:|1698574814\n|switch|p1a: Lopunny|Lopunny-Mega, F|100\/100\n|turn|13\n|inactive|Dozkek has 180 seconds left.\n|\n|t:|1698574831\n|move|p1a: Lopunny|Return|p2a: Ursaluna\n|-damage|p2a: Ursaluna|0 fnt\n|faint|p2a: Ursaluna\n|\n|-fieldend|move: Psychic Terrain\n|upkeep\n|inactive|Dozkek has 180 seconds left.\n|\n|t:|1698574858\n|switch|p2a: Tapu Lele|Tapu Lele|88\/100\n|-damage|p2a: Tapu Lele|76\/100|[from] Stealth Rock\n|-fieldstart|move: Psychic Terrain|[from] ability: Psychic Surge|[of] p2a: Tapu Lele\n|turn|14\n|inactive|Dreepy Airlines has 270 seconds left.\n|inactive|Dozkek has 150 seconds left.\n|\n|t:|1698574881\n|switch|p1a: Porygon-Z|Porygon-Z|100\/100\n|move|p2a: Tapu Lele|Psychic|p1a: Porygon-Z\n|-damage|p1a: Porygon-Z|17\/100\n|\n|upkeep\n|turn|15\n|inactive|Dozkek has 150 seconds left.\n|\n|t:|1698574892\n|move|p2a: Tapu Lele|Psychic|p1a: Porygon-Z\n|-damage|p1a: Porygon-Z|0 fnt\n|faint|p1a: Porygon-Z\n|\n|upkeep\n|\n|t:|1698574895\n|switch|p1a: Ditto|Ditto|100\/100\n|turn|16\n|inactive|Dozkek has 150 seconds left.\n|c|\u2606Dreepy Airlines|limber ditto trust\n|inactive|Dozkek has 120 seconds left.\n|\n|t:|1698574942\n|switch|p2a: Magearna|Magearna|100\/100\n|-damage|p2a: Magearna|95\/100|[from] Stealth Rock\n|move|p1a: Ditto|Shadow Ball|p2a: Magearna\n|-damage|p2a: Magearna|50\/100\n|-unboost|p2a: Magearna|spd|1\n|\n|upkeep\n|turn|17\n|c|\u2606Dozkek|Bruh\n|inactive|Dozkek has 120 seconds left.\n|\n|t:|1698574966\n|switch|p2a: Tapu Bulu|Tapu Bulu|98\/100\n|-damage|p2a: Tapu Bulu|85\/100|[from] Stealth Rock\n|-fieldstart|move: Grassy Terrain|[from] ability: Grassy Surge|[of] p2a: Tapu Bulu\n|move|p1a: Ditto|Shadow Ball|p2a: Tapu Bulu\n|-damage|p2a: Tapu Bulu|44\/100\n|\n|-heal|p2a: Tapu Bulu|50\/100|[from] Grassy Terrain\n|-heal|p2a: Tapu Bulu|56\/100|[from] item: Leftovers\n|upkeep\n|turn|18\n|\n|t:|1698574984\n|switch|p1a: Ursaluna|Ursaluna-Bloodmoon, M, tera:Poison|70\/100\n|move|p2a: Tapu Bulu|Horn Leech|p1a: Ursaluna\n|-resisted|p1a: Ursaluna\n|-damage|p1a: Ursaluna|58\/100\n|-heal|p2a: Tapu Bulu|64\/100|[from] drain|[of] p1a: Ursaluna\n|\n|-heal|p2a: Tapu Bulu|70\/100|[from] Grassy Terrain\n|-heal|p2a: Tapu Bulu|76\/100|[from] item: Leftovers\n|-heal|p1a: Ursaluna|64\/100|[from] Grassy Terrain\n|-heal|p1a: Ursaluna|70\/100|[from] item: Leftovers\n|upkeep\n|turn|19\n|\n|t:|1698574998\n|switch|p2a: Magearna|Magearna|50\/100\n|-damage|p2a: Magearna|44\/100|[from] Stealth Rock\n|move|p1a: Ursaluna|Blood Moon|p2a: Magearna\n|-resisted|p2a: Magearna\n|-damage|p2a: Magearna|14\/100\n|\n|-heal|p2a: Magearna|20\/100|[from] Grassy Terrain\n|-heal|p1a: Ursaluna|77\/100|[from] Grassy Terrain\n|-heal|p1a: Ursaluna|83\/100|[from] item: Leftovers\n|upkeep\n|turn|20\n|\n|t:|1698575012\n|move|p2a: Magearna|Ice Beam|p1a: Ursaluna\n|-damage|p1a: Ursaluna|49\/100\n|move|p1a: Ursaluna|Earth Power|p2a: Magearna\n|-supereffective|p2a: Magearna\n|-damage|p2a: Magearna|0 fnt\n|faint|p2a: Magearna\n|\n|-heal|p1a: Ursaluna|55\/100|[from] Grassy Terrain\n|-heal|p1a: Ursaluna|61\/100|[from] item: Leftovers\n|upkeep\n|\n|t:|1698575019\n|switch|p2a: Tapu Lele|Tapu Lele|76\/100\n|-damage|p2a: Tapu Lele|63\/100|[from] Stealth Rock\n|-fieldstart|move: Psychic Terrain|[from] ability: Psychic Surge|[of] p2a: Tapu Lele\n|turn|21\n|\n|t:|1698575032\n|switch|p1a: Ditto|Ditto|100\/100\n|-transform|p1a: Ditto|p2a: Tapu Lele|[from] ability: Imposter\n|move|p2a: Tapu Lele|Psychic|p1a: Ditto\n|-resisted|p1a: Ditto\n|-damage|p1a: Ditto|71\/100\n|\n|upkeep\n|turn|22\n|inactive|Dozkek has 90 seconds left.\n|\n|t:|1698575088\n|switch|p2a: Tapu Bulu|Tapu Bulu|76\/100\n|-damage|p2a: Tapu Bulu|64\/100|[from] Stealth Rock\n|-fieldstart|move: Grassy Terrain|[from] ability: Grassy Surge|[of] p2a: Tapu Bulu\n|move|p1a: Ditto|Moonblast|p2a: Tapu Bulu\n|-damage|p2a: Tapu Bulu|11\/100\n|-unboost|p2a: Tapu Bulu|spa|1\n|\n|-heal|p1a: Ditto|77\/100|[from] Grassy Terrain\n|-heal|p2a: Tapu Bulu|17\/100|[from] Grassy Terrain\n|-heal|p2a: Tapu Bulu|23\/100|[from] item: Leftovers\n|upkeep\n|turn|23\n|\n|t:|1698575101\n|move|p1a: Ditto|Moonblast|p2a: Tapu Bulu\n|-crit|p2a: Tapu Bulu\n|-damage|p2a: Tapu Bulu|0 fnt\n|faint|p2a: Tapu Bulu\n|\n|-heal|p1a: Ditto|83\/100|[from] Grassy Terrain\n|upkeep\n|inactive|Dozkek has 60 seconds left.\n|\n|t:|1698575135\n|switch|p2a: Iron Valiant|Iron Valiant|100\/100\n|-damage|p2a: Iron Valiant|94\/100|[from] Stealth Rock\n|-enditem|p2a: Iron Valiant|Booster Energy\n|-activate|p2a: Iron Valiant|ability: Quark Drive|[fromitem]\n|-start|p2a: Iron Valiant|quarkdrivespe\n|turn|24\n|c|\u2606Dozkek|Yeah i lose no matter what\n|inactive|Dozkek has 30 seconds left.\n|inactive|Dozkek has 20 seconds left.\n|\n|t:|1698575169\n|switch|p1a: Ursaluna|Ursaluna-Bloodmoon, M, tera:Poison|61\/100\n|move|p2a: Iron Valiant|Moonblast|p1a: Ursaluna\n|-resisted|p1a: Ursaluna\n|-damage|p1a: Ursaluna|35\/100\n|\n|-heal|p2a: Iron Valiant|100\/100|[from] Grassy Terrain\n|-heal|p1a: Ursaluna|41\/100|[from] Grassy Terrain\n|-heal|p1a: Ursaluna|47\/100|[from] item: Leftovers\n|upkeep\n|turn|25\n|inactive|Dozkek has 30 seconds left this turn.\n|inactive|Dozkek has 20 seconds left.\n|\n|t:|1698575189\n|-terastallize|p2a: Iron Valiant|Electric\n|move|p2a: Iron Valiant|Thunderbolt|p1a: Ursaluna\n|-damage|p1a: Ursaluna|0 fnt\n|faint|p1a: Ursaluna\n|\n|upkeep\n|inactive|Dozkek has 25 seconds left this turn.\n|inactive|Dreepy Airlines has 270 seconds left.\n|\n|t:|1698575208\n|switch|p1a: Ditto|Ditto|100\/100\n|turn|26\n|inactive|Dozkek has 30 seconds left.\n|\n|t:|1698575217\n|move|p2a: Iron Valiant|Moonblast|p1a: Ditto\n|-damage|p1a: Ditto|7\/100\n|replace|p1a: Zoroark|Zoroark-Hisui, F\n|-end|p1a: Zoroark|Illusion\n|move|p1a: Zoroark|Hyper Voice|p2a: Iron Valiant\n|-damage|p2a: Iron Valiant|21\/100\n|\n|-heal|p2a: Iron Valiant|27\/100|[from] Grassy Terrain\n|-heal|p1a: Zoroark|13\/100|[from] Grassy Terrain\n|-fieldend|move: Grassy Terrain\n|upkeep\n|turn|27\n|inactive|Dozkek has 30 seconds left.\n|inactive|Dreepy Airlines has 270 seconds left.\n|\n|t:|1698575233\n|switch|p1a: Ditto|Ditto|83\/100\n|-transform|p1a: Ditto|p2a: Iron Valiant|[from] ability: Imposter\n|move|p2a: Iron Valiant|Moonblast|p1a: Ditto\n|-supereffective|p1a: Ditto\n|-damage|p1a: Ditto|0 fnt\n|faint|p1a: Ditto\n|-end|p1a: Ditto|Quark Drive|[silent]\n|\n|upkeep\n|\n|t:|1698575236\n|switch|p1a: Lopunny|Lopunny-Mega, F|100\/100\n|turn|28\n|c|\u2606Dozkek|Wait\n|c|\u2606Dozkek|Did you throw?\n|c|\u2606Dreepy Airlines|nah\n|c|\u2606Dreepy Airlines|zoro cleans\n|inactive|Dozkek has 30 seconds left.\n|\n|t:|1698575255\n|move|p1a: Lopunny|Quick Attack|p2a: Iron Valiant\n|-damage|p2a: Iron Valiant|0 fnt\n|faint|p2a: Iron Valiant\n|-end|p2a: Iron Valiant|Quark Drive|[silent]\n|\n|upkeep\n|inactive|Dozkek has 30 seconds left.\n|c|\u2606Dreepy Airlines|even if you went lele on the qa\n|\n|t:|1698575263\n|switch|p2a: Tapu Lele|Tapu Lele|63\/100\n|-damage|p2a: Tapu Lele|51\/100|[from] Stealth Rock\n|-fieldstart|move: Psychic Terrain|[from] ability: Psychic Surge|[of] p2a: Tapu Lele\n|turn|29\n|c|\u2606Dreepy Airlines|its scarf zoro\n|c|\u2606Dreepy Airlines|sball sball\n|inactive|Dozkek has 30 seconds left.\n|\n|t:|1698575275\n|move|p2a: Tapu Lele|Psychic|p1a: Lopunny\n|-supereffective|p1a: Lopunny\n|-damage|p1a: Lopunny|0 fnt\n|faint|p1a: Lopunny\n|\n|upkeep\n|\n|t:|1698575277\n|switch|p1a: Zoroark|Zoroark-Hisui, F|13\/100\n|turn|30\n|c|\u2606Dozkek|Ah\n|c|\u2606Dozkek|Damn\n|c|\u2606Dreepy Airlines|gg\n|\n|t:|1698575286\n|move|p1a: Zoroark|Shadow Ball|p2a: Tapu Lele\n|-supereffective|p2a: Tapu Lele\n|-damage|p2a: Tapu Lele|0 fnt\n|faint|p2a: Tapu Lele\n|\n|win|Dreepy Airlines\n|c|\u2606Dozkek|Gg\n|l|\u2606Dreepy Airlines\n","uploadtime":1698575289,"views":21,"p1id":"dreepyairlines","p2id":"dozkek","formatid":"gen9nationaldexubers","rating":0,"private":0,"password":""}