{"id":"gen9nationaldexubers-1999894225","p1":"DynaTheCryo","p2":"carrl0s","format":"[Gen 9] National Dex Ubers","log":"|j|\u2606DynaTheCryo\n|j|\u2606carrl0s\n|t:|1701127247\n|gametype|singles\n|player|p1|DynaTheCryo|unknown|1131\n|player|p2|carrl0s|gambler|1143\n|teamsize|p1|6\n|teamsize|p2|6\n|gen|9\n|tier|[Gen 9] National Dex Ubers\n|rated|\n|rule|HP Percentage Mod: HP is shown in percentages\n|rule|Endless Battle Clause: Forcing endless battles is banned\n|rule|OHKO Clause: OHKO moves are banned\n|rule|Evasion Moves Clause: Evasion moves are banned\n|rule|Evasion Items Clause: Evasion items are banned\n|rule|Species Clause: Limit one of each Pok\u00e9mon\n|rule|Sleep Clause Mod: Limit one foe put to sleep\n|rule|Mega Rayquaza Clause: You cannot mega evolve Rayquaza\n|clearpoke\n|poke|p1|Mewtwo|\n|poke|p1|Grimmsnarl, M|\n|poke|p1|Chansey, F|\n|poke|p1|Jirachi|\n|poke|p1|Clefable, M|\n|poke|p1|Kingambit, F|\n|poke|p2|Drifblim, F|\n|poke|p2|Flareon, M|\n|poke|p2|Arceus|\n|poke|p2|Cinderace, F|\n|poke|p2|Mawile, F|\n|poke|p2|Necrozma-Dusk-Mane|\n|teampreview\n|inactive|Battle timer is ON: inactive players will automatically lose when time's up. (requested by carrl0s)\n|\n|t:|1701127254\n|start\n|switch|p1a: Grimmsnarl|Grimmsnarl, M|100\/100\n|switch|p2a: Arceus|Arceus|100\/100\n|turn|1\n|\n|t:|1701127257\n|move|p1a: Grimmsnarl|Taunt|p2a: Arceus\n|-start|p2a: Arceus|move: Taunt\n|cant|p2a: Arceus|move: Taunt|Swords Dance\n|\n|upkeep\n|turn|2\n|\n|t:|1701127261\n|move|p2a: Arceus|Extreme Speed|p1a: Grimmsnarl\n|-damage|p1a: Grimmsnarl|15\/100\n|-damage|p2a: Arceus|91\/100|[from] item: Life Orb\n|move|p1a: Grimmsnarl|Metronome|p1a: Grimmsnarl\n|move|p1a: Grimmsnarl|Leer|p2a: Arceus|[from]move: Metronome\n|-unboost|p2a: Arceus|def|1\n|\n|upkeep\n|turn|3\n|\n|t:|1701127274\n|switch|p2a: Flareon|Flareon, M|100\/100\n|move|p1a: Grimmsnarl|Metronome|p1a: Grimmsnarl\n|move|p1a: Grimmsnarl|Weather Ball|p2a: Flareon|[from]move: Metronome\n|-damage|p2a: Flareon|81\/100\n|\n|-status|p2a: Flareon|tox|[from] item: Toxic Orb\n|upkeep\n|turn|4\n|\n|t:|1701127285\n|move|p1a: Grimmsnarl|Metronome|p1a: Grimmsnarl\n|move|p1a: Grimmsnarl|Spikes|p2a: Flareon|[from]move: Metronome\n|-sidestart|p2: carrl0s|Spikes\n|move|p2a: Flareon|Trailblaze|p1a: Grimmsnarl\n|-damage|p1a: Grimmsnarl|0 fnt\n|-boost|p2a: Flareon|spe|1\n|faint|p1a: Grimmsnarl\n|\n|-damage|p2a: Flareon|75\/100 tox|[from] psn\n|upkeep\n|\n|t:|1701127299\n|switch|p1a: Clefable|Clefable, M|100\/100\n|turn|5\n|\n|t:|1701127303\n|move|p2a: Flareon|Flare Blitz|p1a: Clefable\n|-damage|p1a: Clefable|0 fnt\n|faint|p1a: Clefable\n|-damage|p2a: Flareon|35\/100 tox|[from] Recoil\n|\n|-damage|p2a: Flareon|23\/100 tox|[from] psn\n|upkeep\n|\n|t:|1701127310\n|switch|p1a: Kingambit|Kingambit, F|100\/100\n|-activate|p1a: Kingambit|ability: Supreme Overlord\n|-start|p1a: Kingambit|fallen2|[silent]\n|turn|6\n|\n|t:|1701127312\n|move|p1a: Kingambit|Sucker Punch|p2a: Flareon\n|-damage|p2a: Flareon|0 fnt\n|faint|p2a: Flareon\n|\n|upkeep\n|\n|t:|1701127316\n|switch|p2a: Cinderace|Cinderace, F|100\/100\n|-item|p2a: Cinderace|Air Balloon\n|turn|7\n|\n|t:|1701127323\n|-end|p1a: Kingambit|fallen2|[silent]\n|switch|p1a: Chansey|Chansey, F|100\/100\n|move|p2a: Cinderace|Court Change|p2a: Cinderace\n|-start|p2a: Cinderace|typechange|Normal|[from] ability: Libero\n|-swapsideconditions\n|-activate|p2a: Cinderace|move: Court Change\n|\n|upkeep\n|turn|8\n|\n|t:|1701127332\n|move|p2a: Cinderace|Pyro Ball|p1a: Chansey\n|-damage|p1a: Chansey|74\/100\n|move|p1a: Chansey|Counter|p2a: Cinderace\n|-damage|p2a: Cinderace|0 fnt\n|-enditem|p2a: Cinderace|Air Balloon\n|faint|p2a: Cinderace\n|\n|upkeep\n|\n|t:|1701127347\n|switch|p2a: Mawile|Mawile, F|100\/100\n|turn|9\n|\n|t:|1701127349\n|detailschange|p2a: Mawile|Mawile-Mega, F\n|-mega|p2a: Mawile|Mawile|Mawilite\n|move|p2a: Mawile|Swords Dance|p2a: Mawile\n|-boost|p2a: Mawile|atk|2\n|move|p1a: Chansey|Counter||[still]\n|-fail|p1a: Chansey\n|\n|upkeep\n|turn|10\n|\n|t:|1701127354\n|move|p1a: Chansey|Metronome|p1a: Chansey\n|move|p1a: Chansey|Whirlpool|p2a: Mawile|[from]move: Metronome|[miss]\n|-miss|p1a: Chansey|p2a: Mawile\n|move|p2a: Mawile|Swords Dance|p2a: Mawile\n|-boost|p2a: Mawile|atk|2\n|\n|upkeep\n|turn|11\n|\n|t:|1701127363\n|move|p2a: Mawile|Sucker Punch||[still]\n|-fail|p2a: Mawile\n|move|p1a: Chansey|Metronome|p1a: Chansey\n|move|p1a: Chansey|Icicle Crash|p2a: Mawile|[from]move: Metronome|[miss]\n|-miss|p1a: Chansey|p2a: Mawile\n|\n|upkeep\n|turn|12\n|\n|t:|1701127369\n|move|p2a: Mawile|Iron Head|p1a: Chansey\n|-damage|p1a: Chansey|0 fnt\n|faint|p1a: Chansey\n|\n|upkeep\n|\n|t:|1701127373\n|switch|p1a: Mewtwo|Mewtwo|100\/100\n|-ability|p1a: Mewtwo|Unnerve\n|-damage|p1a: Mewtwo|88\/100|[from] Spikes\n|turn|13\n|\n|t:|1701127378\n|detailschange|p1a: Mewtwo|Mewtwo-Mega-X\n|-mega|p1a: Mewtwo|Mewtwo|Mewtwonite X\n|move|p2a: Mawile|Sucker Punch||[still]\n|-fail|p2a: Mawile\n|move|p1a: Mewtwo|Reflect|p1a: Mewtwo\n|-sidestart|p1: DynaTheCryo|Reflect\n|\n|upkeep\n|turn|14\n|\n|t:|1701127386\n|move|p1a: Mewtwo|Metronome|p1a: Mewtwo\n|move|p1a: Mewtwo|Smog|p2a: Mawile|[from]move: Metronome\n|-immune|p2a: Mawile\n|move|p2a: Mawile|Play Rough|p1a: Mewtwo|[miss]\n|-miss|p2a: Mawile|p1a: Mewtwo\n|\n|upkeep\n|turn|15\n|\n|t:|1701127392\n|move|p1a: Mewtwo|Metronome|p1a: Mewtwo\n|move|p1a: Mewtwo|Psych Up|p2a: Mawile|[from]move: Metronome\n|-copyboost|p1a: Mewtwo|p2a: Mawile|[from] move: Psych Up\n|move|p2a: Mawile|Play Rough|p1a: Mewtwo\n|-supereffective|p1a: Mewtwo\n|-damage|p1a: Mewtwo|0 fnt\n|faint|p1a: Mewtwo\n|\n|upkeep\n|\n|t:|1701127399\n|switch|p1a: Jirachi|Jirachi|100\/100\n|-damage|p1a: Jirachi|88\/100|[from] Spikes\n|turn|16\n|\n|t:|1701127406\n|move|p1a: Jirachi|Thunder Wave|p2a: Mawile\n|-status|p2a: Mawile|par\n|move|p2a: Mawile|Swords Dance|p2a: Mawile\n|-boost|p2a: Mawile|atk|2\n|\n|upkeep\n|turn|17\n|\n|t:|1701127412\n|switch|p1a: Kingambit|Kingambit, F|100\/100\n|-damage|p1a: Kingambit|88\/100|[from] Spikes\n|-activate|p1a: Kingambit|ability: Supreme Overlord\n|-start|p1a: Kingambit|fallen4|[silent]\n|move|p2a: Mawile|Sucker Punch||[still]\n|-fail|p2a: Mawile\n|\n|-sideend|p1: DynaTheCryo|Reflect\n|upkeep\n|turn|18\n|\n|t:|1701127423\n|-end|p1a: Kingambit|fallen4|[silent]\n|switch|p1a: Jirachi|Jirachi|88\/100\n|-damage|p1a: Jirachi|76\/100|[from] Spikes\n|cant|p2a: Mawile|par\n|\n|upkeep\n|turn|19\n|\n|t:|1701127430\n|move|p1a: Jirachi|Encore|p2a: Mawile\n|-start|p2a: Mawile|Encore\n|cant|p2a: Mawile|par\n|\n|upkeep\n|turn|20\n|\n|t:|1701127435\n|switch|p1a: Kingambit|Kingambit, F|88\/100\n|-damage|p1a: Kingambit|76\/100|[from] Spikes\n|-activate|p1a: Kingambit|ability: Supreme Overlord\n|-start|p1a: Kingambit|fallen4|[silent]\n|move|p2a: Mawile|Sucker Punch||[still]\n|-fail|p2a: Mawile\n|\n|upkeep\n|turn|21\n|\n|t:|1701127448\n|switch|p2a: Arceus|Arceus|91\/100\n|move|p1a: Kingambit|Swords Dance|p1a: Kingambit\n|-boost|p1a: Kingambit|atk|2\n|\n|upkeep\n|turn|22\n|\n|t:|1701127454\n|-terastallize|p1a: Kingambit|Ghost\n|move|p2a: Arceus|Swords Dance|p2a: Arceus\n|-boost|p2a: Arceus|atk|2\n|move|p1a: Kingambit|Brick Break|p2a: Arceus\n|-supereffective|p2a: Arceus\n|-damage|p2a: Arceus|0 fnt\n|faint|p2a: Arceus\n|\n|upkeep\n|\n|t:|1701127463\n|switch|p2a: Drifblim|Drifblim, F|100\/100\n|turn|23\n|\n|t:|1701127467\n|move|p2a: Drifblim|Shadow Ball|p1a: Kingambit\n|-supereffective|p1a: Kingambit\n|-damage|p1a: Kingambit|14\/100\n|-enditem|p1a: Kingambit|Aguav Berry|[eat]\n|-heal|p1a: Kingambit|47\/100|[from] item: Aguav Berry\n|move|p1a: Kingambit|Iron Head|p2a: Drifblim\n|-damage|p2a: Drifblim|0 fnt\n|faint|p2a: Drifblim\n|\n|upkeep\n|\n|t:|1701127480\n|switch|p2a: Necrozma|Necrozma-Dusk-Mane, shiny|100\/100\n|turn|24\n|\n|t:|1701127486\n|detailschange|p2a: Necrozma|Necrozma-Ultra, shiny\n|-burst|p2a: Necrozma|Necrozma|Ultranecrozium Z\n|move|p1a: Kingambit|Sucker Punch|p2a: Necrozma\n|-supereffective|p2a: Necrozma\n|-damage|p2a: Necrozma|0 fnt\n|faint|p2a: Necrozma\n|\n|upkeep\n|-message|carrl0s forfeited.\n|\n|win|DynaTheCryo\n|raw|DynaTheCryo's rating: 1131 &rarr; <strong>1157<\/strong><br \/>(+26 for winning)\n|raw|carrl0s's rating: 1143 &rarr; <strong>1117<\/strong><br \/>(-26 for losing)\n|l|\u2606carrl0s\n","uploadtime":1701127497,"views":10,"p1id":"dynathecryo","p2id":"carrl0s","formatid":"gen9nationaldexubers","rating":1117,"private":0,"password":""}