{"id":"gen9nationaldexubers-1980452754","p1":"TIKIMAN_Yo","p2":"onaerybluer","format":"[Gen 9] National Dex Ubers","log":"|j|\u2606TIKIMAN_Yo\n|j|\u2606onaerybluer\n|t:|1698786280\n|gametype|singles\n|player|p1|TIKIMAN_Yo|169|1283\n|player|p2|onaerybluer|bellelba|1334\n|teamsize|p1|6\n|teamsize|p2|6\n|gen|9\n|tier|[Gen 9] National Dex Ubers\n|rated|\n|rule|HP Percentage Mod: HP is shown in percentages\n|rule|Endless Battle Clause: Forcing endless battles is banned\n|rule|OHKO Clause: OHKO moves are banned\n|rule|Evasion Moves Clause: Evasion moves are banned\n|rule|Evasion Items Clause: Evasion items are banned\n|rule|Species Clause: Limit one of each Pok\u00e9mon\n|rule|Sleep Clause Mod: Limit one foe put to sleep\n|rule|Mega Rayquaza Clause: You cannot mega evolve Rayquaza\n|clearpoke\n|poke|p1|Dialga-Origin|\n|poke|p1|Hoopa-Unbound|\n|poke|p1|Mewtwo|\n|poke|p1|Kyogre|\n|poke|p1|Palkia-Origin|\n|poke|p1|Kyurem-White|\n|poke|p2|Kangaskhan, F|\n|poke|p2|Blissey, F|\n|poke|p2|Gholdengo|\n|poke|p2|Chien-Pao|\n|poke|p2|Flutter Mane|\n|poke|p2|Kingambit, F|\n|teampreview\n|inactive|Battle timer is ON: inactive players will automatically lose when time's up. (requested by onaerybluer)\n|inactive|onaerybluer has 120 seconds left.\n|\n|t:|1698786313\n|start\n|switch|p1a: Dialga|Dialga-Origin|100\/100\n|switch|p2a: Gholdengo|Gholdengo|100\/100\n|-ability|p1a: Dialga|Pressure\n|turn|1\n|\n|t:|1698786325\n|move|p2a: Gholdengo|Focus Blast|p1a: Dialga\n|-supereffective|p1a: Dialga\n|-damage|p1a: Dialga|43\/100\n|-unboost|p1a: Dialga|spd|1\n|move|p1a: Dialga|Stealth Rock|p2a: Gholdengo\n|-sidestart|p2: onaerybluer|move: Stealth Rock\n|\n|upkeep\n|turn|2\n|\n|t:|1698786334\n|move|p2a: Gholdengo|Focus Blast|p1a: Dialga|[miss]\n|-miss|p2a: Gholdengo|p1a: Dialga\n|move|p1a: Dialga|Thunder Wave|p2a: Gholdengo\n|-immune|p2a: Gholdengo|[from] ability: Good as Gold\n|\n|upkeep\n|turn|3\n|\n|t:|1698786351\n|switch|p1a: Palkia|Palkia-Origin|100\/100\n|-ability|p1a: Palkia|Pressure\n|move|p2a: Gholdengo|Focus Blast|p1a: Palkia|[miss]\n|-miss|p2a: Gholdengo|p1a: Palkia\n|\n|upkeep\n|turn|4\n|\n|t:|1698786360\n|switch|p2a: Blissey|Blissey, F|100\/100\n|move|p1a: Palkia|Aura Sphere|p2a: Blissey\n|-supereffective|p2a: Blissey\n|-damage|p2a: Blissey|80\/100\n|\n|upkeep\n|turn|5\n|\n|t:|1698786378\n|switch|p1a: Mewtwo|Mewtwo, shiny|100\/100\n|-ability|p1a: Mewtwo|Pressure\n|move|p2a: Blissey|Thunder Wave|p1a: Mewtwo\n|-status|p1a: Mewtwo|par\n|\n|upkeep\n|turn|6\n|\n|t:|1698786387\n|detailschange|p1a: Mewtwo|Mewtwo-Mega-Y, shiny\n|-mega|p1a: Mewtwo|Mewtwo|Mewtwonite Y\n|move|p1a: Mewtwo|Psystrike|p2a: Blissey\n|-crit|p2a: Blissey\n|-damage|p2a: Blissey|0 fnt\n|faint|p2a: Blissey\n|\n|upkeep\n|\n|t:|1698786394\n|switch|p2a: Flutter Mane|Flutter Mane|100\/100\n|-damage|p2a: Flutter Mane|88\/100|[from] Stealth Rock\n|turn|7\n|\n|t:|1698786401\n|move|p2a: Flutter Mane|Shadow Ball|p1a: Mewtwo\n|-supereffective|p1a: Mewtwo\n|-damage|p1a: Mewtwo|33\/100 par\n|move|p1a: Mewtwo|Shadow Ball|p2a: Flutter Mane\n|-supereffective|p2a: Flutter Mane\n|-damage|p2a: Flutter Mane|12\/100\n|\n|upkeep\n|turn|8\n|\n|t:|1698786410\n|move|p2a: Flutter Mane|Shadow Ball|p1a: Mewtwo\n|-supereffective|p1a: Mewtwo\n|-damage|p1a: Mewtwo|0 fnt\n|faint|p1a: Mewtwo\n|\n|upkeep\n|\n|t:|1698786416\n|switch|p1a: Dialga|Dialga-Origin|43\/100\n|-ability|p1a: Dialga|Pressure\n|turn|9\n|\n|t:|1698786421\n|-zpower|p2a: Flutter Mane\n|move|p2a: Flutter Mane|Twinkle Tackle|p1a: Dialga|[zeffect]\n|-damage|p1a: Dialga|0 fnt\n|faint|p1a: Dialga\n|\n|upkeep\n|\n|t:|1698786428\n|switch|p1a: Kyogre|Kyogre|100\/100\n|-weather|RainDance|[from] ability: Drizzle|[of] p1a: Kyogre\n|turn|10\n|\n|t:|1698786436\n|move|p1a: Kyogre|Water Spout|p2a: Flutter Mane\n|-crit|p2a: Flutter Mane\n|-damage|p2a: Flutter Mane|0 fnt\n|faint|p2a: Flutter Mane\n|-end|p2a: Flutter Mane|Protosynthesis|[silent]\n|\n|-weather|RainDance|[upkeep]\n|upkeep\n|\n|t:|1698786439\n|switch|p2a: Kangaskhan|Kangaskhan, F|100\/100\n|-damage|p2a: Kangaskhan|88\/100|[from] Stealth Rock\n|turn|11\n|\n|t:|1698786454\n|switch|p1a: Kyurem|Kyurem-White|100\/100\n|-ability|p1a: Kyurem|Turboblaze\n|detailschange|p2a: Kangaskhan|Kangaskhan-Mega, F\n|-mega|p2a: Kangaskhan|Kangaskhan|Kangaskhanite\n|move|p2a: Kangaskhan|Fake Out|p1a: Kyurem\n|-damage|p1a: Kyurem|80\/100\n|-damage|p1a: Kyurem|76\/100\n|-hitcount|p1a: Kyurem|2\n|\n|-weather|RainDance|[upkeep]\n|upkeep\n|turn|12\n|\n|t:|1698786469\n|move|p2a: Kangaskhan|Seismic Toss|p1a: Kyurem\n|-damage|p1a: Kyurem|50\/100\n|-damage|p1a: Kyurem|25\/100\n|-hitcount|p1a: Kyurem|2\n|move|p1a: Kyurem|Freeze-Dry|p2a: Kangaskhan\n|-damage|p2a: Kangaskhan|48\/100\n|\n|-weather|RainDance|[upkeep]\n|upkeep\n|turn|13\n|\n|t:|1698786482\n|move|p2a: Kangaskhan|Seismic Toss|p1a: Kyurem\n|-damage|p1a: Kyurem|0 fnt\n|faint|p1a: Kyurem\n|-hitcount|p1: Kyurem|1\n|\n|-weather|RainDance|[upkeep]\n|upkeep\n|\n|t:|1698786489\n|switch|p1a: Kyogre|Kyogre|100\/100\n|turn|14\n|\n|t:|1698786494\n|switch|p2a: Gholdengo|Gholdengo|100\/100\n|-damage|p2a: Gholdengo|94\/100|[from] Stealth Rock\n|move|p1a: Kyogre|Water Spout|p2a: Gholdengo\n|-damage|p2a: Gholdengo|0 fnt\n|faint|p2a: Gholdengo\n|\n|-weather|none\n|upkeep\n|\n|t:|1698786499\n|switch|p2a: Kangaskhan|Kangaskhan-Mega, F|48\/100\n|-damage|p2a: Kangaskhan|36\/100|[from] Stealth Rock\n|turn|15\n|\n|t:|1698786509\n|switch|p1a: Palkia|Palkia-Origin|100\/100\n|-ability|p1a: Palkia|Pressure\n|move|p2a: Kangaskhan|Fake Out|p1a: Palkia\n|-damage|p1a: Palkia|81\/100\n|-damage|p1a: Palkia|76\/100\n|-hitcount|p1a: Palkia|2\n|\n|upkeep\n|turn|16\n|\n|t:|1698786519\n|switch|p2a: Chien-Pao|Chien-Pao|100\/100\n|-damage|p2a: Chien-Pao|76\/100|[from] Stealth Rock\n|-ability|p2a: Chien-Pao|Sword of Ruin\n|move|p1a: Palkia|Aura Sphere|p2a: Chien-Pao\n|-supereffective|p2a: Chien-Pao\n|-damage|p2a: Chien-Pao|0 fnt\n|faint|p2a: Chien-Pao\n|\n|upkeep\n|\n|t:|1698786525\n|switch|p2a: Kingambit|Kingambit, F|100\/100\n|-damage|p2a: Kingambit|94\/100|[from] Stealth Rock\n|-activate|p2a: Kingambit|ability: Supreme Overlord\n|-start|p2a: Kingambit|fallen4|[silent]\n|turn|17\n|\n|t:|1698786534\n|move|p2a: Kingambit|Protect|p2a: Kingambit\n|-singleturn|p2a: Kingambit|Protect\n|move|p1a: Palkia|Aura Sphere|p2a: Kingambit\n|-activate|p2a: Kingambit|move: Protect\n|\n|-heal|p2a: Kingambit|100\/100|[from] item: Leftovers\n|upkeep\n|turn|18\n|\n|t:|1698786543\n|-terastallize|p2a: Kingambit|Dark\n|move|p2a: Kingambit|Sucker Punch|p1a: Palkia\n|-damage|p1a: Palkia|0 fnt\n|faint|p1a: Palkia\n|\n|upkeep\n|\n|t:|1698786549\n|switch|p1a: Kyogre|Kyogre|100\/100\n|-weather|RainDance|[from] ability: Drizzle|[of] p1a: Kyogre\n|turn|19\n|\n|t:|1698786562\n|move|p2a: Kingambit|Sucker Punch|p1a: Kyogre\n|-damage|p1a: Kyogre|15\/100\n|move|p1a: Kyogre|Muddy Water|p2a: Kingambit\n|-damage|p2a: Kingambit|25\/100\n|\n|-weather|RainDance|[upkeep]\n|-heal|p2a: Kingambit|31\/100|[from] item: Leftovers\n|upkeep\n|turn|20\n|\n|t:|1698786571\n|move|p2a: Kingambit|Protect|p2a: Kingambit\n|-singleturn|p2a: Kingambit|Protect\n|move|p1a: Kyogre|Muddy Water|p2a: Kingambit\n|-activate|p2a: Kingambit|move: Protect\n|\n|-weather|RainDance|[upkeep]\n|-heal|p2a: Kingambit|37\/100|[from] item: Leftovers\n|upkeep\n|turn|21\n|\n|t:|1698786579\n|move|p2a: Kingambit|Sucker Punch|p1a: Kyogre\n|-damage|p1a: Kyogre|0 fnt\n|faint|p1a: Kyogre\n|\n|-weather|RainDance|[upkeep]\n|-heal|p2a: Kingambit|43\/100|[from] item: Leftovers\n|upkeep\n|\n|t:|1698786586\n|switch|p1a: Hoopa|Hoopa-Unbound|100\/100\n|turn|22\n|\n|t:|1698786602\n|-terastallize|p1a: Hoopa|Electric\n|move|p2a: Kingambit|Sucker Punch|p1a: Hoopa\n|-damage|p1a: Hoopa|0 fnt\n|faint|p1a: Hoopa\n|\n|win|onaerybluer\n|raw|TIKIMAN_Yo's rating: 1283 &rarr; <strong>1262<\/strong><br \/>(-21 for losing)\n|raw|onaerybluer's rating: 1334 &rarr; <strong>1351<\/strong><br \/>(+17 for winning)\n|l|\u2606TIKIMAN_Yo\n","uploadtime":1698786614,"views":10,"p1id":"tikimanyo","p2id":"onaerybluer","formatid":"gen9nationaldexubers","rating":1262,"private":0,"password":""}