{"id":"gen9nationaldexubers-1981817436","p1":"kaikalos","p2":"milky lol","format":"[Gen 9] National Dex Ubers","log":"|j|\u2606kaikalos\n|j|\u2606milky lol\n|t:|1698943862\n|gametype|singles\n|player|p1|kaikalos|schoolkid|1256\n|player|p2|milky lol|265|1283\n|teamsize|p1|6\n|teamsize|p2|6\n|gen|9\n|tier|[Gen 9] National Dex Ubers\n|rated|\n|rule|HP Percentage Mod: HP is shown in percentages\n|rule|Endless Battle Clause: Forcing endless battles is banned\n|rule|OHKO Clause: OHKO moves are banned\n|rule|Evasion Moves Clause: Evasion moves are banned\n|rule|Evasion Items Clause: Evasion items are banned\n|rule|Species Clause: Limit one of each Pok\u00e9mon\n|rule|Sleep Clause Mod: Limit one foe put to sleep\n|rule|Mega Rayquaza Clause: You cannot mega evolve Rayquaza\n|clearpoke\n|poke|p1|Ogerpon, F|\n|poke|p1|Ceruledge, F|\n|poke|p1|Azumarill, F|\n|poke|p1|Lopunny, F|\n|poke|p1|Necrozma-Dawn-Wings|\n|poke|p1|Togedemaru, L1, F|\n|poke|p2|Naganadel|\n|poke|p2|Blaziken, F|\n|poke|p2|Kyogre|\n|poke|p2|Landorus-Therian, M|\n|poke|p2|Flutter Mane|\n|poke|p2|Ribombee, M|\n|teampreview\n|inactive|Battle timer is ON: inactive players will automatically lose when time's up. (requested by milky lol)\n|\n|t:|1698943881\n|start\n|switch|p1a: Ratoelho|Azumarill, F, shiny|100\/100\n|switch|p2a: Naganadel|Naganadel, shiny|100\/100\n|turn|1\n|\n|t:|1698943886\n|move|p2a: Naganadel|Sludge Wave|p1a: Ratoelho\n|-supereffective|p1a: Ratoelho\n|-damage|p1a: Ratoelho|0 fnt\n|faint|p1a: Ratoelho\n|-ability|p2a: Naganadel|Beast Boost|boost\n|-boost|p2a: Naganadel|spa|1\n|\n|upkeep\n|\n|t:|1698943893\n|switch|p1a: Necrozma|Necrozma-Dawn-Wings|100\/100\n|turn|2\n|\n|t:|1698943901\n|detailschange|p1a: Necrozma|Necrozma-Ultra\n|-burst|p1a: Necrozma|Necrozma|Ultranecrozium Z\n|move|p1a: Necrozma|Photon Geyser|p2a: Naganadel\n|-supereffective|p2a: Naganadel\n|-damage|p2a: Naganadel|0 fnt\n|faint|p2a: Naganadel\n|\n|upkeep\n|\n|t:|1698943908\n|switch|p2a: Flutter Mane|Flutter Mane|100\/100\n|turn|3\n|\n|t:|1698943916\n|switch|p1a: Cueia|Lopunny, F|100\/100\n|move|p2a: Flutter Mane|Moonblast|p1a: Cueia\n|-damage|p1a: Cueia|3\/100\n|-unboost|p1a: Cueia|spa|1\n|\n|upkeep\n|turn|4\n|\n|t:|1698943922\n|detailschange|p1a: Cueia|Lopunny-Mega, F\n|-mega|p1a: Cueia|Lopunny|Lopunnite\n|move|p1a: Cueia|Fake Out|p2a: Flutter Mane\n|-damage|p2a: Flutter Mane|44\/100\n|cant|p2a: Flutter Mane|flinch\n|\n|upkeep\n|turn|5\n|\n|t:|1698943935\n|move|p2a: Flutter Mane|Moonblast|p1a: Cueia\n|-supereffective|p1a: Cueia\n|-damage|p1a: Cueia|0 fnt\n|faint|p1a: Cueia\n|\n|upkeep\n|\n|t:|1698943938\n|switch|p1a: Fiona|Ogerpon, F|100\/100\n|turn|6\n|\n|t:|1698943943\n|-terastallize|p1a: Fiona|Grass\n|detailschange|p1a: Fiona|Ogerpon-Teal-Tera, F, tera:Grass\n|-ability|p1a: Fiona|Embody Aspect (Teal)|boost\n|-boost|p1a: Fiona|spe|1\n|move|p1a: Fiona|Ivy Cudgel|p2a: Flutter Mane\n|-damage|p2a: Flutter Mane|0 fnt\n|faint|p2a: Flutter Mane\n|-end|p2a: Flutter Mane|Protosynthesis|[silent]\n|\n|upkeep\n|\n|t:|1698943955\n|switch|p2a: Ribombee|Ribombee, M|100\/100\n|turn|7\n|\n|t:|1698943963\n|move|p1a: Fiona|Spiky Shield|p1a: Fiona\n|-singleturn|p1a: Fiona|move: Protect\n|move|p2a: Ribombee|Sticky Web|p1a: Fiona\n|-sidestart|p1: kaikalos|move: Sticky Web\n|\n|upkeep\n|turn|8\n|\n|t:|1698943969\n|move|p1a: Fiona|Swords Dance|p1a: Fiona\n|-boost|p1a: Fiona|atk|2\n|move|p2a: Ribombee|Tailwind|p2a: Ribombee\n|-sidestart|p2: milky lol|move: Tailwind\n|\n|upkeep\n|turn|9\n|\n|t:|1698943974\n|move|p2a: Ribombee|U-turn|p1a: Fiona\n|-supereffective|p1a: Fiona\n|-damage|p1a: Fiona|60\/100\n|\n|t:|1698943978\n|switch|p2a: Landorus|Landorus-Therian, M, shiny|100\/100|[from] U-turn\n|-ability|p2a: Landorus|Intimidate|boost\n|-unboost|p1a: Fiona|atk|1\n|move|p1a: Fiona|Ivy Cudgel|p2a: Landorus\n|-damage|p2a: Landorus|0 fnt\n|faint|p2a: Landorus\n|\n|-heal|p1a: Fiona|66\/100|[from] item: Leftovers\n|upkeep\n|\n|t:|1698943984\n|switch|p2a: Blaziken|Blaziken, F, shiny|100\/100\n|turn|10\n|\n|t:|1698943990\n|detailschange|p2a: Blaziken|Blaziken-Mega, F, shiny\n|-mega|p2a: Blaziken|Blaziken|Blazikenite\n|move|p2a: Blaziken|Flare Blitz|p1a: Fiona\n|-supereffective|p1a: Fiona\n|-damage|p1a: Fiona|0 fnt\n|faint|p1a: Fiona\n|-damage|p2a: Blaziken|79\/100|[from] Recoil\n|\n|-ability|p2a: Blaziken|Speed Boost|boost\n|-boost|p2a: Blaziken|spe|1\n|upkeep\n|\n|t:|1698943996\n|switch|p1a: Togedemaru|Togedemaru, L1, F|100\/100\n|-activate|p1a: Togedemaru|move: Sticky Web\n|-unboost|p1a: Togedemaru|spe|1\n|turn|11\n|\n|t:|1698944004\n|switch|p2a: Ribombee|Ribombee, M|100\/100\n|move|p1a: Togedemaru|Endeavor|p2a: Ribombee\n|-damage|p2a: Ribombee|4\/100\n|\n|-heal|p2a: Ribombee|10\/100|[from] item: Leftovers\n|-sideend|p2: milky lol|move: Tailwind\n|upkeep\n|turn|12\n|\n|t:|1698944013\n|switch|p1a: G\u00f3tica|Ceruledge, F|100\/100\n|-activate|p1a: G\u00f3tica|move: Sticky Web\n|-unboost|p1a: G\u00f3tica|spe|1\n|move|p2a: Ribombee|U-turn|p1a: G\u00f3tica\n|-resisted|p1a: G\u00f3tica\n|-damage|p1a: G\u00f3tica|95\/100\n|-ability|p1a: G\u00f3tica|Weak Armor|boost\n|-unboost|p1a: G\u00f3tica|def|1\n|-boost|p1a: G\u00f3tica|spe|2\n|\n|t:|1698944018\n|switch|p2a: Kyogre|Kyogre, shiny|100\/100|[from] U-turn\n|detailschange|p2a: Kyogre|Kyogre-Primal, shiny\n|-primal|p2a: Kyogre|Blue Orb\n|-weather|PrimordialSea|[from] ability: Primordial Sea|[of] p2a: Kyogre\n|\n|-weather|PrimordialSea|[upkeep]\n|upkeep\n|turn|13\n|\n|t:|1698944025\n|move|p1a: G\u00f3tica|Endure|p1a: G\u00f3tica\n|-singleturn|p1a: G\u00f3tica|move: Endure\n|move|p2a: Kyogre|Origin Pulse|p1a: G\u00f3tica\n|-supereffective|p1a: G\u00f3tica\n|-activate|p1a: G\u00f3tica|move: Endure\n|-damage|p1a: G\u00f3tica|1\/100\n|-enditem|p1a: G\u00f3tica|Weakness Policy\n|-boost|p1a: G\u00f3tica|atk|2|[from] item: Weakness Policy\n|-boost|p1a: G\u00f3tica|spa|2|[from] item: Weakness Policy\n|\n|-weather|PrimordialSea|[upkeep]\n|upkeep\n|turn|14\n|\n|t:|1698944036\n|-weather|none\n|switch|p2a: Ribombee|Ribombee, M|10\/100\n|move|p1a: G\u00f3tica|Shadow Sneak|p2a: Ribombee\n|-damage|p2a: Ribombee|0 fnt\n|faint|p2a: Ribombee\n|\n|upkeep\n|\n|t:|1698944044\n|switch|p2a: Kyogre|Kyogre-Primal, shiny|100\/100\n|-weather|PrimordialSea|[from] ability: Primordial Sea|[of] p2a: Kyogre\n|turn|15\n|\n|t:|1698944048\n|move|p1a: G\u00f3tica|Endure|p1a: G\u00f3tica\n|-singleturn|p1a: G\u00f3tica|move: Endure\n|move|p2a: Kyogre|Thunder|p1a: G\u00f3tica\n|-activate|p1a: G\u00f3tica|move: Endure\n|-damage|p1a: G\u00f3tica|1\/100\n|\n|-weather|PrimordialSea|[upkeep]\n|upkeep\n|turn|16\n|\n|t:|1698944054\n|move|p1a: G\u00f3tica|Shadow Sneak|p2a: Kyogre\n|-damage|p2a: Kyogre|65\/100\n|move|p2a: Kyogre|Thunder|p1a: G\u00f3tica\n|-damage|p1a: G\u00f3tica|0 fnt\n|faint|p1a: G\u00f3tica\n|\n|-weather|PrimordialSea|[upkeep]\n|upkeep\n|\n|t:|1698944061\n|switch|p1a: Togedemaru|Togedemaru, L1, F|100\/100\n|-activate|p1a: Togedemaru|move: Sticky Web\n|-unboost|p1a: Togedemaru|spe|1\n|turn|17\n|\n|t:|1698944082\n|move|p2a: Kyogre|Ice Beam|p1a: Togedemaru\n|-resisted|p1a: Togedemaru\n|-ability|p1a: Togedemaru|Sturdy\n|-damage|p1a: Togedemaru|9\/100\n|move|p1a: Togedemaru|Endeavor|p2a: Kyogre\n|-damage|p2a: Kyogre|1\/100\n|-heal|p1a: Togedemaru|100\/100|[from] item: Shell Bell|[of] p2a: Kyogre\n|\n|-weather|PrimordialSea|[upkeep]\n|upkeep\n|turn|18\n|inactive|milky lol has 120 seconds left.\n|\n|t:|1698944103\n|-weather|none\n|switch|p2a: Blaziken|Blaziken-Mega, F, shiny|79\/100\n|switch|p1a: Necrozma|Necrozma-Ultra|100\/100\n|-activate|p1a: Necrozma|move: Sticky Web\n|-unboost|p1a: Necrozma|spe|1\n|\n|upkeep\n|turn|19\n|\n|t:|1698944109\n|move|p2a: Blaziken|Knock Off|p1a: Necrozma\n|-supereffective|p1a: Necrozma\n|-damage|p1a: Necrozma|40\/100\n|-zpower|p1a: Necrozma\n|move|p1a: Necrozma|Light That Burns the Sky|p2a: Blaziken|[zeffect]\n|-supereffective|p2a: Blaziken\n|-damage|p2a: Blaziken|0 fnt\n|faint|p2a: Blaziken\n|\n|upkeep\n|\n|t:|1698944116\n|switch|p2a: Kyogre|Kyogre-Primal, shiny|1\/100\n|-weather|PrimordialSea|[from] ability: Primordial Sea|[of] p2a: Kyogre\n|turn|20\n|\n|t:|1698944119\n|move|p1a: Necrozma|Dragon Pulse|p2a: Kyogre\n|-damage|p2a: Kyogre|0 fnt\n|faint|p2a: Kyogre\n|-weather|none\n|\n|win|kaikalos\n|raw|kaikalos's rating: 1256 &rarr; <strong>1283<\/strong><br \/>(+27 for winning)\n|raw|milky lol's rating: 1283 &rarr; <strong>1256<\/strong><br \/>(-27 for losing)\n|l|\u2606milky lol\n","uploadtime":1698944137,"views":7,"p1id":"kaikalos","p2id":"milkylol","formatid":"gen9nationaldexubers","rating":1256,"private":0,"password":""}