{"id":"gen9nationaldexubers-1985344185","p1":"Save a Solar","p2":"MintyRevnant","format":"[Gen 9] National Dex Ubers","log":"|j|\u2606Save a Solar\n|j|\u2606MintyRevnant\n|t:|1699366543\n|gametype|singles\n|player|p1|Save a Solar|170|1133\n|player|p2|MintyRevnant|beauty-gen4dp|1023\n|teamsize|p1|6\n|teamsize|p2|6\n|gen|9\n|tier|[Gen 9] National Dex Ubers\n|rated|\n|rule|HP Percentage Mod: HP is shown in percentages\n|rule|Endless Battle Clause: Forcing endless battles is banned\n|rule|OHKO Clause: OHKO moves are banned\n|rule|Evasion Moves Clause: Evasion moves are banned\n|rule|Evasion Items Clause: Evasion items are banned\n|rule|Species Clause: Limit one of each Pok\u00e9mon\n|rule|Sleep Clause Mod: Limit one foe put to sleep\n|rule|Mega Rayquaza Clause: You cannot mega evolve Rayquaza\n|clearpoke\n|poke|p1|Zygarde|\n|poke|p1|Necrozma-Dusk-Mane|\n|poke|p1|Palkia-Origin|\n|poke|p1|Ditto|\n|poke|p1|Ribombee, F|\n|poke|p1|Grimmsnarl, M|\n|poke|p2|Grimmsnarl, M|\n|poke|p2|Iron Valiant|\n|poke|p2|Gardevoir, M|\n|poke|p2|Whimsicott, M|\n|poke|p2|Hatterene, F|\n|poke|p2|Dachsbun, F|\n|teampreview\n|\n|t:|1699366552\n|start\n|switch|p1a: uwu bee|Ribombee, F, shiny|100\/100\n|switch|p2a: Whimsicott|Whimsicott, M, shiny|100\/100\n|turn|1\n|\n|t:|1699366574\n|move|p1a: uwu bee|Sticky Web|p2a: Whimsicott\n|-sidestart|p2: MintyRevnant|move: Sticky Web\n|move|p2a: Whimsicott|Moonblast|p1a: uwu bee\n|-damage|p1a: uwu bee|23\/100\n|\n|upkeep\n|turn|2\n|c|\u2606Save a Solar|Wait\n|c|\u2606Save a Solar|didn\u2019t I battle you before?\n|c|\u2606Save a Solar|I saw that username\n|\n|t:|1699366609\n|move|p1a: uwu bee|U-turn|p2a: Whimsicott\n|-damage|p2a: Whimsicott|79\/100\n|\n|t:|1699366618\n|switch|p1a: HARRY|Grimmsnarl, M, shiny|100\/100|[from] U-turn\n|move|p2a: Whimsicott|Giga Drain|p1a: HARRY\n|-damage|p1a: HARRY|69\/100\n|-heal|p2a: Whimsicott|100\/100|[from] drain|[of] p1a: HARRY\n|\n|upkeep\n|turn|3\n|\n|t:|1699366627\n|move|p1a: HARRY|Light Screen|p1a: HARRY\n|-sidestart|p1: Save a Solar|move: Light Screen\n|move|p2a: Whimsicott|Giga Drain|p1a: HARRY\n|-damage|p1a: HARRY|54\/100\n|\n|upkeep\n|turn|4\n|\n|t:|1699366633\n|move|p2a: Whimsicott|Defog|p1a: HARRY\n|-hint|Since gen 7, Dark is immune to Prankster moves.\n|-immune|p1a: HARRY\n|move|p1a: HARRY|Reflect|p1a: HARRY\n|-sidestart|p1: Save a Solar|Reflect\n|\n|upkeep\n|turn|5\n|\n|t:|1699366658\n|move|p1a: HARRY|Taunt|p2a: Whimsicott\n|-start|p2a: Whimsicott|move: Taunt\n|move|p2a: Whimsicott|Moonblast|p1a: HARRY\n|-supereffective|p1a: HARRY\n|-crit|p1a: HARRY\n|-damage|p1a: HARRY|0 fnt\n|faint|p1a: HARRY\n|\n|upkeep\n|c|\u2606MintyRevnant|Wait a minute do I know you\n|\n|t:|1699366675\n|switch|p1a: #T3: CENTAUR|Palkia-Origin|100\/100\n|-ability|p1a: #T3: CENTAUR|Pressure\n|turn|6\n|\n|t:|1699366680\n|move|p2a: Whimsicott|Moonblast|p1a: #T3: CENTAUR\n|-supereffective|p1a: #T3: CENTAUR\n|-damage|p1a: #T3: CENTAUR|62\/100\n|move|p1a: #T3: CENTAUR|Ice Beam|p2a: Whimsicott\n|-supereffective|p2a: Whimsicott\n|-damage|p2a: Whimsicott|0 fnt\n|faint|p2a: Whimsicott\n|\n|upkeep\n|\n|t:|1699366689\n|switch|p2a: Grimmsnarl|Grimmsnarl, M, shiny|100\/100\n|-activate|p2a: Grimmsnarl|move: Sticky Web\n|-unboost|p2a: Grimmsnarl|spe|1\n|-item|p1a: #T3: CENTAUR|Lustrous Globe|[from] ability: Frisk|[of] p2a: Grimmsnarl|[identify]\n|turn|7\n|\n|t:|1699366696\n|switch|p1a: #T2: STEELION|Necrozma-Dusk-Mane, shiny|100\/100\n|move|p2a: Grimmsnarl|Draining Kiss|p1a: #T2: STEELION\n|-resisted|p1a: #T2: STEELION\n|-damage|p1a: #T2: STEELION|97\/100\n|\n|upkeep\n|turn|8\n|\n|t:|1699366706\n|-terastallize|p2a: Grimmsnarl|Water\n|move|p1a: #T2: STEELION|Dragon Dance|p1a: #T2: STEELION\n|-boost|p1a: #T2: STEELION|atk|1\n|-boost|p1a: #T2: STEELION|spe|1\n|move|p2a: Grimmsnarl|Play Rough|p1a: #T2: STEELION\n|-resisted|p1a: #T2: STEELION\n|-damage|p1a: #T2: STEELION|90\/100\n|\n|upkeep\n|turn|9\n|\n|t:|1699366718\n|move|p1a: #T2: STEELION|Photon Geyser|p2a: Grimmsnarl\n|-damage|p2a: Grimmsnarl|14\/100\n|move|p2a: Grimmsnarl|Play Rough|p1a: #T2: STEELION\n|-resisted|p1a: #T2: STEELION\n|-damage|p1a: #T2: STEELION|83\/100\n|\n|upkeep\n|turn|10\n|\n|t:|1699366730\n|switch|p2a: Dachsbun|Dachsbun, F, shiny|100\/100\n|-activate|p2a: Dachsbun|move: Sticky Web\n|-unboost|p2a: Dachsbun|spe|1\n|move|p1a: #T2: STEELION|Dragon Dance|p1a: #T2: STEELION\n|-boost|p1a: #T2: STEELION|atk|1\n|-boost|p1a: #T2: STEELION|spe|1\n|\n|-sideend|p1: Save a Solar|move: Light Screen\n|upkeep\n|turn|11\n|\n|t:|1699366750\n|move|p1a: #T2: STEELION|Sunsteel Strike|p2a: Dachsbun\n|-supereffective|p2a: Dachsbun\n|-damage|p2a: Dachsbun|0 fnt\n|faint|p2a: Dachsbun\n|\n|-sideend|p1: Save a Solar|Reflect\n|upkeep\n|\n|t:|1699366760\n|switch|p2a: Nerd|Iron Valiant, shiny|100\/100\n|-activate|p2a: Nerd|move: Sticky Web\n|-unboost|p2a: Nerd|spe|1\n|-enditem|p2a: Nerd|Booster Energy\n|-activate|p2a: Nerd|ability: Quark Drive|[fromitem]\n|-start|p2a: Nerd|quarkdriveatk\n|turn|12\n|\n|t:|1699366771\n|move|p1a: #T2: STEELION|Photon Geyser|p2a: Nerd\n|-supereffective|p2a: Nerd\n|-damage|p2a: Nerd|0 fnt\n|faint|p2a: Nerd\n|-end|p2a: Nerd|Quark Drive|[silent]\n|\n|upkeep\n|c|\u2606MintyRevnant|I respect the sweep\n|\n|t:|1699366787\n|switch|p2a: Hatterene|Hatterene, F, shiny|100\/100\n|-activate|p2a: Hatterene|move: Sticky Web\n|-unboost|p2a: Hatterene|spe|1\n|turn|13\n|c|\u2606Save a Solar|Thank you\n|\n|t:|1699366800\n|move|p1a: #T2: STEELION|Sunsteel Strike|p2a: Hatterene\n|-supereffective|p2a: Hatterene\n|-damage|p2a: Hatterene|0 fnt\n|faint|p2a: Hatterene\n|\n|upkeep\n|\n|t:|1699366806\n|switch|p2a: Gardevoir|Gardevoir, M, shiny|100\/100\n|-activate|p2a: Gardevoir|move: Sticky Web\n|-unboost|p2a: Gardevoir|spe|1\n|turn|14\n|\n|t:|1699366812\n|detailschange|p2a: Gardevoir|Gardevoir-Mega, M, shiny\n|-mega|p2a: Gardevoir|Gardevoir|Gardevoirite\n|move|p1a: #T2: STEELION|Sunsteel Strike|p2a: Gardevoir\n|-supereffective|p2a: Gardevoir\n|-damage|p2a: Gardevoir|0 fnt\n|faint|p2a: Gardevoir\n|\n|upkeep\n|\n|t:|1699366819\n|switch|p2a: Grimmsnarl|Grimmsnarl, M, shiny, tera:Water|14\/100\n|-activate|p2a: Grimmsnarl|move: Sticky Web\n|-unboost|p2a: Grimmsnarl|spe|1\n|-item|p1a: #T2: STEELION|Weakness Policy|[from] ability: Frisk|[of] p2a: Grimmsnarl|[identify]\n|turn|15\n|\n|t:|1699366826\n|move|p2a: Grimmsnarl|Protect|p2a: Grimmsnarl\n|-singleturn|p2a: Grimmsnarl|Protect\n|move|p1a: #T2: STEELION|Sunsteel Strike|p2a: Grimmsnarl\n|-activate|p2a: Grimmsnarl|move: Protect\n|\n|upkeep\n|turn|16\n|\n|t:|1699366834\n|move|p1a: #T2: STEELION|Sunsteel Strike|p2a: Grimmsnarl\n|-resisted|p2a: Grimmsnarl\n|-damage|p2a: Grimmsnarl|0 fnt\n|faint|p2a: Grimmsnarl\n|\n|win|Save a Solar\n|raw|Save a Solar's rating: 1133 &rarr; <strong>1150<\/strong><br \/>(+17 for winning)\n|raw|MintyRevnant's rating: 1023 &rarr; <strong>1014<\/strong><br \/>(-9 for losing)\n|c|\u2606MintyRevnant|ggs\n|c|\u2606Save a Solar|Gg\n|l|\u2606MintyRevnant\n|c|\u2606Save a Solar|Again tho\n","uploadtime":1699366874,"views":5,"p1id":"saveasolar","p2id":"mintyrevnant","formatid":"gen9nationaldexubers","rating":1014,"private":0,"password":""}