{"id":"gen9nationaldexubers-1997205969","p1":"Dred king","p2":"700club","format":"[Gen 9] National Dex Ubers","log":"|j|\u2606Dred king\n|j|\u2606700club\n|t:|1700775460\n|gametype|singles\n|player|p1|Dred king|266|1344\n|player|p2|700club|shadowtriad|1240\n|teamsize|p1|6\n|teamsize|p2|6\n|gen|9\n|tier|[Gen 9] National Dex Ubers\n|rated|\n|rule|HP Percentage Mod: HP is shown in percentages\n|rule|Endless Battle Clause: Forcing endless battles is banned\n|rule|OHKO Clause: OHKO moves are banned\n|rule|Evasion Moves Clause: Evasion moves are banned\n|rule|Evasion Items Clause: Evasion items are banned\n|rule|Species Clause: Limit one of each Pok\u00e9mon\n|rule|Sleep Clause Mod: Limit one foe put to sleep\n|rule|Mega Rayquaza Clause: You cannot mega evolve Rayquaza\n|clearpoke\n|poke|p1|Plusle, F|\n|poke|p1|Minun, F|\n|poke|p1|Groudon|\n|poke|p1|Dragonite, F|\n|poke|p1|Grimmsnarl, M|\n|poke|p1|Zacian-*|\n|poke|p2|Ogerpon-Hearthflame, F|\n|poke|p2|Ditto|\n|poke|p2|Deoxys-Speed|\n|poke|p2|Mewtwo|\n|poke|p2|Necrozma-Dusk-Mane|\n|poke|p2|Blissey, F|\n|teampreview\n|c|\u2606700club|hi\n|c|\u2606700club|nice team!\n|\n|t:|1700775491\n|start\n|switch|p1a: Grimmsnarl|Grimmsnarl, M|100\/100\n|switch|p2a: Ogerpon|Ogerpon-Hearthflame, F|100\/100\n|-ability|p2a: Ogerpon|Mold Breaker\n|turn|1\n|c|\u2606Dred king|thx my friends made i t\n|\n|t:|1700775514\n|-terastallize|p2a: Ogerpon|Fire\n|detailschange|p2a: Ogerpon|Ogerpon-Hearthflame-Tera, F, tera:Fire\n|-ability|p2a: Ogerpon|Embody Aspect (Hearthflame)|boost\n|-boost|p2a: Ogerpon|atk|1\n|move|p1a: Grimmsnarl|Reflect|p1a: Grimmsnarl\n|-sidestart|p1: Dred king|Reflect\n|move|p2a: Ogerpon|Ivy Cudgel|p1a: Grimmsnarl|[anim] Ivy Cudgel Fire\n|-crit|p1a: Grimmsnarl\n|-damage|p1a: Grimmsnarl|0 fnt\n|faint|p1a: Grimmsnarl\n|\n|upkeep\n|\n|t:|1700775525\n|switch|p1a: Dragonite|Dragonite, F|100\/100\n|turn|2\n|\n|t:|1700775542\n|-terastallize|p1a: Dragonite|Dragon\n|move|p2a: Ogerpon|Ivy Cudgel|p1a: Dragonite|[anim] Ivy Cudgel Fire\n|-resisted|p1a: Dragonite\n|-damage|p1a: Dragonite|90\/100\n|move|p1a: Dragonite|Dragon Claw|p2a: Ogerpon\n|-damage|p2a: Ogerpon|23\/100\n|-damage|p1a: Dragonite|80\/100|[from] item: Life Orb\n|\n|upkeep\n|turn|3\n|\n|t:|1700775553\n|move|p1a: Dragonite|Extreme Speed|p2a: Ogerpon\n|-crit|p2a: Ogerpon\n|-damage|p2a: Ogerpon|0 fnt\n|faint|p2a: Ogerpon\n|-damage|p1a: Dragonite|70\/100|[from] item: Life Orb\n|\n|upkeep\n|\n|t:|1700775562\n|switch|p2a: Mewtwo|Mewtwo|100\/100\n|-ability|p2a: Mewtwo|Unnerve\n|turn|4\n|\n|t:|1700775582\n|detailschange|p2a: Mewtwo|Mewtwo-Mega-Y\n|-mega|p2a: Mewtwo|Mewtwo|Mewtwonite Y\n|move|p2a: Mewtwo|Ice Beam|p1a: Dragonite\n|-supereffective|p1a: Dragonite\n|-damage|p1a: Dragonite|0 fnt\n|faint|p1a: Dragonite\n|\n|upkeep\n|\n|t:|1700775591\n|switch|p1a: Zacian|Zacian-Crowned|100\/100\n|-ability|p1a: Zacian|Intrepid Sword|boost\n|-boost|p1a: Zacian|atk|1\n|turn|5\n|\n|t:|1700775595\n|move|p1a: Zacian|Swords Dance|p1a: Zacian\n|-boost|p1a: Zacian|atk|2\n|move|p2a: Mewtwo|Fire Blast|p1a: Zacian\n|-supereffective|p1a: Zacian\n|-damage|p1a: Zacian|3\/100\n|\n|upkeep\n|turn|6\n|\n|t:|1700775607\n|move|p1a: Zacian|Play Rough|p2a: Mewtwo\n|-damage|p2a: Mewtwo|0 fnt\n|faint|p2a: Mewtwo\n|\n|upkeep\n|\n|t:|1700775617\n|switch|p2a: Ditto|Ditto|100\/100\n|-transform|p2a: Ditto|p1a: Zacian|[from] ability: Imposter\n|-ability|p2a: Ditto|Intrepid Sword|boost\n|-boost|p2a: Ditto|atk|1\n|turn|7\n|\n|t:|1700775626\n|move|p2a: Ditto|Behemoth Blade|p1a: Zacian\n|-damage|p1a: Zacian|0 fnt\n|faint|p1a: Zacian\n|\n|upkeep\n|\n|t:|1700775629\n|switch|p1a: Groudon|Groudon|100\/100\n|detailschange|p1a: Groudon|Groudon-Primal\n|-primal|p1a: Groudon|Red Orb\n|-weather|DesolateLand|[from] ability: Desolate Land|[of] p1a: Groudon\n|turn|8\n|\n|t:|1700775636\n|move|p2a: Ditto|Behemoth Blade|p1a: Groudon\n|-resisted|p1a: Groudon\n|-crit|p1a: Groudon\n|-damage|p1a: Groudon|9\/100\n|move|p1a: Groudon|Heat Crash|p2a: Ditto\n|-supereffective|p2a: Ditto\n|-damage|p2a: Ditto|0 fnt\n|faint|p2a: Ditto\n|\n|-weather|DesolateLand|[upkeep]\n|-sideend|p1: Dred king|Reflect\n|upkeep\n|\n|t:|1700775648\n|switch|p2a: Deoxys|Deoxys-Speed|100\/100\n|-ability|p2a: Deoxys|Pressure\n|turn|9\n|\n|t:|1700775657\n|move|p2a: Deoxys|Taunt|p1a: Groudon\n|-start|p1a: Groudon|move: Taunt\n|move|p1a: Groudon|Precipice Blades|p2a: Deoxys\n|-enditem|p2a: Deoxys|Focus Sash\n|-damage|p2a: Deoxys|1\/100\n|\n|-weather|DesolateLand|[upkeep]\n|upkeep\n|turn|10\n|\n|t:|1700775674\n|move|p2a: Deoxys|Stealth Rock|p1a: Groudon\n|-sidestart|p1: Dred king|move: Stealth Rock\n|move|p1a: Groudon|Heat Crash|p2a: Deoxys\n|-crit|p2a: Deoxys\n|-damage|p2a: Deoxys|0 fnt\n|faint|p2a: Deoxys\n|\n|-weather|DesolateLand|[upkeep]\n|upkeep\n|\n|t:|1700775681\n|switch|p2a: Necrozma|Necrozma-Dusk-Mane|100\/100\n|turn|11\n|\n|t:|1700775691\n|detailschange|p2a: Necrozma|Necrozma-Ultra\n|-burst|p2a: Necrozma|Necrozma|Ultranecrozium Z\n|move|p2a: Necrozma|Photon Geyser|p1a: Groudon\n|-damage|p1a: Groudon|0 fnt\n|faint|p1a: Groudon\n|-weather|none\n|\n|upkeep\n|\n|t:|1700775701\n|switch|p1a: Minun|Minun, F|100\/100\n|-damage|p1a: Minun|88\/100|[from] Stealth Rock\n|turn|12\n|\n|t:|1700775717\n|move|p1a: Minun|Switcheroo||[still]\n|-fail|p1a: Minun\n|-zpower|p2a: Necrozma\n|move|p2a: Necrozma|Light That Burns the Sky|p1a: Minun|[zeffect]\n|-damage|p1a: Minun|0 fnt\n|faint|p1a: Minun\n|\n|upkeep\n|c|\u2606700club|!dt switcheroo\n|raw|<ul class=\"utilichart\"><li class=\"result\"><span class=\"col movenamecol\"><a href=\"https:\/\/dex.pokemonshowdown.com\/moves\/switcheroo\">Switcheroo<\/a><\/span> <span class=\"col typecol\"><img src=\"\/\/play.pokemonshowdown.com\/sprites\/types\/Dark.png\" alt=\"Dark\" width=\"32\" height=\"14\"><img src=\"\/\/play.pokemonshowdown.com\/sprites\/categories\/Status.png\" alt=\"Status\" width=\"32\" height=\"14\"><\/span> <span class=\"col widelabelcol\"><em>Accuracy<\/em><br>100%<\/span> <span class=\"col pplabelcol\"><em>PP<\/em><br>16<\/span> <span class=\"col movedesccol\">User switches its held item with the target's.<\/span> <\/li><li style=\"clear:both\"><\/li><\/ul>\n|raw|<font size=\"1\"><font color=\"#686868\">Priority:<\/font> 0&nbsp;|&ThickSpace;<font color=\"#686868\">Gen:<\/font> 4&nbsp;|&ThickSpace;<font color=\"#686868\">Z-Effect:<\/font>  Speed +2&nbsp;|&ThickSpace;<font color=\"#686868\">Target:<\/font> One Adjacent Pok\u00e9mon<\/font>\n\n|\n|t:|1700775770\n|switch|p1a: Plusle|Plusle, F|100\/100\n|-damage|p1a: Plusle|88\/100|[from] Stealth Rock\n|turn|13\n|\n|t:|1700775777\n|switch|p2a: Blissey|Blissey, F|100\/100\n|move|p1a: Plusle|Discharge|p2a: Blissey\n|-damage|p2a: Blissey|91\/100\n|-status|p2a: Blissey|par\n|\n|upkeep\n|turn|14\n|\n|t:|1700775802\n|move|p1a: Plusle|Nasty Plot|p1a: Plusle\n|-boost|p1a: Plusle|spa|2\n|move|p2a: Blissey|Shadow Ball|p1a: Plusle\n|-damage|p1a: Plusle|63\/100\n|\n|upkeep\n|turn|15\n|\n|t:|1700775812\n|move|p1a: Plusle|Nasty Plot|p1a: Plusle\n|-boost|p1a: Plusle|spa|2\n|move|p2a: Blissey|Seismic Toss|p1a: Plusle\n|-damage|p1a: Plusle|24\/100\n|\n|upkeep\n|turn|16\n|\n|t:|1700775824\n|move|p1a: Plusle|Discharge|p2a: Blissey\n|-damage|p2a: Blissey|61\/100 par\n|cant|p2a: Blissey|par\n|\n|upkeep\n|turn|17\n|\n|t:|1700775835\n|move|p1a: Plusle|Nasty Plot|p1a: Plusle\n|-boost|p1a: Plusle|spa|2\n|move|p2a: Blissey|Seismic Toss|p1a: Plusle\n|-damage|p1a: Plusle|0 fnt\n|faint|p1a: Plusle\n|\n|win|700club\n|raw|Dred king's rating: 1344 &rarr; <strong>1318<\/strong><br \/>(-26 for losing)\n|raw|700club's rating: 1240 &rarr; <strong>1272<\/strong><br \/>(+32 for winning)\n|l|\u2606Dred king\n|c|\u2606700club|gg\n","uploadtime":1700775847,"views":6,"p1id":"dredking","p2id":"700club","formatid":"gen9nationaldexubers","rating":1272,"private":0,"password":""}