{"id":"gen9nationaldexubers-1993701177","p1":"85792195wwww","p2":"Kat_XIII","format":"[Gen 9] National Dex Ubers","log":"|j|\u260685792195wwww\n|j|\u2606Kat_XIII\n|t:|1700347133\n|gametype|singles\n|player|p1|85792195wwww|mira|1632\n|player|p2|Kat_XIII|rood|1774\n|teamsize|p1|6\n|teamsize|p2|6\n|gen|9\n|tier|[Gen 9] National Dex Ubers\n|rated|\n|rule|HP Percentage Mod: HP is shown in percentages\n|rule|Endless Battle Clause: Forcing endless battles is banned\n|rule|OHKO Clause: OHKO moves are banned\n|rule|Evasion Moves Clause: Evasion moves are banned\n|rule|Evasion Items Clause: Evasion items are banned\n|rule|Species Clause: Limit one of each Pok\u00e9mon\n|rule|Sleep Clause Mod: Limit one foe put to sleep\n|rule|Mega Rayquaza Clause: You cannot mega evolve Rayquaza\n|clearpoke\n|poke|p1|Xerneas-*|\n|poke|p1|Mewtwo|\n|poke|p1|Arceus|\n|poke|p1|Kyogre|\n|poke|p1|Krookodile, F|\n|poke|p1|Groudon|\n|poke|p2|Zacian-*|\n|poke|p2|Xerneas-*|\n|poke|p2|Deoxys-Speed|\n|poke|p2|Groudon|\n|poke|p2|Arceus-Ground|\n|poke|p2|Necrozma-Dusk-Mane|\n|teampreview\n|inactive|Battle timer is ON: inactive players will automatically lose when time's up. (requested by Kat_XIII)\n|c|\u2606Kat_XIII|glhf\n|\n|t:|1700347140\n|start\n|switch|p1a: Krookodile|Krookodile, F|100\/100\n|switch|p2a: Deoxys|Deoxys-Speed|100\/100\n|-ability|p2a: Deoxys|Pressure\n|-ability|p1a: Krookodile|Intimidate|boost\n|-unboost|p2a: Deoxys|atk|1\n|turn|1\n|\n|t:|1700347150\n|move|p2a: Deoxys|Taunt|p1a: Krookodile\n|-start|p1a: Krookodile|move: Taunt\n|move|p1a: Krookodile|Bulldoze|p2a: Deoxys\n|-damage|p2a: Deoxys|68\/100\n|-unboost|p2a: Deoxys|spe|1\n|\n|upkeep\n|turn|2\n|\n|t:|1700347157\n|move|p2a: Deoxys|Stealth Rock|p1a: Krookodile\n|-sidestart|p1: 85792195wwww|move: Stealth Rock\n|move|p1a: Krookodile|Bulldoze|p2a: Deoxys\n|-damage|p2a: Deoxys|35\/100\n|-unboost|p2a: Deoxys|spe|1\n|\n|upkeep\n|turn|3\n|\n|t:|1700347164\n|move|p1a: Krookodile|Bulldoze|p2a: Deoxys\n|-damage|p2a: Deoxys|0 fnt\n|faint|p2a: Deoxys\n|\n|-end|p1a: Krookodile|move: Taunt\n|upkeep\n|\n|t:|1700347174\n|switch|p2a: Zacian|Zacian-Crowned|100\/100\n|-ability|p2a: Zacian|Intrepid Sword|boost\n|-boost|p2a: Zacian|atk|1\n|turn|4\n|\n|t:|1700347179\n|move|p2a: Zacian|Play Rough|p1a: Krookodile|[miss]\n|-miss|p2a: Zacian|p1a: Krookodile\n|move|p1a: Krookodile|Bulldoze|p2a: Zacian\n|-supereffective|p2a: Zacian\n|-damage|p2a: Zacian|49\/100\n|-unboost|p2a: Zacian|spe|1\n|\n|upkeep\n|turn|5\n|\n|t:|1700347189\n|switch|p2a: Arceus|Arceus-Ground|100\/100\n|move|p1a: Krookodile|Bulldoze|p2a: Arceus\n|-damage|p2a: Arceus|81\/100\n|-unboost|p2a: Arceus|spe|1\n|\n|upkeep\n|turn|6\n|\n|t:|1700347197\n|move|p1a: Krookodile|Stealth Rock|p2a: Arceus\n|-sidestart|p2: Kat_XIII|move: Stealth Rock\n|move|p2a: Arceus|Earthquake|p1a: Krookodile\n|-damage|p1a: Krookodile|14\/100\n|\n|upkeep\n|turn|7\n|\n|t:|1700347207\n|switch|p1a: Mewtwo|Mewtwo|100\/100\n|-damage|p1a: Mewtwo|88\/100|[from] Stealth Rock\n|-ability|p1a: Mewtwo|Pressure\n|move|p2a: Arceus|Dragon Dance|p2a: Arceus\n|-boost|p2a: Arceus|atk|1\n|-boost|p2a: Arceus|spe|1\n|\n|upkeep\n|turn|8\n|\n|t:|1700347217\n|detailschange|p1a: Mewtwo|Mewtwo-Mega-Y\n|-mega|p1a: Mewtwo|Mewtwo|Mewtwonite Y\n|move|p1a: Mewtwo|Ice Beam|p2a: Arceus\n|-supereffective|p2a: Arceus\n|-damage|p2a: Arceus|25\/100\n|-status|p2a: Arceus|frz\n|cant|p2a: Arceus|frz\n|\n|upkeep\n|turn|9\n|\n|t:|1700347227\n|move|p1a: Mewtwo|Nasty Plot|p1a: Mewtwo\n|-boost|p1a: Mewtwo|spa|2\n|cant|p2a: Arceus|frz\n|\n|upkeep\n|turn|10\n|\n|t:|1700347233\n|move|p1a: Mewtwo|Psystrike|p2a: Arceus\n|-damage|p2a: Arceus|0 fnt\n|faint|p2a: Arceus\n|\n|upkeep\n|\n|t:|1700347236\n|switch|p2a: Zacian|Zacian-Crowned|49\/100\n|-damage|p2a: Zacian|43\/100|[from] Stealth Rock\n|turn|11\n|\n|t:|1700347242\n|move|p2a: Zacian|Play Rough|p1a: Mewtwo\n|-damage|p1a: Mewtwo|24\/100\n|move|p1a: Mewtwo|Psystrike|p2a: Zacian\n|-resisted|p2a: Zacian\n|-damage|p2a: Zacian|0 fnt\n|faint|p2a: Zacian\n|\n|upkeep\n|c|\u2606Kat_XIII|gg\n|c|\u2606Kat_XIII|wp\n|-message|Kat_XIII forfeited.\n|\n|win|85792195wwww\n|raw|85792195wwww's rating: 1632 &rarr; <strong>1660<\/strong><br \/>(+28 for winning)\n|raw|Kat_XIII's rating: 1774 &rarr; <strong>1746<\/strong><br \/>(-28 for losing)\n|l|\u2606Kat_XIII\n","uploadtime":1700347268,"views":6,"p1id":"85792195wwww","p2id":"katxiii","formatid":"gen9nationaldexubers","rating":1660,"private":0,"password":""}