{"id":"gen9nationaldexubers-1978756396","p1":"BeentoShira","p2":"Edras16","format":"[Gen 9] National Dex Ubers","log":"|j|\u2606BeentoShira\n|j|\u2606Edras16\n|t:|1698591404\n|gametype|singles\n|player|p1|BeentoShira|waitress-gen4|\n|player|p2|Edras16|steven|\n|teamsize|p1|6\n|teamsize|p2|6\n|gen|9\n|tier|[Gen 9] National Dex Ubers\n|rule|HP Percentage Mod: HP is shown in percentages\n|rule|Endless Battle Clause: Forcing endless battles is banned\n|rule|OHKO Clause: OHKO moves are banned\n|rule|Evasion Moves Clause: Evasion moves are banned\n|rule|Evasion Items Clause: Evasion items are banned\n|rule|Species Clause: Limit one of each Pok\u00e9mon\n|rule|Sleep Clause Mod: Limit one foe put to sleep\n|rule|Mega Rayquaza Clause: You cannot mega evolve Rayquaza\n|clearpoke\n|poke|p1|Roaring Moon|\n|poke|p1|Lopunny, M|\n|poke|p1|Landorus-Therian, M|\n|poke|p1|Volcarona, M|\n|poke|p1|Iron Valiant|\n|poke|p1|Great Tusk|\n|poke|p2|Tapu Lele|\n|poke|p2|Mewtwo|\n|poke|p2|Blissey, F|\n|poke|p2|Starmie|\n|poke|p2|Gallade, M|\n|poke|p2|Armarouge, M|\n|teampreview\n|inactive|Battle timer is ON: inactive players will automatically lose when time's up. (requested by Edras16)\n|c|\u2606Edras16|Glhf\n|c|\u2606BeentoShira|omfg blissey\n|c|\u2606BeentoShira|mewtwo\n|\n|t:|1698591427\n|start\n|switch|p1a: kurwa jebana|Lopunny, M, shiny|100\/100\n|switch|p2a: Starmie|Starmie|100\/100\n|turn|1\n|c|\u2606Edras16|Glhf\n|\n|t:|1698591434\n|switch|p2a: Tapu Lele|Tapu Lele|100\/100\n|-fieldstart|move: Psychic Terrain|[from] ability: Psychic Surge|[of] p2a: Tapu Lele\n|detailschange|p1a: kurwa jebana|Lopunny-Mega, M, shiny\n|-mega|p1a: kurwa jebana|Lopunny|Lopunnite\n|move|p1a: kurwa jebana|Fake Out|p2a: Tapu Lele\n|-activate|p2a: Tapu Lele|move: Psychic Terrain\n|\n|upkeep\n|turn|2\n|\n|t:|1698591443\n|move|p1a: kurwa jebana|U-turn|p2a: Tapu Lele\n|-crit|p2a: Tapu Lele\n|-damage|p2a: Tapu Lele|46\/100\n|c|\u2606BeentoShira|glhf\n|\n|t:|1698591452\n|switch|p1a: Entomophobia|Volcarona, M|100\/100|[from] U-turn\n|move|p2a: Tapu Lele|Future Sight|p1a: Entomophobia\n|-start|p2a: Tapu Lele|move: Future Sight\n|\n|upkeep\n|turn|3\n|\n|t:|1698591457\n|move|p2a: Tapu Lele|Psyshock|p1a: Entomophobia\n|-damage|p1a: Entomophobia|10\/100\n|move|p1a: Entomophobia|Quiver Dance|p1a: Entomophobia\n|-boost|p1a: Entomophobia|spa|1\n|-boost|p1a: Entomophobia|spd|1\n|-boost|p1a: Entomophobia|spe|1\n|\n|upkeep\n|turn|4\n|\n|t:|1698591467\n|switch|p2a: Blissey|Blissey, F|100\/100\n|move|p1a: Entomophobia|Bug Buzz|p2a: Blissey\n|-damage|p2a: Blissey|77\/100\n|\n|-end|p1a: Entomophobia|move: Future Sight\n|-damage|p1a: Entomophobia|0 fnt\n|faint|p1a: Entomophobia\n|upkeep\n|\n|t:|1698591472\n|switch|p1a: real g tusk|Great Tusk|100\/100\n|turn|5\n|\n|t:|1698591477\n|move|p1a: real g tusk|Knock Off|p2a: Blissey\n|-damage|p2a: Blissey|0 fnt\n|-enditem|p2a: Blissey|Heavy-Duty Boots|[from] move: Knock Off|[of] p1a: real g tusk\n|faint|p2a: Blissey\n|\n|upkeep\n|\n|t:|1698591489\n|switch|p2a: Mewtwo|Mewtwo|100\/100\n|-ability|p2a: Mewtwo|Pressure\n|turn|6\n|c|\u2606BeentoShira|why boots\n|c|\u2606BeentoShira|wtf\n|c|\u2606Edras16|Idk its common\n|\n|t:|1698591515\n|-end|p1a: real g tusk|Protosynthesis|[silent]\n|switch|p1a: malicious|Landorus-Therian, M|100\/100\n|-ability|p1a: malicious|Intimidate|boost\n|-unboost|p2a: Mewtwo|atk|1\n|move|p2a: Mewtwo|Focus Blast|p1a: malicious\n|-resisted|p1a: malicious\n|-damage|p1a: malicious|65\/100\n|\n|upkeep\n|turn|7\n|\n|t:|1698591523\n|switch|p2a: Gallade|Gallade, M|100\/100\n|move|p1a: malicious|Knock Off|p2a: Gallade\n|-damage|p2a: Gallade|58\/100\n|-ability|p2a: Gallade|Justified|boost\n|-boost|p2a: Gallade|atk|1\n|\n|upkeep\n|turn|8\n|\n|t:|1698591528\n|detailschange|p2a: Gallade|Gallade-Mega, M\n|-mega|p2a: Gallade|Gallade|Galladite\n|move|p2a: Gallade|Zen Headbutt|p1a: malicious|[miss]\n|-miss|p2a: Gallade|p1a: malicious\n|move|p1a: malicious|Earthquake|p2a: Gallade\n|-damage|p2a: Gallade|0 fnt\n|faint|p2a: Gallade\n|\n|-fieldend|move: Psychic Terrain\n|upkeep\n|c|\u2606BeentoShira|ooh\n|c|\u2606BeentoShira|sad\n|c|\u2606Edras16|Bruh\n|c|\u2606BeentoShira|unlucky\n|\n|t:|1698591539\n|switch|p2a: Starmie|Starmie|100\/100\n|turn|9\n|\n|t:|1698591546\n|switch|p1a: bober|Roaring Moon|100\/100\n|move|p2a: Starmie|Meteor Beam||[still]\n|-prepare|p2a: Starmie|Meteor Beam\n|-boost|p2a: Starmie|spa|1\n|-enditem|p2a: Starmie|Power Herb\n|-anim|p2a: Starmie|Meteor Beam|p1a: bober\n|-damage|p1a: bober|37\/100\n|\n|upkeep\n|turn|10\n|c|\u2606BeentoShira|BRO?\n|\n|t:|1698591556\n|move|p2a: Starmie|Rapid Spin|p1a: bober\n|-damage|p1a: bober|25\/100\n|-boost|p2a: Starmie|spe|1\n|-zpower|p1a: bober\n|move|p1a: bober|Black Hole Eclipse|p2a: Starmie|[zeffect]\n|-supereffective|p2a: Starmie\n|-damage|p2a: Starmie|0 fnt\n|faint|p2a: Starmie\n|\n|upkeep\n|\n|t:|1698591560\n|switch|p2a: Mewtwo|Mewtwo|100\/100\n|-ability|p2a: Mewtwo|Pressure\n|turn|11\n|\n|t:|1698591571\n|move|p2a: Mewtwo|Aura Sphere|p1a: bober\n|-supereffective|p1a: bober\n|-damage|p1a: bober|0 fnt\n|faint|p1a: bober\n|-end|p1a: bober|Protosynthesis|[silent]\n|\n|upkeep\n|c|\u2606Edras16|Oh i thought it was jolly\n|\n|t:|1698591575\n|switch|p1a: malicious|Landorus-Therian, M|65\/100\n|-ability|p1a: malicious|Intimidate|boost\n|-unboost|p2a: Mewtwo|atk|1\n|turn|12\n|\n|t:|1698591580\n|switch|p2a: Tapu Lele|Tapu Lele|46\/100\n|-fieldstart|move: Psychic Terrain|[from] ability: Psychic Surge|[of] p2a: Tapu Lele\n|move|p1a: malicious|Knock Off|p2a: Tapu Lele\n|-damage|p2a: Tapu Lele|0 fnt\n|-enditem|p2a: Tapu Lele|Terrain Extender|[from] move: Knock Off|[of] p1a: malicious\n|faint|p2a: Tapu Lele\n|\n|upkeep\n|c|\u2606Edras16|I win now tho\n|c|\u2606BeentoShira|fuck lele\n|\n|t:|1698591588\n|switch|p2a: Mewtwo|Mewtwo|100\/100\n|-ability|p2a: Mewtwo|Pressure\n|turn|13\n|c|\u2606BeentoShira|is it scarf\n|c|\u2606BeentoShira|ofc it is\n|c|\u2606Edras16|Yup\n|\n|t:|1698591608\n|-terastallize|p2a: Mewtwo|Psychic\n|move|p2a: Mewtwo|Expanding Force|p1a: malicious\n|-damage|p1a: malicious|0 fnt\n|faint|p1a: malicious\n|\n|upkeep\n|\n|t:|1698591611\n|switch|p1a: owo|Iron Valiant|100\/100\n|-enditem|p1a: owo|Booster Energy\n|-activate|p1a: owo|ability: Quark Drive|[fromitem]\n|-start|p1a: owo|quarkdrivespe\n|turn|14\n|\n|t:|1698591617\n|move|p1a: owo|Shadow Ball|p2a: Mewtwo\n|-supereffective|p2a: Mewtwo\n|-damage|p2a: Mewtwo|47\/100\n|-unboost|p2a: Mewtwo|spd|1\n|move|p2a: Mewtwo|Expanding Force|p1a: owo\n|-supereffective|p1a: owo\n|-damage|p1a: owo|0 fnt\n|faint|p1a: owo\n|-end|p1a: owo|Quark Drive|[silent]\n|\n|upkeep\n|\n|t:|1698591628\n|switch|p1a: real g tusk|Great Tusk|100\/100\n|turn|15\n|\n|t:|1698591633\n|move|p2a: Mewtwo|Expanding Force|p1a: real g tusk\n|-supereffective|p1a: real g tusk\n|-damage|p1a: real g tusk|0 fnt\n|faint|p1a: real g tusk\n|-end|p1a: real g tusk|Protosynthesis|[silent]\n|\n|upkeep\n|\n|t:|1698591636\n|switch|p1a: kurwa jebana|Lopunny-Mega, M, shiny|100\/100\n|turn|16\n|c|\u2606BeentoShira|cancer\n|c|\u2606Edras16|Gg\n|c|\u2606BeentoShira|fuck psy surge\n|c|\u2606BeentoShira|gg\n|\n|t:|1698591648\n|move|p1a: kurwa jebana|Fake Out|p2a: Mewtwo\n|-activate|p2a: Mewtwo|move: Psychic Terrain\n|move|p2a: Mewtwo|Expanding Force|p1a: kurwa jebana\n|-supereffective|p1a: kurwa jebana\n|-damage|p1a: kurwa jebana|0 fnt\n|faint|p1a: kurwa jebana\n|\n|win|Edras16\n|c|\u2606Edras16|Yeah gin was smoking when he let me use mewtwo\n|c|\u2606BeentoShira|scarf mewtwo\n|c|\u2606Edras16|But im not complaining\n|c|\u2606BeentoShira|bro\n|c|\u2606BeentoShira|wtf outspeeds that\n|c|\u2606BeentoShira|i knew i needed a sucker pincher\n|c|\u2606Edras16|This thing can run 8 bazillion sets\n|c|\u2606BeentoShira|puncher\n|c|\u2606BeentoShira|wait no even\n|c|\u2606BeentoShira|sucker punch doesnt work\n|c|\u2606Edras16|Yeah\n|c|\u2606Edras16|Psy terrain\n|c|\u2606BeentoShira|i wouldnt even win with\n|c|\u2606BeentoShira|moonblast spa drop\n|c|\u2606BeentoShira|with av tusk\n|c|\u2606BeentoShira|would i?\n","uploadtime":1698591716,"views":9,"p1id":"beentoshira","p2id":"edras16","formatid":"gen9nationaldexubers","rating":0,"private":0,"password":""}