{"id":"gen9nationaldexubers-1988313595","p1":"1 em trach thu","p2":"tootmimi","format":"[Gen 9] National Dex Ubers","log":"|j|\u26061 em trach thu\n|j|\u2606tootmimi\n|t:|1699706861\n|gametype|singles\n|player|p1|1 em trach thu|102|1691\n|player|p2|tootmimi|102|1606\n|teamsize|p1|6\n|teamsize|p2|6\n|gen|9\n|tier|[Gen 9] National Dex Ubers\n|rated|\n|rule|HP Percentage Mod: HP is shown in percentages\n|rule|Endless Battle Clause: Forcing endless battles is banned\n|rule|OHKO Clause: OHKO moves are banned\n|rule|Evasion Moves Clause: Evasion moves are banned\n|rule|Evasion Items Clause: Evasion items are banned\n|rule|Species Clause: Limit one of each Pok\u00e9mon\n|rule|Sleep Clause Mod: Limit one foe put to sleep\n|rule|Mega Rayquaza Clause: You cannot mega evolve Rayquaza\n|clearpoke\n|poke|p1|Kyogre|\n|poke|p1|Groudon|\n|poke|p1|Zacian-*|\n|poke|p1|Arceus|\n|poke|p1|Rayquaza|\n|poke|p1|Banette, M|\n|poke|p2|Yveltal|\n|poke|p2|Calyrex-Ice|\n|poke|p2|Necrozma-Dusk-Mane|\n|poke|p2|Zacian-*|\n|poke|p2|Groudon|\n|poke|p2|Xerneas-*|\n|teampreview\n|inactive|Battle timer is ON: inactive players will automatically lose when time's up. (requested by 1 em trach thu)\n|inactive|tootmimi also wants the timer to be on.\n|\n|t:|1699706872\n|start\n|switch|p1a: Arceus|Arceus|100\/100\n|switch|p2a: Yveltal|Yveltal|100\/100\n|-ability|p2a: Yveltal|Dark Aura\n|turn|1\n|\n|t:|1699706880\n|move|p1a: Arceus|Toxic|p2a: Yveltal\n|-status|p2a: Yveltal|tox\n|move|p2a: Yveltal|Knock Off|p1a: Arceus\n|-damage|p1a: Arceus|51\/100\n|-enditem|p1a: Arceus|Leftovers|[from] move: Knock Off|[of] p2a: Yveltal\n|\n|-damage|p2a: Yveltal|94\/100 tox|[from] psn\n|upkeep\n|turn|2\n|\n|t:|1699706892\n|move|p1a: Arceus|Stealth Rock|p2a: Yveltal\n|-sidestart|p2: tootmimi|move: Stealth Rock\n|-zpower|p2a: Yveltal\n|move|p2a: Yveltal|Black Hole Eclipse|p1a: Arceus|[zeffect]\n|-damage|p1a: Arceus|0 fnt\n|faint|p1a: Arceus\n|\n|-damage|p2a: Yveltal|82\/100 tox|[from] psn\n|upkeep\n|\n|t:|1699706908\n|switch|p1a: Groudon|Groudon|100\/100\n|detailschange|p1a: Groudon|Groudon-Primal\n|-primal|p1a: Groudon|Red Orb\n|-weather|DesolateLand|[from] ability: Desolate Land|[of] p1a: Groudon\n|turn|3\n|\n|t:|1699706916\n|move|p1a: Groudon|Rock Polish|p1a: Groudon\n|-boost|p1a: Groudon|spe|2\n|move|p2a: Yveltal|Oblivion Wing|p1a: Groudon\n|-damage|p1a: Groudon|61\/100\n|-heal|p2a: Yveltal|100\/100 tox|[from] drain|[of] p1a: Groudon\n|\n|-weather|DesolateLand|[upkeep]\n|-damage|p2a: Yveltal|82\/100 tox|[from] psn\n|upkeep\n|turn|4\n|\n|t:|1699706927\n|move|p2a: Yveltal|Sucker Punch|p1a: Groudon\n|-damage|p1a: Groudon|33\/100\n|move|p1a: Groudon|Flamethrower|p2a: Yveltal\n|-damage|p2a: Yveltal|15\/100 tox\n|\n|-weather|DesolateLand|[upkeep]\n|-damage|p2a: Yveltal|0 fnt|[from] psn\n|faint|p2a: Yveltal\n|upkeep\n|\n|t:|1699706938\n|switch|p2a: Xerneas|Xerneas|100\/100\n|-damage|p2a: Xerneas|88\/100|[from] Stealth Rock\n|-ability|p2a: Xerneas|Fairy Aura\n|turn|5\n|\n|t:|1699706952\n|move|p1a: Groudon|Flamethrower|p2a: Xerneas\n|-damage|p2a: Xerneas|19\/100\n|move|p2a: Xerneas|Psychic|p1a: Groudon\n|-damage|p1a: Groudon|0 fnt\n|faint|p1a: Groudon\n|-weather|none\n|\n|upkeep\n|\n|t:|1699706967\n|switch|p1a: Rayquaza|Rayquaza|100\/100\n|-ability|p1a: Rayquaza|Air Lock\n|turn|6\n|\n|t:|1699706973\n|move|p1a: Rayquaza|Extreme Speed|p2a: Xerneas\n|-damage|p2a: Xerneas|0 fnt\n|faint|p2a: Xerneas\n|\n|upkeep\n|\n|t:|1699706980\n|switch|p2a: Necrozma|Necrozma-Dusk-Mane|100\/100\n|-damage|p2a: Necrozma|94\/100|[from] Stealth Rock\n|turn|7\n|\n|t:|1699706987\n|switch|p1a: Banette|Banette, M|100\/100\n|-item|p2a: Necrozma|Leftovers|[from] ability: Frisk|[of] p1a: Banette|[identify]\n|move|p2a: Necrozma|Trick Room|p2a: Necrozma\n|-fieldstart|move: Trick Room|[of] p2a: Necrozma\n|\n|-heal|p2a: Necrozma|100\/100|[from] item: Leftovers\n|upkeep\n|turn|8\n|\n|t:|1699706996\n|detailschange|p1a: Banette|Banette-Mega, M\n|-mega|p1a: Banette|Banette|Banettite\n|move|p1a: Banette|Encore|p2a: Necrozma\n|-start|p2a: Necrozma|Encore\n|move|p2a: Necrozma|Trick Room|p2a: Necrozma\n|-fieldend|move: Trick Room\n|\n|upkeep\n|turn|9\n|\n|t:|1699707006\n|switch|p2a: Groudon|Groudon|100\/100\n|-damage|p2a: Groudon|94\/100|[from] Stealth Rock\n|detailschange|p2a: Groudon|Groudon-Primal\n|-primal|p2a: Groudon|Red Orb\n|-weather|DesolateLand|[from] ability: Desolate Land|[of] p2a: Groudon\n|move|p1a: Banette|Knock Off|p2a: Groudon\n|-damage|p2a: Groudon|77\/100\n|\n|-weather|DesolateLand|[upkeep]\n|upkeep\n|turn|10\n|\n|t:|1699707017\n|switch|p1a: Rayquaza|Rayquaza|100\/100\n|-ability|p1a: Rayquaza|Air Lock\n|move|p2a: Groudon|Stealth Rock|p1a: Rayquaza\n|-sidestart|p1: 1 em trach thu|move: Stealth Rock\n|\n|-weather|DesolateLand|[upkeep]\n|upkeep\n|turn|11\n|\n|t:|1699707033\n|move|p1a: Rayquaza|Surf|p2a: Groudon\n|-supereffective|p2a: Groudon\n|-damage|p2a: Groudon|0 fnt\n|faint|p2a: Groudon\n|-weather|none\n|\n|upkeep\n|\n|t:|1699707039\n|switch|p2a: Necrozma|Necrozma-Dusk-Mane|100\/100\n|-damage|p2a: Necrozma|94\/100|[from] Stealth Rock\n|turn|12\n|\n|t:|1699707050\n|move|p1a: Rayquaza|V-create|p2a: Necrozma\n|-supereffective|p2a: Necrozma\n|-damage|p2a: Necrozma|44\/100\n|-unboost|p1a: Rayquaza|spe|1\n|-unboost|p1a: Rayquaza|def|1\n|-unboost|p1a: Rayquaza|spd|1\n|move|p2a: Necrozma|Trick Room|p2a: Necrozma\n|-fieldstart|move: Trick Room|[of] p2a: Necrozma\n|\n|-heal|p2a: Necrozma|50\/100|[from] item: Leftovers\n|upkeep\n|turn|13\n|\n|t:|1699707060\n|move|p2a: Necrozma|Iron Head|p1a: Rayquaza\n|-damage|p1a: Rayquaza|36\/100\n|cant|p1a: Rayquaza|flinch\n|\n|-heal|p2a: Necrozma|57\/100|[from] item: Leftovers\n|upkeep\n|turn|14\n|\n|t:|1699707068\n|switch|p1a: Kyogre|Kyogre|100\/100\n|-damage|p1a: Kyogre|88\/100|[from] Stealth Rock\n|detailschange|p1a: Kyogre|Kyogre-Primal\n|-primal|p1a: Kyogre|Blue Orb\n|-weather|PrimordialSea|[from] ability: Primordial Sea|[of] p1a: Kyogre\n|move|p2a: Necrozma|Iron Head|p1a: Kyogre\n|-resisted|p1a: Kyogre\n|-damage|p1a: Kyogre|67\/100\n|\n|-weather|PrimordialSea|[upkeep]\n|-heal|p2a: Necrozma|63\/100|[from] item: Leftovers\n|upkeep\n|turn|15\n|\n|t:|1699707081\n|move|p2a: Necrozma|Moonlight|p2a: Necrozma\n|-heal|p2a: Necrozma|87\/100\n|move|p1a: Kyogre|Surf|p2a: Necrozma\n|-damage|p2a: Necrozma|14\/100\n|\n|-weather|PrimordialSea|[upkeep]\n|-heal|p2a: Necrozma|20\/100|[from] item: Leftovers\n|upkeep\n|turn|16\n|\n|t:|1699707090\n|move|p2a: Necrozma|Iron Head|p1a: Kyogre\n|-resisted|p1a: Kyogre\n|-crit|p1a: Kyogre\n|-damage|p1a: Kyogre|33\/100\n|move|p1a: Kyogre|Surf|p2a: Necrozma\n|-damage|p2a: Necrozma|0 fnt\n|faint|p2a: Necrozma\n|\n|-weather|PrimordialSea|[upkeep]\n|-fieldend|move: Trick Room\n|upkeep\n|\n|t:|1699707099\n|switch|p2a: Zacian|Zacian-Crowned|100\/100\n|-damage|p2a: Zacian|94\/100|[from] Stealth Rock\n|-ability|p2a: Zacian|Intrepid Sword|boost\n|-boost|p2a: Zacian|atk|1\n|turn|17\n|\n|t:|1699707107\n|move|p2a: Zacian|Wild Charge|p1a: Kyogre\n|-supereffective|p1a: Kyogre\n|-damage|p1a: Kyogre|0 fnt\n|faint|p1a: Kyogre\n|-weather|none\n|-damage|p2a: Zacian|86\/100|[from] Recoil\n|\n|upkeep\n|\n|t:|1699707125\n|switch|p1a: Banette|Banette-Mega, M|100\/100\n|-damage|p1a: Banette|88\/100|[from] Stealth Rock\n|turn|18\n|\n|t:|1699707132\n|move|p1a: Banette|Destiny Bond|p1a: Banette\n|-singlemove|p1a: Banette|Destiny Bond\n|move|p2a: Zacian|Play Rough|p1a: Banette\n|-damage|p1a: Banette|0 fnt\n|faint|p1a: Banette\n|-activate|p1a: Banette|move: Destiny Bond\n|faint|p2a: Zacian\n|\n|upkeep\n|\n|t:|1699707148\n|switch|p2a: Calyrex|Calyrex-Ice|100\/100\n|switch|p1a: Rayquaza|Rayquaza|36\/100\n|-ability|p2a: Calyrex|As One\n|-ability|p2a: Calyrex|Unnerve\n|-damage|p1a: Rayquaza|12\/100|[from] Stealth Rock\n|-ability|p1a: Rayquaza|Air Lock\n|turn|19\n|\n|t:|1699707163\n|-terastallize|p2a: Calyrex|Ground\n|move|p1a: Rayquaza|V-create|p2a: Calyrex\n|-damage|p2a: Calyrex|67\/100\n|-unboost|p1a: Rayquaza|spe|1\n|-unboost|p1a: Rayquaza|def|1\n|-unboost|p1a: Rayquaza|spd|1\n|move|p2a: Calyrex|Trick Room|p2a: Calyrex\n|-fieldstart|move: Trick Room|[of] p2a: Calyrex\n|\n|upkeep\n|turn|20\n|\n|t:|1699707172\n|move|p1a: Rayquaza|Extreme Speed|p2a: Calyrex\n|-damage|p2a: Calyrex|50\/100\n|move|p2a: Calyrex|Glacial Lance|p1a: Rayquaza\n|-supereffective|p1a: Rayquaza\n|-damage|p1a: Rayquaza|0 fnt\n|faint|p1a: Rayquaza\n|-ability|p2a: Calyrex|Chilling Neigh|boost\n|-boost|p2a: Calyrex|atk|1\n|\n|upkeep\n|\n|t:|1699707182\n|switch|p1a: Zacian|Zacian-Crowned|100\/100\n|-damage|p1a: Zacian|94\/100|[from] Stealth Rock\n|-ability|p1a: Zacian|Intrepid Sword|boost\n|-boost|p1a: Zacian|atk|1\n|turn|21\n|\n|t:|1699707188\n|move|p2a: Calyrex|High Horsepower|p1a: Zacian|[miss]\n|-miss|p2a: Calyrex|p1a: Zacian\n|move|p1a: Zacian|Play Rough|p2a: Calyrex\n|-damage|p2a: Calyrex|7\/100\n|\n|upkeep\n|turn|22\n|\n|t:|1699707198\n|-terastallize|p1a: Zacian|Ground\n|move|p2a: Calyrex|High Horsepower|p1a: Zacian\n|-damage|p1a: Zacian|0 fnt\n|faint|p1a: Zacian\n|\n|win|tootmimi\n|raw|1 em trach thu's rating: 1691 &rarr; <strong>1666<\/strong><br \/>(-25 for losing)\n|raw|tootmimi's rating: 1606 &rarr; <strong>1631<\/strong><br \/>(+25 for winning)\n|l|\u26061 em trach thu\n|l|\u2606tootmimi\n","uploadtime":1699707240,"views":4,"p1id":"1emtrachthu","p2id":"tootmimi","formatid":"gen9nationaldexubers","rating":1631,"private":0,"password":""}