{"id":"gen9nationaldexubers-1986356013","p1":"Dominator296","p2":"babbona","format":"[Gen 9] National Dex Ubers","log":"|j|\u2606Dominator296\n|j|\u2606babbona\n|t:|1699471929\n|gametype|singles\n|player|p1|Dominator296|alder|1352\n|player|p2|babbona|ghetsis-gen5bw|1380\n|teamsize|p1|6\n|teamsize|p2|6\n|gen|9\n|tier|[Gen 9] National Dex Ubers\n|rated|\n|rule|HP Percentage Mod: HP is shown in percentages\n|rule|Endless Battle Clause: Forcing endless battles is banned\n|rule|OHKO Clause: OHKO moves are banned\n|rule|Evasion Moves Clause: Evasion moves are banned\n|rule|Evasion Items Clause: Evasion items are banned\n|rule|Species Clause: Limit one of each Pok\u00e9mon\n|rule|Sleep Clause Mod: Limit one foe put to sleep\n|rule|Mega Rayquaza Clause: You cannot mega evolve Rayquaza\n|clearpoke\n|poke|p1|Groudon|\n|poke|p1|Kyogre|\n|poke|p1|Necrozma-Dusk-Mane|\n|poke|p1|Tyranitar, F|\n|poke|p1|Arceus-Flying|\n|poke|p1|Dialga-Origin|\n|poke|p2|Zygarde|\n|poke|p2|Marshadow|\n|poke|p2|Mewtwo|\n|poke|p2|Necrozma-Dusk-Mane|\n|poke|p2|Solgaleo|\n|poke|p2|Shuckle, M|\n|teampreview\n|j| BeigeMemory\n|inactive|Battle timer is ON: inactive players will automatically lose when time's up. (requested by babbona)\n|l| BeigeMemory\n|\n|t:|1699471993\n|start\n|switch|p1a: Necrozma|Necrozma-Dusk-Mane|100\/100\n|switch|p2a: Dustin The Turkey|Shuckle, M|100\/100\n|turn|1\n|\n|t:|1699472013\n|move|p1a: Necrozma|Sunsteel Strike|p2a: Dustin The Turkey\n|-supereffective|p2a: Dustin The Turkey\n|-damage|p2a: Dustin The Turkey|21\/100\n|-enditem|p2a: Dustin The Turkey|Red Card|[of] p1a: Necrozma\n|drag|p1a: Dialga|Dialga-Origin|100\/100\n|-ability|p1a: Dialga|Pressure\n|move|p2a: Dustin The Turkey|Sticky Web|p1a: Dialga\n|-sidestart|p1: Dominator296|move: Sticky Web\n|\n|upkeep\n|turn|2\n|\n|t:|1699472028\n|move|p1a: Dialga|Flash Cannon|p2a: Dustin The Turkey\n|-supereffective|p2a: Dustin The Turkey\n|-damage|p2a: Dustin The Turkey|0 fnt\n|faint|p2a: Dustin The Turkey\n|\n|upkeep\n|\n|t:|1699472034\n|switch|p2a: Graham Norton|Mewtwo, shiny|100\/100\n|-ability|p2a: Graham Norton|Pressure\n|turn|3\n|\n|t:|1699472047\n|move|p2a: Graham Norton|Nasty Plot|p2a: Graham Norton\n|-boost|p2a: Graham Norton|spa|2\n|move|p1a: Dialga|Roar|p2a: Graham Norton\n|drag|p2a: K\u00e4\u00e4rij\u00e4|Marshadow|100\/100\n|\n|upkeep\n|turn|4\n|\n|t:|1699472057\n|move|p2a: K\u00e4\u00e4rij\u00e4|Drain Punch|p1a: Dialga\n|-supereffective|p1a: Dialga\n|-damage|p1a: Dialga|55\/100\n|move|p1a: Dialga|Dragon Pulse|p2a: K\u00e4\u00e4rij\u00e4\n|-damage|p2a: K\u00e4\u00e4rij\u00e4|40\/100\n|\n|upkeep\n|turn|5\n|\n|t:|1699472063\n|move|p2a: K\u00e4\u00e4rij\u00e4|Drain Punch|p1a: Dialga\n|-supereffective|p1a: Dialga\n|-damage|p1a: Dialga|8\/100\n|-heal|p2a: K\u00e4\u00e4rij\u00e4|68\/100|[from] drain|[of] p1a: Dialga\n|move|p1a: Dialga|Dragon Pulse|p2a: K\u00e4\u00e4rij\u00e4\n|-damage|p2a: K\u00e4\u00e4rij\u00e4|0 fnt\n|faint|p2a: K\u00e4\u00e4rij\u00e4\n|\n|upkeep\n|\n|t:|1699472069\n|switch|p2a: Loreen|Zygarde, shiny|100\/100\n|turn|6\n|\n|t:|1699472081\n|move|p2a: Loreen|Extreme Speed|p1a: Dialga\n|-resisted|p1a: Dialga\n|-damage|p1a: Dialga|0 fnt\n|faint|p1a: Dialga\n|\n|upkeep\n|\n|t:|1699472086\n|switch|p1a: Necrozma|Necrozma-Dusk-Mane|100\/100\n|-activate|p1a: Necrozma|move: Sticky Web\n|-unboost|p1a: Necrozma|spe|1\n|turn|7\n|\n|t:|1699472092\n|detailschange|p1a: Necrozma|Necrozma-Ultra\n|-burst|p1a: Necrozma|Necrozma|Ultranecrozium Z\n|move|p2a: Loreen|Dragon Dance|p2a: Loreen\n|-boost|p2a: Loreen|atk|1\n|-boost|p2a: Loreen|spe|1\n|move|p1a: Necrozma|Stealth Rock|p2a: Loreen\n|-sidestart|p2: babbona|move: Stealth Rock\n|\n|upkeep\n|turn|8\n|\n|t:|1699472099\n|-terastallize|p2a: Loreen|Normal\n|move|p2a: Loreen|Extreme Speed|p1a: Necrozma\n|-damage|p1a: Necrozma|45\/100\n|-zpower|p1a: Necrozma\n|move|p1a: Necrozma|Light That Burns the Sky|p2a: Loreen|[zeffect]\n|-damage|p2a: Loreen|0 fnt\n|faint|p2a: Loreen\n|\n|upkeep\n|\n|t:|1699472108\n|switch|p2a: Graham Norton|Mewtwo, shiny|100\/100\n|-damage|p2a: Graham Norton|88\/100|[from] Stealth Rock\n|-ability|p2a: Graham Norton|Pressure\n|turn|9\n|\n|t:|1699472131\n|move|p2a: Graham Norton|Nasty Plot|p2a: Graham Norton\n|-boost|p2a: Graham Norton|spa|2\n|move|p1a: Necrozma|Thunder Wave|p2a: Graham Norton\n|-status|p2a: Graham Norton|par\n|\n|upkeep\n|turn|10\n|\n|t:|1699472142\n|detailschange|p2a: Graham Norton|Mewtwo-Mega-Y, shiny\n|-mega|p2a: Graham Norton|Mewtwo|Mewtwonite Y\n|move|p1a: Necrozma|Sunsteel Strike|p2a: Graham Norton\n|-damage|p2a: Graham Norton|29\/100 par\n|move|p2a: Graham Norton|Ice Beam|p1a: Necrozma\n|-supereffective|p1a: Necrozma\n|-damage|p1a: Necrozma|0 fnt\n|faint|p1a: Necrozma\n|\n|upkeep\n|\n|t:|1699472153\n|switch|p1a: Arceus|Arceus-Flying|100\/100\n|turn|11\n|\n|t:|1699472158\n|move|p1a: Arceus|Judgment|p2a: Graham Norton\n|-damage|p2a: Graham Norton|0 fnt\n|faint|p2a: Graham Norton\n|\n|upkeep\n|\n|t:|1699472161\n|switch|p2a: The Arockalypse|Necrozma-Dusk-Mane|100\/100\n|-damage|p2a: The Arockalypse|95\/100|[from] Stealth Rock\n|turn|12\n|\n|t:|1699472175\n|switch|p1a: Kyogre|Kyogre|100\/100\n|-activate|p1a: Kyogre|move: Sticky Web\n|-unboost|p1a: Kyogre|spe|1\n|-weather|RainDance|[from] ability: Drizzle|[of] p1a: Kyogre\n|move|p2a: The Arockalypse|Dragon Dance|p2a: The Arockalypse\n|-boost|p2a: The Arockalypse|atk|1\n|-boost|p2a: The Arockalypse|spe|1\n|\n|-weather|RainDance|[upkeep]\n|upkeep\n|turn|13\n|\n|t:|1699472181\n|move|p2a: The Arockalypse|Dragon Dance|p2a: The Arockalypse\n|-boost|p2a: The Arockalypse|atk|1\n|-boost|p2a: The Arockalypse|spe|1\n|move|p1a: Kyogre|Ice Beam|p2a: The Arockalypse\n|-resisted|p2a: The Arockalypse\n|-damage|p2a: The Arockalypse|77\/100\n|\n|-weather|RainDance|[upkeep]\n|upkeep\n|turn|14\n|\n|t:|1699472188\n|detailschange|p2a: The Arockalypse|Necrozma-Ultra\n|-burst|p2a: The Arockalypse|Necrozma|Ultranecrozium Z\n|move|p2a: The Arockalypse|Photon Geyser|p1a: Kyogre\n|-crit|p1a: Kyogre\n|-damage|p1a: Kyogre|0 fnt\n|faint|p1a: Kyogre\n|\n|-weather|RainDance|[upkeep]\n|upkeep\n|\n|t:|1699472201\n|switch|p1a: Arceus|Arceus-Flying|100\/100\n|turn|15\n|\n|t:|1699472206\n|-zpower|p2a: The Arockalypse\n|move|p2a: The Arockalypse|Light That Burns the Sky|p1a: Arceus|[zeffect]\n|-damage|p1a: Arceus|0 fnt\n|faint|p1a: Arceus\n|\n|-weather|RainDance|[upkeep]\n|upkeep\n|\n|t:|1699472213\n|switch|p1a: Groudon|Groudon|100\/100\n|-activate|p1a: Groudon|move: Sticky Web\n|-unboost|p1a: Groudon|spe|1\n|detailschange|p1a: Groudon|Groudon-Primal\n|-primal|p1a: Groudon|Red Orb\n|-weather|DesolateLand|[from] ability: Desolate Land|[of] p1a: Groudon\n|turn|16\n|\n|t:|1699472215\n|move|p2a: The Arockalypse|Earthquake|p1a: Groudon\n|-supereffective|p1a: Groudon\n|-damage|p1a: Groudon|0 fnt\n|faint|p1a: Groudon\n|-weather|none\n|\n|upkeep\n|-message|Dominator296 forfeited.\n|\n|win|babbona\n|raw|Dominator296's rating: 1352 &rarr; <strong>1334<\/strong><br \/>(-18 for losing)\n|raw|babbona's rating: 1380 &rarr; <strong>1398<\/strong><br \/>(+18 for winning)\n|l|\u2606Dominator296\n","uploadtime":1699472263,"views":5,"p1id":"dominator296","p2id":"babbona","formatid":"gen9nationaldexubers","rating":1334,"private":0,"password":""}